{"id":"gen9vgc2023regulationc-1850000631","p1":"tricepso","p2":"Tut Tut le scooter","format":"[Gen 9] VGC 2023 Regulation C","log":"|j|\u2606tricepso\n|j|\u2606Tut Tut le scooter\n|t:|1682276672\n|gametype|doubles\n|player|p1|tricepso|dendra|\n|player|p2|Tut Tut le scooter|aromalady|\n|teamsize|p1|6\n|teamsize|p2|6\n|gen|9\n|tier|[Gen 9] VGC 2023 Regulation C\n|rule|Species Clause: Limit one of each Pok\u00e9mon\n|rule|Item Clause: Limit one of each item\n|clearpoke\n|poke|p1|Flutter Mane, L50|\n|poke|p1|Amoonguss, L50, F|\n|poke|p1|Palafin, L50, M|\n|poke|p1|Ting-Lu, L50|\n|poke|p1|Arcanine, L50, F|\n|poke|p1|Forretress, L50, F|\n|poke|p2|Amoonguss, L50, F|\n|poke|p2|Flutter Mane, L50|\n|poke|p2|Grimmsnarl, L50, M|\n|poke|p2|Arcanine, L50, M|\n|poke|p2|Palafin, L50, M|\n|poke|p2|Roaring Moon, L50|\n|teampreview|4\n|c|\u2606Tut Tut le scooter|g2\n|c|\u2606tricepso|g2\n|j| Tangent\u00b2Phi\u00b3 \u00bf?\n|j| gataen42\n|j| Ewmpt\ntricepso has agreed to open team sheets.\n|j| BAN CHIEN PAO 2\n|j| joaofelixsimp\n|j| Nineveh\n|j| MarioReLSD\n|j| Alekso\n|j| Heika\n|j| Hurtadoo\n|\n|t:|1682277977\n|start\n|switch|p1a: Palafin|Palafin, L50, M|100\/100\n|switch|p1b: Forretress|Forretress, L50, F|100\/100\n|switch|p2a: Arcanine|Arcanine, L50, M|100\/100\n|switch|p2b: Flutter Mane|Flutter Mane, L50|100\/100\n|-ability|p2a: Arcanine|Intimidate|boost\n|-unboost|p1a: Palafin|atk|1\n|-unboost|p1b: Forretress|atk|1\n|turn|1\n|j| Elyoss\n|\n|t:|1682278027\n|-end|p2b: Flutter Mane|Protosynthesis|[silent]\n|switch|p2b: Amoonguss|Amoonguss, L50, F|100\/100\n|detailschange|p1a: Palafin|Palafin-Hero, L50, M\n|switch|p1a: Amoonguss|Amoonguss, L50, F|100\/100\n|switch|p1b: Arcanine|Arcanine, L50, F|100\/100\n|-ability|p1b: Arcanine|Intimidate|boost\n|-unboost|p2a: Arcanine|atk|1\n|-unboost|p2b: Amoonguss|atk|1\n|move|p2a: Arcanine|Will-O-Wisp|p1b: Arcanine\n|-immune|p1b: Arcanine\n|\n|upkeep\n|turn|2\n|\n|t:|1682278055\n|switch|p2a: Roaring Moon|Roaring Moon, L50|100\/100\n|-enditem|p2a: Roaring Moon|Booster Energy\n|-activate|p2a: Roaring Moon|ability: Protosynthesis|[fromitem]\n|-start|p2a: Roaring Moon|protosynthesisatk\n|move|p2b: Amoonguss|Protect|p2b: Amoonguss\n|-singleturn|p2b: Amoonguss|Protect\n|move|p1a: Amoonguss|Protect|p1a: Amoonguss\n|-singleturn|p1a: Amoonguss|Protect\n|move|p1b: Arcanine|Flare Blitz|p2b: Amoonguss\n|-activate|p2b: Amoonguss|move: Protect\n|\n|upkeep\n|turn|3\n|\n|t:|1682278089\n|switch|p2b: Arcanine|Arcanine, L50, M|100\/100\n|-ability|p2b: Arcanine|Intimidate|boost\n|-unboost|p1a: Amoonguss|atk|1\n|-unboost|p1b: Arcanine|atk|1\n|switch|p1a: Forretress|Forretress, L50, F|100\/100\n|-terastallize|p2a: Roaring Moon|Flying\n|move|p2a: Roaring Moon|Acrobatics|p1b: Arcanine\n|-damage|p1b: Arcanine|18\/100\n|move|p1b: Arcanine|Will-O-Wisp|p2a: Roaring Moon\n|-status|p2a: Roaring Moon|brn\n|\n|-damage|p2a: Roaring Moon|94\/100 brn|[from] brn\n|upkeep\n|turn|4\n|\n|t:|1682278118\n|switch|p1b: Palafin|Palafin-Hero, L50, M|100\/100\n|-activate|p1b: Palafin|ability: Zero to Hero\n|-terastallize|p1a: Forretress|Water\n|move|p2a: Roaring Moon|Dragon Dance|p2a: Roaring Moon\n|-boost|p2a: Roaring Moon|atk|1\n|-boost|p2a: Roaring Moon|spe|1\n|move|p2b: Arcanine|Howl|p2b: Arcanine|[spread] p2a,p2b\n|-boost|p2a: Roaring Moon|atk|1\n|-boost|p2b: Arcanine|atk|1\n|move|p1a: Forretress|Iron Defense|p1a: Forretress\n|-boost|p1a: Forretress|def|2\n|\n|-damage|p2a: Roaring Moon|88\/100 brn|[from] brn\n|upkeep\n|turn|5\n|\n|t:|1682278186\n|switch|p2b: Amoonguss|Amoonguss, L50, F|100\/100\n|move|p2a: Roaring Moon|Protect|p2a: Roaring Moon\n|-singleturn|p2a: Roaring Moon|Protect\n|move|p1b: Palafin|Protect|p1b: Palafin\n|-singleturn|p1b: Palafin|Protect\n|move|p1a: Forretress|Body Press|p2b: Amoonguss\n|-resisted|p2b: Amoonguss\n|-damage|p2b: Amoonguss|82\/100\n|\n|-damage|p2a: Roaring Moon|82\/100 brn|[from] brn\n|upkeep\n|turn|6\n|\n|t:|1682278228\n|switch|p1b: Arcanine|Arcanine, L50, F|18\/100\n|-ability|p1b: Arcanine|Intimidate|boost\n|-unboost|p2a: Roaring Moon|atk|1\n|-unboost|p2b: Amoonguss|atk|1\n|move|p2b: Amoonguss|Rage Powder|p2b: Amoonguss\n|-singleturn|p2b: Amoonguss|move: Rage Powder\n|move|p2a: Roaring Moon|Acrobatics|p1b: Arcanine\n|-damage|p1b: Arcanine|0 fnt\n|faint|p1b: Arcanine\n|move|p1a: Forretress|Iron Defense|p1a: Forretress\n|-boost|p1a: Forretress|def|2\n|\n|-damage|p2a: Roaring Moon|76\/100 brn|[from] brn\n|upkeep\n|\n|t:|1682278236\n|switch|p1b: Palafin|Palafin-Hero, L50, M|100\/100\n|turn|7\n|\n|t:|1682278288\n|switch|p2b: Arcanine|Arcanine, L50, M|100\/100\n|-ability|p2b: Arcanine|Intimidate|boost\n|-unboost|p1a: Forretress|atk|1\n|-unboost|p1b: Palafin|atk|1\n|move|p1b: Palafin|Protect|p1b: Palafin\n|-singleturn|p1b: Palafin|Protect\n|move|p2a: Roaring Moon|Acrobatics|p1b: Palafin\n|-activate|p1b: Palafin|move: Protect\n|move|p1a: Forretress|Body Press|p2a: Roaring Moon\n|-resisted|p2a: Roaring Moon\n|-damage|p2a: Roaring Moon|31\/100 brn\n|\n|-damage|p2a: Roaring Moon|25\/100 brn|[from] brn\n|upkeep\n|turn|8\n|\n|t:|1682278338\n|switch|p2b: Amoonguss|Amoonguss, L50, F|100\/100\n|move|p2a: Roaring Moon|Protect|p2a: Roaring Moon\n|-singleturn|p2a: Roaring Moon|Protect\n|move|p1b: Palafin|Wave Crash|p2b: Amoonguss\n|-resisted|p2b: Amoonguss\n|-damage|p2b: Amoonguss|76\/100\n|-damage|p1b: Palafin|92\/100|[from] Recoil\n|move|p1a: Forretress|Body Press|p2a: Roaring Moon\n|-activate|p2a: Roaring Moon|move: Protect\n|\n|-damage|p2a: Roaring Moon|19\/100 brn|[from] brn\n|upkeep\n|turn|9\n|\n|t:|1682278381\n|move|p1b: Palafin|Protect|p1b: Palafin\n|-singleturn|p1b: Palafin|Protect\n|move|p2b: Amoonguss|Rage Powder|p2b: Amoonguss\n|-singleturn|p2b: Amoonguss|move: Rage Powder\n|move|p2a: Roaring Moon|Acrobatics|p1b: Palafin\n|-activate|p1b: Palafin|move: Protect\n|move|p1a: Forretress|Body Press|p2a: Roaring Moon\n|-resisted|p2a: Roaring Moon\n|-damage|p2a: Roaring Moon|0 fnt\n|faint|p2a: Roaring Moon\n|-end|p2a: Roaring Moon|Protosynthesis|[silent]\n|\n|upkeep\n|\n|t:|1682278383\n|switch|p2a: Arcanine|Arcanine, L50, M|100\/100\n|-ability|p2a: Arcanine|Intimidate|boost\n|-unboost|p1a: Forretress|atk|1\n|-unboost|p1b: Palafin|atk|1\n|turn|10\n|c| gataen42|overcoated\n|\n|t:|1682278399\n|switch|p1b: Amoonguss|Amoonguss, L50, F|100\/100\n|move|p2b: Amoonguss|Rage Powder|p2b: Amoonguss\n|-singleturn|p2b: Amoonguss|move: Rage Powder\n|move|p2a: Arcanine|Will-O-Wisp|p1a: Forretress\n|-status|p1a: Forretress|brn\n|move|p1a: Forretress|Body Press|p2a: Arcanine\n|-damage|p2a: Arcanine|57\/100\n|\n|-damage|p1a: Forretress|94\/100 brn|[from] brn\n|upkeep\n|turn|11\n|l|tangentphi\n|\n|t:|1682278422\n|move|p2a: Arcanine|Howl|p2a: Arcanine|[spread] p2a,p2b\n|-boost|p2a: Arcanine|atk|1\n|-boost|p2b: Amoonguss|atk|1\n|move|p1a: Forretress|Body Press|p2a: Arcanine\n|-crit|p2a: Arcanine\n|-damage|p2a: Arcanine|0 fnt\n|faint|p2a: Arcanine\n|move|p2b: Amoonguss|Pollen Puff|p2: Arcanine|[notarget]\n|-fail|p2b: Amoonguss\n|move|p1b: Amoonguss|Spore|p2b: Amoonguss\n|-immune|p2b: Amoonguss\n|\n|-heal|p1a: Forretress|100\/100 brn|[from] item: Leftovers\n|-damage|p1a: Forretress|94\/100 brn|[from] brn\n|upkeep\n|c|\u2606Tut Tut le scooter|yes let's go\n|c| gataen42|ah bah so long\n|\n|t:|1682278465\n|switch|p2a: Flutter Mane|Flutter Mane, L50|100\/100\n|turn|12\n|-message|Tut Tut le scooter forfeited.\n|\n|win|tricepso\n|c| MarioReLSD|FORETRESSSSSSSSSSSSSSSSSSSSSSSSSSSSSSSSSSSSSSSSSSSSSSSSS\n|l| Alekso\n|l| Elyoss\n|l| Hurtadoo\n|l| MarioReLSD\n|c| gataen42|mdrrr gg tricepso tu remonte dans mon estime\n|l|\u2606Tut Tut le scooter\n|j| Micciu20250\n|c| joaofelixsimp|palamres je suis remont\u00e9 dans l'estime de gataean j'espere t'es fier ns\n|l| Micciu20250\n|c| gataen42|t'es qui ?\n|c| Heika|taki\n|j| zone 19\n|l| zone 19\n|l|\u2606tricepso\n|l| joaofelixsimp\n|l| gataen42\n|l| Ewmpt\n|l| Nineveh\n|l| Heika\n|j| Tangent\u00b2Phi\u00b3 \u00bf?\n","uploadtime":1682278561,"views":11,"p1id":"tricepso","p2id":"tuttutlescooter","formatid":"gen9vgc2023regulationc","rating":0,"private":0,"password":""}