{"id":"gen9vgc2023regulationc-1847040431","p1":"NEW META ONLY69","p2":"ANTIVALLEY","format":"[Gen 9] VGC 2023 Regulation C","log":"|j|\u2606NEW META ONLY69\n|j|\u2606ANTIVALLEY\n|t:|1681914069\n|gametype|doubles\n|player|p1|NEW META ONLY69|linebacker|1192\n|player|p2|ANTIVALLEY|penny|1203\n|teamsize|p1|6\n|teamsize|p2|6\n|gen|9\n|tier|[Gen 9] VGC 2023 Regulation C\n|rated|\n|rule|Species Clause: Limit one of each Pok\u00e9mon\n|rule|Item Clause: Limit one of each item\n|clearpoke\n|poke|p1|Garganacl, L50, F|\n|poke|p1|Annihilape, L50, M|\n|poke|p1|Grafaiai, L50, M|\n|poke|p1|Gholdengo, L50|\n|poke|p1|Iron Bundle, L50|\n|poke|p1|Chi-Yu, L50|\n|poke|p2|Lycanroc, L50, F|\n|poke|p2|Tyranitar, L50, M|\n|poke|p2|Flutter Mane, L50|\n|poke|p2|Chi-Yu, L50|\n|poke|p2|Farigiraf, L50, M|\n|poke|p2|Gyarados, L50, F|\n|teampreview|4\nANTIVALLEY rejected open team sheets.\n|inactive|Battle timer is ON: inactive players will automatically lose when time's up. (requested by NEW META ONLY69)\n|\n|t:|1681914155\n|start\n|switch|p1a: Annihilape|Annihilape, L50, M|100\/100\n|switch|p1b: Grafaiai|Grafaiai, L50, M|100\/100\n|switch|p2a: Flutter Mane|Flutter Mane, L50|100\/100\n|switch|p2b: Chi-Yu|Chi-Yu, L50|100\/100\n|-ability|p2b: Chi-Yu|Beads of Ruin\n|-enditem|p2a: Flutter Mane|Booster Energy\n|-activate|p2a: Flutter Mane|ability: Protosynthesis|[fromitem]\n|-start|p2a: Flutter Mane|protosynthesisspe\n|turn|1\n|inactive|NEW META ONLY69 has 30 seconds left.\n|inactive|NEW META ONLY69 has 20 seconds left.\n|inactive|NEW META ONLY69 has 15 seconds left.\n|inactive|NEW META ONLY69 has 10 seconds left.\n|inactive|NEW META ONLY69 has 5 seconds left.\n|\n|t:|1681914210\n|move|p2a: Flutter Mane|Dazzling Gleam|p1a: Annihilape|[spread] p1a,p1b\n|-supereffective|p1a: Annihilape\n|-resisted|p1b: Grafaiai\n|-damage|p1a: Annihilape|53\/100\n|-damage|p1b: Grafaiai|69\/100\n|move|p2b: Chi-Yu|Heat Wave|p1b: Grafaiai|[spread] p1a,p1b\n|-damage|p1a: Annihilape|22\/100\n|-damage|p1b: Grafaiai|0 fnt\n|faint|p1b: Grafaiai\n|move|p1a: Annihilape|Drain Punch|p2b: Chi-Yu\n|-supereffective|p2b: Chi-Yu\n|-damage|p2b: Chi-Yu|0 fnt\n|-heal|p1a: Annihilape|52\/100|[from] drain|[of] p2b: Chi-Yu\n|faint|p2b: Chi-Yu\n|\n|upkeep\n|\n|t:|1681914224\n|switch|p1b: Garganacl|Garganacl, L50, F|100\/100\n|switch|p2b: Tyranitar|Tyranitar, L50, M|100\/100\n|-weather|Sandstorm|[from] ability: Sand Stream|[of] p2b: Tyranitar\n|turn|2\n|\n|t:|1681914233\n|-terastallize|p1b: Garganacl|Poison\n|move|p2a: Flutter Mane|Moonblast|p1a: Annihilape\n|-supereffective|p1a: Annihilape\n|-damage|p1a: Annihilape|0 fnt\n|faint|p1a: Annihilape\n|move|p2b: Tyranitar|Low Kick|p1b: Garganacl\n|-resisted|p1b: Garganacl\n|-damage|p1b: Garganacl|86\/100\n|move|p1b: Garganacl|Salt Cure|p2b: Tyranitar\n|-damage|p2b: Tyranitar|89\/100\n|-start|p2b: Tyranitar|Salt Cure\n|\n|-weather|Sandstorm|[upkeep]\n|-damage|p2a: Flutter Mane|94\/100|[from] Sandstorm\n|-damage|p1b: Garganacl|81\/100|[from] Sandstorm\n|-heal|p1b: Garganacl|86\/100|[from] item: Leftovers\n|-damage|p2b: Tyranitar|77\/100|[from] Salt Cure\n|upkeep\n|\n|t:|1681914247\n|switch|p1a: Gholdengo|Gholdengo, L50|100\/100\n|turn|3\n|\n|t:|1681914257\n|-terastallize|p2b: Tyranitar|Flying\n|move|p2a: Flutter Mane|Shadow Ball|p1a: Gholdengo\n|-supereffective|p1a: Gholdengo\n|-damage|p1a: Gholdengo|18\/100\n|-unboost|p1a: Gholdengo|spd|1\n|move|p1a: Gholdengo|Make It Rain|p2b: Tyranitar|[spread] p2a,p2b\n|-supereffective|p2a: Flutter Mane\n|-damage|p2a: Flutter Mane|0 fnt\n|-damage|p2b: Tyranitar|44\/100\n|-unboost|p1a: Gholdengo|spa|1\n|faint|p2a: Flutter Mane\n|-end|p2a: Flutter Mane|Protosynthesis|[silent]\n|move|p2b: Tyranitar|Assurance|p1a: Gholdengo\n|-supereffective|p1a: Gholdengo\n|-crit|p1a: Gholdengo\n|-damage|p1a: Gholdengo|0 fnt\n|faint|p1a: Gholdengo\n|move|p1b: Garganacl|Salt Cure|p2b: Tyranitar\n|-supereffective|p2b: Tyranitar\n|-damage|p2b: Tyranitar|20\/100\n|\n|-weather|Sandstorm|[upkeep]\n|-damage|p2b: Tyranitar|15\/100|[from] Sandstorm\n|-damage|p1b: Garganacl|81\/100|[from] Sandstorm\n|-heal|p1b: Garganacl|86\/100|[from] item: Leftovers\n|-damage|p2b: Tyranitar|2\/100|[from] Salt Cure\n|upkeep\n|\n|t:|1681914271\n|switch|p2a: Gyarados|Gyarados, L50, F|100\/100\n|-ability|p2a: Gyarados|Intimidate|boost\n|-unboost|p1b: Garganacl|atk|1\n|turn|4\n|\n|t:|1681914286\n|move|p2a: Gyarados|Taunt|p1b: Garganacl\n|-start|p1b: Garganacl|move: Taunt\n|move|p2b: Tyranitar|Rock Slide|p1b: Garganacl\n|-damage|p1b: Garganacl|58\/100\n|move|p1b: Garganacl|Salt Cure|p2a: Gyarados\n|-supereffective|p2a: Gyarados\n|-damage|p2a: Gyarados|82\/100\n|-start|p2a: Gyarados|Salt Cure\n|\n|-weather|Sandstorm|[upkeep]\n|-damage|p2a: Gyarados|76\/100|[from] Sandstorm\n|-damage|p2b: Tyranitar|0 fnt|[from] Sandstorm\n|-damage|p1b: Garganacl|52\/100|[from] Sandstorm\n|faint|p2b: Tyranitar\n|-heal|p1b: Garganacl|58\/100|[from] item: Leftovers\n|-damage|p2a: Gyarados|51\/100|[from] Salt Cure\n|upkeep\n|turn|5\n|\n|t:|1681914301\n|move|p2a: Gyarados|Thunder Wave|p1b: Garganacl\n|-immune|p1b: Garganacl|[from] ability: Purifying Salt\n|move|p1b: Garganacl|Salt Cure|p2a: Gyarados\n|-supereffective|p2a: Gyarados\n|-damage|p2a: Gyarados|30\/100\n|-enditem|p2a: Gyarados|Sitrus Berry|[eat]\n|-heal|p2a: Gyarados|55\/100|[from] item: Sitrus Berry\n|\n|-weather|Sandstorm|[upkeep]\n|-damage|p2a: Gyarados|49\/100|[from] Sandstorm\n|-damage|p1b: Garganacl|52\/100|[from] Sandstorm\n|-heal|p1b: Garganacl|58\/100|[from] item: Leftovers\n|-damage|p2a: Gyarados|24\/100|[from] Salt Cure\n|upkeep\n|turn|6\n|c|\u2606NEW META ONLY69|looooooooool\n|\n|t:|1681914308\n|move|p2a: Gyarados|Waterfall|p1b: Garganacl\n|-damage|p1b: Garganacl|35\/100\n|move|p1b: Garganacl|Salt Cure|p2a: Gyarados\n|-supereffective|p2a: Gyarados\n|-damage|p2a: Gyarados|3\/100\n|\n|-weather|none\n|-heal|p1b: Garganacl|41\/100|[from] item: Leftovers\n|-damage|p2a: Gyarados|0 fnt|[from] Salt Cure\n|faint|p2a: Gyarados\n|\n|win|NEW META ONLY69\n|upkeep\n|raw|NEW META ONLY69's rating: 1192 → 1218<\/strong> (+26 for winning)\n|raw|ANTIVALLEY's rating: 1203 → 1177<\/strong> (-26 for losing)\n","uploadtime":1681914315,"views":6,"p1id":"newmetaonly69","p2id":"antivalley","formatid":"gen9vgc2023regulationc","rating":1177,"private":0,"password":""}