{"id":"gen9vgc2023regulationc-1855195140","p1":"Emberbloom","p2":"Pistone75","format":"[Gen 9] VGC 2023 Regulation C","log":"|j|\u2606Emberbloom\n|j|\u2606Pistone75\n|t:|1682913410\n|gametype|doubles\n|player|p1|Emberbloom|flannery|1402\n|player|p2|Pistone75|101|1312\n|teamsize|p1|6\n|teamsize|p2|6\n|gen|9\n|tier|[Gen 9] VGC 2023 Regulation C\n|rated|\n|rule|Species Clause: Limit one of each Pok\u00e9mon\n|rule|Item Clause: Limit one of each item\n|clearpoke\n|poke|p1|Corviknight, L50, M|\n|poke|p1|Tyranitar, L50, F|\n|poke|p1|Garchomp, L50, M|\n|poke|p1|Amoonguss, L50, F|\n|poke|p1|Arcanine, L50, F|\n|poke|p1|Iron Bundle, L50|\n|poke|p2|Ting-Lu, L50|\n|poke|p2|Amoonguss, L50, F|\n|poke|p2|Tyranitar, L50, M|\n|poke|p2|Orthworm, L50, F|\n|poke|p2|Iron Bundle, L50|\n|poke|p2|Medicham, L50, F|\n|teampreview|4\n|\n|t:|1682913444\n|start\n|switch|p1a: Arcanine|Arcanine, L50, F|100\/100\n|switch|p1b: Tyranitar|Tyranitar, L50, F, shiny|100\/100\n|switch|p2a: Iron Bundle|Iron Bundle, L50|100\/100\n|switch|p2b: Medicham|Medicham, L50, F|100\/100\n|-ability|p1a: Arcanine|Intimidate|boost\n|-unboost|p2a: Iron Bundle|atk|1\n|-fail|p2b: Medicham|unboost|[from] item: Clear Amulet|[of] p2b: Medicham\n|-weather|Sandstorm|[from] ability: Sand Stream|[of] p1b: Tyranitar\n|-enditem|p2a: Iron Bundle|Booster Energy\n|-activate|p2a: Iron Bundle|ability: Quark Drive|[fromitem]\n|-start|p2a: Iron Bundle|quarkdrivespe\n|turn|1\n|\n|t:|1682913467\n|-terastallize|p1b: Tyranitar|Flying\n|move|p2b: Medicham|Fake Out|p1a: Arcanine\n|-damage|p1a: Arcanine|80\/100\n|move|p2a: Iron Bundle|Icy Wind|p1a: Arcanine|[spread] p1a,p1b\n|-resisted|p1a: Arcanine\n|-supereffective|p1b: Tyranitar\n|-damage|p1a: Arcanine|72\/100\n|-damage|p1b: Tyranitar|77\/100\n|-unboost|p1a: Arcanine|spe|1\n|-unboost|p1b: Tyranitar|spe|1\n|cant|p1a: Arcanine|flinch\n|move|p1b: Tyranitar|Rock Slide|p2b: Medicham|[spread] p2a,p2b\n|-supereffective|p2a: Iron Bundle\n|-resisted|p2b: Medicham\n|-damage|p2a: Iron Bundle|32\/100\n|-damage|p2b: Medicham|74\/100\n|\n|-weather|Sandstorm|[upkeep]\n|-damage|p2a: Iron Bundle|26\/100|[from] Sandstorm\n|-damage|p2b: Medicham|68\/100|[from] Sandstorm\n|-damage|p1b: Tyranitar|71\/100|[from] Sandstorm\n|upkeep\n|turn|2\n|\n|t:|1682913488\n|switch|p1b: Corviknight|Corviknight, L50, M, shiny|100\/100\n|move|p1a: Arcanine|Extreme Speed|p2a: Iron Bundle\n|-crit|p2a: Iron Bundle\n|-damage|p2a: Iron Bundle|0 fnt\n|faint|p2a: Iron Bundle\n|-end|p2a: Iron Bundle|Quark Drive|[silent]\n|move|p2b: Medicham|High Jump Kick|p1a: Arcanine\n|-damage|p1a: Arcanine|0 fnt\n|faint|p1a: Arcanine\n|\n|-weather|Sandstorm|[upkeep]\n|-damage|p2b: Medicham|62\/100|[from] Sandstorm\n|upkeep\n|\n|t:|1682913498\n|switch|p2a: Tyranitar|Tyranitar, L50, M|100\/100\n|switch|p1a: Garchomp|Garchomp, L50, M|100\/100\n|turn|3\n|\n|t:|1682913524\n|switch|p2b: Ting-Lu|Ting-Lu, L50|100\/100\n|-ability|p2b: Ting-Lu|Vessel of Ruin\n|move|p2a: Tyranitar|Protect|p2a: Tyranitar\n|-singleturn|p2a: Tyranitar|Protect\n|move|p1a: Garchomp|Earthquake|p2b: Ting-Lu|[spread] p2b\n|-activate|p2a: Tyranitar|move: Protect\n|-immune|p1b: Corviknight\n|-damage|p2b: Ting-Lu|78\/100\n|move|p1b: Corviknight|Brave Bird|p2b: Ting-Lu\n|-damage|p2b: Ting-Lu|58\/100\n|-damage|p1b: Corviknight|92\/100|[from] Recoil\n|\n|-weather|Sandstorm|[upkeep]\n|upkeep\n|turn|4\n|\n|t:|1682913547\n|-terastallize|p2a: Tyranitar|Ghost\n|move|p1a: Garchomp|Rock Slide|p2b: Ting-Lu|[spread] p2a,p2b\n|-resisted|p2b: Ting-Lu\n|-damage|p2a: Tyranitar|87\/100\n|-damage|p2b: Ting-Lu|52\/100\n|move|p1b: Corviknight|Iron Head|p2b: Ting-Lu\n|-damage|p2b: Ting-Lu|38\/100\n|move|p2a: Tyranitar|Crunch|p1b: Corviknight\n|-damage|p1b: Corviknight|64\/100\n|-ability|p1b: Corviknight|Mirror Armor\n|-unboost|p2a: Tyranitar|def|1\n|move|p2b: Ting-Lu|Fissure|p1a: Garchomp|[miss]\n|-miss|p2b: Ting-Lu|p1a: Garchomp\n|\n|-weather|Sandstorm|[upkeep]\n|-damage|p2a: Tyranitar|81\/100|[from] Sandstorm\n|upkeep\n|turn|5\n|\n|t:|1682913567\n|move|p2a: Tyranitar|Protect|p2a: Tyranitar\n|-singleturn|p2a: Tyranitar|Protect\n|move|p1a: Garchomp|Earthquake|p2b: Ting-Lu|[spread] p2b\n|-activate|p2a: Tyranitar|move: Protect\n|-immune|p1b: Corviknight\n|-damage|p2b: Ting-Lu|18\/100\n|move|p1b: Corviknight|Brave Bird|p2a: Tyranitar\n|-activate|p2a: Tyranitar|move: Protect\n|move|p2b: Ting-Lu|Stomping Tantrum|p1a: Garchomp\n|-damage|p1a: Garchomp|19\/100\n|\n|-weather|none\n|upkeep\n|turn|6\n|\n|t:|1682913591\n|switch|p1b: Tyranitar|Tyranitar, L50, F, shiny, tera:Flying|71\/100\n|-weather|Sandstorm|[from] ability: Sand Stream|[of] p1b: Tyranitar\n|move|p1a: Garchomp|Earthquake|p2b: Ting-Lu|[spread] p2a,p2b\n|-immune|p1b: Tyranitar\n|-damage|p2a: Tyranitar|40\/100\n|-damage|p2b: Ting-Lu|0 fnt\n|faint|p2b: Ting-Lu\n|move|p2a: Tyranitar|Rock Slide|p1b: Tyranitar|[spread] p1a,p1b\n|-resisted|p1a: Garchomp\n|-supereffective|p1b: Tyranitar\n|-damage|p1a: Garchomp|7\/100\n|-damage|p1b: Tyranitar|33\/100\n|\n|-weather|Sandstorm|[upkeep]\n|-damage|p2a: Tyranitar|34\/100|[from] Sandstorm\n|-damage|p1b: Tyranitar|27\/100|[from] Sandstorm\n|upkeep\n|\n|t:|1682913602\n|switch|p2b: Medicham|Medicham, L50, F|62\/100\n|turn|7\n|\n|t:|1682913648\n|move|p2b: Medicham|Fake Out|p1a: Garchomp\n|-damage|p1a: Garchomp|0 fnt\n|faint|p1a: Garchomp\n|move|p2a: Tyranitar|Rock Slide|p1b: Tyranitar\n|-supereffective|p1b: Tyranitar\n|-damage|p1b: Tyranitar|0 fnt\n|faint|p1b: Tyranitar\n|\n|-weather|Sandstorm|[upkeep]\n|-damage|p2b: Medicham|56\/100|[from] Sandstorm\n|-damage|p2a: Tyranitar|28\/100|[from] Sandstorm\n|upkeep\n|\n|t:|1682913651\n|switch|p1b: Corviknight|Corviknight, L50, M, shiny|64\/100\n|turn|8\n|\n|t:|1682913670\n|move|p1b: Corviknight|Brave Bird|p2a: Tyranitar\n|-damage|p2a: Tyranitar|0 fnt\n|faint|p2a: Tyranitar\n|-damage|p1b: Corviknight|56\/100|[from] Recoil\n|move|p2b: Medicham|High Jump Kick|p1b: Corviknight\n|-damage|p1b: Corviknight|0 fnt\n|faint|p1b: Corviknight\n|\n|win|Pistone75\n|raw|Emberbloom's rating: 1402 → 1377<\/strong> (-25 for losing)\n|raw|Pistone75's rating: 1312 → 1337<\/strong> (+25 for winning)\n","uploadtime":1682913679,"views":26,"p1id":"emberbloom","p2id":"pistone75","formatid":"gen9vgc2023regulationc","rating":1337,"private":0,"password":""}