{"id":"gen9vgc2023regulationc-1845572511","p1":"blaziken520988","p2":"Au196","format":"[Gen 9] VGC 2023 Regulation C","log":"|j|\u2606blaziken520988\n|j|\u2606Au196\n|t:|1681746083\n|gametype|doubles\n|player|p1|blaziken520988|265|1094\n|player|p2|Au196|ethan-gen2c|1054\n|teamsize|p1|6\n|teamsize|p2|6\n|gen|9\n|tier|[Gen 9] VGC 2023 Regulation C\n|rated|\n|rule|Species Clause: Limit one of each Pok\u00e9mon\n|rule|Item Clause: Limit one of each item\n|clearpoke\n|poke|p1|Palafin, L50, M|\n|poke|p1|Kingambit, L50, F|\n|poke|p1|Grimmsnarl, L50, M|\n|poke|p1|Gholdengo, L50|\n|poke|p1|Arcanine, L50, F|\n|poke|p1|Flutter Mane, L50|\n|poke|p2|Dragapult, L50, M|\n|poke|p2|Arcanine, L50, F|\n|poke|p2|Amoonguss, L50, F|\n|poke|p2|Corviknight, L50, M|\n|poke|p2|Flutter Mane, L50|\n|poke|p2|Meowscarada, L50, M|\n|teampreview|4\n|\n|t:|1681746118\n|start\n|switch|p1a: Grimmsnarl|Grimmsnarl, L50, M|100\/100\n|switch|p1b: Palafin|Palafin, L50, M|100\/100\n|switch|p2a: Arcanine|Arcanine, L50, F|100\/100\n|switch|p2b: Flutter Mane|Flutter Mane, L50|100\/100\n|-ability|p2a: Arcanine|Intimidate|boost\n|-unboost|p1a: Grimmsnarl|atk|1\n|-unboost|p1b: Palafin|atk|1\n|-enditem|p2b: Flutter Mane|Booster Energy\n|-activate|p2b: Flutter Mane|ability: Protosynthesis|[fromitem]\n|-start|p2b: Flutter Mane|protosynthesisspa\n|turn|1\n|\n|t:|1681746141\n|detailschange|p1b: Palafin|Palafin-Hero, L50, M\n|switch|p1b: Gholdengo|Gholdengo, L50|100\/100\n|move|p1a: Grimmsnarl|Light Screen|p1a: Grimmsnarl\n|-sidestart|p1: blaziken520988|move: Light Screen\n|move|p2b: Flutter Mane|Moonblast|p1a: Grimmsnarl\n|-supereffective|p1a: Grimmsnarl\n|-damage|p1a: Grimmsnarl|0 fnt\n|faint|p1a: Grimmsnarl\n|move|p2a: Arcanine|Flare Blitz|p1b: Gholdengo\n|-supereffective|p1b: Gholdengo\n|-crit|p1b: Gholdengo\n|-damage|p1b: Gholdengo|0 fnt\n|faint|p1b: Gholdengo\n|-damage|p2a: Arcanine|74\/100|[from] Recoil\n|\n|upkeep\n|\n|t:|1681746158\n|switch|p1b: Kingambit|Kingambit, L50, F|100\/100\n|switch|p1a: Palafin|Palafin-Hero, L50, M|100\/100\n|-activate|p1a: Palafin|ability: Zero to Hero\n|turn|2\n|\n|t:|1681746181\n|switch|p2a: Amoonguss|Amoonguss, L50, F|100\/100\n|-terastallize|p2b: Flutter Mane|Water\n|-terastallize|p1b: Kingambit|Flying\n|move|p1a: Palafin|Protect|p1a: Palafin\n|-singleturn|p1a: Palafin|Protect\n|move|p2b: Flutter Mane|Thunderbolt|p1a: Palafin\n|-activate|p1a: Palafin|move: Protect\n|move|p1b: Kingambit|Iron Head|p2b: Flutter Mane\n|-resisted|p2b: Flutter Mane\n|-damage|p2b: Flutter Mane|64\/100\n|\n|upkeep\n|turn|3\n|\n|t:|1681746215\n|move|p2b: Flutter Mane|Protect|p2b: Flutter Mane\n|-singleturn|p2b: Flutter Mane|Protect\n|move|p1a: Palafin|Jet Punch|p2b: Flutter Mane\n|-activate|p2b: Flutter Mane|move: Protect\n|move|p1b: Kingambit|Kowtow Cleave|p2a: Amoonguss\n|-damage|p2a: Amoonguss|59\/100\n|move|p2a: Amoonguss|Spore|p1b: Kingambit\n|-status|p1b: Kingambit|slp|[from] move: Spore\n|\n|upkeep\n|turn|4\n|inactive|Battle timer is ON: inactive players will automatically lose when time's up. (requested by blaziken520988)\n|inactive|Au196 has 60 seconds left.\n|inactive|Au196 has 30 seconds left.\n|inactive|Au196 has 20 seconds left.\n|inactive|Au196 has 15 seconds left.\n|inactive|Au196 has 10 seconds left.\n|inactive|Au196 has 5 seconds left.\n|\n|t:|1681746531\n|move|p1a: Palafin|Jet Punch|p2b: Flutter Mane\n|-resisted|p2b: Flutter Mane\n|-damage|p2b: Flutter Mane|30\/100\n|move|p2b: Flutter Mane|Shadow Ball|p1a: Palafin\n|-damage|p1a: Palafin|63\/100\n|cant|p1b: Kingambit|slp\n|move|p2a: Amoonguss|Pollen Puff|p1b: Kingambit\n|-resisted|p1b: Kingambit\n|-damage|p1b: Kingambit|96\/100 slp\n|\n|upkeep\n|turn|5\n|inactive|blaziken520988 has 30 seconds left.\n|inactive|Au196 has 30 seconds left.\n|inactive|Au196 has 20 seconds left.\n|inactive|Au196 has 15 seconds left.\n|inactive|Au196 has 10 seconds left.\n|inactive|Au196 has 5 seconds left.\n|\n|t:|1681746586\n|move|p1a: Palafin|Jet Punch|p2a: Amoonguss\n|-resisted|p2a: Amoonguss\n|-damage|p2a: Amoonguss|42\/100\n|-enditem|p2a: Amoonguss|Sitrus Berry|[eat]\n|-heal|p2a: Amoonguss|67\/100|[from] item: Sitrus Berry\n|move|p2b: Flutter Mane|Shadow Ball|p1b: Kingambit\n|-damage|p1b: Kingambit|70\/100 slp\n|cant|p1b: Kingambit|slp\n|move|p2a: Amoonguss|Pollen Puff|p1b: Kingambit\n|-resisted|p1b: Kingambit\n|-crit|p1b: Kingambit\n|-damage|p1b: Kingambit|60\/100 slp\n|\n|upkeep\n|turn|6\n|inactive|Au196 has 30 seconds left.\n|inactive|Au196 has 20 seconds left.\n|inactive|Au196 has 15 seconds left.\n|inactive|Au196 has 10 seconds left.\n|inactive|Au196 has 5 seconds left.\n|\n|t:|1681746642\n|move|p1a: Palafin|Jet Punch|p2a: Amoonguss\n|-resisted|p2a: Amoonguss\n|-damage|p2a: Amoonguss|52\/100\n|move|p2b: Flutter Mane|Shadow Ball|p1a: Palafin\n|-damage|p1a: Palafin|28\/100\n|-enditem|p1a: Palafin|Sitrus Berry|[eat]\n|-heal|p1a: Palafin|53\/100|[from] item: Sitrus Berry\n|-curestatus|p1b: Kingambit|slp|[msg]\n|move|p1b: Kingambit|Kowtow Cleave|p2a: Amoonguss\n|-damage|p2a: Amoonguss|13\/100\n|move|p2a: Amoonguss|Pollen Puff|p1a: Palafin\n|-damage|p1a: Palafin|41\/100\n|\n|upkeep\n|turn|7\n|inactive|Au196 has 30 seconds left.\n|inactive|Au196 has 20 seconds left.\n|inactive|Au196 has 15 seconds left.\n|inactive|Au196 has 10 seconds left.\n|inactive|Au196 has 5 seconds left.\n|\n|t:|1681746697\n|move|p1a: Palafin|Jet Punch|p2a: Amoonguss\n|-resisted|p2a: Amoonguss\n|-damage|p2a: Amoonguss|0 fnt\n|faint|p2a: Amoonguss\n|move|p1b: Kingambit|Sucker Punch|p2b: Flutter Mane\n|-damage|p2b: Flutter Mane|0 fnt\n|faint|p2b: Flutter Mane\n|-end|p2b: Flutter Mane|Protosynthesis|[silent]\n|\n|upkeep\n|inactive|Au196 has 30 seconds left.\n|inactive|Au196 has 20 seconds left.\n|inactive|Au196 has 15 seconds left.\n|inactive|Au196 has 10 seconds left.\n|inactive|Au196 has 5 seconds left.\n|\n|t:|1681746752\n|switch|p2b: Arcanine|Arcanine, L50, F|74\/100\n|switch|p2a: Meowscarada|Meowscarada, L50, M|100\/100\n|-ability|p2b: Arcanine|Intimidate|boost\n|-unboost|p1a: Palafin|atk|1\n|-unboost|p1b: Kingambit|atk|1\n|-ability|p1b: Kingambit|Defiant|boost\n|-boost|p1b: Kingambit|atk|2\n|turn|8\n|inactive|Au196 has 30 seconds left.\n|inactive|Au196 has 20 seconds left.\n|inactive|Au196 has 15 seconds left.\n|inactive|Au196 has 10 seconds left.\n|inactive|Au196 has 5 seconds left.\n|\n|t:|1681746807\n|move|p1a: Palafin|Protect|p1a: Palafin\n|-singleturn|p1a: Palafin|Protect\n|move|p2a: Meowscarada|Sucker Punch||[still]\n|-fail|p2a: Meowscarada\n|move|p2b: Arcanine|Close Combat|p1b: Kingambit\n|-resisted|p1b: Kingambit\n|-damage|p1b: Kingambit|46\/100\n|-unboost|p2b: Arcanine|def|1\n|-unboost|p2b: Arcanine|spd|1\n|move|p1b: Kingambit|Iron Head|p2a: Meowscarada\n|-damage|p2a: Meowscarada|0 fnt\n|faint|p2a: Meowscarada\n|\n|-sideend|p1: blaziken520988|move: Light Screen\n|upkeep\n|turn|9\n|inactive|Au196 has 30 seconds left.\n|inactive|Au196 has 20 seconds left.\n|inactive|Au196 has 15 seconds left.\n|inactive|Au196 has 10 seconds left.\n|inactive|Au196 has 5 seconds left.\n|\n|t:|1681746862\n|move|p1a: Palafin|Jet Punch|p2b: Arcanine\n|-supereffective|p2b: Arcanine\n|-damage|p2b: Arcanine|0 fnt\n|faint|p2b: Arcanine\n|\n|win|blaziken520988\n|raw|blaziken520988's rating: 1094 → 1117<\/strong> (+23 for winning)\n|raw|Au196's rating: 1054 → 1038<\/strong> (-16 for losing)\n|l|\u2606Au196\n","uploadtime":1681747049,"views":11,"p1id":"blaziken520988","p2id":"au196","formatid":"gen9vgc2023regulationc","rating":1038,"private":0,"password":""}