{"id":"gen9vgc2023regulationc-1863030810","p1":"SupernovaSZ8","p2":"SwampCorner","format":"[Gen 9] VGC 2023 Regulation C","log":"|j|\u2606SupernovaSZ8\n|j|\u2606SwampCorner\n|t:|1683955482\n|gametype|doubles\n|player|p1|SupernovaSZ8|iono|1294\n|player|p2|SwampCorner|boarder|1382\n|teamsize|p1|6\n|teamsize|p2|6\n|gen|9\n|tier|[Gen 9] VGC 2023 Regulation C\n|rated|\n|rule|Species Clause: Limit one of each Pok\u00e9mon\n|rule|Item Clause: Limit one of each item\n|clearpoke\n|poke|p1|Kingambit, L50, F|\n|poke|p1|Palafin, L50, F|\n|poke|p1|Amoonguss, L50, F|\n|poke|p1|Flutter Mane, L50|\n|poke|p1|Arcanine, L50, F|\n|poke|p1|Baxcalibur, L50, M|\n|poke|p2|Great Tusk, L50|\n|poke|p2|Chi-Yu, L50|\n|poke|p2|Flutter Mane, L50|\n|poke|p2|Iron Bundle, L50|\n|poke|p2|Murkrow, L50, F|\n|poke|p2|Roaring Moon, L50|\n|teampreview|4\n|inactive|Battle timer is ON: inactive players will automatically lose when time's up. (requested by SwampCorner)\nSwampCorner has agreed to open team sheets.\n|\n|t:|1683955512\n|start\n|switch|p1a: Palafin|Palafin, L50, F|100\/100\n|switch|p1b: Baxcalibur|Baxcalibur, L50, M|100\/100\n|switch|p2a: Murkrow|Murkrow, L50, F, shiny|100\/100\n|switch|p2b: Chi-Yu|Chi-Yu, L50|100\/100\n|-ability|p2b: Chi-Yu|Beads of Ruin\n|turn|1\n|inactive|SupernovaSZ8 has 30 seconds left.\n|\n|t:|1683955540\n|detailschange|p1a: Palafin|Palafin-Hero, L50, F\n|switch|p1a: Arcanine|Arcanine, L50, F|100\/100\n|-ability|p1a: Arcanine|Intimidate|boost\n|-unboost|p2a: Murkrow|atk|1\n|-unboost|p2b: Chi-Yu|atk|1\n|move|p2a: Murkrow|Sunny Day|p2a: Murkrow\n|-weather|SunnyDay\n|move|p2b: Chi-Yu|Overheat|p1b: Baxcalibur\n|-damage|p1b: Baxcalibur|0 fnt\n|-unboost|p2b: Chi-Yu|spa|2\n|faint|p1b: Baxcalibur\n|-damage|p2b: Chi-Yu|91\/100|[from] item: Life Orb\n|\n|-weather|SunnyDay|[upkeep]\n|upkeep\n|\n|t:|1683955551\n|switch|p1b: Flutter Mane|Flutter Mane, L50|100\/100\n|-activate|p1b: Flutter Mane|ability: Protosynthesis\n|-start|p1b: Flutter Mane|protosynthesisspe\n|turn|2\n|\n|t:|1683955574\n|move|p2a: Murkrow|Tailwind|p2a: Murkrow\n|-sidestart|p2: SwampCorner|move: Tailwind\n|move|p2b: Chi-Yu|Overheat|p1b: Flutter Mane\n|-damage|p1b: Flutter Mane|5\/100\n|-unboost|p2b: Chi-Yu|spa|2\n|-damage|p2b: Chi-Yu|81\/100|[from] item: Life Orb\n|move|p1b: Flutter Mane|Moonblast|p2a: Murkrow\n|-supereffective|p2a: Murkrow\n|-enditem|p2a: Murkrow|Focus Sash\n|-damage|p2a: Murkrow|1\/100\n|move|p1a: Arcanine|Flare Blitz|p2b: Chi-Yu\n|-resisted|p2b: Chi-Yu\n|-damage|p2b: Chi-Yu|18\/100\n|-damage|p1a: Arcanine|85\/100|[from] Recoil\n|\n|-weather|SunnyDay|[upkeep]\n|upkeep\n|turn|3\n|inactive|SupernovaSZ8 has 30 seconds left.\n|inactive|SwampCorner has 30 seconds left.\n|\n|t:|1683955603\n|move|p1b: Flutter Mane|Protect|p1b: Flutter Mane\n|-singleturn|p1b: Flutter Mane|Protect\n|move|p1a: Arcanine|Extreme Speed|p2a: Murkrow\n|-damage|p2a: Murkrow|0 fnt\n|faint|p2a: Murkrow\n|move|p2b: Chi-Yu|Dark Pulse|p1a: Arcanine\n|-damage|p1a: Arcanine|55\/100\n|-damage|p2b: Chi-Yu|8\/100|[from] item: Life Orb\n|\n|-weather|SunnyDay|[upkeep]\n|upkeep\n|\n|t:|1683955608\n|switch|p2a: Great Tusk|Great Tusk, L50|100\/100\n|-activate|p2a: Great Tusk|ability: Protosynthesis\n|-start|p2a: Great Tusk|protosynthesisatk\n|turn|4\n|inactive|SupernovaSZ8 has 30 seconds left.\n|\n|t:|1683955639\n|-terastallize|p2a: Great Tusk|Steel\n|move|p2b: Chi-Yu|Protect|p2b: Chi-Yu\n|-singleturn|p2b: Chi-Yu|Protect\n|move|p2a: Great Tusk|Earthquake|p1b: Flutter Mane|[spread] p1a,p1b\n|-activate|p2b: Chi-Yu|move: Protect\n|-supereffective|p1a: Arcanine\n|-crit|p1a: Arcanine\n|-damage|p1a: Arcanine|0 fnt\n|-damage|p1b: Flutter Mane|0 fnt\n|faint|p1a: Arcanine\n|faint|p1b: Flutter Mane\n|-end|p1b: Flutter Mane|Protosynthesis|[silent]\n|\n|-weather|SunnyDay|[upkeep]\n|upkeep\n|\n|t:|1683955650\n|switch|p1a: Palafin|Palafin-Hero, L50, F|100\/100\n|-activate|p1a: Palafin|ability: Zero to Hero\n|turn|5\n|\n|t:|1683955655\n|move|p1a: Palafin|Protect|p1a: Palafin\n|-singleturn|p1a: Palafin|Protect\n|move|p2a: Great Tusk|Earthquake|p1a: Palafin|[spread] p2b\n|-activate|p1a: Palafin|move: Protect\n|-supereffective|p2b: Chi-Yu\n|-damage|p2b: Chi-Yu|0 fnt\n|faint|p2b: Chi-Yu\n|\n|-weather|none\n|-end|p2a: Great Tusk|Protosynthesis\n|-sideend|p2: SwampCorner|move: Tailwind\n|upkeep\n|\n|t:|1683955657\n|switch|p2b: Croissant|Roaring Moon, L50, shiny|100\/100\n|turn|6\n|\n|t:|1683955670\n|-terastallize|p1a: Palafin|Water\n|move|p2a: Great Tusk|Earthquake|p1a: Palafin|[spread] p2b,p1a\n|-damage|p2b: Croissant|45\/100\n|-damage|p1a: Palafin|64\/100\n|move|p2b: Croissant|Outrage|p1a: Palafin\n|-damage|p1a: Palafin|0 fnt\n|faint|p1a: Palafin\n|\n|win|SwampCorner\n|raw|SupernovaSZ8's rating: 1294 → 1275<\/strong> (-19 for losing)\n|raw|SwampCorner's rating: 1382 → 1397<\/strong> (+15 for winning)\n","uploadtime":1683955677,"views":11,"p1id":"supernovasz8","p2id":"swampcorner","formatid":"gen9vgc2023regulationc","rating":1275,"private":0,"password":""}