{"id":"gen9vgc2023regulationc-1859421355","p1":"2A6O5++","p2":"Red2k01","format":"[Gen 9] VGC 2023 Regulation C","log":"|j|\u26062A6O5++\n|j|\u2606Red2k01\n|t:|1683464404\n|gametype|doubles\n|player|p1|2A6O5++|richboy-gen4|\n|player|p2|Red2k01|2|\n|teamsize|p1|6\n|teamsize|p2|6\n|gen|9\n|tier|[Gen 9] VGC 2023 Regulation C\n|rule|Species Clause: Limit one of each Pok\u00e9mon\n|rule|Item Clause: Limit one of each item\n|clearpoke\n|poke|p1|Ting-Lu, L50|\n|poke|p1|Vivillon-Fancy, L50, M|\n|poke|p1|Iron Bundle, L50|\n|poke|p1|Abomasnow, L50, F|\n|poke|p1|Annihilape, L50, F|\n|poke|p1|Chien-Pao, L50|\n|poke|p2|Flutter Mane, L50|\n|poke|p2|Chi-Yu, L50|\n|poke|p2|Dragonite, L50, M|\n|poke|p2|Dondozo, L50, M|\n|poke|p2|Tatsugiri-Stretchy, L50, F|\n|poke|p2|Glimmora, L50, M|\n|teampreview|4\n|inactive|Battle timer is ON: inactive players will automatically lose when time's up. (requested by Red2k01)\nRed2k01 has agreed to open team sheets.\n|c|\u2606Red2k01|Team sheet open\n|inactive|2A6O5++ has 60 seconds left.\n|inactive|Red2k01 has 60 seconds left.\n|inactive|Red2k01 has 30 seconds left.\n2A6O5++ has agreed to open team sheets.\n|inactive|Red2k01 has 20 seconds left.\n|\n|t:|1683464478\n|start\n|switch|p1a: Ting-Lu|Ting-Lu, L50|100\/100\n|switch|p1b: Annihilape|Annihilape, L50, F|100\/100\n|switch|p2a: Chi-Yu|Chi-Yu, L50|100\/100\n|switch|p2b: Flutter Mane|Flutter Mane, L50|100\/100\n|-ability|p2a: Chi-Yu|Beads of Ruin\n|-ability|p1a: Ting-Lu|Vessel of Ruin\n|-enditem|p2b: Flutter Mane|Booster Energy\n|-activate|p2b: Flutter Mane|ability: Protosynthesis|[fromitem]\n|-start|p2b: Flutter Mane|protosynthesisspe\n|turn|1\n|inactive|2A6O5++ has 30 seconds left.\n|inactive|Red2k01 has 30 seconds left.\n|inactive|2A6O5++ has 20 seconds left.\n|inactive|Red2k01 has 20 seconds left.\n|inactive|2A6O5++ has 15 seconds left.\n|inactive|Red2k01 has 15 seconds left.\n|\n|t:|1683464521\n|-terastallize|p1b: Annihilape|Fire\n|move|p2b: Flutter Mane|Substitute|p2b: Flutter Mane\n|-start|p2b: Flutter Mane|Substitute\n|-damage|p2b: Flutter Mane|76\/100\n|move|p2a: Chi-Yu|Dark Pulse|p1a: Ting-Lu\n|-resisted|p1a: Ting-Lu\n|-damage|p1a: Ting-Lu|83\/100\n|move|p1b: Annihilape|Rage Fist|p2b: Flutter Mane\n|-supereffective|p2b: Flutter Mane\n|-end|p2b: Flutter Mane|Substitute\n|move|p1a: Ting-Lu|Stomping Tantrum|p2a: Chi-Yu\n|-supereffective|p2a: Chi-Yu\n|-damage|p2a: Chi-Yu|0 fnt\n|faint|p2a: Chi-Yu\n|\n|upkeep\n|\n|t:|1683464537\n|switch|p2a: Tatsugiri|Tatsugiri-Stretchy, L50, F|100\/100\n|turn|2\n|inactive|Red2k01 has 30 seconds left.\n|inactive|Red2k01 has 20 seconds left.\n|inactive|2A6O5++ has 30 seconds left.\n|\n|t:|1683464583\n|switch|p1a: Iron Bundle|Iron Bundle, L50|100\/100\n|-enditem|p1a: Iron Bundle|Booster Energy\n|-activate|p1a: Iron Bundle|ability: Quark Drive|[fromitem]\n|-start|p1a: Iron Bundle|quarkdrivespe\n|move|p2b: Flutter Mane|Moonblast|p1a: Iron Bundle\n|-damage|p1a: Iron Bundle|30\/100\n|move|p1b: Annihilape|Rage Fist|p2b: Flutter Mane\n|-supereffective|p2b: Flutter Mane\n|-damage|p2b: Flutter Mane|0 fnt\n|faint|p2b: Flutter Mane\n|-end|p2b: Flutter Mane|Protosynthesis|[silent]\n|move|p2a: Tatsugiri|Muddy Water|p1a: Iron Bundle|[spread] p1a,p1b\n|-resisted|p1a: Iron Bundle\n|-supereffective|p1b: Annihilape\n|-damage|p1a: Iron Bundle|0 fnt\n|-damage|p1b: Annihilape|0 fnt\n|faint|p1a: Iron Bundle\n|-end|p1a: Iron Bundle|Quark Drive|[silent]\n|faint|p1b: Annihilape\n|\n|upkeep\n|\n|t:|1683464601\n|switch|p2b: Dondozo|Dondozo, L50, M|100\/100\n|switch|p1a: Chien-Pao|Chien-Pao, L50|100\/100\n|switch|p1b: Ting-Lu|Ting-Lu, L50|83\/100\n|-activate|p2a: Tatsugiri|ability: Commander|[of] p2b: Dondozo\n|-boost|p2b: Dondozo|atk|2\n|-boost|p2b: Dondozo|spa|2\n|-boost|p2b: Dondozo|spe|2\n|-boost|p2b: Dondozo|def|2\n|-boost|p2b: Dondozo|spd|2\n|-ability|p1a: Chien-Pao|Sword of Ruin\n|-ability|p1b: Ting-Lu|Vessel of Ruin\n|turn|3\n|\n|t:|1683464624\n|move|p1a: Chien-Pao|Haze|p1a: Chien-Pao\n|-clearallboost\n|move|p1b: Ting-Lu|Throat Chop|p2b: Dondozo\n|-damage|p2b: Dondozo|49\/100\n|-start|p2b: Dondozo|Throat Chop|[silent]\n|-enditem|p2b: Dondozo|Sitrus Berry|[eat]\n|-heal|p2b: Dondozo|74\/100|[from] item: Sitrus Berry\n|move|p2b: Dondozo|Yawn|p1a: Chien-Pao\n|-start|p1a: Chien-Pao|move: Yawn|[of] p2b: Dondozo\n|\n|upkeep\n|turn|4\n|inactive|2A6O5++ has 30 seconds left.\n|\n|t:|1683464652\n|move|p2b: Dondozo|Protect|p2b: Dondozo\n|-singleturn|p2b: Dondozo|Protect\n|move|p1a: Chien-Pao|Sacred Sword|p2b: Dondozo\n|-activate|p2b: Dondozo|move: Protect\n|move|p1b: Ting-Lu|Throat Chop|p2b: Dondozo\n|-activate|p2b: Dondozo|move: Protect\n|\n|-end|p2b: Dondozo|Throat Chop|[silent]\n|-end|p1a: Chien-Pao|move: Yawn|[silent]\n|-status|p1a: Chien-Pao|slp\n|upkeep\n|turn|5\n|\n|t:|1683464662\n|cant|p1a: Chien-Pao|slp\n|move|p1b: Ting-Lu|Throat Chop|p2b: Dondozo\n|-damage|p2b: Dondozo|20\/100\n|-start|p2b: Dondozo|Throat Chop|[silent]\n|move|p2b: Dondozo|Wave Crash|p1a: Chien-Pao\n|-damage|p1a: Chien-Pao|61\/100 slp\n|-damage|p2b: Dondozo|11\/100|[from] Recoil\n|\n|upkeep\n|turn|6\n|\n|t:|1683464678\n|-curestatus|p1a: Chien-Pao|slp|[msg]\n|move|p1a: Chien-Pao|Sacred Sword|p2b: Dondozo\n|-damage|p2b: Dondozo|0 fnt\n|faint|p2b: Dondozo\n|move|p1b: Ting-Lu|Throat Chop|p2a: Tatsugiri\n|-damage|p2a: Tatsugiri|0 fnt\n|faint|p2a: Tatsugiri\n|\n|win|2A6O5++\n|c|\u26062A6O5++|gg\n|c|\u2606Red2k01|Gg\n|l|\u2606Red2k01\n","uploadtime":1683464693,"views":14,"p1id":"2a6o5","p2id":"red2k01","formatid":"gen9vgc2023regulationc","rating":0,"private":0,"password":""}