{"id":"gen9vgc2023regulationc-1858678511","p1":"r2vgc","p2":"ardiestheparty","format":"[Gen 9] VGC 2023 Regulation C","log":"|j|\u2606r2vgc\n|j|\u2606ardiestheparty\n|t:|1683341335\n|gametype|doubles\n|player|p1|r2vgc|266|1157\n|player|p2|ardiestheparty|beauty-gen4dp|1165\n|teamsize|p1|6\n|teamsize|p2|6\n|gen|9\n|tier|[Gen 9] VGC 2023 Regulation C\n|rated|\n|rule|Species Clause: Limit one of each Pok\u00e9mon\n|rule|Item Clause: Limit one of each item\n|clearpoke\n|poke|p1|Maushold-Four, L50|\n|poke|p1|Annihilape, L50, M|\n|poke|p1|Gholdengo, L50|\n|poke|p1|Murkrow, L50, F|\n|poke|p1|Garchomp, L50, F|\n|poke|p1|Gyarados, L50, F|\n|poke|p2|Mimikyu, L50, F|\n|poke|p2|Goodra, L50, F|\n|poke|p2|Garchomp, L50, F|\n|poke|p2|Dragonite, L50, F|\n|poke|p2|Maushold-Four, L50|\n|poke|p2|Arcanine, L50, F|\n|teampreview|4\nr2vgc has agreed to open team sheets.\n|inactive|Battle timer is ON: inactive players will automatically lose when time's up. (requested by r2vgc)\n|\n|t:|1683341388\n|start\n|switch|p1a: Murkrow|Murkrow, L50, F|100\/100\n|switch|p1b: Garchomp|Garchomp, L50, F|100\/100\n|switch|p2a: Trophy Wife|Mimikyu, L50, F|100\/100\n|switch|p2b: Benadryl|Maushold-Four, L50|100\/100\n|turn|1\n|\n|t:|1683341412\n|-terastallize|p1b: Garchomp|Steel\n|move|p2b: Benadryl|Protect|p2b: Benadryl\n|-singleturn|p2b: Benadryl|Protect\n|move|p2a: Trophy Wife|Swords Dance|p2a: Trophy Wife\n|-boost|p2a: Trophy Wife|atk|2\n|move|p1b: Garchomp|Earthquake|p2b: Benadryl|[spread] p2a\n|-activate|p2b: Benadryl|move: Protect\n|-immune|p1a: Murkrow\n|-activate|p2a: Trophy Wife|ability: Disguise\n|-damage|p2a: Trophy Wife|100\/100\n|detailschange|p2a: Trophy Wife|Mimikyu-Busted, L50, F\n|-damage|p2a: Trophy Wife|88\/100|[from] pokemon: Mimikyu-Busted\n|-enditem|p2a: Trophy Wife|Red Card|[of] p1b: Garchomp\n|drag|p1b: Gyarados|Gyarados, L50, F, shiny|100\/100\n|-ability|p1b: Gyarados|Intimidate|boost\n|-unboost|p2a: Trophy Wife|atk|1\n|-unboost|p2b: Benadryl|atk|1\n|move|p1a: Murkrow|Brave Bird|p2a: Trophy Wife\n|-damage|p2a: Trophy Wife|0 fnt\n|faint|p2a: Trophy Wife\n|-damage|p1a: Murkrow|73\/100|[from] Recoil\n|-damage|p1a: Murkrow|64\/100|[from] item: Life Orb\n|\n|upkeep\n|inactive|ardiestheparty has 30 seconds left.\n|\n|t:|1683341446\n|switch|p2a: AAHHHhHHHHHH|Dragonite, L50, F|100\/100\n|turn|2\n|inactive|ardiestheparty has 30 seconds left.\n|inactive|ardiestheparty has 20 seconds left.\n|\n|t:|1683341485\n|move|p1a: Murkrow|Tailwind|p1a: Murkrow\n|-sidestart|p1: r2vgc|move: Tailwind\n|move|p1b: Gyarados|Thunder Wave|p2a: AAHHHhHHHHHH\n|-status|p2a: AAHHHhHHHHHH|par\n|move|p2b: Benadryl|Population Bomb|p1b: Gyarados\n|-damage|p1b: Gyarados|90\/100\n|-damage|p1b: Gyarados|82\/100\n|-damage|p1b: Gyarados|72\/100\n|-damage|p1b: Gyarados|64\/100\n|-damage|p1b: Gyarados|54\/100\n|-damage|p1b: Gyarados|45\/100\n|-enditem|p1b: Gyarados|Sitrus Berry|[eat]\n|-heal|p1b: Gyarados|70\/100|[from] item: Sitrus Berry\n|-damage|p1b: Gyarados|60\/100\n|-damage|p1b: Gyarados|52\/100\n|-damage|p1b: Gyarados|43\/100\n|-damage|p1b: Gyarados|35\/100\n|-hitcount|p1b: Gyarados|10\n|move|p2a: AAHHHhHHHHHH|Rock Slide|p1a: Murkrow|[spread] p1a,p1b\n|-supereffective|p1a: Murkrow\n|-supereffective|p1b: Gyarados\n|-damage|p1a: Murkrow|0 fnt\n|-damage|p1b: Gyarados|0 fnt\n|faint|p1a: Murkrow\n|faint|p1b: Gyarados\n|\n|upkeep\n|inactive|r2vgc has 30 seconds left.\n|\n|t:|1683341512\n|switch|p1a: Gholdengo|Gholdengo, L50|100\/100\n|switch|p1b: Garchomp|Garchomp, L50, F, tera:Steel|100\/100\n|turn|3\n|inactive|ardiestheparty has 30 seconds left.\n|inactive|r2vgc has 30 seconds left.\n|\n|t:|1683341544\n|move|p2b: Benadryl|Protect|p2b: Benadryl\n|-singleturn|p2b: Benadryl|Protect\n|move|p1b: Garchomp|Rock Slide|p2a: AAHHHhHHHHHH|[spread] p2a\n|-activate|p2b: Benadryl|move: Protect\n|-supereffective|p2a: AAHHHhHHHHHH\n|-damage|p2a: AAHHHhHHHHHH|87\/100 par\n|move|p1a: Gholdengo|Power Gem|p2a: AAHHHhHHHHHH\n|-supereffective|p2a: AAHHHhHHHHHH\n|-damage|p2a: AAHHHhHHHHHH|0 fnt\n|faint|p2a: AAHHHhHHHHHH\n|\n|upkeep\n|\n|t:|1683341556\n|switch|p2a: so no head?|Garchomp, L50, F|100\/100\n|turn|4\n|inactive|ardiestheparty has 30 seconds left.\n|\n|t:|1683341584\n|move|p1b: Garchomp|Rock Slide|p2b: Benadryl|[spread] p2a,p2b\n|-resisted|p2a: so no head?\n|-damage|p2a: so no head?|93\/100\n|-damage|p2b: Benadryl|70\/100\n|move|p1a: Gholdengo|Power Gem|p2a: so no head?\n|-resisted|p2a: so no head?\n|-damage|p2a: so no head?|70\/100\n|move|p2b: Benadryl|Population Bomb|p1b: Garchomp\n|-resisted|p1b: Garchomp\n|-damage|p1b: Garchomp|97\/100\n|-damage|p2b: Benadryl|58\/100|[from] ability: Rough Skin|[of] p1b: Garchomp\n|-resisted|p1b: Garchomp\n|-crit|p1b: Garchomp\n|-damage|p1b: Garchomp|88\/100\n|-damage|p2b: Benadryl|46\/100|[from] ability: Rough Skin|[of] p1b: Garchomp\n|-resisted|p1b: Garchomp\n|-damage|p1b: Garchomp|84\/100\n|-damage|p2b: Benadryl|34\/100|[from] ability: Rough Skin|[of] p1b: Garchomp\n|-resisted|p1b: Garchomp\n|-damage|p1b: Garchomp|80\/100\n|-damage|p2b: Benadryl|22\/100|[from] ability: Rough Skin|[of] p1b: Garchomp\n|-resisted|p1b: Garchomp\n|-damage|p1b: Garchomp|76\/100\n|-damage|p2b: Benadryl|10\/100|[from] ability: Rough Skin|[of] p1b: Garchomp\n|-resisted|p1b: Garchomp\n|-damage|p1b: Garchomp|72\/100\n|-damage|p2b: Benadryl|0 fnt|[from] ability: Rough Skin|[of] p1b: Garchomp\n|faint|p2b: Benadryl\n|-hitcount|p1b: Garchomp|6\n|cant|p2a: so no head?|flinch\n|\n|upkeep\n|turn|5\n|inactive|ardiestheparty has 30 seconds left.\n|\n|t:|1683341612\n|move|p1b: Garchomp|Stomping Tantrum|p2a: so no head?\n|-damage|p2a: so no head?|35\/100\n|-damage|p1b: Garchomp|60\/100|[from] ability: Rough Skin|[of] p2a: so no head?\n|move|p1a: Gholdengo|Power Gem|p2a: so no head?\n|-resisted|p2a: so no head?\n|-damage|p2a: so no head?|13\/100\n|move|p2a: so no head?|Earthquake|p1a: Gholdengo|[spread] p1a,p1b\n|-supereffective|p1a: Gholdengo\n|-supereffective|p1b: Garchomp\n|-damage|p1a: Gholdengo|37\/100\n|-damage|p1b: Garchomp|0 fnt\n|faint|p1b: Garchomp\n|\n|-sideend|p1: r2vgc|move: Tailwind\n|upkeep\n|turn|6\n|\n|t:|1683341626\n|move|p2a: so no head?|Earthquake|p1a: Gholdengo\n|-supereffective|p1a: Gholdengo\n|-damage|p1a: Gholdengo|0 fnt\n|faint|p1a: Gholdengo\n|\n|win|ardiestheparty\n|raw|r2vgc's rating: 1157 → 1133<\/strong> (-24 for losing)\n|raw|ardiestheparty's rating: 1165 → 1189<\/strong> (+24 for winning)\n","uploadtime":1683341632,"views":14,"p1id":"r2vgc","p2id":"ardiestheparty","formatid":"gen9vgc2023regulationc","rating":1133,"private":0,"password":""}