{"id":"gen9vgc2023regulationc-1852972646","p1":"That_Leek","p2":"DanielP4l4d1n0","format":"[Gen 9] VGC 2023 Regulation C","log":"|j|\u203dThat_Leek\n|j|\u2606DanielP4l4d1n0\n|t:|1682621872\n|gametype|doubles\n|player|p1|That_Leek|blue-masters|1366\n|player|p2|DanielP4l4d1n0|iris-gen5bw2|1437\n|teamsize|p1|6\n|teamsize|p2|6\n|gen|9\n|tier|[Gen 9] VGC 2023 Regulation C\n|rated|\n|rule|Species Clause: Limit one of each Pok\u00e9mon\n|rule|Item Clause: Limit one of each item\n|clearpoke\n|poke|p1|Gholdengo, L50|\n|poke|p1|Gyarados, L50, F|\n|poke|p1|Tyranitar, L50, F|\n|poke|p1|Maushold-Four, L50|\n|poke|p1|Annihilape, L50, M|\n|poke|p1|Volcarona, L50, F|\n|poke|p2|Ting-Lu, L50|\n|poke|p2|Ceruledge, L50, F|\n|poke|p2|Flutter Mane, L50|\n|poke|p2|Amoonguss, L50, F|\n|poke|p2|Gyarados, L50, F|\n|poke|p2|Glimmora, L50, M|\n|teampreview|4\nThat_Leek has agreed to open team sheets.\nDanielP4l4d1n0 has agreed to open team sheets.\n|inactive|Battle timer is ON: inactive players will automatically lose when time's up. (requested by That_Leek)\n|\n|t:|1682621957\n|start\n|switch|p1a: Gholdengo|Gholdengo, L50|100\/100\n|switch|p1b: Gyarados|Gyarados, L50, F|100\/100\n|switch|p2a: Flutter Mane|Flutter Mane, L50|100\/100\n|switch|p2b: Glimmora|Glimmora, L50, M|100\/100\n|-ability|p1b: Gyarados|Intimidate|boost\n|-unboost|p2a: Flutter Mane|atk|1\n|-unboost|p2b: Glimmora|atk|1\n|turn|1\n|\n|t:|1682621981\n|-end|p2a: Flutter Mane|Protosynthesis|[silent]\n|switch|p2a: Ting-Lu|Ting-Lu, L50|100\/100\n|-ability|p2a: Ting-Lu|Vessel of Ruin\n|-terastallize|p1a: Gholdengo|Water\n|move|p2b: Glimmora|Mortal Spin|p1b: Gyarados|[spread] p1a,p1b\n|-damage|p1a: Gholdengo|98\/100\n|-damage|p1b: Gyarados|98\/100\n|-status|p1a: Gholdengo|psn\n|-status|p1b: Gyarados|psn\n|move|p1a: Gholdengo|Nasty Plot|p1a: Gholdengo\n|-boost|p1a: Gholdengo|spa|2\n|move|p1b: Gyarados|Thunder Wave|p2a: Ting-Lu\n|-immune|p2a: Ting-Lu\n|\n|-damage|p1a: Gholdengo|86\/100 psn|[from] psn\n|-damage|p1b: Gyarados|85\/100 psn|[from] psn\n|upkeep\n|turn|2\n|inactive|DanielP4l4d1n0 has 30 seconds left.\n|\n|t:|1682622008\n|move|p1a: Gholdengo|Make It Rain|p2a: Ting-Lu|[spread] p2a,p2b\n|-supereffective|p2b: Glimmora\n|-damage|p2a: Ting-Lu|54\/100\n|-damage|p2b: Glimmora|0 fnt\n|-unboost|p1a: Gholdengo|spa|1\n|faint|p2b: Glimmora\n|-damage|p1a: Gholdengo|77\/100 psn|[from] item: Life Orb\n|move|p1b: Gyarados|Waterfall|p2a: Ting-Lu\n|-supereffective|p2a: Ting-Lu\n|-damage|p2a: Ting-Lu|8\/100\n|cant|p2a: Ting-Lu|flinch\n|\n|-damage|p1a: Gholdengo|65\/100 psn|[from] psn\n|-damage|p1b: Gyarados|73\/100 psn|[from] psn\n|upkeep\n|\n|t:|1682622029\n|switch|p2b: Ceruledge|Ceruledge, L50, F|100\/100\n|turn|3\n|\n|t:|1682622043\n|switch|p2a: Flutter Mane|Flutter Mane, L50|100\/100\n|-terastallize|p2b: Ceruledge|Grass\n|move|p1a: Gholdengo|Protect|p1a: Gholdengo\n|-singleturn|p1a: Gholdengo|Protect\n|move|p2b: Ceruledge|Tera Blast|p1a: Gholdengo\n|-activate|p1a: Gholdengo|move: Protect\n|move|p1b: Gyarados|Thunder Wave|p2b: Ceruledge\n|-status|p2b: Ceruledge|par\n|\n|-damage|p1a: Gholdengo|52\/100 psn|[from] psn\n|-damage|p1b: Gyarados|60\/100 psn|[from] psn\n|upkeep\n|turn|4\n|\n|t:|1682622062\n|move|p2a: Flutter Mane|Dazzling Gleam|p1b: Gyarados|[spread] p1a,p1b\n|-damage|p1a: Gholdengo|3\/100 psn\n|-damage|p1b: Gyarados|15\/100 psn\n|-enditem|p1b: Gyarados|Sitrus Berry|[eat]\n|-heal|p1b: Gyarados|40\/100 psn|[from] item: Sitrus Berry\n|move|p1a: Gholdengo|Make It Rain|p2a: Flutter Mane|[spread] p2a,p2b\n|-supereffective|p2a: Flutter Mane\n|-damage|p2a: Flutter Mane|0 fnt\n|-damage|p2b: Ceruledge|14\/100 par\n|-unboost|p1a: Gholdengo|spa|1\n|faint|p2a: Flutter Mane\n|-end|p2a: Flutter Mane|Protosynthesis|[silent]\n|-damage|p1a: Gholdengo|0 fnt|[from] item: Life Orb\n|faint|p1a: Gholdengo\n|move|p1b: Gyarados|Thunder Wave|p2b: Ceruledge\n|-fail|p2b: Ceruledge|par\n|cant|p2b: Ceruledge|par\n|\n|-damage|p1b: Gyarados|28\/100 psn|[from] psn\n|upkeep\n|\n|t:|1682622066\n|switch|p2a: Ting-Lu|Ting-Lu, L50|8\/100\n|switch|p1a: Annihilape|Annihilape, L50, M|100\/100\n|-ability|p2a: Ting-Lu|Vessel of Ruin\n|turn|5\n|-message|DanielP4l4d1n0 forfeited.\n|\n|win|That_Leek\n|raw|That_Leek's rating: 1366 → 1390<\/strong> (+24 for winning)\n|raw|DanielP4l4d1n0's rating: 1437 → 1413<\/strong> (-24 for losing)\n|l|\u2606DanielP4l4d1n0\n","uploadtime":1682622074,"views":6,"p1id":"thatleek","p2id":"danielp4l4d1n0","formatid":"gen9vgc2023regulationc","rating":1390,"private":0,"password":""}