{"id":"gen9vgc2023regulationc-1845588080","p1":"MeVoySoyFuga","p2":"KB1107","format":"[Gen 9] VGC 2023 Regulation C","log":"|j|\u2606MeVoySoyFuga\n|j|\u2606KB1107\n|t:|1681747392\n|gametype|doubles\n|player|p1|MeVoySoyFuga|170|1146\n|player|p2|KB1107|102|1067\n|teamsize|p1|6\n|teamsize|p2|6\n|gen|9\n|tier|[Gen 9] VGC 2023 Regulation C\n|rated|\n|rule|Species Clause: Limit one of each Pok\u00e9mon\n|rule|Item Clause: Limit one of each item\n|clearpoke\n|poke|p1|Amoonguss, L50, M|\n|poke|p1|Arcanine, L50, M|\n|poke|p1|Garchomp, L50, M|\n|poke|p1|Flutter Mane, L50|\n|poke|p1|Chien-Pao, L50|\n|poke|p1|Gholdengo, L50|\n|poke|p2|Dragonite, L50, M|\n|poke|p2|Pelipper, L50, M|\n|poke|p2|Tinkaton, L50, F|\n|poke|p2|Garchomp, L50, F|\n|poke|p2|Raichu, L50, M|\n|poke|p2|Palafin, L50, M|\n|teampreview|4\n|inactive|Battle timer is ON: inactive players will automatically lose when time's up. (requested by MeVoySoyFuga)\n|inactive|KB1107 has 60 seconds left.\n|inactive|KB1107 has 30 seconds left.\n|\n|t:|1681747495\n|start\n|switch|p1a: Garchon|Garchomp, L50, M|100\/100\n|switch|p1b: Fungo|Amoonguss, L50, M|100\/100\n|switch|p2a: Tinkaton|Tinkaton, L50, F|100\/100\n|switch|p2b: Palafin|Palafin, L50, M, shiny|100\/100\n|turn|1\n|inactive|MeVoySoyFuga has 30 seconds left.\n|inactive|KB1107 has 30 seconds left.\n|inactive|MeVoySoyFuga has 20 seconds left.\n|\n|t:|1681747533\n|detailschange|p2b: Palafin|Palafin-Hero, L50, M, shiny\n|switch|p2b: Dragonite|Dragonite, L50, M|100\/100\n|move|p2a: Tinkaton|Fake Out|p1b: Fungo\n|-damage|p1b: Fungo|91\/100\n|-damage|p2a: Tinkaton|84\/100|[from] item: Rocky Helmet|[of] p1b: Fungo\n|cant|p1b: Fungo|flinch\n|move|p1a: Garchon|Stomping Tantrum|p2a: Tinkaton\n|-supereffective|p2a: Tinkaton\n|-damage|p2a: Tinkaton|0 fnt\n|faint|p2a: Tinkaton\n|\n|upkeep\n|\n|t:|1681747548\n|switch|p2a: Palafin|Palafin-Hero, L50, M, shiny|100\/100\n|-activate|p2a: Palafin|ability: Zero to Hero\n|turn|2\n|inactive|KB1107 has 30 seconds left.\n|inactive|KB1107 has 20 seconds left.\n|inactive|KB1107 has 15 seconds left.\n|inactive|KB1107 has 10 seconds left.\n|inactive|KB1107 has 5 seconds left.\n|\n|t:|1681747598\n|switch|p1a: RK9|Arcanine, L50, M|100\/100\n|-ability|p1a: RK9|Intimidate|boost\n|-unboost|p2a: Palafin|atk|1\n|-unboost|p2b: Dragonite|atk|1\n|-terastallize|p2b: Dragonite|Flying\n|move|p2a: Palafin|Protect|p2a: Palafin\n|-singleturn|p2a: Palafin|Protect\n|move|p2b: Dragonite|Hurricane|p1b: Fungo\n|-supereffective|p1b: Fungo\n|-crit|p1b: Fungo\n|-damage|p1b: Fungo|0 fnt\n|faint|p1b: Fungo\n|\n|upkeep\n|\n|t:|1681747611\n|switch|p1b: Chien-Miau|Chien-Pao, L50|100\/100\n|-ability|p1b: Chien-Miau|Sword of Ruin\n|turn|3\n|inactive|KB1107 has 30 seconds left.\n|inactive|KB1107 has 20 seconds left.\n|\n|t:|1681747649\n|move|p1b: Chien-Miau|Protect|p1b: Chien-Miau\n|-singleturn|p1b: Chien-Miau|Protect\n|move|p2a: Palafin|Jet Punch|p1a: RK9\n|-supereffective|p1a: RK9\n|-damage|p1a: RK9|21\/100\n|-damage|p2a: Palafin|91\/100|[from] item: Life Orb\n|move|p2b: Dragonite|Fire Punch|p1b: Chien-Miau\n|-activate|p1b: Chien-Miau|move: Protect\n|move|p1a: RK9|Will-O-Wisp|p2a: Palafin\n|-status|p2a: Palafin|brn\n|\n|-damage|p2a: Palafin|85\/100 brn|[from] brn\n|upkeep\n|turn|4\n|inactive|MeVoySoyFuga has 30 seconds left.\n|\n|t:|1681747677\n|move|p1a: RK9|Protect|p1a: RK9\n|-singleturn|p1a: RK9|Protect\n|move|p2a: Palafin|Jet Punch|p1a: RK9\n|-activate|p1a: RK9|move: Protect\n|move|p1b: Chien-Miau|Ice Spinner|p2b: Dragonite\n|-supereffective|p2b: Dragonite\n|-damage|p2b: Dragonite|43\/100\n|-enditem|p2b: Dragonite|Weakness Policy\n|-boost|p2b: Dragonite|atk|2|[from] item: Weakness Policy\n|-boost|p2b: Dragonite|spa|2|[from] item: Weakness Policy\n|move|p2b: Dragonite|Fire Punch|p1b: Chien-Miau\n|-supereffective|p1b: Chien-Miau\n|-enditem|p1b: Chien-Miau|Focus Sash\n|-damage|p1b: Chien-Miau|1\/100\n|\n|-damage|p2a: Palafin|78\/100 brn|[from] brn\n|upkeep\n|turn|5\n|inactive|MeVoySoyFuga has 30 seconds left.\n|\n|t:|1681747703\n|move|p1b: Chien-Miau|Protect|p1b: Chien-Miau\n|-singleturn|p1b: Chien-Miau|Protect\n|move|p2b: Dragonite|Extreme Speed|p1b: Chien-Miau\n|-activate|p1b: Chien-Miau|move: Protect\n|move|p2a: Palafin|Jet Punch|p1a: RK9\n|-supereffective|p1a: RK9\n|-damage|p1a: RK9|0 fnt\n|faint|p1a: RK9\n|-damage|p2a: Palafin|69\/100 brn|[from] item: Life Orb\n|\n|-damage|p2a: Palafin|62\/100 brn|[from] brn\n|upkeep\n|\n|t:|1681747709\n|switch|p1a: Garchon|Garchomp, L50, M|100\/100\n|turn|6\n|inactive|KB1107 has 30 seconds left.\n|\n|t:|1681747737\n|move|p1b: Chien-Miau|Protect|p1b: Chien-Miau\n|-singleturn|p1b: Chien-Miau|Protect\n|move|p2b: Dragonite|Extreme Speed|p1b: Chien-Miau\n|-activate|p1b: Chien-Miau|move: Protect\n|move|p2a: Palafin|Jet Punch|p1a: Garchon\n|-damage|p1a: Garchon|81\/100\n|-damage|p2a: Palafin|50\/100 brn|[from] ability: Rough Skin|[of] p1a: Garchon\n|-damage|p2a: Palafin|40\/100 brn|[from] item: Life Orb\n|move|p1a: Garchon|Rock Slide|p2a: Palafin|[spread] p2a,p2b\n|-crit|p2a: Palafin\n|-supereffective|p2b: Dragonite\n|-damage|p2a: Palafin|0 fnt\n|-damage|p2b: Dragonite|0 fnt\n|faint|p2a: Palafin\n|faint|p2b: Dragonite\n|\n|upkeep\n|\n|t:|1681747759\n|switch|p2a: Garchomp|Garchomp, L50, F|100\/100\n|turn|7\n|\n|t:|1681747775\n|move|p1b: Chien-Miau|Ice Spinner|p2a: Garchomp\n|-supereffective|p2a: Garchomp\n|-damage|p2a: Garchomp|0 fnt\n|-damage|p1b: Chien-Miau|0 fnt|[from] ability: Rough Skin|[of] p2a: Garchomp\n|faint|p2a: Garchomp\n|faint|p1b: Chien-Miau\n|\n|win|MeVoySoyFuga\n|raw|MeVoySoyFuga's rating: 1146 → 1165<\/strong> (+19 for winning)\n|raw|KB1107's rating: 1067 → 1051<\/strong> (-16 for losing)\n|l|\u2606KB1107\n","uploadtime":1681747798,"views":13,"p1id":"mevoysoyfuga","p2id":"kb1107","formatid":"gen9vgc2023regulationc","rating":1051,"private":0,"password":""}