{"id":"gen9vgc2023regulationc-1853253294","p1":"Alexis_student","p2":"huijpohub","format":"[Gen 9] VGC 2023 Regulation C","log":"|j|\u2606Alexis_student\n|j|\u2606huijpohub\n|t:|1682655368\n|gametype|doubles\n|player|p1|Alexis_student|1|1037\n|player|p2|huijpohub|dawn-gen4pt|1091\n|teamsize|p1|6\n|teamsize|p2|6\n|gen|9\n|tier|[Gen 9] VGC 2023 Regulation C\n|rated|\n|rule|Species Clause: Limit one of each Pok\u00e9mon\n|rule|Item Clause: Limit one of each item\n|clearpoke\n|poke|p1|Amoonguss, L50, M|\n|poke|p1|Palafin, L50, F|\n|poke|p1|Arcanine, L50, M|\n|poke|p1|Flutter Mane, L50|\n|poke|p1|Baxcalibur, L50, F|\n|poke|p1|Ting-Lu, L50|\n|poke|p2|Palafin, L50, M|\n|poke|p2|Scream Tail, L50|\n|poke|p2|Flutter Mane, L50|\n|poke|p2|Amoonguss, L50, F|\n|poke|p2|Arcanine, L50, F|\n|poke|p2|Gothitelle, L50, M|\n|teampreview|4\n|inactive|Battle timer is ON: inactive players will automatically lose when time's up. (requested by Alexis_student)\n|\n|t:|1682655393\n|start\n|switch|p1a: Amoonguss|Amoonguss, L50, M|100\/100\n|switch|p1b: Palafin|Palafin, L50, F|100\/100\n|switch|p2a: Scream Tail|Scream Tail, L50, shiny|100\/100\n|switch|p2b: Flutter Mane|Flutter Mane, L50|100\/100\n|-enditem|p2a: Scream Tail|Booster Energy\n|-activate|p2a: Scream Tail|ability: Protosynthesis|[fromitem]\n|-start|p2a: Scream Tail|protosynthesisspe\n|turn|1\n|\n|t:|1682655415\n|-end|p2b: Flutter Mane|Protosynthesis|[silent]\n|switch|p2b: GO BIRD|Gothitelle, L50, M|100\/100\n|detailschange|p1b: Palafin|Palafin-Hero, L50, F\n|switch|p1b: Arcanine|Arcanine, L50, M|100\/100\n|-ability|p1b: Arcanine|Intimidate|boost\n|-unboost|p2a: Scream Tail|atk|1\n|-unboost|p2b: GO BIRD|atk|1\n|move|p2a: Scream Tail|Perish Song|p2a: Scream Tail\n|-start|p1a: Amoonguss|perish3|[silent]\n|-start|p1b: Arcanine|perish3|[silent]\n|-start|p2a: Scream Tail|perish3|[silent]\n|-start|p2b: GO BIRD|perish3|[silent]\n|-fieldactivate|move: Perish Song\n|move|p1a: Amoonguss|Spore|p2a: Scream Tail\n|-status|p2a: Scream Tail|slp|[from] move: Spore\n|\n|-start|p2a: Scream Tail|perish3\n|-start|p1b: Arcanine|perish3\n|-start|p2b: GO BIRD|perish3\n|-start|p1a: Amoonguss|perish3\n|upkeep\n|turn|2\n|inactive|Alexis_student has 30 seconds left.\n|\n|t:|1682655441\n|cant|p2a: Scream Tail|slp\n|move|p2b: GO BIRD|Fake Out|p1a: Amoonguss\n|-damage|p1a: Amoonguss|98\/100\n|move|p1b: Arcanine|Flare Blitz|p2b: GO BIRD\n|-damage|p2b: GO BIRD|50\/100\n|-enditem|p2b: GO BIRD|Sitrus Berry|[eat]\n|-heal|p2b: GO BIRD|75\/100|[from] item: Sitrus Berry\n|-damage|p1b: Arcanine|85\/100|[from] Recoil\n|cant|p1a: Amoonguss|flinch\n|\n|-start|p2a: Scream Tail|perish2\n|-start|p1b: Arcanine|perish2\n|-start|p2b: GO BIRD|perish2\n|-start|p1a: Amoonguss|perish2\n|upkeep\n|turn|3\n|inactive|Alexis_student has 30 seconds left.\n|\n|t:|1682655468\n|cant|p2a: Scream Tail|slp\n|move|p1b: Arcanine|Howl|p1b: Arcanine|[spread] p1a,p1b\n|-boost|p1a: Amoonguss|atk|1\n|-boost|p1b: Arcanine|atk|1\n|move|p2b: GO BIRD|Psychic|p1a: Amoonguss\n|-supereffective|p1a: Amoonguss\n|-damage|p1a: Amoonguss|50\/100\n|-enditem|p1a: Amoonguss|Sitrus Berry|[eat]\n|-heal|p1a: Amoonguss|75\/100|[from] item: Sitrus Berry\n|move|p1a: Amoonguss|Clear Smog|p2a: Scream Tail\n|-supereffective|p2a: Scream Tail\n|-damage|p2a: Scream Tail|79\/100 slp\n|-clearboost|p2a: Scream Tail\n|\n|-start|p2a: Scream Tail|perish1\n|-start|p1b: Arcanine|perish1\n|-start|p2b: GO BIRD|perish1\n|-start|p1a: Amoonguss|perish1\n|upkeep\n|turn|4\n|inactive|Alexis_student has 30 seconds left.\n|inactive|huijpohub has 30 seconds left.\n|\n|t:|1682655497\n|-end|p2a: Scream Tail|Protosynthesis|[silent]\n|switch|p2a: Flutter Mane|Flutter Mane, L50|100\/100\n|switch|p2b: Amoonguss|Amoonguss, L50, F|100\/100\n|move|p1b: Arcanine|Flare Blitz|p2b: Amoonguss\n|-supereffective|p2b: Amoonguss\n|-damage|p2b: Amoonguss|0 fnt\n|faint|p2b: Amoonguss\n|-damage|p1b: Arcanine|48\/100|[from] Recoil\n|move|p1a: Amoonguss|Clear Smog|p2a: Flutter Mane\n|-damage|p2a: Flutter Mane|84\/100\n|-clearboost|p2a: Flutter Mane\n|\n|-start|p1b: Arcanine|perish0\n|-start|p1a: Amoonguss|perish0\n|upkeep\n|faint|p1b: Arcanine\n|faint|p1a: Amoonguss\n|\n|t:|1682655516\n|switch|p1b: Baxcalibur|Baxcalibur, L50, F|100\/100\n|switch|p1a: Palafin|Palafin-Hero, L50, F|100\/100\n|switch|p2b: GO BIRD|Gothitelle, L50, M|75\/100\n|-activate|p1a: Palafin|ability: Zero to Hero\n|turn|5\n|\n|t:|1682655538\n|-terastallize|p1a: Palafin|Water\n|-terastallize|p2b: GO BIRD|Water\n|move|p2a: Flutter Mane|Protect|p2a: Flutter Mane\n|-singleturn|p2a: Flutter Mane|Protect\n|move|p2b: GO BIRD|Fake Out|p1b: Baxcalibur\n|-damage|p1b: Baxcalibur|97\/100\n|move|p1a: Palafin|Jet Punch|p2a: Flutter Mane\n|-activate|p2a: Flutter Mane|move: Protect\n|cant|p1b: Baxcalibur|flinch\n|\n|upkeep\n|turn|6\n|\n|t:|1682655556\n|move|p1a: Palafin|Jet Punch|p2a: Flutter Mane\n|-damage|p2a: Flutter Mane|0 fnt\n|faint|p2a: Flutter Mane\n|-end|p2a: Flutter Mane|Protosynthesis|[silent]\n|move|p1b: Baxcalibur|Icicle Crash|p2b: GO BIRD\n|-resisted|p2b: GO BIRD\n|-damage|p2b: GO BIRD|49\/100\n|move|p2b: GO BIRD|Heal Pulse|p2: Flutter Mane|[notarget]\n|-fail|p2b: GO BIRD\n|\n|upkeep\n|\n|t:|1682655562\n|switch|p2a: Scream Tail|Scream Tail, L50, shiny|79\/100 slp\n|turn|7\n|\n|t:|1682655576\n|move|p2b: GO BIRD|Protect|p2b: GO BIRD\n|-singleturn|p2b: GO BIRD|Protect\n|move|p1a: Palafin|Jet Punch|p2a: Scream Tail\n|-damage|p2a: Scream Tail|34\/100 slp\n|-curestatus|p2a: Scream Tail|slp|[msg]\n|move|p2a: Scream Tail|Perish Song|p2a: Scream Tail\n|-start|p1a: Palafin|perish3|[silent]\n|-start|p1b: Baxcalibur|perish3|[silent]\n|-start|p2a: Scream Tail|perish3|[silent]\n|-start|p2b: GO BIRD|perish3|[silent]\n|-fieldactivate|move: Perish Song\n|move|p1b: Baxcalibur|Glaive Rush|p2b: GO BIRD\n|-activate|p2b: GO BIRD|move: Protect\n|\n|-start|p2a: Scream Tail|perish3\n|-start|p1a: Palafin|perish3\n|-start|p1b: Baxcalibur|perish3\n|-start|p2b: GO BIRD|perish3\n|upkeep\n|turn|8\n|\n|t:|1682655599\n|move|p1a: Palafin|Jet Punch|p2a: Scream Tail\n|-damage|p2a: Scream Tail|0 fnt\n|faint|p2a: Scream Tail\n|-end|p2a: Scream Tail|Protosynthesis|[silent]\n|move|p1b: Baxcalibur|Glaive Rush|p2b: GO BIRD\n|-damage|p2b: GO BIRD|0 fnt\n|-singlemove|p1b: Baxcalibur|Glaive Rush|[silent]\n|faint|p2b: GO BIRD\n|\n|win|Alexis_student\n|raw|Alexis_student's rating: 1037 → 1077<\/strong> (+40 for winning)\n|raw|huijpohub's rating: 1091 → 1064<\/strong> (-27 for losing)\n|l|\u2606huijpohub\n","uploadtime":1682655610,"views":10,"p1id":"alexisstudent","p2id":"huijpohub","formatid":"gen9vgc2023regulationc","rating":1064,"private":0,"password":""}