{"id":"gen9vgc2023regulationc-1846278709","p1":"unlucky star fan","p2":"Chugjbbibikb","format":"[Gen 9] VGC 2023 Regulation C","log":"|j|\u2606unlucky star fan\n|j|\u2606Chugjbbibikb\n|t:|1681827921\n|gametype|doubles\n|player|p1|unlucky star fan|waiter-gen4dp|1107\n|player|p2|Chugjbbibikb|170|1000\n|teamsize|p1|6\n|teamsize|p2|6\n|gen|9\n|tier|[Gen 9] VGC 2023 Regulation C\n|rated|\n|rule|Species Clause: Limit one of each Pok\u00e9mon\n|rule|Item Clause: Limit one of each item\n|clearpoke\n|poke|p1|Dondozo, L50, M|\n|poke|p1|Tatsugiri, L50, F|\n|poke|p1|Chi-Yu, L50|\n|poke|p1|Flutter Mane, L50|\n|poke|p1|Talonflame, L50, M|\n|poke|p1|Baxcalibur, L50, M|\n|poke|p2|Sandy Shocks, L50|\n|poke|p2|Chi-Yu, L50|\n|poke|p2|Dondozo, L50, M|\n|poke|p2|Tatsugiri, L50, M|\n|poke|p2|Flutter Mane, L50|\n|poke|p2|Corviknight, L50, M|\n|teampreview|4\n|inactive|Battle timer is ON: inactive players will automatically lose when time's up. (requested by unlucky star fan)\nunlucky star fan has agreed to open team sheets.\n|inactive|Chugjbbibikb has 60 seconds left.\n|\n|t:|1681827965\n|start\n|switch|p1a: Talonflame|Talonflame, L50, M|100\/100\n|switch|p1b: Baxcalibur|Baxcalibur, L50, M|100\/100\n|switch|p2a: Lust|Flutter Mane, L50|100\/100\n|switch|p2b: Pride|Corviknight, L50, M, shiny|100\/100\n|turn|1\n|\n|t:|1681827976\n|move|p2a: Lust|Protect|p2a: Lust\n|-singleturn|p2a: Lust|Protect\n|move|p1a: Talonflame|Tailwind|p1a: Talonflame\n|-sidestart|p1: unlucky star fan|move: Tailwind\n|move|p1b: Baxcalibur|Icicle Spear|p2a: Lust\n|-activate|p2a: Lust|move: Protect\n|move|p2b: Pride|Tailwind|p2b: Pride\n|-sidestart|p2: Chugjbbibikb|move: Tailwind\n|\n|upkeep\n|turn|2\n|\n|t:|1681828001\n|move|p1b: Baxcalibur|Protect|p1b: Baxcalibur\n|-singleturn|p1b: Baxcalibur|Protect\n|move|p1a: Talonflame|Brave Bird|p2a: Lust\n|-crit|p2a: Lust\n|-enditem|p2a: Lust|Focus Sash\n|-damage|p2a: Lust|1\/100\n|-damage|p1a: Talonflame|76\/100|[from] Recoil\n|move|p2a: Lust|Dazzling Gleam|p1b: Baxcalibur|[spread] p1a\n|-activate|p1b: Baxcalibur|move: Protect\n|-resisted|p1a: Talonflame\n|-damage|p1a: Talonflame|55\/100\n|move|p2b: Pride|Iron Head|p1b: Baxcalibur\n|-activate|p1b: Baxcalibur|move: Protect\n|\n|upkeep\n|turn|3\n|\n|t:|1681828017\n|move|p2a: Lust|Protect|p2a: Lust\n|-singleturn|p2a: Lust|Protect\n|move|p1b: Baxcalibur|Ice Shard|p2a: Lust\n|-activate|p2a: Lust|move: Protect\n|move|p1a: Talonflame|Will-O-Wisp|p2b: Pride\n|-status|p2b: Pride|brn\n|move|p2b: Pride|Brave Bird|p1a: Talonflame\n|-damage|p1a: Talonflame|23\/100\n|-damage|p2b: Pride|91\/100 brn|[from] Recoil\n|\n|-damage|p2b: Pride|85\/100 brn|[from] brn\n|upkeep\n|turn|4\n|\n|t:|1681828032\n|-end|p2a: Lust|Protosynthesis|[silent]\n|switch|p2a: Gluttony|Dondozo, L50, M, shiny|100\/100\n|switch|p1a: Chi-Yu|Chi-Yu, L50|100\/100\n|-ability|p1a: Chi-Yu|Beads of Ruin\n|move|p1b: Baxcalibur|Ice Shard|p2a: Gluttony\n|-resisted|p2a: Gluttony\n|-damage|p2a: Gluttony|92\/100\n|move|p2b: Pride|Brave Bird|p1a: Chi-Yu\n|-damage|p1a: Chi-Yu|65\/100\n|-damage|p2b: Pride|77\/100 brn|[from] Recoil\n|\n|-heal|p2a: Gluttony|98\/100|[from] item: Leftovers\n|-damage|p2b: Pride|71\/100 brn|[from] brn\n|-sideend|p2: Chugjbbibikb|move: Tailwind\n|-sideend|p1: unlucky star fan|move: Tailwind\n|upkeep\n|turn|5\n|\n|t:|1681828048\n|-terastallize|p1a: Chi-Yu|Grass\n|-terastallize|p2b: Pride|Fire\n|move|p2a: Gluttony|Protect|p2a: Gluttony\n|-singleturn|p2a: Gluttony|Protect\n|move|p1a: Chi-Yu|Tera Blast|p2a: Gluttony\n|-activate|p2a: Gluttony|move: Protect\n|move|p1b: Baxcalibur|Glaive Rush|p2a: Gluttony\n|-activate|p2a: Gluttony|move: Protect\n|move|p2b: Pride|Tailwind|p2b: Pride\n|-sidestart|p2: Chugjbbibikb|move: Tailwind\n|\n|-heal|p2a: Gluttony|100\/100|[from] item: Leftovers\n|-damage|p2b: Pride|65\/100 brn|[from] brn\n|upkeep\n|turn|6\n|inactive|unlucky star fan has 30 seconds left.\n|inactive|Chugjbbibikb has 30 seconds left.\n|inactive|Chugjbbibikb has 20 seconds left.\n|inactive|Chugjbbibikb has 15 seconds left.\n|inactive|Chugjbbibikb has 10 seconds left.\n|\n|t:|1681828097\n|switch|p2a: Lust|Flutter Mane, L50|1\/100\n|move|p1a: Chi-Yu|Protect|p1a: Chi-Yu\n|-singleturn|p1a: Chi-Yu|Protect\n|move|p2b: Pride|Brave Bird|p1a: Chi-Yu\n|-activate|p1a: Chi-Yu|move: Protect\n|move|p1b: Baxcalibur|Glaive Rush|p2a: Lust\n|-immune|p2a: Lust\n|\n|-damage|p2b: Pride|60\/100 brn|[from] brn\n|upkeep\n|turn|7\n|\n|t:|1681828109\n|move|p2a: Lust|Protect|p2a: Lust\n|-singleturn|p2a: Lust|Protect\n|move|p1b: Baxcalibur|Ice Shard|p2a: Lust\n|-activate|p2a: Lust|move: Protect\n|move|p2b: Pride|Brave Bird|p1a: Chi-Yu\n|-supereffective|p1a: Chi-Yu\n|-damage|p1a: Chi-Yu|0 fnt\n|faint|p1a: Chi-Yu\n|-damage|p2b: Pride|45\/100 brn|[from] Recoil\n|\n|-damage|p2b: Pride|39\/100 brn|[from] brn\n|upkeep\n|\n|t:|1681828119\n|switch|p1a: Talonflame|Talonflame, L50, M|23\/100\n|turn|8\n|\n|t:|1681828142\n|move|p1b: Baxcalibur|Ice Shard|p2a: Lust\n|-damage|p2a: Lust|0 fnt\n|faint|p2a: Lust\n|-end|p2a: Lust|Protosynthesis|[silent]\n|move|p2b: Pride|Brave Bird|p1a: Talonflame\n|-damage|p1a: Talonflame|0 fnt\n|faint|p1a: Talonflame\n|-damage|p2b: Pride|32\/100 brn|[from] Recoil\n|\n|-damage|p2b: Pride|26\/100 brn|[from] brn\n|-sideend|p2: Chugjbbibikb|move: Tailwind\n|upkeep\n|\n|t:|1681828155\n|switch|p2a: Gluttony|Dondozo, L50, M, shiny|100\/100\n|switch|p1a: Flutter Mane|Flutter Mane, L50|100\/100\n|-enditem|p1a: Flutter Mane|Booster Energy\n|-activate|p1a: Flutter Mane|ability: Protosynthesis|[fromitem]\n|-start|p1a: Flutter Mane|protosynthesisspa\n|turn|9\n|\n|t:|1681828165\n|move|p2a: Gluttony|Protect|p2a: Gluttony\n|-singleturn|p2a: Gluttony|Protect\n|move|p1a: Flutter Mane|Moonblast|p2a: Gluttony\n|-activate|p2a: Gluttony|move: Protect\n|move|p1b: Baxcalibur|Glaive Rush|p2a: Gluttony\n|-activate|p2a: Gluttony|move: Protect\n|move|p2b: Pride|Tailwind|p2b: Pride\n|-sidestart|p2: Chugjbbibikb|move: Tailwind\n|\n|-damage|p2b: Pride|20\/100 brn|[from] brn\n|upkeep\n|turn|10\n|\n|t:|1681828174\n|switch|p2b: Envy|Tatsugiri, L50, M, shiny|100\/100\n|-activate|p2b: Envy|ability: Commander|[of] p2a: Gluttony\n|-boost|p2a: Gluttony|atk|2\n|-boost|p2a: Gluttony|spa|2\n|-boost|p2a: Gluttony|spe|2\n|-boost|p2a: Gluttony|def|2\n|-boost|p2a: Gluttony|spd|2\n|move|p2a: Gluttony|Wave Crash|p1a: Flutter Mane\n|-damage|p1a: Flutter Mane|0 fnt\n|faint|p1a: Flutter Mane\n|-end|p1a: Flutter Mane|Protosynthesis|[silent]\n|-damage|p2a: Gluttony|77\/100|[from] Recoil\n|move|p1b: Baxcalibur|Glaive Rush|p2a: Gluttony\n|-damage|p2a: Gluttony|51\/100\n|-singlemove|p1b: Baxcalibur|Glaive Rush|[silent]\n|\n|-heal|p2a: Gluttony|57\/100|[from] item: Leftovers\n|upkeep\n|turn|11\n|-message|unlucky star fan forfeited.\n|\n|win|Chugjbbibikb\n|raw|unlucky star fan's rating: 1107 → 1075<\/strong> (-32 for losing)\n|raw|Chugjbbibikb's rating: 1000 → 1052<\/strong> (+52 for winning)\n|l|\u2606unlucky star fan\n","uploadtime":1681828408,"views":8,"p1id":"unluckystarfan","p2id":"chugjbbibikb","formatid":"gen9vgc2023regulationc","rating":1052,"private":0,"password":""}