{"id":"gen9vgc2023regulationc-1861330623","p1":"Rainmakerisback","p2":"Vengeful potato","format":"[Gen 9] VGC 2023 Regulation C","log":"|j|\u2606Rainmakerisback\n|j|\u2606Vengeful potato\n|t:|1683746580\n|gametype|doubles\n|player|p1|Rainmakerisback|101|1300\n|player|p2|Vengeful potato|swimmer-gen4|1261\n|teamsize|p1|6\n|teamsize|p2|6\n|gen|9\n|tier|[Gen 9] VGC 2023 Regulation C\n|rated|\n|rule|Species Clause: Limit one of each Pok\u00e9mon\n|rule|Item Clause: Limit one of each item\n|clearpoke\n|poke|p1|Lilligant, L50, F|\n|poke|p1|Torkoal, L50, F|\n|poke|p1|Flutter Mane, L50|\n|poke|p1|Kingambit, L50, F|\n|poke|p1|Dragonite, L50, F|\n|poke|p1|Great Tusk, L50|\n|poke|p2|Dudunsparce-*, L50, M|\n|poke|p2|Hariyama, L50, M|\n|poke|p2|Corviknight, L50, F|\n|poke|p2|Iron Moth, L50|\n|poke|p2|Abomasnow, L50, M|\n|poke|p2|Veluza, L50, M|\n|teampreview|4\n|j| Chancellor Strivy\n|inactive|Battle timer is ON: inactive players will automatically lose when time's up. (requested by Rainmakerisback)\n|\n|t:|1683746619\n|start\n|switch|p1a: HOT|Kingambit, L50, F, shiny|100\/100\n|switch|p1b: Trouble|Great Tusk, L50, shiny|100\/100\n|switch|p2a: Double Trouble|Dudunsparce, L50, M|100\/100\n|switch|p2b: THICC|Hariyama, L50, M, shiny|100\/100\n|turn|1\n|\n|t:|1683746635\n|switch|p1a: FANCY|Flutter Mane, L50, shiny|100\/100\n|move|p2b: THICC|Fake Out|p1b: Trouble\n|-damage|p1b: Trouble|90\/100\n|cant|p1b: Trouble|flinch\n|move|p2a: Double Trouble|Glare|p1b: Trouble\n|-status|p1b: Trouble|par\n|\n|upkeep\n|turn|2\n|\n|t:|1683746657\n|switch|p2b: Polished|Corviknight, L50, F, shiny|100\/100\n|move|p1a: FANCY|Moonblast|p2b: Polished\n|-resisted|p2b: Polished\n|-damage|p2b: Polished|69\/100\n|cant|p1b: Trouble|par\n|move|p2a: Double Trouble|Glare|p1a: FANCY\n|-status|p1a: FANCY|par\n|\n|upkeep\n|turn|3\n|\n|t:|1683746672\n|-end|p1a: FANCY|Protosynthesis|[silent]\n|switch|p1a: HOT|Kingambit, L50, F, shiny|100\/100\n|move|p2a: Double Trouble|Protect|p2a: Double Trouble\n|-singleturn|p2a: Double Trouble|Protect\n|move|p1b: Trouble|Close Combat|p2a: Double Trouble\n|-activate|p2a: Double Trouble|move: Protect\n|move|p2b: Polished|Brave Bird|p1b: Trouble\n|-supereffective|p1b: Trouble\n|-damage|p1b: Trouble|29\/100 par\n|-damage|p2b: Polished|50\/100|[from] Recoil\n|\n|upkeep\n|turn|4\n|l| Chancellor Strivy\n|inactive|Rainmakerisback has 30 seconds left.\n|\n|t:|1683746698\n|-end|p1b: Trouble|Protosynthesis|[silent]\n|switch|p1b: Breakthrough|Torkoal, L50, F, shiny|100\/100\n|-weather|SunnyDay|[from] ability: Drought|[of] p1b: Breakthrough\n|-terastallize|p1a: HOT|Fire\n|move|p2a: Double Trouble|Glare|p1a: HOT\n|-status|p1a: HOT|par\n|move|p2b: Polished|Roost|p2b: Polished\n|-heal|p2b: Polished|99\/100\n|-singleturn|p2b: Polished|move: Roost\n|move|p1a: HOT|Tera Blast|p2b: Polished\n|-supereffective|p2b: Polished\n|-damage|p2b: Polished|0 fnt\n|faint|p2b: Polished\n|\n|-weather|SunnyDay|[upkeep]\n|upkeep\n|\n|t:|1683746711\n|switch|p2b: THICC|Hariyama, L50, M, shiny|100\/100\n|turn|5\n|\n|t:|1683746723\n|move|p1b: Breakthrough|Protect|p1b: Breakthrough\n|-singleturn|p1b: Breakthrough|Protect\n|move|p2b: THICC|Fake Out|p1b: Breakthrough\n|-activate|p1b: Breakthrough|move: Protect\n|move|p2a: Double Trouble|Rock Slide|p1a: HOT|[spread] p1a\n|-activate|p1b: Breakthrough|move: Protect\n|-supereffective|p1a: HOT\n|-crit|p1a: HOT\n|-damage|p1a: HOT|72\/100 par\n|move|p1a: HOT|Tera Blast|p2b: THICC\n|-damage|p2b: THICC|68\/100\n|\n|-weather|SunnyDay|[upkeep]\n|upkeep\n|turn|6\n|inactive|Rainmakerisback has 30 seconds left.\n|\n|t:|1683746751\n|move|p2a: Double Trouble|Rock Slide|p1b: Breakthrough|[spread] p1a\n|-miss|p2a: Double Trouble|p1b: Breakthrough\n|-supereffective|p1a: HOT\n|-damage|p1a: HOT|50\/100 par\n|move|p2b: THICC|Drain Punch|p1b: Breakthrough\n|-damage|p1b: Breakthrough|75\/100\n|-heal|p2b: THICC|78\/100|[from] drain|[of] p1b: Breakthrough\n|cant|p1a: HOT|flinch\n|move|p1b: Breakthrough|Flamethrower|p2b: THICC\n|-damage|p2b: THICC|50\/100\n|\n|-weather|SunnyDay|[upkeep]\n|upkeep\n|turn|7\n|\n|t:|1683746770\n|move|p1b: Breakthrough|Protect|p1b: Breakthrough\n|-singleturn|p1b: Breakthrough|Protect\n|move|p2a: Double Trouble|Rock Slide|p1b: Breakthrough|[spread] p1a\n|-activate|p1b: Breakthrough|move: Protect\n|-supereffective|p1a: HOT\n|-damage|p1a: HOT|33\/100 par\n|move|p2b: THICC|Drain Punch|p1a: HOT\n|-damage|p1a: HOT|8\/100 par\n|-heal|p2b: THICC|62\/100|[from] drain|[of] p1a: HOT\n|cant|p1a: HOT|flinch\n|\n|-weather|SunnyDay|[upkeep]\n|upkeep\n|turn|8\n|\n|t:|1683746790\n|move|p1a: HOT|Sucker Punch|p2b: THICC\n|-resisted|p2b: THICC\n|-damage|p2b: THICC|43\/100\n|move|p2a: Double Trouble|Rock Slide|p1a: HOT|[spread] p1a,p1b\n|-supereffective|p1a: HOT\n|-supereffective|p1b: Breakthrough\n|-damage|p1a: HOT|0 fnt\n|-damage|p1b: Breakthrough|54\/100\n|faint|p1a: HOT\n|move|p2b: THICC|Drain Punch|p1b: Breakthrough\n|-damage|p1b: Breakthrough|27\/100\n|-heal|p2b: THICC|54\/100|[from] drain|[of] p1b: Breakthrough\n|move|p1b: Breakthrough|Flamethrower|p2b: THICC\n|-damage|p2b: THICC|24\/100\n|-enditem|p2b: THICC|Mago Berry|[eat]\n|-heal|p2b: THICC|57\/100|[from] item: Mago Berry\n|\n|-weather|none\n|upkeep\n|\n|t:|1683746800\n|switch|p1a: FANCY|Flutter Mane, L50, shiny|100\/100 par\n|turn|9\n|\n|t:|1683746805\n|-terastallize|p2b: THICC|Steel\n|move|p1b: Breakthrough|Protect|p1b: Breakthrough\n|-singleturn|p1b: Breakthrough|Protect\n|move|p2b: THICC|Bullet Punch|p1a: FANCY\n|-supereffective|p1a: FANCY\n|-damage|p1a: FANCY|37\/100 par\n|move|p2a: Double Trouble|Rock Slide|p1b: Breakthrough|[spread] p1a\n|-activate|p1b: Breakthrough|move: Protect\n|-damage|p1a: FANCY|13\/100 par\n|cant|p1a: FANCY|flinch\n|\n|upkeep\n|turn|10\n|c|\u2606Rainmakerisback|That team is lit\n|c|\u2606Vengeful potato|Thanks\n|c|\u2606Rainmakerisback|Good job\n|\n|t:|1683746827\n|move|p2a: Double Trouble|Rock Slide|p1b: Breakthrough|[spread] p1a,p1b\n|-supereffective|p1b: Breakthrough\n|-damage|p1a: FANCY|0 fnt\n|-damage|p1b: Breakthrough|7\/100\n|faint|p1a: FANCY\n|-end|p1a: FANCY|Protosynthesis|[silent]\n|move|p2b: THICC|Drain Punch|p1b: Breakthrough\n|-damage|p1b: Breakthrough|0 fnt\n|-heal|p2b: THICC|60\/100|[from] drain|[of] p1b: Breakthrough\n|faint|p1b: Breakthrough\n|\n|upkeep\n|\n|t:|1683746830\n|switch|p1b: Trouble|Great Tusk, L50, shiny|29\/100 par\n|turn|11\n|\n|t:|1683746839\n|move|p2a: Double Trouble|Protect|p2a: Double Trouble\n|-singleturn|p2a: Double Trouble|Protect\n|move|p2b: THICC|Bullet Punch|p1b: Trouble\n|-damage|p1b: Trouble|16\/100 par\n|cant|p1b: Trouble|par\n|\n|upkeep\n|turn|12\n|\n|t:|1683746845\n|move|p2b: THICC|Bullet Punch|p1b: Trouble\n|-damage|p1b: Trouble|2\/100 par\n|move|p1b: Trouble|Close Combat|p2a: Double Trouble\n|-supereffective|p2a: Double Trouble\n|-damage|p2a: Double Trouble|0 fnt\n|-unboost|p1b: Trouble|def|1\n|-unboost|p1b: Trouble|spd|1\n|faint|p2a: Double Trouble\n|\n|upkeep\n|\n|t:|1683746848\n|switch|p2a: Solar Energy|Iron Moth, L50|100\/100\n|turn|13\n|c|\u2606Vengeful potato|Gg wp\n|\n|t:|1683746857\n|move|p2b: THICC|Bullet Punch|p1b: Trouble\n|-damage|p1b: Trouble|0 fnt\n|faint|p1b: Trouble\n|-end|p1b: Trouble|Protosynthesis|[silent]\n|\n|win|Vengeful potato\n|raw|Rainmakerisback's rating: 1300 → 1272<\/strong> (-28 for losing)\n|raw|Vengeful potato's rating: 1261 → 1289<\/strong> (+28 for winning)\n|l|\u2606Rainmakerisback\n","uploadtime":1683746903,"views":11,"p1id":"rainmakerisback","p2id":"vengefulpotato","formatid":"gen9vgc2023regulationc","rating":1272,"private":0,"password":""}