{"id":"gen9vgc2023regulationc-1850723393","p1":"Juliogu10","p2":"ultimatex888","format":"[Gen 9] VGC 2023 Regulation C","log":"|j|\u2606Juliogu10\n|j|\u2606ultimatex888\n|t:|1682362144\n|gametype|doubles\n|player|p1|Juliogu10|170|1327\n|player|p2|ultimatex888|2|1286\n|teamsize|p1|6\n|teamsize|p2|6\n|gen|9\n|tier|[Gen 9] VGC 2023 Regulation C\n|rated|\n|rule|Species Clause: Limit one of each Pok\u00e9mon\n|rule|Item Clause: Limit one of each item\n|clearpoke\n|poke|p1|Palafin, L50, F|\n|poke|p1|Amoonguss, L50, M|\n|poke|p1|Dragapult, L50, F|\n|poke|p1|Flutter Mane, L50|\n|poke|p1|Chien-Pao, L50|\n|poke|p1|Great Tusk, L50|\n|poke|p2|Palafin, L50, M|\n|poke|p2|Chien-Pao, L50|\n|poke|p2|Dragapult, L50, F|\n|poke|p2|Amoonguss, L50, M|\n|poke|p2|Arcanine, L50, M|\n|poke|p2|Flutter Mane, L50|\n|teampreview|4\nultimatex888 has agreed to open team sheets.\n|inactive|Battle timer is ON: inactive players will automatically lose when time's up. (requested by Juliogu10)\n|inactive|Juliogu10 has 60 seconds left.\n|\n|t:|1682362198\n|start\n|switch|p1a: Chien-Pao|Chien-Pao, L50|100\/100\n|switch|p1b: Great Tusk|Great Tusk, L50|100\/100\n|switch|p2a: Arcanine|Arcanine, L50, M|100\/100\n|switch|p2b: Dragapult|Dragapult, L50, F|100\/100\n|-ability|p1a: Chien-Pao|Sword of Ruin\n|-ability|p2a: Arcanine|Intimidate|boost\n|-unboost|p1a: Chien-Pao|atk|1\n|-unboost|p1b: Great Tusk|atk|1\n|turn|1\n|inactive|ultimatex888 has 30 seconds left.\n|inactive|ultimatex888 has 20 seconds left.\n|inactive|ultimatex888 has 15 seconds left.\n|inactive|ultimatex888 has 10 seconds left.\n|\n|t:|1682362248\n|-terastallize|p2a: Arcanine|Flying\n|move|p1a: Chien-Pao|Sucker Punch|p2b: Dragapult\n|-supereffective|p2b: Dragapult\n|-damage|p2b: Dragapult|10\/100\n|move|p1b: Great Tusk|Headlong Rush|p2a: Arcanine\n|-immune|p2a: Arcanine\n|move|p2b: Dragapult|Phantom Force||[still]\n|-prepare|p2b: Dragapult|Phantom Force\n|move|p2a: Arcanine|Flare Blitz|p1a: Chien-Pao\n|-supereffective|p1a: Chien-Pao\n|-enditem|p1a: Chien-Pao|Focus Sash\n|-damage|p1a: Chien-Pao|1\/100\n|-damage|p2a: Arcanine|74\/100|[from] Recoil\n|\n|upkeep\n|turn|2\n|inactive|Juliogu10 has 30 seconds left.\n|inactive|Juliogu10 has 20 seconds left.\n|inactive|Juliogu10 has 15 seconds left.\n|inactive|Juliogu10 has 10 seconds left.\n|inactive|Juliogu10 has 5 seconds left.\n|\n|t:|1682362301\n|-end|p1b: Great Tusk|Protosynthesis|[silent]\n|switch|p1b: Dragapult|Dragapult, L50, F|100\/100\n|move|p2a: Arcanine|Extreme Speed|p1a: Chien-Pao\n|-damage|p1a: Chien-Pao|0 fnt\n|faint|p1a: Chien-Pao\n|move|p2b: Dragapult|Phantom Force|p1b: Dragapult|[from]lockedmove\n|-supereffective|p1b: Dragapult\n|-damage|p1b: Dragapult|0 fnt\n|faint|p1b: Dragapult\n|\n|upkeep\n|\n|t:|1682362311\n|switch|p1b: Great Tusk|Great Tusk, L50|100\/100\n|switch|p1a: Flutter Mane|Flutter Mane, L50|100\/100\n|turn|3\n|inactive|Juliogu10 has 30 seconds left.\n|\n|t:|1682362341\n|-terastallize|p1a: Flutter Mane|Fairy\n|move|p1b: Great Tusk|Iron Head|p2b: Dragapult\n|-damage|p2b: Dragapult|0 fnt\n|faint|p2b: Dragapult\n|move|p1a: Flutter Mane|Dazzling Gleam|p2a: Arcanine\n|-damage|p2a: Arcanine|0 fnt\n|faint|p2a: Arcanine\n|\n|upkeep\n|\n|t:|1682362349\n|switch|p2b: Flutter Mane|Flutter Mane, L50|100\/100\n|switch|p2a: Chien-Pao|Chien-Pao, L50|100\/100\n|-ability|p2a: Chien-Pao|Sword of Ruin\n|-enditem|p2b: Flutter Mane|Booster Energy\n|-activate|p2b: Flutter Mane|ability: Protosynthesis|[fromitem]\n|-start|p2b: Flutter Mane|protosynthesisspa\n|turn|4\n|inactive|ultimatex888 has 30 seconds left.\n|inactive|ultimatex888 has 20 seconds left.\n|\n|t:|1682362385\n|move|p2a: Chien-Pao|Protect|p2a: Chien-Pao\n|-singleturn|p2a: Chien-Pao|Protect\n|move|p1b: Great Tusk|Iron Head|p2b: Flutter Mane\n|-supereffective|p2b: Flutter Mane\n|-damage|p2b: Flutter Mane|0 fnt\n|faint|p2b: Flutter Mane\n|-end|p2b: Flutter Mane|Protosynthesis|[silent]\n|move|p1a: Flutter Mane|Dazzling Gleam|p2a: Chien-Pao\n|-activate|p2a: Chien-Pao|move: Protect\n|\n|upkeep\n|turn|5\n|-message|ultimatex888 forfeited.\n|\n|win|Juliogu10\n|raw|Juliogu10's rating: 1327 → 1345<\/strong> (+18 for winning)\n|raw|ultimatex888's rating: 1286 → 1264<\/strong> (-22 for losing)\n|l|\u2606ultimatex888\n","uploadtime":1682362402,"views":11,"p1id":"juliogu10","p2id":"ultimatex888","formatid":"gen9vgc2023regulationc","rating":1264,"private":0,"password":""}