{"id":"gen9vgc2023regulationc-1862057296","p1":"McMurdo1","p2":"zolorao","format":"[Gen 9] VGC 2023 Regulation C","log":"|j|\u2606McMurdo1\n|j|\u2606zolorao\n|t:|1683832768\n|gametype|doubles\n|player|p1|McMurdo1|swimmer-gen4dp|1049\n|player|p2|zolorao|265|1000\n|teamsize|p1|6\n|teamsize|p2|6\n|gen|9\n|tier|[Gen 9] VGC 2023 Regulation C\n|rated|\n|rule|Species Clause: Limit one of each Pok\u00e9mon\n|rule|Item Clause: Limit one of each item\n|clearpoke\n|poke|p1|Flutter Mane, L50|\n|poke|p1|Tyranitar, L50, M|\n|poke|p1|Talonflame, L50, F|\n|poke|p1|Amoonguss, L50, M|\n|poke|p1|Gyarados, L50, M|\n|poke|p1|Braviary, L50, M|\n|poke|p2|Flutter Mane, L50|\n|poke|p2|Baxcalibur, L50, M|\n|poke|p2|Amoonguss, L50, F|\n|poke|p2|Arcanine, L50, M|\n|poke|p2|Iron Bundle, L50|\n|poke|p2|Tyranitar, L50, F|\n|teampreview|4\nzolorao has agreed to open team sheets.\n|\n|t:|1683832813\n|start\n|switch|p1a: Tyranitar|Tyranitar, L50, M|100\/100\n|switch|p1b: Talonflame|Talonflame, L50, F|100\/100\n|switch|p2a: Flutter Mane|Flutter Mane, L50|100\/100\n|switch|p2b: Baxcalibur|Baxcalibur, L50, M|100\/100\n|-weather|Sandstorm|[from] ability: Sand Stream|[of] p1a: Tyranitar\n|turn|1\n|\n|t:|1683832841\n|move|p1b: Talonflame|Tailwind|p1b: Talonflame\n|-sidestart|p1: McMurdo1|move: Tailwind\n|move|p1a: Tyranitar|Rock Slide|p2b: Baxcalibur|[spread] p2a,p2b\n|-supereffective|p2b: Baxcalibur\n|-damage|p2a: Flutter Mane|36\/100\n|-damage|p2b: Baxcalibur|31\/100\n|move|p2a: Flutter Mane|Moonblast|p1a: Tyranitar\n|-supereffective|p1a: Tyranitar\n|-damage|p1a: Tyranitar|37\/100\n|move|p2b: Baxcalibur|Icicle Spear|p1b: Talonflame\n|-damage|p1b: Talonflame|85\/100\n|-damage|p1b: Talonflame|68\/100\n|-damage|p1b: Talonflame|50\/100\n|-damage|p1b: Talonflame|34\/100\n|-hitcount|p1b: Talonflame|4\n|\n|-weather|Sandstorm|[upkeep]\n|-damage|p2a: Flutter Mane|30\/100|[from] Sandstorm\n|-damage|p2b: Baxcalibur|25\/100|[from] Sandstorm\n|upkeep\n|turn|2\n|\n|t:|1683832866\n|switch|p1b: Amoonguss|Amoonguss, L50, M|100\/100\n|-end|p2a: Flutter Mane|Protosynthesis|[silent]\n|switch|p2a: Amoonguss|Amoonguss, L50, F|100\/100\n|switch|p2b: Tyranitar|Tyranitar, L50, F|100\/100\n|move|p1a: Tyranitar|Rock Slide|p2a: Amoonguss|[spread] p2a,p2b\n|-damage|p2a: Amoonguss|70\/100\n|-damage|p2b: Tyranitar|71\/100\n|\n|-weather|Sandstorm|[upkeep]\n|-damage|p1b: Amoonguss|95\/100|[from] Sandstorm\n|-damage|p2a: Amoonguss|64\/100|[from] Sandstorm\n|upkeep\n|turn|3\n|\n|t:|1683832892\n|move|p2a: Amoonguss|Rage Powder|p2a: Amoonguss\n|-singleturn|p2a: Amoonguss|move: Rage Powder\n|move|p1a: Tyranitar|Rock Slide|p2b: Tyranitar|[spread] p2a,p2b\n|-damage|p2a: Amoonguss|34\/100\n|-damage|p2b: Tyranitar|42\/100\n|-enditem|p2a: Amoonguss|Sitrus Berry|[eat]\n|-heal|p2a: Amoonguss|59\/100|[from] item: Sitrus Berry\n|move|p1b: Amoonguss|Pollen Puff|p1a: Tyranitar\n|-heal|p1a: Tyranitar|87\/100\n|move|p2b: Tyranitar|Low Kick|p1a: Tyranitar\n|-supereffective|p1a: Tyranitar\n|-damage|p1a: Tyranitar|0 fnt\n|faint|p1a: Tyranitar\n|\n|-weather|Sandstorm|[upkeep]\n|-damage|p1b: Amoonguss|89\/100|[from] Sandstorm\n|-damage|p2a: Amoonguss|53\/100|[from] Sandstorm\n|upkeep\n|\n|t:|1683832912\n|switch|p1a: Gyarados|Gyarados, L50, M|100\/100\n|-ability|p1a: Gyarados|Intimidate|boost\n|-unboost|p2a: Amoonguss|atk|1\n|-unboost|p2b: Tyranitar|atk|1\n|turn|4\n|\n|t:|1683832937\n|move|p1b: Amoonguss|Protect|p1b: Amoonguss\n|-singleturn|p1b: Amoonguss|Protect\n|move|p2a: Amoonguss|Rage Powder|p2a: Amoonguss\n|-singleturn|p2a: Amoonguss|move: Rage Powder\n|move|p1a: Gyarados|Earthquake|p2a: Amoonguss|[spread] p2a,p2b\n|-activate|p1b: Amoonguss|move: Protect\n|-supereffective|p2b: Tyranitar\n|-damage|p2a: Amoonguss|33\/100\n|-damage|p2b: Tyranitar|7\/100\n|move|p2b: Tyranitar|Rock Slide|p1a: Gyarados|[spread] p1a\n|-activate|p1b: Amoonguss|move: Protect\n|-supereffective|p1a: Gyarados\n|-damage|p1a: Gyarados|58\/100\n|\n|-weather|Sandstorm|[upkeep]\n|-damage|p1a: Gyarados|52\/100|[from] Sandstorm\n|-damage|p1b: Amoonguss|83\/100|[from] Sandstorm\n|-damage|p2a: Amoonguss|27\/100|[from] Sandstorm\n|-sideend|p1: McMurdo1|move: Tailwind\n|upkeep\n|turn|5\n|\n|t:|1683832966\n|-terastallize|p2b: Tyranitar|Flying\n|move|p1a: Gyarados|Dragon Dance|p1a: Gyarados\n|-boost|p1a: Gyarados|atk|1\n|-boost|p1a: Gyarados|spe|1\n|move|p2b: Tyranitar|Tera Blast|p1b: Amoonguss\n|-supereffective|p1b: Amoonguss\n|-damage|p1b: Amoonguss|32\/100\n|-enditem|p1b: Amoonguss|Sitrus Berry|[eat]\n|-heal|p1b: Amoonguss|57\/100|[from] item: Sitrus Berry\n|move|p2a: Amoonguss|Spore|p1a: Gyarados\n|-status|p1a: Gyarados|slp|[from] move: Spore\n|move|p1b: Amoonguss|Pollen Puff|p2b: Tyranitar\n|-resisted|p2b: Tyranitar\n|-damage|p2b: Tyranitar|2\/100\n|\n|-weather|none\n|upkeep\n|turn|6\n|\n|t:|1683833003\n|move|p2a: Amoonguss|Rage Powder|p2a: Amoonguss\n|-singleturn|p2a: Amoonguss|move: Rage Powder\n|cant|p1a: Gyarados|slp\n|move|p2b: Tyranitar|Tera Blast|p1b: Amoonguss\n|-supereffective|p1b: Amoonguss\n|-damage|p1b: Amoonguss|9\/100\n|move|p1b: Amoonguss|Pollen Puff|p1a: Gyarados\n|-heal|p1a: Gyarados|100\/100 slp\n|\n|upkeep\n|turn|7\n|\n|t:|1683833027\n|switch|p1b: Talonflame|Talonflame, L50, F|34\/100\n|move|p2a: Amoonguss|Rage Powder|p2a: Amoonguss\n|-singleturn|p2a: Amoonguss|move: Rage Powder\n|cant|p1a: Gyarados|slp\n|move|p2b: Tyranitar|Tera Blast|p1b: Talonflame\n|-damage|p1b: Talonflame|2\/100\n|\n|upkeep\n|turn|8\n|\n|t:|1683833064\n|switch|p1b: Amoonguss|Amoonguss, L50, M|42\/100\n|cant|p1a: Gyarados|slp\n|move|p2b: Tyranitar|Rock Slide|p1b: Amoonguss|[spread] p1a,p1b\n|-supereffective|p1a: Gyarados\n|-crit|p1a: Gyarados\n|-damage|p1a: Gyarados|0 fnt\n|-damage|p1b: Amoonguss|24\/100\n|faint|p1a: Gyarados\n|move|p2a: Amoonguss|Pollen Puff|p2b: Tyranitar\n|-heal|p2b: Tyranitar|52\/100\n|\n|upkeep\n|\n|t:|1683833078\n|switch|p1a: Talonflame|Talonflame, L50, F|2\/100\n|turn|9\n|-message|McMurdo1 forfeited.\n|\n|win|zolorao\n|raw|McMurdo1's rating: 1049 → 1029<\/strong> (-20 for losing)\n|raw|zolorao's rating: 1000 → 1046<\/strong> (+46 for winning)\n|l|\u2606McMurdo1\n","uploadtime":1683833132,"views":15,"p1id":"mcmurdo1","p2id":"zolorao","formatid":"gen9vgc2023regulationc","rating":1029,"private":0,"password":""}