{"id":"gen9vgc2023regulationc-1857272584","p1":"grace_my_world","p2":"ryan ogawa","format":"[Gen 9] VGC 2023 Regulation C","log":"|j|\u2606grace_my_world\n|j|\u2606ryan ogawa\n|t:|1683166220\n|gametype|doubles\n|player|p1|grace_my_world|266|1512\n|player|p2|ryan ogawa|266|1592\n|teamsize|p1|6\n|teamsize|p2|6\n|gen|9\n|tier|[Gen 9] VGC 2023 Regulation C\n|rated|\n|rule|Species Clause: Limit one of each Pok\u00e9mon\n|rule|Item Clause: Limit one of each item\n|clearpoke\n|poke|p1|Iron Bundle, L50|\n|poke|p1|Chi-Yu, L50|\n|poke|p1|Gyarados, L50, F|\n|poke|p1|Glimmora, L50, M|\n|poke|p1|Wo-Chien, L50|\n|poke|p1|Scizor, L50, F|\n|poke|p2|Arcanine, L50, M|\n|poke|p2|Gholdengo, L50|\n|poke|p2|Amoonguss, L50, F|\n|poke|p2|Flutter Mane, L50|\n|poke|p2|Great Tusk, L50|\n|poke|p2|Murkrow, L50, M|\n|teampreview|4\n|inactive|Battle timer is ON: inactive players will automatically lose when time's up. (requested by grace_my_world)\n|inactive|ryan ogawa has 60 seconds left.\n|inactive|grace_my_world has 60 seconds left.\n|\n|t:|1683166267\n|start\n|switch|p1a: Scizor|Scizor, L50, F|100\/100\n|switch|p1b: Chi-Yu|Chi-Yu, L50|100\/100\n|switch|p2a: Gholdengo|Gholdengo, L50|100\/100\n|switch|p2b: Flutter Mane|Flutter Mane, L50|100\/100\n|-ability|p1b: Chi-Yu|Beads of Ruin\n|turn|1\n|inactive|ryan ogawa has 30 seconds left.\n|\n|t:|1683166301\n|-end|p2b: Flutter Mane|Protosynthesis|[silent]\n|switch|p2b: Arcanine|Arcanine, L50, M|100\/100\n|-ability|p2b: Arcanine|Intimidate|boost\n|-unboost|p1a: Scizor|atk|1\n|-unboost|p1b: Chi-Yu|atk|1\n|move|p2a: Gholdengo|Protect|p2a: Gholdengo\n|-singleturn|p2a: Gholdengo|Protect\n|move|p1a: Scizor|Bullet Punch|p2b: Arcanine\n|-resisted|p2b: Arcanine\n|-damage|p2b: Arcanine|82\/100\n|move|p1b: Chi-Yu|Dark Pulse|p2a: Gholdengo\n|-activate|p2a: Gholdengo|move: Protect\n|\n|upkeep\n|turn|2\n|inactive|ryan ogawa has 30 seconds left.\n|inactive|ryan ogawa has 20 seconds left.\n|\n|t:|1683166337\n|switch|p1a: Wo-Chien|Wo-Chien, L50|100\/100\n|-ability|p1a: Wo-Chien|Tablets of Ruin\n|-terastallize|p2a: Gholdengo|Water\n|move|p1b: Chi-Yu|Dark Pulse|p2a: Gholdengo\n|-damage|p2a: Gholdengo|27\/100\n|-damage|p1b: Chi-Yu|91\/100|[from] item: Life Orb\n|move|p2a: Gholdengo|Make It Rain|p1b: Chi-Yu|[spread] p1a,p1b\n|-resisted|p1b: Chi-Yu\n|-damage|p1a: Wo-Chien|65\/100\n|-damage|p1b: Chi-Yu|67\/100\n|-unboost|p2a: Gholdengo|spa|1\n|move|p2b: Arcanine|Flare Blitz|p1b: Chi-Yu\n|-resisted|p1b: Chi-Yu\n|-damage|p1b: Chi-Yu|44\/100\n|-damage|p2b: Arcanine|76\/100|[from] Recoil\n|\n|-heal|p2a: Gholdengo|33\/100|[from] item: Leftovers\n|-heal|p1a: Wo-Chien|71\/100|[from] item: Leftovers\n|upkeep\n|turn|3\n|inactive|ryan ogawa has 30 seconds left.\n|inactive|ryan ogawa has 20 seconds left.\n|\n|t:|1683166375\n|-terastallize|p1a: Wo-Chien|Poison\n|move|p2a: Gholdengo|Protect|p2a: Gholdengo\n|-singleturn|p2a: Gholdengo|Protect\n|move|p1b: Chi-Yu|Dark Pulse|p2a: Gholdengo\n|-activate|p2a: Gholdengo|move: Protect\n|move|p2b: Arcanine|Flare Blitz|p1b: Chi-Yu\n|-resisted|p1b: Chi-Yu\n|-damage|p1b: Chi-Yu|20\/100\n|-damage|p2b: Arcanine|70\/100|[from] Recoil\n|move|p1a: Wo-Chien|Leech Seed|p2b: Arcanine\n|-start|p2b: Arcanine|move: Leech Seed\n|\n|-heal|p2a: Gholdengo|39\/100|[from] item: Leftovers\n|-heal|p1a: Wo-Chien|77\/100|[from] item: Leftovers\n|-damage|p2b: Arcanine|58\/100|[from] Leech Seed|[of] p1a: Wo-Chien\n|-heal|p1a: Wo-Chien|90\/100|[silent]\n|upkeep\n|turn|4\n|j| KounoTaro\n|inactive|ryan ogawa has 30 seconds left.\n|\n|t:|1683166407\n|move|p2b: Arcanine|Extreme Speed|p1b: Chi-Yu\n|-damage|p1b: Chi-Yu|0 fnt\n|faint|p1b: Chi-Yu\n|move|p2a: Gholdengo|Nasty Plot|p2a: Gholdengo\n|-boost|p2a: Gholdengo|spa|2\n|move|p1a: Wo-Chien|Pollen Puff|p1: Chi-Yu|[notarget]\n|-fail|p1a: Wo-Chien\n|\n|-heal|p2a: Gholdengo|46\/100|[from] item: Leftovers\n|-heal|p1a: Wo-Chien|96\/100|[from] item: Leftovers\n|-damage|p2b: Arcanine|45\/100|[from] Leech Seed|[of] p1a: Wo-Chien\n|-heal|p1a: Wo-Chien|100\/100|[silent]\n|upkeep\n|-enditem|p2b: Arcanine|Sitrus Berry|[eat]\n|-heal|p2b: Arcanine|70\/100|[from] item: Sitrus Berry\n|\n|t:|1683166420\n|switch|p1b: Iron Bundle|Iron Bundle, L50|100\/100\n|-enditem|p1b: Iron Bundle|Booster Energy\n|-activate|p1b: Iron Bundle|ability: Quark Drive|[fromitem]\n|-start|p1b: Iron Bundle|quarkdrivespe\n|turn|5\n|\n|t:|1683166432\n|switch|p2b: Amoonguss|Amoonguss, L50, F|100\/100\n|move|p2a: Gholdengo|Protect|p2a: Gholdengo\n|-singleturn|p2a: Gholdengo|Protect\n|move|p1b: Iron Bundle|Freeze-Dry|p2a: Gholdengo\n|-activate|p2a: Gholdengo|move: Protect\n|move|p1a: Wo-Chien|Foul Play|p2b: Amoonguss\n|-damage|p2b: Amoonguss|83\/100\n|-damage|p1a: Wo-Chien|84\/100|[from] item: Rocky Helmet|[of] p2b: Amoonguss\n|\n|-heal|p2a: Gholdengo|52\/100|[from] item: Leftovers\n|-heal|p1a: Wo-Chien|90\/100|[from] item: Leftovers\n|upkeep\n|turn|6\n|inactive|grace_my_world has 30 seconds left.\n|\n|t:|1683166458\n|move|p2b: Amoonguss|Rage Powder|p2b: Amoonguss\n|-singleturn|p2b: Amoonguss|move: Rage Powder\n|move|p1b: Iron Bundle|Freeze-Dry|p2b: Amoonguss\n|-supereffective|p2b: Amoonguss\n|-damage|p2b: Amoonguss|16\/100\n|move|p2a: Gholdengo|Make It Rain|p1b: Iron Bundle|[spread] p1a,p1b\n|-damage|p1a: Wo-Chien|47\/100\n|-damage|p1b: Iron Bundle|0 fnt\n|-unboost|p2a: Gholdengo|spa|1\n|faint|p1b: Iron Bundle\n|-end|p1b: Iron Bundle|Quark Drive|[silent]\n|move|p1a: Wo-Chien|Pollen Puff|p2b: Amoonguss\n|-damage|p2b: Amoonguss|0 fnt\n|faint|p2b: Amoonguss\n|\n|-heal|p2a: Gholdengo|58\/100|[from] item: Leftovers\n|-heal|p1a: Wo-Chien|54\/100|[from] item: Leftovers\n|upkeep\n|\n|t:|1683166476\n|switch|p1b: Scizor|Scizor, L50, F|100\/100\n|switch|p2b: Arcanine|Arcanine, L50, M|70\/100\n|-ability|p2b: Arcanine|Intimidate|boost\n|-unboost|p1a: Wo-Chien|atk|1\n|-unboost|p1b: Scizor|atk|1\n|turn|7\n|\n|t:|1683166500\n|move|p2a: Gholdengo|Nasty Plot|p2a: Gholdengo\n|-boost|p2a: Gholdengo|spa|2\n|move|p2b: Arcanine|Flare Blitz|p1b: Scizor\n|-supereffective|p1b: Scizor\n|-damage|p1b: Scizor|0 fnt\n|faint|p1b: Scizor\n|-damage|p2b: Arcanine|41\/100|[from] Recoil\n|move|p1a: Wo-Chien|Leech Seed|p2b: Arcanine\n|-start|p2b: Arcanine|move: Leech Seed\n|\n|-heal|p2a: Gholdengo|64\/100|[from] item: Leftovers\n|-heal|p1a: Wo-Chien|60\/100|[from] item: Leftovers\n|-damage|p2b: Arcanine|29\/100|[from] Leech Seed|[of] p1a: Wo-Chien\n|-heal|p1a: Wo-Chien|72\/100|[silent]\n|upkeep\n|turn|8\n|-message|grace_my_world forfeited.\n|\n|win|ryan ogawa\n|raw|grace_my_world's rating: 1512 → 1497<\/strong> (-15 for losing)\n|raw|ryan ogawa's rating: 1592 → 1607<\/strong> (+15 for winning)\n|l|\u2606grace_my_world\n|l|\u2606ryan ogawa\n","uploadtime":1683166595,"views":10,"p1id":"gracemyworld","p2id":"ryanogawa","formatid":"gen9vgc2023regulationc","rating":1497,"private":0,"password":""}