{"id":"gen9vgc2023regulationc-1854580077","p1":"SuperToad916","p2":"CluelessGamer18","format":"[Gen 9] VGC 2023 Regulation C","log":"|j|\u2606SuperToad916\n|j|\u2606CluelessGamer18\n|t:|1682830187\n|gametype|doubles\n|player|p1|SuperToad916|170|\n|player|p2|CluelessGamer18|2|\n|teamsize|p1|6\n|teamsize|p2|6\n|gen|9\n|tier|[Gen 9] VGC 2023 Regulation C\n|rule|Species Clause: Limit one of each Pok\u00e9mon\n|rule|Item Clause: Limit one of each item\n|clearpoke\n|poke|p1|Dragonite, L50, M|\n|poke|p1|Scovillain, L50, F|\n|poke|p1|Sylveon, L50, F|\n|poke|p1|Torkoal, L50, F|\n|poke|p1|Lilligant, L50, F|\n|poke|p1|Kingambit, L50, M|\n|poke|p2|Volcarona, L50, M|\n|poke|p2|Mimikyu, L50, M|\n|poke|p2|Krookodile, L50, F|\n|poke|p2|Weavile, L50, M|\n|poke|p2|Corviknight, L50, M|\n|poke|p2|Slither Wing, L50|\n|teampreview|4\n|j| JJ22FTW\n|j| lethalpilot\n|\n|t:|1682830258\n|start\n|switch|p1a: Shuckel|Torkoal, L50, F, shiny|100\/100\n|switch|p1b: Boyboss|Scovillain, L50, F|100\/100\n|switch|p2a: Mimikyu|Mimikyu, L50, M|100\/100\n|switch|p2b: Volcarona|Volcarona, L50, M|100\/100\n|-weather|SunnyDay|[from] ability: Drought|[of] p1a: Shuckel\n|turn|1\n|l| lethalpilot\n|j| lethalpilot\n|\n|t:|1682830315\n|-terastallize|p1b: Boyboss|Ghost\n|move|p1b: Boyboss|Tera Blast|p2a: Mimikyu\n|-activate|p2a: Mimikyu|ability: Disguise\n|-damage|p2a: Mimikyu|100\/100\n|detailschange|p2a: Mimikyu|Mimikyu-Busted, L50, M\n|-damage|p2a: Mimikyu|88\/100|[from] pokemon: Mimikyu-Busted\n|move|p2a: Mimikyu|Shadow Claw|p1b: Boyboss\n|-supereffective|p1b: Boyboss\n|-crit|p1b: Boyboss\n|-damage|p1b: Boyboss|0 fnt\n|faint|p1b: Boyboss\n|-damage|p2a: Mimikyu|78\/100|[from] item: Life Orb\n|move|p2b: Volcarona|Heat Wave|p1a: Shuckel\n|-resisted|p1a: Shuckel\n|-damage|p1a: Shuckel|45\/100\n|move|p1a: Shuckel|Earth Power|p2b: Volcarona\n|-crit|p2b: Volcarona\n|-damage|p2b: Volcarona|67\/100\n|\n|-weather|SunnyDay|[upkeep]\n|-heal|p2b: Volcarona|73\/100|[from] item: Leftovers\n|upkeep\n|\n|t:|1682830395\n|switch|p1b: Michael 2|Sylveon, L50, F, shiny|100\/100\n|turn|2\n|\n|t:|1682830440\n|-terastallize|p2a: Mimikyu|Fairy\n|move|p1a: Shuckel|Protect|p1a: Shuckel\n|-singleturn|p1a: Shuckel|Protect\n|move|p2a: Mimikyu|Play Rough|p1b: Michael 2\n|-damage|p1b: Michael 2|45\/100\n|-damage|p2a: Mimikyu|68\/100|[from] item: Life Orb\n|move|p2b: Volcarona|Heat Wave|p1a: Shuckel|[spread] p1b\n|-activate|p1a: Shuckel|move: Protect\n|-damage|p1b: Michael 2|9\/100\n|move|p1b: Michael 2|Shadow Ball|p2a: Mimikyu\n|-damage|p2a: Mimikyu|44\/100\n|-unboost|p2a: Mimikyu|spd|1\n|\n|-weather|SunnyDay|[upkeep]\n|-heal|p2b: Volcarona|80\/100|[from] item: Leftovers\n|upkeep\n|turn|3\n|\n|t:|1682830509\n|move|p1b: Michael 2|Protect|p1b: Michael 2\n|-singleturn|p1b: Michael 2|Protect\n|move|p2a: Mimikyu|Shadow Sneak|p1b: Michael 2\n|-activate|p1b: Michael 2|move: Protect\n|move|p2b: Volcarona|Heat Wave|p1b: Michael 2|[spread] p1a\n|-activate|p1b: Michael 2|move: Protect\n|-resisted|p1a: Shuckel\n|-damage|p1a: Shuckel|3\/100\n|move|p1a: Shuckel|Overheat|p2a: Mimikyu\n|-damage|p2a: Mimikyu|0 fnt\n|-unboost|p1a: Shuckel|spa|2\n|faint|p2a: Mimikyu\n|\n|-weather|SunnyDay|[upkeep]\n|-heal|p2b: Volcarona|86\/100|[from] item: Leftovers\n|upkeep\n|\n|t:|1682830528\n|switch|p2a: Krookodile|Krookodile, L50, F|100\/100\n|-ability|p2a: Krookodile|Intimidate|boost\n|-unboost|p1a: Shuckel|atk|1\n|-unboost|p1b: Michael 2|atk|1\n|turn|4\n|c|\u2606SuperToad916|!weak volcarona\n|c| SuperToad916|\/raw Volcarona (ignoring abilities): Weaknesses<\/span>: Flying, Rock<\/b>, Water Resistances<\/span>: Bug, Fairy, Fighting, Grass<\/b>, Ice, Steel Immunities<\/span>: Burn<\/div>\n|c|\u2606SuperToad916|!weak krookodile\n|c| SuperToad916|\/raw Krookodile (ignoring abilities): Weaknesses<\/span>: Bug, Fairy, Fighting, Grass, Ice, Water Resistances<\/span>: Dark, Ghost, Poison, Rock Immunities<\/span>: Electric, Psychic, Prankster, Sandstorm damage<\/div>\n|j| tomciv20\n|\n|t:|1682830628\n|switch|p1b: Boberto|Dragonite, L50, M|100\/100\n|move|p1a: Shuckel|Protect|p1a: Shuckel\n|-singleturn|p1a: Shuckel|Protect\n|move|p2a: Krookodile|Rock Slide|p1b: Boberto|[spread] \n|-activate|p1a: Shuckel|move: Protect\n|-miss|p2a: Krookodile|p1b: Boberto\n|move|p2b: Volcarona|Heat Wave|p1a: Shuckel|[spread] p1b\n|-activate|p1a: Shuckel|move: Protect\n|-resisted|p1b: Boberto\n|-damage|p1b: Boberto|87\/100\n|\n|-weather|SunnyDay|[upkeep]\n|-heal|p2b: Volcarona|92\/100|[from] item: Leftovers\n|upkeep\n|turn|5\n|\n|t:|1682830684\n|move|p2a: Krookodile|Rock Slide|p1a: Shuckel|[spread] p1a,p1b\n|-supereffective|p1a: Shuckel\n|-supereffective|p1b: Boberto\n|-damage|p1a: Shuckel|0 fnt\n|-damage|p1b: Boberto|39\/100\n|faint|p1a: Shuckel\n|move|p2b: Volcarona|Heat Wave|p1b: Boberto\n|-resisted|p1b: Boberto\n|-damage|p1b: Boberto|6\/100\n|cant|p1b: Boberto|flinch\n|\n|-weather|none\n|-heal|p2b: Volcarona|98\/100|[from] item: Leftovers\n|upkeep\n|\n|t:|1682830694\n|switch|p1a: Michael 2|Sylveon, L50, F, shiny|9\/100\n|turn|6\n|\n|t:|1682830705\n|move|p2a: Krookodile|Rock Slide|p1b: Boberto|[spread] p1a,p1b\n|-supereffective|p1b: Boberto\n|-damage|p1a: Michael 2|0 fnt\n|-damage|p1b: Boberto|0 fnt\n|faint|p1a: Michael 2\n|faint|p1b: Boberto\n|\n|win|CluelessGamer18\n","uploadtime":1682830714,"views":21,"p1id":"supertoad916","p2id":"cluelessgamer18","formatid":"gen9vgc2023regulationc","rating":0,"private":0,"password":""}