{"id":"gen9vgc2023regulationc-1845344176","p1":"hoihinoinoihn","p2":"elisgohome","format":"[Gen 9] VGC 2023 Regulation C","log":"|j|\u2606hoihinoinoihn\n|j|\u2606elisgohome\n|t:|1681718625\n|gametype|doubles\n|player|p1|hoihinoinoihn|102|1143\n|player|p2|elisgohome|dawn|1145\n|teamsize|p1|6\n|teamsize|p2|6\n|gen|9\n|tier|[Gen 9] VGC 2023 Regulation C\n|rated|\n|rule|Species Clause: Limit one of each Pok\u00e9mon\n|rule|Item Clause: Limit one of each item\n|clearpoke\n|poke|p1|Indeedee-F, L50, F|\n|poke|p1|Torkoal, L50, M|\n|poke|p1|Hatterene, L50, F|\n|poke|p1|Kingambit, L50, M|\n|poke|p1|Lilligant, L50, F|\n|poke|p1|Annihilape, L50, F|\n|poke|p2|Chien-Pao, L50|\n|poke|p2|Dragonite, L50, M|\n|poke|p2|Talonflame, L50, M|\n|poke|p2|Flutter Mane, L50|\n|poke|p2|Rotom-Wash, L50|\n|poke|p2|Amoonguss, L50, M|\n|teampreview|4\n|\n|t:|1681718683\n|start\n|switch|p1a: Indeedee|Indeedee-F, L50, F|100\/100\n|switch|p1b: Hatterene|Hatterene, L50, F|100\/100\n|switch|p2a: Dragonite|Dragonite, L50, M|100\/100\n|switch|p2b: Talonflame|Talonflame, L50, M|100\/100\n|-fieldstart|move: Psychic Terrain|[from] ability: Psychic Surge|[of] p1a: Indeedee\n|-enditem|p1a: Indeedee|Psychic Seed\n|-boost|p1a: Indeedee|spd|1|[from] item: Psychic Seed\n|turn|1\n|\n|t:|1681718707\n|switch|p2a: Amoonguss|Amoonguss, L50, M|100\/100\n|move|p1a: Indeedee|Follow Me|p1a: Indeedee\n|-singleturn|p1a: Indeedee|move: Follow Me\n|move|p2b: Talonflame|Taunt|p1a: Indeedee\n|-start|p1a: Indeedee|move: Taunt\n|move|p1b: Hatterene|Trick Room|p1b: Hatterene\n|-fieldstart|move: Trick Room|[of] p1b: Hatterene\n|\n|upkeep\n|turn|2\n|\n|t:|1681718735\n|-terastallize|p1b: Hatterene|Psychic\n|move|p1b: Hatterene|Psychic|p2a: Amoonguss\n|-supereffective|p2a: Amoonguss\n|-damage|p2a: Amoonguss|0 fnt\n|faint|p2a: Amoonguss\n|move|p1a: Indeedee|Dazzling Gleam|p2b: Talonflame\n|-resisted|p2b: Talonflame\n|-damage|p2b: Talonflame|88\/100\n|move|p2b: Talonflame|Taunt|p1b: Hatterene\n|move|p1b: Hatterene|Taunt|p2b: Talonflame|[from]ability: Magic Bounce\n|-start|p2b: Talonflame|move: Taunt\n|\n|upkeep\n|\n|t:|1681718752\n|switch|p2a: Flutter Mane|Flutter Mane, L50|100\/100\n|-enditem|p2a: Flutter Mane|Booster Energy\n|-activate|p2a: Flutter Mane|ability: Protosynthesis|[fromitem]\n|-start|p2a: Flutter Mane|protosynthesisspe\n|turn|3\n|\n|t:|1681718773\n|move|p2a: Flutter Mane|Protect|p2a: Flutter Mane\n|-singleturn|p2a: Flutter Mane|Protect\n|move|p1b: Hatterene|Shadow Ball|p2a: Flutter Mane\n|-activate|p2a: Flutter Mane|move: Protect\n|move|p1a: Indeedee|Dazzling Gleam|p2b: Talonflame|[spread] p2b\n|-activate|p2a: Flutter Mane|move: Protect\n|-resisted|p2b: Talonflame\n|-damage|p2b: Talonflame|78\/100\n|move|p2b: Talonflame|Brave Bird|p1b: Hatterene\n|-damage|p1b: Hatterene|51\/100\n|-damage|p2b: Talonflame|61\/100|[from] Recoil\n|\n|upkeep\n|turn|4\n|\n|t:|1681718798\n|switch|p1a: Kingambit|Kingambit, L50, M|100\/100\n|-terastallize|p2a: Flutter Mane|Fairy\n|move|p1b: Hatterene|Psychic|p2b: Talonflame\n|-damage|p2b: Talonflame|0 fnt\n|faint|p2b: Talonflame\n|move|p2a: Flutter Mane|Dazzling Gleam|p1b: Hatterene|[spread] p1a,p1b\n|-damage|p1a: Kingambit|62\/100\n|-damage|p1b: Hatterene|8\/100\n|\n|upkeep\n|\n|t:|1681718810\n|switch|p2b: Dragonite|Dragonite, L50, M|100\/100\n|turn|5\n|\n|t:|1681718821\n|move|p2b: Dragonite|Protect|p2b: Dragonite\n|-singleturn|p2b: Dragonite|Protect\n|move|p2a: Flutter Mane|Protect|p2a: Flutter Mane\n|-singleturn|p2a: Flutter Mane|Protect\n|move|p1b: Hatterene|Psychic|p2b: Dragonite\n|-activate|p2b: Dragonite|move: Protect\n|move|p1a: Kingambit|Iron Head|p2a: Flutter Mane\n|-activate|p2a: Flutter Mane|move: Protect\n|\n|-fieldend|move: Trick Room\n|-fieldend|move: Psychic Terrain\n|upkeep\n|turn|6\n|\n|t:|1681718845\n|switch|p1b: Indeedee|Indeedee-F, L50, F|100\/100\n|-fieldstart|move: Psychic Terrain|[from] ability: Psychic Surge|[of] p1b: Indeedee\n|move|p2a: Flutter Mane|Dazzling Gleam|p1b: Indeedee|[spread] p1a,p1b\n|-damage|p1a: Kingambit|16\/100\n|-damage|p1b: Indeedee|61\/100\n|move|p2b: Dragonite|Low Kick|p1a: Kingambit\n|-supereffective|p1a: Kingambit\n|-damage|p1a: Kingambit|0 fnt\n|faint|p1a: Kingambit\n|\n|upkeep\n|\n|t:|1681718857\n|switch|p1a: Hatterene|Hatterene, L50, F, tera:Psychic|8\/100\n|turn|7\n|\n|t:|1681718870\n|move|p2a: Flutter Mane|Dazzling Gleam|p1a: Hatterene|[spread] p1a,p1b\n|-damage|p1a: Hatterene|0 fnt\n|-damage|p1b: Indeedee|23\/100\n|faint|p1a: Hatterene\n|move|p2b: Dragonite|Stomping Tantrum|p1b: Indeedee\n|-damage|p1b: Indeedee|0 fnt\n|faint|p1b: Indeedee\n|\n|upkeep\n|\n|t:|1681718879\n|switch|p1a: Torkoal|Torkoal, L50, M|100\/100\n|-weather|SunnyDay|[from] ability: Drought|[of] p1a: Torkoal\n|turn|8\n|\n|t:|1681718889\n|move|p2a: Flutter Mane|Shadow Ball|p1a: Torkoal\n|-damage|p1a: Torkoal|43\/100\n|move|p2b: Dragonite|Stomping Tantrum|p1a: Torkoal\n|-supereffective|p1a: Torkoal\n|-damage|p1a: Torkoal|0 fnt\n|faint|p1a: Torkoal\n|\n|win|elisgohome\n|raw|hoihinoinoihn's rating: 1143 → 1118<\/strong> (-25 for losing)\n|raw|elisgohome's rating: 1145 → 1170<\/strong> (+25 for winning)\n","uploadtime":1681718900,"views":14,"p1id":"hoihinoinoihn","p2id":"elisgohome","formatid":"gen9vgc2023regulationc","rating":1118,"private":0,"password":""}