{"id":"gen9vgc2023regulationc-1860607679","p1":"TiggelWiggel","p2":"zippLapZapper","format":"[Gen 9] VGC 2023 Regulation C","log":"|j|\u2606TiggelWiggel\n|j|\u2606zippLapZapper\n|t:|1683658565\n|gametype|doubles\n|player|p1|TiggelWiggel|infielder|\n|player|p2|zippLapZapper|hilbert-wonderlauncher|\n|teamsize|p1|6\n|teamsize|p2|6\n|gen|9\n|tier|[Gen 9] VGC 2023 Regulation C\n|rule|Species Clause: Limit one of each Pok\u00e9mon\n|rule|Item Clause: Limit one of each item\n|clearpoke\n|poke|p1|Amoonguss, L50, F|\n|poke|p1|Palafin, L50, F|\n|poke|p1|Gholdengo, L50|\n|poke|p1|Arcanine, L50, M|\n|poke|p1|Iron Hands, L50|\n|poke|p1|Roaring Moon, L50|\n|poke|p2|Garchomp, L50, F|\n|poke|p2|Talonflame, L50, M|\n|poke|p2|Flutter Mane, L50|\n|poke|p2|Iron Bundle, L50|\n|poke|p2|Chien-Pao, L50|\n|poke|p2|Tyranitar, L50, M|\n|teampreview|4\n|c|\u2606zippLapZapper|g3\nzippLapZapper has agreed to open team sheets.\nTiggelWiggel has agreed to open team sheets.\n|c|\u2606TiggelWiggel|glhf!\n|c|\u2606zippLapZapper|gl hf\n|inactive|Battle timer is ON: inactive players will automatically lose when time's up. (requested by zippLapZapper)\n|\n|t:|1683659394\n|start\n|switch|p1a: Gholdengo|Gholdengo, L50|100\/100\n|switch|p1b: Palafin|Palafin, L50, F|100\/100\n|switch|p2a: Talonflame|Talonflame, L50, M|100\/100\n|switch|p2b: Garchomp|Garchomp, L50, F|100\/100\n|turn|1\n|inactive|TiggelWiggel has 30 seconds left.\n|inactive|TiggelWiggel has 20 seconds left.\n|inactive|TiggelWiggel has 15 seconds left.\n|inactive|TiggelWiggel has 10 seconds left.\n|\n|t:|1683659439\n|detailschange|p1b: Palafin|Palafin-Hero, L50, F\n|switch|p1b: Amoonguss|Amoonguss, L50, F|100\/100\n|-terastallize|p2b: Garchomp|Steel\n|-terastallize|p1a: Gholdengo|Water\n|move|p2a: Talonflame|Tailwind|p2a: Talonflame\n|-sidestart|p2: zippLapZapper|move: Tailwind\n|move|p2b: Garchomp|Earthquake|p1b: Amoonguss|[spread] p1a,p1b\n|-immune|p2a: Talonflame\n|-damage|p1a: Gholdengo|63\/100\n|-damage|p1b: Amoonguss|66\/100\n|move|p1a: Gholdengo|Make It Rain|p2a: Talonflame|[spread] p2a,p2b\n|-resisted|p2a: Talonflame\n|-resisted|p2b: Garchomp\n|-damage|p2a: Talonflame|71\/100\n|-damage|p2b: Garchomp|77\/100\n|-unboost|p1a: Gholdengo|spa|1\n|\n|-heal|p1a: Gholdengo|69\/100|[from] item: Leftovers\n|upkeep\n|turn|2\n|\n|t:|1683659460\n|move|p1a: Gholdengo|Protect|p1a: Gholdengo\n|-singleturn|p1a: Gholdengo|Protect\n|move|p1b: Amoonguss|Protect|p1b: Amoonguss\n|-singleturn|p1b: Amoonguss|Protect\n|move|p2a: Talonflame|Brave Bird|p1b: Amoonguss\n|-activate|p1b: Amoonguss|move: Protect\n|move|p2b: Garchomp|Earthquake|p1b: Amoonguss|[spread] \n|-activate|p1a: Gholdengo|move: Protect\n|-activate|p1b: Amoonguss|move: Protect\n|-immune|p2a: Talonflame\n|\n|-heal|p1a: Gholdengo|75\/100|[from] item: Leftovers\n|upkeep\n|turn|3\n|\n|t:|1683659481\n|switch|p1a: Palafin|Palafin-Hero, L50, F|100\/100\n|-activate|p1a: Palafin|ability: Zero to Hero\n|switch|p1b: Arcanine|Arcanine, L50, M|100\/100\n|-ability|p1b: Arcanine|Intimidate|boost\n|-unboost|p2a: Talonflame|atk|1\n|-fail|p2b: Garchomp|unboost|[from] item: Clear Amulet|[of] p2b: Garchomp\n|move|p2a: Talonflame|Brave Bird|p1b: Arcanine\n|-damage|p1b: Arcanine|77\/100\n|-damage|p2a: Talonflame|63\/100|[from] Recoil\n|move|p2b: Garchomp|Earthquake|p1a: Palafin|[spread] p1a,p1b\n|-immune|p2a: Talonflame\n|-supereffective|p1b: Arcanine\n|-damage|p1a: Palafin|65\/100\n|-damage|p1b: Arcanine|13\/100\n|\n|upkeep\n|turn|4\n|inactive|TiggelWiggel has 30 seconds left.\n|\n|t:|1683659510\n|switch|p1b: Amoonguss|Amoonguss, L50, F|99\/100\n|move|p1a: Palafin|Jet Punch|p2a: Talonflame\n|-supereffective|p2a: Talonflame\n|-damage|p2a: Talonflame|0 fnt\n|faint|p2a: Talonflame\n|move|p2b: Garchomp|Earthquake|p1b: Amoonguss|[spread] p1a,p1b\n|-damage|p1a: Palafin|31\/100\n|-damage|p1b: Amoonguss|71\/100\n|\n|-sideend|p2: zippLapZapper|move: Tailwind\n|upkeep\n|\n|t:|1683659520\n|switch|p2a: Chien-Pao|Chien-Pao, L50|100\/100\n|-ability|p2a: Chien-Pao|Sword of Ruin\n|turn|5\n|inactive|TiggelWiggel has 30 seconds left.\n|\n|t:|1683659554\n|switch|p1b: Arcanine|Arcanine, L50, M|13\/100\n|-ability|p1b: Arcanine|Intimidate|boost\n|-unboost|p2a: Chien-Pao|atk|1\n|-fail|p2b: Garchomp|unboost|[from] item: Clear Amulet|[of] p2b: Garchomp\n|move|p1a: Palafin|Protect|p1a: Palafin\n|-singleturn|p1a: Palafin|Protect\n|move|p2a: Chien-Pao|Ice Spinner|p1b: Arcanine\n|-resisted|p1b: Arcanine\n|-damage|p1b: Arcanine|0 fnt\n|faint|p1b: Arcanine\n|move|p2b: Garchomp|Dragon Claw|p1a: Palafin\n|-activate|p1a: Palafin|move: Protect\n|\n|upkeep\n|inactive|TiggelWiggel has 30 seconds left.\n|\n|t:|1683659581\n|switch|p1b: Amoonguss|Amoonguss, L50, F|100\/100\n|turn|6\n|inactive|zippLapZapper has 30 seconds left.\n|inactive|zippLapZapper has 20 seconds left.\n|\n|t:|1683659617\n|switch|p1a: Gholdengo|Gholdengo, L50, tera:Water|75\/100\n|move|p2a: Chien-Pao|Ice Spinner|p1b: Amoonguss\n|-supereffective|p1b: Amoonguss\n|-crit|p1b: Amoonguss\n|-damage|p1b: Amoonguss|0 fnt\n|faint|p1b: Amoonguss\n|move|p2b: Garchomp|Dragon Claw|p1a: Gholdengo\n|-damage|p1a: Gholdengo|21\/100\n|\n|-heal|p1a: Gholdengo|27\/100|[from] item: Leftovers\n|upkeep\n|\n|t:|1683659640\n|switch|p1b: Palafin|Palafin-Hero, L50, F|31\/100\n|turn|7\n|\n|t:|1683659649\n|move|p2a: Chien-Pao|Sucker Punch|p1b: Palafin\n|-damage|p1b: Palafin|3\/100\n|move|p1b: Palafin|Jet Punch|p2b: Garchomp\n|-damage|p2b: Garchomp|10\/100\n|-damage|p1b: Palafin|0 fnt|[from] ability: Rough Skin|[of] p2b: Garchomp\n|faint|p1b: Palafin\n|move|p2b: Garchomp|Dragon Claw|p1a: Gholdengo\n|-damage|p1a: Gholdengo|0 fnt\n|faint|p1a: Gholdengo\n|\n|win|zippLapZapper\n|c|\u2606zippLapZapper|ggs\n","uploadtime":1683659661,"views":24,"p1id":"tiggelwiggel","p2id":"zipplapzapper","formatid":"gen9vgc2023regulationc","rating":0,"private":0,"password":""}