{"id":"gen9vgc2023regulationc-1861235627","p1":"princess Hoshi","p2":"kire913e","format":"[Gen 9] VGC 2023 Regulation C","log":"|j|\u2606princess Hoshi\n|j|\u2606kire913e\n|t:|1683738293\n|gametype|doubles\n|player|p1|princess Hoshi|iono|1271\n|player|p2|kire913e|169|1178\n|teamsize|p1|6\n|teamsize|p2|6\n|gen|9\n|tier|[Gen 9] VGC 2023 Regulation C\n|rated|\n|rule|Species Clause: Limit one of each Pok\u00e9mon\n|rule|Item Clause: Limit one of each item\n|clearpoke\n|poke|p1|Leafeon, L50, F|\n|poke|p1|Chien-Pao, L50|\n|poke|p1|Torkoal, L50, M|\n|poke|p1|Great Tusk, L50|\n|poke|p1|Amoonguss, L50, M|\n|poke|p1|Flutter Mane, L50|\n|poke|p2|Chien-Pao, L50|\n|poke|p2|Dragonite, L50, M|\n|poke|p2|Flutter Mane, L50|\n|poke|p2|Arcanine, L50, F|\n|poke|p2|Great Tusk, L50|\n|poke|p2|Talonflame, L50, M|\n|teampreview|4\n|\n|t:|1683738321\n|start\n|switch|p1a: Leafeon|Leafeon, L50, F|100\/100\n|switch|p1b: Torkoal|Torkoal, L50, M|100\/100\n|switch|p2a: Talonflame|Talonflame, L50, M|100\/100\n|switch|p2b: Flutter Mane|Flutter Mane, L50|100\/100\n|-weather|SunnyDay|[from] ability: Drought|[of] p1b: Torkoal\n|-activate|p2b: Flutter Mane|ability: Protosynthesis\n|-start|p2b: Flutter Mane|protosynthesisspe\n|turn|1\n|\n|t:|1683738338\n|-terastallize|p2b: Flutter Mane|Ground\n|move|p2a: Talonflame|Tailwind|p2a: Talonflame\n|-sidestart|p2: kire913e|move: Tailwind\n|move|p2b: Flutter Mane|Tera Blast|p1b: Torkoal\n|-supereffective|p1b: Torkoal\n|-damage|p1b: Torkoal|0 fnt\n|faint|p1b: Torkoal\n|move|p1a: Leafeon|Tickle|p2a: Talonflame\n|-unboost|p2a: Talonflame|atk|1\n|-unboost|p2a: Talonflame|def|1\n|\n|-weather|SunnyDay|[upkeep]\n|upkeep\n|\n|t:|1683738355\n|switch|p1b: Great Tusk|Great Tusk, L50|100\/100\n|-activate|p1b: Great Tusk|ability: Protosynthesis\n|-start|p1b: Great Tusk|protosynthesisatk\n|turn|2\n|inactive|Battle timer is ON: inactive players will automatically lose when time's up. (requested by princess Hoshi)\n|\n|t:|1683738422\n|-end|p1b: Great Tusk|Protosynthesis|[silent]\n|switch|p1b: Flutter Mane|Flutter Mane, L50|100\/100\n|-activate|p1b: Flutter Mane|ability: Protosynthesis\n|-start|p1b: Flutter Mane|protosynthesisspe\n|-terastallize|p1a: Leafeon|Fire\n|move|p2a: Talonflame|Brave Bird|p1a: Leafeon\n|-damage|p1a: Leafeon|75\/100\n|-damage|p2a: Talonflame|92\/100|[from] Recoil\n|move|p2b: Flutter Mane|Tera Blast|p1b: Flutter Mane\n|-damage|p1b: Flutter Mane|45\/100\n|move|p1a: Leafeon|Leaf Blade|p2b: Flutter Mane\n|-supereffective|p2b: Flutter Mane\n|-damage|p2b: Flutter Mane|0 fnt\n|faint|p2b: Flutter Mane\n|-end|p2b: Flutter Mane|Protosynthesis|[silent]\n|-damage|p1a: Leafeon|65\/100|[from] item: Life Orb\n|\n|-weather|SunnyDay|[upkeep]\n|upkeep\n|\n|t:|1683738440\n|switch|p2b: Great Tusk|Great Tusk, L50|100\/100\n|-activate|p2b: Great Tusk|ability: Protosynthesis\n|-start|p2b: Great Tusk|protosynthesisatk\n|turn|3\n|\n|t:|1683738453\n|-end|p1b: Flutter Mane|Protosynthesis|[silent]\n|switch|p1b: Great Tusk|Great Tusk, L50|100\/100\n|-activate|p1b: Great Tusk|ability: Protosynthesis\n|-start|p1b: Great Tusk|protosynthesisatk\n|move|p1a: Leafeon|Detect|p1a: Leafeon\n|-singleturn|p1a: Leafeon|Protect\n|move|p2b: Great Tusk|Rock Slide|p1a: Leafeon|[spread] p1b\n|-activate|p1a: Leafeon|move: Protect\n|-resisted|p1b: Great Tusk\n|-damage|p1b: Great Tusk|96\/100\n|move|p2a: Talonflame|Taunt|p1b: Great Tusk\n|-start|p1b: Great Tusk|move: Taunt\n|\n|-weather|SunnyDay|[upkeep]\n|upkeep\n|turn|4\n|inactive|princess Hoshi has 30 seconds left.\n|inactive|princess Hoshi has 20 seconds left.\n|\n|t:|1683738491\n|switch|p1a: Flutter Mane|Flutter Mane, L50|45\/100\n|-activate|p1a: Flutter Mane|ability: Protosynthesis\n|-start|p1a: Flutter Mane|protosynthesisspe\n|move|p2b: Great Tusk|Rock Slide|p1b: Great Tusk|[spread] p1a,p1b\n|-resisted|p1b: Great Tusk\n|-damage|p1a: Flutter Mane|1\/100\n|-damage|p1b: Great Tusk|91\/100\n|move|p2a: Talonflame|Brave Bird|p1b: Great Tusk\n|-supereffective|p1b: Great Tusk\n|-damage|p1b: Great Tusk|50\/100\n|-damage|p2a: Talonflame|78\/100|[from] Recoil\n|move|p1b: Great Tusk|Rock Slide|p2b: Great Tusk|[spread] \n|-miss|p1b: Great Tusk|p2a: Talonflame\n|-miss|p1b: Great Tusk|p2b: Great Tusk\n|\n|-weather|SunnyDay|[upkeep]\n|-sideend|p2: kire913e|move: Tailwind\n|upkeep\n|turn|5\n|\n|t:|1683738515\n|switch|p2a: Chien-Pao|Chien-Pao, L50|100\/100\n|-ability|p2a: Chien-Pao|Sword of Ruin\n|move|p1a: Flutter Mane|Moonblast|p2b: Great Tusk\n|-supereffective|p2b: Great Tusk\n|-crit|p2b: Great Tusk\n|-damage|p2b: Great Tusk|0 fnt\n|faint|p2b: Great Tusk\n|-end|p2b: Great Tusk|Protosynthesis|[silent]\n|move|p1b: Great Tusk|Rock Slide|p2a: Chien-Pao\n|-supereffective|p2a: Chien-Pao\n|-crit|p2a: Chien-Pao\n|-enditem|p2a: Chien-Pao|Focus Sash\n|-damage|p2a: Chien-Pao|1\/100\n|\n|-weather|none\n|-end|p1a: Flutter Mane|Protosynthesis\n|-end|p1b: Great Tusk|Protosynthesis\n|-end|p1b: Great Tusk|move: Taunt\n|upkeep\n|\n|t:|1683738529\n|switch|p2b: Talonflame|Talonflame, L50, M|78\/100\n|turn|6\n|\n|t:|1683738542\n|move|p2a: Chien-Pao|Protect|p2a: Chien-Pao\n|-singleturn|p2a: Chien-Pao|Protect\n|move|p1b: Great Tusk|Rock Slide|p2b: Talonflame|[spread] p2b\n|-activate|p2a: Chien-Pao|move: Protect\n|-supereffective|p2b: Talonflame\n|-damage|p2b: Talonflame|0 fnt\n|faint|p2b: Talonflame\n|move|p1a: Flutter Mane|Moonblast|p2a: Chien-Pao\n|-activate|p2a: Chien-Pao|move: Protect\n|\n|upkeep\n|turn|7\n|-message|kire913e forfeited.\n|\n|win|princess Hoshi\n|raw|princess Hoshi's rating: 1271 → 1289<\/strong> (+18 for winning)\n|raw|kire913e's rating: 1178 → 1160<\/strong> (-18 for losing)\n|l|\u2606kire913e\n","uploadtime":1683738677,"views":14,"p1id":"princesshoshi","p2id":"kire913e","formatid":"gen9vgc2023regulationc","rating":1160,"private":0,"password":""}