{"id":"gen9vgc2023regulationc-1846762413","p1":"Tangwa147","p2":"joshdonnie","format":"[Gen 9] VGC 2023 Regulation C","log":"|j|\u2606Tangwa147\n|j|\u2606joshdonnie\n|t:|1681875476\n|gametype|doubles\n|player|p1|Tangwa147|265|1310\n|player|p2|joshdonnie|lucas-gen4pt|1329\n|teamsize|p1|6\n|teamsize|p2|6\n|gen|9\n|tier|[Gen 9] VGC 2023 Regulation C\n|rated|\n|rule|Species Clause: Limit one of each Pok\u00e9mon\n|rule|Item Clause: Limit one of each item\n|clearpoke\n|poke|p1|Dachsbun, L50, M|\n|poke|p1|Chi-Yu, L50|\n|poke|p1|Ceruledge, L50, M|\n|poke|p1|Flutter Mane, L50|\n|poke|p1|Grimmsnarl, L50, M|\n|poke|p1|Amoonguss, L50, F|\n|poke|p2|Garchomp, L50, M|\n|poke|p2|Annihilape, L50, F|\n|poke|p2|Kingambit, L50, M|\n|poke|p2|Chien-Pao, L50|\n|poke|p2|Ceruledge, L50, M|\n|poke|p2|Farigiraf, L50, M|\n|teampreview|4\n|inactive|Battle timer is ON: inactive players will automatically lose when time's up. (requested by joshdonnie)\n|\n|t:|1681875541\n|start\n|switch|p1a: Chi-Yu|Chi-Yu, L50|100\/100\n|switch|p1b: Flutter Mane|Flutter Mane, L50|100\/100\n|switch|p2a: Garchomp|Garchomp, L50, M|100\/100\n|switch|p2b: Chien-Pao|Chien-Pao, L50|100\/100\n|-ability|p1a: Chi-Yu|Beads of Ruin\n|-ability|p2b: Chien-Pao|Sword of Ruin\n|-enditem|p1b: Flutter Mane|Booster Energy\n|-activate|p1b: Flutter Mane|ability: Protosynthesis|[fromitem]\n|-start|p1b: Flutter Mane|protosynthesisspe\n|turn|1\n|\n|t:|1681875559\n|-terastallize|p1b: Flutter Mane|Fairy\n|move|p2a: Garchomp|Protect|p2a: Garchomp\n|-singleturn|p2a: Garchomp|Protect\n|move|p2b: Chien-Pao|Sucker Punch|p1b: Flutter Mane\n|-resisted|p1b: Flutter Mane\n|-damage|p1b: Flutter Mane|51\/100\n|move|p1b: Flutter Mane|Dazzling Gleam|p2a: Garchomp|[spread] p2b\n|-activate|p2a: Garchomp|move: Protect\n|-supereffective|p2b: Chien-Pao\n|-enditem|p2b: Chien-Pao|Focus Sash\n|-damage|p2b: Chien-Pao|1\/100\n|move|p1a: Chi-Yu|Dark Pulse|p2a: Garchomp\n|-activate|p2a: Garchomp|move: Protect\n|\n|upkeep\n|turn|2\n|\n|t:|1681875574\n|-terastallize|p2a: Garchomp|Steel\n|move|p2b: Chien-Pao|Protect|p2b: Chien-Pao\n|-singleturn|p2b: Chien-Pao|Protect\n|move|p1b: Flutter Mane|Dazzling Gleam|p2b: Chien-Pao|[spread] p2a\n|-activate|p2b: Chien-Pao|move: Protect\n|-resisted|p2a: Garchomp\n|-damage|p2a: Garchomp|69\/100\n|move|p1a: Chi-Yu|Dark Pulse|p2a: Garchomp\n|-damage|p2a: Garchomp|1\/100\n|move|p2a: Garchomp|Earthquake|p1b: Flutter Mane|[spread] p1a,p1b\n|-activate|p2b: Chien-Pao|move: Protect\n|-supereffective|p1a: Chi-Yu\n|-damage|p1a: Chi-Yu|0 fnt\n|-damage|p1b: Flutter Mane|0 fnt\n|faint|p1a: Chi-Yu\n|faint|p1b: Flutter Mane\n|-end|p1b: Flutter Mane|Protosynthesis|[silent]\n|\n|upkeep\n|\n|t:|1681875590\n|switch|p1b: Amoonguss|Amoonguss, L50, F|100\/100\n|switch|p1a: Dachsbun|Dachsbun, L50, M|100\/100\n|turn|3\n|c|\u2606joshdonnie|thats so lucky im sorry\n|\n|t:|1681875599\n|move|p2a: Garchomp|Protect|p2a: Garchomp\n|-singleturn|p2a: Garchomp|Protect\n|move|p2b: Chien-Pao|Ice Spinner|p1b: Amoonguss\n|-supereffective|p1b: Amoonguss\n|-damage|p1b: Amoonguss|17\/100\n|move|p1a: Dachsbun|Snarl|p2b: Chien-Pao|[spread] p2b\n|-activate|p2a: Garchomp|move: Protect\n|-resisted|p2b: Chien-Pao\n|-damage|p2b: Chien-Pao|0 fnt\n|faint|p2b: Chien-Pao\n|move|p1b: Amoonguss|Pollen Puff|p1a: Dachsbun\n|-immune|p1a: Dachsbun\n|\n|upkeep\n|\n|t:|1681875608\n|switch|p2b: Ceruledge|Ceruledge, L50, M, shiny|100\/100\n|turn|4\n|\n|t:|1681875624\n|move|p2a: Garchomp|Iron Head|p1a: Dachsbun\n|-supereffective|p1a: Dachsbun\n|-damage|p1a: Dachsbun|19\/100\n|cant|p1a: Dachsbun|flinch\n|move|p2b: Ceruledge|Bitter Blade|p1b: Amoonguss\n|-supereffective|p1b: Amoonguss\n|-damage|p1b: Amoonguss|0 fnt\n|faint|p1b: Amoonguss\n|\n|-heal|p1a: Dachsbun|25\/100|[from] item: Leftovers\n|upkeep\n|turn|5\n|l|\u2606Tangwa147\n|inactive|Tangwa147 disconnected and has a minute to reconnect!\n|player|p1|\n|inactive|Tangwa147 has 30 seconds left.\n|c|\u2606joshdonnie|no come backk\n|inactive|Tangwa147 has 20 seconds left.\n|inactive|Tangwa147 has 15 seconds left.\n|inactive|Tangwa147 has 10 seconds left.\n|inactive|Tangwa147 has 5 seconds left.\n|-message|Tangwa147 lost due to inactivity.\n|\n|win|joshdonnie\n|raw|Tangwa147's rating: 1310 → 1291<\/strong> (-19 for losing)\n|raw|joshdonnie's rating: 1329 → 1348<\/strong> (+19 for winning)\n","uploadtime":1681875683,"views":11,"p1id":"tangwa147","p2id":"joshdonnie","formatid":"gen9vgc2023regulationc","rating":1291,"private":0,"password":""}