{"id":"gen9vgc2023regulationc-1852909394","p1":"Froglock","p2":"Toasterina","format":"[Gen 9] VGC 2023 Regulation C","log":"|j|\u2606Froglock\n|j|\u2606Toasterina\n|t:|1682616482\n|gametype|doubles\n|player|p1|Froglock|101|1116\n|player|p2|Toasterina|266|1051\n|teamsize|p1|6\n|teamsize|p2|6\n|gen|9\n|tier|[Gen 9] VGC 2023 Regulation C\n|rated|\n|rule|Species Clause: Limit one of each Pok\u00e9mon\n|rule|Item Clause: Limit one of each item\n|clearpoke\n|poke|p1|Mudsdale, L50, M|\n|poke|p1|Maushold-Four, L50|\n|poke|p1|Torkoal, L50, F|\n|poke|p1|Jumpluff, L50, F|\n|poke|p1|Kingambit, L50, F|\n|poke|p1|Tinkaton, L50, F|\n|poke|p2|Gholdengo, L50|\n|poke|p2|Murkrow, L50, F|\n|poke|p2|Flutter Mane, L50|\n|poke|p2|Kingambit, L50, M|\n|poke|p2|Amoonguss, L50, F|\n|poke|p2|Arcanine, L50, F|\n|teampreview|4\n|inactive|Battle timer is ON: inactive players will automatically lose when time's up. (requested by Toasterina)\n|\n|t:|1682616514\n|start\n|switch|p1a: Torkoal|Torkoal, L50, F|100\/100\n|switch|p1b: Jumpluff|Jumpluff, L50, F|100\/100\n|switch|p2a: Arcanine|Arcanine, L50, F|100\/100\n|switch|p2b: Amoonguss|Amoonguss, L50, F|100\/100\n|-ability|p2a: Arcanine|Intimidate|boost\n|-unboost|p1a: Torkoal|atk|1\n|-unboost|p1b: Jumpluff|atk|1\n|-enditem|p1b: Jumpluff|Eject Pack\n|\n|t:|1682616526\n|switch|p1b: Mudsdale|Mudsdale, L50, M|100\/100\n|-weather|SunnyDay|[from] ability: Drought|[of] p1a: Torkoal\n|turn|1\n|inactive|Toasterina has 30 seconds left.\n|\n|t:|1682616552\n|switch|p1b: Maushold|Maushold-Four, L50|100\/100\n|-terastallize|p2b: Amoonguss|Fire\n|-terastallize|p1a: Torkoal|Fire\n|move|p2b: Amoonguss|Rage Powder|p2b: Amoonguss\n|-singleturn|p2b: Amoonguss|move: Rage Powder\n|move|p2a: Arcanine|Will-O-Wisp|p1b: Maushold\n|-status|p1b: Maushold|brn\n|move|p1a: Torkoal|Heat Wave|p2b: Amoonguss|[spread] p2a,p2b\n|-resisted|p2a: Arcanine\n|-resisted|p2b: Amoonguss\n|-damage|p2a: Arcanine|69\/100\n|-damage|p2b: Amoonguss|70\/100\n|\n|-weather|SunnyDay|[upkeep]\n|-damage|p1b: Maushold|94\/100 brn|[from] brn\n|upkeep\n|turn|2\n|\n|t:|1682616577\n|move|p1b: Maushold|Protect|p1b: Maushold\n|-singleturn|p1b: Maushold|Protect\n|move|p2a: Arcanine|Howl|p2a: Arcanine|[spread] p2a,p2b\n|-boost|p2a: Arcanine|atk|1\n|-boost|p2b: Amoonguss|atk|1\n|move|p2b: Amoonguss|Pollen Puff|p2a: Arcanine\n|-heal|p2a: Arcanine|100\/100\n|move|p1a: Torkoal|Earth Power|p2b: Amoonguss\n|-supereffective|p2b: Amoonguss\n|-damage|p2b: Amoonguss|25\/100\n|-enditem|p2b: Amoonguss|Sitrus Berry|[eat]\n|-heal|p2b: Amoonguss|50\/100|[from] item: Sitrus Berry\n|\n|-weather|SunnyDay|[upkeep]\n|-damage|p1b: Maushold|88\/100 brn|[from] brn\n|upkeep\n|turn|3\n|inactive|Toasterina has 30 seconds left.\n|\n|t:|1682616606\n|move|p2b: Amoonguss|Rage Powder|p2b: Amoonguss\n|-singleturn|p2b: Amoonguss|move: Rage Powder\n|move|p1b: Maushold|Tickle|p2b: Amoonguss\n|-unboost|p2b: Amoonguss|atk|1\n|-unboost|p2b: Amoonguss|def|1\n|move|p2a: Arcanine|Flare Blitz|p1b: Maushold\n|-damage|p1b: Maushold|0 fnt\n|faint|p1b: Maushold\n|-damage|p2a: Arcanine|74\/100|[from] Recoil\n|move|p1a: Torkoal|Earth Power|p2b: Amoonguss\n|-supereffective|p2b: Amoonguss\n|-damage|p2b: Amoonguss|3\/100\n|\n|-weather|SunnyDay|[upkeep]\n|upkeep\n|\n|t:|1682616623\n|switch|p1b: Mudsdale|Mudsdale, L50, M|100\/100\n|turn|4\n|\n|t:|1682616640\n|move|p2b: Amoonguss|Rage Powder|p2b: Amoonguss\n|-singleturn|p2b: Amoonguss|move: Rage Powder\n|move|p2a: Arcanine|Flare Blitz|p1b: Mudsdale\n|-damage|p1b: Mudsdale|19\/100\n|-ability|p1b: Mudsdale|Stamina|boost\n|-boost|p1b: Mudsdale|def|1\n|-damage|p2a: Arcanine|49\/100|[from] Recoil\n|move|p1b: Mudsdale|Rock Slide|p2b: Amoonguss|[spread] p2a,p2b\n|-supereffective|p2a: Arcanine\n|-supereffective|p2b: Amoonguss\n|-damage|p2a: Arcanine|12\/100\n|-damage|p2b: Amoonguss|0 fnt\n|faint|p2b: Amoonguss\n|move|p1a: Torkoal|Earth Power|p2a: Arcanine\n|-supereffective|p2a: Arcanine\n|-damage|p2a: Arcanine|0 fnt\n|faint|p2a: Arcanine\n|\n|-weather|SunnyDay|[upkeep]\n|upkeep\n|\n|t:|1682616653\n|switch|p2a: Gholdengo|Gholdengo, L50|100\/100\n|switch|p2b: Murkrow|Murkrow, L50, F|100\/100\n|turn|5\n|\n|t:|1682616682\n|switch|p1a: Jumpluff|Jumpluff, L50, F|100\/100\n|move|p2b: Murkrow|Tailwind|p2b: Murkrow\n|-sidestart|p2: Toasterina|move: Tailwind\n|move|p2a: Gholdengo|Make It Rain|p1a: Jumpluff|[spread] p1a,p1b\n|-damage|p1a: Jumpluff|21\/100\n|-damage|p1b: Mudsdale|0 fnt\n|-unboost|p2a: Gholdengo|spa|1\n|faint|p1b: Mudsdale\n|-damage|p2a: Gholdengo|91\/100|[from] item: Life Orb\n|\n|-weather|none\n|upkeep\n|\n|t:|1682616696\n|switch|p1b: Torkoal|Torkoal, L50, F, tera:Fire|100\/100\n|-weather|SunnyDay|[from] ability: Drought|[of] p1b: Torkoal\n|turn|6\n|\n|t:|1682616714\n|move|p2a: Gholdengo|Protect|p2a: Gholdengo\n|-singleturn|p2a: Gholdengo|Protect\n|move|p1a: Jumpluff|Acrobatics|p2a: Gholdengo\n|-activate|p2a: Gholdengo|move: Protect\n|move|p2b: Murkrow|Foul Play|p1b: Torkoal\n|-damage|p1b: Torkoal|84\/100\n|move|p1b: Torkoal|Heat Wave|p2a: Gholdengo|[spread] p2b\n|-activate|p2a: Gholdengo|move: Protect\n|-damage|p2b: Murkrow|24\/100\n|\n|-weather|SunnyDay|[upkeep]\n|upkeep\n|turn|7\n|\n|t:|1682616735\n|move|p2b: Murkrow|Haze|p2b: Murkrow\n|-clearallboost\n|move|p1a: Jumpluff|Acrobatics|p2a: Gholdengo\n|-resisted|p2a: Gholdengo\n|-crit|p2a: Gholdengo\n|-damage|p2a: Gholdengo|65\/100\n|move|p2a: Gholdengo|Shadow Ball|p1b: Torkoal\n|-damage|p1b: Torkoal|0 fnt\n|faint|p1b: Torkoal\n|-damage|p2a: Gholdengo|56\/100|[from] item: Life Orb\n|\n|-weather|SunnyDay|[upkeep]\n|upkeep\n|turn|8\n|\n|t:|1682616752\n|move|p2b: Murkrow|Haze|p2b: Murkrow\n|-clearallboost\n|move|p1a: Jumpluff|Acrobatics|p2a: Gholdengo\n|-resisted|p2a: Gholdengo\n|-damage|p2a: Gholdengo|39\/100\n|move|p2a: Gholdengo|Make It Rain|p1a: Jumpluff\n|-damage|p1a: Jumpluff|0 fnt\n|-unboost|p2a: Gholdengo|spa|1\n|faint|p1a: Jumpluff\n|-damage|p2a: Gholdengo|29\/100|[from] item: Life Orb\n|\n|win|Toasterina\n|raw|Froglock's rating: 1116 → 1086<\/strong> (-30 for losing)\n|raw|Toasterina's rating: 1051 → 1089<\/strong> (+38 for winning)\n|c|\u2606Toasterina|wpgg\n","uploadtime":1682616775,"views":6,"p1id":"froglock","p2id":"toasterina","formatid":"gen9vgc2023regulationc","rating":1086,"private":0,"password":""}