{"id":"gen9vgc2023regulationc-1861955972","p1":"LegacyUX9","p2":"dougdimmadomevgc","format":"[Gen 9] VGC 2023 Regulation C","log":"|j|\u2606LegacyUX9\n|j|\u2606dougdimmadomevgc\n|t:|1683823911\n|gametype|doubles\n|player|p1|LegacyUX9|266|1051\n|player|p2|dougdimmadomevgc|1|1000\n|teamsize|p1|6\n|teamsize|p2|6\n|gen|9\n|tier|[Gen 9] VGC 2023 Regulation C\n|rated|\n|rule|Species Clause: Limit one of each Pok\u00e9mon\n|rule|Item Clause: Limit one of each item\n|clearpoke\n|poke|p1|Grimmsnarl, L50, M|\n|poke|p1|Annihilape, L50, M|\n|poke|p1|Indeedee-F, L50, F|\n|poke|p1|Armarouge, L50, F|\n|poke|p1|Dondozo, L50, M|\n|poke|p1|Garganacl, L50, F|\n|poke|p2|Chien-Pao, L50|\n|poke|p2|Azumarill, L50, F|\n|poke|p2|Amoonguss, L50, M|\n|poke|p2|Flutter Mane, L50|\n|poke|p2|Arcanine, L50, M|\n|poke|p2|Dragonite, L50, F|\n|teampreview|4\ndougdimmadomevgc rejected open team sheets.\n|\n|t:|1683823957\n|start\n|switch|p1a: Grimmsnarl|Grimmsnarl, L50, M, shiny|100\/100\n|switch|p1b: Indeedee|Indeedee-F, L50, F, shiny|100\/100\n|switch|p2a: Arcanine|Arcanine, L50, M|100\/100\n|switch|p2b: Dragonite|Dragonite, L50, F|100\/100\n|-ability|p2a: Arcanine|Intimidate|boost\n|-unboost|p1a: Grimmsnarl|atk|1\n|-unboost|p1b: Indeedee|atk|1\n|-fieldstart|move: Psychic Terrain|[from] ability: Psychic Surge|[of] p1b: Indeedee\n|turn|1\n|\n|t:|1683824000\n|switch|p2b: Amoonguss|Amoonguss, L50, M|100\/100\n|move|p1a: Grimmsnarl|Reflect|p1a: Grimmsnarl\n|-sidestart|p1: LegacyUX9|Reflect\n|move|p2a: Arcanine|Snarl|p1a: Grimmsnarl|[spread] p1a,p1b\n|-resisted|p1a: Grimmsnarl\n|-supereffective|p1b: Indeedee\n|-damage|p1a: Grimmsnarl|99\/100\n|-damage|p1b: Indeedee|85\/100\n|-unboost|p1a: Grimmsnarl|spa|1\n|-unboost|p1b: Indeedee|spa|1\n|move|p1b: Indeedee|Trick Room|p1b: Indeedee\n|-fieldstart|move: Trick Room|[of] p1b: Indeedee\n|\n|upkeep\n|turn|2\n|\n|t:|1683824024\n|switch|p1a: Garganacl|Garganacl, L50, F|100\/100\n|move|p2b: Amoonguss|Spore|p1a: Garganacl\n|-immune|p1a: Garganacl|[from] ability: Purifying Salt\n|move|p1b: Indeedee|Psyshock|p2a: Arcanine\n|-damage|p2a: Arcanine|70\/100\n|move|p2a: Arcanine|Snarl|p1b: Indeedee|[spread] p1a,p1b\n|-supereffective|p1b: Indeedee\n|-damage|p1a: Garganacl|95\/100\n|-damage|p1b: Indeedee|69\/100\n|-unboost|p1a: Garganacl|spa|1\n|-unboost|p1b: Indeedee|spa|1\n|\n|upkeep\n|turn|3\n|\n|t:|1683824058\n|move|p2a: Arcanine|Protect|p2a: Arcanine\n|-singleturn|p2a: Arcanine|Protect\n|move|p2b: Amoonguss|Spore|p1b: Indeedee\n|-status|p1b: Indeedee|slp|[from] move: Spore\n|-enditem|p1b: Indeedee|Chesto Berry|[eat]\n|-curestatus|p1b: Indeedee|slp|[msg]\n|move|p1a: Garganacl|Rock Slide|p2b: Amoonguss|[spread] \n|-activate|p2a: Arcanine|move: Protect\n|-miss|p1a: Garganacl|p2b: Amoonguss\n|move|p1b: Indeedee|Psyshock|p2a: Arcanine\n|-activate|p2a: Arcanine|move: Protect\n|\n|upkeep\n|turn|4\n|\n|t:|1683824085\n|switch|p2a: Flutter Mane|Flutter Mane, L50|100\/100\n|-enditem|p2a: Flutter Mane|Booster Energy\n|-activate|p2a: Flutter Mane|ability: Protosynthesis|[fromitem]\n|-start|p2a: Flutter Mane|protosynthesisspa\n|move|p2b: Amoonguss|Spore|p1b: Indeedee\n|-status|p1b: Indeedee|slp|[from] move: Spore\n|move|p1a: Garganacl|Rock Slide|p2b: Amoonguss|[spread] \n|-miss|p1a: Garganacl|p2a: Flutter Mane\n|-miss|p1a: Garganacl|p2b: Amoonguss\n|cant|p1b: Indeedee|slp\n|\n|upkeep\n|turn|5\n|\n|t:|1683824106\n|move|p2b: Amoonguss|Rage Powder|p2b: Amoonguss\n|-singleturn|p2b: Amoonguss|move: Rage Powder\n|cant|p1b: Indeedee|slp\n|move|p1a: Garganacl|Rock Slide|p2b: Amoonguss|[spread] p2a,p2b\n|-damage|p2a: Flutter Mane|74\/100\n|-damage|p2b: Amoonguss|84\/100\n|move|p2a: Flutter Mane|Calm Mind|p2a: Flutter Mane\n|-boost|p2a: Flutter Mane|spa|1\n|-boost|p2a: Flutter Mane|spd|1\n|\n|-fieldend|move: Trick Room\n|-fieldend|move: Psychic Terrain\n|upkeep\n|turn|6\n|\n|t:|1683824126\n|move|p1a: Garganacl|Wide Guard|p1a: Garganacl\n|-singleturn|p1a: Garganacl|Wide Guard\n|move|p2a: Flutter Mane|Dazzling Gleam|p1a: Garganacl|[spread] \n|-activate|p1a: Garganacl|move: Wide Guard\n|-activate|p1b: Indeedee|move: Wide Guard\n|move|p2b: Amoonguss|Pollen Puff|p2a: Flutter Mane\n|-heal|p2a: Flutter Mane|100\/100\n|-curestatus|p1b: Indeedee|slp|[msg]\n|move|p1b: Indeedee|Trick Room|p1b: Indeedee\n|-fieldstart|move: Trick Room|[of] p1b: Indeedee\n|\n|upkeep\n|turn|7\n|\n|t:|1683824148\n|move|p2b: Amoonguss|Spore|p1b: Indeedee\n|-status|p1b: Indeedee|slp|[from] move: Spore\n|move|p1a: Garganacl|Salt Cure|p2b: Amoonguss\n|-damage|p2b: Amoonguss|73\/100\n|-start|p2b: Amoonguss|Salt Cure\n|cant|p1b: Indeedee|slp\n|move|p2a: Flutter Mane|Calm Mind|p2a: Flutter Mane\n|-boost|p2a: Flutter Mane|spa|1\n|-boost|p2a: Flutter Mane|spd|1\n|\n|-damage|p2b: Amoonguss|60\/100|[from] Salt Cure\n|upkeep\n|turn|8\n|\n|t:|1683824185\n|move|p2b: Amoonguss|Pollen Puff|p1a: Garganacl\n|-damage|p1a: Garganacl|82\/100\n|move|p1a: Garganacl|Rock Slide|p2a: Flutter Mane|[spread] p2a,p2b\n|-damage|p2a: Flutter Mane|75\/100\n|-damage|p2b: Amoonguss|43\/100\n|cant|p1b: Indeedee|slp\n|move|p2a: Flutter Mane|Calm Mind|p2a: Flutter Mane\n|-boost|p2a: Flutter Mane|spa|1\n|-boost|p2a: Flutter Mane|spd|1\n|\n|-damage|p2b: Amoonguss|31\/100|[from] Salt Cure\n|-sideend|p1: LegacyUX9|Reflect\n|upkeep\n|turn|9\n|\n|t:|1683824207\n|move|p2b: Amoonguss|Pollen Puff|p2a: Flutter Mane\n|-heal|p2a: Flutter Mane|100\/100\n|move|p1a: Garganacl|Salt Cure|p2a: Flutter Mane\n|-damage|p2a: Flutter Mane|84\/100\n|-start|p2a: Flutter Mane|Salt Cure\n|-curestatus|p1b: Indeedee|slp|[msg]\n|move|p1b: Indeedee|Psyshock|p2b: Amoonguss\n|-supereffective|p2b: Amoonguss\n|-damage|p2b: Amoonguss|3\/100\n|-enditem|p2b: Amoonguss|Wiki Berry|[eat]\n|-heal|p2b: Amoonguss|36\/100|[from] item: Wiki Berry\n|move|p2a: Flutter Mane|Calm Mind|p2a: Flutter Mane\n|-boost|p2a: Flutter Mane|spa|1\n|-boost|p2a: Flutter Mane|spd|1\n|\n|-damage|p2b: Amoonguss|24\/100|[from] Salt Cure\n|-damage|p2a: Flutter Mane|71\/100|[from] Salt Cure\n|upkeep\n|turn|10\n|\n|t:|1683824226\n|move|p2b: Amoonguss|Rage Powder|p2b: Amoonguss\n|-singleturn|p2b: Amoonguss|move: Rage Powder\n|move|p1a: Garganacl|Rock Slide|p2a: Flutter Mane|[spread] p2a,p2b\n|-damage|p2a: Flutter Mane|49\/100\n|-damage|p2b: Amoonguss|8\/100\n|move|p1b: Indeedee|Psyshock|p2b: Amoonguss\n|-supereffective|p2b: Amoonguss\n|-damage|p2b: Amoonguss|0 fnt\n|faint|p2b: Amoonguss\n|cant|p2a: Flutter Mane|flinch\n|\n|-damage|p2a: Flutter Mane|36\/100|[from] Salt Cure\n|-fieldend|move: Trick Room\n|upkeep\n|\n|t:|1683824238\n|switch|p2b: Dragonite|Dragonite, L50, F|100\/100\n|turn|11\n|\n|t:|1683824259\n|move|p2a: Flutter Mane|Protect|p2a: Flutter Mane\n|-singleturn|p2a: Flutter Mane|Protect\n|move|p1a: Garganacl|Wide Guard|p1a: Garganacl\n|-singleturn|p1a: Garganacl|Wide Guard\n|move|p2b: Dragonite|Stomping Tantrum|p1a: Garganacl\n|-supereffective|p1a: Garganacl\n|-damage|p1a: Garganacl|17\/100\n|-enditem|p1a: Garganacl|Sitrus Berry|[eat]\n|-heal|p1a: Garganacl|42\/100|[from] item: Sitrus Berry\n|move|p1b: Indeedee|Trick Room|p1b: Indeedee\n|-fieldstart|move: Trick Room|[of] p1b: Indeedee\n|\n|-damage|p2a: Flutter Mane|24\/100|[from] Salt Cure\n|upkeep\n|turn|12\n|\n|t:|1683824284\n|move|p1a: Garganacl|Rock Slide|p2b: Dragonite|[spread] p2a,p2b\n|-supereffective|p2b: Dragonite\n|-damage|p2a: Flutter Mane|0 fnt\n|-damage|p2b: Dragonite|82\/100\n|faint|p2a: Flutter Mane\n|-end|p2a: Flutter Mane|Protosynthesis|[silent]\n|move|p1b: Indeedee|Heal Pulse|p1a: Garganacl\n|-heal|p1a: Garganacl|92\/100\n|move|p2b: Dragonite|Stomping Tantrum|p1a: Garganacl\n|-supereffective|p1a: Garganacl\n|-damage|p1a: Garganacl|35\/100\n|\n|upkeep\n|\n|t:|1683824293\n|switch|p2a: Arcanine|Arcanine, L50, M|70\/100\n|-ability|p2a: Arcanine|Intimidate|boost\n|-unboost|p1a: Garganacl|atk|1\n|-unboost|p1b: Indeedee|atk|1\n|turn|13\n|\n|t:|1683824305\n|switch|p1a: Grimmsnarl|Grimmsnarl, L50, M, shiny|99\/100\n|switch|p1b: Armarouge|Armarouge, L50, F|100\/100\n|move|p2b: Dragonite|Stomping Tantrum|p1a: Grimmsnarl\n|-damage|p1a: Grimmsnarl|41\/100\n|move|p2a: Arcanine|Snarl|p1b: Armarouge|[spread] p1a,p1b\n|-resisted|p1a: Grimmsnarl\n|-supereffective|p1b: Armarouge\n|-damage|p1a: Grimmsnarl|39\/100\n|-damage|p1b: Armarouge|82\/100\n|-unboost|p1a: Grimmsnarl|spa|1\n|\n|upkeep\n|turn|14\n|\n|t:|1683824324\n|move|p2a: Arcanine|Protect|p2a: Arcanine\n|-singleturn|p2a: Arcanine|Protect\n|move|p1a: Grimmsnarl|Parting Shot|p2b: Dragonite\n|-unboost|p2b: Dragonite|atk|1\n|-unboost|p2b: Dragonite|spa|1\n|\n|t:|1683824329\n|switch|p1a: Indeedee|Indeedee-F, L50, F, shiny|69\/100|[from] Parting Shot\n|-fieldstart|move: Psychic Terrain|[from] ability: Psychic Surge|[of] p1a: Indeedee\n|move|p1b: Armarouge|Expanding Force|p2b: Dragonite|[spread] p2b\n|-activate|p2a: Arcanine|move: Protect\n|-damage|p2b: Dragonite|27\/100\n|move|p2b: Dragonite|Stomping Tantrum|p1b: Armarouge\n|-supereffective|p1b: Armarouge\n|-damage|p1b: Armarouge|30\/100\n|\n|upkeep\n|turn|15\n|-message|dougdimmadomevgc forfeited.\n|\n|win|LegacyUX9\n|raw|LegacyUX9's rating: 1051 → 1079<\/strong> (+28 for winning)\n|raw|dougdimmadomevgc's rating: 1000 → 1000<\/strong> (+0 for losing)\n|l|\u2606dougdimmadomevgc\n","uploadtime":1683824343,"views":10,"p1id":"legacyux9","p2id":"dougdimmadomevgc","formatid":"gen9vgc2023regulationc","rating":1000,"private":0,"password":""}