{"id":"gen9vgc2023regulationc-1858253906","p1":"clsvgc","p2":"Arcacagne","format":"[Gen 9] VGC 2023 Regulation C","log":"|j|\u2606clsvgc\n|j|\u2606Arcacagne\n|t:|1683295648\n|gametype|doubles\n|player|p1|clsvgc|caitlin|1372\n|player|p2|Arcacagne|1|1277\n|teamsize|p1|6\n|teamsize|p2|6\n|gen|9\n|tier|[Gen 9] VGC 2023 Regulation C\n|rated|\n|rule|Species Clause: Limit one of each Pok\u00e9mon\n|rule|Item Clause: Limit one of each item\n|clearpoke\n|poke|p1|Amoonguss, L50, F|\n|poke|p1|Arcanine, L50, M|\n|poke|p1|Palafin, L50, M|\n|poke|p1|Ting-Lu, L50|\n|poke|p1|Flutter Mane, L50|\n|poke|p1|Baxcalibur, L50, M|\n|poke|p2|Chi-Yu, L50|\n|poke|p2|Flutter Mane, L50|\n|poke|p2|Amoonguss, L50, F|\n|poke|p2|Palafin, L50, F|\n|poke|p2|Kingambit, L50, F|\n|poke|p2|Arcanine, L50, M|\n|teampreview|4\n|inactive|Battle timer is ON: inactive players will automatically lose when time's up. (requested by clsvgc)\nArcacagne has agreed to open team sheets.\nclsvgc rejected open team sheets.\n|inactive|Arcacagne has 60 seconds left.\n|inactive|Arcacagne has 30 seconds left.\n|\n|t:|1683295715\n|start\n|switch|p1a: \u6211\u4f1a\u51fa\u624b|Palafin, L50, M|100\/100\n|switch|p1b: \u83c7\u83c7|Amoonguss, L50, F|100\/100\n|switch|p2a: Chi-Yu|Chi-Yu, L50|100\/100\n|switch|p2b: Amoonguss|Amoonguss, L50, F|100\/100\n|-ability|p2a: Chi-Yu|Beads of Ruin\n|turn|1\n|inactive|Arcacagne has 30 seconds left.\n|\n|t:|1683295748\n|-terastallize|p2a: Chi-Yu|Water\n|move|p1a: \u6211\u4f1a\u51fa\u624b|Protect|p1a: \u6211\u4f1a\u51fa\u624b\n|-singleturn|p1a: \u6211\u4f1a\u51fa\u624b|Protect\n|move|p1b: \u83c7\u83c7|Protect|p1b: \u83c7\u83c7\n|-singleturn|p1b: \u83c7\u83c7|Protect\n|move|p2a: Chi-Yu|Nasty Plot|p2a: Chi-Yu\n|-boost|p2a: Chi-Yu|spa|2\n|move|p2b: Amoonguss|Spore|p1a: \u6211\u4f1a\u51fa\u624b\n|-activate|p1a: \u6211\u4f1a\u51fa\u624b|move: Protect\n|\n|upkeep\n|turn|2\n|\n|t:|1683295772\n|-terastallize|p1b: \u83c7\u83c7|Water\n|move|p2a: Chi-Yu|Heat Wave|p1b: \u83c7\u83c7|[spread] p1a,p1b\n|-resisted|p1a: \u6211\u4f1a\u51fa\u624b\n|-resisted|p1b: \u83c7\u83c7\n|-damage|p1a: \u6211\u4f1a\u51fa\u624b|43\/100\n|-damage|p1b: \u83c7\u83c7|71\/100\n|move|p1a: \u6211\u4f1a\u51fa\u624b|Haze|p1a: \u6211\u4f1a\u51fa\u624b\n|-clearallboost\n|move|p2b: Amoonguss|Spore|p1a: \u6211\u4f1a\u51fa\u624b\n|-status|p1a: \u6211\u4f1a\u51fa\u624b|slp|[from] move: Spore\n|move|p1b: \u83c7\u83c7|Pollen Puff|p2a: Chi-Yu\n|-damage|p2a: Chi-Yu|82\/100\n|\n|upkeep\n|turn|3\n|\n|t:|1683295791\n|detailschange|p1a: \u6211\u4f1a\u51fa\u624b|Palafin-Hero, L50, M\n|switch|p1a: \u9f0e\u9e7f|Ting-Lu, L50|100\/100\n|-ability|p1a: \u9f0e\u9e7f|Vessel of Ruin\n|move|p2a: Chi-Yu|Nasty Plot|p2a: Chi-Yu\n|-boost|p2a: Chi-Yu|spa|2\n|move|p2b: Amoonguss|Spore|p1b: \u83c7\u83c7\n|-status|p1b: \u83c7\u83c7|slp|[from] move: Spore\n|cant|p1b: \u83c7\u83c7|slp\n|\n|upkeep\n|turn|4\n|\n|t:|1683295806\n|-curestatus|p1b: \u83c7\u83c7|slp|[msg]\n|move|p1b: \u83c7\u83c7|Protect|p1b: \u83c7\u83c7\n|-singleturn|p1b: \u83c7\u83c7|Protect\n|move|p2a: Chi-Yu|Dark Pulse|p1b: \u83c7\u83c7\n|-activate|p1b: \u83c7\u83c7|move: Protect\n|move|p1a: \u9f0e\u9e7f|Body Press|p2a: Chi-Yu\n|-damage|p2a: Chi-Yu|42\/100\n|move|p2b: Amoonguss|Spore|p1a: \u9f0e\u9e7f\n|-status|p1a: \u9f0e\u9e7f|slp|[from] move: Spore\n|\n|upkeep\n|turn|5\n|\n|t:|1683295826\n|move|p2a: Chi-Yu|Dark Pulse|p1b: \u83c7\u83c7\n|-damage|p1b: \u83c7\u83c7|22\/100\n|-enditem|p1b: \u83c7\u83c7|Sitrus Berry|[eat]\n|-heal|p1b: \u83c7\u83c7|47\/100|[from] item: Sitrus Berry\n|cant|p1a: \u9f0e\u9e7f|slp\n|move|p2b: Amoonguss|Pollen Puff|p2a: Chi-Yu\n|-heal|p2a: Chi-Yu|92\/100\n|move|p1b: \u83c7\u83c7|Spore|p2a: Chi-Yu\n|-activate|p2a: Chi-Yu|item: Safety Goggles|Spore\n|\n|upkeep\n|turn|6\n|-message|clsvgc forfeited.\n|\n|win|Arcacagne\n|raw|clsvgc's rating: 1372 → 1347<\/strong> (-25 for losing)\n|raw|Arcacagne's rating: 1277 → 1309<\/strong> (+32 for winning)\n|l|\u2606clsvgc\n","uploadtime":1683296649,"views":13,"p1id":"clsvgc","p2id":"arcacagne","formatid":"gen9vgc2023regulationc","rating":1309,"private":0,"password":""}