{"id":"gen9vgc2023regulationc-1861186295","p1":"7daze1","p2":"Ykrach","format":"[Gen 9] VGC 2023 Regulation C","log":"|j|\u26067daze1\n|j|\u2606Ykrach\n|t:|1683734085\n|gametype|doubles\n|player|p1|7daze1|blue|1018\n|player|p2|Ykrach|acetrainer-gen4dp|1048\n|teamsize|p1|6\n|teamsize|p2|6\n|gen|9\n|tier|[Gen 9] VGC 2023 Regulation C\n|rated|\n|rule|Species Clause: Limit one of each Pok\u00e9mon\n|rule|Item Clause: Limit one of each item\n|clearpoke\n|poke|p1|Scream Tail, L50|\n|poke|p1|Gothitelle, L50, M|\n|poke|p1|Palafin, L50, M|\n|poke|p1|Flutter Mane, L50|\n|poke|p1|Torkoal, L50, F|\n|poke|p1|Oranguru, L50, M|\n|poke|p2|Grafaiai, L50, F|\n|poke|p2|Tinkaton, L50, F|\n|poke|p2|Hatterene, L50, F|\n|poke|p2|Iron Bundle, L50|\n|poke|p2|Toedscruel, L50, F|\n|poke|p2|Talonflame, L50, F|\n|teampreview|4\n|\n|t:|1683734101\n|start\n|switch|p1a: Palafin|Palafin, L50, M|100\/100\n|switch|p1b: Scream Tail|Scream Tail, L50|100\/100\n|switch|p2a: Grafaiai|Grafaiai, L50, F|100\/100\n|switch|p2b: Tinkaton|Tinkaton, L50, F|100\/100\n|-enditem|p1b: Scream Tail|Booster Energy\n|-activate|p1b: Scream Tail|ability: Protosynthesis|[fromitem]\n|-start|p1b: Scream Tail|protosynthesisspe\n|turn|1\n|\n|t:|1683734123\n|detailschange|p1a: Palafin|Palafin-Hero, L50, M\n|switch|p1a: Gothitelle|Gothitelle, L50, M|100\/100\n|move|p2a: Grafaiai|Swagger|p2b: Tinkaton|[miss]\n|-miss|p2a: Grafaiai|p2b: Tinkaton\n|move|p1b: Scream Tail|Perish Song|p1b: Scream Tail\n|-start|p1a: Gothitelle|perish3|[silent]\n|-start|p1b: Scream Tail|perish3|[silent]\n|-start|p2a: Grafaiai|perish3|[silent]\n|-start|p2b: Tinkaton|perish3|[silent]\n|-fieldactivate|move: Perish Song\n|move|p2b: Tinkaton|Gigaton Hammer|p1b: Scream Tail\n|-supereffective|p1b: Scream Tail\n|-damage|p1b: Scream Tail|20\/100\n|\n|-start|p1b: Scream Tail|perish3\n|-start|p2a: Grafaiai|perish3\n|-start|p2b: Tinkaton|perish3\n|-start|p1a: Gothitelle|perish3\n|upkeep\n|turn|2\n|\n|t:|1683734148\n|move|p1a: Gothitelle|Fake Out|p2a: Grafaiai\n|-damage|p2a: Grafaiai|93\/100\n|cant|p2a: Grafaiai|flinch\n|move|p1b: Scream Tail|Disable|p2b: Tinkaton\n|-start|p2b: Tinkaton|Disable|Gigaton Hammer\n|move|p2b: Tinkaton|Play Rough|p1a: Gothitelle\n|-damage|p1a: Gothitelle|75\/100\n|\n|-heal|p1a: Gothitelle|81\/100|[from] item: Leftovers\n|-start|p1b: Scream Tail|perish2\n|-start|p2a: Grafaiai|perish2\n|-start|p2b: Tinkaton|perish2\n|-start|p1a: Gothitelle|perish2\n|upkeep\n|turn|3\n|\n|t:|1683734171\n|move|p1a: Gothitelle|Protect|p1a: Gothitelle\n|-singleturn|p1a: Gothitelle|Protect\n|move|p2a: Grafaiai|Swagger|p2b: Tinkaton\n|-boost|p2b: Tinkaton|atk|2\n|-immune|p2b: Tinkaton|confusion|[from] ability: Own Tempo\n|move|p1b: Scream Tail|Disable|p2a: Grafaiai\n|-start|p2a: Grafaiai|Disable|Swagger\n|move|p2b: Tinkaton|Play Rough|p1b: Scream Tail\n|-damage|p1b: Scream Tail|0 fnt\n|faint|p1b: Scream Tail\n|-end|p1b: Scream Tail|Protosynthesis|[silent]\n|\n|-heal|p1a: Gothitelle|87\/100|[from] item: Leftovers\n|-start|p2a: Grafaiai|perish1\n|-start|p2b: Tinkaton|perish1\n|-start|p1a: Gothitelle|perish1\n|upkeep\n|\n|t:|1683734193\n|switch|p1b: Flutter Mane|Flutter Mane, L50|100\/100\n|turn|4\n|\n|t:|1683734206\n|switch|p1a: Palafin|Palafin-Hero, L50, M|100\/100\n|-activate|p1a: Palafin|ability: Zero to Hero\n|move|p2a: Grafaiai|Scary Face|p1b: Flutter Mane\n|-unboost|p1b: Flutter Mane|spe|2\n|move|p2b: Tinkaton|Play Rough|p1b: Flutter Mane\n|-damage|p1b: Flutter Mane|24\/100\n|-damage|p2b: Tinkaton|84\/100|[from] item: Rocky Helmet|[of] p1b: Flutter Mane\n|move|p1b: Flutter Mane|Hex|p2a: Grafaiai\n|-immune|p2a: Grafaiai\n|\n|-start|p2a: Grafaiai|perish0\n|-start|p2b: Tinkaton|perish0\n|upkeep\n|faint|p2a: Grafaiai\n|faint|p2b: Tinkaton\n|\n|t:|1683734221\n|switch|p2a: Hatterene|Hatterene, L50, F|100\/100\n|switch|p2b: Iron Bundle|Iron Bundle, L50|100\/100\n|-enditem|p2b: Iron Bundle|Booster Energy\n|-activate|p2b: Iron Bundle|ability: Quark Drive|[fromitem]\n|-start|p2b: Iron Bundle|quarkdrivespe\n|turn|5\n|\n|t:|1683734246\n|-terastallize|p2b: Iron Bundle|Ghost\n|-terastallize|p1a: Palafin|Water\n|move|p1a: Palafin|Jet Punch|p2a: Hatterene\n|-damage|p2a: Hatterene|18\/100\n|move|p2b: Iron Bundle|Freeze-Dry|p1a: Palafin\n|-supereffective|p1a: Palafin\n|-damage|p1a: Palafin|22\/100\n|move|p1b: Flutter Mane|Perish Song|p1b: Flutter Mane\n|-start|p1a: Palafin|perish3|[silent]\n|-start|p1b: Flutter Mane|perish3|[silent]\n|-start|p2a: Hatterene|perish3|[silent]\n|-start|p2b: Iron Bundle|perish3|[silent]\n|-fieldactivate|move: Perish Song\n|move|p2a: Hatterene|Dazzling Gleam|p1a: Palafin|[spread] p1a,p1b\n|-damage|p1a: Palafin|0 fnt\n|-damage|p1b: Flutter Mane|0 fnt\n|faint|p1a: Palafin\n|faint|p1b: Flutter Mane\n|-end|p1b: Flutter Mane|Protosynthesis|[silent]\n|\n|-start|p2b: Iron Bundle|perish3\n|-start|p2a: Hatterene|perish3\n|upkeep\n|\n|t:|1683734268\n|switch|p1b: Gothitelle|Gothitelle, L50, M|87\/100\n|turn|6\n|\n|t:|1683734278\n|move|p1b: Gothitelle|Fake Out|p2a: Hatterene\n|-damage|p2a: Hatterene|12\/100\n|move|p2b: Iron Bundle|Tera Blast|p1b: Gothitelle\n|-supereffective|p1b: Gothitelle\n|-damage|p1b: Gothitelle|13\/100\n|cant|p2a: Hatterene|flinch\n|\n|-heal|p1b: Gothitelle|19\/100|[from] item: Leftovers\n|-start|p2b: Iron Bundle|perish2\n|-start|p2a: Hatterene|perish2\n|upkeep\n|turn|7\n|\n|t:|1683734291\n|move|p1b: Gothitelle|Protect|p1b: Gothitelle\n|-singleturn|p1b: Gothitelle|Protect\n|move|p2b: Iron Bundle|Tera Blast|p1b: Gothitelle\n|-activate|p1b: Gothitelle|move: Protect\n|move|p2a: Hatterene|Dazzling Gleam|p1b: Gothitelle\n|-activate|p1b: Gothitelle|move: Protect\n|\n|-heal|p1b: Gothitelle|25\/100|[from] item: Leftovers\n|-start|p2b: Iron Bundle|perish1\n|-start|p2a: Hatterene|perish1\n|upkeep\n|turn|8\n|\n|t:|1683734304\n|move|p1b: Gothitelle|Protect||[still]\n|-fail|p1b: Gothitelle\n|move|p2b: Iron Bundle|Tera Blast|p1b: Gothitelle\n|-supereffective|p1b: Gothitelle\n|-damage|p1b: Gothitelle|0 fnt\n|faint|p1b: Gothitelle\n|\n|win|Ykrach\n|raw|7daze1's rating: 1018 → 1006<\/strong> (-12 for losing)\n|raw|Ykrach's rating: 1048 → 1078<\/strong> (+30 for winning)\n","uploadtime":1683734312,"views":10,"p1id":"7daze1","p2id":"ykrach","formatid":"gen9vgc2023regulationc","rating":1006,"private":0,"password":""}