{"id":"gen9vgc2023regulationc-1861286335","p1":"your local x-9","p2":"Auraen","format":"[Gen 9] VGC 2023 Regulation C","log":"|j|\u2606your local x-9\n|j|\u2606Auraen\n|t:|1683742587\n|gametype|doubles\n|player|p1|your local x-9|dahlia|1364\n|player|p2|Auraen|flannery|1376\n|teamsize|p1|6\n|teamsize|p2|6\n|gen|9\n|tier|[Gen 9] VGC 2023 Regulation C\n|rated|\n|rule|Species Clause: Limit one of each Pok\u00e9mon\n|rule|Item Clause: Limit one of each item\n|clearpoke\n|poke|p1|Gholdengo, L50|\n|poke|p1|Maushold-Four, L50|\n|poke|p1|Flutter Mane, L50|\n|poke|p1|Wo-Chien, L50|\n|poke|p1|Tauros-Paldea-Aqua, L50, M|\n|poke|p1|Ceruledge, L50, M|\n|poke|p2|Flutter Mane, L50|\n|poke|p2|Tauros-Paldea-Aqua, L50, M|\n|poke|p2|Corviknight, L50, M|\n|poke|p2|Iron Moth, L50|\n|poke|p2|Wo-Chien, L50|\n|poke|p2|Glimmora, L50, F|\n|teampreview|4\nyour local x-9 has agreed to open team sheets.\nAuraen has agreed to open team sheets.\n|c|\u2606your local x-9|Glhf\n|\n|t:|1683742647\n|start\n|switch|p1a: Ceruledge|Ceruledge, L50, M|100\/100\n|switch|p1b: Maushold|Maushold-Four, L50|100\/100\n|switch|p2a: Wo-Chien|Wo-Chien, L50|100\/100\n|switch|p2b: Tauros|Tauros-Paldea-Aqua, L50, M|100\/100\n|-ability|p2b: Tauros|Intimidate|boost\n|-fail|p1a: Ceruledge|unboost|[from] item: Clear Amulet|[of] p1a: Ceruledge\n|-unboost|p1b: Maushold|atk|1\n|-ability|p2a: Wo-Chien|Tablets of Ruin\n|turn|1\n|\n|t:|1683742666\n|switch|p2b: Glimmora|Glimmora, L50, F|100\/100\n|move|p1b: Maushold|Protect|p1b: Maushold\n|-singleturn|p1b: Maushold|Protect\n|move|p1a: Ceruledge|Bulk Up|p1a: Ceruledge\n|-boost|p1a: Ceruledge|atk|1\n|-boost|p1a: Ceruledge|def|1\n|move|p2a: Wo-Chien|Knock Off|p1a: Ceruledge\n|-supereffective|p1a: Ceruledge\n|-damage|p1a: Ceruledge|56\/100\n|-enditem|p1a: Ceruledge|Clear Amulet|[from] move: Knock Off|[of] p2a: Wo-Chien\n|\n|upkeep\n|turn|2\n|\n|t:|1683742681\n|switch|p2a: Tauros|Tauros-Paldea-Aqua, L50, M|100\/100\n|-ability|p2a: Tauros|Intimidate|boost\n|-unboost|p1a: Ceruledge|atk|1\n|-unboost|p1b: Maushold|atk|1\n|move|p1b: Maushold|Follow Me|p1b: Maushold\n|-singleturn|p1b: Maushold|move: Follow Me\n|move|p1a: Ceruledge|Bulk Up|p1a: Ceruledge\n|-boost|p1a: Ceruledge|atk|1\n|-boost|p1a: Ceruledge|def|1\n|move|p2b: Glimmora|Mortal Spin|p1b: Maushold|[spread] p1a,p1b\n|-resisted|p1a: Ceruledge\n|-damage|p1a: Ceruledge|55\/100\n|-damage|p1b: Maushold|95\/100\n|-status|p1a: Ceruledge|psn\n|-status|p1b: Maushold|psn\n|\n|-damage|p1b: Maushold|83\/100 psn|[from] psn\n|-damage|p1a: Ceruledge|43\/100 psn|[from] psn\n|upkeep\n|turn|3\n|\n|t:|1683742707\n|switch|p2a: Wo-Chien|Wo-Chien, L50|100\/100\n|-ability|p2a: Wo-Chien|Tablets of Ruin\n|move|p1b: Maushold|Follow Me|p1b: Maushold\n|-singleturn|p1b: Maushold|move: Follow Me\n|move|p1a: Ceruledge|Bitter Blade|p2a: Wo-Chien\n|-supereffective|p2a: Wo-Chien\n|-damage|p2a: Wo-Chien|16\/100\n|-heal|p1a: Ceruledge|90\/100 psn|[from] drain|[of] p2a: Wo-Chien\n|move|p2b: Glimmora|Power Gem|p1b: Maushold\n|-damage|p1b: Maushold|47\/100 psn\n|\n|-heal|p2a: Wo-Chien|22\/100|[from] item: Leftovers\n|-damage|p1b: Maushold|34\/100 psn|[from] psn\n|-damage|p1a: Ceruledge|78\/100 psn|[from] psn\n|upkeep\n|turn|4\n|\n|t:|1683742736\n|switch|p1b: Tauros|Tauros-Paldea-Aqua, L50, M|100\/100\n|-ability|p1b: Tauros|Intimidate|boost\n|-unboost|p2a: Wo-Chien|atk|1\n|-unboost|p2b: Glimmora|atk|1\n|switch|p2b: Tauros|Tauros-Paldea-Aqua, L50, M|100\/100\n|-ability|p2b: Tauros|Intimidate|boost\n|-unboost|p1a: Ceruledge|atk|1\n|-unboost|p1b: Tauros|atk|1\n|move|p1a: Ceruledge|Protect|p1a: Ceruledge\n|-singleturn|p1a: Ceruledge|Protect\n|move|p2a: Wo-Chien|Protect||[still]\n|-fail|p2a: Wo-Chien\n|\n|-heal|p2a: Wo-Chien|29\/100|[from] item: Leftovers\n|-damage|p1a: Ceruledge|65\/100 psn|[from] psn\n|upkeep\n|turn|5\n|\n|t:|1683742762\n|switch|p1b: Gholdengo|Gholdengo, L50|100\/100\n|switch|p2b: Glimmora|Glimmora, L50, F|100\/100\n|move|p2a: Wo-Chien|Protect|p2a: Wo-Chien\n|-singleturn|p2a: Wo-Chien|Protect\n|move|p1a: Ceruledge|Bitter Blade|p2a: Wo-Chien\n|-activate|p2a: Wo-Chien|move: Protect\n|\n|-heal|p2a: Wo-Chien|35\/100|[from] item: Leftovers\n|-damage|p1a: Ceruledge|53\/100 psn|[from] psn\n|upkeep\n|turn|6\n|\n|t:|1683742800\n|switch|p2b: Iron Moth|Iron Moth, L50|100\/100\n|switch|p2a: Tauros|Tauros-Paldea-Aqua, L50, M|100\/100\n|-ability|p2a: Tauros|Intimidate|boost\n|-unboost|p1a: Ceruledge|atk|1\n|-unboost|p1b: Gholdengo|atk|1\n|move|p1b: Gholdengo|Nasty Plot|p1b: Gholdengo\n|-boost|p1b: Gholdengo|spa|2\n|move|p1a: Ceruledge|Bitter Blade|p2a: Tauros\n|-resisted|p2a: Tauros\n|-damage|p2a: Tauros|89\/100\n|-heal|p1a: Ceruledge|59\/100 psn|[from] drain|[of] p2a: Tauros\n|\n|-damage|p1a: Ceruledge|47\/100 psn|[from] psn\n|upkeep\n|turn|7\n|\n|t:|1683742816\n|switch|p1a: Maushold|Maushold-Four, L50|34\/100 psn\n|-terastallize|p1b: Gholdengo|Water\n|move|p1b: Gholdengo|Shadow Ball|p2a: Tauros\n|-damage|p2a: Tauros|0 fnt\n|faint|p2a: Tauros\n|move|p2b: Iron Moth|Struggle Bug|p1a: Maushold|[spread] p1a,p1b\n|-crit|p1b: Gholdengo\n|-damage|p1a: Maushold|22\/100 psn\n|-damage|p1b: Gholdengo|88\/100\n|-unboost|p1a: Maushold|spa|1\n|-unboost|p1b: Gholdengo|spa|1\n|\n|-heal|p1b: Gholdengo|94\/100|[from] item: Leftovers\n|-damage|p1a: Maushold|9\/100 psn|[from] psn\n|upkeep\n|\n|t:|1683742829\n|switch|p2a: Wo-Chien|Wo-Chien, L50|35\/100\n|-ability|p2a: Wo-Chien|Tablets of Ruin\n|turn|8\n|\n|t:|1683742843\n|move|p1a: Maushold|Protect|p1a: Maushold\n|-singleturn|p1a: Maushold|Protect\n|move|p2a: Wo-Chien|Protect|p2a: Wo-Chien\n|-singleturn|p2a: Wo-Chien|Protect\n|move|p1b: Gholdengo|Make It Rain|p2a: Wo-Chien|[spread] p2b\n|-activate|p2a: Wo-Chien|move: Protect\n|-resisted|p2b: Iron Moth\n|-damage|p2b: Iron Moth|83\/100\n|-unboost|p1b: Gholdengo|spa|1\n|move|p2b: Iron Moth|Struggle Bug|p1a: Maushold|[spread] p1b\n|-activate|p1a: Maushold|move: Protect\n|-damage|p1b: Gholdengo|85\/100\n|-unboost|p1b: Gholdengo|spa|1\n|\n|-heal|p1b: Gholdengo|91\/100|[from] item: Leftovers\n|-heal|p2a: Wo-Chien|41\/100|[from] item: Leftovers\n|-damage|p1a: Maushold|0 fnt|[from] psn\n|faint|p1a: Maushold\n|upkeep\n|\n|t:|1683742864\n|switch|p1a: Tauros|Tauros-Paldea-Aqua, L50, M|100\/100\n|-ability|p1a: Tauros|Intimidate|boost\n|-unboost|p2a: Wo-Chien|atk|1\n|-unboost|p2b: Iron Moth|atk|1\n|turn|9\n|\n|t:|1683742888\n|-end|p2b: Iron Moth|Quark Drive|[silent]\n|switch|p2b: Glimmora|Glimmora, L50, F|100\/100\n|move|p1a: Tauros|Wave Crash|p2b: Glimmora\n|-supereffective|p2b: Glimmora\n|-damage|p2b: Glimmora|44\/100\n|-activate|p2b: Glimmora|ability: Toxic Debris\n|-sidestart|p1: your local x-9|move: Toxic Spikes\n|-enditem|p2b: Glimmora|Sitrus Berry|[eat]\n|-heal|p2b: Glimmora|68\/100|[from] item: Sitrus Berry\n|-damage|p1a: Tauros|79\/100|[from] Recoil\n|move|p1b: Gholdengo|Nasty Plot|p1b: Gholdengo\n|-boost|p1b: Gholdengo|spa|2\n|move|p2a: Wo-Chien|Knock Off|p1b: Gholdengo\n|-damage|p1b: Gholdengo|65\/100\n|-enditem|p1b: Gholdengo|Leftovers|[from] move: Knock Off|[of] p2a: Wo-Chien\n|\n|-heal|p2a: Wo-Chien|47\/100|[from] item: Leftovers\n|upkeep\n|turn|10\n|\n|t:|1683742938\n|-terastallize|p2a: Wo-Chien|Fire\n|move|p1b: Gholdengo|Make It Rain|p2a: Wo-Chien|[spread] p2a,p2b\n|-resisted|p2a: Wo-Chien\n|-supereffective|p2b: Glimmora\n|-damage|p2a: Wo-Chien|27\/100\n|-damage|p2b: Glimmora|0 fnt\n|-unboost|p1b: Gholdengo|spa|1\n|faint|p2b: Glimmora\n|move|p1a: Tauros|Close Combat|p2a: Wo-Chien\n|-damage|p2a: Wo-Chien|0 fnt\n|-unboost|p1a: Tauros|def|1\n|-unboost|p1a: Tauros|spd|1\n|faint|p2a: Wo-Chien\n|\n|upkeep\n|-message|Auraen forfeited.\n|\n|win|your local x-9\n|raw|your local x-9's rating: 1364 → 1385<\/strong> (+21 for winning)\n|raw|Auraen's rating: 1376 → 1355<\/strong> (-21 for losing)\n|l|\u2606Auraen\n","uploadtime":1683742961,"views":9,"p1id":"yourlocalx9","p2id":"auraen","formatid":"gen9vgc2023regulationc","rating":1355,"private":0,"password":""}