{"id":"gen9vgc2023regulationc-1858443234","p1":"Flutter Mane in 06","p2":"ItsAvery3","format":"[Gen 9] VGC 2023 Regulation C","log":"|j|\u2606Flutter Mane in 06\n|j|\u2606ItsAvery3\n|t:|1683312797\n|gametype|doubles\n|player|p1|Flutter Mane in 06|cyclistf-gen4|1208\n|player|p2|ItsAvery3|veteranf|1126\n|teamsize|p1|6\n|teamsize|p2|6\n|gen|9\n|tier|[Gen 9] VGC 2023 Regulation C\n|rated|\n|rule|Species Clause: Limit one of each Pok\u00e9mon\n|rule|Item Clause: Limit one of each item\n|clearpoke\n|poke|p1|Rotom-Wash, L50|\n|poke|p1|Garchomp, L50, M|\n|poke|p1|Flutter Mane, L50|\n|poke|p1|Arcanine, L50, M|\n|poke|p1|Amoonguss, L50, M|\n|poke|p1|Corviknight, L50, M|\n|poke|p2|Toxicroak, L50, F|\n|poke|p2|Pelipper, L50, M|\n|poke|p2|Floatzel, L50, F|\n|poke|p2|Meowscarada, L50, F|\n|poke|p2|Slither Wing, L50|\n|poke|p2|Volcarona, L50, M|\n|teampreview|4\n|\n|t:|1683312835\n|start\n|switch|p1a: Garchomp|Garchomp, L50, M|100\/100\n|switch|p1b: Rotom|Rotom-Wash, L50, shiny|100\/100\n|switch|p2a: Toxicroak|Toxicroak, L50, F|100\/100\n|switch|p2b: Pelipper|Pelipper, L50, M|100\/100\n|-weather|RainDance|[from] ability: Drizzle|[of] p2b: Pelipper\n|turn|1\n|\n|t:|1683312856\n|switch|p1a: Flutter Mane|Flutter Mane, L50|100\/100\n|move|p2a: Toxicroak|Fake Out|p1b: Rotom\n|-damage|p1b: Rotom|88\/100\n|cant|p1b: Rotom|flinch\n|move|p2b: Pelipper|Surf|p1b: Rotom|[spread] p1a,p1b\n|-immune|p2a: Toxicroak|[from] ability: Dry Skin\n|-resisted|p1b: Rotom\n|-damage|p1a: Flutter Mane|29\/100\n|-damage|p1b: Rotom|60\/100\n|\n|-weather|RainDance|[upkeep]\n|upkeep\n|turn|2\n|\n|t:|1683312883\n|-terastallize|p2b: Pelipper|Grass\n|move|p1a: Flutter Mane|Dazzling Gleam|p2b: Pelipper|[spread] p2a,p2b\n|-damage|p2a: Toxicroak|72\/100\n|-damage|p2b: Pelipper|57\/100\n|move|p1b: Rotom|Discharge|p2b: Pelipper|[spread] p1a,p2a,p2b\n|-resisted|p2b: Pelipper\n|-damage|p1a: Flutter Mane|5\/100\n|-damage|p2a: Toxicroak|51\/100\n|-damage|p2b: Pelipper|41\/100\n|move|p2a: Toxicroak|Drain Punch|p1b: Rotom\n|-damage|p1b: Rotom|27\/100\n|-heal|p2a: Toxicroak|65\/100|[from] drain|[of] p1b: Rotom\n|-enditem|p1b: Rotom|Sitrus Berry|[eat]\n|-heal|p1b: Rotom|52\/100|[from] item: Sitrus Berry\n|move|p2b: Pelipper|Surf|p1a: Flutter Mane|[spread] p1a,p1b\n|-heal|p2a: Toxicroak|90\/100|[from] ability: Dry Skin|[of] p2b: Pelipper\n|-resisted|p1b: Rotom\n|-damage|p1a: Flutter Mane|0 fnt\n|-damage|p1b: Rotom|25\/100\n|faint|p1a: Flutter Mane\n|-end|p1a: Flutter Mane|Protosynthesis|[silent]\n|\n|-weather|RainDance|[upkeep]\n|-heal|p2a: Toxicroak|100\/100|[from] ability: Dry Skin\n|upkeep\n|\n|t:|1683312895\n|switch|p1a: Amoonguss|Amoonguss, L50, M|100\/100\n|turn|3\n|\n|t:|1683312914\n|-terastallize|p1a: Amoonguss|Water\n|move|p2a: Toxicroak|Sucker Punch||[still]\n|-fail|p2a: Toxicroak\n|move|p1b: Rotom|Will-O-Wisp|p2a: Toxicroak\n|-status|p2a: Toxicroak|brn\n|move|p2b: Pelipper|Surf|p1b: Rotom|[spread] p1a,p1b\n|-immune|p2a: Toxicroak|[from] ability: Dry Skin\n|-resisted|p1a: Amoonguss\n|-resisted|p1b: Rotom\n|-damage|p1a: Amoonguss|73\/100\n|-damage|p1b: Rotom|0 fnt\n|faint|p1b: Rotom\n|move|p1a: Amoonguss|Pollen Puff|p2b: Pelipper\n|-supereffective|p2b: Pelipper\n|-damage|p2b: Pelipper|0 fnt\n|faint|p2b: Pelipper\n|\n|-weather|RainDance|[upkeep]\n|-damage|p2a: Toxicroak|94\/100 brn|[from] brn\n|upkeep\n|\n|t:|1683312942\n|switch|p1b: Garchomp|Garchomp, L50, M|100\/100\n|switch|p2b: Volcarona|Volcarona, L50, M|100\/100\n|turn|4\n|\n|t:|1683312967\n|switch|p2a: Floatzel|Floatzel, L50, F|100\/100\n|move|p1b: Garchomp|Earthquake|p2a: Floatzel|[spread] p1a,p2a,p2b\n|-damage|p1a: Amoonguss|36\/100\n|-damage|p2a: Floatzel|34\/100\n|-damage|p2b: Volcarona|47\/100\n|move|p2b: Volcarona|Giga Drain|p1a: Amoonguss\n|-supereffective|p1a: Amoonguss\n|-damage|p1a: Amoonguss|0 fnt\n|-heal|p2b: Volcarona|67\/100|[from] drain|[of] p1a: Amoonguss\n|faint|p1a: Amoonguss\n|\n|-weather|RainDance|[upkeep]\n|upkeep\n|turn|5\n|\n|t:|1683312987\n|move|p2a: Floatzel|Wave Crash|p1b: Garchomp\n|-damage|p1b: Garchomp|0 fnt\n|-damage|p2a: Floatzel|22\/100|[from] ability: Rough Skin|[of] p1b: Garchomp\n|faint|p1b: Garchomp\n|-damage|p2a: Floatzel|0 fnt|[from] Recoil\n|faint|p2a: Floatzel\n|\n|win|ItsAvery3\n|raw|Flutter Mane in 06's rating: 1208 → 1177<\/strong> (-31 for losing)\n|raw|ItsAvery3's rating: 1126 → 1157<\/strong> (+31 for winning)\n|l|\u2606Flutter Mane in 06\n|c|\u2606ItsAvery3|gg!\n","uploadtime":1683313799,"views":13,"p1id":"fluttermanein06","p2id":"itsavery3","formatid":"gen9vgc2023regulationc","rating":1157,"private":0,"password":""}