{"id":"gen9vgc2023regulationc-1852620278","p1":"Estarla","p2":"DNDS","format":"[Gen 9] VGC 2023 Regulation C","log":"|j|\u2606Estarla\n|j|\u2606DNDS\n|t:|1682586455\n|gametype|doubles\n|player|p1|Estarla|2|1096\n|player|p2|DNDS|lillie-masters3|1139\n|teamsize|p1|6\n|teamsize|p2|6\n|gen|9\n|tier|[Gen 9] VGC 2023 Regulation C\n|rated|\n|rule|Species Clause: Limit one of each Pok\u00e9mon\n|rule|Item Clause: Limit one of each item\n|clearpoke\n|poke|p1|Scizor, L50, M|\n|poke|p1|Ting-Lu, L50|\n|poke|p1|Salamence, L50, M|\n|poke|p1|Amoonguss, L50, M|\n|poke|p1|Flutter Mane, L50|\n|poke|p1|Glimmora, L50, M|\n|poke|p2|Chi-Yu, L50|\n|poke|p2|Murkrow, L50, M|\n|poke|p2|Garganacl, L50, F|\n|poke|p2|Sandy Shocks, L50|\n|poke|p2|Masquerain, L50, F|\n|poke|p2|Indeedee-F, L50, F|\n|teampreview|4\n|\n|t:|1682586495\n|start\n|switch|p1a: Glimmora|Glimmora, L50, M|100\/100\n|switch|p1b: Salamence|Salamence, L50, M|100\/100\n|switch|p2a: Murkrow|Murkrow, L50, M|100\/100\n|switch|p2b: Garganacl|Garganacl, L50, F|100\/100\n|-ability|p1b: Salamence|Intimidate|boost\n|-unboost|p2a: Murkrow|atk|1\n|-unboost|p2b: Garganacl|atk|1\n|turn|1\n|\n|t:|1682586519\n|move|p2a: Murkrow|Sunny Day|p2a: Murkrow\n|-weather|SunnyDay\n|move|p1b: Salamence|Dragon Dance|p1b: Salamence\n|-boost|p1b: Salamence|atk|1\n|-boost|p1b: Salamence|spe|1\n|move|p1a: Glimmora|Earth Power|p2b: Garganacl\n|-supereffective|p2b: Garganacl\n|-damage|p2b: Garganacl|41\/100\n|move|p2b: Garganacl|Salt Cure|p1a: Glimmora\n|-damage|p1a: Glimmora|90\/100\n|-start|p1a: Glimmora|Salt Cure\n|\n|-weather|SunnyDay|[upkeep]\n|-damage|p1a: Glimmora|78\/100|[from] Salt Cure\n|upkeep\n|turn|2\n|\n|t:|1682586545\n|move|p2a: Murkrow|Tailwind|p2a: Murkrow\n|-sidestart|p2: DNDS|move: Tailwind\n|move|p1b: Salamence|Rock Slide|p2b: Garganacl|[spread] p2a,p2b\n|-supereffective|p2a: Murkrow\n|-damage|p2a: Murkrow|0 fnt\n|-damage|p2b: Garganacl|6\/100\n|faint|p2a: Murkrow\n|-damage|p1b: Salamence|90\/100|[from] item: Life Orb\n|cant|p2b: Garganacl|flinch\n|move|p1a: Glimmora|Earth Power|p2b: Garganacl\n|-supereffective|p2b: Garganacl\n|-damage|p2b: Garganacl|0 fnt\n|faint|p2b: Garganacl\n|\n|-weather|SunnyDay|[upkeep]\n|-damage|p1a: Glimmora|66\/100|[from] Salt Cure\n|upkeep\n|\n|t:|1682586555\n|switch|p2a: Chi-Yu|Chi-Yu, L50|100\/100\n|switch|p2b: Indeedee|Indeedee-F, L50, F|100\/100\n|-ability|p2a: Chi-Yu|Beads of Ruin\n|-fieldstart|move: Psychic Terrain|[from] ability: Psychic Surge|[of] p2b: Indeedee\n|turn|3\n|\n|t:|1682586574\n|switch|p1a: Ting-Lu|Ting-Lu, L50|100\/100\n|-ability|p1a: Ting-Lu|Vessel of Ruin\n|-terastallize|p2a: Chi-Yu|Fire\n|move|p2b: Indeedee|Helping Hand|p2a: Chi-Yu\n|-singleturn|p2a: Chi-Yu|Helping Hand|[of] p2b: Indeedee\n|move|p2a: Chi-Yu|Heat Wave|p1a: Ting-Lu|[spread] p1a,p1b\n|-resisted|p1b: Salamence\n|-damage|p1a: Ting-Lu|39\/100\n|-damage|p1b: Salamence|0 fnt\n|faint|p1b: Salamence\n|\n|-weather|SunnyDay|[upkeep]\n|upkeep\n|\n|t:|1682586588\n|switch|p1b: Glimmora|Glimmora, L50, M|66\/100\n|turn|4\n|\n|t:|1682586606\n|move|p2b: Indeedee|Helping Hand|p2a: Chi-Yu\n|-singleturn|p2a: Chi-Yu|Helping Hand|[of] p2b: Indeedee\n|move|p2a: Chi-Yu|Heat Wave|p1a: Ting-Lu|[spread] p1a,p1b\n|-resisted|p1b: Glimmora\n|-damage|p1a: Ting-Lu|0 fnt\n|-damage|p1b: Glimmora|0 fnt\n|faint|p1a: Ting-Lu\n|faint|p1b: Glimmora\n|\n|-weather|SunnyDay|[upkeep]\n|upkeep\n|\n|t:|1682586608\n|switch|p1b: Scizor|Scizor, L50, M|100\/100\n|turn|5\n|\n|t:|1682586615\n|-terastallize|p1b: Scizor|Water\n|move|p2a: Chi-Yu|Heat Wave|p1b: Scizor\n|-resisted|p1b: Scizor\n|-damage|p1b: Scizor|0 fnt\n|faint|p1b: Scizor\n|\n|win|DNDS\n|raw|Estarla's rating: 1096 → 1075<\/strong> (-21 for losing)\n|raw|DNDS's rating: 1139 → 1161<\/strong> (+22 for winning)\n|l|\u2606Estarla\n","uploadtime":1682586626,"views":12,"p1id":"estarla","p2id":"dnds","formatid":"gen9vgc2023regulationc","rating":1075,"private":0,"password":""}