{"id":"gen9vgc2023regulationc-1862066379","p1":"adrpen","p2":"Itacema","format":"[Gen 9] VGC 2023 Regulation C","log":"|j|\u2606adrpen\n|j|\u2606Itacema\n|t:|1683833632\n|gametype|doubles\n|player|p1|adrpen|pokekid|1062\n|player|p2|Itacema|101|1108\n|teamsize|p1|6\n|teamsize|p2|6\n|gen|9\n|tier|[Gen 9] VGC 2023 Regulation C\n|rated|\n|rule|Species Clause: Limit one of each Pok\u00e9mon\n|rule|Item Clause: Limit one of each item\n|clearpoke\n|poke|p1|Amoonguss, L50, M|\n|poke|p1|Palafin, L50, M|\n|poke|p1|Iron Hands, L50|\n|poke|p1|Arcanine, L50, M|\n|poke|p1|Flutter Mane, L50|\n|poke|p1|Dragonite, L50, M|\n|poke|p2|Chien-Pao, L50|\n|poke|p2|Palafin, L50, F|\n|poke|p2|Arcanine, L50, F|\n|poke|p2|Amoonguss, L50, F|\n|poke|p2|Iron Hands, L50|\n|poke|p2|Dragonite, L50, F|\n|teampreview|4\n|inactive|Battle timer is ON: inactive players will automatically lose when time's up. (requested by Itacema)\n|inactive|adrpen also wants the timer to be on.\n|inactive|adrpen no longer wants the timer on, but the timer is staying on because itacema still does.\n|inactive|adrpen has 60 seconds left.\n|inactive|Itacema has 60 seconds left.\n|inactive|adrpen has 30 seconds left.\n|\n|t:|1683833699\n|start\n|switch|p1a: Dragonite|Dragonite, L50, M|100\/100\n|switch|p1b: Arcanine|Arcanine, L50, M|100\/100\n|switch|p2a: Arcanine|Arcanine, L50, F|100\/100\n|switch|p2b: Palafin|Palafin, L50, F|100\/100\n|-ability|p2a: Arcanine|Intimidate|boost\n|-unboost|p1a: Dragonite|atk|1\n|-unboost|p1b: Arcanine|atk|1\n|-ability|p1b: Arcanine|Intimidate|boost\n|-unboost|p2a: Arcanine|atk|1\n|-unboost|p2b: Palafin|atk|1\n|turn|1\n|inactive|adrpen has 30 seconds left.\n|inactive|Itacema has 30 seconds left.\n|inactive|adrpen has 20 seconds left.\n|inactive|Itacema has 20 seconds left.\n|\n|t:|1683833736\n|switch|p2a: Amoonguss|Amoonguss, L50, F|100\/100\n|detailschange|p2b: Palafin|Palafin-Hero, L50, F\n|switch|p2b: Dragonite|Dragonite, L50, F|100\/100\n|move|p1b: Arcanine|Protect|p1b: Arcanine\n|-singleturn|p1b: Arcanine|Protect\n|move|p1a: Dragonite|Earthquake|p2a: Amoonguss|[spread] p2a\n|-activate|p1b: Arcanine|move: Protect\n|-immune|p2b: Dragonite\n|-damage|p2a: Amoonguss|85\/100\n|\n|upkeep\n|turn|2\n|inactive|Itacema has 30 seconds left.\n|inactive|Itacema has 20 seconds left.\n|\n|t:|1683833776\n|switch|p2b: Palafin|Palafin-Hero, L50, F|100\/100\n|-activate|p2b: Palafin|ability: Zero to Hero\n|-terastallize|p2a: Amoonguss|Water\n|move|p1b: Arcanine|Howl|p1b: Arcanine|[spread] p1a,p1b\n|-boost|p1a: Dragonite|atk|1\n|-boost|p1b: Arcanine|atk|1\n|move|p1a: Dragonite|Ice Spinner|p2a: Amoonguss\n|-resisted|p2a: Amoonguss\n|-damage|p2a: Amoonguss|73\/100\n|move|p2a: Amoonguss|Spore|p1a: Dragonite\n|-status|p1a: Dragonite|slp|[from] move: Spore\n|-enditem|p1a: Dragonite|Lum Berry|[eat]\n|-curestatus|p1a: Dragonite|slp|[msg]\n|\n|upkeep\n|turn|3\n|inactive|adrpen has 30 seconds left.\n|inactive|adrpen has 20 seconds left.\n|inactive|adrpen has 15 seconds left.\n|inactive|Itacema has 30 seconds left.\n|inactive|Itacema has 20 seconds left.\n|\n|t:|1683833826\n|switch|p1b: Iron Hands|Iron Hands, L50, shiny|100\/100\n|move|p1a: Dragonite|Extreme Speed|p2b: Palafin\n|-damage|p2b: Palafin|72\/100\n|move|p2b: Palafin|Jet Punch|p1b: Iron Hands\n|-damage|p1b: Iron Hands|65\/100\n|move|p2a: Amoonguss|Spore|p1a: Dragonite\n|-status|p1a: Dragonite|slp|[from] move: Spore\n|\n|upkeep\n|turn|4\n|inactive|adrpen has 30 seconds left.\n|inactive|Itacema has 30 seconds left.\n|inactive|adrpen has 20 seconds left.\n|inactive|adrpen has 15 seconds left.\n|\n|t:|1683833870\n|cant|p1a: Dragonite|slp\n|move|p2b: Palafin|Wave Crash|p1b: Iron Hands\n|-damage|p1b: Iron Hands|3\/100\n|-damage|p2b: Palafin|48\/100|[from] Recoil\n|move|p1b: Iron Hands|Wild Charge|p2a: Amoonguss\n|-supereffective|p2a: Amoonguss\n|-damage|p2a: Amoonguss|0 fnt\n|faint|p2a: Amoonguss\n|-damage|p1b: Iron Hands|0 fnt|[from] Recoil\n|faint|p1b: Iron Hands\n|-end|p1b: Iron Hands|Quark Drive|[silent]\n|\n|upkeep\n|\n|t:|1683833888\n|switch|p1b: Flutter Mane|Flutter Mane, L50|100\/100\n|switch|p2a: Arcanine|Arcanine, L50, F|100\/100\n|-ability|p2a: Arcanine|Intimidate|boost\n|-unboost|p1a: Dragonite|atk|1\n|-unboost|p1b: Flutter Mane|atk|1\n|-enditem|p1b: Flutter Mane|Booster Energy\n|-activate|p1b: Flutter Mane|ability: Protosynthesis|[fromitem]\n|-start|p1b: Flutter Mane|protosynthesisspa\n|turn|5\n|inactive|adrpen has 30 seconds left.\n|inactive|Itacema has 30 seconds left.\n|inactive|adrpen has 20 seconds left.\n|inactive|Itacema has 20 seconds left.\n|\n|t:|1683833925\n|-terastallize|p1b: Flutter Mane|Water\n|move|p2b: Palafin|Protect|p2b: Palafin\n|-singleturn|p2b: Palafin|Protect\n|-curestatus|p1a: Dragonite|slp|[msg]\n|move|p1a: Dragonite|Extreme Speed|p2b: Palafin\n|-activate|p2b: Palafin|move: Protect\n|move|p1b: Flutter Mane|Moonblast|p2a: Arcanine\n|-resisted|p2a: Arcanine\n|-damage|p2a: Arcanine|69\/100\n|move|p2a: Arcanine|Will-O-Wisp|p1b: Flutter Mane\n|-status|p1b: Flutter Mane|brn\n|\n|-damage|p1b: Flutter Mane|94\/100 brn|[from] brn\n|upkeep\n|turn|6\n|inactive|adrpen has 30 seconds left.\n|inactive|Itacema has 30 seconds left.\n|inactive|adrpen has 20 seconds left.\n|inactive|Itacema has 20 seconds left.\n|inactive|Itacema has 15 seconds left.\n|inactive|Itacema has 10 seconds left.\n|\n|t:|1683833973\n|move|p2a: Arcanine|Extreme Speed|p1b: Flutter Mane\n|-damage|p1b: Flutter Mane|55\/100 brn\n|move|p1a: Dragonite|Extreme Speed|p2a: Arcanine\n|-damage|p2a: Arcanine|47\/100\n|move|p2b: Palafin|Jet Punch|p1b: Flutter Mane\n|-resisted|p1b: Flutter Mane\n|-damage|p1b: Flutter Mane|16\/100 brn\n|move|p1b: Flutter Mane|Moonblast|p2b: Palafin\n|-damage|p2b: Palafin|0 fnt\n|faint|p2b: Palafin\n|\n|-damage|p1b: Flutter Mane|10\/100 brn|[from] brn\n|upkeep\n|\n|t:|1683833987\n|switch|p2b: Dragonite|Dragonite, L50, F|100\/100\n|turn|7\n|\n|t:|1683834006\n|switch|p1a: Arcanine|Arcanine, L50, M|100\/100\n|-ability|p1a: Arcanine|Intimidate|boost\n|-unboost|p2a: Arcanine|atk|1\n|-fail|p2b: Dragonite|unboost|Attack|[from] ability: Inner Focus|[of] p2b: Dragonite\n|move|p1b: Flutter Mane|Protect|p1b: Flutter Mane\n|-singleturn|p1b: Flutter Mane|Protect\n|move|p2a: Arcanine|Protect|p2a: Arcanine\n|-singleturn|p2a: Arcanine|Protect\n|move|p2b: Dragonite|Extreme Speed|p1b: Flutter Mane\n|-activate|p1b: Flutter Mane|move: Protect\n|\n|-damage|p1b: Flutter Mane|4\/100 brn|[from] brn\n|upkeep\n|turn|8\n|inactive|adrpen has 30 seconds left.\n|inactive|Itacema has 30 seconds left.\n|\n|t:|1683834041\n|-end|p1b: Flutter Mane|Protosynthesis|[silent]\n|switch|p1b: Dragonite|Dragonite, L50, M|100\/100\n|move|p2a: Arcanine|Extreme Speed|p1b: Dragonite\n|-damage|p1b: Dragonite|92\/100\n|move|p1a: Arcanine|Flare Blitz|p2a: Arcanine\n|-resisted|p2a: Arcanine\n|-damage|p2a: Arcanine|22\/100\n|-damage|p1a: Arcanine|92\/100|[from] Recoil\n|move|p2b: Dragonite|Stomping Tantrum|p1a: Arcanine\n|-supereffective|p1a: Arcanine\n|-damage|p1a: Arcanine|35\/100\n|-enditem|p1a: Arcanine|Sitrus Berry|[eat]\n|-heal|p1a: Arcanine|59\/100|[from] item: Sitrus Berry\n|\n|upkeep\n|turn|9\n|inactive|adrpen has 30 seconds left.\n|inactive|adrpen has 20 seconds left.\n|\n|t:|1683834080\n|move|p2a: Arcanine|Protect|p2a: Arcanine\n|-singleturn|p2a: Arcanine|Protect\n|move|p1a: Arcanine|Protect|p1a: Arcanine\n|-singleturn|p1a: Arcanine|Protect\n|move|p1b: Dragonite|Extreme Speed|p2b: Dragonite\n|-damage|p2b: Dragonite|72\/100\n|move|p2b: Dragonite|Stomping Tantrum|p1a: Arcanine\n|-activate|p1a: Arcanine|move: Protect\n|\n|upkeep\n|turn|10\n|inactive|adrpen has 30 seconds left.\n|inactive|Itacema has 30 seconds left.\n|inactive|adrpen has 20 seconds left.\n|inactive|adrpen has 15 seconds left.\n|inactive|adrpen has 10 seconds left.\n|\n|t:|1683834126\n|move|p2a: Arcanine|Extreme Speed|p1a: Arcanine\n|-damage|p1a: Arcanine|44\/100\n|move|p1b: Dragonite|Extreme Speed|p2a: Arcanine\n|-damage|p2a: Arcanine|0 fnt\n|faint|p2a: Arcanine\n|move|p1a: Arcanine|Howl|p1a: Arcanine|[spread] p1a,p1b\n|-boost|p1a: Arcanine|atk|1\n|-boost|p1b: Dragonite|atk|1\n|move|p2b: Dragonite|Stomping Tantrum|p1a: Arcanine\n|-supereffective|p1a: Arcanine\n|-damage|p1a: Arcanine|0 fnt\n|faint|p1a: Arcanine\n|\n|upkeep\n|\n|t:|1683834138\n|switch|p1a: Flutter Mane|Flutter Mane, L50, tera:Water|4\/100 brn\n|turn|11\n|\n|t:|1683834149\n|move|p1a: Flutter Mane|Protect|p1a: Flutter Mane\n|-singleturn|p1a: Flutter Mane|Protect\n|move|p2b: Dragonite|Protect|p2b: Dragonite\n|-singleturn|p2b: Dragonite|Protect\n|move|p1b: Dragonite|Extreme Speed|p2b: Dragonite\n|-activate|p2b: Dragonite|move: Protect\n|\n|-damage|p1a: Flutter Mane|0 fnt|[from] brn\n|faint|p1a: Flutter Mane\n|-end|p1a: Flutter Mane|Protosynthesis|[silent]\n|upkeep\n|turn|12\n|inactive|Itacema has 30 seconds left.\n|inactive|Itacema has 20 seconds left.\n|\n|t:|1683834187\n|move|p1b: Dragonite|Ice Spinner|p2b: Dragonite\n|-supereffective|p2b: Dragonite\n|-damage|p2b: Dragonite|0 fnt\n|faint|p2b: Dragonite\n|\n|win|adrpen\n|raw|adrpen's rating: 1062 → 1097<\/strong> (+35 for winning)\n|raw|Itacema's rating: 1108 → 1080<\/strong> (-28 for losing)\n|l|\u2606Itacema\n","uploadtime":1683834200,"views":22,"p1id":"adrpen","p2id":"itacema","formatid":"gen9vgc2023regulationc","rating":1080,"private":0,"password":""}