{"id":"gen9vgc2023regulationc-1847437696","p1":"Jasonvk","p2":"Null022266","format":"[Gen 9] VGC 2023 Regulation C","log":"|j|\u2606Jasonvk\n|j|\u2606Null022266\n|t:|1681955061\n|gametype|doubles\n|player|p1|Jasonvk|169|1405\n|player|p2|Null022266|winona|1337\n|teamsize|p1|6\n|teamsize|p2|6\n|gen|9\n|tier|[Gen 9] VGC 2023 Regulation C\n|rated|\n|rule|Species Clause: Limit one of each Pok\u00e9mon\n|rule|Item Clause: Limit one of each item\n|clearpoke\n|poke|p1|Grimmsnarl, L50, M|\n|poke|p1|Gholdengo, L50|\n|poke|p1|Amoonguss, L50, F|\n|poke|p1|Ting-Lu, L50|\n|poke|p1|Glimmora, L50, M|\n|poke|p1|Gyarados, L50, F|\n|poke|p2|Garchomp, L50, F|\n|poke|p2|Gyarados, L50, F|\n|poke|p2|Corviknight, L50, F|\n|poke|p2|Iron Bundle, L50|\n|poke|p2|Chi-Yu, L50|\n|poke|p2|Ting-Lu, L50|\n|teampreview|4\n|inactive|Battle timer is ON: inactive players will automatically lose when time's up. (requested by Null022266)\n|inactive|Jasonvk has 60 seconds left.\n|\n|t:|1681955095\n|start\n|switch|p1a: Ting-Lu|Ting-Lu, L50|100\/100\n|switch|p1b: Glimmora|Glimmora, L50, M|100\/100\n|switch|p2a: Garchomp|Garchomp, L50, F, shiny|100\/100\n|switch|p2b: Corviknight|Corviknight, L50, F|100\/100\n|-ability|p1a: Ting-Lu|Vessel of Ruin\n|turn|1\n|inactive|Null022266 has 30 seconds left.\n|\n|t:|1681955121\n|-terastallize|p1b: Glimmora|Grass\n|move|p2a: Garchomp|Protect|p2a: Garchomp\n|-singleturn|p2a: Garchomp|Protect\n|move|p1b: Glimmora|Mortal Spin|p2a: Garchomp|[spread] \n|-activate|p2a: Garchomp|move: Protect\n|-immune|p2b: Corviknight\n|move|p2b: Corviknight|Tailwind|p2b: Corviknight\n|-sidestart|p2: Null022266|move: Tailwind\n|move|p1a: Ting-Lu|Earthquake|p2a: Garchomp|[spread] p1b\n|-activate|p2a: Garchomp|move: Protect\n|-immune|p2b: Corviknight\n|-resisted|p1b: Glimmora\n|-damage|p1b: Glimmora|90\/100\n|-activate|p1b: Glimmora|ability: Toxic Debris\n|-sidestart|p2: Null022266|move: Toxic Spikes\n|\n|upkeep\n|turn|2\n|inactive|Null022266 has 30 seconds left.\n|inactive|Null022266 has 20 seconds left.\n|inactive|Null022266 has 15 seconds left.\n|\n|t:|1681955162\n|-terastallize|p2a: Garchomp|Steel\n|move|p2a: Garchomp|Iron Head|p1a: Ting-Lu\n|-damage|p1a: Ting-Lu|82\/100\n|move|p2b: Corviknight|Brave Bird|p1b: Glimmora\n|-supereffective|p1b: Glimmora\n|-damage|p1b: Glimmora|32\/100\n|-activate|p1b: Glimmora|ability: Toxic Debris\n|-sidestart|p2: Null022266|move: Toxic Spikes\n|-damage|p2b: Corviknight|83\/100|[from] Recoil\n|move|p1b: Glimmora|Power Gem|p2b: Corviknight\n|-damage|p2b: Corviknight|62\/100\n|move|p1a: Ting-Lu|Stealth Rock|p2b: Corviknight\n|-sidestart|p2: Null022266|move: Stealth Rock\n|\n|upkeep\n|turn|3\n|\n|t:|1681955180\n|switch|p1b: Gyarados|Gyarados, L50, F|100\/100\n|-ability|p1b: Gyarados|Intimidate|boost\n|-fail|p2a: Garchomp|unboost|[from] item: Clear Amulet|[of] p2a: Garchomp\n|-ability|p2b: Corviknight|Mirror Armor\n|-unboost|p1b: Gyarados|atk|1\n|move|p2a: Garchomp|Earthquake|p1b: Gyarados|[spread] p1a\n|-immune|p2b: Corviknight\n|-immune|p1b: Gyarados\n|-damage|p1a: Ting-Lu|64\/100\n|move|p2b: Corviknight|Bulk Up|p2b: Corviknight\n|-boost|p2b: Corviknight|atk|1\n|-boost|p2b: Corviknight|def|1\n|move|p1a: Ting-Lu|Earthquake|p2b: Corviknight|[spread] p2a\n|-immune|p1b: Gyarados\n|-immune|p2b: Corviknight\n|-supereffective|p2a: Garchomp\n|-damage|p2a: Garchomp|50\/100\n|\n|upkeep\n|turn|4\n|inactive|Null022266 has 30 seconds left.\n|\n|t:|1681955207\n|switch|p2a: Gyarados|Gyarados, L50, F|100\/100\n|-damage|p2a: Gyarados|76\/100|[from] Stealth Rock\n|-ability|p2a: Gyarados|Intimidate|boost\n|-unboost|p1a: Ting-Lu|atk|1\n|-unboost|p1b: Gyarados|atk|1\n|move|p2b: Corviknight|Brave Bird|p1a: Ting-Lu\n|-damage|p1a: Ting-Lu|36\/100\n|-damage|p2b: Corviknight|50\/100|[from] Recoil\n|move|p1b: Gyarados|Dragon Dance|p1b: Gyarados\n|-boost|p1b: Gyarados|atk|1\n|-boost|p1b: Gyarados|spe|1\n|move|p1a: Ting-Lu|Earthquake|p2b: Corviknight|[spread] \n|-immune|p1b: Gyarados\n|-immune|p2a: Gyarados\n|-immune|p2b: Corviknight\n|\n|-heal|p2a: Gyarados|82\/100|[from] item: Leftovers\n|-sideend|p2: Null022266|move: Tailwind\n|upkeep\n|turn|5\n|inactive|Jasonvk has 30 seconds left.\n|\n|t:|1681955238\n|move|p1b: Gyarados|Waterfall|p2b: Corviknight\n|-damage|p2b: Corviknight|34\/100\n|move|p2a: Gyarados|Thunder Wave|p1b: Gyarados\n|-status|p1b: Gyarados|par\n|move|p2b: Corviknight|Roost|p2b: Corviknight\n|-heal|p2b: Corviknight|84\/100\n|-singleturn|p2b: Corviknight|move: Roost\n|move|p1a: Ting-Lu|Heavy Slam|p2b: Corviknight\n|-resisted|p2b: Corviknight\n|-damage|p2b: Corviknight|78\/100\n|\n|-heal|p2a: Gyarados|88\/100|[from] item: Leftovers\n|upkeep\n|turn|6\n|\n|t:|1681955257\n|switch|p1a: Gholdengo|Gholdengo, L50|100\/100\n|move|p2a: Gyarados|Waterfall|p1a: Gholdengo\n|-damage|p1a: Gholdengo|72\/100\n|move|p1b: Gyarados|Dragon Dance|p1b: Gyarados\n|-boost|p1b: Gyarados|atk|1\n|-boost|p1b: Gyarados|spe|1\n|move|p2b: Corviknight|Bulk Up|p2b: Corviknight\n|-boost|p2b: Corviknight|atk|1\n|-boost|p2b: Corviknight|def|1\n|\n|-heal|p2a: Gyarados|94\/100|[from] item: Leftovers\n|-heal|p1a: Gholdengo|78\/100|[from] item: Leftovers\n|upkeep\n|turn|7\n|\n|t:|1681955279\n|move|p2a: Gyarados|Helping Hand|p2b: Corviknight\n|-singleturn|p2b: Corviknight|Helping Hand|[of] p2a: Gyarados\n|cant|p1b: Gyarados|par\n|move|p1a: Gholdengo|Nasty Plot|p1a: Gholdengo\n|-boost|p1a: Gholdengo|spa|2\n|move|p2b: Corviknight|Brave Bird|p1a: Gholdengo\n|-resisted|p1a: Gholdengo\n|-damage|p1a: Gholdengo|26\/100\n|-damage|p2b: Corviknight|61\/100|[from] Recoil\n|\n|-heal|p2a: Gyarados|99\/100|[from] item: Leftovers\n|-heal|p1a: Gholdengo|32\/100|[from] item: Leftovers\n|upkeep\n|turn|8\n|\n|t:|1681955299\n|switch|p2b: Ting-Lu|Ting-Lu, L50|100\/100\n|-status|p2b: Ting-Lu|tox\n|-damage|p2b: Ting-Lu|94\/100 tox|[from] Stealth Rock\n|-ability|p2b: Ting-Lu|Vessel of Ruin\n|move|p1b: Gyarados|Waterfall|p2b: Ting-Lu\n|-supereffective|p2b: Ting-Lu\n|-damage|p2b: Ting-Lu|52\/100 tox\n|move|p2a: Gyarados|Waterfall|p1a: Gholdengo\n|-damage|p1a: Gholdengo|6\/100\n|move|p1a: Gholdengo|Recover|p1a: Gholdengo\n|-heal|p1a: Gholdengo|56\/100\n|\n|-heal|p2a: Gyarados|100\/100|[from] item: Leftovers\n|-heal|p1a: Gholdengo|62\/100|[from] item: Leftovers\n|-damage|p2b: Ting-Lu|46\/100 tox|[from] psn\n|upkeep\n|turn|9\n|inactive|Jasonvk has 30 seconds left.\n|inactive|Null022266 has 30 seconds left.\n|\n|t:|1681955329\n|cant|p1b: Gyarados|par\n|move|p2a: Gyarados|Waterfall|p1a: Gholdengo\n|-damage|p1a: Gholdengo|35\/100\n|move|p1a: Gholdengo|Recover|p1a: Gholdengo\n|-heal|p1a: Gholdengo|85\/100\n|move|p2b: Ting-Lu|Sand Tomb|p1a: Gholdengo\n|-supereffective|p1a: Gholdengo\n|-damage|p1a: Gholdengo|65\/100\n|-activate|p1a: Gholdengo|move: Sand Tomb|[of] p2b: Ting-Lu\n|\n|-heal|p1a: Gholdengo|72\/100|[from] item: Leftovers\n|-damage|p2b: Ting-Lu|34\/100 tox|[from] psn\n|-damage|p1a: Gholdengo|59\/100|[from] move: Sand Tomb|[partiallytrapped]\n|upkeep\n|turn|10\n|inactive|Null022266 has 30 seconds left.\n|\n|t:|1681955362\n|cant|p1b: Gyarados|par\n|move|p2a: Gyarados|Waterfall|p1a: Gholdengo\n|-damage|p1a: Gholdengo|35\/100\n|cant|p1a: Gholdengo|flinch\n|move|p2b: Ting-Lu|Ruination|p1b: Gyarados\n|-damage|p1b: Gyarados|50\/100 par\n|\n|-heal|p1a: Gholdengo|41\/100|[from] item: Leftovers\n|-damage|p2b: Ting-Lu|15\/100 tox|[from] psn\n|-damage|p1a: Gholdengo|28\/100|[from] move: Sand Tomb|[partiallytrapped]\n|upkeep\n|turn|11\n|\n|t:|1681955379\n|move|p1b: Gyarados|Dragon Dance|p1b: Gyarados\n|-boost|p1b: Gyarados|atk|1\n|-boost|p1b: Gyarados|spe|1\n|move|p2a: Gyarados|Waterfall|p1a: Gholdengo\n|-damage|p1a: Gholdengo|0 fnt\n|faint|p1a: Gholdengo\n|move|p2b: Ting-Lu|Stomping Tantrum|p1b: Gyarados\n|-immune|p1b: Gyarados\n|\n|-damage|p2b: Ting-Lu|0 fnt|[from] psn\n|faint|p2b: Ting-Lu\n|upkeep\n|\n|t:|1681955394\n|switch|p1a: Glimmora|Glimmora, L50, M, tera:Grass|32\/100\n|switch|p2b: Corviknight|Corviknight, L50, F|61\/100\n|-damage|p2b: Corviknight|49\/100|[from] Stealth Rock\n|turn|12\n|\n|t:|1681955410\n|cant|p1b: Gyarados|par\n|move|p2a: Gyarados|Thunder Wave|p1a: Glimmora\n|-status|p1a: Glimmora|par\n|move|p2b: Corviknight|Roost|p2b: Corviknight\n|-heal|p2b: Corviknight|99\/100\n|-singleturn|p2b: Corviknight|move: Roost\n|move|p1a: Glimmora|Mortal Spin|p2a: Gyarados|[spread] p2a\n|-immune|p2b: Corviknight\n|-damage|p2a: Gyarados|96\/100\n|-status|p2a: Gyarados|psn\n|\n|-heal|p2a: Gyarados|100\/100 psn|[from] item: Leftovers\n|-damage|p2a: Gyarados|88\/100 psn|[from] psn\n|upkeep\n|turn|13\n|inactive|Null022266 has 30 seconds left.\n|\n|t:|1681955438\n|move|p2a: Gyarados|Protect|p2a: Gyarados\n|-singleturn|p2a: Gyarados|Protect\n|move|p1b: Gyarados|Waterfall|p2b: Corviknight\n|-damage|p2b: Corviknight|52\/100\n|move|p2b: Corviknight|Brave Bird|p1a: Glimmora\n|-supereffective|p1a: Glimmora\n|-damage|p1a: Glimmora|0 fnt\n|faint|p1a: Glimmora\n|-damage|p2b: Corviknight|42\/100|[from] Recoil\n|\n|-heal|p2a: Gyarados|94\/100 psn|[from] item: Leftovers\n|-damage|p2a: Gyarados|82\/100 psn|[from] psn\n|upkeep\n|\n|t:|1681955453\n|switch|p1a: Ting-Lu|Ting-Lu, L50|36\/100\n|-ability|p1a: Ting-Lu|Vessel of Ruin\n|turn|14\n|\n|t:|1681955465\n|move|p1b: Gyarados|Dragon Dance|p1b: Gyarados\n|-boost|p1b: Gyarados|atk|1\n|-boost|p1b: Gyarados|spe|1\n|move|p2a: Gyarados|Waterfall|p1a: Ting-Lu\n|-supereffective|p1a: Ting-Lu\n|-damage|p1a: Ting-Lu|5\/100\n|move|p2b: Corviknight|Tailwind|p2b: Corviknight\n|-sidestart|p2: Null022266|move: Tailwind\n|cant|p1a: Ting-Lu|flinch\n|\n|-heal|p2a: Gyarados|88\/100 psn|[from] item: Leftovers\n|-damage|p2a: Gyarados|75\/100 psn|[from] psn\n|upkeep\n|turn|15\n|\n|t:|1681955484\n|move|p2a: Gyarados|Waterfall|p1b: Gyarados\n|-resisted|p1b: Gyarados\n|-damage|p1b: Gyarados|29\/100 par\n|cant|p1b: Gyarados|par\n|move|p2b: Corviknight|Brave Bird|p1b: Gyarados\n|-damage|p1b: Gyarados|0 fnt\n|faint|p1b: Gyarados\n|-damage|p2b: Corviknight|34\/100|[from] Recoil\n|move|p1a: Ting-Lu|Heavy Slam|p2a: Gyarados\n|-resisted|p2a: Gyarados\n|-damage|p2a: Gyarados|67\/100 psn\n|\n|-heal|p2a: Gyarados|73\/100 psn|[from] item: Leftovers\n|-damage|p2a: Gyarados|61\/100 psn|[from] psn\n|upkeep\n|turn|16\n|-message|Jasonvk forfeited.\n|\n|win|Null022266\n|raw|Jasonvk's rating: 1405 → 1381<\/strong> (-24 for losing)\n|raw|Null022266's rating: 1337 → 1361<\/strong> (+24 for winning)\n|l|\u2606Jasonvk\n|c|\u2606Null022266|ggs\n","uploadtime":1681955537,"views":9,"p1id":"jasonvk","p2id":"null022266","formatid":"gen9vgc2023regulationc","rating":1361,"private":0,"password":""}