{"id":"gen9vgc2023regulationc-1861197644","p1":"rewin0","p2":"eggplanet07","format":"[Gen 9] VGC 2023 Regulation C","log":"|j|\u2606rewin0\n|j|\u2606eggplanet07\n|t:|1683735069\n|gametype|doubles\n|player|p1|rewin0|hilbert|1439\n|player|p2|eggplanet07|roxie|1337\n|teamsize|p1|6\n|teamsize|p2|6\n|gen|9\n|tier|[Gen 9] VGC 2023 Regulation C\n|rated|\n|rule|Species Clause: Limit one of each Pok\u00e9mon\n|rule|Item Clause: Limit one of each item\n|clearpoke\n|poke|p1|Chien-Pao, L50|\n|poke|p1|Chi-Yu, L50|\n|poke|p1|Arcanine, L50, F|\n|poke|p1|Iron Bundle, L50|\n|poke|p1|Flutter Mane, L50|\n|poke|p1|Ting-Lu, L50|\n|poke|p2|Raichu, L50, M|\n|poke|p2|Azumarill, L50, F|\n|poke|p2|Amoonguss, L50, F|\n|poke|p2|Gyarados, L50, F|\n|poke|p2|Flutter Mane, L50|\n|poke|p2|Palafin, L50, M|\n|teampreview|4\n|inactive|Battle timer is ON: inactive players will automatically lose when time's up. (requested by eggplanet07)\n|inactive|eggplanet07 has 60 seconds left.\n|\n|t:|1683735125\n|start\n|switch|p1a: Iron Bundle|Iron Bundle, L50|100\/100\n|switch|p1b: Arcanine|Arcanine, L50, F|100\/100\n|switch|p2a: Palafin|Palafin, L50, M|100\/100\n|switch|p2b: Flutter Mane|Flutter Mane, L50, shiny|100\/100\n|-ability|p1b: Arcanine|Intimidate|boost\n|-unboost|p2a: Palafin|atk|1\n|-unboost|p2b: Flutter Mane|atk|1\n|-enditem|p1a: Iron Bundle|Booster Energy\n|-activate|p1a: Iron Bundle|ability: Quark Drive|[fromitem]\n|-start|p1a: Iron Bundle|quarkdrivespe\n|-enditem|p2b: Flutter Mane|Booster Energy\n|-activate|p2b: Flutter Mane|ability: Protosynthesis|[fromitem]\n|-start|p2b: Flutter Mane|protosynthesisspa\n|turn|1\n|\n|t:|1683735149\n|detailschange|p2a: Palafin|Palafin-Hero, L50, M\n|switch|p2a: Raichu|Raichu, L50, M|100\/100\n|-item|p2a: Raichu|Air Balloon\n|move|p1a: Iron Bundle|Protect|p1a: Iron Bundle\n|-singleturn|p1a: Iron Bundle|Protect\n|move|p2b: Flutter Mane|Dazzling Gleam|p1b: Arcanine|[spread] p1b\n|-activate|p1a: Iron Bundle|move: Protect\n|-resisted|p1b: Arcanine\n|-damage|p1b: Arcanine|72\/100\n|move|p1b: Arcanine|Flare Blitz|p2b: Flutter Mane\n|-crit|p2b: Flutter Mane\n|-damage|p2b: Flutter Mane|0 fnt\n|faint|p2b: Flutter Mane\n|-end|p2b: Flutter Mane|Protosynthesis|[silent]\n|-damage|p1b: Arcanine|43\/100|[from] Recoil\n|-enditem|p1b: Arcanine|Sitrus Berry|[eat]\n|-heal|p1b: Arcanine|68\/100|[from] item: Sitrus Berry\n|\n|upkeep\n|\n|t:|1683735171\n|switch|p2b: Amoonguss|Amoonguss, L50, F|100\/100\n|turn|2\n|inactive|rewin0 has 30 seconds left.\n|\n|t:|1683735202\n|-terastallize|p1b: Arcanine|Grass\n|move|p2b: Amoonguss|Protect|p2b: Amoonguss\n|-singleturn|p2b: Amoonguss|Protect\n|move|p1b: Arcanine|Extreme Speed|p2a: Raichu\n|-damage|p2a: Raichu|51\/100\n|-enditem|p2a: Raichu|Air Balloon\n|move|p1a: Iron Bundle|Freeze-Dry|p2a: Raichu\n|-damage|p2a: Raichu|6\/100\n|move|p2a: Raichu|Thunderbolt|p1a: Iron Bundle\n|-supereffective|p1a: Iron Bundle\n|-damage|p1a: Iron Bundle|0 fnt\n|faint|p1a: Iron Bundle\n|-end|p1a: Iron Bundle|Quark Drive|[silent]\n|\n|upkeep\n|\n|t:|1683735216\n|switch|p1a: Chi-Yu|Chi-Yu, L50|100\/100\n|-ability|p1a: Chi-Yu|Beads of Ruin\n|turn|3\n|inactive|eggplanet07 has 30 seconds left.\n|inactive|eggplanet07 has 20 seconds left.\n|inactive|eggplanet07 has 15 seconds left.\n|inactive|eggplanet07 has 10 seconds left.\n|inactive|eggplanet07 has 5 seconds left.\n|\n|t:|1683735271\n|move|p2b: Amoonguss|Protect|p2b: Amoonguss\n|-singleturn|p2b: Amoonguss|Protect\n|move|p2a: Raichu|Fake Out||[still]\n|-hint|Fake Out only works on your first turn out.\n|-fail|p2a: Raichu\n|move|p1a: Chi-Yu|Heat Wave|p2b: Amoonguss|[spread] p2a\n|-activate|p2b: Amoonguss|move: Protect\n|-damage|p2a: Raichu|0 fnt\n|faint|p2a: Raichu\n|move|p1b: Arcanine|Wild Charge|p2b: Amoonguss\n|-activate|p2b: Amoonguss|move: Protect\n|\n|upkeep\n|\n|t:|1683735280\n|switch|p2a: Palafin|Palafin-Hero, L50, M|100\/100\n|-activate|p2a: Palafin|ability: Zero to Hero\n|turn|4\n|inactive|eggplanet07 has 30 seconds left.\n|inactive|eggplanet07 has 20 seconds left.\n|\n|t:|1683735318\n|move|p2a: Palafin|Jet Punch|p1a: Chi-Yu\n|-supereffective|p1a: Chi-Yu\n|-damage|p1a: Chi-Yu|0 fnt\n|faint|p1a: Chi-Yu\n|move|p1b: Arcanine|Wild Charge|p2a: Palafin\n|-supereffective|p2a: Palafin\n|-damage|p2a: Palafin|40\/100\n|-damage|p1b: Arcanine|50\/100|[from] Recoil\n|move|p2b: Amoonguss|Pollen Puff|p2a: Palafin\n|-heal|p2a: Palafin|90\/100\n|\n|upkeep\n|\n|t:|1683735327\n|switch|p1a: Flutter Mane|Flutter Mane, L50|100\/100\n|turn|5\n|inactive|rewin0 has 30 seconds left.\n|inactive|eggplanet07 has 30 seconds left.\n|inactive|eggplanet07 has 20 seconds left.\n|\n|t:|1683735369\n|move|p2a: Palafin|Protect|p2a: Palafin\n|-singleturn|p2a: Palafin|Protect\n|move|p1a: Flutter Mane|Dazzling Gleam|p2a: Palafin|[spread] p2b\n|-activate|p2a: Palafin|move: Protect\n|-resisted|p2b: Amoonguss\n|-damage|p2b: Amoonguss|87\/100\n|move|p1b: Arcanine|Flare Blitz|p2b: Amoonguss\n|-supereffective|p2b: Amoonguss\n|-damage|p2b: Amoonguss|0 fnt\n|-damage|p1b: Arcanine|34\/100|[from] item: Rocky Helmet|[of] p2b: Amoonguss\n|faint|p2b: Amoonguss\n|-damage|p1b: Arcanine|0 fnt|[from] Recoil\n|faint|p1b: Arcanine\n|\n|upkeep\n|turn|6\n|\n|t:|1683735386\n|-terastallize|p2a: Palafin|Water\n|move|p1a: Flutter Mane|Moonblast|p2a: Palafin\n|-damage|p2a: Palafin|43\/100\n|move|p2a: Palafin|Wave Crash|p1a: Flutter Mane\n|-enditem|p1a: Flutter Mane|Focus Sash\n|-damage|p1a: Flutter Mane|1\/100\n|-damage|p2a: Palafin|20\/100|[from] Recoil\n|\n|upkeep\n|turn|7\n|\n|t:|1683735396\n|move|p1a: Flutter Mane|Protect|p1a: Flutter Mane\n|-singleturn|p1a: Flutter Mane|Protect\n|move|p2a: Palafin|Jet Punch|p1a: Flutter Mane\n|-activate|p1a: Flutter Mane|move: Protect\n|\n|upkeep\n|turn|8\n|\n|t:|1683735400\n|move|p2a: Palafin|Jet Punch|p1a: Flutter Mane\n|-damage|p1a: Flutter Mane|0 fnt\n|faint|p1a: Flutter Mane\n|-end|p1a: Flutter Mane|Protosynthesis|[silent]\n|\n|win|eggplanet07\n|raw|rewin0's rating: 1439 → 1413<\/strong> (-26 for losing)\n|raw|eggplanet07's rating: 1337 → 1363<\/strong> (+26 for winning)\n|l|\u2606rewin0\n","uploadtime":1683735436,"views":7,"p1id":"rewin0","p2id":"eggplanet07","formatid":"gen9vgc2023regulationc","rating":1363,"private":0,"password":""}