{"id":"gen9vgc2023regulationc-1857122414","p1":"carlospe1205","p2":"nocoms2","format":"[Gen 9] VGC 2023 Regulation C","log":"|j|\u2606carlospe1205\n|j|\u2606nocoms2\n|t:|1683148047\n|gametype|doubles\n|player|p1|carlospe1205|bugsy|1149\n|player|p2|nocoms2|265|1132\n|teamsize|p1|6\n|teamsize|p2|6\n|gen|9\n|tier|[Gen 9] VGC 2023 Regulation C\n|rated|\n|rule|Species Clause: Limit one of each Pok\u00e9mon\n|rule|Item Clause: Limit one of each item\n|clearpoke\n|poke|p1|Baxcalibur, L50, M|\n|poke|p1|Talonflame, L50, M|\n|poke|p1|Amoonguss, L50, F|\n|poke|p1|Grimmsnarl, L50, M|\n|poke|p1|Flutter Mane, L50|\n|poke|p1|Chi-Yu, L50|\n|poke|p2|Ting-Lu, L50|\n|poke|p2|Torkoal, L50, M|\n|poke|p2|Scream Tail, L50|\n|poke|p2|Brute Bonnet, L50|\n|poke|p2|Gothitelle, L50, M|\n|poke|p2|Gholdengo, L50|\n|teampreview|4\n|\n|t:|1683148065\n|start\n|switch|p1a: Krompus|Grimmsnarl, L50, M|100\/100\n|switch|p1b: AMOGUS|Amoonguss, L50, F|100\/100\n|switch|p2a: Ting-Lu|Ting-Lu, L50|100\/100\n|switch|p2b: Scream Tail|Scream Tail, L50|100\/100\n|-ability|p2a: Ting-Lu|Vessel of Ruin\n|turn|1\n|\n|t:|1683148085\n|-terastallize|p2a: Ting-Lu|Grass\n|move|p1a: Krompus|Fake Out|p2a: Ting-Lu\n|-damage|p2a: Ting-Lu|94\/100\n|move|p2b: Scream Tail|Perish Song|p2b: Scream Tail\n|-start|p1a: Krompus|perish3|[silent]\n|-start|p1b: AMOGUS|perish3|[silent]\n|-start|p2a: Ting-Lu|perish3|[silent]\n|-start|p2b: Scream Tail|perish3|[silent]\n|-fieldactivate|move: Perish Song\n|cant|p2a: Ting-Lu|flinch\n|move|p1b: AMOGUS|Spore|p2b: Scream Tail\n|-status|p2b: Scream Tail|slp|[from] move: Spore\n|\n|-start|p2b: Scream Tail|perish3\n|-start|p1a: Krompus|perish3\n|-start|p2a: Ting-Lu|perish3\n|-start|p1b: AMOGUS|perish3\n|upkeep\n|turn|2\n|\n|t:|1683148110\n|cant|p2b: Scream Tail|slp\n|move|p1a: Krompus|Reflect|p1a: Krompus\n|-sidestart|p1: carlospe1205|Reflect\n|move|p2a: Ting-Lu|Fissure|p1b: AMOGUS\n|-damage|p1b: AMOGUS|0 fnt\n|faint|p1b: AMOGUS\n|-ohko\n|\n|-start|p2b: Scream Tail|perish2\n|-start|p1a: Krompus|perish2\n|-start|p2a: Ting-Lu|perish2\n|upkeep\n|\n|t:|1683148116\n|switch|p1b: Luz|Chi-Yu, L50|100\/100\n|-ability|p1b: Luz|Beads of Ruin\n|turn|3\n|\n|t:|1683148131\n|switch|p1a: Miko|Flutter Mane, L50|100\/100\n|-enditem|p1a: Miko|Booster Energy\n|-activate|p1a: Miko|ability: Protosynthesis|[fromitem]\n|-start|p1a: Miko|protosynthesisspa\n|switch|p2a: Torkoal|Torkoal, L50, M|100\/100\n|-weather|SunnyDay|[from] ability: Drought|[of] p2a: Torkoal\n|-activate|p2b: Scream Tail|ability: Protosynthesis\n|-start|p2b: Scream Tail|protosynthesisdef\n|-terastallize|p1b: Luz|Flying\n|move|p1b: Luz|Nasty Plot|p1b: Luz\n|-boost|p1b: Luz|spa|2\n|cant|p2b: Scream Tail|slp\n|\n|-weather|SunnyDay|[upkeep]\n|-start|p2b: Scream Tail|perish1\n|upkeep\n|turn|4\n|\n|t:|1683148158\n|-end|p2b: Scream Tail|Protosynthesis|[silent]\n|switch|p2b: Brute Bonnet|Brute Bonnet, L50|100\/100\n|-activate|p2b: Brute Bonnet|ability: Protosynthesis\n|-start|p2b: Brute Bonnet|protosynthesisdef\n|move|p1a: Miko|Shadow Ball|p2a: Torkoal\n|-damage|p2a: Torkoal|0 fnt\n|faint|p2a: Torkoal\n|move|p1b: Luz|Dark Pulse|p2b: Brute Bonnet\n|-resisted|p2b: Brute Bonnet\n|-damage|p2b: Brute Bonnet|55\/100\n|-damage|p1b: Luz|91\/100|[from] item: Life Orb\n|\n|-weather|SunnyDay|[upkeep]\n|upkeep\n|\n|t:|1683148169\n|switch|p2a: Scream Tail|Scream Tail, L50|100\/100 slp\n|-activate|p2a: Scream Tail|ability: Protosynthesis\n|-start|p2a: Scream Tail|protosynthesisdef\n|turn|5\n|\n|t:|1683148179\n|move|p2b: Brute Bonnet|Protect|p2b: Brute Bonnet\n|-singleturn|p2b: Brute Bonnet|Protect\n|move|p1a: Miko|Shadow Ball|p2a: Scream Tail\n|-supereffective|p2a: Scream Tail\n|-damage|p2a: Scream Tail|0 fnt\n|faint|p2a: Scream Tail\n|-end|p2a: Scream Tail|Protosynthesis|[silent]\n|move|p1b: Luz|Heat Wave|p2b: Brute Bonnet\n|-activate|p2b: Brute Bonnet|move: Protect\n|\n|-weather|SunnyDay|[upkeep]\n|upkeep\n|-message|nocoms2 forfeited.\n|\n|win|carlospe1205\n|raw|carlospe1205's rating: 1149 → 1173<\/strong> (+24 for winning)\n|raw|nocoms2's rating: 1132 → 1108<\/strong> (-24 for losing)\n|l|\u2606nocoms2\n","uploadtime":1683148191,"views":7,"p1id":"carlospe1205","p2id":"nocoms2","formatid":"gen9vgc2023regulationc","rating":1108,"private":0,"password":""}