{"id":"gen9vgc2023regulationc-1864212009","p1":"Cooltrizzle","p2":"anshar_training","format":"[Gen 9] VGC 2023 Regulation C","log":"|j|\u2606Cooltrizzle\n|j|\u2606anshar_training\n|t:|1684137663\n|gametype|doubles\n|player|p1|Cooltrizzle|hiker-gen4|1367\n|player|p2|anshar_training|colress|1313\n|teamsize|p1|6\n|teamsize|p2|6\n|gen|9\n|tier|[Gen 9] VGC 2023 Regulation C\n|rated|\n|rule|Species Clause: Limit one of each Pok\u00e9mon\n|rule|Item Clause: Limit one of each item\n|clearpoke\n|poke|p1|Grimmsnarl, L50, M|\n|poke|p1|Skeledirge, L50, F|\n|poke|p1|Wo-Chien, L50|\n|poke|p1|Glimmora, L50, M|\n|poke|p1|Iron Hands, L50|\n|poke|p1|Scream Tail, L50|\n|poke|p2|Gyarados, L50, M|\n|poke|p2|Flutter Mane, L50|\n|poke|p2|Chi-Yu, L50|\n|poke|p2|Amoonguss, L50, M|\n|poke|p2|Garchomp, L50, M|\n|poke|p2|Kingambit, L50, F|\n|teampreview|4\n|inactive|Battle timer is ON: inactive players will automatically lose when time's up. (requested by anshar_training)\n|inactive|Cooltrizzle also wants the timer to be on.\n|inactive|anshar_training has 60 seconds left.\n|\n|t:|1684137716\n|start\n|switch|p1a: Grimmsnarl|Grimmsnarl, L50, M|100\/100\n|switch|p1b: Iron Hands|Iron Hands, L50|100\/100\n|switch|p2a: Gyarados|Gyarados, L50, M|100\/100\n|switch|p2b: Flutter Mane|Flutter Mane, L50|100\/100\n|-ability|p2a: Gyarados|Intimidate|boost\n|-unboost|p1a: Grimmsnarl|atk|1\n|-unboost|p1b: Iron Hands|atk|1\n|-enditem|p2b: Flutter Mane|Booster Energy\n|-activate|p2b: Flutter Mane|ability: Protosynthesis|[fromitem]\n|-start|p2b: Flutter Mane|protosynthesisspa\n|turn|1\n|inactive|anshar_training has 30 seconds left.\n|\n|t:|1684137745\n|-terastallize|p2a: Gyarados|Poison\n|move|p1b: Iron Hands|Detect|p1b: Iron Hands\n|-singleturn|p1b: Iron Hands|Protect\n|move|p1a: Grimmsnarl|Parting Shot|p2b: Flutter Mane\n|-unboost|p2b: Flutter Mane|atk|1\n|-unboost|p2b: Flutter Mane|spa|1\n|\n|t:|1684137752\n|switch|p1a: Wo-Chien|Wo-Chien, L50|100\/100|[from] Parting Shot\n|-ability|p1a: Wo-Chien|Tablets of Ruin\n|move|p2b: Flutter Mane|Dazzling Gleam|p1a: Wo-Chien|[spread] p1a\n|-activate|p1b: Iron Hands|move: Protect\n|-supereffective|p1a: Wo-Chien\n|-damage|p1a: Wo-Chien|68\/100\n|move|p2a: Gyarados|Taunt|p1a: Wo-Chien\n|-start|p1a: Wo-Chien|move: Taunt\n|\n|upkeep\n|turn|2\n|inactive|Cooltrizzle has 30 seconds left.\n|inactive|anshar_training has 30 seconds left.\n|inactive|anshar_training has 20 seconds left.\n|inactive|anshar_training has 15 seconds left.\n|\n|t:|1684137792\n|switch|p2a: Garchomp|Garchomp, L50, M|100\/100\n|move|p2b: Flutter Mane|Moonblast|p1a: Wo-Chien\n|-supereffective|p1a: Wo-Chien\n|-damage|p1a: Wo-Chien|20\/100\n|-unboost|p1a: Wo-Chien|spa|1\n|-enditem|p1a: Wo-Chien|Sitrus Berry|[eat]\n|-heal|p1a: Wo-Chien|45\/100|[from] item: Sitrus Berry\n|move|p1a: Wo-Chien|Knock Off|p2a: Garchomp\n|-damage|p2a: Garchomp|74\/100\n|-damage|p1a: Wo-Chien|33\/100|[from] ability: Rough Skin|[of] p2a: Garchomp\n|-enditem|p2a: Garchomp|Clear Amulet|[from] move: Knock Off|[of] p1a: Wo-Chien\n|move|p1b: Iron Hands|Swords Dance|p1b: Iron Hands\n|-boost|p1b: Iron Hands|atk|2\n|\n|upkeep\n|turn|3\n|\n|t:|1684137815\n|move|p2b: Flutter Mane|Protect|p2b: Flutter Mane\n|-singleturn|p2b: Flutter Mane|Protect\n|move|p1b: Iron Hands|Detect|p1b: Iron Hands\n|-singleturn|p1b: Iron Hands|Protect\n|move|p2a: Garchomp|Earthquake|p1a: Wo-Chien|[spread] p1a\n|-activate|p2b: Flutter Mane|move: Protect\n|-activate|p1b: Iron Hands|move: Protect\n|-resisted|p1a: Wo-Chien\n|-damage|p1a: Wo-Chien|22\/100\n|move|p1a: Wo-Chien|Ruination|p2b: Flutter Mane\n|-activate|p2b: Flutter Mane|move: Protect\n|\n|-end|p1a: Wo-Chien|move: Taunt\n|upkeep\n|turn|4\n|\n|t:|1684137832\n|move|p2b: Flutter Mane|Dazzling Gleam|p1a: Wo-Chien|[spread] p1a,p1b\n|-supereffective|p1a: Wo-Chien\n|-supereffective|p1b: Iron Hands\n|-damage|p1a: Wo-Chien|0 fnt\n|-damage|p1b: Iron Hands|59\/100\n|faint|p1a: Wo-Chien\n|move|p2a: Garchomp|Stomping Tantrum|p1b: Iron Hands\n|-supereffective|p1b: Iron Hands\n|-damage|p1b: Iron Hands|4\/100\n|move|p1b: Iron Hands|Drain Punch|p2a: Garchomp\n|-damage|p2a: Garchomp|3\/100\n|-heal|p1b: Iron Hands|32\/100|[from] drain|[of] p2a: Garchomp\n|-damage|p1b: Iron Hands|20\/100|[from] ability: Rough Skin|[of] p2a: Garchomp\n|\n|upkeep\n|\n|t:|1684137839\n|switch|p1a: Scream Tail|Scream Tail, L50|100\/100\n|-enditem|p1a: Scream Tail|Booster Energy\n|-activate|p1a: Scream Tail|ability: Protosynthesis|[fromitem]\n|-start|p1a: Scream Tail|protosynthesisspe\n|turn|5\n|\n|t:|1684137849\n|move|p2b: Flutter Mane|Protect|p2b: Flutter Mane\n|-singleturn|p2b: Flutter Mane|Protect\n|move|p1b: Iron Hands|Detect|p1b: Iron Hands\n|-singleturn|p1b: Iron Hands|Protect\n|move|p1a: Scream Tail|Dazzling Gleam|p2b: Flutter Mane|[spread] p2a\n|-activate|p2b: Flutter Mane|move: Protect\n|-supereffective|p2a: Garchomp\n|-damage|p2a: Garchomp|0 fnt\n|faint|p2a: Garchomp\n|\n|upkeep\n|\n|t:|1684137859\n|switch|p2a: Gyarados|Gyarados, L50, M, tera:Poison|100\/100\n|-ability|p2a: Gyarados|Intimidate|boost\n|-unboost|p1a: Scream Tail|atk|1\n|-unboost|p1b: Iron Hands|atk|1\n|turn|6\n|\n|t:|1684137873\n|move|p1a: Scream Tail|Encore|p2b: Flutter Mane\n|-start|p2b: Flutter Mane|Encore\n|move|p2b: Flutter Mane|Protect|p2b: Flutter Mane\n|-singleturn|p2b: Flutter Mane|Protect\n|move|p2a: Gyarados|Taunt|p1a: Scream Tail\n|-start|p1a: Scream Tail|move: Taunt\n|move|p1b: Iron Hands|Ice Punch|p2a: Gyarados\n|-damage|p2a: Gyarados|71\/100\n|-status|p2a: Gyarados|frz\n|\n|upkeep\n|turn|7\n|\n|t:|1684137890\n|-end|p2b: Flutter Mane|Protosynthesis|[silent]\n|switch|p2b: Amoonguss|Amoonguss, L50, M|100\/100\n|move|p1a: Scream Tail|Dazzling Gleam|p2a: Gyarados|[spread] p2a,p2b\n|-resisted|p2a: Gyarados\n|-crit|p2a: Gyarados\n|-resisted|p2b: Amoonguss\n|-damage|p2a: Gyarados|62\/100 frz\n|-damage|p2b: Amoonguss|94\/100\n|cant|p2a: Gyarados|frz\n|move|p1b: Iron Hands|Drain Punch|p2b: Amoonguss\n|-resisted|p2b: Amoonguss\n|-damage|p2b: Amoonguss|77\/100\n|-heal|p1b: Iron Hands|28\/100|[from] drain|[of] p2b: Amoonguss\n|\n|upkeep\n|turn|8\n|\n|t:|1684137908\n|move|p1a: Scream Tail|Dazzling Gleam|p2b: Amoonguss|[spread] p2a,p2b\n|-resisted|p2a: Gyarados\n|-resisted|p2b: Amoonguss\n|-damage|p2a: Gyarados|56\/100 frz\n|-damage|p2b: Amoonguss|70\/100\n|cant|p2a: Gyarados|frz\n|move|p1b: Iron Hands|Swords Dance|p1b: Iron Hands\n|-boost|p1b: Iron Hands|atk|2\n|move|p2b: Amoonguss|Spore|p1b: Iron Hands\n|-status|p1b: Iron Hands|slp|[from] move: Spore\n|-enditem|p1b: Iron Hands|Lum Berry|[eat]\n|-curestatus|p1b: Iron Hands|slp|[msg]\n|\n|upkeep\n|turn|9\n|\n|t:|1684137922\n|move|p1a: Scream Tail|Dazzling Gleam|p2b: Amoonguss|[spread] p2a,p2b\n|-resisted|p2a: Gyarados\n|-resisted|p2b: Amoonguss\n|-damage|p2a: Gyarados|50\/100 frz\n|-damage|p2b: Amoonguss|62\/100\n|cant|p2a: Gyarados|frz\n|move|p1b: Iron Hands|Ice Punch|p2b: Amoonguss\n|-supereffective|p2b: Amoonguss\n|-damage|p2b: Amoonguss|0 fnt\n|faint|p2b: Amoonguss\n|\n|-end|p1a: Scream Tail|move: Taunt\n|upkeep\n|\n|t:|1684137932\n|switch|p2b: Flutter Mane|Flutter Mane, L50|100\/100\n|turn|10\n|\n|t:|1684137939\n|cant|p2a: Gyarados|frz\n|move|p1a: Scream Tail|Protect|p1a: Scream Tail\n|-singleturn|p1a: Scream Tail|Protect\n|move|p1b: Iron Hands|Detect|p1b: Iron Hands\n|-singleturn|p1b: Iron Hands|Protect\n|move|p2b: Flutter Mane|Dazzling Gleam|p1a: Scream Tail|[spread] \n|-activate|p1a: Scream Tail|move: Protect\n|-activate|p1b: Iron Hands|move: Protect\n|\n|upkeep\n|turn|11\n|\n|t:|1684137959\n|-terastallize|p1b: Iron Hands|Fire\n|cant|p2a: Gyarados|frz\n|move|p1a: Scream Tail|Encore|p2b: Flutter Mane\n|-start|p2b: Flutter Mane|Encore\n|move|p2b: Flutter Mane|Dazzling Gleam|p1a: Scream Tail|[spread] p1a,p1b\n|-resisted|p1b: Iron Hands\n|-damage|p1a: Scream Tail|76\/100\n|-damage|p1b: Iron Hands|15\/100\n|move|p1b: Iron Hands|Ice Punch|p2b: Flutter Mane\n|-damage|p2b: Flutter Mane|0 fnt\n|faint|p2b: Flutter Mane\n|-end|p2b: Flutter Mane|Protosynthesis|[silent]\n|\n|upkeep\n|turn|12\n|\n|t:|1684137973\n|move|p1a: Scream Tail|Dazzling Gleam|p2a: Gyarados\n|-resisted|p2a: Gyarados\n|-damage|p2a: Gyarados|43\/100 frz\n|cant|p2a: Gyarados|frz\n|move|p1b: Iron Hands|Ice Punch|p2a: Gyarados\n|-damage|p2a: Gyarados|0 fnt\n|faint|p2a: Gyarados\n|\n|win|Cooltrizzle\n|raw|Cooltrizzle's rating: 1367 → 1384<\/strong> (+17 for winning)\n|raw|anshar_training's rating: 1313 → 1296<\/strong> (-17 for losing)\n","uploadtime":1684137981,"views":9,"p1id":"cooltrizzle","p2id":"anshartraining","formatid":"gen9vgc2023regulationc","rating":1296,"private":0,"password":""}