{"id":"gen9vgc2023regulationc-1852487576","p1":"Pokebixer","p2":"foiledfeline","format":"[Gen 9] VGC 2023 Regulation C","log":"|j|\u2606Pokebixer\n|j|\u2606foiledfeline\n|t:|1682564030\n|gametype|doubles\n|player|p1|Pokebixer|clay|1256\n|player|p2|foiledfeline|102|1257\n|teamsize|p1|6\n|teamsize|p2|6\n|gen|9\n|tier|[Gen 9] VGC 2023 Regulation C\n|rated|\n|rule|Species Clause: Limit one of each Pok\u00e9mon\n|rule|Item Clause: Limit one of each item\n|clearpoke\n|poke|p1|Oranguru, L50, F|\n|poke|p1|Hariyama, L50, M|\n|poke|p1|Kingambit, L50, F|\n|poke|p1|Torkoal, L50, F|\n|poke|p1|Clawitzer, L50, F|\n|poke|p1|Hatterene, L50, F|\n|poke|p2|Flutter Mane, L50|\n|poke|p2|Talonflame, L50, F|\n|poke|p2|Baxcalibur, L50, F|\n|poke|p2|Ting-Lu, L50|\n|poke|p2|Gyarados, L50, M|\n|poke|p2|Breloom, L50, F|\n|teampreview|4\nfoiledfeline has agreed to open team sheets.\nPokebixer rejected open team sheets.\n|\n|t:|1682564089\n|start\n|switch|p1a: Oranguru|Oranguru, L50, F|100\/100\n|switch|p1b: Hariyama|Hariyama, L50, M|100\/100\n|switch|p2a: Gyarados|Gyarados, L50, M|100\/100\n|switch|p2b: Ting-Lu|Ting-Lu, L50|100\/100\n|-ability|p2a: Gyarados|Intimidate|boost\n|-unboost|p1a: Oranguru|atk|1\n|-unboost|p1b: Hariyama|atk|1\n|-ability|p2b: Ting-Lu|Vessel of Ruin\n|turn|1\n|\n|t:|1682564117\n|move|p1b: Hariyama|Fake Out|p2a: Gyarados\n|-damage|p2a: Gyarados|90\/100\n|cant|p2a: Gyarados|flinch\n|move|p2b: Ting-Lu|Heavy Slam|p1a: Oranguru\n|-damage|p1a: Oranguru|68\/100\n|move|p1a: Oranguru|Trick Room|p1a: Oranguru\n|-fieldstart|move: Trick Room|[of] p1a: Oranguru\n|\n|-status|p1b: Hariyama|brn|[from] item: Flame Orb\n|upkeep\n|turn|2\n|\n|t:|1682564154\n|-terastallize|p2b: Ting-Lu|Poison\n|move|p1b: Hariyama|Ice Punch|p2b: Ting-Lu\n|-damage|p2b: Ting-Lu|84\/100\n|move|p2b: Ting-Lu|Earthquake|p1b: Hariyama|[spread] p1a,p1b\n|-immune|p2a: Gyarados\n|-damage|p1a: Oranguru|35\/100\n|-damage|p1b: Hariyama|59\/100 brn\n|move|p1a: Oranguru|Instruct|p1b: Hariyama\n|-singleturn|p1b: Hariyama|move: Instruct|[of] p1a: Oranguru\n|move|p1b: Hariyama|Ice Punch|p2b: Ting-Lu\n|-damage|p2b: Ting-Lu|65\/100\n|move|p2a: Gyarados|Waterfall|p1b: Hariyama\n|-damage|p1b: Hariyama|26\/100 brn\n|\n|-heal|p2b: Ting-Lu|72\/100|[from] item: Leftovers\n|-damage|p1b: Hariyama|20\/100 brn|[from] brn\n|upkeep\n|turn|3\n|\n|t:|1682564178\n|move|p2b: Ting-Lu|Protect|p2b: Ting-Lu\n|-singleturn|p2b: Ting-Lu|Protect\n|move|p1a: Oranguru|Protect|p1a: Oranguru\n|-singleturn|p1a: Oranguru|Protect\n|move|p1b: Hariyama|Rock Slide|p2b: Ting-Lu|[spread] p2a\n|-activate|p2b: Ting-Lu|move: Protect\n|-supereffective|p2a: Gyarados\n|-damage|p2a: Gyarados|50\/100\n|-enditem|p2a: Gyarados|Sitrus Berry|[eat]\n|-heal|p2a: Gyarados|75\/100|[from] item: Sitrus Berry\n|move|p2a: Gyarados|Waterfall|p1b: Hariyama\n|-damage|p1b: Hariyama|0 fnt\n|faint|p1b: Hariyama\n|\n|-heal|p2b: Ting-Lu|78\/100|[from] item: Leftovers\n|upkeep\n|\n|t:|1682564196\n|switch|p1b: Hatterene|Hatterene, L50, F|100\/100\n|turn|4\n|\n|t:|1682564221\n|move|p1b: Hatterene|Psychic|p2b: Ting-Lu\n|-supereffective|p2b: Ting-Lu\n|-damage|p2b: Ting-Lu|15\/100\n|move|p2b: Ting-Lu|Heavy Slam|p1b: Hatterene\n|-supereffective|p1b: Hatterene\n|-crit|p1b: Hatterene\n|-enditem|p1b: Hatterene|Focus Sash\n|-damage|p1b: Hatterene|1\/100\n|move|p1a: Oranguru|Psychic|p2b: Ting-Lu\n|-supereffective|p2b: Ting-Lu\n|-damage|p2b: Ting-Lu|0 fnt\n|faint|p2b: Ting-Lu\n|move|p2a: Gyarados|Waterfall|p1a: Oranguru\n|-damage|p1a: Oranguru|8\/100\n|\n|upkeep\n|\n|t:|1682564244\n|switch|p2b: Breloom|Breloom, L50, F|100\/100\n|turn|5\n|\n|t:|1682564255\n|move|p2b: Breloom|Mach Punch|p1b: Hatterene\n|-resisted|p1b: Hatterene\n|-damage|p1b: Hatterene|0 fnt\n|faint|p1b: Hatterene\n|move|p1a: Oranguru|Psychic|p2b: Breloom\n|-supereffective|p2b: Breloom\n|-enditem|p2b: Breloom|Focus Sash\n|-damage|p2b: Breloom|1\/100\n|move|p2a: Gyarados|Waterfall|p1a: Oranguru\n|-damage|p1a: Oranguru|0 fnt\n|faint|p1a: Oranguru\n|\n|-fieldend|move: Trick Room\n|upkeep\n|\n|t:|1682564296\n|switch|p1b: Torkoal|Torkoal, L50, F|100\/100\n|-weather|SunnyDay|[from] ability: Drought|[of] p1b: Torkoal\n|turn|6\n|\n|t:|1682564305\n|move|p2b: Breloom|Spore|p1b: Torkoal\n|-status|p1b: Torkoal|slp|[from] move: Spore\n|move|p2a: Gyarados|Waterfall|p1b: Torkoal\n|-supereffective|p1b: Torkoal\n|-damage|p1b: Torkoal|76\/100 slp\n|cant|p1b: Torkoal|slp\n|\n|-weather|SunnyDay|[upkeep]\n|upkeep\n|turn|7\n|\n|t:|1682564332\n|move|p2b: Breloom|Mach Punch|p1b: Torkoal\n|-damage|p1b: Torkoal|49\/100 slp\n|move|p2a: Gyarados|Waterfall|p1b: Torkoal\n|-supereffective|p1b: Torkoal\n|-damage|p1b: Torkoal|21\/100 slp\n|cant|p1b: Torkoal|slp\n|\n|-weather|SunnyDay|[upkeep]\n|upkeep\n|turn|8\n|\n|t:|1682564349\n|move|p2b: Breloom|Mach Punch|p1b: Torkoal\n|-crit|p1b: Torkoal\n|-damage|p1b: Torkoal|0 fnt\n|faint|p1b: Torkoal\n|\n|win|foiledfeline\n|raw|Pokebixer's rating: 1256 → 1231<\/strong> (-25 for losing)\n|raw|foiledfeline's rating: 1257 → 1282<\/strong> (+25 for winning)\n|l|\u2606Pokebixer\n","uploadtime":1682564362,"views":7,"p1id":"pokebixer","p2id":"foiledfeline","formatid":"gen9vgc2023regulationc","rating":1231,"private":0,"password":""}