{"id":"gen9vgc2023regulationc-1854452442","p1":"Veb4713","p2":"ShaytheFair","format":"[Gen 9] VGC 2023 Regulation C","log":"|j|\u2606Veb4713\n|j|\u2606ShaytheFair\n|t:|1682812711\n|gametype|doubles\n|player|p1|Veb4713|birdkeeper-gen4dp|1057\n|player|p2|ShaytheFair|veteranf|1058\n|teamsize|p1|6\n|teamsize|p2|6\n|gen|9\n|tier|[Gen 9] VGC 2023 Regulation C\n|rated|\n|rule|Species Clause: Limit one of each Pok\u00e9mon\n|rule|Item Clause: Limit one of each item\n|clearpoke\n|poke|p1|Flutter Mane, L50|\n|poke|p1|Gastrodon, L50, M|\n|poke|p1|Iron Hands, L50|\n|poke|p1|Arcanine, L50, M|\n|poke|p1|Ting-Lu, L50|\n|poke|p1|Amoonguss, L50, F|\n|poke|p2|Palafin, L50, M|\n|poke|p2|Flutter Mane, L50|\n|poke|p2|Arcanine, L50, M|\n|poke|p2|Ting-Lu, L50|\n|poke|p2|Amoonguss, L50, F|\n|poke|p2|Kingambit, L50, M|\n|teampreview|4\nShaytheFair has agreed to open team sheets.\nVeb4713 has agreed to open team sheets.\n|\n|t:|1682812789\n|start\n|switch|p1a: Flutter Mane|Flutter Mane, L50|100\/100\n|switch|p1b: Iron Hands|Iron Hands, L50|100\/100\n|switch|p2a: Butter Pecan|Arcanine, L50, M|100\/100\n|switch|p2b: Chocolate Cherry|Flutter Mane, L50|100\/100\n|-ability|p2a: Butter Pecan|Intimidate|boost\n|-unboost|p1a: Flutter Mane|atk|1\n|-unboost|p1b: Iron Hands|atk|1\n|-enditem|p2b: Chocolate Cherry|Booster Energy\n|-activate|p2b: Chocolate Cherry|ability: Protosynthesis|[fromitem]\n|-start|p2b: Chocolate Cherry|protosynthesisspa\n|-enditem|p1a: Flutter Mane|Booster Energy\n|-activate|p1a: Flutter Mane|ability: Protosynthesis|[fromitem]\n|-start|p1a: Flutter Mane|protosynthesisspa\n|turn|1\n|\n|t:|1682812809\n|move|p2b: Chocolate Cherry|Protect|p2b: Chocolate Cherry\n|-singleturn|p2b: Chocolate Cherry|Protect\n|move|p1a: Flutter Mane|Protect|p1a: Flutter Mane\n|-singleturn|p1a: Flutter Mane|Protect\n|move|p1b: Iron Hands|Fake Out|p2a: Butter Pecan\n|-damage|p2a: Butter Pecan|89\/100\n|cant|p2a: Butter Pecan|flinch\n|\n|upkeep\n|turn|2\n|\n|t:|1682812844\n|-end|p1a: Flutter Mane|Protosynthesis|[silent]\n|switch|p1a: Arcanine|Arcanine, L50, M|100\/100\n|-ability|p1a: Arcanine|Intimidate|boost\n|-unboost|p2a: Butter Pecan|atk|1\n|-unboost|p2b: Chocolate Cherry|atk|1\n|move|p2b: Chocolate Cherry|Dazzling Gleam|p1a: Arcanine|[spread] p1a,p1b\n|-resisted|p1a: Arcanine\n|-crit|p1a: Arcanine\n|-supereffective|p1b: Iron Hands\n|-damage|p1a: Arcanine|64\/100\n|-damage|p1b: Iron Hands|38\/100\n|move|p2a: Butter Pecan|Will-O-Wisp|p1b: Iron Hands\n|-status|p1b: Iron Hands|brn\n|-enditem|p1b: Iron Hands|Lum Berry|[eat]\n|-curestatus|p1b: Iron Hands|brn|[msg]\n|move|p1b: Iron Hands|Drain Punch|p2a: Butter Pecan\n|-damage|p2a: Butter Pecan|60\/100\n|-heal|p1b: Iron Hands|50\/100|[from] drain|[of] p2a: Butter Pecan\n|\n|upkeep\n|turn|3\n|\n|t:|1682812900\n|-end|p2b: Chocolate Cherry|Protosynthesis|[silent]\n|switch|p2b: Moose Tracks|Ting-Lu, L50|100\/100\n|-ability|p2b: Moose Tracks|Vessel of Ruin\n|-end|p1b: Iron Hands|Quark Drive|[silent]\n|switch|p1b: Amoonguss|Amoonguss, L50, F|100\/100\n|move|p1a: Arcanine|Protect|p1a: Arcanine\n|-singleturn|p1a: Arcanine|Protect\n|move|p2a: Butter Pecan|Howl|p2a: Butter Pecan|[spread] p2a,p2b\n|-boost|p2a: Butter Pecan|atk|1\n|-boost|p2b: Moose Tracks|atk|1\n|\n|upkeep\n|turn|4\n|\n|t:|1682812928\n|switch|p2a: Cookies n Cream|Amoonguss, L50, F|100\/100\n|-terastallize|p1b: Amoonguss|Water\n|move|p1a: Arcanine|Will-O-Wisp|p2b: Moose Tracks|[miss]\n|-miss|p1a: Arcanine|p2b: Moose Tracks\n|move|p2b: Moose Tracks|Earthquake|p1a: Arcanine|[spread] p2a,p1a,p1b\n|-supereffective|p1a: Arcanine\n|-damage|p2a: Cookies n Cream|59\/100\n|-damage|p1a: Arcanine|0 fnt\n|-damage|p1b: Amoonguss|49\/100\n|faint|p1a: Arcanine\n|move|p1b: Amoonguss|Seed Bomb|p2b: Moose Tracks\n|-supereffective|p2b: Moose Tracks\n|-damage|p2b: Moose Tracks|71\/100\n|\n|-heal|p1b: Amoonguss|55\/100|[from] item: Leftovers\n|upkeep\n|\n|t:|1682812952\n|switch|p1a: Iron Hands|Iron Hands, L50|50\/100\n|turn|5\n|\n|t:|1682812985\n|switch|p2a: Chocolate Cherry|Flutter Mane, L50|100\/100\n|-terastallize|p2b: Moose Tracks|Water\n|move|p1a: Iron Hands|Fake Out|p2a: Chocolate Cherry\n|-immune|p2a: Chocolate Cherry\n|move|p2b: Moose Tracks|Stomping Tantrum|p1a: Iron Hands\n|-supereffective|p1a: Iron Hands\n|-damage|p1a: Iron Hands|0 fnt\n|faint|p1a: Iron Hands\n|-end|p1a: Iron Hands|Quark Drive|[silent]\n|move|p1b: Amoonguss|Spore|p2b: Moose Tracks\n|-status|p2b: Moose Tracks|slp|[from] move: Spore\n|\n|-heal|p1b: Amoonguss|61\/100|[from] item: Leftovers\n|upkeep\n|\n|t:|1682812997\n|switch|p1a: Flutter Mane|Flutter Mane, L50|100\/100\n|turn|6\n|\n|t:|1682813013\n|move|p2a: Chocolate Cherry|Protect|p2a: Chocolate Cherry\n|-singleturn|p2a: Chocolate Cherry|Protect\n|move|p1a: Flutter Mane|Moonblast|p2a: Chocolate Cherry\n|-activate|p2a: Chocolate Cherry|move: Protect\n|cant|p2b: Moose Tracks|slp\n|move|p1b: Amoonguss|Spore|p2a: Chocolate Cherry\n|-activate|p2a: Chocolate Cherry|move: Protect\n|\n|-heal|p1b: Amoonguss|67\/100|[from] item: Leftovers\n|upkeep\n|turn|7\n|\n|t:|1682813035\n|move|p1a: Flutter Mane|Protect|p1a: Flutter Mane\n|-singleturn|p1a: Flutter Mane|Protect\n|move|p2a: Chocolate Cherry|Shadow Ball|p1a: Flutter Mane\n|-activate|p1a: Flutter Mane|move: Protect\n|cant|p2b: Moose Tracks|slp\n|move|p1b: Amoonguss|Spore|p2a: Chocolate Cherry\n|-status|p2a: Chocolate Cherry|slp|[from] move: Spore\n|\n|-heal|p1b: Amoonguss|72\/100|[from] item: Leftovers\n|upkeep\n|turn|8\n|\n|t:|1682813054\n|-end|p2a: Chocolate Cherry|Protosynthesis|[silent]\n|switch|p2a: Cookies n Cream|Amoonguss, L50, F|93\/100\n|move|p1a: Flutter Mane|Shadow Ball|p2a: Cookies n Cream\n|-damage|p2a: Cookies n Cream|66\/100\n|cant|p2b: Moose Tracks|slp\n|move|p1b: Amoonguss|Seed Bomb|p2b: Moose Tracks\n|-supereffective|p2b: Moose Tracks\n|-damage|p2b: Moose Tracks|37\/100 slp\n|\n|-heal|p1b: Amoonguss|78\/100|[from] item: Leftovers\n|upkeep\n|turn|9\n|\n|t:|1682813079\n|move|p1a: Flutter Mane|Protect|p1a: Flutter Mane\n|-singleturn|p1a: Flutter Mane|Protect\n|-curestatus|p2b: Moose Tracks|slp|[msg]\n|move|p2b: Moose Tracks|Ruination|p1b: Amoonguss\n|-damage|p1b: Amoonguss|40\/100\n|move|p1b: Amoonguss|Pollen Puff|p2a: Cookies n Cream\n|-damage|p2a: Cookies n Cream|55\/100\n|move|p2a: Cookies n Cream|Pollen Puff|p2b: Moose Tracks\n|-heal|p2b: Moose Tracks|87\/100\n|\n|-heal|p1b: Amoonguss|45\/100|[from] item: Leftovers\n|upkeep\n|turn|10\n|\n|t:|1682813107\n|move|p2a: Cookies n Cream|Rage Powder|p2a: Cookies n Cream\n|-singleturn|p2a: Cookies n Cream|move: Rage Powder\n|move|p1a: Flutter Mane|Moonblast|p2a: Cookies n Cream\n|-resisted|p2a: Cookies n Cream\n|-damage|p2a: Cookies n Cream|39\/100\n|move|p2b: Moose Tracks|Earthquake|p1b: Amoonguss|[spread] p2a,p1a,p1b\n|-damage|p2a: Cookies n Cream|0 fnt\n|-damage|p1a: Flutter Mane|4\/100\n|-damage|p1b: Amoonguss|0 fnt\n|faint|p2a: Cookies n Cream\n|faint|p1b: Amoonguss\n|\n|upkeep\n|c|\u2606Veb4713|Gg\n|\n|t:|1682813118\n|switch|p2a: Chocolate Cherry|Flutter Mane, L50|100\/100 slp\n|turn|11\n|\n|t:|1682813125\n|move|p1a: Flutter Mane|Protect|p1a: Flutter Mane\n|-singleturn|p1a: Flutter Mane|Protect\n|cant|p2a: Chocolate Cherry|slp\n|move|p2b: Moose Tracks|Heavy Slam|p1a: Flutter Mane\n|-activate|p1a: Flutter Mane|move: Protect\n|\n|upkeep\n|turn|12\n|\n|t:|1682813137\n|-curestatus|p2a: Chocolate Cherry|slp|[msg]\n|move|p2a: Chocolate Cherry|Shadow Ball|p1a: Flutter Mane\n|-supereffective|p1a: Flutter Mane\n|-damage|p1a: Flutter Mane|0 fnt\n|faint|p1a: Flutter Mane\n|-end|p1a: Flutter Mane|Protosynthesis|[silent]\n|\n|win|ShaytheFair\n|raw|Veb4713's rating: 1057 → 1039<\/strong> (-18 for losing)\n|raw|ShaytheFair's rating: 1058 → 1089<\/strong> (+31 for winning)\n|l|\u2606Veb4713\n","uploadtime":1682813159,"views":24,"p1id":"veb4713","p2id":"shaythefair","formatid":"gen9vgc2023regulationc","rating":1039,"private":0,"password":""}