{"id":"gen9vgc2023regulationc-1856988164","p1":"Arcacagne","p2":"Aizen94","format":"[Gen 9] VGC 2023 Regulation C","log":"|j|\u2606Arcacagne\n|j|\u2606Aizen94\n|t:|1683133933\n|gametype|doubles\n|player|p1|Arcacagne|265|1338\n|player|p2|Aizen94|lucas|1386\n|teamsize|p1|6\n|teamsize|p2|6\n|gen|9\n|tier|[Gen 9] VGC 2023 Regulation C\n|rated|\n|rule|Species Clause: Limit one of each Pok\u00e9mon\n|rule|Item Clause: Limit one of each item\n|clearpoke\n|poke|p1|Chi-Yu, L50|\n|poke|p1|Flutter Mane, L50|\n|poke|p1|Amoonguss, L50, M|\n|poke|p1|Palafin, L50, M|\n|poke|p1|Kingambit, L50, M|\n|poke|p1|Arcanine, L50, M|\n|poke|p2|Flutter Mane, L50|\n|poke|p2|Amoonguss, L50, M|\n|poke|p2|Arcanine, L50, M|\n|poke|p2|Ting-Lu, L50|\n|poke|p2|Palafin, L50, M|\n|poke|p2|Kingambit, L50, M|\n|teampreview|4\n|inactive|Battle timer is ON: inactive players will automatically lose when time's up. (requested by Aizen94)\n|inactive|Arcacagne has 60 seconds left.\n|\n|t:|1683133996\n|start\n|switch|p1a: Chi-Yu|Chi-Yu, L50|100\/100\n|switch|p1b: Amoonguss|Amoonguss, L50, M|100\/100\n|switch|p2a: Ting-Lu|Ting-Lu, L50|100\/100\n|switch|p2b: Palafin|Palafin, L50, M|100\/100\n|-ability|p1a: Chi-Yu|Beads of Ruin\n|-ability|p2a: Ting-Lu|Vessel of Ruin\n|turn|1\n|inactive|Arcacagne has 30 seconds left.\n|inactive|Arcacagne has 20 seconds left.\n|\n|t:|1683134034\n|-terastallize|p1a: Chi-Yu|Water\n|move|p2b: Palafin|Jet Punch|p1a: Chi-Yu\n|-resisted|p1a: Chi-Yu\n|-damage|p1a: Chi-Yu|84\/100\n|move|p1a: Chi-Yu|Nasty Plot|p1a: Chi-Yu\n|-boost|p1a: Chi-Yu|spa|2\n|move|p2a: Ting-Lu|Stomping Tantrum|p1a: Chi-Yu\n|-damage|p1a: Chi-Yu|43\/100\n|move|p1b: Amoonguss|Spore|p2a: Ting-Lu\n|-status|p2a: Ting-Lu|slp|[from] move: Spore\n|\n|upkeep\n|turn|2\n|\n|t:|1683134050\n|detailschange|p2b: Palafin|Palafin-Hero, L50, M\n|switch|p2b: Amoonguss|Amoonguss, L50, M|100\/100\n|move|p1a: Chi-Yu|Dark Pulse|p2b: Amoonguss\n|-damage|p2b: Amoonguss|41\/100\n|cant|p2a: Ting-Lu|slp\n|move|p1b: Amoonguss|Pollen Puff|p1a: Chi-Yu\n|-heal|p1a: Chi-Yu|93\/100\n|\n|upkeep\n|turn|3\n|\n|t:|1683134064\n|switch|p1b: Flutter Mane|Flutter Mane, L50|100\/100\n|-enditem|p1b: Flutter Mane|Booster Energy\n|-activate|p1b: Flutter Mane|ability: Protosynthesis|[fromitem]\n|-start|p1b: Flutter Mane|protosynthesisspa\n|move|p2b: Amoonguss|Protect|p2b: Amoonguss\n|-singleturn|p2b: Amoonguss|Protect\n|move|p1a: Chi-Yu|Heat Wave|p2b: Amoonguss|[spread] p2a\n|-activate|p2b: Amoonguss|move: Protect\n|-damage|p2a: Ting-Lu|75\/100 slp\n|-curestatus|p2a: Ting-Lu|slp|[msg]\n|move|p2a: Ting-Lu|Snarl|p1a: Chi-Yu|[spread] p1a,p1b\n|-crit|p1a: Chi-Yu\n|-damage|p1a: Chi-Yu|80\/100\n|-damage|p1b: Flutter Mane|91\/100\n|-unboost|p1a: Chi-Yu|spa|1\n|-unboost|p1b: Flutter Mane|spa|1\n|\n|upkeep\n|turn|4\n|\n|t:|1683134087\n|-terastallize|p2a: Ting-Lu|Poison\n|move|p1b: Flutter Mane|Moonblast|p2a: Ting-Lu\n|-resisted|p2a: Ting-Lu\n|-damage|p2a: Ting-Lu|66\/100\n|-unboost|p2a: Ting-Lu|spa|1\n|move|p1a: Chi-Yu|Heat Wave|p2b: Amoonguss|[spread] p2a,p2b\n|-supereffective|p2b: Amoonguss\n|-damage|p2a: Ting-Lu|47\/100\n|-damage|p2b: Amoonguss|0 fnt\n|faint|p2b: Amoonguss\n|move|p2a: Ting-Lu|Snarl|p1a: Chi-Yu|[spread] p1a,p1b\n|-crit|p1b: Flutter Mane\n|-damage|p1a: Chi-Yu|75\/100\n|-damage|p1b: Flutter Mane|78\/100\n|-unboost|p1a: Chi-Yu|spa|1\n|-unboost|p1b: Flutter Mane|spa|1\n|\n|upkeep\n|\n|t:|1683134108\n|switch|p2b: Palafin|Palafin-Hero, L50, M|100\/100\n|-activate|p2b: Palafin|ability: Zero to Hero\n|turn|5\n|\n|t:|1683134123\n|-end|p1b: Flutter Mane|Protosynthesis|[silent]\n|switch|p1b: Amoonguss|Amoonguss, L50, M|100\/100\n|move|p1a: Chi-Yu|Protect|p1a: Chi-Yu\n|-singleturn|p1a: Chi-Yu|Protect\n|move|p2b: Palafin|Protect|p2b: Palafin\n|-singleturn|p2b: Palafin|Protect\n|move|p2a: Ting-Lu|Heavy Slam|p1b: Amoonguss\n|-damage|p1b: Amoonguss|73\/100\n|\n|upkeep\n|turn|6\n|\n|t:|1683134144\n|switch|p2b: Kingambit|Kingambit, L50, M|100\/100\n|move|p1a: Chi-Yu|Nasty Plot|p1a: Chi-Yu\n|-boost|p1a: Chi-Yu|spa|2\n|move|p2a: Ting-Lu|Ruination|p1b: Amoonguss\n|-damage|p1b: Amoonguss|37\/100\n|-enditem|p1b: Amoonguss|Sitrus Berry|[eat]\n|-heal|p1b: Amoonguss|62\/100|[from] item: Sitrus Berry\n|move|p1b: Amoonguss|Spore|p2a: Ting-Lu\n|-status|p2a: Ting-Lu|slp|[from] move: Spore\n|\n|upkeep\n|turn|7\n|\n|t:|1683134162\n|move|p1b: Amoonguss|Rage Powder|p1b: Amoonguss\n|-singleturn|p1b: Amoonguss|move: Rage Powder\n|move|p2b: Kingambit|Sucker Punch||[still]\n|-fail|p2b: Kingambit\n|move|p1a: Chi-Yu|Heat Wave|p2a: Ting-Lu|[spread] p2a,p2b\n|-crit|p2a: Ting-Lu\n|-supereffective|p2b: Kingambit\n|-damage|p2a: Ting-Lu|4\/100 slp\n|-damage|p2b: Kingambit|0 fnt\n|faint|p2b: Kingambit\n|cant|p2a: Ting-Lu|slp\n|\n|upkeep\n|\n|t:|1683134174\n|switch|p2b: Palafin|Palafin-Hero, L50, M|100\/100\n|turn|8\n|\n|t:|1683134182\n|move|p1b: Amoonguss|Rage Powder|p1b: Amoonguss\n|-singleturn|p1b: Amoonguss|move: Rage Powder\n|move|p1a: Chi-Yu|Heat Wave|p2b: Palafin|[spread] p2a,p2b\n|-resisted|p2b: Palafin\n|-damage|p2a: Ting-Lu|0 fnt\n|-damage|p2b: Palafin|68\/100\n|faint|p2a: Ting-Lu\n|move|p2b: Palafin|Wave Crash|p1b: Amoonguss\n|-resisted|p1b: Amoonguss\n|-damage|p1b: Amoonguss|23\/100\n|-damage|p2b: Palafin|52\/100|[from] Recoil\n|\n|upkeep\n|turn|9\n|-message|Aizen94 forfeited.\n|\n|win|Arcacagne\n|raw|Arcacagne's rating: 1338 → 1361<\/strong> (+23 for winning)\n|raw|Aizen94's rating: 1386 → 1363<\/strong> (-23 for losing)\n|l|\u2606Aizen94\n","uploadtime":1683134204,"views":21,"p1id":"arcacagne","p2id":"aizen94","formatid":"gen9vgc2023regulationc","rating":1361,"private":0,"password":""}