{"id":"gen9vgc2023regulationc-1847531469","p1":"JT562","p2":"GB Seraphix","format":"[Gen 9] VGC 2023 Regulation C","log":"|j|\u2606JT562\n|j|\u2606GB Seraphix\n|t:|1681968327\n|gametype|doubles\n|player|p1|JT562|2|1230\n|player|p2|GB Seraphix|rosa|1212\n|teamsize|p1|6\n|teamsize|p2|6\n|gen|9\n|tier|[Gen 9] VGC 2023 Regulation C\n|rated|\n|rule|Species Clause: Limit one of each Pok\u00e9mon\n|rule|Item Clause: Limit one of each item\n|clearpoke\n|poke|p1|Iron Bundle, L50|\n|poke|p1|Chi-Yu, L50|\n|poke|p1|Amoonguss, L50, F|\n|poke|p1|Baxcalibur, L50, M|\n|poke|p1|Palafin, L50, F|\n|poke|p1|Flutter Mane, L50|\n|poke|p2|Chi-Yu, L50|\n|poke|p2|Dachsbun, L50, F|\n|poke|p2|Flutter Mane, L50|\n|poke|p2|Baxcalibur, L50, M|\n|poke|p2|Amoonguss, L50, M|\n|poke|p2|Rotom-Wash, L50|\n|teampreview|4\nJT562 has agreed to open team sheets.\n|\n|t:|1681968365\n|start\n|switch|p1a: Amoonguss|Amoonguss, L50, F|100\/100\n|switch|p1b: Palafin|Palafin, L50, F|100\/100\n|switch|p2a: Kiryu|Baxcalibur, L50, M|100\/100\n|switch|p2b: Hanabishi|Rotom-Wash, L50|100\/100\n|turn|1\n|\n|t:|1681968388\n|-terastallize|p1a: Amoonguss|Water\n|move|p2b: Hanabishi|Protect|p2b: Hanabishi\n|-singleturn|p2b: Hanabishi|Protect\n|move|p1b: Palafin|Protect|p1b: Palafin\n|-singleturn|p1b: Palafin|Protect\n|move|p2a: Kiryu|Icicle Crash|p1a: Amoonguss\n|-resisted|p1a: Amoonguss\n|-damage|p1a: Amoonguss|81\/100\n|move|p1a: Amoonguss|Spore|p2b: Hanabishi\n|-activate|p2b: Hanabishi|move: Protect\n|\n|upkeep\n|turn|2\n|l|\u2606GB Seraphix\n|player|p2|\n|inactive|Battle timer is ON: inactive players will automatically lose when time's up. (requested by JT562)\n|j|\u2606GB Seraphix\n|inactive|GB Seraphix reconnected and has 75 seconds left.\n|player|p2|GB Seraphix|rosa\n|\n|t:|1681968467\n|detailschange|p1b: Palafin|Palafin-Hero, L50, F\n|switch|p1b: Flutter Mane|Flutter Mane, L50|100\/100\n|-enditem|p1b: Flutter Mane|Booster Energy\n|-activate|p1b: Flutter Mane|ability: Protosynthesis|[fromitem]\n|-start|p1b: Flutter Mane|protosynthesisspa\n|switch|p2a: Red Sus|Amoonguss, L50, M|100\/100\n|move|p2b: Hanabishi|Thunderbolt|p1a: Amoonguss\n|-supereffective|p1a: Amoonguss\n|-damage|p1a: Amoonguss|13\/100\n|move|p1a: Amoonguss|Spore|p2b: Hanabishi\n|-status|p2b: Hanabishi|slp|[from] move: Spore\n|\n|upkeep\n|turn|3\n|inactive|JT562 has 30 seconds left.\n|\n|t:|1681968493\n|switch|p1a: Chi-Yu|Chi-Yu, L50|100\/100\n|-ability|p1a: Chi-Yu|Beads of Ruin\n|cant|p2b: Hanabishi|slp\n|move|p2a: Red Sus|Protect|p2a: Red Sus\n|-singleturn|p2a: Red Sus|Protect\n|move|p1b: Flutter Mane|Moonblast|p2b: Hanabishi\n|-damage|p2b: Hanabishi|7\/100 slp\n|-enditem|p2b: Hanabishi|Sitrus Berry|[eat]\n|-heal|p2b: Hanabishi|32\/100 slp|[from] item: Sitrus Berry\n|\n|upkeep\n|turn|4\n|inactive|GB Seraphix has 30 seconds left.\n|\n|t:|1681968520\n|-terastallize|p2a: Red Sus|Fire\n|cant|p2b: Hanabishi|slp\n|move|p1b: Flutter Mane|Dazzling Gleam|p2b: Hanabishi|[spread] p2a,p2b\n|-resisted|p2a: Red Sus\n|-crit|p2b: Hanabishi\n|-damage|p2a: Red Sus|80\/100\n|-damage|p2b: Hanabishi|0 fnt\n|faint|p2b: Hanabishi\n|move|p1a: Chi-Yu|Heat Wave|p2a: Red Sus\n|-resisted|p2a: Red Sus\n|-damage|p2a: Red Sus|52\/100\n|move|p2a: Red Sus|Spore|p1a: Chi-Yu\n|-status|p1a: Chi-Yu|slp|[from] move: Spore\n|\n|upkeep\n|\n|t:|1681968535\n|switch|p2b: BB|Flutter Mane, L50|100\/100\n|-enditem|p2b: BB|Booster Energy\n|-activate|p2b: BB|ability: Protosynthesis|[fromitem]\n|-start|p2b: BB|protosynthesisspe\n|turn|5\n|\n|t:|1681968549\n|move|p2a: Red Sus|Rage Powder|p2a: Red Sus\n|-singleturn|p2a: Red Sus|move: Rage Powder\n|move|p2b: BB|Shadow Ball|p1b: Flutter Mane\n|-supereffective|p1b: Flutter Mane\n|-damage|p1b: Flutter Mane|0 fnt\n|faint|p1b: Flutter Mane\n|-end|p1b: Flutter Mane|Protosynthesis|[silent]\n|cant|p1a: Chi-Yu|slp\n|\n|upkeep\n|\n|t:|1681968554\n|switch|p1b: Palafin|Palafin-Hero, L50, F|100\/100\n|-activate|p1b: Palafin|ability: Zero to Hero\n|turn|6\n|\n|t:|1681968578\n|switch|p2a: Kiryu|Baxcalibur, L50, M|100\/100\n|move|p2b: BB|Protect|p2b: BB\n|-singleturn|p2b: BB|Protect\n|move|p1b: Palafin|Protect|p1b: Palafin\n|-singleturn|p1b: Palafin|Protect\n|-curestatus|p1a: Chi-Yu|slp|[msg]\n|move|p1a: Chi-Yu|Dark Pulse|p2b: BB\n|-activate|p2b: BB|move: Protect\n|\n|upkeep\n|turn|7\n|\n|t:|1681968600\n|move|p1b: Palafin|Jet Punch|p2b: BB\n|-damage|p2b: BB|7\/100\n|move|p2b: BB|Moonblast|p1a: Chi-Yu\n|-crit|p1a: Chi-Yu\n|-damage|p1a: Chi-Yu|29\/100\n|-enditem|p1a: Chi-Yu|Sitrus Berry|[eat]\n|-heal|p1a: Chi-Yu|54\/100|[from] item: Sitrus Berry\n|move|p1a: Chi-Yu|Dark Pulse|p2a: Kiryu\n|-damage|p2a: Kiryu|70\/100\n|move|p2a: Kiryu|Glaive Rush|p1a: Chi-Yu\n|-damage|p1a: Chi-Yu|0 fnt\n|-singlemove|p2a: Kiryu|Glaive Rush|[silent]\n|faint|p1a: Chi-Yu\n|\n|upkeep\n|\n|t:|1681968613\n|switch|p1a: Amoonguss|Amoonguss, L50, F, tera:Water|46\/100\n|turn|8\n|\n|t:|1681968634\n|-end|p2b: BB|Protosynthesis|[silent]\n|switch|p2b: Red Sus|Amoonguss, L50, M, tera:Fire|85\/100\n|move|p1b: Palafin|Jet Punch|p2a: Kiryu\n|-resisted|p2a: Kiryu\n|-crit|p2a: Kiryu\n|-damage|p2a: Kiryu|13\/100\n|move|p2a: Kiryu|Glaive Rush|p1a: Amoonguss\n|-damage|p1a: Amoonguss|0 fnt\n|-singlemove|p2a: Kiryu|Glaive Rush|[silent]\n|-damage|p2a: Kiryu|0 fnt|[from] item: Rocky Helmet|[of] p1a: Amoonguss\n|faint|p1a: Amoonguss\n|faint|p2a: Kiryu\n|\n|upkeep\n|\n|t:|1681968645\n|switch|p2a: BB|Flutter Mane, L50|7\/100\n|turn|9\n|\n|t:|1681968653\n|move|p2a: BB|Protect|p2a: BB\n|-singleturn|p2a: BB|Protect\n|move|p1b: Palafin|Protect|p1b: Palafin\n|-singleturn|p1b: Palafin|Protect\n|move|p2b: Red Sus|Spore|p1b: Palafin\n|-activate|p1b: Palafin|move: Protect\n|\n|upkeep\n|turn|10\n|\n|t:|1681968664\n|move|p2a: BB|Shadow Ball|p1b: Palafin\n|-damage|p1b: Palafin|61\/100\n|-unboost|p1b: Palafin|spd|1\n|move|p1b: Palafin|Wave Crash|p2b: Red Sus\n|-supereffective|p2b: Red Sus\n|-damage|p2b: Red Sus|0 fnt\n|-damage|p1b: Palafin|45\/100|[from] item: Rocky Helmet|[of] p2b: Red Sus\n|faint|p2b: Red Sus\n|-damage|p1b: Palafin|15\/100|[from] Recoil\n|\n|upkeep\n|turn|11\n|\n|t:|1681968675\n|move|p2a: BB|Protect|p2a: BB\n|-singleturn|p2a: BB|Protect\n|move|p1b: Palafin|Jet Punch|p2a: BB\n|-activate|p2a: BB|move: Protect\n|\n|upkeep\n|turn|12\n|\n|t:|1681968681\n|move|p1b: Palafin|Jet Punch|p2a: BB\n|-damage|p2a: BB|0 fnt\n|faint|p2a: BB\n|-end|p2a: BB|Protosynthesis|[silent]\n|\n|win|JT562\n|raw|JT562's rating: 1230 → 1254<\/strong> (+24 for winning)\n|raw|GB Seraphix's rating: 1212 → 1188<\/strong> (-24 for losing)\n","uploadtime":1681968687,"views":6,"p1id":"jt562","p2id":"gbseraphix","formatid":"gen9vgc2023regulationc","rating":1188,"private":0,"password":""}