{"id":"gen9vgc2023regulationc-1849034926","p1":"723m","p2":"Xenizen","format":"[Gen 9] VGC 2023 Regulation C","log":"|j|\u2606723m\n|j|\u2606Xenizen\n|t:|1682142624\n|gametype|doubles\n|player|p1|723m|ingo|1219\n|player|p2|Xenizen|bruno|1142\n|teamsize|p1|6\n|teamsize|p2|6\n|gen|9\n|tier|[Gen 9] VGC 2023 Regulation C\n|rated|\n|rule|Species Clause: Limit one of each Pok\u00e9mon\n|rule|Item Clause: Limit one of each item\n|clearpoke\n|poke|p1|Lycanroc-Midnight, L50, F|\n|poke|p1|Medicham, L50, M|\n|poke|p1|Dondozo, L50, M|\n|poke|p1|Tatsugiri-Stretchy, L50, F|\n|poke|p1|Mimikyu, L50, F|\n|poke|p1|Ting-Lu, L50|\n|poke|p2|Chien-Pao, L50|\n|poke|p2|Amoonguss, L50, M|\n|poke|p2|Ceruledge, L50, F|\n|poke|p2|Ting-Lu, L50|\n|poke|p2|Sylveon, L50, F|\n|poke|p2|Palafin, L50, M|\n|teampreview|4\n|\n|t:|1682142652\n|start\n|switch|p1a: Medicham|Medicham, L50, M|100\/100\n|switch|p1b: Lycanroc|Lycanroc-Midnight, L50, F|100\/100\n|switch|p2a: Interflux|Sylveon, L50, F, shiny|100\/100\n|switch|p2b: Butter Knight|Ceruledge, L50, F, shiny|100\/100\n|turn|1\n|\n|t:|1682142666\n|-terastallize|p2b: Butter Knight|Grass\n|move|p1a: Medicham|Fake Out|p2a: Interflux\n|-damage|p2a: Interflux|79\/100\n|move|p1b: Lycanroc|Stone Edge|p2b: Butter Knight\n|-damage|p2b: Butter Knight|39\/100\n|move|p2b: Butter Knight|Tera Blast|p1b: Lycanroc\n|-supereffective|p1b: Lycanroc\n|-damage|p1b: Lycanroc|0 fnt\n|faint|p1b: Lycanroc\n|cant|p2a: Interflux|flinch\n|\n|upkeep\n|\n|t:|1682142687\n|switch|p1b: Dondozo|Dondozo, L50, M|100\/100\n|turn|2\n|\n|t:|1682142703\n|move|p2b: Butter Knight|Protect|p2b: Butter Knight\n|-singleturn|p2b: Butter Knight|Protect\n|move|p1b: Dondozo|Protect|p1b: Dondozo\n|-singleturn|p1b: Dondozo|Protect\n|move|p1a: Medicham|Close Combat|p2b: Butter Knight\n|-activate|p2b: Butter Knight|move: Protect\n|move|p2a: Interflux|Hyper Voice|p1a: Medicham|[spread] p1a\n|-activate|p1b: Dondozo|move: Protect\n|-supereffective|p1a: Medicham\n|-enditem|p1a: Medicham|Focus Sash\n|-damage|p1a: Medicham|1\/100\n|-enditem|p2a: Interflux|Throat Spray\n|-boost|p2a: Interflux|spa|1|[from] item: Throat Spray\n|\n|upkeep\n|turn|3\n|\n|t:|1682142724\n|-terastallize|p1b: Dondozo|Steel\n|move|p2b: Butter Knight|Shadow Sneak|p1a: Medicham\n|-supereffective|p1a: Medicham\n|-damage|p1a: Medicham|0 fnt\n|faint|p1a: Medicham\n|move|p1b: Dondozo|Fissure|p2b: Butter Knight|[miss]\n|-miss|p1b: Dondozo|p2b: Butter Knight\n|move|p2a: Interflux|Hyper Voice|p1b: Dondozo\n|-resisted|p1b: Dondozo\n|-damage|p1b: Dondozo|76\/100\n|\n|-heal|p1b: Dondozo|83\/100|[from] item: Leftovers\n|upkeep\n|\n|t:|1682142734\n|switch|p1a: Tatsugiri|Tatsugiri-Stretchy, L50, F|100\/100\n|-activate|p1a: Tatsugiri|ability: Commander|[of] p1b: Dondozo\n|-boost|p1b: Dondozo|atk|2\n|-boost|p1b: Dondozo|spa|2\n|-boost|p1b: Dondozo|spe|2\n|-boost|p1b: Dondozo|def|2\n|-boost|p1b: Dondozo|spd|2\n|turn|4\n|\n|t:|1682142742\n|move|p2a: Interflux|Helping Hand|p2b: Butter Knight\n|-singleturn|p2b: Butter Knight|Helping Hand|[of] p2a: Interflux\n|move|p1b: Dondozo|Protect|p1b: Dondozo\n|-singleturn|p1b: Dondozo|Protect\n|move|p2b: Butter Knight|Bitter Blade|p1b: Dondozo\n|-activate|p1b: Dondozo|move: Protect\n|\n|-heal|p1b: Dondozo|89\/100|[from] item: Leftovers\n|upkeep\n|turn|5\n|\n|t:|1682142753\n|move|p2a: Interflux|Helping Hand|p2b: Butter Knight\n|-singleturn|p2b: Butter Knight|Helping Hand|[of] p2a: Interflux\n|move|p1b: Dondozo|Wave Crash|p2b: Butter Knight\n|-resisted|p2b: Butter Knight\n|-damage|p2b: Butter Knight|0 fnt\n|faint|p2b: Butter Knight\n|-damage|p1b: Dondozo|80\/100|[from] Recoil\n|\n|-heal|p1b: Dondozo|86\/100|[from] item: Leftovers\n|upkeep\n|\n|t:|1682142760\n|switch|p2b: Bass Pro|Palafin, L50, M, shiny|100\/100\n|turn|6\n|\n|t:|1682142766\n|move|p2a: Interflux|Protect|p2a: Interflux\n|-singleturn|p2a: Interflux|Protect\n|move|p1b: Dondozo|Fissure|p2b: Bass Pro|[miss]\n|-miss|p1b: Dondozo|p2b: Bass Pro\n|move|p2b: Bass Pro|Haze|p2b: Bass Pro\n|-clearallboost\n|\n|-heal|p1b: Dondozo|92\/100|[from] item: Leftovers\n|upkeep\n|turn|7\n|\n|t:|1682142780\n|detailschange|p2b: Bass Pro|Palafin-Hero, L50, M, shiny\n|switch|p2b: Shroob|Amoonguss, L50, M, shiny|100\/100\n|move|p1b: Dondozo|Substitute|p1b: Dondozo\n|-start|p1b: Dondozo|Substitute\n|-damage|p1b: Dondozo|67\/100\n|move|p2a: Interflux|Hyper Voice|p1b: Dondozo|[spread] p1b\n|-miss|p2a: Interflux|p1a: Tatsugiri\n|-resisted|p1b: Dondozo\n|-damage|p1b: Dondozo|51\/100\n|\n|-heal|p1b: Dondozo|57\/100|[from] item: Leftovers\n|upkeep\n|turn|8\n|\n|t:|1682142791\n|move|p1b: Dondozo|Protect|p1b: Dondozo\n|-singleturn|p1b: Dondozo|Protect\n|move|p2a: Interflux|Hyper Voice|p1b: Dondozo|[spread] \n|-miss|p2a: Interflux|p1a: Tatsugiri\n|-activate|p1b: Dondozo|move: Protect\n|move|p2b: Shroob|Pollen Puff|p1b: Dondozo\n|-activate|p1b: Dondozo|move: Protect\n|\n|-heal|p1b: Dondozo|64\/100|[from] item: Leftovers\n|upkeep\n|turn|9\n|\n|t:|1682142803\n|move|p1b: Dondozo|Fissure|p2a: Interflux\n|-damage|p2a: Interflux|0 fnt\n|faint|p2a: Interflux\n|-ohko\n|move|p2b: Shroob|Pollen Puff|p1b: Dondozo\n|-resisted|p1b: Dondozo\n|-activate|p1b: Dondozo|move: Substitute|[damage]\n|\n|-heal|p1b: Dondozo|70\/100|[from] item: Leftovers\n|upkeep\n|\n|t:|1682142809\n|switch|p2a: Bass Pro|Palafin-Hero, L50, M, shiny|100\/100\n|-activate|p2a: Bass Pro|ability: Zero to Hero\n|turn|10\n|\n|t:|1682142819\n|move|p1b: Dondozo|Protect|p1b: Dondozo\n|-singleturn|p1b: Dondozo|Protect\n|move|p2a: Bass Pro|Jet Punch|p1b: Dondozo\n|-activate|p1b: Dondozo|move: Protect\n|move|p2b: Shroob|Pollen Puff|p1b: Dondozo\n|-activate|p1b: Dondozo|move: Protect\n|\n|-heal|p1b: Dondozo|76\/100|[from] item: Leftovers\n|upkeep\n|turn|11\n|\n|t:|1682142830\n|move|p2a: Bass Pro|Jet Punch|p1b: Dondozo\n|-end|p1b: Dondozo|Substitute\n|move|p1b: Dondozo|Substitute|p1b: Dondozo\n|-start|p1b: Dondozo|Substitute\n|-damage|p1b: Dondozo|51\/100\n|move|p2b: Shroob|Pollen Puff|p1b: Dondozo\n|-resisted|p1b: Dondozo\n|-activate|p1b: Dondozo|move: Substitute|[damage]\n|\n|-heal|p1b: Dondozo|57\/100|[from] item: Leftovers\n|upkeep\n|turn|12\n|\n|t:|1682142841\n|move|p1b: Dondozo|Protect|p1b: Dondozo\n|-singleturn|p1b: Dondozo|Protect\n|move|p2a: Bass Pro|Jet Punch|p1b: Dondozo\n|-activate|p1b: Dondozo|move: Protect\n|move|p2b: Shroob|Pollen Puff|p1b: Dondozo\n|-activate|p1b: Dondozo|move: Protect\n|\n|-heal|p1b: Dondozo|64\/100|[from] item: Leftovers\n|upkeep\n|turn|13\n|\n|t:|1682142853\n|move|p2a: Bass Pro|Jet Punch|p1b: Dondozo\n|-end|p1b: Dondozo|Substitute\n|move|p1b: Dondozo|Fissure|p2a: Bass Pro\n|-damage|p2a: Bass Pro|0 fnt\n|faint|p2a: Bass Pro\n|-ohko\n|move|p2b: Shroob|Pollen Puff|p1b: Dondozo\n|-resisted|p1b: Dondozo\n|-damage|p1b: Dondozo|56\/100\n|\n|-heal|p1b: Dondozo|62\/100|[from] item: Leftovers\n|upkeep\n|turn|14\n|-message|Xenizen forfeited.\n|\n|win|723m\n|raw|723m's rating: 1219 → 1239<\/strong> (+20 for winning)\n|raw|Xenizen's rating: 1142 → 1122<\/strong> (-20 for losing)\n","uploadtime":1682142869,"views":14,"p1id":"723m","p2id":"xenizen","formatid":"gen9vgc2023regulationc","rating":1122,"private":0,"password":""}