{"id":"gen9vgc2023regulationc-1858987149","p1":"LasermanZ111","p2":"WithAnE","format":"[Gen 9] VGC 2023 Regulation C","log":"|j|\u2606LasermanZ111\n|j|\u2606WithAnE\n|t:|1683391305\n|gametype|doubles\n|player|p1|LasermanZ111|red|1348\n|player|p2|WithAnE|101|1353\n|teamsize|p1|6\n|teamsize|p2|6\n|gen|9\n|tier|[Gen 9] VGC 2023 Regulation C\n|rated|\n|rule|Species Clause: Limit one of each Pok\u00e9mon\n|rule|Item Clause: Limit one of each item\n|clearpoke\n|poke|p1|Chi-Yu, L50|\n|poke|p1|Flutter Mane, L50|\n|poke|p1|Corviknight, L50, M|\n|poke|p1|Abomasnow, L50, M|\n|poke|p1|Iron Hands, L50|\n|poke|p1|Gyarados, L50, M|\n|poke|p2|Flutter Mane, L50|\n|poke|p2|Chi-Yu, L50|\n|poke|p2|Roaring Moon, L50|\n|poke|p2|Jumpluff, L50, M|\n|poke|p2|Wo-Chien, L50|\n|poke|p2|Torkoal, L50, F|\n|teampreview|4\n|inactive|Battle timer is ON: inactive players will automatically lose when time's up. (requested by WithAnE)\nLasermanZ111 has agreed to open team sheets.\n|inactive|LasermanZ111 has 60 seconds left.\n|inactive|LasermanZ111 has 30 seconds left.\n|inactive|LasermanZ111 has 20 seconds left.\n|inactive|LasermanZ111 has 15 seconds left.\n|\n|t:|1683391388\n|start\n|switch|p1a: Chi-Yu|Chi-Yu, L50|100\/100\n|switch|p1b: Corviknight|Corviknight, L50, M|100\/100\n|switch|p2a: Silee|Flutter Mane, L50|100\/100\n|switch|p2b: Wo|Wo-Chien, L50|100\/100\n|-ability|p1a: Chi-Yu|Beads of Ruin\n|-ability|p2b: Wo|Tablets of Ruin\n|turn|1\n|\n|t:|1683391410\n|-terastallize|p1b: Corviknight|Fire\n|-terastallize|p2a: Silee|Grass\n|move|p1a: Chi-Yu|Protect|p1a: Chi-Yu\n|-singleturn|p1a: Chi-Yu|Protect\n|move|p1b: Corviknight|Tailwind|p1b: Corviknight\n|-sidestart|p1: LasermanZ111|move: Tailwind\n|move|p2b: Wo|Leaf Storm|p1a: Chi-Yu\n|-activate|p1a: Chi-Yu|move: Protect\n|move|p2a: Silee|Trick Room|p2a: Silee\n|-fieldstart|move: Trick Room|[of] p2a: Silee\n|\n|upkeep\n|turn|2\n|c|\u2606LasermanZ111|really\n|inactive|LasermanZ111 has 30 seconds left.\n|\n|t:|1683391440\n|move|p2a: Silee|Shadow Ball|p1b: Corviknight\n|-damage|p1b: Corviknight|52\/100\n|move|p2b: Wo|Leaf Storm|p1b: Corviknight\n|-resisted|p1b: Corviknight\n|-crit|p1b: Corviknight\n|-damage|p1b: Corviknight|0 fnt\n|-unboost|p2b: Wo|spa|2\n|-enditem|p2b: Wo|Eject Pack\n|faint|p1b: Corviknight\n|c|\u2606WithAnE|daaaaaaamn\n|\n|t:|1683391451\n|switch|p2b: Gorp|Torkoal, L50, F|100\/100\n|-weather|SunnyDay|[from] ability: Drought|[of] p2b: Gorp\n|-activate|p2a: Silee|ability: Protosynthesis\n|-start|p2a: Silee|protosynthesisspa\n|move|p1a: Chi-Yu|Heat Wave|p2a: Silee|[spread] p2a\n|-miss|p1a: Chi-Yu|p2b: Gorp\n|-supereffective|p2a: Silee\n|-damage|p2a: Silee|0 fnt\n|faint|p2a: Silee\n|-end|p2a: Silee|Protosynthesis|[silent]\n|-damage|p1a: Chi-Yu|91\/100|[from] item: Life Orb\n|\n|-weather|SunnyDay|[upkeep]\n|upkeep\n|c|\u2606LasermanZ111|are you serious\n|\n|t:|1683391464\n|switch|p1b: Abomasnow|Abomasnow, L50, M|100\/100\n|switch|p2a: Wo|Wo-Chien, L50|100\/100\n|-ability|p2a: Wo|Tablets of Ruin\n|-weather|Snow|[from] ability: Snow Warning|[of] p1b: Abomasnow\n|turn|3\n|c|\u2606LasermanZ111|freaking scummy\n|\n|t:|1683391486\n|move|p1b: Abomasnow|Protect|p1b: Abomasnow\n|-singleturn|p1b: Abomasnow|Protect\n|move|p2b: Gorp|Eruption|p1b: Abomasnow|[spread] p1a\n|-activate|p1b: Abomasnow|move: Protect\n|-resisted|p1a: Chi-Yu\n|-damage|p1a: Chi-Yu|50\/100\n|move|p2a: Wo|Dark Pulse|p1a: Chi-Yu\n|-resisted|p1a: Chi-Yu\n|-damage|p1a: Chi-Yu|30\/100\n|move|p1a: Chi-Yu|Heat Wave|p2a: Wo|[spread] p2a,p2b\n|-supereffective|p2a: Wo\n|-resisted|p2b: Gorp\n|-damage|p2a: Wo|9\/100\n|-damage|p2b: Gorp|56\/100\n|-damage|p1a: Chi-Yu|20\/100|[from] item: Life Orb\n|\n|-weather|Snow|[upkeep]\n|upkeep\n|turn|4\n|c|\u2606WithAnE|freaking angry\n|inactive|LasermanZ111 has 30 seconds left.\n|c|\u2606LasermanZ111|I hate gimmicks\n|inactive|LasermanZ111 has 20 seconds left.\n|\n|t:|1683391522\n|move|p1a: Chi-Yu|Protect|p1a: Chi-Yu\n|-singleturn|p1a: Chi-Yu|Protect\n|move|p2b: Gorp|Eruption|p1a: Chi-Yu|[spread] p1b\n|-activate|p1a: Chi-Yu|move: Protect\n|-supereffective|p1b: Abomasnow\n|-enditem|p1b: Abomasnow|Focus Sash\n|-damage|p1b: Abomasnow|1\/100\n|move|p2a: Wo|Pollen Puff|p2b: Gorp\n|-heal|p2b: Gorp|100\/100\n|move|p1b: Abomasnow|Blizzard|p2a: Wo|[spread] p2a,p2b\n|-supereffective|p2a: Wo\n|-resisted|p2b: Gorp\n|-damage|p2a: Wo|0 fnt\n|-damage|p2b: Gorp|70\/100\n|-status|p2b: Gorp|frz\n|faint|p2a: Wo\n|\n|-weather|Snow|[upkeep]\n|-sideend|p1: LasermanZ111|move: Tailwind\n|upkeep\n|c|\u2606WithAnE|good to know\n|\n|t:|1683391535\n|switch|p2a: Chuff|Roaring Moon, L50|100\/100\n|turn|5\n|c|\u2606WithAnE|ill right that down that laserman hates gimmicks\n|\n|t:|1683391557\n|switch|p1a: Gyarados|Gyarados, L50, M|100\/100\n|-ability|p1a: Gyarados|Intimidate|boost\n|-unboost|p2a: Chuff|atk|1\n|-unboost|p2b: Gorp|atk|1\n|move|p2a: Chuff|Protect|p2a: Chuff\n|-singleturn|p2a: Chuff|Protect\n|cant|p2b: Gorp|frz\n|move|p1b: Abomasnow|Blizzard|p2b: Gorp|[spread] p2b\n|-activate|p2a: Chuff|move: Protect\n|-resisted|p2b: Gorp\n|-damage|p2b: Gorp|47\/100 frz\n|\n|-weather|Snow|[upkeep]\n|-fieldend|move: Trick Room\n|upkeep\n|turn|6\n|inactive|LasermanZ111 has 30 seconds left.\n|\n|t:|1683391585\n|move|p1b: Abomasnow|Protect|p1b: Abomasnow\n|-singleturn|p1b: Abomasnow|Protect\n|move|p2a: Chuff|Rock Slide|p1a: Gyarados|[spread] p1a\n|-activate|p1b: Abomasnow|move: Protect\n|-supereffective|p1a: Gyarados\n|-damage|p1a: Gyarados|71\/100\n|move|p1a: Gyarados|Thunder Wave|p2a: Chuff\n|-status|p2a: Chuff|par\n|-curestatus|p2b: Gorp|frz|[msg]\n|move|p2b: Gorp|Eruption|p1b: Abomasnow|[spread] p1a\n|-activate|p1b: Abomasnow|move: Protect\n|-resisted|p1a: Gyarados\n|-damage|p1a: Gyarados|57\/100\n|\n|-weather|Snow|[upkeep]\n|upkeep\n|turn|7\n|\n|t:|1683391602\n|move|p1a: Gyarados|Waterfall|p2b: Gorp\n|-supereffective|p2b: Gorp\n|-damage|p2b: Gorp|0 fnt\n|faint|p2b: Gorp\n|move|p1b: Abomasnow|Blizzard|p2a: Chuff\n|-supereffective|p2a: Chuff\n|-damage|p2a: Chuff|9\/100 par\n|-enditem|p2a: Chuff|Weakness Policy\n|-boost|p2a: Chuff|atk|2|[from] item: Weakness Policy\n|-boost|p2a: Chuff|spa|2|[from] item: Weakness Policy\n|move|p2a: Chuff|Rock Slide|p1a: Gyarados|[spread] p1a\n|-miss|p2a: Chuff|p1b: Abomasnow\n|-supereffective|p1a: Gyarados\n|-damage|p1a: Gyarados|0 fnt\n|faint|p1a: Gyarados\n|\n|-weather|none\n|upkeep\n|\n|t:|1683391616\n|switch|p1a: Chi-Yu|Chi-Yu, L50|20\/100\n|-ability|p1a: Chi-Yu|Beads of Ruin\n|turn|8\n|\n|t:|1683391622\n|move|p1a: Chi-Yu|Dark Pulse|p2a: Chuff\n|-resisted|p2a: Chuff\n|-damage|p2a: Chuff|0 fnt\n|faint|p2a: Chuff\n|-end|p2a: Chuff|Protosynthesis|[silent]\n|-damage|p1a: Chi-Yu|10\/100|[from] item: Life Orb\n|\n|win|LasermanZ111\n|raw|LasermanZ111's rating: 1348 → 1368<\/strong> (+20 for winning)\n|raw|WithAnE's rating: 1353 → 1333<\/strong> (-20 for losing)\n|c|\u2606WithAnE|nice freeeze\n|c|\u2606WithAnE|gg\n|l|\u2606WithAnE\n","uploadtime":1683391629,"views":5,"p1id":"lasermanz111","p2id":"withane","formatid":"gen9vgc2023regulationc","rating":1333,"private":0,"password":""}