{"id":"gen9vgc2023regulationc-1851953248","p1":"PixelMaster98146","p2":"KSunfr","format":"[Gen 9] VGC 2023 Regulation C","log":"|j|\u2606PixelMaster98146\n|j|\u2606KSunfr\n|t:|1682510437\n|gametype|doubles\n|player|p1|PixelMaster98146|palmer|1515\n|player|p2|KSunfr|265|1461\n|teamsize|p1|6\n|teamsize|p2|6\n|gen|9\n|tier|[Gen 9] VGC 2023 Regulation C\n|rated|\n|rule|Species Clause: Limit one of each Pok\u00e9mon\n|rule|Item Clause: Limit one of each item\n|clearpoke\n|poke|p1|Murkrow, L50, M|\n|poke|p1|Baxcalibur, L50, F|\n|poke|p1|Flutter Mane, L50|\n|poke|p1|Ting-Lu, L50|\n|poke|p1|Arcanine, L50, M|\n|poke|p1|Palafin, L50, F|\n|poke|p2|Farigiraf, L50, M|\n|poke|p2|Chi-Yu, L50|\n|poke|p2|Stonjourner, L50, F|\n|poke|p2|Gyarados, L50, M|\n|poke|p2|Flutter Mane, L50|\n|poke|p2|Murkrow, L50, M|\n|teampreview|4\n|inactive|Battle timer is ON: inactive players will automatically lose when time's up. (requested by KSunfr)\nPixelMaster98146 has agreed to open team sheets.\nKSunfr has agreed to open team sheets.\n|inactive|PixelMaster98146 has 60 seconds left.\n|inactive|KSunfr has 60 seconds left.\n|\n|t:|1682510490\n|start\n|switch|p1a: Bowlhead|Ting-Lu, L50|100\/100\n|switch|p1b: Fineas|Palafin, L50, F|100\/100\n|switch|p2a: Chi-Yu|Chi-Yu, L50|100\/100\n|switch|p2b: Stonjourner|Stonjourner, L50, F|100\/100\n|-ability|p2a: Chi-Yu|Beads of Ruin\n|-ability|p1a: Bowlhead|Vessel of Ruin\n|turn|1\n|inactive|KSunfr has 30 seconds left.\n|inactive|KSunfr has 20 seconds left.\n|inactive|KSunfr has 15 seconds left.\n|\n|t:|1682510531\n|detailschange|p1b: Fineas|Palafin-Hero, L50, F\n|switch|p1b: Mischief|Flutter Mane, L50|100\/100\n|-enditem|p1b: Mischief|Booster Energy\n|-activate|p1b: Mischief|ability: Protosynthesis|[fromitem]\n|-start|p1b: Mischief|protosynthesisspa\n|-terastallize|p2a: Chi-Yu|Grass\n|move|p2a: Chi-Yu|Tera Blast|p1a: Bowlhead\n|-supereffective|p1a: Bowlhead\n|-damage|p1a: Bowlhead|11\/100\n|-enditem|p1a: Bowlhead|Sitrus Berry|[eat]\n|-heal|p1a: Bowlhead|36\/100|[from] item: Sitrus Berry\n|move|p2b: Stonjourner|Body Press|p1a: Bowlhead\n|-supereffective|p1a: Bowlhead\n|-damage|p1a: Bowlhead|0 fnt\n|faint|p1a: Bowlhead\n|\n|upkeep\n|\n|t:|1682510555\n|switch|p1a: Baxcalibur|Baxcalibur, L50, F|100\/100\n|turn|2\n|\n|t:|1682510576\n|switch|p2a: Gyarados|Gyarados, L50, M|100\/100\n|-ability|p2a: Gyarados|Intimidate|boost\n|-unboost|p1a: Baxcalibur|atk|1\n|-unboost|p1b: Mischief|atk|1\n|-terastallize|p1a: Baxcalibur|Ground\n|move|p1b: Mischief|Moonblast|p2b: Stonjourner\n|-enditem|p2b: Stonjourner|Focus Sash\n|-damage|p2b: Stonjourner|1\/100\n|move|p1a: Baxcalibur|Icicle Crash|p2a: Gyarados\n|-damage|p2a: Gyarados|59\/100\n|move|p2b: Stonjourner|Stone Edge|p1a: Baxcalibur|[miss]\n|-miss|p2b: Stonjourner|p1a: Baxcalibur\n|\n|upkeep\n|turn|3\n|\n|t:|1682510598\n|move|p2b: Stonjourner|Wide Guard|p2b: Stonjourner\n|-singleturn|p2b: Stonjourner|Wide Guard\n|move|p1a: Baxcalibur|Ice Shard|p2b: Stonjourner\n|-damage|p2b: Stonjourner|0 fnt\n|faint|p2b: Stonjourner\n|move|p1b: Mischief|Moonblast|p2a: Gyarados\n|-damage|p2a: Gyarados|2\/100\n|move|p2a: Gyarados|Waterfall|p1a: Baxcalibur\n|-supereffective|p1a: Baxcalibur\n|-damage|p1a: Baxcalibur|23\/100\n|\n|upkeep\n|\n|t:|1682510609\n|switch|p2b: Farigiraf|Farigiraf, L50, M|100\/100\n|turn|4\n|\n|t:|1682510621\n|switch|p1a: Fineas|Palafin-Hero, L50, F|100\/100\n|-activate|p1a: Fineas|ability: Zero to Hero\n|move|p2a: Gyarados|Protect|p2a: Gyarados\n|-singleturn|p2a: Gyarados|Protect\n|move|p1b: Mischief|Dazzling Gleam|p2b: Farigiraf|[spread] p2b\n|-activate|p2a: Gyarados|move: Protect\n|-damage|p2b: Farigiraf|63\/100\n|move|p2b: Farigiraf|Trick Room|p2b: Farigiraf\n|-fieldstart|move: Trick Room|[of] p2b: Farigiraf\n|\n|upkeep\n|turn|5\n|\n|t:|1682510643\n|move|p2b: Farigiraf|Psychic|p1a: Fineas\n|-damage|p1a: Fineas|65\/100\n|move|p2a: Gyarados|Waterfall|p1b: Mischief\n|-damage|p1b: Mischief|34\/100\n|move|p1a: Fineas|Drain Punch|p2b: Farigiraf\n|-damage|p2b: Farigiraf|22\/100\n|-heal|p1a: Fineas|85\/100|[from] drain|[of] p2b: Farigiraf\n|-damage|p1a: Fineas|69\/100|[from] item: Rocky Helmet|[of] p2b: Farigiraf\n|move|p1b: Mischief|Dazzling Gleam|p2b: Farigiraf|[spread] p2a,p2b\n|-damage|p2a: Gyarados|0 fnt\n|-damage|p2b: Farigiraf|0 fnt\n|faint|p2a: Gyarados\n|faint|p2b: Farigiraf\n|\n|upkeep\n|\n|t:|1682510654\n|switch|p2b: Chi-Yu|Chi-Yu, L50, tera:Grass|100\/100\n|-ability|p2b: Chi-Yu|Beads of Ruin\n|turn|6\n|\n|t:|1682510666\n|move|p1a: Fineas|Drain Punch|p2b: Chi-Yu\n|-damage|p2b: Chi-Yu|32\/100\n|-heal|p1a: Fineas|91\/100|[from] drain|[of] p2b: Chi-Yu\n|move|p2b: Chi-Yu|Heat Wave|p1b: Mischief|[spread] p1a,p1b\n|-resisted|p1a: Fineas\n|-damage|p1a: Fineas|64\/100\n|-damage|p1b: Mischief|0 fnt\n|faint|p1b: Mischief\n|-end|p1b: Mischief|Protosynthesis|[silent]\n|\n|upkeep\n|\n|t:|1682510672\n|switch|p1b: Baxcalibur|Baxcalibur, L50, F, tera:Ground|23\/100\n|turn|7\n|\n|t:|1682510678\n|move|p1b: Baxcalibur|Ice Shard|p2b: Chi-Yu\n|-supereffective|p2b: Chi-Yu\n|-damage|p2b: Chi-Yu|0 fnt\n|faint|p2b: Chi-Yu\n|\n|win|PixelMaster98146\n|raw|PixelMaster98146's rating: 1515 → 1532<\/strong> (+17 for winning)\n|raw|KSunfr's rating: 1461 → 1444<\/strong> (-17 for losing)\n|l|\u2606PixelMaster98146\n|l|\u2606KSunfr\n|j|\u2606PixelMaster98146\n|player|p1|PixelMaster98146|palmer\n","uploadtime":1682510779,"views":9,"p1id":"pixelmaster98146","p2id":"ksunfr","formatid":"gen9vgc2023regulationc","rating":1444,"private":0,"password":""}