{"id":"gen9vgc2023regulationc-1847797487","p1":"MarUvirith2","p2":"KiryaeTest","format":"[Gen 9] VGC 2023 Regulation C","log":"|j|\u2606MarUvirith2\n|j|\u2606KiryaeTest\n|t:|1682002808\n|gametype|doubles\n|player|p1|MarUvirith2|ghetsis-gen5bw|1000\n|player|p2|KiryaeTest|101|1090\n|teamsize|p1|6\n|teamsize|p2|6\n|gen|9\n|tier|[Gen 9] VGC 2023 Regulation C\n|rated|\n|rule|Species Clause: Limit one of each Pok\u00e9mon\n|rule|Item Clause: Limit one of each item\n|clearpoke\n|poke|p1|Great Tusk, L50|\n|poke|p1|Talonflame, L50, M|\n|poke|p1|Chi-Yu, L50|\n|poke|p1|Flutter Mane, L50|\n|poke|p1|Kingambit, L50, M|\n|poke|p1|Iron Bundle, L50|\n|poke|p2|Chi-Yu, L50|\n|poke|p2|Iron Bundle, L50|\n|poke|p2|Flutter Mane, L50|\n|poke|p2|Amoonguss, L50, F|\n|poke|p2|Dragonite, L50, M|\n|poke|p2|Gyarados, L50, F|\n|teampreview|4\n|inactive|Battle timer is ON: inactive players will automatically lose when time's up. (requested by MarUvirith2)\n|\n|t:|1682002873\n|start\n|switch|p1a: Talonflame|Talonflame, L50, M|100\/100\n|switch|p1b: Iron Bundle|Iron Bundle, L50|100\/100\n|switch|p2a: Flutter Mane|Flutter Mane, L50|100\/100\n|switch|p2b: Gyarados|Gyarados, L50, F|100\/100\n|-ability|p2b: Gyarados|Intimidate|boost\n|-unboost|p1a: Talonflame|atk|1\n|-unboost|p1b: Iron Bundle|atk|1\n|-enditem|p1b: Iron Bundle|Booster Energy\n|-activate|p1b: Iron Bundle|ability: Quark Drive|[fromitem]\n|-start|p1b: Iron Bundle|quarkdrivespe\n|turn|1\n|inactive|MarUvirith2 has 30 seconds left.\n|\n|t:|1682002898\n|move|p1b: Iron Bundle|Protect|p1b: Iron Bundle\n|-singleturn|p1b: Iron Bundle|Protect\n|move|p2b: Gyarados|Protect|p2b: Gyarados\n|-singleturn|p2b: Gyarados|Protect\n|move|p1a: Talonflame|Tailwind|p1a: Talonflame\n|-sidestart|p1: MarUvirith2|move: Tailwind\n|move|p2a: Flutter Mane|Power Gem|p1b: Iron Bundle\n|-activate|p1b: Iron Bundle|move: Protect\n|\n|upkeep\n|turn|2\n|inactive|MarUvirith2 has 30 seconds left.\n|inactive|MarUvirith2 has 20 seconds left.\n|inactive|MarUvirith2 has 15 seconds left.\n|\n|t:|1682002939\n|-end|p1b: Iron Bundle|Quark Drive|[silent]\n|switch|p1b: Flutter Mane|Flutter Mane, L50|100\/100\n|-terastallize|p2b: Gyarados|Water\n|move|p1a: Talonflame|Taunt|p2b: Gyarados\n|-start|p2b: Gyarados|move: Taunt\n|move|p2a: Flutter Mane|Power Gem|p1b: Flutter Mane\n|-crit|p1b: Flutter Mane\n|-damage|p1b: Flutter Mane|30\/100\n|move|p2b: Gyarados|Waterfall|p1a: Talonflame\n|-supereffective|p1a: Talonflame\n|-damage|p1a: Talonflame|0 fnt\n|faint|p1a: Talonflame\n|\n|upkeep\n|\n|t:|1682002954\n|switch|p1a: Iron Bundle|Iron Bundle, L50|100\/100\n|turn|3\n|\n|t:|1682002972\n|-end|p2a: Flutter Mane|Protosynthesis|[silent]\n|switch|p2a: Chi-Yu|Chi-Yu, L50|100\/100\n|-ability|p2a: Chi-Yu|Beads of Ruin\n|move|p1a: Iron Bundle|Freeze-Dry|p2b: Gyarados\n|-supereffective|p2b: Gyarados\n|-damage|p2b: Gyarados|28\/100\n|move|p1b: Flutter Mane|Shadow Ball|p2a: Chi-Yu\n|-resisted|p2a: Chi-Yu\n|-damage|p2a: Chi-Yu|62\/100\n|move|p2b: Gyarados|Iron Head|p1b: Flutter Mane\n|-supereffective|p1b: Flutter Mane\n|-damage|p1b: Flutter Mane|0 fnt\n|faint|p1b: Flutter Mane\n|-end|p1b: Flutter Mane|Protosynthesis|[silent]\n|\n|upkeep\n|\n|t:|1682002985\n|switch|p1b: Kingambit|Kingambit, L50, M|100\/100\n|turn|4\n|\n|t:|1682003001\n|move|p1a: Iron Bundle|Protect|p1a: Iron Bundle\n|-singleturn|p1a: Iron Bundle|Protect\n|move|p1b: Kingambit|Sucker Punch|p2b: Gyarados\n|-damage|p2b: Gyarados|0 fnt\n|faint|p2b: Gyarados\n|move|p2a: Chi-Yu|Heat Wave|p1a: Iron Bundle|[spread] p1b\n|-activate|p1a: Iron Bundle|move: Protect\n|-supereffective|p1b: Kingambit\n|-damage|p1b: Kingambit|33\/100\n|\n|-sideend|p1: MarUvirith2|move: Tailwind\n|upkeep\n|\n|t:|1682003013\n|switch|p2b: Flutter Mane|Flutter Mane, L50|100\/100\n|turn|5\n|inactive|MarUvirith2 has 30 seconds left.\n|inactive|MarUvirith2 has 20 seconds left.\n|inactive|MarUvirith2 has 15 seconds left.\n|inactive|MarUvirith2 has 10 seconds left.\n|inactive|MarUvirith2 has 5 seconds left.\n|\n|t:|1682003067\n|-terastallize|p1a: Iron Bundle|Ghost\n|move|p2a: Chi-Yu|Protect|p2a: Chi-Yu\n|-singleturn|p2a: Chi-Yu|Protect\n|move|p1a: Iron Bundle|Hydro Pump|p2a: Chi-Yu\n|-activate|p2a: Chi-Yu|move: Protect\n|move|p2b: Flutter Mane|Moonblast|p1a: Iron Bundle\n|-damage|p1a: Iron Bundle|0 fnt\n|faint|p1a: Iron Bundle\n|-end|p1a: Iron Bundle|Quark Drive|[silent]\n|move|p1b: Kingambit|Iron Head|p2b: Flutter Mane\n|-supereffective|p2b: Flutter Mane\n|-damage|p2b: Flutter Mane|0 fnt\n|faint|p2b: Flutter Mane\n|-end|p2b: Flutter Mane|Protosynthesis|[silent]\n|\n|upkeep\n|-message|MarUvirith2 forfeited.\n|\n|win|KiryaeTest\n|raw|MarUvirith2's rating: 1000 → 1000<\/strong> (+0 for losing)\n|raw|KiryaeTest's rating: 1090 → 1110<\/strong> (+20 for winning)\n|l|\u2606MarUvirith2\n|l|\u2606KiryaeTest\n|j|\u2606KiryaeTest\n|player|p2|KiryaeTest|101\n","uploadtime":1682003119,"views":7,"p1id":"maruvirith2","p2id":"kiryaetest","formatid":"gen9vgc2023regulationc","rating":1000,"private":0,"password":""}