{"id":"gen9vgc2023regulationc-1861854970","p1":"Pecurto23","p2":"SL1D","format":"[Gen 9] VGC 2023 Regulation C","log":"|j|\u2606Pecurto23\n|j|\u2606SL1D\n|t:|1683815225\n|gametype|doubles\n|player|p1|Pecurto23|barry|1386\n|player|p2|SL1D|palmer|1313\n|teamsize|p1|6\n|teamsize|p2|6\n|gen|9\n|tier|[Gen 9] VGC 2023 Regulation C\n|rated|\n|rule|Species Clause: Limit one of each Pok\u00e9mon\n|rule|Item Clause: Limit one of each item\n|clearpoke\n|poke|p1|Ting-Lu, L50|\n|poke|p1|Arcanine, L50, M|\n|poke|p1|Amoonguss, L50, F|\n|poke|p1|Palafin, L50, F|\n|poke|p1|Baxcalibur, L50, M|\n|poke|p1|Flutter Mane, L50|\n|poke|p2|Haxorus, L50, M|\n|poke|p2|Murkrow, L50, F|\n|poke|p2|Gholdengo, L50|\n|poke|p2|Maushold, L50|\n|poke|p2|Annihilape, L50, M|\n|poke|p2|Glimmora, L50, M|\n|teampreview|4\n|inactive|Battle timer is ON: inactive players will automatically lose when time's up. (requested by SL1D)\n|inactive|Pecurto23 has 60 seconds left.\n|inactive|Pecurto23 has 30 seconds left.\n|inactive|Pecurto23 has 20 seconds left.\n|\n|t:|1683815298\n|start\n|switch|p1a: Ronielson|Palafin, L50, F|100\/100\n|switch|p1b: AbelFerreira|Baxcalibur, L50, M, shiny|100\/100\n|switch|p2a: Murkrow|Murkrow, L50, F|100\/100\n|switch|p2b: Gholdengo|Gholdengo, L50|100\/100\n|turn|1\n|inactive|Pecurto23 has 30 seconds left.\n|\n|t:|1683815330\n|detailschange|p1a: Ronielson|Palafin-Hero, L50, F\n|switch|p1a: Deyverson|Ting-Lu, L50|100\/100\n|-ability|p1a: Deyverson|Vessel of Ruin\n|move|p1b: AbelFerreira|Protect|p1b: AbelFerreira\n|-singleturn|p1b: AbelFerreira|Protect\n|move|p2a: Murkrow|Tailwind|p2a: Murkrow\n|-sidestart|p2: SL1D|move: Tailwind\n|move|p2b: Gholdengo|Make It Rain|p1a: Deyverson|[spread] p1a\n|-activate|p1b: AbelFerreira|move: Protect\n|-damage|p1a: Deyverson|76\/100\n|-unboost|p2b: Gholdengo|spa|1\n|\n|upkeep\n|turn|2\n|inactive|Pecurto23 has 30 seconds left.\n|inactive|Pecurto23 has 20 seconds left.\n|inactive|Pecurto23 has 15 seconds left.\n|inactive|Pecurto23 has 10 seconds left.\n|\n|t:|1683815378\n|-terastallize|p1b: AbelFerreira|Poison\n|move|p2a: Murkrow|Haze|p2a: Murkrow\n|-clearallboost\n|move|p1b: AbelFerreira|Ice Shard|p2a: Murkrow\n|-supereffective|p2a: Murkrow\n|-damage|p2a: Murkrow|0 fnt\n|faint|p2a: Murkrow\n|move|p2b: Gholdengo|Make It Rain|p1b: AbelFerreira|[spread] p1a,p1b\n|-damage|p1a: Deyverson|52\/100\n|-damage|p1b: AbelFerreira|48\/100\n|-unboost|p2b: Gholdengo|spa|1\n|move|p1a: Deyverson|Heavy Slam|p2b: Gholdengo\n|-resisted|p2b: Gholdengo\n|-damage|p2b: Gholdengo|79\/100\n|\n|upkeep\n|\n|t:|1683815395\n|switch|p2a: Haxorus|Haxorus, L50, M, shiny|100\/100\n|-ability|p2a: Haxorus|Mold Breaker\n|turn|3\n|inactive|SL1D has 30 seconds left.\n|\n|t:|1683815422\n|switch|p2b: Annihilape|Annihilape, L50, M|100\/100\n|move|p1b: AbelFerreira|Protect|p1b: AbelFerreira\n|-singleturn|p1b: AbelFerreira|Protect\n|move|p2a: Haxorus|Earthquake|p1a: Deyverson|[spread] p2b,p1a\n|-activate|p1b: AbelFerreira|move: Protect\n|-damage|p2b: Annihilape|72\/100\n|-damage|p1a: Deyverson|32\/100\n|move|p1a: Deyverson|Ruination|p2a: Haxorus\n|-damage|p2a: Haxorus|50\/100\n|\n|-heal|p2b: Annihilape|78\/100|[from] item: Leftovers\n|upkeep\n|turn|4\n|inactive|Pecurto23 has 30 seconds left.\n|inactive|Pecurto23 has 20 seconds left.\n|inactive|Pecurto23 has 15 seconds left.\n|inactive|Pecurto23 has 10 seconds left.\n|inactive|Pecurto23 has 5 seconds left.\n|\n|t:|1683815474\n|move|p2a: Haxorus|Protect|p2a: Haxorus\n|-singleturn|p2a: Haxorus|Protect\n|move|p1b: AbelFerreira|Ice Shard|p2a: Haxorus\n|-activate|p2a: Haxorus|move: Protect\n|move|p2b: Annihilape|Drain Punch|p1a: Deyverson\n|-supereffective|p1a: Deyverson\n|-damage|p1a: Deyverson|0 fnt\n|-heal|p2b: Annihilape|96\/100|[from] drain|[of] p1a: Deyverson\n|faint|p1a: Deyverson\n|\n|-heal|p2b: Annihilape|100\/100|[from] item: Leftovers\n|-sideend|p2: SL1D|move: Tailwind\n|upkeep\n|\n|t:|1683815487\n|switch|p1a: Valdivia|Flutter Mane, L50, shiny|100\/100\n|turn|5\n|\n|t:|1683815507\n|-end|p1a: Valdivia|Protosynthesis|[silent]\n|switch|p1a: Ronielson|Palafin-Hero, L50, F|100\/100\n|-activate|p1a: Ronielson|ability: Zero to Hero\n|switch|p2a: Gholdengo|Gholdengo, L50|79\/100\n|-terastallize|p2b: Annihilape|Fire\n|move|p1b: AbelFerreira|Glaive Rush|p2a: Gholdengo\n|-resisted|p2a: Gholdengo\n|-damage|p2a: Gholdengo|37\/100\n|-singlemove|p1b: AbelFerreira|Glaive Rush|[silent]\n|move|p2b: Annihilape|Rage Fist|p1a: Ronielson\n|-damage|p1a: Ronielson|61\/100\n|\n|upkeep\n|turn|6\n|\n|t:|1683815524\n|move|p1b: AbelFerreira|Protect|p1b: AbelFerreira\n|-singleturn|p1b: AbelFerreira|Protect\n|move|p2b: Annihilape|Protect|p2b: Annihilape\n|-singleturn|p2b: Annihilape|Protect\n|move|p1a: Ronielson|Jet Punch|p2a: Gholdengo\n|-damage|p2a: Gholdengo|0 fnt\n|faint|p2a: Gholdengo\n|\n|upkeep\n|\n|t:|1683815531\n|switch|p2a: Haxorus|Haxorus, L50, M, shiny|50\/100\n|-ability|p2a: Haxorus|Mold Breaker\n|turn|7\n|\n|t:|1683815546\n|move|p1b: AbelFerreira|Ice Shard|p2a: Haxorus\n|-supereffective|p2a: Haxorus\n|-damage|p2a: Haxorus|0 fnt\n|faint|p2a: Haxorus\n|move|p1a: Ronielson|Wave Crash|p2b: Annihilape\n|-supereffective|p2b: Annihilape\n|-damage|p2b: Annihilape|0 fnt\n|faint|p2b: Annihilape\n|-damage|p1a: Ronielson|26\/100|[from] Recoil\n|\n|win|Pecurto23\n|raw|Pecurto23's rating: 1386 → 1402<\/strong> (+16 for winning)\n|raw|SL1D's rating: 1313 → 1297<\/strong> (-16 for losing)\n|l|\u2606SL1D\n","uploadtime":1683815565,"views":13,"p1id":"pecurto23","p2id":"sl1d","formatid":"gen9vgc2023regulationc","rating":1297,"private":0,"password":""}