{"id":"gen9vgc2023regulationc-1852190388","p1":"AnthonyL","p2":"willz_vgc","format":"[Gen 9] VGC 2023 Regulation C","log":"|j|\u2606AnthonyL\n|j|\u2606willz_vgc\n|t:|1682531585\n|gametype|doubles\n|player|p1|AnthonyL|169|1355\n|player|p2|willz_vgc|101|1339\n|teamsize|p1|6\n|teamsize|p2|6\n|gen|9\n|tier|[Gen 9] VGC 2023 Regulation C\n|rated|\n|rule|Species Clause: Limit one of each Pok\u00e9mon\n|rule|Item Clause: Limit one of each item\n|clearpoke\n|poke|p1|Garchomp, L50, M|\n|poke|p1|Gyarados, L50, F|\n|poke|p1|Amoonguss, L50, F|\n|poke|p1|Corviknight, L50, M|\n|poke|p1|Chi-Yu, L50|\n|poke|p1|Flutter Mane, L50|\n|poke|p2|Iron Hands, L50|\n|poke|p2|Gyarados, L50, F|\n|poke|p2|Flutter Mane, L50|\n|poke|p2|Amoonguss, L50, F|\n|poke|p2|Chien-Pao, L50|\n|poke|p2|Gholdengo, L50|\n|teampreview|4\n|inactive|Battle timer is ON: inactive players will automatically lose when time's up. (requested by AnthonyL)\nAnthonyL has agreed to open team sheets.\nwillz_vgc has agreed to open team sheets.\n|inactive|willz_vgc has 60 seconds left.\n|inactive|willz_vgc has 30 seconds left.\n|inactive|willz_vgc has 20 seconds left.\n|inactive|willz_vgc has 15 seconds left.\n|inactive|willz_vgc has 10 seconds left.\n|\n|t:|1682531672\n|start\n|switch|p1a: Garchomp|Garchomp, L50, M|100\/100\n|switch|p1b: Corviknight|Corviknight, L50, M|100\/100\n|switch|p2a: Gyarados|Gyarados, L50, F|100\/100\n|switch|p2b: Gholdengo|Gholdengo, L50|100\/100\n|-ability|p2a: Gyarados|Intimidate|boost\n|-fail|p1a: Garchomp|unboost|[from] item: Clear Amulet|[of] p1a: Garchomp\n|-ability|p1b: Corviknight|Mirror Armor\n|-unboost|p2a: Gyarados|atk|1\n|turn|1\n|inactive|willz_vgc has 30 seconds left.\n|inactive|willz_vgc has 20 seconds left.\n|inactive|willz_vgc has 15 seconds left.\n|inactive|willz_vgc has 10 seconds left.\n|\n|t:|1682531719\n|-terastallize|p2b: Gholdengo|Water\n|move|p1a: Garchomp|Protect|p1a: Garchomp\n|-singleturn|p1a: Garchomp|Protect\n|move|p2b: Gholdengo|Shadow Ball|p1a: Garchomp\n|-activate|p1a: Garchomp|move: Protect\n|move|p2a: Gyarados|Waterfall|p1a: Garchomp\n|-activate|p1a: Garchomp|move: Protect\n|move|p1b: Corviknight|Tailwind|p1b: Corviknight\n|-sidestart|p1: AnthonyL|move: Tailwind\n|\n|upkeep\n|turn|2\n|\n|t:|1682531738\n|move|p1a: Garchomp|Rock Slide|p2b: Gholdengo|[spread] p2a,p2b\n|-supereffective|p2a: Gyarados\n|-damage|p2a: Gyarados|57\/100\n|-damage|p2b: Gholdengo|82\/100\n|move|p1b: Corviknight|Brave Bird|p2b: Gholdengo\n|-damage|p2b: Gholdengo|49\/100\n|-damage|p1b: Corviknight|91\/100|[from] Recoil\n|move|p2b: Gholdengo|Shadow Ball|p1a: Garchomp\n|-damage|p1a: Garchomp|55\/100\n|move|p2a: Gyarados|Waterfall|p1a: Garchomp\n|-damage|p1a: Garchomp|26\/100\n|-damage|p2a: Gyarados|45\/100|[from] ability: Rough Skin|[of] p1a: Garchomp\n|\n|-heal|p2b: Gholdengo|55\/100|[from] item: Leftovers\n|upkeep\n|turn|3\n|inactive|willz_vgc has 30 seconds left.\n|inactive|willz_vgc has 20 seconds left.\n|\n|t:|1682531774\n|move|p2a: Gyarados|Protect|p2a: Gyarados\n|-singleturn|p2a: Gyarados|Protect\n|move|p1a: Garchomp|Rock Slide|p2b: Gholdengo|[spread] p2b\n|-activate|p2a: Gyarados|move: Protect\n|-damage|p2b: Gholdengo|37\/100\n|move|p1b: Corviknight|Brave Bird|p2a: Gyarados\n|-activate|p2a: Gyarados|move: Protect\n|cant|p2b: Gholdengo|flinch\n|\n|-heal|p2b: Gholdengo|43\/100|[from] item: Leftovers\n|upkeep\n|turn|4\n|\n|t:|1682531792\n|switch|p2a: Iron Hands|Iron Hands, L50|100\/100\n|move|p2b: Gholdengo|Protect|p2b: Gholdengo\n|-singleturn|p2b: Gholdengo|Protect\n|move|p1a: Garchomp|Rock Slide|p2b: Gholdengo|[spread] p2a\n|-activate|p2b: Gholdengo|move: Protect\n|-resisted|p2a: Iron Hands\n|-damage|p2a: Iron Hands|94\/100\n|move|p1b: Corviknight|Brave Bird|p2a: Iron Hands\n|-damage|p2a: Iron Hands|71\/100\n|-damage|p1b: Corviknight|82\/100|[from] Recoil\n|\n|-heal|p2b: Gholdengo|49\/100|[from] item: Leftovers\n|-sideend|p1: AnthonyL|move: Tailwind\n|upkeep\n|turn|5\n|inactive|willz_vgc has 30 seconds left.\n|inactive|willz_vgc has 20 seconds left.\n|\n|t:|1682531830\n|move|p1a: Garchomp|Protect|p1a: Garchomp\n|-singleturn|p1a: Garchomp|Protect\n|move|p2a: Iron Hands|Fake Out|p1b: Corviknight\n|-resisted|p1b: Corviknight\n|-damage|p1b: Corviknight|76\/100\n|move|p2b: Gholdengo|Nasty Plot|p2b: Gholdengo\n|-boost|p2b: Gholdengo|spa|2\n|cant|p1b: Corviknight|flinch\n|\n|-heal|p2b: Gholdengo|55\/100|[from] item: Leftovers\n|upkeep\n|turn|6\n|inactive|AnthonyL has 30 seconds left.\n|\n|t:|1682531856\n|-end|p2a: Iron Hands|Quark Drive|[silent]\n|switch|p2a: Gyarados|Gyarados, L50, F|45\/100\n|-ability|p2a: Gyarados|Intimidate|boost\n|-fail|p1a: Garchomp|unboost|[from] item: Clear Amulet|[of] p1a: Garchomp\n|-ability|p1b: Corviknight|Mirror Armor\n|-unboost|p2a: Gyarados|atk|1\n|move|p1a: Garchomp|Rock Slide|p2a: Gyarados|[spread] p2a,p2b\n|-supereffective|p2a: Gyarados\n|-damage|p2a: Gyarados|6\/100\n|-damage|p2b: Gholdengo|38\/100\n|cant|p2b: Gholdengo|flinch\n|move|p1b: Corviknight|Brave Bird|p2b: Gholdengo\n|-damage|p2b: Gholdengo|4\/100\n|-damage|p1b: Corviknight|66\/100|[from] Recoil\n|\n|-heal|p2b: Gholdengo|10\/100|[from] item: Leftovers\n|upkeep\n|turn|7\n|c|\u2606willz_vgc|Lucky prick\n|-message|willz_vgc forfeited.\n|\n|win|AnthonyL\n|raw|AnthonyL's rating: 1355 → 1374<\/strong> (+19 for winning)\n|raw|willz_vgc's rating: 1339 → 1320<\/strong> (-19 for losing)\n|l|\u2606willz_vgc\n|c|\u2606AnthonyL|lol\n","uploadtime":1682531891,"views":9,"p1id":"anthonyl","p2id":"willzvgc","formatid":"gen9vgc2023regulationc","rating":1320,"private":0,"password":""}