{"id":"gen9vgc2023regulationc-1855744761","p1":"josephistoocool","p2":"ThatGuyTi","format":"[Gen 9] VGC 2023 Regulation C","log":"|j|\u2606josephistoocool\n|j|\u2606ThatGuyTi\n|t:|1682979215\n|gametype|doubles\n|player|p1|josephistoocool|2|1119\n|player|p2|ThatGuyTi|lance|1182\n|teamsize|p1|6\n|teamsize|p2|6\n|gen|9\n|tier|[Gen 9] VGC 2023 Regulation C\n|rated|\n|rule|Species Clause: Limit one of each Pok\u00e9mon\n|rule|Item Clause: Limit one of each item\n|clearpoke\n|poke|p1|Iron Jugulis, L50|\n|poke|p1|Tyranitar, L50, M|\n|poke|p1|Hatterene, L50, F|\n|poke|p1|Amoonguss, L50, F|\n|poke|p1|Ceruledge, L50, M|\n|poke|p1|Gastrodon, L50, F|\n|poke|p2|Chien-Pao, L50|\n|poke|p2|Arcanine, L50, F|\n|poke|p2|Amoonguss, L50, F|\n|poke|p2|Hydreigon, L50, F|\n|poke|p2|Palafin, L50, F|\n|poke|p2|Flutter Mane, L50|\n|teampreview|4\n|\n|t:|1682979240\n|start\n|switch|p1a: Amoonguss|Amoonguss, L50, F|100\/100\n|switch|p1b: Hatterene|Hatterene, L50, F|100\/100\n|switch|p2a: Chien-Pao|Chien-Pao, L50|100\/100\n|switch|p2b: Arcanine|Arcanine, L50, F|100\/100\n|-ability|p2a: Chien-Pao|Sword of Ruin\n|-ability|p2b: Arcanine|Intimidate|boost\n|-unboost|p1a: Amoonguss|atk|1\n|-unboost|p1b: Hatterene|atk|1\n|turn|1\n|\n|t:|1682979266\n|-terastallize|p1a: Amoonguss|Water\n|move|p1a: Amoonguss|Rage Powder|p1a: Amoonguss\n|-singleturn|p1a: Amoonguss|move: Rage Powder\n|move|p2a: Chien-Pao|Ice Spinner|p1a: Amoonguss\n|-resisted|p1a: Amoonguss\n|-damage|p1a: Amoonguss|79\/100\n|move|p2b: Arcanine|Flare Blitz|p1b: Hatterene\n|-damage|p1b: Hatterene|16\/100\n|-damage|p2b: Arcanine|74\/100|[from] Recoil\n|move|p1b: Hatterene|Trick Room|p1b: Hatterene\n|-fieldstart|move: Trick Room|[of] p1b: Hatterene\n|\n|upkeep\n|turn|2\n|\n|t:|1682979303\n|move|p1b: Hatterene|Protect|p1b: Hatterene\n|-singleturn|p1b: Hatterene|Protect\n|move|p2a: Chien-Pao|Protect|p2a: Chien-Pao\n|-singleturn|p2a: Chien-Pao|Protect\n|move|p2b: Arcanine|Extreme Speed|p1b: Hatterene\n|-activate|p1b: Hatterene|move: Protect\n|move|p1a: Amoonguss|Spore|p2a: Chien-Pao\n|-activate|p2a: Chien-Pao|move: Protect\n|\n|upkeep\n|turn|3\n|\n|t:|1682979326\n|switch|p1b: Tyranitar|Tyranitar, L50, M|100\/100\n|-weather|Sandstorm|[from] ability: Sand Stream|[of] p1b: Tyranitar\n|switch|p2a: Amoonguss|Amoonguss, L50, F, shiny|100\/100\n|move|p2b: Arcanine|Extreme Speed|p1b: Tyranitar\n|-resisted|p1b: Tyranitar\n|-damage|p1b: Tyranitar|90\/100\n|move|p1a: Amoonguss|Spore|p2a: Amoonguss\n|-immune|p2a: Amoonguss\n|\n|-weather|Sandstorm|[upkeep]\n|-damage|p1a: Amoonguss|73\/100|[from] Sandstorm\n|-damage|p2a: Amoonguss|95\/100|[from] Sandstorm\n|upkeep\n|turn|4\n|\n|t:|1682979369\n|switch|p1a: Gastrodon|Gastrodon, L50, F|100\/100\n|switch|p1b: Hatterene|Hatterene, L50, F|16\/100\n|move|p2a: Amoonguss|Rage Powder|p2a: Amoonguss\n|-singleturn|p2a: Amoonguss|move: Rage Powder\n|move|p2b: Arcanine|Close Combat|p1b: Hatterene\n|-resisted|p1b: Hatterene\n|-damage|p1b: Hatterene|4\/100\n|-unboost|p2b: Arcanine|def|1\n|-unboost|p2b: Arcanine|spd|1\n|\n|-weather|Sandstorm|[upkeep]\n|-damage|p1b: Hatterene|0 fnt|[from] Sandstorm\n|-damage|p2a: Amoonguss|89\/100|[from] Sandstorm\n|faint|p1b: Hatterene\n|upkeep\n|\n|t:|1682979385\n|switch|p1b: Tyranitar|Tyranitar, L50, M|90\/100\n|turn|5\n|\n|t:|1682979401\n|move|p2b: Arcanine|Protect|p2b: Arcanine\n|-singleturn|p2b: Arcanine|Protect\n|move|p2a: Amoonguss|Energy Ball|p1a: Gastrodon\n|-supereffective|p1a: Gastrodon\n|-damage|p1a: Gastrodon|0 fnt\n|faint|p1a: Gastrodon\n|move|p1b: Tyranitar|Rock Slide|p2b: Arcanine|[spread] p2a\n|-activate|p2b: Arcanine|move: Protect\n|-damage|p2a: Amoonguss|60\/100\n|\n|-weather|Sandstorm|[upkeep]\n|-damage|p2a: Amoonguss|54\/100|[from] Sandstorm\n|-fieldend|move: Trick Room\n|upkeep\n|\n|t:|1682979412\n|switch|p1a: Amoonguss|Amoonguss, L50, F, tera:Water|100\/100\n|turn|6\n|-message|josephistoocool forfeited.\n|\n|win|ThatGuyTi\n|raw|josephistoocool's rating: 1119 → 1098<\/strong> (-21 for losing)\n|raw|ThatGuyTi's rating: 1182 → 1203<\/strong> (+21 for winning)\n","uploadtime":1682979433,"views":14,"p1id":"josephistoocool","p2id":"thatguyti","formatid":"gen9vgc2023regulationc","rating":1098,"private":0,"password":""}