{"id":"gen9vgc2023regulationc-1858532162","p1":"LiakosVGC","p2":"pokealex","format":"[Gen 9] VGC 2023 Regulation C","log":"|j|\u2606LiakosVGC\n|j|\u2606pokealex\n|t:|1683322132\n|gametype|doubles\n|player|p1|LiakosVGC|byron|\n|player|p2|pokealex|ruinmaniac-gen6|\n|teamsize|p1|6\n|teamsize|p2|6\n|gen|9\n|tier|[Gen 9] VGC 2023 Regulation C\n|rule|Species Clause: Limit one of each Pok\u00e9mon\n|rule|Item Clause: Limit one of each item\n|clearpoke\n|poke|p1|Amoonguss, L50, M|\n|poke|p1|Chi-Yu, L50|\n|poke|p1|Flutter Mane, L50|\n|poke|p1|Gyarados, L50, M|\n|poke|p1|Garganacl, L50, F|\n|poke|p1|Iron Bundle, L50|\n|poke|p2|Chi-Yu, L50|\n|poke|p2|Flutter Mane, L50|\n|poke|p2|Iron Hands, L50|\n|poke|p2|Kingambit, L50, F|\n|poke|p2|Gyarados, L50, F|\n|poke|p2|Amoonguss, L50, F|\n|teampreview|4\npokealex has agreed to open team sheets.\n|c|\u2606pokealex|\/log pokealex made this room public.\n|j| Yoshiandlugia\n|j| baaaaat_\n|j| Serena\n|j| SteelPupa\nLiakosVGC has agreed to open team sheets.\n|j| Polpolpo\n|j| sdfgsdfgsfgsdf\n|j| TabuVGC\n|j| Muted xd\n|j| holy rats\n|j| Finabas\n|j| Main nami\n|j| ceree\n|j| UberVylit\n|l| Finabas\n|\n|t:|1683323024\n|start\n|switch|p1a: Chi-Yu|Chi-Yu, L50|100\/100\n|switch|p1b: Iron Bundle|Iron Bundle, L50, shiny|100\/100\n|switch|p2a: Flutter Mane|Flutter Mane, L50|100\/100\n|switch|p2b: Chi-Yu|Chi-Yu, L50|100\/100\n|-ability|p2b: Chi-Yu|Beads of Ruin\n|-ability|p1a: Chi-Yu|Beads of Ruin\n|-enditem|p1b: Iron Bundle|Booster Energy\n|-activate|p1b: Iron Bundle|ability: Quark Drive|[fromitem]\n|-start|p1b: Iron Bundle|quarkdrivespe\n|-enditem|p2a: Flutter Mane|Booster Energy\n|-activate|p2a: Flutter Mane|ability: Protosynthesis|[fromitem]\n|-start|p2a: Flutter Mane|protosynthesisspa\n|turn|1\n|j| Finabas\n|j| SvenVGC\n|\n|t:|1683323098\n|move|p1b: Iron Bundle|Protect|p1b: Iron Bundle\n|-singleturn|p1b: Iron Bundle|Protect\n|move|p2b: Chi-Yu|Protect|p2b: Chi-Yu\n|-singleturn|p2b: Chi-Yu|Protect\n|move|p2a: Flutter Mane|Moonblast|p1a: Chi-Yu\n|-damage|p1a: Chi-Yu|36\/100\n|move|p1a: Chi-Yu|Heat Wave|p2b: Chi-Yu|[spread] p2a\n|-activate|p2b: Chi-Yu|move: Protect\n|-crit|p2a: Flutter Mane\n|-damage|p2a: Flutter Mane|3\/100\n|-damage|p1a: Chi-Yu|26\/100|[from] item: Life Orb\n|\n|upkeep\n|turn|2\n|\n|t:|1683323137\n|move|p1b: Iron Bundle|Hydro Pump|p2b: Chi-Yu\n|-supereffective|p2b: Chi-Yu\n|-enditem|p2b: Chi-Yu|Focus Sash\n|-damage|p2b: Chi-Yu|1\/100\n|move|p2a: Flutter Mane|Dazzling Gleam|p1b: Iron Bundle|[spread] p1a,p1b\n|-damage|p1a: Chi-Yu|0 fnt\n|-damage|p1b: Iron Bundle|4\/100\n|faint|p1a: Chi-Yu\n|move|p2b: Chi-Yu|Heat Wave|p1b: Iron Bundle\n|-damage|p1b: Iron Bundle|0 fnt\n|faint|p1b: Iron Bundle\n|-end|p1b: Iron Bundle|Quark Drive|[silent]\n|\n|upkeep\n|\n|t:|1683323146\n|switch|p1b: Amoonguss|Amoonguss, L50, M, shiny|100\/100\n|switch|p1a: Flutter Mane|Flutter Mane, L50|100\/100\n|turn|3\n|c| Muted xd|echenicada\n|\n|t:|1683323177\n|move|p2b: Chi-Yu|Protect|p2b: Chi-Yu\n|-singleturn|p2b: Chi-Yu|Protect\n|move|p1b: Amoonguss|Rage Powder|p1b: Amoonguss\n|-singleturn|p1b: Amoonguss|move: Rage Powder\n|move|p2a: Flutter Mane|Shadow Ball|p1b: Amoonguss\n|-damage|p1b: Amoonguss|36\/100\n|-enditem|p1b: Amoonguss|Sitrus Berry|[eat]\n|-heal|p1b: Amoonguss|61\/100|[from] item: Sitrus Berry\n|move|p1a: Flutter Mane|Dazzling Gleam|p2b: Chi-Yu|[spread] p2a\n|-activate|p2b: Chi-Yu|move: Protect\n|-damage|p2a: Flutter Mane|0 fnt\n|faint|p2a: Flutter Mane\n|-end|p2a: Flutter Mane|Protosynthesis|[silent]\n|\n|upkeep\n|\n|t:|1683323200\n|switch|p2a: Iron Hands|Iron Hands, L50|100\/100\n|turn|4\n|\n|t:|1683323211\n|switch|p2b: Kingambit|Kingambit, L50, F, shiny|100\/100\n|-terastallize|p2a: Iron Hands|Fire\n|move|p1a: Flutter Mane|Dazzling Gleam|p2b: Kingambit|[spread] p2a,p2b\n|-resisted|p2a: Iron Hands\n|-damage|p2a: Iron Hands|84\/100\n|-damage|p2b: Kingambit|72\/100\n|move|p2a: Iron Hands|Swords Dance|p2a: Iron Hands\n|-boost|p2a: Iron Hands|atk|2\n|move|p1b: Amoonguss|Pollen Puff|p2a: Iron Hands\n|-resisted|p2a: Iron Hands\n|-damage|p2a: Iron Hands|77\/100\n|\n|upkeep\n|turn|5\n|c| Main nami|buratino\n|-message|LiakosVGC forfeited.\n|\n|win|pokealex\n|c|\u2606pokealex|ggs\n|c| Main nami|gano un otaku\n|l| holy rats\n|c| Polpolpo|espana\n|c| Muted xd|gg\n|l| Yoshiandlugia\n|l| ceree\n|l| SvenVGC\n|l| Serena\n|l| Muted xd\n|c|\u2606LiakosVGC|ggs\n|l|\u2606pokealex\n|l| UberVylit\n|l| Finabas\n|l| TabuVGC\n|l| SteelPupa\n","uploadtime":1683323252,"views":27,"p1id":"liakosvgc","p2id":"pokealex","formatid":"gen9vgc2023regulationc","rating":0,"private":0,"password":""}