{"id":"gen9vgc2023regulationc-1845248203","p1":"Ricardo Randorez","p2":"SnowConsumer","format":"[Gen 9] VGC 2023 Regulation C","log":"|j|\u2606Ricardo Randorez\n|j|\u2606SnowConsumer\n|t:|1681701809\n|gametype|doubles\n|player|p1|Ricardo Randorez|265|1147\n|player|p2|SnowConsumer|riley|1251\n|teamsize|p1|6\n|teamsize|p2|6\n|gen|9\n|tier|[Gen 9] VGC 2023 Regulation C\n|rated|\n|rule|Species Clause: Limit one of each Pok\u00e9mon\n|rule|Item Clause: Limit one of each item\n|clearpoke\n|poke|p1|Gyarados, L50, F|\n|poke|p1|Arcanine, L50, M|\n|poke|p1|Dragonite, L50, F|\n|poke|p1|Flutter Mane, L50|\n|poke|p1|Volcarona, L50, F|\n|poke|p1|Chien-Pao, L50|\n|poke|p2|Coalossal, L50, M|\n|poke|p2|Torkoal, L50, M|\n|poke|p2|Palafin, L50, M|\n|poke|p2|Ting-Lu, L50|\n|poke|p2|Chi-Yu, L50|\n|poke|p2|Iron Bundle, L50|\n|teampreview|4\n|inactive|Battle timer is ON: inactive players will automatically lose when time's up. (requested by Ricardo Randorez)\n|\n|t:|1681701835\n|start\n|switch|p1a: Gyarados|Gyarados, L50, F|100\/100\n|switch|p1b: Flutter Mane|Flutter Mane, L50|100\/100\n|switch|p2a: Cole|Coalossal, L50, M, shiny|100\/100\n|switch|p2b: Willy|Palafin, L50, M, shiny|100\/100\n|-enditem|p1b: Flutter Mane|Booster Energy\n|-activate|p1b: Flutter Mane|ability: Protosynthesis|[fromitem]\n|-start|p1b: Flutter Mane|protosynthesisspe\n|turn|1\n|\n|t:|1681701857\n|-terastallize|p2a: Cole|Grass\n|move|p1b: Flutter Mane|Energy Ball|p2b: Willy\n|-supereffective|p2b: Willy\n|-damage|p2b: Willy|7\/100\n|move|p2b: Willy|Flip Turn|p2a: Cole\n|-resisted|p2a: Cole\n|-damage|p2a: Cole|91\/100\n|-ability|p2a: Cole|Steam Engine|boost\n|-boost|p2a: Cole|spe|6\n|-enditem|p2a: Cole|Absorb Bulb\n|-boost|p2a: Cole|spa|1|[from] item: Absorb Bulb\n|\n|t:|1681701869\n|detailschange|p2b: Willy|Palafin-Hero, L50, M, shiny\n|switch|p2b: Smiling Snack|Chi-Yu, L50|100\/100|[from] Flip Turn\n|-ability|p2b: Smiling Snack|Beads of Ruin\n|move|p2a: Cole|Heat Wave|p1b: Flutter Mane|[spread] p1a,p1b\n|-resisted|p1a: Gyarados\n|-damage|p1a: Gyarados|74\/100\n|-damage|p1b: Flutter Mane|43\/100\n|-status|p1a: Gyarados|brn\n|move|p1a: Gyarados|Dragon Dance|p1a: Gyarados\n|-boost|p1a: Gyarados|atk|1\n|-boost|p1a: Gyarados|spe|1\n|\n|-damage|p1a: Gyarados|68\/100 brn|[from] brn\n|upkeep\n|turn|2\n|inactive|Ricardo Randorez has 30 seconds left.\n|inactive|Ricardo Randorez has 20 seconds left.\n|inactive|SnowConsumer has 30 seconds left.\n|inactive|Ricardo Randorez has 15 seconds left.\n|inactive|SnowConsumer has 20 seconds left.\n|\n|t:|1681701914\n|move|p2a: Cole|Ancient Power|p1a: Gyarados\n|-supereffective|p1a: Gyarados\n|-damage|p1a: Gyarados|0 fnt\n|faint|p1a: Gyarados\n|move|p1b: Flutter Mane|Moonblast|p2b: Smiling Snack\n|-damage|p2b: Smiling Snack|44\/100\n|-unboost|p2b: Smiling Snack|spa|1\n|move|p2b: Smiling Snack|Overheat|p1b: Flutter Mane\n|-damage|p1b: Flutter Mane|0 fnt\n|-unboost|p2b: Smiling Snack|spa|2\n|faint|p1b: Flutter Mane\n|-end|p1b: Flutter Mane|Protosynthesis|[silent]\n|\n|upkeep\n|\n|t:|1681701928\n|switch|p1b: Chien-Pao|Chien-Pao, L50|100\/100\n|switch|p1a: Dragonite|Dragonite, L50, F|100\/100\n|-ability|p1b: Chien-Pao|Sword of Ruin\n|turn|3\n|\n|t:|1681701941\n|-terastallize|p1a: Dragonite|Normal\n|move|p2b: Smiling Snack|Protect|p2b: Smiling Snack\n|-singleturn|p2b: Smiling Snack|Protect\n|move|p1a: Dragonite|Extreme Speed|p2b: Smiling Snack\n|-activate|p2b: Smiling Snack|move: Protect\n|move|p2a: Cole|Heat Wave|p1b: Chien-Pao|[spread] p1a,p1b\n|-supereffective|p1b: Chien-Pao\n|-crit|p1b: Chien-Pao\n|-damage|p1a: Dragonite|48\/100\n|-enditem|p1b: Chien-Pao|Focus Sash\n|-damage|p1b: Chien-Pao|1\/100\n|move|p1b: Chien-Pao|Ice Spinner|p2a: Cole\n|-supereffective|p2a: Cole\n|-damage|p2a: Cole|9\/100\n|\n|upkeep\n|turn|4\n|inactive|Ricardo Randorez has 30 seconds left.\n|\n|t:|1681701970\n|move|p1a: Dragonite|Extreme Speed|p2b: Smiling Snack\n|-damage|p2b: Smiling Snack|0 fnt\n|faint|p2b: Smiling Snack\n|move|p1b: Chien-Pao|Sucker Punch|p2a: Cole\n|-damage|p2a: Cole|0 fnt\n|faint|p2a: Cole\n|\n|upkeep\n|\n|t:|1681701978\n|switch|p2b: Willy|Palafin-Hero, L50, M, shiny|7\/100\n|switch|p2a: Boops|Iron Bundle, L50, shiny|100\/100\n|-activate|p2b: Willy|ability: Zero to Hero\n|-enditem|p2a: Boops|Booster Energy\n|-activate|p2a: Boops|ability: Quark Drive|[fromitem]\n|-start|p2a: Boops|quarkdrivespe\n|turn|5\n|\n|t:|1681701993\n|move|p1a: Dragonite|Extreme Speed|p2b: Willy\n|-damage|p2b: Willy|0 fnt\n|faint|p2b: Willy\n|move|p1b: Chien-Pao|Sucker Punch|p2a: Boops\n|-damage|p2a: Boops|47\/100\n|move|p2a: Boops|Icy Wind|p1a: Dragonite|[spread] p1a\n|-miss|p2a: Boops|p1b: Chien-Pao\n|-damage|p1a: Dragonite|28\/100\n|-unboost|p1a: Dragonite|spe|1\n|\n|upkeep\n|turn|6\n|\n|t:|1681702007\n|move|p2a: Boops|Protect|p2a: Boops\n|-singleturn|p2a: Boops|Protect\n|move|p1a: Dragonite|Extreme Speed|p2a: Boops\n|-activate|p2a: Boops|move: Protect\n|move|p1b: Chien-Pao|Sucker Punch||[still]\n|-fail|p1b: Chien-Pao\n|\n|upkeep\n|turn|7\n|\n|t:|1681702013\n|move|p1a: Dragonite|Extreme Speed|p2a: Boops\n|-damage|p2a: Boops|0 fnt\n|faint|p2a: Boops\n|-end|p2a: Boops|Quark Drive|[silent]\n|\n|win|Ricardo Randorez\n|raw|Ricardo Randorez's rating: 1147 → 1179<\/strong> (+32 for winning)\n|raw|SnowConsumer's rating: 1251 → 1219<\/strong> (-32 for losing)\n|l|\u2606SnowConsumer\n","uploadtime":1681702022,"views":7,"p1id":"ricardorandorez","p2id":"snowconsumer","formatid":"gen9vgc2023regulationc","rating":1179,"private":0,"password":""}