{"id":"gen9vgc2023regulationc-1850928424","p1":"deathdragon25o","p2":"fatw","format":"[Gen 9] VGC 2023 Regulation C","log":"|j|\u2606deathdragon25o\n|j|\u2606fatw\n|t:|1682383365\n|gametype|doubles\n|player|p1|deathdragon25o|cress|\n|player|p2|fatw|riley|\n|teamsize|p1|6\n|teamsize|p2|6\n|gen|9\n|tier|[Gen 9] VGC 2023 Regulation C\n|rule|Species Clause: Limit one of each Pok\u00e9mon\n|rule|Item Clause: Limit one of each item\n|clearpoke\n|poke|p1|Dondozo, L50, M|\n|poke|p1|Tatsugiri, L50, F|\n|poke|p1|Palossand, L50, F|\n|poke|p1|Toxicroak, L50, F|\n|poke|p1|Brute Bonnet, L50|\n|poke|p1|Sandy Shocks, L50|\n|poke|p2|Ting-Lu, L50|\n|poke|p2|Lucario, L50, M|\n|poke|p2|Meowscarada, L50, M|\n|poke|p2|Dragapult, L50, M|\n|poke|p2|Raichu, L50, F|\n|poke|p2|Gyarados, L50, M|\n|teampreview|4\n|inactive|Battle timer is ON: inactive players will automatically lose when time's up. (requested by deathdragon25o)\n|c|\u2606fatw|should i send or you send\n|inactiveoff|Battle timer is now OFF.\ndeathdragon25o rejected open team sheets.\n|j| LiluziHit\n|c| LiluziHit|hello\n|j| LackieLackey\n|c|\u2606deathdragon25o|shit he counter read me not bringing toarkoal\n|c| LiluziHit|lol\n|c|\u2606fatw|no i just did random crap go brrrr\n|c| LiluziHit|lets gooo edp\n|\n|t:|1682383481\n|start\n|switch|p1a: Dondozo|Dondozo, L50, M|100\/100\n|switch|p1b: Tatsugiri|Tatsugiri, L50, F|100\/100\n|switch|p2a: Dragapult|Dragapult, L50, M, shiny|100\/100\n|switch|p2b: Gyarados|Gyarados, L50, M, shiny|100\/100\n|-activate|p1b: Tatsugiri|ability: Commander|[of] p1a: Dondozo\n|-boost|p1a: Dondozo|atk|2\n|-boost|p1a: Dondozo|spa|2\n|-boost|p1a: Dondozo|spe|2\n|-boost|p1a: Dondozo|def|2\n|-boost|p1a: Dondozo|spd|2\n|-ability|p2b: Gyarados|Intimidate|boost\n|-unboost|p1a: Dondozo|atk|1\n|-unboost|p1b: Tatsugiri|atk|1\n|turn|1\n|c| LiluziHit|void already wrong on 8-0\n|\n|t:|1682383495\n|move|p2b: Gyarados|Protect|p2b: Gyarados\n|-singleturn|p2b: Gyarados|Protect\n|move|p2a: Dragapult|Will-O-Wisp|p1a: Dondozo\n|-status|p1a: Dondozo|brn\n|move|p1a: Dondozo|Ice Fang|p2a: Dragapult\n|-supereffective|p2a: Dragapult\n|-damage|p2a: Dragapult|63\/100\n|\n|-damage|p1a: Dondozo|94\/100 brn|[from] brn\n|upkeep\n|turn|2\n|\n|t:|1682383508\n|move|p2a: Dragapult|Reflect|p2a: Dragapult\n|-sidestart|p2: fatw|Reflect\n|move|p1a: Dondozo|Fissure|p2a: Dragapult|[miss]\n|-miss|p1a: Dondozo|p2a: Dragapult\n|move|p2b: Gyarados|Dragon Dance|p2b: Gyarados\n|-boost|p2b: Gyarados|atk|1\n|-boost|p2b: Gyarados|spe|1\n|\n|-heal|p1a: Dondozo|100\/100 brn|[from] item: Leftovers\n|-damage|p1a: Dondozo|94\/100 brn|[from] brn\n|upkeep\n|turn|3\n|\n|t:|1682383518\n|move|p2a: Dragapult|Protect|p2a: Dragapult\n|-singleturn|p2a: Dragapult|Protect\n|move|p2b: Gyarados|Dragon Dance|p2b: Gyarados\n|-boost|p2b: Gyarados|atk|1\n|-boost|p2b: Gyarados|spe|1\n|move|p1a: Dondozo|Ice Fang|p2b: Gyarados\n|-damage|p2b: Gyarados|90\/100\n|\n|-heal|p1a: Dondozo|100\/100 brn|[from] item: Leftovers\n|-damage|p1a: Dondozo|94\/100 brn|[from] brn\n|upkeep\n|turn|4\n|c| LiluziHit|ngl void u in trouble\n|\n|t:|1682383532\n|move|p2a: Dragapult|Dragon Darts|p1a: Dondozo\n|-damage|p1a: Dondozo|87\/100 brn\n|-anim|p2a: Dragapult|Dragon Darts|p1a: Dondozo\n|-damage|p1a: Dondozo|81\/100 brn\n|move|p2b: Gyarados|Dragon Dance|p2b: Gyarados\n|-boost|p2b: Gyarados|atk|1\n|-boost|p2b: Gyarados|spe|1\n|move|p1a: Dondozo|Ice Fang|p2b: Gyarados\n|-damage|p2b: Gyarados|78\/100\n|\n|-heal|p1a: Dondozo|87\/100 brn|[from] item: Leftovers\n|-damage|p1a: Dondozo|81\/100 brn|[from] brn\n|upkeep\n|turn|5\n|l| LackieLackey\n|\n|t:|1682383549\n|move|p2b: Gyarados|Dragon Dance|p2b: Gyarados\n|-boost|p2b: Gyarados|atk|1\n|-boost|p2b: Gyarados|spe|1\n|move|p2a: Dragapult|Dragon Darts|p1a: Dondozo\n|-damage|p1a: Dondozo|74\/100 brn\n|-anim|p2a: Dragapult|Dragon Darts|p1a: Dondozo\n|-damage|p1a: Dondozo|67\/100 brn\n|move|p1a: Dondozo|Ice Fang|p2b: Gyarados\n|-damage|p2b: Gyarados|67\/100\n|\n|-heal|p1a: Dondozo|73\/100 brn|[from] item: Leftovers\n|-damage|p1a: Dondozo|67\/100 brn|[from] brn\n|upkeep\n|turn|6\n|\n|t:|1682383572\n|move|p2b: Gyarados|Dragon Dance|p2b: Gyarados\n|-boost|p2b: Gyarados|atk|1\n|-boost|p2b: Gyarados|spe|1\n|move|p2a: Dragapult|Dragon Darts|p1a: Dondozo\n|-damage|p1a: Dondozo|61\/100 brn\n|-anim|p2a: Dragapult|Dragon Darts|p1a: Dondozo\n|-damage|p1a: Dondozo|54\/100 brn\n|move|p1a: Dondozo|Fissure|p2a: Dragapult|[miss]\n|-miss|p1a: Dondozo|p2a: Dragapult\n|\n|-heal|p1a: Dondozo|60\/100 brn|[from] item: Leftovers\n|-damage|p1a: Dondozo|54\/100 brn|[from] brn\n|-sideend|p2: fatw|Reflect\n|upkeep\n|turn|7\n|c| LiluziHit|anotha one\n|\n|t:|1682383583\n|move|p2b: Gyarados|Dragon Dance|p2b: Gyarados\n|-boost|p2b: Gyarados|atk|1\n|-boost|p2b: Gyarados|spe|1\n|move|p2a: Dragapult|Dragon Darts|p1a: Dondozo\n|-damage|p1a: Dondozo|48\/100 brn\n|-anim|p2a: Dragapult|Dragon Darts|p1a: Dondozo\n|-damage|p1a: Dondozo|41\/100 brn\n|move|p1a: Dondozo|Stomping Tantrum|p2a: Dragapult\n|-damage|p2a: Dragapult|23\/100\n|-enditem|p2a: Dragapult|Sitrus Berry|[eat]\n|-heal|p2a: Dragapult|48\/100|[from] item: Sitrus Berry\n|\n|-heal|p1a: Dondozo|48\/100 brn|[from] item: Leftovers\n|-damage|p1a: Dondozo|41\/100 brn|[from] brn\n|upkeep\n|turn|8\n|\n|t:|1682383598\n|-terastallize|p2b: Gyarados|Flying\n|move|p2b: Gyarados|Tera Blast|p1a: Dondozo\n|-damage|p1a: Dondozo|23\/100 brn\n|move|p2a: Dragapult|Dragon Darts|p1a: Dondozo\n|-crit|p1a: Dondozo\n|-damage|p1a: Dondozo|5\/100 brn\n|-anim|p2a: Dragapult|Dragon Darts|p1a: Dondozo\n|-damage|p1a: Dondozo|0 fnt\n|faint|p1a: Dondozo\n|\n|upkeep\n|\n|t:|1682383606\n|switch|p1a: Toxicroak|Toxicroak, L50, F, shiny|100\/100\n|turn|9\n|\n|t:|1682383629\n|move|p2b: Gyarados|Protect|p2b: Gyarados\n|-singleturn|p2b: Gyarados|Protect\n|move|p1a: Toxicroak|Fake Out|p2b: Gyarados\n|-activate|p2b: Gyarados|move: Protect\n|move|p2a: Dragapult|Dragon Darts|p1b: Tatsugiri\n|-supereffective|p1b: Tatsugiri\n|-damage|p1b: Tatsugiri|21\/100\n|-anim|p2a: Dragapult|Dragon Darts|p1a: Toxicroak\n|-damage|p1a: Toxicroak|66\/100\n|move|p1b: Tatsugiri|Draco Meteor|p2a: Dragapult\n|-supereffective|p2a: Dragapult\n|-damage|p2a: Dragapult|0 fnt\n|-unboost|p1b: Tatsugiri|spa|2\n|faint|p2a: Dragapult\n|\n|upkeep\n|\n|t:|1682383641\n|switch|p2a: Raichu|Raichu, L50, F, shiny|100\/100\n|turn|10\n|\n|t:|1682383647\n|switch|p1b: Palossand|Palossand, L50, F|100\/100\n|move|p2a: Raichu|Fake Out|p1a: Toxicroak\n|-damage|p1a: Toxicroak|52\/100\n|cant|p1a: Toxicroak|flinch\n|move|p2b: Gyarados|Tera Blast|p1b: Palossand\n|-damage|p1b: Palossand|0 fnt\n|faint|p1b: Palossand\n|\n|upkeep\n|\n|t:|1682383656\n|switch|p1b: Tatsugiri|Tatsugiri, L50, F|21\/100\n|turn|11\n|\n|t:|1682383673\n|move|p1a: Toxicroak|Sucker Punch|p2b: Gyarados\n|-damage|p2b: Gyarados|44\/100\n|move|p2b: Gyarados|Tera Blast|p1a: Toxicroak\n|-supereffective|p1a: Toxicroak\n|-crit|p1a: Toxicroak\n|-damage|p1a: Toxicroak|0 fnt\n|faint|p1a: Toxicroak\n|move|p2a: Raichu|Nuzzle|p1b: Tatsugiri\n|-damage|p1b: Tatsugiri|8\/100\n|-status|p1b: Tatsugiri|par\n|move|p1b: Tatsugiri|Muddy Water|p2a: Raichu|[spread] p2a,p2b\n|-damage|p2a: Raichu|38\/100\n|-damage|p2b: Gyarados|0 fnt\n|-unboost|p2a: Raichu|accuracy|1\n|faint|p2b: Gyarados\n|\n|upkeep\n|\n|t:|1682383678\n|switch|p2b: Meowscarada|Meowscarada, L50, M|100\/100\n|turn|12\n|\n|t:|1682383685\n|move|p2b: Meowscarada|Flower Trick|p1b: Tatsugiri\n|-start|p2b: Meowscarada|typechange|Grass|[from] ability: Protean\n|-crit|p1b: Tatsugiri\n|-damage|p1b: Tatsugiri|0 fnt\n|faint|p1b: Tatsugiri\n|\n|win|fatw\n","uploadtime":1682383690,"views":17,"p1id":"deathdragon25o","p2id":"fatw","formatid":"gen9vgc2023regulationc","rating":0,"private":0,"password":""}