{"id":"gen9vgc2023regulationc-1862962354","p1":"Snipeteleon","p2":"bambambi","format":"[Gen 9] VGC 2023 Regulation C","log":"|j|\u2606Snipeteleon\n|j|\u2606bambambi\n|t:|1683944499\n|gametype|doubles\n|player|p1|Snipeteleon|waiter-gen4dp|1141\n|player|p2|bambambi|wallace-gen6|1123\n|teamsize|p1|6\n|teamsize|p2|6\n|gen|9\n|tier|[Gen 9] VGC 2023 Regulation C\n|rated|\n|rule|Species Clause: Limit one of each Pok\u00e9mon\n|rule|Item Clause: Limit one of each item\n|clearpoke\n|poke|p1|Torkoal, L50, F|\n|poke|p1|Lilligant, L50, F|\n|poke|p1|Great Tusk, L50|\n|poke|p1|Flutter Mane, L50|\n|poke|p1|Roaring Moon, L50|\n|poke|p1|Wo-Chien, L50|\n|poke|p2|Abomasnow, L50, F|\n|poke|p2|Iron Bundle, L50|\n|poke|p2|Pachirisu, L50, F|\n|poke|p2|Slowking, L50, M|\n|poke|p2|Gastrodon, L50, F|\n|poke|p2|Ceruledge, L50, F|\n|teampreview|4\n|inactive|Battle timer is ON: inactive players will automatically lose when time's up. (requested by Snipeteleon)\n|\n|t:|1683944521\n|start\n|switch|p1a: Torkoal|Torkoal, L50, F, shiny|100\/100\n|switch|p1b: Lilligant|Lilligant, L50, F, shiny|100\/100\n|switch|p2a: Pachirisu|Pachirisu, L50, F|100\/100\n|switch|p2b: Slowking|Slowking, L50, M|100\/100\n|-weather|SunnyDay|[from] ability: Drought|[of] p1a: Torkoal\n|turn|1\n|\n|t:|1683944540\n|-terastallize|p1b: Lilligant|Grass\n|move|p1b: Lilligant|Leaf Storm|p2b: Slowking|[miss]\n|-miss|p1b: Lilligant|p2b: Slowking\n|move|p2a: Pachirisu|Electric Terrain|p2a: Pachirisu\n|-fieldstart|move: Electric Terrain\n|move|p1a: Torkoal|Eruption|p2b: Slowking|[spread] p2a,p2b\n|-resisted|p2b: Slowking\n|-damage|p2a: Pachirisu|59\/100\n|-damage|p2b: Slowking|80\/100\n|move|p2b: Slowking|Chilly Reception|p2b: Slowking\n|-weather|Snow\n|\n|t:|1683944552\n|switch|p2b: Iron Bundle|Iron Bundle, L50|100\/100|[from] Chilly Reception\n|-activate|p2b: Iron Bundle|ability: Quark Drive\n|-start|p2b: Iron Bundle|quarkdrivespe\n|\n|-weather|Snow|[upkeep]\n|upkeep\n|turn|2\n|\n|t:|1683944560\n|-terastallize|p2b: Iron Bundle|Ice\n|move|p2b: Iron Bundle|Blizzard|p1a: Torkoal|[spread] p1a,p1b\n|-resisted|p1a: Torkoal\n|-supereffective|p1b: Lilligant\n|-damage|p1a: Torkoal|66\/100\n|-enditem|p1b: Lilligant|Focus Sash\n|-damage|p1b: Lilligant|1\/100\n|move|p1b: Lilligant|Leaf Storm|p2b: Iron Bundle|[miss]\n|-miss|p1b: Lilligant|p2b: Iron Bundle\n|move|p2a: Pachirisu|Fake Tears|p1a: Torkoal\n|-unboost|p1a: Torkoal|spd|2\n|move|p1a: Torkoal|Eruption|p2a: Pachirisu|[spread] p2a,p2b\n|-supereffective|p2b: Iron Bundle\n|-damage|p2a: Pachirisu|39\/100\n|-damage|p2b: Iron Bundle|18\/100\n|\n|-weather|Snow|[upkeep]\n|upkeep\n|turn|3\n|inactive|Snipeteleon has 30 seconds left.\n|inactive|bambambi has 30 seconds left.\n|inactive|Snipeteleon has 20 seconds left.\n|\n|t:|1683944597\n|switch|p2a: Gastrodon|Gastrodon, L50, F|100\/100\n|move|p1a: Torkoal|Protect|p1a: Torkoal\n|-singleturn|p1a: Torkoal|Protect\n|move|p2b: Iron Bundle|Blizzard|p1b: Lilligant|[spread] p1b\n|-activate|p1a: Torkoal|move: Protect\n|-supereffective|p1b: Lilligant\n|-damage|p1b: Lilligant|0 fnt\n|faint|p1b: Lilligant\n|\n|-weather|Snow|[upkeep]\n|upkeep\n|\n|t:|1683944607\n|switch|p1b: Wo-Chien|Wo-Chien, L50|100\/100\n|-ability|p1b: Wo-Chien|Tablets of Ruin\n|turn|4\n|\n|t:|1683944618\n|switch|p1a: Roaring Moon|Roaring Moon, L50|100\/100\n|-enditem|p1a: Roaring Moon|Booster Energy\n|-activate|p1a: Roaring Moon|ability: Protosynthesis|[fromitem]\n|-start|p1a: Roaring Moon|protosynthesisatk\n|move|p2b: Iron Bundle|Blizzard|p1b: Wo-Chien|[spread] p1a,p1b\n|-supereffective|p1a: Roaring Moon\n|-supereffective|p1b: Wo-Chien\n|-damage|p1a: Roaring Moon|0 fnt\n|-damage|p1b: Wo-Chien|25\/100\n|faint|p1a: Roaring Moon\n|-end|p1a: Roaring Moon|Protosynthesis|[silent]\n|move|p1b: Wo-Chien|Growth|p1b: Wo-Chien\n|-boost|p1b: Wo-Chien|atk|1\n|-boost|p1b: Wo-Chien|spa|1\n|move|p2a: Gastrodon|Stealth Rock|p1b: Wo-Chien\n|-sidestart|p1: Snipeteleon|move: Stealth Rock\n|\n|-weather|Snow|[upkeep]\n|upkeep\n|\n|t:|1683944633\n|switch|p1a: Torkoal|Torkoal, L50, F, shiny|66\/100\n|-damage|p1a: Torkoal|41\/100|[from] Stealth Rock\n|-weather|SunnyDay|[from] ability: Drought|[of] p1a: Torkoal\n|turn|5\n|\n|t:|1683944646\n|move|p2b: Iron Bundle|Freeze-Dry|p1b: Wo-Chien\n|-supereffective|p1b: Wo-Chien\n|-damage|p1b: Wo-Chien|0 fnt\n|faint|p1b: Wo-Chien\n|move|p2a: Gastrodon|Earth Power|p1a: Torkoal\n|-supereffective|p1a: Torkoal\n|-damage|p1a: Torkoal|0 fnt\n|faint|p1a: Torkoal\n|-damage|p2a: Gastrodon|91\/100|[from] item: Life Orb\n|\n|win|bambambi\n|raw|Snipeteleon's rating: 1141 → 1115<\/strong> (-26 for losing)\n|raw|bambambi's rating: 1123 → 1149<\/strong> (+26 for winning)\n|l|\u2606Snipeteleon\n","uploadtime":1683944663,"views":20,"p1id":"snipeteleon","p2id":"bambambi","formatid":"gen9vgc2023regulationc","rating":1115,"private":0,"password":""}