{"id":"gen9vgc2023regulationc-1846669318","p1":"Ace Trainer Lego","p2":"kople700","format":"[Gen 9] VGC 2023 Regulation C","log":"|j|\u2606Ace Trainer Lego\n|j|\u2606kople700\n|t:|1681863816\n|gametype|doubles\n|player|p1|Ace Trainer Lego|miriam|\n|player|p2|kople700|266|\n|teamsize|p1|6\n|teamsize|p2|6\n|gen|9\n|tier|[Gen 9] VGC 2023 Regulation C\n|rule|Species Clause: Limit one of each Pok\u00e9mon\n|rule|Item Clause: Limit one of each item\n|clearpoke\n|poke|p1|Chi-Yu, L50|\n|poke|p1|Stonjourner, L50, M|\n|poke|p1|Dachsbun, L50, M|\n|poke|p1|Ceruledge, L50, M|\n|poke|p1|Baxcalibur, L50, M|\n|poke|p1|Roaring Moon, L50|\n|poke|p2|Palafin, L50, F|\n|poke|p2|Flutter Mane, L50|\n|poke|p2|Arcanine, L50, F|\n|poke|p2|Ting-Lu, L50|\n|poke|p2|Amoonguss, L50, M|\n|poke|p2|Kingambit, L50, M|\n|teampreview|4\nkople700 has agreed to open team sheets.\nAce Trainer Lego has agreed to open team sheets.\n|\n|t:|1681863860\n|start\n|switch|p1a: Blub|Chi-Yu, L50|100\/100\n|switch|p1b: XD|Stonjourner, L50, M, shiny|100\/100\n|switch|p2a: Ting-Lu|Ting-Lu, L50|100\/100\n|switch|p2b: Palafin|Palafin, L50, F|100\/100\n|-ability|p1a: Blub|Beads of Ruin\n|-ability|p2a: Ting-Lu|Vessel of Ruin\n|turn|1\n|\n|t:|1681863905\n|-terastallize|p1a: Blub|Grass\n|move|p2b: Palafin|Protect|p2b: Palafin\n|-singleturn|p2b: Palafin|Protect\n|move|p1a: Blub|Overheat|p2a: Ting-Lu\n|-damage|p2a: Ting-Lu|61\/100\n|-unboost|p1a: Blub|spa|2\n|move|p1b: XD|Rock Slide|p2a: Ting-Lu|[spread] \n|-activate|p2b: Palafin|move: Protect\n|-miss|p1b: XD|p2a: Ting-Lu\n|move|p2a: Ting-Lu|Earthquake|p1a: Blub|[spread] p1a,p1b\n|-activate|p2b: Palafin|move: Protect\n|-resisted|p1a: Blub\n|-supereffective|p1b: XD\n|-damage|p1a: Blub|71\/100\n|-damage|p1b: XD|42\/100\n|\n|upkeep\n|turn|2\n|\n|t:|1681863985\n|switch|p1a: GGGSK|Baxcalibur, L50, M|100\/100\n|switch|p2a: Arcanine|Arcanine, L50, F, shiny|100\/100\n|-ability|p2a: Arcanine|Intimidate|boost\n|-unboost|p1a: GGGSK|atk|1\n|-unboost|p1b: XD|atk|1\n|move|p1b: XD|Wide Guard|p1b: XD\n|-singleturn|p1b: XD|Wide Guard\n|move|p2b: Palafin|Jet Punch|p1b: XD\n|-supereffective|p1b: XD\n|-damage|p1b: XD|0 fnt\n|faint|p1b: XD\n|\n|upkeep\n|\n|t:|1681864003\n|switch|p1b: Blub|Chi-Yu, L50, tera:Grass|71\/100\n|-ability|p1b: Blub|Beads of Ruin\n|turn|3\n|\n|t:|1681864019\n|detailschange|p2b: Palafin|Palafin-Hero, L50, F\n|switch|p2b: Ting-Lu|Ting-Lu, L50|61\/100\n|-ability|p2b: Ting-Lu|Vessel of Ruin\n|move|p1b: Blub|Dark Pulse|p2a: Arcanine\n|-damage|p2a: Arcanine|56\/100\n|move|p2a: Arcanine|Flare Blitz|p1b: Blub\n|-supereffective|p1b: Blub\n|-crit|p1b: Blub\n|-damage|p1b: Blub|0 fnt\n|faint|p1b: Blub\n|-damage|p2a: Arcanine|41\/100|[from] Recoil\n|move|p1a: GGGSK|Glaive Rush|p2a: Arcanine\n|-damage|p2a: Arcanine|0 fnt\n|-singlemove|p1a: GGGSK|Glaive Rush|[silent]\n|faint|p2a: Arcanine\n|\n|upkeep\n|\n|t:|1681864036\n|switch|p1b: Shing|Ceruledge, L50, M|100\/100\n|switch|p2a: Palafin|Palafin-Hero, L50, F|100\/100\n|-activate|p2a: Palafin|ability: Zero to Hero\n|turn|4\n|\n|t:|1681864071\n|-terastallize|p2a: Palafin|Water\n|move|p1b: Shing|Shadow Sneak|p2a: Palafin\n|-damage|p2a: Palafin|81\/100\n|move|p2a: Palafin|Wave Crash|p1a: GGGSK\n|-resisted|p1a: GGGSK\n|-damage|p1a: GGGSK|0 fnt\n|faint|p1a: GGGSK\n|-damage|p2a: Palafin|46\/100|[from] Recoil\n|move|p2b: Ting-Lu|Heavy Slam|p1b: Shing\n|-resisted|p1b: Shing\n|-damage|p1b: Shing|80\/100\n|\n|upkeep\n|turn|5\n|\n|t:|1681864089\n|switch|p2a: Amoonguss|Amoonguss, L50, M, shiny|100\/100\n|move|p1b: Shing|Bitter Blade|p2a: Amoonguss\n|-supereffective|p2a: Amoonguss\n|-damage|p2a: Amoonguss|24\/100\n|-heal|p1b: Shing|100\/100|[from] drain|[of] p2a: Amoonguss\n|-damage|p1b: Shing|84\/100|[from] item: Rocky Helmet|[of] p2a: Amoonguss\n|move|p2b: Ting-Lu|Fissure|p1b: Shing|[miss]\n|-miss|p2b: Ting-Lu|p1b: Shing\n|\n|upkeep\n|turn|6\n|\n|t:|1681864096\n|move|p2a: Amoonguss|Protect|p2a: Amoonguss\n|-singleturn|p2a: Amoonguss|Protect\n|move|p1b: Shing|Bitter Blade|p2a: Amoonguss\n|-activate|p2a: Amoonguss|move: Protect\n|move|p2b: Ting-Lu|Fissure|p1b: Shing\n|-damage|p1b: Shing|0 fnt\n|faint|p1b: Shing\n|-ohko\n|\n|win|kople700\n|l|\u2606Ace Trainer Lego\n|c|\u2606kople700|ggs\n","uploadtime":1681864358,"views":17,"p1id":"acetrainerlego","p2id":"kople700","formatid":"gen9vgc2023regulationc","rating":0,"private":0,"password":""}