{"id":"gen9vgc2023regulationc-1850339374","p1":"calbhi","p2":"kratang12","format":"[Gen 9] VGC 2023 Regulation C","log":"|j|\u2606calbhi\n|j|\u2606kratang12\n|t:|1682320929\n|gametype|doubles\n|player|p1|calbhi|giovanni|1023\n|player|p2|kratang12|lucas|1162\n|teamsize|p1|6\n|teamsize|p2|6\n|gen|9\n|tier|[Gen 9] VGC 2023 Regulation C\n|rated|\n|rule|Species Clause: Limit one of each Pok\u00e9mon\n|rule|Item Clause: Limit one of each item\n|clearpoke\n|poke|p1|Annihilape, L50, M|\n|poke|p1|Maushold-Four, L50|\n|poke|p1|Ting-Lu, L50|\n|poke|p1|Gholdengo, L50|\n|poke|p1|Orthworm, L50, F|\n|poke|p1|Farigiraf, L50, M|\n|poke|p2|Skeledirge, L50, F|\n|poke|p2|Farigiraf, L50, F|\n|poke|p2|Kingambit, L50, M|\n|poke|p2|Rabsca, L50, M|\n|poke|p2|Iron Hands, L50|\n|poke|p2|Wo-Chien, L50|\n|teampreview|4\n|inactive|Battle timer is ON: inactive players will automatically lose when time's up. (requested by kratang12)\ncalbhi rejected open team sheets.\n|inactive|calbhi has 60 seconds left.\n|\n|t:|1682320990\n|start\n|switch|p1a: Ting-Lu|Ting-Lu, L50|100\/100\n|switch|p1b: Orthworm|Orthworm, L50, F|100\/100\n|switch|p2a: Iron Hands|Iron Hands, L50|100\/100\n|switch|p2b: Farigiraf|Farigiraf, L50, F|100\/100\n|-ability|p1a: Ting-Lu|Vessel of Ruin\n|-enditem|p2a: Iron Hands|Booster Energy\n|-activate|p2a: Iron Hands|ability: Quark Drive|[fromitem]\n|-start|p2a: Iron Hands|quarkdriveatk\n|turn|1\n|\n|t:|1682321011\n|move|p1b: Orthworm|Helping Hand|p1a: Ting-Lu\n|-singleturn|p1a: Ting-Lu|Helping Hand|[of] p1b: Orthworm\n|move|p2a: Iron Hands|Fake Out|p1a: Ting-Lu\n|-damage|p1a: Ting-Lu|90\/100\n|-damage|p2a: Iron Hands|84\/100|[from] item: Rocky Helmet|[of] p1a: Ting-Lu\n|move|p2b: Farigiraf|Hyper Voice|p1a: Ting-Lu|[spread] p1a,p1b\n|-resisted|p1b: Orthworm\n|-damage|p1a: Ting-Lu|76\/100\n|-damage|p1b: Orthworm|80\/100\n|-enditem|p2b: Farigiraf|Throat Spray\n|-boost|p2b: Farigiraf|spa|1|[from] item: Throat Spray\n|cant|p1a: Ting-Lu|flinch\n|\n|upkeep\n|turn|2\n|\n|t:|1682321031\n|move|p1b: Orthworm|Protect|p1b: Orthworm\n|-singleturn|p1b: Orthworm|Protect\n|move|p2b: Farigiraf|Hyper Voice|p1b: Orthworm|[spread] p1a\n|-activate|p1b: Orthworm|move: Protect\n|-damage|p1a: Ting-Lu|54\/100\n|move|p2a: Iron Hands|Drain Punch|p1a: Ting-Lu\n|-supereffective|p1a: Ting-Lu\n|-damage|p1a: Ting-Lu|0 fnt\n|-heal|p2a: Iron Hands|100\/100|[from] drain|[of] p1a: Ting-Lu\n|-damage|p2a: Iron Hands|84\/100|[from] item: Rocky Helmet|[of] p1a: Ting-Lu\n|faint|p1a: Ting-Lu\n|\n|upkeep\n|inactive|calbhi has 30 seconds left.\n|\n|t:|1682321063\n|switch|p1a: Gholdengo|Gholdengo, L50|100\/100\n|turn|3\n|\n|t:|1682321078\n|move|p1b: Orthworm|Helping Hand|p1a: Gholdengo\n|-immune|p1a: Gholdengo|[from] ability: Good as Gold\n|move|p1a: Gholdengo|Make It Rain|p2b: Farigiraf|[spread] p2a,p2b\n|-resisted|p2a: Iron Hands\n|-damage|p2a: Iron Hands|53\/100\n|-damage|p2b: Farigiraf|27\/100\n|-unboost|p1a: Gholdengo|spa|1\n|move|p2b: Farigiraf|Psychic|p1a: Gholdengo\n|-resisted|p1a: Gholdengo\n|-damage|p1a: Gholdengo|70\/100\n|move|p2a: Iron Hands|Drain Punch|p1b: Orthworm\n|-supereffective|p1b: Orthworm\n|-damage|p1b: Orthworm|18\/100\n|-heal|p2a: Iron Hands|75\/100|[from] drain|[of] p1b: Orthworm\n|-enditem|p1b: Orthworm|Aguav Berry|[eat]\n|-heal|p1b: Orthworm|51\/100|[from] item: Aguav Berry\n|\n|upkeep\n|turn|4\n|inactive|calbhi has 30 seconds left.\n|\n|t:|1682321110\n|move|p1b: Orthworm|Protect|p1b: Orthworm\n|-singleturn|p1b: Orthworm|Protect\n|move|p1a: Gholdengo|Make It Rain|p2a: Iron Hands|[spread] p2a,p2b\n|-resisted|p2a: Iron Hands\n|-damage|p2a: Iron Hands|53\/100\n|-damage|p2b: Farigiraf|0 fnt\n|-unboost|p1a: Gholdengo|spa|1\n|faint|p2b: Farigiraf\n|move|p2a: Iron Hands|Wild Charge|p1a: Gholdengo\n|-damage|p1a: Gholdengo|4\/100\n|-damage|p2a: Iron Hands|40\/100|[from] Recoil\n|\n|upkeep\n|\n|t:|1682321119\n|switch|p2b: Skeledirge|Skeledirge, L50, F|100\/100\n|turn|5\n|inactive|calbhi has 30 seconds left.\n|\n|t:|1682321150\n|switch|p1a: Maushold|Maushold-Four, L50|100\/100\n|move|p1b: Orthworm|Shed Tail|p1b: Orthworm\n|-start|p1b: Orthworm|Substitute|[from] move: Shed Tail\n|-damage|p1b: Orthworm|1\/100\n|\n|t:|1682321155\n|switch|p1b: Gholdengo|Gholdengo, L50|4\/100|[from] Shed Tail\n|move|p2b: Skeledirge|Torch Song|p1a: Maushold\n|-damage|p1a: Maushold|56\/100\n|-boost|p2b: Skeledirge|spa|1\n|move|p2a: Iron Hands|Drain Punch|p1b: Gholdengo\n|-immune|p1b: Gholdengo\n|\n|upkeep\n|turn|6\n|inactive|calbhi has 30 seconds left.\n|inactive|calbhi has 20 seconds left.\n|inactive|calbhi has 15 seconds left.\n|\n|t:|1682321198\n|-terastallize|p1b: Gholdengo|Steel\n|-terastallize|p2b: Skeledirge|Grass\n|move|p1a: Maushold|Super Fang|p2a: Iron Hands\n|-damage|p2a: Iron Hands|20\/100\n|move|p1b: Gholdengo|Make It Rain|p2b: Skeledirge|[spread] p2a,p2b\n|-resisted|p2a: Iron Hands\n|-damage|p2a: Iron Hands|0 fnt\n|-damage|p2b: Skeledirge|0 fnt\n|-unboost|p1b: Gholdengo|spa|1\n|faint|p2a: Iron Hands\n|-end|p2a: Iron Hands|Quark Drive|[silent]\n|faint|p2b: Skeledirge\n|\n|upkeep\n|\n|t:|1682321212\n|switch|p2b: Wo-Chien|Wo-Chien, L50|100\/100\n|-ability|p2b: Wo-Chien|Tablets of Ruin\n|turn|7\n|\n|t:|1682321228\n|move|p1a: Maushold|Protect|p1a: Maushold\n|-singleturn|p1a: Maushold|Protect\n|move|p1b: Gholdengo|Make It Rain|p2b: Wo-Chien\n|-damage|p2b: Wo-Chien|30\/100\n|-unboost|p1b: Gholdengo|spa|1\n|move|p2b: Wo-Chien|Leech Seed|p1a: Maushold\n|-activate|p1a: Maushold|move: Protect\n|\n|-heal|p2b: Wo-Chien|36\/100|[from] item: Leftovers\n|upkeep\n|turn|8\n|\n|t:|1682321243\n|move|p1a: Maushold|Super Fang|p2b: Wo-Chien\n|-damage|p2b: Wo-Chien|18\/100\n|move|p1b: Gholdengo|Make It Rain|p2b: Wo-Chien\n|-damage|p2b: Wo-Chien|0 fnt\n|-unboost|p1b: Gholdengo|spa|1\n|faint|p2b: Wo-Chien\n|\n|win|calbhi\n|raw|calbhi's rating: 1023 → 1073<\/strong> (+50 for winning)\n|raw|kratang12's rating: 1162 → 1127<\/strong> (-35 for losing)\n|l|\u2606kratang12\n","uploadtime":1682321257,"views":30,"p1id":"calbhi","p2id":"kratang12","formatid":"gen9vgc2023regulationc","rating":1073,"private":0,"password":""}