{"id":"gen9vgc2023regulationc-1854946137","p1":"MAC N9NE","p2":"carlospe1205","format":"[Gen 9] VGC 2023 Regulation C","log":"|j|\u2606MAC N9NE\n|j|\u2606carlospe1205\n|t:|1682883689\n|gametype|doubles\n|player|p1|MAC N9NE|lance|1098\n|player|p2|carlospe1205|bugsy|1022\n|teamsize|p1|6\n|teamsize|p2|6\n|gen|9\n|tier|[Gen 9] VGC 2023 Regulation C\n|rated|\n|rule|Species Clause: Limit one of each Pok\u00e9mon\n|rule|Item Clause: Limit one of each item\n|clearpoke\n|poke|p1|Fletchling, L50, M|\n|poke|p1|Scream Tail, L50|\n|poke|p1|Garganacl, L50, F|\n|poke|p1|Annihilape, L50, F|\n|poke|p1|Iron Valiant, L50|\n|poke|p1|Maushold-Four, L50|\n|poke|p2|Baxcalibur, L50, F|\n|poke|p2|Talonflame, L50, M|\n|poke|p2|Amoonguss, L50, M|\n|poke|p2|Grimmsnarl, L50, M|\n|poke|p2|Flutter Mane, L50|\n|poke|p2|Chi-Yu, L50|\n|teampreview|4\n|\n|t:|1682883760\n|start\n|switch|p1a: Garganacl|Garganacl, L50, F, shiny|100\/100\n|switch|p1b: Annihilape|Annihilape, L50, F, shiny|100\/100\n|switch|p2a: Spiny|Baxcalibur, L50, F|100\/100\n|switch|p2b: Lourdes|Talonflame, L50, M|100\/100\n|turn|1\n|\n|t:|1682883781\n|-terastallize|p2a: Spiny|Steel\n|move|p2a: Spiny|Protect|p2a: Spiny\n|-singleturn|p2a: Spiny|Protect\n|move|p2b: Lourdes|Tailwind|p2b: Lourdes\n|-sidestart|p2: carlospe1205|move: Tailwind\n|move|p1b: Annihilape|Final Gambit|p2a: Spiny\n|-activate|p2a: Spiny|move: Protect\n|move|p1a: Garganacl|Explosion|p2a: Spiny|[spread] p2b\n|-activate|p2a: Spiny|move: Protect\n|-immune|p1b: Annihilape\n|-enditem|p1a: Garganacl|Normal Gem|[from] gem\n|-damage|p2b: Lourdes|0 fnt\n|faint|p1a: Garganacl\n|faint|p2b: Lourdes\n|\n|upkeep\n|\n|t:|1682883811\n|switch|p2b: AMOGUS|Amoonguss, L50, M|100\/100\n|switch|p1a: Scream Tail|Scream Tail, L50, shiny|100\/100\n|turn|2\n|\n|t:|1682883829\n|move|p2b: AMOGUS|Rage Powder|p2b: AMOGUS\n|-singleturn|p2b: AMOGUS|move: Rage Powder\n|move|p2a: Spiny|Glaive Rush|p1b: Annihilape\n|-damage|p1b: Annihilape|38\/100\n|-singlemove|p2a: Spiny|Glaive Rush|[silent]\n|move|p1b: Annihilape|Final Gambit|p2b: AMOGUS\n|-damage|p2b: AMOGUS|63\/100\n|faint|p1b: Annihilape\n|move|p1a: Scream Tail|Dazzling Gleam|p2a: Spiny|[spread] p2a,p2b\n|-resisted|p2a: Spiny\n|-resisted|p2b: AMOGUS\n|-damage|p2a: Spiny|84\/100\n|-damage|p2b: AMOGUS|57\/100\n|\n|upkeep\n|\n|t:|1682883842\n|switch|p1b: Fletchling|Fletchling, L50, M, shiny|100\/100\n|turn|3\n|\n|t:|1682883865\n|move|p2a: Spiny|Protect|p2a: Spiny\n|-singleturn|p2a: Spiny|Protect\n|move|p1b: Fletchling|Fly||[still]\n|-prepare|p1b: Fletchling|Fly\n|move|p1a: Scream Tail|Perish Song|p1a: Scream Tail\n|-start|p1a: Scream Tail|perish3|[silent]\n|-miss|p1a: Scream Tail|p1b: Fletchling\n|-start|p2a: Spiny|perish3|[silent]\n|-start|p2b: AMOGUS|perish3|[silent]\n|-fieldactivate|move: Perish Song\n|move|p2b: AMOGUS|Spore|p1b: Fletchling|[miss]\n|-miss|p2b: AMOGUS|p1b: Fletchling\n|\n|-start|p2a: Spiny|perish3\n|-start|p1a: Scream Tail|perish3\n|-start|p2b: AMOGUS|perish3\n|-status|p1b: Fletchling|tox|[from] item: Toxic Orb\n|upkeep\n|turn|4\n|\n|t:|1682883883\n|switch|p2a: Krompus|Grimmsnarl, L50, M|100\/100\n|move|p1a: Scream Tail|Protect|p1a: Scream Tail\n|-singleturn|p1a: Scream Tail|Protect\n|move|p1b: Fletchling|Fly|p2b: AMOGUS|[from]lockedmove\n|-supereffective|p2b: AMOGUS\n|-damage|p2b: AMOGUS|26\/100\n|-damage|p1b: Fletchling|84\/100 tox|[from] item: Rocky Helmet|[of] p2b: AMOGUS\n|move|p2b: AMOGUS|Spore|p1a: Scream Tail\n|-activate|p1a: Scream Tail|move: Protect\n|\n|-damage|p1b: Fletchling|78\/100 tox|[from] psn\n|-start|p1a: Scream Tail|perish2\n|-start|p2b: AMOGUS|perish2\n|-sideend|p2: carlospe1205|move: Tailwind\n|upkeep\n|turn|5\n|\n|t:|1682883917\n|switch|p2b: Spiny|Baxcalibur, L50, F, tera:Steel|84\/100\n|move|p2a: Krompus|Fake Out|p1b: Fletchling\n|-damage|p1b: Fletchling|58\/100 tox\n|move|p1a: Scream Tail|Perish Song|p1a: Scream Tail\n|-start|p1b: Fletchling|perish3|[silent]\n|-start|p2a: Krompus|perish3|[silent]\n|-start|p2b: Spiny|perish3|[silent]\n|-fieldactivate|move: Perish Song\n|cant|p1b: Fletchling|flinch\n|\n|-damage|p1b: Fletchling|46\/100 tox|[from] psn\n|-start|p2b: Spiny|perish3\n|-start|p1a: Scream Tail|perish1\n|-start|p2a: Krompus|perish3\n|-start|p1b: Fletchling|perish3\n|upkeep\n|turn|6\n|\n|t:|1682883950\n|move|p2b: Spiny|Ice Shard|p1b: Fletchling\n|-supereffective|p1b: Fletchling\n|-damage|p1b: Fletchling|0 fnt\n|faint|p1b: Fletchling\n|move|p2a: Krompus|Reflect|p2a: Krompus\n|-sidestart|p2: carlospe1205|Reflect\n|move|p1a: Scream Tail|Dazzling Gleam|p2a: Krompus|[spread] p2a,p2b\n|-supereffective|p2a: Krompus\n|-resisted|p2b: Spiny\n|-damage|p2a: Krompus|58\/100\n|-damage|p2b: Spiny|76\/100\n|\n|-start|p2b: Spiny|perish2\n|-start|p1a: Scream Tail|perish0\n|-start|p2a: Krompus|perish2\n|faint|p1a: Scream Tail\n|-end|p1a: Scream Tail|Protosynthesis|[silent]\n|\n|win|carlospe1205\n|upkeep\n|raw|MAC N9NE's rating: 1098 → 1068<\/strong> (-30 for losing)\n|raw|carlospe1205's rating: 1022 → 1067<\/strong> (+45 for winning)\n|l|\u2606MAC N9NE\n","uploadtime":1682883967,"views":6,"p1id":"macn9ne","p2id":"carlospe1205","formatid":"gen9vgc2023regulationc","rating":1067,"private":0,"password":""}