{"id":"gen9vgc2023regulationc-1855502704","p1":"thecommonwinds","p2":"Team_56","format":"[Gen 9] VGC 2023 Regulation C","log":"|j|\u2606thecommonwinds\n|j|\u2606Team_56\n|t:|1682957226\n|gametype|doubles\n|player|p1|thecommonwinds|170|1182\n|player|p2|Team_56|266|1125\n|teamsize|p1|6\n|teamsize|p2|6\n|gen|9\n|tier|[Gen 9] VGC 2023 Regulation C\n|rated|\n|rule|Species Clause: Limit one of each Pok\u00e9mon\n|rule|Item Clause: Limit one of each item\n|clearpoke\n|poke|p1|Flutter Mane, L50|\n|poke|p1|Chi-Yu, L50|\n|poke|p1|Dragonite, L50, F|\n|poke|p1|Dondozo, L50, F|\n|poke|p1|Tatsugiri-Stretchy, L50, F|\n|poke|p1|Glimmora, L50, M|\n|poke|p2|Baxcalibur, L50, M|\n|poke|p2|Ceruledge, L50, F|\n|poke|p2|Tauros-Paldea-Aqua, L50, M|\n|poke|p2|Amoonguss, L50, F|\n|poke|p2|Flutter Mane, L50|\n|poke|p2|Scizor, L50, M|\n|teampreview|4\n|inactive|Battle timer is ON: inactive players will automatically lose when time's up. (requested by thecommonwinds)\n|inactive|thecommonwinds has 60 seconds left.\n|inactive|Team_56 has 60 seconds left.\n|inactive|Team_56 has 30 seconds left.\n|inactive|Team_56 has 20 seconds left.\n|inactive|Team_56 has 15 seconds left.\n|inactive|Team_56 has 10 seconds left.\n|\n|t:|1682957309\n|start\n|switch|p1a: Chi-Yu|Chi-Yu, L50|100\/100\n|switch|p1b: Dondozo|Dondozo, L50, F|100\/100\n|switch|p2a: Scizor|Scizor, L50, M|100\/100\n|switch|p2b: Ceruledge|Ceruledge, L50, F|100\/100\n|-ability|p1a: Chi-Yu|Beads of Ruin\n|turn|1\n|inactive|thecommonwinds has 30 seconds left.\n|inactive|Team_56 has 30 seconds left.\n|inactive|thecommonwinds has 20 seconds left.\n|inactive|Team_56 has 20 seconds left.\n|inactive|Team_56 has 15 seconds left.\n|inactive|thecommonwinds has 15 seconds left.\n|inactive|Team_56 has 10 seconds left.\n|\n|t:|1682957357\n|-terastallize|p2b: Ceruledge|Grass\n|move|p1a: Chi-Yu|Protect|p1a: Chi-Yu\n|-singleturn|p1a: Chi-Yu|Protect\n|move|p2a: Scizor|Protect|p2a: Scizor\n|-singleturn|p2a: Scizor|Protect\n|move|p2b: Ceruledge|Bulk Up|p2b: Ceruledge\n|-boost|p2b: Ceruledge|atk|1\n|-boost|p2b: Ceruledge|def|1\n|move|p1b: Dondozo|Yawn|p2b: Ceruledge\n|-start|p2b: Ceruledge|move: Yawn|[of] p1b: Dondozo\n|\n|upkeep\n|turn|2\n|inactive|thecommonwinds has 30 seconds left.\n|inactive|Team_56 has 30 seconds left.\n|\n|t:|1682957387\n|switch|p1a: Flutter Mane|Flutter Mane, L50|100\/100\n|-enditem|p1a: Flutter Mane|Booster Energy\n|-activate|p1a: Flutter Mane|ability: Protosynthesis|[fromitem]\n|-start|p1a: Flutter Mane|protosynthesisspe\n|switch|p2a: Baxcalibur|Baxcalibur, L50, M|100\/100\n|move|p2b: Ceruledge|Bitter Blade|p1a: Flutter Mane\n|-damage|p1a: Flutter Mane|0 fnt\n|faint|p1a: Flutter Mane\n|-end|p1a: Flutter Mane|Protosynthesis|[silent]\n|move|p1b: Dondozo|Yawn|p2a: Baxcalibur\n|-start|p2a: Baxcalibur|move: Yawn|[of] p1b: Dondozo\n|\n|-end|p2b: Ceruledge|move: Yawn|[silent]\n|-status|p2b: Ceruledge|slp\n|upkeep\n|\n|t:|1682957401\n|switch|p1a: Chi-Yu|Chi-Yu, L50|100\/100\n|-ability|p1a: Chi-Yu|Beads of Ruin\n|turn|3\n|inactive|Team_56 has 30 seconds left.\n|inactive|Team_56 has 20 seconds left.\n|inactive|Team_56 has 15 seconds left.\n|inactive|Team_56 has 10 seconds left.\n|\n|t:|1682957447\n|switch|p2a: Scizor|Scizor, L50, M|100\/100\n|move|p1a: Chi-Yu|Flamethrower|p2b: Ceruledge\n|-start|p2b: Ceruledge|ability: Flash Fire\n|cant|p2b: Ceruledge|slp\n|move|p1b: Dondozo|Yawn|p2a: Scizor\n|-start|p2a: Scizor|move: Yawn|[of] p1b: Dondozo\n|\n|upkeep\n|turn|4\n|\n|t:|1682957470\n|move|p1a: Chi-Yu|Protect|p1a: Chi-Yu\n|-singleturn|p1a: Chi-Yu|Protect\n|-curestatus|p2b: Ceruledge|slp|[msg]\n|move|p2b: Ceruledge|Bitter Blade|p1a: Chi-Yu\n|-activate|p1a: Chi-Yu|move: Protect\n|move|p2a: Scizor|Tailwind|p2a: Scizor\n|-sidestart|p2: Team_56|move: Tailwind\n|move|p1b: Dondozo|Bulldoze|p2b: Ceruledge|[spread] p2a,p2b\n|-activate|p1a: Chi-Yu|move: Protect\n|-resisted|p2b: Ceruledge\n|-crit|p2b: Ceruledge\n|-damage|p2a: Scizor|91\/100\n|-damage|p2b: Ceruledge|92\/100\n|-unboost|p2a: Scizor|spe|1\n|\n|-heal|p2a: Scizor|97\/100|[from] item: Leftovers\n|-end|p2a: Scizor|move: Yawn|[silent]\n|-status|p2a: Scizor|slp\n|upkeep\n|turn|5\n|inactive|thecommonwinds has 30 seconds left.\n|inactive|Team_56 has 30 seconds left.\n|inactive|thecommonwinds has 20 seconds left.\n|inactive|thecommonwinds has 15 seconds left.\n|\n|t:|1682957513\n|switch|p1a: Tatsugiri|Tatsugiri-Stretchy, L50, F|100\/100\n|move|p2b: Ceruledge|Bitter Blade|p1b: Dondozo\n|-resisted|p1b: Dondozo\n|-damage|p1b: Dondozo|77\/100\n|-heal|p2b: Ceruledge|100\/100|[from] drain|[of] p1b: Dondozo\n|cant|p2a: Scizor|slp\n|move|p1b: Dondozo|Yawn|p2b: Ceruledge\n|-start|p2b: Ceruledge|move: Yawn|[of] p1b: Dondozo\n|\n|-heal|p2a: Scizor|100\/100 slp|[from] item: Leftovers\n|upkeep\n|turn|6\n|inactive|Team_56 has 30 seconds left.\n|inactive|Team_56 has 20 seconds left.\n|inactive|Team_56 has 15 seconds left.\n|\n|t:|1682957555\n|move|p2b: Ceruledge|Shadow Sneak|p1a: Tatsugiri\n|-damage|p1a: Tatsugiri|54\/100\n|-curestatus|p2a: Scizor|slp|[msg]\n|move|p2a: Scizor|Pounce|p1a: Tatsugiri\n|-damage|p1a: Tatsugiri|0 fnt\n|faint|p1a: Tatsugiri\n|move|p1b: Dondozo|Wave Crash|p2b: Ceruledge\n|-resisted|p2b: Ceruledge\n|-damage|p2b: Ceruledge|76\/100\n|-damage|p1b: Dondozo|72\/100|[from] Recoil\n|\n|-end|p2b: Ceruledge|move: Yawn|[silent]\n|-status|p2b: Ceruledge|slp\n|upkeep\n|-message|thecommonwinds forfeited.\n|\n|win|Team_56\n|raw|thecommonwinds's rating: 1182 → 1153<\/strong> (-29 for losing)\n|raw|Team_56's rating: 1125 → 1154<\/strong> (+29 for winning)\n|l|\u2606Team_56\n","uploadtime":1682957572,"views":21,"p1id":"thecommonwinds","p2id":"team56","formatid":"gen9vgc2023regulationc","rating":1153,"private":0,"password":""}