{"id":"gen9vgc2023regulationc-1855021169","p1":"Priest_of_Talos","p2":"DoctorCaliente","format":"[Gen 9] VGC 2023 Regulation C","log":"|j|\u2606Priest_of_Talos\n|j|\u2606DoctorCaliente\n|t:|1682891829\n|gametype|doubles\n|player|p1|Priest_of_Talos|boarder|\n|player|p2|DoctorCaliente|pokemonrangerf|\n|teamsize|p1|6\n|teamsize|p2|6\n|gen|9\n|tier|[Gen 9] VGC 2023 Regulation C\n|rule|Species Clause: Limit one of each Pok\u00e9mon\n|rule|Item Clause: Limit one of each item\n|clearpoke\n|poke|p1|Ting-Lu, L50|\n|poke|p1|Amoonguss, L50, M|\n|poke|p1|Palafin, L50, F|\n|poke|p1|Arcanine, L50, F|\n|poke|p1|Flutter Mane, L50|\n|poke|p1|Annihilape, L50, F|\n|poke|p2|Chi-Yu, L50|\n|poke|p2|Iron Bundle, L50|\n|poke|p2|Chien-Pao, L50|\n|poke|p2|Dragonite, L50, M|\n|poke|p2|Gholdengo, L50|\n|poke|p2|Amoonguss, L50, F|\n|teampreview|4\nDoctorCaliente has agreed to open team sheets.\nPriest_of_Talos has agreed to open team sheets.\n|\n|t:|1682891925\n|start\n|switch|p1a: Cuphead|Ting-Lu, L50|100\/100\n|switch|p1b: Totsugeki|Palafin, L50, F|100\/100\n|switch|p2a: Gholdengo|Gholdengo, L50|100\/100\n|switch|p2b: Amoongussy|Amoonguss, L50, F|100\/100\n|-ability|p1a: Cuphead|Vessel of Ruin\n|turn|1\n|\n|t:|1682891957\n|detailschange|p1b: Totsugeki|Palafin-Hero, L50, F\n|switch|p1b: AMOGUS|Amoonguss, L50, M|100\/100\n|switch|p1a: Bjork|Arcanine, L50, F|100\/100\n|-ability|p1a: Bjork|Intimidate|boost\n|-unboost|p2a: Gholdengo|atk|1\n|-unboost|p2b: Amoongussy|atk|1\n|-terastallize|p2a: Gholdengo|Flying\n|move|p2a: Gholdengo|Nasty Plot|p2a: Gholdengo\n|-boost|p2a: Gholdengo|spa|2\n|move|p2b: Amoongussy|Spore|p1a: Bjork\n|-activate|p1a: Bjork|item: Safety Goggles|Spore\n|\n|upkeep\n|turn|2\n|\n|t:|1682891988\n|switch|p2b: Bonk-Yu|Chi-Yu, L50|100\/100\n|-ability|p2b: Bonk-Yu|Beads of Ruin\n|move|p2a: Gholdengo|Shadow Ball|p1a: Bjork\n|-damage|p1a: Bjork|0 fnt\n|faint|p1a: Bjork\n|move|p1b: AMOGUS|Pollen Puff|p1: Bjork|[notarget]\n|-fail|p1b: AMOGUS\n|\n|upkeep\n|\n|t:|1682891998\n|switch|p1a: Cuphead|Ting-Lu, L50|100\/100\n|-ability|p1a: Cuphead|Vessel of Ruin\n|turn|3\n|\n|t:|1682892012\n|-terastallize|p1b: AMOGUS|Water\n|move|p2b: Bonk-Yu|Heat Wave|p1b: AMOGUS|[spread] p1a,p1b\n|-resisted|p1b: AMOGUS\n|-damage|p1a: Cuphead|81\/100\n|-damage|p1b: AMOGUS|84\/100\n|-status|p1a: Cuphead|brn\n|move|p2a: Gholdengo|Shadow Ball|p1a: Cuphead\n|-resisted|p1a: Cuphead\n|-damage|p1a: Cuphead|57\/100 brn\n|-unboost|p1a: Cuphead|spd|1\n|move|p1a: Cuphead|Throat Chop|p2a: Gholdengo\n|-damage|p2a: Gholdengo|77\/100\n|move|p1b: AMOGUS|Spore|p2b: Bonk-Yu\n|-status|p2b: Bonk-Yu|slp|[from] move: Spore\n|\n|-damage|p1a: Cuphead|51\/100 brn|[from] brn\n|upkeep\n|turn|4\n|\n|t:|1682892050\n|switch|p2b: Amoongussy|Amoonguss, L50, F|100\/100\n|switch|p1a: Totsugeki|Palafin-Hero, L50, F|100\/100\n|-activate|p1a: Totsugeki|ability: Zero to Hero\n|move|p1b: AMOGUS|Rage Powder|p1b: AMOGUS\n|-singleturn|p1b: AMOGUS|move: Rage Powder\n|move|p2a: Gholdengo|Nasty Plot|p2a: Gholdengo\n|-boost|p2a: Gholdengo|spa|2\n|\n|upkeep\n|turn|5\n|\n|t:|1682892080\n|move|p2b: Amoongussy|Rage Powder|p2b: Amoongussy\n|-singleturn|p2b: Amoongussy|move: Rage Powder\n|move|p2a: Gholdengo|Shadow Ball|p1a: Totsugeki\n|-damage|p1a: Totsugeki|0 fnt\n|faint|p1a: Totsugeki\n|move|p1b: AMOGUS|Pollen Puff|p2b: Amoongussy\n|-damage|p2b: Amoongussy|86\/100\n|\n|upkeep\n|-message|Priest_of_Talos forfeited.\n|\n|win|DoctorCaliente\n|l|\u2606Priest_of_Talos\n","uploadtime":1682892090,"views":14,"p1id":"priestoftalos","p2id":"doctorcaliente","formatid":"gen9vgc2023regulationc","rating":0,"private":0,"password":""}