{"id":"gen9vgc2023regulationc-1857848282","p1":"sabertooth81","p2":"wlvvs","format":"[Gen 9] VGC 2023 Regulation C","log":"|j|\u2606sabertooth81\n|j|\u2606wlvvs\n|t:|1683238438\n|gametype|doubles\n|player|p1|sabertooth81|acetrainerf-gen4dp|1058\n|player|p2|wlvvs|2|1037\n|teamsize|p1|6\n|teamsize|p2|6\n|gen|9\n|tier|[Gen 9] VGC 2023 Regulation C\n|rated|\n|rule|Species Clause: Limit one of each Pok\u00e9mon\n|rule|Item Clause: Limit one of each item\n|clearpoke\n|poke|p1|Armarouge, L50, M|\n|poke|p1|Iron Hands, L50|\n|poke|p1|Gothitelle, L50, M|\n|poke|p1|Amoonguss, L50, M|\n|poke|p1|Tinkaton, L50, F|\n|poke|p1|Scream Tail, L50|\n|poke|p2|Slowbro, L50, F|\n|poke|p2|Indeedee-F, L50, F|\n|poke|p2|Crabominable, L50, F|\n|poke|p2|Spiritomb, L50, F|\n|poke|p2|Chien-Pao, L50|\n|poke|p2|Arboliva, L50, F|\n|teampreview|4\n|inactive|Battle timer is ON: inactive players will automatically lose when time's up. (requested by sabertooth81)\n|c|\u2606sabertooth81|wtf is this monstrosity team\n|inactive|sabertooth81 has 60 seconds left.\n|c|\u2606wlvvs|less talk, more fight\n|inactive|sabertooth81 has 30 seconds left.\n|\n|t:|1683238502\n|start\n|switch|p1a: Gothitelle|Gothitelle, L50, M, shiny|100\/100\n|switch|p1b: mogus|Amoonguss, L50, M, shiny|100\/100\n|switch|p2a: Spiritomb|Spiritomb, L50, F|100\/100\n|switch|p2b: Crabominable|Crabominable, L50, F, shiny|100\/100\n|-ability|p2a: Spiritomb|Pressure\n|turn|1\n|inactive|wlvvs has 30 seconds left.\n|\n|t:|1683238530\n|-terastallize|p1b: mogus|Water\n|move|p1b: mogus|Rage Powder|p1b: mogus\n|-singleturn|p1b: mogus|move: Rage Powder\n|move|p2b: Crabominable|Ice Punch|p1b: mogus\n|-resisted|p1b: mogus\n|-damage|p1b: mogus|71\/100\n|-damage|p2b: Crabominable|84\/100|[from] item: Rocky Helmet|[of] p1b: mogus\n|move|p2a: Spiritomb|Foul Play|p1a: Gothitelle\n|-supereffective|p1a: Gothitelle\n|-damage|p1a: Gothitelle|67\/100\n|move|p1a: Gothitelle|Trick Room|p1a: Gothitelle\n|-fieldstart|move: Trick Room|[of] p1a: Gothitelle\n|\n|upkeep\n|turn|2\n|inactive|sabertooth81 has 30 seconds left.\n|\n|t:|1683238559\n|move|p1b: mogus|Spore|p2b: Crabominable\n|-status|p2b: Crabominable|slp|[from] move: Spore\n|move|p2a: Spiritomb|Foul Play|p1b: mogus\n|-damage|p1b: mogus|42\/100\n|-damage|p2a: Spiritomb|84\/100|[from] item: Rocky Helmet|[of] p1b: mogus\n|cant|p2b: Crabominable|slp\n|move|p1a: Gothitelle|Thunder Wave|p2a: Spiritomb\n|-status|p2a: Spiritomb|par\n|\n|upkeep\n|turn|3\n|\n|t:|1683238577\n|switch|p1b: Scream Tail|Scream Tail, L50, shiny|100\/100\n|cant|p2a: Spiritomb|par\n|cant|p2b: Crabominable|slp\n|move|p1a: Gothitelle|Psychic|p2b: Crabominable\n|-supereffective|p2b: Crabominable\n|-damage|p2b: Crabominable|33\/100 slp\n|\n|upkeep\n|turn|4\n|\n|t:|1683238595\n|switch|p2a: Arboliva|Arboliva, L50, F, shiny|100\/100\n|move|p1b: Scream Tail|Protect|p1b: Scream Tail\n|-singleturn|p1b: Scream Tail|Protect\n|cant|p2b: Crabominable|slp\n|move|p1a: Gothitelle|Psychic|p2b: Crabominable\n|-supereffective|p2b: Crabominable\n|-damage|p2b: Crabominable|0 fnt\n|faint|p2b: Crabominable\n|\n|upkeep\n|\n|t:|1683238607\n|switch|p2b: Chien-Pao|Chien-Pao, L50|100\/100\n|-ability|p2b: Chien-Pao|Sword of Ruin\n|turn|5\n|\n|t:|1683238625\n|-terastallize|p2a: Arboliva|Flying\n|move|p1a: Gothitelle|Protect|p1a: Gothitelle\n|-singleturn|p1a: Gothitelle|Protect\n|move|p2b: Chien-Pao|Protect|p2b: Chien-Pao\n|-singleturn|p2b: Chien-Pao|Protect\n|move|p1b: Scream Tail|Perish Song|p1b: Scream Tail\n|-start|p1a: Gothitelle|perish3|[silent]\n|-start|p1b: Scream Tail|perish3|[silent]\n|-start|p2a: Arboliva|perish3|[silent]\n|-start|p2b: Chien-Pao|perish3|[silent]\n|-fieldactivate|move: Perish Song\n|move|p2a: Arboliva|Tera Blast|p1a: Gothitelle\n|-activate|p1a: Gothitelle|move: Protect\n|\n|-start|p1b: Scream Tail|perish3\n|-start|p2a: Arboliva|perish3\n|-start|p1a: Gothitelle|perish3\n|-start|p2b: Chien-Pao|perish3\n|-fieldend|move: Trick Room\n|upkeep\n|turn|6\n|inactive|wlvvs has 30 seconds left.\n|inactive|wlvvs has 20 seconds left.\n|inactive|wlvvs has 15 seconds left.\n|\n|t:|1683238666\n|-end|p1b: Scream Tail|Protosynthesis|[silent]\n|switch|p1b: mogus|Amoonguss, L50, M, shiny, tera:Water|75\/100\n|move|p2b: Chien-Pao|Ice Spinner|p1b: mogus\n|-resisted|p1b: mogus\n|-damage|p1b: mogus|45\/100\n|-damage|p2b: Chien-Pao|84\/100|[from] item: Rocky Helmet|[of] p1b: mogus\n|move|p2a: Arboliva|Tera Blast|p1a: Gothitelle\n|-damage|p1a: Gothitelle|36\/100\n|-enditem|p1a: Gothitelle|Sitrus Berry|[eat]\n|-heal|p1a: Gothitelle|61\/100|[from] item: Sitrus Berry\n|move|p1a: Gothitelle|Trick Room|p1a: Gothitelle\n|-fieldstart|move: Trick Room|[of] p1a: Gothitelle\n|\n|-start|p2a: Arboliva|perish2\n|-start|p1a: Gothitelle|perish2\n|-start|p2b: Chien-Pao|perish2\n|upkeep\n|turn|7\n|\n|t:|1683238685\n|move|p1a: Gothitelle|Protect|p1a: Gothitelle\n|-singleturn|p1a: Gothitelle|Protect\n|move|p2b: Chien-Pao|Protect|p2b: Chien-Pao\n|-singleturn|p2b: Chien-Pao|Protect\n|move|p1b: mogus|Spore|p2b: Chien-Pao\n|-activate|p2b: Chien-Pao|move: Protect\n|move|p2a: Arboliva|Energy Ball|p1b: mogus\n|-supereffective|p1b: mogus\n|-damage|p1b: mogus|0 fnt\n|faint|p1b: mogus\n|\n|-start|p2a: Arboliva|perish1\n|-start|p1a: Gothitelle|perish1\n|-start|p2b: Chien-Pao|perish1\n|upkeep\n|\n|t:|1683238689\n|switch|p1b: Scream Tail|Scream Tail, L50, shiny|100\/100\n|turn|8\n|\n|t:|1683238710\n|move|p1b: Scream Tail|Protect|p1b: Scream Tail\n|-singleturn|p1b: Scream Tail|Protect\n|move|p2a: Arboliva|Tera Blast|p1a: Gothitelle\n|-damage|p1a: Gothitelle|29\/100\n|move|p1a: Gothitelle|Thunder Wave|p2b: Chien-Pao\n|-status|p2b: Chien-Pao|par\n|cant|p2b: Chien-Pao|par\n|\n|-start|p2a: Arboliva|perish0\n|-start|p1a: Gothitelle|perish0\n|-start|p2b: Chien-Pao|perish0\n|faint|p2a: Arboliva\n|faint|p1a: Gothitelle\n|faint|p2b: Chien-Pao\n|upkeep\n|\n|t:|1683238724\n|switch|p2a: Spiritomb|Spiritomb, L50, F|84\/100 par\n|switch|p1a: Armarouge|Armarouge, L50, M, shiny|100\/100\n|-ability|p2a: Spiritomb|Pressure\n|turn|9\n|\n|t:|1683238731\n|move|p2a: Spiritomb|Foul Play|p1a: Armarouge\n|-supereffective|p1a: Armarouge\n|-damage|p1a: Armarouge|68\/100\n|move|p1b: Scream Tail|Perish Song|p1b: Scream Tail\n|-start|p1a: Armarouge|perish3|[silent]\n|-start|p1b: Scream Tail|perish3|[silent]\n|-start|p2a: Spiritomb|perish3|[silent]\n|-fieldactivate|move: Perish Song\n|move|p1a: Armarouge|Armor Cannon|p2a: Spiritomb\n|-damage|p2a: Spiritomb|9\/100 par\n|-unboost|p1a: Armarouge|def|1\n|-unboost|p1a: Armarouge|spd|1\n|-damage|p1a: Armarouge|58\/100|[from] item: Life Orb\n|\n|-start|p2a: Spiritomb|perish3\n|-start|p1b: Scream Tail|perish3\n|-start|p1a: Armarouge|perish3\n|upkeep\n|turn|10\n|\n|t:|1683238749\n|move|p2a: Spiritomb|Protect|p2a: Spiritomb\n|-singleturn|p2a: Spiritomb|Protect\n|move|p1a: Armarouge|Protect|p1a: Armarouge\n|-singleturn|p1a: Armarouge|Protect\n|move|p1b: Scream Tail|Disable|p2a: Spiritomb\n|-activate|p2a: Spiritomb|move: Protect\n|\n|-start|p2a: Spiritomb|perish2\n|-start|p1b: Scream Tail|perish2\n|-start|p1a: Armarouge|perish2\n|-fieldend|move: Trick Room\n|upkeep\n|turn|11\n|\n|t:|1683238764\n|move|p1a: Armarouge|Armor Cannon|p2a: Spiritomb\n|-damage|p2a: Spiritomb|0 fnt\n|-unboost|p1a: Armarouge|def|1\n|-unboost|p1a: Armarouge|spd|1\n|faint|p2a: Spiritomb\n|-damage|p1a: Armarouge|48\/100|[from] item: Life Orb\n|\n|win|sabertooth81\n|raw|sabertooth81's rating: 1058 → 1087<\/strong> (+29 for winning)\n|raw|wlvvs's rating: 1037 → 1022<\/strong> (-15 for losing)\n|l|\u2606wlvvs\n|c|\u2606sabertooth81|gg\n","uploadtime":1683238856,"views":20,"p1id":"sabertooth81","p2id":"wlvvs","formatid":"gen9vgc2023regulationc","rating":1022,"private":0,"password":""}