{"id":"gen9vgc2023regulationc-1848823173","p1":"kushsmoker68","p2":"kirasai","format":"[Gen 9] VGC 2023 Regulation C","log":"|j|\u2606kushsmoker68\n|j|\u2606kirasai\n|t:|1682114240\n|gametype|doubles\n|player|p1|kushsmoker68|clerkf|1065\n|player|p2|kirasai|guitarist|1079\n|teamsize|p1|6\n|teamsize|p2|6\n|gen|9\n|tier|[Gen 9] VGC 2023 Regulation C\n|rated|\n|rule|Species Clause: Limit one of each Pok\u00e9mon\n|rule|Item Clause: Limit one of each item\n|clearpoke\n|poke|p1|Tatsugiri, L50, M|\n|poke|p1|Dondozo, L50, M|\n|poke|p1|Flutter Mane, L50|\n|poke|p1|Flamigo, L50, F|\n|poke|p1|Ceruledge, L50, F|\n|poke|p1|Maushold, L50|\n|poke|p2|Ting-Lu, L50|\n|poke|p2|Tauros-Paldea-Aqua, L50, M|\n|poke|p2|Noivern, L50, M|\n|poke|p2|Banette, L50, F|\n|poke|p2|Armarouge, L50, M|\n|poke|p2|Chansey, L50, F|\n|teampreview|4\n|\n|t:|1682114254\n|start\n|switch|p1a: SUSHI!|Tatsugiri, L50, M|100\/100\n|switch|p1b: Lil Flutty Mane|Flutter Mane, L50|100\/100\n|switch|p2a: Banette|Banette, L50, F|100\/100\n|switch|p2b: Noivern|Noivern, L50, M|100\/100\n|-item|p1a: SUSHI!|Focus Sash|[from] ability: Frisk|[of] p2a: Banette|[identify]\n|-item|p1b: Lil Flutty Mane|Booster Energy|[from] ability: Frisk|[of] p2a: Banette|[identify]\n|-enditem|p1b: Lil Flutty Mane|Booster Energy\n|-activate|p1b: Lil Flutty Mane|ability: Protosynthesis|[fromitem]\n|-start|p1b: Lil Flutty Mane|protosynthesisspe\n|turn|1\n|\n|t:|1682114274\n|move|p1a: SUSHI!|Protect|p1a: SUSHI!\n|-singleturn|p1a: SUSHI!|Protect\n|move|p1b: Lil Flutty Mane|Perish Song|p1b: Lil Flutty Mane\n|-start|p1a: SUSHI!|perish3|[silent]\n|-start|p1b: Lil Flutty Mane|perish3|[silent]\n|-start|p2a: Banette|perish3|[silent]\n|-start|p2b: Noivern|perish3|[silent]\n|-fieldactivate|move: Perish Song\n|move|p2a: Banette|Trick|p1a: SUSHI!\n|-activate|p1a: SUSHI!|move: Protect\n|move|p2b: Noivern|Taunt|p1b: Lil Flutty Mane\n|-start|p1b: Lil Flutty Mane|move: Taunt\n|\n|-start|p1b: Lil Flutty Mane|perish3\n|-start|p2a: Banette|perish3\n|-start|p2b: Noivern|perish3\n|-start|p1a: SUSHI!|perish3\n|upkeep\n|turn|2\n|\n|t:|1682114318\n|switch|p2b: Chansey|Chansey, L50, F|100\/100\n|move|p1b: Lil Flutty Mane|Moonblast|p2b: Chansey\n|-damage|p2b: Chansey|85\/100\n|-unboost|p2b: Chansey|spa|1\n|move|p2a: Banette|Trick|p1a: SUSHI!\n|-activate|p2a: Banette|move: Trick|[of] p1a: SUSHI!\n|-item|p1a: SUSHI!|Choice Scarf|[from] move: Trick\n|-item|p2a: Banette|Focus Sash|[from] move: Trick\n|move|p1a: SUSHI!|Draco Meteor|p2a: Banette\n|-enditem|p2a: Banette|Focus Sash\n|-damage|p2a: Banette|1\/100\n|-unboost|p1a: SUSHI!|spa|2\n|\n|-start|p1b: Lil Flutty Mane|perish2\n|-start|p1a: SUSHI!|perish2\n|-start|p2a: Banette|perish2\n|upkeep\n|turn|3\n|\n|t:|1682114346\n|-end|p1b: Lil Flutty Mane|Protosynthesis|[silent]\n|switch|p1b: Donny D|Dondozo, L50, M|100\/100\n|-activate|p1a: SUSHI!|ability: Commander|[of] p1b: Donny D\n|-boost|p1b: Donny D|atk|2\n|-boost|p1b: Donny D|spa|2\n|-boost|p1b: Donny D|spe|2\n|-boost|p1b: Donny D|def|2\n|-boost|p1b: Donny D|spd|2\n|move|p2a: Banette|Protect|p2a: Banette\n|-singleturn|p2a: Banette|Protect\n|move|p2b: Chansey|Life Dew|p2b: Chansey|[spread] p2a,p2b\n|-heal|p2a: Banette|26\/100\n|-heal|p2b: Chansey|100\/100\n|\n|-start|p1a: SUSHI!|perish1\n|-start|p2a: Banette|perish1\n|upkeep\n|turn|4\n|\n|t:|1682114367\n|switch|p2a: Noivern|Noivern, L50, M|100\/100\n|move|p1b: Donny D|Order Up|p2b: Chansey\n|-damage|p2b: Chansey|73\/100\n|-boost|p1b: Donny D|atk|1\n|move|p2b: Chansey|Seismic Toss|p1b: Donny D\n|-damage|p1b: Donny D|78\/100\n|\n|-heal|p1b: Donny D|85\/100|[from] item: Leftovers\n|-start|p1a: SUSHI!|perish0\n|upkeep\n|faint|p1a: SUSHI!\n|\n|t:|1682114383\n|switch|p1a: Steve|Flamigo, L50, F|100\/100\n|-copyboost|p1a: Steve|p1b: Donny D|[from] ability: Costar\n|turn|5\n|inactive|Battle timer is ON: inactive players will automatically lose when time's up. (requested by kushsmoker68)\n|inactive|kirasai has 60 seconds left.\n|inactive|kirasai has 30 seconds left.\n|inactive|kirasai has 20 seconds left.\n|inactive|kirasai has 15 seconds left.\n|inactive|kirasai has 10 seconds left.\n|inactive|kirasai has 5 seconds left.\n|\n|t:|1682114546\n|-terastallize|p1a: Steve|Flying\n|move|p1a: Steve|Brave Bird|p2b: Chansey\n|-damage|p2b: Chansey|0 fnt\n|faint|p2b: Chansey\n|-damage|p1a: Steve|47\/100|[from] Recoil\n|move|p2a: Noivern|Boomburst|p1a: Steve|[spread] p1a,p1b\n|-damage|p1a: Steve|21\/100\n|-damage|p1b: Donny D|70\/100\n|-enditem|p2a: Noivern|Throat Spray\n|-boost|p2a: Noivern|spa|1|[from] item: Throat Spray\n|move|p1b: Donny D|Order Up|p2a: Noivern\n|-supereffective|p2a: Noivern\n|-damage|p2a: Noivern|0 fnt\n|faint|p2a: Noivern\n|-boost|p1b: Donny D|atk|1\n|\n|-heal|p1b: Donny D|77\/100|[from] item: Leftovers\n|upkeep\n|\n|t:|1682114561\n|switch|p2a: Banette|Banette, L50, F|26\/100\n|switch|p2b: Ting-Lu|Ting-Lu, L50|100\/100\n|-item|p1a: Steve|Choice Scarf|[from] ability: Frisk|[of] p2a: Banette|[identify]\n|-item|p1b: Donny D|Leftovers|[from] ability: Frisk|[of] p2a: Banette|[identify]\n|-ability|p2b: Ting-Lu|Vessel of Ruin\n|turn|6\n|\n|t:|1682114577\n|-terastallize|p2b: Ting-Lu|Normal\n|move|p1a: Steve|Brave Bird|p2b: Ting-Lu\n|-damage|p2b: Ting-Lu|1\/100\n|-damage|p1a: Steve|0 fnt|[from] Recoil\n|faint|p1a: Steve\n|move|p1b: Donny D|Earthquake|p2a: Banette|[spread] p2a,p2b\n|-damage|p2a: Banette|0 fnt\n|-damage|p2b: Ting-Lu|0 fnt\n|faint|p2a: Banette\n|faint|p2b: Ting-Lu\n|\n|win|kushsmoker68\n|raw|kushsmoker68's rating: 1065 → 1096<\/strong> (+31 for winning)\n|raw|kirasai's rating: 1079 → 1056<\/strong> (-23 for losing)\n","uploadtime":1682114591,"views":14,"p1id":"kushsmoker68","p2id":"kirasai","formatid":"gen9vgc2023regulationc","rating":1056,"private":0,"password":""}