{"id":"gen9vgc2023regulationc-1863491525","p1":"Revocolombia","p2":"evakiyama!","format":"[Gen 9] VGC 2023 Regulation C","log":"|j|\u2606Revocolombia\n|j|\u2606evakiyama!\n|t:|1684024631\n|gametype|doubles\n|player|p1|Revocolombia|101|1487\n|player|p2|evakiyama!|jasmine|1388\n|teamsize|p1|6\n|teamsize|p2|6\n|gen|9\n|tier|[Gen 9] VGC 2023 Regulation C\n|rated|\n|rule|Species Clause: Limit one of each Pok\u00e9mon\n|rule|Item Clause: Limit one of each item\n|clearpoke\n|poke|p1|Flutter Mane, L50|\n|poke|p1|Annihilape, L50, F|\n|poke|p1|Dragonite, L50, F|\n|poke|p1|Chien-Pao, L50|\n|poke|p1|Murkrow, L50, F|\n|poke|p1|Gholdengo, L50|\n|poke|p2|Slither Wing, L50|\n|poke|p2|Torkoal, L50, M|\n|poke|p2|Jumpluff, L50, F|\n|poke|p2|Chien-Pao, L50|\n|poke|p2|Great Tusk, L50|\n|poke|p2|Flutter Mane, L50|\n|teampreview|4\n|inactive|Battle timer is ON: inactive players will automatically lose when time's up. (requested by evakiyama!)\n|inactive|Revocolombia has 60 seconds left.\n|\n|t:|1684024671\n|start\n|switch|p1a: Annihilape|Annihilape, L50, F|100\/100\n|switch|p1b: Murkrow|Murkrow, L50, F|100\/100\n|switch|p2a: SUN TZU|Torkoal, L50, M|100\/100\n|switch|p2b: PLZHITSLEEP|Jumpluff, L50, F, shiny|100\/100\n|-weather|SunnyDay|[from] ability: Drought|[of] p2a: SUN TZU\n|turn|1\n|\n|t:|1684024691\n|-terastallize|p1a: Annihilape|Fire\n|move|p1b: Murkrow|Taunt|p2b: PLZHITSLEEP\n|-start|p2b: PLZHITSLEEP|move: Taunt\n|cant|p2b: PLZHITSLEEP|move: Taunt|Sleep Powder\n|move|p1a: Annihilape|Bulk Up|p1a: Annihilape\n|-boost|p1a: Annihilape|atk|1\n|-boost|p1a: Annihilape|def|1\n|move|p2a: SUN TZU|Overheat|p1a: Annihilape\n|-resisted|p1a: Annihilape\n|-damage|p1a: Annihilape|74\/100\n|-unboost|p2a: SUN TZU|spa|2\n|-enditem|p2a: SUN TZU|Eject Pack\n|\n|t:|1684024701\n|switch|p2a: SLITHER GOAT|Slither Wing, L50|100\/100\n|-activate|p2a: SLITHER GOAT|ability: Protosynthesis\n|-start|p2a: SLITHER GOAT|protosynthesisatk\n|\n|-weather|SunnyDay|[upkeep]\n|-heal|p1a: Annihilape|80\/100|[from] item: Leftovers\n|upkeep\n|turn|2\n|\n|t:|1684024717\n|switch|p2b: SUN TZU|Torkoal, L50, M|100\/100\n|switch|p1b: Dragonite|Dragonite, L50, F|100\/100\n|move|p1a: Annihilape|Protect|p1a: Annihilape\n|-singleturn|p1a: Annihilape|Protect\n|move|p2a: SLITHER GOAT|Close Combat|p1a: Annihilape\n|-activate|p1a: Annihilape|move: Protect\n|\n|-weather|SunnyDay|[upkeep]\n|-heal|p1a: Annihilape|87\/100|[from] item: Leftovers\n|upkeep\n|turn|3\n|inactive|evakiyama! has 30 seconds left.\n|\n|t:|1684024742\n|move|p2b: SUN TZU|Helping Hand|p2a: SLITHER GOAT\n|-singleturn|p2a: SLITHER GOAT|Helping Hand|[of] p2b: SUN TZU\n|move|p2a: SLITHER GOAT|Close Combat|p1a: Annihilape\n|-damage|p1a: Annihilape|5\/100\n|-unboost|p2a: SLITHER GOAT|def|1\n|-unboost|p2a: SLITHER GOAT|spd|1\n|move|p1b: Dragonite|Dragon Dance|p1b: Dragonite\n|-boost|p1b: Dragonite|atk|1\n|-boost|p1b: Dragonite|spe|1\n|move|p1a: Annihilape|Rage Fist|p2b: SUN TZU\n|-damage|p2b: SUN TZU|21\/100\n|\n|-weather|SunnyDay|[upkeep]\n|-heal|p1a: Annihilape|12\/100|[from] item: Leftovers\n|upkeep\n|turn|4\n|inactive|Revocolombia has 30 seconds left.\n|inactive|evakiyama! has 30 seconds left.\n|inactive|Revocolombia has 20 seconds left.\n|inactive|Revocolombia has 15 seconds left.\n|\n|t:|1684024784\n|move|p1a: Annihilape|Protect|p1a: Annihilape\n|-singleturn|p1a: Annihilape|Protect\n|move|p1b: Dragonite|Extreme Speed|p2a: SLITHER GOAT\n|-damage|p2a: SLITHER GOAT|10\/100\n|move|p2a: SLITHER GOAT|Close Combat|p1a: Annihilape\n|-activate|p1a: Annihilape|move: Protect\n|move|p2b: SUN TZU|Overheat|p1a: Annihilape\n|-activate|p1a: Annihilape|move: Protect\n|\n|-weather|SunnyDay|[upkeep]\n|-heal|p1a: Annihilape|18\/100|[from] item: Leftovers\n|upkeep\n|turn|5\n|\n|t:|1684024804\n|switch|p2b: PLZHITSLEEP|Jumpluff, L50, F, shiny|100\/100\n|move|p1b: Dragonite|Extreme Speed|p2a: SLITHER GOAT\n|-damage|p2a: SLITHER GOAT|0 fnt\n|faint|p2a: SLITHER GOAT\n|-end|p2a: SLITHER GOAT|Protosynthesis|[silent]\n|move|p1a: Annihilape|Drain Punch|p2b: PLZHITSLEEP\n|-resisted|p2b: PLZHITSLEEP\n|-crit|p2b: PLZHITSLEEP\n|-damage|p2b: PLZHITSLEEP|49\/100\n|-heal|p1a: Annihilape|40\/100|[from] drain|[of] p2b: PLZHITSLEEP\n|\n|-weather|none\n|-heal|p1a: Annihilape|47\/100|[from] item: Leftovers\n|upkeep\n|\n|t:|1684024811\n|switch|p2a: DIAMOND DUST|Chien-Pao, L50|100\/100\n|-ability|p2a: DIAMOND DUST|Sword of Ruin\n|turn|6\n|inactive|Revocolombia has 30 seconds left.\n|\n|t:|1684024843\n|move|p1b: Dragonite|Extreme Speed|p2b: PLZHITSLEEP\n|-damage|p2b: PLZHITSLEEP|0 fnt\n|faint|p2b: PLZHITSLEEP\n|move|p2a: DIAMOND DUST|Ice Spinner|p1b: Dragonite\n|-supereffective|p1b: Dragonite\n|-damage|p1b: Dragonite|0 fnt\n|faint|p1b: Dragonite\n|move|p1a: Annihilape|Rage Fist|p2a: DIAMOND DUST\n|-resisted|p2a: DIAMOND DUST\n|-damage|p2a: DIAMOND DUST|31\/100\n|\n|-heal|p1a: Annihilape|53\/100|[from] item: Leftovers\n|upkeep\n|\n|t:|1684024858\n|switch|p2b: SUN TZU|Torkoal, L50, M|21\/100\n|switch|p1b: Flutter Mane|Flutter Mane, L50|100\/100\n|-weather|SunnyDay|[from] ability: Drought|[of] p2b: SUN TZU\n|-activate|p1b: Flutter Mane|ability: Protosynthesis\n|-start|p1b: Flutter Mane|protosynthesisspe\n|turn|7\n|\n|t:|1684024872\n|move|p2a: DIAMOND DUST|Sucker Punch|p1b: Flutter Mane\n|-damage|p1b: Flutter Mane|15\/100\n|move|p1b: Flutter Mane|Dazzling Gleam|p2a: DIAMOND DUST|[spread] p2a,p2b\n|-supereffective|p2a: DIAMOND DUST\n|-resisted|p2b: SUN TZU\n|-damage|p2a: DIAMOND DUST|0 fnt\n|-damage|p2b: SUN TZU|3\/100\n|faint|p2a: DIAMOND DUST\n|move|p1a: Annihilape|Drain Punch|p2b: SUN TZU\n|-damage|p2b: SUN TZU|0 fnt\n|-heal|p1a: Annihilape|54\/100|[from] drain|[of] p2b: SUN TZU\n|faint|p2b: SUN TZU\n|\n|win|Revocolombia\n|raw|Revocolombia's rating: 1487 → 1501<\/strong> (+14 for winning)\n|raw|evakiyama!'s rating: 1388 → 1374<\/strong> (-14 for losing)\n|l|\u2606evakiyama!\n","uploadtime":1684024902,"views":6,"p1id":"revocolombia","p2id":"evakiyama","formatid":"gen9vgc2023regulationc","rating":1374,"private":0,"password":""}