{"id":"gen9vgc2023regulationc-1860695812","p1":"NeverGonnaDoIt","p2":"jaysohm","format":"[Gen 9] VGC 2023 Regulation C","log":"|j|\u2606NeverGonnaDoIt\n|j|\u2606jaysohm\n|t:|1683667189\n|gametype|doubles\n|player|p1|NeverGonnaDoIt|red-gen2|1215\n|player|p2|jaysohm|170|1135\n|teamsize|p1|6\n|teamsize|p2|6\n|gen|9\n|tier|[Gen 9] VGC 2023 Regulation C\n|rated|\n|rule|Species Clause: Limit one of each Pok\u00e9mon\n|rule|Item Clause: Limit one of each item\n|clearpoke\n|poke|p1|Chi-Yu, L50|\n|poke|p1|Flutter Mane, L50|\n|poke|p1|Gyarados, L50, F|\n|poke|p1|Iron Hands, L50|\n|poke|p1|Iron Bundle, L50|\n|poke|p1|Amoonguss, L50, M|\n|poke|p2|Bombirdier, L50, M|\n|poke|p2|Toxtricity, L50, M|\n|poke|p2|Flutter Mane, L50|\n|poke|p2|Great Tusk, L50|\n|poke|p2|Amoonguss, L50, F|\n|poke|p2|Dragonite, L50, M|\n|teampreview|4\n|inactive|Battle timer is ON: inactive players will automatically lose when time's up. (requested by jaysohm)\n|inactive|NeverGonnaDoIt has 60 seconds left.\n|inactive|jaysohm has 60 seconds left.\nNeverGonnaDoIt has agreed to open team sheets.\n|\n|t:|1683667237\n|start\n|switch|p1a: Iron Bundle|Iron Bundle, L50|100\/100\n|switch|p1b: Flutter Mane|Flutter Mane, L50|100\/100\n|switch|p2a: Dragonite|Dragonite, L50, M|100\/100\n|switch|p2b: Toxtricity|Toxtricity, L50, M|100\/100\n|-enditem|p1a: Iron Bundle|Booster Energy\n|-activate|p1a: Iron Bundle|ability: Quark Drive|[fromitem]\n|-start|p1a: Iron Bundle|quarkdrivespe\n|turn|1\n|\n|t:|1683667257\n|move|p2a: Dragonite|Protect|p2a: Dragonite\n|-singleturn|p2a: Dragonite|Protect\n|move|p1a: Iron Bundle|Icy Wind|p2b: Toxtricity|[spread] p2b\n|-activate|p2a: Dragonite|move: Protect\n|-damage|p2b: Toxtricity|74\/100\n|-unboost|p2b: Toxtricity|spe|1\n|move|p1b: Flutter Mane|Shadow Ball|p2b: Toxtricity\n|-damage|p2b: Toxtricity|0 fnt\n|faint|p2b: Toxtricity\n|\n|upkeep\n|inactive|jaysohm has 30 seconds left.\n|\n|t:|1683667284\n|switch|p2b: Flutter Mane|Flutter Mane, L50|100\/100\n|turn|2\n|\n|t:|1683667306\n|-terastallize|p2a: Dragonite|Normal\n|move|p2a: Dragonite|Extreme Speed|p1a: Iron Bundle\n|-damage|p1a: Iron Bundle|58\/100\n|move|p1a: Iron Bundle|Icy Wind|p2b: Flutter Mane|[spread] p2a,p2b\n|-damage|p2a: Dragonite|91\/100\n|-damage|p2b: Flutter Mane|81\/100\n|-unboost|p2b: Flutter Mane|spe|1\n|move|p1b: Flutter Mane|Shadow Ball|p2a: Dragonite\n|-immune|p2a: Dragonite\n|move|p2b: Flutter Mane|Shadow Ball|p1b: Flutter Mane\n|-supereffective|p1b: Flutter Mane\n|-damage|p1b: Flutter Mane|0 fnt\n|faint|p1b: Flutter Mane\n|-end|p1b: Flutter Mane|Protosynthesis|[silent]\n|\n|upkeep\n|\n|t:|1683667317\n|switch|p1b: Chi-Yu|Chi-Yu, L50|100\/100\n|-ability|p1b: Chi-Yu|Beads of Ruin\n|turn|3\n|inactive|NeverGonnaDoIt has 30 seconds left.\n|inactive|NeverGonnaDoIt has 20 seconds left.\n|\n|t:|1683667361\n|move|p1a: Iron Bundle|Freeze-Dry|p2b: Flutter Mane\n|-damage|p2b: Flutter Mane|37\/100\n|move|p1b: Chi-Yu|Heat Wave|p2b: Flutter Mane|[spread] p2a,p2b\n|-damage|p2a: Dragonite|46\/100\n|-damage|p2b: Flutter Mane|0 fnt\n|faint|p2b: Flutter Mane\n|-end|p2b: Flutter Mane|Protosynthesis|[silent]\n|move|p2a: Dragonite|Outrage|p1a: Iron Bundle\n|-damage|p1a: Iron Bundle|0 fnt\n|faint|p1a: Iron Bundle\n|-end|p1a: Iron Bundle|Quark Drive|[silent]\n|\n|upkeep\n|\n|t:|1683667372\n|switch|p2b: Amoonguss|Amoonguss, L50, F|100\/100\n|switch|p1a: Gyarados|Gyarados, L50, F, shiny|100\/100\n|-ability|p1a: Gyarados|Intimidate|boost\n|-fail|p2a: Dragonite|unboost|[from] item: Clear Amulet|[of] p2a: Dragonite\n|-unboost|p2b: Amoonguss|atk|1\n|turn|4\n|\n|t:|1683667391\n|move|p1b: Chi-Yu|Protect|p1b: Chi-Yu\n|-singleturn|p1b: Chi-Yu|Protect\n|move|p1a: Gyarados|Taunt|p2b: Amoonguss\n|-start|p2b: Amoonguss|move: Taunt\n|move|p2a: Dragonite|Outrage|p1a: Gyarados|[from]lockedmove\n|-damage|p1a: Gyarados|25\/100\n|-enditem|p1a: Gyarados|Sitrus Berry|[eat]\n|-heal|p1a: Gyarados|50\/100|[from] item: Sitrus Berry\n|-start|p2a: Dragonite|confusion|[fatigue]\n|cant|p2b: Amoonguss|move: Taunt|Spore\n|\n|upkeep\n|turn|5\n|\n|t:|1683667413\n|move|p1a: Gyarados|Helping Hand|p1b: Chi-Yu\n|-singleturn|p1b: Chi-Yu|Helping Hand|[of] p1a: Gyarados\n|move|p1b: Chi-Yu|Dark Pulse|p2a: Dragonite\n|-damage|p2a: Dragonite|0 fnt\n|faint|p2a: Dragonite\n|move|p2b: Amoonguss|Pollen Puff|p2: Dragonite|[notarget]\n|-fail|p2b: Amoonguss\n|\n|upkeep\n|turn|6\n|\n|t:|1683667426\n|move|p1a: Gyarados|Helping Hand|p1b: Chi-Yu\n|-singleturn|p1b: Chi-Yu|Helping Hand|[of] p1a: Gyarados\n|move|p1b: Chi-Yu|Heat Wave|p2b: Amoonguss\n|-supereffective|p2b: Amoonguss\n|-damage|p2b: Amoonguss|0 fnt\n|faint|p2b: Amoonguss\n|\n|win|NeverGonnaDoIt\n|raw|NeverGonnaDoIt's rating: 1215 → 1234<\/strong> (+19 for winning)\n|raw|jaysohm's rating: 1135 → 1116<\/strong> (-19 for losing)\n|l|\u2606jaysohm\n","uploadtime":1683667517,"views":15,"p1id":"nevergonnadoit","p2id":"jaysohm","formatid":"gen9vgc2023regulationc","rating":1116,"private":0,"password":""}