{"id":"gen9vgc2023regulationc-1844908563","p1":"TrainerRYSA","p2":"snowf4ll","format":"[Gen 9] VGC 2023 Regulation C","log":"|j|\u2606TrainerRYSA\n|j|\u2606snowf4ll\n|t:|1681662956\n|gametype|doubles\n|player|p1|TrainerRYSA|170|1206\n|player|p2|snowf4ll|acetrainerf-gen4dp|1317\n|teamsize|p1|6\n|teamsize|p2|6\n|gen|9\n|tier|[Gen 9] VGC 2023 Regulation C\n|rated|\n|rule|Species Clause: Limit one of each Pok\u00e9mon\n|rule|Item Clause: Limit one of each item\n|clearpoke\n|poke|p1|Flutter Mane, L50|\n|poke|p1|Iron Hands, L50|\n|poke|p1|Dragonite, L50, M|\n|poke|p1|Umbreon, L50, M|\n|poke|p1|Gyarados, L50, F|\n|poke|p1|Palafin, L50, F|\n|poke|p2|Ting-Lu, L50|\n|poke|p2|Amoonguss, L50, F|\n|poke|p2|Arcanine, L50, M|\n|poke|p2|Annihilape, L50, M|\n|poke|p2|Iron Bundle, L50|\n|poke|p2|Maushold, L50|\n|teampreview|4\n|inactive|Battle timer is ON: inactive players will automatically lose when time's up. (requested by snowf4ll)\n|inactive|TrainerRYSA has 60 seconds left.\n|inactive|snowf4ll has 60 seconds left.\nsnowf4ll has agreed to open team sheets.\n|\n|t:|1681662997\n|start\n|switch|p1a: Sasuke|Umbreon, L50, M, shiny|100\/100\n|switch|p1b: Gyarados|Gyarados, L50, F, shiny|100\/100\n|switch|p2a: Iron Bundle|Iron Bundle, L50|100\/100\n|switch|p2b: Ting-Lu|Ting-Lu, L50|100\/100\n|-ability|p1b: Gyarados|Intimidate|boost\n|-unboost|p2a: Iron Bundle|atk|1\n|-unboost|p2b: Ting-Lu|atk|1\n|-ability|p2b: Ting-Lu|Vessel of Ruin\n|-enditem|p2a: Iron Bundle|Booster Energy\n|-activate|p2a: Iron Bundle|ability: Quark Drive|[fromitem]\n|-start|p2a: Iron Bundle|quarkdrivespe\n|turn|1\n|inactive|TrainerRYSA has 30 seconds left.\n|inactive|TrainerRYSA has 20 seconds left.\n|inactive|TrainerRYSA has 15 seconds left.\n|\n|t:|1681663040\n|switch|p1a: Flutter Mane|Flutter Mane, L50|100\/100\n|-enditem|p1a: Flutter Mane|Booster Energy\n|-activate|p1a: Flutter Mane|ability: Protosynthesis|[fromitem]\n|-start|p1a: Flutter Mane|protosynthesisspa\n|switch|p2b: Annihilape|Annihilape, L50, M|100\/100\n|move|p2a: Iron Bundle|Freeze-Dry|p1b: Gyarados\n|-supereffective|p1b: Gyarados\n|-crit|p1b: Gyarados\n|-damage|p1b: Gyarados|0 fnt\n|faint|p1b: Gyarados\n|\n|upkeep\n|\n|t:|1681663051\n|switch|p1b: Sasuke|Umbreon, L50, M, shiny|100\/100\n|turn|2\n|\n|t:|1681663072\n|-terastallize|p2b: Annihilape|Fire\n|-terastallize|p1b: Sasuke|Water\n|move|p2a: Iron Bundle|Protect|p2a: Iron Bundle\n|-singleturn|p2a: Iron Bundle|Protect\n|move|p1a: Flutter Mane|Dazzling Gleam|p2b: Annihilape|[spread] p2b\n|-activate|p2a: Iron Bundle|move: Protect\n|-resisted|p2b: Annihilape\n|-damage|p2b: Annihilape|85\/100\n|move|p2b: Annihilape|Rage Fist|p1a: Flutter Mane\n|-supereffective|p1a: Flutter Mane\n|-damage|p1a: Flutter Mane|0 fnt\n|faint|p1a: Flutter Mane\n|-end|p1a: Flutter Mane|Protosynthesis|[silent]\n|move|p1b: Sasuke|Foul Play|p2b: Annihilape\n|-damage|p2b: Annihilape|50\/100\n|\n|-heal|p2b: Annihilape|56\/100|[from] item: Leftovers\n|upkeep\n|\n|t:|1681663087\n|switch|p1a: Dragonite|Dragonite, L50, M, shiny|100\/100\n|turn|3\n|\n|t:|1681663100\n|move|p2a: Iron Bundle|Freeze-Dry|p1a: Dragonite\n|-supereffective|p1a: Dragonite\n|-damage|p1a: Dragonite|0 fnt\n|faint|p1a: Dragonite\n|move|p2b: Annihilape|Rage Fist|p1b: Sasuke\n|-damage|p1b: Sasuke|63\/100\n|move|p1b: Sasuke|Skill Swap|p2b: Annihilape\n|-activate|p1b: Sasuke|move: Skill Swap|Defiant|Inner Focus|[of] p2b: Annihilape\n|\n|-heal|p2b: Annihilape|62\/100|[from] item: Leftovers\n|upkeep\n|turn|4\n|\n|t:|1681663120\n|move|p2a: Iron Bundle|Encore|p1b: Sasuke\n|-start|p1b: Sasuke|Encore\n|move|p2b: Annihilape|Bulk Up|p2b: Annihilape\n|-boost|p2b: Annihilape|atk|1\n|-boost|p2b: Annihilape|def|1\n|-enditem|p1b: Sasuke|Mirror Herb\n|-boost|p1b: Sasuke|atk|1|[from] item: Mirror Herb\n|-boost|p1b: Sasuke|def|1|[from] item: Mirror Herb\n|move|p1b: Sasuke|Skill Swap|p2b: Annihilape\n|-activate|p1b: Sasuke|move: Skill Swap|Inner Focus|Defiant|[of] p2b: Annihilape\n|\n|-heal|p2b: Annihilape|68\/100|[from] item: Leftovers\n|upkeep\n|turn|5\n|-message|TrainerRYSA forfeited.\n|\n|win|snowf4ll\n|raw|TrainerRYSA's rating: 1206 → 1189<\/strong> (-17 for losing)\n|raw|snowf4ll's rating: 1317 → 1331<\/strong> (+14 for winning)\n|c|\u2606snowf4ll|ubreon is interesting\n","uploadtime":1681663140,"views":53,"p1id":"trainerrysa","p2id":"snowf4ll","formatid":"gen9vgc2023regulationc","rating":1189,"private":0,"password":""}