{"id":"gen9vgc2023regulationc-1860339290","p1":"L-DNSZ","p2":"Heatwavegang","format":"[Gen 9] VGC 2023 Regulation C","log":"|j|\u2606L-DNSZ\n|j|\u2606Heatwavegang\n|t:|1683634732\n|gametype|doubles\n|player|p1|L-DNSZ|hilbert|1140\n|player|p2|Heatwavegang|lucas|1148\n|teamsize|p1|6\n|teamsize|p2|6\n|gen|9\n|tier|[Gen 9] VGC 2023 Regulation C\n|rated|\n|rule|Species Clause: Limit one of each Pok\u00e9mon\n|rule|Item Clause: Limit one of each item\n|clearpoke\n|poke|p1|Ceruledge, L50, F|\n|poke|p1|Iron Bundle, L50|\n|poke|p1|Iron Hands, L50|\n|poke|p1|Breloom, L50, F|\n|poke|p1|Roaring Moon, L50|\n|poke|p1|Arcanine, L50, F|\n|poke|p2|Flutter Mane, L50|\n|poke|p2|Amoonguss, L50, M|\n|poke|p2|Iron Hands, L50|\n|poke|p2|Dragapult, L50, F|\n|poke|p2|Arcanine, L50, M|\n|poke|p2|Dondozo, L50, M|\n|teampreview|4\n|\n|t:|1683634796\n|start\n|switch|p1a: Iron Hands|Iron Hands, L50, shiny|100\/100\n|switch|p1b: Iron Bundle|Iron Bundle, L50|100\/100\n|switch|p2a: Flutter Mane|Flutter Mane, L50|100\/100\n|switch|p2b: Arcanine|Arcanine, L50, M|100\/100\n|-ability|p2b: Arcanine|Intimidate|boost\n|-unboost|p1a: Iron Hands|atk|1\n|-unboost|p1b: Iron Bundle|atk|1\n|-enditem|p1b: Iron Bundle|Booster Energy\n|-activate|p1b: Iron Bundle|ability: Quark Drive|[fromitem]\n|-start|p1b: Iron Bundle|quarkdrivespe\n|turn|1\n|inactive|Battle timer is ON: inactive players will automatically lose when time's up. (requested by Heatwavegang)\n|\n|t:|1683634833\n|-terastallize|p1a: Iron Hands|Ground\n|move|p1b: Iron Bundle|Hydro Pump|p2b: Arcanine|[miss]\n|-miss|p1b: Iron Bundle|p2b: Arcanine\n|move|p2a: Flutter Mane|Moonblast|p1a: Iron Hands\n|-damage|p1a: Iron Hands|75\/100\n|move|p2b: Arcanine|Snarl|p1a: Iron Hands|[spread] p1a,p1b\n|-damage|p1a: Iron Hands|71\/100\n|-damage|p1b: Iron Bundle|82\/100\n|-unboost|p1a: Iron Hands|spa|1\n|-unboost|p1b: Iron Bundle|spa|1\n|move|p1a: Iron Hands|Heavy Slam|p2a: Flutter Mane\n|-supereffective|p2a: Flutter Mane\n|-enditem|p2a: Flutter Mane|Focus Sash\n|-damage|p2a: Flutter Mane|1\/100\n|\n|upkeep\n|turn|2\n|inactive|L-DNSZ has 30 seconds left.\n|\n|t:|1683634859\n|switch|p2b: Dondozo|Dondozo, L50, M|100\/100\n|move|p2a: Flutter Mane|Protect|p2a: Flutter Mane\n|-singleturn|p2a: Flutter Mane|Protect\n|move|p1b: Iron Bundle|Hydro Pump|p2b: Dondozo\n|-resisted|p2b: Dondozo\n|-damage|p2b: Dondozo|76\/100\n|move|p1a: Iron Hands|Heavy Slam|p2a: Flutter Mane\n|-activate|p2a: Flutter Mane|move: Protect\n|\n|-heal|p2b: Dondozo|82\/100|[from] item: Leftovers\n|upkeep\n|turn|3\n|inactive|L-DNSZ has 30 seconds left.\n|inactive|L-DNSZ has 20 seconds left.\n|inactive|L-DNSZ has 15 seconds left.\n|inactive|L-DNSZ has 10 seconds left.\n|\n|t:|1683634907\n|-end|p2a: Flutter Mane|Protosynthesis|[silent]\n|switch|p2a: Arcanine|Arcanine, L50, M|100\/100\n|-ability|p2a: Arcanine|Intimidate|boost\n|-unboost|p1a: Iron Hands|atk|1\n|-unboost|p1b: Iron Bundle|atk|1\n|move|p1b: Iron Bundle|Blizzard|p2b: Dondozo|[spread] p2a,p2b\n|-resisted|p2a: Arcanine\n|-resisted|p2b: Dondozo\n|-damage|p2a: Arcanine|88\/100\n|-damage|p2b: Dondozo|66\/100\n|move|p1a: Iron Hands|Thunder Punch|p2b: Dondozo\n|-supereffective|p2b: Dondozo\n|-damage|p2b: Dondozo|29\/100\n|move|p2b: Dondozo|Yawn|p1a: Iron Hands\n|-start|p1a: Iron Hands|move: Yawn|[of] p2b: Dondozo\n|\n|-heal|p2b: Dondozo|35\/100|[from] item: Leftovers\n|upkeep\n|turn|4\n|inactive|Heatwavegang has 30 seconds left.\n|\n|t:|1683634934\n|switch|p2b: Amoonguss|Amoonguss, L50, M|100\/100\n|move|p1b: Iron Bundle|Hydro Pump|p2a: Arcanine\n|-supereffective|p2a: Arcanine\n|-damage|p2a: Arcanine|22\/100\n|move|p2a: Arcanine|Snarl|p1a: Iron Hands|[spread] p1a,p1b\n|-damage|p1a: Iron Hands|68\/100\n|-damage|p1b: Iron Bundle|64\/100\n|-unboost|p1a: Iron Hands|spa|1\n|-unboost|p1b: Iron Bundle|spa|1\n|move|p1a: Iron Hands|Thunder Punch|p2b: Amoonguss\n|-resisted|p2b: Amoonguss\n|-damage|p2b: Amoonguss|93\/100\n|\n|-end|p1a: Iron Hands|move: Yawn|[silent]\n|-status|p1a: Iron Hands|slp\n|upkeep\n|turn|5\n|inactive|L-DNSZ has 30 seconds left.\n|inactive|L-DNSZ has 20 seconds left.\n|inactive|L-DNSZ has 15 seconds left.\n|\n|t:|1683634976\n|-end|p1b: Iron Bundle|Quark Drive|[silent]\n|switch|p1b: Breloom|Breloom, L50, F|100\/100\n|-end|p1a: Iron Hands|Quark Drive|[silent]\n|switch|p1a: Ceruledge|Ceruledge, L50, F|100\/100\n|move|p2a: Arcanine|Extreme Speed|p1b: Breloom\n|-damage|p1b: Breloom|70\/100\n|move|p2b: Amoonguss|Spore|p1b: Breloom\n|-immune|p1b: Breloom\n|\n|upkeep\n|turn|6\n|inactive|L-DNSZ has 30 seconds left.\n|inactive|Heatwavegang has 30 seconds left.\n|\n|t:|1683635006\n|switch|p2a: Dondozo|Dondozo, L50, M|35\/100\n|move|p1b: Breloom|Mach Punch|p2a: Dondozo\n|-damage|p2a: Dondozo|17\/100\n|move|p1a: Ceruledge|Bitter Blade|p2b: Amoonguss\n|-supereffective|p2b: Amoonguss\n|-damage|p2b: Amoonguss|17\/100\n|-enditem|p2b: Amoonguss|Sitrus Berry|[eat]\n|-heal|p2b: Amoonguss|42\/100|[from] item: Sitrus Berry\n|move|p2b: Amoonguss|Spore|p1a: Ceruledge\n|-status|p1a: Ceruledge|slp|[from] move: Spore\n|\n|-heal|p2a: Dondozo|23\/100|[from] item: Leftovers\n|upkeep\n|turn|7\n|\n|t:|1683635029\n|switch|p2b: Arcanine|Arcanine, L50, M|22\/100\n|-ability|p2b: Arcanine|Intimidate|boost\n|-unboost|p1a: Ceruledge|atk|1\n|-unboost|p1b: Breloom|atk|1\n|cant|p1a: Ceruledge|slp\n|move|p1b: Breloom|Bullet Seed|p2a: Dondozo\n|-supereffective|p2a: Dondozo\n|-damage|p2a: Dondozo|2\/100\n|-supereffective|p2a: Dondozo\n|-crit|p2a: Dondozo\n|-damage|p2a: Dondozo|0 fnt\n|faint|p2a: Dondozo\n|-hitcount|p2: Dondozo|2\n|\n|upkeep\n|\n|t:|1683635044\n|switch|p2a: Flutter Mane|Flutter Mane, L50|1\/100\n|turn|8\n|\n|t:|1683635067\n|move|p2a: Flutter Mane|Protect|p2a: Flutter Mane\n|-singleturn|p2a: Flutter Mane|Protect\n|cant|p1a: Ceruledge|slp\n|move|p1b: Breloom|Mach Punch|p2b: Arcanine\n|-damage|p2b: Arcanine|0 fnt\n|faint|p2b: Arcanine\n|\n|upkeep\n|\n|t:|1683635074\n|switch|p2b: Amoonguss|Amoonguss, L50, M|75\/100\n|turn|9\n|inactive|Heatwavegang has 30 seconds left.\n|\n|t:|1683635101\n|-terastallize|p2b: Amoonguss|Water\n|move|p2b: Amoonguss|Rage Powder|p2b: Amoonguss\n|-singleturn|p2b: Amoonguss|move: Rage Powder\n|move|p2a: Flutter Mane|Moonblast|p1b: Breloom\n|-supereffective|p1b: Breloom\n|-damage|p1b: Breloom|0 fnt\n|faint|p1b: Breloom\n|-curestatus|p1a: Ceruledge|slp|[msg]\n|move|p1a: Ceruledge|Bitter Blade|p2b: Amoonguss\n|-resisted|p2b: Amoonguss\n|-damage|p2b: Amoonguss|62\/100\n|\n|upkeep\n|inactive|L-DNSZ has 30 seconds left.\n|inactive|L-DNSZ has 20 seconds left.\n|inactive|L-DNSZ has 15 seconds left.\n|inactive|L-DNSZ has 10 seconds left.\n|\n|t:|1683635148\n|switch|p1b: Iron Bundle|Iron Bundle, L50|64\/100\n|turn|10\n|\n|t:|1683635169\n|move|p1b: Iron Bundle|Protect|p1b: Iron Bundle\n|-singleturn|p1b: Iron Bundle|Protect\n|move|p2a: Flutter Mane|Protect|p2a: Flutter Mane\n|-singleturn|p2a: Flutter Mane|Protect\n|move|p1a: Ceruledge|Shadow Sneak|p2a: Flutter Mane\n|-activate|p2a: Flutter Mane|move: Protect\n|move|p2b: Amoonguss|Spore|p1b: Iron Bundle\n|-activate|p1b: Iron Bundle|move: Protect\n|\n|upkeep\n|turn|11\n|\n|t:|1683635183\n|move|p2a: Flutter Mane|Protect||[still]\n|-fail|p2a: Flutter Mane\n|move|p1a: Ceruledge|Shadow Sneak|p2a: Flutter Mane\n|-supereffective|p2a: Flutter Mane\n|-damage|p2a: Flutter Mane|0 fnt\n|faint|p2a: Flutter Mane\n|-end|p2a: Flutter Mane|Protosynthesis|[silent]\n|move|p1b: Iron Bundle|Freeze-Dry|p2b: Amoonguss\n|-supereffective|p2b: Amoonguss\n|-damage|p2b: Amoonguss|2\/100\n|move|p2b: Amoonguss|Spore|p1b: Iron Bundle\n|-status|p1b: Iron Bundle|slp|[from] move: Spore\n|\n|upkeep\n|turn|12\n|-message|Heatwavegang forfeited.\n|\n|win|L-DNSZ\n|raw|L-DNSZ's rating: 1140 → 1166<\/strong> (+26 for winning)\n|raw|Heatwavegang's rating: 1148 → 1122<\/strong> (-26 for losing)\n|l|\u2606Heatwavegang\n","uploadtime":1683635398,"views":3,"p1id":"ldnsz","p2id":"heatwavegang","formatid":"gen9vgc2023regulationc","rating":1122,"private":0,"password":""}