{"id":"gen9vgc2023regulationc-1850275707","p1":"F1027","p2":"gspm02","format":"[Gen 9] VGC 2023 Regulation C","log":"|j|\u2606F1027\n|j|\u2606gspm02\n|t:|1682309513\n|gametype|doubles\n|player|p1|F1027|blackbelt|1112\n|player|p2|gspm02|266|1196\n|teamsize|p1|6\n|teamsize|p2|6\n|gen|9\n|tier|[Gen 9] VGC 2023 Regulation C\n|rated|\n|rule|Species Clause: Limit one of each Pok\u00e9mon\n|rule|Item Clause: Limit one of each item\n|clearpoke\n|poke|p1|Amoonguss, L50, F|\n|poke|p1|Meowscarada, L50, F|\n|poke|p1|Palafin, L50, F|\n|poke|p1|Ting-Lu, L50|\n|poke|p1|Garganacl, L50, M|\n|poke|p1|Iron Hands, L50|\n|poke|p2|Palafin, L50, M|\n|poke|p2|Arcanine, L50, F|\n|poke|p2|Amoonguss, L50, F|\n|poke|p2|Iron Hands, L50|\n|poke|p2|Flutter Mane, L50|\n|poke|p2|Garganacl, L50, M|\n|teampreview|4\n|inactive|Battle timer is ON: inactive players will automatically lose when time's up. (requested by F1027)\n|\n|t:|1682309539\n|start\n|switch|p1a: Palafin|Palafin, L50, F|100\/100\n|switch|p1b: Ting-Lu|Ting-Lu, L50|100\/100\n|switch|p2a: Palafin|Palafin, L50, M|100\/100\n|switch|p2b: Amoonguss|Amoonguss, L50, F|100\/100\n|-ability|p1b: Ting-Lu|Vessel of Ruin\n|turn|1\n|\n|t:|1682309558\n|detailschange|p1a: Palafin|Palafin-Hero, L50, F\n|switch|p1a: Amoonguss|Amoonguss, L50, F|100\/100\n|detailschange|p2a: Palafin|Palafin-Hero, L50, M\n|switch|p2a: Arcanine|Arcanine, L50, F|100\/100\n|-ability|p2a: Arcanine|Intimidate|boost\n|-unboost|p1a: Amoonguss|atk|1\n|-unboost|p1b: Ting-Lu|atk|1\n|move|p1b: Ting-Lu|Fissure|p2b: Amoonguss|[miss]\n|-miss|p1b: Ting-Lu|p2b: Amoonguss\n|move|p2b: Amoonguss|Spore|p1b: Ting-Lu\n|-status|p1b: Ting-Lu|slp|[from] move: Spore\n|\n|upkeep\n|turn|2\n|inactive|F1027 has 30 seconds left.\n|\n|t:|1682309588\n|switch|p1b: Meowscarada|Meowscarada, L50, F, shiny|100\/100\n|move|p2a: Arcanine|Flare Blitz|p1a: Amoonguss\n|-supereffective|p1a: Amoonguss\n|-damage|p1a: Amoonguss|0 fnt\n|faint|p1a: Amoonguss\n|-damage|p2a: Arcanine|60\/100|[from] Recoil\n|move|p2b: Amoonguss|Spore|p1b: Meowscarada\n|-immune|p1b: Meowscarada\n|\n|upkeep\n|\n|t:|1682309606\n|switch|p1a: Palafin|Palafin-Hero, L50, F|100\/100\n|-activate|p1a: Palafin|ability: Zero to Hero\n|turn|3\n|\n|t:|1682309615\n|move|p2a: Arcanine|Protect|p2a: Arcanine\n|-singleturn|p2a: Arcanine|Protect\n|move|p1b: Meowscarada|Knock Off|p2b: Amoonguss\n|-damage|p2b: Amoonguss|63\/100\n|-enditem|p2b: Amoonguss|Sitrus Berry|[from] move: Knock Off|[of] p1b: Meowscarada\n|move|p1a: Palafin|Wave Crash|p2a: Arcanine\n|-activate|p2a: Arcanine|move: Protect\n|move|p2b: Amoonguss|Spore|p1a: Palafin\n|-status|p1a: Palafin|slp|[from] move: Spore\n|\n|upkeep\n|turn|4\n|\n|t:|1682309636\n|switch|p2a: Garganacl|Garganacl, L50, M|100\/100\n|cant|p1a: Palafin|slp\n|move|p1b: Meowscarada|Knock Off|p2a: Garganacl\n|-damage|p2a: Garganacl|68\/100\n|-enditem|p2a: Garganacl|Leftovers|[from] move: Knock Off|[of] p1b: Meowscarada\n|move|p2b: Amoonguss|Pollen Puff|p2a: Garganacl\n|-heal|p2a: Garganacl|100\/100\n|\n|upkeep\n|turn|5\n|\n|t:|1682309657\n|switch|p2b: Arcanine|Arcanine, L50, F|60\/100\n|-ability|p2b: Arcanine|Intimidate|boost\n|-unboost|p1a: Palafin|atk|1\n|-unboost|p1b: Meowscarada|atk|1\n|-terastallize|p2a: Garganacl|Flying\n|move|p1b: Meowscarada|Flower Trick|p2a: Garganacl\n|-resisted|p2a: Garganacl\n|-crit|p2a: Garganacl\n|-damage|p2a: Garganacl|83\/100\n|cant|p1a: Palafin|slp\n|move|p2a: Garganacl|Salt Cure|p1a: Palafin\n|-damage|p1a: Palafin|84\/100 slp\n|-start|p1a: Palafin|Salt Cure\n|\n|-damage|p1a: Palafin|60\/100 slp|[from] Salt Cure\n|upkeep\n|turn|6\n|\n|t:|1682309678\n|move|p1b: Meowscarada|Knock Off|p2b: Arcanine\n|-damage|p2b: Arcanine|25\/100\n|-enditem|p2b: Arcanine|Safety Goggles|[from] move: Knock Off|[of] p1b: Meowscarada\n|cant|p1a: Palafin|slp\n|move|p2b: Arcanine|Flare Blitz|p1b: Meowscarada\n|-supereffective|p1b: Meowscarada\n|-enditem|p1b: Meowscarada|Focus Sash\n|-damage|p1b: Meowscarada|1\/100\n|-status|p1b: Meowscarada|brn\n|-damage|p2b: Arcanine|0 fnt|[from] Recoil\n|faint|p2b: Arcanine\n|move|p2a: Garganacl|Salt Cure|p1b: Meowscarada\n|-damage|p1b: Meowscarada|0 fnt\n|faint|p1b: Meowscarada\n|\n|-damage|p1a: Palafin|35\/100 slp|[from] Salt Cure\n|upkeep\n|\n|t:|1682309700\n|switch|p1b: Ting-Lu|Ting-Lu, L50|100\/100 slp\n|switch|p2b: Palafin|Palafin-Hero, L50, M|100\/100\n|-activate|p2b: Palafin|ability: Zero to Hero\n|-ability|p1b: Ting-Lu|Vessel of Ruin\n|turn|7\n|\n|t:|1682309718\n|-curestatus|p1a: Palafin|slp|[msg]\n|move|p1a: Palafin|Protect|p1a: Palafin\n|-singleturn|p1a: Palafin|Protect\n|move|p2a: Garganacl|Protect|p2a: Garganacl\n|-singleturn|p2a: Garganacl|Protect\n|move|p2b: Palafin|Wave Crash|p1b: Ting-Lu\n|-supereffective|p1b: Ting-Lu\n|-damage|p1b: Ting-Lu|4\/100 slp\n|-damage|p2b: Palafin|56\/100|[from] Recoil\n|cant|p1b: Ting-Lu|slp\n|\n|-damage|p1a: Palafin|11\/100|[from] Salt Cure\n|upkeep\n|turn|8\n|\n|t:|1682309742\n|move|p2b: Palafin|Protect|p2b: Palafin\n|-singleturn|p2b: Palafin|Protect\n|move|p1a: Palafin|Wave Crash|p2a: Garganacl\n|-damage|p2a: Garganacl|43\/100\n|-damage|p1a: Palafin|0 fnt|[from] Recoil\n|faint|p1a: Palafin\n|-curestatus|p1b: Ting-Lu|slp|[msg]\n|move|p1b: Ting-Lu|Fissure|p2b: Palafin\n|-activate|p2b: Palafin|move: Protect\n|move|p2a: Garganacl|Explosion|p1b: Ting-Lu|[spread] p1b\n|-activate|p2b: Palafin|move: Protect\n|-damage|p1b: Ting-Lu|0 fnt\n|faint|p2a: Garganacl\n|faint|p1b: Ting-Lu\n|\n|win|gspm02\n|raw|F1027's rating: 1112 → 1093<\/strong> (-19 for losing)\n|raw|gspm02's rating: 1196 → 1215<\/strong> (+19 for winning)\n|l|\u2606F1027\n","uploadtime":1682309768,"views":31,"p1id":"f1027","p2id":"gspm02","formatid":"gen9vgc2023regulationc","rating":1093,"private":0,"password":""}