{"id":"gen9vgc2023regulationc-1850903374","p1":"AvrosKyargath","p2":"Cm5","format":"[Gen 9] VGC 2023 Regulation C","log":"|j|\u2606AvrosKyargath\n|j|\u2606Cm5\n|t:|1682380386\n|gametype|doubles\n|player|p1|AvrosKyargath|gambler|1042\n|player|p2|Cm5|scientist-gen4|1000\n|teamsize|p1|6\n|teamsize|p2|6\n|gen|9\n|tier|[Gen 9] VGC 2023 Regulation C\n|rated|\n|rule|Species Clause: Limit one of each Pok\u00e9mon\n|rule|Item Clause: Limit one of each item\n|clearpoke\n|poke|p1|Flutter Mane, L50|\n|poke|p1|Amoonguss, L50, M|\n|poke|p1|Arcanine, L50, F|\n|poke|p1|Palafin, L50, F|\n|poke|p1|Dragapult, L50, M|\n|poke|p1|Iron Hands, L50|\n|poke|p2|Ceruledge, L50, F|\n|poke|p2|Gallade, L50, M|\n|poke|p2|Salamence, L50, F|\n|poke|p2|Torkoal, L50, F|\n|poke|p2|Maushold-Four, L50|\n|poke|p2|Jumpluff, L50, M|\n|teampreview|4\n|inactive|Battle timer is ON: inactive players will automatically lose when time's up. (requested by Cm5)\n|\n|t:|1682380414\n|start\n|switch|p1a: Iron Hands|Iron Hands, L50|100\/100\n|switch|p1b: Palafin|Palafin, L50, F|100\/100\n|switch|p2a: Gallade|Gallade, L50, M|100\/100\n|switch|p2b: Salamence|Salamence, L50, F|100\/100\n|-ability|p2b: Salamence|Intimidate|boost\n|-unboost|p1a: Iron Hands|atk|1\n|-unboost|p1b: Palafin|atk|1\n|turn|1\n|inactive|Cm5 has 30 seconds left.\n|\n|t:|1682380441\n|detailschange|p1b: Palafin|Palafin-Hero, L50, F\n|switch|p1b: Arcanine|Arcanine, L50, F, shiny|100\/100\n|-ability|p1b: Arcanine|Intimidate|boost\n|-unboost|p2a: Gallade|atk|1\n|-unboost|p2b: Salamence|atk|1\n|move|p1a: Iron Hands|Fake Out|p2b: Salamence\n|-damage|p2b: Salamence|88\/100\n|cant|p2b: Salamence|flinch\n|move|p2a: Gallade|Sacred Sword|p1b: Arcanine\n|-damage|p1b: Arcanine|60\/100\n|\n|upkeep\n|turn|2\n|\n|t:|1682380461\n|move|p1b: Arcanine|Protect|p1b: Arcanine\n|-singleturn|p1b: Arcanine|Protect\n|move|p2b: Salamence|Tailwind|p2b: Salamence\n|-sidestart|p2: Cm5|move: Tailwind\n|move|p2a: Gallade|Skill Swap|p1b: Arcanine\n|-activate|p1b: Arcanine|move: Protect\n|move|p1a: Iron Hands|Volt Switch|p2b: Salamence\n|-damage|p2b: Salamence|70\/100\n|\n|t:|1682380469\n|-end|p1a: Iron Hands|Quark Drive|[silent]\n|switch|p1a: Palafin|Palafin-Hero, L50, F|100\/100|[from] Volt Switch\n|-activate|p1a: Palafin|ability: Zero to Hero\n|\n|upkeep\n|turn|3\n|\n|t:|1682380482\n|-terastallize|p1a: Palafin|Water\n|move|p1b: Arcanine|Extreme Speed|p2a: Gallade\n|-damage|p2a: Gallade|72\/100\n|move|p1a: Palafin|Jet Punch|p2b: Salamence\n|-resisted|p2b: Salamence\n|-damage|p2b: Salamence|30\/100\n|move|p2b: Salamence|Draco Meteor|p1a: Palafin\n|-damage|p1a: Palafin|41\/100\n|-unboost|p2b: Salamence|spa|2\n|move|p2a: Gallade|Sacred Sword|p1a: Palafin\n|-damage|p1a: Palafin|4\/100\n|\n|upkeep\n|turn|4\n|\n|t:|1682380506\n|move|p1a: Palafin|Protect|p1a: Palafin\n|-singleturn|p1a: Palafin|Protect\n|move|p2b: Salamence|Focus Energy|p2b: Salamence\n|-start|p2b: Salamence|move: Focus Energy\n|move|p2a: Gallade|Sacred Sword|p1a: Palafin\n|-activate|p1a: Palafin|move: Protect\n|move|p1b: Arcanine|Will-O-Wisp|p2a: Gallade\n|-status|p2a: Gallade|brn\n|\n|-damage|p2a: Gallade|67\/100 brn|[from] brn\n|upkeep\n|turn|5\n|inactive|AvrosKyargath has 30 seconds left.\n|\n|t:|1682380539\n|switch|p1a: Iron Hands|Iron Hands, L50|100\/100\n|move|p1b: Arcanine|Extreme Speed|p2b: Salamence\n|-damage|p2b: Salamence|0 fnt\n|faint|p2b: Salamence\n|move|p2a: Gallade|Skill Swap|p1b: Arcanine\n|-activate|p2a: Gallade|move: Skill Swap|Intimidate|Sharpness|[of] p1b: Arcanine\n|-ability|p2a: Gallade|Intimidate|boost\n|-unboost|p1a: Iron Hands|atk|1\n|-unboost|p1b: Arcanine|atk|1\n|\n|-damage|p2a: Gallade|61\/100 brn|[from] brn\n|-sideend|p2: Cm5|move: Tailwind\n|upkeep\n|-message|Cm5 forfeited.\n|\n|win|AvrosKyargath\n|raw|AvrosKyargath's rating: 1042 → 1072<\/strong> (+30 for winning)\n|raw|Cm5's rating: 1000 → 1000<\/strong> (+0 for losing)\n|l|\u2606Cm5\n","uploadtime":1682380561,"views":13,"p1id":"avroskyargath","p2id":"cm5","formatid":"gen9vgc2023regulationc","rating":1000,"private":0,"password":""}