{"id":"gen9vgc2023regulationc-1845244262","p1":"Siir Stiicky","p2":"Mongoos19","format":"[Gen 9] VGC 2023 Regulation C","log":"|j|\u2606Siir Stiicky\n|j|\u2606Mongoos19\n|t:|1681701261\n|gametype|doubles\n|player|p1|Siir Stiicky|brock|1107\n|player|p2|Mongoos19|101|1184\n|teamsize|p1|6\n|teamsize|p2|6\n|gen|9\n|tier|[Gen 9] VGC 2023 Regulation C\n|rated|\n|rule|Species Clause: Limit one of each Pok\u00e9mon\n|rule|Item Clause: Limit one of each item\n|clearpoke\n|poke|p1|Flutter Mane, L50|\n|poke|p1|Murkrow, L50, F|\n|poke|p1|Chi-Yu, L50|\n|poke|p1|Great Tusk, L50|\n|poke|p1|Kingambit, L50, M|\n|poke|p1|Iron Bundle, L50|\n|poke|p2|Coalossal, L50, M|\n|poke|p2|Palafin, L50, F|\n|poke|p2|Maushold, L50|\n|poke|p2|Iron Bundle, L50|\n|poke|p2|Scovillain, L50, F|\n|poke|p2|Amoonguss, L50, F|\n|teampreview|4\nSiir Stiicky rejected open team sheets.\n|inactive|Battle timer is ON: inactive players will automatically lose when time's up. (requested by Mongoos19)\n|inactive|Mongoos19 has 60 seconds left.\n|\n|t:|1681701318\n|start\n|switch|p1a: Kingambit|Kingambit, L50, M|100\/100\n|switch|p1b: Iron Bundle|Iron Bundle, L50|100\/100\n|switch|p2a: Maushold|Maushold, L50|100\/100\n|switch|p2b: Iron Bundle|Iron Bundle, L50|100\/100\n|-enditem|p1b: Iron Bundle|Booster Energy\n|-activate|p1b: Iron Bundle|ability: Quark Drive|[fromitem]\n|-start|p1b: Iron Bundle|quarkdrivespe\n|turn|1\n|inactive|Siir Stiicky has 30 seconds left.\n|inactive|Mongoos19 has 30 seconds left.\n|\n|t:|1681701353\n|-end|p2b: Iron Bundle|Quark Drive|[silent]\n|switch|p2b: Palafin|Palafin, L50, F|100\/100\n|move|p1b: Iron Bundle|Icy Wind|p2a: Maushold|[spread] p2a,p2b\n|-resisted|p2b: Palafin\n|-damage|p2a: Maushold|70\/100\n|-damage|p2b: Palafin|91\/100\n|-unboost|p2a: Maushold|spe|1\n|-unboost|p2b: Palafin|spe|1\n|move|p2a: Maushold|Population Bomb|p1b: Iron Bundle\n|-damage|p1b: Iron Bundle|91\/100\n|-damage|p1b: Iron Bundle|81\/100\n|-damage|p1b: Iron Bundle|71\/100\n|-damage|p1b: Iron Bundle|62\/100\n|-damage|p1b: Iron Bundle|52\/100\n|-damage|p1b: Iron Bundle|42\/100\n|-damage|p1b: Iron Bundle|32\/100\n|-damage|p1b: Iron Bundle|22\/100\n|-damage|p1b: Iron Bundle|12\/100\n|-damage|p1b: Iron Bundle|3\/100\n|-hitcount|p1b: Iron Bundle|10\n|move|p1a: Kingambit|Assurance|p2b: Palafin\n|-crit|p2b: Palafin\n|-damage|p2b: Palafin|2\/100\n|\n|upkeep\n|turn|2\n|inactive|Siir Stiicky has 30 seconds left.\n|inactive|Mongoos19 has 30 seconds left.\n|inactive|Mongoos19 has 20 seconds left.\n|inactive|Siir Stiicky has 20 seconds left.\n|inactive|Mongoos19 has 15 seconds left.\n|\n|t:|1681701398\n|move|p2a: Maushold|Protect|p2a: Maushold\n|-singleturn|p2a: Maushold|Protect\n|move|p2b: Palafin|Protect|p2b: Palafin\n|-singleturn|p2b: Palafin|Protect\n|move|p1b: Iron Bundle|Icy Wind|p2b: Palafin|[spread] \n|-activate|p2a: Maushold|move: Protect\n|-activate|p2b: Palafin|move: Protect\n|move|p1a: Kingambit|Assurance|p2b: Palafin\n|-activate|p2b: Palafin|move: Protect\n|\n|upkeep\n|turn|3\n|\n|t:|1681701420\n|-terastallize|p1a: Kingambit|Fire\n|move|p2b: Palafin|Jet Punch|p1b: Iron Bundle\n|-resisted|p1b: Iron Bundle\n|-damage|p1b: Iron Bundle|0 fnt\n|faint|p1b: Iron Bundle\n|-end|p1b: Iron Bundle|Quark Drive|[silent]\n|move|p2a: Maushold|Population Bomb|p1a: Kingambit\n|-crit|p1a: Kingambit\n|-damage|p1a: Kingambit|93\/100\n|-damage|p1a: Kingambit|87\/100\n|-damage|p1a: Kingambit|81\/100\n|-crit|p1a: Kingambit\n|-damage|p1a: Kingambit|73\/100\n|-damage|p1a: Kingambit|68\/100\n|-damage|p1a: Kingambit|63\/100\n|-damage|p1a: Kingambit|57\/100\n|-damage|p1a: Kingambit|51\/100\n|-damage|p1a: Kingambit|45\/100\n|-damage|p1a: Kingambit|41\/100\n|-hitcount|p1a: Kingambit|10\n|move|p1a: Kingambit|Tera Blast|p2a: Maushold\n|-damage|p2a: Maushold|0 fnt\n|faint|p2a: Maushold\n|\n|upkeep\n|inactive|Siir Stiicky has 30 seconds left.\n|inactive|Mongoos19 has 30 seconds left.\n|\n|t:|1681701447\n|switch|p1b: Flutter Mane|Flutter Mane, L50|100\/100\n|switch|p2a: Iron Bundle|Iron Bundle, L50|100\/100\n|turn|4\n|\n|t:|1681701460\n|move|p2b: Palafin|Jet Punch|p1b: Flutter Mane\n|-damage|p1b: Flutter Mane|52\/100\n|move|p1a: Kingambit|Sucker Punch||[still]\n|-fail|p1a: Kingambit\n|move|p2a: Iron Bundle|Hydro Pump|p1a: Kingambit|[miss]\n|-miss|p2a: Iron Bundle|p1a: Kingambit\n|move|p1b: Flutter Mane|Thunderbolt|p2a: Iron Bundle\n|-supereffective|p2a: Iron Bundle\n|-enditem|p2a: Iron Bundle|Focus Sash\n|-damage|p2a: Iron Bundle|1\/100\n|-status|p2a: Iron Bundle|par\n|\n|upkeep\n|turn|5\n|inactive|Siir Stiicky has 30 seconds left.\n|\n|t:|1681701491\n|move|p2b: Palafin|Jet Punch|p1b: Flutter Mane\n|-damage|p1b: Flutter Mane|6\/100\n|move|p1a: Kingambit|Sucker Punch|p2a: Iron Bundle\n|-damage|p2a: Iron Bundle|0 fnt\n|faint|p2a: Iron Bundle\n|-end|p2a: Iron Bundle|Quark Drive|[silent]\n|move|p1b: Flutter Mane|Thunderbolt|p2b: Palafin\n|-supereffective|p2b: Palafin\n|-damage|p2b: Palafin|0 fnt\n|faint|p2b: Palafin\n|\n|upkeep\n|\n|t:|1681701501\n|switch|p2a: Scovillain|Scovillain, L50, F|100\/100\n|turn|6\n|\n|t:|1681701522\n|move|p2a: Scovillain|Protect|p2a: Scovillain\n|-singleturn|p2a: Scovillain|Protect\n|move|p1b: Flutter Mane|Thunderbolt|p2a: Scovillain\n|-activate|p2a: Scovillain|move: Protect\n|move|p1a: Kingambit|Tera Blast|p2a: Scovillain\n|-activate|p2a: Scovillain|move: Protect\n|\n|-ability|p2a: Scovillain|Moody|boost\n|-boost|p2a: Scovillain|spa|2\n|-unboost|p2a: Scovillain|spd|1\n|upkeep\n|turn|7\n|inactive|Siir Stiicky has 30 seconds left.\n|\n|t:|1681701551\n|move|p1a: Kingambit|Sucker Punch|p2a: Scovillain\n|-damage|p2a: Scovillain|44\/100\n|-enditem|p2a: Scovillain|Sitrus Berry|[eat]\n|-heal|p2a: Scovillain|69\/100|[from] item: Sitrus Berry\n|move|p1b: Flutter Mane|Thunderbolt|p2a: Scovillain\n|-resisted|p2a: Scovillain\n|-damage|p2a: Scovillain|12\/100\n|move|p2a: Scovillain|Giga Drain|p1a: Kingambit\n|-resisted|p1a: Kingambit\n|-damage|p1a: Kingambit|19\/100\n|-heal|p2a: Scovillain|25\/100|[from] drain|[of] p1a: Kingambit\n|\n|-ability|p2a: Scovillain|Moody|boost\n|-boost|p2a: Scovillain|def|2\n|-unboost|p2a: Scovillain|spd|1\n|upkeep\n|turn|8\n|\n|t:|1681701567\n|move|p2a: Scovillain|Protect|p2a: Scovillain\n|-singleturn|p2a: Scovillain|Protect\n|move|p1a: Kingambit|Sucker Punch||[still]\n|-fail|p1a: Kingambit\n|move|p1b: Flutter Mane|Thunderbolt|p2a: Scovillain\n|-activate|p2a: Scovillain|move: Protect\n|\n|-ability|p2a: Scovillain|Moody|boost\n|-boost|p2a: Scovillain|spe|2\n|-unboost|p2a: Scovillain|spd|1\n|upkeep\n|turn|9\n|\n|t:|1681701578\n|move|p2a: Scovillain|Protect|p2a: Scovillain\n|-singleturn|p2a: Scovillain|Protect\n|move|p1a: Kingambit|Sucker Punch||[still]\n|-fail|p1a: Kingambit\n|move|p1b: Flutter Mane|Thunderbolt|p2a: Scovillain\n|-activate|p2a: Scovillain|move: Protect\n|\n|-ability|p2a: Scovillain|Moody|boost\n|-boost|p2a: Scovillain|spe|2\n|-unboost|p2a: Scovillain|spa|1\n|upkeep\n|turn|10\n|\n|t:|1681701595\n|-terastallize|p2a: Scovillain|Steel\n|move|p1a: Kingambit|Sucker Punch|p2a: Scovillain\n|-damage|p2a: Scovillain|0 fnt\n|faint|p2a: Scovillain\n|\n|win|Siir Stiicky\n|raw|Siir Stiicky's rating: 1107 → 1137<\/strong> (+30 for winning)\n|raw|Mongoos19's rating: 1184 → 1154<\/strong> (-30 for losing)\n|c|\u2606Mongoos19|gg\n|c|\u2606Siir Stiicky|gg\n|l|\u2606Mongoos19\n","uploadtime":1681701610,"views":8,"p1id":"siirstiicky","p2id":"mongoos19","formatid":"gen9vgc2023regulationc","rating":1137,"private":0,"password":""}