{"id":"gen9vgc2023regulationc-1863785937","p1":"tiaole123","p2":"TheBattleRoom","format":"[Gen 9] VGC 2023 Regulation C","log":"|j|\u2606tiaole123\n|j|\u2606TheBattleRoom\n|t:|1684077442\n|gametype|doubles\n|player|p1|tiaole123|266|\n|player|p2|TheBattleRoom|pokekid|\n|teamsize|p1|6\n|teamsize|p2|6\n|gen|9\n|tier|[Gen 9] VGC 2023 Regulation C\n|rule|Species Clause: Limit one of each Pok\u00e9mon\n|rule|Item Clause: Limit one of each item\n|clearpoke\n|poke|p1|Amoonguss, L50, M|\n|poke|p1|Ting-Lu, L50|\n|poke|p1|Flutter Mane, L50|\n|poke|p1|Kingambit, L50, F|\n|poke|p1|Arcanine, L50, M|\n|poke|p1|Dragonite, L50, F|\n|poke|p2|Bronzong, L50|\n|poke|p2|Ting-Lu, L50|\n|poke|p2|Abomasnow, L50, M|\n|poke|p2|Iron Bundle, L50|\n|poke|p2|Azumarill, L50, M|\n|poke|p2|Arcanine, L50, M|\n|teampreview|4\n|c|\u2606tiaole123|g1\ntiaole123 has agreed to open team sheets.\nTheBattleRoom has agreed to open team sheets.\n|c|\u2606tiaole123|\/log tiaole123 made this room public.\n|c|\u2606tiaole123|gl hf\n|j| TheWigletts\n|l|thewigletts\n|j| Borghi\n|\n|t:|1684077658\n|start\n|switch|p1a: Arcanine|Arcanine, L50, M|100\/100\n|switch|p1b: Kingambit|Kingambit, L50, F|100\/100\n|switch|p2a: Iron Bundle|Iron Bundle, L50|100\/100\n|switch|p2b: Abomasnow|Abomasnow, L50, M|100\/100\n|-ability|p1a: Arcanine|Intimidate|boost\n|-unboost|p2a: Iron Bundle|atk|1\n|-unboost|p2b: Abomasnow|atk|1\n|-weather|Snow|[from] ability: Snow Warning|[of] p2b: Abomasnow\n|turn|1\n|j| sempr9\n|j| Pokemon19385\n|l| Pokemon19385\n|c|\u2606TheBattleRoom|you too\n|j| Pokemon19385\n|l| Borghi\n|j| Borghi\n|\n|t:|1684077750\n|move|p2a: Iron Bundle|Flip Turn|p1a: Arcanine\n|-supereffective|p1a: Arcanine\n|-damage|p1a: Arcanine|78\/100\n|\n|t:|1684077753\n|-end|p2a: Iron Bundle|Quark Drive|[silent]\n|switch|p2a: Azumarill|Azumarill, L50, M|100\/100|[from] Flip Turn\n|move|p1a: Arcanine|Flare Blitz|p2b: Abomasnow\n|-supereffective|p2b: Abomasnow\n|-enditem|p2b: Abomasnow|Focus Sash\n|-damage|p2b: Abomasnow|1\/100\n|-damage|p1a: Arcanine|46\/100|[from] Recoil\n|move|p2b: Abomasnow|Aurora Veil|p2b: Abomasnow\n|-sidestart|p2: TheBattleRoom|move: Aurora Veil\n|move|p1b: Kingambit|Swords Dance|p1b: Kingambit\n|-boost|p1b: Kingambit|atk|2\n|\n|-weather|Snow|[upkeep]\n|upkeep\n|turn|2\n|\n|t:|1684077803\n|switch|p1a: Ting-Lu|Ting-Lu, L50|100\/100\n|-ability|p1a: Ting-Lu|Vessel of Ruin\n|move|p1b: Kingambit|Protect|p1b: Kingambit\n|-singleturn|p1b: Kingambit|Protect\n|move|p2a: Azumarill|Aqua Jet|p1a: Ting-Lu\n|-supereffective|p1a: Ting-Lu\n|-damage|p1a: Ting-Lu|71\/100\n|move|p2b: Abomasnow|Blizzard|p1a: Ting-Lu|[spread] p1a\n|-activate|p1b: Kingambit|move: Protect\n|-supereffective|p1a: Ting-Lu\n|-damage|p1a: Ting-Lu|45\/100\n|\n|-weather|Snow|[upkeep]\n|upkeep\n|turn|3\n|l| Pokemon19385\n|\n|t:|1684077855\n|switch|p1b: Arcanine|Arcanine, L50, M|46\/100\n|-ability|p1b: Arcanine|Intimidate|boost\n|-unboost|p2a: Azumarill|atk|1\n|-unboost|p2b: Abomasnow|atk|1\n|move|p2b: Abomasnow|Helping Hand|p2a: Azumarill\n|-singleturn|p2a: Azumarill|Helping Hand|[of] p2b: Abomasnow\n|move|p2a: Azumarill|Superpower|p1b: Arcanine\n|-damage|p1b: Arcanine|0 fnt\n|-unboost|p2a: Azumarill|atk|1\n|-unboost|p2a: Azumarill|def|1\n|faint|p1b: Arcanine\n|move|p1a: Ting-Lu|Ruination|p2a: Azumarill\n|-damage|p2a: Azumarill|51\/100\n|\n|-weather|Snow|[upkeep]\n|upkeep\n|\n|t:|1684077884\n|switch|p1b: Dragonite|Dragonite, L50, F|100\/100\n|turn|4\n|j| Pokemon19385\n|\n|t:|1684077961\n|switch|p2b: Iron Bundle|Iron Bundle, L50|100\/100\n|switch|p2a: Arcanine|Arcanine, L50, M|100\/100\n|-ability|p2a: Arcanine|Intimidate|boost\n|-unboost|p1a: Ting-Lu|atk|1\n|-unboost|p1b: Dragonite|atk|1\n|switch|p1a: Kingambit|Kingambit, L50, F|100\/100\n|-terastallize|p1b: Dragonite|Normal\n|move|p1b: Dragonite|Extreme Speed|p2a: Arcanine\n|-damage|p2a: Arcanine|71\/100\n|\n|-weather|Snow|[upkeep]\n|upkeep\n|turn|5\n|\n|t:|1684078015\n|move|p1a: Kingambit|Protect|p1a: Kingambit\n|-singleturn|p1a: Kingambit|Protect\n|move|p1b: Dragonite|Extreme Speed|p2a: Arcanine\n|-damage|p2a: Arcanine|37\/100\n|move|p2b: Iron Bundle|Blizzard|p1a: Kingambit|[spread] p1b\n|-activate|p1a: Kingambit|move: Protect\n|-damage|p1b: Dragonite|72\/100\n|move|p2a: Arcanine|Flare Blitz|p1a: Kingambit\n|-activate|p1a: Kingambit|move: Protect\n|\n|-weather|none\n|-sideend|p2: TheBattleRoom|move: Aurora Veil\n|upkeep\n|turn|6\n|\n|t:|1684078048\n|switch|p2a: Abomasnow|Abomasnow, L50, M|1\/100\n|-weather|Snow|[from] ability: Snow Warning|[of] p2a: Abomasnow\n|-terastallize|p2b: Iron Bundle|Ice\n|move|p1b: Dragonite|Extreme Speed|p2a: Abomasnow\n|-damage|p2a: Abomasnow|0 fnt\n|faint|p2a: Abomasnow\n|move|p2b: Iron Bundle|Blizzard|p1a: Kingambit|[spread] p1a,p1b\n|-resisted|p1a: Kingambit\n|-damage|p1a: Kingambit|60\/100\n|-damage|p1b: Dragonite|0 fnt\n|faint|p1b: Dragonite\n|move|p1a: Kingambit|Kowtow Cleave|p2b: Iron Bundle\n|-damage|p2b: Iron Bundle|62\/100\n|\n|-weather|Snow|[upkeep]\n|upkeep\n|\n|t:|1684078061\n|switch|p1b: Ting-Lu|Ting-Lu, L50|45\/100\n|switch|p2a: Azumarill|Azumarill, L50, M|51\/100\n|-ability|p1b: Ting-Lu|Vessel of Ruin\n|turn|7\n|\n|t:|1684078100\n|move|p1a: Kingambit|Protect|p1a: Kingambit\n|-singleturn|p1a: Kingambit|Protect\n|move|p2b: Iron Bundle|Blizzard|p1a: Kingambit|[spread] p1b\n|-activate|p1a: Kingambit|move: Protect\n|-supereffective|p1b: Ting-Lu\n|-damage|p1b: Ting-Lu|0 fnt\n|faint|p1b: Ting-Lu\n|move|p2a: Azumarill|Superpower|p1a: Kingambit\n|-activate|p1a: Kingambit|move: Protect\n|\n|-weather|Snow|[upkeep]\n|upkeep\n|turn|8\n|-message|tiaole123 forfeited.\n|\n|win|TheBattleRoom\n|l| Pokemon19385\n|j| Pokemon19385\n|l| Pokemon19385\n|l| sempr9\n|l| Borghi\n","uploadtime":1684078375,"views":38,"p1id":"tiaole123","p2id":"thebattleroom","formatid":"gen9vgc2023regulationc","rating":0,"private":0,"password":""}