{"id":"gen9vgc2023regulationc-1851034088","p1":"CollinJ518","p2":"kaizerfattah","format":"[Gen 9] VGC 2023 Regulation C","log":"|j|\u2606CollinJ518\n|j|\u2606kaizerfattah\n|t:|1682397268\n|gametype|doubles\n|player|p1|CollinJ518|lucas|1391\n|player|p2|kaizerfattah|hilda-wonderlauncher|1399\n|teamsize|p1|6\n|teamsize|p2|6\n|gen|9\n|tier|[Gen 9] VGC 2023 Regulation C\n|rated|\n|rule|Species Clause: Limit one of each Pok\u00e9mon\n|rule|Item Clause: Limit one of each item\n|clearpoke\n|poke|p1|Chien-Pao, L50|\n|poke|p1|Palafin, L50, F|\n|poke|p1|Arcanine, L50, F|\n|poke|p1|Ting-Lu, L50|\n|poke|p1|Flutter Mane, L50|\n|poke|p1|Roaring Moon, L50|\n|poke|p2|Dachsbun, L50, M|\n|poke|p2|Flutter Mane, L50|\n|poke|p2|Baxcalibur, L50, M|\n|poke|p2|Chi-Yu, L50|\n|poke|p2|Azumarill, L50, F|\n|poke|p2|Iron Hands, L50|\n|teampreview|4\n|inactive|Battle timer is ON: inactive players will automatically lose when time's up. (requested by kaizerfattah)\n|inactive|CollinJ518 has 60 seconds left.\n|inactive|kaizerfattah has 60 seconds left.\n|inactive|CollinJ518 has 30 seconds left.\n|\n|t:|1682397333\n|start\n|switch|p1a: Palafin|Palafin, L50, F, shiny|100\/100\n|switch|p1b: Arcanine|Arcanine, L50, F|100\/100\n|switch|p2a: Smoked fillet|Chi-Yu, L50|100\/100\n|switch|p2b: Mustard|Iron Hands, L50|100\/100\n|-ability|p2a: Smoked fillet|Beads of Ruin\n|-ability|p1b: Arcanine|Intimidate|boost\n|-unboost|p2a: Smoked fillet|atk|1\n|-unboost|p2b: Mustard|atk|1\n|turn|1\n|\n|t:|1682397348\n|-end|p2b: Mustard|Quark Drive|[silent]\n|switch|p2b: Hot Loaf|Dachsbun, L50, M|100\/100\n|move|p1a: Palafin|Protect|p1a: Palafin\n|-singleturn|p1a: Palafin|Protect\n|move|p2a: Smoked fillet|Lava Plume|p1a: Palafin|[spread] p1b\n|-activate|p1a: Palafin|move: Protect\n|-ability|p2b: Hot Loaf|Well-Baked Body|boost\n|-boost|p2b: Hot Loaf|def|2\n|-resisted|p1b: Arcanine\n|-damage|p1b: Arcanine|75\/100\n|move|p1b: Arcanine|Will-O-Wisp|p2b: Hot Loaf\n|-ability|p2b: Hot Loaf|Well-Baked Body|boost\n|-boost|p2b: Hot Loaf|def|2\n|\n|upkeep\n|turn|2\n|inactive|kaizerfattah has 30 seconds left.\n|\n|t:|1682397379\n|-terastallize|p2a: Smoked fillet|Grass\n|-terastallize|p1a: Palafin|Water\n|move|p1b: Arcanine|Extreme Speed|p2a: Smoked fillet\n|-damage|p2a: Smoked fillet|63\/100\n|move|p1a: Palafin|Jet Punch|p2a: Smoked fillet\n|-resisted|p2a: Smoked fillet\n|-damage|p2a: Smoked fillet|34\/100\n|move|p2a: Smoked fillet|Lava Plume|p1b: Arcanine|[spread] p1a,p1b\n|-ability|p2b: Hot Loaf|Well-Baked Body|boost\n|-boost|p2b: Hot Loaf|def|2\n|-resisted|p1a: Palafin\n|-resisted|p1b: Arcanine\n|-damage|p1a: Palafin|69\/100\n|-damage|p1b: Arcanine|47\/100\n|-status|p1a: Palafin|brn\n|move|p2b: Hot Loaf|Body Press|p1a: Palafin\n|-damage|p1a: Palafin|0 fnt\n|faint|p1a: Palafin\n|\n|upkeep\n|\n|t:|1682397396\n|switch|p1a: Ting-Lu|Ting-Lu, L50|100\/100\n|-ability|p1a: Ting-Lu|Vessel of Ruin\n|turn|3\n|inactive|kaizerfattah has 30 seconds left.\n|\n|t:|1682397426\n|move|p1b: Arcanine|Extreme Speed|p2a: Smoked fillet\n|-damage|p2a: Smoked fillet|0 fnt\n|faint|p2a: Smoked fillet\n|move|p2b: Hot Loaf|Yawn|p1a: Ting-Lu\n|-start|p1a: Ting-Lu|move: Yawn|[of] p2b: Hot Loaf\n|move|p1a: Ting-Lu|Heavy Slam|p2b: Hot Loaf\n|-supereffective|p2b: Hot Loaf\n|-damage|p2b: Hot Loaf|81\/100\n|\n|-heal|p2b: Hot Loaf|87\/100|[from] item: Leftovers\n|upkeep\n|\n|t:|1682397439\n|switch|p2a: Mustard|Iron Hands, L50|100\/100\n|turn|4\n|\n|t:|1682397449\n|switch|p1a: Flutter Mane|Flutter Mane, L50|100\/100\n|move|p2a: Mustard|Fake Out|p1a: Flutter Mane\n|-immune|p1a: Flutter Mane\n|move|p1b: Arcanine|Will-O-Wisp|p2a: Mustard\n|-status|p2a: Mustard|brn\n|move|p2b: Hot Loaf|Body Press|p1b: Arcanine\n|-crit|p1b: Arcanine\n|-damage|p1b: Arcanine|0 fnt\n|faint|p1b: Arcanine\n|\n|-heal|p2b: Hot Loaf|93\/100|[from] item: Leftovers\n|-damage|p2a: Mustard|95\/100 brn|[from] brn\n|upkeep\n|\n|t:|1682397462\n|switch|p1b: Ting-Lu|Ting-Lu, L50|100\/100\n|-ability|p1b: Ting-Lu|Vessel of Ruin\n|turn|5\n|\n|t:|1682397479\n|move|p1a: Flutter Mane|Dazzling Gleam|p2b: Hot Loaf|[spread] p2a,p2b\n|-supereffective|p2a: Mustard\n|-damage|p2a: Mustard|56\/100 brn\n|-damage|p2b: Hot Loaf|60\/100\n|move|p2b: Hot Loaf|Yawn|p1a: Flutter Mane\n|-start|p1a: Flutter Mane|move: Yawn|[of] p2b: Hot Loaf\n|move|p2a: Mustard|Drain Punch|p1b: Ting-Lu\n|-supereffective|p1b: Ting-Lu\n|-damage|p1b: Ting-Lu|74\/100\n|-heal|p2a: Mustard|70\/100 brn|[from] drain|[of] p1b: Ting-Lu\n|move|p1b: Ting-Lu|Ruination|p2b: Hot Loaf\n|-damage|p2b: Hot Loaf|30\/100\n|\n|-heal|p2b: Hot Loaf|36\/100|[from] item: Leftovers\n|-damage|p2a: Mustard|64\/100 brn|[from] brn\n|upkeep\n|turn|6\n|\n|t:|1682397499\n|move|p2b: Hot Loaf|Protect|p2b: Hot Loaf\n|-singleturn|p2b: Hot Loaf|Protect\n|move|p1a: Flutter Mane|Dazzling Gleam|p2b: Hot Loaf|[spread] p2a\n|-activate|p2b: Hot Loaf|move: Protect\n|-supereffective|p2a: Mustard\n|-damage|p2a: Mustard|26\/100 brn\n|move|p2a: Mustard|Drain Punch|p1b: Ting-Lu\n|-supereffective|p1b: Ting-Lu\n|-damage|p1b: Ting-Lu|44\/100\n|-heal|p2a: Mustard|41\/100 brn|[from] drain|[of] p1b: Ting-Lu\n|move|p1b: Ting-Lu|Stomping Tantrum|p2a: Mustard\n|-supereffective|p2a: Mustard\n|-damage|p2a: Mustard|0 fnt\n|faint|p2a: Mustard\n|-end|p2a: Mustard|Quark Drive|[silent]\n|\n|-heal|p2b: Hot Loaf|43\/100|[from] item: Leftovers\n|-end|p1a: Flutter Mane|move: Yawn|[silent]\n|-status|p1a: Flutter Mane|slp\n|upkeep\n|\n|t:|1682397517\n|switch|p2a: Popsicle|Baxcalibur, L50, M|100\/100\n|turn|7\n|\n|t:|1682397525\n|cant|p1a: Flutter Mane|slp\n|move|p2b: Hot Loaf|Body Press|p1b: Ting-Lu\n|-supereffective|p1b: Ting-Lu\n|-damage|p1b: Ting-Lu|0 fnt\n|faint|p1b: Ting-Lu\n|move|p2a: Popsicle|Icicle Spear|p1a: Flutter Mane\n|-damage|p1a: Flutter Mane|78\/100 slp\n|-damage|p1a: Flutter Mane|58\/100 slp\n|-damage|p1a: Flutter Mane|37\/100 slp\n|-damage|p1a: Flutter Mane|17\/100 slp\n|-crit|p1a: Flutter Mane\n|-damage|p1a: Flutter Mane|0 fnt\n|faint|p1a: Flutter Mane\n|-end|p1a: Flutter Mane|Protosynthesis|[silent]\n|-hitcount|p1: Flutter Mane|5\n|\n|win|kaizerfattah\n|raw|CollinJ518's rating: 1391 → 1371<\/strong> (-20 for losing)\n|raw|kaizerfattah's rating: 1399 → 1419<\/strong> (+20 for winning)\n|l|\u2606CollinJ518\n","uploadtime":1682397711,"views":16,"p1id":"collinj518","p2id":"kaizerfattah","formatid":"gen9vgc2023regulationc","rating":1371,"private":0,"password":""}