{"id":"gen9vgc2023regulationc-1863259801","p1":"cyborgdyl","p2":"Crystal RRR","format":"[Gen 9] VGC 2023 Regulation C","log":"|j|\u2606cyborgdyl\n|j|\u2606Crystal RRR\n|t:|1683994833\n|gametype|doubles\n|player|p1|cyborgdyl|169|1459\n|player|p2|Crystal RRR|101|1439\n|teamsize|p1|6\n|teamsize|p2|6\n|gen|9\n|tier|[Gen 9] VGC 2023 Regulation C\n|rated|\n|rule|Species Clause: Limit one of each Pok\u00e9mon\n|rule|Item Clause: Limit one of each item\n|clearpoke\n|poke|p1|Gothitelle, L50, F|\n|poke|p1|Scream Tail, L50|\n|poke|p1|Flutter Mane, L50|\n|poke|p1|Chien-Pao, L50|\n|poke|p1|Dragonite, L50, M|\n|poke|p1|Amoonguss, L50, F|\n|poke|p2|Torkoal, L50, F|\n|poke|p2|Amoonguss, L50, M|\n|poke|p2|Bronzong, L50|\n|poke|p2|Chi-Yu, L50|\n|poke|p2|Glimmora, L50, F|\n|poke|p2|Farigiraf, L50, M|\n|teampreview|4\ncyborgdyl has agreed to open team sheets.\n|inactive|Battle timer is ON: inactive players will automatically lose when time's up. (requested by Crystal RRR)\n|inactive|cyborgdyl has 60 seconds left.\n|inactive|Crystal RRR has 60 seconds left.\n|\n|t:|1683994896\n|start\n|switch|p1a: Gothitelle|Gothitelle, L50, F|100\/100\n|switch|p1b: Scream Tail|Scream Tail, L50|100\/100\n|switch|p2a: Bronzong|Bronzong, L50|100\/100\n|switch|p2b: Farigiraf|Farigiraf, L50, M|100\/100\n|-enditem|p1b: Scream Tail|Booster Energy\n|-activate|p1b: Scream Tail|ability: Protosynthesis|[fromitem]\n|-start|p1b: Scream Tail|protosynthesisspe\n|turn|1\n|\n|t:|1683994919\n|move|p1b: Scream Tail|Perish Song|p1b: Scream Tail\n|-start|p1a: Gothitelle|perish3|[silent]\n|-start|p1b: Scream Tail|perish3|[silent]\n|-start|p2a: Bronzong|perish3|[silent]\n|-start|p2b: Farigiraf|perish3|[silent]\n|-fieldactivate|move: Perish Song\n|move|p1a: Gothitelle|Psychic|p2b: Farigiraf\n|-resisted|p2b: Farigiraf\n|-damage|p2b: Farigiraf|85\/100\n|-unboost|p2b: Farigiraf|spd|1\n|move|p2a: Bronzong|Gyro Ball|p1b: Scream Tail\n|-supereffective|p1b: Scream Tail\n|-damage|p1b: Scream Tail|26\/100\n|move|p2b: Farigiraf|Trick Room|p2b: Farigiraf\n|-fieldstart|move: Trick Room|[of] p2b: Farigiraf\n|\n|-start|p2a: Bronzong|perish3\n|-start|p2b: Farigiraf|perish3\n|-start|p1a: Gothitelle|perish3\n|-start|p1b: Scream Tail|perish3\n|upkeep\n|turn|2\n|\n|t:|1683994943\n|move|p1a: Gothitelle|Protect|p1a: Gothitelle\n|-singleturn|p1a: Gothitelle|Protect\n|move|p1b: Scream Tail|Protect|p1b: Scream Tail\n|-singleturn|p1b: Scream Tail|Protect\n|move|p2a: Bronzong|Safeguard|p2a: Bronzong\n|-sidestart|p2: Crystal RRR|Safeguard\n|move|p2b: Farigiraf|Hyper Voice|p1a: Gothitelle|[spread] \n|-activate|p1a: Gothitelle|move: Protect\n|-activate|p1b: Scream Tail|move: Protect\n|\n|-start|p2a: Bronzong|perish2\n|-start|p2b: Farigiraf|perish2\n|-start|p1a: Gothitelle|perish2\n|-start|p1b: Scream Tail|perish2\n|upkeep\n|turn|3\n|inactive|cyborgdyl has 30 seconds left.\n|\n|t:|1683994975\n|move|p2a: Bronzong|Gyro Ball|p1b: Scream Tail\n|-supereffective|p1b: Scream Tail\n|-damage|p1b: Scream Tail|0 fnt\n|faint|p1b: Scream Tail\n|-end|p1b: Scream Tail|Protosynthesis|[silent]\n|move|p2b: Farigiraf|Hyper Voice|p1a: Gothitelle\n|-damage|p1a: Gothitelle|61\/100\n|-enditem|p2b: Farigiraf|Throat Spray\n|-boost|p2b: Farigiraf|spa|1|[from] item: Throat Spray\n|move|p1a: Gothitelle|Charm|p2a: Bronzong\n|-unboost|p2a: Bronzong|atk|2\n|\n|-start|p2a: Bronzong|perish1\n|-start|p2b: Farigiraf|perish1\n|-start|p1a: Gothitelle|perish1\n|upkeep\n|\n|t:|1683994991\n|switch|p1b: Chien-Pao|Chien-Pao, L50|100\/100\n|-ability|p1b: Chien-Pao|Sword of Ruin\n|turn|4\n|\n|t:|1683995003\n|switch|p1a: Amoonguss|Amoonguss, L50, F|100\/100\n|move|p1b: Chien-Pao|Protect|p1b: Chien-Pao\n|-singleturn|p1b: Chien-Pao|Protect\n|move|p2a: Bronzong|Trick Room|p2a: Bronzong\n|-fieldend|move: Trick Room\n|move|p2b: Farigiraf|Trick Room|p2b: Farigiraf\n|-fieldstart|move: Trick Room|[of] p2b: Farigiraf\n|\n|-start|p2a: Bronzong|perish0\n|-start|p2b: Farigiraf|perish0\n|faint|p2a: Bronzong\n|faint|p2b: Farigiraf\n|upkeep\n|\n|t:|1683995015\n|switch|p2a: Torkoal|Torkoal, L50, F|100\/100\n|switch|p2b: Glimmora|Glimmora, L50, F|100\/100\n|-weather|SunnyDay|[from] ability: Drought|[of] p2a: Torkoal\n|turn|5\n|inactive|Crystal RRR has 30 seconds left.\n|\n|t:|1683995047\n|-terastallize|p2a: Torkoal|Fire\n|-terastallize|p1a: Amoonguss|Water\n|move|p2a: Torkoal|Eruption|p1a: Amoonguss|[spread] p1a,p1b\n|-resisted|p1a: Amoonguss\n|-supereffective|p1b: Chien-Pao\n|-damage|p1a: Amoonguss|51\/100\n|-enditem|p1b: Chien-Pao|Focus Sash\n|-damage|p1b: Chien-Pao|1\/100\n|move|p1a: Amoonguss|Spore|p2a: Torkoal\n|-activate|p2a: Torkoal|move: Safeguard\n|move|p2b: Glimmora|Energy Ball|p1a: Amoonguss\n|-supereffective|p1a: Amoonguss\n|-damage|p1a: Amoonguss|0 fnt\n|faint|p1a: Amoonguss\n|move|p1b: Chien-Pao|Throat Chop|p2b: Glimmora\n|-damage|p2b: Glimmora|42\/100\n|-start|p2b: Glimmora|Throat Chop|[silent]\n|-activate|p2b: Glimmora|ability: Toxic Debris\n|-sidestart|p1: cyborgdyl|move: Toxic Spikes\n|\n|-weather|SunnyDay|[upkeep]\n|upkeep\n|\n|t:|1683995065\n|switch|p1a: Gothitelle|Gothitelle, L50, F|61\/100\n|-status|p1a: Gothitelle|psn\n|turn|6\n|\n|t:|1683995079\n|move|p2a: Torkoal|Protect|p2a: Torkoal\n|-singleturn|p2a: Torkoal|Protect\n|move|p2b: Glimmora|Spiky Shield|p2b: Glimmora\n|-singleturn|p2b: Glimmora|move: Protect\n|move|p1b: Chien-Pao|Protect|p1b: Chien-Pao\n|-singleturn|p1b: Chien-Pao|Protect\n|move|p1a: Gothitelle|Fake Out|p2a: Torkoal\n|-activate|p2a: Torkoal|move: Protect\n|\n|-weather|SunnyDay|[upkeep]\n|-damage|p1a: Gothitelle|49\/100 psn|[from] psn\n|-end|p2b: Glimmora|Throat Chop|[silent]\n|-sideend|p2: Crystal RRR|Safeguard\n|upkeep\n|-enditem|p1a: Gothitelle|Sitrus Berry|[eat]\n|-heal|p1a: Gothitelle|73\/100 psn|[from] item: Sitrus Berry\n|turn|7\n|\n|t:|1683995097\n|move|p2b: Glimmora|Spiky Shield||[still]\n|-fail|p2b: Glimmora\n|move|p2a: Torkoal|Eruption|p1b: Chien-Pao|[spread] p1a,p1b\n|-supereffective|p1b: Chien-Pao\n|-damage|p1a: Gothitelle|0 fnt\n|-damage|p1b: Chien-Pao|0 fnt\n|faint|p1a: Gothitelle\n|faint|p1b: Chien-Pao\n|\n|win|Crystal RRR\n|raw|cyborgdyl's rating: 1459 → 1438<\/strong> (-21 for losing)\n|raw|Crystal RRR's rating: 1439 → 1460<\/strong> (+21 for winning)\n|l|\u2606cyborgdyl\n|l|\u2606Crystal RRR\n|j|\u2606Crystal RRR\n|player|p2|Crystal RRR|101\n","uploadtime":1683995236,"views":12,"p1id":"cyborgdyl","p2id":"crystalrrr","formatid":"gen9vgc2023regulationc","rating":1438,"private":0,"password":""}