{"id":"gen9vgc2023regulationc-1859840985","p1":"Heaven64","p2":"PurpleStyle","format":"[Gen 9] VGC 2023 Regulation C","log":"|j|\u2606Heaven64\n|j|\u2606PurpleStyle\n|t:|1683568969\n|gametype|doubles\n|player|p1|Heaven64|leaf-masters|\n|player|p2|PurpleStyle|pokefan|\n|teamsize|p1|6\n|teamsize|p2|6\n|gen|9\n|tier|[Gen 9] VGC 2023 Regulation C\n|rule|Species Clause: Limit one of each Pok\u00e9mon\n|rule|Item Clause: Limit one of each item\n|clearpoke\n|poke|p1|Iron Jugulis, L50|\n|poke|p1|Klefki, L50, M|\n|poke|p1|Iron Thorns, L50|\n|poke|p1|Pelipper, L50, F|\n|poke|p1|Krookodile, L50, M|\n|poke|p1|Floatzel, L50, F|\n|poke|p2|Hippowdon, L50, M|\n|poke|p2|Houndstone, L50, M|\n|poke|p2|Chi-Yu, L50|\n|poke|p2|Maushold, L50|\n|poke|p2|Salamence, L50, M|\n|poke|p2|Magneton, L50|\n|teampreview|4\n|c|\u2606PurpleStyle|g3\nPurpleStyle rejected open team sheets.\n|\n|t:|1683569762\n|start\n|switch|p1a: Shinra|Iron Thorns, L50|100\/100\n|switch|p1b: Abstergo|Krookodile, L50, M, shiny|100\/100\n|switch|p2a: Salamence|Salamence, L50, M|100\/100\n|switch|p2b: Magneton|Magneton, L50|100\/100\n|-ability|p2a: Salamence|Intimidate|boost\n|-unboost|p1a: Shinra|atk|1\n|-unboost|p1b: Abstergo|atk|1\n|-ability|p1b: Abstergo|Intimidate|boost\n|-unboost|p2a: Salamence|atk|1\n|-unboost|p2b: Magneton|atk|1\n|turn|1\n|\n|t:|1683569801\n|move|p1a: Shinra|Protect|p1a: Shinra\n|-singleturn|p1a: Shinra|Protect\n|move|p2a: Salamence|Hydro Pump|p1b: Abstergo\n|-supereffective|p1b: Abstergo\n|-damage|p1b: Abstergo|21\/100\n|move|p2b: Magneton|Reflect|p2b: Magneton\n|-sidestart|p2: PurpleStyle|Reflect\n|move|p1b: Abstergo|Earthquake|p2b: Magneton|[spread] p2b\n|-activate|p1a: Shinra|move: Protect\n|-immune|p2a: Salamence\n|-supereffective|p2b: Magneton\n|-damage|p2b: Magneton|20\/100\n|-damage|p1b: Abstergo|11\/100|[from] item: Life Orb\n|\n|upkeep\n|turn|2\n|\n|t:|1683569863\n|switch|p2b: Hippowdon|Hippowdon, L50, M|100\/100\n|-weather|Sandstorm|[from] ability: Sand Stream|[of] p2b: Hippowdon\n|-terastallize|p1a: Shinra|Flying\n|move|p2a: Salamence|Tailwind|p2a: Salamence\n|-sidestart|p2: PurpleStyle|move: Tailwind\n|move|p1b: Abstergo|Earthquake|p2a: Salamence|[spread] p2b\n|-immune|p1a: Shinra\n|-immune|p2a: Salamence\n|-damage|p2b: Hippowdon|84\/100\n|-damage|p1b: Abstergo|2\/100|[from] item: Life Orb\n|move|p1a: Shinra|Dragon Dance|p1a: Shinra\n|-boost|p1a: Shinra|atk|1\n|-boost|p1a: Shinra|spe|1\n|\n|-weather|Sandstorm|[upkeep]\n|-damage|p2a: Salamence|94\/100|[from] Sandstorm\n|-damage|p1a: Shinra|95\/100|[from] Sandstorm\n|-heal|p2b: Hippowdon|90\/100|[from] item: Leftovers\n|upkeep\n|turn|3\n|\n|t:|1683569896\n|switch|p1b: Umbrella|Pelipper, L50, F|100\/100\n|-weather|RainDance|[from] ability: Drizzle|[of] p1b: Umbrella\n|move|p1a: Shinra|Protect|p1a: Shinra\n|-singleturn|p1a: Shinra|Protect\n|move|p2a: Salamence|Draco Meteor|p1a: Shinra\n|-activate|p1a: Shinra|move: Protect\n|move|p2b: Hippowdon|Stone Edge|p1a: Shinra\n|-activate|p1a: Shinra|move: Protect\n|\n|-weather|RainDance|[upkeep]\n|-heal|p2b: Hippowdon|96\/100|[from] item: Leftovers\n|upkeep\n|turn|4\n|\n|t:|1683569932\n|-end|p1a: Shinra|Quark Drive|[silent]\n|switch|p1a: Abstergo|Krookodile, L50, M, shiny|2\/100\n|-ability|p1a: Abstergo|Intimidate|boost\n|-unboost|p2a: Salamence|atk|1\n|-unboost|p2b: Hippowdon|atk|1\n|-terastallize|p2b: Hippowdon|Water\n|move|p2a: Salamence|Hydro Pump|p1a: Abstergo\n|-supereffective|p1a: Abstergo\n|-damage|p1a: Abstergo|0 fnt\n|faint|p1a: Abstergo\n|move|p2b: Hippowdon|Stone Edge|p1b: Umbrella|[miss]\n|-miss|p2b: Hippowdon|p1b: Umbrella\n|move|p1b: Umbrella|Hurricane|p2a: Salamence\n|-damage|p2a: Salamence|48\/100\n|-enditem|p2a: Salamence|Sitrus Berry|[eat]\n|-heal|p2a: Salamence|73\/100|[from] item: Sitrus Berry\n|\n|-weather|RainDance|[upkeep]\n|-heal|p2b: Hippowdon|100\/100|[from] item: Leftovers\n|upkeep\n|\n|t:|1683569966\n|switch|p1a: Rhine|Floatzel, L50, F|100\/100\n|turn|5\n|\n|t:|1683569982\n|move|p1a: Rhine|Protect|p1a: Rhine\n|-singleturn|p1a: Rhine|Protect\n|move|p2a: Salamence|Draco Meteor|p1a: Rhine\n|-activate|p1a: Rhine|move: Protect\n|move|p2b: Hippowdon|Stone Edge|p1b: Umbrella\n|-supereffective|p1b: Umbrella\n|-damage|p1b: Umbrella|62\/100\n|move|p1b: Umbrella|Hurricane|p2b: Hippowdon\n|-damage|p2b: Hippowdon|69\/100\n|\n|-weather|RainDance|[upkeep]\n|-heal|p2b: Hippowdon|75\/100|[from] item: Leftovers\n|-sideend|p2: PurpleStyle|Reflect\n|-sideend|p2: PurpleStyle|move: Tailwind\n|upkeep\n|turn|6\n|\n|t:|1683570048\n|move|p1a: Rhine|Ice Spinner|p2a: Salamence\n|-supereffective|p2a: Salamence\n|-damage|p2a: Salamence|0 fnt\n|faint|p2a: Salamence\n|move|p1b: Umbrella|Hurricane|p2b: Hippowdon\n|-damage|p2b: Hippowdon|41\/100\n|move|p2b: Hippowdon|Yawn|p1a: Rhine\n|-start|p1a: Rhine|move: Yawn|[of] p2b: Hippowdon\n|\n|-weather|RainDance|[upkeep]\n|-heal|p2b: Hippowdon|48\/100|[from] item: Leftovers\n|upkeep\n|\n|t:|1683570071\n|switch|p2a: Maushold|Maushold, L50|100\/100\n|turn|7\n|\n|t:|1683570096\n|switch|p1a: Shinra|Iron Thorns, L50, tera:Flying|95\/100\n|move|p2a: Maushold|Protect|p2a: Maushold\n|-singleturn|p2a: Maushold|Protect\n|move|p2b: Hippowdon|Protect|p2b: Hippowdon\n|-singleturn|p2b: Hippowdon|Protect\n|move|p1b: Umbrella|Hurricane|p2b: Hippowdon\n|-activate|p2b: Hippowdon|move: Protect\n|\n|-weather|none\n|-heal|p2b: Hippowdon|54\/100|[from] item: Leftovers\n|upkeep\n|turn|8\n|\n|t:|1683570117\n|move|p1a: Shinra|Protect|p1a: Shinra\n|-singleturn|p1a: Shinra|Protect\n|move|p2a: Maushold|Population Bomb|p1a: Shinra\n|-activate|p1a: Shinra|move: Protect\n|move|p1b: Umbrella|Hurricane|p2b: Hippowdon\n|-crit|p2b: Hippowdon\n|-damage|p2b: Hippowdon|4\/100\n|move|p2b: Hippowdon|Yawn|p1b: Umbrella\n|-start|p1b: Umbrella|move: Yawn|[of] p2b: Hippowdon\n|\n|-heal|p2b: Hippowdon|11\/100|[from] item: Leftovers\n|upkeep\n|turn|9\n|\n|t:|1683570153\n|move|p2b: Hippowdon|Protect|p2b: Hippowdon\n|-singleturn|p2b: Hippowdon|Protect\n|move|p2a: Maushold|Population Bomb|p1a: Shinra\n|-damage|p1a: Shinra|84\/100\n|-damage|p1a: Shinra|75\/100\n|-damage|p1a: Shinra|64\/100\n|-damage|p1a: Shinra|53\/100\n|-damage|p1a: Shinra|43\/100\n|-damage|p1a: Shinra|33\/100\n|-damage|p1a: Shinra|23\/100\n|-damage|p1a: Shinra|14\/100\n|-damage|p1a: Shinra|3\/100\n|-damage|p1a: Shinra|0 fnt\n|faint|p1a: Shinra\n|-end|p1a: Shinra|Quark Drive|[silent]\n|-hitcount|p1: Shinra|10\n|move|p1b: Umbrella|Hurricane|p2b: Hippowdon\n|-activate|p2b: Hippowdon|move: Protect\n|\n|-heal|p2b: Hippowdon|17\/100|[from] item: Leftovers\n|-end|p1b: Umbrella|move: Yawn|[silent]\n|-status|p1b: Umbrella|slp\n|upkeep\n|\n|t:|1683570174\n|switch|p1a: Rhine|Floatzel, L50, F|100\/100\n|turn|10\n|\n|t:|1683570189\n|move|p1a: Rhine|Protect|p1a: Rhine\n|-singleturn|p1a: Rhine|Protect\n|move|p2a: Maushold|Population Bomb|p1b: Umbrella\n|-damage|p1b: Umbrella|49\/100 slp\n|-damage|p2a: Maushold|84\/100|[from] item: Rocky Helmet|[of] p1b: Umbrella\n|-damage|p1b: Umbrella|36\/100 slp\n|-damage|p2a: Maushold|68\/100|[from] item: Rocky Helmet|[of] p1b: Umbrella\n|-damage|p1b: Umbrella|23\/100 slp\n|-damage|p2a: Maushold|51\/100|[from] item: Rocky Helmet|[of] p1b: Umbrella\n|-damage|p1b: Umbrella|11\/100 slp\n|-damage|p2a: Maushold|35\/100|[from] item: Rocky Helmet|[of] p1b: Umbrella\n|-damage|p1b: Umbrella|0 fnt\n|-damage|p2a: Maushold|19\/100|[from] item: Rocky Helmet|[of] p1b: Umbrella\n|faint|p1b: Umbrella\n|-hitcount|p1: Umbrella|5\n|move|p2b: Hippowdon|Yawn|p1a: Rhine\n|-activate|p1a: Rhine|move: Protect\n|\n|-heal|p2b: Hippowdon|23\/100|[from] item: Leftovers\n|upkeep\n|turn|11\n|\n|t:|1683570212\n|move|p1a: Rhine|Wave Crash|p2b: Hippowdon\n|-resisted|p2b: Hippowdon\n|-damage|p2b: Hippowdon|1\/100\n|-damage|p1a: Rhine|91\/100|[from] Recoil\n|move|p2a: Maushold|Population Bomb|p1a: Rhine\n|-damage|p1a: Rhine|71\/100\n|-damage|p1a: Rhine|50\/100\n|-damage|p1a: Rhine|28\/100\n|-damage|p1a: Rhine|7\/100\n|-damage|p1a: Rhine|0 fnt\n|faint|p1a: Rhine\n|-hitcount|p1: Rhine|5\n|\n|win|PurpleStyle\n|c|\u2606PurpleStyle|gg\n|c|\u2606Heaven64|GG\n","uploadtime":1683570258,"views":16,"p1id":"heaven64","p2id":"purplestyle","formatid":"gen9vgc2023regulationc","rating":0,"private":0,"password":""}