{"id":"gen9vgc2023regulationc-1851691900","p1":"Kiryae","p2":"Doomtheboomkin","format":"[Gen 9] VGC 2023 Regulation C","log":"|j|\u2606Kiryae\n|j|\u2606Doomtheboomkin\n|t:|1682470555\n|gametype|doubles\n|player|p1|Kiryae|1|\n|player|p2|Doomtheboomkin|shadowtriad|\n|teamsize|p1|6\n|teamsize|p2|6\n|gen|9\n|tier|[Gen 9] VGC 2023 Regulation C\n|rule|Species Clause: Limit one of each Pok\u00e9mon\n|rule|Item Clause: Limit one of each item\n|clearpoke\n|poke|p1|Chi-Yu, L50|\n|poke|p1|Palafin, L50, F|\n|poke|p1|Pelipper, L50, M|\n|poke|p1|Iron Hands, L50|\n|poke|p1|Amoonguss, L50, F|\n|poke|p1|Flutter Mane, L50|\n|poke|p2|Baxcalibur, L50, F|\n|poke|p2|Chien-Pao, L50|\n|poke|p2|Dragonite, L50, F|\n|poke|p2|Palafin, L50, F|\n|poke|p2|Pelipper, L50, M|\n|poke|p2|Amoonguss, L50, M|\n|teampreview|4\n|inactive|Battle timer is ON: inactive players will automatically lose when time's up. (requested by Kiryae)\n|inactive|Doomtheboomkin also wants the timer to be on.\nDoomtheboomkin has agreed to open team sheets.\n|inactive|Doomtheboomkin has 60 seconds left.\nKiryae has agreed to open team sheets.\n|inactive|Doomtheboomkin has 30 seconds left.\n|inactive|Doomtheboomkin has 20 seconds left.\n|inactive|Doomtheboomkin has 15 seconds left.\n|\n|t:|1682470633\n|start\n|switch|p1a: Iron Hands|Iron Hands, L50|100\/100\n|switch|p1b: Pelipper|Pelipper, L50, M|100\/100\n|switch|p2a: Pizz-azz|Chien-Pao, L50|100\/100\n|switch|p2b: Dragonite|Dragonite, L50, F|100\/100\n|-ability|p2a: Pizz-azz|Sword of Ruin\n|-weather|RainDance|[from] ability: Drizzle|[of] p1b: Pelipper\n|turn|1\n|inactive|Kiryae has 30 seconds left.\n|\n|t:|1682470663\n|move|p2a: Pizz-azz|Protect|p2a: Pizz-azz\n|-singleturn|p2a: Pizz-azz|Protect\n|move|p2b: Dragonite|Protect|p2b: Dragonite\n|-singleturn|p2b: Dragonite|Protect\n|move|p1a: Iron Hands|Fake Out|p2b: Dragonite\n|-activate|p2b: Dragonite|move: Protect\n|move|p1b: Pelipper|Tailwind|p1b: Pelipper\n|-sidestart|p1: Kiryae|move: Tailwind\n|\n|-weather|RainDance|[upkeep]\n|upkeep\n|turn|2\n|\n|t:|1682470686\n|-terastallize|p2b: Dragonite|Flying\n|move|p1b: Pelipper|Hurricane|p2a: Pizz-azz\n|-damage|p2a: Pizz-azz|13\/100\n|-start|p2a: Pizz-azz|confusion\n|-activate|p2a: Pizz-azz|confusion\n|-damage|p2a: Pizz-azz|0 fnt|[from] confusion\n|faint|p2a: Pizz-azz\n|move|p1a: Iron Hands|Wild Charge|p2b: Dragonite\n|-supereffective|p2b: Dragonite\n|-damage|p2b: Dragonite|54\/100\n|-damage|p1a: Iron Hands|92\/100|[from] Recoil\n|move|p2b: Dragonite|Tera Blast|p1a: Iron Hands\n|-damage|p1a: Iron Hands|49\/100\n|\n|-weather|RainDance|[upkeep]\n|upkeep\n|\n|t:|1682470701\n|switch|p2a: Baxcalibur|Baxcalibur, L50, F|100\/100\n|turn|3\n|inactive|Kiryae has 30 seconds left.\n|\n|t:|1682470730\n|switch|p2b: Amoonguss|Amoonguss, L50, M|100\/100\n|move|p1b: Pelipper|Hurricane|p2b: Amoonguss\n|-supereffective|p2b: Amoonguss\n|-damage|p2b: Amoonguss|17\/100\n|-enditem|p2b: Amoonguss|Sitrus Berry|[eat]\n|-heal|p2b: Amoonguss|42\/100|[from] item: Sitrus Berry\n|move|p1a: Iron Hands|Close Combat|p2a: Baxcalibur\n|-supereffective|p2a: Baxcalibur\n|-damage|p2a: Baxcalibur|0 fnt\n|-unboost|p1a: Iron Hands|def|1\n|-unboost|p1a: Iron Hands|spd|1\n|faint|p2a: Baxcalibur\n|\n|-weather|RainDance|[upkeep]\n|upkeep\n|\n|t:|1682470743\n|switch|p2a: Dragonite|Dragonite, L50, F, tera:Flying|54\/100\n|turn|4\n|inactive|Kiryae has 30 seconds left.\n|inactive|Kiryae has 20 seconds left.\n|\n|t:|1682470779\n|move|p2a: Dragonite|Protect|p2a: Dragonite\n|-singleturn|p2a: Dragonite|Protect\n|move|p1b: Pelipper|Hurricane|p2b: Amoonguss\n|-supereffective|p2b: Amoonguss\n|-damage|p2b: Amoonguss|0 fnt\n|faint|p2b: Amoonguss\n|move|p1a: Iron Hands|Wild Charge|p2a: Dragonite\n|-activate|p2a: Dragonite|move: Protect\n|\n|-weather|RainDance|[upkeep]\n|-sideend|p1: Kiryae|move: Tailwind\n|upkeep\n|turn|5\n|\n|t:|1682470791\n|-end|p1a: Iron Hands|Quark Drive|[silent]\n|switch|p1a: Chi-Yu|Chi-Yu, L50|100\/100\n|-ability|p1a: Chi-Yu|Beads of Ruin\n|move|p1b: Pelipper|Tailwind|p1b: Pelipper\n|-sidestart|p1: Kiryae|move: Tailwind\n|move|p2a: Dragonite|Tera Blast|p1a: Chi-Yu\n|-damage|p1a: Chi-Yu|20\/100\n|\n|-weather|none\n|upkeep\n|turn|6\n|\n|t:|1682470810\n|switch|p1b: Flutter Mane|Flutter Mane, L50|100\/100\n|move|p2a: Dragonite|Extreme Speed|p1a: Chi-Yu\n|-damage|p1a: Chi-Yu|0 fnt\n|faint|p1a: Chi-Yu\n|\n|upkeep\n|\n|t:|1682470815\n|switch|p1a: Pelipper|Pelipper, L50, M|100\/100\n|-weather|RainDance|[from] ability: Drizzle|[of] p1a: Pelipper\n|turn|7\n|\n|t:|1682470821\n|move|p2a: Dragonite|Protect|p2a: Dragonite\n|-singleturn|p2a: Dragonite|Protect\n|move|p1b: Flutter Mane|Moonblast|p2a: Dragonite\n|-activate|p2a: Dragonite|move: Protect\n|move|p1a: Pelipper|Hurricane|p2a: Dragonite\n|-activate|p2a: Dragonite|move: Protect\n|\n|-weather|RainDance|[upkeep]\n|upkeep\n|turn|8\n|\n|t:|1682470831\n|move|p1b: Flutter Mane|Moonblast|p2a: Dragonite\n|-damage|p2a: Dragonite|0 fnt\n|faint|p2a: Dragonite\n|\n|win|Kiryae\n|l|\u2606Kiryae\n","uploadtime":1682471246,"views":10,"p1id":"kiryae","p2id":"doomtheboomkin","formatid":"gen9vgc2023regulationc","rating":0,"private":0,"password":""}