{"id":"gen9vgc2023regulationc-1846902006","p1":"smolivbread","p2":"PokeStomp","format":"[Gen 9] VGC 2023 Regulation C","log":"|j|\u2606smolivbread\n|j|\u2606PokeStomp\n|t:|1681898355\n|gametype|doubles\n|player|p1|smolivbread|266|1620\n|player|p2|PokeStomp|2|1542\n|teamsize|p1|6\n|teamsize|p2|6\n|gen|9\n|tier|[Gen 9] VGC 2023 Regulation C\n|rated|\n|rule|Species Clause: Limit one of each Pok\u00e9mon\n|rule|Item Clause: Limit one of each item\n|clearpoke\n|poke|p1|Gothitelle, L50, M|\n|poke|p1|Iron Hands, L50|\n|poke|p1|Flutter Mane, L50|\n|poke|p1|Gyarados, L50, M|\n|poke|p1|Ting-Lu, L50|\n|poke|p1|Amoonguss, L50, F|\n|poke|p2|Dragapult, L50, M|\n|poke|p2|Chien-Pao, L50|\n|poke|p2|Chi-Yu, L50|\n|poke|p2|Flutter Mane, L50|\n|poke|p2|Talonflame, L50, F|\n|poke|p2|Great Tusk, L50|\n|teampreview|4\nPokeStomp has agreed to open team sheets.\nsmolivbread has agreed to open team sheets.\n|inactive|Battle timer is ON: inactive players will automatically lose when time's up. (requested by PokeStomp)\n|j| goodalakazam\n|l| goodalakazam\n|inactive|smolivbread has 60 seconds left.\n|c|\u2606PokeStomp|Dai dio porco su ahahhaha\n|\n|t:|1681898434\n|start\n|switch|p1a: Gothitelle|Gothitelle, L50, M|100\/100\n|switch|p1b: Iron Hands|Iron Hands, L50|100\/100\n|switch|p2a: Flutter Mane|Flutter Mane, L50|100\/100\n|switch|p2b: Chi-Yu|Chi-Yu, L50|100\/100\n|-ability|p2b: Chi-Yu|Beads of Ruin\n|turn|1\n|\n|t:|1681898453\n|-end|p1b: Iron Hands|Quark Drive|[silent]\n|switch|p1b: Tingothy|Ting-Lu, L50|100\/100\n|-ability|p1b: Tingothy|Vessel of Ruin\n|-terastallize|p1a: Gothitelle|Dark\n|move|p2b: Chi-Yu|Dark Pulse|p1a: Gothitelle\n|-resisted|p1a: Gothitelle\n|-damage|p1a: Gothitelle|85\/100\n|move|p2a: Flutter Mane|Moonblast|p1a: Gothitelle\n|-supereffective|p1a: Gothitelle\n|-damage|p1a: Gothitelle|0 fnt\n|faint|p1a: Gothitelle\n|\n|upkeep\n|\n|t:|1681898466\n|switch|p1a: Gyarados|Gyarados, L50, M|100\/100\n|-ability|p1a: Gyarados|Intimidate|boost\n|-unboost|p2a: Flutter Mane|atk|1\n|-unboost|p2b: Chi-Yu|atk|1\n|turn|2\n|c|\u2606PokeStomp|Good play\n|inactive|PokeStomp has 30 seconds left.\n|\n|t:|1681898493\n|switch|p2b: Dragapult|Dragapult, L50, M|100\/100\n|-end|p2a: Flutter Mane|Protosynthesis|[silent]\n|switch|p2a: Great Tusk|Great Tusk, L50|100\/100\n|move|p1a: Gyarados|Waterfall|p2a: Great Tusk\n|-supereffective|p2a: Great Tusk\n|-damage|p2a: Great Tusk|46\/100\n|move|p1b: Tingothy|Earthquake|p2a: Great Tusk|[spread] p2a,p2b\n|-immune|p1a: Gyarados\n|-damage|p2a: Great Tusk|19\/100\n|-damage|p2b: Dragapult|52\/100\n|\n|upkeep\n|turn|3\n|inactive|smolivbread has 30 seconds left.\n|\n|t:|1681898527\n|switch|p1b: Iron Hands|Iron Hands, L50|100\/100\n|move|p2b: Dragapult|Dragon Darts|p1a: Gyarados\n|-damage|p1a: Gyarados|70\/100\n|-anim|p2b: Dragapult|Dragon Darts|p1b: Iron Hands\n|-damage|p1b: Iron Hands|74\/100\n|move|p2a: Great Tusk|Close Combat|p1b: Iron Hands\n|-damage|p1b: Iron Hands|20\/100\n|-unboost|p2a: Great Tusk|def|1\n|-unboost|p2a: Great Tusk|spd|1\n|-damage|p2a: Great Tusk|9\/100|[from] item: Life Orb\n|move|p1a: Gyarados|Waterfall|p2a: Great Tusk\n|-supereffective|p2a: Great Tusk\n|-damage|p2a: Great Tusk|0 fnt\n|faint|p2a: Great Tusk\n|-end|p2a: Great Tusk|Protosynthesis|[silent]\n|\n|upkeep\n|\n|t:|1681898541\n|switch|p2a: Flutter Mane|Flutter Mane, L50|100\/100\n|turn|4\n|\n|t:|1681898548\n|-terastallize|p2a: Flutter Mane|Fairy\n|move|p1a: Gyarados|Protect|p1a: Gyarados\n|-singleturn|p1a: Gyarados|Protect\n|move|p2b: Dragapult|Dragon Darts|p1b: Iron Hands\n|-damage|p1b: Iron Hands|0 fnt\n|faint|p1b: Iron Hands\n|-end|p1b: Iron Hands|Quark Drive|[silent]\n|move|p2a: Flutter Mane|Moonblast|p1a: Gyarados\n|-activate|p1a: Gyarados|move: Protect\n|\n|upkeep\n|\n|t:|1681898557\n|switch|p1b: Tingothy|Ting-Lu, L50|100\/100\n|-ability|p1b: Tingothy|Vessel of Ruin\n|turn|5\n|inactive|smolivbread has 30 seconds left.\n|inactive|PokeStomp has 30 seconds left.\n|\n|t:|1681898593\n|move|p2b: Dragapult|Dragon Darts|p1a: Gyarados\n|-damage|p1a: Gyarados|38\/100\n|-anim|p2b: Dragapult|Dragon Darts|p1b: Tingothy\n|-damage|p1b: Tingothy|80\/100\n|move|p2a: Flutter Mane|Moonblast|p1a: Gyarados\n|-damage|p1a: Gyarados|0 fnt\n|faint|p1a: Gyarados\n|move|p1b: Tingothy|Heavy Slam|p2a: Flutter Mane\n|-supereffective|p2a: Flutter Mane\n|-damage|p2a: Flutter Mane|0 fnt\n|faint|p2a: Flutter Mane\n|-end|p2a: Flutter Mane|Protosynthesis|[silent]\n|\n|upkeep\n|\n|t:|1681898600\n|switch|p2a: Chi-Yu|Chi-Yu, L50|100\/100\n|-ability|p2a: Chi-Yu|Beads of Ruin\n|turn|6\n|\n|t:|1681898611\n|move|p2a: Chi-Yu|Heat Wave|p1b: Tingothy\n|-damage|p1b: Tingothy|55\/100\n|move|p2b: Dragapult|Dragon Darts|p1b: Tingothy\n|-damage|p1b: Tingothy|32\/100\n|-anim|p2b: Dragapult|Dragon Darts|p1b: Tingothy\n|-damage|p1b: Tingothy|10\/100\n|move|p1b: Tingothy|Earthquake|p2a: Chi-Yu|[spread] p2a,p2b\n|-supereffective|p2a: Chi-Yu\n|-damage|p2a: Chi-Yu|0 fnt\n|-damage|p2b: Dragapult|8\/100\n|faint|p2a: Chi-Yu\n|\n|upkeep\n|turn|7\n|c|\u2606PokeStomp|GG\n|c|\u2606smolivbread|gg\n|\n|t:|1681898629\n|move|p2b: Dragapult|Dragon Darts|p1b: Tingothy\n|-damage|p1b: Tingothy|0 fnt\n|faint|p1b: Tingothy\n|\n|win|PokeStomp\n|raw|smolivbread's rating: 1620 → 1596<\/strong> (-24 for losing)\n|raw|PokeStomp's rating: 1542 → 1566<\/strong> (+24 for winning)\n","uploadtime":1681898637,"views":11,"p1id":"smolivbread","p2id":"pokestomp","formatid":"gen9vgc2023regulationc","rating":1566,"private":0,"password":""}