{"id":"gen9vgc2023regulationc-1852148615","p1":"Pepear500","p2":"soraesc","format":"[Gen 9] VGC 2023 Regulation C","log":"|j|\u2606Pepear500\n|j|\u2606soraesc\n|t:|1682528128\n|gametype|doubles\n|player|p1|Pepear500|hiker-gen4|1126\n|player|p2|soraesc|n|1140\n|teamsize|p1|6\n|teamsize|p2|6\n|gen|9\n|tier|[Gen 9] VGC 2023 Regulation C\n|rated|\n|rule|Species Clause: Limit one of each Pok\u00e9mon\n|rule|Item Clause: Limit one of each item\n|clearpoke\n|poke|p1|Annihilape, L50, F|\n|poke|p1|Gholdengo, L50|\n|poke|p1|Iron Hands, L50|\n|poke|p1|Amoonguss, L50, F|\n|poke|p1|Iron Bundle, L50|\n|poke|p1|Garganacl, L50, M|\n|poke|p2|Annihilape, L50, M|\n|poke|p2|Maushold-Four, L50|\n|poke|p2|Gholdengo, L50|\n|poke|p2|Chien-Pao, L50|\n|poke|p2|Palafin, L50, M|\n|poke|p2|Iron Moth, L50|\n|teampreview|4\n|inactive|Battle timer is ON: inactive players will automatically lose when time's up. (requested by soraesc)\n|inactive|Pepear500 also wants the timer to be on.\n|inactive|soraesc has 60 seconds left.\n|\n|t:|1682528161\n|start\n|switch|p1a: Annihilape|Annihilape, L50, F|100\/100\n|switch|p1b: Amoonguss|Amoonguss, L50, F|100\/100\n|switch|p2a: Gholdengo|Gholdengo, L50|100\/100\n|switch|p2b: Annihilape|Annihilape, L50, M|100\/100\n|turn|1\n|\n|t:|1682528176\n|-terastallize|p1a: Annihilape|Fire\n|move|p2b: Annihilape|Protect|p2b: Annihilape\n|-singleturn|p2b: Annihilape|Protect\n|move|p1a: Annihilape|Rage Fist|p2a: Gholdengo\n|-supereffective|p2a: Gholdengo\n|-damage|p2a: Gholdengo|61\/100\n|move|p2a: Gholdengo|Trick|p1b: Amoonguss\n|-activate|p2a: Gholdengo|move: Trick|[of] p1b: Amoonguss\n|-item|p1b: Amoonguss|Choice Specs|[from] move: Trick\n|-item|p2a: Gholdengo|Mental Herb|[from] move: Trick\n|move|p1b: Amoonguss|Spore|p2b: Annihilape\n|-activate|p2b: Annihilape|move: Protect\n|\n|upkeep\n|turn|2\n|inactive|Pepear500 has 30 seconds left.\n|inactive|soraesc has 30 seconds left.\n|inactive|soraesc has 20 seconds left.\n|inactive|soraesc has 15 seconds left.\n|inactive|soraesc has 10 seconds left.\n|inactive|soraesc has 5 seconds left.\n|\n|t:|1682528229\n|switch|p2b: Maushold|Maushold-Four, L50|100\/100\n|move|p1a: Annihilape|Rage Fist|p2b: Maushold\n|-immune|p2b: Maushold\n|move|p2a: Gholdengo|Shadow Ball|p1a: Annihilape\n|-crit|p1a: Annihilape\n|-damage|p1a: Annihilape|45\/100\n|-unboost|p1a: Annihilape|spd|1\n|-ability|p1a: Annihilape|Defiant|boost\n|-boost|p1a: Annihilape|atk|2\n|move|p1b: Amoonguss|Spore|p2b: Maushold\n|-activate|p2b: Maushold|item: Safety Goggles|Spore\n|\n|upkeep\n|turn|3\n|\n|t:|1682528254\n|switch|p1b: Iron Bundle|Iron Bundle, L50|100\/100\n|-enditem|p1b: Iron Bundle|Booster Energy\n|-activate|p1b: Iron Bundle|ability: Quark Drive|[fromitem]\n|-start|p1b: Iron Bundle|quarkdrivespe\n|move|p1a: Annihilape|Protect|p1a: Annihilape\n|-singleturn|p1a: Annihilape|Protect\n|move|p2b: Maushold|Follow Me|p2b: Maushold\n|-singleturn|p2b: Maushold|move: Follow Me\n|move|p2a: Gholdengo|Shadow Ball|p1a: Annihilape\n|-activate|p1a: Annihilape|move: Protect\n|\n|upkeep\n|turn|4\n|inactive|Pepear500 has 30 seconds left.\n|\n|t:|1682528279\n|move|p2b: Maushold|Follow Me|p2b: Maushold\n|-singleturn|p2b: Maushold|move: Follow Me\n|move|p1b: Iron Bundle|Hydro Pump|p2b: Maushold\n|-damage|p2b: Maushold|42\/100\n|move|p1a: Annihilape|Drain Punch|p2b: Maushold\n|-supereffective|p2b: Maushold\n|-damage|p2b: Maushold|0 fnt\n|-heal|p1a: Annihilape|63\/100|[from] drain|[of] p2b: Maushold\n|faint|p2b: Maushold\n|move|p2a: Gholdengo|Thunderbolt|p1b: Iron Bundle\n|-supereffective|p1b: Iron Bundle\n|-damage|p1b: Iron Bundle|0 fnt\n|faint|p1b: Iron Bundle\n|-end|p1b: Iron Bundle|Quark Drive|[silent]\n|\n|upkeep\n|\n|t:|1682528295\n|switch|p1b: Amoonguss|Amoonguss, L50, F|100\/100\n|switch|p2b: Annihilape|Annihilape, L50, M|100\/100\n|turn|5\n|inactive|Pepear500 has 30 seconds left.\n|inactive|soraesc has 30 seconds left.\n|inactive|Pepear500 has 20 seconds left.\n|\n|t:|1682528333\n|-terastallize|p2b: Annihilape|Fire\n|move|p1a: Annihilape|Rage Fist|p2a: Gholdengo\n|-supereffective|p2a: Gholdengo\n|-damage|p2a: Gholdengo|0 fnt\n|faint|p2a: Gholdengo\n|move|p2b: Annihilape|Drain Punch|p1a: Annihilape\n|-damage|p1a: Annihilape|28\/100\n|move|p1b: Amoonguss|Spore|p2b: Annihilape\n|-status|p2b: Annihilape|slp|[from] move: Spore\n|\n|upkeep\n|\n|t:|1682528337\n|switch|p2a: Iron Moth|Iron Moth, L50|100\/100\n|-enditem|p2a: Iron Moth|Booster Energy\n|-activate|p2a: Iron Moth|ability: Quark Drive|[fromitem]\n|-start|p2a: Iron Moth|quarkdrivespe\n|turn|6\n|\n|t:|1682528346\n|move|p2a: Iron Moth|Protect|p2a: Iron Moth\n|-singleturn|p2a: Iron Moth|Protect\n|move|p1a: Annihilape|Protect|p1a: Annihilape\n|-singleturn|p1a: Annihilape|Protect\n|cant|p2b: Annihilape|slp\n|move|p1b: Amoonguss|Spore|p2a: Iron Moth\n|-activate|p2a: Iron Moth|move: Protect\n|\n|upkeep\n|turn|7\n|\n|t:|1682528358\n|switch|p1a: Garga\u00f1oclo|Garganacl, L50, M|100\/100\n|move|p2a: Iron Moth|Overheat|p1a: Garga\u00f1oclo|[miss]\n|-miss|p2a: Iron Moth|p1a: Garga\u00f1oclo\n|-curestatus|p2b: Annihilape|slp|[msg]\n|move|p2b: Annihilape|Drain Punch|p1a: Garga\u00f1oclo\n|-supereffective|p1a: Garga\u00f1oclo\n|-damage|p1a: Garga\u00f1oclo|62\/100\n|-damage|p2b: Annihilape|84\/100|[from] item: Rocky Helmet|[of] p1a: Garga\u00f1oclo\n|move|p1b: Amoonguss|Spore|p2a: Iron Moth\n|-status|p2a: Iron Moth|slp|[from] move: Spore\n|\n|upkeep\n|turn|8\n|\n|t:|1682528378\n|cant|p2a: Iron Moth|slp\n|move|p2b: Annihilape|Drain Punch|p1a: Garga\u00f1oclo\n|-supereffective|p1a: Garga\u00f1oclo\n|-crit|p1a: Garga\u00f1oclo\n|-damage|p1a: Garga\u00f1oclo|0 fnt\n|-heal|p2b: Annihilape|100\/100|[from] drain|[of] p1a: Garga\u00f1oclo\n|-damage|p2b: Annihilape|84\/100|[from] item: Rocky Helmet|[of] p1a: Garga\u00f1oclo\n|faint|p1a: Garga\u00f1oclo\n|move|p1b: Amoonguss|Spore|p2b: Annihilape\n|-status|p2b: Annihilape|slp|[from] move: Spore\n|\n|upkeep\n|\n|t:|1682528381\n|switch|p1a: Annihilape|Annihilape, L50, F, tera:Fire|28\/100\n|turn|9\n|\n|t:|1682528388\n|-curestatus|p2a: Iron Moth|slp|[msg]\n|move|p2a: Iron Moth|Overheat|p1a: Annihilape\n|-resisted|p1a: Annihilape\n|-damage|p1a: Annihilape|5\/100\n|-unboost|p2a: Iron Moth|spa|2\n|move|p1a: Annihilape|Rage Fist|p2a: Iron Moth\n|-damage|p2a: Iron Moth|4\/100\n|cant|p2b: Annihilape|slp\n|move|p1b: Amoonguss|Spore|p2a: Iron Moth\n|-status|p2a: Iron Moth|slp|[from] move: Spore\n|\n|upkeep\n|turn|10\n|\n|t:|1682528397\n|cant|p2a: Iron Moth|slp\n|move|p1a: Annihilape|Rage Fist|p2b: Annihilape\n|-damage|p2b: Annihilape|2\/100 slp\n|-enditem|p2b: Annihilape|Sitrus Berry|[eat]\n|-heal|p2b: Annihilape|27\/100 slp|[from] item: Sitrus Berry\n|cant|p2b: Annihilape|slp\n|move|p1b: Amoonguss|Spore|p2b: Annihilape\n|-fail|p2b: Annihilape|slp\n|\n|upkeep\n|turn|11\n|\n|t:|1682528412\n|-curestatus|p2a: Iron Moth|slp|[msg]\n|move|p2a: Iron Moth|Overheat|p1a: Annihilape\n|-resisted|p1a: Annihilape\n|-damage|p1a: Annihilape|0 fnt\n|-unboost|p2a: Iron Moth|spa|2\n|faint|p1a: Annihilape\n|-curestatus|p2b: Annihilape|slp|[msg]\n|move|p2b: Annihilape|Drain Punch|p1b: Amoonguss\n|-resisted|p1b: Amoonguss\n|-damage|p1b: Amoonguss|82\/100\n|-heal|p2b: Annihilape|37\/100|[from] drain|[of] p1b: Amoonguss\n|move|p1b: Amoonguss|Spore|p2b: Annihilape\n|-status|p2b: Annihilape|slp|[from] move: Spore\n|\n|upkeep\n|turn|12\n|c|\u2606soraesc|ggs\n|-message|Pepear500 forfeited.\n|\n|win|soraesc\n|raw|Pepear500's rating: 1101 → 1079<\/strong> (-22 for losing)\n|raw|soraesc's rating: 1140 → 1162<\/strong> (+22 for winning)\n|l|\u2606Pepear500\n","uploadtime":1682528427,"views":18,"p1id":"pepear500","p2id":"soraesc","formatid":"gen9vgc2023regulationc","rating":1079,"private":0,"password":""}