{"id":"gen9vgc2023regulationc-1855227287","p1":"mence x vgc","p2":"Toku_L","format":"[Gen 9] VGC 2023 Regulation C","log":"|j|\u2606mence x vgc\n|j|\u2606Toku_L\n|t:|1682918507\n|gametype|doubles\n|player|p1|mence x vgc|janine|1405\n|player|p2|Toku_L|lucas|1305\n|teamsize|p1|6\n|teamsize|p2|6\n|gen|9\n|tier|[Gen 9] VGC 2023 Regulation C\n|rated|\n|rule|Species Clause: Limit one of each Pok\u00e9mon\n|rule|Item Clause: Limit one of each item\n|clearpoke\n|poke|p1|Amoonguss, L50, F|\n|poke|p1|Gyarados, L50, F|\n|poke|p1|Iron Hands, L50|\n|poke|p1|Flutter Mane, L50|\n|poke|p1|Chi-Yu, L50|\n|poke|p1|Ting-Lu, L50|\n|poke|p2|Tatsugiri, L50, F|\n|poke|p2|Chi-Yu, L50|\n|poke|p2|Iron Bundle, L50|\n|poke|p2|Iron Moth, L50|\n|poke|p2|Dondozo, L50, F|\n|poke|p2|Wo-Chien, L50|\n|teampreview|4\n|inactive|Battle timer is ON: inactive players will automatically lose when time's up. (requested by mence x vgc)\n|inactive|mence x vgc has 60 seconds left.\n|inactive|mence x vgc has 30 seconds left.\n|inactive|mence x vgc has 20 seconds left.\n|\n|t:|1682918580\n|start\n|switch|p1a: Ting-Lu|Ting-Lu, L50|100\/100\n|switch|p1b: Iron Hands|Iron Hands, L50, shiny|100\/100\n|switch|p2a: Wo-Chien|Wo-Chien, L50|100\/100\n|switch|p2b: Iron Moth|Iron Moth, L50|100\/100\n|-ability|p2a: Wo-Chien|Tablets of Ruin\n|-ability|p1a: Ting-Lu|Vessel of Ruin\n|turn|1\n|inactive|mence x vgc has 30 seconds left.\n|inactive|Toku_L has 30 seconds left.\n|\n|t:|1682918611\n|-terastallize|p2b: Iron Moth|Grass\n|move|p2b: Iron Moth|Toxic Spikes|p1a: Ting-Lu\n|-sidestart|p1: mence x vgc|move: Toxic Spikes\n|move|p2a: Wo-Chien|Giga Drain|p1a: Ting-Lu\n|-supereffective|p1a: Ting-Lu\n|-damage|p1a: Ting-Lu|81\/100\n|move|p1b: Iron Hands|Drain Punch|p2a: Wo-Chien\n|-supereffective|p2a: Wo-Chien\n|-damage|p2a: Wo-Chien|41\/100\n|move|p1a: Ting-Lu|Stomping Tantrum|p2b: Iron Moth\n|-resisted|p2b: Iron Moth\n|-damage|p2b: Iron Moth|88\/100\n|\n|upkeep\n|turn|2\n|inactive|Toku_L has 30 seconds left.\n|\n|t:|1682918639\n|-end|p2b: Iron Moth|Quark Drive|[silent]\n|switch|p2b: Dondozo|Dondozo, L50, F|100\/100\n|switch|p2a: Tatsugiri|Tatsugiri, L50, F|100\/100\n|-activate|p2a: Tatsugiri|ability: Commander|[of] p2b: Dondozo\n|-boost|p2b: Dondozo|atk|2\n|-boost|p2b: Dondozo|spa|2\n|-boost|p2b: Dondozo|spe|2\n|-boost|p2b: Dondozo|def|2\n|-boost|p2b: Dondozo|spd|2\n|move|p1b: Iron Hands|Drain Punch|p2a: Tatsugiri|[miss]\n|-miss|p1b: Iron Hands|p2a: Tatsugiri\n|move|p1a: Ting-Lu|Ruination|p2b: Dondozo\n|-damage|p2b: Dondozo|51\/100\n|\n|upkeep\n|turn|3\n|inactive|mence x vgc has 30 seconds left.\n|inactive|mence x vgc has 20 seconds left.\n|inactive|mence x vgc has 15 seconds left.\n|inactive|mence x vgc has 10 seconds left.\n|inactive|mence x vgc has 5 seconds left.\n|\n|t:|1682918691\n|-terastallize|p1a: Ting-Lu|Water\n|move|p2b: Dondozo|Earthquake|p1a: Ting-Lu|[spread] p1a,p1b\n|-miss|p2b: Dondozo|p2a: Tatsugiri\n|-supereffective|p1b: Iron Hands\n|-damage|p1a: Ting-Lu|53\/100\n|-damage|p1b: Iron Hands|33\/100\n|move|p1b: Iron Hands|Volt Switch|p2b: Dondozo\n|-supereffective|p2b: Dondozo\n|-damage|p2b: Dondozo|39\/100\n|\n|t:|1682918700\n|-end|p1b: Iron Hands|Quark Drive|[silent]\n|switch|p1b: Amoonguss|Amoonguss, L50, F, shiny|100\/100|[from] Volt Switch\n|-sideend|p1: mence x vgc|move: Toxic Spikes|[of] p1b: Amoonguss\n|move|p1a: Ting-Lu|Ruination|p2b: Dondozo\n|-damage|p2b: Dondozo|20\/100\n|\n|upkeep\n|turn|4\n|inactive|mence x vgc has 30 seconds left.\n|\n|t:|1682918733\n|move|p2b: Dondozo|Rock Slide|p1b: Amoonguss|[spread] p1a,p1b\n|-damage|p1a: Ting-Lu|33\/100\n|-damage|p1b: Amoonguss|74\/100\n|move|p1a: Ting-Lu|Ruination|p2b: Dondozo\n|-damage|p2b: Dondozo|10\/100\n|move|p1b: Amoonguss|Spore|p2b: Dondozo\n|-status|p2b: Dondozo|slp|[from] move: Spore\n|-enditem|p2b: Dondozo|Lum Berry|[eat]\n|-curestatus|p2b: Dondozo|slp|[msg]\n|\n|upkeep\n|turn|5\n|inactive|mence x vgc has 30 seconds left.\n|inactive|Toku_L has 30 seconds left.\n|\n|t:|1682918759\n|move|p2b: Dondozo|Wave Crash|p1b: Amoonguss\n|-resisted|p1b: Amoonguss\n|-damage|p1b: Amoonguss|29\/100\n|-enditem|p1b: Amoonguss|Sitrus Berry|[eat]\n|-heal|p1b: Amoonguss|54\/100|[from] item: Sitrus Berry\n|-damage|p2b: Dondozo|0 fnt|[from] Recoil\n|faint|p2b: Dondozo\n|move|p1a: Ting-Lu|Ruination|p2a: Tatsugiri|[miss]\n|-miss|p1a: Ting-Lu|p2a: Tatsugiri\n|move|p1b: Amoonguss|Spore|p2a: Tatsugiri\n|-status|p2a: Tatsugiri|slp|[from] move: Spore\n|\n|upkeep\n|\n|t:|1682918772\n|switch|p2b: Wo-Chien|Wo-Chien, L50|41\/100\n|-ability|p2b: Wo-Chien|Tablets of Ruin\n|turn|6\n|\n|t:|1682918798\n|cant|p2a: Tatsugiri|slp\n|move|p2b: Wo-Chien|Giga Drain|p1a: Ting-Lu\n|-supereffective|p1a: Ting-Lu\n|-damage|p1a: Ting-Lu|13\/100\n|-heal|p2b: Wo-Chien|54\/100|[from] drain|[of] p1a: Ting-Lu\n|move|p1a: Ting-Lu|Ruination|p2b: Wo-Chien\n|-damage|p2b: Wo-Chien|27\/100\n|move|p1b: Amoonguss|Pollen Puff|p1a: Ting-Lu\n|-heal|p1a: Ting-Lu|63\/100\n|\n|upkeep\n|turn|7\n|\n|t:|1682918818\n|cant|p2a: Tatsugiri|slp\n|move|p2b: Wo-Chien|Giga Drain|p1a: Ting-Lu\n|-supereffective|p1a: Ting-Lu\n|-damage|p1a: Ting-Lu|42\/100\n|-heal|p2b: Wo-Chien|41\/100|[from] drain|[of] p1a: Ting-Lu\n|move|p1a: Ting-Lu|Ruination|p2a: Tatsugiri\n|-damage|p2a: Tatsugiri|51\/100 slp\n|move|p1b: Amoonguss|Pollen Puff|p2b: Wo-Chien\n|-supereffective|p2b: Wo-Chien\n|-damage|p2b: Wo-Chien|14\/100\n|\n|upkeep\n|turn|8\n|inactive|mence x vgc has 30 seconds left.\n|\n|t:|1682918852\n|-curestatus|p2a: Tatsugiri|slp|[msg]\n|move|p2a: Tatsugiri|Draco Meteor|p1a: Ting-Lu\n|-damage|p1a: Ting-Lu|22\/100\n|-unboost|p2a: Tatsugiri|spa|2\n|move|p2b: Wo-Chien|Giga Drain|p1a: Ting-Lu\n|-supereffective|p1a: Ting-Lu\n|-damage|p1a: Ting-Lu|0 fnt\n|-heal|p2b: Wo-Chien|29\/100|[from] drain|[of] p1a: Ting-Lu\n|faint|p1a: Ting-Lu\n|move|p1b: Amoonguss|Pollen Puff|p2b: Wo-Chien\n|-supereffective|p2b: Wo-Chien\n|-damage|p2b: Wo-Chien|0 fnt\n|faint|p2b: Wo-Chien\n|\n|upkeep\n|inactive|mence x vgc has 30 seconds left.\n|\n|t:|1682918878\n|switch|p2b: Iron Moth|Iron Moth, L50, tera:Grass|88\/100\n|switch|p1a: Flutter Mane|Flutter Mane, L50, shiny|100\/100\n|-enditem|p1a: Flutter Mane|Booster Energy\n|-activate|p1a: Flutter Mane|ability: Protosynthesis|[fromitem]\n|-start|p1a: Flutter Mane|protosynthesisspa\n|turn|9\n|\n|t:|1682918894\n|move|p1a: Flutter Mane|Protect|p1a: Flutter Mane\n|-singleturn|p1a: Flutter Mane|Protect\n|move|p2a: Tatsugiri|Protect|p2a: Tatsugiri\n|-singleturn|p2a: Tatsugiri|Protect\n|move|p2b: Iron Moth|Heat Wave|p1b: Amoonguss|[spread] p1b\n|-activate|p1a: Flutter Mane|move: Protect\n|-supereffective|p1b: Amoonguss\n|-damage|p1b: Amoonguss|0 fnt\n|faint|p1b: Amoonguss\n|\n|upkeep\n|\n|t:|1682918903\n|switch|p1b: Iron Hands|Iron Hands, L50, shiny|33\/100\n|turn|10\n|\n|t:|1682918914\n|move|p1b: Iron Hands|Fake Out|p2b: Iron Moth\n|-damage|p2b: Iron Moth|68\/100\n|move|p1a: Flutter Mane|Dazzling Gleam|p2b: Iron Moth|[spread] p2a,p2b\n|-supereffective|p2a: Tatsugiri\n|-damage|p2a: Tatsugiri|0 fnt\n|-damage|p2b: Iron Moth|32\/100\n|-enditem|p2b: Iron Moth|Sitrus Berry|[eat]\n|-heal|p2b: Iron Moth|57\/100|[from] item: Sitrus Berry\n|faint|p2a: Tatsugiri\n|cant|p2b: Iron Moth|flinch\n|\n|upkeep\n|turn|11\n|\n|t:|1682918926\n|move|p1a: Flutter Mane|Moonblast|p2b: Iron Moth\n|-damage|p2b: Iron Moth|0 fnt\n|faint|p2b: Iron Moth\n|-end|p2b: Iron Moth|Quark Drive|[silent]\n|\n|win|mence x vgc\n|raw|mence x vgc's rating: 1405 → 1419<\/strong> (+14 for winning)\n|raw|Toku_L's rating: 1305 → 1291<\/strong> (-14 for losing)\n","uploadtime":1682918932,"views":23,"p1id":"mencexvgc","p2id":"tokul","formatid":"gen9vgc2023regulationc","rating":1291,"private":0,"password":""}