{"id":"gen9vgc2023regulationc-1854244001","p1":"elellelll","p2":"Used Staryus","format":"[Gen 9] VGC 2023 Regulation C","log":"|j|\u2606elellelll\n|j|\u2606Used Staryus\n|t:|1682787875\n|gametype|doubles\n|player|p1|elellelll|169|\n|player|p2|Used Staryus|swimmer|\n|teamsize|p1|6\n|teamsize|p2|6\n|gen|9\n|tier|[Gen 9] VGC 2023 Regulation C\n|rule|Species Clause: Limit one of each Pok\u00e9mon\n|rule|Item Clause: Limit one of each item\n|clearpoke\n|poke|p1|Ting-Lu, L50|\n|poke|p1|Maushold-Four, L50|\n|poke|p1|Iron Moth, L50|\n|poke|p1|Tatsugiri, L50, F|\n|poke|p1|Lycanroc, L50, M|\n|poke|p1|Mimikyu, L50, F|\n|poke|p2|Slowking, L50, F|\n|poke|p2|Medicham, L50, F|\n|poke|p2|Iron Bundle, L50|\n|poke|p2|Chi-Yu, L50|\n|poke|p2|Abomasnow, L50, F|\n|poke|p2|Electrode, L50|\n|teampreview|4\n|c|\u2606Used Staryus|gl hf :)\nelellelll rejected open team sheets.\n|c|\u2606elellelll|asdfsdfasf\n|c|\u2606elellelll|WHEW\n|c|\u2606elellelll|THERE\n|c|\u2606elellelll|glhf!\n|\n|t:|1682787986\n|start\n|switch|p1a: Ting-Lu|Ting-Lu, L50|100\/100\n|switch|p1b: Mimikyu|Mimikyu, L50, F|100\/100\n|switch|p2a: Slowking|Slowking, L50, F|100\/100\n|switch|p2b: Medicham|Medicham, L50, F|100\/100\n|-ability|p1a: Ting-Lu|Vessel of Ruin\n|turn|1\n|\n|t:|1682788066\n|move|p2b: Medicham|Fake Out|p1a: Ting-Lu\n|-damage|p1a: Ting-Lu|91\/100\n|move|p1b: Mimikyu|Swords Dance|p1b: Mimikyu\n|-boost|p1b: Mimikyu|atk|2\n|cant|p1a: Ting-Lu|flinch\n|move|p2a: Slowking|Chilling Water|p1b: Mimikyu\n|-activate|p1b: Mimikyu|ability: Disguise\n|-damage|p1b: Mimikyu|100\/100\n|-unboost|p1b: Mimikyu|atk|1\n|detailschange|p1b: Mimikyu|Mimikyu-Busted, L50, F\n|-damage|p1b: Mimikyu|88\/100|[from] pokemon: Mimikyu-Busted\n|\n|-heal|p1b: Mimikyu|94\/100|[from] item: Leftovers\n|upkeep\n|turn|2\n|\n|t:|1682788088\n|move|p2a: Slowking|Helping Hand|p2b: Medicham\n|-singleturn|p2b: Medicham|Helping Hand|[of] p2a: Slowking\n|move|p1b: Mimikyu|Protect|p1b: Mimikyu\n|-singleturn|p1b: Mimikyu|Protect\n|move|p2b: Medicham|Bullet Punch|p1b: Mimikyu\n|-activate|p1b: Mimikyu|move: Protect\n|move|p1a: Ting-Lu|Snarl|p2a: Slowking|[spread] p2a,p2b\n|-supereffective|p2a: Slowking\n|-damage|p2a: Slowking|88\/100\n|-damage|p2b: Medicham|93\/100\n|-unboost|p2a: Slowking|spa|1\n|-unboost|p2b: Medicham|spa|1\n|\n|-heal|p1b: Mimikyu|100\/100|[from] item: Leftovers\n|upkeep\n|turn|3\n|\n|t:|1682788164\n|move|p1b: Mimikyu|Shadow Sneak|p2b: Medicham\n|-supereffective|p2b: Medicham\n|-damage|p2b: Medicham|18\/100\n|move|p2b: Medicham|Bullet Punch|p1b: Mimikyu\n|-supereffective|p1b: Mimikyu\n|-damage|p1b: Mimikyu|55\/100\n|move|p1a: Ting-Lu|Snarl|p2a: Slowking|[spread] p2a,p2b\n|-supereffective|p2a: Slowking\n|-damage|p2a: Slowking|75\/100\n|-damage|p2b: Medicham|10\/100\n|-unboost|p2a: Slowking|spa|1\n|-unboost|p2b: Medicham|spa|1\n|move|p2a: Slowking|Chilly Reception|p2a: Slowking\n|-weather|Snow\n|\n|t:|1682788176\n|switch|p2a: Iron Bundle|Iron Bundle, L50|100\/100|[from] Chilly Reception\n|-enditem|p2a: Iron Bundle|Booster Energy\n|-activate|p2a: Iron Bundle|ability: Quark Drive|[fromitem]\n|-start|p2a: Iron Bundle|quarkdrivespe\n|\n|-weather|Snow|[upkeep]\n|-heal|p1b: Mimikyu|61\/100|[from] item: Leftovers\n|upkeep\n|turn|4\n|c|\u2606elellelll|HAHAHAHAHA\n|c|\u2606elellelll|I FORGOT ABOUT THAT\n|c|\u2606Used Staryus|I wanted to be the ice queen this league haha\n|\n|t:|1682788195\n|switch|p2b: Chi-Yu|Chi-Yu, L50|100\/100\n|-ability|p2b: Chi-Yu|Beads of Ruin\n|-terastallize|p2a: Iron Bundle|Ice\n|move|p1b: Mimikyu|Shadow Sneak|p2b: Chi-Yu\n|-resisted|p2b: Chi-Yu\n|-damage|p2b: Chi-Yu|78\/100\n|move|p2a: Iron Bundle|Blizzard|p1b: Mimikyu|[spread] p1a,p1b\n|-supereffective|p1a: Ting-Lu\n|-damage|p1a: Ting-Lu|46\/100\n|-damage|p1b: Mimikyu|3\/100\n|move|p1a: Ting-Lu|Snarl|p2a: Iron Bundle|[spread] p2a,p2b\n|-crit|p2a: Iron Bundle\n|-resisted|p2b: Chi-Yu\n|-damage|p2a: Iron Bundle|70\/100\n|-damage|p2b: Chi-Yu|74\/100\n|-unboost|p2a: Iron Bundle|spa|1\n|-unboost|p2b: Chi-Yu|spa|1\n|\n|-weather|Snow|[upkeep]\n|-heal|p1b: Mimikyu|9\/100|[from] item: Leftovers\n|upkeep\n|turn|5\n|c|\u2606elellelll|wow mimi\n|c|\u2606elellelll|slay\n|c|\u2606Used Staryus|truly\n|\n|t:|1682788237\n|switch|p2b: Medicham|Medicham, L50, F|10\/100\n|move|p1b: Mimikyu|Shadow Sneak|p2a: Iron Bundle\n|-damage|p2a: Iron Bundle|53\/100\n|move|p2a: Iron Bundle|Blizzard|p1a: Ting-Lu|[spread] p1a,p1b\n|-supereffective|p1a: Ting-Lu\n|-damage|p1a: Ting-Lu|20\/100\n|-damage|p1b: Mimikyu|0 fnt\n|faint|p1b: Mimikyu\n|move|p1a: Ting-Lu|Body Press|p2b: Medicham\n|-resisted|p2b: Medicham\n|-damage|p2b: Medicham|0 fnt\n|faint|p2b: Medicham\n|\n|-weather|Snow|[upkeep]\n|upkeep\n|\n|t:|1682788278\n|switch|p1b: Maushold|Maushold-Four, L50|100\/100\n|switch|p2b: Chi-Yu|Chi-Yu, L50|74\/100\n|-ability|p2b: Chi-Yu|Beads of Ruin\n|turn|6\n|\n|t:|1682788302\n|move|p2b: Chi-Yu|Protect|p2b: Chi-Yu\n|-singleturn|p2b: Chi-Yu|Protect\n|move|p2a: Iron Bundle|Blizzard|p1b: Maushold|[spread] p1a,p1b\n|-supereffective|p1a: Ting-Lu\n|-damage|p1a: Ting-Lu|0 fnt\n|-damage|p1b: Maushold|45\/100\n|faint|p1a: Ting-Lu\n|move|p1b: Maushold|Population Bomb|p2a: Iron Bundle\n|-damage|p2a: Iron Bundle|47\/100\n|-damage|p2a: Iron Bundle|41\/100\n|-damage|p2a: Iron Bundle|36\/100\n|-damage|p2a: Iron Bundle|31\/100\n|-damage|p2a: Iron Bundle|25\/100\n|-damage|p2a: Iron Bundle|19\/100\n|-damage|p2a: Iron Bundle|13\/100\n|-damage|p2a: Iron Bundle|7\/100\n|-damage|p2a: Iron Bundle|1\/100\n|-damage|p2a: Iron Bundle|0 fnt\n|faint|p2a: Iron Bundle\n|-end|p2a: Iron Bundle|Quark Drive|[silent]\n|-hitcount|p2: Iron Bundle|10\n|\n|-weather|Snow|[upkeep]\n|upkeep\n|c|\u2606Used Staryus|so close\n|\n|t:|1682788323\n|switch|p2a: Slowking|Slowking, L50, F|75\/100\n|switch|p1a: Iron Moth|Iron Moth, L50|100\/100\n|-enditem|p1a: Iron Moth|Booster Energy\n|-activate|p1a: Iron Moth|ability: Quark Drive|[fromitem]\n|-start|p1a: Iron Moth|quarkdrivespe\n|turn|7\n|\n|t:|1682788340\n|move|p1a: Iron Moth|Protect|p1a: Iron Moth\n|-singleturn|p1a: Iron Moth|Protect\n|move|p2b: Chi-Yu|Protect||[still]\n|-fail|p2b: Chi-Yu\n|move|p1b: Maushold|Population Bomb|p2b: Chi-Yu\n|-damage|p2b: Chi-Yu|60\/100\n|-damage|p2b: Chi-Yu|48\/100\n|-damage|p2b: Chi-Yu|34\/100\n|-damage|p2b: Chi-Yu|20\/100\n|-damage|p2b: Chi-Yu|7\/100\n|-crit|p2b: Chi-Yu\n|-damage|p2b: Chi-Yu|0 fnt\n|faint|p2b: Chi-Yu\n|-hitcount|p2: Chi-Yu|6\n|move|p2a: Slowking|Trick Room|p2a: Slowking\n|-fieldstart|move: Trick Room|[of] p2a: Slowking\n|\n|-weather|none\n|upkeep\n|turn|8\n|\n|t:|1682788366\n|-terastallize|p1a: Iron Moth|Grass\n|move|p2a: Slowking|Chilling Water|p1b: Maushold\n|-crit|p1b: Maushold\n|-damage|p1b: Maushold|9\/100\n|-unboost|p1b: Maushold|atk|1\n|move|p1b: Maushold|Population Bomb|p2a: Slowking\n|-damage|p2a: Slowking|70\/100\n|-damage|p1b: Maushold|0 fnt|[from] item: Rocky Helmet|[of] p2a: Slowking\n|faint|p1b: Maushold\n|-hitcount|p2a: Slowking|1\n|move|p1a: Iron Moth|Energy Ball|p2a: Slowking\n|-supereffective|p2a: Slowking\n|-damage|p2a: Slowking|4\/100\n|\n|upkeep\n|turn|9\n|\n|t:|1682788383\n|move|p2a: Slowking|Chilling Water|p1a: Iron Moth\n|-resisted|p1a: Iron Moth\n|-damage|p1a: Iron Moth|92\/100\n|-unboost|p1a: Iron Moth|atk|1\n|move|p1a: Iron Moth|Energy Ball|p2a: Slowking\n|-supereffective|p2a: Slowking\n|-damage|p2a: Slowking|0 fnt\n|faint|p2a: Slowking\n|\n|win|elellelll\n|c|\u2606Used Staryus|gr!\n|c|\u2606elellelll|gg!\n","uploadtime":1682788395,"views":19,"p1id":"elellelll","p2id":"usedstaryus","formatid":"gen9vgc2023regulationc","rating":0,"private":0,"password":""}