{"id":"gen9vgc2023regulationc-1845127877","p1":"uhoh I poopd","p2":"Zatochy","format":"[Gen 9] VGC 2023 Regulation C","log":"|j|\u2606uhoh I poopd\n|j|\u2606Zatochy\n|t:|1681686835\n|gametype|doubles\n|player|p1|uhoh I poopd|colress|1193\n|player|p2|Zatochy|170|1156\n|teamsize|p1|6\n|teamsize|p2|6\n|gen|9\n|tier|[Gen 9] VGC 2023 Regulation C\n|rated|\n|rule|Species Clause: Limit one of each Pok\u00e9mon\n|rule|Item Clause: Limit one of each item\n|clearpoke\n|poke|p1|Masquerain, L50, F|\n|poke|p1|Coalossal, L50, M|\n|poke|p1|Ting-Lu, L50|\n|poke|p1|Amoonguss, L50, M|\n|poke|p1|Arcanine, L50, M|\n|poke|p1|Palafin, L50, M|\n|poke|p2|Flutter Mane, L50|\n|poke|p2|Chi-Yu, L50|\n|poke|p2|Amoonguss, L50, F|\n|poke|p2|Palafin, L50, F|\n|poke|p2|Annihilape, L50, F|\n|poke|p2|Salamence, L50, F|\n|teampreview|4\n|\n|t:|1681686875\n|start\n|switch|p1a: Toad|Amoonguss, L50, M|100\/100\n|switch|p1b: Palafin|Palafin, L50, M|100\/100\n|switch|p2a: Salamence|Salamence, L50, F|100\/100\n|switch|p2b: Chi-Yu|Chi-Yu, L50|100\/100\n|-ability|p2a: Salamence|Intimidate|boost\n|-unboost|p1a: Toad|atk|1\n|-unboost|p1b: Palafin|atk|1\n|-ability|p2b: Chi-Yu|Beads of Ruin\n|turn|1\n|\n|t:|1681686894\n|switch|p2b: Amoonguss|Amoonguss, L50, F|100\/100\n|detailschange|p1b: Palafin|Palafin-Hero, L50, M\n|switch|p1b: Brutus|Arcanine, L50, M, shiny|100\/100\n|-ability|p1b: Brutus|Intimidate|boost\n|-unboost|p2a: Salamence|atk|1\n|-unboost|p2b: Amoonguss|atk|1\n|move|p2a: Salamence|Tailwind|p2a: Salamence\n|-sidestart|p2: Zatochy|move: Tailwind\n|move|p1a: Toad|Spore|p2b: Amoonguss\n|-immune|p2b: Amoonguss\n|\n|upkeep\n|turn|2\n|\n|t:|1681686920\n|switch|p2b: Chi-Yu|Chi-Yu, L50|100\/100\n|-ability|p2b: Chi-Yu|Beads of Ruin\n|move|p2a: Salamence|Draco Meteor|p1b: Brutus\n|-damage|p1b: Brutus|31\/100\n|-unboost|p2a: Salamence|spa|2\n|-enditem|p1b: Brutus|Sitrus Berry|[eat]\n|-heal|p1b: Brutus|56\/100|[from] item: Sitrus Berry\n|move|p1b: Brutus|Flare Blitz|p2b: Chi-Yu\n|-resisted|p2b: Chi-Yu\n|-damage|p2b: Chi-Yu|56\/100\n|-damage|p1b: Brutus|47\/100|[from] Recoil\n|move|p1a: Toad|Spore|p2b: Chi-Yu\n|-status|p2b: Chi-Yu|slp|[from] move: Spore\n|\n|upkeep\n|turn|3\n|\n|t:|1681686945\n|switch|p2a: Amoonguss|Amoonguss, L50, F|100\/100\n|move|p1b: Brutus|Extreme Speed|p2b: Chi-Yu\n|-damage|p2b: Chi-Yu|16\/100 slp\n|cant|p2b: Chi-Yu|slp\n|move|p1a: Toad|Pollen Puff|p1b: Brutus\n|-heal|p1b: Brutus|96\/100\n|\n|upkeep\n|turn|4\n|\n|t:|1681686961\n|cant|p2b: Chi-Yu|slp\n|move|p1b: Brutus|Flare Blitz|p2a: Amoonguss\n|-supereffective|p2a: Amoonguss\n|-damage|p2a: Amoonguss|21\/100\n|-enditem|p2a: Amoonguss|Sitrus Berry|[eat]\n|-heal|p2a: Amoonguss|46\/100|[from] item: Sitrus Berry\n|-damage|p1b: Brutus|67\/100|[from] Recoil\n|move|p2a: Amoonguss|Spore|p1b: Brutus\n|-status|p1b: Brutus|slp|[from] move: Spore\n|move|p1a: Toad|Spore|p2a: Amoonguss\n|-immune|p2a: Amoonguss\n|\n|-sideend|p2: Zatochy|move: Tailwind\n|upkeep\n|turn|5\n|\n|t:|1681686979\n|cant|p1b: Brutus|slp\n|cant|p2b: Chi-Yu|slp\n|move|p2a: Amoonguss|Pollen Puff|p2b: Chi-Yu\n|-heal|p2b: Chi-Yu|65\/100 slp\n|move|p1a: Toad|Pollen Puff|p2b: Chi-Yu\n|-damage|p2b: Chi-Yu|44\/100 slp\n|\n|upkeep\n|turn|6\n|\n|t:|1681686995\n|cant|p1b: Brutus|slp\n|-curestatus|p2b: Chi-Yu|slp|[msg]\n|move|p2b: Chi-Yu|Heat Wave|p1b: Brutus|[spread] p1a,p1b\n|-supereffective|p1a: Toad\n|-resisted|p1b: Brutus\n|-damage|p1a: Toad|18\/100\n|-damage|p1b: Brutus|44\/100 slp\n|-enditem|p1a: Toad|Iapapa Berry|[eat]\n|-heal|p1a: Toad|51\/100|[from] item: Iapapa Berry\n|move|p2a: Amoonguss|Pollen Puff|p2b: Chi-Yu\n|-heal|p2b: Chi-Yu|94\/100\n|move|p1a: Toad|Spore|p2b: Chi-Yu\n|-status|p2b: Chi-Yu|slp|[from] move: Spore\n|\n|upkeep\n|turn|7\n|\n|t:|1681687017\n|switch|p2b: Salamence|Salamence, L50, F|100\/100\n|-ability|p2b: Salamence|Intimidate|boost\n|-unboost|p1a: Toad|atk|1\n|-unboost|p1b: Brutus|atk|1\n|-curestatus|p1b: Brutus|slp|[msg]\n|move|p1b: Brutus|Flare Blitz|p2a: Amoonguss\n|-supereffective|p2a: Amoonguss\n|-damage|p2a: Amoonguss|0 fnt\n|faint|p2a: Amoonguss\n|-damage|p1b: Brutus|27\/100|[from] Recoil\n|move|p1a: Toad|Pollen Puff|p1b: Brutus\n|-heal|p1b: Brutus|77\/100\n|\n|upkeep\n|\n|t:|1681687027\n|switch|p2a: Flutter Mane|Flutter Mane, L50|100\/100\n|-enditem|p2a: Flutter Mane|Booster Energy\n|-activate|p2a: Flutter Mane|ability: Protosynthesis|[fromitem]\n|-start|p2a: Flutter Mane|protosynthesisspe\n|turn|8\n|\n|t:|1681687042\n|switch|p1b: Israfel|Ting-Lu, L50|100\/100\n|-ability|p1b: Israfel|Vessel of Ruin\n|-terastallize|p2a: Flutter Mane|Fairy\n|move|p2a: Flutter Mane|Dazzling Gleam|p1a: Toad|[spread] p1a,p1b\n|-resisted|p1a: Toad\n|-supereffective|p1b: Israfel\n|-damage|p1a: Toad|39\/100\n|-damage|p1b: Israfel|72\/100\n|move|p2b: Salamence|Draco Meteor|p1b: Israfel|[miss]\n|-miss|p2b: Salamence|p1b: Israfel\n|move|p1a: Toad|Spore|p2b: Salamence\n|-activate|p2b: Salamence|item: Safety Goggles|Spore\n|\n|upkeep\n|turn|9\n|\n|t:|1681687080\n|switch|p1a: Brutus|Arcanine, L50, M, shiny|77\/100\n|-ability|p1a: Brutus|Intimidate|boost\n|-unboost|p2a: Flutter Mane|atk|1\n|-unboost|p2b: Salamence|atk|1\n|-terastallize|p1b: Israfel|Poison\n|move|p2b: Salamence|Helping Hand|p2a: Flutter Mane\n|-singleturn|p2a: Flutter Mane|Helping Hand|[of] p2b: Salamence\n|move|p2a: Flutter Mane|Shadow Ball|p1a: Brutus\n|-damage|p1a: Brutus|30\/100\n|move|p1b: Israfel|Heavy Slam|p2a: Flutter Mane\n|-supereffective|p2a: Flutter Mane\n|-damage|p2a: Flutter Mane|0 fnt\n|faint|p2a: Flutter Mane\n|-end|p2a: Flutter Mane|Protosynthesis|[silent]\n|\n|upkeep\n|-message|Zatochy forfeited.\n|\n|win|uhoh I poopd\n|raw|uhoh I poopd's rating: 1193 → 1215<\/strong> (+22 for winning)\n|raw|Zatochy's rating: 1156 → 1134<\/strong> (-22 for losing)\n|l|\u2606Zatochy\n","uploadtime":1681687112,"views":16,"p1id":"uhohipoopd","p2id":"zatochy","formatid":"gen9vgc2023regulationc","rating":1134,"private":0,"password":""}