{"id":"gen9vgc2023regulationc-1857260298","p1":"clavo0025","p2":"Asuma199","format":"[Gen 9] VGC 2023 Regulation C","log":"|j|\u2606clavo0025\n|j|\u2606Asuma199\n|t:|1683164676\n|gametype|doubles\n|player|p1|clavo0025|266|\n|player|p2|Asuma199|marlon|\n|teamsize|p1|6\n|teamsize|p2|6\n|gen|9\n|tier|[Gen 9] VGC 2023 Regulation C\n|rule|Species Clause: Limit one of each Pok\u00e9mon\n|rule|Item Clause: Limit one of each item\n|clearpoke\n|poke|p1|Masquerain, L50, M|\n|poke|p1|Arcanine, L50, M|\n|poke|p1|Ting-Lu, L50|\n|poke|p1|Iron Bundle, L50|\n|poke|p1|Mimikyu, L50, F|\n|poke|p1|Appletun, L50, M|\n|poke|p2|Slowbro, L50, M|\n|poke|p2|Abomasnow, L50, M|\n|poke|p2|Slowking, L50, F|\n|poke|p2|Medicham, L50, M|\n|poke|p2|Tyranitar, L50, M|\n|poke|p2|Palafin, L50, M|\n|teampreview|4\n|\n|t:|1683164756\n|start\n|switch|p1a: Ting-Lu|Ting-Lu, L50|100\/100\n|switch|p1b: Mimikyu|Mimikyu, L50, F, shiny|100\/100\n|switch|p2a: Metiche|Medicham, L50, M|100\/100\n|switch|p2b: Tyranizilla|Tyranitar, L50, M|100\/100\n|-ability|p2b: Tyranizilla|Unnerve\n|-ability|p1a: Ting-Lu|Vessel of Ruin\n|turn|1\n|\n|t:|1683164779\n|-terastallize|p2b: Tyranizilla|Ghost\n|move|p1b: Mimikyu|Protect|p1b: Mimikyu\n|-singleturn|p1b: Mimikyu|Protect\n|move|p2a: Metiche|Skill Swap|p2b: Tyranizilla\n|-activate|p2a: Metiche|move: Skill Swap|||[of] p2b: Tyranizilla\n|-ability|p2a: Metiche|Unnerve\n|move|p2b: Tyranizilla|Substitute|p2b: Tyranizilla\n|-start|p2b: Tyranizilla|Substitute\n|-damage|p2b: Tyranizilla|76\/100\n|move|p1a: Ting-Lu|Fissure|p2b: Tyranizilla|[miss]\n|-miss|p1a: Ting-Lu|p2b: Tyranizilla\n|\n|upkeep\n|turn|2\n|\n|t:|1683164846\n|switch|p2b: Patafinal|Palafin, L50, M, shiny|100\/100\n|move|p1b: Mimikyu|Swords Dance|p1b: Mimikyu\n|-boost|p1b: Mimikyu|atk|2\n|move|p2a: Metiche|Close Combat|p1a: Ting-Lu\n|-supereffective|p1a: Ting-Lu\n|-damage|p1a: Ting-Lu|65\/100\n|-unboost|p2a: Metiche|def|1\n|-unboost|p2a: Metiche|spd|1\n|move|p1a: Ting-Lu|Ruination|p2b: Patafinal\n|-damage|p2b: Patafinal|51\/100\n|\n|upkeep\n|turn|3\n|\n|t:|1683164884\n|move|p2a: Metiche|Bullet Punch|p1b: Mimikyu\n|-activate|p1b: Mimikyu|ability: Disguise\n|-damage|p1b: Mimikyu|100\/100\n|detailschange|p1b: Mimikyu|Mimikyu-Busted, L50, F, shiny\n|-damage|p1b: Mimikyu|88\/100|[from] pokemon: Mimikyu-Busted\n|move|p2b: Patafinal|Flip Turn|p1a: Ting-Lu\n|-supereffective|p1a: Ting-Lu\n|-damage|p1a: Ting-Lu|35\/100\n|\n|t:|1683164893\n|detailschange|p2b: Patafinal|Palafin-Hero, L50, M, shiny\n|switch|p2b: Tyranizilla|Tyranitar, L50, M, tera:Ghost|76\/100|[from] Flip Turn\n|-ability|p2b: Tyranizilla|Unnerve\n|move|p1b: Mimikyu|Play Rough|p2a: Metiche\n|-supereffective|p2a: Metiche\n|-enditem|p2a: Metiche|Focus Sash\n|-damage|p2a: Metiche|1\/100\n|-damage|p1b: Mimikyu|78\/100|[from] item: Life Orb\n|move|p1a: Ting-Lu|Ruination|p2a: Metiche\n|-damage|p2a: Metiche|0 fnt\n|faint|p2a: Metiche\n|\n|upkeep\n|\n|t:|1683164909\n|switch|p2a: Patafinal|Palafin-Hero, L50, M, shiny|51\/100\n|-activate|p2a: Patafinal|ability: Zero to Hero\n|turn|4\n|\n|t:|1683164921\n|move|p1b: Mimikyu|Protect|p1b: Mimikyu\n|-singleturn|p1b: Mimikyu|Protect\n|move|p2a: Patafinal|Drain Punch|p1a: Ting-Lu\n|-supereffective|p1a: Ting-Lu\n|-damage|p1a: Ting-Lu|0 fnt\n|-heal|p2a: Patafinal|76\/100|[from] drain|[of] p1a: Ting-Lu\n|faint|p1a: Ting-Lu\n|move|p2b: Tyranizilla|Shadow Claw|p1b: Mimikyu\n|-activate|p1b: Mimikyu|move: Protect\n|\n|upkeep\n|\n|t:|1683164935\n|switch|p1a: Iron Bundle|Iron Bundle, L50|100\/100\n|-enditem|p1a: Iron Bundle|Booster Energy\n|-activate|p1a: Iron Bundle|ability: Quark Drive|[fromitem]\n|-start|p1a: Iron Bundle|quarkdrivespe\n|turn|5\n|\n|t:|1683164949\n|move|p1b: Mimikyu|Shadow Sneak|p2b: Tyranizilla\n|-supereffective|p2b: Tyranizilla\n|-damage|p2b: Tyranizilla|7\/100\n|-damage|p1b: Mimikyu|68\/100|[from] item: Life Orb\n|move|p1a: Iron Bundle|Freeze-Dry|p2a: Patafinal\n|-supereffective|p2a: Patafinal\n|-damage|p2a: Patafinal|0 fnt\n|faint|p2a: Patafinal\n|move|p2b: Tyranizilla|Shadow Claw|p1b: Mimikyu\n|-supereffective|p1b: Mimikyu\n|-damage|p1b: Mimikyu|0 fnt\n|faint|p1b: Mimikyu\n|\n|upkeep\n|\n|t:|1683164963\n|switch|p2a: Soplapote|Slowbro, L50, M, shiny|100\/100\n|switch|p1b: Appletun|Appletun, L50, M, shiny|100\/100\n|turn|6\n|\n|t:|1683164986\n|-terastallize|p1b: Appletun|Water\n|move|p1a: Iron Bundle|Freeze-Dry|p2a: Soplapote\n|-supereffective|p2a: Soplapote\n|-damage|p2a: Soplapote|39\/100\n|move|p2b: Tyranizilla|Shadow Claw|p1b: Appletun\n|-damage|p1b: Appletun|36\/100\n|move|p1b: Appletun|Apple Acid|p2b: Tyranizilla\n|-damage|p2b: Tyranizilla|0 fnt\n|faint|p2b: Tyranizilla\n|move|p2a: Soplapote|Calm Mind|p2a: Soplapote\n|-boost|p2a: Soplapote|spa|1\n|-boost|p2a: Soplapote|spd|1\n|\n|-heal|p2a: Soplapote|45\/100|[from] item: Leftovers\n|upkeep\n|turn|7\n|\n|t:|1683165003\n|move|p1a: Iron Bundle|Freeze-Dry|p2a: Soplapote\n|-supereffective|p2a: Soplapote\n|-damage|p2a: Soplapote|2\/100\n|move|p1b: Appletun|Recover|p1b: Appletun\n|-heal|p1b: Appletun|87\/100\n|move|p2a: Soplapote|Slack Off|p2a: Soplapote\n|-heal|p2a: Soplapote|52\/100\n|\n|-heal|p2a: Soplapote|58\/100|[from] item: Leftovers\n|upkeep\n|turn|8\n|\n|t:|1683165017\n|move|p1a: Iron Bundle|Freeze-Dry|p2a: Soplapote\n|-supereffective|p2a: Soplapote\n|-damage|p2a: Soplapote|15\/100\n|move|p1b: Appletun|Apple Acid|p2a: Soplapote\n|-supereffective|p2a: Soplapote\n|-damage|p2a: Soplapote|0 fnt\n|faint|p2a: Soplapote\n|\n|win|clavo0025\n","uploadtime":1683165043,"views":9,"p1id":"clavo0025","p2id":"asuma199","formatid":"gen9vgc2023regulationc","rating":0,"private":0,"password":""}