{"id":"gen9vgc2023regulationc-1849149275","p1":"sabre332","p2":"Ytterby","format":"[Gen 9] VGC 2023 Regulation C","log":"|j|\u2606sabre332\n|j|\u2606Ytterby\n|t:|1682164393\n|gametype|doubles\n|player|p1|sabre332|2|1066\n|player|p2|Ytterby|brycenman|1060\n|teamsize|p1|6\n|teamsize|p2|6\n|gen|9\n|tier|[Gen 9] VGC 2023 Regulation C\n|rated|\n|rule|Species Clause: Limit one of each Pok\u00e9mon\n|rule|Item Clause: Limit one of each item\n|clearpoke\n|poke|p1|Sprigatito, L50, M|\n|poke|p1|Armarouge, L50, F|\n|poke|p1|Indeedee-F, L50, F|\n|poke|p1|Ting-Lu, L50|\n|poke|p1|Roaring Moon, L50|\n|poke|p1|Palafin, L50, M|\n|poke|p2|Flutter Mane, L50|\n|poke|p2|Arcanine, L50, M|\n|poke|p2|Torkoal, L50, M|\n|poke|p2|Great Tusk, L50|\n|poke|p2|Indeedee-F, L50, F|\n|poke|p2|Talonflame, L50, F|\n|teampreview|4\nYtterby has agreed to open team sheets.\n|c|\u2606Ytterby|uh\nsabre332 has agreed to open team sheets.\n|c|\u2606Ytterby|oh xD\n|c|\u2606Ytterby|i see\n|c|\u2606Ytterby|glhf\n|c|\u2606sabre332|u too\n|\n|t:|1682164513\n|start\n|switch|p1a: Sprigatito|Sprigatito, L50, M|100\/100\n|switch|p1b: Armarouge|Armarouge, L50, F|100\/100\n|switch|p2a: Great Tusk|Great Tusk, L50|100\/100\n|switch|p2b: Talonflame|Talonflame, L50, F|100\/100\n|turn|1\n|\n|t:|1682164531\n|switch|p1a: Indeedee|Indeedee-F, L50, F|100\/100\n|-fieldstart|move: Psychic Terrain|[from] ability: Psychic Surge|[of] p1a: Indeedee\n|-enditem|p1a: Indeedee|Psychic Seed\n|-boost|p1a: Indeedee|spd|1|[from] item: Psychic Seed\n|-terastallize|p1b: Armarouge|Psychic\n|-terastallize|p2a: Great Tusk|Ground\n|move|p2b: Talonflame|Tailwind|p2b: Talonflame\n|-sidestart|p2: Ytterby|move: Tailwind\n|move|p2a: Great Tusk|Earthquake|p1a: Indeedee|[spread] p1a,p1b\n|-immune|p2b: Talonflame\n|-damage|p1a: Indeedee|45\/100\n|-damage|p1b: Armarouge|41\/100\n|-ability|p1b: Armarouge|Weak Armor|boost\n|-unboost|p1b: Armarouge|def|1\n|-boost|p1b: Armarouge|spe|2\n|move|p1b: Armarouge|Expanding Force|p2a: Great Tusk|[spread] p2a,p2b\n|-enditem|p2a: Great Tusk|Focus Sash\n|-damage|p2a: Great Tusk|1\/100\n|-damage|p2b: Talonflame|0 fnt\n|faint|p2b: Talonflame\n|\n|upkeep\n|\n|t:|1682164624\n|switch|p2b: Arcanine|Arcanine, L50, M|100\/100\n|-ability|p2b: Arcanine|Intimidate|boost\n|-unboost|p1a: Indeedee|atk|1\n|-unboost|p1b: Armarouge|atk|1\n|turn|2\n|\n|t:|1682164638\n|move|p1b: Armarouge|Protect|p1b: Armarouge\n|-singleturn|p1b: Armarouge|Protect\n|move|p2a: Great Tusk|Protect|p2a: Great Tusk\n|-singleturn|p2a: Great Tusk|Protect\n|move|p2b: Arcanine|Snarl|p1a: Indeedee|[spread] p1a\n|-activate|p1b: Armarouge|move: Protect\n|-supereffective|p1a: Indeedee\n|-damage|p1a: Indeedee|24\/100\n|-unboost|p1a: Indeedee|spa|1\n|move|p1a: Indeedee|Trick Room|p1a: Indeedee\n|-fieldstart|move: Trick Room|[of] p1a: Indeedee\n|\n|upkeep\n|turn|3\n|\n|t:|1682164671\n|move|p1a: Indeedee|Helping Hand|p1b: Armarouge\n|-singleturn|p1b: Armarouge|Helping Hand|[of] p1a: Indeedee\n|move|p2b: Arcanine|Protect|p2b: Arcanine\n|-singleturn|p2b: Arcanine|Protect\n|move|p2a: Great Tusk|Earthquake|p1b: Armarouge|[spread] p1a,p1b\n|-activate|p2b: Arcanine|move: Protect\n|-damage|p1a: Indeedee|0 fnt\n|-damage|p1b: Armarouge|0 fnt\n|faint|p1a: Indeedee\n|faint|p1b: Armarouge\n|\n|upkeep\n|c|\u2606Ytterby|wow lol\n|c|\u2606sabre332|wait u r slow ...\n|\n|t:|1682164697\n|switch|p1a: Sprigatito|Sprigatito, L50, M|100\/100\n|switch|p1b: Roaring Moon|Roaring Moon, L50|100\/100\n|-enditem|p1b: Roaring Moon|Booster Energy\n|-activate|p1b: Roaring Moon|ability: Protosynthesis|[fromitem]\n|-start|p1b: Roaring Moon|protosynthesisspe\n|turn|4\n|c|\u2606Ytterby|i'm adamant max speed\n|c|\u2606Ytterby|haha\n|c|\u2606sabre332|lucky lol\n|\n|t:|1682164747\n|move|p1a: Sprigatito|Protect|p1a: Sprigatito\n|-singleturn|p1a: Sprigatito|Protect\n|move|p2a: Great Tusk|Protect|p2a: Great Tusk\n|-singleturn|p2a: Great Tusk|Protect\n|move|p1b: Roaring Moon|Acrobatics|p2a: Great Tusk\n|-activate|p2a: Great Tusk|move: Protect\n|move|p2b: Arcanine|Heat Wave|p1b: Roaring Moon|[spread] \n|-activate|p1a: Sprigatito|move: Protect\n|-miss|p2b: Arcanine|p1b: Roaring Moon\n|\n|-sideend|p2: Ytterby|move: Tailwind\n|upkeep\n|turn|5\n|\n|t:|1682164770\n|move|p1a: Sprigatito|Helping Hand|p1b: Roaring Moon\n|-singleturn|p1b: Roaring Moon|Helping Hand|[of] p1a: Sprigatito\n|move|p2b: Arcanine|Protect|p2b: Arcanine\n|-singleturn|p2b: Arcanine|Protect\n|move|p2a: Great Tusk|Earthquake|p1a: Sprigatito|[spread] p1a,p1b\n|-activate|p2b: Arcanine|move: Protect\n|-resisted|p1a: Sprigatito\n|-damage|p1a: Sprigatito|71\/100\n|-damage|p1b: Roaring Moon|25\/100\n|move|p1b: Roaring Moon|Acrobatics|p2b: Arcanine\n|-activate|p2b: Arcanine|move: Protect\n|\n|-fieldend|move: Psychic Terrain\n|upkeep\n|turn|6\n|\n|t:|1682164801\n|move|p2a: Great Tusk|Protect|p2a: Great Tusk\n|-singleturn|p2a: Great Tusk|Protect\n|move|p1b: Roaring Moon|Protect|p1b: Roaring Moon\n|-singleturn|p1b: Roaring Moon|Protect\n|move|p1a: Sprigatito|Sucker Punch||[still]\n|-fail|p1a: Sprigatito\n|move|p2b: Arcanine|Heat Wave|p1b: Roaring Moon|[spread] p1a\n|-activate|p1b: Roaring Moon|move: Protect\n|-supereffective|p1a: Sprigatito\n|-crit|p1a: Sprigatito\n|-damage|p1a: Sprigatito|0 fnt\n|faint|p1a: Sprigatito\n|\n|-fieldend|move: Trick Room\n|upkeep\n|turn|7\n|c|\u2606sabre332|gg\n|\n|t:|1682164818\n|move|p1b: Roaring Moon|Protect|p1b: Roaring Moon\n|-singleturn|p1b: Roaring Moon|Protect\n|move|p2b: Arcanine|Heat Wave|p1b: Roaring Moon\n|-activate|p1b: Roaring Moon|move: Protect\n|move|p2a: Great Tusk|Headlong Rush|p1b: Roaring Moon\n|-activate|p1b: Roaring Moon|move: Protect\n|\n|upkeep\n|turn|8\n|c|\u2606Ytterby|ggs buddy-o\n|\n|t:|1682164829\n|move|p1b: Roaring Moon|Acrobatics|p2a: Great Tusk\n|-damage|p2a: Great Tusk|0 fnt\n|faint|p2a: Great Tusk\n|-end|p2a: Great Tusk|Protosynthesis|[silent]\n|move|p2b: Arcanine|Heat Wave|p1b: Roaring Moon|[miss]\n|-miss|p2b: Arcanine|p1b: Roaring Moon\n|\n|upkeep\n|\n|t:|1682164841\n|switch|p2a: Flutter Mane|Flutter Mane, L50|100\/100\n|turn|9\n|\n|t:|1682164857\n|move|p1b: Roaring Moon|Acrobatics|p2a: Flutter Mane\n|-damage|p2a: Flutter Mane|16\/100\n|move|p2a: Flutter Mane|Dazzling Gleam|p1b: Roaring Moon\n|-supereffective|p1b: Roaring Moon\n|-damage|p1b: Roaring Moon|0 fnt\n|faint|p1b: Roaring Moon\n|-end|p1b: Roaring Moon|Protosynthesis|[silent]\n|-damage|p2a: Flutter Mane|6\/100|[from] item: Life Orb\n|\n|win|Ytterby\n|raw|sabre332's rating: 1066 → 1046<\/strong> (-20 for losing)\n|raw|Ytterby's rating: 1060 → 1092<\/strong> (+32 for winning)\n","uploadtime":1682164861,"views":11,"p1id":"sabre332","p2id":"ytterby","formatid":"gen9vgc2023regulationc","rating":1046,"private":0,"password":""}