{"id":"gen9vgc2023regulationc-1857144203","p1":"theOnlyGO","p2":"oopsycanyousee","format":"[Gen 9] VGC 2023 Regulation C","log":"|j|\u2606theOnlyGO\n|j|\u2606oopsycanyousee\n|t:|1683150431\n|gametype|doubles\n|player|p1|theOnlyGO|medium|1208\n|player|p2|oopsycanyousee|beauty-gen5bw2|1245\n|teamsize|p1|6\n|teamsize|p2|6\n|gen|9\n|tier|[Gen 9] VGC 2023 Regulation C\n|rated|\n|rule|Species Clause: Limit one of each Pok\u00e9mon\n|rule|Item Clause: Limit one of each item\n|clearpoke\n|poke|p1|Ting-Lu, L50|\n|poke|p1|Chien-Pao, L50|\n|poke|p1|Arcanine, L50, F|\n|poke|p1|Palafin, L50, M|\n|poke|p1|Gholdengo, L50|\n|poke|p1|Glimmora, L50, F|\n|poke|p2|Arcanine, L50, F|\n|poke|p2|Palafin, L50, M|\n|poke|p2|Amoonguss, L50, F|\n|poke|p2|Flutter Mane, L50|\n|poke|p2|Chien-Pao, L50|\n|poke|p2|Dragonite, L50, M|\n|teampreview|4\n|inactive|Battle timer is ON: inactive players will automatically lose when time's up. (requested by theOnlyGO)\n|inactive|theOnlyGO has 60 seconds left.\n|inactive|oopsycanyousee has 60 seconds left.\n|\n|t:|1683150472\n|start\n|switch|p1a: Palafin|Palafin, L50, M|100\/100\n|switch|p1b: Arcanine|Arcanine, L50, F|100\/100\n|switch|p2a: Azure Coast|Palafin, L50, M|100\/100\n|switch|p2b: Pinky Star|Flutter Mane, L50|100\/100\n|-ability|p1b: Arcanine|Intimidate|boost\n|-unboost|p2a: Azure Coast|atk|1\n|-unboost|p2b: Pinky Star|atk|1\n|-enditem|p2b: Pinky Star|Booster Energy\n|-activate|p2b: Pinky Star|ability: Protosynthesis|[fromitem]\n|-start|p2b: Pinky Star|protosynthesisspa\n|turn|1\n|inactive|theOnlyGO has 30 seconds left.\n|\n|t:|1683150498\n|detailschange|p1a: Palafin|Palafin-Hero, L50, M\n|switch|p1a: Ting-Lu|Ting-Lu, L50|100\/100\n|-ability|p1a: Ting-Lu|Vessel of Ruin\n|-terastallize|p2a: Azure Coast|Water\n|move|p2b: Pinky Star|Moonblast|p1a: Ting-Lu\n|-supereffective|p1a: Ting-Lu\n|-damage|p1a: Ting-Lu|58\/100\n|move|p2a: Azure Coast|Wave Crash|p1b: Arcanine\n|-supereffective|p1b: Arcanine\n|-damage|p1b: Arcanine|2\/100\n|-damage|p2a: Azure Coast|70\/100|[from] Recoil\n|move|p1b: Arcanine|Will-O-Wisp|p2a: Azure Coast\n|-status|p2a: Azure Coast|brn\n|\n|-damage|p2a: Azure Coast|64\/100 brn|[from] brn\n|upkeep\n|turn|2\n|inactive|theOnlyGO has 30 seconds left.\n|inactive|oopsycanyousee has 30 seconds left.\n|inactive|oopsycanyousee has 20 seconds left.\n|inactive|oopsycanyousee has 15 seconds left.\n|\n|t:|1683150539\n|move|p1b: Arcanine|Protect|p1b: Arcanine\n|-singleturn|p1b: Arcanine|Protect\n|move|p2a: Azure Coast|Jet Punch|p1b: Arcanine\n|-activate|p1b: Arcanine|move: Protect\n|move|p2b: Pinky Star|Moonblast|p1a: Ting-Lu\n|-supereffective|p1a: Ting-Lu\n|-damage|p1a: Ting-Lu|12\/100\n|move|p1a: Ting-Lu|Earthquake|p2a: Azure Coast|[spread] p2a,p2b\n|-activate|p1b: Arcanine|move: Protect\n|-damage|p2a: Azure Coast|27\/100 brn\n|-damage|p2b: Pinky Star|46\/100\n|\n|-damage|p2a: Azure Coast|21\/100 brn|[from] brn\n|upkeep\n|turn|3\n|inactive|oopsycanyousee has 30 seconds left.\n|\n|t:|1683150573\n|detailschange|p2a: Azure Coast|Palafin-Hero, L50, M, tera:Water\n|switch|p2a: Wonder Boy|Dragonite, L50, M|100\/100\n|move|p1b: Arcanine|Extreme Speed|p2a: Wonder Boy\n|-damage|p2a: Wonder Boy|89\/100\n|move|p2b: Pinky Star|Substitute|p2b: Pinky Star\n|-start|p2b: Pinky Star|Substitute\n|-damage|p2b: Pinky Star|21\/100\n|move|p1a: Ting-Lu|Heavy Slam|p2b: Pinky Star\n|-supereffective|p2b: Pinky Star\n|-end|p2b: Pinky Star|Substitute\n|\n|upkeep\n|turn|4\n|inactive|theOnlyGO has 30 seconds left.\n|\n|t:|1683150601\n|switch|p1b: Glimmora|Glimmora, L50, F|100\/100\n|move|p2a: Wonder Boy|Extreme Speed|p1b: Glimmora\n|-resisted|p1b: Glimmora\n|-damage|p1b: Glimmora|82\/100\n|-activate|p1b: Glimmora|ability: Toxic Debris\n|-sidestart|p2: oopsycanyousee|move: Toxic Spikes\n|move|p2b: Pinky Star|Moonblast|p1a: Ting-Lu\n|-supereffective|p1a: Ting-Lu\n|-damage|p1a: Ting-Lu|0 fnt\n|faint|p1a: Ting-Lu\n|\n|upkeep\n|\n|t:|1683150615\n|switch|p1a: Palafin|Palafin-Hero, L50, M|100\/100\n|-activate|p1a: Palafin|ability: Zero to Hero\n|turn|5\n|inactive|theOnlyGO has 30 seconds left.\n|\n|t:|1683150642\n|-end|p2b: Pinky Star|Protosynthesis|[silent]\n|switch|p2b: Azure Coast|Palafin-Hero, L50, M, tera:Water|21\/100 brn\n|-activate|p2b: Azure Coast|ability: Zero to Hero\n|move|p1a: Palafin|Jet Punch|p2b: Azure Coast\n|-resisted|p2b: Azure Coast\n|-damage|p2b: Azure Coast|0 fnt\n|faint|p2b: Azure Coast\n|move|p1b: Glimmora|Power Gem|p2a: Wonder Boy\n|-supereffective|p2a: Wonder Boy\n|-damage|p2a: Wonder Boy|18\/100\n|move|p2a: Wonder Boy|Stomping Tantrum|p1b: Glimmora\n|-supereffective|p1b: Glimmora\n|-damage|p1b: Glimmora|0 fnt\n|-activate|p1b: Glimmora|ability: Toxic Debris\n|-sidestart|p2: oopsycanyousee|move: Toxic Spikes\n|faint|p1b: Glimmora\n|\n|upkeep\n|\n|t:|1683150657\n|switch|p1b: Arcanine|Arcanine, L50, F|2\/100\n|switch|p2b: Pinky Star|Flutter Mane, L50|21\/100\n|-status|p2b: Pinky Star|tox\n|-ability|p1b: Arcanine|Intimidate|boost\n|-unboost|p2a: Wonder Boy|atk|1\n|-unboost|p2b: Pinky Star|atk|1\n|turn|6\n|inactive|theOnlyGO has 30 seconds left.\n|inactive|oopsycanyousee has 30 seconds left.\n|\n|t:|1683150689\n|move|p1b: Arcanine|Extreme Speed|p2a: Wonder Boy\n|-crit|p2a: Wonder Boy\n|-damage|p2a: Wonder Boy|0 fnt\n|faint|p2a: Wonder Boy\n|move|p1a: Palafin|Jet Punch|p2b: Pinky Star\n|-damage|p2b: Pinky Star|0 fnt\n|faint|p2b: Pinky Star\n|-end|p2b: Pinky Star|Protosynthesis|[silent]\n|\n|upkeep\n|-message|oopsycanyousee forfeited.\n|\n|win|theOnlyGO\n|raw|theOnlyGO's rating: 1208 → 1236<\/strong> (+28 for winning)\n|raw|oopsycanyousee's rating: 1245 → 1217<\/strong> (-28 for losing)\n|l|\u2606oopsycanyousee\n","uploadtime":1683150713,"views":11,"p1id":"theonlygo","p2id":"oopsycanyousee","formatid":"gen9vgc2023regulationc","rating":1217,"private":0,"password":""}