{"id":"gen9vgc2023regulationc-1855390768","p1":"zjwf","p2":"768\u53f7\u6b66\u58ebmax","format":"[Gen 9] VGC 2023 Regulation C","log":"|j|\u2606zjwf\n|j|\u2606768\u53f7\u6b66\u58ebmax\n|t:|1682946623\n|gametype|doubles\n|player|p1|zjwf|irida|\n|player|p2|768\u53f7\u6b66\u58ebmax|guzma|\n|teamsize|p1|6\n|teamsize|p2|6\n|gen|9\n|tier|[Gen 9] VGC 2023 Regulation C\n|rule|Species Clause: Limit one of each Pok\u00e9mon\n|rule|Item Clause: Limit one of each item\n|clearpoke\n|poke|p1|Gholdengo, L50|\n|poke|p1|Iron Bundle, L50|\n|poke|p1|Iron Hands, L50|\n|poke|p1|Baxcalibur, L50, F|\n|poke|p1|Volcarona, L50, F|\n|poke|p1|Kingambit, L50, F|\n|poke|p2|Tyranitar, L50, M|\n|poke|p2|Lycanroc, L50, M|\n|poke|p2|Indeedee-F, L50, F|\n|poke|p2|Ting-Lu, L50|\n|poke|p2|Annihilape, L50, M|\n|poke|p2|Flutter Mane, L50|\n|teampreview|4\n|\n|t:|1682946641\n|start\n|switch|p1a: \u6211\u53ec\u5524\u62f3\u5934\u5448\u653b\u51fb\u8868\u793a|Iron Hands, L50|100\/100\n|switch|p1b: \u65e0\u4ea7\u8005\u90fd\u8054\u5408\u8d77\u6765|Gholdengo, L50|100\/100\n|switch|p2a: Tyranitar|Tyranitar, L50, M, shiny|100\/100\n|switch|p2b: Ting-Lu|Ting-Lu, L50|100\/100\n|-weather|Sandstorm|[from] ability: Sand Stream|[of] p2a: Tyranitar\n|-ability|p2b: Ting-Lu|Vessel of Ruin\n|turn|1\n|inactive|Battle timer is ON: inactive players will automatically lose when time's up. (requested by zjwf)\n|\n|t:|1682946756\n|-terastallize|p2a: Tyranitar|Flying\n|-terastallize|p1a: \u6211\u53ec\u5524\u62f3\u5934\u5448\u653b\u51fb\u8868\u793a|Grass\n|move|p1a: \u6211\u53ec\u5524\u62f3\u5934\u5448\u653b\u51fb\u8868\u793a|Fake Out|p2a: Tyranitar\n|-crit|p2a: Tyranitar\n|-damage|p2a: Tyranitar|82\/100\n|move|p1b: \u65e0\u4ea7\u8005\u90fd\u8054\u5408\u8d77\u6765|Nasty Plot|p1b: \u65e0\u4ea7\u8005\u90fd\u8054\u5408\u8d77\u6765\n|-boost|p1b: \u65e0\u4ea7\u8005\u90fd\u8054\u5408\u8d77\u6765|spa|2\n|cant|p2a: Tyranitar|flinch\n|move|p2b: Ting-Lu|Stomping Tantrum|p1a: \u6211\u53ec\u5524\u62f3\u5934\u5448\u653b\u51fb\u8868\u793a\n|-resisted|p1a: \u6211\u53ec\u5524\u62f3\u5934\u5448\u653b\u51fb\u8868\u793a\n|-damage|p1a: \u6211\u53ec\u5524\u62f3\u5934\u5448\u653b\u51fb\u8868\u793a|89\/100\n|\n|-weather|Sandstorm|[upkeep]\n|-damage|p2a: Tyranitar|76\/100|[from] Sandstorm\n|-damage|p1a: \u6211\u53ec\u5524\u62f3\u5934\u5448\u653b\u51fb\u8868\u793a|83\/100|[from] Sandstorm\n|upkeep\n|turn|2\n|\n|t:|1682946774\n|move|p1b: \u65e0\u4ea7\u8005\u90fd\u8054\u5408\u8d77\u6765|Make It Rain|p2a: Tyranitar|[spread] p2a,p2b\n|-crit|p2b: Ting-Lu\n|-damage|p2a: Tyranitar|0 fnt\n|-damage|p2b: Ting-Lu|34\/100\n|-unboost|p1b: \u65e0\u4ea7\u8005\u90fd\u8054\u5408\u8d77\u6765|spa|1\n|faint|p2a: Tyranitar\n|-damage|p1b: \u65e0\u4ea7\u8005\u90fd\u8054\u5408\u8d77\u6765|91\/100|[from] item: Life Orb\n|move|p1a: \u6211\u53ec\u5524\u62f3\u5934\u5448\u653b\u51fb\u8868\u793a|Drain Punch|p2b: Ting-Lu\n|-supereffective|p2b: Ting-Lu\n|-damage|p2b: Ting-Lu|0 fnt\n|-heal|p1a: \u6211\u53ec\u5524\u62f3\u5934\u5448\u653b\u51fb\u8868\u793a|100\/100|[from] drain|[of] p2b: Ting-Lu\n|faint|p2b: Ting-Lu\n|\n|-weather|Sandstorm|[upkeep]\n|-damage|p1a: \u6211\u53ec\u5524\u62f3\u5934\u5448\u653b\u51fb\u8868\u793a|94\/100|[from] Sandstorm\n|upkeep\n|\n|t:|1682946789\n|switch|p2a: Lycanroc|Lycanroc, L50, M|100\/100\n|switch|p2b: Flutter Mane|Flutter Mane, L50, shiny|100\/100\n|-enditem|p2b: Flutter Mane|Booster Energy\n|-activate|p2b: Flutter Mane|ability: Protosynthesis|[fromitem]\n|-start|p2b: Flutter Mane|protosynthesisspe\n|turn|3\n|inactive|zjwf has 30 seconds left.\n|inactive|768\u53f7\u6b66\u58ebmax has 30 seconds left.\n|\n|t:|1682946817\n|move|p1b: \u65e0\u4ea7\u8005\u90fd\u8054\u5408\u8d77\u6765|Protect|p1b: \u65e0\u4ea7\u8005\u90fd\u8054\u5408\u8d77\u6765\n|-singleturn|p1b: \u65e0\u4ea7\u8005\u90fd\u8054\u5408\u8d77\u6765|Protect\n|move|p2a: Lycanroc|Rock Slide|p1b: \u65e0\u4ea7\u8005\u90fd\u8054\u5408\u8d77\u6765|[spread] p1a\n|-activate|p1b: \u65e0\u4ea7\u8005\u90fd\u8054\u5408\u8d77\u6765|move: Protect\n|-damage|p1a: \u6211\u53ec\u5524\u62f3\u5934\u5448\u653b\u51fb\u8868\u793a|74\/100\n|move|p2b: Flutter Mane|Shadow Ball|p1b: \u65e0\u4ea7\u8005\u90fd\u8054\u5408\u8d77\u6765\n|-activate|p1b: \u65e0\u4ea7\u8005\u90fd\u8054\u5408\u8d77\u6765|move: Protect\n|move|p1a: \u6211\u53ec\u5524\u62f3\u5934\u5448\u653b\u51fb\u8868\u793a|Volt Switch|p2a: Lycanroc\n|-damage|p2a: Lycanroc|84\/100\n|\n|t:|1682946828\n|-end|p1a: \u6211\u53ec\u5524\u62f3\u5934\u5448\u653b\u51fb\u8868\u793a|Quark Drive|[silent]\n|switch|p1a: \u51bb\u98ce100%|Iron Bundle, L50|100\/100|[from] Volt Switch\n|-enditem|p1a: \u51bb\u98ce100%|Booster Energy\n|-activate|p1a: \u51bb\u98ce100%|ability: Quark Drive|[fromitem]\n|-start|p1a: \u51bb\u98ce100%|quarkdrivespe\n|\n|-weather|Sandstorm|[upkeep]\n|-damage|p1a: \u51bb\u98ce100%|94\/100|[from] Sandstorm\n|-damage|p2b: Flutter Mane|95\/100|[from] Sandstorm\n|upkeep\n|turn|4\n|\n|t:|1682946841\n|switch|p1b: \u6211\u53ec\u5524\u62f3\u5934\u5448\u653b\u51fb\u8868\u793a|Iron Hands, L50, tera:Grass|74\/100\n|move|p1a: \u51bb\u98ce100%|Protect|p1a: \u51bb\u98ce100%\n|-singleturn|p1a: \u51bb\u98ce100%|Protect\n|move|p2a: Lycanroc|Rock Slide|p1a: \u51bb\u98ce100%|[spread] \n|-activate|p1a: \u51bb\u98ce100%|move: Protect\n|-miss|p2a: Lycanroc|p1b: \u6211\u53ec\u5524\u62f3\u5934\u5448\u653b\u51fb\u8868\u793a\n|move|p2b: Flutter Mane|Shadow Ball|p1b: \u6211\u53ec\u5524\u62f3\u5934\u5448\u653b\u51fb\u8868\u793a\n|-damage|p1b: \u6211\u53ec\u5524\u62f3\u5934\u5448\u653b\u51fb\u8868\u793a|53\/100\n|-unboost|p1b: \u6211\u53ec\u5524\u62f3\u5934\u5448\u653b\u51fb\u8868\u793a|spd|1\n|\n|-weather|Sandstorm|[upkeep]\n|-damage|p1a: \u51bb\u98ce100%|88\/100|[from] Sandstorm\n|-damage|p2b: Flutter Mane|89\/100|[from] Sandstorm\n|-damage|p1b: \u6211\u53ec\u5524\u62f3\u5934\u5448\u653b\u51fb\u8868\u793a|47\/100|[from] Sandstorm\n|upkeep\n|turn|5\n|\n|t:|1682946860\n|move|p1b: \u6211\u53ec\u5524\u62f3\u5934\u5448\u653b\u51fb\u8868\u793a|Fake Out|p2a: Lycanroc\n|-resisted|p2a: Lycanroc\n|-damage|p2a: Lycanroc|73\/100\n|cant|p2a: Lycanroc|flinch\n|move|p1a: \u51bb\u98ce100%|Icy Wind|p2b: Flutter Mane|[spread] p2a,p2b\n|-damage|p2a: Lycanroc|51\/100\n|-damage|p2b: Flutter Mane|68\/100\n|-unboost|p2a: Lycanroc|spe|1\n|-unboost|p2b: Flutter Mane|spe|1\n|move|p2b: Flutter Mane|Shadow Ball|p1b: \u6211\u53ec\u5524\u62f3\u5934\u5448\u653b\u51fb\u8868\u793a\n|-damage|p1b: \u6211\u53ec\u5524\u62f3\u5934\u5448\u653b\u51fb\u8868\u793a|18\/100\n|\n|-weather|none\n|upkeep\n|turn|6\n|inactive|zjwf has 30 seconds left.\n|\n|t:|1682946890\n|move|p2a: Lycanroc|Accelerock|p1a: \u51bb\u98ce100%\n|-supereffective|p1a: \u51bb\u98ce100%\n|-damage|p1a: \u51bb\u98ce100%|29\/100\n|move|p1a: \u51bb\u98ce100%|Icy Wind|p2a: Lycanroc|[spread] p2a,p2b\n|-damage|p2a: Lycanroc|16\/100\n|-damage|p2b: Flutter Mane|49\/100\n|-unboost|p2a: Lycanroc|spe|1\n|-unboost|p2b: Flutter Mane|spe|1\n|move|p2b: Flutter Mane|Dazzling Gleam|p1a: \u51bb\u98ce100%|[spread] p1a,p1b\n|-damage|p1a: \u51bb\u98ce100%|0 fnt\n|-damage|p1b: \u6211\u53ec\u5524\u62f3\u5934\u5448\u653b\u51fb\u8868\u793a|0 fnt\n|faint|p1a: \u51bb\u98ce100%\n|-end|p1a: \u51bb\u98ce100%|Quark Drive|[silent]\n|faint|p1b: \u6211\u53ec\u5524\u62f3\u5934\u5448\u653b\u51fb\u8868\u793a\n|-end|p1b: \u6211\u53ec\u5524\u62f3\u5934\u5448\u653b\u51fb\u8868\u793a|Quark Drive|[silent]\n|\n|upkeep\n|\n|t:|1682946899\n|switch|p1a: \u65e0\u4ea7\u8005\u90fd\u8054\u5408\u8d77\u6765|Gholdengo, L50|91\/100\n|switch|p1b: \u70c8\u54ac\u9646\u9ca8\uff0c\u8bf7\u597d\u597d\u5730\u770b\u7740\u6211|Baxcalibur, L50, F|100\/100\n|turn|7\n|inactive|zjwf has 30 seconds left.\n|inactive|zjwf has 20 seconds left.\n|\n|t:|1682946936\n|move|p2b: Flutter Mane|Dazzling Gleam|p1b: \u70c8\u54ac\u9646\u9ca8\uff0c\u8bf7\u597d\u597d\u5730\u770b\u7740\u6211|[spread] p1a,p1b\n|-resisted|p1a: \u65e0\u4ea7\u8005\u90fd\u8054\u5408\u8d77\u6765\n|-supereffective|p1b: \u70c8\u54ac\u9646\u9ca8\uff0c\u8bf7\u597d\u597d\u5730\u770b\u7740\u6211\n|-damage|p1a: \u65e0\u4ea7\u8005\u90fd\u8054\u5408\u8d77\u6765|74\/100\n|-damage|p1b: \u70c8\u54ac\u9646\u9ca8\uff0c\u8bf7\u597d\u597d\u5730\u770b\u7740\u6211|42\/100\n|move|p1b: \u70c8\u54ac\u9646\u9ca8\uff0c\u8bf7\u597d\u597d\u5730\u770b\u7740\u6211|Icicle Spear|p2a: Lycanroc\n|-damage|p2a: Lycanroc|0 fnt\n|faint|p2a: Lycanroc\n|-hitcount|p2: Lycanroc|1\n|move|p1a: \u65e0\u4ea7\u8005\u90fd\u8054\u5408\u8d77\u6765|Make It Rain|p2b: Flutter Mane\n|-supereffective|p2b: Flutter Mane\n|-damage|p2b: Flutter Mane|0 fnt\n|-unboost|p1a: \u65e0\u4ea7\u8005\u90fd\u8054\u5408\u8d77\u6765|spa|1\n|faint|p2b: Flutter Mane\n|-end|p2b: Flutter Mane|Protosynthesis|[silent]\n|-damage|p1a: \u65e0\u4ea7\u8005\u90fd\u8054\u5408\u8d77\u6765|64\/100|[from] item: Life Orb\n|\n|win|zjwf\n","uploadtime":1682946951,"views":42,"p1id":"zjwf","p2id":"768max","formatid":"gen9vgc2023regulationc","rating":0,"private":0,"password":""}