{"id":"gen9vgc2023regulationc-1856173401","p1":"Hadrian1917","p2":"ChaoticEternal","format":"[Gen 9] VGC 2023 Regulation C","log":"|j|\u2606Hadrian1917\n|j|\u2606ChaoticEternal\n|t:|1683037515\n|gametype|doubles\n|player|p1|Hadrian1917|brock|1158\n|player|p2|ChaoticEternal|266|1070\n|teamsize|p1|6\n|teamsize|p2|6\n|gen|9\n|tier|[Gen 9] VGC 2023 Regulation C\n|rated|\n|rule|Species Clause: Limit one of each Pok\u00e9mon\n|rule|Item Clause: Limit one of each item\n|clearpoke\n|poke|p1|Flutter Mane, L50|\n|poke|p1|Chi-Yu, L50|\n|poke|p1|Baxcalibur, L50, F|\n|poke|p1|Ting-Lu, L50|\n|poke|p1|Gyarados, L50, M|\n|poke|p1|Amoonguss, L50, M|\n|poke|p2|Grimmsnarl, L50, M|\n|poke|p2|Corviknight, L50, F|\n|poke|p2|Ceruledge, L50, F|\n|poke|p2|Ting-Lu, L50|\n|poke|p2|Gyarados, L50, F|\n|poke|p2|Annihilape, L50, F|\n|teampreview|4\n|inactive|Battle timer is ON: inactive players will automatically lose when time's up. (requested by Hadrian1917)\n|inactive|Hadrian1917 has 60 seconds left.\n|inactive|ChaoticEternal has 60 seconds left.\nChaoticEternal rejected open team sheets.\n|inactive|Hadrian1917 has 30 seconds left.\n|inactive|Hadrian1917 has 20 seconds left.\n|inactive|Hadrian1917 has 15 seconds left.\n|inactive|Hadrian1917 has 10 seconds left.\n|inactive|Hadrian1917 has 5 seconds left.\n|\n|t:|1683037606\n|start\n|switch|p1a: Flutter Mane|Flutter Mane, L50|100\/100\n|switch|p1b: Chi-Yu|Chi-Yu, L50|100\/100\n|switch|p2a: Grumpsnarl|Grimmsnarl, L50, M|100\/100\n|switch|p2b: Bing-Li|Ting-Lu, L50|100\/100\n|-ability|p1b: Chi-Yu|Beads of Ruin\n|-ability|p2b: Bing-Li|Vessel of Ruin\n|-enditem|p1a: Flutter Mane|Booster Energy\n|-activate|p1a: Flutter Mane|ability: Protosynthesis|[fromitem]\n|-start|p1a: Flutter Mane|protosynthesisspa\n|turn|1\n|inactive|Hadrian1917 has 30 seconds left.\n|inactive|ChaoticEternal has 30 seconds left.\n|inactive|Hadrian1917 has 20 seconds left.\n|inactive|ChaoticEternal has 20 seconds left.\n|inactive|Hadrian1917 has 15 seconds left.\n|inactive|ChaoticEternal has 15 seconds left.\n|inactive|Hadrian1917 has 10 seconds left.\n|inactive|ChaoticEternal has 10 seconds left.\n|\n|t:|1683037655\n|switch|p1b: Amoonguss|Amoonguss, L50, M|100\/100\n|move|p2a: Grumpsnarl|Light Screen|p2a: Grumpsnarl\n|-sidestart|p2: ChaoticEternal|move: Light Screen\n|move|p1a: Flutter Mane|Substitute|p1a: Flutter Mane\n|-start|p1a: Flutter Mane|Substitute\n|-damage|p1a: Flutter Mane|76\/100\n|move|p2b: Bing-Li|Throat Chop|p1a: Flutter Mane\n|-end|p1a: Flutter Mane|Substitute\n|\n|upkeep\n|turn|2\n|inactive|Hadrian1917 has 30 seconds left.\n|inactive|ChaoticEternal has 30 seconds left.\n|\n|t:|1683037689\n|move|p1a: Flutter Mane|Protect|p1a: Flutter Mane\n|-singleturn|p1a: Flutter Mane|Protect\n|move|p2a: Grumpsnarl|Misty Terrain|p2a: Grumpsnarl\n|-fieldstart|move: Misty Terrain\n|move|p2b: Bing-Li|Stomping Tantrum|p1b: Amoonguss\n|-damage|p1b: Amoonguss|73\/100\n|move|p1b: Amoonguss|Spore|p2b: Bing-Li\n|-activate|p2b: Bing-Li|move: Misty Terrain\n|\n|upkeep\n|turn|3\n|inactive|ChaoticEternal has 30 seconds left.\n|inactive|ChaoticEternal has 20 seconds left.\n|\n|t:|1683037726\n|move|p1b: Amoonguss|Rage Powder|p1b: Amoonguss\n|-singleturn|p1b: Amoonguss|move: Rage Powder\n|move|p1a: Flutter Mane|Moonblast|p2a: Grumpsnarl\n|-supereffective|p2a: Grumpsnarl\n|-damage|p2a: Grumpsnarl|40\/100\n|-unboost|p2a: Grumpsnarl|spa|1\n|move|p2b: Bing-Li|Stomping Tantrum|p1b: Amoonguss\n|-damage|p1b: Amoonguss|46\/100\n|-enditem|p1b: Amoonguss|Sitrus Berry|[eat]\n|-heal|p1b: Amoonguss|70\/100|[from] item: Sitrus Berry\n|move|p2a: Grumpsnarl|Spirit Break|p1b: Amoonguss\n|-resisted|p1b: Amoonguss\n|-damage|p1b: Amoonguss|57\/100\n|-unboost|p1b: Amoonguss|spa|1\n|\n|upkeep\n|turn|4\n|inactive|ChaoticEternal has 30 seconds left.\n|\n|t:|1683037761\n|switch|p2a: Corr|Corviknight, L50, F|100\/100\n|move|p1b: Amoonguss|Rage Powder|p1b: Amoonguss\n|-singleturn|p1b: Amoonguss|move: Rage Powder\n|move|p1a: Flutter Mane|Moonblast|p2a: Corr\n|-resisted|p2a: Corr\n|-damage|p2a: Corr|86\/100\n|-ability|p2a: Corr|Mirror Armor\n|-unboost|p1a: Flutter Mane|spa|1\n|move|p2b: Bing-Li|Earthquake|p1b: Amoonguss|[spread] p1a,p1b\n|-immune|p2a: Corr\n|-damage|p1a: Flutter Mane|20\/100\n|-damage|p1b: Amoonguss|31\/100\n|\n|upkeep\n|turn|5\n|inactive|Hadrian1917 has 30 seconds left.\n|inactive|ChaoticEternal has 30 seconds left.\n|inactive|Hadrian1917 has 20 seconds left.\n|inactive|Hadrian1917 has 15 seconds left.\n|\n|t:|1683037806\n|move|p1a: Flutter Mane|Shadow Ball|p2a: Corr\n|-damage|p2a: Corr|68\/100\n|move|p2b: Bing-Li|Earthquake|p1a: Flutter Mane|[spread] p1a,p1b\n|-immune|p2a: Corr\n|-damage|p1a: Flutter Mane|0 fnt\n|-damage|p1b: Amoonguss|4\/100\n|faint|p1a: Flutter Mane\n|-end|p1a: Flutter Mane|Protosynthesis|[silent]\n|move|p2a: Corr|Brave Bird|p1b: Amoonguss\n|-supereffective|p1b: Amoonguss\n|-damage|p1b: Amoonguss|0 fnt\n|faint|p1b: Amoonguss\n|-damage|p2a: Corr|66\/100|[from] Recoil\n|\n|upkeep\n|\n|t:|1683037820\n|switch|p1a: Chi-Yu|Chi-Yu, L50|100\/100\n|switch|p1b: Baxcalibur|Baxcalibur, L50, F|100\/100\n|-ability|p1a: Chi-Yu|Beads of Ruin\n|turn|6\n|inactive|Hadrian1917 has 30 seconds left.\n|inactive|ChaoticEternal has 30 seconds left.\n|inactive|ChaoticEternal has 20 seconds left.\n|\n|t:|1683037859\n|-terastallize|p1a: Chi-Yu|Water\n|move|p1a: Chi-Yu|Heat Wave|p2b: Bing-Li|[spread] p2a,p2b\n|-supereffective|p2a: Corr\n|-damage|p2a: Corr|28\/100\n|-damage|p2b: Bing-Li|86\/100\n|move|p1b: Baxcalibur|Icicle Crash|p2b: Bing-Li\n|-supereffective|p2b: Bing-Li\n|-damage|p2b: Bing-Li|38\/100\n|move|p2b: Bing-Li|Earthquake|p1a: Chi-Yu|[spread] p1a,p1b\n|-immune|p2a: Corr\n|-damage|p1a: Chi-Yu|55\/100\n|-damage|p1b: Baxcalibur|72\/100\n|move|p2a: Corr|Iron Head|p1b: Baxcalibur\n|-supereffective|p1b: Baxcalibur\n|-damage|p1b: Baxcalibur|14\/100\n|\n|-fieldend|Misty Terrain\n|upkeep\n|turn|7\n|inactive|ChaoticEternal has 30 seconds left.\n|\n|t:|1683037894\n|-terastallize|p2a: Corr|Water\n|move|p1a: Chi-Yu|Heat Wave|p2b: Bing-Li|[spread] p2a,p2b\n|-resisted|p2a: Corr\n|-damage|p2a: Corr|18\/100\n|-damage|p2b: Bing-Li|24\/100\n|-status|p2a: Corr|brn\n|-enditem|p2a: Corr|Lum Berry|[eat]\n|-curestatus|p2a: Corr|brn|[msg]\n|move|p1b: Baxcalibur|Icicle Crash|p2b: Bing-Li\n|-supereffective|p2b: Bing-Li\n|-damage|p2b: Bing-Li|0 fnt\n|faint|p2b: Bing-Li\n|move|p2a: Corr|Tailwind|p2a: Corr\n|-sidestart|p2: ChaoticEternal|move: Tailwind\n|\n|upkeep\n|inactive|ChaoticEternal has 30 seconds left.\n|\n|t:|1683037924\n|switch|p2b: Grumpsnarl|Grimmsnarl, L50, M|40\/100\n|turn|8\n|inactive|Hadrian1917 has 30 seconds left.\n|\n|t:|1683037954\n|move|p2a: Corr|Roost|p2a: Corr\n|-heal|p2a: Corr|68\/100\n|move|p2b: Grumpsnarl|Spirit Break|p1b: Baxcalibur\n|-supereffective|p1b: Baxcalibur\n|-damage|p1b: Baxcalibur|0 fnt\n|faint|p1b: Baxcalibur\n|move|p1a: Chi-Yu|Dark Pulse|p2a: Corr\n|-damage|p2a: Corr|41\/100\n|\n|-sideend|p2: ChaoticEternal|move: Light Screen\n|upkeep\n|turn|9\n|-message|Hadrian1917 forfeited.\n|\n|win|ChaoticEternal\n|raw|Hadrian1917's rating: 1158 → 1127<\/strong> (-31 for losing)\n|raw|ChaoticEternal's rating: 1070 → 1107<\/strong> (+37 for winning)\n|l|\u2606ChaoticEternal\n","uploadtime":1683038034,"views":4,"p1id":"hadrian1917","p2id":"chaoticeternal","formatid":"gen9vgc2023regulationc","rating":1107,"private":0,"password":""}