{"id":"gen9vgc2023regulationc-1859661361","p1":"adricrack 2090","p2":"Rsyer","format":"[Gen 9] VGC 2023 Regulation C","log":"|j|\u2606adricrack 2090\n|j|\u2606Rsyer\n|t:|1683553778\n|gametype|doubles\n|player|p1|adricrack 2090|170|1147\n|player|p2|Rsyer|cyclist-gen4|1045\n|teamsize|p1|6\n|teamsize|p2|6\n|gen|9\n|tier|[Gen 9] VGC 2023 Regulation C\n|rated|\n|rule|Species Clause: Limit one of each Pok\u00e9mon\n|rule|Item Clause: Limit one of each item\n|clearpoke\n|poke|p1|Chien-Pao, L50|\n|poke|p1|Palafin, L50, M|\n|poke|p1|Chi-Yu, L50|\n|poke|p1|Flutter Mane, L50|\n|poke|p1|Volcarona, L50, M|\n|poke|p1|Iron Hands, L50|\n|poke|p2|Flutter Mane, L50|\n|poke|p2|Arcanine, L50, M|\n|poke|p2|Amoonguss, L50, F|\n|poke|p2|Ting-Lu, L50|\n|poke|p2|Chien-Pao, L50|\n|poke|p2|Dragonite, L50, F|\n|teampreview|4\n|inactive|Battle timer is ON: inactive players will automatically lose when time's up. (requested by adricrack 2090)\n|inactive|Rsyer has 60 seconds left.\n|\n|t:|1683553817\n|start\n|switch|p1a: Chi-Yu|Chi-Yu, L50|100\/100\n|switch|p1b: Flutter Mane|Flutter Mane, L50|100\/100\n|switch|p2a: Amoonguss|Amoonguss, L50, F|100\/100\n|switch|p2b: Ting-Lu|Ting-Lu, L50|100\/100\n|-ability|p1a: Chi-Yu|Beads of Ruin\n|-ability|p2b: Ting-Lu|Vessel of Ruin\n|-enditem|p1b: Flutter Mane|Booster Energy\n|-activate|p1b: Flutter Mane|ability: Protosynthesis|[fromitem]\n|-start|p1b: Flutter Mane|protosynthesisspe\n|turn|1\n|inactive|adricrack 2090 has 30 seconds left.\n|inactive|Rsyer has 30 seconds left.\n|inactive|Rsyer has 20 seconds left.\n|inactive|Rsyer has 15 seconds left.\n|\n|t:|1683553859\n|-terastallize|p1b: Flutter Mane|Fairy\n|move|p1b: Flutter Mane|Moonblast|p2b: Ting-Lu\n|-supereffective|p2b: Ting-Lu\n|-damage|p2b: Ting-Lu|35\/100\n|-unboost|p2b: Ting-Lu|spa|1\n|move|p1a: Chi-Yu|Heat Wave|p2b: Ting-Lu|[spread] p2a,p2b\n|-supereffective|p2a: Amoonguss\n|-damage|p2a: Amoonguss|30\/100\n|-damage|p2b: Ting-Lu|17\/100\n|-enditem|p2a: Amoonguss|Sitrus Berry|[eat]\n|-heal|p2a: Amoonguss|55\/100|[from] item: Sitrus Berry\n|move|p2b: Ting-Lu|Fissure|p1a: Chi-Yu|[miss]\n|-miss|p2b: Ting-Lu|p1a: Chi-Yu\n|move|p2a: Amoonguss|Spore|p1b: Flutter Mane\n|-status|p1b: Flutter Mane|slp|[from] move: Spore\n|\n|upkeep\n|turn|2\n|inactive|Rsyer has 30 seconds left.\n|inactive|Rsyer has 20 seconds left.\n|inactive|Rsyer has 15 seconds left.\n|inactive|Rsyer has 10 seconds left.\n|\n|t:|1683553908\n|cant|p1b: Flutter Mane|slp\n|move|p2a: Amoonguss|Protect|p2a: Amoonguss\n|-singleturn|p2a: Amoonguss|Protect\n|move|p1a: Chi-Yu|Heat Wave|p2b: Ting-Lu|[spread] p2b\n|-activate|p2a: Amoonguss|move: Protect\n|-damage|p2b: Ting-Lu|0 fnt\n|faint|p2b: Ting-Lu\n|\n|upkeep\n|\n|t:|1683553917\n|switch|p2b: Flutter Mane|Flutter Mane, L50|100\/100\n|-enditem|p2b: Flutter Mane|Booster Energy\n|-activate|p2b: Flutter Mane|ability: Protosynthesis|[fromitem]\n|-start|p2b: Flutter Mane|protosynthesisspe\n|turn|3\n|\n|t:|1683553940\n|switch|p1a: Volcarona|Volcarona, L50, M|100\/100\n|-curestatus|p1b: Flutter Mane|slp|[msg]\n|move|p1b: Flutter Mane|Protect|p1b: Flutter Mane\n|-singleturn|p1b: Flutter Mane|Protect\n|move|p2b: Flutter Mane|Moonblast|p1a: Volcarona\n|-resisted|p1a: Volcarona\n|-damage|p1a: Volcarona|76\/100\n|move|p2a: Amoonguss|Spore|p1a: Volcarona\n|-status|p1a: Volcarona|slp|[from] move: Spore\n|\n|upkeep\n|turn|4\n|inactive|adricrack 2090 has 30 seconds left.\n|inactive|adricrack 2090 has 20 seconds left.\n|inactive|adricrack 2090 has 15 seconds left.\n|\n|t:|1683553984\n|move|p2a: Amoonguss|Protect|p2a: Amoonguss\n|-singleturn|p2a: Amoonguss|Protect\n|move|p1b: Flutter Mane|Shadow Ball|p2a: Amoonguss\n|-activate|p2a: Amoonguss|move: Protect\n|move|p2b: Flutter Mane|Shadow Ball|p1b: Flutter Mane\n|-damage|p1b: Flutter Mane|59\/100\n|cant|p1a: Volcarona|slp\n|\n|upkeep\n|turn|5\n|inactive|Rsyer has 30 seconds left.\n|inactive|Rsyer has 20 seconds left.\n|\n|t:|1683554023\n|move|p1b: Flutter Mane|Shadow Ball|p2b: Flutter Mane\n|-supereffective|p2b: Flutter Mane\n|-damage|p2b: Flutter Mane|12\/100\n|move|p2b: Flutter Mane|Shadow Ball|p1b: Flutter Mane\n|-damage|p1b: Flutter Mane|10\/100\n|cant|p1a: Volcarona|slp\n|move|p2a: Amoonguss|Spore|p1b: Flutter Mane\n|-status|p1b: Flutter Mane|slp|[from] move: Spore\n|\n|upkeep\n|turn|6\n|\n|t:|1683554038\n|cant|p1b: Flutter Mane|slp\n|move|p2b: Flutter Mane|Dazzling Gleam|p1a: Volcarona|[spread] p1a,p1b\n|-resisted|p1a: Volcarona\n|-damage|p1a: Volcarona|57\/100 slp\n|-damage|p1b: Flutter Mane|0 fnt\n|faint|p1b: Flutter Mane\n|-end|p1b: Flutter Mane|Protosynthesis|[silent]\n|cant|p1a: Volcarona|slp\n|move|p2a: Amoonguss|Pollen Puff|p2b: Flutter Mane\n|-heal|p2b: Flutter Mane|62\/100\n|\n|upkeep\n|\n|t:|1683554053\n|switch|p1b: Chi-Yu|Chi-Yu, L50|100\/100\n|-ability|p1b: Chi-Yu|Beads of Ruin\n|turn|7\n|inactive|Rsyer has 30 seconds left.\n|inactive|Rsyer has 20 seconds left.\n|\n|t:|1683554088\n|-terastallize|p2a: Amoonguss|Water\n|move|p2b: Flutter Mane|Moonblast|p1b: Chi-Yu\n|-damage|p1b: Chi-Yu|44\/100\n|move|p1b: Chi-Yu|Heat Wave|p2b: Flutter Mane|[spread] p2a,p2b\n|-resisted|p2a: Amoonguss\n|-damage|p2a: Amoonguss|33\/100\n|-damage|p2b: Flutter Mane|6\/100\n|-curestatus|p1a: Volcarona|slp|[msg]\n|move|p1a: Volcarona|Quiver Dance|p1a: Volcarona\n|-boost|p1a: Volcarona|spa|1\n|-boost|p1a: Volcarona|spd|1\n|-boost|p1a: Volcarona|spe|1\n|move|p2a: Amoonguss|Spore|p1b: Chi-Yu\n|-status|p1b: Chi-Yu|slp|[from] move: Spore\n|\n|upkeep\n|turn|8\n|inactive|Rsyer has 30 seconds left.\n|\n|t:|1683554115\n|move|p2a: Amoonguss|Protect|p2a: Amoonguss\n|-singleturn|p2a: Amoonguss|Protect\n|move|p2b: Flutter Mane|Moonblast|p1b: Chi-Yu\n|-damage|p1b: Chi-Yu|0 fnt\n|faint|p1b: Chi-Yu\n|move|p1a: Volcarona|Heat Wave|p2a: Amoonguss|[spread] p2b\n|-activate|p2a: Amoonguss|move: Protect\n|-damage|p2b: Flutter Mane|0 fnt\n|faint|p2b: Flutter Mane\n|-end|p2b: Flutter Mane|Protosynthesis|[silent]\n|\n|upkeep\n|\n|t:|1683554128\n|switch|p2b: Dragonite|Dragonite, L50, F|100\/100\n|switch|p1b: Iron Hands|Iron Hands, L50|100\/100\n|turn|9\n|inactive|adricrack 2090 has 30 seconds left.\n|inactive|Rsyer has 30 seconds left.\n|inactive|Rsyer has 20 seconds left.\n|inactive|adricrack 2090 has 20 seconds left.\n|inactive|Rsyer has 15 seconds left.\n|inactive|adricrack 2090 has 15 seconds left.\n|\n|t:|1683554174\n|move|p1b: Iron Hands|Fake Out|p2b: Dragonite\n|-damage|p2b: Dragonite|92\/100\n|move|p1a: Volcarona|Rage Powder|p1a: Volcarona\n|-singleturn|p1a: Volcarona|move: Rage Powder\n|cant|p2b: Dragonite|flinch\n|move|p2a: Amoonguss|Spore|p1a: Volcarona\n|-status|p1a: Volcarona|slp|[from] move: Spore\n|\n|upkeep\n|turn|10\n|\n|t:|1683554195\n|move|p2a: Amoonguss|Protect|p2a: Amoonguss\n|-singleturn|p2a: Amoonguss|Protect\n|cant|p1a: Volcarona|slp\n|move|p2b: Dragonite|Low Kick|p1b: Iron Hands\n|-damage|p1b: Iron Hands|56\/100\n|move|p1b: Iron Hands|Wild Charge|p2a: Amoonguss\n|-activate|p2a: Amoonguss|move: Protect\n|\n|upkeep\n|turn|11\n|inactive|Rsyer has 30 seconds left.\n|\n|t:|1683554225\n|move|p2a: Amoonguss|Rage Powder|p2a: Amoonguss\n|-singleturn|p2a: Amoonguss|move: Rage Powder\n|cant|p1a: Volcarona|slp\n|move|p2b: Dragonite|Low Kick|p1b: Iron Hands\n|-damage|p1b: Iron Hands|14\/100\n|move|p1b: Iron Hands|Drain Punch|p2a: Amoonguss\n|-damage|p2a: Amoonguss|0 fnt\n|-heal|p1b: Iron Hands|27\/100|[from] drain|[of] p2a: Amoonguss\n|faint|p2a: Amoonguss\n|\n|upkeep\n|turn|12\n|\n|t:|1683554240\n|cant|p1a: Volcarona|slp\n|move|p2b: Dragonite|Low Kick|p1b: Iron Hands\n|-damage|p1b: Iron Hands|0 fnt\n|faint|p1b: Iron Hands\n|-end|p1b: Iron Hands|Quark Drive|[silent]\n|\n|upkeep\n|turn|13\n|\n|t:|1683554250\n|-curestatus|p1a: Volcarona|slp|[msg]\n|move|p1a: Volcarona|Quiver Dance|p1a: Volcarona\n|-boost|p1a: Volcarona|spa|1\n|-boost|p1a: Volcarona|spd|1\n|-boost|p1a: Volcarona|spe|1\n|move|p2b: Dragonite|Low Kick|p1a: Volcarona\n|-resisted|p1a: Volcarona\n|-damage|p1a: Volcarona|29\/100\n|\n|upkeep\n|turn|14\n|\n|t:|1683554267\n|move|p1a: Volcarona|Bug Buzz|p2b: Dragonite\n|-resisted|p2b: Dragonite\n|-damage|p2b: Dragonite|42\/100\n|move|p2b: Dragonite|Low Kick|p1a: Volcarona\n|-resisted|p1a: Volcarona\n|-damage|p1a: Volcarona|0 fnt\n|faint|p1a: Volcarona\n|\n|win|Rsyer\n|raw|adricrack 2090's rating: 1147 → 1115<\/strong> (-32 for losing)\n|raw|Rsyer's rating: 1045 → 1088<\/strong> (+43 for winning)\n|l|\u2606adricrack 2090\n","uploadtime":1683554280,"views":5,"p1id":"adricrack2090","p2id":"rsyer","formatid":"gen9vgc2023regulationc","rating":1088,"private":0,"password":""}