{"id":"gen9vgc2023regulationc-1855322504","p1":"wagoogush8r","p2":"Dizzycat","format":"[Gen 9] VGC 2023 Regulation C","log":"|j|\u2606wagoogush8r\n|j|\u2606Dizzycat\n|t:|1682936839\n|gametype|doubles\n|player|p1|wagoogush8r|sordward|1000\n|player|p2|Dizzycat|lyra|1000\n|teamsize|p1|6\n|teamsize|p2|6\n|gen|9\n|tier|[Gen 9] VGC 2023 Regulation C\n|rated|\n|rule|Species Clause: Limit one of each Pok\u00e9mon\n|rule|Item Clause: Limit one of each item\n|clearpoke\n|poke|p1|Bronzong, L50|\n|poke|p1|Ting-Lu, L50|\n|poke|p1|Gyarados, L50, F|\n|poke|p1|Iron Hands, L50|\n|poke|p1|Flutter Mane, L50|\n|poke|p1|Volcarona, L50, M|\n|poke|p2|Iron Valiant, L50|\n|poke|p2|Annihilape, L50, F|\n|poke|p2|Scream Tail, L50|\n|poke|p2|Garganacl, L50, M|\n|poke|p2|Maushold-Four, L50|\n|poke|p2|Fletchling, L50, F|\n|teampreview|4\nwagoogush8r has agreed to open team sheets.\n|j| Gen 5 still sucks\nDizzycat has agreed to open team sheets.\n|inactive|Battle timer is ON: inactive players will automatically lose when time's up. (requested by wagoogush8r)\n|\n|t:|1682936930\n|start\n|switch|p1a: Flutter Mane|Flutter Mane, L50|100\/100\n|switch|p1b: Volcarona|Volcarona, L50, M|100\/100\n|switch|p2a: Iron Valiant|Iron Valiant, L50|100\/100\n|switch|p2b: Annihilape|Annihilape, L50, F|100\/100\n|-enditem|p2a: Iron Valiant|Booster Energy\n|-activate|p2a: Iron Valiant|ability: Quark Drive|[fromitem]\n|-start|p2a: Iron Valiant|quarkdrivespe\n|turn|1\n|inactive|wagoogush8r has 30 seconds left.\n|inactive|wagoogush8r has 20 seconds left.\n|inactive|wagoogush8r has 15 seconds left.\n|inactive|wagoogush8r has 10 seconds left.\n|\n|t:|1682936977\n|move|p1b: Volcarona|Rage Powder|p1b: Volcarona\n|-singleturn|p1b: Volcarona|move: Rage Powder\n|move|p2a: Iron Valiant|Destiny Bond|p2a: Iron Valiant\n|-singlemove|p2a: Iron Valiant|Destiny Bond\n|move|p2b: Annihilape|Final Gambit|p1b: Volcarona\n|-damage|p1b: Volcarona|0 fnt\n|faint|p2b: Annihilape\n|faint|p1b: Volcarona\n|move|p1a: Flutter Mane|Moonblast|p2a: Iron Valiant\n|-supereffective|p2a: Iron Valiant\n|-damage|p2a: Iron Valiant|0 fnt\n|faint|p2a: Iron Valiant\n|-activate|p2a: Iron Valiant|move: Destiny Bond\n|-end|p2a: Iron Valiant|Quark Drive|[silent]\n|faint|p1a: Flutter Mane\n|-end|p1a: Flutter Mane|Protosynthesis|[silent]\n|\n|upkeep\n|\n|t:|1682936992\n|switch|p1a: Ting-Lu|Ting-Lu, L50|100\/100\n|switch|p2a: Scream Tail|Scream Tail, L50|100\/100\n|switch|p2b: Fletchling|Fletchling, L50, F|100\/100\n|switch|p1b: Iron Hands|Iron Hands, L50|100\/100\n|-ability|p1a: Ting-Lu|Vessel of Ruin\n|turn|2\n|inactive|wagoogush8r has 30 seconds left.\n|inactive|wagoogush8r has 20 seconds left.\n|\n|t:|1682937028\n|move|p2b: Fletchling|Protect|p2b: Fletchling\n|-singleturn|p2b: Fletchling|Protect\n|move|p2a: Scream Tail|Perish Song|p2a: Scream Tail\n|-start|p1a: Ting-Lu|perish3|[silent]\n|-start|p1b: Iron Hands|perish3|[silent]\n|-start|p2a: Scream Tail|perish3|[silent]\n|-start|p2b: Fletchling|perish3|[silent]\n|-fieldactivate|move: Perish Song\n|move|p1b: Iron Hands|Thunder Punch|p2a: Scream Tail\n|-damage|p2a: Scream Tail|68\/100\n|move|p1a: Ting-Lu|Heavy Slam|p2a: Scream Tail\n|-supereffective|p2a: Scream Tail\n|-damage|p2a: Scream Tail|1\/100\n|\n|-start|p2a: Scream Tail|perish3\n|-start|p1b: Iron Hands|perish3\n|-start|p2b: Fletchling|perish3\n|-start|p1a: Ting-Lu|perish3\n|-status|p2b: Fletchling|tox|[from] item: Toxic Orb\n|upkeep\n|turn|3\n|inactive|wagoogush8r has 30 seconds left.\n|\n|t:|1682937056\n|move|p2a: Scream Tail|Protect|p2a: Scream Tail\n|-singleturn|p2a: Scream Tail|Protect\n|move|p2b: Fletchling|Fly||[still]\n|-prepare|p2b: Fletchling|Fly\n|move|p1b: Iron Hands|Thunder Punch|p2a: Scream Tail\n|-activate|p2a: Scream Tail|move: Protect\n|move|p1a: Ting-Lu|Throat Chop|p2a: Scream Tail\n|-activate|p2a: Scream Tail|move: Protect\n|\n|-damage|p2b: Fletchling|95\/100 tox|[from] psn\n|-start|p2a: Scream Tail|perish2\n|-start|p1b: Iron Hands|perish2\n|-start|p2b: Fletchling|perish2\n|-start|p1a: Ting-Lu|perish2\n|upkeep\n|turn|4\n|inactive|wagoogush8r has 30 seconds left.\n|\n|t:|1682937082\n|-terastallize|p2a: Scream Tail|Water\n|move|p2a: Scream Tail|Protect|p2a: Scream Tail\n|-singleturn|p2a: Scream Tail|Protect\n|move|p1b: Iron Hands|Thunder Punch|p2b: Fletchling|[miss]\n|-miss|p1b: Iron Hands|p2b: Fletchling\n|move|p2b: Fletchling|Fly|p1a: Ting-Lu|[from]lockedmove\n|-damage|p1a: Ting-Lu|88\/100\n|move|p1a: Ting-Lu|Heavy Slam|p2a: Scream Tail\n|-activate|p2a: Scream Tail|move: Protect\n|\n|-damage|p2b: Fletchling|83\/100 tox|[from] psn\n|-start|p2a: Scream Tail|perish1\n|-start|p1b: Iron Hands|perish1\n|-start|p2b: Fletchling|perish1\n|-start|p1a: Ting-Lu|perish1\n|upkeep\n|turn|5\n|inactive|wagoogush8r has 30 seconds left.\n|inactive|Dizzycat has 30 seconds left.\n|\n|t:|1682937111\n|move|p2b: Fletchling|Protect|p2b: Fletchling\n|-singleturn|p2b: Fletchling|Protect\n|move|p1b: Iron Hands|Thunder Punch|p2a: Scream Tail\n|-supereffective|p2a: Scream Tail\n|-damage|p2a: Scream Tail|0 fnt\n|faint|p2a: Scream Tail\n|-end|p2a: Scream Tail|Protosynthesis|[silent]\n|move|p1a: Ting-Lu|Throat Chop|p2b: Fletchling\n|-activate|p2b: Fletchling|move: Protect\n|\n|-damage|p2b: Fletchling|65\/100 tox|[from] psn\n|-start|p2b: Fletchling|perish0\n|-start|p1b: Iron Hands|perish0\n|-start|p1a: Ting-Lu|perish0\n|faint|p2b: Fletchling\n|faint|p1b: Iron Hands\n|-end|p1b: Iron Hands|Quark Drive|[silent]\n|faint|p1a: Ting-Lu\n|\n|win|wagoogush8r\n|upkeep\n|raw|wagoogush8r's rating: 1000 → 1040<\/strong> (+40 for winning)\n|raw|Dizzycat's rating: 1000 → 1000<\/strong> (+0 for losing)\n||Ladder isn't responding, score probably updated but might not have (Service Unavailable).\n|l|\u2606Dizzycat\n","uploadtime":1682937145,"views":22,"p1id":"wagoogush8r","p2id":"dizzycat","formatid":"gen9vgc2023regulationc","rating":1000,"private":0,"password":""}