{"id":"gen9vgc2023regulationc-1845151748","p1":"Jacooob_sneakers","p2":"mysafewordisharder","format":"[Gen 9] VGC 2023 Regulation C","log":"|j|\u2606Jacooob_sneakers\n|j|\u2606mysafewordisharder\n|t:|1681689730\n|gametype|doubles\n|player|p1|Jacooob_sneakers|102|1047\n|player|p2|mysafewordisharder|milo|1087\n|teamsize|p1|6\n|teamsize|p2|6\n|gen|9\n|tier|[Gen 9] VGC 2023 Regulation C\n|rated|\n|rule|Species Clause: Limit one of each Pok\u00e9mon\n|rule|Item Clause: Limit one of each item\n|clearpoke\n|poke|p1|Pelipper, L50, M|\n|poke|p1|Palafin, L50, M|\n|poke|p1|Chien-Pao, L50|\n|poke|p1|Amoonguss, L50, F|\n|poke|p1|Arcanine, L50, F|\n|poke|p1|Iron Jugulis, L50|\n|poke|p2|Orthworm, L50, M|\n|poke|p2|Dragonite, L50, F|\n|poke|p2|Ting-Lu, L50|\n|poke|p2|Gyarados, L50, M|\n|poke|p2|Flutter Mane, L50|\n|poke|p2|Chien-Pao, L50|\n|teampreview|4\nmysafewordisharder has agreed to open team sheets.\n|inactive|Battle timer is ON: inactive players will automatically lose when time's up. (requested by Jacooob_sneakers)\n|\n|t:|1681689760\n|start\n|switch|p1a: Pelipper|Pelipper, L50, M|100\/100\n|switch|p1b: Palafin|Palafin, L50, M|100\/100\n|switch|p2a: Orthworm Jim|Orthworm, L50, M, shiny|100\/100\n|switch|p2b: PTSD Snek|Gyarados, L50, M|100\/100\n|-ability|p2b: PTSD Snek|Intimidate|boost\n|-unboost|p1a: Pelipper|atk|1\n|-unboost|p1b: Palafin|atk|1\n|-weather|RainDance|[from] ability: Drizzle|[of] p1a: Pelipper\n|turn|1\n|\n|t:|1681689774\n|move|p1b: Palafin|Flip Turn|p2a: Orthworm Jim\n|-damage|p2a: Orthworm Jim|83\/100\n|\n|t:|1681689777\n|detailschange|p1b: Palafin|Palafin-Hero, L50, M\n|switch|p1b: Amoonguss|Amoonguss, L50, F|100\/100|[from] Flip Turn\n|move|p2b: PTSD Snek|Thunder Wave|p1b: Amoonguss\n|-status|p1b: Amoonguss|par\n|move|p1a: Pelipper|Tailwind|p1a: Pelipper\n|-sidestart|p1: Jacooob_sneakers|move: Tailwind\n|move|p2a: Orthworm Jim|Shed Tail|p2a: Orthworm Jim\n|-start|p2a: Orthworm Jim|Substitute|[from] move: Shed Tail\n|-damage|p2a: Orthworm Jim|33\/100\n|-enditem|p2a: Orthworm Jim|Sitrus Berry|[eat]\n|-heal|p2a: Orthworm Jim|58\/100|[from] item: Sitrus Berry\n|\n|t:|1681689788\n|switch|p2a: Huggies|Dragonite, L50, F|100\/100|[from] Shed Tail\n|\n|-weather|RainDance|[upkeep]\n|upkeep\n|turn|2\n|\n|t:|1681689803\n|move|p1a: Pelipper|Hurricane|p2a: Huggies\n|-activate|p2a: Huggies|move: Substitute|[damage]\n|move|p2a: Huggies|Dragon Dance|p2a: Huggies\n|-boost|p2a: Huggies|atk|1\n|-boost|p2a: Huggies|spe|1\n|move|p2b: PTSD Snek|Taunt|p1b: Amoonguss\n|-start|p1b: Amoonguss|move: Taunt\n|cant|p1b: Amoonguss|move: Taunt|Spore\n|\n|-weather|RainDance|[upkeep]\n|upkeep\n|turn|3\n|\n|t:|1681689822\n|move|p2a: Huggies|Extreme Speed|p1a: Pelipper\n|-damage|p1a: Pelipper|50\/100\n|move|p1a: Pelipper|Hurricane|p2a: Huggies\n|-end|p2a: Huggies|Substitute\n|move|p2b: PTSD Snek|Thunder Wave|p1b: Amoonguss|[miss]\n|-miss|p2b: PTSD Snek|p1b: Amoonguss\n|move|p1b: Amoonguss|Pollen Puff|p2b: PTSD Snek\n|-resisted|p2b: PTSD Snek\n|-damage|p2b: PTSD Snek|93\/100\n|\n|-weather|RainDance|[upkeep]\n|upkeep\n|turn|4\n|\n|t:|1681689847\n|-terastallize|p2a: Huggies|Flying\n|move|p1a: Pelipper|Hurricane|p2a: Huggies\n|-damage|p2a: Huggies|76\/100\n|move|p2a: Huggies|Tera Blast|p1b: Amoonguss\n|-supereffective|p1b: Amoonguss\n|-damage|p1b: Amoonguss|0 fnt\n|faint|p1b: Amoonguss\n|move|p2b: PTSD Snek|Waterfall|p1a: Pelipper\n|-resisted|p1a: Pelipper\n|-damage|p1a: Pelipper|22\/100\n|\n|-weather|RainDance|[upkeep]\n|-sideend|p1: Jacooob_sneakers|move: Tailwind\n|upkeep\n|\n|t:|1681689861\n|switch|p1b: Chien-Pao|Chien-Pao, L50|100\/100\n|-ability|p1b: Chien-Pao|Sword of Ruin\n|turn|5\n|\n|t:|1681689879\n|switch|p2a: Orthworm Jim|Orthworm, L50, M, shiny|58\/100\n|move|p1b: Chien-Pao|Icicle Crash|p2a: Orthworm Jim\n|-resisted|p2a: Orthworm Jim\n|-damage|p2a: Orthworm Jim|41\/100\n|move|p2b: PTSD Snek|Bulldoze|p1b: Chien-Pao|[spread] p1b\n|-heal|p2a: Orthworm Jim|66\/100|[from] ability: Earth Eater|[of] p2b: PTSD Snek\n|-immune|p1a: Pelipper\n|-damage|p1b: Chien-Pao|82\/100\n|-unboost|p1b: Chien-Pao|spe|1\n|move|p1a: Pelipper|Hurricane|p2b: PTSD Snek\n|-damage|p2b: PTSD Snek|59\/100\n|\n|-weather|RainDance|[upkeep]\n|upkeep\n|turn|6\n|\n|t:|1681689901\n|switch|p1b: Palafin|Palafin-Hero, L50, M|100\/100\n|-activate|p1b: Palafin|ability: Zero to Hero\n|move|p2b: PTSD Snek|Bulldoze|p1b: Palafin|[spread] p1b\n|-heal|p2a: Orthworm Jim|91\/100|[from] ability: Earth Eater|[of] p2b: PTSD Snek\n|-immune|p1a: Pelipper\n|-damage|p1b: Palafin|86\/100\n|-unboost|p1b: Palafin|spe|1\n|move|p1a: Pelipper|Hydro Pump|p2a: Orthworm Jim\n|-damage|p2a: Orthworm Jim|6\/100\n|move|p2a: Orthworm Jim|Shed Tail|p2a: Orthworm Jim\n|-fail|p2a: Orthworm Jim|move: Shed Tail|[weak]\n|\n|-weather|RainDance|[upkeep]\n|upkeep\n|turn|7\n|\n|t:|1681689921\n|move|p1b: Palafin|Jet Punch|p2a: Orthworm Jim\n|-damage|p2a: Orthworm Jim|0 fnt\n|faint|p2a: Orthworm Jim\n|move|p2b: PTSD Snek|Thunder Wave|p1b: Palafin\n|-status|p1b: Palafin|par\n|move|p1a: Pelipper|Tailwind|p1a: Pelipper\n|-sidestart|p1: Jacooob_sneakers|move: Tailwind\n|\n|-weather|RainDance|[upkeep]\n|upkeep\n|\n|t:|1681689930\n|switch|p2a: Huggies|Dragonite, L50, F, tera:Flying|76\/100\n|turn|8\n|\n|t:|1681689943\n|move|p2a: Huggies|Extreme Speed|p1a: Pelipper\n|-damage|p1a: Pelipper|0 fnt\n|faint|p1a: Pelipper\n|move|p2b: PTSD Snek|Bulldoze|p1b: Palafin|[spread] p1b\n|-immune|p2a: Huggies\n|-damage|p1b: Palafin|73\/100 par\n|-unboost|p1b: Palafin|spe|1\n|move|p1b: Palafin|Wave Crash|p2b: PTSD Snek\n|-resisted|p2b: PTSD Snek\n|-damage|p2b: PTSD Snek|0 fnt\n|faint|p2b: PTSD Snek\n|-damage|p1b: Palafin|51\/100 par|[from] Recoil\n|\n|-weather|none\n|upkeep\n|\n|t:|1681689956\n|switch|p2b: Can't think of 1|Flutter Mane, L50, shiny|100\/100\n|switch|p1a: Chien-Pao|Chien-Pao, L50|82\/100\n|-ability|p1a: Chien-Pao|Sword of Ruin\n|turn|9\n|\n|t:|1681689979\n|-terastallize|p1a: Chien-Pao|Dark\n|move|p2a: Huggies|Extreme Speed|p1a: Chien-Pao\n|-crit|p1a: Chien-Pao\n|-damage|p1a: Chien-Pao|20\/100\n|move|p1a: Chien-Pao|Icicle Crash|p2a: Huggies\n|-supereffective|p2a: Huggies\n|-damage|p2a: Huggies|0 fnt\n|faint|p2a: Huggies\n|move|p2b: Can't think of 1|Hex|p1b: Palafin\n|-damage|p1b: Palafin|0 fnt\n|faint|p1b: Palafin\n|\n|upkeep\n|turn|10\n|c|\u2606mysafewordisharder|gg wp\n|\n|t:|1681689994\n|move|p1a: Chien-Pao|Icicle Crash|p2b: Can't think of 1|[miss]\n|-miss|p1a: Chien-Pao|p2b: Can't think of 1\n|move|p2b: Can't think of 1|Hex|p1a: Chien-Pao\n|-resisted|p1a: Chien-Pao\n|-damage|p1a: Chien-Pao|0 fnt\n|faint|p1a: Chien-Pao\n|\n|win|mysafewordisharder\n|raw|Jacooob_sneakers's rating: 1047 → 1032<\/strong> (-15 for losing)\n|raw|mysafewordisharder's rating: 1087 → 1111<\/strong> (+24 for winning)\n|c|\u2606mysafewordisharder|:O\n|l|\u2606Jacooob_sneakers\n","uploadtime":1681690005,"views":15,"p1id":"jacooobsneakers","p2id":"mysafewordisharder","formatid":"gen9vgc2023regulationc","rating":1032,"private":0,"password":""}