{"id":"gen9vgc2023regulationc-1846897533","p1":"Dragon yes","p2":"Ellvaekyoo","format":"[Gen 9] VGC 2023 Regulation C","log":"|j|\u2606Dragon yes\n|j|\u2606Ellvaekyoo\n|t:|1681897685\n|gametype|doubles\n|player|p1|Dragon yes|colress|1088\n|player|p2|Ellvaekyoo|blaine|1092\n|teamsize|p1|6\n|teamsize|p2|6\n|gen|9\n|tier|[Gen 9] VGC 2023 Regulation C\n|rated|\n|rule|Species Clause: Limit one of each Pok\u00e9mon\n|rule|Item Clause: Limit one of each item\n|clearpoke\n|poke|p1|Oranguru, L50, M|\n|poke|p1|Revavroom, L50, F|\n|poke|p1|Sandy Shocks, L50|\n|poke|p1|Amoonguss, L50, M|\n|poke|p1|Meowscarada, L50, F|\n|poke|p1|Skeledirge, L50, F|\n|poke|p2|Glimmora, L50, F|\n|poke|p2|Wo-Chien, L50|\n|poke|p2|Flutter Mane, L50|\n|poke|p2|Arcanine, L50, M|\n|poke|p2|Dondozo, L50, F|\n|poke|p2|Tatsugiri, L50, F|\n|teampreview|4\n|inactive|Battle timer is ON: inactive players will automatically lose when time's up. (requested by Ellvaekyoo)\n|inactive|Dragon yes has 60 seconds left.\n|inactive|Ellvaekyoo has 60 seconds left.\n|inactive|Ellvaekyoo has 30 seconds left.\n|\n|t:|1681897746\n|start\n|switch|p1a: Skeledirge|Skeledirge, L50, F|100\/100\n|switch|p1b: Sandy Shocks|Sandy Shocks, L50|100\/100\n|switch|p2a: Glimmora|Glimmora, L50, F|100\/100\n|switch|p2b: Flutter Mane|Flutter Mane, L50|100\/100\n|-enditem|p1b: Sandy Shocks|Booster Energy\n|-activate|p1b: Sandy Shocks|ability: Protosynthesis|[fromitem]\n|-start|p1b: Sandy Shocks|protosynthesisspa\n|turn|1\n|inactive|Dragon yes has 30 seconds left.\n|inactive|Ellvaekyoo has 30 seconds left.\n|\n|t:|1681897777\n|-terastallize|p2a: Glimmora|Grass\n|-terastallize|p1a: Skeledirge|Fire\n|move|p2b: Flutter Mane|Protect|p2b: Flutter Mane\n|-singleturn|p2b: Flutter Mane|Protect\n|move|p1b: Sandy Shocks|Earth Power|p2a: Glimmora\n|-resisted|p2a: Glimmora\n|-damage|p2a: Glimmora|76\/100\n|move|p2a: Glimmora|Energy Ball|p1b: Sandy Shocks\n|-supereffective|p1b: Sandy Shocks\n|-damage|p1b: Sandy Shocks|0 fnt\n|faint|p1b: Sandy Shocks\n|-end|p1b: Sandy Shocks|Protosynthesis|[silent]\n|move|p1a: Skeledirge|Flame Charge|p2b: Flutter Mane\n|-activate|p2b: Flutter Mane|move: Protect\n|\n|upkeep\n|\n|t:|1681897792\n|switch|p1b: Amoonguss|Amoonguss, L50, M|100\/100\n|turn|2\n|\n|t:|1681897811\n|-end|p2b: Flutter Mane|Protosynthesis|[silent]\n|switch|p2b: Tatsugiri|Tatsugiri, L50, F|100\/100\n|switch|p2a: Dondozo|Dondozo, L50, F|100\/100\n|-activate|p2b: Tatsugiri|ability: Commander|[of] p2a: Dondozo\n|-boost|p2a: Dondozo|atk|2\n|-boost|p2a: Dondozo|spa|2\n|-boost|p2a: Dondozo|spe|2\n|-boost|p2a: Dondozo|def|2\n|-boost|p2a: Dondozo|spd|2\n|move|p1b: Amoonguss|Rage Powder|p1b: Amoonguss\n|-singleturn|p1b: Amoonguss|move: Rage Powder\n|move|p1a: Skeledirge|Flame Charge|p2a: Dondozo\n|-resisted|p2a: Dondozo\n|-damage|p2a: Dondozo|93\/100\n|-boost|p1a: Skeledirge|spe|1\n|\n|-heal|p2a: Dondozo|99\/100|[from] item: Leftovers\n|upkeep\n|turn|3\n|inactive|Ellvaekyoo has 30 seconds left.\n|\n|t:|1681897844\n|move|p1b: Amoonguss|Rage Powder|p1b: Amoonguss\n|-singleturn|p1b: Amoonguss|move: Rage Powder\n|move|p1a: Skeledirge|Torch Song|p2a: Dondozo\n|-resisted|p2a: Dondozo\n|-damage|p2a: Dondozo|75\/100\n|-boost|p1a: Skeledirge|spa|1\n|move|p2a: Dondozo|Earthquake|p1a: Skeledirge|[spread] p1a,p1b\n|-miss|p2a: Dondozo|p2b: Tatsugiri\n|-supereffective|p1a: Skeledirge\n|-damage|p1a: Skeledirge|59\/100\n|-damage|p1b: Amoonguss|58\/100\n|\n|-heal|p2a: Dondozo|81\/100|[from] item: Leftovers\n|-heal|p1b: Amoonguss|64\/100|[from] item: Leftovers\n|upkeep\n|turn|4\n|\n|t:|1681897867\n|move|p2a: Dondozo|Protect|p2a: Dondozo\n|-singleturn|p2a: Dondozo|Protect\n|move|p1a: Skeledirge|Shadow Ball|p2a: Dondozo\n|-activate|p2a: Dondozo|move: Protect\n|move|p1b: Amoonguss|Spore|p2a: Dondozo\n|-activate|p2a: Dondozo|move: Protect\n|\n|-heal|p2a: Dondozo|88\/100|[from] item: Leftovers\n|-heal|p1b: Amoonguss|70\/100|[from] item: Leftovers\n|upkeep\n|turn|5\n|\n|t:|1681897880\n|move|p1a: Skeledirge|Shadow Ball|p2a: Dondozo\n|-damage|p2a: Dondozo|54\/100\n|-unboost|p2a: Dondozo|spd|1\n|move|p2a: Dondozo|Earthquake|p1a: Skeledirge|[spread] p1a,p1b\n|-miss|p2a: Dondozo|p2b: Tatsugiri\n|-supereffective|p1a: Skeledirge\n|-damage|p1a: Skeledirge|16\/100\n|-damage|p1b: Amoonguss|22\/100\n|move|p1b: Amoonguss|Spore|p2a: Dondozo\n|-status|p2a: Dondozo|slp|[from] move: Spore\n|\n|-heal|p2a: Dondozo|60\/100 slp|[from] item: Leftovers\n|-heal|p1b: Amoonguss|28\/100|[from] item: Leftovers\n|upkeep\n|turn|6\n|inactive|Dragon yes has 30 seconds left.\n|\n|t:|1681897909\n|switch|p1b: Meowscarada|Meowscarada, L50, F|100\/100\n|cant|p2a: Dondozo|slp\n|move|p1a: Skeledirge|Torch Song|p2a: Dondozo\n|-resisted|p2a: Dondozo\n|-damage|p2a: Dondozo|38\/100 slp\n|-boost|p1a: Skeledirge|spa|1\n|\n|-heal|p2a: Dondozo|44\/100 slp|[from] item: Leftovers\n|upkeep\n|turn|7\n|\n|t:|1681897929\n|cant|p2a: Dondozo|slp\n|move|p1a: Skeledirge|Flame Charge|p2a: Dondozo\n|-resisted|p2a: Dondozo\n|-damage|p2a: Dondozo|35\/100 slp\n|-boost|p1a: Skeledirge|spe|1\n|move|p1b: Meowscarada|Flower Trick|p2a: Dondozo\n|-supereffective|p2a: Dondozo\n|-crit|p2a: Dondozo\n|-damage|p2a: Dondozo|0 fnt\n|faint|p2a: Dondozo\n|\n|upkeep\n|\n|t:|1681897951\n|switch|p2a: Flutter Mane|Flutter Mane, L50|100\/100\n|turn|8\n|\n|t:|1681897961\n|move|p2a: Flutter Mane|Protect|p2a: Flutter Mane\n|-singleturn|p2a: Flutter Mane|Protect\n|move|p1a: Skeledirge|Shadow Ball|p2a: Flutter Mane\n|-activate|p2a: Flutter Mane|move: Protect\n|move|p2b: Tatsugiri|Muddy Water|p1a: Skeledirge|[spread] p1a,p1b\n|-supereffective|p1a: Skeledirge\n|-resisted|p1b: Meowscarada\n|-damage|p1a: Skeledirge|0 fnt\n|-damage|p1b: Meowscarada|74\/100\n|faint|p1a: Skeledirge\n|move|p1b: Meowscarada|Flower Trick|p2b: Tatsugiri\n|-crit|p2b: Tatsugiri\n|-damage|p2b: Tatsugiri|0 fnt\n|faint|p2b: Tatsugiri\n|\n|upkeep\n|\n|t:|1681897975\n|switch|p2b: Glimmora|Glimmora, L50, F, tera:Grass|76\/100\n|switch|p1a: Amoonguss|Amoonguss, L50, M|61\/100\n|turn|9\n|\n|t:|1681897994\n|move|p2a: Flutter Mane|Shadow Ball|p1a: Amoonguss\n|-damage|p1a: Amoonguss|33\/100\n|move|p1b: Meowscarada|Flower Trick|p2a: Flutter Mane\n|-crit|p2a: Flutter Mane\n|-enditem|p2a: Flutter Mane|Focus Sash\n|-damage|p2a: Flutter Mane|1\/100\n|move|p2b: Glimmora|Energy Ball|p1a: Amoonguss\n|-resisted|p1a: Amoonguss\n|-damage|p1a: Amoonguss|25\/100\n|-unboost|p1a: Amoonguss|spd|1\n|move|p1a: Amoonguss|Pollen Puff|p2b: Glimmora\n|-supereffective|p2b: Glimmora\n|-damage|p2b: Glimmora|42\/100\n|\n|-heal|p1a: Amoonguss|31\/100|[from] item: Leftovers\n|upkeep\n|turn|10\n|inactive|Ellvaekyoo has 30 seconds left.\n|\n|t:|1681898026\n|move|p1a: Amoonguss|Rage Powder|p1a: Amoonguss\n|-singleturn|p1a: Amoonguss|move: Rage Powder\n|move|p2a: Flutter Mane|Dazzling Gleam|p1b: Meowscarada|[spread] p1a,p1b\n|-resisted|p1a: Amoonguss\n|-supereffective|p1b: Meowscarada\n|-damage|p1a: Amoonguss|14\/100\n|-damage|p1b: Meowscarada|0 fnt\n|faint|p1b: Meowscarada\n|move|p2b: Glimmora|Earth Power|p1a: Amoonguss\n|-damage|p1a: Amoonguss|0 fnt\n|faint|p1a: Amoonguss\n|\n|win|Ellvaekyoo\n|raw|Dragon yes's rating: 1088 → 1065<\/strong> (-23 for losing)\n|raw|Ellvaekyoo's rating: 1092 → 1118<\/strong> (+26 for winning)\n|c|\u2606Ellvaekyoo|noob\n|l|\u2606Dragon yes\n","uploadtime":1681898039,"views":11,"p1id":"dragonyes","p2id":"ellvaekyoo","formatid":"gen9vgc2023regulationc","rating":1065,"private":0,"password":""}