{"id":"gen9vgc2023regulationc-1857526743","p1":"helmy","p2":"NufoTotodile25","format":"[Gen 9] VGC 2023 Regulation C","log":"|j|\u2606helmy\n|j|\u2606NufoTotodile25\n|t:|1683205021\n|gametype|doubles\n|player|p1|helmy|2|1135\n|player|p2|NufoTotodile25|ethan|1246\n|teamsize|p1|6\n|teamsize|p2|6\n|gen|9\n|tier|[Gen 9] VGC 2023 Regulation C\n|rated|\n|rule|Species Clause: Limit one of each Pok\u00e9mon\n|rule|Item Clause: Limit one of each item\n|clearpoke\n|poke|p1|Glimmora, L50, F|\n|poke|p1|Gholdengo, L50|\n|poke|p1|Murkrow, L50, F|\n|poke|p1|Baxcalibur, L50, M|\n|poke|p1|Chi-Yu, L50|\n|poke|p1|Amoonguss, L50, F|\n|poke|p2|Chien-Pao, L50|\n|poke|p2|Ting-Lu, L50|\n|poke|p2|Dragonite, L50, M|\n|poke|p2|Garchomp, L50, M|\n|poke|p2|Brute Bonnet, L50|\n|poke|p2|Sableye, L50, F|\n|teampreview|4\nNufoTotodile25 rejected open team sheets.\n|\n|t:|1683205049\n|start\n|switch|p1a: Murkrow|Murkrow, L50, F|100\/100\n|switch|p1b: Baxcalibur|Baxcalibur, L50, M|100\/100\n|switch|p2a: Sableye|Sableye, L50, F|100\/100\n|switch|p2b: Garchomp|Garchomp, L50, M|100\/100\n|turn|1\n|\n|t:|1683205065\n|-terastallize|p2b: Garchomp|Fire\n|move|p1a: Murkrow|Quash|p2b: Garchomp\n|-activate|p2b: Garchomp|move: Quash\n|move|p2a: Sableye|Reflect|p2a: Sableye\n|-sidestart|p2: NufoTotodile25|Reflect\n|move|p1b: Baxcalibur|Icicle Spear|p2b: Garchomp\n|-resisted|p2b: Garchomp\n|-damage|p2b: Garchomp|96\/100\n|-resisted|p2b: Garchomp\n|-damage|p2b: Garchomp|91\/100\n|-resisted|p2b: Garchomp\n|-damage|p2b: Garchomp|86\/100\n|-resisted|p2b: Garchomp\n|-damage|p2b: Garchomp|81\/100\n|-hitcount|p2b: Garchomp|4\n|move|p2b: Garchomp|Dragon Claw|p1b: Baxcalibur\n|-supereffective|p1b: Baxcalibur\n|-damage|p1b: Baxcalibur|29\/100\n|\n|upkeep\n|turn|2\n|\n|t:|1683205109\n|switch|p1b: Amoonguss|Amoonguss, L50, F|100\/100\n|move|p1a: Murkrow|Tailwind|p1a: Murkrow\n|-sidestart|p1: helmy|move: Tailwind\n|move|p2a: Sableye|Light Screen|p2a: Sableye\n|-sidestart|p2: NufoTotodile25|move: Light Screen\n|move|p2b: Garchomp|Liquidation|p1a: Murkrow\n|-damage|p1a: Murkrow|61\/100\n|-unboost|p1a: Murkrow|def|1\n|\n|upkeep\n|turn|3\n|\n|t:|1683205126\n|switch|p2b: Ting-Lu|Ting-Lu, L50|100\/100\n|-ability|p2b: Ting-Lu|Vessel of Ruin\n|move|p2a: Sableye|Will-O-Wisp|p1b: Amoonguss|[miss]\n|-miss|p2a: Sableye|p1b: Amoonguss\n|move|p1a: Murkrow|Brave Bird|p2a: Sableye\n|-damage|p2a: Sableye|70\/100\n|-damage|p1a: Murkrow|51\/100|[from] Recoil\n|move|p1b: Amoonguss|Spore|p2b: Ting-Lu\n|-status|p2b: Ting-Lu|slp|[from] move: Spore\n|\n|upkeep\n|turn|4\n|\n|t:|1683205149\n|move|p2a: Sableye|Will-O-Wisp|p1b: Amoonguss\n|-status|p1b: Amoonguss|brn\n|move|p1a: Murkrow|Brave Bird|p2a: Sableye\n|-damage|p2a: Sableye|41\/100\n|-damage|p1a: Murkrow|42\/100|[from] Recoil\n|move|p1b: Amoonguss|Spore|p2a: Sableye\n|-status|p2a: Sableye|slp|[from] move: Spore\n|cant|p2b: Ting-Lu|slp\n|\n|-damage|p1b: Amoonguss|95\/100 brn|[from] brn\n|upkeep\n|turn|5\n|\n|t:|1683205162\n|cant|p2a: Sableye|slp\n|move|p1a: Murkrow|Brave Bird|p2a: Sableye\n|-damage|p2a: Sableye|12\/100 slp\n|-damage|p1a: Murkrow|33\/100|[from] Recoil\n|move|p1b: Amoonguss|Clear Smog|p2a: Sableye\n|-resisted|p2a: Sableye\n|-damage|p2a: Sableye|7\/100 slp\n|-clearboost|p2a: Sableye\n|cant|p2b: Ting-Lu|slp\n|\n|-damage|p1b: Amoonguss|89\/100 brn|[from] brn\n|-sideend|p1: helmy|move: Tailwind\n|upkeep\n|turn|6\n|\n|t:|1683205180\n|cant|p2a: Sableye|slp\n|move|p1a: Murkrow|Brave Bird|p2a: Sableye\n|-damage|p2a: Sableye|0 fnt\n|faint|p2a: Sableye\n|-damage|p1a: Murkrow|32\/100|[from] Recoil\n|-curestatus|p2b: Ting-Lu|slp|[msg]\n|move|p2b: Ting-Lu|Fissure|p1b: Amoonguss\n|-damage|p1b: Amoonguss|0 fnt\n|faint|p1b: Amoonguss\n|-ohko\n|\n|upkeep\n|\n|t:|1683205194\n|switch|p2a: Garchomp|Garchomp, L50, M, tera:Fire|81\/100\n|switch|p1b: Chi-Yu|Chi-Yu, L50|100\/100\n|-ability|p1b: Chi-Yu|Beads of Ruin\n|turn|7\n|\n|t:|1683205210\n|move|p1a: Murkrow|Tailwind|p1a: Murkrow\n|-sidestart|p1: helmy|move: Tailwind\n|move|p1b: Chi-Yu|Dark Pulse|p2a: Garchomp\n|-damage|p2a: Garchomp|50\/100\n|move|p2a: Garchomp|Tera Blast|p1a: Murkrow\n|-damage|p1a: Murkrow|0 fnt\n|faint|p1a: Murkrow\n|move|p2b: Ting-Lu|Fissure|p1b: Chi-Yu\n|-damage|p1b: Chi-Yu|0 fnt\n|faint|p1b: Chi-Yu\n|-ohko\n|\n|upkeep\n|\n|t:|1683205217\n|switch|p1b: Baxcalibur|Baxcalibur, L50, M|29\/100\n|turn|8\n|\n|t:|1683205227\n|move|p1b: Baxcalibur|Glaive Rush|p2a: Garchomp\n|-damage|p2a: Garchomp|2\/100\n|-singlemove|p1b: Baxcalibur|Glaive Rush|[silent]\n|-damage|p1b: Baxcalibur|17\/100|[from] ability: Rough Skin|[of] p2a: Garchomp\n|-damage|p1b: Baxcalibur|0 fnt|[from] item: Rocky Helmet|[of] p2a: Garchomp\n|faint|p1b: Baxcalibur\n|\n|win|NufoTotodile25\n|raw|helmy's rating: 1135 → 1118<\/strong> (-17 for losing)\n|raw|NufoTotodile25's rating: 1246 → 1263<\/strong> (+17 for winning)\n|l|\u2606helmy\n|c|\u2606NufoTotodile25|ggs!\n","uploadtime":1683205449,"views":15,"p1id":"helmy","p2id":"nufototodile25","formatid":"gen9vgc2023regulationc","rating":1118,"private":0,"password":""}