{"id":"gen9vgc2023regulationc-1854928373","p1":"subnori","p2":"Me krabs","format":"[Gen 9] VGC 2023 Regulation C","log":"|j|\u2606subnori\n|j|\u2606Me krabs\n|t:|1682881750\n|gametype|doubles\n|player|p1|subnori|youngcouple-gen4dp|1078\n|player|p2|Me krabs|jogger|1000\n|teamsize|p1|6\n|teamsize|p2|6\n|gen|9\n|tier|[Gen 9] VGC 2023 Regulation C\n|rated|\n|rule|Species Clause: Limit one of each Pok\u00e9mon\n|rule|Item Clause: Limit one of each item\n|clearpoke\n|poke|p1|Abomasnow, L50, F|\n|poke|p1|Cetitan, L50, F|\n|poke|p1|Altaria, L50, M|\n|poke|p1|Amoonguss, L50, M|\n|poke|p1|Eiscue, L50, M|\n|poke|p1|Salamence, L50, M|\n|poke|p2|Flutter Mane, L50|\n|poke|p2|Roaring Moon, L50|\n|poke|p2|Amoonguss, L50, F|\n|poke|p2|Maushold-Four, L50|\n|poke|p2|Gholdengo, L50|\n|poke|p2|Rotom-Wash, L50|\n|teampreview|4\n|inactive|Battle timer is ON: inactive players will automatically lose when time's up. (requested by Me krabs)\nsubnori has agreed to open team sheets.\n|\n|t:|1682881769\n|start\n|switch|p1a: Abomasnow|Abomasnow, L50, F|100\/100\n|switch|p1b: Salamence|Salamence, L50, M|100\/100\n|switch|p2a: Gholdengo|Gholdengo, L50|100\/100\n|switch|p2b: Roaring Moon|Roaring Moon, L50|100\/100\n|-ability|p1b: Salamence|Intimidate|boost\n|-unboost|p2a: Gholdengo|atk|1\n|-fail|p2b: Roaring Moon|unboost|[from] item: Clear Amulet|[of] p2b: Roaring Moon\n|-weather|Snow|[from] ability: Snow Warning|[of] p1a: Abomasnow\n|turn|1\n|inactive|Me krabs has 30 seconds left.\n|\n|t:|1682881794\n|move|p2b: Roaring Moon|Protect|p2b: Roaring Moon\n|-singleturn|p2b: Roaring Moon|Protect\n|move|p1b: Salamence|Tailwind|p1b: Salamence\n|-sidestart|p1: subnori|move: Tailwind\n|move|p1a: Abomasnow|Aurora Veil|p1a: Abomasnow\n|-sidestart|p1: subnori|move: Aurora Veil\n|move|p2a: Gholdengo|Dazzling Gleam|p1b: Salamence|[spread] p1a,p1b\n|-supereffective|p1b: Salamence\n|-damage|p1a: Abomasnow|86\/100\n|-damage|p1b: Salamence|57\/100\n|-damage|p2a: Gholdengo|91\/100|[from] item: Life Orb\n|\n|-weather|Snow|[upkeep]\n|-heal|p1b: Salamence|63\/100|[from] item: Leftovers\n|upkeep\n|turn|2\n|\n|t:|1682881813\n|-end|p2b: Roaring Moon|Protosynthesis|[silent]\n|switch|p2b: Flutter Mane|Flutter Mane, L50|100\/100\n|-enditem|p2b: Flutter Mane|Booster Energy\n|-activate|p2b: Flutter Mane|ability: Protosynthesis|[fromitem]\n|-start|p2b: Flutter Mane|protosynthesisspe\n|move|p1b: Salamence|Heat Wave|p2a: Gholdengo|[spread] p2a,p2b\n|-supereffective|p2a: Gholdengo\n|-damage|p2a: Gholdengo|55\/100\n|-damage|p2b: Flutter Mane|80\/100\n|-status|p2b: Flutter Mane|brn\n|move|p1a: Abomasnow|Blizzard|p2a: Gholdengo|[spread] p2a,p2b\n|-resisted|p2a: Gholdengo\n|-damage|p2a: Gholdengo|41\/100\n|-damage|p2b: Flutter Mane|49\/100 brn\n|move|p2a: Gholdengo|Dazzling Gleam|p1a: Abomasnow|[spread] p1a,p1b\n|-supereffective|p1b: Salamence\n|-damage|p1a: Abomasnow|71\/100\n|-damage|p1b: Salamence|20\/100\n|-damage|p2a: Gholdengo|31\/100|[from] item: Life Orb\n|\n|-weather|Snow|[upkeep]\n|-heal|p1b: Salamence|26\/100|[from] item: Leftovers\n|-damage|p2b: Flutter Mane|43\/100 brn|[from] brn\n|upkeep\n|turn|3\n|\n|t:|1682881829\n|move|p1b: Salamence|Rock Slide|p2a: Gholdengo|[spread] p2a\n|-miss|p1b: Salamence|p2b: Flutter Mane\n|-resisted|p2a: Gholdengo\n|-damage|p2a: Gholdengo|23\/100\n|move|p2b: Flutter Mane|Shadow Ball|p1a: Abomasnow\n|-crit|p1a: Abomasnow\n|-damage|p1a: Abomasnow|23\/100\n|move|p1a: Abomasnow|Blizzard|p2b: Flutter Mane|[spread] p2a,p2b\n|-resisted|p2a: Gholdengo\n|-damage|p2a: Gholdengo|11\/100\n|-damage|p2b: Flutter Mane|15\/100 brn\n|move|p2a: Gholdengo|Dazzling Gleam|p1b: Salamence|[spread] p1a,p1b\n|-supereffective|p1b: Salamence\n|-damage|p1a: Abomasnow|9\/100\n|-damage|p1b: Salamence|0 fnt\n|faint|p1b: Salamence\n|-damage|p2a: Gholdengo|1\/100|[from] item: Life Orb\n|\n|-weather|Snow|[upkeep]\n|-damage|p2b: Flutter Mane|9\/100 brn|[from] brn\n|upkeep\n|\n|t:|1682881841\n|switch|p1b: Cetitan|Cetitan, L50, F|100\/100\n|turn|4\n|\n|t:|1682881856\n|switch|p1a: Amoonguss|Amoonguss, L50, M|100\/100\n|-terastallize|p1b: Cetitan|Water\n|move|p1b: Cetitan|Liquidation|p2b: Flutter Mane\n|-damage|p2b: Flutter Mane|0 fnt\n|faint|p2b: Flutter Mane\n|-end|p2b: Flutter Mane|Protosynthesis|[silent]\n|move|p2a: Gholdengo|Recover|p2a: Gholdengo\n|-heal|p2a: Gholdengo|51\/100\n|\n|-weather|Snow|[upkeep]\n|-sideend|p1: subnori|move: Tailwind\n|upkeep\n|\n|t:|1682881870\n|switch|p2b: Rotom|Rotom-Wash, L50|100\/100\n|turn|5\n|\n|t:|1682881881\n|-terastallize|p2b: Rotom|Electric\n|move|p1b: Cetitan|Liquidation|p2a: Gholdengo\n|-damage|p2a: Gholdengo|0 fnt\n|faint|p2a: Gholdengo\n|move|p2b: Rotom|Thunderbolt|p1b: Cetitan\n|-supereffective|p1b: Cetitan\n|-damage|p1b: Cetitan|35\/100\n|move|p1a: Amoonguss|Spore|p2b: Rotom\n|-status|p2b: Rotom|slp|[from] move: Spore\n|\n|-weather|none\n|-sideend|p1: subnori|move: Aurora Veil\n|upkeep\n|\n|t:|1682881889\n|switch|p2a: Roaring Moon|Roaring Moon, L50|100\/100\n|turn|6\n|\n|t:|1682881899\n|switch|p1a: Abomasnow|Abomasnow, L50, F|9\/100\n|-weather|Snow|[from] ability: Snow Warning|[of] p1a: Abomasnow\n|move|p1b: Cetitan|Liquidation|p2b: Rotom\n|-damage|p2b: Rotom|35\/100 slp\n|-enditem|p2b: Rotom|Sitrus Berry|[eat]\n|-heal|p2b: Rotom|60\/100 slp|[from] item: Sitrus Berry\n|move|p2a: Roaring Moon|Earthquake|p1b: Cetitan|[spread] p1a,p1b\n|-immune|p2b: Rotom|[from] ability: Levitate\n|-resisted|p1a: Abomasnow\n|-damage|p1a: Abomasnow|0 fnt\n|-damage|p1b: Cetitan|7\/100\n|faint|p1a: Abomasnow\n|cant|p2b: Rotom|slp\n|\n|-weather|Snow|[upkeep]\n|upkeep\n|\n|t:|1682881911\n|switch|p1a: Amoonguss|Amoonguss, L50, M|100\/100\n|turn|7\n|\n|t:|1682881926\n|move|p2a: Roaring Moon|Protect|p2a: Roaring Moon\n|-singleturn|p2a: Roaring Moon|Protect\n|move|p1b: Cetitan|Liquidation|p2b: Rotom\n|-damage|p2b: Rotom|0 fnt\n|faint|p2b: Rotom\n|move|p1a: Amoonguss|Pollen Puff|p1b: Cetitan\n|-heal|p1b: Cetitan|56\/100\n|\n|-weather|Snow|[upkeep]\n|upkeep\n|turn|8\n|\n|t:|1682881936\n|move|p1b: Cetitan|Liquidation|p2a: Roaring Moon\n|-resisted|p2a: Roaring Moon\n|-damage|p2a: Roaring Moon|58\/100\n|move|p2a: Roaring Moon|Crunch|p1b: Cetitan\n|-damage|p1b: Cetitan|13\/100\n|move|p1a: Amoonguss|Pollen Puff|p1b: Cetitan\n|-heal|p1b: Cetitan|63\/100\n|\n|-weather|Snow|[upkeep]\n|upkeep\n|turn|9\n|\n|t:|1682881952\n|move|p1b: Cetitan|Liquidation|p2a: Roaring Moon\n|-resisted|p2a: Roaring Moon\n|-damage|p2a: Roaring Moon|12\/100\n|move|p2a: Roaring Moon|Earthquake|p1b: Cetitan|[spread] p1a,p1b\n|-damage|p1a: Amoonguss|79\/100\n|-damage|p1b: Cetitan|36\/100\n|move|p1a: Amoonguss|Pollen Puff|p1b: Cetitan\n|-heal|p1b: Cetitan|86\/100\n|\n|-weather|Snow|[upkeep]\n|upkeep\n|turn|10\n|-message|Me krabs forfeited.\n|\n|win|subnori\n|raw|subnori's rating: 1078 → 1100<\/strong> (+22 for winning)\n|raw|Me krabs's rating: 1000 → 1000<\/strong> (+0 for losing)\n|l|\u2606Me krabs\n","uploadtime":1682881967,"views":8,"p1id":"subnori","p2id":"mekrabs","formatid":"gen9vgc2023regulationc","rating":1000,"private":0,"password":""}