{"id":"gen9vgc2023regulationc-1845888400","p1":"elchorogono","p2":"Rin Itachi","format":"[Gen 9] VGC 2023 Regulation C","log":"|j|\u2606elchorogono\n|j|\u2606Rin Itachi\n|t:|1681775660\n|gametype|doubles\n|player|p1|elchorogono|2|1304\n|player|p2|Rin Itachi|marley|1223\n|teamsize|p1|6\n|teamsize|p2|6\n|gen|9\n|tier|[Gen 9] VGC 2023 Regulation C\n|rated|\n|rule|Species Clause: Limit one of each Pok\u00e9mon\n|rule|Item Clause: Limit one of each item\n|clearpoke\n|poke|p1|Palafin, L50, F|\n|poke|p1|Flutter Mane, L50|\n|poke|p1|Arcanine, L50, M|\n|poke|p1|Ting-Lu, L50|\n|poke|p1|Amoonguss, L50, M|\n|poke|p1|Kingambit, L50, F|\n|poke|p2|Flutter Mane, L50|\n|poke|p2|Chi-Yu, L50|\n|poke|p2|Gyarados, L50, M|\n|poke|p2|Amoonguss, L50, M|\n|poke|p2|Tyranitar, L50, M|\n|poke|p2|Corviknight, L50, F|\n|teampreview|4\n|\n|t:|1681775690\n|start\n|switch|p1a: Palafin|Palafin, L50, F|100\/100\n|switch|p1b: Amoonguss|Amoonguss, L50, M|100\/100\n|switch|p2a: Itachi Rin|Flutter Mane, L50|100\/100\n|switch|p2b: Chi-Yu|Chi-Yu, L50|100\/100\n|-ability|p2b: Chi-Yu|Beads of Ruin\n|-enditem|p2a: Itachi Rin|Booster Energy\n|-activate|p2a: Itachi Rin|ability: Protosynthesis|[fromitem]\n|-start|p2a: Itachi Rin|protosynthesisspa\n|turn|1\n|\n|t:|1681775716\n|switch|p2b: Gyarados|Gyarados, L50, M|100\/100\n|-ability|p2b: Gyarados|Intimidate|boost\n|-unboost|p1a: Palafin|atk|1\n|-unboost|p1b: Amoonguss|atk|1\n|move|p2a: Itachi Rin|Protect|p2a: Itachi Rin\n|-singleturn|p2a: Itachi Rin|Protect\n|move|p1a: Palafin|Protect|p1a: Palafin\n|-singleturn|p1a: Palafin|Protect\n|move|p1b: Amoonguss|Spore|p2a: Itachi Rin\n|-activate|p2a: Itachi Rin|move: Protect\n|\n|upkeep\n|turn|2\n|\n|t:|1681775733\n|move|p1b: Amoonguss|Rage Powder|p1b: Amoonguss\n|-singleturn|p1b: Amoonguss|move: Rage Powder\n|move|p1a: Palafin|Jet Punch|p2a: Itachi Rin\n|-damage|p2a: Itachi Rin|72\/100\n|move|p2a: Itachi Rin|Substitute|p2a: Itachi Rin\n|-start|p2a: Itachi Rin|Substitute\n|-damage|p2a: Itachi Rin|48\/100\n|move|p2b: Gyarados|Thunder Wave|p1a: Palafin\n|-status|p1a: Palafin|par\n|\n|upkeep\n|turn|3\n|\n|t:|1681775763\n|detailschange|p1a: Palafin|Palafin-Hero, L50, F\n|switch|p1a: Flutter Mane|Flutter Mane, L50|100\/100\n|-enditem|p1a: Flutter Mane|Booster Energy\n|-activate|p1a: Flutter Mane|ability: Protosynthesis|[fromitem]\n|-start|p1a: Flutter Mane|protosynthesisspa\n|move|p2a: Itachi Rin|Protect|p2a: Itachi Rin\n|-singleturn|p2a: Itachi Rin|Protect\n|move|p1b: Amoonguss|Rage Powder|p1b: Amoonguss\n|-singleturn|p1b: Amoonguss|move: Rage Powder\n|move|p2b: Gyarados|Taunt|p1b: Amoonguss\n|-start|p1b: Amoonguss|move: Taunt\n|\n|upkeep\n|turn|4\n|inactive|Battle timer is ON: inactive players will automatically lose when time's up. (requested by Rin Itachi)\n|\n|t:|1681775780\n|-terastallize|p1a: Flutter Mane|Fairy\n|move|p1a: Flutter Mane|Moonblast|p2b: Gyarados\n|-damage|p2b: Gyarados|44\/100\n|move|p2a: Itachi Rin|Shadow Ball|p1b: Amoonguss\n|-damage|p1b: Amoonguss|55\/100\n|move|p2b: Gyarados|Thunder Wave|p1a: Flutter Mane\n|-status|p1a: Flutter Mane|par\n|move|p1b: Amoonguss|Pollen Puff|p1a: Flutter Mane\n|-immune|p1a: Flutter Mane\n|\n|upkeep\n|turn|5\n|\n|t:|1681775804\n|switch|p1b: Kingambit|Kingambit, L50, F|100\/100\n|move|p1a: Flutter Mane|Protect|p1a: Flutter Mane\n|-singleturn|p1a: Flutter Mane|Protect\n|move|p2a: Itachi Rin|Shadow Ball|p1b: Kingambit\n|-resisted|p1b: Kingambit\n|-damage|p1b: Kingambit|72\/100\n|move|p2b: Gyarados|Iron Head|p1a: Flutter Mane\n|-activate|p1a: Flutter Mane|move: Protect\n|\n|upkeep\n|turn|6\n|inactive|elchorogono has 30 seconds left.\n|\n|t:|1681775829\n|switch|p2b: Amoonguss|Amoonguss, L50, M|100\/100\n|-terastallize|p2a: Itachi Rin|Fairy\n|move|p1b: Kingambit|Sucker Punch|p2a: Itachi Rin\n|-resisted|p2a: Itachi Rin\n|-end|p2a: Itachi Rin|Substitute\n|move|p2a: Itachi Rin|Moonblast|p1b: Kingambit\n|-damage|p1b: Kingambit|0 fnt\n|faint|p1b: Kingambit\n|move|p1a: Flutter Mane|Dazzling Gleam|p2a: Itachi Rin|[spread] p2a,p2b\n|-resisted|p2b: Amoonguss\n|-damage|p2a: Itachi Rin|0 fnt\n|-damage|p2b: Amoonguss|79\/100\n|faint|p2a: Itachi Rin\n|-end|p2a: Itachi Rin|Protosynthesis|[silent]\n|\n|upkeep\n|\n|t:|1681775848\n|switch|p2a: Chi-Yu|Chi-Yu, L50|100\/100\n|switch|p1b: Amoonguss|Amoonguss, L50, M|89\/100\n|-ability|p2a: Chi-Yu|Beads of Ruin\n|turn|7\n|\n|t:|1681775864\n|move|p1a: Flutter Mane|Protect|p1a: Flutter Mane\n|-singleturn|p1a: Flutter Mane|Protect\n|move|p1b: Amoonguss|Protect|p1b: Amoonguss\n|-singleturn|p1b: Amoonguss|Protect\n|move|p2a: Chi-Yu|Heat Wave|p1b: Amoonguss|[spread] \n|-activate|p1a: Flutter Mane|move: Protect\n|-activate|p1b: Amoonguss|move: Protect\n|move|p2b: Amoonguss|Spore|p1b: Amoonguss\n|-activate|p1b: Amoonguss|move: Protect\n|\n|upkeep\n|turn|8\n|\n|t:|1681775881\n|move|p2a: Chi-Yu|Heat Wave|p1b: Amoonguss|[spread] p1a,p1b\n|-crit|p1a: Flutter Mane\n|-supereffective|p1b: Amoonguss\n|-damage|p1a: Flutter Mane|11\/100 par\n|-damage|p1b: Amoonguss|0 fnt\n|faint|p1b: Amoonguss\n|-damage|p2a: Chi-Yu|90\/100|[from] item: Life Orb\n|move|p1a: Flutter Mane|Moonblast|p2a: Chi-Yu\n|-damage|p2a: Chi-Yu|0 fnt\n|faint|p2a: Chi-Yu\n|move|p2b: Amoonguss|Spore||[still]\n|-fail|p2b: Amoonguss\n|\n|upkeep\n|\n|t:|1681775892\n|switch|p2a: Gyarados|Gyarados, L50, M|44\/100\n|switch|p1b: Palafin|Palafin-Hero, L50, F|100\/100 par\n|-ability|p2a: Gyarados|Intimidate|boost\n|-unboost|p1a: Flutter Mane|atk|1\n|-unboost|p1b: Palafin|atk|1\n|-activate|p1b: Palafin|ability: Zero to Hero\n|turn|9\n|\n|t:|1681775905\n|move|p2a: Gyarados|Iron Head|p1a: Flutter Mane\n|-supereffective|p1a: Flutter Mane\n|-damage|p1a: Flutter Mane|0 fnt\n|faint|p1a: Flutter Mane\n|-end|p1a: Flutter Mane|Protosynthesis|[silent]\n|move|p1b: Palafin|Wave Crash|p2a: Gyarados\n|-resisted|p2a: Gyarados\n|-damage|p2a: Gyarados|10\/100\n|-damage|p1b: Palafin|90\/100 par|[from] Recoil\n|move|p2b: Amoonguss|Pollen Puff|p2a: Gyarados\n|-heal|p2a: Gyarados|60\/100\n|\n|upkeep\n|turn|10\n|\n|t:|1681775923\n|move|p2a: Gyarados|Waterfall|p1b: Palafin\n|-resisted|p1b: Palafin\n|-damage|p1b: Palafin|73\/100 par\n|move|p1b: Palafin|Haze|p1b: Palafin\n|-clearallboost\n|move|p2b: Amoonguss|Pollen Puff|p2a: Gyarados\n|-heal|p2a: Gyarados|100\/100\n|\n|upkeep\n|turn|11\n|\n|t:|1681775934\n|move|p2a: Gyarados|Waterfall|p1b: Palafin\n|-resisted|p1b: Palafin\n|-damage|p1b: Palafin|58\/100 par\n|move|p1b: Palafin|Wave Crash|p2a: Gyarados\n|-resisted|p2a: Gyarados\n|-damage|p2a: Gyarados|51\/100\n|-damage|p1b: Palafin|42\/100 par|[from] Recoil\n|move|p2b: Amoonguss|Pollen Puff|p1b: Palafin\n|-damage|p1b: Palafin|25\/100 par\n|\n|upkeep\n|turn|12\n|-message|elchorogono forfeited.\n|\n|win|Rin Itachi\n|raw|elchorogono's rating: 1304 → 1279<\/strong> (-25 for losing)\n|raw|Rin Itachi's rating: 1223 → 1254<\/strong> (+31 for winning)\n","uploadtime":1681776480,"views":14,"p1id":"elchorogono","p2id":"rinitachi","formatid":"gen9vgc2023regulationc","rating":1254,"private":0,"password":""}