{"id":"gen9vgc2023regulationc-1859022568","p1":"Draxolotl","p2":"Arcacagne","format":"[Gen 9] VGC 2023 Regulation C","log":"|j|\u2606Draxolotl\n|j|\u2606Arcacagne\n|t:|1683395378\n|gametype|doubles\n|player|p1|Draxolotl|iris-gen5bw2|1285\n|player|p2|Arcacagne|170|1344\n|teamsize|p1|6\n|teamsize|p2|6\n|gen|9\n|tier|[Gen 9] VGC 2023 Regulation C\n|rated|\n|rule|Species Clause: Limit one of each Pok\u00e9mon\n|rule|Item Clause: Limit one of each item\n|clearpoke\n|poke|p1|Gyarados, L50, M|\n|poke|p1|Amoonguss, L50, M|\n|poke|p1|Chi-Yu, L50|\n|poke|p1|Flutter Mane, L50|\n|poke|p1|Scizor, L50, M|\n|poke|p1|Roaring Moon, L50|\n|poke|p2|Abomasnow, L50, M|\n|poke|p2|Iron Bundle, L50|\n|poke|p2|Chi-Yu, L50|\n|poke|p2|Amoonguss, L50, F|\n|poke|p2|Iron Hands, L50|\n|poke|p2|Flutter Mane, L50|\n|teampreview|4\n|inactive|Battle timer is ON: inactive players will automatically lose when time's up. (requested by Draxolotl)\n|inactive|Arcacagne has 60 seconds left.\n|\n|t:|1683395413\n|start\n|switch|p1a: Chi-Yu|Chi-Yu, L50|100\/100\n|switch|p1b: Scizor|Scizor, L50, M|100\/100\n|switch|p2a: Chi-Yu|Chi-Yu, L50|100\/100\n|switch|p2b: Amoonguss|Amoonguss, L50, F|100\/100\n|-ability|p1a: Chi-Yu|Beads of Ruin\n|-ability|p2a: Chi-Yu|Beads of Ruin\n|turn|1\n|\n|t:|1683395433\n|-terastallize|p2b: Amoonguss|Water\n|move|p1a: Chi-Yu|Protect|p1a: Chi-Yu\n|-singleturn|p1a: Chi-Yu|Protect\n|move|p1b: Scizor|Protect|p1b: Scizor\n|-singleturn|p1b: Scizor|Protect\n|move|p2a: Chi-Yu|Nasty Plot|p2a: Chi-Yu\n|-boost|p2a: Chi-Yu|spa|2\n|move|p2b: Amoonguss|Spore|p1a: Chi-Yu\n|-activate|p1a: Chi-Yu|move: Protect\n|\n|upkeep\n|turn|2\n|\n|t:|1683395449\n|switch|p1a: Gyarados|Gyarados, L50, M|100\/100\n|-ability|p1a: Gyarados|Intimidate|boost\n|-unboost|p2a: Chi-Yu|atk|1\n|-unboost|p2b: Amoonguss|atk|1\n|-terastallize|p1b: Scizor|Fire\n|move|p2b: Amoonguss|Rage Powder|p2b: Amoonguss\n|-singleturn|p2b: Amoonguss|move: Rage Powder\n|move|p2a: Chi-Yu|Heat Wave|p1b: Scizor|[spread] p1a,p1b\n|-resisted|p1a: Gyarados\n|-resisted|p1b: Scizor\n|-crit|p1b: Scizor\n|-damage|p1a: Gyarados|63\/100\n|-damage|p1b: Scizor|30\/100\n|-status|p1a: Gyarados|brn\n|move|p1b: Scizor|U-turn|p2b: Amoonguss\n|-damage|p2b: Amoonguss|58\/100\n|-damage|p1b: Scizor|20\/100|[from] item: Life Orb\n|\n|t:|1683395466\n|switch|p1b: Flutter Mane|Flutter Mane, L50|100\/100|[from] U-turn\n|\n|-damage|p1a: Gyarados|57\/100 brn|[from] brn\n|upkeep\n|turn|3\n|inactive|Arcacagne has 30 seconds left.\n|\n|t:|1683395503\n|move|p2a: Chi-Yu|Protect|p2a: Chi-Yu\n|-singleturn|p2a: Chi-Yu|Protect\n|move|p1b: Flutter Mane|Moonblast|p2a: Chi-Yu\n|-activate|p2a: Chi-Yu|move: Protect\n|move|p1a: Gyarados|Thunder Wave|p2a: Chi-Yu\n|-activate|p2a: Chi-Yu|move: Protect\n|move|p2b: Amoonguss|Spore|p1b: Flutter Mane\n|-status|p1b: Flutter Mane|slp|[from] move: Spore\n|\n|-damage|p1a: Gyarados|51\/100 brn|[from] brn\n|upkeep\n|turn|4\n|\n|t:|1683395518\n|move|p2b: Amoonguss|Rage Powder|p2b: Amoonguss\n|-singleturn|p2b: Amoonguss|move: Rage Powder\n|cant|p1b: Flutter Mane|slp\n|move|p2a: Chi-Yu|Heat Wave|p1a: Gyarados|[spread] p1b\n|-miss|p2a: Chi-Yu|p1a: Gyarados\n|-damage|p1b: Flutter Mane|14\/100 slp\n|move|p1a: Gyarados|Waterfall|p2a: Chi-Yu\n|-supereffective|p2a: Chi-Yu\n|-damage|p2a: Chi-Yu|50\/100\n|\n|-damage|p1a: Gyarados|46\/100 brn|[from] brn\n|upkeep\n|turn|5\n|\n|t:|1683395536\n|switch|p2b: Iron Hands|Iron Hands, L50|100\/100\n|-curestatus|p1b: Flutter Mane|slp|[msg]\n|move|p1b: Flutter Mane|Moonblast|p2a: Chi-Yu\n|-damage|p2a: Chi-Yu|0 fnt\n|faint|p2a: Chi-Yu\n|move|p1a: Gyarados|Waterfall|p2b: Iron Hands\n|-damage|p2b: Iron Hands|89\/100\n|\n|-damage|p1a: Gyarados|40\/100 brn|[from] brn\n|upkeep\n|\n|t:|1683395547\n|switch|p2a: Iron Bundle|Iron Bundle, L50|100\/100\n|-enditem|p2a: Iron Bundle|Booster Energy\n|-activate|p2a: Iron Bundle|ability: Quark Drive|[fromitem]\n|-start|p2a: Iron Bundle|quarkdrivespe\n|turn|6\n|\n|t:|1683395561\n|move|p1a: Gyarados|Protect|p1a: Gyarados\n|-singleturn|p1a: Gyarados|Protect\n|move|p2b: Iron Hands|Fake Out|p1a: Gyarados\n|-activate|p1a: Gyarados|move: Protect\n|move|p2a: Iron Bundle|Icy Wind|p1b: Flutter Mane|[spread] p1b\n|-activate|p1a: Gyarados|move: Protect\n|-damage|p1b: Flutter Mane|0 fnt\n|faint|p1b: Flutter Mane\n|-end|p1b: Flutter Mane|Protosynthesis|[silent]\n|\n|-damage|p1a: Gyarados|34\/100 brn|[from] brn\n|upkeep\n|\n|t:|1683395580\n|switch|p1b: Chi-Yu|Chi-Yu, L50|100\/100\n|-ability|p1b: Chi-Yu|Beads of Ruin\n|turn|7\n|\n|t:|1683395590\n|move|p2a: Iron Bundle|Protect|p2a: Iron Bundle\n|-singleturn|p2a: Iron Bundle|Protect\n|move|p1b: Chi-Yu|Heat Wave|p2b: Iron Hands|[spread] p2b\n|-activate|p2a: Iron Bundle|move: Protect\n|-damage|p2b: Iron Hands|47\/100\n|move|p1a: Gyarados|Waterfall|p2b: Iron Hands\n|-damage|p2b: Iron Hands|36\/100\n|move|p2b: Iron Hands|Thunder Punch|p1a: Gyarados\n|-supereffective|p1a: Gyarados\n|-damage|p1a: Gyarados|0 fnt\n|faint|p1a: Gyarados\n|\n|upkeep\n|\n|t:|1683395602\n|switch|p1a: Scizor|Scizor, L50, M, tera:Fire|20\/100\n|turn|8\n|\n|t:|1683395615\n|move|p1a: Scizor|Protect|p1a: Scizor\n|-singleturn|p1a: Scizor|Protect\n|move|p2a: Iron Bundle|Hydro Pump|p1b: Chi-Yu|[miss]\n|-miss|p2a: Iron Bundle|p1b: Chi-Yu\n|move|p1b: Chi-Yu|Heat Wave|p2a: Iron Bundle|[spread] p2a,p2b\n|-damage|p2a: Iron Bundle|16\/100\n|-damage|p2b: Iron Hands|0 fnt\n|-status|p2a: Iron Bundle|brn\n|faint|p2b: Iron Hands\n|-end|p2b: Iron Hands|Quark Drive|[silent]\n|\n|-damage|p2a: Iron Bundle|10\/100 brn|[from] brn\n|upkeep\n|c|\u2606Draxolotl|gg wp\n|\n|t:|1683395627\n|switch|p2b: Amoonguss|Amoonguss, L50, F, tera:Water|91\/100\n|turn|9\n|\n|t:|1683395649\n|move|p2b: Amoonguss|Rage Powder|p2b: Amoonguss\n|-singleturn|p2b: Amoonguss|move: Rage Powder\n|move|p2a: Iron Bundle|Hydro Pump|p1b: Chi-Yu\n|-supereffective|p1b: Chi-Yu\n|-enditem|p1b: Chi-Yu|Focus Sash\n|-damage|p1b: Chi-Yu|1\/100\n|move|p1b: Chi-Yu|Heat Wave|p2a: Iron Bundle|[spread] p2a,p2b\n|-resisted|p2b: Amoonguss\n|-damage|p2a: Iron Bundle|0 fnt\n|-damage|p2b: Amoonguss|71\/100\n|faint|p2a: Iron Bundle\n|-end|p2a: Iron Bundle|Quark Drive|[silent]\n|move|p1a: Scizor|U-turn|p2b: Amoonguss\n|-damage|p2b: Amoonguss|31\/100\n|-enditem|p2b: Amoonguss|Sitrus Berry|[eat]\n|-heal|p2b: Amoonguss|56\/100|[from] item: Sitrus Berry\n|-damage|p1a: Scizor|10\/100|[from] item: Life Orb\n|\n|upkeep\n|turn|10\n|\n|t:|1683395673\n|move|p1b: Chi-Yu|Dark Pulse|p2b: Amoonguss\n|-damage|p2b: Amoonguss|8\/100\n|move|p1a: Scizor|U-turn|p2b: Amoonguss\n|-damage|p2b: Amoonguss|0 fnt\n|faint|p2b: Amoonguss\n|-damage|p1a: Scizor|0 fnt|[from] item: Life Orb\n|faint|p1a: Scizor\n|\n|win|Draxolotl\n|raw|Draxolotl's rating: 1285 → 1314<\/strong> (+29 for winning)\n|raw|Arcacagne's rating: 1344 → 1321<\/strong> (-23 for losing)\n","uploadtime":1683395684,"views":15,"p1id":"draxolotl","p2id":"arcacagne","formatid":"gen9vgc2023regulationc","rating":1314,"private":0,"password":""}