{"id":"gen9vgc2023regulationc-1850002340","p1":"Onlyshiny","p2":"Nosejugarpokemones","format":"[Gen 9] VGC 2023 Regulation C","log":"|j|\u2606Onlyshiny\n|j|\u2606Nosejugarpokemones\n|t:|1682276844\n|gametype|doubles\n|player|p1|Onlyshiny|n|\n|player|p2|Nosejugarpokemones|1|\n|teamsize|p1|6\n|teamsize|p2|6\n|gen|9\n|tier|[Gen 9] VGC 2023 Regulation C\n|rule|Species Clause: Limit one of each Pok\u00e9mon\n|rule|Item Clause: Limit one of each item\n|clearpoke\n|poke|p1|Chien-Pao, L50|\n|poke|p1|Dragonite, L50, M|\n|poke|p1|Tatsugiri, L50, M|\n|poke|p1|Flutter Mane, L50|\n|poke|p1|Chi-Yu, L50|\n|poke|p1|Dondozo, L50, M|\n|poke|p2|Annihilape, L50, M|\n|poke|p2|Maushold-Four, L50|\n|poke|p2|Ting-Lu, L50|\n|poke|p2|Flutter Mane, L50|\n|poke|p2|Chien-Pao, L50|\n|poke|p2|Dragonite, L50, M|\n|teampreview|4\nNosejugarpokemones has agreed to open team sheets.\nOnlyshiny has agreed to open team sheets.\n|c|\u2606Nosejugarpokemones|G2\n|c|\u2606Onlyshiny|Mae suave que de nuevo lo mismo\n|c|\u2606Onlyshiny|A usted le pasa eso tambi\u00e9n?\n|c|\u2606Nosejugarpokemones|tranquilo hermano\n|\n|t:|1682277336\n|start\n|switch|p1a: Tatsugiri|Tatsugiri, L50, M, shiny|100\/100\n|switch|p1b: Chien-Pao|Chien-Pao, L50|100\/100\n|switch|p2a: Maushold|Maushold-Four, L50|100\/100\n|switch|p2b: Annihilape|Annihilape, L50, M|100\/100\n|-ability|p1b: Chien-Pao|Sword of Ruin\n|turn|1\n|\n|t:|1682277360\n|switch|p1b: Nemo|Chi-Yu, L50|100\/100\n|-ability|p1b: Nemo|Beads of Ruin\n|move|p2a: Maushold|Follow Me|p2a: Maushold\n|-singleturn|p2a: Maushold|move: Follow Me\n|move|p1a: Tatsugiri|Draco Meteor|p2a: Maushold\n|-damage|p2a: Maushold|1\/100\n|-unboost|p1a: Tatsugiri|spa|2\n|move|p2b: Annihilape|Bulk Up|p2b: Annihilape\n|-boost|p2b: Annihilape|atk|1\n|-boost|p2b: Annihilape|def|1\n|\n|upkeep\n|turn|2\n|\n|t:|1682277399\n|switch|p1b: Dragonite|Dragonite, L50, M, shiny|100\/100\n|move|p2a: Maushold|Protect|p2a: Maushold\n|-singleturn|p2a: Maushold|Protect\n|move|p1a: Tatsugiri|Draco Meteor|p2a: Maushold\n|-activate|p2a: Maushold|move: Protect\n|move|p2b: Annihilape|Rage Fist|p1b: Dragonite\n|-damage|p1b: Dragonite|85\/100\n|\n|upkeep\n|turn|3\n|\n|t:|1682277429\n|switch|p1a: Chien-Pao|Chien-Pao, L50|100\/100\n|-ability|p1a: Chien-Pao|Sword of Ruin\n|switch|p2a: Flutter Mane|Flutter Mane, L50|100\/100\n|-terastallize|p1b: Dragonite|Normal\n|move|p1b: Dragonite|Extreme Speed|p2a: Flutter Mane\n|-immune|p2a: Flutter Mane\n|move|p2b: Annihilape|Bulk Up|p2b: Annihilape\n|-boost|p2b: Annihilape|atk|1\n|-boost|p2b: Annihilape|def|1\n|\n|upkeep\n|turn|4\n|\n|t:|1682277470\n|switch|p1b: Tatsugiri|Tatsugiri, L50, M, shiny|100\/100\n|move|p1a: Chien-Pao|Protect|p1a: Chien-Pao\n|-singleturn|p1a: Chien-Pao|Protect\n|move|p2b: Annihilape|Protect|p2b: Annihilape\n|-singleturn|p2b: Annihilape|Protect\n|move|p2a: Flutter Mane|Mystical Fire|p1a: Chien-Pao\n|-activate|p1a: Chien-Pao|move: Protect\n|\n|upkeep\n|turn|5\n|\n|t:|1682277510\n|-end|p2a: Flutter Mane|Protosynthesis|[silent]\n|switch|p2a: Maushold|Maushold-Four, L50|1\/100\n|move|p1b: Tatsugiri|Draco Meteor|p2b: Annihilape\n|-damage|p2b: Annihilape|68\/100\n|-unboost|p1b: Tatsugiri|spa|2\n|move|p1a: Chien-Pao|Ice Spinner|p2a: Maushold\n|-damage|p2a: Maushold|0 fnt\n|faint|p2a: Maushold\n|move|p2b: Annihilape|Drain Punch|p1a: Chien-Pao\n|-supereffective|p1a: Chien-Pao\n|-enditem|p1a: Chien-Pao|Focus Sash\n|-damage|p1a: Chien-Pao|1\/100\n|-heal|p2b: Annihilape|100\/100|[from] drain|[of] p1a: Chien-Pao\n|\n|upkeep\n|\n|t:|1682277545\n|switch|p2a: Flutter Mane|Flutter Mane, L50|100\/100\n|turn|6\n|c|\u2606Onlyshiny|Mae no se porque se me esta seleccionando los 2 movimientos\n|\n|t:|1682277585\n|-end|p2a: Flutter Mane|Protosynthesis|[silent]\n|switch|p2a: Chien-Pao|Chien-Pao, L50|100\/100\n|-ability|p2a: Chien-Pao|Sword of Ruin\n|move|p1a: Chien-Pao|Protect|p1a: Chien-Pao\n|-singleturn|p1a: Chien-Pao|Protect\n|move|p1b: Tatsugiri|Draco Meteor|p1a: Chien-Pao\n|-activate|p1a: Chien-Pao|move: Protect\n|move|p2b: Annihilape|Drain Punch|p1b: Tatsugiri\n|-damage|p1b: Tatsugiri|0 fnt\n|faint|p1b: Tatsugiri\n|\n|upkeep\n|c|\u2606Onlyshiny|Alg\u00fan bug esta tienendo Showdown\n|c|\u2606Onlyshiny|Con el tatsuiri\n|\n|t:|1682277654\n|switch|p1b: Nemo|Chi-Yu, L50|100\/100\n|-ability|p1b: Nemo|Beads of Ruin\n|turn|7\n|\n|t:|1682277714\n|-terastallize|p2b: Annihilape|Water\n|move|p2a: Chien-Pao|Sucker Punch|p1a: Chien-Pao\n|-resisted|p1a: Chien-Pao\n|-damage|p1a: Chien-Pao|0 fnt\n|faint|p1a: Chien-Pao\n|move|p1b: Nemo|Dark Pulse|p2b: Annihilape\n|-crit|p2b: Annihilape\n|-damage|p2b: Annihilape|16\/100\n|move|p2b: Annihilape|Drain Punch|p1b: Nemo\n|-supereffective|p1b: Nemo\n|-damage|p1b: Nemo|0 fnt\n|-heal|p2b: Annihilape|48\/100|[from] drain|[of] p1b: Nemo\n|faint|p1b: Nemo\n|\n|-heal|p2b: Annihilape|54\/100|[from] item: Leftovers\n|upkeep\n|\n|t:|1682277720\n|switch|p1a: Dragonite|Dragonite, L50, M, shiny, tera:Normal|85\/100\n|turn|8\n|c|\u2606Onlyshiny|Gg bro\n|c|\u2606Onlyshiny|Deme un momento voy a la compu\n|c|\u2606Onlyshiny|No se que esta sucediendo con la funcionalidad del tatsuiri en Showdown\n|-message|Onlyshiny forfeited.\n|\n|win|Nosejugarpokemones\n|c|\u2606Nosejugarpokemones|Suave mae que acaba de ver la vara\n|c|\u2606Nosejugarpokemones|como as\u00ed solo lo deja seleccionar dos movs ??\n|c|\u2606Onlyshiny|Mae en turno 6 le pegue Draco meter a mi propio chien Pao a pesar de que hice Protect\n|c|\u2606Onlyshiny|Yo intentaba hacer un hard Switch\n|c|\u2606Onlyshiny|Del tatsuiri\n|c|\u2606Onlyshiny|Pero no me dejo y autom\u00e1ticamente seleccion\u00f3 el Draco Meteor\n|c|\u2606Onlyshiny|Porque no tiene sentido que le pegara a mi propio poke\n|c|\u2606Nosejugarpokemones|mae que raro que no lo dejara\n|c|\u2606Nosejugarpokemones|pero tranquilo me avisas nada m\u00e1s cuando estes en la compu\n|c|\u2606Onlyshiny|Tiene que ser Showdown en el celular me voy a pasar a la compu para jugar game 3\n|c|\u2606Onlyshiny|Bro ya estoy desde la compu\n|c|\u2606Nosejugarpokemones|ok ok ya te acepto\n|l|\u2606Onlyshiny\n","uploadtime":1682278767,"views":8,"p1id":"onlyshiny","p2id":"nosejugarpokemones","formatid":"gen9vgc2023regulationc","rating":0,"private":0,"password":""}