{"id":"gen9vgc2023regulationc-1855181737","p1":"Kakskxjds","p2":"hhhy666","format":"[Gen 9] VGC 2023 Regulation C","log":"|j|\u2606Kakskxjds\n|j|\u2606hhhy666\n|t:|1682911542\n|gametype|doubles\n|player|p1|Kakskxjds|102|1052\n|player|p2|hhhy666|1|1000\n|teamsize|p1|6\n|teamsize|p2|6\n|gen|9\n|tier|[Gen 9] VGC 2023 Regulation C\n|rated|\n|rule|Species Clause: Limit one of each Pok\u00e9mon\n|rule|Item Clause: Limit one of each item\n|clearpoke\n|poke|p1|Kilowattrel, L50, F|\n|poke|p1|Iron Hands, L50|\n|poke|p1|Flutter Mane, L50|\n|poke|p1|Chi-Yu, L50|\n|poke|p1|Amoonguss, L50, F|\n|poke|p1|Gyarados, L50, F|\n|poke|p2|Torkoal, L50, F|\n|poke|p2|Chi-Yu, L50|\n|poke|p2|Bronzong, L50|\n|poke|p2|Gastrodon, L50, F|\n|poke|p2|Grimmsnarl, L50, M|\n|poke|p2|Skeledirge, L50, M|\n|teampreview|4\n|inactive|Battle timer is ON: inactive players will automatically lose when time's up. (requested by Kakskxjds)\n|\n|t:|1682911566\n|start\n|switch|p1a: Kilowattrel|Kilowattrel, L50, F|100\/100\n|switch|p1b: Iron Hands|Iron Hands, L50|100\/100\n|switch|p2a: Grimmsnarl|Grimmsnarl, L50, M|100\/100\n|switch|p2b: Bronzong|Bronzong, L50|100\/100\n|-enditem|p1b: Iron Hands|Booster Energy\n|-activate|p1b: Iron Hands|ability: Quark Drive|[fromitem]\n|-start|p1b: Iron Hands|quarkdriveatk\n|turn|1\n|inactive|Kakskxjds has 30 seconds left.\n|\n|t:|1682911600\n|switch|p2a: Skeledirge|Skeledirge, L50, M|100\/100\n|move|p1b: Iron Hands|Fake Out|p2b: Bronzong\n|-resisted|p2b: Bronzong\n|-damage|p2b: Bronzong|94\/100\n|move|p1a: Kilowattrel|Thunderbolt|p2a: Skeledirge\n|-damage|p2a: Skeledirge|50\/100\n|cant|p2b: Bronzong|flinch\n|\n|-heal|p2a: Skeledirge|56\/100|[from] item: Leftovers\n|upkeep\n|turn|2\n|inactive|Kakskxjds has 30 seconds left.\n|\n|t:|1682911631\n|move|p1a: Kilowattrel|Thunderbolt|p2b: Bronzong\n|-damage|p2b: Bronzong|55\/100\n|-status|p2b: Bronzong|par\n|move|p1b: Iron Hands|Close Combat|p2b: Bronzong\n|-damage|p2b: Bronzong|3\/100 par\n|-unboost|p1b: Iron Hands|def|1\n|-unboost|p1b: Iron Hands|spd|1\n|move|p2a: Skeledirge|Encore|p1b: Iron Hands\n|-start|p1b: Iron Hands|Encore\n|move|p2b: Bronzong|Trick Room|p2b: Bronzong\n|-fieldstart|move: Trick Room|[of] p2b: Bronzong\n|\n|-heal|p2a: Skeledirge|61\/100|[from] item: Leftovers\n|upkeep\n|turn|3\n|inactive|Kakskxjds has 30 seconds left.\n|inactive|Kakskxjds has 20 seconds left.\n|inactive|Kakskxjds has 15 seconds left.\n|inactive|Kakskxjds has 10 seconds left.\n|inactive|Kakskxjds has 5 seconds left.\n|\n|t:|1682911684\n|-end|p1b: Iron Hands|Quark Drive|[silent]\n|switch|p1b: Chi-Yu|Chi-Yu, L50|100\/100\n|-ability|p1b: Chi-Yu|Beads of Ruin\n|move|p2b: Bronzong|Body Press|p1b: Chi-Yu\n|-supereffective|p1b: Chi-Yu\n|-damage|p1b: Chi-Yu|4\/100\n|move|p2a: Skeledirge|Torch Song|p1b: Chi-Yu\n|-resisted|p1b: Chi-Yu\n|-damage|p1b: Chi-Yu|0 fnt\n|-boost|p2a: Skeledirge|spa|1\n|faint|p1b: Chi-Yu\n|move|p1a: Kilowattrel|Thunderbolt|p2b: Bronzong\n|-damage|p2b: Bronzong|0 fnt\n|faint|p2b: Bronzong\n|\n|-heal|p2a: Skeledirge|67\/100|[from] item: Leftovers\n|upkeep\n|\n|t:|1682911699\n|switch|p2b: Torkoal|Torkoal, L50, F|100\/100\n|switch|p1b: Iron Hands|Iron Hands, L50|100\/100\n|-weather|SunnyDay|[from] ability: Drought|[of] p2b: Torkoal\n|turn|4\n|\n|t:|1682911712\n|-terastallize|p1b: Iron Hands|Ground\n|move|p2b: Torkoal|Protect|p2b: Torkoal\n|-singleturn|p2b: Torkoal|Protect\n|move|p2a: Skeledirge|Torch Song|p1b: Iron Hands\n|-damage|p1b: Iron Hands|17\/100\n|-boost|p2a: Skeledirge|spa|1\n|move|p1b: Iron Hands|Earthquake|p2a: Skeledirge|[spread] p2a\n|-activate|p2b: Torkoal|move: Protect\n|-immune|p1a: Kilowattrel\n|-supereffective|p2a: Skeledirge\n|-damage|p2a: Skeledirge|2\/100\n|move|p1a: Kilowattrel|Discharge|p2b: Torkoal|[spread] p2a\n|-activate|p2b: Torkoal|move: Protect\n|-immune|p1b: Iron Hands\n|-damage|p2a: Skeledirge|0 fnt\n|faint|p2a: Skeledirge\n|\n|-weather|SunnyDay|[upkeep]\n|upkeep\n|\n|t:|1682911716\n|switch|p2a: Grimmsnarl|Grimmsnarl, L50, M|100\/100\n|turn|5\n|\n|t:|1682911729\n|move|p2a: Grimmsnarl|Fake Out|p1a: Kilowattrel\n|-crit|p1a: Kilowattrel\n|-damage|p1a: Kilowattrel|60\/100\n|move|p2b: Torkoal|Eruption|p1a: Kilowattrel|[spread] p1a,p1b\n|-damage|p1a: Kilowattrel|0 fnt\n|-damage|p1b: Iron Hands|0 fnt\n|faint|p1a: Kilowattrel\n|faint|p1b: Iron Hands\n|-end|p1b: Iron Hands|Quark Drive|[silent]\n|-damage|p2b: Torkoal|91\/100|[from] item: Life Orb\n|\n|-weather|SunnyDay|[upkeep]\n|upkeep\n|\n|t:|1682911735\n|switch|p1b: Gyarados|Gyarados, L50, F|100\/100\n|-ability|p1b: Gyarados|Intimidate|boost\n|-unboost|p2a: Grimmsnarl|atk|1\n|-unboost|p2b: Torkoal|atk|1\n|turn|6\n|-message|Kakskxjds forfeited.\n|\n|win|hhhy666\n|raw|Kakskxjds's rating: 1052 → 1032<\/strong> (-20 for losing)\n|raw|hhhy666's rating: 1000 → 1046<\/strong> (+46 for winning)\n|l|\u2606Kakskxjds\n","uploadtime":1682911743,"views":15,"p1id":"kakskxjds","p2id":"hhhy666","formatid":"gen9vgc2023regulationc","rating":1032,"private":0,"password":""}