{"id":"gen9vgc2023regulationc-1855004712","p1":"DonJPablo","p2":"Fluttermane Eyes","format":"[Gen 9] VGC 2023 Regulation C","log":"|j|\u2606DonJPablo\n|j|\u2606Fluttermane Eyes\n|t:|1682890011\n|gametype|doubles\n|player|p1|DonJPablo|gentleman-gen4|1226\n|player|p2|Fluttermane Eyes|riley|1290\n|teamsize|p1|6\n|teamsize|p2|6\n|gen|9\n|tier|[Gen 9] VGC 2023 Regulation C\n|rated|\n|rule|Species Clause: Limit one of each Pok\u00e9mon\n|rule|Item Clause: Limit one of each item\n|clearpoke\n|poke|p1|Ting-Lu, L50|\n|poke|p1|Flutter Mane, L50|\n|poke|p1|Abomasnow, L50, M|\n|poke|p1|Iron Bundle, L50|\n|poke|p1|Armarouge, L50, F|\n|poke|p1|Roaring Moon, L50|\n|poke|p2|Farigiraf, L50, F|\n|poke|p2|Iron Hands, L50|\n|poke|p2|Chi-Yu, L50|\n|poke|p2|Flutter Mane, L50|\n|poke|p2|Scizor, L50, F|\n|poke|p2|Azumarill, L50, M|\n|teampreview|4\n|c|\u2606Fluttermane Eyes|glhf\n|\n|t:|1682890047\n|start\n|switch|p1a: Roaring Moon|Roaring Moon, L50|100\/100\n|switch|p1b: Ting-Lu|Ting-Lu, L50|100\/100\n|switch|p2a: Chi-Yu|Chi-Yu, L50|100\/100\n|switch|p2b: Flutter Mane|Flutter Mane, L50|100\/100\n|-ability|p2a: Chi-Yu|Beads of Ruin\n|-ability|p1b: Ting-Lu|Vessel of Ruin\n|-enditem|p2b: Flutter Mane|Booster Energy\n|-activate|p2b: Flutter Mane|ability: Protosynthesis|[fromitem]\n|-start|p2b: Flutter Mane|protosynthesisspe\n|-enditem|p1a: Roaring Moon|Booster Energy\n|-activate|p1a: Roaring Moon|ability: Protosynthesis|[fromitem]\n|-start|p1a: Roaring Moon|protosynthesisatk\n|turn|1\n|inactive|Battle timer is ON: inactive players will automatically lose when time's up. (requested by DonJPablo)\n|\n|t:|1682890073\n|-terastallize|p2a: Chi-Yu|Water\n|move|p1a: Roaring Moon|Protect|p1a: Roaring Moon\n|-singleturn|p1a: Roaring Moon|Protect\n|move|p2b: Flutter Mane|Dazzling Gleam|p1a: Roaring Moon|[spread] p1b\n|-activate|p1a: Roaring Moon|move: Protect\n|-supereffective|p1b: Ting-Lu\n|-damage|p1b: Ting-Lu|59\/100\n|move|p2a: Chi-Yu|Tera Blast|p1b: Ting-Lu\n|-supereffective|p1b: Ting-Lu\n|-damage|p1b: Ting-Lu|7\/100\n|move|p1b: Ting-Lu|Bulldoze|p2a: Chi-Yu|[spread] p2a,p2b\n|-activate|p1a: Roaring Moon|move: Protect\n|-damage|p2a: Chi-Yu|72\/100\n|-damage|p2b: Flutter Mane|64\/100\n|-unboost|p2a: Chi-Yu|spe|1\n|-unboost|p2b: Flutter Mane|spe|1\n|\n|-heal|p1b: Ting-Lu|13\/100|[from] item: Leftovers\n|upkeep\n|turn|2\n|inactive|DonJPablo has 30 seconds left.\n|\n|t:|1682890105\n|-terastallize|p1a: Roaring Moon|Flying\n|move|p2b: Flutter Mane|Dazzling Gleam|p1a: Roaring Moon|[spread] p1a,p1b\n|-supereffective|p1b: Ting-Lu\n|-damage|p1a: Roaring Moon|67\/100\n|-damage|p1b: Ting-Lu|0 fnt\n|faint|p1b: Ting-Lu\n|move|p1a: Roaring Moon|Earthquake|p2b: Flutter Mane|[spread] p2a,p2b\n|-crit|p2b: Flutter Mane\n|-damage|p2a: Chi-Yu|10\/100\n|-damage|p2b: Flutter Mane|0 fnt\n|faint|p2b: Flutter Mane\n|-end|p2b: Flutter Mane|Protosynthesis|[silent]\n|move|p2a: Chi-Yu|Heat Wave|p1a: Roaring Moon|[miss]\n|-miss|p2a: Chi-Yu|p1a: Roaring Moon\n|\n|upkeep\n|\n|t:|1682890120\n|switch|p2b: Iron Hands|Iron Hands, L50|100\/100\n|switch|p1b: Flutter Mane|Flutter Mane, L50|100\/100\n|turn|3\n|\n|t:|1682890139\n|move|p1a: Roaring Moon|Protect|p1a: Roaring Moon\n|-singleturn|p1a: Roaring Moon|Protect\n|move|p1b: Flutter Mane|Moonblast|p2b: Iron Hands\n|-supereffective|p2b: Iron Hands\n|-damage|p2b: Iron Hands|38\/100\n|-unboost|p2b: Iron Hands|spa|1\n|move|p2a: Chi-Yu|Dark Pulse|p1b: Flutter Mane\n|-damage|p1b: Flutter Mane|35\/100\n|move|p2b: Iron Hands|Wild Charge|p1b: Flutter Mane\n|-damage|p1b: Flutter Mane|0 fnt\n|faint|p1b: Flutter Mane\n|-end|p1b: Flutter Mane|Protosynthesis|[silent]\n|-damage|p2b: Iron Hands|33\/100|[from] Recoil\n|\n|upkeep\n|\n|t:|1682890155\n|switch|p1b: Armarouge|Armarouge, L50, F|100\/100\n|turn|4\n|inactive|Fluttermane Eyes has 30 seconds left.\n|\n|t:|1682890186\n|move|p2a: Chi-Yu|Protect|p2a: Chi-Yu\n|-singleturn|p2a: Chi-Yu|Protect\n|move|p1b: Armarouge|Protect|p1b: Armarouge\n|-singleturn|p1b: Armarouge|Protect\n|move|p1a: Roaring Moon|Earthquake|p2a: Chi-Yu|[spread] p2b\n|-activate|p1b: Armarouge|move: Protect\n|-activate|p2a: Chi-Yu|move: Protect\n|-supereffective|p2b: Iron Hands\n|-damage|p2b: Iron Hands|0 fnt\n|faint|p2b: Iron Hands\n|-end|p2b: Iron Hands|Quark Drive|[silent]\n|\n|upkeep\n|\n|t:|1682890196\n|switch|p2b: Azumarill|Azumarill, L50, M|100\/100\n|turn|5\n|inactive|DonJPablo has 30 seconds left.\n|\n|t:|1682890230\n|move|p1a: Roaring Moon|Acrobatics|p2b: Azumarill\n|-damage|p2b: Azumarill|1\/100\n|-enditem|p2b: Azumarill|Sitrus Berry|[eat]\n|-heal|p2b: Azumarill|26\/100|[from] item: Sitrus Berry\n|move|p2a: Chi-Yu|Dark Pulse|p1b: Armarouge\n|-supereffective|p1b: Armarouge\n|-damage|p1b: Armarouge|0 fnt\n|faint|p1b: Armarouge\n|move|p2b: Azumarill|Liquidation|p1a: Roaring Moon\n|-damage|p1a: Roaring Moon|0 fnt\n|faint|p1a: Roaring Moon\n|-end|p1a: Roaring Moon|Protosynthesis|[silent]\n|\n|win|Fluttermane Eyes\n|raw|DonJPablo's rating: 1226 → 1206<\/strong> (-20 for losing)\n|raw|Fluttermane Eyes's rating: 1290 → 1310<\/strong> (+20 for winning)\n|l|\u2606DonJPablo\n|c|\u2606Fluttermane Eyes|gg\n","uploadtime":1682890248,"views":8,"p1id":"donjpablo","p2id":"fluttermaneeyes","formatid":"gen9vgc2023regulationc","rating":1206,"private":0,"password":""}