{"id":"gen9vgc2023regulationc-1846402922","p1":"WillieDangerously","p2":"Seniorhydra","format":"[Gen 9] VGC 2023 Regulation C","log":"|j|\u2606WillieDangerously\n|j|\u2606Seniorhydra\n|t:|1681838057\n|gametype|doubles\n|player|p1|WillieDangerously|psychic-gen4|1208\n|player|p2|Seniorhydra|169|1257\n|teamsize|p1|6\n|teamsize|p2|6\n|gen|9\n|tier|[Gen 9] VGC 2023 Regulation C\n|rated|\n|rule|Species Clause: Limit one of each Pok\u00e9mon\n|rule|Item Clause: Limit one of each item\n|clearpoke\n|poke|p1|Gothitelle, L50, F|\n|poke|p1|Gyarados, L50, F|\n|poke|p1|Chi-Yu, L50|\n|poke|p1|Hariyama, L50, M|\n|poke|p1|Sandy Shocks, L50|\n|poke|p1|Flutter Mane, L50|\n|poke|p2|Armarouge, L50, F|\n|poke|p2|Indeedee-F, L50, F|\n|poke|p2|Torkoal, L50, F|\n|poke|p2|Great Tusk, L50|\n|poke|p2|Oranguru, L50, F|\n|poke|p2|Bellibolt, L50, M|\n|teampreview|4\n|inactive|Battle timer is ON: inactive players will automatically lose when time's up. (requested by Seniorhydra)\n|\n|t:|1681838100\n|start\n|switch|p1a: Chi-Yu|Chi-Yu, L50|100\/100\n|switch|p1b: Sandy Shocks|Sandy Shocks, L50|100\/100\n|switch|p2a: Oranguru|Oranguru, L50, F|100\/100\n|switch|p2b: Bellibolt|Bellibolt, L50, M|100\/100\n|-ability|p1a: Chi-Yu|Beads of Ruin\n|turn|1\n|inactive|WillieDangerously has 30 seconds left.\n|inactive|Seniorhydra has 30 seconds left.\n|inactive|WillieDangerously has 20 seconds left.\n|inactive|Seniorhydra has 20 seconds left.\n|inactive|WillieDangerously has 15 seconds left.\n|inactive|Seniorhydra has 15 seconds left.\n|\n|t:|1681838144\n|-terastallize|p2b: Bellibolt|Water\n|move|p2a: Oranguru|Protect|p2a: Oranguru\n|-singleturn|p2a: Oranguru|Protect\n|move|p1b: Sandy Shocks|Earth Power|p2a: Oranguru\n|-activate|p2a: Oranguru|move: Protect\n|move|p1a: Chi-Yu|Dark Pulse|p2a: Oranguru\n|-activate|p2a: Oranguru|move: Protect\n|move|p2b: Bellibolt|Muddy Water|p1a: Chi-Yu|[spread] p1a\n|-miss|p2b: Bellibolt|p1b: Sandy Shocks\n|-supereffective|p1a: Chi-Yu\n|-damage|p1a: Chi-Yu|50\/100\n|-unboost|p1a: Chi-Yu|accuracy|1\n|\n|upkeep\n|turn|2\n|inactive|WillieDangerously has 30 seconds left.\n|\n|t:|1681838172\n|switch|p2b: Great Tusk|Great Tusk, L50|100\/100\n|move|p1b: Sandy Shocks|Earth Power|p2b: Great Tusk\n|-damage|p2b: Great Tusk|15\/100\n|move|p1a: Chi-Yu|Dark Pulse|p2a: Oranguru\n|-supereffective|p2a: Oranguru\n|-damage|p2a: Oranguru|23\/100\n|move|p2a: Oranguru|Trick Room|p2a: Oranguru\n|-fieldstart|move: Trick Room|[of] p2a: Oranguru\n|\n|upkeep\n|turn|3\n|\n|t:|1681838189\n|-end|p1b: Sandy Shocks|Protosynthesis|[silent]\n|switch|p1b: Gyarados|Gyarados, L50, F|100\/100\n|-ability|p1b: Gyarados|Intimidate|boost\n|-unboost|p2a: Oranguru|atk|1\n|-unboost|p2b: Great Tusk|atk|1\n|move|p1a: Chi-Yu|Protect|p1a: Chi-Yu\n|-singleturn|p1a: Chi-Yu|Protect\n|move|p2b: Great Tusk|Earthquake|p1a: Chi-Yu|[spread] \n|-activate|p1a: Chi-Yu|move: Protect\n|-activate|p2a: Oranguru|ability: Telepathy\n|-immune|p1b: Gyarados\n|move|p2a: Oranguru|Instruct|p2b: Great Tusk\n|-singleturn|p2b: Great Tusk|move: Instruct|[of] p2a: Oranguru\n|move|p2b: Great Tusk|Earthquake|p1a: Chi-Yu|[spread] \n|-activate|p1a: Chi-Yu|move: Protect\n|-activate|p2a: Oranguru|ability: Telepathy\n|-immune|p1b: Gyarados\n|\n|upkeep\n|turn|4\n|inactive|WillieDangerously has 30 seconds left.\n|inactive|WillieDangerously has 20 seconds left.\n|\n|t:|1681838228\n|switch|p1a: Gothitelle|Gothitelle, L50, F|100\/100\n|move|p2b: Great Tusk|Close Combat|p1a: Gothitelle\n|-resisted|p1a: Gothitelle\n|-damage|p1a: Gothitelle|75\/100\n|-unboost|p2b: Great Tusk|def|1\n|-unboost|p2b: Great Tusk|spd|1\n|-damage|p2b: Great Tusk|5\/100|[from] item: Life Orb\n|move|p2a: Oranguru|Instruct|p2b: Great Tusk\n|-singleturn|p2b: Great Tusk|move: Instruct|[of] p2a: Oranguru\n|move|p2b: Great Tusk|Close Combat|p1a: Gothitelle\n|-resisted|p1a: Gothitelle\n|-damage|p1a: Gothitelle|49\/100\n|-unboost|p2b: Great Tusk|def|1\n|-unboost|p2b: Great Tusk|spd|1\n|-damage|p2b: Great Tusk|0 fnt|[from] item: Life Orb\n|faint|p2b: Great Tusk\n|-end|p2b: Great Tusk|Protosynthesis|[silent]\n|move|p1b: Gyarados|Waterfall|p2a: Oranguru\n|-damage|p2a: Oranguru|0 fnt\n|faint|p2a: Oranguru\n|\n|-heal|p1a: Gothitelle|55\/100|[from] item: Leftovers\n|upkeep\n|\n|t:|1681838234\n|switch|p2b: Torkoal|Torkoal, L50, F|100\/100\n|switch|p2a: Bellibolt|Bellibolt, L50, M, tera:Water|100\/100\n|-weather|SunnyDay|[from] ability: Drought|[of] p2b: Torkoal\n|-item|p2b: Torkoal|Air Balloon\n|turn|5\n|inactive|WillieDangerously has 30 seconds left.\n|inactive|WillieDangerously has 20 seconds left.\n|inactive|WillieDangerously has 15 seconds left.\n|inactive|WillieDangerously has 10 seconds left.\n|inactive|Seniorhydra has 30 seconds left.\n|inactive|WillieDangerously has 5 seconds left.\n|\n|t:|1681838287\n|move|p2b: Torkoal|Protect|p2b: Torkoal\n|-singleturn|p2b: Torkoal|Protect\n|move|p1a: Gothitelle|Protect|p1a: Gothitelle\n|-singleturn|p1a: Gothitelle|Protect\n|move|p2a: Bellibolt|Discharge|p1b: Gyarados|[spread] p1b\n|-activate|p2b: Torkoal|move: Protect\n|-activate|p1a: Gothitelle|move: Protect\n|-supereffective|p1b: Gyarados\n|-damage|p1b: Gyarados|2\/100\n|-status|p1b: Gyarados|par\n|cant|p1b: Gyarados|par\n|\n|-weather|SunnyDay|[upkeep]\n|-heal|p1a: Gothitelle|61\/100|[from] item: Leftovers\n|upkeep\n|turn|6\n|inactive|WillieDangerously has 30 seconds left.\n|\n|t:|1681838320\n|move|p2b: Torkoal|Body Press|p1b: Gyarados\n|-resisted|p1b: Gyarados\n|-damage|p1b: Gyarados|0 fnt\n|faint|p1b: Gyarados\n|move|p2a: Bellibolt|Weather Ball|p1a: Gothitelle\n|-damage|p1a: Gothitelle|33\/100\n|move|p1a: Gothitelle|Psychic|p2b: Torkoal\n|-damage|p2b: Torkoal|63\/100\n|-enditem|p2b: Torkoal|Air Balloon\n|\n|-weather|SunnyDay|[upkeep]\n|-heal|p1a: Gothitelle|39\/100|[from] item: Leftovers\n|-fieldend|move: Trick Room\n|upkeep\n|\n|t:|1681838342\n|switch|p1b: Sandy Shocks|Sandy Shocks, L50|100\/100\n|-activate|p1b: Sandy Shocks|ability: Protosynthesis\n|-start|p1b: Sandy Shocks|protosynthesisspa\n|turn|7\n|inactive|Seniorhydra has 30 seconds left.\n|\n|t:|1681838373\n|move|p1b: Sandy Shocks|Thunderbolt|p2a: Bellibolt\n|-supereffective|p2a: Bellibolt\n|-damage|p2a: Bellibolt|7\/100\n|-start|p2a: Bellibolt|Charge|Thunderbolt|[from] ability: Electromorphosis\n|-enditem|p2a: Bellibolt|Weakness Policy\n|-boost|p2a: Bellibolt|atk|2|[from] item: Weakness Policy\n|-boost|p2a: Bellibolt|spa|2|[from] item: Weakness Policy\n|move|p1a: Gothitelle|Psychic|p2b: Torkoal\n|-damage|p2b: Torkoal|28\/100\n|move|p2a: Bellibolt|Weather Ball|p1b: Sandy Shocks\n|-damage|p1b: Sandy Shocks|11\/100\n|move|p2b: Torkoal|Overheat|p1b: Sandy Shocks\n|-damage|p1b: Sandy Shocks|0 fnt\n|-unboost|p2b: Torkoal|spa|2\n|faint|p1b: Sandy Shocks\n|-end|p1b: Sandy Shocks|Protosynthesis|[silent]\n|\n|-weather|SunnyDay|[upkeep]\n|-heal|p1a: Gothitelle|45\/100|[from] item: Leftovers\n|upkeep\n|-message|Seniorhydra forfeited.\n|\n|win|WillieDangerously\n|raw|WillieDangerously's rating: 1208 → 1237<\/strong> (+29 for winning)\n|raw|Seniorhydra's rating: 1257 → 1228<\/strong> (-29 for losing)\n|l|\u2606Seniorhydra\n","uploadtime":1681838396,"views":9,"p1id":"williedangerously","p2id":"seniorhydra","formatid":"gen9vgc2023regulationc","rating":1228,"private":0,"password":""}