{"id":"gen9vgc2023regulationc-1851374078","p1":"mythical weavile","p2":"Treeckoguy1","format":"[Gen 9] VGC 2023 Regulation C","log":"|j|\u2606mythical weavile\n|j|\u2606Treeckoguy1\n|t:|1682439964\n|gametype|doubles\n|player|p1|mythical weavile|169|1407\n|player|p2|Treeckoguy1|265|1501\n|teamsize|p1|6\n|teamsize|p2|6\n|gen|9\n|tier|[Gen 9] VGC 2023 Regulation C\n|rated|\n|rule|Species Clause: Limit one of each Pok\u00e9mon\n|rule|Item Clause: Limit one of each item\n|clearpoke\n|poke|p1|Dondozo, L50, M|\n|poke|p1|Tatsugiri, L50, M|\n|poke|p1|Flutter Mane, L50|\n|poke|p1|Glimmora, L50, M|\n|poke|p1|Chi-Yu, L50|\n|poke|p1|Iron Bundle, L50|\n|poke|p2|Chien-Pao, L50|\n|poke|p2|Abomasnow, L50, F|\n|poke|p2|Avalugg, L50, M|\n|poke|p2|Frosmoth, L50, F|\n|poke|p2|Baxcalibur, L50, M|\n|poke|p2|Iron Bundle, L50|\n|teampreview|4\n|inactive|Battle timer is ON: inactive players will automatically lose when time's up. (requested by mythical weavile)\n|inactive|Treeckoguy1 has 60 seconds left.\n|\n|t:|1682440009\n|start\n|switch|p1a: Chi-Yu|Chi-Yu, L50|100\/100\n|switch|p1b: Iron Bundle|Iron Bundle, L50|100\/100\n|switch|p2a: Iron Bundle|Iron Bundle, L50|100\/100\n|switch|p2b: Frosmoth|Frosmoth, L50, F|100\/100\n|-ability|p1a: Chi-Yu|Beads of Ruin\n|-enditem|p2a: Iron Bundle|Booster Energy\n|-activate|p2a: Iron Bundle|ability: Quark Drive|[fromitem]\n|-start|p2a: Iron Bundle|quarkdrivespe\n|-enditem|p1b: Iron Bundle|Booster Energy\n|-activate|p1b: Iron Bundle|ability: Quark Drive|[fromitem]\n|-start|p1b: Iron Bundle|quarkdrivespe\n|turn|1\n|inactive|Treeckoguy1 has 30 seconds left.\n|\n|t:|1682440041\n|-terastallize|p2b: Frosmoth|Ground\n|move|p2a: Iron Bundle|Protect|p2a: Iron Bundle\n|-singleturn|p2a: Iron Bundle|Protect\n|move|p1a: Chi-Yu|Protect|p1a: Chi-Yu\n|-singleturn|p1a: Chi-Yu|Protect\n|move|p1b: Iron Bundle|Icy Wind|p2b: Frosmoth|[spread] p2b\n|-activate|p2a: Iron Bundle|move: Protect\n|-supereffective|p2b: Frosmoth\n|-crit|p2b: Frosmoth\n|-damage|p2b: Frosmoth|62\/100\n|move|p2b: Frosmoth|Quiver Dance|p2b: Frosmoth\n|-boost|p2b: Frosmoth|spa|1\n|-boost|p2b: Frosmoth|spd|1\n|-boost|p2b: Frosmoth|spe|1\n|\n|upkeep\n|turn|2\n|\n|t:|1682440062\n|move|p2b: Frosmoth|Protect|p2b: Frosmoth\n|-singleturn|p2b: Frosmoth|Protect\n|move|p2a: Iron Bundle|Hydro Pump|p1a: Chi-Yu\n|-supereffective|p1a: Chi-Yu\n|-enditem|p1a: Chi-Yu|Focus Sash\n|-damage|p1a: Chi-Yu|1\/100\n|move|p1b: Iron Bundle|Icy Wind|p2a: Iron Bundle|[spread] p2a\n|-activate|p2b: Frosmoth|move: Protect\n|-resisted|p2a: Iron Bundle\n|-damage|p2a: Iron Bundle|87\/100\n|-unboost|p2a: Iron Bundle|spe|1\n|move|p1a: Chi-Yu|Heat Wave|p2a: Iron Bundle|[spread] p2a\n|-activate|p2b: Frosmoth|move: Protect\n|-damage|p2a: Iron Bundle|0 fnt\n|faint|p2a: Iron Bundle\n|-end|p2a: Iron Bundle|Quark Drive|[silent]\n|\n|upkeep\n|\n|t:|1682440073\n|switch|p2a: Chien-Pao|Chien-Pao, L50|100\/100\n|-ability|p2a: Chien-Pao|Sword of Ruin\n|turn|3\n|\n|t:|1682440084\n|move|p2a: Chien-Pao|Protect|p2a: Chien-Pao\n|-singleturn|p2a: Chien-Pao|Protect\n|move|p1a: Chi-Yu|Protect|p1a: Chi-Yu\n|-singleturn|p1a: Chi-Yu|Protect\n|move|p1b: Iron Bundle|Icy Wind|p2a: Chien-Pao|[spread] p2b\n|-activate|p2a: Chien-Pao|move: Protect\n|-supereffective|p2b: Frosmoth\n|-damage|p2b: Frosmoth|44\/100\n|move|p2b: Frosmoth|Quiver Dance|p2b: Frosmoth\n|-boost|p2b: Frosmoth|spa|1\n|-boost|p2b: Frosmoth|spd|1\n|-boost|p2b: Frosmoth|spe|1\n|\n|upkeep\n|turn|4\n|\n|t:|1682440109\n|move|p2a: Chien-Pao|Sucker Punch|p1a: Chi-Yu\n|-resisted|p1a: Chi-Yu\n|-damage|p1a: Chi-Yu|0 fnt\n|faint|p1a: Chi-Yu\n|move|p1b: Iron Bundle|Hydro Pump|p2b: Frosmoth\n|-supereffective|p2b: Frosmoth\n|-damage|p2b: Frosmoth|16\/100\n|move|p2b: Frosmoth|Tera Blast|p1b: Iron Bundle\n|-damage|p1b: Iron Bundle|0 fnt\n|faint|p1b: Iron Bundle\n|-end|p1b: Iron Bundle|Quark Drive|[silent]\n|\n|upkeep\n|\n|t:|1682440117\n|switch|p1b: Tatsugiri|Tatsugiri, L50, M|100\/100\n|switch|p1a: Dondozo|Dondozo, L50, M|100\/100\n|-activate|p1b: Tatsugiri|ability: Commander|[of] p1a: Dondozo\n|-boost|p1a: Dondozo|atk|2\n|-boost|p1a: Dondozo|spa|2\n|-boost|p1a: Dondozo|spe|2\n|-boost|p1a: Dondozo|def|2\n|-boost|p1a: Dondozo|spd|2\n|turn|5\n|inactive|Treeckoguy1 has 30 seconds left.\n|\n|t:|1682440144\n|move|p2a: Chien-Pao|Protect|p2a: Chien-Pao\n|-singleturn|p2a: Chien-Pao|Protect\n|move|p1a: Dondozo|Earthquake|p2b: Frosmoth|[spread] p2b\n|-miss|p1a: Dondozo|p1b: Tatsugiri\n|-activate|p2a: Chien-Pao|move: Protect\n|-damage|p2b: Frosmoth|0 fnt\n|faint|p2b: Frosmoth\n|\n|upkeep\n|\n|t:|1682440148\n|switch|p2b: Abomasnow|Abomasnow, L50, F|100\/100\n|-weather|Snow|[from] ability: Snow Warning|[of] p2b: Abomasnow\n|turn|6\n|\n|t:|1682440161\n|-terastallize|p1a: Dondozo|Grass\n|move|p2a: Chien-Pao|Sheer Cold|p1a: Dondozo|[miss]\n|-miss|p2a: Chien-Pao|p1a: Dondozo\n|move|p1a: Dondozo|Earthquake|p2a: Chien-Pao|[spread] p2a,p2b\n|-miss|p1a: Dondozo|p1b: Tatsugiri\n|-resisted|p2b: Abomasnow\n|-damage|p2a: Chien-Pao|64\/100\n|-damage|p2b: Abomasnow|78\/100\n|move|p2b: Abomasnow|Aurora Veil|p2b: Abomasnow\n|-sidestart|p2: Treeckoguy1|move: Aurora Veil\n|\n|-weather|Snow|[upkeep]\n|upkeep\n|turn|7\n|\n|t:|1682440172\n|move|p2a: Chien-Pao|Sheer Cold|p1a: Dondozo\n|-damage|p1a: Dondozo|0 fnt\n|faint|p1a: Dondozo\n|-ohko\n|move|p2b: Abomasnow|Blizzard|p1b: Tatsugiri\n|-damage|p1b: Tatsugiri|39\/100\n|\n|-weather|Snow|[upkeep]\n|upkeep\n|turn|8\n|\n|t:|1682440192\n|move|p2a: Chien-Pao|Sucker Punch|p1b: Tatsugiri\n|-damage|p1b: Tatsugiri|0 fnt\n|faint|p1b: Tatsugiri\n|\n|win|Treeckoguy1\n|raw|mythical weavile's rating: 1407 → 1392<\/strong> (-15 for losing)\n|raw|Treeckoguy1's rating: 1501 → 1516<\/strong> (+15 for winning)\n","uploadtime":1682440202,"views":9,"p1id":"mythicalweavile","p2id":"treeckoguy1","formatid":"gen9vgc2023regulationc","rating":1392,"private":0,"password":""}