{"id":"gen9vgc2023regulationc-1851065183","p1":"qwilfishfan5","p2":"twtwtewtee","format":"[Gen 9] VGC 2023 Regulation C","log":"|j|\u2606qwilfishfan5\n|j|\u2606twtwtewtee\n|t:|1682402972\n|gametype|doubles\n|player|p1|qwilfishfan5|169|1000\n|player|p2|twtwtewtee|101|1000\n|teamsize|p1|6\n|teamsize|p2|6\n|gen|9\n|tier|[Gen 9] VGC 2023 Regulation C\n|rated|\n|rule|Species Clause: Limit one of each Pok\u00e9mon\n|rule|Item Clause: Limit one of each item\n|clearpoke\n|poke|p1|Alomomola, L50, F|\n|poke|p1|Torkoal, L50, F|\n|poke|p1|Arboliva, L50, F|\n|poke|p1|Orthworm, L50, M|\n|poke|p1|Wo-Chien, L50|\n|poke|p1|Flutter Mane, L50|\n|poke|p2|Coalossal, L50, M|\n|poke|p2|Electrode, L50|\n|poke|p2|Salamence, L50, F|\n|poke|p2|Ampharos, L50, M|\n|poke|p2|Toxtricity-Low-Key, L50, M|\n|poke|p2|Brambleghast, L50, M|\n|teampreview|4\n|\n|t:|1682402986\n|start\n|switch|p1a: Alomomola|Alomomola, L50, F|100\/100\n|switch|p1b: Wo-Chien|Wo-Chien, L50|100\/100\n|switch|p2a: Ampharos|Ampharos, L50, M|100\/100\n|switch|p2b: Toxtricity|Toxtricity-Low-Key, L50, M|100\/100\n|-ability|p1b: Wo-Chien|Tablets of Ruin\n|turn|1\n|inactive|Battle timer is ON: inactive players will automatically lose when time's up. (requested by twtwtewtee)\n|\n|t:|1682403003\n|move|p2a: Ampharos|Helping Hand|p2b: Toxtricity\n|-singleturn|p2b: Toxtricity|Helping Hand|[of] p2a: Ampharos\n|move|p2b: Toxtricity|Boomburst|p1b: Wo-Chien|[spread] p2a,p1a,p1b\n|-damage|p2a: Ampharos|0 fnt\n|-damage|p1a: Alomomola|15\/100\n|-damage|p1b: Wo-Chien|35\/100\n|faint|p2a: Ampharos\n|move|p1b: Wo-Chien|Light Screen|p1b: Wo-Chien\n|-sidestart|p1: qwilfishfan5|move: Light Screen\n|move|p1a: Alomomola|Substitute|p1a: Alomomola\n|-fail|p1a: Alomomola|move: Substitute|[weak]\n|\n|-heal|p1a: Alomomola|21\/100|[from] item: Leftovers\n|upkeep\n|\n|t:|1682403015\n|switch|p2a: Brambleghast|Brambleghast, L50, M|100\/100\n|turn|2\n|\n|t:|1682403031\n|switch|p1a: Orthworm|Orthworm, L50, M|100\/100\n|move|p2a: Brambleghast|Night Shade|p1b: Wo-Chien\n|-damage|p1b: Wo-Chien|9\/100\n|move|p2b: Toxtricity|Boomburst|p1b: Wo-Chien|[spread] p1a,p1b\n|-immune|p2a: Brambleghast\n|-resisted|p1a: Orthworm\n|-damage|p1a: Orthworm|71\/100\n|-damage|p1b: Wo-Chien|0 fnt\n|faint|p1b: Wo-Chien\n|\n|-damage|p1a: Orthworm|59\/100|[from] item: Black Sludge\n|upkeep\n|\n|t:|1682403040\n|switch|p1b: Alomomola|Alomomola, L50, F|54\/100\n|turn|3\n|\n|t:|1682403051\n|move|p2a: Brambleghast|Leech Seed|p1a: Orthworm\n|-start|p1a: Orthworm|move: Leech Seed\n|move|p2b: Toxtricity|Boomburst|p1a: Orthworm|[spread] p1a,p1b\n|-immune|p2a: Brambleghast\n|-resisted|p1a: Orthworm\n|-damage|p1a: Orthworm|30\/100\n|-damage|p1b: Alomomola|29\/100\n|move|p1b: Alomomola|Wish|p1b: Alomomola\n|move|p1a: Orthworm|Dig||[still]\n|-prepare|p1a: Orthworm|Dig\n|\n|-damage|p1a: Orthworm|18\/100|[from] item: Black Sludge\n|-heal|p1b: Alomomola|35\/100|[from] item: Leftovers\n|-damage|p1a: Orthworm|6\/100|[from] Leech Seed|[of] p2a: Brambleghast\n|upkeep\n|turn|4\n|\n|t:|1682403070\n|-terastallize|p2b: Toxtricity|Electric\n|move|p2a: Brambleghast|Leech Seed|p1b: Alomomola|[miss]\n|-miss|p2a: Brambleghast|p1b: Alomomola\n|move|p2b: Toxtricity|Boomburst|p1b: Alomomola|[spread] p1b\n|-miss|p2b: Toxtricity|p1a: Orthworm\n|-immune|p2a: Brambleghast\n|-damage|p1b: Alomomola|7\/100\n|move|p1b: Alomomola|Calm Mind|p1b: Alomomola\n|-boost|p1b: Alomomola|spa|1\n|-boost|p1b: Alomomola|spd|1\n|move|p1a: Orthworm|Dig|p2b: Toxtricity|[from]lockedmove\n|-supereffective|p2b: Toxtricity\n|-damage|p2b: Toxtricity|36\/100\n|\n|-heal|p1b: Alomomola|57\/100|[from] move: Wish|[wisher] Alomomola\n|-damage|p1a: Orthworm|0 fnt|[from] item: Black Sludge\n|faint|p1a: Orthworm\n|-heal|p1b: Alomomola|63\/100|[from] item: Leftovers\n|upkeep\n|\n|t:|1682403088\n|switch|p1a: Flutter Mane|Flutter Mane, L50|100\/100\n|turn|5\n|\n|t:|1682403105\n|-terastallize|p1a: Flutter Mane|Ghost\n|move|p1a: Flutter Mane|Shadow Ball|p2a: Brambleghast\n|-supereffective|p2a: Brambleghast\n|-damage|p2a: Brambleghast|0 fnt\n|faint|p2a: Brambleghast\n|move|p2b: Toxtricity|Boomburst|p1a: Flutter Mane|[spread] p1b\n|-immune|p1a: Flutter Mane\n|-damage|p1b: Alomomola|46\/100\n|move|p1b: Alomomola|Calm Mind|p1b: Alomomola\n|-boost|p1b: Alomomola|spa|1\n|-boost|p1b: Alomomola|spd|1\n|\n|-heal|p1b: Alomomola|52\/100|[from] item: Leftovers\n|upkeep\n|\n|t:|1682403110\n|switch|p2a: Coalossal|Coalossal, L50, M|100\/100\n|turn|6\n|\n|t:|1682403124\n|move|p1a: Flutter Mane|Shadow Ball|p2a: Coalossal\n|-damage|p2a: Coalossal|65\/100\n|move|p2b: Toxtricity|Boomburst|p1a: Flutter Mane|[spread] p2a,p1b\n|-immune|p1a: Flutter Mane\n|-resisted|p2a: Coalossal\n|-damage|p2a: Coalossal|48\/100\n|-damage|p1b: Alomomola|38\/100\n|move|p1b: Alomomola|Calm Mind|p1b: Alomomola\n|-boost|p1b: Alomomola|spa|1\n|-boost|p1b: Alomomola|spd|1\n|move|p2a: Coalossal|Heat Crash|p1a: Flutter Mane\n|-damage|p1a: Flutter Mane|29\/100\n|\n|-heal|p1b: Alomomola|45\/100|[from] item: Leftovers\n|upkeep\n|turn|7\n|inactive|qwilfishfan5 has 30 seconds left.\n|inactive|twtwtewtee has 30 seconds left.\n|inactive|twtwtewtee has 20 seconds left.\n|\n|t:|1682403162\n|move|p1a: Flutter Mane|Shadow Ball|p2a: Coalossal\n|-damage|p2a: Coalossal|12\/100\n|move|p2b: Toxtricity|Boomburst|p1a: Flutter Mane|[spread] p2a,p1b\n|-immune|p1a: Flutter Mane\n|-resisted|p2a: Coalossal\n|-damage|p2a: Coalossal|0 fnt\n|-damage|p1b: Alomomola|34\/100\n|faint|p2a: Coalossal\n|move|p1b: Alomomola|Wish|p1b: Alomomola\n|\n|-heal|p1b: Alomomola|41\/100|[from] item: Leftovers\n|upkeep\n|turn|8\n|-message|twtwtewtee forfeited.\n|\n|win|qwilfishfan5\n|raw|qwilfishfan5's rating: 1000 → 1040<\/strong> (+40 for winning)\n|raw|twtwtewtee's rating: 1000 → 1000<\/strong> (+0 for losing)\n|l|\u2606twtwtewtee\n","uploadtime":1682403177,"views":14,"p1id":"qwilfishfan5","p2id":"twtwtewtee","formatid":"gen9vgc2023regulationc","rating":1000,"private":0,"password":""}