{"id":"gen9vgc2023regulationc-1851384768","p1":"Vitalis24","p2":"Lewlo","format":"[Gen 9] VGC 2023 Regulation C","log":"|j|\u2606Vitalis24\n|j|\u2606Lewlo\n|t:|1682440830\n|gametype|doubles\n|player|p1|Vitalis24|ethan|1287\n|player|p2|Lewlo|pokemonbreeder-gen4|1192\n|teamsize|p1|6\n|teamsize|p2|6\n|gen|9\n|tier|[Gen 9] VGC 2023 Regulation C\n|rated|\n|rule|Species Clause: Limit one of each Pok\u00e9mon\n|rule|Item Clause: Limit one of each item\n|clearpoke\n|poke|p1|Glimmora, L50, M|\n|poke|p1|Flutter Mane, L50|\n|poke|p1|Tyranitar, L50, F|\n|poke|p1|Iron Hands, L50|\n|poke|p1|Brute Bonnet, L50|\n|poke|p1|Indeedee-F, L50, F|\n|poke|p2|Chien-Pao, L50|\n|poke|p2|Azumarill, L50, M|\n|poke|p2|Amoonguss, L50, F|\n|poke|p2|Arcanine, L50, M|\n|poke|p2|Flutter Mane, L50|\n|poke|p2|Klefki, L50, M|\n|teampreview|4\n|inactive|Battle timer is ON: inactive players will automatically lose when time's up. (requested by Lewlo)\nLewlo has agreed to open team sheets.\n|inactive|Vitalis24 has 60 seconds left.\n|inactive|Lewlo has 60 seconds left.\n|inactive|Vitalis24 has 30 seconds left.\n|\n|t:|1682440896\n|start\n|switch|p1a: Glimmora|Glimmora, L50, M|100\/100\n|switch|p1b: Tyranitar|Tyranitar, L50, F|100\/100\n|switch|p2a: Klefki|Klefki, L50, M|100\/100\n|switch|p2b: Arcanine|Arcanine, L50, M|100\/100\n|-ability|p2b: Arcanine|Intimidate|boost\n|-unboost|p1a: Glimmora|atk|1\n|-unboost|p1b: Tyranitar|atk|1\n|-weather|Sandstorm|[from] ability: Sand Stream|[of] p1b: Tyranitar\n|turn|1\n|inactive|Vitalis24 has 30 seconds left.\n|\n|t:|1682440930\n|move|p2b: Arcanine|Protect|p2b: Arcanine\n|-singleturn|p2b: Arcanine|Protect\n|move|p2a: Klefki|Light Screen|p2a: Klefki\n|-sidestart|p2: Lewlo|move: Light Screen\n|move|p1a: Glimmora|Earth Power|p2a: Klefki\n|-supereffective|p2a: Klefki\n|-damage|p2a: Klefki|45\/100\n|move|p1b: Tyranitar|Rock Slide|p2b: Arcanine|[spread] p2a\n|-activate|p2b: Arcanine|move: Protect\n|-resisted|p2a: Klefki\n|-damage|p2a: Klefki|34\/100\n|\n|-weather|Sandstorm|[upkeep]\n|upkeep\n|turn|2\n|inactive|Vitalis24 has 30 seconds left.\n|inactive|Vitalis24 has 20 seconds left.\n|\n|t:|1682440967\n|switch|p2b: Azumarill|Azumarill, L50, M|100\/100\n|move|p2a: Klefki|Reflect|p2a: Klefki\n|-sidestart|p2: Lewlo|Reflect\n|move|p1a: Glimmora|Earth Power|p2a: Klefki\n|-supereffective|p2a: Klefki\n|-damage|p2a: Klefki|0 fnt\n|faint|p2a: Klefki\n|move|p1b: Tyranitar|Rock Slide|p2b: Azumarill\n|-damage|p2b: Azumarill|82\/100\n|\n|-weather|Sandstorm|[upkeep]\n|-damage|p2b: Azumarill|76\/100|[from] Sandstorm\n|upkeep\n|\n|t:|1682440974\n|switch|p2a: Arcanine|Arcanine, L50, M|100\/100\n|-ability|p2a: Arcanine|Intimidate|boost\n|-unboost|p1a: Glimmora|atk|1\n|-unboost|p1b: Tyranitar|atk|1\n|turn|3\n|inactive|Vitalis24 has 30 seconds left.\n|\n|t:|1682441000\n|switch|p1b: Iron Hands|Iron Hands, L50|100\/100\n|-terastallize|p2b: Azumarill|Water\n|move|p2b: Azumarill|Aqua Jet|p1a: Glimmora\n|-supereffective|p1a: Glimmora\n|-damage|p1a: Glimmora|27\/100\n|-activate|p1a: Glimmora|ability: Toxic Debris\n|-sidestart|p2: Lewlo|move: Toxic Spikes\n|move|p2a: Arcanine|Howl|p2a: Arcanine|[spread] p2a,p2b\n|-boost|p2a: Arcanine|atk|1\n|-boost|p2b: Azumarill|atk|1\n|move|p1a: Glimmora|Power Gem|p2a: Arcanine\n|-supereffective|p2a: Arcanine\n|-damage|p2a: Arcanine|43\/100\n|\n|-weather|Sandstorm|[upkeep]\n|-damage|p2b: Azumarill|70\/100|[from] Sandstorm\n|-damage|p1b: Iron Hands|94\/100|[from] Sandstorm\n|upkeep\n|turn|4\n|\n|t:|1682441024\n|move|p1a: Glimmora|Protect|p1a: Glimmora\n|-singleturn|p1a: Glimmora|Protect\n|move|p2a: Arcanine|Extreme Speed|p1a: Glimmora\n|-activate|p1a: Glimmora|move: Protect\n|move|p2b: Azumarill|Aqua Jet|p1a: Glimmora\n|-activate|p1a: Glimmora|move: Protect\n|move|p1b: Iron Hands|Wild Charge|p2b: Azumarill\n|-supereffective|p2b: Azumarill\n|-damage|p2b: Azumarill|0 fnt\n|faint|p2b: Azumarill\n|-damage|p1b: Iron Hands|80\/100|[from] Recoil\n|\n|-weather|Sandstorm|[upkeep]\n|-damage|p1b: Iron Hands|74\/100|[from] Sandstorm\n|upkeep\n|\n|t:|1682441027\n|switch|p2b: Amoonguss|Amoonguss, L50, F|100\/100\n|-sideend|p2: Lewlo|move: Toxic Spikes|[of] p2b: Amoonguss\n|turn|5\n|inactive|Vitalis24 has 30 seconds left.\n|\n|t:|1682441053\n|-end|p1b: Iron Hands|Quark Drive|[silent]\n|switch|p1b: Indeedee|Indeedee-F, L50, F|100\/100\n|-fieldstart|move: Psychic Terrain|[from] ability: Psychic Surge|[of] p1b: Indeedee\n|-terastallize|p1a: Glimmora|Grass\n|move|p2a: Arcanine|Extreme Speed|p1a: Glimmora\n|-activate|p1a: Glimmora|move: Psychic Terrain\n|move|p1a: Glimmora|Power Gem|p2a: Arcanine\n|-supereffective|p2a: Arcanine\n|-damage|p2a: Arcanine|0 fnt\n|faint|p2a: Arcanine\n|move|p2b: Amoonguss|Pollen Puff|p2: Arcanine|[notarget]\n|-fail|p2b: Amoonguss\n|\n|-weather|none\n|upkeep\n|turn|6\n|c|\u2606Lewlo|gg\n|-message|Lewlo forfeited.\n|\n|win|Vitalis24\n|raw|Vitalis24's rating: 1287 → 1305<\/strong> (+18 for winning)\n|raw|Lewlo's rating: 1192 → 1174<\/strong> (-18 for losing)\n|l|\u2606Lewlo\n","uploadtime":1682441071,"views":8,"p1id":"vitalis24","p2id":"lewlo","formatid":"gen9vgc2023regulationc","rating":1174,"private":0,"password":""}