{"id":"gen9vgc2023regulationc-1853329911","p1":"zippLapZapper","p2":"munch9876","format":"[Gen 9] VGC 2023 Regulation C","log":"|j|\u2606zippLapZapper\n|j|\u2606munch9876\n|t:|1682669095\n|gametype|doubles\n|player|p1|zippLapZapper|battlegirl-gen4|1348\n|player|p2|munch9876|170|1367\n|teamsize|p1|6\n|teamsize|p2|6\n|gen|9\n|tier|[Gen 9] VGC 2023 Regulation C\n|rated|\n|rule|Species Clause: Limit one of each Pok\u00e9mon\n|rule|Item Clause: Limit one of each item\n|clearpoke\n|poke|p1|Palafin, L50, F|\n|poke|p1|Pelipper, L50, M|\n|poke|p1|Amoonguss, L50, M|\n|poke|p1|Iron Hands, L50|\n|poke|p1|Flutter Mane, L50|\n|poke|p1|Chi-Yu, L50|\n|poke|p2|Tyranitar, L50, M|\n|poke|p2|Lycanroc, L50, F|\n|poke|p2|Bronzong, L50|\n|poke|p2|Iron Hands, L50|\n|poke|p2|Gyarados, L50, F|\n|poke|p2|Chi-Yu, L50|\n|teampreview|4\nzippLapZapper has agreed to open team sheets.\n|inactive|Battle timer is ON: inactive players will automatically lose when time's up. (requested by munch9876)\n|\n|t:|1682669170\n|start\n|switch|p1a: Hera|Flutter Mane, L50|100\/100\n|switch|p1b: Artimes|Palafin, L50, F|100\/100\n|switch|p2a: Bronzong|Bronzong, L50|100\/100\n|switch|p2b: Iron Hands|Iron Hands, L50|100\/100\n|turn|1\n|inactive|zippLapZapper has 30 seconds left.\n|inactive|munch9876 has 30 seconds left.\n|inactive|zippLapZapper has 20 seconds left.\n|inactive|munch9876 has 20 seconds left.\n|inactive|munch9876 has 15 seconds left.\n|\n|t:|1682669212\n|detailschange|p1b: Artimes|Palafin-Hero, L50, F\n|switch|p1b: Ares|Iron Hands, L50|100\/100\n|move|p2b: Iron Hands|Fake Out|p1b: Ares\n|-crit|p1b: Ares\n|-damage|p1b: Ares|84\/100\n|move|p1a: Hera|Shadow Ball|p2a: Bronzong\n|-supereffective|p2a: Bronzong\n|-damage|p2a: Bronzong|7\/100\n|move|p2a: Bronzong|Gyro Ball|p1a: Hera\n|-supereffective|p1a: Hera\n|-damage|p1a: Hera|0 fnt\n|faint|p1a: Hera\n|-end|p1a: Hera|Protosynthesis|[silent]\n|\n|upkeep\n|\n|t:|1682669224\n|switch|p1a: Artimes|Palafin-Hero, L50, F|100\/100\n|-activate|p1a: Artimes|ability: Zero to Hero\n|turn|2\n|\n|t:|1682669245\n|-terastallize|p1a: Artimes|Grass\n|move|p2a: Bronzong|Protect|p2a: Bronzong\n|-singleturn|p2a: Bronzong|Protect\n|move|p1b: Ares|Fake Out|p2a: Bronzong\n|-activate|p2a: Bronzong|move: Protect\n|move|p1a: Artimes|Wave Crash|p2b: Iron Hands\n|-damage|p2b: Iron Hands|37\/100\n|-damage|p1a: Artimes|74\/100|[from] Recoil\n|move|p2b: Iron Hands|Wild Charge|p1a: Artimes\n|-resisted|p1a: Artimes\n|-damage|p1a: Artimes|52\/100\n|-damage|p2b: Iron Hands|33\/100|[from] Recoil\n|\n|upkeep\n|turn|3\n|\n|t:|1682669266\n|move|p1a: Artimes|Jet Punch|p2b: Iron Hands\n|-damage|p2b: Iron Hands|0 fnt\n|faint|p2b: Iron Hands\n|-end|p2b: Iron Hands|Quark Drive|[silent]\n|move|p1b: Ares|Drain Punch|p2a: Bronzong\n|-damage|p2a: Bronzong|0 fnt\n|-heal|p1b: Ares|87\/100|[from] drain|[of] p2a: Bronzong\n|faint|p2a: Bronzong\n|\n|upkeep\n|\n|t:|1682669275\n|switch|p2b: Tyranitar|Tyranitar, L50, M|100\/100\n|switch|p2a: Lycanroc|Lycanroc, L50, F|100\/100\n|-weather|Sandstorm|[from] ability: Sand Stream|[of] p2b: Tyranitar\n|turn|4\n|inactive|munch9876 has 30 seconds left.\n|\n|t:|1682669303\n|-end|p1b: Ares|Quark Drive|[silent]\n|switch|p1b: Hermes|Pelipper, L50, M|100\/100\n|-weather|RainDance|[from] ability: Drizzle|[of] p1b: Hermes\n|-terastallize|p2b: Tyranitar|Flying\n|move|p1a: Artimes|Protect|p1a: Artimes\n|-singleturn|p1a: Artimes|Protect\n|move|p2a: Lycanroc|Rock Slide|p1a: Artimes|[spread] p1b\n|-activate|p1a: Artimes|move: Protect\n|-supereffective|p1b: Hermes\n|-damage|p1b: Hermes|45\/100\n|move|p2b: Tyranitar|Power Gem|p1b: Hermes\n|-supereffective|p1b: Hermes\n|-damage|p1b: Hermes|0 fnt\n|faint|p1b: Hermes\n|\n|-weather|RainDance|[upkeep]\n|upkeep\n|\n|t:|1682669316\n|switch|p1b: Ares|Iron Hands, L50|87\/100\n|turn|5\n|inactive|zippLapZapper has 30 seconds left.\n|\n|t:|1682669349\n|move|p2a: Lycanroc|Protect|p2a: Lycanroc\n|-singleturn|p2a: Lycanroc|Protect\n|move|p2b: Tyranitar|Protect|p2b: Tyranitar\n|-singleturn|p2b: Tyranitar|Protect\n|move|p1b: Ares|Fake Out|p2a: Lycanroc\n|-activate|p2a: Lycanroc|move: Protect\n|move|p1a: Artimes|Jet Punch|p2b: Tyranitar\n|-activate|p2b: Tyranitar|move: Protect\n|\n|-weather|RainDance|[upkeep]\n|upkeep\n|turn|6\n|\n|t:|1682669374\n|move|p1a: Artimes|Protect|p1a: Artimes\n|-singleturn|p1a: Artimes|Protect\n|move|p2a: Lycanroc|Rock Slide|p1a: Artimes|[spread] p1b\n|-activate|p1a: Artimes|move: Protect\n|-resisted|p1b: Ares\n|-damage|p1b: Ares|77\/100\n|cant|p1b: Ares|flinch\n|move|p2b: Tyranitar|Hydro Pump|p1b: Ares\n|-damage|p1b: Ares|57\/100\n|\n|-weather|RainDance|[upkeep]\n|upkeep\n|turn|7\n|\n|t:|1682669392\n|move|p2b: Tyranitar|Protect|p2b: Tyranitar\n|-singleturn|p2b: Tyranitar|Protect\n|move|p1a: Artimes|Jet Punch|p2a: Lycanroc\n|-supereffective|p2a: Lycanroc\n|-enditem|p2a: Lycanroc|Focus Sash\n|-damage|p2a: Lycanroc|1\/100\n|move|p2a: Lycanroc|Rock Slide|p1a: Artimes|[spread] p1a,p1b\n|-resisted|p1b: Ares\n|-damage|p1a: Artimes|26\/100\n|-damage|p1b: Ares|47\/100\n|move|p1b: Ares|Drain Punch|p2a: Lycanroc\n|-supereffective|p2a: Lycanroc\n|-damage|p2a: Lycanroc|0 fnt\n|-heal|p1b: Ares|47\/100|[from] drain|[of] p2a: Lycanroc\n|faint|p2a: Lycanroc\n|\n|-weather|RainDance|[upkeep]\n|upkeep\n|turn|8\n|\n|t:|1682669408\n|move|p1a: Artimes|Jet Punch|p2b: Tyranitar\n|-damage|p2b: Tyranitar|43\/100\n|move|p1b: Ares|Wild Charge|p2b: Tyranitar\n|-supereffective|p2b: Tyranitar\n|-crit|p2b: Tyranitar\n|-damage|p2b: Tyranitar|0 fnt\n|faint|p2b: Tyranitar\n|-damage|p1b: Ares|38\/100|[from] Recoil\n|\n|win|zippLapZapper\n|raw|zippLapZapper's rating: 1348 → 1369<\/strong> (+21 for winning)\n|raw|munch9876's rating: 1367 → 1346<\/strong> (-21 for losing)\n|l|\u2606munch9876\n","uploadtime":1682669480,"views":10,"p1id":"zipplapzapper","p2id":"munch9876","formatid":"gen9vgc2023regulationc","rating":1346,"private":0,"password":""}