{"id":"gen9vgc2023regulationc-1855255727","p1":"MTSFish","p2":"GunGunSaber","format":"[Gen 9] VGC 2023 Regulation C","log":"|j|\u2606MTSFish\n|j|\u2606GunGunSaber\n|t:|1682923986\n|gametype|doubles\n|player|p1|MTSFish|dawn-gen4pt|1046\n|player|p2|GunGunSaber|scientist|1074\n|teamsize|p1|6\n|teamsize|p2|6\n|gen|9\n|tier|[Gen 9] VGC 2023 Regulation C\n|rated|\n|rule|Species Clause: Limit one of each Pok\u00e9mon\n|rule|Item Clause: Limit one of each item\n|clearpoke\n|poke|p1|Amoonguss, L50, F|\n|poke|p1|Pelipper, L50, F|\n|poke|p1|Palafin, L50, F|\n|poke|p1|Barraskewda, L50, F|\n|poke|p1|Chien-Pao, L50|\n|poke|p1|Gholdengo, L50|\n|poke|p2|Torkoal, L50, M|\n|poke|p2|Gallade, L50, M|\n|poke|p2|Indeedee-F, L50, F|\n|poke|p2|Meowscarada, L50, F|\n|poke|p2|Ceruledge, L50, F|\n|poke|p2|Armarouge, L50, M|\n|teampreview|4\n|inactive|Battle timer is ON: inactive players will automatically lose when time's up. (requested by GunGunSaber)\n|\n|t:|1682924016\n|start\n|switch|p1a: Palafin|Palafin, L50, F|100\/100\n|switch|p1b: Barraskewda|Barraskewda, L50, F|100\/100\n|switch|p2a: Ultraman|Gallade, L50, M|100\/100\n|switch|p2b: Akiba Maid|Indeedee-F, L50, F|100\/100\n|-fieldstart|move: Psychic Terrain|[from] ability: Psychic Surge|[of] p2b: Akiba Maid\n|turn|1\n|\n|t:|1682924032\n|detailschange|p1a: Palafin|Palafin-Hero, L50, F\n|switch|p1a: Pelipper|Pelipper, L50, F|100\/100\n|-weather|RainDance|[from] ability: Drizzle|[of] p1a: Pelipper\n|move|p2b: Akiba Maid|Follow Me|p2b: Akiba Maid\n|-singleturn|p2b: Akiba Maid|move: Follow Me\n|move|p1b: Barraskewda|Liquidation|p2b: Akiba Maid\n|-damage|p2b: Akiba Maid|27\/100\n|-unboost|p2b: Akiba Maid|def|1\n|move|p2a: Ultraman|Trick Room|p2a: Ultraman\n|-fieldstart|move: Trick Room|[of] p2a: Ultraman\n|\n|-weather|RainDance|[upkeep]\n|-heal|p2b: Akiba Maid|33\/100|[from] item: Leftovers\n|upkeep\n|turn|2\n|\n|t:|1682924056\n|move|p2b: Akiba Maid|Helping Hand|p2a: Ultraman\n|-singleturn|p2a: Ultraman|Helping Hand|[of] p2b: Akiba Maid\n|move|p2a: Ultraman|Sacred Sword|p1b: Barraskewda\n|-enditem|p1b: Barraskewda|Focus Sash\n|-damage|p1b: Barraskewda|1\/100\n|move|p1a: Pelipper|Hurricane|p2a: Ultraman\n|-supereffective|p2a: Ultraman\n|-damage|p2a: Ultraman|27\/100\n|move|p1b: Barraskewda|Liquidation|p2b: Akiba Maid\n|-damage|p2b: Akiba Maid|0 fnt\n|faint|p2b: Akiba Maid\n|\n|-weather|RainDance|[upkeep]\n|upkeep\n|\n|t:|1682924073\n|switch|p2b: Saber|Ceruledge, L50, F|100\/100\n|turn|3\n|\n|t:|1682924090\n|-terastallize|p2b: Saber|Grass\n|move|p1b: Barraskewda|Protect|p1b: Barraskewda\n|-singleturn|p1b: Barraskewda|Protect\n|move|p2a: Ultraman|Skill Swap|p2b: Saber\n|-activate|p2a: Ultraman|move: Skill Swap|||[of] p2b: Saber\n|move|p2b: Saber|Shadow Claw|p1b: Barraskewda\n|-activate|p1b: Barraskewda|move: Protect\n|move|p1a: Pelipper|Hurricane|p2a: Ultraman\n|-supereffective|p2a: Ultraman\n|-damage|p2a: Ultraman|0 fnt\n|faint|p2a: Ultraman\n|\n|-weather|RainDance|[upkeep]\n|upkeep\n|\n|t:|1682924106\n|switch|p2a: \"I like turtles\"|Torkoal, L50, M|100\/100\n|-weather|SunnyDay|[from] ability: Drought|[of] p2a: \"I like turtles\"\n|turn|4\n|\n|t:|1682924124\n|switch|p1a: Palafin|Palafin-Hero, L50, F|100\/100\n|-activate|p1a: Palafin|ability: Zero to Hero\n|move|p2a: \"I like turtles\"|Eruption|p1a: Palafin|[spread] p1a,p1b\n|-resisted|p1a: Palafin\n|-resisted|p1b: Barraskewda\n|-damage|p1a: Palafin|56\/100\n|-damage|p1b: Barraskewda|0 fnt\n|faint|p1b: Barraskewda\n|move|p2b: Saber|Solar Blade||[still]\n|-prepare|p2b: Saber|Solar Blade\n|-anim|p2b: Saber|Solar Blade|p1a: Palafin\n|-supereffective|p1a: Palafin\n|-damage|p1a: Palafin|0 fnt\n|faint|p1a: Palafin\n|-damage|p2b: Saber|91\/100|[from] item: Life Orb\n|\n|-weather|SunnyDay|[upkeep]\n|upkeep\n|\n|t:|1682924137\n|switch|p1a: Pelipper|Pelipper, L50, F|100\/100\n|switch|p1b: Amoonguss|Amoonguss, L50, F|100\/100\n|-weather|RainDance|[from] ability: Drizzle|[of] p1a: Pelipper\n|turn|5\n|inactive|GunGunSaber has 30 seconds left.\n|\n|t:|1682924163\n|-terastallize|p1a: Pelipper|Flying\n|move|p2a: \"I like turtles\"|Eruption|p1a: Pelipper|[spread] p1a,p1b\n|-supereffective|p1b: Amoonguss\n|-damage|p1a: Pelipper|60\/100\n|-damage|p1b: Amoonguss|50\/100\n|move|p1b: Amoonguss|Spore|p2a: \"I like turtles\"\n|-status|p2a: \"I like turtles\"|slp|[from] move: Spore\n|move|p2b: Saber|Bitter Blade|p1b: Amoonguss\n|-supereffective|p1b: Amoonguss\n|-damage|p1b: Amoonguss|0 fnt\n|-heal|p2b: Saber|100\/100|[from] drain|[of] p1b: Amoonguss\n|-damage|p2b: Saber|84\/100|[from] item: Rocky Helmet|[of] p1b: Amoonguss\n|faint|p1b: Amoonguss\n|-damage|p2b: Saber|74\/100|[from] item: Life Orb\n|move|p1a: Pelipper|Hurricane|p2b: Saber\n|-supereffective|p2b: Saber\n|-damage|p2b: Saber|0 fnt\n|faint|p2b: Saber\n|\n|-weather|RainDance|[upkeep]\n|-fieldend|move: Trick Room\n|-fieldend|move: Psychic Terrain\n|upkeep\n|turn|6\n|\n|t:|1682924187\n|move|p1a: Pelipper|Hurricane|p2a: \"I like turtles\"\n|-damage|p2a: \"I like turtles\"|32\/100 slp\n|cant|p2a: \"I like turtles\"|slp\n|\n|-weather|RainDance|[upkeep]\n|upkeep\n|turn|7\n|\n|t:|1682924194\n|move|p1a: Pelipper|Hurricane|p2a: \"I like turtles\"\n|-damage|p2a: \"I like turtles\"|0 fnt\n|faint|p2a: \"I like turtles\"\n|\n|win|MTSFish\n|raw|MTSFish's rating: 1046 → 1082<\/strong> (+36 for winning)\n|raw|GunGunSaber's rating: 1074 → 1051<\/strong> (-23 for losing)\n|l|\u2606GunGunSaber\n","uploadtime":1682924202,"views":23,"p1id":"mtsfish","p2id":"gungunsaber","formatid":"gen9vgc2023regulationc","rating":1051,"private":0,"password":""}