{"id":"gen9vgc2023regulationc-1846698185","p1":"Kaku-the-best","p2":"DartkitVGC","format":"[Gen 9] VGC 2023 Regulation C","log":"|j|\u2606Kaku-the-best\n|j|\u2606DartkitVGC\n|t:|1681867233\n|gametype|doubles\n|player|p1|Kaku-the-best|battlegirl-gen4|1099\n|player|p2|DartkitVGC|cynthia-gen4|1195\n|teamsize|p1|6\n|teamsize|p2|6\n|gen|9\n|tier|[Gen 9] VGC 2023 Regulation C\n|rated|\n|rule|Species Clause: Limit one of each Pok\u00e9mon\n|rule|Item Clause: Limit one of each item\n|clearpoke\n|poke|p1|Gholdengo, L50|\n|poke|p1|Iron Hands, L50|\n|poke|p1|Azumarill, L50, F|\n|poke|p1|Maushold, L50|\n|poke|p1|Kingambit, L50, M|\n|poke|p1|Arcanine, L50, M|\n|poke|p2|Maushold-Four, L50|\n|poke|p2|Annihilape, L50, F|\n|poke|p2|Arcanine, L50, M|\n|poke|p2|Amoonguss, L50, M|\n|poke|p2|Flutter Mane, L50|\n|poke|p2|Palafin, L50, F|\n|teampreview|4\n|inactive|Battle timer is ON: inactive players will automatically lose when time's up. (requested by DartkitVGC)\nDartkitVGC has agreed to open team sheets.\n|\n|t:|1681867262\n|start\n|switch|p1a: Azumarill|Azumarill, L50, F|100\/100\n|switch|p1b: Iron Hands|Iron Hands, L50|100\/100\n|switch|p2a: Annihilape|Annihilape, L50, F|100\/100\n|switch|p2b: Palafin|Palafin, L50, F|100\/100\n|turn|1\n|\n|t:|1681867280\n|detailschange|p2b: Palafin|Palafin-Hero, L50, F\n|switch|p2b: Maushold|Maushold-Four, L50|100\/100\n|move|p2a: Annihilape|Bulk Up|p2a: Annihilape\n|-boost|p2a: Annihilape|atk|1\n|-boost|p2a: Annihilape|def|1\n|move|p1a: Azumarill|Play Rough|p2a: Annihilape\n|-supereffective|p2a: Annihilape\n|-damage|p2a: Annihilape|46\/100\n|move|p1b: Iron Hands|Thunder Punch|p2b: Maushold\n|-damage|p2b: Maushold|46\/100\n|\n|upkeep\n|turn|2\n|inactive|Kaku-the-best has 30 seconds left.\n|inactive|DartkitVGC has 30 seconds left.\n|\n|t:|1681867313\n|-terastallize|p2a: Annihilape|Fire\n|move|p2b: Maushold|Beat Up|p2a: Annihilape\n|-damage|p2a: Annihilape|44\/100\n|-damage|p2a: Annihilape|43\/100\n|-damage|p2a: Annihilape|42\/100\n|-damage|p2a: Annihilape|40\/100\n|-hitcount|p2a: Annihilape|4\n|move|p2a: Annihilape|Rage Fist|p1a: Azumarill\n|-crit|p1a: Azumarill\n|-damage|p1a: Azumarill|0 fnt\n|faint|p1a: Azumarill\n|-damage|p2a: Annihilape|30\/100|[from] item: Life Orb\n|move|p1b: Iron Hands|Thunder Punch|p2a: Annihilape\n|-damage|p2a: Annihilape|7\/100\n|\n|upkeep\n|\n|t:|1681867332\n|switch|p1a: Kingambit|Kingambit, L50, M|100\/100\n|-item|p1a: Kingambit|Air Balloon\n|turn|3\n|\n|t:|1681867346\n|move|p2b: Maushold|Follow Me|p2b: Maushold\n|-singleturn|p2b: Maushold|move: Follow Me\n|move|p1a: Kingambit|Sucker Punch||[still]\n|-fail|p1a: Kingambit\n|move|p2a: Annihilape|Drain Punch|p1a: Kingambit\n|-supereffective|p1a: Kingambit\n|-damage|p1a: Kingambit|0 fnt\n|-heal|p2a: Annihilape|55\/100|[from] drain|[of] p1a: Kingambit\n|-enditem|p1a: Kingambit|Air Balloon\n|faint|p1a: Kingambit\n|-damage|p2a: Annihilape|46\/100|[from] item: Life Orb\n|move|p1b: Iron Hands|Drain Punch|p2b: Maushold\n|-supereffective|p2b: Maushold\n|-damage|p2b: Maushold|0 fnt\n|faint|p2b: Maushold\n|\n|upkeep\n|\n|t:|1681867364\n|switch|p2b: Flutter Mane|Flutter Mane, L50|100\/100\n|switch|p1a: Gholdengo|Gholdengo, L50|100\/100\n|-enditem|p2b: Flutter Mane|Booster Energy\n|-activate|p2b: Flutter Mane|ability: Protosynthesis|[fromitem]\n|-start|p2b: Flutter Mane|protosynthesisspe\n|turn|4\n|\n|t:|1681867375\n|move|p2b: Flutter Mane|Protect|p2b: Flutter Mane\n|-singleturn|p2b: Flutter Mane|Protect\n|move|p2a: Annihilape|Drain Punch|p1b: Iron Hands\n|-damage|p1b: Iron Hands|49\/100\n|-heal|p2a: Annihilape|73\/100|[from] drain|[of] p1b: Iron Hands\n|-damage|p2a: Annihilape|63\/100|[from] item: Life Orb\n|move|p1a: Gholdengo|Make It Rain|p2b: Flutter Mane|[spread] p2a\n|-activate|p2b: Flutter Mane|move: Protect\n|-resisted|p2a: Annihilape\n|-damage|p2a: Annihilape|36\/100\n|-unboost|p1a: Gholdengo|spa|1\n|-damage|p1a: Gholdengo|91\/100|[from] item: Life Orb\n|move|p1b: Iron Hands|Drain Punch|p2a: Annihilape\n|-damage|p2a: Annihilape|3\/100\n|-heal|p1b: Iron Hands|65\/100|[from] drain|[of] p2a: Annihilape\n|\n|upkeep\n|turn|5\n|inactive|Kaku-the-best has 30 seconds left.\n|inactive|DartkitVGC has 30 seconds left.\n|\n|t:|1681867406\n|move|p1a: Gholdengo|Protect|p1a: Gholdengo\n|-singleturn|p1a: Gholdengo|Protect\n|move|p2b: Flutter Mane|Shadow Ball|p1a: Gholdengo\n|-activate|p1a: Gholdengo|move: Protect\n|move|p2a: Annihilape|Rage Fist|p1b: Iron Hands\n|-damage|p1b: Iron Hands|0 fnt\n|faint|p1b: Iron Hands\n|-end|p1b: Iron Hands|Quark Drive|[silent]\n|-damage|p2a: Annihilape|0 fnt|[from] item: Life Orb\n|faint|p2a: Annihilape\n|\n|upkeep\n|\n|t:|1681867413\n|switch|p2a: Palafin|Palafin-Hero, L50, F|100\/100\n|-activate|p2a: Palafin|ability: Zero to Hero\n|turn|6\n|\n|t:|1681867430\n|-terastallize|p1a: Gholdengo|Flying\n|move|p2b: Flutter Mane|Shadow Ball|p1a: Gholdengo\n|-damage|p1a: Gholdengo|47\/100\n|move|p2a: Palafin|Wave Crash|p1a: Gholdengo\n|-damage|p1a: Gholdengo|0 fnt\n|faint|p1a: Gholdengo\n|-damage|p2a: Palafin|83\/100|[from] Recoil\n|\n|win|DartkitVGC\n|raw|Kaku-the-best's rating: 1099 → 1081<\/strong> (-18 for losing)\n|raw|DartkitVGC's rating: 1195 → 1213<\/strong> (+18 for winning)\n","uploadtime":1681867444,"views":9,"p1id":"kakuthebest","p2id":"dartkitvgc","formatid":"gen9vgc2023regulationc","rating":1081,"private":0,"password":""}