{"id":"gen9vgc2023regulationc-1847856894","p1":"Darkharves","p2":"Nath555","format":"[Gen 9] VGC 2023 Regulation C","log":"|j|\u2606Darkharves\n|j|\u2606Nath555\n|t:|1682007634\n|gametype|doubles\n|player|p1|Darkharves|palmer|1109\n|player|p2|Nath555|crasherwake|1030\n|teamsize|p1|6\n|teamsize|p2|6\n|gen|9\n|tier|[Gen 9] VGC 2023 Regulation C\n|rated|\n|rule|Species Clause: Limit one of each Pok\u00e9mon\n|rule|Item Clause: Limit one of each item\n|clearpoke\n|poke|p1|Maushold, L50|\n|poke|p1|Sylveon, L50, F|\n|poke|p1|Klefki, L50, F|\n|poke|p1|Flutter Mane, L50|\n|poke|p1|Ting-Lu, L50|\n|poke|p1|Amoonguss, L50, M|\n|poke|p2|Flutter Mane, L50|\n|poke|p2|Chi-Yu, L50|\n|poke|p2|Amoonguss, L50, F|\n|poke|p2|Iron Bundle, L50|\n|poke|p2|Arcanine, L50, M|\n|poke|p2|Gholdengo, L50|\n|teampreview|4\n|j| L10NALP3PS1\n|l| L10NALP3PS1\n|\n|t:|1682007664\n|start\n|switch|p1a: Klefki|Klefki, L50, F|100\/100\n|switch|p1b: Maushold|Maushold, L50|100\/100\n|switch|p2a: Gholdengo|Gholdengo, L50|100\/100\n|switch|p2b: Iron Bundle|Iron Bundle, L50|100\/100\n|-enditem|p2b: Iron Bundle|Booster Energy\n|-activate|p2b: Iron Bundle|ability: Quark Drive|[fromitem]\n|-start|p2b: Iron Bundle|quarkdrivespa\n|turn|1\n|inactive|Battle timer is ON: inactive players will automatically lose when time's up. (requested by Nath555)\n|\n|t:|1682007691\n|-end|p2b: Iron Bundle|Quark Drive|[silent]\n|switch|p2b: Amoonguss|Amoonguss, L50, F|100\/100\n|-terastallize|p2a: Gholdengo|Steel\n|move|p1a: Klefki|Light Screen|p1a: Klefki\n|-sidestart|p1: Darkharves|move: Light Screen\n|move|p1b: Maushold|Population Bomb|p2b: Amoonguss\n|-damage|p2b: Amoonguss|90\/100\n|-damage|p2b: Amoonguss|78\/100\n|-damage|p2b: Amoonguss|67\/100\n|-damage|p2b: Amoonguss|57\/100\n|-damage|p2b: Amoonguss|44\/100\n|-enditem|p2b: Amoonguss|Sitrus Berry|[eat]\n|-heal|p2b: Amoonguss|69\/100|[from] item: Sitrus Berry\n|-damage|p2b: Amoonguss|58\/100\n|-damage|p2b: Amoonguss|47\/100\n|-damage|p2b: Amoonguss|34\/100\n|-crit|p2b: Amoonguss\n|-damage|p2b: Amoonguss|18\/100\n|-damage|p2b: Amoonguss|7\/100\n|-hitcount|p2b: Amoonguss|10\n|move|p2a: Gholdengo|Nasty Plot|p2a: Gholdengo\n|-boost|p2a: Gholdengo|spa|2\n|\n|upkeep\n|turn|2\n|inactive|Darkharves has 30 seconds left.\n|inactive|Nath555 has 30 seconds left.\n|inactive|Darkharves has 20 seconds left.\n|inactive|Darkharves has 15 seconds left.\n|\n|t:|1682007735\n|switch|p1a: Sylveon|Sylveon, L50, F|100\/100\n|move|p2b: Amoonguss|Protect|p2b: Amoonguss\n|-singleturn|p2b: Amoonguss|Protect\n|move|p1b: Maushold|Population Bomb|p2b: Amoonguss\n|-activate|p2b: Amoonguss|move: Protect\n|move|p2a: Gholdengo|Make It Rain|p1a: Sylveon|[spread] p1a,p1b\n|-supereffective|p1a: Sylveon\n|-damage|p1a: Sylveon|0 fnt\n|-damage|p1b: Maushold|0 fnt\n|-unboost|p2a: Gholdengo|spa|1\n|-enditem|p2a: Gholdengo|Eject Pack\n|faint|p1a: Sylveon\n|faint|p1b: Maushold\n|inactive|Nath555 has 30 seconds left.\n|\n|t:|1682007768\n|switch|p2a: Iron Bundle|Iron Bundle, L50|100\/100\n|\n|upkeep\n|\n|t:|1682007773\n|switch|p1b: Flutter Mane|Flutter Mane, L50|100\/100\n|switch|p1a: Klefki|Klefki, L50, F|100\/100\n|-enditem|p1b: Flutter Mane|Booster Energy\n|-activate|p1b: Flutter Mane|ability: Protosynthesis|[fromitem]\n|-start|p1b: Flutter Mane|protosynthesisspa\n|turn|3\n|inactive|Nath555 has 30 seconds left.\n|\n|t:|1682007807\n|move|p2b: Amoonguss|Rage Powder|p2b: Amoonguss\n|-singleturn|p2b: Amoonguss|move: Rage Powder\n|move|p1a: Klefki|Thunder Wave|p2b: Amoonguss\n|-status|p2b: Amoonguss|par\n|move|p2a: Iron Bundle|Freeze-Dry|p1b: Flutter Mane\n|-crit|p1b: Flutter Mane\n|-damage|p1b: Flutter Mane|44\/100\n|move|p1b: Flutter Mane|Mystical Fire|p2b: Amoonguss\n|-supereffective|p2b: Amoonguss\n|-damage|p2b: Amoonguss|0 fnt\n|faint|p2b: Amoonguss\n|\n|upkeep\n|\n|t:|1682007819\n|switch|p2b: Gholdengo|Gholdengo, L50, tera:Steel|100\/100\n|turn|4\n|\n|t:|1682007828\n|move|p2a: Iron Bundle|Protect|p2a: Iron Bundle\n|-singleturn|p2a: Iron Bundle|Protect\n|move|p1b: Flutter Mane|Protect|p1b: Flutter Mane\n|-singleturn|p1b: Flutter Mane|Protect\n|move|p1a: Klefki|Thunder Wave|p2a: Iron Bundle\n|-activate|p2a: Iron Bundle|move: Protect\n|move|p2b: Gholdengo|Make It Rain|p1b: Flutter Mane|[spread] p1a\n|-activate|p1b: Flutter Mane|move: Protect\n|-damage|p1a: Klefki|54\/100\n|-unboost|p2b: Gholdengo|spa|1\n|\n|upkeep\n|turn|5\n|inactive|Nath555 has 30 seconds left.\n|\n|t:|1682007854\n|switch|p2b: Flutter Mane|Flutter Mane, L50|100\/100\n|-terastallize|p1b: Flutter Mane|Ice\n|move|p1a: Klefki|Thunder Wave|p2a: Iron Bundle\n|-status|p2a: Iron Bundle|par\n|move|p1b: Flutter Mane|Mystical Fire|p2b: Flutter Mane\n|-damage|p2b: Flutter Mane|63\/100\n|-unboost|p2b: Flutter Mane|spa|1\n|move|p2a: Iron Bundle|Freeze-Dry|p1b: Flutter Mane\n|-resisted|p1b: Flutter Mane\n|-damage|p1b: Flutter Mane|33\/100\n|\n|upkeep\n|turn|6\n|inactive|Nath555 has 30 seconds left.\n|\n|t:|1682007886\n|-end|p2a: Iron Bundle|Quark Drive|[silent]\n|switch|p2a: Gholdengo|Gholdengo, L50, tera:Steel|100\/100\n|move|p1a: Klefki|Thunder Wave|p2b: Flutter Mane\n|-status|p2b: Flutter Mane|par\n|move|p1b: Flutter Mane|Moonblast|p2a: Gholdengo\n|-resisted|p2a: Gholdengo\n|-damage|p2a: Gholdengo|65\/100\n|-unboost|p2a: Gholdengo|spa|1\n|move|p2b: Flutter Mane|Shadow Ball|p1a: Klefki\n|-damage|p1a: Klefki|32\/100\n|\n|upkeep\n|turn|7\n|\n|t:|1682007911\n|move|p2b: Flutter Mane|Protect|p2b: Flutter Mane\n|-singleturn|p2b: Flutter Mane|Protect\n|move|p1b: Flutter Mane|Mystical Fire|p2a: Gholdengo\n|-supereffective|p2a: Gholdengo\n|-damage|p2a: Gholdengo|0 fnt\n|faint|p2a: Gholdengo\n|move|p1a: Klefki|Draining Kiss|p2b: Flutter Mane\n|-activate|p2b: Flutter Mane|move: Protect\n|\n|upkeep\n|\n|t:|1682007919\n|switch|p2a: Iron Bundle|Iron Bundle, L50|100\/100 par\n|turn|8\n|\n|t:|1682007933\n|move|p1b: Flutter Mane|Protect|p1b: Flutter Mane\n|-singleturn|p1b: Flutter Mane|Protect\n|move|p1a: Klefki|Draining Kiss|p2a: Iron Bundle\n|-damage|p2a: Iron Bundle|73\/100 par\n|-heal|p1a: Klefki|49\/100|[from] drain|[of] p2a: Iron Bundle\n|move|p2b: Flutter Mane|Moonblast|p1b: Flutter Mane\n|-activate|p1b: Flutter Mane|move: Protect\n|cant|p2a: Iron Bundle|par\n|\n|-sideend|p1: Darkharves|move: Light Screen\n|upkeep\n|turn|9\n|\n|t:|1682007955\n|move|p1a: Klefki|Light Screen|p1a: Klefki\n|-sidestart|p1: Darkharves|move: Light Screen\n|move|p1b: Flutter Mane|Moonblast|p2a: Iron Bundle\n|-damage|p2a: Iron Bundle|0 fnt\n|faint|p2a: Iron Bundle\n|-end|p2a: Iron Bundle|Quark Drive|[silent]\n|move|p2b: Flutter Mane|Moonblast|p1b: Flutter Mane\n|-damage|p1b: Flutter Mane|9\/100\n|\n|upkeep\n|turn|10\n|c|\u2606Darkharves|gg\n|c|\u2606Darkharves|well played\n|\n|t:|1682007975\n|move|p1b: Flutter Mane|Moonblast|p2b: Flutter Mane\n|-damage|p2b: Flutter Mane|0 fnt\n|faint|p2b: Flutter Mane\n|-end|p2b: Flutter Mane|Protosynthesis|[silent]\n|\n|win|Darkharves\n|raw|Darkharves's rating: 1109 → 1128<\/strong> (+19 for winning)\n|raw|Nath555's rating: 1030 → 1019<\/strong> (-11 for losing)\n|l|\u2606Nath555\n","uploadtime":1682007984,"views":7,"p1id":"darkharves","p2id":"nath555","formatid":"gen9vgc2023regulationc","rating":1019,"private":0,"password":""}