{"id":"gen9vgc2023regulationc-1852750521","p1":"leysidbwnq","p2":"gorilnx","format":"[Gen 9] VGC 2023 Regulation C","log":"|j|\u2606leysidbwnq\n|j|\u2606gorilnx\n|t:|1682603033\n|gametype|doubles\n|player|p1|leysidbwnq|ghetsis|1057\n|player|p2|gorilnx|dawn-gen4pt|1079\n|teamsize|p1|6\n|teamsize|p2|6\n|gen|9\n|tier|[Gen 9] VGC 2023 Regulation C\n|rated|\n|rule|Species Clause: Limit one of each Pok\u00e9mon\n|rule|Item Clause: Limit one of each item\n|clearpoke\n|poke|p1|Meowscarada, L50, F|\n|poke|p1|Tatsugiri-Stretchy, L50, F|\n|poke|p1|Dondozo, L50, F|\n|poke|p1|Flamigo, L50, M|\n|poke|p1|Oranguru, L50, M|\n|poke|p1|Torkoal, L50, M|\n|poke|p2|Palafin, L50, F|\n|poke|p2|Amoonguss, L50, M|\n|poke|p2|Flutter Mane, L50|\n|poke|p2|Arcanine, L50, F|\n|poke|p2|Ting-Lu, L50|\n|poke|p2|Baxcalibur, L50, F|\n|teampreview|4\n|inactive|Battle timer is ON: inactive players will automatically lose when time's up. (requested by gorilnx)\n|\n|t:|1682603050\n|start\n|switch|p1a: Tatsugiri|Tatsugiri-Stretchy, L50, F|100\/100\n|switch|p1b: Meowscarada|Meowscarada, L50, F|100\/100\n|switch|p2a: Palafin|Palafin, L50, F|100\/100\n|switch|p2b: Amoonguss|Amoonguss, L50, M|100\/100\n|turn|1\n|\n|t:|1682603071\n|detailschange|p2a: Palafin|Palafin-Hero, L50, F\n|switch|p2a: Flutter Mane|Flutter Mane, L50|100\/100\n|-enditem|p2a: Flutter Mane|Booster Energy\n|-activate|p2a: Flutter Mane|ability: Protosynthesis|[fromitem]\n|-start|p2a: Flutter Mane|protosynthesisspe\n|move|p1b: Meowscarada|U-turn|p1a: Tatsugiri\n|-start|p1b: Meowscarada|typechange|Bug|[from] ability: Protean\n|-damage|p1a: Tatsugiri|42\/100\n|\n|t:|1682603086\n|switch|p1b: Dondozo|Dondozo, L50, F|100\/100|[from] U-turn\n|-activate|p1a: Tatsugiri|ability: Commander|[of] p1b: Dondozo\n|-boost|p1b: Dondozo|atk|2\n|-boost|p1b: Dondozo|spa|2\n|-boost|p1b: Dondozo|spe|2\n|-boost|p1b: Dondozo|def|2\n|-boost|p1b: Dondozo|spd|2\n|move|p2b: Amoonguss|Spore|p1a: Tatsugiri|[miss]\n|-miss|p2b: Amoonguss|p1a: Tatsugiri\n|\n|-damage|p1a: Tatsugiri|30\/100|[from] item: Black Sludge\n|upkeep\n|turn|2\n|\n|t:|1682603106\n|move|p2a: Flutter Mane|Protect|p2a: Flutter Mane\n|-singleturn|p2a: Flutter Mane|Protect\n|move|p2b: Amoonguss|Spore|p1b: Dondozo\n|-status|p1b: Dondozo|slp|[from] move: Spore\n|cant|p1b: Dondozo|slp\n|\n|-damage|p1a: Tatsugiri|18\/100|[from] item: Black Sludge\n|upkeep\n|turn|3\n|\n|t:|1682603126\n|switch|p2b: Palafin|Palafin-Hero, L50, F|100\/100\n|-activate|p2b: Palafin|ability: Zero to Hero\n|move|p2a: Flutter Mane|Moonblast|p1b: Dondozo\n|-damage|p1b: Dondozo|79\/100 slp\n|-unboost|p1b: Dondozo|spa|1\n|cant|p1b: Dondozo|slp\n|\n|-damage|p1a: Tatsugiri|6\/100|[from] item: Black Sludge\n|-heal|p1b: Dondozo|86\/100 slp|[from] item: Leftovers\n|upkeep\n|turn|4\n|\n|t:|1682603144\n|move|p2a: Flutter Mane|Moonblast|p1b: Dondozo\n|-damage|p1b: Dondozo|62\/100 slp\n|-unboost|p1b: Dondozo|spa|1\n|move|p2b: Palafin|Haze|p2b: Palafin\n|-clearallboost\n|cant|p1b: Dondozo|slp\n|\n|-damage|p1a: Tatsugiri|0 fnt|[from] item: Black Sludge\n|faint|p1a: Tatsugiri\n|-heal|p1b: Dondozo|69\/100 slp|[from] item: Leftovers\n|upkeep\n|\n|t:|1682603159\n|switch|p1a: Meowscarada|Meowscarada, L50, F|100\/100\n|turn|5\n|\n|t:|1682603176\n|switch|p2b: Amoonguss|Amoonguss, L50, M|100\/100\n|move|p2a: Flutter Mane|Dazzling Gleam|p1b: Dondozo|[spread] p1a,p1b\n|-supereffective|p1a: Meowscarada\n|-damage|p1a: Meowscarada|0 fnt\n|-damage|p1b: Dondozo|41\/100 slp\n|faint|p1a: Meowscarada\n|-curestatus|p1b: Dondozo|slp|[msg]\n|move|p1b: Dondozo|Liquidation|p2a: Flutter Mane\n|-damage|p2a: Flutter Mane|35\/100\n|-unboost|p2a: Flutter Mane|def|1\n|\n|-heal|p1b: Dondozo|48\/100|[from] item: Leftovers\n|upkeep\n|\n|t:|1682603185\n|switch|p1a: Oranguru|Oranguru, L50, M|100\/100\n|turn|6\n|\n|t:|1682603203\n|move|p2b: Amoonguss|Rage Powder|p2b: Amoonguss\n|-singleturn|p2b: Amoonguss|move: Rage Powder\n|move|p2a: Flutter Mane|Shadow Ball|p1a: Oranguru\n|-immune|p1a: Oranguru\n|move|p1a: Oranguru|Instruct|p2b: Amoonguss\n|-singleturn|p2b: Amoonguss|move: Instruct|[of] p1a: Oranguru\n|move|p2b: Amoonguss|Rage Powder||[still]\n|-fail|p2b: Amoonguss\n|move|p1b: Dondozo|Avalanche|p2b: Amoonguss\n|-supereffective|p2b: Amoonguss\n|-damage|p2b: Amoonguss|72\/100\n|\n|-heal|p1b: Dondozo|54\/100|[from] item: Leftovers\n|upkeep\n|turn|7\n|inactive|leysidbwnq has 30 seconds left.\n|inactive|gorilnx has 30 seconds left.\n|\n|t:|1682603239\n|move|p2b: Amoonguss|Rage Powder|p2b: Amoonguss\n|-singleturn|p2b: Amoonguss|move: Rage Powder\n|move|p2a: Flutter Mane|Dazzling Gleam|p1a: Oranguru|[spread] p1a,p1b\n|-damage|p1a: Oranguru|82\/100\n|-damage|p1b: Dondozo|25\/100\n|move|p1a: Oranguru|Instruct|p2b: Amoonguss\n|-singleturn|p2b: Amoonguss|move: Instruct|[of] p1a: Oranguru\n|move|p2b: Amoonguss|Rage Powder||[still]\n|-fail|p2b: Amoonguss\n|move|p1b: Dondozo|Earthquake|p2a: Flutter Mane|[spread] p1a,p2a,p2b\n|-damage|p1a: Oranguru|62\/100\n|-damage|p2a: Flutter Mane|0 fnt\n|-damage|p2b: Amoonguss|56\/100\n|faint|p2a: Flutter Mane\n|-end|p2a: Flutter Mane|Protosynthesis|[silent]\n|\n|-heal|p1b: Dondozo|32\/100|[from] item: Leftovers\n|upkeep\n|\n|t:|1682603255\n|switch|p2a: Ting-Lu|Ting-Lu, L50|100\/100\n|-ability|p2a: Ting-Lu|Vessel of Ruin\n|turn|8\n|\n|t:|1682603275\n|move|p1a: Oranguru|Protect|p1a: Oranguru\n|-singleturn|p1a: Oranguru|Protect\n|move|p2a: Ting-Lu|Fissure|p1a: Oranguru\n|-activate|p1a: Oranguru|move: Protect\n|move|p1b: Dondozo|Order Up|p2a: Ting-Lu\n|-damage|p2a: Ting-Lu|86\/100\n|-boost|p1b: Dondozo|spe|1\n|move|p2b: Amoonguss|Spore|p1b: Dondozo\n|-status|p1b: Dondozo|slp|[from] move: Spore\n|\n|-heal|p1b: Dondozo|38\/100 slp|[from] item: Leftovers\n|upkeep\n|turn|9\n|inactive|leysidbwnq has 30 seconds left.\n|inactive|gorilnx has 30 seconds left.\n|inactive|leysidbwnq has 20 seconds left.\n|inactive|leysidbwnq has 15 seconds left.\n|inactive|leysidbwnq has 10 seconds left.\n|\n|t:|1682603321\n|cant|p1b: Dondozo|slp\n|move|p1a: Oranguru|Fling|p1b: Dondozo\n|-damage|p1b: Dondozo|37\/100 slp\n|-heal|p1b: Dondozo|62\/100 slp|[from] item: Sitrus Berry\n|-enditem|p1a: Oranguru|Sitrus Berry|[from] move: Fling\n|move|p2a: Ting-Lu|Stomping Tantrum|p1b: Dondozo\n|-damage|p1b: Dondozo|41\/100 slp\n|move|p2b: Amoonguss|Spore|p1a: Oranguru\n|-status|p1a: Oranguru|slp|[from] move: Spore\n|\n|-heal|p1b: Dondozo|48\/100 slp|[from] item: Leftovers\n|upkeep\n|turn|10\n|-message|leysidbwnq forfeited.\n|\n|win|gorilnx\n|raw|leysidbwnq's rating: 1057 → 1040<\/strong> (-17 for losing)\n|raw|gorilnx's rating: 1079 → 1105<\/strong> (+26 for winning)\n|l|\u2606leysidbwnq\n","uploadtime":1682603346,"views":10,"p1id":"leysidbwnq","p2id":"gorilnx","formatid":"gen9vgc2023regulationc","rating":1040,"private":0,"password":""}