{"id":"gen9vgc2023regulationc-1852263746","p1":"Mortipherus","p2":"Mrpower94","format":"[Gen 9] VGC 2023 Regulation C","log":"|j|\u2606Mortipherus\n|j|\u2606Mrpower94\n|t:|1682538014\n|gametype|doubles\n|player|p1|Mortipherus|hooligans|1130\n|player|p2|Mrpower94|volkner|1215\n|teamsize|p1|6\n|teamsize|p2|6\n|gen|9\n|tier|[Gen 9] VGC 2023 Regulation C\n|rated|\n|rule|Species Clause: Limit one of each Pok\u00e9mon\n|rule|Item Clause: Limit one of each item\n|clearpoke\n|poke|p1|Cetitan, L50, M|\n|poke|p1|Corviknight, L50, M|\n|poke|p1|Volcarona, L50, M|\n|poke|p1|Ting-Lu, L50|\n|poke|p1|Gyarados, L50, M|\n|poke|p1|Amoonguss, L50, M|\n|poke|p2|Orthworm, L50, F|\n|poke|p2|Dragonite, L50, M|\n|poke|p2|Ting-Lu, L50|\n|poke|p2|Gyarados, L50, F|\n|poke|p2|Flutter Mane, L50|\n|poke|p2|Chien-Pao, L50|\n|teampreview|4\n|inactive|Battle timer is ON: inactive players will automatically lose when time's up. (requested by Mortipherus)\n|\n|t:|1682538051\n|start\n|switch|p1a: Cetitan|Cetitan, L50, M, shiny|100\/100\n|switch|p1b: Ting-Lu|Ting-Lu, L50|100\/100\n|switch|p2a: Dragonite|Dragonite, L50, M|100\/100\n|switch|p2b: Orthworm|Orthworm, L50, F|100\/100\n|-ability|p1b: Ting-Lu|Vessel of Ruin\n|turn|1\n|inactive|Mrpower94 has 30 seconds left.\n|\n|t:|1682538077\n|-terastallize|p1a: Cetitan|Water\n|-terastallize|p2b: Orthworm|Fire\n|move|p2a: Dragonite|Earthquake|p1a: Cetitan|[spread] p1a,p1b\n|-immune|p2b: Orthworm|[from] ability: Earth Eater\n|-damage|p1a: Cetitan|79\/100\n|-damage|p1b: Ting-Lu|84\/100\n|move|p1a: Cetitan|Icicle Crash|p2a: Dragonite\n|-supereffective|p2a: Dragonite\n|-damage|p2a: Dragonite|0 fnt\n|faint|p2a: Dragonite\n|move|p2b: Orthworm|Iron Defense|p2b: Orthworm\n|-boost|p2b: Orthworm|def|2\n|move|p1b: Ting-Lu|Stomping Tantrum|p2b: Orthworm\n|-immune|p2b: Orthworm|[from] ability: Earth Eater\n|\n|upkeep\n|\n|t:|1682538092\n|switch|p2a: Flutter Mane|Flutter Mane, L50|100\/100\n|turn|2\n|\n|t:|1682538105\n|move|p2a: Flutter Mane|Dazzling Gleam|p1b: Ting-Lu|[spread] p1a,p1b\n|-supereffective|p1b: Ting-Lu\n|-crit|p1b: Ting-Lu\n|-damage|p1a: Cetitan|52\/100\n|-damage|p1b: Ting-Lu|27\/100\n|move|p1a: Cetitan|Liquidation|p2a: Flutter Mane\n|-damage|p2a: Flutter Mane|0 fnt\n|faint|p2a: Flutter Mane\n|-end|p2a: Flutter Mane|Protosynthesis|[silent]\n|move|p2b: Orthworm|Body Press|p1a: Cetitan\n|-damage|p1a: Cetitan|1\/100\n|move|p1b: Ting-Lu|Ruination|p2b: Orthworm\n|-damage|p2b: Orthworm|50\/100\n|-enditem|p2b: Orthworm|Sitrus Berry|[eat]\n|-heal|p2b: Orthworm|75\/100|[from] item: Sitrus Berry\n|\n|upkeep\n|\n|t:|1682538119\n|switch|p2a: Chien-Pao|Chien-Pao, L50|100\/100\n|-ability|p2a: Chien-Pao|Sword of Ruin\n|turn|3\n|inactive|Mrpower94 has 30 seconds left.\n|\n|t:|1682538146\n|move|p1a: Cetitan|Protect|p1a: Cetitan\n|-singleturn|p1a: Cetitan|Protect\n|move|p2a: Chien-Pao|Sucker Punch||[still]\n|-fail|p2a: Chien-Pao\n|move|p2b: Orthworm|Iron Defense|p2b: Orthworm\n|-boost|p2b: Orthworm|def|2\n|move|p1b: Ting-Lu|Heavy Slam|p2a: Chien-Pao\n|-supereffective|p2a: Chien-Pao\n|-enditem|p2a: Chien-Pao|Focus Sash\n|-damage|p2a: Chien-Pao|1\/100\n|\n|upkeep\n|turn|4\n|\n|t:|1682538167\n|switch|p1a: Amoonguss|Amoonguss, L50, M|100\/100\n|move|p2a: Chien-Pao|Protect|p2a: Chien-Pao\n|-singleturn|p2a: Chien-Pao|Protect\n|move|p2b: Orthworm|Body Press|p1a: Amoonguss\n|-resisted|p1a: Amoonguss\n|-damage|p1a: Amoonguss|55\/100\n|move|p1b: Ting-Lu|Heavy Slam|p2a: Chien-Pao\n|-activate|p2a: Chien-Pao|move: Protect\n|\n|upkeep\n|turn|5\n|\n|t:|1682538182\n|move|p2a: Chien-Pao|Ice Spinner|p1a: Amoonguss\n|-supereffective|p1a: Amoonguss\n|-crit|p1a: Amoonguss\n|-damage|p1a: Amoonguss|0 fnt\n|faint|p1a: Amoonguss\n|move|p2b: Orthworm|Body Press|p1b: Ting-Lu\n|-supereffective|p1b: Ting-Lu\n|-damage|p1b: Ting-Lu|0 fnt\n|faint|p1b: Ting-Lu\n|\n|upkeep\n|\n|t:|1682538192\n|switch|p1b: Cetitan|Cetitan, L50, M, shiny, tera:Water|1\/100\n|switch|p1a: Gyarados|Gyarados, L50, M, shiny|100\/100\n|-ability|p1a: Gyarados|Intimidate|boost\n|-unboost|p2a: Chien-Pao|atk|1\n|-unboost|p2b: Orthworm|atk|1\n|turn|6\n|\n|t:|1682538208\n|move|p1b: Cetitan|Protect|p1b: Cetitan\n|-singleturn|p1b: Cetitan|Protect\n|move|p2a: Chien-Pao|Sucker Punch||[still]\n|-fail|p2a: Chien-Pao\n|move|p1a: Gyarados|Thunder Wave|p2b: Orthworm\n|-status|p2b: Orthworm|par\n|move|p2b: Orthworm|Body Press|p1a: Gyarados\n|-resisted|p1a: Gyarados\n|-damage|p1a: Gyarados|45\/100\n|\n|-heal|p1a: Gyarados|51\/100|[from] item: Leftovers\n|upkeep\n|turn|7\n|\n|t:|1682538226\n|move|p1b: Cetitan|Protect||[still]\n|-fail|p1b: Cetitan\n|move|p2a: Chien-Pao|Ice Spinner|p1a: Gyarados\n|-damage|p1a: Gyarados|16\/100\n|move|p1a: Gyarados|Waterfall|p2a: Chien-Pao\n|-damage|p2a: Chien-Pao|0 fnt\n|faint|p2a: Chien-Pao\n|cant|p2b: Orthworm|par\n|\n|-heal|p1a: Gyarados|22\/100|[from] item: Leftovers\n|upkeep\n|turn|8\n|\n|t:|1682538242\n|move|p1a: Gyarados|Waterfall|p2b: Orthworm\n|-supereffective|p2b: Orthworm\n|-damage|p2b: Orthworm|58\/100 par\n|move|p1b: Cetitan|Liquidation|p2b: Orthworm\n|-supereffective|p2b: Orthworm\n|-damage|p2b: Orthworm|26\/100 par\n|move|p2b: Orthworm|Body Press|p1a: Gyarados\n|-resisted|p1a: Gyarados\n|-damage|p1a: Gyarados|0 fnt\n|faint|p1a: Gyarados\n|\n|upkeep\n|turn|9\n|\n|t:|1682538254\n|move|p1b: Cetitan|Liquidation|p2b: Orthworm\n|-supereffective|p2b: Orthworm\n|-damage|p2b: Orthworm|0 fnt\n|faint|p2b: Orthworm\n|\n|win|Mortipherus\n|raw|Mortipherus's rating: 1130 → 1161<\/strong> (+31 for winning)\n|raw|Mrpower94's rating: 1215 → 1184<\/strong> (-31 for losing)\n|l|\u2606Mrpower94\n","uploadtime":1682538276,"views":12,"p1id":"mortipherus","p2id":"mrpower94","formatid":"gen9vgc2023regulationc","rating":1161,"private":0,"password":""}