{"id":"gen9vgc2023regulationc-1855959491","p1":"zachleft","p2":"IceNsno","format":"[Gen 9] VGC 2023 Regulation C","log":"|j|\u2606zachleft\n|j|\u2606IceNsno\n|t:|1683007496\n|gametype|doubles\n|player|p1|zachleft|102|1180\n|player|p2|IceNsno|benga|1268\n|teamsize|p1|6\n|teamsize|p2|6\n|gen|9\n|tier|[Gen 9] VGC 2023 Regulation C\n|rated|\n|rule|Species Clause: Limit one of each Pok\u00e9mon\n|rule|Item Clause: Limit one of each item\n|clearpoke\n|poke|p1|Gengar, L50, F|\n|poke|p1|Abomasnow, L50, M|\n|poke|p1|Arcanine, L50, F|\n|poke|p1|Annihilape, L50, F|\n|poke|p1|Muk, L50, M|\n|poke|p1|Azumarill, L50, M|\n|poke|p2|Baxcalibur, L50, M|\n|poke|p2|Amoonguss, L50, F|\n|poke|p2|Scizor, L50, M|\n|poke|p2|Palafin, L50, M|\n|poke|p2|Chien-Pao, L50|\n|poke|p2|Arcanine, L50, F|\n|teampreview|4\nIceNsno has agreed to open team sheets.\n|\n|t:|1683007527\n|start\n|switch|p1a: Abomasnow|Abomasnow, L50, M|100\/100\n|switch|p1b: Gengar|Gengar, L50, F|100\/100\n|switch|p2a: Palafin|Palafin, L50, M|100\/100\n|switch|p2b: Amoonguss|Amoonguss, L50, F|100\/100\n|-weather|Snow|[from] ability: Snow Warning|[of] p1a: Abomasnow\n|turn|1\n|\n|t:|1683007583\n|-terastallize|p2b: Amoonguss|Water\n|move|p2a: Palafin|Protect|p2a: Palafin\n|-singleturn|p2a: Palafin|Protect\n|move|p1b: Gengar|Hypnosis|p2b: Amoonguss\n|-status|p2b: Amoonguss|slp|[from] move: Hypnosis\n|move|p1a: Abomasnow|Aurora Veil|p1a: Abomasnow\n|-sidestart|p1: zachleft|move: Aurora Veil\n|cant|p2b: Amoonguss|slp\n|\n|-weather|Snow|[upkeep]\n|upkeep\n|turn|2\n|\n|t:|1683007597\n|detailschange|p2a: Palafin|Palafin-Hero, L50, M\n|switch|p2a: Arcanine|Arcanine, L50, F|100\/100\n|-ability|p2a: Arcanine|Intimidate|boost\n|-unboost|p1a: Abomasnow|atk|1\n|-unboost|p1b: Gengar|atk|1\n|move|p1b: Gengar|Thunderbolt|p2b: Amoonguss\n|-supereffective|p2b: Amoonguss\n|-damage|p2b: Amoonguss|47\/100 slp\n|-enditem|p2b: Amoonguss|Sitrus Berry|[eat]\n|-heal|p2b: Amoonguss|72\/100 slp|[from] item: Sitrus Berry\n|move|p1a: Abomasnow|Leech Seed|p2a: Arcanine\n|-start|p2a: Arcanine|move: Leech Seed\n|cant|p2b: Amoonguss|slp\n|\n|-weather|Snow|[upkeep]\n|-damage|p2a: Arcanine|88\/100|[from] Leech Seed|[of] p1a: Abomasnow\n|upkeep\n|turn|3\n|\n|t:|1683007615\n|move|p2a: Arcanine|Protect|p2a: Arcanine\n|-singleturn|p2a: Arcanine|Protect\n|move|p1b: Gengar|Hypnosis|p2a: Arcanine\n|-activate|p2a: Arcanine|move: Protect\n|move|p1a: Abomasnow|Leech Seed|p2b: Amoonguss\n|-start|p2b: Amoonguss|move: Leech Seed\n|-curestatus|p2b: Amoonguss|slp|[msg]\n|move|p2b: Amoonguss|Spore|p1b: Gengar\n|-status|p1b: Gengar|slp|[from] move: Spore\n|\n|-weather|Snow|[upkeep]\n|-damage|p2a: Arcanine|76\/100|[from] Leech Seed|[of] p1a: Abomasnow\n|-damage|p2b: Amoonguss|60\/100|[from] Leech Seed|[of] p1a: Abomasnow\n|upkeep\n|turn|4\n|\n|t:|1683007633\n|switch|p2b: Scizor|Scizor, L50, M|100\/100\n|move|p1a: Abomasnow|Protect|p1a: Abomasnow\n|-singleturn|p1a: Abomasnow|Protect\n|cant|p1b: Gengar|slp\n|move|p2a: Arcanine|Flare Blitz|p1a: Abomasnow\n|-activate|p1a: Abomasnow|move: Protect\n|\n|-weather|Snow|[upkeep]\n|-damage|p2a: Arcanine|64\/100|[from] Leech Seed|[of] p1a: Abomasnow\n|upkeep\n|turn|5\n|\n|t:|1683007646\n|switch|p1a: Arcanine|Arcanine, L50, F|100\/100\n|-ability|p1a: Arcanine|Intimidate|boost\n|-unboost|p2a: Arcanine|atk|1\n|-unboost|p2b: Scizor|atk|1\n|cant|p1b: Gengar|slp\n|move|p2a: Arcanine|Flare Blitz|p1a: Arcanine\n|-resisted|p1a: Arcanine\n|-damage|p1a: Arcanine|87\/100\n|-damage|p2a: Arcanine|59\/100|[from] Recoil\n|move|p2b: Scizor|U-turn|p1a: Arcanine\n|-resisted|p1a: Arcanine\n|-damage|p1a: Arcanine|76\/100\n|-damage|p2b: Scizor|91\/100|[from] item: Life Orb\n|\n|t:|1683007656\n|switch|p2b: Amoonguss|Amoonguss, L50, F, tera:Water|93\/100|[from] U-turn\n|\n|-weather|none\n|-damage|p2a: Arcanine|47\/100|[from] Leech Seed|[of] p1a: Arcanine\n|-heal|p1a: Arcanine|88\/100|[silent]\n|-sideend|p1: zachleft|move: Aurora Veil\n|upkeep\n|turn|6\n|\n|t:|1683007671\n|switch|p2a: Palafin|Palafin-Hero, L50, M|100\/100\n|-activate|p2a: Palafin|ability: Zero to Hero\n|move|p1a: Arcanine|Extreme Speed|p2b: Amoonguss\n|-damage|p2b: Amoonguss|73\/100\n|-curestatus|p1b: Gengar|slp|[msg]\n|move|p1b: Gengar|Hypnosis|p2b: Amoonguss\n|-status|p2b: Amoonguss|slp|[from] move: Hypnosis\n|cant|p2b: Amoonguss|slp\n|\n|upkeep\n|turn|7\n|\n|t:|1683007687\n|move|p1a: Arcanine|Protect|p1a: Arcanine\n|-singleturn|p1a: Arcanine|Protect\n|-curestatus|p2b: Amoonguss|slp|[msg]\n|move|p2b: Amoonguss|Protect|p2b: Amoonguss\n|-singleturn|p2b: Amoonguss|Protect\n|move|p2a: Palafin|Jet Punch|p1b: Gengar\n|-damage|p1b: Gengar|0 fnt\n|-damage|p2a: Palafin|84\/100|[from] item: Rocky Helmet|[of] p1b: Gengar\n|faint|p1b: Gengar\n|\n|upkeep\n|\n|t:|1683007699\n|switch|p1b: Abomasnow|Abomasnow, L50, M|100\/100\n|-weather|Snow|[from] ability: Snow Warning|[of] p1b: Abomasnow\n|turn|8\n|\n|t:|1683007710\n|switch|p1a: Azumarill|Azumarill, L50, M|100\/100\n|switch|p2a: Arcanine|Arcanine, L50, F|47\/100\n|-ability|p2a: Arcanine|Intimidate|boost\n|-unboost|p1a: Azumarill|atk|1\n|-unboost|p1b: Abomasnow|atk|1\n|move|p1b: Abomasnow|Aurora Veil|p1b: Abomasnow\n|-sidestart|p1: zachleft|move: Aurora Veil\n|move|p2b: Amoonguss|Spore|p1a: Azumarill\n|-status|p1a: Azumarill|slp|[from] move: Spore\n|\n|-weather|Snow|[upkeep]\n|upkeep\n|turn|9\n|\n|t:|1683007733\n|switch|p1b: Arcanine|Arcanine, L50, F|88\/100\n|-ability|p1b: Arcanine|Intimidate|boost\n|-unboost|p2a: Arcanine|atk|1\n|-unboost|p2b: Amoonguss|atk|1\n|move|p2a: Arcanine|Extreme Speed|p1a: Azumarill\n|-damage|p1a: Azumarill|89\/100 slp\n|cant|p1a: Azumarill|slp\n|move|p2b: Amoonguss|Pollen Puff|p2a: Arcanine\n|-heal|p2a: Arcanine|96\/100\n|\n|-weather|Snow|[upkeep]\n|upkeep\n|turn|10\n|\n|t:|1683007759\n|switch|p2a: Palafin|Palafin-Hero, L50, M|84\/100\n|move|p1b: Arcanine|Protect|p1b: Arcanine\n|-singleturn|p1b: Arcanine|Protect\n|move|p2b: Amoonguss|Rage Powder|p2b: Amoonguss\n|-singleturn|p2b: Amoonguss|move: Rage Powder\n|cant|p1a: Azumarill|slp\n|\n|-weather|Snow|[upkeep]\n|upkeep\n|turn|11\n|\n|t:|1683007771\n|switch|p1b: Abomasnow|Abomasnow, L50, M|100\/100\n|move|p2a: Palafin|Wave Crash|p1b: Abomasnow\n|-resisted|p1b: Abomasnow\n|-damage|p1b: Abomasnow|84\/100\n|-damage|p2a: Palafin|79\/100|[from] Recoil\n|cant|p1a: Azumarill|slp\n|move|p2b: Amoonguss|Pollen Puff|p2a: Palafin\n|-heal|p2a: Palafin|100\/100\n|\n|-weather|Snow|[upkeep]\n|-heal|p1b: Abomasnow|90\/100|[from] item: Leftovers\n|upkeep\n|turn|12\n|\n|t:|1683007790\n|switch|p2a: Arcanine|Arcanine, L50, F|96\/100\n|-ability|p2a: Arcanine|Intimidate|boost\n|-unboost|p1a: Azumarill|atk|1\n|-unboost|p1b: Abomasnow|atk|1\n|move|p1b: Abomasnow|Leech Seed|p2a: Arcanine\n|-start|p2a: Arcanine|move: Leech Seed\n|-curestatus|p1a: Azumarill|slp|[msg]\n|move|p1a: Azumarill|Play Rough|p2b: Amoonguss|[miss]\n|-miss|p1a: Azumarill|p2b: Amoonguss\n|move|p2b: Amoonguss|Spore|p1a: Azumarill\n|-status|p1a: Azumarill|slp|[from] move: Spore\n|\n|-weather|none\n|-heal|p1b: Abomasnow|96\/100|[from] item: Leftovers\n|-damage|p2a: Arcanine|84\/100|[from] Leech Seed|[of] p1b: Abomasnow\n|-heal|p1b: Abomasnow|100\/100|[silent]\n|-sideend|p1: zachleft|move: Aurora Veil\n|upkeep\n|turn|13\n|c|\u2606zachleft|fuckin idiot azumarill\n|\n|t:|1683007825\n|switch|p2a: Scizor|Scizor, L50, M|91\/100\n|move|p1b: Abomasnow|Leech Seed|p2b: Amoonguss\n|-start|p2b: Amoonguss|move: Leech Seed\n|cant|p1a: Azumarill|slp\n|move|p2b: Amoonguss|Pollen Puff|p1b: Abomasnow\n|-supereffective|p1b: Abomasnow\n|-damage|p1b: Abomasnow|59\/100\n|\n|-heal|p1b: Abomasnow|65\/100|[from] item: Leftovers\n|-damage|p2b: Amoonguss|61\/100|[from] Leech Seed|[of] p1b: Abomasnow\n|-heal|p1b: Abomasnow|79\/100|[silent]\n|upkeep\n|turn|14\n|\n|t:|1683007843\n|switch|p1b: Arcanine|Arcanine, L50, F|88\/100\n|-ability|p1b: Arcanine|Intimidate|boost\n|-unboost|p2a: Scizor|atk|1\n|-unboost|p2b: Amoonguss|atk|1\n|move|p2a: Scizor|Protect|p2a: Scizor\n|-singleturn|p2a: Scizor|Protect\n|move|p2b: Amoonguss|Protect|p2b: Amoonguss\n|-singleturn|p2b: Amoonguss|Protect\n|cant|p1a: Azumarill|slp\n|\n|-damage|p2b: Amoonguss|49\/100|[from] Leech Seed|[of] p1b: Arcanine\n|-heal|p1b: Arcanine|100\/100|[silent]\n|upkeep\n|turn|15\n|\n|t:|1683007865\n|switch|p2a: Arcanine|Arcanine, L50, F|84\/100\n|-ability|p2a: Arcanine|Intimidate|boost\n|-unboost|p1a: Azumarill|atk|1\n|-unboost|p1b: Arcanine|atk|1\n|switch|p2b: Palafin|Palafin-Hero, L50, M|100\/100\n|move|p1b: Arcanine|Will-O-Wisp|p2a: Arcanine\n|-immune|p2a: Arcanine\n|cant|p1a: Azumarill|slp\n|\n|upkeep\n|turn|16\n|\n|t:|1683007901\n|move|p1b: Arcanine|Protect|p1b: Arcanine\n|-singleturn|p1b: Arcanine|Protect\n|move|p2a: Arcanine|Flare Blitz|p1a: Azumarill\n|-resisted|p1a: Azumarill\n|-damage|p1a: Azumarill|64\/100 slp\n|-damage|p2a: Arcanine|75\/100|[from] Recoil\n|move|p2b: Palafin|Wave Crash|p1b: Arcanine\n|-activate|p1b: Arcanine|move: Protect\n|-curestatus|p1a: Azumarill|slp|[msg]\n|move|p1a: Azumarill|Waterfall|p2a: Arcanine\n|-supereffective|p2a: Arcanine\n|-damage|p2a: Arcanine|35\/100\n|\n|upkeep\n|turn|17\n|\n|t:|1683007922\n|switch|p1b: Abomasnow|Abomasnow, L50, M|79\/100\n|-weather|Snow|[from] ability: Snow Warning|[of] p1b: Abomasnow\n|switch|p2a: Amoonguss|Amoonguss, L50, F, tera:Water|82\/100\n|move|p2b: Palafin|Wave Crash|p1b: Abomasnow\n|-resisted|p1b: Abomasnow\n|-damage|p1b: Abomasnow|53\/100\n|-damage|p2b: Palafin|92\/100|[from] Recoil\n|move|p1a: Azumarill|Play Rough|p2b: Palafin\n|-damage|p2b: Palafin|72\/100\n|-unboost|p2b: Palafin|atk|1\n|\n|-weather|Snow|[upkeep]\n|-heal|p1b: Abomasnow|59\/100|[from] item: Leftovers\n|upkeep\n|turn|18\n|\n|t:|1683007953\n|switch|p2b: Arcanine|Arcanine, L50, F|35\/100\n|-ability|p2b: Arcanine|Intimidate|boost\n|-unboost|p1a: Azumarill|atk|1\n|-unboost|p1b: Abomasnow|atk|1\n|switch|p1a: Arcanine|Arcanine, L50, F|100\/100\n|-ability|p1a: Arcanine|Intimidate|boost\n|-unboost|p2a: Amoonguss|atk|1\n|-unboost|p2b: Arcanine|atk|1\n|move|p1b: Abomasnow|Aurora Veil|p1b: Abomasnow\n|-sidestart|p1: zachleft|move: Aurora Veil\n|move|p2a: Amoonguss|Pollen Puff|p2b: Arcanine\n|-heal|p2b: Arcanine|85\/100\n|\n|-weather|Snow|[upkeep]\n|-heal|p1b: Abomasnow|65\/100|[from] item: Leftovers\n|upkeep\n|turn|19\n|\n|t:|1683007977\n|move|p2b: Arcanine|Protect|p2b: Arcanine\n|-singleturn|p2b: Arcanine|Protect\n|move|p2a: Amoonguss|Protect|p2a: Amoonguss\n|-singleturn|p2a: Amoonguss|Protect\n|move|p1a: Arcanine|Extreme Speed|p2a: Amoonguss\n|-activate|p2a: Amoonguss|move: Protect\n|move|p1b: Abomasnow|Leech Seed|p2a: Amoonguss\n|-activate|p2a: Amoonguss|move: Protect\n|\n|-weather|Snow|[upkeep]\n|-heal|p1b: Abomasnow|71\/100|[from] item: Leftovers\n|upkeep\n|turn|20\n|\n|t:|1683007998\n|switch|p2a: Scizor|Scizor, L50, M|91\/100\n|move|p1a: Arcanine|Extreme Speed|p2b: Arcanine\n|-damage|p2b: Arcanine|59\/100\n|move|p2b: Arcanine|Flare Blitz|p1b: Abomasnow\n|-supereffective|p1b: Abomasnow\n|-damage|p1b: Abomasnow|21\/100\n|-damage|p2b: Arcanine|43\/100|[from] Recoil\n|move|p1b: Abomasnow|Leech Seed|p2a: Scizor\n|-start|p2a: Scizor|move: Leech Seed\n|\n|-weather|Snow|[upkeep]\n|-heal|p1b: Abomasnow|27\/100|[from] item: Leftovers\n|-damage|p2a: Scizor|78\/100|[from] Leech Seed|[of] p1b: Abomasnow\n|-heal|p1b: Abomasnow|38\/100|[silent]\n|upkeep\n|turn|21\n|\n|t:|1683008019\n|switch|p2a: Amoonguss|Amoonguss, L50, F, tera:Water|100\/100\n|move|p2b: Arcanine|Protect|p2b: Arcanine\n|-singleturn|p2b: Arcanine|Protect\n|move|p1a: Arcanine|Extreme Speed|p2b: Arcanine\n|-activate|p2b: Arcanine|move: Protect\n|move|p1b: Abomasnow|Leech Seed|p2a: Amoonguss\n|-start|p2a: Amoonguss|move: Leech Seed\n|\n|-weather|none\n|-heal|p1b: Abomasnow|44\/100|[from] item: Leftovers\n|-damage|p2a: Amoonguss|88\/100|[from] Leech Seed|[of] p1b: Abomasnow\n|-heal|p1b: Abomasnow|57\/100|[silent]\n|upkeep\n|turn|22\n|\n|t:|1683008036\n|move|p1b: Abomasnow|Protect|p1b: Abomasnow\n|-singleturn|p1b: Abomasnow|Protect\n|move|p1a: Arcanine|Extreme Speed|p2b: Arcanine\n|-damage|p2b: Arcanine|15\/100\n|move|p2b: Arcanine|Flare Blitz|p1b: Abomasnow\n|-activate|p1b: Abomasnow|move: Protect\n|move|p2a: Amoonguss|Pollen Puff|p1b: Abomasnow\n|-activate|p1b: Abomasnow|move: Protect\n|\n|-heal|p1b: Abomasnow|63\/100|[from] item: Leftovers\n|-damage|p2a: Amoonguss|76\/100|[from] Leech Seed|[of] p1b: Abomasnow\n|-heal|p1b: Abomasnow|77\/100|[silent]\n|-sideend|p1: zachleft|move: Aurora Veil\n|upkeep\n|turn|23\n|\n|t:|1683008058\n|switch|p2b: Palafin|Palafin-Hero, L50, M|72\/100\n|switch|p1b: Azumarill|Azumarill, L50, M|64\/100\n|move|p1a: Arcanine|Flare Blitz|p2b: Palafin\n|-resisted|p2b: Palafin\n|-damage|p2b: Palafin|47\/100\n|-damage|p1a: Arcanine|92\/100|[from] Recoil\n|move|p2a: Amoonguss|Pollen Puff|p2b: Palafin\n|-heal|p2b: Palafin|97\/100\n|\n|-damage|p2a: Amoonguss|64\/100|[from] Leech Seed|[of] p1b: Azumarill\n|-heal|p1b: Azumarill|77\/100|[silent]\n|upkeep\n|turn|24\n|\n|t:|1683008078\n|switch|p1a: Abomasnow|Abomasnow, L50, M|77\/100\n|-weather|Snow|[from] ability: Snow Warning|[of] p1a: Abomasnow\n|move|p2b: Palafin|Wave Crash|p1b: Azumarill\n|-resisted|p1b: Azumarill\n|-damage|p1b: Azumarill|30\/100\n|-enditem|p1b: Azumarill|Sitrus Berry|[eat]\n|-heal|p1b: Azumarill|55\/100|[from] item: Sitrus Berry\n|-damage|p2b: Palafin|82\/100|[from] Recoil\n|move|p1b: Azumarill|Play Rough|p2a: Amoonguss\n|-damage|p2a: Amoonguss|19\/100\n|move|p2a: Amoonguss|Spore|p1b: Azumarill\n|-status|p1b: Azumarill|slp|[from] move: Spore\n|\n|-weather|Snow|[upkeep]\n|-heal|p1a: Abomasnow|83\/100|[from] item: Leftovers\n|-damage|p2a: Amoonguss|6\/100|[from] Leech Seed|[of] p1b: Azumarill\n|-heal|p1b: Azumarill|68\/100 slp|[silent]\n|upkeep\n|turn|25\n|\n|t:|1683008107\n|switch|p2a: Scizor|Scizor, L50, M|78\/100\n|move|p2b: Palafin|Wave Crash|p1b: Azumarill\n|-resisted|p1b: Azumarill\n|-damage|p1b: Azumarill|25\/100 slp\n|-damage|p2b: Palafin|68\/100|[from] Recoil\n|move|p1a: Abomasnow|Leech Seed|p2a: Scizor\n|-start|p2a: Scizor|move: Leech Seed\n|cant|p1b: Azumarill|slp\n|\n|-weather|Snow|[upkeep]\n|-heal|p1a: Abomasnow|89\/100|[from] item: Leftovers\n|-damage|p2a: Scizor|66\/100|[from] Leech Seed|[of] p1a: Abomasnow\n|-heal|p1a: Abomasnow|99\/100|[silent]\n|upkeep\n|turn|26\n|\n|t:|1683008125\n|move|p2b: Palafin|Wave Crash|p1b: Azumarill\n|-resisted|p1b: Azumarill\n|-damage|p1b: Azumarill|0 fnt\n|faint|p1b: Azumarill\n|-damage|p2b: Palafin|59\/100|[from] Recoil\n|move|p2a: Scizor|Close Combat|p1a: Abomasnow\n|-supereffective|p1a: Abomasnow\n|-damage|p1a: Abomasnow|38\/100\n|-unboost|p2a: Scizor|def|1\n|-unboost|p2a: Scizor|spd|1\n|-damage|p2a: Scizor|56\/100|[from] item: Life Orb\n|move|p1a: Abomasnow|Aurora Veil|p1a: Abomasnow\n|-sidestart|p1: zachleft|move: Aurora Veil\n|\n|-weather|Snow|[upkeep]\n|-heal|p1a: Abomasnow|44\/100|[from] item: Leftovers\n|-damage|p2a: Scizor|44\/100|[from] Leech Seed|[of] p1a: Abomasnow\n|-heal|p1a: Abomasnow|55\/100|[silent]\n|upkeep\n|\n|t:|1683008139\n|switch|p1b: Arcanine|Arcanine, L50, F|92\/100\n|-ability|p1b: Arcanine|Intimidate|boost\n|-unboost|p2a: Scizor|atk|1\n|-unboost|p2b: Palafin|atk|1\n|turn|27\n|\n|t:|1683008167\n|-terastallize|p1b: Arcanine|Water\n|move|p1b: Arcanine|Extreme Speed|p2a: Scizor\n|-resisted|p2a: Scizor\n|-damage|p2a: Scizor|27\/100\n|move|p2b: Palafin|Wave Crash|p1b: Arcanine\n|-resisted|p1b: Arcanine\n|-damage|p1b: Arcanine|70\/100\n|-damage|p2b: Palafin|52\/100|[from] Recoil\n|move|p2a: Scizor|U-turn|p1b: Arcanine\n|-damage|p1b: Arcanine|46\/100\n|-damage|p2a: Scizor|17\/100|[from] item: Life Orb\n|\n|t:|1683008174\n|switch|p2a: Arcanine|Arcanine, L50, F|15\/100|[from] U-turn\n|-ability|p2a: Arcanine|Intimidate|boost\n|-unboost|p1a: Abomasnow|atk|1\n|-unboost|p1b: Arcanine|atk|1\n|move|p1a: Abomasnow|Leech Seed|p2b: Palafin\n|-start|p2b: Palafin|move: Leech Seed\n|\n|-weather|Snow|[upkeep]\n|-heal|p1a: Abomasnow|61\/100|[from] item: Leftovers\n|-damage|p2b: Palafin|40\/100|[from] Leech Seed|[of] p1a: Abomasnow\n|-heal|p1a: Abomasnow|74\/100|[silent]\n|upkeep\n|turn|28\n|\n|t:|1683008196\n|switch|p2b: Amoonguss|Amoonguss, L50, F, tera:Water|39\/100\n|move|p2a: Arcanine|Protect|p2a: Arcanine\n|-singleturn|p2a: Arcanine|Protect\n|move|p1a: Abomasnow|Protect|p1a: Abomasnow\n|-singleturn|p1a: Abomasnow|Protect\n|move|p1b: Arcanine|Extreme Speed|p2a: Arcanine\n|-activate|p2a: Arcanine|move: Protect\n|\n|-weather|none\n|-heal|p1a: Abomasnow|80\/100|[from] item: Leftovers\n|upkeep\n|turn|29\n|\n|t:|1683008211\n|switch|p2a: Palafin|Palafin-Hero, L50, M|40\/100\n|move|p1b: Arcanine|Extreme Speed|p2a: Palafin\n|-damage|p2a: Palafin|27\/100\n|move|p1a: Abomasnow|Leech Seed|p2b: Amoonguss|[miss]\n|-miss|p1a: Abomasnow|p2b: Amoonguss\n|move|p2b: Amoonguss|Pollen Puff|p2a: Palafin\n|-heal|p2a: Palafin|77\/100\n|\n|-heal|p1a: Abomasnow|86\/100|[from] item: Leftovers\n|upkeep\n|turn|30\n|\n|t:|1683008232\n|switch|p2b: Arcanine|Arcanine, L50, F|15\/100\n|-ability|p2b: Arcanine|Intimidate|boost\n|-unboost|p1a: Abomasnow|atk|1\n|-unboost|p1b: Arcanine|atk|1\n|move|p1b: Arcanine|Protect|p1b: Arcanine\n|-singleturn|p1b: Arcanine|Protect\n|move|p2a: Palafin|Protect|p2a: Palafin\n|-singleturn|p2a: Palafin|Protect\n|move|p1a: Abomasnow|Leech Seed|p2a: Palafin\n|-activate|p2a: Palafin|move: Protect\n|\n|-heal|p1a: Abomasnow|92\/100|[from] item: Leftovers\n|-sideend|p1: zachleft|move: Aurora Veil\n|upkeep\n|turn|31\n|\n|t:|1683008255\n|switch|p2b: Amoonguss|Amoonguss, L50, F, tera:Water|72\/100\n|move|p1a: Abomasnow|Protect|p1a: Abomasnow\n|-singleturn|p1a: Abomasnow|Protect\n|move|p1b: Arcanine|Flare Blitz|p2b: Amoonguss\n|-resisted|p2b: Amoonguss\n|-damage|p2b: Amoonguss|62\/100\n|-damage|p1b: Arcanine|42\/100|[from] Recoil\n|move|p2a: Palafin|Wave Crash|p1b: Arcanine\n|-resisted|p1b: Arcanine\n|-damage|p1b: Arcanine|0 fnt\n|faint|p1b: Arcanine\n|-damage|p2a: Palafin|64\/100|[from] Recoil\n|\n|-heal|p1a: Abomasnow|98\/100|[from] item: Leftovers\n|upkeep\n|turn|32\n|-message|zachleft forfeited.\n|\n|win|IceNsno\n|raw|zachleft's rating: 1180 → 1161<\/strong> (-19 for losing)\n|raw|IceNsno's rating: 1268 → 1287<\/strong> (+19 for winning)\n|l|\u2606zachleft\n","uploadtime":1683007805,"views":16,"p1id":"zachleft","p2id":"icensno","formatid":"gen9vgc2023regulationc","rating":1161,"private":0,"password":""}