{"id":"gen9vgc2023regulationc-1855055833","p1":"Vengeful potato","p2":"ChurchSpider","format":"[Gen 9] VGC 2023 Regulation C","log":"|j|\u2606Vengeful potato\n|j|\u2606ChurchSpider\n|t:|1682895924\n|gametype|doubles\n|player|p1|Vengeful potato|swimmer-gen4|1221\n|player|p2|ChurchSpider|scientist-gen4dp|1142\n|teamsize|p1|6\n|teamsize|p2|6\n|gen|9\n|tier|[Gen 9] VGC 2023 Regulation C\n|rated|\n|rule|Species Clause: Limit one of each Pok\u00e9mon\n|rule|Item Clause: Limit one of each item\n|clearpoke\n|poke|p1|Dudunsparce-*, L50, M|\n|poke|p1|Hariyama, L50, M|\n|poke|p1|Gholdengo, L50|\n|poke|p1|Salamence, L50, F|\n|poke|p1|Amoonguss, L50, M|\n|poke|p1|Drednaw, L50, M|\n|poke|p2|Bronzong, L50|\n|poke|p2|Ting-Lu, L50|\n|poke|p2|Copperajah, L50, F|\n|poke|p2|Amoonguss, L50, M|\n|poke|p2|Palafin, L50, M|\n|poke|p2|Dugtrio, L50, F|\n|teampreview|4\nChurchSpider has agreed to open team sheets.\nVengeful potato has agreed to open team sheets.\n|\n|t:|1682895987\n|start\n|switch|p1a: THICC|Hariyama, L50, M, shiny|100\/100\n|switch|p1b: Croissant|Salamence, L50, F|100\/100\n|switch|p2a: Bronzong|Bronzong, L50|100\/100\n|switch|p2b: Amoonguss|Amoonguss, L50, M|100\/100\n|-ability|p1b: Croissant|Intimidate|boost\n|-unboost|p2a: Bronzong|atk|1\n|-unboost|p2b: Amoonguss|atk|1\n|turn|1\n|\n|t:|1682896013\n|move|p1a: THICC|Fake Out|p2a: Bronzong\n|-resisted|p2a: Bronzong\n|-damage|p2a: Bronzong|95\/100\n|move|p2b: Amoonguss|Rage Powder|p2b: Amoonguss\n|-singleturn|p2b: Amoonguss|move: Rage Powder\n|move|p1b: Croissant|Air Slash|p2b: Amoonguss\n|-supereffective|p2b: Amoonguss\n|-damage|p2b: Amoonguss|33\/100\n|cant|p2a: Bronzong|flinch\n|\n|-heal|p2b: Amoonguss|39\/100|[from] item: Leftovers\n|upkeep\n|turn|2\n|\n|t:|1682896027\n|switch|p2b: Copperajah|Copperajah, L50, F|100\/100\n|move|p1b: Croissant|Heat Wave|p2b: Copperajah|[spread] p2a,p2b\n|-supereffective|p2a: Bronzong\n|-supereffective|p2b: Copperajah\n|-damage|p2a: Bronzong|63\/100\n|-damage|p2b: Copperajah|60\/100\n|-status|p2a: Bronzong|brn\n|move|p1a: THICC|Drain Punch|p2a: Bronzong\n|-damage|p2a: Bronzong|32\/100 brn\n|move|p2a: Bronzong|Trick Room|p2a: Bronzong\n|-fieldstart|move: Trick Room|[of] p2a: Bronzong\n|\n|-damage|p2a: Bronzong|26\/100 brn|[from] brn\n|upkeep\n|turn|3\n|\n|t:|1682896063\n|switch|p2a: Amoonguss|Amoonguss, L50, M|72\/100\n|switch|p1a: Guss|Amoonguss, L50, M, shiny|100\/100\n|-terastallize|p2b: Copperajah|Flying\n|-terastallize|p1b: Croissant|Fire\n|move|p2b: Copperajah|Rock Slide|p1b: Croissant|[spread] p1b\n|-miss|p2b: Copperajah|p1a: Guss\n|-supereffective|p1b: Croissant\n|-damage|p1b: Croissant|20\/100\n|move|p1b: Croissant|Heat Wave|p2a: Amoonguss|[spread] p2a,p2b\n|-supereffective|p2a: Amoonguss\n|-damage|p2a: Amoonguss|4\/100\n|-damage|p2b: Copperajah|30\/100\n|\n|-heal|p2a: Amoonguss|10\/100|[from] item: Leftovers\n|upkeep\n|turn|4\n|\n|t:|1682896090\n|switch|p1b: Big Stonks|Gholdengo, L50|100\/100\n|move|p2b: Copperajah|Iron Head|p1a: Guss\n|-damage|p1a: Guss|33\/100\n|-damage|p2b: Copperajah|13\/100|[from] item: Rocky Helmet|[of] p1a: Guss\n|move|p1a: Guss|Spore|p2b: Copperajah\n|-status|p2b: Copperajah|slp|[from] move: Spore\n|move|p2a: Amoonguss|Spore|p1b: Big Stonks\n|-immune|p1b: Big Stonks|[from] ability: Good as Gold\n|\n|-heal|p2a: Amoonguss|15\/100|[from] item: Leftovers\n|upkeep\n|turn|5\n|-message|ChurchSpider forfeited.\n|\n|win|Vengeful potato\n|raw|Vengeful potato's rating: 1221 → 1240<\/strong> (+19 for winning)\n|raw|ChurchSpider's rating: 1142 → 1123<\/strong> (-19 for losing)\n|l|\u2606ChurchSpider\n","uploadtime":1682896118,"views":4,"p1id":"vengefulpotato","p2id":"churchspider","formatid":"gen9vgc2023regulationc","rating":1123,"private":0,"password":""}