{"id":"gen9vgc2023regulationc-1852248697","p1":"Ch0colate rain","p2":"Sintassy","format":"[Gen 9] VGC 2023 Regulation C","log":"|j|\u2606Ch0colate rain\n|j|\u2606Sintassy\n|t:|1682536582\n|gametype|doubles\n|player|p1|Ch0colate rain|fisherman-gen4|1118\n|player|p2|Sintassy|170|1171\n|teamsize|p1|6\n|teamsize|p2|6\n|gen|9\n|tier|[Gen 9] VGC 2023 Regulation C\n|rated|\n|rule|Species Clause: Limit one of each Pok\u00e9mon\n|rule|Item Clause: Limit one of each item\n|clearpoke\n|poke|p1|Pelipper, L50, F|\n|poke|p1|Drednaw, L50, M|\n|poke|p1|Toxicroak, L50, F|\n|poke|p1|Magneton, L50|\n|poke|p1|Clodsire, L50, M|\n|poke|p1|Clawitzer, L50, M|\n|poke|p2|Gholdengo, L50|\n|poke|p2|Wo-Chien, L50|\n|poke|p2|Iron Bundle, L50|\n|poke|p2|Dragapult, L50, M|\n|poke|p2|Hippowdon, L50, M|\n|poke|p2|Glimmora, L50, M|\n|teampreview|4\n|inactive|Battle timer is ON: inactive players will automatically lose when time's up. (requested by Sintassy)\n|\n|t:|1682536605\n|start\n|switch|p1a: Drednaw|Drednaw, L50, M|100\/100\n|switch|p1b: Toxicroak|Toxicroak, L50, F|100\/100\n|switch|p2a: Hippowdon|Hippowdon, L50, M|100\/100\n|switch|p2b: Wo-Chien|Wo-Chien, L50|100\/100\n|-ability|p2b: Wo-Chien|Tablets of Ruin\n|-weather|Sandstorm|[from] ability: Sand Stream|[of] p2a: Hippowdon\n|turn|1\n|\n|t:|1682536624\n|switch|p1b: Pelipper|Pelipper, L50, F|100\/100\n|-weather|RainDance|[from] ability: Drizzle|[of] p1b: Pelipper\n|switch|p2a: Glimmora|Glimmora, L50, M|100\/100\n|-terastallize|p2b: Wo-Chien|Poison\n|move|p1a: Drednaw|Liquidation|p2a: Glimmora\n|-supereffective|p2a: Glimmora\n|-damage|p2a: Glimmora|0 fnt\n|-activate|p2a: Glimmora|ability: Toxic Debris\n|-sidestart|p1: Ch0colate rain|move: Toxic Spikes\n|faint|p2a: Glimmora\n|move|p2b: Wo-Chien|Leech Seed|p1b: Pelipper\n|-start|p1b: Pelipper|move: Leech Seed\n|\n|-weather|RainDance|[upkeep]\n|-damage|p1b: Pelipper|89\/100|[from] Leech Seed|[of] p2b: Wo-Chien\n|upkeep\n|\n|t:|1682536640\n|switch|p2a: Hippowdon|Hippowdon, L50, M|100\/100\n|-weather|Sandstorm|[from] ability: Sand Stream|[of] p2a: Hippowdon\n|turn|2\n|\n|t:|1682536650\n|switch|p1b: Toxicroak|Toxicroak, L50, F|100\/100\n|-sideend|p1: Ch0colate rain|move: Toxic Spikes|[of] p1b: Toxicroak\n|move|p1a: Drednaw|Liquidation|p2a: Hippowdon\n|-supereffective|p2a: Hippowdon\n|-damage|p2a: Hippowdon|36\/100\n|move|p2b: Wo-Chien|Leech Seed|p1a: Drednaw\n|-start|p1a: Drednaw|move: Leech Seed\n|move|p2a: Hippowdon|Sand Tomb|p1a: Drednaw\n|-supereffective|p1a: Drednaw\n|-damage|p1a: Drednaw|79\/100\n|-activate|p1a: Drednaw|move: Sand Tomb|[of] p2a: Hippowdon\n|\n|-weather|Sandstorm|[upkeep]\n|-damage|p1b: Toxicroak|95\/100|[from] Sandstorm\n|-damage|p2b: Wo-Chien|94\/100|[from] Sandstorm\n|-heal|p2b: Wo-Chien|100\/100|[from] item: Leftovers\n|-damage|p1a: Drednaw|67\/100|[from] Leech Seed|[of] p2b: Wo-Chien\n|-damage|p1a: Drednaw|54\/100|[from] move: Sand Tomb|[partiallytrapped]\n|upkeep\n|turn|3\n|\n|t:|1682536673\n|switch|p1b: Pelipper|Pelipper, L50, F|89\/100\n|-weather|RainDance|[from] ability: Drizzle|[of] p1b: Pelipper\n|switch|p2a: Iron Bundle|Iron Bundle, L50|100\/100\n|-enditem|p2a: Iron Bundle|Booster Energy\n|-activate|p2a: Iron Bundle|ability: Quark Drive|[fromitem]\n|-start|p2a: Iron Bundle|quarkdrivespe\n|move|p1a: Drednaw|Liquidation|p2a: Iron Bundle\n|-resisted|p2a: Iron Bundle\n|-damage|p2a: Iron Bundle|61\/100\n|move|p2b: Wo-Chien|Leech Seed|p1b: Pelipper\n|-start|p1b: Pelipper|move: Leech Seed\n|\n|-weather|RainDance|[upkeep]\n|-damage|p1a: Drednaw|42\/100|[from] Leech Seed|[of] p2b: Wo-Chien\n|-damage|p1b: Pelipper|77\/100|[from] Leech Seed|[of] p2b: Wo-Chien\n|-end|p1a: Drednaw|Sand Tomb|[partiallytrapped]|[silent]\n|upkeep\n|turn|4\n|inactive|Ch0colate rain has 30 seconds left.\n|\n|t:|1682536703\n|switch|p1a: Clodsire|Clodsire, L50, M|100\/100\n|switch|p1b: Toxicroak|Toxicroak, L50, F|95\/100\n|move|p2a: Iron Bundle|Freeze-Dry|p1b: Toxicroak\n|-damage|p1b: Toxicroak|44\/100\n|move|p2b: Wo-Chien|Pollen Puff|p2a: Iron Bundle\n|-heal|p2a: Iron Bundle|100\/100\n|\n|-weather|RainDance|[upkeep]\n|-heal|p1b: Toxicroak|56\/100|[from] ability: Dry Skin\n|upkeep\n|turn|5\n|inactive|Sintassy has 30 seconds left.\n|\n|t:|1682536732\n|move|p2a: Iron Bundle|Protect|p2a: Iron Bundle\n|-singleturn|p2a: Iron Bundle|Protect\n|move|p1b: Toxicroak|Focus Blast|p2a: Iron Bundle\n|-activate|p2a: Iron Bundle|move: Protect\n|move|p2b: Wo-Chien|Foul Play|p1b: Toxicroak\n|-resisted|p1b: Toxicroak\n|-damage|p1b: Toxicroak|34\/100\n|move|p1a: Clodsire|Stomping Tantrum|p2b: Wo-Chien\n|-supereffective|p2b: Wo-Chien\n|-damage|p2b: Wo-Chien|75\/100\n|\n|-weather|RainDance|[upkeep]\n|-heal|p1b: Toxicroak|46\/100|[from] ability: Dry Skin\n|-heal|p2b: Wo-Chien|82\/100|[from] item: Leftovers\n|upkeep\n|turn|6\n|\n|t:|1682536753\n|move|p1b: Toxicroak|Vacuum Wave|p2a: Iron Bundle\n|-supereffective|p2a: Iron Bundle\n|-damage|p2a: Iron Bundle|31\/100\n|-damage|p1b: Toxicroak|37\/100|[from] item: Life Orb\n|move|p2a: Iron Bundle|Freeze-Dry|p1b: Toxicroak\n|-damage|p1b: Toxicroak|0 fnt\n|faint|p1b: Toxicroak\n|move|p2b: Wo-Chien|Leech Seed|p1a: Clodsire|[miss]\n|-miss|p2b: Wo-Chien|p1a: Clodsire\n|move|p1a: Clodsire|Poison Jab|p2a: Iron Bundle\n|-crit|p2a: Iron Bundle\n|-damage|p2a: Iron Bundle|6\/100\n|\n|-weather|RainDance|[upkeep]\n|-heal|p2b: Wo-Chien|88\/100|[from] item: Leftovers\n|upkeep\n|\n|t:|1682536767\n|switch|p1b: Drednaw|Drednaw, L50, M|42\/100\n|turn|7\n|\n|t:|1682536780\n|switch|p1a: Pelipper|Pelipper, L50, F|77\/100\n|move|p2a: Iron Bundle|Protect|p2a: Iron Bundle\n|-singleturn|p2a: Iron Bundle|Protect\n|move|p1b: Drednaw|Earthquake|p2b: Wo-Chien|[spread] p2b\n|-activate|p2a: Iron Bundle|move: Protect\n|-immune|p1a: Pelipper\n|-supereffective|p2b: Wo-Chien\n|-crit|p2b: Wo-Chien\n|-damage|p2b: Wo-Chien|15\/100\n|move|p2b: Wo-Chien|Leech Seed|p1a: Pelipper\n|-start|p1a: Pelipper|move: Leech Seed\n|\n|-weather|RainDance|[upkeep]\n|-heal|p2b: Wo-Chien|21\/100|[from] item: Leftovers\n|-damage|p1a: Pelipper|65\/100|[from] Leech Seed|[of] p2b: Wo-Chien\n|-heal|p2b: Wo-Chien|32\/100|[silent]\n|upkeep\n|turn|8\n|inactive|Sintassy has 30 seconds left.\n|\n|t:|1682536806\n|-end|p2a: Iron Bundle|Quark Drive|[silent]\n|switch|p2a: Hippowdon|Hippowdon, L50, M|36\/100\n|-weather|Sandstorm|[from] ability: Sand Stream|[of] p2a: Hippowdon\n|move|p2b: Wo-Chien|Protect|p2b: Wo-Chien\n|-singleturn|p2b: Wo-Chien|Protect\n|move|p1b: Drednaw|Earthquake|p2b: Wo-Chien|[spread] p2a\n|-activate|p2b: Wo-Chien|move: Protect\n|-immune|p1a: Pelipper\n|-damage|p2a: Hippowdon|18\/100\n|-enditem|p2a: Hippowdon|Mago Berry|[eat]\n|-heal|p2a: Hippowdon|51\/100|[from] item: Mago Berry\n|move|p1a: Pelipper|Hurricane|p2b: Wo-Chien\n|-activate|p2b: Wo-Chien|move: Protect\n|\n|-weather|Sandstorm|[upkeep]\n|-damage|p2b: Wo-Chien|25\/100|[from] Sandstorm\n|-damage|p1a: Pelipper|59\/100|[from] Sandstorm\n|-heal|p2b: Wo-Chien|32\/100|[from] item: Leftovers\n|-damage|p1a: Pelipper|47\/100|[from] Leech Seed|[of] p2b: Wo-Chien\n|-heal|p2b: Wo-Chien|42\/100|[silent]\n|upkeep\n|turn|9\n|\n|t:|1682536835\n|switch|p1b: Clodsire|Clodsire, L50, M|100\/100\n|switch|p2a: Iron Bundle|Iron Bundle, L50|6\/100\n|move|p2b: Wo-Chien|Pollen Puff|p2a: Iron Bundle\n|-heal|p2a: Iron Bundle|56\/100\n|move|p1a: Pelipper|Hurricane|p2a: Iron Bundle\n|-damage|p2a: Iron Bundle|0 fnt\n|faint|p2a: Iron Bundle\n|-end|p2a: Iron Bundle|Quark Drive|[silent]\n|\n|-weather|Sandstorm|[upkeep]\n|-damage|p2b: Wo-Chien|36\/100|[from] Sandstorm\n|-damage|p1a: Pelipper|41\/100|[from] Sandstorm\n|-heal|p2b: Wo-Chien|42\/100|[from] item: Leftovers\n|-damage|p1a: Pelipper|29\/100|[from] Leech Seed|[of] p2b: Wo-Chien\n|-heal|p2b: Wo-Chien|53\/100|[silent]\n|upkeep\n|\n|t:|1682536851\n|switch|p2a: Hippowdon|Hippowdon, L50, M|51\/100\n|turn|10\n|\n|t:|1682536866\n|move|p1a: Pelipper|Protect|p1a: Pelipper\n|-singleturn|p1a: Pelipper|Protect\n|move|p2b: Wo-Chien|Leech Seed|p1b: Clodsire\n|-start|p1b: Clodsire|move: Leech Seed\n|move|p2a: Hippowdon|Sand Tomb|p1b: Clodsire\n|-supereffective|p1b: Clodsire\n|-damage|p1b: Clodsire|85\/100\n|-activate|p1b: Clodsire|move: Sand Tomb|[of] p2a: Hippowdon\n|move|p1b: Clodsire|Yawn|p2b: Wo-Chien\n|-start|p2b: Wo-Chien|move: Yawn|[of] p1b: Clodsire\n|\n|-weather|Sandstorm|[upkeep]\n|-damage|p2b: Wo-Chien|46\/100|[from] Sandstorm\n|-damage|p1a: Pelipper|23\/100|[from] Sandstorm\n|-heal|p2b: Wo-Chien|53\/100|[from] item: Leftovers\n|-heal|p1b: Clodsire|91\/100|[from] item: Black Sludge\n|-damage|p1a: Pelipper|11\/100|[from] Leech Seed|[of] p2b: Wo-Chien\n|-heal|p2b: Wo-Chien|63\/100|[silent]\n|-damage|p1b: Clodsire|79\/100|[from] Leech Seed|[of] p2b: Wo-Chien\n|-heal|p2b: Wo-Chien|78\/100|[silent]\n|-damage|p1b: Clodsire|67\/100|[from] move: Sand Tomb|[partiallytrapped]\n|upkeep\n|turn|11\n|inactive|Sintassy has 30 seconds left.\n|inactive|Ch0colate rain has 30 seconds left.\n|\n|t:|1682536903\n|switch|p1a: Drednaw|Drednaw, L50, M|42\/100\n|move|p2a: Hippowdon|Protect|p2a: Hippowdon\n|-singleturn|p2a: Hippowdon|Protect\n|move|p2b: Wo-Chien|Pollen Puff|p1a: Drednaw\n|-damage|p1a: Drednaw|23\/100\n|move|p1b: Clodsire|Poison Jab|p2a: Hippowdon\n|-activate|p2a: Hippowdon|move: Protect\n|\n|-weather|Sandstorm|[upkeep]\n|-damage|p2b: Wo-Chien|72\/100|[from] Sandstorm\n|-heal|p2b: Wo-Chien|78\/100|[from] item: Leftovers\n|-heal|p1b: Clodsire|73\/100|[from] item: Black Sludge\n|-damage|p1b: Clodsire|60\/100|[from] Leech Seed|[of] p2b: Wo-Chien\n|-heal|p2b: Wo-Chien|93\/100|[silent]\n|-damage|p1b: Clodsire|48\/100|[from] move: Sand Tomb|[partiallytrapped]\n|-end|p2b: Wo-Chien|move: Yawn|[silent]\n|-status|p2b: Wo-Chien|slp\n|upkeep\n|turn|12\n|inactive|Ch0colate rain has 30 seconds left.\n|\n|t:|1682536928\n|cant|p2b: Wo-Chien|slp\n|move|p1a: Drednaw|Earthquake|p2b: Wo-Chien|[spread] p1b,p2a,p2b\n|-supereffective|p1b: Clodsire\n|-supereffective|p2b: Wo-Chien\n|-damage|p1b: Clodsire|3\/100\n|-damage|p2a: Hippowdon|32\/100\n|-damage|p2b: Wo-Chien|48\/100 slp\n|move|p2a: Hippowdon|Yawn|p1a: Drednaw\n|-start|p1a: Drednaw|move: Yawn|[of] p2a: Hippowdon\n|move|p1b: Clodsire|Poison Jab|p2a: Hippowdon\n|-resisted|p2a: Hippowdon\n|-damage|p2a: Hippowdon|26\/100\n|-status|p2a: Hippowdon|psn\n|\n|-weather|none\n|-heal|p2b: Wo-Chien|55\/100 slp|[from] item: Leftovers\n|-heal|p1b: Clodsire|9\/100|[from] item: Black Sludge\n|-damage|p1b: Clodsire|0 fnt|[from] Leech Seed|[of] p2b: Wo-Chien\n|-heal|p2b: Wo-Chien|65\/100 slp|[silent]\n|faint|p1b: Clodsire\n|-damage|p2a: Hippowdon|14\/100 psn|[from] psn\n|upkeep\n|\n|t:|1682536932\n|switch|p1b: Pelipper|Pelipper, L50, F|11\/100\n|-weather|RainDance|[from] ability: Drizzle|[of] p1b: Pelipper\n|turn|13\n|inactive|Sintassy has 30 seconds left.\n|\n|t:|1682536958\n|move|p1b: Pelipper|Helping Hand|p1a: Drednaw\n|-singleturn|p1a: Drednaw|Helping Hand|[of] p1b: Pelipper\n|-curestatus|p2b: Wo-Chien|slp|[msg]\n|move|p2b: Wo-Chien|Protect|p2b: Wo-Chien\n|-singleturn|p2b: Wo-Chien|Protect\n|move|p2a: Hippowdon|Protect|p2a: Hippowdon\n|-singleturn|p2a: Hippowdon|Protect\n|move|p1a: Drednaw|Earthquake|p2b: Wo-Chien|[spread] \n|-activate|p2a: Hippowdon|move: Protect\n|-activate|p2b: Wo-Chien|move: Protect\n|-immune|p1b: Pelipper\n|\n|-weather|RainDance|[upkeep]\n|-heal|p2b: Wo-Chien|71\/100|[from] item: Leftovers\n|-damage|p2a: Hippowdon|2\/100 psn|[from] psn\n|-end|p1a: Drednaw|move: Yawn|[silent]\n|-status|p1a: Drednaw|slp\n|upkeep\n|turn|14\n|\n|t:|1682536980\n|cant|p1a: Drednaw|slp\n|move|p2b: Wo-Chien|Pollen Puff|p1b: Pelipper\n|-resisted|p1b: Pelipper\n|-damage|p1b: Pelipper|0 fnt\n|faint|p1b: Pelipper\n|move|p2a: Hippowdon|Sand Tomb|p1a: Drednaw\n|-supereffective|p1a: Drednaw\n|-damage|p1a: Drednaw|0 fnt\n|faint|p1a: Drednaw\n|\n|win|Sintassy\n|raw|Ch0colate rain's rating: 1118 → 1097<\/strong> (-21 for losing)\n|raw|Sintassy's rating: 1171 → 1192<\/strong> (+21 for winning)\n|l|\u2606Ch0colate rain\n","uploadtime":1682537055,"views":7,"p1id":"ch0colaterain","p2id":"sintassy","formatid":"gen9vgc2023regulationc","rating":1097,"private":0,"password":""}