{"id":"gen9vgc2023regulationc-1853356854","p1":"Miguel Enmanuel","p2":"AnimeRedneck","format":"[Gen 9] VGC 2023 Regulation C","log":"|j|\u2606Miguel Enmanuel\n|j|\u2606AnimeRedneck\n|t:|1682673648\n|gametype|doubles\n|player|p1|Miguel Enmanuel|volkner|1092\n|player|p2|AnimeRedneck|pryce|1004\n|teamsize|p1|6\n|teamsize|p2|6\n|gen|9\n|tier|[Gen 9] VGC 2023 Regulation C\n|rated|\n|rule|Species Clause: Limit one of each Pok\u00e9mon\n|rule|Item Clause: Limit one of each item\n|clearpoke\n|poke|p1|Dragapult, L50, F|\n|poke|p1|Chien-Pao, L50|\n|poke|p1|Azumarill, L50, M|\n|poke|p1|Indeedee-F, L50, F|\n|poke|p1|Corviknight, L50, F|\n|poke|p1|Flutter Mane, L50|\n|poke|p2|Blissey, L50, F|\n|poke|p2|Corviknight, L50, F|\n|poke|p2|Dondozo, L50, M|\n|poke|p2|Zoroark, L50, F|\n|poke|p2|Tatsugiri-Stretchy, L50, F|\n|poke|p2|Chi-Yu, L50|\n|teampreview|4\n|inactive|Battle timer is ON: inactive players will automatically lose when time's up. (requested by Miguel Enmanuel)\n|\n|t:|1682673674\n|start\n|switch|p1a: Azumarill|Azumarill, L50, M|100\/100\n|switch|p1b: Chien-Pao|Chien-Pao, L50|100\/100\n|switch|p2a: Cheerwine|Blissey, L50, F, shiny|100\/100\n|switch|p2b: Barq\u2019s|Dondozo, L50, M|100\/100\n|-ability|p1b: Chien-Pao|Sword of Ruin\n|turn|1\n|\n|t:|1682673692\n|-terastallize|p1b: Chien-Pao|Dark\n|-terastallize|p2a: Cheerwine|Fairy\n|move|p1b: Chien-Pao|Sucker Punch|p2b: Barq\u2019s\n|-damage|p2b: Barq\u2019s|60\/100\n|move|p2a: Cheerwine|Skill Swap|p2b: Barq\u2019s\n|-activate|p2a: Cheerwine|move: Skill Swap|||[of] p2b: Barq\u2019s\n|move|p1a: Azumarill|Play Rough|p2b: Barq\u2019s|[miss]\n|-miss|p1a: Azumarill|p2b: Barq\u2019s\n|move|p2b: Barq\u2019s|Rock Slide|p1b: Chien-Pao|[spread] p1a\n|-miss|p2b: Barq\u2019s|p1b: Chien-Pao\n|-damage|p1a: Azumarill|80\/100\n|\n|-heal|p2b: Barq\u2019s|66\/100|[from] item: Leftovers\n|upkeep\n|turn|2\n|\n|t:|1682673716\n|switch|p2a: Sprite|Tatsugiri-Stretchy, L50, F|100\/100\n|-activate|p2a: Sprite|ability: Commander|[of] p2b: Barq\u2019s\n|-boost|p2b: Barq\u2019s|atk|2\n|-boost|p2b: Barq\u2019s|spa|2\n|-boost|p2b: Barq\u2019s|spe|2\n|-boost|p2b: Barq\u2019s|def|2\n|-boost|p2b: Barq\u2019s|spd|2\n|move|p2b: Barq\u2019s|Protect|p2b: Barq\u2019s\n|-singleturn|p2b: Barq\u2019s|Protect\n|move|p1b: Chien-Pao|Sucker Punch||[still]\n|-fail|p1b: Chien-Pao\n|move|p1a: Azumarill|Play Rough|p2b: Barq\u2019s\n|-activate|p2b: Barq\u2019s|move: Protect\n|\n|-heal|p2b: Barq\u2019s|72\/100|[from] item: Leftovers\n|upkeep\n|turn|3\n|\n|t:|1682673730\n|move|p1b: Chien-Pao|Sucker Punch|p2b: Barq\u2019s\n|-damage|p2b: Barq\u2019s|55\/100\n|move|p2b: Barq\u2019s|Rock Slide|p1a: Azumarill|[spread] p1a,p1b\n|-damage|p1a: Azumarill|42\/100\n|-damage|p1b: Chien-Pao|64\/100\n|move|p1a: Azumarill|Play Rough|p2b: Barq\u2019s|[miss]\n|-miss|p1a: Azumarill|p2b: Barq\u2019s\n|\n|-heal|p2b: Barq\u2019s|61\/100|[from] item: Leftovers\n|upkeep\n|turn|4\n|\n|t:|1682673751\n|move|p2b: Barq\u2019s|Protect|p2b: Barq\u2019s\n|-singleturn|p2b: Barq\u2019s|Protect\n|move|p1b: Chien-Pao|Sucker Punch||[still]\n|-fail|p1b: Chien-Pao\n|move|p1a: Azumarill|Play Rough|p2b: Barq\u2019s\n|-activate|p2b: Barq\u2019s|move: Protect\n|\n|-heal|p2b: Barq\u2019s|67\/100|[from] item: Leftovers\n|upkeep\n|turn|5\n|\n|t:|1682673765\n|move|p1b: Chien-Pao|Sucker Punch|p2b: Barq\u2019s\n|-damage|p2b: Barq\u2019s|47\/100\n|move|p2b: Barq\u2019s|Order Up|p1b: Chien-Pao\n|-damage|p1b: Chien-Pao|13\/100\n|-boost|p2b: Barq\u2019s|spe|1\n|move|p1a: Azumarill|Play Rough|p2b: Barq\u2019s\n|-damage|p2b: Barq\u2019s|27\/100\n|\n|-heal|p2b: Barq\u2019s|33\/100|[from] item: Leftovers\n|upkeep\n|turn|6\n|inactive|Miguel Enmanuel has 30 seconds left.\n|l|\u2606Miguel Enmanuel\n|inactive|Miguel Enmanuel disconnected and has a minute to reconnect!\n|player|p1|\n|inactive|Miguel Enmanuel has 20 seconds left.\n|j|\u2606Miguel Enmanuel\n|inactive|Miguel Enmanuel reconnected and has 20 seconds left.\n|player|p1|Miguel Enmanuel|volkner\n|inactive|Miguel Enmanuel has 15 seconds left.\n|\n|t:|1682673806\n|move|p1b: Chien-Pao|Protect|p1b: Chien-Pao\n|-singleturn|p1b: Chien-Pao|Protect\n|move|p2b: Barq\u2019s|Protect|p2b: Barq\u2019s\n|-singleturn|p2b: Barq\u2019s|Protect\n|move|p1a: Azumarill|Play Rough|p2b: Barq\u2019s\n|-activate|p2b: Barq\u2019s|move: Protect\n|\n|-heal|p2b: Barq\u2019s|40\/100|[from] item: Leftovers\n|upkeep\n|turn|7\n|\n|t:|1682673820\n|move|p1b: Chien-Pao|Sucker Punch|p2b: Barq\u2019s\n|-damage|p2b: Barq\u2019s|21\/100\n|move|p2b: Barq\u2019s|Rock Slide|p1a: Azumarill|[spread] p1a\n|-miss|p2b: Barq\u2019s|p1b: Chien-Pao\n|-crit|p1a: Azumarill\n|-damage|p1a: Azumarill|0 fnt\n|faint|p1a: Azumarill\n|\n|-heal|p2b: Barq\u2019s|27\/100|[from] item: Leftovers\n|upkeep\n|\n|t:|1682673833\n|switch|p1a: Flutter Mane|Flutter Mane, L50|100\/100\n|-enditem|p1a: Flutter Mane|Booster Energy\n|-activate|p1a: Flutter Mane|ability: Protosynthesis|[fromitem]\n|-start|p1a: Flutter Mane|protosynthesisspa\n|turn|8\n|\n|t:|1682673847\n|move|p2b: Barq\u2019s|Protect|p2b: Barq\u2019s\n|-singleturn|p2b: Barq\u2019s|Protect\n|move|p1b: Chien-Pao|Sucker Punch||[still]\n|-fail|p1b: Chien-Pao\n|move|p1a: Flutter Mane|Dazzling Gleam|p2b: Barq\u2019s|[spread] \n|-miss|p1a: Flutter Mane|p2a: Sprite\n|-activate|p2b: Barq\u2019s|move: Protect\n|\n|-heal|p2b: Barq\u2019s|33\/100|[from] item: Leftovers\n|upkeep\n|turn|9\n|\n|t:|1682673868\n|move|p1b: Chien-Pao|Sucker Punch|p2b: Barq\u2019s\n|-damage|p2b: Barq\u2019s|16\/100\n|move|p1a: Flutter Mane|Dazzling Gleam|p2b: Barq\u2019s|[spread] p2b\n|-miss|p1a: Flutter Mane|p2a: Sprite\n|-damage|p2b: Barq\u2019s|0 fnt\n|faint|p2b: Barq\u2019s\n|\n|upkeep\n|\n|t:|1682673875\n|switch|p2b: Mountain Dew|Corviknight, L50, F, shiny|100\/100\n|turn|10\n|\n|t:|1682673896\n|move|p1a: Flutter Mane|Protect|p1a: Flutter Mane\n|-singleturn|p1a: Flutter Mane|Protect\n|move|p2a: Sprite|Icy Wind|p1a: Flutter Mane|[spread] p1b\n|-activate|p1a: Flutter Mane|move: Protect\n|-damage|p1b: Chien-Pao|0 fnt\n|faint|p1b: Chien-Pao\n|move|p2b: Mountain Dew|Iron Head|p1a: Flutter Mane\n|-activate|p1a: Flutter Mane|move: Protect\n|\n|upkeep\n|\n|t:|1682673905\n|switch|p1b: Corviknight|Corviknight, L50, F, shiny|100\/100\n|turn|11\n|\n|t:|1682673919\n|move|p2a: Sprite|Icy Wind|p1a: Flutter Mane|[spread] p1a,p1b\n|-damage|p1a: Flutter Mane|87\/100\n|-damage|p1b: Corviknight|88\/100\n|-unboost|p1a: Flutter Mane|spe|1\n|-ability|p1b: Corviknight|Mirror Armor\n|-unboost|p2a: Sprite|spe|1\n|move|p1a: Flutter Mane|Dazzling Gleam|p2b: Mountain Dew|[spread] p2a,p2b\n|-supereffective|p2a: Sprite\n|-resisted|p2b: Mountain Dew\n|-damage|p2a: Sprite|0 fnt\n|-damage|p2b: Mountain Dew|82\/100\n|faint|p2a: Sprite\n|move|p2b: Mountain Dew|Bulk Up|p2b: Mountain Dew\n|-boost|p2b: Mountain Dew|atk|1\n|-boost|p2b: Mountain Dew|def|1\n|move|p1b: Corviknight|Bulk Up|p1b: Corviknight\n|-boost|p1b: Corviknight|atk|1\n|-boost|p1b: Corviknight|def|1\n|\n|-heal|p1b: Corviknight|94\/100|[from] item: Leftovers\n|upkeep\n|\n|t:|1682673930\n|switch|p2a: Cheerwine|Blissey, L50, F, shiny, tera:Fairy|100\/100\n|turn|12\n|\n|t:|1682673946\n|move|p1a: Flutter Mane|Protect|p1a: Flutter Mane\n|-singleturn|p1a: Flutter Mane|Protect\n|move|p2b: Mountain Dew|Tailwind|p2b: Mountain Dew\n|-sidestart|p2: AnimeRedneck|move: Tailwind\n|move|p2a: Cheerwine|Skill Swap|p2b: Mountain Dew\n|-activate|p2a: Cheerwine|move: Skill Swap|||[of] p2b: Mountain Dew\n|move|p1b: Corviknight|Iron Head|p2a: Cheerwine\n|-supereffective|p2a: Cheerwine\n|-damage|p2a: Cheerwine|31\/100\n|\n|-heal|p1b: Corviknight|99\/100|[from] item: Leftovers\n|upkeep\n|turn|13\n|\n|t:|1682673965\n|move|p2b: Mountain Dew|Iron Head|p1a: Flutter Mane\n|-supereffective|p1a: Flutter Mane\n|-crit|p1a: Flutter Mane\n|-damage|p1a: Flutter Mane|0 fnt\n|faint|p1a: Flutter Mane\n|-end|p1a: Flutter Mane|Protosynthesis|[silent]\n|move|p2a: Cheerwine|Thunder Wave|p1b: Corviknight\n|-status|p1b: Corviknight|par\n|move|p1b: Corviknight|Iron Head|p2a: Cheerwine\n|-supereffective|p2a: Cheerwine\n|-damage|p2a: Cheerwine|0 fnt\n|faint|p2a: Cheerwine\n|\n|-heal|p1b: Corviknight|100\/100 par|[from] item: Leftovers\n|upkeep\n|turn|14\n|\n|t:|1682673982\n|move|p2b: Mountain Dew|Iron Head|p1b: Corviknight\n|-resisted|p1b: Corviknight\n|-damage|p1b: Corviknight|93\/100 par\n|move|p1b: Corviknight|Bulk Up|p1b: Corviknight\n|-boost|p1b: Corviknight|atk|1\n|-boost|p1b: Corviknight|def|1\n|\n|-heal|p1b: Corviknight|99\/100 par|[from] item: Leftovers\n|upkeep\n|turn|15\n|\n|t:|1682673993\n|move|p2b: Mountain Dew|Bulk Up|p2b: Mountain Dew\n|-boost|p2b: Mountain Dew|atk|1\n|-boost|p2b: Mountain Dew|def|1\n|move|p1b: Corviknight|Body Press|p2b: Mountain Dew\n|-damage|p2b: Mountain Dew|65\/100\n|\n|-heal|p1b: Corviknight|100\/100 par|[from] item: Leftovers\n|-sideend|p2: AnimeRedneck|move: Tailwind\n|upkeep\n|turn|16\n|\n|t:|1682674000\n|move|p2b: Mountain Dew|Bulk Up|p2b: Mountain Dew\n|-boost|p2b: Mountain Dew|atk|1\n|-boost|p2b: Mountain Dew|def|1\n|cant|p1b: Corviknight|par\n|\n|upkeep\n|turn|17\n|\n|t:|1682674013\n|move|p2b: Mountain Dew|Iron Head|p1b: Corviknight\n|-resisted|p1b: Corviknight\n|-damage|p1b: Corviknight|90\/100 par\n|move|p1b: Corviknight|Bulk Up|p1b: Corviknight\n|-boost|p1b: Corviknight|atk|1\n|-boost|p1b: Corviknight|def|1\n|\n|-heal|p1b: Corviknight|96\/100 par|[from] item: Leftovers\n|upkeep\n|turn|18\n|\n|t:|1682674025\n|move|p2b: Mountain Dew|Iron Head|p1b: Corviknight\n|-resisted|p1b: Corviknight\n|-damage|p1b: Corviknight|87\/100 par\n|cant|p1b: Corviknight|flinch\n|\n|-heal|p1b: Corviknight|93\/100 par|[from] item: Leftovers\n|upkeep\n|turn|19\n|\n|t:|1682674033\n|move|p2b: Mountain Dew|Bulk Up|p2b: Mountain Dew\n|-boost|p2b: Mountain Dew|atk|1\n|-boost|p2b: Mountain Dew|def|1\n|move|p1b: Corviknight|Bulk Up|p1b: Corviknight\n|-boost|p1b: Corviknight|atk|1\n|-boost|p1b: Corviknight|def|1\n|\n|-heal|p1b: Corviknight|99\/100 par|[from] item: Leftovers\n|upkeep\n|turn|20\n|inactive|Miguel Enmanuel has 30 seconds left.\n|inactive|Miguel Enmanuel has 20 seconds left.\n|\n|t:|1682674070\n|move|p2b: Mountain Dew|Bulk Up|p2b: Mountain Dew\n|-boost|p2b: Mountain Dew|atk|1\n|-boost|p2b: Mountain Dew|def|1\n|cant|p1b: Corviknight|par\n|\n|-heal|p1b: Corviknight|100\/100 par|[from] item: Leftovers\n|upkeep\n|turn|21\n|\n|t:|1682674082\n|move|p2b: Mountain Dew|Iron Head|p1b: Corviknight\n|-resisted|p1b: Corviknight\n|-damage|p1b: Corviknight|91\/100 par\n|cant|p1b: Corviknight|flinch\n|\n|-heal|p1b: Corviknight|97\/100 par|[from] item: Leftovers\n|upkeep\n|turn|22\n|\n|t:|1682674090\n|move|p2b: Mountain Dew|Iron Head|p1b: Corviknight\n|-resisted|p1b: Corviknight\n|-damage|p1b: Corviknight|87\/100 par\n|cant|p1b: Corviknight|flinch\n|\n|-heal|p1b: Corviknight|93\/100 par|[from] item: Leftovers\n|upkeep\n|turn|23\n|\n|t:|1682674103\n|move|p2b: Mountain Dew|Bulk Up|p2b: Mountain Dew\n|-boost|p2b: Mountain Dew|atk|1\n|-boost|p2b: Mountain Dew|def|1\n|move|p1b: Corviknight|Bulk Up|p1b: Corviknight\n|-boost|p1b: Corviknight|atk|1\n|-boost|p1b: Corviknight|def|1\n|\n|-heal|p1b: Corviknight|99\/100 par|[from] item: Leftovers\n|upkeep\n|turn|24\n|\n|t:|1682674117\n|move|p2b: Mountain Dew|Iron Head|p1b: Corviknight\n|-resisted|p1b: Corviknight\n|-damage|p1b: Corviknight|89\/100 par\n|cant|p1b: Corviknight|flinch\n|\n|-heal|p1b: Corviknight|95\/100 par|[from] item: Leftovers\n|upkeep\n|turn|25\n|c|\u2606AnimeRedneck|I wish we could sim this\n|l|\u2606Miguel Enmanuel\n|inactive|Miguel Enmanuel disconnected and has a minute to reconnect!\n|player|p1|\n|c|\u2606AnimeRedneck|bc I\u2019m genuinely curious\n|inactive|Miguel Enmanuel has 30 seconds left.\n|inactive|Miguel Enmanuel has 20 seconds left.\n|inactive|Miguel Enmanuel has 15 seconds left.\n|inactive|Miguel Enmanuel has 10 seconds left.\n|c|\u2606AnimeRedneck|but this would actually come down to struggle\n|inactive|Miguel Enmanuel has 5 seconds left.\n|-message|Miguel Enmanuel lost due to inactivity.\n|\n|win|AnimeRedneck\n|inactive|Miguel Enmanuel has 25 seconds left this turn.\n|raw|Miguel Enmanuel's rating: 1092 → 1062<\/strong> (-30 for losing)\n|raw|AnimeRedneck's rating: 1004 → 1053<\/strong> (+49 for winning)\n","uploadtime":1682674178,"views":11,"p1id":"miguelenmanuel","p2id":"animeredneck","formatid":"gen9vgc2023regulationc","rating":1053,"private":0,"password":""}