{"id":"gen9vgc2023regulationc-1851697796","p1":"Kiryae","p2":"Doomtheboomkin","format":"[Gen 9] VGC 2023 Regulation C","log":"|j|\u2606Kiryae\n|j|\u2606Doomtheboomkin\n|t:|1682471295\n|gametype|doubles\n|player|p1|Kiryae|1|\n|player|p2|Doomtheboomkin|shadowtriad|\n|teamsize|p1|6\n|teamsize|p2|6\n|gen|9\n|tier|[Gen 9] VGC 2023 Regulation C\n|rule|Species Clause: Limit one of each Pok\u00e9mon\n|rule|Item Clause: Limit one of each item\n|clearpoke\n|poke|p1|Palafin, L50, F|\n|poke|p1|Flutter Mane, L50|\n|poke|p1|Arcanine, L50, F|\n|poke|p1|Ting-Lu, L50|\n|poke|p1|Amoonguss, L50, M|\n|poke|p1|Kingambit, L50, F|\n|poke|p2|Baxcalibur, L50, M|\n|poke|p2|Chien-Pao, L50|\n|poke|p2|Dragonite, L50, M|\n|poke|p2|Palafin, L50, M|\n|poke|p2|Pelipper, L50, M|\n|poke|p2|Amoonguss, L50, M|\n|teampreview|4\n|inactive|Battle timer is ON: inactive players will automatically lose when time's up. (requested by Kiryae)\n|inactive|Doomtheboomkin also wants the timer to be on.\nDoomtheboomkin has agreed to open team sheets.\n|inactive|Kiryae has 60 seconds left.\n|inactive|Doomtheboomkin has 60 seconds left.\n|inactive|Kiryae has 30 seconds left.\n|\n|t:|1682471364\n|start\n|switch|p1a: Arcanine|Arcanine, L50, F|100\/100\n|switch|p1b: Palafin|Palafin, L50, F|100\/100\n|switch|p2a: Baxcalibur|Baxcalibur, L50, M|100\/100\n|switch|p2b: Pizz-azz|Chien-Pao, L50|100\/100\n|-ability|p2b: Pizz-azz|Sword of Ruin\n|-ability|p1a: Arcanine|Intimidate|boost\n|-fail|p2a: Baxcalibur|unboost|[from] item: Clear Amulet|[of] p2a: Baxcalibur\n|-unboost|p2b: Pizz-azz|atk|1\n|turn|1\n|inactive|Kiryae has 30 seconds left.\n|inactive|Doomtheboomkin has 30 seconds left.\n|\n|t:|1682471391\n|detailschange|p1b: Palafin|Palafin-Hero, L50, F\n|switch|p1b: Kingambit|Kingambit, L50, F|100\/100\n|move|p2b: Pizz-azz|Ice Spinner|p1b: Kingambit\n|-resisted|p1b: Kingambit\n|-damage|p1b: Kingambit|88\/100\n|move|p1a: Arcanine|Howl|p1a: Arcanine|[spread] p1a,p1b\n|-boost|p1a: Arcanine|atk|1\n|-boost|p1b: Kingambit|atk|1\n|move|p2a: Baxcalibur|Glaive Rush|p1a: Arcanine\n|-damage|p1a: Arcanine|10\/100\n|-singlemove|p2a: Baxcalibur|Glaive Rush|[silent]\n|\n|upkeep\n|turn|2\n|inactive|Kiryae has 30 seconds left.\n|\n|t:|1682471421\n|move|p1a: Arcanine|Extreme Speed|p2a: Baxcalibur\n|-damage|p2a: Baxcalibur|18\/100\n|move|p2a: Baxcalibur|Ice Shard|p1a: Arcanine\n|-resisted|p1a: Arcanine\n|-damage|p1a: Arcanine|0 fnt\n|faint|p1a: Arcanine\n|move|p2b: Pizz-azz|Sacred Sword|p1b: Kingambit\n|-supereffective|p1b: Kingambit\n|-damage|p1b: Kingambit|17\/100\n|move|p1b: Kingambit|Kowtow Cleave|p2b: Pizz-azz\n|-resisted|p2b: Pizz-azz\n|-damage|p2b: Pizz-azz|39\/100\n|\n|upkeep\n|\n|t:|1682471435\n|switch|p1a: Palafin|Palafin-Hero, L50, F|100\/100\n|-activate|p1a: Palafin|ability: Zero to Hero\n|turn|3\n|inactive|Kiryae has 30 seconds left.\n|inactive|Kiryae has 20 seconds left.\n|\n|t:|1682471473\n|move|p2a: Baxcalibur|Protect|p2a: Baxcalibur\n|-singleturn|p2a: Baxcalibur|Protect\n|move|p2b: Pizz-azz|Sucker Punch|p1a: Palafin\n|-damage|p1a: Palafin|75\/100\n|move|p1a: Palafin|Jet Punch|p2b: Pizz-azz\n|-damage|p2b: Pizz-azz|0 fnt\n|faint|p2b: Pizz-azz\n|move|p1b: Kingambit|Swords Dance|p1b: Kingambit\n|-boost|p1b: Kingambit|atk|2\n|\n|upkeep\n|\n|t:|1682471487\n|switch|p2b: Dragonite|Dragonite, L50, M|100\/100\n|turn|4\n|inactive|Kiryae has 30 seconds left.\n|inactive|Doomtheboomkin has 30 seconds left.\n|inactive|Kiryae has 20 seconds left.\n|inactive|Kiryae has 15 seconds left.\n|\n|t:|1682471531\n|switch|p2a: Amoonguss|Amoonguss, L50, M|100\/100\n|move|p1b: Kingambit|Protect|p1b: Kingambit\n|-singleturn|p1b: Kingambit|Protect\n|move|p1a: Palafin|Jet Punch|p2a: Amoonguss\n|-resisted|p2a: Amoonguss\n|-damage|p2a: Amoonguss|81\/100\n|move|p2b: Dragonite|Stomping Tantrum|p1b: Kingambit\n|-activate|p1b: Kingambit|move: Protect\n|\n|upkeep\n|turn|5\n|inactive|Kiryae has 30 seconds left.\n|\n|t:|1682471562\n|switch|p1a: Amoonguss|Amoonguss, L50, M|100\/100\n|-terastallize|p1b: Kingambit|Dark\n|move|p2a: Amoonguss|Rage Powder|p2a: Amoonguss\n|-singleturn|p2a: Amoonguss|move: Rage Powder\n|move|p1b: Kingambit|Sucker Punch||[still]\n|-fail|p1b: Kingambit\n|move|p2b: Dragonite|Stomping Tantrum|p1b: Kingambit\n|-damage|p1b: Kingambit|0 fnt\n|faint|p1b: Kingambit\n|\n|upkeep\n|\n|t:|1682471572\n|switch|p1b: Palafin|Palafin-Hero, L50, F|75\/100\n|turn|6\n|\n|t:|1682471581\n|move|p1b: Palafin|Protect|p1b: Palafin\n|-singleturn|p1b: Palafin|Protect\n|move|p2b: Dragonite|Protect|p2b: Dragonite\n|-singleturn|p2b: Dragonite|Protect\n|move|p1a: Amoonguss|Spore|p2b: Dragonite\n|-activate|p2b: Dragonite|move: Protect\n|move|p2a: Amoonguss|Spore|p1b: Palafin\n|-activate|p1b: Palafin|move: Protect\n|\n|upkeep\n|turn|7\n|\n|t:|1682471594\n|-terastallize|p2b: Dragonite|Flying\n|move|p1b: Palafin|Wave Crash|p2a: Amoonguss\n|-resisted|p2a: Amoonguss\n|-damage|p2a: Amoonguss|45\/100\n|-enditem|p2a: Amoonguss|Sitrus Berry|[eat]\n|-heal|p2a: Amoonguss|70\/100|[from] item: Sitrus Berry\n|-damage|p1b: Palafin|63\/100|[from] Recoil\n|move|p2b: Dragonite|Tera Blast|p1a: Amoonguss\n|-supereffective|p1a: Amoonguss\n|-damage|p1a: Amoonguss|0 fnt\n|faint|p1a: Amoonguss\n|move|p2a: Amoonguss|Spore|p1b: Palafin\n|-status|p1b: Palafin|slp|[from] move: Spore\n|\n|upkeep\n|turn|8\n|-message|Kiryae forfeited.\n|\n|win|Doomtheboomkin\n","uploadtime":1682471648,"views":11,"p1id":"kiryae","p2id":"doomtheboomkin","formatid":"gen9vgc2023regulationc","rating":0,"private":0,"password":""}