{"id":"gen9vgc2023regulationc-1860779188","p1":"Mystic_Spearit","p2":"Valency GL","format":"[Gen 9] VGC 2023 Regulation C","log":"|j|\u2606Mystic_Spearit\n|j|\u2606Valency GL\n|t:|1683676908\n|gametype|doubles\n|player|p1|Mystic_Spearit|hilbert|1318\n|player|p2|Valency GL|266|1326\n|teamsize|p1|6\n|teamsize|p2|6\n|gen|9\n|tier|[Gen 9] VGC 2023 Regulation C\n|rated|\n|rule|Species Clause: Limit one of each Pok\u00e9mon\n|rule|Item Clause: Limit one of each item\n|clearpoke\n|poke|p1|Ceruledge, L50, M|\n|poke|p1|Garchomp, L50, M|\n|poke|p1|Iron Moth, L50|\n|poke|p1|Flutter Mane, L50|\n|poke|p1|Talonflame, L50, M|\n|poke|p1|Gyarados, L50, M|\n|poke|p2|Great Tusk, L50|\n|poke|p2|Scream Tail, L50|\n|poke|p2|Annihilape, L50, M|\n|poke|p2|Rotom-Wash, L50|\n|poke|p2|Arcanine, L50, M|\n|poke|p2|Brute Bonnet, L50|\n|teampreview|4\n|inactive|Battle timer is ON: inactive players will automatically lose when time's up. (requested by Mystic_Spearit)\n|inactive|Mystic_Spearit has 60 seconds left.\n|inactive|Valency GL has 60 seconds left.\n|\n|t:|1683676986\n|start\n|switch|p1a: Flutter Mane|Flutter Mane, L50|100\/100\n|switch|p1b: Talonflame|Talonflame, L50, M|100\/100\n|switch|p2a: Arcanine|Arcanine, L50, M|100\/100\n|switch|p2b: Annihilape|Annihilape, L50, M|100\/100\n|-ability|p2a: Arcanine|Intimidate|boost\n|-unboost|p1a: Flutter Mane|atk|1\n|-unboost|p1b: Talonflame|atk|1\n|turn|1\n|\n|t:|1683677010\n|-terastallize|p2b: Annihilape|Fire\n|move|p1a: Flutter Mane|Substitute|p1a: Flutter Mane\n|-start|p1a: Flutter Mane|Substitute\n|-damage|p1a: Flutter Mane|76\/100\n|move|p1b: Talonflame|Will-O-Wisp|p2b: Annihilape\n|-immune|p2b: Annihilape\n|move|p2a: Arcanine|Howl|p2a: Arcanine|[spread] p2a,p2b\n|-boost|p2a: Arcanine|atk|1\n|-boost|p2b: Annihilape|atk|1\n|move|p2b: Annihilape|Rage Fist|p1a: Flutter Mane\n|-supereffective|p1a: Flutter Mane\n|-end|p1a: Flutter Mane|Substitute\n|\n|-heal|p1a: Flutter Mane|82\/100|[from] item: Leftovers\n|upkeep\n|turn|2\n|\n|t:|1683677032\n|move|p1a: Flutter Mane|Protect|p1a: Flutter Mane\n|-singleturn|p1a: Flutter Mane|Protect\n|move|p1b: Talonflame|Brave Bird|p2b: Annihilape\n|-damage|p2b: Annihilape|72\/100\n|-damage|p1b: Talonflame|88\/100|[from] Recoil\n|move|p2a: Arcanine|Flare Blitz|p1a: Flutter Mane\n|-activate|p1a: Flutter Mane|move: Protect\n|move|p2b: Annihilape|Bulk Up|p2b: Annihilape\n|-boost|p2b: Annihilape|atk|1\n|-boost|p2b: Annihilape|def|1\n|\n|-heal|p1a: Flutter Mane|88\/100|[from] item: Leftovers\n|upkeep\n|turn|3\n|inactive|Mystic_Spearit has 30 seconds left.\n|\n|t:|1683677058\n|move|p1a: Flutter Mane|Shadow Ball|p2b: Annihilape\n|-damage|p2b: Annihilape|46\/100\n|move|p1b: Talonflame|Tailwind|p1b: Talonflame\n|-sidestart|p1: Mystic_Spearit|move: Tailwind\n|move|p2a: Arcanine|Flare Blitz|p1a: Flutter Mane\n|-damage|p1a: Flutter Mane|0 fnt\n|faint|p1a: Flutter Mane\n|-end|p1a: Flutter Mane|Protosynthesis|[silent]\n|-damage|p2a: Arcanine|74\/100|[from] Recoil\n|-damage|p2a: Arcanine|64\/100|[from] item: Life Orb\n|move|p2b: Annihilape|Drain Punch|p1b: Talonflame\n|-resisted|p1b: Talonflame\n|-damage|p1b: Talonflame|37\/100\n|-heal|p2b: Annihilape|64\/100|[from] drain|[of] p1b: Talonflame\n|\n|upkeep\n|\n|t:|1683677071\n|switch|p1a: Gyarados|Gyarados, L50, M|100\/100\n|-ability|p1a: Gyarados|Intimidate|boost\n|-unboost|p2a: Arcanine|atk|1\n|-unboost|p2b: Annihilape|atk|1\n|-ability|p2b: Annihilape|Defiant|boost\n|-boost|p2b: Annihilape|atk|2\n|turn|4\n|\n|t:|1683677086\n|move|p2a: Arcanine|Protect|p2a: Arcanine\n|-singleturn|p2a: Arcanine|Protect\n|move|p1b: Talonflame|Taunt|p2a: Arcanine\n|-activate|p2a: Arcanine|move: Protect\n|move|p1a: Gyarados|Waterfall|p2b: Annihilape\n|-supereffective|p2b: Annihilape\n|-damage|p2b: Annihilape|13\/100\n|move|p2b: Annihilape|Rage Fist|p1a: Gyarados\n|-damage|p1a: Gyarados|0 fnt\n|faint|p1a: Gyarados\n|\n|upkeep\n|\n|t:|1683677096\n|switch|p1a: Ceruledge|Ceruledge, L50, M|100\/100\n|turn|5\n|\n|t:|1683677112\n|move|p2b: Annihilape|Protect|p2b: Annihilape\n|-singleturn|p2b: Annihilape|Protect\n|move|p1b: Talonflame|Brave Bird|p2b: Annihilape\n|-activate|p2b: Annihilape|move: Protect\n|move|p1a: Ceruledge|Bitter Blade|p2b: Annihilape\n|-activate|p2b: Annihilape|move: Protect\n|move|p2a: Arcanine|Flare Blitz|p1b: Talonflame\n|-resisted|p1b: Talonflame\n|-damage|p1b: Talonflame|0 fnt\n|faint|p1b: Talonflame\n|-damage|p2a: Arcanine|54\/100|[from] Recoil\n|-damage|p2a: Arcanine|44\/100|[from] item: Life Orb\n|\n|upkeep\n|turn|6\n|\n|t:|1683677130\n|move|p1a: Ceruledge|Bitter Blade|p2b: Annihilape\n|-resisted|p2b: Annihilape\n|-damage|p2b: Annihilape|0 fnt\n|faint|p2b: Annihilape\n|move|p2a: Arcanine|Howl|p2a: Arcanine\n|-boost|p2a: Arcanine|atk|1\n|\n|-sideend|p1: Mystic_Spearit|move: Tailwind\n|upkeep\n|\n|t:|1683677144\n|switch|p2b: Great Tusk|Great Tusk, L50|100\/100\n|turn|7\n|\n|t:|1683677156\n|-terastallize|p1a: Ceruledge|Grass\n|move|p2b: Great Tusk|Headlong Rush|p1a: Ceruledge\n|-resisted|p1a: Ceruledge\n|-damage|p1a: Ceruledge|61\/100\n|-unboost|p2b: Great Tusk|def|1\n|-unboost|p2b: Great Tusk|spd|1\n|move|p2a: Arcanine|Howl|p2a: Arcanine|[spread] p2a,p2b\n|-boost|p2a: Arcanine|atk|1\n|-boost|p2b: Great Tusk|atk|1\n|move|p1a: Ceruledge|Tera Blast|p2b: Great Tusk\n|-supereffective|p2b: Great Tusk\n|-damage|p2b: Great Tusk|3\/100\n|\n|upkeep\n|turn|8\n|\n|t:|1683677168\n|move|p2a: Arcanine|Extreme Speed|p1a: Ceruledge\n|-damage|p1a: Ceruledge|0 fnt\n|faint|p1a: Ceruledge\n|-damage|p2a: Arcanine|34\/100|[from] item: Life Orb\n|\n|win|Valency GL\n|raw|Mystic_Spearit's rating: 1318 → 1298<\/strong> (-20 for losing)\n|raw|Valency GL's rating: 1326 → 1346<\/strong> (+20 for winning)\n|l|\u2606Mystic_Spearit\n","uploadtime":1683677179,"views":14,"p1id":"mysticspearit","p2id":"valencygl","formatid":"gen9vgc2023regulationc","rating":1298,"private":0,"password":""}