{"id":"gen9vgc2023regulationc-1858208233","p1":"Windows11Goated","p2":"Foffa","format":"[Gen 9] VGC 2023 Regulation C","log":"|j|\u2606Windows11Goated\n|j|\u2606Foffa\n|t:|1683291146\n|gametype|doubles\n|player|p1|Windows11Goated|266|1204\n|player|p2|Foffa|giovanni|1193\n|teamsize|p1|6\n|teamsize|p2|6\n|gen|9\n|tier|[Gen 9] VGC 2023 Regulation C\n|rated|\n|rule|Species Clause: Limit one of each Pok\u00e9mon\n|rule|Item Clause: Limit one of each item\n|clearpoke\n|poke|p1|Iron Bundle, L50|\n|poke|p1|Abomasnow, L50, F|\n|poke|p1|Talonflame, L50, F|\n|poke|p1|Great Tusk, L50|\n|poke|p1|Flutter Mane, L50|\n|poke|p1|Arcanine, L50, F|\n|poke|p2|Chi-Yu, L50|\n|poke|p2|Gyarados, L50, F|\n|poke|p2|Amoonguss, L50, M|\n|poke|p2|Flutter Mane, L50|\n|poke|p2|Iron Bundle, L50|\n|poke|p2|Great Tusk, L50|\n|teampreview|4\nWindows11Goated has agreed to open team sheets.\n|\n|t:|1683291183\n|start\n|switch|p1a: Iron Bundle|Iron Bundle, L50|100\/100\n|switch|p1b: Abomasnow|Abomasnow, L50, F|100\/100\n|switch|p2a: Chi-Yu|Chi-Yu, L50|100\/100\n|switch|p2b: Gyarados|Gyarados, L50, F|100\/100\n|-ability|p2a: Chi-Yu|Beads of Ruin\n|-ability|p2b: Gyarados|Intimidate|boost\n|-unboost|p1a: Iron Bundle|atk|1\n|-unboost|p1b: Abomasnow|atk|1\n|-weather|Snow|[from] ability: Snow Warning|[of] p1b: Abomasnow\n|-enditem|p1a: Iron Bundle|Booster Energy\n|-activate|p1a: Iron Bundle|ability: Quark Drive|[fromitem]\n|-start|p1a: Iron Bundle|quarkdrivespe\n|turn|1\n|\n|t:|1683291200\n|-terastallize|p1b: Abomasnow|Water\n|move|p1a: Iron Bundle|Protect|p1a: Iron Bundle\n|-singleturn|p1a: Iron Bundle|Protect\n|move|p2a: Chi-Yu|Nasty Plot|p2a: Chi-Yu\n|-boost|p2a: Chi-Yu|spa|2\n|move|p2b: Gyarados|Thunder Wave|p1a: Iron Bundle\n|-activate|p1a: Iron Bundle|move: Protect\n|move|p1b: Abomasnow|Aurora Veil|p1b: Abomasnow\n|-sidestart|p1: Windows11Goated|move: Aurora Veil\n|\n|-weather|Snow|[upkeep]\n|upkeep\n|turn|2\n|\n|t:|1683291221\n|move|p2a: Chi-Yu|Protect|p2a: Chi-Yu\n|-singleturn|p2a: Chi-Yu|Protect\n|move|p1a: Iron Bundle|Freeze-Dry|p2a: Chi-Yu\n|-activate|p2a: Chi-Yu|move: Protect\n|move|p2b: Gyarados|Thunder Wave|p1a: Iron Bundle\n|-status|p1a: Iron Bundle|par\n|move|p1b: Abomasnow|Blizzard|p2a: Chi-Yu|[spread] p2b\n|-activate|p2a: Chi-Yu|move: Protect\n|-damage|p2b: Gyarados|68\/100\n|\n|-weather|Snow|[upkeep]\n|upkeep\n|turn|3\n|\n|t:|1683291253\n|move|p1a: Iron Bundle|Hydro Pump|p2a: Chi-Yu\n|-supereffective|p2a: Chi-Yu\n|-damage|p2a: Chi-Yu|0 fnt\n|faint|p2a: Chi-Yu\n|move|p2b: Gyarados|Thunder Wave|p1b: Abomasnow\n|-status|p1b: Abomasnow|par\n|move|p1b: Abomasnow|Blizzard|p2b: Gyarados\n|-damage|p2b: Gyarados|33\/100\n|\n|-weather|Snow|[upkeep]\n|upkeep\n|\n|t:|1683291257\n|switch|p2a: Great Tusk|Great Tusk, L50|100\/100\n|turn|4\n|\n|t:|1683291269\n|-terastallize|p2a: Great Tusk|Ground\n|move|p2a: Great Tusk|Earthquake|p1b: Abomasnow|[spread] p1a,p1b\n|-immune|p2b: Gyarados\n|-damage|p1a: Iron Bundle|71\/100 par\n|-damage|p1b: Abomasnow|55\/100 par\n|move|p1a: Iron Bundle|Blizzard|p2b: Gyarados|[spread] p2a,p2b\n|-supereffective|p2a: Great Tusk\n|-damage|p2a: Great Tusk|0 fnt\n|-damage|p2b: Gyarados|1\/100\n|-enditem|p2b: Gyarados|Mago Berry|[eat]\n|-heal|p2b: Gyarados|35\/100|[from] item: Mago Berry\n|faint|p2a: Great Tusk\n|-end|p2a: Great Tusk|Protosynthesis|[silent]\n|move|p2b: Gyarados|Waterfall|p1a: Iron Bundle\n|-resisted|p1a: Iron Bundle\n|-damage|p1a: Iron Bundle|60\/100 par\n|move|p1b: Abomasnow|Blizzard|p2b: Gyarados\n|-damage|p2b: Gyarados|3\/100\n|\n|-weather|Snow|[upkeep]\n|upkeep\n|\n|t:|1683291271\n|switch|p2a: Flutter Mane|Flutter Mane, L50|100\/100\n|-enditem|p2a: Flutter Mane|Booster Energy\n|-activate|p2a: Flutter Mane|ability: Protosynthesis|[fromitem]\n|-start|p2a: Flutter Mane|protosynthesisspe\n|turn|5\n|-message|Foffa forfeited.\n|\n|win|Windows11Goated\n|raw|Windows11Goated's rating: 1204 → 1228<\/strong> (+24 for winning)\n|raw|Foffa's rating: 1193 → 1169<\/strong> (-24 for losing)\n|l|\u2606Foffa\n","uploadtime":1683291281,"views":10,"p1id":"windows11goated","p2id":"foffa","formatid":"gen9vgc2023regulationc","rating":1169,"private":0,"password":""}