{"id":"gen9vgc2023regulationc-1852451514","p1":"sempr9","p2":"Jbenn","format":"[Gen 9] VGC 2023 Regulation C","log":"|j|\u2606sempr9\n|j|\u2606Jbenn\n|t:|1682559282\n|gametype|doubles\n|player|p1|sempr9|miriam|\n|player|p2|Jbenn|102|\n|teamsize|p1|6\n|teamsize|p2|6\n|gen|9\n|tier|[Gen 9] VGC 2023 Regulation C\n|rated|Tournament battle\n|rule|Species Clause: Limit one of each Pok\u00e9mon\n|rule|Item Clause: Limit one of each item\n|clearpoke\n|poke|p1|Tatsugiri-Droopy, L50, F|\n|poke|p1|Glimmora, L50, F|\n|poke|p1|Dondozo, L50, F|\n|poke|p1|Chi-Yu, L50|\n|poke|p1|Iron Bundle, L50|\n|poke|p1|Dragonite, L50, F|\n|poke|p2|Roaring Moon, L50|\n|poke|p2|Great Tusk, L50|\n|poke|p2|Gholdengo, L50|\n|poke|p2|Hariyama, L50, F|\n|poke|p2|Mimikyu, L50, M|\n|poke|p2|Gyarados, L50, M|\n|teampreview|4\n|raw| Open Team Sheet for sempr9<\/summary>Hell Shell (Tatsugiri-Droopy) (F) @ Choice Scarf Ability: Commander Level: 50 Shiny: Yes Tera Type: Steel - Muddy Water - Icy Wind - Draco Meteor - Sleep Talk Portabella (Glimmora) (F) @ Focus Sash Ability: Toxic Debris Level: 50 Shiny: Yes Tera Type: Water - Acid Spray - Power Gem - Earth Power - Spiky Shield Impala (Dondozo) (F) @ Leftovers Ability: Unaware Level: 50 Shiny: Yes Tera Type: Grass - Wave Crash - Tera Blast - Rock Slide - Protect Yeah Yeah (Chi-Yu) @ Choice Specs Ability: Beads of Ruin Level: 50 Tera Type: Grass - Dark Pulse - Heat Wave - Overheat - Tera Blast Okra (Iron Bundle) @ Booster Energy Ability: Quark Drive Level: 50 Shiny: Yes Tera Type: Ice - Hydro Pump - Freeze-Dry - Icy Wind - Protect EA (Dragonite) (F) @ Lum Berry Ability: Multiscale Level: 50 Tera Type: Flying - Tera Blast - Extreme Speed - Dragon Dance - Protect <\/details><\/div> Open Team Sheet for Jbenn<\/summary>Roaring Moon @ Booster Energy Ability: Protosynthesis Level: 50 Tera Type: Flying - Protect - Tailwind - Acrobatics - Jaw Lock Great Tusk @ Life Orb Ability: Protosynthesis Level: 50 Hidden Power: Fighting Tera Type: Ground - Protect - Headlong Rush - Earthquake - Ice Spinner Gholdengo @ Leftovers Ability: Good as Gold Level: 50 Tera Type: Water - Protect - Nasty Plot - Make It Rain - Thunderbolt Hariyama @ Roseli Berry Ability: Thick Fat Level: 50 Shiny: Yes Tera Type: Steel - Fake Out - Close Combat - Iron Head - Wide Guard Mimikyu @ Sitrus Berry Ability: Disguise Level: 50 Tera Type: Grass - Protect - Trick Room - Play Rough - Curse Gyarados @ Lum Berry Ability: Intimidate Level: 50 Shiny: Yes Tera Type: Flying - Protect - Waterfall - Thunder Wave - Tera Blast <\/details><\/div>\n|j| chalmander69\n|\n|t:|1682559349\n|start\n|switch|p1a: Yeah Yeah|Chi-Yu, L50|100\/100\n|switch|p1b: Okra|Iron Bundle, L50, shiny|100\/100\n|switch|p2a: Hariyama|Hariyama, L50, F, shiny|100\/100\n|switch|p2b: Mimikyu|Mimikyu, L50, M|100\/100\n|-ability|p1a: Yeah Yeah|Beads of Ruin\n|-enditem|p1b: Okra|Booster Energy\n|-activate|p1b: Okra|ability: Quark Drive|[fromitem]\n|-start|p1b: Okra|quarkdrivespe\n|turn|1\n|j| NoraaW\n|\n|t:|1682559391\n|move|p2a: Hariyama|Fake Out|p1a: Yeah Yeah\n|-damage|p1a: Yeah Yeah|84\/100\n|move|p1b: Okra|Freeze-Dry|p2b: Mimikyu\n|-activate|p2b: Mimikyu|ability: Disguise\n|-damage|p2b: Mimikyu|100\/100\n|detailschange|p2b: Mimikyu|Mimikyu-Busted, L50, M\n|-damage|p2b: Mimikyu|88\/100|[from] pokemon: Mimikyu-Busted\n|cant|p1a: Yeah Yeah|flinch\n|move|p2b: Mimikyu|Trick Room|p2b: Mimikyu\n|-fieldstart|move: Trick Room|[of] p2b: Mimikyu\n|\n|upkeep\n|turn|2\n|inactive|Battle timer is ON: inactive players will automatically lose when time's up. (requested by sempr9)\n|\n|t:|1682559416\n|switch|p1a: Impala|Dondozo, L50, F, shiny|100\/100\n|move|p2b: Mimikyu|Protect|p2b: Mimikyu\n|-singleturn|p2b: Mimikyu|Protect\n|move|p2a: Hariyama|Close Combat|p1a: Impala\n|-damage|p1a: Impala|56\/100\n|-unboost|p2a: Hariyama|def|1\n|-unboost|p2a: Hariyama|spd|1\n|move|p1b: Okra|Hydro Pump|p2a: Hariyama\n|-damage|p2a: Hariyama|14\/100\n|\n|-heal|p1a: Impala|62\/100|[from] item: Leftovers\n|upkeep\n|turn|3\n|\n|t:|1682559433\n|switch|p2a: Gyarados|Gyarados, L50, M, shiny|100\/100\n|-ability|p2a: Gyarados|Intimidate|boost\n|-unboost|p1a: Impala|atk|1\n|-unboost|p1b: Okra|atk|1\n|move|p1a: Impala|Protect|p1a: Impala\n|-singleturn|p1a: Impala|Protect\n|move|p2b: Mimikyu|Curse|p1a: Impala\n|-start|p1a: Impala|Curse|[of] p2b: Mimikyu\n|-damage|p2b: Mimikyu|38\/100\n|-enditem|p2b: Mimikyu|Sitrus Berry|[eat]\n|-heal|p2b: Mimikyu|63\/100|[from] item: Sitrus Berry\n|move|p1b: Okra|Icy Wind|p2b: Mimikyu|[spread] p2a,p2b\n|-damage|p2a: Gyarados|80\/100\n|-damage|p2b: Mimikyu|42\/100\n|-unboost|p2a: Gyarados|spe|1\n|-unboost|p2b: Mimikyu|spe|1\n|\n|-heal|p1a: Impala|67\/100|[from] item: Leftovers\n|-damage|p1a: Impala|42\/100|[from] Curse\n|upkeep\n|turn|4\n|j| Lori Ori\n|inactive|Jbenn has 30 seconds left.\n|inactive|Jbenn has 20 seconds left.\n|inactive|Jbenn has 15 seconds left.\n|inactive|Jbenn has 10 seconds left.\n|inactive|Jbenn has 5 seconds left.\n|\n|t:|1682559484\n|switch|p1a: Yeah Yeah|Chi-Yu, L50|84\/100\n|-ability|p1a: Yeah Yeah|Beads of Ruin\n|switch|p2b: Gholdengo|Gholdengo, L50|100\/100\n|move|p2a: Gyarados|Protect|p2a: Gyarados\n|-singleturn|p2a: Gyarados|Protect\n|move|p1b: Okra|Freeze-Dry|p2a: Gyarados\n|-activate|p2a: Gyarados|move: Protect\n|\n|upkeep\n|turn|5\n|inactive|Jbenn has 30 seconds left.\n|inactive|Jbenn has 20 seconds left.\n|inactive|Jbenn has 15 seconds left.\n|inactive|Jbenn has 10 seconds left.\n|\n|t:|1682559532\n|switch|p2a: Hariyama|Hariyama, L50, F, shiny|14\/100\n|switch|p1a: Hell Shell|Tatsugiri-Droopy, L50, F, shiny|100\/100\n|-terastallize|p2b: Gholdengo|Water\n|move|p1b: Okra|Protect|p1b: Okra\n|-singleturn|p1b: Okra|Protect\n|move|p2b: Gholdengo|Nasty Plot|p2b: Gholdengo\n|-boost|p2b: Gholdengo|spa|2\n|\n|-fieldend|move: Trick Room\n|upkeep\n|turn|6\n|\n|t:|1682559550\n|switch|p1a: Yeah Yeah|Chi-Yu, L50|84\/100\n|-ability|p1a: Yeah Yeah|Beads of Ruin\n|move|p2a: Hariyama|Fake Out|p1b: Okra\n|-damage|p1b: Okra|82\/100\n|cant|p1b: Okra|flinch\n|move|p2b: Gholdengo|Make It Rain|p1a: Yeah Yeah|[spread] p1a,p1b\n|-resisted|p1a: Yeah Yeah\n|-damage|p1a: Yeah Yeah|24\/100\n|-damage|p1b: Okra|0 fnt\n|-unboost|p2b: Gholdengo|spa|1\n|faint|p1b: Okra\n|-end|p1b: Okra|Quark Drive|[silent]\n|\n|upkeep\n|j|%Bright Size\n|\n|t:|1682559563\n|switch|p1b: Impala|Dondozo, L50, F, shiny|42\/100\n|turn|7\n|inactive|Jbenn has 30 seconds left.\n|inactive|Jbenn has 20 seconds left.\n|inactive|Jbenn has 15 seconds left.\n|\n|t:|1682559604\n|switch|p2a: Gyarados|Gyarados, L50, M, shiny|80\/100\n|-ability|p2a: Gyarados|Intimidate|boost\n|-unboost|p1a: Yeah Yeah|atk|1\n|-unboost|p1b: Impala|atk|1\n|-terastallize|p1a: Yeah Yeah|Grass\n|move|p1a: Yeah Yeah|Tera Blast|p2b: Gholdengo\n|-supereffective|p2b: Gholdengo\n|-damage|p2b: Gholdengo|0 fnt\n|faint|p2b: Gholdengo\n|move|p1b: Impala|Wave Crash|p2a: Gyarados\n|-resisted|p2a: Gyarados\n|-damage|p2a: Gyarados|66\/100\n|-damage|p1b: Impala|39\/100|[from] Recoil\n|\n|-heal|p1b: Impala|45\/100|[from] item: Leftovers\n|upkeep\n|\n|t:|1682559628\n|switch|p2b: Hariyama|Hariyama, L50, F, shiny|14\/100\n|turn|8\n|\n|t:|1682559641\n|switch|p1a: Hell Shell|Tatsugiri-Droopy, L50, F, shiny|100\/100\n|-activate|p1a: Hell Shell|ability: Commander|[of] p1b: Impala\n|-boost|p1b: Impala|atk|2\n|-boost|p1b: Impala|spa|2\n|-boost|p1b: Impala|spe|2\n|-boost|p1b: Impala|def|2\n|-boost|p1b: Impala|spd|2\n|move|p1b: Impala|Protect|p1b: Impala\n|-singleturn|p1b: Impala|Protect\n|move|p2b: Hariyama|Fake Out|p1a: Hell Shell|[miss]\n|-miss|p2b: Hariyama|p1a: Hell Shell\n|move|p2a: Gyarados|Thunder Wave|p1b: Impala\n|-activate|p1b: Impala|move: Protect\n|\n|-heal|p1b: Impala|50\/100|[from] item: Leftovers\n|upkeep\n|turn|9\n|\n|t:|1682559664\n|switch|p2b: Mimikyu|Mimikyu-Busted, L50, M|42\/100\n|move|p1b: Impala|Wave Crash|p2b: Mimikyu\n|-damage|p2b: Mimikyu|0 fnt\n|faint|p2b: Mimikyu\n|-damage|p1b: Impala|41\/100|[from] Recoil\n|move|p2a: Gyarados|Thunder Wave|p1b: Impala\n|-status|p1b: Impala|par\n|\n|-heal|p1b: Impala|47\/100 par|[from] item: Leftovers\n|upkeep\n|inactive|Jbenn has 30 seconds left.\n|\n|t:|1682559696\n|switch|p2b: Hariyama|Hariyama, L50, F, shiny|14\/100\n|turn|10\n|\n|t:|1682559712\n|move|p1b: Impala|Protect|p1b: Impala\n|-singleturn|p1b: Impala|Protect\n|move|p2b: Hariyama|Fake Out|p1b: Impala\n|-activate|p1b: Impala|move: Protect\n|move|p2a: Gyarados|Waterfall|p1b: Impala\n|-activate|p1b: Impala|move: Protect\n|\n|-heal|p1b: Impala|53\/100 par|[from] item: Leftovers\n|upkeep\n|turn|11\n|\n|t:|1682559724\n|move|p2a: Gyarados|Waterfall|p1b: Impala\n|-resisted|p1b: Impala\n|-damage|p1b: Impala|47\/100 par\n|cant|p1b: Impala|par\n|move|p2b: Hariyama|Close Combat|p1b: Impala\n|-damage|p1b: Impala|26\/100 par\n|-unboost|p2b: Hariyama|def|1\n|-unboost|p2b: Hariyama|spd|1\n|\n|-heal|p1b: Impala|32\/100 par|[from] item: Leftovers\n|upkeep\n|turn|12\n|\n|t:|1682559736\n|move|p2a: Gyarados|Waterfall|p1b: Impala\n|-resisted|p1b: Impala\n|-damage|p1b: Impala|25\/100 par\n|move|p1b: Impala|Wave Crash|p2b: Hariyama\n|-damage|p2b: Hariyama|0 fnt\n|faint|p2b: Hariyama\n|-damage|p1b: Impala|21\/100 par|[from] Recoil\n|\n|-heal|p1b: Impala|27\/100 par|[from] item: Leftovers\n|upkeep\n|turn|13\n|c|\u2606Jbenn|Gg. I didn\u2019t play well\n|\n|t:|1682559754\n|cant|p1b: Impala|par\n|move|p2a: Gyarados|Waterfall|p1b: Impala\n|-resisted|p1b: Impala\n|-damage|p1b: Impala|20\/100 par\n|\n|-heal|p1b: Impala|26\/100 par|[from] item: Leftovers\n|upkeep\n|turn|14\n|\n|t:|1682559760\n|move|p1b: Impala|Protect|p1b: Impala\n|-singleturn|p1b: Impala|Protect\n|move|p2a: Gyarados|Waterfall|p1b: Impala\n|-activate|p1b: Impala|move: Protect\n|\n|-heal|p1b: Impala|32\/100 par|[from] item: Leftovers\n|upkeep\n|turn|15\n|\n|t:|1682559762\n|move|p2a: Gyarados|Waterfall|p1b: Impala\n|-resisted|p1b: Impala\n|-damage|p1b: Impala|25\/100 par\n|move|p1b: Impala|Rock Slide|p2a: Gyarados\n|-supereffective|p2a: Gyarados\n|-damage|p2a: Gyarados|10\/100\n|\n|-heal|p1b: Impala|31\/100 par|[from] item: Leftovers\n|upkeep\n|turn|16\n|\n|t:|1682559768\n|move|p2a: Gyarados|Waterfall|p1b: Impala\n|-resisted|p1b: Impala\n|-damage|p1b: Impala|24\/100 par\n|move|p1b: Impala|Wave Crash|p2a: Gyarados\n|-resisted|p2a: Gyarados\n|-damage|p2a: Gyarados|0 fnt\n|faint|p2a: Gyarados\n|-damage|p1b: Impala|22\/100 par|[from] Recoil\n|\n|win|sempr9\n|n|\u2606sempr9|sempr9\n|n|\u2606Jbenn|jbenn\n|n| chalmander69|chalmander69\n|n| NoraaW|noraaw\n|n| Lori Ori|loriori\n|n| Bright Size|brightsize\n|c|\u2606sempr9|gg\n|l|\u2606sempr9\n|l| Lori Ori\n|j| jacob weedson\n|l| jacob weedson\n|l| chalmander69\n","uploadtime":1682559769,"views":11,"p1id":"sempr9","p2id":"jbenn","formatid":"gen9vgc2023regulationc","rating":0,"private":0,"password":""}