{"id":"gen9vgc2023regulationc-1856646788","p1":"marioman6444","p2":"iStockphoto","format":"[Gen 9] VGC 2023 Regulation C","log":"|j|\u2606marioman6444\n|j|\u2606iStockphoto\n|t:|1683087497\n|gametype|doubles\n|player|p1|marioman6444|hoopster|1158\n|player|p2|iStockphoto|266|1124\n|teamsize|p1|6\n|teamsize|p2|6\n|gen|9\n|tier|[Gen 9] VGC 2023 Regulation C\n|rated|\n|rule|Species Clause: Limit one of each Pok\u00e9mon\n|rule|Item Clause: Limit one of each item\n|clearpoke\n|poke|p1|Ting-Lu, L50|\n|poke|p1|Garganacl, L50, M|\n|poke|p1|Amoonguss, L50, M|\n|poke|p1|Palafin, L50, M|\n|poke|p1|Brute Bonnet, L50|\n|poke|p1|Flutter Mane, L50|\n|poke|p2|Abomasnow, L50, M|\n|poke|p2|Baxcalibur, L50, F|\n|poke|p2|Ting-Lu, L50|\n|poke|p2|Maushold, L50|\n|poke|p2|Wo-Chien, L50|\n|poke|p2|Gholdengo, L50|\n|teampreview|4\n|inactive|Battle timer is ON: inactive players will automatically lose when time's up. (requested by marioman6444)\niStockphoto has agreed to open team sheets.\n|inactive|marioman6444 has 60 seconds left.\n|\n|t:|1683087530\n|start\n|switch|p1a: Palafin|Palafin, L50, M|100\/100\n|switch|p1b: Garganacl|Garganacl, L50, M|100\/100\n|switch|p2a: Abomasnow|Abomasnow, L50, M|100\/100\n|switch|p2b: Baxcalibur|Baxcalibur, L50, F|100\/100\n|-weather|Snow|[from] ability: Snow Warning|[of] p2a: Abomasnow\n|turn|1\n|inactive|marioman6444 has 30 seconds left.\n|\n|t:|1683087560\n|detailschange|p1a: Palafin|Palafin-Hero, L50, M\n|switch|p1a: Brute Bonnet|Brute Bonnet, L50|100\/100\n|move|p2b: Baxcalibur|Dragon Dance|p2b: Baxcalibur\n|-boost|p2b: Baxcalibur|atk|1\n|-boost|p2b: Baxcalibur|spe|1\n|move|p2a: Abomasnow|Aurora Veil|p2a: Abomasnow\n|-sidestart|p2: iStockphoto|move: Aurora Veil\n|move|p1b: Garganacl|Stealth Rock|p2a: Abomasnow\n|-sidestart|p2: iStockphoto|move: Stealth Rock\n|\n|-weather|Snow|[upkeep]\n|upkeep\n|turn|2\n|inactive|marioman6444 has 30 seconds left.\n|inactive|iStockphoto has 30 seconds left.\n|inactive|marioman6444 has 20 seconds left.\n|\n|t:|1683087597\n|switch|p2a: Maushold|Maushold, L50|100\/100\n|-damage|p2a: Maushold|88\/100|[from] Stealth Rock\n|move|p1b: Garganacl|Wide Guard|p1b: Garganacl\n|-singleturn|p1b: Garganacl|Wide Guard\n|move|p2b: Baxcalibur|Icicle Crash|p1a: Brute Bonnet\n|-supereffective|p1a: Brute Bonnet\n|-damage|p1a: Brute Bonnet|0 fnt\n|faint|p1a: Brute Bonnet\n|-end|p1a: Brute Bonnet|Protosynthesis|[silent]\n|-damage|p2b: Baxcalibur|90\/100|[from] item: Life Orb\n|\n|-weather|Snow|[upkeep]\n|upkeep\n|\n|t:|1683087599\n|switch|p1a: Palafin|Palafin-Hero, L50, M|100\/100\n|-activate|p1a: Palafin|ability: Zero to Hero\n|turn|3\n|inactive|iStockphoto has 30 seconds left.\n|inactive|iStockphoto has 20 seconds left.\n|\n|t:|1683087637\n|-terastallize|p1b: Garganacl|Poison\n|move|p2b: Baxcalibur|Icicle Crash|p1a: Palafin\n|-resisted|p1a: Palafin\n|-damage|p1a: Palafin|59\/100\n|-damage|p2b: Baxcalibur|80\/100|[from] item: Life Orb\n|move|p2a: Maushold|Taunt|p1b: Garganacl\n|-start|p1b: Garganacl|move: Taunt\n|cant|p1a: Palafin|flinch\n|move|p1b: Garganacl|Salt Cure|p2b: Baxcalibur\n|-supereffective|p2b: Baxcalibur\n|-damage|p2b: Baxcalibur|71\/100\n|-start|p2b: Baxcalibur|Salt Cure\n|\n|-weather|Snow|[upkeep]\n|-damage|p2b: Baxcalibur|59\/100|[from] Salt Cure\n|upkeep\n|turn|4\n|\n|t:|1683087659\n|move|p2a: Maushold|Follow Me|p2a: Maushold\n|-singleturn|p2a: Maushold|move: Follow Me\n|move|p2b: Baxcalibur|Dragon Dance|p2b: Baxcalibur\n|-boost|p2b: Baxcalibur|atk|1\n|-boost|p2b: Baxcalibur|spe|1\n|move|p1a: Palafin|Wave Crash|p2a: Maushold\n|-damage|p2a: Maushold|7\/100\n|-damage|p1a: Palafin|35\/100|[from] Recoil\n|move|p1b: Garganacl|Salt Cure|p2a: Maushold\n|-damage|p2a: Maushold|0 fnt\n|faint|p2a: Maushold\n|\n|-weather|Snow|[upkeep]\n|-damage|p2b: Baxcalibur|47\/100|[from] Salt Cure\n|upkeep\n|\n|t:|1683087675\n|switch|p2a: Gholdengo|Gholdengo, L50|100\/100\n|-damage|p2a: Gholdengo|94\/100|[from] Stealth Rock\n|turn|5\n|\n|t:|1683087683\n|move|p2a: Gholdengo|Protect|p2a: Gholdengo\n|-singleturn|p2a: Gholdengo|Protect\n|move|p2b: Baxcalibur|Earthquake|p1b: Garganacl|[spread] p1a,p1b\n|-activate|p2a: Gholdengo|move: Protect\n|-crit|p1a: Palafin\n|-supereffective|p1b: Garganacl\n|-damage|p1a: Palafin|0 fnt\n|-damage|p1b: Garganacl|4\/100\n|faint|p1a: Palafin\n|-damage|p2b: Baxcalibur|37\/100|[from] item: Life Orb\n|move|p1b: Garganacl|Salt Cure|p2a: Gholdengo\n|-activate|p2a: Gholdengo|move: Protect\n|\n|-weather|none\n|-heal|p1b: Garganacl|10\/100|[from] item: Leftovers\n|-damage|p2b: Baxcalibur|25\/100|[from] Salt Cure\n|-end|p1b: Garganacl|move: Taunt\n|-sideend|p2: iStockphoto|move: Aurora Veil\n|upkeep\n|\n|t:|1683087687\n|switch|p1a: Amoonguss|Amoonguss, L50, M|100\/100\n|turn|6\n|-message|marioman6444 forfeited.\n|\n|win|iStockphoto\n|raw|marioman6444's rating: 1158 → 1131<\/strong> (-27 for losing)\n|raw|iStockphoto's rating: 1124 → 1151<\/strong> (+27 for winning)\n|l|\u2606marioman6444\n","uploadtime":1683087704,"views":5,"p1id":"marioman6444","p2id":"istockphoto","formatid":"gen9vgc2023regulationc","rating":1131,"private":0,"password":""}