{"id":"gen9vgc2023regulationc-1854798332","p1":"gborg21","p2":"slitwick","format":"[Gen 9] VGC 2023 Regulation C","log":"|j|\u2606gborg21\n|j|\u2606slitwick\n|t:|1682867316\n|gametype|doubles\n|player|p1|gborg21|265|1197\n|player|p2|slitwick|170|1236\n|teamsize|p1|6\n|teamsize|p2|6\n|gen|9\n|tier|[Gen 9] VGC 2023 Regulation C\n|rated|\n|rule|Species Clause: Limit one of each Pok\u00e9mon\n|rule|Item Clause: Limit one of each item\n|clearpoke\n|poke|p1|Flutter Mane, L50|\n|poke|p1|Ceruledge, L50, M|\n|poke|p1|Dragapult, L50, F|\n|poke|p1|Chien-Pao, L50|\n|poke|p1|Amoonguss, L50, F|\n|poke|p1|Palafin, L50, M|\n|poke|p2|Ting-Lu, L50|\n|poke|p2|Abomasnow, L50, F|\n|poke|p2|Flutter Mane, L50|\n|poke|p2|Iron Hands, L50|\n|poke|p2|Bronzong, L50|\n|poke|p2|Arcanine, L50, F|\n|teampreview|4\ngborg21 has agreed to open team sheets.\n|inactive|Battle timer is ON: inactive players will automatically lose when time's up. (requested by gborg21)\n|l|\u2606slitwick\n|inactive|slitwick disconnected and has a minute to reconnect!\n|player|p2|\n|j|\u2606slitwick\n|inactive|slitwick reconnected and has 65 seconds left.\n|player|p2|slitwick|170\n|inactive|gborg21 has 60 seconds left.\n|inactive|slitwick has 60 seconds left.\n|\n|t:|1682867358\n|start\n|switch|p1a: Flutter Mane|Flutter Mane, L50|100\/100\n|switch|p1b: Palafin|Palafin, L50, M|100\/100\n|switch|p2a: Abomasnow|Abomasnow, L50, F|100\/100\n|switch|p2b: Ting-Lu|Ting-Lu, L50|100\/100\n|-weather|Snow|[from] ability: Snow Warning|[of] p2a: Abomasnow\n|-ability|p2b: Ting-Lu|Vessel of Ruin\n|turn|1\n|inactive|gborg21 has 30 seconds left.\n|\n|t:|1682867392\n|detailschange|p1b: Palafin|Palafin-Hero, L50, M\n|switch|p1b: Ceruledge|Ceruledge, L50, M|100\/100\n|move|p2a: Abomasnow|Protect|p2a: Abomasnow\n|-singleturn|p2a: Abomasnow|Protect\n|move|p1a: Flutter Mane|Moonblast|p2b: Ting-Lu\n|-supereffective|p2b: Ting-Lu\n|-damage|p2b: Ting-Lu|18\/100\n|move|p2b: Ting-Lu|Earthquake|p1a: Flutter Mane|[spread] p1a,p1b\n|-activate|p2a: Abomasnow|move: Protect\n|-supereffective|p1b: Ceruledge\n|-damage|p1a: Flutter Mane|0 fnt\n|-damage|p1b: Ceruledge|0 fnt\n|faint|p1a: Flutter Mane\n|-end|p1a: Flutter Mane|Protosynthesis|[silent]\n|faint|p1b: Ceruledge\n|\n|-weather|Snow|[upkeep]\n|upkeep\n|\n|t:|1682867402\n|switch|p1a: Palafin|Palafin-Hero, L50, M|100\/100\n|switch|p1b: Dragapult|Dragapult, L50, F|100\/100\n|-activate|p1a: Palafin|ability: Zero to Hero\n|turn|2\n|\n|t:|1682867414\n|-terastallize|p1b: Dragapult|Steel\n|move|p1a: Palafin|Jet Punch|p2b: Ting-Lu\n|-supereffective|p2b: Ting-Lu\n|-damage|p2b: Ting-Lu|0 fnt\n|faint|p2b: Ting-Lu\n|move|p1b: Dragapult|Tera Blast|p2a: Abomasnow\n|-supereffective|p2a: Abomasnow\n|-damage|p2a: Abomasnow|11\/100\n|-enditem|p2a: Abomasnow|Weakness Policy\n|-boost|p2a: Abomasnow|atk|2|[from] item: Weakness Policy\n|-boost|p2a: Abomasnow|spa|2|[from] item: Weakness Policy\n|move|p2a: Abomasnow|Blizzard|p1b: Dragapult|[spread] p1a,p1b\n|-resisted|p1a: Palafin\n|-resisted|p1b: Dragapult\n|-damage|p1a: Palafin|64\/100\n|-damage|p1b: Dragapult|47\/100\n|\n|-weather|Snow|[upkeep]\n|upkeep\n|\n|t:|1682867436\n|switch|p2b: Bronzong|Bronzong, L50|100\/100\n|turn|3\n|inactive|gborg21 has 30 seconds left.\n|\n|t:|1682867461\n|move|p2a: Abomasnow|Protect|p2a: Abomasnow\n|-singleturn|p2a: Abomasnow|Protect\n|move|p1a: Palafin|Jet Punch|p2b: Bronzong\n|-damage|p2b: Bronzong|64\/100\n|move|p1b: Dragapult|Tera Blast|p2a: Abomasnow\n|-activate|p2a: Abomasnow|move: Protect\n|move|p2b: Bronzong|Trick Room|p2b: Bronzong\n|-fieldstart|move: Trick Room|[of] p2b: Bronzong\n|\n|-weather|Snow|[upkeep]\n|upkeep\n|turn|4\n|\n|t:|1682867484\n|move|p1a: Palafin|Jet Punch|p2a: Abomasnow\n|-resisted|p2a: Abomasnow\n|-damage|p2a: Abomasnow|0 fnt\n|faint|p2a: Abomasnow\n|move|p2b: Bronzong|Gyro Ball|p1a: Palafin\n|-resisted|p1a: Palafin\n|-damage|p1a: Palafin|52\/100\n|move|p1b: Dragapult|Tera Blast|p2b: Bronzong\n|-resisted|p2b: Bronzong\n|-damage|p2b: Bronzong|42\/100\n|\n|-weather|Snow|[upkeep]\n|upkeep\n|\n|t:|1682867492\n|switch|p2a: Flutter Mane|Flutter Mane, L50|100\/100\n|turn|5\n|inactive|slitwick has 30 seconds left.\n|\n|t:|1682867525\n|-terastallize|p2a: Flutter Mane|Fairy\n|move|p1a: Palafin|Jet Punch|p2b: Bronzong\n|-damage|p2b: Bronzong|6\/100\n|move|p2b: Bronzong|Gyro Ball|p1b: Dragapult\n|-resisted|p1b: Dragapult\n|-damage|p1b: Dragapult|15\/100\n|move|p2a: Flutter Mane|Dazzling Gleam|p1b: Dragapult|[spread] p1a,p1b\n|-resisted|p1b: Dragapult\n|-damage|p1a: Palafin|0 fnt\n|-damage|p1b: Dragapult|0 fnt\n|faint|p1a: Palafin\n|faint|p1b: Dragapult\n|\n|win|slitwick\n|raw|gborg21's rating: 1197 → 1175<\/strong> (-22 for losing)\n|raw|slitwick's rating: 1236 → 1258<\/strong> (+22 for winning)\n|l|\u2606gborg21\n","uploadtime":1682867540,"views":15,"p1id":"gborg21","p2id":"slitwick","formatid":"gen9vgc2023regulationc","rating":1175,"private":0,"password":""}