{"id":"gen9vgc2023regulationc-1845951413","p1":"ttsui234","p2":"ImAtWorkPlzGoEasy","format":"[Gen 9] VGC 2023 Regulation C","log":"|j|\u2606ttsui234\n|j|\u2606ImAtWorkPlzGoEasy\n|t:|1681783040\n|gametype|doubles\n|player|p1|ttsui234|266|1521\n|player|p2|ImAtWorkPlzGoEasy|larry|1605\n|teamsize|p1|6\n|teamsize|p2|6\n|gen|9\n|tier|[Gen 9] VGC 2023 Regulation C\n|rated|\n|rule|Species Clause: Limit one of each Pok\u00e9mon\n|rule|Item Clause: Limit one of each item\n|clearpoke\n|poke|p1|Pelipper, L50, F|\n|poke|p1|Palafin, L50, F|\n|poke|p1|Chien-Pao, L50|\n|poke|p1|Amoonguss, L50, M|\n|poke|p1|Iron Hands, L50|\n|poke|p1|Flutter Mane, L50|\n|poke|p2|Glimmora, L50, M|\n|poke|p2|Dondozo, L50, F|\n|poke|p2|Tatsugiri, L50, F|\n|poke|p2|Dragonite, L50, M|\n|poke|p2|Chien-Pao, L50|\n|poke|p2|Hippowdon, L50, M|\n|teampreview|4\nImAtWorkPlzGoEasy has agreed to open team sheets.\nttsui234 has agreed to open team sheets.\n|inactive|Battle timer is ON: inactive players will automatically lose when time's up. (requested by ImAtWorkPlzGoEasy)\n|inactive|ttsui234 has 60 seconds left.\n|\n|t:|1681783096\n|start\n|switch|p1a: Palafin|Palafin, L50, F|100\/100\n|switch|p1b: Iron Hands|Iron Hands, L50|100\/100\n|switch|p2a: Glimmora|Glimmora, L50, M|100\/100\n|switch|p2b: Dondozo|Dondozo, L50, F|100\/100\n|turn|1\n|inactive|ttsui234 has 30 seconds left.\n|inactive|ImAtWorkPlzGoEasy has 30 seconds left.\n|\n|t:|1681783126\n|detailschange|p1a: Palafin|Palafin-Hero, L50, F\n|switch|p1a: Amoonguss|Amoonguss, L50, M|100\/100\n|switch|p2b: Hippowdon|Hippowdon, L50, M|100\/100\n|-weather|Sandstorm|[from] ability: Sand Stream|[of] p2b: Hippowdon\n|-terastallize|p2a: Glimmora|Grass\n|-terastallize|p1b: Iron Hands|Grass\n|move|p2a: Glimmora|Mortal Spin|p1b: Iron Hands|[spread] p1a,p1b\n|-supereffective|p1b: Iron Hands\n|-damage|p1a: Amoonguss|96\/100\n|-damage|p1b: Iron Hands|95\/100\n|-status|p1b: Iron Hands|psn\n|move|p1b: Iron Hands|Wild Charge|p2b: Hippowdon\n|-immune|p2b: Hippowdon\n|\n|-weather|Sandstorm|[upkeep]\n|-damage|p2a: Glimmora|95\/100|[from] Sandstorm\n|-damage|p1b: Iron Hands|89\/100 psn|[from] Sandstorm\n|-damage|p1a: Amoonguss|90\/100|[from] Sandstorm\n|-damage|p1b: Iron Hands|77\/100 psn|[from] psn\n|upkeep\n|turn|2\n|j| Zzhagu\n|\n|t:|1681783148\n|move|p2b: Hippowdon|Protect|p2b: Hippowdon\n|-singleturn|p2b: Hippowdon|Protect\n|move|p2a: Glimmora|Power Gem|p1b: Iron Hands\n|-damage|p1b: Iron Hands|59\/100 psn\n|move|p1b: Iron Hands|Drain Punch|p2b: Hippowdon\n|-activate|p2b: Hippowdon|move: Protect\n|move|p1a: Amoonguss|Pollen Puff|p2a: Glimmora\n|-supereffective|p2a: Glimmora\n|-damage|p2a: Glimmora|67\/100\n|\n|-weather|Sandstorm|[upkeep]\n|-damage|p2a: Glimmora|62\/100|[from] Sandstorm\n|-damage|p1b: Iron Hands|53\/100 psn|[from] Sandstorm\n|-damage|p1a: Amoonguss|85\/100|[from] Sandstorm\n|-damage|p1b: Iron Hands|41\/100 psn|[from] psn\n|upkeep\n|turn|3\n|\n|t:|1681783165\n|move|p2a: Glimmora|Earth Power|p1a: Amoonguss\n|-damage|p1a: Amoonguss|63\/100\n|move|p1b: Iron Hands|Drain Punch|p2b: Hippowdon\n|-damage|p2b: Hippowdon|71\/100\n|-heal|p1b: Iron Hands|54\/100 psn|[from] drain|[of] p2b: Hippowdon\n|move|p2b: Hippowdon|Stealth Rock|p1a: Amoonguss\n|-sidestart|p1: ttsui234|move: Stealth Rock\n|move|p1a: Amoonguss|Pollen Puff|p1b: Iron Hands\n|-heal|p1b: Iron Hands|100\/100 psn\n|\n|-weather|Sandstorm|[upkeep]\n|-damage|p2a: Glimmora|56\/100|[from] Sandstorm\n|-damage|p1b: Iron Hands|95\/100 psn|[from] Sandstorm\n|-damage|p1a: Amoonguss|57\/100|[from] Sandstorm\n|-heal|p2b: Hippowdon|77\/100|[from] item: Leftovers\n|-damage|p1b: Iron Hands|83\/100 psn|[from] psn\n|upkeep\n|turn|4\n|\n|t:|1681783185\n|move|p2a: Glimmora|Earth Power|p1a: Amoonguss\n|-damage|p1a: Amoonguss|35\/100\n|-enditem|p1a: Amoonguss|Sitrus Berry|[eat]\n|-heal|p1a: Amoonguss|60\/100|[from] item: Sitrus Berry\n|move|p1b: Iron Hands|Drain Punch|p2b: Hippowdon\n|-damage|p2b: Hippowdon|46\/100\n|-heal|p1b: Iron Hands|97\/100 psn|[from] drain|[of] p2b: Hippowdon\n|move|p2b: Hippowdon|Sand Tomb|p2a: Glimmora|[miss]\n|-miss|p2b: Hippowdon|p2a: Glimmora\n|move|p1a: Amoonguss|Pollen Puff|p2a: Glimmora\n|-supereffective|p2a: Glimmora\n|-damage|p2a: Glimmora|30\/100\n|\n|-weather|Sandstorm|[upkeep]\n|-damage|p2a: Glimmora|25\/100|[from] Sandstorm\n|-damage|p1b: Iron Hands|91\/100 psn|[from] Sandstorm\n|-damage|p1a: Amoonguss|54\/100|[from] Sandstorm\n|-heal|p2b: Hippowdon|52\/100|[from] item: Leftovers\n|-damage|p1b: Iron Hands|79\/100 psn|[from] psn\n|upkeep\n|turn|5\n|c|\u2606ImAtWorkPlzGoEasy|I CANT HIT MY OWN POKEMON\n|c|\u2606ImAtWorkPlzGoEasy|BRO\n|inactive|ImAtWorkPlzGoEasy has 30 seconds left.\n|\n|t:|1681783211\n|switch|p1a: Palafin|Palafin-Hero, L50, F|100\/100\n|-damage|p1a: Palafin|88\/100|[from] Stealth Rock\n|-activate|p1a: Palafin|ability: Zero to Hero\n|move|p2a: Glimmora|Earth Power|p1a: Palafin\n|-damage|p1a: Palafin|63\/100\n|move|p1b: Iron Hands|Drain Punch|p2a: Glimmora\n|-damage|p2a: Glimmora|0 fnt\n|-heal|p1b: Iron Hands|88\/100 psn|[from] drain|[of] p2a: Glimmora\n|-activate|p2a: Glimmora|ability: Toxic Debris\n|-sidestart|p1: ttsui234|move: Toxic Spikes\n|faint|p2a: Glimmora\n|move|p2b: Hippowdon|Body Press|p2: Glimmora|[notarget]\n|-fail|p2b: Hippowdon\n|\n|-weather|none\n|-heal|p2b: Hippowdon|58\/100|[from] item: Leftovers\n|-damage|p1b: Iron Hands|76\/100 psn|[from] psn\n|upkeep\n|\n|t:|1681783231\n|switch|p2a: Dondozo|Dondozo, L50, F|100\/100\n|turn|6\n|\n|t:|1681783246\n|switch|p1a: Amoonguss|Amoonguss, L50, M|87\/100\n|-damage|p1a: Amoonguss|75\/100|[from] Stealth Rock\n|-sideend|p1: ttsui234|move: Toxic Spikes|[of] p1a: Amoonguss\n|move|p2a: Dondozo|Protect|p2a: Dondozo\n|-singleturn|p2a: Dondozo|Protect\n|move|p1b: Iron Hands|Volt Switch|p2a: Dondozo\n|-activate|p2a: Dondozo|move: Protect\n|move|p2b: Hippowdon|Sand Tomb|p1b: Iron Hands|[miss]\n|-miss|p2b: Hippowdon|p1b: Iron Hands\n|\n|-heal|p2b: Hippowdon|64\/100|[from] item: Leftovers\n|-damage|p1b: Iron Hands|64\/100 psn|[from] psn\n|upkeep\n|turn|7\n|c|\u2606ImAtWorkPlzGoEasy|this fucking shit\n|c|\u2606ImAtWorkPlzGoEasy|bro\n|c|\u2606ttsui234|Sorry for miss\n|c|\u2606ImAtWorkPlzGoEasy|ive just been having a rough one hahahah\n|inactive|ttsui234 has 30 seconds left.\n|inactive|ImAtWorkPlzGoEasy has 30 seconds left.\n|c|\u2606ImAtWorkPlzGoEasy|all gucci\n|inactive|ttsui234 has 20 seconds left.\n|inactive|ImAtWorkPlzGoEasy has 20 seconds left.\n|\n|t:|1681783282\n|switch|p2a: Tatsugiri|Tatsugiri, L50, F|100\/100\n|move|p1b: Iron Hands|Drain Punch|p2b: Hippowdon\n|-damage|p2b: Hippowdon|34\/100\n|-heal|p1b: Iron Hands|77\/100 psn|[from] drain|[of] p2b: Hippowdon\n|move|p2b: Hippowdon|Sand Tomb|p1b: Iron Hands\n|-resisted|p1b: Iron Hands\n|-damage|p1b: Iron Hands|74\/100 psn\n|-activate|p1b: Iron Hands|move: Sand Tomb|[of] p2b: Hippowdon\n|move|p1a: Amoonguss|Pollen Puff|p1b: Iron Hands\n|-heal|p1b: Iron Hands|100\/100 psn\n|\n|-heal|p2b: Hippowdon|40\/100|[from] item: Leftovers\n|-damage|p1b: Iron Hands|88\/100 psn|[from] psn\n|-damage|p1b: Iron Hands|76\/100 psn|[from] move: Sand Tomb|[partiallytrapped]\n|upkeep\n|turn|8\n|inactive|ttsui234 has 30 seconds left.\n|\n|t:|1681783314\n|move|p1a: Amoonguss|Protect|p1a: Amoonguss\n|-singleturn|p1a: Amoonguss|Protect\n|move|p2a: Tatsugiri|Icy Wind|p1b: Iron Hands|[spread] p1b\n|-activate|p1a: Amoonguss|move: Protect\n|-supereffective|p1b: Iron Hands\n|-damage|p1b: Iron Hands|63\/100 psn\n|-unboost|p1b: Iron Hands|spe|1\n|move|p2b: Hippowdon|Sand Tomb|p1a: Amoonguss\n|-activate|p1a: Amoonguss|move: Protect\n|move|p1b: Iron Hands|Drain Punch|p2b: Hippowdon\n|-damage|p2b: Hippowdon|8\/100\n|-heal|p1b: Iron Hands|77\/100 psn|[from] drain|[of] p2b: Hippowdon\n|\n|-heal|p2b: Hippowdon|14\/100|[from] item: Leftovers\n|-damage|p1b: Iron Hands|65\/100 psn|[from] psn\n|-damage|p1b: Iron Hands|53\/100 psn|[from] move: Sand Tomb|[partiallytrapped]\n|upkeep\n|turn|9\n|\n|t:|1681783333\n|move|p2b: Hippowdon|Protect|p2b: Hippowdon\n|-singleturn|p2b: Hippowdon|Protect\n|move|p2a: Tatsugiri|Icy Wind|p1a: Amoonguss|[spread] p1a,p1b\n|-supereffective|p1a: Amoonguss\n|-supereffective|p1b: Iron Hands\n|-damage|p1a: Amoonguss|52\/100\n|-damage|p1b: Iron Hands|40\/100 psn\n|-unboost|p1a: Amoonguss|spe|1\n|-unboost|p1b: Iron Hands|spe|1\n|move|p1b: Iron Hands|Drain Punch|p2b: Hippowdon\n|-activate|p2b: Hippowdon|move: Protect\n|move|p1a: Amoonguss|Pollen Puff|p1b: Iron Hands\n|-heal|p1b: Iron Hands|90\/100 psn\n|\n|-heal|p2b: Hippowdon|20\/100|[from] item: Leftovers\n|-damage|p1b: Iron Hands|77\/100 psn|[from] psn\n|-damage|p1b: Iron Hands|65\/100 psn|[from] move: Sand Tomb|[partiallytrapped]\n|upkeep\n|turn|10\n|inactive|ImAtWorkPlzGoEasy has 30 seconds left.\n|inactive|ImAtWorkPlzGoEasy has 20 seconds left.\n|\n|t:|1681783371\n|move|p2a: Tatsugiri|Icy Wind|p1b: Iron Hands|[spread] p1a,p1b\n|-supereffective|p1a: Amoonguss\n|-supereffective|p1b: Iron Hands\n|-damage|p1a: Amoonguss|30\/100\n|-damage|p1b: Iron Hands|50\/100 psn\n|-unboost|p1a: Amoonguss|spe|1\n|-unboost|p1b: Iron Hands|spe|1\n|move|p2b: Hippowdon|Sand Tomb|p1a: Amoonguss\n|-damage|p1a: Amoonguss|21\/100\n|-activate|p1a: Amoonguss|move: Sand Tomb|[of] p2b: Hippowdon\n|move|p1b: Iron Hands|Drain Punch|p2b: Hippowdon\n|-damage|p2b: Hippowdon|0 fnt\n|-heal|p1b: Iron Hands|59\/100 psn|[from] drain|[of] p2b: Hippowdon\n|faint|p2b: Hippowdon\n|move|p1a: Amoonguss|Pollen Puff|p1b: Iron Hands\n|-heal|p1b: Iron Hands|100\/100 psn\n|\n|-damage|p1b: Iron Hands|88\/100 psn|[from] psn\n|-end|p1b: Iron Hands|Sand Tomb|[partiallytrapped]|[silent]\n|-end|p1a: Amoonguss|Sand Tomb|[partiallytrapped]|[silent]\n|upkeep\n|\n|t:|1681783388\n|switch|p2b: Dondozo|Dondozo, L50, F|100\/100\n|-activate|p2a: Tatsugiri|ability: Commander|[of] p2b: Dondozo\n|-boost|p2b: Dondozo|atk|2\n|-boost|p2b: Dondozo|spa|2\n|-boost|p2b: Dondozo|spe|2\n|-boost|p2b: Dondozo|def|2\n|-boost|p2b: Dondozo|spd|2\n|turn|11\n|\n|t:|1681783407\n|switch|p1a: Palafin|Palafin-Hero, L50, F|63\/100\n|-damage|p1a: Palafin|50\/100|[from] Stealth Rock\n|move|p2b: Dondozo|Earthquake|p1b: Iron Hands|[spread] p1a,p1b\n|-miss|p2b: Dondozo|p2a: Tatsugiri\n|-resisted|p1b: Iron Hands\n|-damage|p1a: Palafin|11\/100\n|-damage|p1b: Iron Hands|75\/100 psn\n|move|p1b: Iron Hands|Volt Switch|p2b: Dondozo\n|-supereffective|p2b: Dondozo\n|-damage|p2b: Dondozo|90\/100\n|\n|t:|1681783422\n|-end|p1b: Iron Hands|Quark Drive|[silent]\n|switch|p1b: Amoonguss|Amoonguss, L50, M|54\/100|[from] Volt Switch\n|-damage|p1b: Amoonguss|42\/100|[from] Stealth Rock\n|\n|upkeep\n|turn|12\n|\n|t:|1681783442\n|switch|p1b: Iron Hands|Iron Hands, L50, tera:Grass|75\/100 psn\n|-damage|p1b: Iron Hands|62\/100 psn|[from] Stealth Rock\n|move|p1a: Palafin|Protect|p1a: Palafin\n|-singleturn|p1a: Palafin|Protect\n|move|p2b: Dondozo|Earthquake|p1a: Palafin|[spread] p1b\n|-miss|p2b: Dondozo|p2a: Tatsugiri\n|-activate|p1a: Palafin|move: Protect\n|-resisted|p1b: Iron Hands\n|-damage|p1b: Iron Hands|49\/100 psn\n|\n|-damage|p1b: Iron Hands|36\/100 psn|[from] psn\n|upkeep\n|turn|13\n|j| mpudi\n|\n|t:|1681783460\n|move|p2b: Dondozo|Protect|p2b: Dondozo\n|-singleturn|p2b: Dondozo|Protect\n|move|p1b: Iron Hands|Fake Out|p2b: Dondozo\n|-activate|p2b: Dondozo|move: Protect\n|move|p1a: Palafin|Haze|p1a: Palafin\n|-clearallboost\n|\n|-damage|p1b: Iron Hands|24\/100 psn|[from] psn\n|upkeep\n|turn|14\n|\n|t:|1681783473\n|move|p1a: Palafin|Jet Punch|p2b: Dondozo\n|-resisted|p2b: Dondozo\n|-damage|p2b: Dondozo|76\/100\n|move|p2b: Dondozo|Earthquake|p1b: Iron Hands|[spread] p1a,p1b\n|-miss|p2b: Dondozo|p2a: Tatsugiri\n|-resisted|p1b: Iron Hands\n|-damage|p1a: Palafin|0 fnt\n|-damage|p1b: Iron Hands|17\/100 psn\n|faint|p1a: Palafin\n|move|p1b: Iron Hands|Wild Charge|p2b: Dondozo\n|-supereffective|p2b: Dondozo\n|-damage|p2b: Dondozo|1\/100\n|-damage|p1b: Iron Hands|0 fnt|[from] Recoil\n|faint|p1b: Iron Hands\n|-end|p1b: Iron Hands|Quark Drive|[silent]\n|\n|upkeep\n|\n|t:|1681783483\n|switch|p1a: Amoonguss|Amoonguss, L50, M|75\/100\n|switch|p1b: Flutter Mane|Flutter Mane, L50|100\/100\n|-damage|p1b: Flutter Mane|89\/100|[from] Stealth Rock\n|-damage|p1a: Amoonguss|63\/100|[from] Stealth Rock\n|turn|15\n|\n|t:|1681783491\n|move|p1b: Flutter Mane|Dazzling Gleam|p2a: Tatsugiri|[spread] p2b\n|-miss|p1b: Flutter Mane|p2a: Tatsugiri\n|-damage|p2b: Dondozo|0 fnt\n|faint|p2b: Dondozo\n|move|p1a: Amoonguss|Spore|p2a: Tatsugiri\n|-status|p2a: Tatsugiri|slp|[from] move: Spore\n|\n|upkeep\n|turn|16\n|\n|t:|1681783499\n|cant|p2a: Tatsugiri|slp\n|move|p1b: Flutter Mane|Dazzling Gleam|p2a: Tatsugiri\n|-supereffective|p2a: Tatsugiri\n|-damage|p2a: Tatsugiri|0 fnt\n|faint|p2a: Tatsugiri\n|\n|win|ttsui234\n|raw|ttsui234's rating: 1521 → 1546<\/strong> (+25 for winning)\n|raw|ImAtWorkPlzGoEasy's rating: 1605 → 1580<\/strong> (-25 for losing)\n|c|\u2606ttsui234|GG\n|c|\u2606ImAtWorkPlzGoEasy|gg\n","uploadtime":1681783261,"views":6,"p1id":"ttsui234","p2id":"imatworkplzgoeasy","formatid":"gen9vgc2023regulationc","rating":1546,"private":0,"password":""}