{"id":"gen9vgc2023regulationc-1854669282","p1":"SeveralNonSense","p2":"ThunderBall101","format":"[Gen 9] VGC 2023 Regulation C","log":"|j|\u2606SeveralNonSense\n|j|\u2606ThunderBall101\n|t:|1682847132\n|gametype|doubles\n|player|p1|SeveralNonSense|guitarist|1077\n|player|p2|ThunderBall101|266|1135\n|teamsize|p1|6\n|teamsize|p2|6\n|gen|9\n|tier|[Gen 9] VGC 2023 Regulation C\n|rated|\n|rule|Species Clause: Limit one of each Pok\u00e9mon\n|rule|Item Clause: Limit one of each item\n|clearpoke\n|poke|p1|Iron Bundle, L50|\n|poke|p1|Arcanine, L50, M|\n|poke|p1|Iron Hands, L50|\n|poke|p1|Gholdengo, L50|\n|poke|p1|Roaring Moon, L50|\n|poke|p1|Clodsire, L50, F|\n|poke|p2|Gallade, L50, M|\n|poke|p2|Indeedee-F, L50, F|\n|poke|p2|Chien-Pao, L50|\n|poke|p2|Iron Hands, L50|\n|poke|p2|Flutter Mane, L50|\n|poke|p2|Gyarados, L50, M|\n|teampreview|4\n|\n|t:|1682847157\n|start\n|switch|p1a: Iron Bundle|Iron Bundle, L50|100\/100\n|switch|p1b: Iron Hands|Iron Hands, L50|100\/100\n|switch|p2a: Gallade|Gallade, L50, M|100\/100\n|switch|p2b: Indeedee|Indeedee-F, L50, F|100\/100\n|-fieldstart|move: Psychic Terrain|[from] ability: Psychic Surge|[of] p2b: Indeedee\n|turn|1\n|inactive|Battle timer is ON: inactive players will automatically lose when time's up. (requested by SeveralNonSense)\n|\n|t:|1682847174\n|move|p2b: Indeedee|Follow Me|p2b: Indeedee\n|-singleturn|p2b: Indeedee|move: Follow Me\n|move|p1a: Iron Bundle|Icy Wind|p2a: Gallade|[spread] p2a\n|-miss|p1a: Iron Bundle|p2b: Indeedee\n|-damage|p2a: Gallade|78\/100\n|move|p2a: Gallade|Psycho Cut|p1a: Iron Bundle\n|-damage|p1a: Iron Bundle|3\/100\n|move|p1b: Iron Hands|Drain Punch|p2b: Indeedee\n|-damage|p2b: Indeedee|54\/100\n|\n|upkeep\n|turn|2\n|\n|t:|1682847194\n|-end|p1a: Iron Bundle|Quark Drive|[silent]\n|switch|p1a: Gholdengo|Gholdengo, L50|100\/100\n|move|p2a: Gallade|Protect|p2a: Gallade\n|-singleturn|p2a: Gallade|Protect\n|move|p2b: Indeedee|Dazzling Gleam|p1b: Iron Hands|[spread] p1a,p1b\n|-resisted|p1a: Gholdengo\n|-supereffective|p1b: Iron Hands\n|-damage|p1a: Gholdengo|93\/100\n|-damage|p1b: Iron Hands|74\/100\n|move|p1b: Iron Hands|Drain Punch|p2b: Indeedee\n|-damage|p2b: Indeedee|12\/100\n|-heal|p1b: Iron Hands|89\/100|[from] drain|[of] p2b: Indeedee\n|\n|-heal|p1b: Iron Hands|95\/100|[from] item: Leftovers\n|upkeep\n|turn|3\n|\n|t:|1682847208\n|-terastallize|p2a: Gallade|Fire\n|move|p2b: Indeedee|Protect|p2b: Indeedee\n|-singleturn|p2b: Indeedee|Protect\n|move|p1a: Gholdengo|Make It Rain|p2b: Indeedee|[spread] p2a\n|-activate|p2b: Indeedee|move: Protect\n|-resisted|p2a: Gallade\n|-damage|p2a: Gallade|41\/100\n|-unboost|p1a: Gholdengo|spa|1\n|move|p2a: Gallade|Psycho Cut|p1b: Iron Hands\n|-supereffective|p1b: Iron Hands\n|-damage|p1b: Iron Hands|2\/100\n|move|p1b: Iron Hands|Swords Dance|p1b: Iron Hands\n|-boost|p1b: Iron Hands|atk|2\n|\n|-heal|p1b: Iron Hands|9\/100|[from] item: Leftovers\n|upkeep\n|turn|4\n|inactive|ThunderBall101 has 30 seconds left.\n|\n|t:|1682847237\n|move|p1b: Iron Hands|Detect|p1b: Iron Hands\n|-singleturn|p1b: Iron Hands|Protect\n|move|p1a: Gholdengo|Make It Rain|p2a: Gallade|[spread] p2a,p2b\n|-resisted|p2a: Gallade\n|-damage|p2a: Gallade|13\/100\n|-damage|p2b: Indeedee|0 fnt\n|-unboost|p1a: Gholdengo|spa|1\n|faint|p2b: Indeedee\n|move|p2a: Gallade|Aqua Cutter|p1b: Iron Hands\n|-activate|p1b: Iron Hands|move: Protect\n|\n|-heal|p1b: Iron Hands|15\/100|[from] item: Leftovers\n|upkeep\n|\n|t:|1682847244\n|switch|p2b: Chien-Pao|Chien-Pao, L50|100\/100\n|-ability|p2b: Chien-Pao|Sword of Ruin\n|turn|5\n|inactive|ThunderBall101 has 30 seconds left.\n|inactive|ThunderBall101 has 20 seconds left.\n|inactive|ThunderBall101 has 15 seconds left.\n|inactive|ThunderBall101 has 10 seconds left.\n|inactive|ThunderBall101 has 5 seconds left.\n|\n|t:|1682847295\n|move|p2a: Gallade|Protect|p2a: Gallade\n|-singleturn|p2a: Gallade|Protect\n|move|p2b: Chien-Pao|Icy Wind|p1b: Iron Hands|[spread] p1a,p1b\n|-resisted|p1a: Gholdengo\n|-damage|p1a: Gholdengo|86\/100\n|-damage|p1b: Iron Hands|3\/100\n|-unboost|p1a: Gholdengo|spe|1\n|-unboost|p1b: Iron Hands|spe|1\n|move|p1a: Gholdengo|Make It Rain|p2a: Gallade|[spread] p2b\n|-activate|p2a: Gallade|move: Protect\n|-supereffective|p2b: Chien-Pao\n|-enditem|p2b: Chien-Pao|Focus Sash\n|-damage|p2b: Chien-Pao|1\/100\n|-unboost|p1a: Gholdengo|spa|1\n|move|p1b: Iron Hands|Drain Punch|p2b: Chien-Pao\n|-supereffective|p2b: Chien-Pao\n|-damage|p2b: Chien-Pao|0 fnt\n|-heal|p1b: Iron Hands|4\/100|[from] drain|[of] p2b: Chien-Pao\n|faint|p2b: Chien-Pao\n|\n|-heal|p1b: Iron Hands|10\/100|[from] item: Leftovers\n|-fieldend|move: Psychic Terrain\n|upkeep\n|\n|t:|1682847313\n|switch|p2b: Flutter Mane|Flutter Mane, L50|100\/100\n|turn|6\n|\n|t:|1682847330\n|move|p1b: Iron Hands|Detect|p1b: Iron Hands\n|-singleturn|p1b: Iron Hands|Protect\n|move|p2b: Flutter Mane|Shadow Ball|p1a: Gholdengo\n|-supereffective|p1a: Gholdengo\n|-damage|p1a: Gholdengo|7\/100\n|-unboost|p1a: Gholdengo|spd|1\n|move|p2a: Gallade|Aqua Cutter|p1a: Gholdengo\n|-damage|p1a: Gholdengo|0 fnt\n|faint|p1a: Gholdengo\n|\n|-heal|p1b: Iron Hands|16\/100|[from] item: Leftovers\n|upkeep\n|\n|t:|1682847342\n|switch|p1a: Roaring Moon|Roaring Moon, L50|100\/100\n|-enditem|p1a: Roaring Moon|Booster Energy\n|-activate|p1a: Roaring Moon|ability: Protosynthesis|[fromitem]\n|-start|p1a: Roaring Moon|protosynthesisatk\n|turn|7\n|\n|t:|1682847363\n|-terastallize|p1a: Roaring Moon|Flying\n|move|p1a: Roaring Moon|Throat Chop|p2b: Flutter Mane\n|-damage|p2b: Flutter Mane|14\/100\n|-start|p2b: Flutter Mane|Throat Chop|[silent]\n|move|p2b: Flutter Mane|Moonblast|p1a: Roaring Moon\n|-damage|p1a: Roaring Moon|60\/100\n|move|p2a: Gallade|Psycho Cut|p1b: Iron Hands\n|-supereffective|p1b: Iron Hands\n|-crit|p1b: Iron Hands\n|-damage|p1b: Iron Hands|0 fnt\n|faint|p1b: Iron Hands\n|-end|p1b: Iron Hands|Quark Drive|[silent]\n|\n|-heal|p2b: Flutter Mane|20\/100|[from] item: Leftovers\n|upkeep\n|\n|t:|1682847378\n|switch|p1b: Iron Bundle|Iron Bundle, L50|3\/100\n|turn|8\n|inactive|ThunderBall101 has 30 seconds left.\n|\n|t:|1682847407\n|move|p1b: Iron Bundle|Protect|p1b: Iron Bundle\n|-singleturn|p1b: Iron Bundle|Protect\n|move|p2b: Flutter Mane|Moonblast|p1a: Roaring Moon\n|-damage|p1a: Roaring Moon|19\/100\n|-unboost|p1a: Roaring Moon|spa|1\n|move|p1a: Roaring Moon|Throat Chop|p2b: Flutter Mane\n|-crit|p2b: Flutter Mane\n|-damage|p2b: Flutter Mane|0 fnt\n|faint|p2b: Flutter Mane\n|-end|p2b: Flutter Mane|Protosynthesis|[silent]\n|move|p2a: Gallade|Psycho Cut|p1a: Roaring Moon\n|-damage|p1a: Roaring Moon|0 fnt\n|faint|p1a: Roaring Moon\n|-end|p1a: Roaring Moon|Protosynthesis|[silent]\n|\n|upkeep\n|turn|9\n|\n|t:|1682847428\n|move|p1b: Iron Bundle|Freeze-Dry|p2a: Gallade\n|-resisted|p2a: Gallade\n|-damage|p2a: Gallade|0 fnt\n|faint|p2a: Gallade\n|\n|win|SeveralNonSense\n|raw|SeveralNonSense's rating: 1077 → 1110<\/strong> (+33 for winning)\n|raw|ThunderBall101's rating: 1135 → 1106<\/strong> (-29 for losing)\n|l|\u2606ThunderBall101\n","uploadtime":1682847451,"views":17,"p1id":"severalnonsense","p2id":"thunderball101","formatid":"gen9vgc2023regulationc","rating":1106,"private":0,"password":""}