{"id":"gen9vgc2023regulationc-1856729479","p1":"Marinkin","p2":"starburst48763","format":"[Gen 9] VGC 2023 Regulation C","log":"|j|\u2606Marinkin\n|j|\u2606starburst48763\n|t:|1683101986\n|gametype|doubles\n|player|p1|Marinkin|102|1350\n|player|p2|starburst48763|elesa-masters|1309\n|teamsize|p1|6\n|teamsize|p2|6\n|gen|9\n|tier|[Gen 9] VGC 2023 Regulation C\n|rated|\n|rule|Species Clause: Limit one of each Pok\u00e9mon\n|rule|Item Clause: Limit one of each item\n|clearpoke\n|poke|p1|Tyranitar, L50, F|\n|poke|p1|Corviknight, L50, M|\n|poke|p1|Great Tusk, L50|\n|poke|p1|Gastrodon-East, L50, M|\n|poke|p1|Iron Bundle, L50|\n|poke|p1|Chi-Yu, L50|\n|poke|p2|Ceruledge, L50, F|\n|poke|p2|Gyarados, L50, M|\n|poke|p2|Ting-Lu, L50|\n|poke|p2|Glimmora, L50, F|\n|poke|p2|Flutter Mane, L50|\n|poke|p2|Amoonguss, L50, M|\n|teampreview|4\n|\n|t:|1683102018\n|start\n|switch|p1a: Tyranitar|Tyranitar, L50, F|100\/100\n|switch|p1b: Great Tusk|Great Tusk, L50|100\/100\n|switch|p2a: Glimmora|Glimmora, L50, F|100\/100\n|switch|p2b: Flutter Mane|Flutter Mane, L50|100\/100\n|-weather|Sandstorm|[from] ability: Sand Stream|[of] p1a: Tyranitar\n|turn|1\n|\n|t:|1683102042\n|switch|p2a: Gyarados|Gyarados, L50, M|100\/100\n|-ability|p2a: Gyarados|Intimidate|boost\n|-unboost|p1a: Tyranitar|atk|1\n|-unboost|p1b: Great Tusk|atk|1\n|-terastallize|p2b: Flutter Mane|Fairy\n|move|p1b: Great Tusk|Protect|p1b: Great Tusk\n|-singleturn|p1b: Great Tusk|Protect\n|move|p2b: Flutter Mane|Dazzling Gleam|p1a: Tyranitar|[spread] p1a\n|-activate|p1b: Great Tusk|move: Protect\n|-supereffective|p1a: Tyranitar\n|-damage|p1a: Tyranitar|47\/100\n|move|p1a: Tyranitar|Heavy Slam|p2b: Flutter Mane\n|-supereffective|p2b: Flutter Mane\n|-damage|p2b: Flutter Mane|0 fnt\n|faint|p2b: Flutter Mane\n|-end|p2b: Flutter Mane|Protosynthesis|[silent]\n|\n|-weather|Sandstorm|[upkeep]\n|-damage|p2a: Gyarados|94\/100|[from] Sandstorm\n|upkeep\n|\n|t:|1683102053\n|switch|p2b: Glimmora|Glimmora, L50, F|100\/100\n|turn|2\n|\n|t:|1683102093\n|-end|p1b: Great Tusk|Protosynthesis|[silent]\n|switch|p1b: Gastrodon|Gastrodon-East, L50, M, shiny|100\/100\n|-terastallize|p1a: Tyranitar|Flying\n|move|p2b: Glimmora|Spiky Shield|p2b: Glimmora\n|-singleturn|p2b: Glimmora|move: Protect\n|move|p2a: Gyarados|Waterfall|p1b: Gastrodon\n|-activate|p1b: Gastrodon|ability: Storm Drain\n|-ability|p1b: Gastrodon|Storm Drain|boost\n|-boost|p1b: Gastrodon|spa|1\n|move|p1a: Tyranitar|Tera Blast|p2b: Glimmora\n|-activate|p2b: Glimmora|move: Protect\n|\n|-weather|Sandstorm|[upkeep]\n|-damage|p2a: Gyarados|88\/100|[from] Sandstorm\n|-damage|p1a: Tyranitar|41\/100|[from] Sandstorm\n|upkeep\n|turn|3\n|\n|t:|1683102117\n|move|p2b: Glimmora|Energy Ball|p1b: Gastrodon\n|-supereffective|p1b: Gastrodon\n|-damage|p1b: Gastrodon|0 fnt\n|faint|p1b: Gastrodon\n|move|p2a: Gyarados|Taunt|p1a: Tyranitar\n|-start|p1a: Tyranitar|move: Taunt\n|move|p1a: Tyranitar|Rock Slide|p2b: Glimmora|[spread] p2a\n|-miss|p1a: Tyranitar|p2b: Glimmora\n|-supereffective|p2a: Gyarados\n|-damage|p2a: Gyarados|48\/100\n|\n|-weather|Sandstorm|[upkeep]\n|-damage|p2a: Gyarados|42\/100|[from] Sandstorm\n|-damage|p1a: Tyranitar|35\/100|[from] Sandstorm\n|upkeep\n|\n|t:|1683102130\n|switch|p1b: Great Tusk|Great Tusk, L50|100\/100\n|turn|4\n|\n|t:|1683102139\n|move|p2b: Glimmora|Spiky Shield|p2b: Glimmora\n|-singleturn|p2b: Glimmora|move: Protect\n|move|p1b: Great Tusk|Earthquake|p2b: Glimmora|[spread] \n|-activate|p2b: Glimmora|move: Protect\n|-immune|p1a: Tyranitar\n|-immune|p2a: Gyarados\n|move|p2a: Gyarados|Waterfall|p1a: Tyranitar\n|-damage|p1a: Tyranitar|1\/100\n|move|p1a: Tyranitar|Rock Slide|p2b: Glimmora|[spread] p2a\n|-activate|p2b: Glimmora|move: Protect\n|-supereffective|p2a: Gyarados\n|-damage|p2a: Gyarados|9\/100\n|-enditem|p2a: Gyarados|Figy Berry|[eat]\n|-heal|p2a: Gyarados|42\/100|[from] item: Figy Berry\n|\n|-weather|Sandstorm|[upkeep]\n|-damage|p2a: Gyarados|36\/100|[from] Sandstorm\n|-damage|p1a: Tyranitar|0 fnt|[from] Sandstorm\n|faint|p1a: Tyranitar\n|upkeep\n|\n|t:|1683102157\n|switch|p1a: Corviknight|Corviknight, L50, M, shiny|100\/100\n|turn|5\n|\n|t:|1683102170\n|move|p1b: Great Tusk|Protect|p1b: Great Tusk\n|-singleturn|p1b: Great Tusk|Protect\n|move|p2b: Glimmora|Energy Ball|p1b: Great Tusk\n|-activate|p1b: Great Tusk|move: Protect\n|move|p2a: Gyarados|Whirlpool|p1b: Great Tusk\n|-activate|p1b: Great Tusk|move: Protect\n|move|p1a: Corviknight|Brave Bird|p2a: Gyarados\n|-damage|p2a: Gyarados|0 fnt\n|faint|p2a: Gyarados\n|-damage|p1a: Corviknight|89\/100|[from] Recoil\n|\n|-weather|none\n|upkeep\n|\n|t:|1683102172\n|switch|p2a: Ceruledge|Ceruledge, L50, F|100\/100\n|turn|6\n|\n|t:|1683102192\n|move|p1b: Great Tusk|Close Combat|p2a: Ceruledge\n|-immune|p2a: Ceruledge\n|move|p2b: Glimmora|Energy Ball|p1b: Great Tusk\n|-supereffective|p1b: Great Tusk\n|-damage|p1b: Great Tusk|0 fnt\n|faint|p1b: Great Tusk\n|-end|p1b: Great Tusk|Protosynthesis|[silent]\n|move|p2a: Ceruledge|Bitter Blade|p1a: Corviknight\n|-supereffective|p1a: Corviknight\n|-damage|p1a: Corviknight|21\/100\n|move|p1a: Corviknight|Brave Bird|p2a: Ceruledge\n|-crit|p2a: Ceruledge\n|-damage|p2a: Ceruledge|31\/100\n|-damage|p1a: Corviknight|2\/100|[from] Recoil\n|\n|upkeep\n|turn|7\n|\n|t:|1683102207\n|move|p2a: Ceruledge|Shadow Sneak|p1a: Corviknight\n|-damage|p1a: Corviknight|0 fnt\n|faint|p1a: Corviknight\n|\n|win|starburst48763\n|raw|Marinkin's rating: 1350 → 1328<\/strong> (-22 for losing)\n|raw|starburst48763's rating: 1309 → 1331<\/strong> (+22 for winning)\n","uploadtime":1683102212,"views":14,"p1id":"marinkin","p2id":"starburst48763","formatid":"gen9vgc2023regulationc","rating":1328,"private":0,"password":""}