{"id":"gen9vgc2023regulationc-1859301427","p1":"Illoka","p2":"7fig","format":"[Gen 9] VGC 2023 Regulation C","log":"|j|\u2606Illoka\n|j|\u26067fig\n|t:|1683431016\n|gametype|doubles\n|player|p1|Illoka|101|1000\n|player|p2|7fig|102|1054\n|teamsize|p1|6\n|teamsize|p2|6\n|gen|9\n|tier|[Gen 9] VGC 2023 Regulation C\n|rated|\n|rule|Species Clause: Limit one of each Pok\u00e9mon\n|rule|Item Clause: Limit one of each item\n|clearpoke\n|poke|p1|Garchomp, L50, M|\n|poke|p1|Amoonguss, L50, M|\n|poke|p1|Gyarados, L50, F|\n|poke|p1|Hatterene, L50, F|\n|poke|p1|Iron Hands, L50|\n|poke|p1|Torkoal, L50, F|\n|poke|p2|Annihilape, L50, M|\n|poke|p2|Murkrow, L50, M|\n|poke|p2|Chi-Yu, L50|\n|poke|p2|Maushold-Four, L50|\n|poke|p2|Azumarill, L50, M|\n|poke|p2|Flutter Mane, L50|\n|teampreview|4\n|\n|t:|1683431048\n|start\n|switch|p1a: Amoonguss|Amoonguss, L50, M|100\/100\n|switch|p1b: Gyarados|Gyarados, L50, F|100\/100\n|switch|p2a: Flutter Mane|Flutter Mane, L50|100\/100\n|switch|p2b: Chi-Yu|Chi-Yu, L50|100\/100\n|-ability|p2b: Chi-Yu|Beads of Ruin\n|-ability|p1b: Gyarados|Intimidate|boost\n|-unboost|p2a: Flutter Mane|atk|1\n|-unboost|p2b: Chi-Yu|atk|1\n|-enditem|p2a: Flutter Mane|Booster Energy\n|-activate|p2a: Flutter Mane|ability: Protosynthesis|[fromitem]\n|-start|p2a: Flutter Mane|protosynthesisspe\n|turn|1\n|inactive|Battle timer is ON: inactive players will automatically lose when time's up. (requested by 7fig)\n|\n|t:|1683431075\n|move|p2a: Flutter Mane|Protect|p2a: Flutter Mane\n|-singleturn|p2a: Flutter Mane|Protect\n|move|p2b: Chi-Yu|Heat Wave|p1b: Gyarados|[spread] p1a,p1b\n|-supereffective|p1a: Amoonguss\n|-resisted|p1b: Gyarados\n|-damage|p1a: Amoonguss|0 fnt\n|-damage|p1b: Gyarados|70\/100\n|-status|p1b: Gyarados|brn\n|faint|p1a: Amoonguss\n|-damage|p2b: Chi-Yu|90\/100|[from] item: Life Orb\n|move|p1b: Gyarados|Waterfall|p2b: Chi-Yu\n|-supereffective|p2b: Chi-Yu\n|-damage|p2b: Chi-Yu|0 fnt\n|faint|p2b: Chi-Yu\n|-damage|p1b: Gyarados|60\/100 brn|[from] item: Life Orb\n|\n|-damage|p1b: Gyarados|54\/100 brn|[from] brn\n|upkeep\n|\n|t:|1683431093\n|switch|p2b: Azumarill|Azumarill, L50, M|100\/100\n|switch|p1a: Iron Hands|Iron Hands, L50|100\/100\n|turn|2\n|\n|t:|1683431114\n|move|p1b: Gyarados|Protect|p1b: Gyarados\n|-singleturn|p1b: Gyarados|Protect\n|move|p2a: Flutter Mane|Substitute|p2a: Flutter Mane\n|-start|p2a: Flutter Mane|Substitute\n|-damage|p2a: Flutter Mane|76\/100\n|move|p2b: Azumarill|Play Rough|p1a: Iron Hands\n|-supereffective|p1a: Iron Hands\n|-damage|p1a: Iron Hands|16\/100\n|move|p1a: Iron Hands|Wild Charge|p2b: Azumarill\n|-supereffective|p2b: Azumarill\n|-damage|p2b: Azumarill|0 fnt\n|faint|p2b: Azumarill\n|-damage|p1a: Iron Hands|0 fnt|[from] Recoil\n|faint|p1a: Iron Hands\n|-end|p1a: Iron Hands|Quark Drive|[silent]\n|\n|-damage|p1b: Gyarados|48\/100 brn|[from] brn\n|upkeep\n|\n|t:|1683431129\n|switch|p1a: Hatterene|Hatterene, L50, F|100\/100\n|switch|p2b: Annihilape|Annihilape, L50, M|100\/100\n|turn|3\n|\n|t:|1683431149\n|-terastallize|p2b: Annihilape|Poison\n|move|p2a: Flutter Mane|Shadow Ball|p1a: Hatterene\n|-supereffective|p1a: Hatterene\n|-damage|p1a: Hatterene|19\/100\n|-unboost|p1a: Hatterene|spd|1\n|move|p2b: Annihilape|Bulk Up|p2b: Annihilape\n|-boost|p2b: Annihilape|atk|1\n|-boost|p2b: Annihilape|def|1\n|move|p1b: Gyarados|Waterfall|p2b: Annihilape\n|-damage|p2b: Annihilape|83\/100\n|-damage|p1b: Gyarados|38\/100 brn|[from] item: Life Orb\n|move|p1a: Hatterene|Psychic|p2b: Annihilape\n|-supereffective|p2b: Annihilape\n|-damage|p2b: Annihilape|4\/100\n|\n|-heal|p2b: Annihilape|10\/100|[from] item: Leftovers\n|-damage|p1b: Gyarados|32\/100 brn|[from] brn\n|upkeep\n|turn|4\n|inactive|7fig has 30 seconds left.\n|\n|t:|1683431177\n|move|p1b: Gyarados|Protect|p1b: Gyarados\n|-singleturn|p1b: Gyarados|Protect\n|move|p1a: Hatterene|Protect|p1a: Hatterene\n|-singleturn|p1a: Hatterene|Protect\n|move|p2a: Flutter Mane|Shadow Ball|p1a: Hatterene\n|-activate|p1a: Hatterene|move: Protect\n|move|p2b: Annihilape|Rage Fist|p1b: Gyarados\n|-activate|p1b: Gyarados|move: Protect\n|\n|-heal|p2b: Annihilape|16\/100|[from] item: Leftovers\n|-damage|p1b: Gyarados|26\/100 brn|[from] brn\n|upkeep\n|turn|5\n|\n|t:|1683431200\n|move|p2a: Flutter Mane|Shadow Ball|p1a: Hatterene\n|-supereffective|p1a: Hatterene\n|-damage|p1a: Hatterene|0 fnt\n|faint|p1a: Hatterene\n|move|p2b: Annihilape|Rage Fist|p1b: Gyarados\n|-damage|p1b: Gyarados|0 fnt\n|faint|p1b: Gyarados\n|\n|win|7fig\n|raw|Illoka's rating: 1000 → 1000<\/strong> (+0 for losing)\n|raw|7fig's rating: 1054 → 1081<\/strong> (+27 for winning)\n|l|\u2606Illoka\n","uploadtime":1683431214,"views":18,"p1id":"illoka","p2id":"7fig","formatid":"gen9vgc2023regulationc","rating":1000,"private":0,"password":""}