{"id":"gen9vgc2023regulationc-1856689993","p1":"mukdiamond","p2":"hysaaron","format":"[Gen 9] VGC 2023 Regulation C","log":"|j|\u2606mukdiamond\n|j|\u2606hysaaron\n|t:|1683095096\n|gametype|doubles\n|player|p1|mukdiamond|richboy|1084\n|player|p2|hysaaron|266|1101\n|teamsize|p1|6\n|teamsize|p2|6\n|gen|9\n|tier|[Gen 9] VGC 2023 Regulation C\n|rated|\n|rule|Species Clause: Limit one of each Pok\u00e9mon\n|rule|Item Clause: Limit one of each item\n|clearpoke\n|poke|p1|Florges-Blue, L50, F|\n|poke|p1|Meowscarada, L50, F|\n|poke|p1|Dragonite, L50, F|\n|poke|p1|Chien-Pao, L50|\n|poke|p1|Ting-Lu, L50|\n|poke|p1|Oranguru, L50, F|\n|poke|p2|Talonflame, L50, M|\n|poke|p2|Great Tusk, L50|\n|poke|p2|Chi-Yu, L50|\n|poke|p2|Flutter Mane, L50|\n|poke|p2|Amoonguss, L50, F|\n|poke|p2|Gyarados, L50, F|\n|teampreview|4\n|inactive|Battle timer is ON: inactive players will automatically lose when time's up. (requested by mukdiamond)\n|inactive|hysaaron has 60 seconds left.\n|\n|t:|1683095147\n|start\n|switch|p1a: Dragonite|Dragonite, L50, F|100\/100\n|switch|p1b: Oranguru|Oranguru, L50, F|100\/100\n|switch|p2a: Talonflame|Talonflame, L50, M, shiny|100\/100\n|switch|p2b: Great Tusk|Great Tusk, L50, shiny|100\/100\n|turn|1\n|inactive|hysaaron has 30 seconds left.\n|inactive|hysaaron has 20 seconds left.\n|\n|t:|1683095183\n|-end|p2b: Great Tusk|Protosynthesis|[silent]\n|switch|p2b: Gyarados|Gyarados, L50, F, shiny|100\/100\n|-ability|p2b: Gyarados|Intimidate|boost\n|-unboost|p1a: Dragonite|atk|1\n|-unboost|p1b: Oranguru|atk|1\n|-terastallize|p1a: Dragonite|Normal\n|move|p1b: Oranguru|Protect|p1b: Oranguru\n|-singleturn|p1b: Oranguru|Protect\n|move|p1a: Dragonite|Extreme Speed|p2a: Talonflame\n|-enditem|p1a: Dragonite|Normal Gem|[from] gem\n|-activate|p1b: Oranguru|ability: Symbiosis|Life Orb|[of] p1a: Dragonite\n|-damage|p2a: Talonflame|42\/100\n|-damage|p1a: Dragonite|91\/100|[from] item: Life Orb\n|move|p2a: Talonflame|Will-O-Wisp|p1a: Dragonite\n|-status|p1a: Dragonite|brn\n|\n|-damage|p1a: Dragonite|85\/100 brn|[from] brn\n|upkeep\n|turn|2\n|inactive|hysaaron has 30 seconds left.\n|inactive|hysaaron has 20 seconds left.\n|inactive|hysaaron has 15 seconds left.\n|\n|t:|1683095226\n|move|p1a: Dragonite|Aqua Jet|p2a: Talonflame\n|-supereffective|p2a: Talonflame\n|-damage|p2a: Talonflame|25\/100\n|-damage|p1a: Dragonite|75\/100 brn|[from] item: Life Orb\n|move|p2a: Talonflame|Taunt|p1b: Oranguru\n|-start|p1b: Oranguru|move: Taunt\n|move|p2b: Gyarados|Thunder Wave|p1b: Oranguru\n|-status|p1b: Oranguru|par\n|cant|p1b: Oranguru|par\n|\n|-damage|p1a: Dragonite|69\/100 brn|[from] brn\n|upkeep\n|turn|3\n|inactive|hysaaron has 30 seconds left.\n|\n|t:|1683095257\n|switch|p2b: Great Tusk|Great Tusk, L50, shiny|100\/100\n|move|p1a: Dragonite|Extreme Speed|p2a: Talonflame\n|-damage|p2a: Talonflame|2\/100\n|-damage|p1a: Dragonite|60\/100 brn|[from] item: Life Orb\n|move|p2a: Talonflame|Tailwind|p2a: Talonflame\n|-sidestart|p2: hysaaron|move: Tailwind\n|move|p1b: Oranguru|Thunderbolt|p2b: Great Tusk\n|-immune|p2b: Great Tusk\n|\n|-damage|p1a: Dragonite|54\/100 brn|[from] brn\n|upkeep\n|turn|4\n|c|\u2606mukdiamond|you are so lucky that para happened lol\n|inactive|mukdiamond has 30 seconds left.\n|inactive|hysaaron has 30 seconds left.\n|inactive|hysaaron has 20 seconds left.\n|inactive|hysaaron has 15 seconds left.\n|inactive|hysaaron has 10 seconds left.\n|\n|t:|1683095303\n|switch|p2a: Flutter Mane|Flutter Mane, L50|100\/100\n|-enditem|p2a: Flutter Mane|Booster Energy\n|-activate|p2a: Flutter Mane|ability: Protosynthesis|[fromitem]\n|-start|p2a: Flutter Mane|protosynthesisspa\n|move|p2b: Great Tusk|Close Combat|p1a: Dragonite\n|-supereffective|p1a: Dragonite\n|-damage|p1a: Dragonite|0 fnt\n|-unboost|p2b: Great Tusk|def|1\n|-unboost|p2b: Great Tusk|spd|1\n|faint|p1a: Dragonite\n|move|p1b: Oranguru|Hyper Voice|p2a: Flutter Mane|[spread] p2b\n|-immune|p2a: Flutter Mane\n|-damage|p2b: Great Tusk|25\/100\n|\n|-end|p1b: Oranguru|move: Taunt\n|upkeep\n|\n|t:|1683095318\n|switch|p1a: Meowscarada|Meowscarada, L50, F|100\/100\n|turn|5\n|inactive|hysaaron has 30 seconds left.\n|inactive|hysaaron has 20 seconds left.\n|inactive|hysaaron has 15 seconds left.\n|inactive|hysaaron has 10 seconds left.\n|\n|t:|1683095364\n|-terastallize|p2a: Flutter Mane|Steel\n|move|p1a: Meowscarada|Protect|p1a: Meowscarada\n|-singleturn|p1a: Meowscarada|Protect\n|move|p2b: Great Tusk|Close Combat|p1a: Meowscarada\n|-activate|p1a: Meowscarada|move: Protect\n|move|p2a: Flutter Mane|Moonblast|p1a: Meowscarada\n|-activate|p1a: Meowscarada|move: Protect\n|move|p1b: Oranguru|Hyper Voice|p2b: Great Tusk|[spread] p2a,p2b\n|-resisted|p2a: Flutter Mane\n|-damage|p2a: Flutter Mane|87\/100\n|-damage|p2b: Great Tusk|0 fnt\n|faint|p2b: Great Tusk\n|-end|p2b: Great Tusk|Protosynthesis|[silent]\n|\n|upkeep\n|\n|t:|1683095381\n|switch|p2b: Gyarados|Gyarados, L50, F, shiny|100\/100\n|-ability|p2b: Gyarados|Intimidate|boost\n|-unboost|p1a: Meowscarada|atk|1\n|-unboost|p1b: Oranguru|atk|1\n|turn|6\n|\n|t:|1683095405\n|move|p1b: Oranguru|Protect|p1b: Oranguru\n|-singleturn|p1b: Oranguru|Protect\n|move|p2a: Flutter Mane|Moonblast|p1a: Meowscarada\n|-supereffective|p1a: Meowscarada\n|-enditem|p1a: Meowscarada|Focus Sash\n|-damage|p1a: Meowscarada|1\/100\n|move|p2b: Gyarados|Iron Head|p1a: Meowscarada\n|-damage|p1a: Meowscarada|0 fnt\n|faint|p1a: Meowscarada\n|\n|-sideend|p2: hysaaron|move: Tailwind\n|upkeep\n|\n|t:|1683095415\n|switch|p1a: Florges|Florges-Blue, L50, F|100\/100\n|turn|7\n|inactive|hysaaron has 30 seconds left.\n|inactive|hysaaron has 20 seconds left.\n|\n|t:|1683095453\n|move|p2b: Gyarados|Protect|p2b: Gyarados\n|-singleturn|p2b: Gyarados|Protect\n|move|p1a: Florges|Protect|p1a: Florges\n|-singleturn|p1a: Florges|Protect\n|move|p2a: Flutter Mane|Moonblast|p1a: Florges\n|-activate|p1a: Florges|move: Protect\n|move|p1b: Oranguru|Thunderbolt|p2b: Gyarados\n|-activate|p2b: Gyarados|move: Protect\n|\n|upkeep\n|turn|8\n|\n|t:|1683095477\n|move|p2a: Flutter Mane|Moonblast|p1a: Florges\n|-damage|p1a: Florges|57\/100\n|move|p2b: Gyarados|Iron Head|p1a: Florges\n|-supereffective|p1a: Florges\n|-damage|p1a: Florges|15\/100\n|-enditem|p1a: Florges|Liechi Berry|[eat]\n|-boost|p1a: Florges|atk|1|[from] item: Liechi Berry\n|move|p1a: Florges|Moonblast|p2a: Flutter Mane\n|-resisted|p2a: Flutter Mane\n|-damage|p2a: Flutter Mane|71\/100\n|move|p1b: Oranguru|Thunderbolt|p2b: Gyarados\n|-supereffective|p2b: Gyarados\n|-damage|p2b: Gyarados|21\/100\n|-enditem|p2b: Gyarados|Sitrus Berry|[eat]\n|-heal|p2b: Gyarados|46\/100|[from] item: Sitrus Berry\n|\n|upkeep\n|turn|9\n|-message|mukdiamond forfeited.\n|\n|win|hysaaron\n|raw|mukdiamond's rating: 1084 → 1063<\/strong> (-21 for losing)\n|raw|hysaaron's rating: 1101 → 1125<\/strong> (+24 for winning)\n|l|\u2606mukdiamond\n","uploadtime":1683095498,"views":6,"p1id":"mukdiamond","p2id":"hysaaron","formatid":"gen9vgc2023regulationc","rating":1063,"private":0,"password":""}