{"id":"gen9vgc2023regulationc-1863343183","p1":"PokemonPesticide","p2":"Desconocido 187","format":"[Gen 9] VGC 2023 Regulation C","log":"|j|\u2606PokemonPesticide\n|j|\u2606Desconocido 187\n|t:|1684004939\n|gametype|doubles\n|player|p1|PokemonPesticide|rocketgrunt|1174\n|player|p2|Desconocido 187|giovanni|1200\n|teamsize|p1|6\n|teamsize|p2|6\n|gen|9\n|tier|[Gen 9] VGC 2023 Regulation C\n|rated|\n|rule|Species Clause: Limit one of each Pok\u00e9mon\n|rule|Item Clause: Limit one of each item\n|clearpoke\n|poke|p1|Seviper, L50, F|\n|poke|p1|Wo-Chien, L50|\n|poke|p1|Flutter Mane, L50|\n|poke|p1|Gyarados, L50, M|\n|poke|p1|Tauros-Paldea-Blaze, L50, M|\n|poke|p1|Palafin, L50, M|\n|poke|p2|Gastrodon, L50, M|\n|poke|p2|Tyranitar, L50, F|\n|poke|p2|Scizor, L50, F|\n|poke|p2|Gholdengo, L50|\n|poke|p2|Iron Hands, L50|\n|poke|p2|Ceruledge, L50, F|\n|teampreview|4\n|\n|t:|1684004963\n|start\n|switch|p1a: Seviper|Seviper, L50, F|100\/100\n|switch|p1b: Wo-Chien|Wo-Chien, L50|100\/100\n|switch|p2a: Gastrodon|Gastrodon, L50, M|100\/100\n|switch|p2b: Tyranitar|Tyranitar, L50, F|100\/100\n|-ability|p1b: Wo-Chien|Tablets of Ruin\n|-weather|Sandstorm|[from] ability: Sand Stream|[of] p2b: Tyranitar\n|turn|1\n|\n|t:|1684004986\n|move|p2b: Tyranitar|Protect|p2b: Tyranitar\n|-singleturn|p2b: Tyranitar|Protect\n|move|p2a: Gastrodon|Protect|p2a: Gastrodon\n|-singleturn|p2a: Gastrodon|Protect\n|move|p1b: Wo-Chien|Leech Seed|p2a: Gastrodon\n|-activate|p2a: Gastrodon|move: Protect\n|move|p1a: Seviper|Pounce|p2b: Tyranitar\n|-activate|p2b: Tyranitar|move: Protect\n|\n|-weather|Sandstorm|[upkeep]\n|-damage|p1b: Wo-Chien|94\/100|[from] Sandstorm\n|-damage|p1a: Seviper|94\/100|[from] Sandstorm\n|-heal|p1b: Wo-Chien|100\/100|[from] item: Leftovers\n|upkeep\n|turn|2\n|\n|t:|1684005026\n|-terastallize|p2b: Tyranitar|Flying\n|move|p1b: Wo-Chien|Leech Seed|p2a: Gastrodon\n|-start|p2a: Gastrodon|move: Leech Seed\n|move|p1a: Seviper|Pounce|p2b: Tyranitar\n|-resisted|p2b: Tyranitar\n|-damage|p2b: Tyranitar|98\/100\n|-unboost|p2b: Tyranitar|spe|1\n|move|p2a: Gastrodon|Ice Beam|p1b: Wo-Chien\n|-supereffective|p1b: Wo-Chien\n|-damage|p1b: Wo-Chien|70\/100\n|move|p2b: Tyranitar|Tera Blast|p1b: Wo-Chien\n|-supereffective|p1b: Wo-Chien\n|-damage|p1b: Wo-Chien|25\/100\n|\n|-weather|Sandstorm|[upkeep]\n|-damage|p1b: Wo-Chien|19\/100|[from] Sandstorm\n|-damage|p1a: Seviper|88\/100|[from] Sandstorm\n|-heal|p1b: Wo-Chien|25\/100|[from] item: Leftovers\n|-damage|p2a: Gastrodon|88\/100|[from] Leech Seed|[of] p1b: Wo-Chien\n|-heal|p1b: Wo-Chien|39\/100|[silent]\n|upkeep\n|turn|3\n|\n|t:|1684005049\n|switch|p2a: Scizor|Scizor, L50, F|100\/100\n|move|p1b: Wo-Chien|Protect|p1b: Wo-Chien\n|-singleturn|p1b: Wo-Chien|Protect\n|move|p1a: Seviper|Snarl|p2a: Scizor|[spread] p2a,p2b\n|-damage|p2a: Scizor|90\/100\n|-damage|p2b: Tyranitar|91\/100\n|-unboost|p2a: Scizor|spa|1\n|-unboost|p2b: Tyranitar|spa|1\n|move|p2b: Tyranitar|Tera Blast|p1b: Wo-Chien\n|-activate|p1b: Wo-Chien|move: Protect\n|\n|-weather|Sandstorm|[upkeep]\n|-damage|p1b: Wo-Chien|33\/100|[from] Sandstorm\n|-damage|p1a: Seviper|82\/100|[from] Sandstorm\n|-heal|p1b: Wo-Chien|39\/100|[from] item: Leftovers\n|upkeep\n|turn|4\n|\n|t:|1684005067\n|switch|p1b: Tauros|Tauros-Paldea-Blaze, L50, M|100\/100\n|-ability|p1b: Tauros|Intimidate|boost\n|-unboost|p2a: Scizor|atk|1\n|-unboost|p2b: Tyranitar|atk|1\n|move|p2a: Scizor|U-turn|p1b: Tauros\n|-resisted|p1b: Tauros\n|-damage|p1b: Tauros|94\/100\n|\n|t:|1684005078\n|switch|p2a: Gastrodon|Gastrodon, L50, M|88\/100|[from] U-turn\n|move|p1a: Seviper|Wrap|p2b: Tyranitar\n|-damage|p2b: Tyranitar|88\/100\n|-activate|p2b: Tyranitar|move: Wrap|[of] p1a: Seviper\n|move|p2b: Tyranitar|Rock Slide|p1a: Seviper|[spread] p1a\n|-miss|p2b: Tyranitar|p1b: Tauros\n|-damage|p1a: Seviper|60\/100\n|\n|-weather|Sandstorm|[upkeep]\n|-damage|p1b: Tauros|88\/100|[from] Sandstorm\n|-damage|p1a: Seviper|54\/100|[from] Sandstorm\n|-heal|p2a: Gastrodon|94\/100|[from] item: Leftovers\n|-damage|p2b: Tyranitar|76\/100|[from] move: Wrap|[partiallytrapped]\n|upkeep\n|turn|5\n|\n|t:|1684005122\n|move|p1b: Tauros|Will-O-Wisp|p2b: Tyranitar\n|-status|p2b: Tyranitar|brn\n|move|p1a: Seviper|Poison Fang|p2a: Gastrodon\n|-resisted|p2a: Gastrodon\n|-damage|p2a: Gastrodon|87\/100\n|-status|p2a: Gastrodon|tox\n|move|p2a: Gastrodon|Muddy Water|p1a: Seviper|[spread] p1a\n|-miss|p2a: Gastrodon|p1b: Tauros\n|-damage|p1a: Seviper|37\/100\n|move|p2b: Tyranitar|Rock Slide|p1a: Seviper|[spread] p1b\n|-miss|p2b: Tyranitar|p1a: Seviper\n|-damage|p1b: Tauros|79\/100\n|\n|-weather|none\n|-heal|p2a: Gastrodon|93\/100 tox|[from] item: Leftovers\n|-damage|p2a: Gastrodon|87\/100 tox|[from] psn\n|-damage|p2b: Tyranitar|70\/100 brn|[from] brn\n|-damage|p2b: Tyranitar|58\/100 brn|[from] move: Wrap|[partiallytrapped]\n|upkeep\n|turn|6\n|\n|t:|1684005158\n|switch|p1b: Wo-Chien|Wo-Chien, L50|39\/100\n|-ability|p1b: Wo-Chien|Tablets of Ruin\n|move|p1a: Seviper|Wrap|p2a: Gastrodon\n|-damage|p2a: Gastrodon|84\/100 tox\n|-activate|p2a: Gastrodon|move: Wrap|[of] p1a: Seviper\n|move|p2a: Gastrodon|Muddy Water|p1a: Seviper|[spread] p1a,p1b\n|-resisted|p1b: Wo-Chien\n|-damage|p1a: Seviper|18\/100\n|-damage|p1b: Wo-Chien|31\/100\n|-unboost|p1b: Wo-Chien|accuracy|1\n|move|p2b: Tyranitar|Crunch|p1a: Seviper\n|-damage|p1a: Seviper|7\/100\n|\n|-heal|p1b: Wo-Chien|37\/100|[from] item: Leftovers\n|-heal|p2a: Gastrodon|90\/100 tox|[from] item: Leftovers\n|-damage|p2a: Gastrodon|78\/100 tox|[from] psn\n|-damage|p2b: Tyranitar|52\/100 brn|[from] brn\n|-damage|p2a: Gastrodon|66\/100 tox|[from] move: Wrap|[partiallytrapped]\n|-damage|p2b: Tyranitar|40\/100 brn|[from] move: Wrap|[partiallytrapped]\n|upkeep\n|turn|7\n|\n|t:|1684005189\n|move|p1b: Wo-Chien|Pollen Puff|p1a: Seviper\n|-heal|p1a: Seviper|57\/100\n|move|p1a: Seviper|Snarl|p2a: Gastrodon|[spread] p2a,p2b\n|-damage|p2a: Gastrodon|58\/100 tox\n|-damage|p2b: Tyranitar|34\/100 brn\n|-unboost|p2a: Gastrodon|spa|1\n|-unboost|p2b: Tyranitar|spa|1\n|move|p2a: Gastrodon|Muddy Water|p1b: Wo-Chien|[spread] p1a\n|-miss|p2a: Gastrodon|p1b: Wo-Chien\n|-damage|p1a: Seviper|45\/100\n|move|p2b: Tyranitar|Tera Blast|p1b: Wo-Chien\n|-supereffective|p1b: Wo-Chien\n|-damage|p1b: Wo-Chien|21\/100\n|\n|-heal|p1b: Wo-Chien|28\/100|[from] item: Leftovers\n|-heal|p2a: Gastrodon|64\/100 tox|[from] item: Leftovers\n|-damage|p2a: Gastrodon|46\/100 tox|[from] psn\n|-damage|p2b: Tyranitar|28\/100 brn|[from] brn\n|-damage|p2a: Gastrodon|34\/100 tox|[from] move: Wrap|[partiallytrapped]\n|-damage|p2b: Tyranitar|16\/100 brn|[from] move: Wrap|[partiallytrapped]\n|upkeep\n|turn|8\n|-message|Desconocido 187 forfeited.\n|\n|win|PokemonPesticide\n|raw|PokemonPesticide's rating: 1174 → 1201<\/strong> (+27 for winning)\n|raw|Desconocido 187's rating: 1200 → 1173<\/strong> (-27 for losing)\n|l|\u2606Desconocido 187\n","uploadtime":1684005219,"views":13,"p1id":"pokemonpesticide","p2id":"desconocido187","formatid":"gen9vgc2023regulationc","rating":1173,"private":0,"password":""}