{"id":"gen9vgc2023regulationc-1860373877","p1":"jitumonika","p2":"CbuttyVGC","format":"[Gen 9] VGC 2023 Regulation C","log":"|j|\u2606jitumonika\n|j|\u2606CbuttyVGC\n|t:|1683638404\n|gametype|doubles\n|player|p1|jitumonika|sailor|1340\n|player|p2|CbuttyVGC|acetrainer-gen4dp|1341\n|teamsize|p1|6\n|teamsize|p2|6\n|gen|9\n|tier|[Gen 9] VGC 2023 Regulation C\n|rated|\n|rule|Species Clause: Limit one of each Pok\u00e9mon\n|rule|Item Clause: Limit one of each item\n|clearpoke\n|poke|p1|Chien-Pao, L50|\n|poke|p1|Great Tusk, L50|\n|poke|p1|Flutter Mane, L50|\n|poke|p1|Arcanine, L50, M|\n|poke|p1|Iron Bundle, L50|\n|poke|p1|Amoonguss, L50, F|\n|poke|p2|Tyranitar, L50, F|\n|poke|p2|Houndstone, L50, F|\n|poke|p2|Flutter Mane, L50|\n|poke|p2|Palafin, L50, F|\n|poke|p2|Brute Bonnet, L50|\n|poke|p2|Chi-Yu, L50|\n|teampreview|4\n|inactive|Battle timer is ON: inactive players will automatically lose when time's up. (requested by CbuttyVGC)\n|inactive|jitumonika also wants the timer to be on.\n|inactive|CbuttyVGC has 60 seconds left.\n|inactive|CbuttyVGC has 30 seconds left.\n|inactive|CbuttyVGC has 20 seconds left.\n|inactive|CbuttyVGC has 15 seconds left.\n|\n|t:|1683638481\n|start\n|switch|p1a: Iron Bundle|Iron Bundle, L50|100\/100\n|switch|p1b: Flutter Mane|Flutter Mane, L50|100\/100\n|switch|p2a: Joundstone|Houndstone, L50, F|100\/100\n|switch|p2b: Jyranitar|Tyranitar, L50, F|100\/100\n|-weather|Sandstorm|[from] ability: Sand Stream|[of] p2b: Jyranitar\n|-enditem|p1a: Iron Bundle|Booster Energy\n|-activate|p1a: Iron Bundle|ability: Quark Drive|[fromitem]\n|-start|p1a: Iron Bundle|quarkdrivespe\n|turn|1\n|l|\u2606jitumonika\n|inactive|jitumonika disconnected and has a minute to reconnect!\n|player|p1|\n|inactive|jitumonika has 30 seconds left.\n|j|\u2606jitumonika\n|inactive|jitumonika reconnected and has 25 seconds left.\n|player|p1|jitumonika|sailor\n|inactive|jitumonika has 20 seconds left.\n|inactive|jitumonika has 15 seconds left.\n|\n|t:|1683638522\n|-terastallize|p1a: Iron Bundle|Ghost\n|move|p1a: Iron Bundle|Icy Wind|p2b: Jyranitar|[spread] p2a,p2b\n|-damage|p2a: Joundstone|80\/100\n|-damage|p2b: Jyranitar|92\/100\n|-unboost|p2a: Joundstone|spe|1\n|-unboost|p2b: Jyranitar|spe|1\n|move|p1b: Flutter Mane|Shadow Ball|p2a: Joundstone\n|-supereffective|p2a: Joundstone\n|-crit|p2a: Joundstone\n|-damage|p2a: Joundstone|0 fnt\n|faint|p2a: Joundstone\n|move|p2b: Jyranitar|Rock Slide|p1b: Flutter Mane|[spread] p1a,p1b\n|-damage|p1a: Iron Bundle|61\/100\n|-damage|p1b: Flutter Mane|48\/100\n|\n|-weather|Sandstorm|[upkeep]\n|-damage|p1a: Iron Bundle|55\/100|[from] Sandstorm\n|-damage|p1b: Flutter Mane|43\/100|[from] Sandstorm\n|upkeep\n|\n|t:|1683638542\n|switch|p2a: Jrute Jonnet|Brute Bonnet, L50|100\/100\n|turn|2\n|\n|t:|1683638558\n|move|p2a: Jrute Jonnet|Sucker Punch|p1a: Iron Bundle\n|-supereffective|p1a: Iron Bundle\n|-damage|p1a: Iron Bundle|0 fnt\n|faint|p1a: Iron Bundle\n|-end|p1a: Iron Bundle|Quark Drive|[silent]\n|move|p1b: Flutter Mane|Shadow Ball|p2a: Jrute Jonnet\n|-resisted|p2a: Jrute Jonnet\n|-damage|p2a: Jrute Jonnet|72\/100\n|move|p2b: Jyranitar|Rock Slide|p1b: Flutter Mane\n|-damage|p1b: Flutter Mane|0 fnt\n|faint|p1b: Flutter Mane\n|-end|p1b: Flutter Mane|Protosynthesis|[silent]\n|\n|-weather|Sandstorm|[upkeep]\n|-damage|p2a: Jrute Jonnet|66\/100|[from] Sandstorm\n|upkeep\n|\n|t:|1683638565\n|switch|p1a: Great Tusk|Great Tusk, L50|100\/100\n|switch|p1b: Chien-Pao|Chien-Pao, L50|100\/100\n|-ability|p1b: Chien-Pao|Sword of Ruin\n|turn|3\n|\n|t:|1683638587\n|-terastallize|p2a: Jrute Jonnet|Poison\n|move|p1b: Chien-Pao|Protect|p1b: Chien-Pao\n|-singleturn|p1b: Chien-Pao|Protect\n|move|p1a: Great Tusk|Stone Edge|p2b: Jyranitar\n|-damage|p2b: Jyranitar|50\/100\n|move|p2a: Jrute Jonnet|Spore|p1a: Great Tusk\n|-status|p1a: Great Tusk|slp|[from] move: Spore\n|move|p2b: Jyranitar|Rock Slide|p1b: Chien-Pao|[spread] p1a\n|-activate|p1b: Chien-Pao|move: Protect\n|-resisted|p1a: Great Tusk\n|-damage|p1a: Great Tusk|93\/100 slp\n|\n|-weather|Sandstorm|[upkeep]\n|-damage|p1b: Chien-Pao|95\/100|[from] Sandstorm\n|-damage|p2a: Jrute Jonnet|61\/100|[from] Sandstorm\n|upkeep\n|turn|4\n|inactive|CbuttyVGC has 30 seconds left.\n|\n|t:|1683638614\n|-end|p2a: Jrute Jonnet|Protosynthesis|[silent]\n|switch|p2a: Jhi-Ju|Chi-Yu, L50|100\/100\n|-ability|p2a: Jhi-Ju|Beads of Ruin\n|cant|p1a: Great Tusk|slp\n|move|p1b: Chien-Pao|Sacred Sword|p2b: Jyranitar\n|-supereffective|p2b: Jyranitar\n|-damage|p2b: Jyranitar|0 fnt\n|faint|p2b: Jyranitar\n|\n|-weather|Sandstorm|[upkeep]\n|-damage|p1b: Chien-Pao|89\/100|[from] Sandstorm\n|upkeep\n|\n|t:|1683638622\n|switch|p2b: Jrute Jonnet|Brute Bonnet, L50, tera:Poison|61\/100\n|turn|5\n|\n|t:|1683638633\n|move|p1b: Chien-Pao|Protect|p1b: Chien-Pao\n|-singleturn|p1b: Chien-Pao|Protect\n|move|p2b: Jrute Jonnet|Rage Powder|p2b: Jrute Jonnet\n|-singleturn|p2b: Jrute Jonnet|move: Rage Powder\n|cant|p1a: Great Tusk|slp\n|move|p2a: Jhi-Ju|Heat Wave|p1b: Chien-Pao|[spread] p1a\n|-activate|p1b: Chien-Pao|move: Protect\n|-damage|p1a: Great Tusk|14\/100 slp\n|\n|-weather|none\n|upkeep\n|turn|6\n|\n|t:|1683638644\n|move|p2b: Jrute Jonnet|Rage Powder|p2b: Jrute Jonnet\n|-singleturn|p2b: Jrute Jonnet|move: Rage Powder\n|-curestatus|p1a: Great Tusk|slp|[msg]\n|move|p1a: Great Tusk|Stone Edge|p2b: Jrute Jonnet\n|-damage|p2b: Jrute Jonnet|16\/100\n|move|p1b: Chien-Pao|Ice Spinner|p2b: Jrute Jonnet\n|-damage|p2b: Jrute Jonnet|0 fnt\n|faint|p2b: Jrute Jonnet\n|-end|p2b: Jrute Jonnet|Protosynthesis|[silent]\n|move|p2a: Jhi-Ju|Heat Wave|p1a: Great Tusk|[spread] p1b\n|-miss|p2a: Jhi-Ju|p1a: Great Tusk\n|-supereffective|p1b: Chien-Pao\n|-damage|p1b: Chien-Pao|0 fnt\n|faint|p1b: Chien-Pao\n|\n|upkeep\n|turn|7\n|c|\u2606CbuttyVGC|DAMN YOU HEAT WAVE\n|\n|t:|1683638668\n|move|p2a: Jhi-Ju|Protect|p2a: Jhi-Ju\n|-singleturn|p2a: Jhi-Ju|Protect\n|move|p1a: Great Tusk|Stone Edge|p2a: Jhi-Ju\n|-activate|p2a: Jhi-Ju|move: Protect\n|\n|upkeep\n|turn|8\n|\n|t:|1683638675\n|move|p1a: Great Tusk|Stone Edge|p2a: Jhi-Ju\n|-supereffective|p2a: Jhi-Ju\n|-damage|p2a: Jhi-Ju|0 fnt\n|faint|p2a: Jhi-Ju\n|\n|win|jitumonika\n|raw|jitumonika's rating: 1321 → 1342<\/strong> (+21 for winning)\n|raw|CbuttyVGC's rating: 1341 → 1320<\/strong> (-21 for losing)\n","uploadtime":1683638680,"views":11,"p1id":"jitumonika","p2id":"cbuttyvgc","formatid":"gen9vgc2023regulationc","rating":1320,"private":0,"password":""}