{"id":"gen9vgc2023regulationc-1860638754","p1":"ikarusdj","p2":"Topperlecat","format":"[Gen 9] VGC 2023 Regulation C","log":"|j|\u2606ikarusdj\n|j|\u2606Topperlecat\n|t:|1683661487\n|gametype|doubles\n|player|p1|ikarusdj|170|1375\n|player|p2|Topperlecat|n|1356\n|teamsize|p1|6\n|teamsize|p2|6\n|gen|9\n|tier|[Gen 9] VGC 2023 Regulation C\n|rated|\n|rule|Species Clause: Limit one of each Pok\u00e9mon\n|rule|Item Clause: Limit one of each item\n|clearpoke\n|poke|p1|Chi-Yu, L50|\n|poke|p1|Dachsbun, L50, F|\n|poke|p1|Dragonite, L50, F|\n|poke|p1|Flutter Mane, L50|\n|poke|p1|Azumarill, L50, F|\n|poke|p1|Chien-Pao, L50|\n|poke|p2|Corviknight, L50, M|\n|poke|p2|Palafin, L50, F|\n|poke|p2|Ting-Lu, L50|\n|poke|p2|Annihilape, L50, F|\n|poke|p2|Maushold, L50|\n|poke|p2|Mimikyu, L50, M|\n|teampreview|4\n|\n|t:|1683661533\n|start\n|switch|p1a: Chi-Yu|Chi-Yu, L50|100\/100\n|switch|p1b: Dachsbun|Dachsbun, L50, F|100\/100\n|switch|p2a: Mimikyu|Mimikyu, L50, M|100\/100\n|switch|p2b: no.|Maushold, L50|100\/100\n|-ability|p1a: Chi-Yu|Beads of Ruin\n|turn|1\n|\n|t:|1683661584\n|move|p1a: Chi-Yu|Lava Plume|p2b: no.|[spread] p2a,p2b\n|-ability|p1b: Dachsbun|Well-Baked Body|boost\n|-boost|p1b: Dachsbun|def|2\n|-activate|p2a: Mimikyu|ability: Disguise\n|-damage|p2a: Mimikyu|100\/100\n|-damage|p2b: no.|47\/100\n|detailschange|p2a: Mimikyu|Mimikyu-Busted, L50, M\n|-damage|p2a: Mimikyu|88\/100|[from] pokemon: Mimikyu-Busted\n|move|p2b: no.|Super Fang|p1b: Dachsbun\n|-damage|p1b: Dachsbun|50\/100\n|move|p2a: Mimikyu|Curse|p1b: Dachsbun\n|-start|p1b: Dachsbun|Curse|[of] p2a: Mimikyu\n|-damage|p2a: Mimikyu|38\/100\n|-enditem|p2a: Mimikyu|Sitrus Berry|[eat]\n|-heal|p2a: Mimikyu|63\/100|[from] item: Sitrus Berry\n|move|p1b: Dachsbun|Body Press|p2b: no.\n|-supereffective|p2b: no.\n|-damage|p2b: no.|0 fnt\n|faint|p2b: no.\n|\n|-heal|p1b: Dachsbun|57\/100|[from] item: Leftovers\n|-damage|p1b: Dachsbun|32\/100|[from] Curse\n|upkeep\n|\n|t:|1683661616\n|switch|p2b: man im dead|Annihilape, L50, F|100\/100\n|turn|2\n|\n|t:|1683661630\n|move|p2b: man im dead|Protect|p2b: man im dead\n|-singleturn|p2b: man im dead|Protect\n|move|p2a: Mimikyu|Shadow Sneak|p1b: Dachsbun\n|-damage|p1b: Dachsbun|22\/100\n|move|p1a: Chi-Yu|Lava Plume|p2b: man im dead|[spread] p2a\n|-activate|p2b: man im dead|move: Protect\n|-ability|p1b: Dachsbun|Well-Baked Body|boost\n|-boost|p1b: Dachsbun|def|2\n|-damage|p2a: Mimikyu|22\/100\n|move|p1b: Dachsbun|Yawn|p2b: man im dead\n|-activate|p2b: man im dead|move: Protect\n|\n|-heal|p1b: Dachsbun|29\/100|[from] item: Leftovers\n|-damage|p1b: Dachsbun|4\/100|[from] Curse\n|upkeep\n|turn|3\n|\n|t:|1683661652\n|-terastallize|p2b: man im dead|Fire\n|move|p2a: Mimikyu|Shadow Sneak|p1b: Dachsbun\n|-damage|p1b: Dachsbun|0 fnt\n|faint|p1b: Dachsbun\n|move|p1a: Chi-Yu|Lava Plume|p2b: man im dead|[spread] p2a,p2b\n|-resisted|p2b: man im dead\n|-damage|p2a: Mimikyu|0 fnt\n|-damage|p2b: man im dead|83\/100\n|faint|p2a: Mimikyu\n|move|p2b: man im dead|Bulk Up|p2b: man im dead\n|-boost|p2b: man im dead|atk|1\n|-boost|p2b: man im dead|def|1\n|\n|-heal|p2b: man im dead|89\/100|[from] item: Leftovers\n|upkeep\n|\n|t:|1683661664\n|switch|p2a: the biggest bird|Corviknight, L50, M|100\/100\n|switch|p1b: Flutter Mane|Flutter Mane, L50|100\/100\n|-enditem|p1b: Flutter Mane|Booster Energy\n|-activate|p1b: Flutter Mane|ability: Protosynthesis|[fromitem]\n|-start|p1b: Flutter Mane|protosynthesisspe\n|turn|4\n|\n|t:|1683661677\n|switch|p1a: Chien-Pao|Chien-Pao, L50|100\/100\n|-ability|p1a: Chien-Pao|Sword of Ruin\n|move|p1b: Flutter Mane|Perish Song|p1b: Flutter Mane\n|-start|p1a: Chien-Pao|perish3|[silent]\n|-start|p1b: Flutter Mane|perish3|[silent]\n|-start|p2a: the biggest bird|perish3|[silent]\n|-start|p2b: man im dead|perish3|[silent]\n|-fieldactivate|move: Perish Song\n|move|p2b: man im dead|Drain Punch|p1a: Chien-Pao\n|-supereffective|p1a: Chien-Pao\n|-enditem|p1a: Chien-Pao|Focus Sash\n|-damage|p1a: Chien-Pao|1\/100\n|-heal|p2b: man im dead|100\/100|[from] drain|[of] p1a: Chien-Pao\n|move|p2a: the biggest bird|Iron Head|p1b: Flutter Mane\n|-supereffective|p1b: Flutter Mane\n|-damage|p1b: Flutter Mane|0 fnt\n|faint|p1b: Flutter Mane\n|-end|p1b: Flutter Mane|Protosynthesis|[silent]\n|\n|-start|p1a: Chien-Pao|perish3\n|-start|p2b: man im dead|perish3\n|-start|p2a: the biggest bird|perish3\n|upkeep\n|\n|t:|1683661694\n|switch|p1b: Chi-Yu|Chi-Yu, L50|100\/100\n|-ability|p1b: Chi-Yu|Beads of Ruin\n|turn|5\n|\n|t:|1683661730\n|move|p1a: Chien-Pao|Protect|p1a: Chien-Pao\n|-singleturn|p1a: Chien-Pao|Protect\n|move|p1b: Chi-Yu|Heat Wave|p2b: man im dead|[spread] p2a,p2b\n|-supereffective|p2a: the biggest bird\n|-resisted|p2b: man im dead\n|-damage|p2a: the biggest bird|10\/100\n|-damage|p2b: man im dead|81\/100\n|move|p2b: man im dead|Drain Punch|p1b: Chi-Yu\n|-supereffective|p1b: Chi-Yu\n|-damage|p1b: Chi-Yu|0 fnt\n|-heal|p2b: man im dead|100\/100|[from] drain|[of] p1b: Chi-Yu\n|faint|p1b: Chi-Yu\n|move|p2a: the biggest bird|Iron Head|p1a: Chien-Pao\n|-activate|p1a: Chien-Pao|move: Protect\n|\n|-start|p1a: Chien-Pao|perish2\n|-start|p2b: man im dead|perish2\n|-start|p2a: the biggest bird|perish2\n|upkeep\n|turn|6\n|\n|t:|1683661749\n|move|p1a: Chien-Pao|Sucker Punch|p2a: the biggest bird\n|-damage|p2a: the biggest bird|0 fnt\n|faint|p2a: the biggest bird\n|move|p2b: man im dead|Drain Punch|p1a: Chien-Pao\n|-supereffective|p1a: Chien-Pao\n|-crit|p1a: Chien-Pao\n|-damage|p1a: Chien-Pao|0 fnt\n|faint|p1a: Chien-Pao\n|\n|win|Topperlecat\n|raw|ikarusdj's rating: 1375 → 1354<\/strong> (-21 for losing)\n|raw|Topperlecat's rating: 1356 → 1377<\/strong> (+21 for winning)\n|l|\u2606ikarusdj\n","uploadtime":1683661762,"views":13,"p1id":"ikarusdj","p2id":"topperlecat","formatid":"gen9vgc2023regulationc","rating":1354,"private":0,"password":""}