{"id":"gen9vgc2023regulationc-1851074879","p1":"absolic22","p2":"Gholdjunge","format":"[Gen 9] VGC 2023 Regulation C","log":"|j|\u2606absolic22\n|j|\u2606Gholdjunge\n|t:|1682404766\n|gametype|doubles\n|player|p1|absolic22|barry|1317\n|player|p2|Gholdjunge|youngster-gen2|1386\n|teamsize|p1|6\n|teamsize|p2|6\n|gen|9\n|tier|[Gen 9] VGC 2023 Regulation C\n|rated|\n|rule|Species Clause: Limit one of each Pok\u00e9mon\n|rule|Item Clause: Limit one of each item\n|clearpoke\n|poke|p1|Scizor, L50, F|\n|poke|p1|Dragonite, L50, F|\n|poke|p1|Chien-Pao, L50|\n|poke|p1|Arcanine, L50, M|\n|poke|p1|Iron Bundle, L50|\n|poke|p1|Amoonguss, L50, M|\n|poke|p2|Azumarill, L50, M|\n|poke|p2|Pelipper, L50, F|\n|poke|p2|Chien-Pao, L50|\n|poke|p2|Amoonguss, L50, F|\n|poke|p2|Iron Hands, L50|\n|poke|p2|Flutter Mane, L50|\n|teampreview|4\n|inactive|Battle timer is ON: inactive players will automatically lose when time's up. (requested by Gholdjunge)\n|\n|t:|1682404859\n|start\n|switch|p1a: Scizor|Scizor, L50, F|100\/100\n|switch|p1b: Dragonite|Dragonite, L50, F|100\/100\n|switch|p2a: Flutter Mane|Flutter Mane, L50|100\/100\n|switch|p2b: Chien-Pao|Chien-Pao, L50|100\/100\n|-ability|p2b: Chien-Pao|Sword of Ruin\n|turn|1\n|inactive|Gholdjunge has 30 seconds left.\n|inactive|Gholdjunge has 20 seconds left.\n|inactive|Gholdjunge has 15 seconds left.\n|\n|t:|1682404903\n|-end|p2a: Flutter Mane|Protosynthesis|[silent]\n|switch|p2a: Iron Hands|Iron Hands, L50|100\/100\n|move|p2b: Chien-Pao|Protect|p2b: Chien-Pao\n|-singleturn|p2b: Chien-Pao|Protect\n|move|p1b: Dragonite|Extreme Speed|p2b: Chien-Pao\n|-activate|p2b: Chien-Pao|move: Protect\n|move|p1a: Scizor|Bullet Punch|p2a: Iron Hands\n|-resisted|p2a: Iron Hands\n|-damage|p2a: Iron Hands|86\/100\n|\n|upkeep\n|turn|2\n|inactive|Gholdjunge has 30 seconds left.\n|\n|t:|1682404935\n|switch|p1a: Amoonguss|Amoonguss, L50, M|100\/100\n|-terastallize|p2b: Chien-Pao|Ghost\n|move|p1b: Dragonite|Extreme Speed|p2b: Chien-Pao\n|-immune|p2b: Chien-Pao\n|move|p2b: Chien-Pao|Ice Spinner|p1b: Dragonite\n|-supereffective|p1b: Dragonite\n|-damage|p1b: Dragonite|0 fnt\n|faint|p1b: Dragonite\n|move|p2a: Iron Hands|Swords Dance|p2a: Iron Hands\n|-boost|p2a: Iron Hands|atk|2\n|\n|upkeep\n|inactive|absolic22 has 30 seconds left.\n|\n|t:|1682404961\n|switch|p1b: Iron Bundle|Iron Bundle, L50|100\/100\n|turn|3\n|\n|t:|1682404975\n|move|p1b: Iron Bundle|Protect|p1b: Iron Bundle\n|-singleturn|p1b: Iron Bundle|Protect\n|move|p2b: Chien-Pao|Ice Spinner|p1a: Amoonguss\n|-supereffective|p1a: Amoonguss\n|-damage|p1a: Amoonguss|27\/100\n|-damage|p2b: Chien-Pao|84\/100|[from] item: Rocky Helmet|[of] p1a: Amoonguss\n|move|p2a: Iron Hands|Drain Punch|p1b: Iron Bundle\n|-activate|p1b: Iron Bundle|move: Protect\n|move|p1a: Amoonguss|Spore|p2a: Iron Hands\n|-activate|p2a: Iron Hands|item: Safety Goggles|Spore\n|\n|upkeep\n|turn|4\n|\n|t:|1682404998\n|switch|p1a: Scizor|Scizor, L50, F|100\/100\n|-terastallize|p1b: Iron Bundle|Water\n|move|p2b: Chien-Pao|Protect|p2b: Chien-Pao\n|-singleturn|p2b: Chien-Pao|Protect\n|move|p1b: Iron Bundle|Hydro Pump|p2a: Iron Hands\n|-damage|p2a: Iron Hands|23\/100\n|move|p2a: Iron Hands|Drain Punch|p1b: Iron Bundle\n|-damage|p1b: Iron Bundle|0 fnt\n|-heal|p2a: Iron Hands|52\/100|[from] drain|[of] p1b: Iron Bundle\n|faint|p1b: Iron Bundle\n|-end|p1b: Iron Bundle|Quark Drive|[silent]\n|\n|upkeep\n|\n|t:|1682405011\n|switch|p1b: Amoonguss|Amoonguss, L50, M|60\/100\n|turn|5\n|inactive|absolic22 has 30 seconds left.\n|\n|t:|1682405041\n|move|p2b: Chien-Pao|Ice Spinner|p1b: Amoonguss\n|-supereffective|p1b: Amoonguss\n|-damage|p1b: Amoonguss|0 fnt\n|-damage|p2b: Chien-Pao|68\/100|[from] item: Rocky Helmet|[of] p1b: Amoonguss\n|faint|p1b: Amoonguss\n|move|p1a: Scizor|Close Combat|p2a: Iron Hands\n|-damage|p2a: Iron Hands|9\/100\n|-unboost|p1a: Scizor|def|1\n|-unboost|p1a: Scizor|spd|1\n|move|p2a: Iron Hands|Drain Punch|p1a: Scizor\n|-damage|p1a: Scizor|0 fnt\n|-heal|p2a: Iron Hands|48\/100|[from] drain|[of] p1a: Scizor\n|faint|p1a: Scizor\n|\n|win|Gholdjunge\n|raw|absolic22's rating: 1317 → 1301<\/strong> (-16 for losing)\n|raw|Gholdjunge's rating: 1386 → 1402<\/strong> (+16 for winning)\n","uploadtime":1682405058,"views":18,"p1id":"absolic22","p2id":"gholdjunge","formatid":"gen9vgc2023regulationc","rating":1301,"private":0,"password":""}