{"id":"gen9vgc2023regulationc-1855338780","p1":"JumpluffGoodCopium","p2":"DuckityDuck06","format":"[Gen 9] VGC 2023 Regulation C","log":"|j|\u2606JumpluffGoodCopium\n|j|\u2606DuckityDuck06\n|t:|1682939632\n|gametype|doubles\n|player|p1|JumpluffGoodCopium|dawn-gen4pt|1122\n|player|p2|DuckityDuck06|musician|1019\n|teamsize|p1|6\n|teamsize|p2|6\n|gen|9\n|tier|[Gen 9] VGC 2023 Regulation C\n|rated|\n|rule|Species Clause: Limit one of each Pok\u00e9mon\n|rule|Item Clause: Limit one of each item\n|clearpoke\n|poke|p1|Jumpluff, L50, F|\n|poke|p1|Torkoal, L50, M|\n|poke|p1|Flutter Mane, L50|\n|poke|p1|Amoonguss, L50, F|\n|poke|p1|Garganacl, L50, F|\n|poke|p1|Chi-Yu, L50|\n|poke|p2|Glimmora, L50, M|\n|poke|p2|Dragonite, L50, M|\n|poke|p2|Bronzong, L50|\n|poke|p2|Hippowdon, L50, F|\n|poke|p2|Ursaring, L50, M|\n|poke|p2|Toxtricity, L50, M|\n|teampreview|4\n|inactive|Battle timer is ON: inactive players will automatically lose when time's up. (requested by DuckityDuck06)\nJumpluffGoodCopium has agreed to open team sheets.\n|inactive|DuckityDuck06 has 60 seconds left.\n|\n|t:|1682939665\n|start\n|switch|p1a: Jumpluff|Jumpluff, L50, F|100\/100\n|switch|p1b: Torkoal|Torkoal, L50, M|100\/100\n|switch|p2a: Bronzong|Bronzong, L50, shiny|100\/100\n|switch|p2b: Glimmora|Glimmora, L50, M|100\/100\n|-weather|SunnyDay|[from] ability: Drought|[of] p1b: Torkoal\n|turn|1\n|\n|t:|1682939685\n|move|p1a: Jumpluff|Tailwind|p1a: Jumpluff\n|-sidestart|p1: JumpluffGoodCopium|move: Tailwind\n|move|p1b: Torkoal|Eruption|p2b: Glimmora|[spread] p2a,p2b\n|-supereffective|p2a: Bronzong\n|-resisted|p2b: Glimmora\n|-damage|p2a: Bronzong|0 fnt\n|-damage|p2b: Glimmora|63\/100\n|faint|p2a: Bronzong\n|move|p2b: Glimmora|Mortal Spin|p1a: Jumpluff|[spread] p1a,p1b\n|-supereffective|p1a: Jumpluff\n|-damage|p1a: Jumpluff|90\/100\n|-damage|p1b: Torkoal|96\/100\n|-status|p1b: Torkoal|psn\n|\n|-weather|SunnyDay|[upkeep]\n|-damage|p1b: Torkoal|84\/100 psn|[from] psn\n|upkeep\n|\n|t:|1682939693\n|switch|p2a: Toxtricity|Toxtricity, L50, M|100\/100\n|turn|2\n|\n|t:|1682939702\n|move|p1a: Jumpluff|Helping Hand|p1b: Torkoal\n|-singleturn|p1b: Torkoal|Helping Hand|[of] p1a: Jumpluff\n|move|p2b: Glimmora|Spiky Shield|p2b: Glimmora\n|-singleturn|p2b: Glimmora|move: Protect\n|move|p1b: Torkoal|Eruption|p2b: Glimmora|[spread] p2a\n|-activate|p2b: Glimmora|move: Protect\n|-damage|p2a: Toxtricity|0 fnt\n|faint|p2a: Toxtricity\n|\n|-weather|SunnyDay|[upkeep]\n|-damage|p1b: Torkoal|72\/100 psn|[from] psn\n|upkeep\n|\n|t:|1682939718\n|switch|p2a: Ursaring|Ursaring, L50, M|100\/100\n|turn|3\n|\n|t:|1682939729\n|move|p1a: Jumpluff|Helping Hand|p1b: Torkoal\n|-singleturn|p1b: Torkoal|Helping Hand|[of] p1a: Jumpluff\n|move|p1b: Torkoal|Eruption|p2b: Glimmora|[spread] p2a,p2b\n|-resisted|p2b: Glimmora\n|-damage|p2a: Ursaring|13\/100\n|-damage|p2b: Glimmora|21\/100\n|-enditem|p2b: Glimmora|Sitrus Berry|[eat]\n|-heal|p2b: Glimmora|46\/100|[from] item: Sitrus Berry\n|move|p2b: Glimmora|Venoshock|p1b: Torkoal\n|-damage|p1b: Torkoal|0 fnt\n|faint|p1b: Torkoal\n|move|p2a: Ursaring|Ice Punch|p1a: Jumpluff\n|-supereffective|p1a: Jumpluff\n|-damage|p1a: Jumpluff|0 fnt\n|faint|p1a: Jumpluff\n|\n|-weather|SunnyDay|[upkeep]\n|-status|p2a: Ursaring|brn|[from] item: Flame Orb\n|upkeep\n|\n|t:|1682939739\n|switch|p1a: Flutter Mane|Flutter Mane, L50|100\/100\n|switch|p1b: Amoonguss|Amoonguss, L50, F|100\/100\n|-activate|p1a: Flutter Mane|ability: Protosynthesis\n|-start|p1a: Flutter Mane|protosynthesisspa\n|turn|4\n|\n|t:|1682939749\n|-terastallize|p2a: Ursaring|Normal\n|move|p1b: Amoonguss|Rage Powder|p1b: Amoonguss\n|-singleturn|p1b: Amoonguss|move: Rage Powder\n|move|p1a: Flutter Mane|Substitute|p1a: Flutter Mane\n|-start|p1a: Flutter Mane|Substitute\n|-damage|p1a: Flutter Mane|76\/100\n|move|p2b: Glimmora|Mortal Spin|p1a: Flutter Mane|[spread] p1a,p1b\n|-activate|p1a: Flutter Mane|move: Substitute|[damage]\n|-damage|p1b: Amoonguss|96\/100\n|move|p2a: Ursaring|Facade|p1b: Amoonguss\n|-damage|p1b: Amoonguss|0 fnt\n|faint|p1b: Amoonguss\n|\n|-weather|SunnyDay|[upkeep]\n|-damage|p2a: Ursaring|7\/100 brn|[from] brn\n|-sideend|p1: JumpluffGoodCopium|move: Tailwind\n|upkeep\n|turn|5\n|\n|t:|1682939761\n|move|p1a: Flutter Mane|Protect|p1a: Flutter Mane\n|-singleturn|p1a: Flutter Mane|Protect\n|move|p2b: Glimmora|Venoshock|p1a: Flutter Mane\n|-activate|p1a: Flutter Mane|move: Protect\n|move|p2a: Ursaring|Crunch|p1a: Flutter Mane\n|-activate|p1a: Flutter Mane|move: Protect\n|\n|-weather|none\n|-end|p1a: Flutter Mane|Protosynthesis\n|-damage|p2a: Ursaring|1\/100 brn|[from] brn\n|upkeep\n|-enditem|p1a: Flutter Mane|Booster Energy\n|-activate|p1a: Flutter Mane|ability: Protosynthesis|[fromitem]\n|-start|p1a: Flutter Mane|protosynthesisspa\n|turn|6\n|\n|t:|1682939772\n|move|p1a: Flutter Mane|Hex|p2b: Glimmora\n|-damage|p2b: Glimmora|0 fnt\n|faint|p2b: Glimmora\n|move|p2a: Ursaring|Crunch|p1a: Flutter Mane\n|-end|p1a: Flutter Mane|Substitute\n|\n|-damage|p2a: Ursaring|0 fnt|[from] brn\n|faint|p2a: Ursaring\n|\n|win|JumpluffGoodCopium\n|upkeep\n|raw|JumpluffGoodCopium's rating: 1122 → 1140<\/strong> (+18 for winning)\n|raw|DuckityDuck06's rating: 1019 → 1010<\/strong> (-9 for losing)\n|l|\u2606DuckityDuck06\n","uploadtime":1682939783,"views":19,"p1id":"jumpluffgoodcopium","p2id":"duckityduck06","formatid":"gen9vgc2023regulationc","rating":1010,"private":0,"password":""}