{"id":"gen9vgc2023regulationc-1861080391","p1":"ITS PAPAW TIME","p2":"Kipzho","format":"[Gen 9] VGC 2023 Regulation C","log":"|j|\u2606ITS PAPAW TIME\n|j|\u2606Kipzho\n|t:|1683724613\n|gametype|doubles\n|player|p1|ITS PAPAW TIME|ingo|\n|player|p2|Kipzho|adaman|\n|teamsize|p1|6\n|teamsize|p2|6\n|gen|9\n|tier|[Gen 9] VGC 2023 Regulation C\n|rule|Species Clause: Limit one of each Pok\u00e9mon\n|rule|Item Clause: Limit one of each item\n|clearpoke\n|poke|p1|Baxcalibur, L50, M|\n|poke|p1|Palafin, L50, F|\n|poke|p1|Arcanine, L50, M|\n|poke|p1|Flutter Mane, L50|\n|poke|p1|Ting-Lu, L50|\n|poke|p1|Amoonguss, L50, F|\n|poke|p2|Scizor, L50, M|\n|poke|p2|Tauros-Paldea-Blaze, L50, M|\n|poke|p2|Chien-Pao, L50|\n|poke|p2|Garchomp, L50, M|\n|poke|p2|Rotom-Wash, L50|\n|poke|p2|Flutter Mane, L50|\n|teampreview|4\nITS PAPAW TIME has agreed to open team sheets.\nKipzho has agreed to open team sheets.\n|\n|t:|1683724636\n|start\n|switch|p1a: Baxcalibur|Baxcalibur, L50, M|100\/100\n|switch|p1b: Amoonguss|Amoonguss, L50, F|100\/100\n|switch|p2a: Andes|Chien-Pao, L50|100\/100\n|switch|p2b: Quix|Scizor, L50, M|100\/100\n|-ability|p2a: Andes|Sword of Ruin\n|turn|1\n|\n|t:|1683724652\n|switch|p1a: Arcanine|Arcanine, L50, M|100\/100\n|-ability|p1a: Arcanine|Intimidate|boost\n|-unboost|p2a: Andes|atk|1\n|-fail|p2b: Quix|unboost|[from] item: Clear Amulet|[of] p2b: Quix\n|-terastallize|p1b: Amoonguss|Water\n|move|p2a: Andes|Taunt|p1b: Amoonguss\n|-start|p1b: Amoonguss|move: Taunt\n|move|p2b: Quix|Tailwind|p2b: Quix\n|-sidestart|p2: Kipzho|move: Tailwind\n|cant|p1b: Amoonguss|move: Taunt|Spore\n|\n|upkeep\n|turn|2\n|\n|t:|1683724679\n|switch|p2b: Quaker|Garchomp, L50, M|100\/100\n|switch|p1b: Ting-Lu|Ting-Lu, L50|100\/100\n|-ability|p1b: Ting-Lu|Vessel of Ruin\n|move|p2a: Andes|Protect|p2a: Andes\n|-singleturn|p2a: Andes|Protect\n|move|p1a: Arcanine|Flare Blitz|p2a: Andes\n|-activate|p2a: Andes|move: Protect\n|\n|upkeep\n|turn|3\n|\n|t:|1683724713\n|switch|p1a: Amoonguss|Amoonguss, L50, F, tera:Water|100\/100\n|-terastallize|p2a: Andes|Flying\n|move|p2a: Andes|Taunt|p1a: Amoonguss\n|-start|p1a: Amoonguss|move: Taunt\n|move|p2b: Quaker|Earthquake|p1a: Amoonguss|[spread] p1a,p1b\n|-immune|p2a: Andes\n|-damage|p1a: Amoonguss|61\/100\n|-damage|p1b: Ting-Lu|75\/100\n|move|p1b: Ting-Lu|Ruination|p2b: Quaker\n|-damage|p2b: Quaker|51\/100\n|\n|upkeep\n|turn|4\n|\n|t:|1683724735\n|switch|p1a: Arcanine|Arcanine, L50, M|100\/100\n|-ability|p1a: Arcanine|Intimidate|boost\n|-unboost|p2a: Andes|atk|1\n|-unboost|p2b: Quaker|atk|1\n|move|p2a: Andes|Ice Spinner|p1b: Ting-Lu\n|-supereffective|p1b: Ting-Lu\n|-damage|p1b: Ting-Lu|47\/100\n|move|p2b: Quaker|Earthquake|p1b: Ting-Lu|[spread] p1a,p1b\n|-immune|p2a: Andes\n|-supereffective|p1a: Arcanine\n|-damage|p1a: Arcanine|32\/100\n|-damage|p1b: Ting-Lu|31\/100\n|move|p1b: Ting-Lu|Rock Slide|p2a: Andes|[spread] p2a,p2b\n|-supereffective|p2a: Andes\n|-resisted|p2b: Quaker\n|-damage|p2a: Andes|64\/100\n|-damage|p2b: Quaker|41\/100\n|\n|-sideend|p2: Kipzho|move: Tailwind\n|upkeep\n|turn|5\n|\n|t:|1683724776\n|switch|p2b: Quix|Scizor, L50, M|100\/100\n|switch|p1b: Amoonguss|Amoonguss, L50, F, tera:Water|94\/100\n|move|p1a: Arcanine|Protect|p1a: Arcanine\n|-singleturn|p1a: Arcanine|Protect\n|move|p2a: Andes|Throat Chop|p1a: Arcanine\n|-activate|p1a: Arcanine|move: Protect\n|\n|upkeep\n|turn|6\n|\n|t:|1683724795\n|switch|p1a: Ting-Lu|Ting-Lu, L50|31\/100\n|-ability|p1a: Ting-Lu|Vessel of Ruin\n|switch|p2b: Quaker|Garchomp, L50, M|41\/100\n|move|p2a: Andes|Protect|p2a: Andes\n|-singleturn|p2a: Andes|Protect\n|move|p1b: Amoonguss|Pollen Puff|p1a: Ting-Lu\n|-heal|p1a: Ting-Lu|81\/100\n|\n|upkeep\n|turn|7\n|\n|t:|1683724857\n|move|p1b: Amoonguss|Protect|p1b: Amoonguss\n|-singleturn|p1b: Amoonguss|Protect\n|move|p2a: Andes|Ice Spinner|p1a: Ting-Lu\n|-supereffective|p1a: Ting-Lu\n|-damage|p1a: Ting-Lu|52\/100\n|move|p2b: Quaker|Outrage|p1b: Amoonguss\n|-activate|p1b: Amoonguss|move: Protect\n|move|p1a: Ting-Lu|Rock Slide|p2b: Quaker|[spread] p2a,p2b\n|-supereffective|p2a: Andes\n|-resisted|p2b: Quaker\n|-damage|p2a: Andes|24\/100\n|-damage|p2b: Quaker|33\/100\n|\n|upkeep\n|turn|8\n|\n|t:|1683724878\n|switch|p1a: Arcanine|Arcanine, L50, M|32\/100\n|-ability|p1a: Arcanine|Intimidate|boost\n|-unboost|p2a: Andes|atk|1\n|-unboost|p2b: Quaker|atk|1\n|move|p2a: Andes|Taunt|p1b: Amoonguss\n|-start|p1b: Amoonguss|move: Taunt\n|move|p2b: Quaker|Earthquake|p1a: Arcanine|[spread] p1a,p1b\n|-immune|p2a: Andes\n|-supereffective|p1a: Arcanine\n|-damage|p1a: Arcanine|0 fnt\n|-damage|p1b: Amoonguss|69\/100\n|faint|p1a: Arcanine\n|move|p1b: Amoonguss|Pollen Puff|p1: Arcanine|[notarget]\n|-fail|p1b: Amoonguss\n|\n|upkeep\n|\n|t:|1683724891\n|switch|p1a: Ting-Lu|Ting-Lu, L50|52\/100\n|-ability|p1a: Ting-Lu|Vessel of Ruin\n|turn|9\n|\n|t:|1683724911\n|move|p2a: Andes|Ice Spinner|p1a: Ting-Lu\n|-supereffective|p1a: Ting-Lu\n|-damage|p1a: Ting-Lu|31\/100\n|move|p2b: Quaker|Outrage|p1b: Amoonguss\n|-damage|p1b: Amoonguss|28\/100\n|-enditem|p1b: Amoonguss|Sitrus Berry|[eat]\n|-heal|p1b: Amoonguss|53\/100|[from] item: Sitrus Berry\n|move|p1a: Ting-Lu|Stomping Tantrum|p2b: Quaker\n|-damage|p2b: Quaker|0 fnt\n|-damage|p1a: Ting-Lu|19\/100|[from] ability: Rough Skin|[of] p2b: Quaker\n|faint|p2b: Quaker\n|move|p1b: Amoonguss|Pollen Puff|p1a: Ting-Lu\n|-heal|p1a: Ting-Lu|69\/100\n|\n|upkeep\n|\n|t:|1683724919\n|switch|p2b: OMO|Rotom-Wash, L50|100\/100\n|turn|10\n|\n|t:|1683724932\n|switch|p2a: Quix|Scizor, L50, M|100\/100\n|move|p2b: OMO|Nasty Plot|p2b: OMO\n|-boost|p2b: OMO|spa|2\n|move|p1a: Ting-Lu|Ruination|p2b: OMO\n|-damage|p2b: OMO|51\/100\n|move|p1b: Amoonguss|Leaf Storm|p2b: OMO\n|-supereffective|p2b: OMO\n|-damage|p2b: OMO|0 fnt\n|-unboost|p1b: Amoonguss|spa|2\n|faint|p2b: OMO\n|\n|-end|p1b: Amoonguss|move: Taunt\n|upkeep\n|\n|t:|1683724941\n|switch|p2b: Andes|Chien-Pao, L50, tera:Flying|24\/100\n|-ability|p2b: Andes|Sword of Ruin\n|turn|11\n|c|\u2606Kipzho|no lei el leaaaf :OOOOOOOOOOO\n|\n|t:|1683724962\n|move|p2b: Andes|Protect|p2b: Andes\n|-singleturn|p2b: Andes|Protect\n|move|p2a: Quix|Close Combat|p1a: Ting-Lu\n|-supereffective|p1a: Ting-Lu\n|-damage|p1a: Ting-Lu|8\/100\n|-unboost|p2a: Quix|def|1\n|-unboost|p2a: Quix|spd|1\n|move|p1a: Ting-Lu|Rock Slide|p2b: Andes|[spread] p2a\n|-activate|p2b: Andes|move: Protect\n|-damage|p2a: Quix|72\/100\n|move|p1b: Amoonguss|Spore|p2a: Quix\n|-status|p2a: Quix|slp|[from] move: Spore\n|\n|upkeep\n|turn|12\n|c|\u2606ITS PAPAW TIME|asi es pan\n|c|\u2606ITS PAPAW TIME|nunca lo ocupo\n|\n|t:|1683724983\n|cant|p2a: Quix|slp\n|move|p2b: Andes|Throat Chop|p1a: Ting-Lu\n|-resisted|p1a: Ting-Lu\n|-damage|p1a: Ting-Lu|0 fnt\n|faint|p1a: Ting-Lu\n|move|p1b: Amoonguss|Pollen Puff|p2b: Andes\n|-resisted|p2b: Andes\n|-damage|p2b: Andes|16\/100\n|\n|upkeep\n|\n|t:|1683724991\n|switch|p1a: Baxcalibur|Baxcalibur, L50, M|100\/100\n|turn|13\n|\n|t:|1683725006\n|move|p2b: Andes|Taunt|p1b: Amoonguss\n|-start|p1b: Amoonguss|move: Taunt\n|move|p1a: Baxcalibur|Dragon Dance|p1a: Baxcalibur\n|-boost|p1a: Baxcalibur|atk|1\n|-boost|p1a: Baxcalibur|spe|1\n|cant|p2a: Quix|slp\n|move|p1b: Amoonguss|Pollen Puff|p1a: Baxcalibur\n|-immune|p1a: Baxcalibur\n|\n|upkeep\n|turn|14\n|\n|t:|1683725051\n|move|p1a: Baxcalibur|Protect|p1a: Baxcalibur\n|-singleturn|p1a: Baxcalibur|Protect\n|cant|p2a: Quix|slp\n|move|p2b: Andes|Ice Spinner|p1a: Baxcalibur\n|-activate|p1a: Baxcalibur|move: Protect\n|move|p1b: Amoonguss|Pollen Puff|p2b: Andes\n|-resisted|p2b: Andes\n|-damage|p2b: Andes|8\/100\n|\n|upkeep\n|turn|15\n|\n|t:|1683725063\n|-curestatus|p2a: Quix|slp|[msg]\n|move|p2a: Quix|Bullet Punch|p1a: Baxcalibur\n|-supereffective|p1a: Baxcalibur\n|-damage|p1a: Baxcalibur|13\/100\n|move|p1a: Baxcalibur|Glaive Rush|p2a: Quix\n|-resisted|p2a: Quix\n|-damage|p2a: Quix|0 fnt\n|-singlemove|p1a: Baxcalibur|Glaive Rush|[silent]\n|faint|p2a: Quix\n|move|p2b: Andes|Ice Spinner|p1a: Baxcalibur\n|-damage|p1a: Baxcalibur|0 fnt\n|faint|p1a: Baxcalibur\n|move|p1b: Amoonguss|Pollen Puff|p2b: Andes\n|-resisted|p2b: Andes\n|-damage|p2b: Andes|0 fnt\n|faint|p2b: Andes\n|\n|win|ITS PAPAW TIME\n|c|\u2606ITS PAPAW TIME|gg pan\n|c|\u2606Kipzho|gg casotas\n|c|\u2606ITS PAPAW TIME|te hablare por wsp\n|c|\u2606Kipzho|combatazo este ultimo\n|c|\u2606ITS PAPAW TIME|si\n|c|\u2606Kipzho|otro?\n|c|\u2606ITS PAPAW TIME|ya\n|l|\u2606ITS PAPAW TIME\n|j|\u2606ITS PAPAW TIME\n|player|p1|ITS PAPAW TIME|ingo\n","uploadtime":1683725124,"views":14,"p1id":"itspapawtime","p2id":"kipzho","formatid":"gen9vgc2023regulationc","rating":0,"private":0,"password":""}