{"id":"gen9vgc2023regulationc-1858531960","p1":"LiakosVGC","p2":"pokealex","format":"[Gen 9] VGC 2023 Regulation C","log":"|j|\u2606LiakosVGC\n|j|\u2606pokealex\n|t:|1683322106\n|gametype|doubles\n|player|p1|LiakosVGC|byron|\n|player|p2|pokealex|ruinmaniac-gen6|\n|teamsize|p1|6\n|teamsize|p2|6\n|gen|9\n|tier|[Gen 9] VGC 2023 Regulation C\n|rule|Species Clause: Limit one of each Pok\u00e9mon\n|rule|Item Clause: Limit one of each item\n|clearpoke\n|poke|p1|Amoonguss, L50, M|\n|poke|p1|Chi-Yu, L50|\n|poke|p1|Flutter Mane, L50|\n|poke|p1|Gyarados, L50, F|\n|poke|p1|Garganacl, L50, M|\n|poke|p1|Iron Bundle, L50|\n|poke|p2|Chi-Yu, L50|\n|poke|p2|Flutter Mane, L50|\n|poke|p2|Iron Hands, L50|\n|poke|p2|Kingambit, L50, F|\n|poke|p2|Gyarados, L50, M|\n|poke|p2|Amoonguss, L50, F|\n|teampreview|4\n|c|\u2606pokealex|\/log pokealex made this room public.\n|j| Yoshiandlugia\nLiakosVGC has agreed to open team sheets.\n|j| SteelPupa\n|j| sdfgsdfgsfgsdf\n|j| baaaaat_\n|j| eughe\n|j| Polpolpo\n|j| Muted xd\n|j| PqlarBear\n|j| UberVylit\n|c| Muted xd|Pokealex disqualified from the tournament, Reason: putero\n|l| eughe\n|j| Main nami\n|c| Main nami|animo alex\n|inactive|Battle timer is ON: inactive players will automatically lose when time's up. (requested by pokealex)\n|c|\u2606LiakosVGC|open sheet\npokealex has agreed to open team sheets.\n|c|\u2606pokealex|srry\n|j| TabuVGC\n|inactive|LiakosVGC has 60 seconds left.\n|c| Polpolpo|who mains nami\n|c|\u2606pokealex|i like main namis\n|c| Polpolpo|holy shit\n|c| Main nami|uwu\n|inactive|LiakosVGC has 30 seconds left.\n|c| Muted xd|owo\n|inactive|LiakosVGC has 20 seconds left.\n|\n|t:|1683322704\n|start\n|switch|p1a: Chi-Yu|Chi-Yu, L50|100\/100\n|switch|p1b: Flutter Mane|Flutter Mane, L50|100\/100\n|switch|p2a: Flutter Mane|Flutter Mane, L50|100\/100\n|switch|p2b: Kingambit|Kingambit, L50, F, shiny|100\/100\n|-ability|p1a: Chi-Yu|Beads of Ruin\n|-enditem|p2a: Flutter Mane|Booster Energy\n|-activate|p2a: Flutter Mane|ability: Protosynthesis|[fromitem]\n|-start|p2a: Flutter Mane|protosynthesisspa\n|turn|1\n|inactive|LiakosVGC has 30 seconds left.\n|inactive|pokealex has 30 seconds left.\n|inactive|pokealex has 20 seconds left.\n|inactive|pokealex has 15 seconds left.\n|inactive|pokealex has 10 seconds left.\n|c| Main nami|guys i think lokix its a very good pokemon for regulation c\n|inactive|pokealex has 5 seconds left.\n|\n|t:|1683322755\n|-end|p1b: Flutter Mane|Protosynthesis|[silent]\n|switch|p1b: Amoonguss|Amoonguss, L50, M, shiny|100\/100\n|-terastallize|p2a: Flutter Mane|Fairy\n|move|p1a: Chi-Yu|Protect|p1a: Chi-Yu\n|-singleturn|p1a: Chi-Yu|Protect\n|move|p2b: Kingambit|Sucker Punch||[still]\n|-fail|p2b: Kingambit\n|move|p2a: Flutter Mane|Dazzling Gleam|p1a: Chi-Yu|[spread] p1b\n|-activate|p1a: Chi-Yu|move: Protect\n|-resisted|p1b: Amoonguss\n|-damage|p1b: Amoonguss|67\/100\n|\n|upkeep\n|turn|2\n|c| Main nami|he counter all ruinations pokes\n|c| Polpolpo|facts\n|j| Serena\n|inactive|pokealex has 30 seconds left.\n|inactive|pokealex has 20 seconds left.\n|inactive|pokealex has 15 seconds left.\n|inactive|pokealex has 10 seconds left.\n|inactive|pokealex has 5 seconds left.\n|\n|t:|1683322809\n|move|p2a: Flutter Mane|Dazzling Gleam|p1a: Chi-Yu|[spread] p1a,p1b\n|-resisted|p1b: Amoonguss\n|-damage|p1a: Chi-Yu|49\/100\n|-damage|p1b: Amoonguss|35\/100\n|-enditem|p1b: Amoonguss|Sitrus Berry|[eat]\n|-heal|p1b: Amoonguss|59\/100|[from] item: Sitrus Berry\n|move|p1a: Chi-Yu|Heat Wave|p2b: Kingambit|[spread] p2a,p2b\n|-crit|p2a: Flutter Mane\n|-supereffective|p2b: Kingambit\n|-damage|p2a: Flutter Mane|2\/100\n|-damage|p2b: Kingambit|8\/100\n|-damage|p1a: Chi-Yu|39\/100|[from] item: Life Orb\n|move|p2b: Kingambit|Assurance|p1b: Amoonguss\n|-damage|p1b: Amoonguss|11\/100\n|move|p1b: Amoonguss|Spore|p2a: Flutter Mane\n|-status|p2a: Flutter Mane|slp|[from] move: Spore\n|\n|upkeep\n|turn|3\n|inactive|pokealex has 30 seconds left.\n|inactive|pokealex has 20 seconds left.\n|inactive|pokealex has 15 seconds left.\n|inactive|pokealex has 10 seconds left.\n|inactive|pokealex has 5 seconds left.\n|\n|t:|1683322862\n|move|p1b: Amoonguss|Rage Powder|p1b: Amoonguss\n|-singleturn|p1b: Amoonguss|move: Rage Powder\n|move|p2b: Kingambit|Sucker Punch||[still]\n|-fail|p2b: Kingambit\n|cant|p2a: Flutter Mane|slp\n|move|p1a: Chi-Yu|Heat Wave|p2b: Kingambit|[spread] p2a,p2b\n|-supereffective|p2b: Kingambit\n|-damage|p2a: Flutter Mane|0 fnt\n|-damage|p2b: Kingambit|0 fnt\n|faint|p2a: Flutter Mane\n|-end|p2a: Flutter Mane|Protosynthesis|[silent]\n|faint|p2b: Kingambit\n|-damage|p1a: Chi-Yu|30\/100|[from] item: Life Orb\n|\n|upkeep\n|j| Finabas\n|\n|t:|1683322869\n|switch|p2a: Chi-Yu|Chi-Yu, L50|100\/100\n|switch|p2b: Iron Hands|Iron Hands, L50|100\/100\n|-ability|p2a: Chi-Yu|Beads of Ruin\n|turn|4\n|inactive|pokealex has 30 seconds left.\n|\n|t:|1683322902\n|move|p2a: Chi-Yu|Heat Wave|p1b: Amoonguss|[spread] p1a,p1b\n|-resisted|p1a: Chi-Yu\n|-supereffective|p1b: Amoonguss\n|-damage|p1a: Chi-Yu|12\/100\n|-damage|p1b: Amoonguss|0 fnt\n|faint|p1b: Amoonguss\n|move|p1a: Chi-Yu|Heat Wave|p2a: Chi-Yu|[spread] p2a,p2b\n|-resisted|p2a: Chi-Yu\n|-damage|p2a: Chi-Yu|70\/100\n|-damage|p2b: Iron Hands|50\/100\n|-damage|p1a: Chi-Yu|2\/100|[from] item: Life Orb\n|move|p2b: Iron Hands|Swords Dance|p2b: Iron Hands\n|-boost|p2b: Iron Hands|atk|2\n|\n|upkeep\n|\n|t:|1683322914\n|switch|p1b: Flutter Mane|Flutter Mane, L50|100\/100\n|turn|5\n|l| UberVylit\n|j| SvenVGC\n|j| UberVylit\n|\n|t:|1683322936\n|move|p2b: Iron Hands|Detect|p2b: Iron Hands\n|-singleturn|p2b: Iron Hands|Protect\n|move|p1b: Flutter Mane|Dazzling Gleam|p2b: Iron Hands|[spread] p2a\n|-activate|p2b: Iron Hands|move: Protect\n|-damage|p2a: Chi-Yu|19\/100\n|move|p2a: Chi-Yu|Dark Pulse|p1b: Flutter Mane\n|-damage|p1b: Flutter Mane|50\/100\n|move|p1a: Chi-Yu|Heat Wave|p2a: Chi-Yu|[spread] p2a\n|-activate|p2b: Iron Hands|move: Protect\n|-resisted|p2a: Chi-Yu\n|-damage|p2a: Chi-Yu|0 fnt\n|faint|p2a: Chi-Yu\n|-damage|p1a: Chi-Yu|0 fnt|[from] item: Life Orb\n|faint|p1a: Chi-Yu\n|\n|upkeep\n|j| holy rats\n|-message|pokealex forfeited.\n|\n|win|LiakosVGC\n|c| Main nami|gg\n|c| Muted xd|gg\n|l| Serena\n|l| SteelPupa\n|j| ceree\n|j| Insertable194\n|l| Main nami\n|l| Muted xd\n|l| UberVylit\n|l| holy rats\n|j| UberVylit\n|l| Finabas\n|l| SvenVGC\n|l| ceree\n|l| Insertable194\n|l| Yoshiandlugia\n|l|\u2606pokealex\n|l| UberVylit\n|j| ZekromZeke\n|l| TabuVGC\n","uploadtime":1683322968,"views":17,"p1id":"liakosvgc","p2id":"pokealex","formatid":"gen9vgc2023regulationc","rating":0,"private":0,"password":""}