{"id":"gen9vgc2023regulationc-1850301362","p1":"Tameryn","p2":"Pyrantic","format":"[Gen 9] VGC 2023 Regulation C","log":"|j|\u2606Tameryn\n|j|\u2606Pyrantic\n|t:|1682313961\n|gametype|doubles\n|player|p1|Tameryn|n|\n|player|p2|Pyrantic|grimsley|\n|teamsize|p1|6\n|teamsize|p2|6\n|gen|9\n|tier|[Gen 9] VGC 2023 Regulation C\n|rated|Tournament battle\n|rule|Species Clause: Limit one of each Pok\u00e9mon\n|rule|Item Clause: Limit one of each item\n|clearpoke\n|poke|p1|Corviknight, L50, F|\n|poke|p1|Garganacl, L50, M|\n|poke|p1|Arcanine, L50, M|\n|poke|p1|Amoonguss, L50, F|\n|poke|p1|Iron Bundle, L50|\n|poke|p1|Garchomp, L50, M|\n|poke|p2|Wo-Chien, L50|\n|poke|p2|Ting-Lu, L50|\n|poke|p2|Glimmora, L50, M|\n|poke|p2|Flutter Mane, L50|\n|poke|p2|Baxcalibur, L50, M|\n|poke|p2|Gyarados, L50, M|\n|teampreview|4\n|raw| Open Team Sheet for Tameryn<\/summary>Corviknight @ Occa Berry Ability: Mirror Armor Level: 50 Tera Type: Grass - Brave Bird - Heavy Slam - Roost - Tailwind Garganacl @ Leftovers Ability: Purifying Salt Level: 50 Tera Type: Ghost - Salt Cure - Stealth Rock - Recover - Protect Arcanine @ Safety Goggles Ability: Intimidate Level: 50 Tera Type: Flying - Flare Blitz - Extreme Speed - Will-O-Wisp - Protect Amoonguss @ Sitrus Berry Ability: Regenerator Level: 50 Tera Type: Water - Pollen Puff - Spore - Rage Powder - Protect Iron Bundle @ Focus Sash Ability: Quark Drive Level: 50 Tera Type: Ghost - Hydro Pump - Freeze-Dry - Icy Wind - Protect Garchomp @ Choice Scarf Ability: Rough Skin Level: 50 Tera Type: Ground - Dragon Claw - Earthquake - Stomping Tantrum - Stone Edge <\/details><\/div> Open Team Sheet for Pyrantic<\/summary>Wo-Chien @ Leftovers Ability: Tablets of Ruin Level: 50 Tera Type: Poison - Leech Seed - Substitute - Pollen Puff - Protect Ting-Lu @ Assault Vest Ability: Vessel of Ruin Level: 50 Tera Type: Water - Heavy Slam - Ruination - Stomping Tantrum - Earthquake Glimmora (M) @ Focus Sash Ability: Toxic Debris Level: 50 Tera Type: Grass - Spiky Shield - Mortal Spin - Power Gem - Earth Power Flutter Mane @ Choice Specs Ability: Protosynthesis Level: 50 Tera Type: Fairy - Dazzling Gleam - Moonblast - Shadow Ball - Thunderbolt Baxcalibur (M) @ Loaded Dice Ability: Thermal Exchange Level: 50 Tera Type: Poison - Glaive Rush - Icicle Spear - Ice Shard - Protect Gyarados (M) @ Sitrus Berry Ability: Intimidate Level: 50 Tera Type: Steel - Waterfall - Thunder Wave - Taunt - Protect <\/details><\/div>\n|j| 723m\n|\n|t:|1682314024\n|start\n|switch|p1a: Corviknight|Corviknight, L50, F|100\/100\n|switch|p1b: Garchomp|Garchomp, L50, M|100\/100\n|switch|p2a: Glimmora|Glimmora, L50, M|100\/100\n|switch|p2b: Gyarados|Gyarados, L50, M|100\/100\n|-ability|p2b: Gyarados|Intimidate|boost\n|-ability|p1a: Corviknight|Mirror Armor\n|-unboost|p2b: Gyarados|atk|1\n|-unboost|p1b: Garchomp|atk|1\n|turn|1\n|\n|t:|1682314058\n|move|p2a: Glimmora|Spiky Shield|p2a: Glimmora\n|-singleturn|p2a: Glimmora|move: Protect\n|move|p1b: Garchomp|Stone Edge|p2b: Gyarados\n|-supereffective|p2b: Gyarados\n|-damage|p2b: Gyarados|58\/100\n|move|p1a: Corviknight|Brave Bird|p2b: Gyarados\n|-damage|p2b: Gyarados|19\/100\n|-enditem|p2b: Gyarados|Sitrus Berry|[eat]\n|-heal|p2b: Gyarados|44\/100|[from] item: Sitrus Berry\n|-damage|p1a: Corviknight|88\/100|[from] Recoil\n|move|p2b: Gyarados|Thunder Wave|p1a: Corviknight\n|-status|p1a: Corviknight|par\n|\n|upkeep\n|turn|2\n|j| Wwwaaasssuuuppp\n|l| Wwwaaasssuuuppp\n|\n|t:|1682314105\n|switch|p1b: Garganacl|Garganacl, L50, M|100\/100\n|move|p2b: Gyarados|Protect|p2b: Gyarados\n|-singleturn|p2b: Gyarados|Protect\n|move|p2a: Glimmora|Power Gem|p1a: Corviknight\n|-damage|p1a: Corviknight|51\/100 par\n|move|p1a: Corviknight|Brave Bird|p2b: Gyarados\n|-activate|p2b: Gyarados|move: Protect\n|\n|upkeep\n|turn|3\n|\n|t:|1682314150\n|switch|p2b: Wo-Chien|Wo-Chien, L50|100\/100\n|-ability|p2b: Wo-Chien|Tablets of Ruin\n|-terastallize|p1b: Garganacl|Ghost\n|move|p2a: Glimmora|Power Gem|p1a: Corviknight\n|-damage|p1a: Corviknight|10\/100 par\n|move|p1b: Garganacl|Salt Cure|p2b: Wo-Chien\n|-damage|p2b: Wo-Chien|91\/100\n|-start|p2b: Wo-Chien|Salt Cure\n|move|p1a: Corviknight|Roost|p1a: Corviknight\n|-heal|p1a: Corviknight|60\/100 par\n|-singleturn|p1a: Corviknight|move: Roost\n|\n|-heal|p2b: Wo-Chien|97\/100|[from] item: Leftovers\n|-damage|p2b: Wo-Chien|85\/100|[from] Salt Cure\n|upkeep\n|turn|4\n|l| 723m\n|\n|t:|1682314209\n|switch|p1a: Garchomp|Garchomp, L50, M|100\/100\n|move|p2a: Glimmora|Power Gem|p1a: Garchomp\n|-resisted|p1a: Garchomp\n|-damage|p1a: Garchomp|79\/100\n|move|p2b: Wo-Chien|Leech Seed|p1b: Garganacl\n|-start|p1b: Garganacl|move: Leech Seed\n|move|p1b: Garganacl|Salt Cure|p2a: Glimmora\n|-damage|p2a: Glimmora|87\/100\n|-start|p2a: Glimmora|Salt Cure\n|-activate|p2a: Glimmora|ability: Toxic Debris\n|-sidestart|p1: Tameryn|move: Toxic Spikes\n|\n|-heal|p2b: Wo-Chien|91\/100|[from] item: Leftovers\n|-damage|p1b: Garganacl|88\/100|[from] Leech Seed|[of] p2b: Wo-Chien\n|-heal|p2b: Wo-Chien|100\/100|[silent]\n|-damage|p2a: Glimmora|75\/100|[from] Salt Cure\n|-damage|p2b: Wo-Chien|88\/100|[from] Salt Cure\n|upkeep\n|turn|5\n|j| KennyJ\n|\n|t:|1682314236\n|switch|p2a: Gyarados|Gyarados, L50, M|44\/100\n|-ability|p2a: Gyarados|Intimidate|boost\n|-unboost|p1a: Garchomp|atk|1\n|-unboost|p1b: Garganacl|atk|1\n|switch|p1b: Corviknight|Corviknight, L50, F|60\/100 par\n|move|p1a: Garchomp|Earthquake|p2b: Wo-Chien|[spread] p2b\n|-immune|p1b: Corviknight\n|-immune|p2a: Gyarados\n|-resisted|p2b: Wo-Chien\n|-damage|p2b: Wo-Chien|80\/100\n|move|p2b: Wo-Chien|Pollen Puff|p2a: Gyarados\n|-heal|p2a: Gyarados|94\/100\n|\n|-heal|p2b: Wo-Chien|86\/100|[from] item: Leftovers\n|-damage|p2b: Wo-Chien|74\/100|[from] Salt Cure\n|upkeep\n|turn|6\n|\n|t:|1682314297\n|switch|p1a: Garganacl|Garganacl, L50, M, tera:Ghost|88\/100\n|switch|p2b: Baxcalibur|Baxcalibur, L50, M|100\/100\n|move|p2a: Gyarados|Waterfall|p1a: Garganacl\n|-damage|p1a: Garganacl|66\/100\n|move|p1b: Corviknight|Brave Bird|p2b: Baxcalibur\n|-damage|p2b: Baxcalibur|63\/100\n|-damage|p1b: Corviknight|47\/100 par|[from] Recoil\n|\n|-heal|p1a: Garganacl|72\/100|[from] item: Leftovers\n|upkeep\n|turn|7\n|\n|t:|1682314326\n|switch|p1b: Arcanine|Arcanine, L50, M|100\/100\n|-status|p1b: Arcanine|psn\n|-ability|p1b: Arcanine|Intimidate|boost\n|-unboost|p2a: Gyarados|atk|1\n|-unboost|p2b: Baxcalibur|atk|1\n|move|p1a: Garganacl|Protect|p1a: Garganacl\n|-singleturn|p1a: Garganacl|Protect\n|move|p2b: Baxcalibur|Icicle Spear|p1b: Arcanine\n|-resisted|p1b: Arcanine\n|-damage|p1b: Arcanine|94\/100 psn\n|-resisted|p1b: Arcanine\n|-damage|p1b: Arcanine|88\/100 psn\n|-resisted|p1b: Arcanine\n|-damage|p1b: Arcanine|83\/100 psn\n|-resisted|p1b: Arcanine\n|-damage|p1b: Arcanine|77\/100 psn\n|-hitcount|p1b: Arcanine|4\n|move|p2a: Gyarados|Waterfall|p1b: Arcanine\n|-supereffective|p1b: Arcanine\n|-damage|p1b: Arcanine|22\/100 psn\n|\n|-heal|p1a: Garganacl|78\/100|[from] item: Leftovers\n|-damage|p1b: Arcanine|10\/100 psn|[from] psn\n|upkeep\n|turn|8\n|\n|t:|1682314371\n|switch|p1b: Corviknight|Corviknight, L50, F|47\/100 par\n|switch|p2b: Glimmora|Glimmora, L50, M|75\/100\n|move|p2a: Gyarados|Taunt|p1a: Garganacl\n|-start|p1a: Garganacl|move: Taunt\n|move|p1a: Garganacl|Salt Cure|p2b: Glimmora\n|-damage|p2b: Glimmora|58\/100\n|-start|p2b: Glimmora|Salt Cure\n|-activate|p2b: Glimmora|ability: Toxic Debris\n|-sidestart|p1: Tameryn|move: Toxic Spikes\n|\n|-heal|p1a: Garganacl|84\/100|[from] item: Leftovers\n|-damage|p2b: Glimmora|46\/100|[from] Salt Cure\n|upkeep\n|turn|9\n|\n|t:|1682314382\n|move|p2b: Glimmora|Power Gem|p1b: Corviknight\n|-damage|p1b: Corviknight|7\/100 par\n|move|p2a: Gyarados|Waterfall|p1b: Corviknight\n|-damage|p1b: Corviknight|0 fnt\n|faint|p1b: Corviknight\n|move|p1a: Garganacl|Salt Cure|p2a: Gyarados\n|-supereffective|p2a: Gyarados\n|-damage|p2a: Gyarados|70\/100\n|-start|p2a: Gyarados|Salt Cure\n|\n|-heal|p1a: Garganacl|89\/100|[from] item: Leftovers\n|-damage|p2b: Glimmora|34\/100|[from] Salt Cure\n|-damage|p2a: Gyarados|46\/100|[from] Salt Cure\n|upkeep\n|\n|t:|1682314406\n|switch|p1b: Garchomp|Garchomp, L50, M|79\/100\n|-status|p1b: Garchomp|tox\n|turn|10\n|\n|t:|1682314433\n|move|p1b: Garchomp|Dragon Claw|p2a: Gyarados\n|-damage|p2a: Gyarados|8\/100\n|move|p2b: Glimmora|Earth Power|p1b: Garchomp\n|-damage|p1b: Garchomp|43\/100 tox\n|move|p2a: Gyarados|Waterfall|p1b: Garchomp\n|-damage|p1b: Garchomp|22\/100 tox\n|-damage|p2a: Gyarados|0 fnt|[from] ability: Rough Skin|[of] p1b: Garchomp\n|faint|p2a: Gyarados\n|move|p1a: Garganacl|Salt Cure|p2b: Glimmora\n|-damage|p2b: Glimmora|17\/100\n|\n|-heal|p1a: Garganacl|95\/100|[from] item: Leftovers\n|-damage|p1b: Garchomp|16\/100 tox|[from] psn\n|-damage|p2b: Glimmora|5\/100|[from] Salt Cure\n|-end|p1a: Garganacl|move: Taunt\n|upkeep\n|\n|t:|1682314442\n|switch|p2a: Baxcalibur|Baxcalibur, L50, M|63\/100\n|turn|11\n|j| BayonettaDragona\n|\n|t:|1682314473\n|switch|p1b: Arcanine|Arcanine, L50, M|10\/100 psn\n|-ability|p1b: Arcanine|Intimidate|boost\n|-unboost|p2a: Baxcalibur|atk|1\n|-unboost|p2b: Glimmora|atk|1\n|move|p2a: Baxcalibur|Protect|p2a: Baxcalibur\n|-singleturn|p2a: Baxcalibur|Protect\n|move|p2b: Glimmora|Power Gem|p1a: Garganacl\n|-damage|p1a: Garganacl|64\/100\n|move|p1a: Garganacl|Salt Cure|p2a: Baxcalibur\n|-activate|p2a: Baxcalibur|move: Protect\n|\n|-heal|p1a: Garganacl|70\/100|[from] item: Leftovers\n|-damage|p1b: Arcanine|0 fnt|[from] psn\n|faint|p1b: Arcanine\n|-damage|p2b: Glimmora|0 fnt|[from] Salt Cure\n|faint|p2b: Glimmora\n|upkeep\n|\n|t:|1682314480\n|switch|p1b: Garchomp|Garchomp, L50, M|16\/100 tox\n|switch|p2b: Wo-Chien|Wo-Chien, L50|74\/100\n|-ability|p2b: Wo-Chien|Tablets of Ruin\n|turn|12\n|\n|t:|1682314503\n|-terastallize|p2a: Baxcalibur|Poison\n|move|p2a: Baxcalibur|Ice Shard|p1b: Garchomp\n|-supereffective|p1b: Garchomp\n|-damage|p1b: Garchomp|0 fnt\n|faint|p1b: Garchomp\n|move|p2b: Wo-Chien|Substitute|p2b: Wo-Chien\n|-start|p2b: Wo-Chien|Substitute\n|-damage|p2b: Wo-Chien|49\/100\n|move|p1a: Garganacl|Salt Cure|p2b: Wo-Chien\n|-activate|p2b: Wo-Chien|move: Substitute|[damage]\n|\n|-heal|p2b: Wo-Chien|55\/100|[from] item: Leftovers\n|-heal|p1a: Garganacl|76\/100|[from] item: Leftovers\n|upkeep\n|turn|13\n|\n|t:|1682314513\n|move|p1a: Garganacl|Protect|p1a: Garganacl\n|-singleturn|p1a: Garganacl|Protect\n|move|p2a: Baxcalibur|Icicle Spear|p1a: Garganacl\n|-activate|p1a: Garganacl|move: Protect\n|move|p2b: Wo-Chien|Leech Seed|p1a: Garganacl\n|-activate|p1a: Garganacl|move: Protect\n|\n|-heal|p2b: Wo-Chien|61\/100|[from] item: Leftovers\n|-heal|p1a: Garganacl|82\/100|[from] item: Leftovers\n|upkeep\n|turn|14\n|\n|t:|1682314521\n|move|p2a: Baxcalibur|Protect|p2a: Baxcalibur\n|-singleturn|p2a: Baxcalibur|Protect\n|move|p2b: Wo-Chien|Leech Seed|p1a: Garganacl\n|-start|p1a: Garganacl|move: Leech Seed\n|move|p1a: Garganacl|Salt Cure|p2a: Baxcalibur\n|-activate|p2a: Baxcalibur|move: Protect\n|\n|-heal|p2b: Wo-Chien|68\/100|[from] item: Leftovers\n|-heal|p1a: Garganacl|87\/100|[from] item: Leftovers\n|-damage|p1a: Garganacl|75\/100|[from] Leech Seed|[of] p2b: Wo-Chien\n|-heal|p2b: Wo-Chien|81\/100|[silent]\n|upkeep\n|turn|15\n|\n|t:|1682314533\n|move|p2a: Baxcalibur|Icicle Spear|p1a: Garganacl\n|-damage|p1a: Garganacl|70\/100\n|-damage|p1a: Garganacl|66\/100\n|-damage|p1a: Garganacl|61\/100\n|-damage|p1a: Garganacl|56\/100\n|-damage|p1a: Garganacl|51\/100\n|-hitcount|p1a: Garganacl|5\n|move|p2b: Wo-Chien|Pollen Puff|p2a: Baxcalibur\n|-heal|p2a: Baxcalibur|100\/100\n|move|p1a: Garganacl|Salt Cure|p2a: Baxcalibur\n|-damage|p2a: Baxcalibur|91\/100\n|-start|p2a: Baxcalibur|Salt Cure\n|\n|-heal|p2b: Wo-Chien|87\/100|[from] item: Leftovers\n|-heal|p1a: Garganacl|57\/100|[from] item: Leftovers\n|-damage|p1a: Garganacl|45\/100|[from] Leech Seed|[of] p2b: Wo-Chien\n|-heal|p2b: Wo-Chien|99\/100|[silent]\n|-damage|p2a: Baxcalibur|79\/100|[from] Salt Cure\n|upkeep\n|turn|16\n|\n|t:|1682314543\n|move|p2a: Baxcalibur|Icicle Spear|p1a: Garganacl\n|-damage|p1a: Garganacl|40\/100\n|-damage|p1a: Garganacl|35\/100\n|-damage|p1a: Garganacl|31\/100\n|-damage|p1a: Garganacl|26\/100\n|-hitcount|p1a: Garganacl|4\n|move|p2b: Wo-Chien|Pollen Puff|p2a: Baxcalibur\n|-heal|p2a: Baxcalibur|100\/100\n|move|p1a: Garganacl|Recover|p1a: Garganacl\n|-heal|p1a: Garganacl|76\/100\n|\n|-heal|p2b: Wo-Chien|100\/100|[from] item: Leftovers\n|-heal|p1a: Garganacl|82\/100|[from] item: Leftovers\n|-damage|p1a: Garganacl|70\/100|[from] Leech Seed|[of] p2b: Wo-Chien\n|-damage|p2a: Baxcalibur|88\/100|[from] Salt Cure\n|upkeep\n|turn|17\n|\n|t:|1682314550\n|move|p2a: Baxcalibur|Icicle Spear|p1a: Garganacl\n|-damage|p1a: Garganacl|64\/100\n|-damage|p1a: Garganacl|59\/100\n|-crit|p1a: Garganacl\n|-damage|p1a: Garganacl|47\/100\n|-damage|p1a: Garganacl|41\/100\n|-hitcount|p1a: Garganacl|4\n|move|p2b: Wo-Chien|Pollen Puff|p2a: Baxcalibur\n|-heal|p2a: Baxcalibur|100\/100\n|move|p1a: Garganacl|Salt Cure|p2b: Wo-Chien\n|-activate|p2b: Wo-Chien|move: Substitute|[damage]\n|\n|-heal|p1a: Garganacl|47\/100|[from] item: Leftovers\n|-damage|p1a: Garganacl|35\/100|[from] Leech Seed|[of] p2b: Wo-Chien\n|-damage|p2a: Baxcalibur|88\/100|[from] Salt Cure\n|upkeep\n|turn|18\n|-message|Tameryn forfeited.\n|\n|win|Pyrantic\n|n|\u2606Tameryn|tameryn\n|n|\u2606Pyrantic|pyrantic\n|n| KennyJ|kennyj\n|n| BayonettaDragona|bayonettadragona\n","uploadtime":1682314557,"views":31,"p1id":"tameryn","p2id":"pyrantic","formatid":"gen9vgc2023regulationc","rating":0,"private":0,"password":""}