{"id":"gen9vgc2023regulationc-1846367026","p1":"haha u rage quit","p2":"Sabosex","format":"[Gen 9] VGC 2023 Regulation C","log":"|j|\u2606haha u rage quit\n|j|\u2606Sabosex\n|t:|1681835153\n|gametype|doubles\n|player|p1|haha u rage quit|pokemaniac|1071\n|player|p2|Sabosex|ghetsis|1075\n|teamsize|p1|6\n|teamsize|p2|6\n|gen|9\n|tier|[Gen 9] VGC 2023 Regulation C\n|rated|\n|rule|Species Clause: Limit one of each Pok\u00e9mon\n|rule|Item Clause: Limit one of each item\n|clearpoke\n|poke|p1|Amoonguss, L50, M|\n|poke|p1|Flutter Mane, L50|\n|poke|p1|Arcanine, L50, M|\n|poke|p1|Iron Bundle, L50|\n|poke|p1|Baxcalibur, L50, M|\n|poke|p1|Palafin, L50, M|\n|poke|p2|Iron Bundle, L50|\n|poke|p2|Chi-Yu, L50|\n|poke|p2|Flutter Mane, L50|\n|poke|p2|Pawmot, L50, F|\n|poke|p2|Scizor, L50, M|\n|poke|p2|Gyarados, L50, F|\n|teampreview|4\nSabosex has agreed to open team sheets.\n|\n|t:|1681835180\n|start\n|switch|p1a: Flutter Mane|Flutter Mane, L50|100\/100\n|switch|p1b: Palafin|Palafin, L50, M|100\/100\n|switch|p2a: Gyarados|Gyarados, L50, F|100\/100\n|switch|p2b: Scizor|Scizor, L50, M|100\/100\n|-ability|p2a: Gyarados|Intimidate|boost\n|-unboost|p1a: Flutter Mane|atk|1\n|-unboost|p1b: Palafin|atk|1\n|-enditem|p1a: Flutter Mane|Booster Energy\n|-activate|p1a: Flutter Mane|ability: Protosynthesis|[fromitem]\n|-start|p1a: Flutter Mane|protosynthesisspe\n|turn|1\n|\n|t:|1681835223\n|-terastallize|p1b: Palafin|Water\n|move|p1a: Flutter Mane|Protect|p1a: Flutter Mane\n|-singleturn|p1a: Flutter Mane|Protect\n|move|p2b: Scizor|Bullet Punch|p1a: Flutter Mane\n|-activate|p1a: Flutter Mane|move: Protect\n|move|p1b: Palafin|Wave Crash|p2b: Scizor\n|-damage|p2b: Scizor|54\/100\n|-damage|p1b: Palafin|87\/100|[from] Recoil\n|move|p2a: Gyarados|Waterfall|p1a: Flutter Mane\n|-activate|p1a: Flutter Mane|move: Protect\n|\n|upkeep\n|turn|2\n|\n|t:|1681835246\n|-end|p1a: Flutter Mane|Protosynthesis|[silent]\n|switch|p1a: Arcanine|Arcanine, L50, M|100\/100\n|-ability|p1a: Arcanine|Intimidate|boost\n|-unboost|p2a: Gyarados|atk|1\n|-unboost|p2b: Scizor|atk|1\n|move|p2b: Scizor|Bullet Punch|p1a: Arcanine\n|-resisted|p1a: Arcanine\n|-damage|p1a: Arcanine|84\/100\n|move|p1b: Palafin|Wave Crash|p2b: Scizor\n|-damage|p2b: Scizor|3\/100\n|-damage|p1b: Palafin|73\/100|[from] Recoil\n|move|p2a: Gyarados|Thunder Wave|p1a: Arcanine\n|-status|p1a: Arcanine|par\n|\n|upkeep\n|turn|3\n|\n|t:|1681835266\n|move|p2b: Scizor|Protect|p2b: Scizor\n|-singleturn|p2b: Scizor|Protect\n|move|p1b: Palafin|Jet Punch|p2b: Scizor\n|-activate|p2b: Scizor|move: Protect\n|move|p2a: Gyarados|Waterfall|p1a: Arcanine\n|-supereffective|p1a: Arcanine\n|-damage|p1a: Arcanine|24\/100 par\n|-enditem|p1a: Arcanine|Aguav Berry|[eat]\n|-heal|p1a: Arcanine|57\/100 par|[from] item: Aguav Berry\n|move|p1a: Arcanine|Wild Charge|p2a: Gyarados\n|-supereffective|p2a: Gyarados\n|-damage|p2a: Gyarados|0 fnt\n|faint|p2a: Gyarados\n|-damage|p1a: Arcanine|28\/100 par|[from] Recoil\n|\n|upkeep\n|\n|t:|1681835281\n|switch|p2a: Flutter Mane|Flutter Mane, L50|100\/100\n|turn|4\n|inactive|Battle timer is ON: inactive players will automatically lose when time's up. (requested by haha u rage quit)\n|\n|t:|1681835311\n|detailschange|p1b: Palafin|Palafin-Hero, L50, M, tera:Water\n|switch|p1b: Amoonguss|Amoonguss, L50, M|100\/100\n|switch|p2b: Chi-Yu|Chi-Yu, L50|100\/100\n|-ability|p2b: Chi-Yu|Beads of Ruin\n|cant|p1a: Arcanine|par\n|move|p2a: Flutter Mane|Shadow Ball|p1b: Amoonguss\n|-damage|p1b: Amoonguss|40\/100\n|-enditem|p1b: Amoonguss|Sitrus Berry|[eat]\n|-heal|p1b: Amoonguss|64\/100|[from] item: Sitrus Berry\n|-damage|p2a: Flutter Mane|91\/100|[from] item: Life Orb\n|\n|upkeep\n|turn|5\n|\n|t:|1681835334\n|move|p1b: Amoonguss|Protect|p1b: Amoonguss\n|-singleturn|p1b: Amoonguss|Protect\n|move|p2b: Chi-Yu|Heat Wave|p1b: Amoonguss|[spread] p1a\n|-activate|p1b: Amoonguss|move: Protect\n|-resisted|p1a: Arcanine\n|-damage|p1a: Arcanine|0 fnt\n|faint|p1a: Arcanine\n|move|p2a: Flutter Mane|Shadow Ball|p1b: Amoonguss\n|-activate|p1b: Amoonguss|move: Protect\n|\n|upkeep\n|\n|t:|1681835344\n|switch|p1a: Palafin|Palafin-Hero, L50, M, tera:Water|73\/100\n|-activate|p1a: Palafin|ability: Zero to Hero\n|turn|6\n|\n|t:|1681835364\n|switch|p1b: Flutter Mane|Flutter Mane, L50|100\/100\n|-terastallize|p2b: Chi-Yu|Ghost\n|move|p1a: Palafin|Jet Punch|p2a: Flutter Mane\n|-damage|p2a: Flutter Mane|0 fnt\n|faint|p2a: Flutter Mane\n|-end|p2a: Flutter Mane|Protosynthesis|[silent]\n|move|p2b: Chi-Yu|Heat Wave|p1b: Flutter Mane|[spread] p1a,p1b\n|-resisted|p1a: Palafin\n|-crit|p1b: Flutter Mane\n|-damage|p1a: Palafin|47\/100\n|-damage|p1b: Flutter Mane|22\/100\n|\n|upkeep\n|\n|t:|1681835374\n|switch|p2a: Scizor|Scizor, L50, M|3\/100\n|turn|7\n|inactive|haha u rage quit has 30 seconds left.\n|inactive|haha u rage quit has 20 seconds left.\n|\n|t:|1681835412\n|move|p2a: Scizor|Protect|p2a: Scizor\n|-singleturn|p2a: Scizor|Protect\n|move|p1a: Palafin|Jet Punch|p2b: Chi-Yu\n|-damage|p2b: Chi-Yu|0 fnt\n|faint|p2b: Chi-Yu\n|move|p1b: Flutter Mane|Shadow Ball|p2a: Scizor\n|-activate|p2a: Scizor|move: Protect\n|\n|upkeep\n|turn|8\n|-message|Sabosex forfeited.\n|\n|win|haha u rage quit\n|raw|haha u rage quit's rating: 1071 → 1101<\/strong> (+30 for winning)\n|raw|Sabosex's rating: 1075 → 1054<\/strong> (-21 for losing)\n|l|\u2606Sabosex\n|l|\u2606haha u rage quit\n|j|\u2606haha u rage quit\n|player|p1|haha u rage quit|pokemaniac\n","uploadtime":1681835439,"views":12,"p1id":"hahauragequit","p2id":"sabosex","formatid":"gen9vgc2023regulationc","rating":1054,"private":0,"password":""}