{"id":"gen9vgc2023regulationc-1854475642","p1":"vgcproto","p2":"NicoHaxVGC","format":"[Gen 9] VGC 2023 Regulation C","log":"|j|\u2606vgcproto\n|j|\u2606NicoHaxVGC\n|t:|1682815758\n|gametype|doubles\n|player|p1|vgcproto|lucas|1424\n|player|p2|NicoHaxVGC|red|1345\n|teamsize|p1|6\n|teamsize|p2|6\n|gen|9\n|tier|[Gen 9] VGC 2023 Regulation C\n|rated|\n|rule|Species Clause: Limit one of each Pok\u00e9mon\n|rule|Item Clause: Limit one of each item\n|clearpoke\n|poke|p1|Drednaw, L50, M|\n|poke|p1|Pelipper, L50, M|\n|poke|p1|Dondozo, L50, M|\n|poke|p1|Tatsugiri, L50, M|\n|poke|p1|Dachsbun, L50, M|\n|poke|p1|Hariyama, L50, M|\n|poke|p2|Corviknight, L50, F|\n|poke|p2|Ting-Lu, L50|\n|poke|p2|Annihilape, L50, M|\n|poke|p2|Amoonguss, L50, F|\n|poke|p2|Iron Bundle, L50|\n|poke|p2|Flutter Mane, L50|\n|teampreview|4\n|inactive|Battle timer is ON: inactive players will automatically lose when time's up. (requested by NicoHaxVGC)\n|\n|t:|1682815782\n|start\n|switch|p1a: Drednaw|Drednaw, L50, M|100\/100\n|switch|p1b: Pelipper|Pelipper, L50, M|100\/100\n|switch|p2a: Cyborg|Iron Bundle, L50|100\/100\n|switch|p2b: Star fire|Flutter Mane, L50|100\/100\n|-weather|RainDance|[from] ability: Drizzle|[of] p1b: Pelipper\n|-enditem|p2a: Cyborg|Booster Energy\n|-activate|p2a: Cyborg|ability: Quark Drive|[fromitem]\n|-start|p2a: Cyborg|quarkdrivespe\n|turn|1\n|inactive|vgcproto has 30 seconds left.\n|\n|t:|1682815816\n|switch|p1a: Dachsbun|Dachsbun, L50, M|100\/100\n|-terastallize|p2b: Star fire|Fairy\n|-terastallize|p1b: Pelipper|Steel\n|move|p2a: Cyborg|Icy Wind|p1a: Dachsbun|[spread] p1a,p1b\n|-resisted|p1b: Pelipper\n|-damage|p1a: Dachsbun|80\/100\n|-damage|p1b: Pelipper|87\/100\n|-unboost|p1a: Dachsbun|spe|1\n|-unboost|p1b: Pelipper|spe|1\n|move|p2b: Star fire|Dazzling Gleam|p1b: Pelipper|[spread] p1a,p1b\n|-resisted|p1b: Pelipper\n|-damage|p1a: Dachsbun|15\/100\n|-damage|p1b: Pelipper|47\/100\n|-enditem|p1a: Dachsbun|Figy Berry|[eat]\n|-heal|p1a: Dachsbun|47\/100|[from] item: Figy Berry\n|move|p1b: Pelipper|Tailwind|p1b: Pelipper\n|-sidestart|p1: vgcproto|move: Tailwind\n|\n|-weather|RainDance|[upkeep]\n|upkeep\n|turn|2\n|inactive|vgcproto has 30 seconds left.\n|inactive|NicoHaxVGC has 30 seconds left.\n|\n|t:|1682815845\n|move|p1b: Pelipper|Protect|p1b: Pelipper\n|-singleturn|p1b: Pelipper|Protect\n|move|p2a: Cyborg|Icy Wind|p1b: Pelipper|[spread] p1a\n|-activate|p1b: Pelipper|move: Protect\n|-damage|p1a: Dachsbun|29\/100\n|-unboost|p1a: Dachsbun|spe|1\n|move|p2b: Star fire|Dazzling Gleam|p1b: Pelipper|[spread] p1a\n|-activate|p1b: Pelipper|move: Protect\n|-damage|p1a: Dachsbun|0 fnt\n|faint|p1a: Dachsbun\n|\n|-weather|RainDance|[upkeep]\n|upkeep\n|\n|t:|1682815856\n|switch|p1a: Drednaw|Drednaw, L50, M|100\/100\n|turn|3\n|\n|t:|1682815870\n|switch|p1b: Hariyama|Hariyama, L50, M|100\/100\n|move|p1a: Drednaw|Rock Slide|p2b: Star fire|[spread] p2a,p2b\n|-supereffective|p2a: Cyborg\n|-damage|p2a: Cyborg|11\/100\n|-damage|p2b: Star fire|34\/100\n|move|p2a: Cyborg|Icy Wind|p1b: Hariyama|[spread] p1a,p1b\n|-resisted|p1a: Drednaw\n|-damage|p1a: Drednaw|87\/100\n|-damage|p1b: Hariyama|93\/100\n|-unboost|p1a: Drednaw|spe|1\n|-unboost|p1b: Hariyama|spe|1\n|cant|p2b: Star fire|flinch\n|\n|-weather|RainDance|[upkeep]\n|upkeep\n|turn|4\n|\n|t:|1682815893\n|-end|p2b: Star fire|Protosynthesis|[silent]\n|switch|p2b: Terra|Amoonguss, L50, F|100\/100\n|move|p2a: Cyborg|Protect|p2a: Cyborg\n|-singleturn|p2a: Cyborg|Protect\n|move|p1a: Drednaw|Rock Slide|p2a: Cyborg|[spread] p2b\n|-activate|p2a: Cyborg|move: Protect\n|-damage|p2b: Terra|64\/100\n|move|p1b: Hariyama|Heavy Slam|p2b: Terra\n|-damage|p2b: Terra|28\/100\n|-enditem|p2b: Terra|Sitrus Berry|[eat]\n|-heal|p2b: Terra|53\/100|[from] item: Sitrus Berry\n|\n|-weather|RainDance|[upkeep]\n|-sideend|p1: vgcproto|move: Tailwind\n|upkeep\n|turn|5\n|inactive|NicoHaxVGC has 30 seconds left.\n|\n|t:|1682815922\n|move|p2a: Cyborg|Icy Wind|p1b: Hariyama|[spread] p1a,p1b\n|-resisted|p1a: Drednaw\n|-damage|p1a: Drednaw|75\/100\n|-damage|p1b: Hariyama|87\/100\n|-unboost|p1a: Drednaw|spe|1\n|-unboost|p1b: Hariyama|spe|1\n|move|p1a: Drednaw|Rock Slide|p2a: Cyborg|[spread] p2a,p2b\n|-supereffective|p2a: Cyborg\n|-damage|p2a: Cyborg|0 fnt\n|-damage|p2b: Terra|18\/100\n|faint|p2a: Cyborg\n|-end|p2a: Cyborg|Quark Drive|[silent]\n|move|p2b: Terra|Spore|p1a: Drednaw\n|-status|p1a: Drednaw|slp|[from] move: Spore\n|move|p1b: Hariyama|Close Combat|p2b: Terra\n|-resisted|p2b: Terra\n|-damage|p2b: Terra|0 fnt\n|-unboost|p1b: Hariyama|def|1\n|-unboost|p1b: Hariyama|spd|1\n|faint|p2b: Terra\n|\n|-weather|RainDance|[upkeep]\n|upkeep\n|\n|t:|1682815936\n|switch|p2a: Raven|Corviknight, L50, F|100\/100\n|switch|p2b: Star fire|Flutter Mane, L50, tera:Fairy|34\/100\n|turn|6\n|\n|t:|1682815946\n|move|p2b: Star fire|Dazzling Gleam|p1a: Drednaw|[spread] p1a,p1b\n|-supereffective|p1b: Hariyama\n|-damage|p1a: Drednaw|0 fnt\n|-damage|p1b: Hariyama|0 fnt\n|faint|p1a: Drednaw\n|faint|p1b: Hariyama\n|move|p2a: Raven|Tailwind|p2a: Raven\n|-sidestart|p2: NicoHaxVGC|move: Tailwind\n|\n|-weather|RainDance|[upkeep]\n|upkeep\n|\n|t:|1682815949\n|switch|p1b: Pelipper|Pelipper, L50, M, tera:Steel|47\/100\n|turn|7\n|\n|t:|1682815958\n|move|p2b: Star fire|Dazzling Gleam|p1b: Pelipper\n|-resisted|p1b: Pelipper\n|-damage|p1b: Pelipper|0 fnt\n|faint|p1b: Pelipper\n|\n|win|NicoHaxVGC\n|raw|vgcproto's rating: 1424 → 1400<\/strong> (-24 for losing)\n|raw|NicoHaxVGC's rating: 1345 → 1369<\/strong> (+24 for winning)\n|l|\u2606vgcproto\n","uploadtime":1682815963,"views":21,"p1id":"vgcproto","p2id":"nicohaxvgc","formatid":"gen9vgc2023regulationc","rating":1369,"private":0,"password":""}