{"id":"gen9vgc2023regulationc-1852893844","p1":"C0nchoboar","p2":"Aboogaboogaboo","format":"[Gen 9] VGC 2023 Regulation C","log":"|j|\u2606C0nchoboar\n|j|\u2606Aboogaboogaboo\n|t:|1682615186\n|gametype|doubles\n|player|p1|C0nchoboar|170|1025\n|player|p2|Aboogaboogaboo|doubleteam|1124\n|teamsize|p1|6\n|teamsize|p2|6\n|gen|9\n|tier|[Gen 9] VGC 2023 Regulation C\n|rated|\n|rule|Species Clause: Limit one of each Pok\u00e9mon\n|rule|Item Clause: Limit one of each item\n|clearpoke\n|poke|p1|Tyranitar, L50, M|\n|poke|p1|Lycanroc, L50, F|\n|poke|p1|Garchomp, L50, M|\n|poke|p1|Murkrow, L50, M|\n|poke|p1|Chi-Yu, L50|\n|poke|p1|Iron Bundle, L50|\n|poke|p2|Pelipper, L50, F|\n|poke|p2|Iron Moth, L50|\n|poke|p2|Palafin, L50, M|\n|poke|p2|Chien-Pao, L50|\n|poke|p2|Gyarados, L50, M|\n|poke|p2|Corviknight, L50, M|\n|teampreview|4\n|inactive|Battle timer is ON: inactive players will automatically lose when time's up. (requested by Aboogaboogaboo)\n|\n|t:|1682615213\n|start\n|switch|p1a: Tyranitar|Tyranitar, L50, M|100\/100\n|switch|p1b: Lycanroc|Lycanroc, L50, F|100\/100\n|switch|p2a: Palafin|Palafin, L50, M|100\/100\n|switch|p2b: Pelipper|Pelipper, L50, F|100\/100\n|-weather|RainDance|[from] ability: Drizzle|[of] p2b: Pelipper\n|-weather|Sandstorm|[from] ability: Sand Stream|[of] p1a: Tyranitar\n|turn|1\n|\n|t:|1682615225\n|detailschange|p2a: Palafin|Palafin-Hero, L50, M\n|switch|p2a: Gyarados|Gyarados, L50, M|100\/100\n|-ability|p2a: Gyarados|Intimidate|boost\n|-unboost|p1a: Tyranitar|atk|1\n|-unboost|p1b: Lycanroc|atk|1\n|move|p2b: Pelipper|Protect|p2b: Pelipper\n|-singleturn|p2b: Pelipper|Protect\n|move|p1b: Lycanroc|Rock Slide|p2a: Gyarados|[spread] p2a\n|-activate|p2b: Pelipper|move: Protect\n|-supereffective|p2a: Gyarados\n|-damage|p2a: Gyarados|67\/100\n|move|p1a: Tyranitar|Rock Slide|p2b: Pelipper|[spread] p2a\n|-activate|p2b: Pelipper|move: Protect\n|-supereffective|p2a: Gyarados\n|-damage|p2a: Gyarados|30\/100\n|\n|-weather|Sandstorm|[upkeep]\n|-damage|p2a: Gyarados|24\/100|[from] Sandstorm\n|-damage|p2b: Pelipper|95\/100|[from] Sandstorm\n|upkeep\n|turn|2\n|\n|t:|1682615239\n|switch|p2b: Palafin|Palafin-Hero, L50, M|100\/100\n|-activate|p2b: Palafin|ability: Zero to Hero\n|move|p1b: Lycanroc|Rock Slide|p2a: Gyarados|[spread] p2a,p2b\n|-supereffective|p2a: Gyarados\n|-damage|p2a: Gyarados|0 fnt\n|-damage|p2b: Palafin|83\/100\n|faint|p2a: Gyarados\n|move|p1a: Tyranitar|Rock Slide|p2b: Palafin\n|-damage|p2b: Palafin|60\/100\n|\n|-weather|Sandstorm|[upkeep]\n|-damage|p2b: Palafin|54\/100|[from] Sandstorm\n|upkeep\n|\n|t:|1682615242\n|switch|p2a: Corviknight|Corviknight, L50, M, shiny|100\/100\n|turn|3\n|\n|t:|1682615255\n|switch|p2a: Pelipper|Pelipper, L50, F|95\/100\n|-weather|RainDance|[from] ability: Drizzle|[of] p2a: Pelipper\n|switch|p1a: Garchomp|Garchomp, L50, M, shiny|100\/100\n|-terastallize|p2b: Palafin|Water\n|move|p2b: Palafin|Jet Punch|p1b: Lycanroc\n|-supereffective|p1b: Lycanroc\n|-crit|p1b: Lycanroc\n|-enditem|p1b: Lycanroc|Focus Sash\n|-damage|p1b: Lycanroc|1\/100\n|move|p1b: Lycanroc|Endeavor|p2b: Palafin\n|-damage|p2b: Palafin|1\/100\n|\n|-weather|RainDance|[upkeep]\n|upkeep\n|turn|4\n|\n|t:|1682615271\n|move|p1a: Garchomp|Protect|p1a: Garchomp\n|-singleturn|p1a: Garchomp|Protect\n|move|p2b: Palafin|Jet Punch|p1a: Garchomp\n|-activate|p1a: Garchomp|move: Protect\n|move|p1b: Lycanroc|Rock Slide|p2b: Palafin|[spread] p2a,p2b\n|-supereffective|p2a: Pelipper\n|-damage|p2a: Pelipper|49\/100\n|-damage|p2b: Palafin|0 fnt\n|faint|p2b: Palafin\n|move|p2a: Pelipper|Icy Wind|p1b: Lycanroc|[spread] p1b\n|-activate|p1a: Garchomp|move: Protect\n|-damage|p1b: Lycanroc|0 fnt\n|faint|p1b: Lycanroc\n|\n|-weather|RainDance|[upkeep]\n|upkeep\n|\n|t:|1682615279\n|switch|p1b: Tyranitar|Tyranitar, L50, M|100\/100\n|switch|p2b: Corviknight|Corviknight, L50, M, shiny|100\/100\n|-weather|Sandstorm|[from] ability: Sand Stream|[of] p1b: Tyranitar\n|turn|5\n|\n|t:|1682615290\n|move|p1a: Garchomp|Rock Slide|p2b: Corviknight|[spread] p2a,p2b\n|-supereffective|p2a: Pelipper\n|-damage|p2a: Pelipper|0 fnt\n|-damage|p2b: Corviknight|83\/100\n|faint|p2a: Pelipper\n|move|p2b: Corviknight|Iron Head|p1a: Garchomp|[miss]\n|-miss|p2b: Corviknight|p1a: Garchomp\n|move|p1b: Tyranitar|Rock Slide|p2b: Corviknight\n|-damage|p2b: Corviknight|56\/100\n|\n|-weather|Sandstorm|[upkeep]\n|upkeep\n|turn|6\n|\n|t:|1682615298\n|move|p1a: Garchomp|Rock Slide|p2b: Corviknight\n|-damage|p2b: Corviknight|35\/100\n|move|p2b: Corviknight|Bulk Up|p2b: Corviknight\n|-boost|p2b: Corviknight|atk|1\n|-boost|p2b: Corviknight|def|1\n|move|p1b: Tyranitar|Assurance|p2b: Corviknight\n|-damage|p2b: Corviknight|2\/100\n|\n|-weather|Sandstorm|[upkeep]\n|upkeep\n|turn|7\n|\n|t:|1682615305\n|move|p1a: Garchomp|Dragon Claw|p2b: Corviknight\n|-resisted|p2b: Corviknight\n|-damage|p2b: Corviknight|0 fnt\n|faint|p2b: Corviknight\n|\n|win|C0nchoboar\n|raw|C0nchoboar's rating: 1025 → 1071<\/strong> (+46 for winning)\n|raw|Aboogaboogaboo's rating: 1124 → 1092<\/strong> (-32 for losing)\n|l|\u2606Aboogaboogaboo\n","uploadtime":1682615312,"views":6,"p1id":"c0nchoboar","p2id":"aboogaboogaboo","formatid":"gen9vgc2023regulationc","rating":1071,"private":0,"password":""}