{"id":"gen9vgc2023regulationc-1848089729","p1":"ApplinFan773","p2":"Luckao","format":"[Gen 9] VGC 2023 Regulation C","log":"|j|\u2606ApplinFan773\n|j|\u2606Luckao\n|t:|1682028480\n|gametype|doubles\n|player|p1|ApplinFan773|cilan|1128\n|player|p2|Luckao|red|1120\n|teamsize|p1|6\n|teamsize|p2|6\n|gen|9\n|tier|[Gen 9] VGC 2023 Regulation C\n|rated|\n|rule|Species Clause: Limit one of each Pok\u00e9mon\n|rule|Item Clause: Limit one of each item\n|clearpoke\n|poke|p1|Maushold-Four, L50|\n|poke|p1|Flutter Mane, L50|\n|poke|p1|Scream Tail, L50|\n|poke|p1|Arboliva, L50, F|\n|poke|p1|Ceruledge, L50, M|\n|poke|p1|Salamence, L50, M|\n|poke|p2|Lycanroc, L50, M|\n|poke|p2|Tyranitar, L50, M|\n|poke|p2|Dondozo, L50, M|\n|poke|p2|Tatsugiri, L50, F|\n|poke|p2|Gengar, L50, M|\n|poke|p2|Glimmora, L50, M|\n|teampreview|4\n|inactive|Battle timer is ON: inactive players will automatically lose when time's up. (requested by ApplinFan773)\n|c|\u2606ApplinFan773|Glhf, cool team\n|c|\u2606Luckao|glhf\n|inactive|ApplinFan773 has 60 seconds left.\n|c|\u2606Luckao|tks\n|c|\u2606Luckao|im testing it\n|\n|t:|1682028530\n|start\n|switch|p1a: Rhea|Arboliva, L50, F, shiny|100\/100\n|switch|p1b: Grim Shady|Ceruledge, L50, M|100\/100\n|switch|p2a: Lycanroc|Lycanroc, L50, M, shiny|100\/100\n|switch|p2b: Tyranitar|Tyranitar, L50, M, shiny|100\/100\n|-weather|Sandstorm|[from] ability: Sand Stream|[of] p2b: Tyranitar\n|turn|1\n|\n|t:|1682028551\n|-terastallize|p1b: Grim Shady|Grass\n|move|p2a: Lycanroc|Close Combat|p1a: Rhea\n|-supereffective|p1a: Rhea\n|-damage|p1a: Rhea|18\/100\n|-unboost|p2a: Lycanroc|def|1\n|-unboost|p2a: Lycanroc|spd|1\n|-fieldstart|move: Grassy Terrain|[from] ability: Seed Sower|[of] p1a: Rhea\n|move|p1b: Grim Shady|Tera Blast|p2b: Tyranitar\n|-supereffective|p2b: Tyranitar\n|-damage|p2b: Tyranitar|14\/100\n|move|p2b: Tyranitar|Rock Slide|p1a: Rhea|[spread] p1b\n|-miss|p2b: Tyranitar|p1a: Rhea\n|-damage|p1b: Grim Shady|70\/100\n|move|p1a: Rhea|Giga Drain|p2b: Tyranitar\n|-supereffective|p2b: Tyranitar\n|-crit|p2b: Tyranitar\n|-damage|p2b: Tyranitar|0 fnt\n|-heal|p1a: Rhea|26\/100|[from] drain|[of] p2b: Tyranitar\n|faint|p2b: Tyranitar\n|\n|-weather|Sandstorm|[upkeep]\n|-damage|p1b: Grim Shady|64\/100|[from] Sandstorm\n|-damage|p1a: Rhea|20\/100|[from] Sandstorm\n|-heal|p1b: Grim Shady|70\/100|[from] Grassy Terrain\n|-heal|p1a: Rhea|26\/100|[from] Grassy Terrain\n|upkeep\n|\n|t:|1682028574\n|switch|p2b: Dondozo|Dondozo, L50, M|100\/100\n|turn|2\n|\n|t:|1682028590\n|switch|p2a: Tatsugiri|Tatsugiri, L50, F|100\/100\n|-activate|p2a: Tatsugiri|ability: Commander|[of] p2b: Dondozo\n|-boost|p2b: Dondozo|atk|2\n|-boost|p2b: Dondozo|spa|2\n|-boost|p2b: Dondozo|spe|2\n|-boost|p2b: Dondozo|def|2\n|-boost|p2b: Dondozo|spd|2\n|switch|p1b: Salami|Salamence, L50, M, shiny|100\/100\n|-ability|p1b: Salami|Intimidate|boost\n|-unboost|p2a: Tatsugiri|atk|1\n|-unboost|p2b: Dondozo|atk|1\n|-terastallize|p2b: Dondozo|Ground\n|move|p1a: Rhea|Protect|p1a: Rhea\n|-singleturn|p1a: Rhea|Protect\n|move|p2b: Dondozo|Earthquake|p1a: Rhea|[spread] \n|-miss|p2b: Dondozo|p2a: Tatsugiri\n|-activate|p1a: Rhea|move: Protect\n|-immune|p1b: Salami\n|\n|-weather|Sandstorm|[upkeep]\n|-damage|p1b: Salami|95\/100|[from] Sandstorm\n|-damage|p2a: Tatsugiri|94\/100|[from] Sandstorm\n|-damage|p1a: Rhea|20\/100|[from] Sandstorm\n|-heal|p2a: Tatsugiri|100\/100|[from] Grassy Terrain\n|-damage|p2a: Tatsugiri|88\/100|[from] item: Black Sludge\n|-heal|p1a: Rhea|26\/100|[from] Grassy Terrain\n|upkeep\n|turn|3\n|inactive|ApplinFan773 has 30 seconds left.\n|\n|t:|1682028625\n|switch|p1b: The Millers|Maushold-Four, L50|100\/100\n|move|p2b: Dondozo|Order Up|p1b: The Millers\n|-damage|p1b: The Millers|52\/100\n|-boost|p2b: Dondozo|atk|1\n|move|p1a: Rhea|Giga Drain|p2b: Dondozo\n|-supereffective|p2b: Dondozo\n|-damage|p2b: Dondozo|40\/100\n|-heal|p1a: Rhea|68\/100|[from] drain|[of] p2b: Dondozo\n|\n|-weather|Sandstorm|[upkeep]\n|-damage|p1b: The Millers|46\/100|[from] Sandstorm\n|-damage|p2a: Tatsugiri|82\/100|[from] Sandstorm\n|-damage|p1a: Rhea|62\/100|[from] Sandstorm\n|-heal|p1b: The Millers|52\/100|[from] Grassy Terrain\n|-heal|p2b: Dondozo|47\/100|[from] Grassy Terrain\n|-heal|p2b: Dondozo|53\/100|[from] item: Leftovers\n|-heal|p2a: Tatsugiri|88\/100|[from] Grassy Terrain\n|-damage|p2a: Tatsugiri|75\/100|[from] item: Black Sludge\n|-heal|p1a: Rhea|68\/100|[from] Grassy Terrain\n|upkeep\n|turn|4\n|\n|t:|1682028644\n|move|p1b: The Millers|Population Bomb|p2b: Dondozo\n|-damage|p2b: Dondozo|49\/100\n|-damage|p2b: Dondozo|46\/100\n|-damage|p2b: Dondozo|42\/100\n|-damage|p2b: Dondozo|38\/100\n|-damage|p2b: Dondozo|35\/100\n|-damage|p2b: Dondozo|31\/100\n|-damage|p2b: Dondozo|28\/100\n|-damage|p2b: Dondozo|24\/100\n|-damage|p2b: Dondozo|21\/100\n|-damage|p2b: Dondozo|17\/100\n|-hitcount|p2b: Dondozo|10\n|move|p2b: Dondozo|Earthquake|p1b: The Millers|[spread] p1a,p1b\n|-miss|p2b: Dondozo|p2a: Tatsugiri\n|-resisted|p1a: Rhea\n|-crit|p1a: Rhea\n|-damage|p1a: Rhea|41\/100\n|-damage|p1b: The Millers|6\/100\n|move|p1a: Rhea|Giga Drain|p2b: Dondozo\n|-supereffective|p2b: Dondozo\n|-damage|p2b: Dondozo|0 fnt\n|-heal|p1a: Rhea|53\/100|[from] drain|[of] p2b: Dondozo\n|faint|p2b: Dondozo\n|\n|-weather|Sandstorm|[upkeep]\n|-damage|p1b: The Millers|0 fnt|[from] Sandstorm\n|-damage|p2a: Tatsugiri|69\/100|[from] Sandstorm\n|-damage|p1a: Rhea|47\/100|[from] Sandstorm\n|faint|p1b: The Millers\n|-heal|p2a: Tatsugiri|75\/100|[from] Grassy Terrain\n|-damage|p2a: Tatsugiri|63\/100|[from] item: Black Sludge\n|-heal|p1a: Rhea|53\/100|[from] Grassy Terrain\n|upkeep\n|inactive|Luckao has 30 seconds left.\n|\n|t:|1682028672\n|switch|p1b: Grim Shady|Ceruledge, L50, M, tera:Grass|70\/100\n|switch|p2b: Lycanroc|Lycanroc, L50, M, shiny|100\/100\n|turn|5\n|\n|t:|1682028695\n|switch|p1b: Salami|Salamence, L50, M, shiny|95\/100\n|-ability|p1b: Salami|Intimidate|boost\n|-unboost|p2a: Tatsugiri|atk|1\n|-unboost|p2b: Lycanroc|atk|1\n|move|p1a: Rhea|Protect|p1a: Rhea\n|-singleturn|p1a: Rhea|Protect\n|move|p2b: Lycanroc|Close Combat|p1a: Rhea\n|-activate|p1a: Rhea|move: Protect\n|move|p2a: Tatsugiri|Counter||[still]\n|-fail|p2a: Tatsugiri\n|\n|-weather|none\n|-heal|p2a: Tatsugiri|69\/100|[from] Grassy Terrain\n|-damage|p2a: Tatsugiri|57\/100|[from] item: Black Sludge\n|-heal|p1a: Rhea|59\/100|[from] Grassy Terrain\n|-fieldend|move: Grassy Terrain\n|upkeep\n|turn|6\n|inactive|ApplinFan773 has 30 seconds left.\n|inactive|Luckao has 30 seconds left.\n|\n|t:|1682028723\n|switch|p1a: Grim Shady|Ceruledge, L50, M, tera:Grass|70\/100\n|move|p2b: Lycanroc|Close Combat|p1a: Grim Shady\n|-damage|p1a: Grim Shady|41\/100\n|-unboost|p2b: Lycanroc|def|1\n|-unboost|p2b: Lycanroc|spd|1\n|move|p1b: Salami|Brick Break|p2b: Lycanroc\n|-supereffective|p2b: Lycanroc\n|-enditem|p2b: Lycanroc|Focus Sash\n|-damage|p2b: Lycanroc|1\/100\n|move|p2a: Tatsugiri|Mirror Coat||[still]\n|-fail|p2a: Tatsugiri\n|\n|-damage|p2a: Tatsugiri|44\/100|[from] item: Black Sludge\n|upkeep\n|turn|7\n|\n|t:|1682028748\n|move|p2b: Lycanroc|Endure|p2b: Lycanroc\n|-singleturn|p2b: Lycanroc|move: Endure\n|move|p1a: Grim Shady|Shadow Sneak|p2b: Lycanroc\n|-activate|p2b: Lycanroc|move: Endure\n|-damage|p2b: Lycanroc|1\/100\n|move|p1b: Salami|Dragon Claw|p2a: Tatsugiri\n|-supereffective|p2a: Tatsugiri\n|-damage|p2a: Tatsugiri|0 fnt\n|faint|p2a: Tatsugiri\n|\n|upkeep\n|turn|8\n|c|\u2606Luckao|gg\n|\n|t:|1682028763\n|move|p1a: Grim Shady|Shadow Sneak|p2b: Lycanroc\n|-damage|p2b: Lycanroc|0 fnt\n|faint|p2b: Lycanroc\n|\n|win|ApplinFan773\n|raw|ApplinFan773's rating: 1128 → 1152<\/strong> (+24 for winning)\n|raw|Luckao's rating: 1120 → 1096<\/strong> (-24 for losing)\n|c|\u2606ApplinFan773|gg wp\n|l|\u2606Luckao\n","uploadtime":1682028773,"views":5,"p1id":"applinfan773","p2id":"luckao","formatid":"gen9vgc2023regulationc","rating":1096,"private":0,"password":""}