{"id":"gen9vgc2023regulationc-1861045758","p1":"heckinpoopoo","p2":"EmilyFloof728","format":"[Gen 9] VGC 2023 Regulation C","log":"|j|\u2606heckinpoopoo\n|j|\u2606EmilyFloof728\n|t:|1683720099\n|gametype|doubles\n|player|p1|heckinpoopoo|preschooler|1148\n|player|p2|EmilyFloof728|hilda|1099\n|teamsize|p1|6\n|teamsize|p2|6\n|gen|9\n|tier|[Gen 9] VGC 2023 Regulation C\n|rated|\n|rule|Species Clause: Limit one of each Pok\u00e9mon\n|rule|Item Clause: Limit one of each item\n|clearpoke\n|poke|p1|Oranguru, L50, F|\n|poke|p1|Torkoal, L50, M|\n|poke|p1|Squawkabilly-White, L50, F|\n|poke|p1|Indeedee-F, L50, F|\n|poke|p1|Dragonite, L50, F|\n|poke|p1|Flutter Mane, L50|\n|poke|p2|Gengar, L50, F|\n|poke|p2|Iron Valiant, L50|\n|poke|p2|Bellibolt, L50, M|\n|poke|p2|Wo-Chien, L50|\n|poke|p2|Chi-Yu, L50|\n|poke|p2|Farigiraf, L50, F|\n|teampreview|4\n|inactive|Battle timer is ON: inactive players will automatically lose when time's up. (requested by EmilyFloof728)\n|inactive|heckinpoopoo has 60 seconds left.\n|\n|t:|1683720137\n|start\n|switch|p1a: Oranguru|Oranguru, L50, F|100\/100\n|switch|p1b: Squawkabilly|Squawkabilly-White, L50, F|100\/100\n|switch|p2a: Chi-Yu|Chi-Yu, L50|100\/100\n|switch|p2b: Wo-Chien|Wo-Chien, L50|100\/100\n|-ability|p2a: Chi-Yu|Beads of Ruin\n|-ability|p1b: Squawkabilly|Intimidate|boost\n|-unboost|p2a: Chi-Yu|atk|1\n|-unboost|p2b: Wo-Chien|atk|1\n|-ability|p2b: Wo-Chien|Tablets of Ruin\n|turn|1\n|\n|t:|1683720159\n|-terastallize|p2b: Wo-Chien|Poison\n|move|p2a: Chi-Yu|Dark Pulse|p1a: Oranguru\n|-supereffective|p1a: Oranguru\n|-damage|p1a: Oranguru|0 fnt\n|faint|p1a: Oranguru\n|move|p2b: Wo-Chien|Leech Seed|p1b: Squawkabilly\n|-start|p1b: Squawkabilly|move: Leech Seed\n|move|p1b: Squawkabilly|Parting Shot|p2a: Chi-Yu\n|-unboost|p2a: Chi-Yu|atk|1\n|-unboost|p2a: Chi-Yu|spa|1\n|\n|t:|1683720171\n|switch|p1b: Flutter Mane|Flutter Mane, L50|100\/100|[from] Parting Shot\n|\n|upkeep\n|\n|t:|1683720177\n|switch|p1a: Torkoal|Torkoal, L50, M|100\/100\n|-weather|SunnyDay|[from] ability: Drought|[of] p1a: Torkoal\n|-activate|p1b: Flutter Mane|ability: Protosynthesis\n|-start|p1b: Flutter Mane|protosynthesisspe\n|turn|2\n|\n|t:|1683720201\n|switch|p1a: Squawkabilly|Squawkabilly-White, L50, F|100\/100\n|-ability|p1a: Squawkabilly|Intimidate|boost\n|-unboost|p2a: Chi-Yu|atk|1\n|-unboost|p2b: Wo-Chien|atk|1\n|-terastallize|p1b: Flutter Mane|Fairy\n|move|p1b: Flutter Mane|Dazzling Gleam|p2b: Wo-Chien|[spread] p2a,p2b\n|-resisted|p2b: Wo-Chien\n|-damage|p2a: Chi-Yu|50\/100\n|-damage|p2b: Wo-Chien|85\/100\n|move|p2a: Chi-Yu|Dark Pulse|p1a: Squawkabilly\n|-damage|p1a: Squawkabilly|0 fnt\n|faint|p1a: Squawkabilly\n|move|p2b: Wo-Chien|Leech Seed|p1b: Flutter Mane|[miss]\n|-miss|p2b: Wo-Chien|p1b: Flutter Mane\n|\n|-weather|SunnyDay|[upkeep]\n|-heal|p2b: Wo-Chien|92\/100|[from] item: Leftovers\n|upkeep\n|\n|t:|1683720216\n|switch|p1a: Torkoal|Torkoal, L50, M|100\/100\n|turn|3\n|\n|t:|1683720224\n|move|p1b: Flutter Mane|Dazzling Gleam|p2a: Chi-Yu|[spread] p2a,p2b\n|-resisted|p2b: Wo-Chien\n|-damage|p2a: Chi-Yu|0 fnt\n|-damage|p2b: Wo-Chien|74\/100\n|faint|p2a: Chi-Yu\n|move|p2b: Wo-Chien|Leech Seed|p1b: Flutter Mane\n|-start|p1b: Flutter Mane|move: Leech Seed\n|move|p1a: Torkoal|Earth Power|p2b: Wo-Chien\n|-supereffective|p2b: Wo-Chien\n|-damage|p2b: Wo-Chien|29\/100\n|\n|-weather|SunnyDay|[upkeep]\n|-heal|p2b: Wo-Chien|35\/100|[from] item: Leftovers\n|-damage|p1b: Flutter Mane|88\/100|[from] Leech Seed|[of] p2b: Wo-Chien\n|-heal|p2b: Wo-Chien|44\/100|[silent]\n|upkeep\n|\n|t:|1683720236\n|switch|p2a: Alexander|Bellibolt, L50, M|100\/100\n|turn|4\n|\n|t:|1683720246\n|move|p2b: Wo-Chien|Protect|p2b: Wo-Chien\n|-singleturn|p2b: Wo-Chien|Protect\n|move|p1b: Flutter Mane|Dazzling Gleam|p2a: Alexander|[spread] p2a\n|-activate|p2b: Wo-Chien|move: Protect\n|-damage|p2a: Alexander|72\/100\n|-start|p2a: Alexander|Charge|Dazzling Gleam|[from] ability: Electromorphosis\n|move|p2a: Alexander|Parabolic Charge|p1a: Torkoal|[spread] p1a,p1b\n|-activate|p2b: Wo-Chien|move: Protect\n|-damage|p1a: Torkoal|39\/100\n|-heal|p2a: Alexander|97\/100|[from] drain|[of] p1a: Torkoal\n|-damage|p1b: Flutter Mane|33\/100\n|-heal|p2a: Alexander|100\/100|[from] drain|[of] p1b: Flutter Mane\n|-end|p2a: Alexander|Charge|[silent]\n|move|p1a: Torkoal|Earth Power|p2a: Alexander\n|-supereffective|p2a: Alexander\n|-damage|p2a: Alexander|54\/100\n|-start|p2a: Alexander|Charge|Earth Power|[from] ability: Electromorphosis\n|\n|-weather|SunnyDay|[upkeep]\n|-heal|p2b: Wo-Chien|50\/100|[from] item: Leftovers\n|-damage|p1b: Flutter Mane|20\/100|[from] Leech Seed|[of] p2b: Wo-Chien\n|-heal|p2b: Wo-Chien|58\/100|[silent]\n|upkeep\n|turn|5\n|inactive|heckinpoopoo has 30 seconds left.\n|inactive|EmilyFloof728 has 30 seconds left.\n|\n|t:|1683720276\n|move|p1b: Flutter Mane|Mystical Fire|p2a: Alexander\n|-damage|p2a: Alexander|27\/100\n|-unboost|p2a: Alexander|spa|1\n|-start|p2a: Alexander|Charge|Mystical Fire|[from] ability: Electromorphosis\n|move|p2b: Wo-Chien|Pollen Puff|p2a: Alexander\n|-heal|p2a: Alexander|76\/100\n|move|p2a: Alexander|Parabolic Charge|p1a: Torkoal|[spread] p2b,p1a,p1b\n|-damage|p2b: Wo-Chien|40\/100\n|-heal|p2a: Alexander|85\/100|[from] drain|[of] p2b: Wo-Chien\n|-damage|p1a: Torkoal|0 fnt\n|-heal|p2a: Alexander|100\/100|[from] drain|[of] p1a: Torkoal\n|-damage|p1b: Flutter Mane|0 fnt\n|faint|p1a: Torkoal\n|faint|p1b: Flutter Mane\n|-end|p1b: Flutter Mane|Protosynthesis|[silent]\n|-end|p2a: Alexander|Charge|[silent]\n|\n|win|EmilyFloof728\n|raw|heckinpoopoo's rating: 1148 → 1119<\/strong> (-29 for losing)\n|raw|EmilyFloof728's rating: 1099 → 1128<\/strong> (+29 for winning)\n|c|\u2606heckinpoopoo|gg\n","uploadtime":1683720295,"views":15,"p1id":"heckinpoopoo","p2id":"emilyfloof728","formatid":"gen9vgc2023regulationc","rating":1119,"private":0,"password":""}