{"id":"gen9vgc2023regulationc-1848781685","p1":"dunsparcedingo","p2":"p-funky","format":"[Gen 9] VGC 2023 Regulation C","log":"|j|\u2606dunsparcedingo\n|j|\u2606p-funky\n|t:|1682109779\n|gametype|doubles\n|player|p1|dunsparcedingo|zinnia|1112\n|player|p2|p-funky|twins-gen2|1019\n|teamsize|p1|6\n|teamsize|p2|6\n|gen|9\n|tier|[Gen 9] VGC 2023 Regulation C\n|rated|\n|rule|Species Clause: Limit one of each Pok\u00e9mon\n|rule|Item Clause: Limit one of each item\n|clearpoke\n|poke|p1|Torkoal, L50, M|\n|poke|p1|Jumpluff, L50, F|\n|poke|p1|Chi-Yu, L50|\n|poke|p1|Sandy Shocks, L50|\n|poke|p1|Iron Bundle, L50|\n|poke|p1|Slither Wing, L50|\n|poke|p2|Muk, L50, F|\n|poke|p2|Wo-Chien, L50|\n|poke|p2|Flamigo, L50, M|\n|poke|p2|Arcanine, L50, F|\n|poke|p2|Ting-Lu, L50|\n|poke|p2|Gothitelle, L50, M|\n|teampreview|4\ndunsparcedingo has agreed to open team sheets.\np-funky rejected open team sheets.\n|\n|t:|1682109813\n|start\n|switch|p1a: Slither Wing|Slither Wing, L50|100\/100\n|switch|p1b: Torkoal|Torkoal, L50, M|100\/100\n|switch|p2a: Muk|Muk, L50, F|100\/100\n|switch|p2b: Gothitelle|Gothitelle, L50, M|100\/100\n|-weather|SunnyDay|[from] ability: Drought|[of] p1b: Torkoal\n|-activate|p1a: Slither Wing|ability: Protosynthesis\n|-start|p1a: Slither Wing|protosynthesisatk\n|turn|1\n|inactive|Battle timer is ON: inactive players will automatically lose when time's up. (requested by p-funky)\n|\n|t:|1682109862\n|move|p2b: Gothitelle|Fake Out|p1b: Torkoal\n|-damage|p1b: Torkoal|96\/100\n|move|p1a: Slither Wing|First Impression|p2b: Gothitelle\n|-supereffective|p2b: Gothitelle\n|-damage|p2b: Gothitelle|0 fnt\n|faint|p2b: Gothitelle\n|-damage|p1a: Slither Wing|91\/100|[from] item: Life Orb\n|move|p2a: Muk|Minimize|p2a: Muk\n|-boost|p2a: Muk|evasion|2\n|cant|p1b: Torkoal|flinch\n|\n|-weather|SunnyDay|[upkeep]\n|-heal|p1b: Torkoal|100\/100|[from] item: Leftovers\n|upkeep\n|\n|t:|1682109870\n|switch|p2b: Wo-Chien|Wo-Chien, L50|100\/100\n|-ability|p2b: Wo-Chien|Tablets of Ruin\n|turn|2\n|\n|t:|1682109887\n|move|p2b: Wo-Chien|Protect|p2b: Wo-Chien\n|-singleturn|p2b: Wo-Chien|Protect\n|move|p1a: Slither Wing|Leech Life|p2b: Wo-Chien\n|-activate|p2b: Wo-Chien|move: Protect\n|move|p2a: Muk|Minimize|p2a: Muk\n|-boost|p2a: Muk|evasion|2\n|move|p1b: Torkoal|Will-O-Wisp|p2a: Muk|[miss]\n|-miss|p1b: Torkoal|p2a: Muk\n|\n|-weather|SunnyDay|[upkeep]\n|upkeep\n|turn|3\n|\n|t:|1682109904\n|move|p2b: Wo-Chien|Protect|p2b: Wo-Chien\n|-singleturn|p2b: Wo-Chien|Protect\n|move|p1a: Slither Wing|Leech Life|p2b: Wo-Chien\n|-activate|p2b: Wo-Chien|move: Protect\n|move|p2a: Muk|Minimize|p2a: Muk\n|-boost|p2a: Muk|evasion|2\n|move|p1b: Torkoal|Will-O-Wisp|p2a: Muk|[miss]\n|-miss|p1b: Torkoal|p2a: Muk\n|\n|-weather|SunnyDay|[upkeep]\n|upkeep\n|turn|4\n|inactive|dunsparcedingo has 30 seconds left.\n|\n|t:|1682109931\n|switch|p2b: Flamigo|Flamigo, L50, M|100\/100\n|-copyboost|p2b: Flamigo|p2a: Muk|[from] ability: Costar\n|switch|p1b: Sandy Shocks|Sandy Shocks, L50|100\/100\n|-activate|p1b: Sandy Shocks|ability: Protosynthesis\n|-start|p1b: Sandy Shocks|protosynthesisspe\n|move|p1a: Slither Wing|Leech Life|p2b: Flamigo|[miss]\n|-miss|p1a: Slither Wing|p2b: Flamigo\n|move|p2a: Muk|Toxic|p1b: Sandy Shocks\n|-status|p1b: Sandy Shocks|tox\n|\n|-weather|SunnyDay|[upkeep]\n|-damage|p1b: Sandy Shocks|95\/100 tox|[from] psn\n|upkeep\n|turn|5\n|inactive|dunsparcedingo has 30 seconds left.\n|inactive|p-funky has 30 seconds left.\n|\n|t:|1682109964\n|-end|p1b: Sandy Shocks|Protosynthesis|[silent]\n|switch|p1b: Iron Bundle|Iron Bundle, L50|100\/100\n|-terastallize|p1a: Slither Wing|Fire\n|move|p1a: Slither Wing|Earthquake|p2a: Muk|[spread] p1b,p2a\n|-immune|p2b: Flamigo\n|-supereffective|p2a: Muk\n|-damage|p1b: Iron Bundle|58\/100\n|-damage|p2a: Muk|33\/100\n|-damage|p1a: Slither Wing|81\/100|[from] item: Life Orb\n|move|p2b: Flamigo|Substitute|p2b: Flamigo\n|-start|p2b: Flamigo|Substitute\n|-damage|p2b: Flamigo|76\/100\n|move|p2a: Muk|Toxic|p1a: Slither Wing\n|-status|p1a: Slither Wing|tox\n|\n|-weather|none\n|-end|p1a: Slither Wing|Protosynthesis\n|-heal|p2a: Muk|39\/100|[from] item: Leftovers\n|-damage|p1a: Slither Wing|74\/100 tox|[from] psn\n|upkeep\n|turn|6\n|inactive|dunsparcedingo has 30 seconds left.\n|inactive|p-funky has 30 seconds left.\n|inactive|dunsparcedingo has 20 seconds left.\n|\n|t:|1682110000\n|move|p2a: Muk|Protect|p2a: Muk\n|-singleturn|p2a: Muk|Protect\n|move|p1b: Iron Bundle|Freeze-Dry|p2b: Flamigo|[miss]\n|-miss|p1b: Iron Bundle|p2b: Flamigo\n|move|p1a: Slither Wing|Earthquake|p2b: Flamigo|[spread] p1b\n|-activate|p2a: Muk|move: Protect\n|-immune|p2b: Flamigo\n|-damage|p1b: Iron Bundle|23\/100\n|-damage|p1a: Slither Wing|65\/100 tox|[from] item: Life Orb\n|move|p2b: Flamigo|Brave Bird|p1b: Iron Bundle\n|-damage|p1b: Iron Bundle|0 fnt\n|faint|p1b: Iron Bundle\n|-end|p1b: Iron Bundle|Quark Drive|[silent]\n|-damage|p2b: Flamigo|69\/100|[from] Recoil\n|\n|-heal|p2a: Muk|45\/100|[from] item: Leftovers\n|-damage|p1a: Slither Wing|52\/100 tox|[from] psn\n|upkeep\n|inactive|dunsparcedingo has 30 seconds left.\n|inactive|dunsparcedingo has 20 seconds left.\n|\n|t:|1682110037\n|switch|p1b: Sandy Shocks|Sandy Shocks, L50|95\/100 tox\n|turn|7\n|\n|t:|1682110060\n|-end|p1a: Slither Wing|Protosynthesis|[silent]\n|switch|p1a: Torkoal|Torkoal, L50, M|100\/100\n|-weather|SunnyDay|[from] ability: Drought|[of] p1a: Torkoal\n|-activate|p1b: Sandy Shocks|ability: Protosynthesis\n|-start|p1b: Sandy Shocks|protosynthesisspe\n|-terastallize|p2a: Muk|Flying\n|move|p1b: Sandy Shocks|Earth Power|p2a: Muk\n|-immune|p2a: Muk\n|move|p2b: Flamigo|Brave Bird|p1a: Torkoal\n|-damage|p1a: Torkoal|46\/100\n|-damage|p2b: Flamigo|53\/100|[from] Recoil\n|move|p2a: Muk|Drain Punch|p1a: Torkoal\n|-damage|p1a: Torkoal|33\/100\n|-heal|p2a: Muk|50\/100|[from] drain|[of] p1a: Torkoal\n|\n|-weather|SunnyDay|[upkeep]\n|-heal|p2a: Muk|57\/100|[from] item: Leftovers\n|-heal|p1a: Torkoal|39\/100|[from] item: Leftovers\n|-damage|p1b: Sandy Shocks|89\/100 tox|[from] psn\n|upkeep\n|turn|8\n|inactive|dunsparcedingo has 30 seconds left.\n|\n|t:|1682110090\n|move|p2a: Muk|Protect|p2a: Muk\n|-singleturn|p2a: Muk|Protect\n|move|p1b: Sandy Shocks|Thunderbolt|p2a: Muk\n|-activate|p2a: Muk|move: Protect\n|move|p2b: Flamigo|Brave Bird|p1a: Torkoal\n|-damage|p1a: Torkoal|0 fnt\n|faint|p1a: Torkoal\n|-damage|p2b: Flamigo|42\/100|[from] Recoil\n|\n|-weather|SunnyDay|[upkeep]\n|-heal|p2a: Muk|63\/100|[from] item: Leftovers\n|-damage|p1b: Sandy Shocks|77\/100 tox|[from] psn\n|upkeep\n|c|\u2606dunsparcedingo|let me be one of the many people to tell you this shit sucks\n|inactive|dunsparcedingo has 30 seconds left.\n|c|\u2606dunsparcedingo|i may be a little baby but damn\n|\n|t:|1682110117\n|switch|p1a: Slither Wing|Slither Wing, L50, tera:Fire|52\/100 tox\n|-activate|p1a: Slither Wing|ability: Protosynthesis\n|-start|p1a: Slither Wing|protosynthesisatk\n|turn|9\n|c|\u2606p-funky|ty\n|inactive|p-funky has 30 seconds left.\n|inactive|p-funky has 20 seconds left.\n|\n|t:|1682110156\n|move|p1b: Sandy Shocks|Thunderbolt|p2b: Flamigo\n|-supereffective|p2b: Flamigo\n|-end|p2b: Flamigo|Substitute\n|move|p1a: Slither Wing|Earthquake|p2a: Muk|[spread] p1b\n|-immune|p2a: Muk\n|-immune|p2b: Flamigo\n|-supereffective|p1b: Sandy Shocks\n|-damage|p1b: Sandy Shocks|0 fnt\n|faint|p1b: Sandy Shocks\n|-end|p1b: Sandy Shocks|Protosynthesis|[silent]\n|-damage|p1a: Slither Wing|42\/100 tox|[from] item: Life Orb\n|move|p2b: Flamigo|Roost|p2b: Flamigo\n|-heal|p2b: Flamigo|93\/100\n|-singleturn|p2b: Flamigo|move: Roost\n|move|p2a: Muk|Drain Punch|p1a: Slither Wing\n|-damage|p1a: Slither Wing|22\/100 tox\n|-heal|p2a: Muk|72\/100|[from] drain|[of] p1a: Slither Wing\n|\n|-weather|SunnyDay|[upkeep]\n|-heal|p2a: Muk|78\/100|[from] item: Leftovers\n|-damage|p1a: Slither Wing|16\/100 tox|[from] psn\n|upkeep\n|turn|10\n|-message|dunsparcedingo forfeited.\n|\n|win|p-funky\n|raw|dunsparcedingo's rating: 1112 → 1080<\/strong> (-32 for losing)\n|raw|p-funky's rating: 1019 → 1066<\/strong> (+47 for winning)\n","uploadtime":1682110178,"views":9,"p1id":"dunsparcedingo","p2id":"pfunky","formatid":"gen9vgc2023regulationc","rating":1066,"private":0,"password":""}