{"id":"gen9vgc2023regulationc-1845911916","p1":"lagartolocura","p2":"fabrikah","format":"[Gen 9] VGC 2023 Regulation C","log":"|j|\u2606lagartolocura\n|j|\u2606fabrikah\n|t:|1681778412\n|gametype|doubles\n|player|p1|lagartolocura|pokemaniac|\n|player|p2|fabrikah|will|\n|teamsize|p1|6\n|teamsize|p2|6\n|gen|9\n|tier|[Gen 9] VGC 2023 Regulation C\n|rule|Species Clause: Limit one of each Pok\u00e9mon\n|rule|Item Clause: Limit one of each item\n|clearpoke\n|poke|p1|Ting-Lu, L50|\n|poke|p1|Flutter Mane, L50|\n|poke|p1|Arcanine, L50, M|\n|poke|p1|Palafin, L50, M|\n|poke|p1|Annihilape, L50, M|\n|poke|p1|Maushold-Four, L50|\n|poke|p2|Amoonguss, L50, F|\n|poke|p2|Ting-Lu, L50|\n|poke|p2|Chien-Pao, L50|\n|poke|p2|Dragonite, L50, F|\n|poke|p2|Grimmsnarl, L50, M|\n|poke|p2|Arcanine, L50, F|\n|teampreview|4\nlagartolocura has agreed to open team sheets.\n|c|\u2606lagartolocura|Quer\u00e9s ots o prefer\u00eds que no?\n|c|\u2606fabrikah|Na que sea sorpresa\n|c|\u2606lagartolocura|Oka opka\n|\n|t:|1681778504\n|start\n|switch|p1a: Martin|Annihilape, L50, M|100\/100\n|switch|p1b: Palafin|Palafin, L50, M|100\/100\n|switch|p2a: Grimmsnarl|Grimmsnarl, L50, M|100\/100\n|switch|p2b: Arcanine|Arcanine, L50, F|100\/100\n|-ability|p2b: Arcanine|Intimidate|boost\n|-unboost|p1a: Martin|atk|1\n|-ability|p1a: Martin|Defiant|boost\n|-boost|p1a: Martin|atk|2\n|-unboost|p1b: Palafin|atk|1\n|turn|1\n|\n|t:|1681778527\n|-terastallize|p1a: Martin|Fire\n|move|p1b: Palafin|Protect|p1b: Palafin\n|-singleturn|p1b: Palafin|Protect\n|move|p2b: Arcanine|Protect|p2b: Arcanine\n|-singleturn|p2b: Arcanine|Protect\n|move|p2a: Grimmsnarl|Reflect|p2a: Grimmsnarl\n|-sidestart|p2: fabrikah|Reflect\n|move|p1a: Martin|Bulk Up|p1a: Martin\n|-boost|p1a: Martin|atk|1\n|-boost|p1a: Martin|def|1\n|\n|upkeep\n|turn|2\n|\n|t:|1681778555\n|move|p2a: Grimmsnarl|Parting Shot|p1b: Palafin\n|-unboost|p1b: Palafin|atk|1\n|-unboost|p1b: Palafin|spa|1\n|\n|t:|1681778563\n|switch|p2a: Amoonguss|Amoonguss, L50, F|100\/100|[from] Parting Shot\n|move|p1b: Palafin|Wave Crash|p2b: Arcanine\n|-supereffective|p2b: Arcanine\n|-damage|p2b: Arcanine|61\/100\n|-damage|p1b: Palafin|88\/100|[from] Recoil\n|move|p1a: Martin|Bulk Up|p1a: Martin\n|-boost|p1a: Martin|atk|1\n|-boost|p1a: Martin|def|1\n|move|p2b: Arcanine|Will-O-Wisp|p1b: Palafin\n|-status|p1b: Palafin|brn\n|\n|-damage|p1b: Palafin|82\/100 brn|[from] brn\n|upkeep\n|turn|3\n|\n|t:|1681778582\n|detailschange|p1b: Palafin|Palafin-Hero, L50, M\n|switch|p1b: Michele|Maushold-Four, L50|100\/100\n|move|p1a: Martin|Protect|p1a: Martin\n|-singleturn|p1a: Martin|Protect\n|move|p2b: Arcanine|Flamethrower|p1b: Michele\n|-damage|p1b: Michele|67\/100\n|move|p2a: Amoonguss|Spore|p1a: Martin\n|-activate|p1a: Martin|move: Protect\n|\n|upkeep\n|turn|4\n|\n|t:|1681778607\n|move|p1b: Michele|Beat Up|p1a: Martin\n|-damage|p1a: Martin|99\/100\n|-damage|p1a: Martin|98\/100\n|-damage|p1a: Martin|98\/100\n|-hitcount|p1a: Martin|3\n|move|p1a: Martin|Rage Fist|p2a: Amoonguss\n|-damage|p2a: Amoonguss|0 fnt\n|faint|p2a: Amoonguss\n|move|p2b: Arcanine|Will-O-Wisp|p1b: Michele\n|-status|p1b: Michele|brn\n|\n|-heal|p1a: Martin|100\/100|[from] item: Leftovers\n|-damage|p1b: Michele|61\/100 brn|[from] brn\n|upkeep\n|\n|t:|1681778612\n|switch|p2a: Ting-Lu|Ting-Lu, L50|100\/100\n|-ability|p2a: Ting-Lu|Vessel of Ruin\n|turn|5\n|\n|t:|1681778623\n|switch|p2b: Grimmsnarl|Grimmsnarl, L50, M|100\/100\n|-terastallize|p2a: Ting-Lu|Poison\n|move|p1b: Michele|Super Fang|p2a: Ting-Lu|[miss]\n|-miss|p1b: Michele|p2a: Ting-Lu\n|move|p1a: Martin|Drain Punch|p2a: Ting-Lu\n|-resisted|p2a: Ting-Lu\n|-damage|p2a: Ting-Lu|86\/100\n|move|p2a: Ting-Lu|Fissure|p1a: Martin|[miss]\n|-miss|p2a: Ting-Lu|p1a: Martin\n|\n|-damage|p1b: Michele|55\/100 brn|[from] brn\n|upkeep\n|turn|6\n|\n|t:|1681778644\n|move|p1b: Michele|Super Fang|p2a: Ting-Lu\n|-damage|p2a: Ting-Lu|43\/100\n|move|p1a: Martin|Rage Fist|p2a: Ting-Lu\n|-damage|p2a: Ting-Lu|0 fnt\n|faint|p2a: Ting-Lu\n|move|p2b: Grimmsnarl|Spirit Break|p1b: Michele\n|-damage|p1b: Michele|18\/100 brn\n|-unboost|p1b: Michele|spa|1\n|\n|-damage|p1b: Michele|12\/100 brn|[from] brn\n|upkeep\n|\n|t:|1681778651\n|switch|p2a: Arcanine|Arcanine, L50, F|61\/100\n|-ability|p2a: Arcanine|Intimidate|boost\n|-unboost|p1a: Martin|atk|1\n|-ability|p1a: Martin|Defiant|boost\n|-boost|p1a: Martin|atk|2\n|-unboost|p1b: Michele|atk|1\n|turn|7\n|\n|t:|1681778676\n|move|p1b: Michele|Protect|p1b: Michele\n|-singleturn|p1b: Michele|Protect\n|move|p2a: Arcanine|Protect|p2a: Arcanine\n|-singleturn|p2a: Arcanine|Protect\n|move|p1a: Martin|Drain Punch|p2b: Grimmsnarl\n|-damage|p2b: Grimmsnarl|14\/100\n|move|p2b: Grimmsnarl|Spirit Break|p1b: Michele\n|-activate|p1b: Michele|move: Protect\n|\n|-damage|p1b: Michele|6\/100 brn|[from] brn\n|upkeep\n|turn|8\n|-message|fabrikah forfeited.\n|\n|win|lagartolocura\n|l|\u2606fabrikah\n|c|\u2606lagartolocura|GG\n","uploadtime":1681778697,"views":13,"p1id":"lagartolocura","p2id":"fabrikah","formatid":"gen9vgc2023regulationc","rating":0,"private":0,"password":""}