{"id":"gen9vgc2023regulationc-1856009800","p1":"Mait27","p2":"Lowe_Gaming","format":"[Gen 9] VGC 2023 Regulation C","log":"|j|\u2606Mait27\n|j|\u2606Lowe_Gaming\n|t:|1683016577\n|gametype|doubles\n|player|p1|Mait27|102|1135\n|player|p2|Lowe_Gaming|brawly|1065\n|teamsize|p1|6\n|teamsize|p2|6\n|gen|9\n|tier|[Gen 9] VGC 2023 Regulation C\n|rated|\n|rule|Species Clause: Limit one of each Pok\u00e9mon\n|rule|Item Clause: Limit one of each item\n|clearpoke\n|poke|p1|Klawf, L50, F|\n|poke|p1|Grimmsnarl, L50, M|\n|poke|p1|Arcanine, L50, M|\n|poke|p1|Wo-Chien, L50|\n|poke|p1|Mimikyu, L50, M|\n|poke|p1|Iron Bundle, L50|\n|poke|p2|Mimikyu, L50, F|\n|poke|p2|Ting-Lu, L50|\n|poke|p2|Torkoal, L50, F|\n|poke|p2|Flutter Mane, L50|\n|poke|p2|Amoonguss, L50, F|\n|poke|p2|Gyarados, L50, F|\n|teampreview|4\n|\n|t:|1683016596\n|start\n|switch|p1a: Iron Bundle|Iron Bundle, L50|100\/100\n|switch|p1b: Klawf|Klawf, L50, F|100\/100\n|switch|p2a: Mimikyu|Mimikyu, L50, F, shiny|100\/100\n|switch|p2b: Ting-Lu|Ting-Lu, L50|100\/100\n|-ability|p2b: Ting-Lu|Vessel of Ruin\n|-enditem|p1a: Iron Bundle|Booster Energy\n|-activate|p1a: Iron Bundle|ability: Quark Drive|[fromitem]\n|-start|p1a: Iron Bundle|quarkdrivespe\n|turn|1\n|\n|t:|1683016624\n|switch|p2b: Gyarados|Gyarados, L50, F|100\/100\n|-ability|p2b: Gyarados|Intimidate|boost\n|-unboost|p1a: Iron Bundle|atk|1\n|-unboost|p1b: Klawf|atk|1\n|move|p1a: Iron Bundle|Icy Wind|p2b: Gyarados|[spread] p2a,p2b\n|-activate|p2a: Mimikyu|ability: Disguise\n|-damage|p2a: Mimikyu|100\/100\n|-damage|p2b: Gyarados|76\/100\n|-unboost|p2a: Mimikyu|spe|1\n|-unboost|p2b: Gyarados|spe|1\n|detailschange|p2a: Mimikyu|Mimikyu-Busted, L50, F, shiny\n|-damage|p2a: Mimikyu|88\/100|[from] pokemon: Mimikyu-Busted\n|move|p1b: Klawf|Swords Dance|p1b: Klawf\n|-boost|p1b: Klawf|atk|2\n|move|p2a: Mimikyu|Trick Room|p2a: Mimikyu\n|-fieldstart|move: Trick Room|[of] p2a: Mimikyu\n|\n|upkeep\n|turn|2\n|\n|t:|1683016654\n|-end|p1a: Iron Bundle|Quark Drive|[silent]\n|switch|p1a: Arcanine|Arcanine, L50, M|100\/100\n|-ability|p1a: Arcanine|Intimidate|boost\n|-unboost|p2a: Mimikyu|atk|1\n|-unboost|p2b: Gyarados|atk|1\n|-terastallize|p1b: Klawf|Water\n|move|p2a: Mimikyu|Play Rough|p1a: Arcanine\n|-resisted|p1a: Arcanine\n|-damage|p1a: Arcanine|85\/100\n|move|p2b: Gyarados|Dragon Dance|p2b: Gyarados\n|-boost|p2b: Gyarados|atk|1\n|-boost|p2b: Gyarados|spe|1\n|move|p1b: Klawf|Rock Blast|p2b: Gyarados\n|-supereffective|p2b: Gyarados\n|-damage|p2b: Gyarados|33\/100\n|-supereffective|p2b: Gyarados\n|-damage|p2b: Gyarados|0 fnt\n|faint|p2b: Gyarados\n|-hitcount|p2: Gyarados|2\n|\n|upkeep\n|\n|t:|1683016673\n|switch|p2b: Ting-Lu|Ting-Lu, L50|100\/100\n|-ability|p2b: Ting-Lu|Vessel of Ruin\n|turn|3\n|\n|t:|1683016690\n|switch|p1a: Wo-Chien|Wo-Chien, L50|100\/100\n|-ability|p1a: Wo-Chien|Tablets of Ruin\n|move|p1b: Klawf|Protect|p1b: Klawf\n|-singleturn|p1b: Klawf|Protect\n|move|p2b: Ting-Lu|Fissure|p1b: Klawf\n|-activate|p1b: Klawf|move: Protect\n|move|p2a: Mimikyu|Will-O-Wisp|p1b: Klawf\n|-activate|p1b: Klawf|move: Protect\n|\n|upkeep\n|turn|4\n|\n|t:|1683016712\n|move|p2b: Ting-Lu|Fissure|p1b: Klawf|[miss]\n|-miss|p2b: Ting-Lu|p1b: Klawf\n|move|p2a: Mimikyu|Will-O-Wisp|p1b: Klawf\n|-status|p1b: Klawf|brn\n|move|p1a: Wo-Chien|Leech Seed|p2a: Mimikyu\n|-start|p2a: Mimikyu|move: Leech Seed\n|move|p1b: Klawf|Swords Dance|p1b: Klawf\n|-boost|p1b: Klawf|atk|2\n|\n|-damage|p2a: Mimikyu|76\/100|[from] Leech Seed|[of] p1a: Wo-Chien\n|-damage|p1b: Klawf|94\/100 brn|[from] brn\n|upkeep\n|turn|5\n|\n|t:|1683016733\n|move|p2b: Ting-Lu|Stomping Tantrum|p1b: Klawf\n|-damage|p1b: Klawf|30\/100 brn\n|-ability|p1b: Klawf|Anger Shell|boost\n|-boost|p1b: Klawf|atk|1\n|-boost|p1b: Klawf|spa|1\n|-boost|p1b: Klawf|spe|1\n|-unboost|p1b: Klawf|def|1\n|-unboost|p1b: Klawf|spd|1\n|move|p2a: Mimikyu|Play Rough|p1b: Klawf|[miss]\n|-miss|p2a: Mimikyu|p1b: Klawf\n|move|p1a: Wo-Chien|Leech Seed|p2b: Ting-Lu\n|-start|p2b: Ting-Lu|move: Leech Seed\n|move|p1b: Klawf|Crabhammer|p2b: Ting-Lu\n|-supereffective|p2b: Ting-Lu\n|-damage|p2b: Ting-Lu|41\/100\n|\n|-damage|p2b: Ting-Lu|28\/100|[from] Leech Seed|[of] p1a: Wo-Chien\n|-damage|p2a: Mimikyu|64\/100|[from] Leech Seed|[of] p1a: Wo-Chien\n|-damage|p1b: Klawf|24\/100 brn|[from] brn\n|-fieldend|move: Trick Room\n|upkeep\n|turn|6\n|\n|t:|1683016765\n|move|p2a: Mimikyu|Shadow Sneak|p1b: Klawf\n|-damage|p1b: Klawf|7\/100 brn\n|move|p1b: Klawf|Crabhammer|p2a: Mimikyu\n|-damage|p2a: Mimikyu|0 fnt\n|faint|p2a: Mimikyu\n|move|p1a: Wo-Chien|Pollen Puff|p1b: Klawf\n|-heal|p1b: Klawf|57\/100 brn\n|move|p2b: Ting-Lu|Heavy Slam|p1a: Wo-Chien\n|-damage|p1a: Wo-Chien|72\/100\n|\n|-heal|p1a: Wo-Chien|79\/100|[from] item: Leftovers\n|-damage|p2b: Ting-Lu|16\/100|[from] Leech Seed|[of] p1a: Wo-Chien\n|-heal|p1a: Wo-Chien|95\/100|[silent]\n|-damage|p1b: Klawf|51\/100 brn|[from] brn\n|upkeep\n|\n|t:|1683016780\n|switch|p2a: Flutter Mane|Flutter Mane, L50|100\/100\n|turn|7\n|\n|t:|1683016799\n|-terastallize|p2a: Flutter Mane|Fairy\n|move|p1a: Wo-Chien|Protect|p1a: Wo-Chien\n|-singleturn|p1a: Wo-Chien|Protect\n|move|p1b: Klawf|Rock Blast|p2a: Flutter Mane\n|-damage|p2a: Flutter Mane|73\/100\n|-damage|p2a: Flutter Mane|48\/100\n|-damage|p2a: Flutter Mane|19\/100\n|-hitcount|p2a: Flutter Mane|3\n|move|p2a: Flutter Mane|Dazzling Gleam|p1a: Wo-Chien|[spread] p1b\n|-activate|p1a: Wo-Chien|move: Protect\n|-damage|p1b: Klawf|0 fnt\n|faint|p1b: Klawf\n|-damage|p2a: Flutter Mane|9\/100|[from] item: Life Orb\n|move|p2b: Ting-Lu|Stomping Tantrum|p1a: Wo-Chien\n|-activate|p1a: Wo-Chien|move: Protect\n|\n|-heal|p1a: Wo-Chien|100\/100|[from] item: Leftovers\n|-damage|p2b: Ting-Lu|4\/100|[from] Leech Seed|[of] p1a: Wo-Chien\n|upkeep\n|\n|t:|1683016821\n|switch|p1b: Iron Bundle|Iron Bundle, L50|100\/100\n|turn|8\n|\n|t:|1683016833\n|move|p1b: Iron Bundle|Icy Wind|p2a: Flutter Mane|[spread] p2a,p2b\n|-supereffective|p2b: Ting-Lu\n|-damage|p2a: Flutter Mane|0 fnt\n|-damage|p2b: Ting-Lu|0 fnt\n|faint|p2a: Flutter Mane\n|-end|p2a: Flutter Mane|Protosynthesis|[silent]\n|faint|p2b: Ting-Lu\n|\n|win|Mait27\n|raw|Mait27's rating: 1135 → 1155<\/strong> (+20 for winning)\n|raw|Lowe_Gaming's rating: 1065 → 1049<\/strong> (-16 for losing)\n|l|\u2606Lowe_Gaming\n|c|\u2606Mait27|GG\n","uploadtime":1683016856,"views":16,"p1id":"mait27","p2id":"lowegaming","formatid":"gen9vgc2023regulationc","rating":1049,"private":0,"password":""}