{"id":"gen9vgc2023regulationc-1860371086","p1":"klatuu","p2":"Ricardo Randorez","format":"[Gen 9] VGC 2023 Regulation C","log":"|j|\u2606klatuu\n|j|\u2606Ricardo Randorez\n|t:|1683638127\n|gametype|doubles\n|player|p1|klatuu|roark|1514\n|player|p2|Ricardo Randorez|169|1519\n|teamsize|p1|6\n|teamsize|p2|6\n|gen|9\n|tier|[Gen 9] VGC 2023 Regulation C\n|rated|\n|rule|Species Clause: Limit one of each Pok\u00e9mon\n|rule|Item Clause: Limit one of each item\n|clearpoke\n|poke|p1|Amoonguss, L50, M|\n|poke|p1|Flutter Mane, L50|\n|poke|p1|Gyarados, L50, F|\n|poke|p1|Iron Hands, L50|\n|poke|p1|Ting-Lu, L50|\n|poke|p1|Chi-Yu, L50|\n|poke|p2|Dondozo, L50, F|\n|poke|p2|Tatsugiri-Droopy, L50, F|\n|poke|p2|Pelipper, L50, M|\n|poke|p2|Drednaw, L50, M|\n|poke|p2|Dragonite, L50, F|\n|poke|p2|Chien-Pao, L50|\n|teampreview|4\n|inactive|Battle timer is ON: inactive players will automatically lose when time's up. (requested by Ricardo Randorez)\n|inactive|klatuu has 60 seconds left.\n|\n|t:|1683638171\n|start\n|switch|p1a: Iron Hands|Iron Hands, L50|100\/100\n|switch|p1b: Ting-Lu|Ting-Lu, L50|100\/100\n|switch|p2a: Pelipper|Pelipper, L50, M|100\/100\n|switch|p2b: Drednaw|Drednaw, L50, M|100\/100\n|-weather|RainDance|[from] ability: Drizzle|[of] p2a: Pelipper\n|-ability|p1b: Ting-Lu|Vessel of Ruin\n|turn|1\n|\n|t:|1683638190\n|move|p1a: Iron Hands|Fake Out|p2b: Drednaw\n|-resisted|p2b: Drednaw\n|-damage|p2b: Drednaw|91\/100\n|cant|p2b: Drednaw|flinch\n|move|p2a: Pelipper|Tailwind|p2a: Pelipper\n|-sidestart|p2: Ricardo Randorez|move: Tailwind\n|move|p1b: Ting-Lu|Stomping Tantrum|p2b: Drednaw\n|-supereffective|p2b: Drednaw\n|-damage|p2b: Drednaw|0 fnt\n|faint|p2b: Drednaw\n|\n|-weather|RainDance|[upkeep]\n|upkeep\n|\n|t:|1683638202\n|switch|p2b: Dondozo|Dondozo, L50, F|100\/100\n|turn|2\n|\n|t:|1683638209\n|-end|p1a: Iron Hands|Quark Drive|[silent]\n|switch|p1a: Gyarados|Gyarados, L50, F|100\/100\n|-ability|p1a: Gyarados|Intimidate|boost\n|-unboost|p2a: Pelipper|atk|1\n|-unboost|p2b: Dondozo|atk|1\n|-terastallize|p1b: Ting-Lu|Grass\n|move|p2b: Dondozo|Protect|p2b: Dondozo\n|-singleturn|p2b: Dondozo|Protect\n|move|p2a: Pelipper|Hurricane|p1a: Gyarados\n|-damage|p1a: Gyarados|72\/100\n|move|p1b: Ting-Lu|Stomping Tantrum|p2b: Dondozo\n|-activate|p2b: Dondozo|move: Protect\n|\n|-weather|RainDance|[upkeep]\n|upkeep\n|turn|3\n|inactive|Ricardo Randorez has 30 seconds left.\n|\n|t:|1683638235\n|move|p2b: Dondozo|Surf|p1a: Gyarados|[spread] p2a,p1a,p1b\n|-resisted|p2a: Pelipper\n|-resisted|p1a: Gyarados\n|-resisted|p1b: Ting-Lu\n|-damage|p2a: Pelipper|77\/100\n|-damage|p1a: Gyarados|61\/100\n|-damage|p1b: Ting-Lu|87\/100\n|-damage|p2b: Dondozo|91\/100|[from] item: Life Orb\n|move|p2a: Pelipper|Hurricane|p1b: Ting-Lu\n|-supereffective|p1b: Ting-Lu\n|-damage|p1b: Ting-Lu|21\/100\n|move|p1a: Gyarados|Thunder Wave|p2b: Dondozo\n|-status|p2b: Dondozo|par\n|move|p1b: Ting-Lu|Stomping Tantrum|p2b: Dondozo\n|-damage|p2b: Dondozo|43\/100 par\n|\n|-weather|RainDance|[upkeep]\n|upkeep\n|turn|4\n|\n|t:|1683638257\n|switch|p2a: Tatsugiri|Tatsugiri-Droopy, L50, F, shiny|100\/100\n|-activate|p2a: Tatsugiri|ability: Commander|[of] p2b: Dondozo\n|-boost|p2b: Dondozo|atk|2\n|-boost|p2b: Dondozo|spa|2\n|-boost|p2b: Dondozo|spe|2\n|-boost|p2b: Dondozo|def|2\n|-boost|p2b: Dondozo|spd|2\n|-terastallize|p2b: Dondozo|Water\n|move|p1a: Gyarados|Protect|p1a: Gyarados\n|-singleturn|p1a: Gyarados|Protect\n|move|p2b: Dondozo|Surf|p1b: Ting-Lu|[spread] p1b\n|-miss|p2b: Dondozo|p2a: Tatsugiri\n|-activate|p1a: Gyarados|move: Protect\n|-resisted|p1b: Ting-Lu\n|-damage|p1b: Ting-Lu|0 fnt\n|faint|p1b: Ting-Lu\n|-damage|p2b: Dondozo|33\/100 par|[from] item: Life Orb\n|\n|-weather|RainDance|[upkeep]\n|-sideend|p2: Ricardo Randorez|move: Tailwind\n|upkeep\n|\n|t:|1683638271\n|switch|p1b: Iron Hands|Iron Hands, L50|100\/100\n|turn|5\n|\n|t:|1683638281\n|move|p2b: Dondozo|Protect|p2b: Dondozo\n|-singleturn|p2b: Dondozo|Protect\n|move|p1b: Iron Hands|Fake Out|p2b: Dondozo\n|-activate|p2b: Dondozo|move: Protect\n|move|p1a: Gyarados|Waterfall|p2b: Dondozo\n|-activate|p2b: Dondozo|move: Protect\n|\n|-weather|RainDance|[upkeep]\n|upkeep\n|turn|6\n|\n|t:|1683638292\n|move|p1a: Gyarados|Thunder Wave|p2a: Tatsugiri|[miss]\n|-miss|p1a: Gyarados|p2a: Tatsugiri\n|move|p2b: Dondozo|Surf|p1a: Gyarados|[spread] p1a,p1b\n|-miss|p2b: Dondozo|p2a: Tatsugiri\n|-resisted|p1a: Gyarados\n|-damage|p1a: Gyarados|17\/100\n|-damage|p1b: Iron Hands|7\/100\n|-damage|p2b: Dondozo|23\/100 par|[from] item: Life Orb\n|move|p1b: Iron Hands|Wild Charge|p2b: Dondozo\n|-supereffective|p2b: Dondozo\n|-damage|p2b: Dondozo|0 fnt\n|faint|p2b: Dondozo\n|-damage|p1b: Iron Hands|2\/100|[from] Recoil\n|\n|-weather|RainDance|[upkeep]\n|upkeep\n|\n|t:|1683638308\n|switch|p2b: Pelipper|Pelipper, L50, M|77\/100\n|turn|7\n|\n|t:|1683638321\n|move|p2a: Tatsugiri|Muddy Water|p1b: Iron Hands|[spread] p1a,p1b\n|-resisted|p1a: Gyarados\n|-damage|p1a: Gyarados|0 fnt\n|-damage|p1b: Iron Hands|0 fnt\n|faint|p1a: Gyarados\n|faint|p1b: Iron Hands\n|-end|p1b: Iron Hands|Quark Drive|[silent]\n|move|p2b: Pelipper|Hurricane|p1: Gyarados|[notarget]\n|-fail|p2b: Pelipper\n|\n|-weather|RainDance|[upkeep]\n|upkeep\n|-message|klatuu forfeited.\n|\n|win|Ricardo Randorez\n|raw|klatuu's rating: 1514 → 1494<\/strong> (-20 for losing)\n|raw|Ricardo Randorez's rating: 1519 → 1539<\/strong> (+20 for winning)\n|l|\u2606klatuu\n","uploadtime":1683638334,"views":9,"p1id":"klatuu","p2id":"ricardorandorez","formatid":"gen9vgc2023regulationc","rating":1494,"private":0,"password":""}