{"id":"gen9vgc2023regulationc-1857766306","p1":"zhagu","p2":"Piccolo Ruiz","format":"[Gen 9] VGC 2023 Regulation C","log":"|j|\u2606zhagu\n|j|\u2606Piccolo Ruiz\n|t:|1683229685\n|gametype|doubles\n|player|p1|zhagu|dawn-gen4pt|1460\n|player|p2|Piccolo Ruiz|valerie|1381\n|teamsize|p1|6\n|teamsize|p2|6\n|gen|9\n|tier|[Gen 9] VGC 2023 Regulation C\n|rated|\n|rule|Species Clause: Limit one of each Pok\u00e9mon\n|rule|Item Clause: Limit one of each item\n|clearpoke\n|poke|p1|Palafin, L50, M|\n|poke|p1|Amoonguss, L50, F|\n|poke|p1|Arcanine, L50, M|\n|poke|p1|Flutter Mane, L50|\n|poke|p1|Dragonite, L50, M|\n|poke|p1|Baxcalibur, L50, F|\n|poke|p2|Flutter Mane, L50|\n|poke|p2|Amoonguss, L50, F|\n|poke|p2|Gyarados, L50, F|\n|poke|p2|Chi-Yu, L50|\n|poke|p2|Ting-Lu, L50|\n|poke|p2|Baxcalibur, L50, F|\n|teampreview|4\n|inactive|Battle timer is ON: inactive players will automatically lose when time's up. (requested by zhagu)\n|inactive|Piccolo Ruiz also wants the timer to be on.\n|\n|t:|1683229726\n|start\n|switch|p1a: Dragonite|Dragonite, L50, M|100\/100\n|switch|p1b: Palafin|Palafin, L50, M|100\/100\n|switch|p2a: Bianca|Gyarados, L50, F, shiny|100\/100\n|switch|p2b: Mo Heart|Chi-Yu, L50|100\/100\n|-ability|p2b: Mo Heart|Beads of Ruin\n|-ability|p2a: Bianca|Intimidate|boost\n|-fail|p1a: Dragonite|unboost|[from] item: Clear Amulet|[of] p1a: Dragonite\n|-unboost|p1b: Palafin|atk|1\n|turn|1\n|inactive|zhagu has 30 seconds left.\n|\n|t:|1683229756\n|-terastallize|p2b: Mo Heart|Water\n|move|p1b: Palafin|Protect|p1b: Palafin\n|-singleturn|p1b: Palafin|Protect\n|move|p2b: Mo Heart|Dark Pulse|p1a: Dragonite\n|-damage|p1a: Dragonite|75\/100\n|move|p1a: Dragonite|Tailwind|p1a: Dragonite\n|-sidestart|p1: zhagu|move: Tailwind\n|move|p2a: Bianca|Thunder Wave|p1b: Palafin\n|-activate|p1b: Palafin|move: Protect\n|\n|upkeep\n|turn|2\n|\n|t:|1683229774\n|detailschange|p1b: Palafin|Palafin-Hero, L50, M\n|switch|p1b: Flutter Mane|Flutter Mane, L50|100\/100\n|-enditem|p1b: Flutter Mane|Booster Energy\n|-activate|p1b: Flutter Mane|ability: Protosynthesis|[fromitem]\n|-start|p1b: Flutter Mane|protosynthesisspa\n|move|p1a: Dragonite|Thunder Punch|p2a: Bianca\n|-supereffective|p2a: Bianca\n|-damage|p2a: Bianca|0 fnt\n|faint|p2a: Bianca\n|move|p2b: Mo Heart|Dark Pulse|p1a: Dragonite\n|-damage|p1a: Dragonite|21\/100\n|\n|upkeep\n|\n|t:|1683229785\n|switch|p2a: Amoonguss|Amoonguss, L50, F, shiny|100\/100\n|turn|3\n|inactive|zhagu has 30 seconds left.\n|\n|t:|1683229819\n|-terastallize|p1b: Flutter Mane|Grass\n|move|p2b: Mo Heart|Protect|p2b: Mo Heart\n|-singleturn|p2b: Mo Heart|Protect\n|move|p1a: Dragonite|Extreme Speed|p2b: Mo Heart\n|-activate|p2b: Mo Heart|move: Protect\n|move|p1b: Flutter Mane|Dazzling Gleam|p2b: Mo Heart|[spread] p2a\n|-activate|p2b: Mo Heart|move: Protect\n|-resisted|p2a: Amoonguss\n|-damage|p2a: Amoonguss|76\/100\n|move|p2a: Amoonguss|Spore|p1b: Flutter Mane\n|-immune|p1b: Flutter Mane\n|\n|upkeep\n|turn|4\n|\n|t:|1683229841\n|move|p1a: Dragonite|Extreme Speed|p2b: Mo Heart\n|-crit|p2b: Mo Heart\n|-damage|p2b: Mo Heart|38\/100\n|move|p1b: Flutter Mane|Dazzling Gleam|p2b: Mo Heart|[spread] p2a,p2b\n|-resisted|p2a: Amoonguss\n|-damage|p2a: Amoonguss|54\/100\n|-damage|p2b: Mo Heart|1\/100\n|move|p2b: Mo Heart|Dark Pulse|p1a: Dragonite\n|-damage|p1a: Dragonite|0 fnt\n|faint|p1a: Dragonite\n|move|p2a: Amoonguss|Pollen Puff|p1b: Flutter Mane\n|-supereffective|p1b: Flutter Mane\n|-damage|p1b: Flutter Mane|54\/100\n|\n|-sideend|p1: zhagu|move: Tailwind\n|upkeep\n|\n|t:|1683229863\n|switch|p1a: Baxcalibur|Baxcalibur, L50, F|100\/100\n|turn|5\n|\n|t:|1683229878\n|move|p2a: Amoonguss|Protect|p2a: Amoonguss\n|-singleturn|p2a: Amoonguss|Protect\n|move|p1b: Flutter Mane|Dazzling Gleam|p2a: Amoonguss|[spread] p2b\n|-activate|p2a: Amoonguss|move: Protect\n|-damage|p2b: Mo Heart|0 fnt\n|faint|p2b: Mo Heart\n|move|p1a: Baxcalibur|Glaive Rush|p2a: Amoonguss\n|-activate|p2a: Amoonguss|move: Protect\n|\n|upkeep\n|\n|t:|1683229882\n|switch|p2b: Sasha Colby|Flutter Mane, L50|100\/100\n|-enditem|p2b: Sasha Colby|Booster Energy\n|-activate|p2b: Sasha Colby|ability: Protosynthesis|[fromitem]\n|-start|p2b: Sasha Colby|protosynthesisspa\n|turn|6\n|inactive|zhagu has 30 seconds left.\n|\n|t:|1683229908\n|move|p1a: Baxcalibur|Ice Shard|p2b: Sasha Colby\n|-damage|p2b: Sasha Colby|59\/100\n|move|p2b: Sasha Colby|Moonblast|p1a: Baxcalibur\n|-supereffective|p1a: Baxcalibur\n|-crit|p1a: Baxcalibur\n|-damage|p1a: Baxcalibur|0 fnt\n|faint|p1a: Baxcalibur\n|move|p1b: Flutter Mane|Dazzling Gleam|p2b: Sasha Colby|[spread] p2a,p2b\n|-resisted|p2a: Amoonguss\n|-damage|p2a: Amoonguss|37\/100\n|-damage|p2b: Sasha Colby|19\/100\n|-enditem|p2a: Amoonguss|Sitrus Berry|[eat]\n|-heal|p2a: Amoonguss|62\/100|[from] item: Sitrus Berry\n|move|p2a: Amoonguss|Pollen Puff|p1b: Flutter Mane\n|-supereffective|p1b: Flutter Mane\n|-damage|p1b: Flutter Mane|19\/100\n|\n|upkeep\n|\n|t:|1683229925\n|switch|p1a: Palafin|Palafin-Hero, L50, M|100\/100\n|-activate|p1a: Palafin|ability: Zero to Hero\n|turn|7\n|\n|t:|1683229937\n|move|p2b: Sasha Colby|Protect|p2b: Sasha Colby\n|-singleturn|p2b: Sasha Colby|Protect\n|move|p1a: Palafin|Protect|p1a: Palafin\n|-singleturn|p1a: Palafin|Protect\n|move|p1b: Flutter Mane|Dazzling Gleam|p2b: Sasha Colby|[spread] p2a\n|-activate|p2b: Sasha Colby|move: Protect\n|-resisted|p2a: Amoonguss\n|-damage|p2a: Amoonguss|44\/100\n|move|p2a: Amoonguss|Spore|p1a: Palafin\n|-activate|p1a: Palafin|move: Protect\n|\n|upkeep\n|turn|8\n|\n|t:|1683229953\n|move|p2a: Amoonguss|Rage Powder|p2a: Amoonguss\n|-singleturn|p2a: Amoonguss|move: Rage Powder\n|move|p2b: Sasha Colby|Dazzling Gleam|p1b: Flutter Mane|[spread] p1a,p1b\n|-damage|p1a: Palafin|61\/100\n|-damage|p1b: Flutter Mane|0 fnt\n|faint|p1b: Flutter Mane\n|-end|p1b: Flutter Mane|Protosynthesis|[silent]\n|move|p1a: Palafin|Substitute|p1a: Palafin\n|-start|p1a: Palafin|Substitute\n|-damage|p1a: Palafin|36\/100\n|\n|upkeep\n|turn|9\n|\n|t:|1683229965\n|move|p2a: Amoonguss|Rage Powder|p2a: Amoonguss\n|-singleturn|p2a: Amoonguss|move: Rage Powder\n|move|p2b: Sasha Colby|Moonblast|p1a: Palafin\n|-end|p1a: Palafin|Substitute\n|move|p1a: Palafin|Wave Crash|p2a: Amoonguss\n|-resisted|p2a: Amoonguss\n|-damage|p2a: Amoonguss|3\/100\n|-damage|p1a: Palafin|22\/100|[from] Recoil\n|\n|upkeep\n|turn|10\n|\n|t:|1683229981\n|move|p1a: Palafin|Protect|p1a: Palafin\n|-singleturn|p1a: Palafin|Protect\n|move|p2a: Amoonguss|Rage Powder|p2a: Amoonguss\n|-singleturn|p2a: Amoonguss|move: Rage Powder\n|move|p2b: Sasha Colby|Moonblast|p1a: Palafin\n|-activate|p1a: Palafin|move: Protect\n|\n|upkeep\n|turn|11\n|\n|t:|1683229990\n|move|p2a: Amoonguss|Rage Powder|p2a: Amoonguss\n|-singleturn|p2a: Amoonguss|move: Rage Powder\n|move|p1a: Palafin|Jet Punch|p2a: Amoonguss\n|-resisted|p2a: Amoonguss\n|-damage|p2a: Amoonguss|0 fnt\n|faint|p2a: Amoonguss\n|move|p2b: Sasha Colby|Moonblast|p1a: Palafin\n|-damage|p1a: Palafin|0 fnt\n|faint|p1a: Palafin\n|\n|win|Piccolo Ruiz\n|raw|zhagu's rating: 1460 → 1436<\/strong> (-24 for losing)\n|raw|Piccolo Ruiz's rating: 1381 → 1405<\/strong> (+24 for winning)\n|c|\u2606Piccolo Ruiz|gg\n|l|\u2606zhagu\n","uploadtime":1683230002,"views":8,"p1id":"zhagu","p2id":"piccoloruiz","formatid":"gen9vgc2023regulationc","rating":1405,"private":0,"password":""}