{"id":"gen9vgc2023regulationc-1848795122","p1":"dunsparcedingo","p2":"repluu1","format":"[Gen 9] VGC 2023 Regulation C","log":"|j|\u2606dunsparcedingo\n|j|\u2606repluu1\n|t:|1682111176\n|gametype|doubles\n|player|p1|dunsparcedingo|zinnia|1072\n|player|p2|repluu1|misty-gen1rb|1069\n|teamsize|p1|6\n|teamsize|p2|6\n|gen|9\n|tier|[Gen 9] VGC 2023 Regulation C\n|rated|\n|rule|Species Clause: Limit one of each Pok\u00e9mon\n|rule|Item Clause: Limit one of each item\n|clearpoke\n|poke|p1|Torkoal, L50, M|\n|poke|p1|Jumpluff, L50, F|\n|poke|p1|Chi-Yu, L50|\n|poke|p1|Sandy Shocks, L50|\n|poke|p1|Iron Bundle, L50|\n|poke|p1|Slither Wing, L50|\n|poke|p2|Mimikyu, L50, F|\n|poke|p2|Garganacl, L50, F|\n|poke|p2|Iron Hands, L50|\n|poke|p2|Roaring Moon, L50|\n|poke|p2|Amoonguss, L50, F|\n|poke|p2|Iron Bundle, L50|\n|teampreview|4\ndunsparcedingo has agreed to open team sheets.\n|\n|t:|1682111225\n|start\n|switch|p1a: Torkoal|Torkoal, L50, M|100\/100\n|switch|p1b: Sandy Shocks|Sandy Shocks, L50|100\/100\n|switch|p2a: Garganacl|Garganacl, L50, F|100\/100\n|switch|p2b: Iron Hands|Iron Hands, L50, shiny|100\/100\n|-weather|SunnyDay|[from] ability: Drought|[of] p1a: Torkoal\n|-activate|p1b: Sandy Shocks|ability: Protosynthesis\n|-start|p1b: Sandy Shocks|protosynthesisspe\n|turn|1\n|\n|t:|1682111242\n|move|p2b: Iron Hands|Fake Out|p1a: Torkoal\n|-damage|p1a: Torkoal|90\/100\n|move|p1b: Sandy Shocks|Earth Power|p2b: Iron Hands\n|-supereffective|p2b: Iron Hands\n|-damage|p2b: Iron Hands|60\/100\n|move|p2a: Garganacl|Salt Cure|p1a: Torkoal\n|-supereffective|p1a: Torkoal\n|-damage|p1a: Torkoal|69\/100\n|-start|p1a: Torkoal|Salt Cure\n|cant|p1a: Torkoal|flinch\n|\n|-weather|SunnyDay|[upkeep]\n|-heal|p1a: Torkoal|75\/100|[from] item: Leftovers\n|-damage|p1a: Torkoal|62\/100|[from] Salt Cure\n|upkeep\n|turn|2\n|\n|t:|1682111261\n|move|p2a: Garganacl|Wide Guard|p2a: Garganacl\n|-singleturn|p2a: Garganacl|Wide Guard\n|move|p1b: Sandy Shocks|Earth Power|p2a: Garganacl\n|-supereffective|p2a: Garganacl\n|-damage|p2a: Garganacl|36\/100\n|move|p2b: Iron Hands|Drain Punch|p1b: Sandy Shocks\n|-damage|p1b: Sandy Shocks|51\/100\n|-heal|p2b: Iron Hands|77\/100|[from] drain|[of] p1b: Sandy Shocks\n|move|p1a: Torkoal|Will-O-Wisp|p2b: Iron Hands\n|-status|p2b: Iron Hands|brn\n|\n|-weather|SunnyDay|[upkeep]\n|-heal|p2a: Garganacl|42\/100|[from] item: Leftovers\n|-heal|p1a: Torkoal|68\/100|[from] item: Leftovers\n|-damage|p2b: Iron Hands|72\/100 brn|[from] brn\n|-damage|p1a: Torkoal|56\/100|[from] Salt Cure\n|upkeep\n|turn|3\n|\n|t:|1682111306\n|-terastallize|p2a: Garganacl|Ghost\n|move|p1a: Torkoal|Helping Hand|p1b: Sandy Shocks\n|-singleturn|p1b: Sandy Shocks|Helping Hand|[of] p1a: Torkoal\n|move|p1b: Sandy Shocks|Thunderbolt|p2a: Garganacl\n|-damage|p2a: Garganacl|0 fnt\n|faint|p2a: Garganacl\n|move|p2b: Iron Hands|Drain Punch|p1b: Sandy Shocks\n|-damage|p1b: Sandy Shocks|27\/100\n|-heal|p2b: Iron Hands|80\/100 brn|[from] drain|[of] p1b: Sandy Shocks\n|\n|-weather|SunnyDay|[upkeep]\n|-heal|p1a: Torkoal|62\/100|[from] item: Leftovers\n|-damage|p2b: Iron Hands|75\/100 brn|[from] brn\n|-damage|p1a: Torkoal|49\/100|[from] Salt Cure\n|upkeep\n|\n|t:|1682111326\n|switch|p2a: Iron Bundle|Iron Bundle, L50, shiny|100\/100\n|turn|4\n|\n|t:|1682111349\n|switch|p1a: Slither Wing|Slither Wing, L50|100\/100\n|-activate|p1a: Slither Wing|ability: Protosynthesis\n|-start|p1a: Slither Wing|protosynthesisatk\n|move|p2a: Iron Bundle|Protect|p2a: Iron Bundle\n|-singleturn|p2a: Iron Bundle|Protect\n|move|p1b: Sandy Shocks|Thunderbolt|p2a: Iron Bundle\n|-activate|p2a: Iron Bundle|move: Protect\n|move|p2b: Iron Hands|Volt Switch|p1a: Slither Wing\n|-damage|p1a: Slither Wing|90\/100\n|\n|t:|1682111361\n|-end|p2b: Iron Hands|Quark Drive|[silent]\n|switch|p2b: Mimikyu|Mimikyu, L50, F|100\/100|[from] Volt Switch\n|\n|-weather|SunnyDay|[upkeep]\n|upkeep\n|turn|5\n|\n|t:|1682111373\n|-end|p2a: Iron Bundle|Quark Drive|[silent]\n|switch|p2a: Iron Hands|Iron Hands, L50, shiny|75\/100 brn\n|-terastallize|p1a: Slither Wing|Fire\n|move|p1a: Slither Wing|First Impression|p2b: Mimikyu\n|-activate|p2b: Mimikyu|ability: Disguise\n|-damage|p2b: Mimikyu|100\/100\n|detailschange|p2b: Mimikyu|Mimikyu-Busted, L50, F\n|-damage|p2b: Mimikyu|88\/100|[from] pokemon: Mimikyu-Busted\n|-damage|p1a: Slither Wing|80\/100|[from] item: Life Orb\n|move|p2b: Mimikyu|Shadow Sneak|p1b: Sandy Shocks\n|-damage|p1b: Sandy Shocks|3\/100\n|-damage|p2b: Mimikyu|79\/100|[from] item: Life Orb\n|move|p1b: Sandy Shocks|Thunderbolt|p2a: Iron Hands\n|-resisted|p2a: Iron Hands\n|-damage|p2a: Iron Hands|64\/100 brn\n|\n|-weather|none\n|-end|p1b: Sandy Shocks|Protosynthesis\n|-end|p1a: Slither Wing|Protosynthesis\n|-damage|p2a: Iron Hands|58\/100 brn|[from] brn\n|upkeep\n|turn|6\n|\n|t:|1682111399\n|-end|p1b: Sandy Shocks|Protosynthesis|[silent]\n|switch|p1b: Torkoal|Torkoal, L50, M|49\/100\n|-weather|SunnyDay|[from] ability: Drought|[of] p1b: Torkoal\n|-activate|p1a: Slither Wing|ability: Protosynthesis\n|-start|p1a: Slither Wing|protosynthesisatk\n|move|p2a: Iron Hands|Fake Out|p1a: Slither Wing\n|-damage|p1a: Slither Wing|71\/100\n|move|p2b: Mimikyu|Shadow Sneak|p1b: Torkoal\n|-damage|p1b: Torkoal|33\/100\n|-damage|p2b: Mimikyu|70\/100|[from] item: Life Orb\n|cant|p1a: Slither Wing|flinch\n|\n|-weather|SunnyDay|[upkeep]\n|-heal|p1b: Torkoal|39\/100|[from] item: Leftovers\n|-damage|p2a: Iron Hands|52\/100 brn|[from] brn\n|upkeep\n|turn|7\n|\n|t:|1682111435\n|move|p1b: Torkoal|Helping Hand|p1a: Slither Wing\n|-singleturn|p1a: Slither Wing|Helping Hand|[of] p1b: Torkoal\n|move|p2b: Mimikyu|Protect|p2b: Mimikyu\n|-singleturn|p2b: Mimikyu|Protect\n|move|p1a: Slither Wing|Earthquake|p2a: Iron Hands|[spread] p1b,p2a\n|-activate|p2b: Mimikyu|move: Protect\n|-supereffective|p1b: Torkoal\n|-crit|p1b: Torkoal\n|-supereffective|p2a: Iron Hands\n|-damage|p1b: Torkoal|0 fnt\n|-damage|p2a: Iron Hands|0 fnt\n|faint|p1b: Torkoal\n|faint|p2a: Iron Hands\n|-end|p2a: Iron Hands|Quark Drive|[silent]\n|-damage|p1a: Slither Wing|61\/100|[from] item: Life Orb\n|\n|-weather|SunnyDay|[upkeep]\n|upkeep\n|\n|t:|1682111463\n|switch|p2a: Iron Bundle|Iron Bundle, L50, shiny|100\/100\n|switch|p1b: Sandy Shocks|Sandy Shocks, L50|3\/100\n|-activate|p1b: Sandy Shocks|ability: Protosynthesis\n|-start|p1b: Sandy Shocks|protosynthesisspe\n|turn|8\n|\n|t:|1682111474\n|move|p2b: Mimikyu|Shadow Sneak|p1b: Sandy Shocks\n|-damage|p1b: Sandy Shocks|0 fnt\n|faint|p1b: Sandy Shocks\n|-end|p1b: Sandy Shocks|Protosynthesis|[silent]\n|-damage|p2b: Mimikyu|60\/100|[from] item: Life Orb\n|move|p2a: Iron Bundle|Hydro Pump|p1a: Slither Wing\n|-supereffective|p1a: Slither Wing\n|-damage|p1a: Slither Wing|15\/100\n|move|p1a: Slither Wing|Earthquake|p2a: Iron Bundle|[spread] p2a,p2b\n|-damage|p2a: Iron Bundle|47\/100\n|-damage|p2b: Mimikyu|0 fnt\n|faint|p2b: Mimikyu\n|-damage|p1a: Slither Wing|5\/100|[from] item: Life Orb\n|\n|-weather|SunnyDay|[upkeep]\n|upkeep\n|\n|t:|1682111486\n|switch|p1b: Iron Bundle|Iron Bundle, L50|100\/100\n|turn|9\n|\n|t:|1682111491\n|move|p2a: Iron Bundle|Freeze-Dry|p1b: Iron Bundle\n|-damage|p1b: Iron Bundle|42\/100\n|move|p1b: Iron Bundle|Freeze-Dry|p2a: Iron Bundle\n|-damage|p2a: Iron Bundle|0 fnt\n|faint|p2a: Iron Bundle\n|-end|p2a: Iron Bundle|Quark Drive|[silent]\n|\n|win|dunsparcedingo\n|raw|dunsparcedingo's rating: 1072 → 1101<\/strong> (+29 for winning)\n|raw|repluu1's rating: 1069 → 1049<\/strong> (-20 for losing)\n|l|\u2606repluu1\n","uploadtime":1682111501,"views":8,"p1id":"dunsparcedingo","p2id":"repluu1","formatid":"gen9vgc2023regulationc","rating":1049,"private":0,"password":""}