{"id":"gen9vgc2023regulationc-1860695409","p1":"VictoryRoadGrinder","p2":"Oonga Boonga King","format":"[Gen 9] VGC 2023 Regulation C","log":"|j|\u2606VictoryRoadGrinder\n|j|\u2606Oonga Boonga King\n|t:|1683667143\n|gametype|doubles\n|player|p1|VictoryRoadGrinder|dancer|1203\n|player|p2|Oonga Boonga King|265|1236\n|teamsize|p1|6\n|teamsize|p2|6\n|gen|9\n|tier|[Gen 9] VGC 2023 Regulation C\n|rated|\n|rule|Species Clause: Limit one of each Pok\u00e9mon\n|rule|Item Clause: Limit one of each item\n|clearpoke\n|poke|p1|Lycanroc, L50, M|\n|poke|p1|Tyranitar, L50, F|\n|poke|p1|Houndstone, L50, M|\n|poke|p1|Gastrodon, L50, M|\n|poke|p1|Amoonguss, L50, M|\n|poke|p1|Tauros-Paldea-Aqua, L50, M|\n|poke|p2|Dachsbun, L50, M|\n|poke|p2|Chi-Yu, L50|\n|poke|p2|Flutter Mane, L50|\n|poke|p2|Amoonguss, L50, M|\n|poke|p2|Tauros-Paldea-Aqua, L50, M|\n|poke|p2|Ting-Lu, L50|\n|teampreview|4\n|inactive|Battle timer is ON: inactive players will automatically lose when time's up. (requested by VictoryRoadGrinder)\n|\n|t:|1683667196\n|start\n|switch|p1a: Lycanroc|Lycanroc, L50, M|100\/100\n|switch|p1b: Tyranitar|Tyranitar, L50, F|100\/100\n|switch|p2a: The Bull|Tauros-Paldea-Aqua, L50, M, shiny|100\/100\n|switch|p2b: The Sus|Amoonguss, L50, M, shiny|100\/100\n|-ability|p2a: The Bull|Intimidate|boost\n|-unboost|p1a: Lycanroc|atk|1\n|-unboost|p1b: Tyranitar|atk|1\n|-weather|Sandstorm|[from] ability: Sand Stream|[of] p1b: Tyranitar\n|turn|1\n|\n|t:|1683667218\n|switch|p1a: Tauros|Tauros-Paldea-Aqua, L50, M|100\/100\n|-ability|p1a: Tauros|Intimidate|boost\n|-unboost|p2a: The Bull|atk|1\n|-unboost|p2b: The Sus|atk|1\n|switch|p1b: Houndstone|Houndstone, L50, M|100\/100\n|move|p2a: The Bull|Bulk Up|p2a: The Bull\n|-boost|p2a: The Bull|atk|1\n|-boost|p2a: The Bull|def|1\n|-enditem|p1a: Tauros|Mirror Herb\n|-boost|p1a: Tauros|atk|1|[from] item: Mirror Herb\n|-boost|p1a: Tauros|def|1|[from] item: Mirror Herb\n|move|p2b: The Sus|Spore|p1a: Tauros\n|-status|p1a: Tauros|slp|[from] move: Spore\n|\n|-weather|Sandstorm|[upkeep]\n|-damage|p1a: Tauros|94\/100 slp|[from] Sandstorm\n|-damage|p2b: The Sus|95\/100|[from] Sandstorm\n|upkeep\n|turn|2\n|inactive|VictoryRoadGrinder has 30 seconds left.\n|\n|t:|1683667244\n|cant|p1a: Tauros|slp\n|move|p1b: Houndstone|Will-O-Wisp|p2a: The Bull\n|-status|p2a: The Bull|brn\n|move|p2a: The Bull|Bulk Up|p2a: The Bull\n|-boost|p2a: The Bull|atk|1\n|-boost|p2a: The Bull|def|1\n|move|p2b: The Sus|Spore|p1b: Houndstone\n|-status|p1b: Houndstone|slp|[from] move: Spore\n|\n|-weather|Sandstorm|[upkeep]\n|-damage|p1a: Tauros|88\/100 slp|[from] Sandstorm\n|-damage|p2b: The Sus|89\/100|[from] Sandstorm\n|-damage|p2a: The Bull|94\/100 brn|[from] brn\n|upkeep\n|turn|3\n|\n|t:|1683667263\n|switch|p1b: Lycanroc|Lycanroc, L50, M|100\/100\n|switch|p1a: Tyranitar|Tyranitar, L50, F|100\/100\n|switch|p2a: The Head|Flutter Mane, L50, shiny|100\/100\n|move|p2b: The Sus|Rage Powder|p2b: The Sus\n|-singleturn|p2b: The Sus|move: Rage Powder\n|\n|-weather|Sandstorm|[upkeep]\n|-damage|p2a: The Head|94\/100|[from] Sandstorm\n|-damage|p2b: The Sus|83\/100|[from] Sandstorm\n|upkeep\n|turn|4\n|\n|t:|1683667277\n|-end|p2a: The Head|Protosynthesis|[silent]\n|switch|p2a: The Bull|Tauros-Paldea-Aqua, L50, M, shiny|94\/100 brn\n|-ability|p2a: The Bull|Intimidate|boost\n|-unboost|p1a: Tyranitar|atk|1\n|-unboost|p1b: Lycanroc|atk|1\n|-terastallize|p1a: Tyranitar|Flying\n|move|p2b: The Sus|Protect|p2b: The Sus\n|-singleturn|p2b: The Sus|Protect\n|move|p1b: Lycanroc|Rock Slide|p2a: The Bull|[spread] p2a\n|-activate|p2b: The Sus|move: Protect\n|-resisted|p2a: The Bull\n|-damage|p2a: The Bull|85\/100 brn\n|move|p1a: Tyranitar|Tera Blast|p2b: The Sus\n|-activate|p2b: The Sus|move: Protect\n|\n|-weather|Sandstorm|[upkeep]\n|-damage|p1a: Tyranitar|95\/100|[from] Sandstorm\n|-damage|p2b: The Sus|77\/100|[from] Sandstorm\n|-damage|p2a: The Bull|79\/100 brn|[from] brn\n|upkeep\n|turn|5\n|\n|t:|1683667297\n|move|p1b: Lycanroc|Rock Slide|p2a: The Bull|[spread] p2a,p2b\n|-resisted|p2a: The Bull\n|-damage|p2a: The Bull|70\/100 brn\n|-damage|p2b: The Sus|60\/100\n|cant|p2a: The Bull|flinch\n|move|p1a: Tyranitar|Tera Blast|p2a: The Bull\n|-supereffective|p2a: The Bull\n|-damage|p2a: The Bull|14\/100 brn\n|cant|p2b: The Sus|flinch\n|\n|-weather|none\n|-damage|p2a: The Bull|8\/100 brn|[from] brn\n|upkeep\n|turn|6\n|\n|t:|1683667315\n|switch|p1a: Tauros|Tauros-Paldea-Aqua, L50, M|88\/100 slp\n|-ability|p1a: Tauros|Intimidate|boost\n|-unboost|p2a: The Bull|atk|1\n|-unboost|p2b: The Sus|atk|1\n|move|p2a: The Bull|Protect|p2a: The Bull\n|-singleturn|p2a: The Bull|Protect\n|move|p1b: Lycanroc|Rock Slide|p2a: The Bull|[spread] p2b\n|-activate|p2a: The Bull|move: Protect\n|-damage|p2b: The Sus|44\/100\n|-enditem|p2b: The Sus|Sitrus Berry|[eat]\n|-heal|p2b: The Sus|69\/100|[from] item: Sitrus Berry\n|move|p2b: The Sus|Spore|p1b: Lycanroc\n|-status|p1b: Lycanroc|slp|[from] move: Spore\n|\n|-damage|p2a: The Bull|2\/100 brn|[from] brn\n|upkeep\n|turn|7\n|inactive|Oonga Boonga King has 30 seconds left.\n|\n|t:|1683667341\n|cant|p1a: Tauros|slp\n|cant|p1b: Lycanroc|slp\n|move|p2a: The Bull|Close Combat|p1b: Lycanroc\n|-supereffective|p1b: Lycanroc\n|-damage|p1b: Lycanroc|48\/100 slp\n|-unboost|p2a: The Bull|def|1\n|-unboost|p2a: The Bull|spd|1\n|move|p2b: The Sus|Pollen Puff|p2a: The Bull\n|-heal|p2a: The Bull|52\/100 brn\n|\n|-damage|p2a: The Bull|46\/100 brn|[from] brn\n|upkeep\n|turn|8\n|inactive|VictoryRoadGrinder has 30 seconds left.\n|inactive|Oonga Boonga King has 30 seconds left.\n|\n|t:|1683667368\n|move|p2b: The Sus|Rage Powder|p2b: The Sus\n|-singleturn|p2b: The Sus|move: Rage Powder\n|cant|p1a: Tauros|slp\n|cant|p1b: Lycanroc|slp\n|move|p2a: The Bull|Close Combat|p1b: Lycanroc\n|-supereffective|p1b: Lycanroc\n|-crit|p1b: Lycanroc\n|-damage|p1b: Lycanroc|0 fnt\n|-unboost|p2a: The Bull|def|1\n|-unboost|p2a: The Bull|spd|1\n|faint|p1b: Lycanroc\n|\n|-damage|p2a: The Bull|40\/100 brn|[from] brn\n|upkeep\n|\n|t:|1683667379\n|switch|p1b: Tyranitar|Tyranitar, L50, F, tera:Flying|95\/100\n|-weather|Sandstorm|[from] ability: Sand Stream|[of] p1b: Tyranitar\n|turn|9\n|inactive|Oonga Boonga King has 30 seconds left.\n|inactive|Oonga Boonga King has 20 seconds left.\n|inactive|Oonga Boonga King has 15 seconds left.\n|inactive|Oonga Boonga King has 10 seconds left.\n|\n|t:|1683667426\n|-curestatus|p1a: Tauros|slp|[msg]\n|move|p1a: Tauros|Close Combat|p2a: The Bull\n|-damage|p2a: The Bull|0 fnt\n|-unboost|p1a: Tauros|def|1\n|-unboost|p1a: Tauros|spd|1\n|faint|p2a: The Bull\n|move|p1b: Tyranitar|Tera Blast|p2b: The Sus\n|-supereffective|p2b: The Sus\n|-damage|p2b: The Sus|0 fnt\n|faint|p2b: The Sus\n|\n|-weather|Sandstorm|[upkeep]\n|-damage|p1a: Tauros|82\/100|[from] Sandstorm\n|-damage|p1b: Tyranitar|89\/100|[from] Sandstorm\n|upkeep\n|\n|t:|1683667431\n|switch|p2a: The Head|Flutter Mane, L50, shiny|94\/100\n|switch|p2b: The Fish|Chi-Yu, L50|100\/100\n|-ability|p2b: The Fish|Beads of Ruin\n|turn|10\n|\n|t:|1683667448\n|-terastallize|p2a: The Head|Fairy\n|move|p1a: Tauros|Aqua Jet|p2b: The Fish\n|-supereffective|p2b: The Fish\n|-damage|p2b: The Fish|36\/100\n|move|p2b: The Fish|Dark Pulse|p1b: Tyranitar\n|-damage|p1b: Tyranitar|52\/100\n|move|p2a: The Head|Dazzling Gleam|p1a: Tauros|[spread] p1a,p1b\n|-supereffective|p1a: Tauros\n|-damage|p1a: Tauros|0 fnt\n|-damage|p1b: Tyranitar|19\/100\n|faint|p1a: Tauros\n|cant|p1b: Tyranitar|flinch\n|\n|-weather|Sandstorm|[upkeep]\n|-damage|p2b: The Fish|30\/100|[from] Sandstorm\n|-damage|p2a: The Head|88\/100|[from] Sandstorm\n|-damage|p1b: Tyranitar|14\/100|[from] Sandstorm\n|upkeep\n|\n|t:|1683667466\n|switch|p1a: Houndstone|Houndstone, L50, M|100\/100 slp\n|turn|11\n|\n|t:|1683667476\n|cant|p1a: Houndstone|slp\n|move|p2b: The Fish|Dark Pulse|p1b: Tyranitar\n|-damage|p1b: Tyranitar|0 fnt\n|faint|p1b: Tyranitar\n|move|p2a: The Head|Shadow Ball|p1a: Houndstone\n|-supereffective|p1a: Houndstone\n|-damage|p1a: Houndstone|0 fnt\n|faint|p1a: Houndstone\n|\n|win|Oonga Boonga King\n|raw|VictoryRoadGrinder's rating: 1203 → 1180<\/strong> (-23 for losing)\n|raw|Oonga Boonga King's rating: 1236 → 1259<\/strong> (+23 for winning)\n|c|\u2606Oonga Boonga King|Loved the houndstone, ggs bud\n|l|\u2606VictoryRoadGrinder\n","uploadtime":1683667511,"views":16,"p1id":"victoryroadgrinder","p2id":"oongaboongaking","formatid":"gen9vgc2023regulationc","rating":1180,"private":0,"password":""}