{"id":"gen9vgc2023regulationc-1855916177","p1":"Ricomam","p2":"Alonso26ca","format":"[Gen 9] VGC 2023 Regulation C","log":"|j|\u2606Ricomam\n|j|\u2606Alonso26ca\n|t:|1683000150\n|gametype|doubles\n|player|p1|Ricomam|blackbelt-gen4dp|\n|player|p2|Alonso26ca|n|\n|teamsize|p1|6\n|teamsize|p2|6\n|gen|9\n|tier|[Gen 9] VGC 2023 Regulation C\n|rule|Species Clause: Limit one of each Pok\u00e9mon\n|rule|Item Clause: Limit one of each item\n|clearpoke\n|poke|p1|Garchomp, L50, F|\n|poke|p1|Rotom-Wash, L50|\n|poke|p1|Floatzel, L50, M|\n|poke|p1|Raichu, L50, F|\n|poke|p1|Staraptor, L50, F|\n|poke|p1|Annihilape, L50, M|\n|poke|p2|Dragonite, L50, F|\n|poke|p2|Great Tusk, L50|\n|poke|p2|Torkoal, L50, F|\n|poke|p2|Annihilape, L50, M|\n|poke|p2|Garchomp, L50, M|\n|poke|p2|Gengar, L50, F|\n|teampreview|4\n|inactive|Battle timer is ON: inactive players will automatically lose when time's up. (requested by Alonso26ca)\n|\n|t:|1683000178\n|start\n|switch|p1a: Raichu|Raichu, L50, F|100\/100\n|switch|p1b: Staraptor|Staraptor, L50, F|100\/100\n|switch|p2a: Torkoal|Torkoal, L50, F|100\/100\n|switch|p2b: Gengar|Gengar, L50, F|100\/100\n|-item|p1a: Raichu|Air Balloon\n|-ability|p1b: Staraptor|Intimidate|boost\n|-unboost|p2a: Torkoal|atk|1\n|-unboost|p2b: Gengar|atk|1\n|-weather|SunnyDay|[from] ability: Drought|[of] p2a: Torkoal\n|turn|1\n|\n|t:|1683000194\n|move|p1a: Raichu|Nuzzle|p2b: Gengar\n|-damage|p2b: Gengar|91\/100\n|-status|p2b: Gengar|par\n|move|p1b: Staraptor|Rain Dance|p1b: Staraptor\n|-weather|RainDance\n|move|p2b: Gengar|Icy Wind|p1a: Raichu|[spread] p1a,p1b\n|-supereffective|p1b: Staraptor\n|-damage|p1a: Raichu|82\/100\n|-damage|p1b: Staraptor|68\/100\n|-unboost|p1a: Raichu|spe|1\n|-unboost|p1b: Staraptor|spe|1\n|-enditem|p1a: Raichu|Air Balloon\n|move|p2a: Torkoal|Eruption|p1a: Raichu|[spread] p1a,p1b\n|-damage|p1a: Raichu|33\/100\n|-damage|p1b: Staraptor|27\/100\n|\n|-weather|RainDance|[upkeep]\n|-heal|p2b: Gengar|97\/100 par|[from] item: Black Sludge\n|upkeep\n|turn|2\n|\n|t:|1683000215\n|switch|p2a: Great Tusk|Great Tusk, L50|100\/100\n|move|p1a: Raichu|Thunder|p2b: Gengar\n|-damage|p2b: Gengar|40\/100 par\n|-start|p1a: Raichu|Disable|Thunder|[from] ability: Cursed Body|[of] p2b: Gengar\n|move|p1b: Staraptor|Tailwind|p1b: Staraptor\n|-sidestart|p1: Ricomam|move: Tailwind\n|move|p2b: Gengar|Icy Wind|p1b: Staraptor|[spread] p1a,p1b\n|-supereffective|p1b: Staraptor\n|-damage|p1a: Raichu|14\/100\n|-damage|p1b: Staraptor|0 fnt\n|-unboost|p1a: Raichu|spe|1\n|faint|p1b: Staraptor\n|\n|-weather|RainDance|[upkeep]\n|-heal|p2b: Gengar|47\/100 par|[from] item: Black Sludge\n|upkeep\n|\n|t:|1683000229\n|switch|p1b: Garchomp|Garchomp, L50, F|100\/100\n|turn|3\n|\n|t:|1683000243\n|move|p1a: Raichu|Helping Hand|p1b: Garchomp\n|-singleturn|p1b: Garchomp|Helping Hand|[of] p1a: Raichu\n|move|p1b: Garchomp|Earthquake|p2a: Great Tusk|[spread] p1a,p2a,p2b\n|-supereffective|p1a: Raichu\n|-supereffective|p2b: Gengar\n|-damage|p1a: Raichu|0 fnt\n|-damage|p2a: Great Tusk|57\/100\n|-damage|p2b: Gengar|0 fnt\n|-start|p1b: Garchomp|Disable|Earthquake|[from] ability: Cursed Body|[of] p2b: Gengar\n|faint|p1a: Raichu\n|faint|p2b: Gengar\n|move|p2a: Great Tusk|Close Combat|p1b: Garchomp\n|-damage|p1b: Garchomp|33\/100\n|-unboost|p2a: Great Tusk|def|1\n|-unboost|p2a: Great Tusk|spd|1\n|-damage|p2a: Great Tusk|44\/100|[from] ability: Rough Skin|[of] p1b: Garchomp\n|\n|-weather|RainDance|[upkeep]\n|upkeep\n|\n|t:|1683000253\n|switch|p1a: Annihilape|Annihilape, L50, M|100\/100\n|switch|p2b: Torkoal|Torkoal, L50, F|100\/100\n|-weather|SunnyDay|[from] ability: Drought|[of] p2b: Torkoal\n|-activate|p2a: Great Tusk|ability: Protosynthesis\n|-start|p2a: Great Tusk|protosynthesisatk\n|turn|4\n|\n|t:|1683000274\n|-terastallize|p1b: Garchomp|Rock\n|-terastallize|p2b: Torkoal|Fire\n|move|p1b: Garchomp|Rock Slide|p2a: Great Tusk|[spread] p2a,p2b\n|-resisted|p2a: Great Tusk\n|-supereffective|p2b: Torkoal\n|-damage|p2a: Great Tusk|36\/100\n|-damage|p2b: Torkoal|52\/100\n|move|p1a: Annihilape|Drain Punch|p2a: Great Tusk\n|-damage|p2a: Great Tusk|0 fnt\n|faint|p2a: Great Tusk\n|-end|p2a: Great Tusk|Protosynthesis|[silent]\n|cant|p2b: Torkoal|flinch\n|\n|-weather|SunnyDay|[upkeep]\n|upkeep\n|\n|t:|1683000285\n|switch|p2a: Garchomp|Garchomp, L50, M|100\/100\n|turn|5\n|\n|t:|1683000301\n|move|p1b: Garchomp|Rock Slide|p2a: Garchomp|[spread] p2a,p2b\n|-resisted|p2a: Garchomp\n|-supereffective|p2b: Torkoal\n|-damage|p2a: Garchomp|87\/100\n|-damage|p2b: Torkoal|2\/100\n|cant|p2a: Garchomp|flinch\n|move|p1a: Annihilape|Drain Punch|p2b: Torkoal\n|-damage|p2b: Torkoal|0 fnt\n|faint|p2b: Torkoal\n|\n|-weather|SunnyDay|[upkeep]\n|-sideend|p1: Ricomam|move: Tailwind\n|upkeep\n|turn|6\n|c|\u2606Ricomam|No mames que suerte tengo\n|c|\u2606Alonso26ca|como eres tan rapido\n|\n|t:|1683000323\n|move|p2a: Garchomp|Earthquake|p1b: Garchomp|[spread] p1a,p1b\n|-supereffective|p1b: Garchomp\n|-damage|p1a: Annihilape|62\/100\n|-damage|p1b: Garchomp|0 fnt\n|faint|p1b: Garchomp\n|move|p1a: Annihilape|Drain Punch|p2a: Garchomp\n|-damage|p2a: Garchomp|49\/100\n|-heal|p1a: Annihilape|78\/100|[from] drain|[of] p2a: Garchomp\n|-damage|p1a: Annihilape|65\/100|[from] ability: Rough Skin|[of] p2a: Garchomp\n|\n|-weather|SunnyDay|[upkeep]\n|-heal|p1a: Annihilape|71\/100|[from] item: Leftovers\n|upkeep\n|turn|7\n|c|\u2606Alonso26ca|que tiene tu grachomp?\n|\n|t:|1683000343\n|move|p1a: Annihilape|Protect|p1a: Annihilape\n|-singleturn|p1a: Annihilape|Protect\n|move|p2a: Garchomp|Earthquake|p1a: Annihilape\n|-activate|p1a: Annihilape|move: Protect\n|\n|-weather|SunnyDay|[upkeep]\n|-heal|p1a: Annihilape|77\/100|[from] item: Leftovers\n|upkeep\n|turn|8\n|c|\u2606Ricomam|La cinta que hace que los ataques s\u00faper efectivos hagan m\u00e1s\n|\n|t:|1683000364\n|move|p2a: Garchomp|Earthquake|p1a: Annihilape\n|-damage|p1a: Annihilape|18\/100\n|move|p1a: Annihilape|Drain Punch|p2a: Garchomp\n|-damage|p2a: Garchomp|8\/100\n|-heal|p1a: Annihilape|35\/100|[from] drain|[of] p2a: Garchomp\n|-damage|p1a: Annihilape|23\/100|[from] ability: Rough Skin|[of] p2a: Garchomp\n|\n|-weather|none\n|-heal|p1a: Annihilape|29\/100|[from] item: Leftovers\n|upkeep\n|turn|9\n|\n|t:|1683000372\n|move|p1a: Annihilape|Protect|p1a: Annihilape\n|-singleturn|p1a: Annihilape|Protect\n|move|p2a: Garchomp|Earthquake|p1a: Annihilape\n|-activate|p1a: Annihilape|move: Protect\n|\n|-heal|p1a: Annihilape|35\/100|[from] item: Leftovers\n|upkeep\n|turn|10\n|c|\u2606Alonso26ca|choice?\n|\n|t:|1683000377\n|move|p2a: Garchomp|Earthquake|p1a: Annihilape\n|-damage|p1a: Annihilape|0 fnt\n|faint|p1a: Annihilape\n|\n|win|Alonso26ca\n|l|\u2606Ricomam\n|c|\u2606Alonso26ca|gg\n","uploadtime":1683000387,"views":15,"p1id":"ricomam","p2id":"alonso26ca","formatid":"gen9vgc2023regulationc","rating":0,"private":0,"password":""}