{"id":"gen9vgc2023regulationc-1850000510","p1":"Icewing96","p2":"simplePak","format":"[Gen 9] VGC 2023 Regulation C","log":"|j|\u2606Icewing96\n|j|\u2606simplePak\n|t:|1682276661\n|gametype|doubles\n|player|p1|Icewing96|shadowtriad|1385\n|player|p2|simplePak|preschooler|1302\n|teamsize|p1|6\n|teamsize|p2|6\n|gen|9\n|tier|[Gen 9] VGC 2023 Regulation C\n|rated|\n|rule|Species Clause: Limit one of each Pok\u00e9mon\n|rule|Item Clause: Limit one of each item\n|clearpoke\n|poke|p1|Baxcalibur, L50, F|\n|poke|p1|Amoonguss, L50, F|\n|poke|p1|Arcanine, L50, F|\n|poke|p1|Palafin, L50, F|\n|poke|p1|Ting-Lu, L50|\n|poke|p1|Flutter Mane, L50|\n|poke|p2|Dondozo, L50, M|\n|poke|p2|Tatsugiri-Stretchy, L50, M|\n|poke|p2|Scream Tail, L50|\n|poke|p2|Flamigo, L50, M|\n|poke|p2|Arcanine, L50, F|\n|poke|p2|Flutter Mane, L50|\n|teampreview|4\n|inactive|Battle timer is ON: inactive players will automatically lose when time's up. (requested by simplePak)\n|inactive|Icewing96 also wants the timer to be on.\nIcewing96 has agreed to open team sheets.\nsimplePak has agreed to open team sheets.\n|inactive|simplePak has 60 seconds left.\n|\n|t:|1682276692\n|start\n|switch|p1a: Palafin|Palafin, L50, F, shiny|100\/100\n|switch|p1b: Amoonguss|Amoonguss, L50, F, shiny|100\/100\n|switch|p2a: Tatsugiri|Tatsugiri-Stretchy, L50, M|100\/100\n|switch|p2b: Scream Tail|Scream Tail, L50|100\/100\n|-enditem|p2b: Scream Tail|Booster Energy\n|-activate|p2b: Scream Tail|ability: Protosynthesis|[fromitem]\n|-start|p2b: Scream Tail|protosynthesisspe\n|turn|1\n|inactive|Icewing96 has 30 seconds left.\n|inactive|simplePak has 30 seconds left.\n|\n|t:|1682276726\n|detailschange|p1a: Palafin|Palafin-Hero, L50, F, shiny\n|switch|p1a: Ting-Lu|Ting-Lu, L50|100\/100\n|-ability|p1a: Ting-Lu|Vessel of Ruin\n|move|p2b: Scream Tail|Protect|p2b: Scream Tail\n|-singleturn|p2b: Scream Tail|Protect\n|move|p2a: Tatsugiri|Icy Wind|p1b: Amoonguss|[spread] p1a,p1b\n|-supereffective|p1a: Ting-Lu\n|-supereffective|p1b: Amoonguss\n|-damage|p1a: Ting-Lu|91\/100\n|-damage|p1b: Amoonguss|85\/100\n|-unboost|p1a: Ting-Lu|spe|1\n|-unboost|p1b: Amoonguss|spe|1\n|move|p1b: Amoonguss|Spore|p2b: Scream Tail\n|-activate|p2b: Scream Tail|move: Protect\n|\n|upkeep\n|turn|2\n|inactive|simplePak has 30 seconds left.\n|\n|t:|1682276757\n|move|p2b: Scream Tail|Perish Song|p2b: Scream Tail\n|-start|p1a: Ting-Lu|perish3|[silent]\n|-start|p1b: Amoonguss|perish3|[silent]\n|-start|p2a: Tatsugiri|perish3|[silent]\n|-start|p2b: Scream Tail|perish3|[silent]\n|-fieldactivate|move: Perish Song\n|move|p2a: Tatsugiri|Icy Wind|p1a: Ting-Lu|[spread] p1a,p1b\n|-supereffective|p1a: Ting-Lu\n|-supereffective|p1b: Amoonguss\n|-damage|p1a: Ting-Lu|82\/100\n|-damage|p1b: Amoonguss|70\/100\n|-unboost|p1a: Ting-Lu|spe|1\n|-unboost|p1b: Amoonguss|spe|1\n|move|p1a: Ting-Lu|Ruination|p2b: Scream Tail\n|-damage|p2b: Scream Tail|51\/100\n|move|p1b: Amoonguss|Spore|p2a: Tatsugiri\n|-status|p2a: Tatsugiri|slp|[from] move: Spore\n|\n|-start|p2b: Scream Tail|perish3\n|-start|p2a: Tatsugiri|perish3\n|-start|p1a: Ting-Lu|perish3\n|-start|p1b: Amoonguss|perish3\n|upkeep\n|turn|3\n|\n|t:|1682276775\n|-end|p2b: Scream Tail|Protosynthesis|[silent]\n|switch|p2b: Dondozo|Dondozo, L50, M|100\/100\n|-activate|p2a: Tatsugiri|ability: Commander|[of] p2b: Dondozo\n|-boost|p2b: Dondozo|atk|2\n|-boost|p2b: Dondozo|spa|2\n|-boost|p2b: Dondozo|spe|2\n|-boost|p2b: Dondozo|def|2\n|-boost|p2b: Dondozo|spd|2\n|switch|p1b: Flutter Mane|Flutter Mane, L50|100\/100\n|-enditem|p1b: Flutter Mane|Booster Energy\n|-activate|p1b: Flutter Mane|ability: Protosynthesis|[fromitem]\n|-start|p1b: Flutter Mane|protosynthesisspa\n|move|p1a: Ting-Lu|Heavy Slam|p2b: Dondozo\n|-resisted|p2b: Dondozo\n|-damage|p2b: Dondozo|96\/100\n|\n|-start|p2a: Tatsugiri|perish2\n|-start|p1a: Ting-Lu|perish2\n|upkeep\n|turn|4\n|inactive|Icewing96 has 30 seconds left.\n|\n|t:|1682276805\n|-terastallize|p1a: Ting-Lu|Grass\n|move|p1b: Flutter Mane|Protect|p1b: Flutter Mane\n|-singleturn|p1b: Flutter Mane|Protect\n|move|p2b: Dondozo|Wave Crash|p1b: Flutter Mane\n|-activate|p1b: Flutter Mane|move: Protect\n|move|p1a: Ting-Lu|Ruination|p2b: Dondozo\n|-damage|p2b: Dondozo|48\/100\n|\n|-start|p2a: Tatsugiri|perish1\n|-start|p1a: Ting-Lu|perish1\n|upkeep\n|turn|5\n|\n|t:|1682276821\n|switch|p1a: Palafin|Palafin-Hero, L50, F, shiny|100\/100\n|-activate|p1a: Palafin|ability: Zero to Hero\n|move|p1b: Flutter Mane|Moonblast|p2b: Dondozo\n|-damage|p2b: Dondozo|20\/100\n|move|p2b: Dondozo|Rest|p2b: Dondozo\n|-status|p2b: Dondozo|slp|[from] move: Rest\n|-heal|p2b: Dondozo|100\/100 slp|[silent]\n|-enditem|p2b: Dondozo|Chesto Berry|[eat]\n|-curestatus|p2b: Dondozo|slp|[msg]\n|\n|-start|p2a: Tatsugiri|perish0\n|upkeep\n|faint|p2a: Tatsugiri\n|\n|t:|1682276832\n|switch|p2a: Flamigo|Flamigo, L50, M|100\/100\n|-copyboost|p2a: Flamigo|p2b: Dondozo|[from] ability: Costar\n|turn|6\n|\n|t:|1682276846\n|move|p1b: Flutter Mane|Protect|p1b: Flutter Mane\n|-singleturn|p1b: Flutter Mane|Protect\n|move|p2a: Flamigo|Close Combat|p1a: Palafin\n|-damage|p1a: Palafin|0 fnt\n|-unboost|p2a: Flamigo|def|1\n|-unboost|p2a: Flamigo|spd|1\n|faint|p1a: Palafin\n|move|p2b: Dondozo|Wave Crash|p1b: Flutter Mane\n|-activate|p1b: Flutter Mane|move: Protect\n|\n|upkeep\n|\n|t:|1682276855\n|switch|p1a: Amoonguss|Amoonguss, L50, F, shiny|100\/100\n|turn|7\n|inactive|simplePak has 30 seconds left.\n|inactive|simplePak has 20 seconds left.\n|\n|t:|1682276894\n|-terastallize|p2a: Flamigo|Fire\n|move|p1a: Amoonguss|Rage Powder|p1a: Amoonguss\n|-singleturn|p1a: Amoonguss|move: Rage Powder\n|move|p2a: Flamigo|Brave Bird|p1a: Amoonguss\n|-supereffective|p1a: Amoonguss\n|-damage|p1a: Amoonguss|0 fnt\n|faint|p1a: Amoonguss\n|-damage|p2a: Flamigo|54\/100|[from] Recoil\n|move|p1b: Flutter Mane|Dazzling Gleam|p2a: Flamigo|[spread] p2a,p2b\n|-resisted|p2a: Flamigo\n|-damage|p2a: Flamigo|33\/100\n|-damage|p2b: Dondozo|81\/100\n|move|p2b: Dondozo|Wave Crash|p1b: Flutter Mane\n|-damage|p1b: Flutter Mane|0 fnt\n|faint|p1b: Flutter Mane\n|-end|p1b: Flutter Mane|Protosynthesis|[silent]\n|-damage|p2b: Dondozo|60\/100|[from] Recoil\n|\n|upkeep\n|-message|Icewing96 forfeited.\n|\n|win|simplePak\n|raw|Icewing96's rating: 1385 → 1360<\/strong> (-25 for losing)\n|raw|simplePak's rating: 1302 → 1327<\/strong> (+25 for winning)\n|l|\u2606Icewing96\n","uploadtime":1682276912,"views":7,"p1id":"icewing96","p2id":"simplepak","formatid":"gen9vgc2023regulationc","rating":1327,"private":0,"password":""}