{"id":"gen9vgc2023regulationc-1849286944","p1":"hancec","p2":"Xexrxtxtxt","format":"[Gen 9] VGC 2023 Regulation C","log":"|j|\u2606hancec\n|j|\u2606Xexrxtxtxt\n|t:|1682181868\n|gametype|doubles\n|player|p1|hancec|gentleman-gen4dp|1545\n|player|p2|Xexrxtxtxt|1|1610\n|teamsize|p1|6\n|teamsize|p2|6\n|gen|9\n|tier|[Gen 9] VGC 2023 Regulation C\n|rated|\n|rule|Species Clause: Limit one of each Pok\u00e9mon\n|rule|Item Clause: Limit one of each item\n|clearpoke\n|poke|p1|Ting-Lu, L50|\n|poke|p1|Amoonguss, L50, F|\n|poke|p1|Garganacl, L50, M|\n|poke|p1|Arcanine, L50, F|\n|poke|p1|Roaring Moon, L50|\n|poke|p1|Iron Bundle, L50|\n|poke|p2|Pelipper, L50, F|\n|poke|p2|Palafin, L50, M|\n|poke|p2|Amoonguss, L50, F|\n|poke|p2|Flutter Mane, L50|\n|poke|p2|Chien-Pao, L50|\n|poke|p2|Arcanine, L50, M|\n|teampreview|4\nhancec has agreed to open team sheets.\n|\n|t:|1682181913\n|start\n|switch|p1a: Garganacl|Garganacl, L50, M|100\/100\n|switch|p1b: Ting-Lu|Ting-Lu, L50|100\/100\n|switch|p2a: Flutter Mane|Flutter Mane, L50|100\/100\n|switch|p2b: Palafin|Palafin, L50, M|100\/100\n|-ability|p1b: Ting-Lu|Vessel of Ruin\n|turn|1\n|\n|t:|1682181933\n|detailschange|p2b: Palafin|Palafin-Hero, L50, M\n|switch|p2b: Arcanine|Arcanine, L50, M|100\/100\n|-ability|p2b: Arcanine|Intimidate|boost\n|-unboost|p1a: Garganacl|atk|1\n|-unboost|p1b: Ting-Lu|atk|1\n|move|p2a: Flutter Mane|Dazzling Gleam|p1b: Ting-Lu|[spread] p1a,p1b\n|-supereffective|p1b: Ting-Lu\n|-damage|p1a: Garganacl|74\/100\n|-damage|p1b: Ting-Lu|63\/100\n|move|p1b: Ting-Lu|Heavy Slam|p2a: Flutter Mane\n|-supereffective|p2a: Flutter Mane\n|-damage|p2a: Flutter Mane|0 fnt\n|faint|p2a: Flutter Mane\n|-end|p2a: Flutter Mane|Protosynthesis|[silent]\n|move|p1a: Garganacl|Salt Cure|p2b: Arcanine\n|-supereffective|p2b: Arcanine\n|-damage|p2b: Arcanine|78\/100\n|-start|p2b: Arcanine|Salt Cure\n|\n|-heal|p1a: Garganacl|80\/100|[from] item: Leftovers\n|-damage|p2b: Arcanine|66\/100|[from] Salt Cure\n|upkeep\n|\n|t:|1682181944\n|switch|p2a: Pelipper|Pelipper, L50, F|100\/100\n|-weather|RainDance|[from] ability: Drizzle|[of] p2a: Pelipper\n|turn|2\n|\n|t:|1682181977\n|switch|p1b: Iron Bundle|Iron Bundle, L50|100\/100\n|-terastallize|p1a: Garganacl|Flying\n|move|p2a: Pelipper|Hydro Pump|p1a: Garganacl|[miss]\n|-miss|p2a: Pelipper|p1a: Garganacl\n|move|p2b: Arcanine|Will-O-Wisp|p1b: Iron Bundle\n|-status|p1b: Iron Bundle|brn\n|move|p1a: Garganacl|Recover|p1a: Garganacl\n|-heal|p1a: Garganacl|100\/100\n|\n|-weather|RainDance|[upkeep]\n|-damage|p1b: Iron Bundle|94\/100 brn|[from] brn\n|-damage|p2b: Arcanine|54\/100|[from] Salt Cure\n|upkeep\n|turn|3\n|\n|t:|1682182003\n|move|p2a: Pelipper|Helping Hand|p2b: Arcanine\n|-singleturn|p2b: Arcanine|Helping Hand|[of] p2a: Pelipper\n|move|p1b: Iron Bundle|Encore|p2b: Arcanine\n|-start|p2b: Arcanine|Encore\n|move|p2b: Arcanine|Will-O-Wisp|p1a: Garganacl\n|-immune|p1a: Garganacl|[from] ability: Purifying Salt\n|move|p1a: Garganacl|Stealth Rock|p2a: Pelipper\n|-sidestart|p2: Xexrxtxtxt|move: Stealth Rock\n|\n|-weather|RainDance|[upkeep]\n|-damage|p1b: Iron Bundle|88\/100 brn|[from] brn\n|-damage|p2b: Arcanine|42\/100|[from] Salt Cure\n|upkeep\n|turn|4\n|j| Rabbihorn\n|j| coolerdynastic\n|inactive|Battle timer is ON: inactive players will automatically lose when time's up. (requested by hancec)\n|inactive|Xexrxtxtxt has 60 seconds left.\n|inactive|Xexrxtxtxt has 30 seconds left.\n|inactive|Xexrxtxtxt has 20 seconds left.\n|inactive|Xexrxtxtxt has 15 seconds left.\n|inactive|Xexrxtxtxt has 10 seconds left.\n|inactive|Xexrxtxtxt has 5 seconds left.\n|\n|t:|1682182154\n|move|p1b: Iron Bundle|Freeze-Dry|p2a: Pelipper\n|-supereffective|p2a: Pelipper\n|-damage|p2a: Pelipper|0 fnt\n|faint|p2a: Pelipper\n|move|p2b: Arcanine|Will-O-Wisp|p1a: Garganacl\n|-immune|p1a: Garganacl|[from] ability: Purifying Salt\n|move|p1a: Garganacl|Salt Cure|p2b: Arcanine\n|-supereffective|p2b: Arcanine\n|-damage|p2b: Arcanine|17\/100\n|\n|-weather|RainDance|[upkeep]\n|-damage|p1b: Iron Bundle|82\/100 brn|[from] brn\n|-damage|p2b: Arcanine|5\/100|[from] Salt Cure\n|upkeep\n|inactive|Xexrxtxtxt has 30 seconds left.\n|inactive|Xexrxtxtxt has 20 seconds left.\n|inactive|Xexrxtxtxt has 15 seconds left.\n|inactive|Xexrxtxtxt has 10 seconds left.\n|inactive|Xexrxtxtxt has 5 seconds left.\n|\n|t:|1682182209\n|switch|p2a: Palafin|Palafin-Hero, L50, M|100\/100\n|-damage|p2a: Palafin|88\/100|[from] Stealth Rock\n|-activate|p2a: Palafin|ability: Zero to Hero\n|turn|5\n|inactive|Xexrxtxtxt has 30 seconds left.\n|inactive|Xexrxtxtxt has 20 seconds left.\n|inactive|Xexrxtxtxt has 15 seconds left.\n|inactive|Xexrxtxtxt has 10 seconds left.\n|inactive|Xexrxtxtxt has 5 seconds left.\n|\n|t:|1682182264\n|move|p1b: Iron Bundle|Freeze-Dry|p2a: Palafin\n|-supereffective|p2a: Palafin\n|-damage|p2a: Palafin|15\/100\n|-status|p2a: Palafin|frz\n|-curestatus|p2a: Palafin|frz|[msg]\n|move|p2a: Palafin|Wave Crash|p1a: Garganacl\n|-damage|p1a: Garganacl|0 fnt\n|faint|p1a: Garganacl\n|-damage|p2a: Palafin|0 fnt|[from] Recoil\n|faint|p2a: Palafin\n|move|p2b: Arcanine|Will-O-Wisp|p1b: Iron Bundle\n|-fail|p1b: Iron Bundle|brn\n|\n|-weather|RainDance|[upkeep]\n|-damage|p1b: Iron Bundle|76\/100 brn|[from] brn\n|-damage|p2b: Arcanine|0 fnt|[from] Salt Cure\n|faint|p2b: Arcanine\n|\n|win|hancec\n|upkeep\n|raw|hancec's rating: 1545 → 1569<\/strong> (+24 for winning)\n|raw|Xexrxtxtxt's rating: 1610 → 1586<\/strong> (-24 for losing)\n","uploadtime":1682182280,"views":9,"p1id":"hancec","p2id":"xexrxtxtxt","formatid":"gen9vgc2023regulationc","rating":1569,"private":0,"password":""}