{"id":"gen9vgc2023regulationc-1845305645","p1":"jackiepeanuts","p2":"Raptorsfan88","format":"[Gen 9] VGC 2023 Regulation C","log":"|j|\u2606jackiepeanuts\n|j|\u2606Raptorsfan88\n|t:|1681711524\n|gametype|doubles\n|player|p1|jackiepeanuts|169|1180\n|player|p2|Raptorsfan88|101|1279\n|teamsize|p1|6\n|teamsize|p2|6\n|gen|9\n|tier|[Gen 9] VGC 2023 Regulation C\n|rated|\n|rule|Species Clause: Limit one of each Pok\u00e9mon\n|rule|Item Clause: Limit one of each item\n|clearpoke\n|poke|p1|Lokix, L50, F|\n|poke|p1|Arcanine, L50, M|\n|poke|p1|Ting-Lu, L50|\n|poke|p1|Palafin, L50, F|\n|poke|p1|Flutter Mane, L50|\n|poke|p1|Chien-Pao, L50|\n|poke|p2|Palafin, L50, M|\n|poke|p2|Flutter Mane, L50|\n|poke|p2|Arcanine, L50, M|\n|poke|p2|Ting-Lu, L50|\n|poke|p2|Amoonguss, L50, F|\n|poke|p2|Kingambit, L50, F|\n|teampreview|4\nRaptorsfan88 has agreed to open team sheets.\njackiepeanuts has agreed to open team sheets.\n|\n|t:|1681711586\n|start\n|switch|p1a: Chien-Pao|Chien-Pao, L50|100\/100\n|switch|p1b: Palafin|Palafin, L50, F|100\/100\n|switch|p2a: Palafin|Palafin, L50, M|100\/100\n|switch|p2b: Arcanine|Arcanine, L50, M|100\/100\n|-ability|p1a: Chien-Pao|Sword of Ruin\n|-ability|p2b: Arcanine|Intimidate|boost\n|-unboost|p1a: Chien-Pao|atk|1\n|-unboost|p1b: Palafin|atk|1\n|-enditem|p1b: Palafin|Eject Pack\n|inactive|Battle timer is ON: inactive players will automatically lose when time's up. (requested by Raptorsfan88)\n|\n|t:|1681711591\n|detailschange|p1b: Palafin|Palafin-Hero, L50, F\n|switch|p1b: Lokix|Lokix, L50, F, shiny|100\/100\n|turn|1\n|\n|t:|1681711615\n|detailschange|p2a: Palafin|Palafin-Hero, L50, M\n|switch|p2a: Ting-Lu|Ting-Lu, L50|100\/100\n|-ability|p2a: Ting-Lu|Vessel of Ruin\n|-terastallize|p1b: Lokix|Bug\n|move|p1b: Lokix|First Impression|p2b: Arcanine\n|-resisted|p2b: Arcanine\n|-damage|p2b: Arcanine|7\/100\n|-damage|p1b: Lokix|91\/100|[from] item: Life Orb\n|move|p1a: Chien-Pao|Ice Spinner|p2b: Arcanine\n|-resisted|p2b: Arcanine\n|-damage|p2b: Arcanine|0 fnt\n|faint|p2b: Arcanine\n|\n|upkeep\n|c|\u2606Raptorsfan88|wtf\n|inactive|Raptorsfan88 has 30 seconds left.\n|\n|t:|1681711648\n|switch|p2b: Palafin|Palafin-Hero, L50, M|100\/100\n|-activate|p2b: Palafin|ability: Zero to Hero\n|turn|2\n|\n|t:|1681711672\n|switch|p1a: Palafin|Palafin-Hero, L50, F|100\/100\n|-activate|p1a: Palafin|ability: Zero to Hero\n|switch|p1b: Ting-Lu|Ting-Lu, L50|100\/100\n|-ability|p1b: Ting-Lu|Vessel of Ruin\n|switch|p2a: Kingambit|Kingambit, L50, F|100\/100\n|-terastallize|p2b: Palafin|Water\n|move|p2b: Palafin|Wave Crash|p1a: Palafin\n|-resisted|p1a: Palafin\n|-damage|p1a: Palafin|42\/100\n|-damage|p2b: Palafin|81\/100|[from] Recoil\n|\n|upkeep\n|turn|3\n|inactive|Raptorsfan88 has 30 seconds left.\n|inactive|jackiepeanuts has 30 seconds left.\n|\n|t:|1681711707\n|move|p1a: Palafin|Close Combat|p2a: Kingambit\n|-supereffective|p2a: Kingambit\n|-damage|p2a: Kingambit|0 fnt\n|-unboost|p1a: Palafin|def|1\n|-unboost|p1a: Palafin|spd|1\n|faint|p2a: Kingambit\n|move|p2b: Palafin|Wave Crash|p1b: Ting-Lu\n|-supereffective|p1b: Ting-Lu\n|-damage|p1b: Ting-Lu|0 fnt\n|faint|p1b: Ting-Lu\n|-damage|p2b: Palafin|40\/100|[from] Recoil\n|\n|upkeep\n|\n|t:|1681711730\n|switch|p2a: Ting-Lu|Ting-Lu, L50|100\/100\n|switch|p1b: Lokix|Lokix, L50, F, shiny, tera:Bug|91\/100\n|-ability|p2a: Ting-Lu|Vessel of Ruin\n|turn|4\n|\n|t:|1681711755\n|switch|p1a: Chien-Pao|Chien-Pao, L50|100\/100\n|-ability|p1a: Chien-Pao|Sword of Ruin\n|move|p1b: Lokix|First Impression|p2a: Ting-Lu\n|-supereffective|p2a: Ting-Lu\n|-damage|p2a: Ting-Lu|0 fnt\n|faint|p2a: Ting-Lu\n|-damage|p1b: Lokix|81\/100|[from] item: Life Orb\n|move|p2b: Palafin|Jet Punch|p1a: Chien-Pao\n|-damage|p1a: Chien-Pao|11\/100\n|\n|upkeep\n|turn|5\n|\n|t:|1681711775\n|switch|p1b: Palafin|Palafin-Hero, L50, F|42\/100\n|move|p1a: Chien-Pao|Sucker Punch|p2b: Palafin\n|-damage|p2b: Palafin|0 fnt\n|faint|p2b: Palafin\n|\n|win|jackiepeanuts\n|raw|jackiepeanuts's rating: 1180 → 1212<\/strong> (+32 for winning)\n|raw|Raptorsfan88's rating: 1279 → 1247<\/strong> (-32 for losing)\n","uploadtime":1681711782,"views":11,"p1id":"jackiepeanuts","p2id":"raptorsfan88","formatid":"gen9vgc2023regulationc","rating":1212,"private":0,"password":""}