{"id":"gen9vgc2023regulationc-1855653215","p1":"Malikeroni","p2":"Felipe.Miller.V","format":"[Gen 9] VGC 2023 Regulation C","log":"|j|\u2606Malikeroni\n|j|\u2606Felipe.Miller.V\n|t:|1682970097\n|gametype|doubles\n|player|p1|Malikeroni|169|1270\n|player|p2|Felipe.Miller.V|170|1194\n|teamsize|p1|6\n|teamsize|p2|6\n|gen|9\n|tier|[Gen 9] VGC 2023 Regulation C\n|rated|\n|rule|Species Clause: Limit one of each Pok\u00e9mon\n|rule|Item Clause: Limit one of each item\n|clearpoke\n|poke|p1|Flutter Mane, L50|\n|poke|p1|Torkoal, L50, M|\n|poke|p1|Great Tusk, L50|\n|poke|p1|Arcanine, L50, M|\n|poke|p1|Brute Bonnet, L50|\n|poke|p1|Leafeon, L50, M|\n|poke|p2|Bruxish, L50, F|\n|poke|p2|Copperajah, L50, M|\n|poke|p2|Sylveon, L50, M|\n|poke|p2|Appletun, L50, M|\n|poke|p2|Heracross, L50, F|\n|poke|p2|Oranguru, L50, F|\n|teampreview|4\n|inactive|Battle timer is ON: inactive players will automatically lose when time's up. (requested by Malikeroni)\n|\n|t:|1682970169\n|start\n|switch|p1a: Torkoal|Torkoal, L50, M|100\/100\n|switch|p1b: Flutter Mane|Flutter Mane, L50|100\/100\n|switch|p2a: Bruxish|Bruxish, L50, F|100\/100\n|switch|p2b: Appletun|Appletun, L50, M, shiny|100\/100\n|-weather|SunnyDay|[from] ability: Drought|[of] p1a: Torkoal\n|-activate|p1b: Flutter Mane|ability: Protosynthesis\n|-start|p1b: Flutter Mane|protosynthesisspe\n|turn|1\n|\n|t:|1682970191\n|-terastallize|p2b: Appletun|Poison\n|move|p1a: Torkoal|Protect|p1a: Torkoal\n|-singleturn|p1a: Torkoal|Protect\n|move|p1b: Flutter Mane|Shadow Ball|p2a: Bruxish\n|-supereffective|p2a: Bruxish\n|-enditem|p2a: Bruxish|Focus Sash\n|-damage|p2a: Bruxish|1\/100\n|move|p2b: Appletun|Apple Acid|p1b: Flutter Mane\n|-damage|p1b: Flutter Mane|60\/100\n|-unboost|p1b: Flutter Mane|spd|1\n|move|p2a: Bruxish|Trick Room|p2a: Bruxish\n|-fieldstart|move: Trick Room|[of] p2a: Bruxish\n|\n|-weather|SunnyDay|[upkeep]\n|upkeep\n|turn|2\n|inactive|Malikeroni has 30 seconds left.\n|\n|t:|1682970219\n|-end|p1b: Flutter Mane|Protosynthesis|[silent]\n|switch|p1b: Arcanine|Arcanine, L50, M|100\/100\n|-ability|p1b: Arcanine|Intimidate|boost\n|-unboost|p2a: Bruxish|atk|1\n|-unboost|p2b: Appletun|atk|1\n|move|p2b: Appletun|Apple Acid|p1b: Arcanine\n|-resisted|p1b: Arcanine\n|-damage|p1b: Arcanine|80\/100\n|-unboost|p1b: Arcanine|spd|1\n|move|p1a: Torkoal|Earth Power|p2b: Appletun\n|-supereffective|p2b: Appletun\n|-damage|p2b: Appletun|67\/100\n|-unboost|p2b: Appletun|spd|1\n|move|p2a: Bruxish|Wave Crash|p1a: Torkoal\n|-supereffective|p1a: Torkoal\n|-damage|p1a: Torkoal|69\/100\n|-damage|p2a: Bruxish|0 fnt|[from] Recoil\n|faint|p2a: Bruxish\n|\n|-weather|SunnyDay|[upkeep]\n|upkeep\n|\n|t:|1682970236\n|switch|p2a: Copperajah|Copperajah, L50, M|100\/100\n|turn|3\n|\n|t:|1682970255\n|-terastallize|p1a: Torkoal|Fire\n|move|p2b: Appletun|Dragon Pulse|p1b: Arcanine\n|-damage|p1b: Arcanine|12\/100\n|-enditem|p1b: Arcanine|Aguav Berry|[eat]\n|-heal|p1b: Arcanine|45\/100|[from] item: Aguav Berry\n|move|p2a: Copperajah|Rock Slide|p1b: Arcanine|[spread] p1a,p1b\n|-supereffective|p1a: Torkoal\n|-supereffective|p1b: Arcanine\n|-damage|p1a: Torkoal|2\/100\n|-damage|p1b: Arcanine|0 fnt\n|faint|p1b: Arcanine\n|move|p1a: Torkoal|Eruption|p2a: Copperajah|[spread] p2a,p2b\n|-supereffective|p2a: Copperajah\n|-damage|p2a: Copperajah|97\/100\n|-damage|p2b: Appletun|67\/100\n|\n|-weather|SunnyDay|[upkeep]\n|upkeep\n|\n|t:|1682970273\n|switch|p1b: Leafeon|Leafeon, L50, M|100\/100\n|turn|4\n|\n|t:|1682970288\n|move|p1a: Torkoal|Protect|p1a: Torkoal\n|-singleturn|p1a: Torkoal|Protect\n|move|p2b: Appletun|Sucker Punch||[still]\n|-fail|p2b: Appletun\n|move|p2a: Copperajah|Iron Head|p1b: Leafeon\n|-damage|p1b: Leafeon|39\/100\n|move|p1b: Leafeon|Curse|p1b: Leafeon\n|-unboost|p1b: Leafeon|spe|1\n|-boost|p1b: Leafeon|atk|1\n|-boost|p1b: Leafeon|def|1\n|\n|-weather|SunnyDay|[upkeep]\n|-heal|p1b: Leafeon|45\/100|[from] item: Leftovers\n|upkeep\n|turn|5\n|\n|t:|1682970310\n|move|p2b: Appletun|Dragon Pulse|p1b: Leafeon\n|-damage|p1b: Leafeon|0 fnt\n|faint|p1b: Leafeon\n|move|p2a: Copperajah|Rock Slide|p1a: Torkoal\n|-supereffective|p1a: Torkoal\n|-damage|p1a: Torkoal|0 fnt\n|faint|p1a: Torkoal\n|\n|-weather|none\n|-fieldend|move: Trick Room\n|upkeep\n|\n|t:|1682970316\n|switch|p1b: Flutter Mane|Flutter Mane, L50|60\/100\n|turn|6\n|\n|t:|1682970326\n|move|p2b: Appletun|Sucker Punch|p1b: Flutter Mane\n|-damage|p1b: Flutter Mane|40\/100\n|move|p1b: Flutter Mane|Dazzling Gleam|p2a: Copperajah|[spread] p2a,p2b\n|-resisted|p2a: Copperajah\n|-resisted|p2b: Appletun\n|-damage|p2a: Copperajah|73\/100\n|-damage|p2b: Appletun|42\/100\n|move|p2a: Copperajah|Iron Head|p1b: Flutter Mane\n|-supereffective|p1b: Flutter Mane\n|-damage|p1b: Flutter Mane|0 fnt\n|faint|p1b: Flutter Mane\n|-end|p1b: Flutter Mane|Protosynthesis|[silent]\n|\n|win|Felipe.Miller.V\n|raw|Malikeroni's rating: 1270 → 1240<\/strong> (-30 for losing)\n|raw|Felipe.Miller.V's rating: 1194 → 1224<\/strong> (+30 for winning)\n|l|\u2606Malikeroni\n","uploadtime":1682970338,"views":13,"p1id":"malikeroni","p2id":"felipemillerv","formatid":"gen9vgc2023regulationc","rating":1224,"private":0,"password":""}