{"id":"gen9vgc2023regulationc-1855429974","p1":"xlesvly","p2":"haha you rage quit","format":"[Gen 9] VGC 2023 Regulation C","log":"|j|\u2606xlesvly\n|j|\u2606haha you rage quit\n|t:|1682950655\n|gametype|doubles\n|player|p1|xlesvly|iris|1269\n|player|p2|haha you rage quit|pokemaniac|1346\n|teamsize|p1|6\n|teamsize|p2|6\n|gen|9\n|tier|[Gen 9] VGC 2023 Regulation C\n|rated|\n|rule|Species Clause: Limit one of each Pok\u00e9mon\n|rule|Item Clause: Limit one of each item\n|clearpoke\n|poke|p1|Tyranitar, L50, F|\n|poke|p1|Lycanroc, L50, F|\n|poke|p1|Gastrodon, L50, F|\n|poke|p1|Gholdengo, L50|\n|poke|p1|Corviknight, L50, F|\n|poke|p1|Talonflame, L50, M|\n|poke|p2|Torkoal, L50, M|\n|poke|p2|Kingambit, L50, M|\n|poke|p2|Indeedee-F, L50, F|\n|poke|p2|Hatterene, L50, F|\n|poke|p2|Armarouge, L50, M|\n|poke|p2|Annihilape, L50, M|\n|teampreview|4\n|\n|t:|1682950698\n|start\n|switch|p1a: Gholdengo|Gholdengo, L50|100\/100\n|switch|p1b: Lycanroc|Lycanroc, L50, F|100\/100\n|switch|p2a: Indeedee|Indeedee-F, L50, F, shiny|100\/100\n|switch|p2b: Armarouge|Armarouge, L50, M|100\/100\n|-fieldstart|move: Psychic Terrain|[from] ability: Psychic Surge|[of] p2a: Indeedee\n|-enditem|p2a: Indeedee|Psychic Seed\n|-boost|p2a: Indeedee|spd|1|[from] item: Psychic Seed\n|turn|1\n|\n|t:|1682950725\n|-terastallize|p1a: Gholdengo|Water\n|move|p2b: Armarouge|Wide Guard|p2b: Armarouge\n|-singleturn|p2b: Armarouge|Wide Guard\n|move|p1b: Lycanroc|Rock Slide|p2b: Armarouge|[spread] \n|-activate|p2a: Indeedee|move: Wide Guard\n|-activate|p2b: Armarouge|move: Wide Guard\n|move|p1a: Gholdengo|Shadow Ball|p2b: Armarouge\n|-supereffective|p2b: Armarouge\n|-damage|p2b: Armarouge|0 fnt\n|faint|p2b: Armarouge\n|move|p2a: Indeedee|Trick Room|p2a: Indeedee\n|-fieldstart|move: Trick Room|[of] p2a: Indeedee\n|\n|upkeep\n|\n|t:|1682950747\n|switch|p2b: Kingambit|Kingambit, L50, M, shiny|100\/100\n|turn|2\n|\n|t:|1682950759\n|move|p2a: Indeedee|Follow Me|p2a: Indeedee\n|-singleturn|p2a: Indeedee|move: Follow Me\n|move|p2b: Kingambit|Swords Dance|p2b: Kingambit\n|-boost|p2b: Kingambit|atk|2\n|move|p1a: Gholdengo|Shadow Ball|p2a: Indeedee\n|-immune|p2a: Indeedee\n|move|p1b: Lycanroc|Close Combat|p2a: Indeedee\n|-damage|p2a: Indeedee|55\/100\n|-unboost|p1b: Lycanroc|def|1\n|-unboost|p1b: Lycanroc|spd|1\n|\n|upkeep\n|turn|3\n|\n|t:|1682950791\n|switch|p1a: Tyranitar|Tyranitar, L50, F|100\/100\n|-weather|Sandstorm|[from] ability: Sand Stream|[of] p1a: Tyranitar\n|move|p2a: Indeedee|Follow Me|p2a: Indeedee\n|-singleturn|p2a: Indeedee|move: Follow Me\n|move|p2b: Kingambit|Swords Dance|p2b: Kingambit\n|-boost|p2b: Kingambit|atk|2\n|move|p1b: Lycanroc|Close Combat|p2a: Indeedee\n|-damage|p2a: Indeedee|9\/100\n|-unboost|p1b: Lycanroc|def|1\n|-unboost|p1b: Lycanroc|spd|1\n|\n|-weather|Sandstorm|[upkeep]\n|-damage|p2a: Indeedee|3\/100|[from] Sandstorm\n|upkeep\n|turn|4\n|\n|t:|1682950833\n|-terastallize|p2b: Kingambit|Flying\n|move|p2b: Kingambit|Low Kick|p1a: Tyranitar\n|-supereffective|p1a: Tyranitar\n|-damage|p1a: Tyranitar|0 fnt\n|faint|p1a: Tyranitar\n|move|p2a: Indeedee|Dazzling Gleam|p1b: Lycanroc\n|-damage|p1b: Lycanroc|57\/100\n|move|p1b: Lycanroc|Rock Slide|p2a: Indeedee|[spread] p2a,p2b\n|-supereffective|p2b: Kingambit\n|-damage|p2a: Indeedee|0 fnt\n|-damage|p2b: Kingambit|61\/100\n|faint|p2a: Indeedee\n|\n|-weather|Sandstorm|[upkeep]\n|-damage|p2b: Kingambit|56\/100|[from] Sandstorm\n|upkeep\n|\n|t:|1682950849\n|switch|p2a: Torkoal|Torkoal, L50, M|100\/100\n|switch|p1a: Gholdengo|Gholdengo, L50, tera:Water|100\/100\n|-weather|SunnyDay|[from] ability: Drought|[of] p2a: Torkoal\n|turn|5\n|\n|t:|1682950866\n|move|p2a: Torkoal|Solar Beam||[still]\n|-prepare|p2a: Torkoal|Solar Beam\n|-anim|p2a: Torkoal|Solar Beam|p1a: Gholdengo\n|-supereffective|p1a: Gholdengo\n|-damage|p1a: Gholdengo|24\/100\n|move|p2b: Kingambit|Kowtow Cleave|p1a: Gholdengo\n|-damage|p1a: Gholdengo|0 fnt\n|faint|p1a: Gholdengo\n|move|p1b: Lycanroc|Rock Slide|p2b: Kingambit|[spread] p2a,p2b\n|-supereffective|p2a: Torkoal\n|-supereffective|p2b: Kingambit\n|-damage|p2a: Torkoal|62\/100\n|-damage|p2b: Kingambit|16\/100\n|\n|-weather|SunnyDay|[upkeep]\n|-fieldend|move: Trick Room\n|-fieldend|move: Psychic Terrain\n|upkeep\n|\n|t:|1682950879\n|switch|p1a: Gastrodon|Gastrodon, L50, F|100\/100\n|turn|6\n|\n|t:|1682950893\n|move|p2b: Kingambit|Sucker Punch|p1b: Lycanroc\n|-damage|p1b: Lycanroc|0 fnt\n|faint|p1b: Lycanroc\n|move|p1a: Gastrodon|Muddy Water|p2b: Kingambit|[spread] p2b\n|-miss|p1a: Gastrodon|p2a: Torkoal\n|-damage|p2b: Kingambit|4\/100\n|-unboost|p2b: Kingambit|accuracy|1\n|-ability|p2b: Kingambit|Defiant|boost\n|-boost|p2b: Kingambit|atk|2\n|move|p2a: Torkoal|Solar Beam||[still]\n|-prepare|p2a: Torkoal|Solar Beam\n|-anim|p2a: Torkoal|Solar Beam|p1a: Gastrodon\n|-supereffective|p1a: Gastrodon\n|-damage|p1a: Gastrodon|0 fnt\n|faint|p1a: Gastrodon\n|\n|win|haha you rage quit\n|raw|xlesvly's rating: 1269 → 1249<\/strong> (-20 for losing)\n|raw|haha you rage quit's rating: 1346 → 1362<\/strong> (+16 for winning)\n|l|\u2606xlesvly\n","uploadtime":1682950911,"views":20,"p1id":"xlesvly","p2id":"hahayouragequit","formatid":"gen9vgc2023regulationc","rating":1249,"private":0,"password":""}