{"id":"gen9vgc2023regulationc-1848206561","p1":"SuperToad916","p2":"jamez10","format":"[Gen 9] VGC 2023 Regulation C","log":"|j|\u2606SuperToad916\n|j|\u2606jamez10\n|t:|1682042420\n|gametype|doubles\n|player|p1|SuperToad916|2|\n|player|p2|jamez10|170|\n|teamsize|p1|6\n|teamsize|p2|6\n|gen|9\n|tier|[Gen 9] VGC 2023 Regulation C\n|rule|Species Clause: Limit one of each Pok\u00e9mon\n|rule|Item Clause: Limit one of each item\n|clearpoke\n|poke|p1|Torkoal, L50, M|\n|poke|p1|Ditto, L50|\n|poke|p1|Scovillain, L50, M|\n|poke|p1|Dragonite, L50, F|\n|poke|p1|Sylveon, L50, M|\n|poke|p1|Kingambit, L50, M|\n|poke|p2|Iron Bundle, L50|\n|poke|p2|Brute Bonnet, L50|\n|poke|p2|Bronzong, L50|\n|poke|p2|Tauros-Paldea-Blaze, L50, M|\n|poke|p2|Iron Jugulis, L50|\n|poke|p2|Raichu, L50, F|\n|teampreview|4\nSuperToad916 rejected open team sheets.\n|\n|t:|1682042473\n|start\n|switch|p1a: Shuckel|Torkoal, L50, M, shiny|100\/100\n|switch|p1b: Girlboss|Scovillain, L50, M, shiny|100\/100\n|switch|p2a: Bronzong|Bronzong, L50|100\/100\n|switch|p2b: Iron Bundle|Iron Bundle, L50|100\/100\n|-weather|SunnyDay|[from] ability: Drought|[of] p1a: Shuckel\n|turn|1\n|\n|t:|1682042508\n|-terastallize|p2b: Iron Bundle|Rock\n|move|p1b: Girlboss|Solar Beam||[still]\n|-prepare|p1b: Girlboss|Solar Beam\n|-anim|p1b: Girlboss|Solar Beam|p2b: Iron Bundle\n|-supereffective|p2b: Iron Bundle\n|-crit|p2b: Iron Bundle\n|-damage|p2b: Iron Bundle|0 fnt\n|faint|p2b: Iron Bundle\n|-end|p2b: Iron Bundle|Quark Drive|[silent]\n|move|p1a: Shuckel|Overheat|p2a: Bronzong\n|-supereffective|p2a: Bronzong\n|-damage|p2a: Bronzong|30\/100\n|-unboost|p1a: Shuckel|spa|2\n|move|p2a: Bronzong|Trick Room|p2a: Bronzong\n|-fieldstart|move: Trick Room|[of] p2a: Bronzong\n|\n|-weather|SunnyDay|[upkeep]\n|upkeep\n|\n|t:|1682042533\n|switch|p2b: Tauros|Tauros-Paldea-Blaze, L50, M|100\/100\n|turn|2\n|j| tomciv20\n|\n|t:|1682042609\n|switch|p1b: Nucleon|Sylveon, L50, M|100\/100\n|move|p2a: Bronzong|Light Screen|p2a: Bronzong\n|-sidestart|p2: jamez10|move: Light Screen\n|move|p1a: Shuckel|Overheat|p2a: Bronzong\n|-supereffective|p2a: Bronzong\n|-damage|p2a: Bronzong|7\/100\n|-unboost|p1a: Shuckel|spa|2\n|move|p2b: Tauros|Flare Blitz|p1b: Nucleon\n|-damage|p1b: Nucleon|5\/100\n|-damage|p2b: Tauros|65\/100|[from] Recoil\n|\n|-weather|SunnyDay|[upkeep]\n|upkeep\n|turn|3\n|c| tomciv20|game 1?\n|c|\u2606SuperToad916|yes\n|c|\u2606jamez10|horrible turn 1\n|c|\u2606jamez10|why are u so slow nick?\n|c|\u2606SuperToad916|I am stressed\n|c|\u2606jamez10|same but like Im not gonna make a better decision by waiting 2 minutes\n|c| tomciv20|you can turn timer on if you want lol\n|c|\u2606jamez10|i dont wanna be that guy\n|c|\u2606jamez10|but i easily win on timer actually\n|\n|t:|1682042796\n|switch|p1b: Girlboss|Scovillain, L50, M, shiny|100\/100\n|move|p2a: Bronzong|Rock Slide|p1a: Shuckel|[spread] p1a,p1b\n|-supereffective|p1a: Shuckel\n|-supereffective|p1b: Girlboss\n|-damage|p1a: Shuckel|77\/100\n|-damage|p1b: Girlboss|44\/100\n|move|p1a: Shuckel|Overheat|p2a: Bronzong\n|-supereffective|p2a: Bronzong\n|-damage|p2a: Bronzong|0 fnt\n|-unboost|p1a: Shuckel|spa|2\n|faint|p2a: Bronzong\n|move|p2b: Tauros|Close Combat|p1a: Shuckel\n|-damage|p1a: Shuckel|27\/100\n|-unboost|p2b: Tauros|def|1\n|-unboost|p2b: Tauros|spd|1\n|\n|-weather|SunnyDay|[upkeep]\n|upkeep\n|c| tomciv20|i just meant timer as in giving toad pressure to take his move not to just win by timer lol\n|\n|t:|1682042812\n|switch|p2a: Raichu|Raichu, L50, F|100\/100\n|-item|p2a: Raichu|Air Balloon\n|turn|4\n|\n|t:|1682042880\n|-terastallize|p1b: Girlboss|Ghost\n|move|p2a: Raichu|Fake Out|p1a: Shuckel\n|-damage|p1a: Shuckel|19\/100\n|cant|p1a: Shuckel|flinch\n|move|p2b: Tauros|Flare Blitz|p1b: Girlboss\n|-damage|p1b: Girlboss|0 fnt\n|faint|p1b: Girlboss\n|-damage|p2b: Tauros|54\/100|[from] Recoil\n|\n|-weather|SunnyDay|[upkeep]\n|upkeep\n|\n|t:|1682042904\n|switch|p1b: Nucleon|Sylveon, L50, M|5\/100\n|turn|5\n|\n|t:|1682042940\n|move|p2a: Raichu|Protect|p2a: Raichu\n|-singleturn|p2a: Raichu|Protect\n|move|p1a: Shuckel|Yawn|p2a: Raichu\n|-activate|p2a: Raichu|move: Protect\n|move|p1b: Nucleon|Moonblast|p2b: Tauros\n|-damage|p2b: Tauros|0 fnt\n|faint|p2b: Tauros\n|\n|-weather|SunnyDay|[upkeep]\n|-fieldend|move: Trick Room\n|upkeep\n|turn|6\n|c|\u2606jamez10|kinda over\n|c|\u2606jamez10|just move\n|\n|t:|1682043009\n|move|p2a: Raichu|Volt Switch|p1a: Shuckel\n|-damage|p1a: Shuckel|0 fnt\n|faint|p1a: Shuckel\n|move|p1b: Nucleon|Moonblast|p2a: Raichu\n|-damage|p2a: Raichu|49\/100\n|-unboost|p2a: Raichu|spa|1\n|-enditem|p2a: Raichu|Air Balloon\n|\n|-weather|SunnyDay|[upkeep]\n|-sideend|p2: jamez10|move: Light Screen\n|upkeep\n|\n|t:|1682043019\n|switch|p1a: Noraline|Kingambit, L50, M|100\/100\n|turn|7\n|\n|t:|1682043026\n|move|p1a: Noraline|Sucker Punch|p2a: Raichu\n|-damage|p2a: Raichu|0 fnt\n|faint|p2a: Raichu\n|\n|win|SuperToad916\n|l|\u2606jamez10\n|j|\u2606jamez10\n|player|p2|jamez10|170\n|l|\u2606SuperToad916\n","uploadtime":1682043036,"views":12,"p1id":"supertoad916","p2id":"jamez10","formatid":"gen9vgc2023regulationc","rating":0,"private":0,"password":""}