{"id":"gen9vgc2023regulationc-1858552513","p1":"LoneSwordsman417","p2":"RedLantern2063","format":"[Gen 9] VGC 2023 Regulation C","log":"|j|\u2606LoneSwordsman417\n|j|\u2606RedLantern2063\n|t:|1683324498\n|gametype|doubles\n|player|p1|LoneSwordsman417|brawly|1048\n|player|p2|RedLantern2063|rocketgrunt|1127\n|teamsize|p1|6\n|teamsize|p2|6\n|gen|9\n|tier|[Gen 9] VGC 2023 Regulation C\n|rated|\n|rule|Species Clause: Limit one of each Pok\u00e9mon\n|rule|Item Clause: Limit one of each item\n|clearpoke\n|poke|p1|Amoonguss, L50, F|\n|poke|p1|Palafin, L50, F|\n|poke|p1|Flutter Mane, L50|\n|poke|p1|Gothitelle, L50, F|\n|poke|p1|Scream Tail, L50|\n|poke|p1|Dragonite, L50, M|\n|poke|p2|Gyarados, L50, M|\n|poke|p2|Tinkaton, L50, F|\n|poke|p2|Ceruledge, L50, M|\n|poke|p2|Tsareena, L50, F|\n|poke|p2|Bellibolt, L50, M|\n|poke|p2|Iron Treads, L50|\n|teampreview|4\n|inactive|Battle timer is ON: inactive players will automatically lose when time's up. (requested by LoneSwordsman417)\n|inactive|RedLantern2063 has 60 seconds left.\n|\n|t:|1683324548\n|start\n|switch|p1a: Snug Moans|Amoonguss, L50, F|100\/100\n|switch|p1b: AP Final|Palafin, L50, F|100\/100\n|switch|p2a: Tinkaton|Tinkaton, L50, F|100\/100\n|switch|p2b: Ceruledge|Ceruledge, L50, M|100\/100\n|-ability|p2a: Tinkaton|Mold Breaker\n|turn|1\n|inactive|LoneSwordsman417 has 30 seconds left.\n|\n|t:|1683324578\n|-terastallize|p2b: Ceruledge|Grass\n|move|p2a: Tinkaton|Fake Out|p1a: Snug Moans\n|-damage|p1a: Snug Moans|92\/100\n|move|p2b: Ceruledge|Bulk Up|p2b: Ceruledge\n|-boost|p2b: Ceruledge|atk|1\n|-boost|p2b: Ceruledge|def|1\n|move|p1b: AP Final|Flip Turn|p2b: Ceruledge\n|-resisted|p2b: Ceruledge\n|-damage|p2b: Ceruledge|86\/100\n|-damage|p1b: AP Final|91\/100|[from] item: Life Orb\n|\n|t:|1683324591\n|detailschange|p1b: AP Final|Palafin-Hero, L50, F\n|switch|p1b: Rage ID Ton|Dragonite, L50, M|100\/100|[from] Flip Turn\n|cant|p1a: Snug Moans|flinch\n|\n|upkeep\n|turn|2\n|inactive|LoneSwordsman417 has 30 seconds left.\n|inactive|RedLantern2063 has 30 seconds left.\n|\n|t:|1683324619\n|switch|p2a: Gyarados|Gyarados, L50, M, shiny|100\/100\n|-ability|p2a: Gyarados|Intimidate|boost\n|-unboost|p1a: Snug Moans|atk|1\n|-unboost|p1b: Rage ID Ton|atk|1\n|-terastallize|p1b: Rage ID Ton|Flying\n|move|p1b: Rage ID Ton|Extreme Speed|p2b: Ceruledge\n|-damage|p2b: Ceruledge|66\/100\n|move|p2b: Ceruledge|Bitter Blade|p1a: Snug Moans\n|-supereffective|p1a: Snug Moans\n|-damage|p1a: Snug Moans|0 fnt\n|-heal|p2b: Ceruledge|100\/100|[from] drain|[of] p1a: Snug Moans\n|faint|p1a: Snug Moans\n|-damage|p2b: Ceruledge|90\/100|[from] item: Life Orb\n|\n|upkeep\n|\n|t:|1683324638\n|switch|p1a: Mute Rate Flu|Flutter Mane, L50|100\/100\n|turn|3\n|\n|t:|1683324649\n|move|p1b: Rage ID Ton|Protect|p1b: Rage ID Ton\n|-singleturn|p1b: Rage ID Ton|Protect\n|move|p2b: Ceruledge|Shadow Sneak|p1a: Mute Rate Flu\n|-supereffective|p1a: Mute Rate Flu\n|-damage|p1a: Mute Rate Flu|0 fnt\n|faint|p1a: Mute Rate Flu\n|-end|p1a: Mute Rate Flu|Protosynthesis|[silent]\n|-damage|p2b: Ceruledge|80\/100|[from] item: Life Orb\n|move|p2a: Gyarados|Waterfall|p1b: Rage ID Ton\n|-activate|p1b: Rage ID Ton|move: Protect\n|\n|upkeep\n|\n|t:|1683324660\n|switch|p1a: AP Final|Palafin-Hero, L50, F|91\/100\n|-activate|p1a: AP Final|ability: Zero to Hero\n|turn|4\n|\n|t:|1683324673\n|move|p2b: Ceruledge|Protect|p2b: Ceruledge\n|-singleturn|p2b: Ceruledge|Protect\n|move|p1a: AP Final|Protect|p1a: AP Final\n|-singleturn|p1a: AP Final|Protect\n|move|p1b: Rage ID Ton|Extreme Speed|p2b: Ceruledge\n|-activate|p2b: Ceruledge|move: Protect\n|move|p2a: Gyarados|Dragon Dance|p2a: Gyarados\n|-boost|p2a: Gyarados|atk|1\n|-boost|p2a: Gyarados|spe|1\n|\n|upkeep\n|turn|5\n|inactive|RedLantern2063 has 30 seconds left.\n|\n|t:|1683324700\n|move|p2b: Ceruledge|Shadow Sneak|p1a: AP Final\n|-damage|p1a: AP Final|57\/100\n|-damage|p2b: Ceruledge|70\/100|[from] item: Life Orb\n|move|p2a: Gyarados|Waterfall|p1b: Rage ID Ton\n|-damage|p1b: Rage ID Ton|70\/100\n|move|p1a: AP Final|Bulk Up|p1a: AP Final\n|-boost|p1a: AP Final|atk|1\n|-boost|p1a: AP Final|def|1\n|move|p1b: Rage ID Ton|Tera Blast|p2b: Ceruledge\n|-supereffective|p2b: Ceruledge\n|-damage|p2b: Ceruledge|0 fnt\n|faint|p2b: Ceruledge\n|\n|upkeep\n|\n|t:|1683324717\n|switch|p2b: Bellibolt|Bellibolt, L50, M|100\/100\n|turn|6\n|\n|t:|1683324728\n|move|p2a: Gyarados|Protect|p2a: Gyarados\n|-singleturn|p2a: Gyarados|Protect\n|move|p1a: AP Final|Protect|p1a: AP Final\n|-singleturn|p1a: AP Final|Protect\n|move|p1b: Rage ID Ton|Extreme Speed|p2b: Bellibolt\n|-damage|p2b: Bellibolt|85\/100\n|-start|p2b: Bellibolt|Charge|Extreme Speed|[from] ability: Electromorphosis\n|move|p2b: Bellibolt|Parabolic Charge|p1a: AP Final|[spread] p1b\n|-activate|p2a: Gyarados|move: Protect\n|-activate|p1a: AP Final|move: Protect\n|-supereffective|p1b: Rage ID Ton\n|-damage|p1b: Rage ID Ton|0 fnt\n|-heal|p2b: Bellibolt|100\/100|[from] drain|[of] p1b: Rage ID Ton\n|faint|p1b: Rage ID Ton\n|-end|p2b: Bellibolt|Charge|[silent]\n|\n|upkeep\n|turn|7\n|\n|t:|1683324752\n|move|p1a: AP Final|Jet Punch|p2b: Bellibolt\n|-damage|p2b: Bellibolt|33\/100\n|-start|p2b: Bellibolt|Charge|Jet Punch|[from] ability: Electromorphosis\n|-damage|p1a: AP Final|47\/100|[from] item: Life Orb\n|move|p2a: Gyarados|Dragon Dance|p2a: Gyarados\n|-boost|p2a: Gyarados|atk|1\n|-boost|p2a: Gyarados|spe|1\n|move|p2b: Bellibolt|Thunderbolt|p1a: AP Final\n|-supereffective|p1a: AP Final\n|-damage|p1a: AP Final|0 fnt\n|faint|p1a: AP Final\n|-end|p2b: Bellibolt|Charge|[silent]\n|\n|win|RedLantern2063\n|raw|LoneSwordsman417's rating: 1048 → 1035<\/strong> (-13 for losing)\n|raw|RedLantern2063's rating: 1127 → 1146<\/strong> (+19 for winning)\n|l|\u2606LoneSwordsman417\n|c|\u2606RedLantern2063|gg\n","uploadtime":1683324781,"views":5,"p1id":"loneswordsman417","p2id":"redlantern2063","formatid":"gen9vgc2023regulationc","rating":1035,"private":0,"password":""}