{"id":"gen9vgc2023regulationc-1854809059","p1":"haha you rage quit","p2":"Wemm","format":"[Gen 9] VGC 2023 Regulation C","log":"|j|\u2606haha you rage quit\n|j|\u2606Wemm\n|t:|1682868590\n|gametype|doubles\n|player|p1|haha you rage quit|pokemaniac|1154\n|player|p2|Wemm|265|1202\n|teamsize|p1|6\n|teamsize|p2|6\n|gen|9\n|tier|[Gen 9] VGC 2023 Regulation C\n|rated|\n|rule|Species Clause: Limit one of each Pok\u00e9mon\n|rule|Item Clause: Limit one of each item\n|clearpoke\n|poke|p1|Torkoal, L50, M|\n|poke|p1|Annihilape, L50, M|\n|poke|p1|Kingambit, L50, M|\n|poke|p1|Hatterene, L50, F|\n|poke|p1|Indeedee-F, L50, F|\n|poke|p1|Armarouge, L50, M|\n|poke|p2|Volcarona, L50, M|\n|poke|p2|Oricorio, L50, F|\n|poke|p2|Amoonguss, L50, M|\n|poke|p2|Gastrodon, L50, M|\n|poke|p2|Iron Bundle, L50|\n|poke|p2|Iron Hands, L50|\n|teampreview|4\n|inactive|Battle timer is ON: inactive players will automatically lose when time's up. (requested by Wemm)\n|\n|t:|1682868625\n|start\n|switch|p1a: Indeedee|Indeedee-F, L50, F, shiny|100\/100\n|switch|p1b: Armarouge|Armarouge, L50, M|100\/100\n|switch|p2a: Volcarona|Volcarona, L50, M, shiny|100\/100\n|switch|p2b: Oricorio|Oricorio, L50, F|100\/100\n|-fieldstart|move: Psychic Terrain|[from] ability: Psychic Surge|[of] p1a: Indeedee\n|-enditem|p1a: Indeedee|Psychic Seed\n|-boost|p1a: Indeedee|spd|1|[from] item: Psychic Seed\n|turn|1\n|\n|t:|1682868641\n|move|p1b: Armarouge|Wide Guard|p1b: Armarouge\n|-singleturn|p1b: Armarouge|Wide Guard\n|move|p2a: Volcarona|Quiver Dance|p2a: Volcarona\n|-boost|p2a: Volcarona|spa|1\n|-boost|p2a: Volcarona|spd|1\n|-boost|p2a: Volcarona|spe|1\n|-activate|p2b: Oricorio|ability: Dancer\n|move|p2b: Oricorio|Quiver Dance|p2b: Oricorio|[from]ability: Dancer\n|-boost|p2b: Oricorio|spa|1\n|-boost|p2b: Oricorio|spd|1\n|-boost|p2b: Oricorio|spe|1\n|move|p2b: Oricorio|Hurricane|p1b: Armarouge|[miss]\n|-miss|p2b: Oricorio|p1b: Armarouge\n|move|p1a: Indeedee|Trick Room|p1a: Indeedee\n|-fieldstart|move: Trick Room|[of] p1a: Indeedee\n|\n|upkeep\n|turn|2\n|\n|t:|1682868661\n|move|p1a: Indeedee|Helping Hand|p1b: Armarouge\n|-singleturn|p1b: Armarouge|Helping Hand|[of] p1a: Indeedee\n|move|p1b: Armarouge|Expanding Force|p2a: Volcarona|[spread] p2a,p2b\n|-damage|p2a: Volcarona|33\/100\n|-enditem|p2b: Oricorio|Focus Sash\n|-damage|p2b: Oricorio|1\/100\n|-enditem|p2a: Volcarona|Sitrus Berry|[eat]\n|-heal|p2a: Volcarona|58\/100|[from] item: Sitrus Berry\n|move|p2b: Oricorio|Hurricane|p1b: Armarouge\n|-damage|p1b: Armarouge|8\/100\n|move|p2a: Volcarona|Fiery Dance|p1a: Indeedee\n|-damage|p1a: Indeedee|68\/100\n|-activate|p2b: Oricorio|ability: Dancer\n|move|p2b: Oricorio|Fiery Dance|p1a: Indeedee|[from]ability: Dancer\n|-damage|p1a: Indeedee|36\/100\n|\n|upkeep\n|turn|3\n|\n|t:|1682868684\n|move|p1a: Indeedee|Helping Hand|p1b: Armarouge\n|-singleturn|p1b: Armarouge|Helping Hand|[of] p1a: Indeedee\n|move|p2b: Oricorio|Protect|p2b: Oricorio\n|-singleturn|p2b: Oricorio|Protect\n|move|p1b: Armarouge|Expanding Force|p2b: Oricorio|[spread] p2a\n|-activate|p2b: Oricorio|move: Protect\n|-damage|p2a: Volcarona|0 fnt\n|faint|p2a: Volcarona\n|\n|upkeep\n|\n|t:|1682868697\n|switch|p2a: Gastrodon|Gastrodon, L50, M, shiny|100\/100\n|turn|4\n|\n|t:|1682868705\n|move|p1a: Indeedee|Helping Hand|p1b: Armarouge\n|-singleturn|p1b: Armarouge|Helping Hand|[of] p1a: Indeedee\n|move|p2b: Oricorio|Protect||[still]\n|-fail|p2b: Oricorio\n|move|p2a: Gastrodon|Earth Power|p1b: Armarouge\n|-supereffective|p1b: Armarouge\n|-damage|p1b: Armarouge|0 fnt\n|faint|p1b: Armarouge\n|\n|upkeep\n|\n|t:|1682868717\n|switch|p1b: Hatterene|Hatterene, L50, F|100\/100\n|turn|5\n|\n|t:|1682868730\n|move|p2b: Oricorio|Protect|p2b: Oricorio\n|-singleturn|p2b: Oricorio|Protect\n|move|p1b: Hatterene|Psychic|p2a: Gastrodon\n|-damage|p2a: Gastrodon|11\/100\n|-damage|p1b: Hatterene|91\/100|[from] item: Life Orb\n|move|p2a: Gastrodon|Earth Power|p1b: Hatterene\n|-damage|p1b: Hatterene|59\/100\n|move|p1a: Indeedee|Dazzling Gleam|p2a: Gastrodon|[spread] p2a\n|-activate|p2b: Oricorio|move: Protect\n|-damage|p2a: Gastrodon|0 fnt\n|faint|p2a: Gastrodon\n|\n|-fieldend|move: Trick Room\n|-fieldend|move: Psychic Terrain\n|upkeep\n|\n|t:|1682868742\n|switch|p2a: Iron Hands|Iron Hands, L50|100\/100\n|turn|6\n|\n|t:|1682868767\n|switch|p1a: Torkoal|Torkoal, L50, M|100\/100\n|-weather|SunnyDay|[from] ability: Drought|[of] p1a: Torkoal\n|move|p1b: Hatterene|Protect|p1b: Hatterene\n|-singleturn|p1b: Hatterene|Protect\n|move|p2a: Iron Hands|Fake Out|p1b: Hatterene\n|-activate|p1b: Hatterene|move: Protect\n|move|p2b: Oricorio|Revelation Dance|p1a: Torkoal\n|-resisted|p1a: Torkoal\n|-damage|p1a: Torkoal|42\/100\n|\n|-weather|SunnyDay|[upkeep]\n|upkeep\n|turn|7\n|inactive|haha you rage quit has 30 seconds left.\n|inactive|Wemm has 30 seconds left.\n|inactive|Wemm has 20 seconds left.\n|\n|t:|1682868804\n|move|p1b: Hatterene|Protect|p1b: Hatterene\n|-singleturn|p1b: Hatterene|Protect\n|move|p2b: Oricorio|Revelation Dance|p1b: Hatterene\n|-activate|p1b: Hatterene|move: Protect\n|move|p2a: Iron Hands|Wild Charge|p1a: Torkoal\n|-damage|p1a: Torkoal|13\/100\n|-damage|p2a: Iron Hands|95\/100|[from] Recoil\n|move|p1a: Torkoal|Heat Wave|p2b: Oricorio|[spread] p2a,p2b\n|-resisted|p2b: Oricorio\n|-damage|p2a: Iron Hands|68\/100\n|-damage|p2b: Oricorio|0 fnt\n|faint|p2b: Oricorio\n|\n|-weather|SunnyDay|[upkeep]\n|upkeep\n|turn|8\n|-message|Wemm forfeited.\n|\n|win|haha you rage quit\n|raw|haha you rage quit's rating: 1154 → 1182<\/strong> (+28 for winning)\n|raw|Wemm's rating: 1202 → 1174<\/strong> (-28 for losing)\n|l|\u2606Wemm\n","uploadtime":1682868839,"views":12,"p1id":"hahayouragequit","p2id":"wemm","formatid":"gen9vgc2023regulationc","rating":1174,"private":0,"password":""}