{"id":"gen9vgc2023regulationc-1858688411","p1":"r2vgc","p2":"Wiseroni","format":"[Gen 9] VGC 2023 Regulation C","log":"|j|\u2606r2vgc\n|j|\u2606Wiseroni\n|t:|1683342750\n|gametype|doubles\n|player|p1|r2vgc|266|1123\n|player|p2|Wiseroni|265|1063\n|teamsize|p1|6\n|teamsize|p2|6\n|gen|9\n|tier|[Gen 9] VGC 2023 Regulation C\n|rated|\n|rule|Species Clause: Limit one of each Pok\u00e9mon\n|rule|Item Clause: Limit one of each item\n|clearpoke\n|poke|p1|Maushold-Four, L50|\n|poke|p1|Annihilape, L50, M|\n|poke|p1|Gholdengo, L50|\n|poke|p1|Murkrow, L50, F|\n|poke|p1|Garchomp, L50, M|\n|poke|p1|Gyarados, L50, F|\n|poke|p2|Dragonite, L50, M|\n|poke|p2|Iron Bundle, L50|\n|poke|p2|Chi-Yu, L50|\n|poke|p2|Flutter Mane, L50|\n|poke|p2|Iron Hands, L50|\n|poke|p2|Amoonguss, L50, F|\n|teampreview|4\n|inactive|Battle timer is ON: inactive players will automatically lose when time's up. (requested by Wiseroni)\nr2vgc has agreed to open team sheets.\n|\n|t:|1683342777\n|start\n|switch|p1a: Natters|Maushold-Four, L50|100\/100\n|switch|p1b: Panda|Annihilape, L50, M|100\/100\n|switch|p2a: Flutter Mane|Flutter Mane, L50|100\/100\n|switch|p2b: Iron Hands|Iron Hands, L50|100\/100\n|turn|1\n|\n|t:|1683342801\n|-terastallize|p1b: Panda|Fire\n|move|p1a: Natters|Protect|p1a: Natters\n|-singleturn|p1a: Natters|Protect\n|move|p2b: Iron Hands|Fake Out|p1a: Natters\n|-activate|p1a: Natters|move: Protect\n|move|p2a: Flutter Mane|Dazzling Gleam|p1a: Natters|[spread] p1b\n|-activate|p1a: Natters|move: Protect\n|-resisted|p1b: Panda\n|-damage|p1b: Panda|91\/100\n|move|p1b: Panda|Bulk Up|p1b: Panda\n|-boost|p1b: Panda|atk|1\n|-boost|p1b: Panda|def|1\n|\n|-heal|p1b: Panda|97\/100|[from] item: Leftovers\n|upkeep\n|turn|2\n|inactive|Wiseroni has 30 seconds left.\n|\n|t:|1683342831\n|move|p1a: Natters|Super Fang|p2b: Iron Hands|[miss]\n|-miss|p1a: Natters|p2b: Iron Hands\n|move|p2a: Flutter Mane|Moonblast|p1a: Natters\n|-damage|p1a: Natters|23\/100\n|move|p1b: Panda|Rage Fist|p2a: Flutter Mane\n|-supereffective|p2a: Flutter Mane\n|-damage|p2a: Flutter Mane|0 fnt\n|faint|p2a: Flutter Mane\n|-end|p2a: Flutter Mane|Protosynthesis|[silent]\n|move|p2b: Iron Hands|Drain Punch|p1a: Natters\n|-supereffective|p1a: Natters\n|-damage|p1a: Natters|0 fnt\n|faint|p1a: Natters\n|\n|-heal|p1b: Panda|100\/100|[from] item: Leftovers\n|upkeep\n|\n|t:|1683342847\n|switch|p1a: Murkrow|Murkrow, L50, F|100\/100\n|switch|p2a: Amoonguss|Amoonguss, L50, F, shiny|100\/100\n|turn|3\n|\n|t:|1683342862\n|move|p1a: Murkrow|Brave Bird|p2a: Amoonguss\n|-supereffective|p2a: Amoonguss\n|-damage|p2a: Amoonguss|8\/100\n|-enditem|p2a: Amoonguss|Sitrus Berry|[eat]\n|-heal|p2a: Amoonguss|33\/100|[from] item: Sitrus Berry\n|-damage|p1a: Murkrow|52\/100|[from] Recoil\n|-damage|p1a: Murkrow|43\/100|[from] item: Life Orb\n|move|p1b: Panda|Rage Fist|p2a: Amoonguss\n|-crit|p2a: Amoonguss\n|-damage|p2a: Amoonguss|0 fnt\n|faint|p2a: Amoonguss\n|move|p2b: Iron Hands|Volt Switch|p1a: Murkrow\n|-supereffective|p1a: Murkrow\n|-damage|p1a: Murkrow|0 fnt\n|faint|p1a: Murkrow\n|\n|t:|1683342878\n|-end|p2b: Iron Hands|Quark Drive|[silent]\n|switch|p2b: Iron Bundle|Iron Bundle, L50|100\/100|[from] Volt Switch\n|\n|upkeep\n|\n|t:|1683342885\n|switch|p1a: Gholdengo|Gholdengo, L50|100\/100\n|switch|p2a: Iron Hands|Iron Hands, L50|100\/100\n|turn|4\n|\n|t:|1683342896\n|move|p1b: Panda|Protect|p1b: Panda\n|-singleturn|p1b: Panda|Protect\n|move|p2a: Iron Hands|Fake Out|p1b: Panda\n|-activate|p1b: Panda|move: Protect\n|move|p2b: Iron Bundle|Hydro Pump|p1b: Panda\n|-activate|p1b: Panda|move: Protect\n|move|p1a: Gholdengo|Make It Rain|p2a: Iron Hands|[spread] p2a,p2b\n|-resisted|p2a: Iron Hands\n|-damage|p2a: Iron Hands|68\/100\n|-enditem|p2b: Iron Bundle|Focus Sash\n|-damage|p2b: Iron Bundle|1\/100\n|-unboost|p1a: Gholdengo|spa|1\n|\n|upkeep\n|turn|5\n|\n|t:|1683342918\n|move|p2b: Iron Bundle|Protect|p2b: Iron Bundle\n|-singleturn|p2b: Iron Bundle|Protect\n|move|p1a: Gholdengo|Make It Rain|p2b: Iron Bundle|[spread] p2a\n|-activate|p2b: Iron Bundle|move: Protect\n|-resisted|p2a: Iron Hands\n|-damage|p2a: Iron Hands|44\/100\n|-unboost|p1a: Gholdengo|spa|1\n|move|p1b: Panda|Rage Fist|p2a: Iron Hands\n|-damage|p2a: Iron Hands|4\/100\n|-damage|p1b: Panda|84\/100|[from] item: Rocky Helmet|[of] p2a: Iron Hands\n|move|p2a: Iron Hands|Earthquake|p1a: Gholdengo|[spread] p1a,p1b\n|-activate|p2b: Iron Bundle|move: Protect\n|-supereffective|p1a: Gholdengo\n|-supereffective|p1b: Panda\n|-damage|p1a: Gholdengo|35\/100\n|-damage|p1b: Panda|47\/100\n|\n|-heal|p1b: Panda|53\/100|[from] item: Leftovers\n|upkeep\n|turn|6\n|inactive|r2vgc has 30 seconds left.\n|inactive|Wiseroni has 30 seconds left.\n|inactive|r2vgc has 20 seconds left.\n|inactive|Wiseroni has 20 seconds left.\n|inactive|r2vgc has 15 seconds left.\n|inactive|Wiseroni has 15 seconds left.\n|inactive|r2vgc has 10 seconds left.\n|\n|t:|1683342966\n|-terastallize|p2b: Iron Bundle|Water\n|move|p2b: Iron Bundle|Hydro Pump|p1a: Gholdengo\n|-damage|p1a: Gholdengo|0 fnt\n|faint|p1a: Gholdengo\n|move|p1b: Panda|Drain Punch|p2b: Iron Bundle\n|-damage|p2b: Iron Bundle|0 fnt\n|-heal|p1b: Panda|54\/100|[from] drain|[of] p2b: Iron Bundle\n|faint|p2b: Iron Bundle\n|-end|p2b: Iron Bundle|Quark Drive|[silent]\n|move|p2a: Iron Hands|Earthquake|p1b: Panda\n|-supereffective|p1b: Panda\n|-damage|p1b: Panda|0 fnt\n|faint|p1b: Panda\n|\n|win|Wiseroni\n|raw|r2vgc's rating: 1123 → 1094<\/strong> (-29 for losing)\n|raw|Wiseroni's rating: 1063 → 1099<\/strong> (+36 for winning)\n","uploadtime":1683343001,"views":14,"p1id":"r2vgc","p2id":"wiseroni","formatid":"gen9vgc2023regulationc","rating":1094,"private":0,"password":""}