{"id":"gen9vgc2023regulationc-1852577873","p1":"April112","p2":"mugiwaraLux","format":"[Gen 9] VGC 2023 Regulation C","log":"|j|\u2606April112\n|j|\u2606mugiwaraLux\n|t:|1682579398\n|gametype|doubles\n|player|p1|April112|169|1279\n|player|p2|mugiwaraLux|265|1357\n|teamsize|p1|6\n|teamsize|p2|6\n|gen|9\n|tier|[Gen 9] VGC 2023 Regulation C\n|rated|\n|rule|Species Clause: Limit one of each Pok\u00e9mon\n|rule|Item Clause: Limit one of each item\n|clearpoke\n|poke|p1|Iron Bundle, L50|\n|poke|p1|Palafin, L50, F|\n|poke|p1|Amoonguss, L50, M|\n|poke|p1|Flutter Mane, L50|\n|poke|p1|Baxcalibur, L50, M|\n|poke|p1|Arcanine, L50, F|\n|poke|p2|Palafin, L50, M|\n|poke|p2|Amoonguss, L50, F|\n|poke|p2|Flutter Mane, L50|\n|poke|p2|Arcanine, L50, F|\n|poke|p2|Chien-Pao, L50|\n|poke|p2|Roaring Moon, L50|\n|teampreview|4\n|inactive|Battle timer is ON: inactive players will automatically lose when time's up. (requested by mugiwaraLux)\nmugiwaraLux has agreed to open team sheets.\n|inactive|mugiwaraLux has 60 seconds left.\n|\n|t:|1682579454\n|start\n|switch|p1a: Iron Bundle|Iron Bundle, L50|100\/100\n|switch|p1b: Palafin|Palafin, L50, F|100\/100\n|switch|p2a: Mimi|Flutter Mane, L50|100\/100\n|switch|p2b: Chien-Pao|Chien-Pao, L50|100\/100\n|-ability|p2b: Chien-Pao|Sword of Ruin\n|-enditem|p1a: Iron Bundle|Booster Energy\n|-activate|p1a: Iron Bundle|ability: Quark Drive|[fromitem]\n|-start|p1a: Iron Bundle|quarkdrivespe\n|turn|1\n|\n|t:|1682579472\n|detailschange|p1b: Palafin|Palafin-Hero, L50, F\n|switch|p1b: Arcanine|Arcanine, L50, F|100\/100\n|-ability|p1b: Arcanine|Intimidate|boost\n|-unboost|p2a: Mimi|atk|1\n|-unboost|p2b: Chien-Pao|atk|1\n|move|p1a: Iron Bundle|Protect|p1a: Iron Bundle\n|-singleturn|p1a: Iron Bundle|Protect\n|move|p2b: Chien-Pao|Protect|p2b: Chien-Pao\n|-singleturn|p2b: Chien-Pao|Protect\n|move|p2a: Mimi|Thunderbolt|p1a: Iron Bundle\n|-activate|p1a: Iron Bundle|move: Protect\n|\n|upkeep\n|turn|2\n|inactive|April112 has 30 seconds left.\n|\n|t:|1682579501\n|switch|p2b: Arcanine|Arcanine, L50, F|100\/100\n|-ability|p2b: Arcanine|Intimidate|boost\n|-unboost|p1a: Iron Bundle|atk|1\n|-unboost|p1b: Arcanine|atk|1\n|move|p1a: Iron Bundle|Icy Wind|p2b: Arcanine|[spread] p2a,p2b\n|-resisted|p2b: Arcanine\n|-damage|p2a: Mimi|83\/100\n|-damage|p2b: Arcanine|93\/100\n|-unboost|p2a: Mimi|spe|1\n|-unboost|p2b: Arcanine|spe|1\n|move|p1b: Arcanine|Flare Blitz|p2a: Mimi\n|-damage|p2a: Mimi|38\/100\n|-status|p2a: Mimi|brn\n|-damage|p1b: Arcanine|89\/100|[from] Recoil\n|move|p2a: Mimi|Thunderbolt|p1a: Iron Bundle\n|-supereffective|p1a: Iron Bundle\n|-damage|p1a: Iron Bundle|0 fnt\n|faint|p1a: Iron Bundle\n|-end|p1a: Iron Bundle|Quark Drive|[silent]\n|\n|-damage|p2a: Mimi|32\/100 brn|[from] brn\n|upkeep\n|\n|t:|1682579518\n|switch|p1a: Palafin|Palafin-Hero, L50, F|100\/100\n|-activate|p1a: Palafin|ability: Zero to Hero\n|turn|3\n|\n|t:|1682579536\n|-terastallize|p2b: Arcanine|Flying\n|move|p1a: Palafin|Protect|p1a: Palafin\n|-singleturn|p1a: Palafin|Protect\n|move|p1b: Arcanine|Flare Blitz|p2b: Arcanine\n|-damage|p2b: Arcanine|59\/100\n|-damage|p1b: Arcanine|77\/100|[from] Recoil\n|move|p2a: Mimi|Thunderbolt|p1a: Palafin\n|-activate|p1a: Palafin|move: Protect\n|move|p2b: Arcanine|Will-O-Wisp|p1a: Palafin\n|-activate|p1a: Palafin|move: Protect\n|\n|-damage|p2a: Mimi|26\/100 brn|[from] brn\n|upkeep\n|turn|4\n|inactive|April112 has 30 seconds left.\n|\n|t:|1682579562\n|move|p1a: Palafin|Jet Punch|p2a: Mimi\n|-damage|p2a: Mimi|0 fnt\n|faint|p2a: Mimi\n|-end|p2a: Mimi|Protosynthesis|[silent]\n|move|p1b: Arcanine|Flare Blitz|p2b: Arcanine\n|-damage|p2b: Arcanine|27\/100\n|-damage|p1b: Arcanine|67\/100|[from] Recoil\n|move|p2b: Arcanine|Will-O-Wisp|p1a: Palafin\n|-status|p1a: Palafin|brn\n|\n|-damage|p1a: Palafin|95\/100 brn|[from] brn\n|upkeep\n|\n|t:|1682579573\n|switch|p2a: Roaring Moon|Roaring Moon, L50|100\/100\n|-enditem|p2a: Roaring Moon|Booster Energy\n|-activate|p2a: Roaring Moon|ability: Protosynthesis|[fromitem]\n|-start|p2a: Roaring Moon|protosynthesisatk\n|turn|5\n|\n|t:|1682579584\n|switch|p1b: Baxcalibur|Baxcalibur, L50, M|100\/100\n|move|p2b: Arcanine|Extreme Speed|p1b: Baxcalibur\n|-damage|p1b: Baxcalibur|81\/100\n|move|p2a: Roaring Moon|Throat Chop|p1b: Baxcalibur\n|-damage|p1b: Baxcalibur|21\/100\n|-start|p1b: Baxcalibur|Throat Chop|[silent]\n|move|p1a: Palafin|Wave Crash|p2b: Arcanine\n|-damage|p2b: Arcanine|0 fnt\n|faint|p2b: Arcanine\n|-damage|p1a: Palafin|86\/100 brn|[from] Recoil\n|\n|-damage|p1a: Palafin|80\/100 brn|[from] brn\n|upkeep\n|\n|t:|1682579592\n|switch|p2b: Chien-Pao|Chien-Pao, L50|100\/100\n|-ability|p2b: Chien-Pao|Sword of Ruin\n|turn|6\n|\n|t:|1682579606\n|switch|p1b: Arcanine|Arcanine, L50, F|67\/100\n|-ability|p1b: Arcanine|Intimidate|boost\n|-unboost|p2a: Roaring Moon|atk|1\n|-unboost|p2b: Chien-Pao|atk|1\n|move|p2b: Chien-Pao|Ice Spinner|p1b: Arcanine\n|-resisted|p1b: Arcanine\n|-damage|p1b: Arcanine|47\/100\n|move|p2a: Roaring Moon|Throat Chop|p1a: Palafin\n|-damage|p1a: Palafin|37\/100 brn\n|-start|p1a: Palafin|Throat Chop|[silent]\n|move|p1a: Palafin|Wave Crash|p2b: Chien-Pao\n|-damage|p2b: Chien-Pao|30\/100\n|-damage|p1a: Palafin|19\/100 brn|[from] Recoil\n|\n|-damage|p1a: Palafin|13\/100 brn|[from] brn\n|upkeep\n|turn|7\n|\n|t:|1682579624\n|move|p1a: Palafin|Protect|p1a: Palafin\n|-singleturn|p1a: Palafin|Protect\n|move|p2b: Chien-Pao|Sucker Punch||[still]\n|-fail|p2b: Chien-Pao\n|move|p2a: Roaring Moon|Throat Chop|p1b: Arcanine\n|-damage|p1b: Arcanine|0 fnt\n|faint|p1b: Arcanine\n|\n|-damage|p1a: Palafin|7\/100 brn|[from] brn\n|-end|p1a: Palafin|Throat Chop|[silent]\n|upkeep\n|\n|t:|1682579632\n|switch|p1b: Baxcalibur|Baxcalibur, L50, M|21\/100\n|turn|8\n|\n|t:|1682579652\n|move|p2b: Chien-Pao|Sucker Punch|p1b: Baxcalibur\n|-damage|p1b: Baxcalibur|0 fnt\n|faint|p1b: Baxcalibur\n|move|p1a: Palafin|Jet Punch|p2b: Chien-Pao\n|-damage|p2b: Chien-Pao|0 fnt\n|faint|p2b: Chien-Pao\n|move|p2a: Roaring Moon|Throat Chop|p1a: Palafin\n|-damage|p1a: Palafin|0 fnt\n|faint|p1a: Palafin\n|\n|win|mugiwaraLux\n|raw|April112's rating: 1279 → 1260<\/strong> (-19 for losing)\n|raw|mugiwaraLux's rating: 1357 → 1373<\/strong> (+16 for winning)\n|l|\u2606April112\n","uploadtime":1682579659,"views":14,"p1id":"april112","p2id":"mugiwaralux","formatid":"gen9vgc2023regulationc","rating":1260,"private":0,"password":""}