{"id":"gen9vgc2023regulationc-1864212497","p1":"William7414","p2":"Nuit6","format":"[Gen 9] VGC 2023 Regulation C","log":"|j|\u2606William7414\n|j|\u2606Nuit6\n|t:|1684137756\n|gametype|doubles\n|player|p1|William7414|ash|1151\n|player|p2|Nuit6|winona|1081\n|teamsize|p1|6\n|teamsize|p2|6\n|gen|9\n|tier|[Gen 9] VGC 2023 Regulation C\n|rated|\n|rule|Species Clause: Limit one of each Pok\u00e9mon\n|rule|Item Clause: Limit one of each item\n|clearpoke\n|poke|p1|Hawlucha, L50, M|\n|poke|p1|Indeedee-F, L50, F|\n|poke|p1|Armarouge, L50, M|\n|poke|p1|Sandy Shocks, L50|\n|poke|p1|Palafin, L50, F|\n|poke|p1|Chien-Pao, L50|\n|poke|p2|Corviknight, L50, F|\n|poke|p2|Tyranitar, L50, M|\n|poke|p2|Iron Bundle, L50|\n|poke|p2|Flutter Mane, L50|\n|poke|p2|Scizor, L50, M|\n|poke|p2|Arcanine, L50, M|\n|teampreview|4\n|inactive|Battle timer is ON: inactive players will automatically lose when time's up. (requested by Nuit6)\n|inactive|William7414 also wants the timer to be on.\n|inactive|Nuit6 has 60 seconds left.\n|\n|t:|1684137806\n|start\n|switch|p1a: Hawlucha|Hawlucha, L50, M, shiny|100\/100\n|switch|p1b: Indeedee|Indeedee-F, L50, F, shiny|100\/100\n|switch|p2a: Corviknight|Corviknight, L50, F|100\/100\n|switch|p2b: Arcanine|Arcanine, L50, M|100\/100\n|-fieldstart|move: Psychic Terrain|[from] ability: Psychic Surge|[of] p1b: Indeedee\n|-enditem|p1a: Hawlucha|Psychic Seed\n|-boost|p1a: Hawlucha|spd|1|[from] item: Psychic Seed\n|turn|1\n|inactive|Nuit6 has 30 seconds left.\n|\n|t:|1684137831\n|move|p2b: Arcanine|Protect|p2b: Arcanine\n|-singleturn|p2b: Arcanine|Protect\n|move|p1b: Indeedee|Follow Me|p1b: Indeedee\n|-singleturn|p1b: Indeedee|move: Follow Me\n|move|p1a: Hawlucha|Swords Dance|p1a: Hawlucha\n|-boost|p1a: Hawlucha|atk|2\n|move|p2a: Corviknight|Tailwind|p2a: Corviknight\n|-sidestart|p2: Nuit6|move: Tailwind\n|\n|upkeep\n|turn|2\n|inactive|William7414 has 30 seconds left.\n|inactive|Nuit6 has 30 seconds left.\n|inactive|William7414 has 20 seconds left.\n|inactive|William7414 has 15 seconds left.\n|\n|t:|1684137872\n|move|p1b: Indeedee|Follow Me|p1b: Indeedee\n|-singleturn|p1b: Indeedee|move: Follow Me\n|move|p1a: Hawlucha|Acrobatics|p2b: Arcanine\n|-damage|p2b: Arcanine|2\/100\n|move|p2b: Arcanine|Heat Wave|p1b: Indeedee|[spread] p1a,p1b\n|-damage|p1a: Hawlucha|67\/100\n|-damage|p1b: Indeedee|72\/100\n|move|p2a: Corviknight|Bulk Up|p2a: Corviknight\n|-boost|p2a: Corviknight|atk|1\n|-boost|p2a: Corviknight|def|1\n|\n|-heal|p2b: Arcanine|8\/100|[from] item: Leftovers\n|upkeep\n|turn|3\n|inactive|Nuit6 has 30 seconds left.\n|\n|t:|1684137904\n|move|p2b: Arcanine|Protect|p2b: Arcanine\n|-singleturn|p2b: Arcanine|Protect\n|move|p1a: Hawlucha|Flying Press|p2a: Corviknight\n|-resisted|p2a: Corviknight\n|-damage|p2a: Corviknight|77\/100\n|move|p2a: Corviknight|Brave Bird|p1a: Hawlucha\n|-supereffective|p1a: Hawlucha\n|-damage|p1a: Hawlucha|0 fnt\n|faint|p1a: Hawlucha\n|-damage|p2a: Corviknight|59\/100|[from] Recoil\n|move|p1b: Indeedee|Psychic|p2b: Arcanine\n|-activate|p2b: Arcanine|move: Protect\n|\n|-heal|p2b: Arcanine|14\/100|[from] item: Leftovers\n|upkeep\n|\n|t:|1684137915\n|switch|p1a: Armarouge|Armarouge, L50, M|100\/100\n|turn|4\n|inactive|Nuit6 has 30 seconds left.\n|\n|t:|1684137943\n|switch|p2b: Tyranitar|Tyranitar, L50, M|100\/100\n|-weather|Sandstorm|[from] ability: Sand Stream|[of] p2b: Tyranitar\n|move|p1a: Armarouge|Protect|p1a: Armarouge\n|-singleturn|p1a: Armarouge|Protect\n|move|p2a: Corviknight|Brave Bird|p1b: Indeedee\n|-damage|p1b: Indeedee|0 fnt\n|faint|p1b: Indeedee\n|-damage|p2a: Corviknight|38\/100|[from] Recoil\n|-enditem|p2a: Corviknight|Sitrus Berry|[eat]\n|-heal|p2a: Corviknight|63\/100|[from] item: Sitrus Berry\n|\n|-weather|Sandstorm|[upkeep]\n|-damage|p1a: Armarouge|94\/100|[from] Sandstorm\n|-sideend|p2: Nuit6|move: Tailwind\n|upkeep\n|\n|t:|1684137955\n|switch|p1b: Sandy Shocks|Sandy Shocks, L50|100\/100\n|-enditem|p1b: Sandy Shocks|Booster Energy\n|-activate|p1b: Sandy Shocks|ability: Protosynthesis|[fromitem]\n|-start|p1b: Sandy Shocks|protosynthesisspe\n|turn|5\n|inactive|Nuit6 has 30 seconds left.\n|inactive|Nuit6 has 20 seconds left.\n|inactive|Nuit6 has 15 seconds left.\n|inactive|Nuit6 has 10 seconds left.\n|inactive|Nuit6 has 5 seconds left.\n|\n|t:|1684138005\n|switch|p2a: Scizor|Scizor, L50, M, shiny|100\/100\n|move|p1b: Sandy Shocks|Earth Power|p2b: Tyranitar\n|-supereffective|p2b: Tyranitar\n|-damage|p2b: Tyranitar|63\/100\n|move|p1a: Armarouge|Armor Cannon|p2a: Scizor\n|-supereffective|p2a: Scizor\n|-damage|p2a: Scizor|0 fnt\n|-unboost|p1a: Armarouge|def|1\n|-unboost|p1a: Armarouge|spd|1\n|faint|p2a: Scizor\n|-damage|p1a: Armarouge|85\/100|[from] item: Life Orb\n|move|p2b: Tyranitar|Rock Slide|p1b: Sandy Shocks|[spread] p1a,p1b\n|-supereffective|p1a: Armarouge\n|-crit|p1a: Armarouge\n|-resisted|p1b: Sandy Shocks\n|-damage|p1a: Armarouge|0 fnt\n|-damage|p1b: Sandy Shocks|82\/100\n|faint|p1a: Armarouge\n|\n|-weather|Sandstorm|[upkeep]\n|-fieldend|move: Psychic Terrain\n|upkeep\n|\n|t:|1684138024\n|switch|p2a: Corviknight|Corviknight, L50, F|63\/100\n|turn|6\n|inactive|William7414 has 30 seconds left.\n|inactive|William7414 has 20 seconds left.\n|inactive|William7414 has 15 seconds left.\n|\n|t:|1684138070\n|-terastallize|p2a: Corviknight|Fire\n|move|p1b: Sandy Shocks|Earth Power|p2b: Tyranitar\n|-supereffective|p2b: Tyranitar\n|-damage|p2b: Tyranitar|28\/100\n|move|p2a: Corviknight|Tailwind|p2a: Corviknight\n|-sidestart|p2: Nuit6|move: Tailwind\n|move|p2b: Tyranitar|Low Kick|p1b: Sandy Shocks\n|-damage|p1b: Sandy Shocks|45\/100\n|\n|-weather|Sandstorm|[upkeep]\n|-damage|p2a: Corviknight|57\/100|[from] Sandstorm\n|upkeep\n|turn|7\n|\n|t:|1684138094\n|move|p1b: Sandy Shocks|Earth Power|p2b: Tyranitar\n|-supereffective|p2b: Tyranitar\n|-damage|p2b: Tyranitar|0 fnt\n|faint|p2b: Tyranitar\n|move|p2a: Corviknight|Brave Bird|p1b: Sandy Shocks\n|-resisted|p1b: Sandy Shocks\n|-damage|p1b: Sandy Shocks|23\/100\n|-damage|p2a: Corviknight|51\/100|[from] Recoil\n|\n|-weather|Sandstorm|[upkeep]\n|-damage|p2a: Corviknight|46\/100|[from] Sandstorm\n|upkeep\n|\n|t:|1684138104\n|switch|p2b: Arcanine|Arcanine, L50, M|14\/100\n|turn|8\n|\n|t:|1684138116\n|move|p1b: Sandy Shocks|Earth Power|p2a: Corviknight\n|-supereffective|p2a: Corviknight\n|-damage|p2a: Corviknight|0 fnt\n|faint|p2a: Corviknight\n|move|p2b: Arcanine|Snarl|p1b: Sandy Shocks\n|-damage|p1b: Sandy Shocks|5\/100\n|-unboost|p1b: Sandy Shocks|spa|1\n|\n|-weather|none\n|-heal|p2b: Arcanine|20\/100|[from] item: Leftovers\n|upkeep\n|turn|9\n|\n|t:|1684138134\n|move|p1b: Sandy Shocks|Protect|p1b: Sandy Shocks\n|-singleturn|p1b: Sandy Shocks|Protect\n|move|p2b: Arcanine|Protect||[still]\n|-fail|p2b: Arcanine\n|\n|-heal|p2b: Arcanine|26\/100|[from] item: Leftovers\n|-sideend|p2: Nuit6|move: Tailwind\n|upkeep\n|turn|10\n|\n|t:|1684138144\n|move|p1b: Sandy Shocks|Earth Power|p2b: Arcanine\n|-supereffective|p2b: Arcanine\n|-damage|p2b: Arcanine|0 fnt\n|faint|p2b: Arcanine\n|\n|win|William7414\n|raw|William7414's rating: 1151 → 1171<\/strong> (+20 for winning)\n|raw|Nuit6's rating: 1081 → 1063<\/strong> (-18 for losing)\n|l|\u2606Nuit6\n","uploadtime":1684138160,"views":16,"p1id":"william7414","p2id":"nuit6","formatid":"gen9vgc2023regulationc","rating":1063,"private":0,"password":""}