{"id":"gen9vgc2023regulationc-1848139597","p1":"bob0976","p2":"Zeltink","format":"[Gen 9] VGC 2023 Regulation C","log":"|j|\u2606bob0976\n|j|\u2606Zeltink\n|t:|1682034304\n|gametype|doubles\n|player|p1|bob0976|lucas|1035\n|player|p2|Zeltink|ethan|1022\n|teamsize|p1|6\n|teamsize|p2|6\n|gen|9\n|tier|[Gen 9] VGC 2023 Regulation C\n|rated|\n|rule|Species Clause: Limit one of each Pok\u00e9mon\n|rule|Item Clause: Limit one of each item\n|clearpoke\n|poke|p1|Chi-Yu, L50|\n|poke|p1|Amoonguss, L50, F|\n|poke|p1|Iron Bundle, L50|\n|poke|p1|Gholdengo, L50|\n|poke|p1|Palafin, L50, M|\n|poke|p1|Flutter Mane, L50|\n|poke|p2|Lycanroc-Dusk, L50, M|\n|poke|p2|Lucario, L50, M|\n|poke|p2|Palafin, L50, M|\n|poke|p2|Ting-Lu, L50|\n|poke|p2|Kingambit, L50, M|\n|poke|p2|Dragapult, L50, M|\n|teampreview|4\n|inactive|Battle timer is ON: inactive players will automatically lose when time's up. (requested by bob0976)\n|j| ashiceclaw\n|\n|t:|1682034334\n|start\n|switch|p1a: Palafin|Palafin, L50, M|100\/100\n|switch|p1b: Iron Bundle|Iron Bundle, L50|100\/100\n|switch|p2a: Dragapult|Dragapult, L50, M, shiny|100\/100\n|switch|p2b: Lucario|Lucario, L50, M|100\/100\n|turn|1\n|\n|t:|1682034351\n|detailschange|p1a: Palafin|Palafin-Hero, L50, M\n|switch|p1a: Amoonguss|Amoonguss, L50, F|100\/100\n|move|p2b: Lucario|Bullet Punch|p1b: Iron Bundle\n|-damage|p1b: Iron Bundle|71\/100\n|-damage|p2b: Lucario|91\/100|[from] item: Life Orb\n|move|p2a: Dragapult|Dragon Darts|p1b: Iron Bundle\n|-damage|p1b: Iron Bundle|20\/100\n|-anim|p2a: Dragapult|Dragon Darts|p1a: Amoonguss\n|-damage|p1a: Amoonguss|63\/100\n|move|p1b: Iron Bundle|Icy Wind|p2a: Dragapult|[spread] p2a,p2b\n|-supereffective|p2a: Dragapult\n|-resisted|p2b: Lucario\n|-damage|p2a: Dragapult|44\/100\n|-damage|p2b: Lucario|74\/100\n|-unboost|p2a: Dragapult|spe|1\n|-unboost|p2b: Lucario|spe|1\n|\n|upkeep\n|turn|2\n|\n|t:|1682034371\n|move|p2b: Lucario|Bullet Punch|p1b: Iron Bundle\n|-damage|p1b: Iron Bundle|0 fnt\n|faint|p1b: Iron Bundle\n|-end|p1b: Iron Bundle|Quark Drive|[silent]\n|-damage|p2b: Lucario|64\/100|[from] item: Life Orb\n|move|p2a: Dragapult|Dragon Darts|p1a: Amoonguss\n|-damage|p1a: Amoonguss|24\/100\n|-anim|p2a: Dragapult|Dragon Darts|p1a: Amoonguss\n|-damage|p1a: Amoonguss|0 fnt\n|faint|p1a: Amoonguss\n|\n|upkeep\n|\n|t:|1682034381\n|switch|p1b: Chi-Yu|Chi-Yu, L50|100\/100\n|switch|p1a: Palafin|Palafin-Hero, L50, M|100\/100\n|-ability|p1b: Chi-Yu|Beads of Ruin\n|-activate|p1a: Palafin|ability: Zero to Hero\n|turn|3\n|inactive|Zeltink has 30 seconds left.\n|\n|t:|1682034407\n|move|p1a: Palafin|Jet Punch|p2a: Dragapult\n|-resisted|p2a: Dragapult\n|-damage|p2a: Dragapult|14\/100\n|move|p2b: Lucario|Bullet Punch|p1b: Chi-Yu\n|-resisted|p1b: Chi-Yu\n|-damage|p1b: Chi-Yu|80\/100\n|-damage|p2b: Lucario|54\/100|[from] item: Life Orb\n|move|p1b: Chi-Yu|Heat Wave|p2b: Lucario|[spread] p2a,p2b\n|-resisted|p2a: Dragapult\n|-supereffective|p2b: Lucario\n|-damage|p2a: Dragapult|0 fnt\n|-damage|p2b: Lucario|0 fnt\n|faint|p2a: Dragapult\n|faint|p2b: Lucario\n|\n|upkeep\n|\n|t:|1682034422\n|switch|p2a: Lycanroc|Lycanroc-Dusk, L50, M|100\/100\n|switch|p2b: Kingambit|Kingambit, L50, M, shiny|100\/100\n|-activate|p2b: Kingambit|ability: Supreme Overlord\n|-start|p2b: Kingambit|fallen2|[silent]\n|turn|4\n|\n|t:|1682034442\n|-terastallize|p2b: Kingambit|Dark\n|move|p2a: Lycanroc|Protect|p2a: Lycanroc\n|-singleturn|p2a: Lycanroc|Protect\n|move|p1a: Palafin|Jet Punch|p2a: Lycanroc\n|-activate|p2a: Lycanroc|move: Protect\n|move|p2b: Kingambit|Sucker Punch|p1b: Chi-Yu\n|-resisted|p1b: Chi-Yu\n|-damage|p1b: Chi-Yu|11\/100\n|move|p1b: Chi-Yu|Heat Wave|p2b: Kingambit|[spread] p2b\n|-activate|p2a: Lycanroc|move: Protect\n|-damage|p2b: Kingambit|52\/100\n|\n|upkeep\n|turn|5\n|inactive|Zeltink has 30 seconds left.\n|\n|t:|1682034474\n|move|p2a: Lycanroc|Accelerock|p1b: Chi-Yu\n|-supereffective|p1b: Chi-Yu\n|-damage|p1b: Chi-Yu|0 fnt\n|faint|p1b: Chi-Yu\n|move|p1a: Palafin|Wave Crash|p2b: Kingambit\n|-damage|p2b: Kingambit|0 fnt\n|faint|p2b: Kingambit\n|-end|p2b: Kingambit|fallen2|[silent]\n|-damage|p1a: Palafin|80\/100|[from] Recoil\n|\n|upkeep\n|turn|6\n|\n|t:|1682034487\n|-terastallize|p1a: Palafin|Water\n|move|p1a: Palafin|Jet Punch|p2a: Lycanroc\n|-supereffective|p2a: Lycanroc\n|-enditem|p2a: Lycanroc|Focus Sash\n|-damage|p2a: Lycanroc|1\/100\n|move|p2a: Lycanroc|Rock Blast|p1a: Palafin\n|-damage|p1a: Palafin|68\/100\n|-damage|p1a: Palafin|56\/100\n|-damage|p1a: Palafin|43\/100\n|-damage|p1a: Palafin|30\/100\n|-hitcount|p1a: Palafin|4\n|\n|upkeep\n|turn|7\n|\n|t:|1682034501\n|move|p2a: Lycanroc|Accelerock|p1a: Palafin\n|-damage|p1a: Palafin|2\/100\n|move|p1a: Palafin|Jet Punch|p2a: Lycanroc\n|-supereffective|p2a: Lycanroc\n|-damage|p2a: Lycanroc|0 fnt\n|faint|p2a: Lycanroc\n|\n|win|bob0976\n|raw|bob0976's rating: 1035 → 1068<\/strong> (+33 for winning)\n|raw|Zeltink's rating: 1022 → 1009<\/strong> (-13 for losing)\n|l|\u2606Zeltink\n|l|\u2606bob0976\n|l| ashiceclaw\n|j| Snap jacket dragon\n|l| Snap jacket dragon\n|j|\u2606bob0976\n|player|p1|bob0976|lucas\n","uploadtime":1682035114,"views":6,"p1id":"bob0976","p2id":"zeltink","formatid":"gen9vgc2023regulationc","rating":1009,"private":0,"password":""}