{"id":"gen9vgc2023regulationc-1864086356","p1":"Umbrian","p2":"hash brown enjoyer","format":"[Gen 9] VGC 2023 Regulation C","log":"|j|\u2606Umbrian\n|j|\u2606hash brown enjoyer\n|t:|1684115426\n|gametype|doubles\n|player|p1|Umbrian|adaman|\n|player|p2|hash brown enjoyer|2|\n|teamsize|p1|6\n|teamsize|p2|6\n|gen|9\n|tier|[Gen 9] VGC 2023 Regulation C\n|rule|Species Clause: Limit one of each Pok\u00e9mon\n|rule|Item Clause: Limit one of each item\n|clearpoke\n|poke|p1|Umbreon, L50, M|\n|poke|p1|Polteageist, L50|\n|poke|p1|Squawkabilly-Blue, L50, F|\n|poke|p1|Grafaiai, L50, F|\n|poke|p1|Jolteon, L50, M|\n|poke|p1|Lilligant, L50, F|\n|poke|p2|Misdreavus, L50, F|\n|poke|p2|Bellibolt, L50, M|\n|poke|p2|Gothorita, L50, F|\n|poke|p2|Appletun, L50, M|\n|poke|p2|Falinks, L50|\n|poke|p2|Glalie, L50, M|\n|teampreview|4\n|c|\u2606Umbrian|g2\n|j| matthewssandslash\n|j| JayMcG1010\n|\n|t:|1684115945\n|start\n|switch|p1a: Polteageist|Polteageist, L50|100\/100\n|switch|p1b: Lilligant|Lilligant, L50, F|100\/100\n|switch|p2a: SQUAD|Falinks, L50|100\/100\n|switch|p2b: flubber mane|Misdreavus, L50, F|100\/100\n|turn|1\n|\n|t:|1684115996\n|move|p2a: SQUAD|First Impression|p1b: Lilligant\n|-supereffective|p1b: Lilligant\n|-damage|p1b: Lilligant|15\/100\n|move|p1b: Lilligant|Sleep Powder|p2a: SQUAD\n|-status|p2a: SQUAD|slp|[from] move: Sleep Powder\n|move|p1a: Polteageist|Imprison|p1a: Polteageist\n|-start|p1a: Polteageist|move: Imprison\n|cant|p2b: flubber mane|move: Imprison|Trick Room\n|\n|upkeep\n|turn|2\n|c| matthewssandslash|wait what\n|c| matthewssandslash|first off, eon I love you\n|c| matthewssandslash|second off\n|c| matthewssandslash|how the HECK did that survive that\n|j| GlennIsAFrog\n|c|\u2606hash brown enjoyer|bulky ass flower girl\n|\n|t:|1684116065\n|move|p2b: flubber mane|Shadow Sneak|p1b: Lilligant\n|-damage|p1b: Lilligant|0 fnt\n|faint|p1b: Lilligant\n|move|p1a: Polteageist|Shadow Ball|p2b: flubber mane\n|-supereffective|p2b: flubber mane\n|-damage|p2b: flubber mane|24\/100\n|cant|p2a: SQUAD|slp\n|\n|upkeep\n|\n|t:|1684116074\n|switch|p1b: Grafaiai|Grafaiai, L50, F|100\/100\n|-item|p1b: Grafaiai|Air Balloon\n|turn|3\n|c| matthewssandslash|also wtf how did that kill\n|c| matthewssandslash|I did NOT expect that to kill\n|\n|t:|1684116118\n|-terastallize|p1a: Polteageist|Ghost\n|move|p1b: Grafaiai|Acid Spray|p2a: SQUAD\n|-damage|p2a: SQUAD|81\/100 slp\n|-unboost|p2a: SQUAD|spd|2\n|-ability|p2a: SQUAD|Defiant|boost\n|-boost|p2a: SQUAD|atk|2\n|move|p1a: Polteageist|Shadow Ball|p2a: SQUAD\n|-damage|p2a: SQUAD|0 fnt\n|faint|p2a: SQUAD\n|move|p2b: flubber mane|Hex|p1a: Polteageist\n|-supereffective|p1a: Polteageist\n|-damage|p1a: Polteageist|55\/100\n|\n|upkeep\n|\n|t:|1684116132\n|switch|p2a: apple pie best pie|Appletun, L50, M|100\/100\n|turn|4\n|c| matthewssandslash|also a top-tier play, super riskey\n|c| matthewssandslash|you put the E in riskey\n|\n|t:|1684116178\n|-terastallize|p2a: apple pie best pie|Steel\n|move|p1b: Grafaiai|Taunt|p2a: apple pie best pie\n|-start|p2a: apple pie best pie|move: Taunt\n|move|p2b: flubber mane|Shadow Sneak|p1a: Polteageist\n|-supereffective|p1a: Polteageist\n|-damage|p1a: Polteageist|18\/100\n|move|p1a: Polteageist|Shadow Ball|p2b: flubber mane\n|-supereffective|p2b: flubber mane\n|-damage|p2b: flubber mane|0 fnt\n|faint|p2b: flubber mane\n|move|p2a: apple pie best pie|Apple Acid|p1a: Polteageist\n|-damage|p1a: Polteageist|0 fnt\n|faint|p1a: Polteageist\n|\n|upkeep\n|c| matthewssandslash|activate defiant, knowing you can ohko after the drop with the tera ghost\n|c|\u2606Umbrian|nah i knew the speed tiers, no risk really\n|c| matthewssandslash|OH MY GOSH HE HAS TAUNT\n|\n|t:|1684116191\n|switch|p1a: Umbreon|Umbreon, L50, M|100\/100\n|switch|p2b: FROOG|Bellibolt, L50, M|100\/100\n|turn|5\n|c| matthewssandslash|speed tiers here will be interesting\n|\n|t:|1684116263\n|move|p2b: FROOG|Protect|p2b: FROOG\n|-singleturn|p2b: FROOG|Protect\n|move|p1b: Grafaiai|Acid Spray|p2b: FROOG\n|-activate|p2b: FROOG|move: Protect\n|move|p1a: Umbreon|Snarl|p2a: apple pie best pie|[spread] p2a\n|-activate|p2b: FROOG|move: Protect\n|-damage|p2a: apple pie best pie|92\/100\n|-unboost|p2a: apple pie best pie|spa|1\n|move|p2a: apple pie best pie|Apple Acid|p1a: Umbreon\n|-damage|p1a: Umbreon|89\/100\n|-unboost|p1a: Umbreon|spd|1\n|\n|-heal|p1a: Umbreon|95\/100|[from] item: Leftovers\n|upkeep\n|turn|6\n|c| GlennIsAFrog|big fan of the froog\n|c| matthewssandslash|11%\n|c|\u2606hash brown enjoyer|he's doing his best\n|\n|t:|1684116313\n|move|p1b: Grafaiai|Acid Spray|p2b: FROOG\n|-damage|p2b: FROOG|85\/100\n|-unboost|p2b: FROOG|spd|2\n|-start|p2b: FROOG|Charge|Acid Spray|[from] ability: Electromorphosis\n|move|p1a: Umbreon|Snarl|p2a: apple pie best pie|[spread] p2a,p2b\n|-damage|p2a: apple pie best pie|83\/100\n|-damage|p2b: FROOG|67\/100\n|-unboost|p2a: apple pie best pie|spa|1\n|-unboost|p2b: FROOG|spa|1\n|-start|p2b: FROOG|Charge|Snarl|[from] ability: Electromorphosis\n|move|p2b: FROOG|Parabolic Charge|p1a: Umbreon|[spread] p2a,p1a,p1b\n|-damage|p2a: apple pie best pie|62\/100\n|-heal|p2b: FROOG|77\/100|[from] drain|[of] p2a: apple pie best pie\n|-damage|p1a: Umbreon|70\/100\n|-heal|p2b: FROOG|89\/100|[from] drain|[of] p1a: Umbreon\n|-damage|p1b: Grafaiai|53\/100\n|-heal|p2b: FROOG|100\/100|[from] drain|[of] p1b: Grafaiai\n|-enditem|p1b: Grafaiai|Air Balloon\n|-end|p2b: FROOG|Charge|[silent]\n|move|p2a: apple pie best pie|Apple Acid|p1a: Umbreon\n|-damage|p1a: Umbreon|58\/100\n|-unboost|p1a: Umbreon|spd|1\n|\n|-heal|p1a: Umbreon|65\/100|[from] item: Leftovers\n|-end|p2a: apple pie best pie|move: Taunt\n|upkeep\n|turn|7\n|c| matthewssandslash|that was a very important hit with snarl onto frog\n|\n|t:|1684116388\n|move|p2b: FROOG|Protect|p2b: FROOG\n|-singleturn|p2b: FROOG|Protect\n|move|p2a: apple pie best pie|Protect|p2a: apple pie best pie\n|-singleturn|p2a: apple pie best pie|Protect\n|move|p1b: Grafaiai|Acid Spray|p2b: FROOG\n|-activate|p2b: FROOG|move: Protect\n|move|p1a: Umbreon|Dark Pulse|p2b: FROOG\n|-activate|p2b: FROOG|move: Protect\n|\n|-heal|p1a: Umbreon|71\/100|[from] item: Leftovers\n|upkeep\n|turn|8\n|\n|t:|1684116411\n|move|p1b: Grafaiai|Acid Spray|p2b: FROOG\n|-damage|p2b: FROOG|73\/100\n|-unboost|p2b: FROOG|spd|2\n|-start|p2b: FROOG|Charge|Acid Spray|[from] ability: Electromorphosis\n|move|p1a: Umbreon|Dark Pulse|p2b: FROOG\n|-damage|p2b: FROOG|20\/100\n|-start|p2b: FROOG|Charge|Dark Pulse|[from] ability: Electromorphosis\n|move|p2b: FROOG|Volt Switch|p1b: Grafaiai\n|-damage|p1b: Grafaiai|0 fnt\n|faint|p1b: Grafaiai\n|-end|p2b: FROOG|Charge|[silent]\n|move|p2a: apple pie best pie|Leech Seed|p1a: Umbreon\n|-start|p1a: Umbreon|move: Leech Seed\n|\n|-heal|p1a: Umbreon|77\/100|[from] item: Leftovers\n|-damage|p1a: Umbreon|65\/100|[from] Leech Seed|[of] p2a: apple pie best pie\n|-heal|p2a: apple pie best pie|73\/100|[silent]\n|upkeep\n|turn|9\n|c|\u2606Umbrian|needed that to kill\n|\n|t:|1684116440\n|move|p1a: Umbreon|Snarl|p2b: FROOG|[spread] p2a,p2b\n|-crit|p2b: FROOG\n|-damage|p2a: apple pie best pie|65\/100\n|-damage|p2b: FROOG|0 fnt\n|-unboost|p2a: apple pie best pie|spa|1\n|faint|p2b: FROOG\n|move|p2a: apple pie best pie|Apple Acid|p1a: Umbreon\n|-damage|p1a: Umbreon|53\/100\n|-unboost|p1a: Umbreon|spd|1\n|\n|-heal|p1a: Umbreon|59\/100|[from] item: Leftovers\n|-damage|p1a: Umbreon|47\/100|[from] Leech Seed|[of] p2a: apple pie best pie\n|-heal|p2a: apple pie best pie|76\/100|[silent]\n|upkeep\n|turn|10\n|\n|t:|1684116458\n|move|p1a: Umbreon|Taunt|p2a: apple pie best pie\n|-start|p2a: apple pie best pie|move: Taunt\n|cant|p2a: apple pie best pie|move: Taunt|Recover\n|\n|-heal|p1a: Umbreon|53\/100|[from] item: Leftovers\n|-damage|p1a: Umbreon|41\/100|[from] Leech Seed|[of] p2a: apple pie best pie\n|-heal|p2a: apple pie best pie|87\/100|[silent]\n|upkeep\n|turn|11\n|c| matthewssandslash|WHOA\n|c| matthewssandslash|WHOA\n|\n|t:|1684116478\n|move|p1a: Umbreon|Dark Pulse|p2a: apple pie best pie\n|-damage|p2a: apple pie best pie|71\/100\n|cant|p2a: apple pie best pie|flinch\n|\n|-heal|p1a: Umbreon|47\/100|[from] item: Leftovers\n|-damage|p1a: Umbreon|34\/100|[from] Leech Seed|[of] p2a: apple pie best pie\n|-heal|p2a: apple pie best pie|82\/100|[silent]\n|upkeep\n|turn|12\n|c| matthewssandslash|oh man\n|\n|t:|1684116488\n|move|p1a: Umbreon|Dark Pulse|p2a: apple pie best pie\n|-damage|p2a: apple pie best pie|65\/100\n|move|p2a: apple pie best pie|Apple Acid|p1a: Umbreon\n|-damage|p1a: Umbreon|19\/100\n|-unboost|p1a: Umbreon|spd|1\n|\n|-heal|p1a: Umbreon|25\/100|[from] item: Leftovers\n|-damage|p1a: Umbreon|12\/100|[from] Leech Seed|[of] p2a: apple pie best pie\n|-heal|p2a: apple pie best pie|76\/100|[silent]\n|-end|p2a: apple pie best pie|move: Taunt\n|upkeep\n|turn|13\n|c|\u2606Umbrian|crit 5 times\n|\n|t:|1684116502\n|move|p2a: apple pie best pie|Protect|p2a: apple pie best pie\n|-singleturn|p2a: apple pie best pie|Protect\n|move|p1a: Umbreon|Dark Pulse|p2a: apple pie best pie\n|-activate|p2a: apple pie best pie|move: Protect\n|\n|-heal|p1a: Umbreon|19\/100|[from] item: Leftovers\n|-damage|p1a: Umbreon|6\/100|[from] Leech Seed|[of] p2a: apple pie best pie\n|-heal|p2a: apple pie best pie|87\/100|[silent]\n|upkeep\n|turn|14\n|\n|t:|1684116513\n|move|p1a: Umbreon|Dark Pulse|p2a: apple pie best pie\n|-damage|p2a: apple pie best pie|72\/100\n|move|p2a: apple pie best pie|Recover|p2a: apple pie best pie\n|-heal|p2a: apple pie best pie|100\/100\n|\n|-heal|p1a: Umbreon|12\/100|[from] item: Leftovers\n|-damage|p1a: Umbreon|0 fnt|[from] Leech Seed|[of] p2a: apple pie best pie\n|faint|p1a: Umbreon\n|\n|win|hash brown enjoyer\n|upkeep\n|c| matthewssandslash|gg\n|c|\u2606hash brown enjoyer|ggs\n|c|\u2606Umbrian|ggs\n|c| matthewssandslash|wow\n|c| matthewssandslash|I TOLD Y'ALL TO BAN APPLETUN\n|c| JayMcG1010|same ^\n|l| GlennIsAFrog\n|c| JayMcG1010|sleeper draft mon\n","uploadtime":1684116537,"views":19,"p1id":"umbrian","p2id":"hashbrownenjoyer","formatid":"gen9vgc2023regulationc","rating":0,"private":0,"password":""}