{"id":"gen9vgc2023regulationc-1856660695","p1":"Gyrotest","p2":"qunqun24","format":"[Gen 9] VGC 2023 Regulation C","log":"|j|\u2606Gyrotest\n|j|\u2606qunqun24\n|t:|1683089832\n|gametype|doubles\n|player|p1|Gyrotest|harlequin|1331\n|player|p2|qunqun24|102|1361\n|teamsize|p1|6\n|teamsize|p2|6\n|gen|9\n|tier|[Gen 9] VGC 2023 Regulation C\n|rated|\n|rule|Species Clause: Limit one of each Pok\u00e9mon\n|rule|Item Clause: Limit one of each item\n|clearpoke\n|poke|p1|Gastrodon-East, L50, F|\n|poke|p1|Gyarados, L50, F|\n|poke|p1|Great Tusk, L50|\n|poke|p1|Flutter Mane, L50|\n|poke|p1|Murkrow, L50, M|\n|poke|p1|Chi-Yu, L50|\n|poke|p2|Annihilape, L50, F|\n|poke|p2|Maushold-Four, L50|\n|poke|p2|Gholdengo, L50|\n|poke|p2|Gyarados, L50, F|\n|poke|p2|Scream Tail, L50|\n|poke|p2|Ting-Lu, L50|\n|teampreview|4\n|inactive|Battle timer is ON: inactive players will automatically lose when time's up. (requested by qunqun24)\n|c|\u2606Gyrotest|smogon motherfuckers\n|c|\u2606Gyrotest|oh\n|c|\u2606Gyrotest|im not muted\n|c|\u2606Gyrotest|i hate smogon, not u\n|inactive|Gyrotest has 60 seconds left.\n|inactive|qunqun24 has 60 seconds left.\n|\n|t:|1683089886\n|start\n|switch|p1a: Great Tusk|Great Tusk, L50|100\/100\n|switch|p1b: Murkrow|Murkrow, L50, M|100\/100\n|switch|p2a: Ting-Lu|Ting-Lu, L50|100\/100\n|switch|p2b: Scream Tail|Scream Tail, L50|100\/100\n|-ability|p2a: Ting-Lu|Vessel of Ruin\n|-enditem|p2b: Scream Tail|Booster Energy\n|-activate|p2b: Scream Tail|ability: Protosynthesis|[fromitem]\n|-start|p2b: Scream Tail|protosynthesisspe\n|turn|1\n|\n|t:|1683089902\n|switch|p2a: Annihilape|Annihilape, L50, F|100\/100\n|move|p1b: Murkrow|Sunny Day|p1b: Murkrow\n|-weather|SunnyDay\n|-activate|p1a: Great Tusk|ability: Protosynthesis\n|-start|p1a: Great Tusk|protosynthesisatk\n|move|p2b: Scream Tail|Reflect|p2b: Scream Tail\n|-sidestart|p2: qunqun24|Reflect\n|move|p1a: Great Tusk|Close Combat|p2a: Annihilape\n|-immune|p2a: Annihilape\n|\n|-weather|SunnyDay|[upkeep]\n|upkeep\n|turn|2\n|\n|t:|1683089923\n|switch|p2a: Gyarados|Gyarados, L50, F|100\/100\n|-ability|p2a: Gyarados|Intimidate|boost\n|-unboost|p1a: Great Tusk|atk|1\n|-unboost|p1b: Murkrow|atk|1\n|-terastallize|p1a: Great Tusk|Ground\n|move|p2b: Scream Tail|Play Rough|p1a: Great Tusk|[miss]\n|-miss|p2b: Scream Tail|p1a: Great Tusk\n|move|p1a: Great Tusk|Headlong Rush|p2a: Gyarados\n|-immune|p2a: Gyarados\n|move|p1b: Murkrow|Foul Play|p2a: Gyarados\n|-damage|p2a: Gyarados|71\/100\n|\n|-weather|SunnyDay|[upkeep]\n|upkeep\n|turn|3\n|\n|t:|1683089948\n|-end|p1a: Great Tusk|Protosynthesis|[silent]\n|switch|p1a: Flutter Mane|Flutter Mane, L50|100\/100\n|-activate|p1a: Flutter Mane|ability: Protosynthesis\n|-start|p1a: Flutter Mane|protosynthesisspe\n|move|p2b: Scream Tail|Play Rough|p1a: Flutter Mane\n|-crit|p1a: Flutter Mane\n|-damage|p1a: Flutter Mane|28\/100\n|move|p1b: Murkrow|Foul Play|p2a: Gyarados\n|-damage|p2a: Gyarados|42\/100\n|move|p2a: Gyarados|Waterfall|p1a: Flutter Mane\n|-damage|p1a: Flutter Mane|0 fnt\n|faint|p1a: Flutter Mane\n|-end|p1a: Flutter Mane|Protosynthesis|[silent]\n|\n|-weather|SunnyDay|[upkeep]\n|upkeep\n|\n|t:|1683089961\n|switch|p1a: Chi-Yu|Chi-Yu, L50|100\/100\n|-ability|p1a: Chi-Yu|Beads of Ruin\n|turn|4\n|\n|t:|1683089970\n|switch|p2a: Ting-Lu|Ting-Lu, L50|100\/100\n|-ability|p2a: Ting-Lu|Vessel of Ruin\n|move|p1b: Murkrow|Tailwind|p1b: Murkrow\n|-sidestart|p1: Gyrotest|move: Tailwind\n|move|p1a: Chi-Yu|Heat Wave|p2a: Ting-Lu|[spread] p2a,p2b\n|-damage|p2a: Ting-Lu|62\/100\n|-damage|p2b: Scream Tail|46\/100\n|-damage|p1a: Chi-Yu|90\/100|[from] item: Life Orb\n|move|p2b: Scream Tail|Light Screen|p2b: Scream Tail\n|-sidestart|p2: qunqun24|move: Light Screen\n|\n|-weather|SunnyDay|[upkeep]\n|upkeep\n|turn|5\n|\n|t:|1683089994\n|switch|p1b: Great Tusk|Great Tusk, L50, tera:Ground|100\/100\n|-activate|p1b: Great Tusk|ability: Protosynthesis\n|-start|p1b: Great Tusk|protosynthesisatk\n|move|p1a: Chi-Yu|Overheat|p2a: Ting-Lu\n|-damage|p2a: Ting-Lu|20\/100\n|-unboost|p1a: Chi-Yu|spa|2\n|-damage|p1a: Chi-Yu|80\/100|[from] item: Life Orb\n|move|p2b: Scream Tail|Play Rough|p1a: Chi-Yu\n|-damage|p1a: Chi-Yu|45\/100\n|move|p2a: Ting-Lu|Stomping Tantrum|p1a: Chi-Yu\n|-supereffective|p1a: Chi-Yu\n|-damage|p1a: Chi-Yu|0 fnt\n|faint|p1a: Chi-Yu\n|\n|-weather|none\n|-end|p1b: Great Tusk|Protosynthesis\n|-sideend|p2: qunqun24|Reflect\n|upkeep\n|\n|t:|1683090009\n|switch|p1a: Murkrow|Murkrow, L50, M|100\/100\n|turn|6\n|\n|t:|1683090016\n|switch|p2a: Gyarados|Gyarados, L50, F|42\/100\n|-ability|p2a: Gyarados|Intimidate|boost\n|-unboost|p1a: Murkrow|atk|1\n|-unboost|p1b: Great Tusk|atk|1\n|move|p1a: Murkrow|Sunny Day|p1a: Murkrow\n|-weather|SunnyDay\n|-activate|p1b: Great Tusk|ability: Protosynthesis\n|-start|p1b: Great Tusk|protosynthesisspe\n|move|p1b: Great Tusk|Earthquake|p2a: Gyarados|[spread] p2b\n|-immune|p1a: Murkrow\n|-immune|p2a: Gyarados\n|-damage|p2b: Scream Tail|18\/100\n|move|p2b: Scream Tail|Reflect|p2b: Scream Tail\n|-sidestart|p2: qunqun24|Reflect\n|\n|-weather|SunnyDay|[upkeep]\n|upkeep\n|turn|7\n|inactive|qunqun24 has 30 seconds left.\n|inactive|Gyrotest has 30 seconds left.\n|\n|t:|1683090052\n|switch|p2a: Annihilape|Annihilape, L50, F|100\/100\n|move|p1b: Great Tusk|Protect|p1b: Great Tusk\n|-singleturn|p1b: Great Tusk|Protect\n|move|p2b: Scream Tail|Play Rough|p1b: Great Tusk\n|-activate|p1b: Great Tusk|move: Protect\n|move|p1a: Murkrow|Foul Play|p2a: Annihilape\n|-damage|p2a: Annihilape|73\/100\n|\n|-weather|SunnyDay|[upkeep]\n|-heal|p2a: Annihilape|79\/100|[from] item: Leftovers\n|-sideend|p1: Gyrotest|move: Tailwind\n|upkeep\n|turn|8\n|\n|t:|1683090068\n|-end|p2b: Scream Tail|Protosynthesis|[silent]\n|switch|p2b: Gyarados|Gyarados, L50, F|42\/100\n|-ability|p2b: Gyarados|Intimidate|boost\n|-unboost|p1a: Murkrow|atk|1\n|-unboost|p1b: Great Tusk|atk|1\n|move|p2a: Annihilape|Protect|p2a: Annihilape\n|-singleturn|p2a: Annihilape|Protect\n|move|p1a: Murkrow|Haze|p1a: Murkrow\n|-clearallboost\n|move|p1b: Great Tusk|Headlong Rush|p2b: Gyarados\n|-immune|p2b: Gyarados\n|\n|-weather|SunnyDay|[upkeep]\n|-heal|p2a: Annihilape|85\/100|[from] item: Leftovers\n|-sideend|p2: qunqun24|move: Light Screen\n|upkeep\n|turn|9\n|inactive|Gyrotest has 30 seconds left.\n|\n|t:|1683090095\n|move|p1b: Great Tusk|Headlong Rush|p2a: Annihilape\n|-damage|p2a: Annihilape|35\/100\n|-unboost|p1b: Great Tusk|def|1\n|-unboost|p1b: Great Tusk|spd|1\n|move|p2a: Annihilape|Rage Fist|p1b: Great Tusk\n|-damage|p1b: Great Tusk|26\/100\n|move|p1a: Murkrow|Foul Play|p2b: Gyarados\n|-damage|p2b: Gyarados|10\/100\n|-enditem|p2b: Gyarados|Aguav Berry|[eat]\n|-heal|p2b: Gyarados|44\/100|[from] item: Aguav Berry\n|move|p2b: Gyarados|Waterfall|p1b: Great Tusk\n|-supereffective|p1b: Great Tusk\n|-damage|p1b: Great Tusk|0 fnt\n|faint|p1b: Great Tusk\n|-end|p1b: Great Tusk|Protosynthesis|[silent]\n|\n|-weather|SunnyDay|[upkeep]\n|-heal|p2a: Annihilape|42\/100|[from] item: Leftovers\n|upkeep\n|turn|10\n|-message|Gyrotest forfeited.\n|\n|win|qunqun24\n|raw|Gyrotest's rating: 1331 → 1313<\/strong> (-18 for losing)\n|raw|qunqun24's rating: 1361 → 1379<\/strong> (+18 for winning)\n","uploadtime":1683089845,"views":4,"p1id":"gyrotest","p2id":"qunqun24","formatid":"gen9vgc2023regulationc","rating":1313,"private":0,"password":""}