{"id":"gen9vgc2023regulationc-1853125853","p1":"mugiwaraLux","p2":"esotilin123456","format":"[Gen 9] VGC 2023 Regulation C","log":"|j|\u2606mugiwaraLux\n|j|!esotilin123456\n|t:|1682638276\n|gametype|doubles\n|player|p1|mugiwaraLux|1|\n|player|p2|esotilin123456|harlequin|\n|teamsize|p1|6\n|teamsize|p2|6\n|gen|9\n|tier|[Gen 9] VGC 2023 Regulation C\n|rated|Tournament battle\n|rule|Species Clause: Limit one of each Pok\u00e9mon\n|rule|Item Clause: Limit one of each item\n|clearpoke\n|poke|p1|Palafin, L50, M|\n|poke|p1|Amoonguss, L50, M|\n|poke|p1|Flutter Mane, L50|\n|poke|p1|Arcanine, L50, M|\n|poke|p1|Chien-Pao, L50|\n|poke|p1|Roaring Moon, L50|\n|poke|p2|Arcanine, L50, M|\n|poke|p2|Gastrodon, L50, F|\n|poke|p2|Rotom-Mow, L50|\n|poke|p2|Tyranitar, L50, M|\n|poke|p2|Corviknight, L50, F|\n|poke|p2|Salamence, L50, M|\n|teampreview|4\n|raw| Open Team Sheet for mugiwaraLux<\/summary>Palafin @ Mystic Water Ability: Zero to Hero Level: 50 Tera Type: Water - Jet Punch - Wave Crash - Protect - Haze Amoonguss @ Sitrus Berry Ability: Regenerator Level: 50 Tera Type: Water - Pollen Puff - Spore - Rage Powder - Protect Mimi (Flutter Mane) @ Choice Specs Ability: Protosynthesis Level: 50 Tera Type: Fairy - Moonblast - Dazzling Gleam - Shadow Ball - Thunderbolt Arcanine @ Safety Goggles Ability: Intimidate Level: 50 Tera Type: Flying - Extreme Speed - Will-O-Wisp - Protect - Flare Blitz Chien-Pao @ Focus Sash Ability: Sword of Ruin Level: 50 Tera Type: Ghost - Ice Spinner - Sucker Punch - Sacred Sword - Protect Roaring Moon @ Booster Energy Ability: Protosynthesis Level: 50 Tera Type: Flying - Acrobatics - Throat Chop - Dragon Dance - Protect <\/details><\/div> Open Team Sheet for esotilin123456<\/summary>good boi (Arcanine) (M) @ Assault Vest Ability: Intimidate Level: 50 Tera Type: Grass - Flare Blitz - Extreme Speed - Snarl - Close Combat GROHAHSHSHSH (Gastrodon) (F) @ Leftovers Ability: Storm Drain Level: 50 Tera Type: Fire - Protect - Yawn - Ice Beam - Earth Power IRON MUGULIS (Rotom-Mow) @ Life Orb Ability: Levitate Level: 50 Tera Type: Electric - Protect - Will-O-Wisp - Thunderbolt - Leaf Storm Great Tyrant (Tyranitar) (M) @ Chople Berry Ability: Sand Stream Level: 50 Shiny: Yes Tera Type: Rock - Protect - Rock Slide - Crunch - Ice Punch IRON BIRD (Corviknight) @ Aguav Berry Ability: Mirror Armor Level: 50 Tera Type: Fire - Protect - Bulk Up - Brave Bird - Roost THE LIZARD (Salamence) @ Scope Lens Ability: Intimidate Level: 50 Tera Type: Fire - Protect - Focus Energy - Draco Meteor - Flamethrower <\/details><\/div>\n|inactive|Battle timer is ON: inactive players will automatically lose when time's up. (requested by mugiwaraLux)\n|j| ROBERT5239423942\n|j| Humanberrito 2.0\n|j| NoraaW\n|inactive|mugiwaraLux has 60 seconds left.\n|\n|t:|1682638334\n|start\n|switch|p1a: Arcanine|Arcanine, L50, M|100\/100\n|switch|p1b: Amoonguss|Amoonguss, L50, M|100\/100\n|switch|p2a: GROHAHSHSHSH|Gastrodon, L50, F|100\/100\n|switch|p2b: good boi|Arcanine, L50, M|100\/100\n|-ability|p1a: Arcanine|Intimidate|boost\n|-unboost|p2a: GROHAHSHSHSH|atk|1\n|-unboost|p2b: good boi|atk|1\n|-ability|p2b: good boi|Intimidate|boost\n|-unboost|p1a: Arcanine|atk|1\n|-unboost|p1b: Amoonguss|atk|1\n|turn|1\n|inactive|mugiwaraLux has 30 seconds left.\n|inactive|esotilin123456 has 30 seconds left.\n|\n|t:|1682638360\n|move|p1a: Arcanine|Extreme Speed|p2a: GROHAHSHSHSH\n|-damage|p2a: GROHAHSHSHSH|85\/100\n|move|p2b: good boi|Flare Blitz|p1b: Amoonguss\n|-supereffective|p1b: Amoonguss\n|-damage|p1b: Amoonguss|31\/100\n|-status|p1b: Amoonguss|brn\n|-enditem|p1b: Amoonguss|Sitrus Berry|[eat]\n|-heal|p1b: Amoonguss|56\/100 brn|[from] item: Sitrus Berry\n|-damage|p2b: good boi|72\/100|[from] Recoil\n|move|p2a: GROHAHSHSHSH|Earth Power|p1a: Arcanine\n|-supereffective|p1a: Arcanine\n|-damage|p1a: Arcanine|32\/100\n|move|p1b: Amoonguss|Spore|p2b: good boi\n|-status|p2b: good boi|slp|[from] move: Spore\n|\n|-heal|p2a: GROHAHSHSHSH|92\/100|[from] item: Leftovers\n|-damage|p1b: Amoonguss|50\/100 brn|[from] brn\n|upkeep\n|turn|2\n|inactive|mugiwaraLux has 30 seconds left.\n|\n|t:|1682638387\n|switch|p1a: Roaring Moon|Roaring Moon, L50|100\/100\n|-enditem|p1a: Roaring Moon|Booster Energy\n|-activate|p1a: Roaring Moon|ability: Protosynthesis|[fromitem]\n|-start|p1a: Roaring Moon|protosynthesisatk\n|cant|p2b: good boi|slp\n|move|p2a: GROHAHSHSHSH|Ice Beam|p1b: Amoonguss\n|-supereffective|p1b: Amoonguss\n|-damage|p1b: Amoonguss|11\/100 brn\n|move|p1b: Amoonguss|Spore|p2a: GROHAHSHSHSH\n|-status|p2a: GROHAHSHSHSH|slp|[from] move: Spore\n|\n|-heal|p2a: GROHAHSHSHSH|98\/100 slp|[from] item: Leftovers\n|-damage|p1b: Amoonguss|5\/100 brn|[from] brn\n|upkeep\n|turn|3\n|\n|t:|1682638406\n|switch|p2b: IRON MUGULIS|Rotom-Mow, L50|100\/100\n|switch|p1b: Arcanine|Arcanine, L50, M|32\/100\n|-ability|p1b: Arcanine|Intimidate|boost\n|-unboost|p2a: GROHAHSHSHSH|atk|1\n|-unboost|p2b: IRON MUGULIS|atk|1\n|-terastallize|p1a: Roaring Moon|Flying\n|move|p1a: Roaring Moon|Dragon Dance|p1a: Roaring Moon\n|-boost|p1a: Roaring Moon|atk|1\n|-boost|p1a: Roaring Moon|spe|1\n|cant|p2a: GROHAHSHSHSH|slp\n|\n|-heal|p2a: GROHAHSHSHSH|100\/100 slp|[from] item: Leftovers\n|upkeep\n|turn|4\n|\n|t:|1682638427\n|switch|p2b: good boi|Arcanine, L50, M|72\/100 slp\n|-ability|p2b: good boi|Intimidate|boost\n|-unboost|p1a: Roaring Moon|atk|1\n|-unboost|p1b: Arcanine|atk|1\n|move|p1b: Arcanine|Extreme Speed|p2a: GROHAHSHSHSH\n|-damage|p2a: GROHAHSHSHSH|85\/100 slp\n|move|p1a: Roaring Moon|Acrobatics|p2b: good boi\n|-damage|p2b: good boi|0 fnt\n|faint|p2b: good boi\n|-curestatus|p2a: GROHAHSHSHSH|slp|[msg]\n|move|p2a: GROHAHSHSHSH|Yawn|p1a: Roaring Moon\n|-start|p1a: Roaring Moon|move: Yawn|[of] p2a: GROHAHSHSHSH\n|\n|-heal|p2a: GROHAHSHSHSH|92\/100|[from] item: Leftovers\n|upkeep\n|\n|t:|1682638440\n|switch|p2b: Great Tyrant|Tyranitar, L50, M, shiny|100\/100\n|-weather|Sandstorm|[from] ability: Sand Stream|[of] p2b: Great Tyrant\n|turn|5\n|\n|t:|1682638453\n|-end|p1a: Roaring Moon|Protosynthesis|[silent]\n|switch|p1a: Amoonguss|Amoonguss, L50, M|39\/100 brn\n|move|p2b: Great Tyrant|Protect|p2b: Great Tyrant\n|-singleturn|p2b: Great Tyrant|Protect\n|move|p1b: Arcanine|Will-O-Wisp|p2b: Great Tyrant\n|-activate|p2b: Great Tyrant|move: Protect\n|move|p2a: GROHAHSHSHSH|Earth Power|p1b: Arcanine\n|-supereffective|p1b: Arcanine\n|-damage|p1b: Arcanine|0 fnt\n|faint|p1b: Arcanine\n|\n|-weather|Sandstorm|[upkeep]\n|-damage|p1a: Amoonguss|33\/100 brn|[from] Sandstorm\n|-heal|p2a: GROHAHSHSHSH|98\/100|[from] item: Leftovers\n|-damage|p1a: Amoonguss|27\/100 brn|[from] brn\n|upkeep\n|\n|t:|1682638461\n|switch|p1b: Chien-Pao|Chien-Pao, L50|100\/100\n|-ability|p1b: Chien-Pao|Sword of Ruin\n|turn|6\n|\n|t:|1682638477\n|-terastallize|p2b: Great Tyrant|Rock\n|move|p1b: Chien-Pao|Ice Spinner|p2a: GROHAHSHSHSH\n|-damage|p2a: GROHAHSHSHSH|46\/100\n|move|p2b: Great Tyrant|Rock Slide|p1a: Amoonguss|[spread] p1a,p1b\n|-supereffective|p1b: Chien-Pao\n|-damage|p1a: Amoonguss|0 fnt\n|-enditem|p1b: Chien-Pao|Focus Sash\n|-damage|p1b: Chien-Pao|1\/100\n|faint|p1a: Amoonguss\n|move|p2a: GROHAHSHSHSH|Earth Power|p1b: Chien-Pao\n|-damage|p1b: Chien-Pao|0 fnt\n|faint|p1b: Chien-Pao\n|\n|-weather|Sandstorm|[upkeep]\n|-heal|p2a: GROHAHSHSHSH|52\/100|[from] item: Leftovers\n|upkeep\n|\n|t:|1682638483\n|switch|p1b: Roaring Moon|Roaring Moon, L50, tera:Flying|100\/100\n|turn|7\n|\n|t:|1682638490\n|move|p1b: Roaring Moon|Throat Chop|p2a: GROHAHSHSHSH\n|-damage|p2a: GROHAHSHSHSH|3\/100\n|-start|p2a: GROHAHSHSHSH|Throat Chop|[silent]\n|move|p2b: Great Tyrant|Rock Slide|p1b: Roaring Moon\n|-supereffective|p1b: Roaring Moon\n|-damage|p1b: Roaring Moon|0 fnt\n|faint|p1b: Roaring Moon\n|-end|p1b: Roaring Moon|Protosynthesis|[silent]\n|\n|win|esotilin123456\n|n|\u2606mugiwaraLux|mugiwaralux\n|n|\u2606esotilin123456|esotilin123456\n|n| ROBERT5239423942|robert5239423942\n|n| Humanberrito 2.0|humanberrito20\n|n| NoraaW|noraaw\n","uploadtime":1682638497,"views":9,"p1id":"mugiwaralux","p2id":"esotilin123456","formatid":"gen9vgc2023regulationc","rating":0,"private":0,"password":""}