{"id":"gen9vgc2023regulationc-1849857197","p1":"Retroz1x","p2":"Idk544","format":"[Gen 9] VGC 2023 Regulation C","log":"|j|\u2606Retroz1x\n|j|\u2606Idk544\n|t:|1682261256\n|gametype|doubles\n|player|p1|Retroz1x|1|1300\n|player|p2|Idk544|silver|1285\n|teamsize|p1|6\n|teamsize|p2|6\n|gen|9\n|tier|[Gen 9] VGC 2023 Regulation C\n|rated|\n|rule|Species Clause: Limit one of each Pok\u00e9mon\n|rule|Item Clause: Limit one of each item\n|clearpoke\n|poke|p1|Armarouge, L50, M|\n|poke|p1|Indeedee-F, L50, F|\n|poke|p1|Meowscarada, L50, F|\n|poke|p1|Gholdengo, L50|\n|poke|p1|Hydreigon, L50, M|\n|poke|p1|Maushold-Four, L50|\n|poke|p2|Orthworm, L50, M|\n|poke|p2|Iron Hands, L50|\n|poke|p2|Flutter Mane, L50|\n|poke|p2|Gholdengo, L50|\n|poke|p2|Gyarados, L50, M|\n|poke|p2|Ting-Lu, L50|\n|teampreview|4\nRetroz1x rejected open team sheets.\n|inactive|Battle timer is ON: inactive players will automatically lose when time's up. (requested by Retroz1x)\n|inactive|Retroz1x has 60 seconds left.\n|inactive|Idk544 has 60 seconds left.\n|\n|t:|1682261317\n|start\n|switch|p1a: Indeedee|Indeedee-F, L50, F|100\/100\n|switch|p1b: Meowscarada|Meowscarada, L50, F|100\/100\n|switch|p2a: Ting-Lu|Ting-Lu, L50|100\/100\n|switch|p2b: Orthworm|Orthworm, L50, M|100\/100\n|-fieldstart|move: Psychic Terrain|[from] ability: Psychic Surge|[of] p1a: Indeedee\n|-enditem|p1a: Indeedee|Psychic Seed\n|-boost|p1a: Indeedee|spd|1|[from] item: Psychic Seed\n|-ability|p2a: Ting-Lu|Vessel of Ruin\n|turn|1\n|inactive|Idk544 has 30 seconds left.\n|inactive|Idk544 has 20 seconds left.\n|\n|t:|1682261356\n|move|p2a: Ting-Lu|Protect|p2a: Ting-Lu\n|-singleturn|p2a: Ting-Lu|Protect\n|move|p1a: Indeedee|Follow Me|p1a: Indeedee\n|-singleturn|p1a: Indeedee|move: Follow Me\n|move|p1b: Meowscarada|Flower Trick|p2a: Ting-Lu\n|-activate|p2a: Ting-Lu|move: Protect\n|move|p2b: Orthworm|Shed Tail|p2b: Orthworm\n|-start|p2b: Orthworm|Substitute|[from] move: Shed Tail\n|-damage|p2b: Orthworm|50\/100\n|-enditem|p2b: Orthworm|Sitrus Berry|[eat]\n|-heal|p2b: Orthworm|75\/100|[from] item: Sitrus Berry\n|\n|t:|1682261370\n|switch|p2b: Flutter Mane|Flutter Mane, L50|100\/100|[from] Shed Tail\n|\n|upkeep\n|turn|2\n|inactive|Retroz1x has 30 seconds left.\n|\n|t:|1682261401\n|switch|p1b: Armarouge|Armarouge, L50, M|100\/100\n|switch|p2a: Orthworm|Orthworm, L50, M|75\/100\n|-terastallize|p2b: Flutter Mane|Fairy\n|move|p1a: Indeedee|Follow Me|p1a: Indeedee\n|-singleturn|p1a: Indeedee|move: Follow Me\n|move|p2b: Flutter Mane|Dazzling Gleam|p1a: Indeedee|[spread] p1a,p1b\n|-resisted|p1b: Armarouge\n|-damage|p1a: Indeedee|70\/100\n|-damage|p1b: Armarouge|72\/100\n|\n|upkeep\n|turn|3\n|inactive|Idk544 has 30 seconds left.\n|inactive|Idk544 has 20 seconds left.\n|\n|t:|1682261438\n|move|p2a: Orthworm|Protect|p2a: Orthworm\n|-singleturn|p2a: Orthworm|Protect\n|move|p1a: Indeedee|Follow Me|p1a: Indeedee\n|-singleturn|p1a: Indeedee|move: Follow Me\n|move|p2b: Flutter Mane|Dazzling Gleam|p1b: Armarouge|[spread] p1a,p1b\n|-resisted|p1b: Armarouge\n|-damage|p1a: Indeedee|41\/100\n|-damage|p1b: Armarouge|45\/100\n|move|p1b: Armarouge|Expanding Force|p2a: Orthworm|[spread] p2b\n|-activate|p2a: Orthworm|move: Protect\n|-end|p2b: Flutter Mane|Substitute\n|-damage|p1b: Armarouge|35\/100|[from] item: Life Orb\n|\n|upkeep\n|turn|4\n|inactive|Retroz1x has 30 seconds left.\n|\n|t:|1682261463\n|move|p2a: Orthworm|Helping Hand|p2b: Flutter Mane\n|-singleturn|p2b: Flutter Mane|Helping Hand|[of] p2a: Orthworm\n|move|p1a: Indeedee|Follow Me|p1a: Indeedee\n|-singleturn|p1a: Indeedee|move: Follow Me\n|move|p2b: Flutter Mane|Dazzling Gleam|p1a: Indeedee|[spread] p1a,p1b\n|-resisted|p1b: Armarouge\n|-damage|p1a: Indeedee|0 fnt\n|-damage|p1b: Armarouge|0 fnt\n|faint|p1a: Indeedee\n|faint|p1b: Armarouge\n|\n|upkeep\n|\n|t:|1682261472\n|switch|p1b: Hydreigon|Hydreigon, L50, M|100\/100\n|switch|p1a: Meowscarada|Meowscarada, L50, F|100\/100\n|turn|5\n|inactive|Idk544 has 30 seconds left.\n|\n|t:|1682261502\n|-terastallize|p1a: Meowscarada|Grass\n|move|p1b: Hydreigon|Protect|p1b: Hydreigon\n|-singleturn|p1b: Hydreigon|Protect\n|move|p1a: Meowscarada|Flower Trick|p2b: Flutter Mane\n|-crit|p2b: Flutter Mane\n|-enditem|p2b: Flutter Mane|Focus Sash\n|-damage|p2b: Flutter Mane|1\/100\n|move|p2b: Flutter Mane|Dazzling Gleam|p1a: Meowscarada|[spread] p1a\n|-activate|p1b: Hydreigon|move: Protect\n|-damage|p1a: Meowscarada|25\/100\n|move|p2a: Orthworm|Shed Tail|p2a: Orthworm\n|-start|p2a: Orthworm|Substitute|[from] move: Shed Tail\n|-damage|p2a: Orthworm|25\/100\n|inactive|Idk544 has 30 seconds left.\n|\n|t:|1682261533\n|switch|p2a: Gholdengo|Gholdengo, L50|100\/100|[from] Shed Tail\n|\n|-fieldend|move: Psychic Terrain\n|upkeep\n|turn|6\n|\n|t:|1682261553\n|-end|p2b: Flutter Mane|Protosynthesis|[silent]\n|switch|p2b: Orthworm|Orthworm, L50, M|25\/100\n|move|p1a: Meowscarada|Flower Trick|p2b: Orthworm\n|-resisted|p2b: Orthworm\n|-crit|p2b: Orthworm\n|-damage|p2b: Orthworm|0 fnt\n|faint|p2b: Orthworm\n|move|p1b: Hydreigon|Dark Pulse|p2a: Gholdengo\n|-supereffective|p2a: Gholdengo\n|-end|p2a: Gholdengo|Substitute\n|move|p2a: Gholdengo|Make It Rain|p1a: Meowscarada|[spread] p1a,p1b\n|-damage|p1a: Meowscarada|0 fnt\n|-damage|p1b: Hydreigon|43\/100\n|-unboost|p2a: Gholdengo|spa|1\n|faint|p1a: Meowscarada\n|\n|upkeep\n|-message|Retroz1x forfeited.\n|\n|win|Idk544\n|raw|Retroz1x's rating: 1300 → 1274<\/strong> (-26 for losing)\n|raw|Idk544's rating: 1285 → 1311<\/strong> (+26 for winning)\n|l|\u2606Retroz1x\n","uploadtime":1682261574,"views":14,"p1id":"retroz1x","p2id":"idk544","formatid":"gen9vgc2023regulationc","rating":1274,"private":0,"password":""}