{"id":"gen9vgc2023regulationc-1852540259","p1":"S7Skanguro","p2":"Hiruko74","format":"[Gen 9] VGC 2023 Regulation C","log":"|j|\u2606S7Skanguro\n|j|\u2606Hiruko74\n|t:|1682572488\n|gametype|doubles\n|player|p1|S7Skanguro|266|1071\n|player|p2|Hiruko74|li|1041\n|teamsize|p1|6\n|teamsize|p2|6\n|gen|9\n|tier|[Gen 9] VGC 2023 Regulation C\n|rated|\n|rule|Species Clause: Limit one of each Pok\u00e9mon\n|rule|Item Clause: Limit one of each item\n|clearpoke\n|poke|p1|Grimmsnarl, L50, M|\n|poke|p1|Rotom-Mow, L50|\n|poke|p1|Kingambit, L50, M|\n|poke|p1|Great Tusk, L50|\n|poke|p1|Palafin, L50, F|\n|poke|p1|Chi-Yu, L50|\n|poke|p2|Ting-Lu, L50|\n|poke|p2|Amoonguss, L50, M|\n|poke|p2|Flutter Mane, L50|\n|poke|p2|Dragonite, L50, M|\n|poke|p2|Chien-Pao, L50|\n|poke|p2|Corviknight, L50, M|\n|teampreview|4\n|\n|t:|1682572520\n|start\n|switch|p1a: Grimmsnarl|Grimmsnarl, L50, M|100\/100\n|switch|p1b: Palafin|Palafin, L50, F|100\/100\n|switch|p2a: Ting-Lu|Ting-Lu, L50|100\/100\n|switch|p2b: Corviknight|Corviknight, L50, M|100\/100\n|-ability|p2a: Ting-Lu|Vessel of Ruin\n|turn|1\n|\n|t:|1682572548\n|detailschange|p1b: Palafin|Palafin-Hero, L50, F\n|switch|p1b: Chi-Yu|Chi-Yu, L50|100\/100\n|-ability|p1b: Chi-Yu|Beads of Ruin\n|move|p1a: Grimmsnarl|Reflect|p1a: Grimmsnarl\n|-sidestart|p1: S7Skanguro|Reflect\n|move|p2b: Corviknight|Tailwind|p2b: Corviknight\n|-sidestart|p2: Hiruko74|move: Tailwind\n|move|p2a: Ting-Lu|Fissure|p1a: Grimmsnarl|[miss]\n|-miss|p2a: Ting-Lu|p1a: Grimmsnarl\n|\n|upkeep\n|turn|2\n|\n|t:|1682572567\n|move|p2b: Corviknight|Brave Bird|p1a: Grimmsnarl\n|-damage|p1a: Grimmsnarl|71\/100\n|-damage|p2b: Corviknight|91\/100|[from] Recoil\n|move|p1b: Chi-Yu|Will-O-Wisp|p2b: Corviknight\n|-status|p2b: Corviknight|brn\n|move|p2a: Ting-Lu|Stomping Tantrum|p1b: Chi-Yu\n|-supereffective|p1b: Chi-Yu\n|-damage|p1b: Chi-Yu|17\/100\n|move|p1a: Grimmsnarl|Spirit Break|p2a: Ting-Lu\n|-supereffective|p2a: Ting-Lu\n|-damage|p2a: Ting-Lu|70\/100\n|-unboost|p2a: Ting-Lu|spa|1\n|\n|-damage|p2b: Corviknight|85\/100 brn|[from] brn\n|upkeep\n|turn|3\n|\n|t:|1682572594\n|switch|p1b: Palafin|Palafin-Hero, L50, F|100\/100\n|-activate|p1b: Palafin|ability: Zero to Hero\n|move|p1a: Grimmsnarl|Reflect||[still]\n|-fail|p1a: Grimmsnarl\n|move|p2b: Corviknight|Iron Head|p1b: Palafin\n|-resisted|p1b: Palafin\n|-damage|p1b: Palafin|95\/100\n|move|p2a: Ting-Lu|Fissure|p1a: Grimmsnarl\n|-damage|p1a: Grimmsnarl|0 fnt\n|faint|p1a: Grimmsnarl\n|-ohko\n|\n|-damage|p2b: Corviknight|79\/100 brn|[from] brn\n|upkeep\n|\n|t:|1682572611\n|switch|p1a: Chi-Yu|Chi-Yu, L50|17\/100\n|-ability|p1a: Chi-Yu|Beads of Ruin\n|turn|4\n|\n|t:|1682572623\n|move|p1b: Palafin|Jet Punch|p2a: Ting-Lu\n|-supereffective|p2a: Ting-Lu\n|-damage|p2a: Ting-Lu|20\/100\n|move|p2b: Corviknight|Iron Head|p1a: Chi-Yu\n|-resisted|p1a: Chi-Yu\n|-damage|p1a: Chi-Yu|11\/100\n|move|p2a: Ting-Lu|Fissure|p1b: Palafin|[miss]\n|-miss|p2a: Ting-Lu|p1b: Palafin\n|move|p1a: Chi-Yu|Heat Wave|p2a: Ting-Lu|[spread] p2a,p2b\n|-supereffective|p2b: Corviknight\n|-damage|p2a: Ting-Lu|5\/100\n|-damage|p2b: Corviknight|11\/100 brn\n|\n|-damage|p2b: Corviknight|5\/100 brn|[from] brn\n|-sideend|p2: Hiruko74|move: Tailwind\n|upkeep\n|turn|5\n|\n|t:|1682572650\n|move|p1b: Palafin|Ice Punch|p2a: Ting-Lu\n|-supereffective|p2a: Ting-Lu\n|-damage|p2a: Ting-Lu|0 fnt\n|faint|p2a: Ting-Lu\n|move|p1a: Chi-Yu|Heat Wave|p2b: Corviknight\n|-supereffective|p2b: Corviknight\n|-damage|p2b: Corviknight|0 fnt\n|faint|p2b: Corviknight\n|\n|upkeep\n|\n|t:|1682572660\n|switch|p2b: Dragonite|Dragonite, L50, M|100\/100\n|switch|p2a: Flutter Mane|Flutter Mane, L50|100\/100\n|-enditem|p2a: Flutter Mane|Booster Energy\n|-activate|p2a: Flutter Mane|ability: Protosynthesis|[fromitem]\n|-start|p2a: Flutter Mane|protosynthesisspe\n|turn|6\n|\n|t:|1682572681\n|-terastallize|p1b: Palafin|Water\n|move|p2a: Flutter Mane|Shadow Ball|p1a: Chi-Yu\n|-resisted|p1a: Chi-Yu\n|-damage|p1a: Chi-Yu|0 fnt\n|faint|p1a: Chi-Yu\n|move|p1b: Palafin|Ice Punch|p2b: Dragonite\n|-supereffective|p2b: Dragonite\n|-damage|p2b: Dragonite|36\/100\n|move|p2b: Dragonite|Ice Spinner|p1b: Palafin\n|-resisted|p1b: Palafin\n|-damage|p1b: Palafin|85\/100\n|\n|upkeep\n|\n|t:|1682572694\n|switch|p1a: Rotom|Rotom-Mow, L50|100\/100\n|turn|7\n|\n|t:|1682572710\n|-terastallize|p2a: Flutter Mane|Fairy\n|move|p2b: Dragonite|Protect|p2b: Dragonite\n|-singleturn|p2b: Dragonite|Protect\n|move|p2a: Flutter Mane|Shadow Ball|p1b: Palafin\n|-damage|p1b: Palafin|40\/100\n|move|p1a: Rotom|Thunderbolt|p2a: Flutter Mane\n|-damage|p2a: Flutter Mane|56\/100\n|move|p1b: Palafin|Ice Punch|p2b: Dragonite\n|-activate|p2b: Dragonite|move: Protect\n|\n|upkeep\n|turn|8\n|\n|t:|1682572731\n|move|p2b: Dragonite|Extreme Speed|p1a: Rotom\n|-damage|p1a: Rotom|72\/100\n|move|p2a: Flutter Mane|Shadow Ball|p1b: Palafin\n|-damage|p1b: Palafin|0 fnt\n|faint|p1b: Palafin\n|move|p1a: Rotom|Thunderbolt|p2a: Flutter Mane\n|-damage|p2a: Flutter Mane|8\/100\n|\n|-sideend|p1: S7Skanguro|Reflect\n|upkeep\n|turn|9\n|\n|t:|1682572756\n|move|p2a: Flutter Mane|Shadow Ball|p1a: Rotom\n|-damage|p1a: Rotom|19\/100\n|move|p1a: Rotom|Thunderbolt|p2a: Flutter Mane\n|-damage|p2a: Flutter Mane|0 fnt\n|faint|p2a: Flutter Mane\n|-end|p2a: Flutter Mane|Protosynthesis|[silent]\n|move|p2b: Dragonite|Ice Spinner|p1a: Rotom\n|-supereffective|p1a: Rotom\n|-damage|p1a: Rotom|0 fnt\n|faint|p1a: Rotom\n|\n|win|Hiruko74\n|raw|S7Skanguro's rating: 1071 → 1049<\/strong> (-22 for losing)\n|raw|Hiruko74's rating: 1041 → 1078<\/strong> (+37 for winning)\n|l|\u2606S7Skanguro\n","uploadtime":1682572777,"views":10,"p1id":"s7skanguro","p2id":"hiruko74","formatid":"gen9vgc2023regulationc","rating":1049,"private":0,"password":""}