{"id":"gen9vgc2023regulationc-1855881968","p1":"Nehzzy","p2":"Neil278","format":"[Gen 9] VGC 2023 Regulation C","log":"|j|\u2606Nehzzy\n|j|\u2606Neil278\n|t:|1682995539\n|gametype|doubles\n|player|p1|Nehzzy|steven|1320\n|player|p2|Neil278|1|1311\n|teamsize|p1|6\n|teamsize|p2|6\n|gen|9\n|tier|[Gen 9] VGC 2023 Regulation C\n|rated|\n|rule|Species Clause: Limit one of each Pok\u00e9mon\n|rule|Item Clause: Limit one of each item\n|clearpoke\n|poke|p1|Orthworm, L50, F|\n|poke|p1|Garchomp, L50, F|\n|poke|p1|Talonflame, L50, F|\n|poke|p1|Amoonguss, L50, M|\n|poke|p1|Gholdengo, L50|\n|poke|p1|Gyarados, L50, M|\n|poke|p2|Iron Bundle, L50|\n|poke|p2|Iron Hands, L50|\n|poke|p2|Chi-Yu, L50|\n|poke|p2|Flutter Mane, L50|\n|poke|p2|Amoonguss, L50, F|\n|poke|p2|Arcanine, L50, F|\n|teampreview|4\nNehzzy has agreed to open team sheets.\n|c|\u2606Nehzzy|accept ots?\n|c|\u2606Neil278|Sure\nNeil278 has agreed to open team sheets.\n|c|\u2606Nehzzy|ty, glhf\n|c|\u2606Neil278|GLHF!\n|\n|t:|1682995618\n|start\n|switch|p1a: Talonflame|Talonflame, L50, F, shiny|100\/100\n|switch|p1b: Orthworm|Orthworm, L50, F, shiny|100\/100\n|switch|p2a: Iron Hands|Iron Hands, L50|100\/100\n|switch|p2b: Iron Bundle|Iron Bundle, L50|100\/100\n|-enditem|p2b: Iron Bundle|Booster Energy\n|-activate|p2b: Iron Bundle|ability: Quark Drive|[fromitem]\n|-start|p2b: Iron Bundle|quarkdrivespe\n|turn|1\n|\n|t:|1682995644\n|-terastallize|p1a: Talonflame|Flying\n|move|p2a: Iron Hands|Fake Out|p1b: Orthworm\n|-resisted|p1b: Orthworm\n|-damage|p1b: Orthworm|94\/100\n|move|p1a: Talonflame|Brave Bird|p2b: Iron Bundle\n|-crit|p2b: Iron Bundle\n|-damage|p2b: Iron Bundle|0 fnt\n|faint|p2b: Iron Bundle\n|-end|p2b: Iron Bundle|Quark Drive|[silent]\n|-damage|p1a: Talonflame|72\/100|[from] Recoil\n|cant|p1b: Orthworm|flinch\n|\n|upkeep\n|\n|t:|1682995675\n|switch|p2b: Flutter Mane|Flutter Mane, L50|100\/100\n|turn|2\n|\n|t:|1682995690\n|-end|p2a: Iron Hands|Quark Drive|[silent]\n|switch|p2a: Chi-Yu|Chi-Yu, L50|100\/100\n|-ability|p2a: Chi-Yu|Beads of Ruin\n|move|p2b: Flutter Mane|Dazzling Gleam|p1b: Orthworm|[spread] p1a,p1b\n|-resisted|p1b: Orthworm\n|-damage|p1a: Talonflame|0 fnt\n|-damage|p1b: Orthworm|52\/100\n|faint|p1a: Talonflame\n|move|p1b: Orthworm|Heavy Slam|p2b: Flutter Mane\n|-supereffective|p2b: Flutter Mane\n|-damage|p2b: Flutter Mane|0 fnt\n|faint|p2b: Flutter Mane\n|-end|p2b: Flutter Mane|Protosynthesis|[silent]\n|\n|upkeep\n|\n|t:|1682995701\n|switch|p2b: Iron Hands|Iron Hands, L50|100\/100\n|switch|p1a: Garchomp|Garchomp, L50, F, shiny|100\/100\n|turn|3\n|\n|t:|1682995717\n|move|p1a: Garchomp|Protect|p1a: Garchomp\n|-singleturn|p1a: Garchomp|Protect\n|move|p2b: Iron Hands|Fake Out|p1a: Garchomp\n|-activate|p1a: Garchomp|move: Protect\n|move|p2a: Chi-Yu|Heat Wave|p1b: Orthworm|[spread] p1b\n|-activate|p1a: Garchomp|move: Protect\n|-supereffective|p1b: Orthworm\n|-damage|p1b: Orthworm|0 fnt\n|faint|p1b: Orthworm\n|\n|upkeep\n|\n|t:|1682995725\n|switch|p1b: Amoonguss|Amoonguss, L50, M, shiny|100\/100\n|turn|4\n|\n|t:|1682995742\n|-terastallize|p2b: Iron Hands|Flying\n|move|p1b: Amoonguss|Protect|p1b: Amoonguss\n|-singleturn|p1b: Amoonguss|Protect\n|move|p1a: Garchomp|Earthquake|p2a: Chi-Yu|[spread] p2a\n|-activate|p1b: Amoonguss|move: Protect\n|-immune|p2b: Iron Hands\n|-supereffective|p2a: Chi-Yu\n|-enditem|p2a: Chi-Yu|Focus Sash\n|-damage|p2a: Chi-Yu|1\/100\n|move|p2a: Chi-Yu|Overheat|p1b: Amoonguss\n|-activate|p1b: Amoonguss|move: Protect\n|move|p2b: Iron Hands|Drain Punch|p1a: Garchomp\n|-damage|p1a: Garchomp|58\/100\n|-damage|p2b: Iron Hands|88\/100|[from] ability: Rough Skin|[of] p1a: Garchomp\n|\n|upkeep\n|turn|5\n|\n|t:|1682995765\n|move|p1b: Amoonguss|Rage Powder|p1b: Amoonguss\n|-singleturn|p1b: Amoonguss|move: Rage Powder\n|move|p1a: Garchomp|Rock Slide|p2b: Iron Hands|[spread] p2a\n|-miss|p1a: Garchomp|p2b: Iron Hands\n|-supereffective|p2a: Chi-Yu\n|-damage|p2a: Chi-Yu|0 fnt\n|faint|p2a: Chi-Yu\n|move|p2b: Iron Hands|Drain Punch|p1b: Amoonguss\n|-resisted|p1b: Amoonguss\n|-damage|p1b: Amoonguss|84\/100\n|-heal|p2b: Iron Hands|95\/100|[from] drain|[of] p1b: Amoonguss\n|\n|upkeep\n|turn|6\n|\n|t:|1682995779\n|move|p1b: Amoonguss|Rage Powder|p1b: Amoonguss\n|-singleturn|p1b: Amoonguss|move: Rage Powder\n|move|p1a: Garchomp|Swords Dance|p1a: Garchomp\n|-boost|p1a: Garchomp|atk|2\n|move|p2b: Iron Hands|Stomping Tantrum|p1b: Amoonguss\n|-damage|p1b: Amoonguss|59\/100\n|\n|upkeep\n|turn|7\n|\n|t:|1682995789\n|move|p1a: Garchomp|Rock Slide|p2b: Iron Hands\n|-supereffective|p2b: Iron Hands\n|-damage|p2b: Iron Hands|30\/100\n|move|p2b: Iron Hands|Drain Punch|p1a: Garchomp\n|-damage|p1a: Garchomp|8\/100\n|-heal|p2b: Iron Hands|48\/100|[from] drain|[of] p1a: Garchomp\n|-damage|p2b: Iron Hands|35\/100|[from] ability: Rough Skin|[of] p1a: Garchomp\n|move|p1b: Amoonguss|Pollen Puff|p1a: Garchomp\n|-heal|p1a: Garchomp|58\/100\n|\n|upkeep\n|turn|8\n|c|\u2606Nehzzy|gg\n|\n|t:|1682995801\n|move|p1b: Amoonguss|Rage Powder|p1b: Amoonguss\n|-singleturn|p1b: Amoonguss|move: Rage Powder\n|move|p1a: Garchomp|Rock Slide|p2b: Iron Hands\n|-supereffective|p2b: Iron Hands\n|-crit|p2b: Iron Hands\n|-damage|p2b: Iron Hands|0 fnt\n|faint|p2b: Iron Hands\n|-end|p2b: Iron Hands|Quark Drive|[silent]\n|\n|win|Nehzzy\n|raw|Nehzzy's rating: 1320 → 1339<\/strong> (+19 for winning)\n|raw|Neil278's rating: 1311 → 1292<\/strong> (-19 for losing)\n|c|\u2606Neil278|GG\n|c|\u2606Nehzzy|i got lucky\n|c|\u2606Nehzzy|turn 1 crit mattered so much\n|c|\u2606Neil278|Part of the game, it happens\n|c|\u2606Neil278|XD\n|c|\u2606Nehzzy|if bundle stayed alive, chomp was doomed lol\n|c|\u2606Nehzzy|have a good night!\n|c|\u2606Neil278|Lol, true, but can't help RNG, have a good one!\n|l|\u2606Nehzzy\n|j|\u2606Nehzzy\n|player|p1|Nehzzy|steven\n","uploadtime":1682995849,"views":14,"p1id":"nehzzy","p2id":"neil278","formatid":"gen9vgc2023regulationc","rating":1292,"private":0,"password":""}