{"id":"gen9vgc2023regulationc-1854469466","p1":"rare kendi","p2":"yungelghonami","format":"[Gen 9] VGC 2023 Regulation C","log":"|j|\u2606rare kendi\n|j|\u2606yungelghonami\n|t:|1682814937\n|gametype|doubles\n|player|p1|rare kendi|2|\n|player|p2|yungelghonami|169|\n|teamsize|p1|6\n|teamsize|p2|6\n|gen|9\n|tier|[Gen 9] VGC 2023 Regulation C\n|rule|Species Clause: Limit one of each Pok\u00e9mon\n|rule|Item Clause: Limit one of each item\n|clearpoke\n|poke|p1|Jumpluff, L50, F|\n|poke|p1|Torkoal, L50, M|\n|poke|p1|Great Tusk, L50|\n|poke|p1|Iron Bundle, L50|\n|poke|p1|Farigiraf, L50, M|\n|poke|p1|Iron Hands, L50|\n|poke|p2|Bellibolt, L50, F|\n|poke|p2|Pawmot, L50, F|\n|poke|p2|Scream Tail, L50|\n|poke|p2|Great Tusk, L50|\n|poke|p2|Torkoal, L50, F|\n|poke|p2|Wo-Chien, L50|\n|teampreview|4\n|inactive|Battle timer is ON: inactive players will automatically lose when time's up. (requested by rare kendi)\nrare kendi has agreed to open team sheets.\n|inactive|rare kendi has 60 seconds left.\nyungelghonami has agreed to open team sheets.\n|inactive|rare kendi has 30 seconds left.\n|inactive|rare kendi has 20 seconds left.\n|inactive|rare kendi has 15 seconds left.\n|inactive|rare kendi has 10 seconds left.\n|\n|t:|1682815017\n|start\n|switch|p1a: Farigiraf|Farigiraf, L50, M|100\/100\n|switch|p1b: Iron Hands|Iron Hands, L50, shiny|100\/100\n|switch|p2a: Torkoal|Torkoal, L50, F|100\/100\n|switch|p2b: Scream Tail|Scream Tail, L50|100\/100\n|-weather|SunnyDay|[from] ability: Drought|[of] p2a: Torkoal\n|-activate|p2b: Scream Tail|ability: Protosynthesis\n|-start|p2b: Scream Tail|protosynthesisdef\n|turn|1\n|inactive|yungelghonami has 30 seconds left.\n|\n|t:|1682815046\n|move|p1b: Iron Hands|Fake Out|p2b: Scream Tail\n|-damage|p2b: Scream Tail|92\/100\n|cant|p2b: Scream Tail|flinch\n|move|p1a: Farigiraf|Psychic|p2a: Torkoal\n|-damage|p2a: Torkoal|58\/100\n|move|p2a: Torkoal|Eruption|p1a: Farigiraf|[spread] p1a,p1b\n|-damage|p1a: Farigiraf|64\/100\n|-damage|p1b: Iron Hands|74\/100\n|-damage|p2a: Torkoal|48\/100|[from] item: Life Orb\n|\n|-weather|SunnyDay|[upkeep]\n|upkeep\n|turn|2\n|\n|t:|1682815064\n|move|p2a: Torkoal|Protect|p2a: Torkoal\n|-singleturn|p2a: Torkoal|Protect\n|move|p1a: Farigiraf|Psychic|p2a: Torkoal\n|-activate|p2a: Torkoal|move: Protect\n|move|p1b: Iron Hands|Heavy Slam|p2b: Scream Tail\n|-supereffective|p2b: Scream Tail\n|-damage|p2b: Scream Tail|42\/100\n|move|p2b: Scream Tail|Trick Room|p2b: Scream Tail\n|-fieldstart|move: Trick Room|[of] p2b: Scream Tail\n|\n|-weather|SunnyDay|[upkeep]\n|upkeep\n|turn|3\n|\n|t:|1682815088\n|-terastallize|p1b: Iron Hands|Fire\n|move|p2a: Torkoal|Yawn|p1a: Farigiraf\n|-start|p1a: Farigiraf|move: Yawn|[of] p2a: Torkoal\n|move|p1b: Iron Hands|Heavy Slam|p2b: Scream Tail\n|-supereffective|p2b: Scream Tail\n|-damage|p2b: Scream Tail|0 fnt\n|faint|p2b: Scream Tail\n|-end|p2b: Scream Tail|Protosynthesis|[silent]\n|move|p1a: Farigiraf|Trick Room|p1a: Farigiraf\n|-fieldend|move: Trick Room\n|\n|-weather|SunnyDay|[upkeep]\n|upkeep\n|\n|t:|1682815102\n|switch|p2b: Great Tusk|Great Tusk, L50|100\/100\n|-activate|p2b: Great Tusk|ability: Protosynthesis\n|-start|p2b: Great Tusk|protosynthesisatk\n|turn|4\n|\n|t:|1682815117\n|move|p2b: Great Tusk|Headlong Rush|p1b: Iron Hands\n|-supereffective|p1b: Iron Hands\n|-damage|p1b: Iron Hands|0 fnt\n|-unboost|p2b: Great Tusk|def|1\n|-unboost|p2b: Great Tusk|spd|1\n|faint|p1b: Iron Hands\n|-end|p1b: Iron Hands|Quark Drive|[silent]\n|move|p1a: Farigiraf|Psychic|p2b: Great Tusk\n|-supereffective|p2b: Great Tusk\n|-damage|p2b: Great Tusk|0 fnt\n|faint|p2b: Great Tusk\n|-end|p2b: Great Tusk|Protosynthesis|[silent]\n|move|p2a: Torkoal|Yawn||[still]\n|-fail|p2a: Torkoal\n|\n|-weather|SunnyDay|[upkeep]\n|-end|p1a: Farigiraf|move: Yawn|[silent]\n|-status|p1a: Farigiraf|slp\n|upkeep\n|inactive|yungelghonami has 30 seconds left.\n|inactive|yungelghonami has 20 seconds left.\n|\n|t:|1682815156\n|switch|p2b: Bellibolt|Bellibolt, L50, F|100\/100\n|switch|p1b: Great Tusk|Great Tusk, L50|100\/100\n|-activate|p1b: Great Tusk|ability: Protosynthesis\n|-start|p1b: Great Tusk|protosynthesisatk\n|turn|5\n|\n|t:|1682815170\n|move|p1b: Great Tusk|Protect|p1b: Great Tusk\n|-singleturn|p1b: Great Tusk|Protect\n|move|p2a: Torkoal|Protect|p2a: Torkoal\n|-singleturn|p2a: Torkoal|Protect\n|cant|p1a: Farigiraf|slp\n|move|p2b: Bellibolt|Muddy Water|p1b: Great Tusk|[spread] p1a\n|-activate|p1b: Great Tusk|move: Protect\n|-damage|p1a: Farigiraf|57\/100 slp\n|\n|-weather|none\n|-end|p1b: Great Tusk|Protosynthesis\n|upkeep\n|turn|6\n|\n|t:|1682815189\n|move|p1b: Great Tusk|Headlong Rush|p2a: Torkoal\n|-supereffective|p2a: Torkoal\n|-damage|p2a: Torkoal|0 fnt\n|-unboost|p1b: Great Tusk|def|1\n|-unboost|p1b: Great Tusk|spd|1\n|faint|p2a: Torkoal\n|-curestatus|p1a: Farigiraf|slp|[msg]\n|move|p1a: Farigiraf|Psychic|p2b: Bellibolt\n|-damage|p2b: Bellibolt|80\/100\n|-start|p2b: Bellibolt|Charge|Psychic|[from] ability: Electromorphosis\n|move|p2b: Bellibolt|Muddy Water|p1a: Farigiraf|[spread] p1a,p1b\n|-supereffective|p1b: Great Tusk\n|-damage|p1a: Farigiraf|41\/100\n|-damage|p1b: Great Tusk|8\/100\n|\n|upkeep\n|turn|7\n|\n|t:|1682815206\n|move|p1b: Great Tusk|Protect|p1b: Great Tusk\n|-singleturn|p1b: Great Tusk|Protect\n|move|p1a: Farigiraf|Psychic|p2b: Bellibolt\n|-damage|p2b: Bellibolt|58\/100\n|-start|p2b: Bellibolt|Charge|Psychic|[from] ability: Electromorphosis\n|move|p2b: Bellibolt|Muddy Water|p1b: Great Tusk|[spread] p1a\n|-activate|p1b: Great Tusk|move: Protect\n|-damage|p1a: Farigiraf|27\/100\n|-unboost|p1a: Farigiraf|accuracy|1\n|\n|upkeep\n|turn|8\n|\n|t:|1682815219\n|switch|p1a: Torkoal|Torkoal, L50, M|100\/100\n|-weather|SunnyDay|[from] ability: Drought|[of] p1a: Torkoal\n|-activate|p1b: Great Tusk|ability: Protosynthesis\n|-start|p1b: Great Tusk|protosynthesisatk\n|move|p1b: Great Tusk|Headlong Rush|p2b: Bellibolt\n|-supereffective|p2b: Bellibolt\n|-damage|p2b: Bellibolt|0 fnt\n|-unboost|p1b: Great Tusk|def|1\n|-unboost|p1b: Great Tusk|spd|1\n|faint|p2b: Bellibolt\n|\n|win|rare kendi\n","uploadtime":1682815236,"views":13,"p1id":"rarekendi","p2id":"yungelghonami","formatid":"gen9vgc2023regulationc","rating":0,"private":0,"password":""}