{"id":"gen9vgc2023regulationc-1858848834","p1":"gEBEMBA","p2":"ErrorUnknown0395","format":"[Gen 9] VGC 2023 Regulation C","log":"|j|\u2606gEBEMBA\n|j|\u2606ErrorUnknown0395\n|t:|1683373107\n|gametype|doubles\n|player|p1|gEBEMBA|266|1087\n|player|p2|ErrorUnknown0395|unknown|1155\n|teamsize|p1|6\n|teamsize|p2|6\n|gen|9\n|tier|[Gen 9] VGC 2023 Regulation C\n|rated|\n|rule|Species Clause: Limit one of each Pok\u00e9mon\n|rule|Item Clause: Limit one of each item\n|clearpoke\n|poke|p1|Slaking, L50, M|\n|poke|p1|Grafaiai, L50, F|\n|poke|p1|Wo-Chien, L50|\n|poke|p1|Flutter Mane, L50|\n|poke|p1|Chi-Yu, L50|\n|poke|p1|Talonflame, L50, F|\n|poke|p2|Gyarados, L50, F|\n|poke|p2|Ting-Lu, L50|\n|poke|p2|Orthworm, L50, M|\n|poke|p2|Flutter Mane, L50|\n|poke|p2|Roaring Moon, L50|\n|poke|p2|Amoonguss, L50, M|\n|teampreview|4\ngEBEMBA has agreed to open team sheets.\n|\n|t:|1683373142\n|start\n|switch|p1a: Chi-Yu|Chi-Yu, L50|100\/100\n|switch|p1b: Grafaiai|Grafaiai, L50, F|100\/100\n|switch|p2a: Orthworm|Orthworm, L50, M|100\/100\n|switch|p2b: Gyarados|Gyarados, L50, F|100\/100\n|-ability|p1a: Chi-Yu|Beads of Ruin\n|-ability|p2b: Gyarados|Intimidate|boost\n|-unboost|p1a: Chi-Yu|atk|1\n|-unboost|p1b: Grafaiai|atk|1\n|turn|1\n|inactive|Battle timer is ON: inactive players will automatically lose when time's up. (requested by gEBEMBA)\n|inactive|ErrorUnknown0395 has 60 seconds left.\n|\n|t:|1683373184\n|-terastallize|p2a: Orthworm|Fire\n|move|p1b: Grafaiai|Doodle|p2b: Gyarados\n|-endability|p1a: Chi-Yu|Beads of Ruin|[from] move: Doodle\n|-ability|p1a: Chi-Yu|Intimidate|boost\n|-unboost|p2a: Orthworm|atk|1\n|-unboost|p2b: Gyarados|atk|1\n|-ability|p1a: Chi-Yu|Intimidate|[from] move: Doodle\n|-endability|p1b: Grafaiai|Prankster|[from] move: Doodle\n|-ability|p1b: Grafaiai|Intimidate|boost\n|-unboost|p2a: Orthworm|atk|1\n|-unboost|p2b: Gyarados|atk|1\n|-ability|p1b: Grafaiai|Intimidate|[from] move: Doodle\n|move|p1a: Chi-Yu|Heat Wave|p2b: Gyarados|[spread] p2a,p2b\n|-resisted|p2a: Orthworm\n|-resisted|p2b: Gyarados\n|-damage|p2a: Orthworm|69\/100\n|-damage|p2b: Gyarados|83\/100\n|move|p2b: Gyarados|Earthquake|p1b: Grafaiai|[spread] p1a,p1b\n|-heal|p2a: Orthworm|94\/100|[from] ability: Earth Eater|[of] p2b: Gyarados\n|-supereffective|p1a: Chi-Yu\n|-supereffective|p1b: Grafaiai\n|-damage|p1a: Chi-Yu|54\/100\n|-damage|p1b: Grafaiai|54\/100\n|move|p2a: Orthworm|Iron Head|p1b: Grafaiai\n|-damage|p1b: Grafaiai|27\/100\n|\n|-heal|p2a: Orthworm|99\/100|[from] item: Leftovers\n|upkeep\n|turn|2\n|\n|t:|1683373208\n|switch|p1a: Slaking|Slaking, L50, M|100\/100\n|move|p1b: Grafaiai|Doodle|p2a: Orthworm\n|-endability|p1a: Slaking|Truant|[from] move: Doodle\n|-ability|p1a: Slaking|Earth Eater|[from] move: Doodle\n|-endability|p1b: Grafaiai|Intimidate|[from] move: Doodle\n|-ability|p1b: Grafaiai|Earth Eater|[from] move: Doodle\n|move|p2b: Gyarados|Earthquake|p1a: Slaking|[spread] \n|-heal|p2a: Orthworm|100\/100|[from] ability: Earth Eater|[of] p2b: Gyarados\n|-immune|p1a: Slaking|[from] ability: Earth Eater\n|-heal|p1b: Grafaiai|52\/100|[from] ability: Earth Eater|[of] p2b: Gyarados\n|move|p2a: Orthworm|Shed Tail|p2a: Orthworm\n|-start|p2a: Orthworm|Substitute|[from] move: Shed Tail\n|-damage|p2a: Orthworm|50\/100\n|\n|t:|1683373225\n|switch|p2a: Flutter Mane|Flutter Mane, L50|100\/100|[from] Shed Tail\n|\n|upkeep\n|turn|3\n|\n|t:|1683373248\n|switch|p2b: Ting-Lu|Ting-Lu, L50|100\/100\n|-ability|p2b: Ting-Lu|Vessel of Ruin\n|move|p1b: Grafaiai|Knock Off|p2b: Ting-Lu\n|-resisted|p2b: Ting-Lu\n|-damage|p2b: Ting-Lu|95\/100\n|-enditem|p2b: Ting-Lu|Assault Vest|[from] move: Knock Off|[of] p1b: Grafaiai\n|move|p2a: Flutter Mane|Moonblast|p1a: Slaking\n|-damage|p1a: Slaking|65\/100\n|move|p1a: Slaking|Rock Slide|p2b: Ting-Lu|[spread] p2a,p2b\n|-end|p2a: Flutter Mane|Substitute\n|-resisted|p2b: Ting-Lu\n|-damage|p2b: Ting-Lu|89\/100\n|\n|upkeep\n|turn|4\n|inactive|ErrorUnknown0395 has 30 seconds left.\n|inactive|ErrorUnknown0395 has 20 seconds left.\n|inactive|ErrorUnknown0395 has 15 seconds left.\n|inactive|ErrorUnknown0395 has 10 seconds left.\n|\n|t:|1683373296\n|switch|p1b: Flutter Mane|Flutter Mane, L50|100\/100\n|-end|p2a: Flutter Mane|Protosynthesis|[silent]\n|switch|p2a: Gyarados|Gyarados, L50, F|83\/100\n|-ability|p2a: Gyarados|Intimidate|boost\n|-unboost|p1a: Slaking|atk|1\n|-unboost|p1b: Flutter Mane|atk|1\n|move|p1a: Slaking|Play Rough|p2b: Ting-Lu\n|-supereffective|p2b: Ting-Lu\n|-damage|p2b: Ting-Lu|58\/100\n|move|p2b: Ting-Lu|Rock Slide|p1a: Slaking|[spread] p1a,p1b\n|-damage|p1a: Slaking|52\/100\n|-damage|p1b: Flutter Mane|63\/100\n|\n|upkeep\n|turn|5\n|inactive|gEBEMBA has 30 seconds left.\n|\n|t:|1683373326\n|switch|p1a: Chi-Yu|Chi-Yu, L50|54\/100\n|-ability|p1a: Chi-Yu|Beads of Ruin\n|switch|p2b: Orthworm|Orthworm, L50, M, tera:Fire|50\/100\n|move|p1b: Flutter Mane|Moonblast|p2b: Orthworm\n|-resisted|p2b: Orthworm\n|-damage|p2b: Orthworm|1\/100\n|move|p2a: Gyarados|Waterfall|p1b: Flutter Mane\n|-damage|p1b: Flutter Mane|0 fnt\n|faint|p1b: Flutter Mane\n|-end|p1b: Flutter Mane|Protosynthesis|[silent]\n|\n|-heal|p2b: Orthworm|7\/100|[from] item: Leftovers\n|upkeep\n|\n|t:|1683373341\n|switch|p1b: Slaking|Slaking, L50, M|52\/100\n|turn|6\n|inactive|ErrorUnknown0395 has 30 seconds left.\n|\n|t:|1683373368\n|move|p1a: Chi-Yu|Protect|p1a: Chi-Yu\n|-singleturn|p1a: Chi-Yu|Protect\n|move|p1b: Slaking|Rock Slide|p2b: Orthworm|[spread] p2a,p2b\n|-supereffective|p2a: Gyarados\n|-supereffective|p2b: Orthworm\n|-damage|p2a: Gyarados|25\/100\n|-damage|p2b: Orthworm|0 fnt\n|faint|p2b: Orthworm\n|move|p2a: Gyarados|Earthquake|p1a: Chi-Yu|[spread] p1b\n|-activate|p1a: Chi-Yu|move: Protect\n|-damage|p1b: Slaking|33\/100\n|\n|upkeep\n|inactive|ErrorUnknown0395 has 30 seconds left.\n|\n|t:|1683373398\n|switch|p2b: Flutter Mane|Flutter Mane, L50|100\/100\n|turn|7\n|\n|t:|1683373422\n|move|p1a: Chi-Yu|Heat Wave|p2a: Gyarados|[spread] p2a,p2b\n|-resisted|p2a: Gyarados\n|-damage|p2a: Gyarados|0 fnt\n|-damage|p2b: Flutter Mane|45\/100\n|faint|p2a: Gyarados\n|move|p2b: Flutter Mane|Shadow Ball|p1a: Chi-Yu\n|-resisted|p1a: Chi-Yu\n|-damage|p1a: Chi-Yu|19\/100\n|cant|p1b: Slaking|ability: Truant\n|\n|upkeep\n|\n|t:|1683373433\n|switch|p2a: Ting-Lu|Ting-Lu, L50|58\/100\n|-ability|p2a: Ting-Lu|Vessel of Ruin\n|turn|8\n|\n|t:|1683373445\n|move|p1a: Chi-Yu|Protect|p1a: Chi-Yu\n|-singleturn|p1a: Chi-Yu|Protect\n|move|p1b: Slaking|Sucker Punch|p2b: Flutter Mane\n|-damage|p2b: Flutter Mane|0 fnt\n|faint|p2b: Flutter Mane\n|-end|p2b: Flutter Mane|Protosynthesis|[silent]\n|move|p2a: Ting-Lu|Rock Slide|p1a: Chi-Yu|[spread] p1b\n|-activate|p1a: Chi-Yu|move: Protect\n|-crit|p1b: Slaking\n|-damage|p1b: Slaking|14\/100\n|\n|upkeep\n|turn|9\n|\n|t:|1683373462\n|move|p1a: Chi-Yu|Overheat|p2a: Ting-Lu\n|-damage|p2a: Ting-Lu|0 fnt\n|-unboost|p1a: Chi-Yu|spa|2\n|faint|p2a: Ting-Lu\n|\n|win|gEBEMBA\n|raw|gEBEMBA's rating: 1087 → 1119<\/strong> (+32 for winning)\n|raw|ErrorUnknown0395's rating: 1155 → 1125<\/strong> (-30 for losing)\n|l|\u2606ErrorUnknown0395\n","uploadtime":1683373607,"views":13,"p1id":"gebemba","p2id":"errorunknown0395","formatid":"gen9vgc2023regulationc","rating":1119,"private":0,"password":""}