{"id":"gen9vgc2023regulationc-1854734825","p1":"bbcom233","p2":"zjwf","format":"[Gen 9] VGC 2023 Regulation C","log":"|j|\u2606bbcom233\n|j|\u2606zjwf\n|t:|1682858843\n|gametype|doubles\n|player|p1|bbcom233|170|\n|player|p2|zjwf|irida|\n|teamsize|p1|6\n|teamsize|p2|6\n|gen|9\n|tier|[Gen 9] VGC 2023 Regulation C\n|rule|Species Clause: Limit one of each Pok\u00e9mon\n|rule|Item Clause: Limit one of each item\n|clearpoke\n|poke|p1|Grimmsnarl, L50, M|\n|poke|p1|Arcanine, L50, M|\n|poke|p1|Iron Hands, L50|\n|poke|p1|Corviknight, L50, M|\n|poke|p1|Flutter Mane, L50|\n|poke|p1|Palafin, L50, M|\n|poke|p2|Gholdengo, L50|\n|poke|p2|Iron Bundle, L50|\n|poke|p2|Iron Hands, L50|\n|poke|p2|Baxcalibur, L50, F|\n|poke|p2|Volcarona, L50, F|\n|poke|p2|Kingambit, L50, F|\n|teampreview|4\nzjwf has agreed to open team sheets.\nbbcom233 has agreed to open team sheets.\n|j| gifigifigifi954\n|l| gifigifigifi954\n|\n|t:|1682858933\n|start\n|switch|p1a: Grimmsnarl|Grimmsnarl, L50, M|100\/100\n|switch|p1b: Palafin|Palafin, L50, M|100\/100\n|switch|p2a: \u94c1\u6bd2\u86fe\u722c\u5730\u7fc5\u662f\u4ec0\u4e48\u4e1c\u897f|Volcarona, L50, F|100\/100\n|switch|p2b: \u65e0\u4ea7\u8005\u90fd\u8054\u5408\u8d77\u6765|Gholdengo, L50|100\/100\n|turn|1\n|\n|t:|1682858952\n|detailschange|p1b: Palafin|Palafin-Hero, L50, M\n|switch|p1b: Arcanine|Arcanine, L50, M|100\/100\n|-ability|p1b: Arcanine|Intimidate|boost\n|-unboost|p2a: \u94c1\u6bd2\u86fe\u722c\u5730\u7fc5\u662f\u4ec0\u4e48\u4e1c\u897f|atk|1\n|-unboost|p2b: \u65e0\u4ea7\u8005\u90fd\u8054\u5408\u8d77\u6765|atk|1\n|move|p1a: Grimmsnarl|Light Screen|p1a: Grimmsnarl\n|-sidestart|p1: bbcom233|move: Light Screen\n|move|p2a: \u94c1\u6bd2\u86fe\u722c\u5730\u7fc5\u662f\u4ec0\u4e48\u4e1c\u897f|Tailwind|p2a: \u94c1\u6bd2\u86fe\u722c\u5730\u7fc5\u662f\u4ec0\u4e48\u4e1c\u897f\n|-sidestart|p2: zjwf|move: Tailwind\n|move|p2b: \u65e0\u4ea7\u8005\u90fd\u8054\u5408\u8d77\u6765|Nasty Plot|p2b: \u65e0\u4ea7\u8005\u90fd\u8054\u5408\u8d77\u6765\n|-boost|p2b: \u65e0\u4ea7\u8005\u90fd\u8054\u5408\u8d77\u6765|spa|2\n|\n|upkeep\n|turn|2\n|\n|t:|1682859002\n|-terastallize|p2a: \u94c1\u6bd2\u86fe\u722c\u5730\u7fc5\u662f\u4ec0\u4e48\u4e1c\u897f|Water\n|move|p2a: \u94c1\u6bd2\u86fe\u722c\u5730\u7fc5\u662f\u4ec0\u4e48\u4e1c\u897f|Rage Powder|p2a: \u94c1\u6bd2\u86fe\u722c\u5730\u7fc5\u662f\u4ec0\u4e48\u4e1c\u897f\n|-singleturn|p2a: \u94c1\u6bd2\u86fe\u722c\u5730\u7fc5\u662f\u4ec0\u4e48\u4e1c\u897f|move: Rage Powder\n|move|p2b: \u65e0\u4ea7\u8005\u90fd\u8054\u5408\u8d77\u6765|Nasty Plot|p2b: \u65e0\u4ea7\u8005\u90fd\u8054\u5408\u8d77\u6765\n|-boost|p2b: \u65e0\u4ea7\u8005\u90fd\u8054\u5408\u8d77\u6765|spa|2\n|move|p1b: Arcanine|Snarl|p2a: \u94c1\u6bd2\u86fe\u722c\u5730\u7fc5\u662f\u4ec0\u4e48\u4e1c\u897f|[spread] p2a,p2b\n|-supereffective|p2b: \u65e0\u4ea7\u8005\u90fd\u8054\u5408\u8d77\u6765\n|-damage|p2a: \u94c1\u6bd2\u86fe\u722c\u5730\u7fc5\u662f\u4ec0\u4e48\u4e1c\u897f|92\/100\n|-damage|p2b: \u65e0\u4ea7\u8005\u90fd\u8054\u5408\u8d77\u6765|80\/100\n|-unboost|p2a: \u94c1\u6bd2\u86fe\u722c\u5730\u7fc5\u662f\u4ec0\u4e48\u4e1c\u897f|spa|1\n|-unboost|p2b: \u65e0\u4ea7\u8005\u90fd\u8054\u5408\u8d77\u6765|spa|1\n|move|p1a: Grimmsnarl|Spirit Break|p2a: \u94c1\u6bd2\u86fe\u722c\u5730\u7fc5\u662f\u4ec0\u4e48\u4e1c\u897f\n|-damage|p2a: \u94c1\u6bd2\u86fe\u722c\u5730\u7fc5\u662f\u4ec0\u4e48\u4e1c\u897f|64\/100\n|-unboost|p2a: \u94c1\u6bd2\u86fe\u722c\u5730\u7fc5\u662f\u4ec0\u4e48\u4e1c\u897f|spa|1\n|\n|upkeep\n|turn|3\n|\n|t:|1682859019\n|move|p2a: \u94c1\u6bd2\u86fe\u722c\u5730\u7fc5\u662f\u4ec0\u4e48\u4e1c\u897f|Rage Powder|p2a: \u94c1\u6bd2\u86fe\u722c\u5730\u7fc5\u662f\u4ec0\u4e48\u4e1c\u897f\n|-singleturn|p2a: \u94c1\u6bd2\u86fe\u722c\u5730\u7fc5\u662f\u4ec0\u4e48\u4e1c\u897f|move: Rage Powder\n|move|p2b: \u65e0\u4ea7\u8005\u90fd\u8054\u5408\u8d77\u6765|Shadow Ball|p1b: Arcanine\n|-damage|p1b: Arcanine|33\/100\n|-damage|p2b: \u65e0\u4ea7\u8005\u90fd\u8054\u5408\u8d77\u6765|71\/100|[from] item: Life Orb\n|move|p1b: Arcanine|Snarl|p2a: \u94c1\u6bd2\u86fe\u722c\u5730\u7fc5\u662f\u4ec0\u4e48\u4e1c\u897f|[spread] p2a,p2b\n|-supereffective|p2b: \u65e0\u4ea7\u8005\u90fd\u8054\u5408\u8d77\u6765\n|-damage|p2a: \u94c1\u6bd2\u86fe\u722c\u5730\u7fc5\u662f\u4ec0\u4e48\u4e1c\u897f|57\/100\n|-damage|p2b: \u65e0\u4ea7\u8005\u90fd\u8054\u5408\u8d77\u6765|53\/100\n|-unboost|p2a: \u94c1\u6bd2\u86fe\u722c\u5730\u7fc5\u662f\u4ec0\u4e48\u4e1c\u897f|spa|1\n|-unboost|p2b: \u65e0\u4ea7\u8005\u90fd\u8054\u5408\u8d77\u6765|spa|1\n|move|p1a: Grimmsnarl|Spirit Break|p2a: \u94c1\u6bd2\u86fe\u722c\u5730\u7fc5\u662f\u4ec0\u4e48\u4e1c\u897f\n|-damage|p2a: \u94c1\u6bd2\u86fe\u722c\u5730\u7fc5\u662f\u4ec0\u4e48\u4e1c\u897f|31\/100\n|-unboost|p2a: \u94c1\u6bd2\u86fe\u722c\u5730\u7fc5\u662f\u4ec0\u4e48\u4e1c\u897f|spa|1\n|-status|p1a: Grimmsnarl|brn|[from] ability: Flame Body|[of] p2a: \u94c1\u6bd2\u86fe\u722c\u5730\u7fc5\u662f\u4ec0\u4e48\u4e1c\u897f\n|\n|-damage|p1a: Grimmsnarl|95\/100 brn|[from] brn\n|upkeep\n|turn|4\n|\n|t:|1682859066\n|move|p1b: Arcanine|Extreme Speed|p2a: \u94c1\u6bd2\u86fe\u722c\u5730\u7fc5\u662f\u4ec0\u4e48\u4e1c\u897f\n|-damage|p2a: \u94c1\u6bd2\u86fe\u722c\u5730\u7fc5\u662f\u4ec0\u4e48\u4e1c\u897f|9\/100\n|-enditem|p2a: \u94c1\u6bd2\u86fe\u722c\u5730\u7fc5\u662f\u4ec0\u4e48\u4e1c\u897f|Iapapa Berry|[eat]\n|-heal|p2a: \u94c1\u6bd2\u86fe\u722c\u5730\u7fc5\u662f\u4ec0\u4e48\u4e1c\u897f|43\/100|[from] item: Iapapa Berry\n|move|p2b: \u65e0\u4ea7\u8005\u90fd\u8054\u5408\u8d77\u6765|Make It Rain|p1b: Arcanine|[spread] p1a,p1b\n|-supereffective|p1a: Grimmsnarl\n|-resisted|p1b: Arcanine\n|-crit|p1b: Arcanine\n|-damage|p1a: Grimmsnarl|0 fnt\n|-damage|p1b: Arcanine|0 fnt\n|-unboost|p2b: \u65e0\u4ea7\u8005\u90fd\u8054\u5408\u8d77\u6765|spa|1\n|faint|p1a: Grimmsnarl\n|faint|p1b: Arcanine\n|-damage|p2b: \u65e0\u4ea7\u8005\u90fd\u8054\u5408\u8d77\u6765|44\/100|[from] item: Life Orb\n|move|p2a: \u94c1\u6bd2\u86fe\u722c\u5730\u7fc5\u662f\u4ec0\u4e48\u4e1c\u897f|Heat Wave|p1: Grimmsnarl|[notarget]\n|-fail|p2a: \u94c1\u6bd2\u86fe\u722c\u5730\u7fc5\u662f\u4ec0\u4e48\u4e1c\u897f\n|\n|-sideend|p2: zjwf|move: Tailwind\n|upkeep\n|\n|t:|1682859082\n|switch|p1b: Flutter Mane|Flutter Mane, L50, shiny|100\/100\n|switch|p1a: Palafin|Palafin-Hero, L50, M|100\/100\n|-activate|p1a: Palafin|ability: Zero to Hero\n|-enditem|p1b: Flutter Mane|Booster Energy\n|-activate|p1b: Flutter Mane|ability: Protosynthesis|[fromitem]\n|-start|p1b: Flutter Mane|protosynthesisspa\n|turn|5\n|\n|t:|1682859136\n|-terastallize|p1a: Palafin|Water\n|move|p1b: Flutter Mane|Protect|p1b: Flutter Mane\n|-singleturn|p1b: Flutter Mane|Protect\n|move|p2b: \u65e0\u4ea7\u8005\u90fd\u8054\u5408\u8d77\u6765|Protect|p2b: \u65e0\u4ea7\u8005\u90fd\u8054\u5408\u8d77\u6765\n|-singleturn|p2b: \u65e0\u4ea7\u8005\u90fd\u8054\u5408\u8d77\u6765|Protect\n|move|p1a: Palafin|Jet Punch|p2b: \u65e0\u4ea7\u8005\u90fd\u8054\u5408\u8d77\u6765\n|-activate|p2b: \u65e0\u4ea7\u8005\u90fd\u8054\u5408\u8d77\u6765|move: Protect\n|move|p2a: \u94c1\u6bd2\u86fe\u722c\u5730\u7fc5\u662f\u4ec0\u4e48\u4e1c\u897f|Tailwind|p2a: \u94c1\u6bd2\u86fe\u722c\u5730\u7fc5\u662f\u4ec0\u4e48\u4e1c\u897f\n|-sidestart|p2: zjwf|move: Tailwind\n|\n|upkeep\n|turn|6\n|\n|t:|1682859151\n|move|p1b: Flutter Mane|Protect||[still]\n|-fail|p1b: Flutter Mane\n|move|p2a: \u94c1\u6bd2\u86fe\u722c\u5730\u7fc5\u662f\u4ec0\u4e48\u4e1c\u897f|Rage Powder|p2a: \u94c1\u6bd2\u86fe\u722c\u5730\u7fc5\u662f\u4ec0\u4e48\u4e1c\u897f\n|-singleturn|p2a: \u94c1\u6bd2\u86fe\u722c\u5730\u7fc5\u662f\u4ec0\u4e48\u4e1c\u897f|move: Rage Powder\n|move|p1a: Palafin|Jet Punch|p2a: \u94c1\u6bd2\u86fe\u722c\u5730\u7fc5\u662f\u4ec0\u4e48\u4e1c\u897f\n|-resisted|p2a: \u94c1\u6bd2\u86fe\u722c\u5730\u7fc5\u662f\u4ec0\u4e48\u4e1c\u897f\n|-damage|p2a: \u94c1\u6bd2\u86fe\u722c\u5730\u7fc5\u662f\u4ec0\u4e48\u4e1c\u897f|11\/100\n|move|p2b: \u65e0\u4ea7\u8005\u90fd\u8054\u5408\u8d77\u6765|Make It Rain|p1b: Flutter Mane|[spread] p1a,p1b\n|-resisted|p1a: Palafin\n|-supereffective|p1b: Flutter Mane\n|-damage|p1a: Palafin|66\/100\n|-damage|p1b: Flutter Mane|0 fnt\n|-unboost|p2b: \u65e0\u4ea7\u8005\u90fd\u8054\u5408\u8d77\u6765|spa|1\n|faint|p1b: Flutter Mane\n|-end|p1b: Flutter Mane|Protosynthesis|[silent]\n|-damage|p2b: \u65e0\u4ea7\u8005\u90fd\u8054\u5408\u8d77\u6765|34\/100|[from] item: Life Orb\n|\n|upkeep\n|turn|7\n|\n|t:|1682859175\n|move|p2a: \u94c1\u6bd2\u86fe\u722c\u5730\u7fc5\u662f\u4ec0\u4e48\u4e1c\u897f|Rage Powder|p2a: \u94c1\u6bd2\u86fe\u722c\u5730\u7fc5\u662f\u4ec0\u4e48\u4e1c\u897f\n|-singleturn|p2a: \u94c1\u6bd2\u86fe\u722c\u5730\u7fc5\u662f\u4ec0\u4e48\u4e1c\u897f|move: Rage Powder\n|move|p2b: \u65e0\u4ea7\u8005\u90fd\u8054\u5408\u8d77\u6765|Shadow Ball|p1a: Palafin\n|-damage|p1a: Palafin|30\/100\n|-damage|p2b: \u65e0\u4ea7\u8005\u90fd\u8054\u5408\u8d77\u6765|25\/100|[from] item: Life Orb\n|move|p1a: Palafin|Wave Crash|p2a: \u94c1\u6bd2\u86fe\u722c\u5730\u7fc5\u662f\u4ec0\u4e48\u4e1c\u897f\n|-resisted|p2a: \u94c1\u6bd2\u86fe\u722c\u5730\u7fc5\u662f\u4ec0\u4e48\u4e1c\u897f\n|-damage|p2a: \u94c1\u6bd2\u86fe\u722c\u5730\u7fc5\u662f\u4ec0\u4e48\u4e1c\u897f|0 fnt\n|faint|p2a: \u94c1\u6bd2\u86fe\u722c\u5730\u7fc5\u662f\u4ec0\u4e48\u4e1c\u897f\n|-damage|p1a: Palafin|26\/100|[from] Recoil\n|\n|upkeep\n|\n|t:|1682859182\n|switch|p2a: \u70c8\u54ac\u9646\u9ca8\uff0c\u8bf7\u597d\u597d\u5730\u770b\u7740\u6211|Baxcalibur, L50, F|100\/100\n|turn|8\n|\n|t:|1682859189\n|move|p2a: \u70c8\u54ac\u9646\u9ca8\uff0c\u8bf7\u597d\u597d\u5730\u770b\u7740\u6211|Glaive Rush|p1a: Palafin\n|-damage|p1a: Palafin|0 fnt\n|-singlemove|p2a: \u70c8\u54ac\u9646\u9ca8\uff0c\u8bf7\u597d\u597d\u5730\u770b\u7740\u6211|Glaive Rush|[silent]\n|faint|p1a: Palafin\n|\n|win|zjwf\n|c|\u2606zjwf|gg\n","uploadtime":1682859195,"views":24,"p1id":"bbcom233","p2id":"zjwf","formatid":"gen9vgc2023regulationc","rating":0,"private":0,"password":""}