{"id":"gen9vgc2023regulationc-1859252184","p1":"Zydroxequil","p2":"Vinsmoke","format":"[Gen 9] VGC 2023 Regulation C","log":"|j|\u2606Zydroxequil\n|j|\u2606Vinsmoke\n|t:|1683424092\n|gametype|doubles\n|player|p1|Zydroxequil|psychic-gen4|1289\n|player|p2|Vinsmoke|caitlin|1352\n|teamsize|p1|6\n|teamsize|p2|6\n|gen|9\n|tier|[Gen 9] VGC 2023 Regulation C\n|rated|\n|rule|Species Clause: Limit one of each Pok\u00e9mon\n|rule|Item Clause: Limit one of each item\n|clearpoke\n|poke|p1|Bronzong, L50|\n|poke|p1|Tyranitar, L50, F|\n|poke|p1|Ting-Lu, L50|\n|poke|p1|Gyarados, L50, F|\n|poke|p1|Garganacl, L50, F|\n|poke|p1|Flutter Mane, L50|\n|poke|p2|Palafin, L50, M|\n|poke|p2|Chi-Yu, L50|\n|poke|p2|Amoonguss, L50, F|\n|poke|p2|Flutter Mane, L50|\n|poke|p2|Iron Bundle, L50|\n|poke|p2|Dragonite, L50, M|\n|teampreview|4\n|inactive|Battle timer is ON: inactive players will automatically lose when time's up. (requested by Vinsmoke)\n|inactive|Zydroxequil has 60 seconds left.\n|\n|t:|1683424125\n|start\n|switch|p1a: Bronzong|Bronzong, L50|100\/100\n|switch|p1b: Garganacl|Garganacl, L50, F|100\/100\n|switch|p2a: Chi-Yu|Chi-Yu, L50|100\/100\n|switch|p2b: Palafin|Palafin, L50, M|100\/100\n|-ability|p2a: Chi-Yu|Beads of Ruin\n|turn|1\n|\n|t:|1683424137\n|-terastallize|p1a: Bronzong|Water\n|move|p2a: Chi-Yu|Dark Pulse|p1a: Bronzong\n|-damage|p1a: Bronzong|57\/100\n|move|p2b: Palafin|Wave Crash|p1a: Bronzong\n|-resisted|p1a: Bronzong\n|-damage|p1a: Bronzong|38\/100\n|-damage|p2b: Palafin|95\/100|[from] Recoil\n|move|p1b: Garganacl|Salt Cure|p2a: Chi-Yu\n|-supereffective|p2a: Chi-Yu\n|-damage|p2a: Chi-Yu|48\/100\n|-start|p2a: Chi-Yu|Salt Cure\n|cant|p1a: Bronzong|flinch\n|\n|-damage|p2a: Chi-Yu|36\/100|[from] Salt Cure\n|upkeep\n|turn|2\n|\n|t:|1683424160\n|detailschange|p2b: Palafin|Palafin-Hero, L50, M\n|switch|p2b: Amoonguss|Amoonguss, L50, F|100\/100\n|move|p1a: Bronzong|Protect|p1a: Bronzong\n|-singleturn|p1a: Bronzong|Protect\n|move|p2a: Chi-Yu|Dark Pulse|p1a: Bronzong\n|-activate|p1a: Bronzong|move: Protect\n|move|p1b: Garganacl|Salt Cure|p2b: Amoonguss\n|-damage|p2b: Amoonguss|86\/100\n|-start|p2b: Amoonguss|Salt Cure\n|\n|-damage|p2a: Chi-Yu|24\/100|[from] Salt Cure\n|-damage|p2b: Amoonguss|74\/100|[from] Salt Cure\n|upkeep\n|turn|3\n|inactive|Zydroxequil has 30 seconds left.\n|inactive|Zydroxequil has 20 seconds left.\n|\n|t:|1683424196\n|switch|p1a: Ting-Lu|Ting-Lu, L50|100\/100\n|-ability|p1a: Ting-Lu|Vessel of Ruin\n|move|p2a: Chi-Yu|Dark Pulse|p1a: Ting-Lu\n|-resisted|p1a: Ting-Lu\n|-damage|p1a: Ting-Lu|91\/100\n|move|p2b: Amoonguss|Pollen Puff|p2a: Chi-Yu\n|-heal|p2a: Chi-Yu|74\/100\n|move|p1b: Garganacl|Salt Cure|p2a: Chi-Yu\n|-supereffective|p2a: Chi-Yu\n|-damage|p2a: Chi-Yu|23\/100\n|\n|-damage|p2a: Chi-Yu|10\/100|[from] Salt Cure\n|-damage|p2b: Amoonguss|62\/100|[from] Salt Cure\n|upkeep\n|turn|4\n|\n|t:|1683424213\n|move|p2a: Chi-Yu|Dark Pulse|p1b: Garganacl\n|-damage|p1b: Garganacl|71\/100\n|move|p2b: Amoonguss|Spore|p1a: Ting-Lu\n|-status|p1a: Ting-Lu|slp|[from] move: Spore\n|cant|p1a: Ting-Lu|slp\n|move|p1b: Garganacl|Salt Cure|p2a: Chi-Yu\n|-supereffective|p2a: Chi-Yu\n|-damage|p2a: Chi-Yu|0 fnt\n|faint|p2a: Chi-Yu\n|\n|-heal|p1b: Garganacl|77\/100|[from] item: Leftovers\n|-damage|p2b: Amoonguss|50\/100|[from] Salt Cure\n|upkeep\n|-enditem|p2b: Amoonguss|Sitrus Berry|[eat]\n|-heal|p2b: Amoonguss|75\/100|[from] item: Sitrus Berry\n|\n|t:|1683424220\n|switch|p2a: Palafin|Palafin-Hero, L50, M|95\/100\n|-activate|p2a: Palafin|ability: Zero to Hero\n|turn|5\n|\n|t:|1683424237\n|switch|p2b: Flutter Mane|Flutter Mane, L50|100\/100\n|switch|p1a: Tyranitar|Tyranitar, L50, F, shiny|100\/100\n|-weather|Sandstorm|[from] ability: Sand Stream|[of] p1a: Tyranitar\n|move|p2a: Palafin|Wave Crash|p1b: Garganacl\n|-supereffective|p1b: Garganacl\n|-damage|p1b: Garganacl|0 fnt\n|faint|p1b: Garganacl\n|-damage|p2a: Palafin|69\/100|[from] Recoil\n|\n|-weather|Sandstorm|[upkeep]\n|-damage|p2b: Flutter Mane|94\/100|[from] Sandstorm\n|-damage|p2a: Palafin|64\/100|[from] Sandstorm\n|upkeep\n|\n|t:|1683424243\n|switch|p1b: Bronzong|Bronzong, L50, tera:Water|38\/100\n|turn|6\n|\n|t:|1683424259\n|-terastallize|p2b: Flutter Mane|Fairy\n|move|p2a: Palafin|Jet Punch|p1a: Tyranitar\n|-supereffective|p1a: Tyranitar\n|-damage|p1a: Tyranitar|29\/100\n|-enditem|p1a: Tyranitar|Weakness Policy\n|-boost|p1a: Tyranitar|atk|2|[from] item: Weakness Policy\n|-boost|p1a: Tyranitar|spa|2|[from] item: Weakness Policy\n|move|p2b: Flutter Mane|Dazzling Gleam|p1a: Tyranitar|[spread] p1a,p1b\n|-supereffective|p1a: Tyranitar\n|-damage|p1a: Tyranitar|0 fnt\n|-damage|p1b: Bronzong|0 fnt\n|faint|p1a: Tyranitar\n|faint|p1b: Bronzong\n|\n|-weather|Sandstorm|[upkeep]\n|-damage|p2b: Flutter Mane|88\/100|[from] Sandstorm\n|-damage|p2a: Palafin|58\/100|[from] Sandstorm\n|upkeep\n|\n|t:|1683424263\n|switch|p1b: Ting-Lu|Ting-Lu, L50|91\/100 slp\n|-ability|p1b: Ting-Lu|Vessel of Ruin\n|turn|7\n|\n|t:|1683424274\n|move|p2b: Flutter Mane|Dazzling Gleam|p1b: Ting-Lu\n|-supereffective|p1b: Ting-Lu\n|-damage|p1b: Ting-Lu|31\/100 slp\n|move|p2a: Palafin|Wave Crash|p1b: Ting-Lu\n|-supereffective|p1b: Ting-Lu\n|-damage|p1b: Ting-Lu|0 fnt\n|faint|p1b: Ting-Lu\n|-damage|p2a: Palafin|45\/100|[from] Recoil\n|\n|win|Vinsmoke\n|raw|Zydroxequil's rating: 1289 → 1268<\/strong> (-21 for losing)\n|raw|Vinsmoke's rating: 1352 → 1368<\/strong> (+16 for winning)\n","uploadtime":1683424278,"views":16,"p1id":"zydroxequil","p2id":"vinsmoke","formatid":"gen9vgc2023regulationc","rating":1268,"private":0,"password":""}