{"id":"gen9vgc2023regulationc-1861450081","p1":"TJRaynes","p2":"Felipe.Miller.V","format":"[Gen 9] VGC 2023 Regulation C","log":"|j|\u2606TJRaynes\n|j|\u2606Felipe.Miller.V\n|t:|1683759343\n|gametype|doubles\n|player|p1|TJRaynes|marley|1293\n|player|p2|Felipe.Miller.V|plasmagrunt-gen5bw|1361\n|teamsize|p1|6\n|teamsize|p2|6\n|gen|9\n|tier|[Gen 9] VGC 2023 Regulation C\n|rated|\n|rule|Species Clause: Limit one of each Pok\u00e9mon\n|rule|Item Clause: Limit one of each item\n|clearpoke\n|poke|p1|Venomoth, L50, M|\n|poke|p1|Maushold-Four, L50|\n|poke|p1|Lucario, L50, F|\n|poke|p1|Chi-Yu, L50|\n|poke|p1|Amoonguss, L50, F|\n|poke|p1|Iron Jugulis, L50|\n|poke|p2|Flutter Mane, L50|\n|poke|p2|Baxcalibur, L50, M|\n|poke|p2|Mimikyu, L50, M|\n|poke|p2|Maushold, L50|\n|poke|p2|Iron Hands, L50|\n|poke|p2|Torkoal, L50, M|\n|teampreview|4\nTJRaynes has agreed to open team sheets.\n|\n|t:|1683759373\n|start\n|switch|p1a: Iron Jugulis|Iron Jugulis, L50|100\/100\n|switch|p1b: Lucario|Lucario, L50, F|100\/100\n|switch|p2a: Flutter Mane|Flutter Mane, L50, shiny|100\/100\n|switch|p2b: Maushold|Maushold, L50, shiny|100\/100\n|-enditem|p1a: Iron Jugulis|Booster Energy\n|-activate|p1a: Iron Jugulis|ability: Quark Drive|[fromitem]\n|-start|p1a: Iron Jugulis|quarkdrivespe\n|turn|1\n|\n|t:|1683759393\n|-terastallize|p1a: Iron Jugulis|Steel\n|-terastallize|p2a: Flutter Mane|Grass\n|move|p1b: Lucario|Protect|p1b: Lucario\n|-singleturn|p1b: Lucario|Protect\n|move|p1a: Iron Jugulis|Flash Cannon|p2a: Flutter Mane\n|-damage|p2a: Flutter Mane|66\/100\n|-unboost|p2a: Flutter Mane|spd|1\n|move|p2b: Maushold|Population Bomb|p1a: Iron Jugulis\n|-resisted|p1a: Iron Jugulis\n|-damage|p1a: Iron Jugulis|93\/100\n|-resisted|p1a: Iron Jugulis\n|-damage|p1a: Iron Jugulis|86\/100\n|-resisted|p1a: Iron Jugulis\n|-damage|p1a: Iron Jugulis|79\/100\n|-resisted|p1a: Iron Jugulis\n|-damage|p1a: Iron Jugulis|72\/100\n|-resisted|p1a: Iron Jugulis\n|-damage|p1a: Iron Jugulis|65\/100\n|-resisted|p1a: Iron Jugulis\n|-damage|p1a: Iron Jugulis|57\/100\n|-resisted|p1a: Iron Jugulis\n|-damage|p1a: Iron Jugulis|50\/100\n|-resisted|p1a: Iron Jugulis\n|-damage|p1a: Iron Jugulis|42\/100\n|-resisted|p1a: Iron Jugulis\n|-damage|p1a: Iron Jugulis|35\/100\n|-resisted|p1a: Iron Jugulis\n|-damage|p1a: Iron Jugulis|28\/100\n|-hitcount|p1a: Iron Jugulis|10\n|move|p2a: Flutter Mane|Trick Room|p2a: Flutter Mane\n|-fieldstart|move: Trick Room|[of] p2a: Flutter Mane\n|\n|upkeep\n|turn|2\n|\n|t:|1683759423\n|move|p2a: Flutter Mane|Dazzling Gleam|p1b: Lucario|[spread] p1a,p1b\n|-resisted|p1a: Iron Jugulis\n|-damage|p1a: Iron Jugulis|12\/100\n|-damage|p1b: Lucario|53\/100\n|move|p2b: Maushold|Population Bomb|p1b: Lucario\n|-resisted|p1b: Lucario\n|-damage|p1b: Lucario|44\/100\n|-resisted|p1b: Lucario\n|-damage|p1b: Lucario|35\/100\n|-resisted|p1b: Lucario\n|-damage|p1b: Lucario|24\/100\n|-resisted|p1b: Lucario\n|-damage|p1b: Lucario|14\/100\n|-resisted|p1b: Lucario\n|-damage|p1b: Lucario|4\/100\n|-resisted|p1b: Lucario\n|-damage|p1b: Lucario|0 fnt\n|faint|p1b: Lucario\n|-hitcount|p1: Lucario|6\n|move|p1a: Iron Jugulis|Dark Pulse|p2a: Flutter Mane\n|-damage|p2a: Flutter Mane|14\/100\n|\n|upkeep\n|\n|t:|1683759441\n|switch|p1b: Amoonguss|Amoonguss, L50, F|100\/100\n|turn|3\n|\n|t:|1683759453\n|move|p1b: Amoonguss|Clear Smog|p2a: Flutter Mane\n|-supereffective|p2a: Flutter Mane\n|-damage|p2a: Flutter Mane|0 fnt\n|-clearboost|p2a: Flutter Mane\n|faint|p2a: Flutter Mane\n|-end|p2a: Flutter Mane|Protosynthesis|[silent]\n|move|p2b: Maushold|Population Bomb|p1b: Amoonguss\n|-damage|p1b: Amoonguss|90\/100\n|-damage|p1b: Amoonguss|80\/100\n|-damage|p1b: Amoonguss|70\/100\n|-damage|p1b: Amoonguss|59\/100\n|-damage|p1b: Amoonguss|48\/100\n|-enditem|p1b: Amoonguss|Sitrus Berry|[eat]\n|-heal|p1b: Amoonguss|73\/100|[from] item: Sitrus Berry\n|-damage|p1b: Amoonguss|63\/100\n|-damage|p1b: Amoonguss|53\/100\n|-damage|p1b: Amoonguss|43\/100\n|-crit|p1b: Amoonguss\n|-damage|p1b: Amoonguss|27\/100\n|-damage|p1b: Amoonguss|17\/100\n|-hitcount|p1b: Amoonguss|10\n|move|p1a: Iron Jugulis|Hurricane|p2b: Maushold|[miss]\n|-miss|p1a: Iron Jugulis|p2b: Maushold\n|\n|upkeep\n|\n|t:|1683759482\n|switch|p2a: Torkoal|Torkoal, L50, M, shiny|100\/100\n|-weather|SunnyDay|[from] ability: Drought|[of] p2a: Torkoal\n|turn|4\n|\n|t:|1683759509\n|move|p2b: Maushold|Follow Me|p2b: Maushold\n|-singleturn|p2b: Maushold|move: Follow Me\n|move|p2a: Torkoal|Eruption|p1b: Amoonguss|[spread] p1a,p1b\n|-supereffective|p1a: Iron Jugulis\n|-supereffective|p1b: Amoonguss\n|-damage|p1a: Iron Jugulis|0 fnt\n|-damage|p1b: Amoonguss|0 fnt\n|faint|p1a: Iron Jugulis\n|-end|p1a: Iron Jugulis|Quark Drive|[silent]\n|faint|p1b: Amoonguss\n|\n|-weather|SunnyDay|[upkeep]\n|upkeep\n|\n|t:|1683759514\n|switch|p1b: Chi-Yu|Chi-Yu, L50|100\/100\n|-ability|p1b: Chi-Yu|Beads of Ruin\n|turn|5\n|\n|t:|1683759523\n|switch|p2a: Iron Hands|Iron Hands, L50|100\/100\n|-enditem|p2a: Iron Hands|Booster Energy\n|-activate|p2a: Iron Hands|ability: Quark Drive|[fromitem]\n|-start|p2a: Iron Hands|quarkdriveatk\n|move|p2b: Maushold|Population Bomb|p1b: Chi-Yu\n|-damage|p1b: Chi-Yu|81\/100\n|-damage|p1b: Chi-Yu|62\/100\n|-damage|p1b: Chi-Yu|42\/100\n|-damage|p1b: Chi-Yu|21\/100\n|-damage|p1b: Chi-Yu|0 fnt\n|faint|p1b: Chi-Yu\n|-hitcount|p1: Chi-Yu|5\n|\n|win|Felipe.Miller.V\n|raw|TJRaynes's rating: 1293 → 1273<\/strong> (-20 for losing)\n|raw|Felipe.Miller.V's rating: 1361 → 1377<\/strong> (+16 for winning)\n|l|\u2606TJRaynes\n","uploadtime":1683759539,"views":10,"p1id":"tjraynes","p2id":"felipemillerv","formatid":"gen9vgc2023regulationc","rating":1273,"private":0,"password":""}