{"id":"gen9vgc2023regulationc-1863400812","p1":"alenesse","p2":"revocolombia","format":"[Gen 9] VGC 2023 Regulation C","log":"|j|\u2606alenesse\n|j|\u2606revocolombia\n|t:|1684012234\n|gametype|doubles\n|player|p1|alenesse|blue|1335\n|player|p2|revocolombia|pokemonranger-gen4|1413\n|teamsize|p1|6\n|teamsize|p2|6\n|gen|9\n|tier|[Gen 9] VGC 2023 Regulation C\n|rated|\n|rule|Species Clause: Limit one of each Pok\u00e9mon\n|rule|Item Clause: Limit one of each item\n|clearpoke\n|poke|p1|Dondozo, L50, F|\n|poke|p1|Tatsugiri-Droopy, L50, M|\n|poke|p1|Glimmora, L50, M|\n|poke|p1|Chi-Yu, L50|\n|poke|p1|Flutter Mane, L50|\n|poke|p1|Dragonite, L50, F|\n|poke|p2|Flutter Mane, L50|\n|poke|p2|Annihilape, L50, F|\n|poke|p2|Dragonite, L50, M|\n|poke|p2|Chien-Pao, L50|\n|poke|p2|Murkrow, L50, F|\n|poke|p2|Gholdengo, L50|\n|teampreview|4\n|inactive|Battle timer is ON: inactive players will automatically lose when time's up. (requested by alenesse)\n|\n|t:|1684012266\n|start\n|switch|p1a: Dondozo|Dondozo, L50, F|100\/100\n|switch|p1b: Chi-Yu|Chi-Yu, L50|100\/100\n|switch|p2a: Dragonite|Dragonite, L50, M|100\/100\n|switch|p2b: Gholdengo|Gholdengo, L50|100\/100\n|-ability|p1b: Chi-Yu|Beads of Ruin\n|turn|1\n|\n|t:|1684012284\n|-terastallize|p2b: Gholdengo|Water\n|move|p1b: Chi-Yu|Protect|p1b: Chi-Yu\n|-singleturn|p1b: Chi-Yu|Protect\n|move|p2b: Gholdengo|Thunderbolt|p1a: Dondozo\n|-supereffective|p1a: Dondozo\n|-damage|p1a: Dondozo|11\/100\n|-enditem|p1a: Dondozo|Sitrus Berry|[eat]\n|-heal|p1a: Dondozo|36\/100|[from] item: Sitrus Berry\n|-damage|p2b: Gholdengo|91\/100|[from] item: Life Orb\n|move|p2a: Dragonite|Thunder Punch|p1a: Dondozo\n|-supereffective|p1a: Dondozo\n|-damage|p1a: Dondozo|5\/100\n|-status|p1a: Dondozo|par\n|move|p1a: Dondozo|Yawn|p2a: Dragonite\n|-start|p2a: Dragonite|move: Yawn|[of] p1a: Dondozo\n|\n|upkeep\n|turn|2\n|inactive|alenesse has 30 seconds left.\n|inactive|revocolombia has 30 seconds left.\n|\n|t:|1684012314\n|switch|p2a: Murkrow|Murkrow, L50, F|100\/100\n|move|p1b: Chi-Yu|Dark Pulse|p2b: Gholdengo\n|-damage|p2b: Gholdengo|22\/100\n|move|p2b: Gholdengo|Make It Rain|p1b: Chi-Yu|[spread] p1a,p1b\n|-resisted|p1a: Dondozo\n|-resisted|p1b: Chi-Yu\n|-damage|p1a: Dondozo|0 fnt\n|-damage|p1b: Chi-Yu|63\/100\n|-unboost|p2b: Gholdengo|spa|1\n|faint|p1a: Dondozo\n|-damage|p2b: Gholdengo|12\/100|[from] item: Life Orb\n|\n|upkeep\n|\n|t:|1684012323\n|switch|p1a: Flutter Mane|Flutter Mane, L50|100\/100\n|-enditem|p1a: Flutter Mane|Booster Energy\n|-activate|p1a: Flutter Mane|ability: Protosynthesis|[fromitem]\n|-start|p1a: Flutter Mane|protosynthesisspe\n|turn|3\n|\n|t:|1684012346\n|move|p1a: Flutter Mane|Protect|p1a: Flutter Mane\n|-singleturn|p1a: Flutter Mane|Protect\n|move|p2a: Murkrow|Tailwind|p2a: Murkrow\n|-sidestart|p2: revocolombia|move: Tailwind\n|move|p2b: Gholdengo|Make It Rain|p1a: Flutter Mane|[spread] p1b\n|-activate|p1a: Flutter Mane|move: Protect\n|-resisted|p1b: Chi-Yu\n|-crit|p1b: Chi-Yu\n|-damage|p1b: Chi-Yu|7\/100\n|-unboost|p2b: Gholdengo|spa|1\n|-damage|p2b: Gholdengo|2\/100|[from] item: Life Orb\n|move|p1b: Chi-Yu|Dark Pulse|p2b: Gholdengo\n|-crit|p2b: Gholdengo\n|-damage|p2b: Gholdengo|0 fnt\n|faint|p2b: Gholdengo\n|\n|upkeep\n|inactive|revocolombia has 30 seconds left.\n|inactive|revocolombia has 20 seconds left.\n|inactive|revocolombia has 15 seconds left.\n|\n|t:|1684012390\n|switch|p2b: Flutter Mane|Flutter Mane, L50|100\/100\n|-enditem|p2b: Flutter Mane|Booster Energy\n|-activate|p2b: Flutter Mane|ability: Protosynthesis|[fromitem]\n|-start|p2b: Flutter Mane|protosynthesisspe\n|turn|4\n|inactive|alenesse has 30 seconds left.\n|\n|t:|1684012415\n|-end|p1a: Flutter Mane|Protosynthesis|[silent]\n|switch|p1a: Glimmora|Glimmora, L50, M|100\/100\n|move|p2b: Flutter Mane|Shadow Ball|p1a: Glimmora\n|-damage|p1a: Glimmora|55\/100\n|move|p2a: Murkrow|Foul Play|p1b: Chi-Yu\n|-resisted|p1b: Chi-Yu\n|-damage|p1b: Chi-Yu|0 fnt\n|faint|p1b: Chi-Yu\n|\n|upkeep\n|\n|t:|1684012423\n|switch|p1b: Flutter Mane|Flutter Mane, L50|100\/100\n|turn|5\n|\n|t:|1684012443\n|move|p1b: Flutter Mane|Protect|p1b: Flutter Mane\n|-singleturn|p1b: Flutter Mane|Protect\n|move|p2b: Flutter Mane|Shadow Ball|p1b: Flutter Mane\n|-activate|p1b: Flutter Mane|move: Protect\n|move|p2a: Murkrow|Foul Play|p1b: Flutter Mane\n|-activate|p1b: Flutter Mane|move: Protect\n|move|p1a: Glimmora|Mortal Spin|p2a: Murkrow|[spread] p2a,p2b\n|-damage|p2a: Murkrow|95\/100\n|-damage|p2b: Flutter Mane|93\/100\n|-status|p2a: Murkrow|psn\n|-status|p2b: Flutter Mane|psn\n|\n|-damage|p2b: Flutter Mane|81\/100 psn|[from] psn\n|-damage|p2a: Murkrow|83\/100 psn|[from] psn\n|upkeep\n|turn|6\n|\n|t:|1684012465\n|-terastallize|p1b: Flutter Mane|Fairy\n|move|p2b: Flutter Mane|Shadow Ball|p1b: Flutter Mane\n|-damage|p1b: Flutter Mane|51\/100\n|move|p2a: Murkrow|Foul Play|p1b: Flutter Mane\n|-resisted|p1b: Flutter Mane\n|-damage|p1b: Flutter Mane|36\/100\n|move|p1b: Flutter Mane|Hex|p2b: Flutter Mane\n|-supereffective|p2b: Flutter Mane\n|-damage|p2b: Flutter Mane|0 fnt\n|faint|p2b: Flutter Mane\n|-end|p2b: Flutter Mane|Protosynthesis|[silent]\n|move|p1a: Glimmora|Power Gem|p2a: Murkrow\n|-supereffective|p2a: Murkrow\n|-damage|p2a: Murkrow|14\/100 psn\n|\n|-damage|p2a: Murkrow|2\/100 psn|[from] psn\n|-sideend|p2: revocolombia|move: Tailwind\n|upkeep\n|\n|t:|1684012483\n|switch|p2b: Dragonite|Dragonite, L50, M|100\/100\n|turn|7\n|\n|t:|1684012494\n|move|p1b: Flutter Mane|Protect|p1b: Flutter Mane\n|-singleturn|p1b: Flutter Mane|Protect\n|move|p2a: Murkrow|Tailwind|p2a: Murkrow\n|-sidestart|p2: revocolombia|move: Tailwind\n|move|p2b: Dragonite|Low Kick|p1a: Glimmora\n|-damage|p1a: Glimmora|31\/100\n|move|p1a: Glimmora|Mortal Spin|p2b: Dragonite|[spread] p2a,p2b\n|-damage|p2a: Murkrow|0 fnt\n|-damage|p2b: Dragonite|98\/100\n|-status|p2b: Dragonite|psn\n|-enditem|p2b: Dragonite|Lum Berry|[eat]\n|-curestatus|p2b: Dragonite|psn|[msg]\n|faint|p2a: Murkrow\n|\n|upkeep\n|turn|8\n|\n|t:|1684012513\n|move|p2b: Dragonite|Extreme Speed|p1b: Flutter Mane\n|-damage|p1b: Flutter Mane|0 fnt\n|faint|p1b: Flutter Mane\n|-end|p1b: Flutter Mane|Protosynthesis|[silent]\n|move|p1a: Glimmora|Power Gem|p2b: Dragonite\n|-supereffective|p2b: Dragonite\n|-damage|p2b: Dragonite|25\/100\n|\n|upkeep\n|turn|9\n|\n|t:|1684012530\n|move|p2b: Dragonite|Extreme Speed|p1a: Glimmora\n|-resisted|p1a: Glimmora\n|-damage|p1a: Glimmora|15\/100\n|move|p1a: Glimmora|Power Gem|p2b: Dragonite\n|-supereffective|p2b: Dragonite\n|-damage|p2b: Dragonite|0 fnt\n|faint|p2b: Dragonite\n|\n|win|alenesse\n|raw|alenesse's rating: 1335 → 1359<\/strong> (+24 for winning)\n|raw|revocolombia's rating: 1413 → 1389<\/strong> (-24 for losing)\n|l|\u2606alenesse\n","uploadtime":1684012543,"views":9,"p1id":"alenesse","p2id":"revocolombia","formatid":"gen9vgc2023regulationc","rating":1359,"private":0,"password":""}