{"id":"gen9vgc2023regulationc-1856770704","p1":"0TestingAC0","p2":"Large91","format":"[Gen 9] VGC 2023 Regulation C","log":"|j|\u26060TestingAC0\n|j|\u2606Large91\n|t:|1683108835\n|gametype|doubles\n|player|p1|0TestingAC0|shadowtriad|1215\n|player|p2|Large91|doubleteam|1207\n|teamsize|p1|6\n|teamsize|p2|6\n|gen|9\n|tier|[Gen 9] VGC 2023 Regulation C\n|rated|\n|rule|Species Clause: Limit one of each Pok\u00e9mon\n|rule|Item Clause: Limit one of each item\n|clearpoke\n|poke|p1|Iron Bundle, L50|\n|poke|p1|Dondozo, L50, F|\n|poke|p1|Tatsugiri, L50, F|\n|poke|p1|Glimmora, L50, M|\n|poke|p1|Dragonite, L50, M|\n|poke|p1|Chi-Yu, L50|\n|poke|p2|Sableye, L50, F|\n|poke|p2|Ceruledge, L50, M|\n|poke|p2|Baxcalibur, L50, F|\n|poke|p2|Volcarona, L50, F|\n|poke|p2|Espathra, L50, F|\n|poke|p2|Indeedee-F, L50, F|\n|teampreview|4\n|\n|t:|1683108879\n|start\n|switch|p1a: Dondozo|Dondozo, L50, F|100\/100\n|switch|p1b: Glimmora|Glimmora, L50, M|100\/100\n|switch|p2a: Sableye|Sableye, L50, F|100\/100\n|switch|p2b: Espathra|Espathra, L50, F|100\/100\n|turn|1\n|\n|t:|1683108899\n|move|p1a: Dondozo|Protect|p1a: Dondozo\n|-singleturn|p1a: Dondozo|Protect\n|move|p2a: Sableye|Light Screen|p2a: Sableye\n|-sidestart|p2: Large91|move: Light Screen\n|move|p2b: Espathra|Calm Mind|p2b: Espathra\n|-boost|p2b: Espathra|spa|1\n|-boost|p2b: Espathra|spd|1\n|move|p1b: Glimmora|Mortal Spin|p2a: Sableye|[spread] p2a,p2b\n|-resisted|p2a: Sableye\n|-damage|p2a: Sableye|98\/100\n|-damage|p2b: Espathra|96\/100\n|-status|p2a: Sableye|psn\n|-status|p2b: Espathra|psn\n|\n|-heal|p2b: Espathra|100\/100 psn|[from] item: Leftovers\n|-damage|p2b: Espathra|88\/100 psn|[from] psn\n|-damage|p2a: Sableye|86\/100 psn|[from] psn\n|-ability|p2b: Espathra|Speed Boost|boost\n|-boost|p2b: Espathra|spe|1\n|upkeep\n|turn|2\n|\n|t:|1683108937\n|move|p2b: Espathra|Protect|p2b: Espathra\n|-singleturn|p2b: Espathra|Protect\n|move|p2a: Sableye|Encore|p1a: Dondozo\n|-start|p1a: Dondozo|Encore\n|move|p1b: Glimmora|Earth Power|p2b: Espathra\n|-activate|p2b: Espathra|move: Protect\n|move|p1a: Dondozo|Protect||[still]\n|-fail|p1a: Dondozo\n|\n|-heal|p2b: Espathra|94\/100 psn|[from] item: Leftovers\n|-damage|p2b: Espathra|82\/100 psn|[from] psn\n|-damage|p2a: Sableye|74\/100 psn|[from] psn\n|-ability|p2b: Espathra|Speed Boost|boost\n|-boost|p2b: Espathra|spe|1\n|upkeep\n|turn|3\n|\n|t:|1683108955\n|switch|p1a: Dragonite|Dragonite, L50, M|100\/100\n|move|p2a: Sableye|Disable|p1b: Glimmora\n|-start|p1b: Glimmora|Disable|Earth Power\n|move|p2b: Espathra|Calm Mind|p2b: Espathra\n|-boost|p2b: Espathra|spa|1\n|-boost|p2b: Espathra|spd|1\n|cant|p1b: Glimmora|Disable|Earth Power\n|\n|-heal|p2b: Espathra|88\/100 psn|[from] item: Leftovers\n|-damage|p2b: Espathra|75\/100 psn|[from] psn\n|-damage|p2a: Sableye|62\/100 psn|[from] psn\n|-ability|p2b: Espathra|Speed Boost|boost\n|-boost|p2b: Espathra|spe|1\n|upkeep\n|turn|4\n|\n|t:|1683109002\n|move|p2b: Espathra|Protect|p2b: Espathra\n|-singleturn|p2b: Espathra|Protect\n|move|p1a: Dragonite|Extreme Speed|p2b: Espathra\n|-activate|p2b: Espathra|move: Protect\n|move|p2a: Sableye|Reflect|p2a: Sableye\n|-sidestart|p2: Large91|Reflect\n|move|p1b: Glimmora|Power Gem|p2b: Espathra\n|-activate|p2b: Espathra|move: Protect\n|\n|-heal|p2b: Espathra|81\/100 psn|[from] item: Leftovers\n|-damage|p2b: Espathra|69\/100 psn|[from] psn\n|-damage|p2a: Sableye|50\/100 psn|[from] psn\n|-ability|p2b: Espathra|Speed Boost|boost\n|-boost|p2b: Espathra|spe|1\n|upkeep\n|turn|5\n|\n|t:|1683109026\n|move|p1a: Dragonite|Extreme Speed|p2b: Espathra\n|-damage|p2b: Espathra|35\/100 psn\n|move|p2a: Sableye|Disable|p1a: Dragonite\n|-start|p1a: Dragonite|Disable|Extreme Speed\n|move|p2b: Espathra|Stored Power|p1b: Glimmora\n|-supereffective|p1b: Glimmora\n|-damage|p1b: Glimmora|0 fnt\n|faint|p1b: Glimmora\n|\n|-heal|p2b: Espathra|41\/100 psn|[from] item: Leftovers\n|-damage|p2b: Espathra|28\/100 psn|[from] psn\n|-damage|p2a: Sableye|37\/100 psn|[from] psn\n|-ability|p2b: Espathra|Speed Boost|boost\n|-boost|p2b: Espathra|spe|1\n|upkeep\n|\n|t:|1683109031\n|switch|p1b: Dondozo|Dondozo, L50, F|100\/100\n|turn|6\n|\n|t:|1683109059\n|switch|p1a: Tatsugiri|Tatsugiri, L50, F|100\/100\n|-activate|p1a: Tatsugiri|ability: Commander|[of] p1b: Dondozo\n|-boost|p1b: Dondozo|atk|2\n|-boost|p1b: Dondozo|spa|2\n|-boost|p1b: Dondozo|spe|2\n|-boost|p1b: Dondozo|def|2\n|-boost|p1b: Dondozo|spd|2\n|move|p1b: Dondozo|Protect|p1b: Dondozo\n|-singleturn|p1b: Dondozo|Protect\n|move|p2a: Sableye|Encore|p1a: Tatsugiri|[miss]\n|-miss|p2a: Sableye|p1a: Tatsugiri\n|move|p2b: Espathra|Stored Power|p1b: Dondozo\n|-activate|p1b: Dondozo|move: Protect\n|\n|-heal|p2b: Espathra|34\/100 psn|[from] item: Leftovers\n|-damage|p2b: Espathra|22\/100 psn|[from] psn\n|-damage|p2a: Sableye|25\/100 psn|[from] psn\n|-ability|p2b: Espathra|Speed Boost|boost\n|-boost|p2b: Espathra|spe|1\n|upkeep\n|turn|7\n|\n|t:|1683109080\n|move|p2a: Sableye|Encore|p1b: Dondozo\n|-start|p1b: Dondozo|Encore\n|move|p2b: Espathra|Calm Mind|p2b: Espathra\n|-boost|p2b: Espathra|spa|1\n|-boost|p2b: Espathra|spd|1\n|move|p1b: Dondozo|Protect||[still]\n|-fail|p1b: Dondozo\n|\n|-heal|p2b: Espathra|28\/100 psn|[from] item: Leftovers\n|-damage|p2b: Espathra|15\/100 psn|[from] psn\n|-damage|p2a: Sableye|13\/100 psn|[from] psn\n|upkeep\n|turn|8\n|\n|t:|1683109097\n|move|p1b: Dondozo|Protect|p1b: Dondozo\n|-singleturn|p1b: Dondozo|Protect\n|move|p2a: Sableye|Disable|p1b: Dondozo\n|-activate|p1b: Dondozo|move: Protect\n|move|p2b: Espathra|Stored Power|p1b: Dondozo\n|-activate|p1b: Dondozo|move: Protect\n|\n|-heal|p2b: Espathra|21\/100 psn|[from] item: Leftovers\n|-damage|p2b: Espathra|9\/100 psn|[from] psn\n|-damage|p2a: Sableye|1\/100 psn|[from] psn\n|-sideend|p2: Large91|move: Light Screen\n|upkeep\n|turn|9\n|\n|t:|1683109112\n|move|p1b: Dondozo|Protect||[still]\n|-fail|p1b: Dondozo\n|move|p2a: Sableye|Disable|p1b: Dondozo\n|-start|p1b: Dondozo|Disable|Protect\n|move|p2b: Espathra|Stored Power|p1b: Dondozo\n|-damage|p1b: Dondozo|61\/100\n|\n|-heal|p2b: Espathra|15\/100 psn|[from] item: Leftovers\n|-heal|p1b: Dondozo|67\/100|[from] item: Leftovers\n|-damage|p2b: Espathra|2\/100 psn|[from] psn\n|-damage|p2a: Sableye|0 fnt|[from] psn\n|faint|p2a: Sableye\n|-end|p1b: Dondozo|Encore\n|upkeep\n|\n|t:|1683109129\n|switch|p2a: Volcarona|Volcarona, L50, F|100\/100\n|turn|10\n|\n|t:|1683109142\n|-terastallize|p2a: Volcarona|Grass\n|move|p2b: Espathra|Stored Power|p1b: Dondozo\n|-damage|p1b: Dondozo|30\/100\n|move|p1b: Dondozo|Wave Crash|p2a: Volcarona\n|-resisted|p2a: Volcarona\n|-damage|p2a: Volcarona|74\/100\n|-damage|p1b: Dondozo|22\/100|[from] Recoil\n|move|p2a: Volcarona|Quiver Dance|p2a: Volcarona\n|-boost|p2a: Volcarona|spa|1\n|-boost|p2a: Volcarona|spd|1\n|-boost|p2a: Volcarona|spe|1\n|\n|-heal|p2b: Espathra|8\/100 psn|[from] item: Leftovers\n|-heal|p1b: Dondozo|28\/100|[from] item: Leftovers\n|-damage|p2b: Espathra|0 fnt|[from] psn\n|faint|p2b: Espathra\n|upkeep\n|\n|t:|1683109159\n|switch|p2b: Ceruledge|Ceruledge, L50, M|100\/100\n|turn|11\n|\n|t:|1683109178\n|move|p2b: Ceruledge|Protect|p2b: Ceruledge\n|-singleturn|p2b: Ceruledge|Protect\n|move|p2a: Volcarona|Quiver Dance|p2a: Volcarona\n|-boost|p2a: Volcarona|spa|1\n|-boost|p2a: Volcarona|spd|1\n|-boost|p2a: Volcarona|spe|1\n|move|p1b: Dondozo|Wave Crash|p2b: Ceruledge\n|-activate|p2b: Ceruledge|move: Protect\n|\n|-heal|p1b: Dondozo|35\/100|[from] item: Leftovers\n|-sideend|p2: Large91|Reflect\n|upkeep\n|turn|12\n|\n|t:|1683109191\n|move|p2a: Volcarona|Giga Drain|p1b: Dondozo\n|-supereffective|p1b: Dondozo\n|-crit|p1b: Dondozo\n|-damage|p1b: Dondozo|0 fnt\n|-heal|p2a: Volcarona|94\/100|[from] drain|[of] p1b: Dondozo\n|faint|p1b: Dondozo\n|move|p2b: Ceruledge|Bulk Up|p2b: Ceruledge\n|-boost|p2b: Ceruledge|atk|1\n|-boost|p2b: Ceruledge|def|1\n|\n|upkeep\n|\n|t:|1683109194\n|switch|p1b: Dragonite|Dragonite, L50, M|100\/100\n|turn|13\n|inactive|Battle timer is ON: inactive players will automatically lose when time's up. (requested by Large91)\n|\n|t:|1683109284\n|move|p2a: Volcarona|Giga Drain|p1a: Tatsugiri\n|-damage|p1a: Tatsugiri|19\/100\n|-heal|p2a: Volcarona|100\/100|[from] drain|[of] p1a: Tatsugiri\n|move|p1a: Tatsugiri|Muddy Water|p2a: Volcarona|[spread] p2a,p2b\n|-resisted|p2a: Volcarona\n|-supereffective|p2b: Ceruledge\n|-damage|p2a: Volcarona|93\/100\n|-damage|p2b: Ceruledge|43\/100\n|move|p2b: Ceruledge|Bitter Blade|p1b: Dragonite\n|-resisted|p1b: Dragonite\n|-damage|p1b: Dragonite|85\/100\n|-heal|p2b: Ceruledge|52\/100|[from] drain|[of] p1b: Dragonite\n|move|p1b: Dragonite|Ice Spinner|p2a: Volcarona\n|-supereffective|p2a: Volcarona\n|-damage|p2a: Volcarona|16\/100\n|-status|p1b: Dragonite|brn|[from] ability: Flame Body|[of] p2a: Volcarona\n|-enditem|p2a: Volcarona|Sitrus Berry|[eat]\n|-heal|p2a: Volcarona|41\/100|[from] item: Sitrus Berry\n|\n|-damage|p1b: Dragonite|79\/100 brn|[from] brn\n|upkeep\n|turn|14\n|inactive|Large91 has 30 seconds left.\n|\n|t:|1683109314\n|move|p2b: Ceruledge|Protect|p2b: Ceruledge\n|-singleturn|p2b: Ceruledge|Protect\n|move|p2a: Volcarona|Heat Wave|p1a: Tatsugiri|[spread] p1b\n|-miss|p2a: Volcarona|p1a: Tatsugiri\n|-resisted|p1b: Dragonite\n|-damage|p1b: Dragonite|50\/100 brn\n|move|p1a: Tatsugiri|Muddy Water|p2a: Volcarona|[spread] p2a\n|-activate|p2b: Ceruledge|move: Protect\n|-resisted|p2a: Volcarona\n|-damage|p2a: Volcarona|34\/100\n|move|p1b: Dragonite|Ice Spinner|p2a: Volcarona\n|-supereffective|p2a: Volcarona\n|-damage|p2a: Volcarona|0 fnt\n|faint|p2a: Volcarona\n|\n|-damage|p1b: Dragonite|44\/100 brn|[from] brn\n|upkeep\n|turn|15\n|\n|t:|1683109334\n|move|p1a: Tatsugiri|Muddy Water|p2b: Ceruledge\n|-supereffective|p2b: Ceruledge\n|-damage|p2b: Ceruledge|0 fnt\n|faint|p2b: Ceruledge\n|\n|win|0TestingAC0\n|raw|0TestingAC0's rating: 1215 → 1239<\/strong> (+24 for winning)\n|raw|Large91's rating: 1207 → 1183<\/strong> (-24 for losing)\n|l|\u2606Large91\n|l|\u26060TestingAC0\n","uploadtime":1683109747,"views":15,"p1id":"0testingac0","p2id":"large91","formatid":"gen9vgc2023regulationc","rating":1183,"private":0,"password":""}