{"id":"gen9vgc2023regulationc-1863682499","p1":"tatsuwin","p2":"Cemposer","format":"[Gen 9] VGC 2023 Regulation C","log":"|j|\u2606tatsuwin\n|j|\u2606Cemposer\n|t:|1684059185\n|gametype|doubles\n|player|p1|tatsuwin|266|1327\n|player|p2|Cemposer|grimsley|1458\n|teamsize|p1|6\n|teamsize|p2|6\n|gen|9\n|tier|[Gen 9] VGC 2023 Regulation C\n|rated|\n|rule|Species Clause: Limit one of each Pok\u00e9mon\n|rule|Item Clause: Limit one of each item\n|clearpoke\n|poke|p1|Iron Hands, L50|\n|poke|p1|Gyarados, L50, M|\n|poke|p1|Amoonguss, L50, M|\n|poke|p1|Ting-Lu, L50|\n|poke|p1|Chi-Yu, L50|\n|poke|p1|Flutter Mane, L50|\n|poke|p2|Ting-Lu, L50|\n|poke|p2|Abomasnow, L50, M|\n|poke|p2|Iron Hands, L50|\n|poke|p2|Bronzong, L50|\n|poke|p2|Iron Bundle, L50|\n|poke|p2|Arcanine, L50, M|\n|teampreview|4\n|inactive|Battle timer is ON: inactive players will automatically lose when time's up. (requested by tatsuwin)\ntatsuwin has agreed to open team sheets.\nCemposer has agreed to open team sheets.\n|inactive|tatsuwin has 60 seconds left.\n|inactive|Cemposer has 60 seconds left.\n|\n|t:|1684059242\n|start\n|switch|p1a: Iron Hands|Iron Hands, L50|100\/100\n|switch|p1b: Chi-Yu|Chi-Yu, L50|100\/100\n|switch|p2a: Keeper|Iron Hands, L50|100\/100\n|switch|p2b: Chronos|Bronzong, L50|100\/100\n|-ability|p1b: Chi-Yu|Beads of Ruin\n|turn|1\n|inactive|tatsuwin has 30 seconds left.\n|inactive|Cemposer has 30 seconds left.\n|inactive|tatsuwin has 20 seconds left.\n|\n|t:|1684059281\n|switch|p1b: Ting-Lu|Ting-Lu, L50|100\/100\n|-ability|p1b: Ting-Lu|Vessel of Ruin\n|move|p2b: Chronos|Protect|p2b: Chronos\n|-singleturn|p2b: Chronos|Protect\n|move|p1a: Iron Hands|Fake Out|p2b: Chronos\n|-activate|p2b: Chronos|move: Protect\n|move|p2a: Keeper|Close Combat|p1b: Ting-Lu\n|-supereffective|p1b: Ting-Lu\n|-damage|p1b: Ting-Lu|30\/100\n|-unboost|p2a: Keeper|def|1\n|-unboost|p2a: Keeper|spd|1\n|\n|-heal|p1b: Ting-Lu|36\/100|[from] item: Leftovers\n|upkeep\n|turn|2\n|inactive|tatsuwin has 30 seconds left.\n|inactive|Cemposer has 30 seconds left.\n|inactive|tatsuwin has 20 seconds left.\n|inactive|Cemposer has 20 seconds left.\n|\n|t:|1684059320\n|-end|p2a: Keeper|Quark Drive|[silent]\n|switch|p2a: Hobbes|Arcanine, L50, M|100\/100\n|-ability|p2a: Hobbes|Intimidate|boost\n|-unboost|p1a: Iron Hands|atk|1\n|-unboost|p1b: Ting-Lu|atk|1\n|move|p1a: Iron Hands|Wild Charge|p2b: Chronos\n|-damage|p2b: Chronos|73\/100\n|-damage|p1a: Iron Hands|95\/100|[from] Recoil\n|move|p1b: Ting-Lu|Stomping Tantrum|p2a: Hobbes\n|-supereffective|p2a: Hobbes\n|-damage|p2a: Hobbes|53\/100\n|move|p2b: Chronos|Trick Room|p2b: Chronos\n|-fieldstart|move: Trick Room|[of] p2b: Chronos\n|\n|-heal|p1b: Ting-Lu|42\/100|[from] item: Leftovers\n|upkeep\n|turn|3\n|inactive|tatsuwin has 30 seconds left.\n|\n|t:|1684059346\n|switch|p2a: Ramen|Ting-Lu, L50|100\/100\n|-ability|p2a: Ramen|Vessel of Ruin\n|move|p1b: Ting-Lu|Protect|p1b: Ting-Lu\n|-singleturn|p1b: Ting-Lu|Protect\n|move|p2b: Chronos|Safeguard|p2b: Chronos\n|-sidestart|p2: Cemposer|Safeguard\n|move|p1a: Iron Hands|Volt Switch|p2a: Ramen\n|-immune|p2a: Ramen\n|\n|-heal|p1b: Ting-Lu|48\/100|[from] item: Leftovers\n|upkeep\n|turn|4\n|inactive|tatsuwin has 30 seconds left.\n|inactive|tatsuwin has 20 seconds left.\n|inactive|tatsuwin has 15 seconds left.\n|inactive|tatsuwin has 10 seconds left.\n|inactive|tatsuwin has 5 seconds left.\n|\n|t:|1684059397\n|-terastallize|p1a: Iron Hands|Grass\n|move|p2b: Chronos|Gyro Ball|p1b: Ting-Lu\n|-damage|p1b: Ting-Lu|39\/100\n|move|p2a: Ramen|Earthquake|p1b: Ting-Lu|[spread] p1a,p1b\n|-immune|p2b: Chronos|[from] ability: Levitate\n|-resisted|p1a: Iron Hands\n|-damage|p1a: Iron Hands|78\/100\n|-damage|p1b: Ting-Lu|11\/100\n|move|p1b: Ting-Lu|Ruination|p2a: Ramen\n|-damage|p2a: Ramen|51\/100\n|move|p1a: Iron Hands|Volt Switch|p2b: Chronos\n|-damage|p2b: Chronos|65\/100\n|\n|t:|1684059414\n|-end|p1a: Iron Hands|Quark Drive|[silent]\n|switch|p1a: Chi-Yu|Chi-Yu, L50|100\/100|[from] Volt Switch\n|-ability|p1a: Chi-Yu|Beads of Ruin\n|\n|-heal|p1b: Ting-Lu|17\/100|[from] item: Leftovers\n|upkeep\n|turn|5\n|inactive|tatsuwin has 30 seconds left.\n|inactive|tatsuwin has 20 seconds left.\n|inactive|tatsuwin has 15 seconds left.\n|inactive|tatsuwin has 10 seconds left.\n|inactive|Cemposer has 30 seconds left.\n|\n|t:|1684059464\n|move|p1a: Chi-Yu|Protect|p1a: Chi-Yu\n|-singleturn|p1a: Chi-Yu|Protect\n|move|p2b: Chronos|Gyro Ball|p1b: Ting-Lu\n|-damage|p1b: Ting-Lu|8\/100\n|move|p2a: Ramen|Earthquake|p1a: Chi-Yu|[spread] p1b\n|-activate|p1a: Chi-Yu|move: Protect\n|-immune|p2b: Chronos|[from] ability: Levitate\n|-damage|p1b: Ting-Lu|0 fnt\n|faint|p1b: Ting-Lu\n|\n|upkeep\n|\n|t:|1684059475\n|switch|p1b: Iron Hands|Iron Hands, L50, tera:Grass|78\/100\n|turn|6\n|inactive|tatsuwin has 30 seconds left.\n|inactive|Cemposer has 30 seconds left.\n|\n|t:|1684059507\n|switch|p2a: Hobbes|Arcanine, L50, M|53\/100\n|-ability|p2a: Hobbes|Intimidate|boost\n|-unboost|p1a: Chi-Yu|atk|1\n|-unboost|p1b: Iron Hands|atk|1\n|move|p2b: Chronos|Protect|p2b: Chronos\n|-singleturn|p2b: Chronos|Protect\n|move|p1b: Iron Hands|Drain Punch|p2a: Hobbes\n|-damage|p2a: Hobbes|23\/100\n|-heal|p1b: Iron Hands|90\/100|[from] drain|[of] p2a: Hobbes\n|move|p1a: Chi-Yu|Heat Wave|p2a: Hobbes|[spread] p2a\n|-activate|p2b: Chronos|move: Protect\n|-resisted|p2a: Hobbes\n|-damage|p2a: Hobbes|0 fnt\n|faint|p2a: Hobbes\n|\n|-fieldend|move: Trick Room\n|upkeep\n|\n|t:|1684059524\n|switch|p2a: Keeper|Iron Hands, L50|100\/100\n|turn|7\n|inactive|tatsuwin has 30 seconds left.\n|inactive|tatsuwin has 20 seconds left.\n|\n|t:|1684059561\n|move|p1a: Chi-Yu|Protect|p1a: Chi-Yu\n|-singleturn|p1a: Chi-Yu|Protect\n|move|p2a: Keeper|Fake Out|p1a: Chi-Yu\n|-activate|p1a: Chi-Yu|move: Protect\n|move|p1b: Iron Hands|Volt Switch|p2b: Chronos\n|-damage|p2b: Chronos|53\/100\n|\n|t:|1684059568\n|-end|p1b: Iron Hands|Quark Drive|[silent]\n|switch|p1b: Flutter Mane|Flutter Mane, L50|100\/100|[from] Volt Switch\n|-enditem|p1b: Flutter Mane|Booster Energy\n|-activate|p1b: Flutter Mane|ability: Protosynthesis|[fromitem]\n|-start|p1b: Flutter Mane|protosynthesisspa\n|move|p2b: Chronos|Trick Room|p2b: Chronos\n|-fieldstart|move: Trick Room|[of] p2b: Chronos\n|\n|-sideend|p2: Cemposer|Safeguard\n|upkeep\n|turn|8\n|inactive|tatsuwin has 30 seconds left.\n|\n|t:|1684059594\n|switch|p1a: Iron Hands|Iron Hands, L50, tera:Grass|90\/100\n|move|p1b: Flutter Mane|Protect|p1b: Flutter Mane\n|-singleturn|p1b: Flutter Mane|Protect\n|move|p2b: Chronos|Gyro Ball|p1b: Flutter Mane\n|-activate|p1b: Flutter Mane|move: Protect\n|move|p2a: Keeper|Close Combat|p1a: Iron Hands\n|-damage|p1a: Iron Hands|44\/100\n|-unboost|p2a: Keeper|def|1\n|-unboost|p2a: Keeper|spd|1\n|\n|upkeep\n|turn|9\n|inactive|tatsuwin has 30 seconds left.\n|inactive|tatsuwin has 20 seconds left.\n|\n|t:|1684059632\n|-end|p1b: Flutter Mane|Protosynthesis|[silent]\n|switch|p1b: Chi-Yu|Chi-Yu, L50|100\/100\n|-ability|p1b: Chi-Yu|Beads of Ruin\n|move|p2b: Chronos|Gyro Ball|p1b: Chi-Yu\n|-resisted|p1b: Chi-Yu\n|-damage|p1b: Chi-Yu|76\/100\n|move|p2a: Keeper|Close Combat|p1a: Iron Hands\n|-damage|p1a: Iron Hands|1\/100\n|-unboost|p2a: Keeper|def|1\n|-unboost|p2a: Keeper|spd|1\n|move|p1a: Iron Hands|Drain Punch|p2a: Keeper\n|-damage|p2a: Keeper|40\/100\n|-heal|p1a: Iron Hands|32\/100|[from] drain|[of] p2a: Keeper\n|\n|upkeep\n|turn|10\n|inactive|tatsuwin has 30 seconds left.\n|inactive|Cemposer has 30 seconds left.\n|inactive|tatsuwin has 20 seconds left.\n|inactive|Cemposer has 20 seconds left.\n|inactive|tatsuwin has 15 seconds left.\n|inactive|Cemposer has 15 seconds left.\n|inactive|tatsuwin has 10 seconds left.\n|inactive|Cemposer has 10 seconds left.\n|inactive|Cemposer has 5 seconds left.\n|\n|t:|1684059687\n|move|p2a: Keeper|Fake Out||[still]\n|-hint|Fake Out only works on your first turn out.\n|-fail|p2a: Keeper\n|move|p1a: Iron Hands|Volt Switch|p2b: Chronos\n|-damage|p2b: Chronos|39\/100\n|inactive|tatsuwin has 30 seconds left this turn.\n|\n|t:|1684059693\n|-end|p1a: Iron Hands|Quark Drive|[silent]\n|switch|p1a: Flutter Mane|Flutter Mane, L50|100\/100|[from] Volt Switch\n|move|p1b: Chi-Yu|Nasty Plot|p1b: Chi-Yu\n|-boost|p1b: Chi-Yu|spa|2\n|move|p2b: Chronos|Trick Room|p2b: Chronos\n|-fieldend|move: Trick Room\n|\n|upkeep\n|turn|11\n|inactive|tatsuwin has 25 seconds left this turn.\n|inactive|tatsuwin has 20 seconds left.\n|inactive|tatsuwin has 15 seconds left.\n|inactive|tatsuwin has 10 seconds left.\n|\n|t:|1684059716\n|-end|p2a: Keeper|Quark Drive|[silent]\n|switch|p2a: Ramen|Ting-Lu, L50|51\/100\n|-ability|p2a: Ramen|Vessel of Ruin\n|move|p1a: Flutter Mane|Shadow Ball|p2b: Chronos\n|-supereffective|p2b: Chronos\n|-damage|p2b: Chronos|0 fnt\n|faint|p2b: Chronos\n|move|p1b: Chi-Yu|Heat Wave|p2a: Ramen\n|-damage|p2a: Ramen|0 fnt\n|faint|p2a: Ramen\n|\n|upkeep\n|inactive|tatsuwin has 10 seconds left this turn.\n|-message|Cemposer forfeited.\n|\n|win|tatsuwin\n|inactive|tatsuwin has 10 seconds left this turn.\n|raw|tatsuwin's rating: 1327 → 1354<\/strong> (+27 for winning)\n|raw|Cemposer's rating: 1458 → 1431<\/strong> (-27 for losing)\n|l|\u2606Cemposer\n","uploadtime":1684059736,"views":12,"p1id":"tatsuwin","p2id":"cemposer","formatid":"gen9vgc2023regulationc","rating":1354,"private":0,"password":""}