{"id":"gen9vgc2023regulationc-1863203300","p1":"TheSunnyBug","p2":"Arcacagne","format":"[Gen 9] VGC 2023 Regulation C","log":"|j|\u2606TheSunnyBug\n|j|\u2606Arcacagne\n|t:|1683987828\n|gametype|doubles\n|player|p1|TheSunnyBug|chili|1288\n|player|p2|Arcacagne|169|1289\n|teamsize|p1|6\n|teamsize|p2|6\n|gen|9\n|tier|[Gen 9] VGC 2023 Regulation C\n|rated|\n|rule|Species Clause: Limit one of each Pok\u00e9mon\n|rule|Item Clause: Limit one of each item\n|clearpoke\n|poke|p1|Ceruledge, L50, F|\n|poke|p1|Maushold, L50|\n|poke|p1|Dondozo, L50, M|\n|poke|p1|Ting-Lu, L50|\n|poke|p1|Orthworm, L50, M|\n|poke|p1|Tatsugiri-Stretchy, L50, M|\n|poke|p2|Chi-Yu, L50|\n|poke|p2|Flutter Mane, L50|\n|poke|p2|Amoonguss, L50, F|\n|poke|p2|Ting-Lu, L50|\n|poke|p2|Iron Hands, L50|\n|poke|p2|Gyarados, L50, M|\n|teampreview|4\n|\n|t:|1683987861\n|start\n|switch|p1a: Gabibbo|Orthworm, L50, M|100\/100\n|switch|p1b: Ladri|Maushold, L50|100\/100\n|switch|p2a: Amoonguss|Amoonguss, L50, F|100\/100\n|switch|p2b: Iron Hands|Iron Hands, L50|100\/100\n|turn|1\n|\n|t:|1683987884\n|switch|p2a: Gyarados|Gyarados, L50, M|100\/100\n|-ability|p2a: Gyarados|Intimidate|boost\n|-unboost|p1a: Gabibbo|atk|1\n|-unboost|p1b: Ladri|atk|1\n|move|p1b: Ladri|Follow Me|p1b: Ladri\n|-singleturn|p1b: Ladri|move: Follow Me\n|move|p1a: Gabibbo|Shed Tail|p1a: Gabibbo\n|-start|p1a: Gabibbo|Substitute|[from] move: Shed Tail\n|-damage|p1a: Gabibbo|50\/100\n|-enditem|p1a: Gabibbo|Sitrus Berry|[eat]\n|-heal|p1a: Gabibbo|75\/100|[from] item: Sitrus Berry\n|\n|t:|1683987886\n|switch|p1a: Fritto Misto|Dondozo, L50, M|100\/100|[from] Shed Tail\n|move|p2b: Iron Hands|Drain Punch|p1b: Ladri\n|-supereffective|p1b: Ladri\n|-damage|p1b: Ladri|41\/100\n|\n|upkeep\n|turn|2\n|\n|t:|1683987914\n|-terastallize|p2b: Iron Hands|Grass\n|move|p1b: Ladri|Super Fang|p2b: Iron Hands\n|-damage|p2b: Iron Hands|51\/100\n|move|p2a: Gyarados|Waterfall|p1b: Ladri\n|-damage|p1b: Ladri|12\/100\n|move|p2b: Iron Hands|Thunder Punch|p1a: Fritto Misto\n|-supereffective|p1a: Fritto Misto\n|-end|p1a: Fritto Misto|Substitute\n|move|p1a: Fritto Misto|Yawn|p2b: Iron Hands\n|-start|p2b: Iron Hands|move: Yawn|[of] p1a: Fritto Misto\n|\n|upkeep\n|turn|3\n|\n|t:|1683987932\n|switch|p1b: Acciuga|Tatsugiri-Stretchy, L50, M|100\/100\n|-activate|p1b: Acciuga|ability: Commander|[of] p1a: Fritto Misto\n|-boost|p1a: Fritto Misto|atk|2\n|-boost|p1a: Fritto Misto|spa|2\n|-boost|p1a: Fritto Misto|spe|2\n|-boost|p1a: Fritto Misto|def|2\n|-boost|p1a: Fritto Misto|spd|2\n|-terastallize|p1a: Fritto Misto|Dragon\n|move|p2a: Gyarados|Thunder Wave|p1a: Fritto Misto|[miss]\n|-miss|p2a: Gyarados|p1a: Fritto Misto\n|move|p1a: Fritto Misto|Order Up|p2a: Gyarados\n|-damage|p2a: Gyarados|44\/100\n|-boost|p1a: Fritto Misto|spe|1\n|move|p2b: Iron Hands|Drain Punch|p1b: Acciuga|[miss]\n|-miss|p2b: Iron Hands|p1b: Acciuga\n|\n|-end|p2b: Iron Hands|move: Yawn|[silent]\n|-status|p2b: Iron Hands|slp\n|-enditem|p2b: Iron Hands|Lum Berry|[eat]\n|-curestatus|p2b: Iron Hands|slp|[msg]\n|upkeep\n|turn|4\n|\n|t:|1683987956\n|move|p1a: Fritto Misto|Order Up|p2a: Gyarados\n|-damage|p2a: Gyarados|0 fnt\n|faint|p2a: Gyarados\n|-boost|p1a: Fritto Misto|spe|1\n|move|p2b: Iron Hands|Drain Punch|p1a: Fritto Misto\n|-damage|p1a: Fritto Misto|91\/100\n|-heal|p2b: Iron Hands|56\/100|[from] drain|[of] p1a: Fritto Misto\n|\n|upkeep\n|c|\u2606Arcacagne|nice miss\n|\n|t:|1683987965\n|switch|p2a: Amoonguss|Amoonguss, L50, F|100\/100\n|turn|5\n|c|\u2606TheSunnyBug|what miss\n|c|\u2606Arcacagne|lol\n|\n|t:|1683987979\n|move|p1a: Fritto Misto|Yawn|p2b: Iron Hands\n|-start|p2b: Iron Hands|move: Yawn|[of] p1a: Fritto Misto\n|move|p2b: Iron Hands|Drain Punch|p1a: Fritto Misto\n|-damage|p1a: Fritto Misto|80\/100\n|-heal|p2b: Iron Hands|61\/100|[from] drain|[of] p1a: Fritto Misto\n|move|p2a: Amoonguss|Clear Smog|p1a: Fritto Misto\n|-damage|p1a: Fritto Misto|74\/100\n|-clearboost|p1a: Fritto Misto\n|\n|upkeep\n|turn|6\n|c|\u2606TheSunnyBug|oh the thunder wave?\n|c|\u2606TheSunnyBug|i have also lum\n|c|\u2606Arcacagne|ok fair\n|c|\u2606TheSunnyBug|so it wouldn't have changed much\n|c|\u2606Arcacagne|not true\n|c|\u2606Arcacagne|but ok\n|\n|t:|1683988013\n|-end|p2b: Iron Hands|Quark Drive|[silent]\n|switch|p2b: Flutter Mane|Flutter Mane, L50|100\/100\n|-enditem|p2b: Flutter Mane|Booster Energy\n|-activate|p2b: Flutter Mane|ability: Protosynthesis|[fromitem]\n|-start|p2b: Flutter Mane|protosynthesisspe\n|move|p1a: Fritto Misto|Yawn|p2a: Amoonguss\n|-start|p2a: Amoonguss|move: Yawn|[of] p1a: Fritto Misto\n|move|p2a: Amoonguss|Spore|p1a: Fritto Misto\n|-status|p1a: Fritto Misto|slp|[from] move: Spore\n|-enditem|p1a: Fritto Misto|Lum Berry|[eat]\n|-curestatus|p1a: Fritto Misto|slp|[msg]\n|\n|upkeep\n|turn|7\n|c|\u2606TheSunnyBug|i would have put you into sleep anyway\n|c|\u2606Arcacagne|right\n|c|\u2606Arcacagne|but now it would sleep\n|c|\u2606TheSunnyBug|yep\n|\n|t:|1683988046\n|switch|p2a: Iron Hands|Iron Hands, L50, tera:Grass|61\/100\n|move|p2b: Flutter Mane|Dazzling Gleam|p1a: Fritto Misto|[spread] p1a\n|-miss|p2b: Flutter Mane|p1b: Acciuga\n|-supereffective|p1a: Fritto Misto\n|-damage|p1a: Fritto Misto|33\/100\n|move|p1a: Fritto Misto|Wave Crash|p2b: Flutter Mane\n|-damage|p2b: Flutter Mane|35\/100\n|-damage|p1a: Fritto Misto|21\/100|[from] Recoil\n|\n|upkeep\n|turn|8\n|\n|t:|1683988059\n|move|p2b: Flutter Mane|Dazzling Gleam|p1b: Acciuga|[spread] p1a\n|-miss|p2b: Flutter Mane|p1b: Acciuga\n|-supereffective|p1a: Fritto Misto\n|-damage|p1a: Fritto Misto|0 fnt\n|faint|p1a: Fritto Misto\n|move|p2a: Iron Hands|Swords Dance|p2a: Iron Hands\n|-boost|p2a: Iron Hands|atk|2\n|\n|upkeep\n|\n|t:|1683988062\n|switch|p1a: Ladri|Maushold, L50|12\/100\n|turn|9\n|\n|t:|1683988078\n|move|p1a: Ladri|Protect|p1a: Ladri\n|-singleturn|p1a: Ladri|Protect\n|move|p2b: Flutter Mane|Dazzling Gleam|p1a: Ladri|[spread] p1b\n|-activate|p1a: Ladri|move: Protect\n|-supereffective|p1b: Acciuga\n|-damage|p1b: Acciuga|48\/100\n|move|p1b: Acciuga|Muddy Water|p2a: Iron Hands|[spread] p2a,p2b\n|-resisted|p2a: Iron Hands\n|-damage|p2a: Iron Hands|51\/100\n|-damage|p2b: Flutter Mane|0 fnt\n|-unboost|p2a: Iron Hands|accuracy|1\n|faint|p2b: Flutter Mane\n|-end|p2b: Flutter Mane|Protosynthesis|[silent]\n|move|p2a: Iron Hands|Drain Punch|p1b: Acciuga\n|-damage|p1b: Acciuga|0 fnt\n|-heal|p2a: Iron Hands|64\/100|[from] drain|[of] p1b: Acciuga\n|faint|p1b: Acciuga\n|\n|upkeep\n|\n|t:|1683988093\n|switch|p2b: Amoonguss|Amoonguss, L50, F|100\/100\n|switch|p1b: Gabibbo|Orthworm, L50, M|75\/100\n|turn|10\n|\n|t:|1683988104\n|move|p1a: Ladri|Thunder Wave|p2a: Iron Hands\n|-status|p2a: Iron Hands|par\n|move|p1b: Gabibbo|Iron Defense|p1b: Gabibbo\n|-boost|p1b: Gabibbo|def|2\n|move|p2b: Amoonguss|Pollen Puff|p1a: Ladri\n|-damage|p1a: Ladri|0 fnt\n|faint|p1a: Ladri\n|move|p2a: Iron Hands|Drain Punch|p1b: Gabibbo|[miss]\n|-miss|p2a: Iron Hands|p1b: Gabibbo\n|\n|upkeep\n|turn|11\n|\n|t:|1683988136\n|move|p1b: Gabibbo|Heavy Slam|p2b: Amoonguss\n|-damage|p2b: Amoonguss|69\/100\n|move|p2b: Amoonguss|Spore|p1b: Gabibbo\n|-status|p1b: Gabibbo|slp|[from] move: Spore\n|move|p2a: Iron Hands|Drain Punch|p1b: Gabibbo\n|-supereffective|p1b: Gabibbo\n|-damage|p1b: Gabibbo|23\/100 slp\n|-heal|p2a: Iron Hands|83\/100 par|[from] drain|[of] p1b: Gabibbo\n|\n|upkeep\n|turn|12\n|c|\u2606TheSunnyBug|gg\n|-message|TheSunnyBug forfeited.\n|\n|win|Arcacagne\n|raw|TheSunnyBug's rating: 1288 → 1263<\/strong> (-25 for losing)\n|raw|Arcacagne's rating: 1289 → 1314<\/strong> (+25 for winning)\n|c|\u2606Arcacagne|gg\n|l|\u2606TheSunnyBug\n","uploadtime":1683988181,"views":10,"p1id":"thesunnybug","p2id":"arcacagne","formatid":"gen9vgc2023regulationc","rating":1263,"private":0,"password":""}