{"id":"gen9vgc2023regulationc-1845759341","p1":"Loskdjdjjdjdjdjdkd","p2":"TheKabre","format":"[Gen 9] VGC 2023 Regulation C","log":"|j|\u2606Loskdjdjjdjdjdjdkd\n|j|\u2606TheKabre\n|t:|1681761906\n|gametype|doubles\n|player|p1|Loskdjdjjdjdjdjdkd|170|1000\n|player|p2|TheKabre|wattson|1093\n|teamsize|p1|6\n|teamsize|p2|6\n|gen|9\n|tier|[Gen 9] VGC 2023 Regulation C\n|rated|\n|rule|Species Clause: Limit one of each Pok\u00e9mon\n|rule|Item Clause: Limit one of each item\n|clearpoke\n|poke|p1|Orthworm, L50, F|\n|poke|p1|Ting-Lu, L50|\n|poke|p1|Gyarados, L50, F|\n|poke|p1|Breloom, L50, F|\n|poke|p1|Ceruledge, L50, F|\n|poke|p1|Flutter Mane, L50|\n|poke|p2|Pelipper, L50, M|\n|poke|p2|Drednaw, L50, M|\n|poke|p2|Dondozo, L50, M|\n|poke|p2|Tatsugiri-Droopy, L50, F|\n|poke|p2|Chien-Pao, L50|\n|poke|p2|Flutter Mane, L50|\n|teampreview|4\nTheKabre has agreed to open team sheets.\n|inactive|Battle timer is ON: inactive players will automatically lose when time's up. (requested by TheKabre)\n|\n|t:|1681761940\n|start\n|switch|p1a: Zipper Man|Breloom, L50, F|100\/100\n|switch|p1b: Dan of Steel|Orthworm, L50, F, shiny|100\/100\n|switch|p2a: Cano|Pelipper, L50, M|100\/100\n|switch|p2b: Piruixa|Flutter Mane, L50|100\/100\n|-weather|RainDance|[from] ability: Drizzle|[of] p2a: Cano\n|turn|1\n|\n|t:|1681761962\n|move|p1a: Zipper Man|Protect|p1a: Zipper Man\n|-singleturn|p1a: Zipper Man|Protect\n|move|p2b: Piruixa|Substitute|p2b: Piruixa\n|-start|p2b: Piruixa|Substitute\n|-damage|p2b: Piruixa|76\/100\n|move|p1b: Dan of Steel|Shed Tail|p1b: Dan of Steel\n|-start|p1b: Dan of Steel|Substitute|[from] move: Shed Tail\n|-damage|p1b: Dan of Steel|50\/100\n|-enditem|p1b: Dan of Steel|Sitrus Berry|[eat]\n|-heal|p1b: Dan of Steel|75\/100|[from] item: Sitrus Berry\n|\n|t:|1681761978\n|switch|p1b: Flaccid Pancake|Gyarados, L50, F, shiny|100\/100|[from] Shed Tail\n|-ability|p1b: Flaccid Pancake|Intimidate|boost\n|-unboost|p2a: Cano|atk|1\n|-immune|p2b: Piruixa\n|move|p2a: Cano|Tailwind|p2a: Cano\n|-sidestart|p2: TheKabre|move: Tailwind\n|\n|-weather|RainDance|[upkeep]\n|-heal|p2b: Piruixa|82\/100|[from] item: Leftovers\n|upkeep\n|turn|2\n|\n|t:|1681761996\n|switch|p1a: Dan of Steel|Orthworm, L50, F, shiny|75\/100\n|move|p2b: Piruixa|Moonblast|p1b: Flaccid Pancake\n|-end|p1b: Flaccid Pancake|Substitute\n|move|p2a: Cano|U-turn|p1a: Dan of Steel\n|-resisted|p1a: Dan of Steel\n|-damage|p1a: Dan of Steel|73\/100\n|\n|t:|1681762006\n|switch|p2a: Estermont|Drednaw, L50, M|100\/100|[from] U-turn\n|move|p1b: Flaccid Pancake|Bulldoze|p2b: Piruixa|[spread] p2a,p2b\n|-heal|p1a: Dan of Steel|98\/100|[from] ability: Earth Eater|[of] p1b: Flaccid Pancake\n|-end|p2b: Piruixa|Substitute\n|-supereffective|p2a: Estermont\n|-crit|p2a: Estermont\n|-damage|p2a: Estermont|43\/100\n|-unboost|p2a: Estermont|spe|1\n|\n|-weather|RainDance|[upkeep]\n|-heal|p2b: Piruixa|87\/100|[from] item: Leftovers\n|upkeep\n|turn|3\n|inactive|TheKabre has 30 seconds left.\n|\n|t:|1681762033\n|move|p2b: Piruixa|Moonblast|p1b: Flaccid Pancake\n|-damage|p1b: Flaccid Pancake|53\/100\n|move|p2a: Estermont|Rock Slide|p1b: Flaccid Pancake|[spread] p1a,p1b\n|-resisted|p1a: Dan of Steel\n|-supereffective|p1b: Flaccid Pancake\n|-damage|p1a: Dan of Steel|88\/100\n|-damage|p1b: Flaccid Pancake|0 fnt\n|faint|p1b: Flaccid Pancake\n|move|p1a: Dan of Steel|Shed Tail|p1a: Dan of Steel\n|-start|p1a: Dan of Steel|Substitute|[from] move: Shed Tail\n|-damage|p1a: Dan of Steel|38\/100\n|\n|t:|1681762046\n|switch|p1a: FAAARP|Ceruledge, L50, F|100\/100|[from] Shed Tail\n|\n|-weather|RainDance|[upkeep]\n|-heal|p2b: Piruixa|93\/100|[from] item: Leftovers\n|upkeep\n|\n|t:|1681762055\n|switch|p1b: Zipper Man|Breloom, L50, F|100\/100\n|turn|4\n|\n|t:|1681762071\n|-end|p2b: Piruixa|Protosynthesis|[silent]\n|switch|p2b: Cano|Pelipper, L50, M|100\/100\n|move|p1b: Zipper Man|Mach Punch|p2a: Estermont\n|-supereffective|p2a: Estermont\n|-damage|p2a: Estermont|0 fnt\n|faint|p2a: Estermont\n|move|p1a: FAAARP|Shadow Sneak|p2b: Cano\n|-damage|p2b: Cano|81\/100\n|\n|-weather|RainDance|[upkeep]\n|-sideend|p2: TheKabre|move: Tailwind\n|upkeep\n|\n|t:|1681762086\n|switch|p2a: Misifu|Chien-Pao, L50|100\/100\n|-ability|p2a: Misifu|Sword of Ruin\n|turn|5\n|inactive|TheKabre has 30 seconds left.\n|inactive|TheKabre has 20 seconds left.\n|\n|t:|1681762122\n|-terastallize|p2a: Misifu|Ghost\n|move|p2a: Misifu|Ice Spinner|p1b: Zipper Man\n|-supereffective|p1b: Zipper Man\n|-enditem|p1b: Zipper Man|Focus Sash\n|-damage|p1b: Zipper Man|1\/100\n|move|p1b: Zipper Man|Spore|p2b: Cano\n|-status|p2b: Cano|slp|[from] move: Spore\n|move|p1a: FAAARP|Close Combat|p2a: Misifu\n|-immune|p2a: Misifu\n|cant|p2b: Cano|slp\n|\n|-weather|RainDance|[upkeep]\n|upkeep\n|turn|6\n|inactive|TheKabre has 30 seconds left.\n|\n|t:|1681762154\n|move|p1b: Zipper Man|Protect|p1b: Zipper Man\n|-singleturn|p1b: Zipper Man|Protect\n|move|p2a: Misifu|Sucker Punch|p1a: FAAARP\n|-supereffective|p1a: FAAARP\n|-end|p1a: FAAARP|Substitute\n|move|p1a: FAAARP|Shadow Sneak|p2a: Misifu\n|-supereffective|p2a: Misifu\n|-damage|p2a: Misifu|45\/100\n|cant|p2b: Cano|slp\n|\n|-weather|RainDance|[upkeep]\n|upkeep\n|turn|7\n|\n|t:|1681762175\n|-terastallize|p1a: FAAARP|Grass\n|move|p2a: Misifu|Protect|p2a: Misifu\n|-singleturn|p2a: Misifu|Protect\n|move|p1a: FAAARP|Shadow Sneak|p2a: Misifu\n|-activate|p2a: Misifu|move: Protect\n|move|p1b: Zipper Man|Bullet Seed|p2b: Cano\n|-damage|p2b: Cano|50\/100 slp\n|-damage|p2b: Cano|24\/100 slp\n|-damage|p2b: Cano|0 fnt\n|faint|p2b: Cano\n|-hitcount|p2: Cano|3\n|\n|-weather|RainDance|[upkeep]\n|upkeep\n|\n|t:|1681762187\n|switch|p2b: Piruixa|Flutter Mane, L50|93\/100\n|turn|8\n|inactive|TheKabre has 30 seconds left.\n|inactive|TheKabre has 20 seconds left.\n|inactive|TheKabre has 15 seconds left.\n|inactive|TheKabre has 10 seconds left.\n|\n|t:|1681762233\n|move|p1a: FAAARP|Shadow Sneak|p2a: Misifu\n|-supereffective|p2a: Misifu\n|-damage|p2a: Misifu|0 fnt\n|faint|p2a: Misifu\n|move|p2b: Piruixa|Substitute|p2b: Piruixa\n|-start|p2b: Piruixa|Substitute\n|-damage|p2b: Piruixa|68\/100\n|move|p1b: Zipper Man|Bullet Seed|p2b: Piruixa\n|-end|p2b: Piruixa|Substitute\n|-damage|p2b: Piruixa|37\/100\n|-damage|p2b: Piruixa|5\/100\n|-hitcount|p2b: Piruixa|3\n|\n|-weather|none\n|-heal|p2b: Piruixa|11\/100|[from] item: Leftovers\n|upkeep\n|turn|9\n|-message|TheKabre forfeited.\n|\n|win|Loskdjdjjdjdjdjdkd\n|raw|Loskdjdjjdjdjdjdkd's rating: 1000 → 1050<\/strong> (+50 for winning)\n|raw|TheKabre's rating: 1093 → 1063<\/strong> (-30 for losing)\n|l|\u2606TheKabre\n","uploadtime":1681762323,"views":8,"p1id":"loskdjdjjdjdjdjdkd","p2id":"thekabre","formatid":"gen9vgc2023regulationc","rating":1050,"private":0,"password":""}