{"id":"gen9vgc2023regulationc-1856743824","p1":"ziguzakuma","p2":"CAb Bigui","format":"[Gen 9] VGC 2023 Regulation C","log":"|j|\u2606ziguzakuma\n|j|\u2606CAb Bigui\n|t:|1683104425\n|gametype|doubles\n|player|p1|ziguzakuma|1|1219\n|player|p2|CAb Bigui|169|1154\n|teamsize|p1|6\n|teamsize|p2|6\n|gen|9\n|tier|[Gen 9] VGC 2023 Regulation C\n|rated|\n|rule|Species Clause: Limit one of each Pok\u00e9mon\n|rule|Item Clause: Limit one of each item\n|clearpoke\n|poke|p1|Palafin, L50, M|\n|poke|p1|Arcanine, L50, M|\n|poke|p1|Amoonguss, L50, F|\n|poke|p1|Ting-Lu, L50|\n|poke|p1|Flutter Mane, L50|\n|poke|p1|Baxcalibur, L50, M|\n|poke|p2|Dondozo, L50, M|\n|poke|p2|Tatsugiri-Droopy, L50, M|\n|poke|p2|Pelipper, L50, M|\n|poke|p2|Drednaw, L50, M|\n|poke|p2|Dragonite, L50, M|\n|poke|p2|Chien-Pao, L50|\n|teampreview|4\n|inactive|Battle timer is ON: inactive players will automatically lose when time's up. (requested by CAb Bigui)\n|\n|t:|1683104457\n|start\n|switch|p1a: Palafin|Palafin, L50, M|100\/100\n|switch|p1b: Baxcalibur|Baxcalibur, L50, M|100\/100\n|switch|p2a: Dondozo|Dondozo, L50, M|100\/100\n|switch|p2b: Pelipper|Pelipper, L50, M|100\/100\n|-weather|RainDance|[from] ability: Drizzle|[of] p2b: Pelipper\n|turn|1\n|\n|t:|1683104470\n|detailschange|p1a: Palafin|Palafin-Hero, L50, M\n|switch|p1a: Amoonguss|Amoonguss, L50, F|100\/100\n|move|p2a: Dondozo|Protect|p2a: Dondozo\n|-singleturn|p2a: Dondozo|Protect\n|move|p1b: Baxcalibur|Icicle Crash|p2b: Pelipper\n|-damage|p2b: Pelipper|48\/100\n|cant|p2b: Pelipper|flinch\n|\n|-weather|RainDance|[upkeep]\n|upkeep\n|turn|2\n|inactive|CAb Bigui has 30 seconds left.\n|inactive|CAb Bigui has 20 seconds left.\n|inactive|CAb Bigui has 15 seconds left.\n|inactive|CAb Bigui has 10 seconds left.\n|\n|t:|1683104519\n|switch|p2b: Tatsugiri|Tatsugiri-Droopy, L50, M, shiny|100\/100\n|-activate|p2b: Tatsugiri|ability: Commander|[of] p2a: Dondozo\n|-boost|p2a: Dondozo|atk|2\n|-boost|p2a: Dondozo|spa|2\n|-boost|p2a: Dondozo|spe|2\n|-boost|p2a: Dondozo|def|2\n|-boost|p2a: Dondozo|spd|2\n|move|p2a: Dondozo|Wave Crash|p1b: Baxcalibur\n|-resisted|p1b: Baxcalibur\n|-damage|p1b: Baxcalibur|33\/100\n|-damage|p2a: Dondozo|79\/100|[from] Recoil\n|-damage|p2a: Dondozo|70\/100|[from] item: Life Orb\n|move|p1b: Baxcalibur|Icicle Crash|p2b: Tatsugiri|[miss]\n|-miss|p1b: Baxcalibur|p2b: Tatsugiri\n|move|p1a: Amoonguss|Spore|p2a: Dondozo\n|-status|p2a: Dondozo|slp|[from] move: Spore\n|\n|-weather|RainDance|[upkeep]\n|upkeep\n|turn|3\n|\n|t:|1683104541\n|cant|p2a: Dondozo|slp\n|move|p2a: Dondozo|Sleep Talk|p2a: Dondozo\n|move|p2a: Dondozo|Wave Crash|p1a: Amoonguss|[from]move: Sleep Talk\n|-resisted|p1a: Amoonguss\n|-crit|p1a: Amoonguss\n|-damage|p1a: Amoonguss|6\/100\n|-enditem|p1a: Amoonguss|Sitrus Berry|[eat]\n|-heal|p1a: Amoonguss|31\/100|[from] item: Sitrus Berry\n|-damage|p2a: Dondozo|39\/100 slp|[from] Recoil\n|-damage|p2a: Dondozo|29\/100 slp|[from] item: Life Orb\n|move|p1b: Baxcalibur|Glaive Rush|p2a: Dondozo\n|-damage|p2a: Dondozo|1\/100 slp\n|-singlemove|p1b: Baxcalibur|Glaive Rush|[silent]\n|move|p1a: Amoonguss|Pollen Puff|p1b: Baxcalibur\n|-heal|p1b: Baxcalibur|82\/100\n|\n|-weather|RainDance|[upkeep]\n|upkeep\n|turn|4\n|\n|t:|1683104564\n|move|p1b: Baxcalibur|Ice Shard|p2a: Dondozo\n|-resisted|p2a: Dondozo\n|-damage|p2a: Dondozo|0 fnt\n|faint|p2a: Dondozo\n|move|p1a: Amoonguss|Spore|p2b: Tatsugiri\n|-status|p2b: Tatsugiri|slp|[from] move: Spore\n|\n|-weather|RainDance|[upkeep]\n|upkeep\n|\n|t:|1683104582\n|switch|p2a: Drednaw|Drednaw, L50, M|100\/100\n|turn|5\n|\n|t:|1683104590\n|switch|p1a: Arcanine|Arcanine, L50, M|100\/100\n|-ability|p1a: Arcanine|Intimidate|boost\n|-unboost|p2a: Drednaw|atk|1\n|-unboost|p2b: Tatsugiri|atk|1\n|move|p2a: Drednaw|Rock Slide|p1b: Baxcalibur|[spread] p1a,p1b\n|-supereffective|p1a: Arcanine\n|-supereffective|p1b: Baxcalibur\n|-damage|p1a: Arcanine|45\/100\n|-damage|p1b: Baxcalibur|34\/100\n|cant|p2b: Tatsugiri|slp\n|cant|p1b: Baxcalibur|flinch\n|\n|-weather|RainDance|[upkeep]\n|upkeep\n|turn|6\n|\n|t:|1683104608\n|switch|p1b: Amoonguss|Amoonguss, L50, F|64\/100\n|move|p1a: Arcanine|Protect|p1a: Arcanine\n|-singleturn|p1a: Arcanine|Protect\n|move|p2a: Drednaw|Rock Slide|p1b: Amoonguss|[spread] p1b\n|-activate|p1a: Arcanine|move: Protect\n|-damage|p1b: Amoonguss|40\/100\n|cant|p2b: Tatsugiri|slp\n|\n|-weather|RainDance|[upkeep]\n|upkeep\n|turn|7\n|l|\u2606ziguzakuma\n|inactive|ziguzakuma disconnected and has a minute to reconnect!\n|player|p1|\n|j|\u2606ziguzakuma\n|inactive|ziguzakuma reconnected and has 35 seconds left.\n|player|p1|ziguzakuma|1\n|inactive|ziguzakuma has 30 seconds left.\n|inactive|CAb Bigui has 30 seconds left.\n|\n|t:|1683104649\n|switch|p2a: Pelipper|Pelipper, L50, M|48\/100\n|switch|p1a: Baxcalibur|Baxcalibur, L50, M|34\/100\n|cant|p2b: Tatsugiri|slp\n|move|p1b: Amoonguss|Spore|p2a: Pelipper\n|-status|p2a: Pelipper|slp|[from] move: Spore\n|\n|-weather|RainDance|[upkeep]\n|upkeep\n|turn|8\n|\n|t:|1683104672\n|switch|p1b: Palafin|Palafin-Hero, L50, M|100\/100\n|-activate|p1b: Palafin|ability: Zero to Hero\n|-curestatus|p2b: Tatsugiri|slp|[msg]\n|move|p2b: Tatsugiri|Muddy Water|p1a: Baxcalibur|[spread] p1a,p1b\n|-resisted|p1a: Baxcalibur\n|-resisted|p1b: Palafin\n|-crit|p1b: Palafin\n|-damage|p1a: Baxcalibur|13\/100\n|-damage|p1b: Palafin|62\/100\n|-unboost|p1b: Palafin|accuracy|1\n|move|p1a: Baxcalibur|Icicle Crash|p2a: Pelipper\n|-damage|p2a: Pelipper|0 fnt\n|faint|p2a: Pelipper\n|\n|-weather|none\n|upkeep\n|\n|t:|1683104683\n|switch|p2a: Drednaw|Drednaw, L50, M|100\/100\n|turn|9\n|\n|t:|1683104700\n|switch|p1b: Arcanine|Arcanine, L50, M|45\/100\n|-ability|p1b: Arcanine|Intimidate|boost\n|-unboost|p2a: Drednaw|atk|1\n|-unboost|p2b: Tatsugiri|atk|1\n|switch|p1a: Amoonguss|Amoonguss, L50, F|74\/100\n|-terastallize|p2a: Drednaw|Grass\n|move|p2b: Tatsugiri|Muddy Water|p1b: Arcanine|[spread] p1a,p1b\n|-resisted|p1a: Amoonguss\n|-supereffective|p1b: Arcanine\n|-damage|p1a: Amoonguss|60\/100\n|-damage|p1b: Arcanine|0 fnt\n|-unboost|p1a: Amoonguss|accuracy|1\n|faint|p1b: Arcanine\n|move|p2a: Drednaw|Tera Blast|p1a: Amoonguss\n|-resisted|p1a: Amoonguss\n|-damage|p1a: Amoonguss|51\/100\n|\n|upkeep\n|\n|t:|1683104719\n|switch|p1b: Palafin|Palafin-Hero, L50, M|62\/100\n|turn|10\n|\n|t:|1683104733\n|move|p1b: Palafin|Protect|p1b: Palafin\n|-singleturn|p1b: Palafin|Protect\n|move|p2b: Tatsugiri|Muddy Water|p1a: Amoonguss|[spread] p1a\n|-activate|p1b: Palafin|move: Protect\n|-resisted|p1a: Amoonguss\n|-damage|p1a: Amoonguss|37\/100\n|move|p2a: Drednaw|Tera Blast|p1b: Palafin\n|-activate|p1b: Palafin|move: Protect\n|move|p1a: Amoonguss|Spore|p2b: Tatsugiri\n|-status|p2b: Tatsugiri|slp|[from] move: Spore\n|\n|upkeep\n|turn|11\n|inactive|ziguzakuma has 30 seconds left.\n|inactive|ziguzakuma has 20 seconds left.\n|\n|t:|1683104771\n|cant|p2b: Tatsugiri|slp\n|move|p2a: Drednaw|Tera Blast|p1b: Palafin\n|-supereffective|p1b: Palafin\n|-damage|p1b: Palafin|0 fnt\n|faint|p1b: Palafin\n|move|p1a: Amoonguss|Pollen Puff|p1: Palafin|[notarget]\n|-fail|p1a: Amoonguss\n|\n|upkeep\n|\n|t:|1683104776\n|switch|p1b: Baxcalibur|Baxcalibur, L50, M|13\/100\n|turn|12\n|\n|t:|1683104784\n|-curestatus|p2b: Tatsugiri|slp|[msg]\n|move|p2b: Tatsugiri|Muddy Water|p1b: Baxcalibur|[spread] p1a,p1b\n|-resisted|p1a: Amoonguss\n|-resisted|p1b: Baxcalibur\n|-damage|p1a: Amoonguss|24\/100\n|-damage|p1b: Baxcalibur|0 fnt\n|faint|p1b: Baxcalibur\n|move|p2a: Drednaw|Tera Blast|p1a: Amoonguss\n|-resisted|p1a: Amoonguss\n|-damage|p1a: Amoonguss|15\/100\n|move|p1a: Amoonguss|Pollen Puff|p1: Baxcalibur|[notarget]\n|-fail|p1a: Amoonguss\n|\n|upkeep\n|turn|13\n|-message|ziguzakuma forfeited.\n|\n|win|CAb Bigui\n|raw|ziguzakuma's rating: 1219 → 1189<\/strong> (-30 for losing)\n|raw|CAb Bigui's rating: 1154 → 1184<\/strong> (+30 for winning)\n|l|\u2606ziguzakuma\n","uploadtime":1683104796,"views":12,"p1id":"ziguzakuma","p2id":"cabbigui","formatid":"gen9vgc2023regulationc","rating":1184,"private":0,"password":""}