{"id":"gen9vgc2023regulationc-1860494698","p1":"VGCsavant","p2":"shm0406","format":"[Gen 9] VGC 2023 Regulation C","log":"|j|\u2606VGCsavant\n|j|\u2606shm0406\n|t:|1683649091\n|gametype|doubles\n|player|p1|VGCsavant|shauntal|1250\n|player|p2|shm0406|n|1332\n|teamsize|p1|6\n|teamsize|p2|6\n|gen|9\n|tier|[Gen 9] VGC 2023 Regulation C\n|rated|\n|rule|Species Clause: Limit one of each Pok\u00e9mon\n|rule|Item Clause: Limit one of each item\n|clearpoke\n|poke|p1|Dragonite, L50, M|\n|poke|p1|Maushold-Four, L50|\n|poke|p1|Talonflame, L50, F|\n|poke|p1|Rotom-Wash, L50|\n|poke|p1|Chien-Pao, L50|\n|poke|p1|Annihilape, L50, F|\n|poke|p2|Brambleghast, L50, F|\n|poke|p2|Kilowattrel, L50, F|\n|poke|p2|Dudunsparce-*, L50, F|\n|poke|p2|Orthworm, L50, M|\n|poke|p2|Goodra, L50, F|\n|poke|p2|Azumarill, L50, M|\n|teampreview|4\n|inactive|Battle timer is ON: inactive players will automatically lose when time's up. (requested by VGCsavant)\nVGCsavant has agreed to open team sheets.\n|inactive|VGCsavant has 60 seconds left.\n|inactive|shm0406 has 60 seconds left.\n|\n|t:|1683649136\n|start\n|switch|p1a: Maushold|Maushold-Four, L50|100\/100\n|switch|p1b: Annihilape|Annihilape, L50, F|100\/100\n|switch|p2a: Kilowattrel|Kilowattrel, L50, F|100\/100\n|switch|p2b: Orthworm|Orthworm, L50, M|100\/100\n|turn|1\n|inactive|VGCsavant has 30 seconds left.\n|\n|t:|1683649168\n|-terastallize|p1b: Annihilape|Fire\n|move|p2a: Kilowattrel|Tailwind|p2a: Kilowattrel\n|-sidestart|p2: shm0406|move: Tailwind\n|-start|p2a: Kilowattrel|Charge|Tailwind|[from] ability: Wind Power\n|move|p1a: Maushold|Beat Up|p1b: Annihilape\n|-damage|p1b: Annihilape|99\/100\n|-damage|p1b: Annihilape|96\/100\n|-damage|p1b: Annihilape|95\/100\n|-damage|p1b: Annihilape|93\/100\n|-hitcount|p1b: Annihilape|4\n|move|p2b: Orthworm|Shed Tail|p2b: Orthworm\n|-start|p2b: Orthworm|Substitute|[from] move: Shed Tail\n|-damage|p2b: Orthworm|50\/100\n|-enditem|p2b: Orthworm|Sitrus Berry|[eat]\n|-heal|p2b: Orthworm|75\/100|[from] item: Sitrus Berry\n|\n|t:|1683649184\n|switch|p2b: Brambleghast|Brambleghast, L50, F|100\/100|[from] Shed Tail\n|-ability|p2b: Brambleghast|Wind Rider|boost\n|-boost|p2b: Brambleghast|atk|1\n|move|p1b: Annihilape|Drain Punch|p2b: Brambleghast\n|-immune|p2b: Brambleghast\n|\n|-heal|p1b: Annihilape|99\/100|[from] item: Leftovers\n|upkeep\n|turn|2\n|\n|t:|1683649210\n|move|p2a: Kilowattrel|Thunderbolt|p1b: Annihilape\n|-damage|p1b: Annihilape|43\/100\n|-end|p2a: Kilowattrel|Charge|[silent]\n|move|p2b: Brambleghast|Phantom Force||[still]\n|-prepare|p2b: Brambleghast|Phantom Force\n|move|p1a: Maushold|Beat Up|p2b: Brambleghast|[miss]\n|-miss|p1a: Maushold|p2b: Brambleghast\n|move|p1b: Annihilape|Rage Fist|p2b: Brambleghast|[miss]\n|-miss|p1b: Annihilape|p2b: Brambleghast\n|\n|-heal|p1b: Annihilape|49\/100|[from] item: Leftovers\n|upkeep\n|turn|3\n|\n|t:|1683649224\n|move|p1a: Maushold|Follow Me|p1a: Maushold\n|-singleturn|p1a: Maushold|move: Follow Me\n|move|p2a: Kilowattrel|Thunderbolt|p1a: Maushold\n|-damage|p1a: Maushold|46\/100\n|move|p2b: Brambleghast|Phantom Force|p1a: Maushold|[from]lockedmove\n|-immune|p1a: Maushold\n|move|p1b: Annihilape|Rage Fist|p2a: Kilowattrel\n|-enditem|p2a: Kilowattrel|Focus Sash\n|-damage|p2a: Kilowattrel|1\/100\n|\n|-heal|p1b: Annihilape|55\/100|[from] item: Leftovers\n|upkeep\n|turn|4\n|inactive|VGCsavant has 30 seconds left.\n|\n|t:|1683649254\n|move|p1b: Annihilape|Protect|p1b: Annihilape\n|-singleturn|p1b: Annihilape|Protect\n|move|p2a: Kilowattrel|Volt Switch|p1b: Annihilape\n|-activate|p1b: Annihilape|move: Protect\n|move|p2b: Brambleghast|Seed Bomb|p1a: Maushold\n|-damage|p1a: Maushold|0 fnt\n|faint|p1a: Maushold\n|-damage|p2b: Brambleghast|91\/100|[from] item: Life Orb\n|\n|-heal|p1b: Annihilape|61\/100|[from] item: Leftovers\n|-sideend|p2: shm0406|move: Tailwind\n|upkeep\n|\n|t:|1683649264\n|switch|p1a: Dragonite|Dragonite, L50, M|100\/100\n|turn|5\n|\n|t:|1683649274\n|move|p1a: Dragonite|Extreme Speed|p2a: Kilowattrel\n|-damage|p2a: Kilowattrel|0 fnt\n|faint|p2a: Kilowattrel\n|move|p2b: Brambleghast|Phantom Force||[still]\n|-prepare|p2b: Brambleghast|Phantom Force\n|move|p1b: Annihilape|Rage Fist|p2b: Brambleghast|[miss]\n|-miss|p1b: Annihilape|p2b: Brambleghast\n|\n|-heal|p1b: Annihilape|67\/100|[from] item: Leftovers\n|upkeep\n|\n|t:|1683649286\n|switch|p2a: Dudunsparce|Dudunsparce-Three-Segment, L50, F|100\/100\n|turn|6\n|\n|t:|1683649305\n|-terastallize|p2a: Dudunsparce|Ghost\n|move|p2b: Brambleghast|Phantom Force|p1b: Annihilape|[from]lockedmove\n|-damage|p1b: Annihilape|0 fnt\n|faint|p1b: Annihilape\n|-damage|p2b: Brambleghast|81\/100|[from] item: Life Orb\n|move|p1a: Dragonite|Dragon Claw|p2b: Brambleghast\n|-end|p2b: Brambleghast|Substitute\n|move|p2a: Dudunsparce|Tailwind|p2a: Dudunsparce\n|-sidestart|p2: shm0406|move: Tailwind\n|-ability|p2b: Brambleghast|Wind Rider|boost\n|-boost|p2b: Brambleghast|atk|1\n|\n|upkeep\n|\n|t:|1683649311\n|switch|p1b: Rotom|Rotom-Wash, L50|100\/100\n|turn|7\n|\n|t:|1683649331\n|move|p1b: Rotom|Protect|p1b: Rotom\n|-singleturn|p1b: Rotom|Protect\n|move|p2b: Brambleghast|Phantom Force||[still]\n|-prepare|p2b: Brambleghast|Phantom Force\n|move|p2a: Dudunsparce|Boomburst|p1b: Rotom|[spread] p1a\n|-miss|p2a: Dudunsparce|p2b: Brambleghast\n|-activate|p1b: Rotom|move: Protect\n|-damage|p1a: Dragonite|89\/100\n|-enditem|p2a: Dudunsparce|Throat Spray\n|-boost|p2a: Dudunsparce|spa|1|[from] item: Throat Spray\n|move|p1a: Dragonite|Dragon Claw|p2b: Brambleghast|[miss]\n|-miss|p1a: Dragonite|p2b: Brambleghast\n|\n|upkeep\n|turn|8\n|\n|t:|1683649355\n|move|p2b: Brambleghast|Phantom Force|p1a: Dragonite|[from]lockedmove\n|-damage|p1a: Dragonite|0 fnt\n|faint|p1a: Dragonite\n|-damage|p2b: Brambleghast|72\/100|[from] item: Life Orb\n|move|p2a: Dudunsparce|Boomburst|p1b: Rotom|[spread] p1b\n|-immune|p2b: Brambleghast\n|-damage|p1b: Rotom|41\/100\n|-enditem|p1b: Rotom|Sitrus Berry|[eat]\n|-heal|p1b: Rotom|65\/100|[from] item: Sitrus Berry\n|move|p1b: Rotom|Volt Switch|p2b: Brambleghast\n|-resisted|p2b: Brambleghast\n|-damage|p2b: Brambleghast|51\/100\n|\n|upkeep\n|turn|9\n|-message|VGCsavant forfeited.\n|\n|win|shm0406\n|raw|VGCsavant's rating: 1250 → 1231<\/strong> (-19 for losing)\n|raw|shm0406's rating: 1332 → 1347<\/strong> (+15 for winning)\n|l|\u2606VGCsavant\n","uploadtime":1683649377,"views":13,"p1id":"vgcsavant","p2id":"shm0406","formatid":"gen9vgc2023regulationc","rating":1231,"private":0,"password":""}