{"id":"gen9vgc2023regulationc-1844988929","p1":"Rals3","p2":"kittenkid","format":"[Gen 9] VGC 2023 Regulation C","log":"|j|\u2606Rals3\n|j|\u2606kittenkid\n|t:|1681671425\n|gametype|doubles\n|player|p1|Rals3|170|1109\n|player|p2|kittenkid|2|1218\n|teamsize|p1|6\n|teamsize|p2|6\n|gen|9\n|tier|[Gen 9] VGC 2023 Regulation C\n|rated|\n|rule|Species Clause: Limit one of each Pok\u00e9mon\n|rule|Item Clause: Limit one of each item\n|clearpoke\n|poke|p1|Chien-Pao, L50|\n|poke|p1|Dragonite, L50, F|\n|poke|p1|Amoonguss, L50, F|\n|poke|p1|Flutter Mane, L50|\n|poke|p1|Gyarados, L50, M|\n|poke|p1|Toxapex, L50, M|\n|poke|p2|Murkrow, L50, M|\n|poke|p2|Chi-Yu, L50|\n|poke|p2|Flutter Mane, L50|\n|poke|p2|Great Tusk, L50|\n|poke|p2|Brute Bonnet, L50|\n|poke|p2|Corviknight, L50, M|\n|teampreview|4\nkittenkid has agreed to open team sheets.\nRals3 has agreed to open team sheets.\n|\n|t:|1681671488\n|start\n|switch|p1a: Chien-Pao|Chien-Pao, L50|100\/100\n|switch|p1b: Dragonite|Dragonite, L50, F|100\/100\n|switch|p2a: Corviknight|Corviknight, L50, M|100\/100\n|switch|p2b: Great Tusk|Great Tusk, L50|100\/100\n|-ability|p1a: Chien-Pao|Sword of Ruin\n|turn|1\n|\n|t:|1681671554\n|-terastallize|p1a: Chien-Pao|Ghost\n|move|p2b: Great Tusk|Rock Slide|p1b: Dragonite|[spread] p1a,p1b\n|-supereffective|p1b: Dragonite\n|-damage|p1a: Chien-Pao|71\/100\n|-damage|p1b: Dragonite|40\/100\n|move|p1a: Chien-Pao|Ice Spinner|p2b: Great Tusk\n|-supereffective|p2b: Great Tusk\n|-damage|p2b: Great Tusk|22\/100\n|move|p1b: Dragonite|Fire Punch|p2a: Corviknight\n|-supereffective|p2a: Corviknight\n|-damage|p2a: Corviknight|0 fnt\n|faint|p2a: Corviknight\n|\n|upkeep\n|\n|t:|1681671583\n|switch|p2a: Chi-Yu|Chi-Yu, L50|100\/100\n|-ability|p2a: Chi-Yu|Beads of Ruin\n|turn|2\n|\n|t:|1681671634\n|switch|p1b: Gyarados|Gyarados, L50, M|100\/100\n|-ability|p1b: Gyarados|Intimidate|boost\n|-unboost|p2a: Chi-Yu|atk|1\n|-unboost|p2b: Great Tusk|atk|1\n|-terastallize|p2a: Chi-Yu|Ghost\n|move|p1a: Chien-Pao|Sucker Punch|p2b: Great Tusk\n|-resisted|p2b: Great Tusk\n|-damage|p2b: Great Tusk|6\/100\n|move|p2b: Great Tusk|Rock Slide|p1b: Gyarados|[spread] p1a,p1b\n|-crit|p1a: Chien-Pao\n|-supereffective|p1b: Gyarados\n|-damage|p1a: Chien-Pao|24\/100\n|-damage|p1b: Gyarados|73\/100\n|move|p2a: Chi-Yu|Heat Wave|p1b: Gyarados|[spread] p1a\n|-miss|p2a: Chi-Yu|p1b: Gyarados\n|-damage|p1a: Chien-Pao|0 fnt\n|faint|p1a: Chien-Pao\n|-damage|p2a: Chi-Yu|90\/100|[from] item: Life Orb\n|\n|upkeep\n|\n|t:|1681671652\n|switch|p1a: Dragonite|Dragonite, L50, F|40\/100\n|turn|3\n|\n|t:|1681671659\n|move|p2a: Chi-Yu|Protect|p2a: Chi-Yu\n|-singleturn|p2a: Chi-Yu|Protect\n|move|p1a: Dragonite|Extreme Speed|p2b: Great Tusk\n|-damage|p2b: Great Tusk|0 fnt\n|faint|p2b: Great Tusk\n|-end|p2b: Great Tusk|Protosynthesis|[silent]\n|move|p1b: Gyarados|Waterfall|p2a: Chi-Yu\n|-activate|p2a: Chi-Yu|move: Protect\n|\n|upkeep\n|\n|t:|1681671669\n|switch|p2b: Flutter Mane|Flutter Mane, L50|100\/100\n|turn|4\n|\n|t:|1681671707\n|switch|p1a: Amoonguss|Amoonguss, L50, F|100\/100\n|move|p2b: Flutter Mane|Dazzling Gleam|p1a: Amoonguss|[spread] p1a,p1b\n|-resisted|p1a: Amoonguss\n|-damage|p1a: Amoonguss|72\/100\n|-damage|p1b: Gyarados|24\/100\n|-enditem|p1b: Gyarados|Sitrus Berry|[eat]\n|-heal|p1b: Gyarados|49\/100|[from] item: Sitrus Berry\n|move|p2a: Chi-Yu|Dark Pulse|p1b: Gyarados\n|-crit|p1b: Gyarados\n|-damage|p1b: Gyarados|0 fnt\n|faint|p1b: Gyarados\n|-damage|p2a: Chi-Yu|80\/100|[from] item: Life Orb\n|\n|upkeep\n|\n|t:|1681671718\n|switch|p1b: Dragonite|Dragonite, L50, F|40\/100\n|turn|5\n|\n|t:|1681671735\n|move|p2b: Flutter Mane|Dazzling Gleam|p1b: Dragonite|[spread] p1a,p1b\n|-resisted|p1a: Amoonguss\n|-supereffective|p1b: Dragonite\n|-damage|p1a: Amoonguss|44\/100\n|-damage|p1b: Dragonite|0 fnt\n|faint|p1b: Dragonite\n|move|p2a: Chi-Yu|Heat Wave|p1a: Amoonguss\n|-supereffective|p1a: Amoonguss\n|-damage|p1a: Amoonguss|0 fnt\n|faint|p1a: Amoonguss\n|-damage|p2a: Chi-Yu|70\/100|[from] item: Life Orb\n|\n|win|kittenkid\n|raw|Rals3's rating: 1109 → 1092<\/strong> (-17 for losing)\n|raw|kittenkid's rating: 1218 → 1235<\/strong> (+17 for winning)\n|l|\u2606kittenkid\n","uploadtime":1681671779,"views":7,"p1id":"rals3","p2id":"kittenkid","formatid":"gen9vgc2023regulationc","rating":1092,"private":0,"password":""}