{"id":"gen9vgc2023regulationc-1852352241","p1":"Trabje","p2":"Prankster is BS","format":"[Gen 9] VGC 2023 Regulation C","log":"|j|\u2606Trabje\n|j|\u2606Prankster is BS\n|t:|1682547176\n|gametype|doubles\n|player|p1|Trabje|pokemaniac|1412\n|player|p2|Prankster is BS|sage|1432\n|teamsize|p1|6\n|teamsize|p2|6\n|gen|9\n|tier|[Gen 9] VGC 2023 Regulation C\n|rated|\n|rule|Species Clause: Limit one of each Pok\u00e9mon\n|rule|Item Clause: Limit one of each item\n|clearpoke\n|poke|p1|Abomasnow, L50, F|\n|poke|p1|Kingambit, L50, F|\n|poke|p1|Ceruledge, L50, F|\n|poke|p1|Gyarados, L50, M|\n|poke|p1|Ting-Lu, L50|\n|poke|p1|Glimmora, L50, F|\n|poke|p2|Glimmora, L50, F|\n|poke|p2|Wo-Chien, L50|\n|poke|p2|Chi-Yu, L50|\n|poke|p2|Arcanine, L50, M|\n|poke|p2|Palafin, L50, F|\n|poke|p2|Flutter Mane, L50|\n|teampreview|4\nTrabje has agreed to open team sheets.\n|\n|t:|1682547229\n|start\n|switch|p1a: Abomasnow|Abomasnow, L50, F|100\/100\n|switch|p1b: Glimmora|Glimmora, L50, F|100\/100\n|switch|p2a: Glimmora|Glimmora, L50, F|100\/100\n|switch|p2b: Palafin|Palafin, L50, F|100\/100\n|-weather|Snow|[from] ability: Snow Warning|[of] p1a: Abomasnow\n|turn|1\n|l|\u2606Prankster is BS\n|player|p2|\n|inactive|Battle timer is ON: inactive players will automatically lose when time's up. (requested by Trabje)\n|j|\u2606Prankster is BS\n|inactive|Prankster is BS reconnected and has 85 seconds left.\n|player|p2|Prankster is BS|sage\n|\n|t:|1682547254\n|switch|p1b: Ting-Lu|Ting-Lu, L50|100\/100\n|-ability|p1b: Ting-Lu|Vessel of Ruin\n|move|p2b: Palafin|Protect|p2b: Palafin\n|-singleturn|p2b: Palafin|Protect\n|move|p1a: Abomasnow|Aurora Veil|p1a: Abomasnow\n|-sidestart|p1: Trabje|move: Aurora Veil\n|move|p2a: Glimmora|Earth Power|p1b: Ting-Lu\n|-crit|p1b: Ting-Lu\n|-damage|p1b: Ting-Lu|85\/100\n|\n|-weather|Snow|[upkeep]\n|upkeep\n|turn|2\n|inactive|Prankster is BS has 30 seconds left.\n|\n|t:|1682547280\n|detailschange|p2b: Palafin|Palafin-Hero, L50, F\n|switch|p2b: Arcanine|Arcanine, L50, M|100\/100\n|-ability|p2b: Arcanine|Intimidate|boost\n|-unboost|p1a: Abomasnow|atk|1\n|-unboost|p1b: Ting-Lu|atk|1\n|-terastallize|p2a: Glimmora|Grass\n|move|p1a: Abomasnow|Blizzard|p2a: Glimmora|[spread] p2a,p2b\n|-supereffective|p2a: Glimmora\n|-resisted|p2b: Arcanine\n|-damage|p2a: Glimmora|66\/100\n|-damage|p2b: Arcanine|89\/100\n|move|p2a: Glimmora|Sludge Bomb|p1a: Abomasnow\n|-supereffective|p1a: Abomasnow\n|-damage|p1a: Abomasnow|42\/100\n|move|p1b: Ting-Lu|Stomping Tantrum|p2a: Glimmora\n|-resisted|p2a: Glimmora\n|-damage|p2a: Glimmora|56\/100\n|-activate|p2a: Glimmora|ability: Toxic Debris\n|-sidestart|p1: Trabje|move: Toxic Spikes\n|\n|-weather|Snow|[upkeep]\n|upkeep\n|turn|3\n|\n|t:|1682547305\n|move|p1a: Abomasnow|Blizzard|p2a: Glimmora|[spread] p2a,p2b\n|-supereffective|p2a: Glimmora\n|-resisted|p2b: Arcanine\n|-damage|p2a: Glimmora|18\/100\n|-damage|p2b: Arcanine|77\/100\n|move|p2b: Arcanine|Flare Blitz|p1a: Abomasnow\n|-supereffective|p1a: Abomasnow\n|-damage|p1a: Abomasnow|0 fnt\n|faint|p1a: Abomasnow\n|-damage|p2b: Arcanine|65\/100|[from] Recoil\n|move|p2a: Glimmora|Energy Ball|p1b: Ting-Lu\n|-supereffective|p1b: Ting-Lu\n|-damage|p1b: Ting-Lu|64\/100\n|move|p1b: Ting-Lu|Snarl|p2a: Glimmora|[spread] p2a\n|-miss|p1b: Ting-Lu|p2b: Arcanine\n|-damage|p2a: Glimmora|13\/100\n|-unboost|p2a: Glimmora|spa|1\n|\n|-weather|Snow|[upkeep]\n|upkeep\n|\n|t:|1682547319\n|switch|p1a: Glimmora|Glimmora, L50, F|100\/100\n|-sideend|p1: Trabje|move: Toxic Spikes|[of] p1a: Glimmora\n|turn|4\n|\n|t:|1682547338\n|move|p2b: Arcanine|Protect|p2b: Arcanine\n|-singleturn|p2b: Arcanine|Protect\n|move|p1a: Glimmora|Spiky Shield|p1a: Glimmora\n|-singleturn|p1a: Glimmora|move: Protect\n|move|p2a: Glimmora|Earth Power|p1a: Glimmora\n|-activate|p1a: Glimmora|move: Protect\n|move|p1b: Ting-Lu|Stomping Tantrum|p2a: Glimmora\n|-resisted|p2a: Glimmora\n|-damage|p2a: Glimmora|3\/100\n|-activate|p2a: Glimmora|ability: Toxic Debris\n|-sidestart|p1: Trabje|move: Toxic Spikes\n|\n|-weather|Snow|[upkeep]\n|upkeep\n|turn|5\n|inactive|Trabje has 30 seconds left.\n|inactive|Trabje has 20 seconds left.\n|\n|t:|1682547377\n|switch|p2b: Wo-Chien|Wo-Chien, L50|100\/100\n|-ability|p2b: Wo-Chien|Tablets of Ruin\n|switch|p1a: Ceruledge|Ceruledge, L50, F|100\/100\n|-status|p1a: Ceruledge|psn\n|move|p2a: Glimmora|Earth Power|p1a: Ceruledge\n|-supereffective|p1a: Ceruledge\n|-damage|p1a: Ceruledge|80\/100 psn\n|move|p1b: Ting-Lu|Snarl|p2a: Glimmora|[spread] p2a,p2b\n|-resisted|p2b: Wo-Chien\n|-damage|p2a: Glimmora|0 fnt\n|-damage|p2b: Wo-Chien|98\/100\n|-unboost|p2b: Wo-Chien|spa|1\n|faint|p2a: Glimmora\n|\n|-weather|none\n|-heal|p1a: Ceruledge|86\/100 psn|[from] item: Leftovers\n|-heal|p2b: Wo-Chien|100\/100|[from] item: Leftovers\n|-damage|p1a: Ceruledge|74\/100 psn|[from] psn\n|-sideend|p1: Trabje|move: Aurora Veil\n|upkeep\n|\n|t:|1682547389\n|switch|p2a: Palafin|Palafin-Hero, L50, F|100\/100\n|-activate|p2a: Palafin|ability: Zero to Hero\n|turn|6\n|\n|t:|1682547398\n|-terastallize|p1a: Ceruledge|Grass\n|move|p2a: Palafin|Jet Punch|p1a: Ceruledge\n|-resisted|p1a: Ceruledge\n|-damage|p1a: Ceruledge|54\/100 psn\n|move|p1a: Ceruledge|Bitter Blade|p2b: Wo-Chien\n|-supereffective|p2b: Wo-Chien\n|-damage|p2b: Wo-Chien|41\/100\n|-heal|p1a: Ceruledge|86\/100 psn|[from] drain|[of] p2b: Wo-Chien\n|move|p2b: Wo-Chien|Leech Seed|p1b: Ting-Lu\n|-start|p1b: Ting-Lu|move: Leech Seed\n|move|p1b: Ting-Lu|Ruination|p2a: Palafin\n|-damage|p2a: Palafin|51\/100\n|\n|-heal|p1a: Ceruledge|93\/100 psn|[from] item: Leftovers\n|-heal|p2b: Wo-Chien|47\/100|[from] item: Leftovers\n|-damage|p1b: Ting-Lu|52\/100|[from] Leech Seed|[of] p2b: Wo-Chien\n|-heal|p2b: Wo-Chien|64\/100|[silent]\n|-damage|p1a: Ceruledge|80\/100 psn|[from] psn\n|upkeep\n|turn|7\n|\n|t:|1682547408\n|switch|p1b: Glimmora|Glimmora, L50, F|100\/100\n|-sideend|p1: Trabje|move: Toxic Spikes|[of] p1b: Glimmora\n|move|p2a: Palafin|Protect|p2a: Palafin\n|-singleturn|p2a: Palafin|Protect\n|move|p1a: Ceruledge|Bulk Up|p1a: Ceruledge\n|-boost|p1a: Ceruledge|atk|1\n|-boost|p1a: Ceruledge|def|1\n|move|p2b: Wo-Chien|Foul Play|p1a: Ceruledge\n|-damage|p1a: Ceruledge|24\/100 psn\n|\n|-heal|p1a: Ceruledge|30\/100 psn|[from] item: Leftovers\n|-heal|p2b: Wo-Chien|70\/100|[from] item: Leftovers\n|-damage|p1a: Ceruledge|18\/100 psn|[from] psn\n|upkeep\n|turn|8\n|\n|t:|1682547431\n|switch|p2b: Arcanine|Arcanine, L50, M|65\/100\n|-ability|p2b: Arcanine|Intimidate|boost\n|-unboost|p1a: Ceruledge|atk|1\n|-unboost|p1b: Glimmora|atk|1\n|move|p1a: Ceruledge|Protect|p1a: Ceruledge\n|-singleturn|p1a: Ceruledge|Protect\n|move|p2a: Palafin|Jet Punch|p1a: Ceruledge\n|-activate|p1a: Ceruledge|move: Protect\n|move|p1b: Glimmora|Energy Ball|p2a: Palafin\n|-supereffective|p2a: Palafin\n|-damage|p2a: Palafin|2\/100\n|\n|-heal|p1a: Ceruledge|24\/100 psn|[from] item: Leftovers\n|-damage|p1a: Ceruledge|11\/100 psn|[from] psn\n|upkeep\n|turn|9\n|inactive|Trabje has 30 seconds left.\n|\n|t:|1682547457\n|switch|p1a: Ting-Lu|Ting-Lu, L50|52\/100\n|-ability|p1a: Ting-Lu|Vessel of Ruin\n|move|p2a: Palafin|Protect|p2a: Palafin\n|-singleturn|p2a: Palafin|Protect\n|move|p2b: Arcanine|Protect|p2b: Arcanine\n|-singleturn|p2b: Arcanine|Protect\n|move|p1b: Glimmora|Spiky Shield||[still]\n|-fail|p1b: Glimmora\n|\n|upkeep\n|turn|10\n|\n|t:|1682547473\n|switch|p2a: Wo-Chien|Wo-Chien, L50|70\/100\n|-ability|p2a: Wo-Chien|Tablets of Ruin\n|move|p2b: Arcanine|Will-O-Wisp|p1a: Ting-Lu\n|-status|p1a: Ting-Lu|brn\n|move|p1b: Glimmora|Power Gem|p2b: Arcanine\n|-supereffective|p2b: Arcanine\n|-damage|p2b: Arcanine|20\/100\n|move|p1a: Ting-Lu|Snarl|p2a: Wo-Chien|[spread] p2a,p2b\n|-resisted|p2a: Wo-Chien\n|-crit|p2b: Arcanine\n|-damage|p2a: Wo-Chien|68\/100\n|-damage|p2b: Arcanine|10\/100\n|-unboost|p2a: Wo-Chien|spa|1\n|-unboost|p2b: Arcanine|spa|1\n|\n|-heal|p2a: Wo-Chien|74\/100|[from] item: Leftovers\n|-damage|p1a: Ting-Lu|46\/100 brn|[from] brn\n|upkeep\n|turn|11\n|\n|t:|1682547486\n|move|p2b: Arcanine|Protect|p2b: Arcanine\n|-singleturn|p2b: Arcanine|Protect\n|move|p1b: Glimmora|Mortal Spin|p2a: Wo-Chien|[spread] p2a\n|-activate|p2b: Arcanine|move: Protect\n|-supereffective|p2a: Wo-Chien\n|-damage|p2a: Wo-Chien|70\/100\n|-status|p2a: Wo-Chien|psn\n|move|p2a: Wo-Chien|Leech Seed|p1b: Glimmora\n|-start|p1b: Glimmora|move: Leech Seed\n|move|p1a: Ting-Lu|Fissure|p2a: Wo-Chien\n|-damage|p2a: Wo-Chien|0 fnt\n|faint|p2a: Wo-Chien\n|-ohko\n|\n|-damage|p1a: Ting-Lu|39\/100 brn|[from] brn\n|upkeep\n|c|\u2606Prankster is BS|Cringe\n|\n|t:|1682547500\n|switch|p2a: Palafin|Palafin-Hero, L50, F|2\/100\n|turn|12\n|-message|Prankster is BS forfeited.\n|\n|win|Trabje\n|raw|Trabje's rating: 1412 → 1433<\/strong> (+21 for winning)\n|raw|Prankster is BS's rating: 1432 → 1411<\/strong> (-21 for losing)\n|l|\u2606Prankster is BS\n","uploadtime":1682547509,"views":12,"p1id":"trabje","p2id":"pranksterisbs","formatid":"gen9vgc2023regulationc","rating":1411,"private":0,"password":""}