{"id":"gen9vgc2023regulationc-1860458156","p1":"test1234543223","p2":"silralisk","format":"[Gen 9] VGC 2023 Regulation C","log":"|j|\u2606test1234543223\n|j|\u2606silralisk\n|t:|1683645971\n|gametype|doubles\n|player|p1|test1234543223|169|1275\n|player|p2|silralisk|hiker-gen4|1237\n|teamsize|p1|6\n|teamsize|p2|6\n|gen|9\n|tier|[Gen 9] VGC 2023 Regulation C\n|rated|\n|rule|Species Clause: Limit one of each Pok\u00e9mon\n|rule|Item Clause: Limit one of each item\n|clearpoke\n|poke|p1|Salamence, L50, M|\n|poke|p1|Flutter Mane, L50|\n|poke|p1|Chien-Pao, L50|\n|poke|p1|Iron Hands, L50|\n|poke|p1|Volcarona, L50, F|\n|poke|p1|Annihilape, L50, F|\n|poke|p2|Arcanine, L50, F|\n|poke|p2|Wo-Chien, L50|\n|poke|p2|Gholdengo, L50|\n|poke|p2|Chien-Pao, L50|\n|poke|p2|Dragonite, L50, F|\n|poke|p2|Scream Tail, L50|\n|teampreview|4\n|inactive|Battle timer is ON: inactive players will automatically lose when time's up. (requested by silralisk)\n|inactive|test1234543223 has 60 seconds left.\n|inactive|silralisk has 60 seconds left.\n|inactive|silralisk has 30 seconds left.\n|\n|t:|1683646040\n|start\n|switch|p1a: Volcarona|Volcarona, L50, F|100\/100\n|switch|p1b: Salamence|Salamence, L50, M|100\/100\n|switch|p2a: Chien-Pao|Chien-Pao, L50|100\/100\n|switch|p2b: Scream Tail|Scream Tail, L50|100\/100\n|-ability|p2a: Chien-Pao|Sword of Ruin\n|-ability|p1b: Salamence|Intimidate|boost\n|-unboost|p2a: Chien-Pao|atk|1\n|-unboost|p2b: Scream Tail|atk|1\n|-enditem|p2b: Scream Tail|Booster Energy\n|-activate|p2b: Scream Tail|ability: Protosynthesis|[fromitem]\n|-start|p2b: Scream Tail|protosynthesisspe\n|turn|1\n|inactive|test1234543223 has 30 seconds left.\n|\n|t:|1683646066\n|-terastallize|p1b: Salamence|Steel\n|move|p2a: Chien-Pao|Protect|p2a: Chien-Pao\n|-singleturn|p2a: Chien-Pao|Protect\n|move|p2b: Scream Tail|Howl|p2b: Scream Tail|[spread] p2a,p2b\n|-boost|p2a: Chien-Pao|atk|1\n|-boost|p2b: Scream Tail|atk|1\n|move|p1b: Salamence|Dragon Dance|p1b: Salamence\n|-boost|p1b: Salamence|atk|1\n|-boost|p1b: Salamence|spe|1\n|move|p1a: Volcarona|Will-O-Wisp|p2a: Chien-Pao\n|-activate|p2a: Chien-Pao|move: Protect\n|\n|upkeep\n|turn|2\n|inactive|test1234543223 has 30 seconds left.\n|inactive|silralisk has 30 seconds left.\n|inactive|silralisk has 20 seconds left.\n|inactive|silralisk has 15 seconds left.\n|\n|t:|1683646109\n|switch|p2a: Arcanine|Arcanine, L50, F|100\/100\n|-ability|p2a: Arcanine|Intimidate|boost\n|-unboost|p1a: Volcarona|atk|1\n|-fail|p1b: Salamence|unboost|[from] item: Clear Amulet|[of] p1b: Salamence\n|move|p2b: Scream Tail|Encore|p1b: Salamence\n|-start|p1b: Salamence|Encore\n|move|p1b: Salamence|Dragon Dance|p1b: Salamence\n|-boost|p1b: Salamence|atk|1\n|-boost|p1b: Salamence|spe|1\n|move|p1a: Volcarona|Will-O-Wisp|p2a: Arcanine\n|-immune|p2a: Arcanine\n|\n|upkeep\n|turn|3\n|inactive|silralisk has 30 seconds left.\n|\n|t:|1683646135\n|move|p2a: Arcanine|Extreme Speed|p1b: Salamence\n|-resisted|p1b: Salamence\n|-damage|p1b: Salamence|86\/100\n|move|p1b: Salamence|Dragon Dance|p1b: Salamence\n|-boost|p1b: Salamence|atk|1\n|-boost|p1b: Salamence|spe|1\n|move|p2b: Scream Tail|Howl|p2b: Scream Tail|[spread] p2a,p2b\n|-boost|p2a: Arcanine|atk|1\n|-boost|p2b: Scream Tail|atk|1\n|move|p1a: Volcarona|Will-O-Wisp|p2b: Scream Tail\n|-status|p2b: Scream Tail|brn\n|\n|-damage|p2b: Scream Tail|95\/100 brn|[from] brn\n|upkeep\n|turn|4\n|\n|t:|1683646157\n|move|p1a: Volcarona|Rage Powder|p1a: Volcarona\n|-singleturn|p1a: Volcarona|move: Rage Powder\n|move|p1b: Salamence|Dragon Dance|p1b: Salamence\n|-boost|p1b: Salamence|atk|1\n|-boost|p1b: Salamence|spe|1\n|move|p2b: Scream Tail|Howl|p2b: Scream Tail|[spread] p2a,p2b\n|-boost|p2a: Arcanine|atk|1\n|-boost|p2b: Scream Tail|atk|1\n|move|p2a: Arcanine|Flare Blitz|p1b: Salamence\n|-supereffective|p1b: Salamence\n|-damage|p1b: Salamence|0 fnt\n|faint|p1b: Salamence\n|-damage|p2a: Arcanine|73\/100|[from] Recoil\n|\n|-damage|p2b: Scream Tail|89\/100 brn|[from] brn\n|upkeep\n|\n|t:|1683646170\n|switch|p1b: Chien-Pao|Chien-Pao, L50|100\/100\n|-ability|p1b: Chien-Pao|Sword of Ruin\n|turn|5\n|\n|t:|1683646195\n|move|p2a: Arcanine|Protect|p2a: Arcanine\n|-singleturn|p2a: Arcanine|Protect\n|move|p1b: Chien-Pao|Sucker Punch||[still]\n|-fail|p1b: Chien-Pao\n|move|p2b: Scream Tail|Encore|p1a: Volcarona\n|-start|p1a: Volcarona|Encore\n|move|p1a: Volcarona|Rage Powder|p1a: Volcarona\n|-singleturn|p1a: Volcarona|move: Rage Powder\n|\n|-damage|p2b: Scream Tail|83\/100 brn|[from] brn\n|upkeep\n|turn|6\n|\n|t:|1683646217\n|move|p2a: Arcanine|Extreme Speed|p1b: Chien-Pao\n|-damage|p1b: Chien-Pao|27\/100\n|move|p1a: Volcarona|Rage Powder|p1a: Volcarona\n|-singleturn|p1a: Volcarona|move: Rage Powder\n|move|p1b: Chien-Pao|Sucker Punch||[still]\n|-fail|p1b: Chien-Pao\n|move|p2b: Scream Tail|Howl|p2b: Scream Tail|[spread] p2a,p2b\n|-boost|p2a: Arcanine|atk|1\n|-boost|p2b: Scream Tail|atk|1\n|\n|-damage|p2b: Scream Tail|77\/100 brn|[from] brn\n|upkeep\n|turn|7\n|-message|test1234543223 forfeited.\n|\n|win|silralisk\n|raw|test1234543223's rating: 1275 → 1247<\/strong> (-28 for losing)\n|raw|silralisk's rating: 1237 → 1265<\/strong> (+28 for winning)\n|l|\u2606test1234543223\n","uploadtime":1683646258,"views":9,"p1id":"test1234543223","p2id":"silralisk","formatid":"gen9vgc2023regulationc","rating":1247,"private":0,"password":""}