{"id":"gen9vgc2023regulationc-1848328855","p1":"zaboomafoooo","p2":"Sumo'sWeenusVGC","format":"[Gen 9] VGC 2023 Regulation C","log":"|j|\u2606zaboomafoooo\n|j|\u2606Sumo'sWeenusVGC\n|t:|1682061406\n|gametype|doubles\n|player|p1|zaboomafoooo|dancer|1139\n|player|p2|Sumo'sWeenusVGC|colress|1132\n|teamsize|p1|6\n|teamsize|p2|6\n|gen|9\n|tier|[Gen 9] VGC 2023 Regulation C\n|rated|\n|rule|Species Clause: Limit one of each Pok\u00e9mon\n|rule|Item Clause: Limit one of each item\n|clearpoke\n|poke|p1|Dondozo, L50, F|\n|poke|p1|Tatsugiri-Stretchy, L50, F|\n|poke|p1|Amoonguss, L50, M|\n|poke|p1|Arcanine, L50, M|\n|poke|p1|Orthworm, L50, M|\n|poke|p1|Flutter Mane, L50|\n|poke|p2|Wo-Chien, L50|\n|poke|p2|Flutter Mane, L50|\n|poke|p2|Glimmora, L50, F|\n|poke|p2|Palafin, L50, M|\n|poke|p2|Arcanine, L50, F|\n|poke|p2|Kingambit, L50, F|\n|teampreview|4\n|inactive|Battle timer is ON: inactive players will automatically lose when time's up. (requested by Sumo'sWeenusVGC)\nSumo'sWeenusVGC has agreed to open team sheets.\nzaboomafoooo rejected open team sheets.\n|inactive|zaboomafoooo has 60 seconds left.\n|inactive|Sumo'sWeenusVGC has 60 seconds left.\n|\n|t:|1682061454\n|start\n|switch|p1a: Orthworm|Orthworm, L50, M|100\/100\n|switch|p1b: Amoonguss|Amoonguss, L50, M, shiny|100\/100\n|switch|p2a: Wo-Chien|Wo-Chien, L50|100\/100\n|switch|p2b: Palafin|Palafin, L50, M|100\/100\n|-ability|p2a: Wo-Chien|Tablets of Ruin\n|turn|1\n|\n|t:|1682061478\n|detailschange|p2b: Palafin|Palafin-Hero, L50, M\n|switch|p2b: Slif's Wolf|Arcanine, L50, F|100\/100\n|-ability|p2b: Slif's Wolf|Intimidate|boost\n|-unboost|p1a: Orthworm|atk|1\n|-unboost|p1b: Amoonguss|atk|1\n|move|p2a: Wo-Chien|Leech Seed|p1a: Orthworm\n|-start|p1a: Orthworm|move: Leech Seed\n|move|p1a: Orthworm|Shed Tail|p1a: Orthworm\n|-start|p1a: Orthworm|Substitute|[from] move: Shed Tail\n|-damage|p1a: Orthworm|50\/100\n|-enditem|p1a: Orthworm|Sitrus Berry|[eat]\n|-heal|p1a: Orthworm|75\/100|[from] item: Sitrus Berry\n|\n|t:|1682061490\n|switch|p1a: Dondozo|Dondozo, L50, F, shiny|100\/100|[from] Shed Tail\n|move|p1b: Amoonguss|Pollen Puff|p2a: Wo-Chien\n|-supereffective|p2a: Wo-Chien\n|-damage|p2a: Wo-Chien|55\/100\n|\n|-heal|p2a: Wo-Chien|61\/100|[from] item: Leftovers\n|-status|p1a: Dondozo|brn|[from] item: Flame Orb\n|upkeep\n|turn|2\n|inactive|Sumo'sWeenusVGC has 30 seconds left.\n|inactive|Sumo'sWeenusVGC has 20 seconds left.\n|inactive|Sumo'sWeenusVGC has 15 seconds left.\n|\n|t:|1682061533\n|switch|p2a: Palafin|Palafin-Hero, L50, M|100\/100\n|-activate|p2a: Palafin|ability: Zero to Hero\n|switch|p1b: Tatsugiri|Tatsugiri-Stretchy, L50, F, shiny|100\/100\n|-activate|p1b: Tatsugiri|ability: Commander|[of] p1a: Dondozo\n|-boost|p1a: Dondozo|atk|2\n|-boost|p1a: Dondozo|spa|2\n|-boost|p1a: Dondozo|spe|2\n|-boost|p1a: Dondozo|def|2\n|-boost|p1a: Dondozo|spd|2\n|-terastallize|p1a: Dondozo|Normal\n|move|p1a: Dondozo|Facade|p2b: Slif's Wolf\n|-damage|p2b: Slif's Wolf|0 fnt\n|faint|p2b: Slif's Wolf\n|\n|-damage|p1a: Dondozo|94\/100 brn|[from] brn\n|upkeep\n|\n|t:|1682061554\n|switch|p2b: Wo-Chien|Wo-Chien, L50|61\/100\n|-ability|p2b: Wo-Chien|Tablets of Ruin\n|turn|3\n|\n|t:|1682061561\n|move|p2b: Wo-Chien|Protect|p2b: Wo-Chien\n|-singleturn|p2b: Wo-Chien|Protect\n|move|p1a: Dondozo|Facade|p2a: Palafin\n|-damage|p2a: Palafin|18\/100\n|move|p2a: Palafin|Haze|p2a: Palafin\n|-clearallboost\n|\n|-heal|p2b: Wo-Chien|67\/100|[from] item: Leftovers\n|-damage|p1a: Dondozo|88\/100 brn|[from] brn\n|upkeep\n|turn|4\n|\n|t:|1682061580\n|move|p2a: Palafin|Protect|p2a: Palafin\n|-singleturn|p2a: Palafin|Protect\n|move|p1a: Dondozo|Facade|p2b: Wo-Chien\n|-damage|p2b: Wo-Chien|34\/100\n|move|p2b: Wo-Chien|Leech Seed||[still]\n|-fail|p2b: Wo-Chien\n|\n|-heal|p2b: Wo-Chien|40\/100|[from] item: Leftovers\n|-damage|p1a: Dondozo|82\/100 brn|[from] brn\n|upkeep\n|turn|5\n|\n|t:|1682061599\n|move|p2a: Palafin|Jet Punch|p1a: Dondozo\n|-end|p1a: Dondozo|Substitute\n|move|p1a: Dondozo|Facade|p2a: Palafin\n|-damage|p2a: Palafin|0 fnt\n|faint|p2a: Palafin\n|move|p2b: Wo-Chien|Giga Drain|p1a: Dondozo\n|-damage|p1a: Dondozo|56\/100 brn\n|-heal|p2b: Wo-Chien|55\/100|[from] drain|[of] p1a: Dondozo\n|\n|-heal|p2b: Wo-Chien|61\/100|[from] item: Leftovers\n|-damage|p1a: Dondozo|50\/100 brn|[from] brn\n|upkeep\n|\n|t:|1682061610\n|switch|p2a: Kingambit|Kingambit, L50, F|100\/100\n|turn|6\n|\n|t:|1682061621\n|move|p1a: Dondozo|Substitute|p1a: Dondozo\n|-start|p1a: Dondozo|Substitute\n|-damage|p1a: Dondozo|25\/100 brn\n|move|p2b: Wo-Chien|Giga Drain|p1a: Dondozo\n|-end|p1a: Dondozo|Substitute\n|-heal|p2b: Wo-Chien|76\/100|[from] drain|[of] p1a: Dondozo\n|move|p2a: Kingambit|Low Kick|p1a: Dondozo\n|-supereffective|p1a: Dondozo\n|-damage|p1a: Dondozo|0 fnt\n|faint|p1a: Dondozo\n|\n|-heal|p2b: Wo-Chien|82\/100|[from] item: Leftovers\n|upkeep\n|\n|t:|1682061642\n|switch|p1a: Orthworm|Orthworm, L50, M|75\/100\n|turn|7\n|\n|t:|1682061659\n|switch|p1b: Amoonguss|Amoonguss, L50, M, shiny|100\/100\n|move|p2b: Wo-Chien|Leech Seed|p1b: Amoonguss\n|-immune|p1b: Amoonguss\n|move|p1a: Orthworm|Shed Tail|p1a: Orthworm\n|-start|p1a: Orthworm|Substitute|[from] move: Shed Tail\n|-damage|p1a: Orthworm|25\/100\n|\n|t:|1682061667\n|switch|p1a: Tatsugiri|Tatsugiri-Stretchy, L50, F, shiny|100\/100|[from] Shed Tail\n|move|p2a: Kingambit|Low Kick|p1a: Tatsugiri\n|-activate|p1a: Tatsugiri|move: Substitute|[damage]\n|\n|-heal|p2b: Wo-Chien|89\/100|[from] item: Leftovers\n|upkeep\n|turn|8\n|\n|t:|1682061690\n|-terastallize|p2a: Kingambit|Flying\n|move|p2b: Wo-Chien|Protect|p2b: Wo-Chien\n|-singleturn|p2b: Wo-Chien|Protect\n|move|p1a: Tatsugiri|Draco Meteor|p2b: Wo-Chien\n|-activate|p2b: Wo-Chien|move: Protect\n|move|p2a: Kingambit|Tera Blast|p1b: Amoonguss\n|-supereffective|p1b: Amoonguss\n|-crit|p1b: Amoonguss\n|-damage|p1b: Amoonguss|15\/100\n|move|p1b: Amoonguss|Spore|p2a: Kingambit\n|-status|p2a: Kingambit|slp|[from] move: Spore\n|\n|-heal|p2b: Wo-Chien|95\/100|[from] item: Leftovers\n|upkeep\n|turn|9\n|\n|t:|1682061710\n|switch|p1b: Orthworm|Orthworm, L50, M|25\/100\n|move|p1a: Tatsugiri|Draco Meteor|p2b: Wo-Chien\n|-damage|p2b: Wo-Chien|53\/100\n|-unboost|p1a: Tatsugiri|spa|2\n|move|p2b: Wo-Chien|Pollen Puff|p1b: Orthworm\n|-resisted|p1b: Orthworm\n|-damage|p1b: Orthworm|8\/100\n|cant|p2a: Kingambit|slp\n|\n|-heal|p2b: Wo-Chien|59\/100|[from] item: Leftovers\n|upkeep\n|turn|10\n|inactive|Sumo'sWeenusVGC has 30 seconds left.\n|\n|t:|1682061735\n|switch|p1b: Amoonguss|Amoonguss, L50, M, shiny|48\/100\n|move|p1a: Tatsugiri|Draco Meteor|p2b: Wo-Chien\n|-damage|p2b: Wo-Chien|36\/100\n|-unboost|p1a: Tatsugiri|spa|2\n|move|p2b: Wo-Chien|Giga Drain|p1a: Tatsugiri\n|-end|p1a: Tatsugiri|Substitute\n|-heal|p2b: Wo-Chien|44\/100|[from] drain|[of] p1a: Tatsugiri\n|-curestatus|p2a: Kingambit|slp|[msg]\n|move|p2a: Kingambit|Tera Blast|p1b: Amoonguss\n|-supereffective|p1b: Amoonguss\n|-damage|p1b: Amoonguss|0 fnt\n|faint|p1b: Amoonguss\n|\n|-heal|p2b: Wo-Chien|50\/100|[from] item: Leftovers\n|upkeep\n|\n|t:|1682061751\n|switch|p1b: Orthworm|Orthworm, L50, M|8\/100\n|turn|11\n|-message|zaboomafoooo forfeited.\n|\n|win|Sumo'sWeenusVGC\n|raw|zaboomafoooo's rating: 1139 → 1113<\/strong> (-26 for losing)\n|raw|Sumo'sWeenusVGC's rating: 1132 → 1158<\/strong> (+26 for winning)\n|l|\u2606zaboomafoooo\n","uploadtime":1682061759,"views":8,"p1id":"zaboomafoooo","p2id":"sumosweenusvgc","formatid":"gen9vgc2023regulationc","rating":1113,"private":0,"password":""}