{"id":"gen9vgc2023regulationc-1861218760","p1":"Hector101010","p2":"eddycool396","format":"[Gen 9] VGC 2023 Regulation C","log":"|j|\u2606Hector101010\n|j|\u2606eddycool396\n|t:|1683736860\n|gametype|doubles\n|player|p1|Hector101010|tuber|1085\n|player|p2|eddycool396|265|1000\n|teamsize|p1|6\n|teamsize|p2|6\n|gen|9\n|tier|[Gen 9] VGC 2023 Regulation C\n|rated|\n|rule|Species Clause: Limit one of each Pok\u00e9mon\n|rule|Item Clause: Limit one of each item\n|clearpoke\n|poke|p1|Corviknight, L50, M|\n|poke|p1|Farigiraf, L50, M|\n|poke|p1|Arcanine, L50, M|\n|poke|p1|Azumarill, L50, M|\n|poke|p1|Mudsdale, L50, F|\n|poke|p1|Vaporeon, L50, M|\n|poke|p2|Chi-Yu, L50|\n|poke|p2|Corviknight, L50, F|\n|poke|p2|Amoonguss, L50, M|\n|poke|p2|Gyarados, L50, M|\n|poke|p2|Flutter Mane, L50|\n|poke|p2|Chien-Pao, L50|\n|teampreview|4\n|inactive|Battle timer is ON: inactive players will automatically lose when time's up. (requested by Hector101010)\n|inactive|eddycool396 has 60 seconds left.\n|\n|t:|1683736931\n|start\n|switch|p1a: Farigiraf|Farigiraf, L50, M|100\/100\n|switch|p1b: Azumarill|Azumarill, L50, M|100\/100\n|switch|p2a: Amoonguss|Amoonguss, L50, M|100\/100\n|switch|p2b: Chi-Yu|Chi-Yu, L50|100\/100\n|-ability|p2b: Chi-Yu|Beads of Ruin\n|turn|1\n|inactive|eddycool396 has 30 seconds left.\n|\n|t:|1683736957\n|switch|p2b: Corviknight|Corviknight, L50, F|100\/100\n|move|p1a: Farigiraf|Protect|p1a: Farigiraf\n|-singleturn|p1a: Farigiraf|Protect\n|move|p1b: Azumarill|Liquidation|p2b: Corviknight\n|-damage|p2b: Corviknight|41\/100\n|-ability|p2b: Corviknight|Mirror Armor\n|-unboost|p1b: Azumarill|def|1\n|-damage|p1b: Azumarill|91\/100|[from] item: Life Orb\n|move|p2a: Amoonguss|Spore|p1b: Azumarill\n|-status|p1b: Azumarill|slp|[from] move: Spore\n|\n|upkeep\n|turn|2\n|\n|t:|1683736981\n|move|p2a: Amoonguss|Rage Powder|p2a: Amoonguss\n|-singleturn|p2a: Amoonguss|move: Rage Powder\n|move|p2b: Corviknight|Roost|p2b: Corviknight\n|-heal|p2b: Corviknight|92\/100\n|-singleturn|p2b: Corviknight|move: Roost\n|move|p1a: Farigiraf|Hyper Voice|p2b: Corviknight|[spread] p2a,p2b\n|-resisted|p2b: Corviknight\n|-damage|p2a: Amoonguss|81\/100\n|-damage|p2b: Corviknight|80\/100\n|cant|p1b: Azumarill|slp\n|\n|upkeep\n|turn|3\n|\n|t:|1683737004\n|move|p1a: Farigiraf|Protect|p1a: Farigiraf\n|-singleturn|p1a: Farigiraf|Protect\n|cant|p1b: Azumarill|slp\n|move|p2a: Amoonguss|Rage Powder|p2a: Amoonguss\n|-singleturn|p2a: Amoonguss|move: Rage Powder\n|move|p2b: Corviknight|Iron Head|p1b: Azumarill\n|-damage|p1b: Azumarill|53\/100 slp\n|\n|upkeep\n|turn|4\n|\n|t:|1683737026\n|move|p2b: Corviknight|Iron Head|p1b: Azumarill\n|-damage|p1b: Azumarill|15\/100 slp\n|move|p1a: Farigiraf|Hyper Voice|p2b: Corviknight|[spread] p2a,p2b\n|-resisted|p2b: Corviknight\n|-damage|p2a: Amoonguss|61\/100\n|-damage|p2b: Corviknight|69\/100\n|cant|p1b: Azumarill|slp\n|move|p2a: Amoonguss|Spore|p1a: Farigiraf\n|-status|p1a: Farigiraf|slp|[from] move: Spore\n|\n|upkeep\n|turn|5\n|\n|t:|1683737044\n|move|p2b: Corviknight|Iron Head|p1b: Azumarill\n|-damage|p1b: Azumarill|0 fnt\n|faint|p1b: Azumarill\n|cant|p1a: Farigiraf|slp\n|move|p2a: Amoonguss|Pollen Puff|p2b: Corviknight\n|-heal|p2b: Corviknight|100\/100\n|\n|upkeep\n|\n|t:|1683737050\n|switch|p1b: Arcanine|Arcanine, L50, M|100\/100\n|-ability|p1b: Arcanine|Intimidate|boost\n|-unboost|p2a: Amoonguss|atk|1\n|-ability|p2b: Corviknight|Mirror Armor\n|-unboost|p1b: Arcanine|atk|1\n|turn|6\n|\n|t:|1683737070\n|move|p2a: Amoonguss|Rage Powder|p2a: Amoonguss\n|-singleturn|p2a: Amoonguss|move: Rage Powder\n|move|p1b: Arcanine|Heat Wave|p2b: Corviknight|[spread] p2a,p2b\n|-supereffective|p2a: Amoonguss\n|-supereffective|p2b: Corviknight\n|-damage|p2a: Amoonguss|25\/100\n|-damage|p2b: Corviknight|57\/100\n|-status|p2a: Amoonguss|brn\n|-enditem|p2a: Amoonguss|Sitrus Berry|[eat]\n|-heal|p2a: Amoonguss|49\/100 brn|[from] item: Sitrus Berry\n|move|p2b: Corviknight|Tailwind|p2b: Corviknight\n|-sidestart|p2: eddycool396|move: Tailwind\n|cant|p1a: Farigiraf|slp\n|\n|-damage|p2a: Amoonguss|43\/100 brn|[from] brn\n|upkeep\n|turn|7\n|inactive|eddycool396 has 30 seconds left.\n|inactive|eddycool396 has 20 seconds left.\n|\n|t:|1683737106\n|switch|p2b: Chi-Yu|Chi-Yu, L50|100\/100\n|-ability|p2b: Chi-Yu|Beads of Ruin\n|move|p2a: Amoonguss|Protect|p2a: Amoonguss\n|-singleturn|p2a: Amoonguss|Protect\n|move|p1b: Arcanine|Heat Wave|p2a: Amoonguss|[spread] p2b\n|-activate|p2a: Amoonguss|move: Protect\n|-resisted|p2b: Chi-Yu\n|-damage|p2b: Chi-Yu|84\/100\n|cant|p1a: Farigiraf|slp\n|\n|-damage|p2a: Amoonguss|37\/100 brn|[from] brn\n|upkeep\n|turn|8\n|inactive|Hector101010 has 30 seconds left.\n|inactive|eddycool396 has 30 seconds left.\n|inactive|eddycool396 has 20 seconds left.\n|\n|t:|1683737142\n|switch|p1a: Corviknight|Corviknight, L50, M|100\/100\n|move|p2b: Chi-Yu|Dark Pulse|p1b: Arcanine\n|-damage|p1b: Arcanine|48\/100\n|move|p1b: Arcanine|Heat Wave|p2a: Amoonguss|[spread] p2a\n|-miss|p1b: Arcanine|p2b: Chi-Yu\n|-supereffective|p2a: Amoonguss\n|-damage|p2a: Amoonguss|0 fnt\n|faint|p2a: Amoonguss\n|\n|upkeep\n|\n|t:|1683737157\n|switch|p2a: Chien-Pao|Chien-Pao, L50|100\/100\n|-ability|p2a: Chien-Pao|Sword of Ruin\n|turn|9\n|\n|t:|1683737178\n|-terastallize|p1a: Corviknight|Dragon\n|move|p2b: Chi-Yu|Dark Pulse|p1a: Corviknight\n|-damage|p1a: Corviknight|52\/100\n|move|p2a: Chien-Pao|Sacred Sword|p1b: Arcanine\n|-damage|p1b: Arcanine|15\/100\n|-enditem|p1b: Arcanine|Aguav Berry|[eat]\n|-heal|p1b: Arcanine|48\/100|[from] item: Aguav Berry\n|move|p1b: Arcanine|Heat Wave|p2a: Chien-Pao|[spread] p2a,p2b\n|-supereffective|p2a: Chien-Pao\n|-resisted|p2b: Chi-Yu\n|-damage|p2a: Chien-Pao|2\/100\n|-damage|p2b: Chi-Yu|70\/100\n|cant|p1a: Corviknight|flinch\n|\n|-heal|p1a: Corviknight|58\/100|[from] item: Leftovers\n|-sideend|p2: eddycool396|move: Tailwind\n|upkeep\n|turn|10\n|\n|t:|1683737199\n|move|p2b: Chi-Yu|Dark Pulse|p1b: Arcanine\n|-damage|p1b: Arcanine|0 fnt\n|faint|p1b: Arcanine\n|move|p2a: Chien-Pao|Sacred Sword|p1a: Corviknight\n|-damage|p1a: Corviknight|26\/100\n|move|p1a: Corviknight|Brave Bird|p2b: Chi-Yu\n|-crit|p2b: Chi-Yu\n|-damage|p2b: Chi-Yu|0 fnt\n|faint|p2b: Chi-Yu\n|-damage|p1a: Corviknight|11\/100|[from] Recoil\n|\n|-heal|p1a: Corviknight|17\/100|[from] item: Leftovers\n|upkeep\n|\n|t:|1683737212\n|switch|p2b: Corviknight|Corviknight, L50, F|57\/100\n|switch|p1b: Farigiraf|Farigiraf, L50, M|100\/100 slp\n|turn|11\n|inactive|eddycool396 has 30 seconds left.\n|\n|t:|1683737250\n|move|p2a: Chien-Pao|Ice Spinner|p1a: Corviknight\n|-supereffective|p1a: Corviknight\n|-damage|p1a: Corviknight|0 fnt\n|faint|p1a: Corviknight\n|move|p2b: Corviknight|Roost|p2b: Corviknight\n|-heal|p2b: Corviknight|100\/100\n|-singleturn|p2b: Corviknight|move: Roost\n|-curestatus|p1b: Farigiraf|slp|[msg]\n|move|p1b: Farigiraf|Trick Room|p1b: Farigiraf\n|-fieldstart|move: Trick Room|[of] p1b: Farigiraf\n|\n|upkeep\n|turn|12\n|\n|t:|1683737271\n|move|p2a: Chien-Pao|Protect|p2a: Chien-Pao\n|-singleturn|p2a: Chien-Pao|Protect\n|move|p1b: Farigiraf|Dazzling Gleam|p2a: Chien-Pao|[spread] p2b\n|-activate|p2a: Chien-Pao|move: Protect\n|-resisted|p2b: Corviknight\n|-damage|p2b: Corviknight|94\/100\n|move|p2b: Corviknight|Iron Head|p1b: Farigiraf\n|-damage|p1b: Farigiraf|69\/100\n|\n|upkeep\n|turn|13\n|\n|t:|1683737286\n|move|p2a: Chien-Pao|Sucker Punch||[still]\n|cant|p1b: Farigiraf|ability: Armor Tail|Sucker Punch|[of] p2a: Chien-Pao\n|move|p1b: Farigiraf|Dazzling Gleam|p2a: Chien-Pao|[spread] p2a,p2b\n|-supereffective|p2a: Chien-Pao\n|-resisted|p2b: Corviknight\n|-damage|p2a: Chien-Pao|0 fnt\n|-damage|p2b: Corviknight|87\/100\n|faint|p2a: Chien-Pao\n|move|p2b: Corviknight|Iron Head|p1b: Farigiraf\n|-damage|p1b: Farigiraf|42\/100\n|-enditem|p1b: Farigiraf|Sitrus Berry|[eat]\n|-heal|p1b: Farigiraf|67\/100|[from] item: Sitrus Berry\n|\n|upkeep\n|turn|14\n|\n|t:|1683737297\n|move|p1b: Farigiraf|Hyper Voice|p2b: Corviknight\n|-resisted|p2b: Corviknight\n|-damage|p2b: Corviknight|69\/100\n|move|p2b: Corviknight|Iron Head|p1b: Farigiraf\n|-damage|p1b: Farigiraf|43\/100\n|\n|upkeep\n|turn|15\n|\n|t:|1683737312\n|move|p1b: Farigiraf|Hyper Voice|p2b: Corviknight\n|-resisted|p2b: Corviknight\n|-damage|p2b: Corviknight|54\/100\n|move|p2b: Corviknight|Iron Head|p1b: Farigiraf\n|-damage|p1b: Farigiraf|20\/100\n|\n|-fieldend|move: Trick Room\n|upkeep\n|turn|16\n|\n|t:|1683737327\n|move|p2b: Corviknight|Roost|p2b: Corviknight\n|-heal|p2b: Corviknight|100\/100\n|-singleturn|p2b: Corviknight|move: Roost\n|move|p1b: Farigiraf|Hyper Voice|p2b: Corviknight\n|-resisted|p2b: Corviknight\n|-damage|p2b: Corviknight|83\/100\n|\n|upkeep\n|turn|17\n|\n|t:|1683737334\n|move|p2b: Corviknight|Iron Head|p1b: Farigiraf\n|-damage|p1b: Farigiraf|0 fnt\n|faint|p1b: Farigiraf\n|\n|win|eddycool396\n|raw|Hector101010's rating: 1085 → 1057<\/strong> (-28 for losing)\n|raw|eddycool396's rating: 1000 → 1050<\/strong> (+50 for winning)\n|c|\u2606eddycool396|gg\n","uploadtime":1683737357,"views":8,"p1id":"hector101010","p2id":"eddycool396","formatid":"gen9vgc2023regulationc","rating":1050,"private":0,"password":""}