{"id":"gen9vgc2023regulationc-1862754269","p1":"Sukiyaki Eater","p2":"StantlerGOAT","format":"[Gen 9] VGC 2023 Regulation C","log":"|j|\u2606Sukiyaki Eater\n|j|\u2606StantlerGOAT\n|t:|1683918488\n|gametype|doubles\n|player|p1|Sukiyaki Eater|169|1150\n|player|p2|StantlerGOAT|265|1146\n|teamsize|p1|6\n|teamsize|p2|6\n|gen|9\n|tier|[Gen 9] VGC 2023 Regulation C\n|rated|\n|rule|Species Clause: Limit one of each Pok\u00e9mon\n|rule|Item Clause: Limit one of each item\n|clearpoke\n|poke|p1|Dondozo, L50, M|\n|poke|p1|Tatsugiri, L50, F|\n|poke|p1|Glimmora, L50, M|\n|poke|p1|Maushold, L50|\n|poke|p1|Chi-Yu, L50|\n|poke|p1|Iron Valiant, L50|\n|poke|p2|Misdreavus, L50, F|\n|poke|p2|Ting-Lu, L50|\n|poke|p2|Bronzong, L50|\n|poke|p2|Clawitzer, L50, M|\n|poke|p2|Iron Hands, L50|\n|poke|p2|Torkoal, L50, M|\n|teampreview|4\n|inactive|Battle timer is ON: inactive players will automatically lose when time's up. (requested by StantlerGOAT)\n|\n|t:|1683918535\n|start\n|switch|p1a: Glimmora|Glimmora, L50, M|100\/100\n|switch|p1b: Maushold|Maushold, L50|100\/100\n|switch|p2a: Misdreavus|Misdreavus, L50, F|100\/100\n|switch|p2b: Ting-Lu|Ting-Lu, L50|100\/100\n|-ability|p2b: Ting-Lu|Vessel of Ruin\n|turn|1\n|\n|t:|1683918547\n|move|p1b: Maushold|Follow Me|p1b: Maushold\n|-singleturn|p1b: Maushold|move: Follow Me\n|move|p1a: Glimmora|Mortal Spin|p2a: Misdreavus|[spread] p2a,p2b\n|-resisted|p2a: Misdreavus\n|-resisted|p2b: Ting-Lu\n|-damage|p2a: Misdreavus|99\/100\n|-damage|p2b: Ting-Lu|99\/100\n|-status|p2a: Misdreavus|psn\n|-status|p2b: Ting-Lu|psn\n|move|p2b: Ting-Lu|Earthquake|p1b: Maushold|[spread] p1a,p1b\n|-immune|p2a: Misdreavus|[from] ability: Levitate\n|-supereffective|p1a: Glimmora\n|-damage|p1a: Glimmora|20\/100\n|-damage|p1b: Maushold|67\/100\n|-activate|p1a: Glimmora|ability: Toxic Debris\n|-sidestart|p2: StantlerGOAT|move: Toxic Spikes\n|move|p2a: Misdreavus|Trick Room|p2a: Misdreavus\n|-fieldstart|move: Trick Room|[of] p2a: Misdreavus\n|\n|-damage|p2b: Ting-Lu|87\/100 psn|[from] psn\n|-damage|p2a: Misdreavus|87\/100 psn|[from] psn\n|upkeep\n|turn|2\n|inactive|Sukiyaki Eater has 30 seconds left.\n|inactive|StantlerGOAT has 30 seconds left.\n|\n|t:|1683918578\n|move|p1b: Maushold|Protect|p1b: Maushold\n|-singleturn|p1b: Maushold|Protect\n|move|p2b: Ting-Lu|Earthquake|p1a: Glimmora|[spread] p1a\n|-activate|p1b: Maushold|move: Protect\n|-immune|p2a: Misdreavus|[from] ability: Levitate\n|-supereffective|p1a: Glimmora\n|-damage|p1a: Glimmora|0 fnt\n|-activate|p1a: Glimmora|ability: Toxic Debris\n|-sidestart|p2: StantlerGOAT|move: Toxic Spikes\n|faint|p1a: Glimmora\n|move|p2a: Misdreavus|Energy Ball|p2b: Ting-Lu\n|-supereffective|p2b: Ting-Lu\n|-damage|p2b: Ting-Lu|63\/100 psn\n|-enditem|p2b: Ting-Lu|Weakness Policy\n|-boost|p2b: Ting-Lu|atk|2|[from] item: Weakness Policy\n|-boost|p2b: Ting-Lu|spa|2|[from] item: Weakness Policy\n|\n|-damage|p2b: Ting-Lu|50\/100 psn|[from] psn\n|-damage|p2a: Misdreavus|75\/100 psn|[from] psn\n|upkeep\n|\n|t:|1683918596\n|switch|p1a: Dondozo|Dondozo, L50, M|100\/100\n|turn|3\n|\n|t:|1683918614\n|move|p1b: Maushold|Follow Me|p1b: Maushold\n|-singleturn|p1b: Maushold|move: Follow Me\n|move|p2b: Ting-Lu|Earthquake|p1a: Dondozo|[spread] p1a,p1b\n|-immune|p2a: Misdreavus|[from] ability: Levitate\n|-damage|p1a: Dondozo|87\/100\n|-damage|p1b: Maushold|0 fnt\n|faint|p1b: Maushold\n|move|p1a: Dondozo|Order Up|p2a: Misdreavus\n|-damage|p2a: Misdreavus|56\/100 psn\n|move|p2a: Misdreavus|Energy Ball|p1a: Dondozo\n|-supereffective|p1a: Dondozo\n|-crit|p1a: Dondozo\n|-damage|p1a: Dondozo|52\/100\n|\n|-heal|p1a: Dondozo|58\/100|[from] item: Leftovers\n|-damage|p2b: Ting-Lu|38\/100 psn|[from] psn\n|-damage|p2a: Misdreavus|44\/100 psn|[from] psn\n|upkeep\n|\n|t:|1683918623\n|switch|p1b: Tatsugiri|Tatsugiri, L50, F|100\/100\n|-activate|p1b: Tatsugiri|ability: Commander|[of] p1a: Dondozo\n|-boost|p1a: Dondozo|atk|2\n|-boost|p1a: Dondozo|spa|2\n|-boost|p1a: Dondozo|spe|2\n|-boost|p1a: Dondozo|def|2\n|-boost|p1a: Dondozo|spd|2\n|turn|4\n|inactive|StantlerGOAT has 30 seconds left.\n|\n|t:|1683918653\n|move|p1a: Dondozo|Protect|p1a: Dondozo\n|-singleturn|p1a: Dondozo|Protect\n|move|p2b: Ting-Lu|Earthquake|p1b: Tatsugiri|[spread] \n|-miss|p2b: Ting-Lu|p1b: Tatsugiri\n|-activate|p1a: Dondozo|move: Protect\n|-immune|p2a: Misdreavus|[from] ability: Levitate\n|move|p2a: Misdreavus|Energy Ball|p2b: Ting-Lu\n|-supereffective|p2b: Ting-Lu\n|-damage|p2b: Ting-Lu|11\/100 psn\n|\n|-heal|p1a: Dondozo|65\/100|[from] item: Leftovers\n|-damage|p2b: Ting-Lu|0 fnt|[from] psn\n|faint|p2b: Ting-Lu\n|-damage|p2a: Misdreavus|32\/100 psn|[from] psn\n|upkeep\n|\n|t:|1683918665\n|switch|p2b: Torkoal|Torkoal, L50, M|100\/100\n|-status|p2b: Torkoal|tox\n|-weather|SunnyDay|[from] ability: Drought|[of] p2b: Torkoal\n|turn|5\n|\n|t:|1683918677\n|-terastallize|p1a: Dondozo|Flying\n|move|p2b: Torkoal|Clear Smog|p1a: Dondozo\n|-damage|p1a: Dondozo|58\/100\n|-clearboost|p1a: Dondozo\n|move|p1a: Dondozo|Earthquake|p2b: Torkoal|[spread] p2b\n|-miss|p1a: Dondozo|p1b: Tatsugiri\n|-immune|p2a: Misdreavus|[from] ability: Levitate\n|-supereffective|p2b: Torkoal\n|-damage|p2b: Torkoal|68\/100 tox\n|move|p2a: Misdreavus|Pain Split|p1a: Dondozo\n|-sethp|p1a: Dondozo|41\/100|[from] move: Pain Split|[silent]\n|-sethp|p2a: Misdreavus|56\/100 psn|[from] move: Pain Split\n|\n|-weather|SunnyDay|[upkeep]\n|-heal|p1a: Dondozo|47\/100|[from] item: Leftovers\n|-damage|p2b: Torkoal|62\/100 tox|[from] psn\n|-damage|p2a: Misdreavus|44\/100 psn|[from] psn\n|-fieldend|move: Trick Room\n|upkeep\n|turn|6\n|\n|t:|1683918699\n|move|p1a: Dondozo|Protect|p1a: Dondozo\n|-singleturn|p1a: Dondozo|Protect\n|move|p2b: Torkoal|Eruption|p1b: Tatsugiri|[spread] \n|-miss|p2b: Torkoal|p1b: Tatsugiri\n|-activate|p1a: Dondozo|move: Protect\n|move|p2a: Misdreavus|Trick Room|p2a: Misdreavus\n|-fieldstart|move: Trick Room|[of] p2a: Misdreavus\n|\n|-weather|SunnyDay|[upkeep]\n|-heal|p1a: Dondozo|54\/100|[from] item: Leftovers\n|-damage|p2b: Torkoal|49\/100 tox|[from] psn\n|-damage|p2a: Misdreavus|32\/100 psn|[from] psn\n|upkeep\n|turn|7\n|\n|t:|1683918717\n|move|p2b: Torkoal|Heat Wave|p1a: Dondozo|[spread] p1a\n|-miss|p2b: Torkoal|p1b: Tatsugiri\n|-crit|p1a: Dondozo\n|-damage|p1a: Dondozo|0 fnt\n|faint|p1a: Dondozo\n|move|p2a: Misdreavus|Pain Split|p1b: Tatsugiri\n|-sethp|p1b: Tatsugiri|69\/100|[from] move: Pain Split|[silent]\n|-sethp|p2a: Misdreavus|59\/100 psn|[from] move: Pain Split\n|\n|-weather|SunnyDay|[upkeep]\n|-damage|p2b: Torkoal|30\/100 tox|[from] psn\n|-damage|p2a: Misdreavus|47\/100 psn|[from] psn\n|upkeep\n|turn|8\n|-message|Sukiyaki Eater forfeited.\n|\n|win|StantlerGOAT\n|raw|Sukiyaki Eater's rating: 1150 → 1125<\/strong> (-25 for losing)\n|raw|StantlerGOAT's rating: 1146 → 1171<\/strong> (+25 for winning)\n|l|\u2606Sukiyaki Eater\n","uploadtime":1683918731,"views":10,"p1id":"sukiyakieater","p2id":"stantlergoat","formatid":"gen9vgc2023regulationc","rating":1125,"private":0,"password":""}