{"id":"gen9vgc2023regulationc-1853508690","p1":"KinimaP","p2":"sdbjj","format":"[Gen 9] VGC 2023 Regulation C","log":"|j|\u2606KinimaP\n|j|\u2606sdbjj\n|t:|1682691945\n|gametype|doubles\n|player|p1|KinimaP|cameraman|1419\n|player|p2|sdbjj|1|1577\n|teamsize|p1|6\n|teamsize|p2|6\n|gen|9\n|tier|[Gen 9] VGC 2023 Regulation C\n|rated|\n|rule|Species Clause: Limit one of each Pok\u00e9mon\n|rule|Item Clause: Limit one of each item\n|clearpoke\n|poke|p1|Vivillon-Fancy, L50, F|\n|poke|p1|Chi-Yu, L50|\n|poke|p1|Abomasnow, L50, F|\n|poke|p1|Iron Bundle, L50|\n|poke|p1|Ting-Lu, L50|\n|poke|p1|Baxcalibur, L50, M|\n|poke|p2|Dachsbun, L50, F|\n|poke|p2|Chi-Yu, L50|\n|poke|p2|Gastrodon, L50, F|\n|poke|p2|Chien-Pao, L50|\n|poke|p2|Dragonite, L50, M|\n|poke|p2|Flutter Mane, L50|\n|teampreview|4\n|\n|t:|1682691987\n|start\n|switch|p1a: Vivillon|Vivillon-Fancy, L50, F|100\/100\n|switch|p1b: Ting-Lu|Ting-Lu, L50|100\/100\n|switch|p2a: Chi-Yu|Chi-Yu, L50|100\/100\n|switch|p2b: Dachsbun|Dachsbun, L50, F|100\/100\n|-ability|p2a: Chi-Yu|Beads of Ruin\n|-ability|p1b: Ting-Lu|Vessel of Ruin\n|turn|1\n|inactive|Battle timer is ON: inactive players will automatically lose when time's up. (requested by sdbjj)\n|\n|t:|1682692014\n|-terastallize|p1b: Ting-Lu|Ground\n|move|p1a: Vivillon|Protect|p1a: Vivillon\n|-singleturn|p1a: Vivillon|Protect\n|move|p2a: Chi-Yu|Lava Plume|p1a: Vivillon|[spread] p1b\n|-activate|p1a: Vivillon|move: Protect\n|-ability|p2b: Dachsbun|Well-Baked Body|boost\n|-boost|p2b: Dachsbun|def|2\n|-damage|p1b: Ting-Lu|79\/100\n|move|p2b: Dachsbun|Substitute|p2b: Dachsbun\n|-start|p2b: Dachsbun|Substitute\n|-damage|p2b: Dachsbun|75\/100\n|move|p1b: Ting-Lu|Earthquake|p2a: Chi-Yu|[spread] p2a,p2b\n|-activate|p1a: Vivillon|move: Protect\n|-end|p2b: Dachsbun|Substitute\n|-supereffective|p2a: Chi-Yu\n|-damage|p2a: Chi-Yu|0 fnt\n|faint|p2a: Chi-Yu\n|\n|-heal|p2b: Dachsbun|82\/100|[from] item: Leftovers\n|upkeep\n|inactive|sdbjj has 30 seconds left.\n|\n|t:|1682692040\n|switch|p2a: Chien-Pao|Chien-Pao, L50|100\/100\n|-ability|p2a: Chien-Pao|Sword of Ruin\n|turn|2\n|\n|t:|1682692055\n|move|p1a: Vivillon|Rage Powder|p1a: Vivillon\n|-singleturn|p1a: Vivillon|move: Rage Powder\n|move|p2a: Chien-Pao|Ice Spinner|p1a: Vivillon\n|-supereffective|p1a: Vivillon\n|-enditem|p1a: Vivillon|Focus Sash\n|-damage|p1a: Vivillon|1\/100\n|move|p2b: Dachsbun|Substitute|p2b: Dachsbun\n|-start|p2b: Dachsbun|Substitute\n|-damage|p2b: Dachsbun|57\/100\n|move|p1b: Ting-Lu|Earthquake|p2a: Chien-Pao|[spread] p2a,p2b\n|-immune|p1a: Vivillon\n|-end|p2b: Dachsbun|Substitute\n|-enditem|p2a: Chien-Pao|Focus Sash\n|-damage|p2a: Chien-Pao|1\/100\n|\n|-heal|p2b: Dachsbun|63\/100|[from] item: Leftovers\n|upkeep\n|turn|3\n|j| Rabbihorn\n|\n|t:|1682692077\n|move|p2a: Chien-Pao|Protect|p2a: Chien-Pao\n|-singleturn|p2a: Chien-Pao|Protect\n|move|p1a: Vivillon|Rage Powder|p1a: Vivillon\n|-singleturn|p1a: Vivillon|move: Rage Powder\n|move|p2b: Dachsbun|Body Press|p1a: Vivillon\n|-resisted|p1a: Vivillon\n|-damage|p1a: Vivillon|0 fnt\n|faint|p1a: Vivillon\n|move|p1b: Ting-Lu|Earthquake|p2a: Chien-Pao|[spread] p2b\n|-activate|p2a: Chien-Pao|move: Protect\n|-damage|p2b: Dachsbun|18\/100\n|\n|-heal|p2b: Dachsbun|24\/100|[from] item: Leftovers\n|upkeep\n|j| Winnethepooh\n|\n|t:|1682692096\n|switch|p1a: Iron Bundle|Iron Bundle, L50|100\/100\n|-enditem|p1a: Iron Bundle|Booster Energy\n|-activate|p1a: Iron Bundle|ability: Quark Drive|[fromitem]\n|-start|p1a: Iron Bundle|quarkdrivespe\n|turn|4\n|inactive|sdbjj has 30 seconds left.\n|\n|t:|1682692124\n|switch|p1b: Abomasnow|Abomasnow, L50, F|100\/100\n|-weather|Snow|[from] ability: Snow Warning|[of] p1b: Abomasnow\n|move|p2a: Chien-Pao|Sucker Punch||[still]\n|-fail|p2a: Chien-Pao\n|move|p1a: Iron Bundle|Blizzard|p2b: Dachsbun|[spread] p2a,p2b\n|-resisted|p2a: Chien-Pao\n|-crit|p2a: Chien-Pao\n|-damage|p2a: Chien-Pao|0 fnt\n|-damage|p2b: Dachsbun|0 fnt\n|faint|p2a: Chien-Pao\n|faint|p2b: Dachsbun\n|\n|-weather|Snow|[upkeep]\n|upkeep\n|c|\u2606KinimaP|???\n|c|\u2606KinimaP|why\n|\n|t:|1682692139\n|switch|p2b: Flutter Mane|Flutter Mane, L50|100\/100\n|turn|5\n|\n|t:|1682692147\n|-terastallize|p2b: Flutter Mane|Fairy\n|move|p1a: Iron Bundle|Aurora Veil|p1a: Iron Bundle\n|-sidestart|p1: KinimaP|move: Aurora Veil\n|move|p2b: Flutter Mane|Dazzling Gleam|p1b: Abomasnow|[spread] p1a,p1b\n|-damage|p1a: Iron Bundle|39\/100\n|-damage|p1b: Abomasnow|60\/100\n|move|p1b: Abomasnow|Blizzard|p2b: Flutter Mane\n|-damage|p2b: Flutter Mane|46\/100\n|-damage|p1b: Abomasnow|50\/100|[from] item: Life Orb\n|\n|-weather|Snow|[upkeep]\n|upkeep\n|turn|6\n|-message|sdbjj forfeited.\n|\n|win|KinimaP\n|raw|KinimaP's rating: 1419 → 1448<\/strong> (+29 for winning)\n|raw|sdbjj's rating: 1577 → 1548<\/strong> (-29 for losing)\n|l|\u2606sdbjj\n|l|\u2606KinimaP\n|j|\u2606sdbjj\n|player|p2|sdbjj|1\n|l|\u2606sdbjj\n|player|p2|\n","uploadtime":1682692202,"views":9,"p1id":"kinimap","p2id":"sdbjj","formatid":"gen9vgc2023regulationc","rating":1448,"private":0,"password":""}