{"id":"gen9vgc2023regulationc-1851435733","p1":"Yoshitoki","p2":"jeffman323","format":"[Gen 9] VGC 2023 Regulation C","log":"|j|\u2606Yoshitoki\n|j|\u2606jeffman323\n|t:|1682444929\n|gametype|doubles\n|player|p1|Yoshitoki|shadowtriad|1454\n|player|p2|jeffman323|steven|1509\n|teamsize|p1|6\n|teamsize|p2|6\n|gen|9\n|tier|[Gen 9] VGC 2023 Regulation C\n|rated|\n|rule|Species Clause: Limit one of each Pok\u00e9mon\n|rule|Item Clause: Limit one of each item\n|clearpoke\n|poke|p1|Orthworm, L50, F|\n|poke|p1|Dragonite, L50, M|\n|poke|p1|Ting-Lu, L50|\n|poke|p1|Gyarados, L50, M|\n|poke|p1|Flutter Mane, L50|\n|poke|p1|Chien-Pao, L50|\n|poke|p2|Hatterene, L50, F|\n|poke|p2|Azumarill, L50, M|\n|poke|p2|Torkoal, L50, F|\n|poke|p2|Kingambit, L50, M|\n|poke|p2|Iron Hands, L50|\n|poke|p2|Brute Bonnet, L50|\n|teampreview|4\njeffman323 has agreed to open team sheets.\n|\n|t:|1682444951\n|start\n|switch|p1a: Gyarados|Gyarados, L50, M|100\/100\n|switch|p1b: Orthworm|Orthworm, L50, F|100\/100\n|switch|p2a: Iron Hands|Iron Hands, L50|100\/100\n|switch|p2b: Hatterene|Hatterene, L50, F|100\/100\n|-ability|p1a: Gyarados|Intimidate|boost\n|-unboost|p2a: Iron Hands|atk|1\n|-unboost|p2b: Hatterene|atk|1\n|turn|1\n|\n|t:|1682444971\n|move|p2a: Iron Hands|Fake Out|p1b: Orthworm\n|-resisted|p1b: Orthworm\n|-damage|p1b: Orthworm|96\/100\n|move|p1a: Gyarados|Taunt|p2b: Hatterene\n|move|p2b: Hatterene|Taunt|p1a: Gyarados|[from]ability: Magic Bounce\n|-start|p1a: Gyarados|move: Taunt\n|cant|p1b: Orthworm|flinch\n|move|p2b: Hatterene|Trick Room|p2b: Hatterene\n|-fieldstart|move: Trick Room|[of] p2b: Hatterene\n|\n|upkeep\n|turn|2\n|\n|t:|1682444994\n|-terastallize|p1b: Orthworm|Fire\n|move|p2b: Hatterene|Psychic|p1b: Orthworm\n|-damage|p1b: Orthworm|35\/100\n|-enditem|p1b: Orthworm|Sitrus Berry|[eat]\n|-heal|p1b: Orthworm|60\/100|[from] item: Sitrus Berry\n|move|p2a: Iron Hands|Drain Punch|p1b: Orthworm\n|-damage|p1b: Orthworm|41\/100\n|move|p1b: Orthworm|Heavy Slam|p2b: Hatterene\n|-supereffective|p2b: Hatterene\n|-damage|p2b: Hatterene|19\/100\n|move|p1a: Gyarados|Bulldoze|p2b: Hatterene|[spread] p2a,p2b\n|-heal|p1b: Orthworm|66\/100|[from] ability: Earth Eater|[of] p1a: Gyarados\n|-supereffective|p2a: Iron Hands\n|-crit|p2a: Iron Hands\n|-damage|p2a: Iron Hands|74\/100\n|-damage|p2b: Hatterene|4\/100\n|-unboost|p2a: Iron Hands|spe|1\n|-unboost|p2b: Hatterene|spe|1\n|\n|upkeep\n|turn|3\n|j| taohuu\n|l| taohuu\n|\n|t:|1682445024\n|move|p2b: Hatterene|Psychic|p1b: Orthworm\n|-damage|p1b: Orthworm|3\/100\n|move|p2a: Iron Hands|Thunder Punch|p1a: Gyarados\n|-supereffective|p1a: Gyarados\n|-damage|p1a: Gyarados|0 fnt\n|faint|p1a: Gyarados\n|move|p1b: Orthworm|Iron Defense|p1b: Orthworm\n|-boost|p1b: Orthworm|def|2\n|\n|upkeep\n|\n|t:|1682445032\n|switch|p1a: Ting-Lu|Ting-Lu, L50|100\/100\n|-ability|p1a: Ting-Lu|Vessel of Ruin\n|turn|4\n|\n|t:|1682445046\n|move|p2b: Hatterene|Dazzling Gleam|p1a: Ting-Lu|[spread] p1a,p1b\n|-supereffective|p1a: Ting-Lu\n|-resisted|p1b: Orthworm\n|-damage|p1a: Ting-Lu|58\/100\n|-damage|p1b: Orthworm|0 fnt\n|faint|p1b: Orthworm\n|move|p2a: Iron Hands|Drain Punch|p1a: Ting-Lu\n|-supereffective|p1a: Ting-Lu\n|-damage|p1a: Ting-Lu|21\/100\n|-heal|p2a: Iron Hands|90\/100|[from] drain|[of] p1a: Ting-Lu\n|move|p1a: Ting-Lu|Earthquake|p2a: Iron Hands|[spread] p2a,p2b\n|-supereffective|p2a: Iron Hands\n|-damage|p2a: Iron Hands|30\/100\n|-damage|p2b: Hatterene|0 fnt\n|faint|p2b: Hatterene\n|\n|upkeep\n|\n|t:|1682445063\n|switch|p2b: Brute Bonnet|Brute Bonnet, L50|100\/100\n|switch|p1b: Flutter Mane|Flutter Mane, L50|100\/100\n|turn|5\n|\n|t:|1682445076\n|-terastallize|p2b: Brute Bonnet|Fire\n|move|p2a: Iron Hands|Drain Punch|p1a: Ting-Lu\n|-supereffective|p1a: Ting-Lu\n|-damage|p1a: Ting-Lu|0 fnt\n|-heal|p2a: Iron Hands|39\/100|[from] drain|[of] p1a: Ting-Lu\n|faint|p1a: Ting-Lu\n|move|p2b: Brute Bonnet|Spore|p1b: Flutter Mane\n|-status|p1b: Flutter Mane|slp|[from] move: Spore\n|cant|p1b: Flutter Mane|slp\n|\n|-fieldend|move: Trick Room\n|upkeep\n|turn|6\n|-message|Yoshitoki forfeited.\n|\n|win|jeffman323\n|raw|Yoshitoki's rating: 1454 → 1437<\/strong> (-17 for losing)\n|raw|jeffman323's rating: 1509 → 1526<\/strong> (+17 for winning)\n|l|\u2606Yoshitoki\n","uploadtime":1682445089,"views":7,"p1id":"yoshitoki","p2id":"jeffman323","formatid":"gen9vgc2023regulationc","rating":1437,"private":0,"password":""}