{"id":"gen9vgc2023regulationc-1855310856","p1":"RGDTRGNYHSRT","p2":"hysaaron","format":"[Gen 9] VGC 2023 Regulation C","log":"|j|\u2606RGDTRGNYHSRT\n|j|\u2606hysaaron\n|t:|1682934774\n|gametype|doubles\n|player|p1|RGDTRGNYHSRT|shauntal|1045\n|player|p2|hysaaron|102|1138\n|teamsize|p1|6\n|teamsize|p2|6\n|gen|9\n|tier|[Gen 9] VGC 2023 Regulation C\n|rated|\n|rule|Species Clause: Limit one of each Pok\u00e9mon\n|rule|Item Clause: Limit one of each item\n|clearpoke\n|poke|p1|Azumarill, L50, F|\n|poke|p1|Indeedee-F, L50, F|\n|poke|p1|Armarouge, L50, F|\n|poke|p1|Chien-Pao, L50|\n|poke|p1|Dragapult, L50, M|\n|poke|p1|Ting-Lu, L50|\n|poke|p2|Annihilape, L50, F|\n|poke|p2|Maushold, L50|\n|poke|p2|Ting-Lu, L50|\n|poke|p2|Amoonguss, L50, F|\n|poke|p2|Gholdengo, L50|\n|poke|p2|Gyarados, L50, M|\n|teampreview|4\n|inactive|Battle timer is ON: inactive players will automatically lose when time's up. (requested by hysaaron)\n|inactive|hysaaron has 60 seconds left.\n|\n|t:|1682934817\n|start\n|switch|p1a: Dragapult|Dragapult, L50, M|100\/100\n|switch|p1b: Indeedee|Indeedee-F, L50, F|100\/100\n|switch|p2a: Amoonguss|Amoonguss, L50, F, shiny|100\/100\n|switch|p2b: Ting-Lu|Ting-Lu, L50|100\/100\n|-fieldstart|move: Psychic Terrain|[from] ability: Psychic Surge|[of] p1b: Indeedee\n|-enditem|p1b: Indeedee|Psychic Seed\n|-boost|p1b: Indeedee|spd|1|[from] item: Psychic Seed\n|-ability|p2b: Ting-Lu|Vessel of Ruin\n|turn|1\n|inactive|RGDTRGNYHSRT has 30 seconds left.\n|inactive|hysaaron has 30 seconds left.\n|inactive|RGDTRGNYHSRT has 20 seconds left.\n|\n|t:|1682934856\n|move|p1a: Dragapult|U-turn|p2a: Amoonguss\n|-damage|p2a: Amoonguss|77\/100\n|-damage|p1a: Dragapult|84\/100|[from] item: Rocky Helmet|[of] p2a: Amoonguss\n|\n|t:|1682934860\n|switch|p1a: Azumarill|Azumarill, L50, F|100\/100|[from] U-turn\n|move|p1b: Indeedee|Psychic|p2a: Amoonguss\n|-supereffective|p2a: Amoonguss\n|-damage|p2a: Amoonguss|21\/100\n|-unboost|p2a: Amoonguss|spd|1\n|move|p2b: Ting-Lu|Throat Chop|p1b: Indeedee\n|-supereffective|p1b: Indeedee\n|-damage|p1b: Indeedee|15\/100\n|-start|p1b: Indeedee|Throat Chop|[silent]\n|move|p2a: Amoonguss|Spore|p1a: Azumarill\n|-activate|p1a: Azumarill|item: Safety Goggles|Spore\n|\n|upkeep\n|turn|2\n|inactive|hysaaron has 30 seconds left.\n|\n|t:|1682934889\n|switch|p2a: Gyarados|Gyarados, L50, M, shiny|100\/100\n|-ability|p2a: Gyarados|Intimidate|boost\n|-unboost|p1a: Azumarill|atk|1\n|-unboost|p1b: Indeedee|atk|1\n|move|p1b: Indeedee|Psychic|p2a: Gyarados\n|-damage|p2a: Gyarados|76\/100\n|move|p1a: Azumarill|Waterfall|p2b: Ting-Lu\n|-supereffective|p2b: Ting-Lu\n|-damage|p2b: Ting-Lu|59\/100\n|cant|p2b: Ting-Lu|flinch\n|\n|-end|p1b: Indeedee|Throat Chop|[silent]\n|upkeep\n|turn|3\n|inactive|hysaaron has 30 seconds left.\n|\n|t:|1682934918\n|move|p1b: Indeedee|Follow Me|p1b: Indeedee\n|-singleturn|p1b: Indeedee|move: Follow Me\n|move|p2a: Gyarados|Waterfall|p1b: Indeedee\n|-damage|p1b: Indeedee|0 fnt\n|faint|p1b: Indeedee\n|move|p1a: Azumarill|Play Rough|p2b: Ting-Lu\n|-supereffective|p2b: Ting-Lu\n|-damage|p2b: Ting-Lu|14\/100\n|move|p2b: Ting-Lu|Heavy Slam|p1a: Azumarill\n|-damage|p1a: Azumarill|60\/100\n|\n|upkeep\n|\n|t:|1682934932\n|switch|p1b: Dragapult|Dragapult, L50, M|84\/100\n|turn|4\n|\n|t:|1682934956\n|switch|p1a: Chien-Pao|Chien-Pao, L50|100\/100\n|-ability|p1a: Chien-Pao|Sword of Ruin\n|switch|p2b: Gholdengo|Gholdengo, L50|100\/100\n|move|p1b: Dragapult|Dragon Darts|p2a: Gyarados\n|-damage|p2a: Gyarados|26\/100\n|-enditem|p2a: Gyarados|Sitrus Berry|[eat]\n|-heal|p2a: Gyarados|51\/100|[from] item: Sitrus Berry\n|-anim|p1b: Dragapult|Dragon Darts|p2b: Gholdengo\n|-resisted|p2b: Gholdengo\n|-damage|p2b: Gholdengo|76\/100\n|move|p2a: Gyarados|Thunder Wave|p1b: Dragapult|[miss]\n|-miss|p2a: Gyarados|p1b: Dragapult\n|\n|upkeep\n|turn|5\n|inactive|RGDTRGNYHSRT has 30 seconds left.\n|inactive|hysaaron has 30 seconds left.\n|inactive|hysaaron has 20 seconds left.\n|inactive|hysaaron has 15 seconds left.\n|inactive|hysaaron has 10 seconds left.\n|\n|t:|1682935002\n|move|p1a: Chien-Pao|Protect|p1a: Chien-Pao\n|-singleturn|p1a: Chien-Pao|Protect\n|move|p2b: Gholdengo|Protect|p2b: Gholdengo\n|-singleturn|p2b: Gholdengo|Protect\n|move|p1b: Dragapult|Dragon Darts|p2a: Gyarados\n|-damage|p2a: Gyarados|0 fnt\n|faint|p2a: Gyarados\n|\n|-fieldend|move: Psychic Terrain\n|upkeep\n|\n|t:|1682935013\n|switch|p2a: Amoonguss|Amoonguss, L50, F, shiny|54\/100\n|turn|6\n|inactive|hysaaron has 30 seconds left.\n|inactive|hysaaron has 20 seconds left.\n|inactive|hysaaron has 15 seconds left.\n|inactive|hysaaron has 10 seconds left.\n|\n|t:|1682935061\n|-terastallize|p2a: Amoonguss|Water\n|move|p1b: Dragapult|Dragon Darts|p2b: Gholdengo\n|-resisted|p2b: Gholdengo\n|-damage|p2b: Gholdengo|50\/100\n|-anim|p1b: Dragapult|Dragon Darts|p2a: Amoonguss\n|-damage|p2a: Amoonguss|20\/100\n|move|p1a: Chien-Pao|Ice Spinner|p2a: Amoonguss\n|-resisted|p2a: Amoonguss\n|-damage|p2a: Amoonguss|1\/100\n|-damage|p1a: Chien-Pao|84\/100|[from] item: Rocky Helmet|[of] p2a: Amoonguss\n|move|p2b: Gholdengo|Shadow Ball|p1b: Dragapult\n|-supereffective|p1b: Dragapult\n|-damage|p1b: Dragapult|0 fnt\n|faint|p1b: Dragapult\n|move|p2a: Amoonguss|Pollen Puff|p2b: Gholdengo\n|-heal|p2b: Gholdengo|99\/100\n|\n|upkeep\n|\n|t:|1682935077\n|switch|p1b: Azumarill|Azumarill, L50, F|60\/100\n|turn|7\n|inactive|hysaaron has 30 seconds left.\n|\n|t:|1682935106\n|-terastallize|p1b: Azumarill|Water\n|move|p1a: Chien-Pao|Protect|p1a: Chien-Pao\n|-singleturn|p1a: Chien-Pao|Protect\n|move|p2b: Gholdengo|Nasty Plot|p2b: Gholdengo\n|-boost|p2b: Gholdengo|spa|2\n|move|p1b: Azumarill|Play Rough|p2a: Amoonguss\n|-damage|p2a: Amoonguss|0 fnt\n|-damage|p1b: Azumarill|43\/100|[from] item: Rocky Helmet|[of] p2a: Amoonguss\n|faint|p2a: Amoonguss\n|\n|upkeep\n|\n|t:|1682935119\n|switch|p2a: Ting-Lu|Ting-Lu, L50|14\/100\n|-ability|p2a: Ting-Lu|Vessel of Ruin\n|turn|8\n|\n|t:|1682935132\n|move|p2b: Gholdengo|Protect|p2b: Gholdengo\n|-singleturn|p2b: Gholdengo|Protect\n|move|p1a: Chien-Pao|Sucker Punch||[still]\n|-fail|p1a: Chien-Pao\n|move|p1b: Azumarill|Waterfall|p2a: Ting-Lu\n|-supereffective|p2a: Ting-Lu\n|-damage|p2a: Ting-Lu|0 fnt\n|faint|p2a: Ting-Lu\n|\n|upkeep\n|turn|9\n|\n|t:|1682935147\n|move|p1a: Chien-Pao|Sucker Punch|p2b: Gholdengo\n|-supereffective|p2b: Gholdengo\n|-damage|p2b: Gholdengo|18\/100\n|move|p2b: Gholdengo|Make It Rain|p1b: Azumarill|[spread] p1a,p1b\n|-supereffective|p1a: Chien-Pao\n|-resisted|p1b: Azumarill\n|-damage|p1a: Chien-Pao|0 fnt\n|-damage|p1b: Azumarill|0 fnt\n|-unboost|p2b: Gholdengo|spa|1\n|faint|p1a: Chien-Pao\n|faint|p1b: Azumarill\n|\n|win|hysaaron\n|raw|RGDTRGNYHSRT's rating: 1028 → 1018<\/strong> (-10 for losing)\n|raw|hysaaron's rating: 1138 → 1155<\/strong> (+17 for winning)\n","uploadtime":1682935160,"views":17,"p1id":"rgdtrgnyhsrt","p2id":"hysaaron","formatid":"gen9vgc2023regulationc","rating":1018,"private":0,"password":""}