{"id":"gen9vgc2023regulationc-1860094884","p1":"Bdogplatinum","p2":"makizzang","format":"[Gen 9] VGC 2023 Regulation C","log":"|j|\u2606Bdogplatinum\n|j|\u2606makizzang\n|t:|1683594581\n|gametype|doubles\n|player|p1|Bdogplatinum|cress|1395\n|player|p2|makizzang|dawn|1403\n|teamsize|p1|6\n|teamsize|p2|6\n|gen|9\n|tier|[Gen 9] VGC 2023 Regulation C\n|rated|\n|rule|Species Clause: Limit one of each Pok\u00e9mon\n|rule|Item Clause: Limit one of each item\n|clearpoke\n|poke|p1|Kingambit, L50, M|\n|poke|p1|Sylveon, L50, F|\n|poke|p1|Ceruledge, L50, M|\n|poke|p1|Gothitelle, L50, M|\n|poke|p1|Iron Hands, L50|\n|poke|p1|Palafin, L50, F|\n|poke|p2|Flutter Mane, L50|\n|poke|p2|Ting-Lu, L50|\n|poke|p2|Arcanine, L50, M|\n|poke|p2|Amoonguss, L50, M|\n|poke|p2|Baxcalibur, L50, M|\n|poke|p2|Palafin, L50, M|\n|teampreview|4\n|inactive|Battle timer is ON: inactive players will automatically lose when time's up. (requested by makizzang)\n|inactive|Bdogplatinum has 60 seconds left.\n|inactive|makizzang has 60 seconds left.\n|\n|t:|1683594629\n|start\n|switch|p1a: Gothitelle|Gothitelle, L50, M|100\/100\n|switch|p1b: Sylveon|Sylveon, L50, F|100\/100\n|switch|p2a: Flutter Mane|Flutter Mane, L50|100\/100\n|switch|p2b: Amoonguss|Amoonguss, L50, M, shiny|100\/100\n|turn|1\n|\n|t:|1683594652\n|move|p1a: Gothitelle|Fake Out|p2b: Amoonguss\n|-damage|p2b: Amoonguss|95\/100\n|move|p2a: Flutter Mane|Shadow Ball|p1b: Sylveon\n|-damage|p1b: Sylveon|59\/100\n|move|p1b: Sylveon|Hyper Voice|p2b: Amoonguss|[spread] p2a,p2b\n|-resisted|p2b: Amoonguss\n|-damage|p2a: Flutter Mane|65\/100\n|-damage|p2b: Amoonguss|80\/100\n|-enditem|p1b: Sylveon|Throat Spray\n|-boost|p1b: Sylveon|spa|1|[from] item: Throat Spray\n|cant|p2b: Amoonguss|flinch\n|\n|upkeep\n|turn|2\n|j| THUNDERSND77\n|\n|t:|1683594676\n|-terastallize|p1a: Gothitelle|Normal\n|move|p2a: Flutter Mane|Shadow Ball|p1a: Gothitelle\n|-immune|p1a: Gothitelle\n|move|p1a: Gothitelle|Taunt|p2b: Amoonguss\n|-start|p2b: Amoonguss|move: Taunt\n|move|p1b: Sylveon|Yawn|p2a: Flutter Mane\n|-start|p2a: Flutter Mane|move: Yawn|[of] p1b: Sylveon\n|cant|p2b: Amoonguss|move: Taunt|Spore\n|\n|upkeep\n|turn|3\n|\n|t:|1683594698\n|-end|p2a: Flutter Mane|Protosynthesis|[silent]\n|switch|p2a: Arcanine|Arcanine, L50, M|100\/100\n|-ability|p2a: Arcanine|Intimidate|boost\n|-unboost|p1a: Gothitelle|atk|1\n|-unboost|p1b: Sylveon|atk|1\n|move|p1a: Gothitelle|Psychic|p2b: Amoonguss\n|-supereffective|p2b: Amoonguss\n|-damage|p2b: Amoonguss|31\/100\n|-enditem|p2b: Amoonguss|Sitrus Berry|[eat]\n|-heal|p2b: Amoonguss|56\/100|[from] item: Sitrus Berry\n|move|p1b: Sylveon|Hyper Voice|p2a: Arcanine|[spread] p2a,p2b\n|-resisted|p2a: Arcanine\n|-resisted|p2b: Amoonguss\n|-damage|p2a: Arcanine|74\/100\n|-damage|p2b: Amoonguss|35\/100\n|move|p2b: Amoonguss|Clear Smog|p1b: Sylveon\n|-supereffective|p1b: Sylveon\n|-damage|p1b: Sylveon|38\/100\n|-clearboost|p1b: Sylveon\n|\n|upkeep\n|turn|4\n|\n|t:|1683594716\n|switch|p1b: Ceruledge|Ceruledge, L50, M|100\/100\n|move|p1a: Gothitelle|Protect|p1a: Gothitelle\n|-singleturn|p1a: Gothitelle|Protect\n|move|p2a: Arcanine|Flare Blitz|p1b: Ceruledge\n|-start|p1b: Ceruledge|ability: Flash Fire\n|move|p2b: Amoonguss|Pollen Puff|p2a: Arcanine\n|-heal|p2a: Arcanine|100\/100\n|\n|-end|p2b: Amoonguss|move: Taunt\n|upkeep\n|turn|5\n|inactive|Bdogplatinum has 30 seconds left.\n|\n|t:|1683594744\n|move|p2a: Arcanine|Howl|p2a: Arcanine|[spread] p2a,p2b\n|-boost|p2a: Arcanine|atk|1\n|-boost|p2b: Amoonguss|atk|1\n|move|p1b: Ceruledge|Bitter Blade|p2a: Arcanine\n|-resisted|p2a: Arcanine\n|-damage|p2a: Arcanine|69\/100\n|move|p1a: Gothitelle|Taunt|p2b: Amoonguss\n|-start|p2b: Amoonguss|move: Taunt\n|move|p2b: Amoonguss|Clear Smog|p1b: Ceruledge\n|-resisted|p1b: Ceruledge\n|-damage|p1b: Ceruledge|96\/100\n|-clearboost|p1b: Ceruledge\n|\n|upkeep\n|turn|6\n|\n|t:|1683594765\n|move|p2a: Arcanine|Howl|p2a: Arcanine|[spread] p2a,p2b\n|-boost|p2a: Arcanine|atk|1\n|-boost|p2b: Amoonguss|atk|1\n|move|p1b: Ceruledge|Bitter Blade|p2a: Arcanine\n|-resisted|p2a: Arcanine\n|-crit|p2a: Arcanine\n|-damage|p2a: Arcanine|24\/100\n|-heal|p1b: Ceruledge|100\/100|[from] drain|[of] p2a: Arcanine\n|move|p1a: Gothitelle|Psychic|p2a: Arcanine\n|-damage|p2a: Arcanine|0 fnt\n|faint|p2a: Arcanine\n|move|p2b: Amoonguss|Pollen Puff|p2: Arcanine|[notarget]\n|-fail|p2b: Amoonguss\n|\n|upkeep\n|\n|t:|1683594773\n|switch|p2a: Flutter Mane|Flutter Mane, L50|65\/100\n|turn|7\n|\n|t:|1683594783\n|-terastallize|p2a: Flutter Mane|Steel\n|move|p2a: Flutter Mane|Shadow Ball|p1b: Ceruledge\n|-supereffective|p1b: Ceruledge\n|-damage|p1b: Ceruledge|25\/100\n|-unboost|p1b: Ceruledge|spd|1\n|move|p1b: Ceruledge|Bitter Blade|p2a: Flutter Mane\n|-supereffective|p2a: Flutter Mane\n|-damage|p2a: Flutter Mane|0 fnt\n|-heal|p1b: Ceruledge|50\/100|[from] drain|[of] p2a: Flutter Mane\n|faint|p2a: Flutter Mane\n|-end|p2a: Flutter Mane|Protosynthesis|[silent]\n|move|p1a: Gothitelle|Psychic|p2b: Amoonguss\n|-supereffective|p2b: Amoonguss\n|-damage|p2b: Amoonguss|0 fnt\n|faint|p2b: Amoonguss\n|\n|upkeep\n|-message|makizzang forfeited.\n|\n|win|Bdogplatinum\n|raw|Bdogplatinum's rating: 1395 → 1415<\/strong> (+20 for winning)\n|raw|makizzang's rating: 1403 → 1383<\/strong> (-20 for losing)\n|l|\u2606makizzang\n","uploadtime":1683594798,"views":12,"p1id":"bdogplatinum","p2id":"makizzang","formatid":"gen9vgc2023regulationc","rating":1383,"private":0,"password":""}