{"id":"gen9vgc2023regulationc-1861882103","p1":"Giljero","p2":"revocolombia","format":"[Gen 9] VGC 2023 Regulation C","log":"|j|\u2606Giljero\n|j|\u2606revocolombia\n|t:|1683817608\n|gametype|doubles\n|player|p1|Giljero|steven|1370\n|player|p2|revocolombia|pokemonranger-gen4|1367\n|teamsize|p1|6\n|teamsize|p2|6\n|gen|9\n|tier|[Gen 9] VGC 2023 Regulation C\n|rated|\n|rule|Species Clause: Limit one of each Pok\u00e9mon\n|rule|Item Clause: Limit one of each item\n|clearpoke\n|poke|p1|Flutter Mane, L50|\n|poke|p1|Chi-Yu, L50|\n|poke|p1|Breloom, L50, F|\n|poke|p1|Gyarados, L50, F|\n|poke|p1|Iron Hands, L50|\n|poke|p1|Corviknight, L50, F|\n|poke|p2|Flutter Mane, L50|\n|poke|p2|Great Tusk, L50|\n|poke|p2|Gholdengo, L50|\n|poke|p2|Chien-Pao, L50|\n|poke|p2|Murkrow, L50, F|\n|poke|p2|Baxcalibur, L50, F|\n|teampreview|4\n|\n|t:|1683817628\n|start\n|switch|p1a: Corviknight|Corviknight, L50, F|100\/100\n|switch|p1b: Gyarados|Gyarados, L50, F|100\/100\n|switch|p2a: Murkrow|Murkrow, L50, F|100\/100\n|switch|p2b: Great Tusk|Great Tusk, L50|100\/100\n|-ability|p1b: Gyarados|Intimidate|boost\n|-unboost|p2a: Murkrow|atk|1\n|-fail|p2b: Great Tusk|unboost|[from] item: Clear Amulet|[of] p2b: Great Tusk\n|turn|1\n|\n|t:|1683817656\n|move|p2a: Murkrow|Taunt|p1a: Corviknight\n|-start|p1a: Corviknight|move: Taunt\n|move|p2b: Great Tusk|Rock Slide|p1a: Corviknight|[spread] p1a\n|-miss|p2b: Great Tusk|p1b: Gyarados\n|-damage|p1a: Corviknight|80\/100\n|cant|p1a: Corviknight|move: Taunt|Tailwind\n|move|p1b: Gyarados|Taunt|p2a: Murkrow\n|-start|p2a: Murkrow|move: Taunt\n|\n|upkeep\n|turn|2\n|\n|t:|1683817676\n|switch|p2a: Gholdengo|Gholdengo, L50|100\/100\n|move|p2b: Great Tusk|Rock Slide|p1b: Gyarados|[spread] p1a,p1b\n|-supereffective|p1b: Gyarados\n|-damage|p1a: Corviknight|61\/100\n|-damage|p1b: Gyarados|60\/100\n|move|p1a: Corviknight|Brave Bird|p2b: Great Tusk\n|-supereffective|p2b: Great Tusk\n|-damage|p2b: Great Tusk|28\/100\n|-damage|p1a: Corviknight|34\/100|[from] Recoil\n|move|p1b: Gyarados|Waterfall|p2b: Great Tusk\n|-supereffective|p2b: Great Tusk\n|-damage|p2b: Great Tusk|0 fnt\n|faint|p2b: Great Tusk\n|-end|p2b: Great Tusk|Protosynthesis|[silent]\n|\n|upkeep\n|\n|t:|1683817702\n|switch|p2b: Murkrow|Murkrow, L50, F|100\/100\n|turn|3\n|\n|t:|1683817726\n|switch|p1a: Iron Hands|Iron Hands, L50|100\/100\n|move|p2b: Murkrow|Tailwind|p2b: Murkrow\n|-sidestart|p2: revocolombia|move: Tailwind\n|move|p2a: Gholdengo|Thunderbolt|p1b: Gyarados\n|-supereffective|p1b: Gyarados\n|-damage|p1b: Gyarados|0 fnt\n|faint|p1b: Gyarados\n|\n|upkeep\n|\n|t:|1683817740\n|switch|p1b: Corviknight|Corviknight, L50, F|34\/100\n|turn|4\n|\n|t:|1683817752\n|switch|p2b: Flutter Mane|Flutter Mane, L50|100\/100\n|-enditem|p2b: Flutter Mane|Booster Energy\n|-activate|p2b: Flutter Mane|ability: Protosynthesis|[fromitem]\n|-start|p2b: Flutter Mane|protosynthesisspa\n|move|p1a: Iron Hands|Fake Out|p2b: Flutter Mane\n|-immune|p2b: Flutter Mane\n|move|p2a: Gholdengo|Thunderbolt|p1b: Corviknight\n|-supereffective|p1b: Corviknight\n|-damage|p1b: Corviknight|0 fnt\n|faint|p1b: Corviknight\n|\n|upkeep\n|\n|t:|1683817764\n|switch|p1b: Flutter Mane|Flutter Mane, L50|100\/100\n|turn|5\n|\n|t:|1683817783\n|-terastallize|p2b: Flutter Mane|Fairy\n|-terastallize|p1b: Flutter Mane|Fairy\n|move|p2b: Flutter Mane|Dazzling Gleam|p1b: Flutter Mane|[spread] p1a,p1b\n|-supereffective|p1a: Iron Hands\n|-crit|p1a: Iron Hands\n|-damage|p1a: Iron Hands|14\/100\n|-damage|p1b: Flutter Mane|38\/100\n|move|p2a: Gholdengo|Thunderbolt|p1b: Flutter Mane\n|-damage|p1b: Flutter Mane|0 fnt\n|faint|p1b: Flutter Mane\n|-end|p1b: Flutter Mane|Protosynthesis|[silent]\n|move|p1a: Iron Hands|Wild Charge|p2b: Flutter Mane\n|-damage|p2b: Flutter Mane|18\/100\n|-damage|p1a: Iron Hands|3\/100|[from] Recoil\n|\n|upkeep\n|turn|6\n|\n|t:|1683817803\n|move|p2b: Flutter Mane|Dazzling Gleam|p1a: Iron Hands\n|-supereffective|p1a: Iron Hands\n|-damage|p1a: Iron Hands|0 fnt\n|faint|p1a: Iron Hands\n|-end|p1a: Iron Hands|Quark Drive|[silent]\n|\n|win|revocolombia\n|raw|Giljero's rating: 1370 → 1350<\/strong> (-20 for losing)\n|raw|revocolombia's rating: 1367 → 1387<\/strong> (+20 for winning)\n|l|\u2606Giljero\n","uploadtime":1683817810,"views":9,"p1id":"giljero","p2id":"revocolombia","formatid":"gen9vgc2023regulationc","rating":1350,"private":0,"password":""}