{"id":"gen9vgc2023regulationc-1859933290","p1":"KevinATL","p2":"AndrwApple","format":"[Gen 9] VGC 2023 Regulation C","log":"|j|\u2606KevinATL\n|j|\u2606AndrwApple\n|t:|1683577026\n|gametype|doubles\n|player|p1|KevinATL|266|\n|player|p2|AndrwApple|jasmine-masters2|\n|teamsize|p1|6\n|teamsize|p2|6\n|gen|9\n|tier|[Gen 9] VGC 2023 Regulation C\n|rule|Species Clause: Limit one of each Pok\u00e9mon\n|rule|Item Clause: Limit one of each item\n|clearpoke\n|poke|p1|Palafin, L50, F|\n|poke|p1|Scream Tail, L50|\n|poke|p1|Flutter Mane, L50|\n|poke|p1|Amoonguss, L50, M|\n|poke|p1|Arcanine, L50, F|\n|poke|p1|Gothitelle, L50, F|\n|poke|p2|Arcanine, L50, M|\n|poke|p2|Amoonguss, L50, F|\n|poke|p2|Garganacl, L50, F|\n|poke|p2|Palafin, L50, M|\n|poke|p2|Chien-Pao, L50|\n|poke|p2|Dragonite, L50, M|\n|teampreview|4\nKevinATL rejected open team sheets.\n|c|\u2606KevinATL|no esperamos\n|c|\u2606AndrwApple|?\n|c|\u2606KevinATL|depues mandamos\n|c|\u2606KevinATL|el rpe\n|c|\u2606KevinATL|la repe\n|c|\u2606AndrwApple|No digo, porque haces deny ots jajajaja\n|c|\u2606AndrwApple|Que est\u00e1n en el discord igual\n|c|\u2606KevinATL|a, la costumbre\n|c|\u2606KevinATL|ajsdkasjdksa\n|c|\u2606AndrwApple|Xdxdxd no te preocupes\n|c|\u2606KevinATL|va\n|c|\u2606KevinATL|vamos\n|\n|t:|1683577118\n|start\n|switch|p1a: INEEDAHERO|Palafin, L50, F|100\/100\n|switch|p1b: AAAAAAAAAAAA|Scream Tail, L50, shiny|100\/100\n|switch|p2a: Chien-Pao|Chien-Pao, L50|100\/100\n|switch|p2b: Palafin|Palafin, L50, M|100\/100\n|-ability|p2a: Chien-Pao|Sword of Ruin\n|-enditem|p1b: AAAAAAAAAAAA|Booster Energy\n|-activate|p1b: AAAAAAAAAAAA|ability: Protosynthesis|[fromitem]\n|-start|p1b: AAAAAAAAAAAA|protosynthesisspe\n|turn|1\n|\n|t:|1683577139\n|detailschange|p1a: INEEDAHERO|Palafin-Hero, L50, F\n|switch|p1a: GO BIRD|Gothitelle, L50, F|100\/100\n|detailschange|p2b: Palafin|Palafin-Hero, L50, M\n|switch|p2b: Menzart|Dragonite, L50, M|100\/100\n|move|p1b: AAAAAAAAAAAA|Protect|p1b: AAAAAAAAAAAA\n|-singleturn|p1b: AAAAAAAAAAAA|Protect\n|move|p2a: Chien-Pao|Throat Chop|p1b: AAAAAAAAAAAA\n|-activate|p1b: AAAAAAAAAAAA|move: Protect\n|\n|upkeep\n|turn|2\n|\n|t:|1683577157\n|-terastallize|p2a: Chien-Pao|Ghost\n|move|p1a: GO BIRD|Fake Out|p2a: Chien-Pao\n|-immune|p2a: Chien-Pao\n|move|p2b: Menzart|Extreme Speed|p1b: AAAAAAAAAAAA\n|-damage|p1b: AAAAAAAAAAAA|66\/100\n|move|p1b: AAAAAAAAAAAA|Perish Song|p1b: AAAAAAAAAAAA\n|-start|p1a: GO BIRD|perish3|[silent]\n|-start|p1b: AAAAAAAAAAAA|perish3|[silent]\n|-start|p2a: Chien-Pao|perish3|[silent]\n|-start|p2b: Menzart|perish3|[silent]\n|-fieldactivate|move: Perish Song\n|move|p2a: Chien-Pao|Throat Chop|p1b: AAAAAAAAAAAA\n|-damage|p1b: AAAAAAAAAAAA|29\/100\n|-start|p1b: AAAAAAAAAAAA|Throat Chop|[silent]\n|\n|-start|p1b: AAAAAAAAAAAA|perish3\n|-start|p2a: Chien-Pao|perish3\n|-start|p2b: Menzart|perish3\n|-start|p1a: GO BIRD|perish3\n|upkeep\n|turn|3\n|\n|t:|1683577225\n|move|p1b: AAAAAAAAAAAA|Protect|p1b: AAAAAAAAAAAA\n|-singleturn|p1b: AAAAAAAAAAAA|Protect\n|move|p2b: Menzart|Extreme Speed|p1b: AAAAAAAAAAAA\n|-activate|p1b: AAAAAAAAAAAA|move: Protect\n|move|p2a: Chien-Pao|Throat Chop|p1a: GO BIRD\n|-supereffective|p1a: GO BIRD\n|-damage|p1a: GO BIRD|0 fnt\n|faint|p1a: GO BIRD\n|\n|-end|p1b: AAAAAAAAAAAA|Throat Chop|[silent]\n|-start|p1b: AAAAAAAAAAAA|perish2\n|-start|p2a: Chien-Pao|perish2\n|-start|p2b: Menzart|perish2\n|upkeep\n|\n|t:|1683577246\n|switch|p1a: INEEDAHERO|Palafin-Hero, L50, F|100\/100\n|-activate|p1a: INEEDAHERO|ability: Zero to Hero\n|turn|4\n|\n|t:|1683577268\n|switch|p2a: Palafin|Palafin-Hero, L50, M|100\/100\n|-activate|p2a: Palafin|ability: Zero to Hero\n|switch|p2b: Arcanine|Arcanine, L50, M|100\/100\n|-ability|p2b: Arcanine|Intimidate|boost\n|-unboost|p1a: INEEDAHERO|atk|1\n|-unboost|p1b: AAAAAAAAAAAA|atk|1\n|-terastallize|p1a: INEEDAHERO|Water\n|move|p1a: INEEDAHERO|Jet Punch|p2a: Palafin\n|-resisted|p2a: Palafin\n|-damage|p2a: Palafin|82\/100\n|move|p1b: AAAAAAAAAAAA|Disable||[still]\n|-fail|p1b: AAAAAAAAAAAA\n|\n|-start|p1b: AAAAAAAAAAAA|perish1\n|upkeep\n|turn|5\n|\n|t:|1683577287\n|-end|p1b: AAAAAAAAAAAA|Protosynthesis|[silent]\n|switch|p1b: EEEEEEEEEEEE|Flutter Mane, L50|100\/100\n|switch|p2b: Menzart|Dragonite, L50, M|100\/100\n|move|p1a: INEEDAHERO|Jet Punch|p2b: Menzart\n|-resisted|p2b: Menzart\n|-damage|p2b: Menzart|89\/100\n|move|p2a: Palafin|Focus Energy|p2a: Palafin\n|-start|p2a: Palafin|move: Focus Energy\n|\n|upkeep\n|turn|6\n|\n|t:|1683577320\n|switch|p2b: Arcanine|Arcanine, L50, M|100\/100\n|-ability|p2b: Arcanine|Intimidate|boost\n|-unboost|p1a: INEEDAHERO|atk|1\n|-unboost|p1b: EEEEEEEEEEEE|atk|1\n|move|p2a: Palafin|Protect|p2a: Palafin\n|-singleturn|p2a: Palafin|Protect\n|move|p1a: INEEDAHERO|Jet Punch|p2b: Arcanine\n|-supereffective|p2b: Arcanine\n|-damage|p2b: Arcanine|38\/100\n|move|p1b: EEEEEEEEEEEE|Moonblast|p2b: Arcanine\n|-resisted|p2b: Arcanine\n|-damage|p2b: Arcanine|12\/100\n|-unboost|p2b: Arcanine|spa|1\n|\n|upkeep\n|turn|7\n|\n|t:|1683577340\n|switch|p1a: AAAAAAAAAAAA|Scream Tail, L50, shiny|29\/100\n|move|p2a: Palafin|Jet Punch|p1b: EEEEEEEEEEEE\n|-crit|p1b: EEEEEEEEEEEE\n|-enditem|p1b: EEEEEEEEEEEE|Focus Sash\n|-damage|p1b: EEEEEEEEEEEE|1\/100\n|move|p1b: EEEEEEEEEEEE|Shadow Ball|p2b: Arcanine\n|-damage|p2b: Arcanine|0 fnt\n|faint|p2b: Arcanine\n|\n|upkeep\n|\n|t:|1683577347\n|switch|p2b: Chien-Pao|Chien-Pao, L50, tera:Ghost|100\/100\n|-ability|p2b: Chien-Pao|Sword of Ruin\n|turn|8\n|\n|t:|1683577362\n|move|p1b: EEEEEEEEEEEE|Protect|p1b: EEEEEEEEEEEE\n|-singleturn|p1b: EEEEEEEEEEEE|Protect\n|move|p2a: Palafin|Jet Punch|p1b: EEEEEEEEEEEE\n|-activate|p1b: EEEEEEEEEEEE|move: Protect\n|move|p2b: Chien-Pao|Throat Chop|p1a: AAAAAAAAAAAA\n|-damage|p1a: AAAAAAAAAAAA|0 fnt\n|faint|p1a: AAAAAAAAAAAA\n|-end|p1a: AAAAAAAAAAAA|Protosynthesis|[silent]\n|\n|upkeep\n|\n|t:|1683577371\n|switch|p1a: INEEDAHERO|Palafin-Hero, L50, F, tera:Water|100\/100\n|turn|9\n|\n|t:|1683577388\n|move|p1b: EEEEEEEEEEEE|Protect|p1b: EEEEEEEEEEEE\n|-singleturn|p1b: EEEEEEEEEEEE|Protect\n|move|p2b: Chien-Pao|Sucker Punch||[still]\n|-fail|p2b: Chien-Pao\n|move|p1a: INEEDAHERO|Close Combat|p2a: Palafin\n|-damage|p2a: Palafin|15\/100\n|-unboost|p1a: INEEDAHERO|def|1\n|-unboost|p1a: INEEDAHERO|spd|1\n|move|p2a: Palafin|Wave Crash|p1a: INEEDAHERO\n|-resisted|p1a: INEEDAHERO\n|-crit|p1a: INEEDAHERO\n|-damage|p1a: INEEDAHERO|0 fnt\n|faint|p1a: INEEDAHERO\n|-damage|p2a: Palafin|0 fnt|[from] Recoil\n|faint|p2a: Palafin\n|\n|upkeep\n|\n|t:|1683577396\n|switch|p2a: Menzart|Dragonite, L50, M|89\/100\n|turn|10\n|c|\u2606KevinATL|naaaaaaaaaaaa\n|c|\u2606AndrwApple|ggs\n|c|\u2606KevinATL|0para una vez que sale el doble protect me focuseas al palafin\n|c|\u2606AndrwApple|Por cierto, es 100% crit\n|c|\u2606KevinATL|F\n|\n|t:|1683577436\n|move|p2a: Menzart|Extreme Speed|p2b: Chien-Pao\n|-immune|p2b: Chien-Pao\n|move|p2b: Chien-Pao|Ice Spinner|p1b: EEEEEEEEEEEE\n|-damage|p1b: EEEEEEEEEEEE|0 fnt\n|faint|p1b: EEEEEEEEEEEE\n|-end|p1b: EEEEEEEEEEEE|Protosynthesis|[silent]\n|\n|win|AndrwApple\n|l|\u2606KevinATL\n|l|\u2606AndrwApple\n|j|\u2606AndrwApple\n|player|p2|AndrwApple|jasmine-masters2\n","uploadtime":1683577455,"views":15,"p1id":"kevinatl","p2id":"andrwapple","formatid":"gen9vgc2023regulationc","rating":0,"private":0,"password":""}