{"id":"gen9vgc2023regulationc-1856217989","p1":"JumpluffGoodCopium","p2":"kuraieiyuu","format":"[Gen 9] VGC 2023 Regulation C","log":"|j|\u2606JumpluffGoodCopium\n|j|\u2606kuraieiyuu\n|t:|1683041777\n|gametype|doubles\n|player|p1|JumpluffGoodCopium|dawn-gen4pt|1156\n|player|p2|kuraieiyuu|alder|1106\n|teamsize|p1|6\n|teamsize|p2|6\n|gen|9\n|tier|[Gen 9] VGC 2023 Regulation C\n|rated|\n|rule|Species Clause: Limit one of each Pok\u00e9mon\n|rule|Item Clause: Limit one of each item\n|clearpoke\n|poke|p1|Jumpluff, L50, M|\n|poke|p1|Torkoal, L50, F|\n|poke|p1|Flutter Mane, L50|\n|poke|p1|Amoonguss, L50, F|\n|poke|p1|Garganacl, L50, F|\n|poke|p1|Chi-Yu, L50|\n|poke|p2|Flutter Mane, L50|\n|poke|p2|Ting-Lu, L50|\n|poke|p2|Dragonite, L50, M|\n|poke|p2|Arcanine, L50, F|\n|poke|p2|Iron Bundle, L50|\n|poke|p2|Gholdengo, L50|\n|teampreview|4\nJumpluffGoodCopium has agreed to open team sheets.\n|inactive|Battle timer is ON: inactive players will automatically lose when time's up. (requested by JumpluffGoodCopium)\nkuraieiyuu rejected open team sheets.\n|inactive|kuraieiyuu has 60 seconds left.\n|\n|t:|1683041844\n|start\n|switch|p1a: Jumpluff|Jumpluff, L50, M|100\/100\n|switch|p1b: Torkoal|Torkoal, L50, F|100\/100\n|switch|p2a: Santa 2.0|Iron Bundle, L50|100\/100\n|switch|p2b: Shisa|Arcanine, L50, F|100\/100\n|-ability|p2b: Shisa|Intimidate|boost\n|-unboost|p1a: Jumpluff|atk|1\n|-unboost|p1b: Torkoal|atk|1\n|-weather|SunnyDay|[from] ability: Drought|[of] p1b: Torkoal\n|-enditem|p2a: Santa 2.0|Booster Energy\n|-activate|p2a: Santa 2.0|ability: Quark Drive|[fromitem]\n|-start|p2a: Santa 2.0|quarkdrivespe\n|turn|1\n|\n|t:|1683041868\n|move|p2a: Santa 2.0|Icy Wind|p1a: Jumpluff|[spread] p1a,p1b\n|-supereffective|p1a: Jumpluff\n|-resisted|p1b: Torkoal\n|-damage|p1a: Jumpluff|28\/100\n|-damage|p1b: Torkoal|82\/100\n|-unboost|p1b: Torkoal|spe|1\n|move|p1a: Jumpluff|Tailwind|p1a: Jumpluff\n|-sidestart|p1: JumpluffGoodCopium|move: Tailwind\n|move|p2b: Shisa|Flare Blitz|p1a: Jumpluff\n|-supereffective|p1a: Jumpluff\n|-damage|p1a: Jumpluff|0 fnt\n|faint|p1a: Jumpluff\n|-damage|p2b: Shisa|92\/100|[from] Recoil\n|move|p1b: Torkoal|Eruption|p2a: Santa 2.0|[spread] p2a,p2b\n|-resisted|p2b: Shisa\n|-damage|p2a: Santa 2.0|0 fnt\n|-damage|p2b: Shisa|62\/100\n|faint|p2a: Santa 2.0\n|-end|p2a: Santa 2.0|Quark Drive|[silent]\n|\n|-weather|SunnyDay|[upkeep]\n|upkeep\n|\n|t:|1683041891\n|switch|p2a: Punch Bowl|Ting-Lu, L50|100\/100\n|switch|p1a: Flutter Mane|Flutter Mane, L50|100\/100\n|-activate|p1a: Flutter Mane|ability: Protosynthesis\n|-start|p1a: Flutter Mane|protosynthesisspa\n|-ability|p2a: Punch Bowl|Vessel of Ruin\n|turn|2\n|\n|t:|1683041910\n|-terastallize|p1a: Flutter Mane|Fairy\n|move|p2b: Shisa|Protect|p2b: Shisa\n|-singleturn|p2b: Shisa|Protect\n|move|p1a: Flutter Mane|Moonblast|p2a: Punch Bowl\n|-supereffective|p2a: Punch Bowl\n|-damage|p2a: Punch Bowl|39\/100\n|move|p1b: Torkoal|Eruption|p2a: Punch Bowl|[spread] p2a\n|-activate|p2b: Shisa|move: Protect\n|-damage|p2a: Punch Bowl|19\/100\n|move|p2a: Punch Bowl|Earthquake|p1b: Torkoal|[spread] p1a,p1b\n|-activate|p2b: Shisa|move: Protect\n|-supereffective|p1b: Torkoal\n|-damage|p1a: Flutter Mane|26\/100\n|-damage|p1b: Torkoal|21\/100\n|\n|-weather|SunnyDay|[upkeep]\n|upkeep\n|turn|3\n|inactive|kuraieiyuu has 30 seconds left.\n|inactive|kuraieiyuu has 20 seconds left.\n|inactive|kuraieiyuu has 15 seconds left.\n|\n|t:|1683041956\n|switch|p1b: Garganacl|Garganacl, L50, F|100\/100\n|switch|p2a: Shawn White|Gholdengo, L50|100\/100\n|move|p2b: Shisa|Extreme Speed|p1b: Garganacl\n|-resisted|p1b: Garganacl\n|-damage|p1b: Garganacl|95\/100\n|move|p1a: Flutter Mane|Moonblast|p2a: Shawn White\n|-resisted|p2a: Shawn White\n|-damage|p2a: Shawn White|53\/100\n|\n|-weather|SunnyDay|[upkeep]\n|-heal|p2a: Shawn White|59\/100|[from] item: Leftovers\n|-heal|p1b: Garganacl|100\/100|[from] item: Leftovers\n|upkeep\n|turn|4\n|\n|t:|1683041980\n|move|p2b: Shisa|Protect|p2b: Shisa\n|-singleturn|p2b: Shisa|Protect\n|move|p2a: Shawn White|Protect|p2a: Shawn White\n|-singleturn|p2a: Shawn White|Protect\n|move|p1a: Flutter Mane|Hex|p2a: Shawn White\n|-activate|p2a: Shawn White|move: Protect\n|move|p1b: Garganacl|Salt Cure|p2b: Shisa\n|-activate|p2b: Shisa|move: Protect\n|\n|-weather|SunnyDay|[upkeep]\n|-heal|p2a: Shawn White|65\/100|[from] item: Leftovers\n|-sideend|p1: JumpluffGoodCopium|move: Tailwind\n|upkeep\n|turn|5\n|inactive|kuraieiyuu has 30 seconds left.\n|\n|t:|1683042016\n|-terastallize|p2a: Shawn White|Steel\n|move|p2b: Shisa|Extreme Speed|p1a: Flutter Mane\n|-damage|p1a: Flutter Mane|0 fnt\n|faint|p1a: Flutter Mane\n|-end|p1a: Flutter Mane|Protosynthesis|[silent]\n|move|p2a: Shawn White|Make It Rain|p1b: Garganacl\n|-supereffective|p1b: Garganacl\n|-damage|p1b: Garganacl|0 fnt\n|-unboost|p2a: Shawn White|spa|1\n|faint|p1b: Garganacl\n|\n|-weather|none\n|-heal|p2a: Shawn White|72\/100|[from] item: Leftovers\n|upkeep\n|\n|t:|1683042026\n|switch|p1b: Torkoal|Torkoal, L50, F|21\/100\n|-weather|SunnyDay|[from] ability: Drought|[of] p1b: Torkoal\n|turn|6\n|\n|t:|1683042038\n|move|p2b: Shisa|Extreme Speed|p1b: Torkoal\n|-crit|p1b: Torkoal\n|-damage|p1b: Torkoal|0 fnt\n|faint|p1b: Torkoal\n|\n|win|kuraieiyuu\n|raw|JumpluffGoodCopium's rating: 1156 → 1127<\/strong> (-29 for losing)\n|raw|kuraieiyuu's rating: 1106 → 1135<\/strong> (+29 for winning)\n","uploadtime":1683042054,"views":3,"p1id":"jumpluffgoodcopium","p2id":"kuraieiyuu","formatid":"gen9vgc2023regulationc","rating":1127,"private":0,"password":""}