{"id":"gen9vgc2023regulationc-1857519726","p1":"Ahjin1","p2":"leoroop","format":"[Gen 9] VGC 2023 Regulation C","log":"|j|\u2606Ahjin1\n|j|\u2606leoroop\n|t:|1683204271\n|gametype|doubles\n|player|p1|Ahjin1|bugcatcher-gen4dp|1053\n|player|p2|leoroop|backpacker|1084\n|teamsize|p1|6\n|teamsize|p2|6\n|gen|9\n|tier|[Gen 9] VGC 2023 Regulation C\n|rated|\n|rule|Species Clause: Limit one of each Pok\u00e9mon\n|rule|Item Clause: Limit one of each item\n|clearpoke\n|poke|p1|Scizor, L50, F|\n|poke|p1|Dondozo, L50, F|\n|poke|p1|Tatsugiri, L50, F|\n|poke|p1|Annihilape, L50, F|\n|poke|p1|Flutter Mane, L50|\n|poke|p1|Pelipper, L50, F|\n|poke|p2|Gyarados, L50, F|\n|poke|p2|Amoonguss, L50, M|\n|poke|p2|Kingambit, L50, F|\n|poke|p2|Flutter Mane, L50|\n|poke|p2|Chi-Yu, L50|\n|poke|p2|Baxcalibur, L50, M|\n|teampreview|4\n|\n|t:|1683204312\n|start\n|switch|p1a: Annihilape|Annihilape, L50, F|100\/100\n|switch|p1b: Pelipper|Pelipper, L50, F|100\/100\n|switch|p2a: Flutter Mane|Flutter Mane, L50, shiny|100\/100\n|switch|p2b: Amoonguss|Amoonguss, L50, M|100\/100\n|-weather|RainDance|[from] ability: Drizzle|[of] p1b: Pelipper\n|-enditem|p2a: Flutter Mane|Booster Energy\n|-activate|p2a: Flutter Mane|ability: Protosynthesis|[fromitem]\n|-start|p2a: Flutter Mane|protosynthesisspe\n|turn|1\n|\n|t:|1683204347\n|-terastallize|p2a: Flutter Mane|Fairy\n|move|p1b: Pelipper|Protect|p1b: Pelipper\n|-singleturn|p1b: Pelipper|Protect\n|move|p2b: Amoonguss|Rage Powder|p2b: Amoonguss\n|-singleturn|p2b: Amoonguss|move: Rage Powder\n|move|p2a: Flutter Mane|Moonblast|p1b: Pelipper\n|-activate|p1b: Pelipper|move: Protect\n|move|p1a: Annihilape|Rage Fist|p2b: Amoonguss\n|-damage|p2b: Amoonguss|84\/100\n|\n|-weather|RainDance|[upkeep]\n|upkeep\n|turn|2\n|\n|t:|1683204378\n|switch|p1a: Dondozo|Dondozo, L50, F|100\/100\n|move|p2b: Amoonguss|Protect|p2b: Amoonguss\n|-singleturn|p2b: Amoonguss|Protect\n|move|p2a: Flutter Mane|Moonblast|p1b: Pelipper\n|-damage|p1b: Pelipper|19\/100\n|-unboost|p1b: Pelipper|spa|1\n|move|p1b: Pelipper|Hurricane|p2b: Amoonguss\n|-activate|p2b: Amoonguss|move: Protect\n|\n|-weather|RainDance|[upkeep]\n|upkeep\n|turn|3\n|\n|t:|1683204413\n|-end|p2a: Flutter Mane|Protosynthesis|[silent]\n|switch|p2a: Gyarados|Gyarados, L50, F|100\/100\n|-ability|p2a: Gyarados|Intimidate|boost\n|-unboost|p1a: Dondozo|atk|1\n|-unboost|p1b: Pelipper|atk|1\n|move|p1b: Pelipper|Hurricane|p2b: Amoonguss\n|-supereffective|p2b: Amoonguss\n|-damage|p2b: Amoonguss|5\/100\n|-start|p2b: Amoonguss|confusion\n|-enditem|p2b: Amoonguss|Sitrus Berry|[eat]\n|-heal|p2b: Amoonguss|30\/100|[from] item: Sitrus Berry\n|-damage|p1b: Pelipper|9\/100|[from] item: Life Orb\n|move|p1a: Dondozo|Wave Crash|p2a: Gyarados\n|-resisted|p2a: Gyarados\n|-damage|p2a: Gyarados|69\/100\n|-damage|p1a: Dondozo|92\/100|[from] Recoil\n|-activate|p2b: Amoonguss|confusion\n|move|p2b: Amoonguss|Spore|p1a: Dondozo\n|-status|p1a: Dondozo|slp|[from] move: Spore\n|\n|-weather|RainDance|[upkeep]\n|-heal|p1a: Dondozo|99\/100 slp|[from] item: Leftovers\n|upkeep\n|turn|4\n|\n|t:|1683204444\n|switch|p2b: Flutter Mane|Flutter Mane, L50, shiny, tera:Fairy|100\/100\n|cant|p1a: Dondozo|slp\n|move|p2a: Gyarados|Waterfall|p1b: Pelipper\n|-resisted|p1b: Pelipper\n|-damage|p1b: Pelipper|0 fnt\n|faint|p1b: Pelipper\n|\n|-weather|RainDance|[upkeep]\n|-heal|p1a: Dondozo|100\/100 slp|[from] item: Leftovers\n|upkeep\n|\n|t:|1683204460\n|switch|p1b: Annihilape|Annihilape, L50, F|100\/100\n|turn|5\n|\n|t:|1683204484\n|switch|p1a: Tatsugiri|Tatsugiri, L50, F|100\/100\n|move|p1b: Annihilape|Final Gambit|p2b: Flutter Mane\n|-damage|p2b: Flutter Mane|0 fnt\n|faint|p1b: Annihilape\n|faint|p2b: Flutter Mane\n|-end|p2b: Flutter Mane|Protosynthesis|[silent]\n|move|p2a: Gyarados|Thunder Wave|p1a: Tatsugiri\n|-status|p1a: Tatsugiri|par\n|\n|-weather|none\n|upkeep\n|\n|t:|1683204504\n|switch|p2b: Amoonguss|Amoonguss, L50, M|63\/100\n|switch|p1b: Dondozo|Dondozo, L50, F|100\/100 slp\n|-activate|p1a: Tatsugiri|ability: Commander|[of] p1b: Dondozo\n|-boost|p1b: Dondozo|atk|2\n|-boost|p1b: Dondozo|spa|2\n|-boost|p1b: Dondozo|spe|2\n|-boost|p1b: Dondozo|def|2\n|-boost|p1b: Dondozo|spd|2\n|turn|6\n|\n|t:|1683204528\n|switch|p2b: Chi-Yu|Chi-Yu, L50|100\/100\n|-ability|p2b: Chi-Yu|Beads of Ruin\n|move|p2a: Gyarados|Taunt|p1b: Dondozo\n|-start|p1b: Dondozo|move: Taunt\n|cant|p1b: Dondozo|slp\n|\n|upkeep\n|turn|7\n|\n|t:|1683204543\n|switch|p2a: Amoonguss|Amoonguss, L50, M|96\/100\n|move|p2b: Chi-Yu|Dark Pulse|p1b: Dondozo\n|-damage|p1b: Dondozo|71\/100 slp\n|-curestatus|p1b: Dondozo|slp|[msg]\n|move|p1b: Dondozo|Earthquake|p2a: Amoonguss|[spread] p2a,p2b\n|-miss|p1b: Dondozo|p1a: Tatsugiri\n|-supereffective|p2b: Chi-Yu\n|-crit|p2b: Chi-Yu\n|-damage|p2a: Amoonguss|58\/100\n|-damage|p2b: Chi-Yu|0 fnt\n|faint|p2b: Chi-Yu\n|\n|-heal|p1b: Dondozo|77\/100|[from] item: Leftovers\n|upkeep\n|\n|t:|1683204556\n|switch|p2b: Gyarados|Gyarados, L50, F|69\/100\n|-ability|p2b: Gyarados|Intimidate|boost\n|-unboost|p1a: Tatsugiri|atk|1\n|-unboost|p1b: Dondozo|atk|1\n|turn|8\n|\n|t:|1683204572\n|-terastallize|p1b: Dondozo|Dragon\n|move|p2a: Amoonguss|Protect|p2a: Amoonguss\n|-singleturn|p2a: Amoonguss|Protect\n|move|p2b: Gyarados|Thunder Wave|p1b: Dondozo\n|-status|p1b: Dondozo|par\n|move|p1b: Dondozo|Earthquake|p2b: Gyarados|[spread] \n|-miss|p1b: Dondozo|p1a: Tatsugiri\n|-activate|p2a: Amoonguss|move: Protect\n|-immune|p2b: Gyarados\n|\n|-heal|p1b: Dondozo|83\/100 par|[from] item: Leftovers\n|-end|p1b: Dondozo|move: Taunt\n|upkeep\n|turn|9\n|\n|t:|1683204597\n|move|p2b: Gyarados|Waterfall|p1b: Dondozo\n|-resisted|p1b: Dondozo\n|-damage|p1b: Dondozo|78\/100 par\n|cant|p1b: Dondozo|par\n|move|p2a: Amoonguss|Pollen Puff|p1b: Dondozo\n|-damage|p1b: Dondozo|69\/100 par\n|\n|-heal|p1b: Dondozo|75\/100 par|[from] item: Leftovers\n|upkeep\n|turn|10\n|\n|t:|1683204610\n|move|p2b: Gyarados|Waterfall|p1b: Dondozo\n|-resisted|p1b: Dondozo\n|-damage|p1b: Dondozo|69\/100 par\n|cant|p1b: Dondozo|flinch\n|move|p2a: Amoonguss|Pollen Puff|p1b: Dondozo\n|-damage|p1b: Dondozo|60\/100 par\n|\n|-heal|p1b: Dondozo|66\/100 par|[from] item: Leftovers\n|upkeep\n|turn|11\n|\n|t:|1683204626\n|move|p2b: Gyarados|Waterfall|p1b: Dondozo\n|-resisted|p1b: Dondozo\n|-damage|p1b: Dondozo|60\/100 par\n|cant|p1b: Dondozo|par\n|move|p2a: Amoonguss|Pollen Puff|p1b: Dondozo\n|-damage|p1b: Dondozo|50\/100 par\n|\n|-heal|p1b: Dondozo|57\/100 par|[from] item: Leftovers\n|upkeep\n|turn|12\n|\n|t:|1683204639\n|move|p1b: Dondozo|Protect|p1b: Dondozo\n|-singleturn|p1b: Dondozo|Protect\n|move|p2b: Gyarados|Waterfall|p1b: Dondozo\n|-activate|p1b: Dondozo|move: Protect\n|move|p2a: Amoonguss|Pollen Puff|p1b: Dondozo\n|-activate|p1b: Dondozo|move: Protect\n|\n|-heal|p1b: Dondozo|63\/100 par|[from] item: Leftovers\n|upkeep\n|turn|13\n|\n|t:|1683204654\n|move|p2b: Gyarados|Waterfall|p1b: Dondozo\n|-resisted|p1b: Dondozo\n|-damage|p1b: Dondozo|57\/100 par\n|move|p1b: Dondozo|Earthquake|p2a: Amoonguss|[spread] p2a\n|-miss|p1b: Dondozo|p1a: Tatsugiri\n|-immune|p2b: Gyarados\n|-damage|p2a: Amoonguss|29\/100\n|move|p2a: Amoonguss|Pollen Puff|p1b: Dondozo\n|-damage|p1b: Dondozo|48\/100 par\n|\n|-heal|p1b: Dondozo|54\/100 par|[from] item: Leftovers\n|upkeep\n|turn|14\n|\n|t:|1683204676\n|move|p1b: Dondozo|Protect|p1b: Dondozo\n|-singleturn|p1b: Dondozo|Protect\n|move|p2a: Amoonguss|Protect|p2a: Amoonguss\n|-singleturn|p2a: Amoonguss|Protect\n|move|p2b: Gyarados|Taunt|p1b: Dondozo\n|-activate|p1b: Dondozo|move: Protect\n|\n|-heal|p1b: Dondozo|60\/100 par|[from] item: Leftovers\n|upkeep\n|turn|15\n|\n|t:|1683204691\n|move|p2b: Gyarados|Waterfall|p1b: Dondozo\n|-resisted|p1b: Dondozo\n|-damage|p1b: Dondozo|55\/100 par\n|move|p1b: Dondozo|Earthquake|p2b: Gyarados|[spread] p2a\n|-miss|p1b: Dondozo|p1a: Tatsugiri\n|-immune|p2b: Gyarados\n|-damage|p2a: Amoonguss|0 fnt\n|faint|p2a: Amoonguss\n|\n|-heal|p1b: Dondozo|61\/100 par|[from] item: Leftovers\n|upkeep\n|turn|16\n|\n|t:|1683204708\n|move|p1b: Dondozo|Protect|p1b: Dondozo\n|-singleturn|p1b: Dondozo|Protect\n|move|p2b: Gyarados|Taunt|p1b: Dondozo\n|-activate|p1b: Dondozo|move: Protect\n|\n|-heal|p1b: Dondozo|67\/100 par|[from] item: Leftovers\n|upkeep\n|turn|17\n|-message|leoroop forfeited.\n|\n|win|Ahjin1\n|raw|Ahjin1's rating: 1053 → 1088<\/strong> (+35 for winning)\n|raw|leoroop's rating: 1084 → 1059<\/strong> (-25 for losing)\n|l|\u2606leoroop\n|j|\u2606leoroop\n|player|p2|leoroop|backpacker\n","uploadtime":1683204718,"views":5,"p1id":"ahjin1","p2id":"leoroop","formatid":"gen9vgc2023regulationc","rating":1059,"private":0,"password":""}