{"id":"gen9vgc2023regulationc-1853383981","p1":"tp0077","p2":"gorilnx","format":"[Gen 9] VGC 2023 Regulation C","log":"|j|\u2606tp0077\n|j|\u2606gorilnx\n|t:|1682677932\n|gametype|doubles\n|player|p1|tp0077|swimmer-gen4|1188\n|player|p2|gorilnx|dawn-gen4pt|1140\n|teamsize|p1|6\n|teamsize|p2|6\n|gen|9\n|tier|[Gen 9] VGC 2023 Regulation C\n|rated|\n|rule|Species Clause: Limit one of each Pok\u00e9mon\n|rule|Item Clause: Limit one of each item\n|clearpoke\n|poke|p1|Abomasnow, L50, F|\n|poke|p1|Iron Bundle, L50|\n|poke|p1|Arcanine, L50, F|\n|poke|p1|Magnezone, L50|\n|poke|p1|Scizor, L50, F|\n|poke|p1|Pelipper, L50, F|\n|poke|p2|Palafin, L50, F|\n|poke|p2|Amoonguss, L50, M|\n|poke|p2|Flutter Mane, L50|\n|poke|p2|Arcanine, L50, F|\n|poke|p2|Ting-Lu, L50|\n|poke|p2|Baxcalibur, L50, M|\n|teampreview|4\n|inactive|Battle timer is ON: inactive players will automatically lose when time's up. (requested by gorilnx)\ntp0077 rejected open team sheets.\n|inactive|gorilnx has 60 seconds left.\n|\n|t:|1682677967\n|start\n|switch|p1a: Abomasnow|Abomasnow, L50, F|100\/100\n|switch|p1b: Iron Bundle|Iron Bundle, L50|100\/100\n|switch|p2a: Flutter Mane|Flutter Mane, L50|100\/100\n|switch|p2b: Amoonguss|Amoonguss, L50, M|100\/100\n|-weather|Snow|[from] ability: Snow Warning|[of] p1a: Abomasnow\n|-enditem|p2a: Flutter Mane|Booster Energy\n|-activate|p2a: Flutter Mane|ability: Protosynthesis|[fromitem]\n|-start|p2a: Flutter Mane|protosynthesisspe\n|turn|1\n|\n|t:|1682677987\n|move|p2a: Flutter Mane|Moonblast|p1b: Iron Bundle\n|-damage|p1b: Iron Bundle|0 fnt\n|faint|p1b: Iron Bundle\n|-end|p1b: Iron Bundle|Quark Drive|[silent]\n|move|p1a: Abomasnow|Blizzard|p2b: Amoonguss|[spread] p2a,p2b\n|-supereffective|p2b: Amoonguss\n|-damage|p2a: Flutter Mane|63\/100\n|-damage|p2b: Amoonguss|40\/100\n|-enditem|p2b: Amoonguss|Sitrus Berry|[eat]\n|-heal|p2b: Amoonguss|65\/100|[from] item: Sitrus Berry\n|move|p2b: Amoonguss|Spore|p1a: Abomasnow\n|-immune|p1a: Abomasnow\n|\n|-weather|Snow|[upkeep]\n|upkeep\n|\n|t:|1682677997\n|switch|p1b: Scizor|Scizor, L50, F|100\/100\n|turn|2\n|\n|t:|1682678007\n|move|p2a: Flutter Mane|Protect|p2a: Flutter Mane\n|-singleturn|p2a: Flutter Mane|Protect\n|move|p1b: Scizor|Bullet Punch|p2a: Flutter Mane\n|-activate|p2a: Flutter Mane|move: Protect\n|move|p1a: Abomasnow|Blizzard|p2b: Amoonguss|[spread] p2b\n|-activate|p2a: Flutter Mane|move: Protect\n|-supereffective|p2b: Amoonguss\n|-damage|p2b: Amoonguss|0 fnt\n|faint|p2b: Amoonguss\n|\n|-weather|Snow|[upkeep]\n|upkeep\n|\n|t:|1682678021\n|switch|p2b: Baxcalibur|Baxcalibur, L50, M|100\/100\n|turn|3\n|\n|t:|1682678038\n|move|p2a: Flutter Mane|Protect||[still]\n|-fail|p2a: Flutter Mane\n|move|p1b: Scizor|Bullet Punch|p2a: Flutter Mane\n|-supereffective|p2a: Flutter Mane\n|-damage|p2a: Flutter Mane|0 fnt\n|faint|p2a: Flutter Mane\n|-end|p2a: Flutter Mane|Protosynthesis|[silent]\n|move|p2b: Baxcalibur|Icicle Spear|p1a: Abomasnow\n|-damage|p1a: Abomasnow|88\/100\n|-damage|p1a: Abomasnow|76\/100\n|-damage|p1a: Abomasnow|63\/100\n|-damage|p1a: Abomasnow|51\/100\n|-damage|p1a: Abomasnow|40\/100\n|-hitcount|p1a: Abomasnow|5\n|move|p1a: Abomasnow|Aurora Veil|p1a: Abomasnow\n|-sidestart|p1: tp0077|move: Aurora Veil\n|\n|-weather|Snow|[upkeep]\n|upkeep\n|\n|t:|1682678054\n|switch|p2a: Ting-Lu|Ting-Lu, L50|100\/100\n|-ability|p2a: Ting-Lu|Vessel of Ruin\n|turn|4\n|\n|t:|1682678062\n|move|p2b: Baxcalibur|Protect|p2b: Baxcalibur\n|-singleturn|p2b: Baxcalibur|Protect\n|move|p1b: Scizor|Pounce|p2a: Ting-Lu\n|-supereffective|p2a: Ting-Lu\n|-damage|p2a: Ting-Lu|37\/100\n|-unboost|p2a: Ting-Lu|spe|1\n|move|p1a: Abomasnow|Blizzard|p2a: Ting-Lu|[spread] p2a\n|-activate|p2b: Baxcalibur|move: Protect\n|-supereffective|p2a: Ting-Lu\n|-damage|p2a: Ting-Lu|14\/100\n|move|p2a: Ting-Lu|Fissure|p1b: Scizor\n|-damage|p1b: Scizor|0 fnt\n|faint|p1b: Scizor\n|-ohko\n|\n|-weather|Snow|[upkeep]\n|upkeep\n|\n|t:|1682678074\n|switch|p1b: Magnezone|Magnezone, L50|100\/100\n|turn|5\n|\n|t:|1682678084\n|move|p2b: Baxcalibur|Icicle Spear|p1a: Abomasnow\n|-damage|p1a: Abomasnow|31\/100\n|-damage|p1a: Abomasnow|22\/100\n|-damage|p1a: Abomasnow|14\/100\n|-damage|p1a: Abomasnow|6\/100\n|-damage|p1a: Abomasnow|0 fnt\n|faint|p1a: Abomasnow\n|-hitcount|p1: Abomasnow|5\n|move|p1b: Magnezone|Flash Cannon|p2b: Baxcalibur\n|-supereffective|p2b: Baxcalibur\n|-damage|p2b: Baxcalibur|37\/100\n|move|p2a: Ting-Lu|Stomping Tantrum|p1b: Magnezone\n|-supereffective|p1b: Magnezone\n|-damage|p1b: Magnezone|17\/100\n|\n|-weather|Snow|[upkeep]\n|upkeep\n|turn|6\n|\n|t:|1682678102\n|-terastallize|p2b: Baxcalibur|Dragon\n|-terastallize|p1b: Magnezone|Flying\n|move|p2b: Baxcalibur|Icicle Spear|p1b: Magnezone\n|-supereffective|p1b: Magnezone\n|-damage|p1b: Magnezone|0 fnt\n|faint|p1b: Magnezone\n|-hitcount|p1: Magnezone|1\n|\n|win|gorilnx\n|raw|tp0077's rating: 1188 → 1160<\/strong> (-28 for losing)\n|raw|gorilnx's rating: 1140 → 1168<\/strong> (+28 for winning)\n|l|\u2606tp0077\n","uploadtime":1682678112,"views":9,"p1id":"tp0077","p2id":"gorilnx","formatid":"gen9vgc2023regulationc","rating":1160,"private":0,"password":""}