{"id":"gen9vgc2023regulationc-1856319571","p1":"Trullisimo","p2":"foxnrw","format":"[Gen 9] VGC 2023 Regulation C","log":"|j|\u2606Trullisimo\n|j|\u2606foxnrw\n|t:|1683050530\n|gametype|doubles\n|player|p1|Trullisimo|169|1422\n|player|p2|foxnrw|266|1422\n|teamsize|p1|6\n|teamsize|p2|6\n|gen|9\n|tier|[Gen 9] VGC 2023 Regulation C\n|rated|\n|rule|Species Clause: Limit one of each Pok\u00e9mon\n|rule|Item Clause: Limit one of each item\n|clearpoke\n|poke|p1|Glimmora, L50, M|\n|poke|p1|Dragonite, L50, M|\n|poke|p1|Dondozo, L50, M|\n|poke|p1|Tatsugiri, L50, F|\n|poke|p1|Chi-Yu, L50|\n|poke|p1|Iron Bundle, L50|\n|poke|p2|Abomasnow, L50, F|\n|poke|p2|Iron Bundle, L50|\n|poke|p2|Chi-Yu, L50|\n|poke|p2|Flutter Mane, L50|\n|poke|p2|Vivillon-Icy Snow, L50, M|\n|poke|p2|Scizor, L50, M|\n|teampreview|4\n|inactive|Battle timer is ON: inactive players will automatically lose when time's up. (requested by Trullisimo)\nTrullisimo has agreed to open team sheets.\n|inactive|foxnrw has 60 seconds left.\n|\n|t:|1683050582\n|start\n|switch|p1a: Chi-Yu|Chi-Yu, L50|100\/100\n|switch|p1b: Iron Bundle|Iron Bundle, L50, shiny|100\/100\n|switch|p2a: Scizor|Scizor, L50, M|100\/100\n|switch|p2b: Iron Bundle|Iron Bundle, L50, shiny|100\/100\n|-ability|p1a: Chi-Yu|Beads of Ruin\n|-enditem|p1b: Iron Bundle|Booster Energy\n|-activate|p1b: Iron Bundle|ability: Quark Drive|[fromitem]\n|-start|p1b: Iron Bundle|quarkdrivespe\n|-enditem|p2b: Iron Bundle|Booster Energy\n|-activate|p2b: Iron Bundle|ability: Quark Drive|[fromitem]\n|-start|p2b: Iron Bundle|quarkdrivespe\n|turn|1\n|inactive|Trullisimo has 30 seconds left.\n|inactive|foxnrw has 30 seconds left.\n|inactive|foxnrw has 20 seconds left.\n|inactive|foxnrw has 15 seconds left.\n|inactive|foxnrw has 10 seconds left.\n|inactive|foxnrw has 5 seconds left.\n|\n|t:|1683050636\n|switch|p2a: Flutter Mane|Flutter Mane, L50|100\/100\n|move|p1b: Iron Bundle|Freeze-Dry|p2a: Flutter Mane\n|-damage|p2a: Flutter Mane|56\/100\n|move|p2b: Iron Bundle|Hydro Pump|p1a: Chi-Yu\n|-supereffective|p1a: Chi-Yu\n|-enditem|p1a: Chi-Yu|Focus Sash\n|-damage|p1a: Chi-Yu|1\/100\n|move|p1a: Chi-Yu|Heat Wave|p2a: Flutter Mane|[spread] p2a,p2b\n|-damage|p2a: Flutter Mane|6\/100\n|-damage|p2b: Iron Bundle|21\/100\n|\n|upkeep\n|turn|2\n|inactive|foxnrw has 30 seconds left.\n|inactive|foxnrw has 20 seconds left.\n|inactive|foxnrw has 15 seconds left.\n|\n|t:|1683050679\n|move|p2b: Iron Bundle|Protect|p2b: Iron Bundle\n|-singleturn|p2b: Iron Bundle|Protect\n|move|p1b: Iron Bundle|Icy Wind|p2a: Flutter Mane|[spread] p2a\n|-activate|p2b: Iron Bundle|move: Protect\n|-damage|p2a: Flutter Mane|0 fnt\n|faint|p2a: Flutter Mane\n|-end|p2a: Flutter Mane|Protosynthesis|[silent]\n|move|p1a: Chi-Yu|Heat Wave|p2b: Iron Bundle\n|-activate|p2b: Iron Bundle|move: Protect\n|\n|upkeep\n|\n|t:|1683050688\n|switch|p2a: Abomasnow|Abomasnow, L50, F, shiny|100\/100\n|-weather|Snow|[from] ability: Snow Warning|[of] p2a: Abomasnow\n|turn|3\n|\n|t:|1683050711\n|-terastallize|p2a: Abomasnow|Water\n|move|p1b: Iron Bundle|Freeze-Dry|p2b: Iron Bundle\n|-damage|p2b: Iron Bundle|0 fnt\n|faint|p2b: Iron Bundle\n|-end|p2b: Iron Bundle|Quark Drive|[silent]\n|move|p1a: Chi-Yu|Overheat|p2a: Abomasnow\n|-resisted|p2a: Abomasnow\n|-damage|p2a: Abomasnow|55\/100\n|-unboost|p1a: Chi-Yu|spa|2\n|move|p2a: Abomasnow|Energy Ball|p1b: Iron Bundle\n|-supereffective|p1b: Iron Bundle\n|-damage|p1b: Iron Bundle|0 fnt\n|faint|p1b: Iron Bundle\n|-end|p1b: Iron Bundle|Quark Drive|[silent]\n|-damage|p2a: Abomasnow|46\/100|[from] item: Life Orb\n|\n|-weather|Snow|[upkeep]\n|upkeep\n|\n|t:|1683050725\n|switch|p1b: Dondozo|Dondozo, L50, M|100\/100\n|switch|p2b: Scizor|Scizor, L50, M|100\/100\n|turn|4\n|\n|t:|1683050746\n|switch|p1a: Tatsugiri|Tatsugiri, L50, F|100\/100\n|-activate|p1a: Tatsugiri|ability: Commander|[of] p1b: Dondozo\n|-boost|p1b: Dondozo|atk|2\n|-boost|p1b: Dondozo|spa|2\n|-boost|p1b: Dondozo|spe|2\n|-boost|p1b: Dondozo|def|2\n|-boost|p1b: Dondozo|spd|2\n|move|p2b: Scizor|Bullet Punch|p1a: Tatsugiri|[miss]\n|-miss|p2b: Scizor|p1a: Tatsugiri\n|move|p1b: Dondozo|Wave Crash|p2b: Scizor\n|-damage|p2b: Scizor|0 fnt\n|faint|p2b: Scizor\n|-damage|p1b: Dondozo|75\/100|[from] Recoil\n|move|p2a: Abomasnow|Energy Ball|p1b: Dondozo\n|-supereffective|p1b: Dondozo\n|-damage|p1b: Dondozo|25\/100\n|-damage|p2a: Abomasnow|36\/100|[from] item: Life Orb\n|\n|-weather|Snow|[upkeep]\n|-heal|p1b: Dondozo|31\/100|[from] item: Leftovers\n|upkeep\n|turn|5\n|\n|t:|1683050765\n|-terastallize|p1b: Dondozo|Grass\n|move|p1b: Dondozo|Tera Blast|p2a: Abomasnow\n|-supereffective|p2a: Abomasnow\n|-damage|p2a: Abomasnow|0 fnt\n|faint|p2a: Abomasnow\n|\n|win|Trullisimo\n|raw|Trullisimo's rating: 1422 → 1442<\/strong> (+20 for winning)\n|raw|foxnrw's rating: 1422 → 1402<\/strong> (-20 for losing)\n|l|\u2606foxnrw\n","uploadtime":1683050775,"views":11,"p1id":"trullisimo","p2id":"foxnrw","formatid":"gen9vgc2023regulationc","rating":1402,"private":0,"password":""}