{"id":"gen9vgc2023regulationc-1853096666","p1":"Cyruno","p2":"TeirusuVGC","format":"[Gen 9] VGC 2023 Regulation C","log":"|j|\u2606Cyruno\n|j|\u2606TeirusuVGC\n|t:|1682634698\n|gametype|doubles\n|player|p1|Cyruno|blue|1176\n|player|p2|TeirusuVGC|ethan|1157\n|teamsize|p1|6\n|teamsize|p2|6\n|gen|9\n|tier|[Gen 9] VGC 2023 Regulation C\n|rated|\n|rule|Species Clause: Limit one of each Pok\u00e9mon\n|rule|Item Clause: Limit one of each item\n|clearpoke\n|poke|p1|Scizor, L50, M|\n|poke|p1|Flutter Mane, L50|\n|poke|p1|Chien-Pao, L50|\n|poke|p1|Arcanine, L50, M|\n|poke|p1|Azumarill, L50, F|\n|poke|p1|Amoonguss, L50, F|\n|poke|p2|Palafin, L50, M|\n|poke|p2|Flutter Mane, L50|\n|poke|p2|Arcanine, L50, M|\n|poke|p2|Amoonguss, L50, M|\n|poke|p2|Ting-Lu, L50|\n|poke|p2|Roaring Moon, L50|\n|teampreview|4\n|\n|t:|1682634739\n|start\n|switch|p1a: Lola|Azumarill, L50, F, shiny|100\/100\n|switch|p1b: Scissors|Scizor, L50, M|100\/100\n|switch|p2a: Palafin|Palafin, L50, M|100\/100\n|switch|p2b: Arcanine|Arcanine, L50, M|100\/100\n|-ability|p2b: Arcanine|Intimidate|boost\n|-unboost|p1a: Lola|atk|1\n|-fail|p1b: Scissors|unboost|[from] item: Clear Amulet|[of] p1b: Scissors\n|turn|1\n|\n|t:|1682634760\n|detailschange|p2a: Palafin|Palafin-Hero, L50, M\n|switch|p2a: Amoonguss|Amoonguss, L50, M|100\/100\n|move|p2b: Arcanine|Protect|p2b: Arcanine\n|-singleturn|p2b: Arcanine|Protect\n|move|p1b: Scissors|U-turn|p2a: Amoonguss\n|-damage|p2a: Amoonguss|59\/100\n|\n|t:|1682634769\n|switch|p1b: Ice Weasel|Chien-Pao, L50|100\/100|[from] U-turn\n|-ability|p1b: Ice Weasel|Sword of Ruin\n|move|p1a: Lola|Liquidation|p2b: Arcanine\n|-activate|p2b: Arcanine|move: Protect\n|\n|upkeep\n|turn|2\n|\n|t:|1682634792\n|-terastallize|p2a: Amoonguss|Water\n|move|p2a: Amoonguss|Rage Powder|p2a: Amoonguss\n|-singleturn|p2a: Amoonguss|move: Rage Powder\n|move|p1b: Ice Weasel|Ice Spinner|p2a: Amoonguss\n|-resisted|p2a: Amoonguss\n|-damage|p2a: Amoonguss|30\/100\n|-enditem|p2a: Amoonguss|Sitrus Berry|[eat]\n|-heal|p2a: Amoonguss|55\/100|[from] item: Sitrus Berry\n|move|p2b: Arcanine|Will-O-Wisp|p1b: Ice Weasel\n|-status|p1b: Ice Weasel|brn\n|move|p1a: Lola|Play Rough|p2a: Amoonguss\n|-damage|p2a: Amoonguss|1\/100\n|\n|-damage|p1b: Ice Weasel|95\/100 brn|[from] brn\n|upkeep\n|turn|3\n|\n|t:|1682634822\n|-terastallize|p1a: Lola|Water\n|move|p2a: Amoonguss|Protect|p2a: Amoonguss\n|-singleturn|p2a: Amoonguss|Protect\n|move|p1b: Ice Weasel|Sacred Sword|p2a: Amoonguss\n|-activate|p2a: Amoonguss|move: Protect\n|move|p2b: Arcanine|Will-O-Wisp|p1a: Lola\n|-status|p1a: Lola|brn\n|move|p1a: Lola|Liquidation|p2b: Arcanine\n|-supereffective|p2b: Arcanine\n|-damage|p2b: Arcanine|36\/100\n|\n|-damage|p1b: Ice Weasel|89\/100 brn|[from] brn\n|-damage|p1a: Lola|95\/100 brn|[from] brn\n|upkeep\n|turn|4\n|\n|t:|1682634893\n|switch|p1b: Scissors|Scizor, L50, M|100\/100\n|switch|p2b: Palafin|Palafin-Hero, L50, M|100\/100\n|-activate|p2b: Palafin|ability: Zero to Hero\n|move|p2a: Amoonguss|Rage Powder|p2a: Amoonguss\n|-singleturn|p2a: Amoonguss|move: Rage Powder\n|move|p1a: Lola|Liquidation|p2a: Amoonguss\n|-resisted|p2a: Amoonguss\n|-damage|p2a: Amoonguss|0 fnt\n|faint|p2a: Amoonguss\n|\n|-damage|p1a: Lola|89\/100 brn|[from] brn\n|upkeep\n|\n|t:|1682634917\n|switch|p2a: Flutter Mane|Flutter Mane, L50|100\/100\n|turn|5\n|\n|t:|1682634928\n|switch|p1a: Ice Weasel|Chien-Pao, L50|89\/100 brn\n|-ability|p1a: Ice Weasel|Sword of Ruin\n|move|p1b: Scissors|Protect|p1b: Scissors\n|-singleturn|p1b: Scissors|Protect\n|move|p2a: Flutter Mane|Dazzling Gleam|p1a: Ice Weasel|[spread] p1a\n|-activate|p1b: Scissors|move: Protect\n|-supereffective|p1a: Ice Weasel\n|-damage|p1a: Ice Weasel|0 fnt\n|faint|p1a: Ice Weasel\n|move|p2b: Palafin|Wave Crash|p1b: Scissors\n|-activate|p1b: Scissors|move: Protect\n|\n|upkeep\n|\n|t:|1682634941\n|switch|p1a: Lola|Azumarill, L50, F, shiny, tera:Water|89\/100 brn\n|turn|6\n|\n|t:|1682634950\n|move|p1b: Scissors|Bullet Punch|p2a: Flutter Mane\n|-supereffective|p2a: Flutter Mane\n|-damage|p2a: Flutter Mane|0 fnt\n|faint|p2a: Flutter Mane\n|-end|p2a: Flutter Mane|Protosynthesis|[silent]\n|move|p2b: Palafin|Wave Crash|p1b: Scissors\n|-damage|p1b: Scissors|14\/100\n|-damage|p2b: Palafin|72\/100|[from] Recoil\n|move|p1a: Lola|Play Rough|p2b: Palafin\n|-damage|p2b: Palafin|39\/100\n|\n|-damage|p1a: Lola|83\/100 brn|[from] brn\n|upkeep\n|\n|t:|1682634962\n|switch|p2a: Arcanine|Arcanine, L50, M|36\/100\n|-ability|p2a: Arcanine|Intimidate|boost\n|-unboost|p1a: Lola|atk|1\n|-fail|p1b: Scissors|unboost|[from] item: Clear Amulet|[of] p1b: Scissors\n|turn|7\n|\n|t:|1682634973\n|move|p2a: Arcanine|Protect|p2a: Arcanine\n|-singleturn|p2a: Arcanine|Protect\n|move|p1b: Scissors|Protect|p1b: Scissors\n|-singleturn|p1b: Scissors|Protect\n|move|p2b: Palafin|Jet Punch|p1b: Scissors\n|-activate|p1b: Scissors|move: Protect\n|move|p1a: Lola|Liquidation|p2a: Arcanine\n|-activate|p2a: Arcanine|move: Protect\n|\n|-damage|p1a: Lola|77\/100 brn|[from] brn\n|upkeep\n|turn|8\n|\n|t:|1682634989\n|move|p2a: Arcanine|Extreme Speed|p1b: Scissors\n|-resisted|p1b: Scissors\n|-damage|p1b: Scissors|4\/100\n|move|p2b: Palafin|Wave Crash|p1a: Lola\n|-resisted|p1a: Lola\n|-damage|p1a: Lola|35\/100 brn\n|-damage|p2b: Palafin|23\/100|[from] Recoil\n|move|p1b: Scissors|U-turn|p2b: Palafin\n|-damage|p2b: Palafin|0 fnt\n|faint|p2b: Palafin\n|\n|t:|1682634999\n|switch|p1b: Misdreavus v2|Flutter Mane, L50|100\/100|[from] U-turn\n|-enditem|p1b: Misdreavus v2|Booster Energy\n|-activate|p1b: Misdreavus v2|ability: Protosynthesis|[fromitem]\n|-start|p1b: Misdreavus v2|protosynthesisspa\n|move|p1a: Lola|Liquidation|p2a: Arcanine\n|-supereffective|p2a: Arcanine\n|-damage|p2a: Arcanine|0 fnt\n|faint|p2a: Arcanine\n|\n|win|Cyruno\n|raw|Cyruno's rating: 1176 → 1200<\/strong> (+24 for winning)\n|raw|TeirusuVGC's rating: 1157 → 1133<\/strong> (-24 for losing)\n|l|\u2606TeirusuVGC\n","uploadtime":1682635038,"views":15,"p1id":"cyruno","p2id":"teirusuvgc","formatid":"gen9vgc2023regulationc","rating":1133,"private":0,"password":""}