{"id":"gen9vgc2023regulationc-1851794353","p1":"Snakeazkusa","p2":"anshar_training","format":"[Gen 9] VGC 2023 Regulation C","log":"|j|\u2606Snakeazkusa\n|j|\u2606anshar_training\n|t:|1682484857\n|gametype|doubles\n|player|p1|Snakeazkusa|plasmagrunt|1110\n|player|p2|anshar_training|pokemaniac|1109\n|teamsize|p1|6\n|teamsize|p2|6\n|gen|9\n|tier|[Gen 9] VGC 2023 Regulation C\n|rated|\n|rule|Species Clause: Limit one of each Pok\u00e9mon\n|rule|Item Clause: Limit one of each item\n|clearpoke\n|poke|p1|Chi-Yu, L50|\n|poke|p1|Flutter Mane, L50|\n|poke|p1|Murkrow, L50, F|\n|poke|p1|Kingambit, L50, M|\n|poke|p1|Great Tusk, L50|\n|poke|p1|Iron Bundle, L50|\n|poke|p2|Dragapult, L50, F|\n|poke|p2|Amoonguss, L50, F|\n|poke|p2|Chien-Pao, L50|\n|poke|p2|Arcanine, L50, M|\n|poke|p2|Flutter Mane, L50|\n|poke|p2|Palafin, L50, F|\n|teampreview|4\n|inactive|Battle timer is ON: inactive players will automatically lose when time's up. (requested by Snakeazkusa)\n|inactive|anshar_training has 60 seconds left.\n|\n|t:|1682484917\n|start\n|switch|p1a: Chi-Yu|Chi-Yu, L50|100\/100\n|switch|p1b: Murkrow|Murkrow, L50, F|100\/100\n|switch|p2a: PlusUltra|Palafin, L50, F|100\/100\n|switch|p2b: Elena|Flutter Mane, L50|100\/100\n|-ability|p1a: Chi-Yu|Beads of Ruin\n|-enditem|p2b: Elena|Booster Energy\n|-activate|p2b: Elena|ability: Protosynthesis|[fromitem]\n|-start|p2b: Elena|protosynthesisspe\n|turn|1\n|\n|t:|1682484941\n|detailschange|p2a: PlusUltra|Palafin-Hero, L50, F\n|switch|p2a: Miauricio|Chien-Pao, L50|100\/100\n|-ability|p2a: Miauricio|Sword of Ruin\n|-terastallize|p1a: Chi-Yu|Fire\n|move|p1b: Murkrow|Tailwind|p1b: Murkrow\n|-sidestart|p1: Snakeazkusa|move: Tailwind\n|move|p1a: Chi-Yu|Heat Wave|p2b: Elena|[spread] p2a,p2b\n|-supereffective|p2a: Miauricio\n|-enditem|p2a: Miauricio|Focus Sash\n|-damage|p2a: Miauricio|1\/100\n|-damage|p2b: Elena|0 fnt\n|faint|p2b: Elena\n|-end|p2b: Elena|Protosynthesis|[silent]\n|\n|upkeep\n|\n|t:|1682484957\n|switch|p2b: PlusUltra|Palafin-Hero, L50, F|100\/100\n|-activate|p2b: PlusUltra|ability: Zero to Hero\n|turn|2\n|\n|t:|1682484982\n|-terastallize|p2b: PlusUltra|Water\n|move|p2a: Miauricio|Protect|p2a: Miauricio\n|-singleturn|p2a: Miauricio|Protect\n|move|p1a: Chi-Yu|Heat Wave|p2b: PlusUltra|[spread] p2b\n|-activate|p2a: Miauricio|move: Protect\n|-resisted|p2b: PlusUltra\n|-damage|p2b: PlusUltra|43\/100\n|move|p1b: Murkrow|Foul Play|p2a: Miauricio\n|-activate|p2a: Miauricio|move: Protect\n|move|p2b: PlusUltra|Wave Crash|p1a: Chi-Yu\n|-supereffective|p1a: Chi-Yu\n|-damage|p1a: Chi-Yu|0 fnt\n|faint|p1a: Chi-Yu\n|-damage|p2b: PlusUltra|18\/100|[from] Recoil\n|\n|upkeep\n|\n|t:|1682485004\n|switch|p1a: Flutter Mane|Flutter Mane, L50|100\/100\n|turn|3\n|\n|t:|1682485019\n|move|p1a: Flutter Mane|Protect|p1a: Flutter Mane\n|-singleturn|p1a: Flutter Mane|Protect\n|move|p2a: Miauricio|Sucker Punch||[still]\n|-fail|p2a: Miauricio\n|move|p2b: PlusUltra|Jet Punch|p1a: Flutter Mane\n|-activate|p1a: Flutter Mane|move: Protect\n|move|p1b: Murkrow|Foul Play|p2a: Miauricio\n|-resisted|p2a: Miauricio\n|-damage|p2a: Miauricio|0 fnt\n|faint|p2a: Miauricio\n|\n|upkeep\n|\n|t:|1682485032\n|switch|p2a: Maverick|Dragapult, L50, F|100\/100\n|turn|4\n|inactive|Snakeazkusa has 30 seconds left.\n|inactive|anshar_training has 30 seconds left.\n|\n|t:|1682485066\n|move|p2b: PlusUltra|Jet Punch|p1a: Flutter Mane\n|-damage|p1a: Flutter Mane|0 fnt\n|faint|p1a: Flutter Mane\n|-end|p1a: Flutter Mane|Protosynthesis|[silent]\n|move|p1b: Murkrow|Foul Play|p2a: Maverick\n|-supereffective|p2a: Maverick\n|-damage|p2a: Maverick|0 fnt\n|faint|p2a: Maverick\n|\n|-sideend|p1: Snakeazkusa|move: Tailwind\n|upkeep\n|\n|t:|1682485074\n|switch|p1a: Iron Bundle|Iron Bundle, L50|100\/100\n|-enditem|p1a: Iron Bundle|Booster Energy\n|-activate|p1a: Iron Bundle|ability: Quark Drive|[fromitem]\n|-start|p1a: Iron Bundle|quarkdrivespe\n|turn|5\n|\n|t:|1682485081\n|move|p2b: PlusUltra|Jet Punch|p1a: Iron Bundle\n|-resisted|p1a: Iron Bundle\n|-damage|p1a: Iron Bundle|65\/100\n|move|p1a: Iron Bundle|Freeze-Dry|p2b: PlusUltra\n|-supereffective|p2b: PlusUltra\n|-crit|p2b: PlusUltra\n|-damage|p2b: PlusUltra|0 fnt\n|faint|p2b: PlusUltra\n|\n|win|Snakeazkusa\n|raw|Snakeazkusa's rating: 1110 → 1135<\/strong> (+25 for winning)\n|raw|anshar_training's rating: 1109 → 1084<\/strong> (-25 for losing)\n|l|\u2606Snakeazkusa\n","uploadtime":1682485092,"views":11,"p1id":"snakeazkusa","p2id":"anshartraining","formatid":"gen9vgc2023regulationc","rating":1084,"private":0,"password":""}