{"id":"gen9vgc2023regulationc-1846607378","p1":"Lewlo","p2":"OOOOOOOOkay","format":"[Gen 9] VGC 2023 Regulation C","log":"|j|\u2606Lewlo\n|j|\u2606OOOOOOOOkay\n|t:|1681856666\n|gametype|doubles\n|player|p1|Lewlo|pokemonbreeder-gen4|1295\n|player|p2|OOOOOOOOkay|pokemonbreeder-gen4|1364\n|teamsize|p1|6\n|teamsize|p2|6\n|gen|9\n|tier|[Gen 9] VGC 2023 Regulation C\n|rated|\n|rule|Species Clause: Limit one of each Pok\u00e9mon\n|rule|Item Clause: Limit one of each item\n|clearpoke\n|poke|p1|Arcanine, L50, F|\n|poke|p1|Amoonguss, L50, M|\n|poke|p1|Azumarill, L50, M|\n|poke|p1|Flutter Mane, L50|\n|poke|p1|Chien-Pao, L50|\n|poke|p1|Iron Hands, L50|\n|poke|p2|Toxtricity, L50, M|\n|poke|p2|Gholdengo, L50|\n|poke|p2|Chi-Yu, L50|\n|poke|p2|Iron Hands, L50|\n|poke|p2|Great Tusk, L50|\n|poke|p2|Scizor, L50, F|\n|teampreview|4\n|inactive|Battle timer is ON: inactive players will automatically lose when time's up. (requested by Lewlo)\nLewlo has agreed to open team sheets.\n|inactive|Lewlo has 60 seconds left.\n|inactive|OOOOOOOOkay has 60 seconds left.\n|\n|t:|1681856714\n|start\n|switch|p1a: Arcanine|Arcanine, L50, F|100\/100\n|switch|p1b: Grabby Gabby|Iron Hands, L50|100\/100\n|switch|p2a: Scizor|Scizor, L50, F|100\/100\n|switch|p2b: Gholdengo|Gholdengo, L50|100\/100\n|-ability|p1a: Arcanine|Intimidate|boost\n|-unboost|p2a: Scizor|atk|1\n|-unboost|p2b: Gholdengo|atk|1\n|turn|1\n|inactive|Lewlo has 30 seconds left.\n|inactive|OOOOOOOOkay has 30 seconds left.\n|\n|t:|1681856748\n|switch|p2a: Iron Hands|Iron Hands, L50|100\/100\n|-enditem|p2a: Iron Hands|Booster Energy\n|-activate|p2a: Iron Hands|ability: Quark Drive|[fromitem]\n|-start|p2a: Iron Hands|quarkdriveatk\n|move|p2b: Gholdengo|Protect|p2b: Gholdengo\n|-singleturn|p2b: Gholdengo|Protect\n|move|p1b: Grabby Gabby|Fake Out|p2a: Iron Hands\n|-damage|p2a: Iron Hands|91\/100\n|move|p1a: Arcanine|Howl|p1a: Arcanine|[spread] p1a,p1b\n|-boost|p1a: Arcanine|atk|1\n|-boost|p1b: Grabby Gabby|atk|1\n|\n|upkeep\n|turn|2\n|inactive|OOOOOOOOkay has 30 seconds left.\n|inactive|OOOOOOOOkay has 20 seconds left.\n|\n|t:|1681856785\n|-terastallize|p2b: Gholdengo|Flying\n|move|p1a: Arcanine|Howl|p1a: Arcanine|[spread] p1a,p1b\n|-boost|p1a: Arcanine|atk|1\n|-boost|p1b: Grabby Gabby|atk|1\n|move|p2b: Gholdengo|Tera Blast|p1b: Grabby Gabby\n|-damage|p1b: Grabby Gabby|70\/100\n|-damage|p2b: Gholdengo|91\/100|[from] item: Life Orb\n|move|p2a: Iron Hands|Drain Punch|p1b: Grabby Gabby\n|-damage|p1b: Grabby Gabby|29\/100\n|-heal|p2a: Iron Hands|100\/100|[from] drain|[of] p1b: Grabby Gabby\n|move|p1b: Grabby Gabby|Wild Charge|p2b: Gholdengo\n|-supereffective|p2b: Gholdengo\n|-damage|p2b: Gholdengo|0 fnt\n|faint|p2b: Gholdengo\n|-damage|p1b: Grabby Gabby|10\/100|[from] Recoil\n|\n|upkeep\n|\n|t:|1681856803\n|switch|p2b: Scizor|Scizor, L50, F|100\/100\n|turn|3\n|\n|t:|1681856814\n|move|p2b: Scizor|Bullet Punch|p1b: Grabby Gabby\n|-resisted|p1b: Grabby Gabby\n|-damage|p1b: Grabby Gabby|0 fnt\n|faint|p1b: Grabby Gabby\n|-end|p1b: Grabby Gabby|Quark Drive|[silent]\n|move|p1a: Arcanine|Flare Blitz|p2b: Scizor\n|-supereffective|p2b: Scizor\n|-enditem|p2b: Scizor|Focus Sash\n|-damage|p2b: Scizor|1\/100\n|-damage|p1a: Arcanine|71\/100|[from] Recoil\n|move|p2a: Iron Hands|Wild Charge|p1a: Arcanine\n|-damage|p1a: Arcanine|0 fnt\n|faint|p1a: Arcanine\n|-damage|p2a: Iron Hands|87\/100|[from] Recoil\n|\n|upkeep\n|\n|t:|1681856818\n|switch|p1a: Azumarill|Azumarill, L50, M|100\/100\n|switch|p1b: Flutter Mane|Flutter Mane, L50|100\/100\n|-enditem|p1b: Flutter Mane|Booster Energy\n|-activate|p1b: Flutter Mane|ability: Protosynthesis|[fromitem]\n|-start|p1b: Flutter Mane|protosynthesisspa\n|turn|4\n|inactive|OOOOOOOOkay has 30 seconds left.\n|\n|t:|1681856849\n|move|p1b: Flutter Mane|Protect|p1b: Flutter Mane\n|-singleturn|p1b: Flutter Mane|Protect\n|move|p2b: Scizor|Protect|p2b: Scizor\n|-singleturn|p2b: Scizor|Protect\n|move|p1a: Azumarill|Aqua Jet|p2b: Scizor\n|-activate|p2b: Scizor|move: Protect\n|move|p2a: Iron Hands|Wild Charge|p1a: Azumarill\n|-supereffective|p1a: Azumarill\n|-damage|p1a: Azumarill|0 fnt\n|faint|p1a: Azumarill\n|-damage|p2a: Iron Hands|68\/100|[from] Recoil\n|\n|upkeep\n|turn|5\n|\n|t:|1681856863\n|-terastallize|p1b: Flutter Mane|Fairy\n|move|p2b: Scizor|Bullet Punch|p1b: Flutter Mane\n|-supereffective|p1b: Flutter Mane\n|-damage|p1b: Flutter Mane|2\/100\n|move|p1b: Flutter Mane|Dazzling Gleam|p2b: Scizor|[spread] p2a,p2b\n|-supereffective|p2a: Iron Hands\n|-resisted|p2b: Scizor\n|-damage|p2a: Iron Hands|0 fnt\n|-damage|p2b: Scizor|0 fnt\n|faint|p2a: Iron Hands\n|-end|p2a: Iron Hands|Quark Drive|[silent]\n|faint|p2b: Scizor\n|\n|upkeep\n|\n|t:|1681856874\n|switch|p2b: Chi-Yu|Chi-Yu, L50|100\/100\n|-ability|p2b: Chi-Yu|Beads of Ruin\n|turn|6\n|\n|t:|1681856886\n|move|p2b: Chi-Yu|Flamethrower|p1b: Flutter Mane\n|-damage|p1b: Flutter Mane|0 fnt\n|faint|p1b: Flutter Mane\n|-end|p1b: Flutter Mane|Protosynthesis|[silent]\n|\n|win|OOOOOOOOkay\n|raw|Lewlo's rating: 1295 → 1275<\/strong> (-20 for losing)\n|raw|OOOOOOOOkay's rating: 1364 → 1380<\/strong> (+16 for winning)\n|c|\u2606Lewlo|gg\n|c|\u2606OOOOOOOOkay|wp bro\n|c|\u2606OOOOOOOOkay|awesome match tbh\n|c|\u2606OOOOOOOOkay|almost lost\n|c|\u2606Lewlo|Ye! wp to you too ^_^\n|c|\u2606OOOOOOOOkay|ty\n|c|\u2606Lewlo|Good luck out there good friend\n|c|\u2606OOOOOOOOkay|You too bro\n|c|\u2606OOOOOOOOkay|keep the good game\n|c|\u2606Lewlo|You as well!\n|c|\u2606OOOOOOOOkay|until we battle again, cya\n|l|\u2606OOOOOOOOkay\n|c|\u2606Lewlo|cya!\n","uploadtime":1681856946,"views":13,"p1id":"lewlo","p2id":"ooooooookay","formatid":"gen9vgc2023regulationc","rating":1275,"private":0,"password":""}