{"id":"gen9vgc2023regulationc-1845838075","p1":"MistressQueenM","p2":"jkm912","format":"[Gen 9] VGC 2023 Regulation C","log":"|j|\u203dMistressQueenM\n|j|\u2606jkm912\n|t:|1681769836\n|gametype|doubles\n|player|p1|MistressQueenM|veteranf|1330\n|player|p2|jkm912|lady-gen4|1401\n|teamsize|p1|6\n|teamsize|p2|6\n|gen|9\n|tier|[Gen 9] VGC 2023 Regulation C\n|rated|\n|rule|Species Clause: Limit one of each Pok\u00e9mon\n|rule|Item Clause: Limit one of each item\n|clearpoke\n|poke|p1|Wo-Chien, L50|\n|poke|p1|Torkoal, L50, M|\n|poke|p1|Garganacl, L50, F|\n|poke|p1|Great Tusk, L50|\n|poke|p1|Murkrow, L50, M|\n|poke|p1|Farigiraf, L50, F|\n|poke|p2|Ting-Lu, L50|\n|poke|p2|Arcanine, L50, F|\n|poke|p2|Amoonguss, L50, F|\n|poke|p2|Dragonite, L50, F|\n|poke|p2|Palafin, L50, F|\n|poke|p2|Annihilape, L50, M|\n|teampreview|4\n|inactive|Battle timer is ON: inactive players will automatically lose when time's up. (requested by jkm912)\nMistressQueenM rejected open team sheets.\n|inactive|jkm912 has 60 seconds left.\n|\n|t:|1681769891\n|start\n|switch|p1a: Farigiraf|Farigiraf, L50, F|100\/100\n|switch|p1b: Murkrow|Murkrow, L50, M|100\/100\n|switch|p2a: Ting-Lu|Ting-Lu, L50|100\/100\n|switch|p2b: Arcanine|Arcanine, L50, F|100\/100\n|-ability|p2b: Arcanine|Intimidate|boost\n|-unboost|p1a: Farigiraf|atk|1\n|-unboost|p1b: Murkrow|atk|1\n|-ability|p2a: Ting-Lu|Vessel of Ruin\n|turn|1\n|\n|t:|1681769912\n|move|p1b: Murkrow|Thunder Wave|p2b: Arcanine\n|-status|p2b: Arcanine|par\n|move|p2b: Arcanine|Snarl|p1b: Murkrow|[spread] p1a,p1b\n|-supereffective|p1a: Farigiraf\n|-resisted|p1b: Murkrow\n|-damage|p1a: Farigiraf|90\/100\n|-damage|p1b: Murkrow|97\/100\n|-unboost|p1a: Farigiraf|spa|1\n|-unboost|p1b: Murkrow|spa|1\n|move|p2a: Ting-Lu|Taunt|p1a: Farigiraf\n|-start|p1a: Farigiraf|move: Taunt\n|cant|p1a: Farigiraf|move: Taunt|Trick Room\n|\n|upkeep\n|turn|2\n|inactive|jkm912 has 30 seconds left.\n|inactive|jkm912 has 20 seconds left.\n|\n|t:|1681769948\n|move|p1b: Murkrow|Tailwind|p1b: Murkrow\n|-sidestart|p1: MistressQueenM|move: Tailwind\n|move|p1a: Farigiraf|Foul Play|p2b: Arcanine\n|-damage|p2b: Arcanine|73\/100 par\n|move|p2b: Arcanine|Flare Blitz|p1a: Farigiraf\n|-damage|p1a: Farigiraf|44\/100\n|-damage|p2b: Arcanine|55\/100 par|[from] Recoil\n|move|p2a: Ting-Lu|Taunt|p1b: Murkrow\n|-start|p1b: Murkrow|move: Taunt\n|\n|upkeep\n|turn|3\n|inactive|MistressQueenM has 30 seconds left.\n|inactive|jkm912 has 30 seconds left.\n|inactive|MistressQueenM has 20 seconds left.\n|inactive|MistressQueenM has 15 seconds left.\n|\n|t:|1681769993\n|switch|p2b: Annihilape|Annihilape, L50, M|100\/100\n|move|p1b: Murkrow|Foul Play|p2b: Annihilape\n|-damage|p2b: Annihilape|51\/100\n|move|p1a: Farigiraf|Foul Play|p2b: Annihilape\n|-damage|p2b: Annihilape|15\/100\n|move|p2a: Ting-Lu|Heavy Slam|p1a: Farigiraf\n|-damage|p1a: Farigiraf|6\/100\n|\n|-heal|p2b: Annihilape|21\/100|[from] item: Leftovers\n|-end|p1a: Farigiraf|move: Taunt\n|upkeep\n|turn|4\n|\n|t:|1681770012\n|move|p2b: Annihilape|Protect|p2b: Annihilape\n|-singleturn|p2b: Annihilape|Protect\n|move|p1b: Murkrow|Foul Play|p2b: Annihilape\n|-activate|p2b: Annihilape|move: Protect\n|move|p1a: Farigiraf|Foul Play|p2b: Annihilape\n|-activate|p2b: Annihilape|move: Protect\n|move|p2a: Ting-Lu|Heavy Slam|p1a: Farigiraf\n|-damage|p1a: Farigiraf|0 fnt\n|faint|p1a: Farigiraf\n|\n|-heal|p2b: Annihilape|27\/100|[from] item: Leftovers\n|upkeep\n|inactive|MistressQueenM has 30 seconds left.\n|inactive|MistressQueenM has 20 seconds left.\n|\n|t:|1681770049\n|switch|p1a: Garganacl|Garganacl, L50, F, shiny|100\/100\n|turn|5\n|\n|t:|1681770067\n|-terastallize|p1a: Garganacl|Flying\n|move|p1b: Murkrow|Foul Play|p2b: Annihilape\n|-damage|p2b: Annihilape|0 fnt\n|faint|p2b: Annihilape\n|move|p1a: Garganacl|Iron Defense|p1a: Garganacl\n|-boost|p1a: Garganacl|def|2\n|move|p2a: Ting-Lu|Taunt|p1a: Garganacl\n|-start|p1a: Garganacl|move: Taunt\n|\n|-end|p1b: Murkrow|move: Taunt\n|-sideend|p1: MistressQueenM|move: Tailwind\n|upkeep\n|\n|t:|1681770083\n|switch|p2b: Dragonite|Dragonite, L50, F|100\/100\n|turn|6\n|\n|t:|1681770103\n|-terastallize|p2b: Dragonite|Flying\n|move|p1b: Murkrow|Thunder Wave|p2b: Dragonite\n|-status|p2b: Dragonite|par\n|move|p2b: Dragonite|Tera Blast|p1b: Murkrow\n|-damage|p1b: Murkrow|0 fnt\n|faint|p1b: Murkrow\n|move|p2a: Ting-Lu|Heavy Slam|p1a: Garganacl\n|-damage|p1a: Garganacl|93\/100\n|move|p1a: Garganacl|Salt Cure|p2b: Dragonite\n|-supereffective|p2b: Dragonite\n|-damage|p2b: Dragonite|84\/100 par\n|-start|p2b: Dragonite|Salt Cure\n|\n|-heal|p1a: Garganacl|99\/100|[from] item: Leftovers\n|-damage|p2b: Dragonite|72\/100 par|[from] Salt Cure\n|upkeep\n|\n|t:|1681770109\n|switch|p1b: Wo-Chien|Wo-Chien, L50|100\/100\n|-ability|p1b: Wo-Chien|Tablets of Ruin\n|turn|7\n|\n|t:|1681770119\n|move|p1b: Wo-Chien|Protect|p1b: Wo-Chien\n|-singleturn|p1b: Wo-Chien|Protect\n|move|p2b: Dragonite|Tera Blast|p1b: Wo-Chien\n|-activate|p1b: Wo-Chien|move: Protect\n|move|p2a: Ting-Lu|Taunt|p1b: Wo-Chien\n|-activate|p1b: Wo-Chien|move: Protect\n|move|p1a: Garganacl|Salt Cure|p2a: Ting-Lu\n|-resisted|p2a: Ting-Lu\n|-crit|p2a: Ting-Lu\n|-damage|p2a: Ting-Lu|95\/100\n|-start|p2a: Ting-Lu|Salt Cure\n|\n|-heal|p1a: Garganacl|100\/100|[from] item: Leftovers\n|-damage|p2b: Dragonite|60\/100 par|[from] Salt Cure\n|-damage|p2a: Ting-Lu|83\/100|[from] Salt Cure\n|upkeep\n|turn|8\n|\n|t:|1681770130\n|move|p1b: Wo-Chien|Giga Drain|p2a: Ting-Lu\n|-supereffective|p2a: Ting-Lu\n|-damage|p2a: Ting-Lu|52\/100\n|move|p2b: Dragonite|Tera Blast|p1b: Wo-Chien\n|-supereffective|p1b: Wo-Chien\n|-damage|p1b: Wo-Chien|0 fnt\n|faint|p1b: Wo-Chien\n|move|p2a: Ting-Lu|Heavy Slam|p1a: Garganacl\n|-damage|p1a: Garganacl|94\/100\n|move|p1a: Garganacl|Salt Cure|p2b: Dragonite\n|-supereffective|p2b: Dragonite\n|-damage|p2b: Dragonite|30\/100 par\n|\n|-heal|p1a: Garganacl|99\/100|[from] item: Leftovers\n|-damage|p2b: Dragonite|18\/100 par|[from] Salt Cure\n|-damage|p2a: Ting-Lu|39\/100|[from] Salt Cure\n|-end|p1a: Garganacl|move: Taunt\n|upkeep\n|turn|9\n|\n|t:|1681770150\n|move|p2b: Dragonite|Tera Blast|p1a: Garganacl\n|-damage|p1a: Garganacl|64\/100\n|move|p2a: Ting-Lu|Heavy Slam|p1a: Garganacl\n|-damage|p1a: Garganacl|56\/100\n|move|p1a: Garganacl|Salt Cure|p2b: Dragonite\n|-supereffective|p2b: Dragonite\n|-damage|p2b: Dragonite|0 fnt\n|faint|p2b: Dragonite\n|\n|-heal|p1a: Garganacl|62\/100|[from] item: Leftovers\n|-damage|p2a: Ting-Lu|27\/100|[from] Salt Cure\n|upkeep\n|\n|t:|1681770158\n|switch|p2b: Arcanine|Arcanine, L50, F|55\/100 par\n|-ability|p2b: Arcanine|Intimidate|boost\n|-unboost|p1a: Garganacl|atk|1\n|turn|10\n|-message|jkm912 forfeited.\n|\n|win|MistressQueenM\n|raw|MistressQueenM's rating: 1330 → 1354<\/strong> (+24 for winning)\n|raw|jkm912's rating: 1401 → 1377<\/strong> (-24 for losing)\n|l|\u2606jkm912\n","uploadtime":1681770171,"views":6,"p1id":"mistressqueenm","p2id":"jkm912","formatid":"gen9vgc2023regulationc","rating":1354,"private":0,"password":""}