{"id":"gen9vgc2023regulationc-1863608517","p1":"ghjjjjnvcf","p2":"Manuela's Bidet","format":"[Gen 9] VGC 2023 Regulation C","log":"|j|\u2606ghjjjjnvcf\n|j|\u2606Manuela's Bidet\n|t:|1684042466\n|gametype|doubles\n|player|p1|ghjjjjnvcf|1|1000\n|player|p2|Manuela's Bidet|1|1044\n|teamsize|p1|6\n|teamsize|p2|6\n|gen|9\n|tier|[Gen 9] VGC 2023 Regulation C\n|rated|\n|rule|Species Clause: Limit one of each Pok\u00e9mon\n|rule|Item Clause: Limit one of each item\n|clearpoke\n|poke|p1|Glaceon, L50, F|\n|poke|p1|Sandy Shocks, L50|\n|poke|p1|Iron Bundle, L50|\n|poke|p1|Abomasnow, L50, M|\n|poke|p1|Palafin, L50, F|\n|poke|p1|Gengar, L50, M|\n|poke|p2|Sableye, L50, F|\n|poke|p2|Brute Bonnet, L50|\n|poke|p2|Arboliva, L50, F|\n|poke|p2|Barraskewda, L50, F|\n|poke|p2|Arcanine, L50, F|\n|poke|p2|Corviknight, L50, M|\n|teampreview|4\n|\n|t:|1684042501\n|start\n|switch|p1a: Sandy Shocks|Sandy Shocks, L50|100\/100\n|switch|p1b: Gengar|Gengar, L50, M|100\/100\n|switch|p2a: grunkle|Sableye, L50, F|100\/100\n|switch|p2b: Arboliva|Arboliva, L50, F|100\/100\n|-enditem|p1a: Sandy Shocks|Booster Energy\n|-activate|p1a: Sandy Shocks|ability: Protosynthesis|[fromitem]\n|-start|p1a: Sandy Shocks|protosynthesisspe\n|turn|1\n|\n|t:|1684042529\n|switch|p2b: Corviknight|Corviknight, L50, M|100\/100\n|move|p2a: grunkle|Rain Dance|p2a: grunkle\n|-weather|RainDance\n|move|p1a: Sandy Shocks|Gravity|p1a: Sandy Shocks\n|-fieldstart|move: Gravity\n|move|p1b: Gengar|Hypnosis|p2b: Corviknight\n|-status|p2b: Corviknight|slp|[from] move: Hypnosis\n|\n|-weather|RainDance|[upkeep]\n|upkeep\n|turn|2\n|\n|t:|1684042552\n|move|p2a: grunkle|Sucker Punch||[still]\n|-fail|p2a: grunkle\n|move|p1a: Sandy Shocks|Thunder|p2b: Corviknight\n|-supereffective|p2b: Corviknight\n|-damage|p2b: Corviknight|16\/100 slp\n|move|p1b: Gengar|Encore|p2a: grunkle\n|-start|p2a: grunkle|Encore\n|-enditem|p2a: grunkle|Mental Herb\n|-end|p2a: grunkle|Encore\n|cant|p2b: Corviknight|slp\n|\n|-weather|RainDance|[upkeep]\n|-heal|p2b: Corviknight|21\/100 slp|[from] item: Leftovers\n|upkeep\n|turn|3\n|\n|t:|1684042576\n|move|p1a: Sandy Shocks|Protect|p1a: Sandy Shocks\n|-singleturn|p1a: Sandy Shocks|Protect\n|move|p2a: grunkle|Sucker Punch||[still]\n|-fail|p2a: grunkle\n|move|p1b: Gengar|Hypnosis|p2a: grunkle\n|-status|p2a: grunkle|slp|[from] move: Hypnosis\n|cant|p2b: Corviknight|slp\n|\n|-weather|RainDance|[upkeep]\n|-heal|p2b: Corviknight|27\/100 slp|[from] item: Leftovers\n|upkeep\n|turn|4\n|\n|t:|1684042599\n|switch|p2b: Arboliva|Arboliva, L50, F|100\/100\n|cant|p2a: grunkle|slp\n|move|p1a: Sandy Shocks|Thunder|p2b: Arboliva\n|-resisted|p2b: Arboliva\n|-damage|p2b: Arboliva|80\/100\n|-fieldstart|move: Grassy Terrain|[from] ability: Seed Sower|[of] p2b: Arboliva\n|move|p1b: Gengar|Shadow Ball|p2a: grunkle\n|-damage|p2a: grunkle|48\/100 slp\n|\n|-weather|RainDance|[upkeep]\n|-heal|p2a: grunkle|54\/100 slp|[from] Grassy Terrain\n|-heal|p2b: Arboliva|86\/100|[from] Grassy Terrain\n|upkeep\n|turn|5\n|\n|t:|1684042631\n|cant|p2a: grunkle|slp\n|move|p1a: Sandy Shocks|Thunder|p2a: grunkle\n|-damage|p2a: grunkle|0 fnt\n|faint|p2a: grunkle\n|move|p1b: Gengar|Hypnosis|p2b: Arboliva\n|-status|p2b: Arboliva|slp|[from] move: Hypnosis\n|cant|p2b: Arboliva|slp\n|\n|-weather|none\n|-heal|p2b: Arboliva|92\/100 slp|[from] Grassy Terrain\n|-fieldend|move: Gravity\n|upkeep\n|\n|t:|1684042646\n|switch|p2a: Corviknight|Corviknight, L50, M|27\/100 slp\n|turn|6\n|\n|t:|1684042655\n|move|p1a: Sandy Shocks|Thunder|p2a: Corviknight\n|-supereffective|p2a: Corviknight\n|-damage|p2a: Corviknight|0 fnt\n|faint|p2a: Corviknight\n|move|p1b: Gengar|Shadow Ball|p2b: Arboliva\n|-immune|p2b: Arboliva\n|-curestatus|p2b: Arboliva|slp|[msg]\n|move|p2b: Arboliva|Terrain Pulse|p1a: Sandy Shocks\n|-supereffective|p1a: Sandy Shocks\n|-damage|p1a: Sandy Shocks|0 fnt\n|faint|p1a: Sandy Shocks\n|-end|p1a: Sandy Shocks|Protosynthesis|[silent]\n|\n|-heal|p2b: Arboliva|98\/100|[from] Grassy Terrain\n|upkeep\n|\n|t:|1684042672\n|switch|p1a: Abomasnow|Abomasnow, L50, M|100\/100\n|switch|p2a: Barraskewda|Barraskewda, L50, F|100\/100\n|-weather|Snow|[from] ability: Snow Warning|[of] p1a: Abomasnow\n|turn|7\n|\n|t:|1684042720\n|move|p2a: Barraskewda|Crunch|p1b: Gengar\n|-supereffective|p1b: Gengar\n|-damage|p1b: Gengar|9\/100\n|move|p1b: Gengar|Hypnosis|p2a: Barraskewda\n|-status|p2a: Barraskewda|slp|[from] move: Hypnosis\n|move|p1a: Abomasnow|Aurora Veil|p1a: Abomasnow\n|-sidestart|p1: ghjjjjnvcf|move: Aurora Veil\n|move|p2b: Arboliva|Pollen Puff|p2a: Barraskewda\n|-immune|p2a: Barraskewda\n|\n|-weather|Snow|[upkeep]\n|-heal|p1b: Gengar|15\/100|[from] Grassy Terrain\n|-heal|p2b: Arboliva|100\/100|[from] Grassy Terrain\n|upkeep\n|turn|8\n|\n|t:|1684042744\n|cant|p2a: Barraskewda|slp\n|move|p1b: Gengar|Hypnosis|p2b: Arboliva|[miss]\n|-miss|p1b: Gengar|p2b: Arboliva\n|move|p1a: Abomasnow|Energy Ball|p2a: Barraskewda\n|-supereffective|p2a: Barraskewda\n|-damage|p2a: Barraskewda|0 fnt\n|faint|p2a: Barraskewda\n|move|p2b: Arboliva|Earth Power|p1b: Gengar\n|-supereffective|p1b: Gengar\n|-damage|p1b: Gengar|0 fnt\n|faint|p1b: Gengar\n|\n|-weather|Snow|[upkeep]\n|upkeep\n|\n|t:|1684042759\n|switch|p1b: Iron Bundle|Iron Bundle, L50|100\/100\n|turn|9\n|\n|t:|1684042770\n|-terastallize|p1b: Iron Bundle|Ice\n|move|p1b: Iron Bundle|Blizzard|p2b: Arboliva\n|-supereffective|p2b: Arboliva\n|-damage|p2b: Arboliva|0 fnt\n|faint|p2b: Arboliva\n|\n|win|ghjjjjnvcf\n|raw|ghjjjjnvcf's rating: 1000 → 1045<\/strong> (+45 for winning)\n|raw|Manuela's Bidet's rating: 1044 → 1025<\/strong> (-19 for losing)\n|l|\u2606Manuela's Bidet\n","uploadtime":1684042781,"views":13,"p1id":"ghjjjjnvcf","p2id":"manuelasbidet","formatid":"gen9vgc2023regulationc","rating":1025,"private":0,"password":""}