{"id":"gen9vgc2023regulationc-1853488410","p1":"SeydouVGC","p2":"BadBadLarry","format":"[Gen 9] VGC 2023 Regulation C","log":"|j|\u2606SeydouVGC\n|j|\u2606BadBadLarry\n|t:|1682690127\n|gametype|doubles\n|player|p1|SeydouVGC|flint|1216\n|player|p2|BadBadLarry|101|1278\n|teamsize|p1|6\n|teamsize|p2|6\n|gen|9\n|tier|[Gen 9] VGC 2023 Regulation C\n|rated|\n|rule|Species Clause: Limit one of each Pok\u00e9mon\n|rule|Item Clause: Limit one of each item\n|clearpoke\n|poke|p1|Ting-Lu, L50|\n|poke|p1|Abomasnow, L50, F|\n|poke|p1|Flutter Mane, L50|\n|poke|p1|Iron Hands, L50|\n|poke|p1|Bronzong, L50|\n|poke|p1|Arcanine, L50, F|\n|poke|p2|Tyranitar, L50, M|\n|poke|p2|Houndstone, L50, M|\n|poke|p2|Scizor, L50, M|\n|poke|p2|Great Tusk, L50|\n|poke|p2|Garchomp, L50, F|\n|poke|p2|Rotom-Wash, L50|\n|teampreview|4\n|c|\u2606SeydouVGC|oh wow rip me.\n|inactive|Battle timer is ON: inactive players will automatically lose when time's up. (requested by BadBadLarry)\n|\n|t:|1682690172\n|start\n|switch|p1a: Iron Hands|Iron Hands, L50|100\/100\n|switch|p1b: Bronzong|Bronzong, L50|100\/100\n|switch|p2a: Garchomp|Garchomp, L50, F|100\/100\n|switch|p2b: Rotom|Rotom-Wash, L50|100\/100\n|turn|1\n|inactive|BadBadLarry has 30 seconds left.\n|\n|t:|1682690197\n|-terastallize|p1a: Iron Hands|Grass\n|move|p2a: Garchomp|Protect|p2a: Garchomp\n|-singleturn|p2a: Garchomp|Protect\n|move|p1a: Iron Hands|Fake Out|p2b: Rotom\n|-damage|p2b: Rotom|78\/100\n|cant|p2b: Rotom|flinch\n|move|p1b: Bronzong|Trick Room|p1b: Bronzong\n|-fieldstart|move: Trick Room|[of] p1b: Bronzong\n|\n|upkeep\n|turn|2\n|\n|t:|1682690218\n|-end|p1a: Iron Hands|Quark Drive|[silent]\n|switch|p1a: Arcanine|Arcanine, L50, F|100\/100\n|-ability|p1a: Arcanine|Intimidate|boost\n|-unboost|p2a: Garchomp|atk|1\n|-unboost|p2b: Rotom|atk|1\n|-terastallize|p2a: Garchomp|Ground\n|move|p1b: Bronzong|Safeguard|p1b: Bronzong\n|-sidestart|p1: SeydouVGC|Safeguard\n|move|p2b: Rotom|Shadow Ball|p1b: Bronzong\n|-supereffective|p1b: Bronzong\n|-damage|p1b: Bronzong|50\/100\n|move|p2a: Garchomp|Earthquake|p1b: Bronzong|[spread] p1a\n|-immune|p2b: Rotom|[from] ability: Levitate\n|-immune|p1b: Bronzong|[from] ability: Levitate\n|-supereffective|p1a: Arcanine\n|-crit|p1a: Arcanine\n|-damage|p1a: Arcanine|0 fnt\n|faint|p1a: Arcanine\n|-damage|p2a: Garchomp|91\/100|[from] item: Life Orb\n|\n|upkeep\n|\n|t:|1682690235\n|switch|p1a: Iron Hands|Iron Hands, L50, tera:Grass|100\/100\n|turn|3\n|\n|t:|1682690251\n|switch|p2a: Scizor|Scizor, L50, M|100\/100\n|move|p1a: Iron Hands|Fake Out|p2a: Scizor\n|-resisted|p2a: Scizor\n|-damage|p2a: Scizor|95\/100\n|move|p1b: Bronzong|Gyro Ball|p2b: Rotom\n|-resisted|p2b: Rotom\n|-damage|p2b: Rotom|68\/100\n|move|p2b: Rotom|Shadow Ball|p1a: Iron Hands\n|-damage|p1a: Iron Hands|81\/100\n|-unboost|p1a: Iron Hands|spd|1\n|\n|upkeep\n|turn|4\n|\n|t:|1682690268\n|move|p1b: Bronzong|Protect|p1b: Bronzong\n|-singleturn|p1b: Bronzong|Protect\n|move|p2a: Scizor|Protect|p2a: Scizor\n|-singleturn|p2a: Scizor|Protect\n|move|p1a: Iron Hands|Close Combat|p2a: Scizor\n|-activate|p2a: Scizor|move: Protect\n|move|p2b: Rotom|Shadow Ball|p1a: Iron Hands\n|-damage|p1a: Iron Hands|55\/100\n|\n|upkeep\n|turn|5\n|\n|t:|1682690287\n|switch|p1b: Ting-Lu|Ting-Lu, L50|100\/100\n|-ability|p1b: Ting-Lu|Vessel of Ruin\n|switch|p2a: Garchomp|Garchomp, L50, F, tera:Ground|91\/100\n|move|p1a: Iron Hands|Close Combat|p2b: Rotom\n|-damage|p2b: Rotom|0 fnt\n|-unboost|p1a: Iron Hands|def|1\n|-unboost|p1a: Iron Hands|spd|1\n|faint|p2b: Rotom\n|\n|-fieldend|move: Trick Room\n|upkeep\n|\n|t:|1682690298\n|switch|p2b: Great Tusk|Great Tusk, L50|100\/100\n|-enditem|p2b: Great Tusk|Booster Energy\n|-activate|p2b: Great Tusk|ability: Protosynthesis|[fromitem]\n|-start|p2b: Great Tusk|protosynthesisatk\n|turn|6\n|\n|t:|1682690312\n|-end|p1a: Iron Hands|Quark Drive|[silent]\n|switch|p1a: Bronzong|Bronzong, L50|50\/100\n|move|p2b: Great Tusk|Protect|p2b: Great Tusk\n|-singleturn|p2b: Great Tusk|Protect\n|move|p2a: Garchomp|Earthquake|p1a: Bronzong|[spread] p1b\n|-activate|p2b: Great Tusk|move: Protect\n|-immune|p1a: Bronzong|[from] ability: Levitate\n|-damage|p1b: Ting-Lu|60\/100\n|-damage|p2a: Garchomp|81\/100|[from] item: Life Orb\n|move|p1b: Ting-Lu|Earthquake|p2b: Great Tusk|[spread] p2a\n|-activate|p2b: Great Tusk|move: Protect\n|-immune|p1a: Bronzong|[from] ability: Levitate\n|-damage|p2a: Garchomp|25\/100\n|\n|-sideend|p1: SeydouVGC|Safeguard\n|upkeep\n|turn|7\n|\n|t:|1682690329\n|move|p1a: Bronzong|Protect|p1a: Bronzong\n|-singleturn|p1a: Bronzong|Protect\n|move|p2a: Garchomp|Rock Slide|p1b: Ting-Lu|[spread] p1b\n|-activate|p1a: Bronzong|move: Protect\n|-resisted|p1b: Ting-Lu\n|-damage|p1b: Ting-Lu|52\/100\n|-damage|p2a: Garchomp|15\/100|[from] item: Life Orb\n|move|p2b: Great Tusk|Knock Off|p1a: Bronzong\n|-activate|p1a: Bronzong|move: Protect\n|cant|p1b: Ting-Lu|flinch\n|\n|upkeep\n|turn|8\n|\n|t:|1682690345\n|move|p2a: Garchomp|Dragon Claw|p1b: Ting-Lu\n|-damage|p1b: Ting-Lu|20\/100\n|-damage|p2a: Garchomp|5\/100|[from] item: Life Orb\n|move|p2b: Great Tusk|Knock Off|p1a: Bronzong\n|-supereffective|p1a: Bronzong\n|-damage|p1a: Bronzong|0 fnt\n|-enditem|p1a: Bronzong|Safety Goggles|[from] move: Knock Off|[of] p2b: Great Tusk\n|faint|p1a: Bronzong\n|move|p1b: Ting-Lu|Earthquake|p2a: Garchomp|[spread] p2a,p2b\n|-damage|p2a: Garchomp|0 fnt\n|-damage|p2b: Great Tusk|55\/100\n|faint|p2a: Garchomp\n|\n|upkeep\n|\n|t:|1682690357\n|switch|p2a: Scizor|Scizor, L50, M|95\/100\n|switch|p1a: Iron Hands|Iron Hands, L50, tera:Grass|55\/100\n|turn|9\n|\n|t:|1682690369\n|move|p2b: Great Tusk|Protect|p2b: Great Tusk\n|-singleturn|p2b: Great Tusk|Protect\n|move|p2a: Scizor|Protect|p2a: Scizor\n|-singleturn|p2a: Scizor|Protect\n|move|p1a: Iron Hands|Fake Out|p2a: Scizor\n|-activate|p2a: Scizor|move: Protect\n|move|p1b: Ting-Lu|Earthquake|p2b: Great Tusk|[spread] p1a\n|-activate|p2a: Scizor|move: Protect\n|-activate|p2b: Great Tusk|move: Protect\n|-resisted|p1a: Iron Hands\n|-damage|p1a: Iron Hands|37\/100\n|\n|upkeep\n|turn|10\n|\n|t:|1682690380\n|move|p2a: Scizor|Bullet Punch|p1a: Iron Hands\n|-damage|p1a: Iron Hands|13\/100\n|move|p2b: Great Tusk|Knock Off|p1a: Iron Hands\n|-damage|p1a: Iron Hands|0 fnt\n|-enditem|p1a: Iron Hands|Assault Vest|[from] move: Knock Off|[of] p2b: Great Tusk\n|faint|p1a: Iron Hands\n|-end|p1a: Iron Hands|Quark Drive|[silent]\n|move|p1b: Ting-Lu|Earthquake|p2b: Great Tusk|[spread] p2a,p2b\n|-damage|p2a: Scizor|53\/100\n|-damage|p2b: Great Tusk|13\/100\n|\n|upkeep\n|turn|11\n|c|\u2606SeydouVGC|gg\n|\n|t:|1682690392\n|move|p2b: Great Tusk|Close Combat|p1b: Ting-Lu\n|-supereffective|p1b: Ting-Lu\n|-damage|p1b: Ting-Lu|0 fnt\n|-unboost|p2b: Great Tusk|def|1\n|-unboost|p2b: Great Tusk|spd|1\n|faint|p1b: Ting-Lu\n|\n|win|BadBadLarry\n|raw|SeydouVGC's rating: 1245 → 1222<\/strong> (-23 for losing)\n|raw|BadBadLarry's rating: 1278 → 1301<\/strong> (+23 for winning)\n","uploadtime":1682690405,"views":15,"p1id":"seydouvgc","p2id":"badbadlarry","formatid":"gen9vgc2023regulationc","rating":1222,"private":0,"password":""}