{"id":"gen9vgc2023regulationc-1855856774","p1":"leafyarrow","p2":"gung hole","format":"[Gen 9] VGC 2023 Regulation C","log":"|j|\u2606leafyarrow\n|j|\u203dgung hole\n|t:|1682992443\n|gametype|doubles\n|player|p1|leafyarrow|leaf-gen3|1272\n|player|p2|gung hole|harlequin|1225\n|teamsize|p1|6\n|teamsize|p2|6\n|gen|9\n|tier|[Gen 9] VGC 2023 Regulation C\n|rated|\n|rule|Species Clause: Limit one of each Pok\u00e9mon\n|rule|Item Clause: Limit one of each item\n|clearpoke\n|poke|p1|Flutter Mane, L50|\n|poke|p1|Palafin, L50, M|\n|poke|p1|Amoonguss, L50, M|\n|poke|p1|Ting-Lu, L50|\n|poke|p1|Arcanine, L50, F|\n|poke|p1|Kingambit, L50, F|\n|poke|p2|Chi-Yu, L50|\n|poke|p2|Torkoal, L50, F|\n|poke|p2|Slither Wing, L50|\n|poke|p2|Flutter Mane, L50|\n|poke|p2|Amoonguss, L50, F|\n|poke|p2|Chien-Pao, L50|\n|teampreview|4\nleafyarrow has agreed to open team sheets.\ngung hole has agreed to open team sheets.\n|inactive|Battle timer is ON: inactive players will automatically lose when time's up. (requested by gung hole)\n|inactive|leafyarrow has 60 seconds left.\n|inactive|leafyarrow has 30 seconds left.\n|\n|t:|1682992601\n|start\n|switch|p1a: Arcanine|Arcanine, L50, F|100\/100\n|switch|p1b: Flutter Mane|Flutter Mane, L50|100\/100\n|switch|p2a: Chi-Yu|Chi-Yu, L50|100\/100\n|switch|p2b: Torkoal|Torkoal, L50, F|100\/100\n|-ability|p2a: Chi-Yu|Beads of Ruin\n|-ability|p1a: Arcanine|Intimidate|boost\n|-unboost|p2a: Chi-Yu|atk|1\n|-unboost|p2b: Torkoal|atk|1\n|-weather|SunnyDay|[from] ability: Drought|[of] p2b: Torkoal\n|-activate|p1b: Flutter Mane|ability: Protosynthesis\n|-start|p1b: Flutter Mane|protosynthesisspe\n|turn|1\n|inactive|leafyarrow has 30 seconds left.\n|inactive|leafyarrow has 20 seconds left.\n|inactive|leafyarrow has 15 seconds left.\n|inactive|leafyarrow has 10 seconds left.\n|inactive|leafyarrow has 5 seconds left.\n|\n|t:|1682992652\n|move|p1a: Arcanine|Extreme Speed|p2a: Chi-Yu\n|-damage|p2a: Chi-Yu|59\/100\n|move|p1b: Flutter Mane|Shadow Ball|p2a: Chi-Yu\n|-resisted|p2a: Chi-Yu\n|-damage|p2a: Chi-Yu|27\/100\n|move|p2a: Chi-Yu|Heat Wave|p1b: Flutter Mane|[spread] p1a\n|-miss|p2a: Chi-Yu|p1b: Flutter Mane\n|-resisted|p1a: Arcanine\n|-damage|p1a: Arcanine|41\/100\n|move|p2b: Torkoal|Heat Wave|p1a: Arcanine|[spread] p1a,p1b\n|-resisted|p1a: Arcanine\n|-damage|p1a: Arcanine|6\/100\n|-damage|p1b: Flutter Mane|39\/100\n|\n|-weather|SunnyDay|[upkeep]\n|upkeep\n|turn|2\n|\n|t:|1682992674\n|move|p1a: Arcanine|Extreme Speed|p2a: Chi-Yu\n|-damage|p2a: Chi-Yu|0 fnt\n|faint|p2a: Chi-Yu\n|move|p1b: Flutter Mane|Shadow Ball|p2b: Torkoal\n|-damage|p2b: Torkoal|24\/100\n|-unboost|p2b: Torkoal|spd|1\n|move|p2b: Torkoal|Heat Wave|p1b: Flutter Mane|[spread] p1a,p1b\n|-resisted|p1a: Arcanine\n|-damage|p1a: Arcanine|0 fnt\n|-damage|p1b: Flutter Mane|0 fnt\n|faint|p1a: Arcanine\n|faint|p1b: Flutter Mane\n|-end|p1b: Flutter Mane|Protosynthesis|[silent]\n|\n|-weather|SunnyDay|[upkeep]\n|upkeep\n|\n|t:|1682992689\n|switch|p1b: Kingambit|Kingambit, L50, F|100\/100\n|switch|p2a: Slither Wing|Slither Wing, L50|100\/100\n|switch|p1a: Ting-Lu|Ting-Lu, L50|100\/100\n|-activate|p2a: Slither Wing|ability: Protosynthesis\n|-start|p2a: Slither Wing|protosynthesisatk\n|-ability|p1a: Ting-Lu|Vessel of Ruin\n|turn|3\n|inactive|leafyarrow has 30 seconds left.\n|inactive|gung hole has 30 seconds left.\n|inactive|leafyarrow has 20 seconds left.\n|inactive|leafyarrow has 15 seconds left.\n|\n|t:|1682992731\n|-terastallize|p2a: Slither Wing|Bug\n|-terastallize|p1a: Ting-Lu|Poison\n|move|p1b: Kingambit|Protect|p1b: Kingambit\n|-singleturn|p1b: Kingambit|Protect\n|move|p2a: Slither Wing|U-turn|p1a: Ting-Lu\n|-resisted|p1a: Ting-Lu\n|-damage|p1a: Ting-Lu|77\/100\n|\n|t:|1682992739\n|-end|p2a: Slither Wing|Protosynthesis|[silent]\n|switch|p2a: Amoonguss|Amoonguss, L50, F|100\/100|[from] U-turn\n|move|p1a: Ting-Lu|Heavy Slam|p2a: Amoonguss\n|-damage|p2a: Amoonguss|68\/100\n|move|p2b: Torkoal|Body Press|p1b: Kingambit\n|-activate|p1b: Kingambit|move: Protect\n|\n|-weather|SunnyDay|[upkeep]\n|-heal|p2a: Amoonguss|74\/100|[from] item: Black Sludge\n|upkeep\n|turn|4\n|inactive|leafyarrow has 30 seconds left.\n|\n|t:|1682992773\n|move|p1b: Kingambit|Kowtow Cleave|p2a: Amoonguss\n|-damage|p2a: Amoonguss|24\/100\n|move|p1a: Ting-Lu|Stomping Tantrum|p2b: Torkoal\n|-supereffective|p2b: Torkoal\n|-damage|p2b: Torkoal|0 fnt\n|faint|p2b: Torkoal\n|move|p2a: Amoonguss|Spore|p1a: Ting-Lu\n|-status|p1a: Ting-Lu|slp|[from] move: Spore\n|\n|-weather|SunnyDay|[upkeep]\n|-heal|p2a: Amoonguss|29\/100|[from] item: Black Sludge\n|upkeep\n|\n|t:|1682992780\n|switch|p2b: Slither Wing|Slither Wing, L50, tera:Bug|100\/100\n|-activate|p2b: Slither Wing|ability: Protosynthesis\n|-start|p2b: Slither Wing|protosynthesisatk\n|turn|5\n|\n|t:|1682992794\n|move|p2a: Amoonguss|Rage Powder|p2a: Amoonguss\n|-singleturn|p2a: Amoonguss|move: Rage Powder\n|move|p2b: Slither Wing|Flare Blitz|p1b: Kingambit\n|-supereffective|p1b: Kingambit\n|-crit|p1b: Kingambit\n|-damage|p1b: Kingambit|0 fnt\n|faint|p1b: Kingambit\n|-damage|p2b: Slither Wing|58\/100|[from] Recoil\n|cant|p1a: Ting-Lu|slp\n|\n|-weather|SunnyDay|[upkeep]\n|-heal|p2a: Amoonguss|35\/100|[from] item: Black Sludge\n|upkeep\n|turn|6\n|\n|t:|1682992811\n|move|p2a: Amoonguss|Rage Powder|p2a: Amoonguss\n|-singleturn|p2a: Amoonguss|move: Rage Powder\n|move|p2b: Slither Wing|Flare Blitz|p1a: Ting-Lu\n|-damage|p1a: Ting-Lu|15\/100 slp\n|-damage|p2b: Slither Wing|25\/100|[from] Recoil\n|cant|p1a: Ting-Lu|slp\n|\n|-weather|SunnyDay|[upkeep]\n|-heal|p2a: Amoonguss|41\/100|[from] item: Black Sludge\n|upkeep\n|turn|7\n|\n|t:|1682992826\n|move|p2a: Amoonguss|Rage Powder|p2a: Amoonguss\n|-singleturn|p2a: Amoonguss|move: Rage Powder\n|move|p2b: Slither Wing|Flare Blitz|p1a: Ting-Lu\n|-damage|p1a: Ting-Lu|0 fnt\n|faint|p1a: Ting-Lu\n|-damage|p2b: Slither Wing|17\/100|[from] Recoil\n|\n|win|gung hole\n|raw|leafyarrow's rating: 1272 → 1244<\/strong> (-28 for losing)\n|raw|gung hole's rating: 1225 → 1253<\/strong> (+28 for winning)\n|l|\u203dgung hole\n","uploadtime":1682992843,"views":13,"p1id":"leafyarrow","p2id":"gunghole","formatid":"gen9vgc2023regulationc","rating":1244,"private":0,"password":""}