{"id":"gen9vgc2023regulationc-1849020994","p1":"kinohara","p2":"leafyarrow","format":"[Gen 9] VGC 2023 Regulation C","log":"|j|\u2606kinohara\n|j|\u2606leafyarrow\n|t:|1682140244\n|gametype|doubles\n|player|p1|kinohara|acetrainerf|\n|player|p2|leafyarrow|leaf-masters|\n|teamsize|p1|6\n|teamsize|p2|6\n|gen|9\n|tier|[Gen 9] VGC 2023 Regulation C\n|rule|Species Clause: Limit one of each Pok\u00e9mon\n|rule|Item Clause: Limit one of each item\n|clearpoke\n|poke|p1|Baxcalibur, L50, M|\n|poke|p1|Flutter Mane, L50|\n|poke|p1|Arcanine, L50, F|\n|poke|p1|Jumpluff, L50, F|\n|poke|p1|Azumarill, L50, F|\n|poke|p1|Sandy Shocks, L50|\n|poke|p2|Flutter Mane, L50|\n|poke|p2|Palafin, L50, F|\n|poke|p2|Amoonguss, L50, F|\n|poke|p2|Ting-Lu, L50|\n|poke|p2|Arcanine, L50, F|\n|poke|p2|Roaring Moon, L50|\n|teampreview|4\nleafyarrow has agreed to open team sheets.\nkinohara has agreed to open team sheets.\n|\n|t:|1682140283\n|start\n|switch|p1a: Sandy Shocks|Sandy Shocks, L50|100\/100\n|switch|p1b: Jumpluff|Jumpluff, L50, F|100\/100\n|switch|p2a: Arcanine|Arcanine, L50, F|100\/100\n|switch|p2b: Roaring Moon|Roaring Moon, L50|100\/100\n|-ability|p2a: Arcanine|Intimidate|boost\n|-unboost|p1a: Sandy Shocks|atk|1\n|-unboost|p1b: Jumpluff|atk|1\n|-enditem|p2b: Roaring Moon|Booster Energy\n|-activate|p2b: Roaring Moon|ability: Protosynthesis|[fromitem]\n|-start|p2b: Roaring Moon|protosynthesisspe\n|turn|1\n|\n|t:|1682140313\n|switch|p1b: Arcanine|Arcanine, L50, F|100\/100\n|-ability|p1b: Arcanine|Intimidate|boost\n|-unboost|p2a: Arcanine|atk|1\n|-unboost|p2b: Roaring Moon|atk|1\n|-terastallize|p2a: Arcanine|Grass\n|move|p2a: Arcanine|Extreme Speed|p1b: Arcanine\n|-damage|p1b: Arcanine|86\/100\n|move|p2b: Roaring Moon|Acrobatics|p1b: Arcanine\n|-damage|p1b: Arcanine|55\/100\n|move|p1a: Sandy Shocks|Earth Power|p2a: Arcanine\n|-resisted|p2a: Arcanine\n|-damage|p2a: Arcanine|72\/100\n|-damage|p1a: Sandy Shocks|91\/100|[from] item: Life Orb\n|\n|upkeep\n|turn|2\n|\n|t:|1682140347\n|-end|p1a: Sandy Shocks|Protosynthesis|[silent]\n|switch|p1a: Baxcalibur|Baxcalibur, L50, M|100\/100\n|switch|p2a: Ting-Lu|Ting-Lu, L50|100\/100\n|-ability|p2a: Ting-Lu|Vessel of Ruin\n|move|p2b: Roaring Moon|Protect|p2b: Roaring Moon\n|-singleturn|p2b: Roaring Moon|Protect\n|move|p1b: Arcanine|Howl|p1b: Arcanine|[spread] p1a,p1b\n|-boost|p1a: Baxcalibur|atk|1\n|-boost|p1b: Arcanine|atk|1\n|\n|upkeep\n|turn|3\n|\n|t:|1682140368\n|-end|p2b: Roaring Moon|Protosynthesis|[silent]\n|switch|p2b: Arcanine|Arcanine, L50, F, tera:Grass|72\/100\n|-ability|p2b: Arcanine|Intimidate|boost\n|-unboost|p1a: Baxcalibur|atk|1\n|-unboost|p1b: Arcanine|atk|1\n|-terastallize|p1a: Baxcalibur|Water\n|move|p1b: Arcanine|Howl|p1b: Arcanine|[spread] p1a,p1b\n|-boost|p1a: Baxcalibur|atk|1\n|-boost|p1b: Arcanine|atk|1\n|move|p1a: Baxcalibur|Glaive Rush|p2b: Arcanine\n|-damage|p2b: Arcanine|0 fnt\n|-singlemove|p1a: Baxcalibur|Glaive Rush|[silent]\n|faint|p2b: Arcanine\n|move|p2a: Ting-Lu|Fissure|p1a: Baxcalibur\n|-damage|p1a: Baxcalibur|0 fnt\n|faint|p1a: Baxcalibur\n|-ohko\n|\n|upkeep\n|\n|t:|1682140440\n|switch|p2b: Flutter Mane|Flutter Mane, L50|100\/100\n|switch|p1a: Jumpluff|Jumpluff, L50, F|100\/100\n|turn|4\n|\n|t:|1682140460\n|move|p2b: Flutter Mane|Shadow Ball|p1b: Arcanine\n|-damage|p1b: Arcanine|11\/100\n|-unboost|p1b: Arcanine|spd|1\n|move|p1a: Jumpluff|Tailwind|p1a: Jumpluff\n|-sidestart|p1: kinohara|move: Tailwind\n|move|p1b: Arcanine|Will-O-Wisp|p2a: Ting-Lu\n|-status|p2a: Ting-Lu|brn\n|move|p2a: Ting-Lu|Stomping Tantrum|p1b: Arcanine\n|-supereffective|p1b: Arcanine\n|-damage|p1b: Arcanine|0 fnt\n|faint|p1b: Arcanine\n|\n|-damage|p2a: Ting-Lu|94\/100 brn|[from] brn\n|upkeep\n|\n|t:|1682140469\n|switch|p1b: Sandy Shocks|Sandy Shocks, L50|91\/100\n|turn|5\n|\n|t:|1682140482\n|move|p1b: Sandy Shocks|Protect|p1b: Sandy Shocks\n|-singleturn|p1b: Sandy Shocks|Protect\n|move|p1a: Jumpluff|Strength Sap|p2a: Ting-Lu\n|-unboost|p2a: Ting-Lu|atk|1\n|move|p2b: Flutter Mane|Shadow Ball|p1b: Sandy Shocks\n|-activate|p1b: Sandy Shocks|move: Protect\n|move|p2a: Ting-Lu|Stomping Tantrum|p1b: Sandy Shocks\n|-activate|p1b: Sandy Shocks|move: Protect\n|\n|-damage|p2a: Ting-Lu|88\/100 brn|[from] brn\n|upkeep\n|turn|6\n|\n|t:|1682140508\n|move|p1a: Jumpluff|Sleep Powder|p2b: Flutter Mane\n|-status|p2b: Flutter Mane|slp|[from] move: Sleep Powder\n|move|p1b: Sandy Shocks|Flash Cannon|p2b: Flutter Mane\n|-supereffective|p2b: Flutter Mane\n|-damage|p2b: Flutter Mane|48\/100 slp\n|-damage|p1b: Sandy Shocks|81\/100|[from] item: Life Orb\n|cant|p2b: Flutter Mane|slp\n|move|p2a: Ting-Lu|Stomping Tantrum|p1b: Sandy Shocks\n|-supereffective|p1b: Sandy Shocks\n|-damage|p1b: Sandy Shocks|59\/100\n|\n|-damage|p2a: Ting-Lu|82\/100 brn|[from] brn\n|upkeep\n|turn|7\n|\n|t:|1682140525\n|move|p1a: Jumpluff|Pollen Puff|p1b: Sandy Shocks\n|-heal|p1b: Sandy Shocks|100\/100\n|move|p1b: Sandy Shocks|Flash Cannon|p2b: Flutter Mane\n|-supereffective|p2b: Flutter Mane\n|-damage|p2b: Flutter Mane|0 fnt\n|faint|p2b: Flutter Mane\n|-end|p2b: Flutter Mane|Protosynthesis|[silent]\n|-damage|p1b: Sandy Shocks|91\/100|[from] item: Life Orb\n|move|p2a: Ting-Lu|Fissure|p1b: Sandy Shocks\n|-damage|p1b: Sandy Shocks|0 fnt\n|faint|p1b: Sandy Shocks\n|-end|p1b: Sandy Shocks|Protosynthesis|[silent]\n|-ohko\n|\n|-damage|p2a: Ting-Lu|76\/100 brn|[from] brn\n|-sideend|p1: kinohara|move: Tailwind\n|upkeep\n|\n|t:|1682140538\n|switch|p2b: Roaring Moon|Roaring Moon, L50|100\/100\n|turn|8\n|\n|t:|1682140558\n|move|p2b: Roaring Moon|Dragon Dance|p2b: Roaring Moon\n|-boost|p2b: Roaring Moon|atk|1\n|-boost|p2b: Roaring Moon|spe|1\n|move|p1a: Jumpluff|Sleep Powder|p2b: Roaring Moon\n|-status|p2b: Roaring Moon|slp|[from] move: Sleep Powder\n|move|p2a: Ting-Lu|Heavy Slam|p1a: Jumpluff\n|-damage|p1a: Jumpluff|88\/100\n|\n|-damage|p2a: Ting-Lu|70\/100 brn|[from] brn\n|upkeep\n|turn|9\n|\n|t:|1682140578\n|cant|p2b: Roaring Moon|slp\n|move|p1a: Jumpluff|Strength Sap|p2b: Roaring Moon\n|-unboost|p2b: Roaring Moon|atk|1\n|-heal|p1a: Jumpluff|100\/100\n|move|p2a: Ting-Lu|Ruination|p1a: Jumpluff\n|-damage|p1a: Jumpluff|50\/100\n|\n|-damage|p2a: Ting-Lu|64\/100 brn|[from] brn\n|upkeep\n|turn|10\n|\n|t:|1682140590\n|cant|p2b: Roaring Moon|slp\n|move|p1a: Jumpluff|Strength Sap|p2b: Roaring Moon\n|-unboost|p2b: Roaring Moon|atk|1\n|-heal|p1a: Jumpluff|100\/100\n|move|p2a: Ting-Lu|Ruination|p1a: Jumpluff\n|-damage|p1a: Jumpluff|50\/100\n|\n|-damage|p2a: Ting-Lu|58\/100 brn|[from] brn\n|upkeep\n|turn|11\n|\n|t:|1682140602\n|-curestatus|p2b: Roaring Moon|slp|[msg]\n|move|p2b: Roaring Moon|Acrobatics|p1a: Jumpluff\n|-supereffective|p1a: Jumpluff\n|-damage|p1a: Jumpluff|0 fnt\n|faint|p1a: Jumpluff\n|\n|win|leafyarrow\n","uploadtime":1682140610,"views":11,"p1id":"kinohara","p2id":"leafyarrow","formatid":"gen9vgc2023regulationc","rating":0,"private":0,"password":""}