{"id":"gen9vgc2023regulationc-1857020949","p1":"Wellington Kobs","p2":"NicoHaxVGC","format":"[Gen 9] VGC 2023 Regulation C","log":"|j|\u2606Wellington Kobs\n|j|\u2606NicoHaxVGC\n|t:|1683137569\n|gametype|doubles\n|player|p1|Wellington Kobs|blue|1208\n|player|p2|NicoHaxVGC|red|1244\n|teamsize|p1|6\n|teamsize|p2|6\n|gen|9\n|tier|[Gen 9] VGC 2023 Regulation C\n|rated|\n|rule|Species Clause: Limit one of each Pok\u00e9mon\n|rule|Item Clause: Limit one of each item\n|clearpoke\n|poke|p1|Iron Hands, L50|\n|poke|p1|Amoonguss, L50, F|\n|poke|p1|Pelipper, L50, F|\n|poke|p1|Palafin, L50, F|\n|poke|p1|Chien-Pao, L50|\n|poke|p1|Dragonite, L50, F|\n|poke|p2|Corviknight, L50, F|\n|poke|p2|Ting-Lu, L50|\n|poke|p2|Annihilape, L50, M|\n|poke|p2|Maushold, L50|\n|poke|p2|Iron Bundle, L50|\n|poke|p2|Flutter Mane, L50|\n|teampreview|4\n|inactive|Battle timer is ON: inactive players will automatically lose when time's up. (requested by NicoHaxVGC)\n|inactive|Wellington Kobs has 60 seconds left.\n|\n|t:|1683137609\n|start\n|switch|p1a: Eragon|Dragonite, L50, F|100\/100\n|switch|p1b: Luca Proda|Iron Hands, L50|100\/100\n|switch|p2a: Aure-Corne|Maushold, L50|100\/100\n|switch|p2b: Star fire|Flutter Mane, L50|100\/100\n|turn|1\n|\n|t:|1683137634\n|-terastallize|p2a: Aure-Corne|Ghost\n|-terastallize|p1a: Eragon|Flying\n|move|p1b: Luca Proda|Fake Out|p2a: Aure-Corne\n|-immune|p2a: Aure-Corne\n|move|p2a: Aure-Corne|Follow Me|p2a: Aure-Corne\n|-singleturn|p2a: Aure-Corne|move: Follow Me\n|move|p2b: Star fire|Dazzling Gleam|p1b: Luca Proda|[spread] p1a,p1b\n|-supereffective|p1b: Luca Proda\n|-damage|p1a: Eragon|81\/100\n|-damage|p1b: Luca Proda|56\/100\n|move|p1a: Eragon|Tera Blast|p2a: Aure-Corne\n|-damage|p2a: Aure-Corne|17\/100\n|\n|upkeep\n|turn|2\n|\n|t:|1683137658\n|move|p2a: Aure-Corne|Follow Me|p2a: Aure-Corne\n|-singleturn|p2a: Aure-Corne|move: Follow Me\n|move|p2b: Star fire|Dazzling Gleam|p1a: Eragon|[spread] p1a,p1b\n|-supereffective|p1b: Luca Proda\n|-damage|p1a: Eragon|40\/100\n|-damage|p1b: Luca Proda|11\/100\n|move|p1a: Eragon|Tera Blast|p2a: Aure-Corne\n|-damage|p2a: Aure-Corne|0 fnt\n|faint|p2a: Aure-Corne\n|move|p1b: Luca Proda|Volt Switch|p2b: Star fire\n|-damage|p2b: Star fire|89\/100\n|\n|t:|1683137672\n|-end|p1b: Luca Proda|Quark Drive|[silent]\n|switch|p1b: Flipper|Palafin, L50, F|100\/100|[from] Volt Switch\n|\n|upkeep\n|\n|t:|1683137677\n|switch|p2a: Cyborg|Iron Bundle, L50|100\/100\n|-enditem|p2a: Cyborg|Booster Energy\n|-activate|p2a: Cyborg|ability: Quark Drive|[fromitem]\n|-start|p2a: Cyborg|quarkdrivespe\n|turn|3\n|\n|t:|1683137697\n|detailschange|p1b: Flipper|Palafin-Hero, L50, F\n|switch|p1b: El Lluvias|Pelipper, L50, F|100\/100\n|-weather|RainDance|[from] ability: Drizzle|[of] p1b: El Lluvias\n|move|p2a: Cyborg|Freeze-Dry|p1b: El Lluvias\n|-supereffective|p1b: El Lluvias\n|-enditem|p1b: El Lluvias|Focus Sash\n|-damage|p1b: El Lluvias|1\/100\n|move|p2b: Star fire|Dazzling Gleam|p1b: El Lluvias|[spread] p1a,p1b\n|-damage|p1a: Eragon|0 fnt\n|-damage|p1b: El Lluvias|0 fnt\n|faint|p1a: Eragon\n|faint|p1b: El Lluvias\n|\n|-weather|RainDance|[upkeep]\n|upkeep\n|\n|t:|1683137700\n|switch|p1b: Luca Proda|Iron Hands, L50|11\/100\n|switch|p1a: Flipper|Palafin-Hero, L50, F|100\/100\n|-activate|p1a: Flipper|ability: Zero to Hero\n|turn|4\n|\n|t:|1683137718\n|-end|p2b: Star fire|Protosynthesis|[silent]\n|switch|p2b: Raven|Corviknight, L50, F|100\/100\n|move|p2a: Cyborg|Protect|p2a: Cyborg\n|-singleturn|p2a: Cyborg|Protect\n|move|p1b: Luca Proda|Fake Out|p2a: Cyborg\n|-activate|p2a: Cyborg|move: Protect\n|move|p1a: Flipper|Jet Punch|p2b: Raven\n|-damage|p2b: Raven|40\/100\n|\n|-weather|RainDance|[upkeep]\n|upkeep\n|turn|5\n|\n|t:|1683137739\n|move|p1a: Flipper|Protect|p1a: Flipper\n|-singleturn|p1a: Flipper|Protect\n|move|p2a: Cyborg|Freeze-Dry|p1a: Flipper\n|-activate|p1a: Flipper|move: Protect\n|move|p2b: Raven|Brave Bird|p1b: Luca Proda\n|-damage|p1b: Luca Proda|0 fnt\n|faint|p1b: Luca Proda\n|-end|p1b: Luca Proda|Quark Drive|[silent]\n|-damage|p2b: Raven|35\/100|[from] Recoil\n|\n|-weather|RainDance|[upkeep]\n|upkeep\n|turn|6\n|\n|t:|1683137755\n|move|p2a: Cyborg|Freeze-Dry|p1a: Flipper\n|-supereffective|p1a: Flipper\n|-damage|p1a: Flipper|42\/100\n|move|p1a: Flipper|Wave Crash|p2a: Cyborg\n|-resisted|p2a: Cyborg\n|-damage|p2a: Cyborg|15\/100\n|-damage|p1a: Flipper|22\/100|[from] Recoil\n|move|p2b: Raven|Brave Bird|p1a: Flipper\n|-damage|p1a: Flipper|0 fnt\n|faint|p1a: Flipper\n|-damage|p2b: Raven|28\/100|[from] Recoil\n|\n|win|NicoHaxVGC\n|raw|Wellington Kobs's rating: 1208 → 1186<\/strong> (-22 for losing)\n|raw|NicoHaxVGC's rating: 1244 → 1266<\/strong> (+22 for winning)\n|l|\u2606Wellington Kobs\n","uploadtime":1683137799,"views":21,"p1id":"wellingtonkobs","p2id":"nicohaxvgc","formatid":"gen9vgc2023regulationc","rating":1186,"private":0,"password":""}