{"id":"gen9vgc2023regulationc-1854297251","p1":"Appleknight777","p2":"TheEeveeAnimations","format":"[Gen 9] VGC 2023 Regulation C","log":"|j|\u2606Appleknight777\n|j|\u2606TheEeveeAnimations\n|t:|1682793956\n|gametype|doubles\n|player|p1|Appleknight777|102|1420\n|player|p2|TheEeveeAnimations|dahlia|1462\n|teamsize|p1|6\n|teamsize|p2|6\n|gen|9\n|tier|[Gen 9] VGC 2023 Regulation C\n|rated|\n|rule|Species Clause: Limit one of each Pok\u00e9mon\n|rule|Item Clause: Limit one of each item\n|clearpoke\n|poke|p1|Maushold-Four, L50|\n|poke|p1|Chien-Pao, L50|\n|poke|p1|Flutter Mane, L50|\n|poke|p1|Arcanine, L50, F|\n|poke|p1|Kingambit, L50, F|\n|poke|p1|Amoonguss, L50, M|\n|poke|p2|Gholdengo, L50|\n|poke|p2|Maushold-Four, L50|\n|poke|p2|Flutter Mane, L50|\n|poke|p2|Wo-Chien, L50|\n|poke|p2|Palafin, L50, F|\n|poke|p2|Arcanine, L50, F|\n|teampreview|4\nTheEeveeAnimations has agreed to open team sheets.\n|c|\u2606TheEeveeAnimations|glhf\n|inactive|Battle timer is ON: inactive players will automatically lose when time's up. (requested by Appleknight777)\nAppleknight777 has agreed to open team sheets.\n|inactive|TheEeveeAnimations has 60 seconds left.\n|\n|t:|1682794025\n|start\n|switch|p1a: Kingambit|Kingambit, L50, F|100\/100\n|switch|p1b: Amoonguss|Amoonguss, L50, M|100\/100\n|switch|p2a: Gholdengo|Gholdengo, L50|100\/100\n|switch|p2b: Maushold|Maushold-Four, L50|100\/100\n|turn|1\n|inactive|Appleknight777 has 30 seconds left.\n|\n|t:|1682794051\n|switch|p1b: Chien-Pao|Chien-Pao, L50|100\/100\n|-ability|p1b: Chien-Pao|Sword of Ruin\n|move|p2b: Maushold|Follow Me|p2b: Maushold\n|-singleturn|p2b: Maushold|move: Follow Me\n|move|p2a: Gholdengo|Nasty Plot|p2a: Gholdengo\n|-boost|p2a: Gholdengo|spa|2\n|move|p1a: Kingambit|Kowtow Cleave|p2b: Maushold\n|-damage|p2b: Maushold|34\/100\n|\n|upkeep\n|turn|2\n|inactive|TheEeveeAnimations has 30 seconds left.\n|\n|t:|1682794083\n|switch|p2b: Homer|Wo-Chien, L50|100\/100\n|-ability|p2b: Homer|Tablets of Ruin\n|-terastallize|p2a: Gholdengo|Water\n|move|p1b: Chien-Pao|Sacred Sword|p2b: Homer\n|-supereffective|p2b: Homer\n|-damage|p2b: Homer|61\/100\n|move|p2a: Gholdengo|Make It Rain|p1b: Chien-Pao|[spread] p1a,p1b\n|-resisted|p1a: Kingambit\n|-supereffective|p1b: Chien-Pao\n|-damage|p1a: Kingambit|74\/100\n|-enditem|p1b: Chien-Pao|Focus Sash\n|-damage|p1b: Chien-Pao|1\/100\n|-unboost|p2a: Gholdengo|spa|1\n|move|p1a: Kingambit|Kowtow Cleave|p2a: Gholdengo\n|-damage|p2a: Gholdengo|50\/100\n|\n|-heal|p2a: Gholdengo|56\/100|[from] item: Leftovers\n|upkeep\n|turn|3\n|inactive|Appleknight777 has 30 seconds left.\n|inactive|TheEeveeAnimations has 30 seconds left.\n|inactive|Appleknight777 has 20 seconds left.\n|inactive|TheEeveeAnimations has 20 seconds left.\n|inactive|Appleknight777 has 15 seconds left.\n|inactive|TheEeveeAnimations has 15 seconds left.\n|inactive|Appleknight777 has 10 seconds left.\n|inactive|TheEeveeAnimations has 10 seconds left.\n|inactive|Appleknight777 has 5 seconds left.\n|\n|t:|1682794136\n|switch|p1b: Amoonguss|Amoonguss, L50, M|100\/100\n|switch|p2a: Maushold|Maushold-Four, L50|34\/100\n|move|p2b: Homer|Foul Play|p1b: Amoonguss\n|-damage|p1b: Amoonguss|78\/100\n|move|p1a: Kingambit|Kowtow Cleave|p2a: Maushold\n|-damage|p2a: Maushold|0 fnt\n|faint|p2a: Maushold\n|\n|upkeep\n|\n|t:|1682794148\n|switch|p2a: badonkadonk|Flutter Mane, L50|100\/100\n|turn|4\n|inactive|Appleknight777 has 30 seconds left.\n|inactive|TheEeveeAnimations has 30 seconds left.\n|inactive|Appleknight777 has 20 seconds left.\n|\n|t:|1682794184\n|move|p2a: badonkadonk|Dazzling Gleam|p1a: Kingambit|[spread] p1a,p1b\n|-resisted|p1b: Amoonguss\n|-damage|p1a: Kingambit|47\/100\n|-damage|p1b: Amoonguss|59\/100\n|move|p2b: Homer|Pollen Puff|p2a: badonkadonk\n|-immune|p2a: badonkadonk\n|move|p1a: Kingambit|Iron Head|p2a: badonkadonk\n|-supereffective|p2a: badonkadonk\n|-damage|p2a: badonkadonk|0 fnt\n|faint|p2a: badonkadonk\n|-end|p2a: badonkadonk|Protosynthesis|[silent]\n|move|p1b: Amoonguss|Pollen Puff|p1a: Kingambit\n|-heal|p1a: Kingambit|97\/100\n|\n|upkeep\n|\n|t:|1682794192\n|switch|p2a: Gholdengo|Gholdengo, L50, tera:Water|56\/100\n|turn|5\n|c|\u2606TheEeveeAnimations|yeah i threw\n|c|\u2606TheEeveeAnimations|gg\n|\n|t:|1682794206\n|move|p2a: Gholdengo|Nasty Plot|p2a: Gholdengo\n|-boost|p2a: Gholdengo|spa|2\n|move|p2b: Homer|Pollen Puff|p2a: Gholdengo\n|-heal|p2a: Gholdengo|100\/100\n|move|p1a: Kingambit|Kowtow Cleave|p2a: Gholdengo\n|-damage|p2a: Gholdengo|62\/100\n|move|p1b: Amoonguss|Pollen Puff|p2b: Homer\n|-supereffective|p2b: Homer\n|-damage|p2b: Homer|22\/100\n|\n|-heal|p2a: Gholdengo|68\/100|[from] item: Leftovers\n|upkeep\n|turn|6\n|\n|t:|1682794225\n|move|p2a: Gholdengo|Shadow Ball|p1b: Amoonguss\n|-damage|p1b: Amoonguss|0 fnt\n|faint|p1b: Amoonguss\n|move|p2b: Homer|Foul Play|p1a: Kingambit\n|-resisted|p1a: Kingambit\n|-damage|p1a: Kingambit|77\/100\n|move|p1a: Kingambit|Kowtow Cleave|p2a: Gholdengo\n|-damage|p2a: Gholdengo|30\/100\n|\n|-heal|p2a: Gholdengo|36\/100|[from] item: Leftovers\n|upkeep\n|\n|t:|1682794230\n|switch|p1b: Maushold|Maushold-Four, L50|100\/100\n|turn|7\n|\n|t:|1682794245\n|-terastallize|p1a: Kingambit|Dark\n|move|p1a: Kingambit|Sucker Punch|p2a: Gholdengo\n|-damage|p2a: Gholdengo|0 fnt\n|faint|p2a: Gholdengo\n|move|p1b: Maushold|Population Bomb|p2b: Homer\n|-damage|p2b: Homer|15\/100\n|-damage|p2b: Homer|9\/100\n|-damage|p2b: Homer|3\/100\n|-damage|p2b: Homer|0 fnt\n|faint|p2b: Homer\n|-hitcount|p2: Homer|4\n|\n|win|Appleknight777\n|raw|Appleknight777's rating: 1420 → 1442<\/strong> (+22 for winning)\n|raw|TheEeveeAnimations's rating: 1462 → 1440<\/strong> (-22 for losing)\n","uploadtime":1682794250,"views":24,"p1id":"appleknight777","p2id":"theeeveeanimations","formatid":"gen9vgc2023regulationc","rating":1440,"private":0,"password":""}