{"id":"gen9vgc2023regulationc-1846183142","p1":"clawboi","p2":"FROZENFALL","format":"[Gen 9] VGC 2023 Regulation C","log":"|j|\u2606clawboi\n|j|\u2606FROZENFALL\n|t:|1681818461\n|gametype|doubles\n|player|p1|clawboi|veteran-gen4|1300\n|player|p2|FROZENFALL|nate|1320\n|teamsize|p1|6\n|teamsize|p2|6\n|gen|9\n|tier|[Gen 9] VGC 2023 Regulation C\n|rated|\n|rule|Species Clause: Limit one of each Pok\u00e9mon\n|rule|Item Clause: Limit one of each item\n|clearpoke\n|poke|p1|Chien-Pao, L50|\n|poke|p1|Palafin, L50, F|\n|poke|p1|Dragonite, L50, F|\n|poke|p1|Amoonguss, L50, M|\n|poke|p1|Arcanine, L50, F|\n|poke|p1|Gholdengo, L50|\n|poke|p2|Iron Bundle, L50|\n|poke|p2|Wo-Chien, L50|\n|poke|p2|Orthworm, L50, M|\n|poke|p2|Ting-Lu, L50|\n|poke|p2|Dragonite, L50, F|\n|poke|p2|Vivillon, L50, F|\n|teampreview|4\n|inactive|Battle timer is ON: inactive players will automatically lose when time's up. (requested by clawboi)\n|inactive|FROZENFALL has 60 seconds left.\n|inactive|FROZENFALL has 30 seconds left.\n|inactive|FROZENFALL has 20 seconds left.\n|\n|t:|1681818534\n|start\n|switch|p1a: Palafin|Palafin, L50, F|100\/100\n|switch|p1b: Gholdengo|Gholdengo, L50|100\/100\n|switch|p2a: Orthworm|Orthworm, L50, M|100\/100\n|switch|p2b: Ting-Lu|Ting-Lu, L50|100\/100\n|-ability|p2b: Ting-Lu|Vessel of Ruin\n|turn|1\n|\n|t:|1681818554\n|detailschange|p1a: Palafin|Palafin-Hero, L50, F\n|switch|p1a: Dragonite|Dragonite, L50, F|100\/100\n|move|p1b: Gholdengo|Nasty Plot|p1b: Gholdengo\n|-boost|p1b: Gholdengo|spa|2\n|move|p2a: Orthworm|Shed Tail|p2a: Orthworm\n|-start|p2a: Orthworm|Substitute|[from] move: Shed Tail\n|-damage|p2a: Orthworm|50\/100\n|-enditem|p2a: Orthworm|Sitrus Berry|[eat]\n|-heal|p2a: Orthworm|75\/100|[from] item: Sitrus Berry\n|\n|t:|1681818566\n|switch|p2a: Vivillon|Vivillon, L50, F|100\/100|[from] Shed Tail\n|move|p2b: Ting-Lu|Earthquake|p1b: Gholdengo|[spread] p1b\n|-immune|p2a: Vivillon\n|-immune|p1a: Dragonite\n|-supereffective|p1b: Gholdengo\n|-damage|p1b: Gholdengo|38\/100\n|\n|-heal|p1b: Gholdengo|44\/100|[from] item: Leftovers\n|upkeep\n|turn|2\n|inactive|clawboi has 30 seconds left.\n|inactive|FROZENFALL has 30 seconds left.\n|inactive|clawboi has 20 seconds left.\n|\n|t:|1681818606\n|-terastallize|p1b: Gholdengo|Water\n|move|p2b: Ting-Lu|Protect|p2b: Ting-Lu\n|-singleturn|p2b: Ting-Lu|Protect\n|move|p2a: Vivillon|Sleep Powder|p1a: Dragonite\n|-status|p1a: Dragonite|slp|[from] move: Sleep Powder\n|-enditem|p1a: Dragonite|Lum Berry|[eat]\n|-curestatus|p1a: Dragonite|slp|[msg]\n|move|p1b: Gholdengo|Make It Rain|p2b: Ting-Lu|[spread] p2a\n|-activate|p2b: Ting-Lu|move: Protect\n|-end|p2a: Vivillon|Substitute\n|-unboost|p1b: Gholdengo|spa|1\n|move|p1a: Dragonite|Tailwind|p1a: Dragonite\n|-sidestart|p1: clawboi|move: Tailwind\n|\n|-heal|p1b: Gholdengo|50\/100|[from] item: Leftovers\n|upkeep\n|turn|3\n|inactive|FROZENFALL has 30 seconds left.\n|inactive|FROZENFALL has 20 seconds left.\n|\n|t:|1681818641\n|-terastallize|p2b: Ting-Lu|Fire\n|move|p2a: Vivillon|Protect|p2a: Vivillon\n|-singleturn|p2a: Vivillon|Protect\n|move|p1b: Gholdengo|Nasty Plot|p1b: Gholdengo\n|-boost|p1b: Gholdengo|spa|2\n|move|p1a: Dragonite|Rock Slide|p2b: Ting-Lu|[spread] p2b\n|-activate|p2a: Vivillon|move: Protect\n|-supereffective|p2b: Ting-Lu\n|-damage|p2b: Ting-Lu|81\/100\n|move|p2b: Ting-Lu|Earthquake|p1a: Dragonite|[spread] p1b\n|-activate|p2a: Vivillon|move: Protect\n|-immune|p1a: Dragonite\n|-damage|p1b: Gholdengo|19\/100\n|\n|-heal|p1b: Gholdengo|25\/100|[from] item: Leftovers\n|upkeep\n|turn|4\n|\n|t:|1681818666\n|switch|p2a: Orthworm|Orthworm, L50, M|75\/100\n|move|p1b: Gholdengo|Protect|p1b: Gholdengo\n|-singleturn|p1b: Gholdengo|Protect\n|move|p1a: Dragonite|Rock Slide|p2a: Orthworm|[spread] p2a,p2b\n|-resisted|p2a: Orthworm\n|-supereffective|p2b: Ting-Lu\n|-damage|p2a: Orthworm|68\/100\n|-damage|p2b: Ting-Lu|56\/100\n|move|p2b: Ting-Lu|Earthquake|p1a: Dragonite|[spread] \n|-activate|p1b: Gholdengo|move: Protect\n|-heal|p2a: Orthworm|93\/100|[from] ability: Earth Eater|[of] p2b: Ting-Lu\n|-immune|p1a: Dragonite\n|\n|-heal|p1b: Gholdengo|31\/100|[from] item: Leftovers\n|upkeep\n|turn|5\n|\n|t:|1681818688\n|move|p2b: Ting-Lu|Protect|p2b: Ting-Lu\n|-singleturn|p2b: Ting-Lu|Protect\n|move|p1b: Gholdengo|Shadow Ball|p2a: Orthworm\n|-damage|p2a: Orthworm|0 fnt\n|faint|p2a: Orthworm\n|move|p1a: Dragonite|Rock Slide|p2b: Ting-Lu\n|-activate|p2b: Ting-Lu|move: Protect\n|\n|-heal|p1b: Gholdengo|37\/100|[from] item: Leftovers\n|-sideend|p1: clawboi|move: Tailwind\n|upkeep\n|\n|t:|1681818697\n|switch|p2a: Iron Bundle|Iron Bundle, L50|100\/100\n|-enditem|p2a: Iron Bundle|Booster Energy\n|-activate|p2a: Iron Bundle|ability: Quark Drive|[fromitem]\n|-start|p2a: Iron Bundle|quarkdrivespe\n|turn|6\n|\n|t:|1681818719\n|move|p2a: Iron Bundle|Freeze-Dry|p1a: Dragonite\n|-supereffective|p1a: Dragonite\n|-damage|p1a: Dragonite|55\/100\n|move|p1b: Gholdengo|Make It Rain|p2b: Ting-Lu|[spread] p2a,p2b\n|-resisted|p2b: Ting-Lu\n|-damage|p2a: Iron Bundle|0 fnt\n|-damage|p2b: Ting-Lu|23\/100\n|-unboost|p1b: Gholdengo|spa|1\n|faint|p2a: Iron Bundle\n|-end|p2a: Iron Bundle|Quark Drive|[silent]\n|move|p1a: Dragonite|Rock Slide|p2b: Ting-Lu\n|-supereffective|p2b: Ting-Lu\n|-damage|p2b: Ting-Lu|0 fnt\n|faint|p2b: Ting-Lu\n|\n|-heal|p1b: Gholdengo|44\/100|[from] item: Leftovers\n|upkeep\n|-message|FROZENFALL forfeited.\n|\n|win|clawboi\n|raw|clawboi's rating: 1300 → 1326<\/strong> (+26 for winning)\n|raw|FROZENFALL's rating: 1320 → 1299<\/strong> (-21 for losing)\n|l|\u2606FROZENFALL\n|c|\u2606clawboi|Boldengho busted\n","uploadtime":1681818871,"views":5,"p1id":"clawboi","p2id":"frozenfall","formatid":"gen9vgc2023regulationc","rating":1299,"private":0,"password":""}