{"id":"gen9vgc2023regulationc-1846952046","p1":"Rofus10","p2":"200 routes","format":"[Gen 9] VGC 2023 Regulation C","log":"|j|\u2606Rofus10\n|j|\u2606200 routes\n|t:|1681905338\n|gametype|doubles\n|player|p1|Rofus10|102|1327\n|player|p2|200 routes|102|1359\n|teamsize|p1|6\n|teamsize|p2|6\n|gen|9\n|tier|[Gen 9] VGC 2023 Regulation C\n|rated|\n|rule|Species Clause: Limit one of each Pok\u00e9mon\n|rule|Item Clause: Limit one of each item\n|clearpoke\n|poke|p1|Garganacl, L50, F|\n|poke|p1|Sableye, L50, F|\n|poke|p1|Tyranitar, L50, M|\n|poke|p1|Scizor, L50, F|\n|poke|p1|Garchomp, L50, M|\n|poke|p1|Amoonguss, L50, M|\n|poke|p2|Scizor, L50, M|\n|poke|p2|Iron Bundle, L50|\n|poke|p2|Iron Hands, L50|\n|poke|p2|Baxcalibur, L50, M|\n|poke|p2|Amoonguss, L50, F|\n|poke|p2|Flutter Mane, L50|\n|teampreview|4\n|inactive|Battle timer is ON: inactive players will automatically lose when time's up. (requested by 200 routes)\n200 routes has agreed to open team sheets.\n|inactive|200 routes has 60 seconds left.\n|\n|t:|1681905376\n|start\n|switch|p1a: Sableye|Sableye, L50, F|100\/100\n|switch|p1b: Garchomp|Garchomp, L50, M|100\/100\n|switch|p2a: Iron Hands|Iron Hands, L50|100\/100\n|switch|p2b: Flutter Mane|Flutter Mane, L50|100\/100\n|turn|1\n|inactive|200 routes has 30 seconds left.\n|\n|t:|1681905407\n|-terastallize|p2b: Flutter Mane|Water\n|move|p2a: Iron Hands|Fake Out|p1b: Garchomp\n|-damage|p1b: Garchomp|91\/100\n|-damage|p2a: Iron Hands|88\/100|[from] ability: Rough Skin|[of] p1b: Garchomp\n|-damage|p2a: Iron Hands|72\/100|[from] item: Rocky Helmet|[of] p1b: Garchomp\n|move|p1a: Sableye|Light Screen|p1a: Sableye\n|-sidestart|p1: Rofus10|move: Light Screen\n|move|p2b: Flutter Mane|Dazzling Gleam|p1a: Sableye|[spread] p1a,p1b\n|-supereffective|p1a: Sableye\n|-supereffective|p1b: Garchomp\n|-damage|p1a: Sableye|17\/100\n|-damage|p1b: Garchomp|42\/100\n|cant|p1b: Garchomp|flinch\n|\n|upkeep\n|turn|2\n|inactive|200 routes has 30 seconds left.\n|\n|t:|1681905441\n|move|p1a: Sableye|Disable|p2b: Flutter Mane\n|-start|p2b: Flutter Mane|Disable|Dazzling Gleam\n|cant|p2b: Flutter Mane|Disable|Dazzling Gleam\n|move|p1b: Garchomp|Stealth Rock|p2a: Iron Hands\n|-sidestart|p2: 200 routes|move: Stealth Rock\n|move|p2a: Iron Hands|Drain Punch|p1b: Garchomp\n|-damage|p1b: Garchomp|17\/100\n|-heal|p2a: Iron Hands|81\/100|[from] drain|[of] p1b: Garchomp\n|-damage|p2a: Iron Hands|68\/100|[from] ability: Rough Skin|[of] p1b: Garchomp\n|-damage|p2a: Iron Hands|52\/100|[from] item: Rocky Helmet|[of] p1b: Garchomp\n|\n|upkeep\n|turn|3\n|\n|t:|1681905455\n|-end|p2b: Flutter Mane|Protosynthesis|[silent]\n|switch|p2b: Baxcalibur|Baxcalibur, L50, M|100\/100\n|-damage|p2b: Baxcalibur|76\/100|[from] Stealth Rock\n|move|p1a: Sableye|Disable|p2a: Iron Hands\n|-start|p2a: Iron Hands|Disable|Drain Punch\n|move|p1b: Garchomp|Spikes|p2a: Iron Hands\n|-sidestart|p2: 200 routes|Spikes\n|move|p2a: Iron Hands|Wild Charge|p1a: Sableye\n|-damage|p1a: Sableye|0 fnt\n|faint|p1a: Sableye\n|-damage|p2a: Iron Hands|50\/100|[from] Recoil\n|\n|upkeep\n|\n|t:|1681905468\n|switch|p1a: Garganacl|Garganacl, L50, F|100\/100\n|turn|4\n|inactive|Rofus10 has 30 seconds left.\n|\n|t:|1681905493\n|move|p2b: Baxcalibur|Ice Shard|p1b: Garchomp\n|-supereffective|p1b: Garchomp\n|-damage|p1b: Garchomp|0 fnt\n|faint|p1b: Garchomp\n|move|p2a: Iron Hands|Heavy Slam|p1a: Garganacl\n|-supereffective|p1a: Garganacl\n|-damage|p1a: Garganacl|85\/100\n|move|p1a: Garganacl|Salt Cure|p2b: Baxcalibur\n|-supereffective|p2b: Baxcalibur\n|-damage|p2b: Baxcalibur|51\/100\n|-start|p2b: Baxcalibur|Salt Cure\n|\n|-heal|p1a: Garganacl|91\/100|[from] item: Leftovers\n|-damage|p2b: Baxcalibur|39\/100|[from] Salt Cure\n|upkeep\n|\n|t:|1681905506\n|switch|p1b: Amoonguss|Amoonguss, L50, M|100\/100\n|turn|5\n|\n|t:|1681905530\n|move|p1b: Amoonguss|Protect|p1b: Amoonguss\n|-singleturn|p1b: Amoonguss|Protect\n|move|p2b: Baxcalibur|Glaive Rush|p1a: Garganacl\n|-damage|p1a: Garganacl|48\/100\n|-singlemove|p2b: Baxcalibur|Glaive Rush|[silent]\n|move|p2a: Iron Hands|Wild Charge|p1a: Garganacl\n|-damage|p1a: Garganacl|20\/100\n|-damage|p2a: Iron Hands|45\/100|[from] Recoil\n|move|p1a: Garganacl|Substitute|p1a: Garganacl\n|-fail|p1a: Garganacl|move: Substitute|[weak]\n|\n|-heal|p1a: Garganacl|27\/100|[from] item: Leftovers\n|-damage|p2b: Baxcalibur|27\/100|[from] Salt Cure\n|upkeep\n|turn|6\n|l|\u2606Rofus10\n|inactive|Rofus10 disconnected and has a minute to reconnect!\n|player|p1|\n|inactive|Rofus10 has 30 seconds left.\n|inactive|Rofus10 has 20 seconds left.\n|inactive|Rofus10 has 15 seconds left.\n|inactive|Rofus10 has 10 seconds left.\n|inactive|Rofus10 has 5 seconds left.\n|-message|Rofus10 lost due to inactivity.\n|\n|win|200 routes\n|raw|Rofus10's rating: 1327 → 1309<\/strong> (-18 for losing)\n|raw|200 routes's rating: 1359 → 1377<\/strong> (+18 for winning)\n","uploadtime":1681905602,"views":10,"p1id":"rofus10","p2id":"200routes","formatid":"gen9vgc2023regulationc","rating":1309,"private":0,"password":""}