{"id":"gen9vgc2023regulationc-1855569675","p1":"N3rdSl4y3r","p2":"PureNeutral","format":"[Gen 9] VGC 2023 Regulation C","log":"|j|\u2606N3rdSl4y3r\n|j|\u2606PureNeutral\n|t:|1682962867\n|gametype|doubles\n|player|p1|N3rdSl4y3r|rika|\n|player|p2|PureNeutral|elesa|\n|teamsize|p1|6\n|teamsize|p2|6\n|gen|9\n|tier|[Gen 9] VGC 2023 Regulation C\n|rule|Species Clause: Limit one of each Pok\u00e9mon\n|rule|Item Clause: Limit one of each item\n|clearpoke\n|poke|p1|Breloom, L50, F|\n|poke|p1|Chi-Yu, L50|\n|poke|p1|Azumarill, L50, M|\n|poke|p1|Baxcalibur, L50, F|\n|poke|p1|Flutter Mane, L50|\n|poke|p1|Maushold-Four, L50|\n|poke|p2|Maushold-Four, L50|\n|poke|p2|Annihilape, L50, F|\n|poke|p2|Flutter Mane, L50|\n|poke|p2|Talonflame, L50, M|\n|poke|p2|Great Tusk, L50|\n|poke|p2|Chien-Pao, L50|\n|teampreview|4\nPureNeutral has agreed to open team sheets.\nN3rdSl4y3r has agreed to open team sheets.\n|c|\u2606N3rdSl4y3r|glhf!\n|c|\u2606PureNeutral|you too!\n|\n|t:|1682962940\n|start\n|switch|p1a: samuel(s)|Maushold-Four, L50, shiny|100\/100\n|switch|p1b: Chi-Nuke|Chi-Yu, L50|100\/100\n|switch|p2a: Talonflame|Talonflame, L50, M|100\/100\n|switch|p2b: Flutter Mane|Flutter Mane, L50|100\/100\n|-ability|p1b: Chi-Nuke|Beads of Ruin\n|turn|1\n|\n|t:|1682962971\n|-terastallize|p1b: Chi-Nuke|Fire\n|-terastallize|p2b: Flutter Mane|Fairy\n|move|p1a: samuel(s)|Protect|p1a: samuel(s)\n|-singleturn|p1a: samuel(s)|Protect\n|move|p2a: Talonflame|Tailwind|p2a: Talonflame\n|-sidestart|p2: PureNeutral|move: Tailwind\n|move|p2b: Flutter Mane|Dazzling Gleam|p1a: samuel(s)|[spread] p1b\n|-activate|p1a: samuel(s)|move: Protect\n|-resisted|p1b: Chi-Nuke\n|-damage|p1b: Chi-Nuke|77\/100\n|move|p1b: Chi-Nuke|Heat Wave|p2a: Talonflame|[spread] p2a,p2b\n|-resisted|p2a: Talonflame\n|-damage|p2a: Talonflame|41\/100\n|-damage|p2b: Flutter Mane|39\/100\n|-status|p2b: Flutter Mane|brn\n|\n|-damage|p2b: Flutter Mane|33\/100 brn|[from] brn\n|upkeep\n|turn|2\n|\n|t:|1682962988\n|move|p1a: samuel(s)|Follow Me|p1a: samuel(s)\n|-singleturn|p1a: samuel(s)|move: Follow Me\n|move|p2a: Talonflame|Brave Bird|p1a: samuel(s)\n|-damage|p1a: samuel(s)|22\/100\n|-damage|p2a: Talonflame|11\/100|[from] Recoil\n|move|p2b: Flutter Mane|Dazzling Gleam|p1a: samuel(s)|[spread] p1a,p1b\n|-resisted|p1b: Chi-Nuke\n|-damage|p1a: samuel(s)|0 fnt\n|-damage|p1b: Chi-Nuke|54\/100\n|faint|p1a: samuel(s)\n|move|p1b: Chi-Nuke|Heat Wave|p2a: Talonflame|[spread] p2b\n|-miss|p1b: Chi-Nuke|p2a: Talonflame\n|-damage|p2b: Flutter Mane|0 fnt\n|faint|p2b: Flutter Mane\n|-end|p2b: Flutter Mane|Protosynthesis|[silent]\n|\n|upkeep\n|\n|t:|1682963002\n|switch|p1a: Cryolophosaurus|Baxcalibur, L50, F|100\/100\n|switch|p2b: Annihilape|Annihilape, L50, F|100\/100\n|turn|3\n|\n|t:|1682963017\n|move|p1a: Cryolophosaurus|Ice Shard|p2a: Talonflame\n|-damage|p2a: Talonflame|0 fnt\n|faint|p2a: Talonflame\n|move|p2b: Annihilape|Drain Punch|p1a: Cryolophosaurus\n|-supereffective|p1a: Cryolophosaurus\n|-damage|p1a: Cryolophosaurus|30\/100\n|move|p1b: Chi-Nuke|Heat Wave|p2b: Annihilape\n|-damage|p2b: Annihilape|8\/100\n|\n|-heal|p2b: Annihilape|14\/100|[from] item: Leftovers\n|upkeep\n|\n|t:|1682963029\n|switch|p2a: Maushold|Maushold-Four, L50|100\/100\n|turn|4\n|\n|t:|1682963054\n|switch|p1b: Jorunna Parva|Azumarill, L50, M, shiny|100\/100\n|move|p2a: Maushold|Follow Me|p2a: Maushold\n|-singleturn|p2a: Maushold|move: Follow Me\n|move|p2b: Annihilape|Rage Fist|p1b: Jorunna Parva\n|-damage|p1b: Jorunna Parva|49\/100\n|-enditem|p1b: Jorunna Parva|Sitrus Berry|[eat]\n|-heal|p1b: Jorunna Parva|74\/100|[from] item: Sitrus Berry\n|move|p1a: Cryolophosaurus|Glaive Rush|p2a: Maushold\n|-damage|p2a: Maushold|21\/100\n|-singlemove|p1a: Cryolophosaurus|Glaive Rush|[silent]\n|\n|-heal|p2b: Annihilape|20\/100|[from] item: Leftovers\n|-sideend|p2: PureNeutral|move: Tailwind\n|upkeep\n|turn|5\n|\n|t:|1682963086\n|move|p1a: Cryolophosaurus|Ice Shard|p2a: Maushold\n|-damage|p2a: Maushold|0 fnt\n|faint|p2a: Maushold\n|move|p2b: Annihilape|Rage Fist|p1b: Jorunna Parva\n|-damage|p1b: Jorunna Parva|25\/100\n|move|p1b: Jorunna Parva|Liquidation|p2b: Annihilape\n|-damage|p2b: Annihilape|0 fnt\n|faint|p2b: Annihilape\n|\n|win|N3rdSl4y3r\n|c|\u2606N3rdSl4y3r|gg\n|l|\u2606N3rdSl4y3r\n|c|\u2606PureNeutral|gg not the open I expected\n|l|\u2606PureNeutral\n|j|\u2606N3rdSl4y3r\n|player|p1|N3rdSl4y3r|rika\n","uploadtime":1682963607,"views":19,"p1id":"n3rdsl4y3r","p2id":"pureneutral","formatid":"gen9vgc2023regulationc","rating":0,"private":0,"password":""}