{"id":"gen9vgc2023regulationc-1848421146","p1":"ScapegoatSkunk","p2":"Ykrach","format":"[Gen 9] VGC 2023 Regulation C","log":"|j|\u2606ScapegoatSkunk\n|j|\u2606Ykrach\n|t:|1682075831\n|gametype|doubles\n|player|p1|ScapegoatSkunk|169|1201\n|player|p2|Ykrach|acetrainer-gen4dp|1096\n|teamsize|p1|6\n|teamsize|p2|6\n|gen|9\n|tier|[Gen 9] VGC 2023 Regulation C\n|rated|\n|rule|Species Clause: Limit one of each Pok\u00e9mon\n|rule|Item Clause: Limit one of each item\n|clearpoke\n|poke|p1|Tinkaton, L50, F|\n|poke|p1|Chi-Yu, L50|\n|poke|p1|Iron Jugulis, L50|\n|poke|p1|Gallade, L50, M|\n|poke|p1|Garganacl, L50, M|\n|poke|p1|Maushold-Four, L50|\n|poke|p2|Vigoroth, L50, F|\n|poke|p2|Gallade, L50, M|\n|poke|p2|Umbreon, L50, F|\n|poke|p2|Frosmoth, L50, M|\n|poke|p2|Talonflame, L50, F|\n|poke|p2|Arboliva, L50, F|\n|teampreview|4\n|\n|t:|1682075848\n|start\n|switch|p1a: Tinkaton|Tinkaton, L50, F|100\/100\n|switch|p1b: Chi-Yu|Chi-Yu, L50|100\/100\n|switch|p2a: Arboliva|Arboliva, L50, F|100\/100\n|switch|p2b: Talonflame|Talonflame, L50, F|100\/100\n|-ability|p1a: Tinkaton|Mold Breaker\n|-ability|p1b: Chi-Yu|Beads of Ruin\n|turn|1\n|inactive|Battle timer is ON: inactive players will automatically lose when time's up. (requested by ScapegoatSkunk)\n|\n|t:|1682075865\n|-terastallize|p2a: Arboliva|Ground\n|move|p1a: Tinkaton|Fake Out|p2b: Talonflame\n|-damage|p2b: Talonflame|89\/100\n|cant|p2b: Talonflame|flinch\n|move|p1b: Chi-Yu|Nasty Plot|p1b: Chi-Yu\n|-boost|p1b: Chi-Yu|spa|2\n|move|p2a: Arboliva|Earth Power|p1b: Chi-Yu\n|-supereffective|p1b: Chi-Yu\n|-damage|p1b: Chi-Yu|26\/100\n|-enditem|p1b: Chi-Yu|Weakness Policy\n|-boost|p1b: Chi-Yu|atk|2|[from] item: Weakness Policy\n|-boost|p1b: Chi-Yu|spa|2|[from] item: Weakness Policy\n|\n|upkeep\n|turn|2\n|\n|t:|1682075886\n|move|p1b: Chi-Yu|Protect|p1b: Chi-Yu\n|-singleturn|p1b: Chi-Yu|Protect\n|move|p2b: Talonflame|Tailwind|p2b: Talonflame\n|-sidestart|p2: Ykrach|move: Tailwind\n|move|p1a: Tinkaton|Bulldoze|p2b: Talonflame|[spread] p2a\n|-activate|p1b: Chi-Yu|move: Protect\n|-immune|p2b: Talonflame\n|-damage|p2a: Arboliva|92\/100\n|-unboost|p2a: Arboliva|spe|1\n|-fieldstart|move: Grassy Terrain|[from] ability: Seed Sower|[of] p2a: Arboliva\n|move|p2a: Arboliva|Earth Power|p1b: Chi-Yu\n|-activate|p1b: Chi-Yu|move: Protect\n|\n|-heal|p1b: Chi-Yu|33\/100|[from] Grassy Terrain\n|-heal|p2a: Arboliva|98\/100|[from] Grassy Terrain\n|upkeep\n|turn|3\n|inactive|ScapegoatSkunk has 30 seconds left.\n|inactive|ScapegoatSkunk has 20 seconds left.\n|\n|t:|1682075922\n|move|p2b: Talonflame|Brave Bird|p1b: Chi-Yu\n|-damage|p1b: Chi-Yu|0 fnt\n|faint|p1b: Chi-Yu\n|-damage|p2b: Talonflame|78\/100|[from] Recoil\n|move|p1a: Tinkaton|Gigaton Hammer|p2b: Talonflame\n|-resisted|p2b: Talonflame\n|-damage|p2b: Talonflame|44\/100\n|move|p2a: Arboliva|Earth Power|p1a: Tinkaton\n|-supereffective|p1a: Tinkaton\n|-crit|p1a: Tinkaton\n|-damage|p1a: Tinkaton|35\/100\n|\n|-heal|p1a: Tinkaton|41\/100|[from] Grassy Terrain\n|-heal|p2a: Arboliva|100\/100|[from] Grassy Terrain\n|upkeep\n|\n|t:|1682075940\n|switch|p1b: Maushold|Maushold-Four, L50|100\/100\n|turn|4\n|\n|t:|1682075953\n|move|p2b: Talonflame|Flame Charge|p1a: Tinkaton\n|-supereffective|p1a: Tinkaton\n|-damage|p1a: Tinkaton|0 fnt\n|-boost|p2b: Talonflame|spe|1\n|faint|p1a: Tinkaton\n|move|p1b: Maushold|Bullet Seed|p2a: Arboliva\n|-supereffective|p2a: Arboliva\n|-damage|p2a: Arboliva|75\/100\n|-supereffective|p2a: Arboliva\n|-damage|p2a: Arboliva|50\/100\n|-hitcount|p2a: Arboliva|2\n|move|p2a: Arboliva|Leech Seed|p1b: Maushold\n|-start|p1b: Maushold|move: Leech Seed\n|\n|-heal|p2a: Arboliva|56\/100|[from] Grassy Terrain\n|-damage|p1b: Maushold|88\/100|[from] Leech Seed|[of] p2a: Arboliva\n|-heal|p2a: Arboliva|66\/100|[silent]\n|upkeep\n|\n|t:|1682075964\n|switch|p1a: Garganacl|Garganacl, L50, M|100\/100\n|turn|5\n|\n|t:|1682075971\n|move|p2b: Talonflame|Roost|p2b: Talonflame\n|-heal|p2b: Talonflame|94\/100\n|-singleturn|p2b: Talonflame|move: Roost\n|move|p1b: Maushold|Population Bomb|p2a: Arboliva\n|-damage|p2a: Arboliva|53\/100\n|-damage|p2a: Arboliva|42\/100\n|-damage|p2a: Arboliva|29\/100\n|-damage|p2a: Arboliva|18\/100\n|-damage|p2a: Arboliva|5\/100\n|-damage|p2a: Arboliva|0 fnt\n|faint|p2a: Arboliva\n|-hitcount|p2: Arboliva|6\n|move|p1a: Garganacl|Salt Cure|p2b: Talonflame\n|-supereffective|p2b: Talonflame\n|-damage|p2b: Talonflame|52\/100\n|-start|p2b: Talonflame|Salt Cure\n|\n|-heal|p2b: Talonflame|58\/100|[from] Grassy Terrain\n|-heal|p1b: Maushold|94\/100|[from] Grassy Terrain\n|-damage|p2b: Talonflame|45\/100|[from] Salt Cure\n|-sideend|p2: Ykrach|move: Tailwind\n|upkeep\n|\n|t:|1682075990\n|switch|p2a: Gallade|Gallade, L50, M|100\/100\n|turn|6\n|\n|t:|1682076007\n|-terastallize|p1a: Garganacl|Ghost\n|move|p2b: Talonflame|Tailwind|p2b: Talonflame\n|-sidestart|p2: Ykrach|move: Tailwind\n|move|p2a: Gallade|Drain Punch|p1b: Maushold\n|-supereffective|p1b: Maushold\n|-damage|p1b: Maushold|0 fnt\n|faint|p1b: Maushold\n|move|p1a: Garganacl|Salt Cure|p2a: Gallade\n|-resisted|p2a: Gallade\n|-damage|p2a: Gallade|90\/100\n|-start|p2a: Gallade|Salt Cure\n|\n|-heal|p2a: Gallade|96\/100|[from] Grassy Terrain\n|-damage|p2b: Talonflame|33\/100|[from] Salt Cure\n|-damage|p2a: Gallade|84\/100|[from] Salt Cure\n|-fieldend|move: Grassy Terrain\n|upkeep\n|turn|7\n|\n|t:|1682076023\n|move|p2b: Talonflame|Flame Charge|p1a: Garganacl\n|-damage|p1a: Garganacl|90\/100\n|-boost|p2b: Talonflame|spe|1\n|move|p2a: Gallade|Shadow Claw|p1a: Garganacl\n|-supereffective|p1a: Garganacl\n|-damage|p1a: Garganacl|77\/100\n|move|p1a: Garganacl|Salt Cure|p2b: Talonflame\n|-supereffective|p2b: Talonflame\n|-damage|p2b: Talonflame|0 fnt\n|faint|p2b: Talonflame\n|\n|-heal|p1a: Garganacl|83\/100|[from] item: Leftovers\n|-damage|p2a: Gallade|71\/100|[from] Salt Cure\n|upkeep\n|\n|t:|1682076035\n|switch|p2b: Vigoroth|Vigoroth, L50, F|100\/100\n|turn|8\n|\n|t:|1682076040\n|move|p2b: Vigoroth|Bulk Up|p2b: Vigoroth\n|-boost|p2b: Vigoroth|atk|1\n|-boost|p2b: Vigoroth|def|1\n|move|p2a: Gallade|Shadow Claw|p1a: Garganacl\n|-supereffective|p1a: Garganacl\n|-damage|p1a: Garganacl|68\/100\n|move|p1a: Garganacl|Salt Cure|p2b: Vigoroth\n|-damage|p2b: Vigoroth|93\/100\n|-start|p2b: Vigoroth|Salt Cure\n|\n|-heal|p1a: Garganacl|74\/100|[from] item: Leftovers\n|-damage|p2b: Vigoroth|80\/100|[from] Salt Cure\n|-damage|p2a: Gallade|59\/100|[from] Salt Cure\n|upkeep\n|turn|9\n|\n|t:|1682076056\n|move|p2b: Vigoroth|Bulk Up|p2b: Vigoroth\n|-boost|p2b: Vigoroth|atk|1\n|-boost|p2b: Vigoroth|def|1\n|move|p2a: Gallade|Shadow Claw|p1a: Garganacl\n|-supereffective|p1a: Garganacl\n|-damage|p1a: Garganacl|61\/100\n|move|p1a: Garganacl|Recover|p1a: Garganacl\n|-heal|p1a: Garganacl|100\/100\n|\n|-damage|p2a: Gallade|47\/100|[from] Salt Cure\n|-damage|p2b: Vigoroth|68\/100|[from] Salt Cure\n|-sideend|p2: Ykrach|move: Tailwind\n|upkeep\n|turn|10\n|\n|t:|1682076068\n|move|p1a: Garganacl|Protect|p1a: Garganacl\n|-singleturn|p1a: Garganacl|Protect\n|move|p2b: Vigoroth|Bulk Up|p2b: Vigoroth\n|-boost|p2b: Vigoroth|atk|1\n|-boost|p2b: Vigoroth|def|1\n|move|p2a: Gallade|Shadow Claw|p1a: Garganacl\n|-activate|p1a: Garganacl|move: Protect\n|\n|-damage|p2a: Gallade|35\/100|[from] Salt Cure\n|-damage|p2b: Vigoroth|56\/100|[from] Salt Cure\n|upkeep\n|turn|11\n|\n|t:|1682076080\n|move|p2a: Gallade|Shadow Claw|p1a: Garganacl\n|-supereffective|p1a: Garganacl\n|-damage|p1a: Garganacl|87\/100\n|move|p2b: Vigoroth|Bulk Up|p2b: Vigoroth\n|-boost|p2b: Vigoroth|atk|1\n|-boost|p2b: Vigoroth|def|1\n|move|p1a: Garganacl|Salt Cure|p2b: Vigoroth\n|-damage|p2b: Vigoroth|52\/100\n|\n|-heal|p1a: Garganacl|93\/100|[from] item: Leftovers\n|-damage|p2b: Vigoroth|39\/100|[from] Salt Cure\n|-damage|p2a: Gallade|23\/100|[from] Salt Cure\n|upkeep\n|turn|12\n|\n|t:|1682076096\n|move|p1a: Garganacl|Protect|p1a: Garganacl\n|-singleturn|p1a: Garganacl|Protect\n|move|p2b: Vigoroth|Slack Off|p2b: Vigoroth\n|-heal|p2b: Vigoroth|89\/100\n|move|p2a: Gallade|Shadow Claw|p1a: Garganacl\n|-activate|p1a: Garganacl|move: Protect\n|\n|-heal|p1a: Garganacl|99\/100|[from] item: Leftovers\n|-damage|p2b: Vigoroth|77\/100|[from] Salt Cure\n|-damage|p2a: Gallade|11\/100|[from] Salt Cure\n|upkeep\n|turn|13\n|\n|t:|1682076110\n|move|p2a: Gallade|Shadow Claw|p1a: Garganacl\n|-supereffective|p1a: Garganacl\n|-damage|p1a: Garganacl|85\/100\n|move|p2b: Vigoroth|Bulk Up|p2b: Vigoroth\n|-boost|p2b: Vigoroth|atk|1\n|-boost|p2b: Vigoroth|def|1\n|move|p1a: Garganacl|Salt Cure|p2b: Vigoroth\n|-damage|p2b: Vigoroth|73\/100\n|\n|-heal|p1a: Garganacl|91\/100|[from] item: Leftovers\n|-damage|p2a: Gallade|0 fnt|[from] Salt Cure\n|faint|p2a: Gallade\n|-damage|p2b: Vigoroth|61\/100|[from] Salt Cure\n|upkeep\n|turn|14\n|\n|t:|1682076123\n|move|p2b: Vigoroth|Bulk Up|p2b: Vigoroth\n|-boost|p2b: Vigoroth|atk|1\n|-boost|p2b: Vigoroth|def|1\n|move|p1a: Garganacl|Salt Cure|p2b: Vigoroth\n|-damage|p2b: Vigoroth|58\/100\n|\n|-heal|p1a: Garganacl|97\/100|[from] item: Leftovers\n|-damage|p2b: Vigoroth|45\/100|[from] Salt Cure\n|upkeep\n|turn|15\n|\n|t:|1682076131\n|move|p2b: Vigoroth|Slack Off|p2b: Vigoroth\n|-heal|p2b: Vigoroth|95\/100\n|move|p1a: Garganacl|Salt Cure|p2b: Vigoroth\n|-damage|p2b: Vigoroth|92\/100\n|\n|-heal|p1a: Garganacl|100\/100|[from] item: Leftovers\n|-damage|p2b: Vigoroth|79\/100|[from] Salt Cure\n|upkeep\n|turn|16\n|\n|t:|1682076140\n|move|p2b: Vigoroth|Play Rough|p1a: Garganacl\n|-damage|p1a: Garganacl|53\/100\n|move|p1a: Garganacl|Salt Cure|p2b: Vigoroth\n|-damage|p2b: Vigoroth|76\/100\n|\n|-heal|p1a: Garganacl|58\/100|[from] item: Leftovers\n|-damage|p2b: Vigoroth|63\/100|[from] Salt Cure\n|upkeep\n|turn|17\n|\n|t:|1682076148\n|move|p2b: Vigoroth|Play Rough|p1a: Garganacl\n|-damage|p1a: Garganacl|15\/100\n|move|p1a: Garganacl|Recover|p1a: Garganacl\n|-heal|p1a: Garganacl|65\/100\n|\n|-heal|p1a: Garganacl|71\/100|[from] item: Leftovers\n|-damage|p2b: Vigoroth|51\/100|[from] Salt Cure\n|upkeep\n|turn|18\n|\n|t:|1682076157\n|move|p2b: Vigoroth|Play Rough|p1a: Garganacl\n|-damage|p1a: Garganacl|24\/100\n|move|p1a: Garganacl|Recover|p1a: Garganacl\n|-heal|p1a: Garganacl|74\/100\n|\n|-heal|p1a: Garganacl|80\/100|[from] item: Leftovers\n|-damage|p2b: Vigoroth|39\/100|[from] Salt Cure\n|upkeep\n|turn|19\n|\n|t:|1682076169\n|move|p2b: Vigoroth|Slack Off|p2b: Vigoroth\n|-heal|p2b: Vigoroth|89\/100\n|move|p1a: Garganacl|Salt Cure|p2b: Vigoroth\n|-damage|p2b: Vigoroth|85\/100\n|\n|-heal|p1a: Garganacl|86\/100|[from] item: Leftovers\n|-damage|p2b: Vigoroth|73\/100|[from] Salt Cure\n|upkeep\n|turn|20\n|\n|t:|1682076185\n|move|p1a: Garganacl|Protect|p1a: Garganacl\n|-singleturn|p1a: Garganacl|Protect\n|move|p2b: Vigoroth|Play Rough|p1a: Garganacl\n|-activate|p1a: Garganacl|move: Protect\n|\n|-heal|p1a: Garganacl|91\/100|[from] item: Leftovers\n|-damage|p2b: Vigoroth|60\/100|[from] Salt Cure\n|upkeep\n|turn|21\n|\n|t:|1682076197\n|move|p2b: Vigoroth|Play Rough|p1a: Garganacl\n|-damage|p1a: Garganacl|46\/100\n|move|p1a: Garganacl|Salt Cure|p2b: Vigoroth\n|-damage|p2b: Vigoroth|57\/100\n|\n|-heal|p1a: Garganacl|52\/100|[from] item: Leftovers\n|-damage|p2b: Vigoroth|45\/100|[from] Salt Cure\n|upkeep\n|turn|22\n|\n|t:|1682076209\n|move|p2b: Vigoroth|Play Rough|p1a: Garganacl\n|-damage|p1a: Garganacl|10\/100\n|move|p1a: Garganacl|Recover|p1a: Garganacl\n|-heal|p1a: Garganacl|60\/100\n|\n|-heal|p1a: Garganacl|66\/100|[from] item: Leftovers\n|-damage|p2b: Vigoroth|32\/100|[from] Salt Cure\n|upkeep\n|turn|23\n|\n|t:|1682076220\n|move|p2b: Vigoroth|Slack Off|p2b: Vigoroth\n|-heal|p2b: Vigoroth|82\/100\n|move|p1a: Garganacl|Salt Cure|p2b: Vigoroth\n|-damage|p2b: Vigoroth|79\/100\n|\n|-heal|p1a: Garganacl|72\/100|[from] item: Leftovers\n|-damage|p2b: Vigoroth|66\/100|[from] Salt Cure\n|upkeep\n|turn|24\n|\n|t:|1682076233\n|move|p1a: Garganacl|Protect|p1a: Garganacl\n|-singleturn|p1a: Garganacl|Protect\n|move|p2b: Vigoroth|Play Rough|p1a: Garganacl\n|-activate|p1a: Garganacl|move: Protect\n|\n|-heal|p1a: Garganacl|77\/100|[from] item: Leftovers\n|-damage|p2b: Vigoroth|54\/100|[from] Salt Cure\n|upkeep\n|turn|25\n|\n|t:|1682076252\n|move|p1a: Garganacl|Protect||[still]\n|-fail|p1a: Garganacl\n|move|p2b: Vigoroth|Play Rough|p1a: Garganacl\n|-damage|p1a: Garganacl|36\/100\n|\n|-heal|p1a: Garganacl|42\/100|[from] item: Leftovers\n|-damage|p2b: Vigoroth|42\/100|[from] Salt Cure\n|upkeep\n|turn|26\n|\n|t:|1682076261\n|move|p1a: Garganacl|Protect|p1a: Garganacl\n|-singleturn|p1a: Garganacl|Protect\n|move|p2b: Vigoroth|Play Rough|p1a: Garganacl\n|-activate|p1a: Garganacl|move: Protect\n|\n|-heal|p1a: Garganacl|47\/100|[from] item: Leftovers\n|-damage|p2b: Vigoroth|29\/100|[from] Salt Cure\n|upkeep\n|turn|27\n|\n|t:|1682076274\n|move|p2b: Vigoroth|Slack Off|p2b: Vigoroth\n|-heal|p2b: Vigoroth|79\/100\n|move|p1a: Garganacl|Salt Cure|p2b: Vigoroth\n|-damage|p2b: Vigoroth|76\/100\n|\n|-heal|p1a: Garganacl|53\/100|[from] item: Leftovers\n|-damage|p2b: Vigoroth|63\/100|[from] Salt Cure\n|upkeep\n|turn|28\n|\n|t:|1682076284\n|move|p2b: Vigoroth|Play Rough|p1a: Garganacl\n|-damage|p1a: Garganacl|8\/100\n|move|p1a: Garganacl|Recover|p1a: Garganacl\n|-heal|p1a: Garganacl|58\/100\n|\n|-heal|p1a: Garganacl|64\/100|[from] item: Leftovers\n|-damage|p2b: Vigoroth|51\/100|[from] Salt Cure\n|upkeep\n|turn|29\n|\n|t:|1682076298\n|move|p1a: Garganacl|Protect|p1a: Garganacl\n|-singleturn|p1a: Garganacl|Protect\n|move|p2b: Vigoroth|Play Rough|p1a: Garganacl\n|-activate|p1a: Garganacl|move: Protect\n|\n|-heal|p1a: Garganacl|70\/100|[from] item: Leftovers\n|-damage|p2b: Vigoroth|39\/100|[from] Salt Cure\n|upkeep\n|turn|30\n|\n|t:|1682076308\n|move|p2b: Vigoroth|Play Rough|p1a: Garganacl\n|-damage|p1a: Garganacl|26\/100\n|move|p1a: Garganacl|Salt Cure|p2b: Vigoroth\n|-damage|p2b: Vigoroth|35\/100\n|\n|-heal|p1a: Garganacl|32\/100|[from] item: Leftovers\n|-damage|p2b: Vigoroth|23\/100|[from] Salt Cure\n|upkeep\n|turn|31\n|\n|t:|1682076322\n|move|p1a: Garganacl|Protect|p1a: Garganacl\n|-singleturn|p1a: Garganacl|Protect\n|move|p2b: Vigoroth|Play Rough|p1a: Garganacl\n|-activate|p1a: Garganacl|move: Protect\n|\n|-heal|p1a: Garganacl|38\/100|[from] item: Leftovers\n|-damage|p2b: Vigoroth|10\/100|[from] Salt Cure\n|upkeep\n|turn|32\n|\n|t:|1682076344\n|move|p1a: Garganacl|Protect||[still]\n|-fail|p1a: Garganacl\n|move|p2b: Vigoroth|Slack Off|p2b: Vigoroth\n|-heal|p2b: Vigoroth|60\/100\n|\n|-heal|p1a: Garganacl|43\/100|[from] item: Leftovers\n|-damage|p2b: Vigoroth|48\/100|[from] Salt Cure\n|upkeep\n|turn|33\n|\n|t:|1682076356\n|move|p1a: Garganacl|Protect|p1a: Garganacl\n|-singleturn|p1a: Garganacl|Protect\n|move|p2b: Vigoroth|Slack Off|p2b: Vigoroth\n|-heal|p2b: Vigoroth|98\/100\n|\n|-heal|p1a: Garganacl|49\/100|[from] item: Leftovers\n|-damage|p2b: Vigoroth|86\/100|[from] Salt Cure\n|upkeep\n|turn|34\n|\n|t:|1682076368\n|move|p2b: Vigoroth|Play Rough|p1a: Garganacl\n|-damage|p1a: Garganacl|5\/100\n|move|p1a: Garganacl|Recover|p1a: Garganacl\n|-heal|p1a: Garganacl|56\/100\n|\n|-heal|p1a: Garganacl|61\/100|[from] item: Leftovers\n|-damage|p2b: Vigoroth|73\/100|[from] Salt Cure\n|upkeep\n|turn|35\n|\n|t:|1682076382\n|move|p1a: Garganacl|Protect|p1a: Garganacl\n|-singleturn|p1a: Garganacl|Protect\n|move|p2b: Vigoroth|Body Slam|p1a: Garganacl\n|-activate|p1a: Garganacl|move: Protect\n|\n|-heal|p1a: Garganacl|67\/100|[from] item: Leftovers\n|-damage|p2b: Vigoroth|61\/100|[from] Salt Cure\n|upkeep\n|turn|36\n|\n|t:|1682076394\n|move|p2b: Vigoroth|Play Rough|p1a: Garganacl\n|-damage|p1a: Garganacl|22\/100\n|move|p1a: Garganacl|Salt Cure|p2b: Vigoroth\n|-damage|p2b: Vigoroth|58\/100\n|\n|-heal|p1a: Garganacl|28\/100|[from] item: Leftovers\n|-damage|p2b: Vigoroth|45\/100|[from] Salt Cure\n|upkeep\n|turn|37\n|inactive|ScapegoatSkunk has 30 seconds left.\n|\n|t:|1682076420\n|move|p2b: Vigoroth|Slack Off|p2b: Vigoroth\n|-heal|p2b: Vigoroth|95\/100\n|move|p1a: Garganacl|Recover|p1a: Garganacl\n|-heal|p1a: Garganacl|78\/100\n|\n|-heal|p1a: Garganacl|84\/100|[from] item: Leftovers\n|-damage|p2b: Vigoroth|83\/100|[from] Salt Cure\n|upkeep\n|turn|38\n|inactive|ScapegoatSkunk has 30 seconds left.\n|\n|t:|1682076429\n|move|p2b: Vigoroth|Play Rough|p1a: Garganacl\n|-damage|p1a: Garganacl|38\/100\n|move|p1a: Garganacl|Salt Cure|p2b: Vigoroth\n|-damage|p2b: Vigoroth|79\/100\n|\n|-heal|p1a: Garganacl|44\/100|[from] item: Leftovers\n|-damage|p2b: Vigoroth|67\/100|[from] Salt Cure\n|upkeep\n|turn|39\n|inactive|ScapegoatSkunk has 30 seconds left this turn.\n|c|\u2606Ykrach|gg\n|c|\u2606ScapegoatSkunk|gg :P\n|-message|Ykrach forfeited.\n|\n|win|ScapegoatSkunk\n|inactive|ScapegoatSkunk has 25 seconds left this turn.\n|raw|ScapegoatSkunk's rating: 1201 → 1219<\/strong> (+18 for winning)\n|raw|Ykrach's rating: 1096 → 1079<\/strong> (-17 for losing)\n|l|\u2606ScapegoatSkunk\n","uploadtime":1682076486,"views":22,"p1id":"scapegoatskunk","p2id":"ykrach","formatid":"gen9vgc2023regulationc","rating":1079,"private":0,"password":""}