{"id":"gen9vgc2023regulationc-1857806642","p1":"19075916485386E","p2":"seismattersCORNER","format":"[Gen 9] VGC 2023 Regulation C","log":"|j|\u260619075916485386E\n|j|\u2606seismattersCORNER\n|t:|1683233742\n|gametype|doubles\n|player|p1|19075916485386E|hiker-gen4|1213\n|player|p2|seismattersCORNER|emmet|1214\n|teamsize|p1|6\n|teamsize|p2|6\n|gen|9\n|tier|[Gen 9] VGC 2023 Regulation C\n|rated|\n|rule|Species Clause: Limit one of each Pok\u00e9mon\n|rule|Item Clause: Limit one of each item\n|clearpoke\n|poke|p1|Slither Wing, L50|\n|poke|p1|Chien-Pao, L50|\n|poke|p1|Palafin, L50, F|\n|poke|p1|Arcanine, L50, M|\n|poke|p1|Amoonguss, L50, M|\n|poke|p1|Farigiraf, L50, F|\n|poke|p2|Palafin, L50, F|\n|poke|p2|Arcanine, L50, F|\n|poke|p2|Amoonguss, L50, M|\n|poke|p2|Flutter Mane, L50|\n|poke|p2|Baxcalibur, L50, M|\n|poke|p2|Kingambit, L50, F|\n|teampreview|4\nseismattersCORNER has agreed to open team sheets.\n|inactive|Battle timer is ON: inactive players will automatically lose when time's up. (requested by seismattersCORNER)\n|inactive|19075916485386E has 60 seconds left.\n|inactive|seismattersCORNER has 60 seconds left.\n|\n|t:|1683233781\n|start\n|switch|p1a: Chien-Pao|Chien-Pao, L50|100\/100\n|switch|p1b: Slither Wing|Slither Wing, L50|100\/100\n|switch|p2a: Kingambit|Kingambit, L50, F|100\/100\n|switch|p2b: Palafin|Palafin, L50, F, shiny|100\/100\n|-ability|p1a: Chien-Pao|Sword of Ruin\n|turn|1\n|\n|t:|1683233802\n|detailschange|p2b: Palafin|Palafin-Hero, L50, F, shiny\n|switch|p2b: Arcanine|Arcanine, L50, F|100\/100\n|-ability|p2b: Arcanine|Intimidate|boost\n|-unboost|p1a: Chien-Pao|atk|1\n|-unboost|p1b: Slither Wing|atk|1\n|move|p1a: Chien-Pao|Protect|p1a: Chien-Pao\n|-singleturn|p1a: Chien-Pao|Protect\n|move|p2a: Kingambit|Protect|p2a: Kingambit\n|-singleturn|p2a: Kingambit|Protect\n|move|p1b: Slither Wing|Close Combat|p2a: Kingambit\n|-activate|p2a: Kingambit|move: Protect\n|\n|upkeep\n|turn|2\n|inactive|19075916485386E has 30 seconds left.\n|inactive|19075916485386E has 20 seconds left.\n|\n|t:|1683233838\n|switch|p1a: Amoonguss|Amoonguss, L50, M|100\/100\n|switch|p2a: Flutter Mane|Flutter Mane, L50, shiny|100\/100\n|-enditem|p2a: Flutter Mane|Booster Energy\n|-activate|p2a: Flutter Mane|ability: Protosynthesis|[fromitem]\n|-start|p2a: Flutter Mane|protosynthesisspa\n|move|p2b: Arcanine|Flare Blitz|p1a: Amoonguss\n|-supereffective|p1a: Amoonguss\n|-damage|p1a: Amoonguss|10\/100\n|-damage|p2b: Arcanine|84\/100|[from] item: Rocky Helmet|[of] p1a: Amoonguss\n|-damage|p2b: Arcanine|47\/100|[from] Recoil\n|move|p1b: Slither Wing|Close Combat|p2a: Flutter Mane\n|-immune|p2a: Flutter Mane\n|\n|upkeep\n|turn|3\n|inactive|seismattersCORNER has 30 seconds left.\n|inactive|seismattersCORNER has 20 seconds left.\n|inactive|seismattersCORNER has 15 seconds left.\n|\n|t:|1683233883\n|-end|p1b: Slither Wing|Protosynthesis|[silent]\n|switch|p1b: Arcanine|Arcanine, L50, M|100\/100\n|-ability|p1b: Arcanine|Intimidate|boost\n|-unboost|p2a: Flutter Mane|atk|1\n|-unboost|p2b: Arcanine|atk|1\n|move|p1a: Amoonguss|Protect|p1a: Amoonguss\n|-singleturn|p1a: Amoonguss|Protect\n|move|p2b: Arcanine|Extreme Speed|p1a: Amoonguss\n|-activate|p1a: Amoonguss|move: Protect\n|move|p2a: Flutter Mane|Moonblast|p1b: Arcanine\n|-resisted|p1b: Arcanine\n|-damage|p1b: Arcanine|69\/100\n|\n|-heal|p1b: Arcanine|75\/100|[from] item: Leftovers\n|upkeep\n|turn|4\n|\n|t:|1683233906\n|switch|p1a: Chien-Pao|Chien-Pao, L50|100\/100\n|-ability|p1a: Chien-Pao|Sword of Ruin\n|move|p2a: Flutter Mane|Protect|p2a: Flutter Mane\n|-singleturn|p2a: Flutter Mane|Protect\n|move|p2b: Arcanine|Flare Blitz|p1a: Chien-Pao\n|-supereffective|p1a: Chien-Pao\n|-damage|p1a: Chien-Pao|4\/100\n|-damage|p2b: Arcanine|20\/100|[from] Recoil\n|move|p1b: Arcanine|Flare Blitz|p2a: Flutter Mane\n|-activate|p2a: Flutter Mane|move: Protect\n|\n|-heal|p1b: Arcanine|81\/100|[from] item: Leftovers\n|upkeep\n|turn|5\n|\n|t:|1683233930\n|move|p1a: Chien-Pao|Protect|p1a: Chien-Pao\n|-singleturn|p1a: Chien-Pao|Protect\n|move|p2b: Arcanine|Extreme Speed|p1a: Chien-Pao\n|-activate|p1a: Chien-Pao|move: Protect\n|move|p2a: Flutter Mane|Substitute|p2a: Flutter Mane\n|-start|p2a: Flutter Mane|Substitute\n|-damage|p2a: Flutter Mane|75\/100\n|move|p1b: Arcanine|Flare Blitz|p2b: Arcanine\n|-resisted|p2b: Arcanine\n|-damage|p2b: Arcanine|0 fnt\n|faint|p2b: Arcanine\n|-damage|p1b: Arcanine|75\/100|[from] Recoil\n|\n|-heal|p1b: Arcanine|81\/100|[from] item: Leftovers\n|upkeep\n|\n|t:|1683233940\n|switch|p2b: Palafin|Palafin-Hero, L50, F, shiny|100\/100\n|-activate|p2b: Palafin|ability: Zero to Hero\n|turn|6\n|\n|t:|1683233951\n|-terastallize|p2b: Palafin|Water\n|-terastallize|p1b: Arcanine|Grass\n|move|p1a: Chien-Pao|Ice Shard|p2a: Flutter Mane\n|-end|p2a: Flutter Mane|Substitute\n|move|p2b: Palafin|Jet Punch|p1b: Arcanine\n|-resisted|p1b: Arcanine\n|-damage|p1b: Arcanine|41\/100\n|move|p2a: Flutter Mane|Moonblast|p1a: Chien-Pao\n|-supereffective|p1a: Chien-Pao\n|-damage|p1a: Chien-Pao|0 fnt\n|faint|p1a: Chien-Pao\n|move|p1b: Arcanine|Flare Blitz|p2a: Flutter Mane\n|-damage|p2a: Flutter Mane|0 fnt\n|faint|p2a: Flutter Mane\n|-end|p2a: Flutter Mane|Protosynthesis|[silent]\n|-damage|p1b: Arcanine|24\/100|[from] Recoil\n|\n|-heal|p1b: Arcanine|30\/100|[from] item: Leftovers\n|upkeep\n|\n|t:|1683233973\n|switch|p1a: Slither Wing|Slither Wing, L50|100\/100\n|switch|p2a: Kingambit|Kingambit, L50, F|100\/100\n|turn|7\n|\n|t:|1683233997\n|move|p1a: Slither Wing|First Impression|p2b: Palafin\n|-damage|p2b: Palafin|54\/100\n|move|p2a: Kingambit|Sucker Punch||[still]\n|-fail|p2a: Kingambit\n|move|p2b: Palafin|Wave Crash|p1a: Slither Wing\n|-damage|p1a: Slither Wing|0 fnt\n|faint|p1a: Slither Wing\n|-end|p1a: Slither Wing|Protosynthesis|[silent]\n|-damage|p2b: Palafin|22\/100|[from] Recoil\n|move|p1b: Arcanine|Will-O-Wisp|p2a: Kingambit\n|-status|p2a: Kingambit|brn\n|-enditem|p2a: Kingambit|Lum Berry|[eat]\n|-curestatus|p2a: Kingambit|brn|[msg]\n|\n|-heal|p1b: Arcanine|37\/100|[from] item: Leftovers\n|upkeep\n|\n|t:|1683234010\n|switch|p1a: Amoonguss|Amoonguss, L50, M|10\/100\n|turn|8\n|\n|t:|1683234021\n|move|p1a: Amoonguss|Protect|p1a: Amoonguss\n|-singleturn|p1a: Amoonguss|Protect\n|move|p2b: Palafin|Wave Crash|p1b: Arcanine\n|-resisted|p1b: Arcanine\n|-damage|p1b: Arcanine|0 fnt\n|faint|p1b: Arcanine\n|-damage|p2b: Palafin|11\/100|[from] Recoil\n|move|p2a: Kingambit|Kowtow Cleave|p1a: Amoonguss\n|-activate|p1a: Amoonguss|move: Protect\n|\n|upkeep\n|turn|9\n|-message|19075916485386E forfeited.\n|\n|win|seismattersCORNER\n|raw|19075916485386E's rating: 1213 → 1188<\/strong> (-25 for losing)\n|raw|seismattersCORNER's rating: 1214 → 1239<\/strong> (+25 for winning)\n|l|\u260619075916485386E\n","uploadtime":1683234031,"views":10,"p1id":"19075916485386e","p2id":"seismatterscorner","formatid":"gen9vgc2023regulationc","rating":1188,"private":0,"password":""}