{"id":"gen9vgc2023regulationc-1858965096","p1":"TheOgreVGC","p2":"Animod2","format":"[Gen 9] VGC 2023 Regulation C","log":"|j|\u2606TheOgreVGC\n|j|\u2606Animod2\n|t:|1683388770\n|gametype|doubles\n|player|p1|TheOgreVGC|n-masters|\n|player|p2|Animod2|scientist|\n|teamsize|p1|6\n|teamsize|p2|6\n|gen|9\n|tier|[Gen 9] VGC 2023 Regulation C\n|rule|Species Clause: Limit one of each Pok\u00e9mon\n|rule|Item Clause: Limit one of each item\n|clearpoke\n|poke|p1|Iron Hands, L50|\n|poke|p1|Flutter Mane, L50|\n|poke|p1|Ting-Lu, L50|\n|poke|p1|Gyarados, L50, M|\n|poke|p1|Amoonguss, L50, M|\n|poke|p1|Chi-Yu, L50|\n|poke|p2|Iron Bundle, L50|\n|poke|p2|Chi-Yu, L50|\n|poke|p2|Iron Hands, L50|\n|poke|p2|Amoonguss, L50, F|\n|poke|p2|Gyarados, L50, F|\n|poke|p2|Bronzong, L50|\n|teampreview|4\n|c|\u2606TheOgreVGC|g2\nTheOgreVGC has agreed to open team sheets.\nAnimod2 has agreed to open team sheets.\n|\n|t:|1683389296\n|start\n|switch|p1a: Ting-Lu|Ting-Lu, L50|100\/100\n|switch|p1b: Iron Hands|Iron Hands, L50, shiny|100\/100\n|switch|p2a: Iron Bundle|Iron Bundle, L50|100\/100\n|switch|p2b: Chi-Yu|Chi-Yu, L50|100\/100\n|-ability|p2b: Chi-Yu|Beads of Ruin\n|-ability|p1a: Ting-Lu|Vessel of Ruin\n|-enditem|p2a: Iron Bundle|Booster Energy\n|-activate|p2a: Iron Bundle|ability: Quark Drive|[fromitem]\n|-start|p2a: Iron Bundle|quarkdrivespe\n|turn|1\n|\n|t:|1683389350\n|-terastallize|p2b: Chi-Yu|Water\n|move|p2a: Iron Bundle|Hydro Pump|p1b: Iron Hands\n|-damage|p1b: Iron Hands|60\/100\n|move|p2b: Chi-Yu|Overheat|p1b: Iron Hands\n|-damage|p1b: Iron Hands|0 fnt\n|-unboost|p2b: Chi-Yu|spa|2\n|faint|p1b: Iron Hands\n|-end|p1b: Iron Hands|Quark Drive|[silent]\n|move|p1a: Ting-Lu|Stomping Tantrum|p2b: Chi-Yu\n|-damage|p2b: Chi-Yu|40\/100\n|\n|upkeep\n|\n|t:|1683389360\n|switch|p1b: Flutter Mane|Flutter Mane, L50|100\/100\n|-enditem|p1b: Flutter Mane|Booster Energy\n|-activate|p1b: Flutter Mane|ability: Protosynthesis|[fromitem]\n|-start|p1b: Flutter Mane|protosynthesisspa\n|turn|2\n|\n|t:|1683389403\n|switch|p2b: Amoonguss|Amoonguss, L50, F|100\/100\n|move|p2a: Iron Bundle|Protect|p2a: Iron Bundle\n|-singleturn|p2a: Iron Bundle|Protect\n|move|p1b: Flutter Mane|Protect|p1b: Flutter Mane\n|-singleturn|p1b: Flutter Mane|Protect\n|move|p1a: Ting-Lu|Payback|p2b: Amoonguss\n|-damage|p2b: Amoonguss|83\/100\n|\n|upkeep\n|turn|3\n|\n|t:|1683389450\n|-terastallize|p1a: Ting-Lu|Grass\n|move|p2a: Iron Bundle|Hydro Pump|p1a: Ting-Lu|[miss]\n|-miss|p2a: Iron Bundle|p1a: Ting-Lu\n|move|p1b: Flutter Mane|Moonblast|p2a: Iron Bundle\n|-damage|p2a: Iron Bundle|6\/100\n|move|p1a: Ting-Lu|Payback|p2a: Iron Bundle\n|-damage|p2a: Iron Bundle|0 fnt\n|faint|p2a: Iron Bundle\n|-end|p2a: Iron Bundle|Quark Drive|[silent]\n|move|p2b: Amoonguss|Spore|p1b: Flutter Mane\n|-status|p1b: Flutter Mane|slp|[from] move: Spore\n|\n|upkeep\n|\n|t:|1683389469\n|switch|p2a: Chi-Yu|Chi-Yu, L50, tera:Water|40\/100\n|-ability|p2a: Chi-Yu|Beads of Ruin\n|turn|4\n|\n|t:|1683389490\n|-end|p1b: Flutter Mane|Protosynthesis|[silent]\n|switch|p1b: Gyarados|Gyarados, L50, M, shiny|100\/100\n|-ability|p1b: Gyarados|Intimidate|boost\n|-unboost|p2a: Chi-Yu|atk|1\n|-unboost|p2b: Amoonguss|atk|1\n|move|p2a: Chi-Yu|Overheat|p1a: Ting-Lu\n|-supereffective|p1a: Ting-Lu\n|-damage|p1a: Ting-Lu|0 fnt\n|-unboost|p2a: Chi-Yu|spa|2\n|faint|p1a: Ting-Lu\n|move|p2b: Amoonguss|Pollen Puff|p2a: Chi-Yu\n|-heal|p2a: Chi-Yu|90\/100\n|\n|upkeep\n|\n|t:|1683389501\n|switch|p1a: Flutter Mane|Flutter Mane, L50|100\/100 slp\n|turn|5\n|\n|t:|1683389521\n|switch|p2a: Iron Hands|Iron Hands, L50|100\/100\n|cant|p1a: Flutter Mane|slp\n|move|p1b: Gyarados|Taunt|p2b: Amoonguss\n|-start|p2b: Amoonguss|move: Taunt\n|cant|p2b: Amoonguss|move: Taunt|Spore\n|\n|upkeep\n|turn|6\n|\n|t:|1683389542\n|move|p1b: Gyarados|Protect|p1b: Gyarados\n|-singleturn|p1b: Gyarados|Protect\n|cant|p1a: Flutter Mane|slp\n|move|p2a: Iron Hands|Wild Charge|p1b: Gyarados\n|-activate|p1b: Gyarados|move: Protect\n|move|p2b: Amoonguss|Pollen Puff|p2a: Iron Hands\n|-immune|p2a: Iron Hands\n|\n|upkeep\n|turn|7\n|\n|t:|1683389566\n|cant|p1a: Flutter Mane|slp\n|move|p1b: Gyarados|Waterfall|p2a: Iron Hands\n|-damage|p2a: Iron Hands|79\/100\n|cant|p2a: Iron Hands|flinch\n|move|p2b: Amoonguss|Pollen Puff|p1a: Flutter Mane\n|-resisted|p1a: Flutter Mane\n|-damage|p1a: Flutter Mane|96\/100 slp\n|\n|-end|p2b: Amoonguss|move: Taunt\n|upkeep\n|turn|8\n|\n|t:|1683389598\n|switch|p2b: Chi-Yu|Chi-Yu, L50, tera:Water|90\/100\n|-ability|p2b: Chi-Yu|Beads of Ruin\n|-curestatus|p1a: Flutter Mane|slp|[msg]\n|move|p1a: Flutter Mane|Moonblast|p2a: Iron Hands\n|-supereffective|p2a: Iron Hands\n|-damage|p2a: Iron Hands|18\/100\n|move|p1b: Gyarados|Taunt|p2b: Chi-Yu\n|-start|p2b: Chi-Yu|move: Taunt\n|move|p2a: Iron Hands|Wild Charge|p1b: Gyarados\n|-supereffective|p1b: Gyarados\n|-damage|p1b: Gyarados|0 fnt\n|faint|p1b: Gyarados\n|-damage|p2a: Iron Hands|0 fnt|[from] Recoil\n|faint|p2a: Iron Hands\n|-end|p2a: Iron Hands|Quark Drive|[silent]\n|\n|upkeep\n|\n|t:|1683389613\n|switch|p2a: Amoonguss|Amoonguss, L50, F|100\/100\n|turn|9\n|\n|t:|1683389628\n|move|p2a: Amoonguss|Rage Powder|p2a: Amoonguss\n|-singleturn|p2a: Amoonguss|move: Rage Powder\n|move|p1a: Flutter Mane|Moonblast|p2a: Amoonguss\n|-resisted|p2a: Amoonguss\n|-damage|p2a: Amoonguss|73\/100\n|move|p2b: Chi-Yu|Heat Wave|p1a: Flutter Mane\n|-damage|p1a: Flutter Mane|0 fnt\n|faint|p1a: Flutter Mane\n|-end|p1a: Flutter Mane|Protosynthesis|[silent]\n|\n|win|Animod2\n|c|\u2606TheOgreVGC|gg\n|c|\u2606Animod2|gg\n|l|\u2606TheOgreVGC\n|j|\u2606TheOgreVGC\n|player|p1|TheOgreVGC|n-masters\n|l|\u2606TheOgreVGC\n|player|p1|\n","uploadtime":1683390458,"views":6,"p1id":"theogrevgc","p2id":"animod2","formatid":"gen9vgc2023regulationc","rating":0,"private":0,"password":""}