{"id":"gen9vgc2023regulationc-1846576809","p1":"Truck Yacht","p2":"ECMBB","format":"[Gen 9] VGC 2023 Regulation C","log":"|j|\u2606Truck Yacht\n|j|\u2606ECMBB\n|t:|1681853407\n|gametype|doubles\n|player|p1|Truck Yacht|medium|1015\n|player|p2|ECMBB|265|1010\n|teamsize|p1|6\n|teamsize|p2|6\n|gen|9\n|tier|[Gen 9] VGC 2023 Regulation C\n|rated|\n|rule|Species Clause: Limit one of each Pok\u00e9mon\n|rule|Item Clause: Limit one of each item\n|clearpoke\n|poke|p1|Raichu, L50, M|\n|poke|p1|Pelipper, L50, M|\n|poke|p1|Dragonite, L50, M|\n|poke|p1|Drednaw, L50, M|\n|poke|p1|Sandy Shocks, L50|\n|poke|p1|Tropius, L50, F|\n|poke|p2|Ting-Lu, L50|\n|poke|p2|Gyarados, L50, M|\n|poke|p2|Flutter Mane, L50|\n|poke|p2|Amoonguss, L50, M|\n|poke|p2|Arcanine, L50, M|\n|poke|p2|Palafin, L50, F|\n|teampreview|4\n|inactive|Battle timer is ON: inactive players will automatically lose when time's up. (requested by Truck Yacht)\n|inactive|Truck Yacht has 60 seconds left.\n|\n|t:|1681853440\n|start\n|switch|p1a: Wooly Willy|Sandy Shocks, L50|100\/100\n|switch|p1b: Gorochu|Raichu, L50, M, shiny|100\/100\n|switch|p2a: Palafin|Palafin, L50, F, shiny|100\/100\n|switch|p2b: Gyarados|Gyarados, L50, M, shiny|100\/100\n|-ability|p2b: Gyarados|Intimidate|boost\n|-unboost|p1a: Wooly Willy|atk|1\n|-unboost|p1b: Gorochu|atk|1\n|-enditem|p1a: Wooly Willy|Booster Energy\n|-activate|p1a: Wooly Willy|ability: Protosynthesis|[fromitem]\n|-start|p1a: Wooly Willy|protosynthesisspe\n|turn|1\n|\n|t:|1681853456\n|switch|p2b: Amoonguss|Amoonguss, L50, M|100\/100\n|move|p2a: Palafin|Protect|p2a: Palafin\n|-singleturn|p2a: Palafin|Protect\n|move|p1a: Wooly Willy|Reflect|p1a: Wooly Willy\n|-sidestart|p1: Truck Yacht|Reflect\n|move|p1b: Gorochu|Thunder|p2b: Amoonguss\n|-resisted|p2b: Amoonguss\n|-damage|p2b: Amoonguss|81\/100\n|-damage|p1b: Gorochu|91\/100|[from] item: Life Orb\n|\n|upkeep\n|turn|2\n|\n|t:|1681853474\n|detailschange|p2a: Palafin|Palafin-Hero, L50, F, shiny\n|switch|p2a: Gyarados|Gyarados, L50, M, shiny|100\/100\n|-ability|p2a: Gyarados|Intimidate|boost\n|-unboost|p1a: Wooly Willy|atk|1\n|-unboost|p1b: Gorochu|atk|1\n|move|p1a: Wooly Willy|Light Screen|p1a: Wooly Willy\n|-sidestart|p1: Truck Yacht|move: Light Screen\n|move|p1b: Gorochu|Substitute|p1b: Gorochu\n|-start|p1b: Gorochu|Substitute\n|-damage|p1b: Gorochu|66\/100\n|move|p2b: Amoonguss|Spore||[still]\n|-fail|p2b: Amoonguss\n|\n|upkeep\n|turn|3\n|\n|t:|1681853491\n|switch|p2a: Flutter Mane|Flutter Mane, L50, shiny|100\/100\n|-enditem|p2a: Flutter Mane|Booster Energy\n|-activate|p2a: Flutter Mane|ability: Protosynthesis|[fromitem]\n|-start|p2a: Flutter Mane|protosynthesisspa\n|move|p1a: Wooly Willy|Discharge|p2a: Flutter Mane|[spread] p2a,p2b\n|-ability|p1b: Gorochu|Lightning Rod|boost\n|-boost|p1b: Gorochu|spa|1\n|-resisted|p2b: Amoonguss\n|-damage|p2a: Flutter Mane|80\/100\n|-damage|p2b: Amoonguss|73\/100\n|-status|p2b: Amoonguss|par\n|move|p1b: Gorochu|Thunder|p2a: Flutter Mane|[miss]\n|-miss|p1b: Gorochu|p2a: Flutter Mane\n|move|p2b: Amoonguss|Spore|p1a: Wooly Willy\n|-status|p1a: Wooly Willy|slp|[from] move: Spore\n|\n|upkeep\n|turn|4\n|inactive|ECMBB has 30 seconds left.\n|\n|t:|1681853517\n|-end|p1a: Wooly Willy|Protosynthesis|[silent]\n|switch|p1a: Nigel|Pelipper, L50, M, shiny|100\/100\n|-weather|RainDance|[from] ability: Drizzle|[of] p1a: Nigel\n|-terastallize|p2a: Flutter Mane|Fairy\n|move|p1b: Gorochu|Thunder|p2a: Flutter Mane\n|-damage|p2a: Flutter Mane|7\/100\n|-damage|p1b: Gorochu|57\/100|[from] item: Life Orb\n|move|p2a: Flutter Mane|Dazzling Gleam|p1a: Nigel|[spread] p1a,p1b\n|-end|p1b: Gorochu|Substitute\n|-damage|p1a: Nigel|67\/100\n|move|p2b: Amoonguss|Pollen Puff|p2a: Flutter Mane\n|-heal|p2a: Flutter Mane|57\/100\n|\n|-weather|RainDance|[upkeep]\n|upkeep\n|turn|5\n|\n|t:|1681853538\n|move|p2a: Flutter Mane|Protect|p2a: Flutter Mane\n|-singleturn|p2a: Flutter Mane|Protect\n|move|p1b: Gorochu|Thunder|p2a: Flutter Mane\n|-activate|p2a: Flutter Mane|move: Protect\n|move|p1a: Nigel|Tailwind|p1a: Nigel\n|-sidestart|p1: Truck Yacht|move: Tailwind\n|move|p2b: Amoonguss|Spore|p1a: Nigel\n|-status|p1a: Nigel|slp|[from] move: Spore\n|\n|-weather|RainDance|[upkeep]\n|-sideend|p1: Truck Yacht|Reflect\n|upkeep\n|turn|6\n|\n|t:|1681853557\n|-end|p2a: Flutter Mane|Protosynthesis|[silent]\n|switch|p2a: Gyarados|Gyarados, L50, M, shiny|100\/100\n|-ability|p2a: Gyarados|Intimidate|boost\n|-unboost|p1a: Nigel|atk|1\n|-unboost|p1b: Gorochu|atk|1\n|move|p1b: Gorochu|Thunder|p2a: Gyarados\n|-supereffective|p2a: Gyarados\n|-damage|p2a: Gyarados|0 fnt\n|faint|p2a: Gyarados\n|-damage|p1b: Gorochu|47\/100|[from] item: Life Orb\n|cant|p1a: Nigel|slp\n|move|p2b: Amoonguss|Spore|p1b: Gorochu\n|-status|p1b: Gorochu|slp|[from] move: Spore\n|\n|-weather|RainDance|[upkeep]\n|-sideend|p1: Truck Yacht|move: Light Screen\n|upkeep\n|\n|t:|1681853573\n|switch|p2a: Flutter Mane|Flutter Mane, L50, shiny, tera:Fairy|57\/100\n|turn|7\n|\n|t:|1681853581\n|cant|p1b: Gorochu|slp\n|cant|p1a: Nigel|slp\n|move|p2a: Flutter Mane|Thunderbolt|p1b: Gorochu\n|-activate|p1b: Gorochu|ability: Lightning Rod\n|-ability|p1b: Gorochu|Lightning Rod|boost\n|-boost|p1b: Gorochu|spa|1\n|move|p2b: Amoonguss|Pollen Puff|p2a: Flutter Mane\n|-heal|p2a: Flutter Mane|100\/100\n|\n|-weather|RainDance|[upkeep]\n|upkeep\n|turn|8\n|\n|t:|1681853597\n|move|p2b: Amoonguss|Rage Powder|p2b: Amoonguss\n|-singleturn|p2b: Amoonguss|move: Rage Powder\n|cant|p1b: Gorochu|slp\n|-curestatus|p1a: Nigel|slp|[msg]\n|move|p1a: Nigel|Hurricane|p2b: Amoonguss\n|-supereffective|p2b: Amoonguss\n|-damage|p2b: Amoonguss|24\/100 par\n|-start|p2b: Amoonguss|confusion\n|move|p2a: Flutter Mane|Dazzling Gleam|p1b: Gorochu|[spread] p1a,p1b\n|-damage|p1a: Nigel|31\/100\n|-damage|p1b: Gorochu|0 fnt\n|faint|p1b: Gorochu\n|\n|-weather|RainDance|[upkeep]\n|-sideend|p1: Truck Yacht|move: Tailwind\n|upkeep\n|\n|t:|1681853608\n|switch|p1b: Puff|Dragonite, L50, M, shiny|100\/100\n|turn|9\n|\n|t:|1681853619\n|switch|p2b: Palafin|Palafin-Hero, L50, F, shiny|100\/100\n|-activate|p2b: Palafin|ability: Zero to Hero\n|move|p2a: Flutter Mane|Thunderbolt|p1a: Nigel\n|-supereffective|p1a: Nigel\n|-damage|p1a: Nigel|0 fnt\n|faint|p1a: Nigel\n|move|p1b: Puff|Hurricane|p2b: Palafin\n|-damage|p2b: Palafin|50\/100\n|-start|p2b: Palafin|confusion\n|\n|-weather|RainDance|[upkeep]\n|upkeep\n|\n|t:|1681853626\n|switch|p1a: Wooly Willy|Sandy Shocks, L50|100\/100 slp\n|turn|10\n|\n|t:|1681853642\n|switch|p2b: Amoonguss|Amoonguss, L50, M|57\/100 par\n|cant|p1a: Wooly Willy|slp\n|move|p2a: Flutter Mane|Dazzling Gleam|p1b: Puff|[spread] p1a,p1b\n|-supereffective|p1b: Puff\n|-damage|p1a: Wooly Willy|63\/100 slp\n|-damage|p1b: Puff|66\/100\n|-enditem|p1b: Puff|Weakness Policy\n|-boost|p1b: Puff|atk|2|[from] item: Weakness Policy\n|-boost|p1b: Puff|spa|2|[from] item: Weakness Policy\n|move|p1b: Puff|Hydro Pump|p2a: Flutter Mane\n|-damage|p2a: Flutter Mane|10\/100\n|\n|-weather|RainDance|[upkeep]\n|upkeep\n|turn|11\n|\n|t:|1681853665\n|-terastallize|p1b: Puff|Water\n|cant|p1a: Wooly Willy|slp\n|move|p2a: Flutter Mane|Moonblast|p1b: Puff\n|-damage|p1b: Puff|11\/100\n|-unboost|p1b: Puff|spa|1\n|move|p1b: Puff|Hurricane|p2a: Flutter Mane\n|-damage|p2a: Flutter Mane|0 fnt\n|faint|p2a: Flutter Mane\n|-end|p2a: Flutter Mane|Protosynthesis|[silent]\n|cant|p2b: Amoonguss|par\n|\n|-weather|none\n|upkeep\n|\n|t:|1681853680\n|switch|p2a: Palafin|Palafin-Hero, L50, F, shiny|50\/100\n|turn|12\n|\n|t:|1681853688\n|-curestatus|p1a: Wooly Willy|slp|[msg]\n|move|p1a: Wooly Willy|Reflect|p1a: Wooly Willy\n|-sidestart|p1: Truck Yacht|Reflect\n|move|p2a: Palafin|Wave Crash|p1a: Wooly Willy\n|-supereffective|p1a: Wooly Willy\n|-damage|p1a: Wooly Willy|0 fnt\n|faint|p1a: Wooly Willy\n|-end|p1a: Wooly Willy|Protosynthesis|[silent]\n|-damage|p2a: Palafin|34\/100|[from] Recoil\n|move|p1b: Puff|Thunder|p2a: Palafin\n|-supereffective|p2a: Palafin\n|-damage|p2a: Palafin|0 fnt\n|faint|p2a: Palafin\n|move|p2b: Amoonguss|Spore|p1b: Puff\n|-status|p1b: Puff|slp|[from] move: Spore\n|\n|upkeep\n|turn|13\n|c|\u2606Truck Yacht|gg\n|\n|t:|1681853706\n|cant|p1b: Puff|slp\n|move|p2b: Amoonguss|Pollen Puff|p1b: Puff\n|-damage|p1b: Puff|0 fnt\n|faint|p1b: Puff\n|\n|win|ECMBB\n|raw|Truck Yacht's rating: 1015 → 1003<\/strong> (-12 for losing)\n|raw|ECMBB's rating: 1010 → 1049<\/strong> (+39 for winning)\n|l|\u2606Truck Yacht\n","uploadtime":1681853716,"views":11,"p1id":"truckyacht","p2id":"ecmbb","formatid":"gen9vgc2023regulationc","rating":1003,"private":0,"password":""}