{"id":"gen9vgc2023regulationc-1851635548","p1":"kushsmoker68","p2":"dxbpunk","format":"[Gen 9] VGC 2023 Regulation C","log":"|j|\u2606kushsmoker68\n|j|\u2606dxbpunk\n|t:|1682463846\n|gametype|doubles\n|player|p1|kushsmoker68|clerkf|1125\n|player|p2|dxbpunk|101|1117\n|teamsize|p1|6\n|teamsize|p2|6\n|gen|9\n|tier|[Gen 9] VGC 2023 Regulation C\n|rated|\n|rule|Species Clause: Limit one of each Pok\u00e9mon\n|rule|Item Clause: Limit one of each item\n|clearpoke\n|poke|p1|Indeedee-F, L50, F|\n|poke|p1|Armarouge, L50, M|\n|poke|p1|Maushold, L50|\n|poke|p1|Meowscarada, L50, M|\n|poke|p1|Annihilape, L50, F|\n|poke|p1|Palafin, L50, F|\n|poke|p2|Murkrow, L50, M|\n|poke|p2|Chi-Yu, L50|\n|poke|p2|Brute Bonnet, L50|\n|poke|p2|Torkoal, L50, F|\n|poke|p2|Farigiraf, L50, M|\n|poke|p2|Flutter Mane, L50|\n|teampreview|4\nkushsmoker68 has agreed to open team sheets.\n|\n|t:|1682463881\n|start\n|switch|p1a: Maushold|Maushold, L50|100\/100\n|switch|p1b: tuxedo flower|Meowscarada, L50, M|100\/100\n|switch|p2a: Chi-Yu|Chi-Yu, L50|100\/100\n|switch|p2b: Brute Bonnet|Brute Bonnet, L50|100\/100\n|-ability|p2a: Chi-Yu|Beads of Ruin\n|turn|1\n|\n|t:|1682463915\n|move|p2a: Chi-Yu|Heat Wave|p1b: tuxedo flower|[spread] p1a\n|-miss|p2a: Chi-Yu|p1b: tuxedo flower\n|-damage|p1a: Maushold|36\/100\n|move|p1b: tuxedo flower|U-turn|p2b: Brute Bonnet\n|-supereffective|p2b: Brute Bonnet\n|-damage|p2b: Brute Bonnet|23\/100\n|-enditem|p2b: Brute Bonnet|Sitrus Berry|[eat]\n|-heal|p2b: Brute Bonnet|48\/100|[from] item: Sitrus Berry\n|\n|t:|1682463926\n|switch|p1b: roxanne|Armarouge, L50, M|100\/100|[from] U-turn\n|move|p1a: Maushold|Population Bomb|p2a: Chi-Yu\n|-damage|p2a: Chi-Yu|86\/100\n|-damage|p2a: Chi-Yu|71\/100\n|-damage|p2a: Chi-Yu|59\/100\n|-damage|p2a: Chi-Yu|46\/100\n|-damage|p2a: Chi-Yu|32\/100\n|-crit|p2a: Chi-Yu\n|-damage|p2a: Chi-Yu|9\/100\n|-damage|p2a: Chi-Yu|0 fnt\n|faint|p2a: Chi-Yu\n|-hitcount|p2: Chi-Yu|7\n|move|p2b: Brute Bonnet|Spore|p1a: Maushold\n|-status|p1a: Maushold|slp|[from] move: Spore\n|\n|upkeep\n|\n|t:|1682463944\n|switch|p2a: Murkrow|Murkrow, L50, M|100\/100\n|turn|2\n|\n|t:|1682463959\n|switch|p1b: the red light|Indeedee-F, L50, F|100\/100\n|-fieldstart|move: Psychic Terrain|[from] ability: Psychic Surge|[of] p1b: the red light\n|-enditem|p1b: the red light|Psychic Seed\n|-boost|p1b: the red light|spd|1|[from] item: Psychic Seed\n|cant|p1a: Maushold|slp\n|move|p2a: Murkrow|Tailwind|p2a: Murkrow\n|-sidestart|p2: dxbpunk|move: Tailwind\n|move|p2b: Brute Bonnet|Sucker Punch||[still]\n|-fail|p2b: Brute Bonnet\n|\n|upkeep\n|turn|3\n|\n|t:|1682463979\n|switch|p1a: roxanne|Armarouge, L50, M|100\/100\n|move|p2a: Murkrow|Haze|p2a: Murkrow\n|-clearallboost\n|move|p2b: Brute Bonnet|Seed Bomb|p1b: the red light\n|-damage|p1b: the red light|56\/100\n|move|p1b: the red light|Trick Room|p1b: the red light\n|-fieldstart|move: Trick Room|[of] p1b: the red light\n|\n|upkeep\n|turn|4\n|\n|t:|1682464006\n|-terastallize|p1a: roxanne|Psychic\n|move|p1b: the red light|Helping Hand|p1a: roxanne\n|-singleturn|p1a: roxanne|Helping Hand|[of] p1b: the red light\n|move|p1a: roxanne|Expanding Force|p2b: Brute Bonnet|[spread] \n|-immune|p2a: Murkrow\n|-immune|p2b: Brute Bonnet\n|move|p2b: Brute Bonnet|Seed Bomb|p1b: the red light\n|-damage|p1b: the red light|12\/100\n|move|p2a: Murkrow|Foul Play|p1a: roxanne\n|-supereffective|p1a: roxanne\n|-damage|p1a: roxanne|69\/100\n|-enditem|p1a: roxanne|Weakness Policy\n|-boost|p1a: roxanne|atk|2|[from] item: Weakness Policy\n|-boost|p1a: roxanne|spa|2|[from] item: Weakness Policy\n|\n|upkeep\n|turn|5\n|c|\u2606kushsmoker68|im dumb as hell\n|c|\u2606kushsmoker68|LMAO\n|c|\u2606dxbpunk|lol\n|\n|t:|1682464040\n|move|p1b: the red light|Follow Me|p1b: the red light\n|-singleturn|p1b: the red light|move: Follow Me\n|move|p2b: Brute Bonnet|Sucker Punch||[still]\n|-fail|p2b: Brute Bonnet\n|move|p1a: roxanne|Armor Cannon|p2b: Brute Bonnet\n|-supereffective|p2b: Brute Bonnet\n|-damage|p2b: Brute Bonnet|0 fnt\n|-unboost|p1a: roxanne|def|1\n|-unboost|p1a: roxanne|spd|1\n|faint|p2b: Brute Bonnet\n|-end|p2b: Brute Bonnet|Protosynthesis|[silent]\n|move|p2a: Murkrow|Foul Play|p1b: the red light\n|-supereffective|p1b: the red light\n|-damage|p1b: the red light|0 fnt\n|faint|p1b: the red light\n|\n|-sideend|p2: dxbpunk|move: Tailwind\n|upkeep\n|\n|t:|1682464054\n|switch|p2b: Flutter Mane|Flutter Mane, L50|100\/100\n|switch|p1b: Maushold|Maushold, L50|36\/100 slp\n|turn|6\n|\n|t:|1682464072\n|-curestatus|p1b: Maushold|slp|[msg]\n|move|p1b: Maushold|Follow Me|p1b: Maushold\n|-singleturn|p1b: Maushold|move: Follow Me\n|move|p1a: roxanne|Expanding Force|p2a: Murkrow|[spread] p2b\n|-immune|p2a: Murkrow\n|-damage|p2b: Flutter Mane|0 fnt\n|faint|p2b: Flutter Mane\n|-end|p2b: Flutter Mane|Protosynthesis|[silent]\n|move|p2a: Murkrow|Foul Play|p1b: Maushold\n|-damage|p1b: Maushold|0 fnt\n|faint|p1b: Maushold\n|\n|-fieldend|move: Psychic Terrain\n|upkeep\n|\n|t:|1682464083\n|switch|p1b: tuxedo flower|Meowscarada, L50, M|100\/100\n|turn|7\n|\n|t:|1682464092\n|move|p1a: roxanne|Armor Cannon|p2a: Murkrow\n|-enditem|p2a: Murkrow|Focus Sash\n|-damage|p2a: Murkrow|1\/100\n|-unboost|p1a: roxanne|def|1\n|-unboost|p1a: roxanne|spd|1\n|move|p2a: Murkrow|Foul Play|p1a: roxanne\n|-supereffective|p1a: roxanne\n|-damage|p1a: roxanne|0 fnt\n|faint|p1a: roxanne\n|move|p1b: tuxedo flower|Flower Trick|p2a: Murkrow\n|-resisted|p2a: Murkrow\n|-crit|p2a: Murkrow\n|-damage|p2a: Murkrow|0 fnt\n|faint|p2a: Murkrow\n|\n|win|kushsmoker68\n|raw|kushsmoker68's rating: 1125 → 1149<\/strong> (+24 for winning)\n|raw|dxbpunk's rating: 1117 → 1093<\/strong> (-24 for losing)\n|l|\u2606dxbpunk\n|c|\u2606kushsmoker68|ggs\n","uploadtime":1682464115,"views":18,"p1id":"kushsmoker68","p2id":"dxbpunk","formatid":"gen9vgc2023regulationc","rating":1093,"private":0,"password":""}