{"id":"gen9vgc2023regulationc-1861450824","p1":"AnthonyL","p2":"SoggyWaffles35","format":"[Gen 9] VGC 2023 Regulation C","log":"|j|\u2606AnthonyL\n|j|\u2606SoggyWaffles35\n|t:|1683759436\n|gametype|doubles\n|player|p1|AnthonyL|lucas|1490\n|player|p2|SoggyWaffles35|102|1448\n|teamsize|p1|6\n|teamsize|p2|6\n|gen|9\n|tier|[Gen 9] VGC 2023 Regulation C\n|rated|\n|rule|Species Clause: Limit one of each Pok\u00e9mon\n|rule|Item Clause: Limit one of each item\n|clearpoke\n|poke|p1|Lycanroc, L50, M|\n|poke|p1|Iron Bundle, L50|\n|poke|p1|Garchomp, L50, F|\n|poke|p1|Flutter Mane, L50|\n|poke|p1|Corviknight, L50, F|\n|poke|p1|Tyranitar, L50, F|\n|poke|p2|Orthworm, L50, M|\n|poke|p2|Ting-Lu, L50|\n|poke|p2|Chien-Pao, L50|\n|poke|p2|Dragonite, L50, M|\n|poke|p2|Gyarados, L50, M|\n|poke|p2|Flutter Mane, L50|\n|teampreview|4\n|inactive|Battle timer is ON: inactive players will automatically lose when time's up. (requested by AnthonyL)\nAnthonyL has agreed to open team sheets.\nSoggyWaffles35 has agreed to open team sheets.\n|inactive|AnthonyL has 60 seconds left.\n|inactive|SoggyWaffles35 has 60 seconds left.\n|inactive|AnthonyL has 30 seconds left.\n|inactive|AnthonyL has 20 seconds left.\n|inactive|AnthonyL has 15 seconds left.\n|inactive|AnthonyL has 10 seconds left.\n|inactive|AnthonyL has 5 seconds left.\n|\n|t:|1683759525\n|start\n|switch|p1a: Flutter Mane|Flutter Mane, L50|100\/100\n|switch|p1b: Corviknight|Corviknight, L50, F|100\/100\n|switch|p2a: Ting-Lu|Ting-Lu, L50|100\/100\n|switch|p2b: Orthworm|Orthworm, L50, M|100\/100\n|-ability|p2a: Ting-Lu|Vessel of Ruin\n|turn|1\n|inactive|SoggyWaffles35 has 30 seconds left.\n|inactive|SoggyWaffles35 has 20 seconds left.\n|inactive|SoggyWaffles35 has 15 seconds left.\n|\n|t:|1683759568\n|move|p1a: Flutter Mane|Protect|p1a: Flutter Mane\n|-singleturn|p1a: Flutter Mane|Protect\n|move|p2a: Ting-Lu|Protect|p2a: Ting-Lu\n|-singleturn|p2a: Ting-Lu|Protect\n|move|p1b: Corviknight|Tailwind|p1b: Corviknight\n|-sidestart|p1: AnthonyL|move: Tailwind\n|move|p2b: Orthworm|Heavy Slam|p1a: Flutter Mane\n|-activate|p1a: Flutter Mane|move: Protect\n|\n|upkeep\n|turn|2\n|\n|t:|1683759594\n|-end|p1a: Flutter Mane|Protosynthesis|[silent]\n|switch|p1a: Lycanroc|Lycanroc, L50, M|100\/100\n|move|p1b: Corviknight|Body Press|p2a: Ting-Lu\n|-supereffective|p2a: Ting-Lu\n|-damage|p2a: Ting-Lu|75\/100\n|move|p2b: Orthworm|Heavy Slam|p1a: Lycanroc\n|-supereffective|p1a: Lycanroc\n|-enditem|p1a: Lycanroc|Focus Sash\n|-damage|p1a: Lycanroc|1\/100\n|move|p2a: Ting-Lu|Payback|p1b: Corviknight\n|-damage|p1b: Corviknight|58\/100\n|\n|upkeep\n|turn|3\n|inactive|SoggyWaffles35 has 30 seconds left.\n|inactive|SoggyWaffles35 has 20 seconds left.\n|inactive|SoggyWaffles35 has 15 seconds left.\n|inactive|SoggyWaffles35 has 10 seconds left.\n|inactive|SoggyWaffles35 has 5 seconds left.\n|\n|t:|1683759645\n|move|p1a: Lycanroc|Endeavor|p2b: Orthworm\n|-damage|p2b: Orthworm|1\/100\n|-enditem|p2b: Orthworm|Sitrus Berry|[eat]\n|-heal|p2b: Orthworm|26\/100|[from] item: Sitrus Berry\n|move|p1b: Corviknight|Body Press|p2b: Orthworm\n|-supereffective|p2b: Orthworm\n|-damage|p2b: Orthworm|0 fnt\n|faint|p2b: Orthworm\n|move|p2a: Ting-Lu|Rock Slide|p1b: Corviknight|[spread] p1a,p1b\n|-damage|p1a: Lycanroc|0 fnt\n|-damage|p1b: Corviknight|43\/100\n|faint|p1a: Lycanroc\n|\n|upkeep\n|inactive|SoggyWaffles35 has 30 seconds left.\n|\n|t:|1683759672\n|switch|p1a: Tyranitar|Tyranitar, L50, F|100\/100\n|switch|p2b: Dragonite|Dragonite, L50, M|100\/100\n|-weather|Sandstorm|[from] ability: Sand Stream|[of] p1a: Tyranitar\n|turn|4\n|\n|t:|1683759698\n|-terastallize|p1a: Tyranitar|Flying\n|-terastallize|p2b: Dragonite|Normal\n|move|p2a: Ting-Lu|Protect|p2a: Ting-Lu\n|-singleturn|p2a: Ting-Lu|Protect\n|move|p1b: Corviknight|Roost|p1b: Corviknight\n|-heal|p1b: Corviknight|93\/100\n|-singleturn|p1b: Corviknight|move: Roost\n|move|p1a: Tyranitar|Rock Slide|p2a: Ting-Lu|[spread] p2b\n|-activate|p2a: Ting-Lu|move: Protect\n|-damage|p2b: Dragonite|84\/100\n|move|p2b: Dragonite|Dragon Dance|p2b: Dragonite\n|-boost|p2b: Dragonite|atk|1\n|-boost|p2b: Dragonite|spe|1\n|\n|-weather|Sandstorm|[upkeep]\n|-damage|p2b: Dragonite|78\/100|[from] Sandstorm\n|-damage|p1a: Tyranitar|95\/100|[from] Sandstorm\n|-sideend|p1: AnthonyL|move: Tailwind\n|upkeep\n|turn|5\n|inactive|SoggyWaffles35 has 30 seconds left.\n|inactive|SoggyWaffles35 has 20 seconds left.\n|inactive|SoggyWaffles35 has 15 seconds left.\n|inactive|SoggyWaffles35 has 10 seconds left.\n|inactive|AnthonyL has 30 seconds left.\n|\n|t:|1683759753\n|move|p2b: Dragonite|Thunder Punch|p1b: Corviknight\n|-supereffective|p1b: Corviknight\n|-crit|p1b: Corviknight\n|-damage|p1b: Corviknight|11\/100\n|move|p1b: Corviknight|Tailwind|p1b: Corviknight\n|-sidestart|p1: AnthonyL|move: Tailwind\n|move|p1a: Tyranitar|Low Kick|p2b: Dragonite\n|-supereffective|p2b: Dragonite\n|-damage|p2b: Dragonite|0 fnt\n|faint|p2b: Dragonite\n|move|p2a: Ting-Lu|Payback|p1b: Corviknight\n|-damage|p1b: Corviknight|0 fnt\n|faint|p1b: Corviknight\n|\n|-weather|Sandstorm|[upkeep]\n|-damage|p1a: Tyranitar|89\/100|[from] Sandstorm\n|upkeep\n|\n|t:|1683759765\n|switch|p2b: Chien-Pao|Chien-Pao, L50|100\/100\n|switch|p1b: Flutter Mane|Flutter Mane, L50|100\/100\n|-ability|p2b: Chien-Pao|Sword of Ruin\n|turn|6\n|\n|t:|1683759782\n|move|p2b: Chien-Pao|Protect|p2b: Chien-Pao\n|-singleturn|p2b: Chien-Pao|Protect\n|move|p1b: Flutter Mane|Moonblast|p2b: Chien-Pao\n|-activate|p2b: Chien-Pao|move: Protect\n|move|p1a: Tyranitar|Low Kick|p2a: Ting-Lu\n|-supereffective|p2a: Ting-Lu\n|-damage|p2a: Ting-Lu|2\/100\n|move|p2a: Ting-Lu|Payback|p1b: Flutter Mane\n|-damage|p1b: Flutter Mane|0 fnt\n|faint|p1b: Flutter Mane\n|-end|p1b: Flutter Mane|Protosynthesis|[silent]\n|\n|-weather|Sandstorm|[upkeep]\n|-damage|p2b: Chien-Pao|95\/100|[from] Sandstorm\n|-damage|p1a: Tyranitar|83\/100|[from] Sandstorm\n|upkeep\n|turn|7\n|\n|t:|1683759801\n|move|p2b: Chien-Pao|Ice Spinner|p1a: Tyranitar\n|-supereffective|p1a: Tyranitar\n|-damage|p1a: Tyranitar|0 fnt\n|faint|p1a: Tyranitar\n|\n|win|SoggyWaffles35\n|raw|AnthonyL's rating: 1490 → 1468<\/strong> (-22 for losing)\n|raw|SoggyWaffles35's rating: 1448 → 1470<\/strong> (+22 for winning)\n|c|\u2606SoggyWaffles35|gg\n|l|\u2606AnthonyL\n","uploadtime":1683759811,"views":6,"p1id":"anthonyl","p2id":"soggywaffles35","formatid":"gen9vgc2023regulationc","rating":1468,"private":0,"password":""}