{"id":"gen9vgc2023regulationc-1856346847","p1":"Snowstorm brute","p2":"choicebadkyurem","format":"[Gen 9] VGC 2023 Regulation C","log":"|j|\u2606Snowstorm brute\n|j|\u2606choicebadkyurem\n|t:|1683052851\n|gametype|doubles\n|player|p1|Snowstorm brute|veteran|\n|player|p2|choicebadkyurem|backersf|\n|teamsize|p1|6\n|teamsize|p2|6\n|gen|9\n|tier|[Gen 9] VGC 2023 Regulation C\n|rated|Tournament battle\n|rule|Species Clause: Limit one of each Pok\u00e9mon\n|rule|Item Clause: Limit one of each item\n|clearpoke\n|poke|p1|Hydreigon, L50, M|\n|poke|p1|Hippowdon, L50, M|\n|poke|p1|Scizor, L50, M|\n|poke|p1|Rotom-Wash, L50|\n|poke|p1|Iron Moth, L50|\n|poke|p1|Staraptor, L50, M|\n|poke|p2|Glimmora, L50, M|\n|poke|p2|Kilowattrel, L50, M|\n|poke|p2|Dragonite, L50, F|\n|poke|p2|Arcanine, L50, M|\n|poke|p2|Amoonguss, L50, M|\n|poke|p2|Flutter Mane, L50|\n|teampreview|4\n|raw| Open Team Sheet for Snowstorm brute<\/summary>Hydreigon @ Iapapa Berry Ability: Levitate Level: 50 Tera Type: Fairy - Draco Meteor - Dark Pulse - Roar - Protect Hippowdon @ Leftovers Ability: Sand Stream Level: 50 Tera Type: Steel - Earthquake - Stone Edge - Slack Off - Protect Scizor @ Safety Goggles Ability: Technician Level: 50 Tera Type: Fire - Swords Dance - Bullet Punch - Close Combat - Protect Rotom (Rotom-Wash) @ Sitrus Berry Ability: Levitate Level: 50 Tera Type: Normal - Will-O-Wisp - Hydro Pump - Thunderbolt - Protect Iron Moth @ Assault Vest Ability: Quark Drive Level: 50 Tera Type: Grass - Acid Spray - Sludge Wave - Energy Ball - Fiery Dance Staraptor @ Choice Scarf Ability: Intimidate Level: 50 Tera Type: Flying - Final Gambit - Brave Bird - Close Combat - U-turn <\/details><\/div> Open Team Sheet for choicebadkyurem<\/summary>Glimmora (M) @ Life Orb Ability: Toxic Debris Level: 50 Tera Type: Grass - Sludge Bomb - Power Gem - Energy Ball - Spiky Shield Kilowattrel (M) @ Focus Sash Ability: Wind Power Level: 50 Tera Type: Ghost - Thunderbolt - Tailwind - Volt Switch - Protect Dragonite (F) @ Assault Vest Ability: Multiscale Level: 50 Tera Type: Flying - Tera Blast - Ice Spinner - Extreme Speed - Stomping Tantrum Arcanine (M) @ Safety Goggles Ability: Intimidate Level: 50 Tera Type: Water - Flare Blitz - Extreme Speed - Will-O-Wisp - Protect Amoonguss (M) @ Sitrus Berry Ability: Regenerator Level: 50 Tera Type: Water - Spore - Rage Powder - Pollen Puff - Protect Flutter Mane @ Choice Specs Ability: Protosynthesis Level: 50 Tera Type: Fairy - Moonblast - Dazzling Gleam - Shadow Ball - Power Gem <\/details><\/div>\n|c|\u2606choicebadkyurem|wtf is that hydreigon set\n|c|\u2606Snowstorm brute|dunno ]\n|c|\u2606choicebadkyurem|:skull:\n|j| chipp zanuff 7\n|l| chipp zanuff 7\n|c|\u2606choicebadkyurem|you made it didnt u\n|c|\u2606choicebadkyurem|?\n|c|\u2606Snowstorm brute|i did\n|c|\u2606Snowstorm brute|but it was trash all of series 1 and 2\n|j| WeirdPolyCouple\n|\n|t:|1683052969\n|start\n|switch|p1a: Hippowdon|Hippowdon, L50, M|100\/100\n|switch|p1b: Rotom|Rotom-Wash, L50|100\/100\n|switch|p2a: Glimmora|Glimmora, L50, M|100\/100\n|switch|p2b: Kilowattrel|Kilowattrel, L50, M|100\/100\n|-weather|Sandstorm|[from] ability: Sand Stream|[of] p1a: Hippowdon\n|turn|1\n|c|\u2606choicebadkyurem|and it still is\n|c|\u2606choicebadkyurem|:gar:\n|\n|t:|1683053012\n|switch|p1b: Scizor|Scizor, L50, M|100\/100\n|-terastallize|p2a: Glimmora|Grass\n|move|p1a: Hippowdon|Protect|p1a: Hippowdon\n|-singleturn|p1a: Hippowdon|Protect\n|move|p2b: Kilowattrel|Volt Switch|p1b: Scizor\n|-damage|p1b: Scizor|64\/100\n|j| kendytelusma\n|\n|t:|1683053017\n|switch|p2b: Arcanine|Arcanine, L50, M|100\/100|[from] Volt Switch\n|-ability|p2b: Arcanine|Intimidate|boost\n|-unboost|p1a: Hippowdon|atk|1\n|-unboost|p1b: Scizor|atk|1\n|move|p2a: Glimmora|Energy Ball|p1a: Hippowdon\n|-activate|p1a: Hippowdon|move: Protect\n|\n|-weather|Sandstorm|[upkeep]\n|-damage|p2a: Glimmora|95\/100|[from] Sandstorm\n|upkeep\n|turn|2\n|l| kendytelusma\n|j| stinkypoops\n|\n|t:|1683053030\n|switch|p1b: Rotom|Rotom-Wash, L50|100\/100\n|switch|p1a: Staraptor|Staraptor, L50, M|100\/100\n|-ability|p1a: Staraptor|Intimidate|boost\n|-unboost|p2a: Glimmora|atk|1\n|-unboost|p2b: Arcanine|atk|1\n|move|p2a: Glimmora|Power Gem|p1b: Rotom\n|-damage|p1b: Rotom|45\/100\n|-enditem|p1b: Rotom|Sitrus Berry|[eat]\n|-heal|p1b: Rotom|70\/100|[from] item: Sitrus Berry\n|-damage|p2a: Glimmora|85\/100|[from] item: Life Orb\n|move|p2b: Arcanine|Will-O-Wisp|p1a: Staraptor|[miss]\n|-miss|p2b: Arcanine|p1a: Staraptor\n|\n|-weather|Sandstorm|[upkeep]\n|-damage|p1a: Staraptor|94\/100|[from] Sandstorm\n|-damage|p2a: Glimmora|80\/100|[from] Sandstorm\n|-damage|p1b: Rotom|64\/100|[from] Sandstorm\n|upkeep\n|turn|3\n|\n|t:|1683053054\n|move|p2a: Glimmora|Spiky Shield|p2a: Glimmora\n|-singleturn|p2a: Glimmora|move: Protect\n|move|p1a: Staraptor|Brave Bird|p2a: Glimmora\n|-activate|p2a: Glimmora|move: Protect\n|-damage|p1a: Staraptor|82\/100|[from] Spiky Shield|[of] p2a: Glimmora\n|move|p2b: Arcanine|Will-O-Wisp|p1a: Staraptor\n|-status|p1a: Staraptor|brn\n|move|p1b: Rotom|Hydro Pump|p2b: Arcanine\n|-supereffective|p2b: Arcanine\n|-damage|p2b: Arcanine|5\/100\n|\n|-weather|Sandstorm|[upkeep]\n|-damage|p1a: Staraptor|76\/100 brn|[from] Sandstorm\n|-damage|p2a: Glimmora|74\/100|[from] Sandstorm\n|-damage|p1b: Rotom|58\/100|[from] Sandstorm\n|-damage|p1a: Staraptor|70\/100 brn|[from] brn\n|upkeep\n|turn|4\n|j| kendytelusma\n|l| kendytelusma\n|\n|t:|1683053080\n|switch|p2a: Kilowattrel|Kilowattrel, L50, M|100\/100\n|-terastallize|p1a: Staraptor|Flying\n|move|p2b: Arcanine|Extreme Speed|p1a: Staraptor\n|-damage|p1a: Staraptor|47\/100 brn\n|move|p1a: Staraptor|Brave Bird|p2a: Kilowattrel\n|-resisted|p2a: Kilowattrel\n|-damage|p2a: Kilowattrel|64\/100\n|-damage|p1a: Staraptor|38\/100 brn|[from] Recoil\n|move|p1b: Rotom|Thunderbolt|p2b: Arcanine\n|-damage|p2b: Arcanine|0 fnt\n|faint|p2b: Arcanine\n|\n|-weather|Sandstorm|[upkeep]\n|-damage|p1a: Staraptor|32\/100 brn|[from] Sandstorm\n|-damage|p2a: Kilowattrel|58\/100|[from] Sandstorm\n|-damage|p1b: Rotom|53\/100|[from] Sandstorm\n|-damage|p1a: Staraptor|26\/100 brn|[from] brn\n|upkeep\n|\n|t:|1683053099\n|switch|p2b: Dragonite|Dragonite, L50, F|100\/100\n|turn|5\n|\n|t:|1683053108\n|switch|p1a: Hippowdon|Hippowdon, L50, M|100\/100\n|move|p2b: Dragonite|Extreme Speed|p1b: Rotom\n|-damage|p1b: Rotom|24\/100\n|move|p2a: Kilowattrel|Thunderbolt|p1b: Rotom\n|-damage|p1b: Rotom|0 fnt\n|faint|p1b: Rotom\n|\n|-weather|none\n|upkeep\n|\n|t:|1683053115\n|switch|p1b: Scizor|Scizor, L50, M|64\/100\n|turn|6\n|\n|t:|1683053122\n|move|p1b: Scizor|Protect|p1b: Scizor\n|-singleturn|p1b: Scizor|Protect\n|move|p2a: Kilowattrel|Thunderbolt|p1b: Scizor\n|-activate|p1b: Scizor|move: Protect\n|move|p2b: Dragonite|Ice Spinner|p1a: Hippowdon\n|-supereffective|p1a: Hippowdon\n|-damage|p1a: Hippowdon|61\/100\n|move|p1a: Hippowdon|Stone Edge|p2a: Kilowattrel\n|-supereffective|p2a: Kilowattrel\n|-damage|p2a: Kilowattrel|0 fnt\n|faint|p2a: Kilowattrel\n|\n|-heal|p1a: Hippowdon|67\/100|[from] item: Leftovers\n|upkeep\n|\n|t:|1683053123\n|switch|p2a: Glimmora|Glimmora, L50, M, tera:Grass|74\/100\n|turn|7\n|\n|t:|1683053146\n|switch|p1a: Staraptor|Staraptor, L50, M, tera:Flying|26\/100 brn\n|-ability|p1a: Staraptor|Intimidate|boost\n|-unboost|p2a: Glimmora|atk|1\n|-unboost|p2b: Dragonite|atk|1\n|move|p1b: Scizor|Protect|p1b: Scizor\n|-singleturn|p1b: Scizor|Protect\n|move|p2a: Glimmora|Energy Ball|p1a: Staraptor\n|-resisted|p1a: Staraptor\n|-damage|p1a: Staraptor|0 fnt\n|faint|p1a: Staraptor\n|-damage|p2a: Glimmora|65\/100|[from] item: Life Orb\n|move|p2b: Dragonite|Stomping Tantrum|p1b: Scizor\n|-activate|p1b: Scizor|move: Protect\n|\n|upkeep\n|\n|t:|1683053158\n|switch|p1a: Hippowdon|Hippowdon, L50, M|67\/100\n|-weather|Sandstorm|[from] ability: Sand Stream|[of] p1a: Hippowdon\n|turn|8\n|c|\u2606choicebadkyurem|huh\n|\n|t:|1683053166\n|move|p1a: Hippowdon|Protect|p1a: Hippowdon\n|-singleturn|p1a: Hippowdon|Protect\n|move|p1b: Scizor|Bullet Punch|p2a: Glimmora\n|-damage|p2a: Glimmora|24\/100\n|-activate|p2a: Glimmora|ability: Toxic Debris\n|-sidestart|p1: Snowstorm brute|move: Toxic Spikes\n|move|p2a: Glimmora|Energy Ball|p1a: Hippowdon\n|-activate|p1a: Hippowdon|move: Protect\n|move|p2b: Dragonite|Stomping Tantrum|p1b: Scizor\n|-damage|p1b: Scizor|45\/100\n|\n|-weather|Sandstorm|[upkeep]\n|-damage|p2a: Glimmora|19\/100|[from] Sandstorm\n|-damage|p2b: Dragonite|94\/100|[from] Sandstorm\n|-heal|p1a: Hippowdon|73\/100|[from] item: Leftovers\n|upkeep\n|turn|9\n|c|\u2606choicebadkyurem|idk how this plays out\n|\n|t:|1683053180\n|move|p2a: Glimmora|Spiky Shield|p2a: Glimmora\n|-singleturn|p2a: Glimmora|move: Protect\n|move|p1b: Scizor|Bullet Punch|p2a: Glimmora\n|-activate|p2a: Glimmora|move: Protect\n|-damage|p1b: Scizor|32\/100|[from] Spiky Shield|[of] p2a: Glimmora\n|move|p2b: Dragonite|Ice Spinner|p1a: Hippowdon\n|-supereffective|p1a: Hippowdon\n|-damage|p1a: Hippowdon|46\/100\n|move|p1a: Hippowdon|Stone Edge|p2b: Dragonite\n|-supereffective|p2b: Dragonite\n|-damage|p2b: Dragonite|41\/100\n|\n|-weather|Sandstorm|[upkeep]\n|-damage|p2a: Glimmora|13\/100|[from] Sandstorm\n|-damage|p2b: Dragonite|35\/100|[from] Sandstorm\n|-heal|p1a: Hippowdon|52\/100|[from] item: Leftovers\n|upkeep\n|turn|10\n|j| child Pikachu\n|c|\u2606choicebadkyurem|nice sedge hit\n|\n|t:|1683053207\n|move|p2a: Glimmora|Spiky Shield||[still]\n|-fail|p2a: Glimmora\n|move|p1b: Scizor|Bullet Punch|p2a: Glimmora\n|-damage|p2a: Glimmora|0 fnt\n|-activate|p2a: Glimmora|ability: Toxic Debris\n|-sidestart|p1: Snowstorm brute|move: Toxic Spikes\n|faint|p2a: Glimmora\n|move|p2b: Dragonite|Stomping Tantrum|p1b: Scizor\n|-damage|p1b: Scizor|13\/100\n|move|p1a: Hippowdon|Slack Off|p1a: Hippowdon\n|-heal|p1a: Hippowdon|100\/100\n|\n|-weather|Sandstorm|[upkeep]\n|-damage|p2b: Dragonite|29\/100|[from] Sandstorm\n|upkeep\n|turn|11\n|c|\u2606choicebadkyurem|g.g\n|c|\u2606choicebadkyurem|wp\n|c|\u2606Snowstorm brute|gg\n|c|\u2606choicebadkyurem|GU\n|c|\u2606choicebadkyurem|Greatly Used\n|\n|t:|1683053231\n|move|p2b: Dragonite|Extreme Speed|p1b: Scizor\n|-resisted|p1b: Scizor\n|-damage|p1b: Scizor|3\/100\n|move|p1b: Scizor|Bullet Punch|p2b: Dragonite\n|-damage|p2b: Dragonite|0 fnt\n|faint|p2b: Dragonite\n|\n|win|Snowstorm brute\n|n|\u2606Snowstorm brute|snowstormbrute\n|n|\u2606choicebadkyurem|choicebadkyurem\n|n| WeirdPolyCouple|weirdpolycouple\n|n| stinkypoops|stinkypoops\n|n| child Pikachu|childpikachu\n","uploadtime":1683053232,"views":10,"p1id":"snowstormbrute","p2id":"choicebadkyurem","formatid":"gen9vgc2023regulationc","rating":0,"private":0,"password":""}