{"id":"gen9vgc2023regulationc-1845280993","p1":"ScepTorBird","p2":"kamusito98","format":"[Gen 9] VGC 2023 Regulation C","log":"|j|\u2606ScepTorBird\n|j|\u2606kamusito98\n|t:|1681706975\n|gametype|doubles\n|player|p1|ScepTorBird|koga|1178\n|player|p2|kamusito98|hugh|1189\n|teamsize|p1|6\n|teamsize|p2|6\n|gen|9\n|tier|[Gen 9] VGC 2023 Regulation C\n|rated|\n|rule|Species Clause: Limit one of each Pok\u00e9mon\n|rule|Item Clause: Limit one of each item\n|clearpoke\n|poke|p1|Kingambit, L50, F|\n|poke|p1|Iron Bundle, L50|\n|poke|p1|Chien-Pao, L50|\n|poke|p1|Arcanine, L50, M|\n|poke|p1|Corviknight, L50, M|\n|poke|p1|Scizor, L50, F|\n|poke|p2|Gyarados, L50, M|\n|poke|p2|Amoonguss, L50, F|\n|poke|p2|Arcanine, L50, M|\n|poke|p2|Baxcalibur, L50, F|\n|poke|p2|Abomasnow, L50, M|\n|poke|p2|Iron Bundle, L50|\n|teampreview|4\n|inactive|Battle timer is ON: inactive players will automatically lose when time's up. (requested by ScepTorBird)\n|inactive|kamusito98 has 60 seconds left.\n|\n|t:|1681707006\n|start\n|switch|p1a: Corviknight|Corviknight, L50, M|100\/100\n|switch|p1b: Kingambit|Kingambit, L50, F|100\/100\n|switch|p2a: Abomasnow|Abomasnow, L50, M|100\/100\n|switch|p2b: Iron Bundle|Iron Bundle, L50|100\/100\n|-weather|Snow|[from] ability: Snow Warning|[of] p2a: Abomasnow\n|-enditem|p2b: Iron Bundle|Booster Energy\n|-activate|p2b: Iron Bundle|ability: Quark Drive|[fromitem]\n|-start|p2b: Iron Bundle|quarkdrivespe\n|turn|1\n|\n|t:|1681707023\n|move|p2b: Iron Bundle|Aurora Veil|p2b: Iron Bundle\n|-sidestart|p2: kamusito98|move: Aurora Veil\n|move|p1a: Corviknight|Brave Bird|p2a: Abomasnow\n|-supereffective|p2a: Abomasnow\n|-damage|p2a: Abomasnow|61\/100\n|-damage|p1a: Corviknight|88\/100|[from] Recoil\n|move|p2a: Abomasnow|Sheer Cold|p1b: Kingambit|[miss]\n|-miss|p2a: Abomasnow|p1b: Kingambit\n|move|p1b: Kingambit|Iron Head|p2b: Iron Bundle\n|-damage|p2b: Iron Bundle|76\/100\n|\n|-weather|Snow|[upkeep]\n|-heal|p1a: Corviknight|94\/100|[from] item: Leftovers\n|upkeep\n|turn|2\n|\n|t:|1681707037\n|move|p2b: Iron Bundle|Blizzard|p1b: Kingambit|[spread] p1a,p1b\n|-resisted|p1b: Kingambit\n|-damage|p1a: Corviknight|49\/100\n|-damage|p1b: Kingambit|87\/100\n|move|p1a: Corviknight|Tailwind|p1a: Corviknight\n|-sidestart|p1: ScepTorBird|move: Tailwind\n|move|p1b: Kingambit|Brick Break|p2b: Iron Bundle\n|-sideend|p2: kamusito98|move: Aurora Veil\n|-supereffective|p2b: Iron Bundle\n|-damage|p2b: Iron Bundle|30\/100\n|move|p2a: Abomasnow|Blizzard|p1a: Corviknight|[spread] p1a,p1b\n|-resisted|p1b: Kingambit\n|-damage|p1a: Corviknight|14\/100\n|-damage|p1b: Kingambit|76\/100\n|-status|p1b: Kingambit|frz\n|\n|-weather|Snow|[upkeep]\n|-heal|p1a: Corviknight|20\/100|[from] item: Leftovers\n|upkeep\n|turn|3\n|c|\u2606ScepTorBird|WOW\n|c|\u2606ScepTorBird|WOW\n|inactive|ScepTorBird has 30 seconds left.\n|\n|t:|1681707065\n|move|p2b: Iron Bundle|Blizzard|p1b: Kingambit|[spread] p1a,p1b\n|-crit|p1a: Corviknight\n|-resisted|p1b: Kingambit\n|-crit|p1b: Kingambit\n|-damage|p1a: Corviknight|0 fnt\n|-damage|p1b: Kingambit|55\/100 frz\n|faint|p1a: Corviknight\n|cant|p1b: Kingambit|frz\n|move|p2a: Abomasnow|Blizzard|p1b: Kingambit\n|-resisted|p1b: Kingambit\n|-damage|p1b: Kingambit|39\/100 frz\n|\n|-weather|Snow|[upkeep]\n|upkeep\n|\n|t:|1681707068\n|switch|p1a: Iron Bundle|Iron Bundle, L50|100\/100\n|-enditem|p1a: Iron Bundle|Booster Energy\n|-activate|p1a: Iron Bundle|ability: Quark Drive|[fromitem]\n|-start|p1a: Iron Bundle|quarkdrivespe\n|turn|4\n|c|\u2606ScepTorBird|What the hell man\n|\n|t:|1681707085\n|move|p1a: Iron Bundle|Freeze-Dry|p2b: Iron Bundle\n|-damage|p2b: Iron Bundle|0 fnt\n|faint|p2b: Iron Bundle\n|-end|p2b: Iron Bundle|Quark Drive|[silent]\n|cant|p1b: Kingambit|frz\n|move|p2a: Abomasnow|Giga Drain|p1a: Iron Bundle\n|-supereffective|p1a: Iron Bundle\n|-damage|p1a: Iron Bundle|0 fnt\n|-heal|p2a: Abomasnow|95\/100|[from] drain|[of] p1a: Iron Bundle\n|faint|p1a: Iron Bundle\n|-end|p1a: Iron Bundle|Quark Drive|[silent]\n|\n|-weather|Snow|[upkeep]\n|upkeep\n|\n|t:|1681707099\n|switch|p2b: Baxcalibur|Baxcalibur, L50, F|100\/100\n|switch|p1a: Arcanine|Arcanine, L50, M|100\/100\n|-ability|p1a: Arcanine|Intimidate|boost\n|-unboost|p2a: Abomasnow|atk|1\n|-fail|p2b: Baxcalibur|unboost|[from] item: Clear Amulet|[of] p2b: Baxcalibur\n|turn|5\n|c|\u2606ScepTorBird|WHAT THE FUCK IS THIS FREEZING BULLSHIT\n|\n|t:|1681707116\n|-terastallize|p2a: Abomasnow|Water\n|move|p1a: Arcanine|Flare Blitz|p2a: Abomasnow\n|-resisted|p2a: Abomasnow\n|-damage|p2a: Abomasnow|67\/100\n|-status|p2a: Abomasnow|brn\n|-damage|p1a: Arcanine|91\/100|[from] Recoil\n|cant|p1b: Kingambit|frz\n|move|p2b: Baxcalibur|Dragon Dance|p2b: Baxcalibur\n|-boost|p2b: Baxcalibur|atk|1\n|-boost|p2b: Baxcalibur|spe|1\n|move|p2a: Abomasnow|Tera Blast|p1a: Arcanine\n|-supereffective|p1a: Arcanine\n|-damage|p1a: Arcanine|37\/100\n|\n|-weather|none\n|-damage|p2a: Abomasnow|61\/100 brn|[from] brn\n|-sideend|p1: ScepTorBird|move: Tailwind\n|upkeep\n|turn|6\n|c|\u2606ScepTorBird|Fuck this\n|-message|ScepTorBird forfeited.\n|\n|win|kamusito98\n|raw|ScepTorBird's rating: 1178 → 1154<\/strong> (-24 for losing)\n|raw|kamusito98's rating: 1189 → 1213<\/strong> (+24 for winning)\n","uploadtime":1681707101,"views":5,"p1id":"sceptorbird","p2id":"kamusito98","formatid":"gen9vgc2023regulationc","rating":1154,"private":0,"password":""}