{"id":"gen9vgc2023regulationc-1860711814","p1":"Arcacagne","p2":"Lukeey c","format":"[Gen 9] VGC 2023 Regulation C","log":"|j|\u2606Arcacagne\n|j|\u2606Lukeey c\n|t:|1683668917\n|gametype|doubles\n|player|p1|Arcacagne|101|1351\n|player|p2|Lukeey c|101|1355\n|teamsize|p1|6\n|teamsize|p2|6\n|gen|9\n|tier|[Gen 9] VGC 2023 Regulation C\n|rated|\n|rule|Species Clause: Limit one of each Pok\u00e9mon\n|rule|Item Clause: Limit one of each item\n|clearpoke\n|poke|p1|Chi-Yu, L50|\n|poke|p1|Flutter Mane, L50|\n|poke|p1|Amoonguss, L50, F|\n|poke|p1|Palafin, L50, M|\n|poke|p1|Iron Hands, L50|\n|poke|p1|Arcanine, L50, M|\n|poke|p2|Klefki, L50, M|\n|poke|p2|Chi-Yu, L50|\n|poke|p2|Flutter Mane, L50|\n|poke|p2|Corviknight, L50, F|\n|poke|p2|Palafin, L50, M|\n|poke|p2|Iron Hands, L50|\n|teampreview|4\n|\n|t:|1683668951\n|start\n|switch|p1a: Chi-Yu|Chi-Yu, L50|100\/100\n|switch|p1b: Amoonguss|Amoonguss, L50, F|100\/100\n|switch|p2a: Klefki|Klefki, L50, M|100\/100\n|switch|p2b: Corviknight|Corviknight, L50, F|100\/100\n|-ability|p1a: Chi-Yu|Beads of Ruin\n|turn|1\n|inactive|Battle timer is ON: inactive players will automatically lose when time's up. (requested by Arcacagne)\n|\n|t:|1683668968\n|-terastallize|p2b: Corviknight|Fire\n|-terastallize|p1b: Amoonguss|Water\n|move|p2a: Klefki|Light Screen|p2a: Klefki\n|-sidestart|p2: Lukeey c|move: Light Screen\n|move|p1a: Chi-Yu|Nasty Plot|p1a: Chi-Yu\n|-boost|p1a: Chi-Yu|spa|2\n|move|p2b: Corviknight|Brave Bird|p1b: Amoonguss\n|-damage|p1b: Amoonguss|34\/100\n|-enditem|p1b: Amoonguss|Sitrus Berry|[eat]\n|-heal|p1b: Amoonguss|58\/100|[from] item: Sitrus Berry\n|-damage|p2b: Corviknight|74\/100|[from] Recoil\n|move|p1b: Amoonguss|Spore|p2b: Corviknight\n|-status|p2b: Corviknight|slp|[from] move: Spore\n|\n|upkeep\n|turn|2\n|inactive|Arcacagne has 30 seconds left.\n|\n|t:|1683669003\n|switch|p1b: Iron Hands|Iron Hands, L50|100\/100\n|move|p2a: Klefki|Thunder Wave|p1b: Iron Hands\n|-immune|p1b: Iron Hands\n|move|p1a: Chi-Yu|Heat Wave|p2a: Klefki|[spread] p2a,p2b\n|-supereffective|p2a: Klefki\n|-resisted|p2b: Corviknight\n|-damage|p2a: Klefki|0 fnt\n|-damage|p2b: Corviknight|46\/100 slp\n|faint|p2a: Klefki\n|cant|p2b: Corviknight|slp\n|\n|upkeep\n|\n|t:|1683669009\n|switch|p2a: Flutter Mane|Flutter Mane, L50|100\/100\n|-enditem|p2a: Flutter Mane|Booster Energy\n|-activate|p2a: Flutter Mane|ability: Protosynthesis|[fromitem]\n|-start|p2a: Flutter Mane|protosynthesisspe\n|turn|3\n|\n|t:|1683669023\n|-end|p1b: Iron Hands|Quark Drive|[silent]\n|switch|p1b: Amoonguss|Amoonguss, L50, F, tera:Water|91\/100\n|move|p2a: Flutter Mane|Moonblast|p1a: Chi-Yu\n|-damage|p1a: Chi-Yu|54\/100\n|move|p1a: Chi-Yu|Heat Wave|p2b: Corviknight|[spread] p2b\n|-miss|p1a: Chi-Yu|p2a: Flutter Mane\n|-resisted|p2b: Corviknight\n|-damage|p2b: Corviknight|16\/100 slp\n|cant|p2b: Corviknight|slp\n|\n|upkeep\n|turn|4\n|\n|t:|1683669044\n|move|p1b: Amoonguss|Rage Powder|p1b: Amoonguss\n|-singleturn|p1b: Amoonguss|move: Rage Powder\n|move|p2a: Flutter Mane|Moonblast|p1b: Amoonguss\n|-damage|p1b: Amoonguss|33\/100\n|move|p1a: Chi-Yu|Heat Wave|p2a: Flutter Mane|[spread] \n|-miss|p1a: Chi-Yu|p2a: Flutter Mane\n|-miss|p1a: Chi-Yu|p2b: Corviknight\n|cant|p2b: Corviknight|slp\n|\n|upkeep\n|turn|5\n|\n|t:|1683669056\n|move|p1b: Amoonguss|Rage Powder|p1b: Amoonguss\n|-singleturn|p1b: Amoonguss|move: Rage Powder\n|move|p2a: Flutter Mane|Moonblast|p1b: Amoonguss\n|-damage|p1b: Amoonguss|0 fnt\n|faint|p1b: Amoonguss\n|move|p1a: Chi-Yu|Heat Wave|p2b: Corviknight|[spread] p2a,p2b\n|-resisted|p2b: Corviknight\n|-crit|p2b: Corviknight\n|-damage|p2a: Flutter Mane|37\/100\n|-damage|p2b: Corviknight|0 fnt\n|faint|p2b: Corviknight\n|\n|upkeep\n|\n|t:|1683669072\n|switch|p2b: Chi-Yu|Chi-Yu, L50|100\/100\n|switch|p1b: Iron Hands|Iron Hands, L50|100\/100\n|-ability|p2b: Chi-Yu|Beads of Ruin\n|turn|6\n|\n|t:|1683669092\n|move|p2b: Chi-Yu|Protect|p2b: Chi-Yu\n|-singleturn|p2b: Chi-Yu|Protect\n|move|p2a: Flutter Mane|Substitute|p2a: Flutter Mane\n|-start|p2a: Flutter Mane|Substitute\n|-damage|p2a: Flutter Mane|13\/100\n|move|p1a: Chi-Yu|Dark Pulse|p2a: Flutter Mane\n|-end|p2a: Flutter Mane|Substitute\n|move|p1b: Iron Hands|Thunder Punch|p2a: Flutter Mane\n|-damage|p2a: Flutter Mane|0 fnt\n|faint|p2a: Flutter Mane\n|-end|p2a: Flutter Mane|Protosynthesis|[silent]\n|\n|upkeep\n|turn|7\n|\n|t:|1683669109\n|move|p2b: Chi-Yu|Flamethrower|p1b: Iron Hands\n|-damage|p1b: Iron Hands|56\/100\n|move|p1a: Chi-Yu|Heat Wave|p2b: Chi-Yu\n|-resisted|p2b: Chi-Yu\n|-damage|p2b: Chi-Yu|69\/100\n|move|p1b: Iron Hands|Drain Punch|p2b: Chi-Yu\n|-supereffective|p2b: Chi-Yu\n|-damage|p2b: Chi-Yu|0 fnt\n|-heal|p1b: Iron Hands|74\/100|[from] drain|[of] p2b: Chi-Yu\n|faint|p2b: Chi-Yu\n|\n|win|Arcacagne\n|raw|Arcacagne's rating: 1351 → 1371<\/strong> (+20 for winning)\n|raw|Lukeey c's rating: 1355 → 1335<\/strong> (-20 for losing)\n|l|\u2606Lukeey c\n|c|\u2606Arcacagne|gg\n","uploadtime":1683669124,"views":24,"p1id":"arcacagne","p2id":"lukeeyc","formatid":"gen9vgc2023regulationc","rating":1335,"private":0,"password":""}