{"id":"gen9vgc2023regulationc-1858992830","p1":"eshe0","p2":"Chrustopher","format":"[Gen 9] VGC 2023 Regulation C","log":"|j|\u2606eshe0\n|j|\u2606Chrustopher\n|t:|1683391941\n|gametype|doubles\n|player|p1|eshe0|2|\n|player|p2|Chrustopher|steven|\n|teamsize|p1|6\n|teamsize|p2|6\n|gen|9\n|tier|[Gen 9] VGC 2023 Regulation C\n|rule|Species Clause: Limit one of each Pok\u00e9mon\n|rule|Item Clause: Limit one of each item\n|clearpoke\n|poke|p1|Pawmot, L50, F|\n|poke|p1|Iron Valiant, L50|\n|poke|p1|Kingambit, L50, M|\n|poke|p1|Goodra, L50, F|\n|poke|p1|Stantler, L50, M|\n|poke|p1|Basculin, L50, M|\n|poke|p2|Abomasnow, L50, M|\n|poke|p2|Baxcalibur, L50, F|\n|poke|p2|Iron Bundle, L50|\n|poke|p2|Talonflame, L50, F|\n|poke|p2|Amoonguss, L50, M|\n|poke|p2|Rotom, L50|\n|teampreview|4\n|inactive|Battle timer is ON: inactive players will automatically lose when time's up. (requested by Chrustopher)\n|inactiveoff|Battle timer is now OFF.\n|j| judevgc\nChrustopher has agreed to open team sheets.\n|c|\u2606Chrustopher|oops forgot it was CTS lol\n|c|\u2606eshe0|?\n|c|\u2606eshe0|wdym?\n|c| judevgc|closed team sheets\n|c|\u2606eshe0|oh, yeah\n|c|\u2606Chrustopher|we good?\n|c|\u2606eshe0|aynway, ready or not there I go\n|c| judevgc|gaming time\n|\n|t:|1683392090\n|start\n|switch|p1a: Jos\u00e9 Mu\u00f1oz|Iron Valiant, L50|100\/100\n|switch|p1b: Dani Mart\u00edn|Pawmot, L50, F|100\/100\n|switch|p2a: Baxcalibur|Baxcalibur, L50, F|100\/100\n|switch|p2b: Rotom|Rotom, L50|100\/100\n|turn|1\n|\n|t:|1683392149\n|-terastallize|p2a: Baxcalibur|Ground\n|move|p1b: Dani Mart\u00edn|Fake Out|p2a: Baxcalibur\n|-damage|p2a: Baxcalibur|88\/100\n|move|p2b: Rotom|Trick|p1b: Dani Mart\u00edn\n|-activate|p2b: Rotom|move: Trick|[of] p1b: Dani Mart\u00edn\n|-item|p1b: Dani Mart\u00edn|Choice Scarf|[from] move: Trick\n|-item|p2b: Rotom|Focus Sash|[from] move: Trick\n|move|p1a: Jos\u00e9 Mu\u00f1oz|Calm Mind|p1a: Jos\u00e9 Mu\u00f1oz\n|-boost|p1a: Jos\u00e9 Mu\u00f1oz|spa|1\n|-boost|p1a: Jos\u00e9 Mu\u00f1oz|spd|1\n|cant|p2a: Baxcalibur|flinch\n|\n|upkeep\n|turn|2\n|\n|t:|1683392186\n|-terastallize|p1a: Jos\u00e9 Mu\u00f1oz|Fairy\n|move|p1b: Dani Mart\u00edn|Electric Terrain|p1b: Dani Mart\u00edn\n|-fieldstart|move: Electric Terrain\n|-activate|p1a: Jos\u00e9 Mu\u00f1oz|ability: Quark Drive\n|-start|p1a: Jos\u00e9 Mu\u00f1oz|quarkdrivespa\n|move|p2b: Rotom|Discharge|p1a: Jos\u00e9 Mu\u00f1oz|[spread] p1a\n|-immune|p1b: Dani Mart\u00edn|[from] ability: Volt Absorb\n|-immune|p2a: Baxcalibur\n|-damage|p1a: Jos\u00e9 Mu\u00f1oz|71\/100\n|move|p1a: Jos\u00e9 Mu\u00f1oz|Moonblast|p2a: Baxcalibur\n|-damage|p2a: Baxcalibur|0 fnt\n|faint|p2a: Baxcalibur\n|\n|upkeep\n|\n|t:|1683392215\n|switch|p2a: Iron Bundle|Iron Bundle, L50|100\/100\n|-activate|p2a: Iron Bundle|ability: Quark Drive\n|-start|p2a: Iron Bundle|quarkdrivespe\n|turn|3\n|\n|t:|1683392289\n|switch|p1b: El padre de Jos\u00e9|Kingambit, L50, M|100\/100\n|move|p2a: Iron Bundle|Protect|p2a: Iron Bundle\n|-singleturn|p2a: Iron Bundle|Protect\n|move|p1a: Jos\u00e9 Mu\u00f1oz|Protect|p1a: Jos\u00e9 Mu\u00f1oz\n|-singleturn|p1a: Jos\u00e9 Mu\u00f1oz|Protect\n|move|p2b: Rotom|Discharge|p1b: El padre de Jos\u00e9|[spread] p1b\n|-activate|p2a: Iron Bundle|move: Protect\n|-activate|p1a: Jos\u00e9 Mu\u00f1oz|move: Protect\n|-damage|p1b: El padre de Jos\u00e9|78\/100\n|\n|upkeep\n|turn|4\n|\n|t:|1683392325\n|move|p1b: El padre de Jos\u00e9|Sucker Punch||[still]\n|-fail|p1b: El padre de Jos\u00e9\n|move|p2a: Iron Bundle|Encore|p1a: Jos\u00e9 Mu\u00f1oz\n|-start|p1a: Jos\u00e9 Mu\u00f1oz|Encore\n|move|p2b: Rotom|Will-O-Wisp|p1b: El padre de Jos\u00e9\n|-status|p1b: El padre de Jos\u00e9|brn\n|-enditem|p1b: El padre de Jos\u00e9|Lum Berry|[eat]\n|-curestatus|p1b: El padre de Jos\u00e9|brn|[msg]\n|move|p1a: Jos\u00e9 Mu\u00f1oz|Protect||[still]\n|-fail|p1a: Jos\u00e9 Mu\u00f1oz\n|\n|upkeep\n|turn|5\n|j| Blaziken Blazers\n|\n|t:|1683392372\n|-end|p1a: Jos\u00e9 Mu\u00f1oz|Quark Drive|[silent]\n|switch|p1a: Dani Mart\u00edn|Pawmot, L50, F|100\/100\n|switch|p1b: La madre de Jos\u00e9|Goodra, L50, F|100\/100\n|move|p2a: Iron Bundle|Protect|p2a: Iron Bundle\n|-singleturn|p2a: Iron Bundle|Protect\n|move|p2b: Rotom|Discharge|p1b: La madre de Jos\u00e9|[spread] p1b\n|-activate|p2a: Iron Bundle|move: Protect\n|-immune|p1a: Dani Mart\u00edn|[from] ability: Volt Absorb\n|-resisted|p1b: La madre de Jos\u00e9\n|-damage|p1b: La madre de Jos\u00e9|95\/100\n|\n|upkeep\n|turn|6\n|\n|t:|1683392481\n|switch|p2b: Abomasnow|Abomasnow, L50, M|100\/100\n|-weather|Snow|[from] ability: Snow Warning|[of] p2b: Abomasnow\n|move|p2a: Iron Bundle|Protect|p2a: Iron Bundle\n|-singleturn|p2a: Iron Bundle|Protect\n|move|p1a: Dani Mart\u00edn|Double Shock|p2a: Iron Bundle\n|-activate|p2a: Iron Bundle|move: Protect\n|move|p1b: La madre de Jos\u00e9|Thunderbolt|p2b: Abomasnow\n|-resisted|p2b: Abomasnow\n|-damage|p2b: Abomasnow|86\/100\n|\n|-weather|Snow|[upkeep]\n|-fieldend|move: Electric Terrain\n|-end|p2a: Iron Bundle|Quark Drive\n|upkeep\n|-enditem|p2a: Iron Bundle|Booster Energy\n|-activate|p2a: Iron Bundle|ability: Quark Drive|[fromitem]\n|-start|p2a: Iron Bundle|quarkdrivespe\n|turn|7\n|l| Blaziken Blazers\n|j| Blaziken Blazers\n|\n|t:|1683392561\n|-end|p2a: Iron Bundle|Quark Drive|[silent]\n|switch|p2a: Rotom|Rotom, L50|100\/100\n|move|p1a: Dani Mart\u00edn|Double Shock|p2a: Rotom\n|-resisted|p2a: Rotom\n|-crit|p2a: Rotom\n|-damage|p2a: Rotom|29\/100\n|-start|p1a: Dani Mart\u00edn|typechange|???\/Fighting|[from] move: Double Shock\n|move|p2b: Abomasnow|Aurora Veil|p2b: Abomasnow\n|-sidestart|p2: Chrustopher|move: Aurora Veil\n|move|p1b: La madre de Jos\u00e9|Blizzard|p2a: Rotom|[spread] p2a,p2b\n|-damage|p2a: Rotom|0 fnt\n|-damage|p2b: Abomasnow|73\/100\n|faint|p2a: Rotom\n|\n|-weather|Snow|[upkeep]\n|upkeep\n|\n|t:|1683392572\n|switch|p2a: Iron Bundle|Iron Bundle, L50|100\/100\n|turn|8\n|\n|t:|1683392583\n|switch|p1a: Jos\u00e9 Mu\u00f1oz|Iron Valiant, L50, tera:Fairy|71\/100\n|move|p2a: Iron Bundle|Blizzard|p1a: Jos\u00e9 Mu\u00f1oz|[spread] p1a,p1b\n|-supereffective|p1b: La madre de Jos\u00e9\n|-damage|p1a: Jos\u00e9 Mu\u00f1oz|9\/100\n|-damage|p1b: La madre de Jos\u00e9|58\/100\n|move|p2b: Abomasnow|Blizzard|p1b: La madre de Jos\u00e9|[spread] p1a,p1b\n|-supereffective|p1b: La madre de Jos\u00e9\n|-damage|p1a: Jos\u00e9 Mu\u00f1oz|0 fnt\n|-damage|p1b: La madre de Jos\u00e9|36\/100\n|faint|p1a: Jos\u00e9 Mu\u00f1oz\n|-end|p1a: Jos\u00e9 Mu\u00f1oz|Quark Drive|[silent]\n|move|p1b: La madre de Jos\u00e9|Thunderbolt|p2a: Iron Bundle\n|-supereffective|p2a: Iron Bundle\n|-damage|p2a: Iron Bundle|29\/100\n|\n|-weather|Snow|[upkeep]\n|upkeep\n|\n|t:|1683392602\n|switch|p1a: Dani Mart\u00edn|Pawmot, L50, F|100\/100\n|turn|9\n|\n|t:|1683392626\n|move|p2a: Iron Bundle|Protect|p2a: Iron Bundle\n|-singleturn|p2a: Iron Bundle|Protect\n|move|p1a: Dani Mart\u00edn|Close Combat|p2b: Abomasnow\n|-supereffective|p2b: Abomasnow\n|-damage|p2b: Abomasnow|12\/100\n|-unboost|p1a: Dani Mart\u00edn|def|1\n|-unboost|p1a: Dani Mart\u00edn|spd|1\n|move|p2b: Abomasnow|Earth Power|p1a: Dani Mart\u00edn\n|-supereffective|p1a: Dani Mart\u00edn\n|-damage|p1a: Dani Mart\u00edn|5\/100\n|move|p1b: La madre de Jos\u00e9|Thunderbolt|p2a: Iron Bundle\n|-activate|p2a: Iron Bundle|move: Protect\n|\n|-weather|Snow|[upkeep]\n|upkeep\n|turn|10\n|\n|t:|1683392643\n|switch|p1a: El padre de Jos\u00e9|Kingambit, L50, M|78\/100\n|move|p2a: Iron Bundle|Blizzard|p1a: El padre de Jos\u00e9|[spread] p1a,p1b\n|-resisted|p1a: El padre de Jos\u00e9\n|-supereffective|p1b: La madre de Jos\u00e9\n|-damage|p1a: El padre de Jos\u00e9|58\/100\n|-damage|p1b: La madre de Jos\u00e9|0 fnt\n|-status|p1a: El padre de Jos\u00e9|frz\n|faint|p1b: La madre de Jos\u00e9\n|move|p2b: Abomasnow|Blizzard|p1a: El padre de Jos\u00e9\n|-resisted|p1a: El padre de Jos\u00e9\n|-damage|p1a: El padre de Jos\u00e9|40\/100 frz\n|\n|-weather|none\n|upkeep\n|\n|t:|1683392654\n|switch|p1b: Dani Mart\u00edn|Pawmot, L50, F|5\/100\n|turn|11\n|\n|t:|1683392741\n|cant|p1a: El padre de Jos\u00e9|frz\n|move|p1b: Dani Mart\u00edn|Close Combat|p2b: Abomasnow\n|-supereffective|p2b: Abomasnow\n|-damage|p2b: Abomasnow|0 fnt\n|-unboost|p1b: Dani Mart\u00edn|def|1\n|-unboost|p1b: Dani Mart\u00edn|spd|1\n|faint|p2b: Abomasnow\n|move|p2a: Iron Bundle|Freeze-Dry|p1b: Dani Mart\u00edn\n|-damage|p1b: Dani Mart\u00edn|0 fnt\n|faint|p1b: Dani Mart\u00edn\n|\n|upkeep\n|turn|12\n|\n|t:|1683392758\n|move|p2a: Iron Bundle|Freeze-Dry|p1a: El padre de Jos\u00e9\n|-resisted|p1a: El padre de Jos\u00e9\n|-damage|p1a: El padre de Jos\u00e9|23\/100 frz\n|cant|p1a: El padre de Jos\u00e9|frz\n|\n|upkeep\n|turn|13\n|\n|t:|1683392763\n|move|p2a: Iron Bundle|Freeze-Dry|p1a: El padre de Jos\u00e9\n|-resisted|p1a: El padre de Jos\u00e9\n|-damage|p1a: El padre de Jos\u00e9|7\/100 frz\n|cant|p1a: El padre de Jos\u00e9|frz\n|\n|upkeep\n|turn|14\n|\n|t:|1683392770\n|cant|p1a: El padre de Jos\u00e9|frz\n|move|p2a: Iron Bundle|Freeze-Dry|p1a: El padre de Jos\u00e9\n|-resisted|p1a: El padre de Jos\u00e9\n|-damage|p1a: El padre de Jos\u00e9|0 fnt\n|faint|p1a: El padre de Jos\u00e9\n|\n|win|Chrustopher\n|c|\u2606eshe0|gg\n|c| judevgc|no wayyyy\n|c|\u2606Chrustopher|gg\n|c|\u2606Chrustopher|that freeze was super clutch lol\n|c| Blaziken Blazers|lol\n|c|\u2606eshe0|yeah\n|l| Blaziken Blazers\n","uploadtime":1683393384,"views":11,"p1id":"eshe0","p2id":"chrustopher","formatid":"gen9vgc2023regulationc","rating":0,"private":0,"password":""}