{"id":"gen9vgc2023regulationc-1846164881","p1":"Eloy1ruiz","p2":"haha u rage quit","format":"[Gen 9] VGC 2023 Regulation C","log":"|j|\u2606Eloy1ruiz\n|j|\u2606haha u rage quit\n|t:|1681816093\n|gametype|doubles\n|player|p1|Eloy1ruiz|swimmer|1021\n|player|p2|haha u rage quit|pokemaniac|1006\n|teamsize|p1|6\n|teamsize|p2|6\n|gen|9\n|tier|[Gen 9] VGC 2023 Regulation C\n|rated|\n|rule|Species Clause: Limit one of each Pok\u00e9mon\n|rule|Item Clause: Limit one of each item\n|clearpoke\n|poke|p1|Flutter Mane, L50|\n|poke|p1|Armarouge, L50, M|\n|poke|p1|Indeedee-F, L50, F|\n|poke|p1|Great Tusk, L50|\n|poke|p1|Iron Bundle, L50|\n|poke|p1|Hydreigon, L50, M|\n|poke|p2|Garchomp, L50, M|\n|poke|p2|Flutter Mane, L50|\n|poke|p2|Great Tusk, L50|\n|poke|p2|Iron Bundle, L50|\n|poke|p2|Baxcalibur, L50, M|\n|poke|p2|Palafin, L50, M|\n|teampreview|4\n|j| antlegomaster\n|inactive|Battle timer is ON: inactive players will automatically lose when time's up. (requested by haha u rage quit)\n|\n|t:|1681816150\n|start\n|switch|p1a: Ice Spice|Indeedee-F, L50, F|100\/100\n|switch|p1b: Munch|Armarouge, L50, M, shiny|100\/100\n|switch|p2a: Garchomp|Garchomp, L50, M|100\/100\n|switch|p2b: Iron Bundle|Iron Bundle, L50|100\/100\n|-fieldstart|move: Psychic Terrain|[from] ability: Psychic Surge|[of] p1a: Ice Spice\n|-enditem|p1a: Ice Spice|Psychic Seed\n|-boost|p1a: Ice Spice|spd|1|[from] item: Psychic Seed\n|turn|1\n|inactive|haha u rage quit has 30 seconds left.\n|inactive|haha u rage quit has 20 seconds left.\n|inactive|haha u rage quit has 15 seconds left.\n|inactive|haha u rage quit has 10 seconds left.\n|\n|t:|1681816199\n|-terastallize|p2a: Garchomp|Ghost\n|move|p1b: Munch|Protect|p1b: Munch\n|-singleturn|p1b: Munch|Protect\n|move|p2b: Iron Bundle|Fling|p2a: Garchomp\n|-supereffective|p2a: Garchomp\n|-damage|p2a: Garchomp|96\/100\n|-boost|p2a: Garchomp|spe|1|[from] item: Salac Berry\n|-enditem|p2a: Garchomp|Weakness Policy\n|-boost|p2a: Garchomp|atk|2|[from] item: Weakness Policy\n|-boost|p2a: Garchomp|spa|2|[from] item: Weakness Policy\n|-enditem|p2b: Iron Bundle|Salac Berry|[from] move: Fling\n|move|p2a: Garchomp|Rock Slide|p1a: Ice Spice|[spread] p1a\n|-activate|p1b: Munch|move: Protect\n|-damage|p1a: Ice Spice|60\/100\n|cant|p1a: Ice Spice|flinch\n|\n|upkeep\n|turn|2\n|inactive|Eloy1ruiz has 30 seconds left.\n|inactive|Eloy1ruiz has 20 seconds left.\n|\n|t:|1681816234\n|move|p1a: Ice Spice|Follow Me|p1a: Ice Spice\n|-singleturn|p1a: Ice Spice|move: Follow Me\n|move|p2a: Garchomp|Rock Slide|p1a: Ice Spice|[spread] p1a,p1b\n|-supereffective|p1b: Munch\n|-damage|p1a: Ice Spice|21\/100\n|-damage|p1b: Munch|17\/100\n|move|p2b: Iron Bundle|Icy Wind|p1a: Ice Spice|[spread] p1a,p1b\n|-resisted|p1b: Munch\n|-damage|p1a: Ice Spice|8\/100\n|-damage|p1b: Munch|6\/100\n|-unboost|p1a: Ice Spice|spe|1\n|-unboost|p1b: Munch|spe|1\n|cant|p1b: Munch|flinch\n|\n|upkeep\n|turn|3\n|\n|t:|1681816251\n|switch|p1b: Gucci Hamish|Hydreigon, L50, M|100\/100\n|switch|p1a: Quach|Great Tusk, L50, shiny|100\/100\n|move|p2a: Garchomp|Rock Slide|p1b: Gucci Hamish|[spread] p1a,p1b\n|-resisted|p1a: Quach\n|-damage|p1a: Quach|94\/100\n|-damage|p1b: Gucci Hamish|59\/100\n|move|p2b: Iron Bundle|Icy Wind|p1b: Gucci Hamish|[spread] p1a\n|-miss|p2b: Iron Bundle|p1b: Gucci Hamish\n|-supereffective|p1a: Quach\n|-damage|p1a: Quach|31\/100\n|-unboost|p1a: Quach|spe|1\n|\n|upkeep\n|turn|4\n|inactive|haha u rage quit has 30 seconds left.\n|\n|t:|1681816281\n|move|p2a: Garchomp|Rock Slide|p1b: Gucci Hamish|[spread] p1a,p1b\n|-resisted|p1a: Quach\n|-damage|p1a: Quach|23\/100\n|-damage|p1b: Gucci Hamish|18\/100\n|move|p2b: Iron Bundle|Icy Wind|p1a: Quach|[spread] p1a,p1b\n|-supereffective|p1a: Quach\n|-supereffective|p1b: Gucci Hamish\n|-damage|p1a: Quach|0 fnt\n|-damage|p1b: Gucci Hamish|0 fnt\n|faint|p1a: Quach\n|-end|p1a: Quach|Protosynthesis|[silent]\n|faint|p1b: Gucci Hamish\n|\n|upkeep\n|\n|t:|1681816295\n|switch|p1b: Ice Spice|Indeedee-F, L50, F|8\/100\n|switch|p1a: Munch|Armarouge, L50, M, shiny|6\/100\n|turn|5\n|\n|t:|1681816301\n|move|p1a: Munch|Protect|p1a: Munch\n|-singleturn|p1a: Munch|Protect\n|move|p2a: Garchomp|Rock Slide|p1a: Munch|[spread] p1b\n|-activate|p1a: Munch|move: Protect\n|-damage|p1b: Ice Spice|0 fnt\n|faint|p1b: Ice Spice\n|move|p2b: Iron Bundle|Icy Wind|p1a: Munch\n|-activate|p1a: Munch|move: Protect\n|\n|-fieldend|move: Psychic Terrain\n|upkeep\n|turn|6\n|-message|Eloy1ruiz forfeited.\n|\n|win|haha u rage quit\n|raw|Eloy1ruiz's rating: 1021 → 1007<\/strong> (-14 for losing)\n|raw|haha u rage quit's rating: 1006 → 1047<\/strong> (+41 for winning)\n|l|\u2606Eloy1ruiz\n","uploadtime":1681816319,"views":7,"p1id":"eloy1ruiz","p2id":"hahauragequit","formatid":"gen9vgc2023regulationc","rating":1007,"private":0,"password":""}