{"id":"gen9vgc2023regulationc-1857056451","p1":"ChickpeaApocalypse","p2":"TrainerDylan24","format":"[Gen 9] VGC 2023 Regulation C","log":"|j|\u2606ChickpeaApocalypse\n|j|\u2606TrainerDylan24\n|t:|1683141522\n|gametype|doubles\n|player|p1|ChickpeaApocalypse|zinnia|1067\n|player|p2|TrainerDylan24|grimsley|1156\n|teamsize|p1|6\n|teamsize|p2|6\n|gen|9\n|tier|[Gen 9] VGC 2023 Regulation C\n|rated|\n|rule|Species Clause: Limit one of each Pok\u00e9mon\n|rule|Item Clause: Limit one of each item\n|clearpoke\n|poke|p1|Falinks, L50|\n|poke|p1|Volcarona, L50, M|\n|poke|p1|Gastrodon, L50, F|\n|poke|p1|Garchomp, L50, M|\n|poke|p1|Corviknight, L50, F|\n|poke|p1|Tyranitar, L50, F|\n|poke|p2|Pincurchin, L50, F|\n|poke|p2|Iron Moth, L50|\n|poke|p2|Rotom-Wash, L50|\n|poke|p2|Baxcalibur, L50, F|\n|poke|p2|Wo-Chien, L50|\n|poke|p2|Iron Treads, L50|\n|teampreview|4\n|c|\u2606ChickpeaApocalypse|Cool team. Glhf\nChickpeaApocalypse has agreed to open team sheets.\n|\n|t:|1683141570\n|start\n|switch|p1a: Falinks|Falinks, L50, shiny|100\/100\n|switch|p1b: Volcarona|Volcarona, L50, M, shiny|100\/100\n|switch|p2a: Baxcalibur|Baxcalibur, L50, F|100\/100\n|switch|p2b: Rotom|Rotom-Wash, L50|100\/100\n|turn|1\n|\n|t:|1683141587\n|move|p1b: Volcarona|Rage Powder|p1b: Volcarona\n|-singleturn|p1b: Volcarona|move: Rage Powder\n|move|p2a: Baxcalibur|Dragon Dance|p2a: Baxcalibur\n|-boost|p2a: Baxcalibur|atk|1\n|-boost|p2a: Baxcalibur|spe|1\n|move|p2b: Rotom|Will-O-Wisp|p1b: Volcarona\n|-immune|p1b: Volcarona\n|move|p1a: Falinks|No Retreat|p1a: Falinks\n|-boost|p1a: Falinks|atk|1\n|-boost|p1a: Falinks|def|1\n|-boost|p1a: Falinks|spa|1\n|-boost|p1a: Falinks|spd|1\n|-boost|p1a: Falinks|spe|1\n|-start|p1a: Falinks|move: No Retreat\n|\n|upkeep\n|turn|2\n|\n|t:|1683141605\n|-terastallize|p1a: Falinks|Steel\n|move|p2a: Baxcalibur|Stomping Tantrum|p1b: Volcarona\n|-damage|p1b: Volcarona|55\/100\n|-damage|p2a: Baxcalibur|84\/100|[from] item: Rocky Helmet|[of] p1b: Volcarona\n|move|p1a: Falinks|Close Combat|p2a: Baxcalibur\n|-supereffective|p2a: Baxcalibur\n|-damage|p2a: Baxcalibur|0 fnt\n|-unboost|p1a: Falinks|def|1\n|-unboost|p1a: Falinks|spd|1\n|faint|p2a: Baxcalibur\n|move|p2b: Rotom|Will-O-Wisp|p1a: Falinks\n|-status|p1a: Falinks|brn\n|move|p1b: Volcarona|Struggle Bug|p2b: Rotom\n|-damage|p2b: Rotom|64\/100\n|-unboost|p2b: Rotom|spa|1\n|\n|-damage|p1a: Falinks|95\/100 brn|[from] brn\n|upkeep\n|\n|t:|1683141620\n|switch|p2a: Pincurchin|Pincurchin, L50, F|100\/100\n|-fieldstart|move: Electric Terrain|[from] ability: Electric Surge|[of] p2a: Pincurchin\n|-enditem|p2a: Pincurchin|Electric Seed\n|-boost|p2a: Pincurchin|def|1|[from] item: Electric Seed\n|turn|3\n|\n|t:|1683141630\n|move|p1b: Volcarona|Rage Powder|p1b: Volcarona\n|-singleturn|p1b: Volcarona|move: Rage Powder\n|move|p1a: Falinks|No Retreat||[still]\n|-fail|p1a: Falinks\n|move|p2b: Rotom|Volt Switch|p1b: Volcarona\n|-damage|p1b: Volcarona|30\/100\n|-damage|p2b: Rotom|54\/100|[from] item: Life Orb\n|l|\u2606TrainerDylan24\n|player|p2|\n|inactive|Battle timer is ON: inactive players will automatically lose when time's up. (requested by ChickpeaApocalypse)\n|j|\u2606TrainerDylan24\n|inactive|TrainerDylan24 reconnected and has 85 seconds left.\n|player|p2|TrainerDylan24|grimsley\n|\n|t:|1683141739\n|switch|p2b: Iron Moth|Iron Moth, L50|100\/100|[from] Volt Switch\n|-activate|p2b: Iron Moth|ability: Quark Drive\n|-start|p2b: Iron Moth|quarkdrivespe\n|move|p2a: Pincurchin|Zing Zap|p1b: Volcarona\n|-damage|p1b: Volcarona|0 fnt\n|-damage|p2a: Pincurchin|84\/100|[from] item: Rocky Helmet|[of] p1b: Volcarona\n|faint|p1b: Volcarona\n|\n|-damage|p1a: Falinks|89\/100 brn|[from] brn\n|upkeep\n|\n|t:|1683141753\n|switch|p1b: Gastrodon|Gastrodon, L50, F, shiny|100\/100\n|turn|4\n|\n|t:|1683141766\n|-terastallize|p2b: Iron Moth|Flying\n|move|p1a: Falinks|Protect|p1a: Falinks\n|-singleturn|p1a: Falinks|Protect\n|move|p2b: Iron Moth|Energy Ball|p1b: Gastrodon\n|-supereffective|p1b: Gastrodon\n|-damage|p1b: Gastrodon|0 fnt\n|faint|p1b: Gastrodon\n|move|p2a: Pincurchin|Zing Zap|p1a: Falinks\n|-activate|p1a: Falinks|move: Protect\n|\n|-damage|p1a: Falinks|83\/100 brn|[from] brn\n|upkeep\n|\n|t:|1683141769\n|switch|p1b: Corviknight|Corviknight, L50, F, shiny|100\/100\n|turn|5\n|\n|t:|1683141784\n|move|p2b: Iron Moth|Fiery Dance|p1b: Corviknight\n|-supereffective|p1b: Corviknight\n|-damage|p1b: Corviknight|18\/100\n|-boost|p2b: Iron Moth|spa|1\n|-enditem|p1b: Corviknight|Sitrus Berry|[eat]\n|-heal|p1b: Corviknight|43\/100|[from] item: Sitrus Berry\n|move|p1a: Falinks|Close Combat|p1b: Corviknight\n|-damage|p1b: Corviknight|15\/100\n|-unboost|p1a: Falinks|def|1\n|-unboost|p1a: Falinks|spd|1\n|move|p1b: Corviknight|Brave Bird|p2b: Iron Moth\n|-damage|p2b: Iron Moth|40\/100\n|-damage|p1b: Corviknight|0 fnt|[from] Recoil\n|faint|p1b: Corviknight\n|move|p2a: Pincurchin|Zing Zap|p1a: Falinks\n|-damage|p1a: Falinks|0 fnt\n|faint|p1a: Falinks\n|\n|win|TrainerDylan24\n|raw|ChickpeaApocalypse's rating: 1067 → 1052<\/strong> (-15 for losing)\n|raw|TrainerDylan24's rating: 1156 → 1175<\/strong> (+19 for winning)\n|c|\u2606ChickpeaApocalypse|Wow\n|l|\u2606ChickpeaApocalypse\n","uploadtime":1683141806,"views":10,"p1id":"chickpeaapocalypse","p2id":"trainerdylan24","formatid":"gen9vgc2023regulationc","rating":1052,"private":0,"password":""}