{"id":"gen9vgc2023regulationc-1847731348","p1":"TacoIsBad","p2":"Ricardo Randorez","format":"[Gen 9] VGC 2023 Regulation C","log":"|j|\u2606TacoIsBad\n|j|\u2606Ricardo Randorez\n|t:|1681997073\n|gametype|doubles\n|player|p1|TacoIsBad|1|1205\n|player|p2|Ricardo Randorez|266|1171\n|teamsize|p1|6\n|teamsize|p2|6\n|gen|9\n|tier|[Gen 9] VGC 2023 Regulation C\n|rated|\n|rule|Species Clause: Limit one of each Pok\u00e9mon\n|rule|Item Clause: Limit one of each item\n|clearpoke\n|poke|p1|Tatsugiri, L50, M|\n|poke|p1|Glimmora, L50, M|\n|poke|p1|Dragonite, L50, F|\n|poke|p1|Iron Bundle, L50|\n|poke|p1|Dondozo, L50, F|\n|poke|p1|Chi-Yu, L50|\n|poke|p2|Flutter Mane, L50|\n|poke|p2|Chi-Yu, L50|\n|poke|p2|Iron Bundle, L50|\n|poke|p2|Amoonguss, L50, M|\n|poke|p2|Palafin, L50, M|\n|poke|p2|Iron Hands, L50|\n|teampreview|4\n|\n|t:|1681997112\n|start\n|switch|p1a: Iron Bundle|Iron Bundle, L50|100\/100\n|switch|p1b: Chi-Yu|Chi-Yu, L50|100\/100\n|switch|p2a: catch these hands|Iron Hands, L50|100\/100\n|switch|p2b: AMOGUS|Amoonguss, L50, M|100\/100\n|-ability|p1b: Chi-Yu|Beads of Ruin\n|-enditem|p1a: Iron Bundle|Booster Energy\n|-activate|p1a: Iron Bundle|ability: Quark Drive|[fromitem]\n|-start|p1a: Iron Bundle|quarkdrivespe\n|turn|1\n|inactive|Battle timer is ON: inactive players will automatically lose when time's up. (requested by Ricardo Randorez)\n|inactive|TacoIsBad has 60 seconds left.\n|\n|t:|1681997149\n|move|p2a: catch these hands|Fake Out|p1b: Chi-Yu\n|-damage|p1b: Chi-Yu|72\/100\n|move|p1a: Iron Bundle|Freeze-Dry|p2b: AMOGUS\n|-supereffective|p2b: AMOGUS\n|-damage|p2b: AMOGUS|33\/100\n|-enditem|p2b: AMOGUS|Sitrus Berry|[eat]\n|-heal|p2b: AMOGUS|58\/100|[from] item: Sitrus Berry\n|cant|p1b: Chi-Yu|flinch\n|move|p2b: AMOGUS|Spore|p1a: Iron Bundle\n|-status|p1a: Iron Bundle|slp|[from] move: Spore\n|\n|upkeep\n|turn|2\n|\n|t:|1681997171\n|-end|p1a: Iron Bundle|Quark Drive|[silent]\n|switch|p1a: Dondozo|Dondozo, L50, F|100\/100\n|-terastallize|p2b: AMOGUS|Water\n|move|p1b: Chi-Yu|Protect|p1b: Chi-Yu\n|-singleturn|p1b: Chi-Yu|Protect\n|move|p2a: catch these hands|Wild Charge|p1a: Dondozo\n|-supereffective|p1a: Dondozo\n|-damage|p1a: Dondozo|34\/100\n|-damage|p2a: catch these hands|86\/100|[from] Recoil\n|move|p2b: AMOGUS|Spore|p1b: Chi-Yu\n|-activate|p1b: Chi-Yu|move: Protect\n|\n|-heal|p1a: Dondozo|40\/100|[from] item: Leftovers\n|upkeep\n|turn|3\n|\n|t:|1681997193\n|switch|p1b: Tatsugiri|Tatsugiri, L50, M|100\/100\n|-activate|p1b: Tatsugiri|ability: Commander|[of] p1a: Dondozo\n|-boost|p1a: Dondozo|atk|2\n|-boost|p1a: Dondozo|spa|2\n|-boost|p1a: Dondozo|spe|2\n|-boost|p1a: Dondozo|def|2\n|-boost|p1a: Dondozo|spd|2\n|-terastallize|p1a: Dondozo|Grass\n|move|p1a: Dondozo|Tera Blast|p2b: AMOGUS\n|-supereffective|p2b: AMOGUS\n|-damage|p2b: AMOGUS|0 fnt\n|faint|p2b: AMOGUS\n|move|p2a: catch these hands|Wild Charge|p1a: Dondozo\n|-resisted|p1a: Dondozo\n|-damage|p1a: Dondozo|32\/100\n|-damage|p2a: catch these hands|84\/100|[from] Recoil\n|\n|-heal|p1a: Dondozo|38\/100|[from] item: Leftovers\n|upkeep\n|\n|t:|1681997200\n|switch|p2b: bundle of bitches|Iron Bundle, L50|100\/100\n|-enditem|p2b: bundle of bitches|Booster Energy\n|-activate|p2b: bundle of bitches|ability: Quark Drive|[fromitem]\n|-start|p2b: bundle of bitches|quarkdrivespe\n|turn|4\n|\n|t:|1681997209\n|move|p1a: Dondozo|Protect|p1a: Dondozo\n|-singleturn|p1a: Dondozo|Protect\n|move|p2b: bundle of bitches|Freeze-Dry|p1a: Dondozo\n|-activate|p1a: Dondozo|move: Protect\n|move|p2a: catch these hands|Drain Punch|p1a: Dondozo\n|-activate|p1a: Dondozo|move: Protect\n|\n|-heal|p1a: Dondozo|44\/100|[from] item: Leftovers\n|upkeep\n|turn|5\n|\n|t:|1681997220\n|move|p2b: bundle of bitches|Freeze-Dry|p1a: Dondozo\n|-supereffective|p1a: Dondozo\n|-damage|p1a: Dondozo|9\/100\n|move|p1a: Dondozo|Tera Blast|p2b: bundle of bitches\n|-supereffective|p2b: bundle of bitches\n|-damage|p2b: bundle of bitches|0 fnt\n|faint|p2b: bundle of bitches\n|-end|p2b: bundle of bitches|Quark Drive|[silent]\n|move|p2a: catch these hands|Drain Punch|p1a: Dondozo\n|-damage|p1a: Dondozo|0 fnt\n|-heal|p2a: catch these hands|88\/100|[from] drain|[of] p1a: Dondozo\n|faint|p1a: Dondozo\n|\n|upkeep\n|\n|t:|1681997234\n|switch|p2b: flutter ya mane|Flutter Mane, L50|100\/100\n|switch|p1a: Chi-Yu|Chi-Yu, L50|72\/100\n|-ability|p1a: Chi-Yu|Beads of Ruin\n|turn|6\n|\n|t:|1681997247\n|move|p1b: Tatsugiri|Draco Meteor|p2a: catch these hands\n|-damage|p2a: catch these hands|37\/100\n|-unboost|p1b: Tatsugiri|spa|2\n|move|p2b: flutter ya mane|Dazzling Gleam|p1b: Tatsugiri|[spread] p1a,p1b\n|-supereffective|p1b: Tatsugiri\n|-damage|p1a: Chi-Yu|19\/100\n|-damage|p1b: Tatsugiri|0 fnt\n|faint|p1b: Tatsugiri\n|move|p1a: Chi-Yu|Overheat|p2b: flutter ya mane\n|-damage|p2b: flutter ya mane|0 fnt\n|-unboost|p1a: Chi-Yu|spa|2\n|faint|p2b: flutter ya mane\n|-end|p2b: flutter ya mane|Protosynthesis|[silent]\n|move|p2a: catch these hands|Drain Punch|p1a: Chi-Yu\n|-supereffective|p1a: Chi-Yu\n|-damage|p1a: Chi-Yu|0 fnt\n|-heal|p2a: catch these hands|42\/100|[from] drain|[of] p1a: Chi-Yu\n|faint|p1a: Chi-Yu\n|\n|upkeep\n|\n|t:|1681997255\n|switch|p1a: Iron Bundle|Iron Bundle, L50|100\/100 slp\n|turn|7\n|\n|t:|1681997270\n|cant|p1a: Iron Bundle|slp\n|move|p2a: catch these hands|Wild Charge|p1a: Iron Bundle\n|-supereffective|p1a: Iron Bundle\n|-damage|p1a: Iron Bundle|0 fnt\n|faint|p1a: Iron Bundle\n|-end|p1a: Iron Bundle|Quark Drive|[silent]\n|-damage|p2a: catch these hands|29\/100|[from] Recoil\n|\n|win|Ricardo Randorez\n|raw|TacoIsBad's rating: 1205 → 1178<\/strong> (-27 for losing)\n|raw|Ricardo Randorez's rating: 1171 → 1198<\/strong> (+27 for winning)\n","uploadtime":1681997280,"views":6,"p1id":"tacoisbad","p2id":"ricardorandorez","formatid":"gen9vgc2023regulationc","rating":1178,"private":0,"password":""}