{"id":"gen9vgc2023regulationc-1851800200","p1":"Artemis Eclipse","p2":"Hyanryu","format":"[Gen 9] VGC 2023 Regulation C","log":"|j|\u2606Artemis Eclipse\n|j|\u2606Hyanryu\n|t:|1682485898\n|gametype|doubles\n|player|p1|Artemis Eclipse|acetrainerf|1519\n|player|p2|Hyanryu|n|1473\n|teamsize|p1|6\n|teamsize|p2|6\n|gen|9\n|tier|[Gen 9] VGC 2023 Regulation C\n|rated|\n|rule|Species Clause: Limit one of each Pok\u00e9mon\n|rule|Item Clause: Limit one of each item\n|clearpoke\n|poke|p1|Roaring Moon, L50|\n|poke|p1|Flutter Mane, L50|\n|poke|p1|Amoonguss, L50, F|\n|poke|p1|Arcanine, L50, M|\n|poke|p1|Palafin, L50, M|\n|poke|p1|Ting-Lu, L50|\n|poke|p2|Tyranitar, L50, M|\n|poke|p2|Lycanroc, L50, F|\n|poke|p2|Amoonguss, L50, M|\n|poke|p2|Palafin, L50, F|\n|poke|p2|Ting-Lu, L50|\n|poke|p2|Arcanine, L50, F|\n|teampreview|4\n|\n|t:|1682485936\n|start\n|switch|p1a: Palafin|Palafin, L50, M|100\/100\n|switch|p1b: Amoonguss|Amoonguss, L50, F|100\/100\n|switch|p2a: ChiYu|Arcanine, L50, F|100\/100\n|switch|p2b: Pala-Tang|Palafin, L50, F, shiny|100\/100\n|-ability|p2a: ChiYu|Intimidate|boost\n|-unboost|p1a: Palafin|atk|1\n|-unboost|p1b: Amoonguss|atk|1\n|turn|1\n|inactive|Battle timer is ON: inactive players will automatically lose when time's up. (requested by Hyanryu)\n|\n|t:|1682485974\n|detailschange|p2b: Pala-Tang|Palafin-Hero, L50, F, shiny\n|switch|p2b: Sus|Amoonguss, L50, M|100\/100\n|detailschange|p1a: Palafin|Palafin-Hero, L50, M\n|switch|p1a: Arcanine|Arcanine, L50, M|100\/100\n|-ability|p1a: Arcanine|Intimidate|boost\n|-unboost|p2a: ChiYu|atk|1\n|-unboost|p2b: Sus|atk|1\n|move|p2a: ChiYu|Will-O-Wisp|p1a: Arcanine\n|-immune|p1a: Arcanine\n|move|p1b: Amoonguss|Spore|p2b: Sus\n|-immune|p2b: Sus\n|\n|upkeep\n|turn|2\n|inactive|Artemis Eclipse has 30 seconds left.\n|inactive|Hyanryu has 30 seconds left.\n|inactive|Hyanryu has 20 seconds left.\n|\n|t:|1682486010\n|switch|p2b: Thamill|Tyranitar, L50, M, shiny|100\/100\n|-weather|Sandstorm|[from] ability: Sand Stream|[of] p2b: Thamill\n|move|p2a: ChiYu|Howl|p2a: ChiYu|[spread] p2a,p2b\n|-boost|p2a: ChiYu|atk|1\n|-boost|p2b: Thamill|atk|1\n|move|p1a: Arcanine|Flare Blitz|p2b: Thamill\n|-resisted|p2b: Thamill\n|-damage|p2b: Thamill|83\/100\n|-status|p2b: Thamill|brn\n|-damage|p1a: Arcanine|94\/100|[from] Recoil\n|move|p1b: Amoonguss|Spore||[still]\n|-fail|p1b: Amoonguss\n|\n|-weather|Sandstorm|[upkeep]\n|-damage|p1b: Amoonguss|95\/100|[from] Sandstorm\n|-damage|p2b: Thamill|77\/100 brn|[from] brn\n|upkeep\n|turn|3\n|inactive|Artemis Eclipse has 30 seconds left.\n|\n|t:|1682486038\n|switch|p1b: Palafin|Palafin-Hero, L50, M|100\/100\n|-activate|p1b: Palafin|ability: Zero to Hero\n|-terastallize|p2b: Thamill|Flying\n|move|p1a: Arcanine|Protect|p1a: Arcanine\n|-singleturn|p1a: Arcanine|Protect\n|move|p2a: ChiYu|Howl|p2a: ChiYu|[spread] p2a,p2b\n|-boost|p2a: ChiYu|atk|1\n|-boost|p2b: Thamill|atk|1\n|move|p2b: Thamill|Tera Blast|p1b: Palafin\n|-damage|p1b: Palafin|57\/100\n|\n|-weather|Sandstorm|[upkeep]\n|-damage|p1b: Palafin|51\/100|[from] Sandstorm\n|-damage|p2b: Thamill|71\/100 brn|[from] Sandstorm\n|-damage|p2b: Thamill|65\/100 brn|[from] brn\n|upkeep\n|turn|4\n|inactive|Hyanryu has 30 seconds left.\n|\n|t:|1682486066\n|switch|p1a: Amoonguss|Amoonguss, L50, F|100\/100\n|move|p1b: Palafin|Protect|p1b: Palafin\n|-singleturn|p1b: Palafin|Protect\n|move|p2a: ChiYu|Howl|p2a: ChiYu|[spread] p2a,p2b\n|-boost|p2a: ChiYu|atk|1\n|-boost|p2b: Thamill|atk|1\n|move|p2b: Thamill|Rock Slide|p1b: Palafin|[spread] p1a\n|-activate|p1b: Palafin|move: Protect\n|-damage|p1a: Amoonguss|68\/100\n|\n|-weather|Sandstorm|[upkeep]\n|-damage|p1b: Palafin|45\/100|[from] Sandstorm\n|-damage|p2b: Thamill|59\/100 brn|[from] Sandstorm\n|-damage|p1a: Amoonguss|62\/100|[from] Sandstorm\n|-damage|p2b: Thamill|53\/100 brn|[from] brn\n|upkeep\n|turn|5\n|inactive|Artemis Eclipse has 30 seconds left.\n|\n|t:|1682486091\n|-terastallize|p1b: Palafin|Water\n|move|p2a: ChiYu|Extreme Speed|p1b: Palafin\n|-damage|p1b: Palafin|10\/100\n|move|p1b: Palafin|Wave Crash|p2b: Thamill\n|-crit|p2b: Thamill\n|-damage|p2b: Thamill|0 fnt\n|faint|p2b: Thamill\n|-damage|p1b: Palafin|0 fnt|[from] Recoil\n|faint|p1b: Palafin\n|move|p1a: Amoonguss|Pollen Puff|p1: Palafin|[notarget]\n|-fail|p1a: Amoonguss\n|\n|-weather|Sandstorm|[upkeep]\n|-damage|p1a: Amoonguss|56\/100|[from] Sandstorm\n|upkeep\n|j| THUNDERSND77\n|\n|t:|1682486109\n|switch|p1b: Arcanine|Arcanine, L50, M|94\/100\n|switch|p2b: Sus|Amoonguss, L50, M|100\/100\n|-ability|p1b: Arcanine|Intimidate|boost\n|-unboost|p2a: ChiYu|atk|1\n|-unboost|p2b: Sus|atk|1\n|turn|6\n|\n|t:|1682486126\n|switch|p2b: Pala-Tang|Palafin-Hero, L50, F, shiny|100\/100\n|-activate|p2b: Pala-Tang|ability: Zero to Hero\n|move|p2a: ChiYu|Flare Blitz|p1a: Amoonguss\n|-supereffective|p1a: Amoonguss\n|-damage|p1a: Amoonguss|0 fnt\n|faint|p1a: Amoonguss\n|-damage|p2a: ChiYu|80\/100|[from] Recoil\n|move|p1b: Arcanine|Flare Blitz|p2b: Pala-Tang\n|-resisted|p2b: Pala-Tang\n|-crit|p2b: Pala-Tang\n|-damage|p2b: Pala-Tang|69\/100\n|-damage|p1b: Arcanine|84\/100|[from] Recoil\n|\n|-weather|none\n|upkeep\n|\n|t:|1682486142\n|switch|p1a: Flutter Mane|Flutter Mane, L50|100\/100\n|turn|7\n|\n|t:|1682486159\n|move|p1b: Arcanine|Extreme Speed|p2b: Pala-Tang\n|-damage|p2b: Pala-Tang|52\/100\n|move|p2a: ChiYu|Flare Blitz|p1a: Flutter Mane\n|-damage|p1a: Flutter Mane|12\/100\n|-status|p1a: Flutter Mane|brn\n|-damage|p2a: ChiYu|56\/100|[from] Recoil\n|move|p1a: Flutter Mane|Shadow Ball|p2b: Pala-Tang\n|-damage|p2b: Pala-Tang|0 fnt\n|faint|p2b: Pala-Tang\n|\n|-damage|p1a: Flutter Mane|6\/100 brn|[from] brn\n|upkeep\n|\n|t:|1682486174\n|switch|p2b: Sus|Amoonguss, L50, M|100\/100\n|turn|8\n|\n|t:|1682486195\n|move|p2a: ChiYu|Flare Blitz|p1a: Flutter Mane\n|-damage|p1a: Flutter Mane|0 fnt\n|faint|p1a: Flutter Mane\n|-end|p1a: Flutter Mane|Protosynthesis|[silent]\n|-damage|p2a: ChiYu|54\/100|[from] Recoil\n|move|p1b: Arcanine|Flare Blitz|p2a: ChiYu\n|-resisted|p2a: ChiYu\n|-damage|p2a: ChiYu|28\/100\n|-damage|p1b: Arcanine|75\/100|[from] Recoil\n|move|p2b: Sus|Pollen Puff|p2a: ChiYu\n|-heal|p2a: ChiYu|78\/100\n|\n|upkeep\n|turn|9\n|\n|t:|1682486215\n|move|p2a: ChiYu|Extreme Speed|p1b: Arcanine\n|-damage|p1b: Arcanine|43\/100\n|move|p1b: Arcanine|Extreme Speed|p2a: ChiYu\n|-damage|p2a: ChiYu|55\/100\n|move|p2b: Sus|Pollen Puff|p2a: ChiYu\n|-heal|p2a: ChiYu|100\/100\n|\n|upkeep\n|turn|10\n|j| Finnyiii\n|-message|Artemis Eclipse forfeited.\n|\n|win|Hyanryu\n|raw|Artemis Eclipse's rating: 1519 → 1496<\/strong> (-23 for losing)\n|raw|Hyanryu's rating: 1473 → 1496<\/strong> (+23 for winning)\n|l|\u2606Artemis Eclipse\n","uploadtime":1682486228,"views":16,"p1id":"artemiseclipse","p2id":"hyanryu","formatid":"gen9vgc2023regulationc","rating":1496,"private":0,"password":""}