{"id":"gen9vgc2023regulationc-1859247199","p1":"MarineSnow257","p2":"Ytterby","format":"[Gen 9] VGC 2023 Regulation C","log":"|j|\u2606MarineSnow257\n|j|\u2606Ytterby\n|t:|1683423428\n|gametype|doubles\n|player|p1|MarineSnow257|rosa|1236\n|player|p2|Ytterby|brycenman|1214\n|teamsize|p1|6\n|teamsize|p2|6\n|gen|9\n|tier|[Gen 9] VGC 2023 Regulation C\n|rated|\n|rule|Species Clause: Limit one of each Pok\u00e9mon\n|rule|Item Clause: Limit one of each item\n|clearpoke\n|poke|p1|Pincurchin, L50, F|\n|poke|p1|Iron Valiant, L50|\n|poke|p1|Iron Treads, L50|\n|poke|p1|Iron Jugulis, L50|\n|poke|p1|Iron Moth, L50|\n|poke|p1|Arcanine, L50, F|\n|poke|p2|Flutter Mane, L50|\n|poke|p2|Arcanine, L50, F|\n|poke|p2|Torkoal, L50, F|\n|poke|p2|Maushold, L50|\n|poke|p2|Annihilape, L50, F|\n|poke|p2|Noivern, L50, M|\n|teampreview|4\nYtterby has agreed to open team sheets.\n|\n|t:|1683423480\n|start\n|switch|p1a: Pincurchin|Pincurchin, L50, F|100\/100\n|switch|p1b: Iron Jugulis|Iron Jugulis, L50|100\/100\n|switch|p2a: FATMAN|Annihilape, L50, F|100\/100\n|switch|p2b: MAN|Maushold, L50|100\/100\n|-fieldstart|move: Electric Terrain|[from] ability: Electric Surge|[of] p1a: Pincurchin\n|-enditem|p1b: Iron Jugulis|Electric Seed\n|-boost|p1b: Iron Jugulis|def|1|[from] item: Electric Seed\n|-activate|p1b: Iron Jugulis|ability: Quark Drive\n|-start|p1b: Iron Jugulis|quarkdrivedef\n|turn|1\n|inactive|Battle timer is ON: inactive players will automatically lose when time's up. (requested by Ytterby)\n|c|\u2606Ytterby|ooh, that's interesting\n|c|\u2606Ytterby|quark drive physdef cos of the seed\n|inactive|MarineSnow257 has 60 seconds left.\n|inactive|Ytterby has 60 seconds left.\n|c|\u2606Ytterby|that's a very cool interaction\n|c|\u2606MarineSnow257|sometimes it boosts my speed\n|inactive|Ytterby has 30 seconds left.\n|c|\u2606Ytterby|sometimes?\n|inactive|Ytterby has 20 seconds left.\n|c|\u2606MarineSnow257|no clue how exaclty it works lol\n|\n|t:|1683423555\n|move|p2a: FATMAN|Rock Slide|p1a: Pincurchin|[spread] p1a\n|-miss|p2a: FATMAN|p1b: Iron Jugulis\n|-damage|p1a: Pincurchin|82\/100\n|move|p2b: MAN|Tidy Up|p2b: MAN\n|-boost|p2b: MAN|atk|1\n|-boost|p2b: MAN|spe|1\n|move|p1b: Iron Jugulis|Air Slash|p2a: FATMAN\n|-supereffective|p2a: FATMAN\n|-damage|p2a: FATMAN|40\/100\n|cant|p1a: Pincurchin|flinch\n|\n|upkeep\n|turn|2\n|inactive|MarineSnow257 has 30 seconds left.\n|inactive|Ytterby has 30 seconds left.\n|\n|t:|1683423588\n|-terastallize|p2b: MAN|Normal\n|-terastallize|p1b: Iron Jugulis|Steel\n|move|p2b: MAN|Population Bomb|p1a: Pincurchin\n|-damage|p1a: Pincurchin|57\/100\n|-damage|p1a: Pincurchin|34\/100\n|-damage|p1a: Pincurchin|10\/100\n|-damage|p1a: Pincurchin|0 fnt\n|faint|p1a: Pincurchin\n|-hitcount|p1: Pincurchin|4\n|move|p2a: FATMAN|Rock Slide|p1b: Iron Jugulis\n|-resisted|p1b: Iron Jugulis\n|-damage|p1b: Iron Jugulis|94\/100\n|move|p1b: Iron Jugulis|Tailwind|p1b: Iron Jugulis\n|-sidestart|p1: MarineSnow257|move: Tailwind\n|\n|upkeep\n|\n|t:|1683423607\n|switch|p1a: Iron Valiant|Iron Valiant, L50|100\/100\n|-activate|p1a: Iron Valiant|ability: Quark Drive\n|-start|p1a: Iron Valiant|quarkdrivespe\n|turn|3\n|c|\u2606Ytterby|tera normal was so unnecessary lmao\n|c|\u2606Ytterby|omg tailwind and quark speed tho\n|\n|t:|1683423631\n|switch|p2a: AN|Arcanine, L50, F|100\/100\n|-ability|p2a: AN|Intimidate|boost\n|-unboost|p1a: Iron Valiant|atk|1\n|-unboost|p1b: Iron Jugulis|atk|1\n|move|p2b: MAN|Protect|p2b: MAN\n|-singleturn|p2b: MAN|Protect\n|move|p1a: Iron Valiant|Aura Sphere|p2b: MAN\n|-activate|p2b: MAN|move: Protect\n|move|p1b: Iron Jugulis|Air Slash|p2a: AN\n|-damage|p2a: AN|66\/100\n|\n|upkeep\n|turn|4\n|c|\u2606MarineSnow257|to outspeed quark speed flutter mane lol\n|inactive|MarineSnow257 has 30 seconds left.\n|inactive|Ytterby has 30 seconds left.\n|inactive|MarineSnow257 has 20 seconds left.\n|inactive|Ytterby has 20 seconds left.\n|inactive|MarineSnow257 has 15 seconds left.\n|inactive|Ytterby has 15 seconds left.\n|inactive|MarineSnow257 has 10 seconds left.\n|inactive|Ytterby has 10 seconds left.\n|inactive|MarineSnow257 has 5 seconds left.\n|\n|t:|1683423686\n|move|p1a: Iron Valiant|Dazzling Gleam|p2b: MAN|[spread] p2a,p2b\n|-resisted|p2a: AN\n|-crit|p2b: MAN\n|-damage|p2a: AN|41\/100\n|-damage|p2b: MAN|8\/100\n|-damage|p1a: Iron Valiant|91\/100|[from] item: Life Orb\n|move|p1b: Iron Jugulis|Air Slash|p2b: MAN\n|-damage|p2b: MAN|0 fnt\n|faint|p2b: MAN\n|move|p2a: AN|Heat Wave|p1b: Iron Jugulis|[spread] p1a,p1b\n|-supereffective|p1b: Iron Jugulis\n|-damage|p1a: Iron Valiant|34\/100\n|-damage|p1b: Iron Jugulis|18\/100\n|\n|upkeep\n|c|\u2606Ytterby|nuuuuuuuu he lived the crit\n|c|\u2606Ytterby|only to die\n|\n|t:|1683423707\n|switch|p2b: TMAN|Torkoal, L50, F|100\/100\n|-weather|SunnyDay|[from] ability: Drought|[of] p2b: TMAN\n|turn|5\n|\n|t:|1683423730\n|move|p2a: AN|Protect|p2a: AN\n|-singleturn|p2a: AN|Protect\n|move|p1a: Iron Valiant|Aura Sphere|p2b: TMAN\n|-damage|p2b: TMAN|56\/100\n|-damage|p1a: Iron Valiant|25\/100|[from] item: Life Orb\n|move|p1b: Iron Jugulis|Snarl|p2b: TMAN|[spread] p2b\n|-activate|p2a: AN|move: Protect\n|-damage|p2b: TMAN|42\/100\n|-unboost|p2b: TMAN|spa|1\n|move|p2b: TMAN|Heat Wave|p1a: Iron Valiant|[spread] p1a,p1b\n|-supereffective|p1b: Iron Jugulis\n|-damage|p1a: Iron Valiant|0 fnt\n|-damage|p1b: Iron Jugulis|0 fnt\n|faint|p1a: Iron Valiant\n|-end|p1a: Iron Valiant|Quark Drive|[silent]\n|faint|p1b: Iron Jugulis\n|-end|p1b: Iron Jugulis|Quark Drive|[silent]\n|\n|-weather|SunnyDay|[upkeep]\n|-sideend|p1: MarineSnow257|move: Tailwind\n|upkeep\n|c|\u2606Ytterby|shotgun noises\n|\n|t:|1683423751\n|switch|p1b: Iron Moth|Iron Moth, L50|100\/100\n|-activate|p1b: Iron Moth|ability: Quark Drive\n|-start|p1b: Iron Moth|quarkdrivespa\n|turn|6\n|\n|t:|1683423760\n|move|p1b: Iron Moth|Sludge Wave|p2b: TMAN|[spread] p2a,p2b\n|-damage|p2a: AN|0 fnt\n|-damage|p2b: TMAN|0 fnt\n|faint|p2a: AN\n|faint|p2b: TMAN\n|\n|-weather|SunnyDay|[upkeep]\n|upkeep\n|c|\u2606Ytterby|SHOTGUN NOISES\n|c|\u2606Ytterby|MUTED SCREAMING\n|\n|t:|1683423775\n|switch|p2b: FATMAN|Annihilape, L50, F|40\/100\n|turn|7\n|c|\u2606Ytterby|GGWP WHOEVER GETS IT FAM\n|inactive|Ytterby has 30 seconds left.\n|c|\u2606MarineSnow257|gg\n|\n|t:|1683423804\n|move|p2b: FATMAN|Bulldoze|p1b: Iron Moth\n|-supereffective|p1b: Iron Moth\n|-damage|p1b: Iron Moth|0 fnt\n|faint|p1b: Iron Moth\n|-end|p1b: Iron Moth|Quark Drive|[silent]\n|\n|win|Ytterby\n|raw|MarineSnow257's rating: 1236 → 1209<\/strong> (-27 for losing)\n|raw|Ytterby's rating: 1214 → 1241<\/strong> (+27 for winning)\n|c|\u2606Ytterby|ehehehehe\n|l|\u2606MarineSnow257\n","uploadtime":1683423830,"views":19,"p1id":"marinesnow257","p2id":"ytterby","formatid":"gen9vgc2023regulationc","rating":1209,"private":0,"password":""}