{"id":"gen9vgc2023regulationc-1856117846","p1":"Nehzzy","p2":"Ottavio97","format":"[Gen 9] VGC 2023 Regulation C","log":"|j|\u2606Nehzzy\n|j|\u2606Ottavio97\n|t:|1683032058\n|gametype|doubles\n|player|p1|Nehzzy|steven|1337\n|player|p2|Ottavio97|bugsy|1260\n|teamsize|p1|6\n|teamsize|p2|6\n|gen|9\n|tier|[Gen 9] VGC 2023 Regulation C\n|rated|\n|rule|Species Clause: Limit one of each Pok\u00e9mon\n|rule|Item Clause: Limit one of each item\n|clearpoke\n|poke|p1|Orthworm, L50, F|\n|poke|p1|Garchomp, L50, F|\n|poke|p1|Talonflame, L50, F|\n|poke|p1|Amoonguss, L50, F|\n|poke|p1|Gholdengo, L50|\n|poke|p1|Gyarados, L50, F|\n|poke|p2|Talonflame, L50, F|\n|poke|p2|Orthworm, L50, M|\n|poke|p2|Ting-Lu, L50|\n|poke|p2|Gyarados, L50, M|\n|poke|p2|Scream Tail, L50|\n|poke|p2|Amoonguss, L50, F|\n|teampreview|4\nNehzzy has agreed to open team sheets.\n|c|\u2606Nehzzy|Ots?\n|inactive|Battle timer is ON: inactive players will automatically lose when time's up. (requested by Ottavio97)\nOttavio97 has agreed to open team sheets.\n|\n|t:|1683032142\n|start\n|switch|p1a: Talonflame|Talonflame, L50, F, shiny|100\/100\n|switch|p1b: Orthworm|Orthworm, L50, F, shiny|100\/100\n|switch|p2a: Talonflame|Talonflame, L50, F|100\/100\n|switch|p2b: Orthworm|Orthworm, L50, M|100\/100\n|turn|1\n|inactive|Nehzzy has 30 seconds left.\n|inactive|Ottavio97 has 30 seconds left.\n|inactive|Nehzzy has 20 seconds left.\n|inactive|Nehzzy has 15 seconds left.\n|inactive|Nehzzy has 10 seconds left.\n|\n|t:|1683032191\n|move|p2a: Talonflame|Tailwind|p2a: Talonflame\n|-sidestart|p2: Ottavio97|move: Tailwind\n|move|p1a: Talonflame|Brave Bird|p2a: Talonflame\n|-damage|p2a: Talonflame|22\/100\n|-damage|p1a: Talonflame|75\/100|[from] Recoil\n|move|p2b: Orthworm|Iron Defense|p2b: Orthworm\n|-boost|p2b: Orthworm|def|2\n|move|p1b: Orthworm|Iron Defense|p1b: Orthworm\n|-boost|p1b: Orthworm|def|2\n|\n|upkeep\n|turn|2\n|inactive|Ottavio97 has 30 seconds left.\n|inactive|Ottavio97 has 20 seconds left.\n|inactive|Ottavio97 has 15 seconds left.\n|\n|t:|1683032233\n|switch|p2a: Gyarados|Gyarados, L50, M|100\/100\n|-ability|p2a: Gyarados|Intimidate|boost\n|-unboost|p1a: Talonflame|atk|1\n|-unboost|p1b: Orthworm|atk|1\n|switch|p1a: Gyarados|Gyarados, L50, F, shiny|100\/100\n|-ability|p1a: Gyarados|Intimidate|boost\n|-unboost|p2a: Gyarados|atk|1\n|-unboost|p2b: Orthworm|atk|1\n|-terastallize|p1b: Orthworm|Poison\n|move|p2b: Orthworm|Body Press|p1b: Orthworm\n|-resisted|p1b: Orthworm\n|-damage|p1b: Orthworm|88\/100\n|move|p1b: Orthworm|Body Press|p2b: Orthworm\n|-supereffective|p2b: Orthworm\n|-damage|p2b: Orthworm|68\/100\n|\n|upkeep\n|turn|3\n|c|\u2606Nehzzy|Spider-Man meme\n|inactive|Nehzzy has 30 seconds left.\n|inactive|Ottavio97 has 30 seconds left.\n|inactive|Nehzzy has 20 seconds left.\n|inactive|Ottavio97 has 20 seconds left.\n|inactive|Nehzzy has 15 seconds left.\n|inactive|Ottavio97 has 15 seconds left.\n|inactive|Ottavio97 has 10 seconds left.\n|inactive|Ottavio97 has 5 seconds left.\n|\n|t:|1683032285\n|switch|p2b: Ting-Lu|Ting-Lu, L50|100\/100\n|-ability|p2b: Ting-Lu|Vessel of Ruin\n|move|p2a: Gyarados|Waterfall|p1b: Orthworm\n|-damage|p1b: Orthworm|76\/100\n|move|p1a: Gyarados|Taunt|p2b: Ting-Lu\n|-start|p2b: Ting-Lu|move: Taunt\n|move|p1b: Orthworm|Iron Defense|p1b: Orthworm\n|-boost|p1b: Orthworm|def|2\n|\n|upkeep\n|turn|4\n|inactive|Nehzzy has 30 seconds left.\n|\n|t:|1683032312\n|-terastallize|p2b: Ting-Lu|Poison\n|move|p2a: Gyarados|Thunder Wave|p1a: Gyarados\n|-status|p1a: Gyarados|par\n|-enditem|p1a: Gyarados|Lum Berry|[eat]\n|-curestatus|p1a: Gyarados|par|[msg]\n|move|p2b: Ting-Lu|Rock Slide|p1b: Orthworm|[spread] p1a\n|-miss|p2b: Ting-Lu|p1b: Orthworm\n|-supereffective|p1a: Gyarados\n|-damage|p1a: Gyarados|66\/100\n|move|p1a: Gyarados|Waterfall|p2b: Ting-Lu\n|-damage|p2b: Ting-Lu|75\/100\n|move|p1b: Orthworm|Body Press|p2b: Ting-Lu\n|-resisted|p2b: Ting-Lu\n|-damage|p2b: Ting-Lu|53\/100\n|\n|-sideend|p2: Ottavio97|move: Tailwind\n|upkeep\n|turn|5\n|inactive|Nehzzy has 30 seconds left.\n|inactive|Ottavio97 has 30 seconds left.\n|inactive|Nehzzy has 20 seconds left.\n|inactive|Ottavio97 has 20 seconds left.\n|\n|t:|1683032350\n|move|p1a: Gyarados|Waterfall|p2b: Ting-Lu\n|-damage|p2b: Ting-Lu|30\/100\n|move|p1b: Orthworm|Body Press|p2b: Ting-Lu\n|-resisted|p2b: Ting-Lu\n|-damage|p2b: Ting-Lu|7\/100\n|move|p2a: Gyarados|Waterfall|p1b: Orthworm\n|-damage|p1b: Orthworm|68\/100\n|move|p2b: Ting-Lu|Rock Slide|p1b: Orthworm|[spread] p1a,p1b\n|-supereffective|p1a: Gyarados\n|-damage|p1a: Gyarados|31\/100\n|-damage|p1b: Orthworm|63\/100\n|\n|-end|p2b: Ting-Lu|move: Taunt\n|upkeep\n|turn|6\n|\n|t:|1683032368\n|move|p1a: Gyarados|Waterfall|p2b: Ting-Lu\n|-damage|p2b: Ting-Lu|0 fnt\n|faint|p2b: Ting-Lu\n|move|p1b: Orthworm|Body Press|p2a: Gyarados\n|-resisted|p2a: Gyarados\n|-crit|p2a: Gyarados\n|-damage|p2a: Gyarados|45\/100\n|move|p2a: Gyarados|Waterfall|p1a: Gyarados\n|-resisted|p1a: Gyarados\n|-damage|p1a: Gyarados|19\/100\n|\n|upkeep\n|\n|t:|1683032373\n|switch|p2b: Talonflame|Talonflame, L50, F|22\/100\n|turn|7\n|\n|t:|1683032381\n|move|p2b: Talonflame|Tailwind|p2b: Talonflame\n|-sidestart|p2: Ottavio97|move: Tailwind\n|move|p2a: Gyarados|Waterfall|p1a: Gyarados\n|-resisted|p1a: Gyarados\n|-damage|p1a: Gyarados|5\/100\n|move|p1a: Gyarados|Waterfall|p2b: Talonflame\n|-supereffective|p2b: Talonflame\n|-damage|p2b: Talonflame|0 fnt\n|faint|p2b: Talonflame\n|move|p1b: Orthworm|Body Press|p2a: Gyarados\n|-resisted|p2a: Gyarados\n|-damage|p2a: Gyarados|4\/100\n|\n|upkeep\n|\n|t:|1683032385\n|switch|p2b: Orthworm|Orthworm, L50, M|68\/100\n|turn|8\n|\n|t:|1683032396\n|move|p1a: Gyarados|Protect|p1a: Gyarados\n|-singleturn|p1a: Gyarados|Protect\n|move|p2a: Gyarados|Waterfall|p1a: Gyarados\n|-activate|p1a: Gyarados|move: Protect\n|move|p2b: Orthworm|Iron Defense|p2b: Orthworm\n|-boost|p2b: Orthworm|def|2\n|move|p1b: Orthworm|Body Press|p2a: Gyarados\n|-resisted|p2a: Gyarados\n|-damage|p2a: Gyarados|0 fnt\n|faint|p2a: Gyarados\n|\n|upkeep\n|turn|9\n|\n|t:|1683032409\n|move|p2b: Orthworm|Iron Defense|p2b: Orthworm\n|-boost|p2b: Orthworm|def|2\n|move|p1a: Gyarados|Thunder Wave|p2b: Orthworm\n|-status|p2b: Orthworm|par\n|move|p1b: Orthworm|Body Press|p2b: Orthworm\n|-supereffective|p2b: Orthworm\n|-crit|p2b: Orthworm\n|-damage|p2b: Orthworm|0 fnt\n|faint|p2b: Orthworm\n|\n|win|Nehzzy\n|raw|Nehzzy's rating: 1337 → 1353<\/strong> (+16 for winning)\n|raw|Ottavio97's rating: 1260 → 1240<\/strong> (-20 for losing)\n|l|\u2606Ottavio97\n|c|\u2606Nehzzy|Gg\n","uploadtime":1683032425,"views":7,"p1id":"nehzzy","p2id":"ottavio97","formatid":"gen9vgc2023regulationc","rating":1240,"private":0,"password":""}