{"id":"gen9vgc2023regulationc-1851611074","p1":"Echo Rose#9471","p2":"Mattmaster2010","format":"[Gen 9] VGC 2023 Regulation C","log":"|j|\u2606Echo Rose#9471\n|j|\u2606Mattmaster2010\n|t:|1682461023\n|gametype|doubles\n|player|p1|Echo Rose#9471|102|1390\n|player|p2|Mattmaster2010|102|1313\n|teamsize|p1|6\n|teamsize|p2|6\n|gen|9\n|tier|[Gen 9] VGC 2023 Regulation C\n|rated|\n|rule|Species Clause: Limit one of each Pok\u00e9mon\n|rule|Item Clause: Limit one of each item\n|clearpoke\n|poke|p1|Chi-Yu, L50|\n|poke|p1|Flutter Mane, L50|\n|poke|p1|Wo-Chien, L50|\n|poke|p1|Gastrodon, L50, M|\n|poke|p1|Corviknight, L50, F|\n|poke|p1|Glimmora, L50, F|\n|poke|p2|Amoonguss, L50, F|\n|poke|p2|Palafin, L50, M|\n|poke|p2|Scream Tail, L50|\n|poke|p2|Gothitelle, L50, M|\n|poke|p2|Tatsugiri, L50, F|\n|poke|p2|Dondozo, L50, F|\n|teampreview|4\n|j| Arieha1995\n|\n|t:|1682461063\n|start\n|switch|p1a: Glimmora|Glimmora, L50, F|100\/100\n|switch|p1b: Neo|Gastrodon, L50, M|100\/100\n|switch|p2a: Dondozo|Dondozo, L50, F|100\/100\n|switch|p2b: Palafin|Palafin, L50, M|100\/100\n|turn|1\n|\n|t:|1682461074\n|detailschange|p2b: Palafin|Palafin-Hero, L50, M\n|switch|p2b: Tatsugiri|Tatsugiri, L50, F|100\/100\n|-activate|p2b: Tatsugiri|ability: Commander|[of] p2a: Dondozo\n|-boost|p2a: Dondozo|atk|2\n|-boost|p2a: Dondozo|spa|2\n|-boost|p2a: Dondozo|spe|2\n|-boost|p2a: Dondozo|def|2\n|-boost|p2a: Dondozo|spd|2\n|switch|p1b: Wo-Chien|Wo-Chien, L50|100\/100\n|-ability|p1b: Wo-Chien|Tablets of Ruin\n|-terastallize|p1a: Glimmora|Grass\n|move|p2a: Dondozo|Substitute|p2a: Dondozo\n|-start|p2a: Dondozo|Substitute\n|-damage|p2a: Dondozo|76\/100\n|move|p1a: Glimmora|Mortal Spin|p2b: Tatsugiri|[spread] p2a\n|-miss|p1a: Glimmora|p2b: Tatsugiri\n|-activate|p2a: Dondozo|move: Substitute|[damage]\n|\n|-heal|p2a: Dondozo|82\/100|[from] item: Leftovers\n|upkeep\n|turn|2\n|inactive|Battle timer is ON: inactive players will automatically lose when time's up. (requested by Mattmaster2010)\n|\n|t:|1682461114\n|move|p2a: Dondozo|Order Up|p1b: Wo-Chien\n|-damage|p1b: Wo-Chien|66\/100\n|-boost|p2a: Dondozo|atk|1\n|move|p1a: Glimmora|Energy Ball|p2a: Dondozo\n|-supereffective|p2a: Dondozo\n|-end|p2a: Dondozo|Substitute\n|move|p1b: Wo-Chien|Leech Seed|p2a: Dondozo\n|-start|p2a: Dondozo|move: Leech Seed\n|\n|-heal|p2a: Dondozo|88\/100|[from] item: Leftovers\n|-damage|p2a: Dondozo|76\/100|[from] Leech Seed|[of] p1b: Wo-Chien\n|-heal|p1b: Wo-Chien|82\/100|[silent]\n|upkeep\n|turn|3\n|\n|t:|1682461131\n|move|p2a: Dondozo|Order Up|p1b: Wo-Chien\n|-damage|p1b: Wo-Chien|44\/100\n|-enditem|p1b: Wo-Chien|Sitrus Berry|[eat]\n|-heal|p1b: Wo-Chien|69\/100|[from] item: Sitrus Berry\n|-boost|p2a: Dondozo|atk|1\n|move|p1a: Glimmora|Energy Ball|p2a: Dondozo\n|-supereffective|p2a: Dondozo\n|-damage|p2a: Dondozo|29\/100\n|move|p1b: Wo-Chien|Foul Play|p2a: Dondozo\n|-damage|p2a: Dondozo|16\/100\n|\n|-heal|p2a: Dondozo|22\/100|[from] item: Leftovers\n|-damage|p2a: Dondozo|9\/100|[from] Leech Seed|[of] p1b: Wo-Chien\n|-heal|p1b: Wo-Chien|86\/100|[silent]\n|upkeep\n|turn|4\n|\n|t:|1682461148\n|move|p1b: Wo-Chien|Protect|p1b: Wo-Chien\n|-singleturn|p1b: Wo-Chien|Protect\n|move|p2a: Dondozo|Wave Crash|p1b: Wo-Chien\n|-activate|p1b: Wo-Chien|move: Protect\n|move|p1a: Glimmora|Energy Ball|p2a: Dondozo\n|-supereffective|p2a: Dondozo\n|-damage|p2a: Dondozo|0 fnt\n|faint|p2a: Dondozo\n|\n|upkeep\n|\n|t:|1682461155\n|switch|p2a: Palafin|Palafin-Hero, L50, M|100\/100\n|-activate|p2a: Palafin|ability: Zero to Hero\n|turn|5\n|-message|Mattmaster2010 forfeited.\n|\n|win|Echo Rose#9471\n|raw|Echo Rose#9471's rating: 1390 → 1406<\/strong> (+16 for winning)\n|raw|Mattmaster2010's rating: 1313 → 1297<\/strong> (-16 for losing)\n|l|\u2606Mattmaster2010\n|l| Arieha1995\n","uploadtime":1682461175,"views":14,"p1id":"echorose9471","p2id":"mattmaster2010","formatid":"gen9vgc2023regulationc","rating":1297,"private":0,"password":""}