{"id":"gen9vgc2023regulationc-1855156644","p1":"PanduxD","p2":"JhosuaT","format":"[Gen 9] VGC 2023 Regulation C","log":"|j|\u2606PanduxD\n|j|\u2606JhosuaT\n|t:|1682908242\n|gametype|doubles\n|player|p1|PanduxD|265|\n|player|p2|JhosuaT|2|\n|teamsize|p1|6\n|teamsize|p2|6\n|gen|9\n|tier|[Gen 9] VGC 2023 Regulation C\n|rule|Species Clause: Limit one of each Pok\u00e9mon\n|rule|Item Clause: Limit one of each item\n|clearpoke\n|poke|p1|Muk, L50, F|\n|poke|p1|Talonflame, L50, F|\n|poke|p1|Tauros-Paldea-Aqua, L50, M|\n|poke|p1|Dragonite, L50, M|\n|poke|p1|Great Tusk, L50|\n|poke|p1|Rotom-Wash, L50|\n|poke|p2|Torkoal, L50, F|\n|poke|p2|Garchomp, L50, F|\n|poke|p2|Rotom-Wash, L50|\n|poke|p2|Goodra, L50, M|\n|poke|p2|Staraptor, L50, F|\n|poke|p2|Annihilape, L50, F|\n|teampreview|4\n|\n|t:|1682908317\n|start\n|switch|p1a: Kchauros|Tauros-Paldea-Aqua, L50, M|100\/100\n|switch|p1b: Tuskar|Great Tusk, L50|100\/100\n|switch|p2a: Garchomp|Garchomp, L50, F|100\/100\n|switch|p2b: Staraptor|Staraptor, L50, F|100\/100\n|-ability|p1a: Kchauros|Intimidate|boost\n|-unboost|p2a: Garchomp|atk|1\n|-unboost|p2b: Staraptor|atk|1\n|turn|1\n|j| buenocomoeloro\n|\n|t:|1682908373\n|move|p2b: Staraptor|Brave Bird|p1b: Tuskar\n|-supereffective|p1b: Tuskar\n|-damage|p1b: Tuskar|25\/100\n|-damage|p2b: Staraptor|70\/100|[from] Recoil\n|move|p1a: Kchauros|Liquidation|p2a: Garchomp\n|-damage|p2a: Garchomp|60\/100\n|-damage|p1a: Kchauros|88\/100|[from] ability: Rough Skin|[of] p2a: Garchomp\n|move|p2a: Garchomp|Rock Slide|p1a: Kchauros|[spread] p1a,p1b\n|-resisted|p1a: Kchauros\n|-resisted|p1b: Tuskar\n|-damage|p1a: Kchauros|80\/100\n|-damage|p1b: Tuskar|22\/100\n|cant|p1b: Tuskar|flinch\n|\n|-heal|p2a: Garchomp|66\/100|[from] item: Leftovers\n|upkeep\n|turn|2\n|c|\u2606PanduxD|justo\n|c|\u2606PanduxD|el q iba a atacar\n|c|\u2606PanduxD|se flinchea\n|c|\u2606PanduxD|q rica suerte\n|c| buenocomoeloro|traigan elloriquin\n|\n|t:|1682908450\n|switch|p2a: Rotom|Rotom-Wash, L50|100\/100\n|move|p2b: Staraptor|Brave Bird|p1b: Tuskar\n|-supereffective|p1b: Tuskar\n|-damage|p1b: Tuskar|0 fnt\n|faint|p1b: Tuskar\n|-end|p1b: Tuskar|Protosynthesis|[silent]\n|-damage|p2b: Staraptor|62\/100|[from] Recoil\n|move|p1a: Kchauros|Rock Slide|p2a: Rotom|[spread] p2a,p2b\n|-supereffective|p2b: Staraptor\n|-damage|p2a: Rotom|84\/100\n|-damage|p2b: Staraptor|12\/100\n|\n|upkeep\n|\n|t:|1682908461\n|switch|p1b: Kum|Muk, L50, F, shiny|100\/100\n|turn|3\n|\n|t:|1682908496\n|switch|p2b: Annihilape|Annihilape, L50, F|100\/100\n|move|p1a: Kchauros|Protect|p1a: Kchauros\n|-singleturn|p1a: Kchauros|Protect\n|move|p2a: Rotom|Volt Switch|p1a: Kchauros\n|-activate|p1a: Kchauros|move: Protect\n|move|p1b: Kum|Curse|p1b: Kum\n|-unboost|p1b: Kum|spe|1\n|-boost|p1b: Kum|atk|1\n|-boost|p1b: Kum|def|1\n|\n|upkeep\n|turn|4\n|\n|t:|1682908589\n|-terastallize|p1a: Kchauros|Fighting\n|move|p1a: Kchauros|Rock Slide|p2b: Annihilape|[spread] p2a,p2b\n|-resisted|p2b: Annihilape\n|-damage|p2a: Rotom|69\/100\n|-damage|p2b: Annihilape|92\/100\n|move|p2b: Annihilape|Drain Punch|p1a: Kchauros\n|-damage|p1a: Kchauros|38\/100\n|-heal|p2b: Annihilape|100\/100|[from] drain|[of] p1a: Kchauros\n|move|p2a: Rotom|Volt Switch|p1a: Kchauros\n|-damage|p1a: Kchauros|0 fnt\n|faint|p1a: Kchauros\n|\n|t:|1682908601\n|switch|p2a: Garchomp|Garchomp, L50, F|66\/100|[from] Volt Switch\n|move|p1b: Kum|Toxic|p2a: Garchomp\n|-status|p2a: Garchomp|tox\n|\n|-heal|p2a: Garchomp|72\/100 tox|[from] item: Leftovers\n|-damage|p2a: Garchomp|66\/100 tox|[from] psn\n|upkeep\n|\n|t:|1682908609\n|switch|p1a: Dragoknight|Dragonite, L50, M|100\/100\n|turn|5\n|\n|t:|1682908661\n|move|p2a: Garchomp|Dragon Claw|p1a: Dragoknight\n|-supereffective|p1a: Dragoknight\n|-damage|p1a: Dragoknight|21\/100\n|move|p2b: Annihilape|Bulk Up|p2b: Annihilape\n|-boost|p2b: Annihilape|atk|1\n|-boost|p2b: Annihilape|def|1\n|move|p1a: Dragoknight|Dragon Claw|p2a: Garchomp\n|-supereffective|p2a: Garchomp\n|-crit|p2a: Garchomp\n|-damage|p2a: Garchomp|0 fnt\n|-damage|p1a: Dragoknight|9\/100|[from] ability: Rough Skin|[of] p2a: Garchomp\n|faint|p2a: Garchomp\n|move|p1b: Kum|Drain Punch|p2b: Annihilape\n|-immune|p2b: Annihilape\n|\n|upkeep\n|\n|t:|1682908677\n|switch|p2a: Rotom|Rotom-Wash, L50|69\/100\n|turn|6\n|c|\u2606PanduxD|iba para el otro oe\n|\n|t:|1682908710\n|move|p2b: Annihilape|Rage Fist|p1b: Kum\n|-damage|p1b: Kum|61\/100\n|move|p2a: Rotom|Volt Switch|p1a: Dragoknight\n|-damage|p1a: Dragoknight|0 fnt\n|faint|p1a: Dragoknight\n|\n|t:|1682908716\n|switch|p2a: Staraptor|Staraptor, L50, F|12\/100|[from] Volt Switch\n|move|p1b: Kum|Toxic|p2b: Annihilape\n|-status|p2b: Annihilape|tox\n|\n|-heal|p1b: Kum|67\/100|[from] item: Black Sludge\n|-damage|p2b: Annihilape|95\/100 tox|[from] psn\n|upkeep\n|turn|7\n|\n|t:|1682908735\n|move|p1b: Kum|Protect|p1b: Kum\n|-singleturn|p1b: Kum|Protect\n|move|p2a: Staraptor|U-turn|p1b: Kum\n|-activate|p1b: Kum|move: Protect\n|move|p2b: Annihilape|Rage Fist|p1b: Kum\n|-activate|p1b: Kum|move: Protect\n|\n|-heal|p1b: Kum|73\/100|[from] item: Black Sludge\n|-damage|p2b: Annihilape|83\/100 tox|[from] psn\n|upkeep\n|turn|8\n|\n|t:|1682908746\n|move|p2a: Staraptor|U-turn|p1b: Kum\n|-resisted|p1b: Kum\n|-damage|p1b: Kum|67\/100\n|\n|t:|1682908749\n|switch|p2a: Rotom|Rotom-Wash, L50|69\/100|[from] U-turn\n|move|p2b: Annihilape|Rage Fist|p1b: Kum\n|-damage|p1b: Kum|29\/100\n|move|p1b: Kum|Curse|p1b: Kum\n|-unboost|p1b: Kum|spe|1\n|-boost|p1b: Kum|atk|1\n|-boost|p1b: Kum|def|1\n|\n|-heal|p1b: Kum|35\/100|[from] item: Black Sludge\n|-damage|p2b: Annihilape|65\/100 tox|[from] psn\n|upkeep\n|turn|9\n|\n|t:|1682908766\n|move|p1b: Kum|Protect|p1b: Kum\n|-singleturn|p1b: Kum|Protect\n|move|p2b: Annihilape|Rage Fist|p1b: Kum\n|-activate|p1b: Kum|move: Protect\n|move|p2a: Rotom|Volt Switch|p1b: Kum\n|-activate|p1b: Kum|move: Protect\n|\n|-heal|p1b: Kum|41\/100|[from] item: Black Sludge\n|-damage|p2b: Annihilape|41\/100 tox|[from] psn\n|upkeep\n|turn|10\n|c|\u2606PanduxD|vamos a probar algo\n|\n|t:|1682908803\n|move|p1b: Kum|Protect||[still]\n|-fail|p1b: Kum\n|move|p2b: Annihilape|Rage Fist|p1b: Kum\n|-damage|p1b: Kum|9\/100\n|move|p2a: Rotom|Volt Switch|p1b: Kum\n|-damage|p1b: Kum|0 fnt\n|faint|p1b: Kum\n|\n|win|JhosuaT\n|c|\u2606PanduxD|fallo xd\n|c|\u2606PanduxD|gg\n|c|\u2606JhosuaT|gg\n|l|\u2606PanduxD\n","uploadtime":1682908813,"views":13,"p1id":"panduxd","p2id":"jhosuat","formatid":"gen9vgc2023regulationc","rating":0,"private":0,"password":""}