{"id":"gen9vgc2023regulationc-1847913447","p1":"StVero","p2":"JungleW","format":"[Gen 9] VGC 2023 Regulation C","log":"|j|\u2606StVero\n|j|\u2606JungleW\n|t:|1682012205\n|gametype|doubles\n|player|p1|StVero|170|1183\n|player|p2|JungleW|blue|1215\n|teamsize|p1|6\n|teamsize|p2|6\n|gen|9\n|tier|[Gen 9] VGC 2023 Regulation C\n|rated|\n|rule|Species Clause: Limit one of each Pok\u00e9mon\n|rule|Item Clause: Limit one of each item\n|clearpoke\n|poke|p1|Dragonite, L50, F|\n|poke|p1|Tyranitar, L50, M|\n|poke|p1|Arcanine, L50, F|\n|poke|p1|Gyarados, L50, F|\n|poke|p1|Amoonguss, L50, F|\n|poke|p1|Flutter Mane, L50|\n|poke|p2|Orthworm, L50, F|\n|poke|p2|Dragonite, L50, M|\n|poke|p2|Ting-Lu, L50|\n|poke|p2|Gyarados, L50, F|\n|poke|p2|Flutter Mane, L50|\n|poke|p2|Chien-Pao, L50|\n|teampreview|4\n|inactive|Battle timer is ON: inactive players will automatically lose when time's up. (requested by StVero)\n|\n|t:|1682012253\n|start\n|switch|p1a: Tyranitar|Tyranitar, L50, M|100\/100\n|switch|p1b: Arcanine|Arcanine, L50, F|100\/100\n|switch|p2a: Gyarados|Gyarados, L50, F|100\/100\n|switch|p2b: Orthworm|Orthworm, L50, F|100\/100\n|-ability|p1b: Arcanine|Intimidate|boost\n|-unboost|p2a: Gyarados|atk|1\n|-unboost|p2b: Orthworm|atk|1\n|-ability|p2a: Gyarados|Intimidate|boost\n|-fail|p1a: Tyranitar|unboost|[from] item: Clear Amulet|[of] p1a: Tyranitar\n|-unboost|p1b: Arcanine|atk|1\n|-weather|Sandstorm|[from] ability: Sand Stream|[of] p1a: Tyranitar\n|turn|1\n|inactive|StVero has 30 seconds left.\n|inactive|JungleW has 30 seconds left.\n|\n|t:|1682012285\n|move|p1b: Arcanine|Howl|p1b: Arcanine|[spread] p1a,p1b\n|-boost|p1a: Tyranitar|atk|1\n|-boost|p1b: Arcanine|atk|1\n|move|p2a: Gyarados|Thunder Wave|p1b: Arcanine\n|-status|p1b: Arcanine|par\n|move|p2b: Orthworm|Iron Defense|p2b: Orthworm\n|-boost|p2b: Orthworm|def|2\n|move|p1a: Tyranitar|Rock Slide|p2b: Orthworm|[spread] p2a,p2b\n|-supereffective|p2a: Gyarados\n|-resisted|p2b: Orthworm\n|-crit|p2b: Orthworm\n|-damage|p2a: Gyarados|0 fnt\n|-damage|p2b: Orthworm|77\/100\n|faint|p2a: Gyarados\n|\n|-weather|Sandstorm|[upkeep]\n|upkeep\n|\n|t:|1682012308\n|switch|p2a: Dragonite|Dragonite, L50, M|100\/100\n|turn|2\n|\n|t:|1682012319\n|move|p1a: Tyranitar|Protect|p1a: Tyranitar\n|-singleturn|p1a: Tyranitar|Protect\n|move|p2a: Dragonite|Earthquake|p1b: Arcanine|[spread] p1b\n|-activate|p1a: Tyranitar|move: Protect\n|-heal|p2b: Orthworm|100\/100|[from] ability: Earth Eater|[of] p2a: Dragonite\n|-supereffective|p1b: Arcanine\n|-damage|p1b: Arcanine|44\/100 par\n|move|p2b: Orthworm|Body Press|p1a: Tyranitar\n|-activate|p1a: Tyranitar|move: Protect\n|cant|p1b: Arcanine|par\n|\n|-weather|Sandstorm|[upkeep]\n|-damage|p2a: Dragonite|95\/100|[from] Sandstorm\n|upkeep\n|turn|3\n|inactive|JungleW has 30 seconds left.\n|inactive|JungleW has 20 seconds left.\n|\n|t:|1682012358\n|switch|p1b: Dragonite|Dragonite, L50, F|100\/100\n|-terastallize|p1a: Tyranitar|Fire\n|move|p2a: Dragonite|Earthquake|p1b: Dragonite|[spread] p1a\n|-immune|p2b: Orthworm|[from] ability: Earth Eater\n|-immune|p1b: Dragonite\n|-supereffective|p1a: Tyranitar\n|-damage|p1a: Tyranitar|61\/100\n|move|p2b: Orthworm|Body Press|p1a: Tyranitar\n|-damage|p1a: Tyranitar|15\/100\n|move|p1a: Tyranitar|Rock Slide|p2a: Dragonite|[spread] p2a,p2b\n|-supereffective|p2a: Dragonite\n|-resisted|p2b: Orthworm\n|-damage|p2a: Dragonite|0 fnt\n|-damage|p2b: Orthworm|93\/100\n|faint|p2a: Dragonite\n|\n|-weather|Sandstorm|[upkeep]\n|-damage|p1b: Dragonite|94\/100|[from] Sandstorm\n|-damage|p1a: Tyranitar|10\/100|[from] Sandstorm\n|upkeep\n|\n|t:|1682012372\n|switch|p2a: Flutter Mane|Flutter Mane, L50|100\/100\n|turn|4\n|inactive|JungleW has 30 seconds left.\n|\n|t:|1682012405\n|move|p1a: Tyranitar|Protect|p1a: Tyranitar\n|-singleturn|p1a: Tyranitar|Protect\n|move|p2a: Flutter Mane|Moonblast|p1b: Dragonite\n|-supereffective|p1b: Dragonite\n|-damage|p1b: Dragonite|17\/100\n|move|p1b: Dragonite|Iron Head|p2a: Flutter Mane\n|-supereffective|p2a: Flutter Mane\n|-damage|p2a: Flutter Mane|0 fnt\n|faint|p2a: Flutter Mane\n|-end|p2a: Flutter Mane|Protosynthesis|[silent]\n|move|p2b: Orthworm|Body Press|p1a: Tyranitar\n|-activate|p1a: Tyranitar|move: Protect\n|\n|-weather|Sandstorm|[upkeep]\n|-damage|p1b: Dragonite|11\/100|[from] Sandstorm\n|-damage|p1a: Tyranitar|4\/100|[from] Sandstorm\n|upkeep\n|turn|5\n|\n|t:|1682012430\n|switch|p1b: Arcanine|Arcanine, L50, F|44\/100 par\n|-ability|p1b: Arcanine|Intimidate|boost\n|-unboost|p2b: Orthworm|atk|1\n|move|p2b: Orthworm|Body Press|p1b: Arcanine\n|-damage|p1b: Arcanine|0 fnt\n|faint|p1b: Arcanine\n|move|p1a: Tyranitar|Assurance|p2b: Orthworm\n|-damage|p2b: Orthworm|75\/100\n|\n|-weather|none\n|upkeep\n|\n|t:|1682012443\n|switch|p1b: Amoonguss|Amoonguss, L50, F|100\/100\n|turn|6\n|\n|t:|1682012450\n|move|p1a: Tyranitar|Protect|p1a: Tyranitar\n|-singleturn|p1a: Tyranitar|Protect\n|move|p2b: Orthworm|Body Press|p1b: Amoonguss\n|-resisted|p1b: Amoonguss\n|-damage|p1b: Amoonguss|77\/100\n|move|p1b: Amoonguss|Spore|p2b: Orthworm\n|-status|p2b: Orthworm|slp|[from] move: Spore\n|\n|upkeep\n|turn|7\n|-message|JungleW forfeited.\n|\n|win|StVero\n|raw|StVero's rating: 1183 → 1210<\/strong> (+27 for winning)\n|raw|JungleW's rating: 1215 → 1188<\/strong> (-27 for losing)\n|l|\u2606JungleW\n","uploadtime":1682012582,"views":9,"p1id":"stvero","p2id":"junglew","formatid":"gen9vgc2023regulationc","rating":1188,"private":0,"password":""}