{"id":"gen9vgc2023regulationc-1852070351","p1":"kushsmoker68","p2":"Nuit1009","format":"[Gen 9] VGC 2023 Regulation C","log":"|j|\u2606kushsmoker68\n|j|\u2606Nuit1009\n|t:|1682521684\n|gametype|doubles\n|player|p1|kushsmoker68|clerkf|1061\n|player|p2|Nuit1009|richboy|1130\n|teamsize|p1|6\n|teamsize|p2|6\n|gen|9\n|tier|[Gen 9] VGC 2023 Regulation C\n|rated|\n|rule|Species Clause: Limit one of each Pok\u00e9mon\n|rule|Item Clause: Limit one of each item\n|clearpoke\n|poke|p1|Indeedee-F, L50, F|\n|poke|p1|Armarouge, L50, F|\n|poke|p1|Maushold, L50|\n|poke|p1|Meowscarada, L50, M|\n|poke|p1|Annihilape, L50, M|\n|poke|p1|Palafin, L50, M|\n|poke|p2|Arcanine, L50, M|\n|poke|p2|Amoonguss, L50, M|\n|poke|p2|Flutter Mane, L50|\n|poke|p2|Ting-Lu, L50|\n|poke|p2|Palafin, L50, M|\n|poke|p2|Roaring Moon, L50|\n|teampreview|4\n|inactive|Battle timer is ON: inactive players will automatically lose when time's up. (requested by Nuit1009)\n|\n|t:|1682521713\n|start\n|switch|p1a: the red light|Indeedee-F, L50, F|100\/100\n|switch|p1b: ecco2k|Palafin, L50, M|100\/100\n|switch|p2a: Roaring Moon|Roaring Moon, L50|100\/100\n|switch|p2b: Flutter Mane|Flutter Mane, L50|100\/100\n|-fieldstart|move: Psychic Terrain|[from] ability: Psychic Surge|[of] p1a: the red light\n|-enditem|p1a: the red light|Psychic Seed\n|-boost|p1a: the red light|spd|1|[from] item: Psychic Seed\n|-enditem|p2a: Roaring Moon|Booster Energy\n|-activate|p2a: Roaring Moon|ability: Protosynthesis|[fromitem]\n|-start|p2a: Roaring Moon|protosynthesisatk\n|turn|1\n|inactive|kushsmoker68 has 30 seconds left.\n|inactive|Nuit1009 has 30 seconds left.\n|\n|t:|1682521746\n|-end|p2b: Flutter Mane|Protosynthesis|[silent]\n|switch|p2b: Amoonguss|Amoonguss, L50, M, shiny|100\/100\n|move|p2a: Roaring Moon|Dragon Dance|p2a: Roaring Moon\n|-boost|p2a: Roaring Moon|atk|1\n|-boost|p2a: Roaring Moon|spe|1\n|move|p1b: ecco2k|Flip Turn|p2b: Amoonguss\n|-resisted|p2b: Amoonguss\n|-damage|p2b: Amoonguss|87\/100\n|-damage|p1b: ecco2k|84\/100|[from] item: Rocky Helmet|[of] p2b: Amoonguss\n|\n|t:|1682521757\n|detailschange|p1b: ecco2k|Palafin-Hero, L50, M\n|switch|p1b: roxanne|Armarouge, L50, F|100\/100|[from] Flip Turn\n|move|p1a: the red light|Trick Room|p1a: the red light\n|-fieldstart|move: Trick Room|[of] p1a: the red light\n|\n|upkeep\n|turn|2\n|inactive|Nuit1009 has 30 seconds left.\n|\n|t:|1682521786\n|-terastallize|p2a: Roaring Moon|Flying\n|move|p1a: the red light|Helping Hand|p1b: roxanne\n|-singleturn|p1b: roxanne|Helping Hand|[of] p1a: the red light\n|move|p2b: Amoonguss|Spore|p1b: roxanne\n|-status|p1b: roxanne|slp|[from] move: Spore\n|cant|p1b: roxanne|slp\n|move|p2a: Roaring Moon|Acrobatics|p1a: the red light\n|-damage|p1a: the red light|0 fnt\n|faint|p1a: the red light\n|\n|upkeep\n|\n|t:|1682521804\n|switch|p1a: ecco2k|Palafin-Hero, L50, M|84\/100\n|-activate|p1a: ecco2k|ability: Zero to Hero\n|turn|3\n|\n|t:|1682521817\n|move|p2b: Amoonguss|Rage Powder|p2b: Amoonguss\n|-singleturn|p2b: Amoonguss|move: Rage Powder\n|-curestatus|p1b: roxanne|slp|[msg]\n|move|p1b: roxanne|Expanding Force|p2b: Amoonguss|[spread] p2a,p2b\n|-supereffective|p2b: Amoonguss\n|-damage|p2a: Roaring Moon|38\/100\n|-damage|p2b: Amoonguss|0 fnt\n|faint|p2b: Amoonguss\n|move|p1a: ecco2k|Wave Crash|p2a: Roaring Moon\n|-damage|p2a: Roaring Moon|0 fnt\n|faint|p2a: Roaring Moon\n|-end|p2a: Roaring Moon|Protosynthesis|[silent]\n|-damage|p1a: ecco2k|73\/100|[from] Recoil\n|\n|upkeep\n|\n|t:|1682521831\n|switch|p2b: Flutter Mane|Flutter Mane, L50|100\/100\n|switch|p2a: Ting-Lu|Ting-Lu, L50|100\/100\n|-ability|p2a: Ting-Lu|Vessel of Ruin\n|turn|4\n|inactive|Nuit1009 has 30 seconds left.\n|inactive|Nuit1009 has 20 seconds left.\n|\n|t:|1682521868\n|move|p2a: Ting-Lu|Stomping Tantrum|p1a: ecco2k\n|-damage|p1a: ecco2k|43\/100\n|move|p1b: roxanne|Expanding Force|p2a: Ting-Lu|[spread] p2b\n|-immune|p2a: Ting-Lu\n|-damage|p2b: Flutter Mane|50\/100\n|move|p1a: ecco2k|Wave Crash|p2a: Ting-Lu\n|-supereffective|p2a: Ting-Lu\n|-damage|p2a: Ting-Lu|0 fnt\n|faint|p2a: Ting-Lu\n|-damage|p1a: ecco2k|1\/100|[from] Recoil\n|move|p2b: Flutter Mane|Dazzling Gleam|p1a: ecco2k|[spread] p1a,p1b\n|-resisted|p1b: roxanne\n|-damage|p1a: ecco2k|0 fnt\n|-damage|p1b: roxanne|74\/100\n|faint|p1a: ecco2k\n|\n|upkeep\n|\n|t:|1682521885\n|switch|p1a: tuxedo flower|Meowscarada, L50, M|100\/100\n|turn|5\n|\n|t:|1682521892\n|move|p1a: tuxedo flower|Protect|p1a: tuxedo flower\n|-singleturn|p1a: tuxedo flower|Protect\n|move|p1b: roxanne|Expanding Force|p2b: Flutter Mane\n|-damage|p2b: Flutter Mane|0 fnt\n|faint|p2b: Flutter Mane\n|-end|p2b: Flutter Mane|Protosynthesis|[silent]\n|\n|win|kushsmoker68\n|raw|kushsmoker68's rating: 1061 → 1098<\/strong> (+37 for winning)\n|raw|Nuit1009's rating: 1130 → 1100<\/strong> (-30 for losing)\n|l|\u2606Nuit1009\n","uploadtime":1682521906,"views":14,"p1id":"kushsmoker68","p2id":"nuit1009","formatid":"gen9vgc2023regulationc","rating":1098,"private":0,"password":""}