{"id":"gen9vgc2023regulationc-1861593213","p1":"zlint","p2":"Jnof","format":"[Gen 9] VGC 2023 Regulation C","log":"|j|\u2606zlint\n|j|\u2606Jnof\n|t:|1683778141\n|gametype|doubles\n|player|p1|zlint|lyra-masters2|1398\n|player|p2|Jnof|n|1515\n|teamsize|p1|6\n|teamsize|p2|6\n|gen|9\n|tier|[Gen 9] VGC 2023 Regulation C\n|rated|\n|rule|Species Clause: Limit one of each Pok\u00e9mon\n|rule|Item Clause: Limit one of each item\n|clearpoke\n|poke|p1|Scream Tail, L50|\n|poke|p1|Baxcalibur, L50, F|\n|poke|p1|Corviknight, L50, F|\n|poke|p1|Rotom-Wash, L50|\n|poke|p1|Flutter Mane, L50|\n|poke|p1|Tyranitar, L50, F|\n|poke|p2|Espathra, L50, M|\n|poke|p2|Sandy Shocks, L50|\n|poke|p2|Chi-Yu, L50|\n|poke|p2|Palafin, L50, M|\n|poke|p2|Amoonguss, L50, F|\n|poke|p2|Arcanine, L50, M|\n|teampreview|4\n|\n|t:|1683778182\n|start\n|switch|p1a: Scream Tail|Scream Tail, L50, shiny|100\/100\n|switch|p1b: Baxcalibur|Baxcalibur, L50, F|100\/100\n|switch|p2a: Amoonguss|Amoonguss, L50, F|100\/100\n|switch|p2b: Sandy Shocks|Sandy Shocks, L50|100\/100\n|-enditem|p1a: Scream Tail|Booster Energy\n|-activate|p1a: Scream Tail|ability: Protosynthesis|[fromitem]\n|-start|p1a: Scream Tail|protosynthesisspe\n|-enditem|p2b: Sandy Shocks|Booster Energy\n|-activate|p2b: Sandy Shocks|ability: Protosynthesis|[fromitem]\n|-start|p2b: Sandy Shocks|protosynthesisspe\n|turn|1\n|\n|t:|1683778204\n|-end|p1a: Scream Tail|Protosynthesis|[silent]\n|switch|p1a: Corviknight|Corviknight, L50, F, shiny|100\/100\n|-terastallize|p2a: Amoonguss|Water\n|move|p2b: Sandy Shocks|Protect|p2b: Sandy Shocks\n|-singleturn|p2b: Sandy Shocks|Protect\n|move|p1b: Baxcalibur|Protect|p1b: Baxcalibur\n|-singleturn|p1b: Baxcalibur|Protect\n|move|p2a: Amoonguss|Spore|p1a: Corviknight\n|-activate|p1a: Corviknight|item: Safety Goggles|Spore\n|\n|upkeep\n|turn|2\n|j| shanehuang99\n|\n|t:|1683778239\n|move|p2a: Amoonguss|Rage Powder|p2a: Amoonguss\n|-singleturn|p2a: Amoonguss|move: Rage Powder\n|move|p2b: Sandy Shocks|Earth Power|p1b: Baxcalibur\n|-damage|p1b: Baxcalibur|53\/100\n|move|p1b: Baxcalibur|Glaive Rush|p2a: Amoonguss\n|-damage|p2a: Amoonguss|29\/100\n|-singlemove|p1b: Baxcalibur|Glaive Rush|[silent]\n|-enditem|p2a: Amoonguss|Sitrus Berry|[eat]\n|-heal|p2a: Amoonguss|54\/100|[from] item: Sitrus Berry\n|move|p1a: Corviknight|Brave Bird|p2a: Amoonguss\n|-damage|p2a: Amoonguss|20\/100\n|-damage|p1a: Corviknight|88\/100|[from] Recoil\n|\n|upkeep\n|turn|3\n|\n|t:|1683778264\n|move|p1b: Baxcalibur|Protect|p1b: Baxcalibur\n|-singleturn|p1b: Baxcalibur|Protect\n|move|p2a: Amoonguss|Rage Powder|p2a: Amoonguss\n|-singleturn|p2a: Amoonguss|move: Rage Powder\n|move|p2b: Sandy Shocks|Thunderbolt|p1a: Corviknight\n|-supereffective|p1a: Corviknight\n|-damage|p1a: Corviknight|25\/100\n|move|p1a: Corviknight|Tailwind|p1a: Corviknight\n|-sidestart|p1: zlint|move: Tailwind\n|\n|upkeep\n|turn|4\n|inactive|Battle timer is ON: inactive players will automatically lose when time's up. (requested by zlint)\n|\n|t:|1683778308\n|move|p2a: Amoonguss|Rage Powder|p2a: Amoonguss\n|-singleturn|p2a: Amoonguss|move: Rage Powder\n|move|p1b: Baxcalibur|Icicle Spear|p2a: Amoonguss\n|-resisted|p2a: Amoonguss\n|-damage|p2a: Amoonguss|12\/100\n|-resisted|p2a: Amoonguss\n|-damage|p2a: Amoonguss|5\/100\n|-resisted|p2a: Amoonguss\n|-damage|p2a: Amoonguss|0 fnt\n|faint|p2a: Amoonguss\n|-hitcount|p2: Amoonguss|3\n|move|p2b: Sandy Shocks|Gravity|p2b: Sandy Shocks\n|-fieldstart|move: Gravity\n|move|p1a: Corviknight|Roost|p1a: Corviknight\n|-heal|p1a: Corviknight|75\/100\n|-singleturn|p1a: Corviknight|move: Roost\n|\n|upkeep\n|\n|t:|1683778316\n|switch|p2a: Espathra|Espathra, L50, M|100\/100\n|turn|5\n|\n|t:|1683778337\n|move|p2b: Sandy Shocks|Protect|p2b: Sandy Shocks\n|-singleturn|p2b: Sandy Shocks|Protect\n|move|p1b: Baxcalibur|Icicle Spear|p2b: Sandy Shocks\n|-activate|p2b: Sandy Shocks|move: Protect\n|move|p1a: Corviknight|Brave Bird|p2a: Espathra\n|-damage|p2a: Espathra|42\/100\n|-damage|p1a: Corviknight|59\/100|[from] Recoil\n|move|p2a: Espathra|Hypnosis|p1b: Baxcalibur\n|-status|p1b: Baxcalibur|slp|[from] move: Hypnosis\n|\n|-ability|p2a: Espathra|Speed Boost|boost\n|-boost|p2a: Espathra|spe|1\n|upkeep\n|turn|6\n|\n|t:|1683778355\n|move|p2a: Espathra|Protect|p2a: Espathra\n|-singleturn|p2a: Espathra|Protect\n|cant|p1b: Baxcalibur|slp\n|move|p2b: Sandy Shocks|Thunderbolt|p1a: Corviknight\n|-supereffective|p1a: Corviknight\n|-damage|p1a: Corviknight|0 fnt\n|faint|p1a: Corviknight\n|\n|-sideend|p1: zlint|move: Tailwind\n|-ability|p2a: Espathra|Speed Boost|boost\n|-boost|p2a: Espathra|spe|1\n|upkeep\n|\n|t:|1683778363\n|switch|p1a: Rotom|Rotom-Wash, L50, shiny|100\/100\n|turn|7\n|inactive|zlint has 30 seconds left.\n|inactive|Jnof has 30 seconds left.\n|inactive|Jnof has 20 seconds left.\n|\n|t:|1683778402\n|move|p2a: Espathra|Hypnosis|p1b: Baxcalibur\n|-fail|p1b: Baxcalibur|slp\n|move|p2b: Sandy Shocks|Earth Power|p1b: Baxcalibur\n|-damage|p1b: Baxcalibur|8\/100 slp\n|cant|p1b: Baxcalibur|slp\n|move|p1a: Rotom|Thunderbolt|p2a: Espathra\n|-damage|p2a: Espathra|0 fnt\n|faint|p2a: Espathra\n|\n|upkeep\n|\n|t:|1683778407\n|switch|p2a: Chi-Yu|Chi-Yu, L50|100\/100\n|-ability|p2a: Chi-Yu|Beads of Ruin\n|turn|8\n|c|\u2606Jnof|oops\n|c|\u2606Jnof|misclick\n|c|\u2606Jnof|i lose now\n|c|\u2606Jnof|rip\n|inactive|zlint has 30 seconds left.\n|inactive|Jnof has 30 seconds left.\n|inactive|Jnof has 20 seconds left.\n|\n|t:|1683778445\n|-curestatus|p1b: Baxcalibur|slp|[msg]\n|move|p1b: Baxcalibur|Protect|p1b: Baxcalibur\n|-singleturn|p1b: Baxcalibur|Protect\n|move|p2b: Sandy Shocks|Earth Power|p1a: Rotom\n|-supereffective|p1a: Rotom\n|-damage|p1a: Rotom|0 fnt\n|faint|p1a: Rotom\n|move|p2a: Chi-Yu|Heat Wave|p1b: Baxcalibur\n|-activate|p1b: Baxcalibur|move: Protect\n|\n|-fieldend|move: Gravity\n|upkeep\n|\n|t:|1683778453\n|switch|p1a: Scream Tail|Scream Tail, L50, shiny|100\/100\n|turn|9\n|\n|t:|1683778464\n|move|p2b: Sandy Shocks|Protect|p2b: Sandy Shocks\n|-singleturn|p2b: Sandy Shocks|Protect\n|move|p1b: Baxcalibur|Ice Shard|p2b: Sandy Shocks\n|-activate|p2b: Sandy Shocks|move: Protect\n|move|p2a: Chi-Yu|Heat Wave|p1a: Scream Tail|[spread] p1a\n|-miss|p2a: Chi-Yu|p1b: Baxcalibur\n|-damage|p1a: Scream Tail|66\/100\n|move|p1a: Scream Tail|Disable|p2a: Chi-Yu\n|-start|p2a: Chi-Yu|Disable|Heat Wave\n|\n|upkeep\n|turn|10\n|inactive|Jnof has 30 seconds left.\n|\n|t:|1683778499\n|move|p2b: Sandy Shocks|Protect||[still]\n|-fail|p2b: Sandy Shocks\n|move|p1b: Baxcalibur|Protect|p1b: Baxcalibur\n|-singleturn|p1b: Baxcalibur|Protect\n|-activate|p2a: Chi-Yu|move: Struggle\n|move|p2a: Chi-Yu|Struggle|p1a: Scream Tail\n|-damage|p1a: Scream Tail|60\/100\n|-damage|p2a: Chi-Yu|75\/100|[from] recoil\n|move|p1a: Scream Tail|Encore|p2b: Sandy Shocks\n|-start|p2b: Sandy Shocks|Encore\n|\n|upkeep\n|turn|11\n|\n|t:|1683778519\n|move|p2b: Sandy Shocks|Protect|p2b: Sandy Shocks\n|-singleturn|p2b: Sandy Shocks|Protect\n|move|p1b: Baxcalibur|Protect||[still]\n|-fail|p1b: Baxcalibur\n|-activate|p2a: Chi-Yu|move: Struggle\n|move|p2a: Chi-Yu|Struggle|p1b: Baxcalibur\n|-damage|p1b: Baxcalibur|0 fnt\n|faint|p1b: Baxcalibur\n|-damage|p2a: Chi-Yu|50\/100|[from] recoil\n|move|p1a: Scream Tail|Play Rough|p2a: Chi-Yu\n|-damage|p2a: Chi-Yu|13\/100\n|\n|upkeep\n|turn|12\n|\n|t:|1683778534\n|move|p2b: Sandy Shocks|Protect||[still]\n|-fail|p2b: Sandy Shocks\n|-activate|p2a: Chi-Yu|move: Struggle\n|move|p2a: Chi-Yu|Struggle|p1a: Scream Tail\n|-damage|p1a: Scream Tail|54\/100\n|-damage|p2a: Chi-Yu|0 fnt|[from] recoil\n|faint|p2a: Chi-Yu\n|move|p1a: Scream Tail|Play Rough|p2b: Sandy Shocks\n|-damage|p2b: Sandy Shocks|73\/100\n|\n|upkeep\n|turn|13\n|\n|t:|1683778540\n|move|p2b: Sandy Shocks|Protect|p2b: Sandy Shocks\n|-singleturn|p2b: Sandy Shocks|Protect\n|move|p1a: Scream Tail|Howl|p1a: Scream Tail\n|-boost|p1a: Scream Tail|atk|1\n|\n|-end|p2b: Sandy Shocks|Encore\n|upkeep\n|turn|14\n|\n|t:|1683778562\n|move|p2b: Sandy Shocks|Thunderbolt|p1a: Scream Tail\n|-damage|p1a: Scream Tail|23\/100\n|move|p1a: Scream Tail|Play Rough|p2b: Sandy Shocks\n|-damage|p2b: Sandy Shocks|38\/100\n|\n|upkeep\n|turn|15\n|\n|t:|1683778570\n|move|p2b: Sandy Shocks|Thunderbolt|p1a: Scream Tail\n|-damage|p1a: Scream Tail|0 fnt\n|faint|p1a: Scream Tail\n|-end|p1a: Scream Tail|Protosynthesis|[silent]\n|\n|win|Jnof\n|raw|zlint's rating: 1398 → 1384<\/strong> (-14 for losing)\n|raw|Jnof's rating: 1515 → 1529<\/strong> (+14 for winning)\n|c|\u2606Jnof|gg\n|l|\u2606zlint\n|l| shanehuang99\n|l|\u2606Jnof\n|j|\u2606zlint\n|player|p1|zlint|lyra-masters2\n","uploadtime":1683778611,"views":14,"p1id":"zlint","p2id":"jnof","formatid":"gen9vgc2023regulationc","rating":1384,"private":0,"password":""}