{"id":"gen9vgc2023regulationc-1853289434","p1":"Sumo'sWeenusVGC","p2":"Silver33534","format":"[Gen 9] VGC 2023 Regulation C","log":"|j|\u2606Sumo'sWeenusVGC\n|j|\u2606Silver33534\n|t:|1682661825\n|gametype|doubles\n|player|p1|Sumo'sWeenusVGC|colress|1115\n|player|p2|Silver33534|gambler|1183\n|teamsize|p1|6\n|teamsize|p2|6\n|gen|9\n|tier|[Gen 9] VGC 2023 Regulation C\n|rated|\n|rule|Species Clause: Limit one of each Pok\u00e9mon\n|rule|Item Clause: Limit one of each item\n|clearpoke\n|poke|p1|Grimmsnarl, L50, M|\n|poke|p1|Scream Tail, L50|\n|poke|p1|Armarouge, L50, M|\n|poke|p1|Azumarill, L50, M|\n|poke|p1|Brute Bonnet, L50|\n|poke|p1|Bronzong, L50|\n|poke|p2|Iron Jugulis, L50|\n|poke|p2|Pelipper, L50, F|\n|poke|p2|Scizor, L50, F|\n|poke|p2|Barraskewda, L50, F|\n|poke|p2|Indeedee-F, L50, F|\n|poke|p2|Armarouge, L50, F|\n|teampreview|4\n|inactive|Battle timer is ON: inactive players will automatically lose when time's up. (requested by Silver33534)\n|inactive|Sumo'sWeenusVGC also wants the timer to be on.\nSilver33534 has agreed to open team sheets.\nSumo'sWeenusVGC has agreed to open team sheets.\n|inactive|Sumo'sWeenusVGC has 60 seconds left.\n|inactive|Silver33534 has 60 seconds left.\n|c|\u2606Silver33534|cool team!\n|\n|t:|1682661875\n|start\n|switch|p1a: Grimmsnarl|Grimmsnarl, L50, M|100\/100\n|switch|p1b: Armarouge|Armarouge, L50, M|100\/100\n|switch|p2a: Pelipper|Pelipper, L50, F|100\/100\n|switch|p2b: Scizor|Scizor, L50, F|100\/100\n|-weather|RainDance|[from] ability: Drizzle|[of] p2a: Pelipper\n|turn|1\n|c|\u2606Sumo'sWeenusVGC|cheers\n|c|\u2606Sumo'sWeenusVGC|pracing for a 'sub 5% usage comp'\n|inactive|Sumo'sWeenusVGC has 30 seconds left.\n|inactive|Silver33534 has 30 seconds left.\n|inactive|Silver33534 has 20 seconds left.\n|\n|t:|1682661910\n|move|p2b: Scizor|Protect|p2b: Scizor\n|-singleturn|p2b: Scizor|Protect\n|move|p1a: Grimmsnarl|Fake Out|p2a: Pelipper\n|-damage|p2a: Pelipper|89\/100\n|cant|p2a: Pelipper|flinch\n|move|p1b: Armarouge|Trick Room|p1b: Armarouge\n|-fieldstart|move: Trick Room|[of] p1b: Armarouge\n|\n|-weather|RainDance|[upkeep]\n|-heal|p2a: Pelipper|95\/100|[from] item: Leftovers\n|upkeep\n|turn|2\n|\n|t:|1682661931\n|-terastallize|p2b: Scizor|Normal\n|move|p1a: Grimmsnarl|Reflect|p1a: Grimmsnarl\n|-sidestart|p1: Sumo'sWeenusVGC|Reflect\n|move|p2b: Scizor|Bullet Punch|p1a: Grimmsnarl\n|-supereffective|p1a: Grimmsnarl\n|-damage|p1a: Grimmsnarl|38\/100\n|-enditem|p1a: Grimmsnarl|Eject Button\n|-damage|p2b: Scizor|91\/100|[from] item: Life Orb\n|c|\u2606Silver33534|i just made a rain team LOL rain kinda sucks this gen tho\n|\n|t:|1682661940\n|switch|p1a: Bronzong|Bronzong, L50|100\/100\n|move|p2a: Pelipper|Hurricane|p1b: Armarouge\n|-damage|p1b: Armarouge|43\/100\n|move|p1b: Armarouge|Armor Cannon|p2b: Scizor\n|-damage|p2b: Scizor|53\/100\n|-unboost|p1b: Armarouge|def|1\n|-unboost|p1b: Armarouge|spd|1\n|\n|-weather|RainDance|[upkeep]\n|-heal|p2a: Pelipper|100\/100|[from] item: Leftovers\n|upkeep\n|turn|3\n|\n|t:|1682661962\n|switch|p1b: Grimmsnarl|Grimmsnarl, L50, M|38\/100\n|move|p1a: Bronzong|Iron Defense|p1a: Bronzong\n|-boost|p1a: Bronzong|def|2\n|move|p2b: Scizor|Swords Dance|p2b: Scizor\n|-boost|p2b: Scizor|atk|2\n|move|p2a: Pelipper|Hurricane|p1b: Grimmsnarl\n|-damage|p1b: Grimmsnarl|0 fnt\n|faint|p1b: Grimmsnarl\n|\n|-weather|RainDance|[upkeep]\n|upkeep\n|\n|t:|1682661979\n|switch|p1b: Azumarill|Azumarill, L50, M|100\/100\n|turn|4\n|\n|t:|1682661999\n|-terastallize|p1b: Azumarill|Water\n|move|p2b: Scizor|Bullet Punch|p1b: Azumarill\n|-resisted|p1b: Azumarill\n|-damage|p1b: Azumarill|70\/100\n|-damage|p2b: Scizor|43\/100|[from] item: Life Orb\n|move|p1a: Bronzong|Body Press|p2b: Scizor\n|-supereffective|p2b: Scizor\n|-damage|p2b: Scizor|0 fnt\n|faint|p2b: Scizor\n|move|p1b: Azumarill|Liquidation|p2a: Pelipper\n|-resisted|p2a: Pelipper\n|-damage|p2a: Pelipper|71\/100\n|move|p2a: Pelipper|Chilling Water|p1a: Bronzong\n|-damage|p1a: Bronzong|68\/100\n|-unboost|p1a: Bronzong|atk|1\n|\n|-weather|RainDance|[upkeep]\n|-heal|p1a: Bronzong|74\/100|[from] item: Leftovers\n|-heal|p2a: Pelipper|77\/100|[from] item: Leftovers\n|upkeep\n|\n|t:|1682662016\n|switch|p2b: Iron Jugulis|Iron Jugulis, L50|100\/100\n|-enditem|p2b: Iron Jugulis|Booster Energy\n|-activate|p2b: Iron Jugulis|ability: Quark Drive|[fromitem]\n|-start|p2b: Iron Jugulis|quarkdrivespe\n|turn|5\n|inactive|Sumo'sWeenusVGC has 30 seconds left.\n|\n|t:|1682662047\n|switch|p2a: Armarouge|Armarouge, L50, F|100\/100\n|move|p2b: Iron Jugulis|Protect|p2b: Iron Jugulis\n|-singleturn|p2b: Iron Jugulis|Protect\n|move|p1a: Bronzong|Iron Defense|p1a: Bronzong\n|-boost|p1a: Bronzong|def|2\n|move|p1b: Azumarill|Play Rough|p2a: Armarouge\n|-resisted|p2a: Armarouge\n|-damage|p2a: Armarouge|90\/100\n|\n|-weather|none\n|-heal|p1a: Bronzong|80\/100|[from] item: Leftovers\n|-fieldend|move: Trick Room\n|upkeep\n|turn|6\n|inactive|Sumo'sWeenusVGC has 30 seconds left.\n|\n|t:|1682662073\n|switch|p2a: Pelipper|Pelipper, L50, F|77\/100\n|-weather|RainDance|[from] ability: Drizzle|[of] p2a: Pelipper\n|move|p2b: Iron Jugulis|Hurricane|p1b: Azumarill\n|-damage|p1b: Azumarill|22\/100\n|move|p1b: Azumarill|Liquidation|p2a: Pelipper\n|-resisted|p2a: Pelipper\n|-damage|p2a: Pelipper|47\/100\n|move|p1a: Bronzong|Trick Room|p1a: Bronzong\n|-fieldstart|move: Trick Room|[of] p1a: Bronzong\n|\n|-weather|RainDance|[upkeep]\n|-heal|p1a: Bronzong|86\/100|[from] item: Leftovers\n|-heal|p2a: Pelipper|53\/100|[from] item: Leftovers\n|-sideend|p1: Sumo'sWeenusVGC|Reflect\n|upkeep\n|turn|7\n|\n|t:|1682662093\n|move|p1a: Bronzong|Body Press|p2b: Iron Jugulis\n|-damage|p2b: Iron Jugulis|0 fnt\n|faint|p2b: Iron Jugulis\n|-end|p2b: Iron Jugulis|Quark Drive|[silent]\n|move|p1b: Azumarill|Play Rough|p2a: Pelipper\n|-damage|p2a: Pelipper|26\/100\n|move|p2a: Pelipper|Hurricane|p1b: Azumarill\n|-damage|p1b: Azumarill|0 fnt\n|faint|p1b: Azumarill\n|\n|-weather|RainDance|[upkeep]\n|-heal|p1a: Bronzong|92\/100|[from] item: Leftovers\n|-heal|p2a: Pelipper|32\/100|[from] item: Leftovers\n|upkeep\n|\n|t:|1682662106\n|switch|p1b: Armarouge|Armarouge, L50, M|43\/100\n|switch|p2b: Armarouge|Armarouge, L50, F|90\/100\n|turn|8\n|\n|t:|1682662119\n|move|p1a: Bronzong|Substitute|p1a: Bronzong\n|-start|p1a: Bronzong|Substitute\n|-damage|p1a: Bronzong|67\/100\n|move|p2b: Armarouge|Armor Cannon|p1a: Bronzong\n|-supereffective|p1a: Bronzong\n|-end|p1a: Bronzong|Substitute\n|-unboost|p2b: Armarouge|def|1\n|-unboost|p2b: Armarouge|spd|1\n|move|p2a: Pelipper|Hurricane|p1b: Armarouge\n|-damage|p1b: Armarouge|0 fnt\n|faint|p1b: Armarouge\n|\n|-weather|RainDance|[upkeep]\n|-heal|p1a: Bronzong|73\/100|[from] item: Leftovers\n|-heal|p2a: Pelipper|38\/100|[from] item: Leftovers\n|upkeep\n|turn|9\n|\n|t:|1682662139\n|move|p1a: Bronzong|Substitute|p1a: Bronzong\n|-start|p1a: Bronzong|Substitute\n|-damage|p1a: Bronzong|49\/100\n|move|p2b: Armarouge|Armor Cannon|p1a: Bronzong\n|-supereffective|p1a: Bronzong\n|-end|p1a: Bronzong|Substitute\n|-unboost|p2b: Armarouge|def|1\n|-unboost|p2b: Armarouge|spd|1\n|move|p2a: Pelipper|Chilling Water|p1a: Bronzong\n|-damage|p1a: Bronzong|18\/100\n|-unboost|p1a: Bronzong|atk|1\n|\n|-weather|RainDance|[upkeep]\n|-heal|p1a: Bronzong|24\/100|[from] item: Leftovers\n|-heal|p2a: Pelipper|44\/100|[from] item: Leftovers\n|upkeep\n|turn|10\n|\n|t:|1682662155\n|move|p1a: Bronzong|Body Press|p2b: Armarouge\n|-resisted|p2b: Armarouge\n|-damage|p2b: Armarouge|5\/100\n|move|p2b: Armarouge|Armor Cannon|p1a: Bronzong\n|-supereffective|p1a: Bronzong\n|-damage|p1a: Bronzong|0 fnt\n|-unboost|p2b: Armarouge|def|1\n|-unboost|p2b: Armarouge|spd|1\n|faint|p1a: Bronzong\n|\n|win|Silver33534\n|raw|Sumo'sWeenusVGC's rating: 1115 → 1095<\/strong> (-20 for losing)\n|raw|Silver33534's rating: 1183 → 1203<\/strong> (+20 for winning)\n|c|\u2606Silver33534|gg\n|c|\u2606Sumo'sWeenusVGC|gg\n|c|\u2606Sumo'sWeenusVGC|wp\n","uploadtime":1682662167,"views":8,"p1id":"sumosweenusvgc","p2id":"silver33534","formatid":"gen9vgc2023regulationc","rating":1095,"private":0,"password":""}