{"id":"gen9vgc2023regulationc-1859079703","p1":"Null66","p2":"ML Lacius","format":"[Gen 9] VGC 2023 Regulation C","log":"|j|\u2606Null66\n|j|\u2606ML Lacius\n|t:|1683401973\n|gametype|doubles\n|player|p1|Null66|winona|1309\n|player|p2|ML Lacius|169|1221\n|teamsize|p1|6\n|teamsize|p2|6\n|gen|9\n|tier|[Gen 9] VGC 2023 Regulation C\n|rated|\n|rule|Species Clause: Limit one of each Pok\u00e9mon\n|rule|Item Clause: Limit one of each item\n|clearpoke\n|poke|p1|Garchomp, L50, M|\n|poke|p1|Tyranitar, L50, F|\n|poke|p1|Gholdengo, L50|\n|poke|p1|Corviknight, L50, M|\n|poke|p1|Iron Bundle, L50|\n|poke|p1|Chi-Yu, L50|\n|poke|p2|Iron Valiant, L50|\n|poke|p2|Baxcalibur, L50, F|\n|poke|p2|Rotom-Wash, L50|\n|poke|p2|Corviknight, L50, F|\n|poke|p2|Arcanine, L50, F|\n|poke|p2|Ting-Lu, L50|\n|teampreview|4\n|inactive|Battle timer is ON: inactive players will automatically lose when time's up. (requested by Null66)\n|inactive|Null66 has 60 seconds left.\n|inactive|ML Lacius has 60 seconds left.\n|\n|t:|1683402033\n|start\n|switch|p1a: Corviknight|Corviknight, L50, M|100\/100\n|switch|p1b: Tyranitar|Tyranitar, L50, F|100\/100\n|switch|p2a: Arcanine|Arcanine, L50, F|100\/100\n|switch|p2b: Corviknight|Corviknight, L50, F|100\/100\n|-ability|p2a: Arcanine|Intimidate|boost\n|-ability|p1a: Corviknight|Mirror Armor\n|-unboost|p2a: Arcanine|atk|1\n|-unboost|p1b: Tyranitar|atk|1\n|-weather|Sandstorm|[from] ability: Sand Stream|[of] p1b: Tyranitar\n|turn|1\n|inactive|Null66 has 30 seconds left.\n|inactive|ML Lacius has 30 seconds left.\n|\n|t:|1683402062\n|switch|p1b: Gholdengo|Gholdengo, L50|100\/100\n|move|p2a: Arcanine|Protect|p2a: Arcanine\n|-singleturn|p2a: Arcanine|Protect\n|move|p1a: Corviknight|Tailwind|p1a: Corviknight\n|-sidestart|p1: Null66|move: Tailwind\n|move|p2b: Corviknight|Taunt|p1a: Corviknight\n|-start|p1a: Corviknight|move: Taunt\n|\n|-weather|Sandstorm|[upkeep]\n|upkeep\n|turn|2\n|inactive|Null66 has 30 seconds left.\n|\n|t:|1683402093\n|move|p1b: Gholdengo|Thunderbolt|p2b: Corviknight\n|-supereffective|p2b: Corviknight\n|-damage|p2b: Corviknight|0 fnt\n|faint|p2b: Corviknight\n|move|p1a: Corviknight|Brave Bird|p2a: Arcanine\n|-damage|p2a: Arcanine|53\/100\n|-damage|p1a: Corviknight|85\/100|[from] Recoil\n|move|p2a: Arcanine|Flare Blitz|p1b: Gholdengo\n|-supereffective|p1b: Gholdengo\n|-damage|p1b: Gholdengo|38\/100\n|-damage|p2a: Arcanine|32\/100|[from] Recoil\n|\n|-weather|Sandstorm|[upkeep]\n|-heal|p1a: Corviknight|91\/100|[from] item: Leftovers\n|upkeep\n|\n|t:|1683402109\n|switch|p2b: Ting-Lu|Ting-Lu, L50|100\/100\n|-ability|p2b: Ting-Lu|Vessel of Ruin\n|turn|3\n|inactive|Null66 has 30 seconds left.\n|\n|t:|1683402135\n|switch|p1b: Iron Bundle|Iron Bundle, L50, shiny|100\/100\n|switch|p1a: Tyranitar|Tyranitar, L50, F|100\/100\n|move|p2a: Arcanine|Protect|p2a: Arcanine\n|-singleturn|p2a: Arcanine|Protect\n|move|p2b: Ting-Lu|Rock Slide|p1b: Iron Bundle|[spread] p1a,p1b\n|-supereffective|p1b: Iron Bundle\n|-damage|p1a: Tyranitar|86\/100\n|-damage|p1b: Iron Bundle|55\/100\n|\n|-weather|Sandstorm|[upkeep]\n|-damage|p1b: Iron Bundle|49\/100|[from] Sandstorm\n|upkeep\n|turn|4\n|inactive|Null66 has 30 seconds left.\n|inactive|ML Lacius has 30 seconds left.\n|inactive|ML Lacius has 20 seconds left.\n|\n|t:|1683402172\n|-terastallize|p2a: Arcanine|Water\n|move|p1b: Iron Bundle|Chilling Water|p2b: Ting-Lu\n|-supereffective|p2b: Ting-Lu\n|-damage|p2b: Ting-Lu|79\/100\n|-unboost|p2b: Ting-Lu|atk|1\n|move|p1a: Tyranitar|Dragon Dance|p1a: Tyranitar\n|-boost|p1a: Tyranitar|atk|1\n|-boost|p1a: Tyranitar|spe|1\n|move|p2a: Arcanine|Will-O-Wisp|p1a: Tyranitar\n|-status|p1a: Tyranitar|brn\n|move|p2b: Ting-Lu|Rock Slide|p1a: Tyranitar|[spread] p1a,p1b\n|-supereffective|p1b: Iron Bundle\n|-damage|p1a: Tyranitar|75\/100 brn\n|-damage|p1b: Iron Bundle|20\/100\n|\n|-weather|Sandstorm|[upkeep]\n|-damage|p1b: Iron Bundle|14\/100|[from] Sandstorm\n|-damage|p1a: Tyranitar|70\/100 brn|[from] brn\n|-sideend|p1: Null66|move: Tailwind\n|upkeep\n|turn|5\n|inactive|Null66 has 30 seconds left.\n|inactive|ML Lacius has 30 seconds left.\n|\n|t:|1683402204\n|-end|p1b: Iron Bundle|Quark Drive|[silent]\n|switch|p1b: Corviknight|Corviknight, L50, M|91\/100\n|move|p2a: Arcanine|Protect|p2a: Arcanine\n|-singleturn|p2a: Arcanine|Protect\n|move|p1a: Tyranitar|Rock Slide|p2b: Ting-Lu|[spread] p2b\n|-activate|p2a: Arcanine|move: Protect\n|-resisted|p2b: Ting-Lu\n|-damage|p2b: Ting-Lu|72\/100\n|-damage|p1a: Tyranitar|60\/100 brn|[from] item: Life Orb\n|move|p2b: Ting-Lu|Earthquake|p1a: Tyranitar|[spread] p1a\n|-activate|p2a: Arcanine|move: Protect\n|-immune|p1b: Corviknight\n|-supereffective|p1a: Tyranitar\n|-damage|p1a: Tyranitar|16\/100 brn\n|\n|-weather|none\n|-heal|p1b: Corviknight|97\/100|[from] item: Leftovers\n|-damage|p1a: Tyranitar|11\/100 brn|[from] brn\n|upkeep\n|turn|6\n|inactive|ML Lacius has 30 seconds left.\n|inactive|ML Lacius has 20 seconds left.\n|inactive|ML Lacius has 15 seconds left.\n|inactive|ML Lacius has 10 seconds left.\n|\n|t:|1683402251\n|move|p1a: Tyranitar|Protect|p1a: Tyranitar\n|-singleturn|p1a: Tyranitar|Protect\n|move|p2a: Arcanine|Will-O-Wisp|p1b: Corviknight\n|-status|p1b: Corviknight|brn\n|move|p1b: Corviknight|Brave Bird|p2a: Arcanine\n|-damage|p2a: Arcanine|11\/100\n|-damage|p1b: Corviknight|90\/100 brn|[from] Recoil\n|move|p2b: Ting-Lu|Rock Slide|p1b: Corviknight|[spread] p1b\n|-activate|p1a: Tyranitar|move: Protect\n|-damage|p1b: Corviknight|79\/100 brn\n|\n|-heal|p1b: Corviknight|85\/100 brn|[from] item: Leftovers\n|-damage|p1a: Tyranitar|5\/100 brn|[from] brn\n|-damage|p1b: Corviknight|79\/100 brn|[from] brn\n|upkeep\n|turn|7\n|inactive|ML Lacius has 30 seconds left.\n|inactive|ML Lacius has 20 seconds left.\n|inactive|ML Lacius has 15 seconds left.\n|\n|t:|1683402292\n|switch|p1a: Iron Bundle|Iron Bundle, L50, shiny|14\/100\n|move|p2a: Arcanine|Protect|p2a: Arcanine\n|-singleturn|p2a: Arcanine|Protect\n|move|p1b: Corviknight|Tailwind|p1b: Corviknight\n|-sidestart|p1: Null66|move: Tailwind\n|move|p2b: Ting-Lu|Rock Slide|p1b: Corviknight|[spread] p1b\n|-miss|p2b: Ting-Lu|p1a: Iron Bundle\n|-damage|p1b: Corviknight|69\/100 brn\n|\n|-heal|p1b: Corviknight|75\/100 brn|[from] item: Leftovers\n|-damage|p1b: Corviknight|69\/100 brn|[from] brn\n|upkeep\n|turn|8\n|inactive|Null66 has 30 seconds left.\n|inactive|Null66 has 20 seconds left.\n|inactive|Null66 has 15 seconds left.\n|inactive|Null66 has 10 seconds left.\n|\n|t:|1683402340\n|switch|p2a: Iron Valiant|Iron Valiant, L50|100\/100\n|-enditem|p2a: Iron Valiant|Booster Energy\n|-activate|p2a: Iron Valiant|ability: Quark Drive|[fromitem]\n|-start|p2a: Iron Valiant|quarkdrivespe\n|-terastallize|p1a: Iron Bundle|Steel\n|move|p1a: Iron Bundle|Freeze-Dry|p2a: Iron Valiant\n|-damage|p2a: Iron Valiant|60\/100\n|move|p1b: Corviknight|Bulk Up|p1b: Corviknight\n|-boost|p1b: Corviknight|atk|1\n|-boost|p1b: Corviknight|def|1\n|move|p2b: Ting-Lu|Rock Slide|p1b: Corviknight|[spread] p1a,p1b\n|-resisted|p1a: Iron Bundle\n|-damage|p1a: Iron Bundle|7\/100\n|-damage|p1b: Corviknight|62\/100 brn\n|\n|-heal|p1b: Corviknight|68\/100 brn|[from] item: Leftovers\n|-damage|p1b: Corviknight|62\/100 brn|[from] brn\n|upkeep\n|turn|9\n|inactive|Null66 has 30 seconds left.\n|inactive|Null66 has 20 seconds left.\n|inactive|ML Lacius has 30 seconds left.\n|\n|t:|1683402377\n|-end|p1a: Iron Bundle|Quark Drive|[silent]\n|switch|p1a: Tyranitar|Tyranitar, L50, F|5\/100 brn\n|-weather|Sandstorm|[from] ability: Sand Stream|[of] p1a: Tyranitar\n|move|p2a: Iron Valiant|Protect|p2a: Iron Valiant\n|-singleturn|p2a: Iron Valiant|Protect\n|move|p1b: Corviknight|Brave Bird|p2a: Iron Valiant\n|-activate|p2a: Iron Valiant|move: Protect\n|move|p2b: Ting-Lu|Stomping Tantrum|p1a: Tyranitar\n|-supereffective|p1a: Tyranitar\n|-damage|p1a: Tyranitar|0 fnt\n|faint|p1a: Tyranitar\n|\n|-weather|Sandstorm|[upkeep]\n|-damage|p2a: Iron Valiant|54\/100|[from] Sandstorm\n|-heal|p1b: Corviknight|68\/100 brn|[from] item: Leftovers\n|-damage|p1b: Corviknight|62\/100 brn|[from] brn\n|upkeep\n|\n|t:|1683402393\n|switch|p1a: Iron Bundle|Iron Bundle, L50, shiny, tera:Steel|7\/100\n|turn|10\n|\n|t:|1683402408\n|-end|p2a: Iron Valiant|Quark Drive|[silent]\n|switch|p2a: Arcanine|Arcanine, L50, F, tera:Water|11\/100\n|-ability|p2a: Arcanine|Intimidate|boost\n|-unboost|p1a: Iron Bundle|atk|1\n|-ability|p1b: Corviknight|Mirror Armor\n|-unboost|p2a: Arcanine|atk|1\n|move|p1a: Iron Bundle|Icy Wind|p2b: Ting-Lu|[spread] p2a,p2b\n|-resisted|p2a: Arcanine\n|-supereffective|p2b: Ting-Lu\n|-damage|p2a: Arcanine|3\/100\n|-damage|p2b: Ting-Lu|55\/100\n|-unboost|p2a: Arcanine|spe|1\n|-unboost|p2b: Ting-Lu|spe|1\n|move|p1b: Corviknight|Brave Bird|p2a: Arcanine\n|-damage|p2a: Arcanine|0 fnt\n|faint|p2a: Arcanine\n|-damage|p1b: Corviknight|61\/100 brn|[from] Recoil\n|move|p2b: Ting-Lu|Stomping Tantrum|p1a: Iron Bundle\n|-supereffective|p1a: Iron Bundle\n|-damage|p1a: Iron Bundle|0 fnt\n|faint|p1a: Iron Bundle\n|-end|p1a: Iron Bundle|Quark Drive|[silent]\n|\n|-weather|Sandstorm|[upkeep]\n|-heal|p1b: Corviknight|67\/100 brn|[from] item: Leftovers\n|-damage|p1b: Corviknight|61\/100 brn|[from] brn\n|-sideend|p1: Null66|move: Tailwind\n|upkeep\n|\n|t:|1683402430\n|switch|p1a: Gholdengo|Gholdengo, L50|38\/100\n|switch|p2a: Iron Valiant|Iron Valiant, L50|54\/100\n|turn|11\n|inactive|Null66 has 30 seconds left.\n|inactive|Null66 has 20 seconds left.\n|inactive|Null66 has 15 seconds left.\n|inactive|Null66 has 10 seconds left.\n|\n|t:|1683402476\n|move|p2a: Iron Valiant|Protect|p2a: Iron Valiant\n|-singleturn|p2a: Iron Valiant|Protect\n|move|p1a: Gholdengo|Make It Rain|p2b: Ting-Lu|[spread] p2b\n|-activate|p2a: Iron Valiant|move: Protect\n|-damage|p2b: Ting-Lu|25\/100\n|-unboost|p1a: Gholdengo|spa|1\n|move|p1b: Corviknight|Roost|p1b: Corviknight\n|-heal|p1b: Corviknight|100\/100 brn\n|-singleturn|p1b: Corviknight|move: Roost\n|move|p2b: Ting-Lu|Stomping Tantrum|p1a: Gholdengo\n|-supereffective|p1a: Gholdengo\n|-damage|p1a: Gholdengo|0 fnt\n|faint|p1a: Gholdengo\n|\n|-weather|Sandstorm|[upkeep]\n|-damage|p2a: Iron Valiant|48\/100|[from] Sandstorm\n|-damage|p1b: Corviknight|95\/100 brn|[from] brn\n|upkeep\n|turn|12\n|inactive|ML Lacius has 30 seconds left.\n|\n|t:|1683402507\n|move|p2a: Iron Valiant|Encore|p1b: Corviknight\n|-start|p1b: Corviknight|Encore\n|move|p1b: Corviknight|Roost|p1b: Corviknight\n|-heal|p1b: Corviknight|100\/100 brn\n|-singleturn|p1b: Corviknight|move: Roost\n|move|p2b: Ting-Lu|Stomping Tantrum|p1b: Corviknight\n|-supereffective|p1b: Corviknight\n|-damage|p1b: Corviknight|70\/100 brn\n|\n|-weather|Sandstorm|[upkeep]\n|-damage|p2a: Iron Valiant|42\/100|[from] Sandstorm\n|-heal|p1b: Corviknight|76\/100 brn|[from] item: Leftovers\n|-damage|p1b: Corviknight|70\/100 brn|[from] brn\n|upkeep\n|turn|13\n|\n|t:|1683402521\n|move|p2a: Iron Valiant|Protect|p2a: Iron Valiant\n|-singleturn|p2a: Iron Valiant|Protect\n|move|p1b: Corviknight|Roost|p1b: Corviknight\n|-heal|p1b: Corviknight|100\/100 brn\n|-singleturn|p1b: Corviknight|move: Roost\n|move|p2b: Ting-Lu|Earthquake|p1b: Corviknight|[spread] p1b\n|-activate|p2a: Iron Valiant|move: Protect\n|-supereffective|p1b: Corviknight\n|-damage|p1b: Corviknight|73\/100 brn\n|\n|-weather|none\n|-heal|p1b: Corviknight|79\/100 brn|[from] item: Leftovers\n|-damage|p1b: Corviknight|73\/100 brn|[from] brn\n|upkeep\n|turn|14\n|\n|t:|1683402545\n|move|p2a: Iron Valiant|Close Combat|p1b: Corviknight\n|-damage|p1b: Corviknight|38\/100 brn\n|-unboost|p2a: Iron Valiant|def|1\n|-unboost|p2a: Iron Valiant|spd|1\n|move|p1b: Corviknight|Roost|p1b: Corviknight\n|-heal|p1b: Corviknight|88\/100 brn\n|-singleturn|p1b: Corviknight|move: Roost\n|move|p2b: Ting-Lu|Stomping Tantrum|p1b: Corviknight\n|-supereffective|p1b: Corviknight\n|-damage|p1b: Corviknight|58\/100 brn\n|\n|-heal|p1b: Corviknight|64\/100 brn|[from] item: Leftovers\n|-damage|p1b: Corviknight|58\/100 brn|[from] brn\n|-end|p1b: Corviknight|Encore\n|upkeep\n|turn|15\n|inactive|Null66 has 30 seconds left.\n|inactive|ML Lacius has 30 seconds left.\n|inactive|Null66 has 20 seconds left.\n|\n|t:|1683402568\n|move|p2a: Iron Valiant|Encore|p1b: Corviknight\n|-start|p1b: Corviknight|Encore\n|move|p1b: Corviknight|Roost|p1b: Corviknight\n|-heal|p1b: Corviknight|100\/100 brn\n|-singleturn|p1b: Corviknight|move: Roost\n|move|p2b: Ting-Lu|Stomping Tantrum|p1b: Corviknight\n|-supereffective|p1b: Corviknight\n|-damage|p1b: Corviknight|71\/100 brn\n|\n|-heal|p1b: Corviknight|77\/100 brn|[from] item: Leftovers\n|-damage|p1b: Corviknight|71\/100 brn|[from] brn\n|upkeep\n|turn|16\n|inactive|Null66 has 20 seconds left this turn.\n|inactive|ML Lacius has 30 seconds left this turn.\n|inactive|Null66 has 15 seconds left.\n|inactive|Null66 has 10 seconds left.\n|inactive|ML Lacius has 20 seconds left.\n|inactive|ML Lacius has 15 seconds left.\n|\n|t:|1683402584\n|move|p2a: Iron Valiant|Close Combat|p1b: Corviknight\n|-damage|p1b: Corviknight|34\/100 brn\n|-unboost|p2a: Iron Valiant|def|1\n|-unboost|p2a: Iron Valiant|spd|1\n|move|p1b: Corviknight|Roost|p1b: Corviknight\n|-heal|p1b: Corviknight|84\/100 brn\n|-singleturn|p1b: Corviknight|move: Roost\n|move|p2b: Ting-Lu|Stomping Tantrum|p1b: Corviknight\n|-supereffective|p1b: Corviknight\n|-damage|p1b: Corviknight|58\/100 brn\n|\n|-heal|p1b: Corviknight|64\/100 brn|[from] item: Leftovers\n|-damage|p1b: Corviknight|58\/100 brn|[from] brn\n|upkeep\n|turn|17\n|inactive|Null66 has 10 seconds left this turn.\n|inactive|ML Lacius has 15 seconds left this turn.\n|inactive|Null66 has 5 seconds left.\n|inactive|ML Lacius has 10 seconds left.\n|inactive|ML Lacius has 5 seconds left.\n|-message|Null66 lost due to inactivity.\n|\n|win|ML Lacius\n|raw|Null66's rating: 1309 → 1284<\/strong> (-25 for losing)\n|raw|ML Lacius's rating: 1221 → 1252<\/strong> (+31 for winning)\n","uploadtime":1683402610,"views":27,"p1id":"null66","p2id":"mllacius","formatid":"gen9vgc2023regulationc","rating":1252,"private":0,"password":""}