{"id":"gen9vgc2023regulationc-1862802660","p1":"Jadedragon61","p2":"SwampCorner","format":"[Gen 9] VGC 2023 Regulation C","log":"|j|\u2606Jadedragon61\n|j|\u2606SwampCorner\n|t:|1683923588\n|gametype|doubles\n|player|p1|Jadedragon61|colress-gen7|1358\n|player|p2|SwampCorner|boarder|1391\n|teamsize|p1|6\n|teamsize|p2|6\n|gen|9\n|tier|[Gen 9] VGC 2023 Regulation C\n|rated|\n|rule|Species Clause: Limit one of each Pok\u00e9mon\n|rule|Item Clause: Limit one of each item\n|clearpoke\n|poke|p1|Flutter Mane, L50|\n|poke|p1|Tyranitar, L50, M|\n|poke|p1|Gyarados, L50, F|\n|poke|p1|Amoonguss, L50, M|\n|poke|p1|Chi-Yu, L50|\n|poke|p1|Palafin, L50, F|\n|poke|p2|Great Tusk, L50|\n|poke|p2|Chi-Yu, L50|\n|poke|p2|Flutter Mane, L50|\n|poke|p2|Iron Bundle, L50|\n|poke|p2|Murkrow, L50, M|\n|poke|p2|Roaring Moon, L50|\n|teampreview|4\n|inactive|Battle timer is ON: inactive players will automatically lose when time's up. (requested by SwampCorner)\n|inactive|SwampCorner has 60 seconds left.\n|\n|t:|1683923635\n|start\n|switch|p1a: evil purp|Palafin, L50, F, shiny|100\/100\n|switch|p1b: Fish 3|Flutter Mane, L50, shiny|100\/100\n|switch|p2a: Murkrow|Murkrow, L50, M|100\/100\n|switch|p2b: Flutter Mane|Flutter Mane, L50|100\/100\n|turn|1\n|\n|t:|1683923652\n|detailschange|p1a: evil purp|Palafin-Hero, L50, F, shiny\n|switch|p1a: Fish 2|Gyarados, L50, F, shiny|100\/100\n|-ability|p1a: Fish 2|Intimidate|boost\n|-unboost|p2a: Murkrow|atk|1\n|-unboost|p2b: Flutter Mane|atk|1\n|move|p2a: Murkrow|Tailwind|p2a: Murkrow\n|-sidestart|p2: SwampCorner|move: Tailwind\n|move|p2b: Flutter Mane|Shadow Ball|p1b: Fish 3\n|-supereffective|p1b: Fish 3\n|-damage|p1b: Fish 3|0 fnt\n|faint|p1b: Fish 3\n|-end|p1b: Fish 3|Protosynthesis|[silent]\n|\n|upkeep\n|\n|t:|1683923666\n|switch|p1b: evil purp|Palafin-Hero, L50, F, shiny|100\/100\n|-activate|p1b: evil purp|ability: Zero to Hero\n|turn|2\n|\n|t:|1683923678\n|-end|p2b: Flutter Mane|Protosynthesis|[silent]\n|switch|p2b: Roaring Moon|Roaring Moon, L50|100\/100\n|-terastallize|p1b: evil purp|Water\n|move|p2a: Murkrow|Sunny Day|p2a: Murkrow\n|-weather|SunnyDay\n|-activate|p2b: Roaring Moon|ability: Protosynthesis\n|-start|p2b: Roaring Moon|protosynthesisatk\n|move|p1b: evil purp|Jet Punch|p2b: Roaring Moon\n|-resisted|p2b: Roaring Moon\n|-crit|p2b: Roaring Moon\n|-damage|p2b: Roaring Moon|67\/100\n|move|p1a: Fish 2|Taunt|p2a: Murkrow\n|-start|p2a: Murkrow|move: Taunt\n|\n|-weather|SunnyDay|[upkeep]\n|upkeep\n|turn|3\n|\n|t:|1683923694\n|switch|p1b: Bros a rock|Tyranitar, L50, M, shiny|100\/100\n|-weather|Sandstorm|[from] ability: Sand Stream|[of] p1b: Bros a rock\n|-end|p2b: Roaring Moon|Protosynthesis\n|-terastallize|p2b: Roaring Moon|Dragon\n|move|p2b: Roaring Moon|Outrage|p1a: Fish 2\n|-damage|p1a: Fish 2|0 fnt\n|faint|p1a: Fish 2\n|move|p2a: Murkrow|Foul Play|p1b: Bros a rock\n|-resisted|p1b: Bros a rock\n|-damage|p1b: Bros a rock|79\/100\n|\n|-weather|Sandstorm|[upkeep]\n|-damage|p2b: Roaring Moon|61\/100|[from] Sandstorm\n|-damage|p2a: Murkrow|95\/100|[from] Sandstorm\n|upkeep\n|\n|t:|1683923706\n|switch|p1a: evil purp|Palafin-Hero, L50, F, shiny, tera:Water|100\/100\n|turn|4\n|\n|t:|1683923716\n|move|p1a: evil purp|Protect|p1a: evil purp\n|-singleturn|p1a: evil purp|Protect\n|move|p1b: Bros a rock|Protect|p1b: Bros a rock\n|-singleturn|p1b: Bros a rock|Protect\n|move|p2b: Roaring Moon|Outrage|p1b: Bros a rock|[from]lockedmove\n|-activate|p1b: Bros a rock|move: Protect\n|move|p2a: Murkrow|Foul Play|p1a: evil purp\n|-activate|p1a: evil purp|move: Protect\n|\n|-weather|Sandstorm|[upkeep]\n|-damage|p2b: Roaring Moon|55\/100|[from] Sandstorm\n|-damage|p2a: Murkrow|89\/100|[from] Sandstorm\n|-damage|p1a: evil purp|95\/100|[from] Sandstorm\n|-sideend|p2: SwampCorner|move: Tailwind\n|upkeep\n|turn|5\n|\n|t:|1683923733\n|move|p1a: evil purp|Jet Punch|p2b: Roaring Moon\n|-resisted|p2b: Roaring Moon\n|-damage|p2b: Roaring Moon|16\/100\n|move|p2b: Roaring Moon|Outrage|p1b: Bros a rock\n|-crit|p1b: Bros a rock\n|-damage|p1b: Bros a rock|0 fnt\n|faint|p1b: Bros a rock\n|move|p2a: Murkrow|Foul Play|p1a: evil purp\n|-damage|p1a: evil purp|42\/100\n|\n|-weather|Sandstorm|[upkeep]\n|-damage|p2b: Roaring Moon|10\/100|[from] Sandstorm\n|-damage|p2a: Murkrow|83\/100|[from] Sandstorm\n|-damage|p1a: evil purp|36\/100|[from] Sandstorm\n|-end|p2a: Murkrow|move: Taunt\n|upkeep\n|turn|6\n|\n|t:|1683923748\n|move|p1a: evil purp|Jet Punch|p2b: Roaring Moon\n|-resisted|p2b: Roaring Moon\n|-damage|p2b: Roaring Moon|0 fnt\n|faint|p2b: Roaring Moon\n|-end|p2b: Roaring Moon|Protosynthesis|[silent]\n|move|p2a: Murkrow|Foul Play|p1a: evil purp\n|-damage|p1a: evil purp|0 fnt\n|faint|p1a: evil purp\n|\n|win|SwampCorner\n|raw|Jadedragon61's rating: 1358 → 1340<\/strong> (-18 for losing)\n|raw|SwampCorner's rating: 1391 → 1409<\/strong> (+18 for winning)\n","uploadtime":1683923759,"views":16,"p1id":"jadedragon61","p2id":"swampcorner","formatid":"gen9vgc2023regulationc","rating":1340,"private":0,"password":""}