{"id":"gen9vgc2023regulationc-1860670038","p1":"christianfinity","p2":"Bambambi","format":"[Gen 9] VGC 2023 Regulation C","log":"|j|\u2606christianfinity\n|j|\u2606Bambambi\n|t:|1683664504\n|gametype|doubles\n|player|p1|christianfinity|101|1182\n|player|p2|Bambambi|wallace-gen6|1081\n|teamsize|p1|6\n|teamsize|p2|6\n|gen|9\n|tier|[Gen 9] VGC 2023 Regulation C\n|rated|\n|rule|Species Clause: Limit one of each Pok\u00e9mon\n|rule|Item Clause: Limit one of each item\n|clearpoke\n|poke|p1|Torkoal, L50, F|\n|poke|p1|Lilligant, L50, F|\n|poke|p1|Flutter Mane, L50|\n|poke|p1|Chi-Yu, L50|\n|poke|p1|Great Tusk, L50|\n|poke|p1|Iron Bundle, L50|\n|poke|p2|Flutter Mane, L50|\n|poke|p2|Gothitelle, L50, F|\n|poke|p2|Scream Tail, L50|\n|poke|p2|Chi-Yu, L50|\n|poke|p2|Murkrow, L50, M|\n|poke|p2|Great Tusk, L50|\n|teampreview|4\n|inactive|Battle timer is ON: inactive players will automatically lose when time's up. (requested by christianfinity)\nBambambi has agreed to open team sheets.\n|\n|t:|1683664519\n|start\n|switch|p1a: Chi-Yu|Chi-Yu, L50|100\/100\n|switch|p1b: Iron Bundle|Iron Bundle, L50|100\/100\n|switch|p2a: Mr. God|Murkrow, L50, M, shiny|100\/100\n|switch|p2b: Great Tusk|Great Tusk, L50|100\/100\n|-ability|p1a: Chi-Yu|Beads of Ruin\n|turn|1\n|inactive|christianfinity has 30 seconds left.\n|inactive|Bambambi has 30 seconds left.\n|\n|t:|1683664553\n|-end|p2b: Great Tusk|Protosynthesis|[silent]\n|switch|p2b: Ironmouse|Gothitelle, L50, F, shiny|100\/100\n|move|p2a: Mr. God|Perish Song|p2a: Mr. God\n|-start|p1a: Chi-Yu|perish3|[silent]\n|-start|p1b: Iron Bundle|perish3|[silent]\n|-start|p2a: Mr. God|perish3|[silent]\n|-start|p2b: Ironmouse|perish3|[silent]\n|-fieldactivate|move: Perish Song\n|move|p1b: Iron Bundle|Hydro Pump|p2b: Ironmouse\n|-damage|p2b: Ironmouse|53\/100\n|move|p1a: Chi-Yu|Heat Wave|p2b: Ironmouse|[spread] p2a,p2b\n|-damage|p2a: Mr. God|54\/100\n|-damage|p2b: Ironmouse|12\/100\n|-enditem|p2b: Ironmouse|Sitrus Berry|[eat]\n|-heal|p2b: Ironmouse|37\/100|[from] item: Sitrus Berry\n|\n|-start|p1b: Iron Bundle|perish3\n|-start|p1a: Chi-Yu|perish3\n|-start|p2a: Mr. God|perish3\n|-start|p2b: Ironmouse|perish3\n|upkeep\n|turn|2\n|inactive|Bambambi has 30 seconds left.\n|inactive|Bambambi has 20 seconds left.\n|\n|t:|1683664591\n|-terastallize|p2b: Ironmouse|Steel\n|move|p2b: Ironmouse|Fake Out|p1a: Chi-Yu\n|-damage|p1a: Chi-Yu|92\/100\n|move|p2a: Mr. God|Tailwind|p2a: Mr. God\n|-sidestart|p2: Bambambi|move: Tailwind\n|move|p1b: Iron Bundle|Freeze-Dry|p2a: Mr. God\n|-supereffective|p2a: Mr. God\n|-damage|p2a: Mr. God|0 fnt\n|faint|p2a: Mr. God\n|cant|p1a: Chi-Yu|flinch\n|\n|-start|p2b: Ironmouse|perish2\n|-start|p1b: Iron Bundle|perish2\n|-start|p1a: Chi-Yu|perish2\n|upkeep\n|\n|t:|1683664603\n|switch|p2a: SSJ3 Jiggly|Scream Tail, L50, shiny|100\/100\n|-enditem|p2a: SSJ3 Jiggly|Booster Energy\n|-activate|p2a: SSJ3 Jiggly|ability: Protosynthesis|[fromitem]\n|-start|p2a: SSJ3 Jiggly|protosynthesisspe\n|turn|3\n|\n|t:|1683664611\n|move|p2a: SSJ3 Jiggly|Disable|p1a: Chi-Yu\n|-start|p1a: Chi-Yu|Disable|Heat Wave\n|move|p2b: Ironmouse|Reflect|p2b: Ironmouse\n|-sidestart|p2: Bambambi|Reflect\n|move|p1b: Iron Bundle|Hydro Pump|p2a: SSJ3 Jiggly\n|-damage|p2a: SSJ3 Jiggly|53\/100\n|cant|p1a: Chi-Yu|Disable|Heat Wave\n|\n|-start|p2b: Ironmouse|perish1\n|-start|p1b: Iron Bundle|perish1\n|-start|p1a: Chi-Yu|perish1\n|upkeep\n|turn|4\n|c|\u2606christianfinity|wp\\\n|inactive|Bambambi has 30 seconds left.\n|\n|t:|1683664638\n|move|p2a: SSJ3 Jiggly|Protect|p2a: SSJ3 Jiggly\n|-singleturn|p2a: SSJ3 Jiggly|Protect\n|move|p2b: Ironmouse|Protect|p2b: Ironmouse\n|-singleturn|p2b: Ironmouse|Protect\n|move|p1b: Iron Bundle|Freeze-Dry|p2a: SSJ3 Jiggly\n|-activate|p2a: SSJ3 Jiggly|move: Protect\n|move|p1a: Chi-Yu|Dark Pulse|p2b: Ironmouse\n|-activate|p2b: Ironmouse|move: Protect\n|\n|-start|p2b: Ironmouse|perish0\n|-start|p1b: Iron Bundle|perish0\n|-start|p1a: Chi-Yu|perish0\n|faint|p2b: Ironmouse\n|faint|p1b: Iron Bundle\n|-end|p1b: Iron Bundle|Quark Drive|[silent]\n|faint|p1a: Chi-Yu\n|upkeep\n|\n|t:|1683664641\n|switch|p1b: Torkoal|Torkoal, L50, F|100\/100\n|switch|p1a: Great Tusk|Great Tusk, L50|100\/100\n|switch|p2b: Great Tusk|Great Tusk, L50|100\/100\n|-weather|SunnyDay|[from] ability: Drought|[of] p1b: Torkoal\n|-activate|p2b: Great Tusk|ability: Protosynthesis\n|-start|p2b: Great Tusk|protosynthesisdef\n|-activate|p1a: Great Tusk|ability: Protosynthesis\n|-start|p1a: Great Tusk|protosynthesisatk\n|turn|5\n|inactive|christianfinity has 30 seconds left.\n|\n|t:|1683664671\n|-terastallize|p1b: Torkoal|Fire\n|move|p2a: SSJ3 Jiggly|Protect||[still]\n|-fail|p2a: SSJ3 Jiggly\n|move|p2b: Great Tusk|Earthquake|p1b: Torkoal|[spread] p2a,p1a,p1b\n|-supereffective|p1b: Torkoal\n|-damage|p2a: SSJ3 Jiggly|35\/100\n|-damage|p1a: Great Tusk|76\/100\n|-damage|p1b: Torkoal|53\/100\n|move|p1a: Great Tusk|Headlong Rush|p2b: Great Tusk\n|-damage|p2b: Great Tusk|72\/100\n|-unboost|p1a: Great Tusk|def|1\n|-unboost|p1a: Great Tusk|spd|1\n|move|p1b: Torkoal|Overheat|p2a: SSJ3 Jiggly\n|-damage|p2a: SSJ3 Jiggly|0 fnt\n|-unboost|p1b: Torkoal|spa|2\n|faint|p2a: SSJ3 Jiggly\n|-end|p2a: SSJ3 Jiggly|Protosynthesis|[silent]\n|\n|-weather|SunnyDay|[upkeep]\n|-sideend|p2: Bambambi|move: Tailwind\n|upkeep\n|turn|6\n|inactive|Bambambi has 30 seconds left.\n|\n|t:|1683664703\n|move|p1a: Great Tusk|Headlong Rush|p2b: Great Tusk\n|-damage|p2b: Great Tusk|43\/100\n|-unboost|p1a: Great Tusk|def|1\n|-unboost|p1a: Great Tusk|spd|1\n|move|p2b: Great Tusk|Earthquake|p1a: Great Tusk|[spread] p1a,p1b\n|-supereffective|p1b: Torkoal\n|-damage|p1a: Great Tusk|29\/100\n|-damage|p1b: Torkoal|0 fnt\n|faint|p1b: Torkoal\n|\n|-weather|SunnyDay|[upkeep]\n|upkeep\n|turn|7\n|\n|t:|1683664724\n|move|p1a: Great Tusk|Headlong Rush|p2b: Great Tusk\n|-damage|p2b: Great Tusk|15\/100\n|-unboost|p1a: Great Tusk|def|1\n|-unboost|p1a: Great Tusk|spd|1\n|-enditem|p2b: Great Tusk|Figy Berry|[eat]\n|-heal|p2b: Great Tusk|48\/100|[from] item: Figy Berry\n|move|p2b: Great Tusk|Body Press|p1a: Great Tusk\n|-damage|p1a: Great Tusk|0 fnt\n|faint|p1a: Great Tusk\n|-end|p1a: Great Tusk|Protosynthesis|[silent]\n|\n|win|Bambambi\n|raw|christianfinity's rating: 1182 → 1150<\/strong> (-32 for losing)\n|raw|Bambambi's rating: 1081 → 1117<\/strong> (+36 for winning)\n|l|\u2606christianfinity\n","uploadtime":1683664736,"views":17,"p1id":"christianfinity","p2id":"bambambi","formatid":"gen9vgc2023regulationc","rating":1117,"private":0,"password":""}