{"id":"gen9vgc2023regulationc-1851669752","p1":"General66","p2":"LusciousL","format":"[Gen 9] VGC 2023 Regulation C","log":"|j|\u2606General66\n|j|\u2606LusciousL\n|t:|1682467877\n|gametype|doubles\n|player|p1|General66|jasmine|1204\n|player|p2|LusciousL|266|1110\n|teamsize|p1|6\n|teamsize|p2|6\n|gen|9\n|tier|[Gen 9] VGC 2023 Regulation C\n|rated|\n|rule|Species Clause: Limit one of each Pok\u00e9mon\n|rule|Item Clause: Limit one of each item\n|clearpoke\n|poke|p1|Iron Bundle, L50|\n|poke|p1|Salamence, L50, F|\n|poke|p1|Arcanine, L50, F|\n|poke|p1|Amoonguss, L50, F|\n|poke|p1|Flutter Mane, L50|\n|poke|p1|Ting-Lu, L50|\n|poke|p2|Ting-Lu, L50|\n|poke|p2|Flutter Mane, L50|\n|poke|p2|Arcanine, L50, M|\n|poke|p2|Scream Tail, L50|\n|poke|p2|Gothitelle, L50, M|\n|poke|p2|Amoonguss, L50, F|\n|teampreview|4\n|inactive|Battle timer is ON: inactive players will automatically lose when time's up. (requested by General66)\n|\n|t:|1682467917\n|start\n|switch|p1a: Flutter Mane|Flutter Mane, L50|100\/100\n|switch|p1b: Iron Bundle|Iron Bundle, L50|100\/100\n|switch|p2a: Flutter Mane|Flutter Mane, L50|100\/100\n|switch|p2b: Amoonguss|Amoonguss, L50, F|100\/100\n|-enditem|p1b: Iron Bundle|Booster Energy\n|-activate|p1b: Iron Bundle|ability: Quark Drive|[fromitem]\n|-start|p1b: Iron Bundle|quarkdrivespe\n|turn|1\n|inactive|General66 has 30 seconds left.\n|inactive|LusciousL has 30 seconds left.\n|inactive|LusciousL has 20 seconds left.\n|\n|t:|1682467954\n|-terastallize|p1a: Flutter Mane|Steel\n|move|p1b: Iron Bundle|Taunt|p2b: Amoonguss\n|-start|p2b: Amoonguss|move: Taunt\n|-enditem|p2b: Amoonguss|Mental Herb\n|-end|p2b: Amoonguss|move: Taunt\n|move|p2a: Flutter Mane|Shadow Ball|p1a: Flutter Mane\n|-damage|p1a: Flutter Mane|56\/100\n|move|p1a: Flutter Mane|Shadow Ball|p2a: Flutter Mane\n|-supereffective|p2a: Flutter Mane\n|-damage|p2a: Flutter Mane|9\/100\n|-unboost|p2a: Flutter Mane|spd|1\n|move|p2b: Amoonguss|Spore|p1b: Iron Bundle\n|-status|p1b: Iron Bundle|slp|[from] move: Spore\n|\n|upkeep\n|turn|2\n|inactive|General66 has 30 seconds left.\n|inactive|LusciousL has 30 seconds left.\n|inactive|General66 has 20 seconds left.\n|inactive|LusciousL has 20 seconds left.\n|inactive|General66 has 15 seconds left.\n|\n|t:|1682467997\n|move|p2a: Flutter Mane|Protect|p2a: Flutter Mane\n|-singleturn|p2a: Flutter Mane|Protect\n|move|p1a: Flutter Mane|Protect|p1a: Flutter Mane\n|-singleturn|p1a: Flutter Mane|Protect\n|cant|p1b: Iron Bundle|slp\n|move|p2b: Amoonguss|Spore|p1a: Flutter Mane\n|-activate|p1a: Flutter Mane|move: Protect\n|\n|upkeep\n|turn|3\n|\n|t:|1682468009\n|-end|p2a: Flutter Mane|Protosynthesis|[silent]\n|switch|p2a: Scream Tail|Scream Tail, L50|100\/100\n|-enditem|p2a: Scream Tail|Booster Energy\n|-activate|p2a: Scream Tail|ability: Protosynthesis|[fromitem]\n|-start|p2a: Scream Tail|protosynthesisspe\n|-end|p1a: Flutter Mane|Protosynthesis|[silent]\n|switch|p1a: Arcanine|Arcanine, L50, F|100\/100\n|-ability|p1a: Arcanine|Intimidate|boost\n|-unboost|p2a: Scream Tail|atk|1\n|-unboost|p2b: Amoonguss|atk|1\n|cant|p1b: Iron Bundle|slp\n|move|p2b: Amoonguss|Spore|p1a: Arcanine\n|-activate|p1a: Arcanine|item: Safety Goggles|Spore\n|\n|upkeep\n|turn|4\n|inactive|General66 has 30 seconds left.\n|\n|t:|1682468034\n|switch|p2b: Gothitelle|Gothitelle, L50, M|100\/100\n|move|p2a: Scream Tail|Perish Song|p2a: Scream Tail\n|-start|p1a: Arcanine|perish3|[silent]\n|-start|p1b: Iron Bundle|perish3|[silent]\n|-start|p2a: Scream Tail|perish3|[silent]\n|-start|p2b: Gothitelle|perish3|[silent]\n|-fieldactivate|move: Perish Song\n|-curestatus|p1b: Iron Bundle|slp|[msg]\n|move|p1b: Iron Bundle|Taunt|p2b: Gothitelle\n|-start|p2b: Gothitelle|move: Taunt\n|move|p1a: Arcanine|Flare Blitz|p2a: Scream Tail\n|-damage|p2a: Scream Tail|57\/100\n|-damage|p1a: Arcanine|83\/100|[from] Recoil\n|\n|-start|p2a: Scream Tail|perish3\n|-start|p1b: Iron Bundle|perish3\n|-start|p1a: Arcanine|perish3\n|-start|p2b: Gothitelle|perish3\n|upkeep\n|turn|5\n|inactive|General66 has 30 seconds left.\n|inactive|LusciousL has 30 seconds left.\n|inactive|LusciousL has 20 seconds left.\n|inactive|LusciousL has 15 seconds left.\n|\n|t:|1682468074\n|-end|p2a: Scream Tail|Protosynthesis|[silent]\n|switch|p2a: Amoonguss|Amoonguss, L50, F|100\/100\n|-terastallize|p2b: Gothitelle|Water\n|move|p2b: Gothitelle|Fake Out|p1b: Iron Bundle\n|-damage|p1b: Iron Bundle|95\/100\n|cant|p1b: Iron Bundle|flinch\n|move|p1a: Arcanine|Flare Blitz|p2a: Amoonguss\n|-supereffective|p2a: Amoonguss\n|-damage|p2a: Amoonguss|0 fnt\n|faint|p2a: Amoonguss\n|-damage|p1a: Arcanine|43\/100|[from] Recoil\n|\n|-start|p1b: Iron Bundle|perish2\n|-start|p1a: Arcanine|perish2\n|-start|p2b: Gothitelle|perish2\n|upkeep\n|\n|t:|1682468090\n|switch|p2a: Scream Tail|Scream Tail, L50|57\/100\n|turn|6\n|\n|t:|1682468103\n|move|p2a: Scream Tail|Protect|p2a: Scream Tail\n|-singleturn|p2a: Scream Tail|Protect\n|move|p1b: Iron Bundle|Taunt|p2a: Scream Tail\n|-activate|p2a: Scream Tail|move: Protect\n|move|p1a: Arcanine|Flare Blitz|p2a: Scream Tail\n|-activate|p2a: Scream Tail|move: Protect\n|move|p2b: Gothitelle|Psychic|p1a: Arcanine\n|-damage|p1a: Arcanine|7\/100\n|\n|-end|p2b: Gothitelle|move: Taunt\n|-start|p1b: Iron Bundle|perish1\n|-start|p1a: Arcanine|perish1\n|-start|p2b: Gothitelle|perish1\n|upkeep\n|turn|7\n|inactive|LusciousL has 30 seconds left.\n|inactive|LusciousL has 20 seconds left.\n|inactive|LusciousL has 15 seconds left.\n|\n|t:|1682468144\n|move|p1b: Iron Bundle|Icy Wind|p2a: Scream Tail|[spread] p2a,p2b\n|-resisted|p2b: Gothitelle\n|-damage|p2a: Scream Tail|44\/100\n|-damage|p2b: Gothitelle|94\/100\n|-unboost|p2a: Scream Tail|spe|1\n|-unboost|p2b: Gothitelle|spe|1\n|move|p1a: Arcanine|Flare Blitz|p2a: Scream Tail\n|-damage|p2a: Scream Tail|0 fnt\n|faint|p2a: Scream Tail\n|-end|p2a: Scream Tail|Protosynthesis|[silent]\n|-damage|p1a: Arcanine|0 fnt|[from] Recoil\n|faint|p1a: Arcanine\n|move|p2b: Gothitelle|Heal Pulse|p2: Scream Tail|[notarget]\n|-fail|p2b: Gothitelle\n|\n|-start|p1b: Iron Bundle|perish0\n|-start|p2b: Gothitelle|perish0\n|upkeep\n|faint|p1b: Iron Bundle\n|-end|p1b: Iron Bundle|Quark Drive|[silent]\n|faint|p2b: Gothitelle\n|c|\u2606LusciousL|ggs\n|\n|t:|1682468163\n|switch|p1b: Ting-Lu|Ting-Lu, L50|100\/100\n|switch|p1a: Flutter Mane|Flutter Mane, L50, tera:Steel|56\/100\n|switch|p2b: Flutter Mane|Flutter Mane, L50|9\/100\n|-ability|p1b: Ting-Lu|Vessel of Ruin\n|turn|8\n|c|\u2606General66|ggs\n|-message|LusciousL forfeited.\n|\n|win|General66\n|raw|General66's rating: 1204 → 1222<\/strong> (+18 for winning)\n|raw|LusciousL's rating: 1110 → 1092<\/strong> (-18 for losing)\n|l|\u2606LusciousL\n","uploadtime":1682468226,"views":16,"p1id":"general66","p2id":"lusciousl","formatid":"gen9vgc2023regulationc","rating":1092,"private":0,"password":""}