{"id":"gen9vgc2023regulationc-1849391971","p1":"Nansral26","p2":"TheNamesCologne","format":"[Gen 9] VGC 2023 Regulation C","log":"|j|\u2606Nansral26\n|j|\u2606TheNamesCologne\n|t:|1682193298\n|gametype|doubles\n|player|p1|Nansral26|101|1067\n|player|p2|TheNamesCologne|ghetsis|1086\n|teamsize|p1|6\n|teamsize|p2|6\n|gen|9\n|tier|[Gen 9] VGC 2023 Regulation C\n|rated|\n|rule|Species Clause: Limit one of each Pok\u00e9mon\n|rule|Item Clause: Limit one of each item\n|clearpoke\n|poke|p1|Chien-Pao, L50|\n|poke|p1|Dugtrio, L50, F|\n|poke|p1|Kingambit, L50, F|\n|poke|p1|Copperajah, L50, M|\n|poke|p1|Ting-Lu, L50|\n|poke|p1|Bisharp, L50, M|\n|poke|p2|Ting-Lu, L50|\n|poke|p2|Flutter Mane, L50|\n|poke|p2|Amoonguss, L50, M|\n|poke|p2|Arcanine, L50, F|\n|poke|p2|Palafin, L50, M|\n|poke|p2|Roaring Moon, L50|\n|teampreview|4\nNansral26 has agreed to open team sheets.\n|\n|t:|1682193339\n|start\n|switch|p1a: Chien-Pao|Chien-Pao, L50|100\/100\n|switch|p1b: Copperajah|Copperajah, L50, M|100\/100\n|switch|p2a: Ting-Lu|Ting-Lu, L50|100\/100\n|switch|p2b: Palafin|Palafin, L50, M|100\/100\n|-ability|p1a: Chien-Pao|Sword of Ruin\n|-ability|p2a: Ting-Lu|Vessel of Ruin\n|turn|1\n|\n|t:|1682193361\n|detailschange|p2b: Palafin|Palafin-Hero, L50, M\n|switch|p2b: Amoonguss|Amoonguss, L50, M|100\/100\n|-terastallize|p2a: Ting-Lu|Poison\n|move|p1a: Chien-Pao|Sheer Cold|p2b: Amoonguss|[miss]\n|-miss|p1a: Chien-Pao|p2b: Amoonguss\n|move|p1b: Copperajah|Fissure|p2a: Ting-Lu|[miss]\n|-miss|p1b: Copperajah|p2a: Ting-Lu\n|move|p2a: Ting-Lu|Sand Tomb|p1a: Chien-Pao\n|-damage|p1a: Chien-Pao|86\/100\n|-activate|p1a: Chien-Pao|move: Sand Tomb|[of] p2a: Ting-Lu\n|\n|-damage|p1a: Chien-Pao|73\/100|[from] move: Sand Tomb|[partiallytrapped]\n|upkeep\n|turn|2\n|\n|t:|1682193381\n|move|p1a: Chien-Pao|Sheer Cold|p2b: Amoonguss|[miss]\n|-miss|p1a: Chien-Pao|p2b: Amoonguss\n|move|p1b: Copperajah|Fissure|p2b: Amoonguss\n|-damage|p2b: Amoonguss|0 fnt\n|faint|p2b: Amoonguss\n|-ohko\n|move|p2a: Ting-Lu|Ruination|p1b: Copperajah|[miss]\n|-miss|p2a: Ting-Lu|p1b: Copperajah\n|\n|-damage|p1a: Chien-Pao|61\/100|[from] move: Sand Tomb|[partiallytrapped]\n|upkeep\n|\n|t:|1682193391\n|switch|p2b: Palafin|Palafin-Hero, L50, M|100\/100\n|-activate|p2b: Palafin|ability: Zero to Hero\n|turn|3\n|\n|t:|1682193400\n|move|p2b: Palafin|Jet Punch|p1a: Chien-Pao\n|-damage|p1a: Chien-Pao|8\/100\n|move|p1a: Chien-Pao|Sheer Cold|p2b: Palafin|[miss]\n|-miss|p1a: Chien-Pao|p2b: Palafin\n|move|p1b: Copperajah|Fissure|p2b: Palafin\n|-damage|p2b: Palafin|0 fnt\n|faint|p2b: Palafin\n|-ohko\n|move|p2a: Ting-Lu|Stomping Tantrum|p1b: Copperajah\n|-supereffective|p1b: Copperajah\n|-damage|p1b: Copperajah|0 fnt\n|faint|p1b: Copperajah\n|\n|-damage|p1a: Chien-Pao|0 fnt|[from] move: Sand Tomb|[partiallytrapped]\n|faint|p1a: Chien-Pao\n|upkeep\n|\n|t:|1682193417\n|switch|p1a: Kingambit|Kingambit, L50, F|100\/100\n|switch|p2b: Roaring Moon|Roaring Moon, L50|100\/100\n|switch|p1b: Dugtrio|Dugtrio, L50, F|100\/100\n|-activate|p1a: Kingambit|ability: Supreme Overlord\n|-start|p1a: Kingambit|fallen2|[silent]\n|-enditem|p2b: Roaring Moon|Booster Energy\n|-activate|p2b: Roaring Moon|ability: Protosynthesis|[fromitem]\n|-start|p2b: Roaring Moon|protosynthesisatk\n|turn|4\n|\n|t:|1682193439\n|move|p2b: Roaring Moon|Protect|p2b: Roaring Moon\n|-singleturn|p2b: Roaring Moon|Protect\n|move|p1b: Dugtrio|Fissure|p2b: Roaring Moon\n|-activate|p2b: Roaring Moon|move: Protect\n|move|p1a: Kingambit|Guillotine|p2b: Roaring Moon\n|-activate|p2b: Roaring Moon|move: Protect\n|move|p2a: Ting-Lu|Stomping Tantrum|p1a: Kingambit\n|-supereffective|p1a: Kingambit\n|-damage|p1a: Kingambit|59\/100\n|\n|upkeep\n|turn|5\n|\n|t:|1682193459\n|move|p1b: Dugtrio|Fissure|p2b: Roaring Moon\n|-damage|p2b: Roaring Moon|0 fnt\n|faint|p2b: Roaring Moon\n|-end|p2b: Roaring Moon|Protosynthesis|[silent]\n|-ohko\n|move|p1a: Kingambit|Guillotine|p2a: Ting-Lu|[miss]\n|-miss|p1a: Kingambit|p2a: Ting-Lu\n|move|p2a: Ting-Lu|Stomping Tantrum|p1a: Kingambit\n|-supereffective|p1a: Kingambit\n|-crit|p1a: Kingambit\n|-damage|p1a: Kingambit|0 fnt\n|faint|p1a: Kingambit\n|-end|p1a: Kingambit|fallen2|[silent]\n|\n|upkeep\n|turn|6\n|\n|t:|1682193483\n|move|p1b: Dugtrio|Fissure|p2a: Ting-Lu\n|-damage|p2a: Ting-Lu|0 fnt\n|faint|p2a: Ting-Lu\n|-ohko\n|\n|win|Nansral26\n|raw|Nansral26's rating: 1067 → 1099<\/strong> (+32 for winning)\n|raw|TheNamesCologne's rating: 1086 → 1062<\/strong> (-24 for losing)\n|l|\u2606TheNamesCologne\n","uploadtime":1682193491,"views":9,"p1id":"nansral26","p2id":"thenamescologne","formatid":"gen9vgc2023regulationc","rating":1062,"private":0,"password":""}