{"id":"gen9vgc2023regulationc-1860826405","p1":"shelmerfudd","p2":"BlindMagneton","format":"[Gen 9] VGC 2023 Regulation C","log":"|j|\u2606shelmerfudd\n|j|\u2606BlindMagneton\n|t:|1683682605\n|gametype|doubles\n|player|p1|shelmerfudd|doctor|1171\n|player|p2|BlindMagneton|wattson|1230\n|teamsize|p1|6\n|teamsize|p2|6\n|gen|9\n|tier|[Gen 9] VGC 2023 Regulation C\n|rated|\n|rule|Species Clause: Limit one of each Pok\u00e9mon\n|rule|Item Clause: Limit one of each item\n|clearpoke\n|poke|p1|Gyarados, L50, F|\n|poke|p1|Ting-Lu, L50|\n|poke|p1|Arcanine, L50, F|\n|poke|p1|Amoonguss, L50, F|\n|poke|p1|Flutter Mane, L50|\n|poke|p1|Scizor, L50, M|\n|poke|p2|Iron Bundle, L50|\n|poke|p2|Sandy Shocks, L50|\n|poke|p2|Pelipper, L50, F|\n|poke|p2|Scizor, L50, M|\n|poke|p2|Magnezone, L50|\n|poke|p2|Azumarill, L50, M|\n|teampreview|4\n|\n|t:|1683682693\n|start\n|switch|p1a: Gyarados|Gyarados, L50, F, shiny|100\/100\n|switch|p1b: Amoonguss|Amoonguss, L50, F|100\/100\n|switch|p2a: Sandy Shocks|Sandy Shocks, L50|100\/100\n|switch|p2b: Pelipper|Pelipper, L50, F|100\/100\n|-weather|RainDance|[from] ability: Drizzle|[of] p2b: Pelipper\n|-enditem|p2a: Sandy Shocks|Booster Energy\n|-activate|p2a: Sandy Shocks|ability: Protosynthesis|[fromitem]\n|-start|p2a: Sandy Shocks|protosynthesisspe\n|turn|1\n|inactive|Battle timer is ON: inactive players will automatically lose when time's up. (requested by shelmerfudd)\n|\n|t:|1683682735\n|switch|p2b: Iron Bundle|Iron Bundle, L50|100\/100\n|switch|p1b: Scizor|Scizor, L50, M|100\/100\n|-terastallize|p1a: Gyarados|Flying\n|move|p2a: Sandy Shocks|Electric Terrain|p2a: Sandy Shocks\n|-fieldstart|move: Electric Terrain\n|-activate|p2b: Iron Bundle|ability: Quark Drive\n|-start|p2b: Iron Bundle|quarkdrivespe\n|move|p1a: Gyarados|Tera Blast|p2b: Iron Bundle\n|-damage|p2b: Iron Bundle|26\/100\n|\n|-weather|RainDance|[upkeep]\n|upkeep\n|turn|2\n|inactive|BlindMagneton has 30 seconds left.\n|inactive|BlindMagneton has 20 seconds left.\n|inactive|BlindMagneton has 15 seconds left.\n|\n|t:|1683682776\n|move|p1a: Gyarados|Protect|p1a: Gyarados\n|-singleturn|p1a: Gyarados|Protect\n|move|p1b: Scizor|Bullet Punch|p2b: Iron Bundle\n|-damage|p2b: Iron Bundle|0 fnt\n|faint|p2b: Iron Bundle\n|-end|p2b: Iron Bundle|Quark Drive|[silent]\n|move|p2a: Sandy Shocks|Thunder|p1a: Gyarados\n|-activate|p1a: Gyarados|move: Protect\n|\n|-weather|RainDance|[upkeep]\n|upkeep\n|\n|t:|1683682801\n|switch|p2b: Pelipper|Pelipper, L50, F|100\/100\n|turn|3\n|inactive|shelmerfudd has 30 seconds left.\n|\n|t:|1683682833\n|switch|p1a: Amoonguss|Amoonguss, L50, F|100\/100\n|move|p1b: Scizor|Bullet Punch|p2a: Sandy Shocks\n|-resisted|p2a: Sandy Shocks\n|-damage|p2a: Sandy Shocks|77\/100\n|move|p2a: Sandy Shocks|Thunder|p1b: Scizor\n|-damage|p1b: Scizor|31\/100\n|move|p2b: Pelipper|Hurricane|p1a: Amoonguss\n|-supereffective|p1a: Amoonguss\n|-damage|p1a: Amoonguss|16\/100\n|-start|p1a: Amoonguss|confusion\n|-enditem|p1a: Amoonguss|Sitrus Berry|[eat]\n|-heal|p1a: Amoonguss|41\/100|[from] item: Sitrus Berry\n|\n|-weather|RainDance|[upkeep]\n|upkeep\n|turn|4\n|inactive|BlindMagneton has 30 seconds left.\n|inactive|BlindMagneton has 20 seconds left.\n|\n|t:|1683682870\n|-terastallize|p2a: Sandy Shocks|Grass\n|move|p1b: Scizor|Bullet Punch|p2b: Pelipper\n|-resisted|p2b: Pelipper\n|-damage|p2b: Pelipper|68\/100\n|move|p2a: Sandy Shocks|Thunder|p1b: Scizor\n|-damage|p1b: Scizor|0 fnt\n|faint|p1b: Scizor\n|move|p2b: Pelipper|Hurricane|p1a: Amoonguss\n|-supereffective|p1a: Amoonguss\n|-damage|p1a: Amoonguss|0 fnt\n|faint|p1a: Amoonguss\n|\n|-weather|RainDance|[upkeep]\n|upkeep\n|\n|t:|1683682882\n|switch|p1b: Arcanine|Arcanine, L50, F|100\/100\n|switch|p1a: Gyarados|Gyarados, L50, F, shiny, tera:Flying|100\/100\n|-ability|p1b: Arcanine|Intimidate|boost\n|-unboost|p2a: Sandy Shocks|atk|1\n|-unboost|p2b: Pelipper|atk|1\n|turn|5\n|\n|t:|1683682896\n|move|p1b: Arcanine|Extreme Speed|p2a: Sandy Shocks\n|-damage|p2a: Sandy Shocks|57\/100\n|move|p2a: Sandy Shocks|Gravity|p2a: Sandy Shocks\n|-fieldstart|move: Gravity\n|move|p1a: Gyarados|Tera Blast|p2b: Pelipper\n|-damage|p2b: Pelipper|0 fnt\n|faint|p2b: Pelipper\n|-ability|p1a: Gyarados|Moxie|boost\n|-boost|p1a: Gyarados|atk|1\n|\n|-weather|none\n|-fieldend|move: Electric Terrain\n|upkeep\n|\n|t:|1683682906\n|switch|p2b: Azumarill|Azumarill, L50, M|100\/100\n|turn|6\n|\n|t:|1683682913\n|move|p2b: Azumarill|Aqua Jet|p1b: Arcanine\n|-supereffective|p1b: Arcanine\n|-damage|p1b: Arcanine|26\/100\n|move|p2a: Sandy Shocks|Thunder|p1a: Gyarados\n|-supereffective|p1a: Gyarados\n|-crit|p1a: Gyarados\n|-damage|p1a: Gyarados|0 fnt\n|faint|p1a: Gyarados\n|move|p1b: Arcanine|Will-O-Wisp|p2b: Azumarill\n|-status|p2b: Azumarill|brn\n|\n|-damage|p2b: Azumarill|95\/100 brn|[from] brn\n|upkeep\n|turn|7\n|\n|t:|1683682926\n|move|p2b: Azumarill|Aqua Jet|p1b: Arcanine\n|-supereffective|p1b: Arcanine\n|-crit|p1b: Arcanine\n|-damage|p1b: Arcanine|0 fnt\n|faint|p1b: Arcanine\n|\n|win|BlindMagneton\n|raw|shelmerfudd's rating: 1171 → 1150<\/strong> (-21 for losing)\n|raw|BlindMagneton's rating: 1230 → 1251<\/strong> (+21 for winning)\n|l|\u2606shelmerfudd\n","uploadtime":1683682937,"views":12,"p1id":"shelmerfudd","p2id":"blindmagneton","formatid":"gen9vgc2023regulationc","rating":1150,"private":0,"password":""}