{"id":"gen9vgc2023regulationc-1858857838","p1":"MattManectric","p2":"lol95","format":"[Gen 9] VGC 2023 Regulation C","log":"|j|\u2606MattManectric\n|j|\u2606lol95\n|t:|1683374633\n|gametype|doubles\n|player|p1|MattManectric|266|\n|player|p2|lol95|101|\n|teamsize|p1|6\n|teamsize|p2|6\n|gen|9\n|tier|[Gen 9] VGC 2023 Regulation C\n|rule|Species Clause: Limit one of each Pok\u00e9mon\n|rule|Item Clause: Limit one of each item\n|clearpoke\n|poke|p1|Kingambit, L50, F|\n|poke|p1|Chien-Pao, L50|\n|poke|p1|Great Tusk, L50|\n|poke|p1|Flutter Mane, L50|\n|poke|p1|Jumpluff, L50, F|\n|poke|p1|Torkoal, L50, M|\n|poke|p2|Murkrow, L50, M|\n|poke|p2|Chi-Yu, L50|\n|poke|p2|Flutter Mane, L50|\n|poke|p2|Great Tusk, L50|\n|poke|p2|Brute Bonnet, L50|\n|poke|p2|Corviknight, L50, M|\n|teampreview|4\n|c|\u2606MattManectric|g2\n|j| Greenios\nMattManectric has agreed to open team sheets.\n|j| Sliced bacon\n|\n|t:|1683375170\n|start\n|switch|p1a: Torkoal|Torkoal, L50, M|100\/100\n|switch|p1b: Jumpluff|Jumpluff, L50, F|100\/100\n|switch|p2a: Murkrow|Murkrow, L50, M, shiny|100\/100\n|switch|p2b: Great Tusk|Great Tusk, L50|100\/100\n|-weather|SunnyDay|[from] ability: Drought|[of] p1a: Torkoal\n|-activate|p2b: Great Tusk|ability: Protosynthesis\n|-start|p2b: Great Tusk|protosynthesisatk\n|turn|1\n|\n|t:|1683375217\n|-terastallize|p1b: Jumpluff|Water\n|move|p1a: Torkoal|Protect|p1a: Torkoal\n|-singleturn|p1a: Torkoal|Protect\n|move|p2a: Murkrow|Tailwind|p2a: Murkrow\n|-sidestart|p2: lol95|move: Tailwind\n|move|p2b: Great Tusk|Rock Slide|p1b: Jumpluff|[spread] p1b\n|-activate|p1a: Torkoal|move: Protect\n|-damage|p1b: Jumpluff|68\/100\n|move|p1b: Jumpluff|Tailwind|p1b: Jumpluff\n|-sidestart|p1: MattManectric|move: Tailwind\n|\n|-weather|SunnyDay|[upkeep]\n|upkeep\n|turn|2\n|\n|t:|1683375253\n|move|p1b: Jumpluff|Sleep Powder|p2a: Murkrow\n|-status|p2a: Murkrow|slp|[from] move: Sleep Powder\n|move|p2b: Great Tusk|Rock Slide|p1b: Jumpluff|[spread] p1b\n|-miss|p2b: Great Tusk|p1a: Torkoal\n|-damage|p1b: Jumpluff|31\/100\n|cant|p2a: Murkrow|slp\n|move|p1a: Torkoal|Overheat|p2b: Great Tusk\n|-damage|p2b: Great Tusk|3\/100\n|-unboost|p1a: Torkoal|spa|2\n|-enditem|p1a: Torkoal|Eject Pack\n|\n|t:|1683375264\n|switch|p1a: Flutter Mane|Flutter Mane, L50|100\/100\n|-activate|p1a: Flutter Mane|ability: Protosynthesis\n|-start|p1a: Flutter Mane|protosynthesisspa\n|\n|-weather|SunnyDay|[upkeep]\n|upkeep\n|turn|3\n|\n|t:|1683375291\n|move|p1b: Jumpluff|Leaf Storm|p2b: Great Tusk|[miss]\n|-miss|p1b: Jumpluff|p2b: Great Tusk\n|move|p2b: Great Tusk|Rock Slide|p1b: Jumpluff|[spread] p1a,p1b\n|-damage|p1a: Flutter Mane|50\/100\n|-damage|p1b: Jumpluff|0 fnt\n|faint|p1b: Jumpluff\n|move|p1a: Flutter Mane|Dazzling Gleam|p2a: Murkrow|[spread] p2a,p2b\n|-supereffective|p2a: Murkrow\n|-crit|p2a: Murkrow\n|-supereffective|p2b: Great Tusk\n|-damage|p2a: Murkrow|0 fnt\n|-damage|p2b: Great Tusk|0 fnt\n|faint|p2a: Murkrow\n|faint|p2b: Great Tusk\n|-end|p2b: Great Tusk|Protosynthesis|[silent]\n|\n|-weather|SunnyDay|[upkeep]\n|upkeep\n|\n|t:|1683375312\n|switch|p1b: Torkoal|Torkoal, L50, M|100\/100\n|switch|p2b: Chi-Yu|Chi-Yu, L50|100\/100\n|switch|p2a: Brute Bonnet|Brute Bonnet, L50|100\/100\n|-ability|p2b: Chi-Yu|Beads of Ruin\n|-activate|p2a: Brute Bonnet|ability: Protosynthesis\n|-start|p2a: Brute Bonnet|protosynthesisatk\n|turn|4\n|\n|t:|1683375356\n|-end|p1a: Flutter Mane|Protosynthesis|[silent]\n|switch|p1a: Kingambit|Kingambit, L50, F|100\/100\n|-terastallize|p2a: Brute Bonnet|Fire\n|move|p2a: Brute Bonnet|Sucker Punch||[still]\n|-fail|p2a: Brute Bonnet\n|move|p2b: Chi-Yu|Dark Pulse|p1b: Torkoal\n|-damage|p1b: Torkoal|24\/100\n|-damage|p2b: Chi-Yu|90\/100|[from] item: Life Orb\n|cant|p1b: Torkoal|flinch\n|\n|-weather|SunnyDay|[upkeep]\n|-sideend|p2: lol95|move: Tailwind\n|-sideend|p1: MattManectric|move: Tailwind\n|upkeep\n|turn|5\n|\n|t:|1683375394\n|move|p2b: Chi-Yu|Protect|p2b: Chi-Yu\n|-singleturn|p2b: Chi-Yu|Protect\n|move|p2a: Brute Bonnet|Spore|p1a: Kingambit\n|-status|p1a: Kingambit|slp|[from] move: Spore\n|cant|p1a: Kingambit|slp\n|move|p1b: Torkoal|Yawn|p2a: Brute Bonnet\n|-start|p2a: Brute Bonnet|move: Yawn|[of] p1b: Torkoal\n|\n|-weather|none\n|-end|p2a: Brute Bonnet|Protosynthesis\n|upkeep\n|turn|6\n|\n|t:|1683375423\n|move|p2b: Chi-Yu|Heat Wave|p1b: Torkoal|[spread] p1a,p1b\n|-supereffective|p1a: Kingambit\n|-resisted|p1b: Torkoal\n|-damage|p1a: Kingambit|10\/100 slp\n|-damage|p1b: Torkoal|0 fnt\n|faint|p1b: Torkoal\n|-damage|p2b: Chi-Yu|80\/100|[from] item: Life Orb\n|move|p2a: Brute Bonnet|Spore|p1a: Kingambit\n|-fail|p1a: Kingambit|slp\n|cant|p1a: Kingambit|slp\n|\n|-end|p2a: Brute Bonnet|move: Yawn|[silent]\n|-status|p2a: Brute Bonnet|slp\n|upkeep\n|\n|t:|1683375426\n|switch|p1b: Flutter Mane|Flutter Mane, L50|50\/100\n|turn|7\n|\n|t:|1683375442\n|move|p1b: Flutter Mane|Dazzling Gleam|p2a: Brute Bonnet|[spread] p2a,p2b\n|-resisted|p2a: Brute Bonnet\n|-damage|p2a: Brute Bonnet|71\/100 slp\n|-damage|p2b: Chi-Yu|25\/100\n|move|p2b: Chi-Yu|Heat Wave|p1b: Flutter Mane|[spread] p1a,p1b\n|-supereffective|p1a: Kingambit\n|-damage|p1a: Kingambit|0 fnt\n|-damage|p1b: Flutter Mane|0 fnt\n|faint|p1a: Kingambit\n|faint|p1b: Flutter Mane\n|-end|p1b: Flutter Mane|Protosynthesis|[silent]\n|-damage|p2b: Chi-Yu|15\/100|[from] item: Life Orb\n|\n|win|lol95\n|c|\u2606MattManectric|gg\n|c|\u2606lol95|gg\n|l| Sliced bacon\n|j| ALittleJamieVGC\n|j| Jarshall\n|l| Jarshall\n|j| Sliced bacon\n|l| ALittleJamieVGC\n","uploadtime":1683375461,"views":20,"p1id":"mattmanectric","p2id":"lol95","formatid":"gen9vgc2023regulationc","rating":0,"private":0,"password":""}