{"id":"gen9vgc2023regulationc-1858629128","p1":"greeneggsandtrashh","p2":"Vanquish1211","format":"[Gen 9] VGC 2023 Regulation C","log":"|j|\u2606greeneggsandtrashh\n|j|\u2606Vanquish1211\n|t:|1683334465\n|gametype|doubles\n|player|p1|greeneggsandtrashh|skyla|1302\n|player|p2|Vanquish1211|ghetsis|1284\n|teamsize|p1|6\n|teamsize|p2|6\n|gen|9\n|tier|[Gen 9] VGC 2023 Regulation C\n|rated|\n|rule|Species Clause: Limit one of each Pok\u00e9mon\n|rule|Item Clause: Limit one of each item\n|clearpoke\n|poke|p1|Farigiraf, L50, F|\n|poke|p1|Torkoal, L50, M|\n|poke|p1|Iron Hands, L50|\n|poke|p1|Garganacl, L50, F|\n|poke|p1|Wo-Chien, L50|\n|poke|p1|Flutter Mane, L50|\n|poke|p2|Roaring Moon, L50|\n|poke|p2|Flutter Mane, L50|\n|poke|p2|Chi-Yu, L50|\n|poke|p2|Gyarados, L50, M|\n|poke|p2|Amoonguss, L50, M|\n|poke|p2|Kingambit, L50, F|\n|teampreview|4\nVanquish1211 has agreed to open team sheets.\n|\n|t:|1683334545\n|start\n|switch|p1a: Flutter Mane|Flutter Mane, L50|100\/100\n|switch|p1b: Torkoal|Torkoal, L50, M|100\/100\n|switch|p2a: Amoonguss|Amoonguss, L50, M, shiny|100\/100\n|switch|p2b: Kingambit|Kingambit, L50, F, shiny|100\/100\n|-weather|SunnyDay|[from] ability: Drought|[of] p1b: Torkoal\n|-activate|p1a: Flutter Mane|ability: Protosynthesis\n|-start|p1a: Flutter Mane|protosynthesisspa\n|turn|1\n|\n|t:|1683334577\n|move|p1b: Torkoal|Protect|p1b: Torkoal\n|-singleturn|p1b: Torkoal|Protect\n|move|p1a: Flutter Mane|Mystical Fire|p2a: Amoonguss\n|-supereffective|p2a: Amoonguss\n|-damage|p2a: Amoonguss|19\/100\n|-unboost|p2a: Amoonguss|spa|1\n|-enditem|p2a: Amoonguss|Sitrus Berry|[eat]\n|-heal|p2a: Amoonguss|44\/100|[from] item: Sitrus Berry\n|move|p2b: Kingambit|Iron Head|p1a: Flutter Mane\n|-supereffective|p1a: Flutter Mane\n|-enditem|p1a: Flutter Mane|Focus Sash\n|-damage|p1a: Flutter Mane|1\/100\n|move|p2a: Amoonguss|Spore|p1b: Torkoal\n|-activate|p1b: Torkoal|move: Protect\n|\n|-weather|SunnyDay|[upkeep]\n|upkeep\n|turn|2\n|\n|t:|1683334597\n|-end|p1a: Flutter Mane|Protosynthesis|[silent]\n|switch|p1a: Iron Hands|Iron Hands, L50|100\/100\n|switch|p1b: Garganacl|Garganacl, L50, F|100\/100\n|move|p2b: Kingambit|Sucker Punch||[still]\n|-fail|p2b: Kingambit\n|move|p2a: Amoonguss|Spore|p1b: Garganacl\n|-immune|p1b: Garganacl|[from] ability: Purifying Salt\n|\n|-weather|SunnyDay|[upkeep]\n|upkeep\n|turn|3\n|\n|t:|1683334621\n|switch|p2b: Flutter Mane|Flutter Mane, L50, shiny|100\/100\n|-activate|p2b: Flutter Mane|ability: Protosynthesis\n|-start|p2b: Flutter Mane|protosynthesisspa\n|switch|p2a: Chi-Yu|Chi-Yu, L50|100\/100\n|-ability|p2a: Chi-Yu|Beads of Ruin\n|move|p1a: Iron Hands|Fake Out|p2a: Chi-Yu\n|-damage|p2a: Chi-Yu|83\/100\n|move|p1b: Garganacl|Salt Cure|p2a: Chi-Yu\n|-supereffective|p2a: Chi-Yu\n|-damage|p2a: Chi-Yu|46\/100\n|-start|p2a: Chi-Yu|Salt Cure\n|\n|-weather|SunnyDay|[upkeep]\n|-heal|p2a: Chi-Yu|52\/100|[from] item: Leftovers\n|-damage|p2a: Chi-Yu|39\/100|[from] Salt Cure\n|upkeep\n|turn|4\n|\n|t:|1683334666\n|-terastallize|p2b: Flutter Mane|Fairy\n|move|p1b: Garganacl|Wide Guard|p1b: Garganacl\n|-singleturn|p1b: Garganacl|Wide Guard\n|move|p2b: Flutter Mane|Moonblast|p1a: Iron Hands\n|-supereffective|p1a: Iron Hands\n|-damage|p1a: Iron Hands|0 fnt\n|faint|p1a: Iron Hands\n|-end|p1a: Iron Hands|Quark Drive|[silent]\n|move|p2a: Chi-Yu|Heat Wave|p1b: Garganacl\n|-activate|p1b: Garganacl|move: Wide Guard\n|\n|-weather|SunnyDay|[upkeep]\n|-heal|p2a: Chi-Yu|46\/100|[from] item: Leftovers\n|-damage|p2a: Chi-Yu|33\/100|[from] Salt Cure\n|upkeep\n|\n|t:|1683334697\n|switch|p1a: Torkoal|Torkoal, L50, M|100\/100\n|turn|5\n|\n|t:|1683334706\n|move|p1b: Garganacl|Wide Guard|p1b: Garganacl\n|-singleturn|p1b: Garganacl|Wide Guard\n|move|p2b: Flutter Mane|Moonblast|p1a: Torkoal\n|-resisted|p1a: Torkoal\n|-damage|p1a: Torkoal|0 fnt\n|faint|p1a: Torkoal\n|move|p2a: Chi-Yu|Dark Pulse|p1b: Garganacl\n|-damage|p1b: Garganacl|60\/100\n|\n|-weather|none\n|-end|p2b: Flutter Mane|Protosynthesis\n|-heal|p2a: Chi-Yu|39\/100|[from] item: Leftovers\n|-damage|p2a: Chi-Yu|27\/100|[from] Salt Cure\n|upkeep\n|-message|greeneggsandtrashh forfeited.\n|\n|win|Vanquish1211\n|raw|greeneggsandtrashh's rating: 1302 → 1281<\/strong> (-21 for losing)\n|raw|Vanquish1211's rating: 1284 → 1310<\/strong> (+26 for winning)\n|l|\u2606greeneggsandtrashh\n","uploadtime":1683334727,"views":19,"p1id":"greeneggsandtrashh","p2id":"vanquish1211","formatid":"gen9vgc2023regulationc","rating":1281,"private":0,"password":""}