{"id":"gen9vgc2023regulationc-1861015113","p1":"p1easegoeasyonme","p2":"Just Crit And Win","format":"[Gen 9] VGC 2023 Regulation C","log":"|j|\u2606p1easegoeasyonme\n|j|\u2606Just Crit And Win\n|t:|1683714651\n|gametype|doubles\n|player|p1|p1easegoeasyonme|101|1059\n|player|p2|Just Crit And Win|1|1062\n|teamsize|p1|6\n|teamsize|p2|6\n|gen|9\n|tier|[Gen 9] VGC 2023 Regulation C\n|rated|\n|rule|Species Clause: Limit one of each Pok\u00e9mon\n|rule|Item Clause: Limit one of each item\n|clearpoke\n|poke|p1|Goodra, L50, F|\n|poke|p1|Wo-Chien, L50|\n|poke|p1|Volcarona, L50, F|\n|poke|p1|Ting-Lu, L50|\n|poke|p1|Flutter Mane, L50|\n|poke|p1|Gyarados, L50, M|\n|poke|p2|Flutter Mane, L50|\n|poke|p2|Arcanine, L50, M|\n|poke|p2|Palafin, L50, F|\n|poke|p2|Chien-Pao, L50|\n|poke|p2|Great Tusk, L50|\n|poke|p2|Amoonguss, L50, M|\n|teampreview|4\nJust Crit And Win has agreed to open team sheets.\np1easegoeasyonme has agreed to open team sheets.\n|\n|t:|1683714738\n|start\n|switch|p1a: Volcarona|Volcarona, L50, F|100\/100\n|switch|p1b: Flutter Mane|Flutter Mane, L50|100\/100\n|switch|p2a: Flutter Mane|Flutter Mane, L50|100\/100\n|switch|p2b: Palafin|Palafin, L50, F|100\/100\n|-enditem|p2a: Flutter Mane|Booster Energy\n|-activate|p2a: Flutter Mane|ability: Protosynthesis|[fromitem]\n|-start|p2a: Flutter Mane|protosynthesisspa\n|-enditem|p1b: Flutter Mane|Booster Energy\n|-activate|p1b: Flutter Mane|ability: Protosynthesis|[fromitem]\n|-start|p1b: Flutter Mane|protosynthesisspa\n|turn|1\n|\n|t:|1683714769\n|-terastallize|p2b: Palafin|Water\n|move|p2a: Flutter Mane|Protect|p2a: Flutter Mane\n|-singleturn|p2a: Flutter Mane|Protect\n|move|p1b: Flutter Mane|Protect|p1b: Flutter Mane\n|-singleturn|p1b: Flutter Mane|Protect\n|move|p2b: Palafin|Wave Crash|p1b: Flutter Mane\n|-activate|p1b: Flutter Mane|move: Protect\n|move|p1a: Volcarona|Struggle Bug|p2a: Flutter Mane|[spread] p2b\n|-activate|p2a: Flutter Mane|move: Protect\n|-damage|p2b: Palafin|79\/100\n|-unboost|p2b: Palafin|spa|1\n|\n|upkeep\n|turn|2\n|\n|t:|1683714816\n|-end|p1b: Flutter Mane|Protosynthesis|[silent]\n|switch|p1b: Gyarados|Gyarados, L50, M|100\/100\n|-ability|p1b: Gyarados|Intimidate|boost\n|-unboost|p2a: Flutter Mane|atk|1\n|-unboost|p2b: Palafin|atk|1\n|detailschange|p2b: Palafin|Palafin-Hero, L50, F, tera:Water\n|switch|p2b: Amoonguss|Amoonguss, L50, M|100\/100\n|move|p2a: Flutter Mane|Shadow Ball|p1b: Gyarados\n|-damage|p1b: Gyarados|47\/100\n|move|p1a: Volcarona|Quiver Dance|p1a: Volcarona\n|-boost|p1a: Volcarona|spa|1\n|-boost|p1a: Volcarona|spd|1\n|-boost|p1a: Volcarona|spe|1\n|\n|upkeep\n|turn|3\n|\n|t:|1683714843\n|move|p1a: Volcarona|Heat Wave|p2b: Amoonguss|[spread] p2a,p2b\n|-supereffective|p2b: Amoonguss\n|-damage|p2a: Flutter Mane|56\/100\n|-damage|p2b: Amoonguss|16\/100\n|-status|p2a: Flutter Mane|brn\n|move|p2a: Flutter Mane|Substitute|p2a: Flutter Mane\n|-start|p2a: Flutter Mane|Substitute\n|-damage|p2a: Flutter Mane|31\/100 brn\n|move|p1b: Gyarados|Dragon Dance|p1b: Gyarados\n|-boost|p1b: Gyarados|atk|1\n|-boost|p1b: Gyarados|spe|1\n|move|p2b: Amoonguss|Spore|p1a: Volcarona\n|-status|p1a: Volcarona|slp|[from] move: Spore\n|\n|-damage|p2a: Flutter Mane|25\/100 brn|[from] brn\n|upkeep\n|turn|4\n|\n|t:|1683714863\n|move|p1b: Gyarados|Protect|p1b: Gyarados\n|-singleturn|p1b: Gyarados|Protect\n|cant|p1a: Volcarona|slp\n|move|p2a: Flutter Mane|Moonblast|p1b: Gyarados\n|-activate|p1b: Gyarados|move: Protect\n|move|p2b: Amoonguss|Pollen Puff|p2a: Flutter Mane\n|-heal|p2a: Flutter Mane|75\/100 brn\n|\n|-damage|p2a: Flutter Mane|69\/100 brn|[from] brn\n|upkeep\n|turn|5\n|\n|t:|1683714888\n|move|p2b: Amoonguss|Rage Powder|p2b: Amoonguss\n|-singleturn|p2b: Amoonguss|move: Rage Powder\n|move|p1b: Gyarados|Waterfall|p2b: Amoonguss\n|-resisted|p2b: Amoonguss\n|-damage|p2b: Amoonguss|0 fnt\n|faint|p2b: Amoonguss\n|cant|p1a: Volcarona|slp\n|move|p2a: Flutter Mane|Moonblast|p1b: Gyarados\n|-damage|p1b: Gyarados|0 fnt\n|faint|p1b: Gyarados\n|\n|-damage|p2a: Flutter Mane|63\/100 brn|[from] brn\n|upkeep\n|\n|t:|1683714903\n|switch|p1b: Wo-Chien|Wo-Chien, L50|100\/100\n|switch|p2b: Palafin|Palafin-Hero, L50, F, tera:Water|79\/100\n|-activate|p2b: Palafin|ability: Zero to Hero\n|-ability|p1b: Wo-Chien|Tablets of Ruin\n|turn|6\n|\n|t:|1683714929\n|cant|p1a: Volcarona|slp\n|move|p2a: Flutter Mane|Moonblast|p1a: Volcarona\n|-resisted|p1a: Volcarona\n|-damage|p1a: Volcarona|80\/100 slp\n|move|p2b: Palafin|Wave Crash|p1a: Volcarona\n|-supereffective|p1a: Volcarona\n|-damage|p1a: Volcarona|0 fnt\n|faint|p1a: Volcarona\n|-damage|p2b: Palafin|55\/100|[from] Recoil\n|move|p1b: Wo-Chien|Leech Seed|p2b: Palafin\n|-start|p2b: Palafin|move: Leech Seed\n|\n|-damage|p2b: Palafin|42\/100|[from] Leech Seed|[of] p1b: Wo-Chien\n|-damage|p2a: Flutter Mane|58\/100 brn|[from] brn\n|upkeep\n|\n|t:|1683714946\n|switch|p1a: Flutter Mane|Flutter Mane, L50|100\/100\n|turn|7\n|\n|t:|1683714968\n|move|p2a: Flutter Mane|Protect|p2a: Flutter Mane\n|-singleturn|p2a: Flutter Mane|Protect\n|move|p2b: Palafin|Jet Punch|p1a: Flutter Mane\n|-damage|p1a: Flutter Mane|16\/100\n|move|p1a: Flutter Mane|Substitute|p1a: Flutter Mane\n|-fail|p1a: Flutter Mane|move: Substitute|[weak]\n|move|p1b: Wo-Chien|Knock Off|p2a: Flutter Mane\n|-activate|p2a: Flutter Mane|move: Protect\n|\n|-damage|p2b: Palafin|30\/100|[from] Leech Seed|[of] p1b: Wo-Chien\n|-damage|p2a: Flutter Mane|52\/100 brn|[from] brn\n|upkeep\n|turn|8\n|-message|p1easegoeasyonme forfeited.\n|\n|win|Just Crit And Win\n|raw|p1easegoeasyonme's rating: 1059 → 1040<\/strong> (-19 for losing)\n|raw|Just Crit And Win's rating: 1062 → 1092<\/strong> (+30 for winning)\n|l|\u2606p1easegoeasyonme\n","uploadtime":1683714978,"views":14,"p1id":"p1easegoeasyonme","p2id":"justcritandwin","formatid":"gen9vgc2023regulationc","rating":1040,"private":0,"password":""}