{"id":"gen9vgc2023regulationc-1851003773","p1":"hayden2788","p2":"SapphicAshley","format":"[Gen 9] VGC 2023 Regulation C","log":"|j|\u2606hayden2788\n|j|\u2606SapphicAshley\n|t:|1682392720\n|gametype|doubles\n|player|p1|hayden2788|acetrainer-gen4dp|1113\n|player|p2|SapphicAshley|cynthia|1122\n|teamsize|p1|6\n|teamsize|p2|6\n|gen|9\n|tier|[Gen 9] VGC 2023 Regulation C\n|rated|\n|rule|Species Clause: Limit one of each Pok\u00e9mon\n|rule|Item Clause: Limit one of each item\n|clearpoke\n|poke|p1|Grimmsnarl, L50, M|\n|poke|p1|Arcanine, L50, F|\n|poke|p1|Flutter Mane, L50|\n|poke|p1|Talonflame, L50, M|\n|poke|p1|Amoonguss, L50, F|\n|poke|p1|Iron Bundle, L50|\n|poke|p2|Dragapult, L50, M|\n|poke|p2|Azumarill, L50, M|\n|poke|p2|Arcanine, L50, M|\n|poke|p2|Chien-Pao, L50|\n|poke|p2|Flutter Mane, L50|\n|poke|p2|Amoonguss, L50, F|\n|teampreview|4\nSapphicAshley has agreed to open team sheets.\n|inactive|Battle timer is ON: inactive players will automatically lose when time's up. (requested by hayden2788)\n|inactive|hayden2788 has 60 seconds left.\n|inactive|SapphicAshley has 60 seconds left.\n|\n|t:|1682392774\n|start\n|switch|p1a: Grimmsnarl|Grimmsnarl, L50, M|100\/100\n|switch|p1b: Talonflame|Talonflame, L50, M|100\/100\n|switch|p2a: Arcanine|Arcanine, L50, M|100\/100\n|switch|p2b: Azumarill|Azumarill, L50, M|100\/100\n|-ability|p2a: Arcanine|Intimidate|boost\n|-unboost|p1a: Grimmsnarl|atk|1\n|-unboost|p1b: Talonflame|atk|1\n|turn|1\n|\n|t:|1682392796\n|move|p2a: Arcanine|Extreme Speed|p1b: Talonflame\n|-damage|p1b: Talonflame|69\/100\n|move|p1a: Grimmsnarl|Reflect|p1a: Grimmsnarl\n|-sidestart|p1: hayden2788|Reflect\n|move|p2b: Azumarill|Aqua Jet|p1b: Talonflame\n|-supereffective|p1b: Talonflame\n|-crit|p1b: Talonflame\n|-damage|p1b: Talonflame|0 fnt\n|faint|p1b: Talonflame\n|\n|upkeep\n|\n|t:|1682392817\n|switch|p1b: Iron Bundle|Iron Bundle, L50|100\/100\n|turn|2\n|\n|t:|1682392841\n|-terastallize|p2b: Azumarill|Fairy\n|move|p1a: Grimmsnarl|Fake Tears|p2a: Arcanine\n|-unboost|p2a: Arcanine|spd|2\n|move|p1b: Iron Bundle|Hydro Pump|p2a: Arcanine\n|-supereffective|p2a: Arcanine\n|-damage|p2a: Arcanine|0 fnt\n|faint|p2a: Arcanine\n|-damage|p1b: Iron Bundle|91\/100|[from] item: Life Orb\n|move|p2b: Azumarill|Play Rough|p1a: Grimmsnarl\n|-supereffective|p1a: Grimmsnarl\n|-damage|p1a: Grimmsnarl|0 fnt\n|faint|p1a: Grimmsnarl\n|\n|upkeep\n|\n|t:|1682392857\n|switch|p2a: Dragapult|Dragapult, L50, M, shiny|100\/100\n|switch|p1a: Amoonguss|Amoonguss, L50, F|100\/100\n|turn|3\n|\n|t:|1682392874\n|move|p1a: Amoonguss|Rage Powder|p1a: Amoonguss\n|-singleturn|p1a: Amoonguss|move: Rage Powder\n|move|p2a: Dragapult|Phantom Force||[still]\n|-prepare|p2a: Dragapult|Phantom Force\n|move|p1b: Iron Bundle|Icy Wind|p2a: Dragapult|[spread] p2b\n|-miss|p1b: Iron Bundle|p2a: Dragapult\n|-damage|p2b: Azumarill|83\/100\n|-unboost|p2b: Azumarill|spe|1\n|-damage|p1b: Iron Bundle|81\/100|[from] item: Life Orb\n|move|p2b: Azumarill|Ice Spinner|p1a: Amoonguss\n|-supereffective|p1a: Amoonguss\n|-damage|p1a: Amoonguss|51\/100\n|\n|upkeep\n|turn|4\n|\n|t:|1682392899\n|move|p1a: Amoonguss|Rage Powder|p1a: Amoonguss\n|-singleturn|p1a: Amoonguss|move: Rage Powder\n|move|p2a: Dragapult|Phantom Force|p1a: Amoonguss|[from]lockedmove\n|-damage|p1a: Amoonguss|12\/100\n|-enditem|p1a: Amoonguss|Aguav Berry|[eat]\n|-heal|p1a: Amoonguss|45\/100|[from] item: Aguav Berry\n|-damage|p2a: Dragapult|91\/100|[from] item: Life Orb\n|move|p1b: Iron Bundle|Hydro Pump|p2b: Azumarill|[miss]\n|-miss|p1b: Iron Bundle|p2b: Azumarill\n|move|p2b: Azumarill|Ice Spinner|p1a: Amoonguss\n|-supereffective|p1a: Amoonguss\n|-damage|p1a: Amoonguss|0 fnt\n|faint|p1a: Amoonguss\n|\n|upkeep\n|turn|5\n|\n|t:|1682392916\n|move|p2a: Dragapult|Phantom Force||[still]\n|-prepare|p2a: Dragapult|Phantom Force\n|move|p1b: Iron Bundle|Hydro Pump|p2b: Azumarill\n|-damage|p2b: Azumarill|30\/100\n|-damage|p1b: Iron Bundle|71\/100|[from] item: Life Orb\n|move|p2b: Azumarill|Play Rough|p1b: Iron Bundle\n|-damage|p1b: Iron Bundle|10\/100\n|\n|upkeep\n|turn|6\n|c|\u2606hayden2788|gg\n|\n|t:|1682392927\n|move|p1b: Iron Bundle|Protect|p1b: Iron Bundle\n|-singleturn|p1b: Iron Bundle|Protect\n|move|p2b: Azumarill|Aqua Jet|p1b: Iron Bundle\n|-activate|p1b: Iron Bundle|move: Protect\n|move|p2a: Dragapult|Phantom Force|p1b: Iron Bundle|[from]lockedmove\n|-activate|p1b: Iron Bundle|move: Phantom Force|[broken]\n|-damage|p1b: Iron Bundle|0 fnt\n|faint|p1b: Iron Bundle\n|-end|p1b: Iron Bundle|Quark Drive|[silent]\n|-damage|p2a: Dragapult|81\/100|[from] item: Life Orb\n|\n|win|SapphicAshley\n|raw|hayden2788's rating: 1113 → 1089<\/strong> (-24 for losing)\n|raw|SapphicAshley's rating: 1122 → 1146<\/strong> (+24 for winning)\n|c|\u2606SapphicAshley|gg\n","uploadtime":1682392943,"views":10,"p1id":"hayden2788","p2id":"sapphicashley","formatid":"gen9vgc2023regulationc","rating":1089,"private":0,"password":""}