{"id":"gen9vgc2023regulationc-1845516137","p1":"Mikralas","p2":"darigodius","format":"[Gen 9] VGC 2023 Regulation C","log":"|j|\u2606Mikralas\n|j|\u2606darigodius\n|t:|1681741237\n|gametype|doubles\n|player|p1|Mikralas|emmet|1088\n|player|p2|darigodius|volkner|1033\n|teamsize|p1|6\n|teamsize|p2|6\n|gen|9\n|tier|[Gen 9] VGC 2023 Regulation C\n|rated|\n|rule|Species Clause: Limit one of each Pok\u00e9mon\n|rule|Item Clause: Limit one of each item\n|clearpoke\n|poke|p1|Ampharos, L50, M|\n|poke|p1|Breloom, L50, M|\n|poke|p1|Gardevoir, L50, F|\n|poke|p1|Ceruledge, L50, F|\n|poke|p1|Gyarados, L50, M|\n|poke|p1|Toxtricity-Low-Key, L50, F|\n|poke|p2|Abomasnow, L50, M|\n|poke|p2|Chi-Yu, L50|\n|poke|p2|Baxcalibur, L50, M|\n|poke|p2|Dachsbun, L50, M|\n|poke|p2|Flutter Mane, L50|\n|poke|p2|Gastrodon-East, L50, M|\n|teampreview|4\n|inactive|Battle timer is ON: inactive players will automatically lose when time's up. (requested by darigodius)\n|inactive|Mikralas has 60 seconds left.\n|inactive|darigodius has 60 seconds left.\n|\n|t:|1681741292\n|start\n|switch|p1a: Breloom|Breloom, L50, M|100\/100\n|switch|p1b: Gyarados|Gyarados, L50, M|100\/100\n|switch|p2a: Abomasnow|Abomasnow, L50, M|100\/100\n|switch|p2b: Baxcalibur|Baxcalibur, L50, M|100\/100\n|-ability|p1b: Gyarados|Intimidate|boost\n|-unboost|p2a: Abomasnow|atk|1\n|-fail|p2b: Baxcalibur|unboost|[from] item: Clear Amulet|[of] p2b: Baxcalibur\n|-weather|Snow|[from] ability: Snow Warning|[of] p2a: Abomasnow\n|turn|1\n|inactive|darigodius has 30 seconds left.\n|inactive|darigodius has 20 seconds left.\n|inactive|darigodius has 15 seconds left.\n|inactive|darigodius has 10 seconds left.\n|\n|t:|1681741342\n|-terastallize|p1a: Breloom|Fighting\n|move|p2b: Baxcalibur|Protect|p2b: Baxcalibur\n|-singleturn|p2b: Baxcalibur|Protect\n|move|p1b: Gyarados|Thunder Wave|p2a: Abomasnow\n|-status|p2a: Abomasnow|par\n|move|p1a: Breloom|Brick Break|p2b: Baxcalibur\n|-activate|p2b: Baxcalibur|move: Protect\n|move|p2a: Abomasnow|Icy Wind|p1b: Gyarados|[spread] p1a,p1b\n|-damage|p1a: Breloom|82\/100\n|-damage|p1b: Gyarados|90\/100\n|-unboost|p1a: Breloom|spe|1\n|-unboost|p1b: Gyarados|spe|1\n|\n|-weather|Snow|[upkeep]\n|upkeep\n|turn|2\n|inactive|darigodius has 30 seconds left.\n|inactive|darigodius has 20 seconds left.\n|inactive|darigodius has 15 seconds left.\n|inactive|darigodius has 10 seconds left.\n|inactive|darigodius has 5 seconds left.\n|\n|t:|1681741397\n|move|p2b: Baxcalibur|Glaive Rush|p1b: Gyarados\n|-damage|p1b: Gyarados|16\/100\n|-singlemove|p2b: Baxcalibur|Glaive Rush|[silent]\n|-damage|p2b: Baxcalibur|84\/100|[from] item: Rocky Helmet|[of] p1b: Gyarados\n|move|p1b: Gyarados|Thunder Wave|p2b: Baxcalibur\n|-status|p2b: Baxcalibur|par\n|move|p1a: Breloom|Bulk Up|p1a: Breloom\n|-boost|p1a: Breloom|atk|1\n|-boost|p1a: Breloom|def|1\n|move|p2a: Abomasnow|Blizzard|p1b: Gyarados|[spread] p1a,p1b\n|-damage|p1a: Breloom|44\/100\n|-damage|p1b: Gyarados|0 fnt\n|-status|p1a: Breloom|frz\n|faint|p1b: Gyarados\n|\n|-weather|Snow|[upkeep]\n|upkeep\n|\n|t:|1681741415\n|switch|p1b: Ceruledge|Ceruledge, L50, F|100\/100\n|turn|3\n|\n|t:|1681741425\n|move|p2b: Baxcalibur|Protect|p2b: Baxcalibur\n|-singleturn|p2b: Baxcalibur|Protect\n|move|p1b: Ceruledge|Bitter Blade|p2b: Baxcalibur\n|-activate|p2b: Baxcalibur|move: Protect\n|cant|p1a: Breloom|frz\n|move|p2a: Abomasnow|Earth Power|p1b: Ceruledge\n|-supereffective|p1b: Ceruledge\n|-damage|p1b: Ceruledge|61\/100\n|-unboost|p1b: Ceruledge|spd|1\n|\n|-weather|Snow|[upkeep]\n|upkeep\n|turn|4\n|\n|t:|1681741445\n|-terastallize|p2b: Baxcalibur|Water\n|move|p1b: Ceruledge|Bitter Blade|p2a: Abomasnow\n|-supereffective|p2a: Abomasnow\n|-damage|p2a: Abomasnow|0 fnt\n|-heal|p1b: Ceruledge|100\/100|[from] drain|[of] p2a: Abomasnow\n|faint|p2a: Abomasnow\n|-damage|p1b: Ceruledge|91\/100|[from] item: Life Orb\n|cant|p1a: Breloom|frz\n|cant|p2b: Baxcalibur|par\n|\n|-weather|Snow|[upkeep]\n|upkeep\n|\n|t:|1681741459\n|switch|p2a: Chi-Yu|Chi-Yu, L50|100\/100\n|-ability|p2a: Chi-Yu|Beads of Ruin\n|turn|5\n|inactive|darigodius has 30 seconds left.\n|\n|t:|1681741485\n|move|p2a: Chi-Yu|Lava Plume|p1b: Ceruledge|[spread] p2b,p1a\n|-start|p1b: Ceruledge|ability: Flash Fire\n|-resisted|p2b: Baxcalibur\n|-damage|p2b: Baxcalibur|65\/100 par\n|-damage|p1a: Breloom|0 fnt\n|-ability|p2b: Baxcalibur|Thermal Exchange|boost\n|-boost|p2b: Baxcalibur|atk|1\n|faint|p1a: Breloom\n|move|p1b: Ceruledge|Destiny Bond|p1b: Ceruledge\n|-singlemove|p1b: Ceruledge|Destiny Bond\n|cant|p2b: Baxcalibur|par\n|\n|-weather|none\n|upkeep\n|\n|t:|1681741496\n|switch|p1a: Amphos|Ampharos, L50, M|100\/100\n|turn|6\n|\n|t:|1681741511\n|move|p1b: Ceruledge|Ally Switch|p1b: Ceruledge\n|swap|p1b: Ceruledge|0|[from] move: Ally Switch\n|move|p2a: Chi-Yu|Lava Plume|p1b: Amphos|[spread] p2b,p1b\n|-immune|p1a: Ceruledge|[from] ability: Flash Fire\n|-resisted|p2b: Baxcalibur\n|-damage|p2b: Baxcalibur|46\/100 par\n|-damage|p1b: Amphos|59\/100\n|-ability|p2b: Baxcalibur|Thermal Exchange|boost\n|-boost|p2b: Baxcalibur|atk|1\n|move|p1b: Amphos|Thunderbolt|p2b: Baxcalibur\n|-supereffective|p2b: Baxcalibur\n|-damage|p2b: Baxcalibur|0 fnt\n|faint|p2b: Baxcalibur\n|\n|-heal|p1b: Amphos|65\/100|[from] item: Leftovers\n|upkeep\n|\n|t:|1681741525\n|switch|p2b: Dachsbun|Dachsbun, L50, M|100\/100\n|turn|7\n|\n|t:|1681741540\n|move|p1a: Ceruledge|Protect||[still]\n|-fail|p1a: Ceruledge\n|move|p2a: Chi-Yu|Lava Plume|p1b: Amphos|[spread] p1b\n|-ability|p2b: Dachsbun|Well-Baked Body|boost\n|-boost|p2b: Dachsbun|def|2\n|-immune|p1a: Ceruledge|[from] ability: Flash Fire\n|-damage|p1b: Amphos|22\/100\n|move|p2b: Dachsbun|Yawn|p1a: Ceruledge\n|-start|p1a: Ceruledge|move: Yawn|[of] p2b: Dachsbun\n|move|p1b: Amphos|Thunderbolt|p2a: Chi-Yu\n|-damage|p2a: Chi-Yu|47\/100\n|\n|-heal|p1b: Amphos|28\/100|[from] item: Leftovers\n|upkeep\n|turn|8\n|\n|t:|1681741563\n|move|p2a: Chi-Yu|Dark Pulse|p1a: Ceruledge\n|-supereffective|p1a: Ceruledge\n|-damage|p1a: Ceruledge|0 fnt\n|faint|p1a: Ceruledge\n|move|p2b: Dachsbun|Play Rough|p1b: Amphos\n|-damage|p1b: Amphos|2\/100\n|move|p1b: Amphos|Thunderbolt|p2a: Chi-Yu\n|-damage|p2a: Chi-Yu|0 fnt\n|faint|p2a: Chi-Yu\n|\n|-heal|p1b: Amphos|8\/100|[from] item: Leftovers\n|upkeep\n|turn|9\n|\n|t:|1681741579\n|move|p1b: Amphos|Protect|p1b: Amphos\n|-singleturn|p1b: Amphos|Protect\n|move|p2b: Dachsbun|Play Rough|p1b: Amphos\n|-activate|p1b: Amphos|move: Protect\n|\n|-heal|p1b: Amphos|14\/100|[from] item: Leftovers\n|upkeep\n|turn|10\n|\n|t:|1681741593\n|move|p2b: Dachsbun|Play Rough|p1b: Amphos|[miss]\n|-miss|p2b: Dachsbun|p1b: Amphos\n|move|p1b: Amphos|Thunderbolt|p2b: Dachsbun\n|-damage|p2b: Dachsbun|60\/100\n|-status|p2b: Dachsbun|par\n|\n|-heal|p1b: Amphos|20\/100|[from] item: Leftovers\n|-heal|p2b: Dachsbun|66\/100 par|[from] item: Leftovers\n|upkeep\n|turn|11\n|\n|t:|1681741605\n|move|p1b: Amphos|Protect|p1b: Amphos\n|-singleturn|p1b: Amphos|Protect\n|move|p2b: Dachsbun|Play Rough|p1b: Amphos\n|-activate|p1b: Amphos|move: Protect\n|\n|-heal|p1b: Amphos|26\/100|[from] item: Leftovers\n|-heal|p2b: Dachsbun|72\/100 par|[from] item: Leftovers\n|upkeep\n|turn|12\n|\n|t:|1681741616\n|move|p1b: Amphos|Thunderbolt|p2b: Dachsbun\n|-damage|p2b: Dachsbun|33\/100 par\n|cant|p2b: Dachsbun|par\n|\n|-heal|p1b: Amphos|32\/100|[from] item: Leftovers\n|-heal|p2b: Dachsbun|39\/100 par|[from] item: Leftovers\n|upkeep\n|turn|13\n|\n|t:|1681741624\n|move|p1b: Amphos|Protect|p1b: Amphos\n|-singleturn|p1b: Amphos|Protect\n|cant|p2b: Dachsbun|par\n|\n|-heal|p1b: Amphos|39\/100|[from] item: Leftovers\n|-heal|p2b: Dachsbun|45\/100 par|[from] item: Leftovers\n|upkeep\n|turn|14\n|\n|t:|1681741633\n|move|p1b: Amphos|Thunderbolt|p2b: Dachsbun\n|-damage|p2b: Dachsbun|2\/100 par\n|move|p2b: Dachsbun|Play Rough|p1b: Amphos\n|-damage|p1b: Amphos|11\/100\n|\n|-heal|p1b: Amphos|17\/100|[from] item: Leftovers\n|-heal|p2b: Dachsbun|8\/100 par|[from] item: Leftovers\n|upkeep\n|turn|15\n|-message|darigodius forfeited.\n|\n|win|Mikralas\n|raw|Mikralas's rating: 1088 → 1111<\/strong> (+23 for winning)\n|raw|darigodius's rating: 1033 → 1020<\/strong> (-13 for losing)\n|l|\u2606darigodius\n","uploadtime":1681741653,"views":11,"p1id":"mikralas","p2id":"darigodius","formatid":"gen9vgc2023regulationc","rating":1020,"private":0,"password":""}