{"id":"gen9vgc2023regulationc-1850983959","p1":"megaprawn","p2":"Kiryae","format":"[Gen 9] VGC 2023 Regulation C","log":"|j|\u2606megaprawn\n|j|\u2606Kiryae\n|t:|1682390141\n|gametype|doubles\n|player|p1|megaprawn|skierf-gen4dp|1416\n|player|p2|Kiryae|1|1380\n|teamsize|p1|6\n|teamsize|p2|6\n|gen|9\n|tier|[Gen 9] VGC 2023 Regulation C\n|rated|\n|rule|Species Clause: Limit one of each Pok\u00e9mon\n|rule|Item Clause: Limit one of each item\n|clearpoke\n|poke|p1|Armarouge, L50, M|\n|poke|p1|Great Tusk, L50|\n|poke|p1|Talonflame, L50, M|\n|poke|p1|Indeedee-F, L50, F|\n|poke|p1|Gyarados, L50, M|\n|poke|p1|Flutter Mane, L50|\n|poke|p2|Chi-Yu, L50|\n|poke|p2|Palafin, L50, F|\n|poke|p2|Pelipper, L50, F|\n|poke|p2|Iron Hands, L50|\n|poke|p2|Amoonguss, L50, M|\n|poke|p2|Flutter Mane, L50|\n|teampreview|4\n|inactive|Battle timer is ON: inactive players will automatically lose when time's up. (requested by Kiryae)\n|j| hypno#1\n|inactive|megaprawn has 60 seconds left.\n|inactive|Kiryae has 60 seconds left.\nmegaprawn has agreed to open team sheets.\n|inactive|megaprawn has 30 seconds left.\n|inactive|megaprawn has 20 seconds left.\n|inactive|megaprawn has 15 seconds left.\n|inactive|megaprawn has 10 seconds left.\n|\n|t:|1682390221\n|start\n|switch|p1a: Flutter Mane|Flutter Mane, L50|100\/100\n|switch|p1b: Gyarados|Gyarados, L50, M, shiny|100\/100\n|switch|p2a: Flutter Mane|Flutter Mane, L50|100\/100\n|switch|p2b: Chi-Yu|Chi-Yu, L50|100\/100\n|-ability|p2b: Chi-Yu|Beads of Ruin\n|-ability|p1b: Gyarados|Intimidate|boost\n|-unboost|p2a: Flutter Mane|atk|1\n|-unboost|p2b: Chi-Yu|atk|1\n|turn|1\n|inactive|Kiryae has 30 seconds left.\n|\n|t:|1682390253\n|-terastallize|p2b: Chi-Yu|Ghost\n|-terastallize|p1a: Flutter Mane|Fairy\n|move|p2b: Chi-Yu|Snarl|p1a: Flutter Mane|[spread] p1a,p1b\n|-resisted|p1a: Flutter Mane\n|-damage|p1a: Flutter Mane|86\/100\n|-damage|p1b: Gyarados|78\/100\n|-unboost|p1a: Flutter Mane|spa|1\n|-unboost|p1b: Gyarados|spa|1\n|move|p1a: Flutter Mane|Moonblast|p2a: Flutter Mane\n|-damage|p2a: Flutter Mane|3\/100\n|-unboost|p2a: Flutter Mane|spa|1\n|move|p2a: Flutter Mane|Dazzling Gleam|p1a: Flutter Mane|[spread] p1a,p1b\n|-damage|p1a: Flutter Mane|40\/100\n|-damage|p1b: Gyarados|46\/100\n|move|p1b: Gyarados|Waterfall|p2b: Chi-Yu\n|-damage|p2b: Chi-Yu|58\/100\n|\n|upkeep\n|turn|2\n|\n|t:|1682390277\n|-end|p2a: Flutter Mane|Protosynthesis|[silent]\n|switch|p2a: Amoonguss|Amoonguss, L50, M|100\/100\n|move|p2b: Chi-Yu|Snarl|p1b: Gyarados|[spread] p1a,p1b\n|-resisted|p1a: Flutter Mane\n|-damage|p1a: Flutter Mane|24\/100\n|-damage|p1b: Gyarados|23\/100\n|-unboost|p1a: Flutter Mane|spa|1\n|-unboost|p1b: Gyarados|spa|1\n|move|p1a: Flutter Mane|Moonblast|p2a: Amoonguss\n|-resisted|p2a: Amoonguss\n|-damage|p2a: Amoonguss|70\/100\n|move|p1b: Gyarados|Thunder Wave|p2b: Chi-Yu|[miss]\n|-miss|p1b: Gyarados|p2b: Chi-Yu\n|\n|upkeep\n|turn|3\n|\n|t:|1682390291\n|move|p2b: Chi-Yu|Snarl|p1a: Flutter Mane|[spread] p1a,p1b\n|-resisted|p1a: Flutter Mane\n|-damage|p1a: Flutter Mane|7\/100\n|-damage|p1b: Gyarados|0 fnt\n|-unboost|p1a: Flutter Mane|spa|1\n|faint|p1b: Gyarados\n|move|p1a: Flutter Mane|Moonblast|p2b: Chi-Yu\n|-damage|p2b: Chi-Yu|16\/100\n|move|p2a: Amoonguss|Pollen Puff|p2b: Chi-Yu\n|-heal|p2b: Chi-Yu|66\/100\n|\n|upkeep\n|\n|t:|1682390304\n|switch|p1b: Armarouge|Armarouge, L50, M|100\/100\n|turn|4\n|\n|t:|1682390315\n|-end|p1a: Flutter Mane|Protosynthesis|[silent]\n|switch|p1a: Indeedee|Indeedee-F, L50, F|100\/100\n|-fieldstart|move: Psychic Terrain|[from] ability: Psychic Surge|[of] p1a: Indeedee\n|switch|p2a: Palafin|Palafin, L50, F|100\/100\n|move|p2b: Chi-Yu|Snarl|p1a: Indeedee|[spread] p1a,p1b\n|-supereffective|p1a: Indeedee\n|-supereffective|p1b: Armarouge\n|-damage|p1a: Indeedee|52\/100\n|-damage|p1b: Armarouge|17\/100\n|-unboost|p1a: Indeedee|spa|1\n|-unboost|p1b: Armarouge|spa|1\n|-enditem|p1b: Armarouge|Weakness Policy\n|-boost|p1b: Armarouge|atk|2|[from] item: Weakness Policy\n|-boost|p1b: Armarouge|spa|2|[from] item: Weakness Policy\n|move|p1b: Armarouge|Expanding Force|p2a: Palafin|[spread] p2a,p2b\n|-damage|p2a: Palafin|0 fnt\n|-damage|p2b: Chi-Yu|0 fnt\n|faint|p2a: Palafin\n|faint|p2b: Chi-Yu\n|\n|upkeep\n|\n|t:|1682390331\n|switch|p2b: Flutter Mane|Flutter Mane, L50|3\/100\n|switch|p2a: Amoonguss|Amoonguss, L50, M|100\/100\n|turn|5\n|inactive|Kiryae has 30 seconds left.\n|\n|t:|1682390362\n|move|p1b: Armarouge|Endure|p1b: Armarouge\n|-singleturn|p1b: Armarouge|move: Endure\n|move|p2b: Flutter Mane|Dazzling Gleam|p1a: Indeedee|[spread] p1a,p1b\n|-resisted|p1b: Armarouge\n|-damage|p1a: Indeedee|8\/100\n|-activate|p1b: Armarouge|move: Endure\n|-damage|p1b: Armarouge|1\/100\n|move|p1a: Indeedee|Dazzling Gleam|p2b: Flutter Mane|[spread] p2a,p2b\n|-resisted|p2a: Amoonguss\n|-damage|p2a: Amoonguss|97\/100\n|-damage|p2b: Flutter Mane|0 fnt\n|faint|p2b: Flutter Mane\n|-end|p2b: Flutter Mane|Protosynthesis|[silent]\n|move|p2a: Amoonguss|Pollen Puff|p2: Flutter Mane|[notarget]\n|-fail|p2a: Amoonguss\n|\n|upkeep\n|turn|6\n|\n|t:|1682390378\n|move|p1a: Indeedee|Follow Me|p1a: Indeedee\n|-singleturn|p1a: Indeedee|move: Follow Me\n|move|p1b: Armarouge|Expanding Force|p2a: Amoonguss\n|-supereffective|p2a: Amoonguss\n|-damage|p2a: Amoonguss|0 fnt\n|faint|p2a: Amoonguss\n|\n|win|megaprawn\n|raw|megaprawn's rating: 1416 → 1434<\/strong> (+18 for winning)\n|raw|Kiryae's rating: 1380 → 1362<\/strong> (-18 for losing)\n|l|\u2606Kiryae\n","uploadtime":1682390383,"views":14,"p1id":"megaprawn","p2id":"kiryae","formatid":"gen9vgc2023regulationc","rating":1362,"private":0,"password":""}