{"id":"gen9vgc2023regulationc-1855443755","p1":"badboyfortnite","p2":"Topperlecat","format":"[Gen 9] VGC 2023 Regulation C","log":"|j|\u2606badboyfortnite\n|j|\u2606Topperlecat\n|t:|1682951955\n|gametype|doubles\n|player|p1|badboyfortnite|benga|1000\n|player|p2|Topperlecat|n|1027\n|teamsize|p1|6\n|teamsize|p2|6\n|gen|9\n|tier|[Gen 9] VGC 2023 Regulation C\n|rated|\n|rule|Species Clause: Limit one of each Pok\u00e9mon\n|rule|Item Clause: Limit one of each item\n|clearpoke\n|poke|p1|Amoonguss, L50, M|\n|poke|p1|Maushold, L50|\n|poke|p1|Great Tusk, L50|\n|poke|p1|Palafin, L50, M|\n|poke|p1|Dragonite, L50, F|\n|poke|p1|Iron Moth, L50|\n|poke|p2|Volcarona, L50, F|\n|poke|p2|Gastrodon, L50, M|\n|poke|p2|Brute Bonnet, L50|\n|poke|p2|Corviknight, L50, M|\n|poke|p2|Roaring Moon, L50|\n|poke|p2|Flutter Mane, L50|\n|teampreview|4\n|\n|t:|1682951991\n|start\n|switch|p1a: Maushold|Maushold, L50|100\/100\n|switch|p1b: Great Tusk|Great Tusk, L50, shiny|100\/100\n|switch|p2a: Gastrodon|Gastrodon, L50, M|100\/100\n|switch|p2b: Brute Bonnet|Brute Bonnet, L50|100\/100\n|turn|1\n|\n|t:|1682952013\n|switch|p2a: Flutter Mane|Flutter Mane, L50|100\/100\n|move|p2b: Brute Bonnet|Protect|p2b: Brute Bonnet\n|-singleturn|p2b: Brute Bonnet|Protect\n|move|p1a: Maushold|Follow Me|p1a: Maushold\n|-singleturn|p1a: Maushold|move: Follow Me\n|move|p1b: Great Tusk|Close Combat|p2b: Brute Bonnet\n|-activate|p2b: Brute Bonnet|move: Protect\n|\n|upkeep\n|turn|2\n|\n|t:|1682952027\n|move|p1a: Maushold|Follow Me|p1a: Maushold\n|-singleturn|p1a: Maushold|move: Follow Me\n|move|p2a: Flutter Mane|Moonblast|p1a: Maushold\n|-damage|p1a: Maushold|29\/100\n|move|p1b: Great Tusk|Headlong Rush|p2a: Flutter Mane\n|-enditem|p2a: Flutter Mane|Focus Sash\n|-damage|p2a: Flutter Mane|1\/100\n|-unboost|p1b: Great Tusk|def|1\n|-unboost|p1b: Great Tusk|spd|1\n|-damage|p1b: Great Tusk|91\/100|[from] item: Life Orb\n|move|p2b: Brute Bonnet|Bullet Seed|p1a: Maushold\n|-damage|p1a: Maushold|14\/100\n|-damage|p1a: Maushold|0 fnt\n|faint|p1a: Maushold\n|-hitcount|p1: Maushold|2\n|\n|upkeep\n|\n|t:|1682952044\n|switch|p1a: Iron Moth|Iron Moth, L50, shiny|100\/100\n|-enditem|p1a: Iron Moth|Booster Energy\n|-activate|p1a: Iron Moth|ability: Quark Drive|[fromitem]\n|-start|p1a: Iron Moth|quarkdrivespa\n|turn|3\n|\n|t:|1682952076\n|move|p1b: Great Tusk|Protect|p1b: Great Tusk\n|-singleturn|p1b: Great Tusk|Protect\n|move|p2a: Flutter Mane|Moonblast|p1b: Great Tusk\n|-activate|p1b: Great Tusk|move: Protect\n|move|p1a: Iron Moth|Sludge Wave|p2a: Flutter Mane|[spread] p2a,p2b\n|-activate|p1b: Great Tusk|move: Protect\n|-crit|p2a: Flutter Mane\n|-supereffective|p2b: Brute Bonnet\n|-damage|p2a: Flutter Mane|0 fnt\n|-damage|p2b: Brute Bonnet|21\/100\n|faint|p2a: Flutter Mane\n|-end|p2a: Flutter Mane|Protosynthesis|[silent]\n|move|p2b: Brute Bonnet|Spore|p1a: Iron Moth\n|-status|p1a: Iron Moth|slp|[from] move: Spore\n|\n|upkeep\n|\n|t:|1682952092\n|switch|p2a: Volcarona|Volcarona, L50, F|100\/100\n|turn|4\n|\n|t:|1682952121\n|-end|p1b: Great Tusk|Protosynthesis|[silent]\n|switch|p1b: barney|Dragonite, L50, F, shiny|100\/100\n|cant|p1a: Iron Moth|slp\n|move|p2a: Volcarona|Quiver Dance|p2a: Volcarona\n|-boost|p2a: Volcarona|spa|1\n|-boost|p2a: Volcarona|spd|1\n|-boost|p2a: Volcarona|spe|1\n|move|p2b: Brute Bonnet|Bullet Seed|p1b: barney\n|-resisted|p1b: barney\n|-damage|p1b: barney|99\/100\n|-resisted|p1b: barney\n|-damage|p1b: barney|95\/100\n|-resisted|p1b: barney\n|-damage|p1b: barney|91\/100\n|-resisted|p1b: barney\n|-damage|p1b: barney|88\/100\n|-hitcount|p1b: barney|4\n|\n|upkeep\n|turn|5\n|\n|t:|1682952166\n|-terastallize|p1b: barney|Normal\n|move|p2a: Volcarona|Protect|p2a: Volcarona\n|-singleturn|p2a: Volcarona|Protect\n|move|p1b: barney|Extreme Speed|p2a: Volcarona\n|-activate|p2a: Volcarona|move: Protect\n|cant|p1a: Iron Moth|slp\n|move|p2b: Brute Bonnet|Spore|p1b: barney\n|-status|p1b: barney|slp|[from] move: Spore\n|\n|upkeep\n|turn|6\n|\n|t:|1682952188\n|cant|p1b: barney|slp\n|move|p2b: Brute Bonnet|Sucker Punch|p1a: Iron Moth\n|-damage|p1a: Iron Moth|42\/100 slp\n|move|p2a: Volcarona|Fiery Dance|p1b: barney\n|-damage|p1b: barney|36\/100 slp\n|-boost|p2a: Volcarona|spa|1\n|-curestatus|p1a: Iron Moth|slp|[msg]\n|move|p1a: Iron Moth|Sludge Wave|p2b: Brute Bonnet|[spread] p1b,p2a,p2b\n|-supereffective|p2b: Brute Bonnet\n|-damage|p1b: barney|0 fnt\n|-damage|p2a: Volcarona|73\/100\n|-damage|p2b: Brute Bonnet|0 fnt\n|faint|p1b: barney\n|faint|p2b: Brute Bonnet\n|-end|p2b: Brute Bonnet|Protosynthesis|[silent]\n|\n|-heal|p2a: Volcarona|80\/100|[from] item: Leftovers\n|upkeep\n|\n|t:|1682952207\n|switch|p1b: Great Tusk|Great Tusk, L50, shiny|91\/100\n|switch|p2b: Gastrodon|Gastrodon, L50, M|100\/100\n|turn|7\n|\n|t:|1682952218\n|move|p1b: Great Tusk|Protect|p1b: Great Tusk\n|-singleturn|p1b: Great Tusk|Protect\n|move|p2a: Volcarona|Giga Drain|p1b: Great Tusk\n|-activate|p1b: Great Tusk|move: Protect\n|move|p1a: Iron Moth|Energy Ball|p2b: Gastrodon\n|-supereffective|p2b: Gastrodon\n|-damage|p2b: Gastrodon|0 fnt\n|faint|p2b: Gastrodon\n|\n|-heal|p2a: Volcarona|86\/100|[from] item: Leftovers\n|upkeep\n|turn|8\n|\n|t:|1682952245\n|move|p2a: Volcarona|Giga Drain|p1b: Great Tusk\n|-supereffective|p1b: Great Tusk\n|-crit|p1b: Great Tusk\n|-damage|p1b: Great Tusk|0 fnt\n|-heal|p2a: Volcarona|100\/100|[from] drain|[of] p1b: Great Tusk\n|faint|p1b: Great Tusk\n|-end|p1b: Great Tusk|Protosynthesis|[silent]\n|move|p1a: Iron Moth|Discharge|p2a: Volcarona\n|-damage|p2a: Volcarona|77\/100\n|\n|-heal|p2a: Volcarona|83\/100|[from] item: Leftovers\n|upkeep\n|turn|9\n|\n|t:|1682952259\n|move|p2a: Volcarona|Fiery Dance|p1a: Iron Moth\n|-resisted|p1a: Iron Moth\n|-damage|p1a: Iron Moth|5\/100\n|-boost|p2a: Volcarona|spa|1\n|move|p1a: Iron Moth|Discharge|p2a: Volcarona\n|-damage|p2a: Volcarona|62\/100\n|\n|-heal|p2a: Volcarona|68\/100|[from] item: Leftovers\n|upkeep\n|turn|10\n|\n|t:|1682952271\n|move|p2a: Volcarona|Fiery Dance|p1a: Iron Moth\n|-resisted|p1a: Iron Moth\n|-damage|p1a: Iron Moth|0 fnt\n|faint|p1a: Iron Moth\n|-end|p1a: Iron Moth|Quark Drive|[silent]\n|\n|win|Topperlecat\n|raw|badboyfortnite's rating: 1000 → 1000<\/strong> (+0 for losing)\n|raw|Topperlecat's rating: 1027 → 1060<\/strong> (+33 for winning)\n|l|\u2606badboyfortnite\n","uploadtime":1682952281,"views":18,"p1id":"badboyfortnite","p2id":"topperlecat","formatid":"gen9vgc2023regulationc","rating":1000,"private":0,"password":""}