{"id":"gen9vgc2023regulationc-1861662865","p1":"grumpyolddude","p2":"justinbott1","format":"[Gen 9] VGC 2023 Regulation C","log":"|j|\u2606grumpyolddude\n|j|\u2606justinbott1\n|t:|1683790339\n|gametype|doubles\n|player|p1|grumpyolddude|fisherman|1028\n|player|p2|justinbott1|169|1059\n|teamsize|p1|6\n|teamsize|p2|6\n|gen|9\n|tier|[Gen 9] VGC 2023 Regulation C\n|rated|\n|rule|Species Clause: Limit one of each Pok\u00e9mon\n|rule|Item Clause: Limit one of each item\n|clearpoke\n|poke|p1|Glimmora, L50, F|\n|poke|p1|Maushold, L50|\n|poke|p1|Wo-Chien, L50|\n|poke|p1|Garganacl, L50, F|\n|poke|p1|Iron Moth, L50|\n|poke|p1|Dragapult, L50, M|\n|poke|p2|Scream Tail, L50|\n|poke|p2|Amoonguss, L50, M|\n|poke|p2|Toxapex, L50, M|\n|poke|p2|Torkoal, L50, M|\n|poke|p2|Sableye, L50, M|\n|poke|p2|Roaring Moon, L50|\n|teampreview|4\n|\n|t:|1683790364\n|start\n|switch|p1a: Glimmora|Glimmora, L50, F|100\/100\n|switch|p1b: Maushold|Maushold, L50|100\/100\n|switch|p2a: Scream Tail|Scream Tail, L50|100\/100\n|switch|p2b: Toxapex|Toxapex, L50, M|100\/100\n|turn|1\n|\n|t:|1683790389\n|move|p1b: Maushold|Feint|p2a: Scream Tail\n|-damage|p2a: Scream Tail|93\/100\n|move|p2a: Scream Tail|Perish Song|p2a: Scream Tail\n|-start|p1a: Glimmora|perish3|[silent]\n|-start|p1b: Maushold|perish3|[silent]\n|-start|p2a: Scream Tail|perish3|[silent]\n|-start|p2b: Toxapex|perish3|[silent]\n|-fieldactivate|move: Perish Song\n|move|p1a: Glimmora|Mortal Spin|p2a: Scream Tail|[spread] p2a,p2b\n|-supereffective|p2a: Scream Tail\n|-resisted|p2b: Toxapex\n|-damage|p2a: Scream Tail|85\/100\n|-damage|p2b: Toxapex|99\/100\n|-status|p2a: Scream Tail|psn\n|move|p2b: Toxapex|Infestation|p1b: Maushold\n|-damage|p1b: Maushold|95\/100\n|-activate|p1b: Maushold|move: Infestation|[of] p2b: Toxapex\n|\n|-heal|p2a: Scream Tail|91\/100 psn|[from] item: Leftovers\n|-damage|p2a: Scream Tail|79\/100 psn|[from] psn\n|-damage|p1b: Maushold|83\/100|[from] move: Infestation|[partiallytrapped]\n|-start|p2a: Scream Tail|perish3\n|-start|p1b: Maushold|perish3\n|-start|p1a: Glimmora|perish3\n|-start|p2b: Toxapex|perish3\n|upkeep\n|turn|2\n|\n|t:|1683790423\n|-end|p2a: Scream Tail|Protosynthesis|[silent]\n|switch|p2a: Sableye|Sableye, L50, M|100\/100\n|switch|p1a: Garganacl|Garganacl, L50, F|100\/100\n|move|p1b: Maushold|Protect|p1b: Maushold\n|-singleturn|p1b: Maushold|Protect\n|move|p2b: Toxapex|Infestation|p1a: Garganacl\n|-damage|p1a: Garganacl|99\/100\n|-activate|p1a: Garganacl|move: Infestation|[of] p2b: Toxapex\n|\n|-damage|p1b: Maushold|71\/100|[from] move: Infestation|[partiallytrapped]\n|-damage|p1a: Garganacl|86\/100|[from] move: Infestation|[partiallytrapped]\n|-start|p1b: Maushold|perish2\n|-start|p2b: Toxapex|perish2\n|upkeep\n|turn|3\n|\n|t:|1683790456\n|-terastallize|p1a: Garganacl|Ghost\n|move|p2a: Sableye|Fake Out|p1a: Garganacl\n|-immune|p1a: Garganacl\n|move|p1b: Maushold|Feint|p2b: Toxapex\n|-crit|p2b: Toxapex\n|-damage|p2b: Toxapex|88\/100\n|move|p1a: Garganacl|Salt Cure|p2b: Toxapex\n|-damage|p2b: Toxapex|77\/100\n|-start|p2b: Toxapex|Salt Cure\n|move|p2b: Toxapex|Chilling Water|p1a: Garganacl\n|-damage|p1a: Garganacl|77\/100\n|\n|-damage|p1b: Maushold|59\/100|[from] move: Infestation|[partiallytrapped]\n|-damage|p1a: Garganacl|65\/100|[from] move: Infestation|[partiallytrapped]\n|-damage|p2b: Toxapex|52\/100|[from] Salt Cure\n|-start|p1b: Maushold|perish1\n|-start|p2b: Toxapex|perish1\n|upkeep\n|turn|4\n|\n|t:|1683790491\n|switch|p2b: Roaring Moon|Roaring Moon, L50|100\/100\n|move|p1b: Maushold|Follow Me|p1b: Maushold\n|-singleturn|p1b: Maushold|move: Follow Me\n|move|p2a: Sableye|Will-O-Wisp|p1b: Maushold\n|-status|p1b: Maushold|brn\n|move|p1a: Garganacl|Salt Cure|p2a: Sableye\n|-damage|p2a: Sableye|78\/100\n|-start|p2a: Sableye|Salt Cure\n|\n|-damage|p1b: Maushold|52\/100 brn|[from] brn\n|-end|p1b: Maushold|Infestation|[partiallytrapped]|[silent]\n|-damage|p2a: Sableye|65\/100|[from] Salt Cure\n|-end|p1a: Garganacl|Infestation|[partiallytrapped]|[silent]\n|-start|p1b: Maushold|perish0\n|upkeep\n|faint|p1b: Maushold\n|\n|t:|1683790510\n|switch|p1b: Wo-Chien|Wo-Chien, L50|100\/100\n|-ability|p1b: Wo-Chien|Tablets of Ruin\n|turn|5\n|\n|t:|1683790528\n|move|p2a: Sableye|Will-O-Wisp|p1a: Garganacl\n|-immune|p1a: Garganacl|[from] ability: Purifying Salt\n|move|p2b: Roaring Moon|U-turn|p1b: Wo-Chien\n|-supereffective|p1b: Wo-Chien\n|-damage|p1b: Wo-Chien|36\/100\n|\n|t:|1683790538\n|-end|p2b: Roaring Moon|Protosynthesis|[silent]\n|switch|p2b: Toxapex|Toxapex, L50, M|85\/100|[from] U-turn\n|move|p1b: Wo-Chien|Leech Seed|p2b: Toxapex\n|-start|p2b: Toxapex|move: Leech Seed\n|move|p1a: Garganacl|Salt Cure|p2b: Toxapex\n|-damage|p2b: Toxapex|77\/100\n|-start|p2b: Toxapex|Salt Cure\n|\n|-heal|p1b: Wo-Chien|42\/100|[from] item: Leftovers\n|-damage|p2b: Toxapex|65\/100|[from] Leech Seed|[of] p1b: Wo-Chien\n|-heal|p1b: Wo-Chien|52\/100|[silent]\n|-damage|p2a: Sableye|53\/100|[from] Salt Cure\n|-damage|p2b: Toxapex|40\/100|[from] Salt Cure\n|upkeep\n|turn|6\n|\n|t:|1683790560\n|switch|p2a: Scream Tail|Scream Tail, L50|79\/100 psn\n|switch|p2b: Roaring Moon|Roaring Moon, L50|100\/100\n|move|p1b: Wo-Chien|Protect|p1b: Wo-Chien\n|-singleturn|p1b: Wo-Chien|Protect\n|move|p1a: Garganacl|Recover|p1a: Garganacl\n|-heal|p1a: Garganacl|100\/100\n|\n|-heal|p2a: Scream Tail|85\/100 psn|[from] item: Leftovers\n|-heal|p1b: Wo-Chien|58\/100|[from] item: Leftovers\n|-damage|p2a: Scream Tail|73\/100 psn|[from] psn\n|upkeep\n|turn|7\n|\n|t:|1683790601\n|switch|p1b: Glimmora|Glimmora, L50, F|100\/100\n|move|p2a: Scream Tail|Dazzling Gleam|p1a: Garganacl|[spread] p1a,p1b\n|-resisted|p1b: Glimmora\n|-damage|p1a: Garganacl|90\/100\n|-damage|p1b: Glimmora|91\/100\n|move|p2b: Roaring Moon|U-turn|p1b: Glimmora\n|-resisted|p1b: Glimmora\n|-damage|p1b: Glimmora|69\/100\n|-activate|p1b: Glimmora|ability: Toxic Debris\n|-sidestart|p2: justinbott1|move: Toxic Spikes\n|\n|t:|1683790612\n|-end|p2b: Roaring Moon|Protosynthesis|[silent]\n|switch|p2b: Toxapex|Toxapex, L50, M|73\/100|[from] U-turn\n|-sideend|p2: justinbott1|move: Toxic Spikes|[of] p2b: Toxapex\n|move|p1a: Garganacl|Salt Cure|p2b: Toxapex\n|-damage|p2b: Toxapex|62\/100\n|-start|p2b: Toxapex|Salt Cure\n|\n|-heal|p2a: Scream Tail|78\/100 psn|[from] item: Leftovers\n|-damage|p2a: Scream Tail|66\/100 psn|[from] psn\n|-damage|p2b: Toxapex|37\/100|[from] Salt Cure\n|upkeep\n|turn|8\n|\n|t:|1683790636\n|move|p2a: Scream Tail|Perish Song|p2a: Scream Tail\n|-start|p1a: Garganacl|perish3|[silent]\n|-start|p1b: Glimmora|perish3|[silent]\n|-start|p2a: Scream Tail|perish3|[silent]\n|-start|p2b: Toxapex|perish3|[silent]\n|-fieldactivate|move: Perish Song\n|move|p1b: Glimmora|Sludge Bomb|p2a: Scream Tail\n|-supereffective|p2a: Scream Tail\n|-damage|p2a: Scream Tail|0 fnt\n|faint|p2a: Scream Tail\n|-end|p2a: Scream Tail|Protosynthesis|[silent]\n|move|p1a: Garganacl|Salt Cure|p2b: Toxapex\n|-damage|p2b: Toxapex|25\/100\n|move|p2b: Toxapex|Infestation|p1a: Garganacl\n|-resisted|p1a: Garganacl\n|-damage|p1a: Garganacl|89\/100\n|-activate|p1a: Garganacl|move: Infestation|[of] p2b: Toxapex\n|\n|-damage|p1a: Garganacl|77\/100|[from] move: Infestation|[partiallytrapped]\n|-damage|p2b: Toxapex|0 fnt|[from] Salt Cure\n|faint|p2b: Toxapex\n|-start|p1b: Glimmora|perish3\n|-start|p1a: Garganacl|perish3\n|upkeep\n|\n|t:|1683790657\n|switch|p2a: Roaring Moon|Roaring Moon, L50|100\/100\n|switch|p2b: Sableye|Sableye, L50, M|53\/100\n|turn|9\n|\n|t:|1683790701\n|move|p2b: Sableye|Fake Out|p1b: Glimmora\n|-resisted|p1b: Glimmora\n|-damage|p1b: Glimmora|65\/100\n|-activate|p1b: Glimmora|ability: Toxic Debris\n|-sidestart|p2: justinbott1|move: Toxic Spikes\n|move|p2a: Roaring Moon|Crunch|p1a: Garganacl\n|-supereffective|p1a: Garganacl\n|-damage|p1a: Garganacl|0 fnt\n|faint|p1a: Garganacl\n|cant|p1b: Glimmora|flinch\n|\n|-start|p1b: Glimmora|perish2\n|upkeep\n|\n|t:|1683790711\n|switch|p1a: Wo-Chien|Wo-Chien, L50|58\/100\n|-ability|p1a: Wo-Chien|Tablets of Ruin\n|turn|10\n|\n|t:|1683790721\n|move|p1a: Wo-Chien|Protect|p1a: Wo-Chien\n|-singleturn|p1a: Wo-Chien|Protect\n|move|p2b: Sableye|Will-O-Wisp|p1a: Wo-Chien\n|-activate|p1a: Wo-Chien|move: Protect\n|move|p2a: Roaring Moon|Crunch|p1a: Wo-Chien\n|-activate|p1a: Wo-Chien|move: Protect\n|move|p1b: Glimmora|Mortal Spin|p2a: Roaring Moon|[spread] p2a,p2b\n|-crit|p2a: Roaring Moon\n|-resisted|p2b: Sableye\n|-damage|p2a: Roaring Moon|95\/100\n|-damage|p2b: Sableye|51\/100\n|-status|p2a: Roaring Moon|psn\n|-status|p2b: Sableye|psn\n|\n|-heal|p1a: Wo-Chien|65\/100|[from] item: Leftovers\n|-damage|p2a: Roaring Moon|83\/100 psn|[from] psn\n|-damage|p2b: Sableye|39\/100 psn|[from] psn\n|-start|p1b: Glimmora|perish1\n|upkeep\n|turn|11\n|\n|t:|1683790768\n|move|p2b: Sableye|Will-O-Wisp|p1a: Wo-Chien\n|-hint|Since gen 7, Dark is immune to Prankster moves.\n|-immune|p1a: Wo-Chien\n|move|p2a: Roaring Moon|Crunch|p1a: Wo-Chien\n|-resisted|p1a: Wo-Chien\n|-damage|p1a: Wo-Chien|49\/100\n|-unboost|p1a: Wo-Chien|def|1\n|move|p1b: Glimmora|Sludge Bomb|p2a: Roaring Moon\n|-damage|p2a: Roaring Moon|37\/100 psn\n|move|p1a: Wo-Chien|Leech Seed|p2a: Roaring Moon\n|-start|p2a: Roaring Moon|move: Leech Seed\n|\n|-heal|p1a: Wo-Chien|56\/100|[from] item: Leftovers\n|-damage|p2a: Roaring Moon|24\/100 psn|[from] Leech Seed|[of] p1a: Wo-Chien\n|-heal|p1a: Wo-Chien|67\/100|[silent]\n|-damage|p2a: Roaring Moon|12\/100 psn|[from] psn\n|-damage|p2b: Sableye|27\/100 psn|[from] psn\n|-start|p1b: Glimmora|perish0\n|upkeep\n|faint|p1b: Glimmora\n|turn|12\n|\n|t:|1683790795\n|move|p1a: Wo-Chien|Protect|p1a: Wo-Chien\n|-singleturn|p1a: Wo-Chien|Protect\n|move|p2a: Roaring Moon|Crunch|p1a: Wo-Chien\n|-activate|p1a: Wo-Chien|move: Protect\n|move|p2b: Sableye|Foul Play|p1a: Wo-Chien\n|-activate|p1a: Wo-Chien|move: Protect\n|\n|-heal|p1a: Wo-Chien|73\/100|[from] item: Leftovers\n|-damage|p2a: Roaring Moon|0 fnt|[from] Leech Seed|[of] p1a: Wo-Chien\n|-heal|p1a: Wo-Chien|84\/100|[silent]\n|faint|p2a: Roaring Moon\n|-end|p2a: Roaring Moon|Protosynthesis|[silent]\n|-damage|p2b: Sableye|15\/100 psn|[from] psn\n|upkeep\n|turn|13\n|\n|t:|1683790811\n|move|p1a: Wo-Chien|Giga Drain|p2b: Sableye\n|-damage|p2b: Sableye|0 fnt\n|-heal|p1a: Wo-Chien|91\/100|[from] drain|[of] p2b: Sableye\n|faint|p2b: Sableye\n|\n|win|grumpyolddude\n|raw|grumpyolddude's rating: 1028 → 1067<\/strong> (+39 for winning)\n|raw|justinbott1's rating: 1059 → 1038<\/strong> (-21 for losing)\n|l|\u2606justinbott1\n","uploadtime":1683790821,"views":14,"p1id":"grumpyolddude","p2id":"justinbott1","formatid":"gen9vgc2023regulationc","rating":1038,"private":0,"password":""}