{"id":"gen9vgc2023regulationc-1857860107","p1":"HallucinogenicBulb","p2":"Rals2","format":"[Gen 9] VGC 2023 Regulation C","log":"|j|\u2606HallucinogenicBulb\n|j|\u2606Rals2\n|t:|1683239873\n|gametype|doubles\n|player|p1|HallucinogenicBulb|hiker-gen4|1129\n|player|p2|Rals2|2|1055\n|teamsize|p1|6\n|teamsize|p2|6\n|gen|9\n|tier|[Gen 9] VGC 2023 Regulation C\n|rated|\n|rule|Species Clause: Limit one of each Pok\u00e9mon\n|rule|Item Clause: Limit one of each item\n|clearpoke\n|poke|p1|Garchomp, L50, M|\n|poke|p1|Rotom-Wash, L50|\n|poke|p1|Talonflame, L50, F|\n|poke|p1|Orthworm, L50, M|\n|poke|p1|Iron Jugulis, L50|\n|poke|p1|Flutter Mane, L50|\n|poke|p2|Chien-Pao, L50|\n|poke|p2|Dragonite, L50, M|\n|poke|p2|Amoonguss, L50, F|\n|poke|p2|Flutter Mane, L50|\n|poke|p2|Gyarados, L50, M|\n|poke|p2|Toxapex, L50, M|\n|teampreview|4\n|\n|t:|1683239905\n|start\n|switch|p1a: Valkyrie|Talonflame, L50, F|100\/100\n|switch|p1b: Sauce God|Garchomp, L50, M|100\/100\n|switch|p2a: Chien-Pao|Chien-Pao, L50|100\/100\n|switch|p2b: Dragonite|Dragonite, L50, M|100\/100\n|-ability|p2a: Chien-Pao|Sword of Ruin\n|turn|1\n|inactive|Battle timer is ON: inactive players will automatically lose when time's up. (requested by HallucinogenicBulb)\n|inactive|Rals2 has 60 seconds left.\n|inactive|Rals2 has 30 seconds left.\n|\n|t:|1683239979\n|-terastallize|p2b: Dragonite|Normal\n|move|p1b: Sauce God|Protect|p1b: Sauce God\n|-singleturn|p1b: Sauce God|Protect\n|move|p2b: Dragonite|Extreme Speed|p1a: Valkyrie\n|-damage|p1a: Valkyrie|0 fnt\n|faint|p1a: Valkyrie\n|move|p2a: Chien-Pao|Sacred Sword|p1b: Sauce God\n|-activate|p1b: Sauce God|move: Protect\n|\n|upkeep\n|\n|t:|1683239990\n|switch|p1a: Ernie|Orthworm, L50, M|100\/100\n|turn|2\n|inactive|Rals2 has 30 seconds left.\n|inactive|Rals2 has 20 seconds left.\n|\n|t:|1683240028\n|-terastallize|p1b: Sauce God|Fire\n|move|p1a: Ernie|Protect|p1a: Ernie\n|-singleturn|p1a: Ernie|Protect\n|move|p2b: Dragonite|Extreme Speed|p1b: Sauce God\n|-damage|p1b: Sauce God|10\/100\n|-damage|p2b: Dragonite|88\/100|[from] ability: Rough Skin|[of] p1b: Sauce God\n|move|p2a: Chien-Pao|Sacred Sword|p1a: Ernie\n|-activate|p1a: Ernie|move: Protect\n|move|p1b: Sauce God|Earthquake|p2b: Dragonite|[spread] p2a,p2b\n|-activate|p1a: Ernie|move: Protect\n|-damage|p2a: Chien-Pao|50\/100\n|-damage|p2b: Dragonite|27\/100\n|\n|upkeep\n|turn|3\n|inactive|Rals2 has 30 seconds left.\n|\n|t:|1683240053\n|move|p2b: Dragonite|Extreme Speed|p1b: Sauce God\n|-damage|p1b: Sauce God|0 fnt\n|-damage|p2b: Dragonite|15\/100|[from] ability: Rough Skin|[of] p1b: Sauce God\n|faint|p1b: Sauce God\n|move|p2a: Chien-Pao|Sacred Sword|p1a: Ernie\n|-supereffective|p1a: Ernie\n|-damage|p1a: Ernie|42\/100\n|move|p1a: Ernie|Body Press|p2b: Dragonite\n|-supereffective|p2b: Dragonite\n|-damage|p2b: Dragonite|0 fnt\n|faint|p2b: Dragonite\n|\n|-heal|p1a: Ernie|48\/100|[from] item: Leftovers\n|upkeep\n|inactive|Rals2 has 30 seconds left.\n|\n|t:|1683240088\n|switch|p1b: Aether|Flutter Mane, L50|100\/100\n|switch|p2b: Amoonguss|Amoonguss, L50, F|100\/100\n|turn|4\n|\n|t:|1683240101\n|move|p1a: Ernie|Protect|p1a: Ernie\n|-singleturn|p1a: Ernie|Protect\n|move|p2b: Amoonguss|Rage Powder|p2b: Amoonguss\n|-singleturn|p2b: Amoonguss|move: Rage Powder\n|move|p2a: Chien-Pao|Ice Spinner|p1b: Aether\n|-damage|p1b: Aether|23\/100\n|move|p1b: Aether|Moonblast|p2b: Amoonguss\n|-resisted|p2b: Amoonguss\n|-damage|p2b: Amoonguss|75\/100\n|\n|-heal|p1a: Ernie|54\/100|[from] item: Leftovers\n|upkeep\n|turn|5\n|inactive|Rals2 has 30 seconds left.\n|\n|t:|1683240132\n|move|p2b: Amoonguss|Rage Powder|p2b: Amoonguss\n|-singleturn|p2b: Amoonguss|move: Rage Powder\n|move|p2a: Chien-Pao|Ice Spinner|p1b: Aether\n|-damage|p1b: Aether|0 fnt\n|faint|p1b: Aether\n|-end|p1b: Aether|Protosynthesis|[silent]\n|move|p1a: Ernie|Body Press|p2b: Amoonguss\n|-resisted|p2b: Amoonguss\n|-damage|p2b: Amoonguss|61\/100\n|-damage|p1a: Ernie|38\/100|[from] item: Rocky Helmet|[of] p2b: Amoonguss\n|\n|-heal|p1a: Ernie|44\/100|[from] item: Leftovers\n|upkeep\n|turn|6\n|\n|t:|1683240149\n|move|p2b: Amoonguss|Rage Powder|p2b: Amoonguss\n|-singleturn|p2b: Amoonguss|move: Rage Powder\n|move|p2a: Chien-Pao|Sacred Sword|p1a: Ernie\n|-supereffective|p1a: Ernie\n|-damage|p1a: Ernie|0 fnt\n|faint|p1a: Ernie\n|\n|win|Rals2\n|raw|HallucinogenicBulb's rating: 1129 → 1099<\/strong> (-30 for losing)\n|raw|Rals2's rating: 1055 → 1093<\/strong> (+38 for winning)\n|l|\u2606HallucinogenicBulb\n","uploadtime":1683240174,"views":6,"p1id":"hallucinogenicbulb","p2id":"rals2","formatid":"gen9vgc2023regulationc","rating":1093,"private":0,"password":""}