{"id":"gen9vgc2023regulationc-1864031942","p1":"Ciq108","p2":"quick222","format":"[Gen 9] VGC 2023 Regulation C","log":"|j|\u2606Ciq108\n|j|\u2606quick222\n|t:|1684107879\n|gametype|doubles\n|player|p1|Ciq108|170|\n|player|p2|quick222|cynthia-gen4|\n|teamsize|p1|6\n|teamsize|p2|6\n|gen|9\n|tier|[Gen 9] VGC 2023 Regulation C\n|rule|Species Clause: Limit one of each Pok\u00e9mon\n|rule|Item Clause: Limit one of each item\n|clearpoke\n|poke|p1|Dondozo, L50, F|\n|poke|p1|Ting-Lu, L50|\n|poke|p1|Flutter Mane, L50|\n|poke|p1|Gholdengo, L50|\n|poke|p1|Iron Bundle, L50|\n|poke|p1|Dragonite, L50, M|\n|poke|p2|Palafin, L50, M|\n|poke|p2|Flutter Mane, L50|\n|poke|p2|Arcanine, L50, F|\n|poke|p2|Amoonguss, L50, F|\n|poke|p2|Ting-Lu, L50|\n|poke|p2|Sandy Shocks, L50|\n|teampreview|4\n|c|\u2606quick222|glhf\nCiq108 has agreed to open team sheets.\n|c|\u2606Ciq108|U2\nquick222 has agreed to open team sheets.\n|\n|t:|1684108023\n|start\n|switch|p1a: Dragonite|Dragonite, L50, M|100\/100\n|switch|p1b: Iron Bundle|Iron Bundle, L50|100\/100\n|switch|p2a: Flutter Mane|Flutter Mane, L50|100\/100\n|switch|p2b: Sandy Shocks|Sandy Shocks, L50|100\/100\n|-enditem|p2b: Sandy Shocks|Booster Energy\n|-activate|p2b: Sandy Shocks|ability: Protosynthesis|[fromitem]\n|-start|p2b: Sandy Shocks|protosynthesisspe\n|turn|1\n|\n|t:|1684108062\n|-terastallize|p1a: Dragonite|Flying\n|move|p2b: Sandy Shocks|Protect|p2b: Sandy Shocks\n|-singleturn|p2b: Sandy Shocks|Protect\n|move|p1b: Iron Bundle|Protect|p1b: Iron Bundle\n|-singleturn|p1b: Iron Bundle|Protect\n|move|p2a: Flutter Mane|Dazzling Gleam|p1a: Dragonite|[spread] p1a\n|-activate|p1b: Iron Bundle|move: Protect\n|-damage|p1a: Dragonite|77\/100\n|move|p1a: Dragonite|Tera Blast|p2a: Flutter Mane\n|-damage|p2a: Flutter Mane|0 fnt\n|faint|p2a: Flutter Mane\n|-end|p2a: Flutter Mane|Protosynthesis|[silent]\n|\n|upkeep\n|\n|t:|1684108101\n|switch|p2a: Ting-Lu|Ting-Lu, L50|100\/100\n|-ability|p2a: Ting-Lu|Vessel of Ruin\n|turn|2\n|\n|t:|1684108167\n|switch|p1a: Gholdengo|Gholdengo, L50|100\/100\n|move|p2b: Sandy Shocks|Thunderbolt|p1a: Gholdengo\n|-damage|p1a: Gholdengo|65\/100\n|move|p1b: Iron Bundle|Freeze-Dry|p2b: Sandy Shocks\n|-supereffective|p2b: Sandy Shocks\n|-damage|p2b: Sandy Shocks|28\/100\n|move|p2a: Ting-Lu|Payback|p1b: Iron Bundle\n|-damage|p1b: Iron Bundle|41\/100\n|\n|upkeep\n|turn|3\n|\n|t:|1684108209\n|move|p2b: Sandy Shocks|Protect|p2b: Sandy Shocks\n|-singleturn|p2b: Sandy Shocks|Protect\n|move|p1b: Iron Bundle|Protect|p1b: Iron Bundle\n|-singleturn|p1b: Iron Bundle|Protect\n|move|p1a: Gholdengo|Make It Rain|p2b: Sandy Shocks|[spread] p2a\n|-activate|p2b: Sandy Shocks|move: Protect\n|-damage|p2a: Ting-Lu|75\/100\n|-unboost|p1a: Gholdengo|spa|1\n|move|p2a: Ting-Lu|Payback|p1a: Gholdengo\n|-supereffective|p1a: Gholdengo\n|-crit|p1a: Gholdengo\n|-damage|p1a: Gholdengo|0 fnt\n|faint|p1a: Gholdengo\n|\n|upkeep\n|\n|t:|1684108222\n|switch|p1a: Dragonite|Dragonite, L50, M, tera:Flying|77\/100\n|turn|4\n|\n|t:|1684108268\n|-end|p2b: Sandy Shocks|Protosynthesis|[silent]\n|switch|p2b: Arcanine|Arcanine, L50, F|100\/100\n|-ability|p2b: Arcanine|Intimidate|boost\n|-unboost|p1a: Dragonite|atk|1\n|-unboost|p1b: Iron Bundle|atk|1\n|move|p1a: Dragonite|Extreme Speed|p2b: Arcanine\n|-damage|p2b: Arcanine|66\/100\n|move|p1b: Iron Bundle|Hydro Pump|p2a: Ting-Lu\n|-supereffective|p2a: Ting-Lu\n|-damage|p2a: Ting-Lu|36\/100\n|move|p2a: Ting-Lu|Payback|p1b: Iron Bundle\n|-damage|p1b: Iron Bundle|0 fnt\n|faint|p1b: Iron Bundle\n|-end|p1b: Iron Bundle|Quark Drive|[silent]\n|\n|upkeep\n|\n|t:|1684108282\n|switch|p1b: Flutter Mane|Flutter Mane, L50|100\/100\n|-enditem|p1b: Flutter Mane|Booster Energy\n|-activate|p1b: Flutter Mane|ability: Protosynthesis|[fromitem]\n|-start|p1b: Flutter Mane|protosynthesisspe\n|turn|5\n|\n|t:|1684108301\n|-terastallize|p2a: Ting-Lu|Poison\n|move|p1b: Flutter Mane|Protect|p1b: Flutter Mane\n|-singleturn|p1b: Flutter Mane|Protect\n|move|p1a: Dragonite|Extreme Speed|p2a: Ting-Lu\n|-damage|p2a: Ting-Lu|15\/100\n|move|p2b: Arcanine|Will-O-Wisp|p1a: Dragonite\n|-status|p1a: Dragonite|brn\n|move|p2a: Ting-Lu|Heavy Slam|p1b: Flutter Mane\n|-activate|p1b: Flutter Mane|move: Protect\n|\n|-damage|p1a: Dragonite|71\/100 brn|[from] brn\n|upkeep\n|turn|6\n|\n|t:|1684108337\n|move|p1a: Dragonite|Extreme Speed|p2b: Arcanine\n|-damage|p2b: Arcanine|51\/100\n|move|p1b: Flutter Mane|Shadow Ball|p2a: Ting-Lu\n|-crit|p2a: Ting-Lu\n|-damage|p2a: Ting-Lu|0 fnt\n|faint|p2a: Ting-Lu\n|move|p2b: Arcanine|Flare Blitz|p1b: Flutter Mane\n|-damage|p1b: Flutter Mane|0 fnt\n|faint|p1b: Flutter Mane\n|-end|p1b: Flutter Mane|Protosynthesis|[silent]\n|-damage|p2b: Arcanine|24\/100|[from] Recoil\n|\n|-damage|p1a: Dragonite|65\/100 brn|[from] brn\n|upkeep\n|\n|t:|1684108343\n|switch|p2a: Sandy Shocks|Sandy Shocks, L50|28\/100\n|turn|7\n|\n|t:|1684108353\n|move|p2a: Sandy Shocks|Protect|p2a: Sandy Shocks\n|-singleturn|p2a: Sandy Shocks|Protect\n|move|p2b: Arcanine|Protect|p2b: Arcanine\n|-singleturn|p2b: Arcanine|Protect\n|move|p1a: Dragonite|Extreme Speed|p2a: Sandy Shocks\n|-activate|p2a: Sandy Shocks|move: Protect\n|\n|-damage|p1a: Dragonite|60\/100 brn|[from] brn\n|upkeep\n|turn|8\n|\n|t:|1684108362\n|move|p1a: Dragonite|Extreme Speed|p2a: Sandy Shocks\n|-damage|p2a: Sandy Shocks|13\/100\n|move|p2a: Sandy Shocks|Thunderbolt|p1a: Dragonite\n|-supereffective|p1a: Dragonite\n|-damage|p1a: Dragonite|0 fnt\n|faint|p1a: Dragonite\n|\n|win|quick222\n|c|\u2606quick222|ggs\n|l|\u2606Ciq108\n","uploadtime":1684108369,"views":12,"p1id":"ciq108","p2id":"quick222","formatid":"gen9vgc2023regulationc","rating":0,"private":0,"password":""}