{"id":"gen9vgc2023regulationc-1847415245","p1":"glitchy_potat","p2":"Mikunji19","format":"[Gen 9] VGC 2023 Regulation C","log":"|j|\u2606glitchy_potat\n|j|\u2606Mikunji19\n|t:|1681952414\n|gametype|doubles\n|player|p1|glitchy_potat|nate|1387\n|player|p2|Mikunji19|marley|1342\n|teamsize|p1|6\n|teamsize|p2|6\n|gen|9\n|tier|[Gen 9] VGC 2023 Regulation C\n|rated|\n|rule|Species Clause: Limit one of each Pok\u00e9mon\n|rule|Item Clause: Limit one of each item\n|clearpoke\n|poke|p1|Palafin, L50, M|\n|poke|p1|Dragonite, L50, M|\n|poke|p1|Brute Bonnet, L50|\n|poke|p1|Armarouge, L50, F|\n|poke|p1|Flutter Mane, L50|\n|poke|p1|Chien-Pao, L50|\n|poke|p2|Annihilape, L50, F|\n|poke|p2|Gholdengo, L50|\n|poke|p2|Maushold-Four, L50|\n|poke|p2|Iron Bundle, L50|\n|poke|p2|Roaring Moon, L50|\n|poke|p2|Arcanine, L50, M|\n|teampreview|4\n|inactive|Battle timer is ON: inactive players will automatically lose when time's up. (requested by glitchy_potat)\n|inactive|glitchy_potat has 60 seconds left.\n|inactive|Mikunji19 has 60 seconds left.\n|\n|t:|1681952470\n|start\n|switch|p1a: Brute Bonnet|Brute Bonnet, L50|100\/100\n|switch|p1b: JoJo|Palafin, L50, M|100\/100\n|switch|p2a: Arcanine|Arcanine, L50, M|100\/100\n|switch|p2b: Roaring Moon|Roaring Moon, L50|100\/100\n|-ability|p2a: Arcanine|Intimidate|boost\n|-unboost|p1a: Brute Bonnet|atk|1\n|-unboost|p1b: JoJo|atk|1\n|-enditem|p2b: Roaring Moon|Booster Energy\n|-activate|p2b: Roaring Moon|ability: Protosynthesis|[fromitem]\n|-start|p2b: Roaring Moon|protosynthesisatk\n|turn|1\n|inactive|glitchy_potat has 30 seconds left.\n|inactive|Mikunji19 has 30 seconds left.\n|\n|t:|1681952503\n|detailschange|p1b: JoJo|Palafin-Hero, L50, M\n|switch|p1b: Armarouge|Armarouge, L50, F|100\/100\n|-terastallize|p2b: Roaring Moon|Flying\n|-terastallize|p1a: Brute Bonnet|Fire\n|move|p2b: Roaring Moon|Acrobatics|p1a: Brute Bonnet\n|-damage|p1a: Brute Bonnet|43\/100\n|-damage|p2b: Roaring Moon|84\/100|[from] item: Rocky Helmet|[of] p1a: Brute Bonnet\n|move|p2a: Arcanine|Snarl|p1a: Brute Bonnet|[spread] p1a,p1b\n|-supereffective|p1b: Armarouge\n|-damage|p1a: Brute Bonnet|35\/100\n|-damage|p1b: Armarouge|83\/100\n|-unboost|p1a: Brute Bonnet|spa|1\n|-unboost|p1b: Armarouge|spa|1\n|move|p1a: Brute Bonnet|Spore|p2b: Roaring Moon\n|-status|p2b: Roaring Moon|slp|[from] move: Spore\n|\n|upkeep\n|turn|2\n|inactive|glitchy_potat has 30 seconds left.\n|inactive|glitchy_potat has 20 seconds left.\n|\n|t:|1681952541\n|cant|p2b: Roaring Moon|slp\n|move|p2a: Arcanine|Extreme Speed|p1a: Brute Bonnet\n|-damage|p1a: Brute Bonnet|15\/100\n|-damage|p2a: Arcanine|84\/100|[from] item: Rocky Helmet|[of] p1a: Brute Bonnet\n|move|p1a: Brute Bonnet|Spore|p2a: Arcanine\n|-status|p2a: Arcanine|slp|[from] move: Spore\n|move|p1b: Armarouge|Trick Room|p1b: Armarouge\n|-fieldstart|move: Trick Room|[of] p1b: Armarouge\n|\n|upkeep\n|turn|3\n|\n|t:|1681952560\n|switch|p1b: JoJo|Palafin-Hero, L50, M|100\/100\n|-activate|p1b: JoJo|ability: Zero to Hero\n|move|p1a: Brute Bonnet|Sucker Punch|p2b: Roaring Moon\n|-damage|p2b: Roaring Moon|58\/100 slp\n|cant|p2a: Arcanine|slp\n|cant|p2b: Roaring Moon|slp\n|\n|upkeep\n|turn|4\n|\n|t:|1681952585\n|cant|p2b: Roaring Moon|slp\n|move|p1a: Brute Bonnet|Rage Powder|p1a: Brute Bonnet\n|-singleturn|p1a: Brute Bonnet|move: Rage Powder\n|move|p1b: JoJo|Wave Crash|p2a: Arcanine\n|-supereffective|p2a: Arcanine\n|-crit|p2a: Arcanine\n|-damage|p2a: Arcanine|0 fnt\n|faint|p2a: Arcanine\n|-damage|p1b: JoJo|74\/100|[from] Recoil\n|\n|upkeep\n|\n|t:|1681952595\n|switch|p2a: Annihilape|Annihilape, L50, F|100\/100\n|turn|5\n|\n|t:|1681952612\n|move|p2a: Annihilape|Protect|p2a: Annihilape\n|-singleturn|p2a: Annihilape|Protect\n|move|p1a: Brute Bonnet|Spore|p2a: Annihilape\n|-activate|p2a: Annihilape|move: Protect\n|move|p1b: JoJo|Wave Crash|p2b: Roaring Moon\n|-damage|p2b: Roaring Moon|0 fnt\n|faint|p2b: Roaring Moon\n|-end|p2b: Roaring Moon|Protosynthesis|[silent]\n|-damage|p1b: JoJo|57\/100|[from] Recoil\n|\n|upkeep\n|\n|t:|1681952621\n|switch|p2b: Iron Bundle|Iron Bundle, L50|100\/100\n|turn|6\n|\n|t:|1681952636\n|move|p2a: Annihilape|Protect||[still]\n|-fail|p2a: Annihilape\n|move|p2b: Iron Bundle|Protect|p2b: Iron Bundle\n|-singleturn|p2b: Iron Bundle|Protect\n|move|p1a: Brute Bonnet|Seed Bomb|p2a: Annihilape\n|-damage|p2a: Annihilape|72\/100\n|move|p1b: JoJo|Wave Crash|p2a: Annihilape\n|-damage|p2a: Annihilape|0 fnt\n|faint|p2a: Annihilape\n|-damage|p1b: JoJo|34\/100|[from] Recoil\n|\n|-fieldend|move: Trick Room\n|upkeep\n|turn|7\n|\n|t:|1681952654\n|move|p2b: Iron Bundle|Freeze-Dry|p1b: JoJo\n|-supereffective|p1b: JoJo\n|-damage|p1b: JoJo|0 fnt\n|faint|p1b: JoJo\n|move|p1a: Brute Bonnet|Seed Bomb|p2b: Iron Bundle\n|-supereffective|p2b: Iron Bundle\n|-damage|p2b: Iron Bundle|26\/100\n|\n|upkeep\n|\n|t:|1681952664\n|switch|p1b: Chien-Pao|Chien-Pao, L50|100\/100\n|-ability|p1b: Chien-Pao|Sword of Ruin\n|turn|8\n|\n|t:|1681952670\n|move|p1a: Brute Bonnet|Sucker Punch|p2b: Iron Bundle\n|-damage|p2b: Iron Bundle|0 fnt\n|faint|p2b: Iron Bundle\n|-end|p2b: Iron Bundle|Quark Drive|[silent]\n|\n|win|glitchy_potat\n|raw|glitchy_potat's rating: 1387 → 1404<\/strong> (+17 for winning)\n|raw|Mikunji19's rating: 1342 → 1325<\/strong> (-17 for losing)\n|l|\u2606Mikunji19\n","uploadtime":1681952678,"views":7,"p1id":"glitchypotat","p2id":"mikunji19","formatid":"gen9vgc2023regulationc","rating":1325,"private":0,"password":""}