{"id":"gen9vgc2023regulationc-1845587972","p1":"bsentinel","p2":"soraesc","format":"[Gen 9] VGC 2023 Regulation C","log":"|j|\u2606bsentinel\n|j|\u2606soraesc\n|t:|1681747382\n|gametype|doubles\n|player|p1|bsentinel|266|1162\n|player|p2|soraesc|n|1120\n|teamsize|p1|6\n|teamsize|p2|6\n|gen|9\n|tier|[Gen 9] VGC 2023 Regulation C\n|rated|\n|rule|Species Clause: Limit one of each Pok\u00e9mon\n|rule|Item Clause: Limit one of each item\n|clearpoke\n|poke|p1|Gyarados, L50, F|\n|poke|p1|Scream Tail, L50|\n|poke|p1|Gastrodon, L50, M|\n|poke|p1|Ditto, L50|\n|poke|p1|Dragapult, L50, M|\n|poke|p1|Talonflame, L50, M|\n|poke|p2|Palafin, L50, F|\n|poke|p2|Glimmora, L50, F|\n|poke|p2|Arcanine, L50, M|\n|poke|p2|Scream Tail, L50|\n|poke|p2|Brute Bonnet, L50|\n|poke|p2|Iron Bundle, L50|\n|teampreview|4\n|inactive|Battle timer is ON: inactive players will automatically lose when time's up. (requested by soraesc)\n|inactive|bsentinel has 60 seconds left.\n|\n|t:|1681747424\n|start\n|switch|p1a: Scream Tail|Scream Tail, L50|100\/100\n|switch|p1b: Gyarados|Gyarados, L50, F|100\/100\n|switch|p2a: Glimmora|Glimmora, L50, F|100\/100\n|switch|p2b: Scream Tail|Scream Tail, L50|100\/100\n|-ability|p1b: Gyarados|Intimidate|boost\n|-unboost|p2a: Glimmora|atk|1\n|-unboost|p2b: Scream Tail|atk|1\n|-enditem|p2b: Scream Tail|Booster Energy\n|-activate|p2b: Scream Tail|ability: Protosynthesis|[fromitem]\n|-start|p2b: Scream Tail|protosynthesisspe\n|turn|1\n|inactive|bsentinel has 30 seconds left.\n|inactive|soraesc has 30 seconds left.\n|inactive|soraesc has 20 seconds left.\n|inactive|bsentinel has 20 seconds left.\n|inactive|soraesc has 15 seconds left.\n|inactive|bsentinel has 15 seconds left.\n|inactive|soraesc has 10 seconds left.\n|\n|t:|1681747473\n|-terastallize|p2a: Glimmora|Grass\n|move|p1b: Gyarados|Protect|p1b: Gyarados\n|-singleturn|p1b: Gyarados|Protect\n|move|p2b: Scream Tail|Stealth Rock|p1a: Scream Tail\n|-sidestart|p1: bsentinel|move: Stealth Rock\n|move|p1a: Scream Tail|Howl|p1a: Scream Tail|[spread] p1a,p1b\n|-boost|p1a: Scream Tail|atk|1\n|-boost|p1b: Gyarados|atk|1\n|move|p2a: Glimmora|Power Gem|p1b: Gyarados\n|-activate|p1b: Gyarados|move: Protect\n|\n|upkeep\n|turn|2\n|inactive|bsentinel has 30 seconds left.\n|\n|t:|1681747503\n|move|p2b: Scream Tail|Encore|p1b: Gyarados\n|-start|p1b: Gyarados|Encore\n|move|p1a: Scream Tail|Disable|p2a: Glimmora\n|-start|p2a: Glimmora|Disable|Power Gem\n|cant|p2a: Glimmora|Disable|Power Gem\n|move|p1b: Gyarados|Protect||[still]\n|-fail|p1b: Gyarados\n|\n|upkeep\n|turn|3\n|inactive|bsentinel has 30 seconds left.\n|inactive|soraesc has 30 seconds left.\n|\n|t:|1681747538\n|switch|p1b: Ditto|Ditto, L50|100\/100\n|-damage|p1b: Ditto|88\/100|[from] Stealth Rock\n|-transform|p1b: Ditto|p2a: Glimmora|[from] ability: Imposter\n|move|p2b: Scream Tail|Encore|p1a: Scream Tail\n|-start|p1a: Scream Tail|Encore\n|move|p1a: Scream Tail|Disable|p2b: Scream Tail\n|-start|p2b: Scream Tail|Disable|Encore\n|move|p2a: Glimmora|Earth Power|p1a: Scream Tail\n|-damage|p1a: Scream Tail|77\/100\n|\n|-heal|p1a: Scream Tail|82\/100|[from] item: Leftovers\n|upkeep\n|-start|p1b: Ditto|typechange|Rock\/Poison|[silent]\n|turn|4\n|inactive|bsentinel has 30 seconds left.\n|inactive|soraesc has 30 seconds left.\n|inactive|bsentinel has 20 seconds left.\n|inactive|soraesc has 20 seconds left.\n|\n|t:|1681747575\n|-end|p2b: Scream Tail|Protosynthesis|[silent]\n|switch|p2b: Iron Bundle|Iron Bundle, L50, shiny|100\/100\n|-end|p1a: Scream Tail|Protosynthesis|[silent]\n|switch|p1a: Gastrodon|Gastrodon, L50, M|100\/100\n|-damage|p1a: Gastrodon|95\/100|[from] Stealth Rock\n|switch|p1b: Gyarados|Gyarados, L50, F|100\/100\n|-damage|p1b: Gyarados|76\/100|[from] Stealth Rock\n|-ability|p1b: Gyarados|Intimidate|boost\n|-unboost|p2a: Glimmora|atk|1\n|-unboost|p2b: Iron Bundle|atk|1\n|switch|p2a: Brute Bonnet|Brute Bonnet, L50, shiny|100\/100\n|\n|upkeep\n|turn|5\n|inactive|bsentinel has 30 seconds left.\n|inactive|soraesc has 30 seconds left.\n|inactive|soraesc has 20 seconds left.\n|\n|t:|1681747612\n|switch|p1a: Scream Tail|Scream Tail, L50|82\/100\n|-damage|p1a: Scream Tail|70\/100|[from] Stealth Rock\n|-terastallize|p1b: Gyarados|Flying\n|move|p2b: Iron Bundle|Freeze-Dry|p1b: Gyarados\n|-supereffective|p1b: Gyarados\n|-damage|p1b: Gyarados|15\/100\n|move|p1b: Gyarados|Tera Blast|p2a: Brute Bonnet\n|-supereffective|p2a: Brute Bonnet\n|-damage|p2a: Brute Bonnet|11\/100\n|-enditem|p2a: Brute Bonnet|Sitrus Berry|[eat]\n|-heal|p2a: Brute Bonnet|35\/100|[from] item: Sitrus Berry\n|move|p2a: Brute Bonnet|Spore|p1a: Scream Tail\n|-status|p1a: Scream Tail|slp|[from] move: Spore\n|\n|-heal|p1a: Scream Tail|76\/100 slp|[from] item: Leftovers\n|upkeep\n|turn|6\n|inactive|soraesc has 30 seconds left.\n|\n|t:|1681747638\n|-end|p2a: Brute Bonnet|Protosynthesis|[silent]\n|switch|p2a: Scream Tail|Scream Tail, L50|100\/100\n|move|p1b: Gyarados|Protect|p1b: Gyarados\n|-singleturn|p1b: Gyarados|Protect\n|move|p2b: Iron Bundle|Icy Wind|p1a: Scream Tail|[spread] p1a\n|-activate|p1b: Gyarados|move: Protect\n|-damage|p1a: Scream Tail|61\/100 slp\n|-unboost|p1a: Scream Tail|spe|1\n|cant|p1a: Scream Tail|slp\n|\n|-heal|p1a: Scream Tail|67\/100 slp|[from] item: Leftovers\n|upkeep\n|turn|7\n|\n|t:|1681747655\n|-end|p2a: Scream Tail|Protosynthesis|[silent]\n|switch|p2a: Brute Bonnet|Brute Bonnet, L50, shiny|35\/100\n|switch|p1b: Ditto|Ditto, L50|88\/100\n|-damage|p1b: Ditto|76\/100|[from] Stealth Rock\n|-transform|p1b: Ditto|p2a: Brute Bonnet|[from] ability: Imposter\n|move|p2b: Iron Bundle|Icy Wind|p1b: Ditto|[spread] p1a,p1b\n|-supereffective|p1b: Ditto\n|-damage|p1a: Scream Tail|53\/100 slp\n|-damage|p1b: Ditto|40\/100\n|-unboost|p1a: Scream Tail|spe|1\n|-unboost|p1b: Ditto|spe|1\n|cant|p1a: Scream Tail|slp\n|\n|-heal|p1a: Scream Tail|59\/100 slp|[from] item: Leftovers\n|upkeep\n|turn|8\n|inactive|soraesc has 30 seconds left.\n|\n|t:|1681747686\n|-end|p2a: Brute Bonnet|Protosynthesis|[silent]\n|switch|p2a: Scream Tail|Scream Tail, L50|100\/100\n|move|p1b: Ditto|Sucker Punch|p2b: Iron Bundle\n|-damage|p2b: Iron Bundle|62\/100\n|move|p2b: Iron Bundle|Freeze-Dry|p1b: Ditto\n|-supereffective|p1b: Ditto\n|-damage|p1b: Ditto|0 fnt\n|faint|p1b: Ditto\n|-end|p1b: Ditto|Protosynthesis|[silent]\n|-curestatus|p1a: Scream Tail|slp|[msg]\n|move|p1a: Scream Tail|Perish Song|p1a: Scream Tail\n|-start|p1a: Scream Tail|perish3|[silent]\n|-start|p2a: Scream Tail|perish3|[silent]\n|-start|p2b: Iron Bundle|perish3|[silent]\n|-fieldactivate|move: Perish Song\n|\n|-heal|p1a: Scream Tail|65\/100|[from] item: Leftovers\n|-start|p2b: Iron Bundle|perish3\n|-start|p2a: Scream Tail|perish3\n|-start|p1a: Scream Tail|perish3\n|upkeep\n|\n|t:|1681747698\n|switch|p1b: Gyarados|Gyarados, L50, F, tera:Flying|15\/100\n|-damage|p1b: Gyarados|0 fnt|[from] Stealth Rock\n|faint|p1b: Gyarados\n|\n|t:|1681747702\n|switch|p1b: Gastrodon|Gastrodon, L50, M|95\/100\n|-damage|p1b: Gastrodon|89\/100|[from] Stealth Rock\n|turn|9\n|\n|t:|1681747717\n|-end|p2b: Iron Bundle|Quark Drive|[silent]\n|switch|p2b: Brute Bonnet|Brute Bonnet, L50, shiny|35\/100\n|move|p1b: Gastrodon|Protect|p1b: Gastrodon\n|-singleturn|p1b: Gastrodon|Protect\n|move|p2a: Scream Tail|Encore|p1a: Scream Tail\n|-start|p1a: Scream Tail|Encore\n|move|p1a: Scream Tail|Perish Song|p1a: Scream Tail\n|-start|p1b: Gastrodon|perish3|[silent]\n|-start|p2b: Brute Bonnet|perish3|[silent]\n|-fieldactivate|move: Perish Song\n|\n|-heal|p1a: Scream Tail|71\/100|[from] item: Leftovers\n|-start|p2a: Scream Tail|perish2\n|-start|p1a: Scream Tail|perish2\n|-start|p2b: Brute Bonnet|perish3\n|-start|p1b: Gastrodon|perish3\n|upkeep\n|turn|10\n|-message|bsentinel forfeited.\n|\n|win|soraesc\n|raw|bsentinel's rating: 1162 → 1134<\/strong> (-28 for losing)\n|raw|soraesc's rating: 1120 → 1148<\/strong> (+28 for winning)\n|l|\u2606bsentinel\n|c|\u2606soraesc|lmao\n","uploadtime":1681747729,"views":14,"p1id":"bsentinel","p2id":"soraesc","formatid":"gen9vgc2023regulationc","rating":1134,"private":0,"password":""}