{"id":"gen9vgc2023regulationc-1846799040","p1":"Tedno","p2":"Mikunji19","format":"[Gen 9] VGC 2023 Regulation C","log":"|j|\u2606Tedno\n|j|\u2606Mikunji19\n|t:|1681881323\n|gametype|doubles\n|player|p1|Tedno|265|1251\n|player|p2|Mikunji19|marley|1305\n|teamsize|p1|6\n|teamsize|p2|6\n|gen|9\n|tier|[Gen 9] VGC 2023 Regulation C\n|rated|\n|rule|Species Clause: Limit one of each Pok\u00e9mon\n|rule|Item Clause: Limit one of each item\n|clearpoke\n|poke|p1|Dondozo, L50, M|\n|poke|p1|Tatsugiri, L50, M|\n|poke|p1|Arcanine, L50, M|\n|poke|p1|Amoonguss, L50, M|\n|poke|p1|Ting-Lu, L50|\n|poke|p1|Flutter Mane, L50|\n|poke|p2|Annihilape, L50, F|\n|poke|p2|Gholdengo, L50|\n|poke|p2|Maushold-Four, L50|\n|poke|p2|Iron Bundle, L50|\n|poke|p2|Roaring Moon, L50|\n|poke|p2|Arcanine, L50, M|\n|teampreview|4\n|inactive|Battle timer is ON: inactive players will automatically lose when time's up. (requested by Tedno)\n|inactive|Tedno has 60 seconds left.\n|inactive|Mikunji19 has 60 seconds left.\n|inactive|Tedno has 30 seconds left.\n|\n|t:|1681881395\n|start\n|switch|p1a: Flutter Mane|Flutter Mane, L50|100\/100\n|switch|p1b: Amoonguss|Amoonguss, L50, M|100\/100\n|switch|p2a: Iron Bundle|Iron Bundle, L50|100\/100\n|switch|p2b: Roaring Moon|Roaring Moon, L50|100\/100\n|-enditem|p2b: Roaring Moon|Booster Energy\n|-activate|p2b: Roaring Moon|ability: Protosynthesis|[fromitem]\n|-start|p2b: Roaring Moon|protosynthesisatk\n|turn|1\n|inactive|Mikunji19 has 30 seconds left.\n|\n|t:|1681881422\n|switch|p1b: Arcanine|Arcanine, L50, M|100\/100\n|-ability|p1b: Arcanine|Intimidate|boost\n|-unboost|p2a: Iron Bundle|atk|1\n|-unboost|p2b: Roaring Moon|atk|1\n|-terastallize|p2b: Roaring Moon|Flying\n|move|p2a: Iron Bundle|Icy Wind|p1b: Arcanine|[spread] p1a,p1b\n|-resisted|p1b: Arcanine\n|-damage|p1a: Flutter Mane|77\/100\n|-damage|p1b: Arcanine|88\/100\n|-unboost|p1a: Flutter Mane|spe|1\n|-unboost|p1b: Arcanine|spe|1\n|move|p2b: Roaring Moon|Acrobatics|p1b: Arcanine\n|-damage|p1b: Arcanine|31\/100\n|move|p1a: Flutter Mane|Energy Ball|p2a: Iron Bundle\n|-supereffective|p2a: Iron Bundle\n|-damage|p2a: Iron Bundle|0 fnt\n|faint|p2a: Iron Bundle\n|-end|p2a: Iron Bundle|Quark Drive|[silent]\n|\n|upkeep\n|\n|t:|1681881443\n|switch|p2a: Arcanine|Arcanine, L50, M|100\/100\n|-ability|p2a: Arcanine|Intimidate|boost\n|-unboost|p1a: Flutter Mane|atk|1\n|-unboost|p1b: Arcanine|atk|1\n|turn|2\n|\n|t:|1681881456\n|-end|p1a: Flutter Mane|Protosynthesis|[silent]\n|switch|p1a: Ting-Lu|Ting-Lu, L50|100\/100\n|-ability|p1a: Ting-Lu|Vessel of Ruin\n|move|p1b: Arcanine|Protect|p1b: Arcanine\n|-singleturn|p1b: Arcanine|Protect\n|move|p2b: Roaring Moon|Acrobatics|p1a: Ting-Lu\n|-damage|p1a: Ting-Lu|72\/100\n|move|p2a: Arcanine|Snarl|p1a: Ting-Lu|[spread] p1a\n|-activate|p1b: Arcanine|move: Protect\n|-resisted|p1a: Ting-Lu\n|-damage|p1a: Ting-Lu|70\/100\n|-unboost|p1a: Ting-Lu|spa|1\n|\n|upkeep\n|turn|3\n|inactive|Mikunji19 has 30 seconds left.\n|\n|t:|1681881483\n|switch|p1b: Amoonguss|Amoonguss, L50, M|100\/100\n|move|p2b: Roaring Moon|Tailwind|p2b: Roaring Moon\n|-sidestart|p2: Mikunji19|move: Tailwind\n|move|p2a: Arcanine|Close Combat|p1a: Ting-Lu\n|-supereffective|p1a: Ting-Lu\n|-damage|p1a: Ting-Lu|31\/100\n|-unboost|p2a: Arcanine|def|1\n|-unboost|p2a: Arcanine|spd|1\n|move|p1a: Ting-Lu|Stone Edge|p2b: Roaring Moon\n|-supereffective|p2b: Roaring Moon\n|-damage|p2b: Roaring Moon|39\/100\n|\n|upkeep\n|turn|4\n|inactive|Tedno has 30 seconds left.\n|inactive|Tedno has 20 seconds left.\n|\n|t:|1681881518\n|-end|p2b: Roaring Moon|Protosynthesis|[silent]\n|switch|p2b: Maushold|Maushold-Four, L50|100\/100\n|switch|p1a: Flutter Mane|Flutter Mane, L50|77\/100\n|move|p1b: Amoonguss|Protect|p1b: Amoonguss\n|-singleturn|p1b: Amoonguss|Protect\n|move|p2a: Arcanine|Flare Blitz|p1b: Amoonguss\n|-activate|p1b: Amoonguss|move: Protect\n|\n|upkeep\n|turn|5\n|\n|t:|1681881537\n|-end|p1a: Flutter Mane|Protosynthesis|[silent]\n|switch|p1a: Arcanine|Arcanine, L50, M|31\/100\n|-ability|p1a: Arcanine|Intimidate|boost\n|-unboost|p2a: Arcanine|atk|1\n|-unboost|p2b: Maushold|atk|1\n|move|p2b: Maushold|Super Fang|p1b: Amoonguss\n|-damage|p1b: Amoonguss|51\/100\n|move|p2a: Arcanine|Flare Blitz|p1a: Arcanine\n|-resisted|p1a: Arcanine\n|-damage|p1a: Arcanine|11\/100\n|-damage|p2a: Arcanine|95\/100|[from] Recoil\n|move|p1b: Amoonguss|Pollen Puff|p1a: Arcanine\n|-heal|p1a: Arcanine|60\/100\n|\n|upkeep\n|turn|6\n|inactive|Tedno has 30 seconds left.\n|inactive|Tedno has 20 seconds left.\n|\n|t:|1681881574\n|switch|p2a: Roaring Moon|Roaring Moon, L50, tera:Flying|39\/100\n|switch|p1b: Flutter Mane|Flutter Mane, L50|77\/100\n|move|p1a: Arcanine|Protect|p1a: Arcanine\n|-singleturn|p1a: Arcanine|Protect\n|move|p2b: Maushold|Super Fang|p1b: Flutter Mane\n|-immune|p1b: Flutter Mane\n|\n|-sideend|p2: Mikunji19|move: Tailwind\n|upkeep\n|turn|7\n|\n|t:|1681881598\n|move|p2b: Maushold|Follow Me|p2b: Maushold\n|-singleturn|p2b: Maushold|move: Follow Me\n|move|p1b: Flutter Mane|Dazzling Gleam|p2a: Roaring Moon|[spread] p2a,p2b\n|-damage|p2a: Roaring Moon|10\/100\n|-damage|p2b: Maushold|57\/100\n|move|p2a: Roaring Moon|Acrobatics|p1b: Flutter Mane\n|-damage|p1b: Flutter Mane|0 fnt\n|faint|p1b: Flutter Mane\n|-end|p1b: Flutter Mane|Protosynthesis|[silent]\n|move|p1a: Arcanine|Flare Blitz|p2b: Maushold\n|-damage|p2b: Maushold|5\/100\n|-damage|p1a: Arcanine|42\/100|[from] Recoil\n|\n|upkeep\n|\n|t:|1681881619\n|switch|p1b: Amoonguss|Amoonguss, L50, M|84\/100\n|turn|8\n|\n|t:|1681881632\n|move|p1b: Amoonguss|Protect|p1b: Amoonguss\n|-singleturn|p1b: Amoonguss|Protect\n|move|p2b: Maushold|Follow Me|p2b: Maushold\n|-singleturn|p2b: Maushold|move: Follow Me\n|move|p2a: Roaring Moon|Acrobatics|p1a: Arcanine\n|-damage|p1a: Arcanine|0 fnt\n|faint|p1a: Arcanine\n|\n|upkeep\n|\n|t:|1681881639\n|switch|p1a: Ting-Lu|Ting-Lu, L50|31\/100\n|-ability|p1a: Ting-Lu|Vessel of Ruin\n|turn|9\n|\n|t:|1681881661\n|-terastallize|p1b: Amoonguss|Water\n|move|p2b: Maushold|Follow Me|p2b: Maushold\n|-singleturn|p2b: Maushold|move: Follow Me\n|move|p2a: Roaring Moon|Acrobatics|p1b: Amoonguss\n|-damage|p1b: Amoonguss|44\/100\n|-enditem|p1b: Amoonguss|Sitrus Berry|[eat]\n|-heal|p1b: Amoonguss|69\/100|[from] item: Sitrus Berry\n|move|p1a: Ting-Lu|Stomping Tantrum|p2b: Maushold\n|-damage|p2b: Maushold|0 fnt\n|faint|p2b: Maushold\n|move|p1b: Amoonguss|Spore|p2a: Roaring Moon\n|-status|p2a: Roaring Moon|slp|[from] move: Spore\n|\n|upkeep\n|\n|t:|1681881673\n|switch|p2b: Arcanine|Arcanine, L50, M|95\/100\n|-ability|p2b: Arcanine|Intimidate|boost\n|-unboost|p1a: Ting-Lu|atk|1\n|-unboost|p1b: Amoonguss|atk|1\n|turn|10\n|\n|t:|1681881691\n|cant|p2a: Roaring Moon|slp\n|move|p2b: Arcanine|Close Combat|p1a: Ting-Lu\n|-supereffective|p1a: Ting-Lu\n|-damage|p1a: Ting-Lu|0 fnt\n|-unboost|p2b: Arcanine|def|1\n|-unboost|p2b: Arcanine|spd|1\n|faint|p1a: Ting-Lu\n|move|p1b: Amoonguss|Spore|p2b: Arcanine\n|-status|p2b: Arcanine|slp|[from] move: Spore\n|\n|upkeep\n|turn|11\n|\n|t:|1681881707\n|cant|p2a: Roaring Moon|slp\n|cant|p2b: Arcanine|slp\n|move|p1b: Amoonguss|Pollen Puff|p2a: Roaring Moon\n|-resisted|p2a: Roaring Moon\n|-damage|p2a: Roaring Moon|0 fnt\n|faint|p2a: Roaring Moon\n|-end|p2a: Roaring Moon|Protosynthesis|[silent]\n|\n|upkeep\n|turn|12\n|\n|t:|1681881715\n|cant|p2b: Arcanine|slp\n|move|p1b: Amoonguss|Pollen Puff|p2b: Arcanine\n|-resisted|p2b: Arcanine\n|-damage|p2b: Arcanine|86\/100 slp\n|\n|upkeep\n|turn|13\n|\n|t:|1681881722\n|cant|p2b: Arcanine|slp\n|move|p1b: Amoonguss|Pollen Puff|p2b: Arcanine\n|-resisted|p2b: Arcanine\n|-damage|p2b: Arcanine|75\/100 slp\n|\n|upkeep\n|turn|14\n|\n|t:|1681881726\n|-curestatus|p2b: Arcanine|slp|[msg]\n|move|p2b: Arcanine|Snarl|p1b: Amoonguss\n|-damage|p1b: Amoonguss|58\/100\n|-unboost|p1b: Amoonguss|spa|1\n|move|p1b: Amoonguss|Spore|p2b: Arcanine\n|-status|p2b: Arcanine|slp|[from] move: Spore\n|\n|upkeep\n|turn|15\n|\n|t:|1681881737\n|cant|p2b: Arcanine|slp\n|move|p1b: Amoonguss|Pollen Puff|p2b: Arcanine\n|-resisted|p2b: Arcanine\n|-damage|p2b: Arcanine|69\/100 slp\n|\n|upkeep\n|turn|16\n|\n|t:|1681881741\n|-curestatus|p2b: Arcanine|slp|[msg]\n|move|p2b: Arcanine|Snarl|p1b: Amoonguss\n|-damage|p1b: Amoonguss|48\/100\n|-unboost|p1b: Amoonguss|spa|1\n|move|p1b: Amoonguss|Pollen Puff|p2b: Arcanine\n|-resisted|p2b: Arcanine\n|-damage|p2b: Arcanine|64\/100\n|\n|upkeep\n|turn|17\n|\n|t:|1681881750\n|move|p2b: Arcanine|Snarl|p1b: Amoonguss\n|-damage|p1b: Amoonguss|37\/100\n|-unboost|p1b: Amoonguss|spa|1\n|move|p1b: Amoonguss|Spore|p2b: Arcanine\n|-status|p2b: Arcanine|slp|[from] move: Spore\n|\n|upkeep\n|turn|18\n|\n|t:|1681881759\n|cant|p2b: Arcanine|slp\n|move|p1b: Amoonguss|Pollen Puff|p2b: Arcanine\n|-resisted|p2b: Arcanine\n|-damage|p2b: Arcanine|59\/100 slp\n|\n|upkeep\n|turn|19\n|\n|t:|1681881765\n|-curestatus|p2b: Arcanine|slp|[msg]\n|move|p2b: Arcanine|Snarl|p1b: Amoonguss\n|-damage|p1b: Amoonguss|25\/100\n|-unboost|p1b: Amoonguss|spa|1\n|move|p1b: Amoonguss|Pollen Puff|p2b: Arcanine\n|-resisted|p2b: Arcanine\n|-damage|p2b: Arcanine|56\/100\n|\n|upkeep\n|turn|20\n|\n|t:|1681881775\n|move|p2b: Arcanine|Extreme Speed|p1b: Amoonguss\n|-damage|p1b: Amoonguss|8\/100\n|move|p1b: Amoonguss|Spore|p2b: Arcanine\n|-status|p2b: Arcanine|slp|[from] move: Spore\n|\n|upkeep\n|turn|21\n|\n|t:|1681881782\n|cant|p2b: Arcanine|slp\n|move|p1b: Amoonguss|Pollen Puff|p2b: Arcanine\n|-resisted|p2b: Arcanine\n|-damage|p2b: Arcanine|53\/100 slp\n|\n|upkeep\n|turn|22\n|\n|t:|1681881789\n|-curestatus|p2b: Arcanine|slp|[msg]\n|move|p2b: Arcanine|Extreme Speed|p1b: Amoonguss\n|-damage|p1b: Amoonguss|0 fnt\n|faint|p1b: Amoonguss\n|\n|win|Mikunji19\n|raw|Tedno's rating: 1251 → 1230<\/strong> (-21 for losing)\n|raw|Mikunji19's rating: 1305 → 1322<\/strong> (+17 for winning)\n","uploadtime":1681882014,"views":7,"p1id":"tedno","p2id":"mikunji19","formatid":"gen9vgc2023regulationc","rating":1230,"private":0,"password":""}