{"id":"gen9vgc2023regulationc-1856009852","p1":"LoafOfGodlyBread","p2":"PerroDog","format":"[Gen 9] VGC 2023 Regulation C","log":"|j|\u2606LoafOfGodlyBread\n|j|\u2606PerroDog\n|t:|1683016588\n|gametype|doubles\n|player|p1|LoafOfGodlyBread|marshal|\n|player|p2|PerroDog|266|\n|teamsize|p1|6\n|teamsize|p2|6\n|gen|9\n|tier|[Gen 9] VGC 2023 Regulation C\n|rated|Tournament battle\n|rule|Species Clause: Limit one of each Pok\u00e9mon\n|rule|Item Clause: Limit one of each item\n|clearpoke\n|poke|p1|Dondozo, L50, F|\n|poke|p1|Tatsugiri-Droopy, L50, M|\n|poke|p1|Ting-Lu, L50|\n|poke|p1|Flutter Mane, L50|\n|poke|p1|Rotom-Heat, L50|\n|poke|p1|Amoonguss, L50, M|\n|poke|p2|Garchomp, L50, F|\n|poke|p2|Kingambit, L50, M|\n|poke|p2|Flutter Mane, L50|\n|poke|p2|Chi-Yu, L50|\n|poke|p2|Gyarados, L50, F|\n|poke|p2|Amoonguss, L50, M|\n|teampreview|4\n|raw| Open Team Sheet for LoafOfGodlyBread<\/summary>Mayo (Dondozo) @ Leftovers Ability: Unaware Level: 50 Shiny: Yes Tera Type: Ground - Wave Crash - Earthquake - Facade - Protect Imposter (Tatsugiri-Droopy) @ Choice Scarf Ability: Commander Level: 50 Tera Type: Dragon - Icy Wind - Draco Meteor - Muddy Water - Taunt Fruit-loops (Ting-Lu) @ Assault Vest Ability: Vessel of Ruin Level: 50 Tera Type: Water - Throat Chop - Stomping Tantrum - Fissure - Heavy Slam Mia Fey (Flutter Mane) @ Choice Specs Ability: Protosynthesis Level: 50 Tera Type: Fairy - Moonblast - Shadow Ball - Dazzling Gleam - Icy Wind Dinner's ready! (Rotom-Heat) @ Safety Goggles Ability: Levitate Level: 50 Shiny: Yes Tera Type: Fire - Overheat - Will-O-Wisp - Volt Switch - Protect Crewmate (Amoonguss) @ Sitrus Berry Ability: Regenerator Level: 50 Shiny: Yes Tera Type: Flying - Spore - Rage Powder - Pollen Puff - Protect <\/details><\/div> Open Team Sheet for PerroDog<\/summary>Garchomp @ Life Orb Ability: Rough Skin Level: 50 Tera Type: Fire - Earthquake - Stomping Tantrum - Dragon Claw - Protect Kingambit @ Assault Vest Ability: Defiant Level: 50 Tera Type: Flying - Assurance - Iron Head - Sucker Punch - Tera Blast Flutter Mane @ Booster Energy Ability: Protosynthesis Level: 50 Tera Type: Water - Moonblast - Shadow Ball - Thunderbolt - Protect Chi-Yu @ Safety Goggles Ability: Beads of Ruin Level: 50 Tera Type: Water - Heat Wave - Dark Pulse - Nasty Plot - Protect Gyarados @ Sitrus Berry Ability: Intimidate Level: 50 Tera Type: Steel - Waterfall - Thunder Wave - Taunt - Iron Head Amoonguss @ Rocky Helmet Ability: Regenerator Level: 50 Tera Type: Water - Rage Powder - Spore - Pollen Puff - Protect <\/details><\/div>\n|c|\u2606PerroDog|Glhf\n|c|\u2606LoafOfGodlyBread|u2\n|\n|t:|1683016687\n|start\n|switch|p1a: Fruit-loops|Ting-Lu, L50|100\/100\n|switch|p1b: Dinner's ready!|Rotom-Heat, L50, shiny|100\/100\n|switch|p2a: Flutter Mane|Flutter Mane, L50|100\/100\n|switch|p2b: Chi-Yu|Chi-Yu, L50|100\/100\n|-ability|p2b: Chi-Yu|Beads of Ruin\n|-ability|p1a: Fruit-loops|Vessel of Ruin\n|-enditem|p2a: Flutter Mane|Booster Energy\n|-activate|p2a: Flutter Mane|ability: Protosynthesis|[fromitem]\n|-start|p2a: Flutter Mane|protosynthesisspa\n|turn|1\n|\n|t:|1683016732\n|-terastallize|p2b: Chi-Yu|Water\n|-terastallize|p1a: Fruit-loops|Water\n|move|p1b: Dinner's ready!|Protect|p1b: Dinner's ready!\n|-singleturn|p1b: Dinner's ready!|Protect\n|move|p2a: Flutter Mane|Moonblast|p1a: Fruit-loops\n|-damage|p1a: Fruit-loops|67\/100\n|move|p2b: Chi-Yu|Nasty Plot|p2b: Chi-Yu\n|-boost|p2b: Chi-Yu|spa|2\n|move|p1a: Fruit-loops|Heavy Slam|p2a: Flutter Mane\n|-supereffective|p2a: Flutter Mane\n|-damage|p2a: Flutter Mane|0 fnt\n|faint|p2a: Flutter Mane\n|-end|p2a: Flutter Mane|Protosynthesis|[silent]\n|\n|upkeep\n|\n|t:|1683016748\n|switch|p2a: Amoonguss|Amoonguss, L50, M|100\/100\n|turn|2\n|\n|t:|1683016766\n|move|p2b: Chi-Yu|Protect|p2b: Chi-Yu\n|-singleturn|p2b: Chi-Yu|Protect\n|move|p1b: Dinner's ready!|Volt Switch|p2b: Chi-Yu\n|-activate|p2b: Chi-Yu|move: Protect\n|move|p1a: Fruit-loops|Fissure|p2a: Amoonguss|[miss]\n|-miss|p1a: Fruit-loops|p2a: Amoonguss\n|move|p2a: Amoonguss|Spore|p1b: Dinner's ready!\n|-activate|p1b: Dinner's ready!|item: Safety Goggles|Spore\n|\n|upkeep\n|turn|3\n|\n|t:|1683016783\n|move|p2b: Chi-Yu|Dark Pulse|p1b: Dinner's ready!\n|-damage|p1b: Dinner's ready!|6\/100\n|move|p1b: Dinner's ready!|Volt Switch|p2b: Chi-Yu\n|-supereffective|p2b: Chi-Yu\n|-damage|p2b: Chi-Yu|45\/100\n|\n|t:|1683016792\n|switch|p1b: Mayo|Dondozo, L50, F, shiny|100\/100|[from] Volt Switch\n|move|p1a: Fruit-loops|Stomping Tantrum|p2a: Amoonguss\n|-damage|p2a: Amoonguss|39\/100\n|-damage|p1a: Fruit-loops|51\/100|[from] item: Rocky Helmet|[of] p2a: Amoonguss\n|move|p2a: Amoonguss|Spore|p1a: Fruit-loops\n|-status|p1a: Fruit-loops|slp|[from] move: Spore\n|\n|upkeep\n|turn|4\n|\n|t:|1683016813\n|switch|p1a: Imposter|Tatsugiri-Droopy, L50, M|100\/100\n|-activate|p1a: Imposter|ability: Commander|[of] p1b: Mayo\n|-boost|p1b: Mayo|atk|2\n|-boost|p1b: Mayo|spa|2\n|-boost|p1b: Mayo|spe|2\n|-boost|p1b: Mayo|def|2\n|-boost|p1b: Mayo|spd|2\n|switch|p2a: Gyarados|Gyarados, L50, F|100\/100\n|-ability|p2a: Gyarados|Intimidate|boost\n|-unboost|p1a: Imposter|atk|1\n|-unboost|p1b: Mayo|atk|1\n|move|p2b: Chi-Yu|Protect|p2b: Chi-Yu\n|-singleturn|p2b: Chi-Yu|Protect\n|move|p1b: Mayo|Earthquake|p2a: Gyarados|[spread] \n|-miss|p1b: Mayo|p1a: Imposter\n|-activate|p2b: Chi-Yu|move: Protect\n|-immune|p2a: Gyarados\n|\n|upkeep\n|turn|5\n|\n|t:|1683016840\n|move|p1b: Mayo|Wave Crash|p2b: Chi-Yu\n|-resisted|p2b: Chi-Yu\n|-crit|p2b: Chi-Yu\n|-damage|p2b: Chi-Yu|0 fnt\n|faint|p2b: Chi-Yu\n|-damage|p1b: Mayo|92\/100|[from] Recoil\n|move|p2a: Gyarados|Thunder Wave|p1b: Mayo\n|-status|p1b: Mayo|par\n|\n|-heal|p1b: Mayo|98\/100 par|[from] item: Leftovers\n|upkeep\n|\n|t:|1683016844\n|switch|p2b: Amoonguss|Amoonguss, L50, M|72\/100\n|turn|6\n|\n|t:|1683016853\n|move|p2b: Amoonguss|Protect|p2b: Amoonguss\n|-singleturn|p2b: Amoonguss|Protect\n|move|p2a: Gyarados|Taunt|p1b: Mayo\n|-start|p1b: Mayo|move: Taunt\n|cant|p1b: Mayo|par\n|\n|-heal|p1b: Mayo|100\/100 par|[from] item: Leftovers\n|upkeep\n|turn|7\n|j| Ze Banded\n|\n|t:|1683016892\n|move|p2a: Gyarados|Waterfall|p1b: Mayo\n|-resisted|p1b: Mayo\n|-damage|p1b: Mayo|95\/100 par\n|cant|p1b: Mayo|par\n|move|p2b: Amoonguss|Pollen Puff|p1b: Mayo\n|-damage|p1b: Mayo|86\/100 par\n|\n|-heal|p1b: Mayo|93\/100 par|[from] item: Leftovers\n|upkeep\n|turn|8\n|\n|t:|1683016916\n|move|p2a: Gyarados|Waterfall|p1b: Mayo\n|-resisted|p1b: Mayo\n|-damage|p1b: Mayo|86\/100 par\n|cant|p1b: Mayo|flinch\n|move|p2b: Amoonguss|Pollen Puff|p1b: Mayo\n|-damage|p1b: Mayo|77\/100 par\n|\n|-heal|p1b: Mayo|84\/100 par|[from] item: Leftovers\n|-end|p1b: Mayo|move: Taunt\n|upkeep\n|turn|9\n|\n|t:|1683016931\n|move|p2b: Amoonguss|Protect|p2b: Amoonguss\n|-singleturn|p2b: Amoonguss|Protect\n|move|p2a: Gyarados|Waterfall|p1b: Mayo\n|-resisted|p1b: Mayo\n|-damage|p1b: Mayo|78\/100 par\n|move|p1b: Mayo|Facade|p2b: Amoonguss\n|-activate|p2b: Amoonguss|move: Protect\n|\n|-heal|p1b: Mayo|85\/100 par|[from] item: Leftovers\n|upkeep\n|turn|10\n|\n|t:|1683016942\n|move|p2a: Gyarados|Waterfall|p1b: Mayo\n|-resisted|p1b: Mayo\n|-damage|p1b: Mayo|78\/100 par\n|cant|p1b: Mayo|par\n|move|p2b: Amoonguss|Pollen Puff|p1b: Mayo\n|-damage|p1b: Mayo|70\/100 par\n|\n|-heal|p1b: Mayo|76\/100 par|[from] item: Leftovers\n|upkeep\n|turn|11\n|\n|t:|1683016954\n|move|p2a: Gyarados|Waterfall|p1b: Mayo\n|-resisted|p1b: Mayo\n|-damage|p1b: Mayo|71\/100 par\n|cant|p1b: Mayo|par\n|move|p2b: Amoonguss|Pollen Puff|p1b: Mayo\n|-damage|p1b: Mayo|63\/100 par\n|\n|-heal|p1b: Mayo|69\/100 par|[from] item: Leftovers\n|upkeep\n|turn|12\n|\n|t:|1683016965\n|move|p2a: Gyarados|Waterfall|p1b: Mayo\n|-resisted|p1b: Mayo\n|-damage|p1b: Mayo|63\/100 par\n|move|p1b: Mayo|Wave Crash|p2a: Gyarados\n|-resisted|p2a: Gyarados\n|-damage|p2a: Gyarados|65\/100\n|-damage|p1b: Mayo|53\/100 par|[from] Recoil\n|move|p2b: Amoonguss|Pollen Puff|p1b: Mayo\n|-damage|p1b: Mayo|44\/100 par\n|\n|-heal|p1b: Mayo|50\/100 par|[from] item: Leftovers\n|upkeep\n|turn|13\n|\n|t:|1683016980\n|move|p2a: Gyarados|Waterfall|p1b: Mayo\n|-resisted|p1b: Mayo\n|-damage|p1b: Mayo|44\/100 par\n|move|p1b: Mayo|Facade|p2b: Amoonguss\n|-crit|p2b: Amoonguss\n|-damage|p2b: Amoonguss|3\/100\n|-damage|p1b: Mayo|27\/100 par|[from] item: Rocky Helmet|[of] p2b: Amoonguss\n|move|p2b: Amoonguss|Pollen Puff|p2a: Gyarados\n|-heal|p2a: Gyarados|100\/100\n|\n|-heal|p1b: Mayo|34\/100 par|[from] item: Leftovers\n|upkeep\n|turn|14\n|c| Ze Banded|thrilling gameplay\n|\n|t:|1683017001\n|move|p2a: Gyarados|Waterfall|p1b: Mayo\n|-resisted|p1b: Mayo\n|-damage|p1b: Mayo|27\/100 par\n|cant|p1b: Mayo|flinch\n|move|p2b: Amoonguss|Pollen Puff|p1b: Mayo\n|-damage|p1b: Mayo|20\/100 par\n|\n|-heal|p1b: Mayo|26\/100 par|[from] item: Leftovers\n|upkeep\n|turn|15\n|c|\u2606LoafOfGodlyBread|it's dozo gameplay\n|\n|t:|1683017014\n|move|p2a: Gyarados|Waterfall|p1b: Mayo\n|-resisted|p1b: Mayo\n|-damage|p1b: Mayo|20\/100 par\n|move|p1b: Mayo|Facade|p2b: Amoonguss\n|-damage|p2b: Amoonguss|0 fnt\n|-damage|p1b: Mayo|4\/100 par|[from] item: Rocky Helmet|[of] p2b: Amoonguss\n|faint|p2b: Amoonguss\n|\n|-heal|p1b: Mayo|10\/100 par|[from] item: Leftovers\n|upkeep\n|turn|16\n|\n|t:|1683017027\n|move|p2a: Gyarados|Waterfall|p1b: Mayo\n|-resisted|p1b: Mayo\n|-damage|p1b: Mayo|4\/100 par\n|move|p1b: Mayo|Facade|p2a: Gyarados\n|-crit|p2a: Gyarados\n|-damage|p2a: Gyarados|21\/100\n|-enditem|p2a: Gyarados|Sitrus Berry|[eat]\n|-heal|p2a: Gyarados|46\/100|[from] item: Sitrus Berry\n|\n|-heal|p1b: Mayo|10\/100 par|[from] item: Leftovers\n|upkeep\n|turn|17\n|c|\u2606PerroDog|Ggs lmao\n|\n|t:|1683017037\n|move|p2a: Gyarados|Waterfall|p1b: Mayo\n|-resisted|p1b: Mayo\n|-damage|p1b: Mayo|4\/100 par\n|cant|p1b: Mayo|par\n|\n|-heal|p1b: Mayo|11\/100 par|[from] item: Leftovers\n|upkeep\n|turn|18\n|c|\u2606LoafOfGodlyBread|ggs\n|\n|t:|1683017045\n|move|p2a: Gyarados|Waterfall|p1b: Mayo\n|-resisted|p1b: Mayo\n|-damage|p1b: Mayo|5\/100 par\n|cant|p1b: Mayo|par\n|\n|-heal|p1b: Mayo|12\/100 par|[from] item: Leftovers\n|upkeep\n|turn|19\n|\n|t:|1683017052\n|move|p2a: Gyarados|Waterfall|p1b: Mayo\n|-resisted|p1b: Mayo\n|-damage|p1b: Mayo|6\/100 par\n|cant|p1b: Mayo|par\n|\n|-heal|p1b: Mayo|12\/100 par|[from] item: Leftovers\n|upkeep\n|turn|20\n|c| Ze Banded|leftover out heals waterfall lol\n|c|\u2606LoafOfGodlyBread|your dishing out less than lefties\n|\n|t:|1683017067\n|move|p2a: Gyarados|Waterfall|p1b: Mayo\n|-resisted|p1b: Mayo\n|-damage|p1b: Mayo|7\/100 par\n|cant|p1b: Mayo|par\n|\n|-heal|p1b: Mayo|13\/100 par|[from] item: Leftovers\n|upkeep\n|turn|21\n|c| Ze Banded|crit fishing?\n|\n|t:|1683017074\n|move|p2a: Gyarados|Waterfall|p1b: Mayo\n|-resisted|p1b: Mayo\n|-damage|p1b: Mayo|8\/100 par\n|cant|p1b: Mayo|flinch\n|\n|-heal|p1b: Mayo|14\/100 par|[from] item: Leftovers\n|upkeep\n|turn|22\n|\n|t:|1683017081\n|move|p2a: Gyarados|Waterfall|p1b: Mayo\n|-resisted|p1b: Mayo\n|-damage|p1b: Mayo|8\/100 par\n|move|p1b: Mayo|Facade|p2a: Gyarados\n|-damage|p2a: Gyarados|0 fnt\n|faint|p2a: Gyarados\n|\n|win|LoafOfGodlyBread\n|n|\u2606LoafOfGodlyBread|loafofgodlybread\n|n|\u2606PerroDog|perrodog\n|n| Ze Banded|zebanded\n|c|\u2606PerroDog|Nah\n|c|\u2606LoafOfGodlyBread|ggs man\n","uploadtime":1683017089,"views":16,"p1id":"loafofgodlybread","p2id":"perrodog","formatid":"gen9vgc2023regulationc","rating":0,"private":0,"password":""}