{"id":"gen9vgc2023regulationc-1845540997","p1":"Iono_1118","p2":"XinBluQAQ","format":"[Gen 9] VGC 2023 Regulation C","log":"|j|\u2606Iono_1118\n|j|\u2606XinBluQAQ\n|t:|1681743398\n|gametype|doubles\n|player|p1|Iono_1118|iono|\n|player|p2|XinBluQAQ|shadowtriad|\n|teamsize|p1|6\n|teamsize|p2|6\n|gen|9\n|tier|[Gen 9] VGC 2023 Regulation C\n|rule|Species Clause: Limit one of each Pok\u00e9mon\n|rule|Item Clause: Limit one of each item\n|clearpoke\n|poke|p1|Bellibolt, L50, M|\n|poke|p1|Bronzong, L50|\n|poke|p1|Amoonguss, L50, M|\n|poke|p1|Hatterene, L50, F|\n|poke|p1|Indeedee-F, L50, F|\n|poke|p1|Wo-Chien, L50|\n|poke|p2|Talonflame, L50, F|\n|poke|p2|Iron Bundle, L50|\n|poke|p2|Iron Hands, L50|\n|poke|p2|Garchomp, L50, F|\n|poke|p2|Chien-Pao, L50|\n|poke|p2|Flutter Mane, L50|\n|teampreview|4\n|\n|t:|1681743431\n|start\n|switch|p1a: Bronzong|Bronzong, L50, shiny|100\/100\n|switch|p1b: Amoonguss|Amoonguss, L50, M, shiny|100\/100\n|switch|p2a: Iron Hands|Iron Hands, L50, shiny|100\/100\n|switch|p2b: Flutter Mane|Flutter Mane, L50|100\/100\n|turn|1\n|\n|t:|1681743463\n|switch|p1b: Indeedee|Indeedee-F, L50, F, shiny|100\/100\n|-fieldstart|move: Psychic Terrain|[from] ability: Psychic Surge|[of] p1b: Indeedee\n|-enditem|p1b: Indeedee|Psychic Seed\n|-boost|p1b: Indeedee|spd|1|[from] item: Psychic Seed\n|-terastallize|p1a: Bronzong|Fire\n|move|p2b: Flutter Mane|Shadow Ball|p1b: Indeedee\n|-immune|p1b: Indeedee\n|move|p2a: Iron Hands|Close Combat|p1b: Indeedee\n|-damage|p1b: Indeedee|30\/100\n|-unboost|p2a: Iron Hands|def|1\n|-unboost|p2a: Iron Hands|spd|1\n|move|p1a: Bronzong|Trick Room|p1a: Bronzong\n|-fieldstart|move: Trick Room|[of] p1a: Bronzong\n|\n|upkeep\n|turn|2\n|\n|t:|1681743501\n|switch|p1b: Bellibolt|Bellibolt, L50, M, shiny|100\/100\n|-end|p2b: Flutter Mane|Protosynthesis|[silent]\n|switch|p2b: Garchomp|Garchomp, L50, F|100\/100\n|move|p1a: Bronzong|Bulldoze|p2a: Iron Hands|[spread] p1b,p2a,p2b\n|-supereffective|p1b: Bellibolt\n|-supereffective|p2a: Iron Hands\n|-damage|p1b: Bellibolt|83\/100\n|-damage|p2a: Iron Hands|80\/100\n|-damage|p2b: Garchomp|90\/100\n|-unboost|p1b: Bellibolt|spe|1\n|-unboost|p2a: Iron Hands|spe|1\n|-start|p1b: Bellibolt|Charge|Bulldoze|[from] ability: Electromorphosis\n|-enditem|p1b: Bellibolt|Weakness Policy\n|-boost|p1b: Bellibolt|atk|2|[from] item: Weakness Policy\n|-boost|p1b: Bellibolt|spa|2|[from] item: Weakness Policy\n|move|p2a: Iron Hands|Close Combat|p1b: Bellibolt\n|-damage|p1b: Bellibolt|19\/100\n|-unboost|p2a: Iron Hands|def|1\n|-unboost|p2a: Iron Hands|spd|1\n|-start|p1b: Bellibolt|Charge|Close Combat|[from] ability: Electromorphosis\n|\n|upkeep\n|turn|3\n|\n|t:|1681743564\n|switch|p1a: Indeedee|Indeedee-F, L50, F, shiny|30\/100\n|-terastallize|p2a: Iron Hands|Grass\n|move|p1b: Bellibolt|Protect|p1b: Bellibolt\n|-singleturn|p1b: Bellibolt|Protect\n|move|p2a: Iron Hands|Close Combat|p1a: Indeedee\n|-damage|p1a: Indeedee|0 fnt\n|-unboost|p2a: Iron Hands|def|1\n|-unboost|p2a: Iron Hands|spd|1\n|faint|p1a: Indeedee\n|move|p2b: Garchomp|Earthquake|p1b: Bellibolt|[spread] p2a\n|-activate|p1b: Bellibolt|move: Protect\n|-resisted|p2a: Iron Hands\n|-damage|p2a: Iron Hands|44\/100\n|\n|upkeep\n|inactive|Battle timer is ON: inactive players will automatically lose when time's up. (requested by Iono_1118)\n|\n|t:|1681743578\n|switch|p1a: Amoonguss|Amoonguss, L50, M, shiny|100\/100\n|turn|4\n|\n|t:|1681743596\n|move|p2b: Garchomp|Protect|p2b: Garchomp\n|-singleturn|p2b: Garchomp|Protect\n|move|p1b: Bellibolt|Parabolic Charge|p2a: Iron Hands|[spread] p1a,p2a\n|-activate|p2b: Garchomp|move: Protect\n|-resisted|p1a: Amoonguss\n|-resisted|p2a: Iron Hands\n|-damage|p1a: Amoonguss|60\/100\n|-heal|p1b: Bellibolt|43\/100|[from] drain|[of] p1a: Amoonguss\n|-damage|p2a: Iron Hands|0 fnt\n|-heal|p1b: Bellibolt|71\/100|[from] drain|[of] p2a: Iron Hands\n|faint|p2a: Iron Hands\n|-end|p2a: Iron Hands|Quark Drive|[silent]\n|-enditem|p1a: Amoonguss|Eject Button\n|-end|p1b: Bellibolt|Charge|[silent]\n|\n|t:|1681743608\n|switch|p1a: Bronzong|Bronzong, L50, shiny, tera:Fire|100\/100\n|\n|upkeep\n|\n|t:|1681743612\n|switch|p2a: Chien-Pao|Chien-Pao, L50|100\/100\n|-ability|p2a: Chien-Pao|Sword of Ruin\n|turn|5\n|\n|t:|1681743620\n|move|p1b: Bellibolt|Protect|p1b: Bellibolt\n|-singleturn|p1b: Bellibolt|Protect\n|move|p2a: Chien-Pao|Protect|p2a: Chien-Pao\n|-singleturn|p2a: Chien-Pao|Protect\n|move|p1a: Bronzong|Body Press|p2a: Chien-Pao\n|-activate|p2a: Chien-Pao|move: Protect\n|move|p2b: Garchomp|Earthquake|p1b: Bellibolt|[spread] \n|-activate|p2a: Chien-Pao|move: Protect\n|-activate|p1b: Bellibolt|move: Protect\n|-immune|p1a: Bronzong|[from] ability: Levitate\n|\n|-fieldend|move: Trick Room\n|-fieldend|move: Psychic Terrain\n|upkeep\n|turn|6\n|inactive|Iono_1118 has 30 seconds left.\n|inactive|XinBluQAQ has 30 seconds left.\n|inactive|Iono_1118 has 20 seconds left.\n|inactive|Iono_1118 has 15 seconds left.\n|inactive|Iono_1118 has 10 seconds left.\n|\n|t:|1681743666\n|switch|p1b: Amoonguss|Amoonguss, L50, M, shiny|93\/100\n|move|p2a: Chien-Pao|Sacred Sword|p1b: Amoonguss\n|-resisted|p1b: Amoonguss\n|-damage|p1b: Amoonguss|77\/100\n|move|p2b: Garchomp|Earthquake|p1b: Amoonguss|[spread] p2a,p1b\n|-immune|p1a: Bronzong|[from] ability: Levitate\n|-damage|p2a: Chien-Pao|45\/100\n|-damage|p1b: Amoonguss|36\/100\n|move|p1a: Bronzong|Body Press|p2a: Chien-Pao\n|-supereffective|p2a: Chien-Pao\n|-damage|p2a: Chien-Pao|0 fnt\n|faint|p2a: Chien-Pao\n|\n|upkeep\n|\n|t:|1681743679\n|switch|p2a: Flutter Mane|Flutter Mane, L50|100\/100\n|turn|7\n|\n|t:|1681743701\n|move|p1b: Amoonguss|Rage Powder|p1b: Amoonguss\n|-singleturn|p1b: Amoonguss|move: Rage Powder\n|move|p2a: Flutter Mane|Shadow Ball|p1b: Amoonguss\n|-damage|p1b: Amoonguss|0 fnt\n|faint|p1b: Amoonguss\n|move|p2b: Garchomp|Liquidation|p1a: Bronzong\n|-supereffective|p1a: Bronzong\n|-damage|p1a: Bronzong|54\/100\n|move|p1a: Bronzong|Trick Room|p1a: Bronzong\n|-fieldstart|move: Trick Room|[of] p1a: Bronzong\n|\n|upkeep\n|\n|t:|1681743710\n|switch|p1b: Bellibolt|Bellibolt, L50, M, shiny|71\/100\n|turn|8\n|inactive|XinBluQAQ has 30 seconds left.\n|\n|t:|1681743739\n|move|p1a: Bronzong|Body Press|p2b: Garchomp\n|-damage|p2b: Garchomp|62\/100\n|-damage|p1a: Bronzong|42\/100|[from] ability: Rough Skin|[of] p2b: Garchomp\n|move|p1b: Bellibolt|Parabolic Charge|p2a: Flutter Mane|[spread] p1a,p2a\n|-immune|p2b: Garchomp\n|-damage|p1a: Bronzong|22\/100\n|-heal|p1b: Bellibolt|80\/100|[from] drain|[of] p1a: Bronzong\n|-damage|p2a: Flutter Mane|79\/100\n|-heal|p1b: Bellibolt|89\/100|[from] drain|[of] p2a: Flutter Mane\n|move|p2b: Garchomp|Liquidation|p1a: Bronzong\n|-supereffective|p1a: Bronzong\n|-damage|p1a: Bronzong|0 fnt\n|faint|p1a: Bronzong\n|move|p2a: Flutter Mane|Shadow Ball|p1b: Bellibolt\n|-damage|p1b: Bellibolt|24\/100\n|-start|p1b: Bellibolt|Charge|Shadow Ball|[from] ability: Electromorphosis\n|\n|upkeep\n|turn|9\n|\n|t:|1681743760\n|move|p1b: Bellibolt|Parabolic Charge|p2a: Flutter Mane|[spread] p2a\n|-immune|p2b: Garchomp\n|-damage|p2a: Flutter Mane|34\/100\n|-heal|p1b: Bellibolt|43\/100|[from] drain|[of] p2a: Flutter Mane\n|-end|p1b: Bellibolt|Charge|[silent]\n|move|p2b: Garchomp|Earthquake|p1b: Bellibolt|[spread] p2a,p1b\n|-supereffective|p1b: Bellibolt\n|-damage|p2a: Flutter Mane|0 fnt\n|-damage|p1b: Bellibolt|0 fnt\n|faint|p2a: Flutter Mane\n|-end|p2a: Flutter Mane|Protosynthesis|[silent]\n|faint|p1b: Bellibolt\n|\n|win|XinBluQAQ\n","uploadtime":1681743774,"views":8,"p1id":"iono1118","p2id":"xinbluqaq","formatid":"gen9vgc2023regulationc","rating":0,"private":0,"password":""}