{"id":"gen9vgc2023regulationc-1857455404","p1":"roysurvivor","p2":"drhx","format":"[Gen 9] VGC 2023 Regulation C","log":"|j|\u2606roysurvivor\n|j|\u203ddrhx\n|t:|1683195932\n|gametype|doubles\n|player|p1|roysurvivor|170|1066\n|player|p2|drhx|102|1060\n|teamsize|p1|6\n|teamsize|p2|6\n|gen|9\n|tier|[Gen 9] VGC 2023 Regulation C\n|rated|\n|rule|Species Clause: Limit one of each Pok\u00e9mon\n|rule|Item Clause: Limit one of each item\n|clearpoke\n|poke|p1|Gallade, L50, M|\n|poke|p1|Indeedee-F, L50, F|\n|poke|p1|Ting-Lu, L50|\n|poke|p1|Orthworm, L50, M|\n|poke|p1|Great Tusk, L50|\n|poke|p1|Roaring Moon, L50|\n|poke|p2|Glimmora, L50, M|\n|poke|p2|Flutter Mane, L50|\n|poke|p2|Talonflame, L50, F|\n|poke|p2|Iron Bundle, L50|\n|poke|p2|Wo-Chien, L50|\n|poke|p2|Dragonite, L50, F|\n|teampreview|4\nroysurvivor has agreed to open team sheets.\n|inactive|Battle timer is ON: inactive players will automatically lose when time's up. (requested by roysurvivor)\n|inactive|drhx has 60 seconds left.\n|\n|t:|1683196064\n|start\n|switch|p1a: Ting-Lu|Ting-Lu, L50|100\/100\n|switch|p1b: Gallade|Gallade, L50, M|100\/100\n|switch|p2a: Glimmora|Glimmora, L50, M|100\/100\n|switch|p2b: Wo-Chien|Wo-Chien, L50|100\/100\n|-ability|p2b: Wo-Chien|Tablets of Ruin\n|-ability|p1a: Ting-Lu|Vessel of Ruin\n|turn|1\n|inactive|drhx has 30 seconds left.\n|inactive|drhx has 20 seconds left.\n|\n|t:|1683196102\n|-terastallize|p2b: Wo-Chien|Ghost\n|move|p1b: Gallade|Protect|p1b: Gallade\n|-singleturn|p1b: Gallade|Protect\n|move|p2a: Glimmora|Mortal Spin|p1a: Ting-Lu|[spread] p1a\n|-activate|p1b: Gallade|move: Protect\n|-resisted|p1a: Ting-Lu\n|-damage|p1a: Ting-Lu|99\/100\n|-status|p1a: Ting-Lu|psn\n|move|p2b: Wo-Chien|Leech Seed|p1a: Ting-Lu\n|-start|p1a: Ting-Lu|move: Leech Seed\n|move|p1a: Ting-Lu|Earthquake|p2a: Glimmora|[spread] p2a,p2b\n|-activate|p1b: Gallade|move: Protect\n|-supereffective|p2a: Glimmora\n|-damage|p2a: Glimmora|0 fnt\n|-damage|p2b: Wo-Chien|70\/100\n|-activate|p2a: Glimmora|ability: Toxic Debris\n|-sidestart|p1: roysurvivor|move: Toxic Spikes\n|faint|p2a: Glimmora\n|\n|-heal|p2b: Wo-Chien|77\/100|[from] item: Leftovers\n|-damage|p1a: Ting-Lu|87\/100 psn|[from] Leech Seed|[of] p2b: Wo-Chien\n|-heal|p2b: Wo-Chien|93\/100|[silent]\n|-damage|p1a: Ting-Lu|75\/100 psn|[from] psn\n|upkeep\n|\n|t:|1683196119\n|switch|p2a: Flutter Mane|Flutter Mane, L50|100\/100\n|-enditem|p2a: Flutter Mane|Booster Energy\n|-activate|p2a: Flutter Mane|ability: Protosynthesis|[fromitem]\n|-start|p2a: Flutter Mane|protosynthesisspa\n|turn|2\n|\n|t:|1683196129\n|switch|p1a: Indeedee|Indeedee-F, L50, F|100\/100\n|-status|p1a: Indeedee|psn\n|-fieldstart|move: Psychic Terrain|[from] ability: Psychic Surge|[of] p1a: Indeedee\n|-terastallize|p1b: Gallade|Steel\n|move|p2a: Flutter Mane|Protect|p2a: Flutter Mane\n|-singleturn|p2a: Flutter Mane|Protect\n|move|p1b: Gallade|Psycho Cut|p2a: Flutter Mane\n|-activate|p2a: Flutter Mane|move: Protect\n|move|p2b: Wo-Chien|Leech Seed|p1b: Gallade\n|-start|p1b: Gallade|move: Leech Seed\n|\n|-heal|p2b: Wo-Chien|99\/100|[from] item: Leftovers\n|-damage|p1b: Gallade|88\/100|[from] Leech Seed|[of] p2b: Wo-Chien\n|-heal|p2b: Wo-Chien|100\/100|[silent]\n|-damage|p1a: Indeedee|88\/100 psn|[from] psn\n|upkeep\n|turn|3\n|inactive|roysurvivor has 30 seconds left.\n|inactive|drhx has 30 seconds left.\n|inactive|drhx has 20 seconds left.\n|\n|t:|1683196165\n|move|p2a: Flutter Mane|Shadow Ball|p1b: Gallade\n|-damage|p1b: Gallade|37\/100\n|move|p1a: Indeedee|Psychic|p2a: Flutter Mane\n|-damage|p2a: Flutter Mane|68\/100\n|move|p1b: Gallade|Psycho Cut|p2a: Flutter Mane\n|-damage|p2a: Flutter Mane|0 fnt\n|faint|p2a: Flutter Mane\n|-end|p2a: Flutter Mane|Protosynthesis|[silent]\n|move|p2b: Wo-Chien|Pollen Puff|p2: Flutter Mane|[notarget]\n|-fail|p2b: Wo-Chien\n|\n|-damage|p1b: Gallade|25\/100|[from] Leech Seed|[of] p2b: Wo-Chien\n|-damage|p1a: Indeedee|76\/100 psn|[from] psn\n|upkeep\n|\n|t:|1683196177\n|switch|p2a: Iron Bundle|Iron Bundle, L50|100\/100\n|turn|4\n|\n|t:|1683196193\n|move|p1a: Indeedee|Follow Me|p1a: Indeedee\n|-singleturn|p1a: Indeedee|move: Follow Me\n|move|p2a: Iron Bundle|Hydro Pump|p1a: Indeedee\n|-damage|p1a: Indeedee|23\/100 psn\n|move|p1b: Gallade|Sacred Sword|p2a: Iron Bundle\n|-supereffective|p2a: Iron Bundle\n|-enditem|p2a: Iron Bundle|Focus Sash\n|-damage|p2a: Iron Bundle|1\/100\n|move|p2b: Wo-Chien|Leech Seed|p1a: Indeedee\n|-start|p1a: Indeedee|move: Leech Seed\n|\n|-damage|p1a: Indeedee|11\/100 psn|[from] Leech Seed|[of] p2b: Wo-Chien\n|-damage|p1b: Gallade|12\/100|[from] Leech Seed|[of] p2b: Wo-Chien\n|-damage|p1a: Indeedee|0 fnt|[from] psn\n|faint|p1a: Indeedee\n|upkeep\n|\n|t:|1683196214\n|switch|p1a: Orthworm|Orthworm, L50, M|100\/100\n|turn|5\n|inactive|roysurvivor has 30 seconds left.\n|\n|t:|1683196248\n|move|p2a: Iron Bundle|Protect|p2a: Iron Bundle\n|-singleturn|p2a: Iron Bundle|Protect\n|move|p1b: Gallade|Psycho Cut|p2b: Wo-Chien\n|-damage|p2b: Wo-Chien|61\/100\n|move|p2b: Wo-Chien|Leech Seed|p1a: Orthworm\n|-start|p1a: Orthworm|move: Leech Seed\n|move|p1a: Orthworm|Shed Tail|p1a: Orthworm\n|-start|p1a: Orthworm|Substitute|[from] move: Shed Tail\n|-damage|p1a: Orthworm|50\/100\n|\n|t:|1683196256\n|switch|p1a: Ting-Lu|Ting-Lu, L50|75\/100 psn|[from] Shed Tail\n|-ability|p1a: Ting-Lu|Vessel of Ruin\n|\n|-heal|p2b: Wo-Chien|68\/100|[from] item: Leftovers\n|-damage|p1b: Gallade|0 fnt|[from] Leech Seed|[of] p2b: Wo-Chien\n|-heal|p2b: Wo-Chien|78\/100|[silent]\n|faint|p1b: Gallade\n|-damage|p1a: Ting-Lu|62\/100 psn|[from] psn\n|upkeep\n|\n|t:|1683196266\n|switch|p1b: Orthworm|Orthworm, L50, M|50\/100\n|turn|6\n|\n|t:|1683196278\n|move|p2a: Iron Bundle|Freeze-Dry|p1a: Ting-Lu\n|-supereffective|p1a: Ting-Lu\n|-end|p1a: Ting-Lu|Substitute\n|move|p2b: Wo-Chien|Leech Seed|p1b: Orthworm\n|-start|p1b: Orthworm|move: Leech Seed\n|move|p1b: Orthworm|Heavy Slam|p2b: Wo-Chien\n|-damage|p2b: Wo-Chien|59\/100\n|move|p1a: Ting-Lu|Earthquake|p2a: Iron Bundle|[spread] p2a,p2b\n|-heal|p1b: Orthworm|75\/100|[from] ability: Earth Eater|[of] p1a: Ting-Lu\n|-damage|p2a: Iron Bundle|0 fnt\n|-damage|p2b: Wo-Chien|25\/100\n|faint|p2a: Iron Bundle\n|-end|p2a: Iron Bundle|Quark Drive|[silent]\n|\n|-heal|p2b: Wo-Chien|31\/100|[from] item: Leftovers\n|-heal|p1b: Orthworm|82\/100|[from] item: Leftovers\n|-damage|p1b: Orthworm|69\/100|[from] Leech Seed|[of] p2b: Wo-Chien\n|-heal|p2b: Wo-Chien|43\/100|[silent]\n|-damage|p1a: Ting-Lu|50\/100 psn|[from] psn\n|-fieldend|move: Psychic Terrain\n|upkeep\n|turn|7\n|\n|t:|1683196298\n|move|p2b: Wo-Chien|Protect|p2b: Wo-Chien\n|-singleturn|p2b: Wo-Chien|Protect\n|move|p1b: Orthworm|Heavy Slam|p2b: Wo-Chien\n|-activate|p2b: Wo-Chien|move: Protect\n|move|p1a: Ting-Lu|Earthquake|p2b: Wo-Chien|[spread] \n|-activate|p2b: Wo-Chien|move: Protect\n|-heal|p1b: Orthworm|94\/100|[from] ability: Earth Eater|[of] p1a: Ting-Lu\n|\n|-heal|p2b: Wo-Chien|49\/100|[from] item: Leftovers\n|-heal|p1b: Orthworm|100\/100|[from] item: Leftovers\n|-damage|p1b: Orthworm|88\/100|[from] Leech Seed|[of] p2b: Wo-Chien\n|-heal|p2b: Wo-Chien|60\/100|[silent]\n|-damage|p1a: Ting-Lu|38\/100 psn|[from] psn\n|upkeep\n|turn|8\n|\n|t:|1683196313\n|move|p2b: Wo-Chien|Leech Seed|p1a: Ting-Lu\n|-start|p1a: Ting-Lu|move: Leech Seed\n|move|p1b: Orthworm|Heavy Slam|p2b: Wo-Chien\n|-damage|p2b: Wo-Chien|42\/100\n|move|p1a: Ting-Lu|Earthquake|p2b: Wo-Chien|[spread] p2b\n|-heal|p1b: Orthworm|100\/100|[from] ability: Earth Eater|[of] p1a: Ting-Lu\n|-damage|p2b: Wo-Chien|12\/100\n|\n|-heal|p2b: Wo-Chien|18\/100|[from] item: Leftovers\n|-damage|p1b: Orthworm|88\/100|[from] Leech Seed|[of] p2b: Wo-Chien\n|-heal|p2b: Wo-Chien|30\/100|[silent]\n|-damage|p1a: Ting-Lu|25\/100 psn|[from] Leech Seed|[of] p2b: Wo-Chien\n|-heal|p2b: Wo-Chien|46\/100|[silent]\n|-damage|p1a: Ting-Lu|13\/100 psn|[from] psn\n|upkeep\n|turn|9\n|inactive|roysurvivor has 30 seconds left.\n|\n|t:|1683196339\n|move|p2b: Wo-Chien|Protect|p2b: Wo-Chien\n|-singleturn|p2b: Wo-Chien|Protect\n|move|p1b: Orthworm|Heavy Slam|p2b: Wo-Chien\n|-activate|p2b: Wo-Chien|move: Protect\n|move|p1a: Ting-Lu|Earthquake|p2b: Wo-Chien|[spread] \n|-activate|p2b: Wo-Chien|move: Protect\n|-heal|p1b: Orthworm|100\/100|[from] ability: Earth Eater|[of] p1a: Ting-Lu\n|\n|-heal|p2b: Wo-Chien|52\/100|[from] item: Leftovers\n|-damage|p1b: Orthworm|88\/100|[from] Leech Seed|[of] p2b: Wo-Chien\n|-heal|p2b: Wo-Chien|64\/100|[silent]\n|-damage|p1a: Ting-Lu|0 fnt|[from] Leech Seed|[of] p2b: Wo-Chien\n|-heal|p2b: Wo-Chien|80\/100|[silent]\n|faint|p1a: Ting-Lu\n|upkeep\n|turn|10\n|-message|roysurvivor forfeited.\n|\n|win|drhx\n|raw|roysurvivor's rating: 1066 → 1046<\/strong> (-20 for losing)\n|raw|drhx's rating: 1060 → 1092<\/strong> (+32 for winning)\n|l|\u2606roysurvivor\n","uploadtime":1683196390,"views":17,"p1id":"roysurvivor","p2id":"drhx","formatid":"gen9vgc2023regulationc","rating":1046,"private":0,"password":""}