{"id":"gen9vgc2023regulationc-1860127820","p1":"thrillcorner","p2":"UncleDrewTest","format":"[Gen 9] VGC 2023 Regulation C","log":"|j|\u2606thrillcorner\n|j|\u2606UncleDrewTest\n|t:|1683598499\n|gametype|doubles\n|player|p1|thrillcorner|red-masters2|1369\n|player|p2|UncleDrewTest|benga|1413\n|teamsize|p1|6\n|teamsize|p2|6\n|gen|9\n|tier|[Gen 9] VGC 2023 Regulation C\n|rated|\n|rule|Species Clause: Limit one of each Pok\u00e9mon\n|rule|Item Clause: Limit one of each item\n|clearpoke\n|poke|p1|Arcanine, L50, M|\n|poke|p1|Amoonguss, L50, F|\n|poke|p1|Kingambit, L50, M|\n|poke|p1|Flutter Mane, L50|\n|poke|p1|Palafin, L50, F|\n|poke|p1|Ting-Lu, L50|\n|poke|p2|Orthworm, L50, M|\n|poke|p2|Dragonite, L50, F|\n|poke|p2|Ting-Lu, L50|\n|poke|p2|Gyarados, L50, M|\n|poke|p2|Flutter Mane, L50|\n|poke|p2|Chien-Pao, L50|\n|teampreview|4\nthrillcorner has agreed to open team sheets.\n|\n|t:|1683598548\n|start\n|switch|p1a: Ripley|Arcanine, L50, M|100\/100\n|switch|p1b: Pal-El|Palafin, L50, F|100\/100\n|switch|p2a: Orthworm|Orthworm, L50, M|100\/100\n|switch|p2b: Ting-Lu|Ting-Lu, L50|100\/100\n|-ability|p1a: Ripley|Intimidate|boost\n|-unboost|p2a: Orthworm|atk|1\n|-unboost|p2b: Ting-Lu|atk|1\n|-ability|p2b: Ting-Lu|Vessel of Ruin\n|turn|1\n|\n|t:|1683598586\n|-terastallize|p2a: Orthworm|Fire\n|move|p1b: Pal-El|Jet Punch|p2a: Orthworm\n|-supereffective|p2a: Orthworm\n|-damage|p2a: Orthworm|62\/100\n|move|p1a: Ripley|Flare Blitz|p2a: Orthworm\n|-resisted|p2a: Orthworm\n|-damage|p2a: Orthworm|48\/100\n|-enditem|p2a: Orthworm|Sitrus Berry|[eat]\n|-heal|p2a: Orthworm|73\/100|[from] item: Sitrus Berry\n|-damage|p1a: Ripley|96\/100|[from] Recoil\n|move|p2b: Ting-Lu|Bulldoze|p1a: Ripley|[spread] p1a,p1b\n|-heal|p2a: Orthworm|98\/100|[from] ability: Earth Eater|[of] p2b: Ting-Lu\n|-supereffective|p1a: Ripley\n|-damage|p1a: Ripley|62\/100\n|-damage|p1b: Pal-El|75\/100\n|-unboost|p1a: Ripley|spe|1\n|-unboost|p1b: Pal-El|spe|1\n|move|p2a: Orthworm|Iron Defense|p2a: Orthworm\n|-boost|p2a: Orthworm|def|2\n|\n|upkeep\n|turn|2\n|\n|t:|1683598616\n|-terastallize|p1b: Pal-El|Grass\n|move|p2b: Ting-Lu|Bulldoze|p1b: Pal-El|[spread] p1a,p1b\n|-heal|p2a: Orthworm|100\/100|[from] ability: Earth Eater|[of] p2b: Ting-Lu\n|-supereffective|p1a: Ripley\n|-resisted|p1b: Pal-El\n|-damage|p1a: Ripley|25\/100\n|-damage|p1b: Pal-El|63\/100\n|-unboost|p1a: Ripley|spe|1\n|-unboost|p1b: Pal-El|spe|1\n|move|p2a: Orthworm|Iron Defense|p2a: Orthworm\n|-boost|p2a: Orthworm|def|2\n|move|p1a: Ripley|Will-O-Wisp|p2b: Ting-Lu\n|-status|p2b: Ting-Lu|brn\n|move|p1b: Pal-El|Haze|p1b: Pal-El\n|-clearallboost\n|\n|-damage|p2b: Ting-Lu|94\/100 brn|[from] brn\n|upkeep\n|turn|3\n|\n|t:|1683598640\n|switch|p1a: Spordyceps|Amoonguss, L50, F|100\/100\n|detailschange|p1b: Pal-El|Palafin-Hero, L50, F, tera:Grass\n|switch|p1b: Willow|Flutter Mane, L50|100\/100\n|-enditem|p1b: Willow|Booster Energy\n|-activate|p1b: Willow|ability: Protosynthesis|[fromitem]\n|-start|p1b: Willow|protosynthesisspa\n|move|p2b: Ting-Lu|Bulldoze|p1a: Spordyceps|[spread] p1a,p1b\n|-immune|p2a: Orthworm|[from] ability: Earth Eater\n|-damage|p1a: Spordyceps|89\/100\n|-damage|p1b: Willow|77\/100\n|-unboost|p1a: Spordyceps|spe|1\n|-unboost|p1b: Willow|spe|1\n|move|p2a: Orthworm|Iron Defense|p2a: Orthworm\n|-boost|p2a: Orthworm|def|2\n|\n|-damage|p2b: Ting-Lu|88\/100 brn|[from] brn\n|upkeep\n|turn|4\n|\n|t:|1683598669\n|-end|p1b: Willow|Protosynthesis|[silent]\n|switch|p1b: Pal-El|Palafin-Hero, L50, F, tera:Grass|63\/100\n|-activate|p1b: Pal-El|ability: Zero to Hero\n|move|p2b: Ting-Lu|Bulldoze|p1a: Spordyceps|[spread] p1a,p1b\n|-immune|p2a: Orthworm|[from] ability: Earth Eater\n|-resisted|p1b: Pal-El\n|-damage|p1a: Spordyceps|77\/100\n|-damage|p1b: Pal-El|56\/100\n|-unboost|p1a: Spordyceps|spe|1\n|-unboost|p1b: Pal-El|spe|1\n|move|p2a: Orthworm|Heavy Slam|p1b: Pal-El\n|-damage|p1b: Pal-El|33\/100\n|move|p1a: Spordyceps|Spore|p2a: Orthworm\n|-status|p2a: Orthworm|slp|[from] move: Spore\n|\n|-damage|p2b: Ting-Lu|82\/100 brn|[from] brn\n|upkeep\n|turn|5\n|\n|t:|1683598694\n|switch|p2a: Dragonite|Dragonite, L50, F|100\/100\n|move|p2b: Ting-Lu|Bulldoze|p1b: Pal-El|[spread] p1a,p1b\n|-immune|p2a: Dragonite\n|-resisted|p1b: Pal-El\n|-damage|p1a: Spordyceps|65\/100\n|-damage|p1b: Pal-El|27\/100\n|-unboost|p1a: Spordyceps|spe|1\n|-unboost|p1b: Pal-El|spe|1\n|move|p1b: Pal-El|Haze|p1b: Pal-El\n|-clearallboost\n|move|p1a: Spordyceps|Pollen Puff|p1b: Pal-El\n|-heal|p1b: Pal-El|77\/100\n|\n|-damage|p2b: Ting-Lu|76\/100 brn|[from] brn\n|upkeep\n|turn|6\n|\n|t:|1683598734\n|move|p1b: Pal-El|Jet Punch|p2b: Ting-Lu\n|-supereffective|p2b: Ting-Lu\n|-damage|p2b: Ting-Lu|18\/100 brn\n|move|p2a: Dragonite|Dragon Dance|p2a: Dragonite\n|-boost|p2a: Dragonite|atk|1\n|-boost|p2a: Dragonite|spe|1\n|move|p2b: Ting-Lu|Bulldoze|p1b: Pal-El|[spread] p1a,p1b\n|-immune|p2a: Dragonite\n|-resisted|p1b: Pal-El\n|-damage|p1a: Spordyceps|53\/100\n|-damage|p1b: Pal-El|69\/100\n|-unboost|p1a: Spordyceps|spe|1\n|-unboost|p1b: Pal-El|spe|1\n|move|p1a: Spordyceps|Spore|p2a: Dragonite\n|-status|p2a: Dragonite|slp|[from] move: Spore\n|-enditem|p2a: Dragonite|Lum Berry|[eat]\n|-curestatus|p2a: Dragonite|slp|[msg]\n|\n|-damage|p2b: Ting-Lu|12\/100 brn|[from] brn\n|upkeep\n|turn|7\n|\n|t:|1683598755\n|move|p1b: Pal-El|Protect|p1b: Pal-El\n|-singleturn|p1b: Pal-El|Protect\n|move|p2a: Dragonite|Tera Blast|p1b: Pal-El\n|-activate|p1b: Pal-El|move: Protect\n|move|p2b: Ting-Lu|Bulldoze|p1b: Pal-El|[spread] p1a\n|-activate|p1b: Pal-El|move: Protect\n|-immune|p2a: Dragonite\n|-damage|p1a: Spordyceps|42\/100\n|-unboost|p1a: Spordyceps|spe|1\n|-enditem|p1a: Spordyceps|Sitrus Berry|[eat]\n|-heal|p1a: Spordyceps|67\/100|[from] item: Sitrus Berry\n|move|p1a: Spordyceps|Spore|p2a: Dragonite\n|-status|p2a: Dragonite|slp|[from] move: Spore\n|\n|-damage|p2b: Ting-Lu|6\/100 brn|[from] brn\n|upkeep\n|turn|8\n|\n|t:|1683598781\n|switch|p1b: Ripley|Arcanine, L50, M|25\/100\n|-ability|p1b: Ripley|Intimidate|boost\n|-unboost|p2a: Dragonite|atk|1\n|-unboost|p2b: Ting-Lu|atk|1\n|cant|p2a: Dragonite|slp\n|move|p2b: Ting-Lu|Bulldoze|p1b: Ripley|[spread] p1a,p1b\n|-immune|p2a: Dragonite\n|-supereffective|p1b: Ripley\n|-damage|p1a: Spordyceps|59\/100\n|-damage|p1b: Ripley|7\/100\n|-unboost|p1a: Spordyceps|spe|1\n|-unboost|p1b: Ripley|spe|1\n|move|p1a: Spordyceps|Pollen Puff|p1b: Ripley\n|-heal|p1b: Ripley|57\/100\n|\n|-damage|p2b: Ting-Lu|0 fnt|[from] brn\n|faint|p2b: Ting-Lu\n|upkeep\n|\n|t:|1683598801\n|switch|p2b: Chien-Pao|Chien-Pao, L50|100\/100\n|-ability|p2b: Chien-Pao|Sword of Ruin\n|turn|9\n|\n|t:|1683598819\n|switch|p1a: Pal-El|Palafin-Hero, L50, F, tera:Grass|69\/100\n|cant|p2a: Dragonite|slp\n|move|p2b: Chien-Pao|Ice Spinner|p1a: Pal-El\n|-supereffective|p1a: Pal-El\n|-damage|p1a: Pal-El|0 fnt\n|faint|p1a: Pal-El\n|move|p1b: Ripley|Will-O-Wisp|p2b: Chien-Pao\n|-status|p2b: Chien-Pao|brn\n|\n|-damage|p2b: Chien-Pao|95\/100 brn|[from] brn\n|upkeep\n|\n|t:|1683598832\n|switch|p1a: Willow|Flutter Mane, L50|77\/100\n|turn|10\n|\n|t:|1683598845\n|switch|p2b: Orthworm|Orthworm, L50, M, tera:Fire|100\/100 slp\n|switch|p1b: Spordyceps|Amoonguss, L50, F|92\/100\n|cant|p2a: Dragonite|slp\n|move|p1a: Willow|Dazzling Gleam|p2a: Dragonite|[spread] p2a,p2b\n|-supereffective|p2a: Dragonite\n|-resisted|p2b: Orthworm\n|-damage|p2a: Dragonite|68\/100 slp\n|-damage|p2b: Orthworm|81\/100 slp\n|\n|upkeep\n|turn|11\n|\n|t:|1683598864\n|switch|p1b: Ripley|Arcanine, L50, M|57\/100\n|-ability|p1b: Ripley|Intimidate|boost\n|-unboost|p2a: Dragonite|atk|1\n|-unboost|p2b: Orthworm|atk|1\n|-curestatus|p2a: Dragonite|slp|[msg]\n|move|p2a: Dragonite|Tera Blast|p1b: Ripley\n|-damage|p1b: Ripley|39\/100\n|move|p1a: Willow|Shadow Ball|p2b: Orthworm\n|-damage|p2b: Orthworm|32\/100 slp\n|cant|p2b: Orthworm|slp\n|\n|upkeep\n|turn|12\n|\n|t:|1683598897\n|move|p1b: Ripley|Extreme Speed|p2b: Orthworm\n|-damage|p2b: Orthworm|19\/100 slp\n|move|p2a: Dragonite|Earthquake|p1a: Willow|[spread] p1a,p1b\n|-heal|p2b: Orthworm|44\/100 slp|[from] ability: Earth Eater|[of] p2a: Dragonite\n|-supereffective|p1b: Ripley\n|-damage|p1a: Willow|50\/100\n|-damage|p1b: Ripley|4\/100\n|move|p1a: Willow|Dazzling Gleam|p2b: Orthworm|[spread] p2a,p2b\n|-supereffective|p2a: Dragonite\n|-resisted|p2b: Orthworm\n|-damage|p2a: Dragonite|0 fnt\n|-damage|p2b: Orthworm|26\/100 slp\n|faint|p2a: Dragonite\n|cant|p2b: Orthworm|slp\n|\n|upkeep\n|\n|t:|1683598911\n|switch|p2a: Chien-Pao|Chien-Pao, L50|95\/100 brn\n|-ability|p2a: Chien-Pao|Sword of Ruin\n|turn|13\n|\n|t:|1683598934\n|move|p1a: Willow|Protect|p1a: Willow\n|-singleturn|p1a: Willow|Protect\n|move|p1b: Ripley|Extreme Speed|p2b: Orthworm\n|-damage|p2b: Orthworm|7\/100 slp\n|move|p2a: Chien-Pao|Sucker Punch||[still]\n|-fail|p2a: Chien-Pao\n|-curestatus|p2b: Orthworm|slp|[msg]\n|move|p2b: Orthworm|Body Press|p1b: Ripley\n|-damage|p1b: Ripley|0 fnt\n|faint|p1b: Ripley\n|\n|-damage|p2a: Chien-Pao|89\/100 brn|[from] brn\n|upkeep\n|\n|t:|1683598946\n|switch|p1b: Spordyceps|Amoonguss, L50, F|100\/100\n|turn|14\n|\n|t:|1683598957\n|move|p1b: Spordyceps|Rage Powder|p1b: Spordyceps\n|-singleturn|p1b: Spordyceps|move: Rage Powder\n|move|p2a: Chien-Pao|Ice Spinner|p1b: Spordyceps\n|-supereffective|p1b: Spordyceps\n|-damage|p1b: Spordyceps|61\/100\n|move|p1a: Willow|Dazzling Gleam|p2b: Orthworm|[spread] p2a,p2b\n|-supereffective|p2a: Chien-Pao\n|-resisted|p2b: Orthworm\n|-damage|p2a: Chien-Pao|0 fnt\n|-damage|p2b: Orthworm|0 fnt\n|faint|p2a: Chien-Pao\n|faint|p2b: Orthworm\n|\n|win|thrillcorner\n|raw|thrillcorner's rating: 1369 → 1392<\/strong> (+23 for winning)\n|raw|UncleDrewTest's rating: 1413 → 1390<\/strong> (-23 for losing)\n|c|\u2606thrillcorner|gg\n|l|\u2606UncleDrewTest\n","uploadtime":1683598969,"views":21,"p1id":"thrillcorner","p2id":"uncledrewtest","formatid":"gen9vgc2023regulationc","rating":1390,"private":0,"password":""}