{"id":"gen9vgc2023regulationc-1845073913","p1":"tensing","p2":"That_Leek","format":"[Gen 9] VGC 2023 Regulation C","log":"|j|\u2606tensing\n|j|\u2606That_Leek\n|t:|1681680523\n|gametype|doubles\n|player|p1|tensing|silver|1320\n|player|p2|That_Leek|blue|1280\n|teamsize|p1|6\n|teamsize|p2|6\n|gen|9\n|tier|[Gen 9] VGC 2023 Regulation C\n|rated|\n|rule|Species Clause: Limit one of each Pok\u00e9mon\n|rule|Item Clause: Limit one of each item\n|clearpoke\n|poke|p1|Armarouge, L50, F|\n|poke|p1|Indeedee-F, L50, F|\n|poke|p1|Espathra, L50, F|\n|poke|p1|Gallade, L50, M|\n|poke|p1|Scream Tail, L50|\n|poke|p1|Gothitelle, L50, F|\n|poke|p2|Tyranitar, L50, F|\n|poke|p2|Gothitelle, L50, F|\n|poke|p2|Gholdengo, L50|\n|poke|p2|Amoonguss, L50, M|\n|poke|p2|Azumarill, L50, F|\n|poke|p2|Arcanine, L50, M|\n|teampreview|4\nThat_Leek has agreed to open team sheets.\ntensing rejected open team sheets.\n|\n|t:|1681680563\n|start\n|switch|p1a: Armarouge|Armarouge, L50, F|100\/100\n|switch|p1b: Gothitelle|Gothitelle, L50, F|100\/100\n|switch|p2a: Tyranitar|Tyranitar, L50, F|100\/100\n|switch|p2b: Gholdengo|Gholdengo, L50|100\/100\n|-weather|Sandstorm|[from] ability: Sand Stream|[of] p2a: Tyranitar\n|turn|1\n|\n|t:|1681680575\n|-terastallize|p1a: Armarouge|Grass\n|move|p1b: Gothitelle|Fake Out|p2a: Tyranitar\n|-resisted|p2a: Tyranitar\n|-damage|p2a: Tyranitar|98\/100\n|move|p2b: Gholdengo|Shadow Ball|p1a: Armarouge\n|-damage|p1a: Armarouge|39\/100\n|-damage|p2b: Gholdengo|91\/100|[from] item: Life Orb\n|cant|p2a: Tyranitar|flinch\n|move|p1a: Armarouge|Armor Cannon|p2b: Gholdengo\n|-supereffective|p2b: Gholdengo\n|-damage|p2b: Gholdengo|0 fnt\n|-unboost|p1a: Armarouge|def|1\n|-unboost|p1a: Armarouge|spd|1\n|faint|p2b: Gholdengo\n|\n|-weather|Sandstorm|[upkeep]\n|-damage|p1a: Armarouge|33\/100|[from] Sandstorm\n|-damage|p1b: Gothitelle|94\/100|[from] Sandstorm\n|upkeep\n|\n|t:|1681680581\n|switch|p2b: Arcanine|Arcanine, L50, M|100\/100\n|-ability|p2b: Arcanine|Intimidate|boost\n|-unboost|p1a: Armarouge|atk|1\n|-unboost|p1b: Gothitelle|atk|1\n|turn|2\n|\n|t:|1681680598\n|switch|p1a: Indeedee|Indeedee-F, L50, F|100\/100\n|-fieldstart|move: Psychic Terrain|[from] ability: Psychic Surge|[of] p1a: Indeedee\n|move|p2b: Arcanine|Extreme Speed|p1a: Indeedee\n|-activate|p1a: Indeedee|move: Psychic Terrain\n|move|p2a: Tyranitar|Crunch|p1b: Gothitelle\n|-supereffective|p1b: Gothitelle\n|-damage|p1b: Gothitelle|10\/100\n|-enditem|p1b: Gothitelle|Sitrus Berry|[eat]\n|-heal|p1b: Gothitelle|34\/100|[from] item: Sitrus Berry\n|move|p1b: Gothitelle|Trick Room|p1b: Gothitelle\n|-fieldstart|move: Trick Room|[of] p1b: Gothitelle\n|\n|-weather|Sandstorm|[upkeep]\n|-damage|p1b: Gothitelle|28\/100|[from] Sandstorm\n|upkeep\n|turn|3\n|\n|t:|1681680613\n|move|p1b: Gothitelle|Foul Play|p2b: Arcanine\n|-damage|p2b: Arcanine|70\/100\n|move|p2a: Tyranitar|Crunch|p1a: Indeedee\n|-supereffective|p1a: Indeedee\n|-damage|p1a: Indeedee|4\/100\n|move|p1a: Indeedee|Psychic|p2b: Arcanine\n|-damage|p2b: Arcanine|22\/100\n|move|p2b: Arcanine|Snarl|p1a: Indeedee|[spread] p1a,p1b\n|-supereffective|p1a: Indeedee\n|-supereffective|p1b: Gothitelle\n|-damage|p1a: Indeedee|0 fnt\n|-damage|p1b: Gothitelle|16\/100\n|-unboost|p1b: Gothitelle|spa|1\n|faint|p1a: Indeedee\n|\n|-weather|Sandstorm|[upkeep]\n|-damage|p1b: Gothitelle|10\/100|[from] Sandstorm\n|upkeep\n|\n|t:|1681680622\n|switch|p1a: Armarouge|Armarouge, L50, F, tera:Grass|33\/100\n|turn|4\n|\n|t:|1681680630\n|-terastallize|p2a: Tyranitar|Flying\n|move|p1b: Gothitelle|Foul Play|p2b: Arcanine\n|-damage|p2b: Arcanine|0 fnt\n|faint|p2b: Arcanine\n|move|p1a: Armarouge|Aura Sphere|p2a: Tyranitar\n|-resisted|p2a: Tyranitar\n|-damage|p2a: Tyranitar|89\/100\n|move|p2a: Tyranitar|Rock Slide|p1a: Armarouge|[spread] p1a,p1b\n|-damage|p1a: Armarouge|1\/100\n|-damage|p1b: Gothitelle|0 fnt\n|faint|p1b: Gothitelle\n|\n|-weather|Sandstorm|[upkeep]\n|-damage|p1a: Armarouge|0 fnt|[from] Sandstorm\n|-damage|p2a: Tyranitar|84\/100|[from] Sandstorm\n|faint|p1a: Armarouge\n|upkeep\n|\n|t:|1681680640\n|switch|p1a: Gallade|Gallade, L50, M|100\/100\n|switch|p2b: Amoonguss|Amoonguss, L50, M|100\/100\n|turn|5\n|\n|t:|1681680646\n|move|p1a: Gallade|Protect|p1a: Gallade\n|-singleturn|p1a: Gallade|Protect\n|move|p2b: Amoonguss|Spore|p1a: Gallade\n|-activate|p1a: Gallade|move: Protect\n|move|p2a: Tyranitar|Tera Blast|p1a: Gallade\n|-activate|p1a: Gallade|move: Protect\n|\n|-weather|none\n|upkeep\n|turn|6\n|\n|t:|1681680651\n|move|p1a: Gallade|Protect||[still]\n|-fail|p1a: Gallade\n|move|p2b: Amoonguss|Spore|p1a: Gallade\n|-status|p1a: Gallade|slp|[from] move: Spore\n|move|p2a: Tyranitar|Tera Blast|p1a: Gallade\n|-supereffective|p1a: Gallade\n|-damage|p1a: Gallade|0 fnt\n|faint|p1a: Gallade\n|\n|win|That_Leek\n|raw|tensing's rating: 1298 → 1272<\/strong> (-26 for losing)\n|raw|That_Leek's rating: 1280 → 1306<\/strong> (+26 for winning)\n|l|\u2606tensing\n","uploadtime":1681680659,"views":8,"p1id":"tensing","p2id":"thatleek","formatid":"gen9vgc2023regulationc","rating":1272,"private":0,"password":""}