{"id":"gen9vgc2023regulationc-1848596182","p1":"antoniop02","p2":"rjackk","format":"[Gen 9] VGC 2023 Regulation C","log":"|j|\u2606antoniop02\n|j|\u2606rjackk\n|t:|1682093072\n|gametype|doubles\n|player|p1|antoniop02|proton|1048\n|player|p2|rjackk|red|1000\n|teamsize|p1|6\n|teamsize|p2|6\n|gen|9\n|tier|[Gen 9] VGC 2023 Regulation C\n|rated|\n|rule|Species Clause: Limit one of each Pok\u00e9mon\n|rule|Item Clause: Limit one of each item\n|clearpoke\n|poke|p1|Espathra, L50, F|\n|poke|p1|Gyarados, L50, M|\n|poke|p1|Flutter Mane, L50|\n|poke|p1|Ceruledge, L50, M|\n|poke|p1|Tinkaton, L50, F|\n|poke|p1|Sandy Shocks, L50|\n|poke|p2|Azumarill, L50, M|\n|poke|p2|Breloom, L50, F|\n|poke|p2|Scizor, L50, M|\n|poke|p2|Arcanine, L50, M|\n|poke|p2|Ampharos, L50, M|\n|poke|p2|Annihilape, L50, F|\n|teampreview|4\n|inactive|Battle timer is ON: inactive players will automatically lose when time's up. (requested by antoniop02)\n|inactive|antoniop02 has 60 seconds left.\n|inactive|rjackk has 60 seconds left.\n|\n|t:|1682093103\n|start\n|switch|p1a: Flutter Mane|Flutter Mane, L50|100\/100\n|switch|p1b: Espathra|Espathra, L50, F|100\/100\n|switch|p2a: Ampharos|Ampharos, L50, M|100\/100\n|switch|p2b: Arcanine|Arcanine, L50, M|100\/100\n|turn|1\n|inactive|rjackk has 30 seconds left.\n|\n|t:|1682093137\n|move|p1b: Espathra|Protect|p1b: Espathra\n|-singleturn|p1b: Espathra|Protect\n|move|p1a: Flutter Mane|Substitute|p1a: Flutter Mane\n|-start|p1a: Flutter Mane|Substitute\n|-damage|p1a: Flutter Mane|75\/100\n|move|p2b: Arcanine|Crunch|p1b: Espathra\n|-activate|p1b: Espathra|move: Protect\n|move|p2a: Ampharos|Dazzling Gleam|p1a: Flutter Mane|[spread] p1a\n|-activate|p1b: Espathra|move: Protect\n|-activate|p1a: Flutter Mane|move: Substitute|[damage]\n|\n|-heal|p1a: Flutter Mane|82\/100|[from] item: Leftovers\n|-ability|p1b: Espathra|Speed Boost|boost\n|-boost|p1b: Espathra|spe|1\n|upkeep\n|turn|2\n|inactive|rjackk has 30 seconds left.\n|inactive|rjackk has 20 seconds left.\n|inactive|rjackk has 15 seconds left.\n|inactive|rjackk has 10 seconds left.\n|inactive|rjackk has 5 seconds left.\n|-activate|p2b: Arcanine|item: Quick Claw\n|\n|t:|1682093192\n|move|p2b: Arcanine|Flamethrower|p1a: Flutter Mane\n|-end|p1a: Flutter Mane|Substitute\n|move|p1b: Espathra|Lumina Crash|p2b: Arcanine\n|-damage|p2b: Arcanine|68\/100\n|-unboost|p2b: Arcanine|spd|2\n|move|p1a: Flutter Mane|Shadow Ball|p2b: Arcanine\n|-damage|p2b: Arcanine|0 fnt\n|faint|p2b: Arcanine\n|move|p2a: Ampharos|Dazzling Gleam|p1b: Espathra|[spread] p1a,p1b\n|-damage|p1a: Flutter Mane|67\/100\n|-damage|p1b: Espathra|81\/100\n|\n|-heal|p1a: Flutter Mane|74\/100|[from] item: Leftovers\n|-ability|p1b: Espathra|Speed Boost|boost\n|-boost|p1b: Espathra|spe|1\n|upkeep\n|inactive|rjackk has 30 seconds left.\n|inactive|rjackk has 20 seconds left.\n|inactive|rjackk has 15 seconds left.\n|inactive|rjackk has 10 seconds left.\n|\n|t:|1682093239\n|switch|p2b: Azumarill|Azumarill, L50, M|100\/100\n|turn|3\n|\n|t:|1682093256\n|switch|p2a: Breloom|Breloom, L50, F|100\/100\n|-item|p2a: Breloom|Air Balloon\n|move|p1a: Flutter Mane|Protect|p1a: Flutter Mane\n|-singleturn|p1a: Flutter Mane|Protect\n|move|p1b: Espathra|Lumina Crash|p2b: Azumarill\n|-damage|p2b: Azumarill|79\/100\n|-unboost|p2b: Azumarill|spd|2\n|move|p2b: Azumarill|Play Rough|p1a: Flutter Mane\n|-activate|p1a: Flutter Mane|move: Protect\n|\n|-heal|p1a: Flutter Mane|80\/100|[from] item: Leftovers\n|-ability|p1b: Espathra|Speed Boost|boost\n|-boost|p1b: Espathra|spe|1\n|upkeep\n|turn|4\n|inactive|antoniop02 has 30 seconds left.\n|inactive|rjackk has 30 seconds left.\n|\n|t:|1682093286\n|-terastallize|p1a: Flutter Mane|Steel\n|move|p1b: Espathra|Lumina Crash|p2a: Breloom\n|-supereffective|p2a: Breloom\n|-damage|p2a: Breloom|0 fnt\n|-enditem|p2a: Breloom|Air Balloon\n|faint|p2a: Breloom\n|move|p1a: Flutter Mane|Moonblast|p2b: Azumarill\n|-damage|p2b: Azumarill|20\/100\n|move|p2b: Azumarill|Play Rough|p1a: Flutter Mane\n|-resisted|p1a: Flutter Mane\n|-crit|p1a: Flutter Mane\n|-damage|p1a: Flutter Mane|28\/100\n|\n|-heal|p1a: Flutter Mane|34\/100|[from] item: Leftovers\n|-ability|p1b: Espathra|Speed Boost|boost\n|-boost|p1b: Espathra|spe|1\n|upkeep\n|\n|t:|1682093302\n|switch|p2a: Ampharos|Ampharos, L50, M|100\/100\n|turn|5\n|\n|t:|1682093321\n|move|p1a: Flutter Mane|Protect|p1a: Flutter Mane\n|-singleturn|p1a: Flutter Mane|Protect\n|move|p1b: Espathra|Lumina Crash|p2b: Azumarill\n|-damage|p2b: Azumarill|0 fnt\n|faint|p2b: Azumarill\n|move|p2a: Ampharos|Dragon Pulse|p1b: Espathra\n|-damage|p1b: Espathra|53\/100\n|\n|-heal|p1a: Flutter Mane|40\/100|[from] item: Leftovers\n|-ability|p1b: Espathra|Speed Boost|boost\n|-boost|p1b: Espathra|spe|1\n|upkeep\n|turn|6\n|\n|t:|1682093337\n|move|p1b: Espathra|Lumina Crash|p2a: Ampharos\n|-damage|p2a: Ampharos|70\/100\n|-unboost|p2a: Ampharos|spd|2\n|move|p1a: Flutter Mane|Moonblast|p2a: Ampharos\n|-damage|p2a: Ampharos|0 fnt\n|faint|p2a: Ampharos\n|\n|win|antoniop02\n|raw|antoniop02's rating: 1048 → 1076<\/strong> (+28 for winning)\n|raw|rjackk's rating: 1000 → 1000<\/strong> (+0 for losing)\n|l|\u2606rjackk\n|c|\u2606antoniop02|gg\n","uploadtime":1682093349,"views":4,"p1id":"antoniop02","p2id":"rjackk","formatid":"gen9vgc2023regulationc","rating":1000,"private":0,"password":""}