{"id":"gen9vgc2023regulationc-1854470419","p1":"Darkress(CR)","p2":"chipp zanuff 7","format":"[Gen 9] VGC 2023 Regulation C","log":"|j|\u2606Darkress(CR)\n|j|\u2606chipp zanuff 7\n|t:|1682815063\n|gametype|doubles\n|player|p1|Darkress(CR)|266|\n|player|p2|chipp zanuff 7|266|\n|teamsize|p1|6\n|teamsize|p2|6\n|gen|9\n|tier|[Gen 9] VGC 2023 Regulation C\n|rule|Species Clause: Limit one of each Pok\u00e9mon\n|rule|Item Clause: Limit one of each item\n|clearpoke\n|poke|p1|Ting-Lu, L50|\n|poke|p1|Scizor, L50, M|\n|poke|p1|Garganacl, L50, M|\n|poke|p1|Tauros-Paldea-Blaze, L50, M|\n|poke|p1|Appletun, L50, F|\n|poke|p1|Gyarados, L50, M|\n|poke|p2|Garganacl, L50, M|\n|poke|p2|Gyarados, L50, F|\n|poke|p2|Amoonguss, L50, M|\n|poke|p2|Ting-Lu, L50|\n|poke|p2|Flutter Mane, L50|\n|poke|p2|Orthworm, L50, F|\n|teampreview|4\n|c|\u2606chipp zanuff 7|g2\n|c|\u2606Darkress(CR)|g2\nDarkress(CR) has agreed to open team sheets.\nchipp zanuff 7 has agreed to open team sheets.\n|c|\u2606chipp zanuff 7|gl\n|c|\u2606Darkress(CR)|gl hf\n|inactive|Battle timer is ON: inactive players will automatically lose when time's up. (requested by chipp zanuff 7)\n|\n|t:|1682815354\n|start\n|switch|p1a: Tauros|Tauros-Paldea-Blaze, L50, M|100\/100\n|switch|p1b: Garganacl|Garganacl, L50, M, shiny|100\/100\n|switch|p2a: Luck|Garganacl, L50, M, shiny|100\/100\n|switch|p2b: Magna|Gyarados, L50, F, shiny|100\/100\n|-ability|p1a: Tauros|Intimidate|boost\n|-unboost|p2a: Luck|atk|1\n|-unboost|p2b: Magna|atk|1\n|-ability|p2b: Magna|Intimidate|boost\n|-unboost|p1a: Tauros|atk|1\n|-unboost|p1b: Garganacl|atk|1\n|turn|1\n|\n|t:|1682815366\n|move|p1a: Tauros|Protect|p1a: Tauros\n|-singleturn|p1a: Tauros|Protect\n|move|p2b: Magna|Thunder Wave|p1a: Tauros\n|-activate|p1a: Tauros|move: Protect\n|move|p1b: Garganacl|Salt Cure|p2b: Magna\n|-supereffective|p2b: Magna\n|-damage|p2b: Magna|83\/100\n|-start|p2b: Magna|Salt Cure\n|move|p2a: Luck|Stealth Rock|p1a: Tauros\n|-sidestart|p1: Darkress(CR)|move: Stealth Rock\n|\n|-damage|p2b: Magna|58\/100|[from] Salt Cure\n|upkeep\n|turn|2\n|\n|t:|1682815385\n|move|p1a: Tauros|Will-O-Wisp|p2b: Magna|[miss]\n|-miss|p1a: Tauros|p2b: Magna\n|move|p2b: Magna|Thunder Wave|p1a: Tauros\n|-status|p1a: Tauros|par\n|move|p1b: Garganacl|Salt Cure|p2a: Luck\n|-damage|p2a: Luck|94\/100\n|-start|p2a: Luck|Salt Cure\n|move|p2a: Luck|Salt Cure|p1a: Tauros\n|-damage|p1a: Tauros|90\/100 par\n|-start|p1a: Tauros|Salt Cure\n|\n|-heal|p2a: Luck|99\/100|[from] item: Leftovers\n|-damage|p2b: Magna|33\/100|[from] Salt Cure\n|-damage|p1a: Tauros|78\/100 par|[from] Salt Cure\n|-damage|p2a: Luck|88\/100|[from] Salt Cure\n|upkeep\n|turn|3\n|inactive|Darkress(CR) has 30 seconds left.\n|\n|t:|1682815412\n|switch|p2b: Asta|Ting-Lu, L50|100\/100\n|-ability|p2b: Asta|Vessel of Ruin\n|switch|p2a: Yuno|Orthworm, L50, F|100\/100\n|move|p1a: Tauros|Protect|p1a: Tauros\n|-singleturn|p1a: Tauros|Protect\n|move|p1b: Garganacl|Salt Cure|p2b: Asta\n|-resisted|p2b: Asta\n|-damage|p2b: Asta|99\/100\n|-start|p2b: Asta|Salt Cure\n|\n|-damage|p1a: Tauros|67\/100 par|[from] Salt Cure\n|-damage|p2b: Asta|86\/100|[from] Salt Cure\n|upkeep\n|turn|4\n|inactive|Darkress(CR) has 30 seconds left.\n|inactive|Darkress(CR) has 20 seconds left.\n|inactive|Darkress(CR) has 15 seconds left.\n|\n|t:|1682815455\n|-terastallize|p1a: Tauros|Grass\n|move|p2a: Yuno|Iron Defense|p2a: Yuno\n|-boost|p2a: Yuno|def|2\n|move|p1a: Tauros|Raging Bull|p2a: Yuno\n|-supereffective|p2a: Yuno\n|-damage|p2a: Yuno|83\/100\n|move|p2b: Asta|Ruination|p1b: Garganacl\n|-damage|p1b: Garganacl|50\/100\n|move|p1b: Garganacl|Salt Cure|p2a: Yuno\n|-resisted|p2a: Yuno\n|-damage|p2a: Yuno|82\/100\n|-start|p2a: Yuno|Salt Cure\n|\n|-damage|p2a: Yuno|57\/100|[from] Salt Cure\n|-damage|p1a: Tauros|55\/100 par|[from] Salt Cure\n|-damage|p2b: Asta|74\/100|[from] Salt Cure\n|upkeep\n|turn|5\n|\n|t:|1682815480\n|move|p1b: Garganacl|Protect|p1b: Garganacl\n|-singleturn|p1b: Garganacl|Protect\n|move|p2a: Yuno|Body Press|p1b: Garganacl\n|-activate|p1b: Garganacl|move: Protect\n|cant|p1a: Tauros|par\n|move|p2b: Asta|Earthquake|p1b: Garganacl|[spread] p1a\n|-activate|p1b: Garganacl|move: Protect\n|-heal|p2a: Yuno|82\/100|[from] ability: Earth Eater|[of] p2b: Asta\n|-resisted|p1a: Tauros\n|-damage|p1a: Tauros|39\/100 par\n|\n|-damage|p2a: Yuno|57\/100|[from] Salt Cure\n|-damage|p1a: Tauros|28\/100 par|[from] Salt Cure\n|-damage|p2b: Asta|62\/100|[from] Salt Cure\n|upkeep\n|turn|6\n|\n|t:|1682815497\n|switch|p1b: Appletun|Appletun, L50, F|100\/100\n|-damage|p1b: Appletun|88\/100|[from] Stealth Rock\n|move|p2a: Yuno|Body Press|p1b: Appletun\n|-damage|p1b: Appletun|34\/100\n|-enditem|p1b: Appletun|Sitrus Berry|[eat]\n|-heal|p1b: Appletun|59\/100|[from] item: Sitrus Berry\n|cant|p1a: Tauros|par\n|move|p2b: Asta|Throat Chop|p1a: Tauros\n|-damage|p1a: Tauros|0 fnt\n|faint|p1a: Tauros\n|\n|-damage|p2a: Yuno|32\/100|[from] Salt Cure\n|-damage|p2b: Asta|50\/100|[from] Salt Cure\n|upkeep\n|\n|t:|1682815518\n|switch|p1a: Scizor|Scizor, L50, M|100\/100\n|-damage|p1a: Scizor|88\/100|[from] Stealth Rock\n|turn|7\n|inactive|chipp zanuff 7 has 30 seconds left.\n|\n|t:|1682815553\n|move|p1a: Scizor|Swords Dance|p1a: Scizor\n|-boost|p1a: Scizor|atk|2\n|move|p2a: Yuno|Body Press|p1b: Appletun\n|-damage|p1b: Appletun|10\/100\n|move|p2b: Asta|Earthquake|p1b: Appletun|[spread] p1a,p1b\n|-heal|p2a: Yuno|57\/100|[from] ability: Earth Eater|[of] p2b: Asta\n|-resisted|p1b: Appletun\n|-damage|p1a: Scizor|59\/100\n|-damage|p1b: Appletun|0 fnt\n|faint|p1b: Appletun\n|\n|-damage|p2a: Yuno|32\/100|[from] Salt Cure\n|-damage|p2b: Asta|38\/100|[from] Salt Cure\n|upkeep\n|\n|t:|1682815564\n|switch|p1b: Garganacl|Garganacl, L50, M, shiny|50\/100\n|-damage|p1b: Garganacl|38\/100|[from] Stealth Rock\n|turn|8\n|\n|t:|1682815579\n|move|p1a: Scizor|Bullet Punch|p2a: Yuno\n|-resisted|p2a: Yuno\n|-damage|p2a: Yuno|20\/100\n|-enditem|p2a: Yuno|Aguav Berry|[eat]\n|-heal|p2a: Yuno|53\/100|[from] item: Aguav Berry\n|move|p2a: Yuno|Body Press|p1a: Scizor\n|-damage|p1a: Scizor|0 fnt\n|faint|p1a: Scizor\n|move|p2b: Asta|Earthquake|p1b: Garganacl|[spread] p1b\n|-heal|p2a: Yuno|78\/100|[from] ability: Earth Eater|[of] p2b: Asta\n|-supereffective|p1b: Garganacl\n|-crit|p1b: Garganacl\n|-damage|p1b: Garganacl|0 fnt\n|faint|p1b: Garganacl\n|\n|win|chipp zanuff 7\n|c|\u2606chipp zanuff 7|gg\n|c|\u2606Darkress(CR)|gg\n|l|\u2606Darkress(CR)\n|j|\u2606Darkress(CR)\n|player|p1|Darkress(CR)|266\n","uploadtime":1682816330,"views":9,"p1id":"darkresscr","p2id":"chippzanuff7","formatid":"gen9vgc2023regulationc","rating":0,"private":0,"password":""}