{"id":"gen9vgc2023regulationc-1860922395","p1":"HakuCookie","p2":"2245663y","format":"[Gen 9] VGC 2023 Regulation C","log":"|j|\u2606HakuCookie\n|j|\u26062245663y\n|t:|1683696489\n|gametype|doubles\n|player|p1|HakuCookie|266|1210\n|player|p2|2245663y|dawn-gen4pt|1203\n|teamsize|p1|6\n|teamsize|p2|6\n|gen|9\n|tier|[Gen 9] VGC 2023 Regulation C\n|rated|\n|rule|Species Clause: Limit one of each Pok\u00e9mon\n|rule|Item Clause: Limit one of each item\n|clearpoke\n|poke|p1|Torkoal, L50, M|\n|poke|p1|Jumpluff, L50, F|\n|poke|p1|Flutter Mane, L50|\n|poke|p1|Great Tusk, L50|\n|poke|p1|Chi-Yu, L50|\n|poke|p1|Chien-Pao, L50|\n|poke|p2|Kingambit, L50, M|\n|poke|p2|Torkoal, L50, F|\n|poke|p2|Flutter Mane, L50|\n|poke|p2|Jumpluff, L50, M|\n|poke|p2|Great Tusk, L50|\n|poke|p2|Chien-Pao, L50|\n|teampreview|4\n|inactive|Battle timer is ON: inactive players will automatically lose when time's up. (requested by HakuCookie)\n|inactive|HakuCookie has 60 seconds left.\n|inactive|2245663y has 60 seconds left.\n|inactive|HakuCookie has 30 seconds left.\n|\n|t:|1683696553\n|start\n|switch|p1a: Chien-Pao|Chien-Pao, L50|100\/100\n|switch|p1b: Great Tusk|Great Tusk, L50|100\/100\n|switch|p2a: Jumpluff|Jumpluff, L50, M|100\/100\n|switch|p2b: Chien-Pao|Chien-Pao, L50|100\/100\n|-ability|p1a: Chien-Pao|Sword of Ruin\n|-ability|p2b: Chien-Pao|Sword of Ruin\n|turn|1\n|inactive|2245663y has 30 seconds left.\n|inactive|2245663y has 20 seconds left.\n|inactive|2245663y has 15 seconds left.\n|inactive|2245663y has 10 seconds left.\n|\n|t:|1683696602\n|-end|p1b: Great Tusk|Protosynthesis|[silent]\n|switch|p1b: Jumpluff|Jumpluff, L50, F|100\/100\n|-terastallize|p2a: Jumpluff|Water\n|move|p2b: Chien-Pao|Protect|p2b: Chien-Pao\n|-singleturn|p2b: Chien-Pao|Protect\n|move|p1a: Chien-Pao|Ice Spinner|p2a: Jumpluff\n|-resisted|p2a: Jumpluff\n|-damage|p2a: Jumpluff|68\/100\n|move|p2a: Jumpluff|Tailwind|p2a: Jumpluff\n|-sidestart|p2: 2245663y|move: Tailwind\n|\n|upkeep\n|turn|2\n|inactive|HakuCookie has 30 seconds left.\n|inactive|HakuCookie has 20 seconds left.\n|inactive|HakuCookie has 15 seconds left.\n|inactive|HakuCookie has 10 seconds left.\n|\n|t:|1683696652\n|-terastallize|p1b: Jumpluff|Water\n|move|p2b: Chien-Pao|Ice Spinner|p1b: Jumpluff\n|-resisted|p1b: Jumpluff\n|-damage|p1b: Jumpluff|69\/100\n|move|p2a: Jumpluff|Encore|p1a: Chien-Pao\n|-start|p1a: Chien-Pao|Encore\n|move|p1a: Chien-Pao|Ice Spinner|p2b: Chien-Pao\n|-resisted|p2b: Chien-Pao\n|-damage|p2b: Chien-Pao|73\/100\n|move|p1b: Jumpluff|Tailwind|p1b: Jumpluff\n|-sidestart|p1: HakuCookie|move: Tailwind\n|\n|upkeep\n|turn|3\n|inactive|HakuCookie has 30 seconds left.\n|inactive|2245663y has 30 seconds left.\n|inactive|HakuCookie has 20 seconds left.\n|inactive|2245663y has 20 seconds left.\n|inactive|2245663y has 15 seconds left.\n|\n|t:|1683696695\n|move|p2b: Chien-Pao|Sucker Punch||[still]\n|-fail|p2b: Chien-Pao\n|move|p1a: Chien-Pao|Ice Spinner|p2a: Jumpluff\n|-resisted|p2a: Jumpluff\n|-damage|p2a: Jumpluff|36\/100\n|move|p2a: Jumpluff|Leaf Storm|p1b: Jumpluff|[miss]\n|-miss|p2a: Jumpluff|p1b: Jumpluff\n|move|p1b: Jumpluff|Sleep Powder|p2b: Chien-Pao\n|-status|p2b: Chien-Pao|slp|[from] move: Sleep Powder\n|\n|upkeep\n|turn|4\n|\n|t:|1683696710\n|switch|p1a: Chi-Yu|Chi-Yu, L50|100\/100\n|-ability|p1a: Chi-Yu|Beads of Ruin\n|cant|p2b: Chien-Pao|slp\n|move|p2a: Jumpluff|Leaf Storm|p1b: Jumpluff\n|-supereffective|p1b: Jumpluff\n|-damage|p1b: Jumpluff|0 fnt\n|-unboost|p2a: Jumpluff|spa|2\n|faint|p1b: Jumpluff\n|\n|-sideend|p2: 2245663y|move: Tailwind\n|upkeep\n|\n|t:|1683696724\n|switch|p1b: Great Tusk|Great Tusk, L50|100\/100\n|turn|5\n|inactive|2245663y has 30 seconds left.\n|\n|t:|1683696751\n|-curestatus|p2b: Chien-Pao|slp|[msg]\n|move|p2b: Chien-Pao|Protect|p2b: Chien-Pao\n|-singleturn|p2b: Chien-Pao|Protect\n|move|p1b: Great Tusk|Headlong Rush|p2a: Jumpluff\n|-damage|p2a: Jumpluff|0 fnt\n|-unboost|p1b: Great Tusk|def|1\n|-unboost|p1b: Great Tusk|spd|1\n|faint|p2a: Jumpluff\n|move|p1a: Chi-Yu|Heat Wave|p2b: Chien-Pao\n|-activate|p2b: Chien-Pao|move: Protect\n|\n|-sideend|p1: HakuCookie|move: Tailwind\n|upkeep\n|\n|t:|1683696760\n|switch|p2a: Great Tusk|Great Tusk, L50|100\/100\n|turn|6\n|inactive|HakuCookie has 30 seconds left.\n|inactive|2245663y has 30 seconds left.\n|inactive|HakuCookie has 20 seconds left.\n|\n|t:|1683696800\n|move|p1a: Chi-Yu|Protect|p1a: Chi-Yu\n|-singleturn|p1a: Chi-Yu|Protect\n|move|p2b: Chien-Pao|Sucker Punch|p1b: Great Tusk\n|-resisted|p1b: Great Tusk\n|-damage|p1b: Great Tusk|74\/100\n|move|p1b: Great Tusk|Headlong Rush|p2a: Great Tusk\n|-damage|p2a: Great Tusk|41\/100\n|-unboost|p1b: Great Tusk|def|1\n|-unboost|p1b: Great Tusk|spd|1\n|move|p2a: Great Tusk|Headlong Rush|p1b: Great Tusk\n|-damage|p1b: Great Tusk|0 fnt\n|-unboost|p2a: Great Tusk|def|1\n|-unboost|p2a: Great Tusk|spd|1\n|faint|p1b: Great Tusk\n|-end|p1b: Great Tusk|Protosynthesis|[silent]\n|\n|upkeep\n|\n|t:|1683696813\n|switch|p1b: Chien-Pao|Chien-Pao, L50|100\/100\n|-ability|p1b: Chien-Pao|Sword of Ruin\n|turn|7\n|\n|t:|1683696833\n|move|p1b: Chien-Pao|Sucker Punch|p2a: Great Tusk\n|-resisted|p2a: Great Tusk\n|-damage|p2a: Great Tusk|15\/100\n|move|p2a: Great Tusk|Headlong Rush|p1a: Chi-Yu\n|-supereffective|p1a: Chi-Yu\n|-damage|p1a: Chi-Yu|0 fnt\n|-unboost|p2a: Great Tusk|def|1\n|-unboost|p2a: Great Tusk|spd|1\n|faint|p1a: Chi-Yu\n|move|p2b: Chien-Pao|Ice Spinner|p1b: Chien-Pao\n|-resisted|p1b: Chien-Pao\n|-crit|p1b: Chien-Pao\n|-damage|p1b: Chien-Pao|59\/100\n|\n|upkeep\n|turn|8\n|-message|HakuCookie forfeited.\n|\n|win|2245663y\n|raw|HakuCookie's rating: 1210 → 1184<\/strong> (-26 for losing)\n|raw|2245663y's rating: 1203 → 1229<\/strong> (+26 for winning)\n|l|\u2606HakuCookie\n","uploadtime":1683696848,"views":14,"p1id":"hakucookie","p2id":"2245663y","formatid":"gen9vgc2023regulationc","rating":1184,"private":0,"password":""}