{"id":"gen9vgc2023regulationc-1851053093","p1":"Wata97","p2":"snaelstorm","format":"[Gen 9] VGC 2023 Regulation C","log":"|j|\u2606Wata97\n|j|\u2606snaelstorm\n|t:|1682400634\n|gametype|doubles\n|player|p1|Wata97|steven|1460\n|player|p2|snaelstorm|dahlia|1383\n|teamsize|p1|6\n|teamsize|p2|6\n|gen|9\n|tier|[Gen 9] VGC 2023 Regulation C\n|rated|\n|rule|Species Clause: Limit one of each Pok\u00e9mon\n|rule|Item Clause: Limit one of each item\n|clearpoke\n|poke|p1|Amoonguss, L50, M|\n|poke|p1|Dragonite, L50, F|\n|poke|p1|Chien-Pao, L50|\n|poke|p1|Arcanine, L50, M|\n|poke|p1|Gholdengo, L50|\n|poke|p1|Ting-Lu, L50|\n|poke|p2|Wo-Chien, L50|\n|poke|p2|Glimmora, L50, F|\n|poke|p2|Gyarados, L50, F|\n|poke|p2|Flutter Mane, L50|\n|poke|p2|Ceruledge, L50, F|\n|poke|p2|Garganacl, L50, F|\n|teampreview|4\n|inactive|Battle timer is ON: inactive players will automatically lose when time's up. (requested by Wata97)\nsnaelstorm has agreed to open team sheets.\n|inactive|Wata97 has 60 seconds left.\n|inactive|snaelstorm has 60 seconds left.\n|\n|t:|1682400674\n|start\n|switch|p1a: Gholdengo|Gholdengo, L50|100\/100\n|switch|p1b: Amoonguss|Amoonguss, L50, M|100\/100\n|switch|p2a: Ceruledge|Ceruledge, L50, F|100\/100\n|switch|p2b: Gyarados|Gyarados, L50, F|100\/100\n|-ability|p2b: Gyarados|Intimidate|boost\n|-unboost|p1a: Gholdengo|atk|1\n|-unboost|p1b: Amoonguss|atk|1\n|turn|1\n|\n|t:|1682400693\n|-terastallize|p2a: Ceruledge|Grass\n|move|p1b: Amoonguss|Rage Powder|p1b: Amoonguss\n|-singleturn|p1b: Amoonguss|move: Rage Powder\n|move|p1a: Gholdengo|Thunderbolt|p2b: Gyarados\n|-supereffective|p2b: Gyarados\n|-damage|p2b: Gyarados|5\/100\n|-status|p2b: Gyarados|par\n|-enditem|p2b: Gyarados|Sitrus Berry|[eat]\n|-heal|p2b: Gyarados|30\/100 par|[from] item: Sitrus Berry\n|move|p2a: Ceruledge|Bitter Blade|p1a: Gholdengo\n|-supereffective|p1a: Gholdengo\n|-damage|p1a: Gholdengo|0 fnt\n|faint|p1a: Gholdengo\n|-damage|p2a: Ceruledge|91\/100|[from] item: Life Orb\n|move|p2b: Gyarados|Taunt|p1b: Amoonguss\n|-start|p1b: Amoonguss|move: Taunt\n|\n|upkeep\n|\n|t:|1682400713\n|switch|p1a: Dragonite|Dragonite, L50, F|100\/100\n|turn|2\n|\n|t:|1682400726\n|switch|p2b: Wo-Chien|Wo-Chien, L50|100\/100\n|-ability|p2b: Wo-Chien|Tablets of Ruin\n|-terastallize|p1a: Dragonite|Normal\n|move|p1a: Dragonite|Extreme Speed|p2b: Wo-Chien\n|-crit|p2b: Wo-Chien\n|-damage|p2b: Wo-Chien|42\/100\n|move|p2a: Ceruledge|Bulk Up|p2a: Ceruledge\n|-boost|p2a: Ceruledge|atk|1\n|-boost|p2a: Ceruledge|def|1\n|move|p1b: Amoonguss|Clear Smog|p2a: Ceruledge\n|-supereffective|p2a: Ceruledge\n|-damage|p2a: Ceruledge|61\/100\n|-clearboost|p2a: Ceruledge\n|\n|-heal|p2b: Wo-Chien|48\/100|[from] item: Leftovers\n|upkeep\n|turn|3\n|\n|t:|1682400745\n|switch|p1b: Chien-Pao|Chien-Pao, L50|100\/100\n|-ability|p1b: Chien-Pao|Sword of Ruin\n|move|p1a: Dragonite|Extreme Speed|p2a: Ceruledge\n|-damage|p2a: Ceruledge|0 fnt\n|faint|p2a: Ceruledge\n|move|p2b: Wo-Chien|Leech Seed|p1a: Dragonite\n|-start|p1a: Dragonite|move: Leech Seed\n|\n|-heal|p2b: Wo-Chien|55\/100|[from] item: Leftovers\n|-damage|p1a: Dragonite|88\/100|[from] Leech Seed|[of] p2b: Wo-Chien\n|-heal|p2b: Wo-Chien|67\/100|[silent]\n|upkeep\n|\n|t:|1682400758\n|switch|p2a: Flutter Mane|Flutter Mane, L50|100\/100\n|-enditem|p2a: Flutter Mane|Booster Energy\n|-activate|p2a: Flutter Mane|ability: Protosynthesis|[fromitem]\n|-start|p2a: Flutter Mane|protosynthesisspe\n|turn|4\n|\n|t:|1682400782\n|move|p1a: Dragonite|Extreme Speed|p2b: Wo-Chien\n|-damage|p2b: Wo-Chien|9\/100\n|move|p1b: Chien-Pao|Sucker Punch||[still]\n|-fail|p1b: Chien-Pao\n|move|p2a: Flutter Mane|Substitute|p2a: Flutter Mane\n|-start|p2a: Flutter Mane|Substitute\n|-damage|p2a: Flutter Mane|76\/100\n|move|p2b: Wo-Chien|Leech Seed|p1b: Chien-Pao\n|-start|p1b: Chien-Pao|move: Leech Seed\n|\n|-heal|p2b: Wo-Chien|15\/100|[from] item: Leftovers\n|-damage|p1b: Chien-Pao|88\/100|[from] Leech Seed|[of] p2b: Wo-Chien\n|-heal|p2b: Wo-Chien|25\/100|[silent]\n|-damage|p1a: Dragonite|76\/100|[from] Leech Seed|[of] p2b: Wo-Chien\n|-heal|p2b: Wo-Chien|37\/100|[silent]\n|upkeep\n|turn|5\n|inactive|Wata97 has 30 seconds left.\n|\n|t:|1682400811\n|switch|p1a: Amoonguss|Amoonguss, L50, M|100\/100\n|move|p1b: Chien-Pao|Protect|p1b: Chien-Pao\n|-singleturn|p1b: Chien-Pao|Protect\n|move|p2b: Wo-Chien|Protect|p2b: Wo-Chien\n|-singleturn|p2b: Wo-Chien|Protect\n|move|p2a: Flutter Mane|Moonblast|p1b: Chien-Pao\n|-activate|p1b: Chien-Pao|move: Protect\n|\n|-heal|p2b: Wo-Chien|43\/100|[from] item: Leftovers\n|-damage|p1b: Chien-Pao|76\/100|[from] Leech Seed|[of] p2b: Wo-Chien\n|-heal|p2b: Wo-Chien|53\/100|[silent]\n|upkeep\n|turn|6\n|inactive|snaelstorm has 30 seconds left.\n|\n|t:|1682400845\n|switch|p2b: Gyarados|Gyarados, L50, F|30\/100 par\n|-ability|p2b: Gyarados|Intimidate|boost\n|-unboost|p1a: Amoonguss|atk|1\n|-unboost|p1b: Chien-Pao|atk|1\n|move|p2a: Flutter Mane|Protect|p2a: Flutter Mane\n|-singleturn|p2a: Flutter Mane|Protect\n|move|p1b: Chien-Pao|Sucker Punch||[still]\n|-fail|p1b: Chien-Pao\n|move|p1a: Amoonguss|Spore|p2a: Flutter Mane\n|-activate|p2a: Flutter Mane|move: Protect\n|\n|-damage|p1b: Chien-Pao|64\/100|[from] Leech Seed|[of] p2b: Gyarados\n|-heal|p2b: Gyarados|40\/100 par|[silent]\n|upkeep\n|turn|7\n|\n|t:|1682400869\n|move|p2a: Flutter Mane|Protect|p2a: Flutter Mane\n|-singleturn|p2a: Flutter Mane|Protect\n|move|p1a: Amoonguss|Rage Powder|p1a: Amoonguss\n|-singleturn|p1a: Amoonguss|move: Rage Powder\n|move|p1b: Chien-Pao|Ice Spinner|p2a: Flutter Mane\n|-activate|p2a: Flutter Mane|move: Protect\n|cant|p2b: Gyarados|par\n|\n|-damage|p1b: Chien-Pao|51\/100|[from] Leech Seed|[of] p2b: Gyarados\n|-heal|p2b: Gyarados|49\/100 par|[silent]\n|upkeep\n|turn|8\n|\n|t:|1682400888\n|move|p1a: Amoonguss|Rage Powder|p1a: Amoonguss\n|-singleturn|p1a: Amoonguss|move: Rage Powder\n|move|p2a: Flutter Mane|Moonblast|p1a: Amoonguss\n|-resisted|p1a: Amoonguss\n|-damage|p1a: Amoonguss|78\/100\n|move|p1b: Chien-Pao|Ice Spinner|p2a: Flutter Mane\n|-end|p2a: Flutter Mane|Substitute\n|move|p2b: Gyarados|Taunt|p1a: Amoonguss\n|-start|p1a: Amoonguss|move: Taunt\n|\n|-heal|p1a: Amoonguss|84\/100|[from] item: Leftovers\n|-damage|p1b: Chien-Pao|39\/100|[from] Leech Seed|[of] p2b: Gyarados\n|-heal|p2b: Gyarados|58\/100 par|[silent]\n|upkeep\n|turn|9\n|inactive|Wata97 has 30 seconds left.\n|inactive|snaelstorm has 30 seconds left.\n|\n|t:|1682400921\n|switch|p2b: Wo-Chien|Wo-Chien, L50|53\/100\n|-ability|p2b: Wo-Chien|Tablets of Ruin\n|move|p1b: Chien-Pao|Sucker Punch|p2a: Flutter Mane\n|-damage|p2a: Flutter Mane|33\/100\n|move|p2a: Flutter Mane|Moonblast|p1b: Chien-Pao\n|-supereffective|p1b: Chien-Pao\n|-damage|p1b: Chien-Pao|0 fnt\n|faint|p1b: Chien-Pao\n|move|p1a: Amoonguss|Clear Smog|p2a: Flutter Mane\n|-damage|p2a: Flutter Mane|17\/100\n|-clearboost|p2a: Flutter Mane\n|\n|-heal|p2b: Wo-Chien|59\/100|[from] item: Leftovers\n|-heal|p1a: Amoonguss|90\/100|[from] item: Leftovers\n|upkeep\n|\n|t:|1682400935\n|switch|p1b: Dragonite|Dragonite, L50, F, tera:Normal|76\/100\n|turn|10\n|\n|t:|1682400955\n|move|p2a: Flutter Mane|Moonblast|p1b: Dragonite\n|-damage|p1b: Dragonite|26\/100\n|move|p1b: Dragonite|Ice Spinner|p2a: Flutter Mane\n|-damage|p2a: Flutter Mane|0 fnt\n|faint|p2a: Flutter Mane\n|-end|p2a: Flutter Mane|Protosynthesis|[silent]\n|move|p2b: Wo-Chien|Leech Seed|p1b: Dragonite\n|-start|p1b: Dragonite|move: Leech Seed\n|move|p1a: Amoonguss|Clear Smog|p2b: Wo-Chien\n|-supereffective|p2b: Wo-Chien\n|-damage|p2b: Wo-Chien|41\/100\n|-clearboost|p2b: Wo-Chien\n|\n|-heal|p2b: Wo-Chien|47\/100|[from] item: Leftovers\n|-heal|p1a: Amoonguss|96\/100|[from] item: Leftovers\n|-damage|p1b: Dragonite|14\/100|[from] Leech Seed|[of] p2b: Wo-Chien\n|-heal|p2b: Wo-Chien|59\/100|[silent]\n|upkeep\n|\n|t:|1682400960\n|switch|p2a: Gyarados|Gyarados, L50, F|58\/100 par\n|-ability|p2a: Gyarados|Intimidate|boost\n|-unboost|p1a: Amoonguss|atk|1\n|-unboost|p1b: Dragonite|atk|1\n|turn|11\n|inactive|snaelstorm has 30 seconds left.\n|\n|t:|1682400985\n|move|p2b: Wo-Chien|Protect|p2b: Wo-Chien\n|-singleturn|p2b: Wo-Chien|Protect\n|move|p1b: Dragonite|Ice Spinner|p2a: Gyarados\n|-damage|p2a: Gyarados|38\/100 par\n|cant|p2a: Gyarados|par\n|move|p1a: Amoonguss|Clear Smog|p2a: Gyarados\n|-damage|p2a: Gyarados|27\/100 par\n|-clearboost|p2a: Gyarados\n|\n|-heal|p2b: Wo-Chien|65\/100|[from] item: Leftovers\n|-heal|p1a: Amoonguss|100\/100|[from] item: Leftovers\n|-damage|p1b: Dragonite|2\/100|[from] Leech Seed|[of] p2b: Wo-Chien\n|-heal|p2b: Wo-Chien|77\/100|[silent]\n|-end|p1a: Amoonguss|move: Taunt\n|upkeep\n|turn|12\n|\n|t:|1682401006\n|move|p1b: Dragonite|Ice Spinner|p2b: Wo-Chien\n|-supereffective|p2b: Wo-Chien\n|-damage|p2b: Wo-Chien|41\/100\n|move|p2b: Wo-Chien|Pollen Puff|p2a: Gyarados\n|-heal|p2a: Gyarados|77\/100 par\n|cant|p2a: Gyarados|par\n|move|p1a: Amoonguss|Clear Smog|p2b: Wo-Chien\n|-supereffective|p2b: Wo-Chien\n|-damage|p2b: Wo-Chien|22\/100\n|-clearboost|p2b: Wo-Chien\n|\n|-heal|p2b: Wo-Chien|28\/100|[from] item: Leftovers\n|-damage|p1b: Dragonite|0 fnt|[from] Leech Seed|[of] p2b: Wo-Chien\n|-heal|p2b: Wo-Chien|30\/100|[silent]\n|faint|p1b: Dragonite\n|upkeep\n|turn|13\n|\n|t:|1682401032\n|move|p2b: Wo-Chien|Leech Seed|p2a: Gyarados\n|-start|p2a: Gyarados|move: Leech Seed\n|cant|p2a: Gyarados|par\n|move|p1a: Amoonguss|Clear Smog|p2b: Wo-Chien\n|-supereffective|p2b: Wo-Chien\n|-damage|p2b: Wo-Chien|11\/100\n|-clearboost|p2b: Wo-Chien\n|\n|-heal|p2b: Wo-Chien|17\/100|[from] item: Leftovers\n|-damage|p2a: Gyarados|64\/100 par|[from] Leech Seed|[of] p2b: Wo-Chien\n|-heal|p2b: Wo-Chien|30\/100|[silent]\n|upkeep\n|turn|14\n|\n|t:|1682401049\n|move|p2b: Wo-Chien|Pollen Puff|p2a: Gyarados\n|-heal|p2a: Gyarados|100\/100 par\n|cant|p2a: Gyarados|par\n|move|p1a: Amoonguss|Clear Smog|p2b: Wo-Chien\n|-supereffective|p2b: Wo-Chien\n|-damage|p2b: Wo-Chien|11\/100\n|-clearboost|p2b: Wo-Chien\n|\n|-heal|p2b: Wo-Chien|18\/100|[from] item: Leftovers\n|-damage|p2a: Gyarados|88\/100 par|[from] Leech Seed|[of] p2b: Wo-Chien\n|-heal|p2b: Wo-Chien|31\/100|[silent]\n|upkeep\n|turn|15\n|\n|t:|1682401065\n|move|p2b: Wo-Chien|Ruination|p1a: Amoonguss\n|-damage|p1a: Amoonguss|51\/100\n|move|p2a: Gyarados|Whirlpool|p1a: Amoonguss\n|-resisted|p1a: Amoonguss\n|-damage|p1a: Amoonguss|48\/100\n|-activate|p1a: Amoonguss|move: Whirlpool|[of] p2a: Gyarados\n|move|p1a: Amoonguss|Clear Smog|p2b: Wo-Chien\n|-supereffective|p2b: Wo-Chien\n|-damage|p2b: Wo-Chien|11\/100\n|-clearboost|p2b: Wo-Chien\n|\n|-heal|p2b: Wo-Chien|17\/100|[from] item: Leftovers\n|-heal|p1a: Amoonguss|54\/100|[from] item: Leftovers\n|-damage|p2a: Gyarados|76\/100 par|[from] Leech Seed|[of] p2b: Wo-Chien\n|-heal|p2b: Wo-Chien|30\/100|[silent]\n|-damage|p1a: Amoonguss|42\/100|[from] move: Whirlpool|[partiallytrapped]\n|upkeep\n|turn|16\n|\n|t:|1682401084\n|move|p2b: Wo-Chien|Pollen Puff|p1a: Amoonguss\n|-damage|p1a: Amoonguss|24\/100\n|move|p2a: Gyarados|Waterfall|p1a: Amoonguss\n|-resisted|p1a: Amoonguss\n|-damage|p1a: Amoonguss|13\/100\n|move|p1a: Amoonguss|Clear Smog|p2b: Wo-Chien\n|-supereffective|p2b: Wo-Chien\n|-damage|p2b: Wo-Chien|11\/100\n|-clearboost|p2b: Wo-Chien\n|\n|-heal|p2b: Wo-Chien|18\/100|[from] item: Leftovers\n|-heal|p1a: Amoonguss|19\/100|[from] item: Leftovers\n|-damage|p2a: Gyarados|63\/100 par|[from] Leech Seed|[of] p2b: Wo-Chien\n|-heal|p2b: Wo-Chien|31\/100|[silent]\n|-damage|p1a: Amoonguss|7\/100|[from] move: Whirlpool|[partiallytrapped]\n|upkeep\n|turn|17\n|-message|Wata97 forfeited.\n|\n|win|snaelstorm\n|raw|Wata97's rating: 1460 → 1436<\/strong> (-24 for losing)\n|raw|snaelstorm's rating: 1383 → 1407<\/strong> (+24 for winning)\n|l|\u2606Wata97\n","uploadtime":1682401110,"views":17,"p1id":"wata97","p2id":"snaelstorm","formatid":"gen9vgc2023regulationc","rating":1407,"private":0,"password":""}