{"id":"gen9vgc2023regulationc-1860876889","p1":"Reaper976","p2":"poketechnician","format":"[Gen 9] VGC 2023 Regulation C","log":"|j|\u2606Reaper976\n|j|\u2606poketechnician\n|t:|1683689166\n|gametype|doubles\n|player|p1|Reaper976|cyrus|\n|player|p2|poketechnician|170|\n|teamsize|p1|6\n|teamsize|p2|6\n|gen|9\n|tier|[Gen 9] VGC 2023 Regulation C\n|rule|Species Clause: Limit one of each Pok\u00e9mon\n|rule|Item Clause: Limit one of each item\n|clearpoke\n|poke|p1|Kingambit, L50, F|\n|poke|p1|Iron Valiant, L50|\n|poke|p1|Baxcalibur, L50, M|\n|poke|p1|Amoonguss, L50, F|\n|poke|p1|Morgrem, L50, M|\n|poke|p1|Ceruledge, L50, M|\n|poke|p2|Talonflame, L50, F|\n|poke|p2|Flutter Mane, L50|\n|poke|p2|Hydreigon, L50, M|\n|poke|p2|Gastrodon-East, L50, M|\n|poke|p2|Raichu, L50, F|\n|poke|p2|Haxorus, L50, M|\n|teampreview|4\npoketechnician rejected open team sheets.\n|c|\u2606poketechnician|GLHF man!\n|j| paultg\n|c|\u2606Reaper976|you too\n|\n|t:|1683689302\n|start\n|switch|p1a: Ceruledge|Ceruledge, L50, M|100\/100\n|switch|p1b: Amoonguss|Amoonguss, L50, F, shiny|100\/100\n|switch|p2a: Talonflame|Talonflame, L50, F, shiny|100\/100\n|switch|p2b: Hydreigon|Hydreigon, L50, M, shiny|100\/100\n|turn|1\n|\n|t:|1683689355\n|-terastallize|p2b: Hydreigon|Poison\n|-terastallize|p1a: Ceruledge|Fairy\n|move|p1b: Amoonguss|Rage Powder|p1b: Amoonguss\n|-singleturn|p1b: Amoonguss|move: Rage Powder\n|move|p2a: Talonflame|Brave Bird|p1b: Amoonguss\n|-supereffective|p1b: Amoonguss\n|-damage|p1b: Amoonguss|8\/100\n|-damage|p2a: Talonflame|84\/100|[from] item: Rocky Helmet|[of] p1b: Amoonguss\n|-damage|p2a: Talonflame|40\/100|[from] Recoil\n|move|p2b: Hydreigon|Taunt|p1a: Ceruledge\n|-start|p1a: Ceruledge|move: Taunt\n|cant|p1a: Ceruledge|move: Taunt|Swords Dance\n|\n|upkeep\n|turn|2\n|\n|t:|1683689432\n|switch|p1a: Kingambit|Kingambit, L50, F, shiny|100\/100\n|move|p2b: Hydreigon|Protect|p2b: Hydreigon\n|-singleturn|p2b: Hydreigon|Protect\n|move|p1b: Amoonguss|Protect|p1b: Amoonguss\n|-singleturn|p1b: Amoonguss|Protect\n|move|p2a: Talonflame|Brave Bird|p1b: Amoonguss\n|-activate|p1b: Amoonguss|move: Protect\n|\n|upkeep\n|turn|3\n|\n|t:|1683689462\n|move|p2a: Talonflame|Overheat|p1a: Kingambit\n|-supereffective|p1a: Kingambit\n|-damage|p1a: Kingambit|42\/100\n|-unboost|p2a: Talonflame|spa|2\n|move|p2b: Hydreigon|Flamethrower|p1a: Kingambit\n|-supereffective|p1a: Kingambit\n|-damage|p1a: Kingambit|0 fnt\n|faint|p1a: Kingambit\n|move|p1b: Amoonguss|Spore|p2a: Talonflame\n|-status|p2a: Talonflame|slp|[from] move: Spore\n|\n|upkeep\n|\n|t:|1683689473\n|switch|p1a: Ceruledge|Ceruledge, L50, M, tera:Fairy|100\/100\n|turn|4\n|\n|t:|1683689487\n|cant|p2a: Talonflame|slp\n|move|p2b: Hydreigon|Taunt|p1a: Ceruledge\n|-start|p1a: Ceruledge|move: Taunt\n|move|p1a: Ceruledge|Bitter Blade|p2b: Hydreigon\n|-damage|p2b: Hydreigon|46\/100\n|move|p1b: Amoonguss|Giga Drain|p2a: Talonflame\n|-resisted|p2a: Talonflame\n|-damage|p2a: Talonflame|31\/100 slp\n|-heal|p1b: Amoonguss|12\/100|[from] drain|[of] p2a: Talonflame\n|\n|upkeep\n|turn|5\n|\n|t:|1683689506\n|move|p2b: Hydreigon|Protect|p2b: Hydreigon\n|-singleturn|p2b: Hydreigon|Protect\n|move|p1b: Amoonguss|Protect|p1b: Amoonguss\n|-singleturn|p1b: Amoonguss|Protect\n|move|p1a: Ceruledge|Shadow Sneak|p2a: Talonflame\n|-damage|p2a: Talonflame|0 fnt\n|faint|p2a: Talonflame\n|\n|upkeep\n|\n|t:|1683689514\n|switch|p2a: Raichu|Raichu, L50, F, shiny|100\/100\n|turn|6\n|\n|t:|1683689532\n|switch|p2b: Haxorus|Haxorus, L50, M, shiny|100\/100\n|-ability|p2b: Haxorus|Mold Breaker\n|move|p2a: Raichu|Fake Out|p1a: Ceruledge\n|-damage|p1a: Ceruledge|91\/100\n|move|p1b: Amoonguss|Rage Powder|p1b: Amoonguss\n|-singleturn|p1b: Amoonguss|move: Rage Powder\n|cant|p1a: Ceruledge|flinch\n|\n|-end|p1a: Ceruledge|move: Taunt\n|upkeep\n|turn|7\n|\n|t:|1683689555\n|move|p2a: Raichu|Thunderbolt|p1b: Amoonguss\n|-resisted|p1b: Amoonguss\n|-damage|p1b: Amoonguss|0 fnt\n|faint|p1b: Amoonguss\n|move|p2b: Haxorus|Poison Jab|p1a: Ceruledge\n|-supereffective|p1a: Ceruledge\n|-damage|p1a: Ceruledge|18\/100\n|-enditem|p1a: Ceruledge|Sitrus Berry|[eat]\n|-heal|p1a: Ceruledge|42\/100|[from] item: Sitrus Berry\n|move|p1a: Ceruledge|Tera Blast|p2b: Haxorus\n|-supereffective|p2b: Haxorus\n|-damage|p2b: Haxorus|0 fnt\n|faint|p2b: Haxorus\n|\n|upkeep\n|\n|t:|1683689561\n|switch|p2b: Hydreigon|Hydreigon, L50, M, shiny, tera:Poison|46\/100\n|switch|p1b: Baxcalibur|Baxcalibur, L50, M, shiny|100\/100\n|turn|8\n|\n|t:|1683689608\n|move|p2b: Hydreigon|Dark Pulse|p1b: Baxcalibur\n|-damage|p1b: Baxcalibur|62\/100\n|move|p2a: Raichu|Thunderbolt|p1a: Ceruledge\n|-damage|p1a: Ceruledge|3\/100\n|move|p1b: Baxcalibur|Icicle Crash|p2b: Hydreigon\n|-damage|p2b: Hydreigon|0 fnt\n|faint|p2b: Hydreigon\n|move|p1a: Ceruledge|Bitter Blade|p2a: Raichu\n|-damage|p2a: Raichu|0 fnt\n|-heal|p1a: Ceruledge|42\/100|[from] drain|[of] p2a: Raichu\n|-status|p1a: Ceruledge|par|[from] ability: Static|[of] p2a: Raichu\n|faint|p2a: Raichu\n|\n|win|Reaper976\n|c|\u2606poketechnician|gg\n|l| paultg\n|l|\u2606Reaper976\n|l|\u2606poketechnician\n|j|\u2606Reaper976\n|player|p1|Reaper976|cyrus\n","uploadtime":1683689618,"views":35,"p1id":"reaper976","p2id":"poketechnician","formatid":"gen9vgc2023regulationc","rating":0,"private":0,"password":""}