{"id":"gen9vgc2023regulationc-1850681546","p1":"PiccoloRuiz","p2":"cardanoman","format":"[Gen 9] VGC 2023 Regulation C","log":"|j|\u2606PiccoloRuiz\n|j|\u2606cardanoman\n|t:|1682358688\n|gametype|doubles\n|player|p1|PiccoloRuiz|valerie|1236\n|player|p2|cardanoman|169|1228\n|teamsize|p1|6\n|teamsize|p2|6\n|gen|9\n|tier|[Gen 9] VGC 2023 Regulation C\n|rated|\n|rule|Species Clause: Limit one of each Pok\u00e9mon\n|rule|Item Clause: Limit one of each item\n|clearpoke\n|poke|p1|Flutter Mane, L50|\n|poke|p1|Amoonguss, L50, F|\n|poke|p1|Gyarados, L50, F|\n|poke|p1|Arcanine, L50, F|\n|poke|p1|Ting-Lu, L50|\n|poke|p1|Baxcalibur, L50, F|\n|poke|p2|Sableye, L50, F|\n|poke|p2|Maushold-Four, L50|\n|poke|p2|Palafin, L50, F|\n|poke|p2|Great Tusk, L50|\n|poke|p2|Garganacl, L50, M|\n|poke|p2|Orthworm, L50, M|\n|teampreview|4\n|inactive|Battle timer is ON: inactive players will automatically lose when time's up. (requested by PiccoloRuiz)\n|j| dragoner21\n|\n|t:|1682358713\n|start\n|switch|p1a: Flutter Mane|Flutter Mane, L50|100\/100\n|switch|p1b: Bianca|Gyarados, L50, F, shiny|100\/100\n|switch|p2a: Great Tusk|Great Tusk, L50|100\/100\n|switch|p2b: Orthworm|Orthworm, L50, M|100\/100\n|-ability|p1b: Bianca|Intimidate|boost\n|-unboost|p2a: Great Tusk|atk|1\n|-unboost|p2b: Orthworm|atk|1\n|-enditem|p1a: Flutter Mane|Booster Energy\n|-activate|p1a: Flutter Mane|ability: Protosynthesis|[fromitem]\n|-start|p1a: Flutter Mane|protosynthesisspa\n|-enditem|p2a: Great Tusk|Booster Energy\n|-activate|p2a: Great Tusk|ability: Protosynthesis|[fromitem]\n|-start|p2a: Great Tusk|protosynthesisspe\n|turn|1\n|inactive|cardanoman has 30 seconds left.\n|\n|t:|1682358746\n|move|p2a: Great Tusk|Protect|p2a: Great Tusk\n|-singleturn|p2a: Great Tusk|Protect\n|move|p1a: Flutter Mane|Protect|p1a: Flutter Mane\n|-singleturn|p1a: Flutter Mane|Protect\n|move|p1b: Bianca|Taunt|p2b: Orthworm\n|-start|p2b: Orthworm|move: Taunt\n|cant|p2b: Orthworm|move: Taunt|Coil\n|\n|upkeep\n|turn|2\n|\n|t:|1682358771\n|switch|p2b: Maushold|Maushold-Four, L50|100\/100\n|move|p2a: Great Tusk|Headlong Rush|p1a: Flutter Mane\n|-damage|p1a: Flutter Mane|47\/100\n|-unboost|p2a: Great Tusk|def|1\n|-unboost|p2a: Great Tusk|spd|1\n|move|p1a: Flutter Mane|Moonblast|p2a: Great Tusk\n|-supereffective|p2a: Great Tusk\n|-damage|p2a: Great Tusk|0 fnt\n|faint|p2a: Great Tusk\n|-end|p2a: Great Tusk|Protosynthesis|[silent]\n|move|p1b: Bianca|Waterfall|p2b: Maushold\n|-damage|p2b: Maushold|46\/100\n|\n|upkeep\n|l| dragoner21\n|\n|t:|1682358783\n|switch|p2a: Palafin|Palafin, L50, F|100\/100\n|turn|3\n|\n|t:|1682358793\n|-end|p1a: Flutter Mane|Protosynthesis|[silent]\n|switch|p1a: Brita|Amoonguss, L50, F, shiny|100\/100\n|-terastallize|p2a: Palafin|Water\n|move|p2a: Palafin|Jet Punch|p1a: Brita\n|-resisted|p1a: Brita\n|-damage|p1a: Brita|85\/100\n|-damage|p2a: Palafin|84\/100|[from] item: Rocky Helmet|[of] p1a: Brita\n|move|p2b: Maushold|Population Bomb|p1b: Bianca\n|-damage|p1b: Bianca|91\/100\n|-damage|p1b: Bianca|80\/100\n|-damage|p1b: Bianca|70\/100\n|-damage|p1b: Bianca|59\/100\n|-damage|p1b: Bianca|48\/100\n|-enditem|p1b: Bianca|Sitrus Berry|[eat]\n|-heal|p1b: Bianca|73\/100|[from] item: Sitrus Berry\n|-damage|p1b: Bianca|61\/100\n|-damage|p1b: Bianca|50\/100\n|-damage|p1b: Bianca|41\/100\n|-damage|p1b: Bianca|30\/100\n|-damage|p1b: Bianca|19\/100\n|-hitcount|p1b: Bianca|10\n|move|p1b: Bianca|Thunder Wave|p2a: Palafin\n|-status|p2a: Palafin|par\n|\n|upkeep\n|turn|4\n|inactive|cardanoman has 30 seconds left.\n|inactive|cardanoman has 20 seconds left.\n|inactive|cardanoman has 15 seconds left.\n|\n|t:|1682358833\n|move|p1a: Brita|Rage Powder|p1a: Brita\n|-singleturn|p1a: Brita|move: Rage Powder\n|move|p2b: Maushold|Population Bomb|p1a: Brita\n|-damage|p1a: Brita|75\/100\n|-damage|p2b: Maushold|30\/100|[from] item: Rocky Helmet|[of] p1a: Brita\n|-damage|p1a: Brita|67\/100\n|-damage|p2b: Maushold|13\/100|[from] item: Rocky Helmet|[of] p1a: Brita\n|-damage|p1a: Brita|58\/100\n|-damage|p2b: Maushold|0 fnt|[from] item: Rocky Helmet|[of] p1a: Brita\n|faint|p2b: Maushold\n|-hitcount|p1a: Brita|3\n|move|p1b: Bianca|Waterfall|p2a: Palafin\n|-resisted|p2a: Palafin\n|-damage|p2a: Palafin|64\/100 par\n|move|p2a: Palafin|Wave Crash|p1a: Brita\n|-resisted|p1a: Brita\n|-damage|p1a: Brita|27\/100\n|-damage|p2a: Palafin|47\/100 par|[from] item: Rocky Helmet|[of] p1a: Brita\n|-damage|p2a: Palafin|36\/100 par|[from] Recoil\n|\n|upkeep\n|\n|t:|1682358858\n|switch|p2b: Orthworm|Orthworm, L50, M|100\/100\n|turn|5\n|inactive|cardanoman has 30 seconds left.\n|\n|t:|1682358885\n|move|p1b: Bianca|Taunt|p2b: Orthworm\n|-start|p2b: Orthworm|move: Taunt\n|cant|p2b: Orthworm|move: Taunt|Coil\n|move|p2a: Palafin|Taunt|p1a: Brita\n|-start|p1a: Brita|move: Taunt\n|cant|p1a: Brita|move: Taunt|Spore\n|\n|upkeep\n|turn|6\n|\n|t:|1682358899\n|switch|p1a: Raja|Arcanine, L50, F|100\/100\n|-ability|p1a: Raja|Intimidate|boost\n|-unboost|p2a: Palafin|atk|1\n|-unboost|p2b: Orthworm|atk|1\n|cant|p2a: Palafin|par\n|move|p1b: Bianca|Waterfall|p2b: Orthworm\n|-damage|p2b: Orthworm|78\/100\n|move|p2b: Orthworm|Body Press|p1a: Raja\n|-damage|p1a: Raja|76\/100\n|\n|upkeep\n|turn|7\n|\n|t:|1682358914\n|switch|p1b: Brita|Amoonguss, L50, F, shiny|60\/100\n|move|p1a: Raja|Protect|p1a: Raja\n|-singleturn|p1a: Raja|Protect\n|move|p2a: Palafin|Jet Punch|p1a: Raja\n|-activate|p1a: Raja|move: Protect\n|move|p2b: Orthworm|Body Press|p1a: Raja\n|-activate|p1a: Raja|move: Protect\n|\n|-end|p2b: Orthworm|move: Taunt\n|upkeep\n|turn|8\n|\n|t:|1682358926\n|move|p1b: Brita|Rage Powder|p1b: Brita\n|-singleturn|p1b: Brita|move: Rage Powder\n|move|p2a: Palafin|Jet Punch|p1b: Brita\n|-resisted|p1b: Brita\n|-damage|p1b: Brita|50\/100\n|-damage|p2a: Palafin|20\/100 par|[from] item: Rocky Helmet|[of] p1b: Brita\n|move|p1a: Raja|Flare Blitz|p2b: Orthworm\n|-supereffective|p2b: Orthworm\n|-damage|p2b: Orthworm|2\/100\n|-enditem|p2b: Orthworm|Sitrus Berry|[eat]\n|-heal|p2b: Orthworm|27\/100|[from] item: Sitrus Berry\n|-damage|p1a: Raja|54\/100|[from] Recoil\n|move|p2b: Orthworm|Coil|p2b: Orthworm\n|-boost|p2b: Orthworm|atk|1\n|-boost|p2b: Orthworm|def|1\n|-boost|p2b: Orthworm|accuracy|1\n|\n|upkeep\n|turn|9\n|inactive|cardanoman has 30 seconds left.\n|\n|t:|1682358953\n|move|p1b: Brita|Rage Powder|p1b: Brita\n|-singleturn|p1b: Brita|move: Rage Powder\n|move|p1a: Raja|Flare Blitz|p2b: Orthworm\n|-supereffective|p2b: Orthworm\n|-damage|p2b: Orthworm|0 fnt\n|faint|p2b: Orthworm\n|-damage|p1a: Raja|46\/100|[from] Recoil\n|cant|p2a: Palafin|par\n|\n|upkeep\n|turn|10\n|l|\u2606cardanoman\n|inactive|cardanoman disconnected and has a minute to reconnect!\n|player|p2|\n|inactive|cardanoman has 30 seconds left.\n|inactive|cardanoman has 20 seconds left.\n|inactive|cardanoman has 15 seconds left.\n|inactive|cardanoman has 10 seconds left.\n|inactive|PiccoloRuiz has 30 seconds left.\n|inactive|cardanoman has 5 seconds left.\n|-message|cardanoman lost due to inactivity.\n|\n|win|PiccoloRuiz\n|raw|PiccoloRuiz's rating: 1207 → 1234<\/strong> (+27 for winning)\n|raw|cardanoman's rating: 1228 → 1201<\/strong> (-27 for losing)\n","uploadtime":1682359020,"views":12,"p1id":"piccoloruiz","p2id":"cardanoman","formatid":"gen9vgc2023regulationc","rating":1201,"private":0,"password":""}