{"id":"gen9vgc2023regulationc-1851394736","p1":"BIGDRAGONLIKEUGEOK","p2":"a lonely fart","format":"[Gen 9] VGC 2023 Regulation C","log":"|j|\u2606BIGDRAGONLIKEUGEOK\n|j|\u2606a lonely fart\n|t:|1682441635\n|gametype|doubles\n|player|p1|BIGDRAGONLIKEUGEOK|2|1422\n|player|p2|a lonely fart|102|1481\n|teamsize|p1|6\n|teamsize|p2|6\n|gen|9\n|tier|[Gen 9] VGC 2023 Regulation C\n|rated|\n|rule|Species Clause: Limit one of each Pok\u00e9mon\n|rule|Item Clause: Limit one of each item\n|clearpoke\n|poke|p1|Garganacl, L50, F|\n|poke|p1|Arcanine, L50, M|\n|poke|p1|Ting-Lu, L50|\n|poke|p1|Iron Bundle, L50|\n|poke|p1|Amoonguss, L50, F|\n|poke|p1|Roaring Moon, L50|\n|poke|p2|Gyarados, L50, M|\n|poke|p2|Scizor, L50, M|\n|poke|p2|Amoonguss, L50, F|\n|poke|p2|Chi-Yu, L50|\n|poke|p2|Flutter Mane, L50|\n|poke|p2|Iron Bundle, L50|\n|teampreview|4\n|inactive|Battle timer is ON: inactive players will automatically lose when time's up. (requested by a lonely fart)\n|inactive|BIGDRAGONLIKEUGEOK has 60 seconds left.\n|\n|t:|1682441694\n|start\n|switch|p1a: Roaring Moon|Roaring Moon, L50|100\/100\n|switch|p1b: Arcanine|Arcanine, L50, M|100\/100\n|switch|p2a: Chi-Yu|Chi-Yu, L50|100\/100\n|switch|p2b: Iron Bundle|Iron Bundle, L50|100\/100\n|-ability|p1b: Arcanine|Intimidate|boost\n|-unboost|p2a: Chi-Yu|atk|1\n|-unboost|p2b: Iron Bundle|atk|1\n|-ability|p2a: Chi-Yu|Beads of Ruin\n|-enditem|p2b: Iron Bundle|Booster Energy\n|-activate|p2b: Iron Bundle|ability: Quark Drive|[fromitem]\n|-start|p2b: Iron Bundle|quarkdrivespe\n|-enditem|p1a: Roaring Moon|Booster Energy\n|-activate|p1a: Roaring Moon|ability: Protosynthesis|[fromitem]\n|-start|p1a: Roaring Moon|protosynthesisspe\n|turn|1\n|inactive|BIGDRAGONLIKEUGEOK has 30 seconds left.\n|inactive|a lonely fart has 30 seconds left.\n|\n|t:|1682441724\n|switch|p2a: Gyarados|Gyarados, L50, M|100\/100\n|-ability|p2a: Gyarados|Intimidate|boost\n|-unboost|p1a: Roaring Moon|atk|1\n|-unboost|p1b: Arcanine|atk|1\n|move|p1a: Roaring Moon|Protect|p1a: Roaring Moon\n|-singleturn|p1a: Roaring Moon|Protect\n|move|p1b: Arcanine|Protect|p1b: Arcanine\n|-singleturn|p1b: Arcanine|Protect\n|move|p2b: Iron Bundle|Freeze-Dry|p1a: Roaring Moon\n|-activate|p1a: Roaring Moon|move: Protect\n|\n|upkeep\n|turn|2\n|\n|t:|1682441746\n|-end|p1a: Roaring Moon|Protosynthesis|[silent]\n|switch|p1a: Garganacl|Garganacl, L50, F|100\/100\n|move|p2b: Iron Bundle|Hydro Pump|p1b: Arcanine\n|-supereffective|p1b: Arcanine\n|-damage|p1b: Arcanine|0 fnt\n|faint|p1b: Arcanine\n|move|p2a: Gyarados|Thunder Wave|p1a: Garganacl\n|-immune|p1a: Garganacl|[from] ability: Purifying Salt\n|\n|upkeep\n|\n|t:|1682441757\n|switch|p1b: Ting-Lu|Ting-Lu, L50|100\/100\n|-ability|p1b: Ting-Lu|Vessel of Ruin\n|turn|3\n|\n|t:|1682441773\n|move|p2b: Iron Bundle|Protect|p2b: Iron Bundle\n|-singleturn|p2b: Iron Bundle|Protect\n|move|p2a: Gyarados|Waterfall|p1b: Ting-Lu\n|-supereffective|p1b: Ting-Lu\n|-damage|p1b: Ting-Lu|63\/100\n|move|p1b: Ting-Lu|Ruination|p2a: Gyarados|[miss]\n|-miss|p1b: Ting-Lu|p2a: Gyarados\n|move|p1a: Garganacl|Salt Cure|p2b: Iron Bundle\n|-activate|p2b: Iron Bundle|move: Protect\n|\n|upkeep\n|turn|4\n|\n|t:|1682441796\n|move|p2b: Iron Bundle|Hydro Pump|p1a: Garganacl\n|-supereffective|p1a: Garganacl\n|-damage|p1a: Garganacl|50\/100\n|move|p2a: Gyarados|Waterfall|p1b: Ting-Lu\n|-supereffective|p1b: Ting-Lu\n|-damage|p1b: Ting-Lu|26\/100\n|cant|p1b: Ting-Lu|flinch\n|move|p1a: Garganacl|Salt Cure|p2b: Iron Bundle\n|-supereffective|p2b: Iron Bundle\n|-damage|p2b: Iron Bundle|66\/100\n|-start|p2b: Iron Bundle|Salt Cure\n|\n|-heal|p1a: Garganacl|56\/100|[from] item: Leftovers\n|-damage|p2b: Iron Bundle|42\/100|[from] Salt Cure\n|upkeep\n|turn|5\n|\n|t:|1682441816\n|-end|p2b: Iron Bundle|Quark Drive|[silent]\n|switch|p2b: Chi-Yu|Chi-Yu, L50|100\/100\n|-ability|p2b: Chi-Yu|Beads of Ruin\n|move|p2a: Gyarados|Waterfall|p1b: Ting-Lu\n|-supereffective|p1b: Ting-Lu\n|-damage|p1b: Ting-Lu|0 fnt\n|faint|p1b: Ting-Lu\n|move|p1a: Garganacl|Recover|p1a: Garganacl\n|-heal|p1a: Garganacl|100\/100\n|\n|upkeep\n|\n|t:|1682441823\n|switch|p1b: Roaring Moon|Roaring Moon, L50|100\/100\n|turn|6\n|\n|t:|1682441835\n|move|p1b: Roaring Moon|Protect|p1b: Roaring Moon\n|-singleturn|p1b: Roaring Moon|Protect\n|move|p2b: Chi-Yu|Dark Pulse|p1a: Garganacl\n|-damage|p1a: Garganacl|54\/100\n|move|p2a: Gyarados|Thunder Wave|p1b: Roaring Moon\n|-activate|p1b: Roaring Moon|move: Protect\n|cant|p1a: Garganacl|flinch\n|\n|-heal|p1a: Garganacl|60\/100|[from] item: Leftovers\n|upkeep\n|turn|7\n|inactive|BIGDRAGONLIKEUGEOK has 30 seconds left.\n|c|\u2606BIGDRAGONLIKEUGEOK|More hax?\n|inactive|BIGDRAGONLIKEUGEOK has 20 seconds left.\n|\n|t:|1682441872\n|move|p1b: Roaring Moon|Protect|p1b: Roaring Moon\n|-singleturn|p1b: Roaring Moon|Protect\n|move|p2b: Chi-Yu|Dark Pulse|p1a: Garganacl\n|-damage|p1a: Garganacl|15\/100\n|move|p2a: Gyarados|Thunder Wave|p1b: Roaring Moon\n|-activate|p1b: Roaring Moon|move: Protect\n|cant|p1a: Garganacl|flinch\n|\n|-heal|p1a: Garganacl|20\/100|[from] item: Leftovers\n|upkeep\n|turn|8\n|c|\u2606a lonely fart|Yes please\n|c|\u2606a lonely fart|Thanks!\n|\n|t:|1682441894\n|-terastallize|p1b: Roaring Moon|Flying\n|move|p1a: Garganacl|Protect|p1a: Garganacl\n|-singleturn|p1a: Garganacl|Protect\n|move|p1b: Roaring Moon|Acrobatics|p2b: Chi-Yu\n|-damage|p2b: Chi-Yu|29\/100\n|move|p2b: Chi-Yu|Dark Pulse|p1a: Garganacl\n|-activate|p1a: Garganacl|move: Protect\n|move|p2a: Gyarados|Thunder Wave|p1b: Roaring Moon\n|-status|p1b: Roaring Moon|par\n|\n|-heal|p1a: Garganacl|26\/100|[from] item: Leftovers\n|upkeep\n|turn|9\n|\n|t:|1682441912\n|move|p1a: Garganacl|Protect||[still]\n|-fail|p1a: Garganacl\n|move|p2b: Chi-Yu|Dark Pulse|p1b: Roaring Moon\n|-damage|p1b: Roaring Moon|40\/100 par\n|move|p2a: Gyarados|Waterfall|p1a: Garganacl\n|-supereffective|p1a: Garganacl\n|-damage|p1a: Garganacl|0 fnt\n|faint|p1a: Garganacl\n|cant|p1b: Roaring Moon|par\n|\n|upkeep\n|turn|10\n|c|\u2606BIGDRAGONLIKEUGEOK|Lol\n|inactive|BIGDRAGONLIKEUGEOK has 30 seconds left.\n|\n|t:|1682441946\n|move|p2b: Chi-Yu|Dark Pulse|p1b: Roaring Moon\n|-damage|p1b: Roaring Moon|0 fnt\n|faint|p1b: Roaring Moon\n|-end|p1b: Roaring Moon|Protosynthesis|[silent]\n|\n|win|a lonely fart\n|raw|BIGDRAGONLIKEUGEOK's rating: 1422 → 1405<\/strong> (-17 for losing)\n|raw|a lonely fart's rating: 1481 → 1498<\/strong> (+17 for winning)\n","uploadtime":1682441952,"views":5,"p1id":"bigdragonlikeugeok","p2id":"alonelyfart","formatid":"gen9vgc2023regulationc","rating":1405,"private":0,"password":""}