{"id":"gen9vgc2023regulationc-1845456139","p1":"NoodleDude2355","p2":"TulipGoatBun","format":"[Gen 9] VGC 2023 Regulation C","log":"|j|\u2606NoodleDude2355\n|j|\u2606TulipGoatBun\n|t:|1681735353\n|gametype|doubles\n|player|p1|NoodleDude2355|265|1119\n|player|p2|TulipGoatBun|flannery|1061\n|teamsize|p1|6\n|teamsize|p2|6\n|gen|9\n|tier|[Gen 9] VGC 2023 Regulation C\n|rated|\n|rule|Species Clause: Limit one of each Pok\u00e9mon\n|rule|Item Clause: Limit one of each item\n|clearpoke\n|poke|p1|Amoonguss, L50, M|\n|poke|p1|Garganacl, L50, F|\n|poke|p1|Dragonite, L50, M|\n|poke|p1|Chien-Pao, L50|\n|poke|p1|Iron Hands, L50|\n|poke|p1|Flutter Mane, L50|\n|poke|p2|Tatsugiri, L50, M|\n|poke|p2|Flutter Mane, L50|\n|poke|p2|Dondozo, L50, M|\n|poke|p2|Amoonguss, L50, M|\n|poke|p2|Gothitelle, L50, M|\n|poke|p2|Flamigo, L50, M|\n|teampreview|4\n|inactive|Battle timer is ON: inactive players will automatically lose when time's up. (requested by TulipGoatBun)\nTulipGoatBun rejected open team sheets.\n|\n|t:|1681735376\n|start\n|switch|p1a: Chien-Pao|Chien-Pao, L50|100\/100\n|switch|p1b: Flutter Mane|Flutter Mane, L50|100\/100\n|switch|p2a: Tatsugiri|Tatsugiri, L50, M|100\/100\n|switch|p2b: Flutter Mane|Flutter Mane, L50|100\/100\n|-ability|p1a: Chien-Pao|Sword of Ruin\n|-enditem|p1b: Flutter Mane|Booster Energy\n|-activate|p1b: Flutter Mane|ability: Protosynthesis|[fromitem]\n|-start|p1b: Flutter Mane|protosynthesisspe\n|-enditem|p2b: Flutter Mane|Booster Energy\n|-activate|p2b: Flutter Mane|ability: Protosynthesis|[fromitem]\n|-start|p2b: Flutter Mane|protosynthesisspa\n|turn|1\n|\n|t:|1681735396\n|move|p1a: Chien-Pao|Protect|p1a: Chien-Pao\n|-singleturn|p1a: Chien-Pao|Protect\n|move|p1b: Flutter Mane|Dazzling Gleam|p2a: Tatsugiri|[spread] p2a,p2b\n|-supereffective|p2a: Tatsugiri\n|-damage|p2a: Tatsugiri|25\/100\n|-damage|p2b: Flutter Mane|68\/100\n|move|p2b: Flutter Mane|Perish Song|p2b: Flutter Mane\n|-start|p1a: Chien-Pao|perish3|[silent]\n|-start|p1b: Flutter Mane|perish3|[silent]\n|-start|p2a: Tatsugiri|perish3|[silent]\n|-start|p2b: Flutter Mane|perish3|[silent]\n|-fieldactivate|move: Perish Song\n|move|p2a: Tatsugiri|Counter||[still]\n|-fail|p2a: Tatsugiri\n|\n|-start|p1b: Flutter Mane|perish3\n|-start|p1a: Chien-Pao|perish3\n|-start|p2b: Flutter Mane|perish3\n|-start|p2a: Tatsugiri|perish3\n|upkeep\n|turn|2\n|\n|t:|1681735414\n|-end|p1b: Flutter Mane|Protosynthesis|[silent]\n|switch|p1b: Amoonguss|Amoonguss, L50, M|100\/100\n|switch|p1a: Iron Hands|Iron Hands, L50|100\/100\n|-end|p2b: Flutter Mane|Protosynthesis|[silent]\n|switch|p2b: Dondozo|Dondozo, L50, M|100\/100\n|-activate|p2a: Tatsugiri|ability: Commander|[of] p2b: Dondozo\n|-boost|p2b: Dondozo|atk|2\n|-boost|p2b: Dondozo|spa|2\n|-boost|p2b: Dondozo|spe|2\n|-boost|p2b: Dondozo|def|2\n|-boost|p2b: Dondozo|spd|2\n|\n|-start|p2a: Tatsugiri|perish2\n|upkeep\n|turn|3\n|\n|t:|1681735434\n|-terastallize|p2b: Dondozo|Grass\n|-terastallize|p1a: Iron Hands|Grass\n|move|p2b: Dondozo|Zen Headbutt|p1a: Iron Hands\n|-damage|p1a: Iron Hands|68\/100\n|cant|p1a: Iron Hands|flinch\n|move|p1b: Amoonguss|Clear Smog|p2b: Dondozo\n|-supereffective|p2b: Dondozo\n|-damage|p2b: Dondozo|79\/100\n|-clearboost|p2b: Dondozo\n|\n|-heal|p2b: Dondozo|85\/100|[from] item: Leftovers\n|-start|p2a: Tatsugiri|perish1\n|upkeep\n|turn|4\n|\n|t:|1681735452\n|move|p1a: Iron Hands|Belly Drum|p1a: Iron Hands\n|-damage|p1a: Iron Hands|18\/100\n|-setboost|p1a: Iron Hands|atk|6|[from] move: Belly Drum\n|move|p2b: Dondozo|Order Up|p1b: Amoonguss\n|-damage|p1b: Amoonguss|72\/100\n|-boost|p2b: Dondozo|atk|1\n|move|p1b: Amoonguss|Pollen Puff|p1a: Iron Hands\n|-heal|p1a: Iron Hands|68\/100\n|\n|-heal|p2b: Dondozo|91\/100|[from] item: Leftovers\n|-heal|p1b: Amoonguss|78\/100|[from] item: Black Sludge\n|-start|p2a: Tatsugiri|perish0\n|upkeep\n|faint|p2a: Tatsugiri\n|\n|t:|1681735467\n|switch|p2a: Flamigo|Flamigo, L50, M|100\/100\n|-copyboost|p2a: Flamigo|p2b: Dondozo|[from] ability: Costar\n|turn|5\n|\n|t:|1681735484\n|move|p1b: Amoonguss|Rage Powder|p1b: Amoonguss\n|-singleturn|p1b: Amoonguss|move: Rage Powder\n|move|p2a: Flamigo|Aerial Ace|p1b: Amoonguss\n|-supereffective|p1b: Amoonguss\n|-damage|p1b: Amoonguss|0 fnt\n|faint|p1b: Amoonguss\n|move|p1a: Iron Hands|Thunder Punch|p2a: Flamigo\n|-supereffective|p2a: Flamigo\n|-damage|p2a: Flamigo|0 fnt\n|faint|p2a: Flamigo\n|move|p2b: Dondozo|Heavy Slam|p1a: Iron Hands\n|-damage|p1a: Iron Hands|55\/100\n|\n|-heal|p2b: Dondozo|97\/100|[from] item: Leftovers\n|upkeep\n|\n|t:|1681735499\n|switch|p2a: Flutter Mane|Flutter Mane, L50|68\/100\n|switch|p1b: Flutter Mane|Flutter Mane, L50|100\/100\n|turn|6\n|\n|t:|1681735517\n|move|p1b: Flutter Mane|Shadow Ball|p2a: Flutter Mane\n|-supereffective|p2a: Flutter Mane\n|-damage|p2a: Flutter Mane|0 fnt\n|faint|p2a: Flutter Mane\n|-end|p2a: Flutter Mane|Protosynthesis|[silent]\n|move|p1a: Iron Hands|Drain Punch|p2b: Dondozo\n|-damage|p2b: Dondozo|75\/100\n|-heal|p1a: Iron Hands|69\/100|[from] drain|[of] p2b: Dondozo\n|move|p2b: Dondozo|Heavy Slam|p1b: Flutter Mane\n|-supereffective|p1b: Flutter Mane\n|-damage|p1b: Flutter Mane|0 fnt\n|faint|p1b: Flutter Mane\n|-end|p1b: Flutter Mane|Protosynthesis|[silent]\n|\n|-heal|p2b: Dondozo|81\/100|[from] item: Leftovers\n|upkeep\n|\n|t:|1681735530\n|switch|p1b: Chien-Pao|Chien-Pao, L50|100\/100\n|-ability|p1b: Chien-Pao|Sword of Ruin\n|turn|7\n|\n|t:|1681735549\n|move|p1b: Chien-Pao|Icicle Crash|p2b: Dondozo\n|-supereffective|p2b: Dondozo\n|-damage|p2b: Dondozo|15\/100\n|move|p1a: Iron Hands|Thunder Punch|p2b: Dondozo\n|-resisted|p2b: Dondozo\n|-damage|p2b: Dondozo|0 fnt\n|faint|p2b: Dondozo\n|\n|win|NoodleDude2355\n|raw|NoodleDude2355's rating: 1119 → 1140<\/strong> (+21 for winning)\n|raw|TulipGoatBun's rating: 1061 → 1045<\/strong> (-16 for losing)\n|l|\u2606TulipGoatBun\n","uploadtime":1681735572,"views":10,"p1id":"noodledude2355","p2id":"tulipgoatbun","formatid":"gen9vgc2023regulationc","rating":1045,"private":0,"password":""}