{"id":"gen9vgc2023regulationc-1852302893","p1":"r3gCt3st","p2":"kenkazounimarc","format":"[Gen 9] VGC 2023 Regulation C","log":"|j|\u2606r3gCt3st\n|j|\u2606kenkazounimarc\n|t:|1682541832\n|gametype|doubles\n|player|p1|r3gCt3st|unknown|1229\n|player|p2|kenkazounimarc|169|1280\n|teamsize|p1|6\n|teamsize|p2|6\n|gen|9\n|tier|[Gen 9] VGC 2023 Regulation C\n|rated|\n|rule|Species Clause: Limit one of each Pok\u00e9mon\n|rule|Item Clause: Limit one of each item\n|clearpoke\n|poke|p1|Gyarados, L50, F|\n|poke|p1|Annihilape, L50, M|\n|poke|p1|Ting-Lu, L50|\n|poke|p1|Flutter Mane, L50|\n|poke|p1|Amoonguss, L50, F|\n|poke|p1|Grimmsnarl, L50, M|\n|poke|p2|Gholdengo, L50|\n|poke|p2|Rotom-Wash, L50|\n|poke|p2|Iron Bundle, L50|\n|poke|p2|Orthworm, L50, F|\n|poke|p2|Pachirisu, L50, F|\n|poke|p2|Great Tusk, L50|\n|teampreview|4\n|inactive|Battle timer is ON: inactive players will automatically lose when time's up. (requested by kenkazounimarc)\n|\n|t:|1682541865\n|start\n|switch|p1a: Grimmsnarl|Grimmsnarl, L50, M|100\/100\n|switch|p1b: Annihilape|Annihilape, L50, M|100\/100\n|switch|p2a: Orthworm|Orthworm, L50, F|100\/100\n|switch|p2b: Seckiyenanowe|Gholdengo, L50|100\/100\n|turn|1\n|\n|t:|1682541882\n|move|p1a: Grimmsnarl|Light Screen|p1a: Grimmsnarl\n|-sidestart|p1: r3gCt3st|move: Light Screen\n|move|p1b: Annihilape|Bulk Up|p1b: Annihilape\n|-boost|p1b: Annihilape|atk|1\n|-boost|p1b: Annihilape|def|1\n|move|p2b: Seckiyenanowe|Make It Rain|p1a: Grimmsnarl|[spread] p1a,p1b\n|-supereffective|p1a: Grimmsnarl\n|-damage|p1a: Grimmsnarl|13\/100\n|-damage|p1b: Annihilape|64\/100\n|-unboost|p2b: Seckiyenanowe|spa|1\n|move|p2a: Orthworm|Shed Tail|p2a: Orthworm\n|-start|p2a: Orthworm|Substitute|[from] move: Shed Tail\n|-damage|p2a: Orthworm|50\/100\n|\n|t:|1682541898\n|switch|p2a: Great Tusk|Great Tusk, L50|100\/100|[from] Shed Tail\n|\n|-heal|p1b: Annihilape|71\/100|[from] item: Leftovers\n|upkeep\n|turn|2\n|\n|t:|1682541916\n|-terastallize|p2a: Great Tusk|Ground\n|move|p1b: Annihilape|Protect|p1b: Annihilape\n|-singleturn|p1b: Annihilape|Protect\n|move|p1a: Grimmsnarl|Reflect|p1a: Grimmsnarl\n|-sidestart|p1: r3gCt3st|Reflect\n|move|p2a: Great Tusk|Headlong Rush|p1b: Annihilape\n|-activate|p1b: Annihilape|move: Protect\n|move|p2b: Seckiyenanowe|Make It Rain|p1b: Annihilape|[spread] p1a\n|-activate|p1b: Annihilape|move: Protect\n|-supereffective|p1a: Grimmsnarl\n|-damage|p1a: Grimmsnarl|0 fnt\n|-unboost|p2b: Seckiyenanowe|spa|1\n|faint|p1a: Grimmsnarl\n|\n|-heal|p1b: Annihilape|77\/100|[from] item: Leftovers\n|upkeep\n|\n|t:|1682541927\n|switch|p1a: Gyarados|Gyarados, L50, F|100\/100\n|-ability|p1a: Gyarados|Intimidate|boost\n|-immune|p2a: Great Tusk\n|-unboost|p2b: Seckiyenanowe|atk|1\n|turn|3\n|\n|t:|1682541948\n|switch|p2b: Orthworm|Orthworm, L50, F|50\/100\n|move|p2a: Great Tusk|Headlong Rush|p1b: Annihilape\n|-damage|p1b: Annihilape|42\/100\n|-unboost|p2a: Great Tusk|def|1\n|-unboost|p2a: Great Tusk|spd|1\n|move|p1b: Annihilape|Rage Fist|p2b: Orthworm\n|-damage|p2b: Orthworm|0 fnt\n|faint|p2b: Orthworm\n|move|p1a: Gyarados|Dragon Dance|p1a: Gyarados\n|-boost|p1a: Gyarados|atk|1\n|-boost|p1a: Gyarados|spe|1\n|\n|-heal|p1b: Annihilape|49\/100|[from] item: Leftovers\n|upkeep\n|\n|t:|1682541964\n|switch|p2b: ioechu|Rotom-Wash, L50|100\/100\n|turn|4\n|\n|t:|1682541970\n|-terastallize|p1a: Gyarados|Flying\n|move|p2a: Great Tusk|Headlong Rush|p1b: Annihilape\n|-damage|p1b: Annihilape|16\/100\n|-unboost|p2a: Great Tusk|def|1\n|-unboost|p2a: Great Tusk|spd|1\n|move|p1a: Gyarados|Waterfall|p2a: Great Tusk\n|-supereffective|p2a: Great Tusk\n|-end|p2a: Great Tusk|Substitute\n|move|p2b: ioechu|Discharge|p1a: Gyarados|[spread] p1a,p1b\n|-immune|p2a: Great Tusk\n|-supereffective|p1a: Gyarados\n|-damage|p1a: Gyarados|71\/100\n|-damage|p1b: Annihilape|3\/100\n|move|p1b: Annihilape|Rage Fist|p2b: ioechu\n|-damage|p2b: ioechu|0 fnt\n|faint|p2b: ioechu\n|\n|-heal|p1b: Annihilape|10\/100|[from] item: Leftovers\n|upkeep\n|\n|t:|1682541991\n|switch|p2b: Seckiyenanowe|Gholdengo, L50|100\/100\n|turn|5\n|\n|t:|1682541996\n|move|p2a: Great Tusk|Headlong Rush|p1b: Annihilape\n|-damage|p1b: Annihilape|0 fnt\n|-unboost|p2a: Great Tusk|def|1\n|-unboost|p2a: Great Tusk|spd|1\n|faint|p1b: Annihilape\n|move|p1a: Gyarados|Waterfall|p2a: Great Tusk\n|-supereffective|p2a: Great Tusk\n|-damage|p2a: Great Tusk|0 fnt\n|faint|p2a: Great Tusk\n|-end|p2a: Great Tusk|Protosynthesis|[silent]\n|move|p2b: Seckiyenanowe|Thunderbolt|p1a: Gyarados\n|-supereffective|p1a: Gyarados\n|-damage|p1a: Gyarados|16\/100\n|\n|upkeep\n|\n|t:|1682542000\n|switch|p1b: Amoonguss|Amoonguss, L50, F|100\/100\n|turn|6\n|\n|t:|1682542013\n|move|p1a: Gyarados|Waterfall|p2b: Seckiyenanowe\n|-damage|p2b: Seckiyenanowe|49\/100\n|move|p2b: Seckiyenanowe|Thunderbolt|p1a: Gyarados\n|-supereffective|p1a: Gyarados\n|-damage|p1a: Gyarados|0 fnt\n|faint|p1a: Gyarados\n|move|p1b: Amoonguss|Pollen Puff|p1: Gyarados|[notarget]\n|-fail|p1b: Amoonguss\n|\n|upkeep\n|turn|7\n|\n|t:|1682542024\n|move|p2b: Seckiyenanowe|Thunderbolt|p1b: Amoonguss\n|-resisted|p1b: Amoonguss\n|-damage|p1b: Amoonguss|85\/100\n|move|p1b: Amoonguss|Pollen Puff|p2b: Seckiyenanowe\n|-resisted|p2b: Seckiyenanowe\n|-damage|p2b: Seckiyenanowe|44\/100\n|\n|upkeep\n|turn|8\n|\n|t:|1682542033\n|move|p2b: Seckiyenanowe|Thunderbolt|p1b: Amoonguss\n|-resisted|p1b: Amoonguss\n|-damage|p1b: Amoonguss|69\/100\n|move|p1b: Amoonguss|Pollen Puff|p2b: Seckiyenanowe\n|-resisted|p2b: Seckiyenanowe\n|-damage|p2b: Seckiyenanowe|40\/100\n|\n|-sideend|p1: r3gCt3st|move: Light Screen\n|upkeep\n|turn|9\n|\n|t:|1682542043\n|move|p1b: Amoonguss|Protect|p1b: Amoonguss\n|-singleturn|p1b: Amoonguss|Protect\n|move|p2b: Seckiyenanowe|Thunderbolt|p1b: Amoonguss\n|-activate|p1b: Amoonguss|move: Protect\n|\n|-sideend|p1: r3gCt3st|Reflect\n|upkeep\n|turn|10\n|c|\u2606kenkazounimarc|?\n|\n|t:|1682542051\n|move|p2b: Seckiyenanowe|Thunderbolt|p1b: Amoonguss\n|-resisted|p1b: Amoonguss\n|-damage|p1b: Amoonguss|48\/100\n|move|p1b: Amoonguss|Pollen Puff|p2b: Seckiyenanowe\n|-resisted|p2b: Seckiyenanowe\n|-damage|p2b: Seckiyenanowe|35\/100\n|\n|upkeep\n|turn|11\n|\n|t:|1682542060\n|move|p1b: Amoonguss|Protect|p1b: Amoonguss\n|-singleturn|p1b: Amoonguss|Protect\n|move|p2b: Seckiyenanowe|Thunderbolt|p1b: Amoonguss\n|-activate|p1b: Amoonguss|move: Protect\n|\n|upkeep\n|turn|12\n|\n|t:|1682542068\n|move|p2b: Seckiyenanowe|Thunderbolt|p1b: Amoonguss\n|-resisted|p1b: Amoonguss\n|-damage|p1b: Amoonguss|23\/100\n|move|p1b: Amoonguss|Pollen Puff|p2b: Seckiyenanowe\n|-resisted|p2b: Seckiyenanowe\n|-damage|p2b: Seckiyenanowe|31\/100\n|\n|upkeep\n|turn|13\n|\n|t:|1682542077\n|move|p1b: Amoonguss|Protect|p1b: Amoonguss\n|-singleturn|p1b: Amoonguss|Protect\n|move|p2b: Seckiyenanowe|Thunderbolt|p1b: Amoonguss\n|-activate|p1b: Amoonguss|move: Protect\n|\n|upkeep\n|turn|14\n|\n|t:|1682542084\n|move|p2b: Seckiyenanowe|Thunderbolt|p1b: Amoonguss\n|-resisted|p1b: Amoonguss\n|-crit|p1b: Amoonguss\n|-damage|p1b: Amoonguss|0 fnt\n|faint|p1b: Amoonguss\n|\n|win|kenkazounimarc\n|raw|r3gCt3st's rating: 1229 → 1208<\/strong> (-21 for losing)\n|raw|kenkazounimarc's rating: 1280 → 1301<\/strong> (+21 for winning)\n","uploadtime":1682542087,"views":14,"p1id":"r3gct3st","p2id":"kenkazounimarc","formatid":"gen9vgc2023regulationc","rating":1208,"private":0,"password":""}