{"id":"gen9vgc2023regulationc-1847364350","p1":"simonxl","p2":"themanparris","format":"[Gen 9] VGC 2023 Regulation C","log":"|j|\u2606simonxl\n|j|\u2606themanparris\n|t:|1681942801\n|gametype|doubles\n|player|p1|simonxl|hiker|1259\n|player|p2|themanparris|2|1173\n|teamsize|p1|6\n|teamsize|p2|6\n|gen|9\n|tier|[Gen 9] VGC 2023 Regulation C\n|rated|\n|rule|Species Clause: Limit one of each Pok\u00e9mon\n|rule|Item Clause: Limit one of each item\n|clearpoke\n|poke|p1|Annihilape, L50, F|\n|poke|p1|Maushold, L50|\n|poke|p1|Ting-Lu, L50|\n|poke|p1|Corviknight, L50, F|\n|poke|p1|Arcanine, L50, F|\n|poke|p1|Rotom-Wash, L50|\n|poke|p2|Palafin, L50, M|\n|poke|p2|Chien-Pao, L50|\n|poke|p2|Dragapult, L50, M|\n|poke|p2|Amoonguss, L50, F|\n|poke|p2|Arcanine, L50, M|\n|poke|p2|Flutter Mane, L50|\n|teampreview|4\n|inactive|Battle timer is ON: inactive players will automatically lose when time's up. (requested by themanparris)\n|inactive|simonxl has 60 seconds left.\n|inactive|themanparris has 60 seconds left.\n|\n|t:|1681942837\n|start\n|switch|p1a: Corviknight|Corviknight, L50, F|100\/100\n|switch|p1b: Maushold|Maushold, L50|100\/100\n|switch|p2a: Bundle|Chien-Pao, L50|100\/100\n|switch|p2b: Dnite|Dragapult, L50, M|100\/100\n|-ability|p2a: Bundle|Sword of Ruin\n|turn|1\n|inactive|themanparris has 30 seconds left.\n|\n|t:|1681942872\n|move|p1b: Maushold|Protect|p1b: Maushold\n|-singleturn|p1b: Maushold|Protect\n|move|p2b: Dnite|Dragon Darts|p1a: Corviknight\n|-resisted|p1a: Corviknight\n|-damage|p1a: Corviknight|86\/100\n|-anim|p2b: Dnite|Dragon Darts|p1a: Corviknight\n|-resisted|p1a: Corviknight\n|-damage|p1a: Corviknight|72\/100\n|move|p2a: Bundle|Sacred Sword|p1b: Maushold\n|-activate|p1b: Maushold|move: Protect\n|move|p1a: Corviknight|Tailwind|p1a: Corviknight\n|-sidestart|p1: simonxl|move: Tailwind\n|\n|upkeep\n|turn|2\n|\n|t:|1681942891\n|switch|p2b: ChiYu|Arcanine, L50, M|100\/100\n|-ability|p2b: ChiYu|Intimidate|boost\n|-ability|p1a: Corviknight|Mirror Armor\n|-unboost|p2b: ChiYu|atk|1\n|-unboost|p1b: Maushold|atk|1\n|switch|p1a: Annihilape|Annihilape, L50, F|100\/100\n|move|p2a: Bundle|Protect|p2a: Bundle\n|-singleturn|p2a: Bundle|Protect\n|move|p1b: Maushold|Beat Up|p1a: Annihilape\n|-damage|p1a: Annihilape|99\/100\n|-damage|p1a: Annihilape|97\/100\n|-damage|p1a: Annihilape|95\/100\n|-damage|p1a: Annihilape|93\/100\n|-hitcount|p1a: Annihilape|4\n|\n|-heal|p1a: Annihilape|99\/100|[from] item: Leftovers\n|upkeep\n|turn|3\n|inactive|simonxl has 30 seconds left.\n|inactive|themanparris has 30 seconds left.\n|inactive|simonxl has 20 seconds left.\n|inactive|themanparris has 20 seconds left.\n|inactive|simonxl has 15 seconds left.\n|inactive|simonxl has 10 seconds left.\n|inactive|simonxl has 5 seconds left.\n|\n|t:|1681942946\n|-terastallize|p1a: Annihilape|Fire\n|-terastallize|p2a: Bundle|Ghost\n|move|p1b: Maushold|Protect|p1b: Maushold\n|-singleturn|p1b: Maushold|Protect\n|move|p2b: ChiYu|Protect|p2b: ChiYu\n|-singleturn|p2b: ChiYu|Protect\n|move|p2a: Bundle|Sucker Punch|p1a: Annihilape\n|-damage|p1a: Annihilape|65\/100\n|move|p1a: Annihilape|Rage Fist|p2a: Bundle\n|-supereffective|p2a: Bundle\n|-enditem|p2a: Bundle|Focus Sash\n|-damage|p2a: Bundle|1\/100\n|\n|-heal|p1a: Annihilape|72\/100|[from] item: Leftovers\n|upkeep\n|turn|4\n|inactive|simonxl has 30 seconds left.\n|inactive|themanparris has 30 seconds left.\n|inactive|simonxl has 20 seconds left.\n|inactive|themanparris has 20 seconds left.\n|inactive|themanparris has 15 seconds left.\n|\n|t:|1681942986\n|move|p1a: Annihilape|Protect|p1a: Annihilape\n|-singleturn|p1a: Annihilape|Protect\n|move|p2a: Bundle|Protect|p2a: Bundle\n|-singleturn|p2a: Bundle|Protect\n|move|p2b: ChiYu|Extreme Speed|p1a: Annihilape\n|-activate|p1a: Annihilape|move: Protect\n|move|p1b: Maushold|Beat Up|p2a: Bundle\n|-activate|p2a: Bundle|move: Protect\n|\n|-heal|p1a: Annihilape|78\/100|[from] item: Leftovers\n|-sideend|p1: simonxl|move: Tailwind\n|upkeep\n|turn|5\n|inactive|simonxl has 30 seconds left.\n|inactive|themanparris has 30 seconds left.\n|\n|t:|1681943021\n|move|p2b: ChiYu|Extreme Speed|p1a: Annihilape\n|-damage|p1a: Annihilape|64\/100\n|move|p2a: Bundle|Sacred Sword|p1b: Maushold\n|-supereffective|p1b: Maushold\n|-damage|p1b: Maushold|6\/100\n|move|p1b: Maushold|Encore|p2a: Bundle\n|-start|p2a: Bundle|Encore\n|move|p1a: Annihilape|Rage Fist|p2b: ChiYu\n|-damage|p2b: ChiYu|0 fnt\n|faint|p2b: ChiYu\n|\n|-heal|p1a: Annihilape|71\/100|[from] item: Leftovers\n|upkeep\n|\n|t:|1681943040\n|switch|p2b: Dnite|Dragapult, L50, M|100\/100\n|turn|6\n|inactive|simonxl has 30 seconds left.\n|\n|t:|1681943065\n|move|p1b: Maushold|Follow Me|p1b: Maushold\n|-singleturn|p1b: Maushold|move: Follow Me\n|move|p2b: Dnite|Dragon Darts|p1b: Maushold\n|-damage|p1b: Maushold|0 fnt\n|faint|p1b: Maushold\n|move|p2a: Bundle|Sacred Sword|p1a: Annihilape\n|-damage|p1a: Annihilape|32\/100\n|move|p1a: Annihilape|Rage Fist|p2b: Dnite\n|-supereffective|p2b: Dnite\n|-damage|p2b: Dnite|0 fnt\n|faint|p2b: Dnite\n|\n|-heal|p1a: Annihilape|38\/100|[from] item: Leftovers\n|upkeep\n|\n|t:|1681943079\n|switch|p2b: Mimi|Flutter Mane, L50|100\/100\n|switch|p1b: Rotom|Rotom-Wash, L50|100\/100\n|-enditem|p2b: Mimi|Booster Energy\n|-activate|p2b: Mimi|ability: Protosynthesis|[fromitem]\n|-start|p2b: Mimi|protosynthesisspa\n|turn|7\n|\n|t:|1681943100\n|move|p1a: Annihilape|Protect|p1a: Annihilape\n|-singleturn|p1a: Annihilape|Protect\n|move|p2a: Bundle|Sacred Sword|p1a: Annihilape\n|-activate|p1a: Annihilape|move: Protect\n|move|p2b: Mimi|Moonblast|p1b: Rotom\n|-damage|p1b: Rotom|43\/100\n|-unboost|p1b: Rotom|spa|1\n|-enditem|p1b: Rotom|Sitrus Berry|[eat]\n|-heal|p1b: Rotom|68\/100|[from] item: Sitrus Berry\n|move|p1b: Rotom|Thunderbolt|p2a: Bundle\n|-damage|p2a: Bundle|0 fnt\n|faint|p2a: Bundle\n|\n|-heal|p1a: Annihilape|45\/100|[from] item: Leftovers\n|upkeep\n|turn|8\n|inactive|simonxl has 30 seconds left.\n|\n|t:|1681943130\n|switch|p1a: Corviknight|Corviknight, L50, F|72\/100\n|move|p2b: Mimi|Moonblast|p1a: Corviknight\n|-resisted|p1a: Corviknight\n|-damage|p1a: Corviknight|47\/100\n|move|p1b: Rotom|Thunderbolt|p2b: Mimi\n|-damage|p2b: Mimi|77\/100\n|\n|upkeep\n|turn|9\n|\n|t:|1681943154\n|move|p2b: Mimi|Shadow Ball|p1a: Corviknight\n|-damage|p1a: Corviknight|1\/100\n|move|p1b: Rotom|Hydro Pump|p2b: Mimi\n|-damage|p2b: Mimi|52\/100\n|move|p1a: Corviknight|Roost|p1a: Corviknight\n|-heal|p1a: Corviknight|52\/100\n|-singleturn|p1a: Corviknight|move: Roost\n|\n|upkeep\n|turn|10\n|\n|t:|1681943168\n|switch|p1b: Annihilape|Annihilape, L50, F, tera:Fire|45\/100\n|move|p2b: Mimi|Shadow Ball|p1a: Corviknight\n|-damage|p1a: Corviknight|11\/100\n|move|p1a: Corviknight|Roost|p1a: Corviknight\n|-heal|p1a: Corviknight|61\/100\n|-singleturn|p1a: Corviknight|move: Roost\n|\n|-heal|p1b: Annihilape|51\/100|[from] item: Leftovers\n|upkeep\n|turn|11\n|\n|t:|1681943182\n|move|p2b: Mimi|Shadow Ball|p1b: Annihilape\n|-damage|p1b: Annihilape|13\/100\n|move|p1b: Annihilape|Rage Fist|p2b: Mimi\n|-supereffective|p2b: Mimi\n|-damage|p2b: Mimi|0 fnt\n|faint|p2b: Mimi\n|-end|p2b: Mimi|Protosynthesis|[silent]\n|\n|win|simonxl\n|raw|simonxl's rating: 1259 → 1278<\/strong> (+19 for winning)\n|raw|themanparris's rating: 1173 → 1154<\/strong> (-19 for losing)\n|l|\u2606themanparris\n","uploadtime":1681943202,"views":6,"p1id":"simonxl","p2id":"themanparris","formatid":"gen9vgc2023regulationc","rating":1154,"private":0,"password":""}