{"id":"gen9vgc2023regulationc-1852417178","p1":"vivian20","p2":"Gioilele","format":"[Gen 9] VGC 2023 Regulation C","log":"|j|\u2606vivian20\n|j|\u2606Gioilele\n|t:|1682555034\n|gametype|doubles\n|player|p1|vivian20|170|\n|player|p2|Gioilele|pokemonbreeder-gen4|\n|teamsize|p1|6\n|teamsize|p2|6\n|gen|9\n|tier|[Gen 9] VGC 2023 Regulation C\n|rule|Species Clause: Limit one of each Pok\u00e9mon\n|rule|Item Clause: Limit one of each item\n|clearpoke\n|poke|p1|Glimmora, L50, M|\n|poke|p1|Flutter Mane, L50|\n|poke|p1|Tatsugiri, L50, M|\n|poke|p1|Dondozo, L50, M|\n|poke|p1|Arcanine, L50, M|\n|poke|p1|Wo-Chien, L50|\n|poke|p2|Amoonguss, L50, F|\n|poke|p2|Pelipper, L50, M|\n|poke|p2|Palafin, L50, F|\n|poke|p2|Barraskewda, L50, M|\n|poke|p2|Chien-Pao, L50|\n|poke|p2|Gholdengo, L50|\n|teampreview|4\nGioilele has agreed to open team sheets.\nvivian20 has agreed to open team sheets.\n|\n|t:|1682555083\n|start\n|switch|p1a: Flutter Mane|Flutter Mane, L50|100\/100\n|switch|p1b: Arcanine|Arcanine, L50, M|100\/100\n|switch|p2a: Palafin|Palafin, L50, F|100\/100\n|switch|p2b: Amoonguss|Amoonguss, L50, F|100\/100\n|-ability|p1b: Arcanine|Intimidate|boost\n|-unboost|p2a: Palafin|atk|1\n|-unboost|p2b: Amoonguss|atk|1\n|turn|1\n|\n|t:|1682555104\n|switch|p2b: Pelipper|Pelipper, L50, M|100\/100\n|-weather|RainDance|[from] ability: Drizzle|[of] p2b: Pelipper\n|-terastallize|p2a: Palafin|Water\n|move|p1a: Flutter Mane|Shadow Ball|p2b: Pelipper\n|-crit|p2b: Pelipper\n|-damage|p2b: Pelipper|12\/100\n|move|p2a: Palafin|Wave Crash|p1b: Arcanine\n|-supereffective|p1b: Arcanine\n|-damage|p1b: Arcanine|0 fnt\n|faint|p1b: Arcanine\n|-damage|p2a: Palafin|68\/100|[from] Recoil\n|\n|-weather|RainDance|[upkeep]\n|upkeep\n|\n|t:|1682555122\n|switch|p1b: Tatsugiri|Tatsugiri, L50, M|100\/100\n|turn|2\n|\n|t:|1682555133\n|detailschange|p2a: Palafin|Palafin-Hero, L50, F, tera:Water\n|switch|p2a: Amoonguss|Amoonguss, L50, F|100\/100\n|move|p1b: Tatsugiri|Muddy Water|p2b: Pelipper|[spread] p2a,p2b\n|-resisted|p2a: Amoonguss\n|-resisted|p2b: Pelipper\n|-damage|p2a: Amoonguss|79\/100\n|-damage|p2b: Pelipper|0 fnt\n|-unboost|p2a: Amoonguss|accuracy|1\n|faint|p2b: Pelipper\n|move|p1a: Flutter Mane|Dazzling Gleam|p2a: Amoonguss\n|-resisted|p2a: Amoonguss\n|-damage|p2a: Amoonguss|58\/100\n|\n|-weather|RainDance|[upkeep]\n|upkeep\n|\n|t:|1682555148\n|switch|p2b: Palafin|Palafin-Hero, L50, F, tera:Water|68\/100\n|-activate|p2b: Palafin|ability: Zero to Hero\n|turn|3\n|\n|t:|1682555163\n|move|p1a: Flutter Mane|Protect|p1a: Flutter Mane\n|-singleturn|p1a: Flutter Mane|Protect\n|move|p2b: Palafin|Protect|p2b: Palafin\n|-singleturn|p2b: Palafin|Protect\n|move|p1b: Tatsugiri|Muddy Water|p2b: Palafin|[spread] p2a\n|-activate|p2b: Palafin|move: Protect\n|-resisted|p2a: Amoonguss\n|-damage|p2a: Amoonguss|33\/100\n|move|p2a: Amoonguss|Spore|p1a: Flutter Mane\n|-activate|p1a: Flutter Mane|move: Protect\n|\n|-weather|RainDance|[upkeep]\n|upkeep\n|turn|4\n|\n|t:|1682555183\n|move|p2b: Palafin|Jet Punch|p1a: Flutter Mane\n|-enditem|p1a: Flutter Mane|Focus Sash\n|-damage|p1a: Flutter Mane|1\/100\n|move|p1b: Tatsugiri|Muddy Water|p2a: Amoonguss|[spread] p2a,p2b\n|-resisted|p2a: Amoonguss\n|-resisted|p2b: Palafin\n|-damage|p2a: Amoonguss|10\/100\n|-damage|p2b: Palafin|44\/100\n|-unboost|p2b: Palafin|accuracy|1\n|move|p1a: Flutter Mane|Shadow Ball|p2a: Amoonguss\n|-damage|p2a: Amoonguss|0 fnt\n|faint|p2a: Amoonguss\n|\n|-weather|RainDance|[upkeep]\n|upkeep\n|\n|t:|1682555185\n|switch|p2a: Chien-Pao|Chien-Pao, L50|100\/100\n|-ability|p2a: Chien-Pao|Sword of Ruin\n|turn|5\n|\n|t:|1682555215\n|move|p2a: Chien-Pao|Protect|p2a: Chien-Pao\n|-singleturn|p2a: Chien-Pao|Protect\n|move|p1a: Flutter Mane|Protect|p1a: Flutter Mane\n|-singleturn|p1a: Flutter Mane|Protect\n|move|p2b: Palafin|Protect|p2b: Palafin\n|-singleturn|p2b: Palafin|Protect\n|move|p1b: Tatsugiri|Muddy Water|p2b: Palafin|[spread] \n|-activate|p2a: Chien-Pao|move: Protect\n|-activate|p2b: Palafin|move: Protect\n|\n|-weather|RainDance|[upkeep]\n|upkeep\n|turn|6\n|\n|t:|1682555234\n|move|p2b: Palafin|Jet Punch|p1a: Flutter Mane\n|-damage|p1a: Flutter Mane|0 fnt\n|faint|p1a: Flutter Mane\n|-end|p1a: Flutter Mane|Protosynthesis|[silent]\n|move|p1b: Tatsugiri|Muddy Water|p2a: Chien-Pao|[spread] p2a,p2b\n|-resisted|p2b: Palafin\n|-damage|p2a: Chien-Pao|21\/100\n|-damage|p2b: Palafin|18\/100\n|-unboost|p2a: Chien-Pao|accuracy|1\n|move|p2a: Chien-Pao|Ice Spinner|p1b: Tatsugiri\n|-damage|p1b: Tatsugiri|0 fnt\n|faint|p1b: Tatsugiri\n|-damage|p2a: Chien-Pao|11\/100|[from] item: Life Orb\n|\n|-weather|RainDance|[upkeep]\n|upkeep\n|\n|t:|1682555248\n|switch|p1a: Dondozo|Dondozo, L50, M|100\/100\n|turn|7\n|\n|t:|1682555267\n|move|p2a: Chien-Pao|Protect|p2a: Chien-Pao\n|-singleturn|p2a: Chien-Pao|Protect\n|move|p2b: Palafin|Protect|p2b: Palafin\n|-singleturn|p2b: Palafin|Protect\n|move|p1a: Dondozo|Earthquake|p2a: Chien-Pao|[spread] \n|-activate|p2a: Chien-Pao|move: Protect\n|-activate|p2b: Palafin|move: Protect\n|\n|-weather|RainDance|[upkeep]\n|upkeep\n|turn|8\n|\n|t:|1682555280\n|move|p2a: Chien-Pao|Sacred Sword|p1a: Dondozo\n|-damage|p1a: Dondozo|66\/100\n|-damage|p2a: Chien-Pao|2\/100|[from] item: Life Orb\n|move|p2b: Palafin|Wave Crash|p1a: Dondozo\n|-resisted|p1a: Dondozo\n|-damage|p1a: Dondozo|0 fnt\n|faint|p1a: Dondozo\n|-damage|p2b: Palafin|0 fnt|[from] Recoil\n|faint|p2b: Palafin\n|\n|win|Gioilele\n|c|\u2606Gioilele|gg\n","uploadtime":1682555287,"views":17,"p1id":"vivian20","p2id":"gioilele","formatid":"gen9vgc2023regulationc","rating":0,"private":0,"password":""}