{"id":"gen9vgc2023regulationc-1846519999","p1":"Gui7","p2":"Null022266","format":"[Gen 9] VGC 2023 Regulation C","log":"|j|\u2606Gui7\n|j|\u2606Null022266\n|t:|1681847900\n|gametype|doubles\n|player|p1|Gui7|266|1152\n|player|p2|Null022266|winona|1241\n|teamsize|p1|6\n|teamsize|p2|6\n|gen|9\n|tier|[Gen 9] VGC 2023 Regulation C\n|rated|\n|rule|Species Clause: Limit one of each Pok\u00e9mon\n|rule|Item Clause: Limit one of each item\n|clearpoke\n|poke|p1|Ceruledge, L50, M|\n|poke|p1|Gyarados, L50, F|\n|poke|p1|Iron Hands, L50|\n|poke|p1|Chien-Pao, L50|\n|poke|p1|Great Tusk, L50|\n|poke|p1|Dragonite, L50, M|\n|poke|p2|Garchomp, L50, F|\n|poke|p2|Gyarados, L50, F|\n|poke|p2|Corviknight, L50, F|\n|poke|p2|Iron Bundle, L50|\n|poke|p2|Chi-Yu, L50|\n|poke|p2|Wo-Chien, L50|\n|teampreview|4\n|inactive|Battle timer is ON: inactive players will automatically lose when time's up. (requested by Null022266)\nGui7 has agreed to open team sheets.\nNull022266 rejected open team sheets.\n|inactive|Gui7 has 60 seconds left.\n|inactive|Null022266 has 60 seconds left.\n|\n|t:|1681847958\n|start\n|switch|p1a: Chien-Pao|Chien-Pao, L50|100\/100\n|switch|p1b: Dragonite|Dragonite, L50, M|100\/100\n|switch|p2a: Garchomp|Garchomp, L50, F, shiny|100\/100\n|switch|p2b: Corviknight|Corviknight, L50, F|100\/100\n|-ability|p1a: Chien-Pao|Sword of Ruin\n|turn|1\n|inactive|Gui7 has 30 seconds left.\n|inactive|Null022266 has 30 seconds left.\n|\n|t:|1681847991\n|move|p2a: Garchomp|Protect|p2a: Garchomp\n|-singleturn|p2a: Garchomp|Protect\n|move|p1a: Chien-Pao|Ice Spinner|p2b: Corviknight\n|-damage|p2b: Corviknight|59\/100\n|move|p1b: Dragonite|Dragon Claw|p2a: Garchomp\n|-activate|p2a: Garchomp|move: Protect\n|move|p2b: Corviknight|Tailwind|p2b: Corviknight\n|-sidestart|p2: Null022266|move: Tailwind\n|\n|upkeep\n|turn|2\n|inactive|Gui7 has 30 seconds left.\n|inactive|Null022266 has 30 seconds left.\n|inactive|Gui7 has 20 seconds left.\n|inactive|Null022266 has 20 seconds left.\n|inactive|Gui7 has 15 seconds left.\n|inactive|Gui7 has 10 seconds left.\n|\n|t:|1681848038\n|switch|p1b: Gyarados|Gyarados, L50, F|100\/100\n|-ability|p1b: Gyarados|Intimidate|boost\n|-fail|p2a: Garchomp|unboost|[from] item: Clear Amulet|[of] p2a: Garchomp\n|-ability|p2b: Corviknight|Mirror Armor\n|-unboost|p1b: Gyarados|atk|1\n|-terastallize|p2a: Garchomp|Steel\n|move|p1a: Chien-Pao|Protect|p1a: Chien-Pao\n|-singleturn|p1a: Chien-Pao|Protect\n|move|p2a: Garchomp|Dragon Claw|p1b: Gyarados\n|-damage|p1b: Gyarados|37\/100\n|-enditem|p1b: Gyarados|Sitrus Berry|[eat]\n|-heal|p1b: Gyarados|61\/100|[from] item: Sitrus Berry\n|move|p2b: Corviknight|Bulk Up|p2b: Corviknight\n|-boost|p2b: Corviknight|atk|1\n|-boost|p2b: Corviknight|def|1\n|\n|upkeep\n|turn|3\n|inactive|Gui7 has 30 seconds left.\n|inactive|Null022266 has 30 seconds left.\n|inactive|Gui7 has 20 seconds left.\n|inactive|Null022266 has 20 seconds left.\n|inactive|Null022266 has 15 seconds left.\n|\n|t:|1681848081\n|move|p2a: Garchomp|Iron Head|p1a: Chien-Pao\n|-supereffective|p1a: Chien-Pao\n|-enditem|p1a: Chien-Pao|Focus Sash\n|-damage|p1a: Chien-Pao|1\/100\n|move|p1a: Chien-Pao|Sacred Sword|p2a: Garchomp\n|-supereffective|p2a: Garchomp\n|-damage|p2a: Garchomp|29\/100\n|-damage|p1a: Chien-Pao|0 fnt|[from] ability: Rough Skin|[of] p2a: Garchomp\n|faint|p1a: Chien-Pao\n|move|p2b: Corviknight|Roost|p2b: Corviknight\n|-heal|p2b: Corviknight|100\/100\n|-singleturn|p2b: Corviknight|move: Roost\n|move|p1b: Gyarados|Taunt|p2b: Corviknight\n|-start|p2b: Corviknight|move: Taunt\n|\n|upkeep\n|inactive|Gui7 has 30 seconds left.\n|inactive|Gui7 has 20 seconds left.\n|\n|t:|1681848118\n|switch|p1a: Ceruledge|Ceruledge, L50, M|100\/100\n|turn|4\n|inactive|Gui7 has 30 seconds left.\n|inactive|Null022266 has 30 seconds left.\n|inactive|Null022266 has 20 seconds left.\n|inactive|Null022266 has 15 seconds left.\n|\n|t:|1681848159\n|-terastallize|p1a: Ceruledge|Grass\n|move|p2a: Garchomp|Iron Head|p1a: Ceruledge\n|-damage|p1a: Ceruledge|57\/100\n|move|p2b: Corviknight|Brave Bird|p1a: Ceruledge\n|-supereffective|p1a: Ceruledge\n|-damage|p1a: Ceruledge|0 fnt\n|faint|p1a: Ceruledge\n|-damage|p2b: Corviknight|84\/100|[from] Recoil\n|move|p1b: Gyarados|Icy Wind|p2a: Garchomp|[spread] p2a,p2b\n|-resisted|p2a: Garchomp\n|-damage|p2a: Garchomp|26\/100\n|-damage|p2b: Corviknight|79\/100\n|-ability|p2b: Corviknight|Mirror Armor\n|-unboost|p1b: Gyarados|spe|1\n|\n|-sideend|p2: Null022266|move: Tailwind\n|upkeep\n|\n|t:|1681848174\n|switch|p1a: Dragonite|Dragonite, L50, M|100\/100\n|turn|5\n|-message|Gui7 forfeited.\n|\n|win|Null022266\n|raw|Gui7's rating: 1152 → 1133<\/strong> (-19 for losing)\n|raw|Null022266's rating: 1241 → 1260<\/strong> (+19 for winning)\n|l|\u2606Gui7\n|c|\u2606Null022266|gg\n","uploadtime":1681848196,"views":10,"p1id":"gui7","p2id":"null022266","formatid":"gen9vgc2023regulationc","rating":1133,"private":0,"password":""}