{"id":"gen9vgc2023regulationc-1845693147","p1":"lucellos","p2":"Dizy88775","format":"[Gen 9] VGC 2023 Regulation C","log":"|j|\u2606lucellos\n|j|\u2606Dizy88775\n|t:|1681756091\n|gametype|doubles\n|player|p1|lucellos|169|1093\n|player|p2|Dizy88775|hiker-gen4|1004\n|teamsize|p1|6\n|teamsize|p2|6\n|gen|9\n|tier|[Gen 9] VGC 2023 Regulation C\n|rated|\n|rule|Species Clause: Limit one of each Pok\u00e9mon\n|rule|Item Clause: Limit one of each item\n|clearpoke\n|poke|p1|Scream Tail, L50|\n|poke|p1|Tyranitar, L50, M|\n|poke|p1|Ceruledge, L50, M|\n|poke|p1|Azumarill, L50, F|\n|poke|p1|Arboliva, L50, F|\n|poke|p1|Sableye, L50, F|\n|poke|p2|Palafin, L50, F|\n|poke|p2|Flutter Mane, L50|\n|poke|p2|Florges-White, L50, F|\n|poke|p2|Wo-Chien, L50|\n|poke|p2|Garchomp, L50, F|\n|poke|p2|Tyranitar, L50, M|\n|teampreview|4\n|\n|t:|1681756109\n|start\n|switch|p1a: Scream Tail|Scream Tail, L50|100\/100\n|switch|p1b: Tyranitar|Tyranitar, L50, M|100\/100\n|switch|p2a: Wo-Chien|Wo-Chien, L50|100\/100\n|switch|p2b: Florges|Florges-White, L50, F|100\/100\n|-ability|p2a: Wo-Chien|Tablets of Ruin\n|-weather|Sandstorm|[from] ability: Sand Stream|[of] p1b: Tyranitar\n|-enditem|p1a: Scream Tail|Booster Energy\n|-activate|p1a: Scream Tail|ability: Protosynthesis|[fromitem]\n|-start|p1a: Scream Tail|protosynthesisspe\n|turn|1\n|\n|t:|1681756138\n|switch|p1b: Arboliva|Arboliva, L50, F|100\/100\n|move|p1a: Scream Tail|Thunder Wave|p2b: Florges\n|-status|p2b: Florges|par\n|move|p2a: Wo-Chien|Dark Pulse|p1a: Scream Tail\n|-damage|p1a: Scream Tail|74\/100\n|cant|p2b: Florges|par\n|\n|-weather|Sandstorm|[upkeep]\n|-damage|p1a: Scream Tail|68\/100|[from] Sandstorm\n|-damage|p2a: Wo-Chien|94\/100|[from] Sandstorm\n|-damage|p2b: Florges|95\/100 par|[from] Sandstorm\n|-damage|p1b: Arboliva|95\/100|[from] Sandstorm\n|upkeep\n|turn|2\n|\n|t:|1681756166\n|move|p1a: Scream Tail|Light Screen|p1a: Scream Tail\n|-sidestart|p1: lucellos|move: Light Screen\n|move|p2a: Wo-Chien|Giga Drain|p1a: Scream Tail\n|-damage|p1a: Scream Tail|50\/100\n|-heal|p2a: Wo-Chien|100\/100|[from] drain|[of] p1a: Scream Tail\n|cant|p2b: Florges|par\n|move|p1b: Arboliva|Giga Drain|p2b: Florges\n|-damage|p2b: Florges|65\/100 par\n|-heal|p1b: Arboliva|100\/100|[from] drain|[of] p2b: Florges\n|\n|-weather|Sandstorm|[upkeep]\n|-damage|p1a: Scream Tail|44\/100|[from] Sandstorm\n|-damage|p2a: Wo-Chien|94\/100|[from] Sandstorm\n|-damage|p2b: Florges|59\/100 par|[from] Sandstorm\n|-damage|p1b: Arboliva|95\/100|[from] Sandstorm\n|upkeep\n|turn|3\n|\n|t:|1681756217\n|move|p1a: Scream Tail|Thunder Wave|p2a: Wo-Chien\n|-block|p2a: Wo-Chien|ability: Flower Veil|[of] p2b: Florges\n|move|p2a: Wo-Chien|Pollen Puff|p2b: Florges\n|-heal|p2b: Florges|100\/100 par\n|move|p2b: Florges|Moonblast|p1a: Scream Tail\n|-damage|p1a: Scream Tail|18\/100\n|move|p1b: Arboliva|Pollen Puff|p2a: Wo-Chien\n|-supereffective|p2a: Wo-Chien\n|-damage|p2a: Wo-Chien|0 fnt\n|faint|p2a: Wo-Chien\n|\n|-weather|Sandstorm|[upkeep]\n|-damage|p1a: Scream Tail|12\/100|[from] Sandstorm\n|-damage|p2b: Florges|95\/100 par|[from] Sandstorm\n|-damage|p1b: Arboliva|89\/100|[from] Sandstorm\n|upkeep\n|\n|t:|1681756228\n|switch|p2a: Tyranitar|Tyranitar, L50, M, shiny|100\/100\n|turn|4\n|\n|t:|1681756261\n|-end|p1a: Scream Tail|Protosynthesis|[silent]\n|switch|p1a: Azumarill|Azumarill, L50, F|100\/100\n|move|p2a: Tyranitar|Rock Slide|p1a: Azumarill|[spread] p1a,p1b\n|-damage|p1a: Azumarill|74\/100\n|-damage|p1b: Arboliva|61\/100\n|-fieldstart|move: Grassy Terrain|[from] ability: Seed Sower|[of] p1b: Arboliva\n|-enditem|p1b: Arboliva|Grassy Seed\n|-boost|p1b: Arboliva|def|1|[from] item: Grassy Seed\n|cant|p2b: Florges|par\n|move|p1b: Arboliva|Strength Sap|p2a: Tyranitar\n|-unboost|p2a: Tyranitar|atk|1\n|-heal|p1b: Arboliva|100\/100\n|\n|-weather|Sandstorm|[upkeep]\n|-damage|p1a: Azumarill|69\/100|[from] Sandstorm\n|-damage|p2b: Florges|89\/100 par|[from] Sandstorm\n|-damage|p1b: Arboliva|95\/100|[from] Sandstorm\n|-heal|p1a: Azumarill|74\/100|[from] Grassy Terrain\n|-heal|p2b: Florges|95\/100 par|[from] Grassy Terrain\n|-heal|p1b: Arboliva|100\/100|[from] Grassy Terrain\n|upkeep\n|turn|5\n|\n|t:|1681756297\n|move|p2a: Tyranitar|Leer|p1a: Azumarill|[spread] p1a,p1b\n|-unboost|p1a: Azumarill|def|1\n|-unboost|p1b: Arboliva|def|1\n|move|p1a: Azumarill|Liquidation|p2a: Tyranitar\n|-supereffective|p2a: Tyranitar\n|-damage|p2a: Tyranitar|18\/100\n|move|p2b: Florges|Moonblast|p1a: Azumarill\n|-damage|p1a: Azumarill|36\/100\n|-enditem|p1a: Azumarill|Sitrus Berry|[eat]\n|-heal|p1a: Azumarill|61\/100|[from] item: Sitrus Berry\n|move|p1b: Arboliva|Giga Drain|p2b: Florges\n|-damage|p2b: Florges|53\/100 par\n|\n|-weather|none\n|-heal|p2a: Tyranitar|24\/100|[from] Grassy Terrain\n|-heal|p1a: Azumarill|67\/100|[from] Grassy Terrain\n|-heal|p2b: Florges|59\/100 par|[from] Grassy Terrain\n|upkeep\n|turn|6\n|\n|t:|1681756321\n|move|p2a: Tyranitar|Rock Slide|p1b: Arboliva|[spread] p1a,p1b\n|-damage|p1a: Azumarill|39\/100\n|-damage|p1b: Arboliva|83\/100\n|move|p1a: Azumarill|Liquidation|p2a: Tyranitar\n|-supereffective|p2a: Tyranitar\n|-damage|p2a: Tyranitar|0 fnt\n|faint|p2a: Tyranitar\n|cant|p2b: Florges|par\n|cant|p1b: Arboliva|flinch\n|\n|-heal|p1a: Azumarill|45\/100|[from] Grassy Terrain\n|-heal|p2b: Florges|65\/100 par|[from] Grassy Terrain\n|-heal|p1b: Arboliva|89\/100|[from] Grassy Terrain\n|-sideend|p1: lucellos|move: Light Screen\n|upkeep\n|\n|t:|1681756344\n|switch|p2a: Garchomp|Garchomp, L50, F|100\/100\n|turn|7\n|\n|t:|1681756374\n|move|p2a: Garchomp|Swords Dance|p2a: Garchomp\n|-boost|p2a: Garchomp|atk|2\n|move|p1a: Azumarill|Play Rough|p2a: Garchomp|[miss]\n|-miss|p1a: Azumarill|p2a: Garchomp\n|cant|p2b: Florges|par\n|move|p1b: Arboliva|Strength Sap|p2a: Garchomp\n|-unboost|p2a: Garchomp|atk|1\n|-heal|p1b: Arboliva|100\/100\n|\n|-heal|p1a: Azumarill|51\/100|[from] Grassy Terrain\n|-heal|p2b: Florges|71\/100 par|[from] Grassy Terrain\n|upkeep\n|turn|8\n|\n|t:|1681756402\n|-terastallize|p2a: Garchomp|Rock\n|move|p2a: Garchomp|Rock Slide|p1b: Arboliva|[spread] p1a,p1b\n|-damage|p1a: Azumarill|0 fnt\n|-damage|p1b: Arboliva|47\/100\n|faint|p1a: Azumarill\n|move|p2b: Florges|Moonblast|p1b: Arboliva\n|-damage|p1b: Arboliva|0 fnt\n|faint|p1b: Arboliva\n|\n|-heal|p2b: Florges|76\/100 par|[from] Grassy Terrain\n|-fieldend|move: Grassy Terrain\n|upkeep\n|\n|t:|1681756416\n|switch|p1a: Scream Tail|Scream Tail, L50|12\/100\n|switch|p1b: Tyranitar|Tyranitar, L50, M|100\/100\n|-weather|Sandstorm|[from] ability: Sand Stream|[of] p1b: Tyranitar\n|turn|9\n|\n|t:|1681756446\n|-terastallize|p1b: Tyranitar|Rock\n|move|p1a: Scream Tail|Encore|p2a: Garchomp\n|-start|p2a: Garchomp|Encore\n|move|p2a: Garchomp|Rock Slide|p1a: Scream Tail|[spread] p1a,p1b\n|-damage|p1a: Scream Tail|0 fnt\n|-damage|p1b: Tyranitar|54\/100\n|faint|p1a: Scream Tail\n|-end|p1a: Scream Tail|Protosynthesis|[silent]\n|cant|p1b: Tyranitar|flinch\n|cant|p2b: Florges|par\n|\n|-weather|Sandstorm|[upkeep]\n|-damage|p2b: Florges|71\/100 par|[from] Sandstorm\n|upkeep\n|turn|10\n|\n|t:|1681756464\n|move|p2a: Garchomp|Rock Slide|p1b: Tyranitar\n|-damage|p1b: Tyranitar|0 fnt\n|faint|p1b: Tyranitar\n|\n|win|Dizy88775\n|raw|lucellos's rating: 1093 → 1063<\/strong> (-30 for losing)\n|raw|Dizy88775's rating: 1004 → 1053<\/strong> (+49 for winning)\n","uploadtime":1681756475,"views":11,"p1id":"lucellos","p2id":"dizy88775","formatid":"gen9vgc2023regulationc","rating":1053,"private":0,"password":""}