{"id":"gen9vgc2023regulationc-1858413291","p1":"aed96","p2":"Bacon204","format":"[Gen 9] VGC 2023 Regulation C","log":"|j|\u2606aed96\n|j|\u2606Bacon204\n|t:|1683309988\n|gametype|doubles\n|player|p1|aed96|red-masters|\n|player|p2|Bacon204|1|\n|teamsize|p1|6\n|teamsize|p2|6\n|gen|9\n|tier|[Gen 9] VGC 2023 Regulation C\n|rule|Species Clause: Limit one of each Pok\u00e9mon\n|rule|Item Clause: Limit one of each item\n|clearpoke\n|poke|p1|Azumarill, L50, M|\n|poke|p1|Garchomp, L50, F|\n|poke|p1|Kilowattrel, L50, M|\n|poke|p1|Gholdengo, L50|\n|poke|p1|Toedscruel, L50, F|\n|poke|p1|Skuntank, L50, F|\n|poke|p2|Ting-Lu, L50|\n|poke|p2|Florges, L50, F|\n|poke|p2|Gyarados, L50, F|\n|poke|p2|Dudunsparce-*, L50, F|\n|poke|p2|Raichu, L50, M|\n|poke|p2|Tsareena, L50, F|\n|teampreview|4\n|c|\u2606aed96|g1\n|c|\u2606aed96|glhf?\naed96 rejected open team sheets.\n|c|\u2606Bacon204|u2\n|j| JDeezy34\n|l| JDeezy34\n|j| judevgc\n|\n|t:|1683310124\n|start\n|switch|p1a: Gholdengo|Gholdengo, L50|100\/100\n|switch|p1b: Toedscruel|Toedscruel, L50, F|100\/100\n|switch|p2a: Raichu|Raichu, L50, M|100\/100\n|switch|p2b: Gyarados|Gyarados, L50, F|100\/100\n|-ability|p2b: Gyarados|Intimidate|boost\n|-unboost|p1a: Gholdengo|atk|1\n|-unboost|p1b: Toedscruel|atk|1\n|turn|1\n|\n|t:|1683310172\n|switch|p1b: Azumarill|Azumarill, L50, M|100\/100\n|move|p2a: Raichu|Fake Out|p1b: Azumarill\n|-damage|p1b: Azumarill|90\/100\n|move|p1a: Gholdengo|Power Gem|p2b: Gyarados\n|-supereffective|p2b: Gyarados\n|-damage|p2b: Gyarados|54\/100\n|move|p2b: Gyarados|Dragon Dance|p2b: Gyarados\n|-boost|p2b: Gyarados|atk|1\n|-boost|p2b: Gyarados|spe|1\n|\n|upkeep\n|turn|2\n|\n|t:|1683310227\n|move|p2a: Raichu|Volt Switch|p1b: Azumarill\n|-supereffective|p1b: Azumarill\n|-damage|p1b: Azumarill|45\/100\n|\n|t:|1683310235\n|switch|p2a: Ting-Lu|Ting-Lu, L50|100\/100|[from] Volt Switch\n|-ability|p2a: Ting-Lu|Vessel of Ruin\n|move|p2b: Gyarados|Crunch|p1a: Gholdengo\n|-supereffective|p1a: Gholdengo\n|-damage|p1a: Gholdengo|6\/100\n|-damage|p2b: Gyarados|44\/100|[from] item: Life Orb\n|move|p1a: Gholdengo|Power Gem|p2b: Gyarados\n|-supereffective|p2b: Gyarados\n|-damage|p2b: Gyarados|6\/100\n|move|p1b: Azumarill|Play Rough|p2b: Gyarados\n|-damage|p2b: Gyarados|0 fnt\n|faint|p2b: Gyarados\n|\n|upkeep\n|\n|t:|1683310252\n|switch|p2b: Raichu|Raichu, L50, M|100\/100\n|turn|3\n|\n|t:|1683310282\n|switch|p1a: Toedscruel|Toedscruel, L50, F|100\/100\n|move|p1b: Azumarill|Protect|p1b: Azumarill\n|-singleturn|p1b: Azumarill|Protect\n|move|p2b: Raichu|Fake Out|p1b: Azumarill\n|-activate|p1b: Azumarill|move: Protect\n|move|p2a: Ting-Lu|Throat Chop|p1a: Toedscruel\n|-damage|p1a: Toedscruel|62\/100\n|-start|p1a: Toedscruel|Throat Chop|[silent]\n|\n|upkeep\n|turn|4\n|\n|t:|1683310338\n|switch|p1b: Gholdengo|Gholdengo, L50|6\/100\n|move|p2b: Raichu|Volt Switch|p1b: Gholdengo\n|-damage|p1b: Gholdengo|0 fnt\n|faint|p1b: Gholdengo\n|\n|t:|1683310344\n|switch|p2b: Dudunsparce|Dudunsparce, L50, F|100\/100|[from] Volt Switch\n|move|p2a: Ting-Lu|Throat Chop|p1a: Toedscruel\n|-damage|p1a: Toedscruel|28\/100\n|-enditem|p1a: Toedscruel|Sitrus Berry|[eat]\n|-heal|p1a: Toedscruel|52\/100|[from] item: Sitrus Berry\n|move|p1a: Toedscruel|Spore|p2a: Ting-Lu\n|-activate|p2a: Ting-Lu|item: Safety Goggles|Spore\n|\n|-end|p1a: Toedscruel|Throat Chop|[silent]\n|upkeep\n|\n|t:|1683310354\n|switch|p1b: Azumarill|Azumarill, L50, M|45\/100\n|turn|5\n|\n|t:|1683310433\n|move|p1b: Azumarill|Protect|p1b: Azumarill\n|-singleturn|p1b: Azumarill|Protect\n|move|p2b: Dudunsparce|Hyper Drill|p1a: Toedscruel\n|-damage|p1a: Toedscruel|0 fnt\n|faint|p1a: Toedscruel\n|move|p2a: Ting-Lu|Throat Chop|p1b: Azumarill\n|-activate|p1b: Azumarill|move: Protect\n|\n|upkeep\n|\n|t:|1683310440\n|switch|p1a: Skuntank|Skuntank, L50, F|100\/100\n|turn|6\n|\n|t:|1683310457\n|-terastallize|p1b: Azumarill|Water\n|move|p1a: Skuntank|Poison Jab|p2b: Dudunsparce\n|-damage|p2b: Dudunsparce|71\/100\n|move|p2b: Dudunsparce|Hyper Drill|p1b: Azumarill\n|-damage|p1b: Azumarill|0 fnt\n|faint|p1b: Azumarill\n|move|p2a: Ting-Lu|Ruination|p1a: Skuntank\n|-damage|p1a: Skuntank|50\/100\n|\n|upkeep\n|turn|7\n|\n|t:|1683310475\n|move|p1a: Skuntank|Crunch|p2b: Dudunsparce\n|-damage|p2b: Dudunsparce|35\/100\n|-unboost|p2b: Dudunsparce|def|1\n|move|p2b: Dudunsparce|Hyper Drill|p1a: Skuntank\n|-damage|p1a: Skuntank|0 fnt\n|faint|p1a: Skuntank\n|\n|win|Bacon204\n|c|\u2606aed96|gg\n|c|\u2606Bacon204|gg\n|l| judevgc\n","uploadtime":1683310917,"views":11,"p1id":"aed96","p2id":"bacon204","formatid":"gen9vgc2023regulationc","rating":0,"private":0,"password":""}