{"id":"gen9vgc2023regulationc-1846057250","p1":"elgervax","p2":"Linzolle","format":"[Gen 9] VGC 2023 Regulation C","log":"|j|\u2606elgervax\n|j|\u2606Linzolle\n|t:|1681799029\n|gametype|doubles\n|player|p1|elgervax|102|1231\n|player|p2|Linzolle|anabel|1329\n|teamsize|p1|6\n|teamsize|p2|6\n|gen|9\n|tier|[Gen 9] VGC 2023 Regulation C\n|rated|\n|rule|Species Clause: Limit one of each Pok\u00e9mon\n|rule|Item Clause: Limit one of each item\n|clearpoke\n|poke|p1|Palafin, L50, F|\n|poke|p1|Flutter Mane, L50|\n|poke|p1|Arcanine, L50, M|\n|poke|p1|Amoonguss, L50, F|\n|poke|p1|Ting-Lu, L50|\n|poke|p1|Roaring Moon, L50|\n|poke|p2|Armarouge, L50, F|\n|poke|p2|Indeedee-F, L50, F|\n|poke|p2|Kingambit, L50, F|\n|poke|p2|Flutter Mane, L50|\n|poke|p2|Annihilape, L50, M|\n|poke|p2|Palafin, L50, M|\n|teampreview|4\n|inactive|Battle timer is ON: inactive players will automatically lose when time's up. (requested by elgervax)\nLinzolle has agreed to open team sheets.\n|inactive|elgervax has 60 seconds left.\n|inactive|elgervax has 30 seconds left.\n|inactive|elgervax has 20 seconds left.\n|\n|t:|1681799102\n|start\n|switch|p1a: Amoonguss|Amoonguss, L50, F|100\/100\n|switch|p1b: Flutter Mane|Flutter Mane, L50|100\/100\n|switch|p2a: BUBBLER|Flutter Mane, L50|100\/100\n|switch|p2b: RUN|Annihilape, L50, M|100\/100\n|turn|1\n|inactive|elgervax has 30 seconds left.\n|\n|t:|1681799134\n|-terastallize|p2b: RUN|Fire\n|move|p1a: Amoonguss|Rage Powder|p1a: Amoonguss\n|-singleturn|p1a: Amoonguss|move: Rage Powder\n|move|p2a: BUBBLER|Shadow Ball|p1a: Amoonguss\n|-damage|p1a: Amoonguss|57\/100\n|move|p1b: Flutter Mane|Shadow Ball|p2b: RUN\n|-damage|p2b: RUN|37\/100\n|move|p2b: RUN|Bulk Up|p2b: RUN\n|-boost|p2b: RUN|atk|1\n|-boost|p2b: RUN|def|1\n|\n|-heal|p2b: RUN|43\/100|[from] item: Leftovers\n|upkeep\n|turn|2\n|inactive|elgervax has 30 seconds left.\n|\n|t:|1681799167\n|move|p2b: RUN|Protect|p2b: RUN\n|-singleturn|p2b: RUN|Protect\n|move|p1a: Amoonguss|Rage Powder|p1a: Amoonguss\n|-singleturn|p1a: Amoonguss|move: Rage Powder\n|move|p1b: Flutter Mane|Shadow Ball|p2a: BUBBLER\n|-supereffective|p2a: BUBBLER\n|-damage|p2a: BUBBLER|0 fnt\n|faint|p2a: BUBBLER\n|-end|p2a: BUBBLER|Protosynthesis|[silent]\n|\n|-heal|p2b: RUN|49\/100|[from] item: Leftovers\n|upkeep\n|\n|t:|1681799176\n|switch|p2a: SHOT|Indeedee-F, L50, F|100\/100\n|-fieldstart|move: Psychic Terrain|[from] ability: Psychic Surge|[of] p2a: SHOT\n|-enditem|p2a: SHOT|Psychic Seed\n|-boost|p2a: SHOT|spd|1|[from] item: Psychic Seed\n|turn|3\n|inactive|elgervax has 30 seconds left.\n|inactive|elgervax has 20 seconds left.\n|inactive|elgervax has 15 seconds left.\n|\n|t:|1681799217\n|-end|p1b: Flutter Mane|Protosynthesis|[silent]\n|switch|p1b: Arcanine|Arcanine, L50, M|100\/100\n|-ability|p1b: Arcanine|Intimidate|boost\n|-unboost|p2a: SHOT|atk|1\n|-unboost|p2b: RUN|atk|1\n|-ability|p2b: RUN|Defiant|boost\n|-boost|p2b: RUN|atk|2\n|move|p2a: SHOT|Follow Me|p2a: SHOT\n|-singleturn|p2a: SHOT|move: Follow Me\n|move|p2b: RUN|Rage Fist|p1a: Amoonguss\n|-damage|p1a: Amoonguss|0 fnt\n|faint|p1a: Amoonguss\n|\n|-heal|p2b: RUN|55\/100|[from] item: Leftovers\n|upkeep\n|\n|t:|1681799241\n|switch|p1a: Flutter Mane|Flutter Mane, L50|100\/100\n|turn|4\n|inactive|elgervax has 30 seconds left.\n|inactive|elgervax has 20 seconds left.\n|\n|t:|1681799280\n|move|p2a: SHOT|Follow Me|p2a: SHOT\n|-singleturn|p2a: SHOT|move: Follow Me\n|move|p1a: Flutter Mane|Thunderbolt|p2a: SHOT\n|-damage|p2a: SHOT|67\/100\n|move|p2b: RUN|Rage Fist|p1a: Flutter Mane\n|-supereffective|p1a: Flutter Mane\n|-damage|p1a: Flutter Mane|0 fnt\n|faint|p1a: Flutter Mane\n|-end|p1a: Flutter Mane|Protosynthesis|[silent]\n|move|p1b: Arcanine|Flare Blitz|p2a: SHOT\n|-damage|p2a: SHOT|26\/100\n|-damage|p1b: Arcanine|88\/100|[from] Recoil\n|\n|-heal|p2b: RUN|60\/100|[from] item: Leftovers\n|upkeep\n|\n|t:|1681799295\n|switch|p1a: Roaring Moon|Roaring Moon, L50|100\/100\n|-enditem|p1a: Roaring Moon|Booster Energy\n|-activate|p1a: Roaring Moon|ability: Protosynthesis|[fromitem]\n|-start|p1a: Roaring Moon|protosynthesisatk\n|turn|5\n|\n|t:|1681799311\n|move|p2a: SHOT|Follow Me|p2a: SHOT\n|-singleturn|p2a: SHOT|move: Follow Me\n|move|p1a: Roaring Moon|Acrobatics|p2a: SHOT\n|-damage|p2a: SHOT|0 fnt\n|faint|p2a: SHOT\n|move|p2b: RUN|Drain Punch|p1a: Roaring Moon\n|-supereffective|p1a: Roaring Moon\n|-crit|p1a: Roaring Moon\n|-damage|p1a: Roaring Moon|0 fnt\n|-heal|p2b: RUN|100\/100|[from] drain|[of] p1a: Roaring Moon\n|faint|p1a: Roaring Moon\n|-end|p1a: Roaring Moon|Protosynthesis|[silent]\n|move|p1b: Arcanine|Will-O-Wisp|p2b: RUN\n|-immune|p2b: RUN\n|\n|upkeep\n|\n|t:|1681799324\n|switch|p2a: BIG|Armarouge, L50, F|100\/100\n|turn|6\n|\n|t:|1681799334\n|move|p2b: RUN|Rage Fist|p1b: Arcanine\n|-damage|p1b: Arcanine|0 fnt\n|faint|p1b: Arcanine\n|\n|win|Linzolle\n|raw|elgervax's rating: 1231 → 1213<\/strong> (-18 for losing)\n|raw|Linzolle's rating: 1329 → 1344<\/strong> (+15 for winning)\n|l|\u2606Linzolle\n","uploadtime":1681799349,"views":5,"p1id":"elgervax","p2id":"linzolle","formatid":"gen9vgc2023regulationc","rating":1213,"private":0,"password":""}