{"id":"gen9vgc2023regulationc-1862166584","p1":"TonnyDolfing","p2":"scrammed_eggs","format":"[Gen 9] VGC 2023 Regulation C","log":"|j|\u2606TonnyDolfing\n|j|\u2606scrammed_eggs\n|t:|1683844365\n|gametype|doubles\n|player|p1|TonnyDolfing|lucas-gen4pt|1138\n|player|p2|scrammed_eggs|lucas-gen4pt|1164\n|teamsize|p1|6\n|teamsize|p2|6\n|gen|9\n|tier|[Gen 9] VGC 2023 Regulation C\n|rated|\n|rule|Species Clause: Limit one of each Pok\u00e9mon\n|rule|Item Clause: Limit one of each item\n|clearpoke\n|poke|p1|Abomasnow, L50, F|\n|poke|p1|Chien-Pao, L50|\n|poke|p1|Kingambit, L50, M|\n|poke|p1|Dondozo, L50, M|\n|poke|p1|Garganacl, L50, F|\n|poke|p1|Ting-Lu, L50|\n|poke|p2|Arcanine, L50, F|\n|poke|p2|Iron Bundle, L50|\n|poke|p2|Iron Hands, L50|\n|poke|p2|Grimmsnarl, L50, M|\n|poke|p2|Ting-Lu, L50|\n|poke|p2|Amoonguss, L50, M|\n|teampreview|4\n|inactive|Battle timer is ON: inactive players will automatically lose when time's up. (requested by scrammed_eggs)\nscrammed_eggs rejected open team sheets.\n|\n|t:|1683844395\n|start\n|switch|p1a: Abomasnow|Abomasnow, L50, F|100\/100\n|switch|p1b: Chien-Pao|Chien-Pao, L50|100\/100\n|switch|p2a: Grimmsnarl|Grimmsnarl, L50, M|100\/100\n|switch|p2b: Iron Hands|Iron Hands, L50|100\/100\n|-ability|p1b: Chien-Pao|Sword of Ruin\n|-weather|Snow|[from] ability: Snow Warning|[of] p1a: Abomasnow\n|turn|1\n|\n|t:|1683844420\n|move|p2a: Grimmsnarl|Reflect|p2a: Grimmsnarl\n|-sidestart|p2: scrammed_eggs|Reflect\n|move|p1b: Chien-Pao|Sheer Cold|p2b: Iron Hands|[miss]\n|-miss|p1b: Chien-Pao|p2b: Iron Hands\n|move|p1a: Abomasnow|Blizzard|p2b: Iron Hands|[spread] p2a,p2b\n|-damage|p2a: Grimmsnarl|81\/100\n|-damage|p2b: Iron Hands|81\/100\n|move|p2b: Iron Hands|Drain Punch|p1b: Chien-Pao\n|-supereffective|p1b: Chien-Pao\n|-damage|p1b: Chien-Pao|0 fnt\n|-heal|p2b: Iron Hands|100\/100|[from] drain|[of] p1b: Chien-Pao\n|faint|p1b: Chien-Pao\n|\n|-weather|Snow|[upkeep]\n|upkeep\n|\n|t:|1683844434\n|switch|p1b: Ting-Lu|Ting-Lu, L50|100\/100\n|-ability|p1b: Ting-Lu|Vessel of Ruin\n|turn|2\n|\n|t:|1683844454\n|move|p2a: Grimmsnarl|Thunder Wave|p1a: Abomasnow\n|-status|p1a: Abomasnow|par\n|move|p2b: Iron Hands|Swords Dance|p2b: Iron Hands\n|-boost|p2b: Iron Hands|atk|2\n|move|p1b: Ting-Lu|Fissure|p2a: Grimmsnarl|[miss]\n|-miss|p1b: Ting-Lu|p2a: Grimmsnarl\n|move|p1a: Abomasnow|Sheer Cold|p2b: Iron Hands|[miss]\n|-miss|p1a: Abomasnow|p2b: Iron Hands\n|\n|-weather|Snow|[upkeep]\n|upkeep\n|turn|3\n|\n|t:|1683844469\n|move|p2a: Grimmsnarl|Spirit Break|p1b: Ting-Lu\n|-supereffective|p1b: Ting-Lu\n|-damage|p1b: Ting-Lu|70\/100\n|-unboost|p1b: Ting-Lu|spa|1\n|move|p2b: Iron Hands|Drain Punch|p1b: Ting-Lu\n|-supereffective|p1b: Ting-Lu\n|-damage|p1b: Ting-Lu|0 fnt\n|faint|p1b: Ting-Lu\n|move|p1a: Abomasnow|Sheer Cold|p2b: Iron Hands\n|-damage|p2b: Iron Hands|0 fnt\n|faint|p2b: Iron Hands\n|-end|p2b: Iron Hands|Quark Drive|[silent]\n|-ohko\n|\n|-weather|Snow|[upkeep]\n|upkeep\n|\n|t:|1683844482\n|switch|p2b: Iron Bundle|Iron Bundle, L50|100\/100\n|switch|p1b: Garganacl|Garganacl, L50, F|100\/100\n|-enditem|p2b: Iron Bundle|Booster Energy\n|-activate|p2b: Iron Bundle|ability: Quark Drive|[fromitem]\n|-start|p2b: Iron Bundle|quarkdrivespe\n|turn|4\n|\n|t:|1683844495\n|move|p2b: Iron Bundle|Chilling Water|p1b: Garganacl\n|-supereffective|p1b: Garganacl\n|-damage|p1b: Garganacl|63\/100\n|-unboost|p1b: Garganacl|atk|1\n|move|p2a: Grimmsnarl|Spirit Break|p1a: Abomasnow\n|-damage|p1a: Abomasnow|83\/100 par\n|-unboost|p1a: Abomasnow|spa|1\n|-damage|p2a: Grimmsnarl|64\/100|[from] item: Rocky Helmet|[of] p1a: Abomasnow\n|move|p1b: Garganacl|Salt Cure|p2b: Iron Bundle\n|-supereffective|p2b: Iron Bundle\n|-damage|p2b: Iron Bundle|88\/100\n|-start|p2b: Iron Bundle|Salt Cure\n|move|p1a: Abomasnow|Sheer Cold|p2a: Grimmsnarl|[miss]\n|-miss|p1a: Abomasnow|p2a: Grimmsnarl\n|\n|-weather|Snow|[upkeep]\n|-damage|p2b: Iron Bundle|64\/100|[from] Salt Cure\n|upkeep\n|turn|5\n|\n|t:|1683844514\n|move|p2b: Iron Bundle|Chilling Water|p1b: Garganacl\n|-supereffective|p1b: Garganacl\n|-damage|p1b: Garganacl|25\/100\n|-unboost|p1b: Garganacl|atk|1\n|-enditem|p1b: Garganacl|Sitrus Berry|[eat]\n|-heal|p1b: Garganacl|50\/100|[from] item: Sitrus Berry\n|move|p2a: Grimmsnarl|Spirit Break|p1a: Abomasnow\n|-damage|p1a: Abomasnow|66\/100 par\n|-unboost|p1a: Abomasnow|spa|1\n|-damage|p2a: Grimmsnarl|48\/100|[from] item: Rocky Helmet|[of] p1a: Abomasnow\n|move|p1b: Garganacl|Recover|p1b: Garganacl\n|-heal|p1b: Garganacl|99\/100\n|move|p1a: Abomasnow|Aurora Veil|p1a: Abomasnow\n|-sidestart|p1: TonnyDolfing|move: Aurora Veil\n|\n|-weather|none\n|-damage|p2b: Iron Bundle|39\/100|[from] Salt Cure\n|upkeep\n|turn|6\n|inactive|TonnyDolfing has 30 seconds left.\n|inactive|scrammed_eggs has 30 seconds left.\n|inactive|scrammed_eggs has 20 seconds left.\n|inactive|scrammed_eggs has 15 seconds left.\n|\n|t:|1683844558\n|move|p2b: Iron Bundle|Icy Wind|p1a: Abomasnow|[spread] p1a,p1b\n|-damage|p1a: Abomasnow|53\/100 par\n|-damage|p1b: Garganacl|90\/100\n|-unboost|p1a: Abomasnow|spe|1\n|-unboost|p1b: Garganacl|spe|1\n|move|p2a: Grimmsnarl|Spirit Break|p1a: Abomasnow\n|-damage|p1a: Abomasnow|32\/100 par\n|-unboost|p1a: Abomasnow|spa|1\n|-damage|p2a: Grimmsnarl|32\/100|[from] item: Rocky Helmet|[of] p1a: Abomasnow\n|move|p1b: Garganacl|Salt Cure|p2a: Grimmsnarl\n|-damage|p2a: Grimmsnarl|25\/100\n|-start|p2a: Grimmsnarl|Salt Cure\n|cant|p1a: Abomasnow|par\n|\n|-damage|p2b: Iron Bundle|15\/100|[from] Salt Cure\n|-damage|p2a: Grimmsnarl|13\/100|[from] Salt Cure\n|upkeep\n|turn|7\n|\n|t:|1683844579\n|move|p1b: Garganacl|Protect|p1b: Garganacl\n|-singleturn|p1b: Garganacl|Protect\n|move|p1a: Abomasnow|Protect|p1a: Abomasnow\n|-singleturn|p1a: Abomasnow|Protect\n|move|p2b: Iron Bundle|Chilling Water|p1b: Garganacl\n|-activate|p1b: Garganacl|move: Protect\n|move|p2a: Grimmsnarl|Spirit Break|p1b: Garganacl\n|-activate|p1b: Garganacl|move: Protect\n|\n|-damage|p2b: Iron Bundle|0 fnt|[from] Salt Cure\n|faint|p2b: Iron Bundle\n|-end|p2b: Iron Bundle|Quark Drive|[silent]\n|-damage|p2a: Grimmsnarl|0 fnt|[from] Salt Cure\n|faint|p2a: Grimmsnarl\n|upkeep\n|\n|t:|1683844585\n|switch|p2b: Arcanine|Arcanine, L50, F|100\/100\n|-ability|p2b: Arcanine|Intimidate|boost\n|-unboost|p1a: Abomasnow|atk|1\n|-unboost|p1b: Garganacl|atk|1\n|turn|8\n|\n|t:|1683844598\n|move|p2b: Arcanine|Protect|p2b: Arcanine\n|-singleturn|p2b: Arcanine|Protect\n|move|p1b: Garganacl|Fissure|p2b: Arcanine\n|-activate|p2b: Arcanine|move: Protect\n|move|p1a: Abomasnow|Sheer Cold|p2b: Arcanine\n|-activate|p2b: Arcanine|move: Protect\n|\n|-sideend|p2: scrammed_eggs|Reflect\n|upkeep\n|turn|9\n|\n|t:|1683844609\n|move|p2b: Arcanine|Flare Blitz|p1a: Abomasnow\n|-supereffective|p1a: Abomasnow\n|-damage|p1a: Abomasnow|0 fnt\n|-damage|p2b: Arcanine|84\/100|[from] item: Rocky Helmet|[of] p1a: Abomasnow\n|faint|p1a: Abomasnow\n|-damage|p2b: Arcanine|74\/100|[from] Recoil\n|move|p1b: Garganacl|Fissure|p2b: Arcanine|[miss]\n|-miss|p1b: Garganacl|p2b: Arcanine\n|\n|-sideend|p1: TonnyDolfing|move: Aurora Veil\n|upkeep\n|turn|10\n|\n|t:|1683844620\n|move|p2b: Arcanine|Flare Blitz|p1b: Garganacl\n|-resisted|p1b: Garganacl\n|-damage|p1b: Garganacl|71\/100\n|-damage|p2b: Arcanine|67\/100|[from] Recoil\n|move|p1b: Garganacl|Salt Cure|p2b: Arcanine\n|-supereffective|p2b: Arcanine\n|-damage|p2b: Arcanine|57\/100\n|-start|p2b: Arcanine|Salt Cure\n|\n|-damage|p2b: Arcanine|45\/100|[from] Salt Cure\n|upkeep\n|turn|11\n|\n|t:|1683844642\n|move|p1b: Garganacl|Protect|p1b: Garganacl\n|-singleturn|p1b: Garganacl|Protect\n|move|p2b: Arcanine|Flare Blitz|p1b: Garganacl\n|-activate|p1b: Garganacl|move: Protect\n|\n|-damage|p2b: Arcanine|32\/100|[from] Salt Cure\n|upkeep\n|turn|12\n|\n|t:|1683844650\n|move|p2b: Arcanine|Flare Blitz|p1b: Garganacl\n|-resisted|p1b: Garganacl\n|-damage|p1b: Garganacl|55\/100\n|-damage|p2b: Arcanine|27\/100|[from] Recoil\n|move|p1b: Garganacl|Recover|p1b: Garganacl\n|-heal|p1b: Garganacl|100\/100\n|\n|-damage|p2b: Arcanine|15\/100|[from] Salt Cure\n|upkeep\n|turn|13\n|\n|t:|1683844663\n|-terastallize|p1b: Garganacl|Ghost\n|move|p1b: Garganacl|Protect|p1b: Garganacl\n|-singleturn|p1b: Garganacl|Protect\n|move|p2b: Arcanine|Flare Blitz|p1b: Garganacl\n|-activate|p1b: Garganacl|move: Protect\n|\n|-damage|p2b: Arcanine|3\/100|[from] Salt Cure\n|upkeep\n|turn|14\n|\n|t:|1683844671\n|move|p2b: Arcanine|Snarl|p1b: Garganacl\n|-supereffective|p1b: Garganacl\n|-damage|p1b: Garganacl|85\/100\n|-unboost|p1b: Garganacl|spa|1\n|move|p1b: Garganacl|Recover|p1b: Garganacl\n|-heal|p1b: Garganacl|100\/100\n|\n|-damage|p2b: Arcanine|0 fnt|[from] Salt Cure\n|faint|p2b: Arcanine\n|\n|win|TonnyDolfing\n|upkeep\n|raw|TonnyDolfing's rating: 1138 → 1165<\/strong> (+27 for winning)\n|raw|scrammed_eggs's rating: 1164 → 1137<\/strong> (-27 for losing)\n|l|\u2606scrammed_eggs\n","uploadtime":1683844687,"views":8,"p1id":"tonnydolfing","p2id":"scrammedeggs","formatid":"gen9vgc2023regulationc","rating":1137,"private":0,"password":""}