{"id":"gen9vgc2023regulationc-1845952640","p1":"kratang12","p2":"gankyburner","format":"[Gen 9] VGC 2023 Regulation C","log":"|j|\u2606kratang12\n|j|\u2606gankyburner\n|t:|1681783186\n|gametype|doubles\n|player|p1|kratang12|lucas|1152\n|player|p2|gankyburner|169|1179\n|teamsize|p1|6\n|teamsize|p2|6\n|gen|9\n|tier|[Gen 9] VGC 2023 Regulation C\n|rated|\n|rule|Species Clause: Limit one of each Pok\u00e9mon\n|rule|Item Clause: Limit one of each item\n|clearpoke\n|poke|p1|Quaquaval, L50, M|\n|poke|p1|Farigiraf, L50, M|\n|poke|p1|Kingambit, L50, M|\n|poke|p1|Rabsca, L50, M|\n|poke|p1|Iron Hands, L50|\n|poke|p1|Wo-Chien, L50|\n|poke|p2|Murkrow, L50, F|\n|poke|p2|Tyranitar, L50, M|\n|poke|p2|Houndstone, L50, F|\n|poke|p2|Chi-Yu, L50|\n|poke|p2|Corviknight, L50, M|\n|poke|p2|Leafeon, L50, M|\n|teampreview|4\n|inactive|Battle timer is ON: inactive players will automatically lose when time's up. (requested by kratang12)\n|\n|t:|1681783229\n|start\n|switch|p1a: Iron Hands|Iron Hands, L50|100\/100\n|switch|p1b: Farigiraf|Farigiraf, L50, M|100\/100\n|switch|p2a: Dragula|Houndstone, L50, F, shiny|100\/100\n|switch|p2b: Godzilla|Tyranitar, L50, M, shiny|100\/100\n|-weather|Sandstorm|[from] ability: Sand Stream|[of] p2b: Godzilla\n|turn|1\n|\n|t:|1681783252\n|-terastallize|p2b: Godzilla|Flying\n|move|p1a: Iron Hands|Fake Out|p2b: Godzilla\n|-damage|p2b: Godzilla|89\/100\n|move|p2a: Dragula|Will-O-Wisp|p1a: Iron Hands\n|-status|p1a: Iron Hands|brn\n|cant|p2b: Godzilla|flinch\n|move|p1b: Farigiraf|Trick Room|p1b: Farigiraf\n|-fieldstart|move: Trick Room|[of] p1b: Farigiraf\n|\n|-weather|Sandstorm|[upkeep]\n|-damage|p1a: Iron Hands|94\/100 brn|[from] Sandstorm\n|-damage|p1b: Farigiraf|95\/100|[from] Sandstorm\n|-damage|p2b: Godzilla|83\/100|[from] Sandstorm\n|-damage|p1a: Iron Hands|88\/100 brn|[from] brn\n|upkeep\n|turn|2\n|inactive|kratang12 has 30 seconds left.\n|inactive|gankyburner has 30 seconds left.\n|inactive|gankyburner has 20 seconds left.\n|\n|t:|1681783291\n|move|p1a: Iron Hands|Wild Charge|p2b: Godzilla\n|-supereffective|p2b: Godzilla\n|-damage|p2b: Godzilla|38\/100\n|-damage|p1a: Iron Hands|79\/100 brn|[from] Recoil\n|move|p1b: Farigiraf|Psychic|p2b: Godzilla\n|-damage|p2b: Godzilla|12\/100\n|move|p2b: Godzilla|Tera Blast|p1a: Iron Hands\n|-damage|p1a: Iron Hands|50\/100 brn\n|move|p2a: Dragula|Howl|p2a: Dragula|[spread] p2a,p2b\n|-boost|p2a: Dragula|atk|1\n|-boost|p2b: Godzilla|atk|1\n|\n|-weather|Sandstorm|[upkeep]\n|-damage|p1a: Iron Hands|44\/100 brn|[from] Sandstorm\n|-damage|p1b: Farigiraf|89\/100|[from] Sandstorm\n|-damage|p2b: Godzilla|6\/100|[from] Sandstorm\n|-damage|p1a: Iron Hands|38\/100 brn|[from] brn\n|upkeep\n|turn|3\n|inactive|kratang12 has 30 seconds left.\n|\n|t:|1681783316\n|move|p1a: Iron Hands|Wild Charge|p2a: Dragula\n|-damage|p2a: Dragula|68\/100\n|-damage|p1a: Iron Hands|31\/100 brn|[from] Recoil\n|move|p1b: Farigiraf|Hyper Voice|p2b: Godzilla|[spread] p2b\n|-immune|p2a: Dragula\n|-damage|p2b: Godzilla|0 fnt\n|faint|p2b: Godzilla\n|-enditem|p1b: Farigiraf|Throat Spray\n|-boost|p1b: Farigiraf|spa|1|[from] item: Throat Spray\n|move|p2a: Dragula|Play Rough|p1a: Iron Hands\n|-supereffective|p1a: Iron Hands\n|-damage|p1a: Iron Hands|0 fnt\n|faint|p1a: Iron Hands\n|-end|p1a: Iron Hands|Quark Drive|[silent]\n|\n|-weather|Sandstorm|[upkeep]\n|-damage|p1b: Farigiraf|83\/100|[from] Sandstorm\n|upkeep\n|\n|t:|1681783334\n|switch|p1a: Kingambit|Kingambit, L50, M, shiny|100\/100\n|switch|p2b: Mr. Jones|Corviknight, L50, M|100\/100\n|-activate|p1a: Kingambit|ability: Supreme Overlord\n|-start|p1a: Kingambit|fallen1|[silent]\n|turn|4\n|\n|t:|1681783352\n|move|p1a: Kingambit|Kowtow Cleave|p2a: Dragula\n|-supereffective|p2a: Dragula\n|-damage|p2a: Dragula|0 fnt\n|faint|p2a: Dragula\n|-damage|p1a: Kingambit|91\/100|[from] item: Life Orb\n|move|p1b: Farigiraf|Psychic|p2b: Mr. Jones\n|-resisted|p2b: Mr. Jones\n|-damage|p2b: Mr. Jones|62\/100\n|move|p2b: Mr. Jones|U-turn|p1b: Farigiraf\n|-supereffective|p1b: Farigiraf\n|-damage|p1b: Farigiraf|21\/100\n|\n|t:|1681783362\n|switch|p2b: B.H. Sun|Chi-Yu, L50|100\/100|[from] U-turn\n|-ability|p2b: B.H. Sun|Beads of Ruin\n|\n|-weather|Sandstorm|[upkeep]\n|-damage|p1b: Farigiraf|15\/100|[from] Sandstorm\n|-damage|p2b: B.H. Sun|94\/100|[from] Sandstorm\n|upkeep\n|\n|t:|1681783368\n|switch|p2a: Mr. Jones|Corviknight, L50, M|62\/100\n|turn|5\n|\n|t:|1681783384\n|move|p2b: B.H. Sun|Protect|p2b: B.H. Sun\n|-singleturn|p2b: B.H. Sun|Protect\n|move|p1a: Kingambit|Kowtow Cleave|p2a: Mr. Jones\n|-damage|p2a: Mr. Jones|0 fnt\n|faint|p2a: Mr. Jones\n|-damage|p1a: Kingambit|81\/100|[from] item: Life Orb\n|move|p1b: Farigiraf|Hyper Voice|p2b: B.H. Sun\n|-activate|p2b: B.H. Sun|move: Protect\n|\n|-weather|none\n|-fieldend|move: Trick Room\n|upkeep\n|turn|6\n|\n|t:|1681783402\n|move|p2b: B.H. Sun|Heat Wave|p1b: Farigiraf|[spread] p1a,p1b\n|-supereffective|p1a: Kingambit\n|-damage|p1a: Kingambit|0 fnt\n|-damage|p1b: Farigiraf|0 fnt\n|faint|p1a: Kingambit\n|-end|p1a: Kingambit|fallen1|[silent]\n|faint|p1b: Farigiraf\n|-damage|p2b: B.H. Sun|84\/100|[from] item: Life Orb\n|\n|upkeep\n|\n|t:|1681783406\n|switch|p1b: Rabsca|Rabsca, L50, M, shiny|100\/100\n|turn|7\n|\n|t:|1681783412\n|move|p2b: B.H. Sun|Overheat|p1b: Rabsca\n|-supereffective|p1b: Rabsca\n|-enditem|p1b: Rabsca|Focus Sash\n|-damage|p1b: Rabsca|1\/100\n|-unboost|p2b: B.H. Sun|spa|2\n|-damage|p2b: B.H. Sun|74\/100|[from] item: Life Orb\n|move|p1b: Rabsca|Trick Room|p1b: Rabsca\n|-fieldstart|move: Trick Room|[of] p1b: Rabsca\n|\n|upkeep\n|turn|8\n|\n|t:|1681783423\n|move|p1b: Rabsca|Revival Blessing|p1b: Rabsca\n|\n|t:|1681783425\n|-heal|p1: Iron Hands|50\/100|[from] move: Revival Blessing\n|move|p2b: B.H. Sun|Snarl|p1b: Rabsca\n|-supereffective|p1b: Rabsca\n|-damage|p1b: Rabsca|0 fnt\n|faint|p1b: Rabsca\n|-damage|p2b: B.H. Sun|64\/100|[from] item: Life Orb\n|\n|upkeep\n|\n|t:|1681783430\n|switch|p1b: Iron Hands|Iron Hands, L50|50\/100\n|turn|9\n|\n|t:|1681783436\n|move|p1b: Iron Hands|Fake Out|p2b: B.H. Sun\n|-damage|p2b: B.H. Sun|39\/100\n|cant|p2b: B.H. Sun|flinch\n|\n|upkeep\n|turn|10\n|\n|t:|1681783442\n|move|p2b: B.H. Sun|Protect|p2b: B.H. Sun\n|-singleturn|p2b: B.H. Sun|Protect\n|move|p1b: Iron Hands|Drain Punch|p2b: B.H. Sun\n|-activate|p2b: B.H. Sun|move: Protect\n|\n|upkeep\n|turn|11\n|\n|t:|1681783447\n|move|p2b: B.H. Sun|Protect|p2b: B.H. Sun\n|-singleturn|p2b: B.H. Sun|Protect\n|move|p1b: Iron Hands|Drain Punch|p2b: B.H. Sun\n|-activate|p2b: B.H. Sun|move: Protect\n|\n|-fieldend|move: Trick Room\n|upkeep\n|turn|12\n|\n|t:|1681783453\n|move|p2b: B.H. Sun|Overheat|p1b: Iron Hands\n|-damage|p1b: Iron Hands|0 fnt\n|-unboost|p2b: B.H. Sun|spa|2\n|faint|p1b: Iron Hands\n|-end|p1b: Iron Hands|Quark Drive|[silent]\n|-damage|p2b: B.H. Sun|29\/100|[from] item: Life Orb\n|\n|win|gankyburner\n|raw|kratang12's rating: 1152 → 1129<\/strong> (-23 for losing)\n|raw|gankyburner's rating: 1179 → 1202<\/strong> (+23 for winning)\n|c|\u2606gankyburner|gg\n|c|\u2606gankyburner|i got lucky\n|c|\u2606gankyburner|very cool strat\n","uploadtime":1681783465,"views":10,"p1id":"kratang12","p2id":"gankyburner","formatid":"gen9vgc2023regulationc","rating":1129,"private":0,"password":""}