{"id":"gen9vgc2023regulationc-1850328824","p1":"Mike2811","p2":"AccidentalHipster","format":"[Gen 9] VGC 2023 Regulation C","log":"|j|\u2606Mike2811\n|j|\u2606AccidentalHipster\n|t:|1682319061\n|gametype|doubles\n|player|p1|Mike2811|steven|1131\n|player|p2|AccidentalHipster|nurseryaide|1070\n|teamsize|p1|6\n|teamsize|p2|6\n|gen|9\n|tier|[Gen 9] VGC 2023 Regulation C\n|rated|\n|rule|Species Clause: Limit one of each Pok\u00e9mon\n|rule|Item Clause: Limit one of each item\n|clearpoke\n|poke|p1|Scizor, L50, F|\n|poke|p1|Tyranitar, L50, M|\n|poke|p1|Talonflame, L50, M|\n|poke|p1|Grafaiai, L50, F|\n|poke|p1|Sandy Shocks, L50|\n|poke|p1|Slaking, L50, M|\n|poke|p2|Zoroark, L50, F|\n|poke|p2|Maushold-Four, L50|\n|poke|p2|Gastrodon, L50, M|\n|poke|p2|Annihilape, L50, M|\n|poke|p2|Glimmora, L50, F|\n|poke|p2|Iron Treads, L50|\n|teampreview|4\nAccidentalHipster has agreed to open team sheets.\n|\n|t:|1682319079\n|start\n|switch|p1a: Tyranitar|Tyranitar, L50, M|100\/100\n|switch|p1b: Talonflame|Talonflame, L50, M|100\/100\n|switch|p2a: Maushold|Maushold-Four, L50|100\/100\n|switch|p2b: Annihilape|Annihilape, L50, M|100\/100\n|-weather|Sandstorm|[from] ability: Sand Stream|[of] p1a: Tyranitar\n|turn|1\n|\n|t:|1682319102\n|-terastallize|p1a: Tyranitar|Flying\n|move|p1b: Talonflame|Will-O-Wisp|p2b: Annihilape\n|-status|p2b: Annihilape|brn\n|move|p2a: Maushold|Beat Up|p2b: Annihilape\n|-damage|p2b: Annihilape|98\/100 brn\n|-damage|p2b: Annihilape|96\/100 brn\n|-damage|p2b: Annihilape|94\/100 brn\n|-hitcount|p2b: Annihilape|3\n|move|p2b: Annihilape|Drain Punch|p1a: Tyranitar\n|-resisted|p1a: Tyranitar\n|-damage|p1a: Tyranitar|93\/100\n|-heal|p2b: Annihilape|98\/100 brn|[from] drain|[of] p1a: Tyranitar\n|move|p1a: Tyranitar|Tera Blast|p2b: Annihilape\n|-supereffective|p2b: Annihilape\n|-damage|p2b: Annihilape|16\/100 brn\n|\n|-weather|Sandstorm|[upkeep]\n|-damage|p1b: Talonflame|95\/100|[from] Sandstorm\n|-damage|p2b: Annihilape|10\/100 brn|[from] Sandstorm\n|-damage|p1a: Tyranitar|87\/100|[from] Sandstorm\n|-damage|p2b: Annihilape|4\/100 brn|[from] brn\n|upkeep\n|turn|2\n|\n|t:|1682319132\n|move|p2a: Maushold|Follow Me|p2a: Maushold\n|-singleturn|p2a: Maushold|move: Follow Me\n|move|p1b: Talonflame|Tailwind|p1b: Talonflame\n|-sidestart|p1: Mike2811|move: Tailwind\n|move|p1a: Tyranitar|Crunch|p2a: Maushold\n|-damage|p2a: Maushold|37\/100\n|move|p2b: Annihilape|Rage Fist|p1a: Tyranitar\n|-damage|p1a: Tyranitar|33\/100\n|\n|-weather|Sandstorm|[upkeep]\n|-damage|p1b: Talonflame|89\/100|[from] Sandstorm\n|-damage|p1a: Tyranitar|28\/100|[from] Sandstorm\n|-damage|p2b: Annihilape|0 fnt|[from] Sandstorm\n|faint|p2b: Annihilape\n|upkeep\n|\n|t:|1682319146\n|switch|p2b: Glimmora|Glimmora, L50, F|100\/100\n|turn|3\n|\n|t:|1682319173\n|switch|p1b: Slaking|Slaking, L50, M|100\/100\n|move|p2a: Maushold|Helping Hand|p2b: Glimmora\n|-singleturn|p2b: Glimmora|Helping Hand|[of] p2a: Maushold\n|move|p1a: Tyranitar|Rock Slide|p2b: Glimmora|[spread] p2a,p2b\n|-damage|p2a: Maushold|0 fnt\n|-damage|p2b: Glimmora|69\/100\n|faint|p2a: Maushold\n|move|p2b: Glimmora|Power Gem|p1a: Tyranitar\n|-supereffective|p1a: Tyranitar\n|-damage|p1a: Tyranitar|0 fnt\n|faint|p1a: Tyranitar\n|\n|-weather|Sandstorm|[upkeep]\n|-damage|p1b: Slaking|94\/100|[from] Sandstorm\n|-heal|p1b: Slaking|100\/100|[from] item: Leftovers\n|upkeep\n|\n|t:|1682319192\n|switch|p2a: Gastrodon|Gastrodon, L50, M|100\/100\n|switch|p1a: Grafaiai|Grafaiai, L50, F|100\/100\n|turn|4\n|\n|t:|1682319204\n|move|p2a: Gastrodon|Protect|p2a: Gastrodon\n|-singleturn|p2a: Gastrodon|Protect\n|move|p1a: Grafaiai|Doodle|p2a: Gastrodon\n|-endability|p1a: Grafaiai|Prankster|[from] move: Doodle\n|-ability|p1a: Grafaiai|Storm Drain|[from] move: Doodle\n|-endability|p1b: Slaking|Truant|[from] move: Doodle\n|-ability|p1b: Slaking|Storm Drain|[from] move: Doodle\n|move|p1b: Slaking|Body Slam|p2a: Gastrodon\n|-activate|p2a: Gastrodon|move: Protect\n|move|p2b: Glimmora|Earth Power|p1a: Grafaiai\n|-supereffective|p1a: Grafaiai\n|-damage|p1a: Grafaiai|11\/100\n|\n|-weather|Sandstorm|[upkeep]\n|-damage|p1a: Grafaiai|5\/100|[from] Sandstorm\n|-damage|p1b: Slaking|94\/100|[from] Sandstorm\n|-heal|p1b: Slaking|100\/100|[from] item: Leftovers\n|upkeep\n|turn|5\n|\n|t:|1682319229\n|switch|p1a: Talonflame|Talonflame, L50, M|89\/100\n|move|p1b: Slaking|Earthquake|p2a: Gastrodon|[spread] p2a,p2b\n|-immune|p1a: Talonflame\n|-supereffective|p2b: Glimmora\n|-damage|p2a: Gastrodon|67\/100\n|-damage|p2b: Glimmora|0 fnt\n|faint|p2b: Glimmora\n|move|p2a: Gastrodon|Earth Power|p1b: Slaking\n|-damage|p1b: Slaking|60\/100\n|\n|-weather|none\n|-heal|p1b: Slaking|66\/100|[from] item: Leftovers\n|-sideend|p1: Mike2811|move: Tailwind\n|upkeep\n|turn|6\n|\n|t:|1682319250\n|move|p2a: Gastrodon|Protect|p2a: Gastrodon\n|-singleturn|p2a: Gastrodon|Protect\n|move|p1a: Talonflame|Taunt|p2a: Gastrodon\n|-activate|p2a: Gastrodon|move: Protect\n|move|p1b: Slaking|Drain Punch|p2a: Gastrodon\n|-activate|p2a: Gastrodon|move: Protect\n|\n|-heal|p1b: Slaking|72\/100|[from] item: Leftovers\n|upkeep\n|turn|7\n|c|\u2606Mike2811|gg\n|\n|t:|1682319266\n|move|p1a: Talonflame|Brave Bird|p2a: Gastrodon\n|-damage|p2a: Gastrodon|20\/100\n|-damage|p1a: Talonflame|70\/100|[from] Recoil\n|move|p1b: Slaking|Earthquake|p2a: Gastrodon|[spread] p2a\n|-immune|p1a: Talonflame\n|-damage|p2a: Gastrodon|0 fnt\n|faint|p2a: Gastrodon\n|\n|win|Mike2811\n|raw|Mike2811's rating: 1131 → 1152<\/strong> (+21 for winning)\n|raw|AccidentalHipster's rating: 1070 → 1053<\/strong> (-17 for losing)\n|c|\u2606AccidentalHipster|GG\n","uploadtime":1682319283,"views":36,"p1id":"mike2811","p2id":"accidentalhipster","formatid":"gen9vgc2023regulationc","rating":1053,"private":0,"password":""}