{"id":"gen9vgc2023regulationc-1853155896","p1":"Hd70","p2":"mathtass","format":"[Gen 9] VGC 2023 Regulation C","log":"|j|\u2606Hd70\n|j|\u2606mathtass\n|t:|1682642007\n|gametype|doubles\n|player|p1|Hd70|266|1316\n|player|p2|mathtass|101|1366\n|teamsize|p1|6\n|teamsize|p2|6\n|gen|9\n|tier|[Gen 9] VGC 2023 Regulation C\n|rated|\n|rule|Species Clause: Limit one of each Pok\u00e9mon\n|rule|Item Clause: Limit one of each item\n|clearpoke\n|poke|p1|Grafaiai, L50, F|\n|poke|p1|Flutter Mane, L50|\n|poke|p1|Scream Tail, L50|\n|poke|p1|Gothitelle, L50, F|\n|poke|p1|Ting-Lu, L50|\n|poke|p1|Salamence, L50, F|\n|poke|p2|Amoonguss, L50, F|\n|poke|p2|Chi-Yu, L50|\n|poke|p2|Arcanine, L50, M|\n|poke|p2|Dragonite, L50, F|\n|poke|p2|Flutter Mane, L50|\n|poke|p2|Iron Hands, L50|\n|teampreview|4\nmathtass has agreed to open team sheets.\nHd70 has agreed to open team sheets.\n|c|\u2606mathtass|i wanna do a grafaiai too\n|c|\u2606mathtass|i love him\n|\n|t:|1682642151\n|start\n|switch|p1a: Grafaiai|Grafaiai, L50, F|100\/100\n|switch|p1b: Flutter Mane|Flutter Mane, L50|100\/100\n|switch|p2a: Chi-Yu|Chi-Yu, L50|100\/100\n|switch|p2b: Flutter Mane|Flutter Mane, L50|100\/100\n|-ability|p2a: Chi-Yu|Beads of Ruin\n|turn|1\n|\n|t:|1682642179\n|-terastallize|p2b: Flutter Mane|Fairy\n|move|p1b: Flutter Mane|Protect|p1b: Flutter Mane\n|-singleturn|p1b: Flutter Mane|Protect\n|move|p2b: Flutter Mane|Shadow Ball|p1b: Flutter Mane\n|-activate|p1b: Flutter Mane|move: Protect\n|move|p2a: Chi-Yu|Heat Wave|p1a: Grafaiai|[spread] p1a\n|-activate|p1b: Flutter Mane|move: Protect\n|-damage|p1a: Grafaiai|42\/100\n|-damage|p2a: Chi-Yu|90\/100|[from] item: Life Orb\n|move|p1a: Grafaiai|Super Fang|p2a: Chi-Yu\n|-damage|p2a: Chi-Yu|46\/100\n|\n|upkeep\n|turn|2\n|\n|t:|1682642203\n|move|p2a: Chi-Yu|Protect|p2a: Chi-Yu\n|-singleturn|p2a: Chi-Yu|Protect\n|move|p1a: Grafaiai|Parting Shot|p2b: Flutter Mane\n|-unboost|p2b: Flutter Mane|atk|1\n|-unboost|p2b: Flutter Mane|spa|1\n|\n|t:|1682642210\n|switch|p1a: Ting-Lu|Ting-Lu, L50|100\/100|[from] Parting Shot\n|-ability|p1a: Ting-Lu|Vessel of Ruin\n|move|p2b: Flutter Mane|Dazzling Gleam|p1b: Flutter Mane|[spread] p1a,p1b\n|-supereffective|p1a: Ting-Lu\n|-damage|p1a: Ting-Lu|58\/100\n|-damage|p1b: Flutter Mane|70\/100\n|move|p1b: Flutter Mane|Dazzling Gleam|p2b: Flutter Mane|[spread] p2b\n|-activate|p2a: Chi-Yu|move: Protect\n|-damage|p2b: Flutter Mane|67\/100\n|\n|upkeep\n|turn|3\n|\n|t:|1682642231\n|move|p1b: Flutter Mane|Protect|p1b: Flutter Mane\n|-singleturn|p1b: Flutter Mane|Protect\n|move|p2b: Flutter Mane|Moonblast|p1a: Ting-Lu\n|-supereffective|p1a: Ting-Lu\n|-damage|p1a: Ting-Lu|0 fnt\n|faint|p1a: Ting-Lu\n|move|p2a: Chi-Yu|Heat Wave|p1b: Flutter Mane\n|-activate|p1b: Flutter Mane|move: Protect\n|\n|upkeep\n|\n|t:|1682642246\n|switch|p1a: Gothitelle|Gothitelle, L50, F|100\/100\n|turn|4\n|\n|t:|1682642283\n|-terastallize|p1b: Flutter Mane|Fairy\n|move|p2a: Chi-Yu|Protect|p2a: Chi-Yu\n|-singleturn|p2a: Chi-Yu|Protect\n|move|p1a: Gothitelle|Fake Out|p2b: Flutter Mane\n|-damage|p2b: Flutter Mane|55\/100\n|move|p1b: Flutter Mane|Dazzling Gleam|p2b: Flutter Mane|[spread] p2b\n|-activate|p2a: Chi-Yu|move: Protect\n|-damage|p2b: Flutter Mane|0 fnt\n|faint|p2b: Flutter Mane\n|-end|p2b: Flutter Mane|Protosynthesis|[silent]\n|\n|upkeep\n|\n|t:|1682642294\n|switch|p2b: Arcanine|Arcanine, L50, M|100\/100\n|-ability|p2b: Arcanine|Intimidate|boost\n|-unboost|p1a: Gothitelle|atk|1\n|-unboost|p1b: Flutter Mane|atk|1\n|turn|5\n|\n|t:|1682642333\n|move|p1a: Gothitelle|Protect|p1a: Gothitelle\n|-singleturn|p1a: Gothitelle|Protect\n|move|p1b: Flutter Mane|Dazzling Gleam|p2a: Chi-Yu|[spread] p2a,p2b\n|-resisted|p2b: Arcanine\n|-damage|p2a: Chi-Yu|0 fnt\n|-damage|p2b: Arcanine|73\/100\n|faint|p2a: Chi-Yu\n|move|p2b: Arcanine|Flare Blitz|p1b: Flutter Mane\n|-damage|p1b: Flutter Mane|0 fnt\n|faint|p1b: Flutter Mane\n|-end|p1b: Flutter Mane|Protosynthesis|[silent]\n|-damage|p2b: Arcanine|58\/100|[from] Recoil\n|\n|upkeep\n|\n|t:|1682642343\n|switch|p1b: Grafaiai|Grafaiai, L50, F|42\/100\n|switch|p2a: Dragonite|Dragonite, L50, F|100\/100\n|turn|6\n|\n|t:|1682642359\n|move|p2a: Dragonite|Extreme Speed|p1b: Grafaiai\n|-damage|p1b: Grafaiai|0 fnt\n|faint|p1b: Grafaiai\n|move|p2b: Arcanine|Howl|p2b: Arcanine|[spread] p2a,p2b\n|-boost|p2a: Dragonite|atk|1\n|-boost|p2b: Arcanine|atk|1\n|move|p1a: Gothitelle|Heal Pulse|p1: Grafaiai|[notarget]\n|-fail|p1a: Gothitelle\n|\n|upkeep\n|turn|7\n|-message|Hd70 forfeited.\n|\n|win|mathtass\n|raw|Hd70's rating: 1316 → 1299<\/strong> (-17 for losing)\n|raw|mathtass's rating: 1366 → 1383<\/strong> (+17 for winning)\n|l|\u2606Hd70\n","uploadtime":1682642368,"views":9,"p1id":"hd70","p2id":"mathtass","formatid":"gen9vgc2023regulationc","rating":1299,"private":0,"password":""}