{"id":"gen9vgc2023regulationc-1860316101","p1":"Archabolt","p2":"nooooefj","format":"[Gen 9] VGC 2023 Regulation C","log":"|j|\u2606Archabolt\n|j|\u2606nooooefj\n|t:|1683631645\n|gametype|doubles\n|player|p1|Archabolt|1|1067\n|player|p2|nooooefj|102|1000\n|teamsize|p1|6\n|teamsize|p2|6\n|gen|9\n|tier|[Gen 9] VGC 2023 Regulation C\n|rated|\n|rule|Species Clause: Limit one of each Pok\u00e9mon\n|rule|Item Clause: Limit one of each item\n|clearpoke\n|poke|p1|Farigiraf, L50, F|\n|poke|p1|Lucario, L50, F|\n|poke|p1|Torkoal, L50, M|\n|poke|p1|Amoonguss, L50, F|\n|poke|p1|Meowscarada, L50, F|\n|poke|p1|Quaquaval, L50, M|\n|poke|p2|Meowscarada, L50, F|\n|poke|p2|Palafin, L50, M|\n|poke|p2|Pelipper, L50, F|\n|poke|p2|Dragonite, L50, F|\n|poke|p2|Flutter Mane, L50|\n|poke|p2|Ting-Lu, L50|\n|teampreview|4\n|inactive|Battle timer is ON: inactive players will automatically lose when time's up. (requested by Archabolt)\n|\n|t:|1683631672\n|start\n|switch|p1a: Farigiraf|Farigiraf, L50, F|100\/100\n|switch|p1b: Lucario|Lucario, L50, F|100\/100\n|switch|p2a: Pelipper|Pelipper, L50, F|100\/100\n|switch|p2b: Palafin|Palafin, L50, M|100\/100\n|-weather|RainDance|[from] ability: Drizzle|[of] p2a: Pelipper\n|turn|1\n|\n|t:|1683631692\n|detailschange|p2b: Palafin|Palafin-Hero, L50, M\n|switch|p2b: Flutter Mane|Flutter Mane, L50|100\/100\n|move|p1b: Lucario|Stone Edge|p2a: Pelipper\n|-supereffective|p2a: Pelipper\n|-damage|p2a: Pelipper|30\/100\n|-damage|p1b: Lucario|91\/100|[from] item: Life Orb\n|move|p2a: Pelipper|Tailwind|p2a: Pelipper\n|-sidestart|p2: nooooefj|move: Tailwind\n|move|p1a: Farigiraf|Trick Room|p1a: Farigiraf\n|-fieldstart|move: Trick Room|[of] p1a: Farigiraf\n|\n|-weather|RainDance|[upkeep]\n|-heal|p2a: Pelipper|36\/100|[from] item: Leftovers\n|upkeep\n|turn|2\n|inactive|Archabolt has 30 seconds left.\n|inactive|nooooefj has 30 seconds left.\n|inactive|Archabolt has 20 seconds left.\n|inactive|Archabolt has 15 seconds left.\n|inactive|Archabolt has 10 seconds left.\n|inactive|Archabolt has 5 seconds left.\n|\n|t:|1683631747\n|move|p2a: Pelipper|Helping Hand|p2b: Flutter Mane\n|-singleturn|p2b: Flutter Mane|Helping Hand|[of] p2a: Pelipper\n|move|p1b: Lucario|Close Combat|p2b: Flutter Mane\n|-immune|p2b: Flutter Mane\n|move|p2b: Flutter Mane|Moonblast|p1b: Lucario\n|-damage|p1b: Lucario|0 fnt\n|faint|p1b: Lucario\n|move|p1a: Farigiraf|Trick Room|p1a: Farigiraf\n|-fieldend|move: Trick Room\n|\n|-weather|RainDance|[upkeep]\n|-heal|p2a: Pelipper|42\/100|[from] item: Leftovers\n|upkeep\n|\n|t:|1683631764\n|switch|p1b: Meowscarada|Meowscarada, L50, F|100\/100\n|turn|3\n|\n|t:|1683631776\n|move|p2a: Pelipper|Helping Hand|p2b: Flutter Mane\n|-singleturn|p2b: Flutter Mane|Helping Hand|[of] p2a: Pelipper\n|move|p1b: Meowscarada|Protect|p1b: Meowscarada\n|-start|p1b: Meowscarada|typechange|Normal|[from] ability: Protean\n|-singleturn|p1b: Meowscarada|Protect\n|move|p2b: Flutter Mane|Moonblast|p1b: Meowscarada\n|-activate|p1b: Meowscarada|move: Protect\n|move|p1a: Farigiraf|Trick Room|p1a: Farigiraf\n|-fieldstart|move: Trick Room|[of] p1a: Farigiraf\n|\n|-weather|RainDance|[upkeep]\n|-heal|p2a: Pelipper|48\/100|[from] item: Leftovers\n|upkeep\n|turn|4\n|\n|t:|1683631796\n|move|p2a: Pelipper|Protect|p2a: Pelipper\n|-singleturn|p2a: Pelipper|Protect\n|move|p1a: Farigiraf|Dazzling Gleam|p2b: Flutter Mane|[spread] p2b\n|-activate|p2a: Pelipper|move: Protect\n|-damage|p2b: Flutter Mane|78\/100\n|move|p1b: Meowscarada|Foul Play|p2b: Flutter Mane\n|-crit|p2b: Flutter Mane\n|-damage|p2b: Flutter Mane|44\/100\n|move|p2b: Flutter Mane|Moonblast|p1b: Meowscarada\n|-damage|p1b: Meowscarada|0 fnt\n|faint|p1b: Meowscarada\n|\n|-weather|RainDance|[upkeep]\n|-heal|p2a: Pelipper|54\/100|[from] item: Leftovers\n|-sideend|p2: nooooefj|move: Tailwind\n|upkeep\n|\n|t:|1683631813\n|switch|p1b: Amoonguss|Amoonguss, L50, F|100\/100\n|turn|5\n|\n|t:|1683631826\n|move|p1b: Amoonguss|Spore|p2a: Pelipper\n|-status|p2a: Pelipper|slp|[from] move: Spore\n|move|p1a: Farigiraf|Dazzling Gleam|p2b: Flutter Mane|[spread] p2a,p2b\n|-damage|p2a: Pelipper|24\/100 slp\n|-damage|p2b: Flutter Mane|24\/100\n|cant|p2a: Pelipper|slp\n|move|p2b: Flutter Mane|Moonblast|p1a: Farigiraf\n|-damage|p1a: Farigiraf|15\/100\n|-enditem|p1a: Farigiraf|Wiki Berry|[eat]\n|-heal|p1a: Farigiraf|48\/100|[from] item: Wiki Berry\n|\n|-weather|none\n|-heal|p2a: Pelipper|30\/100 slp|[from] item: Leftovers\n|upkeep\n|turn|6\n|inactive|nooooefj has 30 seconds left.\n|\n|t:|1683631851\n|switch|p2a: Palafin|Palafin-Hero, L50, M|100\/100\n|-activate|p2a: Palafin|ability: Zero to Hero\n|move|p1b: Amoonguss|Rage Powder|p1b: Amoonguss\n|-singleturn|p1b: Amoonguss|move: Rage Powder\n|move|p1a: Farigiraf|Dazzling Gleam|p2b: Flutter Mane|[spread] p2a,p2b\n|-damage|p2a: Palafin|77\/100\n|-damage|p2b: Flutter Mane|2\/100\n|move|p2b: Flutter Mane|Moonblast|p1b: Amoonguss\n|-resisted|p1b: Amoonguss\n|-crit|p1b: Amoonguss\n|-damage|p1b: Amoonguss|47\/100\n|\n|upkeep\n|turn|7\n|inactive|nooooefj has 30 seconds left.\n|\n|t:|1683631878\n|-terastallize|p2a: Palafin|Water\n|move|p2a: Palafin|Jet Punch||[still]\n|cant|p1a: Farigiraf|ability: Armor Tail|Jet Punch|[of] p2a: Palafin\n|move|p1b: Amoonguss|Spore|p2a: Palafin\n|-status|p2a: Palafin|slp|[from] move: Spore\n|move|p1a: Farigiraf|Dazzling Gleam|p2b: Flutter Mane|[spread] p2a,p2b\n|-damage|p2a: Palafin|55\/100 slp\n|-damage|p2b: Flutter Mane|0 fnt\n|faint|p2b: Flutter Mane\n|-end|p2b: Flutter Mane|Protosynthesis|[silent]\n|\n|-fieldend|move: Trick Room\n|upkeep\n|\n|t:|1683631888\n|switch|p2b: Ting-Lu|Ting-Lu, L50|100\/100\n|-ability|p2b: Ting-Lu|Vessel of Ruin\n|turn|8\n|\n|t:|1683631903\n|move|p1b: Amoonguss|Rage Powder|p1b: Amoonguss\n|-singleturn|p1b: Amoonguss|move: Rage Powder\n|cant|p2a: Palafin|slp\n|move|p2b: Ting-Lu|Heavy Slam|p1b: Amoonguss\n|-damage|p1b: Amoonguss|24\/100\n|move|p1a: Farigiraf|Trick Room|p1a: Farigiraf\n|-fieldstart|move: Trick Room|[of] p1a: Farigiraf\n|\n|upkeep\n|turn|9\n|\n|t:|1683631918\n|cant|p2a: Palafin|slp\n|move|p1b: Amoonguss|Spore|p2b: Ting-Lu\n|-status|p2b: Ting-Lu|slp|[from] move: Spore\n|move|p1a: Farigiraf|Dazzling Gleam|p2b: Ting-Lu|[spread] p2a,p2b\n|-supereffective|p2b: Ting-Lu\n|-damage|p2a: Palafin|36\/100 slp\n|-damage|p2b: Ting-Lu|89\/100 slp\n|cant|p2b: Ting-Lu|slp\n|\n|upkeep\n|turn|10\n|\n|t:|1683631934\n|-curestatus|p2a: Palafin|slp|[msg]\n|move|p2a: Palafin|Jet Punch||[still]\n|cant|p1a: Farigiraf|ability: Armor Tail|Jet Punch|[of] p2a: Palafin\n|move|p1b: Amoonguss|Pollen Puff|p1a: Farigiraf\n|-heal|p1a: Farigiraf|97\/100\n|move|p1a: Farigiraf|Nasty Plot|p1a: Farigiraf\n|-boost|p1a: Farigiraf|spa|2\n|cant|p2b: Ting-Lu|slp\n|\n|upkeep\n|turn|11\n|\n|t:|1683631952\n|switch|p2b: Pelipper|Pelipper, L50, F|30\/100 slp\n|-weather|RainDance|[from] ability: Drizzle|[of] p2b: Pelipper\n|move|p2a: Palafin|Jet Punch||[still]\n|cant|p1a: Farigiraf|ability: Armor Tail|Jet Punch|[of] p2a: Palafin\n|move|p1b: Amoonguss|Spore|p2a: Palafin\n|-status|p2a: Palafin|slp|[from] move: Spore\n|move|p1a: Farigiraf|Dazzling Gleam|p2b: Pelipper|[spread] p2a,p2b\n|-damage|p2a: Palafin|0 fnt\n|-damage|p2b: Pelipper|0 fnt\n|faint|p2a: Palafin\n|faint|p2b: Pelipper\n|\n|-weather|RainDance|[upkeep]\n|upkeep\n|-message|nooooefj forfeited.\n|\n|win|Archabolt\n|raw|Archabolt's rating: 1067 → 1091<\/strong> (+24 for winning)\n|raw|nooooefj's rating: 1000 → 1000<\/strong> (+0 for losing)\n|l|\u2606nooooefj\n","uploadtime":1683631973,"views":9,"p1id":"archabolt","p2id":"nooooefj","formatid":"gen9vgc2023regulationc","rating":1000,"private":0,"password":""}