{"id":"gen9vgc2023regulationc-1860218659","p1":"VegaVex","p2":"horny_squid","format":"[Gen 9] VGC 2023 Regulation C","log":"|j|\u2606VegaVex\n|j|\u2606horny_squid\n|t:|1683612345\n|gametype|doubles\n|player|p1|VegaVex|cynthia-gen4|1000\n|player|p2|horny_squid|2|1083\n|teamsize|p1|6\n|teamsize|p2|6\n|gen|9\n|tier|[Gen 9] VGC 2023 Regulation C\n|rated|\n|rule|Species Clause: Limit one of each Pok\u00e9mon\n|rule|Item Clause: Limit one of each item\n|clearpoke\n|poke|p1|Gallade, L50, M|\n|poke|p1|Gholdengo, L50|\n|poke|p1|Slowking, L50, F|\n|poke|p1|Wo-Chien, L50|\n|poke|p1|Delibird, L50, M|\n|poke|p1|Ting-Lu, L50|\n|poke|p2|Magnezone, L50|\n|poke|p2|Gardevoir, L50, F|\n|poke|p2|Salamence, L50, M|\n|poke|p2|Palafin, L50, M|\n|poke|p2|Garchomp, L50, F|\n|poke|p2|Gyarados, L50, M|\n|teampreview|4\n|inactive|Battle timer is ON: inactive players will automatically lose when time's up. (requested by horny_squid)\nVegaVex rejected open team sheets.\n|c|\u2606horny_squid|it's you again\n|c|\u2606horny_squid|I lost last time right?\n|c|\u2606VegaVex|hello\n|c|\u2606VegaVex|idk\n|inactive|horny_squid has 60 seconds left.\n|c|\u2606VegaVex|I hab birb\n|\n|t:|1683612392\n|start\n|switch|p1a: Slowking|Slowking, L50, F|100\/100\n|switch|p1b: Ling-Tu|Ting-Lu, L50|100\/100\n|switch|p2a: Palafin|Palafin, L50, M|100\/100\n|switch|p2b: Magnezone|Magnezone, L50, shiny|100\/100\n|-ability|p1b: Ling-Tu|Vessel of Ruin\n|turn|1\n|\n|t:|1683612416\n|-terastallize|p2a: Palafin|Water\n|move|p2b: Magnezone|Flash Cannon|p1b: Ling-Tu\n|-damage|p1b: Ling-Tu|87\/100\n|-unboost|p1b: Ling-Tu|spd|1\n|move|p2a: Palafin|Wave Crash|p1b: Ling-Tu\n|-supereffective|p1b: Ling-Tu\n|-damage|p1b: Ling-Tu|0 fnt\n|faint|p1b: Ling-Tu\n|-damage|p2a: Palafin|61\/100|[from] Recoil\n|move|p1a: Slowking|Trick Room|p1a: Slowking\n|-fieldstart|move: Trick Room|[of] p1a: Slowking\n|\n|upkeep\n|\n|t:|1683612429\n|switch|p1b: Im Trying ok?|Delibird, L50, M|100\/100\n|turn|2\n|\n|t:|1683612443\n|move|p2a: Palafin|Jet Punch|p1b: Im Trying ok?\n|-enditem|p1b: Im Trying ok?|Focus Sash\n|-damage|p1b: Im Trying ok?|1\/100\n|move|p1a: Slowking|Future Sight|p2a: Palafin\n|-start|p1a: Slowking|move: Future Sight\n|move|p1b: Im Trying ok?|Destiny Bond|p1b: Im Trying ok?\n|-singlemove|p1b: Im Trying ok?|Destiny Bond\n|move|p2b: Magnezone|Flash Cannon|p1b: Im Trying ok?\n|-supereffective|p1b: Im Trying ok?\n|-damage|p1b: Im Trying ok?|0 fnt\n|faint|p1b: Im Trying ok?\n|-activate|p1b: Im Trying ok?|move: Destiny Bond\n|faint|p2b: Magnezone\n|\n|upkeep\n|c|\u2606VegaVex|MY BIRB\n|c|\u2606VegaVex|CONGLOTURATIONS DELIBIRDDD\n|\n|t:|1683612467\n|switch|p1b: Wo-Chien|Wo-Chien, L50|100\/100\n|switch|p2b: Gyarados|Gyarados, L50, M|100\/100\n|-ability|p1b: Wo-Chien|Tablets of Ruin\n|turn|3\n|\n|t:|1683612491\n|move|p2b: Gyarados|Protect|p2b: Gyarados\n|-singleturn|p2b: Gyarados|Protect\n|move|p2a: Palafin|Protect|p2a: Palafin\n|-singleturn|p2a: Palafin|Protect\n|move|p1a: Slowking|Future Sight|p2b: Gyarados\n|-start|p1a: Slowking|move: Future Sight\n|move|p1b: Wo-Chien|Leech Seed|p2a: Palafin\n|-activate|p2a: Palafin|move: Protect\n|\n|upkeep\n|turn|4\n|\n|t:|1683612512\n|move|p1a: Slowking|Protect|p1a: Slowking\n|-singleturn|p1a: Slowking|Protect\n|move|p1b: Wo-Chien|Leech Seed|p2a: Palafin\n|-start|p2a: Palafin|move: Leech Seed\n|move|p2a: Palafin|Flip Turn|p1a: Slowking\n|-activate|p1a: Slowking|move: Protect\n|move|p2b: Gyarados|Avalanche|p1b: Wo-Chien\n|-supereffective|p1b: Wo-Chien\n|-damage|p1b: Wo-Chien|63\/100\n|\n|-end|p2a: Palafin|move: Future Sight\n|-damage|p2a: Palafin|0 fnt\n|faint|p2a: Palafin\n|upkeep\n|\n|t:|1683612525\n|switch|p2a: Garchomp|Garchomp, L50, F|100\/100\n|turn|5\n|c|\u2606VegaVex|no palafin for u\n|\n|t:|1683612535\n|move|p2b: Gyarados|Protect|p2b: Gyarados\n|-singleturn|p2b: Gyarados|Protect\n|move|p2a: Garchomp|Protect|p2a: Garchomp\n|-singleturn|p2a: Garchomp|Protect\n|move|p1a: Slowking|Future Sight|p2a: Garchomp\n|-start|p1a: Slowking|move: Future Sight\n|move|p1b: Wo-Chien|Leech Seed|p2b: Gyarados\n|-activate|p2b: Gyarados|move: Protect\n|\n|-end|p2b: Gyarados|move: Future Sight\n|-damage|p2b: Gyarados|44\/100\n|-fieldend|move: Trick Room\n|upkeep\n|turn|6\n|c|\u2606horny_squid|damn\n|c|\u2606VegaVex|bruh\n|c|\u2606horny_squid|wow future sight go pass protect\n|inactive|horny_squid has 30 seconds left.\n|c|\u2606VegaVex|yup\n|\n|t:|1683612565\n|move|p2a: Garchomp|Earthquake|p1b: Wo-Chien|[spread] p1a,p1b\n|-immune|p2b: Gyarados\n|-resisted|p1b: Wo-Chien\n|-damage|p1a: Slowking|63\/100\n|-damage|p1b: Wo-Chien|46\/100\n|-damage|p2a: Garchomp|91\/100|[from] item: Life Orb\n|move|p1b: Wo-Chien|Leech Seed|p2b: Gyarados\n|-start|p2b: Gyarados|move: Leech Seed\n|move|p1a: Slowking|Future Sight|p2b: Gyarados\n|-start|p1a: Slowking|move: Future Sight\n|move|p2b: Gyarados|Avalanche|p1b: Wo-Chien\n|-supereffective|p1b: Wo-Chien\n|-damage|p1b: Wo-Chien|11\/100\n|-enditem|p1b: Wo-Chien|Aguav Berry|[eat]\n|-heal|p1b: Wo-Chien|45\/100|[from] item: Aguav Berry\n|\n|-damage|p2b: Gyarados|31\/100|[from] Leech Seed|[of] p1b: Wo-Chien\n|-heal|p1b: Wo-Chien|56\/100|[silent]\n|upkeep\n|turn|7\n|c|\u2606VegaVex|main reason I run it\n|\n|t:|1683612586\n|move|p1a: Slowking|Protect|p1a: Slowking\n|-singleturn|p1a: Slowking|Protect\n|move|p2a: Garchomp|Earthquake|p1b: Wo-Chien|[spread] p1b\n|-activate|p1a: Slowking|move: Protect\n|-immune|p2b: Gyarados\n|-resisted|p1b: Wo-Chien\n|-damage|p1b: Wo-Chien|37\/100\n|-damage|p2a: Garchomp|81\/100|[from] item: Life Orb\n|move|p1b: Wo-Chien|Leech Seed|p2a: Garchomp\n|-start|p2a: Garchomp|move: Leech Seed\n|move|p2b: Gyarados|Avalanche|p1b: Wo-Chien\n|-supereffective|p1b: Wo-Chien\n|-damage|p1b: Wo-Chien|3\/100\n|\n|-end|p2a: Garchomp|move: Future Sight\n|-damage|p2a: Garchomp|23\/100\n|-damage|p2a: Garchomp|10\/100|[from] Leech Seed|[of] p1b: Wo-Chien\n|-heal|p1b: Wo-Chien|16\/100|[silent]\n|-damage|p2b: Gyarados|19\/100|[from] Leech Seed|[of] p1b: Wo-Chien\n|-heal|p1b: Wo-Chien|27\/100|[silent]\n|upkeep\n|turn|8\n|c|\u2606horny_squid|holy shit\n|c|\u2606VegaVex|pew pew\n|inactive|horny_squid has 30 seconds left.\n|\n|t:|1683612615\n|move|p1b: Wo-Chien|Protect|p1b: Wo-Chien\n|-singleturn|p1b: Wo-Chien|Protect\n|move|p2a: Garchomp|Earthquake|p1b: Wo-Chien|[spread] p1a\n|-activate|p1b: Wo-Chien|move: Protect\n|-immune|p2b: Gyarados\n|-damage|p1a: Slowking|26\/100\n|-enditem|p1a: Slowking|Sitrus Berry|[eat]\n|-heal|p1a: Slowking|50\/100|[from] item: Sitrus Berry\n|-damage|p2a: Garchomp|0 fnt|[from] item: Life Orb\n|faint|p2a: Garchomp\n|move|p2b: Gyarados|Bulldoze|p1a: Slowking|[spread] p1a\n|-activate|p1b: Wo-Chien|move: Protect\n|-damage|p1a: Slowking|39\/100\n|-unboost|p1a: Slowking|spe|1\n|move|p1a: Slowking|Future Sight||[still]\n|-fail|p1a: Slowking\n|\n|-end|p2b: Gyarados|move: Future Sight\n|-damage|p2b: Gyarados|0 fnt\n|faint|p2b: Gyarados\n|\n|win|VegaVex\n|upkeep\n|raw|VegaVex's rating: 1000 → 1049<\/strong> (+49 for winning)\n|raw|horny_squid's rating: 1083 → 1055<\/strong> (-28 for losing)\n|c|\u2606horny_squid|gg\n|c|\u2606VegaVex|GG\n|l|\u2606horny_squid\n","uploadtime":1683612636,"views":7,"p1id":"vegavex","p2id":"hornysquid","formatid":"gen9vgc2023regulationc","rating":1049,"private":0,"password":""}