{"id":"gen9vgc2023regulationc-1846784372","p1":"Pincurchinn","p2":"k58462312","format":"[Gen 9] VGC 2023 Regulation C","log":"|j|\u2606Pincurchinn\n|j|\u2606k58462312\n|t:|1681878795\n|gametype|doubles\n|player|p1|Pincurchinn|pokekid|1330\n|player|p2|k58462312|riley|1341\n|teamsize|p1|6\n|teamsize|p2|6\n|gen|9\n|tier|[Gen 9] VGC 2023 Regulation C\n|rated|\n|rule|Species Clause: Limit one of each Pok\u00e9mon\n|rule|Item Clause: Limit one of each item\n|clearpoke\n|poke|p1|Iron Bundle, L50|\n|poke|p1|Florges, L50, F|\n|poke|p1|Abomasnow, L50, M|\n|poke|p1|Chi-Yu, L50|\n|poke|p1|Iron Hands, L50|\n|poke|p1|Gothitelle, L50, F|\n|poke|p2|Amoonguss, L50, F|\n|poke|p2|Iron Hands, L50|\n|poke|p2|Roaring Moon, L50|\n|poke|p2|Sableye, L50, M|\n|poke|p2|Ting-Lu, L50|\n|poke|p2|Chi-Yu, L50|\n|teampreview|4\n|\n|t:|1681878827\n|start\n|switch|p1a: Iron Bundle|Iron Bundle, L50|100\/100\n|switch|p1b: Florges|Florges, L50, F|100\/100\n|switch|p2a: Amoonguss|Amoonguss, L50, F|100\/100\n|switch|p2b: Roaring Moon|Roaring Moon, L50|100\/100\n|-enditem|p1a: Iron Bundle|Booster Energy\n|-activate|p1b: Florges|ability: Symbiosis|Life Orb|[of] p1a: Iron Bundle\n|-activate|p1a: Iron Bundle|ability: Quark Drive|[fromitem]\n|-start|p1a: Iron Bundle|quarkdrivespe\n|-enditem|p2b: Roaring Moon|Booster Energy\n|-activate|p2b: Roaring Moon|ability: Protosynthesis|[fromitem]\n|-start|p2b: Roaring Moon|protosynthesisatk\n|turn|1\n|\n|t:|1681878847\n|move|p1a: Iron Bundle|Protect|p1a: Iron Bundle\n|-singleturn|p1a: Iron Bundle|Protect\n|move|p2b: Roaring Moon|Protect|p2b: Roaring Moon\n|-singleturn|p2b: Roaring Moon|Protect\n|move|p1b: Florges|Dazzling Gleam|p2b: Roaring Moon|[spread] p2a\n|-activate|p2b: Roaring Moon|move: Protect\n|-resisted|p2a: Amoonguss\n|-damage|p2a: Amoonguss|90\/100\n|move|p2a: Amoonguss|Spore|p1a: Iron Bundle\n|-activate|p1a: Iron Bundle|move: Protect\n|\n|-heal|p2a: Amoonguss|97\/100|[from] item: Leftovers\n|upkeep\n|turn|2\n|\n|t:|1681878867\n|-end|p1a: Iron Bundle|Quark Drive|[silent]\n|switch|p1a: Abomasnow|Abomasnow, L50, M|100\/100\n|-weather|Snow|[from] ability: Snow Warning|[of] p1a: Abomasnow\n|-terastallize|p2b: Roaring Moon|Flying\n|move|p2b: Roaring Moon|Acrobatics|p1a: Abomasnow\n|-supereffective|p1a: Abomasnow\n|-damage|p1a: Abomasnow|0 fnt\n|faint|p1a: Abomasnow\n|move|p1b: Florges|Dazzling Gleam|p2b: Roaring Moon|[spread] p2a,p2b\n|-resisted|p2a: Amoonguss\n|-crit|p2b: Roaring Moon\n|-damage|p2a: Amoonguss|87\/100\n|-damage|p2b: Roaring Moon|62\/100\n|move|p2a: Amoonguss|Spore|p1b: Florges\n|-status|p1b: Florges|slp|[from] move: Spore\n|\n|-weather|Snow|[upkeep]\n|-heal|p2a: Amoonguss|93\/100|[from] item: Leftovers\n|upkeep\n|\n|t:|1681878887\n|switch|p1a: Iron Bundle|Iron Bundle, L50|100\/100\n|turn|3\n|\n|t:|1681878896\n|-terastallize|p1a: Iron Bundle|Ice\n|cant|p1b: Florges|slp\n|move|p1a: Iron Bundle|Blizzard|p2a: Amoonguss|[spread] p2a,p2b\n|-supereffective|p2a: Amoonguss\n|-supereffective|p2b: Roaring Moon\n|-damage|p2a: Amoonguss|0 fnt\n|-damage|p2b: Roaring Moon|0 fnt\n|faint|p2a: Amoonguss\n|faint|p2b: Roaring Moon\n|-end|p2b: Roaring Moon|Protosynthesis|[silent]\n|-damage|p1a: Iron Bundle|91\/100|[from] item: Life Orb\n|\n|-weather|Snow|[upkeep]\n|upkeep\n|\n|t:|1681878910\n|switch|p2b: Sableye|Sableye, L50, M|100\/100\n|switch|p2a: Chi-Yu|Chi-Yu, L50|100\/100\n|-ability|p2a: Chi-Yu|Beads of Ruin\n|turn|4\n|\n|t:|1681878920\n|move|p2b: Sableye|Quash|p1a: Iron Bundle\n|-activate|p1a: Iron Bundle|move: Quash\n|move|p2a: Chi-Yu|Heat Wave|p1a: Iron Bundle|[spread] p1a,p1b\n|-supereffective|p1a: Iron Bundle\n|-damage|p1a: Iron Bundle|0 fnt\n|-damage|p1b: Florges|49\/100 slp\n|faint|p1a: Iron Bundle\n|-end|p1a: Iron Bundle|Quark Drive|[silent]\n|-damage|p2a: Chi-Yu|91\/100|[from] item: Life Orb\n|cant|p1b: Florges|slp\n|\n|-weather|Snow|[upkeep]\n|upkeep\n|\n|t:|1681878932\n|switch|p1a: Iron Hands|Iron Hands, L50|100\/100\n|turn|5\n|\n|t:|1681878939\n|move|p2a: Chi-Yu|Protect|p2a: Chi-Yu\n|-singleturn|p2a: Chi-Yu|Protect\n|move|p2b: Sableye|Will-O-Wisp|p1a: Iron Hands\n|-status|p1a: Iron Hands|brn\n|-curestatus|p1b: Florges|slp|[msg]\n|move|p1b: Florges|Dazzling Gleam|p2a: Chi-Yu|[spread] p2b\n|-activate|p2a: Chi-Yu|move: Protect\n|-supereffective|p2b: Sableye\n|-damage|p2b: Sableye|23\/100\n|move|p1a: Iron Hands|Drain Punch|p2a: Chi-Yu\n|-activate|p2a: Chi-Yu|move: Protect\n|\n|-weather|Snow|[upkeep]\n|-damage|p1a: Iron Hands|94\/100 brn|[from] brn\n|upkeep\n|turn|6\n|\n|t:|1681878962\n|move|p2a: Chi-Yu|Heat Wave|p1a: Iron Hands|[spread] p1a,p1b\n|-damage|p1a: Iron Hands|59\/100 brn\n|-damage|p1b: Florges|0 fnt\n|faint|p1b: Florges\n|-damage|p2a: Chi-Yu|81\/100|[from] item: Life Orb\n|move|p1a: Iron Hands|Drain Punch|p2a: Chi-Yu\n|-supereffective|p2a: Chi-Yu\n|-damage|p2a: Chi-Yu|16\/100\n|-heal|p1a: Iron Hands|77\/100 brn|[from] drain|[of] p2a: Chi-Yu\n|move|p2b: Sableye|Knock Off|p1a: Iron Hands\n|-resisted|p1a: Iron Hands\n|-damage|p1a: Iron Hands|67\/100 brn\n|-enditem|p1a: Iron Hands|Assault Vest|[from] move: Knock Off|[of] p2b: Sableye\n|\n|-weather|Snow|[upkeep]\n|-damage|p1a: Iron Hands|61\/100 brn|[from] brn\n|upkeep\n|turn|7\n|\n|t:|1681878983\n|move|p2a: Chi-Yu|Protect|p2a: Chi-Yu\n|-singleturn|p2a: Chi-Yu|Protect\n|move|p2b: Sableye|Taunt|p1a: Iron Hands\n|-start|p1a: Iron Hands|move: Taunt\n|move|p1a: Iron Hands|Wild Charge|p2b: Sableye\n|-damage|p2b: Sableye|0 fnt\n|faint|p2b: Sableye\n|-damage|p1a: Iron Hands|57\/100 brn|[from] Recoil\n|\n|-weather|Snow|[upkeep]\n|-damage|p1a: Iron Hands|51\/100 brn|[from] brn\n|upkeep\n|turn|8\n|\n|t:|1681878998\n|move|p2a: Chi-Yu|Heat Wave|p1a: Iron Hands\n|-damage|p1a: Iron Hands|0 fnt\n|faint|p1a: Iron Hands\n|-end|p1a: Iron Hands|Quark Drive|[silent]\n|-damage|p2a: Chi-Yu|6\/100|[from] item: Life Orb\n|\n|win|k58462312\n|raw|Pincurchinn's rating: 1330 → 1311<\/strong> (-19 for losing)\n|raw|k58462312's rating: 1341 → 1360<\/strong> (+19 for winning)\n","uploadtime":1681879006,"views":10,"p1id":"pincurchinn","p2id":"k58462312","formatid":"gen9vgc2023regulationc","rating":1311,"private":0,"password":""}