{"id":"gen9vgc2023regulationc-1857346717","p1":"Delicia Delight","p2":"mence x vgc","format":"[Gen 9] VGC 2023 Regulation C","log":"|j|\u2606Delicia Delight\n|j|\u2606mence x vgc\n|t:|1683177300\n|gametype|doubles\n|player|p1|Delicia Delight|baker|1423\n|player|p2|mence x vgc|janine|1382\n|teamsize|p1|6\n|teamsize|p2|6\n|gen|9\n|tier|[Gen 9] VGC 2023 Regulation C\n|rated|\n|rule|Species Clause: Limit one of each Pok\u00e9mon\n|rule|Item Clause: Limit one of each item\n|clearpoke\n|poke|p1|Ting-Lu, L50|\n|poke|p1|Gyarados, L50, F|\n|poke|p1|Orthworm, L50, M|\n|poke|p1|Dragonite, L50, M|\n|poke|p1|Flutter Mane, L50|\n|poke|p1|Glimmora, L50, M|\n|poke|p2|Amoonguss, L50, F|\n|poke|p2|Gyarados, L50, F|\n|poke|p2|Iron Hands, L50|\n|poke|p2|Flutter Mane, L50|\n|poke|p2|Chi-Yu, L50|\n|poke|p2|Ting-Lu, L50|\n|teampreview|4\n|inactive|Battle timer is ON: inactive players will automatically lose when time's up. (requested by Delicia Delight)\n|inactive|mence x vgc has 60 seconds left.\n|inactive|mence x vgc has 30 seconds left.\n|inactive|mence x vgc has 20 seconds left.\n|inactive|mence x vgc has 15 seconds left.\n|\n|t:|1683177378\n|start\n|switch|p1a: Glimmora|Glimmora, L50, M|100\/100\n|switch|p1b: Flutter Mane|Flutter Mane, L50|100\/100\n|switch|p2a: Amoonguss|Amoonguss, L50, F, shiny|100\/100\n|switch|p2b: Flutter Mane|Flutter Mane, L50, shiny|100\/100\n|-enditem|p2b: Flutter Mane|Booster Energy\n|-activate|p2b: Flutter Mane|ability: Protosynthesis|[fromitem]\n|-start|p2b: Flutter Mane|protosynthesisspa\n|turn|1\n|inactive|Delicia Delight has 30 seconds left.\n|\n|t:|1683177406\n|-end|p1b: Flutter Mane|Protosynthesis|[silent]\n|switch|p1b: Gyarados|Gyarados, L50, F|100\/100\n|-ability|p1b: Gyarados|Intimidate|boost\n|-unboost|p2a: Amoonguss|atk|1\n|-unboost|p2b: Flutter Mane|atk|1\n|move|p2b: Flutter Mane|Protect|p2b: Flutter Mane\n|-singleturn|p2b: Flutter Mane|Protect\n|move|p1a: Glimmora|Mortal Spin|p2b: Flutter Mane|[spread] p2a\n|-activate|p2b: Flutter Mane|move: Protect\n|-damage|p2a: Amoonguss|96\/100\n|move|p2a: Amoonguss|Spore|p1b: Gyarados\n|-activate|p1b: Gyarados|item: Safety Goggles|Spore\n|\n|upkeep\n|turn|2\n|inactive|mence x vgc has 30 seconds left.\n|inactive|mence x vgc has 20 seconds left.\n|inactive|mence x vgc has 15 seconds left.\n|\n|t:|1683177450\n|-end|p2b: Flutter Mane|Protosynthesis|[silent]\n|switch|p2b: Gyarados|Gyarados, L50, F, shiny|100\/100\n|-ability|p2b: Gyarados|Intimidate|boost\n|-unboost|p1a: Glimmora|atk|1\n|-unboost|p1b: Gyarados|atk|1\n|move|p1a: Glimmora|Mortal Spin|p2a: Amoonguss|[spread] p2a,p2b\n|-damage|p2a: Amoonguss|95\/100\n|-damage|p2b: Gyarados|99\/100\n|-status|p2b: Gyarados|psn\n|-enditem|p2b: Gyarados|Lum Berry|[eat]\n|-curestatus|p2b: Gyarados|psn|[msg]\n|move|p1b: Gyarados|Thunder Wave|p2a: Amoonguss\n|-status|p2a: Amoonguss|par\n|cant|p2a: Amoonguss|par\n|\n|upkeep\n|turn|3\n|inactive|Delicia Delight has 30 seconds left.\n|inactive|mence x vgc has 30 seconds left.\n|inactive|mence x vgc has 20 seconds left.\n|inactive|mence x vgc has 15 seconds left.\n|inactive|mence x vgc has 10 seconds left.\n|\n|t:|1683177499\n|switch|p1b: Flutter Mane|Flutter Mane, L50|100\/100\n|move|p1a: Glimmora|Power Gem|p2b: Gyarados\n|-supereffective|p2b: Gyarados\n|-damage|p2b: Gyarados|47\/100\n|move|p2b: Gyarados|Waterfall|p1a: Glimmora\n|-supereffective|p1a: Glimmora\n|-damage|p1a: Glimmora|47\/100\n|-activate|p1a: Glimmora|ability: Toxic Debris\n|-sidestart|p2: mence x vgc|move: Toxic Spikes\n|move|p2a: Amoonguss|Pollen Puff|p2b: Gyarados\n|-heal|p2b: Gyarados|97\/100\n|\n|upkeep\n|turn|4\n|inactive|Delicia Delight has 30 seconds left.\n|inactive|mence x vgc has 30 seconds left.\n|\n|t:|1683177524\n|move|p1b: Flutter Mane|Hex|p2a: Amoonguss\n|-damage|p2a: Amoonguss|12\/100 par\n|-enditem|p2a: Amoonguss|Sitrus Berry|[eat]\n|-heal|p2a: Amoonguss|37\/100 par|[from] item: Sitrus Berry\n|move|p1a: Glimmora|Mortal Spin|p2a: Amoonguss|[spread] p2a,p2b\n|-damage|p2a: Amoonguss|35\/100 par\n|-damage|p2b: Gyarados|95\/100\n|-status|p2b: Gyarados|psn\n|move|p2b: Gyarados|Waterfall|p1a: Glimmora\n|-supereffective|p1a: Glimmora\n|-damage|p1a: Glimmora|0 fnt\n|-activate|p1a: Glimmora|ability: Toxic Debris\n|-sidestart|p2: mence x vgc|move: Toxic Spikes\n|faint|p1a: Glimmora\n|move|p2a: Amoonguss|Spore|p1b: Flutter Mane\n|-status|p1b: Flutter Mane|slp|[from] move: Spore\n|\n|-damage|p2b: Gyarados|83\/100 psn|[from] psn\n|upkeep\n|\n|t:|1683177539\n|switch|p1a: Gyarados|Gyarados, L50, F|100\/100\n|-ability|p1a: Gyarados|Intimidate|boost\n|-unboost|p2a: Amoonguss|atk|1\n|-unboost|p2b: Gyarados|atk|1\n|turn|5\n|inactive|mence x vgc has 30 seconds left.\n|\n|t:|1683177569\n|switch|p1a: Ting-Lu|Ting-Lu, L50|100\/100\n|-ability|p1a: Ting-Lu|Vessel of Ruin\n|switch|p2a: Flutter Mane|Flutter Mane, L50, shiny|100\/100\n|-status|p2a: Flutter Mane|tox\n|cant|p1b: Flutter Mane|slp\n|move|p2b: Gyarados|Taunt|p1a: Ting-Lu\n|-start|p1a: Ting-Lu|move: Taunt\n|\n|-damage|p2a: Flutter Mane|94\/100 tox|[from] psn\n|-damage|p2b: Gyarados|70\/100 psn|[from] psn\n|upkeep\n|turn|6\n|\n|t:|1683177593\n|-end|p1b: Flutter Mane|Protosynthesis|[silent]\n|switch|p1b: Gyarados|Gyarados, L50, F|100\/100\n|-ability|p1b: Gyarados|Intimidate|boost\n|-unboost|p2a: Flutter Mane|atk|1\n|-unboost|p2b: Gyarados|atk|1\n|switch|p2b: Amoonguss|Amoonguss, L50, F, shiny|68\/100 par\n|-sideend|p2: mence x vgc|move: Toxic Spikes|[of] p2b: Amoonguss\n|-terastallize|p1a: Ting-Lu|Fire\n|move|p2a: Flutter Mane|Protect|p2a: Flutter Mane\n|-singleturn|p2a: Flutter Mane|Protect\n|move|p1a: Ting-Lu|Rock Slide|p2a: Flutter Mane|[spread] p2b\n|-activate|p2a: Flutter Mane|move: Protect\n|-damage|p2b: Amoonguss|44\/100 par\n|\n|-damage|p2a: Flutter Mane|82\/100 tox|[from] psn\n|upkeep\n|turn|7\n|\n|t:|1683177614\n|-end|p2a: Flutter Mane|Protosynthesis|[silent]\n|switch|p2a: Gyarados|Gyarados, L50, F, shiny|70\/100 psn\n|-ability|p2a: Gyarados|Intimidate|boost\n|-unboost|p1a: Ting-Lu|atk|1\n|-unboost|p1b: Gyarados|atk|1\n|move|p1b: Gyarados|Waterfall|p2b: Amoonguss\n|-resisted|p2b: Amoonguss\n|-damage|p2b: Amoonguss|36\/100 par\n|move|p1a: Ting-Lu|Rock Slide|p2b: Amoonguss|[spread] p2a,p2b\n|-supereffective|p2a: Gyarados\n|-damage|p2a: Gyarados|40\/100 psn\n|-damage|p2b: Amoonguss|20\/100 par\n|move|p2b: Amoonguss|Pollen Puff|p2a: Gyarados\n|-heal|p2a: Gyarados|90\/100 psn\n|\n|-damage|p2a: Gyarados|77\/100 psn|[from] psn\n|-end|p1a: Ting-Lu|move: Taunt\n|upkeep\n|turn|8\n|inactive|Delicia Delight has 30 seconds left.\n|inactive|Delicia Delight has 20 seconds left.\n|inactive|Delicia Delight has 15 seconds left.\n|inactive|Delicia Delight has 10 seconds left.\n|\n|t:|1683177661\n|switch|p1a: Flutter Mane|Flutter Mane, L50|100\/100 slp\n|cant|p2b: Amoonguss|par\n|move|p1b: Gyarados|Waterfall|p2b: Amoonguss\n|-resisted|p2b: Amoonguss\n|-damage|p2b: Amoonguss|11\/100 par\n|move|p2a: Gyarados|Waterfall|p1a: Flutter Mane\n|-damage|p1a: Flutter Mane|45\/100 slp\n|\n|-damage|p2a: Gyarados|65\/100 psn|[from] psn\n|upkeep\n|turn|9\n|inactive|Delicia Delight has 30 seconds left.\n|inactive|mence x vgc has 30 seconds left.\n|inactive|mence x vgc has 20 seconds left.\n|inactive|mence x vgc has 15 seconds left.\n|\n|t:|1683177706\n|cant|p1a: Flutter Mane|slp\n|move|p1b: Gyarados|Waterfall|p2b: Amoonguss\n|-resisted|p2b: Amoonguss\n|-damage|p2b: Amoonguss|3\/100 par\n|move|p2a: Gyarados|Waterfall|p1a: Flutter Mane\n|-damage|p1a: Flutter Mane|0 fnt\n|faint|p1a: Flutter Mane\n|-end|p1a: Flutter Mane|Protosynthesis|[silent]\n|move|p2b: Amoonguss|Pollen Puff|p2a: Gyarados\n|-heal|p2a: Gyarados|100\/100 psn\n|\n|-damage|p2a: Gyarados|88\/100 psn|[from] psn\n|upkeep\n|\n|t:|1683177717\n|switch|p1a: Ting-Lu|Ting-Lu, L50, tera:Fire|100\/100\n|-ability|p1a: Ting-Lu|Vessel of Ruin\n|turn|10\n|inactive|mence x vgc has 30 seconds left.\n|\n|t:|1683177752\n|move|p1b: Gyarados|Waterfall|p2a: Gyarados\n|-resisted|p2a: Gyarados\n|-damage|p2a: Gyarados|79\/100 psn\n|move|p2a: Gyarados|Waterfall|p1a: Ting-Lu\n|-supereffective|p1a: Ting-Lu\n|-crit|p1a: Ting-Lu\n|-damage|p1a: Ting-Lu|40\/100\n|move|p1a: Ting-Lu|Rock Slide|p2b: Amoonguss|[spread] p2a,p2b\n|-supereffective|p2a: Gyarados\n|-damage|p2a: Gyarados|32\/100 psn\n|-damage|p2b: Amoonguss|0 fnt\n|faint|p2b: Amoonguss\n|\n|-damage|p2a: Gyarados|20\/100 psn|[from] psn\n|upkeep\n|inactive|mence x vgc has 30 seconds left.\n|inactive|mence x vgc has 20 seconds left.\n|inactive|mence x vgc has 15 seconds left.\n|inactive|mence x vgc has 10 seconds left.\n|\n|t:|1683177800\n|switch|p2b: Chi-Yu|Chi-Yu, L50|100\/100\n|-ability|p2b: Chi-Yu|Beads of Ruin\n|turn|11\n|inactive|Delicia Delight has 30 seconds left.\n|inactive|Delicia Delight has 20 seconds left.\n|\n|t:|1683177837\n|-terastallize|p2b: Chi-Yu|Grass\n|move|p2b: Chi-Yu|Dark Pulse|p1a: Ting-Lu\n|-crit|p1a: Ting-Lu\n|-damage|p1a: Ting-Lu|0 fnt\n|faint|p1a: Ting-Lu\n|move|p1b: Gyarados|Waterfall|p2a: Gyarados\n|-resisted|p2a: Gyarados\n|-damage|p2a: Gyarados|11\/100 psn\n|move|p2a: Gyarados|Waterfall|p1b: Gyarados\n|-resisted|p1b: Gyarados\n|-damage|p1b: Gyarados|85\/100\n|\n|-damage|p2a: Gyarados|0 fnt|[from] psn\n|faint|p2a: Gyarados\n|upkeep\n|\n|t:|1683177844\n|switch|p2a: Flutter Mane|Flutter Mane, L50, shiny|82\/100 tox\n|turn|12\n|-message|Delicia Delight forfeited.\n|\n|win|mence x vgc\n|raw|Delicia Delight's rating: 1423 → 1401<\/strong> (-22 for losing)\n|raw|mence x vgc's rating: 1382 → 1404<\/strong> (+22 for winning)\n|l|\u2606Delicia Delight\n","uploadtime":1683177853,"views":8,"p1id":"deliciadelight","p2id":"mencexvgc","formatid":"gen9vgc2023regulationc","rating":1401,"private":0,"password":""}