{"id":"gen9vgc2023regulationc-1852391074","p1":"rubyrosemary","p2":"b(R)2","format":"[Gen 9] VGC 2023 Regulation C","log":"|j|\u2606rubyrosemary\n|j|\u2606b(R)2\n|t:|1682551806\n|gametype|doubles\n|player|p1|rubyrosemary|2|1245\n|player|p2|b(R)2|266|1280\n|teamsize|p1|6\n|teamsize|p2|6\n|gen|9\n|tier|[Gen 9] VGC 2023 Regulation C\n|rated|\n|rule|Species Clause: Limit one of each Pok\u00e9mon\n|rule|Item Clause: Limit one of each item\n|clearpoke\n|poke|p1|Tatsugiri, L50, M|\n|poke|p1|Dondozo, L50, F|\n|poke|p1|Armarouge, L50, M|\n|poke|p1|Indeedee-F, L50, F|\n|poke|p1|Annihilape, L50, F|\n|poke|p1|Iron Bundle, L50|\n|poke|p2|Ting-Lu, L50|\n|poke|p2|Amoonguss, L50, M|\n|poke|p2|Garganacl, L50, M|\n|poke|p2|Arcanine, L50, F|\n|poke|p2|Roaring Moon, L50|\n|poke|p2|Iron Bundle, L50|\n|teampreview|4\n|inactive|Battle timer is ON: inactive players will automatically lose when time's up. (requested by rubyrosemary)\nb(R)2 has agreed to open team sheets.\n|inactive|rubyrosemary has 60 seconds left.\n|\n|t:|1682551843\n|start\n|switch|p1a: Dondozo|Dondozo, L50, F|100\/100\n|switch|p1b: Indeedee|Indeedee-F, L50, F|100\/100\n|switch|p2a: Roaring Moon|Roaring Moon, L50|100\/100\n|switch|p2b: Ting-Lu|Ting-Lu, L50|100\/100\n|-fieldstart|move: Psychic Terrain|[from] ability: Psychic Surge|[of] p1b: Indeedee\n|-enditem|p1b: Indeedee|Psychic Seed\n|-boost|p1b: Indeedee|spd|1|[from] item: Psychic Seed\n|-ability|p2b: Ting-Lu|Vessel of Ruin\n|-enditem|p2a: Roaring Moon|Booster Energy\n|-activate|p2a: Roaring Moon|ability: Protosynthesis|[fromitem]\n|-start|p2a: Roaring Moon|protosynthesisatk\n|turn|1\n|inactive|rubyrosemary has 30 seconds left.\n|inactive|b(R)2 has 30 seconds left.\n|inactive|rubyrosemary has 20 seconds left.\n|inactive|b(R)2 has 20 seconds left.\n|inactive|b(R)2 has 15 seconds left.\n|\n|t:|1682551887\n|-terastallize|p2b: Ting-Lu|Poison\n|move|p1b: Indeedee|Helping Hand|p1a: Dondozo\n|-singleturn|p1a: Dondozo|Helping Hand|[of] p1b: Indeedee\n|move|p2a: Roaring Moon|Jaw Lock|p1b: Indeedee\n|-supereffective|p1b: Indeedee\n|-damage|p1b: Indeedee|0 fnt\n|faint|p1b: Indeedee\n|move|p1a: Dondozo|Wave Crash|p2b: Ting-Lu\n|-damage|p2b: Ting-Lu|59\/100\n|-damage|p1a: Dondozo|85\/100|[from] Recoil\n|move|p2b: Ting-Lu|Ruination|p1a: Dondozo|[miss]\n|-miss|p2b: Ting-Lu|p1a: Dondozo\n|\n|-heal|p1a: Dondozo|91\/100|[from] item: Leftovers\n|upkeep\n|\n|t:|1682551900\n|switch|p1b: Annihilape|Annihilape, L50, F|100\/100\n|turn|2\n|\n|t:|1682551925\n|move|p2a: Roaring Moon|Acrobatics|p1b: Annihilape\n|-supereffective|p1b: Annihilape\n|-damage|p1b: Annihilape|0 fnt\n|faint|p1b: Annihilape\n|move|p1a: Dondozo|Earthquake|p2a: Roaring Moon|[spread] p2a,p2b\n|-supereffective|p2b: Ting-Lu\n|-damage|p2a: Roaring Moon|76\/100\n|-damage|p2b: Ting-Lu|37\/100\n|move|p2b: Ting-Lu|Stomping Tantrum|p1a: Dondozo\n|-damage|p1a: Dondozo|40\/100\n|\n|-heal|p1a: Dondozo|47\/100|[from] item: Leftovers\n|upkeep\n|\n|t:|1682551930\n|switch|p1b: Tatsugiri|Tatsugiri, L50, M|100\/100\n|-activate|p1b: Tatsugiri|ability: Commander|[of] p1a: Dondozo\n|-boost|p1a: Dondozo|atk|2\n|-boost|p1a: Dondozo|spa|2\n|-boost|p1a: Dondozo|spe|2\n|-boost|p1a: Dondozo|def|2\n|-boost|p1a: Dondozo|spd|2\n|turn|3\n|\n|t:|1682551951\n|move|p1a: Dondozo|Earthquake|p2a: Roaring Moon|[spread] p2a,p2b\n|-miss|p1a: Dondozo|p1b: Tatsugiri\n|-crit|p2a: Roaring Moon\n|-supereffective|p2b: Ting-Lu\n|-damage|p2a: Roaring Moon|13\/100\n|-damage|p2b: Ting-Lu|0 fnt\n|faint|p2b: Ting-Lu\n|move|p2a: Roaring Moon|Acrobatics|p1a: Dondozo\n|-damage|p1a: Dondozo|25\/100\n|\n|-heal|p1a: Dondozo|31\/100|[from] item: Leftovers\n|upkeep\n|\n|t:|1682551963\n|switch|p2b: Iron Bundle|Iron Bundle, L50|100\/100\n|turn|4\n|\n|t:|1682551971\n|move|p1a: Dondozo|Protect|p1a: Dondozo\n|-singleturn|p1a: Dondozo|Protect\n|move|p2b: Iron Bundle|Freeze-Dry|p1a: Dondozo\n|-activate|p1a: Dondozo|move: Protect\n|move|p2a: Roaring Moon|Acrobatics|p1a: Dondozo\n|-activate|p1a: Dondozo|move: Protect\n|\n|-heal|p1a: Dondozo|38\/100|[from] item: Leftovers\n|upkeep\n|turn|5\n|\n|t:|1682551991\n|move|p2b: Iron Bundle|Freeze-Dry|p1a: Dondozo\n|-supereffective|p1a: Dondozo\n|-damage|p1a: Dondozo|5\/100\n|-status|p1a: Dondozo|frz\n|cant|p1a: Dondozo|frz\n|move|p2a: Roaring Moon|Acrobatics|p1a: Dondozo\n|-damage|p1a: Dondozo|0 fnt\n|faint|p1a: Dondozo\n|\n|-fieldend|move: Psychic Terrain\n|upkeep\n|turn|6\n|inactive|rubyrosemary has 30 seconds left.\n|\n|t:|1682552018\n|-terastallize|p1b: Tatsugiri|Dragon\n|move|p1b: Tatsugiri|Muddy Water|p2a: Roaring Moon|[spread] p2a,p2b\n|-resisted|p2a: Roaring Moon\n|-resisted|p2b: Iron Bundle\n|-damage|p2a: Roaring Moon|0 fnt\n|-damage|p2b: Iron Bundle|68\/100\n|faint|p2a: Roaring Moon\n|-end|p2a: Roaring Moon|Protosynthesis|[silent]\n|move|p2b: Iron Bundle|Freeze-Dry|p1b: Tatsugiri\n|-supereffective|p1b: Tatsugiri\n|-damage|p1b: Tatsugiri|13\/100\n|\n|upkeep\n|\n|t:|1682552027\n|switch|p2a: Garganacl|Garganacl, L50, M|100\/100\n|turn|7\n|\n|t:|1682552032\n|move|p1b: Tatsugiri|Muddy Water|p2b: Iron Bundle|[spread] p2b\n|-miss|p1b: Tatsugiri|p2a: Garganacl\n|-resisted|p2b: Iron Bundle\n|-damage|p2b: Iron Bundle|37\/100\n|move|p2b: Iron Bundle|Freeze-Dry|p1b: Tatsugiri\n|-supereffective|p1b: Tatsugiri\n|-damage|p1b: Tatsugiri|0 fnt\n|faint|p1b: Tatsugiri\n|\n|win|b(R)2\n|raw|rubyrosemary's rating: 1245 → 1223<\/strong> (-22 for losing)\n|raw|b(R)2's rating: 1280 → 1302<\/strong> (+22 for winning)\n|l|\u2606rubyrosemary\n","uploadtime":1682552039,"views":25,"p1id":"rubyrosemary","p2id":"br2","formatid":"gen9vgc2023regulationc","rating":1223,"private":0,"password":""}