{"id":"gen9vgc2023regulationc-1852254005","p1":"GreatBob","p2":"b(R)2","format":"[Gen 9] VGC 2023 Regulation C","log":"|j|\u2606GreatBob\n|j|\u2606b(R)2\n|t:|1682537076\n|gametype|doubles\n|player|p1|GreatBob|hiker-gen4|1200\n|player|p2|b(R)2|266|1103\n|teamsize|p1|6\n|teamsize|p2|6\n|gen|9\n|tier|[Gen 9] VGC 2023 Regulation C\n|rated|\n|rule|Species Clause: Limit one of each Pok\u00e9mon\n|rule|Item Clause: Limit one of each item\n|clearpoke\n|poke|p1|Wo-Chien, L50|\n|poke|p1|Houndstone, L50, F|\n|poke|p1|Tyranitar, L50, F|\n|poke|p1|Chi-Yu, L50|\n|poke|p1|Palafin, L50, F|\n|poke|p1|Garganacl, L50, M|\n|poke|p2|Ting-Lu, L50|\n|poke|p2|Amoonguss, L50, F|\n|poke|p2|Garganacl, L50, F|\n|poke|p2|Arcanine, L50, M|\n|poke|p2|Roaring Moon, L50|\n|poke|p2|Iron Bundle, L50|\n|teampreview|4\nb(R)2 has agreed to open team sheets.\n|\n|t:|1682537113\n|start\n|switch|p1a: Palafin|Palafin, L50, F|100\/100\n|switch|p1b: Garganacl|Garganacl, L50, M|100\/100\n|switch|p2a: Roaring Moon|Roaring Moon, L50|100\/100\n|switch|p2b: Amoonguss|Amoonguss, L50, F|100\/100\n|-enditem|p2a: Roaring Moon|Booster Energy\n|-activate|p2a: Roaring Moon|ability: Protosynthesis|[fromitem]\n|-start|p2a: Roaring Moon|protosynthesisatk\n|turn|1\n|\n|t:|1682537151\n|move|p2a: Roaring Moon|Dragon Dance|p2a: Roaring Moon\n|-boost|p2a: Roaring Moon|atk|1\n|-boost|p2a: Roaring Moon|spe|1\n|move|p1a: Palafin|Flip Turn|p2b: Amoonguss\n|-resisted|p2b: Amoonguss\n|-damage|p2b: Amoonguss|90\/100\n|\n|t:|1682537171\n|detailschange|p1a: Palafin|Palafin-Hero, L50, F\n|switch|p1a: Wo-Chien|Wo-Chien, L50|100\/100|[from] Flip Turn\n|-ability|p1a: Wo-Chien|Tablets of Ruin\n|move|p1b: Garganacl|Iron Defense|p1b: Garganacl\n|-boost|p1b: Garganacl|def|2\n|move|p2b: Amoonguss|Spore|p1a: Wo-Chien\n|-immune|p1a: Wo-Chien\n|\n|upkeep\n|turn|2\n|\n|t:|1682537203\n|switch|p2b: Garganacl|Garganacl, L50, F|100\/100\n|-terastallize|p2a: Roaring Moon|Flying\n|move|p1a: Wo-Chien|Protect|p1a: Wo-Chien\n|-singleturn|p1a: Wo-Chien|Protect\n|move|p2a: Roaring Moon|Acrobatics|p1a: Wo-Chien\n|-activate|p1a: Wo-Chien|move: Protect\n|move|p1b: Garganacl|Body Press|p2a: Roaring Moon\n|-resisted|p2a: Roaring Moon\n|-damage|p2a: Roaring Moon|77\/100\n|\n|upkeep\n|turn|3\n|\n|t:|1682537230\n|-terastallize|p1a: Wo-Chien|Water\n|move|p2a: Roaring Moon|Acrobatics|p1a: Wo-Chien\n|-damage|p1a: Wo-Chien|19\/100\n|move|p1a: Wo-Chien|Ruination|p2a: Roaring Moon\n|-damage|p2a: Roaring Moon|39\/100\n|move|p1b: Garganacl|Salt Cure|p2a: Roaring Moon\n|-supereffective|p2a: Roaring Moon\n|-damage|p2a: Roaring Moon|15\/100\n|-start|p2a: Roaring Moon|Salt Cure\n|move|p2b: Garganacl|Salt Cure|p1b: Garganacl\n|-damage|p1b: Garganacl|97\/100\n|-start|p1b: Garganacl|Salt Cure\n|\n|-heal|p1a: Wo-Chien|25\/100|[from] item: Leftovers\n|-damage|p2a: Roaring Moon|3\/100|[from] Salt Cure\n|-damage|p1b: Garganacl|85\/100|[from] Salt Cure\n|upkeep\n|turn|4\n|inactive|Battle timer is ON: inactive players will automatically lose when time's up. (requested by b(R)2)\n|\n|t:|1682537338\n|move|p1a: Wo-Chien|Protect|p1a: Wo-Chien\n|-singleturn|p1a: Wo-Chien|Protect\n|move|p2a: Roaring Moon|Jaw Lock|p1b: Garganacl\n|-crit|p1b: Garganacl\n|-damage|p1b: Garganacl|16\/100\n|-activate|p2a: Roaring Moon|trapped\n|-activate|p1b: Garganacl|trapped\n|-enditem|p1b: Garganacl|Wiki Berry|[eat]\n|-heal|p1b: Garganacl|50\/100|[from] item: Wiki Berry\n|move|p2b: Garganacl|Salt Cure|p1a: Wo-Chien\n|-activate|p1a: Wo-Chien|move: Protect\n|move|p1b: Garganacl|Salt Cure|p2b: Garganacl\n|-damage|p2b: Garganacl|93\/100\n|-start|p2b: Garganacl|Salt Cure\n|\n|-heal|p1a: Wo-Chien|31\/100|[from] item: Leftovers\n|-heal|p2b: Garganacl|99\/100|[from] item: Leftovers\n|-damage|p2a: Roaring Moon|0 fnt|[from] Salt Cure\n|faint|p2a: Roaring Moon\n|-end|p2a: Roaring Moon|Protosynthesis|[silent]\n|-damage|p2b: Garganacl|86\/100|[from] Salt Cure\n|-damage|p1b: Garganacl|38\/100|[from] Salt Cure\n|upkeep\n|\n|t:|1682537357\n|switch|p2a: Amoonguss|Amoonguss, L50, F|100\/100\n|turn|5\n|\n|t:|1682537373\n|switch|p1b: Palafin|Palafin-Hero, L50, F|100\/100\n|-activate|p1b: Palafin|ability: Zero to Hero\n|move|p2a: Amoonguss|Rage Powder|p2a: Amoonguss\n|-singleturn|p2a: Amoonguss|move: Rage Powder\n|move|p1a: Wo-Chien|Leech Seed|p2a: Amoonguss\n|-immune|p2a: Amoonguss\n|move|p2b: Garganacl|Salt Cure|p1a: Wo-Chien\n|-damage|p1a: Wo-Chien|22\/100\n|-start|p1a: Wo-Chien|Salt Cure\n|\n|-heal|p1a: Wo-Chien|28\/100|[from] item: Leftovers\n|-heal|p2b: Garganacl|92\/100|[from] item: Leftovers\n|-damage|p1a: Wo-Chien|3\/100|[from] Salt Cure\n|-damage|p2b: Garganacl|80\/100|[from] Salt Cure\n|upkeep\n|turn|6\n|inactive|GreatBob has 30 seconds left.\n|\n|t:|1682537400\n|switch|p1a: Garganacl|Garganacl, L50, M|38\/100\n|move|p1b: Palafin|Wave Crash|p2b: Garganacl\n|-supereffective|p2b: Garganacl\n|-damage|p2b: Garganacl|0 fnt\n|faint|p2b: Garganacl\n|-damage|p1b: Palafin|74\/100|[from] Recoil\n|move|p2a: Amoonguss|Pollen Puff|p2: Garganacl|[notarget]\n|-fail|p2a: Amoonguss\n|\n|upkeep\n|\n|t:|1682537407\n|switch|p2b: Ting-Lu|Ting-Lu, L50|100\/100\n|-ability|p2b: Ting-Lu|Vessel of Ruin\n|turn|7\n|\n|t:|1682537419\n|move|p1b: Palafin|Jet Punch|p2b: Ting-Lu\n|-supereffective|p2b: Ting-Lu\n|-damage|p2b: Ting-Lu|47\/100\n|move|p2b: Ting-Lu|Sand Tomb|p1a: Garganacl\n|-supereffective|p1a: Garganacl\n|-damage|p1a: Garganacl|17\/100\n|-activate|p1a: Garganacl|move: Sand Tomb|[of] p2b: Ting-Lu\n|move|p1a: Garganacl|Recover|p1a: Garganacl\n|-heal|p1a: Garganacl|68\/100\n|move|p2a: Amoonguss|Spore|p1b: Palafin\n|-status|p1b: Palafin|slp|[from] move: Spore\n|\n|-damage|p1a: Garganacl|56\/100|[from] move: Sand Tomb|[partiallytrapped]\n|upkeep\n|turn|8\n|\n|t:|1682537443\n|switch|p1b: Tyranitar|Tyranitar, L50, F|100\/100\n|-weather|Sandstorm|[from] ability: Sand Stream|[of] p1b: Tyranitar\n|move|p2b: Ting-Lu|Sand Tomb|p1b: Tyranitar\n|-supereffective|p1b: Tyranitar\n|-damage|p1b: Tyranitar|73\/100\n|-activate|p1b: Tyranitar|move: Sand Tomb|[of] p2b: Ting-Lu\n|move|p1a: Garganacl|Iron Defense|p1a: Garganacl\n|-boost|p1a: Garganacl|def|2\n|move|p2a: Amoonguss|Pollen Puff|p2b: Ting-Lu\n|-heal|p2b: Ting-Lu|97\/100\n|\n|-weather|Sandstorm|[upkeep]\n|-damage|p2a: Amoonguss|95\/100|[from] Sandstorm\n|-damage|p1b: Tyranitar|61\/100|[from] move: Sand Tomb|[partiallytrapped]\n|-damage|p1a: Garganacl|43\/100|[from] move: Sand Tomb|[partiallytrapped]\n|upkeep\n|turn|9\n|inactive|GreatBob has 30 seconds left.\n|inactive|b(R)2 has 30 seconds left.\n|\n|t:|1682537471\n|move|p2a: Amoonguss|Protect|p2a: Amoonguss\n|-singleturn|p2a: Amoonguss|Protect\n|move|p1b: Tyranitar|Low Kick|p2b: Ting-Lu\n|-supereffective|p2b: Ting-Lu\n|-damage|p2b: Ting-Lu|49\/100\n|move|p2b: Ting-Lu|Stomping Tantrum|p1a: Garganacl\n|-supereffective|p1a: Garganacl\n|-damage|p1a: Garganacl|22\/100\n|move|p1a: Garganacl|Recover|p1a: Garganacl\n|-heal|p1a: Garganacl|72\/100\n|\n|-weather|Sandstorm|[upkeep]\n|-damage|p2a: Amoonguss|89\/100|[from] Sandstorm\n|-damage|p1b: Tyranitar|49\/100|[from] move: Sand Tomb|[partiallytrapped]\n|-damage|p1a: Garganacl|60\/100|[from] move: Sand Tomb|[partiallytrapped]\n|upkeep\n|turn|10\n|inactive|GreatBob has 30 seconds left.\n|inactive|b(R)2 has 30 seconds left.\n|\n|t:|1682537499\n|move|p1b: Tyranitar|Rock Slide|p2b: Ting-Lu|[spread] p2a,p2b\n|-resisted|p2b: Ting-Lu\n|-damage|p2a: Amoonguss|65\/100\n|-damage|p2b: Ting-Lu|41\/100\n|move|p2b: Ting-Lu|Stomping Tantrum|p1b: Tyranitar\n|-supereffective|p1b: Tyranitar\n|-damage|p1b: Tyranitar|0 fnt\n|faint|p1b: Tyranitar\n|move|p1a: Garganacl|Salt Cure|p2b: Ting-Lu\n|-resisted|p2b: Ting-Lu\n|-damage|p2b: Ting-Lu|37\/100\n|-start|p2b: Ting-Lu|Salt Cure\n|move|p2a: Amoonguss|Spore|p1a: Garganacl\n|-immune|p1a: Garganacl|[from] ability: Purifying Salt\n|\n|-weather|Sandstorm|[upkeep]\n|-damage|p2a: Amoonguss|60\/100|[from] Sandstorm\n|-damage|p2b: Ting-Lu|24\/100|[from] Salt Cure\n|-damage|p1a: Garganacl|48\/100|[from] move: Sand Tomb|[partiallytrapped]\n|upkeep\n|inactive|GreatBob has 30 seconds left.\n|\n|t:|1682537527\n|switch|p1b: Palafin|Palafin-Hero, L50, F|74\/100 slp\n|turn|11\n|\n|t:|1682537540\n|cant|p1b: Palafin|slp\n|move|p2b: Ting-Lu|Stomping Tantrum|p1b: Palafin\n|-damage|p1b: Palafin|42\/100 slp\n|move|p1a: Garganacl|Recover|p1a: Garganacl\n|-heal|p1a: Garganacl|99\/100\n|move|p2a: Amoonguss|Pollen Puff|p2b: Ting-Lu\n|-heal|p2b: Ting-Lu|74\/100\n|\n|-weather|Sandstorm|[upkeep]\n|-damage|p1b: Palafin|36\/100 slp|[from] Sandstorm\n|-damage|p2a: Amoonguss|54\/100|[from] Sandstorm\n|-damage|p2b: Ting-Lu|62\/100|[from] Salt Cure\n|-end|p1a: Garganacl|Sand Tomb|[partiallytrapped]\n|upkeep\n|turn|12\n|\n|t:|1682537564\n|cant|p1b: Palafin|slp\n|move|p2b: Ting-Lu|Sand Tomb|p1b: Palafin\n|-damage|p1b: Palafin|22\/100 slp\n|-activate|p1b: Palafin|move: Sand Tomb|[of] p2b: Ting-Lu\n|move|p1a: Garganacl|Iron Defense|p1a: Garganacl\n|-boost|p1a: Garganacl|def|2\n|move|p2a: Amoonguss|Pollen Puff|p2b: Ting-Lu\n|-heal|p2b: Ting-Lu|100\/100\n|\n|-weather|none\n|-damage|p1b: Palafin|10\/100 slp|[from] move: Sand Tomb|[partiallytrapped]\n|-damage|p2b: Ting-Lu|88\/100|[from] Salt Cure\n|upkeep\n|turn|13\n|\n|t:|1682537587\n|move|p2a: Amoonguss|Rage Powder|p2a: Amoonguss\n|-singleturn|p2a: Amoonguss|move: Rage Powder\n|-curestatus|p1b: Palafin|slp|[msg]\n|move|p1b: Palafin|Flip Turn|p2a: Amoonguss\n|-resisted|p2a: Amoonguss\n|-damage|p2a: Amoonguss|34\/100\n|-enditem|p2a: Amoonguss|Sitrus Berry|[eat]\n|-heal|p2a: Amoonguss|59\/100|[from] item: Sitrus Berry\n|\n|t:|1682537594\n|switch|p1b: Wo-Chien|Wo-Chien, L50, tera:Water|3\/100|[from] Flip Turn\n|-ability|p1b: Wo-Chien|Tablets of Ruin\n|move|p2b: Ting-Lu|Sand Tomb|p1a: Garganacl\n|-supereffective|p1a: Garganacl\n|-damage|p1a: Garganacl|93\/100\n|-activate|p1a: Garganacl|move: Sand Tomb|[of] p2b: Ting-Lu\n|move|p1a: Garganacl|Body Press|p2a: Amoonguss\n|-resisted|p2a: Amoonguss\n|-damage|p2a: Amoonguss|35\/100\n|\n|-heal|p1b: Wo-Chien|9\/100|[from] item: Leftovers\n|-damage|p2b: Ting-Lu|76\/100|[from] Salt Cure\n|-damage|p1a: Garganacl|81\/100|[from] move: Sand Tomb|[partiallytrapped]\n|upkeep\n|turn|14\n|\n|t:|1682537619\n|move|p1b: Wo-Chien|Protect|p1b: Wo-Chien\n|-singleturn|p1b: Wo-Chien|Protect\n|move|p2a: Amoonguss|Protect|p2a: Amoonguss\n|-singleturn|p2a: Amoonguss|Protect\n|move|p2b: Ting-Lu|Stomping Tantrum|p1b: Wo-Chien\n|-activate|p1b: Wo-Chien|move: Protect\n|move|p1a: Garganacl|Salt Cure|p2a: Amoonguss\n|-activate|p2a: Amoonguss|move: Protect\n|\n|-heal|p1b: Wo-Chien|16\/100|[from] item: Leftovers\n|-damage|p2b: Ting-Lu|64\/100|[from] Salt Cure\n|-damage|p1a: Garganacl|69\/100|[from] move: Sand Tomb|[partiallytrapped]\n|upkeep\n|turn|15\n|\n|t:|1682537641\n|move|p2a: Amoonguss|Rage Powder|p2a: Amoonguss\n|-singleturn|p2a: Amoonguss|move: Rage Powder\n|move|p1b: Wo-Chien|Leech Seed|p2a: Amoonguss\n|-immune|p2a: Amoonguss\n|move|p2b: Ting-Lu|Stomping Tantrum|p1b: Wo-Chien\n|-crit|p1b: Wo-Chien\n|-damage|p1b: Wo-Chien|0 fnt\n|faint|p1b: Wo-Chien\n|move|p1a: Garganacl|Salt Cure|p2a: Amoonguss\n|-damage|p2a: Amoonguss|23\/100\n|-start|p2a: Amoonguss|Salt Cure\n|\n|-damage|p2b: Ting-Lu|51\/100|[from] Salt Cure\n|-damage|p1a: Garganacl|57\/100|[from] move: Sand Tomb|[partiallytrapped]\n|-damage|p2a: Amoonguss|11\/100|[from] Salt Cure\n|upkeep\n|\n|t:|1682537657\n|switch|p1b: Palafin|Palafin-Hero, L50, F|10\/100\n|turn|16\n|\n|t:|1682537668\n|move|p2a: Amoonguss|Rage Powder|p2a: Amoonguss\n|-singleturn|p2a: Amoonguss|move: Rage Powder\n|move|p1b: Palafin|Jet Punch|p2a: Amoonguss\n|-resisted|p2a: Amoonguss\n|-damage|p2a: Amoonguss|0 fnt\n|faint|p2a: Amoonguss\n|move|p2b: Ting-Lu|Ruination|p1a: Garganacl\n|-damage|p1a: Garganacl|29\/100\n|move|p1a: Garganacl|Recover|p1a: Garganacl\n|-heal|p1a: Garganacl|79\/100\n|\n|-damage|p2b: Ting-Lu|39\/100|[from] Salt Cure\n|-damage|p1a: Garganacl|67\/100|[from] move: Sand Tomb|[partiallytrapped]\n|upkeep\n|turn|17\n|\n|t:|1682537684\n|move|p1b: Palafin|Jet Punch|p2b: Ting-Lu\n|-supereffective|p2b: Ting-Lu\n|-damage|p2b: Ting-Lu|0 fnt\n|faint|p2b: Ting-Lu\n|\n|win|GreatBob\n|raw|GreatBob's rating: 1200 → 1218<\/strong> (+18 for winning)\n|raw|b(R)2's rating: 1103 → 1085<\/strong> (-18 for losing)\n","uploadtime":1682537689,"views":24,"p1id":"greatbob","p2id":"br2","formatid":"gen9vgc2023regulationc","rating":1085,"private":0,"password":""}