{"id":"gen9vgc2023regulationc-1848040709","p1":"mkdestroyer","p2":"ToastNoButter","format":"[Gen 9] VGC 2023 Regulation C","log":"|j|\u2606mkdestroyer\n|j|\u2606ToastNoButter\n|t:|1682023292\n|gametype|doubles\n|player|p1|mkdestroyer|2|\n|player|p2|ToastNoButter|roxanne-gen6|\n|teamsize|p1|6\n|teamsize|p2|6\n|gen|9\n|tier|[Gen 9] VGC 2023 Regulation C\n|rated|Tournament battle\n|rule|Species Clause: Limit one of each Pok\u00e9mon\n|rule|Item Clause: Limit one of each item\n|clearpoke\n|poke|p1|Flutter Mane, L50|\n|poke|p1|Tatsugiri, L50, F|\n|poke|p1|Flamigo, L50, M|\n|poke|p1|Dondozo, L50, M|\n|poke|p1|Gholdengo, L50|\n|poke|p1|Maushold, L50|\n|poke|p2|Murkrow, L50, M|\n|poke|p2|Chi-Yu, L50|\n|poke|p2|Flutter Mane, L50|\n|poke|p2|Great Tusk, L50|\n|poke|p2|Brute Bonnet, L50|\n|poke|p2|Corviknight, L50, M|\n|teampreview|4\nToastNoButter has agreed to open team sheets.\n|j| babiwi bewey\u2714\ufe0f\n|j| heyemoboy\n|j| Emirnent\nmkdestroyer rejected open team sheets.\n|c|\u2606ToastNoButter|i just want to know if the tatsu is scarf :,\n|c|\u2606ToastNoButter|:,<\n|inactive|Battle timer is ON: inactive players will automatically lose when time's up. (requested by mkdestroyer)\n|c|\u2606mkdestroyer|stfup\n|l| heyemoboy\n|c|\u2606ToastNoButter|rude\n|c|\u2606mkdestroyer|rudemy as\n|inactive|ToastNoButter has 60 seconds left.\n|c|\u2606mkdestroyer|playfast\n|c|\u2606mkdestroyer|playerpig\n|\n|t:|1682023404\n|start\n|switch|p1a: Dondozo|Dondozo, L50, M|100\/100\n|switch|p1b: Gholdengo|Gholdengo, L50|100\/100\n|switch|p2a: Flutter Mane|Flutter Mane, L50|100\/100\n|switch|p2b: Brute Bonnet|Brute Bonnet, L50|100\/100\n|turn|1\n|j| choicebadkyurem\n|inactive|mkdestroyer has 30 seconds left.\n|inactive|ToastNoButter has 30 seconds left.\n|c| choicebadkyurem|Goooo TOASTNOBUTTER\n|inactive|ToastNoButter has 20 seconds left.\n|\n|t:|1682023439\n|-terastallize|p2a: Flutter Mane|Steel\n|-terastallize|p1b: Gholdengo|Water\n|move|p1a: Dondozo|Protect|p1a: Dondozo\n|-singleturn|p1a: Dondozo|Protect\n|move|p2a: Flutter Mane|Shadow Ball|p1b: Gholdengo\n|-damage|p1b: Gholdengo|43\/100\n|-unboost|p1b: Gholdengo|spd|1\n|move|p1b: Gholdengo|Make It Rain|p2b: Brute Bonnet|[spread] p2a,p2b\n|-resisted|p2a: Flutter Mane\n|-damage|p2a: Flutter Mane|71\/100\n|-damage|p2b: Brute Bonnet|51\/100\n|-unboost|p1b: Gholdengo|spa|1\n|move|p2b: Brute Bonnet|Spore|p1a: Dondozo\n|-activate|p1a: Dondozo|move: Protect\n|\n|upkeep\n|turn|2\n|inactive|mkdestroyer has 30 seconds left.\n|inactive|ToastNoButter has 30 seconds left.\n|inactive|ToastNoButter has 20 seconds left.\n|inactive|ToastNoButter has 15 seconds left.\n|inactive|ToastNoButter has 10 seconds left.\n|\n|t:|1682023488\n|-end|p2a: Flutter Mane|Protosynthesis|[silent]\n|switch|p2a: Murkrow|Murkrow, L50, M, shiny|100\/100\n|switch|p1b: Tatsugiri|Tatsugiri, L50, F|100\/100\n|-activate|p1b: Tatsugiri|ability: Commander|[of] p1a: Dondozo\n|-boost|p1a: Dondozo|atk|2\n|-boost|p1a: Dondozo|spa|2\n|-boost|p1a: Dondozo|spe|2\n|-boost|p1a: Dondozo|def|2\n|-boost|p1a: Dondozo|spd|2\n|move|p1a: Dondozo|Earthquake|p2b: Brute Bonnet|[spread] p2b\n|-miss|p1a: Dondozo|p1b: Tatsugiri\n|-immune|p2a: Murkrow\n|-resisted|p2b: Brute Bonnet\n|-damage|p2b: Brute Bonnet|29\/100\n|move|p2b: Brute Bonnet|Spore|p1a: Dondozo\n|-status|p1a: Dondozo|slp|[from] move: Spore\n|\n|upkeep\n|turn|3\n|\n|t:|1682023513\n|move|p2a: Murkrow|Haze|p2a: Murkrow\n|-clearallboost\n|move|p2b: Brute Bonnet|Bullet Seed|p1a: Dondozo\n|-supereffective|p1a: Dondozo\n|-damage|p1a: Dondozo|81\/100 slp\n|-supereffective|p1a: Dondozo\n|-damage|p1a: Dondozo|60\/100 slp\n|-supereffective|p1a: Dondozo\n|-damage|p1a: Dondozo|41\/100 slp\n|-supereffective|p1a: Dondozo\n|-damage|p1a: Dondozo|22\/100 slp\n|-supereffective|p1a: Dondozo\n|-damage|p1a: Dondozo|4\/100 slp\n|-hitcount|p1a: Dondozo|5\n|cant|p1a: Dondozo|slp\n|\n|-heal|p1a: Dondozo|10\/100 slp|[from] item: Leftovers\n|upkeep\n|turn|4\n|\n|t:|1682023528\n|move|p2a: Murkrow|Foul Play|p1a: Dondozo\n|-damage|p1a: Dondozo|0 fnt\n|faint|p1a: Dondozo\n|move|p2b: Brute Bonnet|Bullet Seed|p1b: Tatsugiri\n|-damage|p1b: Tatsugiri|77\/100\n|-crit|p1b: Tatsugiri\n|-damage|p1b: Tatsugiri|37\/100\n|-damage|p1b: Tatsugiri|12\/100\n|-damage|p1b: Tatsugiri|0 fnt\n|faint|p1b: Tatsugiri\n|-hitcount|p1: Tatsugiri|4\n|\n|upkeep\n|\n|t:|1682023532\n|switch|p1b: Flutter Mane|Flutter Mane, L50|100\/100\n|switch|p1a: Gholdengo|Gholdengo, L50, tera:Water|43\/100\n|-enditem|p1b: Flutter Mane|Booster Energy\n|-activate|p1b: Flutter Mane|ability: Protosynthesis|[fromitem]\n|-start|p1b: Flutter Mane|protosynthesisspe\n|turn|5\n|\n|t:|1682023544\n|move|p2a: Murkrow|Tailwind|p2a: Murkrow\n|-sidestart|p2: ToastNoButter|move: Tailwind\n|move|p2b: Brute Bonnet|Sucker Punch|p1b: Flutter Mane\n|-damage|p1b: Flutter Mane|15\/100\n|move|p1b: Flutter Mane|Shadow Ball|p2a: Murkrow\n|-resisted|p2a: Murkrow\n|-damage|p2a: Murkrow|80\/100\n|move|p1a: Gholdengo|Thunderbolt|p2a: Murkrow\n|-supereffective|p2a: Murkrow\n|-damage|p2a: Murkrow|0 fnt\n|faint|p2a: Murkrow\n|\n|upkeep\n|\n|t:|1682023550\n|switch|p2a: Flutter Mane|Flutter Mane, L50, tera:Steel|71\/100\n|turn|6\n|c|\u2606ToastNoButter|gg\n|\n|t:|1682023562\n|move|p2b: Brute Bonnet|Sucker Punch|p1a: Gholdengo\n|-damage|p1a: Gholdengo|8\/100\n|move|p2a: Flutter Mane|Dazzling Gleam|p1a: Gholdengo|[spread] p1a,p1b\n|-damage|p1a: Gholdengo|0 fnt\n|-damage|p1b: Flutter Mane|0 fnt\n|faint|p1a: Gholdengo\n|faint|p1b: Flutter Mane\n|-end|p1b: Flutter Mane|Protosynthesis|[silent]\n|\n|win|ToastNoButter\n|n|\u2606mkdestroyer|mkdestroyer\n|n|\u2606ToastNoButter|toastnobutter\n|n| babiwi bewey\u2714\ufe0f|babiwibewey\n|n| Emirnent|emirnent\n|n| choicebadkyurem|choicebadkyurem\n","uploadtime":1682023567,"views":10,"p1id":"mkdestroyer","p2id":"toastnobutter","formatid":"gen9vgc2023regulationc","rating":0,"private":0,"password":""}