{"id":"gen9vgc2023regulationc-1861947366","p1":"simonxl","p2":"dreamsfish","format":"[Gen 9] VGC 2023 Regulation C","log":"|j|\u2606simonxl\n|j|\u2606dreamsfish\n|t:|1683823192\n|gametype|doubles\n|player|p1|simonxl|102|1180\n|player|p2|dreamsfish|nate|1231\n|teamsize|p1|6\n|teamsize|p2|6\n|gen|9\n|tier|[Gen 9] VGC 2023 Regulation C\n|rated|\n|rule|Species Clause: Limit one of each Pok\u00e9mon\n|rule|Item Clause: Limit one of each item\n|clearpoke\n|poke|p1|Maushold, L50|\n|poke|p1|Annihilape, L50, M|\n|poke|p1|Chi-Yu, L50|\n|poke|p1|Iron Bundle, L50|\n|poke|p1|Gyarados, L50, F|\n|poke|p1|Amoonguss, L50, M|\n|poke|p2|Indeedee-F, L50, F|\n|poke|p2|Hatterene, L50, F|\n|poke|p2|Iron Bundle, L50|\n|poke|p2|Abomasnow, L50, F|\n|poke|p2|Ceruledge, L50, F|\n|poke|p2|Kingambit, L50, M|\n|teampreview|4\ndreamsfish has agreed to open team sheets.\n|\n|t:|1683823268\n|start\n|switch|p1a: Maushold|Maushold, L50|100\/100\n|switch|p1b: Chi-Yu|Chi-Yu, L50|100\/100\n|switch|p2a: Indeedee|Indeedee-F, L50, F|100\/100\n|switch|p2b: Hatterene|Hatterene, L50, F|100\/100\n|-ability|p1b: Chi-Yu|Beads of Ruin\n|-fieldstart|move: Psychic Terrain|[from] ability: Psychic Surge|[of] p2a: Indeedee\n|-enditem|p2a: Indeedee|Psychic Seed\n|-boost|p2a: Indeedee|spd|1|[from] item: Psychic Seed\n|turn|1\n|\n|t:|1683823319\n|-terastallize|p2a: Indeedee|Fairy\n|move|p2a: Indeedee|Follow Me|p2a: Indeedee\n|-singleturn|p2a: Indeedee|move: Follow Me\n|move|p1a: Maushold|Super Fang|p2a: Indeedee\n|-damage|p2a: Indeedee|51\/100\n|move|p1b: Chi-Yu|Dark Pulse|p2a: Indeedee\n|-resisted|p2a: Indeedee\n|-damage|p2a: Indeedee|33\/100\n|move|p2b: Hatterene|Trick Room|p2b: Hatterene\n|-fieldstart|move: Trick Room|[of] p2b: Hatterene\n|\n|upkeep\n|turn|2\n|\n|t:|1683823336\n|move|p2a: Indeedee|Helping Hand|p2b: Hatterene\n|-singleturn|p2b: Hatterene|Helping Hand|[of] p2a: Indeedee\n|move|p1a: Maushold|Protect|p1a: Maushold\n|-singleturn|p1a: Maushold|Protect\n|move|p2b: Hatterene|Dazzling Gleam|p1b: Chi-Yu|[spread] p1b\n|-activate|p1a: Maushold|move: Protect\n|-damage|p1b: Chi-Yu|55\/100\n|-damage|p2b: Hatterene|91\/100|[from] item: Life Orb\n|move|p1b: Chi-Yu|Heat Wave|p2a: Indeedee|[spread] p2a,p2b\n|-damage|p2a: Indeedee|0 fnt\n|-damage|p2b: Hatterene|42\/100\n|faint|p2a: Indeedee\n|\n|-heal|p1b: Chi-Yu|60\/100|[from] item: Leftovers\n|upkeep\n|\n|t:|1683823356\n|switch|p2a: Ceruledge|Ceruledge, L50, F|100\/100\n|turn|3\n|\n|t:|1683823388\n|move|p1a: Maushold|Follow Me|p1a: Maushold\n|-singleturn|p1a: Maushold|move: Follow Me\n|move|p2b: Hatterene|Dazzling Gleam|p1a: Maushold|[spread] p1a,p1b\n|-damage|p1a: Maushold|50\/100\n|-damage|p1b: Chi-Yu|27\/100\n|-damage|p2b: Hatterene|33\/100|[from] item: Life Orb\n|move|p2a: Ceruledge|Bitter Blade|p1a: Maushold\n|-damage|p1a: Maushold|0 fnt\n|faint|p1a: Maushold\n|move|p1b: Chi-Yu|Dark Pulse|p2a: Ceruledge\n|-supereffective|p2a: Ceruledge\n|-damage|p2a: Ceruledge|0 fnt\n|faint|p2a: Ceruledge\n|\n|-heal|p1b: Chi-Yu|33\/100|[from] item: Leftovers\n|upkeep\n|\n|t:|1683823405\n|switch|p2a: Kingambit|Kingambit, L50, M|100\/100\n|switch|p1a: Amoonguss|Amoonguss, L50, M|100\/100\n|turn|4\n|\n|t:|1683823427\n|move|p2b: Hatterene|Psychic|p1a: Amoonguss\n|-supereffective|p1a: Amoonguss\n|-damage|p1a: Amoonguss|0 fnt\n|faint|p1a: Amoonguss\n|-damage|p2b: Hatterene|23\/100|[from] item: Life Orb\n|move|p2a: Kingambit|Kowtow Cleave|p1b: Chi-Yu\n|-resisted|p1b: Chi-Yu\n|-damage|p1b: Chi-Yu|6\/100\n|move|p1b: Chi-Yu|Heat Wave|p2a: Kingambit|[spread] p2a,p2b\n|-supereffective|p2a: Kingambit\n|-damage|p2a: Kingambit|7\/100\n|-damage|p2b: Hatterene|0 fnt\n|faint|p2b: Hatterene\n|\n|-heal|p1b: Chi-Yu|11\/100|[from] item: Leftovers\n|upkeep\n|\n|t:|1683823443\n|switch|p1a: Annihilape|Annihilape, L50, M|100\/100\n|turn|5\n|\n|t:|1683823451\n|move|p1a: Annihilape|Protect|p1a: Annihilape\n|-singleturn|p1a: Annihilape|Protect\n|move|p1b: Chi-Yu|Protect|p1b: Chi-Yu\n|-singleturn|p1b: Chi-Yu|Protect\n|move|p2a: Kingambit|Kowtow Cleave|p1b: Chi-Yu\n|-activate|p1b: Chi-Yu|move: Protect\n|\n|-heal|p1b: Chi-Yu|17\/100|[from] item: Leftovers\n|-fieldend|move: Trick Room\n|-fieldend|move: Psychic Terrain\n|upkeep\n|turn|6\n|\n|t:|1683823467\n|move|p2a: Kingambit|Sucker Punch|p1a: Annihilape\n|-damage|p1a: Annihilape|60\/100\n|move|p1b: Chi-Yu|Dark Pulse|p2a: Kingambit\n|-resisted|p2a: Kingambit\n|-damage|p2a: Kingambit|0 fnt\n|faint|p2a: Kingambit\n|\n|win|simonxl\n|raw|simonxl's rating: 1180 → 1209<\/strong> (+29 for winning)\n|raw|dreamsfish's rating: 1231 → 1202<\/strong> (-29 for losing)\n|l|\u2606dreamsfish\n|c|\u2606simonxl|GGWP\n","uploadtime":1683823494,"views":11,"p1id":"simonxl","p2id":"dreamsfish","formatid":"gen9vgc2023regulationc","rating":1202,"private":0,"password":""}