{"id":"gen9vgc2023regulationc-1849365044","p1":"buggytera","p2":"zacherybarrows","format":"[Gen 9] VGC 2023 Regulation C","log":"|j|\u2606buggytera\n|j|\u2606zacherybarrows\n|t:|1682190365\n|gametype|doubles\n|player|p1|buggytera|265|1129\n|player|p2|zacherybarrows|ethan|1138\n|teamsize|p1|6\n|teamsize|p2|6\n|gen|9\n|tier|[Gen 9] VGC 2023 Regulation C\n|rated|\n|rule|Species Clause: Limit one of each Pok\u00e9mon\n|rule|Item Clause: Limit one of each item\n|clearpoke\n|poke|p1|Annihilape, L50, F|\n|poke|p1|Ceruledge, L50, M|\n|poke|p1|Toxtricity, L50, F|\n|poke|p1|Chien-Pao, L50|\n|poke|p1|Tatsugiri, L50, F|\n|poke|p1|Corviknight, L50, M|\n|poke|p2|Palafin, L50, M|\n|poke|p2|Flutter Mane, L50|\n|poke|p2|Dragonite, L50, F|\n|poke|p2|Amoonguss, L50, F|\n|poke|p2|Chien-Pao, L50|\n|poke|p2|Ting-Lu, L50|\n|teampreview|4\n|inactive|Battle timer is ON: inactive players will automatically lose when time's up. (requested by buggytera)\n|inactive|buggytera has 60 seconds left.\n|inactive|zacherybarrows has 60 seconds left.\n|inactive|zacherybarrows has 30 seconds left.\n|\n|t:|1682190440\n|start\n|switch|p1a: Corviknight|Corviknight, L50, M|100\/100\n|switch|p1b: Chien-Pao|Chien-Pao, L50|100\/100\n|switch|p2a: Chien-Pao|Chien-Pao, L50|100\/100\n|switch|p2b: Dragonite|Dragonite, L50, F, shiny|100\/100\n|-ability|p2a: Chien-Pao|Sword of Ruin\n|-ability|p1b: Chien-Pao|Sword of Ruin\n|turn|1\n|inactive|zacherybarrows has 30 seconds left.\n|inactive|zacherybarrows has 20 seconds left.\n|inactive|zacherybarrows has 15 seconds left.\n|\n|t:|1682190480\n|switch|p1b: Annihilape|Annihilape, L50, F|100\/100\n|move|p2a: Chien-Pao|Ice Spinner|p1a: Corviknight\n|-damage|p1a: Corviknight|53\/100\n|move|p2b: Dragonite|Fire Punch|p1a: Corviknight\n|-supereffective|p1a: Corviknight\n|-damage|p1a: Corviknight|0 fnt\n|faint|p1a: Corviknight\n|\n|upkeep\n|\n|t:|1682190491\n|switch|p1a: Chien-Pao|Chien-Pao, L50|100\/100\n|-ability|p1a: Chien-Pao|Sword of Ruin\n|turn|2\n|\n|t:|1682190503\n|move|p2a: Chien-Pao|Sacred Sword|p1a: Chien-Pao\n|-supereffective|p1a: Chien-Pao\n|-enditem|p1a: Chien-Pao|Focus Sash\n|-damage|p1a: Chien-Pao|1\/100\n|move|p1a: Chien-Pao|Sacred Sword|p2a: Chien-Pao\n|-supereffective|p2a: Chien-Pao\n|-enditem|p2a: Chien-Pao|Focus Sash\n|-damage|p2a: Chien-Pao|1\/100\n|move|p1b: Annihilape|Bulk Up|p1b: Annihilape\n|-boost|p1b: Annihilape|atk|1\n|-boost|p1b: Annihilape|def|1\n|move|p2b: Dragonite|Fire Punch|p1a: Chien-Pao\n|-supereffective|p1a: Chien-Pao\n|-damage|p1a: Chien-Pao|0 fnt\n|faint|p1a: Chien-Pao\n|\n|upkeep\n|\n|t:|1682190518\n|switch|p1a: Tatsugiri|Tatsugiri, L50, F|100\/100\n|turn|3\n|\n|t:|1682190538\n|switch|p2b: Ting-Lu|Ting-Lu, L50|100\/100\n|-ability|p2b: Ting-Lu|Vessel of Ruin\n|move|p2a: Chien-Pao|Protect|p2a: Chien-Pao\n|-singleturn|p2a: Chien-Pao|Protect\n|move|p1b: Annihilape|Bulk Up|p1b: Annihilape\n|-boost|p1b: Annihilape|atk|1\n|-boost|p1b: Annihilape|def|1\n|move|p1a: Tatsugiri|Muddy Water|p2a: Chien-Pao|[spread] p2b\n|-activate|p2a: Chien-Pao|move: Protect\n|-supereffective|p2b: Ting-Lu\n|-damage|p2b: Ting-Lu|80\/100\n|\n|upkeep\n|turn|4\n|inactive|zacherybarrows has 30 seconds left.\n|inactive|zacherybarrows has 20 seconds left.\n|inactive|zacherybarrows has 15 seconds left.\n|inactive|zacherybarrows has 10 seconds left.\n|\n|t:|1682190586\n|switch|p2a: Dragonite|Dragonite, L50, F, shiny|100\/100\n|-terastallize|p2b: Ting-Lu|Ground\n|move|p1b: Annihilape|Drain Punch|p2b: Ting-Lu\n|-damage|p2b: Ting-Lu|33\/100\n|move|p1a: Tatsugiri|Icy Wind|p2a: Dragonite|[spread] p2a,p2b\n|-supereffective|p2a: Dragonite\n|-supereffective|p2b: Ting-Lu\n|-damage|p2a: Dragonite|84\/100\n|-damage|p2b: Ting-Lu|24\/100\n|-unboost|p2a: Dragonite|spe|1\n|-unboost|p2b: Ting-Lu|spe|1\n|move|p2b: Ting-Lu|Earthquake|p1a: Tatsugiri|[spread] p1a,p1b\n|-immune|p2a: Dragonite\n|-damage|p1a: Tatsugiri|32\/100\n|-damage|p1b: Annihilape|75\/100\n|\n|-heal|p1b: Annihilape|81\/100|[from] item: Leftovers\n|upkeep\n|turn|5\n|inactive|buggytera has 30 seconds left.\n|inactive|zacherybarrows has 30 seconds left.\n|inactive|zacherybarrows has 20 seconds left.\n|\n|t:|1682190624\n|move|p1b: Annihilape|Drain Punch|p2b: Ting-Lu\n|-damage|p2b: Ting-Lu|0 fnt\n|-heal|p1b: Annihilape|94\/100|[from] drain|[of] p2b: Ting-Lu\n|faint|p2b: Ting-Lu\n|move|p1a: Tatsugiri|Muddy Water|p2a: Dragonite\n|-resisted|p2a: Dragonite\n|-damage|p2a: Dragonite|67\/100\n|move|p2a: Dragonite|Dragon Claw|p1b: Annihilape\n|-damage|p1b: Annihilape|53\/100\n|\n|-heal|p1b: Annihilape|59\/100|[from] item: Leftovers\n|upkeep\n|\n|t:|1682190637\n|switch|p2b: Flutter Mane|Flutter Mane, L50, shiny|100\/100\n|turn|6\n|\n|t:|1682190660\n|-terastallize|p1a: Tatsugiri|Poison\n|move|p1b: Annihilape|Protect|p1b: Annihilape\n|-singleturn|p1b: Annihilape|Protect\n|move|p2b: Flutter Mane|Dazzling Gleam|p1a: Tatsugiri|[spread] p1a\n|-activate|p1b: Annihilape|move: Protect\n|-resisted|p1a: Tatsugiri\n|-damage|p1a: Tatsugiri|14\/100\n|move|p1a: Tatsugiri|Icy Wind|p2a: Dragonite|[spread] p2a,p2b\n|-supereffective|p2a: Dragonite\n|-damage|p2a: Dragonite|20\/100\n|-damage|p2b: Flutter Mane|87\/100\n|-unboost|p2a: Dragonite|spe|1\n|-unboost|p2b: Flutter Mane|spe|1\n|move|p2a: Dragonite|Dragon Claw|p1b: Annihilape\n|-activate|p1b: Annihilape|move: Protect\n|\n|-heal|p1b: Annihilape|65\/100|[from] item: Leftovers\n|upkeep\n|turn|7\n|inactive|buggytera has 30 seconds left.\n|\n|t:|1682190687\n|move|p2b: Flutter Mane|Dazzling Gleam|p1b: Annihilape|[spread] p1a,p1b\n|-resisted|p1a: Tatsugiri\n|-supereffective|p1b: Annihilape\n|-damage|p1a: Tatsugiri|0 fnt\n|-damage|p1b: Annihilape|0 fnt\n|faint|p1a: Tatsugiri\n|faint|p1b: Annihilape\n|\n|win|zacherybarrows\n|raw|buggytera's rating: 1129 → 1105<\/strong> (-24 for losing)\n|raw|zacherybarrows's rating: 1138 → 1162<\/strong> (+24 for winning)\n|l|\u2606buggytera\n","uploadtime":1682190700,"views":12,"p1id":"buggytera","p2id":"zacherybarrows","formatid":"gen9vgc2023regulationc","rating":1105,"private":0,"password":""}