{"id":"gen9vgc2023regulationc-1845250850","p1":"wdytyaia","p2":"The old cobba","format":"[Gen 9] VGC 2023 Regulation C","log":"|j|\u2606wdytyaia\n|j|\u2606The old cobba\n|t:|1681702191\n|gametype|doubles\n|player|p1|wdytyaia|flannery|1261\n|player|p2|The old cobba|169|1274\n|teamsize|p1|6\n|teamsize|p2|6\n|gen|9\n|tier|[Gen 9] VGC 2023 Regulation C\n|rated|\n|rule|Species Clause: Limit one of each Pok\u00e9mon\n|rule|Item Clause: Limit one of each item\n|clearpoke\n|poke|p1|Chi-Yu, L50|\n|poke|p1|Flutter Mane, L50|\n|poke|p1|Farigiraf, L50, F|\n|poke|p1|Corviknight, L50, F|\n|poke|p1|Tauros-Paldea-Aqua, L50, M|\n|poke|p1|Amoonguss, L50, M|\n|poke|p2|Lycanroc, L50, M|\n|poke|p2|Tyranitar, L50, M|\n|poke|p2|Indeedee-F, L50, F|\n|poke|p2|Armarouge, L50, M|\n|poke|p2|Annihilape, L50, F|\n|poke|p2|Amoonguss, L50, M|\n|teampreview|4\n|inactive|Battle timer is ON: inactive players will automatically lose when time's up. (requested by The old cobba)\nwdytyaia has agreed to open team sheets.\n|inactive|wdytyaia has 60 seconds left.\n|inactive|The old cobba has 60 seconds left.\n|inactive|wdytyaia has 30 seconds left.\n|\n|t:|1681702265\n|start\n|switch|p1a: Farigiraf|Farigiraf, L50, F, shiny|100\/100\n|switch|p1b: Amoonguss|Amoonguss, L50, M|100\/100\n|switch|p2a: Lycanroc|Lycanroc, L50, M|100\/100\n|switch|p2b: Annihilape|Annihilape, L50, F|100\/100\n|turn|1\n|inactive|wdytyaia has 30 seconds left.\n|inactive|The old cobba has 30 seconds left.\n|\n|t:|1681702298\n|move|p2b: Annihilape|Protect|p2b: Annihilape\n|-singleturn|p2b: Annihilape|Protect\n|move|p1a: Farigiraf|Protect|p1a: Farigiraf\n|-singleturn|p1a: Farigiraf|Protect\n|move|p2a: Lycanroc|Rock Slide|p1a: Farigiraf|[spread] p1b\n|-activate|p1a: Farigiraf|move: Protect\n|-damage|p1b: Amoonguss|77\/100\n|move|p1b: Amoonguss|Spore|p2a: Lycanroc\n|-status|p2a: Lycanroc|slp|[from] move: Spore\n|\n|upkeep\n|turn|2\n|inactive|The old cobba has 30 seconds left.\n|\n|t:|1681702325\n|cant|p2a: Lycanroc|slp\n|move|p2b: Annihilape|Bulk Up|p2b: Annihilape\n|-boost|p2b: Annihilape|atk|1\n|-boost|p2b: Annihilape|def|1\n|move|p1b: Amoonguss|Spore|p2b: Annihilape\n|-status|p2b: Annihilape|slp|[from] move: Spore\n|move|p1a: Farigiraf|Trick Room|p1a: Farigiraf\n|-fieldstart|move: Trick Room|[of] p1a: Farigiraf\n|\n|upkeep\n|turn|3\n|inactive|The old cobba has 30 seconds left.\n|\n|t:|1681702351\n|cant|p2b: Annihilape|slp\n|move|p1b: Amoonguss|Spore|p2a: Lycanroc\n|-fail|p2a: Lycanroc|slp\n|move|p1a: Farigiraf|Hyper Voice|p2a: Lycanroc|[spread] p2a\n|-immune|p2b: Annihilape\n|-resisted|p2a: Lycanroc\n|-damage|p2a: Lycanroc|71\/100 slp\n|-enditem|p1a: Farigiraf|Throat Spray\n|-boost|p1a: Farigiraf|spa|1|[from] item: Throat Spray\n|cant|p2a: Lycanroc|slp\n|\n|upkeep\n|turn|4\n|inactive|wdytyaia has 30 seconds left.\n|\n|t:|1681702380\n|move|p1b: Amoonguss|Rage Powder|p1b: Amoonguss\n|-singleturn|p1b: Amoonguss|move: Rage Powder\n|move|p1a: Farigiraf|Psychic|p2b: Annihilape\n|-supereffective|p2b: Annihilape\n|-damage|p2b: Annihilape|0 fnt\n|faint|p2b: Annihilape\n|cant|p2a: Lycanroc|slp\n|\n|upkeep\n|\n|t:|1681702391\n|switch|p2b: Armarouge|Armarouge, L50, M|100\/100\n|turn|5\n|inactive|wdytyaia has 30 seconds left.\n|inactive|wdytyaia has 20 seconds left.\n|\n|t:|1681702431\n|move|p1b: Amoonguss|Protect|p1b: Amoonguss\n|-singleturn|p1b: Amoonguss|Protect\n|move|p2b: Armarouge|Protect|p2b: Armarouge\n|-singleturn|p2b: Armarouge|Protect\n|move|p1a: Farigiraf|Hyper Voice|p2b: Armarouge|[spread] p2a\n|-activate|p2b: Armarouge|move: Protect\n|-resisted|p2a: Lycanroc\n|-damage|p2a: Lycanroc|31\/100 slp\n|-curestatus|p2a: Lycanroc|slp|[msg]\n|move|p2a: Lycanroc|Endeavor|p1b: Amoonguss\n|-activate|p1b: Amoonguss|move: Protect\n|\n|upkeep\n|turn|6\n|inactive|wdytyaia has 30 seconds left.\n|inactive|The old cobba has 30 seconds left.\n|inactive|The old cobba has 20 seconds left.\n|inactive|The old cobba has 15 seconds left.\n|\n|t:|1681702473\n|switch|p2a: Tyranitar|Tyranitar, L50, M|100\/100\n|-weather|Sandstorm|[from] ability: Sand Stream|[of] p2a: Tyranitar\n|-terastallize|p1b: Amoonguss|Water\n|move|p2b: Armarouge|Protect||[still]\n|-fail|p2b: Armarouge\n|move|p1b: Amoonguss|Pollen Puff|p2b: Armarouge\n|-damage|p2b: Armarouge|78\/100\n|move|p1a: Farigiraf|Hyper Voice|p2a: Tyranitar|[spread] p2a,p2b\n|-resisted|p2a: Tyranitar\n|-damage|p2a: Tyranitar|84\/100\n|-damage|p2b: Armarouge|19\/100\n|\n|-weather|Sandstorm|[upkeep]\n|-damage|p1b: Amoonguss|71\/100|[from] Sandstorm\n|-damage|p2b: Armarouge|14\/100|[from] Sandstorm\n|-damage|p1a: Farigiraf|94\/100|[from] Sandstorm\n|-fieldend|move: Trick Room\n|upkeep\n|turn|7\n|inactive|wdytyaia has 30 seconds left.\n|inactive|The old cobba has 30 seconds left.\n|inactive|The old cobba has 20 seconds left.\n|inactive|The old cobba has 15 seconds left.\n|inactive|wdytyaia has 20 seconds left.\n|\n|t:|1681702522\n|-terastallize|p2a: Tyranitar|Flying\n|move|p1b: Amoonguss|Rage Powder|p1b: Amoonguss\n|-singleturn|p1b: Amoonguss|move: Rage Powder\n|move|p2a: Tyranitar|Tera Blast|p1b: Amoonguss\n|-damage|p1b: Amoonguss|15\/100\n|-enditem|p1b: Amoonguss|Sitrus Berry|[eat]\n|-heal|p1b: Amoonguss|40\/100|[from] item: Sitrus Berry\n|move|p2b: Armarouge|Armor Cannon|p1b: Amoonguss\n|-resisted|p1b: Amoonguss\n|-damage|p1b: Amoonguss|13\/100\n|-unboost|p2b: Armarouge|def|1\n|-unboost|p2b: Armarouge|spd|1\n|move|p1a: Farigiraf|Hyper Voice|p2b: Armarouge|[spread] p2a,p2b\n|-crit|p2b: Armarouge\n|-damage|p2a: Tyranitar|31\/100\n|-damage|p2b: Armarouge|0 fnt\n|faint|p2b: Armarouge\n|\n|-weather|Sandstorm|[upkeep]\n|-damage|p2a: Tyranitar|25\/100|[from] Sandstorm\n|-damage|p1a: Farigiraf|88\/100|[from] Sandstorm\n|-damage|p1b: Amoonguss|7\/100|[from] Sandstorm\n|upkeep\n|\n|t:|1681702537\n|switch|p2b: Lycanroc|Lycanroc, L50, M|31\/100\n|turn|8\n|\n|t:|1681702552\n|move|p2b: Lycanroc|Rock Slide|p1b: Amoonguss|[spread] p1a,p1b\n|-damage|p1a: Farigiraf|58\/100\n|-damage|p1b: Amoonguss|0 fnt\n|faint|p1b: Amoonguss\n|move|p2a: Tyranitar|Tera Blast|p1a: Farigiraf\n|-damage|p1a: Farigiraf|0 fnt\n|faint|p1a: Farigiraf\n|\n|-weather|Sandstorm|[upkeep]\n|-damage|p2a: Tyranitar|19\/100|[from] Sandstorm\n|upkeep\n|\n|t:|1681702558\n|switch|p1a: Flutter Mane|Flutter Mane, L50|100\/100\n|switch|p1b: Tauros|Tauros-Paldea-Aqua, L50, M|100\/100\n|-ability|p1b: Tauros|Intimidate|boost\n|-unboost|p2a: Tyranitar|atk|1\n|-unboost|p2b: Lycanroc|atk|1\n|-enditem|p1a: Flutter Mane|Booster Energy\n|-activate|p1a: Flutter Mane|ability: Protosynthesis|[fromitem]\n|-start|p1a: Flutter Mane|protosynthesisspe\n|turn|9\n|\n|t:|1681702576\n|move|p1a: Flutter Mane|Protect|p1a: Flutter Mane\n|-singleturn|p1a: Flutter Mane|Protect\n|move|p1b: Tauros|Aqua Jet|p2a: Tyranitar\n|-damage|p2a: Tyranitar|0 fnt\n|faint|p2a: Tyranitar\n|move|p2b: Lycanroc|Rock Slide|p1b: Tauros|[spread] p1b\n|-activate|p1a: Flutter Mane|move: Protect\n|-resisted|p1b: Tauros\n|-damage|p1b: Tauros|89\/100\n|\n|-weather|Sandstorm|[upkeep]\n|-damage|p1a: Flutter Mane|95\/100|[from] Sandstorm\n|-damage|p1b: Tauros|83\/100|[from] Sandstorm\n|upkeep\n|turn|10\n|-message|The old cobba forfeited.\n|\n|win|wdytyaia\n|raw|wdytyaia's rating: 1261 → 1287<\/strong> (+26 for winning)\n|raw|The old cobba's rating: 1274 → 1248<\/strong> (-26 for losing)\n|l|\u2606The old cobba\n","uploadtime":1681702589,"views":5,"p1id":"wdytyaia","p2id":"theoldcobba","formatid":"gen9vgc2023regulationc","rating":1248,"private":0,"password":""}