{"id":"gen9vgc2023regulationc-1846074100","p1":"tghdfgh","p2":"Feach","format":"[Gen 9] VGC 2023 Regulation C","log":"|j|\u2606tghdfgh\n|j|\u2606Feach\n|t:|1681801923\n|gametype|doubles\n|player|p1|tghdfgh|1|1048\n|player|p2|Feach|1|1083\n|teamsize|p1|6\n|teamsize|p2|6\n|gen|9\n|tier|[Gen 9] VGC 2023 Regulation C\n|rated|\n|rule|Species Clause: Limit one of each Pok\u00e9mon\n|rule|Item Clause: Limit one of each item\n|clearpoke\n|poke|p1|Torkoal, L50, M|\n|poke|p1|Chi-Yu, L50|\n|poke|p1|Bronzong, L50|\n|poke|p1|Gastrodon, L50, F|\n|poke|p1|Grimmsnarl, L50, M|\n|poke|p1|Skeledirge, L50, M|\n|poke|p2|Amoonguss, L50, M|\n|poke|p2|Arcanine, L50, M|\n|poke|p2|Sylveon, L50, F|\n|poke|p2|Frosmoth, L50, M|\n|poke|p2|Dragapult, L50, F|\n|poke|p2|Cyclizar, L50, F|\n|teampreview|4\n|inactive|Battle timer is ON: inactive players will automatically lose when time's up. (requested by tghdfgh)\n|\n|t:|1681801957\n|start\n|switch|p1a: Grimmsnarl|Grimmsnarl, L50, M|100\/100\n|switch|p1b: Chi-Yu|Chi-Yu, L50|100\/100\n|switch|p2a: Arcanine|Arcanine, L50, M|100\/100\n|switch|p2b: Sylveon|Sylveon, L50, F|100\/100\n|-ability|p1b: Chi-Yu|Beads of Ruin\n|-ability|p2a: Arcanine|Intimidate|boost\n|-unboost|p1a: Grimmsnarl|atk|1\n|-unboost|p1b: Chi-Yu|atk|1\n|turn|1\n|\n|t:|1681801970\n|-terastallize|p2b: Sylveon|Fairy\n|move|p1a: Grimmsnarl|Fake Out|p2a: Arcanine\n|-damage|p2a: Arcanine|90\/100\n|move|p1b: Chi-Yu|Snarl|p2b: Sylveon|[spread] p2a,p2b\n|-resisted|p2b: Sylveon\n|-damage|p2a: Arcanine|69\/100\n|-damage|p2b: Sylveon|91\/100\n|-unboost|p2a: Arcanine|spa|1\n|-unboost|p2b: Sylveon|spa|1\n|move|p2b: Sylveon|Hyper Voice|p1b: Chi-Yu|[spread] p1a,p1b\n|-supereffective|p1a: Grimmsnarl\n|-damage|p1a: Grimmsnarl|2\/100\n|-damage|p1b: Chi-Yu|70\/100\n|-enditem|p2b: Sylveon|Throat Spray\n|-boost|p2b: Sylveon|spa|1|[from] item: Throat Spray\n|cant|p2a: Arcanine|flinch\n|\n|upkeep\n|turn|2\n|\n|t:|1681801989\n|move|p1b: Chi-Yu|Protect|p1b: Chi-Yu\n|-singleturn|p1b: Chi-Yu|Protect\n|move|p2a: Arcanine|Extreme Speed|p1a: Grimmsnarl\n|-damage|p1a: Grimmsnarl|0 fnt\n|faint|p1a: Grimmsnarl\n|move|p2b: Sylveon|Calm Mind|p2b: Sylveon\n|-boost|p2b: Sylveon|spa|1\n|-boost|p2b: Sylveon|spd|1\n|\n|upkeep\n|\n|t:|1681801999\n|switch|p1a: Skeledirge|Skeledirge, L50, M|100\/100\n|turn|3\n|\n|t:|1681802013\n|-terastallize|p1b: Chi-Yu|Ghost\n|move|p1b: Chi-Yu|Tera Blast|p2a: Arcanine\n|-crit|p2a: Arcanine\n|-damage|p2a: Arcanine|8\/100\n|move|p2b: Sylveon|Hyper Voice|p1a: Skeledirge|[spread] p1a,p1b\n|-resisted|p1a: Skeledirge\n|-damage|p1a: Skeledirge|43\/100\n|-damage|p1b: Chi-Yu|0 fnt\n|faint|p1b: Chi-Yu\n|move|p2a: Arcanine|Snarl|p1a: Skeledirge\n|-supereffective|p1a: Skeledirge\n|-damage|p1a: Skeledirge|25\/100\n|-unboost|p1a: Skeledirge|spa|1\n|move|p1a: Skeledirge|Encore|p2b: Sylveon\n|-start|p2b: Sylveon|Encore\n|\n|-heal|p1a: Skeledirge|31\/100|[from] item: Leftovers\n|upkeep\n|\n|t:|1681802021\n|switch|p1b: Bronzong|Bronzong, L50|100\/100\n|turn|4\n|\n|t:|1681802031\n|move|p1a: Skeledirge|Protect|p1a: Skeledirge\n|-singleturn|p1a: Skeledirge|Protect\n|move|p2b: Sylveon|Hyper Voice|p1a: Skeledirge|[spread] p1b\n|-activate|p1a: Skeledirge|move: Protect\n|-resisted|p1b: Bronzong\n|-damage|p1b: Bronzong|68\/100\n|move|p2a: Arcanine|Snarl|p1b: Bronzong|[spread] p1b\n|-activate|p1a: Skeledirge|move: Protect\n|-supereffective|p1b: Bronzong\n|-damage|p1b: Bronzong|58\/100\n|-unboost|p1b: Bronzong|spa|1\n|move|p1b: Bronzong|Trick Room|p1b: Bronzong\n|-fieldstart|move: Trick Room|[of] p1b: Bronzong\n|\n|-heal|p1a: Skeledirge|37\/100|[from] item: Leftovers\n|upkeep\n|turn|5\n|inactive|Feach has 30 seconds left.\n|\n|t:|1681802058\n|switch|p2b: Amoonguss|Amoonguss, L50, M|100\/100\n|move|p1b: Bronzong|Iron Head|p2b: Amoonguss\n|-damage|p2b: Amoonguss|78\/100\n|move|p1a: Skeledirge|Torch Song|p2b: Amoonguss\n|-supereffective|p2b: Amoonguss\n|-damage|p2b: Amoonguss|31\/100\n|-boost|p1a: Skeledirge|spa|1\n|move|p2a: Arcanine|Flare Blitz|p1b: Bronzong\n|-supereffective|p1b: Bronzong\n|-damage|p1b: Bronzong|0 fnt\n|faint|p1b: Bronzong\n|-damage|p2a: Arcanine|0 fnt|[from] Recoil\n|faint|p2a: Arcanine\n|\n|-heal|p2b: Amoonguss|37\/100|[from] item: Leftovers\n|-heal|p1a: Skeledirge|43\/100|[from] item: Leftovers\n|upkeep\n|\n|t:|1681802075\n|switch|p2a: Dragapult|Dragapult, L50, F|100\/100\n|turn|6\n|\n|t:|1681802083\n|move|p2b: Amoonguss|Protect|p2b: Amoonguss\n|-singleturn|p2b: Amoonguss|Protect\n|move|p1a: Skeledirge|Protect|p1a: Skeledirge\n|-singleturn|p1a: Skeledirge|Protect\n|move|p2a: Dragapult|Phantom Force||[still]\n|-prepare|p2a: Dragapult|Phantom Force\n|\n|-heal|p2b: Amoonguss|43\/100|[from] item: Leftovers\n|-heal|p1a: Skeledirge|48\/100|[from] item: Leftovers\n|upkeep\n|turn|7\n|-message|tghdfgh forfeited.\n|\n|win|Feach\n|raw|tghdfgh's rating: 1028 → 1016<\/strong> (-12 for losing)\n|raw|Feach's rating: 1083 → 1106<\/strong> (+23 for winning)\n|l|\u2606tghdfgh\n|c|\u2606Feach|gg\n","uploadtime":1681802103,"views":8,"p1id":"tghdfgh","p2id":"feach","formatid":"gen9vgc2023regulationc","rating":1016,"private":0,"password":""}