{"id":"gen9vgc2023regulationc-1856572858","p1":"Yellow_Jay","p2":"jaymie_12345","format":"[Gen 9] VGC 2023 Regulation C","log":"|j|\u2606Yellow_Jay\n|j|\u2606jaymie_12345\n|t:|1683077343\n|gametype|doubles\n|player|p1|Yellow_Jay|170|1057\n|player|p2|jaymie_12345|cynthia-gen4|1042\n|teamsize|p1|6\n|teamsize|p2|6\n|gen|9\n|tier|[Gen 9] VGC 2023 Regulation C\n|rated|\n|rule|Species Clause: Limit one of each Pok\u00e9mon\n|rule|Item Clause: Limit one of each item\n|clearpoke\n|poke|p1|Pikachu, L50, M|\n|poke|p1|Gengar, L50, M|\n|poke|p1|Scream Tail, L50|\n|poke|p1|Dragonite, L50, F|\n|poke|p1|Armarouge, L50, F|\n|poke|p1|Quaquaval, L50, F|\n|poke|p2|Skeledirge, L50, M|\n|poke|p2|Pawmot, L50, F|\n|poke|p2|Dragapult, L50, F|\n|poke|p2|Ceruledge, L50, F|\n|poke|p2|Tinkaton, L50, F|\n|poke|p2|Iron Bundle, L50|\n|teampreview|4\n|inactive|Battle timer is ON: inactive players will automatically lose when time's up. (requested by Yellow_Jay)\n|c|\u2606jaymie_12345|hello\n|inactive|jaymie_12345 has 60 seconds left.\n|\n|t:|1683077388\n|start\n|switch|p1a: Scream Tail|Scream Tail, L50|100\/100\n|switch|p1b: Quaquaval|Quaquaval, L50, F|100\/100\n|switch|p2a: Tinkaton|Tinkaton, L50, F|100\/100\n|switch|p2b: Ceruledge|Ceruledge, L50, F|100\/100\n|-ability|p2a: Tinkaton|Mold Breaker\n|-enditem|p1a: Scream Tail|Booster Energy\n|-activate|p1a: Scream Tail|ability: Protosynthesis|[fromitem]\n|-start|p1a: Scream Tail|protosynthesisspe\n|turn|1\n|c|\u2606Yellow_Jay|ahhahahaa\n|c|\u2606Yellow_Jay|what are you doing huuuuh4\n|c|\u2606jaymie_12345|im on my free time\n|inactive|Yellow_Jay has 30 seconds left.\n|inactive|jaymie_12345 has 30 seconds left.\n|\n|t:|1683077422\n|move|p1a: Scream Tail|Howl|p1a: Scream Tail|[spread] p1a,p1b\n|-boost|p1a: Scream Tail|atk|1\n|-boost|p1b: Quaquaval|atk|1\n|move|p2a: Tinkaton|Thunder Wave|p1a: Scream Tail\n|-status|p1a: Scream Tail|par\n|move|p1b: Quaquaval|Aqua Step|p2b: Ceruledge\n|-supereffective|p2b: Ceruledge\n|-damage|p2b: Ceruledge|0 fnt\n|-boost|p1b: Quaquaval|spe|1\n|faint|p2b: Ceruledge\n|-ability|p1b: Quaquaval|Moxie|boost\n|-boost|p1b: Quaquaval|atk|1\n|\n|upkeep\n|\n|t:|1683077439\n|switch|p2b: Iron Bundle|Iron Bundle, L50|100\/100\n|-enditem|p2b: Iron Bundle|Booster Energy\n|-activate|p2b: Iron Bundle|ability: Quark Drive|[fromitem]\n|-start|p2b: Iron Bundle|quarkdrivespa\n|turn|2\n|\n|t:|1683077457\n|move|p1b: Quaquaval|Close Combat|p2b: Iron Bundle\n|-supereffective|p2b: Iron Bundle\n|-damage|p2b: Iron Bundle|0 fnt\n|-unboost|p1b: Quaquaval|def|1\n|-unboost|p1b: Quaquaval|spd|1\n|faint|p2b: Iron Bundle\n|-end|p2b: Iron Bundle|Quark Drive|[silent]\n|-ability|p1b: Quaquaval|Moxie|boost\n|-boost|p1b: Quaquaval|atk|1\n|move|p2a: Tinkaton|Thunder Wave|p1b: Quaquaval\n|-status|p1b: Quaquaval|par\n|move|p1a: Scream Tail|Thunder Wave|p2a: Tinkaton\n|-status|p2a: Tinkaton|par\n|\n|upkeep\n|\n|t:|1683077471\n|switch|p2b: Skeledirge|Skeledirge, L50, M|100\/100\n|turn|3\n|\n|t:|1683077487\n|move|p2b: Skeledirge|Protect|p2b: Skeledirge\n|-singleturn|p2b: Skeledirge|Protect\n|move|p1a: Scream Tail|Howl|p1a: Scream Tail|[spread] p1a,p1b\n|-boost|p1a: Scream Tail|atk|1\n|-boost|p1b: Quaquaval|atk|1\n|move|p1b: Quaquaval|Brave Bird|p2b: Skeledirge\n|-activate|p2b: Skeledirge|move: Protect\n|move|p2a: Tinkaton|Gigaton Hammer|p1a: Scream Tail\n|-supereffective|p1a: Scream Tail\n|-damage|p1a: Scream Tail|37\/100 par\n|\n|upkeep\n|turn|4\n|inactive|jaymie_12345 has 30 seconds left.\n|\n|t:|1683077516\n|-terastallize|p2b: Skeledirge|Grass\n|move|p2a: Tinkaton|Protect|p2a: Tinkaton\n|-singleturn|p2a: Tinkaton|Protect\n|cant|p1a: Scream Tail|par\n|cant|p1b: Quaquaval|par\n|move|p2b: Skeledirge|Torch Song|p1a: Scream Tail\n|-damage|p1a: Scream Tail|11\/100 par\n|-boost|p2b: Skeledirge|spa|1\n|\n|upkeep\n|turn|5\n|\n|t:|1683077539\n|move|p2b: Skeledirge|Protect|p2b: Skeledirge\n|-singleturn|p2b: Skeledirge|Protect\n|move|p1a: Scream Tail|Howl|p1a: Scream Tail|[spread] p1a,p1b\n|-boost|p1a: Scream Tail|atk|1\n|-boost|p1b: Quaquaval|atk|1\n|move|p1b: Quaquaval|Brave Bird|p2b: Skeledirge\n|-activate|p2b: Skeledirge|move: Protect\n|move|p2a: Tinkaton|Gigaton Hammer|p1a: Scream Tail\n|-supereffective|p1a: Scream Tail\n|-damage|p1a: Scream Tail|0 fnt\n|faint|p1a: Scream Tail\n|-end|p1a: Scream Tail|Protosynthesis|[silent]\n|\n|upkeep\n|\n|t:|1683077552\n|switch|p1a: Armarouge|Armarouge, L50, F|100\/100\n|turn|6\n|\n|t:|1683077569\n|-terastallize|p1a: Armarouge|Dark\n|move|p2a: Tinkaton|Protect|p2a: Tinkaton\n|-singleturn|p2a: Tinkaton|Protect\n|cant|p1b: Quaquaval|par\n|move|p2b: Skeledirge|Torch Song|p1b: Quaquaval\n|-resisted|p1b: Quaquaval\n|-damage|p1b: Quaquaval|76\/100 par\n|-boost|p2b: Skeledirge|spa|1\n|move|p1a: Armarouge|Heat Wave|p2b: Skeledirge|[spread] p2b\n|-activate|p2a: Tinkaton|move: Protect\n|-supereffective|p2b: Skeledirge\n|-crit|p2b: Skeledirge\n|-damage|p2b: Skeledirge|0 fnt\n|faint|p2b: Skeledirge\n|\n|upkeep\n|turn|7\n|\n|t:|1683077588\n|cant|p1b: Quaquaval|par\n|move|p1a: Armarouge|Heat Wave|p2a: Tinkaton\n|-supereffective|p2a: Tinkaton\n|-damage|p2a: Tinkaton|10\/100 par\n|move|p2a: Tinkaton|Gigaton Hammer|p1a: Armarouge\n|-damage|p1a: Armarouge|67\/100\n|\n|upkeep\n|turn|8\n|\n|t:|1683077602\n|move|p2a: Tinkaton|Protect|p2a: Tinkaton\n|-singleturn|p2a: Tinkaton|Protect\n|move|p1b: Quaquaval|Aqua Jet|p2a: Tinkaton\n|-activate|p2a: Tinkaton|move: Protect\n|move|p1a: Armarouge|Energy Ball|p2a: Tinkaton\n|-activate|p2a: Tinkaton|move: Protect\n|\n|upkeep\n|turn|9\n|\n|t:|1683077612\n|cant|p1b: Quaquaval|par\n|move|p1a: Armarouge|Energy Ball|p2a: Tinkaton\n|-resisted|p2a: Tinkaton\n|-crit|p2a: Tinkaton\n|-damage|p2a: Tinkaton|0 fnt\n|faint|p2a: Tinkaton\n|\n|win|Yellow_Jay\n|raw|Yellow_Jay's rating: 1057 → 1087<\/strong> (+30 for winning)\n|raw|jaymie_12345's rating: 1042 → 1026<\/strong> (-16 for losing)\n|c|\u2606jaymie_12345|gg\n|c|\u2606Yellow_Jay|gg\n|c|\u2606Yellow_Jay|hahahaha\n|c|\u2606Yellow_Jay|that is very funny\n|c|\u2606Yellow_Jay|what do you think?\n|c|\u2606jaymie_12345|your team is scary\n|c|\u2606jaymie_12345|i dont like howl\n|c|\u2606Yellow_Jay|haha\n|c|\u2606jaymie_12345|clear smog will not work\n|c|\u2606Yellow_Jay|on which one\n","uploadtime":1683077688,"views":14,"p1id":"yellowjay","p2id":"jaymie12345","formatid":"gen9vgc2023regulationc","rating":1026,"private":0,"password":""}