{"id":"gen9vgc2023regulationc-1855852070","p1":"Sugarmaru","p2":"feegus","format":"[Gen 9] VGC 2023 Regulation C","log":"|j|\u2606Sugarmaru\n|j|\u2606feegus\n|t:|1682991859\n|gametype|doubles\n|player|p1|Sugarmaru|dawn|1131\n|player|p2|feegus|169|1205\n|teamsize|p1|6\n|teamsize|p2|6\n|gen|9\n|tier|[Gen 9] VGC 2023 Regulation C\n|rated|\n|rule|Species Clause: Limit one of each Pok\u00e9mon\n|rule|Item Clause: Limit one of each item\n|clearpoke\n|poke|p1|Vivillon-Ocean, L50, F|\n|poke|p1|Chi-Yu, L50|\n|poke|p1|Flutter Mane, L50|\n|poke|p1|Brute Bonnet, L50|\n|poke|p1|Iron Hands, L50|\n|poke|p1|Garchomp, L50, M|\n|poke|p2|Flutter Mane, L50|\n|poke|p2|Chi-Yu, L50|\n|poke|p2|Gyarados, L50, F|\n|poke|p2|Talonflame, L50, F|\n|poke|p2|Indeedee-F, L50, F|\n|poke|p2|Scream Tail, L50|\n|teampreview|4\n|inactive|Battle timer is ON: inactive players will automatically lose when time's up. (requested by feegus)\n|inactive|Sugarmaru has 60 seconds left.\n|inactive|Sugarmaru has 30 seconds left.\n|inactive|Sugarmaru has 20 seconds left.\n|inactive|Sugarmaru has 15 seconds left.\n|inactive|Sugarmaru has 10 seconds left.\n|inactive|Sugarmaru has 5 seconds left.\n|\n|t:|1682991945\n|start\n|switch|p1a: Vivillon|Vivillon-Ocean, L50, F|100\/100\n|switch|p1b: Flutter Mane|Flutter Mane, L50|100\/100\n|switch|p2a: Gyarados|Gyarados, L50, F|100\/100\n|switch|p2b: Talonflame|Talonflame, L50, F|100\/100\n|-ability|p2a: Gyarados|Intimidate|boost\n|-unboost|p1a: Vivillon|atk|1\n|-unboost|p1b: Flutter Mane|atk|1\n|-enditem|p1b: Flutter Mane|Booster Energy\n|-activate|p1b: Flutter Mane|ability: Protosynthesis|[fromitem]\n|-start|p1b: Flutter Mane|protosynthesisspe\n|turn|1\n|inactive|Sugarmaru has 30 seconds left.\n|inactive|feegus has 30 seconds left.\n|inactive|Sugarmaru has 20 seconds left.\n|inactive|Sugarmaru has 15 seconds left.\n|inactive|Sugarmaru has 10 seconds left.\n|\n|t:|1682991991\n|move|p1b: Flutter Mane|Shadow Ball|p2b: Talonflame\n|-damage|p2b: Talonflame|32\/100\n|move|p2b: Talonflame|Tailwind|p2b: Talonflame\n|-sidestart|p2: feegus|move: Tailwind\n|move|p2a: Gyarados|Taunt|p1a: Vivillon\n|-start|p1a: Vivillon|move: Taunt\n|cant|p1a: Vivillon|move: Taunt|Tailwind\n|\n|upkeep\n|turn|2\n|inactive|Sugarmaru has 30 seconds left.\n|\n|t:|1682992021\n|switch|p1a: Garchomp|Garchomp, L50, M|100\/100\n|move|p1b: Flutter Mane|Protect|p1b: Flutter Mane\n|-singleturn|p1b: Flutter Mane|Protect\n|move|p2b: Talonflame|Sunny Day|p2b: Talonflame\n|-weather|SunnyDay\n|move|p2a: Gyarados|Thunder Wave|p1b: Flutter Mane\n|-activate|p1b: Flutter Mane|move: Protect\n|\n|-weather|SunnyDay|[upkeep]\n|upkeep\n|turn|3\n|inactive|Sugarmaru has 30 seconds left.\n|\n|t:|1682992053\n|move|p2b: Talonflame|Brave Bird|p1b: Flutter Mane\n|-damage|p1b: Flutter Mane|19\/100\n|-damage|p2b: Talonflame|7\/100|[from] Recoil\n|move|p1b: Flutter Mane|Shadow Ball|p2a: Gyarados\n|-crit|p2a: Gyarados\n|-damage|p2a: Gyarados|46\/100\n|move|p2a: Gyarados|Waterfall|p1a: Garchomp\n|-crit|p1a: Garchomp\n|-damage|p1a: Garchomp|76\/100\n|-damage|p2a: Gyarados|34\/100|[from] ability: Rough Skin|[of] p1a: Garchomp\n|move|p1a: Garchomp|Rock Slide|p2b: Talonflame|[spread] p2a,p2b\n|-supereffective|p2a: Gyarados\n|-supereffective|p2b: Talonflame\n|-damage|p2a: Gyarados|0 fnt\n|-damage|p2b: Talonflame|0 fnt\n|faint|p2a: Gyarados\n|faint|p2b: Talonflame\n|\n|-weather|SunnyDay|[upkeep]\n|upkeep\n|\n|t:|1682992063\n|switch|p2b: Chi-Yu|Chi-Yu, L50|100\/100\n|switch|p2a: Flutter Mane|Flutter Mane, L50|100\/100\n|-activate|p2a: Flutter Mane|ability: Protosynthesis\n|-start|p2a: Flutter Mane|protosynthesisspa\n|-ability|p2b: Chi-Yu|Beads of Ruin\n|turn|4\n|inactive|Sugarmaru has 30 seconds left.\n|\n|t:|1682992089\n|move|p1b: Flutter Mane|Protect|p1b: Flutter Mane\n|-singleturn|p1b: Flutter Mane|Protect\n|move|p1a: Garchomp|Protect|p1a: Garchomp\n|-singleturn|p1a: Garchomp|Protect\n|move|p2a: Flutter Mane|Dazzling Gleam|p1b: Flutter Mane|[spread] \n|-activate|p1a: Garchomp|move: Protect\n|-activate|p1b: Flutter Mane|move: Protect\n|move|p2b: Chi-Yu|Heat Wave|p1b: Flutter Mane|[spread] \n|-activate|p1a: Garchomp|move: Protect\n|-activate|p1b: Flutter Mane|move: Protect\n|\n|-weather|SunnyDay|[upkeep]\n|-sideend|p2: feegus|move: Tailwind\n|upkeep\n|turn|5\n|\n|t:|1682992112\n|-terastallize|p2a: Flutter Mane|Grass\n|move|p1b: Flutter Mane|Icy Wind|p2a: Flutter Mane|[spread] p2a,p2b\n|-supereffective|p2a: Flutter Mane\n|-resisted|p2b: Chi-Yu\n|-damage|p2a: Flutter Mane|64\/100\n|-damage|p2b: Chi-Yu|96\/100\n|-unboost|p2a: Flutter Mane|spe|1\n|-unboost|p2b: Chi-Yu|spe|1\n|move|p1a: Garchomp|Earthquake|p2a: Flutter Mane|[spread] p1b,p2a,p2b\n|-resisted|p2a: Flutter Mane\n|-supereffective|p2b: Chi-Yu\n|-damage|p1b: Flutter Mane|0 fnt\n|-damage|p2a: Flutter Mane|37\/100\n|-damage|p2b: Chi-Yu|3\/100\n|faint|p1b: Flutter Mane\n|-end|p1b: Flutter Mane|Protosynthesis|[silent]\n|move|p2a: Flutter Mane|Dazzling Gleam|p1a: Garchomp\n|-supereffective|p1a: Garchomp\n|-damage|p1a: Garchomp|0 fnt\n|faint|p1a: Garchomp\n|move|p2b: Chi-Yu|Heat Wave|p1: Garchomp|[notarget]\n|-fail|p2b: Chi-Yu\n|\n|-weather|SunnyDay|[upkeep]\n|upkeep\n|\n|t:|1682992133\n|switch|p1b: Iron Hands|Iron Hands, L50|100\/100\n|switch|p1a: Vivillon|Vivillon-Ocean, L50, F|100\/100\n|turn|6\n|\n|t:|1682992150\n|-terastallize|p1b: Iron Hands|Flying\n|move|p1b: Iron Hands|Fake Out|p2b: Chi-Yu\n|-damage|p2b: Chi-Yu|0 fnt\n|faint|p2b: Chi-Yu\n|move|p1a: Vivillon|Tailwind|p1a: Vivillon\n|-sidestart|p1: Sugarmaru|move: Tailwind\n|move|p2a: Flutter Mane|Dazzling Gleam|p1a: Vivillon|[spread] p1a,p1b\n|-enditem|p1a: Vivillon|Focus Sash\n|-damage|p1a: Vivillon|1\/100\n|-damage|p1b: Iron Hands|74\/100\n|\n|-weather|none\n|-end|p2a: Flutter Mane|Protosynthesis\n|upkeep\n|turn|7\n|\n|t:|1682992168\n|move|p1a: Vivillon|Pollen Puff|p1b: Iron Hands\n|-heal|p1b: Iron Hands|100\/100\n|move|p1b: Iron Hands|Drain Punch|p2a: Flutter Mane\n|-crit|p2a: Flutter Mane\n|-damage|p2a: Flutter Mane|0 fnt\n|faint|p2a: Flutter Mane\n|-end|p2a: Flutter Mane|Protosynthesis|[silent]\n|\n|win|Sugarmaru\n|raw|Sugarmaru's rating: 1131 → 1161<\/strong> (+30 for winning)\n|raw|feegus's rating: 1205 → 1175<\/strong> (-30 for losing)\n|l|\u2606feegus\n","uploadtime":1682992181,"views":18,"p1id":"sugarmaru","p2id":"feegus","formatid":"gen9vgc2023regulationc","rating":1161,"private":0,"password":""}