{"id":"gen9vgc2023regulationc-1845972635","p1":"wyvernthepumpkin","p2":"gankyburner","format":"[Gen 9] VGC 2023 Regulation C","log":"|j|\u2606wyvernthepumpkin\n|j|\u2606gankyburner\n|t:|1681785721\n|gametype|doubles\n|player|p1|wyvernthepumpkin|drayden|1125\n|player|p2|gankyburner|169|1172\n|teamsize|p1|6\n|teamsize|p2|6\n|gen|9\n|tier|[Gen 9] VGC 2023 Regulation C\n|rated|\n|rule|Species Clause: Limit one of each Pok\u00e9mon\n|rule|Item Clause: Limit one of each item\n|clearpoke\n|poke|p1|Pawmot, L50, F|\n|poke|p1|Murkrow, L50, M|\n|poke|p1|Gardevoir, L50, F|\n|poke|p1|Quaquaval, L50, M|\n|poke|p1|Haxorus, L50, F|\n|poke|p1|Annihilape, L50, M|\n|poke|p2|Murkrow, L50, F|\n|poke|p2|Tyranitar, L50, M|\n|poke|p2|Houndstone, L50, F|\n|poke|p2|Chi-Yu, L50|\n|poke|p2|Corviknight, L50, M|\n|poke|p2|Orthworm, L50, F|\n|teampreview|4\n|\n|t:|1681785759\n|start\n|switch|p1a: Murkrow|Murkrow, L50, M, shiny|100\/100\n|switch|p1b: Gardevoir|Gardevoir, L50, F|100\/100\n|switch|p2a: C'mon C'mon|Murkrow, L50, F|100\/100\n|switch|p2b: Mr. Jones|Corviknight, L50, M|100\/100\n|-ability|p1b: Gardevoir|Mirror Armor|[from] ability: Trace|[of] p2b: Mr. Jones\n|turn|1\n|\n|t:|1681785784\n|move|p1a: Murkrow|Tailwind|p1a: Murkrow\n|-sidestart|p1: wyvernthepumpkin|move: Tailwind\n|move|p2a: C'mon C'mon|Tailwind|p2a: C'mon C'mon\n|-sidestart|p2: gankyburner|move: Tailwind\n|move|p1b: Gardevoir|Mystical Fire|p2b: Mr. Jones\n|-supereffective|p2b: Mr. Jones\n|-damage|p2b: Mr. Jones|3\/100\n|-ability|p2b: Mr. Jones|Mirror Armor\n|-unboost|p1b: Gardevoir|spa|1\n|move|p2b: Mr. Jones|Brave Bird|p1b: Gardevoir\n|-damage|p1b: Gardevoir|0 fnt\n|faint|p1b: Gardevoir\n|-damage|p2b: Mr. Jones|0 fnt|[from] Recoil\n|faint|p2b: Mr. Jones\n|\n|upkeep\n|\n|t:|1681785812\n|switch|p1b: Pawmot|Pawmot, L50, F|100\/100\n|switch|p2b: Godzilla|Tyranitar, L50, M, shiny|100\/100\n|-weather|Sandstorm|[from] ability: Sand Stream|[of] p2b: Godzilla\n|turn|2\n|\n|t:|1681785829\n|-terastallize|p2b: Godzilla|Flying\n|move|p1a: Murkrow|Protect|p1a: Murkrow\n|-singleturn|p1a: Murkrow|Protect\n|move|p1b: Pawmot|Double Shock|p2a: C'mon C'mon\n|-supereffective|p2a: C'mon C'mon\n|-damage|p2a: C'mon C'mon|0 fnt\n|-start|p1b: Pawmot|typechange|???\/Fighting|[from] move: Double Shock\n|faint|p2a: C'mon C'mon\n|move|p2b: Godzilla|Tera Blast|p1b: Pawmot\n|-supereffective|p1b: Pawmot\n|-damage|p1b: Pawmot|0 fnt\n|faint|p1b: Pawmot\n|\n|-weather|Sandstorm|[upkeep]\n|-damage|p1a: Murkrow|95\/100|[from] Sandstorm\n|-damage|p2b: Godzilla|94\/100|[from] Sandstorm\n|upkeep\n|\n|t:|1681785846\n|switch|p1b: Haxorus|Haxorus, L50, F, shiny|100\/100\n|switch|p2a: Dragula|Houndstone, L50, F, shiny|100\/100\n|-ability|p1b: Haxorus|Mold Breaker\n|turn|3\n|\n|t:|1681785867\n|move|p2a: Dragula|Will-O-Wisp|p1b: Haxorus\n|-status|p1b: Haxorus|brn\n|move|p1b: Haxorus|Rock Slide|p2b: Godzilla|[spread] p2a,p2b\n|-supereffective|p2b: Godzilla\n|-damage|p2a: Dragula|83\/100\n|-damage|p2b: Godzilla|70\/100\n|move|p1a: Murkrow|Brave Bird|p2a: Dragula\n|-damage|p2a: Dragula|46\/100\n|-enditem|p2a: Dragula|Sitrus Berry|[eat]\n|-heal|p2a: Dragula|71\/100|[from] item: Sitrus Berry\n|-damage|p1a: Murkrow|81\/100|[from] Recoil\n|move|p2b: Godzilla|Rock Slide|p1b: Haxorus|[spread] p1a,p1b\n|-supereffective|p1a: Murkrow\n|-damage|p1a: Murkrow|13\/100\n|-damage|p1b: Haxorus|62\/100 brn\n|\n|-weather|Sandstorm|[upkeep]\n|-damage|p1b: Haxorus|56\/100 brn|[from] Sandstorm\n|-damage|p1a: Murkrow|7\/100|[from] Sandstorm\n|-damage|p2b: Godzilla|64\/100|[from] Sandstorm\n|-damage|p1b: Haxorus|50\/100 brn|[from] brn\n|upkeep\n|turn|4\n|\n|t:|1681785895\n|-terastallize|p1b: Haxorus|Steel\n|move|p1a: Murkrow|Protect|p1a: Murkrow\n|-singleturn|p1a: Murkrow|Protect\n|move|p2a: Dragula|Scary Face|p1b: Haxorus\n|-unboost|p1b: Haxorus|spe|2\n|move|p1b: Haxorus|Rock Slide|p2a: Dragula|[spread] p2a,p2b\n|-supereffective|p2b: Godzilla\n|-damage|p2a: Dragula|56\/100\n|-damage|p2b: Godzilla|40\/100\n|move|p2b: Godzilla|Rock Slide|p1a: Murkrow|[spread] p1b\n|-activate|p1a: Murkrow|move: Protect\n|-resisted|p1b: Haxorus\n|-damage|p1b: Haxorus|30\/100 brn\n|\n|-weather|Sandstorm|[upkeep]\n|-damage|p1a: Murkrow|1\/100|[from] Sandstorm\n|-damage|p2b: Godzilla|34\/100|[from] Sandstorm\n|-damage|p1b: Haxorus|24\/100 brn|[from] brn\n|-sideend|p2: gankyburner|move: Tailwind\n|-sideend|p1: wyvernthepumpkin|move: Tailwind\n|upkeep\n|turn|5\n|\n|t:|1681785918\n|move|p1a: Murkrow|Tailwind|p1a: Murkrow\n|-sidestart|p1: wyvernthepumpkin|move: Tailwind\n|move|p2a: Dragula|Last Respects|p1b: Haxorus\n|-damage|p1b: Haxorus|0 fnt\n|faint|p1b: Haxorus\n|move|p2b: Godzilla|Assurance|p1a: Murkrow\n|-resisted|p1a: Murkrow\n|-damage|p1a: Murkrow|0 fnt\n|faint|p1a: Murkrow\n|\n|win|gankyburner\n|raw|wyvernthepumpkin's rating: 1125 → 1103<\/strong> (-22 for losing)\n|raw|gankyburner's rating: 1172 → 1194<\/strong> (+22 for winning)\n","uploadtime":1681785928,"views":5,"p1id":"wyvernthepumpkin","p2id":"gankyburner","formatid":"gen9vgc2023regulationc","rating":1103,"private":0,"password":""}