{"id":"gen9vgc2023regulationc-1851389035","p1":"Dirtydozouser","p2":"pupulovessixsheep","format":"[Gen 9] VGC 2023 Regulation C","log":"|j|\u2606Dirtydozouser\n|j|\u2606pupulovessixsheep\n|t:|1682441177\n|gametype|doubles\n|player|p1|Dirtydozouser|lance|1296\n|player|p2|pupulovessixsheep|169|1292\n|teamsize|p1|6\n|teamsize|p2|6\n|gen|9\n|tier|[Gen 9] VGC 2023 Regulation C\n|rated|\n|rule|Species Clause: Limit one of each Pok\u00e9mon\n|rule|Item Clause: Limit one of each item\n|clearpoke\n|poke|p1|Dondozo, L50, M|\n|poke|p1|Tatsugiri, L50, M|\n|poke|p1|Chi-Yu, L50|\n|poke|p1|Flutter Mane, L50|\n|poke|p1|Dragonite, L50, M|\n|poke|p1|Kingambit, L50, M|\n|poke|p2|Talonflame, L50, M|\n|poke|p2|Chi-Yu, L50|\n|poke|p2|Flutter Mane, L50|\n|poke|p2|Amoonguss, L50, F|\n|poke|p2|Tyranitar, L50, F|\n|poke|p2|Houndstone, L50, M|\n|teampreview|4\n|inactive|Battle timer is ON: inactive players will automatically lose when time's up. (requested by pupulovessixsheep)\n|\n|t:|1682441201\n|start\n|switch|p1a: Dragonite|Dragonite, L50, M|100\/100\n|switch|p1b: Kingambit|Kingambit, L50, M|100\/100\n|switch|p2a: Tyranitar|Tyranitar, L50, F, shiny|100\/100\n|switch|p2b: Amoonguss|Amoonguss, L50, F|100\/100\n|-weather|Sandstorm|[from] ability: Sand Stream|[of] p2a: Tyranitar\n|turn|1\n|\n|t:|1682441220\n|-terastallize|p1b: Kingambit|Flying\n|-terastallize|p2b: Amoonguss|Rock\n|move|p2b: Amoonguss|Rage Powder|p2b: Amoonguss\n|-singleturn|p2b: Amoonguss|move: Rage Powder\n|move|p1a: Dragonite|Earthquake|p2b: Amoonguss|[spread] p2a,p2b\n|-immune|p1b: Kingambit\n|-supereffective|p2a: Tyranitar\n|-supereffective|p2b: Amoonguss\n|-damage|p2a: Tyranitar|31\/100\n|-damage|p2b: Amoonguss|37\/100\n|-enditem|p2a: Tyranitar|Weakness Policy\n|-boost|p2a: Tyranitar|atk|2|[from] item: Weakness Policy\n|-boost|p2a: Tyranitar|spa|2|[from] item: Weakness Policy\n|move|p2a: Tyranitar|Dragon Dance|p2a: Tyranitar\n|-boost|p2a: Tyranitar|atk|1\n|-boost|p2a: Tyranitar|spe|1\n|move|p1b: Kingambit|Tera Blast|p2b: Amoonguss\n|-resisted|p2b: Amoonguss\n|-damage|p2b: Amoonguss|20\/100\n|\n|-weather|Sandstorm|[upkeep]\n|-damage|p1a: Dragonite|95\/100|[from] Sandstorm\n|-damage|p1b: Kingambit|95\/100|[from] Sandstorm\n|-heal|p2b: Amoonguss|26\/100|[from] item: Leftovers\n|upkeep\n|turn|2\n|inactive|pupulovessixsheep has 30 seconds left.\n|\n|t:|1682441250\n|move|p2a: Tyranitar|Rock Slide|p1a: Dragonite|[spread] p1a,p1b\n|-supereffective|p1a: Dragonite\n|-supereffective|p1b: Kingambit\n|-damage|p1a: Dragonite|0 fnt\n|-damage|p1b: Kingambit|0 fnt\n|faint|p1a: Dragonite\n|faint|p1b: Kingambit\n|move|p2b: Amoonguss|Pollen Puff|p2a: Tyranitar\n|-heal|p2a: Tyranitar|80\/100\n|\n|-weather|Sandstorm|[upkeep]\n|-heal|p2b: Amoonguss|32\/100|[from] item: Leftovers\n|upkeep\n|\n|t:|1682441255\n|switch|p1a: Dondozo|Dondozo, L50, M|100\/100\n|switch|p1b: Tatsugiri|Tatsugiri, L50, M|100\/100\n|-activate|p1b: Tatsugiri|ability: Commander|[of] p1a: Dondozo\n|-boost|p1a: Dondozo|atk|2\n|-boost|p1a: Dondozo|spa|2\n|-boost|p1a: Dondozo|spe|2\n|-boost|p1a: Dondozo|def|2\n|-boost|p1a: Dondozo|spd|2\n|turn|3\n|\n|t:|1682441270\n|move|p2b: Amoonguss|Rage Powder|p2b: Amoonguss\n|-singleturn|p2b: Amoonguss|move: Rage Powder\n|move|p2a: Tyranitar|Dragon Dance|p2a: Tyranitar\n|-boost|p2a: Tyranitar|atk|1\n|-boost|p2a: Tyranitar|spe|1\n|move|p1a: Dondozo|Earthquake|p2b: Amoonguss|[spread] p2a,p2b\n|-miss|p1a: Dondozo|p1b: Tatsugiri\n|-supereffective|p2a: Tyranitar\n|-supereffective|p2b: Amoonguss\n|-damage|p2a: Tyranitar|0 fnt\n|-damage|p2b: Amoonguss|0 fnt\n|faint|p2a: Tyranitar\n|faint|p2b: Amoonguss\n|-damage|p1a: Dondozo|91\/100|[from] item: Life Orb\n|\n|-weather|Sandstorm|[upkeep]\n|-damage|p1b: Tatsugiri|95\/100|[from] Sandstorm\n|-damage|p1a: Dondozo|84\/100|[from] Sandstorm\n|upkeep\n|\n|t:|1682441286\n|switch|p2a: Chi-Yu|Chi-Yu, L50|100\/100\n|switch|p2b: Flutter Mane|Flutter Mane, L50|100\/100\n|-ability|p2a: Chi-Yu|Beads of Ruin\n|-enditem|p2b: Flutter Mane|Booster Energy\n|-activate|p2b: Flutter Mane|ability: Protosynthesis|[fromitem]\n|-start|p2b: Flutter Mane|protosynthesisspa\n|turn|4\n|\n|t:|1682441297\n|move|p2a: Chi-Yu|Dark Pulse|p1a: Dondozo\n|-damage|p1a: Dondozo|53\/100\n|move|p2b: Flutter Mane|Dazzling Gleam|p1a: Dondozo|[spread] p1a\n|-miss|p2b: Flutter Mane|p1b: Tatsugiri\n|-damage|p1a: Dondozo|22\/100\n|cant|p1a: Dondozo|flinch\n|\n|-weather|Sandstorm|[upkeep]\n|-damage|p2a: Chi-Yu|94\/100|[from] Sandstorm\n|-damage|p1b: Tatsugiri|89\/100|[from] Sandstorm\n|-damage|p2b: Flutter Mane|94\/100|[from] Sandstorm\n|-damage|p1a: Dondozo|15\/100|[from] Sandstorm\n|upkeep\n|turn|5\n|\n|t:|1682441312\n|move|p2a: Chi-Yu|Dark Pulse|p1a: Dondozo\n|-damage|p1a: Dondozo|0 fnt\n|faint|p1a: Dondozo\n|move|p2b: Flutter Mane|Dazzling Gleam|p1b: Tatsugiri\n|-supereffective|p1b: Tatsugiri\n|-damage|p1b: Tatsugiri|0 fnt\n|faint|p1b: Tatsugiri\n|\n|win|pupulovessixsheep\n|raw|Dirtydozouser's rating: 1296 → 1271<\/strong> (-25 for losing)\n|raw|pupulovessixsheep's rating: 1292 → 1317<\/strong> (+25 for winning)\n|l|\u2606Dirtydozouser\n","uploadtime":1682441323,"views":4,"p1id":"dirtydozouser","p2id":"pupulovessixsheep","formatid":"gen9vgc2023regulationc","rating":1271,"private":0,"password":""}