{"id":"gen9vgc2023regulationc-1852258612","p1":"VGCmento","p2":"Sunaddicted","format":"[Gen 9] VGC 2023 Regulation C","log":"|j|\u2606VGCmento\n|j|\u2606Sunaddicted\n|t:|1682537519\n|gametype|doubles\n|player|p1|VGCmento|clown|1297\n|player|p2|Sunaddicted|2|1370\n|teamsize|p1|6\n|teamsize|p2|6\n|gen|9\n|tier|[Gen 9] VGC 2023 Regulation C\n|rated|\n|rule|Species Clause: Limit one of each Pok\u00e9mon\n|rule|Item Clause: Limit one of each item\n|clearpoke\n|poke|p1|Amoonguss, L50, M|\n|poke|p1|Chien-Pao, L50|\n|poke|p1|Arcanine, L50, F|\n|poke|p1|Palafin, L50, F|\n|poke|p1|Dragonite, L50, M|\n|poke|p1|Gholdengo, L50|\n|poke|p2|Ting-Lu, L50|\n|poke|p2|Amoonguss, L50, M|\n|poke|p2|Arcanine, L50, F|\n|poke|p2|Palafin, L50, M|\n|poke|p2|Flutter Mane, L50|\n|poke|p2|Iron Hands, L50|\n|teampreview|4\nVGCmento has agreed to open team sheets.\n|inactive|Battle timer is ON: inactive players will automatically lose when time's up. (requested by VGCmento)\n|\n|t:|1682537560\n|start\n|switch|p1a: Palafin|Palafin, L50, F|100\/100\n|switch|p1b: Amoonguss|Amoonguss, L50, M|100\/100\n|switch|p2a: Iron Hands|Iron Hands, L50|100\/100\n|switch|p2b: Ting-Lu|Ting-Lu, L50|100\/100\n|-ability|p2b: Ting-Lu|Vessel of Ruin\n|turn|1\n|\n|t:|1682537577\n|detailschange|p1a: Palafin|Palafin-Hero, L50, F\n|switch|p1a: Arcanine|Arcanine, L50, F|100\/100\n|-ability|p1a: Arcanine|Intimidate|boost\n|-unboost|p2a: Iron Hands|atk|1\n|-unboost|p2b: Ting-Lu|atk|1\n|move|p1b: Amoonguss|Protect|p1b: Amoonguss\n|-singleturn|p1b: Amoonguss|Protect\n|move|p2a: Iron Hands|Swords Dance|p2a: Iron Hands\n|-boost|p2a: Iron Hands|atk|2\n|move|p2b: Ting-Lu|Fissure|p1b: Amoonguss\n|-activate|p1b: Amoonguss|move: Protect\n|\n|upkeep\n|turn|2\n|\n|t:|1682537596\n|move|p2a: Iron Hands|Protect|p2a: Iron Hands\n|-singleturn|p2a: Iron Hands|Protect\n|move|p1a: Arcanine|Will-O-Wisp|p2a: Iron Hands\n|-activate|p2a: Iron Hands|move: Protect\n|move|p2b: Ting-Lu|Stomping Tantrum|p1a: Arcanine\n|-supereffective|p1a: Arcanine\n|-damage|p1a: Arcanine|54\/100\n|move|p1b: Amoonguss|Spore|p2b: Ting-Lu\n|-status|p2b: Ting-Lu|slp|[from] move: Spore\n|\n|upkeep\n|turn|3\n|\n|t:|1682537617\n|switch|p1a: Gholdengo|Gholdengo, L50|100\/100\n|move|p2a: Iron Hands|Swords Dance|p2a: Iron Hands\n|-boost|p2a: Iron Hands|atk|2\n|cant|p2b: Ting-Lu|slp\n|move|p1b: Amoonguss|Spore|p2a: Iron Hands\n|-activate|p2a: Iron Hands|item: Safety Goggles|Spore\n|\n|upkeep\n|turn|4\n|\n|t:|1682537640\n|switch|p1b: Arcanine|Arcanine, L50, F|54\/100\n|-ability|p1b: Arcanine|Intimidate|boost\n|-unboost|p2a: Iron Hands|atk|1\n|-unboost|p2b: Ting-Lu|atk|1\n|move|p1a: Gholdengo|Nasty Plot|p1a: Gholdengo\n|-boost|p1a: Gholdengo|spa|2\n|move|p2a: Iron Hands|Thunder Punch|p1a: Gholdengo\n|-damage|p1a: Gholdengo|19\/100\n|-curestatus|p2b: Ting-Lu|slp|[msg]\n|move|p2b: Ting-Lu|Stomping Tantrum|p1a: Gholdengo\n|-supereffective|p1a: Gholdengo\n|-damage|p1a: Gholdengo|0 fnt\n|faint|p1a: Gholdengo\n|\n|upkeep\n|\n|t:|1682537655\n|switch|p1a: Palafin|Palafin-Hero, L50, F|100\/100\n|-activate|p1a: Palafin|ability: Zero to Hero\n|turn|5\n|\n|t:|1682537664\n|switch|p2b: Arcanine|Arcanine, L50, F|100\/100\n|-ability|p2b: Arcanine|Intimidate|boost\n|-unboost|p1a: Palafin|atk|1\n|-unboost|p1b: Arcanine|atk|1\n|-terastallize|p1a: Palafin|Water\n|move|p2a: Iron Hands|Protect|p2a: Iron Hands\n|-singleturn|p2a: Iron Hands|Protect\n|move|p1b: Arcanine|Will-O-Wisp|p2a: Iron Hands\n|-activate|p2a: Iron Hands|move: Protect\n|move|p1a: Palafin|Wave Crash|p2b: Arcanine\n|-supereffective|p2b: Arcanine\n|-damage|p2b: Arcanine|0 fnt\n|faint|p2b: Arcanine\n|-damage|p1a: Palafin|68\/100|[from] Recoil\n|\n|upkeep\n|\n|t:|1682537684\n|switch|p2b: Flutter Mane|Flutter Mane, L50|100\/100\n|-enditem|p2b: Flutter Mane|Booster Energy\n|-activate|p2b: Flutter Mane|ability: Protosynthesis|[fromitem]\n|-start|p2b: Flutter Mane|protosynthesisspa\n|turn|6\n|\n|t:|1682537697\n|move|p2b: Flutter Mane|Shadow Ball|p1b: Arcanine\n|-damage|p1b: Arcanine|0 fnt\n|faint|p1b: Arcanine\n|move|p1a: Palafin|Haze|p1a: Palafin\n|-clearallboost\n|move|p2a: Iron Hands|Thunder Punch|p1a: Palafin\n|-supereffective|p1a: Palafin\n|-damage|p1a: Palafin|0 fnt\n|faint|p1a: Palafin\n|\n|upkeep\n|-message|VGCmento forfeited.\n|\n|win|Sunaddicted\n|raw|VGCmento's rating: 1297 → 1277<\/strong> (-20 for losing)\n|raw|Sunaddicted's rating: 1370 → 1386<\/strong> (+16 for winning)\n|l|\u2606VGCmento\n","uploadtime":1682537717,"views":19,"p1id":"vgcmento","p2id":"sunaddicted","formatid":"gen9vgc2023regulationc","rating":1277,"private":0,"password":""}