{"id":"gen9vgc2023regulationc-1863859978","p1":"Kiky14","p2":"reznob","format":"[Gen 9] VGC 2023 Regulation C","log":"|j|\u2606Kiky14\n|j|\u2606reznob\n|t:|1684086423\n|gametype|doubles\n|player|p1|Kiky14|hilbert-wonderlauncher|1179\n|player|p2|reznob|2|1167\n|teamsize|p1|6\n|teamsize|p2|6\n|gen|9\n|tier|[Gen 9] VGC 2023 Regulation C\n|rated|\n|rule|Species Clause: Limit one of each Pok\u00e9mon\n|rule|Item Clause: Limit one of each item\n|clearpoke\n|poke|p1|Chien-Pao, L50|\n|poke|p1|Garganacl, L50, M|\n|poke|p1|Arcanine, L50, M|\n|poke|p1|Flutter Mane, L50|\n|poke|p1|Palafin, L50, F|\n|poke|p1|Amoonguss, L50, F|\n|poke|p2|Abomasnow, L50, F|\n|poke|p2|Iron Bundle, L50|\n|poke|p2|Ceruledge, L50, F|\n|poke|p2|Ting-Lu, L50|\n|poke|p2|Vivillon-Fancy, L50, M|\n|poke|p2|Pawmot, L50, M|\n|teampreview|4\n|inactive|Battle timer is ON: inactive players will automatically lose when time's up. (requested by reznob)\n|\n|t:|1684086463\n|start\n|switch|p1a: Blackpink|Arcanine, L50, M|100\/100\n|switch|p1b: Aespa|Chien-Pao, L50|100\/100\n|switch|p2a: Ceruledge|Ceruledge, L50, F|100\/100\n|switch|p2b: Vivillon|Vivillon-Fancy, L50, M|100\/100\n|-ability|p1b: Aespa|Sword of Ruin\n|-ability|p1a: Blackpink|Intimidate|boost\n|-fail|p2a: Ceruledge|unboost|[from] item: Clear Amulet|[of] p2a: Ceruledge\n|-unboost|p2b: Vivillon|atk|1\n|turn|1\n|inactive|Kiky14 has 30 seconds left.\n|inactive|reznob has 30 seconds left.\n|\n|t:|1684086490\n|move|p1b: Aespa|Icicle Crash|p2b: Vivillon\n|-supereffective|p2b: Vivillon\n|-enditem|p2b: Vivillon|Focus Sash\n|-damage|p2b: Vivillon|1\/100\n|move|p2b: Vivillon|Pollen Puff|p1b: Aespa\n|-supereffective|p1b: Aespa\n|-damage|p1b: Aespa|12\/100\n|move|p1a: Blackpink|Snarl|p2a: Ceruledge|[spread] p2a,p2b\n|-supereffective|p2a: Ceruledge\n|-damage|p2a: Ceruledge|81\/100\n|-damage|p2b: Vivillon|0 fnt\n|faint|p2b: Vivillon\n|move|p2a: Ceruledge|Swords Dance|p2a: Ceruledge\n|-boost|p2a: Ceruledge|atk|2\n|\n|upkeep\n|\n|t:|1684086511\n|switch|p2b: Ting-Lu|Ting-Lu, L50|100\/100\n|-ability|p2b: Ting-Lu|Vessel of Ruin\n|turn|2\n|inactive|reznob has 30 seconds left.\n|\n|t:|1684086536\n|move|p1b: Aespa|Protect|p1b: Aespa\n|-singleturn|p1b: Aespa|Protect\n|move|p2a: Ceruledge|Shadow Sneak|p1b: Aespa\n|-activate|p1b: Aespa|move: Protect\n|move|p1a: Blackpink|Snarl|p2a: Ceruledge|[spread] p2a,p2b\n|-supereffective|p2a: Ceruledge\n|-resisted|p2b: Ting-Lu\n|-damage|p2a: Ceruledge|68\/100\n|-damage|p2b: Ting-Lu|97\/100\n|-unboost|p2b: Ting-Lu|spa|1\n|move|p2b: Ting-Lu|Heavy Slam|p1a: Blackpink\n|-resisted|p1a: Blackpink\n|-damage|p1a: Blackpink|64\/100\n|\n|upkeep\n|turn|3\n|\n|t:|1684086558\n|move|p1b: Aespa|Sucker Punch|p2a: Ceruledge\n|-supereffective|p2a: Ceruledge\n|-damage|p2a: Ceruledge|0 fnt\n|faint|p2a: Ceruledge\n|move|p1a: Blackpink|Will-O-Wisp|p2b: Ting-Lu\n|-status|p2b: Ting-Lu|brn\n|move|p2b: Ting-Lu|Heavy Slam|p1a: Blackpink\n|-resisted|p1a: Blackpink\n|-damage|p1a: Blackpink|47\/100\n|-enditem|p1a: Blackpink|Sitrus Berry|[eat]\n|-heal|p1a: Blackpink|72\/100|[from] item: Sitrus Berry\n|\n|-damage|p2b: Ting-Lu|91\/100 brn|[from] brn\n|upkeep\n|\n|t:|1684086573\n|switch|p2a: Abomasnow|Abomasnow, L50, F|100\/100\n|-weather|Snow|[from] ability: Snow Warning|[of] p2a: Abomasnow\n|turn|4\n|\n|t:|1684086587\n|-terastallize|p2a: Abomasnow|Water\n|move|p1b: Aespa|Sacred Sword|p2a: Abomasnow\n|-damage|p2a: Abomasnow|58\/100\n|move|p1a: Blackpink|Heat Wave|p2a: Abomasnow|[spread] p2a,p2b\n|-resisted|p2a: Abomasnow\n|-damage|p2a: Abomasnow|49\/100\n|-damage|p2b: Ting-Lu|76\/100 brn\n|move|p2a: Abomasnow|Blizzard|p1a: Blackpink|[spread] p1a,p1b\n|-resisted|p1a: Blackpink\n|-resisted|p1b: Aespa\n|-damage|p1a: Blackpink|58\/100\n|-damage|p1b: Aespa|0 fnt\n|faint|p1b: Aespa\n|move|p2b: Ting-Lu|Heavy Slam|p1a: Blackpink\n|-resisted|p1a: Blackpink\n|-damage|p1a: Blackpink|44\/100\n|\n|-weather|Snow|[upkeep]\n|-damage|p2b: Ting-Lu|70\/100 brn|[from] brn\n|upkeep\n|\n|t:|1684086604\n|switch|p1b: Mamamoo|Garganacl, L50, M|100\/100\n|turn|5\n|\n|t:|1684086625\n|move|p1b: Mamamoo|Protect|p1b: Mamamoo\n|-singleturn|p1b: Mamamoo|Protect\n|move|p1a: Blackpink|Snarl|p2a: Abomasnow|[spread] p2a,p2b\n|-resisted|p2b: Ting-Lu\n|-damage|p2a: Abomasnow|41\/100\n|-damage|p2b: Ting-Lu|67\/100 brn\n|-unboost|p2a: Abomasnow|spa|1\n|-unboost|p2b: Ting-Lu|spa|1\n|move|p2a: Abomasnow|Leaf Storm|p1b: Mamamoo\n|-activate|p1b: Mamamoo|move: Protect\n|move|p2b: Ting-Lu|Heavy Slam|p1b: Mamamoo\n|-activate|p1b: Mamamoo|move: Protect\n|\n|-weather|Snow|[upkeep]\n|-damage|p2b: Ting-Lu|61\/100 brn|[from] brn\n|upkeep\n|turn|6\n|\n|t:|1684086647\n|move|p1a: Blackpink|Snarl|p2b: Ting-Lu|[spread] p2a,p2b\n|-resisted|p2b: Ting-Lu\n|-damage|p2a: Abomasnow|34\/100\n|-damage|p2b: Ting-Lu|59\/100 brn\n|-unboost|p2a: Abomasnow|spa|1\n|-unboost|p2b: Ting-Lu|spa|1\n|move|p2a: Abomasnow|Leaf Storm|p1b: Mamamoo\n|-supereffective|p1b: Mamamoo\n|-damage|p1b: Mamamoo|65\/100\n|-unboost|p2a: Abomasnow|spa|2\n|move|p2b: Ting-Lu|Heavy Slam|p1b: Mamamoo\n|-supereffective|p1b: Mamamoo\n|-damage|p1b: Mamamoo|48\/100\n|move|p1b: Mamamoo|Body Press|p2b: Ting-Lu\n|-supereffective|p2b: Ting-Lu\n|-damage|p2b: Ting-Lu|26\/100 brn\n|\n|-weather|Snow|[upkeep]\n|-damage|p2b: Ting-Lu|20\/100 brn|[from] brn\n|upkeep\n|turn|7\n|-message|reznob forfeited.\n|\n|win|Kiky14\n|raw|Kiky14's rating: 1179 → 1203<\/strong> (+24 for winning)\n|raw|reznob's rating: 1167 → 1143<\/strong> (-24 for losing)\n|l|\u2606reznob\n","uploadtime":1684086675,"views":12,"p1id":"kiky14","p2id":"reznob","formatid":"gen9vgc2023regulationc","rating":1143,"private":0,"password":""}