{"id":"gen9vgc2023regulationc-1861292455","p1":"clamps1","p2":"Greenwl","format":"[Gen 9] VGC 2023 Regulation C","log":"|j|\u2606clamps1\n|j|\u2606Greenwl\n|t:|1683743117\n|gametype|doubles\n|player|p1|clamps1|1|1092\n|player|p2|Greenwl|drayden|1026\n|teamsize|p1|6\n|teamsize|p2|6\n|gen|9\n|tier|[Gen 9] VGC 2023 Regulation C\n|rated|\n|rule|Species Clause: Limit one of each Pok\u00e9mon\n|rule|Item Clause: Limit one of each item\n|clearpoke\n|poke|p1|Iron Bundle, L50|\n|poke|p1|Gyarados, L50, M|\n|poke|p1|Bronzong, L50|\n|poke|p1|Flutter Mane, L50|\n|poke|p1|Abomasnow, L50, F|\n|poke|p1|Iron Hands, L50|\n|poke|p2|Cyclizar, L50, F|\n|poke|p2|Iron Jugulis, L50|\n|poke|p2|Maushold, L50|\n|poke|p2|Quaquaval, L50, F|\n|poke|p2|Lucario, L50, F|\n|poke|p2|Espathra, L50, M|\n|teampreview|4\n|inactive|Battle timer is ON: inactive players will automatically lose when time's up. (requested by Greenwl)\nclamps1 has agreed to open team sheets.\n|inactive|clamps1 has 60 seconds left.\n|inactive|Greenwl has 60 seconds left.\n|\n|t:|1683743168\n|start\n|switch|p1a: Bronzong|Bronzong, L50|100\/100\n|switch|p1b: Abomasnow|Abomasnow, L50, F|100\/100\n|switch|p2a: Bicycle|Cyclizar, L50, F|100\/100\n|switch|p2b: Household|Maushold, L50|100\/100\n|-weather|Snow|[from] ability: Snow Warning|[of] p1b: Abomasnow\n|turn|1\n|\n|t:|1683743190\n|-terastallize|p2b: Household|Normal\n|move|p1b: Abomasnow|Protect|p1b: Abomasnow\n|-singleturn|p1b: Abomasnow|Protect\n|move|p2a: Bicycle|Shed Tail|p2a: Bicycle\n|-start|p2a: Bicycle|Substitute|[from] move: Shed Tail\n|-damage|p2a: Bicycle|50\/100\n|\n|t:|1683743197\n|switch|p2a: Esbathra|Espathra, L50, M|100\/100|[from] Shed Tail\n|move|p2b: Household|Population Bomb|p1b: Abomasnow\n|-activate|p1b: Abomasnow|move: Protect\n|move|p1a: Bronzong|Trick Room|p1a: Bronzong\n|-fieldstart|move: Trick Room|[of] p1a: Bronzong\n|\n|-weather|Snow|[upkeep]\n|upkeep\n|turn|2\n|\n|t:|1683743209\n|move|p1a: Bronzong|Gyro Ball|p1b: Abomasnow\n|-supereffective|p1b: Abomasnow\n|-damage|p1b: Abomasnow|75\/100\n|-enditem|p1b: Abomasnow|Weakness Policy\n|-boost|p1b: Abomasnow|atk|2|[from] item: Weakness Policy\n|-boost|p1b: Abomasnow|spa|2|[from] item: Weakness Policy\n|-ability|p2a: Esbathra|Opportunist|boost\n|-boost|p2a: Esbathra|atk|2\n|-boost|p2a: Esbathra|spa|2\n|move|p1b: Abomasnow|Blizzard|p2a: Esbathra|[spread] p2a,p2b\n|-end|p2a: Esbathra|Substitute\n|-damage|p2b: Household|0 fnt\n|faint|p2b: Household\n|move|p2a: Esbathra|Trick Room|p2a: Esbathra\n|-fieldend|move: Trick Room\n|\n|-weather|Snow|[upkeep]\n|upkeep\n|inactive|Greenwl has 30 seconds left.\n|\n|t:|1683743236\n|switch|p2b: Iron Juggler|Iron Jugulis, L50|100\/100\n|-enditem|p2b: Iron Juggler|Booster Energy\n|-activate|p2b: Iron Juggler|ability: Quark Drive|[fromitem]\n|-start|p2b: Iron Juggler|quarkdrivespa\n|turn|3\n|inactive|Greenwl has 30 seconds left.\n|\n|t:|1683743268\n|-terastallize|p1b: Abomasnow|Water\n|move|p1a: Bronzong|Helping Hand|p1b: Abomasnow\n|-singleturn|p1b: Abomasnow|Helping Hand|[of] p1a: Bronzong\n|move|p2a: Esbathra|Lumina Crash|p1b: Abomasnow\n|-damage|p1b: Abomasnow|0 fnt\n|faint|p1b: Abomasnow\n|move|p2b: Iron Juggler|Dark Pulse|p1a: Bronzong\n|-supereffective|p1a: Bronzong\n|-crit|p1a: Bronzong\n|-damage|p1a: Bronzong|13\/100\n|\n|-weather|Snow|[upkeep]\n|upkeep\n|\n|t:|1683743289\n|switch|p1b: Flutter Mane|Flutter Mane, L50|100\/100\n|turn|4\n|inactive|Greenwl has 30 seconds left.\n|\n|t:|1683743314\n|switch|p1a: Gyarados|Gyarados, L50, M|100\/100\n|-ability|p1a: Gyarados|Intimidate|boost\n|-unboost|p2a: Esbathra|atk|1\n|-unboost|p2b: Iron Juggler|atk|1\n|move|p1b: Flutter Mane|Dazzling Gleam|p2a: Esbathra|[spread] p2a,p2b\n|-supereffective|p2b: Iron Juggler\n|-damage|p2a: Esbathra|30\/100\n|-damage|p2b: Iron Juggler|13\/100\n|move|p2a: Esbathra|Lumina Crash|p1b: Flutter Mane\n|-damage|p1b: Flutter Mane|24\/100\n|-unboost|p1b: Flutter Mane|spd|2\n|move|p2b: Iron Juggler|Dark Pulse|p1a: Gyarados\n|-damage|p1a: Gyarados|72\/100\n|\n|-weather|Snow|[upkeep]\n|upkeep\n|turn|5\n|inactive|clamps1 has 30 seconds left.\n|inactive|Greenwl has 30 seconds left.\n|inactive|Greenwl has 20 seconds left.\n|inactive|Greenwl has 15 seconds left.\n|inactive|Greenwl has 10 seconds left.\n|\n|t:|1683743362\n|move|p1b: Flutter Mane|Dazzling Gleam|p2b: Iron Juggler|[spread] p2a,p2b\n|-crit|p2a: Esbathra\n|-supereffective|p2b: Iron Juggler\n|-damage|p2a: Esbathra|0 fnt\n|-damage|p2b: Iron Juggler|0 fnt\n|faint|p2a: Esbathra\n|faint|p2b: Iron Juggler\n|-end|p2b: Iron Juggler|Quark Drive|[silent]\n|move|p1a: Gyarados|Waterfall|p2: Esbathra|[notarget]\n|-fail|p1a: Gyarados\n|\n|-weather|none\n|upkeep\n|\n|t:|1683743371\n|switch|p2b: Bicycle|Cyclizar, L50, F|83\/100\n|turn|6\n|inactive|clamps1 has 30 seconds left.\n|inactive|clamps1 has 20 seconds left.\n|inactive|clamps1 has 15 seconds left.\n|inactive|clamps1 has 10 seconds left.\n|inactive|clamps1 has 5 seconds left.\n|inactive|Greenwl has 30 seconds left.\n|\n|t:|1683743432\n|move|p1b: Flutter Mane|Dazzling Gleam|p2b: Bicycle|[miss]\n|-miss|p1b: Flutter Mane|p2b: Bicycle\n|move|p2b: Bicycle|Crunch|p1b: Flutter Mane\n|-damage|p1b: Flutter Mane|0 fnt\n|faint|p1b: Flutter Mane\n|-end|p1b: Flutter Mane|Protosynthesis|[silent]\n|move|p1a: Gyarados|Taunt|p2b: Bicycle\n|-start|p2b: Bicycle|move: Taunt\n|\n|upkeep\n|inactive|clamps1 has 30 seconds left.\n|inactive|clamps1 has 20 seconds left.\n|inactive|clamps1 has 15 seconds left.\n|inactive|clamps1 has 10 seconds left.\n|inactive|clamps1 has 5 seconds left.\n|\n|t:|1683743487\n|switch|p1b: Bronzong|Bronzong, L50|13\/100\n|turn|7\n|inactive|clamps1 has 30 seconds left.\n|inactive|clamps1 has 20 seconds left.\n|inactive|clamps1 has 15 seconds left.\n|inactive|clamps1 has 10 seconds left.\n|inactive|clamps1 has 5 seconds left.\n|\n|t:|1683743542\n|move|p2b: Bicycle|Dragon Claw|p1a: Gyarados\n|-damage|p1a: Gyarados|34\/100\n|move|p1a: Gyarados|Taunt||[still]\n|-fail|p1a: Gyarados\n|move|p1b: Bronzong|Safeguard|p1b: Bronzong\n|-sidestart|p1: clamps1|Safeguard\n|\n|upkeep\n|turn|8\n|inactive|clamps1 has 30 seconds left.\n|c|\u2606clamps1|how did you avoid the attack?\n|\n|t:|1683743576\n|move|p2b: Bicycle|Dragon Claw|p1a: Gyarados\n|-damage|p1a: Gyarados|0 fnt\n|faint|p1a: Gyarados\n|move|p1b: Bronzong|Trick Room|p1b: Bronzong\n|-fieldstart|move: Trick Room|[of] p1b: Bronzong\n|\n|upkeep\n|turn|9\n|c|\u2606Greenwl|i was already taunted\n|c|\u2606clamps1|The Dazzling Gleam?\n|c|\u2606Greenwl|it not 100 percent accurate\n|inactive|clamps1 has 30 seconds left.\n|inactive|Greenwl has 30 seconds left.\n|c|\u2606Greenwl|so i avoid using luck\n|\n|t:|1683743610\n|move|p1b: Bronzong|Gyro Ball|p2b: Bicycle\n|-damage|p2b: Bicycle|5\/100\n|move|p2b: Bicycle|Crunch|p1b: Bronzong\n|-supereffective|p1b: Bronzong\n|-damage|p1b: Bronzong|0 fnt\n|faint|p1b: Bronzong\n|\n|win|Greenwl\n|raw|clamps1's rating: 1092 → 1064<\/strong> (-28 for losing)\n|raw|Greenwl's rating: 1026 → 1069<\/strong> (+43 for winning)\n|c|\u2606Greenwl|gg\n|l|\u2606Greenwl\n|c|\u2606clamps1|100% accurate hto\n","uploadtime":1683743640,"views":14,"p1id":"clamps1","p2id":"greenwl","formatid":"gen9vgc2023regulationc","rating":1064,"private":0,"password":""}