{"id":"gen9vgc2023regulationc-1853375851","p1":"Jayruws","p2":"santi_SBA","format":"[Gen 9] VGC 2023 Regulation C","log":"|j|\u2606Jayruws\n|j|\u2606santi_SBA\n|t:|1682676665\n|gametype|doubles\n|player|p1|Jayruws|flannery|1124\n|player|p2|santi_SBA|101|1161\n|teamsize|p1|6\n|teamsize|p2|6\n|gen|9\n|tier|[Gen 9] VGC 2023 Regulation C\n|rated|\n|rule|Species Clause: Limit one of each Pok\u00e9mon\n|rule|Item Clause: Limit one of each item\n|clearpoke\n|poke|p1|Palafin, L50, F|\n|poke|p1|Amoonguss, L50, M|\n|poke|p1|Arcanine, L50, M|\n|poke|p1|Flutter Mane, L50|\n|poke|p1|Ting-Lu, L50|\n|poke|p1|Gholdengo, L50|\n|poke|p2|Arcanine, L50, F|\n|poke|p2|Kingambit, L50, M|\n|poke|p2|Palafin, L50, F|\n|poke|p2|Brute Bonnet, L50|\n|poke|p2|Ting-Lu, L50|\n|poke|p2|Dragonite, L50, M|\n|teampreview|4\n|\n|t:|1682676730\n|start\n|switch|p1a: Amoonguss|Amoonguss, L50, M|100\/100\n|switch|p1b: Flutter Mane|Flutter Mane, L50|100\/100\n|switch|p2a: Dragonite|Dragonite, L50, M|100\/100\n|switch|p2b: Kingambit|Kingambit, L50, M|100\/100\n|-enditem|p1b: Flutter Mane|Booster Energy\n|-activate|p1b: Flutter Mane|ability: Protosynthesis|[fromitem]\n|-start|p1b: Flutter Mane|protosynthesisspe\n|turn|1\n|inactive|Battle timer is ON: inactive players will automatically lose when time's up. (requested by santi_SBA)\n|inactive|santi_SBA has 60 seconds left.\n|\n|t:|1682676784\n|-terastallize|p2a: Dragonite|Normal\n|move|p1b: Flutter Mane|Protect|p1b: Flutter Mane\n|-singleturn|p1b: Flutter Mane|Protect\n|move|p2a: Dragonite|Ice Spinner|p1a: Amoonguss\n|-supereffective|p1a: Amoonguss\n|-damage|p1a: Amoonguss|19\/100\n|move|p2b: Kingambit|Kowtow Cleave|p1b: Flutter Mane\n|-activate|p1b: Flutter Mane|move: Protect\n|move|p1a: Amoonguss|Spore|p2a: Dragonite\n|-status|p2a: Dragonite|slp|[from] move: Spore\n|\n|-heal|p1a: Amoonguss|25\/100|[from] item: Black Sludge\n|upkeep\n|turn|2\n|inactive|Jayruws has 30 seconds left.\n|inactive|santi_SBA has 30 seconds left.\n|inactive|Jayruws has 20 seconds left.\n|inactive|santi_SBA has 20 seconds left.\n|inactive|Jayruws has 15 seconds left.\n|inactive|santi_SBA has 15 seconds left.\n|inactive|Jayruws has 10 seconds left.\n|inactive|santi_SBA has 10 seconds left.\n|inactive|Jayruws has 5 seconds left.\n|\n|t:|1682676836\n|-end|p1b: Flutter Mane|Protosynthesis|[silent]\n|switch|p1b: Ting-Lu|Ting-Lu, L50|100\/100\n|-ability|p1b: Ting-Lu|Vessel of Ruin\n|switch|p2a: Brute Bonnet|Brute Bonnet, L50|100\/100\n|move|p2b: Kingambit|Kowtow Cleave|p1a: Amoonguss\n|-damage|p1a: Amoonguss|0 fnt\n|faint|p1a: Amoonguss\n|\n|upkeep\n|\n|t:|1682676841\n|switch|p1a: Flutter Mane|Flutter Mane, L50|100\/100\n|turn|3\n|\n|t:|1682676864\n|switch|p2b: Dragonite|Dragonite, L50, M, tera:Normal|100\/100 slp\n|move|p2a: Brute Bonnet|Sucker Punch|p1a: Flutter Mane\n|-damage|p1a: Flutter Mane|21\/100\n|move|p1a: Flutter Mane|Moonblast|p2a: Brute Bonnet\n|-supereffective|p2a: Brute Bonnet\n|-damage|p2a: Brute Bonnet|42\/100\n|move|p1b: Ting-Lu|Fissure|p2b: Dragonite|[miss]\n|-miss|p1b: Ting-Lu|p2b: Dragonite\n|\n|upkeep\n|turn|4\n|inactive|santi_SBA has 30 seconds left.\n|\n|t:|1682676896\n|move|p1a: Flutter Mane|Protect|p1a: Flutter Mane\n|-singleturn|p1a: Flutter Mane|Protect\n|move|p2a: Brute Bonnet|Sucker Punch||[still]\n|-fail|p2a: Brute Bonnet\n|cant|p2b: Dragonite|slp\n|move|p1b: Ting-Lu|Heavy Slam|p2a: Brute Bonnet\n|-damage|p2a: Brute Bonnet|19\/100\n|\n|upkeep\n|turn|5\n|\n|t:|1682676909\n|-end|p1a: Flutter Mane|Protosynthesis|[silent]\n|switch|p1a: Palafin|Palafin, L50, F|100\/100\n|move|p2a: Brute Bonnet|Sucker Punch||[still]\n|-fail|p2a: Brute Bonnet\n|-curestatus|p2b: Dragonite|slp|[msg]\n|move|p2b: Dragonite|Ice Spinner|p1b: Ting-Lu\n|-supereffective|p1b: Ting-Lu\n|-damage|p1b: Ting-Lu|60\/100\n|move|p1b: Ting-Lu|Heavy Slam|p2a: Brute Bonnet\n|-damage|p2a: Brute Bonnet|0 fnt\n|faint|p2a: Brute Bonnet\n|-end|p2a: Brute Bonnet|Protosynthesis|[silent]\n|\n|upkeep\n|inactive|santi_SBA has 30 seconds left.\n|\n|t:|1682676937\n|switch|p2a: Kingambit|Kingambit, L50, M|100\/100\n|turn|6\n|inactive|Jayruws has 30 seconds left.\n|\n|t:|1682676963\n|move|p1a: Palafin|Close Combat|p2a: Kingambit\n|-supereffective|p2a: Kingambit\n|-damage|p2a: Kingambit|0 fnt\n|-unboost|p1a: Palafin|def|1\n|-unboost|p1a: Palafin|spd|1\n|faint|p2a: Kingambit\n|move|p2b: Dragonite|Ice Spinner|p1b: Ting-Lu\n|-supereffective|p1b: Ting-Lu\n|-damage|p1b: Ting-Lu|20\/100\n|move|p1b: Ting-Lu|Fissure|p2b: Dragonite|[miss]\n|-miss|p1b: Ting-Lu|p2b: Dragonite\n|\n|upkeep\n|\n|t:|1682676973\n|switch|p2a: Ting-Lu|Ting-Lu, L50|100\/100\n|-ability|p2a: Ting-Lu|Vessel of Ruin\n|turn|7\n|\n|t:|1682676985\n|move|p1a: Palafin|Close Combat|p2b: Dragonite\n|-supereffective|p2b: Dragonite\n|-damage|p2b: Dragonite|57\/100\n|-unboost|p1a: Palafin|def|1\n|-unboost|p1a: Palafin|spd|1\n|move|p2b: Dragonite|Ice Spinner|p1b: Ting-Lu\n|-supereffective|p1b: Ting-Lu\n|-damage|p1b: Ting-Lu|0 fnt\n|faint|p1b: Ting-Lu\n|move|p2a: Ting-Lu|Stomping Tantrum|p1a: Palafin\n|-damage|p1a: Palafin|4\/100\n|\n|upkeep\n|\n|t:|1682676988\n|switch|p1b: Flutter Mane|Flutter Mane, L50|21\/100\n|turn|8\n|\n|t:|1682677007\n|-terastallize|p1b: Flutter Mane|Steel\n|move|p1b: Flutter Mane|Moonblast|p2a: Ting-Lu\n|-supereffective|p2a: Ting-Lu\n|-damage|p2a: Ting-Lu|64\/100\n|move|p1a: Palafin|Close Combat|p2b: Dragonite\n|-supereffective|p2b: Dragonite\n|-damage|p2b: Dragonite|0 fnt\n|-unboost|p1a: Palafin|def|1\n|-unboost|p1a: Palafin|spd|1\n|faint|p2b: Dragonite\n|move|p2a: Ting-Lu|Snarl|p1b: Flutter Mane|[spread] p1a,p1b\n|-crit|p1a: Palafin\n|-damage|p1a: Palafin|0 fnt\n|-damage|p1b: Flutter Mane|11\/100\n|-unboost|p1b: Flutter Mane|spa|1\n|faint|p1a: Palafin\n|\n|upkeep\n|turn|9\n|\n|t:|1682677022\n|move|p1b: Flutter Mane|Moonblast|p2a: Ting-Lu\n|-supereffective|p2a: Ting-Lu\n|-damage|p2a: Ting-Lu|41\/100\n|move|p2a: Ting-Lu|Heavy Slam|p1b: Flutter Mane\n|-resisted|p1b: Flutter Mane\n|-crit|p1b: Flutter Mane\n|-damage|p1b: Flutter Mane|0 fnt\n|faint|p1b: Flutter Mane\n|-end|p1b: Flutter Mane|Protosynthesis|[silent]\n|\n|win|santi_SBA\n|raw|Jayruws's rating: 1124 → 1102<\/strong> (-22 for losing)\n|raw|santi_SBA's rating: 1161 → 1183<\/strong> (+22 for winning)\n|l|\u2606Jayruws\n","uploadtime":1682677047,"views":13,"p1id":"jayruws","p2id":"santisba","formatid":"gen9vgc2023regulationc","rating":1102,"private":0,"password":""}