{"id":"gen9vgc2023regulationc-1847354917","p1":"Kirizizo","p2":"tyKer100","format":"[Gen 9] VGC 2023 Regulation C","log":"|j|\u2606Kirizizo\n|j|\u2606tyKer100\n|t:|1681941758\n|gametype|doubles\n|player|p1|Kirizizo|lance|1182\n|player|p2|tyKer100|rood|1101\n|teamsize|p1|6\n|teamsize|p2|6\n|gen|9\n|tier|[Gen 9] VGC 2023 Regulation C\n|rated|\n|rule|Species Clause: Limit one of each Pok\u00e9mon\n|rule|Item Clause: Limit one of each item\n|clearpoke\n|poke|p1|Dondozo, L50, F|\n|poke|p1|Tatsugiri-Stretchy, L50, M|\n|poke|p1|Chi-Yu, L50|\n|poke|p1|Flutter Mane, L50|\n|poke|p1|Dragonite, L50, M|\n|poke|p1|Glimmora, L50, M|\n|poke|p2|Primeape, L50, F|\n|poke|p2|Cyclizar, L50, F|\n|poke|p2|Indeedee-F, L50, F|\n|poke|p2|Chien-Pao, L50|\n|poke|p2|Lokix, L50, M|\n|poke|p2|Iron Hands, L50|\n|teampreview|4\n|\n|t:|1681941787\n|start\n|switch|p1a: Tatsugiri|Tatsugiri-Stretchy, L50, M|100\/100\n|switch|p1b: Flutter Mane|Flutter Mane, L50|100\/100\n|switch|p2a: Cyclizar|Cyclizar, L50, F|100\/100\n|switch|p2b: Indeedee|Indeedee-F, L50, F|100\/100\n|-fieldstart|move: Psychic Terrain|[from] ability: Psychic Surge|[of] p2b: Indeedee\n|-enditem|p1b: Flutter Mane|Booster Energy\n|-activate|p1b: Flutter Mane|ability: Protosynthesis|[fromitem]\n|-start|p1b: Flutter Mane|protosynthesisspe\n|turn|1\n|\n|t:|1681941802\n|move|p2a: Cyclizar|Protect|p2a: Cyclizar\n|-singleturn|p2a: Cyclizar|Protect\n|move|p1b: Flutter Mane|Substitute|p1b: Flutter Mane\n|-start|p1b: Flutter Mane|Substitute\n|-damage|p1b: Flutter Mane|76\/100\n|move|p1a: Tatsugiri|Muddy Water|p2a: Cyclizar|[spread] p2b\n|-activate|p2a: Cyclizar|move: Protect\n|-damage|p2b: Indeedee|58\/100\n|move|p2b: Indeedee|Trick Room|p2b: Indeedee\n|-fieldstart|move: Trick Room|[of] p2b: Indeedee\n|\n|upkeep\n|turn|2\n|\n|t:|1681941820\n|-terastallize|p2a: Cyclizar|Ghost\n|move|p2b: Indeedee|Draining Kiss|p1a: Tatsugiri\n|-supereffective|p1a: Tatsugiri\n|-damage|p1a: Tatsugiri|76\/100\n|-heal|p2b: Indeedee|76\/100|[from] drain|[of] p1a: Tatsugiri\n|move|p1a: Tatsugiri|Muddy Water|p2a: Cyclizar|[spread] p2a\n|-miss|p1a: Tatsugiri|p2b: Indeedee\n|-damage|p2a: Cyclizar|16\/100\n|-unboost|p2a: Cyclizar|accuracy|1\n|-enditem|p2a: Cyclizar|Sitrus Berry|[eat]\n|-heal|p2a: Cyclizar|41\/100|[from] item: Sitrus Berry\n|move|p2a: Cyclizar|Shed Tail|p2a: Cyclizar\n|-fail|p2a: Cyclizar|move: Shed Tail|[weak]\n|move|p1b: Flutter Mane|Moonblast|p2a: Cyclizar\n|-damage|p2a: Cyclizar|0 fnt\n|faint|p2a: Cyclizar\n|\n|upkeep\n|\n|t:|1681941832\n|switch|p2a: Primeape|Primeape, L50, F|100\/100\n|turn|3\n|\n|t:|1681941846\n|move|p2a: Primeape|Protect|p2a: Primeape\n|-singleturn|p2a: Primeape|Protect\n|move|p1b: Flutter Mane|Protect|p1b: Flutter Mane\n|-singleturn|p1b: Flutter Mane|Protect\n|move|p2b: Indeedee|Draining Kiss|p1a: Tatsugiri\n|-supereffective|p1a: Tatsugiri\n|-damage|p1a: Tatsugiri|50\/100\n|-heal|p2b: Indeedee|96\/100|[from] drain|[of] p1a: Tatsugiri\n|move|p1a: Tatsugiri|Muddy Water|p2b: Indeedee|[spread] \n|-activate|p2a: Primeape|move: Protect\n|-miss|p1a: Tatsugiri|p2b: Indeedee\n|\n|upkeep\n|turn|4\n|\n|t:|1681941863\n|move|p2b: Indeedee|Draining Kiss|p1a: Tatsugiri\n|-supereffective|p1a: Tatsugiri\n|-damage|p1a: Tatsugiri|26\/100\n|-heal|p2b: Indeedee|100\/100|[from] drain|[of] p1a: Tatsugiri\n|move|p1a: Tatsugiri|Muddy Water|p2a: Primeape|[spread] p2a,p2b\n|-damage|p2a: Primeape|51\/100\n|-damage|p2b: Indeedee|61\/100\n|move|p2a: Primeape|Rage Fist|p1b: Flutter Mane\n|-supereffective|p1b: Flutter Mane\n|-end|p1b: Flutter Mane|Substitute\n|move|p1b: Flutter Mane|Moonblast|p2a: Primeape\n|-supereffective|p2a: Primeape\n|-damage|p2a: Primeape|0 fnt\n|faint|p2a: Primeape\n|\n|upkeep\n|\n|t:|1681941876\n|switch|p2a: Chien-Pao|Chien-Pao, L50|100\/100\n|-ability|p2a: Chien-Pao|Sword of Ruin\n|turn|5\n|\n|t:|1681941885\n|move|p2a: Chien-Pao|Protect|p2a: Chien-Pao\n|-singleturn|p2a: Chien-Pao|Protect\n|move|p1b: Flutter Mane|Protect|p1b: Flutter Mane\n|-singleturn|p1b: Flutter Mane|Protect\n|move|p2b: Indeedee|Draining Kiss|p1a: Tatsugiri\n|-supereffective|p1a: Tatsugiri\n|-damage|p1a: Tatsugiri|1\/100\n|-heal|p2b: Indeedee|80\/100|[from] drain|[of] p1a: Tatsugiri\n|move|p1a: Tatsugiri|Muddy Water|p2a: Chien-Pao|[spread] p2b\n|-activate|p2a: Chien-Pao|move: Protect\n|-damage|p2b: Indeedee|41\/100\n|\n|-fieldend|move: Trick Room\n|-fieldend|move: Psychic Terrain\n|upkeep\n|turn|6\n|\n|t:|1681941906\n|-terastallize|p1b: Flutter Mane|Steel\n|move|p1b: Flutter Mane|Moonblast|p2a: Chien-Pao\n|-supereffective|p2a: Chien-Pao\n|-enditem|p2a: Chien-Pao|Focus Sash\n|-damage|p2a: Chien-Pao|1\/100\n|-unboost|p2a: Chien-Pao|spa|1\n|move|p2a: Chien-Pao|Crunch|p1b: Flutter Mane\n|-damage|p1b: Flutter Mane|0 fnt\n|faint|p1b: Flutter Mane\n|-end|p1b: Flutter Mane|Protosynthesis|[silent]\n|move|p1a: Tatsugiri|Muddy Water|p2a: Chien-Pao|[spread] p2b\n|-miss|p1a: Tatsugiri|p2a: Chien-Pao\n|-damage|p2b: Indeedee|4\/100\n|-unboost|p2b: Indeedee|accuracy|1\n|move|p2b: Indeedee|Draining Kiss|p1a: Tatsugiri|[miss]\n|-miss|p2b: Indeedee|p1a: Tatsugiri\n|\n|upkeep\n|\n|t:|1681941921\n|switch|p1b: Dondozo|Dondozo, L50, F|100\/100\n|turn|7\n|-message|tyKer100 forfeited.\n|\n|win|Kirizizo\n|raw|Kirizizo's rating: 1182 → 1201<\/strong> (+19 for winning)\n|raw|tyKer100's rating: 1101 → 1082<\/strong> (-19 for losing)\n|l|\u2606tyKer100\n","uploadtime":1681941927,"views":4,"p1id":"kirizizo","p2id":"tyker100","formatid":"gen9vgc2023regulationc","rating":1082,"private":0,"password":""}