{"id":"gen9vgc2023regulationc-1862884730","p1":"haydyg","p2":"BFO Ethanol","format":"[Gen 9] VGC 2023 Regulation C","log":"|j|\u2606haydyg\n|j|\u2606BFO Ethanol\n|t:|1683933623\n|gametype|doubles\n|player|p1|haydyg|eusine|\n|player|p2|BFO Ethanol|wallace|\n|teamsize|p1|6\n|teamsize|p2|6\n|gen|9\n|tier|[Gen 9] VGC 2023 Regulation C\n|rule|Species Clause: Limit one of each Pok\u00e9mon\n|rule|Item Clause: Limit one of each item\n|clearpoke\n|poke|p1|Impidimp, L5, M|\n|poke|p1|Deerling, L5, M|\n|poke|p1|Fletchling, L5, F|\n|poke|p1|Flittle, L5, F|\n|poke|p1|Goomy, L5, M|\n|poke|p1|Snorunt, L5, F|\n|poke|p2|Scyther, L5, F|\n|poke|p2|Crabrawler, L5, F|\n|poke|p2|Bonsly, L5, F|\n|poke|p2|Toedscool, L5, F|\n|poke|p2|Rolycoly, L5, M|\n|poke|p2|Nymble, L5, F|\n|teampreview|4\n|c|\u2606BFO Ethanol|glhf!\nhaydyg rejected open team sheets.\n|c|\u2606haydyg|and you!\n|c|\u2606haydyg|Will give it a minute to see if anyone wants to pop in\n|c|\u2606BFO Ethanol|sounds good\n|c|\u2606haydyg|Just gonna run to toillete, be 1 sec\n|c|\u2606haydyg|I've picked 4\n|c|\u2606BFO Ethanol|ah ace\n|\n|t:|1683933797\n|start\n|switch|p1a: Impling|Impidimp, L5, M|100\/100\n|switch|p1b: Deeradimp|Deerling, L5, M, shiny|100\/100\n|switch|p2a: \ud83d\ude82\ud83d\ude82Dwayne\ud83d\ude82\ud83d\ude82|Rolycoly, L5, M|100\/100\n|switch|p2b: \ud83e\udd97\ud83e\udd97Big Jack\ud83e\udd97\ud83e\udd97|Nymble, L5, F|100\/100\n|turn|1\n|c|\u2606haydyg|Looks like we are lonely boys\n|\n|t:|1683933903\n|move|p1a: Impling|Fake Out|p2b: \ud83e\udd97\ud83e\udd97Big Jack\ud83e\udd97\ud83e\udd97\n|-damage|p2b: \ud83e\udd97\ud83e\udd97Big Jack\ud83e\udd97\ud83e\udd97|85\/100\n|cant|p2b: \ud83e\udd97\ud83e\udd97Big Jack\ud83e\udd97\ud83e\udd97|flinch\n|move|p1b: Deeradimp|Energy Ball|p2a: \ud83d\ude82\ud83d\ude82Dwayne\ud83d\ude82\ud83d\ude82\n|-supereffective|p2a: \ud83d\ude82\ud83d\ude82Dwayne\ud83d\ude82\ud83d\ude82\n|-damage|p2a: \ud83d\ude82\ud83d\ude82Dwayne\ud83d\ude82\ud83d\ude82|37\/100\n|move|p2a: \ud83d\ude82\ud83d\ude82Dwayne\ud83d\ude82\ud83d\ude82|Reflect|p2a: \ud83d\ude82\ud83d\ude82Dwayne\ud83d\ude82\ud83d\ude82\n|-sidestart|p2: BFO Ethanol|Reflect\n|\n|upkeep\n|turn|2\n|j| H0p5t3r\n|c|\u2606BFO Ethanol|it is more than a little later than usual to be fair\n|c| H0p5t3r|I'm here\n|\n|t:|1683933947\n|move|p1a: Impling|Parting Shot|p2b: \ud83e\udd97\ud83e\udd97Big Jack\ud83e\udd97\ud83e\udd97\n|-unboost|p2b: \ud83e\udd97\ud83e\udd97Big Jack\ud83e\udd97\ud83e\udd97|atk|1\n|-unboost|p2b: \ud83e\udd97\ud83e\udd97Big Jack\ud83e\udd97\ud83e\udd97|spa|1\n|c| H0p5t3r|wouldn't miss it for the world\n|\n|t:|1683933952\n|switch|p1a: Flettle|Fletchling, L5, F|100\/100|[from] Parting Shot\n|move|p1b: Deeradimp|Energy Ball|p2a: \ud83d\ude82\ud83d\ude82Dwayne\ud83d\ude82\ud83d\ude82\n|-supereffective|p2a: \ud83d\ude82\ud83d\ude82Dwayne\ud83d\ude82\ud83d\ude82\n|-damage|p2a: \ud83d\ude82\ud83d\ude82Dwayne\ud83d\ude82\ud83d\ude82|0 fnt\n|faint|p2a: \ud83d\ude82\ud83d\ude82Dwayne\ud83d\ude82\ud83d\ude82\n|move|p2b: \ud83e\udd97\ud83e\udd97Big Jack\ud83e\udd97\ud83e\udd97|Leech Life|p1b: Deeradimp\n|-supereffective|p1b: Deeradimp\n|-damage|p1b: Deeradimp|29\/100\n|-heal|p2b: \ud83e\udd97\ud83e\udd97Big Jack\ud83e\udd97\ud83e\udd97|100\/100|[from] drain|[of] p1b: Deeradimp\n|\n|upkeep\n|\n|t:|1683933962\n|switch|p2a: \ud83c\udf33\ud83c\udf33Dave\ud83c\udf33\ud83c\udf33|Bonsly, L5, F|100\/100\n|turn|3\n|\n|t:|1683933978\n|move|p1a: Flettle|Tailwind|p1a: Flettle\n|-sidestart|p1: haydyg|move: Tailwind\n|move|p2b: \ud83e\udd97\ud83e\udd97Big Jack\ud83e\udd97\ud83e\udd97|Sucker Punch|p1b: Deeradimp\n|-damage|p1b: Deeradimp|4\/100\n|move|p1b: Deeradimp|Energy Ball|p2a: \ud83c\udf33\ud83c\udf33Dave\ud83c\udf33\ud83c\udf33\n|-supereffective|p2a: \ud83c\udf33\ud83c\udf33Dave\ud83c\udf33\ud83c\udf33\n|-damage|p2a: \ud83c\udf33\ud83c\udf33Dave\ud83c\udf33\ud83c\udf33|34\/100\n|move|p2a: \ud83c\udf33\ud83c\udf33Dave\ud83c\udf33\ud83c\udf33|Rock Slide|p1b: Deeradimp|[spread] p1a,p1b\n|-supereffective|p1a: Flettle\n|-damage|p1a: Flettle|19\/100\n|-damage|p1b: Deeradimp|0 fnt\n|faint|p1b: Deeradimp\n|\n|upkeep\n|\n|t:|1683933991\n|switch|p1b: Impling|Impidimp, L5, M|100\/100\n|turn|4\n|\n|t:|1683934017\n|move|p1b: Impling|Fake Out|p2b: \ud83e\udd97\ud83e\udd97Big Jack\ud83e\udd97\ud83e\udd97\n|-damage|p2b: \ud83e\udd97\ud83e\udd97Big Jack\ud83e\udd97\ud83e\udd97|90\/100\n|cant|p2b: \ud83e\udd97\ud83e\udd97Big Jack\ud83e\udd97\ud83e\udd97|flinch\n|move|p1a: Flettle|Heat Wave|p2a: \ud83c\udf33\ud83c\udf33Dave\ud83c\udf33\ud83c\udf33|[spread] p2a,p2b\n|-resisted|p2a: \ud83c\udf33\ud83c\udf33Dave\ud83c\udf33\ud83c\udf33\n|-supereffective|p2b: \ud83e\udd97\ud83e\udd97Big Jack\ud83e\udd97\ud83e\udd97\n|-damage|p2a: \ud83c\udf33\ud83c\udf33Dave\ud83c\udf33\ud83c\udf33|20\/100\n|-damage|p2b: \ud83e\udd97\ud83e\udd97Big Jack\ud83e\udd97\ud83e\udd97|27\/100\n|-enditem|p2a: \ud83c\udf33\ud83c\udf33Dave\ud83c\udf33\ud83c\udf33|Liechi Berry|[eat]\n|-boost|p2a: \ud83c\udf33\ud83c\udf33Dave\ud83c\udf33\ud83c\udf33|atk|1|[from] item: Liechi Berry\n|move|p2a: \ud83c\udf33\ud83c\udf33Dave\ud83c\udf33\ud83c\udf33|Rock Slide|p1b: Impling|[spread] p1a,p1b\n|-supereffective|p1a: Flettle\n|-damage|p1a: Flettle|0 fnt\n|-damage|p1b: Impling|38\/100\n|faint|p1a: Flettle\n|\n|upkeep\n|c|\u2606haydyg|l-l-l-l-liechi berry\n|\n|t:|1683934038\n|switch|p1a: Gomunt|Goomy, L5, M|100\/100\n|turn|5\n|\n|t:|1683934053\n|move|p2b: \ud83e\udd97\ud83e\udd97Big Jack\ud83e\udd97\ud83e\udd97|Sucker Punch|p1a: Gomunt\n|-damage|p1a: Gomunt|80\/100\n|move|p2a: \ud83c\udf33\ud83c\udf33Dave\ud83c\udf33\ud83c\udf33|Sucker Punch|p1a: Gomunt\n|-damage|p1a: Gomunt|30\/100\n|move|p1a: Gomunt|Rock Slide|p2b: \ud83e\udd97\ud83e\udd97Big Jack\ud83e\udd97\ud83e\udd97|[spread] p2b\n|-miss|p1a: Gomunt|p2a: \ud83c\udf33\ud83c\udf33Dave\ud83c\udf33\ud83c\udf33\n|-supereffective|p2b: \ud83e\udd97\ud83e\udd97Big Jack\ud83e\udd97\ud83e\udd97\n|-crit|p2b: \ud83e\udd97\ud83e\udd97Big Jack\ud83e\udd97\ud83e\udd97\n|-damage|p2b: \ud83e\udd97\ud83e\udd97Big Jack\ud83e\udd97\ud83e\udd97|0 fnt\n|faint|p2b: \ud83e\udd97\ud83e\udd97Big Jack\ud83e\udd97\ud83e\udd97\n|move|p1b: Impling|Dark Pulse|p2a: \ud83c\udf33\ud83c\udf33Dave\ud83c\udf33\ud83c\udf33\n|-crit|p2a: \ud83c\udf33\ud83c\udf33Dave\ud83c\udf33\ud83c\udf33\n|-damage|p2a: \ud83c\udf33\ud83c\udf33Dave\ud83c\udf33\ud83c\udf33|0 fnt\n|faint|p2a: \ud83c\udf33\ud83c\udf33Dave\ud83c\udf33\ud83c\udf33\n|\n|-sideend|p2: BFO Ethanol|Reflect\n|upkeep\n|c|\u2606haydyg|ouch\n|\n|t:|1683934065\n|switch|p2b: \u2702\ufe0f\u2702\ufe0fEdward\u2702\ufe0f\u2702\ufe0f|Scyther, L5, F|100\/100\n|turn|6\n|c| H0p5t3r|scyther\n|c| H0p5t3r|yeah\n|c| H0p5t3r|obviously\n|c| H0p5t3r|gl Haudm\n|c| H0p5t3r|Haydn\n|c| H0p5t3r|I've had a full bottle of wine shh\n|c|\u2606haydyg|very nice\n|c|\u2606BFO Ethanol|very nice indeed\n|\n|t:|1683934093\n|move|p1a: Gomunt|Rock Slide|p2b: \u2702\ufe0f\u2702\ufe0fEdward\u2702\ufe0f\u2702\ufe0f\n|-supereffective|p2b: \u2702\ufe0f\u2702\ufe0fEdward\u2702\ufe0f\u2702\ufe0f\n|-damage|p2b: \u2702\ufe0f\u2702\ufe0fEdward\u2702\ufe0f\u2702\ufe0f|31\/100\n|move|p1b: Impling|Dark Pulse|p2b: \u2702\ufe0f\u2702\ufe0fEdward\u2702\ufe0f\u2702\ufe0f\n|-damage|p2b: \u2702\ufe0f\u2702\ufe0fEdward\u2702\ufe0f\u2702\ufe0f|0 fnt\n|faint|p2b: \u2702\ufe0f\u2702\ufe0fEdward\u2702\ufe0f\u2702\ufe0f\n|\n|win|haydyg\n|c| H0p5t3r|Still beat Jekabs\n|c| H0p5t3r|THERE IT IS\n|c| H0p5t3r|the rocks\n|c| H0p5t3r|GG\n|c|\u2606BFO Ethanol|gg!\n|c|\u2606haydyg|gg!\n|c|\u2606BFO Ethanol|I uh\n|c| H0p5t3r|BO3\n|c| H0p5t3r|in playoffs\n|c|\u2606BFO Ethanol|forgot tailwind\n|c|\u2606BFO Ethanol|lol\n|c| H0p5t3r|lmao\n|c|\u2606haydyg|:)\n","uploadtime":1683934119,"views":15,"p1id":"haydyg","p2id":"bfoethanol","formatid":"gen9vgc2023regulationc","rating":0,"private":0,"password":""}