{"id":"gen9vgc2023regulationc-1859210879","p1":"Frozen_ATM","p2":"MrCharlieChappie","format":"[Gen 9] VGC 2023 Regulation C","log":"|j|\u2606Frozen_ATM\n|j|\u2606MrCharlieChappie\n|t:|1683418460\n|gametype|doubles\n|player|p1|Frozen_ATM|boarder|\n|player|p2|MrCharlieChappie|169|\n|teamsize|p1|6\n|teamsize|p2|6\n|gen|9\n|tier|[Gen 9] VGC 2023 Regulation C\n|rule|Species Clause: Limit one of each Pok\u00e9mon\n|rule|Item Clause: Limit one of each item\n|clearpoke\n|poke|p1|Kingambit, L50, F|\n|poke|p1|Rotom-Fan, L50|\n|poke|p1|Iron Bundle, L50|\n|poke|p1|Foongus, L50, M|\n|poke|p1|Gallade, L50, M|\n|poke|p1|Wigglytuff, L50, F|\n|poke|p2|Mimikyu, L50, F|\n|poke|p2|Grafaiai, L50, F|\n|poke|p2|Dragalge, L50, M|\n|poke|p2|Gyarados, L50, F|\n|poke|p2|Volcarona, L50, F|\n|poke|p2|Muk, L50, F|\n|teampreview|4\n|c|\u2606Frozen_ATM|G2\n|j| anthonynn\n|j| Toronto 6ix\n|c| Toronto 6ix|Wigglytuff ftw! Lol\n|\n|t:|1683418901\n|start\n|switch|p1a: Foongus|Foongus, L50, M|100\/100\n|switch|p1b: Gallade|Gallade, L50, M|100\/100\n|switch|p2a: Mimikyu|Mimikyu, L50, F|100\/100\n|switch|p2b: Volcarona|Volcarona, L50, F|100\/100\n|turn|1\n|c| Toronto 6ix|Aman aman aman aman aman\n|c| anthonynn|*leaves*\n|c| Toronto 6ix|Gets kicked then cries?\n|\n|t:|1683418930\n|-terastallize|p1b: Gallade|Fairy\n|move|p1b: Gallade|Rock Slide|p2a: Mimikyu|[spread] p2a,p2b\n|-supereffective|p2b: Volcarona\n|-activate|p2a: Mimikyu|ability: Disguise\n|-damage|p2a: Mimikyu|100\/100\n|-damage|p2b: Volcarona|0 fnt\n|detailschange|p2a: Mimikyu|Mimikyu-Busted, L50, F\n|-damage|p2a: Mimikyu|88\/100|[from] pokemon: Mimikyu-Busted\n|faint|p2b: Volcarona\n|move|p2a: Mimikyu|Will-O-Wisp|p1b: Gallade\n|-status|p1b: Gallade|brn\n|move|p1a: Foongus|Spore|p2a: Mimikyu\n|-status|p2a: Mimikyu|slp|[from] move: Spore\n|\n|-damage|p1b: Gallade|95\/100 brn|[from] brn\n|upkeep\n|j| SpaceCityVGC\n|c| SpaceCityVGC|anmananman\n|c|\u2606Frozen_ATM|theres no sleep clause right\n|c| Toronto 6ix|Yo space, when we battling tomorrow\n|\n|t:|1683418961\n|switch|p2b: Dragalge|Dragalge, L50, M|100\/100\n|turn|2\n|c| Toronto 6ix|Quiet singles player lol\n|c|\u2606Frozen_ATM|lmao\n|c| anthonynn|lmao Going for the jugular\n|c|\u2606Frozen_ATM|is there?\n|c| Toronto 6ix|Clauses\n|c|\u2606Frozen_ATM|or can i put dragalge to sleep as well\n|c| Toronto 6ix|Why am I explaining rules during the match\n|c|\u2606MrCharlieChappie|There's no sleep clause\n|c|\u2606Frozen_ATM|ok\n|c| Toronto 6ix|Just battle and get dq'd\n|c| anthonynn|hes joking\n|c| anthonynn|kinda\n|\n|t:|1683419019\n|move|p2b: Dragalge|Protect|p2b: Dragalge\n|-singleturn|p2b: Dragalge|Protect\n|cant|p2a: Mimikyu|slp\n|move|p1b: Gallade|Psycho Cut|p2b: Dragalge\n|-activate|p2b: Dragalge|move: Protect\n|move|p1a: Foongus|Foul Play|p2b: Dragalge\n|-activate|p2b: Dragalge|move: Protect\n|\n|-damage|p1b: Gallade|89\/100 brn|[from] brn\n|upkeep\n|turn|3\n|\n|t:|1683419041\n|-curestatus|p2a: Mimikyu|slp|[msg]\n|move|p2a: Mimikyu|Shadow Sneak|p1b: Gallade\n|-damage|p1b: Gallade|62\/100 brn\n|move|p1b: Gallade|Psycho Cut|p2b: Dragalge\n|-supereffective|p2b: Dragalge\n|-crit|p2b: Dragalge\n|-damage|p2b: Dragalge|0 fnt\n|faint|p2b: Dragalge\n|move|p1a: Foongus|Spore|p2a: Mimikyu\n|-status|p2a: Mimikyu|slp|[from] move: Spore\n|\n|-damage|p1b: Gallade|56\/100 brn|[from] brn\n|upkeep\n|c|\u2606Frozen_ATM|sorry about the crit\n|c| Toronto 6ix|Asks if he can put dragalge to sleep, proceeds to not put dragalge to sleep lol\n|c|\u2606MrCharlieChappie|crit haxed nice\n|c|\u2606Frozen_ATM|probs mattered\n|c|\u2606MrCharlieChappie|while burned\n|\n|t:|1683419060\n|switch|p2b: Gyarados|Gyarados, L50, F|100\/100\n|turn|4\n|c| Toronto 6ix|High crit move lol\n|\n|t:|1683419080\n|cant|p2a: Mimikyu|slp\n|move|p1b: Gallade|Rock Slide|p2a: Mimikyu|[spread] p2a,p2b\n|-supereffective|p2b: Gyarados\n|-damage|p2a: Mimikyu|76\/100 slp\n|-damage|p2b: Gyarados|77\/100\n|cant|p2b: Gyarados|flinch\n|move|p1a: Foongus|Spore|p2b: Gyarados\n|-status|p2b: Gyarados|slp|[from] move: Spore\n|-enditem|p2b: Gyarados|Lum Berry|[eat]\n|-curestatus|p2b: Gyarados|slp|[msg]\n|\n|-damage|p1b: Gallade|51\/100 brn|[from] brn\n|upkeep\n|turn|5\n|c| anthonynn|its ok Eli we still love you\n|c|\u2606Frozen_ATM|so sorry\n|c| SpaceCityVGC|lmao\n|c| Toronto 6ix|Oof ELI don't jump!!\n|\n|t:|1683419100\n|move|p1b: Gallade|Rock Slide|p2b: Gyarados|[spread] p2a,p2b\n|-supereffective|p2b: Gyarados\n|-damage|p2a: Mimikyu|65\/100 slp\n|-damage|p2b: Gyarados|53\/100\n|cant|p2a: Mimikyu|slp\n|move|p2b: Gyarados|Earthquake|p1b: Gallade|[spread] p2a,p1a,p1b\n|-crit|p1a: Foongus\n|-damage|p2a: Mimikyu|37\/100 slp\n|-damage|p1a: Foongus|30\/100\n|-damage|p1b: Gallade|10\/100 brn\n|move|p1a: Foongus|Spore|p2b: Gyarados\n|-status|p2b: Gyarados|slp|[from] move: Spore\n|\n|-damage|p1b: Gallade|4\/100 brn|[from] brn\n|upkeep\n|turn|6\n|\n|t:|1683419129\n|-curestatus|p2a: Mimikyu|slp|[msg]\n|move|p2a: Mimikyu|Shadow Sneak|p1a: Foongus\n|-damage|p1a: Foongus|0 fnt\n|faint|p1a: Foongus\n|move|p1b: Gallade|Rock Slide|p2b: Gyarados|[spread] p2a,p2b\n|-supereffective|p2b: Gyarados\n|-damage|p2a: Mimikyu|24\/100\n|-damage|p2b: Gyarados|28\/100 slp\n|-enditem|p2a: Mimikyu|Aguav Berry|[eat]\n|-heal|p2a: Mimikyu|57\/100|[from] item: Aguav Berry\n|cant|p2b: Gyarados|slp\n|\n|-damage|p1b: Gallade|0 fnt|[from] brn\n|faint|p1b: Gallade\n|upkeep\n|\n|t:|1683419138\n|switch|p1b: Kingambit|Kingambit, L50, F|100\/100\n|switch|p1a: Iron Bundle|Iron Bundle, L50|100\/100\n|turn|7\n|c|\u2606MrCharlieChappie|GG\n|\n|t:|1683419160\n|-terastallize|p2b: Gyarados|Steel\n|cant|p2b: Gyarados|slp\n|move|p1b: Kingambit|Protect|p1b: Kingambit\n|-singleturn|p1b: Kingambit|Protect\n|move|p1a: Iron Bundle|Icy Wind|p2b: Gyarados|[spread] p2a,p2b\n|-resisted|p2b: Gyarados\n|-damage|p2a: Mimikyu|23\/100\n|-damage|p2b: Gyarados|17\/100 slp\n|-unboost|p2a: Mimikyu|spe|1\n|-unboost|p2b: Gyarados|spe|1\n|-damage|p1a: Iron Bundle|91\/100|[from] item: Life Orb\n|move|p2a: Mimikyu|Play Rough|p1b: Kingambit\n|-activate|p1b: Kingambit|move: Protect\n|\n|upkeep\n|turn|8\n|c| Toronto 6ix|Wanna see a Gyarados disappear?\n|c|\u2606MrCharlieChappie|bruh everything that could've gone wrong did\n|c| Toronto 6ix|Lol\n|\n|t:|1683419183\n|move|p2a: Mimikyu|Shadow Sneak|p1a: Iron Bundle\n|-damage|p1a: Iron Bundle|72\/100\n|move|p1a: Iron Bundle|Icy Wind|p2a: Mimikyu|[spread] p2a,p2b\n|-resisted|p2b: Gyarados\n|-damage|p2a: Mimikyu|0 fnt\n|-damage|p2b: Gyarados|4\/100 slp\n|-unboost|p2b: Gyarados|spe|1\n|faint|p2a: Mimikyu\n|-damage|p1a: Iron Bundle|62\/100|[from] item: Life Orb\n|move|p1b: Kingambit|Kowtow Cleave|p2b: Gyarados\n|-damage|p2b: Gyarados|0 fnt\n|faint|p2b: Gyarados\n|\n|win|Frozen_ATM\n|c|\u2606Frozen_ATM|gg\n|c| Toronto 6ix|Oh it was tera steel MB\n|l|\u2606MrCharlieChappie\n|l| Toronto 6ix\n","uploadtime":1683419203,"views":10,"p1id":"frozenatm","p2id":"mrcharliechappie","formatid":"gen9vgc2023regulationc","rating":0,"private":0,"password":""}