{"id":"gen9vgc2023regulationc-1860694010","p1":"Fenomenez","p2":"nickbucky","format":"[Gen 9] VGC 2023 Regulation C","log":"|j|\u2606Fenomenez\n|j|\u2606nickbucky\n|t:|1683666994\n|gametype|doubles\n|player|p1|Fenomenez|lance|1192\n|player|p2|nickbucky|169|1222\n|teamsize|p1|6\n|teamsize|p2|6\n|gen|9\n|tier|[Gen 9] VGC 2023 Regulation C\n|rated|\n|rule|Species Clause: Limit one of each Pok\u00e9mon\n|rule|Item Clause: Limit one of each item\n|clearpoke\n|poke|p1|Palafin, L50, M|\n|poke|p1|Iron Hands, L50|\n|poke|p1|Amoonguss, L50, M|\n|poke|p1|Flutter Mane, L50|\n|poke|p1|Arcanine, L50, F|\n|poke|p1|Ting-Lu, L50|\n|poke|p2|Amoonguss, L50, F|\n|poke|p2|Palafin, L50, F|\n|poke|p2|Arcanine, L50, F|\n|poke|p2|Ting-Lu, L50|\n|poke|p2|Flutter Mane, L50|\n|poke|p2|Baxcalibur, L50, M|\n|teampreview|4\n|inactive|Battle timer is ON: inactive players will automatically lose when time's up. (requested by nickbucky)\n|c|\u2606Fenomenez|U copy my team\n|inactive|Fenomenez has 60 seconds left.\n|\n|t:|1683667053\n|start\n|switch|p1a: Arcanine|Arcanine, L50, F|100\/100\n|switch|p1b: Palafin|Palafin, L50, M|100\/100\n|switch|p2a: Palafin|Palafin, L50, F|100\/100\n|switch|p2b: Flutter Mane|Flutter Mane, L50|100\/100\n|-ability|p1a: Arcanine|Intimidate|boost\n|-unboost|p2a: Palafin|atk|1\n|-unboost|p2b: Flutter Mane|atk|1\n|turn|1\n|c|\u2606nickbucky|Ya\n|\n|t:|1683667075\n|detailschange|p2a: Palafin|Palafin-Hero, L50, F\n|switch|p2a: Arcanine|Arcanine, L50, F|100\/100\n|-ability|p2a: Arcanine|Intimidate|boost\n|-unboost|p1a: Arcanine|atk|1\n|-unboost|p1b: Palafin|atk|1\n|detailschange|p1b: Palafin|Palafin-Hero, L50, M\n|switch|p1b: Amoonguss|Amoonguss, L50, M|100\/100\n|move|p2b: Flutter Mane|Moonblast|p1b: Amoonguss\n|-resisted|p1b: Amoonguss\n|-damage|p1b: Amoonguss|68\/100\n|-unboost|p1b: Amoonguss|spa|1\n|move|p1a: Arcanine|Will-O-Wisp|p2a: Arcanine\n|-immune|p2a: Arcanine\n|\n|upkeep\n|turn|2\n|\n|t:|1683667098\n|move|p2b: Flutter Mane|Moonblast|p1b: Amoonguss\n|-resisted|p1b: Amoonguss\n|-damage|p1b: Amoonguss|37\/100\n|-enditem|p1b: Amoonguss|Sitrus Berry|[eat]\n|-heal|p1b: Amoonguss|62\/100|[from] item: Sitrus Berry\n|move|p2a: Arcanine|Flare Blitz|p1b: Amoonguss\n|-supereffective|p1b: Amoonguss\n|-damage|p1b: Amoonguss|0 fnt\n|faint|p1b: Amoonguss\n|-damage|p2a: Arcanine|78\/100|[from] Recoil\n|move|p1a: Arcanine|Flare Blitz|p2b: Flutter Mane\n|-damage|p2b: Flutter Mane|48\/100\n|-damage|p1a: Arcanine|88\/100|[from] Recoil\n|\n|upkeep\n|\n|t:|1683667120\n|switch|p1b: Palafin|Palafin-Hero, L50, M|100\/100\n|-activate|p1b: Palafin|ability: Zero to Hero\n|turn|3\n|\n|t:|1683667141\n|-end|p2b: Flutter Mane|Protosynthesis|[silent]\n|switch|p2b: Palafin|Palafin-Hero, L50, F|100\/100\n|-activate|p2b: Palafin|ability: Zero to Hero\n|-terastallize|p1b: Palafin|Water\n|move|p1b: Palafin|Jet Punch|p2a: Arcanine\n|-supereffective|p2a: Arcanine\n|-damage|p2a: Arcanine|0 fnt\n|faint|p2a: Arcanine\n|move|p1a: Arcanine|Flare Blitz|p2b: Palafin\n|-resisted|p2b: Palafin\n|-damage|p2b: Palafin|84\/100\n|-damage|p1a: Arcanine|83\/100|[from] Recoil\n|\n|upkeep\n|\n|t:|1683667151\n|switch|p2a: Amoonguss|Amoonguss, L50, F|100\/100\n|turn|4\n|\n|t:|1683667161\n|move|p1b: Palafin|Protect|p1b: Palafin\n|-singleturn|p1b: Palafin|Protect\n|move|p2a: Amoonguss|Rage Powder|p2a: Amoonguss\n|-singleturn|p2a: Amoonguss|move: Rage Powder\n|move|p2b: Palafin|Jet Punch|p1a: Arcanine\n|-supereffective|p1a: Arcanine\n|-damage|p1a: Arcanine|0 fnt\n|faint|p1a: Arcanine\n|\n|upkeep\n|\n|t:|1683667170\n|switch|p1a: Flutter Mane|Flutter Mane, L50|100\/100\n|-enditem|p1a: Flutter Mane|Booster Energy\n|-activate|p1a: Flutter Mane|ability: Protosynthesis|[fromitem]\n|-start|p1a: Flutter Mane|protosynthesisspa\n|turn|5\n|inactive|Fenomenez has 30 seconds left.\n|\n|t:|1683667197\n|move|p2b: Palafin|Protect|p2b: Palafin\n|-singleturn|p2b: Palafin|Protect\n|move|p1a: Flutter Mane|Moonblast|p2b: Palafin\n|-activate|p2b: Palafin|move: Protect\n|move|p1b: Palafin|Wave Crash|p2b: Palafin\n|-activate|p2b: Palafin|move: Protect\n|move|p2a: Amoonguss|Spore|p1b: Palafin\n|-status|p1b: Palafin|slp|[from] move: Spore\n|\n|upkeep\n|turn|6\n|inactive|nickbucky has 30 seconds left.\n|inactive|nickbucky has 20 seconds left.\n|inactive|nickbucky has 15 seconds left.\n|inactive|nickbucky has 10 seconds left.\n|\n|t:|1683667245\n|move|p1a: Flutter Mane|Protect|p1a: Flutter Mane\n|-singleturn|p1a: Flutter Mane|Protect\n|move|p2a: Amoonguss|Rage Powder|p2a: Amoonguss\n|-singleturn|p2a: Amoonguss|move: Rage Powder\n|move|p2b: Palafin|Wave Crash|p1a: Flutter Mane\n|-activate|p1a: Flutter Mane|move: Protect\n|cant|p1b: Palafin|slp\n|\n|upkeep\n|turn|7\n|\n|t:|1683667266\n|move|p2a: Amoonguss|Rage Powder|p2a: Amoonguss\n|-singleturn|p2a: Amoonguss|move: Rage Powder\n|move|p1a: Flutter Mane|Moonblast|p2a: Amoonguss\n|-resisted|p2a: Amoonguss\n|-damage|p2a: Amoonguss|76\/100\n|move|p2b: Palafin|Wave Crash|p1a: Flutter Mane\n|-damage|p1a: Flutter Mane|0 fnt\n|faint|p1a: Flutter Mane\n|-end|p1a: Flutter Mane|Protosynthesis|[silent]\n|-damage|p2b: Palafin|54\/100|[from] Recoil\n|cant|p1b: Palafin|slp\n|\n|upkeep\n|turn|8\n|inactive|nickbucky has 30 seconds left.\n|inactive|nickbucky has 20 seconds left.\n|inactive|nickbucky has 15 seconds left.\n|inactive|nickbucky has 10 seconds left.\n|inactive|nickbucky has 5 seconds left.\n|\n|t:|1683667321\n|move|p2b: Palafin|Protect|p2b: Palafin\n|-singleturn|p2b: Palafin|Protect\n|-curestatus|p1b: Palafin|slp|[msg]\n|move|p1b: Palafin|Wave Crash|p2b: Palafin\n|-activate|p2b: Palafin|move: Protect\n|move|p2a: Amoonguss|Spore|p1b: Palafin\n|-status|p1b: Palafin|slp|[from] move: Spore\n|\n|upkeep\n|turn|9\n|inactive|nickbucky has 30 seconds left.\n|c|\u2606Fenomenez|Come on\n|inactive|nickbucky has 20 seconds left.\n|inactive|nickbucky has 15 seconds left.\n|c|\u2606Fenomenez|stop lose time\n|inactive|nickbucky has 10 seconds left.\n|inactive|nickbucky has 5 seconds left.\n|\n|t:|1683667376\n|move|p2b: Palafin|Protect||[still]\n|-fail|p2b: Palafin\n|cant|p1b: Palafin|slp\n|move|p2a: Amoonguss|Spore|p1b: Palafin\n|-fail|p1b: Palafin|slp\n|\n|upkeep\n|turn|10\n|inactive|nickbucky has 30 seconds left.\n|inactive|nickbucky has 20 seconds left.\n|inactive|nickbucky has 15 seconds left.\n|inactive|nickbucky has 10 seconds left.\n|inactive|nickbucky has 5 seconds left.\n|\n|t:|1683667431\n|move|p2b: Palafin|Protect|p2b: Palafin\n|-singleturn|p2b: Palafin|Protect\n|-curestatus|p1b: Palafin|slp|[msg]\n|move|p1b: Palafin|Wave Crash|p2b: Palafin\n|-activate|p2b: Palafin|move: Protect\n|move|p2a: Amoonguss|Spore|p1b: Palafin\n|-status|p1b: Palafin|slp|[from] move: Spore\n|\n|upkeep\n|turn|11\n|n|!Fenomenez|fenomenez\n|inactive|nickbucky has 30 seconds left.\n|inactive|nickbucky has 20 seconds left.\n|inactive|nickbucky has 15 seconds left.\n|inactive|nickbucky has 10 seconds left.\n|inactive|nickbucky has 5 seconds left.\n|\n|t:|1683667486\n|move|p2b: Palafin|Protect||[still]\n|-fail|p2b: Palafin\n|cant|p1b: Palafin|slp\n|move|p2a: Amoonguss|Spore|p1b: Palafin\n|-fail|p1b: Palafin|slp\n|\n|upkeep\n|turn|12\n|inactive|nickbucky has 30 seconds left.\n|inactive|nickbucky has 20 seconds left.\n|\n|t:|1683667524\n|move|p2b: Palafin|Wave Crash|p1b: Palafin\n|-resisted|p1b: Palafin\n|-damage|p1b: Palafin|60\/100 slp\n|-damage|p2b: Palafin|38\/100|[from] Recoil\n|-curestatus|p1b: Palafin|slp|[msg]\n|move|p1b: Palafin|Wave Crash|p2a: Amoonguss\n|-resisted|p2a: Amoonguss\n|-damage|p2a: Amoonguss|16\/100\n|-damage|p1b: Palafin|39\/100|[from] Recoil\n|move|p2a: Amoonguss|Pollen Puff|p2b: Palafin\n|-heal|p2b: Palafin|88\/100\n|\n|upkeep\n|turn|13\n|\n|t:|1683667546\n|-terastallize|p2b: Palafin|Water\n|move|p1b: Palafin|Protect|p1b: Palafin\n|-singleturn|p1b: Palafin|Protect\n|move|p2a: Amoonguss|Rage Powder|p2a: Amoonguss\n|-singleturn|p2a: Amoonguss|move: Rage Powder\n|move|p2b: Palafin|Wave Crash|p1b: Palafin\n|-activate|p1b: Palafin|move: Protect\n|\n|upkeep\n|turn|14\n|inactive|nickbucky has 30 seconds left.\n|inactive|nickbucky has 20 seconds left.\n|inactive|nickbucky has 15 seconds left.\n|inactive|nickbucky has 10 seconds left.\n|inactive|nickbucky has 5 seconds left.\n|-message|nickbucky lost due to inactivity.\n|\n|win|Fenomenez\n|raw|Fenomenez's rating: 1192 → 1219<\/strong> (+27 for winning)\n|raw|nickbucky's rating: 1222 → 1195<\/strong> (-27 for losing)\n","uploadtime":1683667457,"views":12,"p1id":"fenomenez","p2id":"nickbucky","formatid":"gen9vgc2023regulationc","rating":1195,"private":0,"password":""}