{"id":"gen9vgc2023regulationc-1850265032","p1":"Totolaw","p2":"PuniHina","format":"[Gen 9] VGC 2023 Regulation C","log":"|j|\u2606Totolaw\n|j|\u2606PuniHina\n|t:|1682307884\n|gametype|doubles\n|player|p1|Totolaw|265|1537\n|player|p2|PuniHina|marley|1670\n|teamsize|p1|6\n|teamsize|p2|6\n|gen|9\n|tier|[Gen 9] VGC 2023 Regulation C\n|rated|\n|rule|Species Clause: Limit one of each Pok\u00e9mon\n|rule|Item Clause: Limit one of each item\n|clearpoke\n|poke|p1|Garganacl, L50, M|\n|poke|p1|Mimikyu, L50, M|\n|poke|p1|Amoonguss, L50, M|\n|poke|p1|Arcanine, L50, M|\n|poke|p1|Ting-Lu, L50|\n|poke|p1|Iron Bundle, L50|\n|poke|p2|Gholdengo, L50|\n|poke|p2|Glimmora, L50, F|\n|poke|p2|Wo-Chien, L50|\n|poke|p2|Iron Bundle, L50|\n|poke|p2|Arcanine, L50, F|\n|poke|p2|Flutter Mane, L50|\n|teampreview|4\nTotolaw rejected open team sheets.\n|j| haoran zhou\n|\n|t:|1682307918\n|start\n|switch|p1a: Garganacl|Garganacl, L50, M|100\/100\n|switch|p1b: Mimikyu|Mimikyu, L50, M|100\/100\n|switch|p2a: Itachi Rin|Flutter Mane, L50|100\/100\n|switch|p2b: Filmora|Glimmora, L50, F|100\/100\n|-enditem|p2a: Itachi Rin|Booster Energy\n|-activate|p2a: Itachi Rin|ability: Protosynthesis|[fromitem]\n|-start|p2a: Itachi Rin|protosynthesisspa\n|turn|1\n|\n|t:|1682307929\n|move|p1b: Mimikyu|Protect|p1b: Mimikyu\n|-singleturn|p1b: Mimikyu|Protect\n|move|p2a: Itachi Rin|Substitute|p2a: Itachi Rin\n|-start|p2a: Itachi Rin|Substitute\n|-damage|p2a: Itachi Rin|76\/100\n|move|p2b: Filmora|Mortal Spin|p1b: Mimikyu|[spread] p1a\n|-activate|p1b: Mimikyu|move: Protect\n|-resisted|p1a: Garganacl\n|-damage|p1a: Garganacl|99\/100\n|move|p1a: Garganacl|Salt Cure|p2b: Filmora\n|-damage|p2b: Filmora|86\/100\n|-start|p2b: Filmora|Salt Cure\n|\n|-heal|p1a: Garganacl|100\/100|[from] item: Leftovers\n|-damage|p2b: Filmora|74\/100|[from] Salt Cure\n|upkeep\n|turn|2\n|\n|t:|1682307945\n|switch|p2b: ReoNa|Arcanine, L50, F|100\/100\n|-ability|p2b: ReoNa|Intimidate|boost\n|-unboost|p1a: Garganacl|atk|1\n|-unboost|p1b: Mimikyu|atk|1\n|move|p2a: Itachi Rin|Protect|p2a: Itachi Rin\n|-singleturn|p2a: Itachi Rin|Protect\n|move|p1b: Mimikyu|Shadow Sneak|p2a: Itachi Rin\n|-activate|p2a: Itachi Rin|move: Protect\n|move|p1a: Garganacl|Salt Cure|p2a: Itachi Rin\n|-activate|p2a: Itachi Rin|move: Protect\n|\n|upkeep\n|turn|3\n|\n|t:|1682307963\n|switch|p1b: Amoonguss|Amoonguss, L50, M|100\/100\n|switch|p2b: Wo-Chien|Wo-Chien, L50|100\/100\n|-ability|p2b: Wo-Chien|Tablets of Ruin\n|move|p2a: Itachi Rin|Moonblast|p1a: Garganacl\n|-damage|p1a: Garganacl|57\/100\n|move|p1a: Garganacl|Salt Cure|p2b: Wo-Chien\n|-damage|p2b: Wo-Chien|95\/100\n|-start|p2b: Wo-Chien|Salt Cure\n|\n|-heal|p1a: Garganacl|63\/100|[from] item: Leftovers\n|-damage|p2b: Wo-Chien|83\/100|[from] Salt Cure\n|upkeep\n|turn|4\n|j| MondayXyz\n|\n|t:|1682307997\n|move|p2a: Itachi Rin|Shadow Ball|p1b: Amoonguss\n|-damage|p1b: Amoonguss|53\/100\n|-unboost|p1b: Amoonguss|spd|1\n|move|p2b: Wo-Chien|Leech Seed|p1a: Garganacl\n|-start|p1a: Garganacl|move: Leech Seed\n|move|p1a: Garganacl|Salt Cure|p2a: Itachi Rin\n|-activate|p2a: Itachi Rin|move: Substitute|[damage]\n|move|p1b: Amoonguss|Pollen Puff|p2a: Itachi Rin\n|-resisted|p2a: Itachi Rin\n|-activate|p2a: Itachi Rin|move: Substitute|[damage]\n|\n|-heal|p1a: Garganacl|69\/100|[from] item: Leftovers\n|-damage|p1a: Garganacl|57\/100|[from] Leech Seed|[of] p2b: Wo-Chien\n|-heal|p2b: Wo-Chien|96\/100|[silent]\n|-damage|p2b: Wo-Chien|83\/100|[from] Salt Cure\n|upkeep\n|turn|5\n|j| water army\n|\n|t:|1682308022\n|switch|p2b: Filmora|Glimmora, L50, F|74\/100\n|switch|p1b: Ting-Lu|Ting-Lu, L50|100\/100\n|-ability|p1b: Ting-Lu|Vessel of Ruin\n|move|p2a: Itachi Rin|Moonblast|p1a: Garganacl\n|-damage|p1a: Garganacl|23\/100\n|move|p1a: Garganacl|Salt Cure|p2a: Itachi Rin\n|-end|p2a: Itachi Rin|Substitute\n|\n|-heal|p1a: Garganacl|29\/100|[from] item: Leftovers\n|-damage|p1a: Garganacl|16\/100|[from] Leech Seed|[of] p2b: Filmora\n|-heal|p2b: Filmora|87\/100|[silent]\n|upkeep\n|turn|6\n|l| water army\n|\n|t:|1682308048\n|switch|p1a: Amoonguss|Amoonguss, L50, M|86\/100\n|-terastallize|p2b: Filmora|Grass\n|move|p2a: Itachi Rin|Substitute|p2a: Itachi Rin\n|-start|p2a: Itachi Rin|Substitute\n|-damage|p2a: Itachi Rin|51\/100\n|move|p2b: Filmora|Earth Power|p1a: Amoonguss\n|-crit|p1a: Amoonguss\n|-damage|p1a: Amoonguss|58\/100\n|move|p1b: Ting-Lu|Heavy Slam|p2a: Itachi Rin\n|-supereffective|p2a: Itachi Rin\n|-end|p2a: Itachi Rin|Substitute\n|\n|upkeep\n|turn|7\n|\n|t:|1682308072\n|switch|p1b: Garganacl|Garganacl, L50, M|16\/100\n|move|p2a: Itachi Rin|Protect|p2a: Itachi Rin\n|-singleturn|p2a: Itachi Rin|Protect\n|move|p2b: Filmora|Mortal Spin|p1a: Amoonguss|[spread] p1a,p1b\n|-resisted|p1b: Garganacl\n|-damage|p1a: Amoonguss|54\/100\n|-damage|p1b: Garganacl|15\/100\n|-status|p1a: Amoonguss|psn\n|-damage|p2b: Filmora|71\/100|[from] item: Rocky Helmet|[of] p1a: Amoonguss\n|move|p1a: Amoonguss|Pollen Puff|p1b: Garganacl\n|-heal|p1b: Garganacl|65\/100\n|\n|-heal|p1b: Garganacl|71\/100|[from] item: Leftovers\n|-damage|p1a: Amoonguss|42\/100 psn|[from] psn\n|upkeep\n|turn|8\n|\n|t:|1682308090\n|switch|p1a: Ting-Lu|Ting-Lu, L50|100\/100\n|-ability|p1a: Ting-Lu|Vessel of Ruin\n|move|p2a: Itachi Rin|Substitute|p2a: Itachi Rin\n|-start|p2a: Itachi Rin|Substitute\n|-damage|p2a: Itachi Rin|27\/100\n|move|p2b: Filmora|Earth Power|p1b: Garganacl\n|-supereffective|p1b: Garganacl\n|-damage|p1b: Garganacl|36\/100\n|move|p1b: Garganacl|Salt Cure|p2a: Itachi Rin\n|-activate|p2a: Itachi Rin|move: Substitute|[damage]\n|\n|-heal|p1b: Garganacl|42\/100|[from] item: Leftovers\n|upkeep\n|turn|9\n|\n|t:|1682308112\n|move|p2a: Itachi Rin|Protect|p2a: Itachi Rin\n|-singleturn|p2a: Itachi Rin|Protect\n|move|p1b: Garganacl|Protect|p1b: Garganacl\n|-singleturn|p1b: Garganacl|Protect\n|move|p2b: Filmora|Earth Power|p1b: Garganacl\n|-activate|p1b: Garganacl|move: Protect\n|move|p1a: Ting-Lu|Ruination|p2b: Filmora\n|-damage|p2b: Filmora|36\/100\n|\n|-heal|p1b: Garganacl|47\/100|[from] item: Leftovers\n|upkeep\n|turn|10\n|\n|t:|1682308131\n|switch|p1b: Amoonguss|Amoonguss, L50, M|75\/100 psn\n|move|p2a: Itachi Rin|Moonblast|p1b: Amoonguss\n|-resisted|p1b: Amoonguss\n|-damage|p1b: Amoonguss|56\/100 psn\n|move|p2b: Filmora|Earth Power|p1b: Amoonguss\n|-damage|p1b: Amoonguss|35\/100 psn\n|move|p1a: Ting-Lu|Heavy Slam|p2a: Itachi Rin\n|-supereffective|p2a: Itachi Rin\n|-end|p2a: Itachi Rin|Substitute\n|\n|-damage|p1b: Amoonguss|23\/100 psn|[from] psn\n|upkeep\n|turn|11\n|\n|t:|1682308162\n|switch|p2b: Wo-Chien|Wo-Chien, L50|83\/100\n|-ability|p2b: Wo-Chien|Tablets of Ruin\n|move|p2a: Itachi Rin|Protect|p2a: Itachi Rin\n|-singleturn|p2a: Itachi Rin|Protect\n|move|p1b: Amoonguss|Protect|p1b: Amoonguss\n|-singleturn|p1b: Amoonguss|Protect\n|move|p1a: Ting-Lu|Heavy Slam|p2b: Wo-Chien\n|-damage|p2b: Wo-Chien|61\/100\n|\n|-damage|p1b: Amoonguss|10\/100 psn|[from] psn\n|upkeep\n|turn|12\n|\n|t:|1682308176\n|switch|p1b: Garganacl|Garganacl, L50, M|47\/100\n|move|p2a: Itachi Rin|Substitute|p2a: Itachi Rin\n|-start|p2a: Itachi Rin|Substitute\n|-damage|p2a: Itachi Rin|2\/100\n|move|p2b: Wo-Chien|Pollen Puff|p2a: Itachi Rin\n|-heal|p2a: Itachi Rin|52\/100\n|move|p1a: Ting-Lu|Heavy Slam|p2a: Itachi Rin\n|-supereffective|p2a: Itachi Rin\n|-end|p2a: Itachi Rin|Substitute\n|\n|-heal|p1b: Garganacl|53\/100|[from] item: Leftovers\n|upkeep\n|turn|13\n|\n|t:|1682308191\n|move|p2a: Itachi Rin|Protect|p2a: Itachi Rin\n|-singleturn|p2a: Itachi Rin|Protect\n|move|p2b: Wo-Chien|Leech Seed|p1b: Garganacl\n|-start|p1b: Garganacl|move: Leech Seed\n|move|p1a: Ting-Lu|Heavy Slam|p2a: Itachi Rin\n|-activate|p2a: Itachi Rin|move: Protect\n|move|p1b: Garganacl|Salt Cure|p2b: Wo-Chien\n|-damage|p2b: Wo-Chien|53\/100\n|-start|p2b: Wo-Chien|Salt Cure\n|\n|-heal|p1b: Garganacl|59\/100|[from] item: Leftovers\n|-damage|p1b: Garganacl|47\/100|[from] Leech Seed|[of] p2b: Wo-Chien\n|-heal|p2b: Wo-Chien|66\/100|[silent]\n|-damage|p2b: Wo-Chien|53\/100|[from] Salt Cure\n|upkeep\n|turn|14\n|\n|t:|1682308207\n|switch|p1b: Amoonguss|Amoonguss, L50, M|43\/100 psn\n|move|p2a: Itachi Rin|Substitute|p2a: Itachi Rin\n|-start|p2a: Itachi Rin|Substitute\n|-damage|p2a: Itachi Rin|28\/100\n|move|p2b: Wo-Chien|Pollen Puff|p2a: Itachi Rin\n|-heal|p2a: Itachi Rin|77\/100\n|move|p1a: Ting-Lu|Heavy Slam|p2a: Itachi Rin\n|-supereffective|p2a: Itachi Rin\n|-end|p2a: Itachi Rin|Substitute\n|\n|-damage|p1b: Amoonguss|31\/100 psn|[from] psn\n|-damage|p2b: Wo-Chien|41\/100|[from] Salt Cure\n|upkeep\n|-enditem|p2b: Wo-Chien|Sitrus Berry|[eat]\n|-heal|p2b: Wo-Chien|66\/100|[from] item: Sitrus Berry\n|turn|15\n|\n|t:|1682308225\n|move|p2a: Itachi Rin|Protect|p2a: Itachi Rin\n|-singleturn|p2a: Itachi Rin|Protect\n|move|p2b: Wo-Chien|Leech Seed|p1a: Ting-Lu\n|-start|p1a: Ting-Lu|move: Leech Seed\n|move|p1a: Ting-Lu|Heavy Slam|p2a: Itachi Rin\n|-activate|p2a: Itachi Rin|move: Protect\n|move|p1b: Amoonguss|Pollen Puff|p2b: Wo-Chien\n|-supereffective|p2b: Wo-Chien\n|-damage|p2b: Wo-Chien|32\/100\n|\n|-damage|p1a: Ting-Lu|88\/100|[from] Leech Seed|[of] p2b: Wo-Chien\n|-heal|p2b: Wo-Chien|47\/100|[silent]\n|-damage|p1b: Amoonguss|19\/100 psn|[from] psn\n|-damage|p2b: Wo-Chien|34\/100|[from] Salt Cure\n|upkeep\n|turn|16\n|\n|t:|1682308248\n|switch|p2b: Filmora|Glimmora, L50, F, tera:Grass|36\/100\n|switch|p1b: Garganacl|Garganacl, L50, M|47\/100\n|move|p2a: Itachi Rin|Substitute|p2a: Itachi Rin\n|-start|p2a: Itachi Rin|Substitute\n|-damage|p2a: Itachi Rin|53\/100\n|move|p1a: Ting-Lu|Heavy Slam|p2a: Itachi Rin\n|-supereffective|p2a: Itachi Rin\n|-end|p2a: Itachi Rin|Substitute\n|\n|-heal|p1b: Garganacl|53\/100|[from] item: Leftovers\n|-damage|p1a: Ting-Lu|76\/100|[from] Leech Seed|[of] p2b: Filmora\n|-heal|p2b: Filmora|50\/100|[silent]\n|upkeep\n|turn|17\n|\n|t:|1682308277\n|switch|p1a: Amoonguss|Amoonguss, L50, M|52\/100 psn\n|-terastallize|p1b: Garganacl|Ghost\n|move|p2a: Itachi Rin|Substitute|p2a: Itachi Rin\n|-start|p2a: Itachi Rin|Substitute\n|-damage|p2a: Itachi Rin|28\/100\n|move|p2b: Filmora|Earth Power|p1b: Garganacl\n|-damage|p1b: Garganacl|31\/100\n|move|p1b: Garganacl|Salt Cure|p2b: Filmora\n|-damage|p2b: Filmora|36\/100\n|-start|p2b: Filmora|Salt Cure\n|\n|-heal|p1b: Garganacl|37\/100|[from] item: Leftovers\n|-damage|p1a: Amoonguss|40\/100 psn|[from] psn\n|-damage|p2b: Filmora|23\/100|[from] Salt Cure\n|upkeep\n|turn|18\n|\n|t:|1682308302\n|switch|p1a: Ting-Lu|Ting-Lu, L50|76\/100\n|-ability|p1a: Ting-Lu|Vessel of Ruin\n|move|p1b: Garganacl|Protect|p1b: Garganacl\n|-singleturn|p1b: Garganacl|Protect\n|move|p2a: Itachi Rin|Shadow Ball|p1b: Garganacl\n|-activate|p1b: Garganacl|move: Protect\n|move|p2b: Filmora|Power Gem|p1b: Garganacl\n|-activate|p1b: Garganacl|move: Protect\n|\n|-heal|p1b: Garganacl|43\/100|[from] item: Leftovers\n|-damage|p2b: Filmora|11\/100|[from] Salt Cure\n|upkeep\n|turn|19\n|j| wingedhitokage\n|\n|t:|1682308319\n|switch|p1b: Amoonguss|Amoonguss, L50, M|73\/100 psn\n|move|p2a: Itachi Rin|Protect|p2a: Itachi Rin\n|-singleturn|p2a: Itachi Rin|Protect\n|move|p2b: Filmora|Mortal Spin|p1a: Ting-Lu|[spread] p1a,p1b\n|-resisted|p1a: Ting-Lu\n|-damage|p1a: Ting-Lu|75\/100\n|-damage|p1b: Amoonguss|69\/100 psn\n|-status|p1a: Ting-Lu|psn\n|-damage|p2b: Filmora|0 fnt|[from] item: Rocky Helmet|[of] p1b: Amoonguss\n|faint|p2b: Filmora\n|move|p1a: Ting-Lu|Heavy Slam|p2a: Itachi Rin\n|-activate|p2a: Itachi Rin|move: Protect\n|\n|-damage|p1a: Ting-Lu|63\/100 psn|[from] psn\n|-damage|p1b: Amoonguss|57\/100 psn|[from] psn\n|upkeep\n|\n|t:|1682308333\n|switch|p2b: ReoNa|Arcanine, L50, F|100\/100\n|-ability|p2b: ReoNa|Intimidate|boost\n|-unboost|p1a: Ting-Lu|atk|1\n|-unboost|p1b: Amoonguss|atk|1\n|turn|20\n|\n|t:|1682308342\n|move|p1b: Amoonguss|Protect|p1b: Amoonguss\n|-singleturn|p1b: Amoonguss|Protect\n|move|p2a: Itachi Rin|Moonblast|p1a: Ting-Lu\n|-supereffective|p1a: Ting-Lu\n|-damage|p1a: Ting-Lu|15\/100 psn\n|move|p2b: ReoNa|Flare Blitz|p1a: Ting-Lu\n|-damage|p1a: Ting-Lu|0 fnt\n|faint|p1a: Ting-Lu\n|-damage|p2b: ReoNa|95\/100|[from] Recoil\n|\n|-damage|p1b: Amoonguss|44\/100 psn|[from] psn\n|upkeep\n|\n|t:|1682308353\n|switch|p1a: Garganacl|Garganacl, L50, M, tera:Ghost|43\/100\n|turn|21\n|\n|t:|1682308370\n|move|p2a: Itachi Rin|Shadow Ball|p1a: Garganacl\n|-supereffective|p1a: Garganacl\n|-crit|p1a: Garganacl\n|-damage|p1a: Garganacl|0 fnt\n|faint|p1a: Garganacl\n|move|p2b: ReoNa|Flare Blitz|p1b: Amoonguss\n|-supereffective|p1b: Amoonguss\n|-damage|p1b: Amoonguss|0 fnt\n|-damage|p2b: ReoNa|78\/100|[from] item: Rocky Helmet|[of] p1b: Amoonguss\n|faint|p1b: Amoonguss\n|-damage|p2b: ReoNa|62\/100|[from] Recoil\n|\n|upkeep\n|l| haoran zhou\n|\n|t:|1682308382\n|switch|p1b: Mimikyu|Mimikyu, L50, M|100\/100\n|turn|22\n|-message|Totolaw forfeited.\n|\n|win|PuniHina\n|raw|Totolaw's rating: 1537 → 1524<\/strong> (-13 for losing)\n|raw|PuniHina's rating: 1670 → 1683<\/strong> (+13 for winning)\n|l|\u2606Totolaw\n","uploadtime":1682308395,"views":32,"p1id":"totolaw","p2id":"punihina","formatid":"gen9vgc2023regulationc","rating":1524,"private":0,"password":""}