{"id":"gen9vgc2023regulationc-1846606765","p1":"Omegateck","p2":"Taca y Taca","format":"[Gen 9] VGC 2023 Regulation C","log":"|j|\u2606Omegateck\n|j|\u2606Taca y Taca\n|t:|1681856597\n|gametype|doubles\n|player|p1|Omegateck|pokefan-gen4|1169\n|player|p2|Taca y Taca|lucas-gen4pt|1150\n|teamsize|p1|6\n|teamsize|p2|6\n|gen|9\n|tier|[Gen 9] VGC 2023 Regulation C\n|rated|\n|rule|Species Clause: Limit one of each Pok\u00e9mon\n|rule|Item Clause: Limit one of each item\n|clearpoke\n|poke|p1|Dondozo, L50, M|\n|poke|p1|Tatsugiri, L50, M|\n|poke|p1|Dragonite, L50, F|\n|poke|p1|Chien-Pao, L50|\n|poke|p1|Chi-Yu, L50|\n|poke|p1|Dachsbun, L50, M|\n|poke|p2|Flutter Mane, L50|\n|poke|p2|Palafin, L50, F|\n|poke|p2|Amoonguss, L50, F|\n|poke|p2|Arcanine, L50, M|\n|poke|p2|Dragonite, L50, M|\n|poke|p2|Chien-Pao, L50|\n|teampreview|4\n|\n|t:|1681856653\n|start\n|switch|p1a: Chi-Yu|Chi-Yu, L50|100\/100\n|switch|p1b: Dachsbun|Dachsbun, L50, M|100\/100\n|switch|p2a: Cabe\u00e7a de Borracha|Flutter Mane, L50|100\/100\n|switch|p2b: Palafin|Palafin, L50, F|100\/100\n|-ability|p1a: Chi-Yu|Beads of Ruin\n|-enditem|p2a: Cabe\u00e7a de Borracha|Booster Energy\n|-activate|p2a: Cabe\u00e7a de Borracha|ability: Protosynthesis|[fromitem]\n|-start|p2a: Cabe\u00e7a de Borracha|protosynthesisspa\n|turn|1\n|\n|t:|1681856684\n|detailschange|p2b: Palafin|Palafin-Hero, L50, F\n|switch|p2b: Dragonite|Dragonite, L50, M|100\/100\n|move|p1a: Chi-Yu|Lava Plume|p2b: Dragonite|[spread] p2a,p2b\n|-ability|p1b: Dachsbun|Well-Baked Body|boost\n|-boost|p1b: Dachsbun|def|2\n|-resisted|p2b: Dragonite\n|-damage|p2a: Cabe\u00e7a de Borracha|62\/100\n|-damage|p2b: Dragonite|90\/100\n|-status|p2a: Cabe\u00e7a de Borracha|brn\n|move|p2a: Cabe\u00e7a de Borracha|Moonblast|p1a: Chi-Yu\n|-damage|p1a: Chi-Yu|28\/100\n|-unboost|p1a: Chi-Yu|spa|1\n|move|p1b: Dachsbun|Body Press|p2b: Dragonite\n|-resisted|p2b: Dragonite\n|-damage|p2b: Dragonite|72\/100\n|\n|-damage|p2a: Cabe\u00e7a de Borracha|56\/100 brn|[from] brn\n|upkeep\n|turn|2\n|\n|t:|1681856718\n|switch|p1a: Dondozo|Dondozo, L50, M|100\/100\n|move|p1b: Dachsbun|Protect|p1b: Dachsbun\n|-singleturn|p1b: Dachsbun|Protect\n|move|p2b: Dragonite|Protect|p2b: Dragonite\n|-singleturn|p2b: Dragonite|Protect\n|move|p2a: Cabe\u00e7a de Borracha|Moonblast|p1a: Dondozo\n|-damage|p1a: Dondozo|62\/100\n|-unboost|p1a: Dondozo|spa|1\n|\n|-heal|p1a: Dondozo|68\/100|[from] item: Leftovers\n|-damage|p2a: Cabe\u00e7a de Borracha|50\/100 brn|[from] brn\n|upkeep\n|turn|3\n|\n|t:|1681856749\n|-terastallize|p2b: Dragonite|Flying\n|move|p1a: Dondozo|Protect|p1a: Dondozo\n|-singleturn|p1a: Dondozo|Protect\n|move|p2a: Cabe\u00e7a de Borracha|Thunderbolt|p1a: Dondozo\n|-activate|p1a: Dondozo|move: Protect\n|move|p1b: Dachsbun|Body Press|p2b: Dragonite\n|-resisted|p2b: Dragonite\n|-damage|p2b: Dragonite|53\/100\n|move|p2b: Dragonite|Tera Blast|p1b: Dachsbun\n|-damage|p1b: Dachsbun|71\/100\n|\n|-heal|p1a: Dondozo|74\/100|[from] item: Leftovers\n|-damage|p2a: Cabe\u00e7a de Borracha|44\/100 brn|[from] brn\n|upkeep\n|turn|4\n|\n|t:|1681856772\n|-terastallize|p1a: Dondozo|Grass\n|move|p2a: Cabe\u00e7a de Borracha|Thunderbolt|p1a: Dondozo\n|-resisted|p1a: Dondozo\n|-damage|p1a: Dondozo|61\/100\n|move|p1b: Dachsbun|Wish|p1b: Dachsbun\n|move|p2b: Dragonite|Tera Blast|p1b: Dachsbun\n|-damage|p1b: Dachsbun|40\/100\n|-enditem|p1b: Dachsbun|Sitrus Berry|[eat]\n|-heal|p1b: Dachsbun|65\/100|[from] item: Sitrus Berry\n|move|p1a: Dondozo|Wave Crash|p2a: Cabe\u00e7a de Borracha\n|-crit|p2a: Cabe\u00e7a de Borracha\n|-damage|p2a: Cabe\u00e7a de Borracha|0 fnt\n|faint|p2a: Cabe\u00e7a de Borracha\n|-end|p2a: Cabe\u00e7a de Borracha|Protosynthesis|[silent]\n|-damage|p1a: Dondozo|52\/100|[from] Recoil\n|\n|-heal|p1a: Dondozo|58\/100|[from] item: Leftovers\n|upkeep\n|\n|t:|1681856779\n|switch|p2a: Palafin|Palafin-Hero, L50, F|100\/100\n|-activate|p2a: Palafin|ability: Zero to Hero\n|turn|5\n|\n|t:|1681856808\n|switch|p1a: Tatsugiri|Tatsugiri, L50, M|100\/100\n|move|p2a: Palafin|Haze|p2a: Palafin\n|-clearallboost\n|move|p1b: Dachsbun|Yawn|p2b: Dragonite\n|-start|p2b: Dragonite|move: Yawn|[of] p1b: Dachsbun\n|move|p2b: Dragonite|Tera Blast|p1a: Tatsugiri\n|-damage|p1a: Tatsugiri|0 fnt\n|faint|p1a: Tatsugiri\n|\n|-heal|p1b: Dachsbun|100\/100|[from] move: Wish|[wisher] Dachsbun\n|upkeep\n|\n|t:|1681856823\n|switch|p1a: Dondozo|Dondozo, L50, M, tera:Grass|58\/100\n|turn|6\n|\n|t:|1681856840\n|move|p2a: Palafin|Wave Crash|p1b: Dachsbun\n|-crit|p1b: Dachsbun\n|-damage|p1b: Dachsbun|0 fnt\n|faint|p1b: Dachsbun\n|-damage|p2a: Palafin|74\/100|[from] Recoil\n|move|p2b: Dragonite|Tera Blast|p1a: Dondozo\n|-supereffective|p1a: Dondozo\n|-damage|p1a: Dondozo|0 fnt\n|faint|p1a: Dondozo\n|\n|-end|p2b: Dragonite|move: Yawn|[silent]\n|-status|p2b: Dragonite|slp\n|-enditem|p2b: Dragonite|Lum Berry|[eat]\n|-curestatus|p2b: Dragonite|slp|[msg]\n|upkeep\n|-message|Omegateck forfeited.\n|\n|win|Taca y Taca\n|raw|Omegateck's rating: 1169 → 1143<\/strong> (-26 for losing)\n|raw|Taca y Taca's rating: 1150 → 1176<\/strong> (+26 for winning)\n|l|\u2606Omegateck\n","uploadtime":1681856859,"views":13,"p1id":"omegateck","p2id":"tacaytaca","formatid":"gen9vgc2023regulationc","rating":1143,"private":0,"password":""}