{"id":"gen9vgc2023regulationc-1854772298","p1":"Jorloks","p2":"NicoHaxVGC","format":"[Gen 9] VGC 2023 Regulation C","log":"|j|\u2606Jorloks\n|j|\u2606NicoHaxVGC\n|t:|1682864093\n|gametype|doubles\n|player|p1|Jorloks|170|1294\n|player|p2|NicoHaxVGC|red|1366\n|teamsize|p1|6\n|teamsize|p2|6\n|gen|9\n|tier|[Gen 9] VGC 2023 Regulation C\n|rated|\n|rule|Species Clause: Limit one of each Pok\u00e9mon\n|rule|Item Clause: Limit one of each item\n|clearpoke\n|poke|p1|Sylveon, L50, M|\n|poke|p1|Leafeon, L50, F|\n|poke|p1|Chi-Yu, L50|\n|poke|p1|Vaporeon, L50, F|\n|poke|p1|Jolteon, L50, M|\n|poke|p1|Umbreon, L50, F|\n|poke|p2|Corviknight, L50, F|\n|poke|p2|Ting-Lu, L50|\n|poke|p2|Annihilape, L50, M|\n|poke|p2|Amoonguss, L50, F|\n|poke|p2|Iron Bundle, L50|\n|poke|p2|Flutter Mane, L50|\n|teampreview|4\n|inactive|Battle timer is ON: inactive players will automatically lose when time's up. (requested by NicoHaxVGC)\n|\n|t:|1682864107\n|start\n|switch|p1a: Chi-Yu|Chi-Yu, L50|100\/100\n|switch|p1b: Vaporeon|Vaporeon, L50, F|100\/100\n|switch|p2a: Raven|Corviknight, L50, F|100\/100\n|switch|p2b: Beast boy|Ting-Lu, L50|100\/100\n|-ability|p1a: Chi-Yu|Beads of Ruin\n|-ability|p2b: Beast boy|Vessel of Ruin\n|turn|1\n|inactive|Jorloks has 30 seconds left.\n|\n|t:|1682864132\n|switch|p1a: Sylveon|Sylveon, L50, M|100\/100\n|-terastallize|p2a: Raven|Fire\n|move|p2a: Raven|Tailwind|p2a: Raven\n|-sidestart|p2: NicoHaxVGC|move: Tailwind\n|move|p2b: Beast boy|Stone Edge|p1a: Sylveon\n|-damage|p1a: Sylveon|69\/100\n|move|p1b: Vaporeon|Muddy Water|p2b: Beast boy|[spread] p2a,p2b\n|-supereffective|p2a: Raven\n|-supereffective|p2b: Beast boy\n|-damage|p2a: Raven|67\/100\n|-damage|p2b: Beast boy|80\/100\n|\n|upkeep\n|turn|2\n|\n|t:|1682864155\n|move|p1a: Sylveon|Protect|p1a: Sylveon\n|-singleturn|p1a: Sylveon|Protect\n|move|p2a: Raven|Brave Bird|p1b: Vaporeon\n|-damage|p1b: Vaporeon|69\/100\n|-damage|p2a: Raven|55\/100|[from] Recoil\n|move|p2b: Beast boy|Heavy Slam|p1a: Sylveon\n|-activate|p1a: Sylveon|move: Protect\n|move|p1b: Vaporeon|Muddy Water|p2a: Raven|[spread] p2b\n|-miss|p1b: Vaporeon|p2a: Raven\n|-supereffective|p2b: Beast boy\n|-damage|p2b: Beast boy|60\/100\n|\n|-heal|p1b: Vaporeon|76\/100|[from] item: Leftovers\n|upkeep\n|turn|3\n|inactive|Jorloks has 30 seconds left.\n|inactive|NicoHaxVGC has 30 seconds left.\n|inactive|Jorloks has 20 seconds left.\n|\n|t:|1682864191\n|switch|p1a: Leafeon|Leafeon, L50, F|100\/100\n|move|p2a: Raven|Iron Head|p1b: Vaporeon\n|-resisted|p1b: Vaporeon\n|-damage|p1b: Vaporeon|66\/100\n|move|p2b: Beast boy|Heavy Slam|p1a: Leafeon\n|-damage|p1a: Leafeon|69\/100\n|move|p1b: Vaporeon|Muddy Water|p2a: Raven|[spread] p2b\n|-miss|p1b: Vaporeon|p2a: Raven\n|-supereffective|p2b: Beast boy\n|-damage|p2b: Beast boy|40\/100\n|\n|-heal|p1b: Vaporeon|72\/100|[from] item: Leftovers\n|upkeep\n|turn|4\n|inactive|Jorloks has 30 seconds left.\n|inactive|NicoHaxVGC has 30 seconds left.\n|inactive|NicoHaxVGC has 20 seconds left.\n|inactive|NicoHaxVGC has 15 seconds left.\n|\n|t:|1682864231\n|move|p2a: Raven|Iron Head|p1b: Vaporeon\n|-resisted|p1b: Vaporeon\n|-damage|p1b: Vaporeon|62\/100\n|move|p1a: Leafeon|Leaf Blade|p2b: Beast boy\n|-supereffective|p2b: Beast boy\n|-damage|p2b: Beast boy|0 fnt\n|faint|p2b: Beast boy\n|-damage|p1a: Leafeon|59\/100|[from] item: Life Orb\n|cant|p1b: Vaporeon|flinch\n|\n|-heal|p1b: Vaporeon|68\/100|[from] item: Leftovers\n|-sideend|p2: NicoHaxVGC|move: Tailwind\n|upkeep\n|\n|t:|1682864244\n|switch|p2b: Cyborg|Iron Bundle, L50|100\/100\n|-enditem|p2b: Cyborg|Booster Energy\n|-activate|p2b: Cyborg|ability: Quark Drive|[fromitem]\n|-start|p2b: Cyborg|quarkdrivespe\n|turn|5\n|\n|t:|1682864256\n|-terastallize|p1a: Leafeon|Normal\n|move|p2b: Cyborg|Freeze-Dry|p1b: Vaporeon\n|-supereffective|p1b: Vaporeon\n|-damage|p1b: Vaporeon|20\/100\n|-status|p1b: Vaporeon|frz\n|move|p1a: Leafeon|Double-Edge|p2b: Cyborg\n|-damage|p2b: Cyborg|26\/100\n|-damage|p1a: Leafeon|35\/100|[from] Recoil\n|-damage|p1a: Leafeon|25\/100|[from] item: Life Orb\n|move|p2a: Raven|Brave Bird|p1a: Leafeon\n|-damage|p1a: Leafeon|0 fnt\n|faint|p1a: Leafeon\n|-damage|p2a: Raven|50\/100|[from] Recoil\n|cant|p1b: Vaporeon|frz\n|\n|-heal|p1b: Vaporeon|26\/100 frz|[from] item: Leftovers\n|upkeep\n|inactive|Jorloks has 30 seconds left.\n|\n|t:|1682864282\n|switch|p1a: Sylveon|Sylveon, L50, M|69\/100\n|turn|6\n|inactive|NicoHaxVGC has 30 seconds left.\n|\n|t:|1682864308\n|move|p1a: Sylveon|Protect|p1a: Sylveon\n|-singleturn|p1a: Sylveon|Protect\n|move|p2b: Cyborg|Icy Wind|p1b: Vaporeon|[spread] p1b\n|-activate|p1a: Sylveon|move: Protect\n|-resisted|p1b: Vaporeon\n|-damage|p1b: Vaporeon|19\/100 frz\n|-unboost|p1b: Vaporeon|spe|1\n|move|p2a: Raven|Iron Head|p1a: Sylveon\n|-activate|p1a: Sylveon|move: Protect\n|cant|p1b: Vaporeon|frz\n|\n|-heal|p1b: Vaporeon|25\/100 frz|[from] item: Leftovers\n|upkeep\n|turn|7\n|inactive|Jorloks has 30 seconds left.\n|inactive|NicoHaxVGC has 30 seconds left.\n|\n|t:|1682864347\n|move|p2b: Cyborg|Freeze-Dry|p1b: Vaporeon\n|-supereffective|p1b: Vaporeon\n|-damage|p1b: Vaporeon|0 fnt\n|faint|p1b: Vaporeon\n|move|p2a: Raven|Tailwind|p2a: Raven\n|-sidestart|p2: NicoHaxVGC|move: Tailwind\n|move|p1a: Sylveon|Hyper Voice|p2a: Raven|[spread] p2a,p2b\n|-resisted|p2a: Raven\n|-damage|p2a: Raven|31\/100\n|-damage|p2b: Cyborg|0 fnt\n|faint|p2b: Cyborg\n|-end|p2b: Cyborg|Quark Drive|[silent]\n|-enditem|p1a: Sylveon|Throat Spray\n|-boost|p1a: Sylveon|spa|1|[from] item: Throat Spray\n|\n|upkeep\n|\n|t:|1682864360\n|switch|p2b: Star fire|Flutter Mane, L50|100\/100\n|switch|p1b: Chi-Yu|Chi-Yu, L50|100\/100\n|-ability|p1b: Chi-Yu|Beads of Ruin\n|turn|8\n|\n|t:|1682864383\n|move|p1a: Sylveon|Protect|p1a: Sylveon\n|-singleturn|p1a: Sylveon|Protect\n|move|p2b: Star fire|Dazzling Gleam|p1b: Chi-Yu|[spread] p1b\n|-activate|p1a: Sylveon|move: Protect\n|-damage|p1b: Chi-Yu|50\/100\n|move|p1b: Chi-Yu|Dark Pulse|p2b: Star fire\n|-damage|p2b: Star fire|53\/100\n|move|p2a: Raven|Brave Bird|p1b: Chi-Yu\n|-damage|p1b: Chi-Yu|0 fnt\n|faint|p1b: Chi-Yu\n|-damage|p2a: Raven|21\/100|[from] Recoil\n|\n|upkeep\n|turn|9\n|\n|t:|1682864395\n|move|p2b: Star fire|Dazzling Gleam|p1a: Sylveon\n|-damage|p1a: Sylveon|20\/100\n|move|p2a: Raven|Iron Head|p1a: Sylveon\n|-supereffective|p1a: Sylveon\n|-damage|p1a: Sylveon|0 fnt\n|faint|p1a: Sylveon\n|\n|win|NicoHaxVGC\n|raw|Jorloks's rating: 1294 → 1274<\/strong> (-20 for losing)\n|raw|NicoHaxVGC's rating: 1366 → 1382<\/strong> (+16 for winning)\n","uploadtime":1682864399,"views":19,"p1id":"jorloks","p2id":"nicohaxvgc","formatid":"gen9vgc2023regulationc","rating":1274,"private":0,"password":""}