{"id":"gen9vgc2023regulationc-1857302608","p1":"Snowstorm brute","p2":"Borghi","format":"[Gen 9] VGC 2023 Regulation C","log":"|j|\u2606Snowstorm brute\n|j|\u2606Borghi\n|t:|1683170192\n|gametype|doubles\n|player|p1|Snowstorm brute|veteran|\n|player|p2|Borghi|blue-masters|\n|teamsize|p1|5\n|teamsize|p2|6\n|gen|9\n|tier|[Gen 9] VGC 2023 Regulation C\n|rated|Tournament battle\n|rule|Species Clause: Limit one of each Pok\u00e9mon\n|rule|Item Clause: Limit one of each item\n|clearpoke\n|poke|p1|Ting-Lu, L50|\n|poke|p1|Roaring Moon, L50|\n|poke|p1|Klefki, L50, M|\n|poke|p1|Skeledirge, L50, M|\n|poke|p1|Iron Bundle, L50|\n|poke|p2|Talonflame, L50, F|\n|poke|p2|Flutter Mane, L50|\n|poke|p2|Indeedee-F, L50, F|\n|poke|p2|Iron Hands, L50|\n|poke|p2|Armarouge, L50, M|\n|poke|p2|Chien-Pao, L50|\n|teampreview|4\n|inactive|Battle timer is ON: inactive players will automatically lose when time's up. (requested by Borghi)\nBorghi rejected open team sheets.\n|j| Radio Free C-Side\n|j| Toastest\n|j| red de pokemon oro\n|j| bdogplatinum\n|c|\u2606Snowstorm brute|why reject the team sheet\n|c|\u2606Borghi|practicing for the IC\n|j| Delilahman\n|c|\u2606Borghi|:D\n|c| bdogplatinum|LOL\n|inactive|Snowstorm brute has 60 seconds left.\n|c|\u2606Snowstorm brute|can i at least hae no time\n|c| Toastest|there's always timer in ic\n|c|\u2606Snowstorm brute|pls\n|j| Wottl3y\n|j| jf168\n|j|+TheEeveeAnimations\n|c|\u2606Snowstorm brute|you would want a better oppenent\n|inactive|Snowstorm brute has 30 seconds left.\n|c|\u2606Snowstorm brute|right now for prep wouldn't you\n|c| bdogplatinum|not in the IC lol\n|c|\u2606Borghi|no\n|inactive|Snowstorm brute has 20 seconds left.\n|\n|t:|1683170263\n|start\n|switch|p1a: Ting-Lu|Ting-Lu, L50|100\/100\n|switch|p1b: Roaring Moon|Roaring Moon, L50|100\/100\n|switch|p2a: Indeedee|Indeedee-F, L50, F|100\/100\n|switch|p2b: Iron Hands|Iron Hands, L50|100\/100\n|-fieldstart|move: Psychic Terrain|[from] ability: Psychic Surge|[of] p2a: Indeedee\n|-ability|p1a: Ting-Lu|Vessel of Ruin\n|-enditem|p1b: Roaring Moon|Booster Energy\n|-activate|p1b: Roaring Moon|ability: Protosynthesis|[fromitem]\n|-start|p1b: Roaring Moon|protosynthesisspe\n|turn|1\n|c| Radio Free C-Side|brutal\n|j| CblonVGC\n|\n|t:|1683170281\n|move|p1b: Roaring Moon|Protect|p1b: Roaring Moon\n|-singleturn|p1b: Roaring Moon|Protect\n|move|p2a: Indeedee|Follow Me|p2a: Indeedee\n|-singleturn|p2a: Indeedee|move: Follow Me\n|move|p2b: Iron Hands|Belly Drum|p2b: Iron Hands\n|-damage|p2b: Iron Hands|50\/100\n|-setboost|p2b: Iron Hands|atk|6|[from] move: Belly Drum\n|-enditem|p2b: Iron Hands|Sitrus Berry|[eat]\n|-heal|p2b: Iron Hands|75\/100|[from] item: Sitrus Berry\n|move|p1a: Ting-Lu|Whirlwind|p2a: Indeedee\n|drag|p2a: Talonflame|Talonflame, L50, F|100\/100\n|\n|upkeep\n|turn|2\n|j| jmiel_29\n|j| gen5remake\n|inactive|Borghi has 30 seconds left.\n|inactive|Borghi has 20 seconds left.\n|\n|t:|1683170319\n|switch|p1a: Skeledirge|Skeledirge, L50, M|100\/100\n|-terastallize|p1b: Roaring Moon|Flying\n|move|p1b: Roaring Moon|Acrobatics|p2a: Talonflame\n|-damage|p2a: Talonflame|42\/100\n|move|p2a: Talonflame|Taunt|p1a: Skeledirge\n|-start|p1a: Skeledirge|move: Taunt\n|move|p2b: Iron Hands|Earthquake|p1a: Skeledirge|[spread] p1a\n|-immune|p2a: Talonflame\n|-immune|p1b: Roaring Moon\n|-supereffective|p1a: Skeledirge\n|-damage|p1a: Skeledirge|58\/100\n|\n|upkeep\n|turn|3\n|c| Radio Free C-Side|I forgot about unaware for a min\n|inactive|Borghi has 30 seconds left.\n|c|\u2606Snowstorm brute|skeldrige goated\n|c| Radio Free C-Side|and thought skeledirge tanked that normally\n|inactive|Borghi has 20 seconds left.\n|inactive|Borghi has 15 seconds left.\n|j|+HobbitVGC\n|inactive|Borghi has 10 seconds left.\n|\n|t:|1683170365\n|move|p1b: Roaring Moon|Protect|p1b: Roaring Moon\n|-singleturn|p1b: Roaring Moon|Protect\n|move|p2b: Iron Hands|Protect|p2b: Iron Hands\n|-singleturn|p2b: Iron Hands|Protect\n|move|p2a: Talonflame|Tailwind|p2a: Talonflame\n|-sidestart|p2: Borghi|move: Tailwind\n|move|p1a: Skeledirge|Torch Song|p2b: Iron Hands\n|-activate|p2b: Iron Hands|move: Protect\n|\n|upkeep\n|turn|4\n|\n|t:|1683170384\n|move|p2a: Talonflame|Brave Bird|p1a: Skeledirge\n|-damage|p1a: Skeledirge|28\/100\n|-enditem|p1a: Skeledirge|Sitrus Berry|[eat]\n|-heal|p1a: Skeledirge|53\/100|[from] item: Sitrus Berry\n|-damage|p2a: Talonflame|30\/100|[from] Recoil\n|move|p1b: Roaring Moon|Acrobatics|p2b: Iron Hands\n|-damage|p2b: Iron Hands|38\/100\n|move|p2b: Iron Hands|Drain Punch|p1b: Roaring Moon\n|-resisted|p1b: Roaring Moon\n|-damage|p1b: Roaring Moon|28\/100\n|-heal|p2b: Iron Hands|71\/100|[from] drain|[of] p1b: Roaring Moon\n|move|p1a: Skeledirge|Torch Song|p2b: Iron Hands\n|-damage|p2b: Iron Hands|41\/100\n|-boost|p1a: Skeledirge|spa|1\n|\n|-end|p1a: Skeledirge|move: Taunt\n|upkeep\n|turn|5\n|\n|t:|1683170405\n|move|p1b: Roaring Moon|Protect|p1b: Roaring Moon\n|-singleturn|p1b: Roaring Moon|Protect\n|move|p2a: Talonflame|Brave Bird|p1a: Skeledirge\n|-damage|p1a: Skeledirge|24\/100\n|-damage|p2a: Talonflame|19\/100|[from] Recoil\n|move|p2b: Iron Hands|Earthquake|p1a: Skeledirge|[spread] p1a\n|-activate|p1b: Roaring Moon|move: Protect\n|-immune|p2a: Talonflame\n|-supereffective|p1a: Skeledirge\n|-damage|p1a: Skeledirge|0 fnt\n|faint|p1a: Skeledirge\n|\n|-fieldend|move: Psychic Terrain\n|upkeep\n|\n|t:|1683170411\n|switch|p1a: Klefki|Klefki, L50, M|100\/100\n|turn|6\n|l| jmiel_29\n|c|\u2606Snowstorm brute|i could have attacked lol\n|c|\u2606Borghi|but you didnt\n|c| Toastest|ye\n|j| jmiel_29\n|c| Radio Free C-Side|thats whats called\n|l| gen5remake\n|inactive|Borghi has 30 seconds left.\n|inactive|Snowstorm brute has 30 seconds left.\n|c| Radio Free C-Side|\"a read\"\n|\n|t:|1683170447\n|move|p2b: Iron Hands|Protect|p2b: Iron Hands\n|-singleturn|p2b: Iron Hands|Protect\n|move|p1a: Klefki|Thunder Wave|p2a: Talonflame\n|-status|p2a: Talonflame|par\n|move|p1b: Roaring Moon|Acrobatics|p2b: Iron Hands\n|-activate|p2b: Iron Hands|move: Protect\n|move|p2a: Talonflame|Brave Bird|p1b: Roaring Moon\n|-damage|p1b: Roaring Moon|0 fnt\n|faint|p1b: Roaring Moon\n|-end|p1b: Roaring Moon|Protosynthesis|[silent]\n|-damage|p2a: Talonflame|9\/100 par|[from] Recoil\n|\n|-sideend|p2: Borghi|move: Tailwind\n|upkeep\n|j| Vivillion Loco!\n|\n|t:|1683170451\n|switch|p1b: Ting-Lu|Ting-Lu, L50|100\/100\n|-ability|p1b: Ting-Lu|Vessel of Ruin\n|turn|7\n|\n|t:|1683170455\n|move|p2b: Iron Hands|Drain Punch|p1b: Ting-Lu\n|-supereffective|p1b: Ting-Lu\n|-damage|p1b: Ting-Lu|0 fnt\n|-heal|p2b: Iron Hands|98\/100|[from] drain|[of] p1b: Ting-Lu\n|faint|p1b: Ting-Lu\n|move|p2a: Talonflame|Tailwind|p2a: Talonflame\n|-sidestart|p2: Borghi|move: Tailwind\n|move|p1a: Klefki|Dazzling Gleam|p2b: Iron Hands|[spread] p2a,p2b\n|-resisted|p2a: Talonflame\n|-supereffective|p2b: Iron Hands\n|-damage|p2a: Talonflame|0 fnt\n|-damage|p2b: Iron Hands|63\/100\n|faint|p2a: Talonflame\n|\n|upkeep\n|\n|t:|1683170459\n|switch|p2a: Indeedee|Indeedee-F, L50, F|100\/100\n|-fieldstart|move: Psychic Terrain|[from] ability: Psychic Surge|[of] p2a: Indeedee\n|turn|8\n|-message|Snowstorm brute forfeited.\n|\n|win|Borghi\n|n|\u2606Snowstorm brute|snowstormbrute\n|n|\u2606Borghi|borghi\n|n| Radio Free C-Side|radiofreecside\n|n| Toastest|toastest\n|n| red de pokemon oro|reddepokemonoro\n|n| bdogplatinum|bdogplatinum\n|n| Delilahman|delilahman\n|n| Wottl3y|wottl3y\n|n| jf168|jf168\n|n| TheEeveeAnimations|theeeveeanimations\n|n| CblonVGC|cblonvgc\n|n| HobbitVGC|hobbitvgc\n|n| jmiel_29|jmiel29\n|n| Vivillion Loco!|vivillionloco\n|l|\u2606Snowstorm brute\n|l| jf168\n|l| bdogplatinum\n|l| Vivillion Loco!\n|l| jmiel_29\n|l| Radio Free C-Side\n|l| Toastest\n|l| Wottl3y\n|l| red de pokemon oro\n|l| Delilahman\n|l| HobbitVGC\n|l| CblonVGC\n|l| TheEeveeAnimations\n|j| teraghostisbad\n","uploadtime":1683171135,"views":7,"p1id":"snowstormbrute","p2id":"borghi","formatid":"gen9vgc2023regulationc","rating":0,"private":0,"password":""}