{"id":"gen9vgc2023regulationc-1863466559","p1":"Hhnnjjbnmjh","p2":"mathtass","format":"[Gen 9] VGC 2023 Regulation C","log":"|j|\u2606Hhnnjjbnmjh\n|j|\u2606mathtass\n|t:|1684021104\n|gametype|doubles\n|player|p1|Hhnnjjbnmjh|li|1259\n|player|p2|mathtass|1|1316\n|teamsize|p1|6\n|teamsize|p2|6\n|gen|9\n|tier|[Gen 9] VGC 2023 Regulation C\n|rated|\n|rule|Species Clause: Limit one of each Pok\u00e9mon\n|rule|Item Clause: Limit one of each item\n|clearpoke\n|poke|p1|Murkrow, L50, M|\n|poke|p1|Chi-Yu, L50|\n|poke|p1|Flutter Mane, L50|\n|poke|p1|Great Tusk, L50|\n|poke|p1|Brute Bonnet, L50|\n|poke|p1|Corviknight, L50, M|\n|poke|p2|Amoonguss, L50, F|\n|poke|p2|Chi-Yu, L50|\n|poke|p2|Arcanine, L50, M|\n|poke|p2|Dragonite, L50, M|\n|poke|p2|Flutter Mane, L50|\n|poke|p2|Iron Hands, L50|\n|teampreview|4\nmathtass has agreed to open team sheets.\n|\n|t:|1684021142\n|start\n|switch|p1a: Murkrow|Murkrow, L50, M, shiny|100\/100\n|switch|p1b: Great Tusk|Great Tusk, L50|100\/100\n|switch|p2a: Simba|Arcanine, L50, M, shiny|100\/100\n|switch|p2b: Titan|Dragonite, L50, M, shiny|100\/100\n|-ability|p2a: Simba|Intimidate|boost\n|-unboost|p1a: Murkrow|atk|1\n|-unboost|p1b: Great Tusk|atk|1\n|turn|1\n|\n|t:|1684021160\n|move|p1a: Murkrow|Tailwind|p1a: Murkrow\n|-sidestart|p1: Hhnnjjbnmjh|move: Tailwind\n|move|p1b: Great Tusk|Rock Slide|p2b: Titan|[spread] p2a\n|-miss|p1b: Great Tusk|p2b: Titan\n|-supereffective|p2a: Simba\n|-damage|p2a: Simba|70\/100\n|move|p2a: Simba|Howl|p2a: Simba|[spread] p2a,p2b\n|-boost|p2a: Simba|atk|1\n|-boost|p2b: Titan|atk|1\n|move|p2b: Titan|Ice Spinner|p1b: Great Tusk\n|-supereffective|p1b: Great Tusk\n|-damage|p1b: Great Tusk|35\/100\n|\n|upkeep\n|turn|2\n|\n|t:|1684021187\n|-terastallize|p2b: Titan|Flying\n|move|p2a: Simba|Protect|p2a: Simba\n|-singleturn|p2a: Simba|Protect\n|move|p1b: Great Tusk|Rock Slide|p2a: Simba|[spread] \n|-activate|p2a: Simba|move: Protect\n|-miss|p1b: Great Tusk|p2b: Titan\n|move|p1a: Murkrow|Foul Play|p2b: Titan\n|-damage|p2b: Titan|58\/100\n|move|p2b: Titan|Tera Blast|p1a: Murkrow\n|-damage|p1a: Murkrow|3\/100\n|\n|upkeep\n|turn|3\n|\n|t:|1684021205\n|move|p2b: Titan|Extreme Speed|p1a: Murkrow\n|-damage|p1a: Murkrow|0 fnt\n|faint|p1a: Murkrow\n|move|p1b: Great Tusk|Rock Slide|p2b: Titan|[spread] p2a,p2b\n|-supereffective|p2a: Simba\n|-supereffective|p2b: Titan\n|-damage|p2a: Simba|44\/100\n|-damage|p2b: Titan|31\/100\n|-enditem|p2a: Simba|Sitrus Berry|[eat]\n|-heal|p2a: Simba|69\/100|[from] item: Sitrus Berry\n|move|p2a: Simba|Flare Blitz|p1b: Great Tusk\n|-damage|p1b: Great Tusk|0 fnt\n|faint|p1b: Great Tusk\n|-end|p1b: Great Tusk|Protosynthesis|[silent]\n|-damage|p2a: Simba|58\/100|[from] Recoil\n|\n|upkeep\n|\n|t:|1684021219\n|switch|p1b: Corviknight|Corviknight, L50, M|100\/100\n|switch|p1a: Brute Bonnet|Brute Bonnet, L50|100\/100\n|turn|4\n|\n|t:|1684021261\n|-terastallize|p1b: Corviknight|Fire\n|move|p1b: Corviknight|Tera Blast|p2b: Titan\n|-damage|p2b: Titan|0 fnt\n|faint|p2b: Titan\n|move|p1a: Brute Bonnet|Spore|p2a: Simba\n|-status|p2a: Simba|slp|[from] move: Spore\n|cant|p2a: Simba|slp\n|\n|-sideend|p1: Hhnnjjbnmjh|move: Tailwind\n|upkeep\n|\n|t:|1684021273\n|switch|p2b: Blaze|Chi-Yu, L50|100\/100\n|-ability|p2b: Blaze|Beads of Ruin\n|turn|5\n|\n|t:|1684021292\n|move|p2b: Blaze|Protect|p2b: Blaze\n|-singleturn|p2b: Blaze|Protect\n|cant|p2a: Simba|slp\n|move|p1b: Corviknight|Tera Blast|p2b: Blaze\n|-activate|p2b: Blaze|move: Protect\n|move|p1a: Brute Bonnet|Spore|p2b: Blaze\n|-activate|p2b: Blaze|move: Protect\n|\n|upkeep\n|turn|6\n|\n|t:|1684021303\n|move|p2b: Blaze|Heat Wave|p1b: Corviknight|[spread] p1a,p1b\n|-supereffective|p1a: Brute Bonnet\n|-resisted|p1b: Corviknight\n|-damage|p1a: Brute Bonnet|0 fnt\n|-damage|p1b: Corviknight|63\/100\n|faint|p1a: Brute Bonnet\n|-end|p1a: Brute Bonnet|Protosynthesis|[silent]\n|-damage|p2b: Blaze|90\/100|[from] item: Life Orb\n|cant|p2a: Simba|slp\n|move|p1b: Corviknight|Tera Blast|p2b: Blaze\n|-resisted|p2b: Blaze\n|-damage|p2b: Blaze|49\/100\n|\n|upkeep\n|turn|7\n|-message|Hhnnjjbnmjh forfeited.\n|\n|win|mathtass\n|raw|Hhnnjjbnmjh's rating: 1259 → 1238<\/strong> (-21 for losing)\n|raw|mathtass's rating: 1316 → 1333<\/strong> (+17 for winning)\n|l|\u2606Hhnnjjbnmjh\n","uploadtime":1684021317,"views":10,"p1id":"hhnnjjbnmjh","p2id":"mathtass","formatid":"gen9vgc2023regulationc","rating":1238,"private":0,"password":""}