{"id":"gen9vgc2023regulationc-1849709106","p1":"FrostVG","p2":"LiakosVGC","format":"[Gen 9] VGC 2023 Regulation C","log":"|j|\u2606FrostVG\n|j|\u2606LiakosVGC\n|t:|1682236838\n|gametype|doubles\n|player|p1|FrostVG|fisherman-gen4|\n|player|p2|LiakosVGC|lass-gen4dp|\n|teamsize|p1|6\n|teamsize|p2|6\n|gen|9\n|tier|[Gen 9] VGC 2023 Regulation C\n|rule|Species Clause: Limit one of each Pok\u00e9mon\n|rule|Item Clause: Limit one of each item\n|clearpoke\n|poke|p1|Iron Hands, L50|\n|poke|p1|Amoonguss, L50, M|\n|poke|p1|Gyarados, L50, M|\n|poke|p1|Flutter Mane, L50|\n|poke|p1|Chi-Yu, L50|\n|poke|p1|Tyranitar, L50, M|\n|poke|p2|Palafin, L50, M|\n|poke|p2|Amoonguss, L50, M|\n|poke|p2|Arcanine, L50, M|\n|poke|p2|Ting-Lu, L50|\n|poke|p2|Iron Hands, L50|\n|poke|p2|Flutter Mane, L50|\n|teampreview|4\n|c|\u2606FrostVG|g3\nFrostVG has agreed to open team sheets.\n|j| MSI2023\nLiakosVGC has agreed to open team sheets.\n|j| skoda fabia scam\n|j| 1400inthegc\n|c|\u2606FrostVG|glhf\n|j| TamtamNi\n|c|\u2606LiakosVGC|you too\n|j| duckpond\n|j| dltmessi\n|j| Tito Sprigs\n|l| Tito Sprigs\n|j| Tito Sprigs\n|\n|t:|1682238006\n|start\n|switch|p1a: Iron Hands|Iron Hands, L50|100\/100\n|switch|p1b: Gyarados|Gyarados, L50, M|100\/100\n|switch|p2a: Arcanine|Arcanine, L50, M|100\/100\n|switch|p2b: Palafin|Palafin, L50, M, shiny|100\/100\n|-ability|p2a: Arcanine|Intimidate|boost\n|-unboost|p1a: Iron Hands|atk|1\n|-unboost|p1b: Gyarados|atk|1\n|-ability|p1b: Gyarados|Intimidate|boost\n|-unboost|p2a: Arcanine|atk|1\n|-unboost|p2b: Palafin|atk|1\n|turn|1\n|\n|t:|1682238037\n|move|p2b: Palafin|Wave Crash|p1a: Iron Hands\n|-crit|p1a: Iron Hands\n|-damage|p1a: Iron Hands|51\/100\n|-damage|p2b: Palafin|79\/100|[from] Recoil\n|move|p2a: Arcanine|Will-O-Wisp|p1b: Gyarados\n|-status|p1b: Gyarados|brn\n|move|p1b: Gyarados|Thunder Wave|p2a: Arcanine\n|-status|p2a: Arcanine|par\n|move|p1a: Iron Hands|Swords Dance|p1a: Iron Hands\n|-boost|p1a: Iron Hands|atk|2\n|\n|-damage|p1b: Gyarados|94\/100 brn|[from] brn\n|upkeep\n|turn|2\n|\n|t:|1682238077\n|detailschange|p2b: Palafin|Palafin-Hero, L50, M, shiny\n|switch|p2b: Iron Hands|Iron Hands, L50, shiny|100\/100\n|switch|p2a: Amoonguss|Amoonguss, L50, M, shiny|100\/100\n|move|p1b: Gyarados|Waterfall|p2a: Amoonguss\n|-resisted|p2a: Amoonguss\n|-damage|p2a: Amoonguss|96\/100\n|move|p1a: Iron Hands|Drain Punch|p2b: Iron Hands\n|-damage|p2b: Iron Hands|62\/100\n|-heal|p1a: Iron Hands|70\/100|[from] drain|[of] p2b: Iron Hands\n|\n|-heal|p1b: Gyarados|100\/100 brn|[from] item: Leftovers\n|-damage|p1b: Gyarados|94\/100 brn|[from] brn\n|upkeep\n|turn|3\n|\n|t:|1682238096\n|switch|p1b: Amoonguss|Amoonguss, L50, M|100\/100\n|move|p2b: Iron Hands|Drain Punch|p1a: Iron Hands\n|-damage|p1a: Iron Hands|44\/100\n|-heal|p2b: Iron Hands|76\/100|[from] drain|[of] p1a: Iron Hands\n|move|p1a: Iron Hands|Swords Dance|p1a: Iron Hands\n|-boost|p1a: Iron Hands|atk|2\n|move|p2a: Amoonguss|Pollen Puff|p2b: Iron Hands\n|-heal|p2b: Iron Hands|100\/100\n|\n|upkeep\n|turn|4\n|\n|t:|1682238124\n|switch|p2a: Palafin|Palafin-Hero, L50, M, shiny|79\/100\n|-activate|p2a: Palafin|ability: Zero to Hero\n|-terastallize|p2b: Iron Hands|Grass\n|move|p2b: Iron Hands|Drain Punch|p1a: Iron Hands\n|-damage|p1a: Iron Hands|19\/100\n|move|p1a: Iron Hands|Drain Punch|p2b: Iron Hands\n|-damage|p2b: Iron Hands|35\/100\n|-heal|p1a: Iron Hands|51\/100|[from] drain|[of] p2b: Iron Hands\n|move|p1b: Amoonguss|Pollen Puff|p1a: Iron Hands\n|-heal|p1a: Iron Hands|100\/100\n|\n|upkeep\n|turn|5\n|\n|t:|1682238179\n|move|p2a: Palafin|Wave Crash|p1a: Iron Hands\n|-damage|p1a: Iron Hands|38\/100\n|-damage|p2a: Palafin|53\/100|[from] Recoil\n|move|p2b: Iron Hands|Drain Punch|p1a: Iron Hands\n|-damage|p1a: Iron Hands|11\/100\n|-heal|p2b: Iron Hands|49\/100|[from] drain|[of] p1a: Iron Hands\n|move|p1a: Iron Hands|Drain Punch|p2b: Iron Hands\n|-damage|p2b: Iron Hands|0 fnt\n|-heal|p1a: Iron Hands|34\/100|[from] drain|[of] p2b: Iron Hands\n|faint|p2b: Iron Hands\n|-end|p2b: Iron Hands|Quark Drive|[silent]\n|move|p1b: Amoonguss|Spore|p2a: Palafin\n|-status|p2a: Palafin|slp|[from] move: Spore\n|\n|upkeep\n|\n|t:|1682238193\n|switch|p2b: Arcanine|Arcanine, L50, M|100\/100 par\n|-ability|p2b: Arcanine|Intimidate|boost\n|-unboost|p1a: Iron Hands|atk|1\n|-unboost|p1b: Amoonguss|atk|1\n|turn|6\n|j| globaleuitdaging\n|\n|t:|1682238214\n|switch|p2a: Amoonguss|Amoonguss, L50, M, shiny|100\/100\n|move|p1a: Iron Hands|Drain Punch|p2b: Arcanine\n|-damage|p2b: Arcanine|31\/100 par\n|-heal|p1a: Iron Hands|61\/100|[from] drain|[of] p2b: Arcanine\n|move|p2b: Arcanine|Flare Blitz|p1a: Iron Hands\n|-damage|p1a: Iron Hands|33\/100\n|-status|p1a: Iron Hands|brn\n|-damage|p2b: Arcanine|18\/100 par|[from] Recoil\n|move|p1b: Amoonguss|Pollen Puff|p1a: Iron Hands\n|-heal|p1a: Iron Hands|83\/100 brn\n|\n|-damage|p1a: Iron Hands|77\/100 brn|[from] brn\n|upkeep\n|turn|7\n|\n|t:|1682238230\n|switch|p2b: Palafin|Palafin-Hero, L50, M, shiny|53\/100 slp\n|move|p1a: Iron Hands|Drain Punch|p2b: Palafin\n|-damage|p2b: Palafin|18\/100 slp\n|-heal|p1a: Iron Hands|90\/100 brn|[from] drain|[of] p2b: Palafin\n|move|p2a: Amoonguss|Pollen Puff|p2b: Palafin\n|-heal|p2b: Palafin|68\/100 slp\n|move|p1b: Amoonguss|Pollen Puff|p1a: Iron Hands\n|-heal|p1a: Iron Hands|100\/100 brn\n|\n|-damage|p1a: Iron Hands|94\/100 brn|[from] brn\n|upkeep\n|turn|8\n|\n|t:|1682238274\n|cant|p2b: Palafin|slp\n|move|p1a: Iron Hands|Thunder Punch|p2b: Palafin\n|-supereffective|p2b: Palafin\n|-damage|p2b: Palafin|2\/100 slp\n|move|p2a: Amoonguss|Pollen Puff|p2b: Palafin\n|-heal|p2b: Palafin|52\/100 slp\n|move|p1b: Amoonguss|Pollen Puff|p2b: Palafin\n|-damage|p2b: Palafin|32\/100 slp\n|\n|-damage|p1a: Iron Hands|88\/100 brn|[from] brn\n|upkeep\n|turn|9\n|l| 1400inthegc\n|\n|t:|1682238300\n|switch|p2a: Arcanine|Arcanine, L50, M|18\/100 par\n|-ability|p2a: Arcanine|Intimidate|boost\n|-unboost|p1a: Iron Hands|atk|1\n|-unboost|p1b: Amoonguss|atk|1\n|cant|p2b: Palafin|slp\n|move|p1b: Amoonguss|Rage Powder|p1b: Amoonguss\n|-singleturn|p1b: Amoonguss|move: Rage Powder\n|move|p1a: Iron Hands|Thunder Punch|p2b: Palafin\n|-supereffective|p2b: Palafin\n|-damage|p2b: Palafin|0 fnt\n|faint|p2b: Palafin\n|\n|-damage|p1a: Iron Hands|82\/100 brn|[from] brn\n|upkeep\n|c|\u2606LiakosVGC|ggs\n|c|\u2606FrostVG|ggs\n|-message|LiakosVGC forfeited.\n|\n|win|FrostVG\n|l| Tito Sprigs\n|l| dltmessi\n|l| skoda fabia scam\n|l| globaleuitdaging\n|l| MSI2023\n|l| duckpond\n","uploadtime":1682238316,"views":46,"p1id":"frostvg","p2id":"liakosvgc","formatid":"gen9vgc2023regulationc","rating":0,"private":0,"password":""}