{"id":"gen9vgc2023regulationc-1864398827","p1":"frazzledazzle33","p2":"fonzee3000","format":"[Gen 9] VGC 2023 Regulation C","log":"|j|\u2606frazzledazzle33\n|j|\u2606fonzee3000\n|t:|1684163122\n|gametype|doubles\n|player|p1|frazzledazzle33|102|1187\n|player|p2|fonzee3000|steven|1286\n|teamsize|p1|6\n|teamsize|p2|6\n|gen|9\n|tier|[Gen 9] VGC 2023 Regulation C\n|rated|\n|rule|Species Clause: Limit one of each Pok\u00e9mon\n|rule|Item Clause: Limit one of each item\n|clearpoke\n|poke|p1|Gothitelle, L50, F|\n|poke|p1|Palafin, L50, F|\n|poke|p1|Amoonguss, L50, M|\n|poke|p1|Iron Hands, L50|\n|poke|p1|Kingambit, L50, F|\n|poke|p1|Flutter Mane, L50|\n|poke|p2|Annihilape, L50, M|\n|poke|p2|Maushold-Four, L50|\n|poke|p2|Glimmora, L50, F|\n|poke|p2|Chi-Yu, L50|\n|poke|p2|Iron Bundle, L50|\n|poke|p2|Flutter Mane, L50|\n|teampreview|4\n|inactive|Battle timer is ON: inactive players will automatically lose when time's up. (requested by fonzee3000)\nfonzee3000 has agreed to open team sheets.\n|inactive|frazzledazzle33 has 60 seconds left.\n|inactive|fonzee3000 has 60 seconds left.\n|\n|t:|1684163165\n|start\n|switch|p1a: Gothitelle|Gothitelle, L50, F|100\/100\n|switch|p1b: Flutter Mane|Flutter Mane, L50|100\/100\n|switch|p2a: Annihilape|Annihilape, L50, M|100\/100\n|switch|p2b: Maushold|Maushold-Four, L50|100\/100\n|turn|1\n|inactive|fonzee3000 has 30 seconds left.\n|\n|t:|1684163196\n|move|p1a: Gothitelle|Fake Out|p2b: Maushold\n|-crit|p2b: Maushold\n|-damage|p2b: Maushold|92\/100\n|cant|p2b: Maushold|flinch\n|move|p1b: Flutter Mane|Moonblast|p2a: Annihilape\n|-supereffective|p2a: Annihilape\n|-damage|p2a: Annihilape|42\/100\n|move|p2a: Annihilape|Bulk Up|p2a: Annihilape\n|-boost|p2a: Annihilape|atk|1\n|-boost|p2a: Annihilape|def|1\n|\n|-heal|p2a: Annihilape|49\/100|[from] item: Leftovers\n|upkeep\n|turn|2\n|\n|t:|1684163214\n|move|p2b: Maushold|Follow Me|p2b: Maushold\n|-singleturn|p2b: Maushold|move: Follow Me\n|move|p1b: Flutter Mane|Moonblast|p2b: Maushold\n|-damage|p2b: Maushold|32\/100\n|move|p2a: Annihilape|Rage Fist|p1b: Flutter Mane\n|-supereffective|p1b: Flutter Mane\n|-enditem|p1b: Flutter Mane|Focus Sash\n|-damage|p1b: Flutter Mane|1\/100\n|move|p1a: Gothitelle|Psychic|p2b: Maushold\n|-damage|p2b: Maushold|0 fnt\n|faint|p2b: Maushold\n|\n|-heal|p2a: Annihilape|55\/100|[from] item: Leftovers\n|upkeep\n|\n|t:|1684163231\n|switch|p2b: Flutter Mane|Flutter Mane, L50|100\/100\n|turn|3\n|\n|t:|1684163249\n|-terastallize|p2a: Annihilape|Fire\n|move|p1a: Gothitelle|Helping Hand|p1b: Flutter Mane\n|-singleturn|p1b: Flutter Mane|Helping Hand|[of] p1a: Gothitelle\n|move|p1b: Flutter Mane|Shadow Ball|p2b: Flutter Mane\n|-supereffective|p2b: Flutter Mane\n|-damage|p2b: Flutter Mane|0 fnt\n|faint|p2b: Flutter Mane\n|-end|p2b: Flutter Mane|Protosynthesis|[silent]\n|move|p2a: Annihilape|Rage Fist|p1a: Gothitelle\n|-supereffective|p1a: Gothitelle\n|-damage|p1a: Gothitelle|0 fnt\n|faint|p1a: Gothitelle\n|\n|-heal|p2a: Annihilape|61\/100|[from] item: Leftovers\n|upkeep\n|\n|t:|1684163263\n|switch|p2b: Glimmora|Glimmora, L50, F, shiny|100\/100\n|switch|p1a: Kingambit|Kingambit, L50, F|100\/100\n|turn|4\n|inactive|frazzledazzle33 has 30 seconds left.\n|\n|t:|1684163293\n|-terastallize|p1a: Kingambit|Flying\n|move|p1b: Flutter Mane|Shadow Ball|p2b: Glimmora\n|-damage|p2b: Glimmora|70\/100\n|move|p2b: Glimmora|Mortal Spin|p1b: Flutter Mane|[spread] p1a,p1b\n|-crit|p1a: Kingambit\n|-damage|p1a: Kingambit|96\/100\n|-damage|p1b: Flutter Mane|0 fnt\n|-status|p1a: Kingambit|psn\n|faint|p1b: Flutter Mane\n|-end|p1b: Flutter Mane|Protosynthesis|[silent]\n|move|p2a: Annihilape|Drain Punch|p1a: Kingambit\n|-resisted|p1a: Kingambit\n|-damage|p1a: Kingambit|77\/100 psn\n|-heal|p2a: Annihilape|71\/100|[from] drain|[of] p1a: Kingambit\n|move|p1a: Kingambit|Iron Head|p2b: Glimmora\n|-supereffective|p2b: Glimmora\n|-damage|p2b: Glimmora|0 fnt\n|-activate|p2b: Glimmora|ability: Toxic Debris\n|-sidestart|p1: frazzledazzle33|move: Toxic Spikes\n|faint|p2b: Glimmora\n|\n|-heal|p2a: Annihilape|77\/100|[from] item: Leftovers\n|-damage|p1a: Kingambit|65\/100 psn|[from] psn\n|upkeep\n|\n|t:|1684163314\n|switch|p1b: Amoonguss|Amoonguss, L50, M|100\/100\n|-sideend|p1: frazzledazzle33|move: Toxic Spikes|[of] p1b: Amoonguss\n|turn|5\n|\n|t:|1684163339\n|move|p1b: Amoonguss|Rage Powder|p1b: Amoonguss\n|-singleturn|p1b: Amoonguss|move: Rage Powder\n|move|p2a: Annihilape|Rage Fist|p1b: Amoonguss\n|-damage|p1b: Amoonguss|39\/100\n|move|p1a: Kingambit|Kowtow Cleave|p2a: Annihilape\n|-damage|p2a: Annihilape|50\/100\n|\n|-heal|p2a: Annihilape|56\/100|[from] item: Leftovers\n|-damage|p1a: Kingambit|53\/100 psn|[from] psn\n|upkeep\n|turn|6\n|\n|t:|1684163361\n|move|p2a: Annihilape|Protect|p2a: Annihilape\n|-singleturn|p2a: Annihilape|Protect\n|move|p1a: Kingambit|Kowtow Cleave|p2a: Annihilape\n|-activate|p2a: Annihilape|move: Protect\n|move|p1b: Amoonguss|Spore|p2a: Annihilape\n|-activate|p2a: Annihilape|move: Protect\n|\n|-heal|p2a: Annihilape|62\/100|[from] item: Leftovers\n|-damage|p1a: Kingambit|41\/100 psn|[from] psn\n|upkeep\n|turn|7\n|\n|t:|1684163376\n|move|p1b: Amoonguss|Protect|p1b: Amoonguss\n|-singleturn|p1b: Amoonguss|Protect\n|move|p2a: Annihilape|Rage Fist|p1b: Amoonguss\n|-activate|p1b: Amoonguss|move: Protect\n|move|p1a: Kingambit|Tera Blast|p2a: Annihilape\n|-damage|p2a: Annihilape|33\/100\n|\n|-heal|p2a: Annihilape|39\/100|[from] item: Leftovers\n|-damage|p1a: Kingambit|29\/100 psn|[from] psn\n|upkeep\n|turn|8\n|\n|t:|1684163390\n|move|p2a: Annihilape|Protect|p2a: Annihilape\n|-singleturn|p2a: Annihilape|Protect\n|move|p1a: Kingambit|Tera Blast|p2a: Annihilape\n|-activate|p2a: Annihilape|move: Protect\n|move|p1b: Amoonguss|Pollen Puff|p1a: Kingambit\n|-heal|p1a: Kingambit|78\/100 psn\n|\n|-heal|p2a: Annihilape|46\/100|[from] item: Leftovers\n|-damage|p1a: Kingambit|66\/100 psn|[from] psn\n|upkeep\n|turn|9\n|\n|t:|1684163406\n|move|p1b: Amoonguss|Rage Powder|p1b: Amoonguss\n|-singleturn|p1b: Amoonguss|move: Rage Powder\n|move|p2a: Annihilape|Rage Fist|p1b: Amoonguss\n|-damage|p1b: Amoonguss|0 fnt\n|faint|p1b: Amoonguss\n|move|p1a: Kingambit|Tera Blast|p2a: Annihilape\n|-damage|p2a: Annihilape|17\/100\n|\n|-heal|p2a: Annihilape|23\/100|[from] item: Leftovers\n|-damage|p1a: Kingambit|54\/100 psn|[from] psn\n|upkeep\n|turn|10\n|\n|t:|1684163420\n|move|p2a: Annihilape|Rage Fist|p1a: Kingambit\n|-damage|p1a: Kingambit|0 fnt\n|faint|p1a: Kingambit\n|\n|win|fonzee3000\n|raw|frazzledazzle33's rating: 1187 → 1169<\/strong> (-18 for losing)\n|raw|fonzee3000's rating: 1286 → 1304<\/strong> (+18 for winning)\n","uploadtime":1684163428,"views":4,"p1id":"frazzledazzle33","p2id":"fonzee3000","formatid":"gen9vgc2023regulationc","rating":1169,"private":0,"password":""}