{"id":"gen9vgc2023regulationc-1846331572","p1":"MothmansBiggestFan","p2":"andur13","format":"[Gen 9] VGC 2023 Regulation C","log":"|j|\u2606MothmansBiggestFan\n|j|\u2606andur13\n|t:|1681832290\n|gametype|doubles\n|player|p1|MothmansBiggestFan|medium|1142\n|player|p2|andur13|jasmine|1140\n|teamsize|p1|6\n|teamsize|p2|6\n|gen|9\n|tier|[Gen 9] VGC 2023 Regulation C\n|rated|\n|rule|Species Clause: Limit one of each Pok\u00e9mon\n|rule|Item Clause: Limit one of each item\n|clearpoke\n|poke|p1|Chi-Yu, L50|\n|poke|p1|Dachsbun, L50, F|\n|poke|p1|Ceruledge, L50, M|\n|poke|p1|Iron Bundle, L50|\n|poke|p1|Kingambit, L50, M|\n|poke|p1|Arcanine, L50, F|\n|poke|p2|Torkoal, L50, M|\n|poke|p2|Ceruledge, L50, M|\n|poke|p2|Baxcalibur, L50, M|\n|poke|p2|Chi-Yu, L50|\n|poke|p2|Flutter Mane, L50|\n|poke|p2|Corviknight, L50, F|\n|teampreview|4\n|\n|t:|1681832369\n|start\n|switch|p1a: Chi-Yu|Chi-Yu, L50|100\/100\n|switch|p1b: Dachsbun|Dachsbun, L50, F|100\/100\n|switch|p2a: Baxcalibur|Baxcalibur, L50, M|100\/100\n|switch|p2b: Ceruledge|Ceruledge, L50, M|100\/100\n|-ability|p1a: Chi-Yu|Beads of Ruin\n|turn|1\n|\n|t:|1681832437\n|switch|p1a: Arcanine|Arcanine, L50, F|100\/100\n|-ability|p1a: Arcanine|Intimidate|boost\n|-unboost|p2a: Baxcalibur|atk|1\n|-unboost|p2b: Ceruledge|atk|1\n|switch|p2b: Chi-Yu|Chi-Yu, L50|100\/100\n|-ability|p2b: Chi-Yu|Beads of Ruin\n|-terastallize|p2a: Baxcalibur|Water\n|move|p1b: Dachsbun|Play Rough|p2a: Baxcalibur\n|-damage|p2a: Baxcalibur|74\/100\n|move|p2a: Baxcalibur|Aqua Tail|p1a: Arcanine\n|-supereffective|p1a: Arcanine\n|-damage|p1a: Arcanine|0 fnt\n|faint|p1a: Arcanine\n|\n|upkeep\n|\n|t:|1681832454\n|switch|p1a: Kingambit|Kingambit, L50, M|100\/100\n|turn|2\n|\n|t:|1681832476\n|-terastallize|p1a: Kingambit|Flying\n|move|p2a: Baxcalibur|Protect|p2a: Baxcalibur\n|-singleturn|p2a: Baxcalibur|Protect\n|move|p2b: Chi-Yu|Lava Plume|p1a: Kingambit|[spread] p1a\n|-activate|p2a: Baxcalibur|move: Protect\n|-ability|p1b: Dachsbun|Well-Baked Body|boost\n|-boost|p1b: Dachsbun|def|2\n|-damage|p1a: Kingambit|56\/100\n|move|p1b: Dachsbun|Body Press|p2b: Chi-Yu\n|-supereffective|p2b: Chi-Yu\n|-damage|p2b: Chi-Yu|0 fnt\n|faint|p2b: Chi-Yu\n|move|p1a: Kingambit|Kowtow Cleave|p2a: Baxcalibur\n|-activate|p2a: Baxcalibur|move: Protect\n|\n|upkeep\n|\n|t:|1681832505\n|switch|p2b: Ceruledge|Ceruledge, L50, M|100\/100\n|turn|3\n|\n|t:|1681832524\n|move|p1b: Dachsbun|Stomping Tantrum|p2b: Ceruledge\n|-supereffective|p2b: Ceruledge\n|-damage|p2b: Ceruledge|66\/100\n|move|p2a: Baxcalibur|Icicle Crash|p1a: Kingambit\n|-supereffective|p1a: Kingambit\n|-damage|p1a: Kingambit|0 fnt\n|faint|p1a: Kingambit\n|move|p2b: Ceruledge|Bitter Blade|p1b: Dachsbun\n|-ability|p1b: Dachsbun|Well-Baked Body|boost\n|-boost|p1b: Dachsbun|def|2\n|\n|upkeep\n|\n|t:|1681832534\n|switch|p1a: Chi-Yu|Chi-Yu, L50|100\/100\n|-ability|p1a: Chi-Yu|Beads of Ruin\n|turn|4\n|c|\u2606andur13|oops\n|c|\u2606MothmansBiggestFan|it happens\n|\n|t:|1681832557\n|switch|p2b: Flutter Mane|Flutter Mane, L50|100\/100\n|move|p1a: Chi-Yu|Dark Pulse|p2b: Flutter Mane\n|-damage|p2b: Flutter Mane|40\/100\n|move|p1b: Dachsbun|Trailblaze|p2a: Baxcalibur\n|-supereffective|p2a: Baxcalibur\n|-damage|p2a: Baxcalibur|54\/100\n|-boost|p1b: Dachsbun|spe|1\n|move|p2a: Baxcalibur|Aqua Tail|p1a: Chi-Yu\n|-supereffective|p1a: Chi-Yu\n|-damage|p1a: Chi-Yu|0 fnt\n|faint|p1a: Chi-Yu\n|\n|upkeep\n|turn|5\n|c|\u2606andur13|that might be a problem\n|\n|t:|1681832586\n|move|p2b: Flutter Mane|Shadow Ball|p1b: Dachsbun\n|-damage|p1b: Dachsbun|71\/100\n|move|p1b: Dachsbun|Play Rough|p2b: Flutter Mane\n|-damage|p2b: Flutter Mane|0 fnt\n|faint|p2b: Flutter Mane\n|-end|p2b: Flutter Mane|Protosynthesis|[silent]\n|move|p2a: Baxcalibur|Icicle Crash|p1b: Dachsbun\n|-damage|p1b: Dachsbun|59\/100\n|\n|upkeep\n|\n|t:|1681832596\n|switch|p2b: Ceruledge|Ceruledge, L50, M|66\/100\n|turn|6\n|c|\u2606MothmansBiggestFan|gonna b close\n|\n|t:|1681832611\n|move|p2b: Ceruledge|Shadow Sneak|p1b: Dachsbun\n|-damage|p1b: Dachsbun|52\/100\n|move|p1b: Dachsbun|Stomping Tantrum|p2b: Ceruledge\n|-supereffective|p2b: Ceruledge\n|-damage|p2b: Ceruledge|28\/100\n|move|p2a: Baxcalibur|Icicle Crash|p1b: Dachsbun\n|-damage|p1b: Dachsbun|40\/100\n|\n|upkeep\n|turn|7\n|\n|t:|1681832633\n|move|p2b: Ceruledge|Shadow Sneak|p1b: Dachsbun\n|-damage|p1b: Dachsbun|32\/100\n|move|p1b: Dachsbun|Stomping Tantrum|p2b: Ceruledge\n|-supereffective|p2b: Ceruledge\n|-damage|p2b: Ceruledge|0 fnt\n|faint|p2b: Ceruledge\n|move|p2a: Baxcalibur|Icicle Crash|p1b: Dachsbun\n|-damage|p1b: Dachsbun|21\/100\n|\n|upkeep\n|turn|8\n|\n|t:|1681832643\n|move|p1b: Dachsbun|Body Press|p2a: Baxcalibur\n|-damage|p2a: Baxcalibur|0 fnt\n|faint|p2a: Baxcalibur\n|\n|win|MothmansBiggestFan\n|raw|MothmansBiggestFan's rating: 1142 → 1167<\/strong> (+25 for winning)\n|raw|andur13's rating: 1140 → 1115<\/strong> (-25 for losing)\n|c|\u2606MothmansBiggestFan|gg\n|c|\u2606andur13|gg\n","uploadtime":1681832653,"views":6,"p1id":"mothmansbiggestfan","p2id":"andur13","formatid":"gen9vgc2023regulationc","rating":1115,"private":0,"password":""}