{"id":"gen9vgc2023regulationc-1846499536","p1":"helio787","p2":"Dodaflop1","format":"[Gen 9] VGC 2023 Regulation C","log":"|j|\u2606helio787\n|j|\u203dDodaflop1\n|t:|1681846053\n|gametype|doubles\n|player|p1|helio787|bugcatcher-gen4dp|1000\n|player|p2|Dodaflop1|1|1065\n|teamsize|p1|6\n|teamsize|p2|6\n|gen|9\n|tier|[Gen 9] VGC 2023 Regulation C\n|rated|\n|rule|Species Clause: Limit one of each Pok\u00e9mon\n|rule|Item Clause: Limit one of each item\n|clearpoke\n|poke|p1|Annihilape, L50, M|\n|poke|p1|Iron Hands, L50|\n|poke|p1|Arboliva, L50, M|\n|poke|p1|Toxapex, L50, F|\n|poke|p1|Corviknight, L50, F|\n|poke|p1|Sylveon, L50, F|\n|poke|p2|Iron Hands, L50|\n|poke|p2|Maushold, L50|\n|poke|p2|Ceruledge, L50, F|\n|poke|p2|Flutter Mane, L50|\n|poke|p2|Orthworm, L50, F|\n|poke|p2|Amoonguss, L50, M|\n|teampreview|4\n|inactive|Battle timer is ON: inactive players will automatically lose when time's up. (requested by Dodaflop1)\n|\n|t:|1681846072\n|start\n|switch|p1a: Arboliva|Arboliva, L50, M|100\/100\n|switch|p1b: Iron Hands|Iron Hands, L50|100\/100\n|switch|p2a: Ceruledge|Ceruledge, L50, F|100\/100\n|switch|p2b: Flutter Mane|Flutter Mane, L50|100\/100\n|turn|1\n|\n|t:|1681846093\n|move|p2b: Flutter Mane|Dazzling Gleam|p1a: Arboliva|[spread] p1a,p1b\n|-supereffective|p1b: Iron Hands\n|-damage|p1a: Arboliva|73\/100\n|-damage|p1b: Iron Hands|41\/100\n|-fieldstart|move: Grassy Terrain|[from] ability: Seed Sower|[of] p1a: Arboliva\n|-enditem|p1a: Arboliva|Grassy Seed\n|-boost|p1a: Arboliva|def|1|[from] item: Grassy Seed\n|move|p1b: Iron Hands|Belly Drum||[still]\n|-fail|p1b: Iron Hands\n|move|p2a: Ceruledge|Bitter Blade|p1a: Arboliva\n|-supereffective|p1a: Arboliva\n|-damage|p1a: Arboliva|17\/100\n|move|p1a: Arboliva|Giga Drain|p2b: Flutter Mane\n|-damage|p2b: Flutter Mane|49\/100\n|-heal|p1a: Arboliva|39\/100|[from] drain|[of] p2b: Flutter Mane\n|\n|-heal|p2b: Flutter Mane|55\/100|[from] Grassy Terrain\n|-heal|p1b: Iron Hands|47\/100|[from] Grassy Terrain\n|-heal|p1a: Arboliva|45\/100|[from] Grassy Terrain\n|upkeep\n|turn|2\n|inactive|helio787 has 30 seconds left.\n|\n|t:|1681846120\n|move|p2b: Flutter Mane|Dazzling Gleam|p1a: Arboliva|[spread] p1a,p1b\n|-supereffective|p1b: Iron Hands\n|-damage|p1a: Arboliva|14\/100\n|-damage|p1b: Iron Hands|0 fnt\n|faint|p1b: Iron Hands\n|-end|p1b: Iron Hands|Quark Drive|[silent]\n|move|p2a: Ceruledge|Bitter Blade|p1a: Arboliva\n|-supereffective|p1a: Arboliva\n|-damage|p1a: Arboliva|0 fnt\n|faint|p1a: Arboliva\n|\n|-heal|p2b: Flutter Mane|62\/100|[from] Grassy Terrain\n|upkeep\n|\n|t:|1681846133\n|switch|p1b: Annihilape|Annihilape, L50, M|100\/100\n|switch|p1a: Corviknight|Corviknight, L50, F|100\/100\n|turn|3\n|\n|t:|1681846156\n|-terastallize|p2a: Ceruledge|Grass\n|-terastallize|p1a: Corviknight|Flying\n|move|p2b: Flutter Mane|Shadow Ball|p1b: Annihilape\n|-supereffective|p1b: Annihilape\n|-damage|p1b: Annihilape|44\/100\n|-unboost|p1b: Annihilape|spd|1\n|-ability|p1b: Annihilape|Defiant|boost\n|-boost|p1b: Annihilape|atk|2\n|-enditem|p1b: Annihilape|Weakness Policy\n|-boost|p1b: Annihilape|atk|2|[from] item: Weakness Policy\n|-boost|p1b: Annihilape|spa|2|[from] item: Weakness Policy\n|move|p1b: Annihilape|Rage Fist|p2b: Flutter Mane\n|-supereffective|p2b: Flutter Mane\n|-crit|p2b: Flutter Mane\n|-damage|p2b: Flutter Mane|0 fnt\n|faint|p2b: Flutter Mane\n|-end|p2b: Flutter Mane|Protosynthesis|[silent]\n|move|p2a: Ceruledge|Bitter Blade|p1a: Corviknight\n|-damage|p1a: Corviknight|69\/100\n|move|p1a: Corviknight|Bulk Up|p1a: Corviknight\n|-boost|p1a: Corviknight|atk|1\n|-boost|p1a: Corviknight|def|1\n|\n|-heal|p1b: Annihilape|50\/100|[from] Grassy Terrain\n|-heal|p1a: Corviknight|75\/100|[from] item: Leftovers\n|upkeep\n|\n|t:|1681846179\n|switch|p2b: Iron Hands|Iron Hands, L50|100\/100\n|turn|4\n|\n|t:|1681846191\n|move|p2a: Ceruledge|Shadow Sneak|p1b: Annihilape\n|-supereffective|p1b: Annihilape\n|-damage|p1b: Annihilape|17\/100\n|move|p1b: Annihilape|Drain Punch|p2b: Iron Hands\n|-damage|p2b: Iron Hands|32\/100\n|-heal|p1b: Annihilape|53\/100|[from] drain|[of] p2b: Iron Hands\n|move|p1a: Corviknight|Brave Bird|p2a: Ceruledge\n|-supereffective|p2a: Ceruledge\n|-damage|p2a: Ceruledge|0 fnt\n|faint|p2a: Ceruledge\n|-damage|p1a: Corviknight|44\/100|[from] Recoil\n|move|p2b: Iron Hands|Wild Charge|p1a: Corviknight\n|-supereffective|p1a: Corviknight\n|-damage|p1a: Corviknight|0 fnt\n|faint|p1a: Corviknight\n|-damage|p2b: Iron Hands|23\/100|[from] Recoil\n|\n|-heal|p1b: Annihilape|59\/100|[from] Grassy Terrain\n|-heal|p2b: Iron Hands|29\/100|[from] Grassy Terrain\n|upkeep\n|\n|t:|1681846209\n|switch|p2a: Orthworm|Orthworm, L50, F|100\/100\n|turn|5\n|\n|t:|1681846228\n|move|p1b: Annihilape|Drain Punch|p2a: Orthworm\n|-supereffective|p2a: Orthworm\n|-damage|p2a: Orthworm|0 fnt\n|-heal|p1b: Annihilape|99\/100|[from] drain|[of] p2a: Orthworm\n|faint|p2a: Orthworm\n|move|p2b: Iron Hands|Wild Charge|p1b: Annihilape\n|-damage|p1b: Annihilape|51\/100\n|-damage|p2b: Iron Hands|18\/100|[from] Recoil\n|\n|-heal|p1b: Annihilape|57\/100|[from] Grassy Terrain\n|-heal|p2b: Iron Hands|24\/100|[from] Grassy Terrain\n|-fieldend|move: Grassy Terrain\n|upkeep\n|turn|6\n|\n|t:|1681846250\n|move|p1b: Annihilape|Drain Punch|p2b: Iron Hands\n|-damage|p2b: Iron Hands|0 fnt\n|-heal|p1b: Annihilape|70\/100|[from] drain|[of] p2b: Iron Hands\n|faint|p2b: Iron Hands\n|-end|p2b: Iron Hands|Quark Drive|[silent]\n|\n|win|helio787\n|raw|helio787's rating: 1000 → 1047<\/strong> (+47 for winning)\n|raw|Dodaflop1's rating: 1065 → 1042<\/strong> (-23 for losing)\n|l|\u203dDodaflop1\n","uploadtime":1681846273,"views":17,"p1id":"helio787","p2id":"dodaflop1","formatid":"gen9vgc2023regulationc","rating":1042,"private":0,"password":""}