{"id":"gen9vgc2023regulationc-1858579662","p1":"sempr9","p2":"SavannahPandaVGC","format":"[Gen 9] VGC 2023 Regulation C","log":"|j|\u2606sempr9\n|j|\u2606SavannahPandaVGC\n|t:|1683327873\n|gametype|doubles\n|player|p1|sempr9|miriam|\n|player|p2|SavannahPandaVGC|266|\n|teamsize|p1|6\n|teamsize|p2|6\n|gen|9\n|tier|[Gen 9] VGC 2023 Regulation C\n|rule|Species Clause: Limit one of each Pok\u00e9mon\n|rule|Item Clause: Limit one of each item\n|clearpoke\n|poke|p1|Tatsugiri-Droopy, L50, F|\n|poke|p1|Glimmora, L50, F|\n|poke|p1|Dondozo, L50, F|\n|poke|p1|Chi-Yu, L50|\n|poke|p1|Iron Bundle, L50|\n|poke|p1|Dragonite, L50, F|\n|poke|p2|Flutter Mane, L50|\n|poke|p2|Iron Hands, L50|\n|poke|p2|Corviknight, L50, F|\n|poke|p2|Gyarados, L50, M|\n|poke|p2|Chi-Yu, L50|\n|poke|p2|Amoonguss, L50, M|\n|teampreview|4\nSavannahPandaVGC has agreed to open team sheets.\nsempr9 has agreed to open team sheets.\n|\n|t:|1683327894\n|start\n|switch|p1a: Portabella|Glimmora, L50, F, shiny|100\/100\n|switch|p1b: Yeah Yeah|Chi-Yu, L50|100\/100\n|switch|p2a: Iron Hands|Iron Hands, L50|100\/100\n|switch|p2b: Corviknight|Corviknight, L50, F|100\/100\n|-ability|p1b: Yeah Yeah|Beads of Ruin\n|turn|1\n|\n|t:|1683327907\n|switch|p2b: Gyarados|Gyarados, L50, M|100\/100\n|-ability|p2b: Gyarados|Intimidate|boost\n|-unboost|p1a: Portabella|atk|1\n|-unboost|p1b: Yeah Yeah|atk|1\n|move|p1a: Portabella|Power Gem|p2b: Gyarados\n|-supereffective|p2b: Gyarados\n|-damage|p2b: Gyarados|33\/100\n|move|p1b: Yeah Yeah|Heat Wave|p2a: Iron Hands|[spread] p2a,p2b\n|-resisted|p2b: Gyarados\n|-damage|p2a: Iron Hands|67\/100\n|-damage|p2b: Gyarados|10\/100\n|-enditem|p2b: Gyarados|Figy Berry|[eat]\n|-heal|p2b: Gyarados|43\/100|[from] item: Figy Berry\n|move|p2a: Iron Hands|Drain Punch|p1b: Yeah Yeah\n|-supereffective|p1b: Yeah Yeah\n|-damage|p1b: Yeah Yeah|0 fnt\n|-heal|p2a: Iron Hands|100\/100|[from] drain|[of] p1b: Yeah Yeah\n|faint|p1b: Yeah Yeah\n|\n|upkeep\n|\n|t:|1683327920\n|switch|p1b: EA|Dragonite, L50, F|100\/100\n|turn|2\n|\n|t:|1683327990\n|switch|p2b: Corviknight|Corviknight, L50, F|100\/100\n|move|p1a: Portabella|Power Gem|p2b: Corviknight\n|-damage|p2b: Corviknight|68\/100\n|move|p1b: EA|Dragon Dance|p1b: EA\n|-boost|p1b: EA|atk|1\n|-boost|p1b: EA|spe|1\n|move|p2a: Iron Hands|Wild Charge|p1b: EA\n|-damage|p1b: EA|74\/100\n|-damage|p2a: Iron Hands|95\/100|[from] Recoil\n|\n|-heal|p2b: Corviknight|74\/100|[from] item: Leftovers\n|upkeep\n|turn|3\n|\n|t:|1683328026\n|-end|p2a: Iron Hands|Quark Drive|[silent]\n|switch|p2a: Gyarados|Gyarados, L50, M|43\/100\n|-ability|p2a: Gyarados|Intimidate|boost\n|-unboost|p1a: Portabella|atk|1\n|-unboost|p1b: EA|atk|1\n|-terastallize|p1b: EA|Flying\n|move|p1b: EA|Tera Blast|p2a: Gyarados\n|-damage|p2a: Gyarados|0 fnt\n|faint|p2a: Gyarados\n|move|p1a: Portabella|Earth Power|p2b: Corviknight\n|-immune|p2b: Corviknight\n|move|p2b: Corviknight|Bulk Up|p2b: Corviknight\n|-boost|p2b: Corviknight|atk|1\n|-boost|p2b: Corviknight|def|1\n|\n|-heal|p2b: Corviknight|80\/100|[from] item: Leftovers\n|upkeep\n|\n|t:|1683328046\n|switch|p2a: Iron Hands|Iron Hands, L50|95\/100\n|turn|4\n|\n|t:|1683328100\n|move|p2a: Iron Hands|Fake Out|p1a: Portabella\n|-resisted|p1a: Portabella\n|-damage|p1a: Portabella|92\/100\n|-activate|p1a: Portabella|ability: Toxic Debris\n|-sidestart|p2: SavannahPandaVGC|move: Toxic Spikes\n|move|p1b: EA|Dragon Dance|p1b: EA\n|-boost|p1b: EA|atk|1\n|-boost|p1b: EA|spe|1\n|cant|p1a: Portabella|flinch\n|move|p2b: Corviknight|Tailwind|p2b: Corviknight\n|-sidestart|p2: SavannahPandaVGC|move: Tailwind\n|\n|-heal|p2b: Corviknight|85\/100|[from] item: Leftovers\n|upkeep\n|turn|5\n|\n|t:|1683328142\n|move|p1b: EA|Tera Blast|p2a: Iron Hands\n|-damage|p2a: Iron Hands|28\/100\n|move|p2b: Corviknight|Brave Bird|p1b: EA\n|-damage|p1b: EA|4\/100\n|-damage|p2b: Corviknight|63\/100|[from] Recoil\n|move|p1a: Portabella|Power Gem|p2b: Corviknight\n|-damage|p2b: Corviknight|30\/100\n|move|p2a: Iron Hands|Wild Charge|p1b: EA\n|-supereffective|p1b: EA\n|-damage|p1b: EA|0 fnt\n|faint|p1b: EA\n|-damage|p2a: Iron Hands|27\/100|[from] Recoil\n|\n|-heal|p2b: Corviknight|36\/100|[from] item: Leftovers\n|upkeep\n|\n|t:|1683328151\n|switch|p1b: Okra|Iron Bundle, L50, shiny|100\/100\n|-enditem|p1b: Okra|Booster Energy\n|-activate|p1b: Okra|ability: Quark Drive|[fromitem]\n|-start|p1b: Okra|quarkdrivespe\n|turn|6\n|\n|t:|1683328202\n|move|p1b: Okra|Hydro Pump|p2b: Corviknight\n|-damage|p2b: Corviknight|0 fnt\n|faint|p2b: Corviknight\n|move|p1a: Portabella|Earth Power|p2a: Iron Hands\n|-supereffective|p2a: Iron Hands\n|-crit|p2a: Iron Hands\n|-damage|p2a: Iron Hands|0 fnt\n|faint|p2a: Iron Hands\n|-end|p2a: Iron Hands|Quark Drive|[silent]\n|\n|upkeep\n|\n|t:|1683328210\n|switch|p2b: Amoonguss|Amoonguss, L50, M|100\/100\n|-sideend|p2: SavannahPandaVGC|move: Toxic Spikes|[of] p2b: Amoonguss\n|turn|7\n|\n|t:|1683328221\n|move|p1b: Okra|Freeze-Dry|p2b: Amoonguss\n|-supereffective|p2b: Amoonguss\n|-damage|p2b: Amoonguss|42\/100\n|-enditem|p2b: Amoonguss|Sitrus Berry|[eat]\n|-heal|p2b: Amoonguss|67\/100|[from] item: Sitrus Berry\n|move|p1a: Portabella|Acid Spray|p2b: Amoonguss\n|-damage|p2b: Amoonguss|50\/100\n|-unboost|p2b: Amoonguss|spd|2\n|move|p2b: Amoonguss|Spore|p1b: Okra\n|-status|p1b: Okra|slp|[from] move: Spore\n|\n|-sideend|p2: SavannahPandaVGC|move: Tailwind\n|upkeep\n|turn|8\n|\n|t:|1683328237\n|cant|p1b: Okra|slp\n|move|p1a: Portabella|Power Gem|p2b: Amoonguss\n|-damage|p2b: Amoonguss|0 fnt\n|faint|p2b: Amoonguss\n|\n|win|sempr9\n","uploadtime":1683328268,"views":8,"p1id":"sempr9","p2id":"savannahpandavgc","formatid":"gen9vgc2023regulationc","rating":0,"private":0,"password":""}