{"id":"gen9vgc2023regulationc-1852231340","p1":"jayballester","p2":"deathdragon25o","format":"[Gen 9] VGC 2023 Regulation C","log":"|j|\u2606jayballester\n|j|\u2606deathdragon25o\n|t:|1682535000\n|gametype|doubles\n|player|p1|jayballester|riley|\n|player|p2|deathdragon25o|cress|\n|teamsize|p1|6\n|teamsize|p2|6\n|gen|9\n|tier|[Gen 9] VGC 2023 Regulation C\n|rule|Species Clause: Limit one of each Pok\u00e9mon\n|rule|Item Clause: Limit one of each item\n|clearpoke\n|poke|p1|Palafin, L50, M|\n|poke|p1|Ting-Lu, L50|\n|poke|p1|Ditto, L50|\n|poke|p1|Toedscool, L50, F|\n|poke|p1|Salazzle, L50, F|\n|poke|p1|Hatterene, L50, F|\n|poke|p2|Quaquaval, L50, F|\n|poke|p2|Weavile, L50, F|\n|poke|p2|Iron Bundle, L50|\n|poke|p2|Oricorio, L50, M|\n|poke|p2|Espeon, L50, M|\n|poke|p2|Revavroom, L50, F|\n|teampreview|4\n|inactive|Battle timer is ON: inactive players will automatically lose when time's up. (requested by deathdragon25o)\n|inactiveoff|Battle timer is now OFF.\n|c|\u2606jayballester|g3\ndeathdragon25o rejected open team sheets.\n|j| KCXII\n|c|\u2606jayballester|glhf\n|c|\u2606deathdragon25o|glhf\n|\n|t:|1682535662\n|start\n|switch|p1a: Salazzle|Salazzle, L50, F|100\/100\n|switch|p1b: Palafin|Palafin, L50, M|100\/100\n|switch|p2a: Iron Bundle|Iron Bundle, L50, shiny|100\/100\n|switch|p2b: Revavroom|Revavroom, L50, F|100\/100\n|-item|p2b: Revavroom|Air Balloon\n|-enditem|p2a: Iron Bundle|Booster Energy\n|-activate|p2a: Iron Bundle|ability: Quark Drive|[fromitem]\n|-start|p2a: Iron Bundle|quarkdrivespe\n|turn|1\n|\n|t:|1682535711\n|detailschange|p1b: Palafin|Palafin-Hero, L50, M\n|switch|p1b: Ting-Lu|Ting-Lu, L50|100\/100\n|-ability|p1b: Ting-Lu|Vessel of Ruin\n|move|p1a: Salazzle|Fake Out|p2a: Iron Bundle\n|-damage|p2a: Iron Bundle|93\/100\n|cant|p2a: Iron Bundle|flinch\n|move|p2b: Revavroom|Zen Headbutt|p1a: Salazzle\n|-supereffective|p1a: Salazzle\n|-damage|p1a: Salazzle|22\/100\n|\n|upkeep\n|turn|2\n|\n|t:|1682535741\n|-terastallize|p1b: Ting-Lu|Ghost\n|move|p2a: Iron Bundle|Hydro Pump|p1b: Ting-Lu\n|-damage|p1b: Ting-Lu|77\/100\n|move|p1a: Salazzle|Overheat|p2b: Revavroom\n|-supereffective|p2b: Revavroom\n|-damage|p2b: Revavroom|5\/100\n|-unboost|p1a: Salazzle|spa|2\n|-enditem|p1a: Salazzle|Eject Pack\n|-enditem|p2b: Revavroom|Air Balloon\n|\n|t:|1682535756\n|switch|p1a: Hatterene|Hatterene, L50, F|100\/100\n|move|p2b: Revavroom|Spin Out|p1a: Hatterene\n|-supereffective|p1a: Hatterene\n|-damage|p1a: Hatterene|0 fnt\n|-unboost|p2b: Revavroom|spe|2\n|faint|p1a: Hatterene\n|move|p1b: Ting-Lu|Rock Slide|p2a: Iron Bundle|[spread] p2a,p2b\n|-supereffective|p2a: Iron Bundle\n|-resisted|p2b: Revavroom\n|-damage|p2a: Iron Bundle|59\/100\n|-damage|p2b: Revavroom|0 fnt\n|faint|p2b: Revavroom\n|\n|upkeep\n|\n|t:|1682535773\n|switch|p2b: Quaquaval|Quaquaval, L50, F|100\/100\n|switch|p1a: Salazzle|Salazzle, L50, F|22\/100\n|turn|3\n|\n|t:|1682535796\n|-terastallize|p2b: Quaquaval|Water\n|move|p1a: Salazzle|Protect|p1a: Salazzle\n|-singleturn|p1a: Salazzle|Protect\n|move|p2a: Iron Bundle|Hydro Pump|p1b: Ting-Lu\n|-damage|p1b: Ting-Lu|53\/100\n|move|p2b: Quaquaval|Aqua Step|p1b: Ting-Lu\n|-damage|p1b: Ting-Lu|28\/100\n|-boost|p2b: Quaquaval|spe|1\n|move|p1b: Ting-Lu|Earthquake|p2a: Iron Bundle|[spread] p2a,p2b\n|-activate|p1a: Salazzle|move: Protect\n|-damage|p2a: Iron Bundle|25\/100\n|-damage|p2b: Quaquaval|63\/100\n|\n|upkeep\n|turn|4\n|\n|t:|1682535830\n|switch|p1b: Palafin|Palafin-Hero, L50, M|100\/100\n|-activate|p1b: Palafin|ability: Zero to Hero\n|move|p2a: Iron Bundle|Hydro Pump|p1a: Salazzle\n|-supereffective|p1a: Salazzle\n|-damage|p1a: Salazzle|0 fnt\n|faint|p1a: Salazzle\n|move|p2b: Quaquaval|Aqua Step|p1b: Palafin\n|-resisted|p1b: Palafin\n|-damage|p1b: Palafin|71\/100\n|-boost|p2b: Quaquaval|spe|1\n|\n|upkeep\n|\n|t:|1682535842\n|switch|p1a: Ting-Lu|Ting-Lu, L50, tera:Ghost|28\/100\n|-ability|p1a: Ting-Lu|Vessel of Ruin\n|turn|5\n|j| j4ce\n|\n|t:|1682535863\n|move|p1b: Palafin|Jet Punch|p2a: Iron Bundle\n|-resisted|p2a: Iron Bundle\n|-damage|p2a: Iron Bundle|0 fnt\n|faint|p2a: Iron Bundle\n|-end|p2a: Iron Bundle|Quark Drive|[silent]\n|move|p2b: Quaquaval|Aqua Step|p1a: Ting-Lu\n|-damage|p1a: Ting-Lu|0 fnt\n|-boost|p2b: Quaquaval|spe|1\n|faint|p1a: Ting-Lu\n|-ability|p2b: Quaquaval|Moxie|boost\n|-boost|p2b: Quaquaval|atk|1\n|\n|upkeep\n|\n|t:|1682535870\n|switch|p2a: Oricorio|Oricorio, L50, M, shiny|100\/100\n|turn|6\n|l| j4ce\n|\n|t:|1682535888\n|move|p1b: Palafin|Jet Punch|p2a: Oricorio\n|-supereffective|p2a: Oricorio\n|-damage|p2a: Oricorio|0 fnt\n|faint|p2a: Oricorio\n|move|p2b: Quaquaval|Close Combat|p1b: Palafin\n|-damage|p1b: Palafin|0 fnt\n|-unboost|p2b: Quaquaval|def|1\n|-unboost|p2b: Quaquaval|spd|1\n|faint|p1b: Palafin\n|\n|win|deathdragon25o\n","uploadtime":1682535894,"views":62,"p1id":"jayballester","p2id":"deathdragon25o","formatid":"gen9vgc2023regulationc","rating":0,"private":0,"password":""}