{"id":"gen9vgc2023regulationc-1854712031","p1":"Token1","p2":"Polentino","format":"[Gen 9] VGC 2023 Regulation C","log":"|j|\u2606Token1\n|j|\u2606Polentino\n|t:|1682855014\n|gametype|doubles\n|player|p1|Token1|1|1053\n|player|p2|Polentino|1|1000\n|teamsize|p1|6\n|teamsize|p2|5\n|gen|9\n|tier|[Gen 9] VGC 2023 Regulation C\n|rated|\n|rule|Species Clause: Limit one of each Pok\u00e9mon\n|rule|Item Clause: Limit one of each item\n|clearpoke\n|poke|p1|Palafin, L50, F|\n|poke|p1|Amoonguss, L50, F|\n|poke|p1|Pelipper, L50, F|\n|poke|p1|Dondozo, L50, F|\n|poke|p1|Kilowattrel, L50, M|\n|poke|p1|Floatzel, L50, F|\n|poke|p2|Armarouge, L50, M|\n|poke|p2|Indeedee-F, L50, F|\n|poke|p2|Magnezone, L50|\n|poke|p2|Flutter Mane, L50|\n|poke|p2|Scizor, L50, F|\n|teampreview|4\n|inactive|Battle timer is ON: inactive players will automatically lose when time's up. (requested by Token1)\n|\n|t:|1682855039\n|start\n|switch|p1a: Palafin|Palafin, L50, F|100\/100\n|switch|p1b: Pelipper|Pelipper, L50, F|100\/100\n|switch|p2a: Magnezone|Magnezone, L50|100\/100\n|switch|p2b: Indeedee|Indeedee-F, L50, F|100\/100\n|-fieldstart|move: Psychic Terrain|[from] ability: Psychic Surge|[of] p2b: Indeedee\n|-enditem|p2b: Indeedee|Psychic Seed\n|-boost|p2b: Indeedee|spd|1|[from] item: Psychic Seed\n|-weather|RainDance|[from] ability: Drizzle|[of] p1b: Pelipper\n|turn|1\n|inactive|Polentino has 30 seconds left.\n|\n|t:|1682855069\n|detailschange|p1a: Palafin|Palafin-Hero, L50, F\n|switch|p1a: Amoonguss|Amoonguss, L50, F|100\/100\n|move|p2b: Indeedee|Heal Pulse|p2a: Magnezone\n|-fail|p2a: Magnezone|heal\n|move|p1b: Pelipper|Chilling Water|p2a: Magnezone\n|-damage|p2a: Magnezone|73\/100\n|-unboost|p2a: Magnezone|atk|1\n|move|p2a: Magnezone|Thunderbolt|p1b: Pelipper\n|-supereffective|p1b: Pelipper\n|-damage|p1b: Pelipper|0 fnt\n|faint|p1b: Pelipper\n|\n|-weather|RainDance|[upkeep]\n|upkeep\n|\n|t:|1682855083\n|switch|p1b: Floatzel|Floatzel, L50, F|100\/100\n|turn|2\n|\n|t:|1682855095\n|move|p2b: Indeedee|Follow Me|p2b: Indeedee\n|-singleturn|p2b: Indeedee|move: Follow Me\n|move|p1b: Floatzel|Wave Crash|p2b: Indeedee\n|-damage|p2b: Indeedee|0 fnt\n|faint|p2b: Indeedee\n|-damage|p1b: Floatzel|64\/100|[from] Recoil\n|move|p2a: Magnezone|Tri Attack|p1a: Amoonguss\n|-enditem|p2a: Magnezone|Normal Gem|[from] gem\n|-damage|p1a: Amoonguss|66\/100\n|move|p1a: Amoonguss|Spore|p2a: Magnezone\n|-status|p2a: Magnezone|slp|[from] move: Spore\n|\n|-weather|RainDance|[upkeep]\n|upkeep\n|\n|t:|1682855109\n|switch|p2b: Scizor|Scizor, L50, F|100\/100\n|turn|3\n|\n|t:|1682855118\n|move|p1b: Floatzel|Wave Crash|p2b: Scizor\n|-damage|p2b: Scizor|0 fnt\n|faint|p2b: Scizor\n|-damage|p1b: Floatzel|28\/100|[from] Recoil\n|cant|p2a: Magnezone|slp\n|move|p1a: Amoonguss|Pollen Puff|p1b: Floatzel\n|-heal|p1b: Floatzel|78\/100\n|\n|-weather|RainDance|[upkeep]\n|upkeep\n|\n|t:|1682855122\n|switch|p2b: Flutter Mane|Flutter Mane, L50|100\/100\n|-enditem|p2b: Flutter Mane|Booster Energy\n|-activate|p2b: Flutter Mane|ability: Protosynthesis|[fromitem]\n|-start|p2b: Flutter Mane|protosynthesisspa\n|turn|4\n|\n|t:|1682855142\n|move|p2b: Flutter Mane|Protect|p2b: Flutter Mane\n|-singleturn|p2b: Flutter Mane|Protect\n|move|p1b: Floatzel|Wave Crash|p2a: Magnezone\n|-damage|p2a: Magnezone|0 fnt\n|faint|p2a: Magnezone\n|-damage|p1b: Floatzel|52\/100|[from] Recoil\n|move|p1a: Amoonguss|Spore|p2b: Flutter Mane\n|-activate|p2b: Flutter Mane|move: Protect\n|\n|-weather|RainDance|[upkeep]\n|upkeep\n|turn|5\n|-message|Polentino forfeited.\n|\n|win|Token1\n|raw|Token1's rating: 1053 → 1080<\/strong> (+27 for winning)\n|raw|Polentino's rating: 1000 → 1000<\/strong> (+0 for losing)\n|l|\u2606Polentino\n","uploadtime":1682855151,"views":10,"p1id":"token1","p2id":"polentino","formatid":"gen9vgc2023regulationc","rating":1000,"private":0,"password":""}