{"id":"gen9vgc2023regulationc-1856619180","p1":"BumpyBumps","p2":"reeeeeeloluwuwhi","format":"[Gen 9] VGC 2023 Regulation C","log":"|j|\u2606BumpyBumps\n|j|\u2606reeeeeeloluwuwhi\n|t:|1683083375\n|gametype|doubles\n|player|p1|BumpyBumps|wallace|1052\n|player|p2|reeeeeeloluwuwhi|1|1092\n|teamsize|p1|6\n|teamsize|p2|6\n|gen|9\n|tier|[Gen 9] VGC 2023 Regulation C\n|rated|\n|rule|Species Clause: Limit one of each Pok\u00e9mon\n|rule|Item Clause: Limit one of each item\n|clearpoke\n|poke|p1|Flutter Mane, L50|\n|poke|p1|Chien-Pao, L50|\n|poke|p1|Ting-Lu, L50|\n|poke|p1|Arcanine, L50, M|\n|poke|p1|Dragonite, L50, F|\n|poke|p1|Amoonguss, L50, F|\n|poke|p2|Pincurchin, L50, M|\n|poke|p2|Iron Bundle, L50|\n|poke|p2|Iron Treads, L50|\n|poke|p2|Iron Hands, L50|\n|poke|p2|Brute Bonnet, L50|\n|poke|p2|Hatterene, L50, F|\n|teampreview|4\nBumpyBumps rejected open team sheets.\n|\n|t:|1683083415\n|start\n|switch|p1a: Chien-Pao|Chien-Pao, L50|100\/100\n|switch|p1b: Arcanine|Arcanine, L50, M|100\/100\n|switch|p2a: Druski|Iron Hands, L50, shiny|100\/100\n|switch|p2b: Pincurchin|Pincurchin, L50, M|100\/100\n|-ability|p1a: Chien-Pao|Sword of Ruin\n|-ability|p1b: Arcanine|Intimidate|boost\n|-unboost|p2a: Druski|atk|1\n|-unboost|p2b: Pincurchin|atk|1\n|-fieldstart|move: Electric Terrain|[from] ability: Electric Surge|[of] p2b: Pincurchin\n|-activate|p2a: Druski|ability: Quark Drive\n|-start|p2a: Druski|quarkdriveatk\n|turn|1\n|\n|t:|1683083441\n|switch|p1a: Ting-Lu|Ting-Lu, L50|100\/100\n|-ability|p1a: Ting-Lu|Vessel of Ruin\n|move|p1b: Arcanine|Protect|p1b: Arcanine\n|-singleturn|p1b: Arcanine|Protect\n|move|p2a: Druski|Fake Out|p1b: Arcanine\n|-activate|p1b: Arcanine|move: Protect\n|move|p2b: Pincurchin|Thunder Wave|p1a: Ting-Lu\n|-immune|p1a: Ting-Lu\n|\n|upkeep\n|turn|2\n|\n|t:|1683083467\n|move|p1b: Arcanine|Will-O-Wisp|p2a: Druski\n|-status|p2a: Druski|brn\n|move|p2a: Druski|Swords Dance|p2a: Druski\n|-boost|p2a: Druski|atk|2\n|move|p1a: Ting-Lu|Stomping Tantrum|p2b: Pincurchin\n|-supereffective|p2b: Pincurchin\n|-damage|p2b: Pincurchin|35\/100\n|move|p2b: Pincurchin|Thunder Wave|p1b: Arcanine\n|-status|p1b: Arcanine|par\n|\n|-heal|p2b: Pincurchin|40\/100|[from] item: Leftovers\n|-damage|p2a: Druski|94\/100 brn|[from] brn\n|upkeep\n|turn|3\n|\n|t:|1683083495\n|move|p2b: Pincurchin|Protect|p2b: Pincurchin\n|-singleturn|p2b: Pincurchin|Protect\n|move|p2a: Druski|Swords Dance|p2a: Druski\n|-boost|p2a: Druski|atk|2\n|move|p1a: Ting-Lu|Stomping Tantrum|p2b: Pincurchin\n|-activate|p2b: Pincurchin|move: Protect\n|move|p1b: Arcanine|Flare Blitz|p2a: Druski\n|-damage|p2a: Druski|58\/100 brn\n|-damage|p1b: Arcanine|85\/100 par|[from] Recoil\n|\n|-heal|p2b: Pincurchin|46\/100|[from] item: Leftovers\n|-damage|p2a: Druski|52\/100 brn|[from] brn\n|upkeep\n|turn|4\n|\n|t:|1683083530\n|switch|p2b: Wardyceps|Brute Bonnet, L50, shiny|100\/100\n|-terastallize|p2a: Druski|Fighting\n|move|p2a: Druski|Drain Punch|p1a: Ting-Lu\n|-supereffective|p1a: Ting-Lu\n|-damage|p1a: Ting-Lu|0 fnt\n|-heal|p2a: Druski|100\/100 brn|[from] drain|[of] p1a: Ting-Lu\n|faint|p1a: Ting-Lu\n|-damage|p2a: Druski|90\/100 brn|[from] item: Life Orb\n|cant|p1b: Arcanine|par\n|\n|-damage|p2a: Druski|84\/100 brn|[from] brn\n|upkeep\n|\n|t:|1683083541\n|switch|p1a: Flutter Mane|Flutter Mane, L50|100\/100\n|turn|5\n|\n|t:|1683083565\n|move|p2b: Wardyceps|Sucker Punch|p1a: Flutter Mane\n|-damage|p1a: Flutter Mane|18\/100\n|move|p1a: Flutter Mane|Moonblast|p2a: Druski\n|-supereffective|p2a: Druski\n|-damage|p2a: Druski|0 fnt\n|faint|p2a: Druski\n|-end|p2a: Druski|Quark Drive|[silent]\n|-damage|p1a: Flutter Mane|8\/100|[from] item: Life Orb\n|move|p1b: Arcanine|Flare Blitz|p2b: Wardyceps\n|-supereffective|p2b: Wardyceps\n|-damage|p2b: Wardyceps|12\/100\n|-damage|p1b: Arcanine|52\/100 par|[from] Recoil\n|\n|-fieldend|move: Electric Terrain\n|upkeep\n|\n|t:|1683083584\n|switch|p2a: Hatterene|Hatterene, L50, F|100\/100\n|turn|6\n|\n|t:|1683083599\n|move|p1a: Flutter Mane|Protect|p1a: Flutter Mane\n|-singleturn|p1a: Flutter Mane|Protect\n|move|p2b: Wardyceps|Protect|p2b: Wardyceps\n|-singleturn|p2b: Wardyceps|Protect\n|move|p1b: Arcanine|Flare Blitz|p2b: Wardyceps\n|-activate|p2b: Wardyceps|move: Protect\n|move|p2a: Hatterene|Trick Room|p2a: Hatterene\n|-fieldstart|move: Trick Room|[of] p2a: Hatterene\n|\n|upkeep\n|turn|7\n|\n|t:|1683083625\n|move|p2b: Wardyceps|Sucker Punch|p1b: Arcanine\n|-damage|p1b: Arcanine|13\/100 par\n|move|p2a: Hatterene|Dazzling Gleam|p1a: Flutter Mane|[spread] p1a,p1b\n|-resisted|p1b: Arcanine\n|-crit|p1b: Arcanine\n|-damage|p1a: Flutter Mane|0 fnt\n|-damage|p1b: Arcanine|0 fnt\n|faint|p1a: Flutter Mane\n|-end|p1a: Flutter Mane|Protosynthesis|[silent]\n|faint|p1b: Arcanine\n|\n|upkeep\n|\n|t:|1683083631\n|switch|p1a: Chien-Pao|Chien-Pao, L50|100\/100\n|-ability|p1a: Chien-Pao|Sword of Ruin\n|turn|8\n|\n|t:|1683083655\n|-terastallize|p1a: Chien-Pao|Ice\n|move|p1a: Chien-Pao|Protect|p1a: Chien-Pao\n|-singleturn|p1a: Chien-Pao|Protect\n|move|p2a: Hatterene|Calm Mind|p2a: Hatterene\n|-boost|p2a: Hatterene|spa|1\n|-boost|p2a: Hatterene|spd|1\n|move|p2b: Wardyceps|Spore|p1a: Chien-Pao\n|-activate|p1a: Chien-Pao|move: Protect\n|\n|upkeep\n|turn|9\n|\n|t:|1683083671\n|move|p2a: Hatterene|Dazzling Gleam|p1a: Chien-Pao\n|-enditem|p1a: Chien-Pao|Focus Sash\n|-damage|p1a: Chien-Pao|1\/100\n|move|p2b: Wardyceps|Spore|p1a: Chien-Pao\n|-status|p1a: Chien-Pao|slp|[from] move: Spore\n|cant|p1a: Chien-Pao|slp\n|\n|upkeep\n|turn|10\n|-message|BumpyBumps forfeited.\n|\n|win|reeeeeeloluwuwhi\n|raw|BumpyBumps's rating: 1052 → 1036<\/strong> (-16 for losing)\n|raw|reeeeeeloluwuwhi's rating: 1092 → 1115<\/strong> (+23 for winning)\n|l|\u2606BumpyBumps\n","uploadtime":1683083693,"views":6,"p1id":"bumpybumps","p2id":"reeeeeeloluwuwhi","formatid":"gen9vgc2023regulationc","rating":1036,"private":0,"password":""}