{"id":"gen9vgc2023regulationc-1845442221","p1":"Prompto88","p2":"ThunderboltRose","format":"[Gen 9] VGC 2023 Regulation C","log":"|j|\u2606Prompto88\n|j|\u2606ThunderboltRose\n|t:|1681733762\n|gametype|doubles\n|player|p1|Prompto88|102|1145\n|player|p2|ThunderboltRose|lady|1215\n|teamsize|p1|6\n|teamsize|p2|6\n|gen|9\n|tier|[Gen 9] VGC 2023 Regulation C\n|rated|\n|rule|Species Clause: Limit one of each Pok\u00e9mon\n|rule|Item Clause: Limit one of each item\n|clearpoke\n|poke|p1|Glimmora, L50, M|\n|poke|p1|Arcanine, L50, F|\n|poke|p1|Garganacl, L50, F|\n|poke|p1|Maushold-Four, L50|\n|poke|p1|Ting-Lu, L50|\n|poke|p1|Wo-Chien, L50|\n|poke|p2|Arcanine, L50, F|\n|poke|p2|Iron Hands, L50|\n|poke|p2|Flutter Mane, L50|\n|poke|p2|Palafin, L50, F|\n|poke|p2|Dragonite, L50, M|\n|poke|p2|Amoonguss, L50, M|\n|teampreview|4\n|inactive|Battle timer is ON: inactive players will automatically lose when time's up. (requested by ThunderboltRose)\n|inactive|Prompto88 also wants the timer to be on.\nThunderboltRose has agreed to open team sheets.\n|inactive|ThunderboltRose has 60 seconds left.\n|\n|t:|1681733795\n|start\n|switch|p1a: Arcanine|Arcanine, L50, F|100\/100\n|switch|p1b: Garganacl|Garganacl, L50, F|100\/100\n|switch|p2a: Cookie|Palafin, L50, F|100\/100\n|switch|p2b: Willow|Dragonite, L50, M|100\/100\n|-ability|p1a: Arcanine|Intimidate|boost\n|-unboost|p2a: Cookie|atk|1\n|-unboost|p2b: Willow|atk|1\n|turn|1\n|\n|t:|1681733820\n|switch|p2b: Ph\u00ed11iP|Iron Hands, L50, shiny|100\/100\n|detailschange|p2a: Cookie|Palafin-Hero, L50, F\n|switch|p2a: Aphrodite|Arcanine, L50, F|100\/100\n|-ability|p2a: Aphrodite|Intimidate|boost\n|-unboost|p1a: Arcanine|atk|1\n|-unboost|p1b: Garganacl|atk|1\n|move|p1a: Arcanine|Will-O-Wisp|p2b: Ph\u00ed11iP\n|-status|p2b: Ph\u00ed11iP|brn\n|move|p1b: Garganacl|Salt Cure|p2a: Aphrodite\n|-supereffective|p2a: Aphrodite\n|-damage|p2a: Aphrodite|77\/100\n|-start|p2a: Aphrodite|Salt Cure\n|\n|-damage|p2b: Ph\u00ed11iP|94\/100 brn|[from] brn\n|-damage|p2a: Aphrodite|65\/100|[from] Salt Cure\n|upkeep\n|turn|2\n|\n|t:|1681733842\n|switch|p1a: Wo-Chien|Wo-Chien, L50|100\/100\n|-ability|p1a: Wo-Chien|Tablets of Ruin\n|-terastallize|p1b: Garganacl|Ghost\n|move|p2a: Aphrodite|Flare Blitz|p1a: Wo-Chien\n|-supereffective|p1a: Wo-Chien\n|-damage|p1a: Wo-Chien|21\/100\n|-damage|p2a: Aphrodite|38\/100|[from] Recoil\n|move|p2b: Ph\u00ed11iP|Volt Switch|p1b: Garganacl\n|-damage|p1b: Garganacl|87\/100\n|\n|t:|1681733855\n|-end|p2b: Ph\u00ed11iP|Quark Drive|[silent]\n|switch|p2b: Willow|Dragonite, L50, M|100\/100|[from] Volt Switch\n|move|p1b: Garganacl|Salt Cure|p2b: Willow\n|-supereffective|p2b: Willow\n|-damage|p2b: Willow|91\/100\n|-start|p2b: Willow|Salt Cure\n|\n|-heal|p1b: Garganacl|93\/100|[from] item: Leftovers\n|-damage|p2a: Aphrodite|26\/100|[from] Salt Cure\n|-damage|p2b: Willow|79\/100|[from] Salt Cure\n|upkeep\n|turn|3\n|\n|t:|1681733872\n|switch|p1a: Arcanine|Arcanine, L50, F|100\/100\n|-ability|p1a: Arcanine|Intimidate|boost\n|-unboost|p2a: Aphrodite|atk|1\n|-unboost|p2b: Willow|atk|1\n|move|p2a: Aphrodite|Flare Blitz|p1b: Garganacl\n|-damage|p1b: Garganacl|73\/100\n|-damage|p2a: Aphrodite|19\/100|[from] Recoil\n|move|p2b: Willow|Dragon Dance|p2b: Willow\n|-boost|p2b: Willow|atk|1\n|-boost|p2b: Willow|spe|1\n|move|p1b: Garganacl|Recover|p1b: Garganacl\n|-heal|p1b: Garganacl|100\/100\n|\n|-damage|p2b: Willow|67\/100|[from] Salt Cure\n|-damage|p2a: Aphrodite|7\/100|[from] Salt Cure\n|upkeep\n|turn|4\n|\n|t:|1681733891\n|switch|p2a: Ph\u00ed11iP|Iron Hands, L50, shiny|94\/100 brn\n|move|p2b: Willow|Dragon Claw|p1a: Arcanine\n|-damage|p1a: Arcanine|42\/100\n|-enditem|p1a: Arcanine|Sitrus Berry|[eat]\n|-heal|p1a: Arcanine|67\/100|[from] item: Sitrus Berry\n|move|p1a: Arcanine|Will-O-Wisp|p2b: Willow\n|-status|p2b: Willow|brn\n|-enditem|p2b: Willow|Lum Berry|[eat]\n|-curestatus|p2b: Willow|brn|[msg]\n|move|p1b: Garganacl|Salt Cure|p2a: Ph\u00ed11iP\n|-resisted|p2a: Ph\u00ed11iP\n|-damage|p2a: Ph\u00ed11iP|91\/100 brn\n|-start|p2a: Ph\u00ed11iP|Salt Cure\n|\n|-damage|p2a: Ph\u00ed11iP|85\/100 brn|[from] brn\n|-damage|p2b: Willow|55\/100|[from] Salt Cure\n|-damage|p2a: Ph\u00ed11iP|73\/100 brn|[from] Salt Cure\n|upkeep\n|turn|5\n|\n|t:|1681733913\n|move|p1a: Arcanine|Protect|p1a: Arcanine\n|-singleturn|p1a: Arcanine|Protect\n|move|p2a: Ph\u00ed11iP|Fake Out|p1a: Arcanine\n|-activate|p1a: Arcanine|move: Protect\n|move|p2b: Willow|Dragon Claw|p1b: Garganacl\n|-damage|p1b: Garganacl|78\/100\n|move|p1b: Garganacl|Salt Cure|p2b: Willow\n|-supereffective|p2b: Willow\n|-damage|p2b: Willow|32\/100\n|\n|-heal|p1b: Garganacl|84\/100|[from] item: Leftovers\n|-damage|p2a: Ph\u00ed11iP|67\/100 brn|[from] brn\n|-damage|p2b: Willow|20\/100|[from] Salt Cure\n|-damage|p2a: Ph\u00ed11iP|55\/100 brn|[from] Salt Cure\n|upkeep\n|turn|6\n|\n|t:|1681733936\n|move|p2b: Willow|Dragon Claw|p1a: Arcanine\n|-damage|p1a: Arcanine|15\/100\n|move|p1a: Arcanine|Will-O-Wisp|p2b: Willow\n|-status|p2b: Willow|brn\n|move|p2a: Ph\u00ed11iP|Drain Punch|p1a: Arcanine\n|-damage|p1a: Arcanine|0 fnt\n|-heal|p2a: Ph\u00ed11iP|60\/100 brn|[from] drain|[of] p1a: Arcanine\n|faint|p1a: Arcanine\n|move|p1b: Garganacl|Salt Cure|p2a: Ph\u00ed11iP\n|-resisted|p2a: Ph\u00ed11iP\n|-damage|p2a: Ph\u00ed11iP|57\/100 brn\n|\n|-heal|p1b: Garganacl|90\/100|[from] item: Leftovers\n|-damage|p2b: Willow|14\/100 brn|[from] brn\n|-damage|p2a: Ph\u00ed11iP|51\/100 brn|[from] brn\n|-damage|p2b: Willow|2\/100 brn|[from] Salt Cure\n|-damage|p2a: Ph\u00ed11iP|39\/100 brn|[from] Salt Cure\n|upkeep\n|\n|t:|1681733956\n|switch|p1a: Wo-Chien|Wo-Chien, L50|21\/100\n|-ability|p1a: Wo-Chien|Tablets of Ruin\n|turn|7\n|\n|t:|1681733966\n|move|p1a: Wo-Chien|Protect|p1a: Wo-Chien\n|-singleturn|p1a: Wo-Chien|Protect\n|move|p2b: Willow|Dragon Claw|p1a: Wo-Chien\n|-activate|p1a: Wo-Chien|move: Protect\n|move|p2a: Ph\u00ed11iP|Wild Charge|p1b: Garganacl\n|-damage|p1b: Garganacl|78\/100\n|-damage|p2a: Ph\u00ed11iP|37\/100 brn|[from] Recoil\n|move|p1b: Garganacl|Salt Cure|p2a: Ph\u00ed11iP\n|-resisted|p2a: Ph\u00ed11iP\n|-damage|p2a: Ph\u00ed11iP|34\/100 brn\n|\n|-heal|p1b: Garganacl|84\/100|[from] item: Leftovers\n|-damage|p2b: Willow|0 fnt|[from] brn\n|faint|p2b: Willow\n|-damage|p2a: Ph\u00ed11iP|28\/100 brn|[from] brn\n|-damage|p2a: Ph\u00ed11iP|16\/100 brn|[from] Salt Cure\n|upkeep\n|\n|t:|1681733975\n|switch|p2b: Aphrodite|Arcanine, L50, F|7\/100\n|-ability|p2b: Aphrodite|Intimidate|boost\n|-unboost|p1a: Wo-Chien|atk|1\n|-unboost|p1b: Garganacl|atk|1\n|turn|8\n|\n|t:|1681733989\n|switch|p1a: Ting-Lu|Ting-Lu, L50|100\/100\n|-ability|p1a: Ting-Lu|Vessel of Ruin\n|move|p2b: Aphrodite|Flare Blitz|p1a: Ting-Lu\n|-damage|p1a: Ting-Lu|73\/100\n|-damage|p2b: Aphrodite|0 fnt|[from] Recoil\n|faint|p2b: Aphrodite\n|move|p2a: Ph\u00ed11iP|Wild Charge|p1b: Garganacl\n|-damage|p1b: Garganacl|71\/100\n|-damage|p2a: Ph\u00ed11iP|13\/100 brn|[from] Recoil\n|move|p1b: Garganacl|Salt Cure|p2a: Ph\u00ed11iP\n|-resisted|p2a: Ph\u00ed11iP\n|-damage|p2a: Ph\u00ed11iP|11\/100 brn\n|\n|-heal|p1b: Garganacl|77\/100|[from] item: Leftovers\n|-damage|p2a: Ph\u00ed11iP|5\/100 brn|[from] brn\n|-damage|p2a: Ph\u00ed11iP|0 fnt|[from] Salt Cure\n|faint|p2a: Ph\u00ed11iP\n|-end|p2a: Ph\u00ed11iP|Quark Drive|[silent]\n|upkeep\n|\n|t:|1681733999\n|switch|p2b: Cookie|Palafin-Hero, L50, F|100\/100\n|-activate|p2b: Cookie|ability: Zero to Hero\n|turn|9\n|\n|t:|1681734012\n|-terastallize|p2b: Cookie|Water\n|move|p2b: Cookie|Wave Crash|p1b: Garganacl\n|-damage|p1b: Garganacl|13\/100\n|-damage|p2b: Cookie|79\/100|[from] Recoil\n|move|p1a: Ting-Lu|Ruination|p2b: Cookie\n|-damage|p2b: Cookie|40\/100\n|move|p1b: Garganacl|Salt Cure|p2b: Cookie\n|-damage|p2b: Cookie|34\/100\n|-start|p2b: Cookie|Salt Cure\n|\n|-heal|p1b: Garganacl|19\/100|[from] item: Leftovers\n|-damage|p2b: Cookie|10\/100|[from] Salt Cure\n|upkeep\n|turn|10\n|-message|ThunderboltRose forfeited.\n|\n|win|Prompto88\n|raw|Prompto88's rating: 1145 → 1175<\/strong> (+30 for winning)\n|raw|ThunderboltRose's rating: 1215 → 1185<\/strong> (-30 for losing)\n|l|\u2606ThunderboltRose\n","uploadtime":1681734033,"views":8,"p1id":"prompto88","p2id":"thunderboltrose","formatid":"gen9vgc2023regulationc","rating":1175,"private":0,"password":""}