{"id":"gen9vgc2023regulationc-1845301702","p1":"Sumo'sWeenusVGC","p2":"STE lulu","format":"[Gen 9] VGC 2023 Regulation C","log":"|j|\u2606Sumo'sWeenusVGC\n|j|\u2606STE lulu\n|t:|1681710760\n|gametype|doubles\n|player|p1|Sumo'sWeenusVGC|colress|1189\n|player|p2|STE lulu|102|1295\n|teamsize|p1|6\n|teamsize|p2|6\n|gen|9\n|tier|[Gen 9] VGC 2023 Regulation C\n|rated|\n|rule|Species Clause: Limit one of each Pok\u00e9mon\n|rule|Item Clause: Limit one of each item\n|clearpoke\n|poke|p1|Ting-Lu, L50|\n|poke|p1|Wo-Chien, L50|\n|poke|p1|Flutter Mane, L50|\n|poke|p1|Glimmora, L50, F|\n|poke|p1|Palafin, L50, F|\n|poke|p1|Arcanine, L50, M|\n|poke|p2|Flutter Mane, L50|\n|poke|p2|Chi-Yu, L50|\n|poke|p2|Dragonite, L50, F|\n|poke|p2|Tsareena, L50, F|\n|poke|p2|Dondozo, L50, F|\n|poke|p2|Tatsugiri, L50, M|\n|teampreview|4\n|inactive|Battle timer is ON: inactive players will automatically lose when time's up. (requested by Sumo'sWeenusVGC)\nSumo'sWeenusVGC has agreed to open team sheets.\n|inactive|Sumo'sWeenusVGC has 60 seconds left.\n|inactive|STE lulu has 60 seconds left.\n|\n|t:|1681710795\n|start\n|switch|p1a: Ting-Lu|Ting-Lu, L50|100\/100\n|switch|p1b: Bad Dolphin|Palafin, L50, F, shiny|100\/100\n|switch|p2a: Dondozo|Dondozo, L50, F|100\/100\n|switch|p2b: Chi-Yu|Chi-Yu, L50|100\/100\n|-ability|p2b: Chi-Yu|Beads of Ruin\n|-ability|p1a: Ting-Lu|Vessel of Ruin\n|turn|1\n|\n|t:|1681710816\n|-terastallize|p1b: Bad Dolphin|Water\n|move|p1b: Bad Dolphin|Jet Punch|p2b: Chi-Yu\n|-supereffective|p2b: Chi-Yu\n|-enditem|p2b: Chi-Yu|Focus Sash\n|-damage|p2b: Chi-Yu|1\/100\n|move|p2b: Chi-Yu|Dark Pulse|p1b: Bad Dolphin\n|-damage|p1b: Bad Dolphin|49\/100\n|move|p2a: Dondozo|Wave Crash|p1a: Ting-Lu\n|-supereffective|p1a: Ting-Lu\n|-damage|p1a: Ting-Lu|56\/100\n|-damage|p2a: Dondozo|84\/100|[from] Recoil\n|move|p1a: Ting-Lu|Fissure|p2a: Dondozo|[miss]\n|-miss|p1a: Ting-Lu|p2a: Dondozo\n|\n|-heal|p2a: Dondozo|90\/100|[from] item: Leftovers\n|upkeep\n|turn|2\n|inactive|Sumo'sWeenusVGC has 30 seconds left.\n|inactive|STE lulu has 30 seconds left.\n|inactive|STE lulu has 20 seconds left.\n|\n|t:|1681710852\n|move|p2b: Chi-Yu|Protect|p2b: Chi-Yu\n|-singleturn|p2b: Chi-Yu|Protect\n|move|p1b: Bad Dolphin|Jet Punch|p2b: Chi-Yu\n|-activate|p2b: Chi-Yu|move: Protect\n|move|p2a: Dondozo|Substitute|p2a: Dondozo\n|-start|p2a: Dondozo|Substitute\n|-damage|p2a: Dondozo|65\/100\n|move|p1a: Ting-Lu|Fissure|p2a: Dondozo|[miss]\n|-miss|p1a: Ting-Lu|p2a: Dondozo\n|\n|-heal|p2a: Dondozo|71\/100|[from] item: Leftovers\n|upkeep\n|turn|3\n|\n|t:|1681710868\n|switch|p2b: Tatsugiri|Tatsugiri, L50, M|100\/100\n|-activate|p2b: Tatsugiri|ability: Commander|[of] p2a: Dondozo\n|-boost|p2a: Dondozo|atk|2\n|-boost|p2a: Dondozo|spa|2\n|-boost|p2a: Dondozo|spe|2\n|-boost|p2a: Dondozo|def|2\n|-boost|p2a: Dondozo|spd|2\n|switch|p1a: Glimmora|Glimmora, L50, F, shiny|100\/100\n|move|p1b: Bad Dolphin|Jet Punch|p2b: Tatsugiri|[miss]\n|-miss|p1b: Bad Dolphin|p2b: Tatsugiri\n|move|p2a: Dondozo|Wave Crash|p1b: Bad Dolphin\n|-resisted|p1b: Bad Dolphin\n|-damage|p1b: Bad Dolphin|0 fnt\n|faint|p1b: Bad Dolphin\n|-damage|p2a: Dondozo|57\/100|[from] Recoil\n|\n|-heal|p2a: Dondozo|63\/100|[from] item: Leftovers\n|upkeep\n|\n|t:|1681710888\n|switch|p1b: Flutter Mane|Flutter Mane, L50, shiny|100\/100\n|turn|4\n|\n|t:|1681710894\n|-terastallize|p2a: Dondozo|Steel\n|move|p1b: Flutter Mane|Thunderbolt|p2a: Dondozo\n|-activate|p2a: Dondozo|move: Substitute|[damage]\n|move|p2a: Dondozo|Earthquake|p1a: Glimmora|[spread] p1a,p1b\n|-miss|p2a: Dondozo|p2b: Tatsugiri\n|-supereffective|p1a: Glimmora\n|-crit|p1b: Flutter Mane\n|-enditem|p1a: Glimmora|Focus Sash\n|-damage|p1a: Glimmora|1\/100\n|-damage|p1b: Flutter Mane|0 fnt\n|faint|p1b: Flutter Mane\n|-end|p1b: Flutter Mane|Protosynthesis|[silent]\n|move|p1a: Glimmora|Energy Ball|p2a: Dondozo\n|-resisted|p2a: Dondozo\n|-end|p2a: Dondozo|Substitute\n|\n|-heal|p2a: Dondozo|69\/100|[from] item: Leftovers\n|upkeep\n|\n|t:|1681710910\n|switch|p1b: Ting-Lu|Ting-Lu, L50|56\/100\n|-ability|p1b: Ting-Lu|Vessel of Ruin\n|turn|5\n|\n|t:|1681710916\n|move|p1a: Glimmora|Spiky Shield|p1a: Glimmora\n|-singleturn|p1a: Glimmora|move: Protect\n|move|p2a: Dondozo|Substitute|p2a: Dondozo\n|-start|p2a: Dondozo|Substitute\n|-damage|p2a: Dondozo|44\/100\n|move|p1b: Ting-Lu|Fissure|p2a: Dondozo|[miss]\n|-miss|p1b: Ting-Lu|p2a: Dondozo\n|\n|-heal|p2a: Dondozo|50\/100|[from] item: Leftovers\n|upkeep\n|turn|6\n|\n|t:|1681710933\n|move|p1a: Glimmora|Spiky Shield||[still]\n|-fail|p1a: Glimmora\n|move|p2a: Dondozo|Earthquake|p1a: Glimmora|[spread] p1a,p1b\n|-miss|p2a: Dondozo|p2b: Tatsugiri\n|-supereffective|p1a: Glimmora\n|-crit|p1a: Glimmora\n|-damage|p1a: Glimmora|0 fnt\n|-damage|p1b: Ting-Lu|40\/100\n|faint|p1a: Glimmora\n|move|p1b: Ting-Lu|Stomping Tantrum|p2a: Dondozo\n|-supereffective|p2a: Dondozo\n|-end|p2a: Dondozo|Substitute\n|\n|-heal|p2a: Dondozo|57\/100|[from] item: Leftovers\n|upkeep\n|turn|7\n|\n|t:|1681710947\n|move|p2a: Dondozo|Substitute|p2a: Dondozo\n|-start|p2a: Dondozo|Substitute\n|-damage|p2a: Dondozo|32\/100\n|move|p1b: Ting-Lu|Fissure|p2a: Dondozo\n|-ohko\n|-end|p2a: Dondozo|Substitute\n|\n|-heal|p2a: Dondozo|38\/100|[from] item: Leftovers\n|upkeep\n|turn|8\n|\n|t:|1681710955\n|move|p2a: Dondozo|Wave Crash|p1b: Ting-Lu\n|-supereffective|p1b: Ting-Lu\n|-damage|p1b: Ting-Lu|0 fnt\n|faint|p1b: Ting-Lu\n|-damage|p2a: Dondozo|23\/100|[from] Recoil\n|\n|win|STE lulu\n|raw|Sumo'sWeenusVGC's rating: 1189 → 1171<\/strong> (-18 for losing)\n|raw|STE lulu's rating: 1295 → 1313<\/strong> (+18 for winning)\n|c|\u2606Sumo'sWeenusVGC|gg\n","uploadtime":1681710965,"views":7,"p1id":"sumosweenusvgc","p2id":"stelulu","formatid":"gen9vgc2023regulationc","rating":1171,"private":0,"password":""}