{"id":"gen9vgc2023regulationc-1864281480","p1":"WackoMarko","p2":"heybestiesshaha","format":"[Gen 9] VGC 2023 Regulation C","log":"|j|\u2606WackoMarko\n|j|\u2606heybestiesshaha\n|t:|1684149668\n|gametype|doubles\n|player|p1|WackoMarko|1|1086\n|player|p2|heybestiesshaha|clair|1094\n|teamsize|p1|6\n|teamsize|p2|6\n|gen|9\n|tier|[Gen 9] VGC 2023 Regulation C\n|rated|\n|rule|Species Clause: Limit one of each Pok\u00e9mon\n|rule|Item Clause: Limit one of each item\n|clearpoke\n|poke|p1|Talonflame, L50, M|\n|poke|p1|Amoonguss, L50, F|\n|poke|p1|Flutter Mane, L50|\n|poke|p1|Chien-Pao, L50|\n|poke|p1|Gyarados, L50, M|\n|poke|p1|Dragapult, L50, M|\n|poke|p2|Pelipper, L50, M|\n|poke|p2|Barraskewda, L50, M|\n|poke|p2|Chien-Pao, L50|\n|poke|p2|Flutter Mane, L50|\n|poke|p2|Crabominable, L50, M|\n|poke|p2|Hariyama, L50, F|\n|teampreview|4\n|inactive|Battle timer is ON: inactive players will automatically lose when time's up. (requested by heybestiesshaha)\n|inactive|WackoMarko has 60 seconds left.\n|inactive|heybestiesshaha has 60 seconds left.\nWackoMarko has agreed to open team sheets.\nheybestiesshaha has agreed to open team sheets.\n|inactive|heybestiesshaha has 30 seconds left.\n|\n|t:|1684149732\n|start\n|switch|p1a: Talonflame|Talonflame, L50, M, shiny|100\/100\n|switch|p1b: Chien-Pao|Chien-Pao, L50|100\/100\n|switch|p2a: Pelipper|Pelipper, L50, M|100\/100\n|switch|p2b: Flutter Mane|Flutter Mane, L50|100\/100\n|-ability|p1b: Chien-Pao|Sword of Ruin\n|-weather|RainDance|[from] ability: Drizzle|[of] p2a: Pelipper\n|-enditem|p2b: Flutter Mane|Booster Energy\n|-activate|p2b: Flutter Mane|ability: Protosynthesis|[fromitem]\n|-start|p2b: Flutter Mane|protosynthesisspe\n|turn|1\n|inactive|WackoMarko has 30 seconds left.\n|inactive|heybestiesshaha has 30 seconds left.\n|\n|t:|1684149771\n|move|p1b: Chien-Pao|Sucker Punch|p2b: Flutter Mane\n|-damage|p2b: Flutter Mane|3\/100\n|move|p1a: Talonflame|Tailwind|p1a: Talonflame\n|-sidestart|p1: WackoMarko|move: Tailwind\n|move|p2b: Flutter Mane|Dazzling Gleam|p1a: Talonflame|[spread] p1a,p1b\n|-resisted|p1a: Talonflame\n|-supereffective|p1b: Chien-Pao\n|-damage|p1a: Talonflame|79\/100\n|-enditem|p1b: Chien-Pao|Focus Sash\n|-damage|p1b: Chien-Pao|1\/100\n|move|p2a: Pelipper|Hurricane|p1b: Chien-Pao\n|-damage|p1b: Chien-Pao|0 fnt\n|faint|p1b: Chien-Pao\n|\n|-weather|RainDance|[upkeep]\n|upkeep\n|\n|t:|1684149789\n|switch|p1b: Flutter Mane|Flutter Mane, L50, shiny|100\/100\n|turn|2\n|\n|t:|1684149803\n|-terastallize|p1b: Flutter Mane|Steel\n|move|p2a: Pelipper|Wide Guard|p2a: Pelipper\n|-singleturn|p2a: Pelipper|Wide Guard\n|move|p1a: Talonflame|Brave Bird|p2b: Flutter Mane\n|-damage|p2b: Flutter Mane|0 fnt\n|faint|p2b: Flutter Mane\n|-end|p2b: Flutter Mane|Protosynthesis|[silent]\n|-damage|p1a: Talonflame|78\/100|[from] Recoil\n|move|p1b: Flutter Mane|Thunderbolt|p2a: Pelipper\n|-supereffective|p2a: Pelipper\n|-damage|p2a: Pelipper|0 fnt\n|faint|p2a: Pelipper\n|-damage|p1b: Flutter Mane|91\/100|[from] item: Life Orb\n|\n|-weather|RainDance|[upkeep]\n|upkeep\n|\n|t:|1684149814\n|switch|p2b: Barraskewda|Barraskewda, L50, M|100\/100\n|switch|p2a: Crabominable|Crabominable, L50, M|100\/100\n|turn|3\n|\n|t:|1684149837\n|move|p1a: Talonflame|Will-O-Wisp|p2b: Barraskewda\n|-status|p2b: Barraskewda|brn\n|move|p1b: Flutter Mane|Thunderbolt|p2a: Crabominable\n|-damage|p2a: Crabominable|54\/100\n|-damage|p1b: Flutter Mane|81\/100|[from] item: Life Orb\n|move|p2b: Barraskewda|Close Combat|p1b: Flutter Mane\n|-supereffective|p1b: Flutter Mane\n|-damage|p1b: Flutter Mane|0 fnt\n|-unboost|p2b: Barraskewda|def|1\n|-unboost|p2b: Barraskewda|spd|1\n|faint|p1b: Flutter Mane\n|-end|p1b: Flutter Mane|Protosynthesis|[silent]\n|move|p2a: Crabominable|Ice Hammer|p1a: Talonflame\n|-damage|p1a: Talonflame|0 fnt\n|-unboost|p2a: Crabominable|spe|1\n|faint|p1a: Talonflame\n|\n|-weather|RainDance|[upkeep]\n|-damage|p2b: Barraskewda|95\/100 brn|[from] brn\n|upkeep\n|\n|t:|1684149861\n|switch|p1a: Dragapult|Dragapult, L50, M, shiny|100\/100\n|turn|4\n|\n|t:|1684149876\n|move|p1a: Dragapult|Phantom Force||[still]\n|-prepare|p1a: Dragapult|Phantom Force\n|move|p2b: Barraskewda|Ice Fang|p1a: Dragapult|[miss]\n|-miss|p2b: Barraskewda|p1a: Dragapult\n|move|p2a: Crabominable|Ice Hammer|p1a: Dragapult|[miss]\n|-miss|p2a: Crabominable|p1a: Dragapult\n|\n|-weather|RainDance|[upkeep]\n|-damage|p2b: Barraskewda|89\/100 brn|[from] brn\n|-sideend|p1: WackoMarko|move: Tailwind\n|upkeep\n|turn|5\n|\n|t:|1684149895\n|move|p2b: Barraskewda|Ice Fang|p1a: Dragapult|[miss]\n|-miss|p2b: Barraskewda|p1a: Dragapult\n|move|p1a: Dragapult|Phantom Force|p2a: Crabominable|[from]lockedmove\n|-damage|p2a: Crabominable|0 fnt\n|faint|p2a: Crabominable\n|\n|-weather|RainDance|[upkeep]\n|-damage|p2b: Barraskewda|83\/100 brn|[from] brn\n|upkeep\n|turn|6\n|\n|t:|1684149908\n|move|p2b: Barraskewda|Ice Fang|p1a: Dragapult\n|-supereffective|p1a: Dragapult\n|-damage|p1a: Dragapult|69\/100\n|cant|p1a: Dragapult|flinch\n|\n|-weather|RainDance|[upkeep]\n|-damage|p2b: Barraskewda|77\/100 brn|[from] brn\n|upkeep\n|turn|7\n|\n|t:|1684149917\n|move|p2b: Barraskewda|Ice Fang|p1a: Dragapult\n|-supereffective|p1a: Dragapult\n|-damage|p1a: Dragapult|36\/100\n|move|p1a: Dragapult|Phantom Force||[still]\n|-prepare|p1a: Dragapult|Phantom Force\n|\n|-weather|RainDance|[upkeep]\n|-damage|p2b: Barraskewda|71\/100 brn|[from] brn\n|upkeep\n|turn|8\n|\n|t:|1684149929\n|move|p2b: Barraskewda|Ice Fang|p1a: Dragapult|[miss]\n|-miss|p2b: Barraskewda|p1a: Dragapult\n|move|p1a: Dragapult|Phantom Force|p2b: Barraskewda|[from]lockedmove\n|-damage|p2b: Barraskewda|0 fnt\n|faint|p2b: Barraskewda\n|\n|win|WackoMarko\n|raw|WackoMarko's rating: 1086 → 1114<\/strong> (+28 for winning)\n|raw|heybestiesshaha's rating: 1094 → 1069<\/strong> (-25 for losing)\n|l|\u2606heybestiesshaha\n","uploadtime":1684149944,"views":6,"p1id":"wackomarko","p2id":"heybestiesshaha","formatid":"gen9vgc2023regulationc","rating":1069,"private":0,"password":""}