{"id":"gen9vgc2023regulationc-1855078942","p1":"3gvgc","p2":"leafyarrow","format":"[Gen 9] VGC 2023 Regulation C","log":"|j|\u26063gvgc\n|j|\u2606leafyarrow\n|t:|1682898710\n|gametype|doubles\n|player|p1|3gvgc|n|1269\n|player|p2|leafyarrow|leaf-gen3|1301\n|teamsize|p1|6\n|teamsize|p2|6\n|gen|9\n|tier|[Gen 9] VGC 2023 Regulation C\n|rated|\n|rule|Species Clause: Limit one of each Pok\u00e9mon\n|rule|Item Clause: Limit one of each item\n|clearpoke\n|poke|p1|Maushold-Four, L50|\n|poke|p1|Annihilape, L50, F|\n|poke|p1|Iron Bundle, L50|\n|poke|p1|Arcanine, L50, F|\n|poke|p1|Amoonguss, L50, M|\n|poke|p1|Flutter Mane, L50|\n|poke|p2|Flutter Mane, L50|\n|poke|p2|Palafin, L50, M|\n|poke|p2|Amoonguss, L50, F|\n|poke|p2|Ting-Lu, L50|\n|poke|p2|Arcanine, L50, F|\n|poke|p2|Jolteon, L50, M|\n|teampreview|4\nleafyarrow has agreed to open team sheets.\n3gvgc has agreed to open team sheets.\n|inactive|Battle timer is ON: inactive players will automatically lose when time's up. (requested by 3gvgc)\n|inactive|leafyarrow has 60 seconds left.\n|\n|t:|1682898769\n|start\n|switch|p1a: Maushold|Maushold-Four, L50|100\/100\n|switch|p1b: Annihilape|Annihilape, L50, F|100\/100\n|switch|p2a: Palafin|Palafin, L50, M|100\/100\n|switch|p2b: Flutter Mane|Flutter Mane, L50|100\/100\n|turn|1\n|inactive|leafyarrow has 30 seconds left.\n|\n|t:|1682898797\n|switch|p1a: Amoonguss|Amoonguss, L50, M, shiny|100\/100\n|-terastallize|p2a: Palafin|Water\n|move|p1b: Annihilape|Protect|p1b: Annihilape\n|-singleturn|p1b: Annihilape|Protect\n|move|p2b: Flutter Mane|Shadow Ball|p1b: Annihilape\n|-activate|p1b: Annihilape|move: Protect\n|move|p2a: Palafin|Wave Crash|p1b: Annihilape\n|-activate|p1b: Annihilape|move: Protect\n|\n|upkeep\n|turn|2\n|inactive|leafyarrow has 30 seconds left.\n|\n|t:|1682898830\n|-end|p2b: Flutter Mane|Protosynthesis|[silent]\n|switch|p2b: Amoonguss|Amoonguss, L50, F|100\/100\n|switch|p1b: Maushold|Maushold-Four, L50|100\/100\n|move|p2a: Palafin|Wave Crash|p1b: Maushold\n|-damage|p1b: Maushold|2\/100\n|-damage|p2a: Palafin|71\/100|[from] Recoil\n|move|p1a: Amoonguss|Spore|p2b: Amoonguss\n|-immune|p2b: Amoonguss\n|\n|upkeep\n|turn|3\n|inactive|leafyarrow has 30 seconds left.\n|inactive|leafyarrow has 20 seconds left.\n|inactive|leafyarrow has 15 seconds left.\n|inactive|leafyarrow has 10 seconds left.\n|inactive|leafyarrow has 5 seconds left.\n|\n|t:|1682898885\n|move|p1b: Maushold|Protect|p1b: Maushold\n|-singleturn|p1b: Maushold|Protect\n|move|p2a: Palafin|Jet Punch|p1b: Maushold\n|-activate|p1b: Maushold|move: Protect\n|move|p1a: Amoonguss|Spore|p2a: Palafin\n|-status|p2a: Palafin|slp|[from] move: Spore\n|move|p2b: Amoonguss|Pollen Puff|p1a: Amoonguss\n|-damage|p1a: Amoonguss|89\/100\n|\n|upkeep\n|turn|4\n|\n|t:|1682898907\n|cant|p2a: Palafin|slp\n|move|p1b: Maushold|Super Fang|p2b: Amoonguss\n|-damage|p2b: Amoonguss|50\/100\n|-enditem|p2b: Amoonguss|Sitrus Berry|[eat]\n|-heal|p2b: Amoonguss|75\/100|[from] item: Sitrus Berry\n|move|p2b: Amoonguss|Pollen Puff|p2a: Palafin\n|-heal|p2a: Palafin|100\/100 slp\n|move|p1a: Amoonguss|Pollen Puff|p1b: Maushold\n|-heal|p1b: Maushold|52\/100\n|\n|upkeep\n|turn|5\n|\n|t:|1682898929\n|switch|p1b: Annihilape|Annihilape, L50, F|100\/100\n|move|p1a: Amoonguss|Rage Powder|p1a: Amoonguss\n|-singleturn|p1a: Amoonguss|move: Rage Powder\n|cant|p2a: Palafin|slp\n|move|p2b: Amoonguss|Pollen Puff|p1b: Annihilape\n|-resisted|p1b: Annihilape\n|-damage|p1b: Annihilape|97\/100\n|\n|-heal|p1b: Annihilape|100\/100|[from] item: Leftovers\n|upkeep\n|turn|6\n|\n|t:|1682898947\n|detailschange|p2a: Palafin|Palafin-Hero, L50, M, tera:Water\n|switch|p2a: Ting-Lu|Ting-Lu, L50|100\/100\n|-ability|p2a: Ting-Lu|Vessel of Ruin\n|move|p1a: Amoonguss|Rage Powder|p1a: Amoonguss\n|-singleturn|p1a: Amoonguss|move: Rage Powder\n|move|p1b: Annihilape|Bulk Up|p1b: Annihilape\n|-boost|p1b: Annihilape|atk|1\n|-boost|p1b: Annihilape|def|1\n|move|p2b: Amoonguss|Pollen Puff|p2a: Ting-Lu\n|-immune|p2a: Ting-Lu\n|\n|upkeep\n|turn|7\n|inactive|leafyarrow has 30 seconds left.\n|\n|t:|1682898980\n|move|p1b: Annihilape|Bulk Up|p1b: Annihilape\n|-boost|p1b: Annihilape|atk|1\n|-boost|p1b: Annihilape|def|1\n|move|p2a: Ting-Lu|Fissure|p1a: Amoonguss|[miss]\n|-miss|p2a: Ting-Lu|p1a: Amoonguss\n|move|p1a: Amoonguss|Spore|p2a: Ting-Lu\n|-status|p2a: Ting-Lu|slp|[from] move: Spore\n|move|p2b: Amoonguss|Pollen Puff|p1a: Amoonguss\n|-damage|p1a: Amoonguss|77\/100\n|\n|upkeep\n|turn|8\n|inactive|leafyarrow has 30 seconds left.\n|inactive|leafyarrow has 20 seconds left.\n|\n|t:|1682899015\n|switch|p2b: Palafin|Palafin-Hero, L50, M, tera:Water|100\/100 slp\n|-activate|p2b: Palafin|ability: Zero to Hero\n|switch|p1a: Maushold|Maushold-Four, L50|52\/100\n|move|p1b: Annihilape|Bulk Up|p1b: Annihilape\n|-boost|p1b: Annihilape|atk|1\n|-boost|p1b: Annihilape|def|1\n|cant|p2a: Ting-Lu|slp\n|\n|upkeep\n|turn|9\n|inactive|3gvgc has 30 seconds left.\n|\n|t:|1682899050\n|switch|p1a: Amoonguss|Amoonguss, L50, M, shiny|100\/100\n|cant|p2b: Palafin|slp\n|move|p1b: Annihilape|Rage Fist|p2b: Palafin\n|-damage|p2b: Palafin|0 fnt\n|faint|p2b: Palafin\n|-curestatus|p2a: Ting-Lu|slp|[msg]\n|move|p2a: Ting-Lu|Fissure|p1b: Annihilape\n|-damage|p1b: Annihilape|0 fnt\n|faint|p1b: Annihilape\n|-ohko\n|\n|upkeep\n|c|\u26063gvgc|XDDDDDDDD\n|\n|t:|1682899074\n|switch|p2b: Flutter Mane|Flutter Mane, L50|100\/100\n|switch|p1b: Maushold|Maushold-Four, L50|52\/100\n|turn|10\n|inactive|leafyarrow has 30 seconds left.\n|\n|t:|1682899102\n|move|p1b: Maushold|Protect|p1b: Maushold\n|-singleturn|p1b: Maushold|Protect\n|move|p2b: Flutter Mane|Shadow Ball|p1a: Amoonguss\n|-crit|p1a: Amoonguss\n|-damage|p1a: Amoonguss|55\/100\n|move|p2a: Ting-Lu|Heavy Slam|p1a: Amoonguss\n|-damage|p1a: Amoonguss|36\/100\n|-damage|p2a: Ting-Lu|84\/100|[from] item: Rocky Helmet|[of] p1a: Amoonguss\n|move|p1a: Amoonguss|Spore|p2b: Flutter Mane\n|-status|p2b: Flutter Mane|slp|[from] move: Spore\n|\n|upkeep\n|turn|11\n|inactive|3gvgc has 30 seconds left.\n|\n|t:|1682899136\n|switch|p1b: Iron Bundle|Iron Bundle, L50|100\/100\n|-enditem|p1b: Iron Bundle|Booster Energy\n|-activate|p1b: Iron Bundle|ability: Quark Drive|[fromitem]\n|-start|p1b: Iron Bundle|quarkdrivespe\n|switch|p2a: Amoonguss|Amoonguss, L50, F|100\/100\n|cant|p2b: Flutter Mane|slp\n|move|p1a: Amoonguss|Spore|p2a: Amoonguss\n|-immune|p2a: Amoonguss\n|\n|upkeep\n|turn|12\n|\n|t:|1682899149\n|-end|p2b: Flutter Mane|Protosynthesis|[silent]\n|switch|p2b: Ting-Lu|Ting-Lu, L50|84\/100\n|-ability|p2b: Ting-Lu|Vessel of Ruin\n|switch|p1a: Maushold|Maushold-Four, L50|52\/100\n|move|p1b: Iron Bundle|Protect|p1b: Iron Bundle\n|-singleturn|p1b: Iron Bundle|Protect\n|move|p2a: Amoonguss|Spore|p1b: Iron Bundle\n|-activate|p1b: Iron Bundle|move: Protect\n|\n|upkeep\n|turn|13\n|inactive|leafyarrow has 30 seconds left.\n|inactive|leafyarrow has 20 seconds left.\n|inactive|leafyarrow has 15 seconds left.\n|inactive|leafyarrow has 10 seconds left.\n|inactive|leafyarrow has 5 seconds left.\n|\n|t:|1682899200\n|move|p1a: Maushold|Follow Me|p1a: Maushold\n|-singleturn|p1a: Maushold|move: Follow Me\n|move|p1b: Iron Bundle|Hydro Pump|p2b: Ting-Lu\n|-supereffective|p2b: Ting-Lu\n|-damage|p2b: Ting-Lu|45\/100\n|move|p2b: Ting-Lu|Heavy Slam|p1a: Maushold\n|-damage|p1a: Maushold|13\/100\n|move|p2a: Amoonguss|Pollen Puff|p1a: Maushold\n|-damage|p1a: Maushold|0 fnt\n|faint|p1a: Maushold\n|\n|upkeep\n|\n|t:|1682899220\n|switch|p1a: Amoonguss|Amoonguss, L50, M, shiny|69\/100\n|turn|14\n|\n|t:|1682899240\n|switch|p2b: Flutter Mane|Flutter Mane, L50|100\/100 slp\n|move|p1b: Iron Bundle|Protect|p1b: Iron Bundle\n|-singleturn|p1b: Iron Bundle|Protect\n|move|p2a: Amoonguss|Spore|p1b: Iron Bundle\n|-activate|p1b: Iron Bundle|move: Protect\n|move|p1a: Amoonguss|Spore|p2b: Flutter Mane\n|-fail|p2b: Flutter Mane|slp\n|\n|upkeep\n|turn|15\n|inactive|leafyarrow has 30 seconds left.\n|\n|t:|1682899264\n|move|p1b: Iron Bundle|Hydro Pump|p2b: Flutter Mane|[miss]\n|-miss|p1b: Iron Bundle|p2b: Flutter Mane\n|-curestatus|p2b: Flutter Mane|slp|[msg]\n|move|p2b: Flutter Mane|Dazzling Gleam|p1a: Amoonguss|[spread] p1a,p1b\n|-resisted|p1a: Amoonguss\n|-damage|p1a: Amoonguss|49\/100\n|-damage|p1b: Iron Bundle|10\/100\n|move|p2a: Amoonguss|Spore|p1b: Iron Bundle\n|-status|p1b: Iron Bundle|slp|[from] move: Spore\n|move|p1a: Amoonguss|Pollen Puff|p2b: Flutter Mane\n|-resisted|p2b: Flutter Mane\n|-damage|p2b: Flutter Mane|97\/100\n|\n|upkeep\n|turn|16\n|inactive|leafyarrow has 30 seconds left this turn.\n|-message|3gvgc forfeited.\n|\n|win|leafyarrow\n|inactive|leafyarrow has 30 seconds left this turn.\n|raw|3gvgc's rating: 1269 → 1246<\/strong> (-23 for losing)\n|raw|leafyarrow's rating: 1301 → 1319<\/strong> (+18 for winning)\n|l|\u26063gvgc\n","uploadtime":1682899280,"views":8,"p1id":"3gvgc","p2id":"leafyarrow","formatid":"gen9vgc2023regulationc","rating":1246,"private":0,"password":""}