{"id":"gen9vgc2023regulationc-1860610975","p1":"Noxy1227","p2":"Ytterby","format":"[Gen 9] VGC 2023 Regulation C","log":"|j|\u2606Noxy1227\n|j|\u2606Ytterby\n|t:|1683658857\n|gametype|doubles\n|player|p1|Noxy1227|chuck|1187\n|player|p2|Ytterby|brycenman|1280\n|teamsize|p1|6\n|teamsize|p2|6\n|gen|9\n|tier|[Gen 9] VGC 2023 Regulation C\n|rated|\n|rule|Species Clause: Limit one of each Pok\u00e9mon\n|rule|Item Clause: Limit one of each item\n|clearpoke\n|poke|p1|Glimmora, L50, F|\n|poke|p1|Wo-Chien, L50|\n|poke|p1|Arcanine, L50, F|\n|poke|p1|Palafin, L50, M|\n|poke|p1|Flutter Mane, L50|\n|poke|p1|Pawmot, L50, M|\n|poke|p2|Baxcalibur, L50, F|\n|poke|p2|Torkoal, L50, F|\n|poke|p2|Ting-Lu, L50|\n|poke|p2|Glimmora, L50, F|\n|poke|p2|Grimmsnarl, L50, M|\n|poke|p2|Flutter Mane, L50|\n|teampreview|4\nYtterby has agreed to open team sheets.\n|inactive|Battle timer is ON: inactive players will automatically lose when time's up. (requested by Ytterby)\n|inactive|Noxy1227 has 60 seconds left.\n|inactive|Ytterby has 60 seconds left.\n|\n|t:|1683658911\n|start\n|switch|p1a: Palafin|Palafin, L50, M|100\/100\n|switch|p1b: Flutter Mane|Flutter Mane, L50|100\/100\n|switch|p2a: Girl|Grimmsnarl, L50, M|100\/100\n|switch|p2b: Friend|Flutter Mane, L50|100\/100\n|-enditem|p1b: Flutter Mane|Booster Energy\n|-activate|p1b: Flutter Mane|ability: Protosynthesis|[fromitem]\n|-start|p1b: Flutter Mane|protosynthesisspa\n|turn|1\n|inactive|Noxy1227 has 30 seconds left.\n|\n|t:|1683658945\n|detailschange|p1a: Palafin|Palafin-Hero, L50, M\n|switch|p1a: Glimmora|Glimmora, L50, F|100\/100\n|-terastallize|p1b: Flutter Mane|Fairy\n|-terastallize|p2b: Friend|Grass\n|move|p2a: Girl|Light Screen|p2a: Girl\n|-sidestart|p2: Ytterby|move: Light Screen\n|move|p1b: Flutter Mane|Shadow Ball|p2b: Friend\n|-damage|p2b: Friend|66\/100\n|move|p2b: Friend|Energy Ball|p1a: Glimmora\n|-damage|p1a: Glimmora|43\/100\n|\n|upkeep\n|turn|2\n|\n|t:|1683658968\n|switch|p2a: Ti|Torkoal, L50, F|100\/100\n|-weather|SunnyDay|[from] ability: Drought|[of] p2a: Ti\n|-activate|p2b: Friend|ability: Protosynthesis\n|-start|p2b: Friend|protosynthesisspa\n|move|p1b: Flutter Mane|Dazzling Gleam|p2b: Friend|[spread] p2a,p2b\n|-resisted|p2a: Ti\n|-damage|p2a: Ti|83\/100\n|-damage|p2b: Friend|35\/100\n|move|p2b: Friend|Energy Ball|p1b: Flutter Mane\n|-damage|p1b: Flutter Mane|15\/100\n|move|p1a: Glimmora|Mortal Spin|p2b: Friend|[spread] p2a,p2b\n|-supereffective|p2b: Friend\n|-damage|p2a: Ti|81\/100\n|-damage|p2b: Friend|18\/100\n|-status|p2a: Ti|psn\n|-status|p2b: Friend|psn\n|\n|-weather|SunnyDay|[upkeep]\n|-damage|p2b: Friend|5\/100 psn|[from] psn\n|-damage|p2a: Ti|68\/100 psn|[from] psn\n|upkeep\n|turn|3\n|inactive|Noxy1227 has 30 seconds left.\n|inactive|Ytterby has 30 seconds left.\n|inactive|Ytterby has 20 seconds left.\n|\n|t:|1683659004\n|move|p1b: Flutter Mane|Protect|p1b: Flutter Mane\n|-singleturn|p1b: Flutter Mane|Protect\n|move|p2b: Friend|Energy Ball|p1a: Glimmora\n|-damage|p1a: Glimmora|0 fnt\n|faint|p1a: Glimmora\n|move|p2a: Ti|Lava Plume|p1b: Flutter Mane|[spread] p2b\n|-activate|p1b: Flutter Mane|move: Protect\n|-supereffective|p2b: Friend\n|-damage|p2b: Friend|0 fnt\n|faint|p2b: Friend\n|-end|p2b: Friend|Protosynthesis|[silent]\n|\n|-weather|SunnyDay|[upkeep]\n|-damage|p2a: Ti|56\/100 psn|[from] psn\n|upkeep\n|\n|t:|1683659028\n|switch|p2b: Girl|Grimmsnarl, L50, M|100\/100\n|switch|p1a: Palafin|Palafin-Hero, L50, M|100\/100\n|-activate|p1a: Palafin|ability: Zero to Hero\n|turn|4\n|\n|t:|1683659050\n|move|p2b: Girl|Reflect|p2b: Girl\n|-sidestart|p2: Ytterby|Reflect\n|move|p1b: Flutter Mane|Dazzling Gleam|p2a: Ti|[spread] p2a,p2b\n|-resisted|p2a: Ti\n|-supereffective|p2b: Girl\n|-damage|p2a: Ti|38\/100 psn\n|-damage|p2b: Girl|40\/100\n|move|p1a: Palafin|Wave Crash|p2a: Ti\n|-supereffective|p2a: Ti\n|-damage|p2a: Ti|0 fnt\n|faint|p2a: Ti\n|-damage|p1a: Palafin|90\/100|[from] Recoil\n|\n|-weather|SunnyDay|[upkeep]\n|upkeep\n|\n|t:|1683659057\n|switch|p2a: tty|Ting-Lu, L50|100\/100\n|-ability|p2a: tty|Vessel of Ruin\n|turn|5\n|inactive|Ytterby has 30 seconds left.\n|\n|t:|1683659088\n|move|p1b: Flutter Mane|Dazzling Gleam|p2a: tty|[spread] p2a,p2b\n|-supereffective|p2a: tty\n|-supereffective|p2b: Girl\n|-damage|p2a: tty|74\/100\n|-damage|p2b: Girl|0 fnt\n|faint|p2b: Girl\n|move|p1a: Palafin|Wave Crash|p2a: tty\n|-supereffective|p2a: tty\n|-damage|p2a: tty|46\/100\n|-damage|p1a: Palafin|79\/100|[from] Recoil\n|move|p2a: tty|Stomping Tantrum|p1b: Flutter Mane\n|-damage|p1b: Flutter Mane|0 fnt\n|faint|p1b: Flutter Mane\n|-end|p1b: Flutter Mane|Protosynthesis|[silent]\n|\n|-weather|SunnyDay|[upkeep]\n|upkeep\n|\n|t:|1683659100\n|switch|p1b: Wo-Chien|Wo-Chien, L50|100\/100\n|-ability|p1b: Wo-Chien|Tablets of Ruin\n|turn|6\n|\n|t:|1683659108\n|move|p1a: Palafin|Wave Crash|p2a: tty\n|-supereffective|p2a: tty\n|-damage|p2a: tty|26\/100\n|-damage|p1a: Palafin|71\/100|[from] Recoil\n|move|p1b: Wo-Chien|Leech Seed|p2a: tty\n|-start|p2a: tty|move: Leech Seed\n|move|p2a: tty|Payback|p1a: Palafin\n|-damage|p1a: Palafin|47\/100\n|\n|-weather|none\n|-damage|p2a: tty|13\/100|[from] Leech Seed|[of] p1b: Wo-Chien\n|upkeep\n|turn|7\n|\n|t:|1683659125\n|move|p1a: Palafin|Jet Punch|p2a: tty\n|-supereffective|p2a: tty\n|-damage|p2a: tty|0 fnt\n|faint|p2a: tty\n|\n|win|Noxy1227\n|raw|Noxy1227's rating: 1187 → 1219<\/strong> (+32 for winning)\n|raw|Ytterby's rating: 1280 → 1248<\/strong> (-32 for losing)\n","uploadtime":1683659129,"views":22,"p1id":"noxy1227","p2id":"ytterby","formatid":"gen9vgc2023regulationc","rating":1219,"private":0,"password":""}