{"id":"gen9vgc2023regulationc-1863724314","p1":"DONTBULLYMEPLZ","p2":"WackoMarko","format":"[Gen 9] VGC 2023 Regulation C","log":"|j|\u2606DONTBULLYMEPLZ\n|j|\u2606WackoMarko\n|t:|1684067571\n|gametype|doubles\n|player|p1|DONTBULLYMEPLZ|101|1169\n|player|p2|WackoMarko|102|1192\n|teamsize|p1|6\n|teamsize|p2|6\n|gen|9\n|tier|[Gen 9] VGC 2023 Regulation C\n|rated|\n|rule|Species Clause: Limit one of each Pok\u00e9mon\n|rule|Item Clause: Limit one of each item\n|clearpoke\n|poke|p1|Lilligant, L50, F|\n|poke|p1|Torkoal, L50, F|\n|poke|p1|Flutter Mane, L50|\n|poke|p1|Kingambit, L50, F|\n|poke|p1|Dragonite, L50, F|\n|poke|p1|Great Tusk, L50|\n|poke|p2|Talonflame, L50, F|\n|poke|p2|Amoonguss, L50, F|\n|poke|p2|Flutter Mane, L50|\n|poke|p2|Chien-Pao, L50|\n|poke|p2|Gyarados, L50, F|\n|poke|p2|Dragapult, L50, M|\n|teampreview|4\n|inactive|Battle timer is ON: inactive players will automatically lose when time's up. (requested by DONTBULLYMEPLZ)\nWackoMarko has agreed to open team sheets.\n|inactive|WackoMarko has 60 seconds left.\n|inactive|WackoMarko has 30 seconds left.\n|inactive|WackoMarko has 20 seconds left.\n|\n|t:|1684067645\n|start\n|switch|p1a: TT|Lilligant, L50, F, shiny|100\/100\n|switch|p1b: Breakthrough|Torkoal, L50, F, shiny|100\/100\n|switch|p2a: Dragapult|Dragapult, L50, M, shiny|100\/100\n|switch|p2b: Chien-Pao|Chien-Pao, L50|100\/100\n|-ability|p2b: Chien-Pao|Sword of Ruin\n|-weather|SunnyDay|[from] ability: Drought|[of] p1b: Breakthrough\n|turn|1\n|\n|t:|1684067666\n|-terastallize|p2b: Chien-Pao|Ghost\n|move|p1a: TT|After You|p1b: Breakthrough\n|-activate|p1b: Breakthrough|move: After You\n|move|p1b: Breakthrough|Eruption|p2b: Chien-Pao|[spread] p2a,p2b\n|-resisted|p2a: Dragapult\n|-damage|p2a: Dragapult|40\/100\n|-enditem|p2b: Chien-Pao|Focus Sash\n|-damage|p2b: Chien-Pao|1\/100\n|move|p2a: Dragapult|U-turn|p1a: TT\n|-supereffective|p1a: TT\n|-enditem|p1a: TT|Focus Sash\n|-damage|p1a: TT|1\/100\n|\n|t:|1684067679\n|switch|p2a: Gyarados|Gyarados, L50, F, shiny|100\/100|[from] U-turn\n|-ability|p2a: Gyarados|Intimidate|boost\n|-unboost|p1a: TT|atk|1\n|-unboost|p1b: Breakthrough|atk|1\n|move|p2b: Chien-Pao|Ice Spinner|p1a: TT\n|-supereffective|p1a: TT\n|-crit|p1a: TT\n|-damage|p1a: TT|0 fnt\n|faint|p1a: TT\n|\n|-weather|SunnyDay|[upkeep]\n|upkeep\n|\n|t:|1684067695\n|switch|p1a: HOT|Kingambit, L50, F, shiny|100\/100\n|turn|2\n|\n|t:|1684067707\n|move|p1b: Breakthrough|Protect|p1b: Breakthrough\n|-singleturn|p1b: Breakthrough|Protect\n|move|p2b: Chien-Pao|Sucker Punch||[still]\n|-fail|p2b: Chien-Pao\n|move|p1a: HOT|Sucker Punch||[still]\n|-fail|p1a: HOT\n|move|p2a: Gyarados|Waterfall|p1b: Breakthrough\n|-activate|p1b: Breakthrough|move: Protect\n|\n|-weather|SunnyDay|[upkeep]\n|upkeep\n|turn|3\n|\n|t:|1684067730\n|move|p2b: Chien-Pao|Sucker Punch|p1b: Breakthrough\n|-damage|p1b: Breakthrough|62\/100\n|move|p1a: HOT|Sucker Punch||[still]\n|-fail|p1a: HOT\n|move|p2a: Gyarados|Waterfall|p1b: Breakthrough\n|-supereffective|p1b: Breakthrough\n|-damage|p1b: Breakthrough|17\/100\n|move|p1b: Breakthrough|Flamethrower|p2a: Gyarados\n|-resisted|p2a: Gyarados\n|-damage|p2a: Gyarados|69\/100\n|\n|-weather|SunnyDay|[upkeep]\n|upkeep\n|turn|4\n|inactive|WackoMarko has 30 seconds left.\n|\n|t:|1684067757\n|move|p2b: Chien-Pao|Sucker Punch|p1a: HOT\n|-resisted|p1a: HOT\n|-damage|p1a: HOT|83\/100\n|move|p2a: Gyarados|Waterfall|p1a: HOT\n|-damage|p1a: HOT|62\/100\n|move|p1a: HOT|Kowtow Cleave|p2b: Chien-Pao\n|-supereffective|p2b: Chien-Pao\n|-damage|p2b: Chien-Pao|0 fnt\n|faint|p2b: Chien-Pao\n|move|p1b: Breakthrough|Flamethrower|p2a: Gyarados\n|-resisted|p2a: Gyarados\n|-damage|p2a: Gyarados|35\/100\n|\n|-weather|SunnyDay|[upkeep]\n|upkeep\n|\n|t:|1684067772\n|switch|p2b: Flutter Mane|Flutter Mane, L50, shiny|100\/100\n|-activate|p2b: Flutter Mane|ability: Protosynthesis\n|-start|p2b: Flutter Mane|protosynthesisspe\n|turn|5\n|\n|t:|1684067783\n|move|p2b: Flutter Mane|Shadow Ball|p1a: HOT\n|-resisted|p1a: HOT\n|-damage|p1a: HOT|45\/100\n|-unboost|p1a: HOT|spd|1\n|-ability|p1a: HOT|Defiant|boost\n|-boost|p1a: HOT|atk|2\n|-damage|p2b: Flutter Mane|91\/100|[from] item: Life Orb\n|move|p2a: Gyarados|Waterfall|p1b: Breakthrough\n|-supereffective|p1b: Breakthrough\n|-damage|p1b: Breakthrough|0 fnt\n|faint|p1b: Breakthrough\n|move|p1a: HOT|Iron Head|p2b: Flutter Mane\n|-supereffective|p2b: Flutter Mane\n|-damage|p2b: Flutter Mane|0 fnt\n|faint|p2b: Flutter Mane\n|-end|p2b: Flutter Mane|Protosynthesis|[silent]\n|\n|-weather|none\n|upkeep\n|\n|t:|1684067798\n|switch|p2b: Dragapult|Dragapult, L50, M, shiny|40\/100\n|switch|p1b: FANCY|Flutter Mane, L50, shiny|100\/100\n|turn|6\n|\n|t:|1684067814\n|-terastallize|p1b: FANCY|Fairy\n|move|p1a: HOT|Sucker Punch|p2a: Gyarados\n|-damage|p2a: Gyarados|0 fnt\n|faint|p2a: Gyarados\n|move|p2b: Dragapult|Phantom Force||[still]\n|-prepare|p2b: Dragapult|Phantom Force\n|move|p1b: FANCY|Dazzling Gleam|p2b: Dragapult|[miss]\n|-miss|p1b: FANCY|p2b: Dragapult\n|\n|upkeep\n|turn|7\n|\n|t:|1684067825\n|move|p2b: Dragapult|Phantom Force|p1b: FANCY|[from]lockedmove\n|-damage|p1b: FANCY|0 fnt\n|faint|p1b: FANCY\n|-end|p1b: FANCY|Protosynthesis|[silent]\n|move|p1a: HOT|Kowtow Cleave|p2b: Dragapult\n|-supereffective|p2b: Dragapult\n|-damage|p2b: Dragapult|0 fnt\n|faint|p2b: Dragapult\n|\n|win|DONTBULLYMEPLZ\n|raw|DONTBULLYMEPLZ's rating: 1169 → 1196<\/strong> (+27 for winning)\n|raw|WackoMarko's rating: 1192 → 1165<\/strong> (-27 for losing)\n|c|\u2606WackoMarko|gg\n","uploadtime":1684067837,"views":11,"p1id":"dontbullymeplz","p2id":"wackomarko","formatid":"gen9vgc2023regulationc","rating":1165,"private":0,"password":""}