{"id":"gen9vgc2023regulationc-1856152773","p1":"Insertable194","p2":"CaipisaurusRex","format":"[Gen 9] VGC 2023 Regulation C","log":"|j|\u2606Insertable194\n|j|\u2606CaipisaurusRex\n|t:|1683035538\n|gametype|doubles\n|player|p1|Insertable194|102|1412\n|player|p2|CaipisaurusRex|170|1408\n|teamsize|p1|6\n|teamsize|p2|6\n|gen|9\n|tier|[Gen 9] VGC 2023 Regulation C\n|rated|\n|rule|Species Clause: Limit one of each Pok\u00e9mon\n|rule|Item Clause: Limit one of each item\n|clearpoke\n|poke|p1|Iron Bundle, L50|\n|poke|p1|Great Tusk, L50|\n|poke|p1|Arcanine, L50, M|\n|poke|p1|Chien-Pao, L50|\n|poke|p1|Gholdengo, L50|\n|poke|p1|Iron Hands, L50|\n|poke|p2|Dondozo, L50, M|\n|poke|p2|Tatsugiri, L50, F|\n|poke|p2|Flutter Mane, L50|\n|poke|p2|Orthworm, L50, M|\n|poke|p2|Chi-Yu, L50|\n|poke|p2|Talonflame, L50, F|\n|teampreview|4\nInsertable194 has agreed to open team sheets.\n|inactive|Battle timer is ON: inactive players will automatically lose when time's up. (requested by Insertable194)\n|inactive|Insertable194 has 60 seconds left.\n|inactive|CaipisaurusRex has 60 seconds left.\n|\n|t:|1683035587\n|start\n|switch|p1a: Chien-Pao|Chien-Pao, L50|100\/100\n|switch|p1b: Great Tusk|Great Tusk, L50|100\/100\n|switch|p2a: Talonflame|Talonflame, L50, F|100\/100\n|switch|p2b: Chi-Yu|Chi-Yu, L50|100\/100\n|-ability|p1a: Chien-Pao|Sword of Ruin\n|-ability|p2b: Chi-Yu|Beads of Ruin\n|turn|1\n|inactive|Insertable194 has 30 seconds left.\n|\n|t:|1683035612\n|switch|p2b: Orthworm|Orthworm, L50, M|100\/100\n|move|p1a: Chien-Pao|Ice Shard|p2a: Talonflame\n|-damage|p2a: Talonflame|65\/100\n|move|p1b: Great Tusk|Rock Slide|p2a: Talonflame|[spread] p2a,p2b\n|-supereffective|p2a: Talonflame\n|-resisted|p2b: Orthworm\n|-damage|p2a: Talonflame|0 fnt\n|-damage|p2b: Orthworm|90\/100\n|faint|p2a: Talonflame\n|\n|upkeep\n|\n|t:|1683035633\n|switch|p2a: Tatsugiri|Tatsugiri, L50, F|100\/100\n|turn|2\n|inactive|Insertable194 has 30 seconds left.\n|\n|t:|1683035658\n|-end|p1b: Great Tusk|Protosynthesis|[silent]\n|switch|p1b: Arcanine|Arcanine, L50, M|100\/100\n|-ability|p1b: Arcanine|Intimidate|boost\n|-unboost|p2a: Tatsugiri|atk|1\n|-unboost|p2b: Orthworm|atk|1\n|move|p1a: Chien-Pao|Protect|p1a: Chien-Pao\n|-singleturn|p1a: Chien-Pao|Protect\n|move|p2a: Tatsugiri|Muddy Water|p1a: Chien-Pao|[spread] p1b\n|-activate|p1a: Chien-Pao|move: Protect\n|-supereffective|p1b: Arcanine\n|-damage|p1b: Arcanine|15\/100\n|-unboost|p1b: Arcanine|accuracy|1\n|move|p2b: Orthworm|Body Press|p1a: Chien-Pao\n|-activate|p1a: Chien-Pao|move: Protect\n|\n|upkeep\n|turn|3\n|inactive|Insertable194 has 30 seconds left.\n|inactive|CaipisaurusRex has 30 seconds left.\n|inactive|Insertable194 has 20 seconds left.\n|inactive|CaipisaurusRex has 20 seconds left.\n|\n|t:|1683035699\n|-terastallize|p2b: Orthworm|Fire\n|move|p1b: Arcanine|Helping Hand|p1a: Chien-Pao\n|-singleturn|p1a: Chien-Pao|Helping Hand|[of] p1b: Arcanine\n|move|p1a: Chien-Pao|Ice Spinner|p2a: Tatsugiri\n|-damage|p2a: Tatsugiri|0 fnt\n|faint|p2a: Tatsugiri\n|move|p2b: Orthworm|Iron Defense|p2b: Orthworm\n|-boost|p2b: Orthworm|def|2\n|\n|upkeep\n|\n|t:|1683035707\n|switch|p2a: Chi-Yu|Chi-Yu, L50|100\/100\n|-ability|p2a: Chi-Yu|Beads of Ruin\n|turn|4\n|\n|t:|1683035720\n|move|p1a: Chien-Pao|Protect|p1a: Chien-Pao\n|-singleturn|p1a: Chien-Pao|Protect\n|move|p2a: Chi-Yu|Protect|p2a: Chi-Yu\n|-singleturn|p2a: Chi-Yu|Protect\n|move|p1b: Arcanine|Extreme Speed|p2a: Chi-Yu\n|-activate|p2a: Chi-Yu|move: Protect\n|move|p2b: Orthworm|Body Press|p1a: Chien-Pao\n|-activate|p1a: Chien-Pao|move: Protect\n|\n|upkeep\n|turn|5\n|\n|t:|1683035748\n|move|p1b: Arcanine|Extreme Speed|p2a: Chi-Yu\n|-damage|p2a: Chi-Yu|57\/100\n|move|p1a: Chien-Pao|Throat Chop|p2a: Chi-Yu\n|-resisted|p2a: Chi-Yu\n|-damage|p2a: Chi-Yu|17\/100\n|-start|p2a: Chi-Yu|Throat Chop|[silent]\n|move|p2a: Chi-Yu|Heat Wave|p1b: Arcanine|[spread] p1b\n|-miss|p2a: Chi-Yu|p1a: Chien-Pao\n|-resisted|p1b: Arcanine\n|-damage|p1b: Arcanine|0 fnt\n|faint|p1b: Arcanine\n|move|p2b: Orthworm|Body Press|p1a: Chien-Pao\n|-supereffective|p1a: Chien-Pao\n|-enditem|p1a: Chien-Pao|Focus Sash\n|-damage|p1a: Chien-Pao|1\/100\n|\n|upkeep\n|\n|t:|1683035762\n|switch|p1b: Great Tusk|Great Tusk, L50|100\/100\n|turn|6\n|\n|t:|1683035771\n|move|p2a: Chi-Yu|Protect|p2a: Chi-Yu\n|-singleturn|p2a: Chi-Yu|Protect\n|move|p1b: Great Tusk|Rock Slide|p2b: Orthworm|[spread] p2b\n|-activate|p2a: Chi-Yu|move: Protect\n|-supereffective|p2b: Orthworm\n|-damage|p2b: Orthworm|66\/100\n|move|p1a: Chien-Pao|Throat Chop|p2b: Orthworm\n|-damage|p2b: Orthworm|44\/100\n|-start|p2b: Orthworm|Throat Chop|[silent]\n|-enditem|p2b: Orthworm|Sitrus Berry|[eat]\n|-heal|p2b: Orthworm|69\/100|[from] item: Sitrus Berry\n|cant|p2b: Orthworm|flinch\n|\n|-end|p2a: Chi-Yu|Throat Chop|[silent]\n|upkeep\n|turn|7\n|\n|t:|1683035790\n|move|p2a: Chi-Yu|Protect||[still]\n|-fail|p2a: Chi-Yu\n|move|p1b: Great Tusk|Rock Slide|p2a: Chi-Yu|[spread] p2a,p2b\n|-supereffective|p2a: Chi-Yu\n|-supereffective|p2b: Orthworm\n|-crit|p2b: Orthworm\n|-damage|p2a: Chi-Yu|0 fnt\n|-damage|p2b: Orthworm|4\/100\n|faint|p2a: Chi-Yu\n|move|p1a: Chien-Pao|Throat Chop|p2b: Orthworm\n|-damage|p2b: Orthworm|0 fnt\n|faint|p2b: Orthworm\n|\n|win|Insertable194\n|raw|Insertable194's rating: 1412 → 1432<\/strong> (+20 for winning)\n|raw|CaipisaurusRex's rating: 1408 → 1388<\/strong> (-20 for losing)\n","uploadtime":1683035793,"views":4,"p1id":"insertable194","p2id":"caipisaurusrex","formatid":"gen9vgc2023regulationc","rating":1388,"private":0,"password":""}