{"id":"gen9vgc2023regulationc-1863182011","p1":"R2VGC","p2":"Radam14","format":"[Gen 9] VGC 2023 Regulation C","log":"|j|\u2606R2VGC\n|j|\u2606Radam14\n|t:|1683984889\n|gametype|doubles\n|player|p1|R2VGC|102|1124\n|player|p2|Radam14|hoopster|1228\n|teamsize|p1|6\n|teamsize|p2|6\n|gen|9\n|tier|[Gen 9] VGC 2023 Regulation C\n|rated|\n|rule|Species Clause: Limit one of each Pok\u00e9mon\n|rule|Item Clause: Limit one of each item\n|clearpoke\n|poke|p1|Amoonguss, L50, F|\n|poke|p1|Arcanine, L50, F|\n|poke|p1|Flutter Mane, L50|\n|poke|p1|Kingambit, L50, M|\n|poke|p1|Palafin, L50, M|\n|poke|p1|Baxcalibur, L50, M|\n|poke|p2|Torkoal, L50, F|\n|poke|p2|Slowking, L50, M|\n|poke|p2|Coalossal, L50, M|\n|poke|p2|Umbreon, L50, M|\n|poke|p2|Ceruledge, L50, F|\n|poke|p2|Meowscarada, L50, F|\n|teampreview|4\n|\n|t:|1683984935\n|start\n|switch|p1a: Natters|Amoonguss, L50, F, shiny|100\/100\n|switch|p1b: Palafin|Palafin, L50, M|100\/100\n|switch|p2a: Torkoal|Torkoal, L50, F|100\/100\n|switch|p2b: Slowking|Slowking, L50, M|100\/100\n|-weather|SunnyDay|[from] ability: Drought|[of] p2a: Torkoal\n|turn|1\n|inactive|Battle timer is ON: inactive players will automatically lose when time's up. (requested by Radam14)\n|inactive|R2VGC has 60 seconds left.\n|\n|t:|1683984970\n|detailschange|p1b: Palafin|Palafin-Hero, L50, M\n|switch|p1b: Baxcalibur|Baxcalibur, L50, M|100\/100\n|move|p2b: Slowking|Helping Hand|p2a: Torkoal\n|-singleturn|p2a: Torkoal|Helping Hand|[of] p2b: Slowking\n|move|p1a: Natters|Spore|p2b: Slowking\n|-status|p2b: Slowking|slp|[from] move: Spore\n|move|p2a: Torkoal|Eruption|p1b: Baxcalibur|[spread] p1a,p1b\n|-supereffective|p1a: Natters\n|-damage|p1a: Natters|0 fnt\n|-damage|p1b: Baxcalibur|54\/100\n|-ability|p1b: Baxcalibur|Thermal Exchange|boost\n|-boost|p1b: Baxcalibur|atk|1\n|faint|p1a: Natters\n|\n|-weather|SunnyDay|[upkeep]\n|upkeep\n|\n|t:|1683984987\n|switch|p1a: Palafin|Palafin-Hero, L50, M|100\/100\n|-activate|p1a: Palafin|ability: Zero to Hero\n|turn|2\n|\n|t:|1683984999\n|move|p2a: Torkoal|Protect|p2a: Torkoal\n|-singleturn|p2a: Torkoal|Protect\n|move|p1a: Palafin|Jet Punch|p2a: Torkoal\n|-activate|p2a: Torkoal|move: Protect\n|move|p1b: Baxcalibur|Glaive Rush|p2a: Torkoal\n|-activate|p2a: Torkoal|move: Protect\n|cant|p2b: Slowking|slp\n|\n|-weather|SunnyDay|[upkeep]\n|upkeep\n|turn|3\n|\n|t:|1683985019\n|move|p1a: Palafin|Jet Punch|p2a: Torkoal\n|-supereffective|p2a: Torkoal\n|-damage|p2a: Torkoal|66\/100\n|move|p1b: Baxcalibur|Glaive Rush|p2a: Torkoal\n|-damage|p2a: Torkoal|0 fnt\n|-singlemove|p1b: Baxcalibur|Glaive Rush|[silent]\n|faint|p2a: Torkoal\n|cant|p2b: Slowking|slp\n|\n|-weather|SunnyDay|[upkeep]\n|upkeep\n|\n|t:|1683985033\n|switch|p2a: Meowscarada|Meowscarada, L50, F|100\/100\n|turn|4\n|\n|t:|1683985045\n|switch|p1a: Kingambit|Kingambit, L50, M|100\/100\n|move|p1b: Baxcalibur|Ice Shard|p2a: Meowscarada\n|-supereffective|p2a: Meowscarada\n|-enditem|p2a: Meowscarada|Focus Sash\n|-damage|p2a: Meowscarada|1\/100\n|move|p2a: Meowscarada|Knock Off|p1b: Baxcalibur\n|-start|p2a: Meowscarada|typechange|Dark|[from] ability: Protean\n|-damage|p1b: Baxcalibur|11\/100\n|-enditem|p1b: Baxcalibur|Assault Vest|[from] move: Knock Off|[of] p2a: Meowscarada\n|cant|p2b: Slowking|slp\n|\n|-weather|SunnyDay|[upkeep]\n|upkeep\n|turn|5\n|inactive|Radam14 has 30 seconds left.\n|\n|t:|1683985074\n|-terastallize|p1a: Kingambit|Dark\n|move|p1b: Baxcalibur|Ice Shard|p2a: Meowscarada\n|-damage|p2a: Meowscarada|0 fnt\n|faint|p2a: Meowscarada\n|move|p1a: Kingambit|Assurance|p2b: Slowking\n|-supereffective|p2b: Slowking\n|-damage|p2b: Slowking|7\/100 slp\n|-curestatus|p2b: Slowking|slp|[msg]\n|move|p2b: Slowking|Flamethrower|p1a: Kingambit\n|-damage|p1a: Kingambit|69\/100\n|\n|-weather|SunnyDay|[upkeep]\n|upkeep\n|\n|t:|1683985085\n|switch|p2a: Ceruledge|Ceruledge, L50, F|100\/100\n|turn|6\n|inactive|Radam14 has 30 seconds left.\n|\n|t:|1683985111\n|move|p1b: Baxcalibur|Ice Shard|p2b: Slowking\n|-resisted|p2b: Slowking\n|-damage|p2b: Slowking|0 fnt\n|faint|p2b: Slowking\n|move|p1a: Kingambit|Sucker Punch|p2a: Ceruledge\n|-supereffective|p2a: Ceruledge\n|-damage|p2a: Ceruledge|0 fnt\n|faint|p2a: Ceruledge\n|\n|win|R2VGC\n|raw|R2VGC's rating: 1124 → 1156<\/strong> (+32 for winning)\n|raw|Radam14's rating: 1228 → 1196<\/strong> (-32 for losing)\n|l|\u2606Radam14\n","uploadtime":1683985127,"views":18,"p1id":"r2vgc","p2id":"radam14","formatid":"gen9vgc2023regulationc","rating":1156,"private":0,"password":""}