{"id":"gen9vgc2023regulationc-1862227609","p1":"SM0KESgirl","p2":"Of The Senju","format":"[Gen 9] VGC 2023 Regulation C","log":"|j|\u2606SM0KESgirl\n|j|\u2606Of The Senju\n|t:|1683852094\n|gametype|doubles\n|player|p1|SM0KESgirl|skyla|1246\n|player|p2|Of The Senju|lucas-gen4pt|1271\n|teamsize|p1|6\n|teamsize|p2|6\n|gen|9\n|tier|[Gen 9] VGC 2023 Regulation C\n|rated|\n|rule|Species Clause: Limit one of each Pok\u00e9mon\n|rule|Item Clause: Limit one of each item\n|clearpoke\n|poke|p1|Gholdengo, L50|\n|poke|p1|Murkrow, L50, M|\n|poke|p1|Baxcalibur, L50, M|\n|poke|p1|Annihilape, L50, M|\n|poke|p1|Flutter Mane, L50|\n|poke|p1|Amoonguss, L50, M|\n|poke|p2|Ting-Lu, L50|\n|poke|p2|Garganacl, L50, M|\n|poke|p2|Iron Bundle, L50|\n|poke|p2|Arcanine, L50, M|\n|poke|p2|Amoonguss, L50, M|\n|poke|p2|Roaring Moon, L50|\n|teampreview|4\n|inactive|Battle timer is ON: inactive players will automatically lose when time's up. (requested by Of The Senju)\nOf The Senju rejected open team sheets.\n|\n|t:|1683852122\n|start\n|switch|p1a: Murkrow|Murkrow, L50, M|100\/100\n|switch|p1b: Gholdengo|Gholdengo, L50|100\/100\n|switch|p2a: Roaring Moon|Roaring Moon, L50|100\/100\n|switch|p2b: Iron Bundle|Iron Bundle, L50|100\/100\n|-enditem|p2a: Roaring Moon|Booster Energy\n|-activate|p2a: Roaring Moon|ability: Protosynthesis|[fromitem]\n|-start|p2a: Roaring Moon|protosynthesisatk\n|turn|1\n|inactive|SM0KESgirl has 30 seconds left.\n|inactive|Of The Senju has 30 seconds left.\n|\n|t:|1683852156\n|move|p1a: Murkrow|Tailwind|p1a: Murkrow\n|-sidestart|p1: SM0KESgirl|move: Tailwind\n|move|p1b: Gholdengo|Make It Rain|p2b: Iron Bundle|[spread] p2a,p2b\n|-crit|p2b: Iron Bundle\n|-damage|p2a: Roaring Moon|31\/100\n|-enditem|p2b: Iron Bundle|Focus Sash\n|-damage|p2b: Iron Bundle|1\/100\n|-unboost|p1b: Gholdengo|spa|1\n|move|p2b: Iron Bundle|Icy Wind|p1b: Gholdengo|[spread] p1a,p1b\n|-supereffective|p1a: Murkrow\n|-resisted|p1b: Gholdengo\n|-crit|p1b: Gholdengo\n|-damage|p1a: Murkrow|57\/100\n|-damage|p1b: Gholdengo|85\/100\n|-unboost|p1a: Murkrow|spe|1\n|-unboost|p1b: Gholdengo|spe|1\n|move|p2a: Roaring Moon|Dragon Dance|p2a: Roaring Moon\n|-boost|p2a: Roaring Moon|atk|1\n|-boost|p2a: Roaring Moon|spe|1\n|\n|upkeep\n|turn|2\n|inactive|Of The Senju has 30 seconds left.\n|\n|t:|1683852185\n|-end|p2a: Roaring Moon|Protosynthesis|[silent]\n|switch|p2a: Arcanine|Arcanine, L50, M|100\/100\n|-ability|p2a: Arcanine|Intimidate|boost\n|-unboost|p1a: Murkrow|atk|1\n|-unboost|p1b: Gholdengo|atk|1\n|-end|p2b: Iron Bundle|Quark Drive|[silent]\n|switch|p2b: Ting-Lu|Ting-Lu, L50|100\/100\n|-ability|p2b: Ting-Lu|Vessel of Ruin\n|move|p1a: Murkrow|Haze|p1a: Murkrow\n|-clearallboost\n|move|p1b: Gholdengo|Make It Rain|p2a: Arcanine|[spread] p2a,p2b\n|-resisted|p2a: Arcanine\n|-damage|p2a: Arcanine|70\/100\n|-damage|p2b: Ting-Lu|71\/100\n|-unboost|p1b: Gholdengo|spa|1\n|\n|upkeep\n|turn|3\n|inactive|SM0KESgirl has 30 seconds left.\n|inactive|Of The Senju has 30 seconds left.\n|\n|t:|1683852219\n|-terastallize|p1b: Gholdengo|Water\n|move|p1a: Murkrow|Thunder Wave|p2a: Arcanine\n|-status|p2a: Arcanine|par\n|move|p1b: Gholdengo|Make It Rain|p2b: Ting-Lu|[spread] p2a,p2b\n|-resisted|p2a: Arcanine\n|-damage|p2a: Arcanine|50\/100 par\n|-damage|p2b: Ting-Lu|52\/100\n|-unboost|p1b: Gholdengo|spa|1\n|move|p2a: Arcanine|Flare Blitz|p1a: Murkrow\n|-damage|p1a: Murkrow|1\/100\n|-status|p1a: Murkrow|brn\n|-damage|p2a: Arcanine|34\/100 par|[from] Recoil\n|move|p2b: Ting-Lu|Fissure|p1b: Gholdengo|[miss]\n|-miss|p2b: Ting-Lu|p1b: Gholdengo\n|\n|-damage|p1a: Murkrow|0 fnt|[from] brn\n|faint|p1a: Murkrow\n|upkeep\n|inactive|SM0KESgirl has 30 seconds left.\n|\n|t:|1683852253\n|switch|p1a: Amoonguss|Amoonguss, L50, M|100\/100\n|turn|4\n|\n|t:|1683852268\n|-terastallize|p2b: Ting-Lu|Poison\n|move|p1b: Gholdengo|Make It Rain|p2b: Ting-Lu|[spread] p2a,p2b\n|-resisted|p2a: Arcanine\n|-damage|p2a: Arcanine|18\/100 par\n|-damage|p2b: Ting-Lu|37\/100\n|-unboost|p1b: Gholdengo|spa|1\n|move|p1a: Amoonguss|Spore|p2b: Ting-Lu\n|-status|p2b: Ting-Lu|slp|[from] move: Spore\n|move|p2a: Arcanine|Flare Blitz|p1a: Amoonguss\n|-supereffective|p1a: Amoonguss\n|-damage|p1a: Amoonguss|8\/100\n|-enditem|p1a: Amoonguss|Sitrus Berry|[eat]\n|-heal|p1a: Amoonguss|33\/100|[from] item: Sitrus Berry\n|-damage|p2a: Arcanine|0 fnt|[from] Recoil\n|faint|p2a: Arcanine\n|cant|p2b: Ting-Lu|slp\n|\n|-sideend|p1: SM0KESgirl|move: Tailwind\n|upkeep\n|inactive|Of The Senju has 30 seconds left.\n|\n|t:|1683852294\n|switch|p2a: Roaring Moon|Roaring Moon, L50|31\/100\n|turn|5\n|\n|t:|1683852315\n|move|p2a: Roaring Moon|Acrobatics|p1a: Amoonguss\n|-supereffective|p1a: Amoonguss\n|-damage|p1a: Amoonguss|0 fnt\n|faint|p1a: Amoonguss\n|move|p1b: Gholdengo|Make It Rain|p2b: Ting-Lu|[spread] p2a,p2b\n|-damage|p2a: Roaring Moon|10\/100\n|-damage|p2b: Ting-Lu|27\/100 slp\n|-unboost|p1b: Gholdengo|spa|1\n|-curestatus|p2b: Ting-Lu|slp|[msg]\n|move|p2b: Ting-Lu|Stomping Tantrum|p1b: Gholdengo\n|-damage|p1b: Gholdengo|8\/100\n|\n|upkeep\n|\n|t:|1683852328\n|switch|p1a: Baxcalibur|Baxcalibur, L50, M|100\/100\n|turn|6\n|\n|t:|1683852349\n|move|p2a: Roaring Moon|Protect|p2a: Roaring Moon\n|-singleturn|p2a: Roaring Moon|Protect\n|move|p1a: Baxcalibur|Ice Shard|p2a: Roaring Moon\n|-activate|p2a: Roaring Moon|move: Protect\n|move|p1b: Gholdengo|Make It Rain|p2a: Roaring Moon|[spread] p2b\n|-activate|p2a: Roaring Moon|move: Protect\n|-damage|p2b: Ting-Lu|18\/100\n|-unboost|p1b: Gholdengo|spa|1\n|move|p2b: Ting-Lu|Ruination|p1a: Baxcalibur\n|-damage|p1a: Baxcalibur|50\/100\n|\n|upkeep\n|turn|7\n|inactive|SM0KESgirl has 30 seconds left.\n|inactive|Of The Senju has 30 seconds left.\n|\n|t:|1683852378\n|move|p2a: Roaring Moon|Protect|p2a: Roaring Moon\n|-singleturn|p2a: Roaring Moon|Protect\n|move|p1a: Baxcalibur|Ice Shard|p2a: Roaring Moon\n|-activate|p2a: Roaring Moon|move: Protect\n|move|p1b: Gholdengo|Make It Rain|p2a: Roaring Moon|[spread] p2b\n|-activate|p2a: Roaring Moon|move: Protect\n|-damage|p2b: Ting-Lu|10\/100\n|-unboost|p1b: Gholdengo|spa|1\n|move|p2b: Ting-Lu|Stomping Tantrum|p1b: Gholdengo\n|-damage|p1b: Gholdengo|0 fnt\n|faint|p1b: Gholdengo\n|\n|upkeep\n|turn|8\n|\n|t:|1683852401\n|move|p2a: Roaring Moon|Acrobatics|p1a: Baxcalibur\n|-damage|p1a: Baxcalibur|13\/100\n|move|p1a: Baxcalibur|Earthquake|p2a: Roaring Moon|[spread] p2a,p2b\n|-supereffective|p2b: Ting-Lu\n|-damage|p2a: Roaring Moon|0 fnt\n|-damage|p2b: Ting-Lu|0 fnt\n|faint|p2a: Roaring Moon\n|-end|p2a: Roaring Moon|Protosynthesis|[silent]\n|faint|p2b: Ting-Lu\n|\n|upkeep\n|\n|t:|1683852410\n|switch|p2b: Iron Bundle|Iron Bundle, L50|1\/100\n|turn|9\n|c|\u2606Of The Senju|well fuck\n|c|\u2606Of The Senju|gg\n|c|\u2606Of The Senju|lol\n|\n|t:|1683852428\n|move|p1a: Baxcalibur|Ice Shard|p2b: Iron Bundle\n|-resisted|p2b: Iron Bundle\n|-damage|p2b: Iron Bundle|0 fnt\n|faint|p2b: Iron Bundle\n|-end|p2b: Iron Bundle|Quark Drive|[silent]\n|\n|win|SM0KESgirl\n|raw|SM0KESgirl's rating: 1246 → 1273<\/strong> (+27 for winning)\n|raw|Of The Senju's rating: 1271 → 1244<\/strong> (-27 for losing)\n|l|\u2606Of The Senju\n","uploadtime":1683852436,"views":8,"p1id":"sm0kesgirl","p2id":"ofthesenju","formatid":"gen9vgc2023regulationc","rating":1244,"private":0,"password":""}