{"id":"gen9vgc2023regulationc-1851678960","p1":"Kiryae","p2":"Doomtheboomkin","format":"[Gen 9] VGC 2023 Regulation C","log":"|j|\u2606Kiryae\n|j|\u2606Doomtheboomkin\n|t:|1682468983\n|gametype|doubles\n|player|p1|Kiryae|1|\n|player|p2|Doomtheboomkin|shadowtriad|\n|teamsize|p1|6\n|teamsize|p2|6\n|gen|9\n|tier|[Gen 9] VGC 2023 Regulation C\n|rule|Species Clause: Limit one of each Pok\u00e9mon\n|rule|Item Clause: Limit one of each item\n|clearpoke\n|poke|p1|Iron Bundle, L50|\n|poke|p1|Corviknight, L50, F|\n|poke|p1|Amoonguss, L50, M|\n|poke|p1|Flutter Mane, L50|\n|poke|p1|Gyarados, L50, F|\n|poke|p1|Chi-Yu, L50|\n|poke|p2|Baxcalibur, L50, F|\n|poke|p2|Chien-Pao, L50|\n|poke|p2|Dragonite, L50, F|\n|poke|p2|Palafin, L50, F|\n|poke|p2|Pelipper, L50, M|\n|poke|p2|Amoonguss, L50, M|\n|teampreview|4\n|inactive|Battle timer is ON: inactive players will automatically lose when time's up. (requested by Kiryae)\n|inactive|Doomtheboomkin also wants the timer to be on.\nDoomtheboomkin has agreed to open team sheets.\n|inactive|Doomtheboomkin no longer wants the timer on, but the timer is staying on because kiryae still does.\n|inactiveoff|Battle timer is now OFF.\n|\n|t:|1682469050\n|start\n|switch|p1a: Iron Bundle|Iron Bundle, L50|100\/100\n|switch|p1b: Chi-Yu|Chi-Yu, L50|100\/100\n|switch|p2a: Palafin|Palafin, L50, F|100\/100\n|switch|p2b: Pelipper|Pelipper, L50, M|100\/100\n|-ability|p1b: Chi-Yu|Beads of Ruin\n|-weather|RainDance|[from] ability: Drizzle|[of] p2b: Pelipper\n|-enditem|p1a: Iron Bundle|Booster Energy\n|-activate|p1a: Iron Bundle|ability: Quark Drive|[fromitem]\n|-start|p1a: Iron Bundle|quarkdrivespe\n|turn|1\n|\n|t:|1682469104\n|switch|p1b: Amoonguss|Amoonguss, L50, M|100\/100\n|detailschange|p2a: Palafin|Palafin-Hero, L50, F\n|switch|p2a: Pizz-azz|Chien-Pao, L50|100\/100\n|-ability|p2a: Pizz-azz|Sword of Ruin\n|-terastallize|p2b: Pelipper|Steel\n|move|p1a: Iron Bundle|Freeze-Dry|p2b: Pelipper\n|-resisted|p2b: Pelipper\n|-damage|p2b: Pelipper|78\/100\n|move|p2b: Pelipper|Hurricane|p1a: Iron Bundle\n|-damage|p1a: Iron Bundle|30\/100\n|-start|p1a: Iron Bundle|confusion\n|\n|-weather|RainDance|[upkeep]\n|upkeep\n|turn|2\n|\n|t:|1682469133\n|-end|p1a: Iron Bundle|Quark Drive|[silent]\n|switch|p1a: Gyarados|Gyarados, L50, F|100\/100\n|-ability|p1a: Gyarados|Intimidate|boost\n|-unboost|p2a: Pizz-azz|atk|1\n|-unboost|p2b: Pelipper|atk|1\n|-terastallize|p1b: Amoonguss|Water\n|move|p2a: Pizz-azz|Ice Spinner|p1a: Gyarados\n|-damage|p1a: Gyarados|67\/100\n|move|p2b: Pelipper|Hurricane|p1b: Amoonguss\n|-damage|p1b: Amoonguss|64\/100\n|-start|p1b: Amoonguss|confusion\n|-activate|p1b: Amoonguss|confusion\n|move|p1b: Amoonguss|Spore|p2a: Pizz-azz\n|-status|p2a: Pizz-azz|slp|[from] move: Spore\n|\n|-weather|RainDance|[upkeep]\n|upkeep\n|turn|3\n|\n|t:|1682469160\n|switch|p2a: Amoonguss|Amoonguss, L50, M|100\/100\n|move|p2b: Pelipper|Hurricane|p1a: Gyarados\n|-damage|p1a: Gyarados|39\/100\n|-start|p1a: Gyarados|confusion\n|-enditem|p1a: Gyarados|Lum Berry|[eat]\n|-end|p1a: Gyarados|confusion\n|move|p1a: Gyarados|Waterfall|p2b: Pelipper\n|-damage|p2b: Pelipper|20\/100\n|-activate|p1b: Amoonguss|confusion\n|move|p1b: Amoonguss|Pollen Puff|p1a: Gyarados\n|-heal|p1a: Gyarados|89\/100\n|\n|-weather|RainDance|[upkeep]\n|upkeep\n|turn|4\n|\n|t:|1682469185\n|move|p2a: Amoonguss|Rage Powder|p2a: Amoonguss\n|-singleturn|p2a: Amoonguss|move: Rage Powder\n|move|p1a: Gyarados|Taunt|p2a: Amoonguss\n|-start|p2a: Amoonguss|move: Taunt\n|move|p2b: Pelipper|Tailwind|p2b: Pelipper\n|-sidestart|p2: Doomtheboomkin|move: Tailwind\n|-activate|p1b: Amoonguss|confusion\n|move|p1b: Amoonguss|Pollen Puff|p2a: Amoonguss\n|-damage|p2a: Amoonguss|85\/100\n|\n|-weather|RainDance|[upkeep]\n|upkeep\n|turn|5\n|\n|t:|1682469203\n|switch|p2b: Pizz-azz|Chien-Pao, L50|100\/100 slp\n|-ability|p2b: Pizz-azz|Sword of Ruin\n|move|p1a: Gyarados|Waterfall|p2b: Pizz-azz\n|-damage|p2b: Pizz-azz|36\/100 slp\n|move|p2a: Amoonguss|Pollen Puff|p2b: Pizz-azz\n|-heal|p2b: Pizz-azz|86\/100 slp\n|-end|p1b: Amoonguss|confusion\n|move|p1b: Amoonguss|Spore|p2b: Pizz-azz\n|-fail|p2b: Pizz-azz|slp\n|\n|-weather|RainDance|[upkeep]\n|upkeep\n|turn|6\n|\n|t:|1682469222\n|cant|p2b: Pizz-azz|slp\n|move|p1a: Gyarados|Waterfall|p2b: Pizz-azz\n|-crit|p2b: Pizz-azz\n|-damage|p2b: Pizz-azz|0 fnt\n|faint|p2b: Pizz-azz\n|move|p2a: Amoonguss|Pollen Puff|p2: Pizz-azz|[notarget]\n|-fail|p2a: Amoonguss\n|move|p1b: Amoonguss|Pollen Puff|p2a: Amoonguss\n|-damage|p2a: Amoonguss|69\/100\n|\n|-weather|RainDance|[upkeep]\n|upkeep\n|\n|t:|1682469229\n|switch|p2b: Palafin|Palafin-Hero, L50, F|100\/100\n|-activate|p2b: Palafin|ability: Zero to Hero\n|turn|7\n|\n|t:|1682469258\n|move|p2b: Palafin|Substitute|p2b: Palafin\n|-start|p2b: Palafin|Substitute\n|-damage|p2b: Palafin|75\/100\n|move|p1a: Gyarados|Waterfall|p2b: Palafin\n|-resisted|p2b: Palafin\n|-crit|p2b: Palafin\n|-end|p2b: Palafin|Substitute\n|move|p2a: Amoonguss|Pollen Puff|p2b: Palafin\n|-heal|p2b: Palafin|100\/100\n|move|p1b: Amoonguss|Spore|p2b: Palafin\n|-status|p2b: Palafin|slp|[from] move: Spore\n|\n|-weather|RainDance|[upkeep]\n|-end|p2a: Amoonguss|move: Taunt\n|-sideend|p2: Doomtheboomkin|move: Tailwind\n|upkeep\n|turn|8\n|\n|t:|1682469300\n|switch|p2b: Pelipper|Pelipper, L50, M, tera:Steel|20\/100\n|move|p1a: Gyarados|Taunt|p2a: Amoonguss\n|-start|p2a: Amoonguss|move: Taunt\n|move|p1b: Amoonguss|Pollen Puff|p2a: Amoonguss\n|-damage|p2a: Amoonguss|52\/100\n|move|p2a: Amoonguss|Pollen Puff|p2b: Pelipper\n|-heal|p2b: Pelipper|69\/100\n|\n|-weather|none\n|upkeep\n|turn|9\n|\n|t:|1682469334\n|switch|p2a: Palafin|Palafin-Hero, L50, F|100\/100 slp\n|move|p1a: Gyarados|Waterfall|p2b: Pelipper\n|-damage|p2b: Pelipper|30\/100\n|move|p2b: Pelipper|Hurricane|p1b: Amoonguss|[miss]\n|-miss|p2b: Pelipper|p1b: Amoonguss\n|move|p1b: Amoonguss|Spore|p2a: Palafin\n|-fail|p2a: Palafin|slp\n|\n|upkeep\n|turn|10\n|\n|t:|1682469348\n|switch|p2b: Amoonguss|Amoonguss, L50, M|85\/100\n|cant|p2a: Palafin|slp\n|move|p1a: Gyarados|Waterfall|p2b: Amoonguss\n|-resisted|p2b: Amoonguss\n|-damage|p2b: Amoonguss|71\/100\n|move|p1b: Amoonguss|Pollen Puff|p2a: Palafin\n|-damage|p2a: Palafin|84\/100 slp\n|\n|upkeep\n|turn|11\n|\n|t:|1682469372\n|-curestatus|p2a: Palafin|slp|[msg]\n|move|p2a: Palafin|Substitute|p2a: Palafin\n|-start|p2a: Palafin|Substitute\n|-damage|p2a: Palafin|59\/100\n|move|p1a: Gyarados|Taunt|p2b: Amoonguss\n|-start|p2b: Amoonguss|move: Taunt\n|move|p1b: Amoonguss|Spore||[still]\n|-fail|p1b: Amoonguss\n|move|p2b: Amoonguss|Pollen Puff|p2a: Palafin\n|-heal|p2a: Palafin|100\/100\n|\n|upkeep\n|turn|12\n|\n|t:|1682469399\n|switch|p2b: Pelipper|Pelipper, L50, M, tera:Steel|30\/100\n|-weather|RainDance|[from] ability: Drizzle|[of] p2b: Pelipper\n|move|p2a: Palafin|Wave Crash|p1a: Gyarados\n|-resisted|p1a: Gyarados\n|-damage|p1a: Gyarados|23\/100\n|-damage|p2a: Palafin|79\/100|[from] Recoil\n|move|p1a: Gyarados|Waterfall|p2a: Palafin\n|-resisted|p2a: Palafin\n|-crit|p2a: Palafin\n|-end|p2a: Palafin|Substitute\n|move|p1b: Amoonguss|Pollen Puff|p2a: Palafin\n|-damage|p2a: Palafin|61\/100\n|\n|-weather|RainDance|[upkeep]\n|upkeep\n|turn|13\n|\n|t:|1682469445\n|switch|p2b: Amoonguss|Amoonguss, L50, M|100\/100\n|move|p2a: Palafin|Protect|p2a: Palafin\n|-singleturn|p2a: Palafin|Protect\n|move|p1b: Amoonguss|Rage Powder|p1b: Amoonguss\n|-singleturn|p1b: Amoonguss|move: Rage Powder\n|move|p1a: Gyarados|Waterfall|p2a: Palafin\n|-activate|p2a: Palafin|move: Protect\n|\n|-weather|RainDance|[upkeep]\n|upkeep\n|turn|14\n|\n|t:|1682469465\n|move|p2b: Amoonguss|Rage Powder|p2b: Amoonguss\n|-singleturn|p2b: Amoonguss|move: Rage Powder\n|move|p2a: Palafin|Wave Crash|p1b: Amoonguss\n|-resisted|p1b: Amoonguss\n|-crit|p1b: Amoonguss\n|-damage|p1b: Amoonguss|0 fnt\n|faint|p1b: Amoonguss\n|-damage|p2a: Palafin|38\/100|[from] Recoil\n|move|p1a: Gyarados|Waterfall|p2b: Amoonguss\n|-resisted|p2b: Amoonguss\n|-damage|p2b: Amoonguss|81\/100\n|\n|-weather|RainDance|[upkeep]\n|upkeep\n|\n|t:|1682469475\n|switch|p1b: Iron Bundle|Iron Bundle, L50|30\/100\n|turn|15\n|\n|t:|1682469486\n|move|p2b: Amoonguss|Rage Powder|p2b: Amoonguss\n|-singleturn|p2b: Amoonguss|move: Rage Powder\n|move|p2a: Palafin|Jet Punch|p1b: Iron Bundle\n|-resisted|p1b: Iron Bundle\n|-damage|p1b: Iron Bundle|0 fnt\n|faint|p1b: Iron Bundle\n|-end|p1b: Iron Bundle|Quark Drive|[silent]\n|move|p1a: Gyarados|Waterfall|p2b: Amoonguss\n|-resisted|p2b: Amoonguss\n|-damage|p2b: Amoonguss|60\/100\n|\n|-weather|RainDance|[upkeep]\n|upkeep\n|\n|t:|1682469498\n|switch|p1b: Chi-Yu|Chi-Yu, L50|100\/100\n|-ability|p1b: Chi-Yu|Beads of Ruin\n|turn|16\n|\n|t:|1682469503\n|move|p2b: Amoonguss|Rage Powder|p2b: Amoonguss\n|-singleturn|p2b: Amoonguss|move: Rage Powder\n|move|p2a: Palafin|Jet Punch|p1b: Chi-Yu\n|-supereffective|p1b: Chi-Yu\n|-damage|p1b: Chi-Yu|0 fnt\n|faint|p1b: Chi-Yu\n|move|p1a: Gyarados|Waterfall|p2b: Amoonguss\n|-resisted|p2b: Amoonguss\n|-damage|p2b: Amoonguss|39\/100\n|-enditem|p2b: Amoonguss|Sitrus Berry|[eat]\n|-heal|p2b: Amoonguss|64\/100|[from] item: Sitrus Berry\n|\n|-weather|RainDance|[upkeep]\n|upkeep\n|turn|17\n|\n|t:|1682469524\n|move|p2b: Amoonguss|Rage Powder|p2b: Amoonguss\n|-singleturn|p2b: Amoonguss|move: Rage Powder\n|move|p2a: Palafin|Jet Punch|p1a: Gyarados\n|-resisted|p1a: Gyarados\n|-damage|p1a: Gyarados|0 fnt\n|faint|p1a: Gyarados\n|\n|win|Doomtheboomkin\n|l|\u2606Kiryae\n","uploadtime":1682471183,"views":9,"p1id":"kiryae","p2id":"doomtheboomkin","formatid":"gen9vgc2023regulationc","rating":0,"private":0,"password":""}