{"id":"gen9vgc2023regulationc-1845768886","p1":"Dov'e Yara?","p2":"SoutherlySoup","format":"[Gen 9] VGC 2023 Regulation C","log":"|j|\u2606Dov'e Yara?\n|j|\u2606SoutherlySoup\n|t:|1681762797\n|gametype|doubles\n|player|p1|Dov'e Yara?|clair|1206\n|player|p2|SoutherlySoup|dawn|1118\n|teamsize|p1|6\n|teamsize|p2|6\n|gen|9\n|tier|[Gen 9] VGC 2023 Regulation C\n|rated|\n|rule|Species Clause: Limit one of each Pok\u00e9mon\n|rule|Item Clause: Limit one of each item\n|clearpoke\n|poke|p1|Dondozo, L50, M|\n|poke|p1|Tatsugiri, L50, F|\n|poke|p1|Glimmora, L50, M|\n|poke|p1|Flutter Mane, L50|\n|poke|p1|Talonflame, L50, M|\n|poke|p1|Kingambit, L50, M|\n|poke|p2|Tatsugiri, L50, F|\n|poke|p2|Dondozo, L50, M|\n|poke|p2|Brute Bonnet, L50|\n|poke|p2|Armarouge, L50, F|\n|poke|p2|Indeedee-F, L50, F|\n|poke|p2|Chien-Pao, L50|\n|teampreview|4\n|\n|t:|1681762811\n|start\n|switch|p1a: Talonflame|Talonflame, L50, M|100\/100\n|switch|p1b: Glimmora|Glimmora, L50, M|100\/100\n|switch|p2a: Brute Bonnet|Brute Bonnet, L50|100\/100\n|switch|p2b: Chien-Pao|Chien-Pao, L50|100\/100\n|-ability|p2b: Chien-Pao|Sword of Ruin\n|-enditem|p2a: Brute Bonnet|Booster Energy\n|-activate|p2a: Brute Bonnet|ability: Protosynthesis|[fromitem]\n|-start|p2a: Brute Bonnet|protosynthesisatk\n|turn|1\n|inactive|Battle timer is ON: inactive players will automatically lose when time's up. (requested by SoutherlySoup)\n|\n|t:|1681762838\n|move|p1a: Talonflame|Tailwind|p1a: Talonflame\n|-sidestart|p1: Dov'e Yara?|move: Tailwind\n|move|p2a: Brute Bonnet|Sucker Punch||[still]\n|-fail|p2a: Brute Bonnet\n|move|p1b: Glimmora|Sludge Bomb|p2a: Brute Bonnet\n|-supereffective|p2a: Brute Bonnet\n|-damage|p2a: Brute Bonnet|17\/100\n|move|p2b: Chien-Pao|Sacred Sword|p1b: Glimmora\n|-damage|p1b: Glimmora|43\/100\n|-activate|p1b: Glimmora|ability: Toxic Debris\n|-sidestart|p2: SoutherlySoup|move: Toxic Spikes\n|\n|upkeep\n|turn|2\n|\n|t:|1681762855\n|move|p1a: Talonflame|Quick Guard|p1a: Talonflame\n|-singleturn|p1a: Talonflame|Quick Guard\n|move|p2a: Brute Bonnet|Sucker Punch||[still]\n|-fail|p2a: Brute Bonnet\n|move|p1b: Glimmora|Power Gem|p2b: Chien-Pao\n|-supereffective|p2b: Chien-Pao\n|-damage|p2b: Chien-Pao|15\/100\n|move|p2b: Chien-Pao|Sacred Sword|p1b: Glimmora\n|-damage|p1b: Glimmora|0 fnt\n|-activate|p1b: Glimmora|ability: Toxic Debris\n|-sidestart|p2: SoutherlySoup|move: Toxic Spikes\n|faint|p1b: Glimmora\n|\n|upkeep\n|\n|t:|1681762868\n|switch|p1b: Dondozo|Dondozo, L50, M|100\/100\n|turn|3\n|\n|t:|1681762877\n|move|p1b: Dondozo|Protect|p1b: Dondozo\n|-singleturn|p1b: Dondozo|Protect\n|move|p1a: Talonflame|Brave Bird|p2b: Chien-Pao\n|-damage|p2b: Chien-Pao|0 fnt\n|faint|p2b: Chien-Pao\n|-damage|p1a: Talonflame|97\/100|[from] Recoil\n|move|p2a: Brute Bonnet|Seed Bomb|p1b: Dondozo\n|-activate|p1b: Dondozo|move: Protect\n|\n|upkeep\n|\n|t:|1681762885\n|switch|p2b: Dondozo|Dondozo, L50, M|100\/100\n|-status|p2b: Dondozo|tox\n|turn|4\n|\n|t:|1681762909\n|switch|p1a: Tatsugiri|Tatsugiri, L50, F|100\/100\n|-activate|p1a: Tatsugiri|ability: Commander|[of] p1b: Dondozo\n|-boost|p1b: Dondozo|atk|2\n|-boost|p1b: Dondozo|spa|2\n|-boost|p1b: Dondozo|spe|2\n|-boost|p1b: Dondozo|def|2\n|-boost|p1b: Dondozo|spd|2\n|-end|p2a: Brute Bonnet|Protosynthesis|[silent]\n|switch|p2a: Tatsugiri|Tatsugiri, L50, F|100\/100\n|-activate|p2a: Tatsugiri|ability: Commander|[of] p2b: Dondozo\n|-boost|p2b: Dondozo|atk|2\n|-boost|p2b: Dondozo|spa|2\n|-boost|p2b: Dondozo|spe|2\n|-boost|p2b: Dondozo|def|2\n|-boost|p2b: Dondozo|spd|2\n|-terastallize|p1b: Dondozo|Electric\n|-terastallize|p2b: Dondozo|Electric\n|move|p1b: Dondozo|Tera Blast|p2b: Dondozo\n|-resisted|p2b: Dondozo\n|-damage|p2b: Dondozo|94\/100 tox\n|move|p2b: Dondozo|Tera Blast|p1b: Dondozo\n|-resisted|p1b: Dondozo\n|-damage|p1b: Dondozo|74\/100\n|\n|-heal|p2b: Dondozo|99\/100 tox|[from] item: Leftovers\n|-damage|p2b: Dondozo|94\/100 tox|[from] psn\n|-sideend|p1: Dov'e Yara?|move: Tailwind\n|upkeep\n|turn|5\n|c|\u2606Dov'e Yara?|HAHAHAHHAHAHA\n|inactive|Dov'e Yara? has 30 seconds left.\n|inactive|SoutherlySoup has 30 seconds left.\n|c|\u2606SoutherlySoup|Lmaoooo\n|inactive|SoutherlySoup has 20 seconds left.\n|\n|t:|1681762946\n|move|p1b: Dondozo|Protect|p1b: Dondozo\n|-singleturn|p1b: Dondozo|Protect\n|move|p2b: Dondozo|Order Up|p1b: Dondozo\n|-activate|p1b: Dondozo|move: Protect\n|\n|-heal|p2b: Dondozo|99\/100 tox|[from] item: Leftovers\n|-damage|p2b: Dondozo|88\/100 tox|[from] psn\n|upkeep\n|turn|6\n|\n|t:|1681762954\n|move|p1b: Dondozo|Order Up|p2b: Dondozo\n|-crit|p2b: Dondozo\n|-damage|p2b: Dondozo|63\/100 tox\n|-boost|p1b: Dondozo|atk|1\n|move|p2b: Dondozo|Order Up|p1b: Dondozo\n|-damage|p1b: Dondozo|39\/100\n|-boost|p2b: Dondozo|atk|1\n|\n|-heal|p2b: Dondozo|69\/100 tox|[from] item: Leftovers\n|-damage|p2b: Dondozo|50\/100 tox|[from] psn\n|upkeep\n|turn|7\n|\n|t:|1681762963\n|move|p1b: Dondozo|Protect|p1b: Dondozo\n|-singleturn|p1b: Dondozo|Protect\n|move|p2b: Dondozo|Wave Crash|p1b: Dondozo\n|-activate|p1b: Dondozo|move: Protect\n|\n|-heal|p2b: Dondozo|57\/100 tox|[from] item: Leftovers\n|-damage|p2b: Dondozo|32\/100 tox|[from] psn\n|upkeep\n|turn|8\n|\n|t:|1681762975\n|move|p1b: Dondozo|Wave Crash|p2b: Dondozo\n|-damage|p2b: Dondozo|11\/100 tox\n|-damage|p1b: Dondozo|32\/100|[from] Recoil\n|move|p2b: Dondozo|Wave Crash|p1b: Dondozo\n|-damage|p1b: Dondozo|0 fnt\n|faint|p1b: Dondozo\n|-damage|p2b: Dondozo|0 fnt|[from] Recoil\n|faint|p2b: Dondozo\n|\n|upkeep\n|\n|t:|1681762982\n|switch|p1b: Talonflame|Talonflame, L50, M|97\/100\n|switch|p2b: Brute Bonnet|Brute Bonnet, L50|17\/100\n|-status|p2b: Brute Bonnet|tox\n|turn|9\n|\n|t:|1681762998\n|move|p2b: Brute Bonnet|Sucker Punch|p1b: Talonflame\n|-damage|p1b: Talonflame|45\/100\n|move|p1a: Tatsugiri|Icy Wind|p2b: Brute Bonnet|[spread] p2a,p2b\n|-supereffective|p2b: Brute Bonnet\n|-damage|p2a: Tatsugiri|84\/100\n|-damage|p2b: Brute Bonnet|0 fnt\n|-unboost|p2a: Tatsugiri|spe|1\n|faint|p2b: Brute Bonnet\n|-end|p2b: Brute Bonnet|Protosynthesis|[silent]\n|move|p1b: Talonflame|Brave Bird|p2a: Tatsugiri\n|-damage|p2a: Tatsugiri|23\/100\n|-damage|p1b: Talonflame|29\/100|[from] Recoil\n|move|p2a: Tatsugiri|Draco Meteor|p1a: Tatsugiri|[miss]\n|-miss|p2a: Tatsugiri|p1a: Tatsugiri\n|\n|upkeep\n|turn|10\n|c|\u2606Dov'e Yara?|Gg\n|\n|t:|1681763014\n|move|p2a: Tatsugiri|Protect|p2a: Tatsugiri\n|-singleturn|p2a: Tatsugiri|Protect\n|move|p1a: Tatsugiri|Icy Wind|p2a: Tatsugiri\n|-activate|p2a: Tatsugiri|move: Protect\n|move|p1b: Talonflame|Brave Bird|p2a: Tatsugiri\n|-activate|p2a: Tatsugiri|move: Protect\n|\n|upkeep\n|turn|11\n|\n|t:|1681763020\n|move|p1a: Tatsugiri|Icy Wind|p2a: Tatsugiri\n|-damage|p2a: Tatsugiri|0 fnt\n|faint|p2a: Tatsugiri\n|\n|win|Dov'e Yara?\n|raw|Dov'e Yara?'s rating: 1206 → 1225<\/strong> (+19 for winning)\n|raw|SoutherlySoup's rating: 1118 → 1099<\/strong> (-19 for losing)\n|c|\u2606SoutherlySoup|gg\n|l|\u2606Dov'e Yara?\n","uploadtime":1681763031,"views":7,"p1id":"doveyara","p2id":"southerlysoup","formatid":"gen9vgc2023regulationc","rating":1099,"private":0,"password":""}