{"id":"gen9vgc2023regulationc-1846373876","p1":"RalfRabisco","p2":"Tairasan","format":"[Gen 9] VGC 2023 Regulation C","log":"|j|\u2606RalfRabisco\n|j|\u2606Tairasan\n|t:|1681835716\n|gametype|doubles\n|player|p1|RalfRabisco|morty|1187\n|player|p2|Tairasan|roxie|1163\n|teamsize|p1|6\n|teamsize|p2|6\n|gen|9\n|tier|[Gen 9] VGC 2023 Regulation C\n|rated|\n|rule|Species Clause: Limit one of each Pok\u00e9mon\n|rule|Item Clause: Limit one of each item\n|clearpoke\n|poke|p1|Annihilape, L50, M|\n|poke|p1|Maushold, L50|\n|poke|p1|Ceruledge, L50, M|\n|poke|p1|Amoonguss, L50, M|\n|poke|p1|Dragapult, L50, F|\n|poke|p1|Chien-Pao, L50|\n|poke|p2|Talonflame, L50, M|\n|poke|p2|Iron Bundle, L50|\n|poke|p2|Iron Hands, L50|\n|poke|p2|Gholdengo, L50|\n|poke|p2|Garchomp, L50, M|\n|poke|p2|Chien-Pao, L50|\n|teampreview|4\nTairasan has agreed to open team sheets.\n|inactive|Battle timer is ON: inactive players will automatically lose when time's up. (requested by Tairasan)\n|inactive|Tairasan has 60 seconds left.\n|inactive|Tairasan has 30 seconds left.\n|\n|t:|1681835793\n|start\n|switch|p1a: Annihilape|Annihilape, L50, M|100\/100\n|switch|p1b: Maushold|Maushold, L50|100\/100\n|switch|p2a: Fawkes|Talonflame, L50, M|100\/100\n|switch|p2b: Hagrid|Iron Hands, L50|100\/100\n|turn|1\n|\n|t:|1681835816\n|-terastallize|p1a: Annihilape|Fire\n|move|p1b: Maushold|Protect|p1b: Maushold\n|-singleturn|p1b: Maushold|Protect\n|move|p2b: Hagrid|Fake Out|p1b: Maushold\n|-activate|p1b: Maushold|move: Protect\n|move|p2a: Fawkes|Brave Bird|p1a: Annihilape\n|-damage|p1a: Annihilape|72\/100\n|-damage|p2a: Fawkes|90\/100|[from] Recoil\n|move|p1a: Annihilape|Bulk Up|p1a: Annihilape\n|-boost|p1a: Annihilape|atk|1\n|-boost|p1a: Annihilape|def|1\n|\n|upkeep\n|turn|2\n|inactive|RalfRabisco has 30 seconds left.\n|inactive|Tairasan has 30 seconds left.\n|inactive|Tairasan has 20 seconds left.\n|\n|t:|1681835856\n|move|p1b: Maushold|Encore|p2b: Hagrid\n|-start|p2b: Hagrid|Encore\n|move|p2a: Fawkes|Tailwind|p2a: Fawkes\n|-sidestart|p2: Tairasan|move: Tailwind\n|move|p2b: Hagrid|Fake Out||[still]\n|-hint|Fake Out only works on your first turn out.\n|-fail|p2b: Hagrid\n|move|p1a: Annihilape|Bulk Up|p1a: Annihilape\n|-boost|p1a: Annihilape|atk|1\n|-boost|p1a: Annihilape|def|1\n|\n|upkeep\n|turn|3\n|\n|t:|1681835876\n|-end|p2b: Hagrid|Quark Drive|[silent]\n|switch|p2b: #252|Chien-Pao, L50|100\/100\n|-ability|p2b: #252|Sword of Ruin\n|move|p2a: Fawkes|Brave Bird|p1a: Annihilape\n|-damage|p1a: Annihilape|51\/100\n|-damage|p2a: Fawkes|82\/100|[from] Recoil\n|move|p1b: Maushold|Beat Up|p1a: Annihilape\n|-damage|p1a: Annihilape|49\/100\n|-damage|p1a: Annihilape|48\/100\n|-damage|p1a: Annihilape|46\/100\n|-damage|p1a: Annihilape|44\/100\n|-hitcount|p1a: Annihilape|4\n|move|p1a: Annihilape|Drain Punch|p2b: #252\n|-supereffective|p2b: #252\n|-enditem|p2b: #252|Focus Sash\n|-damage|p2b: #252|1\/100\n|-heal|p1a: Annihilape|80\/100|[from] drain|[of] p2b: #252\n|\n|upkeep\n|turn|4\n|inactive|Tairasan has 30 seconds left.\n|\n|t:|1681835902\n|move|p1b: Maushold|Protect|p1b: Maushold\n|-singleturn|p1b: Maushold|Protect\n|move|p2b: #252|Sucker Punch|p1a: Annihilape\n|-damage|p1a: Annihilape|63\/100\n|move|p2a: Fawkes|Brave Bird|p1a: Annihilape\n|-crit|p1a: Annihilape\n|-damage|p1a: Annihilape|8\/100\n|-damage|p2a: Fawkes|60\/100|[from] Recoil\n|move|p1a: Annihilape|Drain Punch|p2b: #252\n|-supereffective|p2b: #252\n|-damage|p2b: #252|0 fnt\n|-heal|p1a: Annihilape|8\/100|[from] drain|[of] p2b: #252\n|faint|p2b: #252\n|\n|upkeep\n|\n|t:|1681835920\n|switch|p2b: Hagrid|Iron Hands, L50|100\/100\n|turn|5\n|\n|t:|1681835928\n|move|p2b: Hagrid|Fake Out|p1a: Annihilape\n|-damage|p1a: Annihilape|2\/100\n|move|p1b: Maushold|Follow Me|p1b: Maushold\n|-singleturn|p1b: Maushold|move: Follow Me\n|move|p2a: Fawkes|Taunt|p1b: Maushold\n|-start|p1b: Maushold|move: Taunt\n|cant|p1a: Annihilape|flinch\n|\n|-sideend|p2: Tairasan|move: Tailwind\n|upkeep\n|turn|6\n|\n|t:|1681835952\n|switch|p1b: Amoonguss|Amoonguss, L50, M|100\/100\n|move|p2a: Fawkes|Brave Bird|p1a: Annihilape\n|-damage|p1a: Annihilape|0 fnt\n|faint|p1a: Annihilape\n|-damage|p2a: Fawkes|60\/100|[from] Recoil\n|move|p2b: Hagrid|Drain Punch|p1b: Amoonguss\n|-resisted|p1b: Amoonguss\n|-damage|p1b: Amoonguss|79\/100\n|-damage|p2b: Hagrid|84\/100|[from] item: Rocky Helmet|[of] p1b: Amoonguss\n|\n|upkeep\n|\n|t:|1681835967\n|switch|p1a: Ceruledge|Ceruledge, L50, M|100\/100\n|turn|7\n|inactive|Tairasan has 30 seconds left.\n|inactive|Tairasan has 20 seconds left.\n|\n|t:|1681836004\n|move|p2a: Fawkes|Brave Bird|p1b: Amoonguss\n|-supereffective|p1b: Amoonguss\n|-damage|p1b: Amoonguss|14\/100\n|-damage|p2a: Fawkes|44\/100|[from] item: Rocky Helmet|[of] p1b: Amoonguss\n|-damage|p2a: Fawkes|18\/100|[from] Recoil\n|move|p1a: Ceruledge|Bulk Up|p1a: Ceruledge\n|-boost|p1a: Ceruledge|atk|1\n|-boost|p1a: Ceruledge|def|1\n|move|p2b: Hagrid|Drain Punch|p1b: Amoonguss\n|-resisted|p1b: Amoonguss\n|-damage|p1b: Amoonguss|0 fnt\n|-heal|p2b: Hagrid|90\/100|[from] drain|[of] p1b: Amoonguss\n|-damage|p2b: Hagrid|73\/100|[from] item: Rocky Helmet|[of] p1b: Amoonguss\n|faint|p1b: Amoonguss\n|\n|upkeep\n|\n|t:|1681836018\n|switch|p1b: Maushold|Maushold, L50|100\/100\n|turn|8\n|\n|t:|1681836038\n|move|p1b: Maushold|Protect|p1b: Maushold\n|-singleturn|p1b: Maushold|Protect\n|move|p1a: Ceruledge|Shadow Sneak|p2a: Fawkes\n|-damage|p2a: Fawkes|0 fnt\n|faint|p2a: Fawkes\n|move|p2b: Hagrid|Drain Punch|p1b: Maushold\n|-activate|p1b: Maushold|move: Protect\n|\n|upkeep\n|\n|t:|1681836046\n|switch|p2a: Apple Jack|Gholdengo, L50|100\/100\n|turn|9\n|\n|t:|1681836067\n|-terastallize|p2a: Apple Jack|Steel\n|move|p1b: Maushold|Beat Up|p2a: Apple Jack\n|-damage|p2a: Apple Jack|96\/100\n|-damage|p2a: Apple Jack|94\/100\n|-hitcount|p2a: Apple Jack|2\n|move|p1a: Ceruledge|Bitter Blade|p2a: Apple Jack\n|-supereffective|p2a: Apple Jack\n|-damage|p2a: Apple Jack|0 fnt\n|faint|p2a: Apple Jack\n|move|p2b: Hagrid|Drain Punch|p1b: Maushold\n|-supereffective|p1b: Maushold\n|-damage|p1b: Maushold|0 fnt\n|-heal|p2b: Hagrid|100\/100|[from] drain|[of] p1b: Maushold\n|faint|p1b: Maushold\n|\n|upkeep\n|turn|10\n|\n|t:|1681836084\n|move|p1a: Ceruledge|Bulk Up|p1a: Ceruledge\n|-boost|p1a: Ceruledge|atk|1\n|-boost|p1a: Ceruledge|def|1\n|move|p2b: Hagrid|Heavy Slam|p1a: Ceruledge\n|-resisted|p1a: Ceruledge\n|-damage|p1a: Ceruledge|85\/100\n|\n|upkeep\n|turn|11\n|\n|t:|1681836095\n|move|p1a: Ceruledge|Bitter Blade|p2b: Hagrid\n|-damage|p2b: Hagrid|54\/100\n|-heal|p1a: Ceruledge|100\/100|[from] drain|[of] p2b: Hagrid\n|move|p2b: Hagrid|Wild Charge|p1a: Ceruledge\n|-damage|p1a: Ceruledge|68\/100\n|-damage|p2b: Hagrid|50\/100|[from] Recoil\n|\n|upkeep\n|turn|12\n|-message|Tairasan forfeited.\n|\n|win|RalfRabisco\n|raw|RalfRabisco's rating: 1187 → 1210<\/strong> (+23 for winning)\n|raw|Tairasan's rating: 1163 → 1140<\/strong> (-23 for losing)\n","uploadtime":1681836117,"views":18,"p1id":"ralfrabisco","p2id":"tairasan","formatid":"gen9vgc2023regulationc","rating":1140,"private":0,"password":""}