{"id":"gen9vgc2023regulationc-1855810837","p1":"Flex Buffchest","p2":"Kirizoamaro","format":"[Gen 9] VGC 2023 Regulation C","log":"|j|\u2606Flex Buffchest\n|j|\u2606Kirizoamaro\n|t:|1682986900\n|gametype|doubles\n|player|p1|Flex Buffchest|swimmer-gen4|1015\n|player|p2|Kirizoamaro|lance|1040\n|teamsize|p1|6\n|teamsize|p2|6\n|gen|9\n|tier|[Gen 9] VGC 2023 Regulation C\n|rated|\n|rule|Species Clause: Limit one of each Pok\u00e9mon\n|rule|Item Clause: Limit one of each item\n|clearpoke\n|poke|p1|Arcanine, L50, F|\n|poke|p1|Amoonguss, L50, M|\n|poke|p1|Palafin, L50, M|\n|poke|p1|Gholdengo, L50|\n|poke|p1|Ting-Lu, L50|\n|poke|p1|Iron Hands, L50|\n|poke|p2|Dondozo, L50, F|\n|poke|p2|Tatsugiri-Stretchy, L50, F|\n|poke|p2|Chi-Yu, L50|\n|poke|p2|Flutter Mane, L50|\n|poke|p2|Dragonite, L50, M|\n|poke|p2|Glimmora, L50, F|\n|teampreview|4\n|\n|t:|1682986957\n|start\n|switch|p1a: Palafin|Palafin, L50, M|100\/100\n|switch|p1b: Amoonguss|Amoonguss, L50, M|100\/100\n|switch|p2a: Glimmora|Glimmora, L50, F|100\/100\n|switch|p2b: Tatsugiri|Tatsugiri-Stretchy, L50, F|100\/100\n|turn|1\n|\n|t:|1682986999\n|detailschange|p1a: Palafin|Palafin-Hero, L50, M\n|switch|p1a: Arcanine|Arcanine, L50, F|100\/100\n|-ability|p1a: Arcanine|Intimidate|boost\n|-unboost|p2a: Glimmora|atk|1\n|-unboost|p2b: Tatsugiri|atk|1\n|move|p2a: Glimmora|Earth Power|p1b: Amoonguss\n|-damage|p1b: Amoonguss|70\/100\n|move|p2b: Tatsugiri|Draco Meteor|p1b: Amoonguss\n|-damage|p1b: Amoonguss|0 fnt\n|-unboost|p2b: Tatsugiri|spa|2\n|faint|p1b: Amoonguss\n|\n|upkeep\n|\n|t:|1682987014\n|switch|p1b: Iron Hands|Iron Hands, L50|100\/100\n|turn|2\n|\n|t:|1682987037\n|switch|p1a: Palafin|Palafin-Hero, L50, M|100\/100\n|-activate|p1a: Palafin|ability: Zero to Hero\n|switch|p2b: Dondozo|Dondozo, L50, F|100\/100\n|move|p2a: Glimmora|Spiky Shield|p2a: Glimmora\n|-singleturn|p2a: Glimmora|move: Protect\n|move|p1b: Iron Hands|Fake Out|p2a: Glimmora\n|-activate|p2a: Glimmora|move: Protect\n|-damage|p1b: Iron Hands|88\/100|[from] Spiky Shield|[of] p2a: Glimmora\n|\n|upkeep\n|turn|3\n|\n|t:|1682987059\n|move|p2a: Glimmora|Toxic|p1b: Iron Hands\n|-status|p1b: Iron Hands|tox\n|move|p1a: Palafin|Haze|p1a: Palafin\n|-clearallboost\n|move|p1b: Iron Hands|Wild Charge|p2b: Dondozo\n|-supereffective|p2b: Dondozo\n|-damage|p2b: Dondozo|40\/100\n|-enditem|p2b: Dondozo|Sitrus Berry|[eat]\n|-heal|p2b: Dondozo|65\/100|[from] item: Sitrus Berry\n|-damage|p1b: Iron Hands|72\/100 tox|[from] Recoil\n|move|p2b: Dondozo|Yawn|p1a: Palafin\n|-start|p1a: Palafin|move: Yawn|[of] p2b: Dondozo\n|\n|-damage|p1b: Iron Hands|66\/100 tox|[from] psn\n|upkeep\n|turn|4\n|\n|t:|1682987087\n|move|p2b: Dondozo|Protect|p2b: Dondozo\n|-singleturn|p2b: Dondozo|Protect\n|move|p2a: Glimmora|Earth Power|p1a: Palafin\n|-damage|p1a: Palafin|69\/100\n|move|p1a: Palafin|Wave Crash|p2a: Glimmora\n|-supereffective|p2a: Glimmora\n|-enditem|p2a: Glimmora|Focus Sash\n|-damage|p2a: Glimmora|1\/100\n|-activate|p2a: Glimmora|ability: Toxic Debris\n|-sidestart|p1: Flex Buffchest|move: Toxic Spikes\n|-damage|p1a: Palafin|44\/100|[from] Recoil\n|move|p1b: Iron Hands|Wild Charge|p2b: Dondozo\n|-activate|p2b: Dondozo|move: Protect\n|\n|-damage|p1b: Iron Hands|53\/100 tox|[from] psn\n|-end|p1a: Palafin|move: Yawn|[silent]\n|-status|p1a: Palafin|slp\n|upkeep\n|turn|5\n|\n|t:|1682987117\n|cant|p1a: Palafin|slp\n|move|p2a: Glimmora|Earth Power|p1b: Iron Hands\n|-supereffective|p1b: Iron Hands\n|-damage|p1b: Iron Hands|22\/100 tox\n|move|p1b: Iron Hands|Wild Charge|p2b: Dondozo\n|-supereffective|p2b: Dondozo\n|-damage|p2b: Dondozo|1\/100\n|-damage|p1b: Iron Hands|5\/100 tox|[from] Recoil\n|move|p2b: Dondozo|Bulldoze|p1b: Iron Hands|[spread] p2a,p1a,p1b\n|-supereffective|p2a: Glimmora\n|-supereffective|p1b: Iron Hands\n|-damage|p2a: Glimmora|0 fnt\n|-damage|p1a: Palafin|34\/100 slp\n|-damage|p1b: Iron Hands|0 fnt\n|-unboost|p1a: Palafin|spe|1\n|-activate|p2a: Glimmora|ability: Toxic Debris\n|-sidestart|p1: Flex Buffchest|move: Toxic Spikes\n|faint|p2a: Glimmora\n|faint|p1b: Iron Hands\n|-end|p1b: Iron Hands|Quark Drive|[silent]\n|\n|upkeep\n|\n|t:|1682987136\n|switch|p2a: Tatsugiri|Tatsugiri-Stretchy, L50, F|100\/100\n|switch|p1b: Arcanine|Arcanine, L50, F|100\/100\n|-status|p1b: Arcanine|tox\n|-ability|p1b: Arcanine|Intimidate|boost\n|-unboost|p2a: Tatsugiri|atk|1\n|-unboost|p2b: Dondozo|atk|1\n|turn|6\n|\n|t:|1682987154\n|move|p2b: Dondozo|Protect|p2b: Dondozo\n|-singleturn|p2b: Dondozo|Protect\n|move|p1b: Arcanine|Extreme Speed|p2b: Dondozo\n|-activate|p2b: Dondozo|move: Protect\n|move|p2a: Tatsugiri|Muddy Water|p1a: Palafin|[spread] p1a,p1b\n|-resisted|p1a: Palafin\n|-supereffective|p1b: Arcanine\n|-damage|p1a: Palafin|9\/100 slp\n|-damage|p1b: Arcanine|0 fnt\n|faint|p1b: Arcanine\n|cant|p1a: Palafin|slp\n|\n|upkeep\n|turn|7\n|-message|Flex Buffchest forfeited.\n|\n|win|Kirizoamaro\n|raw|Flex Buffchest's rating: 1015 → 1004<\/strong> (-11 for losing)\n|raw|Kirizoamaro's rating: 1040 → 1072<\/strong> (+32 for winning)\n|l|\u2606Flex Buffchest\n","uploadtime":1682987169,"views":10,"p1id":"flexbuffchest","p2id":"kirizoamaro","formatid":"gen9vgc2023regulationc","rating":1004,"private":0,"password":""}