{"id":"gen9vgc2023regulationc-1851136929","p1":"tanobaum","p2":"Sharpievgc","format":"[Gen 9] VGC 2023 Regulation C","log":"|j|\u2606tanobaum\n|j|\u2606Sharpievgc\n|t:|1682415325\n|gametype|doubles\n|player|p1|tanobaum|norman|1618\n|player|p2|Sharpievgc|nate|1665\n|teamsize|p1|6\n|teamsize|p2|6\n|gen|9\n|tier|[Gen 9] VGC 2023 Regulation C\n|rated|\n|rule|Species Clause: Limit one of each Pok\u00e9mon\n|rule|Item Clause: Limit one of each item\n|clearpoke\n|poke|p1|Ting-Lu, L50|\n|poke|p1|Hatterene, L50, F|\n|poke|p1|Torkoal, L50, F|\n|poke|p1|Farigiraf, L50, M|\n|poke|p1|Hariyama, L50, F|\n|poke|p1|Amoonguss, L50, F|\n|poke|p2|Armarouge, L50, F|\n|poke|p2|Iron Hands, L50|\n|poke|p2|Indeedee-F, L50, F|\n|poke|p2|Annihilape, L50, F|\n|poke|p2|Torkoal, L50, M|\n|poke|p2|Dragapult, L50, M|\n|teampreview|4\n|inactive|Battle timer is ON: inactive players will automatically lose when time's up. (requested by tanobaum)\nSharpievgc has agreed to open team sheets.\ntanobaum has agreed to open team sheets.\n|inactive|tanobaum has 60 seconds left.\n|\n|t:|1682415371\n|start\n|switch|p1a: Ting-Lu|Ting-Lu, L50|100\/100\n|switch|p1b: Farigiraf|Farigiraf, L50, M|100\/100\n|switch|p2a: Indeedee|Indeedee-F, L50, F|100\/100\n|switch|p2b: Annihilape|Annihilape, L50, F|100\/100\n|-fieldstart|move: Psychic Terrain|[from] ability: Psychic Surge|[of] p2a: Indeedee\n|-ability|p1a: Ting-Lu|Vessel of Ruin\n|turn|1\n|inactive|Sharpievgc has 30 seconds left.\n|inactive|Sharpievgc has 20 seconds left.\n|inactive|Sharpievgc has 15 seconds left.\n|inactive|Sharpievgc has 10 seconds left.\n|\n|t:|1682415417\n|move|p1b: Farigiraf|Protect|p1b: Farigiraf\n|-singleturn|p1b: Farigiraf|Protect\n|move|p2b: Annihilape|Final Gambit|p1b: Farigiraf\n|-activate|p1b: Farigiraf|move: Protect\n|move|p1a: Ting-Lu|Earthquake|p2b: Annihilape|[spread] p2a,p2b\n|-activate|p1b: Farigiraf|move: Protect\n|-damage|p2a: Indeedee|56\/100\n|-damage|p2b: Annihilape|63\/100\n|move|p2a: Indeedee|Trick Room|p2a: Indeedee\n|-fieldstart|move: Trick Room|[of] p2a: Indeedee\n|\n|upkeep\n|turn|2\n|inactive|tanobaum has 30 seconds left.\n|inactive|Sharpievgc has 30 seconds left.\n|inactive|tanobaum has 20 seconds left.\n|inactive|Sharpievgc has 20 seconds left.\n|inactive|tanobaum has 15 seconds left.\n|inactive|Sharpievgc has 15 seconds left.\n|inactive|tanobaum has 10 seconds left.\n|inactive|Sharpievgc has 10 seconds left.\n|inactive|Sharpievgc has 5 seconds left.\n|\n|t:|1682415469\n|switch|p1b: Amoonguss|Amoonguss, L50, F|100\/100\n|move|p1a: Ting-Lu|Stomping Tantrum|p2a: Indeedee\n|-damage|p2a: Indeedee|12\/100\n|move|p2a: Indeedee|Heal Pulse|p2b: Annihilape\n|-heal|p2b: Annihilape|100\/100\n|move|p2b: Annihilape|Final Gambit|p1a: Ting-Lu\n|-damage|p1a: Ting-Lu|6\/100\n|faint|p2b: Annihilape\n|\n|upkeep\n|\n|t:|1682415485\n|switch|p2b: Torkoal|Torkoal, L50, M|100\/100\n|-weather|SunnyDay|[from] ability: Drought|[of] p2b: Torkoal\n|turn|3\n|\n|t:|1682415500\n|-terastallize|p1b: Amoonguss|Water\n|move|p2a: Indeedee|Follow Me|p2a: Indeedee\n|-singleturn|p2a: Indeedee|move: Follow Me\n|move|p1b: Amoonguss|Pollen Puff|p2a: Indeedee\n|-supereffective|p2a: Indeedee\n|-damage|p2a: Indeedee|0 fnt\n|faint|p2a: Indeedee\n|move|p2b: Torkoal|Eruption|p1a: Ting-Lu|[spread] p1a,p1b\n|-resisted|p1b: Amoonguss\n|-damage|p1a: Ting-Lu|0 fnt\n|-damage|p1b: Amoonguss|74\/100\n|faint|p1a: Ting-Lu\n|\n|-weather|SunnyDay|[upkeep]\n|upkeep\n|\n|t:|1682415516\n|switch|p1a: Hatterene|Hatterene, L50, F|100\/100\n|switch|p2a: Iron Hands|Iron Hands, L50|100\/100\n|-enditem|p2a: Iron Hands|Booster Energy\n|-activate|p2a: Iron Hands|ability: Quark Drive|[fromitem]\n|-start|p2a: Iron Hands|quarkdriveatk\n|turn|4\n|\n|t:|1682415535\n|switch|p1a: Farigiraf|Farigiraf, L50, M|100\/100\n|-terastallize|p2a: Iron Hands|Grass\n|move|p2b: Torkoal|Protect|p2b: Torkoal\n|-singleturn|p2b: Torkoal|Protect\n|move|p1b: Amoonguss|Spore|p2b: Torkoal\n|-activate|p2b: Torkoal|move: Protect\n|move|p2a: Iron Hands|Wild Charge|p1b: Amoonguss\n|-supereffective|p1b: Amoonguss\n|-damage|p1b: Amoonguss|0 fnt\n|faint|p1b: Amoonguss\n|-damage|p2a: Iron Hands|85\/100|[from] Recoil\n|\n|-weather|SunnyDay|[upkeep]\n|upkeep\n|\n|t:|1682415547\n|switch|p1b: Hatterene|Hatterene, L50, F|100\/100\n|turn|5\n|\n|t:|1682415552\n|move|p1b: Hatterene|Protect|p1b: Hatterene\n|-singleturn|p1b: Hatterene|Protect\n|move|p2a: Iron Hands|Protect|p2a: Iron Hands\n|-singleturn|p2a: Iron Hands|Protect\n|move|p1a: Farigiraf|Protect|p1a: Farigiraf\n|-singleturn|p1a: Farigiraf|Protect\n|move|p2b: Torkoal|Eruption|p1b: Hatterene|[spread] \n|-activate|p1a: Farigiraf|move: Protect\n|-activate|p1b: Hatterene|move: Protect\n|\n|-weather|SunnyDay|[upkeep]\n|-fieldend|move: Trick Room\n|-fieldend|move: Psychic Terrain\n|upkeep\n|turn|6\n|j| Rabbihorn\n|inactive|tanobaum has 30 seconds left.\n|inactive|tanobaum has 20 seconds left.\n|\n|t:|1682415588\n|move|p1a: Farigiraf|Psychic|p2b: Torkoal\n|-damage|p2b: Torkoal|56\/100\n|-unboost|p2b: Torkoal|spd|1\n|move|p2a: Iron Hands|Stomping Tantrum|p1b: Hatterene\n|-damage|p1b: Hatterene|57\/100\n|move|p1b: Hatterene|Psychic|p2a: Iron Hands\n|-damage|p2a: Iron Hands|23\/100\n|-unboost|p2a: Iron Hands|spd|1\n|-damage|p1b: Hatterene|47\/100|[from] item: Life Orb\n|move|p2b: Torkoal|Heat Wave|p1a: Farigiraf|[spread] p1a,p1b\n|-damage|p1a: Farigiraf|50\/100\n|-damage|p1b: Hatterene|0 fnt\n|faint|p1b: Hatterene\n|\n|-weather|SunnyDay|[upkeep]\n|upkeep\n|turn|7\n|inactive|tanobaum has 30 seconds left.\n|inactive|Sharpievgc has 30 seconds left.\n|\n|t:|1682415616\n|move|p1a: Farigiraf|Dazzling Gleam|p2a: Iron Hands|[spread] p2a,p2b\n|-resisted|p2b: Torkoal\n|-damage|p2a: Iron Hands|2\/100\n|-damage|p2b: Torkoal|41\/100\n|move|p2a: Iron Hands|Wild Charge|p1a: Farigiraf\n|-damage|p1a: Farigiraf|0 fnt\n|faint|p1a: Farigiraf\n|-damage|p2a: Iron Hands|0 fnt|[from] Recoil\n|faint|p2a: Iron Hands\n|-end|p2a: Iron Hands|Quark Drive|[silent]\n|\n|win|Sharpievgc\n|raw|tanobaum's rating: 1618 → 1601<\/strong> (-17 for losing)\n|raw|Sharpievgc's rating: 1665 → 1682<\/strong> (+17 for winning)\n","uploadtime":1682415627,"views":13,"p1id":"tanobaum","p2id":"sharpievgc","formatid":"gen9vgc2023regulationc","rating":1601,"private":0,"password":""}