{"id":"gen9vgc2023regulationc-1846281263","p1":"CaptainLatios","p2":"bryenw","format":"[Gen 9] VGC 2023 Regulation C","log":"|j|\u2606CaptainLatios\n|j|\u2606bryenw\n|t:|1681828142\n|gametype|doubles\n|player|p1|CaptainLatios|caitlin-masters|1130\n|player|p2|bryenw|101|1167\n|teamsize|p1|6\n|teamsize|p2|6\n|gen|9\n|tier|[Gen 9] VGC 2023 Regulation C\n|rated|\n|rule|Species Clause: Limit one of each Pok\u00e9mon\n|rule|Item Clause: Limit one of each item\n|clearpoke\n|poke|p1|Indeedee-F, L50, F|\n|poke|p1|Armarouge, L50, F|\n|poke|p1|Palafin, L50, M|\n|poke|p1|Chien-Pao, L50|\n|poke|p1|Gholdengo, L50|\n|poke|p1|Great Tusk, L50|\n|poke|p2|Chi-Yu, L50|\n|poke|p2|Amoonguss, L50, F|\n|poke|p2|Flutter Mane, L50|\n|poke|p2|Dondozo, L50, F|\n|poke|p2|Tatsugiri-Droopy, L50, M|\n|poke|p2|Grimmsnarl, L50, M|\n|teampreview|4\n|inactive|Battle timer is ON: inactive players will automatically lose when time's up. (requested by bryenw)\n|inactive|CaptainLatios has 60 seconds left.\n|\n|t:|1681828180\n|start\n|switch|p1a: Palafin|Palafin, L50, M|100\/100\n|switch|p1b: Armarouge|Armarouge, L50, F|100\/100\n|switch|p2a: Amoonguss|Amoonguss, L50, F|100\/100\n|switch|p2b: Chi-Yu|Chi-Yu, L50|100\/100\n|-ability|p2b: Chi-Yu|Beads of Ruin\n|turn|1\n|\n|t:|1681828203\n|move|p1b: Armarouge|Protect|p1b: Armarouge\n|-singleturn|p1b: Armarouge|Protect\n|move|p2a: Amoonguss|Rage Powder|p2a: Amoonguss\n|-singleturn|p2a: Amoonguss|move: Rage Powder\n|move|p1a: Palafin|Flip Turn|p2a: Amoonguss\n|-resisted|p2a: Amoonguss\n|-damage|p2a: Amoonguss|95\/100\n|-damage|p1a: Palafin|84\/100|[from] item: Rocky Helmet|[of] p2a: Amoonguss\n|\n|t:|1681828211\n|detailschange|p1a: Palafin|Palafin-Hero, L50, M\n|switch|p1a: Indeedee|Indeedee-F, L50, F|100\/100|[from] Flip Turn\n|-fieldstart|move: Psychic Terrain|[from] ability: Psychic Surge|[of] p1a: Indeedee\n|move|p2b: Chi-Yu|Dark Pulse|p1b: Armarouge\n|-activate|p1b: Armarouge|move: Protect\n|\n|upkeep\n|turn|2\n|\n|t:|1681828225\n|move|p1a: Indeedee|Follow Me|p1a: Indeedee\n|-singleturn|p1a: Indeedee|move: Follow Me\n|move|p2b: Chi-Yu|Dark Pulse|p1a: Indeedee\n|-supereffective|p1a: Indeedee\n|-damage|p1a: Indeedee|0 fnt\n|faint|p1a: Indeedee\n|move|p1b: Armarouge|Expanding Force|p2a: Amoonguss|[spread] p2a\n|-immune|p2b: Chi-Yu\n|-supereffective|p2a: Amoonguss\n|-damage|p2a: Amoonguss|0 fnt\n|faint|p2a: Amoonguss\n|\n|upkeep\n|\n|t:|1681828240\n|switch|p1a: Palafin|Palafin-Hero, L50, M|84\/100\n|switch|p2a: Grimmsnarl|Grimmsnarl, L50, M|100\/100\n|-activate|p1a: Palafin|ability: Zero to Hero\n|turn|3\n|inactive|CaptainLatios has 30 seconds left.\n|inactive|CaptainLatios has 20 seconds left.\n|\n|t:|1681828276\n|-terastallize|p1b: Armarouge|Fire\n|move|p1a: Palafin|Flip Turn|p2b: Chi-Yu\n|-supereffective|p2b: Chi-Yu\n|-damage|p2b: Chi-Yu|4\/100\n|\n|t:|1681828281\n|switch|p1a: Gholdengo|Gholdengo, L50|100\/100|[from] Flip Turn\n|move|p2b: Chi-Yu|Dark Pulse|p1a: Gholdengo\n|-supereffective|p1a: Gholdengo\n|-damage|p1a: Gholdengo|0 fnt\n|faint|p1a: Gholdengo\n|move|p1b: Armarouge|Armor Cannon|p2b: Chi-Yu\n|-resisted|p2b: Chi-Yu\n|-damage|p2b: Chi-Yu|0 fnt\n|-unboost|p1b: Armarouge|def|1\n|-unboost|p1b: Armarouge|spd|1\n|faint|p2b: Chi-Yu\n|move|p2a: Grimmsnarl|Spirit Break|p1b: Armarouge\n|-resisted|p1b: Armarouge\n|-damage|p1b: Armarouge|65\/100\n|-unboost|p1b: Armarouge|spa|1\n|-ability|p1b: Armarouge|Weak Armor|boost\n|-unboost|p1b: Armarouge|def|1\n|-boost|p1b: Armarouge|spe|2\n|\n|upkeep\n|\n|t:|1681828294\n|switch|p2b: Flutter Mane|Flutter Mane, L50|100\/100\n|switch|p1a: Palafin|Palafin-Hero, L50, M|84\/100\n|turn|4\n|inactive|CaptainLatios has 30 seconds left.\n|inactive|CaptainLatios has 20 seconds left.\n|inactive|CaptainLatios has 15 seconds left.\n|inactive|CaptainLatios has 10 seconds left.\n|\n|t:|1681828344\n|move|p1b: Armarouge|Expanding Force|p2b: Flutter Mane|[spread] p2b\n|-immune|p2a: Grimmsnarl\n|-damage|p2b: Flutter Mane|56\/100\n|move|p1a: Palafin|Flip Turn|p2b: Flutter Mane\n|-damage|p2b: Flutter Mane|0 fnt\n|faint|p2b: Flutter Mane\n|-end|p2b: Flutter Mane|Protosynthesis|[silent]\n|move|p2a: Grimmsnarl|Spirit Break|p1b: Armarouge\n|-resisted|p1b: Armarouge\n|-damage|p1b: Armarouge|19\/100\n|-unboost|p1b: Armarouge|spa|1\n|-ability|p1b: Armarouge|Weak Armor|boost\n|-unboost|p1b: Armarouge|def|1\n|-boost|p1b: Armarouge|spe|2\n|\n|upkeep\n|turn|5\n|\n|t:|1681828358\n|move|p1b: Armarouge|Protect|p1b: Armarouge\n|-singleturn|p1b: Armarouge|Protect\n|move|p1a: Palafin|Flip Turn|p2a: Grimmsnarl\n|-damage|p2a: Grimmsnarl|61\/100\n|move|p2a: Grimmsnarl|Spirit Break|p1a: Palafin\n|-damage|p1a: Palafin|48\/100\n|-unboost|p1a: Palafin|spa|1\n|\n|-fieldend|move: Psychic Terrain\n|upkeep\n|turn|6\n|\n|t:|1681828371\n|move|p1b: Armarouge|Armor Cannon|p2a: Grimmsnarl\n|-damage|p2a: Grimmsnarl|8\/100\n|-unboost|p1b: Armarouge|def|1\n|-unboost|p1b: Armarouge|spd|1\n|-enditem|p2a: Grimmsnarl|Iapapa Berry|[eat]\n|-heal|p2a: Grimmsnarl|41\/100|[from] item: Iapapa Berry\n|move|p1a: Palafin|Flip Turn|p2a: Grimmsnarl\n|-damage|p2a: Grimmsnarl|1\/100\n|move|p2a: Grimmsnarl|Spirit Break|p1a: Palafin\n|-damage|p1a: Palafin|10\/100\n|-unboost|p1a: Palafin|spa|1\n|\n|upkeep\n|turn|7\n|\n|t:|1681828382\n|move|p1b: Armarouge|Armor Cannon|p2a: Grimmsnarl\n|-damage|p2a: Grimmsnarl|0 fnt\n|-unboost|p1b: Armarouge|def|1\n|-unboost|p1b: Armarouge|spd|1\n|faint|p2a: Grimmsnarl\n|\n|win|CaptainLatios\n|raw|CaptainLatios's rating: 1130 → 1158<\/strong> (+28 for winning)\n|raw|bryenw's rating: 1167 → 1139<\/strong> (-28 for losing)\n","uploadtime":1681828391,"views":8,"p1id":"captainlatios","p2id":"bryenw","formatid":"gen9vgc2023regulationc","rating":1139,"private":0,"password":""}