{"id":"gen9vgc2023regulationc-1845342787","p1":"CapitalistConsumer","p2":"Stalldozo","format":"[Gen 9] VGC 2023 Regulation C","log":"|j|\u2606CapitalistConsumer\n|j|\u2606Stalldozo\n|t:|1681718369\n|gametype|doubles\n|player|p1|CapitalistConsumer|gentleman-gen4|1058\n|player|p2|Stalldozo|1|1174\n|teamsize|p1|6\n|teamsize|p2|6\n|gen|9\n|tier|[Gen 9] VGC 2023 Regulation C\n|rated|\n|rule|Species Clause: Limit one of each Pok\u00e9mon\n|rule|Item Clause: Limit one of each item\n|clearpoke\n|poke|p1|Abomasnow, L50, F|\n|poke|p1|Beartic, L50, F|\n|poke|p1|Ting-Lu, L50|\n|poke|p1|Garganacl, L50, F|\n|poke|p1|Dondozo, L50, M|\n|poke|p1|Tatsugiri-Droopy, L50, F|\n|poke|p2|Zoroark, L50, M|\n|poke|p2|Dondozo, L50, F|\n|poke|p2|Tatsugiri, L50, F|\n|poke|p2|Armarouge, L50, F|\n|poke|p2|Indeedee-F, L50, F|\n|poke|p2|Iron Hands, L50|\n|teampreview|4\nStalldozo has agreed to open team sheets.\nCapitalistConsumer rejected open team sheets.\n|\n|t:|1681718401\n|start\n|switch|p1a: Ting-Lu|Ting-Lu, L50|100\/100\n|switch|p1b: Garganacl|Garganacl, L50, F|100\/100\n|switch|p2a: Tatsugiri|Tatsugiri, L50, F|100\/100\n|switch|p2b: Iron Hands|Iron Hands, L50|100\/100\n|-ability|p1a: Ting-Lu|Vessel of Ruin\n|turn|1\n|c|\u2606CapitalistConsumer|you won't need my team sheet to win, trust\n|\n|t:|1681718425\n|move|p2a: Tatsugiri|Muddy Water|p1a: Ting-Lu|[spread] p1a,p1b\n|-supereffective|p1a: Ting-Lu\n|-supereffective|p1b: Garganacl\n|-damage|p1a: Ting-Lu|71\/100\n|-damage|p1b: Garganacl|48\/100\n|move|p2b: Iron Hands|Drain Punch|p1b: Garganacl\n|-supereffective|p1b: Garganacl\n|-damage|p1b: Garganacl|5\/100\n|move|p1a: Ting-Lu|Fissure|p2b: Iron Hands\n|-damage|p2b: Iron Hands|0 fnt\n|faint|p2b: Iron Hands\n|-end|p2b: Iron Hands|Quark Drive|[silent]\n|-ohko\n|move|p1b: Garganacl|Fissure|p2a: Tatsugiri|[miss]\n|-miss|p1b: Garganacl|p2a: Tatsugiri\n|\n|-heal|p1b: Garganacl|11\/100|[from] item: Leftovers\n|-status|p2a: Tatsugiri|tox|[from] item: Toxic Orb\n|upkeep\n|\n|t:|1681718440\n|switch|p2b: Indeedee|Indeedee-F, L50, F|100\/100\n|-fieldstart|move: Psychic Terrain|[from] ability: Psychic Surge|[of] p2b: Indeedee\n|turn|2\n|\n|t:|1681718455\n|switch|p1b: Abomasnow|Abomasnow, L50, F|100\/100\n|-weather|Snow|[from] ability: Snow Warning|[of] p1b: Abomasnow\n|move|p2b: Indeedee|Dazzling Gleam|p1b: Abomasnow|[spread] p1a,p1b\n|-supereffective|p1a: Ting-Lu\n|-damage|p1a: Ting-Lu|59\/100\n|-damage|p1b: Abomasnow|93\/100\n|move|p2a: Tatsugiri|Muddy Water|p1b: Abomasnow|[spread] p1a,p1b\n|-supereffective|p1a: Ting-Lu\n|-crit|p1a: Ting-Lu\n|-resisted|p1b: Abomasnow\n|-damage|p1a: Ting-Lu|17\/100\n|-damage|p1b: Abomasnow|84\/100\n|-unboost|p1a: Ting-Lu|accuracy|1\n|move|p1a: Ting-Lu|Fissure|p2b: Indeedee|[miss]\n|-miss|p1a: Ting-Lu|p2b: Indeedee\n|\n|-weather|Snow|[upkeep]\n|-damage|p2a: Tatsugiri|95\/100 tox|[from] psn\n|upkeep\n|turn|3\n|inactive|Battle timer is ON: inactive players will automatically lose when time's up. (requested by Stalldozo)\n|\n|t:|1681718478\n|switch|p1a: Garganacl|Garganacl, L50, F|11\/100\n|move|p2a: Tatsugiri|Icy Wind|p1b: Abomasnow|[spread] p1a,p1b\n|-damage|p1a: Garganacl|0 fnt\n|-damage|p1b: Abomasnow|73\/100\n|-unboost|p1b: Abomasnow|spe|1\n|faint|p1a: Garganacl\n|move|p1b: Abomasnow|Aurora Veil|p1b: Abomasnow\n|-sidestart|p1: CapitalistConsumer|move: Aurora Veil\n|move|p2b: Indeedee|Trick Room|p2b: Indeedee\n|-fieldstart|move: Trick Room|[of] p2b: Indeedee\n|\n|-weather|Snow|[upkeep]\n|-damage|p2a: Tatsugiri|83\/100 tox|[from] psn\n|upkeep\n|\n|t:|1681718482\n|switch|p1a: Ting-Lu|Ting-Lu, L50|17\/100\n|-ability|p1a: Ting-Lu|Vessel of Ruin\n|turn|4\n|\n|t:|1681718495\n|move|p1b: Abomasnow|Sheer Cold|p2b: Indeedee|[miss]\n|-miss|p1b: Abomasnow|p2b: Indeedee\n|move|p1a: Ting-Lu|Fissure|p2a: Tatsugiri\n|-damage|p2a: Tatsugiri|0 fnt\n|faint|p2a: Tatsugiri\n|-ohko\n|move|p2b: Indeedee|Dazzling Gleam|p1b: Abomasnow|[spread] p1a,p1b\n|-supereffective|p1a: Ting-Lu\n|-damage|p1a: Ting-Lu|10\/100\n|-damage|p1b: Abomasnow|68\/100\n|\n|-weather|Snow|[upkeep]\n|upkeep\n|\n|t:|1681718504\n|switch|p2a: Dondozo|Dondozo, L50, F|100\/100\n|turn|5\n|\n|t:|1681718511\n|move|p1b: Abomasnow|Sheer Cold|p2b: Indeedee\n|-damage|p2b: Indeedee|0 fnt\n|faint|p2b: Indeedee\n|-ohko\n|move|p1a: Ting-Lu|Fissure|p2a: Dondozo|[miss]\n|-miss|p1a: Ting-Lu|p2a: Dondozo\n|move|p2a: Dondozo|Earthquake|p1b: Abomasnow|[spread] p1a,p1b\n|-crit|p1a: Ting-Lu\n|-resisted|p1b: Abomasnow\n|-damage|p1a: Ting-Lu|0 fnt\n|-damage|p1b: Abomasnow|61\/100\n|faint|p1a: Ting-Lu\n|\n|-weather|Snow|[upkeep]\n|upkeep\n|\n|t:|1681718515\n|switch|p1a: Dondozo|Dondozo, L50, M|100\/100\n|turn|6\n|-message|Stalldozo forfeited.\n|\n|win|CapitalistConsumer\n|raw|CapitalistConsumer's rating: 1058 → 1099<\/strong> (+41 for winning)\n|raw|Stalldozo's rating: 1174 → 1141<\/strong> (-33 for losing)\n|l|\u2606Stalldozo\n","uploadtime":1681718524,"views":24,"p1id":"capitalistconsumer","p2id":"stalldozo","formatid":"gen9vgc2023regulationc","rating":1099,"private":0,"password":""}