{"id":"gen9vgc2023regulationc-1855376575","p1":"kanotakekanotake","p2":"Robertwillems","format":"[Gen 9] VGC 2023 Regulation C","log":"|j|\u2606kanotakekanotake\n|j|\u2606Robertwillems\n|t:|1682944956\n|gametype|doubles\n|player|p1|kanotakekanotake|smasher|1470\n|player|p2|Robertwillems|266|1420\n|teamsize|p1|6\n|teamsize|p2|6\n|gen|9\n|tier|[Gen 9] VGC 2023 Regulation C\n|rated|\n|rule|Species Clause: Limit one of each Pok\u00e9mon\n|rule|Item Clause: Limit one of each item\n|clearpoke\n|poke|p1|Amoonguss, L50, M|\n|poke|p1|Iron Hands, L50|\n|poke|p1|Garganacl, L50, F|\n|poke|p1|Grimmsnarl, L50, M|\n|poke|p1|Gyarados, L50, M|\n|poke|p1|Flutter Mane, L50|\n|poke|p2|Dragonite, L50, F|\n|poke|p2|Chien-Pao, L50|\n|poke|p2|Scizor, L50, M|\n|poke|p2|Garganacl, L50, M|\n|poke|p2|Ceruledge, L50, M|\n|poke|p2|Ting-Lu, L50|\n|teampreview|4\n|inactive|Battle timer is ON: inactive players will automatically lose when time's up. (requested by Robertwillems)\n|\n|t:|1682945016\n|start\n|switch|p1a: Garganacl|Garganacl, L50, F, shiny|100\/100\n|switch|p1b: Grimmsnarl|Grimmsnarl, L50, M, shiny|100\/100\n|switch|p2a: Garganacl|Garganacl, L50, M|100\/100\n|switch|p2b: Ting-Lu|Ting-Lu, L50|100\/100\n|-ability|p2b: Ting-Lu|Vessel of Ruin\n|turn|1\n|\n|t:|1682945038\n|move|p1a: Garganacl|Protect|p1a: Garganacl\n|-singleturn|p1a: Garganacl|Protect\n|move|p1b: Grimmsnarl|Reflect|p1b: Grimmsnarl\n|-sidestart|p1: kanotakekanotake|Reflect\n|move|p2b: Ting-Lu|Heavy Slam|p1b: Grimmsnarl\n|-supereffective|p1b: Grimmsnarl\n|-crit|p1b: Grimmsnarl\n|-damage|p1b: Grimmsnarl|0 fnt\n|faint|p1b: Grimmsnarl\n|move|p2a: Garganacl|Salt Cure|p1a: Garganacl\n|-activate|p1a: Garganacl|move: Protect\n|\n|upkeep\n|\n|t:|1682945053\n|switch|p1b: Gyarados|Gyarados, L50, M, shiny|100\/100\n|-ability|p1b: Gyarados|Intimidate|boost\n|-unboost|p2a: Garganacl|atk|1\n|-unboost|p2b: Ting-Lu|atk|1\n|turn|2\n|\n|t:|1682945067\n|move|p1b: Gyarados|Waterfall|p2a: Garganacl\n|-supereffective|p2a: Garganacl\n|-damage|p2a: Garganacl|66\/100\n|move|p2b: Ting-Lu|Stomping Tantrum|p1a: Garganacl\n|-supereffective|p1a: Garganacl\n|-damage|p1a: Garganacl|79\/100\n|move|p2a: Garganacl|Salt Cure|p1b: Gyarados\n|-supereffective|p1b: Gyarados\n|-damage|p1b: Gyarados|88\/100\n|-start|p1b: Gyarados|Salt Cure\n|move|p1a: Garganacl|Salt Cure|p2a: Garganacl\n|-damage|p2a: Garganacl|58\/100\n|-start|p2a: Garganacl|Salt Cure\n|\n|-heal|p1a: Garganacl|85\/100|[from] item: Leftovers\n|-heal|p2a: Garganacl|64\/100|[from] item: Leftovers\n|-damage|p1b: Gyarados|63\/100|[from] Salt Cure\n|-damage|p2a: Garganacl|52\/100|[from] Salt Cure\n|upkeep\n|turn|3\n|\n|t:|1682945089\n|switch|p1b: Iron Hands|Iron Hands, L50|100\/100\n|move|p2b: Ting-Lu|Stomping Tantrum|p1a: Garganacl\n|-supereffective|p1a: Garganacl\n|-damage|p1a: Garganacl|63\/100\n|move|p2a: Garganacl|Body Press|p1a: Garganacl\n|-supereffective|p1a: Garganacl\n|-damage|p1a: Garganacl|40\/100\n|move|p1a: Garganacl|Salt Cure|p2b: Ting-Lu\n|-resisted|p2b: Ting-Lu\n|-damage|p2b: Ting-Lu|97\/100\n|-start|p2b: Ting-Lu|Salt Cure\n|\n|-heal|p2a: Garganacl|58\/100|[from] item: Leftovers\n|-heal|p1a: Garganacl|45\/100|[from] item: Leftovers\n|-damage|p2b: Ting-Lu|84\/100|[from] Salt Cure\n|-damage|p2a: Garganacl|46\/100|[from] Salt Cure\n|upkeep\n|turn|4\n|inactive|Robertwillems has 30 seconds left.\n|\n|t:|1682945119\n|switch|p2a: Ceruledge|Ceruledge, L50, M|100\/100\n|-terastallize|p2b: Ting-Lu|Fairy\n|move|p1b: Iron Hands|Fake Out|p2a: Ceruledge\n|-immune|p2a: Ceruledge\n|move|p2b: Ting-Lu|Ruination|p1b: Iron Hands\n|-damage|p1b: Iron Hands|51\/100\n|move|p1a: Garganacl|Recover|p1a: Garganacl\n|-heal|p1a: Garganacl|96\/100\n|\n|-heal|p1a: Garganacl|100\/100|[from] item: Leftovers\n|-damage|p2b: Ting-Lu|72\/100|[from] Salt Cure\n|upkeep\n|turn|5\n|\n|t:|1682945144\n|switch|p2b: Garganacl|Garganacl, L50, M|46\/100\n|move|p2a: Ceruledge|Bitter Blade|p1b: Iron Hands\n|-damage|p1b: Iron Hands|29\/100\n|move|p1b: Iron Hands|Heavy Slam|p2b: Garganacl\n|-supereffective|p2b: Garganacl\n|-damage|p2b: Garganacl|29\/100\n|move|p1a: Garganacl|Salt Cure|p2a: Ceruledge\n|-supereffective|p2a: Ceruledge\n|-damage|p2a: Ceruledge|57\/100\n|-start|p2a: Ceruledge|Salt Cure\n|\n|-heal|p2b: Garganacl|35\/100|[from] item: Leftovers\n|-damage|p2a: Ceruledge|44\/100|[from] Salt Cure\n|upkeep\n|turn|6\n|\n|t:|1682945165\n|-end|p1b: Iron Hands|Quark Drive|[silent]\n|switch|p1b: Gyarados|Gyarados, L50, M, shiny|63\/100\n|-ability|p1b: Gyarados|Intimidate|boost\n|-fail|p2a: Ceruledge|unboost|[from] item: Clear Amulet|[of] p2a: Ceruledge\n|-unboost|p2b: Garganacl|atk|1\n|move|p2a: Ceruledge|Bitter Blade|p1b: Gyarados\n|-resisted|p1b: Gyarados\n|-damage|p1b: Gyarados|48\/100\n|-heal|p2a: Ceruledge|54\/100|[from] drain|[of] p1b: Gyarados\n|move|p1a: Garganacl|Salt Cure|p2a: Ceruledge\n|-supereffective|p2a: Ceruledge\n|-damage|p2a: Ceruledge|13\/100\n|move|p2b: Garganacl|Body Press|p1b: Gyarados\n|-resisted|p1b: Gyarados\n|-damage|p1b: Gyarados|38\/100\n|\n|-heal|p2b: Garganacl|41\/100|[from] item: Leftovers\n|-damage|p2a: Ceruledge|1\/100|[from] Salt Cure\n|upkeep\n|turn|7\n|\n|t:|1682945186\n|switch|p2a: Ting-Lu|Ting-Lu, L50, tera:Fairy|72\/100\n|-ability|p2a: Ting-Lu|Vessel of Ruin\n|move|p1b: Gyarados|Waterfall|p2b: Garganacl\n|-supereffective|p2b: Garganacl\n|-damage|p2b: Garganacl|3\/100\n|move|p2b: Garganacl|Salt Cure|p1b: Gyarados\n|-supereffective|p1b: Gyarados\n|-damage|p1b: Gyarados|25\/100\n|-start|p1b: Gyarados|Salt Cure\n|-enditem|p1b: Gyarados|Figy Berry|[eat]\n|-heal|p1b: Gyarados|58\/100|[from] item: Figy Berry\n|move|p1a: Garganacl|Salt Cure|p2a: Ting-Lu\n|-damage|p2a: Ting-Lu|64\/100\n|-start|p2a: Ting-Lu|Salt Cure\n|\n|-heal|p2b: Garganacl|9\/100|[from] item: Leftovers\n|-damage|p1b: Gyarados|33\/100|[from] Salt Cure\n|-damage|p2a: Ting-Lu|52\/100|[from] Salt Cure\n|upkeep\n|turn|8\n|\n|t:|1682945208\n|switch|p1b: Iron Hands|Iron Hands, L50|29\/100\n|move|p2a: Ting-Lu|Stomping Tantrum|p1a: Garganacl\n|-supereffective|p1a: Garganacl\n|-damage|p1a: Garganacl|71\/100\n|move|p1a: Garganacl|Salt Cure|p2b: Garganacl\n|-damage|p2b: Garganacl|1\/100\n|-start|p2b: Garganacl|Salt Cure\n|move|p2b: Garganacl|Salt Cure|p1b: Iron Hands\n|-resisted|p1b: Iron Hands\n|-damage|p1b: Iron Hands|27\/100\n|-start|p1b: Iron Hands|Salt Cure\n|\n|-heal|p2b: Garganacl|7\/100|[from] item: Leftovers\n|-heal|p1a: Garganacl|77\/100|[from] item: Leftovers\n|-damage|p1b: Iron Hands|14\/100|[from] Salt Cure\n|-damage|p2a: Ting-Lu|39\/100|[from] Salt Cure\n|-damage|p2b: Garganacl|0 fnt|[from] Salt Cure\n|faint|p2b: Garganacl\n|-sideend|p1: kanotakekanotake|Reflect\n|upkeep\n|\n|t:|1682945224\n|switch|p2b: Scizor|Scizor, L50, M, shiny|100\/100\n|turn|9\n|\n|t:|1682945232\n|move|p2b: Scizor|Protect|p2b: Scizor\n|-singleturn|p2b: Scizor|Protect\n|move|p1b: Iron Hands|Fake Out|p2b: Scizor\n|-activate|p2b: Scizor|move: Protect\n|move|p2a: Ting-Lu|Earthquake|p1a: Garganacl|[spread] p1a,p1b\n|-activate|p2b: Scizor|move: Protect\n|-supereffective|p1a: Garganacl\n|-supereffective|p1b: Iron Hands\n|-damage|p1a: Garganacl|32\/100\n|-damage|p1b: Iron Hands|0 fnt\n|faint|p1b: Iron Hands\n|-end|p1b: Iron Hands|Quark Drive|[silent]\n|move|p1a: Garganacl|Iron Defense|p1a: Garganacl\n|-boost|p1a: Garganacl|def|2\n|\n|-heal|p1a: Garganacl|38\/100|[from] item: Leftovers\n|-damage|p2a: Ting-Lu|27\/100|[from] Salt Cure\n|upkeep\n|\n|t:|1682945249\n|switch|p1b: Gyarados|Gyarados, L50, M, shiny|33\/100\n|-ability|p1b: Gyarados|Intimidate|boost\n|-unboost|p2a: Ting-Lu|atk|1\n|-unboost|p2b: Scizor|atk|1\n|turn|10\n|\n|t:|1682945262\n|-terastallize|p1a: Garganacl|Poison\n|move|p1b: Gyarados|Waterfall|p2a: Ting-Lu\n|-damage|p2a: Ting-Lu|7\/100\n|move|p2b: Scizor|X-Scissor|p1b: Gyarados\n|-resisted|p1b: Gyarados\n|-damage|p1b: Gyarados|14\/100\n|-damage|p2b: Scizor|91\/100|[from] item: Life Orb\n|move|p2a: Ting-Lu|Stomping Tantrum|p1a: Garganacl\n|-supereffective|p1a: Garganacl\n|-damage|p1a: Garganacl|23\/100\n|move|p1a: Garganacl|Recover|p1a: Garganacl\n|-heal|p1a: Garganacl|73\/100\n|\n|-heal|p1a: Garganacl|79\/100|[from] item: Leftovers\n|-damage|p2a: Ting-Lu|0 fnt|[from] Salt Cure\n|faint|p2a: Ting-Lu\n|upkeep\n|\n|t:|1682945278\n|switch|p2a: Ceruledge|Ceruledge, L50, M|1\/100\n|turn|11\n|\n|t:|1682945297\n|move|p2a: Ceruledge|Protect|p2a: Ceruledge\n|-singleturn|p2a: Ceruledge|Protect\n|move|p2b: Scizor|Bullet Punch|p1b: Gyarados\n|-resisted|p1b: Gyarados\n|-damage|p1b: Gyarados|0 fnt\n|faint|p1b: Gyarados\n|-damage|p2b: Scizor|81\/100|[from] item: Life Orb\n|move|p1a: Garganacl|Salt Cure|p2b: Scizor\n|-damage|p2b: Scizor|67\/100\n|-start|p2b: Scizor|Salt Cure\n|\n|-heal|p1a: Garganacl|85\/100|[from] item: Leftovers\n|-damage|p2b: Scizor|42\/100|[from] Salt Cure\n|upkeep\n|turn|12\n|\n|t:|1682945313\n|move|p2b: Scizor|Bullet Punch|p1a: Garganacl\n|-damage|p1a: Garganacl|75\/100\n|-damage|p2b: Scizor|33\/100|[from] item: Life Orb\n|move|p2a: Ceruledge|Bitter Blade|p1a: Garganacl\n|-damage|p1a: Garganacl|60\/100\n|-heal|p2a: Ceruledge|12\/100|[from] drain|[of] p1a: Garganacl\n|move|p1a: Garganacl|Salt Cure|p2a: Ceruledge\n|-supereffective|p2a: Ceruledge\n|-damage|p2a: Ceruledge|0 fnt\n|faint|p2a: Ceruledge\n|\n|-heal|p1a: Garganacl|66\/100|[from] item: Leftovers\n|-damage|p2b: Scizor|8\/100|[from] Salt Cure\n|upkeep\n|turn|13\n|\n|t:|1682945329\n|move|p1a: Garganacl|Protect|p1a: Garganacl\n|-singleturn|p1a: Garganacl|Protect\n|move|p2b: Scizor|Bullet Punch|p2: Ceruledge|[notarget]\n|-fail|p2b: Scizor\n|\n|-heal|p1a: Garganacl|72\/100|[from] item: Leftovers\n|-damage|p2b: Scizor|0 fnt|[from] Salt Cure\n|faint|p2b: Scizor\n|\n|win|kanotakekanotake\n|upkeep\n|raw|kanotakekanotake's rating: 1470 → 1487<\/strong> (+17 for winning)\n|raw|Robertwillems's rating: 1420 → 1403<\/strong> (-17 for losing)\n|l|\u2606Robertwillems\n","uploadtime":1682945343,"views":21,"p1id":"kanotakekanotake","p2id":"robertwillems","formatid":"gen9vgc2023regulationc","rating":1403,"private":0,"password":""}