{"id":"gen9vgc2023regulationc-1856660417","p1":"General66","p2":"bwan","format":"[Gen 9] VGC 2023 Regulation C","log":"|j|\u2606General66\n|j|\u2606bwan\n|t:|1683089781\n|gametype|doubles\n|player|p1|General66|jasmine|1203\n|player|p2|bwan|lucas|1186\n|teamsize|p1|6\n|teamsize|p2|6\n|gen|9\n|tier|[Gen 9] VGC 2023 Regulation C\n|rated|\n|rule|Species Clause: Limit one of each Pok\u00e9mon\n|rule|Item Clause: Limit one of each item\n|clearpoke\n|poke|p1|Arcanine, L50, F|\n|poke|p1|Amoonguss, L50, M|\n|poke|p1|Flutter Mane, L50|\n|poke|p1|Ting-Lu, L50|\n|poke|p1|Dragonite, L50, F|\n|poke|p1|Iron Bundle, L50|\n|poke|p2|Corviknight, L50, M|\n|poke|p2|Garchomp, L50, M|\n|poke|p2|Flutter Mane, L50|\n|poke|p2|Chi-Yu, L50|\n|poke|p2|Amoonguss, L50, F|\n|poke|p2|Rotom-Wash, L50|\n|teampreview|4\n|inactive|Battle timer is ON: inactive players will automatically lose when time's up. (requested by bwan)\n|inactive|General66 has 60 seconds left.\n|\n|t:|1683089822\n|start\n|switch|p1a: Ting-Lu|Ting-Lu, L50|100\/100\n|switch|p1b: Arcanine|Arcanine, L50, F|100\/100\n|switch|p2a: Corviknight|Corviknight, L50, M|100\/100\n|switch|p2b: Garchomp|Garchomp, L50, M|100\/100\n|-ability|p1b: Arcanine|Intimidate|boost\n|-ability|p2a: Corviknight|Mirror Armor\n|-unboost|p1b: Arcanine|atk|1\n|-unboost|p2b: Garchomp|atk|1\n|-ability|p1a: Ting-Lu|Vessel of Ruin\n|turn|1\n|inactive|General66 has 30 seconds left.\n|\n|t:|1683089850\n|move|p1b: Arcanine|Protect|p1b: Arcanine\n|-singleturn|p1b: Arcanine|Protect\n|move|p2b: Garchomp|Earthquake|p1a: Ting-Lu|[spread] p1a\n|-activate|p1b: Arcanine|move: Protect\n|-immune|p2a: Corviknight\n|-damage|p1a: Ting-Lu|85\/100\n|move|p2a: Corviknight|Body Press|p1a: Ting-Lu\n|-supereffective|p1a: Ting-Lu\n|-damage|p1a: Ting-Lu|59\/100\n|move|p1a: Ting-Lu|Ruination|p2a: Corviknight\n|-damage|p2a: Corviknight|51\/100\n|\n|upkeep\n|turn|2\n|\n|t:|1683089874\n|-terastallize|p1b: Arcanine|Water\n|move|p2b: Garchomp|Earthquake|p1a: Ting-Lu|[spread] p1a,p1b\n|-immune|p2a: Corviknight\n|-damage|p1a: Ting-Lu|44\/100\n|-damage|p1b: Arcanine|70\/100\n|move|p1b: Arcanine|Flare Blitz|p2a: Corviknight\n|-supereffective|p2a: Corviknight\n|-damage|p2a: Corviknight|0 fnt\n|faint|p2a: Corviknight\n|-damage|p1b: Arcanine|52\/100|[from] Recoil\n|move|p1a: Ting-Lu|Ruination|p2b: Garchomp\n|-damage|p2b: Garchomp|51\/100\n|\n|upkeep\n|\n|t:|1683089890\n|switch|p2a: Flutter Mane|Flutter Mane, L50|100\/100\n|-enditem|p2a: Flutter Mane|Booster Energy\n|-activate|p2a: Flutter Mane|ability: Protosynthesis|[fromitem]\n|-start|p2a: Flutter Mane|protosynthesisspe\n|turn|3\n|\n|t:|1683089901\n|move|p2a: Flutter Mane|Dazzling Gleam|p1a: Ting-Lu|[spread] p1a,p1b\n|-supereffective|p1a: Ting-Lu\n|-damage|p1a: Ting-Lu|24\/100\n|-damage|p1b: Arcanine|27\/100\n|move|p2b: Garchomp|Dragon Claw|p1a: Ting-Lu\n|-damage|p1a: Ting-Lu|6\/100\n|move|p1b: Arcanine|Will-O-Wisp|p2b: Garchomp\n|-status|p2b: Garchomp|brn\n|-enditem|p2b: Garchomp|Lum Berry|[eat]\n|-curestatus|p2b: Garchomp|brn|[msg]\n|move|p1a: Ting-Lu|Heavy Slam|p2a: Flutter Mane\n|-supereffective|p2a: Flutter Mane\n|-damage|p2a: Flutter Mane|0 fnt\n|faint|p2a: Flutter Mane\n|-end|p2a: Flutter Mane|Protosynthesis|[silent]\n|\n|upkeep\n|\n|t:|1683089918\n|switch|p2a: Chi-Yu|Chi-Yu, L50|100\/100\n|-ability|p2a: Chi-Yu|Beads of Ruin\n|turn|4\n|\n|t:|1683089936\n|move|p1b: Arcanine|Extreme Speed|p2a: Chi-Yu\n|-crit|p2a: Chi-Yu\n|-damage|p2a: Chi-Yu|34\/100\n|move|p2b: Garchomp|Dragon Claw|p1a: Ting-Lu\n|-damage|p1a: Ting-Lu|0 fnt\n|faint|p1a: Ting-Lu\n|move|p2a: Chi-Yu|Dark Pulse|p1b: Arcanine\n|-damage|p1b: Arcanine|0 fnt\n|faint|p1b: Arcanine\n|\n|upkeep\n|\n|t:|1683089946\n|switch|p1b: Iron Bundle|Iron Bundle, L50|100\/100\n|switch|p1a: Flutter Mane|Flutter Mane, L50|100\/100\n|-enditem|p1b: Iron Bundle|Booster Energy\n|-activate|p1b: Iron Bundle|ability: Quark Drive|[fromitem]\n|-start|p1b: Iron Bundle|quarkdrivespe\n|turn|5\n|-message|bwan forfeited.\n|\n|win|General66\n|raw|General66's rating: 1203 → 1227<\/strong> (+24 for winning)\n|raw|bwan's rating: 1186 → 1162<\/strong> (-24 for losing)\n|l|\u2606bwan\n","uploadtime":1683089962,"views":5,"p1id":"general66","p2id":"bwan","formatid":"gen9vgc2023regulationc","rating":1162,"private":0,"password":""}