{"id":"gen9vgc2023regulationc-1851603337","p1":"Smskdm","p2":"yokai19","format":"[Gen 9] VGC 2023 Regulation C","log":"|j|\u2606Smskdm\n|j|\u2606yokai19\n|t:|1682460165\n|gametype|doubles\n|player|p1|Smskdm|101|1089\n|player|p2|yokai19|102|1033\n|teamsize|p1|6\n|teamsize|p2|6\n|gen|9\n|tier|[Gen 9] VGC 2023 Regulation C\n|rated|\n|rule|Species Clause: Limit one of each Pok\u00e9mon\n|rule|Item Clause: Limit one of each item\n|clearpoke\n|poke|p1|Amoonguss, L50, M|\n|poke|p1|Flutter Mane, L50|\n|poke|p1|Dragonite, L50, M|\n|poke|p1|Chi-Yu, L50|\n|poke|p1|Glimmora, L50, F|\n|poke|p1|Gyarados, L50, M|\n|poke|p2|Flutter Mane, L50|\n|poke|p2|Arcanine, L50, M|\n|poke|p2|Palafin, L50, F|\n|poke|p2|Amoonguss, L50, F|\n|poke|p2|Ting-Lu, L50|\n|poke|p2|Scizor, L50, F|\n|teampreview|4\n|inactive|Battle timer is ON: inactive players will automatically lose when time's up. (requested by Smskdm)\n|inactive|yokai19 has 60 seconds left.\n|\n|t:|1682460246\n|start\n|switch|p1a: Gyarados|Gyarados, L50, M|100\/100\n|switch|p1b: Glimmora|Glimmora, L50, F|100\/100\n|switch|p2a: Palafin|Palafin, L50, F|100\/100\n|switch|p2b: Amoonguss|Amoonguss, L50, F|100\/100\n|-ability|p1a: Gyarados|Intimidate|boost\n|-unboost|p2a: Palafin|atk|1\n|-unboost|p2b: Amoonguss|atk|1\n|turn|1\n|inactive|Smskdm has 30 seconds left.\n|inactive|yokai19 has 30 seconds left.\n|\n|t:|1682460281\n|detailschange|p2a: Palafin|Palafin-Hero, L50, F\n|switch|p2a: Ting-Lu|Ting-Lu, L50|100\/100\n|-ability|p2a: Ting-Lu|Vessel of Ruin\n|-terastallize|p1b: Glimmora|Grass\n|move|p1a: Gyarados|Taunt|p2b: Amoonguss\n|-start|p2b: Amoonguss|move: Taunt\n|move|p1b: Glimmora|Energy Ball|p2a: Ting-Lu\n|-supereffective|p2a: Ting-Lu\n|-damage|p2a: Ting-Lu|67\/100\n|cant|p2b: Amoonguss|move: Taunt|Spore\n|\n|upkeep\n|turn|2\n|\n|t:|1682460302\n|move|p1a: Gyarados|Thunder Wave|p2b: Amoonguss\n|-status|p2b: Amoonguss|par\n|move|p1b: Glimmora|Energy Ball|p2a: Ting-Lu\n|-supereffective|p2a: Ting-Lu\n|-damage|p2a: Ting-Lu|29\/100\n|move|p2a: Ting-Lu|Ruination|p1a: Gyarados\n|-damage|p1a: Gyarados|50\/100\n|-enditem|p1a: Gyarados|Sitrus Berry|[eat]\n|-heal|p1a: Gyarados|75\/100|[from] item: Sitrus Berry\n|cant|p2b: Amoonguss|par\n|\n|upkeep\n|turn|3\n|inactive|yokai19 has 30 seconds left.\n|inactive|Smskdm has 30 seconds left.\n|\n|t:|1682460333\n|move|p1a: Gyarados|Waterfall|p2a: Ting-Lu\n|-supereffective|p2a: Ting-Lu\n|-crit|p2a: Ting-Lu\n|-damage|p2a: Ting-Lu|0 fnt\n|faint|p2a: Ting-Lu\n|move|p1b: Glimmora|Energy Ball|p2b: Amoonguss\n|-resisted|p2b: Amoonguss\n|-damage|p2b: Amoonguss|88\/100 par\n|move|p2b: Amoonguss|Pollen Puff|p1b: Glimmora\n|-supereffective|p1b: Glimmora\n|-damage|p1b: Glimmora|74\/100\n|\n|-end|p2b: Amoonguss|move: Taunt\n|upkeep\n|\n|t:|1682460351\n|switch|p2a: Flutter Mane|Flutter Mane, L50|100\/100\n|-enditem|p2a: Flutter Mane|Booster Energy\n|-activate|p2a: Flutter Mane|ability: Protosynthesis|[fromitem]\n|-start|p2a: Flutter Mane|protosynthesisspa\n|turn|4\n|\n|t:|1682460380\n|-terastallize|p2a: Flutter Mane|Fairy\n|move|p2b: Amoonguss|Rage Powder|p2b: Amoonguss\n|-singleturn|p2b: Amoonguss|move: Rage Powder\n|move|p2a: Flutter Mane|Dazzling Gleam|p1a: Gyarados|[spread] p1a,p1b\n|-crit|p1a: Gyarados\n|-damage|p1a: Gyarados|25\/100\n|-damage|p1b: Glimmora|37\/100\n|move|p1a: Gyarados|Waterfall|p2b: Amoonguss\n|-resisted|p2b: Amoonguss\n|-damage|p2b: Amoonguss|75\/100 par\n|-damage|p1a: Gyarados|8\/100|[from] item: Rocky Helmet|[of] p2b: Amoonguss\n|move|p1b: Glimmora|Sludge Bomb|p2a: Flutter Mane\n|-supereffective|p2a: Flutter Mane\n|-damage|p2a: Flutter Mane|16\/100\n|\n|upkeep\n|turn|5\n|inactive|Smskdm has 30 seconds left.\n|inactive|yokai19 has 30 seconds left.\n|\n|t:|1682460410\n|switch|p1b: Amoonguss|Amoonguss, L50, M|100\/100\n|move|p1a: Gyarados|Protect|p1a: Gyarados\n|-singleturn|p1a: Gyarados|Protect\n|move|p2a: Flutter Mane|Dazzling Gleam|p1b: Amoonguss|[spread] p1b\n|-activate|p1a: Gyarados|move: Protect\n|-resisted|p1b: Amoonguss\n|-damage|p1b: Amoonguss|79\/100\n|move|p2b: Amoonguss|Pollen Puff|p2a: Flutter Mane\n|-heal|p2a: Flutter Mane|66\/100\n|\n|-heal|p1b: Amoonguss|85\/100|[from] item: Leftovers\n|upkeep\n|turn|6\n|inactive|Smskdm has 30 seconds left.\n|inactive|yokai19 has 30 seconds left.\n|inactive|yokai19 has 20 seconds left.\n|\n|t:|1682460449\n|move|p2a: Flutter Mane|Protect|p2a: Flutter Mane\n|-singleturn|p2a: Flutter Mane|Protect\n|move|p1a: Gyarados|Thunder Wave|p2a: Flutter Mane\n|-activate|p2a: Flutter Mane|move: Protect\n|move|p1b: Amoonguss|Spore|p2a: Flutter Mane\n|-activate|p2a: Flutter Mane|move: Protect\n|move|p2b: Amoonguss|Pollen Puff|p1a: Gyarados\n|-resisted|p1a: Gyarados\n|-damage|p1a: Gyarados|2\/100\n|\n|-heal|p1b: Amoonguss|91\/100|[from] item: Leftovers\n|upkeep\n|turn|7\n|inactive|yokai19 has 30 seconds left.\n|\n|t:|1682460476\n|move|p1a: Gyarados|Protect|p1a: Gyarados\n|-singleturn|p1a: Gyarados|Protect\n|move|p2b: Amoonguss|Rage Powder|p2b: Amoonguss\n|-singleturn|p2b: Amoonguss|move: Rage Powder\n|move|p2a: Flutter Mane|Shadow Ball|p1b: Amoonguss\n|-damage|p1b: Amoonguss|46\/100\n|move|p1b: Amoonguss|Spore|p2a: Flutter Mane\n|-status|p2a: Flutter Mane|slp|[from] move: Spore\n|\n|-heal|p1b: Amoonguss|52\/100|[from] item: Leftovers\n|upkeep\n|turn|8\n|\n|t:|1682460498\n|switch|p1a: Glimmora|Glimmora, L50, F, tera:Grass|37\/100\n|move|p2b: Amoonguss|Rage Powder|p2b: Amoonguss\n|-singleturn|p2b: Amoonguss|move: Rage Powder\n|cant|p2a: Flutter Mane|slp\n|move|p1b: Amoonguss|Pollen Puff|p1a: Glimmora\n|-heal|p1a: Glimmora|87\/100\n|\n|-heal|p1b: Amoonguss|58\/100|[from] item: Leftovers\n|upkeep\n|turn|9\n|inactive|yokai19 has 30 seconds left.\n|\n|t:|1682460532\n|-curestatus|p2a: Flutter Mane|slp|[msg]\n|move|p2a: Flutter Mane|Shadow Ball|p1b: Amoonguss\n|-damage|p1b: Amoonguss|10\/100\n|-unboost|p1b: Amoonguss|spd|1\n|move|p1a: Glimmora|Sludge Bomb|p2a: Flutter Mane\n|-supereffective|p2a: Flutter Mane\n|-damage|p2a: Flutter Mane|0 fnt\n|faint|p2a: Flutter Mane\n|-end|p2a: Flutter Mane|Protosynthesis|[silent]\n|move|p1b: Amoonguss|Pollen Puff|p1a: Glimmora\n|-heal|p1a: Glimmora|100\/100\n|move|p2b: Amoonguss|Pollen Puff|p1a: Glimmora\n|-supereffective|p1a: Glimmora\n|-damage|p1a: Glimmora|73\/100\n|\n|-heal|p1b: Amoonguss|16\/100|[from] item: Leftovers\n|upkeep\n|\n|t:|1682460549\n|switch|p2a: Palafin|Palafin-Hero, L50, F|100\/100\n|-activate|p2a: Palafin|ability: Zero to Hero\n|turn|10\n|\n|t:|1682460564\n|switch|p1b: Gyarados|Gyarados, L50, M|2\/100\n|-ability|p1b: Gyarados|Intimidate|boost\n|-unboost|p2a: Palafin|atk|1\n|-unboost|p2b: Amoonguss|atk|1\n|move|p2a: Palafin|Wave Crash|p1b: Gyarados\n|-resisted|p1b: Gyarados\n|-damage|p1b: Gyarados|0 fnt\n|faint|p1b: Gyarados\n|-damage|p2a: Palafin|99\/100|[from] Recoil\n|move|p1a: Glimmora|Energy Ball|p2a: Palafin\n|-supereffective|p2a: Palafin\n|-damage|p2a: Palafin|0 fnt\n|faint|p2a: Palafin\n|move|p2b: Amoonguss|Pollen Puff|p2: Palafin|[notarget]\n|-fail|p2b: Amoonguss\n|\n|upkeep\n|\n|t:|1682460581\n|switch|p1b: Chi-Yu|Chi-Yu, L50|100\/100\n|-ability|p1b: Chi-Yu|Beads of Ruin\n|turn|11\n|\n|t:|1682460590\n|move|p1b: Chi-Yu|Hex|p2b: Amoonguss\n|-damage|p2b: Amoonguss|25\/100 par\n|move|p1a: Glimmora|Sludge Bomb|p2b: Amoonguss\n|-damage|p2b: Amoonguss|0 fnt\n|faint|p2b: Amoonguss\n|\n|win|Smskdm\n|raw|Smskdm's rating: 1089 → 1111<\/strong> (+22 for winning)\n|raw|yokai19's rating: 1033 → 1020<\/strong> (-13 for losing)\n","uploadtime":1682460599,"views":14,"p1id":"smskdm","p2id":"yokai19","formatid":"gen9vgc2023regulationc","rating":1020,"private":0,"password":""}