{"id":"gen9vgc2023regulationc-1846254276","p1":"carsont27!","p2":"LasermanZ111","format":"[Gen 9] VGC 2023 Regulation C","log":"|j|\u2606carsont27!\n|j|\u2606LasermanZ111\n|t:|1681825826\n|gametype|doubles\n|player|p1|carsont27!|chuck|1255\n|player|p2|LasermanZ111|red|1210\n|teamsize|p1|6\n|teamsize|p2|6\n|gen|9\n|tier|[Gen 9] VGC 2023 Regulation C\n|rated|\n|rule|Species Clause: Limit one of each Pok\u00e9mon\n|rule|Item Clause: Limit one of each item\n|clearpoke\n|poke|p1|Scream Tail, L50|\n|poke|p1|Gothitelle, L50, M|\n|poke|p1|Dragapult, L50, F|\n|poke|p1|Scizor, L50, F|\n|poke|p1|Tauros-Paldea-Aqua, L50, M|\n|poke|p1|Ting-Lu, L50|\n|poke|p2|Chi-Yu, L50|\n|poke|p2|Flutter Mane, L50|\n|poke|p2|Tauros-Paldea-Aqua, L50, M|\n|poke|p2|Corviknight, L50, M|\n|poke|p2|Amoonguss, L50, M|\n|poke|p2|Sandy Shocks, L50|\n|teampreview|4\n|inactive|Battle timer is ON: inactive players will automatically lose when time's up. (requested by carsont27!)\n|c|\u2606LasermanZ111|Oh cool Tauros\nLasermanZ111 has agreed to open team sheets.\ncarsont27! has agreed to open team sheets.\n|inactive|carsont27! has 60 seconds left.\n|inactive|LasermanZ111 has 60 seconds left.\n|inactive|LasermanZ111 has 30 seconds left.\n|inactive|LasermanZ111 has 20 seconds left.\n|inactive|LasermanZ111 has 15 seconds left.\n|inactive|LasermanZ111 has 10 seconds left.\n|\n|t:|1681825907\n|start\n|switch|p1a: Scizor|Scizor, L50, F|100\/100\n|switch|p1b: Tauros|Tauros-Paldea-Aqua, L50, M|100\/100\n|switch|p2a: Flutter Mane|Flutter Mane, L50|100\/100\n|switch|p2b: Amoonguss|Amoonguss, L50, M|100\/100\n|-ability|p1b: Tauros|Intimidate|boost\n|-unboost|p2a: Flutter Mane|atk|1\n|-unboost|p2b: Amoonguss|atk|1\n|-enditem|p2a: Flutter Mane|Booster Energy\n|-activate|p2a: Flutter Mane|ability: Protosynthesis|[fromitem]\n|-start|p2a: Flutter Mane|protosynthesisspe\n|turn|1\n|inactive|LasermanZ111 has 30 seconds left.\n|inactive|LasermanZ111 has 20 seconds left.\n|inactive|LasermanZ111 has 15 seconds left.\n|\n|t:|1681825948\n|-terastallize|p1b: Tauros|Grass\n|move|p2a: Flutter Mane|Protect|p2a: Flutter Mane\n|-singleturn|p2a: Flutter Mane|Protect\n|move|p1a: Scizor|Bullet Punch|p2a: Flutter Mane\n|-activate|p2a: Flutter Mane|move: Protect\n|move|p1b: Tauros|Zen Headbutt|p2b: Amoonguss\n|-supereffective|p2b: Amoonguss\n|-damage|p2b: Amoonguss|58\/100\n|move|p2b: Amoonguss|Spore|p1b: Tauros\n|-immune|p1b: Tauros\n|\n|upkeep\n|turn|2\n|inactive|LasermanZ111 has 30 seconds left.\n|\n|t:|1681825981\n|-end|p2a: Flutter Mane|Protosynthesis|[silent]\n|switch|p2a: Chi-Yu|Chi-Yu, L50|100\/100\n|-ability|p2a: Chi-Yu|Beads of Ruin\n|-terastallize|p2b: Amoonguss|Water\n|move|p1a: Scizor|Bullet Punch|p2a: Chi-Yu\n|-resisted|p2a: Chi-Yu\n|-damage|p2a: Chi-Yu|73\/100\n|move|p1b: Tauros|Zen Headbutt|p2b: Amoonguss\n|-damage|p2b: Amoonguss|35\/100\n|-enditem|p2b: Amoonguss|Sitrus Berry|[eat]\n|-heal|p2b: Amoonguss|59\/100|[from] item: Sitrus Berry\n|move|p2b: Amoonguss|Spore|p1a: Scizor\n|-status|p1a: Scizor|slp|[from] move: Spore\n|\n|upkeep\n|turn|3\n|inactive|LasermanZ111 has 30 seconds left.\n|\n|t:|1681826013\n|switch|p1a: Gothitelle|Gothitelle, L50, M|100\/100\n|move|p2b: Amoonguss|Rage Powder|p2b: Amoonguss\n|-singleturn|p2b: Amoonguss|move: Rage Powder\n|move|p2a: Chi-Yu|Heat Wave|p1b: Tauros|[spread] p1a,p1b\n|-crit|p1a: Gothitelle\n|-supereffective|p1b: Tauros\n|-damage|p1a: Gothitelle|39\/100\n|-damage|p1b: Tauros|17\/100\n|move|p1b: Tauros|Raging Bull|p2a: Chi-Yu\n|-supereffective|p2a: Chi-Yu\n|-damage|p2a: Chi-Yu|0 fnt\n|faint|p2a: Chi-Yu\n|\n|upkeep\n|\n|t:|1681826034\n|switch|p2a: Flutter Mane|Flutter Mane, L50|100\/100\n|turn|4\n|\n|t:|1681826050\n|switch|p1b: Scizor|Scizor, L50, F|100\/100 slp\n|move|p1a: Gothitelle|Protect|p1a: Gothitelle\n|-singleturn|p1a: Gothitelle|Protect\n|move|p2a: Flutter Mane|Dazzling Gleam|p1a: Gothitelle|[spread] p1b\n|-activate|p1a: Gothitelle|move: Protect\n|-resisted|p1b: Scizor\n|-damage|p1b: Scizor|83\/100 slp\n|move|p2b: Amoonguss|Spore|p1a: Gothitelle\n|-activate|p1a: Gothitelle|move: Protect\n|\n|upkeep\n|turn|5\n|inactive|carsont27! has 30 seconds left.\n|\n|t:|1681826076\n|move|p2b: Amoonguss|Rage Powder|p2b: Amoonguss\n|-singleturn|p2b: Amoonguss|move: Rage Powder\n|move|p2a: Flutter Mane|Shadow Ball|p1a: Gothitelle\n|-supereffective|p1a: Gothitelle\n|-damage|p1a: Gothitelle|0 fnt\n|faint|p1a: Gothitelle\n|cant|p1b: Scizor|slp\n|\n|upkeep\n|\n|t:|1681826087\n|switch|p1a: Scream Tail|Scream Tail, L50|100\/100\n|-enditem|p1a: Scream Tail|Booster Energy\n|-activate|p1a: Scream Tail|ability: Protosynthesis|[fromitem]\n|-start|p1a: Scream Tail|protosynthesisspe\n|turn|6\n|\n|t:|1681826096\n|move|p2b: Amoonguss|Rage Powder|p2b: Amoonguss\n|-singleturn|p2b: Amoonguss|move: Rage Powder\n|move|p1a: Scream Tail|Howl|p1a: Scream Tail|[spread] p1a,p1b\n|-boost|p1a: Scream Tail|atk|1\n|-boost|p1b: Scizor|atk|1\n|move|p2a: Flutter Mane|Shadow Ball|p1b: Scizor\n|-damage|p1b: Scizor|36\/100 slp\n|-curestatus|p1b: Scizor|slp|[msg]\n|move|p1b: Scizor|Pounce|p2b: Amoonguss\n|-damage|p2b: Amoonguss|4\/100\n|-unboost|p2b: Amoonguss|spe|1\n|\n|upkeep\n|turn|7\n|inactive|carsont27! has 30 seconds left.\n|\n|t:|1681826122\n|move|p2b: Amoonguss|Rage Powder|p2b: Amoonguss\n|-singleturn|p2b: Amoonguss|move: Rage Powder\n|move|p1b: Scizor|Bullet Punch|p2b: Amoonguss\n|-resisted|p2b: Amoonguss\n|-damage|p2b: Amoonguss|0 fnt\n|faint|p2b: Amoonguss\n|move|p1a: Scream Tail|Play Rough|p2a: Flutter Mane|[miss]\n|-miss|p1a: Scream Tail|p2a: Flutter Mane\n|move|p2a: Flutter Mane|Shadow Ball|p1b: Scizor\n|-damage|p1b: Scizor|0 fnt\n|faint|p1b: Scizor\n|\n|upkeep\n|\n|t:|1681826134\n|switch|p1b: Tauros|Tauros-Paldea-Aqua, L50, M, tera:Grass|17\/100\n|switch|p2b: Sandy Shocks|Sandy Shocks, L50|100\/100\n|-ability|p1b: Tauros|Intimidate|boost\n|-unboost|p2a: Flutter Mane|atk|1\n|-unboost|p2b: Sandy Shocks|atk|1\n|turn|8\n|\n|t:|1681826152\n|move|p1b: Tauros|Aqua Jet|p2a: Flutter Mane\n|-damage|p2a: Flutter Mane|70\/100\n|move|p1a: Scream Tail|Play Rough|p2a: Flutter Mane\n|-damage|p2a: Flutter Mane|13\/100\n|move|p2a: Flutter Mane|Dazzling Gleam|p1a: Scream Tail|[spread] p1a,p1b\n|-damage|p1a: Scream Tail|81\/100\n|-damage|p1b: Tauros|0 fnt\n|faint|p1b: Tauros\n|move|p2b: Sandy Shocks|Thunderbolt|p1a: Scream Tail\n|-damage|p1a: Scream Tail|42\/100\n|-damage|p2b: Sandy Shocks|91\/100|[from] item: Life Orb\n|\n|upkeep\n|turn|9\n|\n|t:|1681826167\n|move|p1a: Scream Tail|Play Rough|p2a: Flutter Mane\n|-crit|p2a: Flutter Mane\n|-damage|p2a: Flutter Mane|0 fnt\n|faint|p2a: Flutter Mane\n|-end|p2a: Flutter Mane|Protosynthesis|[silent]\n|move|p2b: Sandy Shocks|Thunderbolt|p1a: Scream Tail\n|-damage|p1a: Scream Tail|1\/100\n|-damage|p2b: Sandy Shocks|81\/100|[from] item: Life Orb\n|\n|upkeep\n|turn|10\n|\n|t:|1681826178\n|move|p1a: Scream Tail|Play Rough|p2b: Sandy Shocks\n|-damage|p2b: Sandy Shocks|36\/100\n|move|p2b: Sandy Shocks|Thunderbolt|p1a: Scream Tail\n|-damage|p1a: Scream Tail|0 fnt\n|faint|p1a: Scream Tail\n|-end|p1a: Scream Tail|Protosynthesis|[silent]\n|-damage|p2b: Sandy Shocks|26\/100|[from] item: Life Orb\n|\n|win|LasermanZ111\n|raw|carsont27!'s rating: 1255 → 1227<\/strong> (-28 for losing)\n|raw|LasermanZ111's rating: 1210 → 1238<\/strong> (+28 for winning)\n|l|\u2606carsont27!\n","uploadtime":1681826188,"views":8,"p1id":"carsont27","p2id":"lasermanz111","formatid":"gen9vgc2023regulationc","rating":1227,"private":0,"password":""}