{"id":"gen9vgc2023regulationc-1852961825","p1":"Mlemcorice","p2":"vasuvasuvasu","format":"[Gen 9] VGC 2023 Regulation C","log":"|j|\u2606Mlemcorice\n|j|\u203dvasuvasuvasu\n|t:|1682620910\n|gametype|doubles\n|player|p1|Mlemcorice|beauty-gen4dp|\n|player|p2|vasuvasuvasu|170|\n|teamsize|p1|6\n|teamsize|p2|6\n|gen|9\n|tier|[Gen 9] VGC 2023 Regulation C\n|rule|Species Clause: Limit one of each Pok\u00e9mon\n|rule|Item Clause: Limit one of each item\n|clearpoke\n|poke|p1|Dachsbun, L50, M|\n|poke|p1|Chi-Yu, L50|\n|poke|p1|Typhlosion, L50, F|\n|poke|p1|Gastrodon-East, L50, M|\n|poke|p1|Noivern, L50, M|\n|poke|p1|Amoonguss, L50, F|\n|poke|p2|Gholdengo, L50|\n|poke|p2|Meowscarada, L50, M|\n|poke|p2|Roaring Moon, L50|\n|poke|p2|Iron Bundle, L50|\n|poke|p2|Iron Valiant, L50|\n|poke|p2|Gothorita, L50, M|\n|teampreview|4\n|j| ContessaZia\nMlemcorice has agreed to open team sheets.\nvasuvasuvasu has agreed to open team sheets.\n|\n|t:|1682621049\n|start\n|switch|p1a: Beam|Chi-Yu, L50|100\/100\n|switch|p1b: Bat|Noivern, L50, M|100\/100\n|switch|p2a: Roaring Moon|Roaring Moon, L50|100\/100\n|switch|p2b: Gothorita|Gothorita, L50, M|100\/100\n|-ability|p1a: Beam|Beads of Ruin\n|-enditem|p2a: Roaring Moon|Booster Energy\n|-activate|p2a: Roaring Moon|ability: Protosynthesis|[fromitem]\n|-start|p2a: Roaring Moon|protosynthesisatk\n|turn|1\n|\n|t:|1682621108\n|move|p2b: Gothorita|Fake Out|p1a: Beam\n|-damage|p1a: Beam|94\/100\n|cant|p1a: Beam|flinch\n|move|p1b: Bat|Draco Meteor|p2a: Roaring Moon\n|-supereffective|p2a: Roaring Moon\n|-damage|p2a: Roaring Moon|0 fnt\n|-unboost|p1b: Bat|spa|2\n|faint|p2a: Roaring Moon\n|-end|p2a: Roaring Moon|Protosynthesis|[silent]\n|\n|upkeep\n|\n|t:|1682621125\n|switch|p2a: Iron Bundle|Iron Bundle, L50|100\/100\n|turn|2\n|\n|t:|1682621149\n|-terastallize|p2a: Iron Bundle|Ice\n|move|p2b: Gothorita|Helping Hand|p2a: Iron Bundle\n|-singleturn|p2a: Iron Bundle|Helping Hand|[of] p2b: Gothorita\n|move|p1a: Beam|Lava Plume|p2a: Iron Bundle|[spread] p2a,p2b\n|-activate|p1b: Bat|ability: Telepathy\n|-supereffective|p2a: Iron Bundle\n|-enditem|p2a: Iron Bundle|Focus Sash\n|-damage|p2a: Iron Bundle|1\/100\n|-damage|p2b: Gothorita|67\/100\n|move|p2a: Iron Bundle|Icy Wind|p1b: Bat|[spread] p1a,p1b\n|-resisted|p1a: Beam\n|-supereffective|p1b: Bat\n|-damage|p1a: Beam|75\/100\n|-enditem|p1b: Bat|Focus Sash\n|-damage|p1b: Bat|1\/100\n|-unboost|p1a: Beam|spe|1\n|-unboost|p1b: Bat|spe|1\n|move|p1b: Bat|U-turn|p2a: Iron Bundle\n|-damage|p2a: Iron Bundle|0 fnt\n|faint|p2a: Iron Bundle\n|-end|p2a: Iron Bundle|Quark Drive|[silent]\n|\n|t:|1682621170\n|switch|p1b: Power|Typhlosion, L50, F|100\/100|[from] U-turn\n|\n|upkeep\n|\n|t:|1682621174\n|switch|p2a: Meowscarada|Meowscarada, L50, M|100\/100\n|turn|3\n|\n|t:|1682621210\n|move|p2a: Meowscarada|Knock Off|p1b: Power\n|-start|p2a: Meowscarada|typechange|Dark|[from] ability: Protean\n|-damage|p1b: Power|4\/100\n|-enditem|p1b: Power|Life Orb|[from] move: Knock Off|[of] p2a: Meowscarada\n|move|p1b: Power|Eruption|p2a: Meowscarada|[spread] p2a,p2b\n|-damage|p2a: Meowscarada|97\/100\n|-damage|p2b: Gothorita|64\/100\n|move|p1a: Beam|Lava Plume|p2b: Gothorita|[spread] p2a,p2b\n|-start|p1b: Power|ability: Flash Fire\n|-damage|p2a: Meowscarada|35\/100\n|-damage|p2b: Gothorita|33\/100\n|move|p2b: Gothorita|Light Screen|p2b: Gothorita\n|-sidestart|p2: vasuvasuvasu|move: Light Screen\n|\n|upkeep\n|turn|4\n|\n|t:|1682621279\n|move|p1b: Power|Protect|p1b: Power\n|-singleturn|p1b: Power|Protect\n|move|p2a: Meowscarada|Knock Off|p1a: Beam\n|-resisted|p1a: Beam\n|-damage|p1a: Beam|26\/100\n|-enditem|p1a: Beam|Choice Scarf|[from] move: Knock Off|[of] p2a: Meowscarada\n|move|p2b: Gothorita|Heal Pulse|p2a: Meowscarada\n|-heal|p2a: Meowscarada|85\/100\n|move|p1a: Beam|Lava Plume|p2a: Meowscarada|[spread] p2a,p2b\n|-activate|p1b: Power|move: Protect\n|-damage|p2a: Meowscarada|45\/100\n|-damage|p2b: Gothorita|12\/100\n|-status|p2a: Meowscarada|brn\n|\n|-damage|p2a: Meowscarada|39\/100 brn|[from] brn\n|upkeep\n|turn|5\n|\n|t:|1682621321\n|move|p2a: Meowscarada|Knock Off|p1b: Power\n|-damage|p1b: Power|0 fnt\n|faint|p1b: Power\n|move|p2b: Gothorita|Heal Pulse|p2a: Meowscarada\n|-heal|p2a: Meowscarada|89\/100 brn\n|move|p1a: Beam|Dark Pulse|p2b: Gothorita\n|-supereffective|p2b: Gothorita\n|-damage|p2b: Gothorita|0 fnt\n|faint|p2b: Gothorita\n|\n|-damage|p2a: Meowscarada|83\/100 brn|[from] brn\n|upkeep\n|\n|t:|1682621333\n|switch|p1b: Pochita|Dachsbun, L50, M|100\/100\n|turn|6\n|-message|vasuvasuvasu forfeited.\n|\n|win|Mlemcorice\n|l|\u203dvasuvasuvasu\n|l|\u2606Mlemcorice\n","uploadtime":1682621359,"views":8,"p1id":"mlemcorice","p2id":"vasuvasuvasu","formatid":"gen9vgc2023regulationc","rating":0,"private":0,"password":""}