{"id":"gen9vgc2023regulationc-1844832796","p1":"haha u rage quit","p2":"Vengeful potato","format":"[Gen 9] VGC 2023 Regulation C","log":"|j|\u2606haha u rage quit\n|j|\u2606Vengeful potato\n|t:|1681654151\n|gametype|doubles\n|player|p1|haha u rage quit|pokemaniac|1309\n|player|p2|Vengeful potato|swimmer-gen4|1272\n|teamsize|p1|6\n|teamsize|p2|6\n|gen|9\n|tier|[Gen 9] VGC 2023 Regulation C\n|rated|\n|rule|Species Clause: Limit one of each Pok\u00e9mon\n|rule|Item Clause: Limit one of each item\n|clearpoke\n|poke|p1|Meowscarada, L50, M|\n|poke|p1|Tatsugiri-Droopy, L50, M|\n|poke|p1|Talonflame, L50, M|\n|poke|p1|Pawmot, L50, M|\n|poke|p1|Dondozo, L50, M|\n|poke|p1|Arcanine, L50, M|\n|poke|p2|Tauros-Paldea-Blaze, L50, M|\n|poke|p2|Rotom-Wash, L50|\n|poke|p2|Corviknight, L50, M|\n|poke|p2|Maushold, L50|\n|poke|p2|Mimikyu, L50, F|\n|poke|p2|Iron Jugulis, L50|\n|teampreview|4\n|\n|t:|1681654186\n|start\n|switch|p1a: Meowscarada|Meowscarada, L50, M|100\/100\n|switch|p1b: Pawmot|Pawmot, L50, M, shiny|100\/100\n|switch|p2a: \ud83d\udd25|Tauros-Paldea-Blaze, L50, M|100\/100\n|switch|p2b: Survival Tactics|Corviknight, L50, M, shiny|100\/100\n|-ability|p2a: \ud83d\udd25|Intimidate|boost\n|-unboost|p1a: Meowscarada|atk|1\n|-unboost|p1b: Pawmot|atk|1\n|turn|1\n|\n|t:|1681654216\n|switch|p2a: Vengeance|Mimikyu, L50, F, shiny|100\/100\n|move|p1a: Meowscarada|Play Rough|p2a: Vengeance\n|-start|p1a: Meowscarada|typechange|Fairy|[from] ability: Protean\n|-activate|p2a: Vengeance|ability: Disguise\n|-damage|p2a: Vengeance|100\/100\n|detailschange|p2a: Vengeance|Mimikyu-Busted, L50, F, shiny\n|-damage|p2a: Vengeance|88\/100|[from] pokemon: Mimikyu-Busted\n|move|p1b: Pawmot|Double Shock|p2b: Survival Tactics\n|-supereffective|p2b: Survival Tactics\n|-damage|p2b: Survival Tactics|36\/100\n|-start|p1b: Pawmot|typechange|???\/Fighting|[from] move: Double Shock\n|move|p2b: Survival Tactics|U-turn|p1a: Meowscarada\n|-resisted|p1a: Meowscarada\n|-damage|p1a: Meowscarada|91\/100\n|\n|t:|1681654231\n|switch|p2b: \ud83d\udd25|Tauros-Paldea-Blaze, L50, M|100\/100|[from] U-turn\n|-ability|p2b: \ud83d\udd25|Intimidate|boost\n|-unboost|p1a: Meowscarada|atk|1\n|-unboost|p1b: Pawmot|atk|1\n|\n|upkeep\n|turn|2\n|\n|t:|1681654248\n|switch|p2a: Survival Tactics|Corviknight, L50, M, shiny|36\/100\n|move|p1b: Pawmot|Protect|p1b: Pawmot\n|-singleturn|p1b: Pawmot|Protect\n|move|p1a: Meowscarada|Play Rough|p2b: \ud83d\udd25|[miss]\n|-miss|p1a: Meowscarada|p2b: \ud83d\udd25\n|move|p2b: \ud83d\udd25|Flare Blitz|p1b: Pawmot\n|-activate|p1b: Pawmot|move: Protect\n|\n|upkeep\n|turn|3\n|\n|t:|1681654269\n|move|p1a: Meowscarada|Play Rough|p2b: \ud83d\udd25\n|-damage|p2b: \ud83d\udd25|77\/100\n|move|p1b: Pawmot|Close Combat|p2a: Survival Tactics\n|-damage|p2a: Survival Tactics|12\/100\n|-unboost|p1b: Pawmot|def|1\n|-unboost|p1b: Pawmot|spd|1\n|move|p2b: \ud83d\udd25|Flare Blitz|p1a: Meowscarada\n|-damage|p1a: Meowscarada|21\/100\n|-damage|p2b: \ud83d\udd25|52\/100|[from] Recoil\n|move|p2a: Survival Tactics|Roost|p2a: Survival Tactics\n|-heal|p2a: Survival Tactics|62\/100\n|-singleturn|p2a: Survival Tactics|move: Roost\n|\n|upkeep\n|turn|4\n|\n|t:|1681654301\n|switch|p1a: Tatsugiri|Tatsugiri-Droopy, L50, M|100\/100\n|switch|p1b: Dondozo|Dondozo, L50, M|100\/100\n|-activate|p1a: Tatsugiri|ability: Commander|[of] p1b: Dondozo\n|-boost|p1b: Dondozo|atk|2\n|-boost|p1b: Dondozo|spa|2\n|-boost|p1b: Dondozo|spe|2\n|-boost|p1b: Dondozo|def|2\n|-boost|p1b: Dondozo|spd|2\n|move|p2b: \ud83d\udd25|Rock Slide|p1a: Tatsugiri|[spread] p1b\n|-miss|p2b: \ud83d\udd25|p1a: Tatsugiri\n|-damage|p1b: Dondozo|94\/100\n|move|p2a: Survival Tactics|Brave Bird|p1b: Dondozo\n|-damage|p1b: Dondozo|79\/100\n|-damage|p2a: Survival Tactics|57\/100|[from] Recoil\n|\n|upkeep\n|turn|5\n|\n|t:|1681654322\n|switch|p2b: THE MAUS IS REAL!!|Maushold, L50, shiny|100\/100\n|move|p1b: Dondozo|Wave Crash|p2a: Survival Tactics\n|-damage|p2a: Survival Tactics|0 fnt\n|faint|p2a: Survival Tactics\n|-damage|p1b: Dondozo|63\/100|[from] Recoil\n|\n|upkeep\n|\n|t:|1681654330\n|switch|p2a: Vengeance|Mimikyu-Busted, L50, F, shiny|88\/100\n|turn|6\n|\n|t:|1681654339\n|move|p2b: THE MAUS IS REAL!!|Follow Me|p2b: THE MAUS IS REAL!!\n|-singleturn|p2b: THE MAUS IS REAL!!|move: Follow Me\n|move|p1b: Dondozo|Earthquake|p2a: Vengeance|[spread] p2a,p2b\n|-miss|p1b: Dondozo|p1a: Tatsugiri\n|-damage|p2a: Vengeance|41\/100\n|-damage|p2b: THE MAUS IS REAL!!|50\/100\n|move|p2a: Vengeance|Curse|p1b: Dondozo\n|-start|p1b: Dondozo|Curse|[of] p2a: Vengeance\n|-damage|p2a: Vengeance|0 fnt\n|faint|p2a: Vengeance\n|\n|-damage|p1b: Dondozo|38\/100|[from] Curse\n|upkeep\n|\n|t:|1681654347\n|switch|p2a: \ud83d\udd25|Tauros-Paldea-Blaze, L50, M|52\/100\n|-ability|p2a: \ud83d\udd25|Intimidate|boost\n|-unboost|p1a: Tatsugiri|atk|1\n|-fail|p1b: Dondozo|unboost|Attack|[from] ability: Oblivious|[of] p1b: Dondozo\n|turn|7\n|\n|t:|1681654366\n|-terastallize|p2a: \ud83d\udd25|Grass\n|move|p1b: Dondozo|Earthquake|p2a: \ud83d\udd25|[spread] p2a,p2b\n|-miss|p1b: Dondozo|p1a: Tatsugiri\n|-resisted|p2a: \ud83d\udd25\n|-damage|p2a: \ud83d\udd25|34\/100\n|-damage|p2b: THE MAUS IS REAL!!|0 fnt\n|faint|p2b: THE MAUS IS REAL!!\n|move|p2a: \ud83d\udd25|Trailblaze|p1b: Dondozo\n|-supereffective|p1b: Dondozo\n|-damage|p1b: Dondozo|17\/100\n|-boost|p2a: \ud83d\udd25|spe|1\n|\n|-damage|p1b: Dondozo|0 fnt|[from] Curse\n|faint|p1b: Dondozo\n|upkeep\n|\n|t:|1681654382\n|switch|p1b: Meowscarada|Meowscarada, L50, M|21\/100\n|turn|8\n|\n|t:|1681654387\n|move|p1b: Meowscarada|Knock Off|p2a: \ud83d\udd25\n|-start|p1b: Meowscarada|typechange|Dark|[from] ability: Protean\n|-damage|p2a: \ud83d\udd25|0 fnt\n|-enditem|p2a: \ud83d\udd25|Assault Vest|[from] move: Knock Off|[of] p1b: Meowscarada\n|faint|p2a: \ud83d\udd25\n|\n|win|haha u rage quit\n|raw|haha u rage quit's rating: 1309 → 1327<\/strong> (+18 for winning)\n|raw|Vengeful potato's rating: 1272 → 1250<\/strong> (-22 for losing)\n|c|\u2606Vengeful potato|Ggs\n|l|\u2606Vengeful potato\n","uploadtime":1681654413,"views":12,"p1id":"hahauragequit","p2id":"vengefulpotato","formatid":"gen9vgc2023regulationc","rating":1250,"private":0,"password":""}