{"id":"gen9vgc2023regulationc-1860650108","p1":"BaltimoreBuizels","p2":"parissof","format":"[Gen 9] VGC 2023 Regulation C","log":"|j|\u2606BaltimoreBuizels\n|j|\u2606parissof\n|t:|1683662538\n|gametype|doubles\n|player|p1|BaltimoreBuizels|flannery|1157\n|player|p2|parissof|dragontamer|1178\n|teamsize|p1|6\n|teamsize|p2|6\n|gen|9\n|tier|[Gen 9] VGC 2023 Regulation C\n|rated|\n|rule|Species Clause: Limit one of each Pok\u00e9mon\n|rule|Item Clause: Limit one of each item\n|clearpoke\n|poke|p1|Dragapult, L50, F|\n|poke|p1|Chien-Pao, L50|\n|poke|p1|Talonflame, L50, F|\n|poke|p1|Iron Bundle, L50|\n|poke|p1|Flutter Mane, L50|\n|poke|p1|Amoonguss, L50, F|\n|poke|p2|Arcanine, L50, F|\n|poke|p2|Gothitelle, L50, M|\n|poke|p2|Flutter Mane, L50|\n|poke|p2|Great Tusk, L50|\n|poke|p2|Scizor, L50, F|\n|poke|p2|Amoonguss, L50, M|\n|teampreview|4\n|inactive|Battle timer is ON: inactive players will automatically lose when time's up. (requested by BaltimoreBuizels)\n|inactive|parissof also wants the timer to be on.\n|inactive|parissof has 60 seconds left.\n|\n|t:|1683662633\n|start\n|switch|p1a: Gimbob|Iron Bundle, L50, shiny|100\/100\n|switch|p1b: Fluttercott|Flutter Mane, L50, shiny|100\/100\n|switch|p2a: Scizor|Scizor, L50, F|100\/100\n|switch|p2b: Arcanine|Arcanine, L50, F|100\/100\n|-ability|p2b: Arcanine|Intimidate|boost\n|-unboost|p1a: Gimbob|atk|1\n|-unboost|p1b: Fluttercott|atk|1\n|-enditem|p1a: Gimbob|Booster Energy\n|-activate|p1a: Gimbob|ability: Quark Drive|[fromitem]\n|-start|p1a: Gimbob|quarkdrivespe\n|turn|1\n|inactive|parissof has 30 seconds left.\n|\n|t:|1683662659\n|-terastallize|p1b: Fluttercott|Water\n|-terastallize|p2b: Arcanine|Water\n|move|p2a: Scizor|Bullet Punch|p1b: Fluttercott\n|-resisted|p1b: Fluttercott\n|-damage|p1b: Fluttercott|74\/100\n|move|p1a: Gimbob|Hydro Pump|p2b: Arcanine\n|-resisted|p2b: Arcanine\n|-damage|p2b: Arcanine|73\/100\n|move|p1b: Fluttercott|Shadow Ball|p2a: Scizor\n|-damage|p2a: Scizor|26\/100\n|move|p2b: Arcanine|Flare Blitz|p1a: Gimbob\n|-damage|p1a: Gimbob|46\/100\n|-damage|p2b: Arcanine|61\/100|[from] Recoil\n|\n|upkeep\n|turn|2\n|inactive|parissof has 30 seconds left.\n|\n|t:|1683662688\n|move|p2b: Arcanine|Extreme Speed|p1b: Fluttercott\n|-crit|p1b: Fluttercott\n|-damage|p1b: Fluttercott|25\/100\n|move|p2a: Scizor|Bullet Punch|p1a: Gimbob\n|-damage|p1a: Gimbob|0 fnt\n|faint|p1a: Gimbob\n|-end|p1a: Gimbob|Quark Drive|[silent]\n|move|p1b: Fluttercott|Shadow Ball|p2a: Scizor\n|-damage|p2a: Scizor|0 fnt\n|faint|p2a: Scizor\n|\n|upkeep\n|\n|t:|1683662700\n|switch|p1a: Turkeyleg|Dragapult, L50, F, shiny|100\/100\n|switch|p2a: Amoonguss|Amoonguss, L50, M|100\/100\n|turn|3\n|\n|t:|1683662724\n|switch|p1a: Taloncott|Talonflame, L50, F, shiny|100\/100\n|move|p2b: Arcanine|Extreme Speed|p1b: Fluttercott\n|-damage|p1b: Fluttercott|0 fnt\n|faint|p1b: Fluttercott\n|-end|p1b: Fluttercott|Protosynthesis|[silent]\n|move|p2a: Amoonguss|Spore|p1a: Taloncott\n|-activate|p1a: Taloncott|item: Safety Goggles|Spore\n|\n|upkeep\n|\n|t:|1683662729\n|switch|p1b: Turkeyleg|Dragapult, L50, F, shiny|100\/100\n|turn|4\n|inactive|parissof has 30 seconds left.\n|\n|t:|1683662755\n|move|p1b: Turkeyleg|Phantom Force||[still]\n|-prepare|p1b: Turkeyleg|Phantom Force\n|move|p1a: Taloncott|Taunt|p2a: Amoonguss\n|-start|p2a: Amoonguss|move: Taunt\n|move|p2b: Arcanine|Howl|p2b: Arcanine|[spread] p2a,p2b\n|-boost|p2a: Amoonguss|atk|1\n|-boost|p2b: Arcanine|atk|1\n|cant|p2a: Amoonguss|move: Taunt|Spore\n|\n|upkeep\n|turn|5\n|\n|t:|1683662773\n|move|p2b: Arcanine|Extreme Speed|p1a: Taloncott\n|-damage|p1a: Taloncott|68\/100\n|move|p1b: Turkeyleg|Phantom Force|p2b: Arcanine|[from]lockedmove\n|-damage|p2b: Arcanine|5\/100\n|-damage|p1b: Turkeyleg|91\/100|[from] item: Life Orb\n|move|p1a: Taloncott|Brave Bird|p2b: Arcanine\n|-damage|p2b: Arcanine|0 fnt\n|faint|p2b: Arcanine\n|-damage|p1a: Taloncott|66\/100|[from] Recoil\n|move|p2a: Amoonguss|Pollen Puff|p2: Arcanine|[notarget]\n|-fail|p2a: Amoonguss\n|\n|upkeep\n|\n|t:|1683662786\n|switch|p2b: Flutter Mane|Flutter Mane, L50|100\/100\n|turn|6\n|\n|t:|1683662810\n|move|p1b: Turkeyleg|Phantom Force||[still]\n|-prepare|p1b: Turkeyleg|Phantom Force\n|move|p2b: Flutter Mane|Thunderbolt|p1a: Taloncott\n|-supereffective|p1a: Taloncott\n|-damage|p1a: Taloncott|0 fnt\n|faint|p1a: Taloncott\n|move|p2a: Amoonguss|Pollen Puff|p1b: Turkeyleg|[miss]\n|-miss|p2a: Amoonguss|p1b: Turkeyleg\n|\n|-end|p2a: Amoonguss|move: Taunt\n|upkeep\n|turn|7\n|\n|t:|1683662823\n|move|p2a: Amoonguss|Rage Powder|p2a: Amoonguss\n|-singleturn|p2a: Amoonguss|move: Rage Powder\n|move|p1b: Turkeyleg|Phantom Force|p2a: Amoonguss|[from]lockedmove\n|-damage|p2a: Amoonguss|49\/100\n|-enditem|p2a: Amoonguss|Sitrus Berry|[eat]\n|-heal|p2a: Amoonguss|74\/100|[from] item: Sitrus Berry\n|-damage|p1b: Turkeyleg|81\/100|[from] item: Life Orb\n|move|p2b: Flutter Mane|Thunderbolt|p1b: Turkeyleg\n|-resisted|p1b: Turkeyleg\n|-damage|p1b: Turkeyleg|47\/100\n|-status|p1b: Turkeyleg|par\n|\n|upkeep\n|turn|8\n|-message|BaltimoreBuizels forfeited.\n|\n|win|parissof\n|raw|BaltimoreBuizels's rating: 1157 → 1134<\/strong> (-23 for losing)\n|raw|parissof's rating: 1178 → 1201<\/strong> (+23 for winning)\n|l|\u2606parissof\n","uploadtime":1683662840,"views":16,"p1id":"baltimorebuizels","p2id":"parissof","formatid":"gen9vgc2023regulationc","rating":1134,"private":0,"password":""}