{"id":"gen9vgc2023regulationc-1854340812","p1":"Esspecialy","p2":"mence x vgc","format":"[Gen 9] VGC 2023 Regulation C","log":"|j|\u2606Esspecialy\n|j|\u2606mence x vgc\n|t:|1682798996\n|gametype|doubles\n|player|p1|Esspecialy|burglar|1375\n|player|p2|mence x vgc|janine|1375\n|teamsize|p1|6\n|teamsize|p2|6\n|gen|9\n|tier|[Gen 9] VGC 2023 Regulation C\n|rated|\n|rule|Species Clause: Limit one of each Pok\u00e9mon\n|rule|Item Clause: Limit one of each item\n|clearpoke\n|poke|p1|Iron Jugulis, L50|\n|poke|p1|Azumarill, L50, F|\n|poke|p1|Pincurchin, L50, M|\n|poke|p1|Lilligant, L50, F|\n|poke|p1|Iron Treads, L50|\n|poke|p1|Ceruledge, L50, M|\n|poke|p2|Amoonguss, L50, F|\n|poke|p2|Gyarados, L50, F|\n|poke|p2|Baxcalibur, L50, M|\n|poke|p2|Flutter Mane, L50|\n|poke|p2|Chi-Yu, L50|\n|poke|p2|Ting-Lu, L50|\n|teampreview|4\n|inactive|Battle timer is ON: inactive players will automatically lose when time's up. (requested by mence x vgc)\n|inactive|mence x vgc has 60 seconds left.\n|inactive|mence x vgc has 30 seconds left.\n|inactive|mence x vgc has 20 seconds left.\n|inactive|mence x vgc has 15 seconds left.\n|inactive|mence x vgc has 10 seconds left.\n|\n|t:|1682799078\n|start\n|switch|p1a: E-Jugs|Iron Jugulis, L50, shiny|100\/100\n|switch|p1b: E-Churchin|Pincurchin, L50, M, shiny|100\/100\n|switch|p2a: Amoonguss|Amoonguss, L50, F, shiny|100\/100\n|switch|p2b: Flutter Mane|Flutter Mane, L50, shiny|100\/100\n|-fieldstart|move: Electric Terrain|[from] ability: Electric Surge|[of] p1b: E-Churchin\n|-activate|p1a: E-Jugs|ability: Quark Drive\n|-start|p1a: E-Jugs|quarkdrivespe\n|-enditem|p2b: Flutter Mane|Booster Energy\n|-activate|p2b: Flutter Mane|ability: Protosynthesis|[fromitem]\n|-start|p2b: Flutter Mane|protosynthesisspa\n|turn|1\n|inactive|Esspecialy has 30 seconds left.\n|inactive|mence x vgc has 30 seconds left.\n|inactive|Esspecialy has 20 seconds left.\n|inactive|Esspecialy has 15 seconds left.\n|\n|t:|1682799119\n|-terastallize|p1a: E-Jugs|Steel\n|move|p2a: Amoonguss|Protect|p2a: Amoonguss\n|-singleturn|p2a: Amoonguss|Protect\n|move|p1a: E-Jugs|Air Slash|p2a: Amoonguss\n|-activate|p2a: Amoonguss|move: Protect\n|move|p2b: Flutter Mane|Dazzling Gleam|p1a: E-Jugs|[spread] p1a,p1b\n|-resisted|p1a: E-Jugs\n|-damage|p1a: E-Jugs|80\/100\n|-damage|p1b: E-Churchin|55\/100\n|move|p1b: E-Churchin|Zing Zap|p2b: Flutter Mane\n|-damage|p2b: Flutter Mane|39\/100\n|\n|upkeep\n|turn|2\n|inactive|Esspecialy has 30 seconds left.\n|inactive|mence x vgc has 30 seconds left.\n|inactive|mence x vgc has 20 seconds left.\n|inactive|mence x vgc has 15 seconds left.\n|inactive|mence x vgc has 10 seconds left.\n|inactive|mence x vgc has 5 seconds left.\n|\n|t:|1682799171\n|move|p2a: Amoonguss|Rage Powder|p2a: Amoonguss\n|-singleturn|p2a: Amoonguss|move: Rage Powder\n|move|p1a: E-Jugs|Tailwind|p1a: E-Jugs\n|-sidestart|p1: Esspecialy|move: Tailwind\n|move|p2b: Flutter Mane|Shadow Ball|p1a: E-Jugs\n|-crit|p1a: E-Jugs\n|-damage|p1a: E-Jugs|0 fnt\n|faint|p1a: E-Jugs\n|-end|p1a: E-Jugs|Quark Drive|[silent]\n|move|p1b: E-Churchin|Thunder Wave|p2a: Amoonguss\n|-status|p2a: Amoonguss|par\n|\n|upkeep\n|\n|t:|1682799178\n|switch|p1a: E-Treads|Iron Treads, L50, shiny|100\/100\n|-activate|p1a: E-Treads|ability: Quark Drive\n|-start|p1a: E-Treads|quarkdriveatk\n|turn|3\n|inactive|mence x vgc has 30 seconds left.\n|inactive|mence x vgc has 20 seconds left.\n|inactive|mence x vgc has 15 seconds left.\n|inactive|mence x vgc has 10 seconds left.\n|inactive|mence x vgc has 5 seconds left.\n|\n|t:|1682799229\n|move|p2b: Flutter Mane|Protect|p2b: Flutter Mane\n|-singleturn|p2b: Flutter Mane|Protect\n|move|p1a: E-Treads|Rock Slide|p2b: Flutter Mane|[spread] p2a\n|-activate|p2b: Flutter Mane|move: Protect\n|-damage|p2a: Amoonguss|68\/100 par\n|move|p1b: E-Churchin|Toxic Spikes|p2a: Amoonguss\n|-sidestart|p2: mence x vgc|move: Toxic Spikes\n|move|p2a: Amoonguss|Spore|p1b: E-Churchin\n|-activate|p1b: E-Churchin|move: Electric Terrain\n|\n|upkeep\n|turn|4\n|inactive|mence x vgc has 30 seconds left.\n|\n|t:|1682799254\n|-end|p2b: Flutter Mane|Protosynthesis|[silent]\n|switch|p2b: Gyarados|Gyarados, L50, F, shiny|100\/100\n|-ability|p2b: Gyarados|Intimidate|boost\n|-unboost|p1a: E-Treads|atk|1\n|-unboost|p1b: E-Churchin|atk|1\n|move|p2a: Amoonguss|Rage Powder|p2a: Amoonguss\n|-singleturn|p2a: Amoonguss|move: Rage Powder\n|move|p1a: E-Treads|Rock Slide|p2a: Amoonguss|[spread] p2a,p2b\n|-supereffective|p2b: Gyarados\n|-damage|p2a: Amoonguss|48\/100 par\n|-damage|p2b: Gyarados|61\/100\n|-enditem|p2a: Amoonguss|Sitrus Berry|[eat]\n|-heal|p2a: Amoonguss|73\/100 par|[from] item: Sitrus Berry\n|move|p1b: E-Churchin|Toxic Spikes|p2b: Gyarados\n|-sidestart|p2: mence x vgc|move: Toxic Spikes\n|\n|upkeep\n|turn|5\n|inactive|mence x vgc has 30 seconds left.\n|inactive|mence x vgc has 20 seconds left.\n|inactive|mence x vgc has 15 seconds left.\n|inactive|mence x vgc has 10 seconds left.\n|inactive|mence x vgc has 5 seconds left.\n|\n|t:|1682799306\n|switch|p2a: Chi-Yu|Chi-Yu, L50|100\/100\n|-status|p2a: Chi-Yu|tox\n|-ability|p2a: Chi-Yu|Beads of Ruin\n|move|p2b: Gyarados|Protect|p2b: Gyarados\n|-singleturn|p2b: Gyarados|Protect\n|move|p1a: E-Treads|Rock Slide|p2a: Chi-Yu|[spread] p2a\n|-activate|p2b: Gyarados|move: Protect\n|-supereffective|p2a: Chi-Yu\n|-damage|p2a: Chi-Yu|20\/100 tox\n|move|p1b: E-Churchin|Zing Zap|p2b: Gyarados\n|-activate|p2b: Gyarados|move: Protect\n|\n|-damage|p2a: Chi-Yu|13\/100 tox|[from] psn\n|-sideend|p1: Esspecialy|move: Tailwind\n|upkeep\n|turn|6\n|inactive|mence x vgc has 30 seconds left.\n|inactive|mence x vgc has 20 seconds left.\n|inactive|mence x vgc has 15 seconds left.\n|inactive|Esspecialy has 30 seconds left.\n|inactive|mence x vgc has 10 seconds left.\n|inactive|mence x vgc has 5 seconds left.\n|\n|t:|1682799358\n|move|p1b: E-Churchin|Sucker Punch|p2a: Chi-Yu\n|-resisted|p2a: Chi-Yu\n|-damage|p2a: Chi-Yu|6\/100 tox\n|move|p2a: Chi-Yu|Heat Wave|p1a: E-Treads|[spread] p1a,p1b\n|-supereffective|p1a: E-Treads\n|-damage|p1a: E-Treads|0 fnt\n|-damage|p1b: E-Churchin|0 fnt\n|faint|p1a: E-Treads\n|-end|p1a: E-Treads|Quark Drive|[silent]\n|faint|p1b: E-Churchin\n|move|p2b: Gyarados|Waterfall|p1: E-Treads|[notarget]\n|-fail|p2b: Gyarados\n|\n|-damage|p2a: Chi-Yu|0 fnt|[from] psn\n|faint|p2a: Chi-Yu\n|upkeep\n|\n|t:|1682799380\n|switch|p2a: Flutter Mane|Flutter Mane, L50, shiny|39\/100\n|switch|p1b: E-Marill|Azumarill, L50, F|100\/100\n|-status|p2a: Flutter Mane|tox\n|turn|7\n|\n|t:|1682799390\n|switch|p2b: Amoonguss|Amoonguss, L50, F, shiny|100\/100 par\n|-sideend|p2: mence x vgc|move: Toxic Spikes|[of] p2b: Amoonguss\n|move|p2a: Flutter Mane|Protect|p2a: Flutter Mane\n|-singleturn|p2a: Flutter Mane|Protect\n|move|p1b: E-Marill|Aqua Jet|p2a: Flutter Mane\n|-activate|p2a: Flutter Mane|move: Protect\n|\n|-damage|p2a: Flutter Mane|33\/100 tox|[from] psn\n|upkeep\n|turn|8\n|\n|t:|1682799406\n|-terastallize|p2a: Flutter Mane|Fairy\n|move|p2b: Amoonguss|Rage Powder|p2b: Amoonguss\n|-singleturn|p2b: Amoonguss|move: Rage Powder\n|move|p1b: E-Marill|Aqua Jet|p2b: Amoonguss\n|-resisted|p2b: Amoonguss\n|-damage|p2b: Amoonguss|90\/100 par\n|move|p2a: Flutter Mane|Moonblast|p1b: E-Marill\n|-damage|p1b: E-Marill|53\/100\n|\n|-damage|p2a: Flutter Mane|21\/100 tox|[from] psn\n|-fieldend|move: Electric Terrain\n|upkeep\n|turn|9\n|\n|t:|1682799420\n|move|p2b: Amoonguss|Rage Powder|p2b: Amoonguss\n|-singleturn|p2b: Amoonguss|move: Rage Powder\n|move|p2a: Flutter Mane|Moonblast|p1b: E-Marill\n|-damage|p1b: E-Marill|1\/100\n|-unboost|p1b: E-Marill|spa|1\n|move|p1b: E-Marill|Ice Spinner|p2b: Amoonguss\n|-supereffective|p2b: Amoonguss\n|-damage|p2b: Amoonguss|36\/100 par\n|\n|-damage|p2a: Flutter Mane|3\/100 tox|[from] psn\n|upkeep\n|turn|10\n|\n|t:|1682799441\n|move|p1b: E-Marill|Aqua Jet|p2a: Flutter Mane\n|-crit|p2a: Flutter Mane\n|-damage|p2a: Flutter Mane|0 fnt\n|faint|p2a: Flutter Mane\n|-end|p2a: Flutter Mane|Protosynthesis|[silent]\n|move|p2b: Amoonguss|Pollen Puff|p1b: E-Marill\n|-resisted|p1b: E-Marill\n|-damage|p1b: E-Marill|0 fnt\n|faint|p1b: E-Marill\n|\n|win|mence x vgc\n|raw|Esspecialy's rating: 1375 → 1355<\/strong> (-20 for losing)\n|raw|mence x vgc's rating: 1375 → 1395<\/strong> (+20 for winning)\n","uploadtime":1682799450,"views":34,"p1id":"esspecialy","p2id":"mencexvgc","formatid":"gen9vgc2023regulationc","rating":1355,"private":0,"password":""}