{"id":"gen9vgc2023regulationc-1846428643","p1":"elgervax","p2":"Dr Scoob","format":"[Gen 9] VGC 2023 Regulation C","log":"|j|\u2606elgervax\n|j|\u2606Dr Scoob\n|t:|1681840107\n|gametype|doubles\n|player|p1|elgervax|102|1284\n|player|p2|Dr Scoob|1|1389\n|teamsize|p1|6\n|teamsize|p2|6\n|gen|9\n|tier|[Gen 9] VGC 2023 Regulation C\n|rated|\n|rule|Species Clause: Limit one of each Pok\u00e9mon\n|rule|Item Clause: Limit one of each item\n|clearpoke\n|poke|p1|Palafin, L50, M|\n|poke|p1|Flutter Mane, L50|\n|poke|p1|Arcanine, L50, M|\n|poke|p1|Amoonguss, L50, M|\n|poke|p1|Ting-Lu, L50|\n|poke|p1|Roaring Moon, L50|\n|poke|p2|Annihilape, L50, F|\n|poke|p2|Amoonguss, L50, F|\n|poke|p2|Baxcalibur, L50, F|\n|poke|p2|Gholdengo, L50|\n|poke|p2|Iron Bundle, L50|\n|poke|p2|Ting-Lu, L50|\n|teampreview|4\n|inactive|Battle timer is ON: inactive players will automatically lose when time's up. (requested by elgervax)\n|inactive|elgervax has 60 seconds left.\n|\n|t:|1681840148\n|start\n|switch|p1a: Amoonguss|Amoonguss, L50, M|100\/100\n|switch|p1b: Ting-Lu|Ting-Lu, L50|100\/100\n|switch|p2a: Baxcalibur|Baxcalibur, L50, F|100\/100\n|switch|p2b: Psilocybin|Amoonguss, L50, F|100\/100\n|-ability|p1b: Ting-Lu|Vessel of Ruin\n|turn|1\n|inactive|elgervax has 30 seconds left.\n|\n|t:|1681840176\n|move|p2a: Baxcalibur|Icicle Crash|p1a: Amoonguss\n|-supereffective|p1a: Amoonguss\n|-damage|p1a: Amoonguss|0 fnt\n|faint|p1a: Amoonguss\n|move|p1b: Ting-Lu|Sand Tomb|p2a: Baxcalibur\n|-damage|p2a: Baxcalibur|84\/100\n|-activate|p2a: Baxcalibur|move: Sand Tomb|[of] p1b: Ting-Lu\n|move|p2b: Psilocybin|Clear Smog|p1b: Ting-Lu\n|-resisted|p1b: Ting-Lu\n|-damage|p1b: Ting-Lu|97\/100\n|-clearboost|p1b: Ting-Lu\n|\n|-damage|p2a: Baxcalibur|72\/100|[from] move: Sand Tomb|[partiallytrapped]\n|upkeep\n|\n|t:|1681840191\n|switch|p1a: Flutter Mane|Flutter Mane, L50|100\/100\n|turn|2\n|\n|t:|1681840206\n|-terastallize|p2a: Baxcalibur|Fire\n|move|p1a: Flutter Mane|Dazzling Gleam|p2a: Baxcalibur|[spread] p2a,p2b\n|-resisted|p2a: Baxcalibur\n|-resisted|p2b: Psilocybin\n|-damage|p2a: Baxcalibur|54\/100\n|-damage|p2b: Psilocybin|86\/100\n|move|p2a: Baxcalibur|Icicle Crash|p1a: Flutter Mane\n|-damage|p1a: Flutter Mane|0 fnt\n|faint|p1a: Flutter Mane\n|-end|p1a: Flutter Mane|Protosynthesis|[silent]\n|move|p1b: Ting-Lu|Sand Tomb|p2b: Psilocybin\n|-damage|p2b: Psilocybin|69\/100\n|-activate|p2b: Psilocybin|move: Sand Tomb|[of] p1b: Ting-Lu\n|move|p2b: Psilocybin|Spore|p1b: Ting-Lu\n|-status|p1b: Ting-Lu|slp|[from] move: Spore\n|\n|-heal|p2b: Psilocybin|75\/100|[from] item: Black Sludge\n|-damage|p2a: Baxcalibur|41\/100|[from] move: Sand Tomb|[partiallytrapped]\n|-damage|p2b: Psilocybin|63\/100|[from] move: Sand Tomb|[partiallytrapped]\n|upkeep\n|\n|t:|1681840226\n|switch|p1a: Roaring Moon|Roaring Moon, L50|100\/100\n|-enditem|p1a: Roaring Moon|Booster Energy\n|-activate|p1a: Roaring Moon|ability: Protosynthesis|[fromitem]\n|-start|p1a: Roaring Moon|protosynthesisatk\n|turn|3\n|\n|t:|1681840240\n|move|p1a: Roaring Moon|Protect|p1a: Roaring Moon\n|-singleturn|p1a: Roaring Moon|Protect\n|move|p2b: Psilocybin|Rage Powder|p2b: Psilocybin\n|-singleturn|p2b: Psilocybin|move: Rage Powder\n|move|p2a: Baxcalibur|Icicle Crash|p1a: Roaring Moon\n|-activate|p1a: Roaring Moon|move: Protect\n|cant|p1b: Ting-Lu|slp\n|\n|-heal|p2b: Psilocybin|69\/100|[from] item: Black Sludge\n|-damage|p2a: Baxcalibur|29\/100|[from] move: Sand Tomb|[partiallytrapped]\n|-damage|p2b: Psilocybin|57\/100|[from] move: Sand Tomb|[partiallytrapped]\n|upkeep\n|turn|4\n|\n|t:|1681840264\n|move|p2b: Psilocybin|Rage Powder|p2b: Psilocybin\n|-singleturn|p2b: Psilocybin|move: Rage Powder\n|move|p1a: Roaring Moon|Acrobatics|p2b: Psilocybin\n|-supereffective|p2b: Psilocybin\n|-damage|p2b: Psilocybin|0 fnt\n|faint|p2b: Psilocybin\n|move|p2a: Baxcalibur|Icicle Crash|p1a: Roaring Moon\n|-supereffective|p1a: Roaring Moon\n|-damage|p1a: Roaring Moon|0 fnt\n|faint|p1a: Roaring Moon\n|-end|p1a: Roaring Moon|Protosynthesis|[silent]\n|-curestatus|p1b: Ting-Lu|slp|[msg]\n|move|p1b: Ting-Lu|Stomping Tantrum|p2a: Baxcalibur\n|-supereffective|p2a: Baxcalibur\n|-damage|p2a: Baxcalibur|0 fnt\n|faint|p2a: Baxcalibur\n|\n|upkeep\n|\n|t:|1681840278\n|switch|p2a: Monkey Business|Annihilape, L50, F|100\/100\n|switch|p2b: Happy Holidays|Iron Bundle, L50|100\/100\n|-enditem|p2b: Happy Holidays|Booster Energy\n|-activate|p2b: Happy Holidays|ability: Quark Drive|[fromitem]\n|-start|p2b: Happy Holidays|quarkdrivespe\n|turn|5\n|\n|t:|1681840298\n|-terastallize|p1b: Ting-Lu|Poison\n|move|p2b: Happy Holidays|Freeze-Dry|p1b: Ting-Lu\n|-damage|p1b: Ting-Lu|83\/100\n|move|p2a: Monkey Business|Drain Punch|p1b: Ting-Lu\n|-resisted|p1b: Ting-Lu\n|-damage|p1b: Ting-Lu|73\/100\n|move|p1b: Ting-Lu|Ruination|p2b: Happy Holidays\n|-damage|p2b: Happy Holidays|51\/100\n|\n|upkeep\n|turn|6\n|\n|t:|1681840312\n|move|p2b: Happy Holidays|Chilling Water|p1b: Ting-Lu\n|-damage|p1b: Ting-Lu|62\/100\n|-unboost|p1b: Ting-Lu|atk|1\n|move|p2a: Monkey Business|Bulk Up|p2a: Monkey Business\n|-boost|p2a: Monkey Business|atk|1\n|-boost|p2a: Monkey Business|def|1\n|move|p1b: Ting-Lu|Heavy Slam|p2b: Happy Holidays\n|-damage|p2b: Happy Holidays|17\/100\n|\n|upkeep\n|turn|7\n|inactive|Dr Scoob has 30 seconds left.\n|inactive|Dr Scoob has 20 seconds left.\n|\n|t:|1681840349\n|move|p2b: Happy Holidays|Chilling Water|p1b: Ting-Lu\n|-damage|p1b: Ting-Lu|52\/100\n|-unboost|p1b: Ting-Lu|atk|1\n|move|p2a: Monkey Business|Rage Fist|p1b: Ting-Lu\n|-damage|p1b: Ting-Lu|31\/100\n|move|p1b: Ting-Lu|Heavy Slam|p2b: Happy Holidays\n|-damage|p2b: Happy Holidays|0 fnt\n|faint|p2b: Happy Holidays\n|-end|p2b: Happy Holidays|Quark Drive|[silent]\n|\n|upkeep\n|turn|8\n|\n|t:|1681840363\n|move|p2a: Monkey Business|Rage Fist|p1b: Ting-Lu\n|-damage|p1b: Ting-Lu|12\/100\n|move|p1b: Ting-Lu|Sand Tomb|p2a: Monkey Business\n|-damage|p2a: Monkey Business|95\/100\n|-activate|p2a: Monkey Business|move: Sand Tomb|[of] p1b: Ting-Lu\n|\n|-heal|p2a: Monkey Business|100\/100|[from] item: Leftovers\n|-damage|p2a: Monkey Business|88\/100|[from] move: Sand Tomb|[partiallytrapped]\n|upkeep\n|turn|9\n|c|\u2606elgervax|Gg\n|c|\u2606elgervax|That was a banded baxca?\n|\n|t:|1681840385\n|move|p2a: Monkey Business|Rage Fist|p1b: Ting-Lu\n|-damage|p1b: Ting-Lu|0 fnt\n|faint|p1b: Ting-Lu\n|\n|win|Dr Scoob\n|raw|elgervax's rating: 1284 → 1266<\/strong> (-18 for losing)\n|raw|Dr Scoob's rating: 1389 → 1403<\/strong> (+14 for winning)\n|c|\u2606Dr Scoob|no\n|c|\u2606Dr Scoob|clear amulety\n|c|\u2606elgervax|Oh\n|c|\u2606Dr Scoob|Adamant Max tho\n|c|\u2606Dr Scoob|216 atk\n|c|\u2606Dr Scoob|dumb strong. I run SD on it too\n|c|\u2606elgervax|Yeah, didnt expect him to one shot all my team\n|c|\u2606Dr Scoob|If you can get up an SD shard destroys everything\n|c|\u2606Dr Scoob|U had 3 ice weaknesses lol\n|c|\u2606elgervax|Hahaha\n|c|\u2606Dr Scoob|Ice is really good rn cause terra lets it ignore all the weaknesses\n|c|\u2606Dr Scoob|Fairy has kinda fallen off cause theres not many good fairies in the meta\n|l|\u2606Dr Scoob\n|c|\u2606elgervax|Its quite strong right now and baxca its not affected by burn\n|c|\u2606elgervax|Makes it quite annoying\n","uploadtime":1681840580,"views":1,"p1id":"elgervax","p2id":"drscoob","formatid":"gen9vgc2023regulationc","rating":1266,"private":0,"password":""}