{"id":"gen9vgc2023regulationc-1849934914","p1":"thejordanvgc","p2":"Greedent Enjoyer","format":"[Gen 9] VGC 2023 Regulation C","log":"|j|\u2606thejordanvgc\n|j|\u2606Greedent Enjoyer\n|t:|1682269759\n|gametype|doubles\n|player|p1|thejordanvgc|101|\n|player|p2|Greedent Enjoyer|artist|\n|teamsize|p1|6\n|teamsize|p2|6\n|gen|9\n|tier|[Gen 9] VGC 2023 Regulation C\n|rule|Species Clause: Limit one of each Pok\u00e9mon\n|rule|Item Clause: Limit one of each item\n|clearpoke\n|poke|p1|Flutter Mane, L50|\n|poke|p1|Maushold, L50|\n|poke|p1|Tatsugiri, L50, M|\n|poke|p1|Oranguru, L50, M|\n|poke|p1|Dondozo, L50, F|\n|poke|p1|Copperajah, L50, F|\n|poke|p2|Sableye, L50, M|\n|poke|p2|Iron Moth, L50|\n|poke|p2|Iron Treads, L50|\n|poke|p2|Noivern, L50, M|\n|poke|p2|Tauros-Paldea-Aqua, L50, M|\n|poke|p2|Brambleghast, L50, M|\n|teampreview|4\n|c|\u2606thejordanvgc|g2\nthejordanvgc rejected open team sheets.\n|j| SuitedTrainer01\n|c|\u2606thejordanvgc|gl hf\n|\n|t:|1682270375\n|start\n|switch|p1a: Lizzo|Flutter Mane, L50|100\/100\n|switch|p1b: Gaming|Maushold, L50|100\/100\n|switch|p2a: Tuskor|Iron Treads, L50|100\/100\n|switch|p2b: Brambleghast|Brambleghast, L50, M|100\/100\n|-enditem|p2a: Tuskor|Booster Energy\n|-activate|p2a: Tuskor|ability: Quark Drive|[fromitem]\n|-start|p2a: Tuskor|quarkdriveatk\n|turn|1\n|\n|t:|1682270510\n|-terastallize|p1a: Lizzo|Fire\n|move|p1b: Gaming|Follow Me|p1b: Gaming\n|-singleturn|p1b: Gaming|move: Follow Me\n|move|p1a: Lizzo|Mystical Fire|p2a: Tuskor\n|-supereffective|p2a: Tuskor\n|-damage|p2a: Tuskor|0 fnt\n|faint|p2a: Tuskor\n|-end|p2a: Tuskor|Quark Drive|[silent]\n|move|p2b: Brambleghast|Bullet Seed|p1b: Gaming\n|-damage|p1b: Gaming|80\/100\n|-damage|p1b: Gaming|59\/100\n|-damage|p1b: Gaming|39\/100\n|-damage|p1b: Gaming|15\/100\n|-hitcount|p1b: Gaming|4\n|\n|upkeep\n|\n|t:|1682270530\n|switch|p2a: Dripros|Tauros-Paldea-Aqua, L50, M|100\/100\n|-ability|p2a: Dripros|Intimidate|boost\n|-unboost|p1a: Lizzo|atk|1\n|-unboost|p1b: Gaming|atk|1\n|turn|2\n|\n|t:|1682270642\n|-terastallize|p2b: Brambleghast|Water\n|move|p2a: Dripros|Protect|p2a: Dripros\n|-singleturn|p2a: Dripros|Protect\n|move|p1b: Gaming|Follow Me|p1b: Gaming\n|-singleturn|p1b: Gaming|move: Follow Me\n|move|p1a: Lizzo|Mystical Fire|p2b: Brambleghast\n|-resisted|p2b: Brambleghast\n|-damage|p2b: Brambleghast|73\/100\n|-unboost|p2b: Brambleghast|spa|1\n|move|p2b: Brambleghast|Bullet Seed|p1b: Gaming\n|-damage|p1b: Gaming|0 fnt\n|faint|p1b: Gaming\n|-hitcount|p1: Gaming|1\n|\n|upkeep\n|\n|t:|1682270693\n|switch|p1b: VBL|Oranguru, L50, M|100\/100\n|turn|3\n|\n|t:|1682270753\n|move|p2a: Dripros|Aqua Jet|p1a: Lizzo\n|-supereffective|p1a: Lizzo\n|-damage|p1a: Lizzo|23\/100\n|move|p1a: Lizzo|Moonblast|p2b: Brambleghast\n|-damage|p2b: Brambleghast|0 fnt\n|faint|p2b: Brambleghast\n|move|p1b: VBL|Psychic|p2a: Dripros\n|-supereffective|p2a: Dripros\n|-damage|p2a: Dripros|12\/100\n|\n|upkeep\n|\n|t:|1682270761\n|switch|p2b: Annoy-o-tron|Sableye, L50, M|100\/100\n|turn|4\n|\n|t:|1682270824\n|move|p1a: Lizzo|Protect|p1a: Lizzo\n|-singleturn|p1a: Lizzo|Protect\n|move|p2a: Dripros|Protect|p2a: Dripros\n|-singleturn|p2a: Dripros|Protect\n|move|p2b: Annoy-o-tron|Night Shade|p1a: Lizzo\n|-activate|p1a: Lizzo|move: Protect\n|move|p1b: VBL|Yawn|p2b: Annoy-o-tron\n|-start|p2b: Annoy-o-tron|move: Yawn|[of] p1b: VBL\n|\n|upkeep\n|turn|5\n|\n|t:|1682270874\n|-end|p1a: Lizzo|Protosynthesis|[silent]\n|switch|p1a: Jerry|Tatsugiri, L50, M|100\/100\n|move|p2b: Annoy-o-tron|Encore|p1b: VBL\n|-start|p1b: VBL|Encore\n|-enditem|p1b: VBL|Mental Herb\n|-end|p1b: VBL|Encore\n|move|p2a: Dripros|Close Combat|p1a: Jerry\n|-damage|p1a: Jerry|0 fnt\n|-unboost|p2a: Dripros|def|1\n|-unboost|p2a: Dripros|spd|1\n|faint|p1a: Jerry\n|move|p1b: VBL|Psychic|p2a: Dripros\n|-supereffective|p2a: Dripros\n|-damage|p2a: Dripros|0 fnt\n|faint|p2a: Dripros\n|\n|-end|p2b: Annoy-o-tron|move: Yawn|[silent]\n|-status|p2b: Annoy-o-tron|slp\n|upkeep\n|\n|t:|1682270883\n|switch|p1a: Lizzo|Flutter Mane, L50, tera:Fire|23\/100\n|turn|6\n|\n|t:|1682270889\n|move|p1a: Lizzo|Moonblast|p2b: Annoy-o-tron\n|-supereffective|p2b: Annoy-o-tron\n|-enditem|p2b: Annoy-o-tron|Roseli Berry|[eat]\n|-enditem|p2b: Annoy-o-tron|Roseli Berry|[weaken]\n|-damage|p2b: Annoy-o-tron|41\/100 slp\n|cant|p2b: Annoy-o-tron|slp\n|move|p1b: VBL|Instruct|p1a: Lizzo\n|-singleturn|p1a: Lizzo|move: Instruct|[of] p1b: VBL\n|move|p1a: Lizzo|Moonblast|p2b: Annoy-o-tron\n|-supereffective|p2b: Annoy-o-tron\n|-damage|p2b: Annoy-o-tron|0 fnt\n|faint|p2b: Annoy-o-tron\n|\n|win|thejordanvgc\n|c|\u2606Greedent Enjoyer|ggs\n|c|\u2606thejordanvgc|ggs!\n|l|\u2606Greedent Enjoyer\n","uploadtime":1682270915,"views":9,"p1id":"thejordanvgc","p2id":"greedentenjoyer","formatid":"gen9vgc2023regulationc","rating":0,"private":0,"password":""}