{"id":"gen9vgc2023regulationc-1861565121","p1":"ScalonetaPibe","p2":"Yarep","format":"[Gen 9] VGC 2023 Regulation C","log":"|j|\u2606ScalonetaPibe\n|j|\u2606Yarep\n|t:|1683773956\n|gametype|doubles\n|player|p1|ScalonetaPibe|pokemaniac|\n|player|p2|Yarep|volkner|\n|teamsize|p1|6\n|teamsize|p2|6\n|gen|9\n|tier|[Gen 9] VGC 2023 Regulation C\n|rule|Species Clause: Limit one of each Pok\u00e9mon\n|rule|Item Clause: Limit one of each item\n|clearpoke\n|poke|p1|Flutter Mane, L50|\n|poke|p1|Medicham, L50, M|\n|poke|p1|Dragonite, L50, M|\n|poke|p1|Chien-Pao, L50|\n|poke|p1|Arcanine, L50, F|\n|poke|p1|Amoonguss, L50, F|\n|poke|p2|Torkoal, L50, M|\n|poke|p2|Chi-Yu, L50|\n|poke|p2|Farigiraf, L50, M|\n|poke|p2|Wo-Chien, L50|\n|poke|p2|Flutter Mane, L50|\n|poke|p2|Great Tusk, L50|\n|teampreview|4\n|j| MeteorPlayz_\n|\n|t:|1683773973\n|start\n|switch|p1a: Clover|Medicham, L50, M|100\/100\n|switch|p1b: yeti|Chien-Pao, L50|100\/100\n|switch|p2a: Chi-Yu|Chi-Yu, L50|100\/100\n|switch|p2b: Flutter Mane|Flutter Mane, L50|100\/100\n|-ability|p2a: Chi-Yu|Beads of Ruin\n|-ability|p1b: yeti|Sword of Ruin\n|turn|1\n|\n|t:|1683773991\n|-terastallize|p2a: Chi-Yu|Fire\n|-terastallize|p1a: Clover|Steel\n|move|p1a: Clover|Fake Out|p2a: Chi-Yu\n|-damage|p2a: Chi-Yu|50\/100\n|-damage|p1a: Clover|91\/100|[from] item: Life Orb\n|cant|p2a: Chi-Yu|flinch\n|move|p1b: yeti|Taunt|p2b: Flutter Mane\n|-start|p2b: Flutter Mane|move: Taunt\n|move|p2b: Flutter Mane|Dazzling Gleam|p1b: yeti|[spread] p1a,p1b\n|-resisted|p1a: Clover\n|-supereffective|p1b: yeti\n|-damage|p1a: Clover|58\/100\n|-enditem|p1b: yeti|Focus Sash\n|-damage|p1b: yeti|1\/100\n|-damage|p2b: Flutter Mane|90\/100|[from] item: Life Orb\n|\n|upkeep\n|turn|2\n|\n|t:|1683774008\n|-end|p2b: Flutter Mane|Protosynthesis|[silent]\n|switch|p2b: Wo-Chien|Wo-Chien, L50|100\/100\n|-ability|p2b: Wo-Chien|Tablets of Ruin\n|move|p1b: yeti|Sucker Punch|p2a: Chi-Yu\n|-damage|p2a: Chi-Yu|0 fnt\n|faint|p2a: Chi-Yu\n|move|p1a: Clover|Bullet Punch|p2b: Wo-Chien\n|-damage|p2b: Wo-Chien|75\/100\n|-damage|p1a: Clover|49\/100|[from] item: Life Orb\n|\n|-heal|p2b: Wo-Chien|81\/100|[from] item: Leftovers\n|upkeep\n|\n|t:|1683774014\n|switch|p2a: Flutter Mane|Flutter Mane, L50|90\/100\n|turn|3\n|\n|t:|1683774020\n|move|p2a: Flutter Mane|Protect|p2a: Flutter Mane\n|-singleturn|p2a: Flutter Mane|Protect\n|move|p1a: Clover|Bullet Punch|p2a: Flutter Mane\n|-activate|p2a: Flutter Mane|move: Protect\n|move|p1b: yeti|Ice Spinner|p2b: Wo-Chien\n|-supereffective|p2b: Wo-Chien\n|-damage|p2b: Wo-Chien|15\/100\n|move|p2b: Wo-Chien|Snarl|p1b: yeti|[spread] p1a,p1b\n|-resisted|p1b: yeti\n|-damage|p1a: Clover|31\/100\n|-damage|p1b: yeti|0 fnt\n|-unboost|p1a: Clover|spa|1\n|faint|p1b: yeti\n|\n|-heal|p2b: Wo-Chien|20\/100|[from] item: Leftovers\n|upkeep\n|\n|t:|1683774024\n|switch|p1b: Tryhard|Flutter Mane, L50, shiny|100\/100\n|turn|4\n|\n|t:|1683774039\n|move|p1a: Clover|Bullet Punch|p2a: Flutter Mane\n|-supereffective|p2a: Flutter Mane\n|-damage|p2a: Flutter Mane|0 fnt\n|faint|p2a: Flutter Mane\n|-end|p2a: Flutter Mane|Protosynthesis|[silent]\n|-damage|p1a: Clover|22\/100|[from] item: Life Orb\n|move|p1b: Tryhard|Dazzling Gleam|p2b: Wo-Chien\n|-supereffective|p2b: Wo-Chien\n|-damage|p2b: Wo-Chien|0 fnt\n|faint|p2b: Wo-Chien\n|\n|upkeep\n|\n|t:|1683774041\n|switch|p2b: Great Tusk|Great Tusk, L50|100\/100\n|turn|5\n|\n|t:|1683774045\n|move|p1b: Tryhard|Dazzling Gleam|p2b: Great Tusk\n|-supereffective|p2b: Great Tusk\n|-damage|p2b: Great Tusk|0 fnt\n|faint|p2b: Great Tusk\n|-end|p2b: Great Tusk|Protosynthesis|[silent]\n|\n|win|ScalonetaPibe\n","uploadtime":1683774049,"views":20,"p1id":"scalonetapibe","p2id":"yarep","formatid":"gen9vgc2023regulationc","rating":0,"private":0,"password":""}