{"id":"gen9vgc2023regulationc-1847750305","p1":"Projective Module","p2":"Vengeful potato","format":"[Gen 9] VGC 2023 Regulation C","log":"|j|\u2606Projective Module\n|j|\u2606Vengeful potato\n|t:|1681998799\n|gametype|doubles\n|player|p1|Projective Module|nate|1165\n|player|p2|Vengeful potato|swimmer-gen4|1193\n|teamsize|p1|6\n|teamsize|p2|6\n|gen|9\n|tier|[Gen 9] VGC 2023 Regulation C\n|rated|\n|rule|Species Clause: Limit one of each Pok\u00e9mon\n|rule|Item Clause: Limit one of each item\n|clearpoke\n|poke|p1|Volcarona, L50, M|\n|poke|p1|Amoonguss, L50, M|\n|poke|p1|Iron Hands, L50|\n|poke|p1|Rotom-Wash, L50|\n|poke|p1|Chi-Yu, L50|\n|poke|p1|Scizor, L50, F|\n|poke|p2|Drifblim, L50, M|\n|poke|p2|Maushold-Four, L50|\n|poke|p2|Tinkaton, L50, F|\n|poke|p2|Rotom-Wash, L50|\n|poke|p2|Great Tusk, L50|\n|poke|p2|Scovillain, L50, F|\n|teampreview|4\n|\n|t:|1681998851\n|start\n|switch|p1a: Iron Hands|Iron Hands, L50|100\/100\n|switch|p1b: Scizor|Scizor, L50, F|100\/100\n|switch|p2a: IT\u2019S DRIFT\u2019N TIME!|Drifblim, L50, M, shiny|100\/100\n|switch|p2b: MC HAMMER|Tinkaton, L50, F, shiny|100\/100\n|-ability|p2b: MC HAMMER|Mold Breaker\n|turn|1\n|\n|t:|1681998863\n|move|p2b: MC HAMMER|Fake Out|p1b: Scizor\n|-resisted|p1b: Scizor\n|-damage|p1b: Scizor|96\/100\n|move|p1a: Iron Hands|Fake Out|p2b: MC HAMMER\n|-resisted|p2b: MC HAMMER\n|-damage|p2b: MC HAMMER|91\/100\n|move|p2a: IT\u2019S DRIFT\u2019N TIME!|Tailwind|p2a: IT\u2019S DRIFT\u2019N TIME!\n|-sidestart|p2: Vengeful potato|move: Tailwind\n|cant|p1b: Scizor|flinch\n|\n|upkeep\n|turn|2\n|\n|t:|1681998876\n|move|p2b: MC HAMMER|Encore|p1a: Iron Hands\n|-start|p1a: Iron Hands|Encore\n|move|p2a: IT\u2019S DRIFT\u2019N TIME!|Shadow Ball|p1b: Scizor\n|-damage|p1b: Scizor|72\/100\n|move|p1b: Scizor|Iron Defense|p1b: Scizor\n|-boost|p1b: Scizor|def|2\n|move|p1a: Iron Hands|Fake Out||[still]\n|-hint|Fake Out only works on your first turn out.\n|-fail|p1a: Iron Hands\n|\n|upkeep\n|turn|3\n|\n|t:|1681998898\n|switch|p2a: Psychograss|Scovillain, L50, F, shiny|100\/100\n|-end|p1a: Iron Hands|Quark Drive|[silent]\n|switch|p1a: Amoonguss|Amoonguss, L50, M|100\/100\n|move|p2b: MC HAMMER|Encore|p1b: Scizor\n|-start|p1b: Scizor|Encore\n|move|p1b: Scizor|Iron Defense|p1b: Scizor\n|-boost|p1b: Scizor|def|2\n|\n|upkeep\n|turn|4\n|\n|t:|1681998920\n|-terastallize|p1b: Scizor|Water\n|move|p2b: MC HAMMER|Gigaton Hammer|p1b: Scizor\n|-resisted|p1b: Scizor\n|-damage|p1b: Scizor|64\/100\n|move|p2a: Psychograss|Flamethrower|p1a: Amoonguss\n|-supereffective|p1a: Amoonguss\n|-damage|p1a: Amoonguss|9\/100\n|-damage|p2a: Psychograss|91\/100|[from] item: Life Orb\n|move|p1b: Scizor|Iron Defense|p1b: Scizor\n|-boost|p1b: Scizor|def|2\n|move|p1a: Amoonguss|Spore|p2b: MC HAMMER\n|-status|p2b: MC HAMMER|slp|[from] move: Spore\n|\n|-sideend|p2: Vengeful potato|move: Tailwind\n|upkeep\n|turn|5\n|\n|t:|1681998935\n|switch|p1a: Iron Hands|Iron Hands, L50|100\/100\n|cant|p2b: MC HAMMER|slp\n|move|p2a: Psychograss|Energy Ball|p1b: Scizor\n|-supereffective|p1b: Scizor\n|-damage|p1b: Scizor|0 fnt\n|faint|p1b: Scizor\n|-damage|p2a: Psychograss|81\/100|[from] item: Life Orb\n|\n|upkeep\n|-message|Projective Module forfeited.\n|\n|win|Vengeful potato\n|raw|Projective Module's rating: 1165 → 1142<\/strong> (-23 for losing)\n|raw|Vengeful potato's rating: 1193 → 1216<\/strong> (+23 for winning)\n|l|\u2606Projective Module\n","uploadtime":1681998947,"views":6,"p1id":"projectivemodule","p2id":"vengefulpotato","formatid":"gen9vgc2023regulationc","rating":1142,"private":0,"password":""}