{"id":"gen9vgc2023regulationc-1846563589","p1":"Emiker","p2":"chkndnnr","format":"[Gen 9] VGC 2023 Regulation C","log":"|j|\u2606Emiker\n|j|\u2606chkndnnr\n|t:|1681852050\n|gametype|doubles\n|player|p1|Emiker|red|1310\n|player|p2|chkndnnr|thorton|1390\n|teamsize|p1|6\n|teamsize|p2|6\n|gen|9\n|tier|[Gen 9] VGC 2023 Regulation C\n|rated|\n|rule|Species Clause: Limit one of each Pok\u00e9mon\n|rule|Item Clause: Limit one of each item\n|clearpoke\n|poke|p1|Flutter Mane, L50|\n|poke|p1|Palafin, L50, M|\n|poke|p1|Amoonguss, L50, F|\n|poke|p1|Arcanine, L50, M|\n|poke|p1|Ting-Lu, L50|\n|poke|p1|Dragapult, L50, M|\n|poke|p2|Dondozo, L50, F|\n|poke|p2|Tatsugiri-Stretchy, L50, M|\n|poke|p2|Chi-Yu, L50|\n|poke|p2|Flutter Mane, L50|\n|poke|p2|Glimmora, L50, M|\n|poke|p2|Wo-Chien, L50|\n|teampreview|4\n|\n|t:|1681852097\n|start\n|switch|p1a: Dragapult|Dragapult, L50, M, shiny|100\/100\n|switch|p1b: Palafin|Palafin, L50, M, shiny|100\/100\n|switch|p2a: Glimmora|Glimmora, L50, M|100\/100\n|switch|p2b: Wo-Chien|Wo-Chien, L50|100\/100\n|-ability|p2b: Wo-Chien|Tablets of Ruin\n|turn|1\n|\n|t:|1681852122\n|-terastallize|p1b: Palafin|Water\n|move|p2a: Glimmora|Spiky Shield|p2a: Glimmora\n|-singleturn|p2a: Glimmora|move: Protect\n|move|p1b: Palafin|Jet Punch|p2a: Glimmora\n|-activate|p2a: Glimmora|move: Protect\n|-damage|p1b: Palafin|88\/100|[from] Spiky Shield|[of] p2a: Glimmora\n|move|p1a: Dragapult|U-turn|p2b: Wo-Chien\n|-supereffective|p2b: Wo-Chien\n|-damage|p2b: Wo-Chien|17\/100\n|\n|t:|1681852138\n|switch|p1a: Flutter Mane|Flutter Mane, L50|100\/100|[from] U-turn\n|-enditem|p1a: Flutter Mane|Booster Energy\n|-activate|p1a: Flutter Mane|ability: Protosynthesis|[fromitem]\n|-start|p1a: Flutter Mane|protosynthesisspa\n|move|p2b: Wo-Chien|Leech Seed|p1b: Palafin\n|-start|p1b: Palafin|move: Leech Seed\n|\n|-heal|p2b: Wo-Chien|23\/100|[from] item: Leftovers\n|-damage|p1b: Palafin|76\/100|[from] Leech Seed|[of] p2b: Wo-Chien\n|-heal|p2b: Wo-Chien|36\/100|[silent]\n|upkeep\n|turn|2\n|\n|t:|1681852173\n|switch|p2a: Tatsugiri|Tatsugiri-Stretchy, L50, M|100\/100\n|detailschange|p1b: Palafin|Palafin-Hero, L50, M, shiny, tera:Water\n|switch|p1b: Dragapult|Dragapult, L50, M, shiny|100\/100\n|move|p1a: Flutter Mane|Protect|p1a: Flutter Mane\n|-singleturn|p1a: Flutter Mane|Protect\n|move|p2b: Wo-Chien|Protect||[still]\n|-fail|p2b: Wo-Chien\n|\n|-heal|p2b: Wo-Chien|43\/100|[from] item: Leftovers\n|upkeep\n|turn|3\n|\n|t:|1681852194\n|switch|p2a: Glimmora|Glimmora, L50, M|100\/100\n|-terastallize|p2b: Wo-Chien|Poison\n|move|p1b: Dragapult|U-turn|p2b: Wo-Chien\n|-resisted|p2b: Wo-Chien\n|-damage|p2b: Wo-Chien|33\/100\n|\n|t:|1681852203\n|switch|p1b: Palafin|Palafin-Hero, L50, M, shiny, tera:Water|76\/100|[from] U-turn\n|-activate|p1b: Palafin|ability: Zero to Hero\n|move|p1a: Flutter Mane|Moonblast|p2b: Wo-Chien\n|-resisted|p2b: Wo-Chien\n|-damage|p2b: Wo-Chien|15\/100\n|move|p2b: Wo-Chien|Leech Seed|p1a: Flutter Mane\n|-start|p1a: Flutter Mane|move: Leech Seed\n|\n|-heal|p2b: Wo-Chien|21\/100|[from] item: Leftovers\n|-damage|p1a: Flutter Mane|89\/100|[from] Leech Seed|[of] p2b: Wo-Chien\n|-heal|p2b: Wo-Chien|31\/100|[silent]\n|upkeep\n|turn|4\n|\n|t:|1681852232\n|move|p2b: Wo-Chien|Protect|p2b: Wo-Chien\n|-singleturn|p2b: Wo-Chien|Protect\n|move|p1b: Palafin|Jet Punch|p2a: Glimmora\n|-supereffective|p2a: Glimmora\n|-enditem|p2a: Glimmora|Focus Sash\n|-damage|p2a: Glimmora|1\/100\n|-activate|p2a: Glimmora|ability: Toxic Debris\n|-sidestart|p1: Emiker|move: Toxic Spikes\n|move|p1a: Flutter Mane|Shadow Ball|p2b: Wo-Chien\n|-activate|p2b: Wo-Chien|move: Protect\n|move|p2a: Glimmora|Toxic|p1a: Flutter Mane\n|-status|p1a: Flutter Mane|tox\n|\n|-heal|p2b: Wo-Chien|37\/100|[from] item: Leftovers\n|-damage|p1a: Flutter Mane|77\/100 tox|[from] Leech Seed|[of] p2b: Wo-Chien\n|-heal|p2b: Wo-Chien|47\/100|[silent]\n|-damage|p1a: Flutter Mane|71\/100 tox|[from] psn\n|upkeep\n|turn|5\n|\n|t:|1681852276\n|-end|p1a: Flutter Mane|Protosynthesis|[silent]\n|switch|p1a: Amoonguss|Amoonguss, L50, F|100\/100\n|-sideend|p1: Emiker|move: Toxic Spikes|[of] p1a: Amoonguss\n|switch|p2a: Tatsugiri|Tatsugiri-Stretchy, L50, M|100\/100\n|move|p1b: Palafin|Wave Crash|p2a: Tatsugiri\n|-activate|p2a: Tatsugiri|ability: Storm Drain\n|-ability|p2a: Tatsugiri|Storm Drain|boost\n|-boost|p2a: Tatsugiri|spa|1\n|move|p2b: Wo-Chien|Leech Seed|p1b: Palafin\n|-start|p1b: Palafin|move: Leech Seed\n|\n|-heal|p2b: Wo-Chien|54\/100|[from] item: Leftovers\n|-damage|p1b: Palafin|64\/100|[from] Leech Seed|[of] p2b: Wo-Chien\n|-heal|p2b: Wo-Chien|67\/100|[silent]\n|upkeep\n|turn|6\n|\n|t:|1681852306\n|switch|p1b: Flutter Mane|Flutter Mane, L50|71\/100 tox\n|move|p2a: Tatsugiri|Draco Meteor|p1a: Amoonguss\n|-damage|p1a: Amoonguss|0 fnt\n|-unboost|p2a: Tatsugiri|spa|2\n|faint|p1a: Amoonguss\n|move|p2b: Wo-Chien|Pollen Puff|p1b: Flutter Mane\n|-resisted|p1b: Flutter Mane\n|-damage|p1b: Flutter Mane|67\/100 tox\n|\n|-heal|p2b: Wo-Chien|73\/100|[from] item: Leftovers\n|-damage|p1b: Flutter Mane|61\/100 tox|[from] psn\n|upkeep\n|\n|t:|1681852321\n|switch|p1a: Dragapult|Dragapult, L50, M, shiny|100\/100\n|turn|7\n|\n|t:|1681852349\n|switch|p2a: Dondozo|Dondozo, L50, F|100\/100\n|move|p1a: Dragapult|Dragon Darts|p2a: Dondozo\n|-damage|p2a: Dondozo|83\/100\n|-anim|p1a: Dragapult|Dragon Darts|p2b: Wo-Chien\n|-damage|p2b: Wo-Chien|49\/100\n|move|p1b: Flutter Mane|Shadow Ball|p2b: Wo-Chien\n|-damage|p2b: Wo-Chien|24\/100\n|move|p2b: Wo-Chien|Leech Seed|p1b: Flutter Mane\n|-start|p1b: Flutter Mane|move: Leech Seed\n|\n|-heal|p2b: Wo-Chien|31\/100|[from] item: Leftovers\n|-damage|p1b: Flutter Mane|49\/100 tox|[from] Leech Seed|[of] p2b: Wo-Chien\n|-heal|p2b: Wo-Chien|41\/100|[silent]\n|-damage|p1b: Flutter Mane|38\/100 tox|[from] psn\n|upkeep\n|turn|8\n|\n|t:|1681852369\n|-end|p1b: Flutter Mane|Protosynthesis|[silent]\n|switch|p1b: Palafin|Palafin-Hero, L50, M, shiny, tera:Water|64\/100\n|move|p2b: Wo-Chien|Protect|p2b: Wo-Chien\n|-singleturn|p2b: Wo-Chien|Protect\n|move|p1a: Dragapult|Dragon Darts|p2a: Dondozo\n|-damage|p2a: Dondozo|65\/100\n|-anim|p1a: Dragapult|Dragon Darts|p2a: Dondozo\n|-damage|p2a: Dondozo|47\/100\n|-enditem|p2a: Dondozo|Sitrus Berry|[eat]\n|-heal|p2a: Dondozo|72\/100|[from] item: Sitrus Berry\n|move|p2a: Dondozo|Yawn|p1a: Dragapult\n|-start|p1a: Dragapult|move: Yawn|[of] p2a: Dondozo\n|\n|-heal|p2b: Wo-Chien|47\/100|[from] item: Leftovers\n|upkeep\n|turn|9\n|\n|t:|1681852400\n|switch|p1b: Flutter Mane|Flutter Mane, L50|38\/100 tox\n|move|p2b: Wo-Chien|Protect||[still]\n|-fail|p2b: Wo-Chien\n|move|p1a: Dragapult|Dragon Darts|p2a: Dondozo\n|-damage|p2a: Dondozo|55\/100\n|-anim|p1a: Dragapult|Dragon Darts|p2b: Wo-Chien\n|-damage|p2b: Wo-Chien|23\/100\n|move|p2a: Dondozo|Yawn||[still]\n|-fail|p2a: Dondozo\n|\n|-heal|p2b: Wo-Chien|29\/100|[from] item: Leftovers\n|-damage|p1b: Flutter Mane|32\/100 tox|[from] psn\n|-end|p1a: Dragapult|move: Yawn|[silent]\n|-status|p1a: Dragapult|slp\n|upkeep\n|turn|10\n|\n|t:|1681852426\n|cant|p1a: Dragapult|slp\n|move|p1b: Flutter Mane|Moonblast|p2a: Dondozo\n|-damage|p2a: Dondozo|23\/100\n|move|p2b: Wo-Chien|Foul Play|p1a: Dragapult\n|-supereffective|p1a: Dragapult\n|-damage|p1a: Dragapult|0 fnt\n|faint|p1a: Dragapult\n|move|p2a: Dondozo|Wave Crash|p1b: Flutter Mane\n|-damage|p1b: Flutter Mane|0 fnt\n|faint|p1b: Flutter Mane\n|-end|p1b: Flutter Mane|Protosynthesis|[silent]\n|-damage|p2a: Dondozo|17\/100|[from] Recoil\n|\n|-heal|p2b: Wo-Chien|35\/100|[from] item: Leftovers\n|upkeep\n|-message|Emiker forfeited.\n|\n|win|chkndnnr\n|raw|Emiker's rating: 1310 → 1295<\/strong> (-15 for losing)\n|raw|chkndnnr's rating: 1390 → 1405<\/strong> (+15 for winning)\n|l|\u2606chkndnnr\n","uploadtime":1681852447,"views":8,"p1id":"emiker","p2id":"chkndnnr","formatid":"gen9vgc2023regulationc","rating":1295,"private":0,"password":""}