{"id":"gen9vgc2023regulationc-1863350454","p1":"DonPasic","p2":"R2VGC","format":"[Gen 9] VGC 2023 Regulation C","log":"|j|\u2606DonPasic\n|j|\u2606R2VGC\n|t:|1684005848\n|gametype|doubles\n|player|p1|DonPasic|cynthia-gen4|1252\n|player|p2|R2VGC|102|1254\n|teamsize|p1|6\n|teamsize|p2|6\n|gen|9\n|tier|[Gen 9] VGC 2023 Regulation C\n|rated|\n|rule|Species Clause: Limit one of each Pok\u00e9mon\n|rule|Item Clause: Limit one of each item\n|clearpoke\n|poke|p1|Orthworm, L50, M|\n|poke|p1|Flutter Mane, L50|\n|poke|p1|Great Tusk, L50|\n|poke|p1|Torkoal, L50, M|\n|poke|p1|Indeedee-F, L50, F|\n|poke|p1|Wo-Chien, L50|\n|poke|p2|Amoonguss, L50, F|\n|poke|p2|Arcanine, L50, F|\n|poke|p2|Flutter Mane, L50|\n|poke|p2|Kingambit, L50, F|\n|poke|p2|Palafin, L50, M|\n|poke|p2|Baxcalibur, L50, F|\n|teampreview|4\nR2VGC has agreed to open team sheets.\n|\n|t:|1684005894\n|start\n|switch|p1a: Wo-Chien|Wo-Chien, L50|100\/100\n|switch|p1b: Indeedee|Indeedee-F, L50, F|100\/100\n|switch|p2a: Flutter Mane|Flutter Mane, L50|100\/100\n|switch|p2b: Kingambit|Kingambit, L50, F|100\/100\n|-ability|p1a: Wo-Chien|Tablets of Ruin\n|-fieldstart|move: Psychic Terrain|[from] ability: Psychic Surge|[of] p1b: Indeedee\n|-enditem|p1b: Indeedee|Psychic Seed\n|-boost|p1b: Indeedee|spd|1|[from] item: Psychic Seed\n|-enditem|p2a: Flutter Mane|Booster Energy\n|-activate|p2a: Flutter Mane|ability: Protosynthesis|[fromitem]\n|-start|p2a: Flutter Mane|protosynthesisspe\n|turn|1\n|\n|t:|1684005945\n|-terastallize|p2b: Kingambit|Dark\n|move|p1b: Indeedee|Follow Me|p1b: Indeedee\n|-singleturn|p1b: Indeedee|move: Follow Me\n|move|p2a: Flutter Mane|Icy Wind|p1a: Wo-Chien|[spread] p1a,p1b\n|-supereffective|p1a: Wo-Chien\n|-damage|p1a: Wo-Chien|81\/100\n|-damage|p1b: Indeedee|91\/100\n|-unboost|p1a: Wo-Chien|spe|1\n|-unboost|p1b: Indeedee|spe|1\n|move|p2b: Kingambit|Assurance|p1b: Indeedee\n|-supereffective|p1b: Indeedee\n|-damage|p1b: Indeedee|0 fnt\n|faint|p1b: Indeedee\n|move|p1a: Wo-Chien|Leech Seed|p2b: Kingambit\n|-start|p2b: Kingambit|move: Leech Seed\n|\n|-heal|p1a: Wo-Chien|87\/100|[from] item: Leftovers\n|-damage|p2b: Kingambit|88\/100|[from] Leech Seed|[of] p1a: Wo-Chien\n|-heal|p1a: Wo-Chien|98\/100|[silent]\n|upkeep\n|\n|t:|1684005965\n|switch|p1b: Great Tusk|Great Tusk, L50|100\/100\n|turn|2\n|\n|t:|1684005989\n|-terastallize|p1a: Wo-Chien|Poison\n|move|p2a: Flutter Mane|Icy Wind|p1b: Great Tusk|[spread] p1a,p1b\n|-supereffective|p1b: Great Tusk\n|-damage|p1a: Wo-Chien|89\/100\n|-damage|p1b: Great Tusk|54\/100\n|-unboost|p1a: Wo-Chien|spe|1\n|-unboost|p1b: Great Tusk|spe|1\n|move|p1b: Great Tusk|Iron Head|p2a: Flutter Mane\n|-supereffective|p2a: Flutter Mane\n|-damage|p2a: Flutter Mane|0 fnt\n|faint|p2a: Flutter Mane\n|-end|p2a: Flutter Mane|Protosynthesis|[silent]\n|move|p2b: Kingambit|Assurance|p1b: Great Tusk\n|-resisted|p1b: Great Tusk\n|-damage|p1b: Great Tusk|23\/100\n|move|p1a: Wo-Chien|Pollen Puff|p2b: Kingambit\n|-supereffective|p2b: Kingambit\n|-damage|p2b: Kingambit|45\/100\n|\n|-heal|p1a: Wo-Chien|95\/100|[from] item: Leftovers\n|-damage|p2b: Kingambit|33\/100|[from] Leech Seed|[of] p1a: Wo-Chien\n|-heal|p1a: Wo-Chien|100\/100|[silent]\n|upkeep\n|\n|t:|1684006008\n|switch|p2a: Arcanine|Arcanine, L50, F|100\/100\n|-ability|p2a: Arcanine|Intimidate|boost\n|-unboost|p1a: Wo-Chien|atk|1\n|-unboost|p1b: Great Tusk|atk|1\n|turn|3\n|\n|t:|1684006023\n|switch|p2b: Baxcalibur|Baxcalibur, L50, F|100\/100\n|move|p1b: Great Tusk|Iron Head|p2b: Baxcalibur\n|-supereffective|p2b: Baxcalibur\n|-damage|p2b: Baxcalibur|77\/100\n|move|p2a: Arcanine|Howl|p2a: Arcanine|[spread] p2a,p2b\n|-boost|p2a: Arcanine|atk|1\n|-boost|p2b: Baxcalibur|atk|1\n|move|p1a: Wo-Chien|Leech Seed|p2a: Arcanine\n|-start|p2a: Arcanine|move: Leech Seed\n|\n|-damage|p2a: Arcanine|88\/100|[from] Leech Seed|[of] p1a: Wo-Chien\n|upkeep\n|turn|4\n|\n|t:|1684006046\n|move|p1b: Great Tusk|Iron Head|p2b: Baxcalibur\n|-supereffective|p2b: Baxcalibur\n|-damage|p2b: Baxcalibur|53\/100\n|move|p2a: Arcanine|Howl|p2a: Arcanine|[spread] p2a,p2b\n|-boost|p2a: Arcanine|atk|1\n|-boost|p2b: Baxcalibur|atk|1\n|cant|p2b: Baxcalibur|flinch\n|move|p1a: Wo-Chien|Leech Seed|p2b: Baxcalibur|[miss]\n|-miss|p1a: Wo-Chien|p2b: Baxcalibur\n|\n|-damage|p2a: Arcanine|76\/100|[from] Leech Seed|[of] p1a: Wo-Chien\n|upkeep\n|turn|5\n|\n|t:|1684006077\n|move|p1b: Great Tusk|Iron Head|p2b: Baxcalibur\n|-supereffective|p2b: Baxcalibur\n|-damage|p2b: Baxcalibur|26\/100\n|move|p2a: Arcanine|Flare Blitz|p1b: Great Tusk\n|-crit|p1b: Great Tusk\n|-damage|p1b: Great Tusk|0 fnt\n|faint|p1b: Great Tusk\n|-end|p1b: Great Tusk|Protosynthesis|[silent]\n|-damage|p2a: Arcanine|69\/100|[from] Recoil\n|move|p2b: Baxcalibur|Breaking Swipe|p1a: Wo-Chien\n|-damage|p1a: Wo-Chien|57\/100\n|-unboost|p1a: Wo-Chien|atk|1\n|move|p1a: Wo-Chien|Leech Seed|p2b: Baxcalibur\n|-start|p2b: Baxcalibur|move: Leech Seed\n|\n|-heal|p1a: Wo-Chien|63\/100|[from] item: Leftovers\n|-damage|p2a: Arcanine|57\/100|[from] Leech Seed|[of] p1a: Wo-Chien\n|-heal|p1a: Wo-Chien|75\/100|[silent]\n|-damage|p2b: Baxcalibur|14\/100|[from] Leech Seed|[of] p1a: Wo-Chien\n|-heal|p1a: Wo-Chien|89\/100|[silent]\n|-fieldend|move: Psychic Terrain\n|upkeep\n|\n|t:|1684006098\n|switch|p1b: Flutter Mane|Flutter Mane, L50, shiny|100\/100\n|turn|6\n|\n|t:|1684006137\n|switch|p2b: Kingambit|Kingambit, L50, F, tera:Dark|33\/100\n|move|p1b: Flutter Mane|Thunderbolt|p2a: Arcanine\n|-damage|p2a: Arcanine|12\/100\n|move|p2a: Arcanine|Flare Blitz|p1b: Flutter Mane\n|-damage|p1b: Flutter Mane|0 fnt\n|faint|p1b: Flutter Mane\n|-end|p1b: Flutter Mane|Protosynthesis|[silent]\n|-damage|p2a: Arcanine|0 fnt|[from] Recoil\n|faint|p2a: Arcanine\n|move|p1a: Wo-Chien|Pollen Puff|p1: Flutter Mane|[notarget]\n|-fail|p1a: Wo-Chien\n|\n|-heal|p1a: Wo-Chien|95\/100|[from] item: Leftovers\n|upkeep\n|\n|t:|1684006150\n|switch|p2a: Baxcalibur|Baxcalibur, L50, F|14\/100\n|turn|7\n|\n|t:|1684006165\n|move|p2a: Baxcalibur|Glaive Rush|p1a: Wo-Chien\n|-damage|p1a: Wo-Chien|52\/100\n|-singlemove|p2a: Baxcalibur|Glaive Rush|[silent]\n|move|p2b: Kingambit|Assurance|p1a: Wo-Chien\n|-damage|p1a: Wo-Chien|0 fnt\n|faint|p1a: Wo-Chien\n|\n|win|R2VGC\n|raw|DonPasic's rating: 1252 → 1227<\/strong> (-25 for losing)\n|raw|R2VGC's rating: 1254 → 1279<\/strong> (+25 for winning)\n","uploadtime":1684006175,"views":19,"p1id":"donpasic","p2id":"r2vgc","formatid":"gen9vgc2023regulationc","rating":1227,"private":0,"password":""}