{"id":"gen9vgc2023regulationc-1859009704","p1":"woohelm","p2":"WillieDangerously","format":"[Gen 9] VGC 2023 Regulation C","log":"|j|\u2606woohelm\n|j|\u2606WillieDangerously\n|t:|1683393864\n|gametype|doubles\n|player|p1|woohelm|101|1249\n|player|p2|WillieDangerously|psychic-gen4|1146\n|teamsize|p1|6\n|teamsize|p2|6\n|gen|9\n|tier|[Gen 9] VGC 2023 Regulation C\n|rated|\n|rule|Species Clause: Limit one of each Pok\u00e9mon\n|rule|Item Clause: Limit one of each item\n|clearpoke\n|poke|p1|Wo-Chien, L50|\n|poke|p1|Garganacl, L50, F|\n|poke|p1|Grimmsnarl, L50, M|\n|poke|p1|Iron Moth, L50|\n|poke|p1|Baxcalibur, L50, F|\n|poke|p1|Kilowattrel, L50, F|\n|poke|p2|Iron Treads, L50|\n|poke|p2|Jumpluff, L50, M|\n|poke|p2|Flutter Mane, L50|\n|poke|p2|Roaring Moon, L50|\n|poke|p2|Rotom-Wash, L50|\n|poke|p2|Torkoal, L50, F|\n|teampreview|4\n|inactive|Battle timer is ON: inactive players will automatically lose when time's up. (requested by woohelm)\n|inactive|woohelm has 60 seconds left.\n|inactive|WillieDangerously has 60 seconds left.\n|inactive|WillieDangerously has 30 seconds left.\n|\n|t:|1683393928\n|start\n|switch|p1a: Kilowattrel|Kilowattrel, L50, F|100\/100\n|switch|p1b: Grimmsnarl|Grimmsnarl, L50, M|100\/100\n|switch|p2a: Jumpluff|Jumpluff, L50, M|100\/100\n|switch|p2b: Roaring Moon|Roaring Moon, L50|100\/100\n|turn|1\n|inactive|WillieDangerously has 30 seconds left.\n|inactive|WillieDangerously has 20 seconds left.\n|\n|t:|1683393965\n|-terastallize|p2b: Roaring Moon|Dark\n|move|p1a: Kilowattrel|Tailwind|p1a: Kilowattrel\n|-sidestart|p1: woohelm|move: Tailwind\n|-start|p1a: Kilowattrel|Charge|Tailwind|[from] ability: Wind Power\n|move|p2a: Jumpluff|Encore|p1a: Kilowattrel\n|-start|p1a: Kilowattrel|Encore\n|move|p2b: Roaring Moon|Rock Slide|p1a: Kilowattrel|[spread] p1a,p1b\n|-supereffective|p1a: Kilowattrel\n|-damage|p1a: Kilowattrel|20\/100\n|-damage|p1b: Grimmsnarl|78\/100\n|move|p1b: Grimmsnarl|Spirit Break|p2b: Roaring Moon\n|-supereffective|p2b: Roaring Moon\n|-damage|p2b: Roaring Moon|10\/100\n|-unboost|p2b: Roaring Moon|spa|1\n|-enditem|p2b: Roaring Moon|Weakness Policy\n|-boost|p2b: Roaring Moon|atk|2|[from] item: Weakness Policy\n|-boost|p2b: Roaring Moon|spa|2|[from] item: Weakness Policy\n|\n|upkeep\n|turn|2\n|inactive|WillieDangerously has 30 seconds left.\n|\n|t:|1683393991\n|switch|p1a: Wo-Chien|Wo-Chien, L50|100\/100\n|-ability|p1a: Wo-Chien|Tablets of Ruin\n|move|p2a: Jumpluff|Tailwind|p2a: Jumpluff\n|-sidestart|p2: WillieDangerously|move: Tailwind\n|move|p2b: Roaring Moon|Acrobatics|p1b: Grimmsnarl\n|-damage|p1b: Grimmsnarl|3\/100\n|move|p1b: Grimmsnarl|Spirit Break|p2b: Roaring Moon\n|-supereffective|p2b: Roaring Moon\n|-damage|p2b: Roaring Moon|0 fnt\n|faint|p2b: Roaring Moon\n|-end|p2b: Roaring Moon|Protosynthesis|[silent]\n|\n|upkeep\n|\n|t:|1683394002\n|switch|p2b: Flutter Mane|Flutter Mane, L50|100\/100\n|turn|3\n|\n|t:|1683394019\n|move|p1b: Grimmsnarl|Light Screen|p1b: Grimmsnarl\n|-sidestart|p1: woohelm|move: Light Screen\n|move|p2b: Flutter Mane|Dazzling Gleam|p1a: Wo-Chien|[spread] p1a,p1b\n|-supereffective|p1a: Wo-Chien\n|-supereffective|p1b: Grimmsnarl\n|-damage|p1a: Wo-Chien|76\/100\n|-damage|p1b: Grimmsnarl|0 fnt\n|faint|p1b: Grimmsnarl\n|-damage|p2b: Flutter Mane|91\/100|[from] item: Life Orb\n|move|p2a: Jumpluff|U-turn|p1a: Wo-Chien\n|-supereffective|p1a: Wo-Chien\n|-damage|p1a: Wo-Chien|51\/100\n|\n|t:|1683394029\n|switch|p2a: Rotom|Rotom-Wash, L50|100\/100|[from] U-turn\n|move|p1a: Wo-Chien|Ruination|p2b: Flutter Mane\n|-damage|p2b: Flutter Mane|46\/100\n|\n|upkeep\n|\n|t:|1683394034\n|switch|p1b: Iron Moth|Iron Moth, L50|100\/100\n|-enditem|p1b: Iron Moth|Booster Energy\n|-activate|p1b: Iron Moth|ability: Quark Drive|[fromitem]\n|-start|p1b: Iron Moth|quarkdrivespa\n|turn|4\n|\n|t:|1683394052\n|-terastallize|p1b: Iron Moth|Poison\n|move|p2b: Flutter Mane|Dazzling Gleam|p1a: Wo-Chien|[spread] p1a,p1b\n|-supereffective|p1a: Wo-Chien\n|-resisted|p1b: Iron Moth\n|-damage|p1a: Wo-Chien|23\/100\n|-damage|p1b: Iron Moth|87\/100\n|-damage|p2b: Flutter Mane|37\/100|[from] item: Life Orb\n|move|p1b: Iron Moth|Acid Spray|p2a: Rotom\n|-damage|p2a: Rotom|39\/100\n|-unboost|p2a: Rotom|spd|2\n|-enditem|p2a: Rotom|Sitrus Berry|[eat]\n|-heal|p2a: Rotom|64\/100|[from] item: Sitrus Berry\n|move|p2a: Rotom|Hydro Pump|p1b: Iron Moth\n|-damage|p1b: Iron Moth|51\/100\n|move|p1a: Wo-Chien|Giga Drain|p2a: Rotom\n|-supereffective|p2a: Rotom\n|-damage|p2a: Rotom|0 fnt\n|-heal|p1a: Wo-Chien|49\/100|[from] drain|[of] p2a: Rotom\n|faint|p2a: Rotom\n|\n|-sideend|p1: woohelm|move: Tailwind\n|upkeep\n|\n|t:|1683394069\n|switch|p2a: Jumpluff|Jumpluff, L50, M|100\/100\n|turn|5\n|\n|t:|1683394092\n|move|p2b: Flutter Mane|Protect|p2b: Flutter Mane\n|-singleturn|p2b: Flutter Mane|Protect\n|move|p2a: Jumpluff|Encore|p1a: Wo-Chien\n|-start|p1a: Wo-Chien|Encore\n|move|p1b: Iron Moth|Heat Wave|p2a: Jumpluff|[spread] p2a\n|-activate|p2b: Flutter Mane|move: Protect\n|-supereffective|p2a: Jumpluff\n|-enditem|p2a: Jumpluff|Focus Sash\n|-damage|p2a: Jumpluff|1\/100\n|move|p1a: Wo-Chien|Giga Drain|p2b: Flutter Mane\n|-activate|p2b: Flutter Mane|move: Protect\n|\n|-sideend|p2: WillieDangerously|move: Tailwind\n|upkeep\n|turn|6\n|inactive|WillieDangerously has 30 seconds left.\n|\n|t:|1683394121\n|move|p2b: Flutter Mane|Shadow Ball|p1b: Iron Moth\n|-damage|p1b: Iron Moth|9\/100\n|-damage|p2b: Flutter Mane|28\/100|[from] item: Life Orb\n|move|p2a: Jumpluff|U-turn|p1a: Wo-Chien\n|-supereffective|p1a: Wo-Chien\n|-damage|p1a: Wo-Chien|26\/100\n|move|p1b: Iron Moth|Heat Wave|p2b: Flutter Mane|[spread] p2a,p2b\n|-supereffective|p2a: Jumpluff\n|-damage|p2a: Jumpluff|0 fnt\n|-damage|p2b: Flutter Mane|0 fnt\n|faint|p2a: Jumpluff\n|faint|p2b: Flutter Mane\n|-end|p2b: Flutter Mane|Protosynthesis|[silent]\n|\n|win|woohelm\n|raw|woohelm's rating: 1249 → 1267<\/strong> (+18 for winning)\n|raw|WillieDangerously's rating: 1146 → 1128<\/strong> (-18 for losing)\n","uploadtime":1683394125,"views":13,"p1id":"woohelm","p2id":"williedangerously","formatid":"gen9vgc2023regulationc","rating":1128,"private":0,"password":""}