{"id":"gen9vgc2023regulationc-1857308981","p1":"underusedapple","p2":"Yungsmitty","format":"[Gen 9] VGC 2023 Regulation C","log":"|j|\u2606underusedapple\n|j|\u2606Yungsmitty\n|t:|1683171097\n|gametype|doubles\n|player|p1|underusedapple|266|1344\n|player|p2|Yungsmitty|medium|1420\n|teamsize|p1|6\n|teamsize|p2|6\n|gen|9\n|tier|[Gen 9] VGC 2023 Regulation C\n|rated|\n|rule|Species Clause: Limit one of each Pok\u00e9mon\n|rule|Item Clause: Limit one of each item\n|clearpoke\n|poke|p1|Chi-Yu, L50|\n|poke|p1|Gyarados, L50, M|\n|poke|p1|Iron Hands, L50|\n|poke|p1|Ting-Lu, L50|\n|poke|p1|Flutter Mane, L50|\n|poke|p1|Amoonguss, L50, F|\n|poke|p2|Scream Tail, L50|\n|poke|p2|Chien-Pao, L50|\n|poke|p2|Flutter Mane, L50|\n|poke|p2|Palafin, L50, M|\n|poke|p2|Arcanine, L50, F|\n|poke|p2|Baxcalibur, L50, F|\n|teampreview|4\n|\n|t:|1683171127\n|start\n|switch|p1a: Ting-Lu|Ting-Lu, L50|100\/100\n|switch|p1b: Gyarados|Gyarados, L50, M|100\/100\n|switch|p2a: Chien-Pao|Chien-Pao, L50|100\/100\n|switch|p2b: Palafin|Palafin, L50, M|100\/100\n|-ability|p2a: Chien-Pao|Sword of Ruin\n|-ability|p1b: Gyarados|Intimidate|boost\n|-unboost|p2a: Chien-Pao|atk|1\n|-unboost|p2b: Palafin|atk|1\n|-ability|p1a: Ting-Lu|Vessel of Ruin\n|turn|1\n|\n|t:|1683171171\n|detailschange|p2b: Palafin|Palafin-Hero, L50, M\n|switch|p2b: Baxcalibur|Baxcalibur, L50, F|100\/100\n|switch|p1a: Iron Hands|Iron Hands, L50|100\/100\n|move|p2a: Chien-Pao|Ice Spinner|p1a: Iron Hands\n|-damage|p1a: Iron Hands|77\/100\n|move|p1b: Gyarados|Iron Head|p2a: Chien-Pao\n|-supereffective|p2a: Chien-Pao\n|-damage|p2a: Chien-Pao|26\/100\n|\n|upkeep\n|turn|2\n|\n|t:|1683171205\n|switch|p2a: Flutter Mane|Flutter Mane, L50|100\/100\n|-enditem|p2a: Flutter Mane|Booster Energy\n|-activate|p2a: Flutter Mane|ability: Protosynthesis|[fromitem]\n|-start|p2a: Flutter Mane|protosynthesisspa\n|move|p2b: Baxcalibur|Protect|p2b: Baxcalibur\n|-singleturn|p2b: Baxcalibur|Protect\n|move|p1a: Iron Hands|Fake Out|p2b: Baxcalibur\n|-activate|p2b: Baxcalibur|move: Protect\n|move|p1b: Gyarados|Thunder Wave|p2b: Baxcalibur\n|-activate|p2b: Baxcalibur|move: Protect\n|\n|upkeep\n|turn|3\n|\n|t:|1683171249\n|-terastallize|p2a: Flutter Mane|Water\n|move|p1a: Iron Hands|Protect|p1a: Iron Hands\n|-singleturn|p1a: Iron Hands|Protect\n|move|p2a: Flutter Mane|Moonblast|p1a: Iron Hands\n|-activate|p1a: Iron Hands|move: Protect\n|move|p2b: Baxcalibur|Glaive Rush|p1b: Gyarados\n|-damage|p1b: Gyarados|0 fnt\n|-singlemove|p2b: Baxcalibur|Glaive Rush|[silent]\n|faint|p1b: Gyarados\n|-damage|p2b: Baxcalibur|91\/100|[from] item: Life Orb\n|\n|upkeep\n|\n|t:|1683171262\n|switch|p1b: Amoonguss|Amoonguss, L50, F|100\/100\n|turn|4\n|\n|t:|1683171302\n|-terastallize|p1a: Iron Hands|Fire\n|move|p2a: Flutter Mane|Protect|p2a: Flutter Mane\n|-singleturn|p2a: Flutter Mane|Protect\n|move|p2b: Baxcalibur|Glaive Rush|p1b: Amoonguss\n|-damage|p1b: Amoonguss|19\/100\n|-singlemove|p2b: Baxcalibur|Glaive Rush|[silent]\n|-damage|p2b: Baxcalibur|74\/100|[from] item: Rocky Helmet|[of] p1b: Amoonguss\n|-damage|p2b: Baxcalibur|65\/100|[from] item: Life Orb\n|move|p1a: Iron Hands|Drain Punch|p2b: Baxcalibur\n|-supereffective|p2b: Baxcalibur\n|-damage|p2b: Baxcalibur|0 fnt\n|-heal|p1a: Iron Hands|100\/100|[from] drain|[of] p2b: Baxcalibur\n|faint|p2b: Baxcalibur\n|move|p1b: Amoonguss|Spore|p2a: Flutter Mane\n|-activate|p2a: Flutter Mane|move: Protect\n|\n|upkeep\n|\n|t:|1683171321\n|switch|p2b: Palafin|Palafin-Hero, L50, M|100\/100\n|-activate|p2b: Palafin|ability: Zero to Hero\n|turn|5\n|\n|t:|1683171349\n|move|p1a: Iron Hands|Protect|p1a: Iron Hands\n|-singleturn|p1a: Iron Hands|Protect\n|move|p2a: Flutter Mane|Shadow Ball|p1b: Amoonguss\n|-damage|p1b: Amoonguss|0 fnt\n|faint|p1b: Amoonguss\n|move|p2b: Palafin|Wave Crash|p1a: Iron Hands\n|-activate|p1a: Iron Hands|move: Protect\n|\n|upkeep\n|-message|underusedapple forfeited.\n|\n|win|Yungsmitty\n|raw|underusedapple's rating: 1344 → 1328<\/strong> (-16 for losing)\n|raw|Yungsmitty's rating: 1420 → 1436<\/strong> (+16 for winning)\n|l|\u2606underusedapple\n","uploadtime":1683171377,"views":7,"p1id":"underusedapple","p2id":"yungsmitty","formatid":"gen9vgc2023regulationc","rating":1328,"private":0,"password":""}