{"id":"gen9vgc2023regulationc-1846255521","p1":"ReedVGC","p2":"tukeydukey","format":"[Gen 9] VGC 2023 Regulation C","log":"|j|\u2606ReedVGC\n|j|\u2606tukeydukey\n|t:|1681825935\n|gametype|doubles\n|player|p1|ReedVGC|1|1074\n|player|p2|tukeydukey|elesa|1124\n|teamsize|p1|6\n|teamsize|p2|6\n|gen|9\n|tier|[Gen 9] VGC 2023 Regulation C\n|rated|\n|rule|Species Clause: Limit one of each Pok\u00e9mon\n|rule|Item Clause: Limit one of each item\n|clearpoke\n|poke|p1|Arcanine, L50, F|\n|poke|p1|Palafin, L50, M|\n|poke|p1|Flutter Mane, L50|\n|poke|p1|Amoonguss, L50, M|\n|poke|p1|Kingambit, L50, F|\n|poke|p1|Murkrow, L50, M|\n|poke|p2|Amoonguss, L50, F|\n|poke|p2|Palafin, L50, M|\n|poke|p2|Flutter Mane, L50|\n|poke|p2|Talonflame, L50, M|\n|poke|p2|Ting-Lu, L50|\n|poke|p2|Bellibolt, L50, F|\n|teampreview|4\n|inactive|Battle timer is ON: inactive players will automatically lose when time's up. (requested by tukeydukey)\n|\n|t:|1681825994\n|start\n|switch|p1a: Murkrow|Murkrow, L50, M|100\/100\n|switch|p1b: Palafin|Palafin, L50, M|100\/100\n|switch|p2a: Delfin|Palafin, L50, M|100\/100\n|switch|p2b: Bellibolt|Bellibolt, L50, F|100\/100\n|turn|1\n|\n|t:|1681826018\n|detailschange|p2a: Delfin|Palafin-Hero, L50, M\n|switch|p2a: Ting-Lu|Ting-Lu, L50|100\/100\n|-ability|p2a: Ting-Lu|Vessel of Ruin\n|move|p1b: Palafin|Protect|p1b: Palafin\n|-singleturn|p1b: Palafin|Protect\n|move|p1a: Murkrow|Tailwind|p1a: Murkrow\n|-sidestart|p1: ReedVGC|move: Tailwind\n|move|p2b: Bellibolt|Parabolic Charge|p1a: Murkrow|[spread] p1a\n|-activate|p1b: Palafin|move: Protect\n|-immune|p2a: Ting-Lu\n|-supereffective|p1a: Murkrow\n|-damage|p1a: Murkrow|71\/100\n|\n|upkeep\n|turn|2\n|inactive|ReedVGC has 30 seconds left.\n|inactive|ReedVGC has 20 seconds left.\n|inactive|ReedVGC has 15 seconds left.\n|\n|t:|1681826061\n|switch|p1a: Flutter Mane|Flutter Mane, L50|100\/100\n|-enditem|p1a: Flutter Mane|Booster Energy\n|-activate|p1a: Flutter Mane|ability: Protosynthesis|[fromitem]\n|-start|p1a: Flutter Mane|protosynthesisspe\n|move|p1b: Palafin|Jet Punch|p2a: Ting-Lu\n|-supereffective|p2a: Ting-Lu\n|-damage|p2a: Ting-Lu|69\/100\n|move|p2b: Bellibolt|Parabolic Charge|p1a: Flutter Mane|[spread] p1a,p1b\n|-immune|p2a: Ting-Lu\n|-supereffective|p1b: Palafin\n|-damage|p1a: Flutter Mane|87\/100\n|-damage|p1b: Palafin|58\/100\n|move|p2a: Ting-Lu|Rock Slide|p1a: Flutter Mane|[spread] p1a,p1b\n|-damage|p1a: Flutter Mane|50\/100\n|-damage|p1b: Palafin|37\/100\n|\n|upkeep\n|turn|3\n|inactive|ReedVGC has 30 seconds left.\n|inactive|tukeydukey has 30 seconds left.\n|\n|t:|1681826094\n|detailschange|p1b: Palafin|Palafin-Hero, L50, M\n|switch|p1b: Arcanine|Arcanine, L50, F|100\/100\n|-ability|p1b: Arcanine|Intimidate|boost\n|-unboost|p2a: Ting-Lu|atk|1\n|-unboost|p2b: Bellibolt|atk|1\n|-terastallize|p2a: Ting-Lu|Poison\n|move|p2b: Bellibolt|Protect|p2b: Bellibolt\n|-singleturn|p2b: Bellibolt|Protect\n|move|p1a: Flutter Mane|Moonblast|p2b: Bellibolt\n|-activate|p2b: Bellibolt|move: Protect\n|move|p2a: Ting-Lu|Earthquake|p1b: Arcanine|[spread] p1a,p1b\n|-activate|p2b: Bellibolt|move: Protect\n|-supereffective|p1b: Arcanine\n|-damage|p1a: Flutter Mane|4\/100\n|-damage|p1b: Arcanine|45\/100\n|\n|upkeep\n|turn|4\n|inactive|ReedVGC has 30 seconds left.\n|inactive|tukeydukey has 30 seconds left.\n|inactive|ReedVGC has 20 seconds left.\n|inactive|ReedVGC has 15 seconds left.\n|\n|t:|1681826137\n|switch|p2b: Seta|Amoonguss, L50, F|100\/100\n|move|p1a: Flutter Mane|Moonblast|p2b: Seta\n|-resisted|p2b: Seta\n|-damage|p2b: Seta|84\/100\n|move|p1b: Arcanine|Flare Blitz|p2a: Ting-Lu\n|-damage|p2a: Ting-Lu|31\/100\n|-damage|p1b: Arcanine|27\/100|[from] Recoil\n|move|p2a: Ting-Lu|Earthquake|p1b: Arcanine|[spread] p2b,p1a,p1b\n|-supereffective|p1b: Arcanine\n|-damage|p2b: Seta|66\/100\n|-damage|p1a: Flutter Mane|0 fnt\n|-damage|p1b: Arcanine|0 fnt\n|faint|p1a: Flutter Mane\n|-end|p1a: Flutter Mane|Protosynthesis|[silent]\n|faint|p1b: Arcanine\n|\n|-sideend|p1: ReedVGC|move: Tailwind\n|upkeep\n|\n|t:|1681826150\n|switch|p1a: Palafin|Palafin-Hero, L50, M|37\/100\n|switch|p1b: Murkrow|Murkrow, L50, M|71\/100\n|-activate|p1a: Palafin|ability: Zero to Hero\n|turn|5\n|\n|t:|1681826167\n|-terastallize|p1a: Palafin|Water\n|move|p1a: Palafin|Jet Punch|p2a: Ting-Lu\n|-damage|p2a: Ting-Lu|0 fnt\n|faint|p2a: Ting-Lu\n|move|p1b: Murkrow|Taunt|p2b: Seta\n|-start|p2b: Seta|move: Taunt\n|move|p2b: Seta|Pollen Puff|p2: Ting-Lu|[notarget]\n|-fail|p2b: Seta\n|\n|upkeep\n|\n|t:|1681826171\n|switch|p2a: Bellibolt|Bellibolt, L50, F|100\/100\n|turn|6\n|\n|t:|1681826184\n|move|p1a: Palafin|Protect|p1a: Palafin\n|-singleturn|p1a: Palafin|Protect\n|move|p1b: Murkrow|Icy Wind|p2b: Seta|[spread] p2a,p2b\n|-supereffective|p2b: Seta\n|-damage|p2a: Bellibolt|93\/100\n|-damage|p2b: Seta|52\/100\n|-unboost|p2a: Bellibolt|spe|1\n|-unboost|p2b: Seta|spe|1\n|-start|p2a: Bellibolt|Charge|Icy Wind|[from] ability: Electromorphosis\n|move|p2a: Bellibolt|Parabolic Charge|p1b: Murkrow|[spread] p2b,p1b\n|-activate|p1a: Palafin|move: Protect\n|-resisted|p2b: Seta\n|-supereffective|p1b: Murkrow\n|-damage|p2b: Seta|38\/100\n|-heal|p2a: Bellibolt|100\/100|[from] drain|[of] p2b: Seta\n|-damage|p1b: Murkrow|0 fnt\n|-enditem|p2b: Seta|Sitrus Berry|[eat]\n|-heal|p2b: Seta|63\/100|[from] item: Sitrus Berry\n|faint|p1b: Murkrow\n|-end|p2a: Bellibolt|Charge|[silent]\n|move|p2b: Seta|Pollen Puff|p1a: Palafin\n|-activate|p1a: Palafin|move: Protect\n|\n|upkeep\n|turn|7\n|\n|t:|1681826208\n|move|p1a: Palafin|Wave Crash|p2a: Bellibolt\n|-damage|p2a: Bellibolt|15\/100\n|-start|p2a: Bellibolt|Charge|Wave Crash|[from] ability: Electromorphosis\n|-damage|p1a: Palafin|4\/100|[from] Recoil\n|move|p2a: Bellibolt|Thunderbolt|p1a: Palafin\n|-supereffective|p1a: Palafin\n|-damage|p1a: Palafin|0 fnt\n|faint|p1a: Palafin\n|-end|p2a: Bellibolt|Charge|[silent]\n|\n|win|tukeydukey\n|raw|ReedVGC's rating: 1074 → 1056<\/strong> (-18 for losing)\n|raw|tukeydukey's rating: 1124 → 1145<\/strong> (+21 for winning)\n|l|\u2606ReedVGC\n","uploadtime":1681826227,"views":11,"p1id":"reedvgc","p2id":"tukeydukey","formatid":"gen9vgc2023regulationc","rating":1056,"private":0,"password":""}