{"id":"gen9vgc2023regulationc-1859270541","p1":"jueduishi","p2":"diamondmon551","format":"[Gen 9] VGC 2023 Regulation C","log":"|j|\u2606jueduishi\n|j|\u2606diamondmon551\n|t:|1683426602\n|gametype|doubles\n|player|p1|jueduishi|dawn|1209\n|player|p2|diamondmon551|penny|1169\n|teamsize|p1|6\n|teamsize|p2|6\n|gen|9\n|tier|[Gen 9] VGC 2023 Regulation C\n|rated|\n|rule|Species Clause: Limit one of each Pok\u00e9mon\n|rule|Item Clause: Limit one of each item\n|clearpoke\n|poke|p1|Sylveon, L50, M|\n|poke|p1|Amoonguss, L50, M|\n|poke|p1|Arcanine, L50, M|\n|poke|p1|Palafin, L50, M|\n|poke|p1|Scizor, L50, F|\n|poke|p1|Ting-Lu, L50|\n|poke|p2|Chi-Yu, L50|\n|poke|p2|Gyarados, L50, M|\n|poke|p2|Flutter Mane, L50|\n|poke|p2|Iron Hands, L50|\n|poke|p2|Amoonguss, L50, M|\n|poke|p2|Talonflame, L50, F|\n|teampreview|4\n|l|\u2606diamondmon551\n|player|p2|\n|j|\u2606diamondmon551\n|player|p2|diamondmon551|penny\n|l|\u2606diamondmon551\n|player|p2|\n|inactive|Battle timer is ON: inactive players will automatically lose when time's up. (requested by jueduishi)\n|j|\u2606diamondmon551\n|inactive|diamondmon551 reconnected and has 85 seconds left.\n|player|p2|diamondmon551|penny\n|\n|t:|1683426705\n|start\n|switch|p1a: Ting-Lu|Ting-Lu, L50|100\/100\n|switch|p1b: Scizor|Scizor, L50, F|100\/100\n|switch|p2a: Flutter Mane|Flutter Mane, L50|100\/100\n|switch|p2b: Iron Hands|Iron Hands, L50|100\/100\n|-ability|p1a: Ting-Lu|Vessel of Ruin\n|turn|1\n|inactive|jueduishi has 30 seconds left.\n|\n|t:|1683426734\n|switch|p1a: Amoonguss|Amoonguss, L50, M|100\/100\n|move|p2b: Iron Hands|Fake Out|p1b: Scizor\n|-resisted|p1b: Scizor\n|-crit|p1b: Scizor\n|-damage|p1b: Scizor|88\/100\n|move|p2a: Flutter Mane|Moonblast|p1a: Amoonguss\n|-resisted|p1a: Amoonguss\n|-damage|p1a: Amoonguss|70\/100\n|cant|p1b: Scizor|flinch\n|\n|upkeep\n|turn|2\n|\n|t:|1683426758\n|-end|p2a: Flutter Mane|Protosynthesis|[silent]\n|switch|p2a: Chi-Yu|Chi-Yu, L50|100\/100\n|-ability|p2a: Chi-Yu|Beads of Ruin\n|-terastallize|p2b: Iron Hands|Grass\n|move|p1b: Scizor|Tailwind|p1b: Scizor\n|-sidestart|p1: jueduishi|move: Tailwind\n|move|p2b: Iron Hands|Drain Punch|p1b: Scizor\n|-damage|p1b: Scizor|38\/100\n|move|p1a: Amoonguss|Spore|p2b: Iron Hands\n|-immune|p2b: Iron Hands\n|\n|upkeep\n|turn|3\n|inactive|jueduishi has 30 seconds left.\n|inactive|diamondmon551 has 30 seconds left.\n|\n|t:|1683426792\n|switch|p1b: Ting-Lu|Ting-Lu, L50|100\/100\n|-ability|p1b: Ting-Lu|Vessel of Ruin\n|move|p2a: Chi-Yu|Protect|p2a: Chi-Yu\n|-singleturn|p2a: Chi-Yu|Protect\n|move|p2b: Iron Hands|Drain Punch|p1b: Ting-Lu\n|-supereffective|p1b: Ting-Lu\n|-crit|p1b: Ting-Lu\n|-damage|p1b: Ting-Lu|30\/100\n|move|p1a: Amoonguss|Spore|p2a: Chi-Yu\n|-activate|p2a: Chi-Yu|move: Protect\n|\n|upkeep\n|turn|4\n|\n|t:|1683426810\n|switch|p2a: Amoonguss|Amoonguss, L50, M|100\/100\n|move|p1a: Amoonguss|Rage Powder|p1a: Amoonguss\n|-singleturn|p1a: Amoonguss|move: Rage Powder\n|move|p1b: Ting-Lu|Stomping Tantrum|p2a: Amoonguss\n|-damage|p2a: Amoonguss|78\/100\n|-damage|p1b: Ting-Lu|13\/100|[from] item: Rocky Helmet|[of] p2a: Amoonguss\n|move|p2b: Iron Hands|Drain Punch|p1b: Ting-Lu\n|-supereffective|p1b: Ting-Lu\n|-damage|p1b: Ting-Lu|0 fnt\n|faint|p1b: Ting-Lu\n|\n|upkeep\n|\n|t:|1683426827\n|switch|p1b: Sylveon|Sylveon, L50, M|100\/100\n|turn|5\n|\n|t:|1683426838\n|switch|p1a: Scizor|Scizor, L50, F|38\/100\n|move|p1b: Sylveon|Substitute|p1b: Sylveon\n|-start|p1b: Sylveon|Substitute\n|-damage|p1b: Sylveon|76\/100\n|move|p2b: Iron Hands|Wild Charge|p1b: Sylveon\n|-end|p1b: Sylveon|Substitute\n|-damage|p2b: Iron Hands|96\/100|[from] Recoil|[of] p1b: Sylveon\n|move|p2a: Amoonguss|Spore|p1b: Sylveon\n|-status|p1b: Sylveon|slp|[from] move: Spore\n|\n|-sideend|p1: jueduishi|move: Tailwind\n|upkeep\n|turn|6\n|-message|jueduishi forfeited.\n|\n|win|diamondmon551\n|raw|jueduishi's rating: 1209 → 1181<\/strong> (-28 for losing)\n|raw|diamondmon551's rating: 1169 → 1197<\/strong> (+28 for winning)\n|l|\u2606jueduishi\n","uploadtime":1683426858,"views":10,"p1id":"jueduishi","p2id":"diamondmon551","formatid":"gen9vgc2023regulationc","rating":1181,"private":0,"password":""}