{"id":"gen9vgc2023regulationc-1851887318","p1":"Zio Foffo","p2":"dadarvin","format":"[Gen 9] VGC 2023 Regulation C","log":"|j|\u2606Zio Foffo\n|j|\u2606dadarvin\n|t:|1682500929\n|gametype|doubles\n|player|p1|Zio Foffo|ninjaboy|1215\n|player|p2|dadarvin|1|1329\n|teamsize|p1|6\n|teamsize|p2|6\n|gen|9\n|tier|[Gen 9] VGC 2023 Regulation C\n|rated|\n|rule|Species Clause: Limit one of each Pok\u00e9mon\n|rule|Item Clause: Limit one of each item\n|clearpoke\n|poke|p1|Rotom-Wash, L50|\n|poke|p1|Ting-Lu, L50|\n|poke|p1|Arcanine, L50, F|\n|poke|p1|Flutter Mane, L50|\n|poke|p1|Amoonguss, L50, F|\n|poke|p1|Toxicroak, L50, M|\n|poke|p2|Torkoal, L50, F|\n|poke|p2|Armarouge, L50, F|\n|poke|p2|Gothitelle, L50, M|\n|poke|p2|Indeedee, L50, M|\n|poke|p2|Gallade, L50, M|\n|poke|p2|Flutter Mane, L50|\n|teampreview|4\n|inactive|Battle timer is ON: inactive players will automatically lose when time's up. (requested by Zio Foffo)\n|inactive|dadarvin has 60 seconds left.\n|\n|t:|1682501073\n|start\n|switch|p1a: Ting-Lu|Ting-Lu, L50|100\/100\n|switch|p1b: Amoonguss|Amoonguss, L50, F|100\/100\n|switch|p2a: Torkoal|Torkoal, L50, F|100\/100\n|switch|p2b: Armarouge|Armarouge, L50, F|100\/100\n|-ability|p1a: Ting-Lu|Vessel of Ruin\n|-weather|SunnyDay|[from] ability: Drought|[of] p2a: Torkoal\n|turn|1\n|\n|t:|1682501093\n|-terastallize|p2b: Armarouge|Grass\n|-terastallize|p1b: Amoonguss|Water\n|move|p2a: Torkoal|Protect|p2a: Torkoal\n|-singleturn|p2a: Torkoal|Protect\n|move|p1a: Ting-Lu|Snarl|p2a: Torkoal|[spread] p2b\n|-activate|p2a: Torkoal|move: Protect\n|-damage|p2b: Armarouge|94\/100\n|-unboost|p2b: Armarouge|spa|1\n|move|p1b: Amoonguss|Spore|p2b: Armarouge\n|-immune|p2b: Armarouge\n|move|p2b: Armarouge|Trick Room|p2b: Armarouge\n|-fieldstart|move: Trick Room|[of] p2b: Armarouge\n|\n|-weather|SunnyDay|[upkeep]\n|upkeep\n|turn|2\n|inactive|Zio Foffo has 30 seconds left.\n|inactive|dadarvin has 30 seconds left.\n|inactive|Zio Foffo has 20 seconds left.\n|inactive|dadarvin has 20 seconds left.\n|inactive|Zio Foffo has 15 seconds left.\n|inactive|dadarvin has 15 seconds left.\n|\n|t:|1682501137\n|switch|p2a: Gallade|Gallade, L50, M|100\/100\n|switch|p1a: Arcanine|Arcanine, L50, F|100\/100\n|-ability|p1a: Arcanine|Intimidate|boost\n|-unboost|p2a: Gallade|atk|1\n|-unboost|p2b: Armarouge|atk|1\n|switch|p2b: Indeedee|Indeedee, L50, M|100\/100\n|-fieldstart|move: Psychic Terrain|[from] ability: Psychic Surge|[of] p2b: Indeedee\n|move|p1b: Amoonguss|Spore|p2a: Gallade\n|-status|p2a: Gallade|slp|[from] move: Spore\n|\n|-weather|SunnyDay|[upkeep]\n|upkeep\n|turn|3\n|inactive|Zio Foffo has 30 seconds left.\n|\n|t:|1682501164\n|switch|p1a: Ting-Lu|Ting-Lu, L50|100\/100\n|-ability|p1a: Ting-Lu|Vessel of Ruin\n|switch|p2b: Armarouge|Armarouge, L50, F, tera:Grass|94\/100\n|cant|p2a: Gallade|slp\n|move|p1b: Amoonguss|Spore|p2b: Armarouge\n|-immune|p2b: Armarouge\n|\n|-weather|SunnyDay|[upkeep]\n|upkeep\n|turn|4\n|\n|t:|1682501182\n|move|p1b: Amoonguss|Pollen Puff|p2a: Gallade\n|-damage|p2a: Gallade|88\/100 slp\n|move|p1a: Ting-Lu|Snarl|p2b: Armarouge|[spread] p2a,p2b\n|-damage|p2a: Gallade|79\/100 slp\n|-damage|p2b: Armarouge|87\/100\n|-unboost|p2a: Gallade|spa|1\n|-unboost|p2b: Armarouge|spa|1\n|move|p2b: Armarouge|Aura Sphere|p1a: Ting-Lu\n|-supereffective|p1a: Ting-Lu\n|-damage|p1a: Ting-Lu|85\/100\n|cant|p2a: Gallade|slp\n|\n|-weather|SunnyDay|[upkeep]\n|-heal|p1a: Ting-Lu|90\/100|[from] item: Leftovers\n|upkeep\n|turn|5\n|\n|t:|1682501204\n|switch|p1a: Arcanine|Arcanine, L50, F|100\/100\n|-ability|p1a: Arcanine|Intimidate|boost\n|-unboost|p2a: Gallade|atk|1\n|-unboost|p2b: Armarouge|atk|1\n|move|p2b: Armarouge|Protect|p2b: Armarouge\n|-singleturn|p2b: Armarouge|Protect\n|move|p1b: Amoonguss|Pollen Puff|p2b: Armarouge\n|-activate|p2b: Armarouge|move: Protect\n|-curestatus|p2a: Gallade|slp|[msg]\n|move|p2a: Gallade|Sacred Sword|p1a: Arcanine\n|-damage|p1a: Arcanine|60\/100\n|\n|-weather|none\n|-fieldend|move: Trick Room\n|upkeep\n|turn|6\n|inactive|Zio Foffo has 30 seconds left.\n|inactive|Zio Foffo has 20 seconds left.\n|inactive|Zio Foffo has 15 seconds left.\n|inactive|dadarvin has 30 seconds left.\n|inactive|Zio Foffo has 10 seconds left.\n|\n|t:|1682501252\n|switch|p2a: Torkoal|Torkoal, L50, F|100\/100\n|-weather|SunnyDay|[from] ability: Drought|[of] p2a: Torkoal\n|switch|p1b: Flutter Mane|Flutter Mane, L50|100\/100\n|-activate|p1b: Flutter Mane|ability: Protosynthesis\n|-start|p1b: Flutter Mane|protosynthesisspe\n|move|p1a: Arcanine|Protect|p1a: Arcanine\n|-singleturn|p1a: Arcanine|Protect\n|move|p2b: Armarouge|Expanding Force|p1a: Arcanine|[spread] p1b\n|-activate|p1a: Arcanine|move: Protect\n|-damage|p1b: Flutter Mane|67\/100\n|\n|-weather|SunnyDay|[upkeep]\n|-fieldend|move: Psychic Terrain\n|upkeep\n|turn|7\n|inactive|Zio Foffo has 30 seconds left.\n|\n|t:|1682501280\n|switch|p1a: Ting-Lu|Ting-Lu, L50|90\/100\n|-ability|p1a: Ting-Lu|Vessel of Ruin\n|move|p2a: Torkoal|Protect|p2a: Torkoal\n|-singleturn|p2a: Torkoal|Protect\n|move|p1b: Flutter Mane|Moonblast|p2b: Armarouge\n|-damage|p2b: Armarouge|43\/100\n|move|p2b: Armarouge|Trick Room|p2b: Armarouge\n|-fieldstart|move: Trick Room|[of] p2b: Armarouge\n|\n|-weather|SunnyDay|[upkeep]\n|-heal|p1a: Ting-Lu|96\/100|[from] item: Leftovers\n|upkeep\n|turn|8\n|inactive|Zio Foffo has 30 seconds left.\n|\n|t:|1682501310\n|switch|p2b: Indeedee|Indeedee, L50, M|100\/100\n|-fieldstart|move: Psychic Terrain|[from] ability: Psychic Surge|[of] p2b: Indeedee\n|-end|p1b: Flutter Mane|Protosynthesis|[silent]\n|switch|p1b: Amoonguss|Amoonguss, L50, F, tera:Water|100\/100\n|move|p2a: Torkoal|Eruption|p1a: Ting-Lu|[spread] p1a,p1b\n|-resisted|p1b: Amoonguss\n|-damage|p1a: Ting-Lu|50\/100\n|-damage|p1b: Amoonguss|72\/100\n|move|p1a: Ting-Lu|Stomping Tantrum|p2a: Torkoal\n|-supereffective|p2a: Torkoal\n|-crit|p2a: Torkoal\n|-damage|p2a: Torkoal|12\/100\n|\n|-weather|SunnyDay|[upkeep]\n|-heal|p1a: Ting-Lu|56\/100|[from] item: Leftovers\n|upkeep\n|turn|9\n|inactive|dadarvin has 30 seconds left.\n|\n|t:|1682501340\n|move|p2a: Torkoal|Solar Beam||[still]\n|-prepare|p2a: Torkoal|Solar Beam\n|-anim|p2a: Torkoal|Solar Beam|p1b: Amoonguss\n|-supereffective|p1b: Amoonguss\n|-damage|p1b: Amoonguss|28\/100\n|move|p1b: Amoonguss|Pollen Puff|p1a: Ting-Lu\n|-heal|p1a: Ting-Lu|100\/100\n|move|p1a: Ting-Lu|Snarl|p2a: Torkoal|[spread] p2a\n|-miss|p1a: Ting-Lu|p2b: Indeedee\n|-damage|p2a: Torkoal|0 fnt\n|faint|p2a: Torkoal\n|move|p2b: Indeedee|Trick|p1a: Ting-Lu\n|-activate|p2b: Indeedee|move: Trick|[of] p1a: Ting-Lu\n|-item|p1a: Ting-Lu|Choice Scarf|[from] move: Trick\n|-item|p2b: Indeedee|Leftovers|[from] move: Trick\n|\n|-weather|SunnyDay|[upkeep]\n|upkeep\n|\n|t:|1682501355\n|switch|p2a: Gallade|Gallade, L50, M|79\/100\n|turn|10\n|\n|t:|1682501371\n|switch|p2a: Armarouge|Armarouge, L50, F, tera:Grass|43\/100\n|move|p1b: Amoonguss|Spore|p2a: Armarouge\n|-immune|p2a: Armarouge\n|move|p1a: Ting-Lu|Throat Chop|p2b: Indeedee\n|-supereffective|p2b: Indeedee\n|-crit|p2b: Indeedee\n|-damage|p2b: Indeedee|0 fnt\n|faint|p2b: Indeedee\n|\n|-weather|none\n|upkeep\n|\n|t:|1682501394\n|switch|p2b: Gallade|Gallade, L50, M|79\/100\n|turn|11\n|\n|t:|1682501410\n|move|p1b: Amoonguss|Spore|p2b: Gallade\n|-status|p2b: Gallade|slp|[from] move: Spore\n|move|p2a: Armarouge|Expanding Force|p1a: Ting-Lu|[spread] p1b\n|-immune|p1a: Ting-Lu\n|-damage|p1b: Amoonguss|0 fnt\n|faint|p1b: Amoonguss\n|cant|p2b: Gallade|slp\n|move|p1a: Ting-Lu|Throat Chop|p2a: Armarouge\n|-damage|p2a: Armarouge|9\/100\n|-start|p2a: Armarouge|Throat Chop|[silent]\n|\n|-fieldend|move: Trick Room\n|upkeep\n|-message|dadarvin forfeited.\n|\n|win|Zio Foffo\n|raw|Zio Foffo's rating: 1215 → 1248<\/strong> (+33 for winning)\n|raw|dadarvin's rating: 1329 → 1303<\/strong> (-26 for losing)\n|l|\u2606dadarvin\n","uploadtime":1682501438,"views":12,"p1id":"ziofoffo","p2id":"dadarvin","formatid":"gen9vgc2023regulationc","rating":1248,"private":0,"password":""}