{"id":"gen9vgc2023regulationc-1848735328","p1":"humble_jose","p2":"Alaskan_fisher","format":"[Gen 9] VGC 2023 Regulation C","log":"|j|\u2606humble_jose\n|j|\u2606Alaskan_fisher\n|t:|1682105215\n|gametype|doubles\n|player|p1|humble_jose|265|1145\n|player|p2|Alaskan_fisher|fisherman-gen4|1176\n|teamsize|p1|6\n|teamsize|p2|6\n|gen|9\n|tier|[Gen 9] VGC 2023 Regulation C\n|rated|\n|rule|Species Clause: Limit one of each Pok\u00e9mon\n|rule|Item Clause: Limit one of each item\n|clearpoke\n|poke|p1|Amoonguss, L50, M|\n|poke|p1|Espathra, L50, F|\n|poke|p1|Arcanine, L50, M|\n|poke|p1|Grimmsnarl, L50, M|\n|poke|p1|Iron Bundle, L50|\n|poke|p1|Great Tusk, L50|\n|poke|p2|Baxcalibur, L50, M|\n|poke|p2|Palafin, L50, F|\n|poke|p2|Arcanine, L50, M|\n|poke|p2|Flutter Mane, L50|\n|poke|p2|Ting-Lu, L50|\n|poke|p2|Amoonguss, L50, F|\n|teampreview|4\nAlaskan_fisher has agreed to open team sheets.\nhumble_jose has agreed to open team sheets.\n|\n|t:|1682105313\n|start\n|switch|p1a: Arcanine|Arcanine, L50, M|100\/100\n|switch|p1b: Grimmsnarl|Grimmsnarl, L50, M|100\/100\n|switch|p2a: Baxcalibur|Baxcalibur, L50, M|100\/100\n|switch|p2b: Flutter Mane|Flutter Mane, L50|100\/100\n|-ability|p1a: Arcanine|Intimidate|boost\n|-unboost|p2a: Baxcalibur|atk|1\n|-unboost|p2b: Flutter Mane|atk|1\n|turn|1\n|\n|t:|1682105353\n|-end|p2b: Flutter Mane|Protosynthesis|[silent]\n|switch|p2b: Amoonguss|Amoonguss, L50, F|100\/100\n|-terastallize|p2a: Baxcalibur|Poison\n|move|p1b: Grimmsnarl|Parting Shot|p2a: Baxcalibur\n|-unboost|p2a: Baxcalibur|atk|1\n|-unboost|p2a: Baxcalibur|spa|1\n|\n|t:|1682105366\n|switch|p1b: Iron Bundle|Iron Bundle, L50|100\/100|[from] Parting Shot\n|move|p2a: Baxcalibur|Dragon Dance|p2a: Baxcalibur\n|-boost|p2a: Baxcalibur|atk|1\n|-boost|p2a: Baxcalibur|spe|1\n|move|p1a: Arcanine|Flare Blitz|p2b: Amoonguss\n|-supereffective|p2b: Amoonguss\n|-damage|p2b: Amoonguss|11\/100\n|-enditem|p2b: Amoonguss|Sitrus Berry|[eat]\n|-heal|p2b: Amoonguss|36\/100|[from] item: Sitrus Berry\n|-damage|p1a: Arcanine|64\/100|[from] Recoil\n|\n|upkeep\n|turn|2\n|\n|t:|1682105398\n|move|p1b: Iron Bundle|Protect|p1b: Iron Bundle\n|-singleturn|p1b: Iron Bundle|Protect\n|move|p2b: Amoonguss|Rage Powder|p2b: Amoonguss\n|-singleturn|p2b: Amoonguss|move: Rage Powder\n|move|p2a: Baxcalibur|Glaive Rush|p1a: Arcanine\n|-damage|p1a: Arcanine|6\/100\n|-singlemove|p2a: Baxcalibur|Glaive Rush|[silent]\n|-enditem|p1a: Arcanine|Aguav Berry|[eat]\n|-heal|p1a: Arcanine|39\/100|[from] item: Aguav Berry\n|move|p1a: Arcanine|Flare Blitz|p2b: Amoonguss\n|-supereffective|p2b: Amoonguss\n|-damage|p2b: Amoonguss|0 fnt\n|faint|p2b: Amoonguss\n|-damage|p1a: Arcanine|25\/100|[from] Recoil\n|\n|upkeep\n|\n|t:|1682105449\n|switch|p2b: Flutter Mane|Flutter Mane, L50|100\/100\n|turn|3\n|\n|t:|1682105470\n|move|p1a: Arcanine|Extreme Speed|p2a: Baxcalibur\n|-damage|p2a: Baxcalibur|47\/100\n|move|p2a: Baxcalibur|Icicle Spear|p1a: Arcanine\n|-resisted|p1a: Arcanine\n|-damage|p1a: Arcanine|18\/100\n|-resisted|p1a: Arcanine\n|-damage|p1a: Arcanine|13\/100\n|-resisted|p1a: Arcanine\n|-damage|p1a: Arcanine|7\/100\n|-resisted|p1a: Arcanine\n|-damage|p1a: Arcanine|2\/100\n|-resisted|p1a: Arcanine\n|-damage|p1a: Arcanine|0 fnt\n|faint|p1a: Arcanine\n|-hitcount|p1: Arcanine|5\n|move|p1b: Iron Bundle|Icy Wind|p2a: Baxcalibur|[spread] p2a,p2b\n|-damage|p2a: Baxcalibur|24\/100\n|-damage|p2b: Flutter Mane|81\/100\n|-unboost|p2a: Baxcalibur|spe|1\n|-unboost|p2b: Flutter Mane|spe|1\n|move|p2b: Flutter Mane|Moonblast|p1b: Iron Bundle\n|-enditem|p1b: Iron Bundle|Focus Sash\n|-damage|p1b: Iron Bundle|1\/100\n|\n|upkeep\n|\n|t:|1682105483\n|switch|p1a: Espathra|Espathra, L50, F|100\/100\n|turn|4\n|inactive|Battle timer is ON: inactive players will automatically lose when time's up. (requested by humble_jose)\n|\n|t:|1682105524\n|move|p1b: Iron Bundle|Protect|p1b: Iron Bundle\n|-singleturn|p1b: Iron Bundle|Protect\n|move|p1a: Espathra|Protect|p1a: Espathra\n|-singleturn|p1a: Espathra|Protect\n|move|p2a: Baxcalibur|Dragon Dance|p2a: Baxcalibur\n|-boost|p2a: Baxcalibur|atk|1\n|-boost|p2a: Baxcalibur|spe|1\n|move|p2b: Flutter Mane|Moonblast|p1b: Iron Bundle\n|-activate|p1b: Iron Bundle|move: Protect\n|\n|-ability|p1a: Espathra|Speed Boost|boost\n|-boost|p1a: Espathra|spe|1\n|upkeep\n|turn|5\n|inactive|humble_jose has 30 seconds left.\n|inactive|Alaskan_fisher has 30 seconds left.\n|inactive|humble_jose has 20 seconds left.\n|inactive|Alaskan_fisher has 20 seconds left.\n|inactive|humble_jose has 15 seconds left.\n|inactive|Alaskan_fisher has 15 seconds left.\n|\n|t:|1682105567\n|-terastallize|p1a: Espathra|Fairy\n|move|p2a: Baxcalibur|Protect|p2a: Baxcalibur\n|-singleturn|p2a: Baxcalibur|Protect\n|move|p1b: Iron Bundle|Hydro Pump|p2b: Flutter Mane|[miss]\n|-miss|p1b: Iron Bundle|p2b: Flutter Mane\n|move|p1a: Espathra|Lumina Crash|p2a: Baxcalibur\n|-activate|p2a: Baxcalibur|move: Protect\n|move|p2b: Flutter Mane|Moonblast|p1b: Iron Bundle\n|-damage|p1b: Iron Bundle|0 fnt\n|faint|p1b: Iron Bundle\n|-end|p1b: Iron Bundle|Quark Drive|[silent]\n|\n|-ability|p1a: Espathra|Speed Boost|boost\n|-boost|p1a: Espathra|spe|1\n|upkeep\n|\n|t:|1682105577\n|switch|p1b: Grimmsnarl|Grimmsnarl, L50, M|100\/100\n|turn|6\n|inactive|Alaskan_fisher has 30 seconds left.\n|inactive|Alaskan_fisher has 20 seconds left.\n|inactive|Alaskan_fisher has 15 seconds left.\n|\n|t:|1682105620\n|move|p1b: Grimmsnarl|Light Screen|p1b: Grimmsnarl\n|-sidestart|p1: humble_jose|move: Light Screen\n|move|p1a: Espathra|Lumina Crash|p2a: Baxcalibur\n|-supereffective|p2a: Baxcalibur\n|-damage|p2a: Baxcalibur|0 fnt\n|faint|p2a: Baxcalibur\n|move|p2b: Flutter Mane|Moonblast|p1b: Grimmsnarl\n|-supereffective|p1b: Grimmsnarl\n|-damage|p1b: Grimmsnarl|31\/100\n|-unboost|p1b: Grimmsnarl|spa|1\n|\n|-ability|p1a: Espathra|Speed Boost|boost\n|-boost|p1a: Espathra|spe|1\n|upkeep\n|inactive|Alaskan_fisher has 30 seconds left.\n|inactive|Alaskan_fisher has 20 seconds left.\n|\n|t:|1682105657\n|switch|p2a: Arcanine|Arcanine, L50, M|100\/100\n|-ability|p2a: Arcanine|Intimidate|boost\n|-unboost|p1a: Espathra|atk|1\n|-unboost|p1b: Grimmsnarl|atk|1\n|turn|7\n|\n|t:|1682105672\n|move|p1b: Grimmsnarl|Parting Shot|p2b: Flutter Mane\n|-unboost|p2b: Flutter Mane|atk|1\n|-unboost|p2b: Flutter Mane|spa|1\n|move|p1a: Espathra|Lumina Crash|p2a: Arcanine\n|-damage|p2a: Arcanine|57\/100\n|-unboost|p2a: Arcanine|spd|2\n|move|p2a: Arcanine|Flare Blitz|p1b: Grimmsnarl\n|-damage|p1b: Grimmsnarl|0 fnt\n|faint|p1b: Grimmsnarl\n|-damage|p2a: Arcanine|46\/100|[from] Recoil\n|move|p2b: Flutter Mane|Moonblast|p1a: Espathra\n|-damage|p1a: Espathra|64\/100\n|\n|-ability|p1a: Espathra|Speed Boost|boost\n|-boost|p1a: Espathra|spe|1\n|upkeep\n|turn|8\n|inactive|Alaskan_fisher has 30 seconds left.\n|\n|t:|1682105703\n|move|p1a: Espathra|Protect|p1a: Espathra\n|-singleturn|p1a: Espathra|Protect\n|move|p2a: Arcanine|Protect|p2a: Arcanine\n|-singleturn|p2a: Arcanine|Protect\n|move|p2b: Flutter Mane|Moonblast|p1a: Espathra\n|-activate|p1a: Espathra|move: Protect\n|\n|-ability|p1a: Espathra|Speed Boost|boost\n|-boost|p1a: Espathra|spe|1\n|upkeep\n|turn|9\n|inactive|Alaskan_fisher has 30 seconds left.\n|inactive|Alaskan_fisher has 20 seconds left.\n|\n|t:|1682105739\n|move|p1a: Espathra|Lumina Crash|p2a: Arcanine\n|-damage|p2a: Arcanine|0 fnt\n|faint|p2a: Arcanine\n|move|p2b: Flutter Mane|Moonblast|p1a: Espathra\n|-damage|p1a: Espathra|26\/100\n|-enditem|p1a: Espathra|Sitrus Berry|[eat]\n|-heal|p1a: Espathra|51\/100|[from] item: Sitrus Berry\n|\n|-ability|p1a: Espathra|Speed Boost|boost\n|-boost|p1a: Espathra|spe|1\n|upkeep\n|turn|10\n|inactive|humble_jose has 30 seconds left.\n|\n|t:|1682105768\n|move|p1a: Espathra|Lumina Crash|p2b: Flutter Mane\n|-damage|p2b: Flutter Mane|51\/100\n|-unboost|p2b: Flutter Mane|spd|2\n|move|p2b: Flutter Mane|Moonblast|p1a: Espathra\n|-damage|p1a: Espathra|13\/100\n|\n|upkeep\n|turn|11\n|\n|t:|1682105777\n|move|p1a: Espathra|Dazzling Gleam|p2b: Flutter Mane\n|-damage|p2b: Flutter Mane|0 fnt\n|faint|p2b: Flutter Mane\n|-end|p2b: Flutter Mane|Protosynthesis|[silent]\n|\n|win|humble_jose\n|raw|humble_jose's rating: 1145 → 1172<\/strong> (+27 for winning)\n|raw|Alaskan_fisher's rating: 1176 → 1149<\/strong> (-27 for losing)\n|l|\u2606humble_jose\n","uploadtime":1682105794,"views":18,"p1id":"humblejose","p2id":"alaskanfisher","formatid":"gen9vgc2023regulationc","rating":1149,"private":0,"password":""}