{"id":"gen9vgc2023regulationc-1849430692","p1":"PurpleStyle","p2":"Heaven64","format":"[Gen 9] VGC 2023 Regulation C","log":"|j|\u2606PurpleStyle\n|j|\u2606Heaven64\n|t:|1682197656\n|gametype|doubles\n|player|p1|PurpleStyle|pokefan|\n|player|p2|Heaven64|leaf-masters|\n|teamsize|p1|6\n|teamsize|p2|6\n|gen|9\n|tier|[Gen 9] VGC 2023 Regulation C\n|rule|Species Clause: Limit one of each Pok\u00e9mon\n|rule|Item Clause: Limit one of each item\n|clearpoke\n|poke|p1|Gastrodon, L50, M|\n|poke|p1|Wo-Chien, L50|\n|poke|p1|Grimmsnarl, L50, M|\n|poke|p1|Tauros-Paldea-Combat, L50, M|\n|poke|p1|Glimmora, L50, M|\n|poke|p1|Rotom-Fan, L50|\n|poke|p2|Iron Jugulis, L50|\n|poke|p2|Iron Thorns, L50|\n|poke|p2|Cryogonal, L50|\n|poke|p2|Muk, L50, M|\n|poke|p2|Floatzel, L50, F|\n|poke|p2|Crocalor, L50, M|\n|teampreview|4\n|c|\u2606Heaven64|g3\nPurpleStyle rejected open team sheets.\n|c|\u2606PurpleStyle|glhf\n|c|\u2606PurpleStyle|Sorry for not responding to your ggs, mb\n|c|\u2606Heaven64|np\n|\n|t:|1682198443\n|start\n|switch|p1a: Grimmsnarl|Grimmsnarl, L50, M|100\/100\n|switch|p1b: Tauros|Tauros-Paldea-Combat, L50, M|100\/100\n|switch|p2a: Black Mesa|Iron Jugulis, L50|100\/100\n|switch|p2b: Shinra|Iron Thorns, L50|100\/100\n|-ability|p1b: Tauros|Intimidate|boost\n|-unboost|p2a: Black Mesa|atk|1\n|-unboost|p2b: Shinra|atk|1\n|-enditem|p2a: Black Mesa|Booster Energy\n|-activate|p2a: Black Mesa|ability: Quark Drive|[fromitem]\n|-start|p2a: Black Mesa|quarkdrivespa\n|turn|1\n|\n|t:|1682198504\n|-end|p2b: Shinra|Quark Drive|[silent]\n|switch|p2b: Soylent|Muk, L50, M, shiny|100\/100\n|-terastallize|p1b: Tauros|Electric\n|move|p1a: Grimmsnarl|Reflect|p1a: Grimmsnarl\n|-sidestart|p1: PurpleStyle|Reflect\n|move|p2a: Black Mesa|Hurricane|p1b: Tauros|[miss]\n|-miss|p2a: Black Mesa|p1b: Tauros\n|move|p1b: Tauros|Wild Charge|p2a: Black Mesa\n|-supereffective|p2a: Black Mesa\n|-damage|p2a: Black Mesa|12\/100\n|-damage|p1b: Tauros|79\/100|[from] Recoil\n|\n|upkeep\n|turn|2\n|\n|t:|1682198526\n|move|p1a: Grimmsnarl|Light Screen|p1a: Grimmsnarl\n|-sidestart|p1: PurpleStyle|move: Light Screen\n|move|p2a: Black Mesa|Tailwind|p2a: Black Mesa\n|-sidestart|p2: Heaven64|move: Tailwind\n|move|p1b: Tauros|Rock Slide|p2a: Black Mesa|[spread] p2a,p2b\n|-supereffective|p2a: Black Mesa\n|-crit|p2b: Soylent\n|-damage|p2a: Black Mesa|0 fnt\n|-damage|p2b: Soylent|73\/100\n|faint|p2a: Black Mesa\n|-end|p2a: Black Mesa|Quark Drive|[silent]\n|cant|p2b: Soylent|flinch\n|\n|-heal|p2b: Soylent|79\/100|[from] item: Leftovers\n|upkeep\n|\n|t:|1682198543\n|switch|p2a: Shinra|Iron Thorns, L50|100\/100\n|turn|3\n|\n|t:|1682198571\n|move|p1a: Grimmsnarl|Parting Shot|p2a: Shinra\n|-unboost|p2a: Shinra|atk|1\n|-unboost|p2a: Shinra|spa|1\n|\n|t:|1682198578\n|switch|p1a: Gastrodon|Gastrodon, L50, M|100\/100|[from] Parting Shot\n|move|p2a: Shinra|Rock Blast|p1b: Tauros\n|-crit|p1b: Tauros\n|-damage|p1b: Tauros|57\/100\n|-damage|p1b: Tauros|50\/100\n|-damage|p1b: Tauros|44\/100\n|-damage|p1b: Tauros|37\/100\n|-hitcount|p1b: Tauros|4\n|move|p1b: Tauros|Stomping Tantrum|p2b: Soylent\n|-supereffective|p2b: Soylent\n|-damage|p2b: Soylent|30\/100\n|move|p2b: Soylent|Gunk Shot|p1a: Gastrodon\n|-resisted|p1a: Gastrodon\n|-damage|p1a: Gastrodon|86\/100\n|\n|-heal|p2b: Soylent|36\/100|[from] item: Leftovers\n|-heal|p1a: Gastrodon|92\/100|[from] item: Leftovers\n|upkeep\n|turn|4\n|\n|t:|1682198623\n|-terastallize|p2a: Shinra|Bug\n|move|p2b: Soylent|Protect|p2b: Soylent\n|-singleturn|p2b: Soylent|Protect\n|move|p2a: Shinra|Pin Missile|p1b: Tauros\n|-damage|p1b: Tauros|31\/100\n|-damage|p1b: Tauros|25\/100\n|-damage|p1b: Tauros|19\/100\n|-damage|p1b: Tauros|13\/100\n|-hitcount|p1b: Tauros|4\n|move|p1b: Tauros|Stomping Tantrum|p2b: Soylent\n|-activate|p2b: Soylent|move: Protect\n|move|p1a: Gastrodon|Yawn|p2a: Shinra\n|-start|p2a: Shinra|move: Yawn|[of] p1a: Gastrodon\n|\n|-heal|p2b: Soylent|42\/100|[from] item: Leftovers\n|-heal|p1a: Gastrodon|98\/100|[from] item: Leftovers\n|upkeep\n|turn|5\n|\n|t:|1682198654\n|-end|p2a: Shinra|Quark Drive|[silent]\n|switch|p2a: SCP-3799|Cryogonal, L50|100\/100\n|move|p1b: Tauros|Rock Slide|p2a: SCP-3799|[spread] p2a,p2b\n|-supereffective|p2a: SCP-3799\n|-damage|p2a: SCP-3799|37\/100\n|-damage|p2b: Soylent|23\/100\n|cant|p2b: Soylent|flinch\n|move|p1a: Gastrodon|Earth Power|p2b: Soylent\n|-supereffective|p2b: Soylent\n|-damage|p2b: Soylent|0 fnt\n|faint|p2b: Soylent\n|\n|-heal|p1a: Gastrodon|100\/100|[from] item: Leftovers\n|-sideend|p2: Heaven64|move: Tailwind\n|upkeep\n|\n|t:|1682198663\n|switch|p2b: Shinra|Iron Thorns, L50, tera:Bug|100\/100\n|turn|6\n|\n|t:|1682198686\n|move|p1a: Gastrodon|Protect|p1a: Gastrodon\n|-singleturn|p1a: Gastrodon|Protect\n|move|p2a: SCP-3799|Freeze-Dry|p1b: Tauros\n|-damage|p1b: Tauros|0 fnt\n|faint|p1b: Tauros\n|move|p2b: Shinra|Pin Missile|p1a: Gastrodon\n|-activate|p1a: Gastrodon|move: Protect\n|\n|upkeep\n|\n|t:|1682198695\n|switch|p1b: Glimmora|Glimmora, L50, M|100\/100\n|turn|7\n|\n|t:|1682198734\n|move|p2a: SCP-3799|Freeze-Dry|p1a: Gastrodon\n|-supereffective|p1a: Gastrodon\n|-damage|p1a: Gastrodon|0 fnt\n|faint|p1a: Gastrodon\n|move|p2b: Shinra|Earthquake|p1b: Glimmora|[spread] p1b\n|-immune|p2a: SCP-3799|[from] ability: Levitate\n|-supereffective|p1b: Glimmora\n|-damage|p1b: Glimmora|15\/100\n|-activate|p1b: Glimmora|ability: Toxic Debris\n|-sidestart|p2: Heaven64|move: Toxic Spikes\n|move|p1b: Glimmora|Power Gem|p2b: Shinra\n|-supereffective|p2b: Shinra\n|-damage|p2b: Shinra|0 fnt\n|faint|p2b: Shinra\n|-end|p2b: Shinra|Quark Drive|[silent]\n|-damage|p1b: Glimmora|5\/100|[from] item: Life Orb\n|\n|upkeep\n|\n|t:|1682198741\n|switch|p1a: Grimmsnarl|Grimmsnarl, L50, M|100\/100\n|turn|8\n|\n|t:|1682198753\n|move|p1b: Glimmora|Spiky Shield|p1b: Glimmora\n|-singleturn|p1b: Glimmora|move: Protect\n|move|p2a: SCP-3799|Freeze-Dry|p1b: Glimmora\n|-activate|p1b: Glimmora|move: Protect\n|move|p1a: Grimmsnarl|Spirit Break|p2a: SCP-3799\n|-damage|p2a: SCP-3799|0 fnt\n|faint|p2a: SCP-3799\n|\n|win|PurpleStyle\n|c|\u2606Heaven64|GG\n|c|\u2606PurpleStyle|gg\n|c|\u2606PurpleStyle|you got so unlucky with the flinches in this game\n","uploadtime":1682198791,"views":12,"p1id":"purplestyle","p2id":"heaven64","formatid":"gen9vgc2023regulationc","rating":0,"private":0,"password":""}