{"id":"gen9vgc2023regulationc-1857717839","p1":"JMBVCJ","p2":"Valiiiii","format":"[Gen 9] VGC 2023 Regulation C","log":"|j|\u2606JMBVCJ\n|j|\u2606Valiiiii\n|t:|1683225265\n|gametype|doubles\n|player|p1|JMBVCJ|striker|1094\n|player|p2|Valiiiii|veteran|1194\n|teamsize|p1|6\n|teamsize|p2|6\n|gen|9\n|tier|[Gen 9] VGC 2023 Regulation C\n|rated|\n|rule|Species Clause: Limit one of each Pok\u00e9mon\n|rule|Item Clause: Limit one of each item\n|clearpoke\n|poke|p1|Iron Bundle, L50|\n|poke|p1|Flutter Mane, L50|\n|poke|p1|Sableye, L50, M|\n|poke|p1|Ceruledge, L50, F|\n|poke|p1|Dragonite, L50, M|\n|poke|p1|Torkoal, L50, M|\n|poke|p2|Ceruledge, L50, M|\n|poke|p2|Maushold, L50|\n|poke|p2|Flutter Mane, L50|\n|poke|p2|Iron Bundle, L50|\n|poke|p2|Brute Bonnet, L50|\n|poke|p2|Corviknight, L50, M|\n|teampreview|4\n|inactive|Battle timer is ON: inactive players will automatically lose when time's up. (requested by JMBVCJ)\n|\n|t:|1683225298\n|start\n|switch|p1a: Iron Bundle|Iron Bundle, L50|100\/100\n|switch|p1b: Ceruledge|Ceruledge, L50, F|100\/100\n|switch|p2a: Flutter Mane|Flutter Mane, L50, shiny|100\/100\n|switch|p2b: Maushold|Maushold, L50, shiny|100\/100\n|turn|1\n|inactive|JMBVCJ has 30 seconds left.\n|inactive|Valiiiii has 30 seconds left.\n|\n|t:|1683225330\n|move|p2b: Maushold|Follow Me|p2b: Maushold\n|-singleturn|p2b: Maushold|move: Follow Me\n|move|p1a: Iron Bundle|Flip Turn|p2b: Maushold\n|-damage|p2b: Maushold|85\/100\n|\n|t:|1683225343\n|-end|p1a: Iron Bundle|Quark Drive|[silent]\n|switch|p1a: Torkoal|Torkoal, L50, M|100\/100|[from] Flip Turn\n|-weather|SunnyDay|[from] ability: Drought|[of] p1a: Torkoal\n|-activate|p2a: Flutter Mane|ability: Protosynthesis\n|-start|p2a: Flutter Mane|protosynthesisspe\n|move|p2a: Flutter Mane|Moonblast|p1b: Ceruledge\n|-resisted|p1b: Ceruledge\n|-damage|p1b: Ceruledge|69\/100\n|-unboost|p1b: Ceruledge|spa|1\n|move|p1b: Ceruledge|Bitter Blade|p2b: Maushold\n|-damage|p2b: Maushold|21\/100\n|-heal|p1b: Ceruledge|100\/100|[from] drain|[of] p2b: Maushold\n|\n|-weather|SunnyDay|[upkeep]\n|upkeep\n|turn|2\n|inactive|Valiiiii has 30 seconds left.\n|\n|t:|1683225372\n|-end|p2a: Flutter Mane|Protosynthesis|[silent]\n|switch|p2a: Ceruledge|Ceruledge, L50, M, shiny|100\/100\n|move|p2b: Maushold|Protect|p2b: Maushold\n|-singleturn|p2b: Maushold|Protect\n|move|p1b: Ceruledge|Shadow Sneak|p2a: Ceruledge\n|-supereffective|p2a: Ceruledge\n|-damage|p2a: Ceruledge|67\/100\n|move|p1a: Torkoal|Eruption|p2b: Maushold|[spread] \n|-activate|p2b: Maushold|move: Protect\n|-start|p2a: Ceruledge|ability: Flash Fire\n|\n|-weather|SunnyDay|[upkeep]\n|upkeep\n|turn|3\n|inactive|Valiiiii has 30 seconds left.\n|\n|t:|1683225406\n|switch|p1a: Iron Bundle|Iron Bundle, L50|100\/100\n|-terastallize|p2a: Ceruledge|Grass\n|move|p2b: Maushold|Feint|p1b: Ceruledge\n|-immune|p1b: Ceruledge\n|move|p1b: Ceruledge|Bitter Blade|p2b: Maushold\n|-damage|p2b: Maushold|0 fnt\n|faint|p2b: Maushold\n|move|p2a: Ceruledge|Solar Blade||[still]\n|-prepare|p2a: Ceruledge|Solar Blade\n|-anim|p2a: Ceruledge|Solar Blade|p1b: Ceruledge\n|-resisted|p1b: Ceruledge\n|-damage|p1b: Ceruledge|62\/100\n|-ability|p1b: Ceruledge|Weak Armor|boost\n|-unboost|p1b: Ceruledge|def|1\n|-boost|p1b: Ceruledge|spe|2\n|\n|-weather|SunnyDay|[upkeep]\n|upkeep\n|\n|t:|1683225425\n|switch|p2b: Brute Bonnet|Brute Bonnet, L50, shiny|100\/100\n|-activate|p2b: Brute Bonnet|ability: Protosynthesis\n|-start|p2b: Brute Bonnet|protosynthesisspd\n|turn|4\n|\n|t:|1683225446\n|move|p2b: Brute Bonnet|Rage Powder|p2b: Brute Bonnet\n|-singleturn|p2b: Brute Bonnet|move: Rage Powder\n|move|p1b: Ceruledge|Bitter Blade|p2b: Brute Bonnet\n|-supereffective|p2b: Brute Bonnet\n|-damage|p2b: Brute Bonnet|9\/100\n|-heal|p1b: Ceruledge|100\/100|[from] drain|[of] p2b: Brute Bonnet\n|move|p1a: Iron Bundle|Flip Turn|p2b: Brute Bonnet\n|-resisted|p2b: Brute Bonnet\n|-damage|p2b: Brute Bonnet|6\/100\n|\n|t:|1683225459\n|-end|p1a: Iron Bundle|Quark Drive|[silent]\n|switch|p1a: Flutter Mane|Flutter Mane, L50|100\/100|[from] Flip Turn\n|-activate|p1a: Flutter Mane|ability: Protosynthesis\n|-start|p1a: Flutter Mane|protosynthesisspe\n|move|p2a: Ceruledge|Solar Blade||[still]\n|-prepare|p2a: Ceruledge|Solar Blade\n|-anim|p2a: Ceruledge|Solar Blade|p1a: Flutter Mane\n|-damage|p1a: Flutter Mane|0 fnt\n|faint|p1a: Flutter Mane\n|-end|p1a: Flutter Mane|Protosynthesis|[silent]\n|\n|-weather|SunnyDay|[upkeep]\n|upkeep\n|\n|t:|1683225470\n|switch|p1a: Iron Bundle|Iron Bundle, L50|100\/100\n|turn|5\n|\n|t:|1683225493\n|move|p1b: Ceruledge|Close Combat|p2a: Ceruledge\n|-damage|p2a: Ceruledge|18\/100\n|-unboost|p1b: Ceruledge|def|1\n|-unboost|p1b: Ceruledge|spd|1\n|move|p1a: Iron Bundle|Air Cutter|p2a: Ceruledge|[spread] p2a\n|-miss|p1a: Iron Bundle|p2b: Brute Bonnet\n|-supereffective|p2a: Ceruledge\n|-damage|p2a: Ceruledge|0 fnt\n|faint|p2a: Ceruledge\n|move|p2b: Brute Bonnet|Synthesis|p2b: Brute Bonnet\n|-heal|p2b: Brute Bonnet|73\/100\n|\n|-weather|SunnyDay|[upkeep]\n|upkeep\n|\n|t:|1683225504\n|switch|p2a: Flutter Mane|Flutter Mane, L50, shiny|100\/100\n|-activate|p2a: Flutter Mane|ability: Protosynthesis\n|-start|p2a: Flutter Mane|protosynthesisspe\n|turn|6\n|\n|t:|1683225519\n|move|p2b: Brute Bonnet|Rage Powder|p2b: Brute Bonnet\n|-singleturn|p2b: Brute Bonnet|move: Rage Powder\n|move|p1b: Ceruledge|Shadow Sneak|p2b: Brute Bonnet\n|-resisted|p2b: Brute Bonnet\n|-damage|p2b: Brute Bonnet|66\/100\n|move|p2a: Flutter Mane|Power Gem|p1b: Ceruledge\n|-supereffective|p1b: Ceruledge\n|-damage|p1b: Ceruledge|0 fnt\n|faint|p1b: Ceruledge\n|move|p1a: Iron Bundle|Freeze-Dry|p2b: Brute Bonnet\n|-supereffective|p2b: Brute Bonnet\n|-damage|p2b: Brute Bonnet|27\/100\n|\n|-weather|SunnyDay|[upkeep]\n|upkeep\n|\n|t:|1683225530\n|switch|p1b: Torkoal|Torkoal, L50, M|100\/100\n|turn|7\n|\n|t:|1683225553\n|-terastallize|p1b: Torkoal|Fire\n|move|p2a: Flutter Mane|Power Gem|p1b: Torkoal\n|-supereffective|p1b: Torkoal\n|-damage|p1b: Torkoal|7\/100\n|move|p1a: Iron Bundle|Freeze-Dry|p2a: Flutter Mane\n|-damage|p2a: Flutter Mane|63\/100\n|move|p2b: Brute Bonnet|Synthesis|p2b: Brute Bonnet\n|-heal|p2b: Brute Bonnet|94\/100\n|move|p1b: Torkoal|Eruption|p2a: Flutter Mane|[spread] p2a,p2b\n|-supereffective|p2b: Brute Bonnet\n|-damage|p2a: Flutter Mane|56\/100\n|-damage|p2b: Brute Bonnet|84\/100\n|\n|-weather|SunnyDay|[upkeep]\n|upkeep\n|turn|8\n|\n|t:|1683225574\n|move|p2b: Brute Bonnet|Sucker Punch|p1b: Torkoal\n|-damage|p1b: Torkoal|0 fnt\n|faint|p1b: Torkoal\n|move|p2a: Flutter Mane|Power Gem|p1a: Iron Bundle\n|-supereffective|p1a: Iron Bundle\n|-damage|p1a: Iron Bundle|0 fnt\n|faint|p1a: Iron Bundle\n|-end|p1a: Iron Bundle|Quark Drive|[silent]\n|\n|win|Valiiiii\n|raw|JMBVCJ's rating: 1094 → 1077<\/strong> (-17 for losing)\n|raw|Valiiiii's rating: 1194 → 1212<\/strong> (+18 for winning)\n","uploadtime":1683225584,"views":13,"p1id":"jmbvcj","p2id":"valiiiii","formatid":"gen9vgc2023regulationc","rating":1077,"private":0,"password":""}