{"id":"gen9vgc2023regulationc-1856648542","p1":"bebecitus2","p2":"Ijustwantagarchomp","format":"[Gen 9] VGC 2023 Regulation C","log":"|j|\u2606bebecitus2\n|j|\u2606Ijustwantagarchomp\n|t:|1683087777\n|gametype|doubles\n|player|p1|bebecitus2|n|1080\n|player|p2|Ijustwantagarchomp|266|1091\n|teamsize|p1|6\n|teamsize|p2|6\n|gen|9\n|tier|[Gen 9] VGC 2023 Regulation C\n|rated|\n|rule|Species Clause: Limit one of each Pok\u00e9mon\n|rule|Item Clause: Limit one of each item\n|clearpoke\n|poke|p1|Garganacl, L50, M|\n|poke|p1|Garchomp, L50, F|\n|poke|p1|Gyarados, L50, F|\n|poke|p1|Grimmsnarl, L50, M|\n|poke|p1|Meowscarada, L50, M|\n|poke|p1|Gholdengo, L50|\n|poke|p2|Bisharp, L50, M|\n|poke|p2|Talonflame, L50, F|\n|poke|p2|Baxcalibur, L50, M|\n|poke|p2|Flutter Mane, L50|\n|poke|p2|Amoonguss, L50, M|\n|poke|p2|Gastrodon, L50, F|\n|teampreview|4\nIjustwantagarchomp rejected open team sheets.\n|inactive|Battle timer is ON: inactive players will automatically lose when time's up. (requested by bebecitus2)\n|\n|t:|1683087850\n|start\n|switch|p1a: Garganacl|Garganacl, L50, M|100\/100\n|switch|p1b: Grimmsnarl|Grimmsnarl, L50, M|100\/100\n|switch|p2a: Amoonguss|Amoonguss, L50, M|100\/100\n|switch|p2b: Flutter Mane|Flutter Mane, L50|100\/100\n|-enditem|p2b: Flutter Mane|Booster Energy\n|-activate|p2b: Flutter Mane|ability: Protosynthesis|[fromitem]\n|-start|p2b: Flutter Mane|protosynthesisspa\n|turn|1\n|inactive|bebecitus2 has 30 seconds left.\n|inactive|Ijustwantagarchomp has 30 seconds left.\n|\n|t:|1683087885\n|move|p1b: Grimmsnarl|Light Screen|p1b: Grimmsnarl\n|-sidestart|p1: bebecitus2|move: Light Screen\n|move|p2b: Flutter Mane|Substitute|p2b: Flutter Mane\n|-start|p2b: Flutter Mane|Substitute\n|-damage|p2b: Flutter Mane|75\/100\n|move|p2a: Amoonguss|Pollen Puff|p2b: Flutter Mane\n|-heal|p2b: Flutter Mane|100\/100\n|move|p1a: Garganacl|Salt Cure|p2b: Flutter Mane\n|-activate|p2b: Flutter Mane|move: Substitute|[damage]\n|\n|upkeep\n|turn|2\n|inactive|Ijustwantagarchomp has 30 seconds left.\n|\n|t:|1683087918\n|move|p2b: Flutter Mane|Dazzling Gleam|p1a: Garganacl|[spread] p1a,p1b\n|-crit|p1a: Garganacl\n|-supereffective|p1b: Grimmsnarl\n|-damage|p1a: Garganacl|53\/100\n|-damage|p1b: Grimmsnarl|48\/100\n|move|p1b: Grimmsnarl|Spirit Break|p2b: Flutter Mane\n|-end|p2b: Flutter Mane|Substitute\n|move|p2a: Amoonguss|Spore|p1b: Grimmsnarl\n|-status|p1b: Grimmsnarl|slp|[from] move: Spore\n|move|p1a: Garganacl|Salt Cure|p2b: Flutter Mane\n|-damage|p2b: Flutter Mane|80\/100\n|-start|p2b: Flutter Mane|Salt Cure\n|\n|-heal|p1a: Garganacl|58\/100|[from] item: Leftovers\n|-damage|p2b: Flutter Mane|67\/100|[from] Salt Cure\n|upkeep\n|turn|3\n|inactive|Ijustwantagarchomp has 30 seconds left.\n|\n|t:|1683087945\n|cant|p1b: Grimmsnarl|slp\n|move|p2b: Flutter Mane|Substitute|p2b: Flutter Mane\n|-start|p2b: Flutter Mane|Substitute\n|-damage|p2b: Flutter Mane|42\/100\n|move|p2a: Amoonguss|Pollen Puff|p2b: Flutter Mane\n|-heal|p2b: Flutter Mane|92\/100\n|move|p1a: Garganacl|Recover|p1a: Garganacl\n|-heal|p1a: Garganacl|100\/100\n|\n|-damage|p2b: Flutter Mane|80\/100|[from] Salt Cure\n|upkeep\n|turn|4\n|inactive|Ijustwantagarchomp has 30 seconds left.\n|\n|t:|1683087974\n|move|p2b: Flutter Mane|Shadow Ball|p1a: Garganacl\n|-damage|p1a: Garganacl|86\/100\n|cant|p1b: Grimmsnarl|slp\n|move|p2a: Amoonguss|Pollen Puff|p1a: Garganacl\n|-damage|p1a: Garganacl|75\/100\n|move|p1a: Garganacl|Salt Cure|p2a: Amoonguss\n|-damage|p2a: Amoonguss|89\/100\n|-start|p2a: Amoonguss|Salt Cure\n|\n|-heal|p1a: Garganacl|81\/100|[from] item: Leftovers\n|-damage|p2b: Flutter Mane|67\/100|[from] Salt Cure\n|-damage|p2a: Amoonguss|77\/100|[from] Salt Cure\n|upkeep\n|turn|5\n|\n|t:|1683087997\n|move|p2a: Amoonguss|Rage Powder|p2a: Amoonguss\n|-singleturn|p2a: Amoonguss|move: Rage Powder\n|move|p2b: Flutter Mane|Dazzling Gleam|p1b: Grimmsnarl|[spread] p1a,p1b\n|-supereffective|p1b: Grimmsnarl\n|-damage|p1a: Garganacl|60\/100\n|-damage|p1b: Grimmsnarl|0 fnt\n|faint|p1b: Grimmsnarl\n|move|p1a: Garganacl|Recover|p1a: Garganacl\n|-heal|p1a: Garganacl|100\/100\n|\n|-damage|p2b: Flutter Mane|55\/100|[from] Salt Cure\n|-damage|p2a: Amoonguss|64\/100|[from] Salt Cure\n|upkeep\n|\n|t:|1683088013\n|switch|p1b: Garchomp|Garchomp, L50, F|100\/100\n|turn|6\n|inactive|Ijustwantagarchomp has 30 seconds left.\n|\n|t:|1683088040\n|move|p2b: Flutter Mane|Power Gem|p1b: Garchomp\n|-resisted|p1b: Garchomp\n|-damage|p1b: Garchomp|92\/100\n|move|p1b: Garchomp|Rock Slide|p2a: Amoonguss|[spread] p2a\n|-miss|p1b: Garchomp|p2b: Flutter Mane\n|-damage|p2a: Amoonguss|50\/100\n|cant|p2a: Amoonguss|flinch\n|move|p1a: Garganacl|Salt Cure|p2b: Flutter Mane\n|-activate|p2b: Flutter Mane|move: Substitute|[damage]\n|\n|-damage|p2b: Flutter Mane|42\/100|[from] Salt Cure\n|-damage|p2a: Amoonguss|38\/100|[from] Salt Cure\n|upkeep\n|turn|7\n|\n|t:|1683088058\n|move|p2b: Flutter Mane|Dazzling Gleam|p1b: Garchomp|[spread] p1a,p1b\n|-supereffective|p1b: Garchomp\n|-damage|p1a: Garganacl|78\/100\n|-damage|p1b: Garchomp|55\/100\n|move|p1b: Garchomp|Earthquake|p2b: Flutter Mane|[spread] p1a,p2a,p2b\n|-end|p2b: Flutter Mane|Substitute\n|-supereffective|p1a: Garganacl\n|-damage|p1a: Garganacl|32\/100\n|-damage|p2a: Amoonguss|11\/100\n|move|p2a: Amoonguss|Pollen Puff|p2b: Flutter Mane\n|-heal|p2b: Flutter Mane|92\/100\n|move|p1a: Garganacl|Salt Cure|p2a: Amoonguss\n|-damage|p2a: Amoonguss|0 fnt\n|faint|p2a: Amoonguss\n|\n|-heal|p1a: Garganacl|38\/100|[from] item: Leftovers\n|-damage|p2b: Flutter Mane|80\/100|[from] Salt Cure\n|upkeep\n|inactive|Ijustwantagarchomp has 30 seconds left.\n|\n|t:|1683088086\n|switch|p2a: Gastrodon|Gastrodon, L50, F, shiny|100\/100\n|turn|8\n|\n|t:|1683088106\n|move|p2b: Flutter Mane|Substitute|p2b: Flutter Mane\n|-start|p2b: Flutter Mane|Substitute\n|-damage|p2b: Flutter Mane|55\/100\n|move|p1b: Garchomp|Poison Jab|p2b: Flutter Mane\n|-end|p2b: Flutter Mane|Substitute\n|move|p2a: Gastrodon|Yawn|p1b: Garchomp\n|-start|p1b: Garchomp|move: Yawn|[of] p2a: Gastrodon\n|move|p1a: Garganacl|Recover|p1a: Garganacl\n|-heal|p1a: Garganacl|88\/100\n|\n|-heal|p1a: Garganacl|94\/100|[from] item: Leftovers\n|-damage|p2b: Flutter Mane|42\/100|[from] Salt Cure\n|-sideend|p1: bebecitus2|move: Light Screen\n|upkeep\n|turn|9\n|inactive|Ijustwantagarchomp has 30 seconds left.\n|inactive|Ijustwantagarchomp has 20 seconds left.\n|inactive|bebecitus2 has 30 seconds left.\n|inactive|Ijustwantagarchomp has 15 seconds left.\n|inactive|Ijustwantagarchomp has 10 seconds left.\n|inactive|Ijustwantagarchomp has 5 seconds left.\n|\n|t:|1683088157\n|switch|p1b: Meowscarada|Meowscarada, L50, M|100\/100\n|-terastallize|p1a: Garganacl|Ghost\n|move|p2b: Flutter Mane|Dazzling Gleam|p1a: Garganacl|[spread] p1a,p1b\n|-supereffective|p1b: Meowscarada\n|-damage|p1a: Garganacl|62\/100\n|-damage|p1b: Meowscarada|0 fnt\n|faint|p1b: Meowscarada\n|move|p2a: Gastrodon|Muddy Water|p1a: Garganacl|[miss]\n|-miss|p2a: Gastrodon|p1a: Garganacl\n|move|p1a: Garganacl|Salt Cure|p2a: Gastrodon\n|-resisted|p2a: Gastrodon\n|-damage|p2a: Gastrodon|94\/100\n|-start|p2a: Gastrodon|Salt Cure\n|\n|-heal|p2a: Gastrodon|99\/100|[from] item: Leftovers\n|-heal|p1a: Garganacl|68\/100|[from] item: Leftovers\n|-damage|p2b: Flutter Mane|30\/100|[from] Salt Cure\n|-damage|p2a: Gastrodon|75\/100|[from] Salt Cure\n|upkeep\n|\n|t:|1683088176\n|switch|p1b: Garchomp|Garchomp, L50, F|55\/100\n|turn|10\n|\n|t:|1683088194\n|move|p2b: Flutter Mane|Shadow Ball|p1a: Garganacl\n|-supereffective|p1a: Garganacl\n|-damage|p1a: Garganacl|22\/100\n|move|p1b: Garchomp|Rock Slide|p2a: Gastrodon|[spread] p2b\n|-miss|p1b: Garchomp|p2a: Gastrodon\n|-damage|p2b: Flutter Mane|2\/100\n|move|p2a: Gastrodon|Yawn|p1b: Garchomp\n|-start|p1b: Garchomp|move: Yawn|[of] p2a: Gastrodon\n|move|p1a: Garganacl|Recover|p1a: Garganacl\n|-heal|p1a: Garganacl|72\/100\n|\n|-heal|p2a: Gastrodon|81\/100|[from] item: Leftovers\n|-heal|p1a: Garganacl|78\/100|[from] item: Leftovers\n|-damage|p2b: Flutter Mane|0 fnt|[from] Salt Cure\n|faint|p2b: Flutter Mane\n|-end|p2b: Flutter Mane|Protosynthesis|[silent]\n|-damage|p2a: Gastrodon|56\/100|[from] Salt Cure\n|upkeep\n|\n|t:|1683088210\n|switch|p2b: Bisharp|Bisharp, L50, M|100\/100\n|turn|11\n|inactive|Ijustwantagarchomp has 30 seconds left.\n|inactive|Ijustwantagarchomp has 20 seconds left.\n|\n|t:|1683088249\n|move|p2b: Bisharp|Protect|p2b: Bisharp\n|-singleturn|p2b: Bisharp|Protect\n|move|p2a: Gastrodon|Protect|p2a: Gastrodon\n|-singleturn|p2a: Gastrodon|Protect\n|move|p1b: Garchomp|Earthquake|p2a: Gastrodon|[spread] p1a\n|-activate|p2a: Gastrodon|move: Protect\n|-activate|p2b: Bisharp|move: Protect\n|-damage|p1a: Garganacl|56\/100\n|move|p1a: Garganacl|Body Press|p2b: Bisharp\n|-activate|p2b: Bisharp|move: Protect\n|\n|-heal|p2a: Gastrodon|62\/100|[from] item: Leftovers\n|-heal|p1a: Garganacl|62\/100|[from] item: Leftovers\n|-damage|p2a: Gastrodon|37\/100|[from] Salt Cure\n|-end|p1b: Garchomp|move: Yawn|[silent]\n|-status|p1b: Garchomp|slp\n|upkeep\n|turn|12\n|inactive|Ijustwantagarchomp has 30 seconds left.\n|\n|t:|1683088281\n|cant|p1b: Garchomp|slp\n|move|p2b: Bisharp|Night Slash|p1a: Garganacl\n|-supereffective|p1a: Garganacl\n|-damage|p1a: Garganacl|23\/100\n|move|p2a: Gastrodon|Muddy Water|p1b: Garchomp|[spread] p1a,p1b\n|-damage|p1a: Garganacl|0 fnt\n|-damage|p1b: Garchomp|34\/100 slp\n|faint|p1a: Garganacl\n|\n|-heal|p2a: Gastrodon|43\/100|[from] item: Leftovers\n|-damage|p2a: Gastrodon|18\/100|[from] Salt Cure\n|upkeep\n|turn|13\n|\n|t:|1683088298\n|cant|p1b: Garchomp|slp\n|move|p2b: Bisharp|Night Slash|p1b: Garchomp\n|-damage|p1b: Garchomp|0 fnt\n|-damage|p2b: Bisharp|88\/100|[from] ability: Rough Skin|[of] p1b: Garchomp\n|faint|p1b: Garchomp\n|\n|win|Ijustwantagarchomp\n|raw|bebecitus2's rating: 1080 → 1059<\/strong> (-21 for losing)\n|raw|Ijustwantagarchomp's rating: 1091 → 1117<\/strong> (+26 for winning)\n|l|\u2606bebecitus2\n","uploadtime":1683088310,"views":8,"p1id":"bebecitus2","p2id":"ijustwantagarchomp","formatid":"gen9vgc2023regulationc","rating":1059,"private":0,"password":""}