{"id":"gen9vgc2023regulationc-1862978698","p1":"Primellion","p2":"Littleh4ck","format":"[Gen 9] VGC 2023 Regulation C","log":"|j|\u2606Primellion\n|j|\u2606Littleh4ck\n|t:|1683946858\n|gametype|doubles\n|player|p1|Primellion|grimsley|1264\n|player|p2|Littleh4ck|102|1343\n|teamsize|p1|6\n|teamsize|p2|6\n|gen|9\n|tier|[Gen 9] VGC 2023 Regulation C\n|rated|\n|rule|Species Clause: Limit one of each Pok\u00e9mon\n|rule|Item Clause: Limit one of each item\n|clearpoke\n|poke|p1|Sableye, L50, F|\n|poke|p1|Chien-Pao, L50|\n|poke|p1|Dragonite, L50, F|\n|poke|p1|Tsareena, L50, F|\n|poke|p1|Azumarill, L50, M|\n|poke|p1|Ceruledge, L50, F|\n|poke|p2|Kingambit, L50, M|\n|poke|p2|Chien-Pao, L50|\n|poke|p2|Flutter Mane, L50|\n|poke|p2|Amoonguss, L50, F|\n|poke|p2|Dondozo, L50, M|\n|poke|p2|Iron Hands, L50|\n|teampreview|4\n|inactive|Battle timer is ON: inactive players will automatically lose when time's up. (requested by Littleh4ck)\n|\n|t:|1683946910\n|start\n|switch|p1a: Sableye|Sableye, L50, F|100\/100\n|switch|p1b: Ceruledge|Ceruledge, L50, F, shiny|100\/100\n|switch|p2a: Dondozo|Dondozo, L50, M|100\/100\n|switch|p2b: Iron Hands|Iron Hands, L50|100\/100\n|turn|1\n|inactive|Littleh4ck has 30 seconds left.\n|inactive|Littleh4ck has 20 seconds left.\n|\n|t:|1683946949\n|move|p1b: Ceruledge|Protect|p1b: Ceruledge\n|-singleturn|p1b: Ceruledge|Protect\n|move|p1a: Sableye|Reflect|p1a: Sableye\n|-sidestart|p1: Primellion|Reflect\n|move|p2b: Iron Hands|Thunder Punch|p1b: Ceruledge\n|-activate|p1b: Ceruledge|move: Protect\n|move|p2a: Dondozo|Substitute|p2a: Dondozo\n|-start|p2a: Dondozo|Substitute\n|-damage|p2a: Dondozo|76\/100\n|\n|-heal|p2a: Dondozo|82\/100|[from] item: Leftovers\n|upkeep\n|turn|2\n|\n|t:|1683946974\n|move|p1a: Sableye|Encore|p2a: Dondozo\n|-start|p2a: Dondozo|Encore\n|move|p1b: Ceruledge|Bulk Up|p1b: Ceruledge\n|-boost|p1b: Ceruledge|atk|1\n|-boost|p1b: Ceruledge|def|1\n|move|p2b: Iron Hands|Thunder Punch|p1a: Sableye\n|-damage|p1a: Sableye|56\/100\n|-status|p1a: Sableye|par\n|move|p2a: Dondozo|Substitute|p2a: Dondozo\n|-fail|p2a: Dondozo|move: Substitute\n|\n|-heal|p2a: Dondozo|88\/100|[from] item: Leftovers\n|upkeep\n|turn|3\n|\n|t:|1683946992\n|cant|p1a: Sableye|par\n|move|p1b: Ceruledge|Bulk Up|p1b: Ceruledge\n|-boost|p1b: Ceruledge|atk|1\n|-boost|p1b: Ceruledge|def|1\n|move|p2b: Iron Hands|Thunder Punch|p1b: Ceruledge\n|-damage|p1b: Ceruledge|84\/100\n|move|p2a: Dondozo|Substitute|p2a: Dondozo\n|-fail|p2a: Dondozo|move: Substitute\n|\n|-heal|p2a: Dondozo|94\/100|[from] item: Leftovers\n|upkeep\n|turn|4\n|\n|t:|1683947015\n|move|p1a: Sableye|Disable|p2b: Iron Hands\n|-start|p2b: Iron Hands|Disable|Thunder Punch\n|move|p1b: Ceruledge|Bitter Blade|p2b: Iron Hands\n|-crit|p2b: Iron Hands\n|-damage|p2b: Iron Hands|9\/100\n|-heal|p1b: Ceruledge|100\/100|[from] drain|[of] p2b: Iron Hands\n|cant|p2b: Iron Hands|Disable|Thunder Punch\n|move|p2a: Dondozo|Substitute|p2a: Dondozo\n|-fail|p2a: Dondozo|move: Substitute\n|\n|-heal|p2a: Dondozo|100\/100|[from] item: Leftovers\n|-end|p2a: Dondozo|Encore\n|upkeep\n|turn|5\n|inactive|Littleh4ck has 30 seconds left.\n|\n|t:|1683947041\n|move|p1a: Sableye|Encore|p2a: Dondozo\n|-start|p2a: Dondozo|Encore\n|move|p1b: Ceruledge|Bitter Blade|p2b: Iron Hands\n|-damage|p2b: Iron Hands|0 fnt\n|faint|p2b: Iron Hands\n|-end|p2b: Iron Hands|Quark Drive|[silent]\n|move|p2a: Dondozo|Substitute|p2a: Dondozo\n|-fail|p2a: Dondozo|move: Substitute\n|\n|upkeep\n|\n|t:|1683947051\n|switch|p2b: Flutter Mane|Flutter Mane, L50|100\/100\n|-enditem|p2b: Flutter Mane|Booster Energy\n|-activate|p2b: Flutter Mane|ability: Protosynthesis|[fromitem]\n|-start|p2b: Flutter Mane|protosynthesisspe\n|turn|6\n|\n|t:|1683947060\n|-terastallize|p2b: Flutter Mane|Fairy\n|-terastallize|p1b: Ceruledge|Grass\n|move|p1a: Sableye|Light Screen|p1a: Sableye\n|-sidestart|p1: Primellion|move: Light Screen\n|move|p2b: Flutter Mane|Dazzling Gleam|p1b: Ceruledge|[spread] p1a,p1b\n|-supereffective|p1a: Sableye\n|-damage|p1a: Sableye|0 fnt\n|-damage|p1b: Ceruledge|72\/100\n|faint|p1a: Sableye\n|move|p1b: Ceruledge|Bitter Blade|p2b: Flutter Mane\n|-damage|p2b: Flutter Mane|0 fnt\n|-heal|p1b: Ceruledge|100\/100|[from] drain|[of] p2b: Flutter Mane\n|faint|p2b: Flutter Mane\n|-end|p2b: Flutter Mane|Protosynthesis|[silent]\n|move|p2a: Dondozo|Substitute|p2a: Dondozo\n|-fail|p2a: Dondozo|move: Substitute\n|\n|upkeep\n|\n|t:|1683947078\n|switch|p2b: Chien-Pao|Chien-Pao, L50|100\/100\n|switch|p1a: Azumarill|Azumarill, L50, M|100\/100\n|-ability|p2b: Chien-Pao|Sword of Ruin\n|turn|7\n|\n|t:|1683947089\n|move|p1a: Azumarill|Aqua Jet|p2b: Chien-Pao\n|-damage|p2b: Chien-Pao|66\/100\n|move|p2b: Chien-Pao|Ice Spinner|p1b: Ceruledge\n|-supereffective|p1b: Ceruledge\n|-damage|p1b: Ceruledge|63\/100\n|move|p1b: Ceruledge|Bitter Blade|p2b: Chien-Pao\n|-supereffective|p2b: Chien-Pao\n|-damage|p2b: Chien-Pao|0 fnt\n|-heal|p1b: Ceruledge|91\/100|[from] drain|[of] p2b: Chien-Pao\n|faint|p2b: Chien-Pao\n|move|p2a: Dondozo|Substitute|p2a: Dondozo\n|-fail|p2a: Dondozo|move: Substitute\n|\n|-end|p2a: Dondozo|Encore\n|upkeep\n|turn|8\n|\n|t:|1683947107\n|move|p1b: Ceruledge|Tera Blast|p2a: Dondozo\n|-supereffective|p2a: Dondozo\n|-end|p2a: Dondozo|Substitute\n|move|p1a: Azumarill|Play Rough|p2a: Dondozo\n|-damage|p2a: Dondozo|68\/100\n|move|p2a: Dondozo|Rock Slide|p1b: Ceruledge|[spread] p1a\n|-miss|p2a: Dondozo|p1b: Ceruledge\n|-damage|p1a: Azumarill|89\/100\n|\n|-heal|p2a: Dondozo|74\/100|[from] item: Leftovers\n|-sideend|p1: Primellion|Reflect\n|upkeep\n|turn|9\n|inactive|Littleh4ck has 30 seconds left.\n|inactive|Littleh4ck has 20 seconds left.\n|inactive|Littleh4ck has 15 seconds left.\n|\n|t:|1683947150\n|move|p1b: Ceruledge|Tera Blast|p2a: Dondozo\n|-supereffective|p2a: Dondozo\n|-damage|p2a: Dondozo|27\/100\n|move|p1a: Azumarill|Play Rough|p2a: Dondozo|[miss]\n|-miss|p1a: Azumarill|p2a: Dondozo\n|move|p2a: Dondozo|Rock Slide|p1a: Azumarill|[spread] p1a,p1b\n|-damage|p1a: Azumarill|72\/100\n|-damage|p1b: Ceruledge|73\/100\n|\n|-heal|p2a: Dondozo|33\/100|[from] item: Leftovers\n|upkeep\n|turn|10\n|\n|t:|1683947164\n|move|p1b: Ceruledge|Tera Blast|p2a: Dondozo\n|-supereffective|p2a: Dondozo\n|-damage|p2a: Dondozo|0 fnt\n|faint|p2a: Dondozo\n|\n|win|Primellion\n|raw|Primellion's rating: 1243 → 1275<\/strong> (+32 for winning)\n|raw|Littleh4ck's rating: 1343 → 1317<\/strong> (-26 for losing)\n","uploadtime":1683947170,"views":14,"p1id":"primellion","p2id":"littleh4ck","formatid":"gen9vgc2023regulationc","rating":1275,"private":0,"password":""}