{"id":"gen9vgc2023regulationc-1863592933","p1":"1123274538wsn","p2":"dreamswgh","format":"[Gen 9] VGC 2023 Regulation C","log":"|j|\u26061123274538wsn\n|j|\u2606dreamswgh\n|t:|1684039642\n|gametype|doubles\n|player|p1|1123274538wsn|1|1428\n|player|p2|dreamswgh|102|1418\n|teamsize|p1|6\n|teamsize|p2|6\n|gen|9\n|tier|[Gen 9] VGC 2023 Regulation C\n|rated|\n|rule|Species Clause: Limit one of each Pok\u00e9mon\n|rule|Item Clause: Limit one of each item\n|clearpoke\n|poke|p1|Arcanine, L50, F|\n|poke|p1|Palafin, L50, M|\n|poke|p1|Baxcalibur, L50, F|\n|poke|p1|Flutter Mane, L50|\n|poke|p1|Amoonguss, L50, F|\n|poke|p1|Ting-Lu, L50|\n|poke|p2|Iron Jugulis, L50|\n|poke|p2|Gholdengo, L50|\n|poke|p2|Gothitelle, L50, M|\n|poke|p2|Iron Hands, L50|\n|poke|p2|Glimmora, L50, M|\n|poke|p2|Garchomp, L50, M|\n|teampreview|4\n|j| bean_0408\n|inactive|Battle timer is ON: inactive players will automatically lose when time's up. (requested by 1123274538wsn)\n|\n|t:|1684039679\n|start\n|switch|p1a: Flutter Mane|Flutter Mane, L50|100\/100\n|switch|p1b: Baxcalibur|Baxcalibur, L50, F|100\/100\n|switch|p2a: Gothitelle|Gothitelle, L50, M|100\/100\n|switch|p2b: Iron Hands|Iron Hands, L50|100\/100\n|turn|1\n|\n|t:|1684039700\n|-terastallize|p2a: Gothitelle|Steel\n|move|p1b: Baxcalibur|Protect|p1b: Baxcalibur\n|-singleturn|p1b: Baxcalibur|Protect\n|move|p1a: Flutter Mane|Moonblast|p2b: Iron Hands\n|-supereffective|p2b: Iron Hands\n|-damage|p2b: Iron Hands|20\/100\n|-unboost|p2b: Iron Hands|spa|1\n|move|p2b: Iron Hands|Wild Charge|p1a: Flutter Mane\n|-damage|p1a: Flutter Mane|2\/100\n|-damage|p2b: Iron Hands|6\/100|[from] Recoil\n|move|p2a: Gothitelle|Trick Room|p2a: Gothitelle\n|-fieldstart|move: Trick Room|[of] p2a: Gothitelle\n|\n|upkeep\n|turn|2\n|inactive|1123274538wsn has 30 seconds left.\n|j| forever16\n|\n|t:|1684039735\n|-end|p1a: Flutter Mane|Protosynthesis|[silent]\n|switch|p1a: Ting-Lu|Ting-Lu, L50|100\/100\n|-ability|p1a: Ting-Lu|Vessel of Ruin\n|move|p1b: Baxcalibur|Ice Shard|p2b: Iron Hands\n|-damage|p2b: Iron Hands|0 fnt\n|faint|p2b: Iron Hands\n|-end|p2b: Iron Hands|Quark Drive|[silent]\n|move|p2a: Gothitelle|Charm|p1b: Baxcalibur\n|-unboost|p1b: Baxcalibur|atk|2\n|\n|upkeep\n|inactive|dreamswgh has 30 seconds left.\n|\n|t:|1684039763\n|switch|p2b: Glimmora|Glimmora, L50, M|100\/100\n|turn|3\n|j| dieanword\n|\n|t:|1684039779\n|move|p1a: Ting-Lu|Stomping Tantrum|p2b: Glimmora\n|-supereffective|p2b: Glimmora\n|-enditem|p2b: Glimmora|Focus Sash\n|-damage|p2b: Glimmora|1\/100\n|-activate|p2b: Glimmora|ability: Toxic Debris\n|-sidestart|p1: 1123274538wsn|move: Toxic Spikes\n|move|p2a: Gothitelle|Charm|p1a: Ting-Lu\n|-unboost|p1a: Ting-Lu|atk|2\n|move|p1b: Baxcalibur|Icicle Spear|p2b: Glimmora\n|-damage|p2b: Glimmora|0 fnt\n|-activate|p2b: Glimmora|ability: Toxic Debris\n|-sidestart|p1: 1123274538wsn|move: Toxic Spikes\n|faint|p2b: Glimmora\n|-hitcount|p2: Glimmora|1\n|\n|upkeep\n|\n|t:|1684039792\n|switch|p2b: Gholdengo|Gholdengo, L50|100\/100\n|turn|4\n|\n|t:|1684039815\n|move|p1b: Baxcalibur|Protect|p1b: Baxcalibur\n|-singleturn|p1b: Baxcalibur|Protect\n|move|p1a: Ting-Lu|Fissure|p2b: Gholdengo|[miss]\n|-miss|p1a: Ting-Lu|p2b: Gholdengo\n|move|p2a: Gothitelle|Psychic|p1b: Baxcalibur\n|-activate|p1b: Baxcalibur|move: Protect\n|move|p2b: Gholdengo|Trick|p1a: Ting-Lu\n|-activate|p2b: Gholdengo|move: Trick|[of] p1a: Ting-Lu\n|-item|p1a: Ting-Lu|Choice Specs|[from] move: Trick\n|-item|p2b: Gholdengo|Assault Vest|[from] move: Trick\n|\n|upkeep\n|turn|5\n|\n|t:|1684039838\n|move|p1a: Ting-Lu|Fissure|p2b: Gholdengo|[miss]\n|-miss|p1a: Ting-Lu|p2b: Gholdengo\n|move|p2a: Gothitelle|Psychic|p1b: Baxcalibur\n|-damage|p1b: Baxcalibur|79\/100\n|-unboost|p1b: Baxcalibur|spd|1\n|move|p2b: Gholdengo|Make It Rain|p1a: Ting-Lu|[spread] p1a,p1b\n|-supereffective|p1b: Baxcalibur\n|-damage|p1a: Ting-Lu|75\/100\n|-damage|p1b: Baxcalibur|0 fnt\n|-unboost|p2b: Gholdengo|spa|1\n|faint|p1b: Baxcalibur\n|\n|-fieldend|move: Trick Room\n|upkeep\n|\n|t:|1684039855\n|switch|p1b: Amoonguss|Amoonguss, L50, F|100\/100\n|-sideend|p1: 1123274538wsn|move: Toxic Spikes|[of] p1b: Amoonguss\n|turn|6\n|\n|t:|1684039870\n|move|p2b: Gholdengo|Power Gem|p1b: Amoonguss\n|-damage|p1b: Amoonguss|88\/100\n|move|p2a: Gothitelle|Psychic|p1b: Amoonguss\n|-supereffective|p1b: Amoonguss\n|-damage|p1b: Amoonguss|49\/100\n|-enditem|p1b: Amoonguss|Sitrus Berry|[eat]\n|-heal|p1b: Amoonguss|74\/100|[from] item: Sitrus Berry\n|move|p1a: Ting-Lu|Fissure|p2b: Gholdengo|[miss]\n|-miss|p1a: Ting-Lu|p2b: Gholdengo\n|move|p1b: Amoonguss|Spore|p2a: Gothitelle\n|-status|p2a: Gothitelle|slp|[from] move: Spore\n|\n|upkeep\n|turn|7\n|\n|t:|1684039894\n|move|p2b: Gholdengo|Shadow Ball|p1b: Amoonguss\n|-damage|p1b: Amoonguss|54\/100\n|cant|p2a: Gothitelle|slp\n|move|p1a: Ting-Lu|Fissure|p2b: Gholdengo|[miss]\n|-miss|p1a: Ting-Lu|p2b: Gholdengo\n|move|p1b: Amoonguss|Pollen Puff|p1a: Ting-Lu\n|-heal|p1a: Ting-Lu|100\/100\n|\n|upkeep\n|turn|8\n|\n|t:|1684039911\n|move|p1b: Amoonguss|Protect|p1b: Amoonguss\n|-singleturn|p1b: Amoonguss|Protect\n|move|p2b: Gholdengo|Shadow Ball|p1b: Amoonguss\n|-activate|p1b: Amoonguss|move: Protect\n|cant|p2a: Gothitelle|slp\n|move|p1a: Ting-Lu|Fissure|p2b: Gholdengo|[miss]\n|-miss|p1a: Ting-Lu|p2b: Gholdengo\n|\n|upkeep\n|turn|9\n|\n|t:|1684039931\n|move|p2b: Gholdengo|Shadow Ball|p1a: Ting-Lu\n|-resisted|p1a: Ting-Lu\n|-damage|p1a: Ting-Lu|93\/100\n|cant|p2a: Gothitelle|slp\n|move|p1a: Ting-Lu|Fissure|p2b: Gholdengo|[miss]\n|-miss|p1a: Ting-Lu|p2b: Gholdengo\n|move|p1b: Amoonguss|Spore|p2a: Gothitelle\n|-fail|p2a: Gothitelle|slp\n|\n|upkeep\n|turn|10\n|\n|t:|1684039946\n|-terastallize|p1b: Amoonguss|Water\n|move|p2b: Gholdengo|Shadow Ball|p1b: Amoonguss\n|-damage|p1b: Amoonguss|36\/100\n|-unboost|p1b: Amoonguss|spd|1\n|-curestatus|p2a: Gothitelle|slp|[msg]\n|move|p2a: Gothitelle|Psychic|p1b: Amoonguss\n|-damage|p1b: Amoonguss|6\/100\n|move|p1a: Ting-Lu|Fissure|p2b: Gholdengo|[miss]\n|-miss|p1a: Ting-Lu|p2b: Gholdengo\n|move|p1b: Amoonguss|Spore|p2a: Gothitelle\n|-status|p2a: Gothitelle|slp|[from] move: Spore\n|\n|upkeep\n|turn|11\n|\n|t:|1684039965\n|move|p1b: Amoonguss|Rage Powder|p1b: Amoonguss\n|-singleturn|p1b: Amoonguss|move: Rage Powder\n|move|p2b: Gholdengo|Shadow Ball|p1b: Amoonguss\n|-damage|p1b: Amoonguss|0 fnt\n|faint|p1b: Amoonguss\n|cant|p2a: Gothitelle|slp\n|move|p1a: Ting-Lu|Fissure|p2b: Gholdengo|[miss]\n|-miss|p1a: Ting-Lu|p2b: Gholdengo\n|\n|upkeep\n|\n|t:|1684039975\n|switch|p1b: Flutter Mane|Flutter Mane, L50|2\/100\n|turn|12\n|\n|t:|1684039993\n|move|p1b: Flutter Mane|Shadow Ball|p2b: Gholdengo\n|-supereffective|p2b: Gholdengo\n|-damage|p2b: Gholdengo|34\/100\n|move|p2b: Gholdengo|Shadow Ball|p1b: Flutter Mane\n|-supereffective|p1b: Flutter Mane\n|-damage|p1b: Flutter Mane|0 fnt\n|faint|p1b: Flutter Mane\n|-end|p1b: Flutter Mane|Protosynthesis|[silent]\n|cant|p2a: Gothitelle|slp\n|-activate|p1a: Ting-Lu|move: Struggle\n|move|p1a: Ting-Lu|Struggle|p2a: Gothitelle\n|-crit|p2a: Gothitelle\n|-damage|p2a: Gothitelle|77\/100 slp\n|-damage|p1a: Ting-Lu|68\/100|[from] recoil\n|\n|-heal|p2a: Gothitelle|83\/100 slp|[from] item: Leftovers\n|upkeep\n|turn|13\n|-message|1123274538wsn forfeited.\n|\n|win|dreamswgh\n|raw|1123274538wsn's rating: 1428 → 1407<\/strong> (-21 for losing)\n|raw|dreamswgh's rating: 1418 → 1439<\/strong> (+21 for winning)\n|l|\u26061123274538wsn\n|l| bean_0408\n|l| dieanword\n","uploadtime":1684040048,"views":12,"p1id":"1123274538wsn","p2id":"dreamswgh","formatid":"gen9vgc2023regulationc","rating":1407,"private":0,"password":""}