{"id":"gen9vgc2023regulationc-1861381407","p1":"Phaznix","p2":"garfieldslaya","format":"[Gen 9] VGC 2023 Regulation C","log":"|j|\u2606Phaznix\n|j|\u2606garfieldslaya\n|t:|1683751587\n|gametype|doubles\n|player|p1|Phaznix|n|1143\n|player|p2|garfieldslaya|jasmine|1174\n|teamsize|p1|6\n|teamsize|p2|6\n|gen|9\n|tier|[Gen 9] VGC 2023 Regulation C\n|rated|\n|rule|Species Clause: Limit one of each Pok\u00e9mon\n|rule|Item Clause: Limit one of each item\n|clearpoke\n|poke|p1|Arcanine, L50, M|\n|poke|p1|Gastrodon-East, L50, F|\n|poke|p1|Corviknight, L50, M|\n|poke|p1|Dragapult, L50, M|\n|poke|p1|Flutter Mane, L50|\n|poke|p1|Ting-Lu, L50|\n|poke|p2|Amoonguss, L50, F|\n|poke|p2|Flutter Mane, L50|\n|poke|p2|Arcanine, L50, F|\n|poke|p2|Baxcalibur, L50, M|\n|poke|p2|Ting-Lu, L50|\n|poke|p2|Rotom-Wash, L50|\n|teampreview|4\ngarfieldslaya has agreed to open team sheets.\n|\n|t:|1683751631\n|start\n|switch|p1a: grunge|Corviknight, L50, M, shiny|100\/100\n|switch|p1b: Flutter Mane|Flutter Mane, L50|100\/100\n|switch|p2a: Flutter Mane|Flutter Mane, L50|100\/100\n|switch|p2b: Rotom|Rotom-Wash, L50|100\/100\n|-enditem|p2a: Flutter Mane|Booster Energy\n|-activate|p2a: Flutter Mane|ability: Protosynthesis|[fromitem]\n|-start|p2a: Flutter Mane|protosynthesisspa\n|turn|1\n|\n|t:|1683751702\n|-end|p1b: Flutter Mane|Protosynthesis|[silent]\n|switch|p1b: Ting-Lu|Ting-Lu, L50|100\/100\n|-ability|p1b: Ting-Lu|Vessel of Ruin\n|-terastallize|p2a: Flutter Mane|Water\n|move|p2a: Flutter Mane|Shadow Ball|p1a: grunge\n|-damage|p1a: grunge|61\/100\n|-ability|p1a: grunge|Mirror Armor\n|-unboost|p2a: Flutter Mane|spd|1\n|move|p2b: Rotom|Thunderbolt|p1a: grunge\n|-supereffective|p1a: grunge\n|-damage|p1a: grunge|16\/100\n|move|p1a: grunge|Bulk Up|p1a: grunge\n|-boost|p1a: grunge|atk|1\n|-boost|p1a: grunge|def|1\n|\n|upkeep\n|turn|2\n|\n|t:|1683751729\n|switch|p1b: blues|Gastrodon-East, L50, F|100\/100\n|move|p2a: Flutter Mane|Protect|p2a: Flutter Mane\n|-singleturn|p2a: Flutter Mane|Protect\n|move|p2b: Rotom|Thunderbolt|p1a: grunge\n|-supereffective|p1a: grunge\n|-damage|p1a: grunge|0 fnt\n|faint|p1a: grunge\n|\n|upkeep\n|\n|t:|1683751737\n|switch|p1a: Flutter Mane|Flutter Mane, L50|100\/100\n|turn|3\n|\n|t:|1683751753\n|switch|p1b: Ting-Lu|Ting-Lu, L50|100\/100\n|-ability|p1b: Ting-Lu|Vessel of Ruin\n|move|p1a: Flutter Mane|Thunderbolt|p2a: Flutter Mane\n|-supereffective|p2a: Flutter Mane\n|-damage|p2a: Flutter Mane|0 fnt\n|faint|p2a: Flutter Mane\n|-end|p2a: Flutter Mane|Protosynthesis|[silent]\n|move|p2b: Rotom|Thunderbolt|p1a: Flutter Mane\n|-damage|p1a: Flutter Mane|73\/100\n|\n|upkeep\n|\n|t:|1683751783\n|switch|p2a: Amoonguss|Amoonguss, L50, F|100\/100\n|turn|4\n|\n|t:|1683751805\n|move|p1a: Flutter Mane|Thunderbolt|p2a: Amoonguss\n|-resisted|p2a: Amoonguss\n|-damage|p2a: Amoonguss|86\/100\n|move|p2b: Rotom|Thunderbolt|p1a: Flutter Mane\n|-damage|p1a: Flutter Mane|42\/100\n|move|p1b: Ting-Lu|Heavy Slam|p2a: Amoonguss\n|-damage|p2a: Amoonguss|48\/100\n|-damage|p1b: Ting-Lu|84\/100|[from] item: Rocky Helmet|[of] p2a: Amoonguss\n|move|p2a: Amoonguss|Spore|p1b: Ting-Lu\n|-status|p1b: Ting-Lu|slp|[from] move: Spore\n|\n|upkeep\n|turn|5\n|\n|t:|1683751841\n|move|p1a: Flutter Mane|Thunderbolt|p2a: Amoonguss\n|-resisted|p2a: Amoonguss\n|-damage|p2a: Amoonguss|34\/100\n|move|p2b: Rotom|Hydro Pump|p1b: Ting-Lu\n|-supereffective|p1b: Ting-Lu\n|-damage|p1b: Ting-Lu|45\/100 slp\n|cant|p1b: Ting-Lu|slp\n|move|p2a: Amoonguss|Spore|p1a: Flutter Mane\n|-status|p1a: Flutter Mane|slp|[from] move: Spore\n|\n|upkeep\n|turn|6\n|\n|t:|1683751911\n|switch|p2a: Ting-Lu|Ting-Lu, L50|100\/100\n|-ability|p2a: Ting-Lu|Vessel of Ruin\n|cant|p1a: Flutter Mane|slp\n|move|p2b: Rotom|Thunderbolt|p1a: Flutter Mane\n|-damage|p1a: Flutter Mane|12\/100 slp\n|-curestatus|p1b: Ting-Lu|slp|[msg]\n|move|p1b: Ting-Lu|Heavy Slam|p2a: Ting-Lu\n|-damage|p2a: Ting-Lu|93\/100\n|\n|-heal|p2a: Ting-Lu|99\/100|[from] item: Leftovers\n|upkeep\n|turn|7\n|-message|Phaznix forfeited.\n|\n|win|garfieldslaya\n|raw|Phaznix's rating: 1143 → 1120<\/strong> (-23 for losing)\n|raw|garfieldslaya's rating: 1174 → 1197<\/strong> (+23 for winning)\n|l|\u2606Phaznix\n","uploadtime":1683751932,"views":5,"p1id":"phaznix","p2id":"garfieldslaya","formatid":"gen9vgc2023regulationc","rating":1120,"private":0,"password":""}