{"id":"gen9vgc2023regulationc-1848399228","p1":"kookui","p2":"junghoonx12","format":"[Gen 9] VGC 2023 Regulation C","log":"|j|\u2606kookui\n|j|\u2606junghoonx12\n|t:|1682072588\n|gametype|doubles\n|player|p1|kookui|265|1193\n|player|p2|junghoonx12|1|1116\n|teamsize|p1|6\n|teamsize|p2|6\n|gen|9\n|tier|[Gen 9] VGC 2023 Regulation C\n|rated|\n|rule|Species Clause: Limit one of each Pok\u00e9mon\n|rule|Item Clause: Limit one of each item\n|clearpoke\n|poke|p1|Gyarados, L50, F|\n|poke|p1|Annihilape, L50, M|\n|poke|p1|Tsareena, L50, F|\n|poke|p1|Scream Tail, L50|\n|poke|p1|Amoonguss, L50, M|\n|poke|p1|Ting-Lu, L50|\n|poke|p2|Ursaring, L50, M|\n|poke|p2|Dondozo, L50, F|\n|poke|p2|Tatsugiri-Stretchy, L50, F|\n|poke|p2|Flutter Mane, L50|\n|poke|p2|Amoonguss, L50, M|\n|poke|p2|Gastrodon-East, L50, F|\n|teampreview|4\njunghoonx12 rejected open team sheets.\n|\n|t:|1682072653\n|start\n|switch|p1a: Shenron|Gyarados, L50, F|100\/100\n|switch|p1b: Majin Buu|Scream Tail, L50, shiny|100\/100\n|switch|p2a: Ursaring|Ursaring, L50, M, shiny|100\/100\n|switch|p2b: Amoonguss|Amoonguss, L50, M|100\/100\n|-ability|p1a: Shenron|Intimidate|boost\n|-unboost|p2a: Ursaring|atk|1\n|-unboost|p2b: Amoonguss|atk|1\n|-enditem|p1b: Majin Buu|Booster Energy\n|-activate|p1b: Majin Buu|ability: Protosynthesis|[fromitem]\n|-start|p1b: Majin Buu|protosynthesisspe\n|turn|1\n|\n|t:|1682072678\n|move|p1b: Majin Buu|Thunder Wave|p2a: Ursaring\n|-status|p2a: Ursaring|par\n|cant|p2a: Ursaring|par\n|move|p1a: Shenron|Taunt|p2b: Amoonguss\n|-start|p2b: Amoonguss|move: Taunt\n|cant|p2b: Amoonguss|move: Taunt|Spore\n|\n|upkeep\n|turn|2\n|\n|t:|1682072699\n|switch|p2b: Dondozo|Dondozo, L50, F|100\/100\n|move|p1b: Majin Buu|Reflect|p1b: Majin Buu\n|-sidestart|p1: kookui|Reflect\n|move|p2a: Ursaring|Double-Edge|p1b: Majin Buu\n|-damage|p1b: Majin Buu|77\/100\n|-damage|p2a: Ursaring|91\/100 par|[from] Recoil\n|move|p1a: Shenron|Thunder Wave|p2b: Dondozo\n|-status|p2b: Dondozo|par\n|-enditem|p2b: Dondozo|Lum Berry|[eat]\n|-curestatus|p2b: Dondozo|par|[msg]\n|\n|upkeep\n|turn|3\n|\n|t:|1682072723\n|switch|p2a: Tatsugiri|Tatsugiri-Stretchy, L50, F|100\/100\n|-activate|p2a: Tatsugiri|ability: Commander|[of] p2b: Dondozo\n|-boost|p2b: Dondozo|atk|2\n|-boost|p2b: Dondozo|spa|2\n|-boost|p2b: Dondozo|spe|2\n|-boost|p2b: Dondozo|def|2\n|-boost|p2b: Dondozo|spd|2\n|switch|p1a: Broly|Annihilape, L50, M|100\/100\n|move|p1b: Majin Buu|Thunder Wave|p2b: Dondozo\n|-status|p2b: Dondozo|par\n|move|p2b: Dondozo|Order Up|p1a: Broly\n|-damage|p1a: Broly|73\/100\n|-boost|p2b: Dondozo|spe|1\n|\n|upkeep\n|turn|4\n|\n|t:|1682072744\n|-end|p1b: Majin Buu|Protosynthesis|[silent]\n|switch|p1b: Shenron|Gyarados, L50, F|100\/100\n|-ability|p1b: Shenron|Intimidate|boost\n|-unboost|p2a: Tatsugiri|atk|1\n|-unboost|p2b: Dondozo|atk|1\n|-terastallize|p1a: Broly|Fire\n|move|p1a: Broly|Bulk Up|p1a: Broly\n|-boost|p1a: Broly|atk|1\n|-boost|p1a: Broly|def|1\n|move|p2b: Dondozo|Order Up|p1a: Broly\n|-damage|p1a: Broly|50\/100\n|-boost|p2b: Dondozo|spe|1\n|\n|upkeep\n|turn|5\n|\n|t:|1682072769\n|switch|p1b: Majin Buu|Scream Tail, L50, shiny|77\/100\n|move|p1a: Broly|Bulk Up|p1a: Broly\n|-boost|p1a: Broly|atk|1\n|-boost|p1a: Broly|def|1\n|cant|p2b: Dondozo|par\n|\n|upkeep\n|turn|6\n|\n|t:|1682072782\n|move|p1b: Majin Buu|Howl|p1b: Majin Buu|[spread] p1a,p1b\n|-boost|p1a: Broly|atk|1\n|-boost|p1b: Majin Buu|atk|1\n|move|p1a: Broly|Rage Fist|p2b: Dondozo\n|-damage|p2b: Dondozo|80\/100 par\n|move|p2b: Dondozo|Wave Crash|p1a: Broly\n|-supereffective|p1a: Broly\n|-damage|p1a: Broly|0 fnt\n|faint|p1a: Broly\n|-damage|p2b: Dondozo|65\/100 par|[from] Recoil\n|\n|-sideend|p1: kookui|Reflect\n|upkeep\n|\n|t:|1682072795\n|switch|p1a: Chichi|Tsareena, L50, F|100\/100\n|turn|7\n|\n|t:|1682072811\n|-terastallize|p2b: Dondozo|Dragon\n|move|p1b: Majin Buu|Reflect|p1b: Majin Buu\n|-sidestart|p1: kookui|Reflect\n|move|p1a: Chichi|Trop Kick|p2b: Dondozo\n|-resisted|p2b: Dondozo\n|-damage|p2b: Dondozo|60\/100 par\n|-unboost|p2b: Dondozo|atk|1\n|move|p2b: Dondozo|Rest|p2b: Dondozo\n|-status|p2b: Dondozo|slp|[from] move: Rest\n|-heal|p2b: Dondozo|100\/100 slp|[silent]\n|\n|upkeep\n|turn|8\n|\n|t:|1682072835\n|cant|p2b: Dondozo|slp\n|move|p1b: Majin Buu|Howl|p1b: Majin Buu|[spread] p1a,p1b\n|-boost|p1a: Chichi|atk|1\n|-boost|p1b: Majin Buu|atk|1\n|move|p1a: Chichi|Trop Kick|p2b: Dondozo\n|-resisted|p2b: Dondozo\n|-damage|p2b: Dondozo|95\/100 slp\n|-unboost|p2b: Dondozo|atk|1\n|\n|upkeep\n|turn|9\n|\n|t:|1682072847\n|cant|p2b: Dondozo|slp\n|move|p1b: Majin Buu|Howl|p1b: Majin Buu|[spread] p1a,p1b\n|-boost|p1a: Chichi|atk|1\n|-boost|p1b: Majin Buu|atk|1\n|move|p1a: Chichi|Trop Kick|p2b: Dondozo\n|-resisted|p2b: Dondozo\n|-damage|p2b: Dondozo|90\/100 slp\n|-unboost|p2b: Dondozo|atk|1\n|\n|upkeep\n|turn|10\n|\n|t:|1682072860\n|-curestatus|p2b: Dondozo|slp|[msg]\n|move|p2b: Dondozo|Order Up|p1a: Chichi\n|-crit|p1a: Chichi\n|-damage|p1a: Chichi|42\/100\n|-boost|p2b: Dondozo|spe|1\n|move|p1b: Majin Buu|Howl|p1b: Majin Buu|[spread] p1a,p1b\n|-boost|p1a: Chichi|atk|1\n|-boost|p1b: Majin Buu|atk|1\n|move|p1a: Chichi|Trop Kick|p2b: Dondozo\n|-resisted|p2b: Dondozo\n|-damage|p2b: Dondozo|84\/100\n|-unboost|p2b: Dondozo|atk|1\n|\n|-heal|p1a: Chichi|48\/100|[from] item: Leftovers\n|upkeep\n|turn|11\n|\n|t:|1682072878\n|move|p2b: Dondozo|Order Up|p1a: Chichi\n|-damage|p1a: Chichi|37\/100\n|-boost|p2b: Dondozo|spe|1\n|move|p1b: Majin Buu|Howl|p1b: Majin Buu|[spread] p1a,p1b\n|-boost|p1a: Chichi|atk|1\n|-boost|p1b: Majin Buu|atk|1\n|move|p1a: Chichi|Trop Kick|p2b: Dondozo\n|-resisted|p2b: Dondozo\n|-damage|p2b: Dondozo|78\/100\n|-unboost|p2b: Dondozo|atk|1\n|\n|-heal|p1a: Chichi|44\/100|[from] item: Leftovers\n|-sideend|p1: kookui|Reflect\n|upkeep\n|turn|12\n|\n|t:|1682072899\n|move|p1a: Chichi|Protect|p1a: Chichi\n|-singleturn|p1a: Chichi|Protect\n|move|p2b: Dondozo|Order Up|p1a: Chichi\n|-activate|p1a: Chichi|move: Protect\n|move|p1b: Majin Buu|Reflect|p1b: Majin Buu\n|-sidestart|p1: kookui|Reflect\n|\n|-heal|p1a: Chichi|50\/100|[from] item: Leftovers\n|upkeep\n|turn|13\n|\n|t:|1682072914\n|-end|p1b: Majin Buu|Protosynthesis|[silent]\n|switch|p1b: Shenron|Gyarados, L50, F|100\/100\n|-ability|p1b: Shenron|Intimidate|boost\n|-unboost|p2a: Tatsugiri|atk|1\n|-unboost|p2b: Dondozo|atk|1\n|move|p2b: Dondozo|Order Up|p1a: Chichi\n|-crit|p1a: Chichi\n|-damage|p1a: Chichi|0 fnt\n|faint|p1a: Chichi\n|-boost|p2b: Dondozo|spe|0\n|\n|upkeep\n|n|!kookui|kookui\n|-message|kookui forfeited.\n|\n|win|junghoonx12\n|raw|kookui's rating: 1193 → 1163<\/strong> (-30 for losing)\n|raw|junghoonx12's rating: 1116 → 1146<\/strong> (+30 for winning)\n|l|!kookui\n","uploadtime":1682072929,"views":10,"p1id":"kookui","p2id":"junghoonx12","formatid":"gen9vgc2023regulationc","rating":1146,"private":0,"password":""}