{"id":"gen9vgc2023regulationc-1862021284","p1":"goddamnthesun_VGC","p2":"pokemon fan 5592","format":"[Gen 9] VGC 2023 Regulation C","log":"|j|\u2606goddamnthesun_VGC\n|j|\u2606pokemon fan 5592\n|t:|1683829501\n|gametype|doubles\n|player|p1|goddamnthesun_VGC|ruinmaniac|1103\n|player|p2|pokemon fan 5592|roxie|1087\n|teamsize|p1|6\n|teamsize|p2|6\n|gen|9\n|tier|[Gen 9] VGC 2023 Regulation C\n|rated|\n|rule|Species Clause: Limit one of each Pok\u00e9mon\n|rule|Item Clause: Limit one of each item\n|clearpoke\n|poke|p1|Abomasnow, L50, M|\n|poke|p1|Iron Bundle, L50|\n|poke|p1|Corviknight, L50, M|\n|poke|p1|Skeledirge, L50, F|\n|poke|p1|Flutter Mane, L50|\n|poke|p1|Garchomp, L50, F|\n|poke|p2|Sandy Shocks, L50|\n|poke|p2|Stonjourner, L50, F|\n|poke|p2|Mudsdale, L50, M|\n|poke|p2|Tinkaton, L50, F|\n|poke|p2|Talonflame, L50, M|\n|poke|p2|Delibird, L50, F|\n|teampreview|4\n|inactive|Battle timer is ON: inactive players will automatically lose when time's up. (requested by pokemon fan 5592)\n|inactive|goddamnthesun_VGC has 60 seconds left.\n|inactive|pokemon fan 5592 has 60 seconds left.\n|\n|t:|1683829557\n|start\n|switch|p1a: Abomasnow|Abomasnow, L50, M|100\/100\n|switch|p1b: Iron Bundle|Iron Bundle, L50|100\/100\n|switch|p2a: Talonflame|Talonflame, L50, M|100\/100\n|switch|p2b: Stonjourner|Stonjourner, L50, F|100\/100\n|-weather|Snow|[from] ability: Snow Warning|[of] p1a: Abomasnow\n|-enditem|p1b: Iron Bundle|Booster Energy\n|-activate|p1b: Iron Bundle|ability: Quark Drive|[fromitem]\n|-start|p1b: Iron Bundle|quarkdrivespe\n|turn|1\n|\n|t:|1683829576\n|move|p2a: Talonflame|Tailwind|p2a: Talonflame\n|-sidestart|p2: pokemon fan 5592|move: Tailwind\n|move|p1b: Iron Bundle|Aurora Veil|p1b: Iron Bundle\n|-sidestart|p1: goddamnthesun_VGC|move: Aurora Veil\n|move|p2b: Stonjourner|Rock Slide|p1b: Iron Bundle|[spread] p1a,p1b\n|-supereffective|p1a: Abomasnow\n|-supereffective|p1b: Iron Bundle\n|-damage|p1a: Abomasnow|75\/100\n|-damage|p1b: Iron Bundle|76\/100\n|move|p1a: Abomasnow|Blizzard|p2a: Talonflame|[spread] p2a,p2b\n|-damage|p2a: Talonflame|41\/100\n|-damage|p2b: Stonjourner|59\/100\n|-damage|p1a: Abomasnow|65\/100|[from] item: Life Orb\n|\n|-weather|Snow|[upkeep]\n|upkeep\n|turn|2\n|inactive|goddamnthesun_VGC has 30 seconds left.\n|inactive|goddamnthesun_VGC has 20 seconds left.\n|\n|t:|1683829614\n|move|p2a: Talonflame|Brave Bird|p1a: Abomasnow\n|-supereffective|p1a: Abomasnow\n|-damage|p1a: Abomasnow|18\/100\n|-damage|p2a: Talonflame|25\/100|[from] Recoil\n|move|p1b: Iron Bundle|Blizzard|p2b: Stonjourner|[spread] p2a,p2b\n|-damage|p2a: Talonflame|0 fnt\n|-damage|p2b: Stonjourner|17\/100\n|-status|p2b: Stonjourner|frz\n|faint|p2a: Talonflame\n|-curestatus|p2b: Stonjourner|frz|[msg]\n|move|p2b: Stonjourner|Rock Slide|p1b: Iron Bundle|[spread] p1a,p1b\n|-supereffective|p1a: Abomasnow\n|-supereffective|p1b: Iron Bundle\n|-damage|p1a: Abomasnow|0 fnt\n|-damage|p1b: Iron Bundle|47\/100\n|faint|p1a: Abomasnow\n|\n|-weather|Snow|[upkeep]\n|upkeep\n|\n|t:|1683829634\n|switch|p2a: Tinkaton|Tinkaton, L50, F|100\/100\n|switch|p1a: Corviknight|Corviknight, L50, M|100\/100\n|-ability|p2a: Tinkaton|Mold Breaker\n|turn|3\n|\n|t:|1683829649\n|move|p1b: Iron Bundle|Protect|p1b: Iron Bundle\n|-singleturn|p1b: Iron Bundle|Protect\n|move|p2a: Tinkaton|Fake Out|p1b: Iron Bundle\n|-activate|p1b: Iron Bundle|move: Protect\n|move|p2b: Stonjourner|Rock Slide|p1a: Corviknight|[spread] \n|-activate|p1b: Iron Bundle|move: Protect\n|-miss|p2b: Stonjourner|p1a: Corviknight\n|move|p1a: Corviknight|Tailwind|p1a: Corviknight\n|-sidestart|p1: goddamnthesun_VGC|move: Tailwind\n|\n|-weather|Snow|[upkeep]\n|upkeep\n|turn|4\n|\n|t:|1683829668\n|move|p1b: Iron Bundle|Blizzard|p2b: Stonjourner|[spread] p2a,p2b\n|-resisted|p2a: Tinkaton\n|-damage|p2a: Tinkaton|83\/100\n|-damage|p2b: Stonjourner|0 fnt\n|-status|p2a: Tinkaton|frz\n|faint|p2b: Stonjourner\n|-curestatus|p2a: Tinkaton|frz|[msg]\n|move|p2a: Tinkaton|Thunder Wave|p1a: Corviknight\n|-status|p1a: Corviknight|par\n|cant|p1a: Corviknight|par\n|\n|-weather|Snow|[upkeep]\n|-sideend|p2: pokemon fan 5592|move: Tailwind\n|upkeep\n|\n|t:|1683829680\n|switch|p2b: Sandy Shocks|Sandy Shocks, L50|100\/100\n|-enditem|p2b: Sandy Shocks|Booster Energy\n|-activate|p2b: Sandy Shocks|ability: Protosynthesis|[fromitem]\n|-start|p2b: Sandy Shocks|protosynthesisspa\n|turn|5\n|inactive|goddamnthesun_VGC has 30 seconds left.\n|\n|t:|1683829714\n|-terastallize|p1b: Iron Bundle|Ice\n|move|p2b: Sandy Shocks|Protect|p2b: Sandy Shocks\n|-singleturn|p2b: Sandy Shocks|Protect\n|move|p1b: Iron Bundle|Blizzard|p2b: Sandy Shocks|[spread] p2a\n|-activate|p2b: Sandy Shocks|move: Protect\n|-resisted|p2a: Tinkaton\n|-damage|p2a: Tinkaton|60\/100\n|move|p2a: Tinkaton|Gigaton Hammer|p1b: Iron Bundle\n|-supereffective|p1b: Iron Bundle\n|-damage|p1b: Iron Bundle|0 fnt\n|faint|p1b: Iron Bundle\n|-end|p1b: Iron Bundle|Quark Drive|[silent]\n|cant|p1a: Corviknight|par\n|\n|-weather|none\n|-sideend|p1: goddamnthesun_VGC|move: Aurora Veil\n|upkeep\n|\n|t:|1683829731\n|switch|p1b: Garchomp|Garchomp, L50, F|100\/100\n|turn|6\n|\n|t:|1683829741\n|-terastallize|p2b: Sandy Shocks|Grass\n|move|p2a: Tinkaton|Protect|p2a: Tinkaton\n|-singleturn|p2a: Tinkaton|Protect\n|move|p1b: Garchomp|Earthquake|p2b: Sandy Shocks|[spread] p2b\n|-activate|p2a: Tinkaton|move: Protect\n|-immune|p1a: Corviknight\n|-resisted|p2b: Sandy Shocks\n|-damage|p2b: Sandy Shocks|82\/100\n|move|p2b: Sandy Shocks|Thunderbolt|p1a: Corviknight\n|-supereffective|p1a: Corviknight\n|-damage|p1a: Corviknight|0 fnt\n|faint|p1a: Corviknight\n|\n|-sideend|p1: goddamnthesun_VGC|move: Tailwind\n|upkeep\n|turn|7\n|\n|t:|1683829764\n|move|p1b: Garchomp|Earthquake|p2b: Sandy Shocks|[spread] p2a,p2b\n|-supereffective|p2a: Tinkaton\n|-resisted|p2b: Sandy Shocks\n|-damage|p2a: Tinkaton|0 fnt\n|-damage|p2b: Sandy Shocks|65\/100\n|faint|p2a: Tinkaton\n|move|p2b: Sandy Shocks|Earth Power|p1b: Garchomp\n|-damage|p1b: Garchomp|40\/100\n|\n|upkeep\n|turn|8\n|\n|t:|1683829774\n|move|p1b: Garchomp|Dragon Claw|p2b: Sandy Shocks\n|-damage|p2b: Sandy Shocks|25\/100\n|move|p2b: Sandy Shocks|Earth Power|p1b: Garchomp\n|-damage|p1b: Garchomp|0 fnt\n|faint|p1b: Garchomp\n|\n|win|pokemon fan 5592\n|raw|goddamnthesun_VGC's rating: 1103 → 1077<\/strong> (-26 for losing)\n|raw|pokemon fan 5592's rating: 1087 → 1115<\/strong> (+28 for winning)\n|c|\u2606goddamnthesun_VGC|Wpgg\n|l|\u2606pokemon fan 5592\n","uploadtime":1683829790,"views":13,"p1id":"goddamnthesunvgc","p2id":"pokemonfan5592","formatid":"gen9vgc2023regulationc","rating":1077,"private":0,"password":""}