{"id":"gen9vgc2023regulationc-1854452256","p1":"LiluziHit","p2":"Specs Hex Pex","format":"[Gen 9] VGC 2023 Regulation C","log":"|j|\u2606LiluziHit\n|j|\u2606Specs Hex Pex\n|t:|1682812687\n|gametype|doubles\n|player|p1|LiluziHit|blue|\n|player|p2|Specs Hex Pex|lady|\n|teamsize|p1|6\n|teamsize|p2|6\n|gen|9\n|tier|[Gen 9] VGC 2023 Regulation C\n|rule|Species Clause: Limit one of each Pok\u00e9mon\n|rule|Item Clause: Limit one of each item\n|clearpoke\n|poke|p1|Chi-Yu, L50|\n|poke|p1|Iron Jugulis, L50|\n|poke|p1|Gholdengo, L50|\n|poke|p1|Dachsbun, L50, F|\n|poke|p1|Farigiraf, L50, M|\n|poke|p1|Salamence, L50, M|\n|poke|p2|Forretress, L50, F|\n|poke|p2|Chien-Pao, L50|\n|poke|p2|Medicham, L50, F|\n|poke|p2|Rabsca, L50, F|\n|poke|p2|Tyranitar, L50, F|\n|poke|p2|Talonflame, L50, M|\n|teampreview|4\n|c|\u2606LiluziHit|gl\n|c|\u2606Specs Hex Pex|You too\n|j| jayballester\n|\n|t:|1682812726\n|start\n|switch|p1a: Hydreigon LITE|Iron Jugulis, L50|100\/100\n|switch|p1b: Menced meat|Salamence, L50, M|100\/100\n|switch|p2a: Medicham|Medicham, L50, F|100\/100\n|switch|p2b: Rabsca|Rabsca, L50, F|100\/100\n|-ability|p1b: Menced meat|Intimidate|boost\n|-unboost|p2a: Medicham|atk|1\n|-unboost|p2b: Rabsca|atk|1\n|-enditem|p1a: Hydreigon LITE|Booster Energy\n|-activate|p1a: Hydreigon LITE|ability: Quark Drive|[fromitem]\n|-start|p1a: Hydreigon LITE|quarkdrivespe\n|turn|1\n|\n|t:|1682812756\n|-terastallize|p2b: Rabsca|Water\n|move|p2a: Medicham|Fake Out|p1b: Menced meat\n|-damage|p1b: Menced meat|90\/100\n|move|p1a: Hydreigon LITE|Tailwind|p1a: Hydreigon LITE\n|-sidestart|p1: LiluziHit|move: Tailwind\n|cant|p1b: Menced meat|flinch\n|move|p2b: Rabsca|Trick Room|p2b: Rabsca\n|-fieldstart|move: Trick Room|[of] p2b: Rabsca\n|\n|upkeep\n|turn|2\n|\n|t:|1682812784\n|move|p2a: Medicham|Feint|p1a: Hydreigon LITE\n|-damage|p1a: Hydreigon LITE|94\/100\n|move|p2b: Rabsca|Struggle Bug|p1b: Menced meat|[spread] p1a,p1b\n|-crit|p1a: Hydreigon LITE\n|-resisted|p1b: Menced meat\n|-damage|p1a: Hydreigon LITE|70\/100\n|-damage|p1b: Menced meat|80\/100\n|-unboost|p1a: Hydreigon LITE|spa|1\n|-unboost|p1b: Menced meat|spa|1\n|move|p1b: Menced meat|Substitute|p1b: Menced meat\n|-start|p1b: Menced meat|Substitute\n|-damage|p1b: Menced meat|56\/100\n|move|p1a: Hydreigon LITE|Air Slash|p2a: Medicham\n|-supereffective|p2a: Medicham\n|-damage|p2a: Medicham|60\/100\n|\n|upkeep\n|turn|3\n|\n|t:|1682812807\n|switch|p2a: Tyranitar|Tyranitar, L50, F|100\/100\n|-weather|Sandstorm|[from] ability: Sand Stream|[of] p2a: Tyranitar\n|move|p2b: Rabsca|Psyshock|p1b: Menced meat\n|-end|p1b: Menced meat|Substitute\n|move|p1b: Menced meat|Dragon Dance|p1b: Menced meat\n|-boost|p1b: Menced meat|atk|1\n|-boost|p1b: Menced meat|spe|1\n|move|p1a: Hydreigon LITE|Air Slash|p2a: Tyranitar\n|-resisted|p2a: Tyranitar\n|-damage|p2a: Tyranitar|97\/100\n|\n|-weather|Sandstorm|[upkeep]\n|-damage|p2b: Rabsca|94\/100|[from] Sandstorm\n|-damage|p1b: Menced meat|50\/100|[from] Sandstorm\n|-damage|p1a: Hydreigon LITE|64\/100|[from] Sandstorm\n|upkeep\n|turn|4\n|\n|t:|1682812842\n|switch|p2b: Medicham|Medicham, L50, F|60\/100\n|move|p1a: Hydreigon LITE|Protect|p1a: Hydreigon LITE\n|-singleturn|p1a: Hydreigon LITE|Protect\n|move|p2a: Tyranitar|Rock Slide|p1b: Menced meat|[spread] p1b\n|-activate|p1a: Hydreigon LITE|move: Protect\n|-supereffective|p1b: Menced meat\n|-damage|p1b: Menced meat|0 fnt\n|faint|p1b: Menced meat\n|\n|-weather|Sandstorm|[upkeep]\n|-damage|p2b: Medicham|54\/100|[from] Sandstorm\n|-damage|p1a: Hydreigon LITE|58\/100|[from] Sandstorm\n|-sideend|p1: LiluziHit|move: Tailwind\n|upkeep\n|\n|t:|1682812851\n|switch|p1b: Good boi|Dachsbun, L50, F, shiny|100\/100\n|turn|5\n|\n|t:|1682812868\n|move|p2b: Medicham|Skill Swap|p2a: Tyranitar\n|-activate|p2b: Medicham|move: Skill Swap|||[of] p2a: Tyranitar\n|move|p2a: Tyranitar|Rock Slide|p1a: Hydreigon LITE|[spread] p1a,p1b\n|-supereffective|p1a: Hydreigon LITE\n|-damage|p1a: Hydreigon LITE|0 fnt\n|-damage|p1b: Good boi|42\/100\n|faint|p1a: Hydreigon LITE\n|-end|p1a: Hydreigon LITE|Quark Drive|[silent]\n|move|p1b: Good boi|Body Press|p2a: Tyranitar\n|-supereffective|p2a: Tyranitar\n|-damage|p2a: Tyranitar|29\/100\n|\n|-weather|Sandstorm|[upkeep]\n|-damage|p2b: Medicham|48\/100|[from] Sandstorm\n|-damage|p1b: Good boi|36\/100|[from] Sandstorm\n|-heal|p1b: Good boi|42\/100|[from] item: Leftovers\n|-fieldend|move: Trick Room\n|upkeep\n|\n|t:|1682812876\n|switch|p1a: Spicy Goldfish|Chi-Yu, L50|100\/100\n|-ability|p1a: Spicy Goldfish|Beads of Ruin\n|turn|6\n|\n|t:|1682812897\n|switch|p2b: Rabsca|Rabsca, L50, F, tera:Water|94\/100\n|-terastallize|p1a: Spicy Goldfish|Fairy\n|move|p1a: Spicy Goldfish|Lava Plume|p2b: Rabsca|[spread] p2a,p2b\n|-ability|p1b: Good boi|Well-Baked Body|boost\n|-boost|p1b: Good boi|def|2\n|-resisted|p2a: Tyranitar\n|-resisted|p2b: Rabsca\n|-crit|p2b: Rabsca\n|-damage|p2a: Tyranitar|20\/100\n|-damage|p2b: Rabsca|60\/100\n|move|p1b: Good boi|Body Press|p2a: Tyranitar\n|-supereffective|p2a: Tyranitar\n|-damage|p2a: Tyranitar|0 fnt\n|faint|p2a: Tyranitar\n|\n|-weather|Sandstorm|[upkeep]\n|-damage|p1a: Spicy Goldfish|95\/100|[from] Sandstorm\n|-damage|p1b: Good boi|36\/100|[from] Sandstorm\n|-damage|p2b: Rabsca|54\/100|[from] Sandstorm\n|-heal|p1b: Good boi|42\/100|[from] item: Leftovers\n|upkeep\n|\n|t:|1682812919\n|switch|p2a: Chien-Pao|Chien-Pao, L50|100\/100\n|-ability|p2a: Chien-Pao|Sword of Ruin\n|turn|7\n|\n|t:|1682812947\n|move|p2a: Chien-Pao|Protect|p2a: Chien-Pao\n|-singleturn|p2a: Chien-Pao|Protect\n|move|p1a: Spicy Goldfish|Lava Plume|p2a: Chien-Pao|[spread] p2b\n|-activate|p2a: Chien-Pao|move: Protect\n|-ability|p1b: Good boi|Well-Baked Body|boost\n|-boost|p1b: Good boi|def|2\n|-resisted|p2b: Rabsca\n|-damage|p2b: Rabsca|29\/100\n|-status|p2b: Rabsca|brn\n|move|p1b: Good boi|Body Press|p2b: Rabsca\n|-damage|p2b: Rabsca|0 fnt\n|faint|p2b: Rabsca\n|\n|-weather|none\n|-heal|p1b: Good boi|48\/100|[from] item: Leftovers\n|upkeep\n|\n|t:|1682812961\n|switch|p2b: Medicham|Medicham, L50, F|48\/100\n|turn|8\n|\n|t:|1682812977\n|move|p2b: Medicham|Fake Out|p1b: Good boi\n|-damage|p1b: Good boi|42\/100\n|move|p2a: Chien-Pao|Ice Spinner|p1a: Spicy Goldfish\n|-damage|p1a: Spicy Goldfish|4\/100\n|move|p1a: Spicy Goldfish|Lava Plume|p2b: Medicham|[spread] p2a,p2b\n|-ability|p1b: Good boi|Well-Baked Body|boost\n|-boost|p1b: Good boi|def|2\n|-supereffective|p2a: Chien-Pao\n|-damage|p2a: Chien-Pao|0 fnt\n|-damage|p2b: Medicham|0 fnt\n|faint|p2a: Chien-Pao\n|faint|p2b: Medicham\n|\n|win|LiluziHit\n|c|\u2606LiluziHit|gg\n|c| jayballester|ggs\n|c|\u2606Specs Hex Pex|Gg\n|l| jayballester\n","uploadtime":1682812992,"views":21,"p1id":"liluzihit","p2id":"specshexpex","formatid":"gen9vgc2023regulationc","rating":0,"private":0,"password":""}