{"id":"gen9vgc2023regulationc-1859817763","p1":"Capralux","p2":"BurningtheKitchen","format":"[Gen 9] VGC 2023 Regulation C","log":"|j|\u2606Capralux\n|j|\u2606BurningtheKitchen\n|t:|1683567049\n|gametype|doubles\n|player|p1|Capralux|102|1008\n|player|p2|BurningtheKitchen|170|1008\n|teamsize|p1|6\n|teamsize|p2|6\n|gen|9\n|tier|[Gen 9] VGC 2023 Regulation C\n|rated|\n|rule|Species Clause: Limit one of each Pok\u00e9mon\n|rule|Item Clause: Limit one of each item\n|clearpoke\n|poke|p1|Gastrodon, L50, F|\n|poke|p1|Orthworm, L50, M|\n|poke|p1|Toxapex, L50, M|\n|poke|p1|Sandy Shocks, L50|\n|poke|p1|Iron Hands, L50|\n|poke|p1|Dragapult, L50, F|\n|poke|p2|Glimmora, L50, M|\n|poke|p2|Salamence, L50, M|\n|poke|p2|Arcanine, L50, M|\n|poke|p2|Iron Bundle, L50|\n|poke|p2|Farigiraf, L50, M|\n|poke|p2|Breloom, L50, M|\n|teampreview|4\n|j| Albanian Gyarados\n|inactive|Battle timer is ON: inactive players will automatically lose when time's up. (requested by Capralux)\n|n| Albanian Gyarados|albaniangyarados\n|inactive|Capralux has 60 seconds left.\n|inactive|BurningtheKitchen has 60 seconds left.\n|inactive|Capralux has 30 seconds left.\n|\n|t:|1683567117\n|start\n|switch|p1a: Iron Hands|Iron Hands, L50|100\/100\n|switch|p1b: Sandy Shocks|Sandy Shocks, L50|100\/100\n|switch|p2a: Glimmora|Glimmora, L50, M|100\/100\n|switch|p2b: Farigiraf|Farigiraf, L50, M|100\/100\n|turn|1\n|inactive|Capralux has 30 seconds left.\n|inactive|Capralux has 20 seconds left.\n|\n|t:|1683567154\n|-terastallize|p2a: Glimmora|Grass\n|move|p1a: Iron Hands|Protect|p1a: Iron Hands\n|-singleturn|p1a: Iron Hands|Protect\n|move|p1b: Sandy Shocks|Earth Power|p2a: Glimmora\n|-resisted|p2a: Glimmora\n|-crit|p2a: Glimmora\n|-damage|p2a: Glimmora|74\/100\n|-unboost|p2a: Glimmora|spd|1\n|move|p2a: Glimmora|Mortal Spin|p1a: Iron Hands|[spread] p1b\n|-activate|p1a: Iron Hands|move: Protect\n|-resisted|p1b: Sandy Shocks\n|-damage|p1b: Sandy Shocks|99\/100\n|-status|p1b: Sandy Shocks|psn\n|move|p2b: Farigiraf|Dazzling Gleam|p1a: Iron Hands|[spread] p1b\n|-activate|p1a: Iron Hands|move: Protect\n|-damage|p1b: Sandy Shocks|81\/100 psn\n|\n|-damage|p1b: Sandy Shocks|68\/100 psn|[from] psn\n|upkeep\n|turn|2\n|inactive|Capralux has 30 seconds left.\n|inactive|BurningtheKitchen has 30 seconds left.\n|inactive|Capralux has 20 seconds left.\n|inactive|Capralux has 15 seconds left.\n|inactive|Capralux has 10 seconds left.\n|inactive|Capralux has 5 seconds left.\n|\n|t:|1683567209\n|switch|p2b: Arcanine|Arcanine, L50, M|100\/100\n|-ability|p2b: Arcanine|Intimidate|boost\n|-unboost|p1a: Iron Hands|atk|1\n|-unboost|p1b: Sandy Shocks|atk|1\n|move|p1a: Iron Hands|Fake Out||[still]\n|-hint|Fake Out only works on your first turn out.\n|-fail|p1a: Iron Hands\n|move|p1b: Sandy Shocks|Thunderbolt|p2a: Glimmora\n|-resisted|p2a: Glimmora\n|-damage|p2a: Glimmora|49\/100\n|move|p2a: Glimmora|Mortal Spin|p1b: Sandy Shocks|[spread] p1a,p1b\n|-resisted|p1b: Sandy Shocks\n|-damage|p1a: Iron Hands|98\/100\n|-damage|p1b: Sandy Shocks|66\/100 psn\n|-status|p1a: Iron Hands|psn\n|\n|-damage|p1b: Sandy Shocks|53\/100 psn|[from] psn\n|-damage|p1a: Iron Hands|85\/100 psn|[from] psn\n|upkeep\n|turn|3\n|l| Albanian Gyarados\n|inactive|Capralux has 30 seconds left.\n|\n|t:|1683567239\n|move|p2b: Arcanine|Protect|p2b: Arcanine\n|-singleturn|p2b: Arcanine|Protect\n|move|p1b: Sandy Shocks|Earth Power|p2b: Arcanine\n|-activate|p2b: Arcanine|move: Protect\n|move|p2a: Glimmora|Energy Ball|p1b: Sandy Shocks\n|-supereffective|p1b: Sandy Shocks\n|-damage|p1b: Sandy Shocks|0 fnt\n|faint|p1b: Sandy Shocks\n|-end|p1b: Sandy Shocks|Protosynthesis|[silent]\n|move|p1a: Iron Hands|Arm Thrust|p2a: Glimmora\n|-damage|p2a: Glimmora|44\/100\n|-activate|p2a: Glimmora|ability: Toxic Debris\n|-sidestart|p1: Capralux|move: Toxic Spikes\n|-damage|p2a: Glimmora|37\/100\n|-activate|p2a: Glimmora|ability: Toxic Debris\n|-sidestart|p1: Capralux|move: Toxic Spikes\n|-damage|p2a: Glimmora|30\/100\n|-damage|p2a: Glimmora|23\/100\n|-damage|p2a: Glimmora|18\/100\n|-hitcount|p2a: Glimmora|5\n|\n|-damage|p1a: Iron Hands|73\/100 psn|[from] psn\n|upkeep\n|inactive|Capralux has 30 seconds left.\n|\n|t:|1683567264\n|switch|p1b: Dragapult|Dragapult, L50, F|100\/100\n|-status|p1b: Dragapult|tox\n|turn|4\n|\n|t:|1683567283\n|move|p1b: Dragapult|U-turn|p2a: Glimmora\n|-supereffective|p2a: Glimmora\n|-damage|p2a: Glimmora|0 fnt\n|faint|p2a: Glimmora\n|\n|t:|1683567288\n|switch|p1b: Gastrodon|Gastrodon, L50, F|100\/100|[from] U-turn\n|-status|p1b: Gastrodon|tox\n|move|p2b: Arcanine|Flare Blitz|p1a: Iron Hands\n|-damage|p1a: Iron Hands|37\/100 psn\n|-damage|p2b: Arcanine|86\/100|[from] Recoil\n|move|p1a: Iron Hands|Arm Thrust|p2b: Arcanine\n|-damage|p2b: Arcanine|79\/100\n|-damage|p2b: Arcanine|73\/100\n|-damage|p2b: Arcanine|66\/100\n|-damage|p2b: Arcanine|58\/100\n|-damage|p2b: Arcanine|51\/100\n|-hitcount|p2b: Arcanine|5\n|\n|-damage|p1a: Iron Hands|24\/100 psn|[from] psn\n|-damage|p1b: Gastrodon|95\/100 tox|[from] psn\n|upkeep\n|\n|t:|1683567303\n|switch|p2a: Iron Bundle|Iron Bundle, L50|100\/100\n|-enditem|p2a: Iron Bundle|Booster Energy\n|-activate|p2a: Iron Bundle|ability: Quark Drive|[fromitem]\n|-start|p2a: Iron Bundle|quarkdrivespe\n|turn|5\n|\n|t:|1683567321\n|move|p1a: Iron Hands|Protect|p1a: Iron Hands\n|-singleturn|p1a: Iron Hands|Protect\n|move|p2a: Iron Bundle|Freeze-Dry|p1b: Gastrodon\n|-supereffective|p1b: Gastrodon\n|-damage|p1b: Gastrodon|0 fnt\n|faint|p1b: Gastrodon\n|move|p2b: Arcanine|Flare Blitz|p1a: Iron Hands\n|-activate|p1a: Iron Hands|move: Protect\n|\n|-damage|p1a: Iron Hands|12\/100 psn|[from] psn\n|upkeep\n|\n|t:|1683567331\n|switch|p1b: Dragapult|Dragapult, L50, F|100\/100 tox\n|turn|6\n|\n|t:|1683567349\n|move|p2a: Iron Bundle|Protect|p2a: Iron Bundle\n|-singleturn|p2a: Iron Bundle|Protect\n|move|p2b: Arcanine|Protect|p2b: Arcanine\n|-singleturn|p2b: Arcanine|Protect\n|move|p1b: Dragapult|Phantom Force||[still]\n|-prepare|p1b: Dragapult|Phantom Force\n|move|p1a: Iron Hands|Arm Thrust|p2a: Iron Bundle\n|-activate|p2a: Iron Bundle|move: Protect\n|\n|-damage|p1b: Dragapult|95\/100 tox|[from] psn\n|-damage|p1a: Iron Hands|0 fnt|[from] psn\n|faint|p1a: Iron Hands\n|-end|p1a: Iron Hands|Quark Drive|[silent]\n|upkeep\n|turn|7\n|inactive|BurningtheKitchen has 30 seconds left.\n|\n|t:|1683567376\n|-end|p2a: Iron Bundle|Quark Drive|[silent]\n|switch|p2a: Farigiraf|Farigiraf, L50, M|100\/100\n|move|p1b: Dragapult|Phantom Force|p2a: Farigiraf|[from]lockedmove\n|-immune|p2a: Farigiraf\n|move|p2b: Arcanine|Flare Blitz|p1b: Dragapult\n|-resisted|p1b: Dragapult\n|-damage|p1b: Dragapult|64\/100 tox\n|-damage|p2b: Arcanine|42\/100|[from] Recoil\n|\n|-damage|p1b: Dragapult|52\/100 tox|[from] psn\n|upkeep\n|turn|8\n|\n|t:|1683567389\n|move|p1b: Dragapult|Phantom Force||[still]\n|-prepare|p1b: Dragapult|Phantom Force\n|move|p2b: Arcanine|Flare Blitz|p1b: Dragapult|[miss]\n|-miss|p2b: Arcanine|p1b: Dragapult\n|move|p2a: Farigiraf|Dazzling Gleam|p1b: Dragapult|[miss]\n|-miss|p2a: Farigiraf|p1b: Dragapult\n|\n|-damage|p1b: Dragapult|35\/100 tox|[from] psn\n|upkeep\n|turn|9\n|\n|t:|1683567400\n|move|p1b: Dragapult|Phantom Force|p2b: Arcanine|[from]lockedmove\n|-crit|p2b: Arcanine\n|-damage|p2b: Arcanine|0 fnt\n|faint|p2b: Arcanine\n|move|p2a: Farigiraf|Dazzling Gleam|p1b: Dragapult\n|-supereffective|p1b: Dragapult\n|-damage|p1b: Dragapult|0 fnt\n|faint|p1b: Dragapult\n|\n|win|BurningtheKitchen\n|raw|Capralux's rating: 1008 → 1000<\/strong> (-8 for losing)\n|raw|BurningtheKitchen's rating: 1008 → 1047<\/strong> (+39 for winning)\n|l|\u2606Capralux\n","uploadtime":1683567421,"views":4,"p1id":"capralux","p2id":"burningthekitchen","formatid":"gen9vgc2023regulationc","rating":1000,"private":0,"password":""}