{"id":"gen9vgc2023regulationc-1856763923","p1":"Open Teamsheet","p2":"Efebos","format":"[Gen 9] VGC 2023 Regulation C","log":"|j|\u2606Open Teamsheet\n|j|\u2606Efebos\n|t:|1683107725\n|gametype|doubles\n|player|p1|Open Teamsheet|bertha|1636\n|player|p2|Efebos|nessa|1658\n|teamsize|p1|6\n|teamsize|p2|6\n|gen|9\n|tier|[Gen 9] VGC 2023 Regulation C\n|rated|\n|rule|Species Clause: Limit one of each Pok\u00e9mon\n|rule|Item Clause: Limit one of each item\n|clearpoke\n|poke|p1|Torkoal, L50, M|\n|poke|p1|Lilligant, L50, F|\n|poke|p1|Farigiraf, L50, F|\n|poke|p1|Great Tusk, L50|\n|poke|p1|Flutter Mane, L50|\n|poke|p1|Iron Bundle, L50|\n|poke|p2|Amoonguss, L50, M|\n|poke|p2|Pelipper, L50, M|\n|poke|p2|Palafin, L50, F|\n|poke|p2|Barraskewda, L50, M|\n|poke|p2|Chien-Pao, L50|\n|poke|p2|Gholdengo, L50|\n|teampreview|4\n|inactive|Battle timer is ON: inactive players will automatically lose when time's up. (requested by Open Teamsheet)\nOpen Teamsheet has agreed to open team sheets.\n|\n|t:|1683107754\n|start\n|switch|p1a: Mateus Mora|Iron Bundle, L50, shiny|100\/100\n|switch|p1b: Rani!|Farigiraf, L50, F|100\/100\n|switch|p2a: Barraskewda|Barraskewda, L50, M|100\/100\n|switch|p2b: Chien-Pao|Chien-Pao, L50|100\/100\n|-ability|p2b: Chien-Pao|Sword of Ruin\n|-enditem|p1a: Mateus Mora|Booster Energy\n|-activate|p1a: Mateus Mora|ability: Quark Drive|[fromitem]\n|-start|p1a: Mateus Mora|quarkdrivespe\n|turn|1\n|inactive|Efebos has 30 seconds left.\n|\n|t:|1683107780\n|move|p1a: Mateus Mora|Freeze-Dry|p2a: Barraskewda\n|-supereffective|p2a: Barraskewda\n|-enditem|p2a: Barraskewda|Focus Sash\n|-damage|p2a: Barraskewda|1\/100\n|move|p2b: Chien-Pao|Ice Spinner|p1b: Rani!\n|-crit|p1b: Rani!\n|-damage|p1b: Rani!|11\/100\n|-damage|p2b: Chien-Pao|91\/100|[from] item: Life Orb\n|move|p2a: Barraskewda|Liquidation|p1b: Rani!\n|-damage|p1b: Rani!|0 fnt\n|faint|p1b: Rani!\n|\n|upkeep\n|\n|t:|1683107792\n|switch|p1b: Taza B2|Great Tusk, L50|100\/100\n|turn|2\n|j| je8\n|\n|t:|1683107811\n|-end|p1b: Taza B2|Protosynthesis|[silent]\n|switch|p1b: DJEZJA|Torkoal, L50, M|100\/100\n|-weather|SunnyDay|[from] ability: Drought|[of] p1b: DJEZJA\n|move|p2a: Barraskewda|Protect|p2a: Barraskewda\n|-singleturn|p2a: Barraskewda|Protect\n|move|p1a: Mateus Mora|Icy Wind|p2a: Barraskewda|[spread] p2b\n|-activate|p2a: Barraskewda|move: Protect\n|-resisted|p2b: Chien-Pao\n|-damage|p2b: Chien-Pao|77\/100\n|-unboost|p2b: Chien-Pao|spe|1\n|move|p2b: Chien-Pao|Ice Spinner|p1b: DJEZJA\n|-resisted|p1b: DJEZJA\n|-damage|p1b: DJEZJA|72\/100\n|-damage|p2b: Chien-Pao|67\/100|[from] item: Life Orb\n|\n|-weather|SunnyDay|[upkeep]\n|upkeep\n|turn|3\n|inactive|Open Teamsheet has 30 seconds left.\n|\n|t:|1683107840\n|switch|p2b: Pelipper|Pelipper, L50, M|100\/100\n|-weather|RainDance|[from] ability: Drizzle|[of] p2b: Pelipper\n|move|p2a: Barraskewda|Close Combat|p1a: Mateus Mora\n|-supereffective|p1a: Mateus Mora\n|-damage|p1a: Mateus Mora|3\/100\n|-unboost|p2a: Barraskewda|def|1\n|-unboost|p2a: Barraskewda|spd|1\n|move|p1a: Mateus Mora|Freeze-Dry|p2b: Pelipper\n|-supereffective|p2b: Pelipper\n|-damage|p2b: Pelipper|0 fnt\n|faint|p2b: Pelipper\n|move|p1b: DJEZJA|Flamethrower|p2a: Barraskewda\n|-resisted|p2a: Barraskewda\n|-damage|p2a: Barraskewda|0 fnt\n|faint|p2a: Barraskewda\n|\n|-weather|RainDance|[upkeep]\n|upkeep\n|\n|t:|1683107854\n|switch|p2a: Amoonguss|Amoonguss, L50, M|100\/100\n|switch|p2b: Chien-Pao|Chien-Pao, L50|67\/100\n|-ability|p2b: Chien-Pao|Sword of Ruin\n|turn|4\n|\n|t:|1683107876\n|move|p1a: Mateus Mora|Protect|p1a: Mateus Mora\n|-singleturn|p1a: Mateus Mora|Protect\n|move|p2b: Chien-Pao|Protect|p2b: Chien-Pao\n|-singleturn|p2b: Chien-Pao|Protect\n|move|p2a: Amoonguss|Pollen Puff|p1a: Mateus Mora\n|-activate|p1a: Mateus Mora|move: Protect\n|move|p1b: DJEZJA|Flamethrower|p2a: Amoonguss\n|-supereffective|p2a: Amoonguss\n|-damage|p2a: Amoonguss|59\/100\n|-status|p2a: Amoonguss|brn\n|\n|-weather|RainDance|[upkeep]\n|-damage|p2a: Amoonguss|53\/100 brn|[from] brn\n|upkeep\n|turn|5\n|j| manilovebo1cts\n|inactive|Open Teamsheet has 30 seconds left.\n|inactive|Open Teamsheet has 20 seconds left.\n|\n|t:|1683107913\n|-terastallize|p2a: Amoonguss|Fire\n|-terastallize|p1b: DJEZJA|Fire\n|move|p2a: Amoonguss|Rage Powder|p2a: Amoonguss\n|-singleturn|p2a: Amoonguss|move: Rage Powder\n|move|p1a: Mateus Mora|Encore|p2a: Amoonguss\n|-start|p2a: Amoonguss|Encore\n|move|p2b: Chien-Pao|Ice Spinner|p1a: Mateus Mora\n|-resisted|p1a: Mateus Mora\n|-damage|p1a: Mateus Mora|0 fnt\n|faint|p1a: Mateus Mora\n|-end|p1a: Mateus Mora|Quark Drive|[silent]\n|-damage|p2b: Chien-Pao|58\/100|[from] item: Life Orb\n|move|p1b: DJEZJA|Flamethrower|p2a: Amoonguss\n|-resisted|p2a: Amoonguss\n|-damage|p2a: Amoonguss|38\/100 brn\n|\n|-weather|RainDance|[upkeep]\n|-damage|p2a: Amoonguss|32\/100 brn|[from] brn\n|upkeep\n|\n|t:|1683107922\n|switch|p1a: Taza B2|Great Tusk, L50|100\/100\n|turn|6\n|\n|t:|1683107936\n|move|p2a: Amoonguss|Rage Powder|p2a: Amoonguss\n|-singleturn|p2a: Amoonguss|move: Rage Powder\n|move|p2b: Chien-Pao|Ice Spinner|p1a: Taza B2\n|-supereffective|p1a: Taza B2\n|-enditem|p1a: Taza B2|Focus Sash\n|-damage|p1a: Taza B2|1\/100\n|-damage|p2b: Chien-Pao|48\/100|[from] item: Life Orb\n|move|p1a: Taza B2|Headlong Rush|p2a: Amoonguss\n|-supereffective|p2a: Amoonguss\n|-damage|p2a: Amoonguss|0 fnt\n|-unboost|p1a: Taza B2|def|1\n|-unboost|p1a: Taza B2|spd|1\n|-damage|p1a: Taza B2|0 fnt|[from] item: Rocky Helmet|[of] p2a: Amoonguss\n|faint|p2a: Amoonguss\n|faint|p1a: Taza B2\n|-end|p1a: Taza B2|Protosynthesis|[silent]\n|move|p1b: DJEZJA|Flamethrower|p2b: Chien-Pao\n|-supereffective|p2b: Chien-Pao\n|-damage|p2b: Chien-Pao|0 fnt\n|faint|p2b: Chien-Pao\n|\n|win|Open Teamsheet\n|raw|Open Teamsheet's rating: 1636 → 1657<\/strong> (+21 for winning)\n|raw|Efebos's rating: 1658 → 1637<\/strong> (-21 for losing)\n|c|\u2606Open Teamsheet|gg\n|c|\u2606Efebos|gg\n|l|\u2606Efebos\n|l| je8\n","uploadtime":1683107968,"views":14,"p1id":"openteamsheet","p2id":"efebos","formatid":"gen9vgc2023regulationc","rating":1637,"private":0,"password":""}