{"id":"gen9vgc2023regulationc-1858760945","p1":"VillagerZz","p2":"kkyd11","format":"[Gen 9] VGC 2023 Regulation C","log":"|j|\u2606VillagerZz\n|j|\u2606kkyd11\n|t:|1683355654\n|gametype|doubles\n|player|p1|VillagerZz|2|1035\n|player|p2|kkyd11|265|1138\n|teamsize|p1|4\n|teamsize|p2|6\n|gen|9\n|tier|[Gen 9] VGC 2023 Regulation C\n|rated|\n|rule|Species Clause: Limit one of each Pok\u00e9mon\n|rule|Item Clause: Limit one of each item\n|clearpoke\n|poke|p1|Ting-Lu, L50|\n|poke|p1|Luxray, L50, M|\n|poke|p1|Amoonguss, L50, M|\n|poke|p1|Staraptor, L50, M|\n|poke|p2|Chi-Yu, L50|\n|poke|p2|Armarouge, L50, F|\n|poke|p2|Tatsugiri, L50, F|\n|poke|p2|Indeedee-F, L50, F|\n|poke|p2|Dachsbun, L50, F|\n|poke|p2|Sylveon, L50, F|\n|teampreview|4\n|inactive|Battle timer is ON: inactive players will automatically lose when time's up. (requested by kkyd11)\n|inactive|VillagerZz has 60 seconds left.\n|inactive|kkyd11 has 60 seconds left.\n|inactive|VillagerZz has 30 seconds left.\n|inactive|VillagerZz has 20 seconds left.\n|inactive|VillagerZz has 15 seconds left.\n|inactive|VillagerZz has 10 seconds left.\n|inactive|VillagerZz has 5 seconds left.\n|\n|t:|1683355744\n|start\n|switch|p1a: Ting-Lu|Ting-Lu, L50|100\/100\n|switch|p1b: Luxray|Luxray, L50, M, shiny|100\/100\n|switch|p2a: Armarouge|Armarouge, L50, F|100\/100\n|switch|p2b: Indeedee|Indeedee-F, L50, F|100\/100\n|-fieldstart|move: Psychic Terrain|[from] ability: Psychic Surge|[of] p2b: Indeedee\n|-ability|p1a: Ting-Lu|Vessel of Ruin\n|turn|1\n|\n|t:|1683355764\n|switch|p1b: Amoonguss|Amoonguss, L50, M, shiny|100\/100\n|-terastallize|p2a: Armarouge|Dark\n|move|p2b: Indeedee|Follow Me|p2b: Indeedee\n|-singleturn|p2b: Indeedee|move: Follow Me\n|move|p2a: Armarouge|Expanding Force|p1b: Amoonguss|[spread] p1b\n|-immune|p1a: Ting-Lu\n|-supereffective|p1b: Amoonguss\n|-damage|p1b: Amoonguss|37\/100\n|move|p1a: Ting-Lu|Earthquake|p2a: Armarouge|[spread] p1b,p2a,p2b\n|-crit|p1b: Amoonguss\n|-damage|p1b: Amoonguss|0 fnt\n|-damage|p2a: Armarouge|47\/100\n|-damage|p2b: Indeedee|34\/100\n|-ability|p2a: Armarouge|Weak Armor|boost\n|-unboost|p2a: Armarouge|def|1\n|-boost|p2a: Armarouge|spe|2\n|faint|p1b: Amoonguss\n|\n|upkeep\n|\n|t:|1683355784\n|switch|p1b: Staraptor|Staraptor, L50, M, shiny|100\/100\n|-ability|p1b: Staraptor|Intimidate|boost\n|-unboost|p2a: Armarouge|atk|1\n|-unboost|p2b: Indeedee|atk|1\n|turn|2\n|\n|t:|1683355796\n|move|p2b: Indeedee|Follow Me|p2b: Indeedee\n|-singleturn|p2b: Indeedee|move: Follow Me\n|move|p2a: Armarouge|Expanding Force|p1b: Staraptor|[spread] p1b\n|-immune|p1a: Ting-Lu\n|-damage|p1b: Staraptor|17\/100\n|-enditem|p1b: Staraptor|Sitrus Berry|[eat]\n|-heal|p1b: Staraptor|41\/100|[from] item: Sitrus Berry\n|move|p1b: Staraptor|Tailwind|p1b: Staraptor\n|-sidestart|p1: VillagerZz|move: Tailwind\n|move|p1a: Ting-Lu|Earthquake|p2a: Armarouge|[spread] p2a,p2b\n|-immune|p1b: Staraptor\n|-damage|p2a: Armarouge|0 fnt\n|-damage|p2b: Indeedee|0 fnt\n|faint|p2a: Armarouge\n|faint|p2b: Indeedee\n|\n|upkeep\n|\n|t:|1683355810\n|switch|p2a: Sylveon|Sylveon, L50, F|100\/100\n|switch|p2b: Tatsugiri|Tatsugiri, L50, F|100\/100\n|turn|3\n|\n|t:|1683355826\n|move|p1b: Staraptor|U-turn|p2a: Sylveon\n|-resisted|p2a: Sylveon\n|-damage|p2a: Sylveon|86\/100\n|\n|t:|1683355832\n|switch|p1b: Luxray|Luxray, L50, M, shiny|100\/100|[from] U-turn\n|move|p2b: Tatsugiri|Muddy Water|p1b: Luxray|[spread] p1a,p1b\n|-supereffective|p1a: Ting-Lu\n|-damage|p1a: Ting-Lu|49\/100\n|-damage|p1b: Luxray|63\/100\n|-unboost|p1b: Luxray|accuracy|1\n|-damage|p2b: Tatsugiri|91\/100|[from] item: Life Orb\n|move|p1a: Ting-Lu|Earthquake|p2b: Tatsugiri|[spread] p1b,p2a,p2b\n|-supereffective|p1b: Luxray\n|-damage|p1b: Luxray|0 fnt\n|-damage|p2a: Sylveon|19\/100\n|-damage|p2b: Tatsugiri|0 fnt\n|faint|p1b: Luxray\n|faint|p2b: Tatsugiri\n|move|p2a: Sylveon|Hyper Voice|p1a: Ting-Lu\n|-supereffective|p1a: Ting-Lu\n|-damage|p1a: Ting-Lu|0 fnt\n|faint|p1a: Ting-Lu\n|-enditem|p2a: Sylveon|Throat Spray\n|-boost|p2a: Sylveon|spa|1|[from] item: Throat Spray\n|\n|upkeep\n|\n|t:|1683355854\n|switch|p1b: Staraptor|Staraptor, L50, M, shiny|41\/100\n|-ability|p1b: Staraptor|Intimidate|boost\n|-unboost|p2a: Sylveon|atk|1\n|turn|4\n|\n|t:|1683355861\n|move|p2a: Sylveon|Protect|p2a: Sylveon\n|-singleturn|p2a: Sylveon|Protect\n|move|p1b: Staraptor|Brave Bird|p2a: Sylveon\n|-activate|p2a: Sylveon|move: Protect\n|\n|upkeep\n|turn|5\n|\n|t:|1683355869\n|move|p2a: Sylveon|Protect||[still]\n|-fail|p2a: Sylveon\n|move|p1b: Staraptor|Brave Bird|p2a: Sylveon\n|-damage|p2a: Sylveon|0 fnt\n|faint|p2a: Sylveon\n|-damage|p1b: Staraptor|34\/100|[from] Recoil\n|\n|win|VillagerZz\n|raw|VillagerZz's rating: 1035 → 1080<\/strong> (+45 for winning)\n|raw|kkyd11's rating: 1138 → 1106<\/strong> (-32 for losing)\n|l|\u2606kkyd11\n","uploadtime":1683356001,"views":6,"p1id":"villagerzz","p2id":"kkyd11","formatid":"gen9vgc2023regulationc","rating":1080,"private":0,"password":""}