{"id":"gen9vgc2023regulationc-1851404077","p1":"rudyxkam","p2":"teaford21","format":"[Gen 9] VGC 2023 Regulation C","log":"|j|\u2606rudyxkam\n|j|\u2606teaford21\n|t:|1682442391\n|gametype|doubles\n|player|p1|rudyxkam|gardenia|1167\n|player|p2|teaford21|1|1091\n|teamsize|p1|6\n|teamsize|p2|6\n|gen|9\n|tier|[Gen 9] VGC 2023 Regulation C\n|rated|\n|rule|Species Clause: Limit one of each Pok\u00e9mon\n|rule|Item Clause: Limit one of each item\n|clearpoke\n|poke|p1|Gyarados, L50, M|\n|poke|p1|Talonflame, L50, M|\n|poke|p1|Baxcalibur, L50, F|\n|poke|p1|Corviknight, L50, M|\n|poke|p1|Ting-Lu, L50|\n|poke|p1|Flutter Mane, L50|\n|poke|p2|Amoonguss, L50, F|\n|poke|p2|Arcanine, L50, F|\n|poke|p2|Palafin, L50, F|\n|poke|p2|Flutter Mane, L50|\n|poke|p2|Dragonite, L50, F|\n|poke|p2|Kingambit, L50, M|\n|teampreview|4\n|inactive|Battle timer is ON: inactive players will automatically lose when time's up. (requested by rudyxkam)\nrudyxkam has agreed to open team sheets.\n|c|\u2606rudyxkam|glhf!\n|inactive|rudyxkam has 60 seconds left.\n|inactive|teaford21 has 60 seconds left.\n|inactive|rudyxkam has 30 seconds left.\n|\n|t:|1682442455\n|start\n|switch|p1a: T. Gojira|Baxcalibur, L50, F, shiny|100\/100\n|switch|p1b: Gigan|Corviknight, L50, M, shiny|100\/100\n|switch|p2a: Palafin|Palafin, L50, F|100\/100\n|switch|p2b: Arcanine|Arcanine, L50, F|100\/100\n|-ability|p2b: Arcanine|Intimidate|boost\n|-fail|p1a: T. Gojira|unboost|[from] item: Clear Amulet|[of] p1a: T. Gojira\n|-ability|p1b: Gigan|Mirror Armor\n|-unboost|p2b: Arcanine|atk|1\n|turn|1\n|inactive|teaford21 has 30 seconds left.\n|inactive|teaford21 has 20 seconds left.\n|inactive|teaford21 has 15 seconds left.\n|\n|t:|1682442496\n|detailschange|p2a: Palafin|Palafin-Hero, L50, F\n|switch|p2a: Kingambit|Kingambit, L50, M|100\/100\n|move|p1a: T. Gojira|Dragon Dance|p1a: T. Gojira\n|-boost|p1a: T. Gojira|atk|1\n|-boost|p1a: T. Gojira|spe|1\n|move|p2b: Arcanine|Will-O-Wisp|p1a: T. Gojira\n|-immune|p1a: T. Gojira|[from] ability: Thermal Exchange\n|move|p1b: Gigan|Bulk Up|p1b: Gigan\n|-boost|p1b: Gigan|atk|1\n|-boost|p1b: Gigan|def|1\n|\n|upkeep\n|turn|2\n|inactive|rudyxkam has 30 seconds left.\n|inactive|teaford21 has 30 seconds left.\n|inactive|rudyxkam has 20 seconds left.\n|inactive|rudyxkam has 15 seconds left.\n|\n|t:|1682442537\n|-terastallize|p1a: T. Gojira|Poison\n|move|p1a: T. Gojira|Icicle Crash|p2a: Kingambit\n|-resisted|p2a: Kingambit\n|-damage|p2a: Kingambit|73\/100\n|move|p2b: Arcanine|Flare Blitz|p1b: Gigan\n|-supereffective|p1b: Gigan\n|-damage|p1b: Gigan|68\/100\n|-damage|p2b: Arcanine|89\/100|[from] Recoil\n|move|p1b: Gigan|Brave Bird|p2a: Kingambit\n|-resisted|p2a: Kingambit\n|-damage|p2a: Kingambit|54\/100\n|-damage|p1b: Gigan|62\/100|[from] Recoil\n|move|p2a: Kingambit|Kowtow Cleave|p1a: T. Gojira\n|-damage|p1a: T. Gojira|58\/100\n|\n|upkeep\n|turn|3\n|inactive|rudyxkam has 30 seconds left.\n|inactive|teaford21 has 30 seconds left.\n|inactive|teaford21 has 20 seconds left.\n|\n|t:|1682442573\n|switch|p2b: Palafin|Palafin-Hero, L50, F|100\/100\n|-activate|p2b: Palafin|ability: Zero to Hero\n|move|p2a: Kingambit|Sucker Punch|p1a: T. Gojira\n|-damage|p1a: T. Gojira|20\/100\n|move|p1a: T. Gojira|Icicle Crash|p2a: Kingambit\n|-resisted|p2a: Kingambit\n|-damage|p2a: Kingambit|27\/100\n|move|p1b: Gigan|Iron Head|p2a: Kingambit\n|-resisted|p2a: Kingambit\n|-damage|p2a: Kingambit|14\/100\n|\n|upkeep\n|turn|4\n|inactive|rudyxkam has 30 seconds left.\n|inactive|teaford21 has 30 seconds left.\n|inactive|teaford21 has 20 seconds left.\n|\n|t:|1682442609\n|move|p1a: T. Gojira|Protect|p1a: T. Gojira\n|-singleturn|p1a: T. Gojira|Protect\n|move|p2a: Kingambit|Sucker Punch||[still]\n|-fail|p2a: Kingambit\n|move|p2b: Palafin|Substitute|p2b: Palafin\n|-start|p2b: Palafin|Substitute\n|-damage|p2b: Palafin|76\/100\n|move|p1b: Gigan|Brave Bird|p2a: Kingambit\n|-resisted|p2a: Kingambit\n|-damage|p2a: Kingambit|0 fnt\n|faint|p2a: Kingambit\n|-damage|p1b: Gigan|58\/100|[from] Recoil\n|\n|upkeep\n|\n|t:|1682442613\n|switch|p2a: Arcanine|Arcanine, L50, F|89\/100\n|-ability|p2a: Arcanine|Intimidate|boost\n|-fail|p1a: T. Gojira|unboost|[from] item: Clear Amulet|[of] p1a: T. Gojira\n|-ability|p1b: Gigan|Mirror Armor\n|-unboost|p2a: Arcanine|atk|1\n|turn|5\n|\n|t:|1682442633\n|move|p2b: Palafin|Jet Punch|p1a: T. Gojira\n|-damage|p1a: T. Gojira|0 fnt\n|faint|p1a: T. Gojira\n|move|p2a: Arcanine|Flare Blitz|p1b: Gigan\n|-supereffective|p1b: Gigan\n|-crit|p1b: Gigan\n|-damage|p1b: Gigan|0 fnt\n|faint|p1b: Gigan\n|-damage|p2a: Arcanine|70\/100|[from] Recoil\n|\n|upkeep\n|\n|t:|1682442640\n|switch|p1a: Shobijin|Flutter Mane, L50, shiny|100\/100\n|switch|p1b: Rodan|Talonflame, L50, M, shiny|100\/100\n|turn|6\n|\n|t:|1682442654\n|move|p2a: Arcanine|Extreme Speed|p1b: Rodan\n|-damage|p1b: Rodan|82\/100\n|move|p2b: Palafin|Jet Punch|p1a: Shobijin\n|-damage|p1a: Shobijin|24\/100\n|move|p1b: Rodan|Will-O-Wisp||[still]\n|-fail|p1b: Rodan\n|move|p1a: Shobijin|Thunderbolt|p2b: Palafin\n|-supereffective|p2b: Palafin\n|-end|p2b: Palafin|Substitute\n|\n|upkeep\n|turn|7\n|c|\u2606rudyxkam|oops lol\n|c|\u2606rudyxkam|gg\n|-message|rudyxkam forfeited.\n|\n|win|teaford21\n|raw|rudyxkam's rating: 1167 → 1137<\/strong> (-30 for losing)\n|raw|teaford21's rating: 1091 → 1123<\/strong> (+32 for winning)\n","uploadtime":1682442674,"views":13,"p1id":"rudyxkam","p2id":"teaford21","formatid":"gen9vgc2023regulationc","rating":1123,"private":0,"password":""}