{"id":"gen9vgc2023regulationc-1853169798","p1":"SteXe36","p2":"panth413","format":"[Gen 9] VGC 2023 Regulation C","log":"|j|\u2606SteXe36\n|j|\u2606panth413\n|t:|1682643747\n|gametype|doubles\n|player|p1|SteXe36|ethan|1245\n|player|p2|panth413|169|1205\n|teamsize|p1|6\n|teamsize|p2|6\n|gen|9\n|tier|[Gen 9] VGC 2023 Regulation C\n|rated|\n|rule|Species Clause: Limit one of each Pok\u00e9mon\n|rule|Item Clause: Limit one of each item\n|clearpoke\n|poke|p1|Stonjourner, L50, M|\n|poke|p1|Corviknight, L50, M|\n|poke|p1|Armarouge, L50, F|\n|poke|p1|Indeedee-F, L50, F|\n|poke|p1|Rotom-Wash, L50|\n|poke|p1|Dragapult, L50, F|\n|poke|p2|Tyranitar, L50, F|\n|poke|p2|Lycanroc, L50, F|\n|poke|p2|Amoonguss, L50, F|\n|poke|p2|Garchomp, L50, M|\n|poke|p2|Iron Bundle, L50|\n|poke|p2|Talonflame, L50, F|\n|teampreview|4\n|inactive|Battle timer is ON: inactive players will automatically lose when time's up. (requested by SteXe36)\n|inactive|panth413 has 60 seconds left.\n|\n|t:|1682643787\n|start\n|switch|p1a: Armarouge|Armarouge, L50, F, shiny|100\/100\n|switch|p1b: Castle|Stonjourner, L50, M, shiny|100\/100\n|switch|p2a: Talonflame|Talonflame, L50, F|100\/100\n|switch|p2b: Garchomp|Garchomp, L50, M|100\/100\n|turn|1\n|\n|t:|1682643807\n|-terastallize|p2b: Garchomp|Fire\n|move|p1b: Castle|Wide Guard|p1b: Castle\n|-singleturn|p1b: Castle|Wide Guard\n|move|p2a: Talonflame|Will-O-Wisp|p1b: Castle\n|-status|p1b: Castle|brn\n|move|p2b: Garchomp|Earthquake|p1a: Armarouge|[spread] \n|-activate|p1a: Armarouge|move: Wide Guard\n|-activate|p1b: Castle|move: Wide Guard\n|-immune|p2a: Talonflame\n|move|p1a: Armarouge|Expanding Force|p2b: Garchomp\n|-damage|p2b: Garchomp|20\/100\n|-damage|p1a: Armarouge|91\/100|[from] item: Life Orb\n|\n|-damage|p1b: Castle|95\/100 brn|[from] brn\n|upkeep\n|turn|2\n|\n|t:|1682643832\n|switch|p1a: Rotom|Rotom-Wash, L50, shiny|100\/100\n|move|p2b: Garchomp|Protect|p2b: Garchomp\n|-singleturn|p2b: Garchomp|Protect\n|move|p2a: Talonflame|Brave Bird|p1a: Rotom\n|-resisted|p1a: Rotom\n|-damage|p1a: Rotom|75\/100\n|-damage|p2a: Talonflame|92\/100|[from] Recoil\n|move|p1b: Castle|Rock Slide|p2a: Talonflame|[spread] p2a\n|-activate|p2b: Garchomp|move: Protect\n|-supereffective|p2a: Talonflame\n|-damage|p2a: Talonflame|15\/100\n|\n|-heal|p1b: Castle|100\/100 brn|[from] item: Leftovers\n|-damage|p1b: Castle|95\/100 brn|[from] brn\n|upkeep\n|turn|3\n|inactive|SteXe36 has 30 seconds left.\n|\n|t:|1682643857\n|switch|p2b: Amoonguss|Amoonguss, L50, F|100\/100\n|move|p1b: Castle|Protect|p1b: Castle\n|-singleturn|p1b: Castle|Protect\n|move|p2a: Talonflame|Tailwind|p2a: Talonflame\n|-sidestart|p2: panth413|move: Tailwind\n|move|p1a: Rotom|Thunderbolt|p2b: Amoonguss\n|-resisted|p2b: Amoonguss\n|-damage|p2b: Amoonguss|77\/100\n|\n|-heal|p1b: Castle|100\/100 brn|[from] item: Leftovers\n|-damage|p1b: Castle|95\/100 brn|[from] brn\n|upkeep\n|turn|4\n|inactive|panth413 has 30 seconds left.\n|inactive|SteXe36 has 30 seconds left.\n|inactive|panth413 has 20 seconds left.\n|inactive|panth413 has 15 seconds left.\n|\n|t:|1682643899\n|move|p1a: Rotom|Protect|p1a: Rotom\n|-singleturn|p1a: Rotom|Protect\n|move|p2a: Talonflame|Brave Bird|p1a: Rotom\n|-activate|p1a: Rotom|move: Protect\n|move|p1b: Castle|Rock Slide|p2b: Amoonguss|[spread] p2a,p2b\n|-supereffective|p2a: Talonflame\n|-damage|p2a: Talonflame|0 fnt\n|-damage|p2b: Amoonguss|68\/100\n|faint|p2a: Talonflame\n|move|p2b: Amoonguss|Spore||[still]\n|-fail|p2b: Amoonguss\n|\n|-heal|p1b: Castle|100\/100 brn|[from] item: Leftovers\n|-damage|p1b: Castle|95\/100 brn|[from] brn\n|upkeep\n|inactive|panth413 has 30 seconds left.\n|\n|t:|1682643928\n|switch|p2a: Iron Bundle|Iron Bundle, L50|100\/100\n|-enditem|p2a: Iron Bundle|Booster Energy\n|-activate|p2a: Iron Bundle|ability: Quark Drive|[fromitem]\n|-start|p2a: Iron Bundle|quarkdrivespe\n|turn|5\n|\n|t:|1682643943\n|move|p1b: Castle|Protect|p1b: Castle\n|-singleturn|p1b: Castle|Protect\n|move|p2b: Amoonguss|Rage Powder|p2b: Amoonguss\n|-singleturn|p2b: Amoonguss|move: Rage Powder\n|move|p2a: Iron Bundle|Freeze-Dry|p1a: Rotom\n|-supereffective|p1a: Rotom\n|-damage|p1a: Rotom|2\/100\n|-enditem|p1a: Rotom|Sitrus Berry|[eat]\n|-heal|p1a: Rotom|27\/100|[from] item: Sitrus Berry\n|move|p1a: Rotom|Thunderbolt|p2b: Amoonguss\n|-resisted|p2b: Amoonguss\n|-damage|p2b: Amoonguss|45\/100\n|-enditem|p2b: Amoonguss|Sitrus Berry|[eat]\n|-heal|p2b: Amoonguss|70\/100|[from] item: Sitrus Berry\n|\n|-heal|p1b: Castle|100\/100 brn|[from] item: Leftovers\n|-damage|p1b: Castle|95\/100 brn|[from] brn\n|upkeep\n|turn|6\n|inactive|SteXe36 has 30 seconds left.\n|inactive|panth413 has 30 seconds left.\n|inactive|SteXe36 has 20 seconds left.\n|inactive|SteXe36 has 15 seconds left.\n|inactive|SteXe36 has 10 seconds left.\n|\n|t:|1682643992\n|switch|p1b: Armarouge|Armarouge, L50, F, shiny|91\/100\n|move|p1a: Rotom|Protect|p1a: Rotom\n|-singleturn|p1a: Rotom|Protect\n|move|p2a: Iron Bundle|Freeze-Dry|p1a: Rotom\n|-activate|p1a: Rotom|move: Protect\n|move|p2b: Amoonguss|Spore|p1b: Armarouge\n|-status|p1b: Armarouge|slp|[from] move: Spore\n|\n|-sideend|p2: panth413|move: Tailwind\n|upkeep\n|turn|7\n|\n|t:|1682644014\n|switch|p1a: Royal Knight|Corviknight, L50, M, shiny|100\/100\n|move|p2a: Iron Bundle|Freeze-Dry|p1a: Royal Knight\n|-damage|p1a: Royal Knight|70\/100\n|move|p2b: Amoonguss|Pollen Puff|p1b: Armarouge\n|-damage|p1b: Armarouge|72\/100 slp\n|cant|p1b: Armarouge|slp\n|\n|upkeep\n|turn|8\n|inactive|SteXe36 has 30 seconds left.\n|\n|t:|1682644048\n|move|p2a: Iron Bundle|Freeze-Dry|p1b: Armarouge\n|-resisted|p1b: Armarouge\n|-damage|p1b: Armarouge|53\/100 slp\n|move|p1a: Royal Knight|Body Press|p2a: Iron Bundle\n|-supereffective|p2a: Iron Bundle\n|-damage|p2a: Iron Bundle|55\/100\n|-curestatus|p1b: Armarouge|slp|[msg]\n|move|p1b: Armarouge|Expanding Force|p2b: Amoonguss\n|-supereffective|p2b: Amoonguss\n|-damage|p2b: Amoonguss|0 fnt\n|faint|p2b: Amoonguss\n|-damage|p1b: Armarouge|43\/100|[from] item: Life Orb\n|\n|upkeep\n|\n|t:|1682644067\n|switch|p2b: Garchomp|Garchomp, L50, M, tera:Fire|20\/100\n|turn|9\n|\n|t:|1682644082\n|move|p1b: Armarouge|Protect|p1b: Armarouge\n|-singleturn|p1b: Armarouge|Protect\n|move|p2a: Iron Bundle|Freeze-Dry|p1a: Royal Knight\n|-damage|p1a: Royal Knight|40\/100\n|move|p2b: Garchomp|Rock Slide|p1b: Armarouge|[spread] \n|-activate|p1b: Armarouge|move: Protect\n|-miss|p2b: Garchomp|p1a: Royal Knight\n|move|p1a: Royal Knight|Body Press|p2a: Iron Bundle\n|-supereffective|p2a: Iron Bundle\n|-damage|p2a: Iron Bundle|7\/100\n|\n|upkeep\n|turn|10\n|inactive|SteXe36 has 30 seconds left.\n|\n|t:|1682644109\n|-terastallize|p1b: Armarouge|Grass\n|move|p2a: Iron Bundle|Freeze-Dry|p1a: Royal Knight\n|-damage|p1a: Royal Knight|12\/100\n|move|p2b: Garchomp|Rock Slide|p1b: Armarouge|[spread] p1a,p1b\n|-damage|p1a: Royal Knight|0 fnt\n|-damage|p1b: Armarouge|24\/100\n|faint|p1a: Royal Knight\n|move|p1b: Armarouge|Expanding Force|p2b: Garchomp\n|-damage|p2b: Garchomp|0 fnt\n|faint|p2b: Garchomp\n|-damage|p1b: Armarouge|14\/100|[from] item: Life Orb\n|\n|upkeep\n|\n|t:|1682644120\n|switch|p1a: Rotom|Rotom-Wash, L50, shiny|27\/100\n|turn|11\n|\n|t:|1682644126\n|move|p2a: Iron Bundle|Icy Wind|p1a: Rotom|[spread] p1a,p1b\n|-resisted|p1a: Rotom\n|-supereffective|p1b: Armarouge\n|-damage|p1a: Rotom|18\/100\n|-damage|p1b: Armarouge|0 fnt\n|-unboost|p1a: Rotom|spe|1\n|faint|p1b: Armarouge\n|move|p1a: Rotom|Thunderbolt|p2a: Iron Bundle\n|-supereffective|p2a: Iron Bundle\n|-damage|p2a: Iron Bundle|0 fnt\n|faint|p2a: Iron Bundle\n|-end|p2a: Iron Bundle|Quark Drive|[silent]\n|\n|win|SteXe36\n|raw|SteXe36's rating: 1245 → 1267<\/strong> (+22 for winning)\n|raw|panth413's rating: 1205 → 1183<\/strong> (-22 for losing)\n|l|\u2606SteXe36\n","uploadtime":1682644144,"views":9,"p1id":"stexe36","p2id":"panth413","formatid":"gen9vgc2023regulationc","rating":1183,"private":0,"password":""}