{"id":"gen9vgc2023regulationc-1845862817","p1":"Bardo52","p2":"Keveloper","format":"[Gen 9] VGC 2023 Regulation C","log":"|j|\u2606Bardo52\n|j|\u2606Keveloper\n|t:|1681772681\n|gametype|doubles\n|player|p1|Bardo52|brycenman|1481\n|player|p2|Keveloper|ash|1469\n|teamsize|p1|6\n|teamsize|p2|6\n|gen|9\n|tier|[Gen 9] VGC 2023 Regulation C\n|rated|\n|rule|Species Clause: Limit one of each Pok\u00e9mon\n|rule|Item Clause: Limit one of each item\n|clearpoke\n|poke|p1|Ting-Lu, L50|\n|poke|p1|Amoonguss, L50, M|\n|poke|p1|Palafin, L50, F|\n|poke|p1|Arcanine, L50, F|\n|poke|p1|Flutter Mane, L50|\n|poke|p1|Baxcalibur, L50, F|\n|poke|p2|Orthworm, L50, F|\n|poke|p2|Dragonite, L50, M|\n|poke|p2|Ting-Lu, L50|\n|poke|p2|Gyarados, L50, F|\n|poke|p2|Flutter Mane, L50|\n|poke|p2|Chien-Pao, L50|\n|teampreview|4\n|j| haoran zhou\n|inactive|Battle timer is ON: inactive players will automatically lose when time's up. (requested by Bardo52)\n|\n|t:|1681772736\n|start\n|switch|p1a: Flutter Mane|Flutter Mane, L50|100\/100\n|switch|p1b: Arcanine|Arcanine, L50, F|100\/100\n|switch|p2a: Orthworm|Orthworm, L50, F|100\/100\n|switch|p2b: Gyarados|Gyarados, L50, F|100\/100\n|-ability|p1b: Arcanine|Intimidate|boost\n|-unboost|p2a: Orthworm|atk|1\n|-unboost|p2b: Gyarados|atk|1\n|-ability|p2b: Gyarados|Intimidate|boost\n|-unboost|p1a: Flutter Mane|atk|1\n|-unboost|p1b: Arcanine|atk|1\n|-enditem|p1a: Flutter Mane|Booster Energy\n|-activate|p1a: Flutter Mane|ability: Protosynthesis|[fromitem]\n|-start|p1a: Flutter Mane|protosynthesisspa\n|turn|1\n|inactive|Bardo52 has 30 seconds left.\n|\n|t:|1681772765\n|-terastallize|p1b: Arcanine|Grass\n|-terastallize|p2a: Orthworm|Fire\n|move|p1a: Flutter Mane|Shadow Ball|p2a: Orthworm\n|-damage|p2a: Orthworm|39\/100\n|-enditem|p2a: Orthworm|Sitrus Berry|[eat]\n|-heal|p2a: Orthworm|64\/100|[from] item: Sitrus Berry\n|move|p1b: Arcanine|Flare Blitz|p2a: Orthworm\n|-resisted|p2a: Orthworm\n|-damage|p2a: Orthworm|50\/100\n|-damage|p1b: Arcanine|96\/100|[from] Recoil\n|move|p2b: Gyarados|Bulldoze|p1a: Flutter Mane|[spread] p1a,p1b\n|-heal|p2a: Orthworm|75\/100|[from] ability: Earth Eater|[of] p2b: Gyarados\n|-resisted|p1b: Arcanine\n|-damage|p1a: Flutter Mane|89\/100\n|-damage|p1b: Arcanine|91\/100\n|-unboost|p1a: Flutter Mane|spe|1\n|-unboost|p1b: Arcanine|spe|1\n|move|p2a: Orthworm|Heavy Slam|p1a: Flutter Mane\n|-supereffective|p1a: Flutter Mane\n|-damage|p1a: Flutter Mane|18\/100\n|\n|upkeep\n|turn|2\n|inactive|Bardo52 has 30 seconds left.\n|inactive|Keveloper has 30 seconds left.\n|inactive|Keveloper has 20 seconds left.\n|\n|t:|1681772805\n|move|p1b: Arcanine|Extreme Speed|p2a: Orthworm\n|-damage|p2a: Orthworm|64\/100\n|move|p2b: Gyarados|Bulldoze|p1a: Flutter Mane|[spread] p1a,p1b\n|-heal|p2a: Orthworm|89\/100|[from] ability: Earth Eater|[of] p2b: Gyarados\n|-resisted|p1b: Arcanine\n|-damage|p1a: Flutter Mane|5\/100\n|-damage|p1b: Arcanine|86\/100\n|-unboost|p1a: Flutter Mane|spe|1\n|-unboost|p1b: Arcanine|spe|1\n|move|p2a: Orthworm|Iron Defense|p2a: Orthworm\n|-boost|p2a: Orthworm|def|2\n|move|p1a: Flutter Mane|Shadow Ball|p2a: Orthworm\n|-damage|p2a: Orthworm|25\/100\n|-unboost|p2a: Orthworm|spd|1\n|\n|upkeep\n|turn|3\n|inactive|Bardo52 has 30 seconds left.\n|\n|t:|1681772837\n|switch|p1b: Palafin|Palafin, L50, F|100\/100\n|move|p1a: Flutter Mane|Protect|p1a: Flutter Mane\n|-singleturn|p1a: Flutter Mane|Protect\n|move|p2b: Gyarados|Bulldoze|p1b: Palafin|[spread] p1b\n|-activate|p1a: Flutter Mane|move: Protect\n|-heal|p2a: Orthworm|50\/100|[from] ability: Earth Eater|[of] p2b: Gyarados\n|-crit|p1b: Palafin\n|-damage|p1b: Palafin|80\/100\n|-unboost|p1b: Palafin|spe|1\n|move|p2a: Orthworm|Iron Defense|p2a: Orthworm\n|-boost|p2a: Orthworm|def|2\n|\n|upkeep\n|turn|4\n|\n|t:|1681772856\n|-end|p1a: Flutter Mane|Protosynthesis|[silent]\n|switch|p1a: Amoonguss|Amoonguss, L50, M|100\/100\n|move|p2b: Gyarados|Bulldoze|p1b: Palafin|[spread] p1a,p1b\n|-heal|p2a: Orthworm|75\/100|[from] ability: Earth Eater|[of] p2b: Gyarados\n|-damage|p1a: Amoonguss|94\/100\n|-damage|p1b: Palafin|71\/100\n|-unboost|p1a: Amoonguss|spe|1\n|-unboost|p1b: Palafin|spe|1\n|move|p2a: Orthworm|Body Press|p1b: Palafin\n|-damage|p1b: Palafin|0 fnt\n|faint|p1b: Palafin\n|\n|upkeep\n|\n|t:|1681772871\n|switch|p1b: Flutter Mane|Flutter Mane, L50|5\/100\n|turn|5\n|l| haoran zhou\n|\n|t:|1681772892\n|move|p1b: Flutter Mane|Protect|p1b: Flutter Mane\n|-singleturn|p1b: Flutter Mane|Protect\n|move|p2b: Gyarados|Taunt|p1a: Amoonguss\n|-start|p1a: Amoonguss|move: Taunt\n|move|p2a: Orthworm|Heavy Slam|p1b: Flutter Mane\n|-activate|p1b: Flutter Mane|move: Protect\n|cant|p1a: Amoonguss|move: Taunt|Spore\n|\n|upkeep\n|turn|6\n|-message|Bardo52 forfeited.\n|\n|win|Keveloper\n|raw|Bardo52's rating: 1481 → 1460<\/strong> (-21 for losing)\n|raw|Keveloper's rating: 1469 → 1490<\/strong> (+21 for winning)\n|l|\u2606Bardo52\n","uploadtime":1681772902,"views":5,"p1id":"bardo52","p2id":"keveloper","formatid":"gen9vgc2023regulationc","rating":1460,"private":0,"password":""}