{"id":"gen9vgc2023regulationc-1847472731","p1":"Ultra35","p2":"NotNehzzy","format":"[Gen 9] VGC 2023 Regulation C","log":"|j|\u2606Ultra35\n|j|\u2606NotNehzzy\n|t:|1681959394\n|gametype|doubles\n|player|p1|Ultra35|266|1153\n|player|p2|NotNehzzy|steven|1168\n|teamsize|p1|6\n|teamsize|p2|6\n|gen|9\n|tier|[Gen 9] VGC 2023 Regulation C\n|rated|\n|rule|Species Clause: Limit one of each Pok\u00e9mon\n|rule|Item Clause: Limit one of each item\n|clearpoke\n|poke|p1|Torkoal, L50, F|\n|poke|p1|Scovillain, L50, M|\n|poke|p1|Flutter Mane, L50|\n|poke|p1|Roaring Moon, L50|\n|poke|p1|Chien-Pao, L50|\n|poke|p1|Heracross, L50, F|\n|poke|p2|Flutter Mane, L50|\n|poke|p2|Iron Bundle, L50|\n|poke|p2|Tsareena, L50, F|\n|poke|p2|Maushold-Four, L50|\n|poke|p2|Iron Hands, L50|\n|poke|p2|Dragapult, L50, F|\n|teampreview|4\n|\n|t:|1681959440\n|start\n|switch|p1a: Scovillain|Scovillain, L50, M|100\/100\n|switch|p1b: Roaring Moon|Roaring Moon, L50|100\/100\n|switch|p2a: Flutter Mane|Flutter Mane, L50|100\/100\n|switch|p2b: Dragapult|Dragapult, L50, F|100\/100\n|turn|1\n|inactive|Battle timer is ON: inactive players will automatically lose when time's up. (requested by NotNehzzy)\n|\n|t:|1681959459\n|-terastallize|p1b: Roaring Moon|Steel\n|move|p2a: Flutter Mane|Protect|p2a: Flutter Mane\n|-singleturn|p2a: Flutter Mane|Protect\n|move|p1a: Scovillain|Rage Powder|p1a: Scovillain\n|-singleturn|p1a: Scovillain|move: Rage Powder\n|move|p2b: Dragapult|Dragon Darts|p1a: Scovillain\n|-damage|p1a: Scovillain|51\/100\n|-anim|p2b: Dragapult|Dragon Darts|p1a: Scovillain\n|-damage|p1a: Scovillain|3\/100\n|-damage|p2b: Dragapult|91\/100|[from] item: Life Orb\n|move|p1b: Roaring Moon|Tailwind|p1b: Roaring Moon\n|-sidestart|p1: Ultra35|move: Tailwind\n|\n|upkeep\n|turn|2\n|\n|t:|1681959482\n|-end|p1b: Roaring Moon|Protosynthesis|[silent]\n|switch|p1b: Torkoal|Torkoal, L50, F, shiny|100\/100\n|-weather|SunnyDay|[from] ability: Drought|[of] p1b: Torkoal\n|-activate|p2a: Flutter Mane|ability: Protosynthesis\n|-start|p2a: Flutter Mane|protosynthesisspe\n|-end|p2a: Flutter Mane|Protosynthesis|[silent]\n|switch|p2a: Maushold|Maushold-Four, L50|100\/100\n|move|p1a: Scovillain|Flamethrower|p2a: Maushold\n|-damage|p2a: Maushold|0 fnt\n|faint|p2a: Maushold\n|-damage|p1a: Scovillain|0 fnt|[from] item: Life Orb\n|faint|p1a: Scovillain\n|move|p2b: Dragapult|Dragon Darts|p1b: Torkoal\n|-damage|p1b: Torkoal|72\/100\n|-anim|p2b: Dragapult|Dragon Darts|p1b: Torkoal\n|-damage|p1b: Torkoal|48\/100\n|-damage|p2b: Dragapult|81\/100|[from] item: Life Orb\n|\n|-weather|SunnyDay|[upkeep]\n|upkeep\n|\n|t:|1681959505\n|switch|p2a: Flutter Mane|Flutter Mane, L50|100\/100\n|switch|p1a: Roaring Moon|Roaring Moon, L50, tera:Steel|100\/100\n|-activate|p1a: Roaring Moon|ability: Protosynthesis\n|-start|p1a: Roaring Moon|protosynthesisatk\n|-activate|p2a: Flutter Mane|ability: Protosynthesis\n|-start|p2a: Flutter Mane|protosynthesisspe\n|turn|3\n|\n|t:|1681959523\n|move|p2a: Flutter Mane|Protect|p2a: Flutter Mane\n|-singleturn|p2a: Flutter Mane|Protect\n|move|p1a: Roaring Moon|Jaw Lock|p2b: Dragapult\n|-supereffective|p2b: Dragapult\n|-damage|p2b: Dragapult|0 fnt\n|faint|p2b: Dragapult\n|move|p1b: Torkoal|Overheat|p2a: Flutter Mane\n|-activate|p2a: Flutter Mane|move: Protect\n|\n|-weather|SunnyDay|[upkeep]\n|upkeep\n|c|\u2606NotNehzzy|bruh\n|c|\u2606NotNehzzy|scarf roaring moon\n|c|\u2606NotNehzzy|i respect it tbh\n|inactive|NotNehzzy has 30 seconds left.\n|\n|t:|1681959550\n|switch|p2b: Iron Hands|Iron Hands, L50|100\/100\n|turn|4\n|c|\u2606Ultra35|uh\n|c|\u2606Ultra35|I used TW turn one\n|c|\u2606Ultra35|and then Jaw lock\n|c|\u2606NotNehzzy|ah\n|c|\u2606NotNehzzy|i see\n|inactive|NotNehzzy has 30 seconds left.\n|c|\u2606NotNehzzy|well i mean you coulda still been scarfed bc you switched out\n|c|\u2606NotNehzzy|i just forgot about TW\n|inactive|NotNehzzy has 20 seconds left.\n|c|\u2606Ultra35|fair enough I s'pose\n|\n|t:|1681959590\n|move|p2a: Flutter Mane|Protect||[still]\n|-fail|p2a: Flutter Mane\n|move|p2b: Iron Hands|Protect|p2b: Iron Hands\n|-singleturn|p2b: Iron Hands|Protect\n|move|p1a: Roaring Moon|Jaw Lock|p2a: Flutter Mane\n|-damage|p2a: Flutter Mane|2\/100\n|-activate|p1a: Roaring Moon|trapped\n|move|p1b: Torkoal|Overheat|p2b: Iron Hands\n|-activate|p2b: Iron Hands|move: Protect\n|\n|-weather|SunnyDay|[upkeep]\n|-sideend|p1: Ultra35|move: Tailwind\n|upkeep\n|turn|5\n|inactive|NotNehzzy has 30 seconds left.\n|inactive|NotNehzzy has 20 seconds left.\n|\n|t:|1681959629\n|move|p2a: Flutter Mane|Shadow Ball|p1a: Roaring Moon\n|-damage|p1a: Roaring Moon|67\/100\n|move|p1a: Roaring Moon|Jaw Lock|p2a: Flutter Mane\n|-crit|p2a: Flutter Mane\n|-damage|p2a: Flutter Mane|0 fnt\n|faint|p2a: Flutter Mane\n|-end|p2a: Flutter Mane|Protosynthesis|[silent]\n|move|p2b: Iron Hands|Swords Dance|p2b: Iron Hands\n|-boost|p2b: Iron Hands|atk|2\n|move|p1b: Torkoal|Overheat|p2b: Iron Hands\n|-damage|p2b: Iron Hands|26\/100\n|-unboost|p1b: Torkoal|spa|2\n|-enditem|p1b: Torkoal|Eject Pack\n|\n|t:|1681959641\n|switch|p1b: Flutter Mane|Flutter Mane, L50|100\/100\n|-activate|p1b: Flutter Mane|ability: Protosynthesis\n|-start|p1b: Flutter Mane|protosynthesisspa\n|\n|-weather|SunnyDay|[upkeep]\n|upkeep\n|turn|6\n|\n|t:|1681959647\n|move|p2b: Iron Hands|Protect|p2b: Iron Hands\n|-singleturn|p2b: Iron Hands|Protect\n|move|p1b: Flutter Mane|Moonblast|p2b: Iron Hands\n|-activate|p2b: Iron Hands|move: Protect\n|move|p1a: Roaring Moon|Breaking Swipe|p2b: Iron Hands\n|-activate|p2b: Iron Hands|move: Protect\n|\n|-weather|none\n|-end|p1b: Flutter Mane|Protosynthesis\n|-end|p1a: Roaring Moon|Protosynthesis\n|upkeep\n|turn|7\n|-message|NotNehzzy forfeited.\n|\n|win|Ultra35\n|raw|Ultra35's rating: 1153 → 1179<\/strong> (+26 for winning)\n|raw|NotNehzzy's rating: 1168 → 1142<\/strong> (-26 for losing)\n|l|\u2606NotNehzzy\n","uploadtime":1681959663,"views":4,"p1id":"ultra35","p2id":"notnehzzy","formatid":"gen9vgc2023regulationc","rating":1142,"private":0,"password":""}