{"id":"gen9vgc2023regulationc-1852828076","p1":"Erikalcazarglez23","p2":"Doopie pants","format":"[Gen 9] VGC 2023 Regulation C","log":"|j|\u2606Erikalcazarglez23\n|j|\u2606Doopie pants\n|t:|1682609674\n|gametype|doubles\n|player|p1|Erikalcazarglez23|2|1099\n|player|p2|Doopie pants|265|1092\n|teamsize|p1|6\n|teamsize|p2|6\n|gen|9\n|tier|[Gen 9] VGC 2023 Regulation C\n|rated|\n|rule|Species Clause: Limit one of each Pok\u00e9mon\n|rule|Item Clause: Limit one of each item\n|clearpoke\n|poke|p1|Flutter Mane, L50|\n|poke|p1|Arcanine, L50, F|\n|poke|p1|Amoonguss, L50, M|\n|poke|p1|Palafin, L50, F|\n|poke|p1|Ting-Lu, L50|\n|poke|p1|Roaring Moon, L50|\n|poke|p2|Flutter Mane, L50|\n|poke|p2|Chi-Yu, L50|\n|poke|p2|Amoonguss, L50, M|\n|poke|p2|Ting-Lu, L50|\n|poke|p2|Annihilape, L50, F|\n|poke|p2|Arcanine, L50, F|\n|teampreview|4\nDoopie pants has agreed to open team sheets.\n|inactive|Battle timer is ON: inactive players will automatically lose when time's up. (requested by Doopie pants)\n|c|\u2606Doopie pants|EZ\n|c|\u2606Doopie pants|EZ\n|\n|t:|1682609736\n|start\n|switch|p1a: Amoonguss|Amoonguss, L50, M|100\/100\n|switch|p1b: Flutter Mane|Flutter Mane, L50|100\/100\n|switch|p2a: Flutter Mane|Flutter Mane, L50|100\/100\n|switch|p2b: Amoonguss|Amoonguss, L50, M|100\/100\n|turn|1\n|c|\u2606Doopie pants|EZ\n|c|\u2606Doopie pants|EZ\n|c|\u2606Doopie pants|EZ\n|\n|t:|1682609748\n|-end|p1b: Flutter Mane|Protosynthesis|[silent]\n|switch|p1b: Ting-Lu|Ting-Lu, L50|100\/100\n|-ability|p1b: Ting-Lu|Vessel of Ruin\n|move|p2b: Amoonguss|Rage Powder|p2b: Amoonguss\n|-singleturn|p2b: Amoonguss|move: Rage Powder\n|move|p2a: Flutter Mane|Dazzling Gleam|p1a: Amoonguss|[spread] p1a,p1b\n|-resisted|p1a: Amoonguss\n|-supereffective|p1b: Ting-Lu\n|-damage|p1a: Amoonguss|83\/100\n|-damage|p1b: Ting-Lu|64\/100\n|move|p1a: Amoonguss|Spore|p2a: Flutter Mane\n|-status|p2a: Flutter Mane|slp|[from] move: Spore\n|\n|upkeep\n|turn|2\n|inactive|Erikalcazarglez23 has 30 seconds left.\n|\n|t:|1682609776\n|cant|p2a: Flutter Mane|slp\n|move|p1b: Ting-Lu|Heavy Slam|p2a: Flutter Mane\n|-supereffective|p2a: Flutter Mane\n|-damage|p2a: Flutter Mane|0 fnt\n|faint|p2a: Flutter Mane\n|-end|p2a: Flutter Mane|Protosynthesis|[silent]\n|move|p2b: Amoonguss|Spore|p1b: Ting-Lu\n|-status|p1b: Ting-Lu|slp|[from] move: Spore\n|move|p1a: Amoonguss|Pollen Puff|p1b: Ting-Lu\n|-heal|p1b: Ting-Lu|100\/100 slp\n|\n|upkeep\n|\n|t:|1682609788\n|switch|p2a: Ting-Lu|Ting-Lu, L50|100\/100\n|-ability|p2a: Ting-Lu|Vessel of Ruin\n|turn|3\n|\n|t:|1682609803\n|move|p2a: Ting-Lu|Fissure|p1b: Ting-Lu|[miss]\n|-miss|p2a: Ting-Lu|p1b: Ting-Lu\n|cant|p1b: Ting-Lu|slp\n|move|p2b: Amoonguss|Pollen Puff|p1a: Amoonguss\n|-damage|p1a: Amoonguss|69\/100\n|move|p1a: Amoonguss|Spore|p2a: Ting-Lu\n|-status|p2a: Ting-Lu|slp|[from] move: Spore\n|\n|upkeep\n|turn|4\n|\n|t:|1682609826\n|cant|p2a: Ting-Lu|slp\n|-curestatus|p1b: Ting-Lu|slp|[msg]\n|move|p1b: Ting-Lu|Stomping Tantrum|p2a: Ting-Lu\n|-damage|p2a: Ting-Lu|60\/100 slp\n|move|p1a: Amoonguss|Pollen Puff|p2b: Amoonguss\n|-damage|p2b: Amoonguss|86\/100\n|move|p2b: Amoonguss|Pollen Puff|p1a: Amoonguss\n|-damage|p1a: Amoonguss|56\/100\n|\n|upkeep\n|turn|5\n|\n|t:|1682609840\n|cant|p2a: Ting-Lu|slp\n|move|p1b: Ting-Lu|Stomping Tantrum|p2a: Ting-Lu\n|-damage|p2a: Ting-Lu|39\/100 slp\n|move|p1a: Amoonguss|Pollen Puff|p2a: Ting-Lu\n|-supereffective|p2a: Ting-Lu\n|-crit|p2a: Ting-Lu\n|-damage|p2a: Ting-Lu|13\/100 slp\n|move|p2b: Amoonguss|Pollen Puff|p2a: Ting-Lu\n|-heal|p2a: Ting-Lu|63\/100 slp\n|\n|upkeep\n|turn|6\n|\n|t:|1682609858\n|-curestatus|p2a: Ting-Lu|slp|[msg]\n|move|p2a: Ting-Lu|Fissure|p1b: Ting-Lu|[miss]\n|-miss|p2a: Ting-Lu|p1b: Ting-Lu\n|move|p1b: Ting-Lu|Stomping Tantrum|p2a: Ting-Lu\n|-damage|p2a: Ting-Lu|43\/100\n|move|p1a: Amoonguss|Spore|p2a: Ting-Lu\n|-status|p2a: Ting-Lu|slp|[from] move: Spore\n|move|p2b: Amoonguss|Pollen Puff|p2a: Ting-Lu\n|-heal|p2a: Ting-Lu|93\/100 slp\n|\n|upkeep\n|turn|7\n|\n|t:|1682609879\n|switch|p1a: Flutter Mane|Flutter Mane, L50|100\/100\n|cant|p2a: Ting-Lu|slp\n|move|p1b: Ting-Lu|Stomping Tantrum|p2b: Amoonguss\n|-damage|p2b: Amoonguss|53\/100\n|-damage|p1b: Ting-Lu|84\/100|[from] item: Rocky Helmet|[of] p2b: Amoonguss\n|move|p2b: Amoonguss|Pollen Puff|p2a: Ting-Lu\n|-heal|p2a: Ting-Lu|100\/100 slp\n|\n|upkeep\n|turn|8\n|\n|t:|1682609900\n|move|p1a: Flutter Mane|Shadow Ball|p2b: Amoonguss\n|-damage|p2b: Amoonguss|15\/100\n|cant|p2a: Ting-Lu|slp\n|move|p1b: Ting-Lu|Stomping Tantrum|p2b: Amoonguss\n|-damage|p2b: Amoonguss|0 fnt\n|-damage|p1b: Ting-Lu|68\/100|[from] item: Rocky Helmet|[of] p2b: Amoonguss\n|faint|p2b: Amoonguss\n|\n|upkeep\n|\n|t:|1682609908\n|switch|p2b: Chi-Yu|Chi-Yu, L50|100\/100\n|-ability|p2b: Chi-Yu|Beads of Ruin\n|turn|9\n|\n|t:|1682609918\n|-end|p1a: Flutter Mane|Protosynthesis|[silent]\n|switch|p1a: Amoonguss|Amoonguss, L50, M|89\/100\n|move|p2b: Chi-Yu|Protect|p2b: Chi-Yu\n|-singleturn|p2b: Chi-Yu|Protect\n|cant|p2a: Ting-Lu|slp\n|move|p1b: Ting-Lu|Stomping Tantrum|p2a: Ting-Lu\n|-damage|p2a: Ting-Lu|78\/100 slp\n|\n|upkeep\n|turn|10\n|\n|t:|1682609932\n|move|p2b: Chi-Yu|Heat Wave|p1a: Amoonguss|[spread] p1a,p1b\n|-supereffective|p1a: Amoonguss\n|-damage|p1a: Amoonguss|0 fnt\n|-damage|p1b: Ting-Lu|42\/100\n|-status|p1b: Ting-Lu|brn\n|faint|p1a: Amoonguss\n|-damage|p2b: Chi-Yu|90\/100|[from] item: Life Orb\n|-curestatus|p2a: Ting-Lu|slp|[msg]\n|move|p2a: Ting-Lu|Fissure|p1b: Ting-Lu\n|-damage|p1b: Ting-Lu|0 fnt\n|faint|p1b: Ting-Lu\n|-ohko\n|\n|upkeep\n|\n|t:|1682609947\n|switch|p1b: Roaring Moon|Roaring Moon, L50|100\/100\n|switch|p1a: Flutter Mane|Flutter Mane, L50|100\/100\n|-enditem|p1b: Roaring Moon|Booster Energy\n|-activate|p1b: Roaring Moon|ability: Protosynthesis|[fromitem]\n|-start|p1b: Roaring Moon|protosynthesisspe\n|turn|11\n|inactive|Erikalcazarglez23 has 30 seconds left.\n|inactive|Erikalcazarglez23 has 20 seconds left.\n|\n|t:|1682609983\n|-terastallize|p2a: Ting-Lu|Ground\n|move|p1b: Roaring Moon|Dragon Dance|p1b: Roaring Moon\n|-boost|p1b: Roaring Moon|atk|1\n|-boost|p1b: Roaring Moon|spe|1\n|move|p1a: Flutter Mane|Moonblast|p2a: Ting-Lu\n|-damage|p2a: Ting-Lu|47\/100\n|move|p2b: Chi-Yu|Psychic|p1a: Flutter Mane\n|-damage|p1a: Flutter Mane|57\/100\n|-damage|p2b: Chi-Yu|80\/100|[from] item: Life Orb\n|move|p2a: Ting-Lu|Fissure|p1b: Roaring Moon|[miss]\n|-miss|p2a: Ting-Lu|p1b: Roaring Moon\n|\n|upkeep\n|turn|12\n|\n|t:|1682610004\n|move|p1b: Roaring Moon|Acrobatics|p2a: Ting-Lu\n|-damage|p2a: Ting-Lu|15\/100\n|move|p1a: Flutter Mane|Moonblast|p2b: Chi-Yu\n|-damage|p2b: Chi-Yu|16\/100\n|move|p2b: Chi-Yu|Heat Wave|p1b: Roaring Moon|[spread] p1a,p1b\n|-resisted|p1b: Roaring Moon\n|-damage|p1a: Flutter Mane|5\/100\n|-damage|p1b: Roaring Moon|77\/100\n|-status|p1b: Roaring Moon|brn\n|-damage|p2b: Chi-Yu|6\/100|[from] item: Life Orb\n|move|p2a: Ting-Lu|Stomping Tantrum|p1b: Roaring Moon\n|-damage|p1b: Roaring Moon|0 fnt\n|faint|p1b: Roaring Moon\n|-end|p1b: Roaring Moon|Protosynthesis|[silent]\n|\n|upkeep\n|turn|13\n|\n|t:|1682610025\n|move|p1a: Flutter Mane|Moonblast|p2a: Ting-Lu\n|-damage|p2a: Ting-Lu|0 fnt\n|faint|p2a: Ting-Lu\n|move|p2b: Chi-Yu|Psychic|p1a: Flutter Mane\n|-damage|p1a: Flutter Mane|0 fnt\n|faint|p1a: Flutter Mane\n|-end|p1a: Flutter Mane|Protosynthesis|[silent]\n|-damage|p2b: Chi-Yu|0 fnt|[from] item: Life Orb\n|faint|p2b: Chi-Yu\n|\n|win|Doopie pants\n|raw|Erikalcazarglez23's rating: 1099 → 1074<\/strong> (-25 for losing)\n|raw|Doopie pants's rating: 1092 → 1119<\/strong> (+27 for winning)\n|l|\u2606Erikalcazarglez23\n","uploadtime":1682610031,"views":8,"p1id":"erikalcazarglez23","p2id":"doopiepants","formatid":"gen9vgc2023regulationc","rating":1074,"private":0,"password":""}