{"id":"gen9vgc2023regulationc-1851934289","p1":"iamstephen2023","p2":"woho","format":"[Gen 9] VGC 2023 Regulation C","log":"|j|\u2606iamstephen2023\n|j|\u2606woho\n|t:|1682507984\n|gametype|doubles\n|player|p1|iamstephen2023|ninjaboy|1175\n|player|p2|woho|alder|1213\n|teamsize|p1|6\n|teamsize|p2|6\n|gen|9\n|tier|[Gen 9] VGC 2023 Regulation C\n|rated|\n|rule|Species Clause: Limit one of each Pok\u00e9mon\n|rule|Item Clause: Limit one of each item\n|clearpoke\n|poke|p1|Grafaiai, L50, F|\n|poke|p1|Ting-Lu, L50|\n|poke|p1|Arcanine, L50, M|\n|poke|p1|Abomasnow, L50, F|\n|poke|p1|Dondozo, L50, M|\n|poke|p1|Kingambit, L50, F|\n|poke|p2|Arboliva, L50, F|\n|poke|p2|Orthworm, L50, F|\n|poke|p2|Haxorus, L50, M|\n|poke|p2|Glimmora, L50, M|\n|poke|p2|Hariyama, L50, F|\n|poke|p2|Bellibolt, L50, M|\n|teampreview|4\n|\n|t:|1682508055\n|start\n|switch|p1a: Abomasnow|Abomasnow, L50, F|100\/100\n|switch|p1b: Grafaiai|Grafaiai, L50, F|100\/100\n|switch|p2a: Rikishi|Hariyama, L50, F, shiny|100\/100\n|switch|p2b: Moranca|Glimmora, L50, M|100\/100\n|-weather|Snow|[from] ability: Snow Warning|[of] p1a: Abomasnow\n|turn|1\n|\n|t:|1682508080\n|move|p2a: Rikishi|Fake Out|p1a: Abomasnow\n|-damage|p1a: Abomasnow|92\/100\n|move|p1b: Grafaiai|Toxic|p2a: Rikishi\n|-status|p2a: Rikishi|tox\n|move|p2b: Moranca|Earth Power|p1b: Grafaiai\n|-supereffective|p1b: Grafaiai\n|-damage|p1b: Grafaiai|18\/100\n|move|p1a: Abomasnow|Aurora Veil|p1a: Abomasnow\n|-sidestart|p1: iamstephen2023|move: Aurora Veil\n|\n|-weather|Snow|[upkeep]\n|-damage|p2a: Rikishi|95\/100 tox|[from] psn\n|upkeep\n|turn|2\n|\n|t:|1682508101\n|move|p1b: Grafaiai|Encore|p2a: Rikishi\n|-start|p2a: Rikishi|Encore\n|move|p2b: Moranca|Mortal Spin|p1b: Grafaiai|[spread] p1a,p1b\n|-supereffective|p1a: Abomasnow\n|-resisted|p1b: Grafaiai\n|-damage|p1a: Abomasnow|89\/100\n|-damage|p1b: Grafaiai|16\/100\n|move|p1a: Abomasnow|Sheer Cold|p2b: Moranca\n|-damage|p2b: Moranca|0 fnt\n|faint|p2b: Moranca\n|-ohko\n|move|p2a: Rikishi|Fake Out||[still]\n|-hint|Fake Out only works on your first turn out.\n|-fail|p2a: Rikishi\n|\n|-weather|Snow|[upkeep]\n|-damage|p2a: Rikishi|83\/100 tox|[from] psn\n|upkeep\n|c|\u2606woho|rlly man\n|\n|t:|1682508130\n|switch|p2b: Haxorus|Haxorus, L50, M|100\/100\n|-ability|p2b: Haxorus|Mold Breaker\n|turn|3\n|\n|t:|1682508158\n|switch|p2a: Luthien|Arboliva, L50, F|100\/100\n|move|p1b: Grafaiai|Toxic|p2b: Haxorus\n|-status|p2b: Haxorus|tox\n|move|p2b: Haxorus|Breaking Swipe|p1a: Abomasnow|[spread] p1a,p1b\n|-damage|p1a: Abomasnow|74\/100\n|-damage|p1b: Grafaiai|0 fnt\n|faint|p1b: Grafaiai\n|-damage|p2b: Haxorus|91\/100 tox|[from] item: Life Orb\n|move|p1a: Abomasnow|Sheer Cold|p2a: Luthien|[miss]\n|-miss|p1a: Abomasnow|p2a: Luthien\n|\n|-weather|Snow|[upkeep]\n|-damage|p2b: Haxorus|85\/100 tox|[from] psn\n|upkeep\n|\n|t:|1682508174\n|switch|p1b: Kingambit|Kingambit, L50, F|100\/100\n|turn|4\n|\n|t:|1682508215\n|move|p1a: Abomasnow|Protect|p1a: Abomasnow\n|-singleturn|p1a: Abomasnow|Protect\n|move|p2b: Haxorus|Low Kick|p1a: Abomasnow\n|-activate|p1a: Abomasnow|move: Protect\n|move|p1b: Kingambit|Guillotine|p2a: Luthien|[miss]\n|-miss|p1b: Kingambit|p2a: Luthien\n|move|p2a: Luthien|Leech Seed|p1b: Kingambit\n|-start|p1b: Kingambit|move: Leech Seed\n|\n|-weather|Snow|[upkeep]\n|-damage|p1b: Kingambit|88\/100|[from] Leech Seed|[of] p2a: Luthien\n|-damage|p2b: Haxorus|73\/100 tox|[from] psn\n|upkeep\n|turn|5\n|\n|t:|1682508253\n|-terastallize|p1a: Abomasnow|Ground\n|move|p1b: Kingambit|Protect|p1b: Kingambit\n|-singleturn|p1b: Kingambit|Protect\n|move|p2a: Luthien|Protect|p2a: Luthien\n|-singleturn|p2a: Luthien|Protect\n|move|p2b: Haxorus|Low Kick|p1a: Abomasnow\n|-damage|p1a: Abomasnow|46\/100\n|-damage|p2b: Haxorus|63\/100 tox|[from] item: Life Orb\n|move|p1a: Abomasnow|Leech Seed|p2b: Haxorus\n|-start|p2b: Haxorus|move: Leech Seed\n|\n|-weather|none\n|-damage|p2b: Haxorus|50\/100 tox|[from] Leech Seed|[of] p1a: Abomasnow\n|-heal|p1a: Abomasnow|57\/100|[silent]\n|-damage|p1b: Kingambit|76\/100|[from] Leech Seed|[of] p2a: Luthien\n|-damage|p2b: Haxorus|33\/100 tox|[from] psn\n|-sideend|p1: iamstephen2023|move: Aurora Veil\n|upkeep\n|turn|6\n|\n|t:|1682508279\n|switch|p1b: Dondozo|Dondozo, L50, M|100\/100\n|move|p1a: Abomasnow|Protect|p1a: Abomasnow\n|-singleturn|p1a: Abomasnow|Protect\n|move|p2b: Haxorus|Low Kick|p1b: Dondozo\n|-damage|p1b: Dondozo|66\/100\n|-damage|p2b: Haxorus|23\/100 tox|[from] item: Life Orb\n|move|p2a: Luthien|Leech Seed|p1a: Abomasnow\n|-activate|p1a: Abomasnow|move: Protect\n|\n|-heal|p1b: Dondozo|72\/100|[from] item: Leftovers\n|-damage|p2b: Haxorus|10\/100 tox|[from] Leech Seed|[of] p1a: Abomasnow\n|-heal|p1a: Abomasnow|68\/100|[silent]\n|-damage|p2b: Haxorus|0 fnt|[from] psn\n|faint|p2b: Haxorus\n|upkeep\n|\n|t:|1682508293\n|switch|p2b: Rikishi|Hariyama, L50, F, shiny|83\/100 tox\n|turn|7\n|\n|t:|1682508322\n|move|p2b: Rikishi|Fake Out|p1a: Abomasnow\n|-damage|p1a: Abomasnow|49\/100\n|move|p1a: Abomasnow|Leech Seed|p2b: Rikishi\n|-start|p2b: Rikishi|move: Leech Seed\n|move|p2a: Luthien|Leech Seed|p1b: Dondozo\n|-start|p1b: Dondozo|move: Leech Seed\n|move|p1b: Dondozo|Yawn|p2a: Luthien\n|-start|p2a: Luthien|move: Yawn|[of] p1b: Dondozo\n|\n|-heal|p1b: Dondozo|78\/100|[from] item: Leftovers\n|-damage|p2b: Rikishi|70\/100 tox|[from] Leech Seed|[of] p1a: Abomasnow\n|-heal|p1a: Abomasnow|66\/100|[silent]\n|-damage|p1b: Dondozo|66\/100|[from] Leech Seed|[of] p2a: Luthien\n|-damage|p2b: Rikishi|64\/100 tox|[from] psn\n|upkeep\n|turn|8\n|\n|t:|1682508344\n|move|p1a: Abomasnow|Protect|p1a: Abomasnow\n|-singleturn|p1a: Abomasnow|Protect\n|move|p1b: Dondozo|Protect|p1b: Dondozo\n|-singleturn|p1b: Dondozo|Protect\n|move|p2b: Rikishi|Knock Off|p1a: Abomasnow\n|-activate|p1a: Abomasnow|move: Protect\n|move|p2a: Luthien|Pollen Puff|p2b: Rikishi\n|-heal|p2b: Rikishi|100\/100 tox\n|\n|-heal|p1b: Dondozo|72\/100|[from] item: Leftovers\n|-damage|p2b: Rikishi|88\/100 tox|[from] Leech Seed|[of] p1a: Abomasnow\n|-heal|p1a: Abomasnow|83\/100|[silent]\n|-damage|p1b: Dondozo|59\/100|[from] Leech Seed|[of] p2a: Luthien\n|-damage|p2b: Rikishi|76\/100 tox|[from] psn\n|-end|p2a: Luthien|move: Yawn|[silent]\n|-status|p2a: Luthien|slp\n|upkeep\n|turn|9\n|\n|t:|1682508382\n|switch|p1a: Kingambit|Kingambit, L50, F|76\/100\n|move|p2b: Rikishi|Knock Off|p1b: Dondozo\n|-damage|p1b: Dondozo|26\/100\n|-enditem|p1b: Dondozo|Leftovers|[from] move: Knock Off|[of] p2b: Rikishi\n|cant|p2a: Luthien|slp\n|move|p1b: Dondozo|Flail|p2b: Rikishi\n|-damage|p2b: Rikishi|56\/100 tox\n|\n|-damage|p2b: Rikishi|44\/100 tox|[from] Leech Seed|[of] p1a: Kingambit\n|-heal|p1a: Kingambit|92\/100|[silent]\n|-damage|p1b: Dondozo|13\/100|[from] Leech Seed|[of] p2a: Luthien\n|-damage|p2b: Rikishi|26\/100 tox|[from] psn\n|upkeep\n|turn|10\n|\n|t:|1682508403\n|switch|p1b: Abomasnow|Abomasnow, L50, F, tera:Ground|83\/100\n|-weather|Snow|[from] ability: Snow Warning|[of] p1b: Abomasnow\n|move|p2b: Rikishi|Drain Punch|p1a: Kingambit\n|-supereffective|p1a: Kingambit\n|-damage|p1a: Kingambit|0 fnt\n|-heal|p2b: Rikishi|62\/100 tox|[from] drain|[of] p1a: Kingambit\n|faint|p1a: Kingambit\n|-curestatus|p2a: Luthien|slp|[msg]\n|move|p2a: Luthien|Pollen Puff|p2b: Rikishi\n|-heal|p2b: Rikishi|100\/100 tox\n|\n|-weather|Snow|[upkeep]\n|-damage|p2b: Rikishi|77\/100 tox|[from] psn\n|upkeep\n|\n|t:|1682508417\n|switch|p1a: Dondozo|Dondozo, L50, M|13\/100\n|turn|11\n|\n|t:|1682508436\n|move|p1a: Dondozo|Protect|p1a: Dondozo\n|-singleturn|p1a: Dondozo|Protect\n|move|p1b: Abomasnow|Sheer Cold|p2a: Luthien|[miss]\n|-miss|p1b: Abomasnow|p2a: Luthien\n|move|p2b: Rikishi|Knock Off|p1b: Abomasnow\n|-damage|p1b: Abomasnow|38\/100\n|-enditem|p1b: Abomasnow|Covert Cloak|[from] move: Knock Off|[of] p2b: Rikishi\n|move|p2a: Luthien|Leech Seed|p1b: Abomasnow\n|-start|p1b: Abomasnow|move: Leech Seed\n|\n|-weather|Snow|[upkeep]\n|-damage|p1b: Abomasnow|26\/100|[from] Leech Seed|[of] p2a: Luthien\n|-damage|p2b: Rikishi|64\/100 tox|[from] Leech Seed|[of] p1a: Dondozo\n|-heal|p1a: Dondozo|26\/100|[silent]\n|-damage|p2b: Rikishi|34\/100 tox|[from] psn\n|upkeep\n|turn|12\n|\n|t:|1682508480\n|move|p1b: Abomasnow|Protect|p1b: Abomasnow\n|-singleturn|p1b: Abomasnow|Protect\n|move|p2b: Rikishi|Drain Punch|p1a: Dondozo\n|-damage|p1a: Dondozo|0 fnt\n|-heal|p2b: Rikishi|47\/100 tox|[from] drain|[of] p1a: Dondozo\n|faint|p1a: Dondozo\n|move|p2a: Luthien|Pollen Puff|p2b: Rikishi\n|-heal|p2b: Rikishi|97\/100 tox\n|\n|-weather|Snow|[upkeep]\n|-damage|p1b: Abomasnow|14\/100|[from] Leech Seed|[of] p2a: Luthien\n|-damage|p2b: Rikishi|61\/100 tox|[from] psn\n|upkeep\n|turn|13\n|-message|iamstephen2023 forfeited.\n|\n|win|woho\n|raw|iamstephen2023's rating: 1175 → 1153<\/strong> (-22 for losing)\n|raw|woho's rating: 1213 → 1235<\/strong> (+22 for winning)\n|l|\u2606iamstephen2023\n","uploadtime":1682508500,"views":9,"p1id":"iamstephen2023","p2id":"woho","formatid":"gen9vgc2023regulationc","rating":1153,"private":0,"password":""}