{"id":"gen9vgc2023regulationc-1852426891","p1":"anshar_training","p2":"Bm1203706","format":"[Gen 9] VGC 2023 Regulation C","log":"|j|\u2606anshar_training\n|j|\u2606Bm1203706\n|t:|1682556228\n|gametype|doubles\n|player|p1|anshar_training|colress|1079\n|player|p2|Bm1203706|101|1032\n|teamsize|p1|6\n|teamsize|p2|6\n|gen|9\n|tier|[Gen 9] VGC 2023 Regulation C\n|rated|\n|rule|Species Clause: Limit one of each Pok\u00e9mon\n|rule|Item Clause: Limit one of each item\n|clearpoke\n|poke|p1|Palafin, L50, F|\n|poke|p1|Flutter Mane, L50|\n|poke|p1|Arcanine, L50, F|\n|poke|p1|Amoonguss, L50, F|\n|poke|p1|Ting-Lu, L50|\n|poke|p1|Roaring Moon, L50|\n|poke|p2|Arcanine, L50, M|\n|poke|p2|Bronzong, L50|\n|poke|p2|Dondozo, L50, M|\n|poke|p2|Flutter Mane, L50|\n|poke|p2|Corviknight, L50, F|\n|poke|p2|Amoonguss, L50, M|\n|teampreview|4\n|\n|t:|1682556258\n|start\n|switch|p1a: Apolo|Arcanine, L50, F|100\/100\n|switch|p1b: Cornelia|Flutter Mane, L50|100\/100\n|switch|p2a: Dondozo|Dondozo, L50, M|100\/100\n|switch|p2b: Flutter Mane|Flutter Mane, L50|100\/100\n|-ability|p1a: Apolo|Intimidate|boost\n|-unboost|p2a: Dondozo|atk|1\n|-unboost|p2b: Flutter Mane|atk|1\n|-enditem|p2b: Flutter Mane|Booster Energy\n|-activate|p2b: Flutter Mane|ability: Protosynthesis|[fromitem]\n|-start|p2b: Flutter Mane|protosynthesisspa\n|turn|1\n|inactive|Battle timer is ON: inactive players will automatically lose when time's up. (requested by anshar_training)\n|inactive|anshar_training has 60 seconds left.\n|\n|t:|1682556293\n|-terastallize|p1b: Cornelia|Fairy\n|-terastallize|p2a: Dondozo|Water\n|move|p1b: Cornelia|Dazzling Gleam|p2a: Dondozo|[spread] p2a,p2b\n|-damage|p2a: Dondozo|39\/100\n|-damage|p2b: Flutter Mane|39\/100\n|move|p2b: Flutter Mane|Shadow Ball|p1b: Cornelia\n|-damage|p1b: Cornelia|41\/100\n|move|p1a: Apolo|Will-O-Wisp|p2a: Dondozo\n|-status|p2a: Dondozo|brn\n|move|p2a: Dondozo|Wave Crash|p1a: Apolo\n|-supereffective|p1a: Apolo\n|-damage|p1a: Apolo|43\/100\n|-damage|p2a: Dondozo|24\/100 brn|[from] Recoil\n|\n|-damage|p2a: Dondozo|18\/100 brn|[from] brn\n|upkeep\n|turn|2\n|inactive|Bm1203706 has 30 seconds left.\n|inactive|Bm1203706 has 20 seconds left.\n|\n|t:|1682556329\n|-end|p2b: Flutter Mane|Protosynthesis|[silent]\n|switch|p2b: Corviknight|Corviknight, L50, F|100\/100\n|-ability|p2b: Corviknight|Unnerve\n|move|p1a: Apolo|Extreme Speed|p2a: Dondozo\n|-damage|p2a: Dondozo|3\/100 brn\n|move|p1b: Cornelia|Dazzling Gleam|p2a: Dondozo|[spread] p2a,p2b\n|-resisted|p2b: Corviknight\n|-damage|p2a: Dondozo|0 fnt\n|-damage|p2b: Corviknight|72\/100\n|faint|p2a: Dondozo\n|\n|upkeep\n|j| ChuckDaWhiscash\n|\n|t:|1682556342\n|switch|p2a: Bronzong|Bronzong, L50|100\/100\n|-item|p2a: Bronzong|Air Balloon\n|turn|3\n|\n|t:|1682556359\n|-end|p1b: Cornelia|Protosynthesis|[silent]\n|switch|p1b: PlusUltra|Palafin, L50, F|100\/100\n|move|p1a: Apolo|Flare Blitz|p2b: Corviknight\n|-supereffective|p2b: Corviknight\n|-damage|p2b: Corviknight|0 fnt\n|-damage|p1a: Apolo|26\/100|[from] item: Rocky Helmet|[of] p2b: Corviknight\n|faint|p2b: Corviknight\n|-damage|p1a: Apolo|2\/100|[from] Recoil\n|move|p2a: Bronzong|Safeguard|p2a: Bronzong\n|-sidestart|p2: Bm1203706|Safeguard\n|\n|upkeep\n|\n|t:|1682556368\n|switch|p2b: Flutter Mane|Flutter Mane, L50|39\/100\n|turn|4\n|\n|t:|1682556388\n|detailschange|p1b: PlusUltra|Palafin-Hero, L50, F\n|switch|p1b: Susy|Amoonguss, L50, F|100\/100\n|move|p1a: Apolo|Extreme Speed|p2a: Bronzong\n|-resisted|p2a: Bronzong\n|-damage|p2a: Bronzong|90\/100\n|-enditem|p2a: Bronzong|Air Balloon\n|move|p2b: Flutter Mane|Dazzling Gleam|p1a: Apolo|[spread] p1a,p1b\n|-resisted|p1a: Apolo\n|-resisted|p1b: Susy\n|-damage|p1a: Apolo|0 fnt\n|-damage|p1b: Susy|84\/100\n|faint|p1a: Apolo\n|move|p2a: Bronzong|Trick Room|p2a: Bronzong\n|-fieldstart|move: Trick Room|[of] p2a: Bronzong\n|\n|upkeep\n|\n|t:|1682556402\n|switch|p1a: Cornelia|Flutter Mane, L50, tera:Fairy|41\/100\n|turn|5\n|\n|t:|1682556411\n|move|p2a: Bronzong|Gyro Ball|p1a: Cornelia\n|-supereffective|p1a: Cornelia\n|-damage|p1a: Cornelia|0 fnt\n|faint|p1a: Cornelia\n|-end|p1a: Cornelia|Protosynthesis|[silent]\n|move|p1b: Susy|Spore|p2b: Flutter Mane\n|-activate|p2b: Flutter Mane|move: Safeguard\n|move|p2b: Flutter Mane|Mystical Fire|p1b: Susy\n|-supereffective|p1b: Susy\n|-damage|p1b: Susy|36\/100\n|-unboost|p1b: Susy|spa|1\n|-enditem|p1b: Susy|Sitrus Berry|[eat]\n|-heal|p1b: Susy|61\/100|[from] item: Sitrus Berry\n|\n|upkeep\n|\n|t:|1682556422\n|switch|p1a: PlusUltra|Palafin-Hero, L50, F|100\/100\n|-activate|p1a: PlusUltra|ability: Zero to Hero\n|turn|6\n|\n|t:|1682556437\n|move|p1b: Susy|Rage Powder|p1b: Susy\n|-singleturn|p1b: Susy|move: Rage Powder\n|move|p2a: Bronzong|Gyro Ball|p1b: Susy\n|-damage|p1b: Susy|49\/100\n|move|p1a: PlusUltra|Wave Crash|p2b: Flutter Mane\n|-damage|p2b: Flutter Mane|0 fnt\n|faint|p2b: Flutter Mane\n|-end|p2b: Flutter Mane|Protosynthesis|[silent]\n|-damage|p1a: PlusUltra|92\/100|[from] Recoil\n|\n|upkeep\n|turn|7\n|\n|t:|1682556449\n|move|p1b: Susy|Rage Powder|p1b: Susy\n|-singleturn|p1b: Susy|move: Rage Powder\n|move|p2a: Bronzong|Gyro Ball|p1b: Susy\n|-damage|p1b: Susy|38\/100\n|move|p1a: PlusUltra|Wave Crash|p2a: Bronzong\n|-damage|p2a: Bronzong|11\/100\n|-damage|p1a: PlusUltra|69\/100|[from] Recoil\n|\n|-sideend|p2: Bm1203706|Safeguard\n|upkeep\n|turn|8\n|c|\u2606Bm1203706|Gg\n|\n|t:|1682556464\n|move|p1b: Susy|Rage Powder|p1b: Susy\n|-singleturn|p1b: Susy|move: Rage Powder\n|move|p1a: PlusUltra|Jet Punch|p2a: Bronzong\n|-damage|p2a: Bronzong|0 fnt\n|faint|p2a: Bronzong\n|\n|win|anshar_training\n|raw|anshar_training's rating: 1079 → 1103<\/strong> (+24 for winning)\n|raw|Bm1203706's rating: 1032 → 1019<\/strong> (-13 for losing)\n|l|\u2606Bm1203706\n","uploadtime":1682556471,"views":9,"p1id":"anshartraining","p2id":"bm1203706","formatid":"gen9vgc2023regulationc","rating":1019,"private":0,"password":""}