{"id":"gen9vgc2023regulationc-1853038348","p1":"raza12369","p2":"Avocado73","format":"[Gen 9] VGC 2023 Regulation C","log":"|j|\u2606raza12369\n|j|\u2606Avocado73\n|t:|1682628209\n|gametype|doubles\n|player|p1|raza12369|101|1000\n|player|p2|Avocado73|red|1010\n|teamsize|p1|6\n|teamsize|p2|6\n|gen|9\n|tier|[Gen 9] VGC 2023 Regulation C\n|rated|\n|rule|Species Clause: Limit one of each Pok\u00e9mon\n|rule|Item Clause: Limit one of each item\n|clearpoke\n|poke|p1|Volcarona, L50, M|\n|poke|p1|Raichu, L50, F|\n|poke|p1|Garchomp, L50, F|\n|poke|p1|Tinkaton, L50, F|\n|poke|p1|Altaria, L50, F|\n|poke|p1|Gengar, L50, M|\n|poke|p2|Flutter Mane, L50|\n|poke|p2|Palafin, L50, M|\n|poke|p2|Arcanine, L50, F|\n|poke|p2|Amoonguss, L50, M|\n|poke|p2|Ting-Lu, L50|\n|poke|p2|Iron Hands, L50|\n|teampreview|4\nraza12369 has agreed to open team sheets.\n|\n|t:|1682628229\n|start\n|switch|p1a: gar|Garchomp, L50, F|100\/100\n|switch|p1b: bug?|Volcarona, L50, M, shiny|100\/100\n|switch|p2a: Ting-Lu|Ting-Lu, L50|100\/100\n|switch|p2b: Palafin|Palafin, L50, M|100\/100\n|-ability|p2a: Ting-Lu|Vessel of Ruin\n|turn|1\n|\n|t:|1682628268\n|detailschange|p2b: Palafin|Palafin-Hero, L50, M\n|switch|p2b: Amoonguss|Amoonguss, L50, M|100\/100\n|move|p1b: bug?|Protect|p1b: bug?\n|-singleturn|p1b: bug?|Protect\n|move|p1a: gar|Dragon Claw|p2a: Ting-Lu\n|-damage|p2a: Ting-Lu|77\/100\n|move|p2a: Ting-Lu|Fissure|p1a: gar|[miss]\n|-miss|p2a: Ting-Lu|p1a: gar\n|\n|upkeep\n|turn|2\n|-activate|p2a: Ting-Lu|item: Quick Claw\n|\n|t:|1682628307\n|-terastallize|p2b: Amoonguss|Water\n|move|p2a: Ting-Lu|Fissure|p1a: gar\n|-damage|p1a: gar|0 fnt\n|faint|p1a: gar\n|-ohko\n|move|p1b: bug?|Flamethrower|p2b: Amoonguss\n|-resisted|p2b: Amoonguss\n|-damage|p2b: Amoonguss|83\/100\n|move|p2b: Amoonguss|Spore|p1b: bug?\n|-status|p1b: bug?|slp|[from] move: Spore\n|\n|upkeep\n|\n|t:|1682628325\n|switch|p1a: Gengar|Gengar, L50, M|100\/100\n|turn|3\n|-activate|p2a: Ting-Lu|item: Quick Claw\n|\n|t:|1682628351\n|move|p2a: Ting-Lu|Sand Tomb|p1b: bug?\n|-damage|p1b: bug?|81\/100 slp\n|-activate|p1b: bug?|move: Sand Tomb|[of] p2a: Ting-Lu\n|move|p1a: Gengar|Gunk Shot|p2b: Amoonguss\n|-damage|p2b: Amoonguss|48\/100\n|cant|p1b: bug?|slp\n|move|p2b: Amoonguss|Spore|p1a: Gengar\n|-status|p1a: Gengar|slp|[from] move: Spore\n|\n|-heal|p1b: bug?|87\/100 slp|[from] item: Leftovers\n|-damage|p1b: bug?|75\/100 slp|[from] move: Sand Tomb|[partiallytrapped]\n|upkeep\n|turn|4\n|-activate|p2a: Ting-Lu|item: Quick Claw\n|\n|t:|1682628394\n|-curestatus|p1b: bug?|slp|[msg]\n|move|p1b: bug?|Protect|p1b: bug?\n|-singleturn|p1b: bug?|Protect\n|move|p2a: Ting-Lu|Rock Slide|p1b: bug?|[spread] p1a\n|-activate|p1b: bug?|move: Protect\n|-damage|p1a: Gengar|77\/100 slp\n|cant|p1a: Gengar|slp\n|move|p2b: Amoonguss|Astonish|p1a: Gengar\n|-supereffective|p1a: Gengar\n|-damage|p1a: Gengar|57\/100 slp\n|-start|p2b: Amoonguss|Disable|Astonish|[from] ability: Cursed Body|[of] p1a: Gengar\n|\n|-heal|p1b: bug?|81\/100|[from] item: Leftovers\n|-damage|p1b: bug?|69\/100|[from] move: Sand Tomb|[partiallytrapped]\n|upkeep\n|turn|5\n|\n|t:|1682628421\n|move|p2b: Amoonguss|Endure|p2b: Amoonguss\n|-singleturn|p2b: Amoonguss|move: Endure\n|-curestatus|p1a: Gengar|slp|[msg]\n|move|p1a: Gengar|Gunk Shot|p2b: Amoonguss\n|-damage|p2b: Amoonguss|17\/100\n|-status|p2b: Amoonguss|psn\n|-enditem|p2b: Amoonguss|Starf Berry|[eat]\n|-boost|p2b: Amoonguss|atk|2|[from] item: Starf Berry\n|move|p1b: bug?|Quiver Dance|p1b: bug?\n|-boost|p1b: bug?|spa|1\n|-boost|p1b: bug?|spd|1\n|-boost|p1b: bug?|spe|1\n|move|p2a: Ting-Lu|Rock Slide|p1b: bug?|[spread] p1a,p1b\n|-supereffective|p1b: bug?\n|-damage|p1a: Gengar|36\/100\n|-damage|p1b: bug?|0 fnt\n|-enditem|p1a: Gengar|Sitrus Berry|[eat]\n|-heal|p1a: Gengar|60\/100|[from] item: Sitrus Berry\n|faint|p1b: bug?\n|\n|-damage|p2b: Amoonguss|5\/100 psn|[from] psn\n|upkeep\n|\n|t:|1682628441\n|switch|p1b: ppiku|Raichu, L50, F|100\/100\n|-item|p1b: ppiku|Air Balloon\n|turn|6\n|-activate|p2a: Ting-Lu|item: Quick Claw\n|\n|t:|1682628461\n|move|p2b: Amoonguss|Endure|p2b: Amoonguss\n|-singleturn|p2b: Amoonguss|move: Endure\n|move|p2a: Ting-Lu|Mud-Slap|p1a: Gengar\n|-supereffective|p1a: Gengar\n|-damage|p1a: Gengar|48\/100\n|-unboost|p1a: Gengar|accuracy|1\n|move|p1b: ppiku|Surf|p2b: Amoonguss|[spread] p1a,p2a,p2b\n|-supereffective|p2a: Ting-Lu\n|-resisted|p2b: Amoonguss\n|-damage|p1a: Gengar|31\/100\n|-damage|p2a: Ting-Lu|61\/100\n|-activate|p2b: Amoonguss|move: Endure\n|-damage|p2b: Amoonguss|1\/100 psn\n|move|p1a: Gengar|Gunk Shot|p2a: Ting-Lu|[miss]\n|-miss|p1a: Gengar|p2a: Ting-Lu\n|\n|-damage|p2b: Amoonguss|0 fnt|[from] psn\n|faint|p2b: Amoonguss\n|upkeep\n|\n|t:|1682628480\n|switch|p2b: Iron Hands|Iron Hands, L50|100\/100\n|turn|7\n|\n|t:|1682628498\n|move|p1b: ppiku|Surf|p2b: Iron Hands|[spread] p1a,p2a,p2b\n|-supereffective|p2a: Ting-Lu\n|-damage|p1a: Gengar|12\/100\n|-damage|p2a: Ting-Lu|45\/100\n|-damage|p2b: Iron Hands|91\/100\n|-start|p1b: ppiku|Disable|Surf|[from] ability: Cursed Body|[of] p1a: Gengar\n|move|p1a: Gengar|Gunk Shot|p2b: Iron Hands\n|-crit|p2b: Iron Hands\n|-damage|p2b: Iron Hands|63\/100\n|move|p2b: Iron Hands|Metronome|p2b: Iron Hands\n|move|p2b: Iron Hands|Spite|p1a: Gengar|[from]move: Metronome\n|-activate|p1a: Gengar|move: Spite|Gunk Shot|4\n|move|p2a: Ting-Lu|Rock Slide|p1a: Gengar|[spread] p1a,p1b\n|-damage|p1a: Gengar|0 fnt\n|-damage|p1b: ppiku|69\/100\n|-start|p2a: Ting-Lu|Disable|Rock Slide|[from] ability: Cursed Body|[of] p1a: Gengar\n|-enditem|p1b: ppiku|Air Balloon\n|faint|p1a: Gengar\n|\n|upkeep\n|turn|8\n|\n|t:|1682628518\n|move|p1b: ppiku|Brick Break|p2a: Ting-Lu\n|-supereffective|p2a: Ting-Lu\n|-damage|p2a: Ting-Lu|26\/100\n|move|p2b: Iron Hands|Metronome|p2b: Iron Hands\n|move|p2b: Iron Hands|Terrain Pulse|p1b: ppiku|[from]move: Metronome\n|-damage|p1b: ppiku|61\/100\n|move|p2a: Ting-Lu|Fissure|p1b: ppiku\n|-damage|p1b: ppiku|0 fnt\n|faint|p1b: ppiku\n|-ohko\n|\n|win|Avocado73\n|raw|raza12369's rating: 1000 → 1000<\/strong> (+0 for losing)\n|raw|Avocado73's rating: 1000 → 1040<\/strong> (+40 for winning)\n","uploadtime":1682628585,"views":15,"p1id":"raza12369","p2id":"avocado73","formatid":"gen9vgc2023regulationc","rating":1000,"private":0,"password":""}