{"id":"gen9vgc2023regulationc-1847341476","p1":"saltyground","p2":"Alexis_student","format":"[Gen 9] VGC 2023 Regulation C","log":"|j|\u2606saltyground\n|j|\u2606Alexis_student\n|t:|1681940304\n|gametype|doubles\n|player|p1|saltyground|unknownf|1164\n|player|p2|Alexis_student|169|1240\n|teamsize|p1|6\n|teamsize|p2|6\n|gen|9\n|tier|[Gen 9] VGC 2023 Regulation C\n|rated|\n|rule|Species Clause: Limit one of each Pok\u00e9mon\n|rule|Item Clause: Limit one of each item\n|clearpoke\n|poke|p1|Iron Hands, L50|\n|poke|p1|Hatterene, L50, F|\n|poke|p1|Torkoal, L50, M|\n|poke|p1|Farigiraf, L50, F|\n|poke|p1|Gastrodon, L50, M|\n|poke|p1|Gallade, L50, M|\n|poke|p2|Amoonguss, L50, M|\n|poke|p2|Palafin, L50, F|\n|poke|p2|Arcanine, L50, F|\n|poke|p2|Flutter Mane, L50|\n|poke|p2|Roaring Moon, L50|\n|poke|p2|Ting-Lu, L50|\n|teampreview|4\n|inactive|Battle timer is ON: inactive players will automatically lose when time's up. (requested by Alexis_student)\n|\n|t:|1681940341\n|start\n|switch|p1a: Fridge Giraffe|Farigiraf, L50, F, shiny|100\/100\n|switch|p1b: Torkoal|Torkoal, L50, M, shiny|100\/100\n|switch|p2a: Ting-Lu|Ting-Lu, L50|100\/100\n|switch|p2b: Palafin|Palafin, L50, F|100\/100\n|-ability|p2a: Ting-Lu|Vessel of Ruin\n|-weather|SunnyDay|[from] ability: Drought|[of] p1b: Torkoal\n|turn|1\n|\n|t:|1681940365\n|move|p2b: Palafin|Protect|p2b: Palafin\n|-singleturn|p2b: Palafin|Protect\n|move|p1b: Torkoal|Protect|p1b: Torkoal\n|-singleturn|p1b: Torkoal|Protect\n|move|p2a: Ting-Lu|Stomping Tantrum|p1b: Torkoal\n|-activate|p1b: Torkoal|move: Protect\n|move|p1a: Fridge Giraffe|Trick Room|p1a: Fridge Giraffe\n|-fieldstart|move: Trick Room|[of] p1a: Fridge Giraffe\n|\n|-weather|SunnyDay|[upkeep]\n|upkeep\n|turn|2\n|\n|t:|1681940383\n|move|p2b: Palafin|Jet Punch||[still]\n|cant|p1a: Fridge Giraffe|ability: Armor Tail|Jet Punch|[of] p2b: Palafin\n|move|p1b: Torkoal|Eruption|p2b: Palafin|[spread] p2a,p2b\n|-resisted|p2b: Palafin\n|-damage|p2a: Ting-Lu|73\/100\n|-damage|p2b: Palafin|67\/100\n|move|p2a: Ting-Lu|Stomping Tantrum|p1b: Torkoal\n|-supereffective|p1b: Torkoal\n|-damage|p1b: Torkoal|39\/100\n|move|p1a: Fridge Giraffe|Hyper Voice|p2a: Ting-Lu|[spread] p2a,p2b\n|-damage|p2a: Ting-Lu|63\/100\n|-damage|p2b: Palafin|40\/100\n|\n|-weather|SunnyDay|[upkeep]\n|upkeep\n|turn|3\n|inactive|Alexis_student has 30 seconds left.\n|\n|t:|1681940412\n|detailschange|p2b: Palafin|Palafin-Hero, L50, F\n|switch|p2b: Amoonguss|Amoonguss, L50, M|100\/100\n|move|p1b: Torkoal|Helping Hand|p1a: Fridge Giraffe\n|-singleturn|p1a: Fridge Giraffe|Helping Hand|[of] p1b: Torkoal\n|move|p2a: Ting-Lu|Stomping Tantrum|p1b: Torkoal\n|-supereffective|p1b: Torkoal\n|-damage|p1b: Torkoal|0 fnt\n|faint|p1b: Torkoal\n|move|p1a: Fridge Giraffe|Hyper Voice|p2b: Amoonguss|[spread] p2a,p2b\n|-damage|p2a: Ting-Lu|46\/100\n|-damage|p2b: Amoonguss|76\/100\n|\n|-weather|SunnyDay|[upkeep]\n|upkeep\n|\n|t:|1681940423\n|switch|p1b: Gallade|Gallade, L50, M, shiny|100\/100\n|turn|4\n|\n|t:|1681940435\n|switch|p2a: Flutter Mane|Flutter Mane, L50|100\/100\n|-activate|p2a: Flutter Mane|ability: Protosynthesis\n|-start|p2a: Flutter Mane|protosynthesisspa\n|move|p1b: Gallade|Sacred Sword|p2a: Flutter Mane\n|-immune|p2a: Flutter Mane\n|move|p2b: Amoonguss|Spore|p1b: Gallade\n|-status|p1b: Gallade|slp|[from] move: Spore\n|move|p1a: Fridge Giraffe|Hyper Voice|p2a: Flutter Mane|[spread] p2b\n|-immune|p2a: Flutter Mane\n|-damage|p2b: Amoonguss|53\/100\n|\n|-weather|SunnyDay|[upkeep]\n|upkeep\n|turn|5\n|inactive|Alexis_student has 30 seconds left.\n|\n|t:|1681940461\n|-terastallize|p1b: Gallade|Steel\n|cant|p1b: Gallade|slp\n|move|p2b: Amoonguss|Spore|p1a: Fridge Giraffe\n|-status|p1a: Fridge Giraffe|slp|[from] move: Spore\n|cant|p1a: Fridge Giraffe|slp\n|move|p2a: Flutter Mane|Dazzling Gleam|p1b: Gallade|[spread] p1a,p1b\n|-resisted|p1b: Gallade\n|-damage|p1a: Fridge Giraffe|44\/100 slp\n|-damage|p1b: Gallade|70\/100 slp\n|-enditem|p1a: Fridge Giraffe|Sitrus Berry|[eat]\n|-heal|p1a: Fridge Giraffe|68\/100 slp|[from] item: Sitrus Berry\n|\n|-weather|none\n|-end|p2a: Flutter Mane|Protosynthesis\n|-fieldend|move: Trick Room\n|upkeep\n|turn|6\n|inactive|Alexis_student has 30 seconds left.\n|\n|t:|1681940491\n|switch|p2b: Palafin|Palafin-Hero, L50, F|40\/100\n|-activate|p2b: Palafin|ability: Zero to Hero\n|move|p2a: Flutter Mane|Dazzling Gleam|p1a: Fridge Giraffe|[spread] p1a,p1b\n|-resisted|p1b: Gallade\n|-damage|p1a: Fridge Giraffe|22\/100 slp\n|-damage|p1b: Gallade|45\/100 slp\n|-curestatus|p1a: Fridge Giraffe|slp|[msg]\n|move|p1a: Fridge Giraffe|Psychic|p2a: Flutter Mane\n|-damage|p2a: Flutter Mane|66\/100\n|cant|p1b: Gallade|slp\n|\n|upkeep\n|turn|7\n|\n|t:|1681940511\n|move|p2a: Flutter Mane|Dazzling Gleam|p1a: Fridge Giraffe|[spread] p1a,p1b\n|-resisted|p1b: Gallade\n|-damage|p1a: Fridge Giraffe|0 fnt\n|-damage|p1b: Gallade|17\/100 slp\n|faint|p1a: Fridge Giraffe\n|move|p2b: Palafin|Wave Crash|p1b: Gallade\n|-damage|p1b: Gallade|0 fnt\n|faint|p1b: Gallade\n|-damage|p2b: Palafin|36\/100|[from] Recoil\n|\n|upkeep\n|-message|saltyground forfeited.\n|\n|win|Alexis_student\n|raw|saltyground's rating: 1164 → 1144<\/strong> (-20 for losing)\n|raw|Alexis_student's rating: 1240 → 1260<\/strong> (+20 for winning)\n|l|\u2606saltyground\n","uploadtime":1681940525,"views":4,"p1id":"saltyground","p2id":"alexisstudent","formatid":"gen9vgc2023regulationc","rating":1144,"private":0,"password":""}