{"id":"gen9vgc2023regulationc-1847648101","p1":"Siskdjfc","p2":"MudFishen","format":"[Gen 9] VGC 2023 Regulation C","log":"|j|\u2606Siskdjfc\n|j|\u2606MudFishen\n|t:|1681987323\n|gametype|doubles\n|player|p1|Siskdjfc|265|1077\n|player|p2|MudFishen|ethan|1049\n|teamsize|p1|6\n|teamsize|p2|6\n|gen|9\n|tier|[Gen 9] VGC 2023 Regulation C\n|rated|\n|rule|Species Clause: Limit one of each Pok\u00e9mon\n|rule|Item Clause: Limit one of each item\n|clearpoke\n|poke|p1|Maushold-Four, L50|\n|poke|p1|Annihilape, L50, M|\n|poke|p1|Gholdengo, L50|\n|poke|p1|Roaring Moon, L50|\n|poke|p1|Gyarados, L50, M|\n|poke|p1|Ting-Lu, L50|\n|poke|p2|Scizor, L50, F|\n|poke|p2|Arcanine, L50, M|\n|poke|p2|Chien-Pao, L50|\n|poke|p2|Flutter Mane, L50|\n|poke|p2|Gastrodon-East, L50, F|\n|poke|p2|Annihilape, L50, M|\n|teampreview|4\n|inactive|Battle timer is ON: inactive players will automatically lose when time's up. (requested by Siskdjfc)\n|\n|t:|1681987348\n|start\n|switch|p1a: Maushold|Maushold-Four, L50|100\/100\n|switch|p1b: Annihilape|Annihilape, L50, M|100\/100\n|switch|p2a: Chien-Pao|Chien-Pao, L50|100\/100\n|switch|p2b: Scizor|Scizor, L50, F|100\/100\n|-ability|p2a: Chien-Pao|Sword of Ruin\n|turn|1\n|\n|t:|1681987361\n|move|p2a: Chien-Pao|Sacred Sword|p1a: Maushold\n|-supereffective|p1a: Maushold\n|-damage|p1a: Maushold|0 fnt\n|faint|p1a: Maushold\n|move|p1b: Annihilape|Drain Punch|p2a: Chien-Pao\n|-supereffective|p2a: Chien-Pao\n|-enditem|p2a: Chien-Pao|Focus Sash\n|-damage|p2a: Chien-Pao|1\/100\n|move|p2b: Scizor|Aerial Ace|p1b: Annihilape\n|-supereffective|p1b: Annihilape\n|-damage|p1b: Annihilape|26\/100\n|-enditem|p1b: Annihilape|Sitrus Berry|[eat]\n|-heal|p1b: Annihilape|51\/100|[from] item: Sitrus Berry\n|\n|upkeep\n|\n|t:|1681987375\n|switch|p1a: Gyarados|Gyarados, L50, M|100\/100\n|-ability|p1a: Gyarados|Intimidate|boost\n|-unboost|p2a: Chien-Pao|atk|1\n|-unboost|p2b: Scizor|atk|1\n|turn|2\n|\n|t:|1681987383\n|move|p2a: Chien-Pao|Protect|p2a: Chien-Pao\n|-singleturn|p2a: Chien-Pao|Protect\n|move|p1b: Annihilape|Protect|p1b: Annihilape\n|-singleturn|p1b: Annihilape|Protect\n|move|p1a: Gyarados|Thunder Wave|p2b: Scizor\n|-status|p2b: Scizor|par\n|move|p2b: Scizor|Aerial Ace|p1b: Annihilape\n|-activate|p1b: Annihilape|move: Protect\n|\n|upkeep\n|turn|3\n|inactive|MudFishen has 30 seconds left.\n|\n|t:|1681987411\n|switch|p2b: Arcanine|Arcanine, L50, M|100\/100\n|-ability|p2b: Arcanine|Intimidate|boost\n|-unboost|p1a: Gyarados|atk|1\n|-unboost|p1b: Annihilape|atk|1\n|-ability|p1b: Annihilape|Defiant|boost\n|-boost|p1b: Annihilape|atk|2\n|move|p2a: Chien-Pao|Throat Chop|p1b: Annihilape\n|-damage|p1b: Annihilape|18\/100\n|-start|p1b: Annihilape|Throat Chop|[silent]\n|move|p1b: Annihilape|Rage Fist|p2b: Arcanine\n|-damage|p2b: Arcanine|0 fnt\n|faint|p2b: Arcanine\n|move|p1a: Gyarados|Waterfall|p2a: Chien-Pao\n|-damage|p2a: Chien-Pao|0 fnt\n|faint|p2a: Chien-Pao\n|\n|upkeep\n|\n|t:|1681987422\n|switch|p2a: Scizor|Scizor, L50, F|100\/100 par\n|switch|p2b: Annihilape|Annihilape, L50, M|100\/100\n|turn|4\n|\n|t:|1681987434\n|move|p1b: Annihilape|Protect|p1b: Annihilape\n|-singleturn|p1b: Annihilape|Protect\n|move|p2a: Scizor|Bullet Punch|p1b: Annihilape\n|-activate|p1b: Annihilape|move: Protect\n|move|p2b: Annihilape|Bulk Up|p2b: Annihilape\n|-boost|p2b: Annihilape|atk|1\n|-boost|p2b: Annihilape|def|1\n|move|p1a: Gyarados|Thunder Wave|p2b: Annihilape\n|-status|p2b: Annihilape|par\n|\n|-end|p1b: Annihilape|Throat Chop|[silent]\n|upkeep\n|turn|5\n|\n|t:|1681987453\n|cant|p2b: Annihilape|par\n|move|p2a: Scizor|Bullet Punch|p1b: Annihilape\n|-damage|p1b: Annihilape|0 fnt\n|faint|p1b: Annihilape\n|move|p1a: Gyarados|Waterfall|p2a: Scizor\n|-damage|p2a: Scizor|76\/100 par\n|\n|upkeep\n|\n|t:|1681987463\n|switch|p1b: Roaring Moon|Roaring Moon, L50|100\/100\n|-enditem|p1b: Roaring Moon|Booster Energy\n|-activate|p1b: Roaring Moon|ability: Protosynthesis|[fromitem]\n|-start|p1b: Roaring Moon|protosynthesisspe\n|turn|6\n|\n|t:|1681987483\n|-terastallize|p1b: Roaring Moon|Flying\n|move|p1b: Roaring Moon|Acrobatics|p2a: Scizor\n|-damage|p2a: Scizor|15\/100 par\n|move|p1a: Gyarados|Taunt|p2b: Annihilape\n|-start|p2b: Annihilape|move: Taunt\n|cant|p2b: Annihilape|move: Taunt|Bulk Up\n|cant|p2a: Scizor|par\n|\n|upkeep\n|turn|7\n|\n|t:|1681987499\n|move|p1b: Roaring Moon|Acrobatics|p2b: Annihilape\n|-supereffective|p2b: Annihilape\n|-damage|p2b: Annihilape|15\/100 par\n|move|p1a: Gyarados|Waterfall|p2a: Scizor\n|-damage|p2a: Scizor|0 fnt\n|faint|p2a: Scizor\n|move|p2b: Annihilape|Drain Punch|p1b: Roaring Moon\n|-resisted|p1b: Roaring Moon\n|-damage|p1b: Roaring Moon|63\/100\n|-heal|p2b: Annihilape|31\/100 par|[from] drain|[of] p1b: Roaring Moon\n|\n|-heal|p2b: Annihilape|37\/100 par|[from] item: Leftovers\n|upkeep\n|turn|8\n|\n|t:|1681987516\n|move|p1b: Roaring Moon|Acrobatics|p2b: Annihilape\n|-supereffective|p2b: Annihilape\n|-damage|p2b: Annihilape|0 fnt\n|faint|p2b: Annihilape\n|\n|win|Siskdjfc\n|raw|Siskdjfc's rating: 1077 → 1103<\/strong> (+26 for winning)\n|raw|MudFishen's rating: 1049 → 1033<\/strong> (-16 for losing)\n|l|\u2606MudFishen\n","uploadtime":1681987521,"views":12,"p1id":"siskdjfc","p2id":"mudfishen","formatid":"gen9vgc2023regulationc","rating":1033,"private":0,"password":""}