{"id":"gen9vgc2023regulationc-1849157100","p1":"Ghoststar6","p2":"OneWithTheSnom","format":"[Gen 9] VGC 2023 Regulation C","log":"|j|\u2606Ghoststar6\n|j|\u2606OneWithTheSnom\n|t:|1682165688\n|gametype|doubles\n|player|p1|Ghoststar6|n|1246\n|player|p2|OneWithTheSnom|gladion|1147\n|teamsize|p1|6\n|teamsize|p2|6\n|gen|9\n|tier|[Gen 9] VGC 2023 Regulation C\n|rated|\n|rule|Species Clause: Limit one of each Pok\u00e9mon\n|rule|Item Clause: Limit one of each item\n|clearpoke\n|poke|p1|Dondozo, L50, F|\n|poke|p1|Tatsugiri, L50, F|\n|poke|p1|Glimmora, L50, M|\n|poke|p1|Arcanine, L50, F|\n|poke|p1|Ting-Lu, L50|\n|poke|p1|Flutter Mane, L50|\n|poke|p2|Scizor, L50, M|\n|poke|p2|Ting-Lu, L50|\n|poke|p2|Sylveon, L50, F|\n|poke|p2|Iron Hands, L50|\n|poke|p2|Palafin, L50, F|\n|poke|p2|Chi-Yu, L50|\n|teampreview|4\n|inactive|Battle timer is ON: inactive players will automatically lose when time's up. (requested by OneWithTheSnom)\nGhoststar6 has agreed to open team sheets.\nOneWithTheSnom has agreed to open team sheets.\n|\n|t:|1682165717\n|start\n|switch|p1a: Dondozo|Dondozo, L50, F|100\/100\n|switch|p1b: Glimmora|Glimmora, L50, M|100\/100\n|switch|p2a: Iron Hands|Iron Hands, L50|100\/100\n|switch|p2b: Palafin|Palafin, L50, F, shiny|100\/100\n|turn|1\n|\n|t:|1682165730\n|detailschange|p2b: Palafin|Palafin-Hero, L50, F, shiny\n|switch|p2b: Ting-Lu|Ting-Lu, L50|100\/100\n|-ability|p2b: Ting-Lu|Vessel of Ruin\n|move|p1a: Dondozo|Protect|p1a: Dondozo\n|-singleturn|p1a: Dondozo|Protect\n|move|p2a: Iron Hands|Fake Out|p1a: Dondozo\n|-activate|p1a: Dondozo|move: Protect\n|move|p1b: Glimmora|Energy Ball|p2b: Ting-Lu\n|-supereffective|p2b: Ting-Lu\n|-damage|p2b: Ting-Lu|75\/100\n|\n|upkeep\n|turn|2\n|inactive|OneWithTheSnom has 30 seconds left.\n|\n|t:|1682165762\n|move|p2a: Iron Hands|Protect|p2a: Iron Hands\n|-singleturn|p2a: Iron Hands|Protect\n|move|p1b: Glimmora|Mortal Spin|p2a: Iron Hands|[spread] p2b\n|-activate|p2a: Iron Hands|move: Protect\n|-resisted|p2b: Ting-Lu\n|-damage|p2b: Ting-Lu|74\/100\n|-status|p2b: Ting-Lu|psn\n|move|p1a: Dondozo|Earthquake|p2a: Iron Hands|[spread] p1b,p2b\n|-activate|p2a: Iron Hands|move: Protect\n|-supereffective|p1b: Glimmora\n|-damage|p1b: Glimmora|20\/100\n|-damage|p2b: Ting-Lu|62\/100 psn\n|-activate|p1b: Glimmora|ability: Toxic Debris\n|-sidestart|p2: OneWithTheSnom|move: Toxic Spikes\n|move|p2b: Ting-Lu|Earthquake|p1b: Glimmora|[spread] p1a,p1b\n|-activate|p2a: Iron Hands|move: Protect\n|-supereffective|p1b: Glimmora\n|-crit|p1b: Glimmora\n|-damage|p1a: Dondozo|74\/100\n|-damage|p1b: Glimmora|0 fnt\n|-activate|p1b: Glimmora|ability: Toxic Debris\n|-sidestart|p2: OneWithTheSnom|move: Toxic Spikes\n|faint|p1b: Glimmora\n|\n|-heal|p1a: Dondozo|80\/100|[from] item: Leftovers\n|-damage|p2b: Ting-Lu|50\/100 psn|[from] psn\n|upkeep\n|\n|t:|1682165783\n|switch|p1b: Flutter Mane|Flutter Mane, L50|100\/100\n|-enditem|p1b: Flutter Mane|Booster Energy\n|-activate|p1b: Flutter Mane|ability: Protosynthesis|[fromitem]\n|-start|p1b: Flutter Mane|protosynthesisspa\n|turn|3\n|inactive|Ghoststar6 has 30 seconds left.\n|\n|t:|1682165812\n|move|p1b: Flutter Mane|Dazzling Gleam|p2b: Ting-Lu|[spread] p2a,p2b\n|-supereffective|p2a: Iron Hands\n|-supereffective|p2b: Ting-Lu\n|-damage|p2a: Iron Hands|52\/100\n|-damage|p2b: Ting-Lu|15\/100 psn\n|move|p1a: Dondozo|Earthquake|p2a: Iron Hands|[spread] p1b,p2a,p2b\n|-supereffective|p2a: Iron Hands\n|-damage|p1b: Flutter Mane|70\/100\n|-damage|p2a: Iron Hands|28\/100\n|-damage|p2b: Ting-Lu|5\/100 psn\n|-enditem|p2a: Iron Hands|Sitrus Berry|[eat]\n|-heal|p2a: Iron Hands|53\/100|[from] item: Sitrus Berry\n|move|p2a: Iron Hands|Thunder Punch|p1b: Flutter Mane\n|-damage|p1b: Flutter Mane|9\/100\n|move|p2b: Ting-Lu|Ruination|p1a: Dondozo\n|-damage|p1a: Dondozo|40\/100\n|\n|-heal|p1a: Dondozo|47\/100|[from] item: Leftovers\n|-damage|p2b: Ting-Lu|0 fnt|[from] psn\n|faint|p2b: Ting-Lu\n|upkeep\n|\n|t:|1682165825\n|switch|p2b: Scizor|Scizor, L50, M|100\/100\n|turn|4\n|\n|t:|1682165845\n|move|p1a: Dondozo|Protect|p1a: Dondozo\n|-singleturn|p1a: Dondozo|Protect\n|move|p2a: Iron Hands|Protect|p2a: Iron Hands\n|-singleturn|p2a: Iron Hands|Protect\n|move|p2b: Scizor|Bullet Punch|p1b: Flutter Mane\n|-supereffective|p1b: Flutter Mane\n|-damage|p1b: Flutter Mane|0 fnt\n|faint|p1b: Flutter Mane\n|-end|p1b: Flutter Mane|Protosynthesis|[silent]\n|-damage|p2b: Scizor|91\/100|[from] item: Life Orb\n|\n|-heal|p1a: Dondozo|53\/100|[from] item: Leftovers\n|upkeep\n|\n|t:|1682165851\n|switch|p1b: Tatsugiri|Tatsugiri, L50, F|100\/100\n|-activate|p1b: Tatsugiri|ability: Commander|[of] p1a: Dondozo\n|-boost|p1a: Dondozo|atk|2\n|-boost|p1a: Dondozo|spa|2\n|-boost|p1a: Dondozo|spe|2\n|-boost|p1a: Dondozo|def|2\n|-boost|p1a: Dondozo|spd|2\n|turn|5\n|\n|t:|1682165860\n|move|p2b: Scizor|Protect|p2b: Scizor\n|-singleturn|p2b: Scizor|Protect\n|move|p1a: Dondozo|Earthquake|p2a: Iron Hands|[spread] p2a\n|-miss|p1a: Dondozo|p1b: Tatsugiri\n|-activate|p2b: Scizor|move: Protect\n|-supereffective|p2a: Iron Hands\n|-damage|p2a: Iron Hands|0 fnt\n|faint|p2a: Iron Hands\n|-end|p2a: Iron Hands|Quark Drive|[silent]\n|\n|-heal|p1a: Dondozo|59\/100|[from] item: Leftovers\n|upkeep\n|\n|t:|1682165869\n|switch|p2a: Palafin|Palafin-Hero, L50, F, shiny|100\/100\n|-status|p2a: Palafin|tox\n|-activate|p2a: Palafin|ability: Zero to Hero\n|turn|6\n|\n|t:|1682165884\n|move|p1a: Dondozo|Protect|p1a: Dondozo\n|-singleturn|p1a: Dondozo|Protect\n|move|p2a: Palafin|Haze|p2a: Palafin\n|-clearallboost\n|move|p2b: Scizor|Pounce|p1a: Dondozo\n|-activate|p1a: Dondozo|move: Protect\n|\n|-heal|p1a: Dondozo|65\/100|[from] item: Leftovers\n|-damage|p2a: Palafin|94\/100 tox|[from] psn\n|upkeep\n|turn|7\n|\n|t:|1682165904\n|-terastallize|p2a: Palafin|Water\n|-terastallize|p1a: Dondozo|Grass\n|move|p2a: Palafin|Jet Punch|p1a: Dondozo\n|-resisted|p1a: Dondozo\n|-damage|p1a: Dondozo|43\/100\n|move|p2b: Scizor|Bullet Punch|p1a: Dondozo\n|-damage|p1a: Dondozo|12\/100\n|-damage|p2b: Scizor|81\/100|[from] item: Life Orb\n|move|p1a: Dondozo|Tera Blast|p2a: Palafin\n|-supereffective|p2a: Palafin\n|-damage|p2a: Palafin|31\/100 tox\n|\n|-heal|p1a: Dondozo|18\/100|[from] item: Leftovers\n|-damage|p2a: Palafin|19\/100 tox|[from] psn\n|upkeep\n|turn|8\n|\n|t:|1682165920\n|move|p2a: Palafin|Protect|p2a: Palafin\n|-singleturn|p2a: Palafin|Protect\n|move|p1a: Dondozo|Protect|p1a: Dondozo\n|-singleturn|p1a: Dondozo|Protect\n|move|p2b: Scizor|Pounce|p1a: Dondozo\n|-activate|p1a: Dondozo|move: Protect\n|\n|-heal|p1a: Dondozo|24\/100|[from] item: Leftovers\n|-damage|p2a: Palafin|1\/100 tox|[from] psn\n|upkeep\n|turn|9\n|\n|t:|1682165937\n|move|p1a: Dondozo|Protect||[still]\n|-fail|p1a: Dondozo\n|move|p2a: Palafin|Jet Punch|p1a: Dondozo\n|-resisted|p1a: Dondozo\n|-damage|p1a: Dondozo|1\/100\n|move|p2b: Scizor|Bullet Punch|p1a: Dondozo\n|-damage|p1a: Dondozo|0 fnt\n|faint|p1a: Dondozo\n|-damage|p2b: Scizor|72\/100|[from] item: Life Orb\n|\n|-damage|p2a: Palafin|0 fnt|[from] psn\n|faint|p2a: Palafin\n|upkeep\n|turn|10\n|\n|t:|1682165958\n|move|p2b: Scizor|Protect|p2b: Scizor\n|-singleturn|p2b: Scizor|Protect\n|move|p1b: Tatsugiri|Muddy Water|p2b: Scizor\n|-activate|p2b: Scizor|move: Protect\n|\n|upkeep\n|turn|11\n|\n|t:|1682165964\n|move|p2b: Scizor|Bullet Punch|p1b: Tatsugiri\n|-resisted|p1b: Tatsugiri\n|-damage|p1b: Tatsugiri|61\/100\n|-damage|p2b: Scizor|62\/100|[from] item: Life Orb\n|move|p1b: Tatsugiri|Muddy Water|p2b: Scizor\n|-damage|p2b: Scizor|5\/100\n|-unboost|p2b: Scizor|accuracy|1\n|\n|upkeep\n|turn|12\n|\n|t:|1682165973\n|move|p1b: Tatsugiri|Muddy Water|p2b: Scizor\n|-crit|p2b: Scizor\n|-damage|p2b: Scizor|0 fnt\n|faint|p2b: Scizor\n|\n|win|Ghoststar6\n|raw|Ghoststar6's rating: 1246 → 1264<\/strong> (+18 for winning)\n|raw|OneWithTheSnom's rating: 1147 → 1129<\/strong> (-18 for losing)\n|c|\u2606OneWithTheSnom|gg\n","uploadtime":1682165980,"views":10,"p1id":"ghoststar6","p2id":"onewiththesnom","formatid":"gen9vgc2023regulationc","rating":1129,"private":0,"password":""}