{"id":"gen9vgc2023regulationc-1864015266","p1":"TrainingCes","p2":"MajesticCamel666","format":"[Gen 9] VGC 2023 Regulation C","log":"|j|\u2606TrainingCes\n|j|\u2606MajesticCamel666\n|t:|1684105543\n|gametype|doubles\n|player|p1|TrainingCes|ethan-gen2c|1151\n|player|p2|MajesticCamel666|2|1223\n|teamsize|p1|6\n|teamsize|p2|6\n|gen|9\n|tier|[Gen 9] VGC 2023 Regulation C\n|rated|\n|rule|Species Clause: Limit one of each Pok\u00e9mon\n|rule|Item Clause: Limit one of each item\n|clearpoke\n|poke|p1|Grimmsnarl, L50, M|\n|poke|p1|Arcanine, L50, M|\n|poke|p1|Kingambit, L50, F|\n|poke|p1|Gastrodon-East, L50, F|\n|poke|p1|Flutter Mane, L50|\n|poke|p1|Dragonite, L50, F|\n|poke|p2|Dondozo, L50, F|\n|poke|p2|Flutter Mane, L50|\n|poke|p2|Dragonite, L50, M|\n|poke|p2|Chi-Yu, L50|\n|poke|p2|Glimmora, L50, M|\n|poke|p2|Tatsugiri-Droopy, L50, F|\n|teampreview|4\nTrainingCes has agreed to open team sheets.\n|inactive|Battle timer is ON: inactive players will automatically lose when time's up. (requested by MajesticCamel666)\n|inactive|TrainingCes has 60 seconds left.\n|\n|t:|1684105626\n|start\n|switch|p1a: Grimmsnarl|Grimmsnarl, L50, M|100\/100\n|switch|p1b: Arcanine|Arcanine, L50, M|100\/100\n|switch|p2a: Dondozo|Dondozo, L50, F|100\/100\n|switch|p2b: Glimmora|Glimmora, L50, M|100\/100\n|-ability|p1b: Arcanine|Intimidate|boost\n|-unboost|p2a: Dondozo|atk|1\n|-unboost|p2b: Glimmora|atk|1\n|turn|1\n|\n|t:|1684105645\n|move|p1a: Grimmsnarl|Misty Terrain|p1a: Grimmsnarl\n|-fieldstart|move: Misty Terrain\n|move|p2b: Glimmora|Mortal Spin|p1a: Grimmsnarl|[spread] p1a,p1b\n|-supereffective|p1a: Grimmsnarl\n|-damage|p1a: Grimmsnarl|95\/100\n|-damage|p1b: Arcanine|97\/100\n|move|p1b: Arcanine|Howl|p1b: Arcanine|[spread] p1a,p1b\n|-boost|p1a: Grimmsnarl|atk|1\n|-boost|p1b: Arcanine|atk|1\n|move|p2a: Dondozo|Yawn|p1a: Grimmsnarl\n|-start|p1a: Grimmsnarl|move: Yawn|[of] p2a: Dondozo\n|\n|upkeep\n|turn|2\n|\n|t:|1684105661\n|switch|p1b: Gastrodon|Gastrodon-East, L50, F|100\/100\n|move|p2b: Glimmora|Power Gem|p1b: Gastrodon\n|-resisted|p1b: Gastrodon\n|-damage|p1b: Gastrodon|84\/100\n|move|p1a: Grimmsnarl|Spirit Break|p2a: Dondozo\n|-damage|p2a: Dondozo|84\/100\n|-unboost|p2a: Dondozo|spa|1\n|move|p2a: Dondozo|Wave Crash|p1b: Gastrodon\n|-ability|p1b: Gastrodon|Storm Drain|boost\n|-boost|p1b: Gastrodon|spa|1\n|\n|-end|p1a: Grimmsnarl|move: Yawn|[silent]\n|-activate|p1a: Grimmsnarl|move: Misty Terrain\n|upkeep\n|turn|3\n|\n|t:|1684105682\n|-terastallize|p2b: Glimmora|Grass\n|move|p1a: Grimmsnarl|Light Screen|p1a: Grimmsnarl\n|-sidestart|p1: TrainingCes|move: Light Screen\n|move|p2b: Glimmora|Energy Ball|p1b: Gastrodon\n|-supereffective|p1b: Gastrodon\n|-damage|p1b: Gastrodon|0 fnt\n|faint|p1b: Gastrodon\n|move|p2a: Dondozo|Body Press|p1a: Grimmsnarl\n|-damage|p1a: Grimmsnarl|66\/100\n|\n|upkeep\n|\n|t:|1684105697\n|switch|p1b: Arcanine|Arcanine, L50, M|97\/100\n|-ability|p1b: Arcanine|Intimidate|boost\n|-unboost|p2a: Dondozo|atk|1\n|-unboost|p2b: Glimmora|atk|1\n|turn|4\n|inactive|MajesticCamel666 has 30 seconds left.\n|inactive|MajesticCamel666 has 20 seconds left.\n|\n|t:|1684105734\n|switch|p2a: Chi-Yu|Chi-Yu, L50|100\/100\n|-ability|p2a: Chi-Yu|Beads of Ruin\n|move|p1a: Grimmsnarl|Reflect|p1a: Grimmsnarl\n|-sidestart|p1: TrainingCes|Reflect\n|move|p2b: Glimmora|Power Gem|p1b: Arcanine\n|-supereffective|p1b: Arcanine\n|-damage|p1b: Arcanine|28\/100\n|move|p1b: Arcanine|Flare Blitz|p2b: Glimmora\n|-supereffective|p2b: Glimmora\n|-damage|p2b: Glimmora|0 fnt\n|-activate|p2b: Glimmora|ability: Toxic Debris\n|-sidestart|p1: TrainingCes|move: Toxic Spikes\n|faint|p2b: Glimmora\n|-damage|p1b: Arcanine|0 fnt|[from] Recoil\n|faint|p1b: Arcanine\n|\n|upkeep\n|\n|t:|1684105755\n|switch|p2b: Flutter Mane|Flutter Mane, L50|100\/100\n|switch|p1b: Kingambit|Kingambit, L50, F|100\/100\n|-enditem|p2b: Flutter Mane|Booster Energy\n|-activate|p2b: Flutter Mane|ability: Protosynthesis|[fromitem]\n|-start|p2b: Flutter Mane|protosynthesisspe\n|turn|5\n|inactive|MajesticCamel666 has 30 seconds left.\n|inactive|MajesticCamel666 has 20 seconds left.\n|\n|t:|1684105794\n|-terastallize|p1b: Kingambit|Flying\n|move|p2b: Flutter Mane|Substitute|p2b: Flutter Mane\n|-start|p2b: Flutter Mane|Substitute\n|-damage|p2b: Flutter Mane|76\/100\n|move|p2a: Chi-Yu|Dark Pulse|p1b: Kingambit\n|-damage|p1b: Kingambit|76\/100\n|move|p1a: Grimmsnarl|Spirit Break|p2a: Chi-Yu\n|-damage|p2a: Chi-Yu|37\/100\n|-unboost|p2a: Chi-Yu|spa|1\n|cant|p1b: Kingambit|flinch\n|\n|-fieldend|Misty Terrain\n|upkeep\n|turn|6\n|inactive|MajesticCamel666 has 30 seconds left.\n|\n|t:|1684105822\n|move|p2b: Flutter Mane|Moonblast|p1b: Kingambit\n|-damage|p1b: Kingambit|49\/100\n|move|p2a: Chi-Yu|Flamethrower|p1b: Kingambit\n|-damage|p1b: Kingambit|30\/100\n|move|p1a: Grimmsnarl|Spirit Break|p2a: Chi-Yu\n|-damage|p2a: Chi-Yu|0 fnt\n|faint|p2a: Chi-Yu\n|move|p1b: Kingambit|Iron Head|p2b: Flutter Mane\n|-supereffective|p2b: Flutter Mane\n|-end|p2b: Flutter Mane|Substitute\n|\n|upkeep\n|\n|t:|1684105835\n|switch|p2a: Dondozo|Dondozo, L50, F|84\/100\n|turn|7\n|\n|t:|1684105850\n|move|p2b: Flutter Mane|Protect|p2b: Flutter Mane\n|-singleturn|p2b: Flutter Mane|Protect\n|move|p1a: Grimmsnarl|Spirit Break|p2a: Dondozo\n|-damage|p2a: Dondozo|69\/100\n|-unboost|p2a: Dondozo|spa|1\n|move|p1b: Kingambit|Kowtow Cleave|p2a: Dondozo\n|-damage|p2a: Dondozo|43\/100\n|-enditem|p2a: Dondozo|Sitrus Berry|[eat]\n|-heal|p2a: Dondozo|68\/100|[from] item: Sitrus Berry\n|move|p2a: Dondozo|Wave Crash|p1b: Kingambit\n|-damage|p1b: Kingambit|10\/100\n|-damage|p2a: Dondozo|62\/100|[from] Recoil\n|\n|upkeep\n|turn|8\n|\n|t:|1684105871\n|move|p1b: Kingambit|Sucker Punch||[still]\n|-fail|p1b: Kingambit\n|move|p2b: Flutter Mane|Substitute|p2b: Flutter Mane\n|-start|p2b: Flutter Mane|Substitute\n|-damage|p2b: Flutter Mane|51\/100\n|move|p1a: Grimmsnarl|Spirit Break|p2b: Flutter Mane\n|-end|p2b: Flutter Mane|Substitute\n|move|p2a: Dondozo|Wave Crash|p1b: Kingambit\n|-damage|p1b: Kingambit|0 fnt\n|faint|p1b: Kingambit\n|-damage|p2a: Dondozo|59\/100|[from] Recoil\n|\n|upkeep\n|turn|9\n|-message|TrainingCes forfeited.\n|\n|win|MajesticCamel666\n|raw|TrainingCes's rating: 1151 → 1131<\/strong> (-20 for losing)\n|raw|MajesticCamel666's rating: 1223 → 1243<\/strong> (+20 for winning)\n|l|\u2606TrainingCes\n","uploadtime":1684105888,"views":6,"p1id":"trainingces","p2id":"majesticcamel666","formatid":"gen9vgc2023regulationc","rating":1131,"private":0,"password":""}