{"id":"gen9vgc2023regulationc-1861471493","p1":"TyrantrumLegend","p2":"ratikate","format":"[Gen 9] VGC 2023 Regulation C","log":"|j|\u2606TyrantrumLegend\n|j|\u2606ratikate\n|t:|1683761966\n|gametype|doubles\n|player|p1|TyrantrumLegend|101|1110\n|player|p2|ratikate|hilbert-wonderlauncher|1196\n|teamsize|p1|6\n|teamsize|p2|6\n|gen|9\n|tier|[Gen 9] VGC 2023 Regulation C\n|rated|\n|rule|Species Clause: Limit one of each Pok\u00e9mon\n|rule|Item Clause: Limit one of each item\n|clearpoke\n|poke|p1|Crocalor, L50, M|\n|poke|p1|Amoonguss, L50, M|\n|poke|p1|Salamence, L50, F|\n|poke|p1|Gothitelle, L50, F|\n|poke|p1|Annihilape, L50, M|\n|poke|p1|Scream Tail, L50|\n|poke|p2|Annihilape, L50, F|\n|poke|p2|Arcanine, L50, M|\n|poke|p2|Palafin, L50, F|\n|poke|p2|Flutter Mane, L50|\n|poke|p2|Farigiraf, L50, M|\n|poke|p2|Great Tusk, L50|\n|teampreview|4\n|\n|t:|1683762017\n|start\n|switch|p1a: Scream Tail|Scream Tail, L50|100\/100\n|switch|p1b: Annihilape|Annihilape, L50, M|100\/100\n|switch|p2a: Annihilape|Annihilape, L50, F|100\/100\n|switch|p2b: Flutter Mane|Flutter Mane, L50|100\/100\n|-enditem|p1a: Scream Tail|Booster Energy\n|-activate|p1a: Scream Tail|ability: Protosynthesis|[fromitem]\n|-start|p1a: Scream Tail|protosynthesisspe\n|turn|1\n|\n|t:|1683762046\n|switch|p1b: Salamence|Salamence, L50, F|100\/100\n|-ability|p1b: Salamence|Intimidate|boost\n|-unboost|p2a: Annihilape|atk|1\n|-ability|p2a: Annihilape|Defiant|boost\n|-boost|p2a: Annihilape|atk|2\n|-unboost|p2b: Flutter Mane|atk|1\n|move|p1a: Scream Tail|Light Screen|p1a: Scream Tail\n|-sidestart|p1: TyrantrumLegend|move: Light Screen\n|move|p2b: Flutter Mane|Moonblast|p1a: Scream Tail\n|-damage|p1a: Scream Tail|61\/100\n|move|p2a: Annihilape|Bulk Up|p2a: Annihilape\n|-boost|p2a: Annihilape|atk|1\n|-boost|p2a: Annihilape|def|1\n|\n|upkeep\n|turn|2\n|\n|t:|1683762059\n|-end|p2b: Flutter Mane|Protosynthesis|[silent]\n|switch|p2b: Arcanine|Arcanine, L50, M, shiny|100\/100\n|-ability|p2b: Arcanine|Intimidate|boost\n|-unboost|p1a: Scream Tail|atk|1\n|-unboost|p1b: Salamence|atk|1\n|move|p1a: Scream Tail|Perish Song|p1a: Scream Tail\n|-start|p1a: Scream Tail|perish3|[silent]\n|-start|p1b: Salamence|perish3|[silent]\n|-start|p2a: Annihilape|perish3|[silent]\n|-start|p2b: Arcanine|perish3|[silent]\n|-fieldactivate|move: Perish Song\n|move|p1b: Salamence|Tailwind|p1b: Salamence\n|-sidestart|p1: TyrantrumLegend|move: Tailwind\n|move|p2a: Annihilape|Bulk Up|p2a: Annihilape\n|-boost|p2a: Annihilape|atk|1\n|-boost|p2a: Annihilape|def|1\n|\n|-start|p1a: Scream Tail|perish3\n|-start|p1b: Salamence|perish3\n|-start|p2b: Arcanine|perish3\n|-start|p2a: Annihilape|perish3\n|upkeep\n|turn|3\n|\n|t:|1683762087\n|switch|p2b: Flutter Mane|Flutter Mane, L50|100\/100\n|switch|p2a: Great Tusk|Great Tusk, L50|100\/100\n|move|p1a: Scream Tail|Reflect|p1a: Scream Tail\n|-sidestart|p1: TyrantrumLegend|Reflect\n|move|p1b: Salamence|Dual Wingbeat|p2a: Great Tusk\n|-supereffective|p2a: Great Tusk\n|-damage|p2a: Great Tusk|78\/100\n|-supereffective|p2a: Great Tusk\n|-damage|p2a: Great Tusk|59\/100\n|-hitcount|p2a: Great Tusk|2\n|\n|-start|p1a: Scream Tail|perish2\n|-start|p1b: Salamence|perish2\n|upkeep\n|turn|4\n|\n|t:|1683762116\n|switch|p1b: Amoonguss|Amoonguss, L50, M|100\/100\n|move|p1a: Scream Tail|Perish Song|p1a: Scream Tail\n|-start|p1b: Amoonguss|perish3|[silent]\n|-start|p2a: Great Tusk|perish3|[silent]\n|-start|p2b: Flutter Mane|perish3|[silent]\n|-fieldactivate|move: Perish Song\n|move|p2a: Great Tusk|Stealth Rock|p1a: Scream Tail\n|-sidestart|p1: TyrantrumLegend|move: Stealth Rock\n|move|p2b: Flutter Mane|Moonblast|p1b: Amoonguss\n|-resisted|p1b: Amoonguss\n|-damage|p1b: Amoonguss|82\/100\n|\n|-heal|p1b: Amoonguss|88\/100|[from] item: Black Sludge\n|-start|p1a: Scream Tail|perish1\n|-start|p2a: Great Tusk|perish3\n|-start|p2b: Flutter Mane|perish3\n|-start|p1b: Amoonguss|perish3\n|upkeep\n|turn|5\n|\n|t:|1683762167\n|-end|p1a: Scream Tail|Protosynthesis|[silent]\n|switch|p1a: Salamence|Salamence, L50, F|100\/100\n|-damage|p1a: Salamence|75\/100|[from] Stealth Rock\n|-ability|p1a: Salamence|Intimidate|boost\n|-unboost|p2a: Great Tusk|atk|1\n|-unboost|p2b: Flutter Mane|atk|1\n|-end|p2a: Great Tusk|Protosynthesis|[silent]\n|switch|p2a: Arcanine|Arcanine, L50, M, shiny|100\/100\n|-ability|p2a: Arcanine|Intimidate|boost\n|-unboost|p1a: Salamence|atk|1\n|-unboost|p1b: Amoonguss|atk|1\n|move|p2b: Flutter Mane|Moonblast|p1a: Salamence\n|-supereffective|p1a: Salamence\n|-damage|p1a: Salamence|0 fnt\n|faint|p1a: Salamence\n|move|p1b: Amoonguss|Spore|p2b: Flutter Mane\n|-status|p2b: Flutter Mane|slp|[from] move: Spore\n|\n|-heal|p1b: Amoonguss|94\/100|[from] item: Black Sludge\n|-start|p2b: Flutter Mane|perish2\n|-start|p1b: Amoonguss|perish2\n|-sideend|p1: TyrantrumLegend|move: Light Screen\n|-sideend|p1: TyrantrumLegend|move: Tailwind\n|upkeep\n|\n|t:|1683762187\n|switch|p1a: Annihilape|Annihilape, L50, M|100\/100\n|-damage|p1a: Annihilape|95\/100|[from] Stealth Rock\n|turn|6\n|\n|t:|1683762209\n|switch|p1a: Scream Tail|Scream Tail, L50|61\/100\n|-damage|p1a: Scream Tail|49\/100|[from] Stealth Rock\n|cant|p2b: Flutter Mane|slp\n|move|p2a: Arcanine|Will-O-Wisp|p1a: Scream Tail\n|-status|p1a: Scream Tail|brn\n|move|p1b: Amoonguss|Spore|p2a: Arcanine\n|-status|p2a: Arcanine|slp|[from] move: Spore\n|\n|-heal|p1b: Amoonguss|99\/100|[from] item: Black Sludge\n|-damage|p1a: Scream Tail|43\/100 brn|[from] brn\n|-start|p2b: Flutter Mane|perish1\n|-start|p1b: Amoonguss|perish1\n|upkeep\n|turn|7\n|\n|t:|1683762236\n|-end|p2b: Flutter Mane|Protosynthesis|[silent]\n|switch|p2b: Great Tusk|Great Tusk, L50|59\/100\n|switch|p1b: Annihilape|Annihilape, L50, M|95\/100\n|-damage|p1b: Annihilape|89\/100|[from] Stealth Rock\n|move|p1a: Scream Tail|Perish Song|p1a: Scream Tail\n|-start|p1a: Scream Tail|perish3|[silent]\n|-start|p1b: Annihilape|perish3|[silent]\n|-start|p2a: Arcanine|perish3|[silent]\n|-start|p2b: Great Tusk|perish3|[silent]\n|-fieldactivate|move: Perish Song\n|cant|p2a: Arcanine|slp\n|\n|-damage|p1a: Scream Tail|37\/100 brn|[from] brn\n|-start|p2b: Great Tusk|perish3\n|-start|p1a: Scream Tail|perish3\n|-start|p2a: Arcanine|perish3\n|-start|p1b: Annihilape|perish3\n|-sideend|p1: TyrantrumLegend|Reflect\n|upkeep\n|turn|8\n|\n|t:|1683762258\n|move|p2b: Great Tusk|Knock Off|p1b: Annihilape\n|-damage|p1b: Annihilape|51\/100\n|-enditem|p1b: Annihilape|Safety Goggles|[from] move: Knock Off|[of] p2b: Great Tusk\n|move|p1a: Scream Tail|Reflect|p1a: Scream Tail\n|-sidestart|p1: TyrantrumLegend|Reflect\n|-curestatus|p2a: Arcanine|slp|[msg]\n|move|p2a: Arcanine|Will-O-Wisp|p1b: Annihilape\n|-status|p1b: Annihilape|brn\n|move|p1b: Annihilape|Rage Fist|p2a: Arcanine\n|-damage|p2a: Arcanine|77\/100\n|\n|-damage|p1a: Scream Tail|32\/100 brn|[from] brn\n|-damage|p1b: Annihilape|45\/100 brn|[from] brn\n|-start|p2b: Great Tusk|perish2\n|-start|p1a: Scream Tail|perish2\n|-start|p2a: Arcanine|perish2\n|-start|p1b: Annihilape|perish2\n|upkeep\n|turn|9\n|\n|t:|1683762279\n|-end|p2b: Great Tusk|Protosynthesis|[silent]\n|switch|p2b: Flutter Mane|Flutter Mane, L50|100\/100 slp\n|switch|p2a: Annihilape|Annihilape, L50, F|100\/100\n|move|p1a: Scream Tail|Light Screen|p1a: Scream Tail\n|-sidestart|p1: TyrantrumLegend|move: Light Screen\n|move|p1b: Annihilape|Rage Fist|p2b: Flutter Mane\n|-supereffective|p2b: Flutter Mane\n|-damage|p2b: Flutter Mane|29\/100 slp\n|\n|-damage|p1a: Scream Tail|26\/100 brn|[from] brn\n|-damage|p1b: Annihilape|39\/100 brn|[from] brn\n|-start|p1a: Scream Tail|perish1\n|-start|p1b: Annihilape|perish1\n|upkeep\n|turn|10\n|\n|t:|1683762314\n|-end|p2b: Flutter Mane|Protosynthesis|[silent]\n|switch|p2b: Great Tusk|Great Tusk, L50|59\/100\n|switch|p1b: Amoonguss|Amoonguss, L50, M|100\/100\n|-damage|p1b: Amoonguss|88\/100|[from] Stealth Rock\n|move|p1a: Scream Tail|Perish Song|p1a: Scream Tail\n|-start|p1b: Amoonguss|perish3|[silent]\n|-start|p2a: Annihilape|perish3|[silent]\n|-start|p2b: Great Tusk|perish3|[silent]\n|-fieldactivate|move: Perish Song\n|move|p2a: Annihilape|Bulk Up|p2a: Annihilape\n|-boost|p2a: Annihilape|atk|1\n|-boost|p2a: Annihilape|def|1\n|\n|-heal|p1b: Amoonguss|94\/100|[from] item: Black Sludge\n|-damage|p1a: Scream Tail|20\/100 brn|[from] brn\n|-start|p2b: Great Tusk|perish3\n|-start|p1a: Scream Tail|perish0\n|-start|p2a: Annihilape|perish3\n|faint|p1a: Scream Tail\n|-end|p1a: Scream Tail|Protosynthesis|[silent]\n|-start|p1b: Amoonguss|perish3\n|upkeep\n|\n|t:|1683762326\n|switch|p1a: Annihilape|Annihilape, L50, M|39\/100 brn\n|-damage|p1a: Annihilape|33\/100 brn|[from] Stealth Rock\n|turn|11\n|\n|t:|1683762340\n|move|p2b: Great Tusk|Knock Off|p1b: Amoonguss\n|-damage|p1b: Amoonguss|67\/100\n|-enditem|p1b: Amoonguss|Black Sludge|[from] move: Knock Off|[of] p2b: Great Tusk\n|move|p2a: Annihilape|Substitute|p2a: Annihilape\n|-start|p2a: Annihilape|Substitute\n|-damage|p2a: Annihilape|76\/100\n|move|p1a: Annihilape|Bulk Up|p1a: Annihilape\n|-boost|p1a: Annihilape|atk|1\n|-boost|p1a: Annihilape|def|1\n|move|p1b: Amoonguss|Pollen Puff|p1a: Annihilape\n|-heal|p1a: Annihilape|83\/100 brn\n|\n|-heal|p2a: Annihilape|82\/100|[from] item: Leftovers\n|-damage|p1a: Annihilape|77\/100 brn|[from] brn\n|-start|p2b: Great Tusk|perish2\n|-start|p2a: Annihilape|perish2\n|-start|p1b: Amoonguss|perish2\n|upkeep\n|turn|12\n|\n|t:|1683762353\n|switch|p2a: Flutter Mane|Flutter Mane, L50|29\/100 slp\n|move|p2b: Great Tusk|Knock Off|p1b: Amoonguss\n|-damage|p1b: Amoonguss|48\/100\n|move|p1a: Annihilape|Bulk Up|p1a: Annihilape\n|-boost|p1a: Annihilape|atk|1\n|-boost|p1a: Annihilape|def|1\n|move|p1b: Amoonguss|Spore|p2b: Great Tusk\n|-status|p2b: Great Tusk|slp|[from] move: Spore\n|\n|-damage|p1a: Annihilape|71\/100 brn|[from] brn\n|-start|p2b: Great Tusk|perish1\n|-start|p1b: Amoonguss|perish1\n|-sideend|p1: TyrantrumLegend|Reflect\n|upkeep\n|turn|13\n|\n|t:|1683762366\n|-end|p2b: Great Tusk|Protosynthesis|[silent]\n|switch|p2b: Annihilape|Annihilape, L50, F|82\/100\n|-curestatus|p2a: Flutter Mane|slp|[msg]\n|move|p2a: Flutter Mane|Moonblast|p1a: Annihilape\n|-supereffective|p1a: Annihilape\n|-damage|p1a: Annihilape|0 fnt\n|faint|p1a: Annihilape\n|move|p1b: Amoonguss|Pollen Puff|p1: Annihilape|[notarget]\n|-fail|p1b: Amoonguss\n|\n|-heal|p2b: Annihilape|88\/100|[from] item: Leftovers\n|-start|p1b: Amoonguss|perish0\n|-sideend|p1: TyrantrumLegend|move: Light Screen\n|upkeep\n|faint|p1b: Amoonguss\n|\n|win|ratikate\n|raw|TyrantrumLegend's rating: 1110 → 1091<\/strong> (-19 for losing)\n|raw|ratikate's rating: 1196 → 1215<\/strong> (+19 for winning)\n|l|\u2606TyrantrumLegend\n","uploadtime":1683762378,"views":4,"p1id":"tyrantrumlegend","p2id":"ratikate","formatid":"gen9vgc2023regulationc","rating":1091,"private":0,"password":""}