{"id":"gen9vgc2023regulationc-1845104491","p1":"StVero","p2":"ReitzCracker","format":"[Gen 9] VGC 2023 Regulation C","log":"|j|\u2606StVero\n|j|\u2606ReitzCracker\n|t:|1681684036\n|gametype|doubles\n|player|p1|StVero|2|1149\n|player|p2|ReitzCracker|266|1127\n|teamsize|p1|6\n|teamsize|p2|6\n|gen|9\n|tier|[Gen 9] VGC 2023 Regulation C\n|rated|\n|rule|Species Clause: Limit one of each Pok\u00e9mon\n|rule|Item Clause: Limit one of each item\n|clearpoke\n|poke|p1|Espathra, L50, M|\n|poke|p1|Flutter Mane, L50|\n|poke|p1|Arcanine, L50, F|\n|poke|p1|Gyarados, L50, M|\n|poke|p1|Brute Bonnet, L50|\n|poke|p1|Kingambit, L50, M|\n|poke|p2|Gyarados, L50, M|\n|poke|p2|Amoonguss, L50, M|\n|poke|p2|Kingambit, L50, M|\n|poke|p2|Iron Hands, L50|\n|poke|p2|Chi-Yu, L50|\n|poke|p2|Farigiraf, L50, M|\n|teampreview|4\n|inactive|Battle timer is ON: inactive players will automatically lose when time's up. (requested by ReitzCracker)\n|inactive|StVero has 60 seconds left.\n|\n|t:|1681684071\n|start\n|switch|p1a: Espathra|Espathra, L50, M, shiny|100\/100\n|switch|p1b: Flutter Mane|Flutter Mane, L50|100\/100\n|switch|p2a: Kingambit|Kingambit, L50, M|100\/100\n|switch|p2b: Iron Hands|Iron Hands, L50|100\/100\n|-enditem|p1b: Flutter Mane|Booster Energy\n|-activate|p1b: Flutter Mane|ability: Protosynthesis|[fromitem]\n|-start|p1b: Flutter Mane|protosynthesisspe\n|turn|1\n|inactive|ReitzCracker has 30 seconds left.\n|inactive|ReitzCracker has 20 seconds left.\n|\n|t:|1681684108\n|switch|p1a: Kingambit|Kingambit, L50, M|100\/100\n|-end|p2b: Iron Hands|Quark Drive|[silent]\n|switch|p2b: Amoonguss|Amoonguss, L50, M|100\/100\n|move|p1b: Flutter Mane|Protect|p1b: Flutter Mane\n|-singleturn|p1b: Flutter Mane|Protect\n|move|p2a: Kingambit|Iron Head|p1b: Flutter Mane\n|-activate|p1b: Flutter Mane|move: Protect\n|\n|upkeep\n|turn|2\n|\n|t:|1681684127\n|-end|p1b: Flutter Mane|Protosynthesis|[silent]\n|switch|p1b: Arcanine|Arcanine, L50, F|100\/100\n|-ability|p1b: Arcanine|Intimidate|boost\n|-unboost|p2a: Kingambit|atk|1\n|-ability|p2a: Kingambit|Defiant|boost\n|-boost|p2a: Kingambit|atk|2\n|-unboost|p2b: Amoonguss|atk|1\n|move|p1a: Kingambit|Low Kick|p2a: Kingambit\n|-supereffective|p2a: Kingambit\n|-damage|p2a: Kingambit|0 fnt\n|faint|p2a: Kingambit\n|move|p2b: Amoonguss|Spore|p1a: Kingambit\n|-status|p1a: Kingambit|slp|[from] move: Spore\n|\n|upkeep\n|\n|t:|1681684141\n|switch|p2a: Gyarados|Gyarados, L50, M, shiny|100\/100\n|-ability|p2a: Gyarados|Intimidate|boost\n|-unboost|p1a: Kingambit|atk|1\n|-ability|p1a: Kingambit|Defiant|boost\n|-boost|p1a: Kingambit|atk|2\n|-enditem|p2a: Gyarados|Mirror Herb\n|-boost|p2a: Gyarados|atk|2|[from] item: Mirror Herb\n|-unboost|p1b: Arcanine|atk|1\n|turn|3\n|\n|t:|1681684158\n|-terastallize|p1b: Arcanine|Water\n|cant|p1a: Kingambit|slp\n|move|p1b: Arcanine|Howl|p1b: Arcanine|[spread] p1a,p1b\n|-boost|p1a: Kingambit|atk|1\n|-boost|p1b: Arcanine|atk|1\n|move|p2a: Gyarados|Waterfall|p1b: Arcanine\n|-resisted|p1b: Arcanine\n|-crit|p1b: Arcanine\n|-damage|p1b: Arcanine|33\/100\n|move|p2b: Amoonguss|Spore|p1b: Arcanine\n|-activate|p1b: Arcanine|item: Safety Goggles|Spore\n|\n|upkeep\n|turn|4\n|inactive|ReitzCracker has 30 seconds left.\n|\n|t:|1681684184\n|cant|p1a: Kingambit|slp\n|move|p1b: Arcanine|Morning Sun|p1b: Arcanine\n|-heal|p1b: Arcanine|83\/100\n|move|p2a: Gyarados|Waterfall|p1b: Arcanine\n|-resisted|p1b: Arcanine\n|-damage|p1b: Arcanine|42\/100\n|move|p2b: Amoonguss|Clear Smog|p1b: Arcanine\n|-damage|p1b: Arcanine|25\/100\n|-clearboost|p1b: Arcanine\n|\n|upkeep\n|turn|5\n|\n|t:|1681684200\n|cant|p1a: Kingambit|slp\n|move|p1b: Arcanine|Morning Sun|p1b: Arcanine\n|-heal|p1b: Arcanine|75\/100\n|move|p2a: Gyarados|Thunder Wave|p1b: Arcanine\n|-status|p1b: Arcanine|par\n|move|p2b: Amoonguss|Spore|p1a: Kingambit\n|-fail|p1a: Kingambit|slp\n|\n|upkeep\n|turn|6\n|\n|t:|1681684219\n|-curestatus|p1a: Kingambit|slp|[msg]\n|move|p1a: Kingambit|Sucker Punch|p2a: Gyarados\n|-damage|p2a: Gyarados|17\/100\n|move|p2a: Gyarados|Waterfall|p1b: Arcanine\n|-resisted|p1b: Arcanine\n|-damage|p1b: Arcanine|31\/100 par\n|move|p1b: Arcanine|Flare Blitz|p2b: Amoonguss\n|-supereffective|p2b: Amoonguss\n|-damage|p2b: Amoonguss|13\/100\n|-enditem|p2b: Amoonguss|Sitrus Berry|[eat]\n|-heal|p2b: Amoonguss|38\/100|[from] item: Sitrus Berry\n|-damage|p1b: Arcanine|0 fnt|[from] Recoil\n|faint|p1b: Arcanine\n|move|p2b: Amoonguss|Spore|p1a: Kingambit\n|-status|p1a: Kingambit|slp|[from] move: Spore\n|\n|upkeep\n|inactive|StVero has 30 seconds left.\n|\n|t:|1681684247\n|switch|p1b: Flutter Mane|Flutter Mane, L50|100\/100\n|turn|7\n|\n|t:|1681684265\n|move|p1b: Flutter Mane|Protect|p1b: Flutter Mane\n|-singleturn|p1b: Flutter Mane|Protect\n|move|p2a: Gyarados|Protect|p2a: Gyarados\n|-singleturn|p2a: Gyarados|Protect\n|cant|p1a: Kingambit|slp\n|move|p2b: Amoonguss|Spore|p1b: Flutter Mane\n|-activate|p1b: Flutter Mane|move: Protect\n|\n|upkeep\n|turn|8\n|\n|t:|1681684278\n|move|p2b: Amoonguss|Rage Powder|p2b: Amoonguss\n|-singleturn|p2b: Amoonguss|move: Rage Powder\n|-curestatus|p1a: Kingambit|slp|[msg]\n|move|p1a: Kingambit|Sucker Punch||[still]\n|-fail|p1a: Kingambit\n|move|p1b: Flutter Mane|Shadow Ball|p2b: Amoonguss\n|-damage|p2b: Amoonguss|2\/100\n|move|p2a: Gyarados|Waterfall|p1b: Flutter Mane\n|-damage|p1b: Flutter Mane|0 fnt\n|faint|p1b: Flutter Mane\n|-end|p1b: Flutter Mane|Protosynthesis|[silent]\n|\n|upkeep\n|\n|t:|1681684288\n|switch|p1b: Espathra|Espathra, L50, M, shiny|100\/100\n|turn|9\n|\n|t:|1681684306\n|move|p2b: Amoonguss|Rage Powder|p2b: Amoonguss\n|-singleturn|p2b: Amoonguss|move: Rage Powder\n|move|p1b: Espathra|Lumina Crash|p2b: Amoonguss\n|-supereffective|p2b: Amoonguss\n|-crit|p2b: Amoonguss\n|-damage|p2b: Amoonguss|0 fnt\n|faint|p2b: Amoonguss\n|move|p2a: Gyarados|Waterfall|p1a: Kingambit\n|-damage|p1a: Kingambit|38\/100\n|cant|p1a: Kingambit|flinch\n|\n|-ability|p1b: Espathra|Speed Boost|boost\n|-boost|p1b: Espathra|spe|1\n|upkeep\n|\n|t:|1681684317\n|switch|p2b: Iron Hands|Iron Hands, L50|100\/100\n|turn|10\n|\n|t:|1681684336\n|-terastallize|p2b: Iron Hands|Grass\n|move|p2b: Iron Hands|Fake Out|p1a: Kingambit\n|-resisted|p1a: Kingambit\n|-damage|p1a: Kingambit|32\/100\n|cant|p1a: Kingambit|flinch\n|move|p1b: Espathra|Lumina Crash|p2a: Gyarados\n|-damage|p2a: Gyarados|0 fnt\n|faint|p2a: Gyarados\n|\n|-ability|p1b: Espathra|Speed Boost|boost\n|-boost|p1b: Espathra|spe|1\n|upkeep\n|turn|11\n|\n|t:|1681684351\n|move|p1b: Espathra|Lumina Crash|p2b: Iron Hands\n|-damage|p2b: Iron Hands|80\/100\n|-unboost|p2b: Iron Hands|spd|2\n|move|p1a: Kingambit|Low Kick|p2b: Iron Hands\n|-damage|p2b: Iron Hands|16\/100\n|move|p2b: Iron Hands|Drain Punch|p1a: Kingambit\n|-supereffective|p1a: Kingambit\n|-damage|p1a: Kingambit|0 fnt\n|-heal|p2b: Iron Hands|28\/100|[from] drain|[of] p1a: Kingambit\n|faint|p1a: Kingambit\n|\n|-ability|p1b: Espathra|Speed Boost|boost\n|-boost|p1b: Espathra|spe|1\n|upkeep\n|turn|12\n|\n|t:|1681684364\n|move|p1b: Espathra|Lumina Crash|p2b: Iron Hands\n|-crit|p2b: Iron Hands\n|-damage|p2b: Iron Hands|0 fnt\n|faint|p2b: Iron Hands\n|-end|p2b: Iron Hands|Quark Drive|[silent]\n|\n|win|StVero\n|raw|StVero's rating: 1149 → 1172<\/strong> (+23 for winning)\n|raw|ReitzCracker's rating: 1127 → 1104<\/strong> (-23 for losing)\n","uploadtime":1681684373,"views":8,"p1id":"stvero","p2id":"reitzcracker","formatid":"gen9vgc2023regulationc","rating":1104,"private":0,"password":""}