{"id":"gen9vgc2023regulationc-1850074613","p1":"aVCBeN","p2":"Kirovz","format":"[Gen 9] VGC 2023 Regulation C","log":"|j|\u2606aVCBeN\n|j|\u2606Kirovz\n|t:|1682284381\n|gametype|doubles\n|player|p1|aVCBeN|169|1130\n|player|p2|Kirovz|lance|1224\n|teamsize|p1|6\n|teamsize|p2|6\n|gen|9\n|tier|[Gen 9] VGC 2023 Regulation C\n|rated|\n|rule|Species Clause: Limit one of each Pok\u00e9mon\n|rule|Item Clause: Limit one of each item\n|clearpoke\n|poke|p1|Ting-Lu, L50|\n|poke|p1|Talonflame, L50, M|\n|poke|p1|Gyarados, L50, F|\n|poke|p1|Baxcalibur, L50, M|\n|poke|p1|Amoonguss, L50, M|\n|poke|p1|Flutter Mane, L50|\n|poke|p2|Dondozo, L50, M|\n|poke|p2|Tatsugiri-Stretchy, L50, F|\n|poke|p2|Chi-Yu, L50|\n|poke|p2|Flutter Mane, L50|\n|poke|p2|Dragonite, L50, M|\n|poke|p2|Glimmora, L50, F|\n|teampreview|4\n|inactive|Battle timer is ON: inactive players will automatically lose when time's up. (requested by Kirovz)\n|\n|t:|1682284435\n|start\n|switch|p1a: Talonflame|Talonflame, L50, M|100\/100\n|switch|p1b: Flutter Mane|Flutter Mane, L50|100\/100\n|switch|p2a: Glimmora|Glimmora, L50, F|100\/100\n|switch|p2b: Dondozo|Dondozo, L50, M|100\/100\n|turn|1\n|inactive|aVCBeN has 30 seconds left.\n|inactive|aVCBeN has 20 seconds left.\n|inactive|aVCBeN has 15 seconds left.\n|\n|t:|1682284476\n|move|p1b: Flutter Mane|Protect|p1b: Flutter Mane\n|-singleturn|p1b: Flutter Mane|Protect\n|move|p1a: Talonflame|Tailwind|p1a: Talonflame\n|-sidestart|p1: aVCBeN|move: Tailwind\n|move|p2a: Glimmora|Power Gem|p1a: Talonflame\n|-supereffective|p1a: Talonflame\n|-damage|p1a: Talonflame|0 fnt\n|faint|p1a: Talonflame\n|move|p2b: Dondozo|Yawn|p1b: Flutter Mane\n|-activate|p1b: Flutter Mane|move: Protect\n|\n|upkeep\n|\n|t:|1682284494\n|switch|p1a: Baxcalibur|Baxcalibur, L50, M|100\/100\n|turn|2\n|\n|t:|1682284511\n|move|p1b: Flutter Mane|Thunderbolt|p2b: Dondozo\n|-supereffective|p2b: Dondozo\n|-damage|p2b: Dondozo|58\/100\n|move|p1a: Baxcalibur|Glaive Rush|p2b: Dondozo\n|-damage|p2b: Dondozo|14\/100\n|-singlemove|p1a: Baxcalibur|Glaive Rush|[silent]\n|-enditem|p2b: Dondozo|Sitrus Berry|[eat]\n|-heal|p2b: Dondozo|39\/100|[from] item: Sitrus Berry\n|move|p2a: Glimmora|Toxic|p1b: Flutter Mane\n|-status|p1b: Flutter Mane|tox\n|move|p2b: Dondozo|Yawn|p1a: Baxcalibur\n|-start|p1a: Baxcalibur|move: Yawn|[of] p2b: Dondozo\n|\n|-damage|p1b: Flutter Mane|94\/100 tox|[from] psn\n|upkeep\n|turn|3\n|\n|t:|1682284535\n|switch|p1a: Ting-Lu|Ting-Lu, L50|100\/100\n|-ability|p1a: Ting-Lu|Vessel of Ruin\n|move|p2b: Dondozo|Protect|p2b: Dondozo\n|-singleturn|p2b: Dondozo|Protect\n|move|p1b: Flutter Mane|Thunderbolt|p2b: Dondozo\n|-activate|p2b: Dondozo|move: Protect\n|move|p2a: Glimmora|Power Gem|p1a: Ting-Lu\n|-resisted|p1a: Ting-Lu\n|-damage|p1a: Ting-Lu|92\/100\n|\n|-damage|p1b: Flutter Mane|82\/100 tox|[from] psn\n|upkeep\n|turn|4\n|\n|t:|1682284558\n|move|p1b: Flutter Mane|Protect|p1b: Flutter Mane\n|-singleturn|p1b: Flutter Mane|Protect\n|move|p2a: Glimmora|Spiky Shield|p2a: Glimmora\n|-singleturn|p2a: Glimmora|move: Protect\n|move|p1a: Ting-Lu|Earthquake|p2b: Dondozo|[spread] p2b\n|-activate|p1b: Flutter Mane|move: Protect\n|-activate|p2a: Glimmora|move: Protect\n|-damage|p2b: Dondozo|14\/100\n|move|p2b: Dondozo|Bulldoze|p1a: Ting-Lu|[spread] p1a\n|-activate|p2a: Glimmora|move: Protect\n|-activate|p1b: Flutter Mane|move: Protect\n|-damage|p1a: Ting-Lu|85\/100\n|-unboost|p1a: Ting-Lu|spe|1\n|\n|-damage|p1b: Flutter Mane|64\/100 tox|[from] psn\n|-sideend|p1: aVCBeN|move: Tailwind\n|upkeep\n|turn|5\n|inactive|aVCBeN has 30 seconds left.\n|inactive|aVCBeN has 20 seconds left.\n|\n|t:|1682284596\n|-end|p1b: Flutter Mane|Protosynthesis|[silent]\n|switch|p1b: Baxcalibur|Baxcalibur, L50, M|100\/100\n|move|p2a: Glimmora|Toxic|p1a: Ting-Lu\n|-status|p1a: Ting-Lu|tox\n|move|p2b: Dondozo|Wave Crash|p1a: Ting-Lu\n|-supereffective|p1a: Ting-Lu\n|-damage|p1a: Ting-Lu|38\/100 tox\n|-damage|p2b: Dondozo|0 fnt|[from] Recoil\n|faint|p2b: Dondozo\n|move|p1a: Ting-Lu|Earthquake|p2a: Glimmora|[spread] p1b,p2a\n|-supereffective|p2a: Glimmora\n|-damage|p1b: Baxcalibur|66\/100\n|-enditem|p2a: Glimmora|Focus Sash\n|-damage|p2a: Glimmora|1\/100\n|-activate|p2a: Glimmora|ability: Toxic Debris\n|-sidestart|p1: aVCBeN|move: Toxic Spikes\n|\n|-damage|p1a: Ting-Lu|32\/100 tox|[from] psn\n|upkeep\n|\n|t:|1682284610\n|switch|p2b: Flutter Mane|Flutter Mane, L50|100\/100\n|-enditem|p2b: Flutter Mane|Booster Energy\n|-activate|p2b: Flutter Mane|ability: Protosynthesis|[fromitem]\n|-start|p2b: Flutter Mane|protosynthesisspe\n|turn|6\n|inactive|aVCBeN has 30 seconds left.\n|inactive|aVCBeN has 20 seconds left.\n|inactive|aVCBeN has 15 seconds left.\n|\n|t:|1682284654\n|-terastallize|p1a: Ting-Lu|Poison\n|move|p2b: Flutter Mane|Protect|p2b: Flutter Mane\n|-singleturn|p2b: Flutter Mane|Protect\n|move|p1b: Baxcalibur|Protect|p1b: Baxcalibur\n|-singleturn|p1b: Baxcalibur|Protect\n|move|p2a: Glimmora|Power Gem|p1b: Baxcalibur\n|-activate|p1b: Baxcalibur|move: Protect\n|move|p1a: Ting-Lu|Heavy Slam|p2b: Flutter Mane\n|-activate|p2b: Flutter Mane|move: Protect\n|\n|-damage|p1a: Ting-Lu|20\/100 tox|[from] psn\n|upkeep\n|turn|7\n|inactive|aVCBeN has 30 seconds left.\n|\n|t:|1682284679\n|-terastallize|p2b: Flutter Mane|Steel\n|move|p2a: Glimmora|Spiky Shield|p2a: Glimmora\n|-singleturn|p2a: Glimmora|move: Protect\n|move|p1b: Baxcalibur|Ice Shard|p2a: Glimmora\n|-activate|p2a: Glimmora|move: Protect\n|move|p2b: Flutter Mane|Substitute|p2b: Flutter Mane\n|-start|p2b: Flutter Mane|Substitute\n|-damage|p2b: Flutter Mane|76\/100\n|move|p1a: Ting-Lu|Heavy Slam|p2b: Flutter Mane\n|-resisted|p2b: Flutter Mane\n|-end|p2b: Flutter Mane|Substitute\n|\n|-damage|p1a: Ting-Lu|2\/100 tox|[from] psn\n|upkeep\n|turn|8\n|inactive|aVCBeN has 30 seconds left.\n|\n|t:|1682284706\n|move|p2b: Flutter Mane|Protect|p2b: Flutter Mane\n|-singleturn|p2b: Flutter Mane|Protect\n|move|p1b: Baxcalibur|Protect|p1b: Baxcalibur\n|-singleturn|p1b: Baxcalibur|Protect\n|move|p2a: Glimmora|Power Gem|p1b: Baxcalibur\n|-activate|p1b: Baxcalibur|move: Protect\n|move|p1a: Ting-Lu|Earthquake|p2b: Flutter Mane|[spread] p2a\n|-activate|p1b: Baxcalibur|move: Protect\n|-activate|p2b: Flutter Mane|move: Protect\n|-supereffective|p2a: Glimmora\n|-damage|p2a: Glimmora|0 fnt\n|-activate|p2a: Glimmora|ability: Toxic Debris\n|-sidestart|p1: aVCBeN|move: Toxic Spikes\n|faint|p2a: Glimmora\n|\n|-damage|p1a: Ting-Lu|0 fnt|[from] psn\n|faint|p1a: Ting-Lu\n|upkeep\n|\n|t:|1682284725\n|switch|p2a: Chi-Yu|Chi-Yu, L50|100\/100\n|switch|p1a: Flutter Mane|Flutter Mane, L50|64\/100 tox\n|-ability|p2a: Chi-Yu|Beads of Ruin\n|turn|9\n|\n|t:|1682284741\n|move|p2a: Chi-Yu|Protect|p2a: Chi-Yu\n|-singleturn|p2a: Chi-Yu|Protect\n|move|p2b: Flutter Mane|Moonblast|p1b: Baxcalibur\n|-supereffective|p1b: Baxcalibur\n|-damage|p1b: Baxcalibur|0 fnt\n|faint|p1b: Baxcalibur\n|move|p1a: Flutter Mane|Moonblast|p2a: Chi-Yu\n|-activate|p2a: Chi-Yu|move: Protect\n|\n|-damage|p1a: Flutter Mane|58\/100 tox|[from] psn\n|upkeep\n|turn|10\n|-message|aVCBeN forfeited.\n|\n|win|Kirovz\n|raw|aVCBeN's rating: 1130 → 1112<\/strong> (-18 for losing)\n|raw|Kirovz's rating: 1224 → 1242<\/strong> (+18 for winning)\n|l|\u2606aVCBeN\n","uploadtime":1682284762,"views":12,"p1id":"avcben","p2id":"kirovz","formatid":"gen9vgc2023regulationc","rating":1112,"private":0,"password":""}