{"id":"gen9vgc2023regulationc-1857724831","p1":"kanotakekanotake","p2":"geoluc","format":"[Gen 9] VGC 2023 Regulation C","log":"|j|\u2606kanotakekanotake\n|j|\u2606geoluc\n|t:|1683225888\n|gametype|doubles\n|player|p1|kanotakekanotake|smasher|1638\n|player|p2|geoluc|crasherwake|1588\n|teamsize|p1|6\n|teamsize|p2|6\n|gen|9\n|tier|[Gen 9] VGC 2023 Regulation C\n|rated|\n|rule|Species Clause: Limit one of each Pok\u00e9mon\n|rule|Item Clause: Limit one of each item\n|clearpoke\n|poke|p1|Amoonguss, L50, F|\n|poke|p1|Iron Hands, L50|\n|poke|p1|Garganacl, L50, F|\n|poke|p1|Grimmsnarl, L50, M|\n|poke|p1|Gyarados, L50, M|\n|poke|p1|Flutter Mane, L50|\n|poke|p2|Tyranitar, L50, M|\n|poke|p2|Scream Tail, L50|\n|poke|p2|Gyarados, L50, F|\n|poke|p2|Ting-Lu, L50|\n|poke|p2|Orthworm, L50, M|\n|poke|p2|Flutter Mane, L50|\n|teampreview|4\ngeoluc has agreed to open team sheets.\n|inactive|Battle timer is ON: inactive players will automatically lose when time's up. (requested by kanotakekanotake)\n|\n|t:|1683225937\n|start\n|switch|p1a: Iron Hands|Iron Hands, L50|100\/100\n|switch|p1b: Garganacl|Garganacl, L50, F, shiny|100\/100\n|switch|p2a: Scream Tail|Scream Tail, L50|100\/100\n|switch|p2b: Flutter Mane|Flutter Mane, L50|100\/100\n|-enditem|p2a: Scream Tail|Booster Energy\n|-activate|p2a: Scream Tail|ability: Protosynthesis|[fromitem]\n|-start|p2a: Scream Tail|protosynthesisspe\n|turn|1\n|inactive|kanotakekanotake has 30 seconds left.\n|\n|t:|1683225963\n|move|p2a: Scream Tail|Play Rough|p1b: Garganacl\n|-damage|p1b: Garganacl|86\/100\n|move|p2b: Flutter Mane|Moonblast|p1b: Garganacl\n|-damage|p1b: Garganacl|35\/100\n|move|p1a: Iron Hands|Heavy Slam|p2b: Flutter Mane\n|-supereffective|p2b: Flutter Mane\n|-damage|p2b: Flutter Mane|0 fnt\n|faint|p2b: Flutter Mane\n|-end|p2b: Flutter Mane|Protosynthesis|[silent]\n|move|p1b: Garganacl|Salt Cure|p2a: Scream Tail\n|-damage|p2a: Scream Tail|90\/100\n|-start|p2a: Scream Tail|Salt Cure\n|\n|-heal|p1b: Garganacl|41\/100|[from] item: Leftovers\n|-damage|p2a: Scream Tail|78\/100|[from] Salt Cure\n|upkeep\n|\n|t:|1683225982\n|switch|p2b: Ting-Lu|Ting-Lu, L50|100\/100\n|-ability|p2b: Ting-Lu|Vessel of Ruin\n|turn|2\n|\n|t:|1683225992\n|switch|p1b: Gyarados|Gyarados, L50, M, shiny|100\/100\n|-ability|p1b: Gyarados|Intimidate|boost\n|-unboost|p2a: Scream Tail|atk|1\n|-unboost|p2b: Ting-Lu|atk|1\n|-terastallize|p2b: Ting-Lu|Grass\n|move|p2a: Scream Tail|Howl|p2a: Scream Tail|[spread] p2a,p2b\n|-boost|p2a: Scream Tail|atk|1\n|-boost|p2b: Ting-Lu|atk|1\n|move|p1a: Iron Hands|Drain Punch|p2b: Ting-Lu\n|-damage|p2b: Ting-Lu|73\/100\n|move|p2b: Ting-Lu|Stomping Tantrum|p1b: Gyarados\n|-immune|p1b: Gyarados\n|\n|-heal|p2b: Ting-Lu|79\/100|[from] item: Leftovers\n|-damage|p2a: Scream Tail|66\/100|[from] Salt Cure\n|upkeep\n|turn|3\n|j| Lukeit7\n|inactive|kanotakekanotake has 30 seconds left.\n|inactive|kanotakekanotake has 20 seconds left.\n|\n|t:|1683226031\n|move|p2a: Scream Tail|Howl|p2a: Scream Tail|[spread] p2a,p2b\n|-boost|p2a: Scream Tail|atk|1\n|-boost|p2b: Ting-Lu|atk|1\n|move|p1b: Gyarados|Ice Fang|p2b: Ting-Lu\n|-supereffective|p2b: Ting-Lu\n|-damage|p2b: Ting-Lu|57\/100\n|-status|p2b: Ting-Lu|frz\n|move|p1a: Iron Hands|Heavy Slam|p2a: Scream Tail\n|-supereffective|p2a: Scream Tail\n|-damage|p2a: Scream Tail|0 fnt\n|faint|p2a: Scream Tail\n|-end|p2a: Scream Tail|Protosynthesis|[silent]\n|cant|p2b: Ting-Lu|frz\n|\n|-heal|p2b: Ting-Lu|63\/100 frz|[from] item: Leftovers\n|upkeep\n|\n|t:|1683226044\n|switch|p2a: Orthworm|Orthworm, L50, M|100\/100\n|turn|4\n|\n|t:|1683226058\n|move|p1b: Gyarados|Dragon Dance|p1b: Gyarados\n|-boost|p1b: Gyarados|atk|1\n|-boost|p1b: Gyarados|spe|1\n|move|p2a: Orthworm|Iron Defense|p2a: Orthworm\n|-boost|p2a: Orthworm|def|2\n|move|p1a: Iron Hands|Drain Punch|p2a: Orthworm\n|-supereffective|p2a: Orthworm\n|-damage|p2a: Orthworm|63\/100\n|cant|p2b: Ting-Lu|frz\n|\n|-heal|p2b: Ting-Lu|69\/100 frz|[from] item: Leftovers\n|upkeep\n|turn|5\n|\n|t:|1683226074\n|move|p1b: Gyarados|Taunt|p2a: Orthworm\n|-start|p2a: Orthworm|move: Taunt\n|cant|p2a: Orthworm|move: Taunt|Iron Defense\n|move|p1a: Iron Hands|Drain Punch|p2b: Ting-Lu\n|-damage|p2b: Ting-Lu|42\/100 frz\n|-curestatus|p2b: Ting-Lu|frz|[msg]\n|move|p2b: Ting-Lu|Earthquake|p1a: Iron Hands|[spread] p1a\n|-heal|p2a: Orthworm|88\/100|[from] ability: Earth Eater|[of] p2b: Ting-Lu\n|-immune|p1b: Gyarados\n|-supereffective|p1a: Iron Hands\n|-damage|p1a: Iron Hands|34\/100\n|\n|-heal|p2b: Ting-Lu|48\/100|[from] item: Leftovers\n|upkeep\n|turn|6\n|\n|t:|1683226092\n|move|p2b: Ting-Lu|Protect|p2b: Ting-Lu\n|-singleturn|p2b: Ting-Lu|Protect\n|move|p1b: Gyarados|Ice Fang|p2b: Ting-Lu\n|-activate|p2b: Ting-Lu|move: Protect\n|move|p2a: Orthworm|Body Press|p1a: Iron Hands\n|-damage|p1a: Iron Hands|0 fnt\n|faint|p1a: Iron Hands\n|-end|p1a: Iron Hands|Quark Drive|[silent]\n|\n|-heal|p2b: Ting-Lu|54\/100|[from] item: Leftovers\n|upkeep\n|\n|t:|1683226105\n|switch|p1a: Flutter Mane|Flutter Mane, L50|100\/100\n|-enditem|p1a: Flutter Mane|Booster Energy\n|-activate|p1a: Flutter Mane|ability: Protosynthesis|[fromitem]\n|-start|p1a: Flutter Mane|protosynthesisspe\n|turn|7\n|\n|t:|1683226114\n|move|p1a: Flutter Mane|Moonblast|p2b: Ting-Lu\n|-damage|p2b: Ting-Lu|31\/100\n|move|p1b: Gyarados|Ice Fang|p2b: Ting-Lu\n|-supereffective|p2b: Ting-Lu\n|-damage|p2b: Ting-Lu|0 fnt\n|faint|p2b: Ting-Lu\n|move|p2a: Orthworm|Heavy Slam|p1a: Flutter Mane\n|-supereffective|p1a: Flutter Mane\n|-damage|p1a: Flutter Mane|0 fnt\n|faint|p1a: Flutter Mane\n|-end|p1a: Flutter Mane|Protosynthesis|[silent]\n|\n|-end|p2a: Orthworm|move: Taunt\n|upkeep\n|\n|t:|1683226127\n|switch|p1a: Garganacl|Garganacl, L50, F, shiny|41\/100\n|turn|8\n|\n|t:|1683226144\n|move|p1a: Garganacl|Protect|p1a: Garganacl\n|-singleturn|p1a: Garganacl|Protect\n|move|p1b: Gyarados|Waterfall|p2a: Orthworm\n|-damage|p2a: Orthworm|69\/100\n|move|p2a: Orthworm|Body Press|p1a: Garganacl\n|-activate|p1a: Garganacl|move: Protect\n|\n|-heal|p1a: Garganacl|47\/100|[from] item: Leftovers\n|upkeep\n|turn|9\n|j| takuchyan\n|\n|t:|1683226163\n|-terastallize|p1a: Garganacl|Poison\n|move|p1b: Gyarados|Waterfall|p2a: Orthworm\n|-damage|p2a: Orthworm|49\/100\n|-enditem|p2a: Orthworm|Sitrus Berry|[eat]\n|-heal|p2a: Orthworm|74\/100|[from] item: Sitrus Berry\n|move|p2a: Orthworm|Heavy Slam|p1a: Garganacl\n|-damage|p1a: Garganacl|39\/100\n|move|p1a: Garganacl|Recover|p1a: Garganacl\n|-heal|p1a: Garganacl|89\/100\n|\n|-heal|p1a: Garganacl|95\/100|[from] item: Leftovers\n|upkeep\n|turn|10\n|c|\u2606geoluc|gg\n|-message|geoluc forfeited.\n|\n|win|kanotakekanotake\n|raw|kanotakekanotake's rating: 1638 → 1655<\/strong> (+17 for winning)\n|raw|geoluc's rating: 1588 → 1571<\/strong> (-17 for losing)\n|l|\u2606geoluc\n","uploadtime":1683226193,"views":19,"p1id":"kanotakekanotake","p2id":"geoluc","formatid":"gen9vgc2023regulationc","rating":1571,"private":0,"password":""}