{"id":"gen9vgc2023regulationc-1851441711","p1":"clockwork_mango","p2":"Zerfex","format":"[Gen 9] VGC 2023 Regulation C","log":"|j|\u2606clockwork_mango\n|j|\u2606Zerfex\n|t:|1682445422\n|gametype|doubles\n|player|p1|clockwork_mango|2|1282\n|player|p2|Zerfex|101|1188\n|teamsize|p1|6\n|teamsize|p2|6\n|gen|9\n|tier|[Gen 9] VGC 2023 Regulation C\n|rated|\n|rule|Species Clause: Limit one of each Pok\u00e9mon\n|rule|Item Clause: Limit one of each item\n|clearpoke\n|poke|p1|Orthworm, L50, F|\n|poke|p1|Baxcalibur, L50, M|\n|poke|p1|Murkrow, L50, F|\n|poke|p1|Rotom-Wash, L50|\n|poke|p1|Corviknight, L50, F|\n|poke|p1|Glimmora, L50, M|\n|poke|p2|Wo-Chien, L50|\n|poke|p2|Glimmora, L50, F|\n|poke|p2|Klefki, L50, F|\n|poke|p2|Arcanine, L50, M|\n|poke|p2|Flutter Mane, L50|\n|poke|p2|Iron Hands, L50|\n|teampreview|4\n|\n|t:|1682445511\n|start\n|switch|p1a: Fang|Baxcalibur, L50, M|100\/100\n|switch|p1b: Meelo|Murkrow, L50, F|100\/100\n|switch|p2a: Flutter Mane|Flutter Mane, L50|100\/100\n|switch|p2b: Iron Hands|Iron Hands, L50|100\/100\n|turn|1\n|\n|t:|1682445547\n|switch|p1b: Catacomb|Glimmora, L50, M|100\/100\n|-terastallize|p2a: Flutter Mane|Fairy\n|-terastallize|p1a: Fang|Ground\n|move|p2b: Iron Hands|Fake Out|p1a: Fang\n|-damage|p1a: Fang|86\/100\n|cant|p1a: Fang|flinch\n|move|p2a: Flutter Mane|Dazzling Gleam|p1a: Fang|[spread] p1a,p1b\n|-resisted|p1b: Catacomb\n|-damage|p1a: Fang|48\/100\n|-damage|p1b: Catacomb|69\/100\n|-enditem|p1b: Catacomb|Red Card|[of] p2a: Flutter Mane\n|-end|p2a: Flutter Mane|Protosynthesis|[silent]\n|drag|p2a: Arcanine|Arcanine, L50, M|100\/100\n|-ability|p2a: Arcanine|Intimidate|boost\n|-unboost|p1a: Fang|atk|1\n|-unboost|p1b: Catacomb|atk|1\n|\n|upkeep\n|turn|2\n|\n|t:|1682445583\n|switch|p1a: The Mechanist|Rotom-Wash, L50|100\/100\n|move|p2a: Arcanine|Snarl|p1b: Catacomb|[spread] p1a,p1b\n|-damage|p1a: The Mechanist|92\/100\n|-damage|p1b: Catacomb|60\/100\n|-unboost|p1a: The Mechanist|spa|1\n|-unboost|p1b: Catacomb|spa|1\n|move|p1b: Catacomb|Earth Power|p2b: Iron Hands\n|-supereffective|p2b: Iron Hands\n|-damage|p2b: Iron Hands|58\/100\n|move|p2b: Iron Hands|Ice Punch|p1a: The Mechanist\n|-resisted|p1a: The Mechanist\n|-damage|p1a: The Mechanist|78\/100\n|\n|upkeep\n|turn|3\n|\n|t:|1682445609\n|-end|p2b: Iron Hands|Quark Drive|[silent]\n|switch|p2b: Wo-Chien|Wo-Chien, L50|100\/100\n|-ability|p2b: Wo-Chien|Tablets of Ruin\n|move|p1b: Catacomb|Spiky Shield|p1b: Catacomb\n|-singleturn|p1b: Catacomb|move: Protect\n|move|p2a: Arcanine|Snarl|p1a: The Mechanist|[spread] p1a\n|-activate|p1b: Catacomb|move: Protect\n|-damage|p1a: The Mechanist|69\/100\n|-unboost|p1a: The Mechanist|spa|1\n|move|p1a: The Mechanist|Will-O-Wisp|p2b: Wo-Chien\n|-status|p2b: Wo-Chien|brn\n|\n|-damage|p2b: Wo-Chien|94\/100 brn|[from] brn\n|upkeep\n|turn|4\n|\n|t:|1682445658\n|switch|p1a: Fang|Baxcalibur, L50, M, tera:Ground|48\/100\n|move|p2a: Arcanine|Snarl|p1b: Catacomb|[spread] p1a,p1b\n|-crit|p1a: Fang\n|-damage|p1a: Fang|39\/100\n|-damage|p1b: Catacomb|50\/100\n|-unboost|p1a: Fang|spa|1\n|-unboost|p1b: Catacomb|spa|1\n|move|p1b: Catacomb|Sludge Bomb|p2b: Wo-Chien\n|-supereffective|p2b: Wo-Chien\n|-damage|p2b: Wo-Chien|65\/100 brn\n|move|p2b: Wo-Chien|Leech Seed|p1b: Catacomb\n|-start|p1b: Catacomb|move: Leech Seed\n|\n|-heal|p2b: Wo-Chien|71\/100 brn|[from] item: Leftovers\n|-damage|p1b: Catacomb|38\/100|[from] Leech Seed|[of] p2b: Wo-Chien\n|-heal|p2b: Wo-Chien|81\/100 brn|[silent]\n|-damage|p2b: Wo-Chien|75\/100 brn|[from] brn\n|upkeep\n|turn|5\n|\n|t:|1682445700\n|switch|p2a: Flutter Mane|Flutter Mane, L50, tera:Fairy|100\/100\n|switch|p1b: Meelo|Murkrow, L50, F|100\/100\n|move|p2b: Wo-Chien|Protect|p2b: Wo-Chien\n|-singleturn|p2b: Wo-Chien|Protect\n|move|p1a: Fang|Earthquake|p2a: Flutter Mane|[spread] p2a\n|-activate|p2b: Wo-Chien|move: Protect\n|-immune|p1b: Meelo\n|-damage|p2a: Flutter Mane|33\/100\n|\n|-heal|p2b: Wo-Chien|81\/100 brn|[from] item: Leftovers\n|-damage|p2b: Wo-Chien|75\/100 brn|[from] brn\n|upkeep\n|turn|6\n|l|\u2606clockwork_mango\n|player|p1|\n|inactive|Battle timer is ON: inactive players will automatically lose when time's up. (requested by Zerfex)\n|j|\u2606clockwork_mango\n|inactive|clockwork_mango reconnected and has 90 seconds left.\n|player|p1|clockwork_mango|2\n|\n|t:|1682445772\n|-end|p2a: Flutter Mane|Protosynthesis|[silent]\n|switch|p2a: Arcanine|Arcanine, L50, M|100\/100\n|-ability|p2a: Arcanine|Intimidate|boost\n|-unboost|p1a: Fang|atk|1\n|-unboost|p1b: Meelo|atk|1\n|move|p1b: Meelo|Thunder Wave|p2a: Arcanine\n|-status|p2a: Arcanine|par\n|move|p1a: Fang|Icicle Crash|p2b: Wo-Chien\n|-supereffective|p2b: Wo-Chien\n|-damage|p2b: Wo-Chien|36\/100 brn\n|move|p2b: Wo-Chien|Leech Seed|p1a: Fang\n|-start|p1a: Fang|move: Leech Seed\n|\n|-heal|p2b: Wo-Chien|43\/100 brn|[from] item: Leftovers\n|-damage|p1a: Fang|27\/100|[from] Leech Seed|[of] p2b: Wo-Chien\n|-heal|p2b: Wo-Chien|56\/100 brn|[silent]\n|-damage|p2b: Wo-Chien|49\/100 brn|[from] brn\n|upkeep\n|turn|7\n|\n|t:|1682445792\n|move|p2b: Wo-Chien|Protect|p2b: Wo-Chien\n|-singleturn|p2b: Wo-Chien|Protect\n|move|p2a: Arcanine|Protect|p2a: Arcanine\n|-singleturn|p2a: Arcanine|Protect\n|move|p1b: Meelo|Haze|p1b: Meelo\n|-clearallboost\n|move|p1a: Fang|Earthquake|p2a: Arcanine|[spread] \n|-activate|p2a: Arcanine|move: Protect\n|-activate|p2b: Wo-Chien|move: Protect\n|-immune|p1b: Meelo\n|\n|-heal|p2b: Wo-Chien|56\/100 brn|[from] item: Leftovers\n|-damage|p1a: Fang|15\/100|[from] Leech Seed|[of] p2b: Wo-Chien\n|-heal|p2b: Wo-Chien|69\/100 brn|[silent]\n|-damage|p2b: Wo-Chien|62\/100 brn|[from] brn\n|upkeep\n|turn|8\n|\n|t:|1682445812\n|switch|p2b: Flutter Mane|Flutter Mane, L50, tera:Fairy|33\/100\n|move|p2a: Arcanine|Extreme Speed|p1a: Fang\n|-damage|p1a: Fang|0 fnt\n|faint|p1a: Fang\n|move|p1b: Meelo|Haze|p1b: Meelo\n|-clearallboost\n|\n|upkeep\n|\n|t:|1682445824\n|switch|p1a: Catacomb|Glimmora, L50, M|38\/100\n|turn|9\n|inactive|Zerfex has 30 seconds left.\n|\n|t:|1682445850\n|move|p1b: Meelo|Tailwind|p1b: Meelo\n|-sidestart|p1: clockwork_mango|move: Tailwind\n|move|p1a: Catacomb|Sludge Bomb|p2b: Flutter Mane\n|-supereffective|p2b: Flutter Mane\n|-damage|p2b: Flutter Mane|0 fnt\n|faint|p2b: Flutter Mane\n|-end|p2b: Flutter Mane|Protosynthesis|[silent]\n|move|p2a: Arcanine|Snarl|p1a: Catacomb|[spread] p1a,p1b\n|-resisted|p1b: Meelo\n|-damage|p1a: Catacomb|29\/100\n|-damage|p1b: Meelo|97\/100\n|-unboost|p1a: Catacomb|spa|1\n|-unboost|p1b: Meelo|spa|1\n|\n|upkeep\n|\n|t:|1682445858\n|switch|p2b: Wo-Chien|Wo-Chien, L50|62\/100 brn\n|-ability|p2b: Wo-Chien|Tablets of Ruin\n|turn|10\n|\n|t:|1682445879\n|move|p1b: Meelo|Air Slash|p2b: Wo-Chien\n|-supereffective|p2b: Wo-Chien\n|-damage|p2b: Wo-Chien|44\/100 brn\n|move|p1a: Catacomb|Power Gem|p2a: Arcanine\n|-supereffective|p2a: Arcanine\n|-damage|p2a: Arcanine|54\/100 par\n|cant|p2b: Wo-Chien|flinch\n|move|p2a: Arcanine|Flare Blitz|p1b: Meelo\n|-damage|p1b: Meelo|57\/100\n|-damage|p2a: Arcanine|44\/100 par|[from] Recoil\n|-enditem|p2a: Arcanine|Sitrus Berry|[eat]\n|-heal|p2a: Arcanine|69\/100 par|[from] item: Sitrus Berry\n|\n|-heal|p2b: Wo-Chien|50\/100 brn|[from] item: Leftovers\n|-damage|p2b: Wo-Chien|44\/100 brn|[from] brn\n|upkeep\n|turn|11\n|\n|t:|1682445902\n|move|p2b: Wo-Chien|Protect|p2b: Wo-Chien\n|-singleturn|p2b: Wo-Chien|Protect\n|move|p1b: Meelo|Air Slash|p2b: Wo-Chien\n|-activate|p2b: Wo-Chien|move: Protect\n|move|p1a: Catacomb|Power Gem|p2a: Arcanine\n|-supereffective|p2a: Arcanine\n|-damage|p2a: Arcanine|17\/100 par\n|move|p2a: Arcanine|Snarl|p1b: Meelo|[spread] p1a,p1b\n|-resisted|p1b: Meelo\n|-damage|p1a: Catacomb|19\/100\n|-damage|p1b: Meelo|52\/100\n|-unboost|p1a: Catacomb|spa|1\n|-unboost|p1b: Meelo|spa|1\n|\n|-heal|p2b: Wo-Chien|50\/100 brn|[from] item: Leftovers\n|-damage|p2b: Wo-Chien|44\/100 brn|[from] brn\n|upkeep\n|turn|12\n|inactive|clockwork_mango has 30 seconds left.\n|inactive|Zerfex has 30 seconds left.\n|inactive|clockwork_mango has 20 seconds left.\n|inactive|clockwork_mango has 15 seconds left.\n|\n|t:|1682445943\n|switch|p2b: Iron Hands|Iron Hands, L50|58\/100\n|move|p1a: Catacomb|Spiky Shield|p1a: Catacomb\n|-singleturn|p1a: Catacomb|move: Protect\n|move|p2a: Arcanine|Extreme Speed|p1a: Catacomb\n|-activate|p1a: Catacomb|move: Protect\n|-damage|p2a: Arcanine|5\/100 par|[from] Spiky Shield|[of] p1a: Catacomb\n|move|p1b: Meelo|Air Slash|p2b: Iron Hands\n|-damage|p2b: Iron Hands|47\/100\n|\n|-sideend|p1: clockwork_mango|move: Tailwind\n|upkeep\n|turn|13\n|inactive|clockwork_mango has 30 seconds left.\n|inactive|Zerfex has 30 seconds left.\n|inactive|clockwork_mango has 20 seconds left.\n|inactive|Zerfex has 20 seconds left.\n|inactive|clockwork_mango has 15 seconds left.\n|inactive|Zerfex has 15 seconds left.\n|\n|t:|1682445988\n|switch|p1a: The Mechanist|Rotom-Wash, L50|69\/100\n|move|p2b: Iron Hands|Fake Out|p1a: The Mechanist\n|-damage|p1a: The Mechanist|52\/100\n|cant|p2a: Arcanine|par\n|move|p1b: Meelo|Tailwind|p1b: Meelo\n|-sidestart|p1: clockwork_mango|move: Tailwind\n|\n|upkeep\n|turn|14\n|inactive|clockwork_mango has 30 seconds left.\n|\n|t:|1682446016\n|move|p1b: Meelo|Air Slash|p2a: Arcanine\n|-crit|p2a: Arcanine\n|-damage|p2a: Arcanine|0 fnt\n|faint|p2a: Arcanine\n|move|p1a: The Mechanist|Will-O-Wisp|p2b: Iron Hands\n|-status|p2b: Iron Hands|brn\n|-enditem|p2b: Iron Hands|Lum Berry|[eat]\n|-curestatus|p2b: Iron Hands|brn|[msg]\n|move|p2b: Iron Hands|Drain Punch|p1b: Meelo\n|-damage|p1b: Meelo|0 fnt\n|-heal|p2b: Iron Hands|62\/100|[from] drain|[of] p1b: Meelo\n|faint|p1b: Meelo\n|\n|upkeep\n|\n|t:|1682446031\n|switch|p2a: Wo-Chien|Wo-Chien, L50|44\/100 brn\n|switch|p1b: Catacomb|Glimmora, L50, M|19\/100\n|-ability|p2a: Wo-Chien|Tablets of Ruin\n|turn|15\n|inactive|Zerfex has 30 seconds left.\n|\n|t:|1682446060\n|move|p1a: The Mechanist|Hex|p2b: Iron Hands\n|-damage|p2b: Iron Hands|47\/100\n|move|p1b: Catacomb|Sludge Bomb|p2a: Wo-Chien\n|-supereffective|p2a: Wo-Chien\n|-damage|p2a: Wo-Chien|0 fnt\n|faint|p2a: Wo-Chien\n|move|p2b: Iron Hands|Drain Punch|p1a: The Mechanist\n|-damage|p1a: The Mechanist|8\/100\n|-heal|p2b: Iron Hands|61\/100|[from] drain|[of] p1a: The Mechanist\n|\n|upkeep\n|turn|16\n|\n|t:|1682446077\n|move|p1b: Catacomb|Spiky Shield|p1b: Catacomb\n|-singleturn|p1b: Catacomb|move: Protect\n|move|p1a: The Mechanist|Will-O-Wisp|p2b: Iron Hands\n|-status|p2b: Iron Hands|brn\n|move|p2b: Iron Hands|Drain Punch|p1b: Catacomb\n|-activate|p1b: Catacomb|move: Protect\n|-damage|p2b: Iron Hands|48\/100 brn|[from] Spiky Shield|[of] p1b: Catacomb\n|\n|-damage|p2b: Iron Hands|42\/100 brn|[from] brn\n|-sideend|p1: clockwork_mango|move: Tailwind\n|upkeep\n|turn|17\n|c|\u2606Zerfex|GGs\n|\n|t:|1682446097\n|move|p1a: The Mechanist|Hex|p2b: Iron Hands\n|-damage|p2b: Iron Hands|13\/100 brn\n|move|p1b: Catacomb|Earth Power|p2b: Iron Hands\n|-supereffective|p2b: Iron Hands\n|-damage|p2b: Iron Hands|0 fnt\n|faint|p2b: Iron Hands\n|-end|p2b: Iron Hands|Quark Drive|[silent]\n|\n|win|clockwork_mango\n|raw|clockwork_mango's rating: 1282 → 1300<\/strong> (+18 for winning)\n|raw|Zerfex's rating: 1188 → 1170<\/strong> (-18 for losing)\n|l|\u2606Zerfex\n","uploadtime":1682446116,"views":10,"p1id":"clockworkmango","p2id":"zerfex","formatid":"gen9vgc2023regulationc","rating":1170,"private":0,"password":""}