{"id":"gen9vgc2023regulationc-1851253913","p1":"Dr Necro","p2":"SleepyBadGirl","format":"[Gen 9] VGC 2023 Regulation C","log":"|j|\u2606Dr Necro\n|j|\u2606SleepyBadGirl\n|t:|1682429842\n|gametype|doubles\n|player|p1|Dr Necro|medium|1652\n|player|p2|SleepyBadGirl|nate|1598\n|teamsize|p1|6\n|teamsize|p2|6\n|gen|9\n|tier|[Gen 9] VGC 2023 Regulation C\n|rated|\n|rule|Species Clause: Limit one of each Pok\u00e9mon\n|rule|Item Clause: Limit one of each item\n|clearpoke\n|poke|p1|Chien-Pao, L50|\n|poke|p1|Flutter Mane, L50|\n|poke|p1|Arcanine, L50, F|\n|poke|p1|Palafin, L50, F|\n|poke|p1|Dragonite, L50, F|\n|poke|p1|Amoonguss, L50, M|\n|poke|p2|Chi-Yu, L50|\n|poke|p2|Dondozo, L50, M|\n|poke|p2|Iron Bundle, L50|\n|poke|p2|Tatsugiri-Stretchy, L50, F|\n|poke|p2|Glimmora, L50, M|\n|poke|p2|Wo-Chien, L50|\n|teampreview|4\n|inactive|Battle timer is ON: inactive players will automatically lose when time's up. (requested by SleepyBadGirl)\n|inactive|Dr Necro has 60 seconds left.\n|c|\u2606SleepyBadGirl|glhf\n|\n|t:|1682429890\n|start\n|switch|p1a: Arcanine|Arcanine, L50, F|100\/100\n|switch|p1b: Palafin|Palafin, L50, F|100\/100\n|switch|p2a: Glimmora|Glimmora, L50, M|100\/100\n|switch|p2b: Iron Bundle|Iron Bundle, L50|100\/100\n|-ability|p1a: Arcanine|Intimidate|boost\n|-unboost|p2a: Glimmora|atk|1\n|-unboost|p2b: Iron Bundle|atk|1\n|-enditem|p2b: Iron Bundle|Booster Energy\n|-activate|p2b: Iron Bundle|ability: Quark Drive|[fromitem]\n|-start|p2b: Iron Bundle|quarkdrivespe\n|turn|1\n|inactive|Dr Necro has 30 seconds left.\n|inactive|SleepyBadGirl has 30 seconds left.\n|\n|t:|1682429917\n|detailschange|p1b: Palafin|Palafin-Hero, L50, F\n|switch|p1b: Chien-Pao|Chien-Pao, L50|100\/100\n|-ability|p1b: Chien-Pao|Sword of Ruin\n|move|p2b: Iron Bundle|Hydro Pump|p1a: Arcanine\n|-supereffective|p1a: Arcanine\n|-damage|p1a: Arcanine|4\/100\n|move|p2a: Glimmora|Sludge Bomb|p1b: Chien-Pao\n|-damage|p1b: Chien-Pao|15\/100\n|move|p1a: Arcanine|Howl|p1a: Arcanine|[spread] p1a,p1b\n|-boost|p1a: Arcanine|atk|1\n|-boost|p1b: Chien-Pao|atk|1\n|\n|upkeep\n|turn|2\n|\n|t:|1682429935\n|move|p2b: Iron Bundle|Protect|p2b: Iron Bundle\n|-singleturn|p2b: Iron Bundle|Protect\n|move|p1b: Chien-Pao|Protect|p1b: Chien-Pao\n|-singleturn|p1b: Chien-Pao|Protect\n|move|p1a: Arcanine|Extreme Speed|p2b: Iron Bundle\n|-activate|p2b: Iron Bundle|move: Protect\n|move|p2a: Glimmora|Mortal Spin|p1b: Chien-Pao|[spread] p1a\n|-activate|p1b: Chien-Pao|move: Protect\n|-damage|p1a: Arcanine|0 fnt\n|faint|p1a: Arcanine\n|\n|upkeep\n|\n|t:|1682429939\n|switch|p1a: Dragonite|Dragonite, L50, F|100\/100\n|turn|3\n|\n|t:|1682429950\n|-end|p2b: Iron Bundle|Quark Drive|[silent]\n|switch|p2b: Dondozo|Dondozo, L50, M|100\/100\n|-terastallize|p1a: Dragonite|Flying\n|move|p1a: Dragonite|Extreme Speed|p2b: Dondozo\n|-crit|p2b: Dondozo\n|-damage|p2b: Dondozo|54\/100\n|move|p1b: Chien-Pao|Sucker Punch||[still]\n|-fail|p1b: Chien-Pao\n|move|p2a: Glimmora|Mortal Spin|p1a: Dragonite|[spread] p1a,p1b\n|-damage|p1a: Dragonite|98\/100\n|-damage|p1b: Chien-Pao|11\/100\n|-status|p1a: Dragonite|psn\n|-enditem|p1a: Dragonite|Lum Berry|[eat]\n|-curestatus|p1a: Dragonite|psn|[msg]\n|-status|p1b: Chien-Pao|psn\n|\n|-damage|p1b: Chien-Pao|0 fnt|[from] psn\n|faint|p1b: Chien-Pao\n|upkeep\n|\n|t:|1682429952\n|switch|p1b: Palafin|Palafin-Hero, L50, F|100\/100\n|-activate|p1b: Palafin|ability: Zero to Hero\n|turn|4\n|inactive|SleepyBadGirl has 30 seconds left.\n|\n|t:|1682429980\n|-terastallize|p2a: Glimmora|Grass\n|move|p2b: Dondozo|Protect|p2b: Dondozo\n|-singleturn|p2b: Dondozo|Protect\n|move|p2a: Glimmora|Mortal Spin|p1b: Palafin|[spread] p1a,p1b\n|-damage|p1a: Dragonite|95\/100\n|-damage|p1b: Palafin|99\/100\n|-status|p1a: Dragonite|psn\n|-status|p1b: Palafin|psn\n|move|p1b: Palafin|Haze|p1b: Palafin\n|-clearallboost\n|move|p1a: Dragonite|Stomping Tantrum|p2a: Glimmora\n|-resisted|p2a: Glimmora\n|-damage|p2a: Glimmora|83\/100\n|-activate|p2a: Glimmora|ability: Toxic Debris\n|-sidestart|p1: Dr Necro|move: Toxic Spikes\n|\n|-damage|p1b: Palafin|86\/100 psn|[from] psn\n|-damage|p1a: Dragonite|83\/100 psn|[from] psn\n|upkeep\n|turn|5\n|-message|Dr Necro forfeited.\n|\n|win|SleepyBadGirl\n|raw|Dr Necro's rating: 1652 → 1629<\/strong> (-23 for losing)\n|raw|SleepyBadGirl's rating: 1598 → 1621<\/strong> (+23 for winning)\n|l|\u2606Dr Necro\n","uploadtime":1682429995,"views":11,"p1id":"drnecro","p2id":"sleepybadgirl","formatid":"gen9vgc2023regulationc","rating":1621,"private":0,"password":""}