{"id":"gen9vgc2023regulationc-1845860946","p1":"ApoloVGC","p2":"Gengar210966","format":"[Gen 9] VGC 2023 Regulation C","log":"|j|\u2606ApoloVGC\n|j|\u2606Gengar210966\n|t:|1681772460\n|gametype|doubles\n|player|p1|ApoloVGC|lucas|1459\n|player|p2|Gengar210966|266|1411\n|teamsize|p1|6\n|teamsize|p2|6\n|gen|9\n|tier|[Gen 9] VGC 2023 Regulation C\n|rated|\n|rule|Species Clause: Limit one of each Pok\u00e9mon\n|rule|Item Clause: Limit one of each item\n|clearpoke\n|poke|p1|Pelipper, L50, M|\n|poke|p1|Palafin, L50, M|\n|poke|p1|Chien-Pao, L50|\n|poke|p1|Iron Hands, L50|\n|poke|p1|Amoonguss, L50, M|\n|poke|p1|Gholdengo, L50|\n|poke|p2|Wo-Chien, L50|\n|poke|p2|Glimmora, L50, M|\n|poke|p2|Flutter Mane, L50|\n|poke|p2|Great Tusk, L50|\n|poke|p2|Garganacl, L50, M|\n|poke|p2|Umbreon, L50, F|\n|teampreview|4\nApoloVGC has agreed to open team sheets.\n|inactive|Battle timer is ON: inactive players will automatically lose when time's up. (requested by Gengar210966)\n|\n|t:|1681772499\n|start\n|switch|p1a: ElCaramocho|Palafin, L50, M|100\/100\n|switch|p1b: OroLatam|Gholdengo, L50|100\/100\n|switch|p2a: Glimmora|Glimmora, L50, M|100\/100\n|switch|p2b: Great Tusk|Great Tusk, L50|100\/100\n|turn|1\n|inactive|ApoloVGC has 30 seconds left.\n|inactive|Gengar210966 has 30 seconds left.\n|inactive|ApoloVGC has 20 seconds left.\n|inactive|ApoloVGC has 15 seconds left.\n|\n|t:|1681772543\n|-terastallize|p2a: Glimmora|Grass\n|-terastallize|p1b: OroLatam|Water\n|move|p1a: ElCaramocho|Jet Punch|p2b: Great Tusk\n|-supereffective|p2b: Great Tusk\n|-damage|p2b: Great Tusk|59\/100\n|move|p2b: Great Tusk|Earthquake|p1a: ElCaramocho|[spread] p2a,p1a,p1b\n|-resisted|p2a: Glimmora\n|-damage|p2a: Glimmora|76\/100\n|-damage|p1a: ElCaramocho|56\/100\n|-damage|p1b: OroLatam|66\/100\n|-activate|p2a: Glimmora|ability: Toxic Debris\n|-sidestart|p1: ApoloVGC|move: Toxic Spikes\n|move|p2a: Glimmora|Power Gem|p1b: OroLatam\n|-crit|p1b: OroLatam\n|-damage|p1b: OroLatam|0 fnt\n|faint|p1b: OroLatam\n|\n|upkeep\n|c|\u2606ApoloVGC|...\n|\n|t:|1681772563\n|switch|p1b: Diego|Chien-Pao, L50|100\/100\n|-status|p1b: Diego|psn\n|-ability|p1b: Diego|Sword of Ruin\n|turn|2\n|\n|t:|1681772583\n|-end|p2b: Great Tusk|Protosynthesis|[silent]\n|switch|p2b: Garganacl|Garganacl, L50, M|100\/100\n|detailschange|p1a: ElCaramocho|Palafin-Hero, L50, M\n|switch|p1a: Amogus|Amoonguss, L50, M|100\/100\n|-sideend|p1: ApoloVGC|move: Toxic Spikes|[of] p1a: Amogus\n|move|p1b: Diego|Ice Spinner|p2a: Glimmora\n|-supereffective|p2a: Glimmora\n|-damage|p2a: Glimmora|0 fnt\n|-activate|p2a: Glimmora|ability: Toxic Debris\n|-sidestart|p1: ApoloVGC|move: Toxic Spikes\n|faint|p2a: Glimmora\n|\n|-damage|p1b: Diego|88\/100 psn|[from] psn\n|upkeep\n|\n|t:|1681772600\n|switch|p2a: Flutter Mane|Flutter Mane, L50|100\/100\n|turn|3\n|\n|t:|1681772612\n|move|p1b: Diego|Protect|p1b: Diego\n|-singleturn|p1b: Diego|Protect\n|move|p2a: Flutter Mane|Dazzling Gleam|p1a: Amogus|[spread] p1a\n|-activate|p1b: Diego|move: Protect\n|-resisted|p1a: Amogus\n|-damage|p1a: Amogus|89\/100\n|move|p2b: Garganacl|Salt Cure|p1b: Diego\n|-activate|p1b: Diego|move: Protect\n|move|p1a: Amogus|Spore|p2a: Flutter Mane\n|-status|p2a: Flutter Mane|slp|[from] move: Spore\n|\n|-damage|p1b: Diego|76\/100 psn|[from] psn\n|upkeep\n|turn|4\n|inactive|ApoloVGC has 30 seconds left.\n|inactive|Gengar210966 has 30 seconds left.\n|\n|t:|1681772641\n|move|p1a: Amogus|Rage Powder|p1a: Amogus\n|-singleturn|p1a: Amogus|move: Rage Powder\n|move|p1b: Diego|Ice Spinner|p2a: Flutter Mane\n|-enditem|p2a: Flutter Mane|Focus Sash\n|-damage|p2a: Flutter Mane|1\/100 slp\n|cant|p2a: Flutter Mane|slp\n|move|p2b: Garganacl|Salt Cure|p1a: Amogus\n|-damage|p1a: Amogus|73\/100\n|-start|p1a: Amogus|Salt Cure\n|\n|-damage|p1b: Diego|64\/100 psn|[from] psn\n|-damage|p1a: Amogus|61\/100|[from] Salt Cure\n|upkeep\n|turn|5\n|\n|t:|1681772661\n|move|p1b: Diego|Sacred Sword|p2b: Garganacl\n|-supereffective|p2b: Garganacl\n|-damage|p2b: Garganacl|52\/100\n|cant|p2a: Flutter Mane|slp\n|move|p2b: Garganacl|Salt Cure|p1b: Diego\n|-supereffective|p1b: Diego\n|-damage|p1b: Diego|24\/100 psn\n|-start|p1b: Diego|Salt Cure\n|move|p1a: Amogus|Clear Smog|p2a: Flutter Mane\n|-damage|p2a: Flutter Mane|0 fnt\n|-clearboost|p2a: Flutter Mane\n|faint|p2a: Flutter Mane\n|-end|p2a: Flutter Mane|Protosynthesis|[silent]\n|\n|-heal|p2b: Garganacl|58\/100|[from] item: Leftovers\n|-damage|p1b: Diego|12\/100 psn|[from] psn\n|-damage|p1b: Diego|0 fnt|[from] Salt Cure\n|faint|p1b: Diego\n|-damage|p1a: Amogus|48\/100|[from] Salt Cure\n|upkeep\n|-enditem|p1a: Amogus|Sitrus Berry|[eat]\n|-heal|p1a: Amogus|73\/100|[from] item: Sitrus Berry\n|\n|t:|1681772685\n|switch|p1b: ElCaramocho|Palafin-Hero, L50, M|56\/100\n|switch|p2a: Great Tusk|Great Tusk, L50|59\/100\n|-status|p1b: ElCaramocho|psn\n|-activate|p1b: ElCaramocho|ability: Zero to Hero\n|turn|6\n|\n|t:|1681772701\n|move|p1a: Amogus|Rage Powder|p1a: Amogus\n|-singleturn|p1a: Amogus|move: Rage Powder\n|move|p1b: ElCaramocho|Jet Punch|p2a: Great Tusk\n|-supereffective|p2a: Great Tusk\n|-damage|p2a: Great Tusk|0 fnt\n|faint|p2a: Great Tusk\n|-end|p2a: Great Tusk|Protosynthesis|[silent]\n|move|p2b: Garganacl|Salt Cure|p1a: Amogus\n|-damage|p1a: Amogus|61\/100\n|\n|-heal|p2b: Garganacl|64\/100|[from] item: Leftovers\n|-damage|p1b: ElCaramocho|43\/100 psn|[from] psn\n|-damage|p1a: Amogus|49\/100|[from] Salt Cure\n|upkeep\n|turn|7\n|\n|t:|1681772719\n|move|p2b: Garganacl|Protect|p2b: Garganacl\n|-singleturn|p2b: Garganacl|Protect\n|move|p1b: ElCaramocho|Wave Crash|p2b: Garganacl\n|-activate|p2b: Garganacl|move: Protect\n|move|p1a: Amogus|Pollen Puff|p1b: ElCaramocho\n|-heal|p1b: ElCaramocho|93\/100 psn\n|\n|-heal|p2b: Garganacl|70\/100|[from] item: Leftovers\n|-damage|p1b: ElCaramocho|81\/100 psn|[from] psn\n|-damage|p1a: Amogus|37\/100|[from] Salt Cure\n|upkeep\n|turn|8\n|\n|t:|1681772733\n|move|p1a: Amogus|Rage Powder|p1a: Amogus\n|-singleturn|p1a: Amogus|move: Rage Powder\n|move|p1b: ElCaramocho|Wave Crash|p2b: Garganacl\n|-supereffective|p2b: Garganacl\n|-damage|p2b: Garganacl|0 fnt\n|faint|p2b: Garganacl\n|-damage|p1b: ElCaramocho|58\/100 psn|[from] Recoil\n|\n|win|ApoloVGC\n|raw|ApoloVGC's rating: 1459 → 1476<\/strong> (+17 for winning)\n|raw|Gengar210966's rating: 1411 → 1394<\/strong> (-17 for losing)\n|l|\u2606Gengar210966\n","uploadtime":1681772742,"views":6,"p1id":"apolovgc","p2id":"gengar210966","formatid":"gen9vgc2023regulationc","rating":1394,"private":0,"password":""}