{"id":"gen9vgc2023regulationc-1861261089","p1":"wackomarko","p2":"NihilisticWish","format":"[Gen 9] VGC 2023 Regulation C","log":"|j|\u2606wackomarko\n|j|\u2606NihilisticWish\n|t:|1683740418\n|gametype|doubles\n|player|p1|wackomarko|hiker-gen4|1132\n|player|p2|NihilisticWish|169|1040\n|teamsize|p1|6\n|teamsize|p2|6\n|gen|9\n|tier|[Gen 9] VGC 2023 Regulation C\n|rated|\n|rule|Species Clause: Limit one of each Pok\u00e9mon\n|rule|Item Clause: Limit one of each item\n|clearpoke\n|poke|p1|Talonflame, L50, M|\n|poke|p1|Amoonguss, L50, M|\n|poke|p1|Flutter Mane, L50|\n|poke|p1|Chien-Pao, L50|\n|poke|p1|Gyarados, L50, F|\n|poke|p1|Dragapult, L50, F|\n|poke|p2|Palafin, L50, M|\n|poke|p2|Corviknight, L50, F|\n|poke|p2|Iron Hands, L50|\n|poke|p2|Azumarill, L50, F|\n|poke|p2|Maushold, L50|\n|poke|p2|Amoonguss, L50, F|\n|teampreview|4\nNihilisticWish rejected open team sheets.\n|inactive|Battle timer is ON: inactive players will automatically lose when time's up. (requested by NihilisticWish)\n|inactive|wackomarko has 60 seconds left.\n|\n|t:|1683740511\n|start\n|switch|p1a: Amoonguss|Amoonguss, L50, M|100\/100\n|switch|p1b: Flutter Mane|Flutter Mane, L50, shiny|100\/100\n|switch|p2a: Iron Hands|Iron Hands, L50|100\/100\n|switch|p2b: Amoonguss|Amoonguss, L50, F|100\/100\n|-enditem|p2a: Iron Hands|Booster Energy\n|-activate|p2a: Iron Hands|ability: Quark Drive|[fromitem]\n|-start|p2a: Iron Hands|quarkdriveatk\n|turn|1\n|inactive|wackomarko has 30 seconds left.\n|\n|t:|1683740539\n|move|p2a: Iron Hands|Fake Out|p1a: Amoonguss\n|-damage|p1a: Amoonguss|81\/100\n|move|p2b: Amoonguss|Rage Powder|p2b: Amoonguss\n|-singleturn|p2b: Amoonguss|move: Rage Powder\n|move|p1b: Flutter Mane|Substitute|p1b: Flutter Mane\n|-start|p1b: Flutter Mane|Substitute\n|-damage|p1b: Flutter Mane|76\/100\n|cant|p1a: Amoonguss|flinch\n|\n|upkeep\n|turn|2\n|\n|t:|1683740561\n|move|p1b: Flutter Mane|Dazzling Gleam|p2b: Amoonguss|[spread] p2a,p2b\n|-supereffective|p2a: Iron Hands\n|-resisted|p2b: Amoonguss\n|-damage|p2a: Iron Hands|12\/100\n|-damage|p2b: Amoonguss|81\/100\n|-damage|p1b: Flutter Mane|66\/100|[from] item: Life Orb\n|move|p2a: Iron Hands|Volt Switch|p1a: Amoonguss\n|-resisted|p1a: Amoonguss\n|-damage|p1a: Amoonguss|76\/100\n|\n|t:|1683740572\n|-end|p2a: Iron Hands|Quark Drive|[silent]\n|switch|p2a: Palafin|Palafin, L50, M|100\/100|[from] Volt Switch\n|move|p1a: Amoonguss|Spore|p2a: Palafin\n|-status|p2a: Palafin|slp|[from] move: Spore\n|move|p2b: Amoonguss|Pollen Puff|p1a: Amoonguss\n|-damage|p1a: Amoonguss|56\/100\n|\n|upkeep\n|turn|3\n|\n|t:|1683740588\n|detailschange|p2a: Palafin|Palafin-Hero, L50, M\n|switch|p2a: Iron Hands|Iron Hands, L50|12\/100\n|-terastallize|p1b: Flutter Mane|Fairy\n|move|p1b: Flutter Mane|Dazzling Gleam|p2a: Iron Hands|[spread] p2a,p2b\n|-supereffective|p2a: Iron Hands\n|-crit|p2a: Iron Hands\n|-resisted|p2b: Amoonguss\n|-damage|p2a: Iron Hands|0 fnt\n|-damage|p2b: Amoonguss|55\/100\n|faint|p2a: Iron Hands\n|-end|p2a: Iron Hands|Quark Drive|[silent]\n|-damage|p1b: Flutter Mane|57\/100|[from] item: Life Orb\n|move|p2b: Amoonguss|Pollen Puff|p1b: Flutter Mane\n|-resisted|p1b: Flutter Mane\n|-activate|p1b: Flutter Mane|move: Substitute|[damage]\n|move|p1a: Amoonguss|Pollen Puff|p1b: Flutter Mane\n|-heal|p1b: Flutter Mane|100\/100\n|\n|upkeep\n|\n|t:|1683740603\n|switch|p2a: Palafin|Palafin-Hero, L50, M|100\/100 slp\n|-activate|p2a: Palafin|ability: Zero to Hero\n|turn|4\n|\n|t:|1683740621\n|switch|p1a: Gyarados|Gyarados, L50, F, shiny|100\/100\n|-ability|p1a: Gyarados|Intimidate|boost\n|-unboost|p2a: Palafin|atk|1\n|-unboost|p2b: Amoonguss|atk|1\n|move|p1b: Flutter Mane|Dazzling Gleam|p2a: Palafin|[spread] p2a,p2b\n|-resisted|p2b: Amoonguss\n|-damage|p2a: Palafin|36\/100 slp\n|-damage|p2b: Amoonguss|27\/100\n|-damage|p1b: Flutter Mane|91\/100|[from] item: Life Orb\n|cant|p2a: Palafin|slp\n|move|p2b: Amoonguss|Pollen Puff|p2a: Palafin\n|-heal|p2a: Palafin|86\/100 slp\n|\n|upkeep\n|turn|5\n|l|\u2606NihilisticWish\n|inactive|NihilisticWish disconnected and has a minute to reconnect!\n|player|p2|\n|inactive|NihilisticWish has 30 seconds left.\n|inactive|NihilisticWish has 20 seconds left.\n|inactive|NihilisticWish has 15 seconds left.\n|inactive|NihilisticWish has 10 seconds left.\n|inactive|NihilisticWish has 5 seconds left.\n|-message|NihilisticWish lost due to inactivity.\n|\n|win|wackomarko\n|raw|wackomarko's rating: 1132 → 1151<\/strong> (+19 for winning)\n|raw|NihilisticWish's rating: 1040 → 1028<\/strong> (-12 for losing)\n","uploadtime":1683740682,"views":14,"p1id":"wackomarko","p2id":"nihilisticwish","formatid":"gen9vgc2023regulationc","rating":1028,"private":0,"password":""}