{"id":"gen9vgc2023regulationc-1857231735","p1":"Blackth0rn","p2":"MajesticCamel666","format":"[Gen 9] VGC 2023 Regulation C","log":"|j|\u2606Blackth0rn\n|j|\u2606MajesticCamel666\n|t:|1683161096\n|gametype|doubles\n|player|p1|Blackth0rn|ghetsis|1445\n|player|p2|MajesticCamel666|170|1332\n|teamsize|p1|6\n|teamsize|p2|6\n|gen|9\n|tier|[Gen 9] VGC 2023 Regulation C\n|rated|\n|rule|Species Clause: Limit one of each Pok\u00e9mon\n|rule|Item Clause: Limit one of each item\n|clearpoke\n|poke|p1|Abomasnow, L50, M|\n|poke|p1|Iron Bundle, L50|\n|poke|p1|Arcanine, L50, M|\n|poke|p1|Flutter Mane, L50|\n|poke|p1|Iron Hands, L50|\n|poke|p1|Dragonite, L50, F|\n|poke|p2|Annihilape, L50, M|\n|poke|p2|Maushold-Four, L50|\n|poke|p2|Flutter Mane, L50|\n|poke|p2|Iron Bundle, L50|\n|poke|p2|Wo-Chien, L50|\n|poke|p2|Tauros-Paldea-Blaze, L50, M|\n|teampreview|4\nBlackth0rn has agreed to open team sheets.\n|\n|t:|1683161115\n|start\n|switch|p1a: Abomasnow|Abomasnow, L50, M|100\/100\n|switch|p1b: Iron Hands|Iron Hands, L50|100\/100\n|switch|p2a: Annihilape|Annihilape, L50, M|100\/100\n|switch|p2b: Maushold|Maushold-Four, L50|100\/100\n|-weather|Snow|[from] ability: Snow Warning|[of] p1a: Abomasnow\n|turn|1\n|inactive|Battle timer is ON: inactive players will automatically lose when time's up. (requested by MajesticCamel666)\n|\n|t:|1683161143\n|move|p2b: Maushold|Protect|p2b: Maushold\n|-singleturn|p2b: Maushold|Protect\n|move|p2a: Annihilape|Bulk Up|p2a: Annihilape\n|-boost|p2a: Annihilape|atk|1\n|-boost|p2a: Annihilape|def|1\n|move|p1a: Abomasnow|Aurora Veil|p1a: Abomasnow\n|-sidestart|p1: Blackth0rn|move: Aurora Veil\n|move|p1b: Iron Hands|Swords Dance|p1b: Iron Hands\n|-boost|p1b: Iron Hands|atk|2\n|\n|-weather|Snow|[upkeep]\n|upkeep\n|turn|2\n|inactive|MajesticCamel666 has 30 seconds left.\n|\n|t:|1683161171\n|move|p2a: Annihilape|Rage Fist|p1b: Iron Hands\n|-damage|p1b: Iron Hands|88\/100\n|move|p2b: Maushold|Population Bomb|p1b: Iron Hands\n|-damage|p1b: Iron Hands|85\/100\n|-damage|p1b: Iron Hands|82\/100\n|-damage|p1b: Iron Hands|79\/100\n|-damage|p1b: Iron Hands|77\/100\n|-damage|p1b: Iron Hands|74\/100\n|-damage|p1b: Iron Hands|71\/100\n|-hitcount|p1b: Iron Hands|6\n|move|p1a: Abomasnow|Blizzard|p2b: Maushold|[spread] p2a,p2b\n|-damage|p2a: Annihilape|75\/100\n|-damage|p2b: Maushold|62\/100\n|move|p1b: Iron Hands|Drain Punch|p2b: Maushold\n|-supereffective|p2b: Maushold\n|-damage|p2b: Maushold|0 fnt\n|-heal|p1b: Iron Hands|94\/100|[from] drain|[of] p2b: Maushold\n|faint|p2b: Maushold\n|\n|-weather|Snow|[upkeep]\n|-heal|p2a: Annihilape|81\/100|[from] item: Leftovers\n|upkeep\n|\n|t:|1683161195\n|switch|p2b: Tauros|Tauros-Paldea-Blaze, L50, M|100\/100\n|-ability|p2b: Tauros|Intimidate|boost\n|-unboost|p1a: Abomasnow|atk|1\n|-unboost|p1b: Iron Hands|atk|1\n|turn|3\n|inactive|Blackth0rn has 30 seconds left.\n|inactive|Blackth0rn has 20 seconds left.\n|inactive|Blackth0rn has 15 seconds left.\n|inactive|Blackth0rn has 10 seconds left.\n|\n|t:|1683161244\n|move|p1a: Abomasnow|Helping Hand|p1b: Iron Hands\n|-singleturn|p1b: Iron Hands|Helping Hand|[of] p1a: Abomasnow\n|move|p2a: Annihilape|Bulk Up|p2a: Annihilape\n|-boost|p2a: Annihilape|atk|1\n|-boost|p2a: Annihilape|def|1\n|move|p2b: Tauros|Raging Bull|p1a: Abomasnow\n|-sideend|p1: Blackth0rn|move: Aurora Veil\n|-supereffective|p1a: Abomasnow\n|-enditem|p1a: Abomasnow|Focus Sash\n|-damage|p1a: Abomasnow|1\/100\n|move|p1b: Iron Hands|Thunder Punch|p2a: Annihilape\n|-damage|p2a: Annihilape|35\/100\n|\n|-weather|Snow|[upkeep]\n|-heal|p2a: Annihilape|41\/100|[from] item: Leftovers\n|upkeep\n|turn|4\n|\n|t:|1683161266\n|move|p1a: Abomasnow|Helping Hand|p1b: Iron Hands\n|-singleturn|p1b: Iron Hands|Helping Hand|[of] p1a: Abomasnow\n|move|p2a: Annihilape|Rage Fist|p1b: Iron Hands\n|-damage|p1b: Iron Hands|22\/100\n|-enditem|p1b: Iron Hands|Sitrus Berry|[eat]\n|-heal|p1b: Iron Hands|46\/100|[from] item: Sitrus Berry\n|move|p2b: Tauros|Raging Bull|p1a: Abomasnow\n|-supereffective|p1a: Abomasnow\n|-damage|p1a: Abomasnow|0 fnt\n|faint|p1a: Abomasnow\n|move|p1b: Iron Hands|Thunder Punch|p2a: Annihilape\n|-damage|p2a: Annihilape|0 fnt\n|faint|p2a: Annihilape\n|\n|-weather|Snow|[upkeep]\n|upkeep\n|\n|t:|1683161284\n|switch|p2a: Iron Bundle|Iron Bundle, L50|100\/100\n|switch|p1a: Iron Bundle|Iron Bundle, L50|100\/100\n|-enditem|p2a: Iron Bundle|Booster Energy\n|-activate|p2a: Iron Bundle|ability: Quark Drive|[fromitem]\n|-start|p2a: Iron Bundle|quarkdrivespe\n|-enditem|p1a: Iron Bundle|Booster Energy\n|-activate|p1a: Iron Bundle|ability: Quark Drive|[fromitem]\n|-start|p1a: Iron Bundle|quarkdrivespe\n|turn|5\n|\n|t:|1683161306\n|-terastallize|p2b: Tauros|Grass\n|move|p2a: Iron Bundle|Hydro Pump|p1b: Iron Hands\n|-damage|p1b: Iron Hands|5\/100\n|move|p1a: Iron Bundle|Hydro Pump|p2b: Tauros\n|-resisted|p2b: Tauros\n|-damage|p2b: Tauros|81\/100\n|move|p2b: Tauros|Close Combat|p1a: Iron Bundle\n|-supereffective|p1a: Iron Bundle\n|-damage|p1a: Iron Bundle|20\/100\n|-unboost|p2b: Tauros|def|1\n|-unboost|p2b: Tauros|spd|1\n|move|p1b: Iron Hands|Drain Punch|p2a: Iron Bundle\n|-supereffective|p2a: Iron Bundle\n|-damage|p2a: Iron Bundle|10\/100\n|-heal|p1b: Iron Hands|29\/100|[from] drain|[of] p2a: Iron Bundle\n|\n|-weather|none\n|upkeep\n|turn|6\n|-message|MajesticCamel666 forfeited.\n|\n|win|Blackth0rn\n|raw|Blackth0rn's rating: 1445 → 1459<\/strong> (+14 for winning)\n|raw|MajesticCamel666's rating: 1332 → 1318<\/strong> (-14 for losing)\n|l|\u2606MajesticCamel666\n","uploadtime":1683161323,"views":8,"p1id":"blackth0rn","p2id":"majesticcamel666","formatid":"gen9vgc2023regulationc","rating":1318,"private":0,"password":""}