{"id":"gen9vgc2023regulationc-1856985776","p1":"151runner","p2":"SurpriseAttacks","format":"[Gen 9] VGC 2023 Regulation C","log":"|j|\u2606151runner\n|j|\u2606SurpriseAttacks\n|t:|1683133658\n|gametype|doubles\n|player|p1|151runner|scientist-gen4|\n|player|p2|SurpriseAttacks|gentleman-gen4|\n|teamsize|p1|6\n|teamsize|p2|6\n|gen|9\n|tier|[Gen 9] VGC 2023 Regulation C\n|rated|Tournament battle\n|rule|Species Clause: Limit one of each Pok\u00e9mon\n|rule|Item Clause: Limit one of each item\n|clearpoke\n|poke|p1|Hippowdon, L50, M|\n|poke|p1|Tyranitar, L50, M|\n|poke|p1|Corviknight, L50, M|\n|poke|p1|Glimmora, L50, F|\n|poke|p1|Gholdengo, L50|\n|poke|p1|Great Tusk, L50|\n|poke|p2|Baxcalibur, L50, M|\n|poke|p2|Brute Bonnet, L50|\n|poke|p2|Gyarados, L50, M|\n|poke|p2|Flutter Mane, L50|\n|poke|p2|Rotom-Heat, L50|\n|poke|p2|Garganacl, L50, F|\n|teampreview|4\n|raw| Open Team Sheet for 151runner<\/summary>Hippowdon @ Smooth Rock Ability: Sand Stream Level: 50 Tera Type: Water - Slack Off - Sand Tomb - Yawn - Protect Tyranitar @ Assault Vest Ability: Unnerve Level: 50 Tera Type: Flying - Rock Slide - Assurance - Iron Head - Tera Blast Corviknight @ Rocky Helmet Ability: Mirror Armor Level: 50 Tera Type: Flying - Brave Bird - Iron Head - Roost - U-turn Glimmora @ Mago Berry Ability: Toxic Debris Level: 50 Tera Type: Grass - Mortal Spin - Venoshock - Power Gem - Spiky Shield Gholdengo @ Sitrus Berry Ability: Good as Gold Level: 50 Tera Type: Water - Make It Rain - Shadow Ball - Thunderbolt - Protect Great Tusk @ Choice Scarf Ability: Protosynthesis Level: 50 Hidden Power: Fighting Tera Type: Fire - Headlong Rush - Iron Head - Ice Spinner - Rock Slide <\/details><\/div> Open Team Sheet for SurpriseAttacks<\/summary>Baxcalibur (M) @ Life Orb Ability: Thermal Exchange Level: 50 Tera Type: Water - Glaive Rush - Icicle Spear - Ice Shard - Protect Brute Bonnet @ Loaded Dice Ability: Protosynthesis Level: 50 Tera Type: Water - Bullet Seed - Crunch - Spore - Taunt Gyarados (M) @ Lum Berry Ability: Intimidate Level: 50 Tera Type: Steel - Waterfall - Iron Head - Thunder Wave - Helping Hand Flutter Mane @ Booster Energy Ability: Protosynthesis Level: 50 Tera Type: Fairy - Moonblast - Hex - Substitute - Protect Rotom (Rotom-Heat) @ Safety Goggles Ability: Levitate Level: 50 Tera Type: Water - Overheat - Thunderbolt - Nasty Plot - Protect Garganacl (F) @ Assault Vest Ability: Purifying Salt Level: 50 Tera Type: Flying - Heavy Slam - Fissure - Rock Slide - Stomping Tantrum <\/details><\/div>\n|j| MafuMafuSimpSimp\n|l| MafuMafuSimpSimp\n|inactive|Battle timer is ON: inactive players will automatically lose when time's up. (requested by SurpriseAttacks)\n|\n|t:|1683133709\n|start\n|switch|p1a: Hippowdon|Hippowdon, L50, M|100\/100\n|switch|p1b: Tyranitar|Tyranitar, L50, M|100\/100\n|switch|p2a: Gyarados|Gyarados, L50, M|100\/100\n|switch|p2b: Flutter Mane|Flutter Mane, L50|100\/100\n|-ability|p1b: Tyranitar|Unnerve\n|-ability|p2a: Gyarados|Intimidate|boost\n|-unboost|p1a: Hippowdon|atk|1\n|-unboost|p1b: Tyranitar|atk|1\n|-weather|Sandstorm|[from] ability: Sand Stream|[of] p1a: Hippowdon\n|-enditem|p2b: Flutter Mane|Booster Energy\n|-activate|p2b: Flutter Mane|ability: Protosynthesis|[fromitem]\n|-start|p2b: Flutter Mane|protosynthesisspa\n|turn|1\n|inactive|151runner has 30 seconds left.\n|inactive|151runner has 20 seconds left.\n|\n|t:|1683133749\n|-terastallize|p1b: Tyranitar|Flying\n|move|p2b: Flutter Mane|Protect|p2b: Flutter Mane\n|-singleturn|p2b: Flutter Mane|Protect\n|move|p2a: Gyarados|Thunder Wave|p1b: Tyranitar\n|-status|p1b: Tyranitar|par\n|move|p1a: Hippowdon|Yawn|p2a: Gyarados\n|-start|p2a: Gyarados|move: Yawn|[of] p1a: Hippowdon\n|move|p1b: Tyranitar|Iron Head|p2b: Flutter Mane\n|-activate|p2b: Flutter Mane|move: Protect\n|\n|-weather|Sandstorm|[upkeep]\n|-damage|p2b: Flutter Mane|94\/100|[from] Sandstorm\n|-damage|p2a: Gyarados|95\/100|[from] Sandstorm\n|-damage|p1b: Tyranitar|95\/100 par|[from] Sandstorm\n|upkeep\n|turn|2\n|j| decok\n|\n|t:|1683133765\n|switch|p2a: Baxcalibur|Baxcalibur, L50, M|100\/100\n|move|p2b: Flutter Mane|Substitute|p2b: Flutter Mane\n|-start|p2b: Flutter Mane|Substitute\n|-damage|p2b: Flutter Mane|70\/100\n|move|p1a: Hippowdon|Sand Tomb|p2a: Baxcalibur|[miss]\n|-miss|p1a: Hippowdon|p2a: Baxcalibur\n|move|p1b: Tyranitar|Iron Head|p2b: Flutter Mane\n|-supereffective|p2b: Flutter Mane\n|-end|p2b: Flutter Mane|Substitute\n|\n|-weather|Sandstorm|[upkeep]\n|-damage|p2b: Flutter Mane|64\/100|[from] Sandstorm\n|-damage|p2a: Baxcalibur|95\/100|[from] Sandstorm\n|-damage|p1b: Tyranitar|89\/100 par|[from] Sandstorm\n|upkeep\n|turn|3\n|inactive|151runner has 30 seconds left.\n|inactive|SurpriseAttacks has 30 seconds left.\n|\n|t:|1683133800\n|move|p2b: Flutter Mane|Protect|p2b: Flutter Mane\n|-singleturn|p2b: Flutter Mane|Protect\n|move|p2a: Baxcalibur|Icicle Spear|p1b: Tyranitar\n|-supereffective|p1b: Tyranitar\n|-damage|p1b: Tyranitar|57\/100 par\n|-supereffective|p1b: Tyranitar\n|-damage|p1b: Tyranitar|26\/100 par\n|-hitcount|p1b: Tyranitar|2\n|-damage|p2a: Baxcalibur|85\/100|[from] item: Life Orb\n|move|p1a: Hippowdon|Sand Tomb|p2a: Baxcalibur\n|-damage|p2a: Baxcalibur|76\/100\n|-activate|p2a: Baxcalibur|move: Sand Tomb|[of] p1a: Hippowdon\n|move|p1b: Tyranitar|Iron Head|p2a: Baxcalibur\n|-supereffective|p2a: Baxcalibur\n|-damage|p2a: Baxcalibur|43\/100\n|\n|-weather|Sandstorm|[upkeep]\n|-damage|p2b: Flutter Mane|57\/100|[from] Sandstorm\n|-damage|p2a: Baxcalibur|37\/100|[from] Sandstorm\n|-damage|p1b: Tyranitar|20\/100 par|[from] Sandstorm\n|-damage|p2a: Baxcalibur|24\/100|[from] move: Sand Tomb|[partiallytrapped]\n|upkeep\n|turn|4\n|\n|t:|1683133823\n|move|p2b: Flutter Mane|Substitute|p2b: Flutter Mane\n|-start|p2b: Flutter Mane|Substitute\n|-damage|p2b: Flutter Mane|33\/100\n|move|p2a: Baxcalibur|Glaive Rush|p1b: Tyranitar\n|-damage|p1b: Tyranitar|0 fnt\n|-singlemove|p2a: Baxcalibur|Glaive Rush|[silent]\n|faint|p1b: Tyranitar\n|-damage|p2a: Baxcalibur|15\/100|[from] item: Life Orb\n|move|p1a: Hippowdon|Yawn||[still]\n|-fail|p1a: Hippowdon\n|\n|-weather|Sandstorm|[upkeep]\n|-damage|p2b: Flutter Mane|27\/100|[from] Sandstorm\n|-damage|p2a: Baxcalibur|9\/100|[from] Sandstorm\n|-damage|p2a: Baxcalibur|0 fnt|[from] move: Sand Tomb|[partiallytrapped]\n|faint|p2a: Baxcalibur\n|upkeep\n|\n|t:|1683133840\n|switch|p2a: Brute Bonnet|Brute Bonnet, L50|100\/100\n|switch|p1b: Great Tusk|Great Tusk, L50|100\/100\n|turn|5\n|\n|t:|1683133865\n|-terastallize|p2a: Brute Bonnet|Water\n|move|p2b: Flutter Mane|Protect|p2b: Flutter Mane\n|-singleturn|p2b: Flutter Mane|Protect\n|move|p1b: Great Tusk|Rock Slide|p2b: Flutter Mane|[spread] \n|-activate|p2b: Flutter Mane|move: Protect\n|-miss|p1b: Great Tusk|p2a: Brute Bonnet\n|move|p2a: Brute Bonnet|Spore|p1b: Great Tusk\n|-status|p1b: Great Tusk|slp|[from] move: Spore\n|move|p1a: Hippowdon|Sand Tomb|p2b: Flutter Mane\n|-activate|p2b: Flutter Mane|move: Protect\n|\n|-weather|Sandstorm|[upkeep]\n|-damage|p2b: Flutter Mane|20\/100|[from] Sandstorm\n|-damage|p2a: Brute Bonnet|94\/100|[from] Sandstorm\n|upkeep\n|turn|6\n|\n|t:|1683133884\n|cant|p1b: Great Tusk|slp\n|move|p2b: Flutter Mane|Hex|p1b: Great Tusk\n|-damage|p1b: Great Tusk|0 fnt\n|faint|p1b: Great Tusk\n|-end|p1b: Great Tusk|Protosynthesis|[silent]\n|move|p2a: Brute Bonnet|Spore|p1a: Hippowdon\n|-status|p1a: Hippowdon|slp|[from] move: Spore\n|cant|p1a: Hippowdon|slp\n|\n|-weather|Sandstorm|[upkeep]\n|-damage|p2b: Flutter Mane|14\/100|[from] Sandstorm\n|-damage|p2a: Brute Bonnet|88\/100|[from] Sandstorm\n|upkeep\n|\n|t:|1683133897\n|switch|p1b: Gholdengo|Gholdengo, L50|100\/100\n|turn|7\n|\n|t:|1683133910\n|move|p1b: Gholdengo|Protect|p1b: Gholdengo\n|-singleturn|p1b: Gholdengo|Protect\n|move|p2b: Flutter Mane|Hex|p1a: Hippowdon\n|-crit|p1a: Hippowdon\n|-damage|p1a: Hippowdon|0 fnt\n|faint|p1a: Hippowdon\n|move|p2a: Brute Bonnet|Crunch|p1b: Gholdengo\n|-activate|p1b: Gholdengo|move: Protect\n|\n|-weather|Sandstorm|[upkeep]\n|-damage|p2b: Flutter Mane|8\/100|[from] Sandstorm\n|-damage|p2a: Brute Bonnet|82\/100|[from] Sandstorm\n|upkeep\n|turn|8\n|\n|t:|1683133922\n|move|p2b: Flutter Mane|Hex|p1b: Gholdengo\n|-supereffective|p1b: Gholdengo\n|-damage|p1b: Gholdengo|1\/100\n|-enditem|p1b: Gholdengo|Sitrus Berry|[eat]\n|-heal|p1b: Gholdengo|26\/100|[from] item: Sitrus Berry\n|move|p1b: Gholdengo|Make It Rain|p2b: Flutter Mane|[spread] p2a,p2b\n|-supereffective|p2b: Flutter Mane\n|-end|p2b: Flutter Mane|Substitute\n|-resisted|p2a: Brute Bonnet\n|-damage|p2a: Brute Bonnet|67\/100\n|-unboost|p1b: Gholdengo|spa|1\n|move|p2a: Brute Bonnet|Crunch|p1b: Gholdengo\n|-supereffective|p1b: Gholdengo\n|-damage|p1b: Gholdengo|0 fnt\n|faint|p1b: Gholdengo\n|\n|win|SurpriseAttacks\n|n|\u2606151runner|151runner\n|n|\u2606SurpriseAttacks|surpriseattacks\n|n| decok|decok\n|c|\u2606151runner|gg\n|l|\u2606151runner\n","uploadtime":1683134419,"views":17,"p1id":"151runner","p2id":"surpriseattacks","formatid":"gen9vgc2023regulationc","rating":0,"private":0,"password":""}