{"id":"gen9vgc2023regulationc-1863904824","p1":"yuramas","p2":"Yueku","format":"[Gen 9] VGC 2023 Regulation C","log":"|j|\u2606yuramas\n|j|\u2606Yueku\n|t:|1684091621\n|gametype|doubles\n|player|p1|yuramas|n|\n|player|p2|Yueku|1|\n|teamsize|p1|6\n|teamsize|p2|6\n|gen|9\n|tier|[Gen 9] VGC 2023 Regulation C\n|rule|Tera Type Preview: Tera Types are shown at Team Preview\n|rule|Species Clause: Limit one of each Pok\u00e9mon\n|rule|Item Clause: Limit one of each item\n|clearpoke\n|poke|p1|Torkoal, L50, F|\n|poke|p1|Indeedee-F, L50, F|\n|poke|p1|Scovillain, L50, F|\n|poke|p1|Jumpluff, L50, F|\n|poke|p1|Espathra, L50, M|\n|poke|p1|Sandy Shocks, L50|\n|poke|p2|Iron Bundle, L50|\n|poke|p2|Arcanine, L50, M|\n|poke|p2|Garganacl, L50, M|\n|poke|p2|Iron Valiant, L50|\n|poke|p2|Salamence, L50, F|\n|poke|p2|Snover, L50, M|\n|teampreview|4\n|raw|yuramas's Tera Types: \/ \/ \/ \/ \/ \n|raw|Yueku's Tera Types: \/ \/ \/ \/ \/ \nYueku rejected open team sheets.\n|c|\u2606yuramas|g2\n|c|\u2606Yueku|g2\n|j| bacon122\n|l| bacon122\n|c|\u2606yuramas|glhf\n|c|\u2606Yueku|glhf\n|j| Judah<3\n|\n|t:|1684092345\n|start\n|switch|p1a: Espathra|Espathra, L50, M|100\/100\n|switch|p1b: Sandy Shocks|Sandy Shocks, L50|100\/100\n|switch|p2a: Arcanine|Arcanine, L50, M|100\/100\n|switch|p2b: Salamence|Salamence, L50, F|100\/100\n|-ability|p2a: Arcanine|Intimidate|boost\n|-unboost|p1a: Espathra|atk|1\n|-unboost|p1b: Sandy Shocks|atk|1\n|turn|1\n|\n|t:|1684092445\n|move|p1b: Sandy Shocks|Volt Switch|p2a: Arcanine\n|-damage|p2a: Arcanine|50\/100\n|\n|t:|1684092453\n|-end|p1b: Sandy Shocks|Protosynthesis|[silent]\n|switch|p1b: Indeedee|Indeedee-F, L50, F|100\/100|[from] Volt Switch\n|-fieldstart|move: Psychic Terrain|[from] ability: Psychic Surge|[of] p1b: Indeedee\n|-enditem|p1b: Indeedee|Psychic Seed\n|-boost|p1b: Indeedee|spd|1|[from] item: Psychic Seed\n|move|p2b: Salamence|Dragon Dance|p2b: Salamence\n|-boost|p2b: Salamence|atk|1\n|-boost|p2b: Salamence|spe|1\n|move|p2a: Arcanine|Snarl|p1b: Indeedee|[spread] p1a,p1b\n|-supereffective|p1a: Espathra\n|-supereffective|p1b: Indeedee\n|-damage|p1a: Espathra|72\/100\n|-damage|p1b: Indeedee|88\/100\n|-unboost|p1a: Espathra|spa|1\n|-unboost|p1b: Indeedee|spa|1\n|move|p1a: Espathra|Lumina Crash|p2a: Arcanine\n|-damage|p2a: Arcanine|21\/100\n|-unboost|p2a: Arcanine|spd|2\n|\n|-heal|p1a: Espathra|78\/100|[from] item: Leftovers\n|-ability|p1a: Espathra|Speed Boost|boost\n|-boost|p1a: Espathra|spe|1\n|upkeep\n|turn|2\n|c| Judah<3|I wish boom was like toxic and all mons got it\n|\n|t:|1684092568\n|move|p1a: Espathra|Protect|p1a: Espathra\n|-singleturn|p1a: Espathra|Protect\n|move|p2b: Salamence|Crunch|p1b: Indeedee\n|-supereffective|p1b: Indeedee\n|-damage|p1b: Indeedee|0 fnt\n|faint|p1b: Indeedee\n|-ability|p2b: Salamence|Moxie|boost\n|-boost|p2b: Salamence|atk|1\n|-damage|p2b: Salamence|91\/100|[from] item: Life Orb\n|move|p2a: Arcanine|Snarl|p1a: Espathra\n|-activate|p1a: Espathra|move: Protect\n|\n|-heal|p1a: Espathra|84\/100|[from] item: Leftovers\n|-ability|p1a: Espathra|Speed Boost|boost\n|-boost|p1a: Espathra|spe|1\n|upkeep\n|\n|t:|1684092582\n|switch|p1b: Sandy Shocks|Sandy Shocks, L50|100\/100\n|turn|3\n|\n|t:|1684092657\n|-terastallize|p1b: Sandy Shocks|Ice\n|move|p1a: Espathra|Lumina Crash|p2a: Arcanine\n|-damage|p2a: Arcanine|0 fnt\n|faint|p2a: Arcanine\n|move|p2b: Salamence|Outrage|p1a: Espathra\n|-damage|p1a: Espathra|0 fnt\n|faint|p1a: Espathra\n|-ability|p2b: Salamence|Moxie|boost\n|-boost|p2b: Salamence|atk|1\n|-damage|p2b: Salamence|81\/100|[from] item: Life Orb\n|move|p1b: Sandy Shocks|Tera Blast|p2b: Salamence\n|-supereffective|p2b: Salamence\n|-damage|p2b: Salamence|0 fnt\n|faint|p2b: Salamence\n|\n|upkeep\n|c|\u2606Yueku|f\n|\n|t:|1684092670\n|switch|p2b: Iron Bundle|Iron Bundle, L50|100\/100\n|switch|p2a: Garganacl|Garganacl, L50, M|100\/100\n|switch|p1a: Torkoal|Torkoal, L50, F|100\/100\n|-weather|SunnyDay|[from] ability: Drought|[of] p1a: Torkoal\n|-activate|p1b: Sandy Shocks|ability: Protosynthesis\n|-start|p1b: Sandy Shocks|protosynthesisspe\n|turn|4\n|\n|t:|1684092723\n|-terastallize|p2b: Iron Bundle|Water\n|move|p2a: Garganacl|Wide Guard|p2a: Garganacl\n|-singleturn|p2a: Garganacl|Wide Guard\n|move|p1b: Sandy Shocks|Tera Blast|p2a: Garganacl\n|-damage|p2a: Garganacl|61\/100\n|move|p2b: Iron Bundle|Hydro Pump|p1a: Torkoal\n|-supereffective|p1a: Torkoal\n|-damage|p1a: Torkoal|0 fnt\n|faint|p1a: Torkoal\n|\n|-weather|SunnyDay|[upkeep]\n|upkeep\n|turn|5\n|c|\u2606yuramas|gg\n|c| Judah<3|that actually killed\n|\n|t:|1684092747\n|move|p1b: Sandy Shocks|Tera Blast|p2a: Garganacl\n|-damage|p2a: Garganacl|25\/100\n|move|p2b: Iron Bundle|Hydro Pump|p1b: Sandy Shocks\n|-damage|p1b: Sandy Shocks|51\/100\n|move|p2a: Garganacl|Salt Cure|p1b: Sandy Shocks\n|-supereffective|p1b: Sandy Shocks\n|-damage|p1b: Sandy Shocks|18\/100\n|-start|p1b: Sandy Shocks|Salt Cure\n|\n|-weather|SunnyDay|[upkeep]\n|-damage|p1b: Sandy Shocks|6\/100|[from] Salt Cure\n|-fieldend|move: Psychic Terrain\n|upkeep\n|turn|6\n|c| Judah<3|I thought rock resisted ice ngl\n|\n|t:|1684092762\n|move|p2b: Iron Bundle|Protect|p2b: Iron Bundle\n|-singleturn|p2b: Iron Bundle|Protect\n|move|p2a: Garganacl|Protect|p2a: Garganacl\n|-singleturn|p2a: Garganacl|Protect\n|move|p1b: Sandy Shocks|Tera Blast|p2a: Garganacl\n|-activate|p2a: Garganacl|move: Protect\n|\n|-weather|SunnyDay|[upkeep]\n|-damage|p1b: Sandy Shocks|0 fnt|[from] Salt Cure\n|faint|p1b: Sandy Shocks\n|-end|p1b: Sandy Shocks|Protosynthesis|[silent]\n|\n|win|Yueku\n|upkeep\n|c|\u2606Yueku|same ngl\n|c|\u2606Yueku|ggs\n|l| Judah<3\n|l|\u2606yuramas\n|l|\u2606Yueku\n|j|\u2606Yueku\n|player|p2|Yueku|1\n","uploadtime":1684093679,"views":8,"p1id":"yuramas","p2id":"yueku","formatid":"gen9vgc2023regulationc","rating":0,"private":0,"password":""}