{"id":"gen9vgc2023regulationc-1848958194","p1":"mxcaster","p2":"PancakePancake","format":"[Gen 9] VGC 2023 Regulation C","log":"|j|\u2606mxcaster\n|j|\u2606PancakePancake\n|t:|1682131113\n|gametype|doubles\n|player|p1|mxcaster|1|1041\n|player|p2|PancakePancake|burglar|1126\n|teamsize|p1|6\n|teamsize|p2|6\n|gen|9\n|tier|[Gen 9] VGC 2023 Regulation C\n|rated|\n|rule|Species Clause: Limit one of each Pok\u00e9mon\n|rule|Item Clause: Limit one of each item\n|clearpoke\n|poke|p1|Kingambit, L50, M|\n|poke|p1|Tinkaton, L50, F|\n|poke|p1|Grimmsnarl, L50, M|\n|poke|p1|Wo-Chien, L50|\n|poke|p1|Wugtrio, L50, M|\n|poke|p1|Blissey, L50, F|\n|poke|p2|Iron Treads, L50|\n|poke|p2|Grimmsnarl, L50, M|\n|poke|p2|Annihilape, L50, M|\n|poke|p2|Iron Moth, L50|\n|poke|p2|Amoonguss, L50, M|\n|poke|p2|Gyarados, L50, M|\n|teampreview|4\n|inactive|Battle timer is ON: inactive players will automatically lose when time's up. (requested by PancakePancake)\n|inactive|mxcaster has 60 seconds left.\n|\n|t:|1682131155\n|start\n|switch|p1a: Kingambit|Kingambit, L50, M|100\/100\n|switch|p1b: Grimmsnarl|Grimmsnarl, L50, M|100\/100\n|switch|p2a: Grimmsnarl|Grimmsnarl, L50, M|100\/100\n|switch|p2b: Annihilape|Annihilape, L50, M|100\/100\n|turn|1\n|\n|t:|1682131172\n|move|p2a: Grimmsnarl|Reflect|p2a: Grimmsnarl\n|-sidestart|p2: PancakePancake|Reflect\n|move|p2b: Annihilape|Bulk Up|p2b: Annihilape\n|-boost|p2b: Annihilape|atk|1\n|-boost|p2b: Annihilape|def|1\n|move|p1a: Kingambit|Fling|p2b: Annihilape\n|-damage|p2b: Annihilape|98\/100\n|-enditem|p1a: Kingambit|Chople Berry|[from] move: Fling\n|move|p1b: Grimmsnarl|Fling|p2b: Annihilape\n|-damage|p2b: Annihilape|72\/100\n|-enditem|p1b: Grimmsnarl|Iron Ball|[from] move: Fling\n|\n|-heal|p2b: Annihilape|78\/100|[from] item: Leftovers\n|upkeep\n|turn|2\n|inactive|mxcaster has 30 seconds left.\n|inactive|mxcaster has 20 seconds left.\n|inactive|mxcaster has 15 seconds left.\n|\n|t:|1682131216\n|-terastallize|p1a: Kingambit|Dark\n|move|p2a: Grimmsnarl|Light Screen|p2a: Grimmsnarl\n|-sidestart|p2: PancakePancake|move: Light Screen\n|move|p2b: Annihilape|Drain Punch|p1a: Kingambit\n|-supereffective|p1a: Kingambit\n|-damage|p1a: Kingambit|33\/100\n|-heal|p2b: Annihilape|100\/100|[from] drain|[of] p1a: Kingambit\n|move|p1b: Grimmsnarl|Thief|p2b: Annihilape\n|-damage|p2b: Annihilape|89\/100\n|-enditem|p2b: Annihilape|Leftovers|[silent]|[from] move: Thief|[of] p1b: Grimmsnarl\n|-item|p1b: Grimmsnarl|Leftovers|[from] move: Thief|[of] p2b: Annihilape\n|move|p1a: Kingambit|Thief|p2b: Annihilape\n|-damage|p2b: Annihilape|72\/100\n|\n|upkeep\n|turn|3\n|inactive|mxcaster has 30 seconds left.\n|inactive|mxcaster has 20 seconds left.\n|inactive|mxcaster has 15 seconds left.\n|\n|t:|1682131257\n|switch|p2a: Amoonguss|Amoonguss, L50, M|100\/100\n|switch|p1b: Blissey|Blissey, L50, F|100\/100\n|move|p2b: Annihilape|Drain Punch|p1a: Kingambit\n|-supereffective|p1a: Kingambit\n|-damage|p1a: Kingambit|0 fnt\n|-heal|p2b: Annihilape|88\/100|[from] drain|[of] p1a: Kingambit\n|faint|p1a: Kingambit\n|\n|upkeep\n|\n|t:|1682131277\n|switch|p1a: Grimmsnarl|Grimmsnarl, L50, M|100\/100\n|turn|4\n|c|\u2606PancakePancake|can you send the pokepaste after the game please?\n|inactive|mxcaster has 30 seconds left.\n|\n|t:|1682131311\n|move|p2b: Annihilape|Drain Punch|p1b: Blissey\n|-supereffective|p1b: Blissey\n|-damage|p1b: Blissey|8\/100\n|-heal|p2b: Annihilape|100\/100|[from] drain|[of] p1b: Blissey\n|move|p1b: Blissey|Dazzling Gleam|p2b: Annihilape|[spread] p2a,p2b\n|-resisted|p2a: Amoonguss\n|-supereffective|p2b: Annihilape\n|-damage|p2a: Amoonguss|97\/100\n|-damage|p2b: Annihilape|89\/100\n|move|p1a: Grimmsnarl|Leech Life|p2b: Annihilape\n|-resisted|p2b: Annihilape\n|-damage|p2b: Annihilape|86\/100\n|move|p2a: Amoonguss|Spore|p1a: Grimmsnarl\n|-status|p1a: Grimmsnarl|slp|[from] move: Spore\n|\n|-heal|p1b: Blissey|14\/100|[from] item: Leftovers\n|upkeep\n|turn|5\n|inactive|mxcaster has 30 seconds left.\n|inactive|PancakePancake has 30 seconds left.\n|\n|t:|1682131341\n|switch|p2a: Iron Moth|Iron Moth, L50|100\/100\n|-enditem|p2a: Iron Moth|Booster Energy\n|-activate|p2a: Iron Moth|ability: Quark Drive|[fromitem]\n|-start|p2a: Iron Moth|quarkdrivespe\n|move|p1b: Blissey|Protect|p1b: Blissey\n|-singleturn|p1b: Blissey|Protect\n|move|p2b: Annihilape|Drain Punch|p1b: Blissey\n|-activate|p1b: Blissey|move: Protect\n|cant|p1a: Grimmsnarl|slp\n|\n|-heal|p1b: Blissey|20\/100|[from] item: Leftovers\n|upkeep\n|turn|6\n|\n|t:|1682131363\n|move|p2a: Iron Moth|Dazzling Gleam|p1a: Grimmsnarl|[spread] p1a,p1b\n|-supereffective|p1a: Grimmsnarl\n|-damage|p1a: Grimmsnarl|57\/100 slp\n|-damage|p1b: Blissey|12\/100\n|move|p2b: Annihilape|Drain Punch|p1b: Blissey\n|-supereffective|p1b: Blissey\n|-crit|p1b: Blissey\n|-damage|p1b: Blissey|0 fnt\n|-heal|p2b: Annihilape|96\/100|[from] drain|[of] p1b: Blissey\n|faint|p1b: Blissey\n|-curestatus|p1a: Grimmsnarl|slp|[msg]\n|move|p1a: Grimmsnarl|Leech Life|p2b: Annihilape\n|-resisted|p2b: Annihilape\n|-damage|p2b: Annihilape|94\/100\n|-heal|p1a: Grimmsnarl|58\/100|[from] drain|[of] p2b: Annihilape\n|\n|-heal|p1a: Grimmsnarl|64\/100|[from] item: Leftovers\n|upkeep\n|-message|mxcaster forfeited.\n|\n|win|PancakePancake\n|raw|mxcaster's rating: 1041 → 1029<\/strong> (-12 for losing)\n|raw|PancakePancake's rating: 1126 → 1145<\/strong> (+19 for winning)\n|l|\u2606mxcaster\n","uploadtime":1682131385,"views":11,"p1id":"mxcaster","p2id":"pancakepancake","formatid":"gen9vgc2023regulationc","rating":1029,"private":0,"password":""}