{"id":"gen9vgc2023regulationc-1856483029","p1":"kibo1808","p2":"Dacm248","format":"[Gen 9] VGC 2023 Regulation C","log":"|j|\u2606kibo1808\n|j|\u2606Dacm248\n|t:|1683066492\n|gametype|doubles\n|player|p1|kibo1808|blue|1241\n|player|p2|Dacm248|1|1179\n|teamsize|p1|6\n|teamsize|p2|6\n|gen|9\n|tier|[Gen 9] VGC 2023 Regulation C\n|rated|\n|rule|Species Clause: Limit one of each Pok\u00e9mon\n|rule|Item Clause: Limit one of each item\n|clearpoke\n|poke|p1|Chien-Pao, L50|\n|poke|p1|Dragapult, L50, F|\n|poke|p1|Volcarona, L50, M|\n|poke|p1|Flutter Mane, L50|\n|poke|p1|Azumarill, L50, F|\n|poke|p1|Amoonguss, L50, M|\n|poke|p2|Tyranitar, L50, M|\n|poke|p2|Sandy Shocks, L50|\n|poke|p2|Espathra, L50, M|\n|poke|p2|Annihilape, L50, F|\n|poke|p2|Maushold-Four, L50|\n|poke|p2|Flutter Mane, L50|\n|teampreview|4\n|inactive|Battle timer is ON: inactive players will automatically lose when time's up. (requested by kibo1808)\n|inactive|Dacm248 has 60 seconds left.\n|\n|t:|1683066549\n|start\n|switch|p1a: Maki|Dragapult, L50, F, shiny|100\/100\n|switch|p1b: Mickie|Chien-Pao, L50|100\/100\n|switch|p2a: Sandy Shocks|Sandy Shocks, L50|100\/100\n|switch|p2b: Espathra|Espathra, L50, M|100\/100\n|-ability|p1b: Mickie|Sword of Ruin\n|-enditem|p2a: Sandy Shocks|Booster Energy\n|-activate|p2a: Sandy Shocks|ability: Protosynthesis|[fromitem]\n|-start|p2a: Sandy Shocks|protosynthesisspe\n|turn|1\n|inactive|kibo1808 has 30 seconds left.\n|inactive|kibo1808 has 20 seconds left.\n|inactive|kibo1808 has 15 seconds left.\n|\n|t:|1683066592\n|move|p2a: Sandy Shocks|Gravity|p2a: Sandy Shocks\n|-fieldstart|move: Gravity\n|move|p1a: Maki|Phantom Force||[still]\n|-prepare|p1a: Maki|Phantom Force\n|move|p1b: Mickie|Ice Spinner|p2a: Sandy Shocks\n|-supereffective|p2a: Sandy Shocks\n|-damage|p2a: Sandy Shocks|0 fnt\n|faint|p2a: Sandy Shocks\n|-end|p2a: Sandy Shocks|Protosynthesis|[silent]\n|move|p2b: Espathra|Hypnosis|p1b: Mickie\n|-status|p1b: Mickie|slp|[from] move: Hypnosis\n|\n|-ability|p2b: Espathra|Speed Boost|boost\n|-boost|p2b: Espathra|spe|1\n|upkeep\n|\n|t:|1683066611\n|switch|p2a: Tyranitar|Tyranitar, L50, M|100\/100\n|-weather|Sandstorm|[from] ability: Sand Stream|[of] p2a: Tyranitar\n|turn|2\n|\n|t:|1683066631\n|move|p2b: Espathra|Dazzling Gleam|p1b: Mickie|[spread] p1b\n|-miss|p2b: Espathra|p1a: Maki\n|-supereffective|p1b: Mickie\n|-damage|p1b: Mickie|41\/100 slp\n|move|p1a: Maki|Phantom Force|p2a: Tyranitar|[from]lockedmove\n|-resisted|p2a: Tyranitar\n|-damage|p2a: Tyranitar|69\/100\n|-damage|p1a: Maki|91\/100|[from] item: Life Orb\n|cant|p1b: Mickie|slp\n|move|p2a: Tyranitar|Heavy Slam|p1b: Mickie\n|-supereffective|p1b: Mickie\n|-damage|p1b: Mickie|0 fnt\n|faint|p1b: Mickie\n|\n|-weather|Sandstorm|[upkeep]\n|-damage|p2b: Espathra|95\/100|[from] Sandstorm\n|-damage|p1a: Maki|85\/100|[from] Sandstorm\n|-ability|p2b: Espathra|Speed Boost|boost\n|-boost|p2b: Espathra|spe|1\n|upkeep\n|\n|t:|1683066651\n|switch|p1b: Azuka|Azumarill, L50, F|100\/100\n|turn|3\n|\n|t:|1683066668\n|-terastallize|p1a: Maki|Steel\n|-terastallize|p2a: Tyranitar|Grass\n|move|p2b: Espathra|Hypnosis|p1a: Maki\n|-status|p1a: Maki|slp|[from] move: Hypnosis\n|cant|p1a: Maki|slp\n|move|p2a: Tyranitar|Tera Blast|p1b: Azuka\n|-supereffective|p1b: Azuka\n|-crit|p1b: Azuka\n|-damage|p1b: Azuka|0 fnt\n|faint|p1b: Azuka\n|\n|-weather|Sandstorm|[upkeep]\n|-damage|p2b: Espathra|89\/100|[from] Sandstorm\n|-damage|p2a: Tyranitar|63\/100|[from] Sandstorm\n|-ability|p2b: Espathra|Speed Boost|boost\n|-boost|p2b: Espathra|spe|1\n|upkeep\n|\n|t:|1683066684\n|switch|p1b: Pepo|Amoonguss, L50, M, shiny|100\/100\n|turn|4\n|\n|t:|1683066692\n|move|p1b: Pepo|Rage Powder|p1b: Pepo\n|-singleturn|p1b: Pepo|move: Rage Powder\n|move|p2b: Espathra|Hypnosis|p1b: Pepo\n|-status|p1b: Pepo|slp|[from] move: Hypnosis\n|cant|p1a: Maki|slp\n|move|p2a: Tyranitar|Crunch|p1a: Maki\n|-damage|p1a: Maki|26\/100 slp\n|\n|-weather|Sandstorm|[upkeep]\n|-damage|p2b: Espathra|83\/100|[from] Sandstorm\n|-damage|p2a: Tyranitar|58\/100|[from] Sandstorm\n|-damage|p1b: Pepo|95\/100 slp|[from] Sandstorm\n|-ability|p2b: Espathra|Speed Boost|boost\n|-boost|p2b: Espathra|spe|1\n|upkeep\n|turn|5\n|\n|t:|1683066707\n|-curestatus|p1a: Maki|slp|[msg]\n|move|p1a: Maki|Protect|p1a: Maki\n|-singleturn|p1a: Maki|Protect\n|move|p2b: Espathra|Lumina Crash|p1b: Pepo\n|-supereffective|p1b: Pepo\n|-damage|p1b: Pepo|32\/100 slp\n|-unboost|p1b: Pepo|spd|2\n|-enditem|p1b: Pepo|Sitrus Berry|[eat]\n|-heal|p1b: Pepo|56\/100 slp|[from] item: Sitrus Berry\n|move|p2a: Tyranitar|Crunch|p1a: Maki\n|-activate|p1a: Maki|move: Protect\n|cant|p1b: Pepo|slp\n|\n|-weather|Sandstorm|[upkeep]\n|-damage|p2b: Espathra|77\/100|[from] Sandstorm\n|-damage|p2a: Tyranitar|52\/100|[from] Sandstorm\n|-damage|p1b: Pepo|50\/100 slp|[from] Sandstorm\n|-fieldend|move: Gravity\n|-ability|p2b: Espathra|Speed Boost|boost\n|-boost|p2b: Espathra|spe|1\n|upkeep\n|turn|6\n|\n|t:|1683066721\n|move|p2b: Espathra|Protect|p2b: Espathra\n|-singleturn|p2b: Espathra|Protect\n|move|p1a: Maki|Phantom Force||[still]\n|-prepare|p1a: Maki|Phantom Force\n|move|p2a: Tyranitar|Crunch|p1a: Maki|[miss]\n|-miss|p2a: Tyranitar|p1a: Maki\n|-curestatus|p1b: Pepo|slp|[msg]\n|move|p1b: Pepo|Pollen Puff|p1a: Maki|[miss]\n|-miss|p1b: Pepo|p1a: Maki\n|\n|-weather|none\n|-ability|p2b: Espathra|Speed Boost|boost\n|-boost|p2b: Espathra|spe|1\n|upkeep\n|turn|7\n|\n|t:|1683066737\n|move|p2b: Espathra|Lumina Crash|p1b: Pepo\n|-supereffective|p1b: Pepo\n|-damage|p1b: Pepo|0 fnt\n|faint|p1b: Pepo\n|move|p1a: Maki|Phantom Force|p2b: Espathra|[from]lockedmove\n|-supereffective|p2b: Espathra\n|-damage|p2b: Espathra|0 fnt\n|faint|p2b: Espathra\n|-damage|p1a: Maki|17\/100|[from] item: Life Orb\n|move|p2a: Tyranitar|Crunch|p1a: Maki\n|-damage|p1a: Maki|0 fnt\n|faint|p1a: Maki\n|\n|win|Dacm248\n|raw|kibo1808's rating: 1241 → 1212<\/strong> (-29 for losing)\n|raw|Dacm248's rating: 1179 → 1208<\/strong> (+29 for winning)\n","uploadtime":1683066753,"views":7,"p1id":"kibo1808","p2id":"dacm248","formatid":"gen9vgc2023regulationc","rating":1208,"private":0,"password":""}