{"id":"gen9vgc2023regulationc-1858729190","p1":"hysaaron","p2":"goraku","format":"[Gen 9] VGC 2023 Regulation C","log":"|j|\u2606hysaaron\n|j|\u2606goraku\n|t:|1683349514\n|gametype|doubles\n|player|p1|hysaaron|2|1089\n|player|p2|goraku|266|1000\n|teamsize|p1|6\n|teamsize|p2|6\n|gen|9\n|tier|[Gen 9] VGC 2023 Regulation C\n|rated|\n|rule|Species Clause: Limit one of each Pok\u00e9mon\n|rule|Item Clause: Limit one of each item\n|clearpoke\n|poke|p1|Chi-Yu, L50|\n|poke|p1|Flutter Mane, L50|\n|poke|p1|Palafin, L50, M|\n|poke|p1|Pelipper, L50, F|\n|poke|p1|Arcanine, L50, F|\n|poke|p1|Amoonguss, L50, F|\n|poke|p2|Torkoal, L50, M|\n|poke|p2|Arcanine, L50, M|\n|poke|p2|Amoonguss, L50, F|\n|poke|p2|Great Tusk, L50|\n|poke|p2|Palafin, L50, M|\n|poke|p2|Murkrow, L50, M|\n|teampreview|4\n|inactive|Battle timer is ON: inactive players will automatically lose when time's up. (requested by hysaaron)\n|\n|t:|1683349554\n|start\n|switch|p1a: Palafin|Palafin, L50, M|100\/100\n|switch|p1b: Flutter Mane|Flutter Mane, L50|100\/100\n|switch|p2a: Palafin|Palafin, L50, M|100\/100\n|switch|p2b: Torkoal|Torkoal, L50, M|100\/100\n|-weather|SunnyDay|[from] ability: Drought|[of] p2b: Torkoal\n|-activate|p1b: Flutter Mane|ability: Protosynthesis\n|-start|p1b: Flutter Mane|protosynthesisspa\n|turn|1\n|inactive|hysaaron has 30 seconds left.\n|inactive|goraku has 30 seconds left.\n|\n|t:|1683349586\n|detailschange|p1a: Palafin|Palafin-Hero, L50, M\n|switch|p1a: Pelipper|Pelipper, L50, F|100\/100\n|-weather|RainDance|[from] ability: Drizzle|[of] p1a: Pelipper\n|-end|p1b: Flutter Mane|Protosynthesis\n|move|p2a: Palafin|Flip Turn|p1b: Flutter Mane\n|-damage|p1b: Flutter Mane|44\/100\n|\n|t:|1683349602\n|detailschange|p2a: Palafin|Palafin-Hero, L50, M\n|switch|p2a: Murkrow|Murkrow, L50, M|100\/100|[from] Flip Turn\n|move|p1b: Flutter Mane|Thunderbolt|p2a: Murkrow\n|-supereffective|p2a: Murkrow\n|-enditem|p2a: Murkrow|Focus Sash\n|-damage|p2a: Murkrow|1\/100\n|move|p2b: Torkoal|Flamethrower|p1b: Flutter Mane\n|-damage|p1b: Flutter Mane|32\/100\n|\n|-weather|RainDance|[upkeep]\n|upkeep\n|turn|2\n|inactive|hysaaron has 30 seconds left.\n|inactive|goraku has 30 seconds left.\n|inactive|hysaaron has 20 seconds left.\n|\n|t:|1683349639\n|-end|p1b: Flutter Mane|Protosynthesis|[silent]\n|switch|p1b: Palafin|Palafin-Hero, L50, M|100\/100\n|-activate|p1b: Palafin|ability: Zero to Hero\n|move|p2b: Torkoal|Protect|p2b: Torkoal\n|-singleturn|p2b: Torkoal|Protect\n|move|p2a: Murkrow|Tailwind|p2a: Murkrow\n|-sidestart|p2: goraku|move: Tailwind\n|move|p1a: Pelipper|Tailwind|p1a: Pelipper\n|-sidestart|p1: hysaaron|move: Tailwind\n|\n|-weather|RainDance|[upkeep]\n|upkeep\n|turn|3\n|inactive|hysaaron has 30 seconds left.\n|inactive|goraku has 30 seconds left.\n|inactive|hysaaron has 20 seconds left.\n|inactive|goraku has 20 seconds left.\n|inactive|goraku has 15 seconds left.\n|\n|t:|1683349679\n|switch|p2b: Arcanine|Arcanine, L50, M|100\/100\n|-ability|p2b: Arcanine|Intimidate|boost\n|-unboost|p1a: Pelipper|atk|1\n|-unboost|p1b: Palafin|atk|1\n|-terastallize|p1b: Palafin|Water\n|move|p1b: Palafin|Jet Punch|p2a: Murkrow\n|-damage|p2a: Murkrow|0 fnt\n|faint|p2a: Murkrow\n|move|p1a: Pelipper|Hurricane|p2b: Arcanine\n|-damage|p2b: Arcanine|75\/100\n|\n|-weather|RainDance|[upkeep]\n|upkeep\n|\n|t:|1683349689\n|switch|p2a: Torkoal|Torkoal, L50, M|100\/100\n|-weather|SunnyDay|[from] ability: Drought|[of] p2a: Torkoal\n|turn|4\n|inactive|hysaaron has 30 seconds left.\n|inactive|goraku has 30 seconds left.\n|\n|t:|1683349720\n|switch|p1a: Flutter Mane|Flutter Mane, L50|32\/100\n|-activate|p1a: Flutter Mane|ability: Protosynthesis\n|-start|p1a: Flutter Mane|protosynthesisspa\n|move|p1b: Palafin|Protect|p1b: Palafin\n|-singleturn|p1b: Palafin|Protect\n|move|p2b: Arcanine|Wild Charge|p1a: Flutter Mane\n|-damage|p1a: Flutter Mane|0 fnt\n|faint|p1a: Flutter Mane\n|-end|p1a: Flutter Mane|Protosynthesis|[silent]\n|-damage|p2b: Arcanine|67\/100|[from] Recoil\n|move|p2a: Torkoal|Solar Beam||[still]\n|-prepare|p2a: Torkoal|Solar Beam\n|-anim|p2a: Torkoal|Solar Beam|p1b: Palafin\n|-activate|p1b: Palafin|move: Protect\n|\n|-weather|SunnyDay|[upkeep]\n|upkeep\n|\n|t:|1683349739\n|switch|p1a: Pelipper|Pelipper, L50, F|100\/100\n|-weather|RainDance|[from] ability: Drizzle|[of] p1a: Pelipper\n|turn|5\n|inactive|hysaaron has 30 seconds left.\n|inactive|goraku has 30 seconds left.\n|inactive|hysaaron has 20 seconds left.\n|inactive|hysaaron has 15 seconds left.\n|inactive|goraku has 20 seconds left.\n|inactive|hysaaron has 10 seconds left.\n|\n|t:|1683349785\n|switch|p2b: Palafin|Palafin-Hero, L50, M|100\/100\n|-activate|p2b: Palafin|ability: Zero to Hero\n|move|p1a: Pelipper|Protect|p1a: Pelipper\n|-singleturn|p1a: Pelipper|Protect\n|move|p1b: Palafin|Wave Crash|p2b: Palafin\n|-resisted|p2b: Palafin\n|-damage|p2b: Palafin|31\/100\n|-damage|p1b: Palafin|81\/100|[from] Recoil\n|move|p2a: Torkoal|Solar Beam||[still]\n|-prepare|p2a: Torkoal|Solar Beam\n|\n|-weather|RainDance|[upkeep]\n|-sideend|p2: goraku|move: Tailwind\n|-sideend|p1: hysaaron|move: Tailwind\n|upkeep\n|turn|6\n|inactive|goraku has 30 seconds left.\n|\n|t:|1683349814\n|-terastallize|p2b: Palafin|Water\n|move|p2b: Palafin|Flip Turn|p1b: Palafin\n|-resisted|p1b: Palafin\n|-damage|p1b: Palafin|30\/100\n|\n|t:|1683349819\n|switch|p2b: Arcanine|Arcanine, L50, M|67\/100|[from] Flip Turn\n|-ability|p2b: Arcanine|Intimidate|boost\n|-unboost|p1a: Pelipper|atk|1\n|-unboost|p1b: Palafin|atk|1\n|move|p1b: Palafin|Wave Crash|p2a: Torkoal\n|-supereffective|p2a: Torkoal\n|-damage|p2a: Torkoal|0 fnt\n|faint|p2a: Torkoal\n|-damage|p1b: Palafin|2\/100|[from] Recoil\n|move|p1a: Pelipper|Hurricane|p2b: Arcanine\n|-damage|p2b: Arcanine|42\/100\n|\n|-weather|RainDance|[upkeep]\n|upkeep\n|\n|t:|1683349828\n|switch|p2a: Palafin|Palafin-Hero, L50, M, tera:Water|31\/100\n|turn|7\n|\n|t:|1683349847\n|switch|p1b: Amoonguss|Amoonguss, L50, F, shiny|100\/100\n|move|p1a: Pelipper|Protect|p1a: Pelipper\n|-singleturn|p1a: Pelipper|Protect\n|move|p2a: Palafin|Jet Punch|p1b: Amoonguss\n|-resisted|p1b: Amoonguss\n|-damage|p1b: Amoonguss|62\/100\n|-damage|p2a: Palafin|15\/100|[from] item: Rocky Helmet|[of] p1b: Amoonguss\n|move|p2b: Arcanine|Wild Charge|p1a: Pelipper\n|-activate|p1a: Pelipper|move: Protect\n|\n|-weather|RainDance|[upkeep]\n|upkeep\n|turn|8\n|inactive|hysaaron has 30 seconds left.\n|inactive|hysaaron has 20 seconds left.\n|inactive|hysaaron has 15 seconds left.\n|\n|t:|1683349892\n|move|p1b: Amoonguss|Protect|p1b: Amoonguss\n|-singleturn|p1b: Amoonguss|Protect\n|move|p2a: Palafin|Jet Punch|p1b: Amoonguss\n|-activate|p1b: Amoonguss|move: Protect\n|move|p2b: Arcanine|Wild Charge|p1a: Pelipper\n|-supereffective|p1a: Pelipper\n|-damage|p1a: Pelipper|0 fnt\n|faint|p1a: Pelipper\n|-damage|p2b: Arcanine|16\/100|[from] Recoil\n|\n|-weather|RainDance|[upkeep]\n|upkeep\n|\n|t:|1683349904\n|switch|p1a: Palafin|Palafin-Hero, L50, M, tera:Water|2\/100\n|turn|9\n|inactive|goraku has 30 seconds left.\n|inactive|goraku has 20 seconds left.\n|inactive|goraku has 15 seconds left.\n|inactive|goraku has 10 seconds left.\n|\n|t:|1683349954\n|move|p1b: Amoonguss|Rage Powder|p1b: Amoonguss\n|-singleturn|p1b: Amoonguss|move: Rage Powder\n|move|p2a: Palafin|Jet Punch|p1b: Amoonguss\n|-resisted|p1b: Amoonguss\n|-damage|p1b: Amoonguss|21\/100\n|-damage|p2a: Palafin|0 fnt|[from] item: Rocky Helmet|[of] p1b: Amoonguss\n|faint|p2a: Palafin\n|move|p1a: Palafin|Jet Punch|p2b: Arcanine\n|-supereffective|p2b: Arcanine\n|-damage|p2b: Arcanine|0 fnt\n|faint|p2b: Arcanine\n|\n|win|hysaaron\n|raw|hysaaron's rating: 1089 → 1109<\/strong> (+20 for winning)\n|raw|goraku's rating: 1000 → 1000<\/strong> (+0 for losing)\n|l|\u2606goraku\n","uploadtime":1683349966,"views":6,"p1id":"hysaaron","p2id":"goraku","formatid":"gen9vgc2023regulationc","rating":1000,"private":0,"password":""}