{"id":"gen9vgc2023regulationc-1849276575","p1":"omlov","p2":"Esspecialy","format":"[Gen 9] VGC 2023 Regulation C","log":"|j|\u2606omlov\n|j|\u2606Esspecialy\n|t:|1682180744\n|gametype|doubles\n|player|p1|omlov|lass-gen4dp|1191\n|player|p2|Esspecialy|burglar|1271\n|teamsize|p1|6\n|teamsize|p2|6\n|gen|9\n|tier|[Gen 9] VGC 2023 Regulation C\n|rated|\n|rule|Species Clause: Limit one of each Pok\u00e9mon\n|rule|Item Clause: Limit one of each item\n|clearpoke\n|poke|p1|Talonflame, L50, F|\n|poke|p1|Iron Bundle, L50|\n|poke|p1|Iron Hands, L50|\n|poke|p1|Gholdengo, L50|\n|poke|p1|Garchomp, L50, M|\n|poke|p1|Chien-Pao, L50|\n|poke|p2|Wo-Chien, L50|\n|poke|p2|Chi-Yu, L50|\n|poke|p2|Gholdengo, L50|\n|poke|p2|Maushold, L50|\n|poke|p2|Chien-Pao, L50|\n|poke|p2|Dragonite, L50, M|\n|teampreview|4\n|inactive|Battle timer is ON: inactive players will automatically lose when time's up. (requested by omlov)\n|inactive|omlov has 60 seconds left.\n|inactive|Esspecialy has 60 seconds left.\n|\n|t:|1682180804\n|start\n|switch|p1a: Talonflame|Talonflame, L50, F|100\/100\n|switch|p1b: Gholdengo|Gholdengo, L50|100\/100\n|switch|p2a: Annihilape2|Gholdengo, L50|100\/100\n|switch|p2b: Mausmaus|Maushold, L50|100\/100\n|turn|1\n|inactive|omlov has 30 seconds left.\n|\n|t:|1682180833\n|switch|p1b: Garchomp|Garchomp, L50, M|100\/100\n|-terastallize|p2a: Annihilape2|Steel\n|move|p1a: Talonflame|Taunt|p2b: Mausmaus\n|-start|p2b: Mausmaus|move: Taunt\n|move|p2b: Mausmaus|Population Bomb|p1a: Talonflame\n|-damage|p1a: Talonflame|89\/100\n|-damage|p1a: Talonflame|78\/100\n|-damage|p1a: Talonflame|66\/100\n|-damage|p1a: Talonflame|54\/100\n|-damage|p1a: Talonflame|42\/100\n|-damage|p1a: Talonflame|30\/100\n|-damage|p1a: Talonflame|18\/100\n|-damage|p1a: Talonflame|6\/100\n|-damage|p1a: Talonflame|0 fnt\n|faint|p1a: Talonflame\n|-hitcount|p1: Talonflame|9\n|move|p2a: Annihilape2|Nasty Plot|p2a: Annihilape2\n|-boost|p2a: Annihilape2|spa|2\n|\n|upkeep\n|\n|t:|1682180847\n|switch|p1a: Iron Bundle|Iron Bundle, L50|100\/100\n|-enditem|p1a: Iron Bundle|Booster Energy\n|-activate|p1a: Iron Bundle|ability: Quark Drive|[fromitem]\n|-start|p1a: Iron Bundle|quarkdrivespe\n|turn|2\n|inactive|omlov has 30 seconds left.\n|inactive|omlov has 20 seconds left.\n|inactive|omlov has 15 seconds left.\n|\n|t:|1682180889\n|-terastallize|p1a: Iron Bundle|Ghost\n|move|p2a: Annihilape2|Protect|p2a: Annihilape2\n|-singleturn|p2a: Annihilape2|Protect\n|move|p1a: Iron Bundle|Icy Wind|p2b: Mausmaus|[spread] p2b\n|-activate|p2a: Annihilape2|move: Protect\n|-damage|p2b: Mausmaus|70\/100\n|-unboost|p2b: Mausmaus|spe|1\n|move|p1b: Garchomp|Stomping Tantrum|p2a: Annihilape2\n|-activate|p2a: Annihilape2|move: Protect\n|move|p2b: Mausmaus|Population Bomb|p1b: Garchomp\n|-damage|p1b: Garchomp|94\/100\n|-damage|p2b: Mausmaus|58\/100|[from] ability: Rough Skin|[of] p1b: Garchomp\n|-damage|p1b: Garchomp|86\/100\n|-damage|p2b: Mausmaus|46\/100|[from] ability: Rough Skin|[of] p1b: Garchomp\n|-damage|p1b: Garchomp|78\/100\n|-damage|p2b: Mausmaus|34\/100|[from] ability: Rough Skin|[of] p1b: Garchomp\n|-damage|p1b: Garchomp|70\/100\n|-damage|p2b: Mausmaus|22\/100|[from] ability: Rough Skin|[of] p1b: Garchomp\n|-damage|p1b: Garchomp|62\/100\n|-damage|p2b: Mausmaus|10\/100|[from] ability: Rough Skin|[of] p1b: Garchomp\n|-damage|p1b: Garchomp|54\/100\n|-damage|p2b: Mausmaus|0 fnt|[from] ability: Rough Skin|[of] p1b: Garchomp\n|faint|p2b: Mausmaus\n|-hitcount|p1b: Garchomp|6\n|\n|upkeep\n|inactive|Esspecialy has 30 seconds left.\n|inactive|Esspecialy has 20 seconds left.\n|\n|t:|1682180925\n|switch|p2b: Chien-Poo|Chien-Pao, L50|100\/100\n|-ability|p2b: Chien-Poo|Sword of Ruin\n|turn|3\n|\n|t:|1682180938\n|move|p1a: Iron Bundle|Icy Wind|p2b: Chien-Poo|[spread] p2a,p2b\n|-resisted|p2a: Annihilape2\n|-resisted|p2b: Chien-Poo\n|-damage|p2a: Annihilape2|89\/100\n|-damage|p2b: Chien-Poo|83\/100\n|-unboost|p2a: Annihilape2|spe|1\n|-unboost|p2b: Chien-Poo|spe|1\n|move|p1b: Garchomp|Stomping Tantrum|p2a: Annihilape2\n|-supereffective|p2a: Annihilape2\n|-damage|p2a: Annihilape2|0 fnt\n|faint|p2a: Annihilape2\n|-damage|p1b: Garchomp|44\/100|[from] item: Life Orb\n|move|p2b: Chien-Poo|Ice Spinner|p1b: Garchomp\n|-supereffective|p1b: Garchomp\n|-damage|p1b: Garchomp|0 fnt\n|-damage|p2b: Chien-Poo|71\/100|[from] ability: Rough Skin|[of] p1b: Garchomp\n|faint|p1b: Garchomp\n|\n|upkeep\n|inactive|Esspecialy has 30 seconds left.\n|\n|t:|1682180969\n|switch|p1b: Gholdengo|Gholdengo, L50|100\/100\n|switch|p2a: Salamance|Dragonite, L50, M, shiny|100\/100\n|turn|4\n|inactive|omlov has 30 seconds left.\n|inactive|Esspecialy has 30 seconds left.\n|\n|t:|1682180999\n|move|p2b: Chien-Poo|Sucker Punch|p1b: Gholdengo\n|-supereffective|p1b: Gholdengo\n|-damage|p1b: Gholdengo|0 fnt\n|faint|p1b: Gholdengo\n|move|p2a: Salamance|Aqua Jet|p1a: Iron Bundle\n|-damage|p1a: Iron Bundle|64\/100\n|move|p1a: Iron Bundle|Icy Wind|p2b: Chien-Poo|[spread] p2a,p2b\n|-supereffective|p2a: Salamance\n|-resisted|p2b: Chien-Poo\n|-damage|p2a: Salamance|53\/100\n|-damage|p2b: Chien-Poo|53\/100\n|-unboost|p2a: Salamance|spe|1\n|-unboost|p2b: Chien-Poo|spe|1\n|\n|upkeep\n|turn|5\n|inactive|omlov has 30 seconds left.\n|\n|t:|1682181024\n|move|p2b: Chien-Poo|Sucker Punch|p1a: Iron Bundle\n|-supereffective|p1a: Iron Bundle\n|-damage|p1a: Iron Bundle|0 fnt\n|faint|p1a: Iron Bundle\n|-end|p1a: Iron Bundle|Quark Drive|[silent]\n|\n|win|Esspecialy\n|raw|omlov's rating: 1191 → 1172<\/strong> (-19 for losing)\n|raw|Esspecialy's rating: 1271 → 1290<\/strong> (+19 for winning)\n|l|\u2606omlov\n","uploadtime":1682181083,"views":15,"p1id":"omlov","p2id":"esspecialy","formatid":"gen9vgc2023regulationc","rating":1172,"private":0,"password":""}