{"id":"gen9vgc2023regulationc-1847555952","p1":"GB Seraphix","p2":"Drapini","format":"[Gen 9] VGC 2023 Regulation C","log":"|j|\u2606GB Seraphix\n|j|\u2606Drapini\n|t:|1681972787\n|gametype|doubles\n|player|p1|GB Seraphix|rosa|1190\n|player|p2|Drapini|sailor|1217\n|teamsize|p1|6\n|teamsize|p2|6\n|gen|9\n|tier|[Gen 9] VGC 2023 Regulation C\n|rated|\n|rule|Species Clause: Limit one of each Pok\u00e9mon\n|rule|Item Clause: Limit one of each item\n|clearpoke\n|poke|p1|Chi-Yu, L50|\n|poke|p1|Dachsbun, L50, F|\n|poke|p1|Flutter Mane, L50|\n|poke|p1|Baxcalibur, L50, M|\n|poke|p1|Amoonguss, L50, M|\n|poke|p1|Rotom-Wash, L50|\n|poke|p2|Indeedee-F, L50, F|\n|poke|p2|Armarouge, L50, M|\n|poke|p2|Wo-Chien, L50|\n|poke|p2|Rotom-Wash, L50|\n|poke|p2|Sylveon, L50, F|\n|poke|p2|Kingambit, L50, F|\n|teampreview|4\n|\n|t:|1681972833\n|start\n|switch|p1a: Nemo|Chi-Yu, L50|100\/100\n|switch|p1b: BB|Flutter Mane, L50|100\/100\n|switch|p2a: Indeedee|Indeedee-F, L50, F|100\/100\n|switch|p2b: Armarouge|Armarouge, L50, M|100\/100\n|-ability|p1a: Nemo|Beads of Ruin\n|-fieldstart|move: Psychic Terrain|[from] ability: Psychic Surge|[of] p2a: Indeedee\n|-enditem|p1b: BB|Booster Energy\n|-activate|p1b: BB|ability: Protosynthesis|[fromitem]\n|-start|p1b: BB|protosynthesisspe\n|turn|1\n|\n|t:|1681972848\n|move|p2a: Indeedee|Follow Me|p2a: Indeedee\n|-singleturn|p2a: Indeedee|move: Follow Me\n|move|p1b: BB|Moonblast|p2a: Indeedee\n|-damage|p2a: Indeedee|39\/100\n|move|p1a: Nemo|Snarl|p2a: Indeedee|[spread] p2a,p2b\n|-supereffective|p2a: Indeedee\n|-supereffective|p2b: Armarouge\n|-damage|p2a: Indeedee|0 fnt\n|-damage|p2b: Armarouge|38\/100\n|-unboost|p2b: Armarouge|spa|1\n|faint|p2a: Indeedee\n|move|p2b: Armarouge|Trick Room|p2b: Armarouge\n|-fieldstart|move: Trick Room|[of] p2b: Armarouge\n|\n|upkeep\n|\n|t:|1681972855\n|switch|p2a: Sylveon|Sylveon, L50, F|100\/100\n|turn|2\n|\n|t:|1681972867\n|move|p1b: BB|Protect|p1b: BB\n|-singleturn|p1b: BB|Protect\n|move|p2b: Armarouge|Wide Guard|p2b: Armarouge\n|-singleturn|p2b: Armarouge|Wide Guard\n|move|p2a: Sylveon|Hyper Voice|p1b: BB|[spread] p1a\n|-activate|p1b: BB|move: Protect\n|-damage|p1a: Nemo|62\/100\n|-enditem|p2a: Sylveon|Throat Spray\n|-boost|p2a: Sylveon|spa|1|[from] item: Throat Spray\n|move|p1a: Nemo|Snarl|p2a: Sylveon|[spread] \n|-activate|p2a: Sylveon|move: Wide Guard\n|-activate|p2b: Armarouge|move: Wide Guard\n|\n|upkeep\n|turn|3\n|\n|t:|1681972895\n|switch|p1a: Red Sus|Amoonguss, L50, M|100\/100\n|move|p2b: Armarouge|Expanding Force|p1b: BB|[spread] p1a,p1b\n|-supereffective|p1a: Red Sus\n|-damage|p1a: Red Sus|15\/100\n|-damage|p1b: BB|53\/100\n|-damage|p2b: Armarouge|28\/100|[from] item: Life Orb\n|move|p2a: Sylveon|Hyper Voice|p1b: BB|[spread] p1a,p1b\n|-resisted|p1a: Red Sus\n|-crit|p1b: BB\n|-damage|p1a: Red Sus|0 fnt\n|-damage|p1b: BB|0 fnt\n|faint|p1a: Red Sus\n|faint|p1b: BB\n|-end|p1b: BB|Protosynthesis|[silent]\n|\n|upkeep\n|\n|t:|1681972907\n|switch|p1a: Gardenia|Dachsbun, L50, F|100\/100\n|switch|p1b: Nemo|Chi-Yu, L50|62\/100\n|-ability|p1b: Nemo|Beads of Ruin\n|turn|4\n|\n|t:|1681972925\n|-terastallize|p1a: Gardenia|Steel\n|move|p2b: Armarouge|Expanding Force|p1b: Nemo|[spread] p1a\n|-immune|p1b: Nemo\n|-resisted|p1a: Gardenia\n|-damage|p1a: Gardenia|64\/100\n|-damage|p2b: Armarouge|18\/100|[from] item: Life Orb\n|move|p2a: Sylveon|Hyper Voice|p1b: Nemo|[spread] p1a,p1b\n|-resisted|p1a: Gardenia\n|-damage|p1a: Gardenia|33\/100\n|-damage|p1b: Nemo|0 fnt\n|faint|p1b: Nemo\n|move|p1a: Gardenia|Body Press|p2b: Armarouge\n|-resisted|p2b: Armarouge\n|-damage|p2b: Armarouge|8\/100\n|\n|-heal|p1a: Gardenia|39\/100|[from] item: Leftovers\n|upkeep\n|turn|5\n|\n|t:|1681972940\n|-terastallize|p2a: Sylveon|Ground\n|move|p1a: Gardenia|Protect|p1a: Gardenia\n|-singleturn|p1a: Gardenia|Protect\n|move|p2b: Armarouge|Armor Cannon|p1a: Gardenia\n|-activate|p1a: Gardenia|move: Protect\n|move|p2a: Sylveon|Tera Blast|p1a: Gardenia\n|-activate|p1a: Gardenia|move: Protect\n|\n|-heal|p1a: Gardenia|45\/100|[from] item: Leftovers\n|-fieldend|move: Trick Room\n|-fieldend|move: Psychic Terrain\n|upkeep\n|turn|6\n|\n|t:|1681972964\n|move|p1a: Gardenia|Substitute|p1a: Gardenia\n|-start|p1a: Gardenia|Substitute\n|-damage|p1a: Gardenia|20\/100\n|move|p2a: Sylveon|Tera Blast|p1a: Gardenia\n|-supereffective|p1a: Gardenia\n|-end|p1a: Gardenia|Substitute\n|move|p2b: Armarouge|Expanding Force|p1a: Gardenia\n|-resisted|p1a: Gardenia\n|-damage|p1a: Gardenia|2\/100\n|-damage|p2b: Armarouge|0 fnt|[from] item: Life Orb\n|faint|p2b: Armarouge\n|\n|-heal|p1a: Gardenia|8\/100|[from] item: Leftovers\n|upkeep\n|\n|t:|1681972972\n|switch|p2b: Wo-Chien|Wo-Chien, L50|100\/100\n|-ability|p2b: Wo-Chien|Tablets of Ruin\n|turn|7\n|\n|t:|1681972978\n|move|p1a: Gardenia|Protect|p1a: Gardenia\n|-singleturn|p1a: Gardenia|Protect\n|move|p2a: Sylveon|Tera Blast|p1a: Gardenia\n|-activate|p1a: Gardenia|move: Protect\n|move|p2b: Wo-Chien|Leech Seed|p1a: Gardenia\n|-activate|p1a: Gardenia|move: Protect\n|\n|-heal|p1a: Gardenia|14\/100|[from] item: Leftovers\n|upkeep\n|turn|8\n|inactive|Battle timer is ON: inactive players will automatically lose when time's up. (requested by Drapini)\n|\n|t:|1681973011\n|move|p1a: Gardenia|Body Press|p2b: Wo-Chien\n|-supereffective|p2b: Wo-Chien\n|-damage|p2b: Wo-Chien|79\/100\n|move|p2a: Sylveon|Tera Blast|p1a: Gardenia\n|-supereffective|p1a: Gardenia\n|-damage|p1a: Gardenia|0 fnt\n|faint|p1a: Gardenia\n|\n|win|Drapini\n|raw|GB Seraphix's rating: 1190 → 1167<\/strong> (-23 for losing)\n|raw|Drapini's rating: 1217 → 1240<\/strong> (+23 for winning)\n","uploadtime":1681973019,"views":11,"p1id":"gbseraphix","p2id":"drapini","formatid":"gen9vgc2023regulationc","rating":1167,"private":0,"password":""}