{"id":"gen9vgc2023regulationc-1861010960","p1":"Antman0808s","p2":"polcorbe","format":"[Gen 9] VGC 2023 Regulation C","log":"|j|\u2606Antman0808s\n|j|\u2606polcorbe\n|t:|1683713882\n|gametype|doubles\n|player|p1|Antman0808s|lucas-gen4pt|1000\n|player|p2|polcorbe|idol|1057\n|teamsize|p1|6\n|teamsize|p2|6\n|gen|9\n|tier|[Gen 9] VGC 2023 Regulation C\n|rated|\n|rule|Species Clause: Limit one of each Pok\u00e9mon\n|rule|Item Clause: Limit one of each item\n|clearpoke\n|poke|p1|Appletun, L50, M|\n|poke|p1|Garganacl, L50, M|\n|poke|p1|Kingambit, L50, M|\n|poke|p1|Palafin, L50, M|\n|poke|p1|Chien-Pao, L50|\n|poke|p1|Great Tusk, L50|\n|poke|p2|Flutter Mane, L50|\n|poke|p2|Arcanine, L50, M|\n|poke|p2|Palafin, L50, F|\n|poke|p2|Amoonguss, L50, M|\n|poke|p2|Ting-Lu, L50|\n|poke|p2|Roaring Moon, L50|\n|teampreview|4\n|inactive|Battle timer is ON: inactive players will automatically lose when time's up. (requested by polcorbe)\n|\n|t:|1683713898\n|start\n|switch|p1a: Garganacl|Garganacl, L50, M|100\/100\n|switch|p1b: Chien-Pao|Chien-Pao, L50|100\/100\n|switch|p2a: Papi|Palafin, L50, F|100\/100\n|switch|p2b: Leoncin|Arcanine, L50, M|100\/100\n|-ability|p1b: Chien-Pao|Sword of Ruin\n|-ability|p2b: Leoncin|Intimidate|boost\n|-unboost|p1a: Garganacl|atk|1\n|-unboost|p1b: Chien-Pao|atk|1\n|turn|1\n|inactive|Antman0808s has 30 seconds left.\n|inactive|polcorbe has 30 seconds left.\n|inactive|Antman0808s has 20 seconds left.\n|\n|t:|1683713934\n|detailschange|p2a: Papi|Palafin-Hero, L50, F\n|switch|p2a: Folagor03|Amoonguss, L50, M, shiny|100\/100\n|move|p1b: Chien-Pao|Sucker Punch||[still]\n|-fail|p1b: Chien-Pao\n|move|p2b: Leoncin|Will-O-Wisp|p1b: Chien-Pao\n|-status|p1b: Chien-Pao|brn\n|move|p1a: Garganacl|Salt Cure|p2b: Leoncin\n|-supereffective|p2b: Leoncin\n|-damage|p2b: Leoncin|73\/100\n|-start|p2b: Leoncin|Salt Cure\n|\n|-damage|p1b: Chien-Pao|95\/100 brn|[from] brn\n|-damage|p2b: Leoncin|60\/100|[from] Salt Cure\n|upkeep\n|turn|2\n|inactive|Antman0808s has 30 seconds left.\n|\n|t:|1683713960\n|move|p1b: Chien-Pao|Ice Spinner|p2a: Folagor03\n|-supereffective|p2a: Folagor03\n|-damage|p2a: Folagor03|73\/100\n|move|p2b: Leoncin|Will-O-Wisp|p1a: Garganacl\n|-immune|p1a: Garganacl|[from] ability: Purifying Salt\n|move|p1a: Garganacl|Salt Cure|p2a: Folagor03\n|-damage|p2a: Folagor03|64\/100\n|-start|p2a: Folagor03|Salt Cure\n|move|p2a: Folagor03|Spore|p1a: Garganacl\n|-immune|p1a: Garganacl|[from] ability: Purifying Salt\n|\n|-damage|p1b: Chien-Pao|89\/100 brn|[from] brn\n|-damage|p2b: Leoncin|48\/100|[from] Salt Cure\n|-damage|p2a: Folagor03|51\/100|[from] Salt Cure\n|upkeep\n|turn|3\n|inactive|Antman0808s has 30 seconds left.\n|\n|t:|1683713991\n|move|p1b: Chien-Pao|Ice Spinner|p2a: Folagor03\n|-supereffective|p2a: Folagor03\n|-damage|p2a: Folagor03|22\/100\n|-enditem|p2a: Folagor03|Sitrus Berry|[eat]\n|-heal|p2a: Folagor03|47\/100|[from] item: Sitrus Berry\n|move|p2b: Leoncin|Flare Blitz|p1b: Chien-Pao\n|-supereffective|p1b: Chien-Pao\n|-damage|p1b: Chien-Pao|0 fnt\n|faint|p1b: Chien-Pao\n|-damage|p2b: Leoncin|25\/100|[from] Recoil\n|move|p1a: Garganacl|Body Press|p2a: Folagor03\n|-resisted|p2a: Folagor03\n|-damage|p2a: Folagor03|38\/100\n|move|p2a: Folagor03|Pollen Puff|p2b: Leoncin\n|-heal|p2b: Leoncin|75\/100\n|\n|-damage|p2b: Leoncin|63\/100|[from] Salt Cure\n|-damage|p2a: Folagor03|26\/100|[from] Salt Cure\n|upkeep\n|inactive|Antman0808s has 30 seconds left.\n|inactive|Antman0808s has 20 seconds left.\n|\n|t:|1683714030\n|switch|p1b: Appletun|Appletun, L50, M|100\/100\n|turn|4\n|\n|t:|1683714051\n|move|p2a: Folagor03|Rage Powder|p2a: Folagor03\n|-singleturn|p2a: Folagor03|move: Rage Powder\n|move|p2b: Leoncin|Will-O-Wisp|p1b: Appletun|[miss]\n|-miss|p2b: Leoncin|p1b: Appletun\n|move|p1a: Garganacl|Salt Cure|p2a: Folagor03\n|-damage|p2a: Folagor03|18\/100\n|move|p1b: Appletun|Leech Seed|p2b: Leoncin\n|-start|p2b: Leoncin|move: Leech Seed\n|\n|-damage|p2b: Leoncin|50\/100|[from] Leech Seed|[of] p1b: Appletun\n|-damage|p2b: Leoncin|38\/100|[from] Salt Cure\n|-damage|p2a: Folagor03|6\/100|[from] Salt Cure\n|upkeep\n|turn|5\n|inactive|Antman0808s has 30 seconds left.\n|inactive|Antman0808s has 20 seconds left.\n|\n|t:|1683714087\n|move|p2b: Leoncin|Will-O-Wisp|p1b: Appletun\n|-status|p1b: Appletun|brn\n|move|p1a: Garganacl|Salt Cure|p2a: Folagor03\n|-damage|p2a: Folagor03|0 fnt\n|faint|p2a: Folagor03\n|move|p1b: Appletun|Apple Acid|p2b: Leoncin\n|-resisted|p2b: Leoncin\n|-damage|p2b: Leoncin|24\/100\n|-unboost|p2b: Leoncin|spd|1\n|\n|-damage|p2b: Leoncin|11\/100|[from] Leech Seed|[of] p1b: Appletun\n|-damage|p1b: Appletun|95\/100 brn|[from] brn\n|-damage|p2b: Leoncin|0 fnt|[from] Salt Cure\n|faint|p2b: Leoncin\n|upkeep\n|\n|t:|1683714101\n|switch|p2b: Cabeza Caldero|Ting-Lu, L50|100\/100\n|switch|p2a: Papi|Palafin-Hero, L50, F|100\/100\n|-activate|p2a: Papi|ability: Zero to Hero\n|-ability|p2b: Cabeza Caldero|Vessel of Ruin\n|turn|6\n|inactive|Antman0808s has 30 seconds left.\n|\n|t:|1683714132\n|move|p2a: Papi|Wave Crash|p1a: Garganacl\n|-supereffective|p1a: Garganacl\n|-crit|p1a: Garganacl\n|-damage|p1a: Garganacl|0 fnt\n|faint|p1a: Garganacl\n|-damage|p2a: Papi|67\/100|[from] Recoil\n|move|p2b: Cabeza Caldero|Heavy Slam|p1b: Appletun\n|-damage|p1b: Appletun|55\/100 brn\n|move|p1b: Appletun|Apple Acid|p2a: Papi\n|-supereffective|p2a: Papi\n|-damage|p2a: Papi|25\/100\n|-unboost|p2a: Papi|spd|1\n|\n|-damage|p1b: Appletun|49\/100 brn|[from] brn\n|upkeep\n|-enditem|p1b: Appletun|Sitrus Berry|[eat]\n|-heal|p1b: Appletun|74\/100 brn|[from] item: Sitrus Berry\n|inactive|Antman0808s has 30 seconds left.\n|\n|t:|1683714163\n|switch|p1a: Kingambit|Kingambit, L50, M|100\/100\n|turn|7\n|\n|t:|1683714180\n|move|p2a: Papi|Protect|p2a: Papi\n|-singleturn|p2a: Papi|Protect\n|move|p1a: Kingambit|Kowtow Cleave|p2a: Papi\n|-activate|p2a: Papi|move: Protect\n|move|p2b: Cabeza Caldero|Sand Tomb|p1a: Kingambit\n|-supereffective|p1a: Kingambit\n|-damage|p1a: Kingambit|73\/100\n|-activate|p1a: Kingambit|move: Sand Tomb|[of] p2b: Cabeza Caldero\n|move|p1b: Appletun|Leech Seed|p2b: Cabeza Caldero\n|-start|p2b: Cabeza Caldero|move: Leech Seed\n|\n|-damage|p2b: Cabeza Caldero|88\/100|[from] Leech Seed|[of] p1b: Appletun\n|-heal|p1b: Appletun|88\/100 brn|[silent]\n|-damage|p1b: Appletun|82\/100 brn|[from] brn\n|-damage|p1a: Kingambit|61\/100|[from] move: Sand Tomb|[partiallytrapped]\n|upkeep\n|turn|8\n|inactive|Antman0808s has 30 seconds left.\n|inactive|Antman0808s has 20 seconds left.\n|inactive|Antman0808s has 15 seconds left.\n|\n|t:|1683714223\n|move|p2a: Papi|Wave Crash|p1a: Kingambit\n|-damage|p1a: Kingambit|0 fnt\n|faint|p1a: Kingambit\n|-damage|p2a: Papi|4\/100|[from] Recoil\n|move|p2b: Cabeza Caldero|Sand Tomb|p1b: Appletun\n|-resisted|p1b: Appletun\n|-damage|p1b: Appletun|74\/100 brn\n|-activate|p1b: Appletun|move: Sand Tomb|[of] p2b: Cabeza Caldero\n|move|p1b: Appletun|Apple Acid|p2a: Papi\n|-supereffective|p2a: Papi\n|-damage|p2a: Papi|0 fnt\n|faint|p2a: Papi\n|\n|-damage|p2b: Cabeza Caldero|76\/100|[from] Leech Seed|[of] p1b: Appletun\n|-heal|p1b: Appletun|87\/100 brn|[silent]\n|-damage|p1b: Appletun|81\/100 brn|[from] brn\n|-damage|p1b: Appletun|69\/100 brn|[from] move: Sand Tomb|[partiallytrapped]\n|upkeep\n|turn|9\n|inactive|Antman0808s has 30 seconds left.\n|\n|t:|1683714252\n|-terastallize|p1b: Appletun|Dragon\n|move|p2b: Cabeza Caldero|Ruination|p1b: Appletun\n|-damage|p1b: Appletun|35\/100 brn\n|move|p1b: Appletun|Apple Acid|p2b: Cabeza Caldero\n|-supereffective|p2b: Cabeza Caldero\n|-damage|p2b: Cabeza Caldero|56\/100\n|-unboost|p2b: Cabeza Caldero|spd|1\n|\n|-damage|p2b: Cabeza Caldero|44\/100|[from] Leech Seed|[of] p1b: Appletun\n|-heal|p1b: Appletun|48\/100 brn|[silent]\n|-damage|p1b: Appletun|42\/100 brn|[from] brn\n|-damage|p1b: Appletun|30\/100 brn|[from] move: Sand Tomb|[partiallytrapped]\n|upkeep\n|turn|10\n|\n|t:|1683714270\n|move|p2b: Cabeza Caldero|Ruination|p1b: Appletun\n|-damage|p1b: Appletun|15\/100 brn\n|move|p1b: Appletun|Draco Meteor|p2b: Cabeza Caldero\n|-damage|p2b: Cabeza Caldero|10\/100\n|-unboost|p1b: Appletun|spa|2\n|\n|-damage|p2b: Cabeza Caldero|0 fnt|[from] Leech Seed|[of] p1b: Appletun\n|-heal|p1b: Appletun|25\/100 brn|[silent]\n|faint|p2b: Cabeza Caldero\n|\n|win|Antman0808s\n|upkeep\n|raw|Antman0808s's rating: 1033 → 1073<\/strong> (+40 for winning)\n|raw|polcorbe's rating: 1083 → 1057<\/strong> (-26 for losing)\n|c|\u2606Antman0808s|GG\n|c|\u2606polcorbe|gg\n|l|\u2606polcorbe\n","uploadtime":1683714285,"views":14,"p1id":"antman0808s","p2id":"polcorbe","formatid":"gen9vgc2023regulationc","rating":1057,"private":0,"password":""}