{"id":"gen9vgc2023regulationc-1849529366","p1":"eMburst","p2":"mx555","format":"[Gen 9] VGC 2023 Regulation C","log":"|j|\u2606eMburst\n|j|\u2606mx555\n|t:|1682209417\n|gametype|doubles\n|player|p1|eMburst|ingo|1360\n|player|p2|mx555|266|1442\n|teamsize|p1|6\n|teamsize|p2|6\n|gen|9\n|tier|[Gen 9] VGC 2023 Regulation C\n|rated|\n|rule|Species Clause: Limit one of each Pok\u00e9mon\n|rule|Item Clause: Limit one of each item\n|clearpoke\n|poke|p1|Palafin, L50, M|\n|poke|p1|Arcanine, L50, F|\n|poke|p1|Flutter Mane, L50|\n|poke|p1|Amoonguss, L50, F|\n|poke|p1|Baxcalibur, L50, F|\n|poke|p1|Ting-Lu, L50|\n|poke|p2|Farigiraf, L50, F|\n|poke|p2|Iron Hands, L50|\n|poke|p2|Amoonguss, L50, F|\n|poke|p2|Iron Bundle, L50|\n|poke|p2|Chi-Yu, L50|\n|poke|p2|Flutter Mane, L50|\n|teampreview|4\neMburst has agreed to open team sheets.\n|inactive|Battle timer is ON: inactive players will automatically lose when time's up. (requested by mx555)\n|\n|t:|1682209504\n|start\n|switch|p1a: Amoonguss|Amoonguss, L50, F|100\/100\n|switch|p1b: Arcanine|Arcanine, L50, F|100\/100\n|switch|p2a: Iron Bundle|Iron Bundle, L50|100\/100\n|switch|p2b: Chi-Yu|Chi-Yu, L50|100\/100\n|-ability|p2b: Chi-Yu|Beads of Ruin\n|-ability|p1b: Arcanine|Intimidate|boost\n|-unboost|p2a: Iron Bundle|atk|1\n|-unboost|p2b: Chi-Yu|atk|1\n|-enditem|p2a: Iron Bundle|Booster Energy\n|-activate|p2a: Iron Bundle|ability: Quark Drive|[fromitem]\n|-start|p2a: Iron Bundle|quarkdrivespe\n|turn|1\n|inactive|eMburst has 30 seconds left.\n|inactive|mx555 has 30 seconds left.\n|\n|t:|1682209537\n|switch|p1a: Ting-Lu|Ting-Lu, L50|100\/100\n|-ability|p1a: Ting-Lu|Vessel of Ruin\n|move|p2a: Iron Bundle|Hydro Pump|p1b: Arcanine\n|-supereffective|p1b: Arcanine\n|-damage|p1b: Arcanine|0 fnt\n|faint|p1b: Arcanine\n|move|p2b: Chi-Yu|Flamethrower|p1a: Ting-Lu\n|-damage|p1a: Ting-Lu|82\/100\n|\n|upkeep\n|\n|t:|1682209543\n|switch|p1b: Amoonguss|Amoonguss, L50, F|100\/100\n|turn|2\n|\n|t:|1682209557\n|-terastallize|p1b: Amoonguss|Water\n|move|p2a: Iron Bundle|Icy Wind|p1a: Ting-Lu|[spread] p1a,p1b\n|-supereffective|p1a: Ting-Lu\n|-resisted|p1b: Amoonguss\n|-damage|p1a: Ting-Lu|65\/100\n|-damage|p1b: Amoonguss|91\/100\n|-unboost|p1a: Ting-Lu|spe|1\n|-unboost|p1b: Amoonguss|spe|1\n|move|p2b: Chi-Yu|Heat Wave|p1a: Ting-Lu|[spread] p1a,p1b\n|-resisted|p1b: Amoonguss\n|-damage|p1a: Ting-Lu|49\/100\n|-damage|p1b: Amoonguss|76\/100\n|move|p1a: Ting-Lu|Stomping Tantrum|p2b: Chi-Yu\n|-supereffective|p2b: Chi-Yu\n|-enditem|p2b: Chi-Yu|Focus Sash\n|-damage|p2b: Chi-Yu|1\/100\n|move|p1b: Amoonguss|Spore|p2a: Iron Bundle\n|-status|p2a: Iron Bundle|slp|[from] move: Spore\n|\n|upkeep\n|turn|3\n|inactive|eMburst has 30 seconds left.\n|inactive|mx555 has 30 seconds left.\n|inactive|eMburst has 20 seconds left.\n|inactive|eMburst has 15 seconds left.\n|\n|t:|1682209600\n|switch|p1a: Flutter Mane|Flutter Mane, L50|100\/100\n|cant|p2a: Iron Bundle|slp\n|move|p2b: Chi-Yu|Dark Pulse|p1b: Amoonguss\n|-damage|p1b: Amoonguss|30\/100\n|-enditem|p1b: Amoonguss|Sitrus Berry|[eat]\n|-heal|p1b: Amoonguss|55\/100|[from] item: Sitrus Berry\n|move|p1b: Amoonguss|Pollen Puff|p2b: Chi-Yu\n|-damage|p2b: Chi-Yu|0 fnt\n|faint|p2b: Chi-Yu\n|\n|upkeep\n|\n|t:|1682209613\n|switch|p2b: Amoonguss|Amoonguss, L50, F|100\/100\n|turn|4\n|inactive|eMburst has 30 seconds left.\n|inactive|eMburst has 20 seconds left.\n|inactive|eMburst has 15 seconds left.\n|\n|t:|1682209654\n|switch|p1b: Ting-Lu|Ting-Lu, L50|49\/100\n|-ability|p1b: Ting-Lu|Vessel of Ruin\n|cant|p2a: Iron Bundle|slp\n|move|p1a: Flutter Mane|Shadow Ball|p2b: Amoonguss\n|-damage|p2b: Amoonguss|58\/100\n|move|p2b: Amoonguss|Spore|p1b: Ting-Lu\n|-status|p1b: Ting-Lu|slp|[from] move: Spore\n|\n|upkeep\n|turn|5\n|\n|t:|1682209667\n|switch|p1b: Amoonguss|Amoonguss, L50, F, tera:Water|88\/100\n|-curestatus|p2a: Iron Bundle|slp|[msg]\n|move|p2a: Iron Bundle|Protect|p2a: Iron Bundle\n|-singleturn|p2a: Iron Bundle|Protect\n|move|p1a: Flutter Mane|Shadow Ball|p2b: Amoonguss\n|-damage|p2b: Amoonguss|4\/100\n|-enditem|p2b: Amoonguss|Wiki Berry|[eat]\n|-heal|p2b: Amoonguss|37\/100|[from] item: Wiki Berry\n|move|p2b: Amoonguss|Spore|p1a: Flutter Mane\n|-status|p1a: Flutter Mane|slp|[from] move: Spore\n|\n|upkeep\n|turn|6\n|\n|t:|1682209687\n|move|p2a: Iron Bundle|Freeze-Dry|p1b: Amoonguss\n|-supereffective|p1b: Amoonguss\n|-damage|p1b: Amoonguss|32\/100\n|cant|p1a: Flutter Mane|slp\n|move|p2b: Amoonguss|Spore|p1b: Amoonguss\n|-status|p1b: Amoonguss|slp|[from] move: Spore\n|cant|p1b: Amoonguss|slp\n|\n|upkeep\n|turn|7\n|-message|eMburst forfeited.\n|\n|win|mx555\n|raw|eMburst's rating: 1360 → 1345<\/strong> (-15 for losing)\n|raw|mx555's rating: 1442 → 1457<\/strong> (+15 for winning)\n|l|\u2606eMburst\n","uploadtime":1682209702,"views":6,"p1id":"emburst","p2id":"mx555","formatid":"gen9vgc2023regulationc","rating":1345,"private":0,"password":""}