{"id":"gen9vgc2023regulationc-1857989315","p1":"Mattando97","p2":"Jimpo01","format":"[Gen 9] VGC 2023 Regulation C","log":"|j|\u2606Mattando97\n|j|\u2606Jimpo01\n|t:|1683256575\n|gametype|doubles\n|player|p1|Mattando97|unknownf|\n|player|p2|Jimpo01|265|\n|teamsize|p1|6\n|teamsize|p2|6\n|gen|9\n|tier|[Gen 9] VGC 2023 Regulation C\n|rule|Species Clause: Limit one of each Pok\u00e9mon\n|rule|Item Clause: Limit one of each item\n|clearpoke\n|poke|p1|Dachsbun, L50, M|\n|poke|p1|Flareon, L50, F|\n|poke|p1|Squawkabilly-Blue, L50, M|\n|poke|p1|Dondozo, L50, M|\n|poke|p1|Tatsugiri-Droopy, L50, M|\n|poke|p1|Iron Treads, L50|\n|poke|p2|Hydreigon, L50, M|\n|poke|p2|Dragonite, L50, F|\n|poke|p2|Talonflame, L50, M|\n|poke|p2|Ditto, L50|\n|poke|p2|Breloom, L50, M|\n|poke|p2|Weavile, L50, M|\n|teampreview|4\nMattando97 has agreed to open team sheets.\nJimpo01 has agreed to open team sheets.\n|\n|t:|1683256676\n|start\n|switch|p1a: Fadgie|Dachsbun, L50, M, shiny|100\/100\n|switch|p1b: Nala|Flareon, L50, F|100\/100\n|switch|p2a: Weavile|Weavile, L50, M|100\/100\n|switch|p2b: Talonflame|Talonflame, L50, M|100\/100\n|-ability|p2a: Weavile|Pressure\n|turn|1\n|\n|t:|1683256742\n|switch|p2a: Ditto|Ditto, L50|100\/100\n|move|p2b: Talonflame|Tailwind|p2b: Talonflame\n|-sidestart|p2: Jimpo01|move: Tailwind\n|move|p1a: Fadgie|Body Press|p2a: Ditto\n|-supereffective|p2a: Ditto\n|-damage|p2a: Ditto|13\/100\n|-enditem|p2a: Ditto|Red Card|[of] p1a: Fadgie\n|drag|p1a: Dozo Express|Dondozo, L50, M, shiny|100\/100\n|move|p1b: Nala|Lava Plume|p2a: Ditto|[spread] p1a,p2a,p2b\n|-resisted|p1a: Dozo Express\n|-resisted|p2b: Talonflame\n|-damage|p1a: Dozo Express|86\/100\n|-damage|p2a: Ditto|0 fnt\n|-damage|p2b: Talonflame|85\/100\n|faint|p2a: Ditto\n|\n|upkeep\n|\n|t:|1683256760\n|switch|p2a: Weavile|Weavile, L50, M|100\/100\n|-ability|p2a: Weavile|Pressure\n|turn|2\n|\n|t:|1683256792\n|switch|p1a: Fadgie|Dachsbun, L50, M, shiny|100\/100\n|-terastallize|p2b: Talonflame|Ghost\n|move|p2a: Weavile|Ice Punch|p1a: Fadgie\n|-damage|p1a: Fadgie|59\/100\n|-status|p1a: Fadgie|frz\n|move|p2b: Talonflame|Will-O-Wisp|p1a: Fadgie\n|-ability|p1a: Fadgie|Well-Baked Body|boost\n|-boost|p1a: Fadgie|def|2\n|move|p1b: Nala|Lava Plume|p2b: Talonflame|[spread] p2a,p2b\n|-ability|p1a: Fadgie|Well-Baked Body|boost\n|-boost|p1a: Fadgie|def|2\n|-supereffective|p2a: Weavile\n|-damage|p2a: Weavile|34\/100\n|-damage|p2b: Talonflame|54\/100\n|\n|upkeep\n|turn|3\n|\n|t:|1683256832\n|move|p2a: Weavile|Night Slash|p1b: Nala\n|-crit|p1b: Nala\n|-damage|p1b: Nala|0 fnt\n|faint|p1b: Nala\n|move|p2b: Talonflame|Flare Blitz|p1a: Fadgie\n|-ability|p1a: Fadgie|Well-Baked Body|boost\n|-boost|p1a: Fadgie|def|2\n|cant|p1a: Fadgie|frz\n|\n|upkeep\n|\n|t:|1683256848\n|switch|p1b: Dozo Express|Dondozo, L50, M, shiny|86\/100\n|turn|4\n|\n|t:|1683256881\n|move|p2a: Weavile|Ice Punch|p1b: Dozo Express\n|-resisted|p1b: Dozo Express\n|-damage|p1b: Dozo Express|72\/100\n|move|p2b: Talonflame|Will-O-Wisp|p1b: Dozo Express\n|-status|p1b: Dozo Express|brn\n|cant|p1a: Fadgie|frz\n|move|p1b: Dozo Express|Body Press|p2a: Weavile\n|-supereffective|p2a: Weavile\n|-damage|p2a: Weavile|0 fnt\n|faint|p2a: Weavile\n|\n|-damage|p1b: Dozo Express|66\/100 brn|[from] brn\n|-sideend|p2: Jimpo01|move: Tailwind\n|upkeep\n|\n|t:|1683256897\n|switch|p2a: Breloom|Breloom, L50, M|100\/100\n|turn|5\n|\n|t:|1683256933\n|-terastallize|p1b: Dozo Express|Steel\n|move|p2b: Talonflame|Flare Blitz|p1b: Dozo Express\n|-supereffective|p1b: Dozo Express\n|-damage|p1b: Dozo Express|21\/100 brn\n|-damage|p2b: Talonflame|33\/100|[from] Recoil\n|cant|p1a: Fadgie|frz\n|move|p2a: Breloom|Bullet Seed|p1a: Fadgie\n|-damage|p1a: Fadgie|52\/100 frz\n|-damage|p1a: Fadgie|46\/100 frz\n|-damage|p1a: Fadgie|40\/100 frz\n|-damage|p1a: Fadgie|34\/100 frz\n|-hitcount|p1a: Fadgie|4\n|move|p1b: Dozo Express|Rest|p1b: Dozo Express\n|-status|p1b: Dozo Express|slp|[from] move: Rest\n|-heal|p1b: Dozo Express|100\/100 slp|[silent]\n|-enditem|p1b: Dozo Express|Chesto Berry|[eat]\n|-curestatus|p1b: Dozo Express|slp|[msg]\n|\n|upkeep\n|turn|6\n|\n|t:|1683256962\n|switch|p1a: Donductor|Tatsugiri-Droopy, L50, M, shiny|100\/100\n|-activate|p1a: Donductor|ability: Commander|[of] p1b: Dozo Express\n|-boost|p1b: Dozo Express|atk|2\n|-boost|p1b: Dozo Express|spa|2\n|-boost|p1b: Dozo Express|spe|2\n|-boost|p1b: Dozo Express|def|2\n|-boost|p1b: Dozo Express|spd|2\n|move|p2a: Breloom|Mach Punch|p1a: Donductor|[miss]\n|-miss|p2a: Breloom|p1a: Donductor\n|move|p2b: Talonflame|Flare Blitz|p1b: Dozo Express\n|-supereffective|p1b: Dozo Express\n|-damage|p1b: Dozo Express|76\/100\n|-status|p1b: Dozo Express|brn\n|-damage|p2b: Talonflame|22\/100|[from] Recoil\n|move|p1b: Dozo Express|Order Up|p2b: Talonflame\n|-damage|p2b: Talonflame|0 fnt\n|faint|p2b: Talonflame\n|-boost|p1b: Dozo Express|def|1\n|\n|-damage|p1b: Dozo Express|70\/100 brn|[from] brn\n|upkeep\n|turn|7\n|\n|t:|1683256993\n|move|p2a: Breloom|Mach Punch|p1b: Dozo Express\n|-supereffective|p1b: Dozo Express\n|-damage|p1b: Dozo Express|48\/100 brn\n|move|p1b: Dozo Express|Rest|p1b: Dozo Express\n|-status|p1b: Dozo Express|slp|[from] move: Rest\n|-heal|p1b: Dozo Express|100\/100 slp|[silent]\n|\n|upkeep\n|turn|8\n|\n|t:|1683257002\n|move|p2a: Breloom|Mach Punch|p1b: Dozo Express\n|-supereffective|p1b: Dozo Express\n|-damage|p1b: Dozo Express|81\/100 slp\n|cant|p1b: Dozo Express|slp\n|\n|upkeep\n|turn|9\n|\n|t:|1683257009\n|move|p2a: Breloom|Mach Punch|p1b: Dozo Express\n|-supereffective|p1b: Dozo Express\n|-damage|p1b: Dozo Express|60\/100 slp\n|cant|p1b: Dozo Express|slp\n|\n|upkeep\n|turn|10\n|\n|t:|1683257019\n|move|p2a: Breloom|Mach Punch|p1b: Dozo Express\n|-supereffective|p1b: Dozo Express\n|-damage|p1b: Dozo Express|41\/100 slp\n|-curestatus|p1b: Dozo Express|slp|[msg]\n|move|p1b: Dozo Express|Order Up|p2a: Breloom\n|-damage|p2a: Breloom|30\/100\n|-boost|p1b: Dozo Express|def|1\n|\n|upkeep\n|turn|11\n|\n|t:|1683257031\n|move|p2a: Breloom|Mach Punch|p1b: Dozo Express\n|-supereffective|p1b: Dozo Express\n|-damage|p1b: Dozo Express|24\/100\n|move|p1b: Dozo Express|Order Up|p2a: Breloom\n|-damage|p2a: Breloom|0 fnt\n|faint|p2a: Breloom\n|\n|win|Mattando97\n","uploadtime":1683257038,"views":5,"p1id":"mattando97","p2id":"jimpo01","formatid":"gen9vgc2023regulationc","rating":0,"private":0,"password":""}