{"id":"gen9vgc2023regulationc-1863291226","p1":"Arcacagne","p2":"dsbsfndtnfd","format":"[Gen 9] VGC 2023 Regulation C","log":"|j|\u2606Arcacagne\n|j|\u2606dsbsfndtnfd\n|t:|1683998610\n|gametype|doubles\n|player|p1|Arcacagne|169|1325\n|player|p2|dsbsfndtnfd|265|1321\n|teamsize|p1|6\n|teamsize|p2|6\n|gen|9\n|tier|[Gen 9] VGC 2023 Regulation C\n|rated|\n|rule|Species Clause: Limit one of each Pok\u00e9mon\n|rule|Item Clause: Limit one of each item\n|clearpoke\n|poke|p1|Chi-Yu, L50|\n|poke|p1|Flutter Mane, L50|\n|poke|p1|Amoonguss, L50, F|\n|poke|p1|Ting-Lu, L50|\n|poke|p1|Iron Hands, L50|\n|poke|p1|Gyarados, L50, M|\n|poke|p2|Arcanine, L50, M|\n|poke|p2|Palafin, L50, M|\n|poke|p2|Amoonguss, L50, M|\n|poke|p2|Flutter Mane, L50|\n|poke|p2|Chien-Pao, L50|\n|poke|p2|Dragonite, L50, F|\n|teampreview|4\ndsbsfndtnfd has agreed to open team sheets.\n|inactive|Battle timer is ON: inactive players will automatically lose when time's up. (requested by Arcacagne)\n|inactive|dsbsfndtnfd has 60 seconds left.\n|\n|t:|1683998673\n|start\n|switch|p1a: Amoonguss|Amoonguss, L50, F|100\/100\n|switch|p1b: Iron Hands|Iron Hands, L50|100\/100\n|switch|p2a: Dragonite|Dragonite, L50, F|100\/100\n|switch|p2b: Arcanine|Arcanine, L50, M|100\/100\n|-ability|p2b: Arcanine|Intimidate|boost\n|-unboost|p1a: Amoonguss|atk|1\n|-unboost|p1b: Iron Hands|atk|1\n|turn|1\n|inactive|Arcacagne has 30 seconds left.\n|\n|t:|1683998700\n|-terastallize|p1a: Amoonguss|Water\n|move|p1b: Iron Hands|Fake Out|p2b: Arcanine\n|-damage|p2b: Arcanine|92\/100\n|cant|p2b: Arcanine|flinch\n|move|p2a: Dragonite|Tailwind|p2a: Dragonite\n|-sidestart|p2: dsbsfndtnfd|move: Tailwind\n|move|p1a: Amoonguss|Spore|p2a: Dragonite\n|-status|p2a: Dragonite|slp|[from] move: Spore\n|-enditem|p2a: Dragonite|Lum Berry|[eat]\n|-curestatus|p2a: Dragonite|slp|[msg]\n|\n|upkeep\n|turn|2\n|inactive|dsbsfndtnfd has 30 seconds left.\n|inactive|dsbsfndtnfd has 20 seconds left.\n|\n|t:|1683998740\n|-end|p1b: Iron Hands|Quark Drive|[silent]\n|switch|p1b: Gyarados|Gyarados, L50, M|100\/100\n|-ability|p1b: Gyarados|Intimidate|boost\n|-unboost|p2a: Dragonite|atk|1\n|-unboost|p2b: Arcanine|atk|1\n|move|p2b: Arcanine|Will-O-Wisp|p1b: Gyarados\n|-status|p1b: Gyarados|brn\n|move|p2a: Dragonite|Stomping Tantrum|p1b: Gyarados\n|-immune|p1b: Gyarados\n|move|p1a: Amoonguss|Spore|p2a: Dragonite\n|-status|p2a: Dragonite|slp|[from] move: Spore\n|\n|-damage|p1b: Gyarados|94\/100 brn|[from] brn\n|upkeep\n|turn|3\n|inactive|Arcacagne has 30 seconds left.\n|inactive|dsbsfndtnfd has 30 seconds left.\n|inactive|dsbsfndtnfd has 20 seconds left.\n|inactive|dsbsfndtnfd has 15 seconds left.\n|\n|t:|1683998784\n|switch|p2a: Flutter Mane|Flutter Mane, L50|100\/100\n|-enditem|p2a: Flutter Mane|Booster Energy\n|-activate|p2a: Flutter Mane|ability: Protosynthesis|[fromitem]\n|-start|p2a: Flutter Mane|protosynthesisspa\n|move|p2b: Arcanine|Flare Blitz|p1b: Gyarados\n|-resisted|p1b: Gyarados\n|-damage|p1b: Gyarados|78\/100 brn\n|-damage|p2b: Arcanine|86\/100|[from] Recoil\n|move|p1b: Gyarados|Thunder Wave|p2b: Arcanine\n|-status|p2b: Arcanine|par\n|move|p1a: Amoonguss|Pollen Puff|p2a: Flutter Mane\n|-resisted|p2a: Flutter Mane\n|-crit|p2a: Flutter Mane\n|-damage|p2a: Flutter Mane|94\/100\n|\n|-damage|p1b: Gyarados|71\/100 brn|[from] brn\n|upkeep\n|turn|4\n|\n|t:|1683998807\n|switch|p2b: Dragonite|Dragonite, L50, F|100\/100 slp\n|move|p1a: Amoonguss|Rage Powder|p1a: Amoonguss\n|-singleturn|p1a: Amoonguss|move: Rage Powder\n|move|p2a: Flutter Mane|Substitute|p2a: Flutter Mane\n|-start|p2a: Flutter Mane|Substitute\n|-damage|p2a: Flutter Mane|69\/100\n|move|p1b: Gyarados|Thunder Wave||[still]\n|-fail|p1b: Gyarados\n|\n|-damage|p1b: Gyarados|65\/100 brn|[from] brn\n|-sideend|p2: dsbsfndtnfd|move: Tailwind\n|upkeep\n|turn|5\n|\n|t:|1683998829\n|move|p2a: Flutter Mane|Moonblast|p1a: Amoonguss\n|-damage|p1a: Amoonguss|35\/100\n|-unboost|p1a: Amoonguss|spa|1\n|-enditem|p1a: Amoonguss|Sitrus Berry|[eat]\n|-heal|p1a: Amoonguss|60\/100|[from] item: Sitrus Berry\n|move|p1b: Gyarados|Waterfall|p2a: Flutter Mane\n|-end|p2a: Flutter Mane|Substitute\n|cant|p2b: Dragonite|slp\n|move|p1a: Amoonguss|Spore|p2a: Flutter Mane\n|-status|p2a: Flutter Mane|slp|[from] move: Spore\n|\n|-damage|p1b: Gyarados|59\/100 brn|[from] brn\n|upkeep\n|turn|6\n|inactive|Arcacagne has 30 seconds left.\n|inactive|Arcacagne has 20 seconds left.\n|\n|t:|1683998867\n|switch|p1a: Iron Hands|Iron Hands, L50|100\/100\n|-terastallize|p2a: Flutter Mane|Water\n|cant|p2a: Flutter Mane|slp\n|move|p1b: Gyarados|Waterfall|p2a: Flutter Mane\n|-resisted|p2a: Flutter Mane\n|-damage|p2a: Flutter Mane|50\/100 slp\n|cant|p2b: Dragonite|slp\n|\n|-damage|p1b: Gyarados|53\/100 brn|[from] brn\n|upkeep\n|turn|7\n|\n|t:|1683998884\n|-end|p2a: Flutter Mane|Protosynthesis|[silent]\n|switch|p2a: Arcanine|Arcanine, L50, M|86\/100 par\n|-ability|p2a: Arcanine|Intimidate|boost\n|-unboost|p1a: Iron Hands|atk|1\n|-unboost|p1b: Gyarados|atk|1\n|move|p1b: Gyarados|Thunder Wave||[still]\n|-fail|p1b: Gyarados\n|-curestatus|p2b: Dragonite|slp|[msg]\n|move|p2b: Dragonite|Stomping Tantrum|p1a: Iron Hands\n|-supereffective|p1a: Iron Hands\n|-damage|p1a: Iron Hands|23\/100\n|move|p1a: Iron Hands|Swords Dance|p1a: Iron Hands\n|-boost|p1a: Iron Hands|atk|2\n|\n|-damage|p1b: Gyarados|47\/100 brn|[from] brn\n|upkeep\n|turn|8\n|\n|t:|1683998904\n|move|p1b: Gyarados|Thunder Wave|p2b: Dragonite\n|-status|p2b: Dragonite|par\n|move|p1a: Iron Hands|Drain Punch|p2a: Arcanine\n|-damage|p2a: Arcanine|33\/100 par\n|-heal|p1a: Iron Hands|44\/100|[from] drain|[of] p2a: Arcanine\n|move|p2a: Arcanine|Flare Blitz|p1a: Iron Hands\n|-damage|p1a: Iron Hands|9\/100\n|-damage|p2a: Arcanine|18\/100 par|[from] Recoil\n|move|p2b: Dragonite|Tailwind|p2b: Dragonite\n|-sidestart|p2: dsbsfndtnfd|move: Tailwind\n|\n|-damage|p1b: Gyarados|40\/100 brn|[from] brn\n|upkeep\n|turn|9\n|inactive|Arcacagne has 30 seconds left.\n|inactive|dsbsfndtnfd has 30 seconds left.\n|\n|t:|1683998931\n|switch|p2b: Flutter Mane|Flutter Mane, L50, tera:Water|50\/100 slp\n|move|p2a: Arcanine|Extreme Speed|p1a: Iron Hands\n|-damage|p1a: Iron Hands|0 fnt\n|faint|p1a: Iron Hands\n|-end|p1a: Iron Hands|Quark Drive|[silent]\n|move|p1b: Gyarados|Waterfall|p2a: Arcanine\n|-supereffective|p2a: Arcanine\n|-damage|p2a: Arcanine|0 fnt\n|faint|p2a: Arcanine\n|\n|-damage|p1b: Gyarados|34\/100 brn|[from] brn\n|upkeep\n|\n|t:|1683998955\n|switch|p2a: Amoonguss|Amoonguss, L50, M|100\/100\n|switch|p1a: Amoonguss|Amoonguss, L50, F, tera:Water|93\/100\n|turn|10\n|\n|t:|1683998969\n|cant|p2b: Flutter Mane|slp\n|move|p1b: Gyarados|Taunt|p2a: Amoonguss\n|-start|p2a: Amoonguss|move: Taunt\n|cant|p2a: Amoonguss|move: Taunt|Spore\n|move|p1a: Amoonguss|Pollen Puff|p1b: Gyarados\n|-heal|p1b: Gyarados|84\/100 brn\n|\n|-damage|p1b: Gyarados|78\/100 brn|[from] brn\n|upkeep\n|turn|11\n|inactive|dsbsfndtnfd has 30 seconds left.\n|\n|t:|1683999000\n|cant|p2b: Flutter Mane|slp\n|move|p1b: Gyarados|Waterfall|p2b: Flutter Mane\n|-resisted|p2b: Flutter Mane\n|-damage|p2b: Flutter Mane|39\/100 slp\n|move|p2a: Amoonguss|Pollen Puff|p2b: Flutter Mane\n|-heal|p2b: Flutter Mane|89\/100 slp\n|move|p1a: Amoonguss|Pollen Puff|p2b: Flutter Mane\n|-damage|p2b: Flutter Mane|70\/100 slp\n|\n|-damage|p1b: Gyarados|71\/100 brn|[from] brn\n|-sideend|p2: dsbsfndtnfd|move: Tailwind\n|upkeep\n|turn|12\n|\n|t:|1683999020\n|switch|p1a: Flutter Mane|Flutter Mane, L50|100\/100\n|-enditem|p1a: Flutter Mane|Booster Energy\n|-activate|p1a: Flutter Mane|ability: Protosynthesis|[fromitem]\n|-start|p1a: Flutter Mane|protosynthesisspe\n|-curestatus|p2b: Flutter Mane|slp|[msg]\n|move|p2b: Flutter Mane|Substitute|p2b: Flutter Mane\n|-start|p2b: Flutter Mane|Substitute\n|-damage|p2b: Flutter Mane|46\/100\n|move|p1b: Gyarados|Thunder Wave|p2b: Flutter Mane|[miss]\n|-miss|p1b: Gyarados|p2b: Flutter Mane\n|move|p2a: Amoonguss|Pollen Puff|p2b: Flutter Mane\n|-heal|p2b: Flutter Mane|96\/100\n|\n|-damage|p1b: Gyarados|65\/100 brn|[from] brn\n|-end|p2a: Amoonguss|move: Taunt\n|upkeep\n|turn|13\n|inactive|Arcacagne has 30 seconds left.\n|inactive|dsbsfndtnfd has 30 seconds left.\n|inactive|dsbsfndtnfd has 20 seconds left.\n|inactive|dsbsfndtnfd has 15 seconds left.\n|inactive|dsbsfndtnfd has 10 seconds left.\n|\n|t:|1683999069\n|move|p1a: Flutter Mane|Protect|p1a: Flutter Mane\n|-singleturn|p1a: Flutter Mane|Protect\n|move|p2a: Amoonguss|Rage Powder|p2a: Amoonguss\n|-singleturn|p2a: Amoonguss|move: Rage Powder\n|move|p2b: Flutter Mane|Moonblast|p1a: Flutter Mane\n|-activate|p1a: Flutter Mane|move: Protect\n|move|p1b: Gyarados|Waterfall|p2b: Flutter Mane\n|-resisted|p2b: Flutter Mane\n|-activate|p2b: Flutter Mane|move: Substitute|[damage]\n|\n|-damage|p1b: Gyarados|59\/100 brn|[from] brn\n|upkeep\n|turn|14\n|inactive|dsbsfndtnfd has 30 seconds left.\n|inactive|Arcacagne has 30 seconds left.\n|inactive|dsbsfndtnfd has 20 seconds left.\n|\n|t:|1683999106\n|-end|p1a: Flutter Mane|Protosynthesis|[silent]\n|switch|p1a: Amoonguss|Amoonguss, L50, F, tera:Water|100\/100\n|move|p2b: Flutter Mane|Shadow Ball|p1a: Amoonguss\n|-damage|p1a: Amoonguss|58\/100\n|-unboost|p1a: Amoonguss|spd|1\n|move|p1b: Gyarados|Taunt|p2a: Amoonguss\n|-start|p2a: Amoonguss|move: Taunt\n|cant|p2a: Amoonguss|move: Taunt|Spore\n|\n|-damage|p1b: Gyarados|53\/100 brn|[from] brn\n|upkeep\n|turn|15\n|inactive|dsbsfndtnfd has 30 seconds left.\n|\n|t:|1683999134\n|switch|p2a: Dragonite|Dragonite, L50, F|100\/100 par\n|move|p2b: Flutter Mane|Protect|p2b: Flutter Mane\n|-singleturn|p2b: Flutter Mane|Protect\n|move|p1b: Gyarados|Waterfall|p2b: Flutter Mane\n|-activate|p2b: Flutter Mane|move: Protect\n|move|p1a: Amoonguss|Spore|p2b: Flutter Mane\n|-activate|p2b: Flutter Mane|move: Protect\n|\n|-damage|p1b: Gyarados|47\/100 brn|[from] brn\n|upkeep\n|turn|16\n|inactive|dsbsfndtnfd has 30 seconds left.\n|inactive|dsbsfndtnfd has 20 seconds left.\n|inactive|dsbsfndtnfd has 15 seconds left.\n|\n|t:|1683999155\n|move|p2b: Flutter Mane|Shadow Ball|p1a: Amoonguss\n|-damage|p1a: Amoonguss|1\/100\n|-unboost|p1a: Amoonguss|spd|1\n|move|p1b: Gyarados|Waterfall|p2a: Dragonite\n|-resisted|p2a: Dragonite\n|-damage|p2a: Dragonite|98\/100 par\n|move|p2a: Dragonite|Stomping Tantrum|p1a: Amoonguss\n|-damage|p1a: Amoonguss|0 fnt\n|faint|p1a: Amoonguss\n|\n|-damage|p1b: Gyarados|40\/100 brn|[from] brn\n|upkeep\n|inactive|dsbsfndtnfd has 15 seconds left this turn.\n|\n|t:|1683999166\n|switch|p1a: Flutter Mane|Flutter Mane, L50|100\/100\n|turn|17\n|inactive|dsbsfndtnfd has 15 seconds left this turn.\n|inactive|dsbsfndtnfd has 10 seconds left.\n|\n|t:|1683999176\n|move|p2b: Flutter Mane|Protect|p2b: Flutter Mane\n|-singleturn|p2b: Flutter Mane|Protect\n|move|p1a: Flutter Mane|Dazzling Gleam|p2a: Dragonite|[spread] p2a\n|-activate|p2b: Flutter Mane|move: Protect\n|-supereffective|p2a: Dragonite\n|-damage|p2a: Dragonite|48\/100 par\n|move|p1b: Gyarados|Waterfall|p2b: Flutter Mane\n|-activate|p2b: Flutter Mane|move: Protect\n|cant|p2a: Dragonite|par\n|\n|-damage|p1b: Gyarados|34\/100 brn|[from] brn\n|upkeep\n|turn|18\n|inactive|dsbsfndtnfd has 10 seconds left this turn.\n|inactive|dsbsfndtnfd has 5 seconds left.\n|-message|dsbsfndtnfd lost due to inactivity.\n|\n|win|Arcacagne\n|raw|Arcacagne's rating: 1325 → 1345<\/strong> (+20 for winning)\n|raw|dsbsfndtnfd's rating: 1321 → 1301<\/strong> (-20 for losing)\n","uploadtime":1683999195,"views":6,"p1id":"arcacagne","p2id":"dsbsfndtnfd","formatid":"gen9vgc2023regulationc","rating":1301,"private":0,"password":""}