{"id":"gen9vgc2023regulationc-1848530333","p1":"Tinymaus","p2":"Greeze1994","format":"[Gen 9] VGC 2023 Regulation C","log":"|j|\u2606Tinymaus\n|j|\u2606Greeze1994\n|t:|1682087564\n|gametype|doubles\n|player|p1|Tinymaus|hilbert|1056\n|player|p2|Greeze1994|1|1000\n|teamsize|p1|6\n|teamsize|p2|6\n|gen|9\n|tier|[Gen 9] VGC 2023 Regulation C\n|rated|\n|rule|Species Clause: Limit one of each Pok\u00e9mon\n|rule|Item Clause: Limit one of each item\n|clearpoke\n|poke|p1|Palafin, L50, F|\n|poke|p1|Chien-Pao, L50|\n|poke|p1|Scizor, L50, M|\n|poke|p1|Great Tusk, L50|\n|poke|p1|Flutter Mane, L50|\n|poke|p1|Dragapult, L50, F|\n|poke|p2|Dachsbun, L50, F|\n|poke|p2|Iron Hands, L50|\n|poke|p2|Iron Thorns, L50|\n|poke|p2|Gothitelle, L50, M|\n|poke|p2|Chi-Yu, L50|\n|poke|p2|Kilowattrel, L50, M|\n|teampreview|4\n|\n|t:|1682087593\n|start\n|switch|p1a: Flutter Mane|Flutter Mane, L50|100\/100\n|switch|p1b: Great Tusk|Great Tusk, L50|100\/100\n|switch|p2a: Gothitelle|Gothitelle, L50, M|100\/100\n|switch|p2b: Iron Hands|Iron Hands, L50|100\/100\n|-enditem|p1a: Flutter Mane|Booster Energy\n|-activate|p1a: Flutter Mane|ability: Protosynthesis|[fromitem]\n|-start|p1a: Flutter Mane|protosynthesisspe\n|turn|1\n|inactive|Battle timer is ON: inactive players will automatically lose when time's up. (requested by Tinymaus)\n|\n|t:|1682087633\n|-terastallize|p2b: Iron Hands|Grass\n|move|p1a: Flutter Mane|Shadow Ball|p2a: Gothitelle\n|-supereffective|p2a: Gothitelle\n|-damage|p2a: Gothitelle|25\/100\n|-enditem|p2a: Gothitelle|Sitrus Berry|[eat]\n|-heal|p2a: Gothitelle|50\/100|[from] item: Sitrus Berry\n|move|p1b: Great Tusk|Headlong Rush|p2b: Iron Hands\n|-resisted|p2b: Iron Hands\n|-damage|p2b: Iron Hands|79\/100\n|-unboost|p1b: Great Tusk|def|1\n|-unboost|p1b: Great Tusk|spd|1\n|move|p2a: Gothitelle|Psychic|p1a: Flutter Mane\n|-damage|p1a: Flutter Mane|65\/100\n|move|p2b: Iron Hands|Wild Charge|p1a: Flutter Mane\n|-damage|p1a: Flutter Mane|0 fnt\n|faint|p1a: Flutter Mane\n|-end|p1a: Flutter Mane|Protosynthesis|[silent]\n|-damage|p2b: Iron Hands|70\/100|[from] Recoil\n|\n|upkeep\n|\n|t:|1682087643\n|switch|p1a: Dragapult|Dragapult, L50, F, shiny|100\/100\n|turn|2\n|inactive|Tinymaus has 30 seconds left.\n|inactive|Greeze1994 has 30 seconds left.\n|inactive|Tinymaus has 20 seconds left.\n|inactive|Greeze1994 has 20 seconds left.\n|\n|t:|1682087683\n|-terastallize|p1a: Dragapult|Dragon\n|move|p2a: Gothitelle|Protect|p2a: Gothitelle\n|-singleturn|p2a: Gothitelle|Protect\n|move|p1a: Dragapult|Dragon Darts|p2b: Iron Hands\n|-damage|p2b: Iron Hands|30\/100\n|-anim|p1a: Dragapult|Dragon Darts|p2b: Iron Hands\n|-crit|p2b: Iron Hands\n|-damage|p2b: Iron Hands|0 fnt\n|faint|p2b: Iron Hands\n|-end|p2b: Iron Hands|Quark Drive|[silent]\n|move|p1b: Great Tusk|Close Combat|p2a: Gothitelle\n|-activate|p2a: Gothitelle|move: Protect\n|\n|upkeep\n|inactive|Greeze1994 has 30 seconds left.\n|\n|t:|1682087710\n|switch|p2b: Kilowattrel|Kilowattrel, L50, M|100\/100\n|turn|3\n|\n|t:|1682087731\n|move|p1a: Dragapult|Dragon Darts|p2a: Gothitelle\n|-damage|p2a: Gothitelle|6\/100\n|-anim|p1a: Dragapult|Dragon Darts|p2b: Kilowattrel\n|-damage|p2b: Kilowattrel|9\/100\n|move|p2b: Kilowattrel|Tailwind|p2b: Kilowattrel\n|-sidestart|p2: Greeze1994|move: Tailwind\n|-start|p2b: Kilowattrel|Charge|Tailwind|[from] ability: Wind Power\n|move|p2a: Gothitelle|Psychic|p1b: Great Tusk\n|-supereffective|p1b: Great Tusk\n|-damage|p1b: Great Tusk|0 fnt\n|faint|p1b: Great Tusk\n|-end|p1b: Great Tusk|Protosynthesis|[silent]\n|\n|upkeep\n|\n|t:|1682087741\n|switch|p1b: Palafin|Palafin, L50, F|100\/100\n|turn|4\n|inactive|Greeze1994 has 30 seconds left.\n|inactive|Greeze1994 has 20 seconds left.\n|\n|t:|1682087778\n|move|p2a: Gothitelle|Protect|p2a: Gothitelle\n|-singleturn|p2a: Gothitelle|Protect\n|move|p1b: Palafin|Protect|p1b: Palafin\n|-singleturn|p1b: Palafin|Protect\n|move|p2b: Kilowattrel|Endeavor|p1a: Dragapult\n|-damage|p1a: Dragapult|8\/100\n|move|p1a: Dragapult|Dragon Darts|p2b: Kilowattrel\n|-damage|p2b: Kilowattrel|0 fnt\n|faint|p2b: Kilowattrel\n|\n|upkeep\n|\n|t:|1682087792\n|switch|p2b: Iron Thorns|Iron Thorns, L50|100\/100\n|turn|5\n|inactive|Greeze1994 has 30 seconds left.\n|\n|t:|1682087827\n|move|p1a: Dragapult|Dragon Darts|p2a: Gothitelle\n|-damage|p2a: Gothitelle|0 fnt\n|-anim|p1a: Dragapult|Dragon Darts|p2b: Iron Thorns\n|-damage|p2b: Iron Thorns|60\/100\n|faint|p2a: Gothitelle\n|move|p2b: Iron Thorns|Dragon Dance|p2b: Iron Thorns\n|-boost|p2b: Iron Thorns|atk|1\n|-boost|p2b: Iron Thorns|spe|1\n|move|p1b: Palafin|Wave Crash|p2b: Iron Thorns\n|-supereffective|p2b: Iron Thorns\n|-damage|p2b: Iron Thorns|0 fnt\n|faint|p2b: Iron Thorns\n|-end|p2b: Iron Thorns|Quark Drive|[silent]\n|-damage|p1b: Palafin|77\/100|[from] Recoil\n|\n|win|Tinymaus\n|raw|Tinymaus's rating: 1056 → 1083<\/strong> (+27 for winning)\n|raw|Greeze1994's rating: 1000 → 1000<\/strong> (+0 for losing)\n|l|\u2606Greeze1994\n","uploadtime":1682087876,"views":8,"p1id":"tinymaus","p2id":"greeze1994","formatid":"gen9vgc2023regulationc","rating":1000,"private":0,"password":""}