{"id":"gen9vgc2023regulationc-1858361258","p1":"shimaumaviera","p2":"daveboy77","format":"[Gen 9] VGC 2023 Regulation C","log":"|j|\u2606shimaumaviera\n|j|\u2606daveboy77\n|t:|1683305296\n|gametype|doubles\n|player|p1|shimaumaviera|170|1722\n|player|p2|daveboy77|alder|1786\n|teamsize|p1|6\n|teamsize|p2|6\n|gen|9\n|tier|[Gen 9] VGC 2023 Regulation C\n|rated|\n|rule|Species Clause: Limit one of each Pok\u00e9mon\n|rule|Item Clause: Limit one of each item\n|clearpoke\n|poke|p1|Flutter Mane, L50|\n|poke|p1|Chi-Yu, L50|\n|poke|p1|Great Tusk, L50|\n|poke|p1|Torkoal, L50, M|\n|poke|p1|Murkrow, L50, F|\n|poke|p1|Jumpluff, L50, M|\n|poke|p2|Iron Treads, L50|\n|poke|p2|Rotom-Wash, L50|\n|poke|p2|Gallade, L50, M|\n|poke|p2|Gengar, L50, F|\n|poke|p2|Dragonite, L50, M|\n|poke|p2|Scovillain, L50, F|\n|teampreview|4\n|j| anyatriesvgc\n|\n|t:|1683305380\n|start\n|switch|p1a: Jumpluff|Jumpluff, L50, M|100\/100\n|switch|p1b: Torkoal|Torkoal, L50, M, shiny|100\/100\n|switch|p2a: Dragonite|Dragonite, L50, M|100\/100\n|switch|p2b: Iron Treads|Iron Treads, L50|100\/100\n|-weather|SunnyDay|[from] ability: Drought|[of] p1b: Torkoal\n|-enditem|p2b: Iron Treads|Booster Energy\n|-activate|p2b: Iron Treads|ability: Quark Drive|[fromitem]\n|-start|p2b: Iron Treads|quarkdriveatk\n|turn|1\n|j| Satansinlaw\n|\n|t:|1683305410\n|-terastallize|p2b: Iron Treads|Water\n|-terastallize|p1b: Torkoal|Grass\n|move|p2a: Dragonite|Extreme Speed|p1b: Torkoal\n|-damage|p1b: Torkoal|78\/100\n|move|p1a: Jumpluff|Sleep Powder|p2a: Dragonite\n|-status|p2a: Dragonite|slp|[from] move: Sleep Powder\n|move|p2b: Iron Treads|Ice Spinner|p1a: Jumpluff\n|-supereffective|p1a: Jumpluff\n|-damage|p1a: Jumpluff|0 fnt\n|faint|p1a: Jumpluff\n|move|p1b: Torkoal|Eruption|p2a: Dragonite|[spread] p2a,p2b\n|-resisted|p2a: Dragonite\n|-resisted|p2b: Iron Treads\n|-damage|p2a: Dragonite|89\/100 slp\n|-damage|p2b: Iron Treads|67\/100\n|\n|-weather|SunnyDay|[upkeep]\n|-heal|p2a: Dragonite|95\/100 slp|[from] item: Leftovers\n|upkeep\n|\n|t:|1683305447\n|switch|p1a: Flutter Mane|Flutter Mane, L50, shiny|100\/100\n|-activate|p1a: Flutter Mane|ability: Protosynthesis\n|-start|p1a: Flutter Mane|protosynthesisspa\n|turn|2\n|\n|t:|1683305468\n|cant|p2a: Dragonite|slp\n|move|p1a: Flutter Mane|Moonblast|p2b: Iron Treads\n|-damage|p2b: Iron Treads|0 fnt\n|faint|p2b: Iron Treads\n|-end|p2b: Iron Treads|Quark Drive|[silent]\n|move|p1b: Torkoal|Eruption|p2a: Dragonite\n|-resisted|p2a: Dragonite\n|-crit|p2a: Dragonite\n|-damage|p2a: Dragonite|50\/100 slp\n|\n|-weather|SunnyDay|[upkeep]\n|-heal|p2a: Dragonite|57\/100 slp|[from] item: Leftovers\n|upkeep\n|\n|t:|1683305483\n|switch|p2b: Rotom|Rotom-Wash, L50|100\/100\n|turn|3\n|\n|t:|1683305505\n|move|p1a: Flutter Mane|Moonblast|p2a: Dragonite\n|-supereffective|p2a: Dragonite\n|-damage|p2a: Dragonite|0 fnt\n|faint|p2a: Dragonite\n|move|p2b: Rotom|Discharge|p1b: Torkoal|[spread] p1a,p1b\n|-resisted|p1b: Torkoal\n|-damage|p1a: Flutter Mane|73\/100\n|-damage|p1b: Torkoal|63\/100\n|-status|p1a: Flutter Mane|par\n|-status|p1b: Torkoal|par\n|cant|p1b: Torkoal|par\n|\n|-weather|SunnyDay|[upkeep]\n|upkeep\n|\n|t:|1683305516\n|switch|p2a: Gallade|Gallade, L50, M|100\/100\n|turn|4\n|\n|t:|1683305543\n|move|p2b: Rotom|Charge Beam|p1b: Torkoal\n|-resisted|p1b: Torkoal\n|-damage|p1b: Torkoal|49\/100 par\n|-boost|p2b: Rotom|spa|1\n|move|p2a: Gallade|Psycho Cut|p1a: Flutter Mane\n|-damage|p1a: Flutter Mane|0 fnt\n|faint|p1a: Flutter Mane\n|-end|p1a: Flutter Mane|Protosynthesis|[silent]\n|cant|p1b: Torkoal|par\n|\n|-weather|SunnyDay|[upkeep]\n|upkeep\n|j| oodabi\n|\n|t:|1683305555\n|switch|p1a: Great Tusk|Great Tusk, L50|100\/100\n|-activate|p1a: Great Tusk|ability: Protosynthesis\n|-start|p1a: Great Tusk|protosynthesisatk\n|turn|5\n|j| samsmithy\n|\n|t:|1683305591\n|move|p1a: Great Tusk|Headlong Rush|p2a: Gallade\n|-damage|p2a: Gallade|0 fnt\n|-unboost|p1a: Great Tusk|def|1\n|-unboost|p1a: Great Tusk|spd|1\n|faint|p2a: Gallade\n|move|p2b: Rotom|Hydro Pump|p1a: Great Tusk\n|-supereffective|p1a: Great Tusk\n|-enditem|p1a: Great Tusk|Focus Sash\n|-damage|p1a: Great Tusk|1\/100\n|cant|p1b: Torkoal|par\n|\n|-weather|none\n|-end|p1a: Great Tusk|Protosynthesis\n|upkeep\n|turn|6\n|\n|t:|1683305630\n|move|p1a: Great Tusk|Close Combat|p2b: Rotom\n|-damage|p2b: Rotom|37\/100\n|-unboost|p1a: Great Tusk|def|1\n|-unboost|p1a: Great Tusk|spd|1\n|move|p2b: Rotom|Tera Blast|p1a: Great Tusk\n|-damage|p1a: Great Tusk|0 fnt\n|faint|p1a: Great Tusk\n|-end|p1a: Great Tusk|Protosynthesis|[silent]\n|move|p1b: Torkoal|Eruption|p2b: Rotom\n|-resisted|p2b: Rotom\n|-damage|p2b: Rotom|27\/100\n|\n|upkeep\n|turn|7\n|l| anyatriesvgc\n|\n|t:|1683305646\n|move|p2b: Rotom|Tera Blast|p1b: Torkoal\n|-crit|p1b: Torkoal\n|-damage|p1b: Torkoal|0 fnt\n|faint|p1b: Torkoal\n|\n|win|daveboy77\n|raw|shimaumaviera's rating: 1722 → 1706<\/strong> (-16 for losing)\n|raw|daveboy77's rating: 1786 → 1802<\/strong> (+16 for winning)\n|l|\u2606daveboy77\n","uploadtime":1683305669,"views":17,"p1id":"shimaumaviera","p2id":"daveboy77","formatid":"gen9vgc2023regulationc","rating":1706,"private":0,"password":""}