{"id":"gen9vgc2023regulationc-1850921943","p1":"Dmuerto","p2":"Pokex265","format":"[Gen 9] VGC 2023 Regulation C","log":"|j|\u2606Dmuerto\n|j|\u2606Pokex265\n|t:|1682382611\n|gametype|doubles\n|player|p1|Dmuerto|170|1096\n|player|p2|Pokex265|riley|1153\n|teamsize|p1|6\n|teamsize|p2|6\n|gen|9\n|tier|[Gen 9] VGC 2023 Regulation C\n|rated|\n|rule|Species Clause: Limit one of each Pok\u00e9mon\n|rule|Item Clause: Limit one of each item\n|clearpoke\n|poke|p1|Dragonite, L50, M|\n|poke|p1|Garchomp, L50, F|\n|poke|p1|Gyarados, L50, M|\n|poke|p1|Arcanine, L50, M|\n|poke|p1|Gastrodon-East, L50, M|\n|poke|p1|Scizor, L50, M|\n|poke|p2|Farigiraf, L50, F|\n|poke|p2|Garganacl, L50, M|\n|poke|p2|Hatterene, L50, F|\n|poke|p2|Annihilape, L50, F|\n|poke|p2|Espathra, L50, F|\n|poke|p2|Eelektross, L50, M|\n|teampreview|4\n|\n|t:|1682382651\n|start\n|switch|p1a: Arcanine|Arcanine, L50, M|100\/100\n|switch|p1b: Garchomp|Garchomp, L50, F|100\/100\n|switch|p2a: Farigiraf|Farigiraf, L50, F|100\/100\n|switch|p2b: Annihilape|Annihilape, L50, F|100\/100\n|-ability|p1a: Arcanine|Intimidate|boost\n|-unboost|p2a: Farigiraf|atk|1\n|-unboost|p2b: Annihilape|atk|1\n|-ability|p2b: Annihilape|Defiant|boost\n|-boost|p2b: Annihilape|atk|2\n|-enditem|p2b: Annihilape|Adrenaline Orb\n|-boost|p2b: Annihilape|spe|1|[from] item: Adrenaline Orb\n|turn|1\n|\n|t:|1682382678\n|switch|p2a: Garganacl|Garganacl, L50, M|100\/100\n|move|p2b: Annihilape|Rage Fist|p1a: Arcanine\n|-damage|p1a: Arcanine|59\/100\n|move|p1a: Arcanine|Snarl|p2b: Annihilape|[spread] p2a,p2b\n|-damage|p2a: Garganacl|93\/100\n|-damage|p2b: Annihilape|92\/100\n|-unboost|p2a: Garganacl|spa|1\n|-unboost|p2b: Annihilape|spa|1\n|-ability|p2b: Annihilape|Defiant|boost\n|-boost|p2b: Annihilape|atk|2\n|move|p1b: Garchomp|Rock Slide|p2a: Garganacl|[spread] p2a,p2b\n|-resisted|p2b: Annihilape\n|-damage|p2a: Garganacl|80\/100\n|-damage|p2b: Annihilape|80\/100\n|\n|-heal|p2a: Garganacl|86\/100|[from] item: Leftovers\n|upkeep\n|turn|2\n|\n|t:|1682382702\n|move|p2a: Garganacl|Protect|p2a: Garganacl\n|-singleturn|p2a: Garganacl|Protect\n|move|p2b: Annihilape|Bulldoze|p1b: Garchomp|[spread] p1a,p1b\n|-activate|p2a: Garganacl|move: Protect\n|-supereffective|p1a: Arcanine\n|-damage|p1a: Arcanine|0 fnt\n|-damage|p1b: Garchomp|68\/100\n|-unboost|p1b: Garchomp|spe|1\n|faint|p1a: Arcanine\n|move|p1b: Garchomp|Earthquake|p2b: Annihilape|[spread] p2b\n|-activate|p2a: Garganacl|move: Protect\n|-damage|p2b: Annihilape|37\/100\n|\n|-heal|p2a: Garganacl|92\/100|[from] item: Leftovers\n|upkeep\n|\n|t:|1682382721\n|switch|p1a: Scizor|Scizor, L50, M|100\/100\n|turn|3\n|\n|t:|1682382732\n|move|p1a: Scizor|Protect|p1a: Scizor\n|-singleturn|p1a: Scizor|Protect\n|move|p2b: Annihilape|Rage Fist|p1b: Garchomp\n|-damage|p1b: Garchomp|0 fnt\n|-damage|p2b: Annihilape|24\/100|[from] ability: Rough Skin|[of] p1b: Garchomp\n|faint|p1b: Garchomp\n|move|p2a: Garganacl|Salt Cure|p1a: Scizor\n|-activate|p1a: Scizor|move: Protect\n|\n|-heal|p2a: Garganacl|98\/100|[from] item: Leftovers\n|upkeep\n|\n|t:|1682382742\n|switch|p1b: Dragonite|Dragonite, L50, M|100\/100\n|turn|4\n|\n|t:|1682382750\n|move|p2b: Annihilape|Protect|p2b: Annihilape\n|-singleturn|p2b: Annihilape|Protect\n|move|p1a: Scizor|Bullet Punch|p2b: Annihilape\n|-activate|p2b: Annihilape|move: Protect\n|move|p1b: Dragonite|Ice Spinner|p2a: Garganacl\n|-damage|p2a: Garganacl|78\/100\n|move|p2a: Garganacl|Salt Cure|p1a: Scizor\n|-damage|p1a: Scizor|86\/100\n|-start|p1a: Scizor|Salt Cure\n|\n|-heal|p2a: Garganacl|84\/100|[from] item: Leftovers\n|-damage|p1a: Scizor|62\/100|[from] Salt Cure\n|upkeep\n|turn|5\n|\n|t:|1682382778\n|move|p2a: Garganacl|Protect|p2a: Garganacl\n|-singleturn|p2a: Garganacl|Protect\n|move|p1a: Scizor|Bullet Punch|p2b: Annihilape\n|-damage|p2b: Annihilape|0 fnt\n|faint|p2b: Annihilape\n|-damage|p1a: Scizor|52\/100|[from] item: Life Orb\n|move|p1b: Dragonite|Ice Spinner|p2a: Garganacl\n|-activate|p2a: Garganacl|move: Protect\n|\n|-heal|p2a: Garganacl|90\/100|[from] item: Leftovers\n|-damage|p1a: Scizor|27\/100|[from] Salt Cure\n|upkeep\n|\n|t:|1682382788\n|switch|p2b: Farigiraf|Farigiraf, L50, F|100\/100\n|turn|6\n|\n|t:|1682382803\n|move|p1b: Dragonite|Ice Spinner|p2a: Garganacl\n|-damage|p2a: Garganacl|72\/100\n|move|p1a: Scizor|Close Combat|p2b: Farigiraf\n|-damage|p2b: Farigiraf|41\/100\n|-unboost|p1a: Scizor|def|1\n|-unboost|p1a: Scizor|spd|1\n|-damage|p1a: Scizor|17\/100|[from] item: Life Orb\n|move|p2a: Garganacl|Salt Cure|p1b: Dragonite\n|-supereffective|p1b: Dragonite\n|-damage|p1b: Dragonite|87\/100\n|-start|p1b: Dragonite|Salt Cure\n|-enditem|p1b: Dragonite|Weakness Policy\n|-boost|p1b: Dragonite|atk|2|[from] item: Weakness Policy\n|-boost|p1b: Dragonite|spa|2|[from] item: Weakness Policy\n|move|p2b: Farigiraf|Trick Room|p2b: Farigiraf\n|-fieldstart|move: Trick Room|[of] p2b: Farigiraf\n|\n|-heal|p2a: Garganacl|78\/100|[from] item: Leftovers\n|-damage|p1a: Scizor|0 fnt|[from] Salt Cure\n|faint|p1a: Scizor\n|-damage|p1b: Dragonite|75\/100|[from] Salt Cure\n|upkeep\n|turn|7\n|\n|t:|1682382823\n|move|p2a: Garganacl|Recover|p2a: Garganacl\n|-heal|p2a: Garganacl|100\/100\n|move|p2b: Farigiraf|Dazzling Gleam|p1b: Dragonite\n|-supereffective|p1b: Dragonite\n|-crit|p1b: Dragonite\n|-damage|p1b: Dragonite|4\/100\n|move|p1b: Dragonite|Earthquake|p2b: Farigiraf|[spread] p2a,p2b\n|-supereffective|p2a: Garganacl\n|-damage|p2a: Garganacl|29\/100\n|-damage|p2b: Farigiraf|0 fnt\n|faint|p2b: Farigiraf\n|\n|-heal|p2a: Garganacl|35\/100|[from] item: Leftovers\n|-damage|p1b: Dragonite|0 fnt|[from] Salt Cure\n|faint|p1b: Dragonite\n|\n|win|Pokex265\n|upkeep\n|raw|Dmuerto's rating: 1096 → 1076<\/strong> (-20 for losing)\n|raw|Pokex265's rating: 1153 → 1174<\/strong> (+21 for winning)\n|l|\u2606Dmuerto\n","uploadtime":1682382856,"views":8,"p1id":"dmuerto","p2id":"pokex265","formatid":"gen9vgc2023regulationc","rating":1076,"private":0,"password":""}