{"id":"gen9vgc2023regulationc-1857914418","p1":"SteelGymLuke","p2":"Deltapunk","format":"[Gen 9] VGC 2023 Regulation C","log":"|j|\u2606SteelGymLuke\n|j|\u2606Deltapunk\n|t:|1683246712\n|gametype|doubles\n|player|p1|SteelGymLuke|bugcatcher-gen4dp|\n|player|p2|Deltapunk|plasmagrunt|\n|teamsize|p1|6\n|teamsize|p2|6\n|gen|9\n|tier|[Gen 9] VGC 2023 Regulation C\n|rule|Species Clause: Limit one of each Pok\u00e9mon\n|rule|Item Clause: Limit one of each item\n|clearpoke\n|poke|p1|Bronzong, L50|\n|poke|p1|Kingambit, L50, M|\n|poke|p1|Corviknight, L50, M|\n|poke|p1|Gholdengo, L50|\n|poke|p1|Murkrow, L50, M|\n|poke|p1|Palafin, L50, F|\n|poke|p2|Iron Hands, L50|\n|poke|p2|Hawlucha, L50, M|\n|poke|p2|Tauros-Paldea-Aqua, L50, M|\n|poke|p2|Great Tusk, L50|\n|poke|p2|Slither Wing, L50|\n|poke|p2|Torkoal, L50, F|\n|teampreview|4\n|inactive|Battle timer is ON: inactive players will automatically lose when time's up. (requested by Deltapunk)\n|inactive|SteelGymLuke has 60 seconds left.\n|inactive|Deltapunk has 60 seconds left.\n|\n|t:|1683246750\n|start\n|switch|p1a: Bronzong|Bronzong, L50|100\/100\n|switch|p1b: Palafin|Palafin, L50, F|100\/100\n|switch|p2a: Iron Hands|Iron Hands, L50|100\/100\n|switch|p2b: Hawlucha|Hawlucha, L50, M|100\/100\n|turn|1\n|inactive|Deltapunk has 30 seconds left.\n|inactive|Deltapunk has 20 seconds left.\n|\n|t:|1683246786\n|move|p2b: Hawlucha|Bulk Up|p2b: Hawlucha\n|-boost|p2b: Hawlucha|atk|1\n|-boost|p2b: Hawlucha|def|1\n|move|p1b: Palafin|Flip Turn|p2b: Hawlucha\n|-damage|p2b: Hawlucha|78\/100\n|\n|t:|1683246796\n|detailschange|p1b: Palafin|Palafin-Hero, L50, F\n|switch|p1b: Gholdengo|Gholdengo, L50|100\/100|[from] Flip Turn\n|move|p2a: Iron Hands|Thunder Punch|p1b: Gholdengo\n|-damage|p1b: Gholdengo|46\/100\n|-status|p1b: Gholdengo|par\n|move|p1a: Bronzong|Trick Room|p1a: Bronzong\n|-fieldstart|move: Trick Room|[of] p1a: Bronzong\n|\n|upkeep\n|turn|2\n|c|\u2606Deltapunk|Wait what\n|c|\u2606Deltapunk|How\n|inactive|Deltapunk has 30 seconds left.\n|\n|t:|1683246829\n|move|p1a: Bronzong|Body Press|p2a: Iron Hands\n|-damage|p2a: Iron Hands|86\/100\n|move|p2a: Iron Hands|Thunder Punch|p1b: Gholdengo\n|-damage|p1b: Gholdengo|0 fnt\n|faint|p1b: Gholdengo\n|move|p2b: Hawlucha|Drain Punch|p1a: Bronzong\n|-damage|p1a: Bronzong|52\/100\n|-heal|p2b: Hawlucha|100\/100|[from] drain|[of] p1a: Bronzong\n|\n|-heal|p1a: Bronzong|58\/100|[from] item: Leftovers\n|upkeep\n|c|\u2606Deltapunk|I paralyzed the Gholdengo?\n|\n|t:|1683246844\n|switch|p1b: Corviknight|Corviknight, L50, M|100\/100\n|-ability|p1b: Corviknight|Pressure\n|turn|3\n|\n|t:|1683246857\n|move|p1a: Bronzong|Psychic|p2b: Hawlucha\n|-supereffective|p2b: Hawlucha\n|-damage|p2b: Hawlucha|0 fnt\n|faint|p2b: Hawlucha\n|move|p2a: Iron Hands|Thunder Punch|p1b: Corviknight\n|-supereffective|p1b: Corviknight\n|-damage|p1b: Corviknight|48\/100\n|-damage|p2a: Iron Hands|70\/100|[from] item: Rocky Helmet|[of] p1b: Corviknight\n|move|p1b: Corviknight|Iron Defense|p1b: Corviknight\n|-boost|p1b: Corviknight|def|2\n|\n|-heal|p1a: Bronzong|64\/100|[from] item: Leftovers\n|upkeep\n|\n|t:|1683246862\n|switch|p2b: Torkoal|Torkoal, L50, F|100\/100\n|-weather|SunnyDay|[from] ability: Drought|[of] p2b: Torkoal\n|turn|4\n|inactive|SteelGymLuke has 30 seconds left.\n|\n|t:|1683246890\n|move|p2b: Torkoal|Eruption|p1a: Bronzong|[spread] p1a,p1b\n|-supereffective|p1a: Bronzong\n|-supereffective|p1b: Corviknight\n|-damage|p1a: Bronzong|0 fnt\n|-damage|p1b: Corviknight|0 fnt\n|faint|p1a: Bronzong\n|faint|p1b: Corviknight\n|move|p2a: Iron Hands|Drain Punch|p1: Bronzong|[notarget]\n|-fail|p2a: Iron Hands\n|\n|-weather|SunnyDay|[upkeep]\n|upkeep\n|\n|t:|1683246903\n|switch|p1b: Palafin|Palafin-Hero, L50, F|100\/100\n|-activate|p1b: Palafin|ability: Zero to Hero\n|turn|5\n|\n|t:|1683246922\n|move|p2b: Torkoal|Eruption|p1b: Palafin\n|-resisted|p1b: Palafin\n|-damage|p1b: Palafin|48\/100\n|move|p2a: Iron Hands|Thunder Punch|p1b: Palafin\n|-supereffective|p1b: Palafin\n|-damage|p1b: Palafin|0 fnt\n|faint|p1b: Palafin\n|\n|win|Deltapunk\n|c|\u2606Deltapunk|gG\n|c|\u2606Deltapunk|gg\n","uploadtime":1683246933,"views":12,"p1id":"steelgymluke","p2id":"deltapunk","formatid":"gen9vgc2023regulationc","rating":0,"private":0,"password":""}