{"id":"gen9vgc2023regulationc-1846919617","p1":"Xepher008","p2":"Nutrius","format":"[Gen 9] VGC 2023 Regulation C","log":"|j|\u2606Xepher008\n|j|\u2606Nutrius\n|t:|1681900990\n|gametype|doubles\n|player|p1|Xepher008|2|1166\n|player|p2|Nutrius|norman|1170\n|teamsize|p1|6\n|teamsize|p2|6\n|gen|9\n|tier|[Gen 9] VGC 2023 Regulation C\n|rated|\n|rule|Species Clause: Limit one of each Pok\u00e9mon\n|rule|Item Clause: Limit one of each item\n|clearpoke\n|poke|p1|Flutter Mane, L50|\n|poke|p1|Gastrodon, L50, M|\n|poke|p1|Chi-Yu, L50|\n|poke|p1|Chien-Pao, L50|\n|poke|p1|Dragonite, L50, M|\n|poke|p1|Amoonguss, L50, F|\n|poke|p2|Dondozo, L50, F|\n|poke|p2|Tatsugiri, L50, M|\n|poke|p2|Corviknight, L50, F|\n|poke|p2|Ting-Lu, L50|\n|poke|p2|Tyranitar, L50, M|\n|poke|p2|Amoonguss, L50, F|\n|teampreview|4\n|inactive|Battle timer is ON: inactive players will automatically lose when time's up. (requested by Xepher008)\n|\n|t:|1681901044\n|start\n|switch|p1a: Chi-Yu|Chi-Yu, L50|100\/100\n|switch|p1b: Flutter Mane|Flutter Mane, L50|100\/100\n|switch|p2a: Corviminkia|Corviknight, L50, F|100\/100\n|switch|p2b: Tyranitar|Tyranitar, L50, M|100\/100\n|-ability|p1a: Chi-Yu|Beads of Ruin\n|-weather|Sandstorm|[from] ability: Sand Stream|[of] p2b: Tyranitar\n|turn|1\n|inactive|Xepher008 has 30 seconds left.\n|inactive|Nutrius has 30 seconds left.\n|\n|t:|1681901073\n|-terastallize|p1a: Chi-Yu|Ghost\n|move|p2b: Tyranitar|Protect|p2b: Tyranitar\n|-singleturn|p2b: Tyranitar|Protect\n|move|p1b: Flutter Mane|Shadow Ball|p2a: Corviminkia\n|-damage|p2a: Corviminkia|21\/100\n|-enditem|p2a: Corviminkia|Aguav Berry|[eat]\n|-heal|p2a: Corviminkia|54\/100|[from] item: Aguav Berry\n|move|p1a: Chi-Yu|Heat Wave|p2b: Tyranitar|[spread] p2a\n|-activate|p2b: Tyranitar|move: Protect\n|-supereffective|p2a: Corviminkia\n|-damage|p2a: Corviminkia|0 fnt\n|faint|p2a: Corviminkia\n|\n|-weather|Sandstorm|[upkeep]\n|-damage|p1b: Flutter Mane|94\/100|[from] Sandstorm\n|-damage|p1a: Chi-Yu|94\/100|[from] Sandstorm\n|upkeep\n|\n|t:|1681901094\n|switch|p2a: Minkia-Lu|Ting-Lu, L50|100\/100\n|-ability|p2a: Minkia-Lu|Vessel of Ruin\n|turn|2\n|\n|t:|1681901113\n|-end|p1b: Flutter Mane|Protosynthesis|[silent]\n|switch|p1b: Gastrodon|Gastrodon, L50, M|100\/100\n|move|p1a: Chi-Yu|Protect|p1a: Chi-Yu\n|-singleturn|p1a: Chi-Yu|Protect\n|move|p2b: Tyranitar|Rock Slide|p1a: Chi-Yu|[spread] p1b\n|-activate|p1a: Chi-Yu|move: Protect\n|-resisted|p1b: Gastrodon\n|-damage|p1b: Gastrodon|84\/100\n|move|p2a: Minkia-Lu|Rock Tomb|p1b: Gastrodon\n|-resisted|p1b: Gastrodon\n|-damage|p1b: Gastrodon|74\/100\n|-unboost|p1b: Gastrodon|spe|1\n|\n|-weather|Sandstorm|[upkeep]\n|-damage|p1a: Chi-Yu|88\/100|[from] Sandstorm\n|upkeep\n|turn|3\n|inactive|Nutrius has 30 seconds left.\n|\n|t:|1681901141\n|move|p1a: Chi-Yu|Heat Wave|p2a: Minkia-Lu|[spread] p2a,p2b\n|-crit|p2a: Minkia-Lu\n|-resisted|p2b: Tyranitar\n|-damage|p2a: Minkia-Lu|75\/100\n|-damage|p2b: Tyranitar|90\/100\n|move|p2b: Tyranitar|Rock Slide|p1a: Chi-Yu|[spread] p1a,p1b\n|-resisted|p1b: Gastrodon\n|-damage|p1a: Chi-Yu|36\/100\n|-damage|p1b: Gastrodon|59\/100\n|move|p2a: Minkia-Lu|Throat Chop|p1a: Chi-Yu\n|-supereffective|p1a: Chi-Yu\n|-crit|p1a: Chi-Yu\n|-damage|p1a: Chi-Yu|0 fnt\n|faint|p1a: Chi-Yu\n|move|p1b: Gastrodon|Muddy Water|p2a: Minkia-Lu|[spread] p2b\n|-miss|p1b: Gastrodon|p2a: Minkia-Lu\n|-supereffective|p2b: Tyranitar\n|-damage|p2b: Tyranitar|67\/100\n|\n|-weather|Sandstorm|[upkeep]\n|upkeep\n|inactive|Xepher008 has 30 seconds left.\n|\n|t:|1681901168\n|switch|p1a: Flutter Mane|Flutter Mane, L50|94\/100\n|turn|4\n|\n|t:|1681901180\n|move|p2b: Tyranitar|Protect|p2b: Tyranitar\n|-singleturn|p2b: Tyranitar|Protect\n|move|p1a: Flutter Mane|Dazzling Gleam|p2a: Minkia-Lu|[spread] p2a\n|-activate|p2b: Tyranitar|move: Protect\n|-supereffective|p2a: Minkia-Lu\n|-damage|p2a: Minkia-Lu|42\/100\n|move|p2a: Minkia-Lu|Rock Tomb|p1a: Flutter Mane\n|-damage|p1a: Flutter Mane|53\/100\n|-unboost|p1a: Flutter Mane|spe|1\n|move|p1b: Gastrodon|Muddy Water|p2b: Tyranitar|[spread] p2a\n|-activate|p2b: Tyranitar|move: Protect\n|-supereffective|p2a: Minkia-Lu\n|-damage|p2a: Minkia-Lu|20\/100\n|-unboost|p2a: Minkia-Lu|accuracy|1\n|\n|-weather|Sandstorm|[upkeep]\n|-damage|p1a: Flutter Mane|47\/100|[from] Sandstorm\n|upkeep\n|turn|5\n|inactive|Xepher008 has 30 seconds left.\n|\n|t:|1681901211\n|-end|p1a: Flutter Mane|Protosynthesis|[silent]\n|switch|p1a: Amoonguss|Amoonguss, L50, F|100\/100\n|switch|p2a: Amoonguss|Amoonguss, L50, F|100\/100\n|move|p2b: Tyranitar|Rock Slide|p1b: Gastrodon|[spread] p1a,p1b\n|-resisted|p1b: Gastrodon\n|-damage|p1a: Amoonguss|76\/100\n|-damage|p1b: Gastrodon|45\/100\n|cant|p1b: Gastrodon|flinch\n|\n|-weather|none\n|upkeep\n|turn|6\n|\n|t:|1681901234\n|switch|p2b: Minkia-Lu|Ting-Lu, L50|20\/100\n|-ability|p2b: Minkia-Lu|Vessel of Ruin\n|move|p2a: Amoonguss|Spore|p1b: Gastrodon\n|-activate|p1b: Gastrodon|item: Safety Goggles|Spore\n|move|p1a: Amoonguss|Spore|p2b: Minkia-Lu\n|-status|p2b: Minkia-Lu|slp|[from] move: Spore\n|move|p1b: Gastrodon|Recover|p1b: Gastrodon\n|-heal|p1b: Gastrodon|95\/100\n|\n|upkeep\n|turn|7\n|inactive|Xepher008 has 30 seconds left.\n|inactive|Xepher008 has 20 seconds left.\n|inactive|Xepher008 has 15 seconds left.\n|\n|t:|1681901278\n|cant|p2b: Minkia-Lu|slp\n|move|p2a: Amoonguss|Pollen Puff|p2b: Minkia-Lu\n|-heal|p2b: Minkia-Lu|70\/100 slp\n|move|p1a: Amoonguss|Pollen Puff|p2b: Minkia-Lu\n|-supereffective|p2b: Minkia-Lu\n|-damage|p2b: Minkia-Lu|59\/100 slp\n|move|p1b: Gastrodon|Muddy Water|p2a: Amoonguss|[spread] p2a,p2b\n|-resisted|p2a: Amoonguss\n|-supereffective|p2b: Minkia-Lu\n|-damage|p2a: Amoonguss|90\/100\n|-damage|p2b: Minkia-Lu|37\/100 slp\n|\n|upkeep\n|turn|8\n|\n|t:|1681901302\n|move|p1a: Amoonguss|Rage Powder|p1a: Amoonguss\n|-singleturn|p1a: Amoonguss|move: Rage Powder\n|cant|p2b: Minkia-Lu|slp\n|move|p2a: Amoonguss|Pollen Puff|p2b: Minkia-Lu\n|-heal|p2b: Minkia-Lu|87\/100 slp\n|move|p1b: Gastrodon|Muddy Water|p2a: Amoonguss|[spread] p2a,p2b\n|-resisted|p2a: Amoonguss\n|-supereffective|p2b: Minkia-Lu\n|-damage|p2a: Amoonguss|80\/100\n|-damage|p2b: Minkia-Lu|64\/100 slp\n|\n|upkeep\n|turn|9\n|\n|t:|1681901319\n|switch|p1b: Flutter Mane|Flutter Mane, L50|47\/100\n|cant|p2b: Minkia-Lu|slp\n|move|p1a: Amoonguss|Spore|p2b: Minkia-Lu\n|-fail|p2b: Minkia-Lu|slp\n|move|p2a: Amoonguss|Pollen Puff|p2b: Minkia-Lu\n|-heal|p2b: Minkia-Lu|100\/100 slp\n|\n|upkeep\n|turn|10\n|inactive|Nutrius has 30 seconds left.\n|\n|t:|1681901345\n|switch|p2a: Tyranitar|Tyranitar, L50, M|67\/100\n|-weather|Sandstorm|[from] ability: Sand Stream|[of] p2a: Tyranitar\n|move|p1a: Amoonguss|Rage Powder|p1a: Amoonguss\n|-singleturn|p1a: Amoonguss|move: Rage Powder\n|move|p1b: Flutter Mane|Moonblast|p2b: Minkia-Lu\n|-supereffective|p2b: Minkia-Lu\n|-damage|p2b: Minkia-Lu|46\/100 slp\n|-unboost|p2b: Minkia-Lu|spa|1\n|-curestatus|p2b: Minkia-Lu|slp|[msg]\n|move|p2b: Minkia-Lu|Ruination|p1a: Amoonguss\n|-damage|p1a: Amoonguss|39\/100\n|\n|-weather|Sandstorm|[upkeep]\n|-damage|p1b: Flutter Mane|41\/100|[from] Sandstorm\n|-damage|p1a: Amoonguss|33\/100|[from] Sandstorm\n|upkeep\n|turn|11\n|inactive|Nutrius has 30 seconds left.\n|\n|t:|1681901378\n|switch|p1a: Gastrodon|Gastrodon, L50, M|95\/100\n|-terastallize|p2b: Minkia-Lu|Water\n|move|p1b: Flutter Mane|Moonblast|p2b: Minkia-Lu\n|-damage|p2b: Minkia-Lu|22\/100\n|move|p2a: Tyranitar|Rock Slide|p1b: Flutter Mane|[spread] p1a,p1b\n|-resisted|p1a: Gastrodon\n|-damage|p1a: Gastrodon|79\/100\n|-damage|p1b: Flutter Mane|0 fnt\n|faint|p1b: Flutter Mane\n|-end|p1b: Flutter Mane|Protosynthesis|[silent]\n|move|p2b: Minkia-Lu|Throat Chop|p1a: Gastrodon\n|-damage|p1a: Gastrodon|40\/100\n|-start|p1a: Gastrodon|Throat Chop|[silent]\n|\n|-weather|Sandstorm|[upkeep]\n|-damage|p2b: Minkia-Lu|16\/100|[from] Sandstorm\n|upkeep\n|inactive|Xepher008 has 30 seconds left.\n|inactive|Xepher008 has 20 seconds left.\n|inactive|Xepher008 has 15 seconds left.\n|inactive|Xepher008 has 10 seconds left.\n|\n|t:|1681901427\n|switch|p1b: Amoonguss|Amoonguss, L50, F|66\/100\n|turn|12\n|\n|t:|1681901446\n|move|p1a: Gastrodon|Protect|p1a: Gastrodon\n|-singleturn|p1a: Gastrodon|Protect\n|move|p2a: Tyranitar|Rock Slide|p1b: Amoonguss|[spread] p1b\n|-activate|p1a: Gastrodon|move: Protect\n|-damage|p1b: Amoonguss|41\/100\n|move|p2b: Minkia-Lu|Throat Chop|p1b: Amoonguss\n|-damage|p1b: Amoonguss|15\/100\n|-start|p1b: Amoonguss|Throat Chop|[silent]\n|-damage|p2b: Minkia-Lu|0 fnt|[from] item: Rocky Helmet|[of] p1b: Amoonguss\n|faint|p2b: Minkia-Lu\n|cant|p1b: Amoonguss|flinch\n|\n|-weather|Sandstorm|[upkeep]\n|-damage|p1b: Amoonguss|9\/100|[from] Sandstorm\n|-end|p1a: Gastrodon|Throat Chop|[silent]\n|upkeep\n|\n|t:|1681901461\n|switch|p2b: Amoonguss|Amoonguss, L50, F|100\/100\n|turn|13\n|\n|t:|1681901478\n|move|p2a: Tyranitar|Rock Slide|p1b: Amoonguss|[spread] p1a,p1b\n|-resisted|p1a: Gastrodon\n|-damage|p1a: Gastrodon|24\/100\n|-damage|p1b: Amoonguss|0 fnt\n|faint|p1b: Amoonguss\n|move|p1a: Gastrodon|Muddy Water|p2b: Amoonguss|[spread] p2a\n|-miss|p1a: Gastrodon|p2b: Amoonguss\n|-supereffective|p2a: Tyranitar\n|-damage|p2a: Tyranitar|31\/100\n|move|p2b: Amoonguss|Pollen Puff|p2a: Tyranitar\n|-heal|p2a: Tyranitar|81\/100\n|\n|-weather|Sandstorm|[upkeep]\n|-damage|p2b: Amoonguss|95\/100|[from] Sandstorm\n|upkeep\n|turn|14\n|\n|t:|1681901502\n|move|p2a: Tyranitar|Assurance|p1a: Gastrodon\n|-damage|p1a: Gastrodon|0 fnt\n|faint|p1a: Gastrodon\n|\n|win|Nutrius\n|raw|Xepher008's rating: 1166 → 1141<\/strong> (-25 for losing)\n|raw|Nutrius's rating: 1170 → 1195<\/strong> (+25 for winning)\n|l|\u2606Nutrius\n|l|\u2606Xepher008\n|j|\u2606Xepher008\n|player|p1|Xepher008|2\n","uploadtime":1681901563,"views":13,"p1id":"xepher008","p2id":"nutrius","formatid":"gen9vgc2023regulationc","rating":1141,"private":0,"password":""}