{"id":"gen9vgc2023regulationc-1854155198","p1":"454563456e","p2":"Lussokidogi","format":"[Gen 9] VGC 2023 Regulation C","log":"|j|\u2606454563456e\n|j|\u2606Lussokidogi\n|t:|1682777392\n|gametype|doubles\n|player|p1|454563456e|169|1480\n|player|p2|Lussokidogi|miriam|1527\n|teamsize|p1|6\n|teamsize|p2|6\n|gen|9\n|tier|[Gen 9] VGC 2023 Regulation C\n|rated|\n|rule|Species Clause: Limit one of each Pok\u00e9mon\n|rule|Item Clause: Limit one of each item\n|clearpoke\n|poke|p1|Scream Tail, L50|\n|poke|p1|Arcanine, L50, M|\n|poke|p1|Gothitelle, L50, F|\n|poke|p1|Flutter Mane, L50|\n|poke|p1|Azumarill, L50, M|\n|poke|p1|Kingambit, L50, M|\n|poke|p2|Flutter Mane, L50|\n|poke|p2|Chi-Yu, L50|\n|poke|p2|Tsareena, L50, F|\n|poke|p2|Palafin, L50, M|\n|poke|p2|Annihilape, L50, M|\n|poke|p2|Maushold-Four, L50|\n|teampreview|4\n|\n|t:|1682777435\n|start\n|switch|p1a: Flutter Mane|Flutter Mane, L50|100\/100\n|switch|p1b: Azumarill|Azumarill, L50, M|100\/100\n|switch|p2a: Annihilape|Annihilape, L50, M|100\/100\n|switch|p2b: Maushold|Maushold-Four, L50|100\/100\n|turn|1\n|inactive|Battle timer is ON: inactive players will automatically lose when time's up. (requested by 454563456e)\n|inactive|Lussokidogi has 60 seconds left.\n|\n|t:|1682777466\n|move|p2b: Maushold|Protect|p2b: Maushold\n|-singleturn|p2b: Maushold|Protect\n|move|p1a: Flutter Mane|Moonblast|p2a: Annihilape\n|-supereffective|p2a: Annihilape\n|-damage|p2a: Annihilape|43\/100\n|-unboost|p2a: Annihilape|spa|1\n|-ability|p2a: Annihilape|Defiant|boost\n|-boost|p2a: Annihilape|atk|2\n|-enditem|p2a: Annihilape|Sitrus Berry|[eat]\n|-heal|p2a: Annihilape|68\/100|[from] item: Sitrus Berry\n|move|p2a: Annihilape|Rage Fist|p1a: Flutter Mane\n|-supereffective|p1a: Flutter Mane\n|-damage|p1a: Flutter Mane|0 fnt\n|faint|p1a: Flutter Mane\n|-end|p1a: Flutter Mane|Protosynthesis|[silent]\n|move|p1b: Azumarill|Liquidation|p2a: Annihilape\n|-damage|p2a: Annihilape|33\/100\n|-unboost|p2a: Annihilape|def|1\n|-ability|p2a: Annihilape|Defiant|boost\n|-boost|p2a: Annihilape|atk|2\n|\n|upkeep\n|inactive|454563456e has 30 seconds left.\n|\n|t:|1682777493\n|switch|p1a: Arcanine|Arcanine, L50, M|100\/100\n|-ability|p1a: Arcanine|Intimidate|boost\n|-unboost|p2a: Annihilape|atk|1\n|-ability|p2a: Annihilape|Defiant|boost\n|-boost|p2a: Annihilape|atk|2\n|-unboost|p2b: Maushold|atk|1\n|turn|2\n|\n|t:|1682777507\n|move|p2b: Maushold|Follow Me|p2b: Maushold\n|-singleturn|p2b: Maushold|move: Follow Me\n|move|p1a: Arcanine|Flare Blitz|p2b: Maushold\n|-damage|p2b: Maushold|30\/100\n|-damage|p1a: Arcanine|79\/100|[from] Recoil\n|move|p2a: Annihilape|Drain Punch|p1a: Arcanine\n|-damage|p1a: Arcanine|0 fnt\n|-heal|p2a: Annihilape|68\/100|[from] drain|[of] p1a: Arcanine\n|faint|p1a: Arcanine\n|move|p1b: Azumarill|Liquidation|p2b: Maushold\n|-damage|p2b: Maushold|0 fnt\n|faint|p2b: Maushold\n|\n|upkeep\n|\n|t:|1682777521\n|switch|p2b: Samara|Flutter Mane, L50|100\/100\n|switch|p1a: Kingambit|Kingambit, L50, M|100\/100\n|-enditem|p2b: Samara|Booster Energy\n|-activate|p2b: Samara|ability: Protosynthesis|[fromitem]\n|-start|p2b: Samara|protosynthesisspe\n|turn|3\n|\n|t:|1682777542\n|-terastallize|p2b: Samara|Fairy\n|move|p1b: Azumarill|Aqua Jet|p2a: Annihilape\n|-damage|p2a: Annihilape|34\/100\n|move|p1a: Kingambit|Sucker Punch|p2a: Annihilape\n|-damage|p2a: Annihilape|0 fnt\n|faint|p2a: Annihilape\n|move|p2b: Samara|Moonblast|p1a: Kingambit\n|-damage|p1a: Kingambit|58\/100\n|\n|upkeep\n|\n|t:|1682777551\n|switch|p2a: Chi-Yu|Chi-Yu, L50|100\/100\n|-ability|p2a: Chi-Yu|Beads of Ruin\n|turn|4\n|\n|t:|1682777566\n|move|p2b: Samara|Moonblast|p1a: Kingambit\n|-damage|p1a: Kingambit|1\/100\n|move|p2a: Chi-Yu|Heat Wave|p1a: Kingambit|[spread] p1a,p1b\n|-supereffective|p1a: Kingambit\n|-resisted|p1b: Azumarill\n|-damage|p1a: Kingambit|0 fnt\n|-damage|p1b: Azumarill|75\/100\n|faint|p1a: Kingambit\n|move|p1b: Azumarill|Liquidation|p2a: Chi-Yu\n|-supereffective|p2a: Chi-Yu\n|-enditem|p2a: Chi-Yu|Focus Sash\n|-damage|p2a: Chi-Yu|1\/100\n|\n|upkeep\n|turn|5\n|\n|t:|1682777580\n|move|p2a: Chi-Yu|Protect|p2a: Chi-Yu\n|-singleturn|p2a: Chi-Yu|Protect\n|move|p1b: Azumarill|Protect|p1b: Azumarill\n|-singleturn|p1b: Azumarill|Protect\n|move|p2b: Samara|Moonblast|p1b: Azumarill\n|-activate|p1b: Azumarill|move: Protect\n|\n|upkeep\n|turn|6\n|\n|t:|1682777587\n|move|p2a: Chi-Yu|Protect||[still]\n|-fail|p2a: Chi-Yu\n|move|p1b: Azumarill|Aqua Jet|p2a: Chi-Yu\n|-supereffective|p2a: Chi-Yu\n|-damage|p2a: Chi-Yu|0 fnt\n|faint|p2a: Chi-Yu\n|move|p2b: Samara|Moonblast|p1b: Azumarill\n|-damage|p1b: Azumarill|10\/100\n|-enditem|p1b: Azumarill|Sitrus Berry|[eat]\n|-heal|p1b: Azumarill|34\/100|[from] item: Sitrus Berry\n|\n|upkeep\n|turn|7\n|\n|t:|1682777596\n|move|p1b: Azumarill|Aqua Jet|p2b: Samara\n|-damage|p2b: Samara|52\/100\n|move|p2b: Samara|Moonblast|p1b: Azumarill\n|-damage|p1b: Azumarill|0 fnt\n|faint|p1b: Azumarill\n|\n|win|Lussokidogi\n|raw|454563456e's rating: 1480 → 1463<\/strong> (-17 for losing)\n|raw|Lussokidogi's rating: 1527 → 1544<\/strong> (+17 for winning)\n|l|\u2606454563456e\n","uploadtime":1682777609,"views":21,"p1id":"454563456e","p2id":"lussokidogi","formatid":"gen9vgc2023regulationc","rating":1463,"private":0,"password":""}