{"id":"gen9vgc2023regulationc-1863677405","p1":"menglan","p2":"Deadhead Omega","format":"[Gen 9] VGC 2023 Regulation C","log":"|j|\u2606menglan\n|j|\u2606Deadhead Omega\n|t:|1684058087\n|gametype|doubles\n|player|p1|menglan|poppy|1120\n|player|p2|Deadhead Omega|benga|1183\n|teamsize|p1|6\n|teamsize|p2|6\n|gen|9\n|tier|[Gen 9] VGC 2023 Regulation C\n|rated|\n|rule|Species Clause: Limit one of each Pok\u00e9mon\n|rule|Item Clause: Limit one of each item\n|clearpoke\n|poke|p1|Maushold-Four, L50|\n|poke|p1|Annihilape, L50, F|\n|poke|p1|Lycanroc, L50, F|\n|poke|p1|Tyranitar, L50, F|\n|poke|p1|Indeedee-F, L50, F|\n|poke|p1|Flutter Mane, L50|\n|poke|p2|Baxcalibur, L50, M|\n|poke|p2|Amoonguss, L50, M|\n|poke|p2|Arcanine, L50, F|\n|poke|p2|Iron Valiant, L50|\n|poke|p2|Iron Bundle, L50|\n|poke|p2|Kingambit, L50, M|\n|teampreview|4\n|inactive|Battle timer is ON: inactive players will automatically lose when time's up. (requested by menglan)\n|\n|t:|1684058149\n|start\n|switch|p1a: Indeedee|Indeedee-F, L50, F, shiny|100\/100\n|switch|p1b: Flutter Mane|Flutter Mane, L50|100\/100\n|switch|p2a: Baxcalibur|Baxcalibur, L50, M|100\/100\n|switch|p2b: Iron Valiant|Iron Valiant, L50|100\/100\n|-fieldstart|move: Psychic Terrain|[from] ability: Psychic Surge|[of] p1a: Indeedee\n|-enditem|p1b: Flutter Mane|Booster Energy\n|-activate|p1b: Flutter Mane|ability: Protosynthesis|[fromitem]\n|-start|p1b: Flutter Mane|protosynthesisspa\n|turn|1\n|inactive|Deadhead Omega has 30 seconds left.\n|\n|t:|1684058179\n|-terastallize|p1b: Flutter Mane|Fairy\n|-terastallize|p2a: Baxcalibur|Poison\n|move|p2b: Iron Valiant|Protect|p2b: Iron Valiant\n|-singleturn|p2b: Iron Valiant|Protect\n|move|p1a: Indeedee|Follow Me|p1a: Indeedee\n|-singleturn|p1a: Indeedee|move: Follow Me\n|move|p1b: Flutter Mane|Dazzling Gleam|p2a: Baxcalibur|[spread] p2a\n|-activate|p2b: Iron Valiant|move: Protect\n|-resisted|p2a: Baxcalibur\n|-damage|p2a: Baxcalibur|85\/100\n|move|p2a: Baxcalibur|Icicle Crash|p1a: Indeedee\n|-damage|p1a: Indeedee|48\/100\n|\n|upkeep\n|turn|2\n|inactive|Deadhead Omega has 30 seconds left.\n|\n|t:|1684058205\n|-end|p2b: Iron Valiant|Quark Drive|[silent]\n|switch|p2b: Amoonguss|Amoonguss, L50, M|100\/100\n|move|p1a: Indeedee|Follow Me|p1a: Indeedee\n|-singleturn|p1a: Indeedee|move: Follow Me\n|move|p1b: Flutter Mane|Dazzling Gleam|p2b: Amoonguss|[spread] p2a,p2b\n|-resisted|p2a: Baxcalibur\n|-resisted|p2b: Amoonguss\n|-damage|p2a: Baxcalibur|71\/100\n|-damage|p2b: Amoonguss|80\/100\n|move|p2a: Baxcalibur|Glaive Rush|p1a: Indeedee\n|-damage|p1a: Indeedee|0 fnt\n|-singlemove|p2a: Baxcalibur|Glaive Rush|[silent]\n|faint|p1a: Indeedee\n|\n|upkeep\n|\n|t:|1684058223\n|switch|p1a: Tyranitar|Tyranitar, L50, F, shiny|100\/100\n|-weather|Sandstorm|[from] ability: Sand Stream|[of] p1a: Tyranitar\n|turn|3\n|\n|t:|1684058242\n|switch|p2a: Arcanine|Arcanine, L50, F|100\/100\n|-ability|p2a: Arcanine|Intimidate|boost\n|-unboost|p1a: Tyranitar|atk|1\n|-unboost|p1b: Flutter Mane|atk|1\n|move|p1a: Tyranitar|Protect|p1a: Tyranitar\n|-singleturn|p1a: Tyranitar|Protect\n|move|p1b: Flutter Mane|Substitute|p1b: Flutter Mane\n|-start|p1b: Flutter Mane|Substitute\n|-damage|p1b: Flutter Mane|76\/100\n|move|p2b: Amoonguss|Spore||[still]\n|-fail|p2b: Amoonguss\n|\n|-weather|Sandstorm|[upkeep]\n|-damage|p1b: Flutter Mane|70\/100|[from] Sandstorm\n|-damage|p2b: Amoonguss|74\/100|[from] Sandstorm\n|upkeep\n|turn|4\n|inactive|Deadhead Omega has 30 seconds left.\n|inactive|menglan has 30 seconds left.\n|inactive|Deadhead Omega has 20 seconds left.\n|inactive|Deadhead Omega has 15 seconds left.\n|\n|t:|1684058284\n|move|p2a: Arcanine|Protect|p2a: Arcanine\n|-singleturn|p2a: Arcanine|Protect\n|move|p1b: Flutter Mane|Shadow Ball|p2b: Amoonguss\n|-damage|p2b: Amoonguss|30\/100\n|-enditem|p2b: Amoonguss|Sitrus Berry|[eat]\n|-heal|p2b: Amoonguss|55\/100|[from] item: Sitrus Berry\n|move|p1a: Tyranitar|Rock Slide|p2a: Arcanine|[spread] p2b\n|-activate|p2a: Arcanine|move: Protect\n|-damage|p2b: Amoonguss|36\/100\n|move|p2b: Amoonguss|Spore|p1a: Tyranitar\n|-status|p1a: Tyranitar|slp|[from] move: Spore\n|\n|-weather|Sandstorm|[upkeep]\n|-damage|p1b: Flutter Mane|65\/100|[from] Sandstorm\n|-damage|p2b: Amoonguss|30\/100|[from] Sandstorm\n|upkeep\n|turn|5\n|\n|t:|1684058308\n|move|p1b: Flutter Mane|Shadow Ball|p2a: Arcanine\n|-damage|p2a: Arcanine|39\/100\n|move|p2a: Arcanine|Flare Blitz|p1b: Flutter Mane\n|-end|p1b: Flutter Mane|Substitute\n|-damage|p2a: Arcanine|33\/100|[from] Recoil|[of] p1b: Flutter Mane\n|cant|p1a: Tyranitar|slp\n|move|p2b: Amoonguss|Spore|p1b: Flutter Mane\n|-status|p1b: Flutter Mane|slp|[from] move: Spore\n|\n|-weather|Sandstorm|[upkeep]\n|-damage|p1b: Flutter Mane|59\/100 slp|[from] Sandstorm\n|-damage|p2b: Amoonguss|24\/100|[from] Sandstorm\n|-fieldend|move: Psychic Terrain\n|upkeep\n|turn|6\n|inactive|Deadhead Omega has 30 seconds left.\n|\n|t:|1684058338\n|-end|p1b: Flutter Mane|Protosynthesis|[silent]\n|switch|p1b: Lycanroc|Lycanroc, L50, F, shiny|100\/100\n|move|p2a: Arcanine|Flare Blitz|p1b: Lycanroc\n|-resisted|p1b: Lycanroc\n|-damage|p1b: Lycanroc|53\/100\n|-status|p1b: Lycanroc|brn\n|-damage|p2a: Arcanine|20\/100|[from] Recoil\n|-curestatus|p1a: Tyranitar|slp|[msg]\n|move|p1a: Tyranitar|Rock Slide|p2a: Arcanine|[spread] p2a,p2b\n|-supereffective|p2a: Arcanine\n|-damage|p2a: Arcanine|0 fnt\n|-damage|p2b: Amoonguss|6\/100\n|faint|p2a: Arcanine\n|cant|p2b: Amoonguss|flinch\n|\n|-weather|Sandstorm|[upkeep]\n|-damage|p2b: Amoonguss|0 fnt|[from] Sandstorm\n|faint|p2b: Amoonguss\n|-damage|p1b: Lycanroc|48\/100 brn|[from] brn\n|upkeep\n|\n|t:|1684058350\n|switch|p2a: Iron Valiant|Iron Valiant, L50|100\/100\n|switch|p2b: Baxcalibur|Baxcalibur, L50, M, tera:Poison|71\/100\n|turn|7\n|inactive|Deadhead Omega has 30 seconds left.\n|\n|t:|1684058384\n|switch|p1a: Flutter Mane|Flutter Mane, L50, tera:Fairy|59\/100 slp\n|move|p1b: Lycanroc|Endeavor|p2a: Iron Valiant\n|-damage|p2a: Iron Valiant|48\/100\n|move|p2a: Iron Valiant|Aura Sphere|p1b: Lycanroc\n|-supereffective|p1b: Lycanroc\n|-damage|p1b: Lycanroc|0 fnt\n|faint|p1b: Lycanroc\n|move|p2b: Baxcalibur|Breaking Swipe|p1a: Flutter Mane\n|-immune|p1a: Flutter Mane\n|\n|-weather|none\n|upkeep\n|\n|t:|1684058396\n|switch|p1b: Tyranitar|Tyranitar, L50, F, shiny|100\/100\n|-weather|Sandstorm|[from] ability: Sand Stream|[of] p1b: Tyranitar\n|turn|8\n|\n|t:|1684058417\n|move|p2b: Baxcalibur|Ice Shard|p1a: Flutter Mane\n|-damage|p1a: Flutter Mane|21\/100 slp\n|cant|p1a: Flutter Mane|slp\n|move|p2a: Iron Valiant|Aura Sphere|p1b: Tyranitar\n|-supereffective|p1b: Tyranitar\n|-damage|p1b: Tyranitar|6\/100\n|-enditem|p1b: Tyranitar|Weakness Policy\n|-boost|p1b: Tyranitar|atk|2|[from] item: Weakness Policy\n|-boost|p1b: Tyranitar|spa|2|[from] item: Weakness Policy\n|move|p1b: Tyranitar|Rock Slide|p2b: Baxcalibur|[spread] p2a,p2b\n|-resisted|p2a: Iron Valiant\n|-damage|p2a: Iron Valiant|7\/100\n|-damage|p2b: Baxcalibur|16\/100\n|\n|-weather|Sandstorm|[upkeep]\n|-damage|p1a: Flutter Mane|16\/100 slp|[from] Sandstorm\n|-damage|p2a: Iron Valiant|1\/100|[from] Sandstorm\n|-damage|p2b: Baxcalibur|10\/100|[from] Sandstorm\n|upkeep\n|turn|9\n|\n|t:|1684058441\n|cant|p1a: Flutter Mane|slp\n|move|p1b: Tyranitar|Protect|p1b: Tyranitar\n|-singleturn|p1b: Tyranitar|Protect\n|move|p2a: Iron Valiant|Destiny Bond|p2a: Iron Valiant\n|-singlemove|p2a: Iron Valiant|Destiny Bond\n|move|p2b: Baxcalibur|Breaking Swipe|p1a: Flutter Mane|[spread] \n|-activate|p1b: Tyranitar|move: Protect\n|-immune|p1a: Flutter Mane\n|\n|-weather|Sandstorm|[upkeep]\n|-damage|p1a: Flutter Mane|10\/100 slp|[from] Sandstorm\n|-damage|p2a: Iron Valiant|0 fnt|[from] Sandstorm\n|-damage|p2b: Baxcalibur|5\/100|[from] Sandstorm\n|faint|p2a: Iron Valiant\n|-end|p2a: Iron Valiant|Quark Drive|[silent]\n|upkeep\n|turn|10\n|\n|t:|1684058466\n|cant|p1a: Flutter Mane|slp\n|move|p2b: Baxcalibur|Ice Shard|p1b: Tyranitar\n|-damage|p1b: Tyranitar|0 fnt\n|faint|p1b: Tyranitar\n|\n|-weather|Sandstorm|[upkeep]\n|-damage|p1a: Flutter Mane|5\/100 slp|[from] Sandstorm\n|-damage|p2b: Baxcalibur|0 fnt|[from] Sandstorm\n|faint|p2b: Baxcalibur\n|\n|win|menglan\n|upkeep\n|raw|menglan's rating: 1120 → 1149<\/strong> (+29 for winning)\n|raw|Deadhead Omega's rating: 1183 → 1154<\/strong> (-29 for losing)\n|l|\u2606Deadhead Omega\n","uploadtime":1684058479,"views":9,"p1id":"menglan","p2id":"deadheadomega","formatid":"gen9vgc2023regulationc","rating":1149,"private":0,"password":""}