{"id":"gen9vgc2023regulationc-1854960855","p1":"awesome10billion","p2":"aquaarmor23","format":"[Gen 9] VGC 2023 Regulation C","log":"|j|\u2606awesome10billion\n|j|\u2606aquaarmor23\n|t:|1682885261\n|gametype|doubles\n|player|p1|awesome10billion|170|\n|player|p2|aquaarmor23|266|\n|teamsize|p1|6\n|teamsize|p2|6\n|gen|9\n|tier|[Gen 9] VGC 2023 Regulation C\n|rule|Species Clause: Limit one of each Pok\u00e9mon\n|rule|Item Clause: Limit one of each item\n|clearpoke\n|poke|p1|Iron Hands, L50|\n|poke|p1|Amoonguss, L50, F|\n|poke|p1|Pelipper, L50, M|\n|poke|p1|Palafin, L50, F|\n|poke|p1|Baxcalibur, L50, F|\n|poke|p1|Dragonite, L50, F|\n|poke|p2|Torkoal, L50, M|\n|poke|p2|Flutter Mane, L50|\n|poke|p2|Lilligant, L50, F|\n|poke|p2|Great Tusk, L50|\n|poke|p2|Iron Hands, L50|\n|poke|p2|Chien-Pao, L50|\n|teampreview|4\n|inactive|Battle timer is ON: inactive players will automatically lose when time's up. (requested by awesome10billion)\n|\n|t:|1682885287\n|start\n|switch|p1a: Amoonguss|Amoonguss, L50, F|100\/100\n|switch|p1b: Palafin|Palafin, L50, F|100\/100\n|switch|p2a: i like turtles|Torkoal, L50, M|100\/100\n|switch|p2b: flesh hands|Iron Hands, L50|100\/100\n|-weather|SunnyDay|[from] ability: Drought|[of] p2a: i like turtles\n|-enditem|p2b: flesh hands|Booster Energy\n|-activate|p2b: flesh hands|ability: Quark Drive|[fromitem]\n|-start|p2b: flesh hands|quarkdriveatk\n|turn|1\n|\n|t:|1682885307\n|detailschange|p1b: Palafin|Palafin-Hero, L50, F\n|switch|p1b: Pelipper|Pelipper, L50, M|100\/100\n|-weather|RainDance|[from] ability: Drizzle|[of] p1b: Pelipper\n|move|p2b: flesh hands|Fake Out|p1b: Pelipper\n|-damage|p1b: Pelipper|74\/100\n|move|p2a: i like turtles|Eruption|p1a: Amoonguss|[spread] p1a,p1b\n|-supereffective|p1a: Amoonguss\n|-resisted|p1b: Pelipper\n|-damage|p1a: Amoonguss|62\/100\n|-damage|p1b: Pelipper|53\/100\n|move|p1a: Amoonguss|Spore|p2a: i like turtles\n|-status|p2a: i like turtles|slp|[from] move: Spore\n|\n|-weather|RainDance|[upkeep]\n|upkeep\n|turn|2\n|\n|t:|1682885324\n|cant|p2a: i like turtles|slp\n|move|p1b: Pelipper|Hurricane|p2a: i like turtles\n|-damage|p2a: i like turtles|37\/100 slp\n|move|p2b: flesh hands|Wild Charge|p1b: Pelipper\n|-supereffective|p1b: Pelipper\n|-damage|p1b: Pelipper|0 fnt\n|faint|p1b: Pelipper\n|-damage|p2b: flesh hands|93\/100|[from] Recoil\n|move|p1a: Amoonguss|Spore|p2b: flesh hands\n|-status|p2b: flesh hands|slp|[from] move: Spore\n|\n|-weather|RainDance|[upkeep]\n|upkeep\n|\n|t:|1682885337\n|switch|p1b: Palafin|Palafin-Hero, L50, F|100\/100\n|-activate|p1b: Palafin|ability: Zero to Hero\n|turn|3\n|\n|t:|1682885354\n|-terastallize|p1b: Palafin|Water\n|cant|p2a: i like turtles|slp\n|move|p1b: Palafin|Wave Crash|p2b: flesh hands\n|-damage|p2b: flesh hands|0 fnt\n|faint|p2b: flesh hands\n|-end|p2b: flesh hands|Quark Drive|[silent]\n|-damage|p1b: Palafin|66\/100|[from] Recoil\n|move|p1a: Amoonguss|Pollen Puff|p1b: Palafin\n|-heal|p1b: Palafin|100\/100\n|\n|-weather|RainDance|[upkeep]\n|upkeep\n|\n|t:|1682885368\n|switch|p2b: hockey hair|Flutter Mane, L50|100\/100\n|turn|4\n|\n|t:|1682885378\n|switch|p2a: tusk|Great Tusk, L50|100\/100\n|move|p2b: hockey hair|Protect|p2b: hockey hair\n|-singleturn|p2b: hockey hair|Protect\n|move|p1a: Amoonguss|Rage Powder|p1a: Amoonguss\n|-singleturn|p1a: Amoonguss|move: Rage Powder\n|move|p1b: Palafin|Jet Punch|p2b: hockey hair\n|-activate|p2b: hockey hair|move: Protect\n|\n|-weather|RainDance|[upkeep]\n|upkeep\n|turn|5\n|inactive|aquaarmor23 has 30 seconds left.\n|\n|t:|1682885410\n|-end|p2b: hockey hair|Protosynthesis|[silent]\n|switch|p2b: i like turtles|Torkoal, L50, M|37\/100 slp\n|-weather|SunnyDay|[from] ability: Drought|[of] p2b: i like turtles\n|-activate|p2a: tusk|ability: Protosynthesis\n|-start|p2a: tusk|protosynthesisatk\n|move|p1a: Amoonguss|Rage Powder|p1a: Amoonguss\n|-singleturn|p1a: Amoonguss|move: Rage Powder\n|move|p1b: Palafin|Wave Crash|p2a: tusk\n|-supereffective|p2a: tusk\n|-damage|p2a: tusk|12\/100\n|-damage|p1b: Palafin|69\/100|[from] Recoil\n|move|p2a: tusk|Ice Spinner|p1a: Amoonguss\n|-supereffective|p1a: Amoonguss\n|-damage|p1a: Amoonguss|0 fnt\n|faint|p1a: Amoonguss\n|\n|-weather|SunnyDay|[upkeep]\n|upkeep\n|\n|t:|1682885424\n|switch|p1a: Baxcalibur|Baxcalibur, L50, F|100\/100\n|turn|6\n|\n|t:|1682885434\n|cant|p2b: i like turtles|slp\n|move|p1b: Palafin|Jet Punch|p2a: tusk\n|-supereffective|p2a: tusk\n|-damage|p2a: tusk|0 fnt\n|faint|p2a: tusk\n|-end|p2a: tusk|Protosynthesis|[silent]\n|move|p1a: Baxcalibur|Ice Shard|p2b: i like turtles\n|-resisted|p2b: i like turtles\n|-damage|p2b: i like turtles|27\/100 slp\n|\n|-weather|SunnyDay|[upkeep]\n|upkeep\n|\n|t:|1682885443\n|switch|p2a: hockey hair|Flutter Mane, L50|100\/100\n|-activate|p2a: hockey hair|ability: Protosynthesis\n|-start|p2a: hockey hair|protosynthesisspe\n|turn|7\n|\n|t:|1682885450\n|move|p2a: hockey hair|Protect|p2a: hockey hair\n|-singleturn|p2a: hockey hair|Protect\n|-curestatus|p2b: i like turtles|slp|[msg]\n|move|p2b: i like turtles|Protect|p2b: i like turtles\n|-singleturn|p2b: i like turtles|Protect\n|move|p1b: Palafin|Jet Punch|p2b: i like turtles\n|-activate|p2b: i like turtles|move: Protect\n|move|p1a: Baxcalibur|Icicle Crash|p2a: hockey hair\n|-activate|p2a: hockey hair|move: Protect\n|\n|-weather|SunnyDay|[upkeep]\n|upkeep\n|turn|8\n|\n|t:|1682885470\n|-terastallize|p2a: hockey hair|Fairy\n|move|p1b: Palafin|Jet Punch|p2b: i like turtles\n|-supereffective|p2b: i like turtles\n|-damage|p2b: i like turtles|0 fnt\n|faint|p2b: i like turtles\n|move|p2a: hockey hair|Moonblast|p1a: Baxcalibur\n|-supereffective|p1a: Baxcalibur\n|-damage|p1a: Baxcalibur|0 fnt\n|faint|p1a: Baxcalibur\n|-damage|p2a: hockey hair|90\/100|[from] item: Life Orb\n|\n|-weather|SunnyDay|[upkeep]\n|upkeep\n|turn|9\n|\n|t:|1682885484\n|move|p1b: Palafin|Protect|p1b: Palafin\n|-singleturn|p1b: Palafin|Protect\n|move|p2a: hockey hair|Moonblast|p1b: Palafin\n|-activate|p1b: Palafin|move: Protect\n|\n|-weather|SunnyDay|[upkeep]\n|upkeep\n|turn|10\n|\n|t:|1682885501\n|move|p1b: Palafin|Jet Punch|p2a: hockey hair\n|-damage|p2a: hockey hair|24\/100\n|move|p2a: hockey hair|Moonblast|p1b: Palafin\n|-damage|p1b: Palafin|0 fnt\n|faint|p1b: Palafin\n|-damage|p2a: hockey hair|14\/100|[from] item: Life Orb\n|\n|win|aquaarmor23\n|c|\u2606awesome10billion|gg\n|c|\u2606aquaarmor23|gg\n","uploadtime":1682885512,"views":9,"p1id":"awesome10billion","p2id":"aquaarmor23","formatid":"gen9vgc2023regulationc","rating":0,"private":0,"password":""}