{"id":"gen9vgc2023regulationc-1856280757","p1":"THE TENDER","p2":"Breakaway97","format":"[Gen 9] VGC 2023 Regulation C","log":"|j|\u203dTHE TENDER\n|j|\u2606Breakaway97\n|t:|1683047202\n|gametype|doubles\n|player|p1|THE TENDER|1|1393\n|player|p2|Breakaway97|cynthia-gen4|1469\n|teamsize|p1|6\n|teamsize|p2|6\n|gen|9\n|tier|[Gen 9] VGC 2023 Regulation C\n|rated|\n|rule|Species Clause: Limit one of each Pok\u00e9mon\n|rule|Item Clause: Limit one of each item\n|clearpoke\n|poke|p1|Indeedee, L50, M|\n|poke|p1|Scream Tail, L50|\n|poke|p1|Flutter Mane, L50|\n|poke|p1|Chien-Pao, L50|\n|poke|p1|Gyarados, L50, F|\n|poke|p1|Armarouge, L50, M|\n|poke|p2|Chien-Pao, L50|\n|poke|p2|Dragonite, L50, M|\n|poke|p2|Talonflame, L50, M|\n|poke|p2|Flutter Mane, L50|\n|poke|p2|Great Tusk, L50|\n|poke|p2|Iron Bundle, L50|\n|teampreview|4\n|inactive|Battle timer is ON: inactive players will automatically lose when time's up. (requested by THE TENDER)\n|inactive|THE TENDER has 60 seconds left.\n|\n|t:|1683047244\n|start\n|switch|p1a: Indeedee|Indeedee, L50, M|100\/100\n|switch|p1b: Scream Tail|Scream Tail, L50|100\/100\n|switch|p2a: Dragonite|Dragonite, L50, M|100\/100\n|switch|p2b: Chien-Pao|Chien-Pao, L50|100\/100\n|-ability|p2b: Chien-Pao|Sword of Ruin\n|-fieldstart|move: Psychic Terrain|[from] ability: Psychic Surge|[of] p1a: Indeedee\n|turn|1\n|\n|t:|1683047268\n|-terastallize|p2a: Dragonite|Normal\n|move|p1a: Indeedee|Protect|p1a: Indeedee\n|-singleturn|p1a: Indeedee|Protect\n|move|p2b: Chien-Pao|Throat Chop|p1a: Indeedee\n|-activate|p1a: Indeedee|move: Protect\n|move|p1b: Scream Tail|Thunder Wave|p2b: Chien-Pao\n|-status|p2b: Chien-Pao|par\n|move|p2a: Dragonite|Ice Spinner|p1b: Scream Tail\n|-damage|p1b: Scream Tail|54\/100\n|-fieldend|move: Psychic Terrain\n|\n|upkeep\n|turn|2\n|\n|t:|1683047289\n|switch|p1a: Gyarados|Gyarados, L50, F|100\/100\n|-ability|p1a: Gyarados|Intimidate|boost\n|-fail|p2a: Dragonite|unboost|Attack|[from] ability: Inner Focus|[of] p2a: Dragonite\n|-unboost|p2b: Chien-Pao|atk|1\n|move|p1b: Scream Tail|Reflect|p1b: Scream Tail\n|-sidestart|p1: THE TENDER|Reflect\n|move|p2a: Dragonite|Ice Spinner|p1b: Scream Tail\n|-damage|p1b: Scream Tail|20\/100\n|move|p2b: Chien-Pao|Throat Chop|p1a: Gyarados\n|-damage|p1a: Gyarados|74\/100\n|-start|p1a: Gyarados|Throat Chop|[silent]\n|\n|upkeep\n|turn|3\n|\n|t:|1683047311\n|switch|p2a: Iron Bundle|Iron Bundle, L50|100\/100\n|-enditem|p2a: Iron Bundle|Booster Energy\n|-activate|p2a: Iron Bundle|ability: Quark Drive|[fromitem]\n|-start|p2a: Iron Bundle|quarkdrivespe\n|move|p2b: Chien-Pao|Protect|p2b: Chien-Pao\n|-singleturn|p2b: Chien-Pao|Protect\n|move|p1b: Scream Tail|Thunder Wave|p2a: Iron Bundle\n|-status|p2a: Iron Bundle|par\n|move|p1a: Gyarados|Waterfall|p2b: Chien-Pao\n|-activate|p2b: Chien-Pao|move: Protect\n|\n|-end|p1a: Gyarados|Throat Chop|[silent]\n|upkeep\n|turn|4\n|inactive|THE TENDER has 30 seconds left.\n|\n|t:|1683047342\n|switch|p2b: Dragonite|Dragonite, L50, M, tera:Normal|100\/100\n|-terastallize|p1a: Gyarados|Steel\n|move|p1b: Scream Tail|Dazzling Gleam|p2b: Dragonite|[spread] p2a,p2b\n|-damage|p2a: Iron Bundle|74\/100 par\n|-damage|p2b: Dragonite|88\/100\n|move|p2a: Iron Bundle|Encore|p1b: Scream Tail\n|-start|p1b: Scream Tail|Encore\n|move|p1a: Gyarados|Icy Wind|p2b: Dragonite|[spread] p2a,p2b\n|-resisted|p2a: Iron Bundle\n|-damage|p2a: Iron Bundle|72\/100 par\n|-damage|p2b: Dragonite|83\/100\n|-unboost|p2a: Iron Bundle|spe|1\n|-unboost|p2b: Dragonite|spe|1\n|\n|upkeep\n|turn|5\n|inactive|Breakaway97 has 30 seconds left.\n|inactive|Breakaway97 has 20 seconds left.\n|\n|t:|1683047377\n|move|p2b: Dragonite|Extreme Speed|p1b: Scream Tail\n|-damage|p1b: Scream Tail|0 fnt\n|faint|p1b: Scream Tail\n|-end|p1b: Scream Tail|Protosynthesis|[silent]\n|move|p1a: Gyarados|Thunder Wave|p2b: Dragonite\n|-status|p2b: Dragonite|par\n|move|p2a: Iron Bundle|Encore|p1a: Gyarados\n|-start|p1a: Gyarados|Encore\n|\n|upkeep\n|\n|t:|1683047391\n|switch|p1b: Flutter Mane|Flutter Mane, L50|100\/100\n|-enditem|p1b: Flutter Mane|Booster Energy\n|-activate|p1b: Flutter Mane|ability: Protosynthesis|[fromitem]\n|-start|p1b: Flutter Mane|protosynthesisspa\n|turn|6\n|\n|t:|1683047408\n|switch|p1a: Indeedee|Indeedee, L50, M|100\/100\n|-fieldstart|move: Psychic Terrain|[from] ability: Psychic Surge|[of] p1a: Indeedee\n|move|p2b: Dragonite|Extreme Speed|p1a: Indeedee\n|-activate|p1a: Indeedee|move: Psychic Terrain\n|move|p1b: Flutter Mane|Dazzling Gleam|p2b: Dragonite|[spread] p2a,p2b\n|-damage|p2a: Iron Bundle|3\/100 par\n|-damage|p2b: Dragonite|43\/100 par\n|move|p2a: Iron Bundle|Freeze-Dry|p1b: Flutter Mane\n|-damage|p1b: Flutter Mane|73\/100\n|\n|-sideend|p1: THE TENDER|Reflect\n|upkeep\n|turn|7\n|inactive|THE TENDER has 30 seconds left.\n|\n|t:|1683047435\n|move|p2b: Dragonite|Extreme Speed|p1a: Indeedee\n|-activate|p1a: Indeedee|move: Psychic Terrain\n|move|p1b: Flutter Mane|Dazzling Gleam|p2b: Dragonite|[spread] p2a,p2b\n|-crit|p2a: Iron Bundle\n|-damage|p2a: Iron Bundle|0 fnt\n|-damage|p2b: Dragonite|4\/100 par\n|faint|p2a: Iron Bundle\n|-end|p2a: Iron Bundle|Quark Drive|[silent]\n|move|p1a: Indeedee|Psychic|p2b: Dragonite\n|-damage|p2b: Dragonite|0 fnt\n|faint|p2b: Dragonite\n|-damage|p1a: Indeedee|91\/100|[from] item: Life Orb\n|\n|upkeep\n|\n|t:|1683047449\n|switch|p2a: Flutter Mane|Flutter Mane, L50|100\/100\n|switch|p2b: Chien-Pao|Chien-Pao, L50|100\/100 par\n|-ability|p2b: Chien-Pao|Sword of Ruin\n|turn|8\n|inactive|THE TENDER has 30 seconds left.\n|inactive|THE TENDER has 20 seconds left.\n|inactive|Breakaway97 has 30 seconds left.\n|inactive|THE TENDER has 15 seconds left.\n|\n|t:|1683047492\n|-end|p1b: Flutter Mane|Protosynthesis|[silent]\n|switch|p1b: Gyarados|Gyarados, L50, F, tera:Steel|74\/100\n|-ability|p1b: Gyarados|Intimidate|boost\n|-unboost|p2a: Flutter Mane|atk|1\n|-unboost|p2b: Chien-Pao|atk|1\n|move|p2b: Chien-Pao|Protect|p2b: Chien-Pao\n|-singleturn|p2b: Chien-Pao|Protect\n|move|p2a: Flutter Mane|Shadow Ball|p1b: Gyarados\n|-damage|p1b: Gyarados|14\/100\n|-unboost|p1b: Gyarados|spd|1\n|-enditem|p1b: Gyarados|Sitrus Berry|[eat]\n|-heal|p1b: Gyarados|39\/100|[from] item: Sitrus Berry\n|move|p1a: Indeedee|Trick Room|p1a: Indeedee\n|-fieldstart|move: Trick Room|[of] p1a: Indeedee\n|\n|upkeep\n|turn|9\n|inactive|THE TENDER has 30 seconds left.\n|inactive|Breakaway97 has 30 seconds left.\n|inactive|THE TENDER has 20 seconds left.\n|\n|t:|1683047531\n|move|p1a: Indeedee|Protect|p1a: Indeedee\n|-singleturn|p1a: Indeedee|Protect\n|move|p2b: Chien-Pao|Throat Chop|p1a: Indeedee\n|-activate|p1a: Indeedee|move: Protect\n|move|p1b: Gyarados|Waterfall|p2b: Chien-Pao\n|-damage|p2b: Chien-Pao|52\/100 par\n|move|p2a: Flutter Mane|Shadow Ball|p1b: Gyarados\n|-damage|p1b: Gyarados|0 fnt\n|faint|p1b: Gyarados\n|\n|upkeep\n|\n|t:|1683047545\n|switch|p1b: Flutter Mane|Flutter Mane, L50|73\/100\n|turn|10\n|inactive|Breakaway97 has 30 seconds left.\n|inactive|Breakaway97 has 20 seconds left.\n|inactive|Breakaway97 has 15 seconds left.\n|inactive|Breakaway97 has 10 seconds left.\n|inactive|Breakaway97 has 5 seconds left.\n|\n|t:|1683047597\n|move|p2b: Chien-Pao|Protect|p2b: Chien-Pao\n|-singleturn|p2b: Chien-Pao|Protect\n|move|p1a: Indeedee|Protect|p1a: Indeedee\n|-singleturn|p1a: Indeedee|Protect\n|move|p1b: Flutter Mane|Shadow Ball|p2a: Flutter Mane\n|-supereffective|p2a: Flutter Mane\n|-damage|p2a: Flutter Mane|19\/100\n|move|p2a: Flutter Mane|Shadow Ball|p1b: Flutter Mane\n|-supereffective|p1b: Flutter Mane\n|-damage|p1b: Flutter Mane|0 fnt\n|faint|p1b: Flutter Mane\n|-end|p1b: Flutter Mane|Protosynthesis|[silent]\n|\n|-fieldend|move: Psychic Terrain\n|upkeep\n|turn|11\n|\n|t:|1683047617\n|move|p2b: Chien-Pao|Throat Chop|p1a: Indeedee\n|-supereffective|p1a: Indeedee\n|-crit|p1a: Indeedee\n|-damage|p1a: Indeedee|0 fnt\n|faint|p1a: Indeedee\n|\n|win|Breakaway97\n|raw|THE TENDER's rating: 1393 → 1377<\/strong> (-16 for losing)\n|raw|Breakaway97's rating: 1469 → 1485<\/strong> (+16 for winning)\n|l|\u203dTHE TENDER\n|c|\u2606Breakaway97|GG\n","uploadtime":1683047631,"views":7,"p1id":"thetender","p2id":"breakaway97","formatid":"gen9vgc2023regulationc","rating":1377,"private":0,"password":""}