{"id":"gen9vgc2023regulationc-1845844970","p1":"KingTerry777","p2":"Keveloper","format":"[Gen 9] VGC 2023 Regulation C","log":"|j|\u2606KingTerry777\n|j|\u2606Keveloper\n|t:|1681770624\n|gametype|doubles\n|player|p1|KingTerry777|veteran|1343\n|player|p2|Keveloper|ash|1357\n|teamsize|p1|6\n|teamsize|p2|6\n|gen|9\n|tier|[Gen 9] VGC 2023 Regulation C\n|rated|\n|rule|Species Clause: Limit one of each Pok\u00e9mon\n|rule|Item Clause: Limit one of each item\n|clearpoke\n|poke|p1|Amoonguss, L50, M|\n|poke|p1|Arcanine, L50, M|\n|poke|p1|Flutter Mane, L50|\n|poke|p1|Palafin, L50, F|\n|poke|p1|Gholdengo, L50|\n|poke|p1|Iron Bundle, L50|\n|poke|p2|Orthworm, L50, M|\n|poke|p2|Dragonite, L50, F|\n|poke|p2|Ting-Lu, L50|\n|poke|p2|Gyarados, L50, M|\n|poke|p2|Flutter Mane, L50|\n|poke|p2|Chien-Pao, L50|\n|teampreview|4\n|inactive|Battle timer is ON: inactive players will automatically lose when time's up. (requested by KingTerry777)\n|inactive|Keveloper has 60 seconds left.\n|\n|t:|1681770668\n|start\n|switch|p1a: Iron Bundle|Iron Bundle, L50|100\/100\n|switch|p1b: Gholdengo|Gholdengo, L50|100\/100\n|switch|p2a: Orthworm|Orthworm, L50, M|100\/100\n|switch|p2b: Ting-Lu|Ting-Lu, L50|100\/100\n|-ability|p2b: Ting-Lu|Vessel of Ruin\n|turn|1\n|\n|t:|1681770688\n|-end|p1a: Iron Bundle|Quark Drive|[silent]\n|switch|p1a: Arcanine|Arcanine, L50, M|100\/100\n|-ability|p1a: Arcanine|Intimidate|boost\n|-unboost|p2a: Orthworm|atk|1\n|-unboost|p2b: Ting-Lu|atk|1\n|-terastallize|p1b: Gholdengo|Water\n|move|p1b: Gholdengo|Nasty Plot|p1b: Gholdengo\n|-boost|p1b: Gholdengo|spa|2\n|move|p2b: Ting-Lu|Bulldoze|p1a: Arcanine|[spread] p1a,p1b\n|-immune|p2a: Orthworm|[from] ability: Earth Eater\n|-supereffective|p1a: Arcanine\n|-damage|p1a: Arcanine|60\/100\n|-damage|p1b: Gholdengo|82\/100\n|-unboost|p1a: Arcanine|spe|1\n|-unboost|p1b: Gholdengo|spe|1\n|move|p2a: Orthworm|Body Press|p1a: Arcanine\n|-damage|p1a: Arcanine|32\/100\n|\n|upkeep\n|turn|2\n|\n|t:|1681770708\n|switch|p1a: Amoonguss|Amoonguss, L50, M|100\/100\n|move|p2b: Ting-Lu|Bulldoze|p1b: Gholdengo|[spread] p1a,p1b\n|-immune|p2a: Orthworm|[from] ability: Earth Eater\n|-damage|p1a: Amoonguss|82\/100\n|-damage|p1b: Gholdengo|63\/100\n|-unboost|p1a: Amoonguss|spe|1\n|-unboost|p1b: Gholdengo|spe|1\n|move|p2a: Orthworm|Shed Tail|p2a: Orthworm\n|-start|p2a: Orthworm|Substitute|[from] move: Shed Tail\n|-damage|p2a: Orthworm|50\/100\n|-enditem|p2a: Orthworm|Sitrus Berry|[eat]\n|-heal|p2a: Orthworm|75\/100|[from] item: Sitrus Berry\n|\n|t:|1681770719\n|switch|p2a: Dragonite|Dragonite, L50, F|100\/100|[from] Shed Tail\n|move|p1b: Gholdengo|Nasty Plot|p1b: Gholdengo\n|-boost|p1b: Gholdengo|spa|2\n|\n|upkeep\n|turn|3\n|\n|t:|1681770740\n|move|p2a: Dragonite|Dragon Dance|p2a: Dragonite\n|-boost|p2a: Dragonite|atk|1\n|-boost|p2a: Dragonite|spe|1\n|move|p2b: Ting-Lu|Bulldoze|p1b: Gholdengo|[spread] p1a,p1b\n|-immune|p2a: Dragonite\n|-damage|p1a: Amoonguss|64\/100\n|-damage|p1b: Gholdengo|43\/100\n|-unboost|p1a: Amoonguss|spe|1\n|-unboost|p1b: Gholdengo|spe|1\n|move|p1b: Gholdengo|Make It Rain|p2a: Dragonite|[spread] p2a,p2b\n|-end|p2a: Dragonite|Substitute\n|-damage|p2b: Ting-Lu|0 fnt\n|-unboost|p1b: Gholdengo|spa|1\n|faint|p2b: Ting-Lu\n|-damage|p1b: Gholdengo|33\/100|[from] item: Life Orb\n|move|p1a: Amoonguss|Pollen Puff|p1b: Gholdengo\n|-heal|p1b: Gholdengo|83\/100\n|\n|upkeep\n|\n|t:|1681770760\n|switch|p2b: Chien-Pao|Chien-Pao, L50|100\/100\n|-ability|p2b: Chien-Pao|Sword of Ruin\n|turn|4\n|\n|t:|1681770771\n|move|p2b: Chien-Pao|Protect|p2b: Chien-Pao\n|-singleturn|p2b: Chien-Pao|Protect\n|move|p1a: Amoonguss|Rage Powder|p1a: Amoonguss\n|-singleturn|p1a: Amoonguss|move: Rage Powder\n|move|p2a: Dragonite|Earthquake|p1b: Gholdengo|[spread] p1a,p1b\n|-activate|p2b: Chien-Pao|move: Protect\n|-damage|p1a: Amoonguss|24\/100\n|-damage|p1b: Gholdengo|37\/100\n|-enditem|p1a: Amoonguss|Sitrus Berry|[eat]\n|-heal|p1a: Amoonguss|49\/100|[from] item: Sitrus Berry\n|move|p1b: Gholdengo|Make It Rain|p2a: Dragonite|[spread] p2a\n|-activate|p2b: Chien-Pao|move: Protect\n|-damage|p2a: Dragonite|6\/100\n|-unboost|p1b: Gholdengo|spa|1\n|-damage|p1b: Gholdengo|27\/100|[from] item: Life Orb\n|\n|upkeep\n|turn|5\n|\n|t:|1681770792\n|switch|p2b: Orthworm|Orthworm, L50, M|75\/100\n|move|p1b: Gholdengo|Protect|p1b: Gholdengo\n|-singleturn|p1b: Gholdengo|Protect\n|move|p2a: Dragonite|Earthquake|p1a: Amoonguss|[spread] p1a\n|-activate|p1b: Gholdengo|move: Protect\n|-heal|p2b: Orthworm|100\/100|[from] ability: Earth Eater|[of] p2a: Dragonite\n|-damage|p1a: Amoonguss|14\/100\n|move|p1a: Amoonguss|Spore|p2b: Orthworm\n|-status|p2b: Orthworm|slp|[from] move: Spore\n|\n|upkeep\n|turn|6\n|inactive|KingTerry777 has 30 seconds left.\n|\n|t:|1681770819\n|move|p1b: Gholdengo|Protect|p1b: Gholdengo\n|-singleturn|p1b: Gholdengo|Protect\n|move|p2a: Dragonite|Earthquake|p1b: Gholdengo|[spread] p1a\n|-activate|p1b: Gholdengo|move: Protect\n|-immune|p2b: Orthworm|[from] ability: Earth Eater\n|-damage|p1a: Amoonguss|0 fnt\n|faint|p1a: Amoonguss\n|cant|p2b: Orthworm|slp\n|\n|upkeep\n|\n|t:|1681770823\n|switch|p1a: Arcanine|Arcanine, L50, M|32\/100\n|-ability|p1a: Arcanine|Intimidate|boost\n|-unboost|p2a: Dragonite|atk|1\n|-unboost|p2b: Orthworm|atk|1\n|turn|7\n|\n|t:|1681770837\n|move|p2a: Dragonite|Extreme Speed|p1b: Gholdengo\n|-damage|p1b: Gholdengo|0 fnt\n|faint|p1b: Gholdengo\n|move|p1a: Arcanine|Extreme Speed|p2a: Dragonite\n|-damage|p2a: Dragonite|0 fnt\n|faint|p2a: Dragonite\n|-curestatus|p2b: Orthworm|slp|[msg]\n|move|p2b: Orthworm|Body Press|p1a: Arcanine\n|-damage|p1a: Arcanine|4\/100\n|\n|upkeep\n|\n|t:|1681770845\n|switch|p2a: Chien-Pao|Chien-Pao, L50|100\/100\n|switch|p1b: Iron Bundle|Iron Bundle, L50|100\/100\n|-ability|p2a: Chien-Pao|Sword of Ruin\n|turn|8\n|-message|KingTerry777 forfeited.\n|\n|win|Keveloper\n|raw|KingTerry777's rating: 1343 → 1324<\/strong> (-19 for losing)\n|raw|Keveloper's rating: 1357 → 1376<\/strong> (+19 for winning)\n|l|\u2606KingTerry777\n","uploadtime":1681770856,"views":7,"p1id":"kingterry777","p2id":"keveloper","formatid":"gen9vgc2023regulationc","rating":1324,"private":0,"password":""}