{"id":"gen9vgc2023regulationc-1863002297","p1":"The Dreaded Knight","p2":"Jaystorm027","format":"[Gen 9] VGC 2023 Regulation C","log":"|j|\u2606The Dreaded Knight\n|j|\u2606Jaystorm027\n|t:|1683950473\n|gametype|doubles\n|player|p1|The Dreaded Knight|piers|1391\n|player|p2|Jaystorm027|pokemonranger-gen4|1280\n|teamsize|p1|6\n|teamsize|p2|6\n|gen|9\n|tier|[Gen 9] VGC 2023 Regulation C\n|rated|\n|rule|Species Clause: Limit one of each Pok\u00e9mon\n|rule|Item Clause: Limit one of each item\n|clearpoke\n|poke|p1|Quaquaval, L50, M|\n|poke|p1|Arcanine, L50, F|\n|poke|p1|Chien-Pao, L50|\n|poke|p1|Amoonguss, L50, F|\n|poke|p1|Flutter Mane, L50|\n|poke|p1|Dragonite, L50, F|\n|poke|p2|Grimmsnarl, L50, M|\n|poke|p2|Ting-Lu, L50|\n|poke|p2|Annihilape, L50, F|\n|poke|p2|Roaring Moon, L50|\n|poke|p2|Amoonguss, L50, M|\n|poke|p2|Iron Moth, L50|\n|teampreview|4\n|c|\u2606Jaystorm027|Gl hf\n|c|\u2606The Dreaded Knight|u2\n|inactive|Battle timer is ON: inactive players will automatically lose when time's up. (requested by Jaystorm027)\n|c|\u2606Jaystorm027|Thank you!\n|\n|t:|1683950529\n|start\n|switch|p1a: Flutter Mane|Flutter Mane, L50, shiny|100\/100\n|switch|p1b: Dragonite|Dragonite, L50, F, shiny|100\/100\n|switch|p2a: Grimmsnarl|Grimmsnarl, L50, M, shiny|100\/100\n|switch|p2b: Iron Moth|Iron Moth, L50|100\/100\n|-enditem|p1a: Flutter Mane|Booster Energy\n|-activate|p1a: Flutter Mane|ability: Protosynthesis|[fromitem]\n|-start|p1a: Flutter Mane|protosynthesisspe\n|turn|1\n|\n|t:|1683950542\n|move|p1a: Flutter Mane|Protect|p1a: Flutter Mane\n|-singleturn|p1a: Flutter Mane|Protect\n|move|p2a: Grimmsnarl|Light Screen|p2a: Grimmsnarl\n|-sidestart|p2: Jaystorm027|move: Light Screen\n|move|p2b: Iron Moth|Acid Spray|p1a: Flutter Mane\n|-activate|p1a: Flutter Mane|move: Protect\n|move|p1b: Dragonite|Tailwind|p1b: Dragonite\n|-sidestart|p1: The Dreaded Knight|move: Tailwind\n|\n|upkeep\n|turn|2\n|inactive|The Dreaded Knight has 30 seconds left.\n|inactive|Jaystorm027 has 30 seconds left.\n|\n|t:|1683950575\n|-terastallize|p1b: Dragonite|Flying\n|move|p2a: Grimmsnarl|Parting Shot|p1a: Flutter Mane\n|-unboost|p1a: Flutter Mane|atk|1\n|-unboost|p1a: Flutter Mane|spa|1\n|\n|t:|1683950584\n|switch|p2a: Roaring Moon|Roaring Moon, L50, shiny|100\/100|[from] Parting Shot\n|-enditem|p2a: Roaring Moon|Booster Energy\n|-activate|p2a: Roaring Moon|ability: Protosynthesis|[fromitem]\n|-start|p2a: Roaring Moon|protosynthesisspe\n|move|p1a: Flutter Mane|Shadow Ball|p2b: Iron Moth\n|-damage|p2b: Iron Moth|79\/100\n|move|p1b: Dragonite|Tera Blast|p2b: Iron Moth\n|-damage|p2b: Iron Moth|0 fnt\n|faint|p2b: Iron Moth\n|-end|p2b: Iron Moth|Quark Drive|[silent]\n|\n|upkeep\n|l|\u2606Jaystorm027\n|inactive|Jaystorm027 disconnected and has a minute to reconnect!\n|player|p2|\n|j|\u2606Jaystorm027\n|inactive|Jaystorm027 reconnected and has 45 seconds left.\n|player|p2|Jaystorm027|pokemonranger-gen4\n|\n|t:|1683950602\n|switch|p2b: Grimmsnarl|Grimmsnarl, L50, M, shiny|100\/100\n|turn|3\n|\n|t:|1683950615\n|switch|p1b: Arcanine|Arcanine, L50, F, shiny|100\/100\n|-ability|p1b: Arcanine|Intimidate|boost\n|-unboost|p2a: Roaring Moon|atk|1\n|-unboost|p2b: Grimmsnarl|atk|1\n|-terastallize|p2a: Roaring Moon|Flying\n|move|p2b: Grimmsnarl|Reflect|p2b: Grimmsnarl\n|-sidestart|p2: Jaystorm027|Reflect\n|move|p1a: Flutter Mane|Icy Wind|p2b: Grimmsnarl|[spread] p2a,p2b\n|-supereffective|p2a: Roaring Moon\n|-crit|p2a: Roaring Moon\n|-crit|p2b: Grimmsnarl\n|-damage|p2a: Roaring Moon|56\/100\n|-damage|p2b: Grimmsnarl|81\/100\n|-unboost|p2a: Roaring Moon|spe|1\n|-unboost|p2b: Grimmsnarl|spe|1\n|move|p2a: Roaring Moon|Acrobatics|p1a: Flutter Mane\n|-damage|p1a: Flutter Mane|26\/100\n|\n|upkeep\n|turn|4\n|inactive|The Dreaded Knight has 30 seconds left.\n|\n|t:|1683950645\n|move|p1b: Arcanine|Extreme Speed|p2a: Roaring Moon\n|-damage|p2a: Roaring Moon|39\/100\n|move|p2b: Grimmsnarl|Parting Shot|p1a: Flutter Mane\n|-unboost|p1a: Flutter Mane|atk|1\n|-unboost|p1a: Flutter Mane|spa|1\n|\n|t:|1683950651\n|switch|p2b: Annihilape|Annihilape, L50, F|100\/100|[from] Parting Shot\n|move|p1a: Flutter Mane|Icy Wind|p2a: Roaring Moon|[spread] p2a,p2b\n|-supereffective|p2a: Roaring Moon\n|-damage|p2a: Roaring Moon|28\/100\n|-damage|p2b: Annihilape|96\/100\n|-unboost|p2a: Roaring Moon|spe|1\n|-unboost|p2b: Annihilape|spe|1\n|-ability|p2b: Annihilape|Defiant|boost\n|-boost|p2b: Annihilape|atk|2\n|move|p2a: Roaring Moon|Acrobatics|p1a: Flutter Mane\n|-damage|p1a: Flutter Mane|0 fnt\n|faint|p1a: Flutter Mane\n|-end|p1a: Flutter Mane|Protosynthesis|[silent]\n|\n|-heal|p2b: Annihilape|100\/100|[from] item: Leftovers\n|-sideend|p1: The Dreaded Knight|move: Tailwind\n|upkeep\n|\n|t:|1683950663\n|switch|p1a: Dragonite|Dragonite, L50, F, shiny, tera:Flying|100\/100\n|turn|5\n|\n|t:|1683950669\n|switch|p1b: Chien-Pao|Chien-Pao, L50|100\/100\n|-ability|p1b: Chien-Pao|Sword of Ruin\n|-end|p2a: Roaring Moon|Protosynthesis|[silent]\n|switch|p2a: Grimmsnarl|Grimmsnarl, L50, M, shiny|81\/100\n|move|p2b: Annihilape|Protect|p2b: Annihilape\n|-singleturn|p2b: Annihilape|Protect\n|move|p1a: Dragonite|Tera Blast|p2b: Annihilape\n|-activate|p2b: Annihilape|move: Protect\n|\n|upkeep\n|turn|6\n|\n|t:|1683950691\n|move|p1b: Chien-Pao|Protect|p1b: Chien-Pao\n|-singleturn|p1b: Chien-Pao|Protect\n|move|p2a: Grimmsnarl|Parting Shot|p1a: Dragonite\n|-unboost|p1a: Dragonite|atk|1\n|-unboost|p1a: Dragonite|spa|1\n|\n|t:|1683950694\n|switch|p2a: Roaring Moon|Roaring Moon, L50, shiny, tera:Flying|28\/100|[from] Parting Shot\n|move|p1a: Dragonite|Tera Blast|p2b: Annihilape\n|-supereffective|p2b: Annihilape\n|-damage|p2b: Annihilape|34\/100\n|move|p2b: Annihilape|Drain Punch|p1b: Chien-Pao\n|-activate|p1b: Chien-Pao|move: Protect\n|\n|-heal|p2b: Annihilape|40\/100|[from] item: Leftovers\n|upkeep\n|turn|7\n|inactive|The Dreaded Knight has 30 seconds left.\n|inactive|The Dreaded Knight has 20 seconds left.\n|inactive|The Dreaded Knight has 15 seconds left.\n|\n|t:|1683950747\n|switch|p2b: Grimmsnarl|Grimmsnarl, L50, M, shiny|81\/100\n|move|p1b: Chien-Pao|Haze|p1b: Chien-Pao\n|-clearallboost\n|move|p2a: Roaring Moon|Acrobatics|p1a: Dragonite\n|-damage|p1a: Dragonite|62\/100\n|move|p1a: Dragonite|Tera Blast|p2a: Roaring Moon\n|-damage|p2a: Roaring Moon|0 fnt\n|faint|p2a: Roaring Moon\n|-end|p2a: Roaring Moon|Protosynthesis|[silent]\n|\n|upkeep\n|\n|t:|1683950748\n|switch|p2a: Annihilape|Annihilape, L50, F|40\/100\n|turn|8\n|\n|t:|1683950772\n|move|p2a: Annihilape|Protect|p2a: Annihilape\n|-singleturn|p2a: Annihilape|Protect\n|move|p1b: Chien-Pao|Haze|p1b: Chien-Pao\n|-clearallboost\n|move|p1a: Dragonite|Tera Blast|p2a: Annihilape\n|-activate|p2a: Annihilape|move: Protect\n|move|p2b: Grimmsnarl|Spirit Break|p1b: Chien-Pao\n|-supereffective|p1b: Chien-Pao\n|-damage|p1b: Chien-Pao|14\/100\n|-unboost|p1b: Chien-Pao|spa|1\n|\n|-heal|p2a: Annihilape|46\/100|[from] item: Leftovers\n|-sideend|p2: Jaystorm027|move: Light Screen\n|upkeep\n|turn|9\n|\n|t:|1683950795\n|move|p1b: Chien-Pao|Protect|p1b: Chien-Pao\n|-singleturn|p1b: Chien-Pao|Protect\n|move|p2b: Grimmsnarl|Parting Shot|p1a: Dragonite\n|-unboost|p1a: Dragonite|atk|1\n|-unboost|p1a: Dragonite|spa|1\n|move|p2a: Annihilape|Rage Fist|p1a: Dragonite\n|-damage|p1a: Dragonite|0 fnt\n|faint|p1a: Dragonite\n|\n|-heal|p2a: Annihilape|52\/100|[from] item: Leftovers\n|upkeep\n|\n|t:|1683950804\n|switch|p1a: Arcanine|Arcanine, L50, F, shiny|100\/100\n|-ability|p1a: Arcanine|Intimidate|boost\n|-unboost|p2a: Annihilape|atk|1\n|-ability|p2a: Annihilape|Defiant|boost\n|-boost|p2a: Annihilape|atk|2\n|-unboost|p2b: Grimmsnarl|atk|1\n|turn|10\n|inactive|The Dreaded Knight has 30 seconds left.\n|inactive|The Dreaded Knight has 20 seconds left.\n|inactive|The Dreaded Knight has 15 seconds left.\n|\n|t:|1683950848\n|move|p2a: Annihilape|Protect|p2a: Annihilape\n|-singleturn|p2a: Annihilape|Protect\n|move|p1b: Chien-Pao|Haze|p1b: Chien-Pao\n|-clearallboost\n|move|p1a: Arcanine|Will-O-Wisp|p2a: Annihilape\n|-activate|p2a: Annihilape|move: Protect\n|move|p2b: Grimmsnarl|Spirit Break|p1b: Chien-Pao\n|-supereffective|p1b: Chien-Pao\n|-damage|p1b: Chien-Pao|0 fnt\n|faint|p1b: Chien-Pao\n|\n|-heal|p2a: Annihilape|58\/100|[from] item: Leftovers\n|-sideend|p2: Jaystorm027|Reflect\n|upkeep\n|turn|11\n|\n|t:|1683950865\n|move|p2b: Grimmsnarl|Reflect|p2b: Grimmsnarl\n|-sidestart|p2: Jaystorm027|Reflect\n|move|p1a: Arcanine|Flare Blitz|p2a: Annihilape\n|-damage|p2a: Annihilape|26\/100\n|-damage|p1a: Arcanine|89\/100|[from] Recoil\n|move|p2a: Annihilape|Rage Fist|p1a: Arcanine\n|-damage|p1a: Arcanine|0 fnt\n|faint|p1a: Arcanine\n|\n|win|Jaystorm027\n|raw|The Dreaded Knight's rating: 1391 → 1365<\/strong> (-26 for losing)\n|raw|Jaystorm027's rating: 1280 → 1313<\/strong> (+33 for winning)\n|c|\u2606Jaystorm027|Gg\n|c|\u2606The Dreaded Knight|gg\n|l|\u2606The Dreaded Knight\n","uploadtime":1683950887,"views":16,"p1id":"thedreadedknight","p2id":"jaystorm027","formatid":"gen9vgc2023regulationc","rating":1313,"private":0,"password":""}