{"id":"gen9vgc2023regulationc-1854883458","p1":"OneStrangeOnion","p2":"Magical Rizard","format":"[Gen 9] VGC 2023 Regulation C","log":"|j|\u2606OneStrangeOnion\n|j|\u2606Magical Rizard\n|t:|1682876818\n|gametype|doubles\n|player|p1|OneStrangeOnion|rosa|1046\n|player|p2|Magical Rizard|li|1110\n|teamsize|p1|6\n|teamsize|p2|6\n|gen|9\n|tier|[Gen 9] VGC 2023 Regulation C\n|rated|\n|rule|Species Clause: Limit one of each Pok\u00e9mon\n|rule|Item Clause: Limit one of each item\n|clearpoke\n|poke|p1|Talonflame, L50, F|\n|poke|p1|Sableye, L50, M|\n|poke|p1|Breloom, L50, F|\n|poke|p1|Lurantis, L50, M|\n|poke|p1|Appletun, L50, F|\n|poke|p1|Azumarill, L50, F|\n|poke|p2|Kingambit, L50, M|\n|poke|p2|Farigiraf, L50, F|\n|poke|p2|Banette, L50, F|\n|poke|p2|Amoonguss, L50, F|\n|poke|p2|Hariyama, L50, F|\n|poke|p2|Talonflame, L50, F|\n|teampreview|4\n|inactive|Battle timer is ON: inactive players will automatically lose when time's up. (requested by Magical Rizard)\n|\n|t:|1682876850\n|start\n|switch|p1a: Talonflame|Talonflame, L50, F|100\/100\n|switch|p1b: Sableye|Sableye, L50, M|100\/100\n|switch|p2a: Banette|Banette, L50, F, shiny|100\/100\n|switch|p2b: Hariyama|Hariyama, L50, F, shiny|100\/100\n|turn|1\n|\n|t:|1682876873\n|move|p2b: Hariyama|Fake Out|p1a: Talonflame\n|-damage|p1a: Talonflame|82\/100\n|move|p1b: Sableye|Trick|p2a: Banette\n|-activate|p1b: Sableye|move: Trick|[of] p2a: Banette\n|-item|p2a: Banette|Choice Band|[from] move: Trick\n|-item|p1b: Sableye|Focus Sash|[from] move: Trick\n|cant|p1a: Talonflame|flinch\n|move|p2a: Banette|Trick Room|p2a: Banette\n|-fieldstart|move: Trick Room|[of] p2a: Banette\n|\n|-status|p2b: Hariyama|brn|[from] item: Flame Orb\n|upkeep\n|turn|2\n|inactive|OneStrangeOnion has 30 seconds left.\n|inactive|OneStrangeOnion has 20 seconds left.\n|inactive|OneStrangeOnion has 15 seconds left.\n|inactive|OneStrangeOnion has 10 seconds left.\n|\n|t:|1682876920\n|switch|p2a: Kingambit|Kingambit, L50, M, shiny|100\/100\n|switch|p1b: Azumarill|Azumarill, L50, F|100\/100\n|move|p2b: Hariyama|Protect|p2b: Hariyama\n|-singleturn|p2b: Hariyama|Protect\n|move|p1a: Talonflame|Flare Blitz|p2a: Kingambit\n|-supereffective|p2a: Kingambit\n|-damage|p2a: Kingambit|37\/100\n|-damage|p1a: Talonflame|58\/100|[from] Recoil\n|\n|-damage|p2b: Hariyama|95\/100 brn|[from] brn\n|upkeep\n|turn|3\n|\n|t:|1682876941\n|move|p2b: Hariyama|Knock Off|p1a: Talonflame\n|-damage|p1a: Talonflame|0 fnt\n|-enditem|p1a: Talonflame|Focus Sash|[from] move: Knock Off|[of] p2b: Hariyama\n|faint|p1a: Talonflame\n|move|p2a: Kingambit|Iron Head|p1b: Azumarill\n|-damage|p1b: Azumarill|54\/100\n|move|p1b: Azumarill|Play Rough|p2b: Hariyama\n|-supereffective|p2b: Hariyama\n|-damage|p2b: Hariyama|35\/100 brn\n|\n|-damage|p2b: Hariyama|29\/100 brn|[from] brn\n|upkeep\n|\n|t:|1682876960\n|switch|p1a: Appletun|Appletun, L50, F|100\/100\n|turn|4\n|\n|t:|1682876972\n|-terastallize|p2a: Kingambit|Flying\n|move|p2b: Hariyama|Protect|p2b: Hariyama\n|-singleturn|p2b: Hariyama|Protect\n|move|p2a: Kingambit|Tera Blast|p1a: Appletun\n|-supereffective|p1a: Appletun\n|-damage|p1a: Appletun|3\/100\n|move|p1a: Appletun|Growth|p1a: Appletun\n|-boost|p1a: Appletun|atk|1\n|-boost|p1a: Appletun|spa|1\n|move|p1b: Azumarill|Play Rough|p2b: Hariyama\n|-activate|p2b: Hariyama|move: Protect\n|\n|-damage|p2b: Hariyama|23\/100 brn|[from] brn\n|upkeep\n|turn|5\n|\n|t:|1682876991\n|move|p1a: Appletun|Protect|p1a: Appletun\n|-singleturn|p1a: Appletun|Protect\n|move|p2b: Hariyama|Knock Off|p1a: Appletun\n|-activate|p1a: Appletun|move: Protect\n|move|p2a: Kingambit|Tera Blast|p1b: Azumarill\n|-damage|p1b: Azumarill|5\/100\n|-enditem|p1b: Azumarill|Sitrus Berry|[eat]\n|-heal|p1b: Azumarill|30\/100|[from] item: Sitrus Berry\n|move|p1b: Azumarill|Play Rough|p2b: Hariyama\n|-supereffective|p2b: Hariyama\n|-damage|p2b: Hariyama|0 fnt\n|faint|p2b: Hariyama\n|\n|-fieldend|move: Trick Room\n|upkeep\n|\n|t:|1682877005\n|switch|p2b: Talonflame|Talonflame, L50, F, shiny|100\/100\n|turn|6\n|inactive|OneStrangeOnion has 30 seconds left.\n|\n|t:|1682877032\n|move|p2b: Talonflame|Hurricane|p1b: Azumarill\n|-damage|p1b: Azumarill|0 fnt\n|faint|p1b: Azumarill\n|-damage|p2b: Talonflame|91\/100|[from] item: Life Orb\n|move|p2a: Kingambit|Sucker Punch|p1a: Appletun\n|-damage|p1a: Appletun|0 fnt\n|-damage|p2a: Kingambit|20\/100|[from] item: Rocky Helmet|[of] p1a: Appletun\n|faint|p1a: Appletun\n|\n|upkeep\n|\n|t:|1682877044\n|switch|p1b: Sableye|Sableye, L50, M|100\/100\n|turn|7\n|\n|t:|1682877056\n|move|p1b: Sableye|Thunder Wave|p2b: Talonflame\n|-status|p2b: Talonflame|par\n|move|p2a: Kingambit|Sucker Punch||[still]\n|-fail|p2a: Kingambit\n|move|p2b: Talonflame|Hurricane|p1b: Sableye|[miss]\n|-miss|p2b: Talonflame|p1b: Sableye\n|\n|upkeep\n|turn|8\n|\n|t:|1682877068\n|cant|p2b: Talonflame|par\n|move|p1b: Sableye|Foul Play|p2a: Kingambit\n|-damage|p2a: Kingambit|0 fnt\n|faint|p2a: Kingambit\n|\n|upkeep\n|\n|t:|1682877074\n|switch|p2a: Banette|Banette, L50, F, shiny|100\/100\n|turn|9\n|\n|t:|1682877084\n|move|p1b: Sableye|Thunder Wave|p2a: Banette\n|-status|p2a: Banette|par\n|move|p2b: Talonflame|Hurricane|p1b: Sableye\n|-damage|p1b: Sableye|16\/100\n|-start|p1b: Sableye|confusion\n|-damage|p2b: Talonflame|81\/100 par|[from] item: Life Orb\n|cant|p2a: Banette|par\n|\n|upkeep\n|turn|10\n|\n|t:|1682877098\n|move|p2b: Talonflame|Heat Wave|p1b: Sableye|[miss]\n|-miss|p2b: Talonflame|p1b: Sableye\n|-activate|p1b: Sableye|confusion\n|move|p1b: Sableye|Foul Play|p2a: Banette\n|-supereffective|p2a: Banette\n|-damage|p2a: Banette|0 fnt\n|faint|p2a: Banette\n|\n|upkeep\n|turn|11\n|\n|t:|1682877117\n|move|p2b: Talonflame|Heat Wave|p1b: Sableye\n|-damage|p1b: Sableye|0 fnt\n|faint|p1b: Sableye\n|-damage|p2b: Talonflame|71\/100 par|[from] item: Life Orb\n|\n|win|Magical Rizard\n|raw|OneStrangeOnion's rating: 1046 → 1032<\/strong> (-14 for losing)\n|raw|Magical Rizard's rating: 1110 → 1130<\/strong> (+20 for winning)\n|c|\u2606OneStrangeOnion|gg\n|l|\u2606Magical Rizard\n","uploadtime":1682877133,"views":12,"p1id":"onestrangeonion","p2id":"magicalrizard","formatid":"gen9vgc2023regulationc","rating":1032,"private":0,"password":""}