{"id":"gen9vgc2023regulationc-1859436815","p1":"Tamejo","p2":"RobyKenobi","format":"[Gen 9] VGC 2023 Regulation C","log":"|j|\u2606Tamejo\n|j|\u2606RobyKenobi\n|t:|1683467252\n|gametype|doubles\n|player|p1|Tamejo|rood|\n|player|p2|RobyKenobi|silver|\n|teamsize|p1|6\n|teamsize|p2|6\n|gen|9\n|tier|[Gen 9] VGC 2023 Regulation C\n|rule|Species Clause: Limit one of each Pok\u00e9mon\n|rule|Item Clause: Limit one of each item\n|clearpoke\n|poke|p1|Murkrow, L50, F|\n|poke|p1|Great Tusk, L50|\n|poke|p1|Iron Bundle, L50|\n|poke|p1|Chi-Yu, L50|\n|poke|p1|Iron Hands, L50|\n|poke|p1|Amoonguss, L50, M|\n|poke|p2|Chi-Yu, L50|\n|poke|p2|Abomasnow, L50, F|\n|poke|p2|Flutter Mane, L50|\n|poke|p2|Great Tusk, L50|\n|poke|p2|Iron Bundle, L50|\n|poke|p2|Iron Hands, L50|\n|teampreview|4\nRobyKenobi has agreed to open team sheets.\nTamejo has agreed to open team sheets.\n|c|\u2606Tamejo|G1\n|c|\u2606RobyKenobi|il mu \u00e8 terribile ma vedo cosa fare\n|c|\u2606RobyKenobi|non so manco come leaddare\n|c|\u2606Tamejo|Manco io xd\n|c|\u2606RobyKenobi|patta?\n|c|\u2606Tamejo|Lol non credo sia possibile\n|c|\u2606Tamejo|giochiamo :D\n|c|\u2606RobyKenobi|tocca\n|\n|t:|1683467398\n|start\n|switch|p1a: Iron Bundle|Iron Bundle, L50|100\/100\n|switch|p1b: Chi-Yu|Chi-Yu, L50|100\/100\n|switch|p2a: Capellone|Flutter Mane, L50|100\/100\n|switch|p2b: Saccone|Iron Bundle, L50|100\/100\n|-ability|p1b: Chi-Yu|Beads of Ruin\n|-enditem|p1a: Iron Bundle|Booster Energy\n|-activate|p1a: Iron Bundle|ability: Quark Drive|[fromitem]\n|-start|p1a: Iron Bundle|quarkdrivespe\n|-enditem|p2a: Capellone|Booster Energy\n|-activate|p2a: Capellone|ability: Protosynthesis|[fromitem]\n|-start|p2a: Capellone|protosynthesisspe\n|turn|1\n|\n|t:|1683467422\n|-terastallize|p1a: Iron Bundle|Poison\n|-terastallize|p2a: Capellone|Water\n|move|p1a: Iron Bundle|Icy Wind|p2a: Capellone|[spread] p2a,p2b\n|-resisted|p2a: Capellone\n|-resisted|p2b: Saccone\n|-damage|p2a: Capellone|86\/100\n|-damage|p2b: Saccone|88\/100\n|-unboost|p2a: Capellone|spe|1\n|-unboost|p2b: Saccone|spe|1\n|move|p2a: Capellone|Icy Wind|p1b: Chi-Yu|[spread] p1a,p1b\n|-resisted|p1b: Chi-Yu\n|-damage|p1a: Iron Bundle|63\/100\n|-damage|p1b: Chi-Yu|92\/100\n|-unboost|p1a: Iron Bundle|spe|1\n|-unboost|p1b: Chi-Yu|spe|1\n|move|p2b: Saccone|Icy Wind|p1b: Chi-Yu|[spread] p1a,p1b\n|-resisted|p1b: Chi-Yu\n|-damage|p1a: Iron Bundle|14\/100\n|-damage|p1b: Chi-Yu|80\/100\n|-unboost|p1a: Iron Bundle|spe|1\n|-unboost|p1b: Chi-Yu|spe|1\n|move|p1b: Chi-Yu|Heat Wave|p2a: Capellone|[spread] p2a,p2b\n|-resisted|p2a: Capellone\n|-damage|p2a: Capellone|50\/100\n|-damage|p2b: Saccone|0 fnt\n|faint|p2b: Saccone\n|-end|p2b: Saccone|Quark Drive|[silent]\n|\n|upkeep\n|\n|t:|1683467441\n|switch|p2b: Tascone|Great Tusk, L50|100\/100\n|turn|2\n|\n|t:|1683467512\n|move|p2a: Capellone|Protect|p2a: Capellone\n|-singleturn|p2a: Capellone|Protect\n|move|p2b: Tascone|Earthquake|p1b: Chi-Yu|[spread] p1a,p1b\n|-activate|p2a: Capellone|move: Protect\n|-supereffective|p1a: Iron Bundle\n|-supereffective|p1b: Chi-Yu\n|-damage|p1a: Iron Bundle|0 fnt\n|-damage|p1b: Chi-Yu|0 fnt\n|faint|p1a: Iron Bundle\n|-end|p1a: Iron Bundle|Quark Drive|[silent]\n|faint|p1b: Chi-Yu\n|\n|upkeep\n|\n|t:|1683467518\n|switch|p1a: Great Tusk|Great Tusk, L50|100\/100\n|switch|p1b: Iron Hands|Iron Hands, L50|100\/100\n|turn|3\n|\n|t:|1683467639\n|-end|p2b: Tascone|Protosynthesis|[silent]\n|switch|p2b: Pescione|Chi-Yu, L50|100\/100\n|-ability|p2b: Pescione|Beads of Ruin\n|move|p2a: Capellone|Moonblast|p1a: Great Tusk\n|-supereffective|p1a: Great Tusk\n|-enditem|p1a: Great Tusk|Focus Sash\n|-damage|p1a: Great Tusk|1\/100\n|-unboost|p1a: Great Tusk|spa|1\n|move|p1a: Great Tusk|Headlong Rush|p2b: Pescione\n|-supereffective|p2b: Pescione\n|-damage|p2b: Pescione|0 fnt\n|-unboost|p1a: Great Tusk|def|1\n|-unboost|p1a: Great Tusk|spd|1\n|faint|p2b: Pescione\n|move|p1b: Iron Hands|Drain Punch|p2a: Capellone\n|-damage|p2a: Capellone|0 fnt\n|faint|p2a: Capellone\n|-end|p2a: Capellone|Protosynthesis|[silent]\n|\n|upkeep\n|\n|t:|1683467659\n|switch|p2b: Tascone|Great Tusk, L50|100\/100\n|turn|4\n|\n|t:|1683467669\n|move|p2b: Tascone|Earthquake|p1a: Great Tusk|[spread] p1a,p1b\n|-supereffective|p1b: Iron Hands\n|-damage|p1a: Great Tusk|0 fnt\n|-damage|p1b: Iron Hands|47\/100\n|faint|p1a: Great Tusk\n|-end|p1a: Great Tusk|Protosynthesis|[silent]\n|move|p1b: Iron Hands|Drain Punch|p2b: Tascone\n|-damage|p2b: Tascone|67\/100\n|-heal|p1b: Iron Hands|60\/100|[from] drain|[of] p2b: Tascone\n|\n|upkeep\n|turn|5\n|\n|t:|1683467684\n|move|p2b: Tascone|Earthquake|p1b: Iron Hands\n|-supereffective|p1b: Iron Hands\n|-damage|p1b: Iron Hands|0 fnt\n|faint|p1b: Iron Hands\n|-end|p1b: Iron Hands|Quark Drive|[silent]\n|\n|win|RobyKenobi\n|c|\u2606RobyKenobi|gg\n|c|\u2606Tamejo|Gg\n|l|\u2606RobyKenobi\n","uploadtime":1683468946,"views":12,"p1id":"tamejo","p2id":"robykenobi","formatid":"gen9vgc2023regulationc","rating":0,"private":0,"password":""}