{"id":"gen9vgc2023regulationc-1857202187","p1":"GruffuddH","p2":"TrendanBrendan","format":"[Gen 9] VGC 2023 Regulation C","log":"|j|\u2606GruffuddH\n|j|\u2606TrendanBrendan\n|t:|1683157399\n|gametype|doubles\n|player|p1|GruffuddH|rika|\n|player|p2|TrendanBrendan|elio|\n|teamsize|p1|6\n|teamsize|p2|6\n|gen|9\n|tier|[Gen 9] VGC 2023 Regulation C\n|rule|Species Clause: Limit one of each Pok\u00e9mon\n|rule|Item Clause: Limit one of each item\n|clearpoke\n|poke|p1|Orthworm, L50, M|\n|poke|p1|Gastrodon, L50, F|\n|poke|p1|Flutter Mane, L50|\n|poke|p1|Wo-Chien, L50|\n|poke|p1|Arcanine, L50, M|\n|poke|p1|Iron Bundle, L50|\n|poke|p2|Arcanine, L50, M|\n|poke|p2|Palafin, L50, F|\n|poke|p2|Amoonguss, L50, F|\n|poke|p2|Flutter Mane, L50|\n|poke|p2|Ting-Lu, L50|\n|poke|p2|Corviknight, L50, F|\n|teampreview|4\nTrendanBrendan has agreed to open team sheets.\nGruffuddH has agreed to open team sheets.\n|\n|t:|1683157492\n|start\n|switch|p1a: ArcaZERO|Arcanine, L50, M|100\/100\n|switch|p1b: BORthworm|Orthworm, L50, M|100\/100\n|switch|p2a: Brieze|Palafin, L50, F, shiny|100\/100\n|switch|p2b: Wispa|Flutter Mane, L50|100\/100\n|-ability|p1a: ArcaZERO|Intimidate|boost\n|-unboost|p2a: Brieze|atk|1\n|-unboost|p2b: Wispa|atk|1\n|turn|1\n|\n|t:|1683157528\n|detailschange|p2a: Brieze|Palafin-Hero, L50, F, shiny\n|switch|p2a: Olivo|Arcanine, L50, M|100\/100\n|-ability|p2a: Olivo|Intimidate|boost\n|-unboost|p1a: ArcaZERO|atk|1\n|-unboost|p1b: BORthworm|atk|1\n|switch|p1a: ASStrodon|Gastrodon, L50, F|100\/100\n|move|p2b: Wispa|Shadow Ball|p1b: BORthworm\n|-damage|p1b: BORthworm|32\/100\n|-unboost|p1b: BORthworm|spd|1\n|-enditem|p1b: BORthworm|Sitrus Berry|[eat]\n|-heal|p1b: BORthworm|57\/100|[from] item: Sitrus Berry\n|move|p1b: BORthworm|Heavy Slam|p2b: Wispa\n|-supereffective|p2b: Wispa\n|-damage|p2b: Wispa|17\/100\n|\n|upkeep\n|turn|2\n|\n|t:|1683157578\n|switch|p2a: Corviknight|Corviknight, L50, F, shiny|100\/100\n|switch|p1b: ArcaZERO|Arcanine, L50, M|100\/100\n|-ability|p1b: ArcaZERO|Intimidate|boost\n|-ability|p2a: Corviknight|Mirror Armor\n|-unboost|p1b: ArcaZERO|atk|1\n|-unboost|p2b: Wispa|atk|1\n|move|p2b: Wispa|Shadow Ball|p1b: ArcaZERO\n|-damage|p1b: ArcaZERO|28\/100\n|move|p1a: ASStrodon|Earth Power|p2b: Wispa\n|-damage|p2b: Wispa|0 fnt\n|faint|p2b: Wispa\n|-end|p2b: Wispa|Protosynthesis|[silent]\n|\n|upkeep\n|\n|t:|1683157592\n|switch|p2b: Olivo|Arcanine, L50, M|100\/100\n|-ability|p2b: Olivo|Intimidate|boost\n|-unboost|p1a: ASStrodon|atk|1\n|-unboost|p1b: ArcaZERO|atk|1\n|turn|3\n|\n|t:|1683157607\n|move|p2b: Olivo|Flare Blitz|p1b: ArcaZERO\n|-resisted|p1b: ArcaZERO\n|-damage|p1b: ArcaZERO|7\/100\n|-damage|p2b: Olivo|93\/100|[from] Recoil\n|move|p1b: ArcaZERO|Will-O-Wisp|p2a: Corviknight\n|-status|p2a: Corviknight|brn\n|-enditem|p2a: Corviknight|Lum Berry|[eat]\n|-curestatus|p2a: Corviknight|brn|[msg]\n|move|p2a: Corviknight|Bulk Up|p2a: Corviknight\n|-boost|p2a: Corviknight|atk|1\n|-boost|p2a: Corviknight|def|1\n|move|p1a: ASStrodon|Earth Power|p2b: Olivo\n|-supereffective|p2b: Olivo\n|-damage|p2b: Olivo|32\/100\n|\n|upkeep\n|turn|4\n|\n|t:|1683157635\n|-terastallize|p2a: Corviknight|Flying\n|move|p1b: ArcaZERO|Extreme Speed|p2b: Olivo\n|-damage|p2b: Olivo|20\/100\n|move|p2b: Olivo|Howl|p2b: Olivo|[spread] p2a,p2b\n|-boost|p2a: Corviknight|atk|1\n|-boost|p2b: Olivo|atk|1\n|move|p2a: Corviknight|Brave Bird|p1a: ASStrodon\n|-damage|p1a: ASStrodon|0 fnt\n|faint|p1a: ASStrodon\n|-damage|p2a: Corviknight|65\/100|[from] Recoil\n|\n|upkeep\n|\n|t:|1683157648\n|switch|p1a: BLOW-chien|Wo-Chien, L50|100\/100\n|-ability|p1a: BLOW-chien|Tablets of Ruin\n|turn|5\n|\n|t:|1683157671\n|-terastallize|p1a: BLOW-chien|Poison\n|move|p2b: Olivo|Howl|p2b: Olivo|[spread] p2a,p2b\n|-boost|p2a: Corviknight|atk|1\n|-boost|p2b: Olivo|atk|1\n|move|p1b: ArcaZERO|Will-O-Wisp|p2a: Corviknight|[miss]\n|-miss|p1b: ArcaZERO|p2a: Corviknight\n|move|p1a: BLOW-chien|Leech Seed|p2b: Olivo\n|-start|p2b: Olivo|move: Leech Seed\n|move|p2a: Corviknight|Iron Head|p1a: BLOW-chien\n|-damage|p1a: BLOW-chien|52\/100\n|\n|-heal|p1a: BLOW-chien|58\/100|[from] item: Leftovers\n|-damage|p2b: Olivo|8\/100|[from] Leech Seed|[of] p1a: BLOW-chien\n|-heal|p1a: BLOW-chien|71\/100|[silent]\n|upkeep\n|turn|6\n|\n|t:|1683157697\n|move|p1a: BLOW-chien|Protect|p1a: BLOW-chien\n|-singleturn|p1a: BLOW-chien|Protect\n|move|p2b: Olivo|Howl|p2b: Olivo|[spread] p2a,p2b\n|-boost|p2a: Corviknight|atk|1\n|-boost|p2b: Olivo|atk|1\n|move|p1b: ArcaZERO|Flare Blitz|p2a: Corviknight\n|-damage|p2a: Corviknight|55\/100\n|-damage|p1b: ArcaZERO|4\/100|[from] Recoil\n|move|p2a: Corviknight|Brave Bird|p1a: BLOW-chien\n|-activate|p1a: BLOW-chien|move: Protect\n|\n|-heal|p1a: BLOW-chien|77\/100|[from] item: Leftovers\n|-damage|p2b: Olivo|0 fnt|[from] Leech Seed|[of] p1a: BLOW-chien\n|-heal|p1a: BLOW-chien|85\/100|[silent]\n|faint|p2b: Olivo\n|upkeep\n|\n|t:|1683157710\n|switch|p2b: Brieze|Palafin-Hero, L50, F, shiny|100\/100\n|-activate|p2b: Brieze|ability: Zero to Hero\n|turn|7\n|\n|t:|1683157723\n|move|p2b: Brieze|Jet Punch|p1b: ArcaZERO\n|-supereffective|p1b: ArcaZERO\n|-damage|p1b: ArcaZERO|0 fnt\n|faint|p1b: ArcaZERO\n|move|p1a: BLOW-chien|Pollen Puff|p1: ArcaZERO|[notarget]\n|-fail|p1a: BLOW-chien\n|move|p2a: Corviknight|Roost|p2a: Corviknight\n|-heal|p2a: Corviknight|100\/100\n|-hint|If a Flying Terastallized Pokemon uses Roost, it remains Flying-type.\n|\n|-heal|p1a: BLOW-chien|91\/100|[from] item: Leftovers\n|upkeep\n|\n|t:|1683157732\n|switch|p1b: BORthworm|Orthworm, L50, M|57\/100\n|turn|8\n|\n|t:|1683157750\n|move|p2b: Brieze|Wave Crash|p1b: BORthworm\n|-damage|p1b: BORthworm|6\/100\n|-damage|p2b: Brieze|86\/100|[from] Recoil\n|move|p1a: BLOW-chien|Leech Seed|p2b: Brieze\n|-start|p2b: Brieze|move: Leech Seed\n|move|p2a: Corviknight|Iron Head|p1b: BORthworm\n|-resisted|p1b: BORthworm\n|-damage|p1b: BORthworm|0 fnt\n|faint|p1b: BORthworm\n|\n|-heal|p1a: BLOW-chien|97\/100|[from] item: Leftovers\n|-damage|p2b: Brieze|74\/100|[from] Leech Seed|[of] p1a: BLOW-chien\n|-heal|p1a: BLOW-chien|100\/100|[silent]\n|upkeep\n|turn|9\n|\n|t:|1683157767\n|move|p2b: Brieze|Wave Crash|p1a: BLOW-chien\n|-damage|p1a: BLOW-chien|44\/100\n|-damage|p2b: Brieze|56\/100|[from] Recoil\n|move|p1a: BLOW-chien|Pollen Puff|p2b: Brieze\n|-damage|p2b: Brieze|36\/100\n|move|p2a: Corviknight|Bulk Up|p2a: Corviknight\n|-boost|p2a: Corviknight|atk|1\n|-boost|p2a: Corviknight|def|1\n|\n|-heal|p1a: BLOW-chien|50\/100|[from] item: Leftovers\n|-damage|p2b: Brieze|24\/100|[from] Leech Seed|[of] p1a: BLOW-chien\n|-heal|p1a: BLOW-chien|64\/100|[silent]\n|upkeep\n|turn|10\n|\n|t:|1683157783\n|move|p1a: BLOW-chien|Protect|p1a: BLOW-chien\n|-singleturn|p1a: BLOW-chien|Protect\n|move|p2b: Brieze|Wave Crash|p1a: BLOW-chien\n|-activate|p1a: BLOW-chien|move: Protect\n|move|p2a: Corviknight|Brave Bird|p1a: BLOW-chien\n|-activate|p1a: BLOW-chien|move: Protect\n|\n|-heal|p1a: BLOW-chien|70\/100|[from] item: Leftovers\n|-damage|p2b: Brieze|12\/100|[from] Leech Seed|[of] p1a: BLOW-chien\n|-heal|p1a: BLOW-chien|83\/100|[silent]\n|upkeep\n|turn|11\n|\n|t:|1683157798\n|move|p2b: Brieze|Wave Crash|p1a: BLOW-chien\n|-damage|p1a: BLOW-chien|28\/100\n|-damage|p2b: Brieze|0 fnt|[from] Recoil\n|faint|p2b: Brieze\n|move|p1a: BLOW-chien|Ruination|p2a: Corviknight\n|-damage|p2a: Corviknight|51\/100\n|move|p2a: Corviknight|Brave Bird|p1a: BLOW-chien\n|-damage|p1a: BLOW-chien|0 fnt\n|faint|p1a: BLOW-chien\n|-damage|p2a: Corviknight|42\/100|[from] Recoil\n|\n|win|TrendanBrendan\n","uploadtime":1683157811,"views":13,"p1id":"gruffuddh","p2id":"trendanbrendan","formatid":"gen9vgc2023regulationc","rating":0,"private":0,"password":""}