{"id":"gen9vgc2023regulationc-1863196112","p1":"Getmelit","p2":"Lefties Chi-Yu","format":"[Gen 9] VGC 2023 Regulation C","log":"|j|\u2606Getmelit\n|j|\u2606Lefties Chi-Yu\n|t:|1683986844\n|gametype|doubles\n|player|p1|Getmelit|101|\n|player|p2|Lefties Chi-Yu|acetrainer-gen6xy|\n|teamsize|p1|6\n|teamsize|p2|6\n|gen|9\n|tier|[Gen 9] VGC 2023 Regulation C\n|rule|Species Clause: Limit one of each Pok\u00e9mon\n|rule|Item Clause: Limit one of each item\n|clearpoke\n|poke|p1|Murkrow, L50, M|\n|poke|p1|Great Tusk, L50|\n|poke|p1|Gyarados, L50, M|\n|poke|p1|Amoonguss, L50, M|\n|poke|p1|Flutter Mane, L50|\n|poke|p1|Chi-Yu, L50|\n|poke|p2|Chi-Yu, L50|\n|poke|p2|Amoonguss, L50, M|\n|poke|p2|Iron Hands, L50|\n|poke|p2|Flutter Mane, L50|\n|poke|p2|Iron Bundle, L50|\n|poke|p2|Kingambit, L50, F|\n|teampreview|4\nLefties Chi-Yu has agreed to open team sheets.\n|l|\u2606Lefties Chi-Yu\n|player|p2|\nGetmelit has agreed to open team sheets.\n|j|\u2606Lefties Chi-Yu\n|player|p2|Lefties Chi-Yu|acetrainer-gen6xy\n|\n|t:|1683986886\n|start\n|switch|p1a: Flutter Mane|Flutter Mane, L50|100\/100\n|switch|p1b: Chi-Yu|Chi-Yu, L50|100\/100\n|switch|p2a: Eren|Iron Bundle, L50|100\/100\n|switch|p2b: Iron Hands|Iron Hands, L50|100\/100\n|-ability|p1b: Chi-Yu|Beads of Ruin\n|-enditem|p2a: Eren|Booster Energy\n|-activate|p2a: Eren|ability: Quark Drive|[fromitem]\n|-start|p2a: Eren|quarkdrivespe\n|turn|1\n|\n|t:|1683986938\n|-terastallize|p1a: Flutter Mane|Fairy\n|move|p2a: Eren|Protect|p2a: Eren\n|-singleturn|p2a: Eren|Protect\n|move|p1a: Flutter Mane|Dazzling Gleam|p2b: Iron Hands|[spread] p2b\n|-activate|p2a: Eren|move: Protect\n|-supereffective|p2b: Iron Hands\n|-damage|p2b: Iron Hands|15\/100\n|move|p1b: Chi-Yu|Heat Wave|p2a: Eren|[spread] \n|-activate|p2a: Eren|move: Protect\n|-miss|p1b: Chi-Yu|p2b: Iron Hands\n|move|p2b: Iron Hands|Volt Switch|p1b: Chi-Yu\n|-damage|p1b: Chi-Yu|89\/100\n|\n|t:|1683986958\n|-end|p2b: Iron Hands|Quark Drive|[silent]\n|switch|p2b: Chi-Yu|Chi-Yu, L50|100\/100|[from] Volt Switch\n|-ability|p2b: Chi-Yu|Beads of Ruin\n|\n|upkeep\n|turn|2\n|\n|t:|1683986975\n|move|p2a: Eren|Icy Wind|p1b: Chi-Yu|[spread] p1a,p1b\n|-resisted|p1b: Chi-Yu\n|-damage|p1a: Flutter Mane|72\/100\n|-damage|p1b: Chi-Yu|80\/100\n|-unboost|p1a: Flutter Mane|spe|1\n|-unboost|p1b: Chi-Yu|spe|1\n|move|p2b: Chi-Yu|Flamethrower|p1a: Flutter Mane\n|-damage|p1a: Flutter Mane|16\/100\n|move|p1a: Flutter Mane|Dazzling Gleam|p2a: Eren|[spread] p2a,p2b\n|-damage|p2a: Eren|0 fnt\n|-damage|p2b: Chi-Yu|42\/100\n|faint|p2a: Eren\n|-end|p2a: Eren|Quark Drive|[silent]\n|move|p1b: Chi-Yu|Nasty Plot|p1b: Chi-Yu\n|-boost|p1b: Chi-Yu|spa|2\n|\n|-heal|p2b: Chi-Yu|49\/100|[from] item: Leftovers\n|upkeep\n|\n|t:|1683986986\n|switch|p2a: Iron Hands|Iron Hands, L50|15\/100\n|turn|3\n|\n|t:|1683987035\n|move|p2a: Iron Hands|Fake Out|p1a: Flutter Mane\n|-damage|p1a: Flutter Mane|0 fnt\n|faint|p1a: Flutter Mane\n|-end|p1a: Flutter Mane|Protosynthesis|[silent]\n|move|p2b: Chi-Yu|Nasty Plot|p2b: Chi-Yu\n|-boost|p2b: Chi-Yu|spa|2\n|move|p1b: Chi-Yu|Heat Wave|p2b: Chi-Yu|[spread] p2b\n|-miss|p1b: Chi-Yu|p2a: Iron Hands\n|-resisted|p2b: Chi-Yu\n|-damage|p2b: Chi-Yu|12\/100\n|\n|-heal|p2b: Chi-Yu|18\/100|[from] item: Leftovers\n|upkeep\n|\n|t:|1683987048\n|switch|p1a: Gyarados|Gyarados, L50, M|100\/100\n|-ability|p1a: Gyarados|Intimidate|boost\n|-unboost|p2a: Iron Hands|atk|1\n|-unboost|p2b: Chi-Yu|atk|1\n|turn|4\n|\n|t:|1683987061\n|move|p2b: Chi-Yu|Protect|p2b: Chi-Yu\n|-singleturn|p2b: Chi-Yu|Protect\n|move|p1a: Gyarados|Waterfall|p2a: Iron Hands\n|-damage|p2a: Iron Hands|0 fnt\n|faint|p2a: Iron Hands\n|-end|p2a: Iron Hands|Quark Drive|[silent]\n|move|p1b: Chi-Yu|Dark Pulse|p2b: Chi-Yu\n|-activate|p2b: Chi-Yu|move: Protect\n|\n|-heal|p2b: Chi-Yu|25\/100|[from] item: Leftovers\n|upkeep\n|\n|t:|1683987064\n|switch|p2a: Amoonguss|Amoonguss, L50, M|100\/100\n|turn|5\n|\n|t:|1683987076\n|-terastallize|p2a: Amoonguss|Water\n|move|p2a: Amoonguss|Rage Powder|p2a: Amoonguss\n|-singleturn|p2a: Amoonguss|move: Rage Powder\n|move|p2b: Chi-Yu|Dark Pulse|p1a: Gyarados\n|-damage|p1a: Gyarados|27\/100\n|-enditem|p1a: Gyarados|Sitrus Berry|[eat]\n|-heal|p1a: Gyarados|52\/100|[from] item: Sitrus Berry\n|move|p1a: Gyarados|Taunt|p2a: Amoonguss\n|-start|p2a: Amoonguss|move: Taunt\n|move|p1b: Chi-Yu|Dark Pulse|p2b: Chi-Yu\n|-resisted|p2b: Chi-Yu\n|-damage|p2b: Chi-Yu|0 fnt\n|faint|p2b: Chi-Yu\n|\n|upkeep\n|turn|6\n|-message|Lefties Chi-Yu forfeited.\n|\n|win|Getmelit\n","uploadtime":1683987112,"views":7,"p1id":"getmelit","p2id":"leftieschiyu","formatid":"gen9vgc2023regulationc","rating":0,"private":0,"password":""}