{"id":"gen9vgc2023regulationc-1856053184","p1":"manolisjam","p2":"Eltryllis","format":"[Gen 9] VGC 2023 Regulation C","log":"|j|\u2606manolisjam\n|j|\u2606Eltryllis\n|t:|1683023711\n|gametype|doubles\n|player|p1|manolisjam|youngster-gen4dp|1233\n|player|p2|Eltryllis|dawn|1250\n|teamsize|p1|6\n|teamsize|p2|6\n|gen|9\n|tier|[Gen 9] VGC 2023 Regulation C\n|rated|\n|rule|Species Clause: Limit one of each Pok\u00e9mon\n|rule|Item Clause: Limit one of each item\n|clearpoke\n|poke|p1|Garchomp, L50, M|\n|poke|p1|Tyranitar, L50, F|\n|poke|p1|Corviknight, L50, M|\n|poke|p1|Lycanroc, L50, F|\n|poke|p1|Ting-Lu, L50|\n|poke|p1|Gyarados, L50, M|\n|poke|p2|Salamence, L50, M|\n|poke|p2|Ting-Lu, L50|\n|poke|p2|Flutter Mane, L50|\n|poke|p2|Gastrodon-East, L50, F|\n|poke|p2|Glimmora, L50, F|\n|poke|p2|Chi-Yu, L50|\n|teampreview|4\n|inactive|Battle timer is ON: inactive players will automatically lose when time's up. (requested by Eltryllis)\n|inactive|Eltryllis has 60 seconds left.\n|inactive|Eltryllis has 30 seconds left.\n|\n|t:|1683023772\n|start\n|switch|p1a: Tyranitar|Tyranitar, L50, F, shiny|100\/100\n|switch|p1b: Lycanroc|Lycanroc, L50, F|100\/100\n|switch|p2a: Salamence|Salamence, L50, M, shiny|100\/100\n|switch|p2b: Ting-Lu|Ting-Lu, L50|100\/100\n|-ability|p2a: Salamence|Intimidate|boost\n|-unboost|p1a: Tyranitar|atk|1\n|-unboost|p1b: Lycanroc|atk|1\n|-weather|Sandstorm|[from] ability: Sand Stream|[of] p1a: Tyranitar\n|-ability|p2b: Ting-Lu|Vessel of Ruin\n|turn|1\n|inactive|manolisjam has 30 seconds left.\n|inactive|Eltryllis has 30 seconds left.\n|inactive|manolisjam has 20 seconds left.\n|\n|t:|1683023811\n|move|p1b: Lycanroc|Rock Slide|p2b: Ting-Lu|[spread] p2a,p2b\n|-supereffective|p2a: Salamence\n|-resisted|p2b: Ting-Lu\n|-damage|p2a: Salamence|63\/100\n|-damage|p2b: Ting-Lu|95\/100\n|cant|p2a: Salamence|flinch\n|move|p1a: Tyranitar|Rock Slide|p2a: Salamence|[spread] p2a,p2b\n|-supereffective|p2a: Salamence\n|-resisted|p2b: Ting-Lu\n|-damage|p2a: Salamence|19\/100\n|-damage|p2b: Ting-Lu|89\/100\n|move|p2b: Ting-Lu|Earthquake|p1b: Lycanroc|[spread] p1a,p1b\n|-immune|p2a: Salamence\n|-supereffective|p1a: Tyranitar\n|-supereffective|p1b: Lycanroc\n|-damage|p1a: Tyranitar|40\/100\n|-enditem|p1b: Lycanroc|Focus Sash\n|-damage|p1b: Lycanroc|1\/100\n|\n|-weather|Sandstorm|[upkeep]\n|upkeep\n|turn|2\n|inactive|manolisjam has 30 seconds left.\n|inactive|manolisjam has 20 seconds left.\n|inactive|manolisjam has 15 seconds left.\n|\n|t:|1683023851\n|switch|p2b: Glimmora|Glimmora, L50, F, shiny|100\/100\n|-terastallize|p1a: Tyranitar|Flying\n|move|p2a: Salamence|Protect|p2a: Salamence\n|-singleturn|p2a: Salamence|Protect\n|move|p1b: Lycanroc|Accelerock|p2a: Salamence\n|-activate|p2a: Salamence|move: Protect\n|move|p1a: Tyranitar|Tera Blast|p2b: Glimmora\n|-resisted|p2b: Glimmora\n|-damage|p2b: Glimmora|82\/100\n|-activate|p2b: Glimmora|ability: Toxic Debris\n|-sidestart|p1: manolisjam|move: Toxic Spikes\n|\n|-weather|Sandstorm|[upkeep]\n|-damage|p1a: Tyranitar|34\/100|[from] Sandstorm\n|upkeep\n|turn|3\n|inactive|manolisjam has 30 seconds left.\n|inactive|Eltryllis has 30 seconds left.\n|\n|t:|1683023882\n|switch|p2a: Ting-Lu|Ting-Lu, L50|89\/100\n|-ability|p2a: Ting-Lu|Vessel of Ruin\n|move|p1b: Lycanroc|Accelerock|p2a: Ting-Lu\n|-resisted|p2a: Ting-Lu\n|-damage|p2a: Ting-Lu|85\/100\n|move|p2b: Glimmora|Mortal Spin|p1b: Lycanroc|[spread] p1a,p1b\n|-resisted|p1b: Lycanroc\n|-damage|p1a: Tyranitar|31\/100\n|-damage|p1b: Lycanroc|0 fnt\n|-status|p1a: Tyranitar|psn\n|-enditem|p1a: Tyranitar|Lum Berry|[eat]\n|-curestatus|p1a: Tyranitar|psn|[msg]\n|faint|p1b: Lycanroc\n|move|p1a: Tyranitar|Crunch|p2b: Glimmora\n|-damage|p2b: Glimmora|45\/100\n|-activate|p2b: Glimmora|ability: Toxic Debris\n|-sidestart|p1: manolisjam|move: Toxic Spikes\n|\n|-weather|Sandstorm|[upkeep]\n|-damage|p1a: Tyranitar|25\/100|[from] Sandstorm\n|upkeep\n|inactive|manolisjam has 30 seconds left.\n|\n|t:|1683023912\n|switch|p1b: Gyarados|Gyarados, L50, M, shiny|100\/100\n|-ability|p1b: Gyarados|Intimidate|boost\n|-unboost|p2a: Ting-Lu|atk|1\n|-unboost|p2b: Glimmora|atk|1\n|turn|4\n|inactive|Eltryllis has 30 seconds left.\n|\n|t:|1683023939\n|move|p2b: Glimmora|Power Gem|p1b: Gyarados\n|-supereffective|p1b: Gyarados\n|-damage|p1b: Gyarados|38\/100\n|move|p1b: Gyarados|Waterfall|p2a: Ting-Lu\n|-supereffective|p2a: Ting-Lu\n|-damage|p2a: Ting-Lu|44\/100\n|move|p1a: Tyranitar|Crunch|p2b: Glimmora\n|-damage|p2b: Glimmora|11\/100\n|cant|p2a: Ting-Lu|flinch\n|\n|-weather|Sandstorm|[upkeep]\n|-damage|p1a: Tyranitar|19\/100|[from] Sandstorm\n|upkeep\n|turn|5\n|inactive|Eltryllis has 30 seconds left.\n|\n|t:|1683023973\n|move|p2b: Glimmora|Power Gem|p1b: Gyarados\n|-supereffective|p1b: Gyarados\n|-damage|p1b: Gyarados|0 fnt\n|faint|p1b: Gyarados\n|move|p1a: Tyranitar|Crunch|p2b: Glimmora\n|-damage|p2b: Glimmora|0 fnt\n|faint|p2b: Glimmora\n|move|p2a: Ting-Lu|Heavy Slam|p1a: Tyranitar\n|-damage|p1a: Tyranitar|5\/100\n|\n|-weather|none\n|upkeep\n|\n|t:|1683023987\n|switch|p2b: Salamence|Salamence, L50, M, shiny|19\/100\n|switch|p1b: Corviknight|Corviknight, L50, M, shiny|100\/100\n|-ability|p2b: Salamence|Intimidate|boost\n|-unboost|p1a: Tyranitar|atk|1\n|-ability|p1b: Corviknight|Mirror Armor\n|-unboost|p2b: Salamence|atk|1\n|turn|6\n|inactive|Eltryllis has 30 seconds left.\n|\n|t:|1683024015\n|move|p2b: Salamence|Protect|p2b: Salamence\n|-singleturn|p2b: Salamence|Protect\n|move|p1a: Tyranitar|Rock Slide|p2a: Ting-Lu|[spread] p2a\n|-activate|p2b: Salamence|move: Protect\n|-resisted|p2a: Ting-Lu\n|-damage|p2a: Ting-Lu|40\/100\n|move|p1b: Corviknight|Brave Bird|p2b: Salamence\n|-activate|p2b: Salamence|move: Protect\n|move|p2a: Ting-Lu|Sand Tomb|p1b: Corviknight\n|-immune|p1b: Corviknight\n|\n|upkeep\n|turn|7\n|\n|t:|1683024039\n|move|p2b: Salamence|Iron Head|p1a: Tyranitar\n|-damage|p1a: Tyranitar|0 fnt\n|faint|p1a: Tyranitar\n|move|p1b: Corviknight|Brave Bird|p2b: Salamence\n|-crit|p2b: Salamence\n|-damage|p2b: Salamence|0 fnt\n|faint|p2b: Salamence\n|-damage|p1b: Corviknight|95\/100|[from] Recoil\n|move|p2a: Ting-Lu|Ruination|p1b: Corviknight\n|-damage|p1b: Corviknight|48\/100\n|\n|-heal|p1b: Corviknight|54\/100|[from] item: Leftovers\n|upkeep\n|\n|t:|1683024051\n|switch|p2b: Flutter Mane|Flutter Mane, L50, shiny|100\/100\n|turn|8\n|inactive|Eltryllis has 30 seconds left.\n|\n|t:|1683024078\n|move|p2b: Flutter Mane|Hex|p1b: Corviknight\n|-damage|p1b: Corviknight|14\/100\n|move|p1b: Corviknight|Iron Head|p2b: Flutter Mane\n|-supereffective|p2b: Flutter Mane\n|-damage|p2b: Flutter Mane|0 fnt\n|faint|p2b: Flutter Mane\n|-end|p2b: Flutter Mane|Protosynthesis|[silent]\n|move|p2a: Ting-Lu|Ruination|p1b: Corviknight\n|-damage|p1b: Corviknight|7\/100\n|\n|-heal|p1b: Corviknight|13\/100|[from] item: Leftovers\n|upkeep\n|turn|9\n|inactive|manolisjam has 30 seconds left.\n|inactive|manolisjam has 20 seconds left.\n|inactive|manolisjam has 15 seconds left.\n|inactive|manolisjam has 10 seconds left.\n|inactive|manolisjam has 5 seconds left.\n|\n|t:|1683024133\n|move|p1b: Corviknight|Iron Head|p2a: Ting-Lu\n|-damage|p2a: Ting-Lu|24\/100\n|move|p2a: Ting-Lu|Heavy Slam|p1b: Corviknight\n|-resisted|p1b: Corviknight\n|-damage|p1b: Corviknight|5\/100\n|\n|-heal|p1b: Corviknight|11\/100|[from] item: Leftovers\n|upkeep\n|turn|10\n|inactive|manolisjam has 30 seconds left.\n|inactive|manolisjam has 20 seconds left.\n|inactive|manolisjam has 15 seconds left.\n|inactive|manolisjam has 10 seconds left.\n|\n|t:|1683024178\n|move|p1b: Corviknight|Iron Head|p2a: Ting-Lu\n|-damage|p2a: Ting-Lu|8\/100\n|cant|p2a: Ting-Lu|flinch\n|\n|-heal|p1b: Corviknight|17\/100|[from] item: Leftovers\n|upkeep\n|turn|11\n|inactive|Eltryllis has 30 seconds left.\n|inactive|Eltryllis has 20 seconds left.\n|inactive|Eltryllis has 15 seconds left.\n|inactive|Eltryllis has 10 seconds left.\n|\n|t:|1683024223\n|move|p1b: Corviknight|Iron Head|p2a: Ting-Lu\n|-damage|p2a: Ting-Lu|0 fnt\n|faint|p2a: Ting-Lu\n|\n|win|manolisjam\n|raw|manolisjam's rating: 1233 → 1259<\/strong> (+26 for winning)\n|raw|Eltryllis's rating: 1250 → 1224<\/strong> (-26 for losing)\n|l|\u2606Eltryllis\n","uploadtime":1683024379,"views":7,"p1id":"manolisjam","p2id":"eltryllis","formatid":"gen9vgc2023regulationc","rating":1224,"private":0,"password":""}