{"id":"gen9vgc2023regulationc-1845614632","p1":"cynthiacfm","p2":"fo50","format":"[Gen 9] VGC 2023 Regulation C","log":"|j|\u2606cynthiacfm\n|j|\u2606fo50\n|t:|1681749596\n|gametype|doubles\n|player|p1|cynthiacfm|266|1115\n|player|p2|fo50|169|1075\n|teamsize|p1|6\n|teamsize|p2|6\n|gen|9\n|tier|[Gen 9] VGC 2023 Regulation C\n|rated|\n|rule|Species Clause: Limit one of each Pok\u00e9mon\n|rule|Item Clause: Limit one of each item\n|clearpoke\n|poke|p1|Dragonite, L50, M|\n|poke|p1|Corviknight, L50, M|\n|poke|p1|Garchomp, L50, M|\n|poke|p1|Iron Bundle, L50|\n|poke|p1|Glimmora, L50, M|\n|poke|p1|Ting-Lu, L50|\n|poke|p2|Scovillain, L50, M|\n|poke|p2|Dragonite, L50, M|\n|poke|p2|Tinkaton, L50, F|\n|poke|p2|Amoonguss, L50, M|\n|poke|p2|Torkoal, L50, F|\n|poke|p2|Scizor, L50, F|\n|teampreview|4\n|\n|t:|1681749623\n|start\n|switch|p1a: Dragonite|Dragonite, L50, M, shiny|100\/100\n|switch|p1b: Garchomp|Garchomp, L50, M, shiny|100\/100\n|switch|p2a: Scovillain|Scovillain, L50, M|100\/100\n|switch|p2b: Tinkaton|Tinkaton, L50, F|100\/100\n|turn|1\n|\n|t:|1681749652\n|switch|p2b: Torkoal|Torkoal, L50, F|100\/100\n|-weather|SunnyDay|[from] ability: Drought|[of] p2b: Torkoal\n|-item|p2b: Torkoal|Air Balloon\n|-terastallize|p1a: Dragonite|Normal\n|move|p1b: Garchomp|Protect|p1b: Garchomp\n|-singleturn|p1b: Garchomp|Protect\n|move|p1a: Dragonite|Extreme Speed|p2b: Torkoal\n|-damage|p2b: Torkoal|55\/100\n|-enditem|p2b: Torkoal|Air Balloon\n|-damage|p1a: Dragonite|91\/100|[from] item: Life Orb\n|move|p2a: Scovillain|Solar Beam||[still]\n|-prepare|p2a: Scovillain|Solar Beam\n|-anim|p2a: Scovillain|Solar Beam|p1b: Garchomp\n|-activate|p1b: Garchomp|move: Protect\n|\n|-weather|SunnyDay|[upkeep]\n|upkeep\n|turn|2\n|\n|t:|1681749680\n|switch|p2b: Dragonite|Dragonite, L50, M|100\/100\n|move|p1a: Dragonite|Extreme Speed|p2a: Scovillain\n|-damage|p2a: Scovillain|0 fnt\n|faint|p2a: Scovillain\n|-damage|p1a: Dragonite|81\/100|[from] item: Life Orb\n|move|p1b: Garchomp|Earthquake|p2b: Dragonite|[spread] p1a\n|-immune|p2b: Dragonite\n|-damage|p1a: Dragonite|37\/100\n|\n|-weather|SunnyDay|[upkeep]\n|upkeep\n|\n|t:|1681749695\n|switch|p2a: Tinkaton|Tinkaton, L50, F|100\/100\n|turn|3\n|\n|t:|1681749709\n|move|p1a: Dragonite|Protect|p1a: Dragonite\n|-singleturn|p1a: Dragonite|Protect\n|move|p2a: Tinkaton|Fake Out|p1b: Garchomp\n|-damage|p1b: Garchomp|90\/100\n|move|p2b: Dragonite|Extreme Speed|p1a: Dragonite\n|-activate|p1a: Dragonite|move: Protect\n|move|p1b: Garchomp|Earthquake|p2a: Tinkaton|[spread] p2a\n|-activate|p1a: Dragonite|move: Protect\n|-immune|p2b: Dragonite\n|-supereffective|p2a: Tinkaton\n|-damage|p2a: Tinkaton|0 fnt\n|faint|p2a: Tinkaton\n|\n|-weather|SunnyDay|[upkeep]\n|upkeep\n|\n|t:|1681749725\n|switch|p2a: Torkoal|Torkoal, L50, F|55\/100\n|turn|4\n|\n|t:|1681749738\n|move|p1b: Garchomp|Protect|p1b: Garchomp\n|-singleturn|p1b: Garchomp|Protect\n|move|p2a: Torkoal|Protect|p2a: Torkoal\n|-singleturn|p2a: Torkoal|Protect\n|move|p1a: Dragonite|Extreme Speed|p2a: Torkoal\n|-activate|p2a: Torkoal|move: Protect\n|move|p2b: Dragonite|Ice Spinner|p1b: Garchomp\n|-activate|p1b: Garchomp|move: Protect\n|\n|-weather|SunnyDay|[upkeep]\n|upkeep\n|turn|5\n|\n|t:|1681749763\n|move|p1a: Dragonite|Extreme Speed|p2a: Torkoal\n|-damage|p2a: Torkoal|16\/100\n|-damage|p1a: Dragonite|28\/100|[from] item: Life Orb\n|move|p1b: Garchomp|Iron Head|p2b: Dragonite\n|-damage|p2b: Dragonite|85\/100\n|move|p2b: Dragonite|Ice Spinner|p1b: Garchomp\n|-supereffective|p1b: Garchomp\n|-crit|p1b: Garchomp\n|-damage|p1b: Garchomp|0 fnt\n|faint|p1b: Garchomp\n|move|p2a: Torkoal|Yawn|p1a: Dragonite\n|-start|p1a: Dragonite|move: Yawn|[of] p2a: Torkoal\n|\n|-weather|none\n|upkeep\n|\n|t:|1681749781\n|switch|p1b: Ting-Lu|Ting-Lu, L50|100\/100\n|-ability|p1b: Ting-Lu|Vessel of Ruin\n|turn|6\n|\n|t:|1681749794\n|move|p2a: Torkoal|Protect|p2a: Torkoal\n|-singleturn|p2a: Torkoal|Protect\n|move|p1a: Dragonite|Extreme Speed|p2b: Dragonite\n|-damage|p2b: Dragonite|21\/100\n|-damage|p1a: Dragonite|18\/100|[from] item: Life Orb\n|move|p2b: Dragonite|Ice Spinner|p1b: Ting-Lu\n|-supereffective|p1b: Ting-Lu\n|-damage|p1b: Ting-Lu|71\/100\n|-enditem|p1b: Ting-Lu|Weakness Policy\n|-boost|p1b: Ting-Lu|atk|2|[from] item: Weakness Policy\n|-boost|p1b: Ting-Lu|spa|2|[from] item: Weakness Policy\n|move|p1b: Ting-Lu|Throat Chop|p2b: Dragonite\n|-damage|p2b: Dragonite|0 fnt\n|faint|p2b: Dragonite\n|\n|-end|p1a: Dragonite|move: Yawn|[silent]\n|-status|p1a: Dragonite|slp\n|upkeep\n|turn|7\n|\n|t:|1681749822\n|cant|p1a: Dragonite|slp\n|move|p1b: Ting-Lu|Fissure|p2a: Torkoal\n|-damage|p2a: Torkoal|0 fnt\n|faint|p2a: Torkoal\n|-ohko\n|\n|win|cynthiacfm\n|raw|cynthiacfm's rating: 1115 → 1137<\/strong> (+22 for winning)\n|raw|fo50's rating: 1075 → 1056<\/strong> (-19 for losing)\n|l|\u2606cynthiacfm\n","uploadtime":1681749833,"views":14,"p1id":"cynthiacfm","p2id":"fo50","formatid":"gen9vgc2023regulationc","rating":1056,"private":0,"password":""}