{"id":"gen9vgc2023regulationc-1853310475","p1":"knowking Trump","p2":"SleepyBadGirl","format":"[Gen 9] VGC 2023 Regulation C","log":"|j|\u2606knowking Trump\n|j|\u2606SleepyBadGirl\n|t:|1682665679\n|gametype|doubles\n|player|p1|knowking Trump|rosa|1600\n|player|p2|SleepyBadGirl|nate|1582\n|teamsize|p1|6\n|teamsize|p2|6\n|gen|9\n|tier|[Gen 9] VGC 2023 Regulation C\n|rated|\n|rule|Species Clause: Limit one of each Pok\u00e9mon\n|rule|Item Clause: Limit one of each item\n|clearpoke\n|poke|p1|Ting-Lu, L50|\n|poke|p1|Glimmora, L50, M|\n|poke|p1|Tatsugiri, L50, M|\n|poke|p1|Dondozo, L50, F|\n|poke|p1|Arcanine, L50, M|\n|poke|p1|Flutter Mane, L50|\n|poke|p2|Chi-Yu, L50|\n|poke|p2|Iron Bundle, L50|\n|poke|p2|Flutter Mane, L50|\n|poke|p2|Scizor, L50, M|\n|poke|p2|Baxcalibur, L50, F|\n|poke|p2|Great Tusk, L50|\n|teampreview|4\n|inactive|Battle timer is ON: inactive players will automatically lose when time's up. (requested by SleepyBadGirl)\n|c|\u2606SleepyBadGirl|\u4f60\u597d\u61c2\u738b\n|inactive|SleepyBadGirl has 60 seconds left.\n|\n|t:|1682665737\n|start\n|switch|p1a: Glimmora|Glimmora, L50, M|100\/100\n|switch|p1b: Ting-Lu|Ting-Lu, L50|100\/100\n|switch|p2a: Iron Bundle|Iron Bundle, L50|100\/100\n|switch|p2b: Flutter Mane|Flutter Mane, L50|100\/100\n|-ability|p1b: Ting-Lu|Vessel of Ruin\n|-enditem|p2a: Iron Bundle|Booster Energy\n|-activate|p2a: Iron Bundle|ability: Quark Drive|[fromitem]\n|-start|p2a: Iron Bundle|quarkdrivespe\n|turn|1\n|inactive|SleepyBadGirl has 30 seconds left.\n|\n|t:|1682665775\n|move|p2a: Iron Bundle|Hydro Pump|p1a: Glimmora\n|-supereffective|p1a: Glimmora\n|-enditem|p1a: Glimmora|Focus Sash\n|-damage|p1a: Glimmora|1\/100\n|move|p2b: Flutter Mane|Shadow Ball|p1a: Glimmora\n|-damage|p1a: Glimmora|0 fnt\n|faint|p1a: Glimmora\n|move|p1b: Ting-Lu|Heavy Slam|p2b: Flutter Mane\n|-supereffective|p2b: Flutter Mane\n|-damage|p2b: Flutter Mane|0 fnt\n|faint|p2b: Flutter Mane\n|-end|p2b: Flutter Mane|Protosynthesis|[silent]\n|\n|upkeep\n|inactive|knowking Trump has 30 seconds left.\n|inactive|knowking Trump has 20 seconds left.\n|inactive|knowking Trump has 15 seconds left.\n|inactive|knowking Trump has 10 seconds left.\n|\n|t:|1682665823\n|switch|p2b: Chi-Yu|Chi-Yu, L50|100\/100\n|switch|p1a: Dondozo|Dondozo, L50, F|100\/100\n|-ability|p2b: Chi-Yu|Beads of Ruin\n|turn|2\n|\n|t:|1682665835\n|-terastallize|p2b: Chi-Yu|Grass\n|move|p1a: Dondozo|Protect|p1a: Dondozo\n|-singleturn|p1a: Dondozo|Protect\n|move|p2a: Iron Bundle|Freeze-Dry|p1b: Ting-Lu\n|-supereffective|p1b: Ting-Lu\n|-damage|p1b: Ting-Lu|69\/100\n|move|p2b: Chi-Yu|Tera Blast|p1b: Ting-Lu\n|-supereffective|p1b: Ting-Lu\n|-damage|p1b: Ting-Lu|12\/100\n|-damage|p2b: Chi-Yu|91\/100|[from] item: Life Orb\n|move|p1b: Ting-Lu|Stomping Tantrum|p2b: Chi-Yu\n|-resisted|p2b: Chi-Yu\n|-crit|p2b: Chi-Yu\n|-damage|p2b: Chi-Yu|53\/100\n|\n|upkeep\n|turn|3\n|inactive|knowking Trump has 30 seconds left.\n|inactive|knowking Trump has 20 seconds left.\n|inactive|knowking Trump has 15 seconds left.\n|inactive|knowking Trump has 10 seconds left.\n|\n|t:|1682665883\n|switch|p1b: Tatsugiri|Tatsugiri, L50, M|100\/100\n|-activate|p1b: Tatsugiri|ability: Commander|[of] p1a: Dondozo\n|-boost|p1a: Dondozo|atk|2\n|-boost|p1a: Dondozo|spa|2\n|-boost|p1a: Dondozo|spe|2\n|-boost|p1a: Dondozo|def|2\n|-boost|p1a: Dondozo|spd|2\n|-terastallize|p1a: Dondozo|Fire\n|move|p2b: Chi-Yu|Protect|p2b: Chi-Yu\n|-singleturn|p2b: Chi-Yu|Protect\n|move|p2a: Iron Bundle|Freeze-Dry|p1a: Dondozo\n|-resisted|p1a: Dondozo\n|-damage|p1a: Dondozo|89\/100\n|move|p1a: Dondozo|Earthquake|p2b: Chi-Yu|[spread] p2a\n|-miss|p1a: Dondozo|p1b: Tatsugiri\n|-activate|p2b: Chi-Yu|move: Protect\n|-crit|p2a: Iron Bundle\n|-damage|p2a: Iron Bundle|26\/100\n|\n|-heal|p1a: Dondozo|95\/100|[from] item: Leftovers\n|upkeep\n|turn|4\n|\n|t:|1682665904\n|move|p2a: Iron Bundle|Hydro Pump|p1a: Dondozo\n|-supereffective|p1a: Dondozo\n|-damage|p1a: Dondozo|18\/100\n|move|p1a: Dondozo|Earthquake|p2b: Chi-Yu|[spread] p2a,p2b\n|-miss|p1a: Dondozo|p1b: Tatsugiri\n|-resisted|p2b: Chi-Yu\n|-damage|p2a: Iron Bundle|0 fnt\n|-damage|p2b: Chi-Yu|17\/100\n|faint|p2a: Iron Bundle\n|-end|p2a: Iron Bundle|Quark Drive|[silent]\n|move|p2b: Chi-Yu|Dark Pulse|p1a: Dondozo\n|-damage|p1a: Dondozo|0 fnt\n|faint|p1a: Dondozo\n|-damage|p2b: Chi-Yu|8\/100|[from] item: Life Orb\n|\n|upkeep\n|\n|t:|1682665911\n|switch|p2a: Baxcalibur|Baxcalibur, L50, F|100\/100\n|switch|p1a: Ting-Lu|Ting-Lu, L50|12\/100\n|-ability|p1a: Ting-Lu|Vessel of Ruin\n|turn|5\n|inactive|knowking Trump has 30 seconds left.\n|\n|t:|1682665938\n|move|p2a: Baxcalibur|Ice Shard|p1a: Ting-Lu\n|-supereffective|p1a: Ting-Lu\n|-damage|p1a: Ting-Lu|0 fnt\n|faint|p1a: Ting-Lu\n|move|p1b: Tatsugiri|Draco Meteor|p2a: Baxcalibur\n|-supereffective|p2a: Baxcalibur\n|-damage|p2a: Baxcalibur|0 fnt\n|-unboost|p1b: Tatsugiri|spa|2\n|faint|p2a: Baxcalibur\n|move|p2b: Chi-Yu|Dark Pulse|p1b: Tatsugiri\n|-damage|p1b: Tatsugiri|0 fnt\n|faint|p1b: Tatsugiri\n|-damage|p2b: Chi-Yu|0 fnt|[from] item: Life Orb\n|faint|p2b: Chi-Yu\n|\n|win|SleepyBadGirl\n|raw|knowking Trump's rating: 1600 → 1579<\/strong> (-21 for losing)\n|raw|SleepyBadGirl's rating: 1582 → 1603<\/strong> (+21 for winning)\n|l|\u2606knowking Trump\n","uploadtime":1682665954,"views":4,"p1id":"knowkingtrump","p2id":"sleepybadgirl","formatid":"gen9vgc2023regulationc","rating":1579,"private":0,"password":""}