{"id":"gen9vgc2023regulationc-1852373987","p1":"b(R)2","p2":"NCB123","format":"[Gen 9] VGC 2023 Regulation C","log":"|j|\u2606b(R)2\n|j|\u2606NCB123\n|t:|1682549731\n|gametype|doubles\n|player|p1|b(R)2|266|1170\n|player|p2|NCB123|steven|1121\n|teamsize|p1|6\n|teamsize|p2|6\n|gen|9\n|tier|[Gen 9] VGC 2023 Regulation C\n|rated|\n|rule|Species Clause: Limit one of each Pok\u00e9mon\n|rule|Item Clause: Limit one of each item\n|clearpoke\n|poke|p1|Ting-Lu, L50|\n|poke|p1|Amoonguss, L50, F|\n|poke|p1|Garganacl, L50, F|\n|poke|p1|Arcanine, L50, F|\n|poke|p1|Roaring Moon, L50|\n|poke|p1|Iron Bundle, L50|\n|poke|p2|Chien-Pao, L50|\n|poke|p2|Pelipper, L50, F|\n|poke|p2|Dondozo, L50, F|\n|poke|p2|Drednaw, L50, F|\n|poke|p2|Dragonite, L50, M|\n|poke|p2|Tatsugiri-Droopy, L50, F|\n|teampreview|4\nb(R)2 has agreed to open team sheets.\n|inactive|Battle timer is ON: inactive players will automatically lose when time's up. (requested by NCB123)\nNCB123 rejected open team sheets.\n|\n|t:|1682549781\n|start\n|switch|p1a: Iron Bundle|Iron Bundle, L50|100\/100\n|switch|p1b: Amoonguss|Amoonguss, L50, F|100\/100\n|switch|p2a: Pelipper|Pelipper, L50, F|100\/100\n|switch|p2b: Drednaw|Drednaw, L50, F, shiny|100\/100\n|-weather|RainDance|[from] ability: Drizzle|[of] p2a: Pelipper\n|turn|1\n|inactive|b(R)2 has 30 seconds left.\n|inactive|NCB123 has 30 seconds left.\n|inactive|b(R)2 has 20 seconds left.\n|inactive|b(R)2 has 15 seconds left.\n|inactive|b(R)2 has 10 seconds left.\n|\n|t:|1682549828\n|-terastallize|p2b: Drednaw|Grass\n|move|p1a: Iron Bundle|Protect|p1a: Iron Bundle\n|-singleturn|p1a: Iron Bundle|Protect\n|move|p2b: Drednaw|Tera Blast|p1a: Iron Bundle\n|-activate|p1a: Iron Bundle|move: Protect\n|move|p2a: Pelipper|Hurricane|p1b: Amoonguss\n|-supereffective|p1b: Amoonguss\n|-damage|p1b: Amoonguss|12\/100\n|-enditem|p1b: Amoonguss|Sitrus Berry|[eat]\n|-heal|p1b: Amoonguss|37\/100|[from] item: Sitrus Berry\n|move|p1b: Amoonguss|Spore|p2b: Drednaw\n|-immune|p2b: Drednaw\n|\n|-weather|RainDance|[upkeep]\n|upkeep\n|turn|2\n|inactive|b(R)2 has 30 seconds left.\n|\n|t:|1682549857\n|switch|p1b: Garganacl|Garganacl, L50, F|100\/100\n|-terastallize|p1a: Iron Bundle|Ice\n|move|p2b: Drednaw|Tera Blast|p1a: Iron Bundle\n|-damage|p1a: Iron Bundle|28\/100\n|move|p1a: Iron Bundle|Freeze-Dry|p2b: Drednaw\n|-supereffective|p2b: Drednaw\n|-damage|p2b: Drednaw|0 fnt\n|faint|p2b: Drednaw\n|move|p2a: Pelipper|Tailwind|p2a: Pelipper\n|-sidestart|p2: NCB123|move: Tailwind\n|\n|-weather|RainDance|[upkeep]\n|upkeep\n|\n|t:|1682549878\n|switch|p2b: Dondozo|Dondozo, L50, F|100\/100\n|turn|3\n|\n|t:|1682549890\n|move|p1a: Iron Bundle|Protect|p1a: Iron Bundle\n|-singleturn|p1a: Iron Bundle|Protect\n|move|p2b: Dondozo|Surf|p1b: Garganacl|[spread] p2a,p1b\n|-activate|p1a: Iron Bundle|move: Protect\n|-resisted|p2a: Pelipper\n|-supereffective|p1b: Garganacl\n|-damage|p2a: Pelipper|70\/100\n|-damage|p1b: Garganacl|40\/100\n|-damage|p2b: Dondozo|91\/100|[from] item: Life Orb\n|move|p2a: Pelipper|Hydro Pump|p1b: Garganacl\n|-supereffective|p1b: Garganacl\n|-damage|p1b: Garganacl|0 fnt\n|faint|p1b: Garganacl\n|\n|-weather|RainDance|[upkeep]\n|upkeep\n|\n|t:|1682549904\n|switch|p1b: Roaring Moon|Roaring Moon, L50|100\/100\n|-enditem|p1b: Roaring Moon|Booster Energy\n|-activate|p1b: Roaring Moon|ability: Protosynthesis|[fromitem]\n|-start|p1b: Roaring Moon|protosynthesisatk\n|turn|4\n|\n|t:|1682549922\n|-end|p1a: Iron Bundle|Quark Drive|[silent]\n|switch|p1a: Amoonguss|Amoonguss, L50, F|70\/100\n|switch|p2a: Tatsugiri|Tatsugiri-Droopy, L50, F, shiny|100\/100\n|-activate|p2a: Tatsugiri|ability: Commander|[of] p2b: Dondozo\n|-boost|p2b: Dondozo|atk|2\n|-boost|p2b: Dondozo|spa|2\n|-boost|p2b: Dondozo|spe|2\n|-boost|p2b: Dondozo|def|2\n|-boost|p2b: Dondozo|spd|2\n|move|p2b: Dondozo|Surf|p1b: Roaring Moon|[spread] p1a,p1b\n|-miss|p2b: Dondozo|p2a: Tatsugiri\n|-resisted|p1a: Amoonguss\n|-crit|p1a: Amoonguss\n|-resisted|p1b: Roaring Moon\n|-damage|p1a: Amoonguss|10\/100\n|-damage|p1b: Roaring Moon|64\/100\n|-damage|p2b: Dondozo|81\/100|[from] item: Life Orb\n|move|p1b: Roaring Moon|Acrobatics|p2b: Dondozo\n|-damage|p2b: Dondozo|59\/100\n|\n|-weather|RainDance|[upkeep]\n|upkeep\n|turn|5\n|inactive|b(R)2 has 30 seconds left.\n|\n|t:|1682549956\n|move|p1a: Amoonguss|Protect|p1a: Amoonguss\n|-singleturn|p1a: Amoonguss|Protect\n|move|p2b: Dondozo|Surf|p1a: Amoonguss|[spread] p1b\n|-miss|p2b: Dondozo|p2a: Tatsugiri\n|-activate|p1a: Amoonguss|move: Protect\n|-resisted|p1b: Roaring Moon\n|-damage|p1b: Roaring Moon|27\/100\n|-damage|p2b: Dondozo|49\/100|[from] item: Life Orb\n|move|p1b: Roaring Moon|Dragon Dance|p1b: Roaring Moon\n|-boost|p1b: Roaring Moon|atk|1\n|-boost|p1b: Roaring Moon|spe|1\n|\n|-weather|RainDance|[upkeep]\n|-sideend|p2: NCB123|move: Tailwind\n|upkeep\n|turn|6\n|inactive|b(R)2 has 30 seconds left.\n|\n|t:|1682549983\n|move|p1b: Roaring Moon|Protect|p1b: Roaring Moon\n|-singleturn|p1b: Roaring Moon|Protect\n|move|p2b: Dondozo|Surf|p1b: Roaring Moon|[spread] p1a\n|-miss|p2b: Dondozo|p2a: Tatsugiri\n|-activate|p1b: Roaring Moon|move: Protect\n|-resisted|p1a: Amoonguss\n|-damage|p1a: Amoonguss|0 fnt\n|faint|p1a: Amoonguss\n|-damage|p2b: Dondozo|39\/100|[from] item: Life Orb\n|\n|-weather|RainDance|[upkeep]\n|upkeep\n|\n|t:|1682549993\n|switch|p1a: Iron Bundle|Iron Bundle, L50, tera:Ice|28\/100\n|turn|7\n|\n|t:|1682550006\n|move|p1b: Roaring Moon|Acrobatics|p2b: Dondozo\n|-damage|p2b: Dondozo|19\/100\n|move|p1a: Iron Bundle|Freeze-Dry|p2b: Dondozo\n|-supereffective|p2b: Dondozo\n|-damage|p2b: Dondozo|0 fnt\n|faint|p2b: Dondozo\n|\n|-weather|RainDance|[upkeep]\n|upkeep\n|\n|t:|1682550014\n|switch|p2b: Pelipper|Pelipper, L50, F|70\/100\n|turn|8\n|\n|t:|1682550037\n|move|p2a: Tatsugiri|Icy Wind|p1b: Roaring Moon|[spread] p1a,p1b\n|-resisted|p1a: Iron Bundle\n|-supereffective|p1b: Roaring Moon\n|-damage|p1a: Iron Bundle|14\/100\n|-damage|p1b: Roaring Moon|2\/100\n|-unboost|p1a: Iron Bundle|spe|1\n|-unboost|p1b: Roaring Moon|spe|1\n|move|p1b: Roaring Moon|Acrobatics|p2a: Tatsugiri\n|-damage|p2a: Tatsugiri|0 fnt\n|faint|p2a: Tatsugiri\n|move|p1a: Iron Bundle|Freeze-Dry|p2b: Pelipper\n|-supereffective|p2b: Pelipper\n|-crit|p2b: Pelipper\n|-damage|p2b: Pelipper|0 fnt\n|faint|p2b: Pelipper\n|\n|win|b(R)2\n|raw|b(R)2's rating: 1170 → 1191<\/strong> (+21 for winning)\n|raw|NCB123's rating: 1121 → 1100<\/strong> (-21 for losing)\n|l|\u2606NCB123\n","uploadtime":1682550051,"views":23,"p1id":"br2","p2id":"ncb123","formatid":"gen9vgc2023regulationc","rating":1100,"private":0,"password":""}