{"id":"gen9vgc2023regulationc-1851983594","p1":"ttsui234","p2":"Ayabe0119","format":"[Gen 9] VGC 2023 Regulation C","log":"|j|\u2606ttsui234\n|j|\u2606Ayabe0119\n|t:|1682513827\n|gametype|doubles\n|player|p1|ttsui234|170|\n|player|p2|Ayabe0119|170|\n|teamsize|p1|6\n|teamsize|p2|6\n|gen|9\n|tier|[Gen 9] VGC 2023 Regulation C\n|rule|Species Clause: Limit one of each Pok\u00e9mon\n|rule|Item Clause: Limit one of each item\n|clearpoke\n|poke|p1|Talonflame, L50, M|\n|poke|p1|Gholdengo, L50|\n|poke|p1|Iron Bundle, L50|\n|poke|p1|Garchomp, L50, M|\n|poke|p1|Chien-Pao, L50|\n|poke|p1|Iron Hands, L50|\n|poke|p2|Glimmora, L50, M|\n|poke|p2|Dragonite, L50, M|\n|poke|p2|Dondozo, L50, M|\n|poke|p2|Tatsugiri, L50, F|\n|poke|p2|Chi-Yu, L50|\n|poke|p2|Iron Bundle, L50|\n|teampreview|4\nttsui234 has agreed to open team sheets.\nAyabe0119 has agreed to open team sheets.\n|\n|t:|1682513909\n|start\n|switch|p1a: Gholdengo|Gholdengo, L50|100\/100\n|switch|p1b: Garchomp|Garchomp, L50, M|100\/100\n|switch|p2a: Iron Bundle|Iron Bundle, L50, shiny|100\/100\n|switch|p2b: Dondozo|Dondozo, L50, M|100\/100\n|-enditem|p2a: Iron Bundle|Booster Energy\n|-activate|p2a: Iron Bundle|ability: Quark Drive|[fromitem]\n|-start|p2a: Iron Bundle|quarkdrivespe\n|turn|1\n|\n|t:|1682514024\n|-end|p2a: Iron Bundle|Quark Drive|[silent]\n|switch|p2a: Tatsugiri|Tatsugiri, L50, F|100\/100\n|-activate|p2a: Tatsugiri|ability: Commander|[of] p2b: Dondozo\n|-boost|p2b: Dondozo|atk|2\n|-boost|p2b: Dondozo|spa|2\n|-boost|p2b: Dondozo|spe|2\n|-boost|p2b: Dondozo|def|2\n|-boost|p2b: Dondozo|spd|2\n|move|p1b: Garchomp|Protect|p1b: Garchomp\n|-singleturn|p1b: Garchomp|Protect\n|move|p2b: Dondozo|Earthquake|p1b: Garchomp|[spread] p1a\n|-miss|p2b: Dondozo|p2a: Tatsugiri\n|-activate|p1b: Garchomp|move: Protect\n|-supereffective|p1a: Gholdengo\n|-damage|p1a: Gholdengo|8\/100\n|move|p1a: Gholdengo|Thunderbolt|p2b: Dondozo\n|-supereffective|p2b: Dondozo\n|-damage|p2b: Dondozo|61\/100\n|\n|-heal|p2b: Dondozo|67\/100|[from] item: Leftovers\n|upkeep\n|turn|2\n|\n|t:|1682514054\n|switch|p1a: Talonflame|Talonflame, L50, M|100\/100\n|move|p2b: Dondozo|Earthquake|p1b: Garchomp|[spread] p1b\n|-miss|p2b: Dondozo|p2a: Tatsugiri\n|-immune|p1a: Talonflame\n|-damage|p1b: Garchomp|65\/100\n|move|p1b: Garchomp|Dragon Claw|p2b: Dondozo\n|-damage|p2b: Dondozo|51\/100\n|\n|-heal|p2b: Dondozo|57\/100|[from] item: Leftovers\n|upkeep\n|turn|3\n|\n|t:|1682514084\n|move|p1a: Talonflame|Will-O-Wisp|p2b: Dondozo\n|-status|p2b: Dondozo|brn\n|move|p2b: Dondozo|Wave Crash|p1a: Talonflame\n|-supereffective|p1a: Talonflame\n|-damage|p1a: Talonflame|0 fnt\n|faint|p1a: Talonflame\n|-damage|p2b: Dondozo|31\/100 brn|[from] Recoil\n|move|p1b: Garchomp|Dragon Claw|p2b: Dondozo\n|-damage|p2b: Dondozo|16\/100 brn\n|\n|-heal|p2b: Dondozo|23\/100 brn|[from] item: Leftovers\n|-damage|p2b: Dondozo|16\/100 brn|[from] brn\n|upkeep\n|\n|t:|1682514095\n|switch|p1a: Iron Bundle|Iron Bundle, L50|100\/100\n|-enditem|p1a: Iron Bundle|Booster Energy\n|-activate|p1a: Iron Bundle|ability: Quark Drive|[fromitem]\n|-start|p1a: Iron Bundle|quarkdrivespe\n|turn|4\n|\n|t:|1682514114\n|move|p2b: Dondozo|Protect|p2b: Dondozo\n|-singleturn|p2b: Dondozo|Protect\n|move|p1a: Iron Bundle|Freeze-Dry|p2b: Dondozo\n|-activate|p2b: Dondozo|move: Protect\n|move|p1b: Garchomp|Dragon Claw|p2a: Tatsugiri|[miss]\n|-miss|p1b: Garchomp|p2a: Tatsugiri\n|\n|-heal|p2b: Dondozo|23\/100 brn|[from] item: Leftovers\n|-damage|p2b: Dondozo|16\/100 brn|[from] brn\n|upkeep\n|turn|5\n|\n|t:|1682514122\n|move|p1a: Iron Bundle|Freeze-Dry|p2b: Dondozo\n|-supereffective|p2b: Dondozo\n|-damage|p2b: Dondozo|0 fnt\n|faint|p2b: Dondozo\n|move|p1b: Garchomp|Dragon Claw|p2a: Tatsugiri\n|-supereffective|p2a: Tatsugiri\n|-damage|p2a: Tatsugiri|0 fnt\n|faint|p2a: Tatsugiri\n|\n|upkeep\n|\n|t:|1682514126\n|switch|p2a: Chi-Yu|Chi-Yu, L50|100\/100\n|switch|p2b: Iron Bundle|Iron Bundle, L50, shiny|100\/100\n|-ability|p2a: Chi-Yu|Beads of Ruin\n|turn|6\n|\n|t:|1682514162\n|-terastallize|p2a: Chi-Yu|Ghost\n|-terastallize|p1b: Garchomp|Fire\n|move|p1a: Iron Bundle|Icy Wind|p2b: Iron Bundle|[spread] p2a,p2b\n|-resisted|p2b: Iron Bundle\n|-damage|p2a: Chi-Yu|75\/100\n|-damage|p2b: Iron Bundle|87\/100\n|-unboost|p2a: Chi-Yu|spe|1\n|-unboost|p2b: Iron Bundle|spe|1\n|move|p1b: Garchomp|Stomping Tantrum|p2a: Chi-Yu\n|-damage|p2a: Chi-Yu|9\/100\n|move|p2b: Iron Bundle|Hydro Pump|p1b: Garchomp\n|-supereffective|p1b: Garchomp\n|-damage|p1b: Garchomp|0 fnt\n|faint|p1b: Garchomp\n|move|p2a: Chi-Yu|Overheat|p1a: Iron Bundle\n|-damage|p1a: Iron Bundle|0 fnt\n|-unboost|p2a: Chi-Yu|spa|2\n|faint|p1a: Iron Bundle\n|-end|p1a: Iron Bundle|Quark Drive|[silent]\n|\n|upkeep\n|\n|t:|1682514175\n|switch|p1b: Gholdengo|Gholdengo, L50|8\/100\n|turn|7\n|\n|t:|1682514199\n|move|p2b: Iron Bundle|Protect|p2b: Iron Bundle\n|-singleturn|p2b: Iron Bundle|Protect\n|move|p1b: Gholdengo|Make It Rain|p2a: Chi-Yu|[spread] p2a\n|-activate|p2b: Iron Bundle|move: Protect\n|-damage|p2a: Chi-Yu|0 fnt\n|-unboost|p1b: Gholdengo|spa|1\n|faint|p2a: Chi-Yu\n|\n|upkeep\n|turn|8\n|\n|t:|1682514203\n|move|p1b: Gholdengo|Make It Rain|p2b: Iron Bundle\n|-damage|p2b: Iron Bundle|0 fnt\n|-unboost|p1b: Gholdengo|spa|1\n|faint|p2b: Iron Bundle\n|-end|p2b: Iron Bundle|Quark Drive|[silent]\n|\n|win|ttsui234\n|l|\u2606ttsui234\n","uploadtime":1682514211,"views":15,"p1id":"ttsui234","p2id":"ayabe0119","formatid":"gen9vgc2023regulationc","rating":0,"private":0,"password":""}