{"id":"gen9vgc2023regulationc-1855066952","p1":"RNG cant stop me","p2":"QuarkDragonisGOD","format":"[Gen 9] VGC 2023 Regulation C","log":"|j|\u2606RNG cant stop me\n|j|\u2606QuarkDragonisGOD\n|t:|1682897266\n|gametype|doubles\n|player|p1|RNG cant stop me|n|1119\n|player|p2|QuarkDragonisGOD|265|1076\n|teamsize|p1|6\n|teamsize|p2|6\n|gen|9\n|tier|[Gen 9] VGC 2023 Regulation C\n|rated|\n|rule|Species Clause: Limit one of each Pok\u00e9mon\n|rule|Item Clause: Limit one of each item\n|clearpoke\n|poke|p1|Ting-Lu, L50|\n|poke|p1|Chien-Pao, L50|\n|poke|p1|Palafin, L50, F|\n|poke|p1|Amoonguss, L50, F|\n|poke|p1|Arcanine, L50, M|\n|poke|p1|Dragapult, L50, M|\n|poke|p2|Arcanine, L50, F|\n|poke|p2|Palafin, L50, F|\n|poke|p2|Baxcalibur, L50, F|\n|poke|p2|Flutter Mane, L50|\n|poke|p2|Amoonguss, L50, F|\n|poke|p2|Ting-Lu, L50|\n|teampreview|4\nRNG cant stop me has agreed to open team sheets.\n|c|\u2606RNG cant stop me|gl hf\n|inactive|Battle timer is ON: inactive players will automatically lose when time's up. (requested by QuarkDragonisGOD)\n|\n|t:|1682897362\n|start\n|switch|p1a: Tatsugeki|Palafin, L50, F, shiny|100\/100\n|switch|p1b: R K 9|Arcanine, L50, M, shiny|100\/100\n|switch|p2a: Palafin|Palafin, L50, F|100\/100\n|switch|p2b: Arcanine|Arcanine, L50, F|100\/100\n|-ability|p1b: R K 9|Intimidate|boost\n|-unboost|p2a: Palafin|atk|1\n|-unboost|p2b: Arcanine|atk|1\n|-ability|p2b: Arcanine|Intimidate|boost\n|-unboost|p1a: Tatsugeki|atk|1\n|-unboost|p1b: R K 9|atk|1\n|turn|1\n|\n|t:|1682897378\n|switch|p2b: Amoonguss|Amoonguss, L50, F|100\/100\n|detailschange|p2a: Palafin|Palafin-Hero, L50, F\n|switch|p2a: Baxcalibur|Baxcalibur, L50, F|100\/100\n|-terastallize|p1a: Tatsugeki|Water\n|move|p1b: R K 9|Will-O-Wisp|p2a: Baxcalibur|[miss]\n|-miss|p1b: R K 9|p2a: Baxcalibur\n|move|p1a: Tatsugeki|Wave Crash|p2b: Amoonguss\n|-resisted|p2b: Amoonguss\n|-damage|p2b: Amoonguss|80\/100\n|-damage|p1a: Tatsugeki|93\/100|[from] Recoil\n|\n|upkeep\n|turn|2\n|inactive|RNG cant stop me has 30 seconds left.\n|inactive|QuarkDragonisGOD has 30 seconds left.\n|inactive|RNG cant stop me has 20 seconds left.\n|inactive|RNG cant stop me has 15 seconds left.\n|\n|t:|1682897421\n|-terastallize|p2b: Amoonguss|Water\n|move|p1a: Tatsugeki|Protect|p1a: Tatsugeki\n|-singleturn|p1a: Tatsugeki|Protect\n|move|p1b: R K 9|Flare Blitz|p2b: Amoonguss\n|-resisted|p2b: Amoonguss\n|-damage|p2b: Amoonguss|65\/100\n|-damage|p1b: R K 9|94\/100|[from] Recoil\n|move|p2a: Baxcalibur|Glaive Rush|p1b: R K 9\n|-damage|p1b: R K 9|3\/100\n|-singlemove|p2a: Baxcalibur|Glaive Rush|[silent]\n|move|p2b: Amoonguss|Spore|p1a: Tatsugeki\n|-activate|p1a: Tatsugeki|move: Protect\n|\n|upkeep\n|turn|3\n|\n|t:|1682897441\n|switch|p1b: Rarw:3|Chien-Pao, L50|100\/100\n|-ability|p1b: Rarw:3|Sword of Ruin\n|detailschange|p1a: Tatsugeki|Palafin-Hero, L50, F, shiny, tera:Water\n|switch|p1a: Envy|Dragapult, L50, M, shiny|100\/100\n|switch|p2a: Palafin|Palafin-Hero, L50, F|100\/100\n|-activate|p2a: Palafin|ability: Zero to Hero\n|move|p2b: Amoonguss|Spore|p1a: Envy\n|-status|p1a: Envy|slp|[from] move: Spore\n|\n|upkeep\n|turn|4\n|inactive|QuarkDragonisGOD has 30 seconds left.\n|\n|t:|1682897468\n|switch|p1a: R K 9|Arcanine, L50, M, shiny|3\/100\n|-ability|p1a: R K 9|Intimidate|boost\n|-unboost|p2a: Palafin|atk|1\n|-unboost|p2b: Amoonguss|atk|1\n|move|p1b: Rarw:3|Protect|p1b: Rarw:3\n|-singleturn|p1b: Rarw:3|Protect\n|move|p2a: Palafin|Jet Punch|p1b: Rarw:3\n|-activate|p1b: Rarw:3|move: Protect\n|move|p2b: Amoonguss|Spore|p1b: Rarw:3\n|-activate|p1b: Rarw:3|move: Protect\n|\n|upkeep\n|turn|5\n|inactive|QuarkDragonisGOD has 30 seconds left.\n|\n|t:|1682897494\n|switch|p2b: Arcanine|Arcanine, L50, F|100\/100\n|-ability|p2b: Arcanine|Intimidate|boost\n|-unboost|p1a: R K 9|atk|1\n|-unboost|p1b: Rarw:3|atk|1\n|move|p1a: R K 9|Extreme Speed|p2b: Arcanine\n|-crit|p2b: Arcanine\n|-damage|p2b: Arcanine|43\/100\n|move|p2a: Palafin|Jet Punch|p1b: Rarw:3\n|-damage|p1b: Rarw:3|56\/100\n|move|p1b: Rarw:3|Sacred Sword|p2b: Arcanine\n|-damage|p2b: Arcanine|16\/100\n|\n|upkeep\n|turn|6\n|\n|t:|1682897518\n|switch|p1a: Envy|Dragapult, L50, M, shiny|100\/100 slp\n|move|p1b: Rarw:3|Protect|p1b: Rarw:3\n|-singleturn|p1b: Rarw:3|Protect\n|move|p2a: Palafin|Jet Punch|p1a: Envy\n|-resisted|p1a: Envy\n|-damage|p1a: Envy|71\/100 slp\n|move|p2b: Arcanine|Flare Blitz|p1b: Rarw:3\n|-activate|p1b: Rarw:3|move: Protect\n|\n|upkeep\n|turn|7\n|\n|t:|1682897532\n|switch|p2a: Amoonguss|Amoonguss, L50, F, tera:Water|99\/100\n|move|p1b: Rarw:3|Sucker Punch||[still]\n|-fail|p1b: Rarw:3\n|cant|p1a: Envy|slp\n|move|p2b: Arcanine|Will-O-Wisp||[still]\n|-fail|p2b: Arcanine\n|\n|upkeep\n|turn|8\n|\n|t:|1682897553\n|move|p2b: Arcanine|Extreme Speed|p1b: Rarw:3\n|-damage|p1b: Rarw:3|18\/100\n|move|p2a: Amoonguss|Rage Powder|p2a: Amoonguss\n|-singleturn|p2a: Amoonguss|move: Rage Powder\n|cant|p1a: Envy|slp\n|move|p1b: Rarw:3|Sacred Sword|p2a: Amoonguss\n|-damage|p2a: Amoonguss|80\/100\n|\n|upkeep\n|turn|9\n|\n|t:|1682897576\n|switch|p1b: R K 9|Arcanine, L50, M, shiny|3\/100\n|-ability|p1b: R K 9|Intimidate|boost\n|-unboost|p2a: Amoonguss|atk|1\n|-unboost|p2b: Arcanine|atk|1\n|switch|p2b: Baxcalibur|Baxcalibur, L50, F|100\/100\n|-curestatus|p1a: Envy|slp|[msg]\n|move|p1a: Envy|Dragon Darts|p2a: Amoonguss\n|-damage|p2a: Amoonguss|53\/100\n|-anim|p1a: Envy|Dragon Darts|p2b: Baxcalibur\n|-supereffective|p2b: Baxcalibur\n|-damage|p2b: Baxcalibur|26\/100\n|move|p2a: Amoonguss|Spore|p1b: R K 9\n|-activate|p1b: R K 9|item: Safety Goggles|Spore\n|\n|upkeep\n|turn|10\n|\n|t:|1682897593\n|switch|p1b: Tatsugeki|Palafin-Hero, L50, F, shiny, tera:Water|93\/100\n|-activate|p1b: Tatsugeki|ability: Zero to Hero\n|move|p2b: Baxcalibur|Ice Shard|p1a: Envy\n|-supereffective|p1a: Envy\n|-damage|p1a: Envy|5\/100\n|move|p1a: Envy|Dragon Darts|p2a: Amoonguss\n|-crit|p2a: Amoonguss\n|-damage|p2a: Amoonguss|15\/100\n|-enditem|p2a: Amoonguss|Sitrus Berry|[eat]\n|-heal|p2a: Amoonguss|40\/100|[from] item: Sitrus Berry\n|-anim|p1a: Envy|Dragon Darts|p2b: Baxcalibur\n|-supereffective|p2b: Baxcalibur\n|-crit|p2b: Baxcalibur\n|-damage|p2b: Baxcalibur|0 fnt\n|faint|p2b: Baxcalibur\n|move|p2a: Amoonguss|Pollen Puff|p2: Baxcalibur|[notarget]\n|-fail|p2a: Amoonguss\n|\n|upkeep\n|\n|t:|1682897608\n|switch|p2b: Arcanine|Arcanine, L50, F|16\/100\n|-ability|p2b: Arcanine|Intimidate|boost\n|-fail|p1a: Envy|unboost|[from] ability: Clear Body|[of] p1a: Envy\n|-unboost|p1b: Tatsugeki|atk|1\n|turn|11\n|\n|t:|1682897624\n|move|p2b: Arcanine|Extreme Speed|p1b: Tatsugeki\n|-damage|p1b: Tatsugeki|67\/100\n|move|p1a: Envy|Dragon Darts|p2a: Amoonguss\n|-damage|p2a: Amoonguss|14\/100\n|-anim|p1a: Envy|Dragon Darts|p2b: Arcanine\n|-damage|p2b: Arcanine|0 fnt\n|faint|p2b: Arcanine\n|move|p1b: Tatsugeki|Wave Crash|p2a: Amoonguss\n|-resisted|p2a: Amoonguss\n|-damage|p2a: Amoonguss|0 fnt\n|faint|p2a: Amoonguss\n|-damage|p1b: Tatsugeki|62\/100|[from] Recoil\n|\n|upkeep\n|\n|t:|1682897637\n|switch|p2b: Palafin|Palafin-Hero, L50, F|100\/100\n|turn|12\n|\n|t:|1682897655\n|move|p2b: Palafin|Jet Punch|p1a: Envy\n|-resisted|p1a: Envy\n|-damage|p1a: Envy|0 fnt\n|faint|p1a: Envy\n|move|p1b: Tatsugeki|Wave Crash|p2b: Palafin\n|-resisted|p2b: Palafin\n|-damage|p2b: Palafin|65\/100\n|-damage|p1b: Tatsugeki|50\/100|[from] Recoil\n|\n|upkeep\n|\n|t:|1682897661\n|switch|p1a: R K 9|Arcanine, L50, M, shiny|3\/100\n|-ability|p1a: R K 9|Intimidate|boost\n|-unboost|p2b: Palafin|atk|1\n|turn|13\n|\n|t:|1682897666\n|switch|p1a: Rarw:3|Chien-Pao, L50|18\/100\n|-ability|p1a: Rarw:3|Sword of Ruin\n|move|p1b: Tatsugeki|Protect|p1b: Tatsugeki\n|-singleturn|p1b: Tatsugeki|Protect\n|move|p2b: Palafin|Jet Punch|p1a: Rarw:3\n|-damage|p1a: Rarw:3|0 fnt\n|faint|p1a: Rarw:3\n|\n|upkeep\n|\n|t:|1682897674\n|switch|p1a: R K 9|Arcanine, L50, M, shiny|3\/100\n|-ability|p1a: R K 9|Intimidate|boost\n|-unboost|p2b: Palafin|atk|1\n|turn|14\n|\n|t:|1682897679\n|move|p1a: R K 9|Extreme Speed|p2b: Palafin\n|-damage|p2b: Palafin|44\/100\n|move|p1b: Tatsugeki|Jet Punch|p2b: Palafin\n|-resisted|p2b: Palafin\n|-damage|p2b: Palafin|23\/100\n|move|p2b: Palafin|Wave Crash|p1b: Tatsugeki\n|-resisted|p1b: Tatsugeki\n|-damage|p1b: Tatsugeki|29\/100\n|-damage|p2b: Palafin|17\/100|[from] Recoil\n|\n|upkeep\n|turn|15\n|\n|t:|1682897691\n|move|p1a: R K 9|Extreme Speed|p2b: Palafin\n|-damage|p2b: Palafin|0 fnt\n|faint|p2b: Palafin\n|\n|win|RNG cant stop me\n|raw|RNG cant stop me's rating: 1119 → 1141<\/strong> (+22 for winning)\n|raw|QuarkDragonisGOD's rating: 1076 → 1057<\/strong> (-19 for losing)\n|c|\u2606RNG cant stop me|gg\n","uploadtime":1682897702,"views":10,"p1id":"rngcantstopme","p2id":"quarkdragonisgod","formatid":"gen9vgc2023regulationc","rating":1057,"private":0,"password":""}