{"id":"gen9vgc2023regulationc-1855138350","p1":"lin12345","p2":"Streek2002","format":"[Gen 9] VGC 2023 Regulation C","log":"|j|\u2606lin12345\n|j|\u2606Streek2002\n|t:|1682905941\n|gametype|doubles\n|player|p1|lin12345|steven|1114\n|player|p2|Streek2002|nate|1087\n|teamsize|p1|6\n|teamsize|p2|6\n|gen|9\n|tier|[Gen 9] VGC 2023 Regulation C\n|rated|\n|rule|Species Clause: Limit one of each Pok\u00e9mon\n|rule|Item Clause: Limit one of each item\n|clearpoke\n|poke|p1|Torkoal, L50, M|\n|poke|p1|Kilowattrel, L50, M|\n|poke|p1|Flutter Mane, L50|\n|poke|p1|Arcanine, L50, F|\n|poke|p1|Chi-Yu, L50|\n|poke|p1|Iron Hands, L50|\n|poke|p2|Jolteon, L50, F|\n|poke|p2|Sylveon, L50, F|\n|poke|p2|Umbreon, L50, M|\n|poke|p2|Vaporeon, L50, F|\n|poke|p2|Flareon, L50, F|\n|poke|p2|Espeon, L50, F|\n|teampreview|4\n|\n|t:|1682905983\n|start\n|switch|p1a: Kilowattrel|Kilowattrel, L50, M|100\/100\n|switch|p1b: Iron Hands|Iron Hands, L50|100\/100\n|switch|p2a: Jolteon Fuego|Flareon, L50, F|100\/100\n|switch|p2b: Jolteon Siniestro|Umbreon, L50, M, shiny|100\/100\n|turn|1\n|\n|t:|1682906012\n|move|p1b: Iron Hands|Fake Out|p2b: Jolteon Siniestro\n|-damage|p2b: Jolteon Siniestro|89\/100\n|move|p1a: Kilowattrel|Tailwind|p1a: Kilowattrel\n|-sidestart|p1: lin12345|move: Tailwind\n|-start|p1a: Kilowattrel|Charge|Tailwind|[from] ability: Wind Power\n|cant|p2b: Jolteon Siniestro|flinch\n|move|p2a: Jolteon Fuego|Trailblaze|p1b: Iron Hands\n|-damage|p1b: Iron Hands|89\/100\n|-boost|p2a: Jolteon Fuego|spe|1\n|\n|-heal|p2b: Jolteon Siniestro|95\/100|[from] item: Leftovers\n|upkeep\n|turn|2\n|\n|t:|1682906035\n|move|p2b: Jolteon Siniestro|Protect|p2b: Jolteon Siniestro\n|-singleturn|p2b: Jolteon Siniestro|Protect\n|move|p1a: Kilowattrel|Thunder Wave|p2a: Jolteon Fuego|[miss]\n|-miss|p1a: Kilowattrel|p2a: Jolteon Fuego\n|-end|p1a: Kilowattrel|Charge|[silent]\n|move|p1b: Iron Hands|Drain Punch|p2b: Jolteon Siniestro\n|-activate|p2b: Jolteon Siniestro|move: Protect\n|move|p2a: Jolteon Fuego|Flare Blitz|p1b: Iron Hands\n|-damage|p1b: Iron Hands|48\/100\n|-damage|p2a: Jolteon Fuego|81\/100|[from] Recoil\n|\n|-heal|p2b: Jolteon Siniestro|100\/100|[from] item: Leftovers\n|upkeep\n|turn|3\n|\n|t:|1682906058\n|switch|p2b: Jolteon Psiquico|Espeon, L50, F|100\/100\n|move|p1a: Kilowattrel|Thunder Wave|p2a: Jolteon Fuego|[miss]\n|-miss|p1a: Kilowattrel|p2a: Jolteon Fuego\n|move|p1b: Iron Hands|Drain Punch|p2b: Jolteon Psiquico\n|-resisted|p2b: Jolteon Psiquico\n|-damage|p2b: Jolteon Psiquico|58\/100\n|-heal|p1b: Iron Hands|61\/100|[from] drain|[of] p2b: Jolteon Psiquico\n|move|p2a: Jolteon Fuego|Flare Blitz|p1b: Iron Hands\n|-damage|p1b: Iron Hands|18\/100\n|-damage|p2a: Jolteon Fuego|61\/100|[from] Recoil\n|\n|upkeep\n|turn|4\n|\n|t:|1682906078\n|move|p2b: Jolteon Psiquico|Protect|p2b: Jolteon Psiquico\n|-singleturn|p2b: Jolteon Psiquico|Protect\n|move|p1a: Kilowattrel|Thunder Wave|p2a: Jolteon Fuego\n|-status|p2a: Jolteon Fuego|par\n|move|p1b: Iron Hands|Earthquake|p2a: Jolteon Fuego|[spread] p2a\n|-activate|p2b: Jolteon Psiquico|move: Protect\n|-immune|p1a: Kilowattrel\n|-supereffective|p2a: Jolteon Fuego\n|-damage|p2a: Jolteon Fuego|0 fnt\n|faint|p2a: Jolteon Fuego\n|\n|-sideend|p1: lin12345|move: Tailwind\n|upkeep\n|\n|t:|1682906094\n|switch|p2a: Jolteon hada|Sylveon, L50, F|100\/100\n|turn|5\n|\n|t:|1682906108\n|move|p1a: Kilowattrel|Tailwind|p1a: Kilowattrel\n|-sidestart|p1: lin12345|move: Tailwind\n|-start|p1a: Kilowattrel|Charge|Tailwind|[from] ability: Wind Power\n|move|p2b: Jolteon Psiquico|Dazzling Gleam|p1b: Iron Hands|[spread] p1a,p1b\n|-supereffective|p1b: Iron Hands\n|-damage|p1a: Kilowattrel|47\/100\n|-damage|p1b: Iron Hands|0 fnt\n|faint|p1b: Iron Hands\n|-end|p1b: Iron Hands|Quark Drive|[silent]\n|-damage|p2b: Jolteon Psiquico|48\/100|[from] item: Life Orb\n|move|p2a: Jolteon hada|Substitute|p2a: Jolteon hada\n|-start|p2a: Jolteon hada|Substitute\n|-damage|p2a: Jolteon hada|76\/100\n|\n|upkeep\n|\n|t:|1682906122\n|switch|p1b: Flutter Mane|Flutter Mane, L50|100\/100\n|turn|6\n|\n|t:|1682906139\n|-terastallize|p2a: Jolteon hada|Fairy\n|move|p2b: Jolteon Psiquico|Protect|p2b: Jolteon Psiquico\n|-singleturn|p2b: Jolteon Psiquico|Protect\n|move|p1b: Flutter Mane|Shadow Ball|p2b: Jolteon Psiquico\n|-activate|p2b: Jolteon Psiquico|move: Protect\n|move|p1a: Kilowattrel|Thunderbolt|p2a: Jolteon hada\n|-end|p2a: Jolteon hada|Substitute\n|-end|p1a: Kilowattrel|Charge|[silent]\n|move|p2a: Jolteon hada|Hyper Voice|p1a: Kilowattrel|[spread] p1a,p1b\n|-damage|p1a: Kilowattrel|0 fnt\n|-damage|p1b: Flutter Mane|39\/100\n|faint|p1a: Kilowattrel\n|-enditem|p2a: Jolteon hada|Throat Spray\n|-boost|p2a: Jolteon hada|spa|1|[from] item: Throat Spray\n|\n|upkeep\n|\n|t:|1682906153\n|switch|p1a: Chi-Yu|Chi-Yu, L50|100\/100\n|-ability|p1a: Chi-Yu|Beads of Ruin\n|turn|7\n|\n|t:|1682906163\n|move|p1b: Flutter Mane|Shadow Ball|p2a: Jolteon hada\n|-damage|p2a: Jolteon hada|15\/100\n|move|p1a: Chi-Yu|Dark Pulse|p2b: Jolteon Psiquico\n|-supereffective|p2b: Jolteon Psiquico\n|-damage|p2b: Jolteon Psiquico|0 fnt\n|faint|p2b: Jolteon Psiquico\n|-damage|p1a: Chi-Yu|91\/100|[from] item: Life Orb\n|move|p2a: Jolteon hada|Hyper Voice|p1b: Flutter Mane|[spread] p1a,p1b\n|-damage|p1a: Chi-Yu|0 fnt\n|-damage|p1b: Flutter Mane|0 fnt\n|faint|p1a: Chi-Yu\n|faint|p1b: Flutter Mane\n|-end|p1b: Flutter Mane|Protosynthesis|[silent]\n|\n|win|Streek2002\n|raw|lin12345's rating: 1114 → 1087<\/strong> (-27 for losing)\n|raw|Streek2002's rating: 1087 → 1116<\/strong> (+29 for winning)\n|l|\u2606lin12345\n|c|\u2606Streek2002|gg xd\n","uploadtime":1682906177,"views":16,"p1id":"lin12345","p2id":"streek2002","formatid":"gen9vgc2023regulationc","rating":1087,"private":0,"password":""}