{"id":"gen9vgc2023regulationc-1849004975","p1":"Beautiful Brandon","p2":"Aaron Mobile","format":"[Gen 9] VGC 2023 Regulation C","log":"|j|\u2606Beautiful Brandon\n|j|\u2606Aaron Mobile\n|t:|1682137653\n|gametype|doubles\n|player|p1|Beautiful Brandon|pokemonranger-gen4|1251\n|player|p2|Aaron Mobile|102|1328\n|teamsize|p1|6\n|teamsize|p2|6\n|gen|9\n|tier|[Gen 9] VGC 2023 Regulation C\n|rated|\n|rule|Species Clause: Limit one of each Pok\u00e9mon\n|rule|Item Clause: Limit one of each item\n|clearpoke\n|poke|p1|Palafin, L50, F|\n|poke|p1|Chien-Pao, L50|\n|poke|p1|Dragapult, L50, F|\n|poke|p1|Amoonguss, L50, M|\n|poke|p1|Arcanine, L50, M|\n|poke|p1|Flutter Mane, L50|\n|poke|p2|Grimmsnarl, L50, M|\n|poke|p2|Kingambit, L50, M|\n|poke|p2|Baxcalibur, L50, M|\n|poke|p2|Raichu, L50, F|\n|poke|p2|Quaquaval, L50, M|\n|poke|p2|Ting-Lu, L50|\n|teampreview|4\nBeautiful Brandon has agreed to open team sheets.\nAaron Mobile has agreed to open team sheets.\n|\n|t:|1682137738\n|start\n|switch|p1a: Dragapult|Dragapult, L50, F|100\/100\n|switch|p1b: Palafin|Palafin, L50, F|100\/100\n|switch|p2a: Grim Shady|Grimmsnarl, L50, M, shiny|100\/100\n|switch|p2b: HIM|Kingambit, L50, M, shiny|100\/100\n|turn|1\n|\n|t:|1682137759\n|detailschange|p1b: Palafin|Palafin-Hero, L50, F\n|switch|p1b: Chien-Pao|Chien-Pao, L50|100\/100\n|-ability|p1b: Chien-Pao|Sword of Ruin\n|-terastallize|p1a: Dragapult|Steel\n|move|p2a: Grim Shady|Reflect|p2a: Grim Shady\n|-sidestart|p2: Aaron Mobile|Reflect\n|move|p1a: Dragapult|Tera Blast|p2a: Grim Shady\n|-supereffective|p2a: Grim Shady\n|-damage|p2a: Grim Shady|0 fnt\n|faint|p2a: Grim Shady\n|move|p2b: HIM|Kowtow Cleave|p1a: Dragapult\n|-damage|p1a: Dragapult|18\/100\n|\n|upkeep\n|\n|t:|1682137773\n|switch|p2a: Quaquaval|Quaquaval, L50, M|100\/100\n|turn|2\n|\n|t:|1682137802\n|switch|p1a: Palafin|Palafin-Hero, L50, F|100\/100\n|-activate|p1a: Palafin|ability: Zero to Hero\n|-terastallize|p2b: HIM|Water\n|move|p1b: Chien-Pao|Sacred Sword|p2b: HIM\n|-damage|p2b: HIM|78\/100\n|move|p2a: Quaquaval|Aqua Step|p1a: Palafin\n|-resisted|p1a: Palafin\n|-damage|p1a: Palafin|80\/100\n|-boost|p2a: Quaquaval|spe|1\n|move|p2b: HIM|Iron Head|p1b: Chien-Pao\n|-supereffective|p1b: Chien-Pao\n|-enditem|p1b: Chien-Pao|Focus Sash\n|-damage|p1b: Chien-Pao|1\/100\n|\n|upkeep\n|turn|3\n|\n|t:|1682137844\n|move|p1b: Chien-Pao|Protect|p1b: Chien-Pao\n|-singleturn|p1b: Chien-Pao|Protect\n|move|p2a: Quaquaval|Bulk Up|p2a: Quaquaval\n|-boost|p2a: Quaquaval|atk|1\n|-boost|p2a: Quaquaval|def|1\n|move|p1a: Palafin|Wave Crash|p2b: HIM\n|-resisted|p2b: HIM\n|-damage|p2b: HIM|43\/100\n|-damage|p1a: Palafin|69\/100|[from] Recoil\n|move|p2b: HIM|Kowtow Cleave|p1a: Palafin\n|-damage|p1a: Palafin|5\/100\n|\n|upkeep\n|turn|4\n|\n|t:|1682137871\n|move|p1b: Chien-Pao|Sucker Punch|p2b: HIM\n|-damage|p2b: HIM|20\/100\n|move|p2a: Quaquaval|Aqua Step|p1a: Palafin\n|-resisted|p1a: Palafin\n|-damage|p1a: Palafin|0 fnt\n|-boost|p2a: Quaquaval|spe|1\n|faint|p1a: Palafin\n|-ability|p2a: Quaquaval|Moxie|boost\n|-boost|p2a: Quaquaval|atk|1\n|move|p2b: HIM|Tera Blast|p1b: Chien-Pao\n|-damage|p1b: Chien-Pao|0 fnt\n|faint|p1b: Chien-Pao\n|\n|upkeep\n|\n|t:|1682137881\n|switch|p1b: Arcanine|Arcanine, L50, M|100\/100\n|switch|p1a: Dragapult|Dragapult, L50, F, tera:Steel|18\/100\n|-ability|p1b: Arcanine|Intimidate|boost\n|-unboost|p2a: Quaquaval|atk|1\n|-unboost|p2b: HIM|atk|1\n|-ability|p2b: HIM|Defiant|boost\n|-boost|p2b: HIM|atk|2\n|turn|5\n|\n|t:|1682137917\n|move|p1b: Arcanine|Extreme Speed|p2b: HIM\n|-damage|p2b: HIM|9\/100\n|move|p2a: Quaquaval|Aqua Step|p1a: Dragapult\n|-damage|p1a: Dragapult|0 fnt\n|-boost|p2a: Quaquaval|spe|1\n|faint|p1a: Dragapult\n|-ability|p2a: Quaquaval|Moxie|boost\n|-boost|p2a: Quaquaval|atk|1\n|move|p2b: HIM|Tera Blast|p1b: Arcanine\n|-supereffective|p1b: Arcanine\n|-damage|p1b: Arcanine|0 fnt\n|faint|p1b: Arcanine\n|\n|win|Aaron Mobile\n|raw|Beautiful Brandon's rating: 1251 → 1231<\/strong> (-20 for losing)\n|raw|Aaron Mobile's rating: 1328 → 1344<\/strong> (+16 for winning)\n|l|\u2606Beautiful Brandon\n|l|\u2606Aaron Mobile\n|j|\u2606Aaron Mobile\n|player|p2|Aaron Mobile|102\n","uploadtime":1682138009,"views":9,"p1id":"beautifulbrandon","p2id":"aaronmobile","formatid":"gen9vgc2023regulationc","rating":1231,"private":0,"password":""}