{"id":"gen9vgc2023regulationc-1848972356","p1":"Jop slipped up","p2":"revenlay","format":"[Gen 9] VGC 2023 Regulation C","log":"|j|\u2606Jop slipped up\n|j|\u2606revenlay\n|t:|1682132985\n|gametype|doubles\n|player|p1|Jop slipped up|lillie|1066\n|player|p2|revenlay|cynthia|1000\n|teamsize|p1|6\n|teamsize|p2|6\n|gen|9\n|tier|[Gen 9] VGC 2023 Regulation C\n|rated|\n|rule|Species Clause: Limit one of each Pok\u00e9mon\n|rule|Item Clause: Limit one of each item\n|clearpoke\n|poke|p1|Palafin, L50, M|\n|poke|p1|Flutter Mane, L50|\n|poke|p1|Arcanine, L50, F|\n|poke|p1|Ting-Lu, L50|\n|poke|p1|Amoonguss, L50, M|\n|poke|p1|Kingambit, L50, M|\n|poke|p2|Clodsire, L50, F|\n|poke|p2|Coalossal, L50, M|\n|poke|p2|Barraskewda, L50, F|\n|poke|p2|Appletun, L50, M|\n|poke|p2|Flamigo, L50, F|\n|poke|p2|Annihilape, L50, F|\n|teampreview|4\n|\n|t:|1682133009\n|start\n|switch|p1a: Kingambit|Kingambit, L50, M, shiny|100\/100\n|switch|p1b: Amoonguss|Amoonguss, L50, M, shiny|100\/100\n|switch|p2a: Coalossal|Coalossal, L50, M|100\/100\n|switch|p2b: Barraskewda|Barraskewda, L50, F|100\/100\n|turn|1\n|inactive|Battle timer is ON: inactive players will automatically lose when time's up. (requested by Jop slipped up)\n|\n|t:|1682133023\n|-terastallize|p2a: Coalossal|Water\n|move|p1b: Amoonguss|Rage Powder|p1b: Amoonguss\n|-singleturn|p1b: Amoonguss|move: Rage Powder\n|move|p2b: Barraskewda|Aqua Jet|p2a: Coalossal\n|-resisted|p2a: Coalossal\n|-damage|p2a: Coalossal|93\/100\n|-ability|p2a: Coalossal|Steam Engine|boost\n|-boost|p2a: Coalossal|spe|6\n|-enditem|p2a: Coalossal|Absorb Bulb\n|-boost|p2a: Coalossal|spa|1|[from] item: Absorb Bulb\n|move|p2a: Coalossal|Earthquake|p1a: Kingambit|[spread] p2b,p1a,p1b\n|-supereffective|p1a: Kingambit\n|-damage|p2b: Barraskewda|60\/100\n|-damage|p1a: Kingambit|72\/100\n|-damage|p1b: Amoonguss|84\/100\n|move|p1a: Kingambit|Swords Dance|p1a: Kingambit\n|-boost|p1a: Kingambit|atk|2\n|\n|upkeep\n|turn|2\n|\n|t:|1682133047\n|-terastallize|p1a: Kingambit|Dark\n|move|p1a: Kingambit|Sucker Punch|p2a: Coalossal\n|-crit|p2a: Coalossal\n|-damage|p2a: Coalossal|0 fnt\n|faint|p2a: Coalossal\n|move|p2b: Barraskewda|Close Combat|p1a: Kingambit\n|-supereffective|p1a: Kingambit\n|-damage|p1a: Kingambit|15\/100\n|-unboost|p2b: Barraskewda|def|1\n|-unboost|p2b: Barraskewda|spd|1\n|move|p1b: Amoonguss|Pollen Puff|p1a: Kingambit\n|-heal|p1a: Kingambit|65\/100\n|\n|upkeep\n|\n|t:|1682133060\n|switch|p2a: Flamigo|Flamigo, L50, F|100\/100\n|-copyboost|p2a: Flamigo|p2b: Barraskewda|[from] ability: Costar\n|turn|3\n|\n|t:|1682133073\n|move|p1b: Amoonguss|Rage Powder|p1b: Amoonguss\n|-singleturn|p1b: Amoonguss|move: Rage Powder\n|move|p1a: Kingambit|Sucker Punch|p2a: Flamigo\n|-resisted|p2a: Flamigo\n|-damage|p2a: Flamigo|0 fnt\n|faint|p2a: Flamigo\n|move|p2b: Barraskewda|Close Combat|p1a: Kingambit\n|-supereffective|p1a: Kingambit\n|-damage|p1a: Kingambit|9\/100\n|-unboost|p2b: Barraskewda|def|1\n|-unboost|p2b: Barraskewda|spd|1\n|\n|upkeep\n|\n|t:|1682133080\n|switch|p2a: Clodsire|Clodsire, L50, F, shiny|100\/100\n|turn|4\n|\n|t:|1682133103\n|move|p1a: Kingambit|Protect|p1a: Kingambit\n|-singleturn|p1a: Kingambit|Protect\n|move|p2b: Barraskewda|Drill Run|p1b: Amoonguss\n|-damage|p1b: Amoonguss|62\/100\n|-damage|p2b: Barraskewda|44\/100|[from] item: Rocky Helmet|[of] p1b: Amoonguss\n|move|p1b: Amoonguss|Spore|p2a: Clodsire\n|-status|p2a: Clodsire|slp|[from] move: Spore\n|cant|p2a: Clodsire|slp\n|\n|upkeep\n|turn|5\n|\n|t:|1682133117\n|move|p2b: Barraskewda|Aqua Jet|p1a: Kingambit\n|-damage|p1a: Kingambit|0 fnt\n|faint|p1a: Kingambit\n|move|p1b: Amoonguss|Pollen Puff|p1: Kingambit|[notarget]\n|-fail|p1b: Amoonguss\n|cant|p2a: Clodsire|slp\n|\n|upkeep\n|\n|t:|1682133121\n|switch|p1a: Flutter Mane|Flutter Mane, L50|100\/100\n|-enditem|p1a: Flutter Mane|Booster Energy\n|-activate|p1a: Flutter Mane|ability: Protosynthesis|[fromitem]\n|-start|p1a: Flutter Mane|protosynthesisspa\n|turn|6\n|\n|t:|1682133134\n|move|p2b: Barraskewda|Drill Run|p1b: Amoonguss|[miss]\n|-miss|p2b: Barraskewda|p1b: Amoonguss\n|move|p1a: Flutter Mane|Shadow Ball|p2b: Barraskewda\n|-damage|p2b: Barraskewda|0 fnt\n|faint|p2b: Barraskewda\n|move|p1b: Amoonguss|Pollen Puff|p1a: Flutter Mane\n|-immune|p1a: Flutter Mane\n|-curestatus|p2a: Clodsire|slp|[msg]\n|move|p2a: Clodsire|Sludge Bomb|p1a: Flutter Mane\n|-damage|p1a: Flutter Mane|85\/100\n|-status|p1a: Flutter Mane|psn\n|\n|-damage|p1a: Flutter Mane|73\/100 psn|[from] psn\n|upkeep\n|turn|7\n|\n|t:|1682133154\n|move|p1a: Flutter Mane|Shadow Ball|p2a: Clodsire\n|-damage|p2a: Clodsire|71\/100\n|-unboost|p2a: Clodsire|spd|1\n|move|p1b: Amoonguss|Spore|p2a: Clodsire\n|-status|p2a: Clodsire|slp|[from] move: Spore\n|cant|p2a: Clodsire|slp\n|\n|-heal|p2a: Clodsire|77\/100 slp|[from] item: Leftovers\n|-damage|p1a: Flutter Mane|60\/100 psn|[from] psn\n|upkeep\n|turn|8\n|\n|t:|1682133178\n|move|p1a: Flutter Mane|Shadow Ball|p2a: Clodsire\n|-damage|p2a: Clodsire|32\/100 slp\n|-unboost|p2a: Clodsire|spd|1\n|move|p1b: Amoonguss|Pollen Puff|p1a: Flutter Mane\n|-heal|p1a: Flutter Mane|100\/100 psn\n|-curestatus|p2a: Clodsire|slp|[msg]\n|move|p2a: Clodsire|Sludge Bomb|p1a: Flutter Mane\n|-damage|p1a: Flutter Mane|83\/100 psn\n|\n|-heal|p2a: Clodsire|38\/100|[from] item: Leftovers\n|-damage|p1a: Flutter Mane|70\/100 psn|[from] psn\n|upkeep\n|turn|9\n|\n|t:|1682133191\n|move|p1a: Flutter Mane|Shadow Ball|p2a: Clodsire\n|-damage|p2a: Clodsire|0 fnt\n|faint|p2a: Clodsire\n|\n|win|Jop slipped up\n|raw|Jop slipped up's rating: 1066 → 1090<\/strong> (+24 for winning)\n|raw|revenlay's rating: 1000 → 1000<\/strong> (+0 for losing)\n|l|\u2606revenlay\n","uploadtime":1682133219,"views":12,"p1id":"jopslippedup","p2id":"revenlay","formatid":"gen9vgc2023regulationc","rating":1000,"private":0,"password":""}