{"id":"gen9vgc2023regulationc-1858725158","p1":"daveboy77","p2":"Nightmare_King_VGC","format":"[Gen 9] VGC 2023 Regulation C","log":"|j|\u2606daveboy77\n|j|\u2606Nightmare_King_VGC\n|t:|1683348788\n|gametype|doubles\n|player|p1|daveboy77|alder|1720\n|player|p2|Nightmare_King_VGC|veteranf|1672\n|teamsize|p1|6\n|teamsize|p2|6\n|gen|9\n|tier|[Gen 9] VGC 2023 Regulation C\n|rated|\n|rule|Species Clause: Limit one of each Pok\u00e9mon\n|rule|Item Clause: Limit one of each item\n|clearpoke\n|poke|p1|Iron Treads, L50|\n|poke|p1|Rotom-Wash, L50|\n|poke|p1|Gallade, L50, M|\n|poke|p1|Gengar, L50, F|\n|poke|p1|Dragonite, L50, F|\n|poke|p1|Scovillain, L50, F|\n|poke|p2|Torkoal, L50, M|\n|poke|p2|Great Tusk, L50|\n|poke|p2|Flutter Mane, L50|\n|poke|p2|Jumpluff, L50, M|\n|poke|p2|Chien-Pao, L50|\n|poke|p2|Kingambit, L50, M|\n|teampreview|4\n|j| LindseySoBased\n|\n|t:|1683348816\n|start\n|switch|p1a: Dragonite|Dragonite, L50, F|100\/100\n|switch|p1b: Iron Treads|Iron Treads, L50|100\/100\n|switch|p2a: Great Tusk|Great Tusk, L50|100\/100\n|switch|p2b: Chien-Pao|Chien-Pao, L50|100\/100\n|-ability|p2b: Chien-Pao|Sword of Ruin\n|-enditem|p1b: Iron Treads|Booster Energy\n|-activate|p1b: Iron Treads|ability: Quark Drive|[fromitem]\n|-start|p1b: Iron Treads|quarkdriveatk\n|turn|1\n|\n|t:|1683348845\n|-terastallize|p2a: Great Tusk|Fire\n|move|p1b: Iron Treads|Protect|p1b: Iron Treads\n|-singleturn|p1b: Iron Treads|Protect\n|move|p2a: Great Tusk|Headlong Rush|p1b: Iron Treads\n|-activate|p1b: Iron Treads|move: Protect\n|move|p2b: Chien-Pao|Ice Spinner|p1a: Dragonite\n|-supereffective|p1a: Dragonite\n|-damage|p1a: Dragonite|21\/100\n|move|p1a: Dragonite|Tailwind|p1a: Dragonite\n|-sidestart|p1: daveboy77|move: Tailwind\n|\n|-heal|p1a: Dragonite|27\/100|[from] item: Leftovers\n|upkeep\n|turn|2\n|\n|t:|1683348863\n|move|p1a: Dragonite|Helping Hand|p1b: Iron Treads\n|-singleturn|p1b: Iron Treads|Helping Hand|[of] p1a: Dragonite\n|move|p1b: Iron Treads|Rock Slide|p2a: Great Tusk|[spread] p2a,p2b\n|-supereffective|p2a: Great Tusk\n|-supereffective|p2b: Chien-Pao\n|-damage|p2a: Great Tusk|28\/100\n|-enditem|p2b: Chien-Pao|Focus Sash\n|-damage|p2b: Chien-Pao|1\/100\n|cant|p2a: Great Tusk|flinch\n|move|p2b: Chien-Pao|Ice Spinner|p1a: Dragonite\n|-supereffective|p1a: Dragonite\n|-damage|p1a: Dragonite|0 fnt\n|faint|p1a: Dragonite\n|\n|upkeep\n|\n|t:|1683348890\n|switch|p1a: Rotom|Rotom-Wash, L50|100\/100\n|turn|3\n|\n|t:|1683348903\n|-end|p2a: Great Tusk|Protosynthesis|[silent]\n|switch|p2a: Torkoal|Torkoal, L50, M|100\/100\n|-weather|SunnyDay|[from] ability: Drought|[of] p2a: Torkoal\n|move|p2b: Chien-Pao|Protect|p2b: Chien-Pao\n|-singleturn|p2b: Chien-Pao|Protect\n|move|p1b: Iron Treads|Earthquake|p2a: Torkoal|[spread] p2a\n|-activate|p2b: Chien-Pao|move: Protect\n|-immune|p1a: Rotom|[from] ability: Levitate\n|-supereffective|p2a: Torkoal\n|-damage|p2a: Torkoal|4\/100\n|move|p1a: Rotom|Discharge|p2b: Chien-Pao|[spread] p2a\n|-activate|p2b: Chien-Pao|move: Protect\n|-immune|p1b: Iron Treads\n|-damage|p2a: Torkoal|0 fnt\n|faint|p2a: Torkoal\n|\n|-weather|SunnyDay|[upkeep]\n|upkeep\n|\n|t:|1683348927\n|switch|p2a: Flutter Mane|Flutter Mane, L50|100\/100\n|-activate|p2a: Flutter Mane|ability: Protosynthesis\n|-start|p2a: Flutter Mane|protosynthesisspe\n|turn|4\n|\n|t:|1683348956\n|-end|p2a: Flutter Mane|Protosynthesis|[silent]\n|switch|p2a: Great Tusk|Great Tusk, L50, tera:Fire|28\/100\n|-activate|p2a: Great Tusk|ability: Protosynthesis\n|-start|p2a: Great Tusk|protosynthesisatk\n|move|p2b: Chien-Pao|Protect||[still]\n|-fail|p2b: Chien-Pao\n|move|p1b: Iron Treads|Earthquake|p2a: Great Tusk|[spread] p2a,p2b\n|-immune|p1a: Rotom|[from] ability: Levitate\n|-supereffective|p2a: Great Tusk\n|-damage|p2a: Great Tusk|0 fnt\n|-damage|p2b: Chien-Pao|0 fnt\n|faint|p2a: Great Tusk\n|-end|p2a: Great Tusk|Protosynthesis|[silent]\n|faint|p2b: Chien-Pao\n|move|p1a: Rotom|Discharge|p1b: Iron Treads\n|-immune|p1b: Iron Treads\n|\n|-weather|SunnyDay|[upkeep]\n|-sideend|p1: daveboy77|move: Tailwind\n|upkeep\n|\n|t:|1683348958\n|switch|p2b: Flutter Mane|Flutter Mane, L50|100\/100\n|-activate|p2b: Flutter Mane|ability: Protosynthesis\n|-start|p2b: Flutter Mane|protosynthesisspe\n|turn|5\n|\n|t:|1683348976\n|move|p2b: Flutter Mane|Moonblast|p1b: Iron Treads\n|-resisted|p1b: Iron Treads\n|-damage|p1b: Iron Treads|59\/100\n|move|p1b: Iron Treads|Earthquake|p2b: Flutter Mane|[spread] p2b\n|-immune|p1a: Rotom|[from] ability: Levitate\n|-damage|p2b: Flutter Mane|10\/100\n|move|p1a: Rotom|Discharge|p2b: Flutter Mane|[spread] p2b\n|-immune|p1b: Iron Treads\n|-damage|p2b: Flutter Mane|0 fnt\n|faint|p2b: Flutter Mane\n|-end|p2b: Flutter Mane|Protosynthesis|[silent]\n|\n|win|daveboy77\n|raw|daveboy77's rating: 1720 → 1737<\/strong> (+17 for winning)\n|raw|Nightmare_King_VGC's rating: 1672 → 1655<\/strong> (-17 for losing)\n|l|\u2606Nightmare_King_VGC\n|l|\u2606daveboy77\n","uploadtime":1683349015,"views":10,"p1id":"daveboy77","p2id":"nightmarekingvgc","formatid":"gen9vgc2023regulationc","rating":1655,"private":0,"password":""}