{"id":"gen9vgc2023regulationc-1846233445","p1":"Unhinged_LoopKids","p2":"Poopybutt321","format":"[Gen 9] VGC 2023 Regulation C","log":"|j|\u2606Unhinged_LoopKids\n|j|\u2606Poopybutt321\n|t:|1681823908\n|gametype|doubles\n|player|p1|Unhinged_LoopKids|n|1140\n|player|p2|Poopybutt321|266|1095\n|teamsize|p1|6\n|teamsize|p2|6\n|gen|9\n|tier|[Gen 9] VGC 2023 Regulation C\n|rated|\n|rule|Species Clause: Limit one of each Pok\u00e9mon\n|rule|Item Clause: Limit one of each item\n|clearpoke\n|poke|p1|Chien-Pao, L50|\n|poke|p1|Dragonite, L50, F|\n|poke|p1|Flutter Mane, L50|\n|poke|p1|Arcanine, L50, M|\n|poke|p1|Amoonguss, L50, M|\n|poke|p1|Palafin, L50, F|\n|poke|p2|Talonflame, L50, M|\n|poke|p2|Krookodile, L50, F|\n|poke|p2|Brute Bonnet, L50|\n|poke|p2|Flutter Mane, L50|\n|poke|p2|Great Tusk, L50|\n|poke|p2|Toxapex, L50, M|\n|teampreview|4\n|\n|t:|1681823941\n|start\n|switch|p1a: Dragonite|Dragonite, L50, F|100\/100\n|switch|p1b: Palafin|Palafin, L50, F|100\/100\n|switch|p2a: Talonflame|Talonflame, L50, M|100\/100\n|switch|p2b: Toxapex|Toxapex, L50, M|100\/100\n|turn|1\n|\n|t:|1681823961\n|detailschange|p1b: Palafin|Palafin-Hero, L50, F\n|switch|p1b: Amoonguss|Amoonguss, L50, M|100\/100\n|move|p2a: Talonflame|Tailwind|p2a: Talonflame\n|-sidestart|p2: Poopybutt321|move: Tailwind\n|move|p2b: Toxapex|Icy Wind|p1a: Dragonite|[spread] p1a,p1b\n|-supereffective|p1a: Dragonite\n|-supereffective|p1b: Amoonguss\n|-damage|p1a: Dragonite|77\/100\n|-damage|p1b: Amoonguss|91\/100\n|-unboost|p1a: Dragonite|spe|1\n|-unboost|p1b: Amoonguss|spe|1\n|move|p1a: Dragonite|Earthquake|p2a: Talonflame|[spread] p1b,p2b\n|-immune|p2a: Talonflame\n|-supereffective|p2b: Toxapex\n|-damage|p1b: Amoonguss|53\/100\n|-damage|p2b: Toxapex|27\/100\n|\n|-heal|p2b: Toxapex|32\/100|[from] item: Black Sludge\n|upkeep\n|turn|2\n|\n|t:|1681823991\n|switch|p1a: Palafin|Palafin-Hero, L50, F|100\/100\n|-activate|p1a: Palafin|ability: Zero to Hero\n|move|p2b: Toxapex|Protect|p2b: Toxapex\n|-singleturn|p2b: Toxapex|Protect\n|move|p2a: Talonflame|Brave Bird|p1b: Amoonguss\n|-supereffective|p1b: Amoonguss\n|-crit|p1b: Amoonguss\n|-damage|p1b: Amoonguss|0 fnt\n|faint|p1b: Amoonguss\n|-damage|p2a: Talonflame|76\/100|[from] Recoil\n|\n|-heal|p2b: Toxapex|38\/100|[from] item: Black Sludge\n|upkeep\n|\n|t:|1681824008\n|switch|p1b: Dragonite|Dragonite, L50, F|77\/100\n|turn|3\n|\n|t:|1681824027\n|switch|p2b: Brute Bonnet|Brute Bonnet, L50|100\/100\n|-enditem|p2b: Brute Bonnet|Booster Energy\n|-activate|p2b: Brute Bonnet|ability: Protosynthesis|[fromitem]\n|-start|p2b: Brute Bonnet|protosynthesisatk\n|-terastallize|p1a: Palafin|Water\n|move|p2a: Talonflame|Quick Guard|p2a: Talonflame\n|-singleturn|p2a: Talonflame|Quick Guard\n|move|p1a: Palafin|Jet Punch|p2a: Talonflame\n|-activate|p2a: Talonflame|move: Quick Guard\n|move|p1b: Dragonite|Iron Head|p2b: Brute Bonnet\n|-damage|p2b: Brute Bonnet|57\/100\n|\n|upkeep\n|turn|4\n|\n|t:|1681824062\n|switch|p2a: Toxapex|Toxapex, L50, M|71\/100\n|move|p1a: Palafin|Jet Punch|p2a: Toxapex\n|-resisted|p2a: Toxapex\n|-damage|p2a: Toxapex|42\/100\n|move|p2b: Brute Bonnet|Spore|p1b: Dragonite\n|-status|p1b: Dragonite|slp|[from] move: Spore\n|cant|p1b: Dragonite|slp\n|\n|-heal|p2a: Toxapex|48\/100|[from] item: Black Sludge\n|-sideend|p2: Poopybutt321|move: Tailwind\n|upkeep\n|turn|5\n|\n|t:|1681824081\n|move|p2a: Toxapex|Protect|p2a: Toxapex\n|-singleturn|p2a: Toxapex|Protect\n|move|p1a: Palafin|Wave Crash|p2a: Toxapex\n|-activate|p2a: Toxapex|move: Protect\n|cant|p1b: Dragonite|slp\n|move|p2b: Brute Bonnet|Seed Bomb|p1a: Palafin\n|-supereffective|p1a: Palafin\n|-damage|p1a: Palafin|0 fnt\n|faint|p1a: Palafin\n|\n|-heal|p2a: Toxapex|53\/100|[from] item: Black Sludge\n|upkeep\n|\n|t:|1681824096\n|switch|p1a: Chien-Pao|Chien-Pao, L50|100\/100\n|-ability|p1a: Chien-Pao|Sword of Ruin\n|turn|6\n|\n|t:|1681824117\n|move|p2b: Brute Bonnet|Rage Powder|p2b: Brute Bonnet\n|-singleturn|p2b: Brute Bonnet|move: Rage Powder\n|move|p1a: Chien-Pao|Sacred Sword|p2b: Brute Bonnet\n|-supereffective|p2b: Brute Bonnet\n|-damage|p2b: Brute Bonnet|0 fnt\n|faint|p2b: Brute Bonnet\n|-end|p2b: Brute Bonnet|Protosynthesis|[silent]\n|-curestatus|p1b: Dragonite|slp|[msg]\n|move|p1b: Dragonite|Iron Head|p2a: Toxapex\n|-resisted|p2a: Toxapex\n|-damage|p2a: Toxapex|29\/100\n|move|p2a: Toxapex|Toxic|p1a: Chien-Pao\n|-status|p1a: Chien-Pao|tox\n|\n|-heal|p2a: Toxapex|35\/100|[from] item: Black Sludge\n|-damage|p1a: Chien-Pao|95\/100 tox|[from] psn\n|upkeep\n|\n|t:|1681824137\n|switch|p2b: Talonflame|Talonflame, L50, M|76\/100\n|turn|7\n|\n|t:|1681824147\n|move|p2a: Toxapex|Protect|p2a: Toxapex\n|-singleturn|p2a: Toxapex|Protect\n|move|p1a: Chien-Pao|Ice Spinner|p2b: Talonflame\n|-damage|p2b: Talonflame|0 fnt\n|faint|p2b: Talonflame\n|move|p1b: Dragonite|Iron Head|p2a: Toxapex\n|-activate|p2a: Toxapex|move: Protect\n|\n|-heal|p2a: Toxapex|40\/100|[from] item: Black Sludge\n|-damage|p1a: Chien-Pao|83\/100 tox|[from] psn\n|upkeep\n|\n|t:|1681824159\n|switch|p2b: Great Tusk|Great Tusk, L50|100\/100\n|turn|8\n|\n|t:|1681824183\n|move|p1a: Chien-Pao|Ice Spinner|p2b: Great Tusk\n|-supereffective|p2b: Great Tusk\n|-damage|p2b: Great Tusk|18\/100\n|move|p2b: Great Tusk|Close Combat|p1b: Dragonite\n|-resisted|p1b: Dragonite\n|-damage|p1b: Dragonite|34\/100\n|-unboost|p2b: Great Tusk|def|1\n|-unboost|p2b: Great Tusk|spd|1\n|move|p1b: Dragonite|Iron Head|p2a: Toxapex\n|-resisted|p2a: Toxapex\n|-damage|p2a: Toxapex|16\/100\n|move|p2a: Toxapex|Icy Wind|p1b: Dragonite|[spread] p1b\n|-miss|p2a: Toxapex|p1a: Chien-Pao\n|-supereffective|p1b: Dragonite\n|-damage|p1b: Dragonite|13\/100\n|-unboost|p1b: Dragonite|spe|1\n|\n|-heal|p2a: Toxapex|22\/100|[from] item: Black Sludge\n|-damage|p1a: Chien-Pao|66\/100 tox|[from] psn\n|upkeep\n|turn|9\n|\n|t:|1681824211\n|move|p1a: Chien-Pao|Ice Spinner|p2b: Great Tusk\n|-supereffective|p2b: Great Tusk\n|-damage|p2b: Great Tusk|0 fnt\n|faint|p2b: Great Tusk\n|-end|p2b: Great Tusk|Protosynthesis|[silent]\n|move|p1b: Dragonite|Iron Head|p2a: Toxapex\n|-resisted|p2a: Toxapex\n|-damage|p2a: Toxapex|0 fnt\n|faint|p2a: Toxapex\n|\n|win|Unhinged_LoopKids\n|raw|Unhinged_LoopKids's rating: 1140 → 1162<\/strong> (+22 for winning)\n|raw|Poopybutt321's rating: 1095 → 1074<\/strong> (-21 for losing)\n|l|\u2606Poopybutt321\n","uploadtime":1681824228,"views":6,"p1id":"unhingedloopkids","p2id":"poopybutt321","formatid":"gen9vgc2023regulationc","rating":1074,"private":0,"password":""}