{"id":"gen9vgc2023regulationc-1848678558","p1":"M1so","p2":"Soooma","format":"[Gen 9] VGC 2023 Regulation C","log":"|j|\u2606M1so\n|j|\u2606Soooma\n|t:|1682100101\n|gametype|doubles\n|player|p1|M1so|169|1218\n|player|p2|Soooma|102|1187\n|teamsize|p1|6\n|teamsize|p2|6\n|gen|9\n|tier|[Gen 9] VGC 2023 Regulation C\n|rated|\n|rule|Species Clause: Limit one of each Pok\u00e9mon\n|rule|Item Clause: Limit one of each item\n|clearpoke\n|poke|p1|Flutter Mane, L50|\n|poke|p1|Palafin, L50, F|\n|poke|p1|Arcanine, L50, M|\n|poke|p1|Amoonguss, L50, F|\n|poke|p1|Ting-Lu, L50|\n|poke|p1|Roaring Moon, L50|\n|poke|p2|Medicham, L50, M|\n|poke|p2|Ting-Lu, L50|\n|poke|p2|Lycanroc-Midnight, L50, F|\n|poke|p2|Iron Hands, L50|\n|poke|p2|Amoonguss, L50, M|\n|poke|p2|Flutter Mane, L50|\n|teampreview|4\n|inactive|Battle timer is ON: inactive players will automatically lose when time's up. (requested by Soooma)\n|inactive|M1so has 60 seconds left.\n|\n|t:|1682100158\n|start\n|switch|p1a: Flutter Mane|Flutter Mane, L50|100\/100\n|switch|p1b: Palafin|Palafin, L50, F|100\/100\n|switch|p2a: Medicham|Medicham, L50, M|100\/100\n|switch|p2b: Ting-Lu|Ting-Lu, L50|100\/100\n|-ability|p2b: Ting-Lu|Vessel of Ruin\n|turn|1\n|inactive|M1so has 30 seconds left.\n|inactive|M1so has 20 seconds left.\n|inactive|M1so has 15 seconds left.\n|inactive|M1so has 10 seconds left.\n|\n|t:|1682100208\n|-end|p1a: Flutter Mane|Protosynthesis|[silent]\n|switch|p1a: Arcanine|Arcanine, L50, M|100\/100\n|-ability|p1a: Arcanine|Intimidate|boost\n|-unboost|p2a: Medicham|atk|1\n|-unboost|p2b: Ting-Lu|atk|1\n|detailschange|p1b: Palafin|Palafin-Hero, L50, F\n|switch|p1b: Amoonguss|Amoonguss, L50, F|100\/100\n|-terastallize|p2b: Ting-Lu|Poison\n|move|p2a: Medicham|Skill Swap|p2b: Ting-Lu\n|-activate|p2a: Medicham|move: Skill Swap|||[of] p2b: Ting-Lu\n|-ability|p2a: Medicham|Vessel of Ruin\n|move|p2b: Ting-Lu|Heavy Slam|p1a: Arcanine\n|-resisted|p1a: Arcanine\n|-damage|p1a: Arcanine|78\/100\n|\n|upkeep\n|turn|2\n|inactive|M1so has 30 seconds left.\n|inactive|Soooma has 30 seconds left.\n|inactive|M1so has 20 seconds left.\n|inactive|M1so has 15 seconds left.\n|inactive|M1so has 10 seconds left.\n|\n|t:|1682100254\n|switch|p2a: Lycanroc|Lycanroc-Midnight, L50, F|100\/100\n|move|p1b: Amoonguss|Rage Powder|p1b: Amoonguss\n|-singleturn|p1b: Amoonguss|move: Rage Powder\n|move|p1a: Arcanine|Will-O-Wisp|p2b: Ting-Lu|[miss]\n|-miss|p1a: Arcanine|p2b: Ting-Lu\n|move|p2b: Ting-Lu|Stomping Tantrum|p1b: Amoonguss\n|-damage|p1b: Amoonguss|66\/100\n|\n|upkeep\n|turn|3\n|\n|t:|1682100271\n|move|p1b: Amoonguss|Rage Powder|p1b: Amoonguss\n|-singleturn|p1b: Amoonguss|move: Rage Powder\n|move|p2a: Lycanroc|Rock Slide|p1b: Amoonguss|[spread] p1a,p1b\n|-supereffective|p1a: Arcanine\n|-damage|p1a: Arcanine|15\/100\n|-damage|p1b: Amoonguss|44\/100\n|-enditem|p1b: Amoonguss|Sitrus Berry|[eat]\n|-heal|p1b: Amoonguss|69\/100|[from] item: Sitrus Berry\n|move|p1a: Arcanine|Will-O-Wisp|p2b: Ting-Lu|[miss]\n|-miss|p1a: Arcanine|p2b: Ting-Lu\n|move|p2b: Ting-Lu|Stomping Tantrum|p1b: Amoonguss\n|-damage|p1b: Amoonguss|34\/100\n|\n|upkeep\n|turn|4\n|c|\u2606M1so|bruh\n|inactive|M1so has 30 seconds left.\n|\n|t:|1682100306\n|switch|p1b: Palafin|Palafin-Hero, L50, F|100\/100\n|-activate|p1b: Palafin|ability: Zero to Hero\n|move|p1a: Arcanine|Protect|p1a: Arcanine\n|-singleturn|p1a: Arcanine|Protect\n|move|p2a: Lycanroc|Rock Slide|p1b: Palafin|[spread] p1b\n|-activate|p1a: Arcanine|move: Protect\n|-damage|p1b: Palafin|72\/100\n|move|p2b: Ting-Lu|Stomping Tantrum|p1b: Palafin\n|-damage|p1b: Palafin|32\/100\n|\n|upkeep\n|turn|5\n|inactive|Soooma has 30 seconds left.\n|inactive|Soooma has 20 seconds left.\n|inactive|Soooma has 15 seconds left.\n|\n|t:|1682100347\n|move|p1b: Palafin|Jet Punch|p2a: Lycanroc\n|-supereffective|p2a: Lycanroc\n|-damage|p2a: Lycanroc|0 fnt\n|faint|p2a: Lycanroc\n|move|p1a: Arcanine|Will-O-Wisp|p2b: Ting-Lu\n|-status|p2b: Ting-Lu|brn\n|move|p2b: Ting-Lu|Throat Chop|p1b: Palafin\n|-damage|p1b: Palafin|11\/100\n|-start|p1b: Palafin|Throat Chop|[silent]\n|\n|-damage|p2b: Ting-Lu|95\/100 brn|[from] brn\n|upkeep\n|\n|t:|1682100362\n|switch|p2a: Medicham|Medicham, L50, M|100\/100\n|turn|6\n|\n|t:|1682100374\n|move|p1a: Arcanine|Protect|p1a: Arcanine\n|-singleturn|p1a: Arcanine|Protect\n|move|p1b: Palafin|Protect|p1b: Palafin\n|-singleturn|p1b: Palafin|Protect\n|move|p2a: Medicham|Fake Out|p1b: Palafin\n|-activate|p1b: Palafin|move: Protect\n|move|p2b: Ting-Lu|Stomping Tantrum|p1a: Arcanine\n|-activate|p1a: Arcanine|move: Protect\n|\n|-heal|p2b: Ting-Lu|100\/100 brn|[from] item: Leftovers\n|-damage|p2b: Ting-Lu|95\/100 brn|[from] brn\n|-end|p1b: Palafin|Throat Chop|[silent]\n|upkeep\n|turn|7\n|inactive|M1so has 30 seconds left.\n|\n|t:|1682100402\n|move|p1a: Arcanine|Extreme Speed|p2a: Medicham\n|-damage|p2a: Medicham|56\/100\n|move|p1b: Palafin|Jet Punch|p2a: Medicham\n|-damage|p2a: Medicham|0 fnt\n|faint|p2a: Medicham\n|move|p2b: Ting-Lu|Stomping Tantrum|p1a: Arcanine\n|-supereffective|p1a: Arcanine\n|-damage|p1a: Arcanine|0 fnt\n|faint|p1a: Arcanine\n|\n|-heal|p2b: Ting-Lu|100\/100 brn|[from] item: Leftovers\n|-damage|p2b: Ting-Lu|95\/100 brn|[from] brn\n|upkeep\n|\n|t:|1682100423\n|switch|p2a: Flutter Mane|Flutter Mane, L50|100\/100\n|switch|p1a: Amoonguss|Amoonguss, L50, F|68\/100\n|turn|8\n|inactive|M1so has 30 seconds left.\n|inactive|M1so has 20 seconds left.\n|\n|t:|1682100462\n|-terastallize|p1b: Palafin|Water\n|move|p1a: Amoonguss|Rage Powder|p1a: Amoonguss\n|-singleturn|p1a: Amoonguss|move: Rage Powder\n|move|p1b: Palafin|Jet Punch|p2a: Flutter Mane\n|-crit|p2a: Flutter Mane\n|-damage|p2a: Flutter Mane|0 fnt\n|faint|p2a: Flutter Mane\n|-end|p2a: Flutter Mane|Protosynthesis|[silent]\n|move|p2b: Ting-Lu|Rock Slide|p1b: Palafin|[spread] p1a,p1b\n|-crit|p1b: Palafin\n|-damage|p1a: Amoonguss|59\/100\n|-damage|p1b: Palafin|0 fnt\n|faint|p1b: Palafin\n|\n|-heal|p2b: Ting-Lu|100\/100 brn|[from] item: Leftovers\n|-damage|p2b: Ting-Lu|95\/100 brn|[from] brn\n|upkeep\n|\n|t:|1682100469\n|switch|p1b: Flutter Mane|Flutter Mane, L50|100\/100\n|turn|9\n|\n|t:|1682100484\n|move|p1a: Amoonguss|Rage Powder|p1a: Amoonguss\n|-singleturn|p1a: Amoonguss|move: Rage Powder\n|move|p1b: Flutter Mane|Shadow Ball|p2b: Ting-Lu\n|-damage|p2b: Ting-Lu|56\/100 brn\n|-unboost|p2b: Ting-Lu|spd|1\n|move|p2b: Ting-Lu|Rock Slide|p1b: Flutter Mane|[spread] p1a,p1b\n|-damage|p1a: Amoonguss|49\/100\n|-damage|p1b: Flutter Mane|75\/100\n|\n|-heal|p2b: Ting-Lu|62\/100 brn|[from] item: Leftovers\n|-damage|p2b: Ting-Lu|56\/100 brn|[from] brn\n|upkeep\n|turn|10\n|\n|t:|1682100497\n|move|p1a: Amoonguss|Rage Powder|p1a: Amoonguss\n|-singleturn|p1a: Amoonguss|move: Rage Powder\n|move|p1b: Flutter Mane|Shadow Ball|p2b: Ting-Lu\n|-damage|p2b: Ting-Lu|0 fnt\n|faint|p2b: Ting-Lu\n|\n|win|M1so\n|raw|M1so's rating: 1218 → 1241<\/strong> (+23 for winning)\n|raw|Soooma's rating: 1187 → 1164<\/strong> (-23 for losing)\n|l|\u2606Soooma\n","uploadtime":1682100549,"views":7,"p1id":"m1so","p2id":"soooma","formatid":"gen9vgc2023regulationc","rating":1164,"private":0,"password":""}