{"id":"gen9vgc2023regulationc-1854350755","p1":"spectra991","p2":"Whatever0512","format":"[Gen 9] VGC 2023 Regulation C","log":"|j|\u2606spectra991\n|j|\u2606Whatever0512\n|t:|1682800162\n|gametype|doubles\n|player|p1|spectra991|alder|1313\n|player|p2|Whatever0512|170|1302\n|teamsize|p1|6\n|teamsize|p2|6\n|gen|9\n|tier|[Gen 9] VGC 2023 Regulation C\n|rated|\n|rule|Species Clause: Limit one of each Pok\u00e9mon\n|rule|Item Clause: Limit one of each item\n|clearpoke\n|poke|p1|Flutter Mane, L50|\n|poke|p1|Amoonguss, L50, F|\n|poke|p1|Arcanine, L50, F|\n|poke|p1|Palafin, L50, M|\n|poke|p1|Annihilape, L50, M|\n|poke|p1|Maushold-Four, L50|\n|poke|p2|Talonflame, L50, M|\n|poke|p2|Flutter Mane, L50|\n|poke|p2|Tyranitar, L50, F|\n|poke|p2|Iron Bundle, L50|\n|poke|p2|Gothitelle, L50, M|\n|poke|p2|Great Tusk, L50|\n|teampreview|4\n|inactive|Battle timer is ON: inactive players will automatically lose when time's up. (requested by spectra991)\n|inactive|spectra991 has 60 seconds left.\n|\n|t:|1682800200\n|start\n|switch|p1a: Maushold|Maushold-Four, L50|100\/100\n|switch|p1b: Annihilape|Annihilape, L50, M|100\/100\n|switch|p2a: Iron Bundle|Iron Bundle, L50|100\/100\n|switch|p2b: Tyranitar|Tyranitar, L50, F|100\/100\n|-weather|Sandstorm|[from] ability: Sand Stream|[of] p2b: Tyranitar\n|-enditem|p2a: Iron Bundle|Booster Energy\n|-activate|p2a: Iron Bundle|ability: Quark Drive|[fromitem]\n|-start|p2a: Iron Bundle|quarkdrivespe\n|turn|1\n|\n|t:|1682800221\n|switch|p2b: Flutter Mane|Flutter Mane, L50|100\/100\n|move|p2a: Iron Bundle|Protect|p2a: Iron Bundle\n|-singleturn|p2a: Iron Bundle|Protect\n|move|p1a: Maushold|Follow Me|p1a: Maushold\n|-singleturn|p1a: Maushold|move: Follow Me\n|move|p1b: Annihilape|Bulk Up|p1b: Annihilape\n|-boost|p1b: Annihilape|atk|1\n|-boost|p1b: Annihilape|def|1\n|\n|-weather|Sandstorm|[upkeep]\n|-damage|p2a: Iron Bundle|95\/100|[from] Sandstorm\n|-damage|p2b: Flutter Mane|95\/100|[from] Sandstorm\n|-damage|p1b: Annihilape|95\/100|[from] Sandstorm\n|-heal|p1b: Annihilape|100\/100|[from] item: Leftovers\n|upkeep\n|turn|2\n|inactive|Whatever0512 has 30 seconds left.\n|inactive|Whatever0512 has 20 seconds left.\n|inactive|Whatever0512 has 15 seconds left.\n|inactive|Whatever0512 has 10 seconds left.\n|\n|t:|1682800268\n|-end|p2b: Flutter Mane|Protosynthesis|[silent]\n|switch|p2b: Tyranitar|Tyranitar, L50, F|100\/100\n|move|p1a: Maushold|Follow Me|p1a: Maushold\n|-singleturn|p1a: Maushold|move: Follow Me\n|move|p2a: Iron Bundle|Freeze-Dry|p1a: Maushold\n|-damage|p1a: Maushold|70\/100\n|move|p1b: Annihilape|Rage Fist|p2b: Tyranitar\n|-resisted|p2b: Tyranitar\n|-damage|p2b: Tyranitar|85\/100\n|\n|-weather|Sandstorm|[upkeep]\n|-damage|p2a: Iron Bundle|89\/100|[from] Sandstorm\n|-damage|p1b: Annihilape|95\/100|[from] Sandstorm\n|-heal|p1b: Annihilape|100\/100|[from] item: Leftovers\n|upkeep\n|turn|3\n|inactive|Whatever0512 has 30 seconds left.\n|inactive|Whatever0512 has 20 seconds left.\n|\n|t:|1682800304\n|-terastallize|p2b: Tyranitar|Flying\n|move|p2a: Iron Bundle|Protect|p2a: Iron Bundle\n|-singleturn|p2a: Iron Bundle|Protect\n|move|p1a: Maushold|Follow Me|p1a: Maushold\n|-singleturn|p1a: Maushold|move: Follow Me\n|move|p1b: Annihilape|Bulk Up|p1b: Annihilape\n|-boost|p1b: Annihilape|atk|1\n|-boost|p1b: Annihilape|def|1\n|move|p2b: Tyranitar|Heavy Slam|p1a: Maushold\n|-damage|p1a: Maushold|15\/100\n|\n|-weather|Sandstorm|[upkeep]\n|-damage|p2a: Iron Bundle|84\/100|[from] Sandstorm\n|-damage|p1b: Annihilape|95\/100|[from] Sandstorm\n|-damage|p2b: Tyranitar|80\/100|[from] Sandstorm\n|-heal|p1b: Annihilape|100\/100|[from] item: Leftovers\n|upkeep\n|turn|4\n|inactive|Whatever0512 has 30 seconds left.\n|inactive|Whatever0512 has 20 seconds left.\n|\n|t:|1682800340\n|-end|p2a: Iron Bundle|Quark Drive|[silent]\n|switch|p2a: Flutter Mane|Flutter Mane, L50|95\/100\n|move|p1a: Maushold|Follow Me|p1a: Maushold\n|-singleturn|p1a: Maushold|move: Follow Me\n|move|p1b: Annihilape|Drain Punch|p2a: Flutter Mane\n|-immune|p2a: Flutter Mane\n|move|p2b: Tyranitar|Rock Slide|p1a: Maushold|[spread] p1a,p1b\n|-resisted|p1b: Annihilape\n|-damage|p1a: Maushold|0 fnt\n|-damage|p1b: Annihilape|95\/100\n|faint|p1a: Maushold\n|\n|-weather|Sandstorm|[upkeep]\n|-damage|p2a: Flutter Mane|89\/100|[from] Sandstorm\n|-damage|p1b: Annihilape|89\/100|[from] Sandstorm\n|-damage|p2b: Tyranitar|74\/100|[from] Sandstorm\n|-heal|p1b: Annihilape|95\/100|[from] item: Leftovers\n|upkeep\n|\n|t:|1682800357\n|switch|p1a: Flutter Mane|Flutter Mane, L50|100\/100\n|turn|5\n|\n|t:|1682800372\n|-end|p2a: Flutter Mane|Protosynthesis|[silent]\n|switch|p2a: Great Tusk|Great Tusk, L50|100\/100\n|-terastallize|p1b: Annihilape|Fire\n|move|p1a: Flutter Mane|Moonblast|p2b: Tyranitar\n|-damage|p2b: Tyranitar|31\/100\n|-unboost|p2b: Tyranitar|spa|1\n|move|p1b: Annihilape|Rage Fist|p2a: Great Tusk\n|-crit|p2a: Great Tusk\n|-damage|p2a: Great Tusk|0 fnt\n|faint|p2a: Great Tusk\n|-end|p2a: Great Tusk|Protosynthesis|[silent]\n|move|p2b: Tyranitar|Heavy Slam|p1a: Flutter Mane\n|-supereffective|p1a: Flutter Mane\n|-damage|p1a: Flutter Mane|0 fnt\n|faint|p1a: Flutter Mane\n|-end|p1a: Flutter Mane|Protosynthesis|[silent]\n|\n|-weather|none\n|-heal|p1b: Annihilape|100\/100|[from] item: Leftovers\n|upkeep\n|\n|t:|1682800393\n|switch|p1a: Arcanine|Arcanine, L50, F|100\/100\n|switch|p2a: Iron Bundle|Iron Bundle, L50|84\/100\n|-ability|p1a: Arcanine|Intimidate|boost\n|-unboost|p2a: Iron Bundle|atk|1\n|-unboost|p2b: Tyranitar|atk|1\n|turn|6\n|inactive|Whatever0512 has 30 seconds left.\n|inactive|Whatever0512 has 20 seconds left.\n|\n|t:|1682800428\n|-end|p2a: Iron Bundle|Quark Drive|[silent]\n|switch|p2a: Flutter Mane|Flutter Mane, L50|89\/100\n|move|p1b: Annihilape|Protect|p1b: Annihilape\n|-singleturn|p1b: Annihilape|Protect\n|move|p1a: Arcanine|Extreme Speed|p2a: Flutter Mane\n|-immune|p2a: Flutter Mane\n|move|p2b: Tyranitar|Rock Slide|p1b: Annihilape|[spread] \n|-activate|p1b: Annihilape|move: Protect\n|-miss|p2b: Tyranitar|p1a: Arcanine\n|\n|upkeep\n|turn|7\n|inactive|Whatever0512 has 30 seconds left.\n|\n|t:|1682800455\n|move|p1a: Arcanine|Extreme Speed|p2b: Tyranitar\n|-damage|p2b: Tyranitar|14\/100\n|move|p2a: Flutter Mane|Shadow Ball|p1a: Arcanine\n|-damage|p1a: Arcanine|39\/100\n|move|p1b: Annihilape|Rage Fist|p2a: Flutter Mane\n|-supereffective|p2a: Flutter Mane\n|-damage|p2a: Flutter Mane|0 fnt\n|faint|p2a: Flutter Mane\n|-end|p2a: Flutter Mane|Protosynthesis|[silent]\n|move|p2b: Tyranitar|Rock Slide|p1b: Annihilape|[spread] p1a\n|-miss|p2b: Tyranitar|p1b: Annihilape\n|-supereffective|p1a: Arcanine\n|-damage|p1a: Arcanine|0 fnt\n|faint|p1a: Arcanine\n|\n|upkeep\n|\n|t:|1682800470\n|switch|p2a: Iron Bundle|Iron Bundle, L50|84\/100\n|turn|8\n|\n|t:|1682800479\n|move|p2a: Iron Bundle|Hydro Pump|p1b: Annihilape\n|-supereffective|p1b: Annihilape\n|-damage|p1b: Annihilape|0 fnt\n|faint|p1b: Annihilape\n|\n|win|Whatever0512\n|raw|spectra991's rating: 1313 → 1292<\/strong> (-21 for losing)\n|raw|Whatever0512's rating: 1302 → 1323<\/strong> (+21 for winning)\n|c|\u2606Whatever0512|Gg\n|l|\u2606spectra991\n","uploadtime":1682800497,"views":18,"p1id":"spectra991","p2id":"whatever0512","formatid":"gen9vgc2023regulationc","rating":1292,"private":0,"password":""}