{"id":"gen9vgc2023regulationc-1863107444","p1":"AlolanBob","p2":"Ace98121212","format":"[Gen 9] VGC 2023 Regulation C","log":"|j|\u2606AlolanBob\n|j|\u2606Ace98121212\n|t:|1683971480\n|gametype|doubles\n|player|p1|AlolanBob|lucas|\n|player|p2|Ace98121212|170|\n|teamsize|p1|6\n|teamsize|p2|6\n|gen|9\n|tier|[Gen 9] VGC 2023 Regulation C\n|rule|Tera Type Preview: Tera Types are shown at Team Preview\n|rule|Species Clause: Limit one of each Pok\u00e9mon\n|rule|Item Clause: Limit one of each item\n|clearpoke\n|poke|p1|Iron Bundle, L50|\n|poke|p1|Abomasnow, L50, F|\n|poke|p1|Sableye, L50, F|\n|poke|p1|Dachsbun, L50, F|\n|poke|p1|Gallade, L50, M|\n|poke|p1|Iron Hands, L50|\n|poke|p2|Torkoal, L50, M|\n|poke|p2|Oranguru, L50, M|\n|poke|p2|Amoonguss, L50, M|\n|poke|p2|Gastrodon, L50, M|\n|poke|p2|Skeledirge, L50, F|\n|poke|p2|Rabsca, L50, M|\n|teampreview|4\n|raw|AlolanBob's Tera Types: \/ \/ \/ \/ \/ \n|raw|Ace98121212's Tera Types: \/ \/ \/ \/ \/ \n|c|\u2606AlolanBob|g1\n|c|\u2606Ace98121212|You are sending links or should I\nAce98121212 rejected open team sheets.\n|c|\u2606AlolanBob|lets get them all set up first\n|c|\u2606AlolanBob|i can send them in though\n|c|\u2606Ace98121212|K\n|c|\u2606Ace98121212|Should we start\n|c|\u2606AlolanBob|welp i brought hands instead of volc... oops\n|c|\u2606AlolanBob|its the same in all 3 though\n|c|\u2606AlolanBob|good when you are\n|c|\u2606Ace98121212|I am ready\n|\n|t:|1683971692\n|start\n|switch|p1a: Iron Hands|Iron Hands, L50|100\/100\n|switch|p1b: Sableye|Sableye, L50, F|100\/100\n|switch|p2a: Torkoal|Torkoal, L50, M|100\/100\n|switch|p2b: Oranguru|Oranguru, L50, M|100\/100\n|-weather|SunnyDay|[from] ability: Drought|[of] p2a: Torkoal\n|turn|1\n|\n|t:|1683971721\n|move|p2a: Torkoal|Protect|p2a: Torkoal\n|-singleturn|p2a: Torkoal|Protect\n|move|p1b: Sableye|Fake Out|p2a: Torkoal\n|-activate|p2a: Torkoal|move: Protect\n|move|p1a: Iron Hands|Whirlwind|p2b: Oranguru\n|drag|p2b: Rabsca|Rabsca, L50, M|100\/100\n|\n|-weather|SunnyDay|[upkeep]\n|upkeep\n|turn|2\n|j| Your_Shinigami98\n|\n|t:|1683971778\n|switch|p2a: Oranguru|Oranguru, L50, M|100\/100\n|move|p1b: Sableye|Rain Dance|p1b: Sableye\n|-weather|RainDance\n|move|p1a: Iron Hands|Drain Punch|p2a: Oranguru\n|-damage|p2a: Oranguru|58\/100\n|move|p2b: Rabsca|Dazzling Gleam|p1a: Iron Hands|[spread] p1a,p1b\n|-supereffective|p1a: Iron Hands\n|-supereffective|p1b: Sableye\n|-damage|p1a: Iron Hands|61\/100\n|-damage|p1b: Sableye|57\/100\n|\n|-weather|RainDance|[upkeep]\n|-heal|p2a: Oranguru|64\/100|[from] item: Leftovers\n|upkeep\n|turn|3\n|j| Psycho782\n|c|\u2606Ace98121212|Play bro\n|\n|t:|1683971904\n|switch|p1b: Iron Bundle|Iron Bundle, L50|100\/100\n|-terastallize|p1a: Iron Hands|Fighting\n|move|p1a: Iron Hands|Drain Punch|p2a: Oranguru\n|-damage|p2a: Oranguru|9\/100\n|-heal|p1a: Iron Hands|81\/100|[from] drain|[of] p2a: Oranguru\n|move|p2b: Rabsca|Dazzling Gleam|p1b: Iron Bundle|[spread] p1a,p1b\n|-supereffective|p1a: Iron Hands\n|-damage|p1a: Iron Hands|43\/100\n|-damage|p1b: Iron Bundle|69\/100\n|move|p2a: Oranguru|Trick Room|p2a: Oranguru\n|-fieldstart|move: Trick Room|[of] p2a: Oranguru\n|\n|-weather|RainDance|[upkeep]\n|-heal|p2a: Oranguru|15\/100|[from] item: Leftovers\n|upkeep\n|turn|4\n|c| Psycho782|Hm\n|l| Psycho782\n|\n|t:|1683971961\n|-end|p1a: Iron Hands|Quark Drive|[silent]\n|switch|p1a: Abomasnow|Abomasnow, L50, F|100\/100\n|-weather|Snow|[from] ability: Snow Warning|[of] p1a: Abomasnow\n|move|p2a: Oranguru|Protect|p2a: Oranguru\n|-singleturn|p2a: Oranguru|Protect\n|move|p2b: Rabsca|Psychic|p1a: Abomasnow\n|-damage|p1a: Abomasnow|48\/100\n|move|p1b: Iron Bundle|Blizzard|p2b: Rabsca|[spread] p2b\n|-activate|p2a: Oranguru|move: Protect\n|-crit|p2b: Rabsca\n|-damage|p2b: Rabsca|8\/100\n|-enditem|p2b: Rabsca|Sitrus Berry|[eat]\n|-heal|p2b: Rabsca|33\/100|[from] item: Sitrus Berry\n|-activate|p2a: Oranguru|ability: Symbiosis|Leftovers|[of] p2b: Rabsca\n|-damage|p1b: Iron Bundle|59\/100|[from] item: Life Orb\n|\n|-weather|Snow|[upkeep]\n|-heal|p2b: Rabsca|39\/100|[from] item: Leftovers\n|upkeep\n|turn|5\n|j| Psycho782\n|c| Psycho782|First time seeing the ability\n|\n|t:|1683972033\n|switch|p2a: Skeledirge|Skeledirge, L50, F|100\/100\n|switch|p1a: Sableye|Sableye, L50, F|57\/100\n|move|p2b: Rabsca|Psychic|p1a: Sableye\n|-immune|p1a: Sableye\n|move|p1b: Iron Bundle|Freeze-Dry|p2b: Rabsca\n|-damage|p2b: Rabsca|0 fnt\n|faint|p2b: Rabsca\n|-damage|p1b: Iron Bundle|49\/100|[from] item: Life Orb\n|\n|-weather|Snow|[upkeep]\n|upkeep\n|\n|t:|1683972049\n|switch|p2b: Torkoal|Torkoal, L50, M|100\/100\n|-weather|SunnyDay|[from] ability: Drought|[of] p2b: Torkoal\n|turn|6\n|j| QuaxLink\n|\n|t:|1683972113\n|-terastallize|p2a: Skeledirge|Fairy\n|move|p1b: Iron Bundle|Protect|p1b: Iron Bundle\n|-singleturn|p1b: Iron Bundle|Protect\n|move|p1a: Sableye|Rain Dance|p1a: Sableye\n|-weather|RainDance\n|move|p2b: Torkoal|Eruption|p1a: Sableye|[spread] p1a\n|-activate|p1b: Iron Bundle|move: Protect\n|-damage|p1a: Sableye|28\/100\n|move|p2a: Skeledirge|Torch Song|p1a: Sableye\n|-damage|p1a: Sableye|2\/100\n|-boost|p2a: Skeledirge|spa|1\n|-damage|p2a: Skeledirge|91\/100|[from] item: Life Orb\n|\n|-weather|RainDance|[upkeep]\n|upkeep\n|turn|7\n|\n|t:|1683972148\n|move|p1a: Sableye|Quash|p2b: Torkoal\n|-activate|p2b: Torkoal|move: Quash\n|move|p2a: Skeledirge|Tera Blast|p1b: Iron Bundle\n|-crit|p1b: Iron Bundle\n|-damage|p1b: Iron Bundle|0 fnt\n|faint|p1b: Iron Bundle\n|-end|p1b: Iron Bundle|Quark Drive|[silent]\n|-damage|p2a: Skeledirge|81\/100|[from] item: Life Orb\n|move|p2b: Torkoal|Flamethrower|p1a: Sableye\n|-damage|p1a: Sableye|0 fnt\n|faint|p1a: Sableye\n|\n|-weather|RainDance|[upkeep]\n|-fieldend|move: Trick Room\n|upkeep\n|\n|t:|1683972160\n|switch|p1b: Abomasnow|Abomasnow, L50, F|48\/100\n|switch|p1a: Iron Hands|Iron Hands, L50, tera:Fighting|43\/100\n|-weather|Snow|[from] ability: Snow Warning|[of] p1b: Abomasnow\n|turn|8\n|\n|t:|1683972176\n|move|p1a: Iron Hands|Fake Out|p2a: Skeledirge\n|-damage|p2a: Skeledirge|66\/100\n|move|p1b: Abomasnow|Earth Power|p2b: Torkoal\n|-supereffective|p2b: Torkoal\n|-damage|p2b: Torkoal|32\/100\n|cant|p2a: Skeledirge|flinch\n|move|p2b: Torkoal|Eruption|p1a: Iron Hands|[spread] p1a,p1b\n|-supereffective|p1b: Abomasnow\n|-enditem|p1b: Abomasnow|Occa Berry|[eat]\n|-enditem|p1b: Abomasnow|Occa Berry|[weaken]\n|-damage|p1a: Iron Hands|26\/100\n|-damage|p1b: Abomasnow|8\/100\n|\n|-weather|Snow|[upkeep]\n|upkeep\n|turn|9\n|c| Psycho782|Imagine getting postponed\n|\n|t:|1683972221\n|move|p2b: Torkoal|Protect|p2b: Torkoal\n|-singleturn|p2b: Torkoal|Protect\n|move|p1b: Abomasnow|Earth Power|p2b: Torkoal\n|-activate|p2b: Torkoal|move: Protect\n|move|p2a: Skeledirge|Tera Blast|p1a: Iron Hands\n|-supereffective|p1a: Iron Hands\n|-damage|p1a: Iron Hands|0 fnt\n|faint|p1a: Iron Hands\n|-end|p1a: Iron Hands|Quark Drive|[silent]\n|-damage|p2a: Skeledirge|56\/100|[from] item: Life Orb\n|\n|-weather|Snow|[upkeep]\n|upkeep\n|turn|10\n|c|\u2606AlolanBob|gg\n|\n|t:|1683972238\n|move|p1b: Abomasnow|Blizzard|p2a: Skeledirge|[spread] p2a,p2b\n|-resisted|p2b: Torkoal\n|-damage|p2a: Skeledirge|15\/100\n|-damage|p2b: Torkoal|8\/100\n|move|p2a: Skeledirge|Torch Song|p1b: Abomasnow\n|-supereffective|p1b: Abomasnow\n|-damage|p1b: Abomasnow|0 fnt\n|-boost|p2a: Skeledirge|spa|1\n|faint|p1b: Abomasnow\n|-damage|p2a: Skeledirge|5\/100|[from] item: Life Orb\n|\n|win|Ace98121212\n|c|\u2606Ace98121212|Gg\n|l| Psycho782\n|l|\u2606Ace98121212\n|l| Your_Shinigami98\n|l| QuaxLink\n","uploadtime":1683972819,"views":16,"p1id":"alolanbob","p2id":"ace98121212","formatid":"gen9vgc2023regulationc","rating":0,"private":0,"password":""}