{"id":"gen9vgc2023regulationc-1856978850","p1":"Of The Senju","p2":"TheNutmeg33","format":"[Gen 9] VGC 2023 Regulation C","log":"|j|\u2606Of The Senju\n|j|\u2606TheNutmeg33\n|t:|1683132864\n|gametype|doubles\n|player|p1|Of The Senju|lucas-gen4pt|1270\n|player|p2|TheNutmeg33|170|1285\n|teamsize|p1|6\n|teamsize|p2|6\n|gen|9\n|tier|[Gen 9] VGC 2023 Regulation C\n|rated|\n|rule|Species Clause: Limit one of each Pok\u00e9mon\n|rule|Item Clause: Limit one of each item\n|clearpoke\n|poke|p1|Ting-Lu, L50|\n|poke|p1|Dragonite, L50, M|\n|poke|p1|Flutter Mane, L50|\n|poke|p1|Arcanine, L50, F|\n|poke|p1|Amoonguss, L50, M|\n|poke|p1|Garganacl, L50, M|\n|poke|p2|Iron Hands, L50|\n|poke|p2|Flutter Mane, L50|\n|poke|p2|Palafin, L50, M|\n|poke|p2|Garganacl, L50, M|\n|poke|p2|Amoonguss, L50, M|\n|poke|p2|Arcanine, L50, F|\n|teampreview|4\n|inactive|Battle timer is ON: inactive players will automatically lose when time's up. (requested by Of The Senju)\n|j| slkdjgkesdf\n|l| slkdjgkesdf\n|inactive|Of The Senju has 60 seconds left.\n|\n|t:|1683132912\n|start\n|switch|p1a: Garganacl|Garganacl, L50, M|100\/100\n|switch|p1b: Dragonite|Dragonite, L50, M|100\/100\n|switch|p2a: Garganacl|Garganacl, L50, M|100\/100\n|switch|p2b: Palafin|Palafin, L50, M, shiny|100\/100\n|turn|1\n|inactive|Of The Senju has 30 seconds left.\n|\n|t:|1683132943\n|detailschange|p2b: Palafin|Palafin-Hero, L50, M, shiny\n|switch|p2b: Flutter Mane|Flutter Mane, L50, shiny|100\/100\n|move|p1b: Dragonite|Extreme Speed|p2b: Flutter Mane\n|-immune|p2b: Flutter Mane\n|move|p2a: Garganacl|Stealth Rock|p1a: Garganacl\n|-sidestart|p1: Of The Senju|move: Stealth Rock\n|move|p1a: Garganacl|Salt Cure|p2b: Flutter Mane\n|-damage|p2b: Flutter Mane|71\/100\n|-start|p2b: Flutter Mane|Salt Cure\n|\n|-damage|p2b: Flutter Mane|59\/100|[from] Salt Cure\n|upkeep\n|turn|2\n|\n|t:|1683132965\n|switch|p1b: Arcanine|Arcanine, L50, F|100\/100\n|-damage|p1b: Arcanine|76\/100|[from] Stealth Rock\n|-ability|p1b: Arcanine|Intimidate|boost\n|-unboost|p2a: Garganacl|atk|1\n|-unboost|p2b: Flutter Mane|atk|1\n|move|p2b: Flutter Mane|Dazzling Gleam|p1b: Arcanine|[spread] p1a,p1b\n|-resisted|p1b: Arcanine\n|-damage|p1a: Garganacl|72\/100\n|-damage|p1b: Arcanine|53\/100\n|-damage|p2b: Flutter Mane|49\/100|[from] item: Life Orb\n|move|p2a: Garganacl|Salt Cure|p1b: Arcanine\n|-supereffective|p1b: Arcanine\n|-damage|p1b: Arcanine|33\/100\n|-start|p1b: Arcanine|Salt Cure\n|move|p1a: Garganacl|Stealth Rock|p2a: Garganacl\n|-sidestart|p2: TheNutmeg33|move: Stealth Rock\n|\n|-heal|p1a: Garganacl|77\/100|[from] item: Leftovers\n|-damage|p2b: Flutter Mane|36\/100|[from] Salt Cure\n|-damage|p1b: Arcanine|21\/100|[from] Salt Cure\n|upkeep\n|turn|3\n|inactive|Of The Senju has 30 seconds left.\n|\n|t:|1683132995\n|move|p2b: Flutter Mane|Dazzling Gleam|p1a: Garganacl|[spread] p1a,p1b\n|-resisted|p1b: Arcanine\n|-damage|p1a: Garganacl|50\/100\n|-damage|p1b: Arcanine|0 fnt\n|faint|p1b: Arcanine\n|-damage|p2b: Flutter Mane|26\/100|[from] item: Life Orb\n|move|p2a: Garganacl|Salt Cure|p1a: Garganacl\n|-damage|p1a: Garganacl|43\/100\n|-start|p1a: Garganacl|Salt Cure\n|move|p1a: Garganacl|Salt Cure|p2a: Garganacl\n|-damage|p2a: Garganacl|91\/100\n|-start|p2a: Garganacl|Salt Cure\n|\n|-heal|p2a: Garganacl|97\/100|[from] item: Leftovers\n|-heal|p1a: Garganacl|49\/100|[from] item: Leftovers\n|-damage|p2b: Flutter Mane|14\/100|[from] Salt Cure\n|-damage|p2a: Garganacl|85\/100|[from] Salt Cure\n|-damage|p1a: Garganacl|37\/100|[from] Salt Cure\n|upkeep\n|\n|t:|1683133015\n|switch|p1b: Ting-Lu|Ting-Lu, L50|100\/100\n|-damage|p1b: Ting-Lu|95\/100|[from] Stealth Rock\n|-ability|p1b: Ting-Lu|Vessel of Ruin\n|turn|4\n|\n|t:|1683133037\n|-terastallize|p1b: Ting-Lu|Poison\n|move|p2b: Flutter Mane|Protect|p2b: Flutter Mane\n|-singleturn|p2b: Flutter Mane|Protect\n|move|p1a: Garganacl|Protect|p1a: Garganacl\n|-singleturn|p1a: Garganacl|Protect\n|move|p1b: Ting-Lu|Stomping Tantrum|p2b: Flutter Mane\n|-activate|p2b: Flutter Mane|move: Protect\n|move|p2a: Garganacl|Salt Cure|p1b: Ting-Lu\n|-damage|p1b: Ting-Lu|89\/100\n|-start|p1b: Ting-Lu|Salt Cure\n|\n|-heal|p2a: Garganacl|91\/100|[from] item: Leftovers\n|-heal|p1a: Garganacl|43\/100|[from] item: Leftovers\n|-damage|p2b: Flutter Mane|2\/100|[from] Salt Cure\n|-damage|p1b: Ting-Lu|77\/100|[from] Salt Cure\n|-damage|p2a: Garganacl|79\/100|[from] Salt Cure\n|-damage|p1a: Garganacl|30\/100|[from] Salt Cure\n|upkeep\n|turn|5\n|\n|t:|1683133054\n|move|p2b: Flutter Mane|Moonblast|p1a: Garganacl\n|-damage|p1a: Garganacl|0 fnt\n|faint|p1a: Garganacl\n|-damage|p2b: Flutter Mane|0 fnt|[from] item: Life Orb\n|faint|p2b: Flutter Mane\n|-end|p2b: Flutter Mane|Protosynthesis|[silent]\n|move|p1b: Ting-Lu|Stomping Tantrum|p2a: Garganacl\n|-supereffective|p2a: Garganacl\n|-crit|p2a: Garganacl\n|-damage|p2a: Garganacl|8\/100\n|move|p2a: Garganacl|Salt Cure|p1b: Ting-Lu\n|-damage|p1b: Ting-Lu|70\/100\n|\n|-heal|p2a: Garganacl|14\/100|[from] item: Leftovers\n|-damage|p1b: Ting-Lu|58\/100|[from] Salt Cure\n|-damage|p2a: Garganacl|2\/100|[from] Salt Cure\n|upkeep\n|\n|t:|1683133068\n|switch|p2b: Iron Hands|Iron Hands, L50, shiny|100\/100\n|switch|p1a: Dragonite|Dragonite, L50, M|100\/100\n|-damage|p1a: Dragonite|76\/100|[from] Stealth Rock\n|-damage|p2b: Iron Hands|94\/100|[from] Stealth Rock\n|turn|6\n|\n|t:|1683133077\n|move|p2b: Iron Hands|Fake Out|p1a: Dragonite\n|-damage|p1a: Dragonite|59\/100\n|move|p1a: Dragonite|Extreme Speed|p2a: Garganacl\n|-resisted|p2a: Garganacl\n|-damage|p2a: Garganacl|0 fnt\n|faint|p2a: Garganacl\n|move|p1b: Ting-Lu|Fissure|p2b: Iron Hands|[miss]\n|-miss|p1b: Ting-Lu|p2b: Iron Hands\n|\n|-damage|p1b: Ting-Lu|45\/100|[from] Salt Cure\n|upkeep\n|\n|t:|1683133087\n|switch|p2a: Palafin|Palafin-Hero, L50, M, shiny|100\/100\n|-damage|p2a: Palafin|88\/100|[from] Stealth Rock\n|-activate|p2a: Palafin|ability: Zero to Hero\n|turn|7\n|\n|t:|1683133097\n|-terastallize|p2a: Palafin|Water\n|move|p1a: Dragonite|Extreme Speed|p2a: Palafin\n|-damage|p2a: Palafin|46\/100\n|move|p2a: Palafin|Wave Crash|p1a: Dragonite\n|-resisted|p1a: Dragonite\n|-damage|p1a: Dragonite|0 fnt\n|faint|p1a: Dragonite\n|-damage|p2a: Palafin|29\/100|[from] Recoil\n|move|p2b: Iron Hands|Wild Charge|p1b: Ting-Lu\n|-damage|p1b: Ting-Lu|12\/100\n|-damage|p2b: Iron Hands|86\/100|[from] Recoil\n|move|p1b: Ting-Lu|Stomping Tantrum|p2b: Iron Hands\n|-supereffective|p2b: Iron Hands\n|-damage|p2b: Iron Hands|0 fnt\n|faint|p2b: Iron Hands\n|-end|p2b: Iron Hands|Quark Drive|[silent]\n|\n|-damage|p1b: Ting-Lu|0 fnt|[from] Salt Cure\n|faint|p1b: Ting-Lu\n|\n|win|TheNutmeg33\n|upkeep\n|raw|Of The Senju's rating: 1270 → 1246<\/strong> (-24 for losing)\n|raw|TheNutmeg33's rating: 1285 → 1309<\/strong> (+24 for winning)\n|l|\u2606Of The Senju\n","uploadtime":1683133200,"views":16,"p1id":"ofthesenju","p2id":"thenutmeg33","formatid":"gen9vgc2023regulationc","rating":1246,"private":0,"password":""}