{"id":"gen9vgc2023regulationc-1860909862","p1":"ShadowTriad Lazer","p2":"WIMBLER","format":"[Gen 9] VGC 2023 Regulation C","log":"|j|\u2606ShadowTriad Lazer\n|j|\u2606WIMBLER\n|t:|1683694275\n|gametype|doubles\n|player|p1|ShadowTriad Lazer|shadowtriad|1130\n|player|p2|WIMBLER|jasmine|1241\n|teamsize|p1|6\n|teamsize|p2|5\n|gen|9\n|tier|[Gen 9] VGC 2023 Regulation C\n|rated|\n|rule|Species Clause: Limit one of each Pok\u00e9mon\n|rule|Item Clause: Limit one of each item\n|clearpoke\n|poke|p1|Vaporeon, L50, F|\n|poke|p1|Dragalge, L50, F|\n|poke|p1|Gallade, L50, M|\n|poke|p1|Arcanine, L50, M|\n|poke|p1|Flutter Mane, L50|\n|poke|p1|Espeon, L50, F|\n|poke|p2|Corviknight, L50, M|\n|poke|p2|Flutter Mane, L50|\n|poke|p2|Iron Hands, L50|\n|poke|p2|Garchomp, L50, F|\n|poke|p2|Brute Bonnet, L50|\n|teampreview|4\n|\n|t:|1683694326\n|start\n|switch|p1a: Amaterasu|Arcanine, L50, M|100\/100\n|switch|p1b: Kakumei|Espeon, L50, F|100\/100\n|switch|p2a: Corviknight|Corviknight, L50, M|100\/100\n|switch|p2b: Garchomp|Garchomp, L50, F|100\/100\n|-ability|p1a: Amaterasu|Intimidate|boost\n|-ability|p2a: Corviknight|Mirror Armor\n|-unboost|p1a: Amaterasu|atk|1\n|-unboost|p2b: Garchomp|atk|1\n|turn|1\n|inactive|Battle timer is ON: inactive players will automatically lose when time's up. (requested by WIMBLER)\n|\n|t:|1683694346\n|-terastallize|p1a: Amaterasu|Flying\n|move|p2b: Garchomp|Protect|p2b: Garchomp\n|-singleturn|p2b: Garchomp|Protect\n|move|p1b: Kakumei|Trick|p2a: Corviknight\n|-activate|p1b: Kakumei|move: Trick|[of] p2a: Corviknight\n|-item|p2a: Corviknight|Choice Specs|[from] move: Trick\n|-item|p1b: Kakumei|Sitrus Berry|[from] move: Trick\n|move|p1a: Amaterasu|Will-O-Wisp|p2b: Garchomp\n|-activate|p2b: Garchomp|move: Protect\n|move|p2a: Corviknight|Taunt|p1a: Amaterasu\n|-start|p1a: Amaterasu|move: Taunt\n|\n|upkeep\n|turn|2\n|inactive|WIMBLER has 30 seconds left.\n|\n|t:|1683694379\n|switch|p1a: Kika Ki|Vaporeon, L50, F|100\/100\n|switch|p2a: Flutter Mane|Flutter Mane, L50|100\/100\n|move|p1b: Kakumei|Psychic|p2b: Garchomp\n|-damage|p2b: Garchomp|44\/100\n|move|p2b: Garchomp|Swords Dance|p2b: Garchomp\n|-boost|p2b: Garchomp|atk|2\n|\n|upkeep\n|turn|3\n|inactive|ShadowTriad Lazer has 30 seconds left.\n|\n|t:|1683694404\n|switch|p1b: Amaterasu|Arcanine, L50, M, tera:Flying|100\/100\n|-ability|p1b: Amaterasu|Intimidate|boost\n|-unboost|p2a: Flutter Mane|atk|1\n|-unboost|p2b: Garchomp|atk|1\n|move|p2a: Flutter Mane|Shadow Ball|p1b: Amaterasu\n|-damage|p1b: Amaterasu|60\/100\n|move|p2b: Garchomp|Dragon Claw|p1a: Kika Ki\n|-damage|p1a: Kika Ki|50\/100\n|-damage|p2b: Garchomp|34\/100|[from] item: Life Orb\n|move|p1a: Kika Ki|Chilling Water|p2b: Garchomp\n|-damage|p2b: Garchomp|13\/100\n|-unboost|p2b: Garchomp|atk|1\n|\n|upkeep\n|turn|4\n|\n|t:|1683694426\n|move|p2b: Garchomp|Protect|p2b: Garchomp\n|-singleturn|p2b: Garchomp|Protect\n|move|p2a: Flutter Mane|Power Gem|p1b: Amaterasu\n|-supereffective|p1b: Amaterasu\n|-damage|p1b: Amaterasu|1\/100\n|-enditem|p1b: Amaterasu|Aguav Berry|[eat]\n|-heal|p1b: Amaterasu|34\/100|[from] item: Aguav Berry\n|move|p1b: Amaterasu|Iron Head|p2a: Flutter Mane\n|-supereffective|p2a: Flutter Mane\n|-enditem|p2a: Flutter Mane|Focus Sash\n|-damage|p2a: Flutter Mane|1\/100\n|move|p1a: Kika Ki|Wish|p1a: Kika Ki\n|\n|upkeep\n|turn|5\n|\n|t:|1683694450\n|move|p1b: Amaterasu|Protect|p1b: Amaterasu\n|-singleturn|p1b: Amaterasu|Protect\n|move|p2a: Flutter Mane|Power Gem|p1b: Amaterasu\n|-activate|p1b: Amaterasu|move: Protect\n|move|p2b: Garchomp|Dragon Claw|p1a: Kika Ki\n|-damage|p1a: Kika Ki|18\/100\n|-enditem|p1a: Kika Ki|Mago Berry|[eat]\n|-heal|p1a: Kika Ki|51\/100|[from] item: Mago Berry\n|-damage|p2b: Garchomp|3\/100|[from] item: Life Orb\n|move|p1a: Kika Ki|Chilling Water|p2a: Flutter Mane\n|-damage|p2a: Flutter Mane|0 fnt\n|faint|p2a: Flutter Mane\n|-end|p2a: Flutter Mane|Protosynthesis|[silent]\n|\n|-heal|p1a: Kika Ki|100\/100|[from] move: Wish|[wisher] Kika Ki\n|upkeep\n|\n|t:|1683694470\n|switch|p2a: Iron Hands|Iron Hands, L50|100\/100\n|turn|6\n|\n|t:|1683694482\n|switch|p1b: DokuRyuJin|Dragalge, L50, F|100\/100\n|move|p1a: Kika Ki|Protect|p1a: Kika Ki\n|-singleturn|p1a: Kika Ki|Protect\n|move|p2a: Iron Hands|Fake Out|p1b: DokuRyuJin\n|-damage|p1b: DokuRyuJin|76\/100\n|move|p2b: Garchomp|Dragon Claw|p1b: DokuRyuJin\n|-supereffective|p1b: DokuRyuJin\n|-damage|p1b: DokuRyuJin|0 fnt\n|faint|p1b: DokuRyuJin\n|-damage|p2b: Garchomp|0 fnt|[from] item: Life Orb\n|faint|p2b: Garchomp\n|\n|upkeep\n|\n|t:|1683694499\n|switch|p2b: Corviknight|Corviknight, L50, M|100\/100\n|switch|p1b: Kakumei|Espeon, L50, F|100\/100\n|turn|7\n|\n|t:|1683694516\n|switch|p1a: Amaterasu|Arcanine, L50, M, tera:Flying|34\/100\n|-ability|p1a: Amaterasu|Intimidate|boost\n|-unboost|p2a: Iron Hands|atk|1\n|-ability|p2b: Corviknight|Mirror Armor\n|-unboost|p1a: Amaterasu|atk|1\n|move|p1b: Kakumei|Protect|p1b: Kakumei\n|-singleturn|p1b: Kakumei|Protect\n|move|p2b: Corviknight|Tailwind|p2b: Corviknight\n|-sidestart|p2: WIMBLER|move: Tailwind\n|move|p2a: Iron Hands|Wild Charge|p1a: Amaterasu\n|-supereffective|p1a: Amaterasu\n|-damage|p1a: Amaterasu|0 fnt\n|faint|p1a: Amaterasu\n|-damage|p2a: Iron Hands|94\/100|[from] Recoil\n|\n|upkeep\n|\n|t:|1683694531\n|switch|p1a: Kika Ki|Vaporeon, L50, F|100\/100\n|turn|8\n|\n|t:|1683694543\n|move|p1a: Kika Ki|Protect|p1a: Kika Ki\n|-singleturn|p1a: Kika Ki|Protect\n|move|p1b: Kakumei|Psychic|p2a: Iron Hands\n|-supereffective|p2a: Iron Hands\n|-damage|p2a: Iron Hands|44\/100\n|move|p2b: Corviknight|Tailwind||[still]\n|-fail|p2b: Corviknight\n|move|p2a: Iron Hands|Wild Charge|p1a: Kika Ki\n|-activate|p1a: Kika Ki|move: Protect\n|\n|upkeep\n|turn|9\n|\n|t:|1683694560\n|-terastallize|p2a: Iron Hands|Flying\n|move|p1b: Kakumei|Psychic|p2a: Iron Hands\n|-damage|p2a: Iron Hands|19\/100\n|move|p2b: Corviknight|Tailwind||[still]\n|-fail|p2b: Corviknight\n|move|p2a: Iron Hands|Wild Charge|p1a: Kika Ki\n|-supereffective|p1a: Kika Ki\n|-damage|p1a: Kika Ki|33\/100\n|-damage|p2a: Iron Hands|4\/100|[from] Recoil\n|move|p1a: Kika Ki|Wish|p1a: Kika Ki\n|\n|upkeep\n|turn|10\n|\n|t:|1683694579\n|move|p1a: Kika Ki|Protect|p1a: Kika Ki\n|-singleturn|p1a: Kika Ki|Protect\n|move|p1b: Kakumei|Psychic|p2a: Iron Hands\n|-damage|p2a: Iron Hands|0 fnt\n|faint|p2a: Iron Hands\n|-end|p2a: Iron Hands|Quark Drive|[silent]\n|move|p2b: Corviknight|Tailwind||[still]\n|-fail|p2b: Corviknight\n|\n|-heal|p1a: Kika Ki|83\/100|[from] move: Wish|[wisher] Kika Ki\n|-sideend|p2: WIMBLER|move: Tailwind\n|upkeep\n|turn|11\n|-message|WIMBLER forfeited.\n|\n|win|ShadowTriad Lazer\n|raw|ShadowTriad Lazer's rating: 1130 → 1163<\/strong> (+33 for winning)\n|raw|WIMBLER's rating: 1241 → 1208<\/strong> (-33 for losing)\n|l|\u2606WIMBLER\n","uploadtime":1683696634,"views":21,"p1id":"shadowtriadlazer","p2id":"wimbler","formatid":"gen9vgc2023regulationc","rating":1163,"private":0,"password":""}