{"id":"gen9vgc2023regulationc-1857673868","p1":"njsfqhlzd","p2":"jahjbig","format":"[Gen 9] VGC 2023 Regulation C","log":"|j|\u2606njsfqhlzd\n|j|\u2606jahjbig\n|t:|1683220746\n|gametype|doubles\n|player|p1|njsfqhlzd|102|1085\n|player|p2|jahjbig|102|1146\n|teamsize|p1|6\n|teamsize|p2|6\n|gen|9\n|tier|[Gen 9] VGC 2023 Regulation C\n|rated|\n|rule|Species Clause: Limit one of each Pok\u00e9mon\n|rule|Item Clause: Limit one of each item\n|clearpoke\n|poke|p1|Flutter Mane, L50|\n|poke|p1|Palafin, L50, M|\n|poke|p1|Meowscarada, L50, M|\n|poke|p1|Pelipper, L50, M|\n|poke|p1|Arcanine, L50, F|\n|poke|p1|Gholdengo, L50|\n|poke|p2|Palafin, L50, M|\n|poke|p2|Amoonguss, L50, F|\n|poke|p2|Arcanine, L50, M|\n|poke|p2|Ting-Lu, L50|\n|poke|p2|Flutter Mane, L50|\n|poke|p2|Iron Bundle, L50|\n|teampreview|4\n|inactive|Battle timer is ON: inactive players will automatically lose when time's up. (requested by jahjbig)\njahjbig rejected open team sheets.\n|inactive|njsfqhlzd has 60 seconds left.\n|inactive|jahjbig has 60 seconds left.\n|\n|t:|1683220794\n|start\n|switch|p1a: Palafin|Palafin, L50, M|100\/100\n|switch|p1b: Meowscarada|Meowscarada, L50, M|100\/100\n|switch|p2a: Palafin|Palafin, L50, M|100\/100\n|switch|p2b: Flutter Mane|Flutter Mane, L50|100\/100\n|turn|1\n|\n|t:|1683220817\n|-end|p2b: Flutter Mane|Protosynthesis|[silent]\n|switch|p2b: Arcanine|Arcanine, L50, M|100\/100\n|-ability|p2b: Arcanine|Intimidate|boost\n|-unboost|p1a: Palafin|atk|1\n|-unboost|p1b: Meowscarada|atk|1\n|detailschange|p2a: Palafin|Palafin-Hero, L50, M\n|switch|p2a: Ting-Lu|Ting-Lu, L50|100\/100\n|-ability|p2a: Ting-Lu|Vessel of Ruin\n|move|p1a: Palafin|Flip Turn|p2a: Ting-Lu\n|-supereffective|p2a: Ting-Lu\n|-damage|p2a: Ting-Lu|81\/100\n|\n|t:|1683220832\n|detailschange|p1a: Palafin|Palafin-Hero, L50, M\n|switch|p1a: Arcanine|Arcanine, L50, F|100\/100|[from] Flip Turn\n|-ability|p1a: Arcanine|Intimidate|boost\n|-unboost|p2a: Ting-Lu|atk|1\n|-unboost|p2b: Arcanine|atk|1\n|move|p1b: Meowscarada|Flower Trick|p2b: Arcanine\n|-resisted|p2b: Arcanine\n|-crit|p2b: Arcanine\n|-damage|p2b: Arcanine|73\/100\n|\n|upkeep\n|turn|2\n|inactive|njsfqhlzd has 30 seconds left.\n|inactive|jahjbig has 30 seconds left.\n|\n|t:|1683220864\n|-terastallize|p2a: Ting-Lu|Poison\n|move|p1b: Meowscarada|Protect|p1b: Meowscarada\n|-singleturn|p1b: Meowscarada|Protect\n|move|p2b: Arcanine|Howl|p2b: Arcanine|[spread] p2a,p2b\n|-boost|p2a: Ting-Lu|atk|1\n|-boost|p2b: Arcanine|atk|1\n|move|p1a: Arcanine|Will-O-Wisp|p2a: Ting-Lu\n|-status|p2a: Ting-Lu|brn\n|move|p2a: Ting-Lu|Heavy Slam|p1b: Meowscarada\n|-activate|p1b: Meowscarada|move: Protect\n|\n|-damage|p2a: Ting-Lu|75\/100 brn|[from] brn\n|upkeep\n|turn|3\n|\n|t:|1683220887\n|switch|p1a: Palafin|Palafin-Hero, L50, M|100\/100\n|-activate|p1a: Palafin|ability: Zero to Hero\n|switch|p2a: Palafin|Palafin-Hero, L50, M|100\/100\n|-activate|p2a: Palafin|ability: Zero to Hero\n|move|p1b: Meowscarada|Knock Off|p2b: Arcanine\n|-damage|p2b: Arcanine|39\/100\n|-enditem|p2b: Arcanine|Sitrus Berry|[from] move: Knock Off|[of] p1b: Meowscarada\n|move|p2b: Arcanine|Flare Blitz|p1b: Meowscarada\n|-supereffective|p1b: Meowscarada\n|-enditem|p1b: Meowscarada|Focus Sash\n|-damage|p1b: Meowscarada|1\/100\n|-damage|p2b: Arcanine|13\/100|[from] Recoil\n|\n|upkeep\n|turn|4\n|inactive|njsfqhlzd has 30 seconds left.\n|\n|t:|1683220916\n|switch|p1b: Arcanine|Arcanine, L50, F|100\/100\n|-ability|p1b: Arcanine|Intimidate|boost\n|-unboost|p2a: Palafin|atk|1\n|-unboost|p2b: Arcanine|atk|1\n|switch|p2b: Ting-Lu|Ting-Lu, L50, tera:Poison|75\/100 brn\n|-ability|p2b: Ting-Lu|Vessel of Ruin\n|move|p1a: Palafin|Wave Crash|p2b: Ting-Lu\n|-damage|p2b: Ting-Lu|30\/100 brn\n|-damage|p1a: Palafin|80\/100|[from] Recoil\n|move|p2a: Palafin|Substitute|p2a: Palafin\n|-start|p2a: Palafin|Substitute\n|-damage|p2a: Palafin|76\/100\n|\n|-damage|p2b: Ting-Lu|24\/100 brn|[from] brn\n|upkeep\n|turn|5\n|j| A Borygon\n|inactive|njsfqhlzd has 30 seconds left.\n|inactive|njsfqhlzd has 20 seconds left.\n|inactive|njsfqhlzd has 15 seconds left.\n|inactive|njsfqhlzd has 10 seconds left.\n|inactive|njsfqhlzd has 5 seconds left.\n|\n|t:|1683220969\n|switch|p2b: Arcanine|Arcanine, L50, M|13\/100\n|-ability|p2b: Arcanine|Intimidate|boost\n|-unboost|p1a: Palafin|atk|1\n|-unboost|p1b: Arcanine|atk|1\n|move|p1b: Arcanine|Extreme Speed|p2a: Palafin\n|-activate|p2a: Palafin|move: Substitute|[damage]\n|move|p1a: Palafin|Wave Crash|p2b: Arcanine\n|-supereffective|p2b: Arcanine\n|-damage|p2b: Arcanine|0 fnt\n|faint|p2b: Arcanine\n|-damage|p1a: Palafin|75\/100|[from] Recoil\n|move|p2a: Palafin|Wave Crash|p1b: Arcanine\n|-supereffective|p1b: Arcanine\n|-damage|p1b: Arcanine|0 fnt\n|faint|p1b: Arcanine\n|-damage|p2a: Palafin|44\/100|[from] Recoil\n|\n|upkeep\n|\n|t:|1683220992\n|switch|p2b: Flutter Mane|Flutter Mane, L50|100\/100\n|switch|p1b: Flutter Mane|Flutter Mane, L50|100\/100\n|-enditem|p1b: Flutter Mane|Booster Energy\n|-activate|p1b: Flutter Mane|ability: Protosynthesis|[fromitem]\n|-start|p1b: Flutter Mane|protosynthesisspa\n|turn|6\n|inactive|njsfqhlzd has 30 seconds left.\n|\n|t:|1683221017\n|-terastallize|p1b: Flutter Mane|Fairy\n|move|p2a: Palafin|Jet Punch|p1b: Flutter Mane\n|-damage|p1b: Flutter Mane|47\/100\n|move|p1a: Palafin|Wave Crash|p2a: Palafin\n|-resisted|p2a: Palafin\n|-end|p2a: Palafin|Substitute\n|-damage|p1a: Palafin|71\/100|[from] Recoil|[of] p2a: Palafin\n|move|p2b: Flutter Mane|Dazzling Gleam|p1a: Palafin|[spread] p1a,p1b\n|-damage|p1a: Palafin|15\/100\n|-damage|p1b: Flutter Mane|6\/100\n|move|p1b: Flutter Mane|Moonblast|p2a: Palafin\n|-damage|p2a: Palafin|0 fnt\n|faint|p2a: Palafin\n|\n|upkeep\n|\n|t:|1683221030\n|switch|p2a: Ting-Lu|Ting-Lu, L50, tera:Poison|24\/100 brn\n|-ability|p2a: Ting-Lu|Vessel of Ruin\n|turn|7\n|\n|t:|1683221046\n|move|p1a: Palafin|Wave Crash|p2b: Flutter Mane\n|-damage|p2b: Flutter Mane|10\/100\n|-damage|p1a: Palafin|0 fnt|[from] Recoil\n|faint|p1a: Palafin\n|move|p2b: Flutter Mane|Dazzling Gleam|p1b: Flutter Mane\n|-damage|p1b: Flutter Mane|0 fnt\n|faint|p1b: Flutter Mane\n|-end|p1b: Flutter Mane|Protosynthesis|[silent]\n|move|p2a: Ting-Lu|Heavy Slam|p1: Palafin|[notarget]\n|-fail|p2a: Ting-Lu\n|\n|-damage|p2a: Ting-Lu|17\/100 brn|[from] brn\n|upkeep\n|-message|njsfqhlzd forfeited.\n|\n|win|jahjbig\n|raw|njsfqhlzd's rating: 1085 → 1066<\/strong> (-19 for losing)\n|raw|jahjbig's rating: 1146 → 1167<\/strong> (+21 for winning)\n|l|\u2606njsfqhlzd\n|l| A Borygon\n","uploadtime":1683221195,"views":13,"p1id":"njsfqhlzd","p2id":"jahjbig","formatid":"gen9vgc2023regulationc","rating":1066,"private":0,"password":""}