{"id":"gen9vgc2023regulationc-1855946655","p1":"cute anon","p2":"2245663y","format":"[Gen 9] VGC 2023 Regulation C","log":"|j|\u2606cute anon\n|j|\u26062245663y\n|t:|1683005107\n|gametype|doubles\n|player|p1|cute anon|pokemonbreederf|1043\n|player|p2|2245663y|dawn-gen4pt|1136\n|teamsize|p1|6\n|teamsize|p2|6\n|gen|9\n|tier|[Gen 9] VGC 2023 Regulation C\n|rated|\n|rule|Species Clause: Limit one of each Pok\u00e9mon\n|rule|Item Clause: Limit one of each item\n|clearpoke\n|poke|p1|Salamence, L50, M|\n|poke|p1|Scovillain, L50, M|\n|poke|p1|Torkoal, L50, F|\n|poke|p1|Sandy Shocks, L50|\n|poke|p1|Flamigo, L50, M|\n|poke|p1|Gholdengo, L50|\n|poke|p2|Wo-Chien, L50|\n|poke|p2|Glimmora, L50, M|\n|poke|p2|Ting-Lu, L50|\n|poke|p2|Arcanine, L50, M|\n|poke|p2|Grimmsnarl, L50, M|\n|poke|p2|Garganacl, L50, M|\n|teampreview|4\n|inactive|Battle timer is ON: inactive players will automatically lose when time's up. (requested by cute anon)\ncute anon has agreed to open team sheets.\n|inactive|2245663y has 60 seconds left.\n|\n|t:|1683005152\n|start\n|switch|p1a: Scovillain|Scovillain, L50, M|100\/100\n|switch|p1b: Salamence|Salamence, L50, M|100\/100\n|switch|p2a: Garganacl|Garganacl, L50, M|100\/100\n|switch|p2b: Grimmsnarl|Grimmsnarl, L50, M|100\/100\n|-ability|p1b: Salamence|Intimidate|boost\n|-unboost|p2a: Garganacl|atk|1\n|-unboost|p2b: Grimmsnarl|atk|1\n|turn|1\n|\n|t:|1683005171\n|move|p1b: Salamence|Protect|p1b: Salamence\n|-singleturn|p1b: Salamence|Protect\n|move|p1a: Scovillain|Protect|p1a: Scovillain\n|-singleturn|p1a: Scovillain|Protect\n|move|p2b: Grimmsnarl|Light Screen|p2b: Grimmsnarl\n|-sidestart|p2: 2245663y|move: Light Screen\n|move|p2a: Garganacl|Salt Cure|p1b: Salamence\n|-activate|p1b: Salamence|move: Protect\n|\n|upkeep\n|turn|2\n|\n|t:|1683005180\n|move|p1a: Scovillain|Rage Powder|p1a: Scovillain\n|-singleturn|p1a: Scovillain|move: Rage Powder\n|move|p2b: Grimmsnarl|Reflect|p2b: Grimmsnarl\n|-sidestart|p2: 2245663y|Reflect\n|move|p1b: Salamence|Dragon Dance|p1b: Salamence\n|-boost|p1b: Salamence|atk|1\n|-boost|p1b: Salamence|spe|1\n|move|p2a: Garganacl|Salt Cure|p1a: Scovillain\n|-supereffective|p1a: Scovillain\n|-damage|p1a: Scovillain|69\/100\n|-start|p1a: Scovillain|Salt Cure\n|\n|-damage|p1a: Scovillain|57\/100|[from] Salt Cure\n|upkeep\n|turn|3\n|\n|t:|1683005189\n|move|p1a: Scovillain|Rage Powder|p1a: Scovillain\n|-singleturn|p1a: Scovillain|move: Rage Powder\n|move|p2b: Grimmsnarl|Parting Shot|p1a: Scovillain\n|-unboost|p1a: Scovillain|atk|1\n|-unboost|p1a: Scovillain|spa|1\n|\n|t:|1683005193\n|switch|p2b: Arcanine|Arcanine, L50, M|100\/100|[from] Parting Shot\n|-ability|p2b: Arcanine|Intimidate|boost\n|-unboost|p1a: Scovillain|atk|1\n|-fail|p1b: Salamence|unboost|[from] item: Clear Amulet|[of] p1b: Salamence\n|move|p1b: Salamence|Dragon Dance|p1b: Salamence\n|-boost|p1b: Salamence|atk|1\n|-boost|p1b: Salamence|spe|1\n|move|p2a: Garganacl|Iron Defense|p2a: Garganacl\n|-boost|p2a: Garganacl|def|2\n|\n|-damage|p1a: Scovillain|45\/100|[from] Salt Cure\n|upkeep\n|turn|4\n|\n|t:|1683005218\n|switch|p1a: Sandy Shocks|Sandy Shocks, L50|100\/100\n|move|p1b: Salamence|Protect|p1b: Salamence\n|-singleturn|p1b: Salamence|Protect\n|move|p2b: Arcanine|Fire Spin|p1b: Salamence\n|-activate|p1b: Salamence|move: Protect\n|move|p2a: Garganacl|Iron Defense|p2a: Garganacl\n|-boost|p2a: Garganacl|def|2\n|\n|upkeep\n|turn|5\n|\n|t:|1683005237\n|-terastallize|p2a: Garganacl|Ghost\n|move|p1b: Salamence|Dragon Claw|p2a: Garganacl\n|-damage|p2a: Garganacl|87\/100\n|move|p1a: Sandy Shocks|Earth Power|p2a: Garganacl\n|-damage|p2a: Garganacl|64\/100\n|move|p2b: Arcanine|Will-O-Wisp|p1b: Salamence\n|-status|p1b: Salamence|brn\n|move|p2a: Garganacl|Salt Cure|p1b: Salamence\n|-supereffective|p1b: Salamence\n|-damage|p1b: Salamence|75\/100 brn\n|-start|p1b: Salamence|Salt Cure\n|\n|-damage|p1b: Salamence|69\/100 brn|[from] brn\n|-damage|p1b: Salamence|56\/100 brn|[from] Salt Cure\n|upkeep\n|turn|6\n|\n|t:|1683005254\n|switch|p2b: Grimmsnarl|Grimmsnarl, L50, M|100\/100\n|move|p1b: Salamence|Dragon Dance|p1b: Salamence\n|-boost|p1b: Salamence|atk|1\n|-boost|p1b: Salamence|spe|1\n|move|p1a: Sandy Shocks|Substitute|p1a: Sandy Shocks\n|-start|p1a: Sandy Shocks|Substitute\n|-damage|p1a: Sandy Shocks|76\/100\n|move|p2a: Garganacl|Recover|p2a: Garganacl\n|-heal|p2a: Garganacl|100\/100\n|\n|-damage|p1b: Salamence|50\/100 brn|[from] brn\n|-damage|p1b: Salamence|38\/100 brn|[from] Salt Cure\n|upkeep\n|turn|7\n|\n|t:|1683005271\n|move|p1b: Salamence|Protect|p1b: Salamence\n|-singleturn|p1b: Salamence|Protect\n|move|p1a: Sandy Shocks|Thunderbolt|p2a: Garganacl\n|-damage|p2a: Garganacl|72\/100\n|move|p2b: Grimmsnarl|Spirit Break|p1a: Sandy Shocks\n|-end|p1a: Sandy Shocks|Substitute\n|move|p2a: Garganacl|Salt Cure|p1a: Sandy Shocks\n|-resisted|p1a: Sandy Shocks\n|-damage|p1a: Sandy Shocks|70\/100\n|-start|p1a: Sandy Shocks|Salt Cure\n|\n|-damage|p1b: Salamence|32\/100 brn|[from] brn\n|-damage|p1b: Salamence|20\/100 brn|[from] Salt Cure\n|-damage|p1a: Sandy Shocks|58\/100|[from] Salt Cure\n|upkeep\n|turn|8\n|\n|t:|1683005284\n|-end|p1a: Sandy Shocks|Protosynthesis|[silent]\n|switch|p1a: Flamigo|Flamigo, L50, M|100\/100\n|-copyboost|p1a: Flamigo|p1b: Salamence|[from] ability: Costar\n|move|p2b: Grimmsnarl|Parting Shot|p1a: Flamigo\n|-unboost|p1a: Flamigo|atk|1\n|-unboost|p1a: Flamigo|spa|1\n|\n|t:|1683005291\n|switch|p2b: Arcanine|Arcanine, L50, M|100\/100|[from] Parting Shot\n|-ability|p2b: Arcanine|Intimidate|boost\n|-unboost|p1a: Flamigo|atk|1\n|-fail|p1b: Salamence|unboost|[from] item: Clear Amulet|[of] p1b: Salamence\n|move|p1b: Salamence|Earthquake|p2b: Arcanine|[spread] p2a,p2b\n|-immune|p1a: Flamigo\n|-supereffective|p2b: Arcanine\n|-damage|p2a: Garganacl|68\/100\n|-damage|p2b: Arcanine|45\/100\n|move|p2a: Garganacl|Recover|p2a: Garganacl\n|-heal|p2a: Garganacl|100\/100\n|\n|-damage|p1b: Salamence|14\/100 brn|[from] brn\n|-damage|p1b: Salamence|2\/100 brn|[from] Salt Cure\n|-sideend|p2: 2245663y|move: Light Screen\n|upkeep\n|turn|9\n|\n|t:|1683005307\n|move|p2b: Arcanine|Protect|p2b: Arcanine\n|-singleturn|p2b: Arcanine|Protect\n|move|p1a: Flamigo|Close Combat|p2a: Garganacl\n|-immune|p2a: Garganacl\n|move|p1b: Salamence|Earthquake|p2a: Garganacl|[spread] p2a\n|-activate|p2b: Arcanine|move: Protect\n|-immune|p1a: Flamigo\n|-damage|p2a: Garganacl|95\/100\n|move|p2a: Garganacl|Salt Cure|p1a: Flamigo\n|-damage|p1a: Flamigo|86\/100\n|-start|p1a: Flamigo|Salt Cure\n|\n|-damage|p1b: Salamence|0 fnt|[from] brn\n|faint|p1b: Salamence\n|-damage|p1a: Flamigo|74\/100|[from] Salt Cure\n|-sideend|p2: 2245663y|Reflect\n|upkeep\n|\n|t:|1683005314\n|switch|p1b: Scovillain|Scovillain, L50, M|45\/100\n|turn|10\n|\n|t:|1683005329\n|switch|p2b: Grimmsnarl|Grimmsnarl, L50, M|100\/100\n|move|p1a: Flamigo|Brave Bird|p2b: Grimmsnarl\n|-damage|p2b: Grimmsnarl|0 fnt\n|faint|p2b: Grimmsnarl\n|-damage|p1a: Flamigo|32\/100|[from] Recoil\n|-damage|p1a: Flamigo|22\/100|[from] item: Life Orb\n|move|p1b: Scovillain|Spicy Extract|p2a: Garganacl\n|-boost|p2a: Garganacl|atk|2\n|-unboost|p2a: Garganacl|def|2\n|move|p2a: Garganacl|Salt Cure|p1b: Scovillain\n|-supereffective|p1b: Scovillain\n|-damage|p1b: Scovillain|0 fnt\n|faint|p1b: Scovillain\n|\n|-damage|p1a: Flamigo|10\/100|[from] Salt Cure\n|upkeep\n|\n|t:|1683005345\n|switch|p1b: Sandy Shocks|Sandy Shocks, L50|58\/100\n|switch|p2b: Arcanine|Arcanine, L50, M|45\/100\n|-ability|p2b: Arcanine|Intimidate|boost\n|-unboost|p1a: Flamigo|atk|1\n|-unboost|p1b: Sandy Shocks|atk|1\n|turn|11\n|\n|t:|1683005355\n|move|p2b: Arcanine|Protect|p2b: Arcanine\n|-singleturn|p2b: Arcanine|Protect\n|move|p2a: Garganacl|Protect|p2a: Garganacl\n|-singleturn|p2a: Garganacl|Protect\n|move|p1a: Flamigo|Brave Bird|p2b: Arcanine\n|-activate|p2b: Arcanine|move: Protect\n|move|p1b: Sandy Shocks|Substitute|p1b: Sandy Shocks\n|-start|p1b: Sandy Shocks|Substitute\n|-damage|p1b: Sandy Shocks|33\/100\n|\n|-damage|p1a: Flamigo|0 fnt|[from] Salt Cure\n|faint|p1a: Flamigo\n|upkeep\n|turn|12\n|\n|t:|1683005367\n|move|p1b: Sandy Shocks|Earth Power|p2b: Arcanine\n|-supereffective|p2b: Arcanine\n|-damage|p2b: Arcanine|0 fnt\n|faint|p2b: Arcanine\n|move|p2a: Garganacl|Salt Cure|p1b: Sandy Shocks\n|-resisted|p1b: Sandy Shocks\n|-activate|p1b: Sandy Shocks|move: Substitute|[damage]\n|\n|upkeep\n|\n|t:|1683005369\n|switch|p2b: Ting-Lu|Ting-Lu, L50|100\/100\n|-ability|p2b: Ting-Lu|Vessel of Ruin\n|turn|13\n|\n|t:|1683005373\n|move|p1b: Sandy Shocks|Earth Power|p2b: Ting-Lu\n|-damage|p2b: Ting-Lu|87\/100\n|move|p2b: Ting-Lu|Snarl|p1b: Sandy Shocks\n|-damage|p1b: Sandy Shocks|19\/100\n|-unboost|p1b: Sandy Shocks|spa|1\n|move|p2a: Garganacl|Salt Cure|p1b: Sandy Shocks\n|-resisted|p1b: Sandy Shocks\n|-activate|p1b: Sandy Shocks|move: Substitute|[damage]\n|\n|upkeep\n|turn|14\n|-message|cute anon forfeited.\n|\n|win|2245663y\n|raw|cute anon's rating: 1043 → 1031<\/strong> (-12 for losing)\n|raw|2245663y's rating: 1136 → 1154<\/strong> (+18 for winning)\n|l|\u2606cute anon\n","uploadtime":1683005388,"views":12,"p1id":"cuteanon","p2id":"2245663y","formatid":"gen9vgc2023regulationc","rating":1031,"private":0,"password":""}