{"id":"gen9vgc2023regulationc-1855705823","p1":"Jbenn","p2":"Kyogre33","format":"[Gen 9] VGC 2023 Regulation C","log":"|j|\u2606Jbenn\n|j|\u2606Kyogre33\n|t:|1682975099\n|gametype|doubles\n|player|p1|Jbenn|steven|\n|player|p2|Kyogre33|steven|\n|teamsize|p1|6\n|teamsize|p2|6\n|gen|9\n|tier|[Gen 9] VGC 2023 Regulation C\n|rule|Species Clause: Limit one of each Pok\u00e9mon\n|rule|Item Clause: Limit one of each item\n|clearpoke\n|poke|p1|Roaring Moon, L50|\n|poke|p1|Great Tusk, L50|\n|poke|p1|Gholdengo, L50|\n|poke|p1|Hariyama, L50, F|\n|poke|p1|Mimikyu, L50, M|\n|poke|p1|Gyarados, L50, F|\n|poke|p2|Baxcalibur, L50, M|\n|poke|p2|Ting-Lu, L50|\n|poke|p2|Palafin, L50, M|\n|poke|p2|Amoonguss, L50, F|\n|poke|p2|Arcanine, L50, F|\n|poke|p2|Flutter Mane, L50|\n|teampreview|4\nKyogre33 has agreed to open team sheets.\nJbenn has agreed to open team sheets.\n|c|\u2606Kyogre33|are u ok with timer?\n|c|\u2606Jbenn|Ya idc\n|inactive|Battle timer is ON: inactive players will automatically lose when time's up. (requested by Kyogre33)\n|\n|t:|1682975164\n|start\n|switch|p1a: Hariyama|Hariyama, L50, F, shiny|100\/100\n|switch|p1b: Gholdengo|Gholdengo, L50|100\/100\n|switch|p2a: Flutter Mane|Flutter Mane, L50|100\/100\n|switch|p2b: Palafin|Palafin, L50, M|100\/100\n|turn|1\n|\n|t:|1682975184\n|detailschange|p2b: Palafin|Palafin-Hero, L50, M\n|switch|p2b: Arcanine|Arcanine, L50, F|100\/100\n|-ability|p2b: Arcanine|Intimidate|boost\n|-unboost|p1a: Hariyama|atk|1\n|-unboost|p1b: Gholdengo|atk|1\n|move|p1b: Gholdengo|Protect|p1b: Gholdengo\n|-singleturn|p1b: Gholdengo|Protect\n|move|p2a: Flutter Mane|Thunderbolt|p1b: Gholdengo\n|-activate|p1b: Gholdengo|move: Protect\n|move|p1a: Hariyama|Iron Head|p2a: Flutter Mane\n|-supereffective|p2a: Flutter Mane\n|-damage|p2a: Flutter Mane|47\/100\n|\n|upkeep\n|turn|2\n|inactive|Jbenn has 30 seconds left.\n|inactive|Jbenn has 20 seconds left.\n|\n|t:|1682975222\n|-end|p2a: Flutter Mane|Protosynthesis|[silent]\n|switch|p2a: Palafin|Palafin-Hero, L50, M|100\/100\n|-activate|p2a: Palafin|ability: Zero to Hero\n|switch|p1b: Roaring Moon|Roaring Moon, L50|100\/100\n|-enditem|p1b: Roaring Moon|Booster Energy\n|-activate|p1b: Roaring Moon|ability: Protosynthesis|[fromitem]\n|-start|p1b: Roaring Moon|protosynthesisspe\n|move|p2b: Arcanine|Howl|p2b: Arcanine|[spread] p2a,p2b\n|-boost|p2a: Palafin|atk|1\n|-boost|p2b: Arcanine|atk|1\n|move|p1a: Hariyama|Iron Head|p2a: Palafin\n|-resisted|p2a: Palafin\n|-damage|p2a: Palafin|92\/100\n|\n|upkeep\n|turn|3\n|\n|t:|1682975248\n|switch|p1a: Gyarados|Gyarados, L50, F|100\/100\n|-ability|p1a: Gyarados|Intimidate|boost\n|-unboost|p2a: Palafin|atk|1\n|-unboost|p2b: Arcanine|atk|1\n|move|p2a: Palafin|Protect|p2a: Palafin\n|-singleturn|p2a: Palafin|Protect\n|move|p1b: Roaring Moon|Jaw Lock|p2a: Palafin\n|-activate|p2a: Palafin|move: Protect\n|move|p2b: Arcanine|Will-O-Wisp|p1b: Roaring Moon|[miss]\n|-miss|p2b: Arcanine|p1b: Roaring Moon\n|\n|upkeep\n|turn|4\n|c|\u2606Kyogre33|nooooo\n|inactive|Kyogre33 has 30 seconds left.\n|\n|t:|1682975277\n|switch|p1a: Hariyama|Hariyama, L50, F, shiny|100\/100\n|-terastallize|p2a: Palafin|Water\n|move|p1b: Roaring Moon|Protect|p1b: Roaring Moon\n|-singleturn|p1b: Roaring Moon|Protect\n|move|p2a: Palafin|Wave Crash|p1b: Roaring Moon\n|-activate|p1b: Roaring Moon|move: Protect\n|move|p2b: Arcanine|Howl|p2b: Arcanine|[spread] p2a,p2b\n|-boost|p2a: Palafin|atk|1\n|-boost|p2b: Arcanine|atk|1\n|\n|upkeep\n|turn|5\n|\n|t:|1682975299\n|switch|p1a: Gyarados|Gyarados, L50, F|100\/100\n|-ability|p1a: Gyarados|Intimidate|boost\n|-unboost|p2a: Palafin|atk|1\n|-unboost|p2b: Arcanine|atk|1\n|move|p2a: Palafin|Protect|p2a: Palafin\n|-singleturn|p2a: Palafin|Protect\n|move|p1b: Roaring Moon|Acrobatics|p2a: Palafin\n|-activate|p2a: Palafin|move: Protect\n|move|p2b: Arcanine|Howl|p2b: Arcanine|[spread] p2a,p2b\n|-boost|p2a: Palafin|atk|1\n|-boost|p2b: Arcanine|atk|1\n|\n|upkeep\n|turn|6\n|\n|t:|1682975312\n|move|p1b: Roaring Moon|Protect|p1b: Roaring Moon\n|-singleturn|p1b: Roaring Moon|Protect\n|move|p2a: Palafin|Wave Crash|p1b: Roaring Moon\n|-activate|p1b: Roaring Moon|move: Protect\n|move|p2b: Arcanine|Howl|p2b: Arcanine|[spread] p2a,p2b\n|-boost|p2a: Palafin|atk|1\n|-boost|p2b: Arcanine|atk|1\n|move|p1a: Gyarados|Taunt|p2b: Arcanine\n|-start|p2b: Arcanine|move: Taunt\n|\n|upkeep\n|turn|7\n|inactive|Jbenn has 30 seconds left.\n|\n|t:|1682975340\n|move|p1b: Roaring Moon|Tailwind|p1b: Roaring Moon\n|-sidestart|p1: Jbenn|move: Tailwind\n|move|p1a: Gyarados|Waterfall|p2b: Arcanine\n|-supereffective|p2b: Arcanine\n|-damage|p2b: Arcanine|14\/100\n|move|p2a: Palafin|Wave Crash|p1b: Roaring Moon\n|-resisted|p1b: Roaring Moon\n|-damage|p1b: Roaring Moon|0 fnt\n|faint|p1b: Roaring Moon\n|-end|p1b: Roaring Moon|Protosynthesis|[silent]\n|-damage|p2a: Palafin|62\/100|[from] Recoil\n|move|p2b: Arcanine|Flare Blitz|p1a: Gyarados\n|-resisted|p1a: Gyarados\n|-damage|p1a: Gyarados|61\/100\n|-damage|p2b: Arcanine|2\/100|[from] Recoil\n|\n|upkeep\n|\n|t:|1682975346\n|switch|p1b: Gholdengo|Gholdengo, L50|100\/100\n|turn|8\n|inactive|Jbenn has 30 seconds left.\n|\n|t:|1682975373\n|switch|p1a: Hariyama|Hariyama, L50, F, shiny|100\/100\n|-terastallize|p1b: Gholdengo|Water\n|move|p2a: Palafin|Jet Punch|p1b: Gholdengo\n|-resisted|p1b: Gholdengo\n|-damage|p1b: Gholdengo|36\/100\n|move|p1b: Gholdengo|Make It Rain|p2a: Palafin|[spread] p2a,p2b\n|-resisted|p2a: Palafin\n|-resisted|p2b: Arcanine\n|-damage|p2a: Palafin|37\/100\n|-damage|p2b: Arcanine|0 fnt\n|-unboost|p1b: Gholdengo|spa|1\n|faint|p2b: Arcanine\n|\n|-heal|p1b: Gholdengo|42\/100|[from] item: Leftovers\n|upkeep\n|\n|t:|1682975378\n|switch|p2b: Amoonguss|Amoonguss, L50, F|100\/100\n|turn|9\n|\n|t:|1682975389\n|switch|p1a: Gyarados|Gyarados, L50, F|61\/100\n|-ability|p1a: Gyarados|Intimidate|boost\n|-unboost|p2a: Palafin|atk|1\n|-unboost|p2b: Amoonguss|atk|1\n|move|p1b: Gholdengo|Protect|p1b: Gholdengo\n|-singleturn|p1b: Gholdengo|Protect\n|move|p2a: Palafin|Protect|p2a: Palafin\n|-singleturn|p2a: Palafin|Protect\n|move|p2b: Amoonguss|Protect||[still]\n|-fail|p2b: Amoonguss\n|\n|-heal|p1b: Gholdengo|48\/100|[from] item: Leftovers\n|upkeep\n|turn|10\n|inactive|Jbenn has 30 seconds left.\n|\n|t:|1682975416\n|move|p2a: Palafin|Jet Punch|p1b: Gholdengo\n|-resisted|p1b: Gholdengo\n|-damage|p1b: Gholdengo|5\/100\n|move|p1a: Gyarados|Taunt|p2b: Amoonguss\n|-start|p2b: Amoonguss|move: Taunt\n|move|p1b: Gholdengo|Thunderbolt|p2a: Palafin\n|-supereffective|p2a: Palafin\n|-damage|p2a: Palafin|0 fnt\n|faint|p2a: Palafin\n|move|p2b: Amoonguss|Pollen Puff|p2: Palafin|[notarget]\n|-fail|p2b: Amoonguss\n|\n|-heal|p1b: Gholdengo|11\/100|[from] item: Leftovers\n|-sideend|p1: Jbenn|move: Tailwind\n|upkeep\n|\n|t:|1682975422\n|switch|p2a: Flutter Mane|Flutter Mane, L50|47\/100\n|turn|11\n|\n|t:|1682975442\n|switch|p1a: Hariyama|Hariyama, L50, F, shiny|100\/100\n|move|p1b: Gholdengo|Protect|p1b: Gholdengo\n|-singleturn|p1b: Gholdengo|Protect\n|move|p2a: Flutter Mane|Dazzling Gleam|p1a: Hariyama|[spread] p1a\n|-activate|p1b: Gholdengo|move: Protect\n|-supereffective|p1a: Hariyama\n|-crit|p1a: Hariyama\n|-enditem|p1a: Hariyama|Roseli Berry|[eat]\n|-enditem|p1a: Hariyama|Roseli Berry|[weaken]\n|-damage|p1a: Hariyama|32\/100\n|move|p2b: Amoonguss|Pollen Puff|p2a: Flutter Mane\n|-heal|p2a: Flutter Mane|97\/100\n|\n|-heal|p1b: Gholdengo|17\/100|[from] item: Leftovers\n|upkeep\n|turn|12\n|\n|t:|1682975458\n|move|p1a: Hariyama|Wide Guard|p1a: Hariyama\n|-singleturn|p1a: Hariyama|Wide Guard\n|move|p2a: Flutter Mane|Dazzling Gleam|p1b: Gholdengo|[spread] \n|-activate|p1a: Hariyama|move: Wide Guard\n|-activate|p1b: Gholdengo|move: Wide Guard\n|move|p1b: Gholdengo|Nasty Plot|p1b: Gholdengo\n|-boost|p1b: Gholdengo|spa|2\n|move|p2b: Amoonguss|Pollen Puff|p2a: Flutter Mane\n|-heal|p2a: Flutter Mane|100\/100\n|\n|-heal|p1b: Gholdengo|23\/100|[from] item: Leftovers\n|-end|p2b: Amoonguss|move: Taunt\n|upkeep\n|turn|13\n|\n|t:|1682975477\n|move|p1a: Hariyama|Wide Guard|p1a: Hariyama\n|-singleturn|p1a: Hariyama|Wide Guard\n|move|p2a: Flutter Mane|Dazzling Gleam|p1b: Gholdengo|[spread] \n|-activate|p1a: Hariyama|move: Wide Guard\n|-activate|p1b: Gholdengo|move: Wide Guard\n|move|p1b: Gholdengo|Make It Rain|p2a: Flutter Mane|[spread] p2a,p2b\n|-supereffective|p2a: Flutter Mane\n|-damage|p2a: Flutter Mane|0 fnt\n|-damage|p2b: Amoonguss|35\/100\n|-unboost|p1b: Gholdengo|spa|1\n|-enditem|p2b: Amoonguss|Sitrus Berry|[eat]\n|-heal|p2b: Amoonguss|60\/100|[from] item: Sitrus Berry\n|faint|p2a: Flutter Mane\n|-end|p2a: Flutter Mane|Protosynthesis|[silent]\n|move|p2b: Amoonguss|Spore|p1a: Hariyama\n|-status|p1a: Hariyama|slp|[from] move: Spore\n|\n|-heal|p1b: Gholdengo|29\/100|[from] item: Leftovers\n|upkeep\n|turn|14\n|\n|t:|1682975489\n|switch|p1a: Gyarados|Gyarados, L50, F|61\/100\n|-ability|p1a: Gyarados|Intimidate|boost\n|-unboost|p2b: Amoonguss|atk|1\n|move|p1b: Gholdengo|Make It Rain|p2b: Amoonguss\n|-damage|p2b: Amoonguss|1\/100\n|-unboost|p1b: Gholdengo|spa|1\n|move|p2b: Amoonguss|Pollen Puff|p1b: Gholdengo\n|-damage|p1b: Gholdengo|9\/100\n|\n|-heal|p1b: Gholdengo|15\/100|[from] item: Leftovers\n|upkeep\n|turn|15\n|c|\u2606Kyogre33|ggs\n|-message|Kyogre33 forfeited.\n|\n|win|Jbenn\n|l|\u2606Kyogre33\n|c|\u2606Jbenn|Gg\n","uploadtime":1682975537,"views":29,"p1id":"jbenn","p2id":"kyogre33","formatid":"gen9vgc2023regulationc","rating":0,"private":0,"password":""}