{"id":"gen9vgc2023regulationc-1863040572","p1":"VivixVGC","p2":"Indurain","format":"[Gen 9] VGC 2023 Regulation C","log":"|j|\u2606VivixVGC\n|j|\u2606Indurain\n|t:|1683957372\n|gametype|doubles\n|player|p1|VivixVGC|interviewers|1437\n|player|p2|Indurain|101|1437\n|teamsize|p1|6\n|teamsize|p2|6\n|gen|9\n|tier|[Gen 9] VGC 2023 Regulation C\n|rated|\n|rule|Species Clause: Limit one of each Pok\u00e9mon\n|rule|Item Clause: Limit one of each item\n|clearpoke\n|poke|p1|Dondozo, L50, M|\n|poke|p1|Tatsugiri-Stretchy, L50, M|\n|poke|p1|Glimmora, L50, F|\n|poke|p1|Pelipper, L50, M|\n|poke|p1|Scizor, L50, F|\n|poke|p1|Flutter Mane, L50|\n|poke|p2|Glimmora, L50, F|\n|poke|p2|Ting-Lu, L50|\n|poke|p2|Wo-Chien, L50|\n|poke|p2|Dragonite, L50, F|\n|poke|p2|Amoonguss, L50, F|\n|poke|p2|Arcanine, L50, F|\n|teampreview|4\n|inactive|Battle timer is ON: inactive players will automatically lose when time's up. (requested by Indurain)\n|inactive|VivixVGC also wants the timer to be on.\n|\n|t:|1683957390\n|start\n|switch|p1a: Pelipper|Pelipper, L50, M|100\/100\n|switch|p1b: Glimmora|Glimmora, L50, F|100\/100\n|switch|p2a: Glimmora|Glimmora, L50, F|100\/100\n|switch|p2b: Wo-Chien|Wo-Chien, L50|100\/100\n|-weather|RainDance|[from] ability: Drizzle|[of] p1a: Pelipper\n|-ability|p2b: Wo-Chien|Tablets of Ruin\n|turn|1\n|\n|t:|1683957405\n|-terastallize|p1b: Glimmora|Grass\n|-terastallize|p2a: Glimmora|Grass\n|move|p1a: Pelipper|Protect|p1a: Pelipper\n|-singleturn|p1a: Pelipper|Protect\n|move|p1b: Glimmora|Mortal Spin|p2b: Wo-Chien|[spread] p2a,p2b\n|-supereffective|p2a: Glimmora\n|-supereffective|p2b: Wo-Chien\n|-damage|p2a: Glimmora|94\/100\n|-damage|p2b: Wo-Chien|94\/100\n|-status|p2a: Glimmora|psn\n|-status|p2b: Wo-Chien|psn\n|-activate|p2a: Glimmora|ability: Toxic Debris\n|-sidestart|p1: VivixVGC|move: Toxic Spikes\n|-sideend|p1: VivixVGC|Toxic Spikes|[from] move: Mortal Spin|[of] p1b: Glimmora\n|move|p2a: Glimmora|Earth Power|p1b: Glimmora\n|-resisted|p1b: Glimmora\n|-damage|p1b: Glimmora|86\/100\n|move|p2b: Wo-Chien|Leech Seed|p1a: Pelipper\n|-activate|p1a: Pelipper|move: Protect\n|\n|-weather|RainDance|[upkeep]\n|-damage|p2a: Glimmora|82\/100 psn|[from] psn\n|-damage|p2b: Wo-Chien|82\/100 psn|[from] psn\n|upkeep\n|turn|2\n|inactive|VivixVGC has 30 seconds left.\n|\n|t:|1683957434\n|switch|p2b: Ting-Lu|Ting-Lu, L50|100\/100\n|-ability|p2b: Ting-Lu|Vessel of Ruin\n|move|p1a: Pelipper|Hurricane|p2a: Glimmora\n|-supereffective|p2a: Glimmora\n|-damage|p2a: Glimmora|41\/100 psn\n|-start|p2a: Glimmora|confusion\n|move|p1b: Glimmora|Mortal Spin|p2a: Glimmora|[spread] p2a,p2b\n|-supereffective|p2a: Glimmora\n|-resisted|p2b: Ting-Lu\n|-damage|p2a: Glimmora|32\/100 psn\n|-damage|p2b: Ting-Lu|99\/100\n|-status|p2b: Ting-Lu|psn\n|-activate|p2a: Glimmora|ability: Toxic Debris\n|-sidestart|p1: VivixVGC|move: Toxic Spikes\n|-sideend|p1: VivixVGC|Toxic Spikes|[from] move: Mortal Spin|[of] p1b: Glimmora\n|-activate|p2a: Glimmora|confusion\n|move|p2a: Glimmora|Mortal Spin|p1a: Pelipper|[spread] p1a,p1b\n|-supereffective|p1b: Glimmora\n|-damage|p1a: Pelipper|94\/100\n|-damage|p1b: Glimmora|76\/100\n|-status|p1a: Pelipper|psn\n|-status|p1b: Glimmora|psn\n|-activate|p1b: Glimmora|ability: Toxic Debris\n|-sidestart|p2: Indurain|move: Toxic Spikes\n|-sideend|p2: Indurain|Toxic Spikes|[from] move: Mortal Spin|[of] p2a: Glimmora\n|\n|-weather|RainDance|[upkeep]\n|-heal|p2b: Ting-Lu|100\/100 psn|[from] item: Leftovers\n|-damage|p1a: Pelipper|82\/100 psn|[from] psn\n|-damage|p1b: Glimmora|64\/100 psn|[from] psn\n|-damage|p2a: Glimmora|19\/100 psn|[from] psn\n|-damage|p2b: Ting-Lu|88\/100 psn|[from] psn\n|upkeep\n|turn|3\n|inactive|VivixVGC has 30 seconds left.\n|inactive|Indurain has 30 seconds left.\n|\n|t:|1683957461\n|move|p1a: Pelipper|Hurricane|p2b: Ting-Lu\n|-damage|p2b: Ting-Lu|62\/100 psn\n|-start|p2b: Ting-Lu|confusion\n|move|p1b: Glimmora|Power Gem|p2a: Glimmora\n|-damage|p2a: Glimmora|0 fnt\n|faint|p2a: Glimmora\n|-activate|p2b: Ting-Lu|confusion\n|move|p2b: Ting-Lu|Sand Tomb|p1b: Glimmora\n|-resisted|p1b: Glimmora\n|-damage|p1b: Glimmora|57\/100 psn\n|-activate|p1b: Glimmora|move: Sand Tomb|[of] p2b: Ting-Lu\n|-activate|p1b: Glimmora|ability: Toxic Debris\n|-sidestart|p2: Indurain|move: Toxic Spikes\n|\n|-weather|RainDance|[upkeep]\n|-heal|p2b: Ting-Lu|68\/100 psn|[from] item: Leftovers\n|-damage|p1a: Pelipper|70\/100 psn|[from] psn\n|-damage|p1b: Glimmora|45\/100 psn|[from] psn\n|-damage|p2b: Ting-Lu|56\/100 psn|[from] psn\n|-damage|p1b: Glimmora|33\/100 psn|[from] move: Sand Tomb|[partiallytrapped]\n|upkeep\n|-enditem|p1b: Glimmora|Sitrus Berry|[eat]\n|-heal|p1b: Glimmora|58\/100 psn|[from] item: Sitrus Berry\n|\n|t:|1683957465\n|switch|p2a: Amoonguss|Amoonguss, L50, F|100\/100\n|-sideend|p2: Indurain|move: Toxic Spikes|[of] p2a: Amoonguss\n|turn|4\n|\n|t:|1683957482\n|move|p1a: Pelipper|Protect|p1a: Pelipper\n|-singleturn|p1a: Pelipper|Protect\n|move|p1b: Glimmora|Spiky Shield|p1b: Glimmora\n|-singleturn|p1b: Glimmora|move: Protect\n|-activate|p2b: Ting-Lu|confusion\n|-damage|p2b: Ting-Lu|50\/100 psn|[from] confusion\n|move|p2a: Amoonguss|Pollen Puff|p2b: Ting-Lu\n|-heal|p2b: Ting-Lu|100\/100 psn\n|\n|-weather|RainDance|[upkeep]\n|-damage|p1a: Pelipper|58\/100 psn|[from] psn\n|-damage|p1b: Glimmora|46\/100 psn|[from] psn\n|-damage|p2b: Ting-Lu|88\/100 psn|[from] psn\n|-damage|p1b: Glimmora|34\/100 psn|[from] move: Sand Tomb|[partiallytrapped]\n|upkeep\n|turn|5\n|\n|t:|1683957497\n|move|p2a: Amoonguss|Protect|p2a: Amoonguss\n|-singleturn|p2a: Amoonguss|Protect\n|move|p1a: Pelipper|Hurricane|p2a: Amoonguss\n|-activate|p2a: Amoonguss|move: Protect\n|move|p1b: Glimmora|Energy Ball|p2b: Ting-Lu\n|-supereffective|p2b: Ting-Lu\n|-damage|p2b: Ting-Lu|40\/100 psn\n|-activate|p2b: Ting-Lu|confusion\n|-damage|p2b: Ting-Lu|35\/100 psn|[from] confusion\n|\n|-weather|none\n|-heal|p2b: Ting-Lu|41\/100 psn|[from] item: Leftovers\n|-damage|p1a: Pelipper|46\/100 psn|[from] psn\n|-damage|p1b: Glimmora|22\/100 psn|[from] psn\n|-damage|p2b: Ting-Lu|29\/100 psn|[from] psn\n|-damage|p1b: Glimmora|9\/100 psn|[from] move: Sand Tomb|[partiallytrapped]\n|upkeep\n|turn|6\n|inactive|VivixVGC has 30 seconds left.\n|inactive|Indurain has 30 seconds left.\n|\n|t:|1683957529\n|switch|p2b: Wo-Chien|Wo-Chien, L50|82\/100 psn\n|-ability|p2b: Wo-Chien|Tablets of Ruin\n|move|p1a: Pelipper|Hurricane|p2a: Amoonguss\n|-supereffective|p2a: Amoonguss\n|-damage|p2a: Amoonguss|21\/100\n|move|p1b: Glimmora|Energy Ball|p2b: Wo-Chien\n|-resisted|p2b: Wo-Chien\n|-damage|p2b: Wo-Chien|70\/100 psn\n|move|p2a: Amoonguss|Pollen Puff|p2b: Wo-Chien\n|-heal|p2b: Wo-Chien|100\/100 psn\n|\n|-damage|p1a: Pelipper|35\/100 psn|[from] psn\n|-damage|p1b: Glimmora|0 fnt|[from] psn\n|faint|p1b: Glimmora\n|-damage|p2b: Wo-Chien|88\/100 psn|[from] psn\n|upkeep\n|\n|t:|1683957534\n|switch|p1b: Dondozo|Dondozo, L50, M|100\/100\n|turn|7\n|inactive|Indurain has 30 seconds left.\n|\n|t:|1683957561\n|switch|p1a: Tatsugiri|Tatsugiri-Stretchy, L50, M|100\/100\n|-activate|p1a: Tatsugiri|ability: Commander|[of] p1b: Dondozo\n|-boost|p1b: Dondozo|atk|2\n|-boost|p1b: Dondozo|spa|2\n|-boost|p1b: Dondozo|spe|2\n|-boost|p1b: Dondozo|def|2\n|-boost|p1b: Dondozo|spd|2\n|move|p2a: Amoonguss|Rage Powder|p2a: Amoonguss\n|-singleturn|p2a: Amoonguss|move: Rage Powder\n|move|p1b: Dondozo|Surf|p2a: Amoonguss|[spread] p2a,p2b\n|-miss|p1b: Dondozo|p1a: Tatsugiri\n|-resisted|p2a: Amoonguss\n|-resisted|p2b: Wo-Chien\n|-damage|p2a: Amoonguss|0 fnt\n|-damage|p2b: Wo-Chien|72\/100 psn\n|faint|p2a: Amoonguss\n|-damage|p1b: Dondozo|91\/100|[from] item: Life Orb\n|move|p2b: Wo-Chien|Leech Seed|p1b: Dondozo\n|-start|p1b: Dondozo|move: Leech Seed\n|\n|-damage|p1b: Dondozo|78\/100|[from] Leech Seed|[of] p2b: Wo-Chien\n|-heal|p2b: Wo-Chien|86\/100 psn|[silent]\n|-damage|p2b: Wo-Chien|74\/100 psn|[from] psn\n|upkeep\n|\n|t:|1683957565\n|switch|p2a: Ting-Lu|Ting-Lu, L50|29\/100 psn\n|-ability|p2a: Ting-Lu|Vessel of Ruin\n|turn|8\n|\n|t:|1683957579\n|move|p1b: Dondozo|Surf|p2b: Wo-Chien|[spread] p2a,p2b\n|-miss|p1b: Dondozo|p1a: Tatsugiri\n|-supereffective|p2a: Ting-Lu\n|-resisted|p2b: Wo-Chien\n|-damage|p2a: Ting-Lu|0 fnt\n|-damage|p2b: Wo-Chien|62\/100 psn\n|faint|p2a: Ting-Lu\n|-damage|p1b: Dondozo|68\/100|[from] item: Life Orb\n|move|p2b: Wo-Chien|Pollen Puff|p2: Ting-Lu|[notarget]\n|-fail|p2b: Wo-Chien\n|\n|-damage|p1b: Dondozo|56\/100|[from] Leech Seed|[of] p2b: Wo-Chien\n|-heal|p2b: Wo-Chien|77\/100 psn|[silent]\n|-damage|p2b: Wo-Chien|65\/100 psn|[from] psn\n|upkeep\n|turn|9\n|\n|t:|1683957596\n|move|p2b: Wo-Chien|Protect|p2b: Wo-Chien\n|-singleturn|p2b: Wo-Chien|Protect\n|move|p1b: Dondozo|Surf|p2b: Wo-Chien|[spread] \n|-miss|p1b: Dondozo|p1a: Tatsugiri\n|-activate|p2b: Wo-Chien|move: Protect\n|\n|-damage|p1b: Dondozo|44\/100|[from] Leech Seed|[of] p2b: Wo-Chien\n|-heal|p2b: Wo-Chien|80\/100 psn|[silent]\n|-damage|p2b: Wo-Chien|68\/100 psn|[from] psn\n|upkeep\n|turn|10\n|\n|t:|1683957599\n|move|p1b: Dondozo|Tera Blast|p2b: Wo-Chien\n|-damage|p2b: Wo-Chien|42\/100 psn\n|-enditem|p2b: Wo-Chien|Sitrus Berry|[eat]\n|-heal|p2b: Wo-Chien|66\/100 psn|[from] item: Sitrus Berry\n|-damage|p1b: Dondozo|34\/100|[from] item: Life Orb\n|move|p2b: Wo-Chien|Ruination|p1b: Dondozo\n|-damage|p1b: Dondozo|17\/100\n|\n|-damage|p1b: Dondozo|5\/100|[from] Leech Seed|[of] p2b: Wo-Chien\n|-heal|p2b: Wo-Chien|81\/100 psn|[silent]\n|-damage|p2b: Wo-Chien|69\/100 psn|[from] psn\n|upkeep\n|turn|11\n|\n|t:|1683957611\n|move|p2b: Wo-Chien|Protect|p2b: Wo-Chien\n|-singleturn|p2b: Wo-Chien|Protect\n|move|p1b: Dondozo|Tera Blast|p2b: Wo-Chien\n|-activate|p2b: Wo-Chien|move: Protect\n|\n|-damage|p1b: Dondozo|0 fnt|[from] Leech Seed|[of] p2b: Wo-Chien\n|-heal|p2b: Wo-Chien|74\/100 psn|[silent]\n|faint|p1b: Dondozo\n|-damage|p2b: Wo-Chien|62\/100 psn|[from] psn\n|upkeep\n|\n|t:|1683957613\n|switch|p1b: Pelipper|Pelipper, L50, M|35\/100 psn\n|-weather|RainDance|[from] ability: Drizzle|[of] p1b: Pelipper\n|turn|12\n|\n|t:|1683957618\n|move|p1a: Tatsugiri|Dragon Pulse|p2b: Wo-Chien\n|-damage|p2b: Wo-Chien|40\/100 psn\n|move|p1b: Pelipper|Hurricane|p2b: Wo-Chien\n|-supereffective|p2b: Wo-Chien\n|-damage|p2b: Wo-Chien|0 fnt\n|faint|p2b: Wo-Chien\n|\n|win|VivixVGC\n|raw|VivixVGC's rating: 1437 → 1457<\/strong> (+20 for winning)\n|raw|Indurain's rating: 1437 → 1417<\/strong> (-20 for losing)\n|l|\u2606VivixVGC\n","uploadtime":1683957730,"views":6,"p1id":"vivixvgc","p2id":"indurain","formatid":"gen9vgc2023regulationc","rating":1417,"private":0,"password":""}