{"id":"gen9vgc2023regulationc-1847010239","p1":"Apithy","p2":"cb-sooner","format":"[Gen 9] VGC 2023 Regulation C","log":"|j|\u2606Apithy\n|j|\u2606cb-sooner\n|t:|1681911415\n|gametype|doubles\n|player|p1|Apithy|266|1301\n|player|p2|cb-sooner|102|1312\n|teamsize|p1|6\n|teamsize|p2|6\n|gen|9\n|tier|[Gen 9] VGC 2023 Regulation C\n|rated|\n|rule|Species Clause: Limit one of each Pok\u00e9mon\n|rule|Item Clause: Limit one of each item\n|clearpoke\n|poke|p1|Volcarona, L50, M|\n|poke|p1|Flutter Mane, L50|\n|poke|p1|Palafin, L50, F|\n|poke|p1|Wo-Chien, L50|\n|poke|p1|Glimmora, L50, M|\n|poke|p1|Annihilape, L50, F|\n|poke|p2|Ting-Lu, L50|\n|poke|p2|Corviknight, L50, M|\n|poke|p2|Flutter Mane, L50|\n|poke|p2|Dragapult, L50, M|\n|poke|p2|Dragonite, L50, F|\n|poke|p2|Chien-Pao, L50|\n|teampreview|4\n|\n|t:|1681911454\n|start\n|switch|p1a: Glimmora|Glimmora, L50, M|100\/100\n|switch|p1b: Flutter Mane|Flutter Mane, L50|100\/100\n|switch|p2a: Dragapult|Dragapult, L50, M|100\/100\n|switch|p2b: Chien-Pao|Chien-Pao, L50|100\/100\n|-ability|p2b: Chien-Pao|Sword of Ruin\n|turn|1\n|\n|t:|1681911477\n|switch|p2b: Corviknight|Corviknight, L50, M|100\/100\n|move|p2a: Dragapult|Phantom Force||[still]\n|-prepare|p2a: Dragapult|Phantom Force\n|move|p1b: Flutter Mane|Dazzling Gleam|p2b: Corviknight|[spread] p2b\n|-miss|p1b: Flutter Mane|p2a: Dragapult\n|-resisted|p2b: Corviknight\n|-damage|p2b: Corviknight|77\/100\n|move|p1a: Glimmora|Power Gem|p2b: Corviknight\n|-damage|p2b: Corviknight|34\/100\n|\n|upkeep\n|turn|2\n|\n|t:|1681911517\n|switch|p1a: Wo-Chien|Wo-Chien, L50|100\/100\n|-ability|p1a: Wo-Chien|Tablets of Ruin\n|-terastallize|p1b: Flutter Mane|Fairy\n|move|p2a: Dragapult|Phantom Force|p1b: Flutter Mane|[from]lockedmove\n|-damage|p1b: Flutter Mane|13\/100\n|-damage|p2a: Dragapult|91\/100|[from] item: Life Orb\n|move|p1b: Flutter Mane|Dazzling Gleam|p2b: Corviknight|[spread] p2a,p2b\n|-supereffective|p2a: Dragapult\n|-resisted|p2b: Corviknight\n|-damage|p2a: Dragapult|0 fnt\n|-damage|p2b: Corviknight|4\/100\n|faint|p2a: Dragapult\n|move|p2b: Corviknight|Iron Head|p1b: Flutter Mane\n|-supereffective|p1b: Flutter Mane\n|-damage|p1b: Flutter Mane|0 fnt\n|faint|p1b: Flutter Mane\n|-end|p1b: Flutter Mane|Protosynthesis|[silent]\n|\n|upkeep\n|\n|t:|1681911533\n|switch|p2a: Flutter Mane|Flutter Mane, L50|100\/100\n|switch|p1b: Glimmora|Glimmora, L50, M|100\/100\n|-enditem|p2a: Flutter Mane|Booster Energy\n|-activate|p2a: Flutter Mane|ability: Protosynthesis|[fromitem]\n|-start|p2a: Flutter Mane|protosynthesisspa\n|turn|3\n|\n|t:|1681911553\n|move|p2a: Flutter Mane|Protect|p2a: Flutter Mane\n|-singleturn|p2a: Flutter Mane|Protect\n|move|p1a: Wo-Chien|Protect|p1a: Wo-Chien\n|-singleturn|p1a: Wo-Chien|Protect\n|move|p1b: Glimmora|Mortal Spin|p2a: Flutter Mane|[spread] \n|-activate|p2a: Flutter Mane|move: Protect\n|-immune|p2b: Corviknight\n|move|p2b: Corviknight|Iron Head|p1b: Glimmora\n|-supereffective|p1b: Glimmora\n|-damage|p1b: Glimmora|50\/100\n|-activate|p1b: Glimmora|ability: Toxic Debris\n|-sidestart|p2: cb-sooner|move: Toxic Spikes\n|\n|upkeep\n|turn|4\n|\n|t:|1681911599\n|switch|p1a: Volcarona|Volcarona, L50, M|100\/100\n|move|p2a: Flutter Mane|Shadow Ball|p1b: Glimmora\n|-damage|p1b: Glimmora|15\/100\n|-unboost|p1b: Glimmora|spd|1\n|move|p1b: Glimmora|Sludge Bomb|p2a: Flutter Mane\n|-damage|p2a: Flutter Mane|57\/100\n|-status|p2a: Flutter Mane|psn\n|move|p2b: Corviknight|Brave Bird|p1a: Volcarona\n|-supereffective|p1a: Volcarona\n|-damage|p1a: Volcarona|0 fnt\n|faint|p1a: Volcarona\n|-damage|p2b: Corviknight|0 fnt|[from] Recoil\n|faint|p2b: Corviknight\n|\n|-damage|p2a: Flutter Mane|45\/100 psn|[from] psn\n|upkeep\n|\n|t:|1681911608\n|switch|p1a: Wo-Chien|Wo-Chien, L50|100\/100\n|switch|p2b: Chien-Pao|Chien-Pao, L50|100\/100\n|-status|p2b: Chien-Pao|psn\n|-ability|p2b: Chien-Pao|Sword of Ruin\n|-ability|p1a: Wo-Chien|Tablets of Ruin\n|turn|5\n|\n|t:|1681911648\n|-terastallize|p2a: Flutter Mane|Fairy\n|move|p2b: Chien-Pao|Ice Spinner|p1a: Wo-Chien\n|-supereffective|p1a: Wo-Chien\n|-damage|p1a: Wo-Chien|41\/100\n|move|p2a: Flutter Mane|Dazzling Gleam|p1a: Wo-Chien|[spread] p1a,p1b\n|-supereffective|p1a: Wo-Chien\n|-resisted|p1b: Glimmora\n|-damage|p1a: Wo-Chien|0 fnt\n|-damage|p1b: Glimmora|0 fnt\n|faint|p1a: Wo-Chien\n|faint|p1b: Glimmora\n|\n|win|cb-sooner\n|raw|Apithy's rating: 1301 → 1282<\/strong> (-19 for losing)\n|raw|cb-sooner's rating: 1312 → 1331<\/strong> (+19 for winning)\n|l|\u2606Apithy\n","uploadtime":1681911660,"views":9,"p1id":"apithy","p2id":"cbsooner","formatid":"gen9vgc2023regulationc","rating":1282,"private":0,"password":""}