{"id":"gen9vgc2023regulationc-1852181741","p1":"Ykrach","p2":"Jstyx11","format":"[Gen 9] VGC 2023 Regulation C","log":"|j|\u2606Ykrach\n|j|\u2606Jstyx11\n|t:|1682530870\n|gametype|doubles\n|player|p1|Ykrach|acetrainer-gen4dp|1105\n|player|p2|Jstyx11|102|1008\n|teamsize|p1|6\n|teamsize|p2|6\n|gen|9\n|tier|[Gen 9] VGC 2023 Regulation C\n|rated|\n|rule|Species Clause: Limit one of each Pok\u00e9mon\n|rule|Item Clause: Limit one of each item\n|clearpoke\n|poke|p1|Scizor, L50, M|\n|poke|p1|Dachsbun, L50, M|\n|poke|p1|Talonflame, L50, F|\n|poke|p1|Bellibolt, L50, M|\n|poke|p1|Umbreon, L50, M|\n|poke|p1|Gastrodon, L50, M|\n|poke|p2|Palafin, L50, F|\n|poke|p2|Grimmsnarl, L50, M|\n|poke|p2|Flutter Mane, L50|\n|poke|p2|Chien-Pao, L50|\n|poke|p2|Dragonite, L50, M|\n|poke|p2|Chi-Yu, L50|\n|teampreview|4\n|inactive|Battle timer is ON: inactive players will automatically lose when time's up. (requested by Jstyx11)\n|\n|t:|1682530887\n|start\n|switch|p1a: Scizor|Scizor, L50, M|100\/100\n|switch|p1b: Dachsbun|Dachsbun, L50, M|100\/100\n|switch|p2a: Palafin|Palafin, L50, F|100\/100\n|switch|p2b: Dragonite|Dragonite, L50, M|100\/100\n|turn|1\n|\n|t:|1682530902\n|detailschange|p2a: Palafin|Palafin-Hero, L50, F\n|switch|p2a: Chien-Pao|Chien-Pao, L50|100\/100\n|-ability|p2a: Chien-Pao|Sword of Ruin\n|-terastallize|p2b: Dragonite|Normal\n|move|p2b: Dragonite|Extreme Speed|p1b: Dachsbun\n|-damage|p1b: Dachsbun|40\/100\n|move|p1b: Dachsbun|Play Rough|p2b: Dragonite\n|-damage|p2b: Dragonite|56\/100\n|move|p1a: Scizor|U-turn|p2a: Chien-Pao\n|-supereffective|p2a: Chien-Pao\n|-damage|p2a: Chien-Pao|0 fnt\n|faint|p2a: Chien-Pao\n|\n|t:|1682530916\n|switch|p1a: Gastrodon|Gastrodon, L50, M|100\/100|[from] U-turn\n|\n|-heal|p1b: Dachsbun|46\/100|[from] item: Leftovers\n|upkeep\n|\n|t:|1682530918\n|switch|p2a: Flutter Mane|Flutter Mane, L50|100\/100\n|turn|2\n|\n|t:|1682530927\n|switch|p1b: Scizor|Scizor, L50, M|100\/100\n|move|p2b: Dragonite|Extreme Speed|p1a: Gastrodon\n|-damage|p1a: Gastrodon|40\/100\n|move|p2a: Flutter Mane|Dazzling Gleam|p1a: Gastrodon|[spread] p1a,p1b\n|-resisted|p1b: Scizor\n|-damage|p1a: Gastrodon|7\/100\n|-damage|p1b: Scizor|77\/100\n|move|p1a: Gastrodon|Icy Wind|p2b: Dragonite|[spread] p2a,p2b\n|-damage|p2a: Flutter Mane|91\/100\n|-damage|p2b: Dragonite|45\/100\n|-unboost|p2a: Flutter Mane|spe|1\n|-unboost|p2b: Dragonite|spe|1\n|-enditem|p2a: Flutter Mane|Red Card|[of] p1a: Gastrodon\n|drag|p1a: Dachsbun|Dachsbun, L50, M|46\/100\n|\n|-heal|p1a: Dachsbun|52\/100|[from] item: Leftovers\n|upkeep\n|turn|3\n|\n|t:|1682530947\n|move|p1a: Dachsbun|Protect|p1a: Dachsbun\n|-singleturn|p1a: Dachsbun|Protect\n|move|p2a: Flutter Mane|Protect|p2a: Flutter Mane\n|-singleturn|p2a: Flutter Mane|Protect\n|move|p1b: Scizor|Bullet Punch|p2a: Flutter Mane\n|-activate|p2a: Flutter Mane|move: Protect\n|move|p2b: Dragonite|Iron Head|p1a: Dachsbun\n|-activate|p1a: Dachsbun|move: Protect\n|\n|-heal|p1a: Dachsbun|58\/100|[from] item: Leftovers\n|upkeep\n|turn|4\n|\n|t:|1682530961\n|switch|p1a: Bellibolt|Bellibolt, L50, M|100\/100\n|move|p2b: Dragonite|Extreme Speed|p1a: Bellibolt\n|-damage|p1a: Bellibolt|64\/100\n|-start|p1a: Bellibolt|Charge|Extreme Speed|[from] ability: Electromorphosis\n|move|p1b: Scizor|Bullet Punch|p2a: Flutter Mane\n|-supereffective|p2a: Flutter Mane\n|-damage|p2a: Flutter Mane|0 fnt\n|faint|p2a: Flutter Mane\n|-end|p2a: Flutter Mane|Protosynthesis|[silent]\n|\n|upkeep\n|\n|t:|1682530973\n|switch|p2a: Palafin|Palafin-Hero, L50, F|100\/100\n|-activate|p2a: Palafin|ability: Zero to Hero\n|turn|5\n|\n|t:|1682530978\n|move|p2a: Palafin|Wave Crash|p1a: Bellibolt\n|-damage|p1a: Bellibolt|3\/100\n|-start|p1a: Bellibolt|Charge|Wave Crash|[from] ability: Electromorphosis\n|-damage|p2a: Palafin|80\/100|[from] Recoil\n|move|p1b: Scizor|Swords Dance|p1b: Scizor\n|-boost|p1b: Scizor|atk|2\n|move|p2b: Dragonite|Stomping Tantrum|p1a: Bellibolt\n|-supereffective|p1a: Bellibolt\n|-damage|p1a: Bellibolt|0 fnt\n|faint|p1a: Bellibolt\n|\n|upkeep\n|\n|t:|1682530990\n|switch|p1a: Gastrodon|Gastrodon, L50, M|7\/100\n|turn|6\n|\n|t:|1682531006\n|move|p2b: Dragonite|Extreme Speed|p1a: Gastrodon\n|-damage|p1a: Gastrodon|0 fnt\n|faint|p1a: Gastrodon\n|move|p1b: Scizor|Bullet Punch|p2b: Dragonite\n|-damage|p2b: Dragonite|0 fnt\n|faint|p2b: Dragonite\n|move|p2a: Palafin|Wave Crash|p1b: Scizor\n|-damage|p1b: Scizor|0 fnt\n|faint|p1b: Scizor\n|-damage|p2a: Palafin|61\/100|[from] Recoil\n|\n|upkeep\n|\n|t:|1682531017\n|switch|p1b: Dachsbun|Dachsbun, L50, M|58\/100\n|turn|7\n|\n|t:|1682531023\n|-terastallize|p1b: Dachsbun|Grass\n|move|p2a: Palafin|Wave Crash|p1b: Dachsbun\n|-resisted|p1b: Dachsbun\n|-damage|p1b: Dachsbun|22\/100\n|-damage|p2a: Palafin|52\/100|[from] Recoil\n|move|p1b: Dachsbun|Tera Blast|p2a: Palafin\n|-supereffective|p2a: Palafin\n|-damage|p2a: Palafin|0 fnt\n|faint|p2a: Palafin\n|\n|win|Ykrach\n|raw|Ykrach's rating: 1105 → 1123<\/strong> (+18 for winning)\n|raw|Jstyx11's rating: 1008 → 1000<\/strong> (-8 for losing)\n|l|\u2606Jstyx11\n","uploadtime":1682531034,"views":12,"p1id":"ykrach","p2id":"jstyx11","formatid":"gen9vgc2023regulationc","rating":1000,"private":0,"password":""}