{"id":"gen9vgc2023regulationc-1852345246","p1":"Pilk8t9","p2":"m0joj0jo","format":"[Gen 9] VGC 2023 Regulation C","log":"|j|\u2606Pilk8t9\n|j|\u2606m0joj0jo\n|t:|1682546377\n|gametype|doubles\n|player|p1|Pilk8t9|burglar|1047\n|player|p2|m0joj0jo|1|1043\n|teamsize|p1|4\n|teamsize|p2|6\n|gen|9\n|tier|[Gen 9] VGC 2023 Regulation C\n|rated|\n|rule|Species Clause: Limit one of each Pok\u00e9mon\n|rule|Item Clause: Limit one of each item\n|clearpoke\n|poke|p1|Blissey, L50, F|\n|poke|p1|Abomasnow, L50, F|\n|poke|p1|Flutter Mane, L50|\n|poke|p1|Magnezone, L50|\n|poke|p2|Flutter Mane, L50|\n|poke|p2|Torkoal, L50, M|\n|poke|p2|Indeedee-F, L50, F|\n|poke|p2|Chi-Yu, L50|\n|poke|p2|Sandy Shocks, L50|\n|poke|p2|Amoonguss, L50, M|\n|teampreview|4\n|inactive|Battle timer is ON: inactive players will automatically lose when time's up. (requested by Pilk8t9)\n|inactive|m0joj0jo has 60 seconds left.\n|\n|t:|1682546415\n|start\n|switch|p1a: Blissey|Blissey, L50, F|100\/100\n|switch|p1b: Magnezone|Magnezone, L50|100\/100\n|switch|p2a: Sandy Shocks|Sandy Shocks, L50|100\/100\n|switch|p2b: Torkoal|Torkoal, L50, M|100\/100\n|-item|p1b: Magnezone|Air Balloon\n|-weather|SunnyDay|[from] ability: Drought|[of] p2b: Torkoal\n|-activate|p2a: Sandy Shocks|ability: Protosynthesis\n|-start|p2a: Sandy Shocks|protosynthesisspa\n|turn|1\n|inactive|m0joj0jo has 30 seconds left.\n|\n|t:|1682546442\n|switch|p1b: Abomasnow|Abomasnow, L50, F|100\/100\n|-weather|Snow|[from] ability: Snow Warning|[of] p1b: Abomasnow\n|-end|p2a: Sandy Shocks|Protosynthesis\n|move|p2b: Torkoal|Protect|p2b: Torkoal\n|-singleturn|p2b: Torkoal|Protect\n|move|p2a: Sandy Shocks|Volt Switch|p1a: Blissey\n|-damage|p1a: Blissey|87\/100\n|\n|t:|1682546451\n|-end|p2a: Sandy Shocks|Protosynthesis|[silent]\n|switch|p2a: Chi-Yu|Chi-Yu, L50|100\/100|[from] Volt Switch\n|-ability|p2a: Chi-Yu|Beads of Ruin\n|move|p1a: Blissey|Blizzard|p2a: Chi-Yu|[spread] p2a\n|-activate|p2b: Torkoal|move: Protect\n|-resisted|p2a: Chi-Yu\n|-crit|p2a: Chi-Yu\n|-damage|p2a: Chi-Yu|80\/100\n|-status|p2a: Chi-Yu|frz\n|\n|-weather|Snow|[upkeep]\n|upkeep\n|turn|2\n|inactive|Pilk8t9 has 30 seconds left.\n|inactive|m0joj0jo has 30 seconds left.\n|\n|t:|1682546482\n|switch|p1b: Flutter Mane|Flutter Mane, L50|100\/100\n|cant|p2a: Chi-Yu|frz\n|move|p1a: Blissey|Blizzard|p2b: Torkoal|[spread] p2a,p2b\n|-resisted|p2a: Chi-Yu\n|-resisted|p2b: Torkoal\n|-damage|p2a: Chi-Yu|68\/100 frz\n|-damage|p2b: Torkoal|86\/100\n|move|p2b: Torkoal|Heat Wave|p1b: Flutter Mane|[spread] p1a\n|-miss|p2b: Torkoal|p1b: Flutter Mane\n|-crit|p1a: Blissey\n|-damage|p1a: Blissey|72\/100\n|-status|p1a: Blissey|brn\n|\n|-weather|Snow|[upkeep]\n|-damage|p1a: Blissey|66\/100 brn|[from] brn\n|upkeep\n|turn|3\n|\n|t:|1682546503\n|move|p1b: Flutter Mane|Dazzling Gleam|p2b: Torkoal|[spread] p2a,p2b\n|-resisted|p2b: Torkoal\n|-damage|p2a: Chi-Yu|19\/100 frz\n|-damage|p2b: Torkoal|60\/100\n|-damage|p1b: Flutter Mane|91\/100|[from] item: Life Orb\n|-curestatus|p2a: Chi-Yu|frz|[msg]\n|move|p2a: Chi-Yu|Sunny Day|p2a: Chi-Yu\n|-weather|SunnyDay\n|-activate|p1b: Flutter Mane|ability: Protosynthesis\n|-start|p1b: Flutter Mane|protosynthesisspe\n|move|p1a: Blissey|Hyper Voice|p2a: Chi-Yu|[spread] p2a,p2b\n|-damage|p2a: Chi-Yu|0 fnt\n|-damage|p2b: Torkoal|24\/100\n|faint|p2a: Chi-Yu\n|move|p2b: Torkoal|Heat Wave|p1b: Flutter Mane|[spread] p1a,p1b\n|-damage|p1a: Blissey|53\/100 brn\n|-damage|p1b: Flutter Mane|59\/100\n|\n|-weather|SunnyDay|[upkeep]\n|-damage|p1a: Blissey|47\/100 brn|[from] brn\n|upkeep\n|\n|t:|1682546519\n|switch|p2a: Sandy Shocks|Sandy Shocks, L50|100\/100\n|-activate|p2a: Sandy Shocks|ability: Protosynthesis\n|-start|p2a: Sandy Shocks|protosynthesisspa\n|turn|4\n|\n|t:|1682546535\n|-end|p1b: Flutter Mane|Protosynthesis|[silent]\n|switch|p1b: Abomasnow|Abomasnow, L50, F|100\/100\n|-weather|Snow|[from] ability: Snow Warning|[of] p1b: Abomasnow\n|-end|p2a: Sandy Shocks|Protosynthesis\n|-terastallize|p2a: Sandy Shocks|Steel\n|move|p2b: Torkoal|Protect|p2b: Torkoal\n|-singleturn|p2b: Torkoal|Protect\n|move|p2a: Sandy Shocks|Flash Cannon|p1b: Abomasnow\n|-supereffective|p1b: Abomasnow\n|-damage|p1b: Abomasnow|35\/100\n|move|p1a: Blissey|Blizzard|p2a: Sandy Shocks|[spread] p2a\n|-activate|p2b: Torkoal|move: Protect\n|-resisted|p2a: Sandy Shocks\n|-damage|p2a: Sandy Shocks|89\/100\n|\n|-weather|Snow|[upkeep]\n|-damage|p1a: Blissey|41\/100 brn|[from] brn\n|upkeep\n|turn|5\n|inactive|Pilk8t9 has 30 seconds left.\n|inactive|m0joj0jo has 30 seconds left.\n|\n|t:|1682546566\n|switch|p1b: Magnezone|Magnezone, L50|100\/100\n|-item|p1b: Magnezone|Air Balloon\n|move|p2a: Sandy Shocks|Flash Cannon|p1b: Magnezone\n|-resisted|p1b: Magnezone\n|-damage|p1b: Magnezone|91\/100\n|-enditem|p1b: Magnezone|Air Balloon\n|move|p1a: Blissey|Flamethrower|p2a: Sandy Shocks\n|-supereffective|p2a: Sandy Shocks\n|-damage|p2a: Sandy Shocks|38\/100\n|move|p2b: Torkoal|Yawn|p1b: Magnezone\n|-start|p1b: Magnezone|move: Yawn|[of] p2b: Torkoal\n|\n|-weather|Snow|[upkeep]\n|-damage|p1a: Blissey|34\/100 brn|[from] brn\n|upkeep\n|turn|6\n|\n|t:|1682546591\n|move|p2a: Sandy Shocks|Flash Cannon|p1a: Blissey\n|-damage|p1a: Blissey|20\/100 brn\n|move|p1b: Magnezone|Electroweb|p2b: Torkoal|[spread] p2a,p2b\n|-damage|p2a: Sandy Shocks|14\/100\n|-damage|p2b: Torkoal|5\/100\n|-unboost|p2a: Sandy Shocks|spe|1\n|-unboost|p2b: Torkoal|spe|1\n|move|p1a: Blissey|Flamethrower|p2a: Sandy Shocks\n|-supereffective|p2a: Sandy Shocks\n|-damage|p2a: Sandy Shocks|0 fnt\n|faint|p2a: Sandy Shocks\n|-end|p2a: Sandy Shocks|Protosynthesis|[silent]\n|move|p2b: Torkoal|Heat Wave|p1a: Blissey|[spread] p1a,p1b\n|-supereffective|p1b: Magnezone\n|-damage|p1a: Blissey|12\/100 brn\n|-damage|p1b: Magnezone|48\/100\n|\n|-weather|Snow|[upkeep]\n|-damage|p1a: Blissey|6\/100 brn|[from] brn\n|-end|p1b: Magnezone|move: Yawn|[silent]\n|-status|p1b: Magnezone|slp\n|upkeep\n|\n|t:|1682546607\n|switch|p2a: Amoonguss|Amoonguss, L50, M|100\/100\n|turn|7\n|\n|t:|1682546625\n|cant|p1b: Magnezone|slp\n|move|p1a: Blissey|Blizzard|p2a: Amoonguss|[spread] p2a,p2b\n|-supereffective|p2a: Amoonguss\n|-resisted|p2b: Torkoal\n|-damage|p2a: Amoonguss|67\/100\n|-damage|p2b: Torkoal|0 fnt\n|faint|p2b: Torkoal\n|move|p2a: Amoonguss|Pollen Puff|p2: Torkoal|[notarget]\n|-fail|p2a: Amoonguss\n|\n|-weather|Snow|[upkeep]\n|-heal|p2a: Amoonguss|73\/100|[from] item: Leftovers\n|-damage|p1a: Blissey|0 fnt|[from] brn\n|faint|p1a: Blissey\n|upkeep\n|\n|t:|1682546630\n|switch|p1a: Abomasnow|Abomasnow, L50, F|35\/100\n|turn|8\n|\n|t:|1682546641\n|switch|p1b: Flutter Mane|Flutter Mane, L50|59\/100\n|move|p1a: Abomasnow|Blizzard|p2a: Amoonguss\n|-supereffective|p2a: Amoonguss\n|-damage|p2a: Amoonguss|15\/100\n|move|p2a: Amoonguss|Foul Play|p1a: Abomasnow\n|-damage|p1a: Abomasnow|23\/100\n|\n|-weather|Snow|[upkeep]\n|-heal|p2a: Amoonguss|21\/100|[from] item: Leftovers\n|upkeep\n|turn|9\n|\n|t:|1682546657\n|move|p1b: Flutter Mane|Shadow Ball|p2a: Amoonguss\n|-damage|p2a: Amoonguss|0 fnt\n|faint|p2a: Amoonguss\n|-damage|p1b: Flutter Mane|49\/100|[from] item: Life Orb\n|\n|win|Pilk8t9\n|raw|Pilk8t9's rating: 1047 → 1080<\/strong> (+33 for winning)\n|raw|m0joj0jo's rating: 1043 → 1027<\/strong> (-16 for losing)\n|l|\u2606m0joj0jo\n","uploadtime":1682546669,"views":13,"p1id":"pilk8t9","p2id":"m0joj0jo","formatid":"gen9vgc2023regulationc","rating":1027,"private":0,"password":""}