{"id":"gen9vgc2023regulationc-1861462140","p1":"breakfast enjoyer","p2":"cosplayLover","format":"[Gen 9] VGC 2023 Regulation C","log":"|j|\u2606breakfast enjoyer\n|j|\u2606cosplayLover\n|t:|1683760805\n|gametype|doubles\n|player|p1|breakfast enjoyer|clown|1745\n|player|p2|cosplayLover|1|1692\n|teamsize|p1|6\n|teamsize|p2|6\n|gen|9\n|tier|[Gen 9] VGC 2023 Regulation C\n|rated|\n|rule|Species Clause: Limit one of each Pok\u00e9mon\n|rule|Item Clause: Limit one of each item\n|clearpoke\n|poke|p1|Orthworm, L50, M|\n|poke|p1|Ting-Lu, L50|\n|poke|p1|Gyarados, L50, M|\n|poke|p1|Flutter Mane, L50|\n|poke|p1|Tyranitar, L50, F|\n|poke|p1|Lycanroc, L50, F|\n|poke|p2|Chi-Yu, L50|\n|poke|p2|Flutter Mane, L50|\n|poke|p2|Amoonguss, L50, M|\n|poke|p2|Gyarados, L50, M|\n|poke|p2|Annihilape, L50, M|\n|poke|p2|Farigiraf, L50, M|\n|teampreview|4\nbreakfast enjoyer has agreed to open team sheets.\n|\n|t:|1683760853\n|start\n|switch|p1a: Tyranitar|Tyranitar, L50, F|100\/100\n|switch|p1b: Ting-Lu|Ting-Lu, L50|100\/100\n|switch|p2a: Annihilape|Annihilape, L50, M|100\/100\n|switch|p2b: Farigiraf|Farigiraf, L50, M|100\/100\n|-ability|p1b: Ting-Lu|Vessel of Ruin\n|-weather|Sandstorm|[from] ability: Sand Stream|[of] p1a: Tyranitar\n|turn|1\n|\n|t:|1683760876\n|switch|p1a: Flutter Mane|Flutter Mane, L50|100\/100\n|-enditem|p1a: Flutter Mane|Booster Energy\n|-activate|p1a: Flutter Mane|ability: Protosynthesis|[fromitem]\n|-start|p1a: Flutter Mane|protosynthesisspa\n|move|p2a: Annihilape|Bulk Up|p2a: Annihilape\n|-boost|p2a: Annihilape|atk|1\n|-boost|p2a: Annihilape|def|1\n|move|p1b: Ting-Lu|Throat Chop|p2b: Farigiraf\n|-supereffective|p2b: Farigiraf\n|-damage|p2b: Farigiraf|14\/100\n|-start|p2b: Farigiraf|Throat Chop|[silent]\n|move|p2b: Farigiraf|Beat Up|p2a: Annihilape\n|-damage|p2a: Annihilape|98\/100\n|-damage|p2a: Annihilape|96\/100\n|-damage|p2a: Annihilape|95\/100\n|-crit|p2a: Annihilape\n|-damage|p2a: Annihilape|89\/100\n|-hitcount|p2a: Annihilape|4\n|\n|-weather|Sandstorm|[upkeep]\n|-damage|p1a: Flutter Mane|95\/100|[from] Sandstorm\n|-damage|p2a: Annihilape|83\/100|[from] Sandstorm\n|-heal|p2a: Annihilape|89\/100|[from] item: Leftovers\n|upkeep\n|turn|2\n|\n|t:|1683760905\n|move|p1a: Flutter Mane|Protect|p1a: Flutter Mane\n|-singleturn|p1a: Flutter Mane|Protect\n|move|p2a: Annihilape|Protect|p2a: Annihilape\n|-singleturn|p2a: Annihilape|Protect\n|move|p1b: Ting-Lu|Throat Chop|p2b: Farigiraf\n|-supereffective|p2b: Farigiraf\n|-damage|p2b: Farigiraf|0 fnt\n|faint|p2b: Farigiraf\n|\n|-weather|Sandstorm|[upkeep]\n|-damage|p1a: Flutter Mane|89\/100|[from] Sandstorm\n|-damage|p2a: Annihilape|83\/100|[from] Sandstorm\n|-heal|p2a: Annihilape|89\/100|[from] item: Leftovers\n|upkeep\n|\n|t:|1683760919\n|switch|p2b: Amoonguss|Amoonguss, L50, M|100\/100\n|turn|3\n|\n|t:|1683760941\n|move|p2b: Amoonguss|Rage Powder|p2b: Amoonguss\n|-singleturn|p2b: Amoonguss|move: Rage Powder\n|move|p1a: Flutter Mane|Shadow Ball|p2b: Amoonguss\n|-damage|p2b: Amoonguss|63\/100\n|move|p2a: Annihilape|Rage Fist|p1a: Flutter Mane\n|-supereffective|p1a: Flutter Mane\n|-damage|p1a: Flutter Mane|0 fnt\n|faint|p1a: Flutter Mane\n|-end|p1a: Flutter Mane|Protosynthesis|[silent]\n|move|p1b: Ting-Lu|Throat Chop|p2b: Amoonguss\n|-damage|p2b: Amoonguss|21\/100\n|-start|p2b: Amoonguss|Throat Chop|[silent]\n|-damage|p1b: Ting-Lu|84\/100|[from] item: Rocky Helmet|[of] p2b: Amoonguss\n|\n|-weather|Sandstorm|[upkeep]\n|-damage|p2a: Annihilape|83\/100|[from] Sandstorm\n|-damage|p2b: Amoonguss|15\/100|[from] Sandstorm\n|-heal|p2a: Annihilape|89\/100|[from] item: Leftovers\n|upkeep\n|\n|t:|1683760966\n|switch|p1a: Tyranitar|Tyranitar, L50, F|100\/100\n|turn|4\n|\n|t:|1683760992\n|switch|p2b: Gyarados|Gyarados, L50, M|100\/100\n|-ability|p2b: Gyarados|Intimidate|boost\n|-unboost|p1a: Tyranitar|atk|1\n|-unboost|p1b: Ting-Lu|atk|1\n|-terastallize|p1a: Tyranitar|Flying\n|move|p2a: Annihilape|Drain Punch|p1b: Ting-Lu\n|-supereffective|p1b: Ting-Lu\n|-damage|p1b: Ting-Lu|19\/100\n|-heal|p2a: Annihilape|100\/100|[from] drain|[of] p1b: Ting-Lu\n|move|p1b: Ting-Lu|Throat Chop|p2b: Gyarados\n|-damage|p2b: Gyarados|63\/100\n|-start|p2b: Gyarados|Throat Chop|[silent]\n|move|p1a: Tyranitar|Tera Blast|p2a: Annihilape\n|-supereffective|p2a: Annihilape\n|-damage|p2a: Annihilape|64\/100\n|\n|-weather|Sandstorm|[upkeep]\n|-damage|p2b: Gyarados|57\/100|[from] Sandstorm\n|-damage|p2a: Annihilape|58\/100|[from] Sandstorm\n|-damage|p1a: Tyranitar|94\/100|[from] Sandstorm\n|-heal|p2a: Annihilape|64\/100|[from] item: Leftovers\n|upkeep\n|turn|5\n|\n|t:|1683761020\n|move|p2b: Gyarados|Waterfall|p1b: Ting-Lu\n|-supereffective|p1b: Ting-Lu\n|-damage|p1b: Ting-Lu|0 fnt\n|faint|p1b: Ting-Lu\n|move|p2a: Annihilape|Rage Fist|p1a: Tyranitar\n|-damage|p1a: Tyranitar|0 fnt\n|faint|p1a: Tyranitar\n|\n|-weather|none\n|-heal|p2a: Annihilape|70\/100|[from] item: Leftovers\n|-end|p2b: Gyarados|Throat Chop|[silent]\n|upkeep\n|-message|breakfast enjoyer forfeited.\n|\n|win|cosplayLover\n|raw|breakfast enjoyer's rating: 1745 → 1722<\/strong> (-23 for losing)\n|raw|cosplayLover's rating: 1692 → 1715<\/strong> (+23 for winning)\n","uploadtime":1683761034,"views":11,"p1id":"breakfastenjoyer","p2id":"cosplaylover","formatid":"gen9vgc2023regulationc","rating":1715,"private":0,"password":""}