{"id":"gen9vgc2023regulationc-1853109436","p1":"b(R)2","p2":"manilovebo1cts","format":"[Gen 9] VGC 2023 Regulation C","log":"|j|\u2606b(R)2\n|j|\u2606manilovebo1cts\n|t:|1682636285\n|gametype|doubles\n|player|p1|b(R)2|266|1166\n|player|p2|manilovebo1cts|schoolboy-gen2|1100\n|teamsize|p1|6\n|teamsize|p2|6\n|gen|9\n|tier|[Gen 9] VGC 2023 Regulation C\n|rated|\n|rule|Species Clause: Limit one of each Pok\u00e9mon\n|rule|Item Clause: Limit one of each item\n|clearpoke\n|poke|p1|Ting-Lu, L50|\n|poke|p1|Amoonguss, L50, M|\n|poke|p1|Garganacl, L50, M|\n|poke|p1|Arcanine, L50, F|\n|poke|p1|Roaring Moon, L50|\n|poke|p1|Iron Bundle, L50|\n|poke|p2|Iron Hands, L50|\n|poke|p2|Amoonguss, L50, M|\n|poke|p2|Palafin, L50, M|\n|poke|p2|Arcanine, L50, M|\n|poke|p2|Flutter Mane, L50|\n|poke|p2|Ting-Lu, L50|\n|teampreview|4\nb(R)2 has agreed to open team sheets.\nmanilovebo1cts rejected open team sheets.\n|\n|t:|1682636339\n|start\n|switch|p1a: Garganacl|Garganacl, L50, M|100\/100\n|switch|p1b: Ting-Lu|Ting-Lu, L50|100\/100\n|switch|p2a: Iron Hands|Iron Hands, L50|100\/100\n|switch|p2b: Palafin|Palafin, L50, M|100\/100\n|-ability|p1b: Ting-Lu|Vessel of Ruin\n|turn|1\n|\n|t:|1682636365\n|detailschange|p2b: Palafin|Palafin-Hero, L50, M\n|switch|p2b: Amoonguss|Amoonguss, L50, M|100\/100\n|switch|p1b: Arcanine|Arcanine, L50, F|100\/100\n|-ability|p1b: Arcanine|Intimidate|boost\n|-unboost|p2a: Iron Hands|atk|1\n|-unboost|p2b: Amoonguss|atk|1\n|move|p2a: Iron Hands|Substitute|p2a: Iron Hands\n|-start|p2a: Iron Hands|Substitute\n|-damage|p2a: Iron Hands|75\/100\n|move|p1a: Garganacl|Salt Cure|p2b: Amoonguss\n|-damage|p2b: Amoonguss|90\/100\n|-start|p2b: Amoonguss|Salt Cure\n|\n|-heal|p2a: Iron Hands|82\/100|[from] item: Leftovers\n|-damage|p2b: Amoonguss|77\/100|[from] Salt Cure\n|upkeep\n|turn|2\n|\n|t:|1682636384\n|switch|p2b: Arcanine|Arcanine, L50, M|100\/100\n|-ability|p2b: Arcanine|Intimidate|boost\n|-unboost|p1a: Garganacl|atk|1\n|-unboost|p1b: Arcanine|atk|1\n|move|p1b: Arcanine|Flare Blitz|p2a: Iron Hands\n|-activate|p2a: Iron Hands|move: Substitute|[damage]\n|-damage|p1b: Arcanine|91\/100|[from] Recoil|[of] p2a: Iron Hands\n|move|p2a: Iron Hands|Iron Defense|p2a: Iron Hands\n|-boost|p2a: Iron Hands|def|2\n|move|p1a: Garganacl|Salt Cure|p2a: Iron Hands\n|-resisted|p2a: Iron Hands\n|-activate|p2a: Iron Hands|move: Substitute|[damage]\n|\n|-heal|p2a: Iron Hands|88\/100|[from] item: Leftovers\n|upkeep\n|turn|3\n|\n|t:|1682636417\n|switch|p2b: Amoonguss|Amoonguss, L50, M|100\/100\n|move|p1b: Arcanine|Flare Blitz|p2a: Iron Hands\n|-end|p2a: Iron Hands|Substitute\n|-damage|p1b: Arcanine|90\/100|[from] Recoil|[of] p2a: Iron Hands\n|move|p2a: Iron Hands|Substitute|p2a: Iron Hands\n|-start|p2a: Iron Hands|Substitute\n|-damage|p2a: Iron Hands|63\/100\n|move|p1a: Garganacl|Salt Cure|p2a: Iron Hands\n|-resisted|p2a: Iron Hands\n|-crit|p2a: Iron Hands\n|-activate|p2a: Iron Hands|move: Substitute|[damage]\n|\n|-heal|p2a: Iron Hands|69\/100|[from] item: Leftovers\n|upkeep\n|turn|4\n|\n|t:|1682636441\n|switch|p1b: Roaring Moon|Roaring Moon, L50|100\/100\n|-enditem|p1b: Roaring Moon|Booster Energy\n|-activate|p1b: Roaring Moon|ability: Protosynthesis|[fromitem]\n|-start|p1b: Roaring Moon|protosynthesisatk\n|switch|p2b: Arcanine|Arcanine, L50, M|100\/100\n|-ability|p2b: Arcanine|Intimidate|boost\n|-unboost|p1a: Garganacl|atk|1\n|-unboost|p1b: Roaring Moon|atk|1\n|move|p2a: Iron Hands|Iron Defense|p2a: Iron Hands\n|-boost|p2a: Iron Hands|def|2\n|move|p1a: Garganacl|Stealth Rock|p2a: Iron Hands\n|-sidestart|p2: manilovebo1cts|move: Stealth Rock\n|\n|-heal|p2a: Iron Hands|75\/100|[from] item: Leftovers\n|upkeep\n|turn|5\n|\n|t:|1682636460\n|move|p1b: Roaring Moon|Protect|p1b: Roaring Moon\n|-singleturn|p1b: Roaring Moon|Protect\n|move|p2a: Iron Hands|Protect|p2a: Iron Hands\n|-singleturn|p2a: Iron Hands|Protect\n|move|p2b: Arcanine|Will-O-Wisp|p1b: Roaring Moon\n|-activate|p1b: Roaring Moon|move: Protect\n|move|p1a: Garganacl|Salt Cure|p2b: Arcanine\n|-supereffective|p2b: Arcanine\n|-damage|p2b: Arcanine|85\/100\n|-start|p2b: Arcanine|Salt Cure\n|\n|-heal|p2a: Iron Hands|82\/100|[from] item: Leftovers\n|-damage|p2b: Arcanine|73\/100|[from] Salt Cure\n|upkeep\n|turn|6\n|\n|t:|1682636494\n|switch|p1a: Ting-Lu|Ting-Lu, L50|100\/100\n|-ability|p1a: Ting-Lu|Vessel of Ruin\n|-terastallize|p1b: Roaring Moon|Flying\n|move|p1b: Roaring Moon|Dragon Dance|p1b: Roaring Moon\n|-boost|p1b: Roaring Moon|atk|1\n|-boost|p1b: Roaring Moon|spe|1\n|move|p2b: Arcanine|Will-O-Wisp|p1b: Roaring Moon\n|-status|p1b: Roaring Moon|brn\n|move|p2a: Iron Hands|Body Press|p1a: Ting-Lu\n|-supereffective|p1a: Ting-Lu\n|-damage|p1a: Ting-Lu|1\/100\n|\n|-heal|p2a: Iron Hands|88\/100|[from] item: Leftovers\n|-damage|p1b: Roaring Moon|95\/100 brn|[from] brn\n|-damage|p2b: Arcanine|61\/100|[from] Salt Cure\n|upkeep\n|turn|7\n|\n|t:|1682636533\n|move|p2b: Arcanine|Extreme Speed|p1a: Ting-Lu\n|-damage|p1a: Ting-Lu|0 fnt\n|faint|p1a: Ting-Lu\n|move|p1b: Roaring Moon|Acrobatics|p2a: Iron Hands\n|-activate|p2a: Iron Hands|move: Substitute|[damage]\n|move|p2a: Iron Hands|Body Press|p1b: Roaring Moon\n|-resisted|p1b: Roaring Moon\n|-damage|p1b: Roaring Moon|43\/100 brn\n|\n|-heal|p2a: Iron Hands|94\/100|[from] item: Leftovers\n|-damage|p1b: Roaring Moon|37\/100 brn|[from] brn\n|-damage|p2b: Arcanine|48\/100|[from] Salt Cure\n|upkeep\n|-message|b(R)2 forfeited.\n|\n|win|manilovebo1cts\n|raw|b(R)2's rating: 1166 → 1136<\/strong> (-30 for losing)\n|raw|manilovebo1cts's rating: 1100 → 1130<\/strong> (+30 for winning)\n","uploadtime":1682636551,"views":6,"p1id":"br2","p2id":"manilovebo1cts","formatid":"gen9vgc2023regulationc","rating":1130,"private":0,"password":""}