{"id":"gen9vgc2023regulationc-1857777415","p1":"BeardedSamurai","p2":"SwampCorner","format":"[Gen 9] VGC 2023 Regulation C","log":"|j|\u2606BeardedSamurai\n|j|\u2606SwampCorner\n|t:|1683230746\n|gametype|doubles\n|player|p1|BeardedSamurai|hilbert|1332\n|player|p2|SwampCorner|boarder|1405\n|teamsize|p1|6\n|teamsize|p2|6\n|gen|9\n|tier|[Gen 9] VGC 2023 Regulation C\n|rated|\n|rule|Species Clause: Limit one of each Pok\u00e9mon\n|rule|Item Clause: Limit one of each item\n|clearpoke\n|poke|p1|Sandy Shocks, L50|\n|poke|p1|Espathra, L50, M|\n|poke|p1|Gyarados, L50, M|\n|poke|p1|Scizor, L50, M|\n|poke|p1|Tyranitar, L50, M|\n|poke|p1|Chien-Pao, L50|\n|poke|p2|Scream Tail, L50|\n|poke|p2|Ceruledge, L50, M|\n|poke|p2|Ting-Lu, L50|\n|poke|p2|Iron Hands, L50|\n|poke|p2|Arcanine, L50, F|\n|poke|p2|Flutter Mane, L50|\n|teampreview|4\n|inactive|Battle timer is ON: inactive players will automatically lose when time's up. (requested by BeardedSamurai)\nBeardedSamurai has agreed to open team sheets.\nSwampCorner rejected open team sheets.\n|c|\u2606SwampCorner|glhf\n|c|\u2606BeardedSamurai|you 2\n|inactive|SwampCorner has 60 seconds left.\n|\n|t:|1683230783\n|start\n|switch|p1a: Espathra|Espathra, L50, M|100\/100\n|switch|p1b: Sandy Shocks|Sandy Shocks, L50|100\/100\n|switch|p2a: Scream Tail|Scream Tail, L50|100\/100\n|switch|p2b: Iron Hands|Iron Hands, L50|100\/100\n|-enditem|p1b: Sandy Shocks|Booster Energy\n|-activate|p1b: Sandy Shocks|ability: Protosynthesis|[fromitem]\n|-start|p1b: Sandy Shocks|protosynthesisspa\n|-enditem|p2a: Scream Tail|Booster Energy\n|-activate|p2a: Scream Tail|ability: Protosynthesis|[fromitem]\n|-start|p2a: Scream Tail|protosynthesisspe\n|turn|1\n|\n|t:|1683230802\n|-terastallize|p1a: Espathra|Ghost\n|move|p2b: Iron Hands|Fake Out|p1a: Espathra\n|-immune|p1a: Espathra\n|move|p2a: Scream Tail|Misty Terrain|p2a: Scream Tail\n|-fieldstart|move: Misty Terrain\n|move|p1b: Sandy Shocks|Gravity|p1b: Sandy Shocks\n|-fieldstart|move: Gravity\n|move|p1a: Espathra|Hypnosis|p2a: Scream Tail\n|-activate|p2a: Scream Tail|move: Misty Terrain\n|\n|-ability|p1a: Espathra|Speed Boost|boost\n|-boost|p1a: Espathra|spe|1\n|upkeep\n|turn|2\n|inactive|BeardedSamurai has 30 seconds left.\n|inactive|SwampCorner has 30 seconds left.\n|inactive|SwampCorner has 20 seconds left.\n|inactive|SwampCorner has 15 seconds left.\n|\n|t:|1683230854\n|-terastallize|p2b: Iron Hands|Grass\n|move|p2a: Scream Tail|Encore|p1b: Sandy Shocks\n|-start|p1b: Sandy Shocks|Encore\n|move|p1a: Espathra|Lumina Crash|p2a: Scream Tail\n|-resisted|p2a: Scream Tail\n|-damage|p2a: Scream Tail|87\/100\n|-unboost|p2a: Scream Tail|spd|2\n|move|p1b: Sandy Shocks|Gravity||[still]\n|-fail|p1b: Sandy Shocks\n|move|p2b: Iron Hands|Swords Dance|p2b: Iron Hands\n|-boost|p2b: Iron Hands|atk|2\n|\n|-ability|p1a: Espathra|Speed Boost|boost\n|-boost|p1a: Espathra|spe|1\n|upkeep\n|turn|3\n|\n|t:|1683230873\n|-end|p1b: Sandy Shocks|Protosynthesis|[silent]\n|switch|p1b: Scizor|Scizor, L50, M|100\/100\n|move|p1a: Espathra|Protect|p1a: Espathra\n|-singleturn|p1a: Espathra|Protect\n|move|p2a: Scream Tail|Howl|p2a: Scream Tail|[spread] p2a,p2b\n|-boost|p2a: Scream Tail|atk|1\n|-boost|p2b: Iron Hands|atk|1\n|move|p2b: Iron Hands|Wild Charge|p1a: Espathra\n|-activate|p1a: Espathra|move: Protect\n|\n|-ability|p1a: Espathra|Speed Boost|boost\n|-boost|p1a: Espathra|spe|1\n|upkeep\n|turn|4\n|inactive|BeardedSamurai has 30 seconds left.\n|\n|t:|1683230902\n|-end|p2a: Scream Tail|Protosynthesis|[silent]\n|switch|p2a: Arcanine|Arcanine, L50, F|100\/100\n|-ability|p2a: Arcanine|Intimidate|boost\n|-unboost|p1a: Espathra|atk|1\n|-unboost|p1b: Scizor|atk|1\n|move|p1b: Scizor|Bullet Punch|p2a: Arcanine\n|-resisted|p2a: Arcanine\n|-damage|p2a: Arcanine|90\/100\n|move|p1a: Espathra|Lumina Crash|p2b: Iron Hands\n|-damage|p2b: Iron Hands|76\/100\n|-unboost|p2b: Iron Hands|spd|2\n|move|p2b: Iron Hands|Wild Charge|p1a: Espathra\n|-enditem|p1a: Espathra|Focus Sash\n|-damage|p1a: Espathra|1\/100\n|-damage|p2b: Iron Hands|59\/100|[from] Recoil\n|\n|-ability|p1a: Espathra|Speed Boost|boost\n|-boost|p1a: Espathra|spe|1\n|upkeep\n|turn|5\n|inactive|BeardedSamurai has 30 seconds left.\n|inactive|SwampCorner has 30 seconds left.\n|\n|t:|1683230929\n|move|p1a: Espathra|Protect|p1a: Espathra\n|-singleturn|p1a: Espathra|Protect\n|move|p2a: Arcanine|Flare Blitz|p1a: Espathra\n|-activate|p1a: Espathra|move: Protect\n|move|p1b: Scizor|U-turn|p2b: Iron Hands\n|-supereffective|p2b: Iron Hands\n|-damage|p2b: Iron Hands|26\/100\n|-enditem|p2b: Iron Hands|Sitrus Berry|[eat]\n|-heal|p2b: Iron Hands|51\/100|[from] item: Sitrus Berry\n|\n|t:|1683230938\n|switch|p1b: Sandy Shocks|Sandy Shocks, L50|100\/100|[from] U-turn\n|move|p2b: Iron Hands|Drain Punch|p1b: Sandy Shocks\n|-damage|p1b: Sandy Shocks|4\/100\n|-heal|p2b: Iron Hands|83\/100|[from] drain|[of] p1b: Sandy Shocks\n|\n|-fieldend|move: Gravity\n|-fieldend|Misty Terrain\n|-ability|p1a: Espathra|Speed Boost|boost\n|-boost|p1a: Espathra|spe|1\n|upkeep\n|turn|6\n|inactive|BeardedSamurai has 30 seconds left.\n|\n|t:|1683230972\n|move|p2a: Arcanine|Extreme Speed|p1b: Sandy Shocks\n|-damage|p1b: Sandy Shocks|0 fnt\n|faint|p1b: Sandy Shocks\n|-end|p1b: Sandy Shocks|Protosynthesis|[silent]\n|move|p1a: Espathra|Dazzling Gleam|p2b: Iron Hands|[spread] p2a,p2b\n|-resisted|p2a: Arcanine\n|-damage|p2a: Arcanine|78\/100\n|-damage|p2b: Iron Hands|57\/100\n|move|p2b: Iron Hands|Wild Charge|p1a: Espathra\n|-damage|p1a: Espathra|0 fnt\n|faint|p1a: Espathra\n|-damage|p2b: Iron Hands|57\/100|[from] Recoil\n|\n|upkeep\n|\n|t:|1683230983\n|switch|p1b: Scizor|Scizor, L50, M|100\/100\n|switch|p1a: Chien-Pao|Chien-Pao, L50|100\/100\n|-ability|p1a: Chien-Pao|Sword of Ruin\n|turn|7\n|\n|t:|1683230998\n|-end|p2b: Iron Hands|Quark Drive|[silent]\n|switch|p2b: Ceruledge|Ceruledge, L50, M|100\/100\n|move|p1a: Chien-Pao|Ice Spinner|p2b: Ceruledge\n|-resisted|p2b: Ceruledge\n|-damage|p2b: Ceruledge|62\/100\n|-damage|p1a: Chien-Pao|91\/100|[from] item: Life Orb\n|move|p2a: Arcanine|Will-O-Wisp|p1a: Chien-Pao\n|-status|p1a: Chien-Pao|brn\n|move|p1b: Scizor|Close Combat|p2a: Arcanine\n|-damage|p2a: Arcanine|22\/100\n|-unboost|p1b: Scizor|def|1\n|-unboost|p1b: Scizor|spd|1\n|\n|-damage|p1a: Chien-Pao|85\/100 brn|[from] brn\n|upkeep\n|turn|8\n|-message|BeardedSamurai forfeited.\n|\n|win|SwampCorner\n|raw|BeardedSamurai's rating: 1332 → 1316<\/strong> (-16 for losing)\n|raw|SwampCorner's rating: 1405 → 1421<\/strong> (+16 for winning)\n|l|\u2606BeardedSamurai\n","uploadtime":1683231015,"views":11,"p1id":"beardedsamurai","p2id":"swampcorner","formatid":"gen9vgc2023regulationc","rating":1316,"private":0,"password":""}