{"id":"gen9vgc2023regulationc-1851142417","p1":"Suenqr1","p2":"MistressQueenM","format":"[Gen 9] VGC 2023 Regulation C","log":"|j|\u2606Suenqr1\n|j|\u2606MistressQueenM\n|t:|1682416180\n|gametype|doubles\n|player|p1|Suenqr1|giovanni|1222\n|player|p2|MistressQueenM|veteranf|1191\n|teamsize|p1|6\n|teamsize|p2|6\n|gen|9\n|tier|[Gen 9] VGC 2023 Regulation C\n|rated|\n|rule|Species Clause: Limit one of each Pok\u00e9mon\n|rule|Item Clause: Limit one of each item\n|clearpoke\n|poke|p1|Palafin, L50, M|\n|poke|p1|Amoonguss, L50, F|\n|poke|p1|Arcanine, L50, M|\n|poke|p1|Ting-Lu, L50|\n|poke|p1|Flutter Mane, L50|\n|poke|p1|Baxcalibur, L50, F|\n|poke|p2|Wo-Chien, L50|\n|poke|p2|Torkoal, L50, M|\n|poke|p2|Garganacl, L50, M|\n|poke|p2|Great Tusk, L50|\n|poke|p2|Murkrow, L50, M|\n|poke|p2|Farigiraf, L50, M|\n|teampreview|4\n|inactive|Battle timer is ON: inactive players will automatically lose when time's up. (requested by MistressQueenM)\nMistressQueenM rejected open team sheets.\n|\n|t:|1682416208\n|start\n|switch|p1a: Palafin|Palafin, L50, M|100\/100\n|switch|p1b: Baxcalibur|Baxcalibur, L50, F|100\/100\n|switch|p2a: Curvedbeast|Great Tusk, L50|100\/100\n|switch|p2b: Fool|Murkrow, L50, M|100\/100\n|turn|1\n|inactive|Suenqr1 has 30 seconds left.\n|\n|t:|1682416234\n|detailschange|p1a: Palafin|Palafin-Hero, L50, M\n|switch|p1a: Arcanine|Arcanine, L50, M|100\/100\n|-ability|p1a: Arcanine|Intimidate|boost\n|-unboost|p2a: Curvedbeast|atk|1\n|-unboost|p2b: Fool|atk|1\n|-terastallize|p1b: Baxcalibur|Poison\n|move|p2a: Curvedbeast|Protect|p2a: Curvedbeast\n|-singleturn|p2a: Curvedbeast|Protect\n|move|p2b: Fool|Thunder Wave|p1b: Baxcalibur\n|-status|p1b: Baxcalibur|par\n|move|p1b: Baxcalibur|Icicle Crash|p2a: Curvedbeast\n|-activate|p2a: Curvedbeast|move: Protect\n|\n|upkeep\n|turn|2\n|inactive|Suenqr1 has 30 seconds left.\n|\n|t:|1682416260\n|-terastallize|p2a: Curvedbeast|Ground\n|move|p1b: Baxcalibur|Protect|p1b: Baxcalibur\n|-singleturn|p1b: Baxcalibur|Protect\n|move|p2b: Fool|Thunder Wave|p1a: Arcanine\n|-status|p1a: Arcanine|par\n|move|p2a: Curvedbeast|Earthquake|p1b: Baxcalibur|[spread] p1a\n|-activate|p1b: Baxcalibur|move: Protect\n|-immune|p2b: Fool\n|-supereffective|p1a: Arcanine\n|-damage|p1a: Arcanine|3\/100 par\n|-damage|p2a: Curvedbeast|90\/100|[from] item: Life Orb\n|move|p1a: Arcanine|Will-O-Wisp|p2a: Curvedbeast\n|-status|p2a: Curvedbeast|brn\n|\n|-damage|p2a: Curvedbeast|85\/100 brn|[from] brn\n|upkeep\n|turn|3\n|inactive|Suenqr1 has 30 seconds left.\n|\n|t:|1682416287\n|move|p2b: Fool|Tailwind|p2b: Fool\n|-sidestart|p2: MistressQueenM|move: Tailwind\n|move|p1b: Baxcalibur|Ice Shard|p2a: Curvedbeast\n|-supereffective|p2a: Curvedbeast\n|-damage|p2a: Curvedbeast|35\/100 brn\n|-damage|p1b: Baxcalibur|91\/100 par|[from] item: Life Orb\n|move|p2a: Curvedbeast|Earthquake|p1b: Baxcalibur|[spread] p1a,p1b\n|-immune|p2b: Fool\n|-supereffective|p1a: Arcanine\n|-supereffective|p1b: Baxcalibur\n|-damage|p1a: Arcanine|0 fnt\n|-damage|p1b: Baxcalibur|52\/100 par\n|faint|p1a: Arcanine\n|-damage|p2a: Curvedbeast|25\/100 brn|[from] item: Life Orb\n|\n|-damage|p2a: Curvedbeast|19\/100 brn|[from] brn\n|upkeep\n|\n|t:|1682416298\n|switch|p1a: Palafin|Palafin-Hero, L50, M|100\/100\n|-activate|p1a: Palafin|ability: Zero to Hero\n|turn|4\n|\n|t:|1682416305\n|move|p2b: Fool|Thunder Wave|p1a: Palafin\n|-status|p1a: Palafin|par\n|cant|p1b: Baxcalibur|par\n|move|p1a: Palafin|Jet Punch|p2a: Curvedbeast\n|-supereffective|p2a: Curvedbeast\n|-damage|p2a: Curvedbeast|0 fnt\n|faint|p2a: Curvedbeast\n|-end|p2a: Curvedbeast|Protosynthesis|[silent]\n|\n|upkeep\n|\n|t:|1682416308\n|switch|p2a: CoffeeCube|Garganacl, L50, M, shiny|100\/100\n|turn|5\n|\n|t:|1682416325\n|move|p2b: Fool|Foul Play|p1a: Palafin\n|-damage|p1a: Palafin|48\/100 par\n|move|p2a: CoffeeCube|Salt Cure|p1a: Palafin\n|-damage|p1a: Palafin|34\/100 par\n|-start|p1a: Palafin|Salt Cure\n|cant|p1b: Baxcalibur|par\n|move|p1a: Palafin|Wave Crash|p2a: CoffeeCube\n|-supereffective|p2a: CoffeeCube\n|-damage|p2a: CoffeeCube|0 fnt\n|faint|p2a: CoffeeCube\n|-damage|p1a: Palafin|0 fnt|[from] Recoil\n|faint|p1a: Palafin\n|\n|upkeep\n|\n|t:|1682416333\n|switch|p1a: Flutter Mane|Flutter Mane, L50|100\/100\n|switch|p2a: Abrams|Torkoal, L50, M, shiny|100\/100\n|-weather|SunnyDay|[from] ability: Drought|[of] p2a: Abrams\n|-activate|p1a: Flutter Mane|ability: Protosynthesis\n|-start|p1a: Flutter Mane|protosynthesisspe\n|turn|6\n|\n|t:|1682416341\n|move|p1a: Flutter Mane|Protect|p1a: Flutter Mane\n|-singleturn|p1a: Flutter Mane|Protect\n|move|p2b: Fool|Thunder Wave|p1a: Flutter Mane\n|-activate|p1a: Flutter Mane|move: Protect\n|move|p2a: Abrams|Heat Wave|p1a: Flutter Mane|[spread] p1b\n|-activate|p1a: Flutter Mane|move: Protect\n|-damage|p1b: Baxcalibur|0 fnt\n|faint|p1b: Baxcalibur\n|\n|-weather|SunnyDay|[upkeep]\n|-sideend|p2: MistressQueenM|move: Tailwind\n|upkeep\n|turn|7\n|\n|t:|1682416351\n|move|p2b: Fool|Thunder Wave|p1a: Flutter Mane\n|-status|p1a: Flutter Mane|par\n|cant|p1a: Flutter Mane|par\n|move|p2a: Abrams|Heat Wave|p1a: Flutter Mane\n|-damage|p1a: Flutter Mane|37\/100 par\n|\n|-weather|SunnyDay|[upkeep]\n|upkeep\n|turn|8\n|\n|t:|1682416356\n|move|p1a: Flutter Mane|Dazzling Gleam|p2b: Fool|[spread] p2a,p2b\n|-resisted|p2a: Abrams\n|-supereffective|p2b: Fool\n|-damage|p2a: Abrams|78\/100\n|-damage|p2b: Fool|49\/100\n|move|p2b: Fool|Foul Play|p1a: Flutter Mane\n|-damage|p1a: Flutter Mane|12\/100 par\n|move|p2a: Abrams|Heat Wave|p1a: Flutter Mane\n|-damage|p1a: Flutter Mane|0 fnt\n|faint|p1a: Flutter Mane\n|-end|p1a: Flutter Mane|Protosynthesis|[silent]\n|\n|win|MistressQueenM\n|raw|Suenqr1's rating: 1222 → 1195<\/strong> (-27 for losing)\n|raw|MistressQueenM's rating: 1191 → 1218<\/strong> (+27 for winning)\n|c|\u2606MistressQueenM|gg\n","uploadtime":1682416361,"views":13,"p1id":"suenqr1","p2id":"mistressqueenm","formatid":"gen9vgc2023regulationc","rating":1195,"private":0,"password":""}