{"id":"gen9vgc2023regulationc-1847746324","p1":"MCG9","p2":"ultramandyna","format":"[Gen 9] VGC 2023 Regulation C","log":"|j|\u2606MCG9\n|j|\u2606ultramandyna\n|t:|1681998452\n|gametype|doubles\n|player|p1|MCG9|veteran|1000\n|player|p2|ultramandyna|102|1047\n|teamsize|p1|6\n|teamsize|p2|6\n|gen|9\n|tier|[Gen 9] VGC 2023 Regulation C\n|rated|\n|rule|Species Clause: Limit one of each Pok\u00e9mon\n|rule|Item Clause: Limit one of each item\n|clearpoke\n|poke|p1|Annihilape, L50, F|\n|poke|p1|Kingambit, L50, F|\n|poke|p1|Maushold-Four, L50|\n|poke|p1|Baxcalibur, L50, F|\n|poke|p1|Armarouge, L50, M|\n|poke|p1|Indeedee-F, L50, F|\n|poke|p2|Amoonguss, L50, M|\n|poke|p2|Ting-Lu, L50|\n|poke|p2|Palafin, L50, M|\n|poke|p2|Skeledirge, L50, M|\n|poke|p2|Wo-Chien, L50|\n|poke|p2|Haxorus, L50, M|\n|teampreview|4\n|\n|t:|1681998465\n|start\n|switch|p1a: Armarouge|Armarouge, L50, M, shiny|100\/100\n|switch|p1b: Indeedee|Indeedee-F, L50, F, shiny|100\/100\n|switch|p2a: Palafin|Palafin, L50, M|100\/100\n|switch|p2b: Wo-Chien|Wo-Chien, L50|100\/100\n|-fieldstart|move: Psychic Terrain|[from] ability: Psychic Surge|[of] p1b: Indeedee\n|-enditem|p1b: Indeedee|Psychic Seed\n|-boost|p1b: Indeedee|spd|1|[from] item: Psychic Seed\n|-ability|p2b: Wo-Chien|Tablets of Ruin\n|turn|1\n|\n|t:|1681998492\n|detailschange|p2a: Palafin|Palafin-Hero, L50, M\n|switch|p2a: Ting-Lu|Ting-Lu, L50|100\/100\n|-ability|p2a: Ting-Lu|Vessel of Ruin\n|-terastallize|p1a: Armarouge|Grass\n|move|p1b: Indeedee|Helping Hand|p1a: Armarouge\n|-singleturn|p1a: Armarouge|Helping Hand|[of] p1b: Indeedee\n|move|p1a: Armarouge|Expanding Force|p2b: Wo-Chien|[spread] \n|-immune|p2a: Ting-Lu\n|-immune|p2b: Wo-Chien\n|move|p2b: Wo-Chien|Leech Seed|p1a: Armarouge\n|-immune|p1a: Armarouge\n|\n|upkeep\n|turn|2\n|\n|t:|1681998515\n|move|p1b: Indeedee|Helping Hand|p1a: Armarouge\n|-singleturn|p1a: Armarouge|Helping Hand|[of] p1b: Indeedee\n|move|p1a: Armarouge|Armor Cannon|p2b: Wo-Chien\n|-supereffective|p2b: Wo-Chien\n|-damage|p2b: Wo-Chien|0 fnt\n|-unboost|p1a: Armarouge|def|1\n|-unboost|p1a: Armarouge|spd|1\n|faint|p2b: Wo-Chien\n|-damage|p1a: Armarouge|91\/100|[from] item: Life Orb\n|move|p2a: Ting-Lu|Ruination|p1a: Armarouge\n|-damage|p1a: Armarouge|46\/100\n|\n|upkeep\n|\n|t:|1681998527\n|switch|p2b: Palafin|Palafin-Hero, L50, M|100\/100\n|-activate|p2b: Palafin|ability: Zero to Hero\n|turn|3\n|\n|t:|1681998550\n|-terastallize|p2b: Palafin|Water\n|move|p1b: Indeedee|Helping Hand|p1a: Armarouge\n|-singleturn|p1a: Armarouge|Helping Hand|[of] p1b: Indeedee\n|move|p1a: Armarouge|Expanding Force|p2a: Ting-Lu|[spread] p2b\n|-immune|p2a: Ting-Lu\n|-damage|p2b: Palafin|16\/100\n|-damage|p1a: Armarouge|36\/100|[from] item: Life Orb\n|move|p2b: Palafin|Wave Crash|p1a: Armarouge\n|-resisted|p1a: Armarouge\n|-damage|p1a: Armarouge|0 fnt\n|faint|p1a: Armarouge\n|-damage|p2b: Palafin|6\/100|[from] Recoil\n|move|p2a: Ting-Lu|Ruination|p1b: Indeedee\n|-damage|p1b: Indeedee|50\/100\n|\n|upkeep\n|\n|t:|1681998575\n|switch|p1a: Maushold|Maushold-Four, L50, shiny|100\/100\n|turn|4\n|\n|t:|1681998600\n|move|p1a: Maushold|Protect|p1a: Maushold\n|-singleturn|p1a: Maushold|Protect\n|move|p2b: Palafin|Ice Punch|p1b: Indeedee\n|-damage|p1b: Indeedee|28\/100\n|move|p1b: Indeedee|Psyshock|p2b: Palafin\n|-damage|p2b: Palafin|0 fnt\n|faint|p2b: Palafin\n|move|p2a: Ting-Lu|Earthquake|p1a: Maushold|[spread] p1b\n|-activate|p1a: Maushold|move: Protect\n|-damage|p1b: Indeedee|7\/100\n|\n|upkeep\n|\n|t:|1681998612\n|switch|p2b: Haxorus|Haxorus, L50, M|100\/100\n|-ability|p2b: Haxorus|Mold Breaker\n|turn|5\n|\n|t:|1681998630\n|move|p1b: Indeedee|Follow Me|p1b: Indeedee\n|-singleturn|p1b: Indeedee|move: Follow Me\n|move|p1a: Maushold|Beat Up|p2a: Ting-Lu\n|-resisted|p2a: Ting-Lu\n|-damage|p2a: Ting-Lu|99\/100\n|-resisted|p2a: Ting-Lu\n|-damage|p2a: Ting-Lu|99\/100\n|-resisted|p2a: Ting-Lu\n|-damage|p2a: Ting-Lu|99\/100\n|-hitcount|p2a: Ting-Lu|3\n|move|p2b: Haxorus|Dragon Dance|p2b: Haxorus\n|-boost|p2b: Haxorus|atk|1\n|-boost|p2b: Haxorus|spe|1\n|move|p2a: Ting-Lu|Bulldoze|p1a: Maushold|[spread] p2b,p1a,p1b\n|-damage|p2b: Haxorus|81\/100\n|-damage|p1a: Maushold|85\/100\n|-damage|p1b: Indeedee|0 fnt\n|-unboost|p2b: Haxorus|spe|1\n|-unboost|p1a: Maushold|spe|1\n|faint|p1b: Indeedee\n|\n|-fieldend|move: Psychic Terrain\n|upkeep\n|\n|t:|1681998646\n|switch|p1b: Annihilape|Annihilape, L50, F, shiny|100\/100\n|turn|6\n|\n|t:|1681998657\n|move|p1b: Annihilape|Bulk Up|p1b: Annihilape\n|-boost|p1b: Annihilape|atk|1\n|-boost|p1b: Annihilape|def|1\n|move|p2b: Haxorus|Dragon Claw|p1b: Annihilape\n|-damage|p1b: Annihilape|46\/100\n|move|p1a: Maushold|Beat Up|p1b: Annihilape\n|-damage|p1b: Annihilape|45\/100\n|-damage|p1b: Annihilape|43\/100\n|-hitcount|p1b: Annihilape|2\n|move|p2a: Ting-Lu|Ruination|p1b: Annihilape\n|-damage|p1b: Annihilape|22\/100\n|\n|upkeep\n|turn|7\n|\n|t:|1681998681\n|move|p2a: Ting-Lu|Protect|p2a: Ting-Lu\n|-singleturn|p2a: Ting-Lu|Protect\n|move|p1a: Maushold|Follow Me|p1a: Maushold\n|-singleturn|p1a: Maushold|move: Follow Me\n|move|p1b: Annihilape|Drain Punch|p2a: Ting-Lu\n|-activate|p2a: Ting-Lu|move: Protect\n|move|p2b: Haxorus|Earthquake|p1b: Annihilape|[spread] p1a,p1b\n|-activate|p2a: Ting-Lu|move: Protect\n|-damage|p1a: Maushold|50\/100\n|-damage|p1b: Annihilape|0 fnt\n|faint|p1b: Annihilape\n|\n|upkeep\n|turn|8\n|-message|MCG9 forfeited.\n|\n|win|ultramandyna\n|raw|MCG9's rating: 1000 → 1000<\/strong> (+0 for losing)\n|raw|ultramandyna's rating: 1047 → 1076<\/strong> (+29 for winning)\n|l|\u2606MCG9\n","uploadtime":1681998698,"views":4,"p1id":"mcg9","p2id":"ultramandyna","formatid":"gen9vgc2023regulationc","rating":1000,"private":0,"password":""}