{"id":"gen9vgc2023regulationc-1854085423","p1":"Jscoot12","p2":"haha u rage quit","format":"[Gen 9] VGC 2023 Regulation C","log":"|j|\u2606Jscoot12\n|j|\u2606haha u rage quit\n|t:|1682766607\n|gametype|doubles\n|player|p1|Jscoot12|265|1303\n|player|p2|haha u rage quit|pokemaniac|1275\n|teamsize|p1|6\n|teamsize|p2|6\n|gen|9\n|tier|[Gen 9] VGC 2023 Regulation C\n|rated|\n|rule|Species Clause: Limit one of each Pok\u00e9mon\n|rule|Item Clause: Limit one of each item\n|clearpoke\n|poke|p1|Orthworm, L50, M|\n|poke|p1|Dragonite, L50, F|\n|poke|p1|Flutter Mane, L50|\n|poke|p1|Chi-Yu, L50|\n|poke|p1|Gastrodon-East, L50, M|\n|poke|p1|Baxcalibur, L50, M|\n|poke|p2|Iron Bundle, L50|\n|poke|p2|Chi-Yu, L50|\n|poke|p2|Scizor, L50, M|\n|poke|p2|Flutter Mane, L50|\n|poke|p2|Great Tusk, L50|\n|poke|p2|Murkrow, L50, M|\n|teampreview|4\n|\n|t:|1682766642\n|start\n|switch|p1a: Flutter Mane|Flutter Mane, L50|100\/100\n|switch|p1b: Baxcalibur|Baxcalibur, L50, M|100\/100\n|switch|p2a: Murkrow|Murkrow, L50, M|100\/100\n|switch|p2b: Scizor|Scizor, L50, M, shiny|100\/100\n|-enditem|p1a: Flutter Mane|Booster Energy\n|-activate|p1a: Flutter Mane|ability: Protosynthesis|[fromitem]\n|-start|p1a: Flutter Mane|protosynthesisspe\n|turn|1\n|\n|t:|1682766660\n|move|p1a: Flutter Mane|Protect|p1a: Flutter Mane\n|-singleturn|p1a: Flutter Mane|Protect\n|move|p2a: Murkrow|Tailwind|p2a: Murkrow\n|-sidestart|p2: haha u rage quit|move: Tailwind\n|move|p2b: Scizor|Bullet Punch|p1b: Baxcalibur\n|-supereffective|p1b: Baxcalibur\n|-damage|p1b: Baxcalibur|38\/100\n|move|p1b: Baxcalibur|Ice Shard|p2a: Murkrow\n|-supereffective|p2a: Murkrow\n|-enditem|p2a: Murkrow|Focus Sash\n|-damage|p2a: Murkrow|1\/100\n|-damage|p1b: Baxcalibur|28\/100|[from] item: Life Orb\n|\n|upkeep\n|turn|2\n|\n|t:|1682766696\n|switch|p2a: Chi-Yu|Chi-Yu, L50|100\/100\n|-ability|p2a: Chi-Yu|Beads of Ruin\n|move|p1b: Baxcalibur|Protect|p1b: Baxcalibur\n|-singleturn|p1b: Baxcalibur|Protect\n|move|p1a: Flutter Mane|Dazzling Gleam|p2b: Scizor|[spread] p2a,p2b\n|-resisted|p2b: Scizor\n|-damage|p2a: Chi-Yu|65\/100\n|-damage|p2b: Scizor|77\/100\n|move|p2b: Scizor|X-Scissor|p1a: Flutter Mane\n|-resisted|p1a: Flutter Mane\n|-damage|p1a: Flutter Mane|85\/100\n|\n|upkeep\n|turn|3\n|\n|t:|1682766730\n|move|p2b: Scizor|Bullet Punch|p1a: Flutter Mane\n|-supereffective|p1a: Flutter Mane\n|-damage|p1a: Flutter Mane|0 fnt\n|faint|p1a: Flutter Mane\n|-end|p1a: Flutter Mane|Protosynthesis|[silent]\n|move|p1b: Baxcalibur|Ice Shard|p2a: Chi-Yu\n|-resisted|p2a: Chi-Yu\n|-damage|p2a: Chi-Yu|38\/100\n|-damage|p1b: Baxcalibur|18\/100|[from] item: Life Orb\n|move|p2a: Chi-Yu|Dark Pulse|p1b: Baxcalibur\n|-damage|p1b: Baxcalibur|0 fnt\n|faint|p1b: Baxcalibur\n|\n|upkeep\n|\n|t:|1682766744\n|switch|p1a: Orthworm|Orthworm, L50, M|100\/100\n|switch|p1b: Chi-Yu|Chi-Yu, L50|100\/100\n|-ability|p1b: Chi-Yu|Beads of Ruin\n|turn|4\n|\n|t:|1682766766\n|-terastallize|p2b: Scizor|Water\n|-terastallize|p1a: Orthworm|Fire\n|move|p2a: Chi-Yu|Overheat|p1a: Orthworm\n|-resisted|p1a: Orthworm\n|-damage|p1a: Orthworm|26\/100\n|-unboost|p2a: Chi-Yu|spa|2\n|move|p2b: Scizor|Tera Blast|p1b: Chi-Yu\n|-supereffective|p1b: Chi-Yu\n|-damage|p1b: Chi-Yu|0 fnt\n|faint|p1b: Chi-Yu\n|move|p1a: Orthworm|Body Press|p2a: Chi-Yu\n|-supereffective|p2a: Chi-Yu\n|-damage|p2a: Chi-Yu|0 fnt\n|faint|p2a: Chi-Yu\n|\n|-heal|p1a: Orthworm|32\/100|[from] item: Leftovers\n|-sideend|p2: haha u rage quit|move: Tailwind\n|upkeep\n|\n|t:|1682766773\n|switch|p2a: Murkrow|Murkrow, L50, M|1\/100\n|turn|5\n|\n|t:|1682766789\n|move|p2a: Murkrow|Tailwind|p2a: Murkrow\n|-sidestart|p2: haha u rage quit|move: Tailwind\n|move|p2b: Scizor|Tera Blast|p1a: Orthworm\n|-supereffective|p1a: Orthworm\n|-damage|p1a: Orthworm|0 fnt\n|faint|p1a: Orthworm\n|\n|win|haha u rage quit\n|raw|Jscoot12's rating: 1303 → 1281<\/strong> (-22 for losing)\n|raw|haha u rage quit's rating: 1275 → 1302<\/strong> (+27 for winning)\n","uploadtime":1682766797,"views":26,"p1id":"jscoot12","p2id":"hahauragequit","formatid":"gen9vgc2023regulationc","rating":1281,"private":0,"password":""}