{"id":"gen9vgc2023regulationc-1856947326","p1":"priviteran","p2":"haha you rage quit","format":"[Gen 9] VGC 2023 Regulation C","log":"|j|\u2606priviteran\n|j|\u2606haha you rage quit\n|t:|1683129133\n|gametype|doubles\n|player|p1|priviteran|101|1362\n|player|p2|haha you rage quit|pokemaniac|1340\n|teamsize|p1|6\n|teamsize|p2|6\n|gen|9\n|tier|[Gen 9] VGC 2023 Regulation C\n|rated|\n|rule|Species Clause: Limit one of each Pok\u00e9mon\n|rule|Item Clause: Limit one of each item\n|clearpoke\n|poke|p1|Dondozo, L50, M|\n|poke|p1|Tatsugiri, L50, M|\n|poke|p1|Chi-Yu, L50|\n|poke|p1|Flutter Mane, L50|\n|poke|p1|Pawmot, L50, F|\n|poke|p1|Dragonite, L50, M|\n|poke|p2|Flutter Mane, L50|\n|poke|p2|Chi-Yu, L50|\n|poke|p2|Great Tusk, L50|\n|poke|p2|Gholdengo, L50|\n|poke|p2|Talonflame, L50, M|\n|poke|p2|Murkrow, L50, M|\n|teampreview|4\n|inactive|Battle timer is ON: inactive players will automatically lose when time's up. (requested by priviteran)\n|inactive|haha you rage quit has 60 seconds left.\n|\n|t:|1683129170\n|start\n|switch|p1a: Pawmot|Pawmot, L50, F|100\/100\n|switch|p1b: Tatsugiri|Tatsugiri, L50, M|100\/100\n|switch|p2a: Talonflame|Talonflame, L50, M|100\/100\n|switch|p2b: Great Tusk|Great Tusk, L50, shiny|100\/100\n|turn|1\n|\n|t:|1683129187\n|-terastallize|p2a: Talonflame|Ghost\n|move|p1a: Pawmot|Fake Out|p2b: Great Tusk\n|-damage|p2b: Great Tusk|91\/100\n|move|p2a: Talonflame|Tailwind|p2a: Talonflame\n|-sidestart|p2: haha you rage quit|move: Tailwind\n|cant|p2b: Great Tusk|flinch\n|move|p1b: Tatsugiri|Muddy Water|p2a: Talonflame|[spread] p2a,p2b\n|-supereffective|p2b: Great Tusk\n|-damage|p2a: Talonflame|55\/100\n|-damage|p2b: Great Tusk|0 fnt\n|faint|p2b: Great Tusk\n|-end|p2b: Great Tusk|Protosynthesis|[silent]\n|\n|upkeep\n|\n|t:|1683129199\n|switch|p2b: Gholdengo|Gholdengo, L50|100\/100\n|turn|2\n|\n|t:|1683129206\n|switch|p1a: Dondozo|Dondozo, L50, M|100\/100\n|-activate|p1b: Tatsugiri|ability: Commander|[of] p1a: Dondozo\n|-boost|p1a: Dondozo|atk|2\n|-boost|p1a: Dondozo|spa|2\n|-boost|p1a: Dondozo|spe|2\n|-boost|p1a: Dondozo|def|2\n|-boost|p1a: Dondozo|spd|2\n|move|p2a: Talonflame|Air Cutter|p1b: Tatsugiri|[spread] p1a\n|-miss|p2a: Talonflame|p1b: Tatsugiri\n|-crit|p1a: Dondozo\n|-damage|p1a: Dondozo|75\/100\n|move|p2b: Gholdengo|Make It Rain|p1b: Tatsugiri|[spread] p1a\n|-miss|p2b: Gholdengo|p1b: Tatsugiri\n|-resisted|p1a: Dondozo\n|-damage|p1a: Dondozo|63\/100\n|-unboost|p2b: Gholdengo|spa|1\n|\n|-heal|p1a: Dondozo|69\/100|[from] item: Leftovers\n|upkeep\n|turn|3\n|\n|t:|1683129236\n|switch|p2b: Murkrow|Murkrow, L50, M|100\/100\n|move|p2a: Talonflame|Sunny Day|p2a: Talonflame\n|-weather|SunnyDay\n|move|p1a: Dondozo|Earthquake|p2b: Murkrow|[spread] p2a\n|-miss|p1a: Dondozo|p1b: Tatsugiri\n|-immune|p2b: Murkrow\n|-damage|p2a: Talonflame|0 fnt\n|faint|p2a: Talonflame\n|\n|-weather|SunnyDay|[upkeep]\n|-heal|p1a: Dondozo|75\/100|[from] item: Leftovers\n|upkeep\n|\n|t:|1683129244\n|switch|p2a: Gholdengo|Gholdengo, L50|100\/100\n|turn|4\n|\n|t:|1683129248\n|move|p2b: Murkrow|Haze|p2b: Murkrow\n|-clearallboost\n|move|p2a: Gholdengo|Shadow Ball|p1a: Dondozo\n|-damage|p1a: Dondozo|32\/100\n|move|p1a: Dondozo|Earthquake|p2a: Gholdengo|[spread] p2a\n|-miss|p1a: Dondozo|p1b: Tatsugiri\n|-immune|p2b: Murkrow\n|-supereffective|p2a: Gholdengo\n|-damage|p2a: Gholdengo|56\/100\n|-enditem|p2a: Gholdengo|Weakness Policy\n|-boost|p2a: Gholdengo|atk|2|[from] item: Weakness Policy\n|-boost|p2a: Gholdengo|spa|2|[from] item: Weakness Policy\n|\n|-weather|SunnyDay|[upkeep]\n|-heal|p1a: Dondozo|39\/100|[from] item: Leftovers\n|-sideend|p2: haha you rage quit|move: Tailwind\n|upkeep\n|turn|5\n|\n|t:|1683129264\n|move|p1a: Dondozo|Protect|p1a: Dondozo\n|-singleturn|p1a: Dondozo|Protect\n|move|p2b: Murkrow|Foul Play|p1a: Dondozo\n|-activate|p1a: Dondozo|move: Protect\n|move|p2a: Gholdengo|Shadow Ball|p1a: Dondozo\n|-activate|p1a: Dondozo|move: Protect\n|\n|-weather|SunnyDay|[upkeep]\n|-heal|p1a: Dondozo|45\/100|[from] item: Leftovers\n|upkeep\n|turn|6\n|\n|t:|1683129279\n|move|p2b: Murkrow|Tailwind|p2b: Murkrow\n|-sidestart|p2: haha you rage quit|move: Tailwind\n|move|p2a: Gholdengo|Shadow Ball|p1a: Dondozo\n|-damage|p1a: Dondozo|0 fnt\n|faint|p1a: Dondozo\n|\n|-weather|SunnyDay|[upkeep]\n|upkeep\n|\n|t:|1683129288\n|switch|p1a: Flutter Mane|Flutter Mane, L50|100\/100\n|-activate|p1a: Flutter Mane|ability: Protosynthesis\n|-start|p1a: Flutter Mane|protosynthesisspa\n|turn|7\n|\n|t:|1683129310\n|-terastallize|p1a: Flutter Mane|Fairy\n|move|p2b: Murkrow|Foul Play|p1a: Flutter Mane\n|-resisted|p1a: Flutter Mane\n|-damage|p1a: Flutter Mane|90\/100\n|move|p2a: Gholdengo|Make It Rain|p1a: Flutter Mane|[spread] p1a,p1b\n|-supereffective|p1a: Flutter Mane\n|-resisted|p1b: Tatsugiri\n|-damage|p1a: Flutter Mane|0 fnt\n|-damage|p1b: Tatsugiri|43\/100\n|-unboost|p2a: Gholdengo|spa|1\n|-enditem|p1b: Tatsugiri|Sitrus Berry|[eat]\n|-heal|p1b: Tatsugiri|68\/100|[from] item: Sitrus Berry\n|faint|p1a: Flutter Mane\n|-end|p1a: Flutter Mane|Protosynthesis|[silent]\n|move|p1b: Tatsugiri|Muddy Water|p2b: Murkrow|[spread] p2a,p2b\n|-damage|p2a: Gholdengo|39\/100\n|-damage|p2b: Murkrow|63\/100\n|\n|-weather|none\n|upkeep\n|\n|t:|1683129317\n|switch|p1a: Pawmot|Pawmot, L50, F|100\/100\n|turn|8\n|\n|t:|1683129336\n|move|p1b: Tatsugiri|Protect|p1b: Tatsugiri\n|-singleturn|p1b: Tatsugiri|Protect\n|move|p2b: Murkrow|Foul Play|p1a: Pawmot\n|-resisted|p1a: Pawmot\n|-damage|p1a: Pawmot|63\/100\n|move|p2a: Gholdengo|Make It Rain|p1b: Tatsugiri|[spread] p1a\n|-activate|p1b: Tatsugiri|move: Protect\n|-resisted|p1a: Pawmot\n|-damage|p1a: Pawmot|0 fnt\n|-unboost|p2a: Gholdengo|spa|1\n|faint|p1a: Pawmot\n|\n|upkeep\n|turn|9\n|\n|t:|1683129347\n|move|p2b: Murkrow|Foul Play|p1b: Tatsugiri\n|-damage|p1b: Tatsugiri|47\/100\n|move|p2a: Gholdengo|Shadow Ball|p1b: Tatsugiri\n|-damage|p1b: Tatsugiri|0 fnt\n|faint|p1b: Tatsugiri\n|\n|win|haha you rage quit\n|raw|priviteran's rating: 1362 → 1341<\/strong> (-21 for losing)\n|raw|haha you rage quit's rating: 1340 → 1361<\/strong> (+21 for winning)\n|l|\u2606priviteran\n|l|\u2606haha you rage quit\n|j|\u2606haha you rage quit\n|player|p2|haha you rage quit|pokemaniac\n","uploadtime":1683129379,"views":14,"p1id":"priviteran","p2id":"hahayouragequit","formatid":"gen9vgc2023regulationc","rating":1341,"private":0,"password":""}