{"id":"gen9vgc2023regulationc-1859823260","p1":"Just Crit And Win","p2":"WhatWasIC00KING","format":"[Gen 9] VGC 2023 Regulation C","log":"|j|\u2606Just Crit And Win\n|j|\u2606WhatWasIC00KING\n|t:|1683567508\n|gametype|doubles\n|player|p1|Just Crit And Win|1|\n|player|p2|WhatWasIC00KING|gambler|\n|teamsize|p1|6\n|teamsize|p2|6\n|gen|9\n|tier|[Gen 9] VGC 2023 Regulation C\n|rule|Species Clause: Limit one of each Pok\u00e9mon\n|rule|Item Clause: Limit one of each item\n|clearpoke\n|poke|p1|Flutter Mane, L50|\n|poke|p1|Arcanine, L50, M|\n|poke|p1|Palafin, L50, F|\n|poke|p1|Chien-Pao, L50|\n|poke|p1|Great Tusk, L50|\n|poke|p1|Amoonguss, L50, F|\n|poke|p2|Iron Hands, L50|\n|poke|p2|Oranguru, L50, M|\n|poke|p2|Hatterene, L50, F|\n|poke|p2|Kingambit, L50, F|\n|poke|p2|Torkoal, L50, F|\n|poke|p2|Indeedee-F, L50, F|\n|teampreview|4\n|inactive|Battle timer is ON: inactive players will automatically lose when time's up. (requested by Just Crit And Win)\nJust Crit And Win has agreed to open team sheets.\nWhatWasIC00KING has agreed to open team sheets.\n|inactive|Just Crit And Win has 60 seconds left.\n|\n|t:|1683567554\n|start\n|switch|p1a: Palafin|Palafin, L50, F|100\/100\n|switch|p1b: Flutter Mane|Flutter Mane, L50|100\/100\n|switch|p2a: Indeedee|Indeedee-F, L50, F|100\/100\n|switch|p2b: Hatterene|Hatterene, L50, F|100\/100\n|-fieldstart|move: Psychic Terrain|[from] ability: Psychic Surge|[of] p2a: Indeedee\n|-enditem|p2a: Indeedee|Psychic Seed\n|-boost|p2a: Indeedee|spd|1|[from] item: Psychic Seed\n|-enditem|p1b: Flutter Mane|Booster Energy\n|-activate|p1b: Flutter Mane|ability: Protosynthesis|[fromitem]\n|-start|p1b: Flutter Mane|protosynthesisspa\n|turn|1\n|\n|t:|1683567571\n|detailschange|p1a: Palafin|Palafin-Hero, L50, F\n|switch|p1a: Amoonguss|Amoonguss, L50, F|100\/100\n|move|p2a: Indeedee|Follow Me|p2a: Indeedee\n|-singleturn|p2a: Indeedee|move: Follow Me\n|move|p1b: Flutter Mane|Substitute|p1b: Flutter Mane\n|-start|p1b: Flutter Mane|Substitute\n|-damage|p1b: Flutter Mane|76\/100\n|move|p2b: Hatterene|Trick Room|p2b: Hatterene\n|-fieldstart|move: Trick Room|[of] p2b: Hatterene\n|\n|upkeep\n|turn|2\n|\n|t:|1683567593\n|-terastallize|p2b: Hatterene|Fire\n|-terastallize|p1a: Amoonguss|Water\n|move|p1a: Amoonguss|Rage Powder|p1a: Amoonguss\n|-singleturn|p1a: Amoonguss|move: Rage Powder\n|move|p2b: Hatterene|Psychic|p1a: Amoonguss\n|-damage|p1a: Amoonguss|33\/100\n|-enditem|p1a: Amoonguss|Sitrus Berry|[eat]\n|-heal|p1a: Amoonguss|58\/100|[from] item: Sitrus Berry\n|-damage|p2b: Hatterene|91\/100|[from] item: Life Orb\n|move|p2a: Indeedee|Shadow Ball|p1a: Amoonguss\n|-damage|p1a: Amoonguss|40\/100\n|move|p1b: Flutter Mane|Moonblast|p2a: Indeedee\n|-damage|p2a: Indeedee|56\/100\n|\n|upkeep\n|turn|3\n|\n|t:|1683567616\n|switch|p1a: Palafin|Palafin-Hero, L50, F|100\/100\n|-activate|p1a: Palafin|ability: Zero to Hero\n|move|p2b: Hatterene|Dazzling Gleam|p1b: Flutter Mane|[spread] p1a,p1b\n|-end|p1b: Flutter Mane|Substitute\n|-damage|p1a: Palafin|58\/100\n|-damage|p2b: Hatterene|81\/100|[from] item: Life Orb\n|move|p2a: Indeedee|Shadow Ball|p1b: Flutter Mane\n|-supereffective|p1b: Flutter Mane\n|-damage|p1b: Flutter Mane|38\/100\n|move|p1b: Flutter Mane|Moonblast|p2a: Indeedee\n|-damage|p2a: Indeedee|19\/100\n|\n|upkeep\n|turn|4\n|\n|t:|1683567635\n|move|p2a: Indeedee|Helping Hand|p2b: Hatterene\n|-singleturn|p2b: Hatterene|Helping Hand|[of] p2a: Indeedee\n|move|p1a: Palafin|Protect|p1a: Palafin\n|-singleturn|p1a: Palafin|Protect\n|move|p1b: Flutter Mane|Protect|p1b: Flutter Mane\n|-singleturn|p1b: Flutter Mane|Protect\n|move|p2b: Hatterene|Dazzling Gleam|p1b: Flutter Mane|[spread] \n|-activate|p1a: Palafin|move: Protect\n|-activate|p1b: Flutter Mane|move: Protect\n|\n|upkeep\n|turn|5\n|\n|t:|1683567648\n|switch|p2a: Kingambit|Kingambit, L50, F|100\/100\n|switch|p1a: Amoonguss|Amoonguss, L50, F, tera:Water|73\/100\n|move|p2b: Hatterene|Dazzling Gleam|p1a: Amoonguss|[spread] p1a,p1b\n|-damage|p1a: Amoonguss|33\/100\n|-damage|p1b: Flutter Mane|0 fnt\n|faint|p1b: Flutter Mane\n|-end|p1b: Flutter Mane|Protosynthesis|[silent]\n|-damage|p2b: Hatterene|71\/100|[from] item: Life Orb\n|\n|-fieldend|move: Trick Room\n|-fieldend|move: Psychic Terrain\n|upkeep\n|\n|t:|1683567658\n|switch|p1b: Palafin|Palafin-Hero, L50, F|58\/100\n|turn|6\n|\n|t:|1683567673\n|switch|p2a: Indeedee|Indeedee-F, L50, F|19\/100\n|-fieldstart|move: Psychic Terrain|[from] ability: Psychic Surge|[of] p2a: Indeedee\n|move|p2b: Hatterene|Protect|p2b: Hatterene\n|-singleturn|p2b: Hatterene|Protect\n|move|p1b: Palafin|Wave Crash|p2b: Hatterene\n|-activate|p2b: Hatterene|move: Protect\n|move|p1a: Amoonguss|Pollen Puff|p1b: Palafin\n|-heal|p1b: Palafin|100\/100\n|\n|upkeep\n|turn|7\n|\n|t:|1683567689\n|switch|p1a: Great Tusk|Great Tusk, L50|100\/100\n|move|p2a: Indeedee|Follow Me|p2a: Indeedee\n|-singleturn|p2a: Indeedee|move: Follow Me\n|move|p1b: Palafin|Wave Crash|p2a: Indeedee\n|-damage|p2a: Indeedee|0 fnt\n|faint|p2a: Indeedee\n|-damage|p1b: Palafin|95\/100|[from] Recoil\n|move|p2b: Hatterene|Trick Room|p2b: Hatterene\n|-fieldstart|move: Trick Room|[of] p2b: Hatterene\n|\n|upkeep\n|\n|t:|1683567698\n|switch|p2a: Torkoal|Torkoal, L50, F|100\/100\n|-weather|SunnyDay|[from] ability: Drought|[of] p2a: Torkoal\n|-activate|p1a: Great Tusk|ability: Protosynthesis\n|-start|p1a: Great Tusk|protosynthesisatk\n|turn|8\n|\n|t:|1683567707\n|move|p1b: Palafin|Protect|p1b: Palafin\n|-singleturn|p1b: Palafin|Protect\n|move|p2a: Torkoal|Eruption|p1b: Palafin|[spread] p1a\n|-activate|p1b: Palafin|move: Protect\n|-damage|p1a: Great Tusk|0 fnt\n|faint|p1a: Great Tusk\n|-end|p1a: Great Tusk|Protosynthesis|[silent]\n|move|p2b: Hatterene|Dazzling Gleam|p1b: Palafin\n|-activate|p1b: Palafin|move: Protect\n|\n|-weather|SunnyDay|[upkeep]\n|upkeep\n|\n|t:|1683567709\n|switch|p1a: Amoonguss|Amoonguss, L50, F, tera:Water|66\/100\n|turn|9\n|\n|t:|1683567715\n|move|p1b: Palafin|Protect||[still]\n|-fail|p1b: Palafin\n|move|p2a: Torkoal|Eruption|p1b: Palafin|[spread] p1a,p1b\n|-resisted|p1a: Amoonguss\n|-resisted|p1b: Palafin\n|-damage|p1a: Amoonguss|32\/100\n|-damage|p1b: Palafin|53\/100\n|move|p2b: Hatterene|Dazzling Gleam|p1b: Palafin|[spread] p1a,p1b\n|-damage|p1a: Amoonguss|0 fnt\n|-damage|p1b: Palafin|6\/100\n|faint|p1a: Amoonguss\n|-damage|p2b: Hatterene|61\/100|[from] item: Life Orb\n|\n|-weather|SunnyDay|[upkeep]\n|upkeep\n|turn|10\n|\n|t:|1683567729\n|move|p2a: Torkoal|Eruption|p1b: Palafin\n|-resisted|p1b: Palafin\n|-damage|p1b: Palafin|0 fnt\n|faint|p1b: Palafin\n|\n|win|WhatWasIC00KING\n|l|\u2606Just Crit And Win\n","uploadtime":1683567734,"views":13,"p1id":"justcritandwin","p2id":"whatwasic00king","formatid":"gen9vgc2023regulationc","rating":0,"private":0,"password":""}