{"id":"gen9vgc2023regulationc-1862676296","p1":"JacysynR","p2":"jchemmy","format":"[Gen 9] VGC 2023 Regulation C","log":"|j|\u2606JacysynR\n|j|\u2606jchemmy\n|t:|1683911239\n|gametype|doubles\n|player|p1|JacysynR|265|1325\n|player|p2|jchemmy|brock|1423\n|teamsize|p1|6\n|teamsize|p2|6\n|gen|9\n|tier|[Gen 9] VGC 2023 Regulation C\n|rated|\n|rule|Species Clause: Limit one of each Pok\u00e9mon\n|rule|Item Clause: Limit one of each item\n|clearpoke\n|poke|p1|Grimmsnarl, L50, M|\n|poke|p1|Arcanine, L50, M|\n|poke|p1|Iron Hands, L50|\n|poke|p1|Gastrodon-East, L50, M|\n|poke|p1|Sylveon, L50, F|\n|poke|p1|Corviknight, L50, M|\n|poke|p2|Flutter Mane, L50|\n|poke|p2|Ting-Lu, L50|\n|poke|p2|Baxcalibur, L50, M|\n|poke|p2|Palafin, L50, F|\n|poke|p2|Arcanine, L50, M|\n|poke|p2|Amoonguss, L50, F|\n|teampreview|4\n|inactive|Battle timer is ON: inactive players will automatically lose when time's up. (requested by jchemmy)\njchemmy has agreed to open team sheets.\n|inactive|jchemmy has 60 seconds left.\n|\n|t:|1683911283\n|start\n|switch|p1a: soul|Arcanine, L50, M, shiny|100\/100\n|switch|p1b: grime|Grimmsnarl, L50, M, shiny|100\/100\n|switch|p2a: Flutter Mane|Flutter Mane, L50|100\/100\n|switch|p2b: Arcanine|Arcanine, L50, M|100\/100\n|-ability|p1a: soul|Intimidate|boost\n|-unboost|p2a: Flutter Mane|atk|1\n|-unboost|p2b: Arcanine|atk|1\n|-ability|p2b: Arcanine|Intimidate|boost\n|-unboost|p1a: soul|atk|1\n|-unboost|p1b: grime|atk|1\n|turn|1\n|\n|t:|1683911296\n|-end|p2a: Flutter Mane|Protosynthesis|[silent]\n|switch|p2a: Baxcalibur|Baxcalibur, L50, M|100\/100\n|move|p1b: grime|Light Screen|p1b: grime\n|-sidestart|p1: JacysynR|move: Light Screen\n|move|p1a: soul|Snarl|p2a: Baxcalibur|[spread] p2a,p2b\n|-crit|p2a: Baxcalibur\n|-damage|p2a: Baxcalibur|90\/100\n|-damage|p2b: Arcanine|94\/100\n|-unboost|p2b: Arcanine|spa|1\n|move|p2b: Arcanine|Howl|p2b: Arcanine|[spread] p2a,p2b\n|-boost|p2a: Baxcalibur|atk|1\n|-boost|p2b: Arcanine|atk|1\n|\n|upkeep\n|turn|2\n|inactive|JacysynR has 30 seconds left.\n|\n|t:|1683911329\n|switch|p1a: trap|Iron Hands, L50, shiny|100\/100\n|move|p1b: grime|Reflect|p1b: grime\n|-sidestart|p1: JacysynR|Reflect\n|move|p2b: Arcanine|Howl|p2b: Arcanine|[spread] p2a,p2b\n|-boost|p2a: Baxcalibur|atk|1\n|-boost|p2b: Arcanine|atk|1\n|move|p2a: Baxcalibur|Icicle Crash|p1a: trap\n|-damage|p1a: trap|54\/100\n|\n|upkeep\n|turn|3\n|inactive|jchemmy has 30 seconds left.\n|\n|t:|1683911356\n|switch|p1b: soul|Arcanine, L50, M, shiny|100\/100\n|-ability|p1b: soul|Intimidate|boost\n|-fail|p2a: Baxcalibur|unboost|[from] item: Clear Amulet|[of] p2a: Baxcalibur\n|-unboost|p2b: Arcanine|atk|1\n|move|p2b: Arcanine|Will-O-Wisp|p1a: trap\n|-status|p1a: trap|brn\n|move|p2a: Baxcalibur|Icicle Crash|p1b: soul\n|-resisted|p1b: soul\n|-damage|p1b: soul|61\/100\n|move|p1a: trap|Swords Dance|p1a: trap\n|-boost|p1a: trap|atk|2\n|\n|-damage|p1a: trap|48\/100 brn|[from] brn\n|upkeep\n|-enditem|p1a: trap|Sitrus Berry|[eat]\n|-heal|p1a: trap|73\/100 brn|[from] item: Sitrus Berry\n|turn|4\n|inactive|JacysynR has 30 seconds left.\n|inactive|jchemmy has 30 seconds left.\n|\n|t:|1683911389\n|switch|p1b: grime|Grimmsnarl, L50, M, shiny|100\/100\n|move|p2b: Arcanine|Howl|p2b: Arcanine|[spread] p2a,p2b\n|-boost|p2a: Baxcalibur|atk|1\n|-boost|p2b: Arcanine|atk|1\n|move|p2a: Baxcalibur|Glaive Rush|p1a: trap\n|-damage|p1a: trap|0 fnt\n|-singlemove|p2a: Baxcalibur|Glaive Rush|[silent]\n|faint|p1a: trap\n|-end|p1a: trap|Quark Drive|[silent]\n|\n|upkeep\n|\n|t:|1683911397\n|switch|p1a: soul|Arcanine, L50, M, shiny|61\/100\n|-ability|p1a: soul|Intimidate|boost\n|-fail|p2a: Baxcalibur|unboost|[from] item: Clear Amulet|[of] p2a: Baxcalibur\n|-unboost|p2b: Arcanine|atk|1\n|turn|5\n|-message|JacysynR forfeited.\n|\n|win|jchemmy\n|raw|JacysynR's rating: 1325 → 1310<\/strong> (-15 for losing)\n|raw|jchemmy's rating: 1423 → 1438<\/strong> (+15 for winning)\n|l|\u2606JacysynR\n","uploadtime":1683911410,"views":16,"p1id":"jacysynr","p2id":"jchemmy","formatid":"gen9vgc2023regulationc","rating":1310,"private":0,"password":""}