{"id":"gen9vgc2023regulationc-1862913535","p1":"L0LZ4N0m4","p2":"Pokeshane156","format":"[Gen 9] VGC 2023 Regulation C","log":"|j|\u2606L0LZ4N0m4\n|j|\u2606Pokeshane156\n|t:|1683937604\n|gametype|doubles\n|player|p1|L0LZ4N0m4|aromalady|1336\n|player|p2|Pokeshane156|thorton|1251\n|teamsize|p1|6\n|teamsize|p2|6\n|gen|9\n|tier|[Gen 9] VGC 2023 Regulation C\n|rated|\n|rule|Species Clause: Limit one of each Pok\u00e9mon\n|rule|Item Clause: Limit one of each item\n|clearpoke\n|poke|p1|Tyranitar, L50, F|\n|poke|p1|Palafin, L50, F|\n|poke|p1|Kingambit, L50, F|\n|poke|p1|Flutter Mane, L50|\n|poke|p1|Arcanine, L50, F|\n|poke|p1|Amoonguss, L50, F|\n|poke|p2|Azumarill, L50, F|\n|poke|p2|Amoonguss, L50, M|\n|poke|p2|Chi-Yu, L50|\n|poke|p2|Talonflame, L50, M|\n|poke|p2|Gholdengo, L50|\n|poke|p2|Garchomp, L50, F|\n|teampreview|4\n|inactive|Battle timer is ON: inactive players will automatically lose when time's up. (requested by L0LZ4N0m4)\n|inactive|L0LZ4N0m4 has 60 seconds left.\n|inactive|Pokeshane156 has 60 seconds left.\n|\n|t:|1683937663\n|start\n|switch|p1a: Palafin|Palafin, L50, F|100\/100\n|switch|p1b: Tyranitar|Tyranitar, L50, F|100\/100\n|switch|p2a: Azumarill|Azumarill, L50, F|100\/100\n|switch|p2b: Amoonguss|Amoonguss, L50, M|100\/100\n|-weather|Sandstorm|[from] ability: Sand Stream|[of] p1b: Tyranitar\n|turn|1\n|\n|t:|1683937685\n|-terastallize|p1b: Tyranitar|Grass\n|move|p1a: Palafin|Protect|p1a: Palafin\n|-singleturn|p1a: Palafin|Protect\n|move|p1b: Tyranitar|Tera Blast|p2a: Azumarill\n|-supereffective|p2a: Azumarill\n|-damage|p2a: Azumarill|24\/100\n|-enditem|p2a: Azumarill|Sitrus Berry|[eat]\n|-heal|p2a: Azumarill|49\/100|[from] item: Sitrus Berry\n|move|p2a: Azumarill|Belly Drum||[still]\n|-fail|p2a: Azumarill\n|move|p2b: Amoonguss|Spore|p1b: Tyranitar\n|-immune|p1b: Tyranitar\n|\n|-weather|Sandstorm|[upkeep]\n|-damage|p1a: Palafin|95\/100|[from] Sandstorm\n|-damage|p1b: Tyranitar|95\/100|[from] Sandstorm\n|-damage|p2a: Azumarill|43\/100|[from] Sandstorm\n|-damage|p2b: Amoonguss|95\/100|[from] Sandstorm\n|upkeep\n|turn|2\n|inactive|Pokeshane156 has 30 seconds left.\n|inactive|Pokeshane156 has 20 seconds left.\n|inactive|Pokeshane156 has 15 seconds left.\n|\n|t:|1683937730\n|detailschange|p1a: Palafin|Palafin-Hero, L50, F\n|switch|p1a: Arcanine|Arcanine, L50, F|100\/100\n|-ability|p1a: Arcanine|Intimidate|boost\n|-unboost|p2a: Azumarill|atk|1\n|-unboost|p2b: Amoonguss|atk|1\n|-terastallize|p2a: Azumarill|Grass\n|move|p1b: Tyranitar|Tera Blast|p2a: Azumarill\n|-resisted|p2a: Azumarill\n|-damage|p2a: Azumarill|24\/100\n|move|p2a: Azumarill|Play Rough|p1b: Tyranitar\n|-damage|p1b: Tyranitar|66\/100\n|move|p2b: Amoonguss|Pollen Puff|p2a: Azumarill\n|-heal|p2a: Azumarill|74\/100\n|\n|-weather|Sandstorm|[upkeep]\n|-damage|p1b: Tyranitar|60\/100|[from] Sandstorm\n|-damage|p2a: Azumarill|68\/100|[from] Sandstorm\n|-damage|p2b: Amoonguss|89\/100|[from] Sandstorm\n|upkeep\n|turn|3\n|inactive|Pokeshane156 has 30 seconds left.\n|inactive|Pokeshane156 has 20 seconds left.\n|inactive|Pokeshane156 has 15 seconds left.\n|\n|t:|1683937772\n|switch|p2a: Garchomp|Garchomp, L50, F|100\/100\n|move|p1a: Arcanine|Flare Blitz|p2a: Garchomp\n|-resisted|p2a: Garchomp\n|-damage|p2a: Garchomp|83\/100\n|-status|p2a: Garchomp|brn\n|-damage|p1a: Arcanine|88\/100|[from] ability: Rough Skin|[of] p2a: Garchomp\n|-damage|p1a: Arcanine|82\/100|[from] Recoil\n|move|p1b: Tyranitar|Rock Slide|p2b: Amoonguss|[spread] p2b\n|-miss|p1b: Tyranitar|p2a: Garchomp\n|-damage|p2b: Amoonguss|64\/100\n|cant|p2b: Amoonguss|flinch\n|\n|-weather|Sandstorm|[upkeep]\n|-damage|p1b: Tyranitar|54\/100|[from] Sandstorm\n|-damage|p2b: Amoonguss|58\/100|[from] Sandstorm\n|-damage|p2a: Garchomp|77\/100 brn|[from] brn\n|upkeep\n|turn|4\n|inactive|Pokeshane156 has 30 seconds left.\n|\n|t:|1683937798\n|move|p2b: Amoonguss|Protect|p2b: Amoonguss\n|-singleturn|p2b: Amoonguss|Protect\n|move|p1a: Arcanine|Howl|p1a: Arcanine|[spread] p1a,p1b\n|-boost|p1a: Arcanine|atk|1\n|-boost|p1b: Tyranitar|atk|1\n|move|p2a: Garchomp|Earthquake|p1a: Arcanine|[spread] p1a,p1b\n|-activate|p2b: Amoonguss|move: Protect\n|-supereffective|p1a: Arcanine\n|-resisted|p1b: Tyranitar\n|-damage|p1a: Arcanine|44\/100\n|-damage|p1b: Tyranitar|46\/100\n|move|p1b: Tyranitar|Tera Blast|p2a: Garchomp\n|-damage|p2a: Garchomp|29\/100 brn\n|\n|-weather|Sandstorm|[upkeep]\n|-damage|p1b: Tyranitar|41\/100|[from] Sandstorm\n|-damage|p2b: Amoonguss|53\/100|[from] Sandstorm\n|-damage|p2a: Garchomp|23\/100 brn|[from] brn\n|upkeep\n|turn|5\n|inactive|Pokeshane156 has 30 seconds left.\n|\n|t:|1683937829\n|switch|p2a: Chi-Yu|Chi-Yu, L50|100\/100\n|-ability|p2a: Chi-Yu|Beads of Ruin\n|move|p1a: Arcanine|Extreme Speed|p2a: Chi-Yu\n|-damage|p2a: Chi-Yu|54\/100\n|move|p1b: Tyranitar|Rock Slide|p2a: Chi-Yu|[spread] p2a,p2b\n|-supereffective|p2a: Chi-Yu\n|-crit|p2b: Amoonguss\n|-damage|p2a: Chi-Yu|0 fnt\n|-damage|p2b: Amoonguss|0 fnt\n|faint|p2a: Chi-Yu\n|faint|p2b: Amoonguss\n|\n|-weather|none\n|upkeep\n|-message|Pokeshane156 forfeited.\n|\n|win|L0LZ4N0m4\n|raw|L0LZ4N0m4's rating: 1336 → 1351<\/strong> (+15 for winning)\n|raw|Pokeshane156's rating: 1251 → 1232<\/strong> (-19 for losing)\n|l|\u2606Pokeshane156\n","uploadtime":1683937852,"views":11,"p1id":"l0lz4n0m4","p2id":"pokeshane156","formatid":"gen9vgc2023regulationc","rating":1232,"private":0,"password":""}