{"id":"gen9vgc2023regulationc-1861752379","p1":"Heatwavegang","p2":"Nijiatw","format":"[Gen 9] VGC 2023 Regulation C","log":"|j|\u2606Heatwavegang\n|j|\u2606Nijiatw\n|t:|1683804487\n|gametype|doubles\n|player|p1|Heatwavegang|lucas|1150\n|player|p2|Nijiatw|170|1156\n|teamsize|p1|6\n|teamsize|p2|6\n|gen|9\n|tier|[Gen 9] VGC 2023 Regulation C\n|rated|\n|rule|Species Clause: Limit one of each Pok\u00e9mon\n|rule|Item Clause: Limit one of each item\n|clearpoke\n|poke|p1|Ceruledge, L50, F|\n|poke|p1|Garganacl, L50, F|\n|poke|p1|Amoonguss, L50, F|\n|poke|p1|Rotom-Wash, L50|\n|poke|p1|Corviknight, L50, F|\n|poke|p1|Flutter Mane, L50|\n|poke|p2|Palafin, L50, M|\n|poke|p2|Chien-Pao, L50|\n|poke|p2|Dragapult, L50, M|\n|poke|p2|Amoonguss, L50, F|\n|poke|p2|Arcanine, L50, M|\n|poke|p2|Flutter Mane, L50|\n|teampreview|4\n|inactive|Battle timer is ON: inactive players will automatically lose when time's up. (requested by Nijiatw)\n|\n|t:|1683804529\n|start\n|switch|p1a: Corviknight|Corviknight, L50, F|100\/100\n|switch|p1b: Flutter Mane|Flutter Mane, L50|100\/100\n|switch|p2a: ChiYu|Arcanine, L50, M|100\/100\n|switch|p2b: Dozo|Palafin, L50, M|100\/100\n|-ability|p2a: ChiYu|Intimidate|boost\n|-ability|p1a: Corviknight|Mirror Armor\n|-unboost|p2a: ChiYu|atk|1\n|-unboost|p1b: Flutter Mane|atk|1\n|turn|1\n|\n|t:|1683804554\n|-end|p1b: Flutter Mane|Protosynthesis|[silent]\n|switch|p1b: Garganacl|Garganacl, L50, F|100\/100\n|detailschange|p2b: Dozo|Palafin-Hero, L50, M\n|switch|p2b: WoChien|Amoonguss, L50, F|100\/100\n|move|p2a: ChiYu|Flare Blitz|p1a: Corviknight\n|-supereffective|p1a: Corviknight\n|-damage|p1a: Corviknight|61\/100\n|-damage|p2a: ChiYu|84\/100|[from] item: Rocky Helmet|[of] p1a: Corviknight\n|-damage|p2a: ChiYu|71\/100|[from] Recoil\n|move|p1a: Corviknight|Body Press|p2b: WoChien\n|-resisted|p2b: WoChien\n|-damage|p2b: WoChien|89\/100\n|\n|upkeep\n|turn|2\n|inactive|Nijiatw has 30 seconds left.\n|\n|t:|1683804586\n|switch|p2a: Dozo|Palafin-Hero, L50, M|100\/100\n|-activate|p2a: Dozo|ability: Zero to Hero\n|move|p2b: WoChien|Protect|p2b: WoChien\n|-singleturn|p2b: WoChien|Protect\n|move|p1a: Corviknight|Roost|p1a: Corviknight\n|-heal|p1a: Corviknight|100\/100\n|-singleturn|p1a: Corviknight|move: Roost\n|move|p1b: Garganacl|Salt Cure|p2a: Dozo\n|-damage|p2a: Dozo|87\/100\n|-start|p2a: Dozo|Salt Cure\n|\n|-damage|p2a: Dozo|62\/100|[from] Salt Cure\n|upkeep\n|turn|3\n|\n|t:|1683804610\n|-terastallize|p2a: Dozo|Water\n|move|p1b: Garganacl|Protect|p1b: Garganacl\n|-singleturn|p1b: Garganacl|Protect\n|move|p2a: Dozo|Wave Crash|p1b: Garganacl\n|-activate|p1b: Garganacl|move: Protect\n|move|p1a: Corviknight|Brave Bird|p2b: WoChien\n|-supereffective|p2b: WoChien\n|-damage|p2b: WoChien|21\/100\n|-enditem|p2b: WoChien|Sitrus Berry|[eat]\n|-heal|p2b: WoChien|46\/100|[from] item: Sitrus Berry\n|-damage|p1a: Corviknight|76\/100|[from] Recoil\n|move|p2b: WoChien|Pollen Puff|p2a: Dozo\n|-heal|p2a: Dozo|100\/100\n|\n|-damage|p2a: Dozo|75\/100|[from] Salt Cure\n|upkeep\n|turn|4\n|inactive|Heatwavegang has 30 seconds left.\n|\n|t:|1683804639\n|move|p2b: WoChien|Protect|p2b: WoChien\n|-singleturn|p2b: WoChien|Protect\n|move|p2a: Dozo|Wave Crash|p1b: Garganacl\n|-supereffective|p1b: Garganacl\n|-damage|p1b: Garganacl|0 fnt\n|faint|p1b: Garganacl\n|-damage|p2a: Dozo|42\/100|[from] Recoil\n|move|p1a: Corviknight|Brave Bird|p2b: WoChien\n|-activate|p2b: WoChien|move: Protect\n|\n|-damage|p2a: Dozo|17\/100|[from] Salt Cure\n|upkeep\n|\n|t:|1683804644\n|switch|p1b: Ceruledge|Ceruledge, L50, F|100\/100\n|turn|5\n|\n|t:|1683804659\n|-terastallize|p1b: Ceruledge|Grass\n|move|p2a: Dozo|Protect|p2a: Dozo\n|-singleturn|p2a: Dozo|Protect\n|move|p1b: Ceruledge|Shadow Sneak|p2a: Dozo\n|-activate|p2a: Dozo|move: Protect\n|move|p1a: Corviknight|Brave Bird|p2b: WoChien\n|-supereffective|p2b: WoChien\n|-damage|p2b: WoChien|0 fnt\n|faint|p2b: WoChien\n|-damage|p1a: Corviknight|60\/100|[from] Recoil\n|\n|-damage|p2a: Dozo|0 fnt|[from] Salt Cure\n|faint|p2a: Dozo\n|upkeep\n|\n|t:|1683804662\n|switch|p2a: ChiYu|Arcanine, L50, M|71\/100\n|switch|p2b: Mimi|Flutter Mane, L50|100\/100\n|-ability|p2a: ChiYu|Intimidate|boost\n|-ability|p1a: Corviknight|Mirror Armor\n|-unboost|p2a: ChiYu|atk|1\n|-unboost|p1b: Ceruledge|atk|1\n|-enditem|p2b: Mimi|Booster Energy\n|-activate|p2b: Mimi|ability: Protosynthesis|[fromitem]\n|-start|p2b: Mimi|protosynthesisspa\n|turn|6\n|\n|t:|1683804682\n|move|p1b: Ceruledge|Shadow Sneak|p2b: Mimi\n|-supereffective|p2b: Mimi\n|-damage|p2b: Mimi|59\/100\n|move|p2b: Mimi|Thunderbolt|p1a: Corviknight\n|-supereffective|p1a: Corviknight\n|-damage|p1a: Corviknight|0 fnt\n|faint|p1a: Corviknight\n|move|p2a: ChiYu|Flare Blitz|p1b: Ceruledge\n|-supereffective|p1b: Ceruledge\n|-damage|p1b: Ceruledge|7\/100\n|-ability|p1b: Ceruledge|Weak Armor|boost\n|-unboost|p1b: Ceruledge|def|1\n|-boost|p1b: Ceruledge|spe|2\n|-damage|p2a: ChiYu|47\/100|[from] Recoil\n|\n|upkeep\n|\n|t:|1683804684\n|switch|p1a: Flutter Mane|Flutter Mane, L50|100\/100\n|turn|7\n|\n|t:|1683804698\n|move|p1b: Ceruledge|Shadow Sneak|p2b: Mimi\n|-supereffective|p2b: Mimi\n|-damage|p2b: Mimi|15\/100\n|move|p1a: Flutter Mane|Dazzling Gleam|p2a: ChiYu|[spread] p2a,p2b\n|-resisted|p2a: ChiYu\n|-damage|p2a: ChiYu|22\/100\n|-damage|p2b: Mimi|0 fnt\n|faint|p2b: Mimi\n|-end|p2b: Mimi|Protosynthesis|[silent]\n|move|p2a: ChiYu|Flare Blitz|p1a: Flutter Mane\n|-damage|p1a: Flutter Mane|35\/100\n|-status|p1a: Flutter Mane|brn\n|-damage|p2a: ChiYu|8\/100|[from] Recoil\n|\n|-damage|p1a: Flutter Mane|29\/100 brn|[from] brn\n|upkeep\n|turn|8\n|\n|t:|1683804703\n|move|p2a: ChiYu|Extreme Speed|p1b: Ceruledge\n|-damage|p1b: Ceruledge|0 fnt\n|faint|p1b: Ceruledge\n|move|p1a: Flutter Mane|Dazzling Gleam|p2a: ChiYu\n|-resisted|p2a: ChiYu\n|-damage|p2a: ChiYu|0 fnt\n|faint|p2a: ChiYu\n|\n|win|Heatwavegang\n|raw|Heatwavegang's rating: 1150 → 1175<\/strong> (+25 for winning)\n|raw|Nijiatw's rating: 1156 → 1131<\/strong> (-25 for losing)\n|c|\u2606Heatwavegang|gg\n|l|\u2606Heatwavegang\n","uploadtime":1683804710,"views":17,"p1id":"heatwavegang","p2id":"nijiatw","formatid":"gen9vgc2023regulationc","rating":1131,"private":0,"password":""}