{"id":"gen9vgc2023regulationc-1851421407","p1":"jordan_3t","p2":"Rickinch","format":"[Gen 9] VGC 2023 Regulation C","log":"|j|\u2606jordan_3t\n|j|\u2606Rickinch\n|t:|1682443771\n|gametype|doubles\n|player|p1|jordan_3t|benga|1069\n|player|p2|Rickinch|101|1074\n|teamsize|p1|6\n|teamsize|p2|6\n|gen|9\n|tier|[Gen 9] VGC 2023 Regulation C\n|rated|\n|rule|Species Clause: Limit one of each Pok\u00e9mon\n|rule|Item Clause: Limit one of each item\n|clearpoke\n|poke|p1|Ting-Lu, L50|\n|poke|p1|Roaring Moon, L50|\n|poke|p1|Flutter Mane, L50|\n|poke|p1|Amoonguss, L50, F|\n|poke|p1|Arcanine, L50, F|\n|poke|p1|Iron Hands, L50|\n|poke|p2|Iron Bundle, L50|\n|poke|p2|Kilowattrel, L50, F|\n|poke|p2|Talonflame, L50, M|\n|poke|p2|Ting-Lu, L50|\n|poke|p2|Breloom, L50, M|\n|poke|p2|Wo-Chien, L50|\n|teampreview|4\n|inactive|Battle timer is ON: inactive players will automatically lose when time's up. (requested by jordan_3t)\njordan_3t has agreed to open team sheets.\n|inactive|Rickinch has 60 seconds left.\n|\n|t:|1682443814\n|start\n|switch|p1a: Arcanine|Arcanine, L50, F|100\/100\n|switch|p1b: Roaring Moon|Roaring Moon, L50|100\/100\n|switch|p2a: Ting-Lu|Ting-Lu, L50|100\/100\n|switch|p2b: Iron Bundle|Iron Bundle, L50|100\/100\n|-ability|p1a: Arcanine|Intimidate|boost\n|-unboost|p2a: Ting-Lu|atk|1\n|-unboost|p2b: Iron Bundle|atk|1\n|-ability|p2a: Ting-Lu|Vessel of Ruin\n|-enditem|p2b: Iron Bundle|Booster Energy\n|-activate|p2b: Iron Bundle|ability: Quark Drive|[fromitem]\n|-start|p2b: Iron Bundle|quarkdrivespe\n|-enditem|p1b: Roaring Moon|Booster Energy\n|-activate|p1b: Roaring Moon|ability: Protosynthesis|[fromitem]\n|-start|p1b: Roaring Moon|protosynthesisspe\n|turn|1\n|\n|t:|1682443838\n|-end|p1b: Roaring Moon|Protosynthesis|[silent]\n|switch|p1b: Amoonguss|Amoonguss, L50, F|100\/100\n|move|p2b: Iron Bundle|Protect|p2b: Iron Bundle\n|-singleturn|p2b: Iron Bundle|Protect\n|move|p1a: Arcanine|Protect|p1a: Arcanine\n|-singleturn|p1a: Arcanine|Protect\n|move|p2a: Ting-Lu|Fissure|p1a: Arcanine\n|-activate|p1a: Arcanine|move: Protect\n|\n|upkeep\n|turn|2\n|\n|t:|1682443855\n|move|p1b: Amoonguss|Rage Powder|p1b: Amoonguss\n|-singleturn|p1b: Amoonguss|move: Rage Powder\n|move|p2b: Iron Bundle|Freeze-Dry|p1b: Amoonguss\n|-supereffective|p1b: Amoonguss\n|-damage|p1b: Amoonguss|62\/100\n|move|p1a: Arcanine|Will-O-Wisp|p2a: Ting-Lu\n|-status|p2a: Ting-Lu|brn\n|move|p2a: Ting-Lu|Fissure|p1b: Amoonguss\n|-damage|p1b: Amoonguss|0 fnt\n|faint|p1b: Amoonguss\n|-ohko\n|\n|-damage|p2a: Ting-Lu|94\/100 brn|[from] brn\n|upkeep\n|\n|t:|1682443866\n|switch|p1b: Iron Hands|Iron Hands, L50|100\/100\n|turn|3\n|\n|t:|1682443870\n|move|p2b: Iron Bundle|Protect|p2b: Iron Bundle\n|-singleturn|p2b: Iron Bundle|Protect\n|move|p1a: Arcanine|Protect|p1a: Arcanine\n|-singleturn|p1a: Arcanine|Protect\n|move|p2a: Ting-Lu|Protect|p2a: Ting-Lu\n|-singleturn|p2a: Ting-Lu|Protect\n|move|p1b: Iron Hands|Fake Out|p2b: Iron Bundle\n|-activate|p2b: Iron Bundle|move: Protect\n|\n|-damage|p2a: Ting-Lu|88\/100 brn|[from] brn\n|upkeep\n|turn|4\n|inactive|Rickinch has 30 seconds left.\n|\n|t:|1682443898\n|switch|p1a: Roaring Moon|Roaring Moon, L50|100\/100\n|-terastallize|p2b: Iron Bundle|Ghost\n|move|p2b: Iron Bundle|Hydro Pump|p1a: Roaring Moon|[miss]\n|-miss|p2b: Iron Bundle|p1a: Roaring Moon\n|move|p1b: Iron Hands|Wild Charge|p2b: Iron Bundle\n|-damage|p2b: Iron Bundle|36\/100\n|-damage|p1b: Iron Hands|92\/100|[from] Recoil\n|move|p2a: Ting-Lu|Fissure|p1b: Iron Hands\n|-damage|p1b: Iron Hands|0 fnt\n|faint|p1b: Iron Hands\n|-end|p1b: Iron Hands|Quark Drive|[silent]\n|-ohko\n|\n|-damage|p2a: Ting-Lu|82\/100 brn|[from] brn\n|upkeep\n|\n|t:|1682443908\n|switch|p1b: Arcanine|Arcanine, L50, F|100\/100\n|-ability|p1b: Arcanine|Intimidate|boost\n|-unboost|p2a: Ting-Lu|atk|1\n|-unboost|p2b: Iron Bundle|atk|1\n|turn|5\n|inactive|jordan_3t has 30 seconds left.\n|\n|t:|1682443935\n|move|p2b: Iron Bundle|Protect|p2b: Iron Bundle\n|-singleturn|p2b: Iron Bundle|Protect\n|move|p1b: Arcanine|Protect|p1b: Arcanine\n|-singleturn|p1b: Arcanine|Protect\n|move|p1a: Roaring Moon|Throat Chop|p2b: Iron Bundle\n|-activate|p2b: Iron Bundle|move: Protect\n|move|p2a: Ting-Lu|Fissure|p1a: Roaring Moon\n|-damage|p1a: Roaring Moon|0 fnt\n|faint|p1a: Roaring Moon\n|-end|p1a: Roaring Moon|Protosynthesis|[silent]\n|-ohko\n|\n|-damage|p2a: Ting-Lu|76\/100 brn|[from] brn\n|upkeep\n|turn|6\n|c|\u2606jordan_3t|bro do u have some kind of item\n|inactive|jordan_3t has 30 seconds left.\n|c|\u2606Rickinch|just luck tbh\n|c|\u2606jordan_3t|on that ting lu\n|inactive|jordan_3t has 20 seconds left.\n|c|\u2606jordan_3t|jeez\n|\n|t:|1682443973\n|move|p1b: Arcanine|Protect|p1b: Arcanine\n|-singleturn|p1b: Arcanine|Protect\n|move|p2b: Iron Bundle|Hydro Pump|p1b: Arcanine\n|-activate|p1b: Arcanine|move: Protect\n|move|p2a: Ting-Lu|Fissure|p1b: Arcanine\n|-activate|p1b: Arcanine|move: Protect\n|\n|-damage|p2a: Ting-Lu|70\/100 brn|[from] brn\n|upkeep\n|turn|7\n|\n|t:|1682443987\n|move|p2b: Iron Bundle|Hydro Pump|p1b: Arcanine\n|-supereffective|p1b: Arcanine\n|-damage|p1b: Arcanine|0 fnt\n|faint|p1b: Arcanine\n|\n|win|Rickinch\n|raw|jordan_3t's rating: 1069 → 1049<\/strong> (-20 for losing)\n|raw|Rickinch's rating: 1074 → 1102<\/strong> (+28 for winning)\n|c|\u2606jordan_3t|that was impossible towin\n|c|\u2606Rickinch|xD\n|c|\u2606jordan_3t|u had an incredible luck\n|c|\u2606jordan_3t|but this is pokemon\n|c|\u2606jordan_3t|so\n|c|\u2606Rickinch|yeah lmao\n|c|\u2606jordan_3t|gg my friend\n|c|\u2606Rickinch|i could miss my hydro pumps too\n|c|\u2606Rickinch|xd\n|c|\u2606jordan_3t|yeah but\n","uploadtime":1682444055,"views":7,"p1id":"jordan3t","p2id":"rickinch","formatid":"gen9vgc2023regulationc","rating":1049,"private":0,"password":""}