{"id":"gen9vgc2023regulationc-1847891744","p1":"Chamix90","p2":"morpeko > pikachu","format":"[Gen 9] VGC 2023 Regulation C","log":"|j|\u2606Chamix90\n|j|\u2606morpeko > pikachu\n|t:|1682010436\n|gametype|doubles\n|player|p1|Chamix90|170|1214\n|player|p2|morpeko > pikachu|ingo|1181\n|teamsize|p1|6\n|teamsize|p2|6\n|gen|9\n|tier|[Gen 9] VGC 2023 Regulation C\n|rated|\n|rule|Species Clause: Limit one of each Pok\u00e9mon\n|rule|Item Clause: Limit one of each item\n|clearpoke\n|poke|p1|Murkrow, L50, F|\n|poke|p1|Chi-Yu, L50|\n|poke|p1|Flutter Mane, L50|\n|poke|p1|Great Tusk, L50|\n|poke|p1|Brute Bonnet, L50|\n|poke|p1|Corviknight, L50, M|\n|poke|p2|Bellibolt, L50, M|\n|poke|p2|Garganacl, L50, M|\n|poke|p2|Flutter Mane, L50|\n|poke|p2|Iron Bundle, L50|\n|poke|p2|Dragonite, L50, F|\n|poke|p2|Amoonguss, L50, M|\n|teampreview|4\n|inactive|Battle timer is ON: inactive players will automatically lose when time's up. (requested by morpeko > pikachu)\n|\n|t:|1682010462\n|start\n|switch|p1a: Murkrow|Murkrow, L50, F, shiny|100\/100\n|switch|p1b: Chi-Yu|Chi-Yu, L50|100\/100\n|switch|p2a: Dragonite|Dragonite, L50, F|100\/100\n|switch|p2b: Clown|Flutter Mane, L50, shiny|100\/100\n|-ability|p1b: Chi-Yu|Beads of Ruin\n|turn|1\n|inactive|Chamix90 has 30 seconds left.\n|\n|t:|1682010488\n|-terastallize|p1b: Chi-Yu|Ghost\n|move|p2a: Dragonite|Extreme Speed|p1a: Murkrow\n|-damage|p1a: Murkrow|60\/100\n|move|p1a: Murkrow|Tailwind|p1a: Murkrow\n|-sidestart|p1: Chamix90|move: Tailwind\n|move|p1b: Chi-Yu|Heat Wave|p2a: Dragonite|[spread] p2a,p2b\n|-resisted|p2a: Dragonite\n|-damage|p2a: Dragonite|83\/100\n|-damage|p2b: Clown|24\/100\n|-damage|p1b: Chi-Yu|90\/100|[from] item: Life Orb\n|move|p2b: Clown|Dazzling Gleam|p1a: Murkrow|[spread] p1a,p1b\n|-supereffective|p1a: Murkrow\n|-damage|p1a: Murkrow|0 fnt\n|-damage|p1b: Chi-Yu|54\/100\n|faint|p1a: Murkrow\n|\n|upkeep\n|\n|t:|1682010509\n|switch|p1a: Brute Bonnet|Brute Bonnet, L50|100\/100\n|turn|2\n|\n|t:|1682010520\n|-terastallize|p2a: Dragonite|Normal\n|move|p2a: Dragonite|Extreme Speed|p1a: Brute Bonnet\n|-damage|p1a: Brute Bonnet|37\/100\n|move|p1b: Chi-Yu|Dark Pulse|p2b: Clown\n|-damage|p2b: Clown|0 fnt\n|faint|p2b: Clown\n|-end|p2b: Clown|Protosynthesis|[silent]\n|-damage|p1b: Chi-Yu|44\/100|[from] item: Life Orb\n|move|p1a: Brute Bonnet|Spore|p2a: Dragonite\n|-status|p2a: Dragonite|slp|[from] move: Spore\n|\n|upkeep\n|\n|t:|1682010532\n|switch|p2b: salty stall|Garganacl, L50, M|100\/100\n|turn|3\n|\n|t:|1682010547\n|cant|p2a: Dragonite|slp\n|move|p1b: Chi-Yu|Dark Pulse|p2a: Dragonite\n|-damage|p2a: Dragonite|10\/100 slp\n|-damage|p1b: Chi-Yu|34\/100|[from] item: Life Orb\n|move|p1a: Brute Bonnet|Bullet Seed|p2b: salty stall\n|-supereffective|p2b: salty stall\n|-damage|p2b: salty stall|79\/100\n|-supereffective|p2b: salty stall\n|-damage|p2b: salty stall|61\/100\n|-supereffective|p2b: salty stall\n|-damage|p2b: salty stall|40\/100\n|-supereffective|p2b: salty stall\n|-crit|p2b: salty stall\n|-damage|p2b: salty stall|7\/100\n|-supereffective|p2b: salty stall\n|-damage|p2b: salty stall|0 fnt\n|faint|p2b: salty stall\n|-hitcount|p2: salty stall|5\n|\n|upkeep\n|\n|t:|1682010560\n|switch|p2b: fatty|Bellibolt, L50, M|100\/100\n|turn|4\n|\n|t:|1682010572\n|cant|p2a: Dragonite|slp\n|move|p1b: Chi-Yu|Heat Wave|p2b: fatty|[spread] p2a,p2b\n|-damage|p2a: Dragonite|0 fnt\n|-damage|p2b: fatty|61\/100\n|-start|p2b: fatty|Charge|Heat Wave|[from] ability: Electromorphosis\n|faint|p2a: Dragonite\n|-damage|p1b: Chi-Yu|24\/100|[from] item: Life Orb\n|move|p1a: Brute Bonnet|Spore|p2b: fatty\n|-status|p2b: fatty|slp|[from] move: Spore\n|cant|p2b: fatty|slp\n|-end|p2b: fatty|Charge|[silent]\n|\n|-sideend|p1: Chamix90|move: Tailwind\n|upkeep\n|turn|5\n|-message|morpeko > pikachu forfeited.\n|\n|win|Chamix90\n|raw|Chamix90's rating: 1214 → 1237<\/strong> (+23 for winning)\n|raw|morpeko > pikachu's rating: 1181 → 1158<\/strong> (-23 for losing)\n|l|\u2606morpeko > pikachu\n","uploadtime":1682010597,"views":12,"p1id":"chamix90","p2id":"morpekopikachu","formatid":"gen9vgc2023regulationc","rating":1158,"private":0,"password":""}