{"id":"gen9vgc2023regulationc-1845473845","p1":"chung1","p2":"Rigs_batata","format":"[Gen 9] VGC 2023 Regulation C","log":"|j|\u2606chung1\n|j|\u2606Rigs_batata\n|t:|1681737240\n|gametype|doubles\n|player|p1|chung1|170|1237\n|player|p2|Rigs_batata|waiter-gen4dp|1209\n|teamsize|p1|6\n|teamsize|p2|6\n|gen|9\n|tier|[Gen 9] VGC 2023 Regulation C\n|rated|\n|rule|Species Clause: Limit one of each Pok\u00e9mon\n|rule|Item Clause: Limit one of each item\n|clearpoke\n|poke|p1|Ting-Lu, L50|\n|poke|p1|Iron Hands, L50|\n|poke|p1|Wo-Chien, L50|\n|poke|p1|Palafin, L50, F|\n|poke|p1|Arcanine, L50, M|\n|poke|p1|Gholdengo, L50|\n|poke|p2|Lilligant, L50, F|\n|poke|p2|Brute Bonnet, L50|\n|poke|p2|Farigiraf, L50, F|\n|poke|p2|Torkoal, L50, M|\n|poke|p2|Chi-Yu, L50|\n|poke|p2|Flutter Mane, L50|\n|teampreview|4\n|inactive|Battle timer is ON: inactive players will automatically lose when time's up. (requested by Rigs_batata)\n|inactive|chung1 has 60 seconds left.\n|\n|t:|1681737274\n|start\n|switch|p1a: Gholdengo|Gholdengo, L50|100\/100\n|switch|p1b: Arcanine|Arcanine, L50, M|100\/100\n|switch|p2a: Farigiraf|Farigiraf, L50, F, shiny|100\/100\n|switch|p2b: Torkoal|Torkoal, L50, M|100\/100\n|-ability|p1b: Arcanine|Intimidate|boost\n|-unboost|p2a: Farigiraf|atk|1\n|-unboost|p2b: Torkoal|atk|1\n|-weather|SunnyDay|[from] ability: Drought|[of] p2b: Torkoal\n|turn|1\n|\n|t:|1681737289\n|move|p2b: Torkoal|Protect|p2b: Torkoal\n|-singleturn|p2b: Torkoal|Protect\n|move|p1a: Gholdengo|Make It Rain|p2b: Torkoal|[spread] p2a\n|-activate|p2b: Torkoal|move: Protect\n|-damage|p2a: Farigiraf|54\/100\n|-unboost|p1a: Gholdengo|spa|1\n|move|p1b: Arcanine|Crunch|p2a: Farigiraf\n|-supereffective|p2a: Farigiraf\n|-crit|p2a: Farigiraf\n|-damage|p2a: Farigiraf|6\/100\n|move|p2a: Farigiraf|Trick Room|p2a: Farigiraf\n|-fieldstart|move: Trick Room|[of] p2a: Farigiraf\n|\n|-weather|SunnyDay|[upkeep]\n|-heal|p2a: Farigiraf|12\/100|[from] item: Leftovers\n|upkeep\n|turn|2\n|\n|t:|1681737309\n|switch|p1a: Palafin|Palafin, L50, F|100\/100\n|-terastallize|p2b: Torkoal|Fire\n|move|p2a: Farigiraf|Helping Hand|p2b: Torkoal\n|-singleturn|p2b: Torkoal|Helping Hand|[of] p2a: Farigiraf\n|move|p2b: Torkoal|Eruption|p1b: Arcanine|[spread] p1a,p1b\n|-resisted|p1a: Palafin\n|-resisted|p1b: Arcanine\n|-damage|p1a: Palafin|0 fnt\n|-damage|p1b: Arcanine|21\/100\n|faint|p1a: Palafin\n|move|p1b: Arcanine|Flare Blitz|p2b: Torkoal\n|-resisted|p2b: Torkoal\n|-damage|p2b: Torkoal|73\/100\n|-damage|p1b: Arcanine|13\/100|[from] Recoil\n|\n|-weather|SunnyDay|[upkeep]\n|-heal|p2a: Farigiraf|19\/100|[from] item: Leftovers\n|upkeep\n|\n|t:|1681737321\n|switch|p1a: Ting-Lu|Ting-Lu, L50|100\/100\n|-ability|p1a: Ting-Lu|Vessel of Ruin\n|turn|3\n|\n|t:|1681737331\n|move|p2a: Farigiraf|Helping Hand|p2b: Torkoal\n|-singleturn|p2b: Torkoal|Helping Hand|[of] p2a: Farigiraf\n|move|p1a: Ting-Lu|Protect|p1a: Ting-Lu\n|-singleturn|p1a: Ting-Lu|Protect\n|move|p2b: Torkoal|Eruption|p1b: Arcanine|[spread] p1b\n|-activate|p1a: Ting-Lu|move: Protect\n|-resisted|p1b: Arcanine\n|-damage|p1b: Arcanine|0 fnt\n|faint|p1b: Arcanine\n|\n|-weather|SunnyDay|[upkeep]\n|-heal|p2a: Farigiraf|25\/100|[from] item: Leftovers\n|upkeep\n|\n|t:|1681737338\n|switch|p1b: Gholdengo|Gholdengo, L50|100\/100\n|turn|4\n|\n|t:|1681737348\n|move|p2a: Farigiraf|Helping Hand|p2b: Torkoal\n|-singleturn|p2b: Torkoal|Helping Hand|[of] p2a: Farigiraf\n|move|p2b: Torkoal|Eruption|p1a: Ting-Lu|[spread] p1a,p1b\n|-supereffective|p1b: Gholdengo\n|-damage|p1a: Ting-Lu|35\/100\n|-damage|p1b: Gholdengo|0 fnt\n|faint|p1b: Gholdengo\n|move|p1a: Ting-Lu|Stomping Tantrum|p2b: Torkoal\n|-supereffective|p2b: Torkoal\n|-damage|p2b: Torkoal|3\/100\n|-damage|p1a: Ting-Lu|25\/100|[from] item: Life Orb\n|\n|-weather|SunnyDay|[upkeep]\n|-heal|p2a: Farigiraf|31\/100|[from] item: Leftovers\n|upkeep\n|turn|5\n|-message|chung1 forfeited.\n|\n|win|Rigs_batata\n|raw|chung1's rating: 1237 → 1210<\/strong> (-27 for losing)\n|raw|Rigs_batata's rating: 1209 → 1236<\/strong> (+27 for winning)\n|l|\u2606chung1\n","uploadtime":1681737364,"views":60,"p1id":"chung1","p2id":"rigsbatata","formatid":"gen9vgc2023regulationc","rating":1210,"private":0,"password":""}