{"id":"gen9vgc2023regulationc-1855517638","p1":"Ugarte Joseph","p2":"Sioxger","format":"[Gen 9] VGC 2023 Regulation C","log":"|j|\u2606Ugarte Joseph\n|j|\u2606Sioxger\n|t:|1682958493\n|gametype|doubles\n|player|p1|Ugarte Joseph|hugh|1112\n|player|p2|Sioxger|170|1185\n|teamsize|p1|6\n|teamsize|p2|6\n|gen|9\n|tier|[Gen 9] VGC 2023 Regulation C\n|rated|\n|rule|Species Clause: Limit one of each Pok\u00e9mon\n|rule|Item Clause: Limit one of each item\n|clearpoke\n|poke|p1|Slither Wing, L50|\n|poke|p1|Great Tusk, L50|\n|poke|p1|Flutter Mane, L50|\n|poke|p1|Murkrow, L50, M|\n|poke|p1|Roaring Moon, L50|\n|poke|p1|Scream Tail, L50|\n|poke|p2|Roaring Moon, L50|\n|poke|p2|Gyarados, L50, M|\n|poke|p2|Chi-Yu, L50|\n|poke|p2|Flutter Mane, L50|\n|poke|p2|Amoonguss, L50, M|\n|poke|p2|Ting-Lu, L50|\n|teampreview|4\n|inactive|Battle timer is ON: inactive players will automatically lose when time's up. (requested by Ugarte Joseph)\n|inactive|Ugarte Joseph has 60 seconds left.\n|inactive|Sioxger has 60 seconds left.\n|\n|t:|1682958550\n|start\n|switch|p1a: Murkrow|Murkrow, L50, M, shiny|100\/100\n|switch|p1b: Great Tusk|Great Tusk, L50, shiny|100\/100\n|switch|p2a: Gyarados|Gyarados, L50, M, shiny|100\/100\n|switch|p2b: Roaring Moon|Roaring Moon, L50, shiny|100\/100\n|-ability|p2a: Gyarados|Intimidate|boost\n|-unboost|p1a: Murkrow|atk|1\n|-unboost|p1b: Great Tusk|atk|1\n|-enditem|p2b: Roaring Moon|Booster Energy\n|-activate|p2b: Roaring Moon|ability: Protosynthesis|[fromitem]\n|-start|p2b: Roaring Moon|protosynthesisatk\n|turn|1\n|inactive|Ugarte Joseph has 30 seconds left.\n|inactive|Sioxger has 30 seconds left.\n|inactive|Ugarte Joseph has 20 seconds left.\n|inactive|Sioxger has 20 seconds left.\n|inactive|Sioxger has 15 seconds left.\n|inactive|Sioxger has 10 seconds left.\n|\n|t:|1682958600\n|-terastallize|p1b: Great Tusk|Fire\n|-terastallize|p2b: Roaring Moon|Flying\n|move|p1a: Murkrow|Tailwind|p1a: Murkrow\n|-sidestart|p1: Ugarte Joseph|move: Tailwind\n|move|p1b: Great Tusk|Rock Slide|p2a: Gyarados|[spread] p2a,p2b\n|-supereffective|p2a: Gyarados\n|-supereffective|p2b: Roaring Moon\n|-damage|p2a: Gyarados|67\/100\n|-damage|p2b: Roaring Moon|69\/100\n|move|p2b: Roaring Moon|Acrobatics|p1b: Great Tusk\n|-damage|p1b: Great Tusk|36\/100\n|move|p2a: Gyarados|Waterfall|p1a: Murkrow\n|-damage|p1a: Murkrow|39\/100\n|\n|upkeep\n|turn|2\n|\n|t:|1682958626\n|-end|p1b: Great Tusk|Protosynthesis|[silent]\n|switch|p1b: Slither Wing|Slither Wing, L50, shiny|100\/100\n|move|p2b: Roaring Moon|Protect|p2b: Roaring Moon\n|-singleturn|p2b: Roaring Moon|Protect\n|move|p1a: Murkrow|Sunny Day|p1a: Murkrow\n|-weather|SunnyDay\n|-activate|p1b: Slither Wing|ability: Protosynthesis\n|-start|p1b: Slither Wing|protosynthesisatk\n|move|p2a: Gyarados|Waterfall|p1b: Slither Wing\n|-damage|p1b: Slither Wing|73\/100\n|\n|-weather|SunnyDay|[upkeep]\n|upkeep\n|turn|3\n|\n|t:|1682958647\n|move|p1b: Slither Wing|First Impression|p2b: Roaring Moon\n|-resisted|p2b: Roaring Moon\n|-damage|p2b: Roaring Moon|31\/100\n|move|p1a: Murkrow|Taunt|p2a: Gyarados\n|-start|p2a: Gyarados|move: Taunt\n|move|p2b: Roaring Moon|Acrobatics|p1b: Slither Wing\n|-supereffective|p1b: Slither Wing\n|-crit|p1b: Slither Wing\n|-damage|p1b: Slither Wing|0 fnt\n|faint|p1b: Slither Wing\n|-end|p1b: Slither Wing|Protosynthesis|[silent]\n|cant|p2a: Gyarados|move: Taunt|Taunt\n|\n|-weather|SunnyDay|[upkeep]\n|upkeep\n|\n|t:|1682958660\n|switch|p1b: Flutter Mane|Flutter Mane, L50, shiny|100\/100\n|-activate|p1b: Flutter Mane|ability: Protosynthesis\n|-start|p1b: Flutter Mane|protosynthesisspa\n|turn|4\n|\n|t:|1682958672\n|switch|p2a: Amoonguss|Amoonguss, L50, M|100\/100\n|move|p2b: Roaring Moon|Protect|p2b: Roaring Moon\n|-singleturn|p2b: Roaring Moon|Protect\n|move|p1b: Flutter Mane|Dazzling Gleam|p2b: Roaring Moon|[spread] p2a\n|-activate|p2b: Roaring Moon|move: Protect\n|-resisted|p2a: Amoonguss\n|-damage|p2a: Amoonguss|76\/100\n|move|p1a: Murkrow|Brave Bird|p2a: Amoonguss\n|-supereffective|p2a: Amoonguss\n|-damage|p2a: Amoonguss|35\/100\n|-enditem|p2a: Amoonguss|Sitrus Berry|[eat]\n|-heal|p2a: Amoonguss|60\/100|[from] item: Sitrus Berry\n|-damage|p1a: Murkrow|21\/100|[from] Recoil\n|\n|-weather|SunnyDay|[upkeep]\n|-sideend|p1: Ugarte Joseph|move: Tailwind\n|upkeep\n|turn|5\n|inactive|Sioxger has 30 seconds left.\n|inactive|Ugarte Joseph has 30 seconds left.\n|inactive|Ugarte Joseph has 20 seconds left.\n|\n|t:|1682958715\n|-end|p1b: Flutter Mane|Protosynthesis|[silent]\n|switch|p1b: Great Tusk|Great Tusk, L50, shiny, tera:Fire|36\/100\n|-activate|p1b: Great Tusk|ability: Protosynthesis\n|-start|p1b: Great Tusk|protosynthesisatk\n|-end|p2b: Roaring Moon|Protosynthesis|[silent]\n|switch|p2b: Flutter Mane|Flutter Mane, L50|100\/100\n|-activate|p2b: Flutter Mane|ability: Protosynthesis\n|-start|p2b: Flutter Mane|protosynthesisspa\n|switch|p2a: Gyarados|Gyarados, L50, M, shiny|67\/100\n|-ability|p2a: Gyarados|Intimidate|boost\n|-unboost|p1a: Murkrow|atk|1\n|-unboost|p1b: Great Tusk|atk|1\n|move|p1a: Murkrow|Tailwind|p1a: Murkrow\n|-sidestart|p1: Ugarte Joseph|move: Tailwind\n|\n|-weather|SunnyDay|[upkeep]\n|upkeep\n|turn|6\n|\n|t:|1682958738\n|move|p2a: Gyarados|Protect|p2a: Gyarados\n|-singleturn|p2a: Gyarados|Protect\n|move|p1b: Great Tusk|Rock Slide|p2a: Gyarados|[spread] p2b\n|-activate|p2a: Gyarados|move: Protect\n|-damage|p2b: Flutter Mane|66\/100\n|move|p1a: Murkrow|Brave Bird|p2b: Flutter Mane\n|-damage|p2b: Flutter Mane|36\/100\n|-damage|p1a: Murkrow|12\/100|[from] Recoil\n|move|p2b: Flutter Mane|Dazzling Gleam|p1a: Murkrow|[spread] p1a,p1b\n|-supereffective|p1a: Murkrow\n|-resisted|p1b: Great Tusk\n|-damage|p1a: Murkrow|0 fnt\n|-damage|p1b: Great Tusk|0 fnt\n|faint|p1a: Murkrow\n|faint|p1b: Great Tusk\n|-end|p1b: Great Tusk|Protosynthesis|[silent]\n|\n|-weather|none\n|-end|p2b: Flutter Mane|Protosynthesis\n|upkeep\n|\n|t:|1682958750\n|switch|p1b: Flutter Mane|Flutter Mane, L50, shiny|100\/100\n|turn|7\n|\n|t:|1682958760\n|-end|p2b: Flutter Mane|Protosynthesis|[silent]\n|switch|p2b: Amoonguss|Amoonguss, L50, M|93\/100\n|move|p1b: Flutter Mane|Dazzling Gleam|p2b: Amoonguss|[spread] p2a,p2b\n|-resisted|p2b: Amoonguss\n|-damage|p2a: Gyarados|22\/100\n|-damage|p2b: Amoonguss|75\/100\n|move|p2a: Gyarados|Thunder Wave|p1b: Flutter Mane\n|-status|p1b: Flutter Mane|par\n|\n|upkeep\n|turn|8\n|\n|t:|1682958771\n|move|p1b: Flutter Mane|Dazzling Gleam|p2b: Amoonguss|[spread] p2a,p2b\n|-resisted|p2b: Amoonguss\n|-damage|p2a: Gyarados|0 fnt\n|-damage|p2b: Amoonguss|55\/100\n|faint|p2a: Gyarados\n|move|p2b: Amoonguss|Pollen Puff|p2: Gyarados|[notarget]\n|-fail|p2b: Amoonguss\n|\n|-sideend|p1: Ugarte Joseph|move: Tailwind\n|upkeep\n|\n|t:|1682958780\n|switch|p2a: Roaring Moon|Roaring Moon, L50, shiny, tera:Flying|31\/100\n|turn|9\n|\n|t:|1682958785\n|move|p2a: Roaring Moon|Throat Chop|p1b: Flutter Mane\n|-damage|p1b: Flutter Mane|38\/100 par\n|-start|p1b: Flutter Mane|Throat Chop|[silent]\n|cant|p1b: Flutter Mane|par\n|move|p2b: Amoonguss|Pollen Puff|p2a: Roaring Moon\n|-heal|p2a: Roaring Moon|81\/100\n|\n|upkeep\n|turn|10\n|\n|t:|1682958805\n|move|p2a: Roaring Moon|Throat Chop|p1b: Flutter Mane\n|-damage|p1b: Flutter Mane|0 fnt\n|faint|p1b: Flutter Mane\n|-end|p1b: Flutter Mane|Protosynthesis|[silent]\n|\n|win|Sioxger\n|raw|Ugarte Joseph's rating: 1112 → 1092<\/strong> (-20 for losing)\n|raw|Sioxger's rating: 1185 → 1205<\/strong> (+20 for winning)\n","uploadtime":1682958808,"views":21,"p1id":"ugartejoseph","p2id":"sioxger","formatid":"gen9vgc2023regulationc","rating":1092,"private":0,"password":""}