{"id":"gen9vgc2023regulationc-1845044132","p1":"see_devine","p2":"jaydon8463","format":"[Gen 9] VGC 2023 Regulation C","log":"|j|\u2606see_devine\n|j|\u2606jaydon8463\n|t:|1681677287\n|gametype|doubles\n|player|p1|see_devine|169|1182\n|player|p2|jaydon8463|169|1251\n|teamsize|p1|6\n|teamsize|p2|6\n|gen|9\n|tier|[Gen 9] VGC 2023 Regulation C\n|rated|\n|rule|Species Clause: Limit one of each Pok\u00e9mon\n|rule|Item Clause: Limit one of each item\n|clearpoke\n|poke|p1|Iron Jugulis, L50|\n|poke|p1|Gholdengo, L50|\n|poke|p1|Great Tusk, L50|\n|poke|p1|Iron Bundle, L50|\n|poke|p1|Gothitelle, L50, F|\n|poke|p1|Iron Hands, L50|\n|poke|p2|Dragapult, L50, M|\n|poke|p2|Chien-Pao, L50|\n|poke|p2|Arcanine, L50, F|\n|poke|p2|Palafin, L50, M|\n|poke|p2|Ting-Lu, L50|\n|poke|p2|Garganacl, L50, F|\n|teampreview|4\njaydon8463 has agreed to open team sheets.\n|inactive|Battle timer is ON: inactive players will automatically lose when time's up. (requested by jaydon8463)\n|inactive|jaydon8463 has 60 seconds left.\n|\n|t:|1681677344\n|start\n|switch|p1a: Gothitelle|Gothitelle, L50, F|100\/100\n|switch|p1b: Iron Hands|Iron Hands, L50|100\/100\n|switch|p2a: Palafin|Palafin, L50, M|100\/100\n|switch|p2b: Garganacl|Garganacl, L50, F|100\/100\n|turn|1\n|\n|t:|1681677366\n|move|p2a: Palafin|Protect|p2a: Palafin\n|-singleturn|p2a: Palafin|Protect\n|move|p1b: Iron Hands|Wild Charge|p2a: Palafin\n|-activate|p2a: Palafin|move: Protect\n|move|p2b: Garganacl|Salt Cure|p1b: Iron Hands\n|-resisted|p1b: Iron Hands\n|-damage|p1b: Iron Hands|96\/100\n|-start|p1b: Iron Hands|Salt Cure\n|move|p1a: Gothitelle|Trick Room|p1a: Gothitelle\n|-fieldstart|move: Trick Room|[of] p1a: Gothitelle\n|\n|-damage|p1b: Iron Hands|84\/100|[from] Salt Cure\n|upkeep\n|turn|2\n|inactive|see_devine has 30 seconds left.\n|\n|t:|1681677391\n|-terastallize|p1b: Iron Hands|Fighting\n|move|p2a: Palafin|Jet Punch|p1b: Iron Hands\n|-damage|p1b: Iron Hands|66\/100\n|move|p2b: Garganacl|Salt Cure|p1a: Gothitelle\n|-damage|p1a: Gothitelle|86\/100\n|-start|p1a: Gothitelle|Salt Cure\n|move|p1b: Iron Hands|Wild Charge|p2a: Palafin\n|-supereffective|p2a: Palafin\n|-damage|p2a: Palafin|0 fnt\n|faint|p2a: Palafin\n|-damage|p1b: Iron Hands|47\/100|[from] Recoil\n|move|p1a: Gothitelle|Psychic|p2b: Garganacl\n|-damage|p2b: Garganacl|80\/100\n|\n|-heal|p2b: Garganacl|86\/100|[from] item: Leftovers\n|-heal|p1a: Gothitelle|93\/100|[from] item: Leftovers\n|-damage|p1b: Iron Hands|35\/100|[from] Salt Cure\n|-damage|p1a: Gothitelle|80\/100|[from] Salt Cure\n|upkeep\n|\n|t:|1681677410\n|switch|p2a: Arcanine|Arcanine, L50, F|100\/100\n|-ability|p2a: Arcanine|Intimidate|boost\n|-unboost|p1a: Gothitelle|atk|1\n|-unboost|p1b: Iron Hands|atk|1\n|turn|3\n|\n|t:|1681677423\n|-terastallize|p2b: Garganacl|Ghost\n|move|p2a: Arcanine|Extreme Speed|p1b: Iron Hands\n|-damage|p1b: Iron Hands|18\/100\n|move|p2b: Garganacl|Stealth Rock|p1a: Gothitelle\n|-sidestart|p1: see_devine|move: Stealth Rock\n|move|p1b: Iron Hands|Drain Punch|p2b: Garganacl\n|-immune|p2b: Garganacl\n|move|p1a: Gothitelle|Psychic|p2a: Arcanine\n|-damage|p2a: Arcanine|70\/100\n|-unboost|p2a: Arcanine|spd|1\n|\n|-heal|p2b: Garganacl|91\/100|[from] item: Leftovers\n|-heal|p1a: Gothitelle|86\/100|[from] item: Leftovers\n|-damage|p1b: Iron Hands|6\/100|[from] Salt Cure\n|-damage|p1a: Gothitelle|74\/100|[from] Salt Cure\n|upkeep\n|turn|4\n|inactive|see_devine has 30 seconds left.\n|\n|t:|1681677450\n|-end|p1b: Iron Hands|Quark Drive|[silent]\n|switch|p1b: Gholdengo|Gholdengo, L50|100\/100\n|-damage|p1b: Gholdengo|94\/100|[from] Stealth Rock\n|move|p2a: Arcanine|Extreme Speed|p1b: Gholdengo\n|-immune|p1b: Gholdengo\n|move|p2b: Garganacl|Salt Cure|p1a: Gothitelle\n|-damage|p1a: Gothitelle|59\/100\n|move|p1a: Gothitelle|Psychic|p2b: Garganacl\n|-damage|p2b: Garganacl|70\/100\n|\n|-heal|p2b: Garganacl|75\/100|[from] item: Leftovers\n|-heal|p1a: Gothitelle|65\/100|[from] item: Leftovers\n|-damage|p1a: Gothitelle|52\/100|[from] Salt Cure\n|upkeep\n|turn|5\n|inactive|see_devine has 30 seconds left.\n|\n|t:|1681677477\n|switch|p2b: Ting-Lu|Ting-Lu, L50|100\/100\n|-ability|p2b: Ting-Lu|Vessel of Ruin\n|move|p1a: Gothitelle|Charm|p2a: Arcanine\n|-unboost|p2a: Arcanine|atk|2\n|move|p2a: Arcanine|Flare Blitz|p1b: Gholdengo\n|-supereffective|p1b: Gholdengo\n|-damage|p1b: Gholdengo|34\/100\n|-damage|p2a: Arcanine|53\/100|[from] Recoil\n|move|p1b: Gholdengo|Shadow Ball|p2b: Ting-Lu\n|-resisted|p2b: Ting-Lu\n|-damage|p2b: Ting-Lu|85\/100\n|\n|-heal|p1a: Gothitelle|59\/100|[from] item: Leftovers\n|-damage|p1a: Gothitelle|46\/100|[from] Salt Cure\n|-fieldend|move: Trick Room\n|upkeep\n|turn|6\n|inactive|jaydon8463 has 30 seconds left.\n|\n|t:|1681677507\n|switch|p1b: Iron Jugulis|Iron Jugulis, L50|100\/100\n|-enditem|p1b: Iron Jugulis|Booster Energy\n|-activate|p1b: Iron Jugulis|ability: Quark Drive|[fromitem]\n|-start|p1b: Iron Jugulis|quarkdrivespe\n|-damage|p1b: Iron Jugulis|76\/100|[from] Stealth Rock\n|move|p2a: Arcanine|Flare Blitz|p1b: Iron Jugulis\n|-damage|p1b: Iron Jugulis|44\/100\n|-damage|p2a: Arcanine|44\/100|[from] Recoil\n|move|p1a: Gothitelle|Charm|p2b: Ting-Lu\n|-unboost|p2b: Ting-Lu|atk|2\n|move|p2b: Ting-Lu|Stomping Tantrum|p1a: Gothitelle\n|-damage|p1a: Gothitelle|32\/100\n|\n|-heal|p1a: Gothitelle|38\/100|[from] item: Leftovers\n|-damage|p1a: Gothitelle|26\/100|[from] Salt Cure\n|upkeep\n|turn|7\n|\n|t:|1681677528\n|move|p2a: Arcanine|Protect|p2a: Arcanine\n|-singleturn|p2a: Arcanine|Protect\n|move|p2b: Ting-Lu|Protect|p2b: Ting-Lu\n|-singleturn|p2b: Ting-Lu|Protect\n|move|p1b: Iron Jugulis|Tailwind|p1b: Iron Jugulis\n|-sidestart|p1: see_devine|move: Tailwind\n|move|p1a: Gothitelle|Psychic|p2a: Arcanine\n|-activate|p2a: Arcanine|move: Protect\n|\n|-heal|p1a: Gothitelle|32\/100|[from] item: Leftovers\n|-damage|p1a: Gothitelle|20\/100|[from] Salt Cure\n|upkeep\n|turn|8\n|\n|t:|1681677549\n|move|p2a: Arcanine|Extreme Speed|p1a: Gothitelle\n|-damage|p1a: Gothitelle|6\/100\n|move|p1b: Iron Jugulis|Snarl|p2a: Arcanine|[spread] p2a,p2b\n|-resisted|p2b: Ting-Lu\n|-damage|p2a: Arcanine|19\/100\n|-damage|p2b: Ting-Lu|80\/100\n|-unboost|p2a: Arcanine|spa|1\n|-unboost|p2b: Ting-Lu|spa|1\n|move|p1a: Gothitelle|Psychic|p2a: Arcanine\n|-damage|p2a: Arcanine|0 fnt\n|faint|p2a: Arcanine\n|move|p2b: Ting-Lu|Heavy Slam|p1b: Iron Jugulis\n|-damage|p1b: Iron Jugulis|26\/100\n|\n|-heal|p1a: Gothitelle|12\/100|[from] item: Leftovers\n|-damage|p1a: Gothitelle|0 fnt|[from] Salt Cure\n|faint|p1a: Gothitelle\n|upkeep\n|\n|t:|1681677566\n|switch|p2a: Garganacl|Garganacl, L50, F, tera:Ghost|75\/100\n|switch|p1a: Gholdengo|Gholdengo, L50|34\/100\n|-damage|p1a: Gholdengo|28\/100|[from] Stealth Rock\n|turn|9\n|\n|t:|1681677577\n|move|p2a: Garganacl|Protect|p2a: Garganacl\n|-singleturn|p2a: Garganacl|Protect\n|move|p1b: Iron Jugulis|Snarl|p2a: Garganacl|[spread] p2b\n|-activate|p2a: Garganacl|move: Protect\n|-resisted|p2b: Ting-Lu\n|-damage|p2b: Ting-Lu|75\/100\n|-unboost|p2b: Ting-Lu|spa|1\n|move|p1a: Gholdengo|Make It Rain|p2b: Ting-Lu|[spread] p2b\n|-activate|p2a: Garganacl|move: Protect\n|-damage|p2b: Ting-Lu|41\/100\n|-unboost|p1a: Gholdengo|spa|1\n|-enditem|p2b: Ting-Lu|Sitrus Berry|[eat]\n|-heal|p2b: Ting-Lu|66\/100|[from] item: Sitrus Berry\n|move|p2b: Ting-Lu|Stomping Tantrum|p1a: Gholdengo\n|-supereffective|p1a: Gholdengo\n|-damage|p1a: Gholdengo|0 fnt\n|faint|p1a: Gholdengo\n|\n|-heal|p2a: Garganacl|81\/100|[from] item: Leftovers\n|upkeep\n|\n|t:|1681677596\n|switch|p1a: Iron Hands|Iron Hands, L50, tera:Fighting|6\/100\n|-damage|p1a: Iron Hands|0 fnt|[from] Stealth Rock\n|faint|p1a: Iron Hands\n|-end|p1a: Iron Hands|Quark Drive|[silent]\n|turn|10\n|-message|see_devine forfeited.\n|\n|win|jaydon8463\n|raw|see_devine's rating: 1182 → 1162<\/strong> (-20 for losing)\n|raw|jaydon8463's rating: 1251 → 1271<\/strong> (+20 for winning)\n|l|\u2606see_devine\n","uploadtime":1681677605,"views":7,"p1id":"seedevine","p2id":"jaydon8463","formatid":"gen9vgc2023regulationc","rating":1162,"private":0,"password":""}