{"id":"gen9vgc2023regulationc-1846767419","p1":"Echo Rose#9471","p2":"Slithy","format":"[Gen 9] VGC 2023 Regulation C","log":"|j|\u2606Echo Rose#9471\n|j|\u2606Slithy\n|t:|1681876186\n|gametype|doubles\n|player|p1|Echo Rose#9471|2|1189\n|player|p2|Slithy|palmer|1284\n|teamsize|p1|6\n|teamsize|p2|6\n|gen|9\n|tier|[Gen 9] VGC 2023 Regulation C\n|rated|\n|rule|Species Clause: Limit one of each Pok\u00e9mon\n|rule|Item Clause: Limit one of each item\n|clearpoke\n|poke|p1|Glimmora, L50, F|\n|poke|p1|Wo-Chien, L50|\n|poke|p1|Flutter Mane, L50|\n|poke|p1|Palafin, L50, M|\n|poke|p1|Iron Hands, L50|\n|poke|p1|Talonflame, L50, M|\n|poke|p2|Palafin, L50, M|\n|poke|p2|Flutter Mane, L50|\n|poke|p2|Chi-Yu, L50|\n|poke|p2|Lurantis, L50, M|\n|poke|p2|Grimmsnarl, L50, M|\n|poke|p2|Scizor, L50, M|\n|teampreview|4\n|\n|t:|1681876228\n|start\n|switch|p1a: Talonflame|Talonflame, L50, M|100\/100\n|switch|p1b: Glimmora|Glimmora, L50, F|100\/100\n|switch|p2a: Grimmsnarl|Grimmsnarl, L50, M|100\/100\n|switch|p2b: Palafin|Palafin, L50, M|100\/100\n|turn|1\n|\n|t:|1681876266\n|detailschange|p2b: Palafin|Palafin-Hero, L50, M\n|switch|p2b: Lurantis|Lurantis, L50, M|100\/100\n|move|p2a: Grimmsnarl|Light Screen|p2a: Grimmsnarl\n|-sidestart|p2: Slithy|move: Light Screen\n|move|p1a: Talonflame|Flare Blitz|p2b: Lurantis\n|-supereffective|p2b: Lurantis\n|-damage|p2b: Lurantis|7\/100\n|-damage|p1a: Talonflame|73\/100|[from] Recoil\n|move|p1b: Glimmora|Sludge Bomb|p2b: Lurantis\n|-supereffective|p2b: Lurantis\n|-damage|p2b: Lurantis|0 fnt\n|faint|p2b: Lurantis\n|\n|upkeep\n|\n|t:|1681876280\n|switch|p2b: Palafin|Palafin-Hero, L50, M|100\/100\n|-activate|p2b: Palafin|ability: Zero to Hero\n|turn|2\n|\n|t:|1681876300\n|move|p1a: Talonflame|Quick Guard|p1a: Talonflame\n|-singleturn|p1a: Talonflame|Quick Guard\n|move|p2b: Palafin|Jet Punch|p1a: Talonflame\n|-activate|p1a: Talonflame|move: Quick Guard\n|move|p2a: Grimmsnarl|Reflect|p2a: Grimmsnarl\n|-sidestart|p2: Slithy|Reflect\n|move|p1b: Glimmora|Sludge Bomb|p2b: Palafin\n|-damage|p2b: Palafin|72\/100\n|-status|p2b: Palafin|psn\n|\n|-damage|p2b: Palafin|60\/100 psn|[from] psn\n|upkeep\n|turn|3\n|\n|t:|1681876324\n|switch|p1a: Iron Hands|Iron Hands, L50|100\/100\n|move|p1b: Glimmora|Spiky Shield|p1b: Glimmora\n|-singleturn|p1b: Glimmora|move: Protect\n|move|p2b: Palafin|Jet Punch|p1a: Iron Hands\n|-damage|p1a: Iron Hands|69\/100\n|move|p2a: Grimmsnarl|Scary Face|p1b: Glimmora\n|-activate|p1b: Glimmora|move: Protect\n|\n|-damage|p2b: Palafin|48\/100 psn|[from] psn\n|upkeep\n|turn|4\n|\n|t:|1681876342\n|switch|p2b: Flutter Mane|Flutter Mane, L50|100\/100\n|move|p1a: Iron Hands|Fake Out|p2b: Flutter Mane\n|-immune|p2b: Flutter Mane\n|move|p1b: Glimmora|Power Gem|p2b: Flutter Mane\n|-damage|p2b: Flutter Mane|77\/100\n|move|p2a: Grimmsnarl|Spirit Break|p1a: Iron Hands\n|-supereffective|p1a: Iron Hands\n|-damage|p1a: Iron Hands|26\/100\n|-unboost|p1a: Iron Hands|spa|1\n|\n|upkeep\n|turn|5\n|\n|t:|1681876386\n|move|p2b: Flutter Mane|Protect|p2b: Flutter Mane\n|-singleturn|p2b: Flutter Mane|Protect\n|move|p1b: Glimmora|Sludge Bomb|p2b: Flutter Mane\n|-activate|p2b: Flutter Mane|move: Protect\n|move|p1a: Iron Hands|Thunder Punch|p2b: Flutter Mane\n|-activate|p2b: Flutter Mane|move: Protect\n|move|p2a: Grimmsnarl|Spirit Break|p1a: Iron Hands\n|-supereffective|p1a: Iron Hands\n|-damage|p1a: Iron Hands|0 fnt\n|faint|p1a: Iron Hands\n|-end|p1a: Iron Hands|Quark Drive|[silent]\n|\n|upkeep\n|\n|t:|1681876391\n|switch|p1a: Talonflame|Talonflame, L50, M|73\/100\n|turn|6\n|\n|t:|1681876408\n|move|p2a: Grimmsnarl|Scary Face|p1a: Talonflame\n|-unboost|p1a: Talonflame|spe|2\n|move|p2b: Flutter Mane|Shadow Ball|p1a: Talonflame\n|-damage|p1a: Talonflame|7\/100\n|-damage|p2b: Flutter Mane|68\/100|[from] item: Life Orb\n|move|p1b: Glimmora|Sludge Bomb|p2b: Flutter Mane\n|-damage|p2b: Flutter Mane|41\/100\n|move|p1a: Talonflame|Tailwind|p1a: Talonflame\n|-sidestart|p1: Echo Rose#9471|move: Tailwind\n|\n|upkeep\n|turn|7\n|\n|t:|1681876437\n|move|p2a: Grimmsnarl|Scary Face|p1b: Glimmora\n|-unboost|p1b: Glimmora|spe|2\n|move|p1a: Talonflame|Brave Bird|p2a: Grimmsnarl\n|-damage|p2a: Grimmsnarl|75\/100\n|-damage|p1a: Talonflame|0 fnt|[from] Recoil\n|faint|p1a: Talonflame\n|move|p2b: Flutter Mane|Shadow Ball|p1b: Glimmora\n|-damage|p1b: Glimmora|47\/100\n|-unboost|p1b: Glimmora|spd|1\n|-enditem|p1b: Glimmora|Sitrus Berry|[eat]\n|-heal|p1b: Glimmora|72\/100|[from] item: Sitrus Berry\n|-damage|p2b: Flutter Mane|32\/100|[from] item: Life Orb\n|move|p1b: Glimmora|Sludge Bomb|p2a: Grimmsnarl\n|-supereffective|p2a: Grimmsnarl\n|-crit|p2a: Grimmsnarl\n|-damage|p2a: Grimmsnarl|0 fnt\n|faint|p2a: Grimmsnarl\n|\n|upkeep\n|\n|t:|1681876456\n|switch|p1a: Flutter Mane|Flutter Mane, L50|100\/100\n|switch|p2a: Palafin|Palafin-Hero, L50, M|48\/100 psn\n|-enditem|p1a: Flutter Mane|Booster Energy\n|-activate|p1a: Flutter Mane|ability: Protosynthesis|[fromitem]\n|-start|p1a: Flutter Mane|protosynthesisspa\n|turn|8\n|\n|t:|1681876527\n|-terastallize|p2a: Palafin|Water\n|-terastallize|p1b: Glimmora|Grass\n|move|p2b: Flutter Mane|Protect|p2b: Flutter Mane\n|-singleturn|p2b: Flutter Mane|Protect\n|move|p2a: Palafin|Jet Punch|p1a: Flutter Mane\n|-damage|p1a: Flutter Mane|11\/100\n|move|p1a: Flutter Mane|Dazzling Gleam|p2b: Flutter Mane|[spread] p2a\n|-activate|p2b: Flutter Mane|move: Protect\n|-damage|p2a: Palafin|22\/100 psn\n|move|p1b: Glimmora|Sludge Bomb|p2b: Flutter Mane\n|-activate|p2b: Flutter Mane|move: Protect\n|\n|-damage|p2a: Palafin|10\/100 psn|[from] psn\n|-sideend|p2: Slithy|move: Light Screen\n|upkeep\n|turn|9\n|\n|t:|1681876553\n|move|p1a: Flutter Mane|Protect|p1a: Flutter Mane\n|-singleturn|p1a: Flutter Mane|Protect\n|move|p1b: Glimmora|Spiky Shield|p1b: Glimmora\n|-singleturn|p1b: Glimmora|move: Protect\n|move|p2a: Palafin|Jet Punch|p1a: Flutter Mane\n|-activate|p1a: Flutter Mane|move: Protect\n|move|p2b: Flutter Mane|Moonblast|p1b: Glimmora\n|-activate|p1b: Glimmora|move: Protect\n|\n|-damage|p2a: Palafin|0 fnt|[from] psn\n|faint|p2a: Palafin\n|-sideend|p2: Slithy|Reflect\n|-sideend|p1: Echo Rose#9471|move: Tailwind\n|upkeep\n|turn|10\n|\n|t:|1681876570\n|move|p1a: Flutter Mane|Shadow Ball|p2b: Flutter Mane\n|-supereffective|p2b: Flutter Mane\n|-damage|p2b: Flutter Mane|0 fnt\n|faint|p2b: Flutter Mane\n|-end|p2b: Flutter Mane|Protosynthesis|[silent]\n|\n|win|Echo Rose#9471\n|raw|Echo Rose#9471's rating: 1189 → 1221<\/strong> (+32 for winning)\n|raw|Slithy's rating: 1284 → 1252<\/strong> (-32 for losing)\n","uploadtime":1681876576,"views":8,"p1id":"echorose9471","p2id":"slithy","formatid":"gen9vgc2023regulationc","rating":1221,"private":0,"password":""}