{"id":"gen9vgc2023regulationc-1859332228","p1":"Atrix MJ","p2":"rickchum","format":"[Gen 9] VGC 2023 Regulation C","log":"|j|\u2606Atrix MJ\n|j|\u2606rickchum\n|t:|1683436372\n|gametype|doubles\n|player|p1|Atrix MJ|adaman|1534\n|player|p2|rickchum|2|1479\n|teamsize|p1|6\n|teamsize|p2|6\n|gen|9\n|tier|[Gen 9] VGC 2023 Regulation C\n|rated|\n|rule|Species Clause: Limit one of each Pok\u00e9mon\n|rule|Item Clause: Limit one of each item\n|clearpoke\n|poke|p1|Chi-Yu, L50|\n|poke|p1|Amoonguss, L50, M|\n|poke|p1|Iron Hands, L50|\n|poke|p1|Gyarados, L50, F|\n|poke|p1|Flutter Mane, L50|\n|poke|p1|Gothitelle, L50, F|\n|poke|p2|Iron Treads, L50|\n|poke|p2|Rotom-Wash, L50|\n|poke|p2|Gyarados, L50, F|\n|poke|p2|Dragapult, L50, M|\n|poke|p2|Iron Hands, L50|\n|poke|p2|Armarouge, L50, M|\n|teampreview|4\n|inactive|Battle timer is ON: inactive players will automatically lose when time's up. (requested by rickchum)\nAtrix MJ has agreed to open team sheets.\n|j| blackfury99\n|inactive|rickchum has 60 seconds left.\n|\n|t:|1683436424\n|start\n|switch|p1a: Flutter Mane|Flutter Mane, L50|100\/100\n|switch|p1b: Chi-Yu|Chi-Yu, L50|100\/100\n|switch|p2a: Iron Treads|Iron Treads, L50|100\/100\n|switch|p2b: Gyarados|Gyarados, L50, F|100\/100\n|-ability|p1b: Chi-Yu|Beads of Ruin\n|-ability|p2b: Gyarados|Intimidate|boost\n|-unboost|p1a: Flutter Mane|atk|1\n|-unboost|p1b: Chi-Yu|atk|1\n|-enditem|p2a: Iron Treads|Booster Energy\n|-activate|p2a: Iron Treads|ability: Quark Drive|[fromitem]\n|-start|p2a: Iron Treads|quarkdrivespe\n|turn|1\n|inactive|Atrix MJ has 30 seconds left.\n|inactive|rickchum has 30 seconds left.\n|\n|t:|1683436450\n|-terastallize|p1b: Chi-Yu|Water\n|move|p2a: Iron Treads|Iron Head|p1a: Flutter Mane\n|-supereffective|p1a: Flutter Mane\n|-enditem|p1a: Flutter Mane|Focus Sash\n|-damage|p1a: Flutter Mane|1\/100\n|move|p1a: Flutter Mane|Shadow Ball|p2b: Gyarados\n|-damage|p2b: Gyarados|49\/100\n|move|p1b: Chi-Yu|Dark Pulse|p2b: Gyarados\n|-damage|p2b: Gyarados|0 fnt\n|faint|p2b: Gyarados\n|\n|upkeep\n|\n|t:|1683436459\n|switch|p2b: Iron Hands|Iron Hands, L50|100\/100\n|turn|2\n|\n|t:|1683436467\n|-end|p1a: Flutter Mane|Protosynthesis|[silent]\n|switch|p1a: Gyarados|Gyarados, L50, F, shiny|100\/100\n|-ability|p1a: Gyarados|Intimidate|boost\n|-unboost|p2a: Iron Treads|atk|1\n|-unboost|p2b: Iron Hands|atk|1\n|move|p1b: Chi-Yu|Protect|p1b: Chi-Yu\n|-singleturn|p1b: Chi-Yu|Protect\n|move|p2a: Iron Treads|Bulldoze|p1a: Gyarados|[spread] p2b\n|-activate|p1b: Chi-Yu|move: Protect\n|-immune|p1a: Gyarados\n|-supereffective|p2b: Iron Hands\n|-damage|p2b: Iron Hands|82\/100\n|-unboost|p2b: Iron Hands|spe|1\n|move|p2b: Iron Hands|Wild Charge|p1b: Chi-Yu\n|-activate|p1b: Chi-Yu|move: Protect\n|\n|upkeep\n|turn|3\n|inactive|rickchum has 30 seconds left.\n|\n|t:|1683436498\n|switch|p1b: Gothitelle|Gothitelle, L50, F|100\/100\n|move|p1a: Gyarados|Protect|p1a: Gyarados\n|-singleturn|p1a: Gyarados|Protect\n|move|p2a: Iron Treads|Stealth Rock|p1a: Gyarados\n|-sidestart|p1: Atrix MJ|move: Stealth Rock\n|move|p2b: Iron Hands|Wild Charge|p1b: Gothitelle\n|-damage|p1b: Gothitelle|66\/100\n|-damage|p2b: Iron Hands|76\/100|[from] Recoil\n|\n|upkeep\n|turn|4\n|\n|t:|1683436514\n|move|p1b: Gothitelle|Fake Out|p2b: Iron Hands\n|-damage|p2b: Iron Hands|71\/100\n|move|p2a: Iron Treads|Iron Head|p1b: Gothitelle\n|-damage|p1b: Gothitelle|45\/100\n|move|p1a: Gyarados|Dragon Dance|p1a: Gyarados\n|-boost|p1a: Gyarados|atk|1\n|-boost|p1a: Gyarados|spe|1\n|cant|p2b: Iron Hands|flinch\n|\n|upkeep\n|turn|5\n|\n|t:|1683436527\n|move|p2a: Iron Treads|Iron Head|p1b: Gothitelle\n|-damage|p1b: Gothitelle|26\/100\n|move|p1a: Gyarados|Waterfall|p2b: Iron Hands\n|-damage|p2b: Iron Hands|21\/100\n|move|p1b: Gothitelle|Psychic|p2b: Iron Hands\n|-supereffective|p2b: Iron Hands\n|-damage|p2b: Iron Hands|0 fnt\n|faint|p2b: Iron Hands\n|-end|p2b: Iron Hands|Quark Drive|[silent]\n|\n|upkeep\n|\n|t:|1683436529\n|switch|p2b: Rotom|Rotom-Wash, L50|100\/100\n|turn|6\n|inactive|Atrix MJ has 30 seconds left.\n|inactive|Atrix MJ has 20 seconds left.\n|\n|t:|1683436565\n|move|p1a: Gyarados|Protect|p1a: Gyarados\n|-singleturn|p1a: Gyarados|Protect\n|move|p2a: Iron Treads|Iron Head|p1b: Gothitelle\n|-damage|p1b: Gothitelle|7\/100\n|move|p2b: Rotom|Volt Switch|p1a: Gyarados\n|-activate|p1a: Gyarados|move: Protect\n|move|p1b: Gothitelle|Psychic|p2b: Rotom\n|-damage|p2b: Rotom|65\/100\n|\n|upkeep\n|turn|7\n|inactive|rickchum has 30 seconds left.\n|inactive|rickchum has 20 seconds left.\n|\n|t:|1683436603\n|move|p2a: Iron Treads|Bulldoze|p1a: Gyarados|[spread] p1b\n|-immune|p2b: Rotom|[from] ability: Levitate\n|-immune|p1a: Gyarados\n|-damage|p1b: Gothitelle|0 fnt\n|faint|p1b: Gothitelle\n|move|p1a: Gyarados|Waterfall|p2a: Iron Treads\n|-supereffective|p2a: Iron Treads\n|-damage|p2a: Iron Treads|0 fnt\n|faint|p2a: Iron Treads\n|-end|p2a: Iron Treads|Quark Drive|[silent]\n|move|p2b: Rotom|Volt Switch|p1a: Gyarados\n|-supereffective|p1a: Gyarados\n|-damage|p1a: Gyarados|0 fnt\n|faint|p1a: Gyarados\n|-damage|p2b: Rotom|56\/100|[from] item: Life Orb\n|\n|upkeep\n|\n|t:|1683436611\n|switch|p1a: Chi-Yu|Chi-Yu, L50, tera:Water|100\/100\n|switch|p1b: Flutter Mane|Flutter Mane, L50|1\/100\n|-damage|p1b: Flutter Mane|0 fnt|[from] Stealth Rock\n|faint|p1b: Flutter Mane\n|-end|p1b: Flutter Mane|Protosynthesis|[silent]\n|-damage|p1a: Chi-Yu|88\/100|[from] Stealth Rock\n|-ability|p1a: Chi-Yu|Beads of Ruin\n|turn|8\n|\n|t:|1683436635\n|move|p2b: Rotom|Volt Switch|p1a: Chi-Yu\n|-supereffective|p1a: Chi-Yu\n|-damage|p1a: Chi-Yu|6\/100\n|-damage|p2b: Rotom|46\/100|[from] item: Life Orb\n|move|p1a: Chi-Yu|Dark Pulse|p2b: Rotom\n|-damage|p2b: Rotom|0 fnt\n|faint|p2b: Rotom\n|\n|win|Atrix MJ\n|raw|Atrix MJ's rating: 1534 → 1551<\/strong> (+17 for winning)\n|raw|rickchum's rating: 1479 → 1462<\/strong> (-17 for losing)\n|l|\u2606rickchum\n||Ladder isn't responding, score probably updated but might not have (Request timeout).\n","uploadtime":1683436687,"views":6,"p1id":"atrixmj","p2id":"rickchum","formatid":"gen9vgc2023regulationc","rating":1462,"private":0,"password":""}