{"id":"gen9vgc2023regulationc-1854295348","p1":"spectime","p2":"mattnot3","format":"[Gen 9] VGC 2023 Regulation C","log":"|j|\u2606spectime\n|j|\u2606mattnot3\n|t:|1682793742\n|gametype|doubles\n|player|p1|spectime|102|1413\n|player|p2|mattnot3|pokemonbreeder-gen4|1392\n|teamsize|p1|6\n|teamsize|p2|6\n|gen|9\n|tier|[Gen 9] VGC 2023 Regulation C\n|rated|\n|rule|Species Clause: Limit one of each Pok\u00e9mon\n|rule|Item Clause: Limit one of each item\n|clearpoke\n|poke|p1|Chi-Yu, L50|\n|poke|p1|Iron Bundle, L50|\n|poke|p1|Flutter Mane, L50|\n|poke|p1|Gholdengo, L50|\n|poke|p1|Indeedee-F, L50, F|\n|poke|p1|Murkrow, L50, M|\n|poke|p2|Chi-Yu, L50|\n|poke|p2|Flutter Mane, L50|\n|poke|p2|Scizor, L50, M|\n|poke|p2|Wo-Chien, L50|\n|poke|p2|Gyarados, L50, F|\n|poke|p2|Glimmora, L50, F|\n|teampreview|4\nspectime has agreed to open team sheets.\n|\n|t:|1682793793\n|start\n|switch|p1a: Iron Bundle|Iron Bundle, L50|100\/100\n|switch|p1b: Chi-Yu|Chi-Yu, L50|100\/100\n|switch|p2a: Scizor|Scizor, L50, M|100\/100\n|switch|p2b: Glimmora|Glimmora, L50, F|100\/100\n|-ability|p1b: Chi-Yu|Beads of Ruin\n|-enditem|p1a: Iron Bundle|Booster Energy\n|-activate|p1a: Iron Bundle|ability: Quark Drive|[fromitem]\n|-start|p1a: Iron Bundle|quarkdrivespe\n|turn|1\n|\n|t:|1682793824\n|move|p2a: Scizor|Protect|p2a: Scizor\n|-singleturn|p2a: Scizor|Protect\n|move|p1a: Iron Bundle|Hydro Pump|p2b: Glimmora\n|-supereffective|p2b: Glimmora\n|-damage|p2b: Glimmora|0 fnt\n|faint|p2b: Glimmora\n|move|p1b: Chi-Yu|Heat Wave|p2a: Scizor\n|-activate|p2a: Scizor|move: Protect\n|\n|upkeep\n|\n|t:|1682793842\n|switch|p2b: Flutter Mane|Flutter Mane, L50|100\/100\n|-enditem|p2b: Flutter Mane|Booster Energy\n|-activate|p2b: Flutter Mane|ability: Protosynthesis|[fromitem]\n|-start|p2b: Flutter Mane|protosynthesisspa\n|turn|2\n|\n|t:|1682793862\n|switch|p1b: Indeedee|Indeedee-F, L50, F|100\/100\n|-fieldstart|move: Psychic Terrain|[from] ability: Psychic Surge|[of] p1b: Indeedee\n|-terastallize|p2a: Scizor|Water\n|move|p2b: Flutter Mane|Protect|p2b: Flutter Mane\n|-singleturn|p2b: Flutter Mane|Protect\n|move|p1a: Iron Bundle|Icy Wind|p2a: Scizor|[spread] p2a\n|-activate|p2b: Flutter Mane|move: Protect\n|-resisted|p2a: Scizor\n|-damage|p2a: Scizor|88\/100\n|-unboost|p2a: Scizor|spe|1\n|move|p2a: Scizor|Tailwind|p2a: Scizor\n|-sidestart|p2: mattnot3|move: Tailwind\n|\n|upkeep\n|turn|3\n|\n|t:|1682793890\n|move|p2b: Flutter Mane|Moonblast|p1a: Iron Bundle\n|-damage|p1a: Iron Bundle|0 fnt\n|faint|p1a: Iron Bundle\n|-end|p1a: Iron Bundle|Quark Drive|[silent]\n|move|p2a: Scizor|U-turn|p1b: Indeedee\n|-supereffective|p1b: Indeedee\n|-damage|p1b: Indeedee|16\/100\n|\n|t:|1682793897\n|switch|p2a: Chi-Yu|Chi-Yu, L50|100\/100|[from] U-turn\n|-ability|p2a: Chi-Yu|Beads of Ruin\n|move|p1b: Indeedee|Trick Room|p1b: Indeedee\n|-fieldstart|move: Trick Room|[of] p1b: Indeedee\n|\n|upkeep\n|\n|t:|1682793916\n|switch|p1a: Flutter Mane|Flutter Mane, L50|100\/100\n|turn|4\n|\n|t:|1682793943\n|switch|p1b: Chi-Yu|Chi-Yu, L50|100\/100\n|-ability|p1b: Chi-Yu|Beads of Ruin\n|-terastallize|p1a: Flutter Mane|Fairy\n|move|p1a: Flutter Mane|Dazzling Gleam|p2b: Flutter Mane|[spread] p2a,p2b\n|-damage|p2a: Chi-Yu|31\/100\n|-damage|p2b: Flutter Mane|7\/100\n|move|p2a: Chi-Yu|Snarl|p1a: Flutter Mane|[spread] p1a,p1b\n|-resisted|p1a: Flutter Mane\n|-resisted|p1b: Chi-Yu\n|-damage|p1a: Flutter Mane|80\/100\n|-damage|p1b: Chi-Yu|84\/100\n|-unboost|p1a: Flutter Mane|spa|1\n|-unboost|p1b: Chi-Yu|spa|1\n|move|p2b: Flutter Mane|Shadow Ball|p1a: Flutter Mane\n|-damage|p1a: Flutter Mane|0 fnt\n|faint|p1a: Flutter Mane\n|-end|p1a: Flutter Mane|Protosynthesis|[silent]\n|\n|upkeep\n|\n|t:|1682793955\n|switch|p1a: Indeedee|Indeedee-F, L50, F|16\/100\n|turn|5\n|\n|t:|1682793981\n|move|p2b: Flutter Mane|Protect|p2b: Flutter Mane\n|-singleturn|p2b: Flutter Mane|Protect\n|move|p1a: Indeedee|Psychic|p2b: Flutter Mane\n|-activate|p2b: Flutter Mane|move: Protect\n|move|p1b: Chi-Yu|Overheat|p2a: Chi-Yu\n|-resisted|p2a: Chi-Yu\n|-damage|p2a: Chi-Yu|10\/100\n|-unboost|p1b: Chi-Yu|spa|2\n|move|p2a: Chi-Yu|Snarl|p1b: Chi-Yu|[spread] p1a,p1b\n|-supereffective|p1a: Indeedee\n|-resisted|p1b: Chi-Yu\n|-damage|p1a: Indeedee|0 fnt\n|-damage|p1b: Chi-Yu|68\/100\n|-unboost|p1b: Chi-Yu|spa|1\n|faint|p1a: Indeedee\n|\n|-sideend|p2: mattnot3|move: Tailwind\n|upkeep\n|turn|6\n|\n|t:|1682793994\n|move|p2a: Chi-Yu|Snarl|p1b: Chi-Yu\n|-resisted|p1b: Chi-Yu\n|-damage|p1b: Chi-Yu|45\/100\n|-unboost|p1b: Chi-Yu|spa|1\n|move|p1b: Chi-Yu|Heat Wave|p2b: Flutter Mane|[spread] p2a,p2b\n|-resisted|p2a: Chi-Yu\n|-damage|p2a: Chi-Yu|5\/100\n|-damage|p2b: Flutter Mane|0 fnt\n|faint|p2b: Flutter Mane\n|-end|p2b: Flutter Mane|Protosynthesis|[silent]\n|\n|-fieldend|move: Psychic Terrain\n|upkeep\n|\n|t:|1682794001\n|switch|p2b: Scizor|Scizor, L50, M, tera:Water|88\/100\n|turn|7\n|\n|t:|1682794037\n|move|p2b: Scizor|U-turn|p1b: Chi-Yu\n|-damage|p1b: Chi-Yu|0 fnt\n|faint|p1b: Chi-Yu\n|\n|win|mattnot3\n|raw|spectime's rating: 1413 → 1392<\/strong> (-21 for losing)\n|raw|mattnot3's rating: 1392 → 1413<\/strong> (+21 for winning)\n|c|\u2606mattnot3|gg\n|l|\u2606spectime\n","uploadtime":1682794044,"views":18,"p1id":"spectime","p2id":"mattnot3","formatid":"gen9vgc2023regulationc","rating":1392,"private":0,"password":""}