{"id":"gen9vgc2023regulationc-1863005349","p1":"Igpvala","p2":"delyst","format":"[Gen 9] VGC 2023 Regulation C","log":"|j|\u2606Igpvala\n|j|\u2606delyst\n|t:|1683950987\n|gametype|doubles\n|player|p1|Igpvala|hugh|1212\n|player|p2|delyst|bugcatcher-gen4dp|1197\n|teamsize|p1|6\n|teamsize|p2|6\n|gen|9\n|tier|[Gen 9] VGC 2023 Regulation C\n|rated|\n|rule|Species Clause: Limit one of each Pok\u00e9mon\n|rule|Item Clause: Limit one of each item\n|clearpoke\n|poke|p1|Vaporeon, L50, F|\n|poke|p1|Garganacl, L50, M|\n|poke|p1|Flutter Mane, L50|\n|poke|p1|Iron Bundle, L50|\n|poke|p1|Iron Hands, L50|\n|poke|p1|Great Tusk, L50|\n|poke|p2|Ting-Lu, L50|\n|poke|p2|Vivillon-Fancy, L50, M|\n|poke|p2|Iron Bundle, L50|\n|poke|p2|Abomasnow, L50, F|\n|poke|p2|Annihilape, L50, M|\n|poke|p2|Chien-Pao, L50|\n|teampreview|4\n|inactive|Battle timer is ON: inactive players will automatically lose when time's up. (requested by delyst)\n|\n|t:|1683951013\n|start\n|switch|p1a: Iron Hands|Iron Hands, L50, shiny|100\/100\n|switch|p1b: Flutter Mane|Flutter Mane, L50, shiny|100\/100\n|switch|p2a: Iron Bundle|Iron Bundle, L50|100\/100\n|switch|p2b: Abomasnow|Abomasnow, L50, F|100\/100\n|-weather|Snow|[from] ability: Snow Warning|[of] p2b: Abomasnow\n|-enditem|p2a: Iron Bundle|Booster Energy\n|-activate|p2a: Iron Bundle|ability: Quark Drive|[fromitem]\n|-start|p2a: Iron Bundle|quarkdrivespe\n|turn|1\n|inactive|delyst has 30 seconds left.\n|\n|t:|1683951038\n|move|p2a: Iron Bundle|Aurora Veil|p2a: Iron Bundle\n|-sidestart|p2: delyst|move: Aurora Veil\n|move|p1b: Flutter Mane|Dazzling Gleam|p2a: Iron Bundle|[spread] p2a,p2b\n|-damage|p2a: Iron Bundle|57\/100\n|-damage|p2b: Abomasnow|70\/100\n|move|p2b: Abomasnow|Blizzard|p1a: Iron Hands|[spread] p1a,p1b\n|-damage|p1a: Iron Hands|76\/100\n|-damage|p1b: Flutter Mane|54\/100\n|-damage|p2b: Abomasnow|60\/100|[from] item: Life Orb\n|move|p1a: Iron Hands|Close Combat|p2b: Abomasnow\n|-supereffective|p2b: Abomasnow\n|-damage|p2b: Abomasnow|0 fnt\n|-unboost|p1a: Iron Hands|def|1\n|-unboost|p1a: Iron Hands|spd|1\n|faint|p2b: Abomasnow\n|\n|-weather|Snow|[upkeep]\n|upkeep\n|\n|t:|1683951061\n|switch|p2b: Vivillon|Vivillon-Fancy, L50, M|100\/100\n|turn|2\n|\n|t:|1683951077\n|-end|p1b: Flutter Mane|Protosynthesis|[silent]\n|switch|p1b: Iron Bundle|Iron Bundle, L50, shiny|100\/100\n|move|p2b: Vivillon|Protect|p2b: Vivillon\n|-singleturn|p2b: Vivillon|Protect\n|move|p2a: Iron Bundle|Blizzard|p1b: Iron Bundle|[spread] p1a,p1b\n|-crit|p1a: Iron Hands\n|-resisted|p1b: Iron Bundle\n|-damage|p1a: Iron Hands|26\/100\n|-damage|p1b: Iron Bundle|80\/100\n|move|p1a: Iron Hands|Wild Charge|p2a: Iron Bundle\n|-supereffective|p2a: Iron Bundle\n|-damage|p2a: Iron Bundle|12\/100\n|-damage|p1a: Iron Hands|19\/100|[from] Recoil\n|\n|-weather|Snow|[upkeep]\n|upkeep\n|turn|3\n|\n|t:|1683951101\n|move|p1b: Iron Bundle|Protect|p1b: Iron Bundle\n|-singleturn|p1b: Iron Bundle|Protect\n|move|p2a: Iron Bundle|Blizzard|p1b: Iron Bundle|[spread] p1a\n|-activate|p1b: Iron Bundle|move: Protect\n|-damage|p1a: Iron Hands|0 fnt\n|faint|p1a: Iron Hands\n|-end|p1a: Iron Hands|Quark Drive|[silent]\n|move|p2b: Vivillon|Pollen Puff|p1b: Iron Bundle\n|-activate|p1b: Iron Bundle|move: Protect\n|\n|-weather|Snow|[upkeep]\n|upkeep\n|\n|t:|1683951115\n|switch|p1a: Great Tusk|Great Tusk, L50, shiny|100\/100\n|turn|4\n|\n|t:|1683951124\n|-end|p1b: Iron Bundle|Quark Drive|[silent]\n|switch|p1b: Flutter Mane|Flutter Mane, L50, shiny|54\/100\n|-terastallize|p1a: Great Tusk|Fire\n|move|p2a: Iron Bundle|Blizzard|p1a: Great Tusk|[spread] p1a,p1b\n|-resisted|p1a: Great Tusk\n|-damage|p1a: Great Tusk|70\/100\n|-damage|p1b: Flutter Mane|12\/100\n|move|p2b: Vivillon|Pollen Puff|p1b: Flutter Mane\n|-resisted|p1b: Flutter Mane\n|-damage|p1b: Flutter Mane|2\/100\n|move|p1a: Great Tusk|Rock Slide|p2b: Vivillon|[spread] p2a,p2b\n|-supereffective|p2a: Iron Bundle\n|-supereffective|p2b: Vivillon\n|-damage|p2a: Iron Bundle|0 fnt\n|-enditem|p2b: Vivillon|Focus Sash\n|-damage|p2b: Vivillon|1\/100\n|faint|p2a: Iron Bundle\n|-end|p2a: Iron Bundle|Quark Drive|[silent]\n|\n|-weather|Snow|[upkeep]\n|upkeep\n|\n|t:|1683951142\n|switch|p2a: Ting-Lu|Ting-Lu, L50|100\/100\n|-ability|p2a: Ting-Lu|Vessel of Ruin\n|turn|5\n|\n|t:|1683951155\n|-terastallize|p2a: Ting-Lu|Ground\n|move|p2b: Vivillon|Rage Powder|p2b: Vivillon\n|-singleturn|p2b: Vivillon|move: Rage Powder\n|move|p1b: Flutter Mane|Dazzling Gleam|p2a: Ting-Lu|[spread] p2a,p2b\n|-damage|p2a: Ting-Lu|84\/100\n|-damage|p2b: Vivillon|0 fnt\n|faint|p2b: Vivillon\n|move|p1a: Great Tusk|Rock Slide|p2a: Ting-Lu\n|-resisted|p2a: Ting-Lu\n|-damage|p2a: Ting-Lu|79\/100\n|cant|p2a: Ting-Lu|flinch\n|\n|-weather|none\n|-sideend|p2: delyst|move: Aurora Veil\n|upkeep\n|turn|6\n|\n|t:|1683951178\n|move|p1b: Flutter Mane|Dazzling Gleam|p2a: Ting-Lu\n|-damage|p2a: Ting-Lu|34\/100\n|move|p1a: Great Tusk|Close Combat|p2a: Ting-Lu\n|-crit|p2a: Ting-Lu\n|-damage|p2a: Ting-Lu|0 fnt\n|-unboost|p1a: Great Tusk|def|1\n|-unboost|p1a: Great Tusk|spd|1\n|faint|p2a: Ting-Lu\n|\n|win|Igpvala\n|raw|Igpvala's rating: 1212 → 1236<\/strong> (+24 for winning)\n|raw|delyst's rating: 1197 → 1173<\/strong> (-24 for losing)\n|l|\u2606delyst\n","uploadtime":1683951194,"views":9,"p1id":"igpvala","p2id":"delyst","formatid":"gen9vgc2023regulationc","rating":1173,"private":0,"password":""}