{"id":"gen9vgc2023regulationc-1860435913","p1":"Jacob Laye","p2":"garmoyou123","format":"[Gen 9] VGC 2023 Regulation C","log":"|j|\u2606Jacob Laye\n|j|\u2606garmoyou123\n|t:|1683644036\n|gametype|doubles\n|player|p1|Jacob Laye|170|1157\n|player|p2|garmoyou123|pokemaniac|1076\n|teamsize|p1|6\n|teamsize|p2|6\n|gen|9\n|tier|[Gen 9] VGC 2023 Regulation C\n|rated|\n|rule|Species Clause: Limit one of each Pok\u00e9mon\n|rule|Item Clause: Limit one of each item\n|clearpoke\n|poke|p1|Flamigo, L50, M|\n|poke|p1|Iron Bundle, L50|\n|poke|p1|Talonflame, L50, F|\n|poke|p1|Espathra, L50, M|\n|poke|p1|Pelipper, L50, F|\n|poke|p1|Kilowattrel, L50, F|\n|poke|p2|Torkoal, L50, F|\n|poke|p2|Flutter Mane, L50|\n|poke|p2|Chi-Yu, L50|\n|poke|p2|Great Tusk, L50|\n|poke|p2|Dragonite, L50, F|\n|poke|p2|Jumpluff, L50, F|\n|teampreview|4\n|\n|t:|1683644069\n|start\n|switch|p1a: Talonflame|Talonflame, L50, F|100\/100\n|switch|p1b: Espathra|Espathra, L50, M|100\/100\n|switch|p2a: Flutter Mane|Flutter Mane, L50|100\/100\n|switch|p2b: Chi-Yu|Chi-Yu, L50|100\/100\n|-ability|p2b: Chi-Yu|Beads of Ruin\n|-enditem|p2a: Flutter Mane|Booster Energy\n|-activate|p2a: Flutter Mane|ability: Protosynthesis|[fromitem]\n|-start|p2a: Flutter Mane|protosynthesisspa\n|turn|1\n|\n|t:|1683644084\n|move|p1b: Espathra|Protect|p1b: Espathra\n|-singleturn|p1b: Espathra|Protect\n|move|p1a: Talonflame|Flare Blitz|p2a: Flutter Mane\n|-damage|p2a: Flutter Mane|46\/100\n|-damage|p1a: Talonflame|85\/100|[from] Recoil\n|move|p2a: Flutter Mane|Moonblast|p1b: Espathra\n|-activate|p1b: Espathra|move: Protect\n|move|p2b: Chi-Yu|Nasty Plot|p2b: Chi-Yu\n|-boost|p2b: Chi-Yu|spa|2\n|\n|-ability|p1b: Espathra|Speed Boost|boost\n|-boost|p1b: Espathra|spe|1\n|upkeep\n|turn|2\n|\n|t:|1683644109\n|move|p2a: Flutter Mane|Protect|p2a: Flutter Mane\n|-singleturn|p2a: Flutter Mane|Protect\n|move|p1b: Espathra|Calm Mind|p1b: Espathra\n|-boost|p1b: Espathra|spa|1\n|-boost|p1b: Espathra|spd|1\n|move|p1a: Talonflame|Flare Blitz|p2a: Flutter Mane\n|-activate|p2a: Flutter Mane|move: Protect\n|move|p2b: Chi-Yu|Heat Wave|p1b: Espathra|[spread] p1a,p1b\n|-resisted|p1a: Talonflame\n|-damage|p1a: Talonflame|25\/100\n|-damage|p1b: Espathra|8\/100\n|\n|-ability|p1b: Espathra|Speed Boost|boost\n|-boost|p1b: Espathra|spe|1\n|upkeep\n|turn|3\n|\n|t:|1683644141\n|-end|p2a: Flutter Mane|Protosynthesis|[silent]\n|switch|p2a: Dragonite|Dragonite, L50, F, shiny|100\/100\n|move|p1b: Espathra|Protect|p1b: Espathra\n|-singleturn|p1b: Espathra|Protect\n|move|p1a: Talonflame|Flare Blitz|p2a: Dragonite\n|-resisted|p2a: Dragonite\n|-damage|p2a: Dragonite|92\/100\n|-damage|p1a: Talonflame|22\/100|[from] Recoil\n|move|p2b: Chi-Yu|Heat Wave|p1a: Talonflame|[spread] p1a\n|-activate|p1b: Espathra|move: Protect\n|-resisted|p1a: Talonflame\n|-damage|p1a: Talonflame|0 fnt\n|faint|p1a: Talonflame\n|\n|-ability|p1b: Espathra|Speed Boost|boost\n|-boost|p1b: Espathra|spe|1\n|upkeep\n|\n|t:|1683644154\n|switch|p1a: Pelipper|Pelipper, L50, F|100\/100\n|-weather|RainDance|[from] ability: Drizzle|[of] p1a: Pelipper\n|turn|4\n|\n|t:|1683644166\n|switch|p2b: Flutter Mane|Flutter Mane, L50|46\/100\n|move|p2a: Dragonite|Extreme Speed|p1b: Espathra\n|-damage|p1b: Espathra|0 fnt\n|faint|p1b: Espathra\n|move|p1a: Pelipper|Soak|p2b: Flutter Mane\n|-start|p2b: Flutter Mane|typechange|Water\n|\n|-weather|RainDance|[upkeep]\n|upkeep\n|\n|t:|1683644174\n|switch|p1b: Kilowattrel|Kilowattrel, L50, F|100\/100\n|turn|5\n|\n|t:|1683644188\n|-end|p2b: Flutter Mane|Protosynthesis|[silent]\n|switch|p2b: Chi-Yu|Chi-Yu, L50|100\/100\n|-ability|p2b: Chi-Yu|Beads of Ruin\n|move|p1b: Kilowattrel|Thunder|p2a: Dragonite\n|-damage|p2a: Dragonite|30\/100\n|move|p2a: Dragonite|Ice Spinner|p1a: Pelipper\n|-damage|p1a: Pelipper|74\/100\n|move|p1a: Pelipper|Soak|p2a: Dragonite\n|-start|p2a: Dragonite|typechange|Water\n|\n|-weather|RainDance|[upkeep]\n|upkeep\n|turn|6\n|\n|t:|1683644215\n|move|p1b: Kilowattrel|Thunder|p2a: Dragonite\n|-supereffective|p2a: Dragonite\n|-damage|p2a: Dragonite|0 fnt\n|faint|p2a: Dragonite\n|move|p2b: Chi-Yu|Nasty Plot|p2b: Chi-Yu\n|-boost|p2b: Chi-Yu|spa|2\n|move|p1a: Pelipper|Soak|p2b: Chi-Yu\n|-start|p2b: Chi-Yu|typechange|Water\n|\n|-weather|RainDance|[upkeep]\n|upkeep\n|\n|t:|1683644219\n|switch|p2a: Torkoal|Torkoal, L50, F, shiny|100\/100\n|-weather|SunnyDay|[from] ability: Drought|[of] p2a: Torkoal\n|turn|7\n|\n|t:|1683644237\n|switch|p2a: Flutter Mane|Flutter Mane, L50|46\/100\n|-activate|p2a: Flutter Mane|ability: Protosynthesis\n|-start|p2a: Flutter Mane|protosynthesisspa\n|move|p1a: Pelipper|Wide Guard|p1a: Pelipper\n|-singleturn|p1a: Pelipper|Wide Guard\n|move|p1b: Kilowattrel|Thunder|p2b: Chi-Yu|[miss]\n|-miss|p1b: Kilowattrel|p2b: Chi-Yu\n|move|p2b: Chi-Yu|Nasty Plot|p2b: Chi-Yu\n|-boost|p2b: Chi-Yu|spa|2\n|\n|-weather|SunnyDay|[upkeep]\n|upkeep\n|turn|8\n|\n|t:|1683644262\n|move|p1a: Pelipper|Helping Hand|p1b: Kilowattrel\n|-singleturn|p1b: Kilowattrel|Helping Hand|[of] p1a: Pelipper\n|move|p1b: Kilowattrel|Weather Ball|p2a: Flutter Mane\n|-damage|p2a: Flutter Mane|0 fnt\n|faint|p2a: Flutter Mane\n|-end|p2a: Flutter Mane|Protosynthesis|[silent]\n|move|p2b: Chi-Yu|Dark Pulse|p1b: Kilowattrel\n|-damage|p1b: Kilowattrel|0 fnt\n|faint|p1b: Kilowattrel\n|\n|-weather|SunnyDay|[upkeep]\n|upkeep\n|\n|t:|1683644271\n|switch|p2a: Torkoal|Torkoal, L50, F, shiny|100\/100\n|turn|9\n|-message|Jacob Laye forfeited.\n|\n|win|garmoyou123\n|raw|Jacob Laye's rating: 1157 → 1126<\/strong> (-31 for losing)\n|raw|garmoyou123's rating: 1076 → 1111<\/strong> (+35 for winning)\n|l|\u2606Jacob Laye\n","uploadtime":1683644289,"views":3,"p1id":"jacoblaye","p2id":"garmoyou123","formatid":"gen9vgc2023regulationc","rating":1111,"private":0,"password":""}