{"id":"gen9vgc2023regulationc-1852860534","p1":"Breloom3912","p2":"702moths","format":"[Gen 9] VGC 2023 Regulation C","log":"|j|\u2606Breloom3912\n|j|\u2606702moths\n|t:|1682612384\n|gametype|doubles\n|player|p1|Breloom3912|thorton|\n|player|p2|702moths|unknownf|\n|teamsize|p1|6\n|teamsize|p2|6\n|gen|9\n|tier|[Gen 9] VGC 2023 Regulation C\n|rated|Tournament battle\n|rule|Species Clause: Limit one of each Pok\u00e9mon\n|rule|Item Clause: Limit one of each item\n|clearpoke\n|poke|p1|Amoonguss, L50, M|\n|poke|p1|Flutter Mane, L50|\n|poke|p1|Arcanine, L50, F|\n|poke|p1|Palafin, L50, M|\n|poke|p1|Kingambit, L50, F|\n|poke|p1|Iron Hands, L50|\n|poke|p2|Chi-Yu, L50|\n|poke|p2|Flutter Mane, L50|\n|poke|p2|Wo-Chien, L50|\n|poke|p2|Glimmora, L50, F|\n|poke|p2|Palafin, L50, M|\n|poke|p2|Baxcalibur, L50, M|\n|teampreview|4\n|raw| Open Team Sheet for Breloom3912<\/summary>Amoonguss @ Sitrus Berry Ability: Regenerator Level: 50 Shiny: Yes Tera Type: Water - Spore - Rage Powder - Pollen Puff - Protect Flutter Mane @ Booster Energy Ability: Protosynthesis Level: 50 Tera Type: Fairy - Moonblast - Shadow Ball - Dazzling Gleam - Protect Flower (Arcanine) @ Safety Goggles Ability: Intimidate Level: 50 Tera Type: Grass - Flare Blitz - Extreme Speed - Howl - Will-O-Wisp Beluga (Palafin) @ Mystic Water Ability: Zero to Hero Level: 50 Tera Type: Water - Wave Crash - Jet Punch - Drain Punch - Protect Excalibur (Kingambit) @ Lum Berry Ability: Defiant Level: 50 Tera Type: Dark - Kowtow Cleave - Sucker Punch - Swords Dance - Protect Iron Hands @ Assault Vest Ability: Quark Drive Level: 50 Tera Type: Grass - Drain Punch - Wild Charge - Fake Out - Heavy Slam <\/details><\/div> Open Team Sheet for 702moths<\/summary>Chi-Yu @ Focus Sash Ability: Beads of Ruin Level: 50 Tera Type: Grass - Overheat - Heat Wave - Dark Pulse - Protect Flutter Mane @ Choice Specs Ability: Protosynthesis Level: 50 Tera Type: Grass - Shadow Ball - Moonblast - Dazzling Gleam - Thunderbolt Wo-Chien @ Leftovers Ability: Tablets of Ruin Level: 50 Tera Type: Poison - Protect - Foul Play - Pollen Puff - Leech Seed Glimmora @ Assault Vest Ability: Corrosion Level: 50 Tera Type: Grass - Mortal Spin - Venoshock - Power Gem - Energy Ball Palafin @ Safety Goggles Ability: Zero to Hero Level: 50 Tera Type: Water - Protect - Wave Crash - Jet Punch - Ice Punch Baxcalibur @ Clear Amulet Ability: Thermal Exchange Level: 50 Tera Type: Water - Protect - Swords Dance - Glaive Rush - Ice Shard <\/details><\/div>\n|inactive|Battle timer is ON: inactive players will automatically lose when time's up. (requested by Breloom3912)\n|inactive|702moths also wants the timer to be on.\n|inactive|Breloom3912 has 60 seconds left.\n|\n|t:|1682612421\n|start\n|switch|p1a: Iron Hands|Iron Hands, L50|100\/100\n|switch|p1b: Flower|Arcanine, L50, F|100\/100\n|switch|p2a: Glimmora|Glimmora, L50, F|100\/100\n|switch|p2b: Wo-Chien|Wo-Chien, L50|100\/100\n|-ability|p1b: Flower|Intimidate|boost\n|-unboost|p2a: Glimmora|atk|1\n|-unboost|p2b: Wo-Chien|atk|1\n|-ability|p2b: Wo-Chien|Tablets of Ruin\n|turn|1\n|\n|t:|1682612444\n|move|p1a: Iron Hands|Fake Out|p2a: Glimmora\n|-resisted|p2a: Glimmora\n|-damage|p2a: Glimmora|94\/100\n|move|p1b: Flower|Howl|p1b: Flower|[spread] p1a,p1b\n|-boost|p1a: Iron Hands|atk|1\n|-boost|p1b: Flower|atk|1\n|cant|p2a: Glimmora|flinch\n|move|p2b: Wo-Chien|Leech Seed|p1a: Iron Hands\n|-start|p1a: Iron Hands|move: Leech Seed\n|\n|-damage|p1a: Iron Hands|88\/100|[from] Leech Seed|[of] p2b: Wo-Chien\n|upkeep\n|turn|2\n|\n|t:|1682612463\n|-terastallize|p2b: Wo-Chien|Poison\n|move|p1b: Flower|Flare Blitz|p2b: Wo-Chien\n|-damage|p2b: Wo-Chien|56\/100\n|-damage|p1b: Flower|86\/100|[from] Recoil\n|move|p2a: Glimmora|Mortal Spin|p1a: Iron Hands|[spread] p1a,p1b\n|-damage|p1a: Iron Hands|87\/100\n|-damage|p1b: Flower|84\/100\n|-status|p1a: Iron Hands|psn\n|-status|p1b: Flower|psn\n|move|p2b: Wo-Chien|Foul Play|p1b: Flower\n|-damage|p1b: Flower|37\/100 psn\n|move|p1a: Iron Hands|Drain Punch|p2a: Glimmora\n|-damage|p2a: Glimmora|43\/100\n|-heal|p1a: Iron Hands|100\/100 psn|[from] drain|[of] p2a: Glimmora\n|\n|-heal|p2b: Wo-Chien|62\/100|[from] item: Leftovers\n|-damage|p1a: Iron Hands|88\/100 psn|[from] Leech Seed|[of] p2b: Wo-Chien\n|-heal|p2b: Wo-Chien|78\/100|[silent]\n|-damage|p1b: Flower|25\/100 psn|[from] psn\n|-damage|p1a: Iron Hands|76\/100 psn|[from] psn\n|upkeep\n|turn|3\n|inactive|Breloom3912 has 30 seconds left.\n|\n|t:|1682612490\n|switch|p2a: Flutter Mane|Flutter Mane, L50|100\/100\n|move|p1b: Flower|Flare Blitz|p2b: Wo-Chien\n|-damage|p2b: Wo-Chien|36\/100\n|-damage|p1b: Flower|12\/100 psn|[from] Recoil\n|move|p2b: Wo-Chien|Foul Play|p1b: Flower\n|-damage|p1b: Flower|0 fnt\n|faint|p1b: Flower\n|move|p1a: Iron Hands|Heavy Slam|p2a: Flutter Mane\n|-supereffective|p2a: Flutter Mane\n|-damage|p2a: Flutter Mane|0 fnt\n|faint|p2a: Flutter Mane\n|-end|p2a: Flutter Mane|Protosynthesis|[silent]\n|\n|-heal|p2b: Wo-Chien|43\/100|[from] item: Leftovers\n|-damage|p1a: Iron Hands|64\/100 psn|[from] Leech Seed|[of] p2b: Wo-Chien\n|-heal|p2b: Wo-Chien|58\/100|[silent]\n|-damage|p1a: Iron Hands|52\/100 psn|[from] psn\n|upkeep\n|\n|t:|1682612506\n|switch|p2a: Glimmora|Glimmora, L50, F|43\/100\n|switch|p1b: Excalibur|Kingambit, L50, F|100\/100\n|turn|4\n|inactive|Breloom3912 has 30 seconds left.\n|\n|t:|1682612543\n|move|p2a: Glimmora|Venoshock|p1a: Iron Hands\n|-damage|p1a: Iron Hands|16\/100 psn\n|move|p2b: Wo-Chien|Pollen Puff|p2a: Glimmora\n|-heal|p2a: Glimmora|93\/100\n|move|p1a: Iron Hands|Drain Punch|p2a: Glimmora\n|-damage|p2a: Glimmora|39\/100\n|-heal|p1a: Iron Hands|34\/100 psn|[from] drain|[of] p2a: Glimmora\n|move|p1b: Excalibur|Swords Dance|p1b: Excalibur\n|-boost|p1b: Excalibur|atk|2\n|\n|-heal|p2b: Wo-Chien|64\/100|[from] item: Leftovers\n|-damage|p1a: Iron Hands|22\/100 psn|[from] Leech Seed|[of] p2b: Wo-Chien\n|-heal|p2b: Wo-Chien|79\/100|[silent]\n|-damage|p1a: Iron Hands|10\/100 psn|[from] psn\n|upkeep\n|turn|5\n|\n|t:|1682612560\n|-terastallize|p1b: Excalibur|Dark\n|move|p1b: Excalibur|Sucker Punch|p2a: Glimmora\n|-damage|p2a: Glimmora|0 fnt\n|faint|p2a: Glimmora\n|move|p2b: Wo-Chien|Leech Seed|p1b: Excalibur\n|-start|p1b: Excalibur|move: Leech Seed\n|move|p1a: Iron Hands|Wild Charge|p2b: Wo-Chien\n|-damage|p2b: Wo-Chien|32\/100\n|-damage|p1a: Iron Hands|0 fnt|[from] Recoil\n|faint|p1a: Iron Hands\n|-end|p1a: Iron Hands|Quark Drive|[silent]\n|\n|-heal|p2b: Wo-Chien|38\/100|[from] item: Leftovers\n|-damage|p1b: Excalibur|88\/100|[from] Leech Seed|[of] p2b: Wo-Chien\n|-heal|p2b: Wo-Chien|51\/100|[silent]\n|upkeep\n|\n|t:|1682612570\n|switch|p2a: Baxcalibur|Baxcalibur, L50, M|100\/100\n|switch|p1a: Flutter Mane|Flutter Mane, L50|100\/100\n|-enditem|p1a: Flutter Mane|Booster Energy\n|-activate|p1a: Flutter Mane|ability: Protosynthesis|[fromitem]\n|-start|p1a: Flutter Mane|protosynthesisspa\n|turn|6\n|\n|t:|1682612584\n|move|p2a: Baxcalibur|Protect|p2a: Baxcalibur\n|-singleturn|p2a: Baxcalibur|Protect\n|move|p2b: Wo-Chien|Protect|p2b: Wo-Chien\n|-singleturn|p2b: Wo-Chien|Protect\n|move|p1a: Flutter Mane|Moonblast|p2a: Baxcalibur\n|-activate|p2a: Baxcalibur|move: Protect\n|move|p1b: Excalibur|Kowtow Cleave|p2b: Wo-Chien\n|-activate|p2b: Wo-Chien|move: Protect\n|\n|-heal|p2b: Wo-Chien|57\/100|[from] item: Leftovers\n|-damage|p1b: Excalibur|76\/100|[from] Leech Seed|[of] p2b: Wo-Chien\n|-heal|p2b: Wo-Chien|70\/100|[silent]\n|upkeep\n|turn|7\n|\n|t:|1682612603\n|move|p2a: Baxcalibur|Ice Shard|p1a: Flutter Mane\n|-damage|p1a: Flutter Mane|70\/100\n|move|p1a: Flutter Mane|Dazzling Gleam|p2b: Wo-Chien|[spread] p2a,p2b\n|-supereffective|p2a: Baxcalibur\n|-resisted|p2b: Wo-Chien\n|-damage|p2a: Baxcalibur|31\/100\n|-damage|p2b: Wo-Chien|59\/100\n|move|p2b: Wo-Chien|Foul Play|p1b: Excalibur\n|-resisted|p1b: Excalibur\n|-damage|p1b: Excalibur|34\/100\n|move|p1b: Excalibur|Kowtow Cleave|p2b: Wo-Chien\n|-damage|p2b: Wo-Chien|0 fnt\n|faint|p2b: Wo-Chien\n|\n|upkeep\n|turn|8\n|\n|t:|1682612621\n|move|p2a: Baxcalibur|Protect|p2a: Baxcalibur\n|-singleturn|p2a: Baxcalibur|Protect\n|move|p1b: Excalibur|Sucker Punch||[still]\n|-fail|p1b: Excalibur\n|move|p1a: Flutter Mane|Moonblast|p2a: Baxcalibur\n|-activate|p2a: Baxcalibur|move: Protect\n|\n|upkeep\n|turn|9\n|-message|702moths forfeited.\n|\n|win|Breloom3912\n|n|\u2606Breloom3912|breloom3912\n|n|\u2606702moths|702moths\n|l|\u2606702moths\n|c|\u2606Breloom3912|Ggwp\n","uploadtime":1682612650,"views":9,"p1id":"breloom3912","p2id":"702moths","formatid":"gen9vgc2023regulationc","rating":0,"private":0,"password":""}