{"id":"gen9vgc2023regulationc-1847664426","p1":"shiftyyy","p2":"Ak is op","format":"[Gen 9] VGC 2023 Regulation C","log":"|j|\u2606shiftyyy\n|j|\u2606Ak is op\n|t:|1681989630\n|gametype|doubles\n|player|p1|shiftyyy|dawn|1079\n|player|p2|Ak is op|youngster-gen4dp|1030\n|teamsize|p1|6\n|teamsize|p2|6\n|gen|9\n|tier|[Gen 9] VGC 2023 Regulation C\n|rated|\n|rule|Species Clause: Limit one of each Pok\u00e9mon\n|rule|Item Clause: Limit one of each item\n|clearpoke\n|poke|p1|Corviknight, L50, F|\n|poke|p1|Ting-Lu, L50|\n|poke|p1|Annihilape, L50, M|\n|poke|p1|Flutter Mane, L50|\n|poke|p1|Chien-Pao, L50|\n|poke|p1|Amoonguss, L50, M|\n|poke|p2|Gholdengo, L50|\n|poke|p2|Garganacl, L50, F|\n|poke|p2|Iron Moth, L50|\n|poke|p2|Kingambit, L50, F|\n|poke|p2|Palafin, L50, F|\n|poke|p2|Amoonguss, L50, M|\n|teampreview|4\n|inactive|Battle timer is ON: inactive players will automatically lose when time's up. (requested by Ak is op)\nAk is op rejected open team sheets.\n|inactive|shiftyyy has 60 seconds left.\n|\n|t:|1681989672\n|start\n|switch|p1a: Annihilape|Annihilape, L50, M|100\/100\n|switch|p1b: Amoonguss|Amoonguss, L50, M|100\/100\n|switch|p2a: Iron Moth|Iron Moth, L50|100\/100\n|switch|p2b: Palafin|Palafin, L50, F|100\/100\n|-enditem|p2a: Iron Moth|Booster Energy\n|-activate|p2a: Iron Moth|ability: Quark Drive|[fromitem]\n|-start|p2a: Iron Moth|quarkdrivespa\n|turn|1\n|\n|t:|1681989690\n|detailschange|p2b: Palafin|Palafin-Hero, L50, F\n|switch|p2b: Amoonguss|Amoonguss, L50, M|100\/100\n|move|p1b: Amoonguss|Protect|p1b: Amoonguss\n|-singleturn|p1b: Amoonguss|Protect\n|move|p2a: Iron Moth|Heat Wave|p1a: Annihilape|[spread] p1a\n|-activate|p1b: Amoonguss|move: Protect\n|-damage|p1a: Annihilape|64\/100\n|-status|p1a: Annihilape|brn\n|move|p1a: Annihilape|Bulk Up|p1a: Annihilape\n|-boost|p1a: Annihilape|atk|1\n|-boost|p1a: Annihilape|def|1\n|\n|-heal|p1a: Annihilape|70\/100 brn|[from] item: Leftovers\n|-damage|p1a: Annihilape|64\/100 brn|[from] brn\n|upkeep\n|turn|2\n|inactive|shiftyyy has 30 seconds left.\n|inactive|shiftyyy has 20 seconds left.\n|\n|t:|1681989726\n|-terastallize|p1b: Amoonguss|Water\n|move|p2b: Amoonguss|Protect|p2b: Amoonguss\n|-singleturn|p2b: Amoonguss|Protect\n|move|p2a: Iron Moth|Sludge Wave|p1b: Amoonguss|[spread] p1a,p1b\n|-activate|p2b: Amoonguss|move: Protect\n|-resisted|p1a: Annihilape\n|-damage|p1a: Annihilape|44\/100 brn\n|-damage|p1b: Amoonguss|54\/100\n|move|p1a: Annihilape|Rage Fist|p2a: Iron Moth\n|-damage|p2a: Iron Moth|19\/100\n|move|p1b: Amoonguss|Spore|p2a: Iron Moth\n|-status|p2a: Iron Moth|slp|[from] move: Spore\n|\n|-heal|p1a: Annihilape|50\/100 brn|[from] item: Leftovers\n|-damage|p1a: Annihilape|44\/100 brn|[from] brn\n|upkeep\n|turn|3\n|inactive|shiftyyy has 30 seconds left.\n|\n|t:|1681989752\n|cant|p2a: Iron Moth|slp\n|move|p1a: Annihilape|Rage Fist|p2b: Amoonguss\n|-damage|p2b: Amoonguss|44\/100\n|move|p2b: Amoonguss|Pollen Puff|p2a: Iron Moth\n|-heal|p2a: Iron Moth|68\/100 slp\n|move|p1b: Amoonguss|Pollen Puff|p1a: Annihilape\n|-heal|p1a: Annihilape|94\/100 brn\n|\n|-heal|p1a: Annihilape|99\/100 brn|[from] item: Leftovers\n|-heal|p2b: Amoonguss|50\/100|[from] item: Leftovers\n|-damage|p1a: Annihilape|94\/100 brn|[from] brn\n|upkeep\n|turn|4\n|inactive|Ak is op has 30 seconds left.\n|\n|t:|1681989778\n|cant|p2a: Iron Moth|slp\n|move|p1b: Amoonguss|Protect|p1b: Amoonguss\n|-singleturn|p1b: Amoonguss|Protect\n|move|p1a: Annihilape|Rage Fist|p2a: Iron Moth\n|-damage|p2a: Iron Moth|0 fnt\n|faint|p2a: Iron Moth\n|-end|p2a: Iron Moth|Quark Drive|[silent]\n|move|p2b: Amoonguss|Pollen Puff|p2: Iron Moth|[notarget]\n|-fail|p2b: Amoonguss\n|\n|-heal|p1a: Annihilape|99\/100 brn|[from] item: Leftovers\n|-heal|p2b: Amoonguss|56\/100|[from] item: Leftovers\n|-damage|p1a: Annihilape|94\/100 brn|[from] brn\n|upkeep\n|\n|t:|1681989797\n|switch|p2a: Kingambit|Kingambit, L50, F|100\/100\n|turn|5\n|\n|t:|1681989811\n|switch|p1b: Corviknight|Corviknight, L50, F|100\/100\n|-terastallize|p2a: Kingambit|Flying\n|move|p1a: Annihilape|Protect|p1a: Annihilape\n|-singleturn|p1a: Annihilape|Protect\n|move|p2b: Amoonguss|Rage Powder|p2b: Amoonguss\n|-singleturn|p2b: Amoonguss|move: Rage Powder\n|move|p2a: Kingambit|Tera Blast|p1a: Annihilape\n|-activate|p1a: Annihilape|move: Protect\n|\n|-heal|p1a: Annihilape|99\/100 brn|[from] item: Leftovers\n|-heal|p2b: Amoonguss|62\/100|[from] item: Leftovers\n|-damage|p1a: Annihilape|94\/100 brn|[from] brn\n|upkeep\n|turn|6\n|inactive|shiftyyy has 30 seconds left.\n|\n|t:|1681989839\n|move|p1a: Annihilape|Rage Fist|p2a: Kingambit\n|-damage|p2a: Kingambit|64\/100\n|move|p1b: Corviknight|Brave Bird|p2a: Kingambit\n|-crit|p2a: Kingambit\n|-damage|p2a: Kingambit|16\/100\n|-damage|p1b: Corviknight|84\/100|[from] Recoil\n|move|p2a: Kingambit|Tera Blast|p1a: Annihilape\n|-supereffective|p1a: Annihilape\n|-damage|p1a: Annihilape|33\/100 brn\n|move|p2b: Amoonguss|Spore|p1b: Corviknight\n|-status|p1b: Corviknight|slp|[from] move: Spore\n|\n|-heal|p1a: Annihilape|39\/100 brn|[from] item: Leftovers\n|-heal|p2b: Amoonguss|67\/100|[from] item: Leftovers\n|-damage|p1a: Annihilape|33\/100 brn|[from] brn\n|upkeep\n|turn|7\n|inactive|shiftyyy has 30 seconds left.\n|inactive|Ak is op has 30 seconds left.\n|\n|t:|1681989864\n|move|p1a: Annihilape|Rage Fist|p2a: Kingambit\n|-damage|p2a: Kingambit|0 fnt\n|faint|p2a: Kingambit\n|cant|p1b: Corviknight|slp\n|move|p2b: Amoonguss|Pollen Puff|p2: Kingambit|[notarget]\n|-fail|p2b: Amoonguss\n|\n|-heal|p1a: Annihilape|39\/100 brn|[from] item: Leftovers\n|-heal|p2b: Amoonguss|73\/100|[from] item: Leftovers\n|-damage|p1a: Annihilape|33\/100 brn|[from] brn\n|upkeep\n|\n|t:|1681989877\n|switch|p2a: Palafin|Palafin-Hero, L50, F|100\/100\n|-activate|p2a: Palafin|ability: Zero to Hero\n|turn|8\n|\n|t:|1681989887\n|move|p1a: Annihilape|Protect|p1a: Annihilape\n|-singleturn|p1a: Annihilape|Protect\n|move|p2b: Amoonguss|Rage Powder|p2b: Amoonguss\n|-singleturn|p2b: Amoonguss|move: Rage Powder\n|move|p2a: Palafin|Jet Punch|p1a: Annihilape\n|-activate|p1a: Annihilape|move: Protect\n|-curestatus|p1b: Corviknight|slp|[msg]\n|move|p1b: Corviknight|Bulk Up|p1b: Corviknight\n|-boost|p1b: Corviknight|atk|1\n|-boost|p1b: Corviknight|def|1\n|\n|-heal|p1a: Annihilape|39\/100 brn|[from] item: Leftovers\n|-heal|p2b: Amoonguss|79\/100|[from] item: Leftovers\n|-damage|p1a: Annihilape|33\/100 brn|[from] brn\n|upkeep\n|turn|9\n|\n|t:|1681989910\n|move|p2b: Amoonguss|Rage Powder|p2b: Amoonguss\n|-singleturn|p2b: Amoonguss|move: Rage Powder\n|move|p2a: Palafin|Bulk Up|p2a: Palafin\n|-boost|p2a: Palafin|atk|1\n|-boost|p2a: Palafin|def|1\n|move|p1a: Annihilape|Rage Fist|p2b: Amoonguss\n|-damage|p2b: Amoonguss|2\/100\n|move|p1b: Corviknight|Brave Bird|p2b: Amoonguss\n|-supereffective|p2b: Amoonguss\n|-damage|p2b: Amoonguss|0 fnt\n|faint|p2b: Amoonguss\n|-damage|p1b: Corviknight|84\/100|[from] Recoil\n|\n|-heal|p1a: Annihilape|39\/100 brn|[from] item: Leftovers\n|-damage|p1a: Annihilape|33\/100 brn|[from] brn\n|upkeep\n|turn|10\n|\n|t:|1681989932\n|move|p2a: Palafin|Jet Punch|p1a: Annihilape\n|-damage|p1a: Annihilape|0 fnt\n|faint|p1a: Annihilape\n|-damage|p2a: Palafin|91\/100|[from] item: Life Orb\n|move|p1b: Corviknight|Brave Bird|p2a: Palafin\n|-damage|p2a: Palafin|41\/100\n|-damage|p1b: Corviknight|70\/100|[from] Recoil\n|\n|upkeep\n|\n|t:|1681989943\n|switch|p1a: Amoonguss|Amoonguss, L50, M, tera:Water|87\/100\n|turn|11\n|\n|t:|1681989952\n|move|p2a: Palafin|Jet Punch|p1b: Corviknight\n|-damage|p1b: Corviknight|32\/100\n|-enditem|p1b: Corviknight|Sitrus Berry|[eat]\n|-heal|p1b: Corviknight|57\/100|[from] item: Sitrus Berry\n|-damage|p2a: Palafin|31\/100|[from] item: Life Orb\n|move|p1b: Corviknight|Roost|p1b: Corviknight\n|-heal|p1b: Corviknight|100\/100\n|-singleturn|p1b: Corviknight|move: Roost\n|move|p1a: Amoonguss|Spore|p2a: Palafin\n|-status|p2a: Palafin|slp|[from] move: Spore\n|\n|upkeep\n|turn|12\n|-message|Ak is op forfeited.\n|\n|win|shiftyyy\n|raw|shiftyyy's rating: 1079 → 1103<\/strong> (+24 for winning)\n|raw|Ak is op's rating: 1030 → 1018<\/strong> (-12 for losing)\n|l|\u2606Ak is op\n","uploadtime":1681989970,"views":17,"p1id":"shiftyyy","p2id":"akisop","formatid":"gen9vgc2023regulationc","rating":1018,"private":0,"password":""}