{"id":"gen9vgc2023regulationc-1857398503","p1":"LUCKI enjoyer123","p2":"GB Seraphix","format":"[Gen 9] VGC 2023 Regulation C","log":"|j|\u2606LUCKI enjoyer123\n|j|\u2606GB Seraphix\n|t:|1683186640\n|gametype|doubles\n|player|p1|LUCKI enjoyer123|harlequin|1109\n|player|p2|GB Seraphix|rosa|1163\n|teamsize|p1|6\n|teamsize|p2|6\n|gen|9\n|tier|[Gen 9] VGC 2023 Regulation C\n|rated|\n|rule|Species Clause: Limit one of each Pok\u00e9mon\n|rule|Item Clause: Limit one of each item\n|clearpoke\n|poke|p1|Amoonguss, L50, M|\n|poke|p1|Kingambit, L50, F|\n|poke|p1|Arcanine, L50, F|\n|poke|p1|Dragonite, L50, F|\n|poke|p1|Bronzong, L50|\n|poke|p1|Iron Hands, L50|\n|poke|p2|Lurantis, L50, F|\n|poke|p2|Hatterene, L50, F|\n|poke|p2|Torkoal, L50, M|\n|poke|p2|Indeedee-F, L50, F|\n|poke|p2|Oranguru, L50, M|\n|poke|p2|Hariyama, L50, M|\n|teampreview|4\n|\n|t:|1683186696\n|start\n|switch|p1a: Iron Hands|Iron Hands, L50|100\/100\n|switch|p1b: happy happens|Arcanine, L50, F|100\/100\n|switch|p2a: Preggy|Indeedee-F, L50, F|100\/100\n|switch|p2b: Sambalilo|Hatterene, L50, F|100\/100\n|-ability|p1b: happy happens|Intimidate|boost\n|-unboost|p2a: Preggy|atk|1\n|-unboost|p2b: Sambalilo|atk|1\n|-fieldstart|move: Psychic Terrain|[from] ability: Psychic Surge|[of] p2a: Preggy\n|-enditem|p2a: Preggy|Psychic Seed\n|-boost|p2a: Preggy|spd|1|[from] item: Psychic Seed\n|turn|1\n|\n|t:|1683186717\n|-terastallize|p1a: Iron Hands|Fire\n|move|p2a: Preggy|Follow Me|p2a: Preggy\n|-singleturn|p2a: Preggy|move: Follow Me\n|move|p1b: happy happens|Howl|p1b: happy happens|[spread] p1a,p1b\n|-boost|p1a: Iron Hands|atk|1\n|-boost|p1b: happy happens|atk|1\n|move|p1a: Iron Hands|Swords Dance|p1a: Iron Hands\n|-boost|p1a: Iron Hands|atk|2\n|move|p2b: Sambalilo|Trick Room|p2b: Sambalilo\n|-fieldstart|move: Trick Room|[of] p2b: Sambalilo\n|\n|upkeep\n|turn|2\n|\n|t:|1683186745\n|move|p2a: Preggy|Helping Hand|p2b: Sambalilo\n|-singleturn|p2b: Sambalilo|Helping Hand|[of] p2a: Preggy\n|move|p1a: Iron Hands|Detect|p1a: Iron Hands\n|-singleturn|p1a: Iron Hands|Protect\n|move|p2b: Sambalilo|Psychic|p1a: Iron Hands\n|-activate|p1a: Iron Hands|move: Protect\n|move|p1b: happy happens|Howl|p1b: happy happens|[spread] p1a,p1b\n|-boost|p1a: Iron Hands|atk|1\n|-boost|p1b: happy happens|atk|1\n|\n|upkeep\n|turn|3\n|\n|t:|1683186767\n|move|p2a: Preggy|Helping Hand|p2b: Sambalilo\n|-singleturn|p2b: Sambalilo|Helping Hand|[of] p2a: Preggy\n|move|p2b: Sambalilo|Psychic|p1a: Iron Hands\n|-damage|p1a: Iron Hands|9\/100\n|-damage|p2b: Sambalilo|91\/100|[from] item: Life Orb\n|move|p1a: Iron Hands|Drain Punch|p2a: Preggy\n|-damage|p2a: Preggy|0 fnt\n|-heal|p1a: Iron Hands|43\/100|[from] drain|[of] p2a: Preggy\n|faint|p2a: Preggy\n|move|p1b: happy happens|Howl|p1b: happy happens|[spread] p1a,p1b\n|-boost|p1a: Iron Hands|atk|1\n|-boost|p1b: happy happens|atk|1\n|\n|upkeep\n|\n|t:|1683186780\n|switch|p2a: Pawikan|Torkoal, L50, M|100\/100\n|-weather|SunnyDay|[from] ability: Drought|[of] p2a: Pawikan\n|turn|4\n|\n|t:|1683186799\n|move|p1a: Iron Hands|Detect|p1a: Iron Hands\n|-singleturn|p1a: Iron Hands|Protect\n|move|p2a: Pawikan|Clear Smog|p1b: happy happens\n|-damage|p1b: happy happens|90\/100\n|-clearboost|p1b: happy happens\n|move|p2b: Sambalilo|Psychic|p1a: Iron Hands\n|-activate|p1a: Iron Hands|move: Protect\n|move|p1b: happy happens|Flare Blitz|p2b: Sambalilo\n|-damage|p2b: Sambalilo|0 fnt\n|faint|p2b: Sambalilo\n|-damage|p1b: happy happens|65\/100|[from] Recoil\n|\n|-weather|SunnyDay|[upkeep]\n|-heal|p1b: happy happens|72\/100|[from] item: Leftovers\n|upkeep\n|\n|t:|1683186814\n|switch|p2b: Ganryu|Hariyama, L50, M|100\/100\n|turn|5\n|\n|t:|1683186847\n|-end|p1a: Iron Hands|Quark Drive|[silent]\n|switch|p1a: Dragonite|Dragonite, L50, F, shiny|100\/100\n|-terastallize|p2a: Pawikan|Fire\n|move|p2a: Pawikan|Eruption|p1a: Dragonite|[spread] p1a,p1b\n|-resisted|p1a: Dragonite\n|-resisted|p1b: happy happens\n|-damage|p1a: Dragonite|82\/100\n|-damage|p1b: happy happens|36\/100\n|move|p2b: Ganryu|Headlong Rush|p1a: Dragonite\n|-immune|p1a: Dragonite\n|move|p1b: happy happens|Play Rough|p2b: Ganryu|[miss]\n|-miss|p1b: happy happens|p2b: Ganryu\n|\n|-weather|SunnyDay|[upkeep]\n|-heal|p1b: happy happens|42\/100|[from] item: Leftovers\n|-fieldend|move: Trick Room\n|-fieldend|move: Psychic Terrain\n|-status|p2b: Ganryu|brn|[from] item: Flame Orb\n|upkeep\n|turn|6\n|\n|t:|1683186872\n|move|p1b: happy happens|Protect|p1b: happy happens\n|-singleturn|p1b: happy happens|Protect\n|move|p1a: Dragonite|Earthquake|p2a: Pawikan|[spread] p2a,p2b\n|-activate|p1b: happy happens|move: Protect\n|-supereffective|p2a: Pawikan\n|-damage|p2a: Pawikan|35\/100\n|-damage|p2b: Ganryu|50\/100 brn\n|move|p2b: Ganryu|Knock Off|p1a: Dragonite\n|-damage|p1a: Dragonite|36\/100\n|-enditem|p1a: Dragonite|Choice Band|[from] move: Knock Off|[of] p2b: Ganryu\n|move|p2a: Pawikan|Heat Wave|p1b: happy happens|[spread] p1a\n|-activate|p1b: happy happens|move: Protect\n|-resisted|p1a: Dragonite\n|-damage|p1a: Dragonite|14\/100\n|\n|-weather|SunnyDay|[upkeep]\n|-heal|p1b: happy happens|48\/100|[from] item: Leftovers\n|-damage|p2b: Ganryu|44\/100 brn|[from] brn\n|upkeep\n|turn|7\n|\n|t:|1683186892\n|move|p1a: Dragonite|Extreme Speed|p2a: Pawikan\n|-damage|p2a: Pawikan|12\/100\n|move|p1b: happy happens|Play Rough|p2b: Ganryu\n|-supereffective|p2b: Ganryu\n|-damage|p2b: Ganryu|0 fnt\n|faint|p2b: Ganryu\n|move|p2a: Pawikan|Heat Wave|p1b: happy happens|[spread] p1a,p1b\n|-resisted|p1a: Dragonite\n|-resisted|p1b: happy happens\n|-damage|p1a: Dragonite|0 fnt\n|-damage|p1b: happy happens|22\/100\n|faint|p1a: Dragonite\n|\n|-weather|SunnyDay|[upkeep]\n|-heal|p1b: happy happens|28\/100|[from] item: Leftovers\n|upkeep\n|\n|t:|1683186900\n|switch|p1a: Iron Hands|Iron Hands, L50, tera:Fire|43\/100\n|turn|8\n|c|\u2606LUCKI enjoyer123|ggs\n|inactive|Battle timer is ON: inactive players will automatically lose when time's up. (requested by LUCKI enjoyer123)\n|inactive|GB Seraphix has 60 seconds left.\n|\n|t:|1683187011\n|move|p1b: happy happens|Flare Blitz|p2a: Pawikan\n|-resisted|p2a: Pawikan\n|-damage|p2a: Pawikan|0 fnt\n|faint|p2a: Pawikan\n|-damage|p1b: happy happens|25\/100|[from] Recoil\n|\n|win|LUCKI enjoyer123\n|raw|LUCKI enjoyer123's rating: 1109 → 1138<\/strong> (+29 for winning)\n|raw|GB Seraphix's rating: 1163 → 1134<\/strong> (-29 for losing)\n","uploadtime":1683187019,"views":10,"p1id":"luckienjoyer123","p2id":"gbseraphix","formatid":"gen9vgc2023regulationc","rating":1134,"private":0,"password":""}