{"id":"gen9vgc2023regulationc-1860275753","p1":"barbiedoll27","p2":"RazorSquid","format":"[Gen 9] VGC 2023 Regulation C","log":"|j|\u2606barbiedoll27\n|j|\u2606RazorSquid\n|t:|1683623815\n|gametype|doubles\n|player|p1|barbiedoll27|169|1062\n|player|p2|RazorSquid|roughneck-gen4|1157\n|teamsize|p1|6\n|teamsize|p2|6\n|gen|9\n|tier|[Gen 9] VGC 2023 Regulation C\n|rated|\n|rule|Species Clause: Limit one of each Pok\u00e9mon\n|rule|Item Clause: Limit one of each item\n|clearpoke\n|poke|p1|Torkoal, L50, F|\n|poke|p1|Flutter Mane, L50|\n|poke|p1|Arcanine, L50, M|\n|poke|p1|Brute Bonnet, L50|\n|poke|p1|Talonflame, L50, F|\n|poke|p1|Murkrow, L50, M|\n|poke|p2|Iron Bundle, L50|\n|poke|p2|Vivillon, L50, M|\n|poke|p2|Abomasnow, L50, M|\n|poke|p2|Annihilape, L50, F|\n|poke|p2|Chien-Pao, L50|\n|poke|p2|Ting-Lu, L50|\n|teampreview|4\n|inactive|Battle timer is ON: inactive players will automatically lose when time's up. (requested by RazorSquid)\n|\n|t:|1683623843\n|start\n|switch|p1a: Flutter Mane|Flutter Mane, L50|100\/100\n|switch|p1b: Torkoal|Torkoal, L50, F|100\/100\n|switch|p2a: Vivillon|Vivillon, L50, M|100\/100\n|switch|p2b: Annihilape|Annihilape, L50, F|100\/100\n|-weather|SunnyDay|[from] ability: Drought|[of] p1b: Torkoal\n|-activate|p1a: Flutter Mane|ability: Protosynthesis\n|-start|p1a: Flutter Mane|protosynthesisspe\n|turn|1\n|\n|t:|1683623861\n|-terastallize|p2b: Annihilape|Fire\n|move|p1b: Torkoal|Helping Hand|p1a: Flutter Mane\n|-singleturn|p1a: Flutter Mane|Helping Hand|[of] p1b: Torkoal\n|move|p2a: Vivillon|Protect|p2a: Vivillon\n|-singleturn|p2a: Vivillon|Protect\n|move|p1a: Flutter Mane|Dazzling Gleam|p2a: Vivillon|[spread] p2b\n|-activate|p2a: Vivillon|move: Protect\n|-resisted|p2b: Annihilape\n|-damage|p2b: Annihilape|82\/100\n|-damage|p1a: Flutter Mane|90\/100|[from] item: Life Orb\n|move|p2b: Annihilape|Bulk Up|p2b: Annihilape\n|-boost|p2b: Annihilape|atk|1\n|-boost|p2b: Annihilape|def|1\n|\n|-weather|SunnyDay|[upkeep]\n|-heal|p2b: Annihilape|88\/100|[from] item: Leftovers\n|upkeep\n|turn|2\n|\n|t:|1683623883\n|switch|p2a: Abomasnow|Abomasnow, L50, M|100\/100\n|-weather|Snow|[from] ability: Snow Warning|[of] p2a: Abomasnow\n|-end|p1a: Flutter Mane|Protosynthesis\n|move|p1a: Flutter Mane|Shadow Ball|p2b: Annihilape\n|-damage|p2b: Annihilape|42\/100\n|-damage|p1a: Flutter Mane|80\/100|[from] item: Life Orb\n|move|p2b: Annihilape|Drain Punch|p1b: Torkoal\n|-damage|p1b: Torkoal|63\/100\n|-heal|p2b: Annihilape|57\/100|[from] drain|[of] p1b: Torkoal\n|move|p1b: Torkoal|Yawn|p2a: Abomasnow\n|-start|p2a: Abomasnow|move: Yawn|[of] p1b: Torkoal\n|\n|-weather|Snow|[upkeep]\n|-heal|p2b: Annihilape|63\/100|[from] item: Leftovers\n|upkeep\n|turn|3\n|\n|t:|1683623905\n|switch|p2a: Vivillon|Vivillon, L50, M|100\/100\n|move|p1b: Torkoal|Helping Hand|p1a: Flutter Mane\n|-singleturn|p1a: Flutter Mane|Helping Hand|[of] p1b: Torkoal\n|move|p2b: Annihilape|Protect|p2b: Annihilape\n|-singleturn|p2b: Annihilape|Protect\n|move|p1a: Flutter Mane|Shadow Ball|p2b: Annihilape\n|-activate|p2b: Annihilape|move: Protect\n|\n|-weather|Snow|[upkeep]\n|-heal|p2b: Annihilape|69\/100|[from] item: Leftovers\n|upkeep\n|turn|4\n|\n|t:|1683623922\n|-end|p1a: Flutter Mane|Protosynthesis|[silent]\n|switch|p1a: Arcanine|Arcanine, L50, M|100\/100\n|-ability|p1a: Arcanine|Intimidate|boost\n|-unboost|p2a: Vivillon|atk|1\n|-unboost|p2b: Annihilape|atk|1\n|-ability|p2b: Annihilape|Defiant|boost\n|-boost|p2b: Annihilape|atk|2\n|move|p2a: Vivillon|Safeguard|p2a: Vivillon\n|-sidestart|p2: RazorSquid|Safeguard\n|move|p2b: Annihilape|Drain Punch|p1b: Torkoal\n|-damage|p1b: Torkoal|12\/100\n|-heal|p2b: Annihilape|90\/100|[from] drain|[of] p1b: Torkoal\n|-enditem|p1b: Torkoal|Aguav Berry|[eat]\n|-heal|p1b: Torkoal|46\/100|[from] item: Aguav Berry\n|move|p1b: Torkoal|Yawn|p2b: Annihilape\n|-activate|p2b: Annihilape|move: Safeguard\n|\n|-weather|Snow|[upkeep]\n|-heal|p2b: Annihilape|96\/100|[from] item: Leftovers\n|upkeep\n|turn|5\n|-message|barbiedoll27 forfeited.\n|\n|win|RazorSquid\n|raw|barbiedoll27's rating: 1062 → 1048<\/strong> (-14 for losing)\n|raw|RazorSquid's rating: 1157 → 1175<\/strong> (+18 for winning)\n|l|\u2606barbiedoll27\n","uploadtime":1683623950,"views":10,"p1id":"barbiedoll27","p2id":"razorsquid","formatid":"gen9vgc2023regulationc","rating":1048,"private":0,"password":""}