{"id":"gen9vgc2023regulationc-1845286777","p1":"Vivixification","p2":"Toku_L","format":"[Gen 9] VGC 2023 Regulation C","log":"|j|\u2606Vivixification\n|j|\u2606Toku_L\n|t:|1681707964\n|gametype|doubles\n|player|p1|Vivixification|backersf|1454\n|player|p2|Toku_L|lucas|1528\n|teamsize|p1|6\n|teamsize|p2|6\n|gen|9\n|tier|[Gen 9] VGC 2023 Regulation C\n|rated|\n|rule|Species Clause: Limit one of each Pok\u00e9mon\n|rule|Item Clause: Limit one of each item\n|clearpoke\n|poke|p1|Iron Bundle, L50|\n|poke|p1|Palafin, L50, F|\n|poke|p1|Pelipper, L50, M|\n|poke|p1|Dondozo, L50, M|\n|poke|p1|Tatsugiri-Stretchy, L50, M|\n|poke|p1|Flutter Mane, L50|\n|poke|p2|Iron Bundle, L50|\n|poke|p2|Abomasnow, L50, F|\n|poke|p2|Ting-Lu, L50|\n|poke|p2|Vivillon, L50, F|\n|poke|p2|Annihilape, L50, F|\n|poke|p2|Chien-Pao, L50|\n|teampreview|4\n|inactive|Battle timer is ON: inactive players will automatically lose when time's up. (requested by Vivixification)\n|j| phenomsteelers08\nVivixification has agreed to open team sheets.\n|\n|t:|1681707993\n|start\n|switch|p1a: Gen3WaterLegendary|Dondozo, L50, M|100\/100\n|switch|p1b: Pelipper|Pelipper, L50, M|100\/100\n|switch|p2a: Vivillon|Vivillon, L50, F|100\/100\n|switch|p2b: Ting-Lu|Ting-Lu, L50|100\/100\n|-ability|p2b: Ting-Lu|Vessel of Ruin\n|-weather|RainDance|[from] ability: Drizzle|[of] p1b: Pelipper\n|turn|1\n|inactive|Vivixification has 30 seconds left.\n|inactive|Toku_L has 30 seconds left.\n|\n|t:|1681708021\n|-terastallize|p2b: Ting-Lu|Ground\n|move|p1a: Gen3WaterLegendary|Protect|p1a: Gen3WaterLegendary\n|-singleturn|p1a: Gen3WaterLegendary|Protect\n|move|p2a: Vivillon|Pollen Puff|p2b: Ting-Lu\n|-immune|p2b: Ting-Lu\n|move|p2b: Ting-Lu|Earthquake|p1b: Pelipper|[spread] \n|-activate|p1a: Gen3WaterLegendary|move: Protect\n|-immune|p2a: Vivillon\n|-immune|p1b: Pelipper\n|move|p1b: Pelipper|Hurricane|p2a: Vivillon\n|-supereffective|p2a: Vivillon\n|-enditem|p2a: Vivillon|Focus Sash\n|-damage|p2a: Vivillon|1\/100\n|\n|-weather|RainDance|[upkeep]\n|upkeep\n|turn|2\n|inactive|Vivixification has 30 seconds left.\n|\n|t:|1681708048\n|switch|p1b: Tatsugiri|Tatsugiri-Stretchy, L50, M, shiny|100\/100\n|-activate|p1b: Tatsugiri|ability: Commander|[of] p1a: Gen3WaterLegendary\n|-boost|p1a: Gen3WaterLegendary|atk|2\n|-boost|p1a: Gen3WaterLegendary|spa|2\n|-boost|p1a: Gen3WaterLegendary|spe|2\n|-boost|p1a: Gen3WaterLegendary|def|2\n|-boost|p1a: Gen3WaterLegendary|spd|2\n|move|p2a: Vivillon|Protect|p2a: Vivillon\n|-singleturn|p2a: Vivillon|Protect\n|move|p1a: Gen3WaterLegendary|Surf|p2b: Ting-Lu|[spread] p2b\n|-miss|p1a: Gen3WaterLegendary|p1b: Tatsugiri\n|-activate|p2a: Vivillon|move: Protect\n|-supereffective|p2b: Ting-Lu\n|-damage|p2b: Ting-Lu|19\/100\n|-damage|p1a: Gen3WaterLegendary|91\/100|[from] item: Life Orb\n|move|p2b: Ting-Lu|Earthquake|p1b: Tatsugiri|[spread] p1a\n|-miss|p2b: Ting-Lu|p1b: Tatsugiri\n|-activate|p2a: Vivillon|move: Protect\n|-damage|p1a: Gen3WaterLegendary|63\/100\n|\n|-weather|RainDance|[upkeep]\n|upkeep\n|turn|3\n|inactive|Toku_L has 30 seconds left.\n|j| danieljnthn\n|inactive|Toku_L has 20 seconds left.\n|inactive|Toku_L has 15 seconds left.\n|\n|t:|1681708088\n|move|p1a: Gen3WaterLegendary|Surf|p2a: Vivillon|[spread] p2a,p2b\n|-miss|p1a: Gen3WaterLegendary|p1b: Tatsugiri\n|-supereffective|p2b: Ting-Lu\n|-damage|p2a: Vivillon|0 fnt\n|-damage|p2b: Ting-Lu|0 fnt\n|faint|p2a: Vivillon\n|faint|p2b: Ting-Lu\n|-damage|p1a: Gen3WaterLegendary|53\/100|[from] item: Life Orb\n|\n|-weather|RainDance|[upkeep]\n|upkeep\n|j| VBPVBQWESF\n|\n|t:|1681708098\n|switch|p2a: Abomasnow|Abomasnow, L50, F|100\/100\n|switch|p2b: Chien-Pao|Chien-Pao, L50|100\/100\n|-ability|p2b: Chien-Pao|Sword of Ruin\n|-weather|Snow|[from] ability: Snow Warning|[of] p2a: Abomasnow\n|turn|4\n|\n|t:|1681708110\n|move|p1a: Gen3WaterLegendary|Surf|p2b: Chien-Pao|[spread] p2a,p2b\n|-miss|p1a: Gen3WaterLegendary|p1b: Tatsugiri\n|-resisted|p2a: Abomasnow\n|-damage|p2a: Abomasnow|71\/100\n|-damage|p2b: Chien-Pao|27\/100\n|-enditem|p2b: Chien-Pao|Sitrus Berry|[eat]\n|-heal|p2b: Chien-Pao|52\/100|[from] item: Sitrus Berry\n|-damage|p1a: Gen3WaterLegendary|44\/100|[from] item: Life Orb\n|move|p2b: Chien-Pao|Haze|p2b: Chien-Pao\n|-clearallboost\n|move|p2a: Abomasnow|Energy Ball|p1a: Gen3WaterLegendary\n|-supereffective|p1a: Gen3WaterLegendary\n|-damage|p1a: Gen3WaterLegendary|0 fnt\n|faint|p1a: Gen3WaterLegendary\n|-damage|p2a: Abomasnow|62\/100|[from] item: Life Orb\n|\n|-weather|Snow|[upkeep]\n|upkeep\n|\n|t:|1681708115\n|switch|p1a: Pelipper|Pelipper, L50, M|100\/100\n|-weather|RainDance|[from] ability: Drizzle|[of] p1a: Pelipper\n|turn|5\n|inactive|Toku_L has 30 seconds left.\n|inactive|Toku_L has 20 seconds left.\n|\n|t:|1681708150\n|move|p1b: Tatsugiri|Icy Wind|p2a: Abomasnow|[spread] p2a,p2b\n|-resisted|p2b: Chien-Pao\n|-damage|p2a: Abomasnow|48\/100\n|-damage|p2b: Chien-Pao|44\/100\n|-unboost|p2a: Abomasnow|spe|1\n|-unboost|p2b: Chien-Pao|spe|1\n|move|p2b: Chien-Pao|Ice Spinner|p1a: Pelipper\n|-damage|p1a: Pelipper|40\/100\n|move|p1a: Pelipper|Hurricane|p2a: Abomasnow\n|-supereffective|p2a: Abomasnow\n|-damage|p2a: Abomasnow|0 fnt\n|faint|p2a: Abomasnow\n|\n|-weather|RainDance|[upkeep]\n|upkeep\n|turn|6\n|\n|t:|1681708167\n|-terastallize|p1a: Pelipper|Steel\n|move|p1b: Tatsugiri|Icy Wind|p2b: Chien-Pao\n|-resisted|p2b: Chien-Pao\n|-damage|p2b: Chien-Pao|32\/100\n|-unboost|p2b: Chien-Pao|spe|1\n|move|p2b: Chien-Pao|Ice Spinner|p1a: Pelipper\n|-resisted|p1a: Pelipper\n|-damage|p1a: Pelipper|13\/100\n|move|p1a: Pelipper|U-turn|p2b: Chien-Pao\n|-supereffective|p2b: Chien-Pao\n|-damage|p2b: Chien-Pao|10\/100\n|\n|t:|1681708170\n|switch|p1a: Palafin|Palafin, L50, F|100\/100|[from] U-turn\n|\n|-weather|RainDance|[upkeep]\n|upkeep\n|turn|7\n|l| danieljnthn\n|\n|t:|1681708191\n|move|p1a: Palafin|Jet Punch|p2b: Chien-Pao\n|-crit|p2b: Chien-Pao\n|-damage|p2b: Chien-Pao|0 fnt\n|faint|p2b: Chien-Pao\n|\n|win|Vivixification\n|raw|Vivixification's rating: 1454 → 1478<\/strong> (+24 for winning)\n|raw|Toku_L's rating: 1528 → 1504<\/strong> (-24 for losing)\n|l| phenomsteelers08\n","uploadtime":1681708200,"views":8,"p1id":"vivixification","p2id":"tokul","formatid":"gen9vgc2023regulationc","rating":1478,"private":0,"password":""}