{"id":"gen9vgc2023regulationc-1856665439","p1":"NUM-AMI-JISATZ","p2":"ggg5t","format":"[Gen 9] VGC 2023 Regulation C","log":"|j|\u2606NUM-AMI-JISATZ\n|j|\u2606ggg5t\n|t:|1683090649\n|gametype|doubles\n|player|p1|NUM-AMI-JISATZ|elesa|1233\n|player|p2|ggg5t|266|1181\n|teamsize|p1|6\n|teamsize|p2|6\n|gen|9\n|tier|[Gen 9] VGC 2023 Regulation C\n|rated|\n|rule|Species Clause: Limit one of each Pok\u00e9mon\n|rule|Item Clause: Limit one of each item\n|clearpoke\n|poke|p1|Garchomp, L50, F|\n|poke|p1|Flutter Mane, L50|\n|poke|p1|Iron Bundle, L50|\n|poke|p1|Glimmora, L50, M|\n|poke|p1|Wo-Chien, L50|\n|poke|p1|Rotom-Wash, L50|\n|poke|p2|Torkoal, L50, M|\n|poke|p2|Chi-Yu, L50|\n|poke|p2|Bronzong, L50|\n|poke|p2|Gastrodon, L50, F|\n|poke|p2|Grimmsnarl, L50, M|\n|poke|p2|Skeledirge, L50, M|\n|teampreview|4\n|inactive|Battle timer is ON: inactive players will automatically lose when time's up. (requested by ggg5t)\n|inactive|NUM-AMI-JISATZ has 60 seconds left.\n|\n|t:|1683090699\n|start\n|switch|p1a: Garchomp|Garchomp, L50, F|100\/100\n|switch|p1b: Glimmora|Glimmora, L50, M|100\/100\n|switch|p2a: Grimmsnarl|Grimmsnarl, L50, M|100\/100\n|switch|p2b: Bronzong|Bronzong, L50|100\/100\n|turn|1\n|inactive|NUM-AMI-JISATZ has 30 seconds left.\n|inactive|NUM-AMI-JISATZ has 20 seconds left.\n|inactive|NUM-AMI-JISATZ has 15 seconds left.\n|\n|t:|1683090741\n|move|p2a: Grimmsnarl|Trick|p1b: Glimmora\n|-activate|p2a: Grimmsnarl|move: Trick|[of] p1b: Glimmora\n|-item|p1b: Glimmora|Lagging Tail|[from] move: Trick\n|-item|p2a: Grimmsnarl|Leftovers|[from] move: Trick\n|move|p1a: Garchomp|Iron Head|p2a: Grimmsnarl\n|-supereffective|p2a: Grimmsnarl\n|-damage|p2a: Grimmsnarl|31\/100\n|move|p1b: Glimmora|Stealth Rock|p2a: Grimmsnarl\n|-sidestart|p2: ggg5t|move: Stealth Rock\n|move|p2b: Bronzong|Trick Room|p2b: Bronzong\n|-fieldstart|move: Trick Room|[of] p2b: Bronzong\n|\n|-heal|p2a: Grimmsnarl|37\/100|[from] item: Leftovers\n|upkeep\n|turn|2\n|inactive|NUM-AMI-JISATZ has 30 seconds left.\n|\n|t:|1683090773\n|move|p2b: Bronzong|Body Press|p1a: Garchomp\n|-damage|p1a: Garchomp|72\/100\n|-damage|p2b: Bronzong|88\/100|[from] ability: Rough Skin|[of] p1a: Garchomp\n|move|p2a: Grimmsnarl|Spirit Break|p1a: Garchomp\n|-supereffective|p1a: Garchomp\n|-damage|p1a: Garchomp|0 fnt\n|-damage|p2a: Grimmsnarl|25\/100|[from] ability: Rough Skin|[of] p1a: Garchomp\n|faint|p1a: Garchomp\n|move|p1b: Glimmora|Mortal Spin|p2b: Bronzong|[spread] p2a\n|-immune|p2b: Bronzong\n|-supereffective|p2a: Grimmsnarl\n|-damage|p2a: Grimmsnarl|16\/100\n|-status|p2a: Grimmsnarl|psn\n|\n|-heal|p2a: Grimmsnarl|21\/100 psn|[from] item: Leftovers\n|-damage|p2a: Grimmsnarl|9\/100 psn|[from] psn\n|upkeep\n|\n|t:|1683090798\n|switch|p1a: Wo-Chien|Wo-Chien, L50|100\/100\n|-ability|p1a: Wo-Chien|Tablets of Ruin\n|turn|3\n|\n|t:|1683090821\n|move|p1b: Glimmora|Spiky Shield|p1b: Glimmora\n|-singleturn|p1b: Glimmora|move: Protect\n|move|p2a: Grimmsnarl|Trick|p2b: Bronzong\n|-activate|p2a: Grimmsnarl|move: Trick|[of] p2b: Bronzong\n|-item|p2b: Bronzong|Leftovers|[from] move: Trick\n|-item|p2a: Grimmsnarl|Kasib Berry|[from] move: Trick\n|move|p2b: Bronzong|Body Press|p1a: Wo-Chien\n|-supereffective|p1a: Wo-Chien\n|-damage|p1a: Wo-Chien|58\/100\n|move|p1a: Wo-Chien|Substitute|p1a: Wo-Chien\n|-start|p1a: Wo-Chien|Substitute\n|-damage|p1a: Wo-Chien|33\/100\n|\n|-heal|p2b: Bronzong|94\/100|[from] item: Leftovers\n|-damage|p2a: Grimmsnarl|0 fnt|[from] psn\n|faint|p2a: Grimmsnarl\n|upkeep\n|\n|t:|1683090835\n|switch|p2a: Gastrodon|Gastrodon, L50, F|100\/100\n|-damage|p2a: Gastrodon|95\/100|[from] Stealth Rock\n|turn|4\n|\n|t:|1683090846\n|-terastallize|p2a: Gastrodon|Steel\n|move|p2b: Bronzong|Body Press|p1a: Wo-Chien\n|-supereffective|p1a: Wo-Chien\n|-end|p1a: Wo-Chien|Substitute\n|move|p2a: Gastrodon|Earth Power|p1b: Glimmora\n|-supereffective|p1b: Glimmora\n|-damage|p1b: Glimmora|0 fnt\n|faint|p1b: Glimmora\n|move|p1a: Wo-Chien|Dark Pulse|p2b: Bronzong\n|-supereffective|p2b: Bronzong\n|-damage|p2b: Bronzong|32\/100\n|\n|-heal|p2b: Bronzong|37\/100|[from] item: Leftovers\n|upkeep\n|\n|t:|1683090858\n|switch|p1b: Rotom|Rotom-Wash, L50|100\/100\n|turn|5\n|\n|t:|1683090883\n|move|p2b: Bronzong|Body Press|p1a: Wo-Chien\n|-supereffective|p1a: Wo-Chien\n|-damage|p1a: Wo-Chien|0 fnt\n|faint|p1a: Wo-Chien\n|move|p2a: Gastrodon|Sludge Bomb|p1b: Rotom\n|-damage|p1b: Rotom|72\/100\n|move|p1b: Rotom|Hydro Pump|p2a: Gastrodon\n|-activate|p2a: Gastrodon|ability: Storm Drain\n|-ability|p2a: Gastrodon|Storm Drain|boost\n|-boost|p2a: Gastrodon|spa|1\n|\n|-heal|p2b: Bronzong|43\/100|[from] item: Leftovers\n|-fieldend|move: Trick Room\n|upkeep\n|turn|6\n|-message|NUM-AMI-JISATZ forfeited.\n|\n|win|ggg5t\n|raw|NUM-AMI-JISATZ's rating: 1233 → 1204<\/strong> (-29 for losing)\n|raw|ggg5t's rating: 1181 → 1210<\/strong> (+29 for winning)\n|l|\u2606NUM-AMI-JISATZ\n","uploadtime":1683090901,"views":6,"p1id":"numamijisatz","p2id":"ggg5t","formatid":"gen9vgc2023regulationc","rating":1204,"private":0,"password":""}