{"id":"gen9vgc2023regulationc-1855701222","p1":"Jbenn","p2":"sushipilled","format":"[Gen 9] VGC 2023 Regulation C","log":"|j|\u2606Jbenn\n|j|\u2606sushipilled\n|t:|1682974641\n|gametype|doubles\n|player|p1|Jbenn|steven|1442\n|player|p2|sushipilled|fisherman-gen1rb|1467\n|teamsize|p1|6\n|teamsize|p2|6\n|gen|9\n|tier|[Gen 9] VGC 2023 Regulation C\n|rated|\n|rule|Species Clause: Limit one of each Pok\u00e9mon\n|rule|Item Clause: Limit one of each item\n|clearpoke\n|poke|p1|Roaring Moon, L50|\n|poke|p1|Great Tusk, L50|\n|poke|p1|Gholdengo, L50|\n|poke|p1|Hariyama, L50, F|\n|poke|p1|Mimikyu, L50, F|\n|poke|p1|Gyarados, L50, F|\n|poke|p2|Glimmora, L50, M|\n|poke|p2|Dragonite, L50, M|\n|poke|p2|Dondozo, L50, M|\n|poke|p2|Tatsugiri, L50, F|\n|poke|p2|Chi-Yu, L50|\n|poke|p2|Iron Bundle, L50|\n|teampreview|4\nJbenn has agreed to open team sheets.\nsushipilled has agreed to open team sheets.\n|\n|t:|1682974684\n|start\n|switch|p1a: Hariyama|Hariyama, L50, F, shiny|100\/100\n|switch|p1b: Mimikyu|Mimikyu, L50, F|100\/100\n|switch|p2a: Iron Bundle|Iron Bundle, L50, shiny|100\/100\n|switch|p2b: Chi-Yu|Chi-Yu, L50|100\/100\n|-ability|p2b: Chi-Yu|Beads of Ruin\n|-enditem|p2a: Iron Bundle|Booster Energy\n|-activate|p2a: Iron Bundle|ability: Quark Drive|[fromitem]\n|-start|p2a: Iron Bundle|quarkdrivespe\n|turn|1\n|\n|t:|1682974720\n|move|p1a: Hariyama|Fake Out|p2a: Iron Bundle\n|-damage|p2a: Iron Bundle|82\/100\n|cant|p2a: Iron Bundle|flinch\n|move|p2b: Chi-Yu|Dark Pulse|p1b: Mimikyu\n|-activate|p1b: Mimikyu|ability: Disguise\n|-damage|p1b: Mimikyu|100\/100\n|detailschange|p1b: Mimikyu|Mimikyu-Busted, L50, F\n|-damage|p1b: Mimikyu|88\/100|[from] pokemon: Mimikyu-Busted\n|move|p1b: Mimikyu|Trick Room|p1b: Mimikyu\n|-fieldstart|move: Trick Room|[of] p1b: Mimikyu\n|\n|upkeep\n|turn|2\n|\n|t:|1682974749\n|-terastallize|p2b: Chi-Yu|Ghost\n|move|p1b: Mimikyu|Protect|p1b: Mimikyu\n|-singleturn|p1b: Mimikyu|Protect\n|move|p2a: Iron Bundle|Protect|p2a: Iron Bundle\n|-singleturn|p2a: Iron Bundle|Protect\n|move|p1a: Hariyama|Close Combat|p2a: Iron Bundle\n|-activate|p2a: Iron Bundle|move: Protect\n|move|p2b: Chi-Yu|Heat Wave|p1b: Mimikyu|[spread] p1a\n|-activate|p1b: Mimikyu|move: Protect\n|-damage|p1a: Hariyama|76\/100\n|\n|upkeep\n|turn|3\n|\n|t:|1682974781\n|move|p1a: Hariyama|Iron Head|p2b: Chi-Yu\n|-damage|p2b: Chi-Yu|57\/100\n|move|p1b: Mimikyu|Play Rough|p2b: Chi-Yu\n|-damage|p2b: Chi-Yu|0 fnt\n|faint|p2b: Chi-Yu\n|move|p2a: Iron Bundle|Freeze-Dry|p1b: Mimikyu\n|-damage|p1b: Mimikyu|49\/100\n|-enditem|p1b: Mimikyu|Sitrus Berry|[eat]\n|-heal|p1b: Mimikyu|74\/100|[from] item: Sitrus Berry\n|\n|upkeep\n|\n|t:|1682974796\n|switch|p2b: Dondozo|Dondozo, L50, M|100\/100\n|turn|4\n|\n|t:|1682974819\n|switch|p1a: Gyarados|Gyarados, L50, F|100\/100\n|-ability|p1a: Gyarados|Intimidate|boost\n|-unboost|p2a: Iron Bundle|atk|1\n|-fail|p2b: Dondozo|unboost|Attack|[from] ability: Oblivious|[of] p2b: Dondozo\n|move|p2b: Dondozo|Protect|p2b: Dondozo\n|-singleturn|p2b: Dondozo|Protect\n|move|p1b: Mimikyu|Curse|p2b: Dondozo\n|-start|p2b: Dondozo|Curse|[of] p1b: Mimikyu\n|-damage|p1b: Mimikyu|24\/100\n|move|p2a: Iron Bundle|Hydro Pump|p1b: Mimikyu|[miss]\n|-miss|p2a: Iron Bundle|p1b: Mimikyu\n|\n|-damage|p2b: Dondozo|76\/100|[from] Curse\n|upkeep\n|turn|5\n|\n|t:|1682974852\n|switch|p2b: Tatsugiri|Tatsugiri, L50, F|100\/100\n|move|p1b: Mimikyu|Protect|p1b: Mimikyu\n|-singleturn|p1b: Mimikyu|Protect\n|move|p1a: Gyarados|Thunder Wave|p2b: Tatsugiri\n|-status|p2b: Tatsugiri|par\n|move|p2a: Iron Bundle|Freeze-Dry|p1b: Mimikyu\n|-activate|p1b: Mimikyu|move: Protect\n|\n|-fieldend|move: Trick Room\n|upkeep\n|turn|6\n|\n|t:|1682974884\n|switch|p1b: Hariyama|Hariyama, L50, F, shiny|76\/100\n|switch|p1a: Gholdengo|Gholdengo, L50|100\/100\n|move|p2a: Iron Bundle|Freeze-Dry|p1a: Gholdengo\n|-resisted|p1a: Gholdengo\n|-damage|p1a: Gholdengo|83\/100\n|cant|p2b: Tatsugiri|par\n|\n|-heal|p1a: Gholdengo|89\/100|[from] item: Leftovers\n|upkeep\n|turn|7\n|\n|t:|1682974930\n|-end|p2a: Iron Bundle|Quark Drive|[silent]\n|switch|p2a: Dondozo|Dondozo, L50, M|76\/100\n|-activate|p2b: Tatsugiri|ability: Commander|[of] p2a: Dondozo\n|-boost|p2a: Dondozo|atk|2\n|-boost|p2a: Dondozo|spa|2\n|-boost|p2a: Dondozo|spe|2\n|-boost|p2a: Dondozo|def|2\n|-boost|p2a: Dondozo|spd|2\n|move|p1b: Hariyama|Fake Out|p2a: Dondozo\n|-damage|p2a: Dondozo|70\/100\n|move|p1a: Gholdengo|Nasty Plot|p1a: Gholdengo\n|-boost|p1a: Gholdengo|spa|2\n|\n|-heal|p2a: Dondozo|76\/100|[from] item: Leftovers\n|-heal|p1a: Gholdengo|95\/100|[from] item: Leftovers\n|upkeep\n|turn|8\n|\n|t:|1682974952\n|-terastallize|p1a: Gholdengo|Water\n|move|p2a: Dondozo|Wave Crash|p1b: Hariyama\n|-damage|p1b: Hariyama|0 fnt\n|faint|p1b: Hariyama\n|-damage|p2a: Dondozo|52\/100|[from] Recoil\n|move|p1a: Gholdengo|Thunderbolt|p2a: Dondozo\n|-supereffective|p2a: Dondozo\n|-crit|p2a: Dondozo\n|-damage|p2a: Dondozo|0 fnt\n|faint|p2a: Dondozo\n|\n|-heal|p1a: Gholdengo|100\/100|[from] item: Leftovers\n|upkeep\n|\n|t:|1682974991\n|switch|p2a: Iron Bundle|Iron Bundle, L50, shiny|82\/100\n|switch|p1b: Gyarados|Gyarados, L50, F|100\/100\n|-ability|p1b: Gyarados|Intimidate|boost\n|-unboost|p2a: Iron Bundle|atk|1\n|-unboost|p2b: Tatsugiri|atk|1\n|turn|9\n|\n|t:|1682975021\n|move|p2a: Iron Bundle|Protect|p2a: Iron Bundle\n|-singleturn|p2a: Iron Bundle|Protect\n|move|p2b: Tatsugiri|Draco Meteor|p1a: Gholdengo\n|-damage|p1a: Gholdengo|38\/100\n|-unboost|p2b: Tatsugiri|spa|2\n|move|p1b: Gyarados|Thunder Wave|p2a: Iron Bundle\n|-activate|p2a: Iron Bundle|move: Protect\n|move|p1a: Gholdengo|Thunderbolt|p2a: Iron Bundle\n|-activate|p2a: Iron Bundle|move: Protect\n|\n|-heal|p1a: Gholdengo|44\/100|[from] item: Leftovers\n|upkeep\n|turn|10\n|\n|t:|1682975038\n|move|p1a: Gholdengo|Protect|p1a: Gholdengo\n|-singleturn|p1a: Gholdengo|Protect\n|move|p2a: Iron Bundle|Freeze-Dry|p1a: Gholdengo\n|-activate|p1a: Gholdengo|move: Protect\n|move|p2b: Tatsugiri|Draco Meteor|p1b: Gyarados\n|-crit|p1b: Gyarados\n|-damage|p1b: Gyarados|8\/100\n|-unboost|p2b: Tatsugiri|spa|2\n|move|p1b: Gyarados|Thunder Wave|p2a: Iron Bundle\n|-status|p2a: Iron Bundle|par\n|\n|-heal|p1a: Gholdengo|50\/100|[from] item: Leftovers\n|upkeep\n|turn|11\n|\n|t:|1682975061\n|cant|p2b: Tatsugiri|par\n|move|p1b: Gyarados|Waterfall|p2a: Iron Bundle\n|-resisted|p2a: Iron Bundle\n|-damage|p2a: Iron Bundle|57\/100 par\n|move|p1a: Gholdengo|Thunderbolt|p2b: Tatsugiri\n|-damage|p2b: Tatsugiri|7\/100 par\n|cant|p2a: Iron Bundle|flinch\n|\n|-heal|p1a: Gholdengo|56\/100|[from] item: Leftovers\n|upkeep\n|turn|12\n|\n|t:|1682975082\n|cant|p2b: Tatsugiri|par\n|move|p1b: Gyarados|Waterfall|p2a: Iron Bundle\n|-resisted|p2a: Iron Bundle\n|-damage|p2a: Iron Bundle|32\/100 par\n|move|p1a: Gholdengo|Make It Rain|p2a: Iron Bundle|[spread] p2a,p2b\n|-resisted|p2b: Tatsugiri\n|-damage|p2a: Iron Bundle|0 fnt\n|-damage|p2b: Tatsugiri|0 fnt\n|-unboost|p1a: Gholdengo|spa|1\n|faint|p2a: Iron Bundle\n|-end|p2a: Iron Bundle|Quark Drive|[silent]\n|faint|p2b: Tatsugiri\n|\n|win|Jbenn\n|raw|Jbenn's rating: 1442 → 1463<\/strong> (+21 for winning)\n|raw|sushipilled's rating: 1467 → 1446<\/strong> (-21 for losing)\n|c|\u2606sushipilled|hm\n","uploadtime":1682975090,"views":16,"p1id":"jbenn","p2id":"sushipilled","formatid":"gen9vgc2023regulationc","rating":1446,"private":0,"password":""}