{"id":"gen9vgc2023regulationc-1851662954","p1":"GILGAMESHU","p2":"General66","format":"[Gen 9] VGC 2023 Regulation C","log":"|j|\u2606GILGAMESHU\n|j|\u2606General66\n|t:|1682467074\n|gametype|doubles\n|player|p1|GILGAMESHU|iris-gen5bw2|1138\n|player|p2|General66|jasmine|1182\n|teamsize|p1|6\n|teamsize|p2|6\n|gen|9\n|tier|[Gen 9] VGC 2023 Regulation C\n|rated|\n|rule|Species Clause: Limit one of each Pok\u00e9mon\n|rule|Item Clause: Limit one of each item\n|clearpoke\n|poke|p1|Annihilape, L50, M|\n|poke|p1|Maushold, L50|\n|poke|p1|Baxcalibur, L50, F|\n|poke|p1|Ting-Lu, L50|\n|poke|p1|Flutter Mane, L50|\n|poke|p1|Talonflame, L50, M|\n|poke|p2|Iron Bundle, L50|\n|poke|p2|Salamence, L50, M|\n|poke|p2|Arcanine, L50, M|\n|poke|p2|Amoonguss, L50, M|\n|poke|p2|Flutter Mane, L50|\n|poke|p2|Ting-Lu, L50|\n|teampreview|4\n|inactive|Battle timer is ON: inactive players will automatically lose when time's up. (requested by General66)\n|\n|t:|1682467134\n|start\n|switch|p1a: Denjiape|Annihilape, L50, M, shiny|100\/100\n|switch|p1b: POWERRRR|Talonflame, L50, M|100\/100\n|switch|p2a: Amoonguss|Amoonguss, L50, M|100\/100\n|switch|p2b: Flutter Mane|Flutter Mane, L50|100\/100\n|turn|1\n|\n|t:|1682467158\n|-terastallize|p2a: Amoonguss|Water\n|move|p1a: Denjiape|Protect|p1a: Denjiape\n|-singleturn|p1a: Denjiape|Protect\n|move|p2a: Amoonguss|Rage Powder|p2a: Amoonguss\n|-singleturn|p2a: Amoonguss|move: Rage Powder\n|move|p1b: POWERRRR|Tailwind|p1b: POWERRRR\n|-sidestart|p1: GILGAMESHU|move: Tailwind\n|move|p2b: Flutter Mane|Shadow Ball|p1b: POWERRRR\n|-damage|p1b: POWERRRR|27\/100\n|-unboost|p1b: POWERRRR|spd|1\n|\n|upkeep\n|turn|2\n|inactive|General66 has 30 seconds left.\n|\n|t:|1682467184\n|move|p1b: POWERRRR|Brave Bird|p2b: Flutter Mane\n|-enditem|p2b: Flutter Mane|Focus Sash\n|-damage|p2b: Flutter Mane|1\/100\n|-damage|p1b: POWERRRR|0 fnt|[from] Recoil\n|faint|p1b: POWERRRR\n|move|p1a: Denjiape|Bulk Up|p1a: Denjiape\n|-boost|p1a: Denjiape|atk|1\n|-boost|p1a: Denjiape|def|1\n|move|p2b: Flutter Mane|Shadow Ball|p1a: Denjiape\n|-supereffective|p1a: Denjiape\n|-damage|p1a: Denjiape|5\/100\n|move|p2a: Amoonguss|Spore|p1a: Denjiape\n|-status|p1a: Denjiape|slp|[from] move: Spore\n|\n|-heal|p1a: Denjiape|11\/100 slp|[from] item: Leftovers\n|upkeep\n|\n|t:|1682467191\n|switch|p1b: Makimane|Flutter Mane, L50|100\/100\n|-enditem|p1b: Makimane|Booster Energy\n|-activate|p1b: Makimane|ability: Protosynthesis|[fromitem]\n|-start|p1b: Makimane|protosynthesisspa\n|turn|3\n|inactive|General66 has 30 seconds left.\n|\n|t:|1682467217\n|move|p2b: Flutter Mane|Protect|p2b: Flutter Mane\n|-singleturn|p2b: Flutter Mane|Protect\n|move|p1b: Makimane|Dazzling Gleam|p2b: Flutter Mane|[spread] p2a\n|-activate|p2b: Flutter Mane|move: Protect\n|-damage|p2a: Amoonguss|68\/100\n|cant|p1a: Denjiape|slp\n|move|p2a: Amoonguss|Spore|p1b: Makimane\n|-status|p1b: Makimane|slp|[from] move: Spore\n|\n|-heal|p1a: Denjiape|17\/100 slp|[from] item: Leftovers\n|upkeep\n|turn|4\n|\n|t:|1682467235\n|move|p2a: Amoonguss|Rage Powder|p2a: Amoonguss\n|-singleturn|p2a: Amoonguss|move: Rage Powder\n|cant|p1b: Makimane|slp\n|cant|p1a: Denjiape|slp\n|move|p2b: Flutter Mane|Moonblast|p1a: Denjiape\n|-supereffective|p1a: Denjiape\n|-damage|p1a: Denjiape|0 fnt\n|faint|p1a: Denjiape\n|\n|-sideend|p1: GILGAMESHU|move: Tailwind\n|upkeep\n|\n|t:|1682467241\n|switch|p1a: Akicalibur|Baxcalibur, L50, F, shiny|100\/100\n|turn|5\n|\n|t:|1682467250\n|move|p2a: Amoonguss|Rage Powder|p2a: Amoonguss\n|-singleturn|p2a: Amoonguss|move: Rage Powder\n|move|p1a: Akicalibur|Ice Shard|p2a: Amoonguss\n|-resisted|p2a: Amoonguss\n|-damage|p2a: Amoonguss|57\/100\n|move|p2b: Flutter Mane|Shadow Ball|p1b: Makimane\n|-supereffective|p1b: Makimane\n|-damage|p1b: Makimane|13\/100 slp\n|cant|p1b: Makimane|slp\n|\n|upkeep\n|turn|6\n|\n|t:|1682467271\n|-terastallize|p1a: Akicalibur|Poison\n|move|p2a: Amoonguss|Rage Powder|p2a: Amoonguss\n|-singleturn|p2a: Amoonguss|move: Rage Powder\n|move|p1a: Akicalibur|Ice Shard|p2a: Amoonguss\n|-resisted|p2a: Amoonguss\n|-damage|p2a: Amoonguss|47\/100\n|move|p2b: Flutter Mane|Moonblast|p1b: Makimane\n|-damage|p1b: Makimane|0 fnt\n|faint|p1b: Makimane\n|-end|p1b: Makimane|Protosynthesis|[silent]\n|\n|upkeep\n|turn|7\n|\n|t:|1682467284\n|move|p2a: Amoonguss|Rage Powder|p2a: Amoonguss\n|-singleturn|p2a: Amoonguss|move: Rage Powder\n|move|p1a: Akicalibur|Ice Shard|p2a: Amoonguss\n|-resisted|p2a: Amoonguss\n|-damage|p2a: Amoonguss|37\/100\n|move|p2b: Flutter Mane|Moonblast|p1a: Akicalibur\n|-resisted|p1a: Akicalibur\n|-damage|p1a: Akicalibur|73\/100\n|\n|upkeep\n|turn|8\n|-message|GILGAMESHU forfeited.\n|\n|win|General66\n|raw|GILGAMESHU's rating: 1138 → 1116<\/strong> (-22 for losing)\n|raw|General66's rating: 1182 → 1204<\/strong> (+22 for winning)\n|l|\u2606GILGAMESHU\n","uploadtime":1682467335,"views":19,"p1id":"gilgameshu","p2id":"general66","formatid":"gen9vgc2023regulationc","rating":1116,"private":0,"password":""}