{"id":"gen9vgc2023regulationc-1851423007","p1":"Restgo","p2":"i homophobic","format":"[Gen 9] VGC 2023 Regulation C","log":"|j|\u2606Restgo\n|j|\u203di homophobic\n|t:|1682443896\n|gametype|doubles\n|player|p1|Restgo|ethan|\n|player|p2|i homophobic|lady|\n|teamsize|p1|6\n|teamsize|p2|6\n|gen|9\n|tier|[Gen 9] VGC 2023 Regulation C\n|rated|Tournament battle\n|rule|Species Clause: Limit one of each Pok\u00e9mon\n|rule|Item Clause: Limit one of each item\n|clearpoke\n|poke|p1|Jolteon, L50, F|\n|poke|p1|Chi-Yu, L50|\n|poke|p1|Flutter Mane, L50|\n|poke|p1|Palafin, L50, F|\n|poke|p1|Amoonguss, L50, M|\n|poke|p1|Scizor, L50, M|\n|poke|p2|Abomasnow, L50, F|\n|poke|p2|Iron Bundle, L50|\n|poke|p2|Chi-Yu, L50|\n|poke|p2|Arcanine, L50, F|\n|poke|p2|Flutter Mane, L50|\n|poke|p2|Dragonite, L50, F|\n|teampreview|4\n|raw| Open Team Sheet for Restgo<\/summary>FurroCome4no (Jolteon) @ Focus Sash Ability: Volt Absorb Level: 50 Tera Type: Grass - Protect - Thunderbolt - Volt Switch - Tera Blast Bo-Chan (Chi-Yu) @ Choice Scarf Ability: Beads of Ruin Level: 50 Tera Type: Ghost - Heat Wave - Dark Pulse - Overheat - Hex Melameneo (Flutter Mane) @ Booster Energy Ability: Protosynthesis Level: 50 Tera Type: Fairy - Protect - Dazzling Gleam - Moonblast - Shadow Ball JuanComeQlos (Palafin) @ Mystic Water Ability: Zero to Hero Level: 50 Shiny: Yes Tera Type: Water - Protect - Jet Punch - Wave Crash - Haze Cordyceps (Amoonguss) @ Sitrus Berry Ability: Regenerator Level: 50 Tera Type: Water - Protect - Spore - Pollen Puff - Rage Powder EkaitCaraQlo (Scizor) @ Choice Band Ability: Technician Level: 50 Tera Type: Fire - Bullet Punch - U-turn - X-Scissor - Close Combat <\/details><\/div> Open Team Sheet for i homophobic<\/summary>Abomasnow (F) @ Focus Sash Ability: Snow Warning Level: 50 Tera Type: Water - Protect - Energy Ball - Blizzard - Aurora Veil Iron Bundle @ Assault Vest Ability: Quark Drive Level: 50 Shiny: Yes Tera Type: Ice - Blizzard - Icy Wind - Hydro Pump - Freeze-Dry Chi-Yu @ Choice Scarf Ability: Beads of Ruin Level: 50 Tera Type: Dark - Overheat - Heat Wave - Dark Pulse - Psychic Arcanine @ Sitrus Berry Ability: Intimidate Level: 50 Tera Type: Fire - Scary Face - Will-O-Wisp - Extreme Speed - Flare Blitz Flutter Mane @ Life Orb Ability: Protosynthesis Level: 50 Tera Type: Ghost - Moonblast - Dazzling Gleam - Shadow Ball - Protect Dragonite @ Safety Goggles Ability: Multiscale Level: 50 Tera Type: Flying - Protect - Extreme Speed - Tailwind - Tera Blast <\/details><\/div>\n|inactive|Battle timer is ON: inactive players will automatically lose when time's up. (requested by i homophobic)\n|j| babiwi bewey\u2714\ufe0f\n|j|%Therazer456\n|inactive|Restgo has 60 seconds left.\n|inactive|i homophobic has 60 seconds left.\n|inactive|Restgo has 30 seconds left.\n|inactive|Restgo has 20 seconds left.\n|inactive|Restgo has 15 seconds left.\n|\n|t:|1682443975\n|start\n|switch|p1a: FurroCome4no|Jolteon, L50, F|100\/100\n|switch|p1b: JuanComeQlos|Palafin, L50, F, shiny|100\/100\n|switch|p2a: Abomasnow|Abomasnow, L50, F|100\/100\n|switch|p2b: Iron Bundle|Iron Bundle, L50, shiny|100\/100\n|-weather|Snow|[from] ability: Snow Warning|[of] p2a: Abomasnow\n|turn|1\n|\n|t:|1682444004\n|detailschange|p1b: JuanComeQlos|Palafin-Hero, L50, F, shiny\n|switch|p1b: EkaitCaraQlo|Scizor, L50, M|100\/100\n|-terastallize|p2b: Iron Bundle|Ice\n|move|p1a: FurroCome4no|Volt Switch|p2a: Abomasnow\n|-resisted|p2a: Abomasnow\n|-crit|p2a: Abomasnow\n|-damage|p2a: Abomasnow|68\/100\n|\n|t:|1682444012\n|switch|p1a: JuanComeQlos|Palafin-Hero, L50, F, shiny|100\/100|[from] Volt Switch\n|-activate|p1a: JuanComeQlos|ability: Zero to Hero\n|move|p2b: Iron Bundle|Icy Wind|p1a: JuanComeQlos|[spread] p1a,p1b\n|-resisted|p1a: JuanComeQlos\n|-resisted|p1b: EkaitCaraQlo\n|-damage|p1a: JuanComeQlos|84\/100\n|-damage|p1b: EkaitCaraQlo|84\/100\n|-unboost|p1a: JuanComeQlos|spe|1\n|-unboost|p1b: EkaitCaraQlo|spe|1\n|move|p2a: Abomasnow|Aurora Veil|p2a: Abomasnow\n|-sidestart|p2: i homophobic|move: Aurora Veil\n|\n|-weather|Snow|[upkeep]\n|upkeep\n|turn|2\n|inactive|Restgo has 30 seconds left.\n|inactive|Restgo has 20 seconds left.\n|\n|t:|1682444052\n|-terastallize|p1a: JuanComeQlos|Water\n|move|p1a: JuanComeQlos|Jet Punch|p2a: Abomasnow\n|-resisted|p2a: Abomasnow\n|-damage|p2a: Abomasnow|48\/100\n|move|p1b: EkaitCaraQlo|Bullet Punch|p2a: Abomasnow\n|-supereffective|p2a: Abomasnow\n|-damage|p2a: Abomasnow|0 fnt\n|faint|p2a: Abomasnow\n|move|p2b: Iron Bundle|Hydro Pump|p1b: EkaitCaraQlo|[miss]\n|-miss|p2b: Iron Bundle|p1b: EkaitCaraQlo\n|\n|-weather|Snow|[upkeep]\n|upkeep\n|j| ThatOneDedenne\n|\n|t:|1682444066\n|switch|p2a: Dragonite|Dragonite, L50, F|100\/100\n|turn|3\n|\n|t:|1682444079\n|move|p1a: JuanComeQlos|Jet Punch|p2a: Dragonite\n|-resisted|p2a: Dragonite\n|-damage|p2a: Dragonite|90\/100\n|move|p1b: EkaitCaraQlo|Bullet Punch|p2b: Iron Bundle\n|-supereffective|p2b: Iron Bundle\n|-damage|p2b: Iron Bundle|55\/100\n|move|p2b: Iron Bundle|Freeze-Dry|p1a: JuanComeQlos\n|-supereffective|p1a: JuanComeQlos\n|-damage|p1a: JuanComeQlos|0 fnt\n|faint|p1a: JuanComeQlos\n|move|p2a: Dragonite|Tailwind|p2a: Dragonite\n|-sidestart|p2: i homophobic|move: Tailwind\n|\n|-weather|Snow|[upkeep]\n|upkeep\n|\n|t:|1682444091\n|switch|p1a: Cordyceps|Amoonguss, L50, M|100\/100\n|turn|4\n|\n|t:|1682444105\n|move|p1a: Cordyceps|Protect|p1a: Cordyceps\n|-singleturn|p1a: Cordyceps|Protect\n|move|p2a: Dragonite|Extreme Speed|p1b: EkaitCaraQlo\n|-resisted|p1b: EkaitCaraQlo\n|-damage|p1b: EkaitCaraQlo|70\/100\n|move|p1b: EkaitCaraQlo|Bullet Punch|p2b: Iron Bundle\n|-supereffective|p2b: Iron Bundle\n|-damage|p2b: Iron Bundle|10\/100\n|move|p2b: Iron Bundle|Blizzard|p1a: Cordyceps|[spread] p1b\n|-activate|p1a: Cordyceps|move: Protect\n|-resisted|p1b: EkaitCaraQlo\n|-damage|p1b: EkaitCaraQlo|41\/100\n|\n|-weather|Snow|[upkeep]\n|upkeep\n|turn|5\n|inactive|i homophobic has 30 seconds left.\n|\n|t:|1682444131\n|switch|p2a: Flutter Mane|Flutter Mane, L50|100\/100\n|move|p1b: EkaitCaraQlo|Bullet Punch|p2b: Iron Bundle\n|-supereffective|p2b: Iron Bundle\n|-damage|p2b: Iron Bundle|0 fnt\n|faint|p2b: Iron Bundle\n|-end|p2b: Iron Bundle|Quark Drive|[silent]\n|move|p1a: Cordyceps|Pollen Puff|p1b: EkaitCaraQlo\n|-heal|p1b: EkaitCaraQlo|91\/100\n|\n|-weather|none\n|-sideend|p2: i homophobic|move: Aurora Veil\n|upkeep\n|inactive|i homophobic has 30 seconds left.\n|inactive|i homophobic has 20 seconds left.\n|inactive|i homophobic has 15 seconds left.\n|\n|t:|1682444171\n|switch|p2b: Dragonite|Dragonite, L50, F|90\/100\n|turn|6\n|\n|t:|1682444184\n|move|p2b: Dragonite|Extreme Speed|p1b: EkaitCaraQlo\n|-resisted|p1b: EkaitCaraQlo\n|-damage|p1b: EkaitCaraQlo|77\/100\n|move|p1b: EkaitCaraQlo|Bullet Punch|p2b: Dragonite\n|-damage|p2b: Dragonite|47\/100\n|move|p2a: Flutter Mane|Shadow Ball|p1b: EkaitCaraQlo\n|-crit|p1b: EkaitCaraQlo\n|-damage|p1b: EkaitCaraQlo|0 fnt\n|faint|p1b: EkaitCaraQlo\n|-damage|p2a: Flutter Mane|91\/100|[from] item: Life Orb\n|move|p1a: Cordyceps|Pollen Puff|p1: EkaitCaraQlo|[notarget]\n|-fail|p1a: Cordyceps\n|\n|-sideend|p2: i homophobic|move: Tailwind\n|upkeep\n|\n|t:|1682444197\n|switch|p1b: FurroCome4no|Jolteon, L50, F|100\/100\n|turn|7\n|\n|t:|1682444221\n|move|p1b: FurroCome4no|Protect|p1b: FurroCome4no\n|-singleturn|p1b: FurroCome4no|Protect\n|move|p2a: Flutter Mane|Protect|p2a: Flutter Mane\n|-singleturn|p2a: Flutter Mane|Protect\n|move|p2b: Dragonite|Extreme Speed|p1b: FurroCome4no\n|-activate|p1b: FurroCome4no|move: Protect\n|move|p1a: Cordyceps|Spore|p2a: Flutter Mane\n|-activate|p2a: Flutter Mane|move: Protect\n|\n|upkeep\n|turn|8\n|\n|t:|1682444236\n|move|p2b: Dragonite|Extreme Speed|p1b: FurroCome4no\n|-damage|p1b: FurroCome4no|51\/100\n|move|p1a: Cordyceps|Rage Powder|p1a: Cordyceps\n|-singleturn|p1a: Cordyceps|move: Rage Powder\n|move|p1b: FurroCome4no|Thunderbolt|p2b: Dragonite\n|-damage|p2b: Dragonite|13\/100\n|move|p2a: Flutter Mane|Shadow Ball|p1a: Cordyceps\n|-damage|p1a: Cordyceps|61\/100\n|-unboost|p1a: Cordyceps|spd|1\n|-damage|p2a: Flutter Mane|81\/100|[from] item: Life Orb\n|\n|upkeep\n|turn|9\n|inactive|Restgo has 30 seconds left.\n|\n|t:|1682444266\n|move|p1b: FurroCome4no|Protect|p1b: FurroCome4no\n|-singleturn|p1b: FurroCome4no|Protect\n|move|p2b: Dragonite|Extreme Speed|p1a: Cordyceps\n|-damage|p1a: Cordyceps|32\/100\n|-enditem|p1a: Cordyceps|Sitrus Berry|[eat]\n|-heal|p1a: Cordyceps|57\/100|[from] item: Sitrus Berry\n|move|p2a: Flutter Mane|Shadow Ball|p1a: Cordyceps\n|-damage|p1a: Cordyceps|3\/100\n|-unboost|p1a: Cordyceps|spd|1\n|-damage|p2a: Flutter Mane|71\/100|[from] item: Life Orb\n|move|p1a: Cordyceps|Spore|p2a: Flutter Mane\n|-status|p2a: Flutter Mane|slp|[from] move: Spore\n|\n|upkeep\n|turn|10\n|j| Garbless\n|\n|t:|1682444290\n|cant|p2a: Flutter Mane|slp\n|move|p2b: Dragonite|Extreme Speed|p1b: FurroCome4no\n|-damage|p1b: FurroCome4no|0 fnt\n|faint|p1b: FurroCome4no\n|move|p1a: Cordyceps|Pollen Puff|p1: FurroCome4no|[notarget]\n|-fail|p1a: Cordyceps\n|\n|upkeep\n|turn|11\n|inactive|Restgo has 30 seconds left.\n|inactive|Restgo has 20 seconds left.\n|inactive|Restgo has 15 seconds left.\n|c|\u2606Restgo|gg op crit\n|inactive|Restgo has 10 seconds left.\n|inactive|Restgo has 5 seconds left.\n|\n|t:|1682444342\n|move|p2b: Dragonite|Extreme Speed|p1a: Cordyceps\n|-damage|p1a: Cordyceps|0 fnt\n|faint|p1a: Cordyceps\n|\n|win|i homophobic\n|n|\u2606Restgo|restgo\n|n|\u203di homophobic|ihomophobic\n|n| babiwi bewey\u2714\ufe0f|babiwibewey\n|n| Therazer456|therazer456\n|n| ThatOneDedenne|thatonededenne\n|n| Garbless|garbless\n|l| ThatOneDedenne\n","uploadtime":1682444356,"views":7,"p1id":"restgo","p2id":"ihomophobic","formatid":"gen9vgc2023regulationc","rating":0,"private":0,"password":""}