{"id":"gen9vgc2023regulationc-1856860542","p1":"shimaumaviera","p2":"ScooteezyYT","format":"[Gen 9] VGC 2023 Regulation C","log":"|j|\u2606shimaumaviera\n|j|\u2606ScooteezyYT\n|t:|1683120304\n|gametype|doubles\n|player|p1|shimaumaviera|170|1584\n|player|p2|ScooteezyYT|red|1559\n|teamsize|p1|6\n|teamsize|p2|6\n|gen|9\n|tier|[Gen 9] VGC 2023 Regulation C\n|rated|\n|rule|Species Clause: Limit one of each Pok\u00e9mon\n|rule|Item Clause: Limit one of each item\n|clearpoke\n|poke|p1|Flutter Mane, L50|\n|poke|p1|Chi-Yu, L50|\n|poke|p1|Great Tusk, L50|\n|poke|p1|Torkoal, L50, F|\n|poke|p1|Murkrow, L50, F|\n|poke|p1|Jumpluff, L50, F|\n|poke|p2|Abomasnow, L50, F|\n|poke|p2|Iron Bundle, L50|\n|poke|p2|Flutter Mane, L50|\n|poke|p2|Iron Moth, L50|\n|poke|p2|Kingambit, L50, F|\n|poke|p2|Salamence, L50, M|\n|teampreview|4\n|l|\u2606shimaumaviera\n|player|p1|\n|\n|t:|1683120366\n|start\n|switch|p1a: Torkoal|Torkoal, L50, F, shiny|100\/100\n|switch|p1b: Jumpluff|Jumpluff, L50, F|100\/100\n|switch|p2a: Kingambit|Kingambit, L50, F|100\/100\n|switch|p2b: Salamence|Salamence, L50, M|100\/100\n|-ability|p2b: Salamence|Intimidate|boost\n|-unboost|p1a: Torkoal|atk|1\n|-unboost|p1b: Jumpluff|atk|1\n|-weather|SunnyDay|[from] ability: Drought|[of] p1a: Torkoal\n|turn|1\n|inactive|Battle timer is ON: inactive players will automatically lose when time's up. (requested by ScooteezyYT)\n|j|\u2606shimaumaviera\n|inactive|shimaumaviera reconnected and has 90 seconds left.\n|player|p1|shimaumaviera|170\n|\n|t:|1683120457\n|-terastallize|p2a: Kingambit|Flying\n|move|p1b: Jumpluff|Tailwind|p1b: Jumpluff\n|-sidestart|p1: shimaumaviera|move: Tailwind\n|move|p2b: Salamence|Heat Wave|p1a: Torkoal|[spread] p1a,p1b\n|-resisted|p1a: Torkoal\n|-supereffective|p1b: Jumpluff\n|-crit|p1b: Jumpluff\n|-damage|p1a: Torkoal|81\/100\n|-damage|p1b: Jumpluff|0 fnt\n|faint|p1b: Jumpluff\n|move|p1a: Torkoal|Eruption|p2a: Kingambit|[spread] p2a,p2b\n|-resisted|p2b: Salamence\n|-damage|p2a: Kingambit|71\/100\n|-damage|p2b: Salamence|74\/100\n|move|p2a: Kingambit|Tera Blast|p1a: Torkoal\n|-damage|p1a: Torkoal|44\/100\n|\n|-weather|SunnyDay|[upkeep]\n|upkeep\n|\n|t:|1683120479\n|switch|p1b: Flutter Mane|Flutter Mane, L50, shiny|100\/100\n|-activate|p1b: Flutter Mane|ability: Protosynthesis\n|-start|p1b: Flutter Mane|protosynthesisspa\n|turn|2\n|inactive|ScooteezyYT has 30 seconds left.\n|inactive|ScooteezyYT has 20 seconds left.\n|inactive|ScooteezyYT has 15 seconds left.\n|inactive|ScooteezyYT has 10 seconds left.\n|\n|t:|1683120526\n|switch|p2b: Abomasnow|Abomasnow, L50, F|100\/100\n|-weather|Snow|[from] ability: Snow Warning|[of] p2b: Abomasnow\n|-end|p1b: Flutter Mane|Protosynthesis\n|-terastallize|p1b: Flutter Mane|Fairy\n|move|p1b: Flutter Mane|Dazzling Gleam|p2b: Abomasnow|[spread] p2a,p2b\n|-damage|p2a: Kingambit|28\/100\n|-damage|p2b: Abomasnow|30\/100\n|move|p1a: Torkoal|Overheat|p2a: Kingambit\n|-damage|p2a: Kingambit|4\/100\n|-unboost|p1a: Torkoal|spa|2\n|move|p2a: Kingambit|Iron Head|p1b: Flutter Mane\n|-supereffective|p1b: Flutter Mane\n|-damage|p1b: Flutter Mane|0 fnt\n|faint|p1b: Flutter Mane\n|-end|p1b: Flutter Mane|Protosynthesis|[silent]\n|\n|-weather|Snow|[upkeep]\n|upkeep\n|\n|t:|1683120545\n|switch|p1b: Great Tusk|Great Tusk, L50|100\/100\n|turn|3\n|j| Shine Like a Gem\n|inactive|ScooteezyYT has 30 seconds left.\n|\n|t:|1683120578\n|switch|p2a: Salamence|Salamence, L50, M|74\/100\n|-ability|p2a: Salamence|Intimidate|boost\n|-unboost|p1a: Torkoal|atk|1\n|-unboost|p1b: Great Tusk|atk|1\n|move|p1b: Great Tusk|Rock Slide|p2a: Salamence|[spread] p2a,p2b\n|-supereffective|p2a: Salamence\n|-supereffective|p2b: Abomasnow\n|-damage|p2a: Salamence|41\/100\n|-damage|p2b: Abomasnow|7\/100\n|move|p1a: Torkoal|Overheat|p2b: Abomasnow\n|-supereffective|p2b: Abomasnow\n|-damage|p2b: Abomasnow|0 fnt\n|-unboost|p1a: Torkoal|spa|2\n|faint|p2b: Abomasnow\n|\n|-weather|Snow|[upkeep]\n|upkeep\n|\n|t:|1683120590\n|switch|p2b: Iron Bundle|Iron Bundle, L50|100\/100\n|turn|4\n|\n|t:|1683120608\n|switch|p2a: Kingambit|Kingambit, L50, F, tera:Flying|4\/100\n|move|p2b: Iron Bundle|Protect|p2b: Iron Bundle\n|-singleturn|p2b: Iron Bundle|Protect\n|move|p1b: Great Tusk|Rock Slide|p2b: Iron Bundle|[spread] p2a\n|-activate|p2b: Iron Bundle|move: Protect\n|-supereffective|p2a: Kingambit\n|-damage|p2a: Kingambit|0 fnt\n|faint|p2a: Kingambit\n|move|p1a: Torkoal|Overheat|p2b: Iron Bundle\n|-activate|p2b: Iron Bundle|move: Protect\n|\n|-weather|Snow|[upkeep]\n|-sideend|p1: shimaumaviera|move: Tailwind\n|upkeep\n|\n|t:|1683120615\n|switch|p2a: Salamence|Salamence, L50, M|41\/100\n|-ability|p2a: Salamence|Intimidate|boost\n|-unboost|p1a: Torkoal|atk|1\n|-unboost|p1b: Great Tusk|atk|1\n|turn|5\n|\n|t:|1683120634\n|move|p2a: Salamence|Air Slash|p1a: Torkoal\n|-damage|p1a: Torkoal|5\/100\n|move|p2b: Iron Bundle|Blizzard|p1a: Torkoal|[spread] p1a,p1b\n|-resisted|p1a: Torkoal\n|-supereffective|p1b: Great Tusk\n|-damage|p1a: Torkoal|0 fnt\n|-enditem|p1b: Great Tusk|Focus Sash\n|-damage|p1b: Great Tusk|1\/100\n|faint|p1a: Torkoal\n|-damage|p2b: Iron Bundle|91\/100|[from] item: Life Orb\n|move|p1b: Great Tusk|Rock Slide|p2a: Salamence|[spread] p2a\n|-miss|p1b: Great Tusk|p2b: Iron Bundle\n|-supereffective|p2a: Salamence\n|-damage|p2a: Salamence|14\/100\n|\n|-weather|Snow|[upkeep]\n|upkeep\n|turn|6\n|-message|shimaumaviera forfeited.\n|\n|win|ScooteezyYT\n|raw|shimaumaviera's rating: 1584 → 1563<\/strong> (-21 for losing)\n|raw|ScooteezyYT's rating: 1559 → 1580<\/strong> (+21 for winning)\n|l|\u2606shimaumaviera\n|l|\u2606ScooteezyYT\n","uploadtime":1683120690,"views":7,"p1id":"shimaumaviera","p2id":"scooteezyyt","formatid":"gen9vgc2023regulationc","rating":1563,"private":0,"password":""}