{"id":"gen9vgc2023regulationc-1854710460","p1":"Gost_elitefy","p2":"Munchnie","format":"[Gen 9] VGC 2023 Regulation C","log":"|j|\u2606Gost_elitefy\n|j|\u2606Munchnie\n|t:|1682854745\n|gametype|doubles\n|player|p1|Gost_elitefy|265|1000\n|player|p2|Munchnie|maid|1066\n|teamsize|p1|6\n|teamsize|p2|6\n|gen|9\n|tier|[Gen 9] VGC 2023 Regulation C\n|rated|\n|rule|Species Clause: Limit one of each Pok\u00e9mon\n|rule|Item Clause: Limit one of each item\n|clearpoke\n|poke|p1|Amoonguss, L50, F|\n|poke|p1|Chien-Pao, L50|\n|poke|p1|Ting-Lu, L50|\n|poke|p1|Flutter Mane, L50|\n|poke|p1|Arcanine, L50, M|\n|poke|p1|Dragonite, L50, F|\n|poke|p2|Indeedee-F, L50, F|\n|poke|p2|Armarouge, L50, F|\n|poke|p2|Gholdengo, L50|\n|poke|p2|Sunflora, L50, M|\n|poke|p2|Maushold, L50|\n|poke|p2|Iron Hands, L50|\n|teampreview|4\n|c|\u2606Munchnie|GLHF\n|\n|t:|1682854789\n|start\n|switch|p1a: Ting-Lu|Ting-Lu, L50|100\/100\n|switch|p1b: Amoonguss|Amoonguss, L50, F|100\/100\n|switch|p2a: Maushold|Maushold, L50|100\/100\n|switch|p2b: Armarouge|Armarouge, L50, F|100\/100\n|-ability|p1a: Ting-Lu|Vessel of Ruin\n|turn|1\n|\n|t:|1682854797\n|move|p2a: Maushold|Follow Me|p2a: Maushold\n|-singleturn|p2a: Maushold|move: Follow Me\n|move|p1a: Ting-Lu|Fissure|p2a: Maushold|[miss]\n|-miss|p1a: Ting-Lu|p2a: Maushold\n|move|p1b: Amoonguss|Spore|p2a: Maushold\n|-activate|p2a: Maushold|item: Safety Goggles|Spore\n|move|p2b: Armarouge|Trick Room|p2b: Armarouge\n|-fieldstart|move: Trick Room|[of] p2b: Armarouge\n|\n|upkeep\n|turn|2\n|\n|t:|1682854817\n|switch|p2b: Sunflora|Sunflora, L50, M|100\/100\n|move|p1b: Amoonguss|Spore|p2b: Sunflora\n|-immune|p2b: Sunflora\n|move|p1a: Ting-Lu|Stomping Tantrum|p2b: Sunflora\n|-resisted|p2b: Sunflora\n|-damage|p2b: Sunflora|72\/100\n|move|p2a: Maushold|Super Fang|p1a: Ting-Lu\n|-damage|p1a: Ting-Lu|50\/100\n|\n|upkeep\n|turn|3\n|\n|t:|1682854834\n|move|p2a: Maushold|Follow Me|p2a: Maushold\n|-singleturn|p2a: Maushold|move: Follow Me\n|move|p2b: Sunflora|Sunny Day|p2b: Sunflora\n|-weather|SunnyDay\n|move|p1b: Amoonguss|Spore|p2a: Maushold\n|-activate|p2a: Maushold|item: Safety Goggles|Spore\n|move|p1a: Ting-Lu|Stomping Tantrum|p2a: Maushold\n|-damage|p2a: Maushold|72\/100\n|\n|-weather|SunnyDay|[upkeep]\n|-damage|p2b: Sunflora|60\/100|[from] ability: Solar Power|[of] p2b: Sunflora\n|upkeep\n|turn|4\n|\n|t:|1682854855\n|move|p2a: Maushold|Helping Hand|p2b: Sunflora\n|-singleturn|p2b: Sunflora|Helping Hand|[of] p2a: Maushold\n|move|p2b: Sunflora|Solar Beam||[still]\n|-prepare|p2b: Sunflora|Solar Beam\n|-anim|p2b: Sunflora|Solar Beam|p1a: Ting-Lu\n|-supereffective|p1a: Ting-Lu\n|-damage|p1a: Ting-Lu|0 fnt\n|faint|p1a: Ting-Lu\n|-damage|p2b: Sunflora|50\/100|[from] item: Life Orb\n|move|p1b: Amoonguss|Spore|p2a: Maushold\n|-activate|p2a: Maushold|item: Safety Goggles|Spore\n|\n|-weather|SunnyDay|[upkeep]\n|-damage|p2b: Sunflora|38\/100|[from] ability: Solar Power|[of] p2b: Sunflora\n|upkeep\n|\n|t:|1682854870\n|switch|p1a: Flutter Mane|Flutter Mane, L50|100\/100\n|-activate|p1a: Flutter Mane|ability: Protosynthesis\n|-start|p1a: Flutter Mane|protosynthesisspa\n|turn|5\n|\n|t:|1682854922\n|switch|p1b: Arcanine|Arcanine, L50, M|100\/100\n|-ability|p1b: Arcanine|Intimidate|boost\n|-unboost|p2a: Maushold|atk|1\n|-unboost|p2b: Sunflora|atk|1\n|-terastallize|p1a: Flutter Mane|Fairy\n|move|p2a: Maushold|Helping Hand|p2b: Sunflora\n|-singleturn|p2b: Sunflora|Helping Hand|[of] p2a: Maushold\n|move|p2b: Sunflora|Solar Beam||[still]\n|-prepare|p2b: Sunflora|Solar Beam\n|-anim|p2b: Sunflora|Solar Beam|p1a: Flutter Mane\n|-damage|p1a: Flutter Mane|0 fnt\n|faint|p1a: Flutter Mane\n|-end|p1a: Flutter Mane|Protosynthesis|[silent]\n|-damage|p2b: Sunflora|28\/100|[from] item: Life Orb\n|\n|-weather|SunnyDay|[upkeep]\n|-damage|p2b: Sunflora|16\/100|[from] ability: Solar Power|[of] p2b: Sunflora\n|-fieldend|move: Trick Room\n|upkeep\n|\n|t:|1682854938\n|switch|p1a: Amoonguss|Amoonguss, L50, F|100\/100\n|turn|6\n|\n|t:|1682854951\n|move|p2a: Maushold|Follow Me|p2a: Maushold\n|-singleturn|p2a: Maushold|move: Follow Me\n|move|p1b: Arcanine|Will-O-Wisp|p2a: Maushold\n|-status|p2a: Maushold|brn\n|move|p1a: Amoonguss|Pollen Puff|p2a: Maushold\n|-damage|p2a: Maushold|49\/100 brn\n|move|p2b: Sunflora|Earth Power|p1b: Arcanine\n|-supereffective|p1b: Arcanine\n|-damage|p1b: Arcanine|0 fnt\n|faint|p1b: Arcanine\n|-damage|p2b: Sunflora|6\/100|[from] item: Life Orb\n|\n|-weather|SunnyDay|[upkeep]\n|-damage|p2b: Sunflora|0 fnt|[from] ability: Solar Power|[of] p2b: Sunflora\n|faint|p2b: Sunflora\n|-damage|p2a: Maushold|43\/100 brn|[from] brn\n|upkeep\n|-message|Gost_elitefy forfeited.\n|\n|win|Munchnie\n|raw|Gost_elitefy's rating: 1000 → 1000<\/strong> (+0 for losing)\n|raw|Munchnie's rating: 1066 → 1090<\/strong> (+24 for winning)\n|l|\u2606Gost_elitefy\n","uploadtime":1682854976,"views":11,"p1id":"gostelitefy","p2id":"munchnie","formatid":"gen9vgc2023regulationc","rating":1000,"private":0,"password":""}