{"id":"gen9vgc2023regulationc-1853274430","p1":"PkmnTrainerJaavy","p2":"snoozevgc","format":"[Gen 9] VGC 2023 Regulation C","log":"|j|\u2606PkmnTrainerJaavy\n|j|\u2606snoozevgc\n|t:|1682659014\n|gametype|doubles\n|player|p1|PkmnTrainerJaavy|dawn|1468\n|player|p2|snoozevgc|2|1516\n|teamsize|p1|6\n|teamsize|p2|6\n|gen|9\n|tier|[Gen 9] VGC 2023 Regulation C\n|rated|\n|rule|Species Clause: Limit one of each Pok\u00e9mon\n|rule|Item Clause: Limit one of each item\n|clearpoke\n|poke|p1|Glimmora, L50, F|\n|poke|p1|Gyarados, L50, M|\n|poke|p1|Ting-Lu, L50|\n|poke|p1|Chi-Yu, L50|\n|poke|p1|Flutter Mane, L50|\n|poke|p1|Lucario, L50, M|\n|poke|p2|Lilligant, L50, F|\n|poke|p2|Torkoal, L50, F|\n|poke|p2|Flutter Mane, L50|\n|poke|p2|Kingambit, L50, F|\n|poke|p2|Dragonite, L50, F|\n|poke|p2|Great Tusk, L50|\n|teampreview|4\n|inactive|Battle timer is ON: inactive players will automatically lose when time's up. (requested by snoozevgc)\n|inactive|PkmnTrainerJaavy has 60 seconds left.\n|inactive|snoozevgc has 60 seconds left.\n|\n|t:|1682659058\n|start\n|switch|p1a: Ting-Lu|Ting-Lu, L50|100\/100\n|switch|p1b: Glimmora|Glimmora, L50, F, shiny|100\/100\n|switch|p2a: Kingambit|Kingambit, L50, F, shiny|100\/100\n|switch|p2b: Great Tusk|Great Tusk, L50|100\/100\n|-ability|p1a: Ting-Lu|Vessel of Ruin\n|turn|1\n|inactive|PkmnTrainerJaavy has 30 seconds left.\n|\n|t:|1682659085\n|move|p1b: Glimmora|Spiky Shield|p1b: Glimmora\n|-singleturn|p1b: Glimmora|move: Protect\n|move|p2b: Great Tusk|Close Combat|p1a: Ting-Lu\n|-supereffective|p1a: Ting-Lu\n|-damage|p1a: Ting-Lu|31\/100\n|-unboost|p2b: Great Tusk|def|1\n|-unboost|p2b: Great Tusk|spd|1\n|move|p2a: Kingambit|Kowtow Cleave|p1b: Glimmora\n|-activate|p1b: Glimmora|move: Protect\n|-damage|p2a: Kingambit|88\/100|[from] Spiky Shield|[of] p1b: Glimmora\n|move|p1a: Ting-Lu|Stomping Tantrum|p2a: Kingambit\n|-supereffective|p2a: Kingambit\n|-damage|p2a: Kingambit|35\/100\n|\n|-heal|p1a: Ting-Lu|37\/100|[from] item: Leftovers\n|upkeep\n|turn|2\n|inactive|snoozevgc has 30 seconds left.\n|inactive|snoozevgc has 20 seconds left.\n|\n|t:|1682659122\n|-end|p2b: Great Tusk|Protosynthesis|[silent]\n|switch|p2b: Torkoal|Torkoal, L50, F, shiny|100\/100\n|-weather|SunnyDay|[from] ability: Drought|[of] p2b: Torkoal\n|move|p1b: Glimmora|Earth Power|p2a: Kingambit\n|-supereffective|p2a: Kingambit\n|-damage|p2a: Kingambit|3\/100\n|move|p2a: Kingambit|Kowtow Cleave|p1b: Glimmora\n|-crit|p1b: Glimmora\n|-damage|p1b: Glimmora|4\/100\n|-activate|p1b: Glimmora|ability: Toxic Debris\n|-sidestart|p2: snoozevgc|move: Toxic Spikes\n|move|p1a: Ting-Lu|Stomping Tantrum|p2b: Torkoal\n|-supereffective|p2b: Torkoal\n|-damage|p2b: Torkoal|49\/100\n|\n|-weather|SunnyDay|[upkeep]\n|-heal|p1a: Ting-Lu|43\/100|[from] item: Leftovers\n|upkeep\n|turn|3\n|\n|t:|1682659144\n|move|p1b: Glimmora|Stealth Rock|p2b: Torkoal\n|-sidestart|p2: snoozevgc|move: Stealth Rock\n|move|p2a: Kingambit|Iron Head|p1a: Ting-Lu\n|-damage|p1a: Ting-Lu|17\/100\n|cant|p1a: Ting-Lu|flinch\n|move|p2b: Torkoal|Flamethrower|p1a: Ting-Lu\n|-damage|p1a: Ting-Lu|0 fnt\n|faint|p1a: Ting-Lu\n|\n|-weather|SunnyDay|[upkeep]\n|upkeep\n|\n|t:|1682659159\n|switch|p1a: Chi-Yu|Chi-Yu, L50|100\/100\n|-ability|p1a: Chi-Yu|Beads of Ruin\n|turn|4\n|\n|t:|1682659170\n|move|p2a: Kingambit|Sucker Punch|p1a: Chi-Yu\n|-resisted|p1a: Chi-Yu\n|-damage|p1a: Chi-Yu|71\/100\n|move|p1a: Chi-Yu|Dark Pulse|p2b: Torkoal\n|-damage|p2b: Torkoal|0 fnt\n|faint|p2b: Torkoal\n|move|p1b: Glimmora|Earth Power|p2a: Kingambit\n|-supereffective|p2a: Kingambit\n|-damage|p2a: Kingambit|0 fnt\n|faint|p2a: Kingambit\n|\n|-weather|SunnyDay|[upkeep]\n|upkeep\n|\n|t:|1682659175\n|switch|p2a: Great Tusk|Great Tusk, L50|100\/100\n|switch|p2b: Flutter Mane|Flutter Mane, L50, shiny|100\/100\n|-status|p2a: Great Tusk|psn\n|-damage|p2a: Great Tusk|98\/100 psn|[from] Stealth Rock\n|-activate|p2a: Great Tusk|ability: Protosynthesis\n|-start|p2a: Great Tusk|protosynthesisatk\n|-status|p2b: Flutter Mane|psn\n|-damage|p2b: Flutter Mane|89\/100 psn|[from] Stealth Rock\n|-activate|p2b: Flutter Mane|ability: Protosynthesis\n|-start|p2b: Flutter Mane|protosynthesisspa\n|turn|5\n|\n|t:|1682659187\n|-terastallize|p2a: Great Tusk|Fire\n|move|p1a: Chi-Yu|Protect|p1a: Chi-Yu\n|-singleturn|p1a: Chi-Yu|Protect\n|move|p2a: Great Tusk|Rock Slide|p1a: Chi-Yu|[spread] p1b\n|-activate|p1a: Chi-Yu|move: Protect\n|-damage|p1b: Glimmora|0 fnt\n|-activate|p1b: Glimmora|ability: Toxic Debris\n|-sidestart|p2: snoozevgc|move: Toxic Spikes\n|faint|p1b: Glimmora\n|move|p2b: Flutter Mane|Dazzling Gleam|p1a: Chi-Yu\n|-activate|p1a: Chi-Yu|move: Protect\n|\n|-weather|SunnyDay|[upkeep]\n|-damage|p2a: Great Tusk|86\/100 psn|[from] psn\n|-damage|p2b: Flutter Mane|77\/100 psn|[from] psn\n|upkeep\n|\n|t:|1682659193\n|switch|p1b: Flutter Mane|Flutter Mane, L50|100\/100\n|-activate|p1b: Flutter Mane|ability: Protosynthesis\n|-start|p1b: Flutter Mane|protosynthesisspe\n|turn|6\n|\n|t:|1682659207\n|-terastallize|p1a: Chi-Yu|Grass\n|move|p1b: Flutter Mane|Shadow Ball|p2b: Flutter Mane\n|-supereffective|p2b: Flutter Mane\n|-damage|p2b: Flutter Mane|0 fnt\n|faint|p2b: Flutter Mane\n|-end|p2b: Flutter Mane|Protosynthesis|[silent]\n|move|p2a: Great Tusk|Rock Slide|p1b: Flutter Mane|[spread] p1a,p1b\n|-damage|p1a: Chi-Yu|32\/100\n|-damage|p1b: Flutter Mane|49\/100\n|-enditem|p1a: Chi-Yu|Sitrus Berry|[eat]\n|-heal|p1a: Chi-Yu|57\/100|[from] item: Sitrus Berry\n|cant|p1a: Chi-Yu|flinch\n|\n|-weather|none\n|-end|p1b: Flutter Mane|Protosynthesis\n|-end|p2a: Great Tusk|Protosynthesis\n|-damage|p2a: Great Tusk|74\/100 psn|[from] psn\n|upkeep\n|-enditem|p1b: Flutter Mane|Booster Energy\n|-activate|p1b: Flutter Mane|ability: Protosynthesis|[fromitem]\n|-start|p1b: Flutter Mane|protosynthesisspe\n|turn|7\n|\n|t:|1682659216\n|move|p1b: Flutter Mane|Icy Wind|p2a: Great Tusk\n|-resisted|p2a: Great Tusk\n|-damage|p2a: Great Tusk|54\/100 psn\n|-unboost|p2a: Great Tusk|spe|1\n|move|p1a: Chi-Yu|Dark Pulse|p2a: Great Tusk\n|-damage|p2a: Great Tusk|0 fnt\n|faint|p2a: Great Tusk\n|-end|p2a: Great Tusk|Protosynthesis|[silent]\n|\n|win|PkmnTrainerJaavy\n|raw|PkmnTrainerJaavy's rating: 1468 → 1491<\/strong> (+23 for winning)\n|raw|snoozevgc's rating: 1516 → 1493<\/strong> (-23 for losing)\n","uploadtime":1682659219,"views":12,"p1id":"pkmntrainerjaavy","p2id":"snoozevgc","formatid":"gen9vgc2023regulationc","rating":1491,"private":0,"password":""}