{"id":"gen9vgc2023regulationc-1852553704","p1":"mugiwaraLux","p2":"nakonagisuki","format":"[Gen 9] VGC 2023 Regulation C","log":"|j|\u2606mugiwaraLux\n|j|\u2606nakonagisuki\n|t:|1682575004\n|gametype|doubles\n|player|p1|mugiwaraLux|265|1367\n|player|p2|nakonagisuki|266|1313\n|teamsize|p1|6\n|teamsize|p2|6\n|gen|9\n|tier|[Gen 9] VGC 2023 Regulation C\n|rated|\n|rule|Species Clause: Limit one of each Pok\u00e9mon\n|rule|Item Clause: Limit one of each item\n|clearpoke\n|poke|p1|Palafin, L50, M|\n|poke|p1|Amoonguss, L50, F|\n|poke|p1|Flutter Mane, L50|\n|poke|p1|Arcanine, L50, M|\n|poke|p1|Chien-Pao, L50|\n|poke|p1|Roaring Moon, L50|\n|poke|p2|Scream Tail, L50|\n|poke|p2|Ceruledge, L50, F|\n|poke|p2|Ting-Lu, L50|\n|poke|p2|Flutter Mane, L50|\n|poke|p2|Chien-Pao, L50|\n|poke|p2|Amoonguss, L50, M|\n|teampreview|4\n|inactive|Battle timer is ON: inactive players will automatically lose when time's up. (requested by mugiwaraLux)\nmugiwaraLux has agreed to open team sheets.\n|\n|t:|1682575032\n|start\n|switch|p1a: Mimi|Flutter Mane, L50|100\/100\n|switch|p1b: Palafin|Palafin, L50, M|100\/100\n|switch|p2a: Scream Tail|Scream Tail, L50|100\/100\n|switch|p2b: Ceruledge|Ceruledge, L50, F|100\/100\n|-enditem|p2a: Scream Tail|Booster Energy\n|-activate|p2a: Scream Tail|ability: Protosynthesis|[fromitem]\n|-start|p2a: Scream Tail|protosynthesisspe\n|turn|1\n|\n|t:|1682575055\n|detailschange|p1b: Palafin|Palafin-Hero, L50, M\n|switch|p1b: Arcanine|Arcanine, L50, M|100\/100\n|-ability|p1b: Arcanine|Intimidate|boost\n|-unboost|p2a: Scream Tail|atk|1\n|-fail|p2b: Ceruledge|unboost|[from] item: Clear Amulet|[of] p2b: Ceruledge\n|move|p2b: Ceruledge|Protect|p2b: Ceruledge\n|-singleturn|p2b: Ceruledge|Protect\n|move|p2a: Scream Tail|Howl|p2a: Scream Tail|[spread] p2a,p2b\n|-boost|p2a: Scream Tail|atk|1\n|-boost|p2b: Ceruledge|atk|1\n|move|p1a: Mimi|Shadow Ball|p2b: Ceruledge\n|-activate|p2b: Ceruledge|move: Protect\n|\n|upkeep\n|turn|2\n|\n|t:|1682575072\n|-terastallize|p1a: Mimi|Fairy\n|move|p2b: Ceruledge|Shadow Sneak|p1a: Mimi\n|-damage|p1a: Mimi|59\/100\n|move|p2a: Scream Tail|Play Rough|p1a: Mimi\n|-damage|p1a: Mimi|25\/100\n|move|p1a: Mimi|Shadow Ball|p2b: Ceruledge\n|-supereffective|p2b: Ceruledge\n|-damage|p2b: Ceruledge|2\/100\n|move|p1b: Arcanine|Flare Blitz|p2a: Scream Tail\n|-damage|p2a: Scream Tail|64\/100\n|-status|p2a: Scream Tail|brn\n|-damage|p1b: Arcanine|87\/100|[from] Recoil\n|\n|-damage|p2a: Scream Tail|58\/100 brn|[from] brn\n|upkeep\n|turn|3\n|inactive|nakonagisuki has 30 seconds left.\n|inactive|nakonagisuki has 20 seconds left.\n|\n|t:|1682575108\n|-end|p1a: Mimi|Protosynthesis|[silent]\n|switch|p1a: Palafin|Palafin-Hero, L50, M|100\/100\n|-activate|p1a: Palafin|ability: Zero to Hero\n|move|p2b: Ceruledge|Shadow Sneak|p1a: Palafin\n|-damage|p1a: Palafin|71\/100\n|move|p2a: Scream Tail|Sunny Day|p2a: Scream Tail\n|-weather|SunnyDay\n|move|p1b: Arcanine|Flare Blitz|p2a: Scream Tail\n|-damage|p2a: Scream Tail|5\/100 brn\n|-damage|p1b: Arcanine|67\/100|[from] Recoil\n|\n|-weather|SunnyDay|[upkeep]\n|-damage|p2a: Scream Tail|0 fnt|[from] brn\n|faint|p2a: Scream Tail\n|-end|p2a: Scream Tail|Protosynthesis|[silent]\n|upkeep\n|\n|t:|1682575119\n|switch|p2a: Flutter Mane|Flutter Mane, L50|100\/100\n|-activate|p2a: Flutter Mane|ability: Protosynthesis\n|-start|p2a: Flutter Mane|protosynthesisspa\n|turn|4\n|inactive|nakonagisuki has 30 seconds left.\n|inactive|nakonagisuki has 20 seconds left.\n|\n|t:|1682575155\n|-terastallize|p2a: Flutter Mane|Fairy\n|move|p1a: Palafin|Jet Punch|p2b: Ceruledge\n|-supereffective|p2b: Ceruledge\n|-damage|p2b: Ceruledge|0 fnt\n|faint|p2b: Ceruledge\n|move|p2a: Flutter Mane|Moonblast|p1a: Palafin\n|-crit|p1a: Palafin\n|-damage|p1a: Palafin|0 fnt\n|faint|p1a: Palafin\n|move|p1b: Arcanine|Flare Blitz|p2a: Flutter Mane\n|-damage|p2a: Flutter Mane|0 fnt\n|faint|p2a: Flutter Mane\n|-end|p2a: Flutter Mane|Protosynthesis|[silent]\n|-damage|p1b: Arcanine|43\/100|[from] Recoil\n|\n|-weather|SunnyDay|[upkeep]\n|upkeep\n|\n|t:|1682575164\n|switch|p1a: Roaring Moon|Roaring Moon, L50|100\/100\n|switch|p2b: Ting-Lu|Ting-Lu, L50|100\/100\n|-activate|p1a: Roaring Moon|ability: Protosynthesis\n|-start|p1a: Roaring Moon|protosynthesisatk\n|-ability|p2b: Ting-Lu|Vessel of Ruin\n|turn|5\n|\n|t:|1682575169\n|move|p1a: Roaring Moon|Acrobatics|p2b: Ting-Lu\n|-damage|p2b: Ting-Lu|84\/100\n|move|p1b: Arcanine|Will-O-Wisp|p2b: Ting-Lu\n|-status|p2b: Ting-Lu|brn\n|move|p2b: Ting-Lu|Rock Slide|p1a: Roaring Moon|[spread] p1b\n|-miss|p2b: Ting-Lu|p1a: Roaring Moon\n|-supereffective|p1b: Arcanine\n|-damage|p1b: Arcanine|24\/100\n|\n|-weather|SunnyDay|[upkeep]\n|-damage|p2b: Ting-Lu|78\/100 brn|[from] brn\n|upkeep\n|turn|6\n|\n|t:|1682575179\n|move|p1a: Roaring Moon|Dragon Dance|p1a: Roaring Moon\n|-boost|p1a: Roaring Moon|atk|1\n|-boost|p1a: Roaring Moon|spe|1\n|move|p1b: Arcanine|Flare Blitz|p2b: Ting-Lu\n|-damage|p2b: Ting-Lu|36\/100 brn\n|-damage|p1b: Arcanine|6\/100|[from] Recoil\n|move|p2b: Ting-Lu|Rock Slide|p1a: Roaring Moon|[spread] p1a,p1b\n|-supereffective|p1b: Arcanine\n|-damage|p1a: Roaring Moon|89\/100\n|-damage|p1b: Arcanine|0 fnt\n|faint|p1b: Arcanine\n|\n|-weather|SunnyDay|[upkeep]\n|-damage|p2b: Ting-Lu|30\/100 brn|[from] brn\n|upkeep\n|\n|t:|1682575182\n|switch|p1b: Mimi|Flutter Mane, L50, tera:Fairy|25\/100\n|-activate|p1b: Mimi|ability: Protosynthesis\n|-start|p1b: Mimi|protosynthesisspe\n|turn|7\n|-message|nakonagisuki forfeited.\n|\n|win|mugiwaraLux\n|raw|mugiwaraLux's rating: 1367 → 1384<\/strong> (+17 for winning)\n|raw|nakonagisuki's rating: 1313 → 1296<\/strong> (-17 for losing)\n|l|\u2606nakonagisuki\n","uploadtime":1682575190,"views":12,"p1id":"mugiwaralux","p2id":"nakonagisuki","formatid":"gen9vgc2023regulationc","rating":1296,"private":0,"password":""}