{"id":"gen9vgc2023regulationc-1857442658","p1":"hsiung","p2":"nightamara","format":"[Gen 9] VGC 2023 Regulation C","log":"|j|\u2606hsiung\n|j|\u2606nightamara\n|t:|1683193911\n|gametype|doubles\n|player|p1|hsiung|1|1077\n|player|p2|nightamara|greta-gen3|1164\n|teamsize|p1|6\n|teamsize|p2|6\n|gen|9\n|tier|[Gen 9] VGC 2023 Regulation C\n|rated|\n|rule|Species Clause: Limit one of each Pok\u00e9mon\n|rule|Item Clause: Limit one of each item\n|clearpoke\n|poke|p1|Drednaw, L50, F|\n|poke|p1|Kilowattrel, L50, F|\n|poke|p1|Tauros-Paldea-Aqua, L50, M|\n|poke|p1|Froslass, L50, F|\n|poke|p1|Staraptor, L50, F|\n|poke|p1|Orthworm, L50, F|\n|poke|p2|Scream Tail, L50|\n|poke|p2|Flutter Mane, L50|\n|poke|p2|Ting-Lu, L50|\n|poke|p2|Gothitelle, L50, M|\n|poke|p2|Arcanine, L50, F|\n|poke|p2|Palafin, L50, M|\n|teampreview|4\n|inactive|Battle timer is ON: inactive players will automatically lose when time's up. (requested by nightamara)\n|\n|t:|1683193935\n|start\n|switch|p1a: Staraptor|Staraptor, L50, F|100\/100\n|switch|p1b: Orthworm|Orthworm, L50, F|100\/100\n|switch|p2a: Go Gunhee|Ting-Lu, L50|100\/100\n|switch|p2b: Sung Jinwoo|Palafin, L50, M|100\/100\n|-ability|p1a: Staraptor|Intimidate|boost\n|-unboost|p2a: Go Gunhee|atk|1\n|-unboost|p2b: Sung Jinwoo|atk|1\n|-ability|p2a: Go Gunhee|Vessel of Ruin\n|turn|1\n|inactive|hsiung has 30 seconds left.\n|\n|t:|1683193964\n|detailschange|p2b: Sung Jinwoo|Palafin-Hero, L50, M\n|switch|p2b: Yoo Jinho|Arcanine, L50, F|100\/100\n|-ability|p2b: Yoo Jinho|Intimidate|boost\n|-unboost|p1a: Staraptor|atk|1\n|-unboost|p1b: Orthworm|atk|1\n|switch|p2a: Cha Hae In|Flutter Mane, L50|100\/100\n|move|p1a: Staraptor|U-turn|p2a: Cha Hae In\n|-resisted|p2a: Cha Hae In\n|-damage|p2a: Cha Hae In|92\/100\n|\n|t:|1683193975\n|switch|p1a: Kilowattrel|Kilowattrel, L50, F|100\/100|[from] U-turn\n|move|p1b: Orthworm|Shed Tail|p1b: Orthworm\n|-start|p1b: Orthworm|Substitute|[from] move: Shed Tail\n|-damage|p1b: Orthworm|50\/100\n|-enditem|p1b: Orthworm|Sitrus Berry|[eat]\n|-heal|p1b: Orthworm|75\/100|[from] item: Sitrus Berry\n|\n|t:|1683193986\n|switch|p1b: Drednaw|Drednaw, L50, F|100\/100|[from] Shed Tail\n|\n|upkeep\n|turn|2\n|\n|t:|1683193998\n|move|p2b: Yoo Jinho|Extreme Speed|p1a: Kilowattrel\n|-damage|p1a: Kilowattrel|53\/100\n|move|p2a: Cha Hae In|Moonblast|p1a: Kilowattrel\n|-damage|p1a: Kilowattrel|0 fnt\n|faint|p1a: Kilowattrel\n|move|p1b: Drednaw|Shell Smash|p1b: Drednaw\n|-unboost|p1b: Drednaw|def|1\n|-unboost|p1b: Drednaw|spd|1\n|-boost|p1b: Drednaw|atk|2\n|-boost|p1b: Drednaw|spa|2\n|-boost|p1b: Drednaw|spe|2\n|-enditem|p1b: Drednaw|White Herb\n|-clearnegativeboost|p1b: Drednaw|[silent]\n|\n|upkeep\n|\n|t:|1683194016\n|switch|p1a: Staraptor|Staraptor, L50, F|100\/100\n|-ability|p1a: Staraptor|Intimidate|boost\n|-unboost|p2a: Cha Hae In|atk|1\n|-unboost|p2b: Yoo Jinho|atk|1\n|turn|3\n|\n|t:|1683194038\n|move|p2a: Cha Hae In|Protect|p2a: Cha Hae In\n|-singleturn|p2a: Cha Hae In|Protect\n|move|p2b: Yoo Jinho|Extreme Speed|p1b: Drednaw\n|-resisted|p1b: Drednaw\n|-activate|p1b: Drednaw|move: Substitute|[damage]\n|move|p1b: Drednaw|Earthquake|p2b: Yoo Jinho|[spread] p2b\n|-activate|p2a: Cha Hae In|move: Protect\n|-immune|p1a: Staraptor\n|-supereffective|p2b: Yoo Jinho\n|-damage|p2b: Yoo Jinho|0 fnt\n|faint|p2b: Yoo Jinho\n|move|p1a: Staraptor|U-turn|p2a: Cha Hae In\n|-activate|p2a: Cha Hae In|move: Protect\n|\n|upkeep\n|\n|t:|1683194051\n|switch|p2b: Go Gunhee|Ting-Lu, L50|100\/100\n|-ability|p2b: Go Gunhee|Vessel of Ruin\n|turn|4\n|\n|t:|1683194065\n|-terastallize|p1b: Drednaw|Grass\n|move|p2a: Cha Hae In|Protect|p2a: Cha Hae In\n|-singleturn|p2a: Cha Hae In|Protect\n|move|p1b: Drednaw|Earthquake|p2a: Cha Hae In|[spread] p2b\n|-activate|p2a: Cha Hae In|move: Protect\n|-immune|p1a: Staraptor\n|-damage|p2b: Go Gunhee|70\/100\n|move|p1a: Staraptor|U-turn|p2b: Go Gunhee\n|-supereffective|p2b: Go Gunhee\n|-damage|p2b: Go Gunhee|41\/100\n|\n|t:|1683194078\n|switch|p1a: Orthworm|Orthworm, L50, F|75\/100|[from] U-turn\n|move|p2b: Go Gunhee|Heavy Slam|p1b: Drednaw\n|-crit|p1b: Drednaw\n|-end|p1b: Drednaw|Substitute\n|\n|-heal|p2b: Go Gunhee|47\/100|[from] item: Leftovers\n|upkeep\n|turn|5\n|\n|t:|1683194100\n|-end|p2a: Cha Hae In|Protosynthesis|[silent]\n|switch|p2a: Sung Jinwoo|Palafin-Hero, L50, M|100\/100\n|-activate|p2a: Sung Jinwoo|ability: Zero to Hero\n|move|p1b: Drednaw|Earthquake|p2a: Sung Jinwoo|[spread] p2a,p2b\n|-heal|p1a: Orthworm|100\/100|[from] ability: Earth Eater|[of] p1b: Drednaw\n|-damage|p2a: Sung Jinwoo|52\/100\n|-damage|p2b: Go Gunhee|16\/100\n|move|p1a: Orthworm|Heavy Slam|p2a: Sung Jinwoo\n|-resisted|p2a: Sung Jinwoo\n|-damage|p2a: Sung Jinwoo|41\/100\n|move|p2b: Go Gunhee|Heavy Slam|p1b: Drednaw\n|-damage|p1b: Drednaw|64\/100\n|\n|-heal|p2b: Go Gunhee|22\/100|[from] item: Leftovers\n|upkeep\n|turn|6\n|inactive|hsiung has 30 seconds left.\n|\n|t:|1683194135\n|-terastallize|p2a: Sung Jinwoo|Water\n|move|p2a: Sung Jinwoo|Jet Punch|p1b: Drednaw\n|-resisted|p1b: Drednaw\n|-damage|p1b: Drednaw|33\/100\n|move|p1b: Drednaw|Earthquake|p2b: Go Gunhee|[spread] p2a,p2b\n|-immune|p1a: Orthworm|[from] ability: Earth Eater\n|-damage|p2a: Sung Jinwoo|0 fnt\n|-damage|p2b: Go Gunhee|0 fnt\n|faint|p2a: Sung Jinwoo\n|faint|p2b: Go Gunhee\n|move|p1a: Orthworm|Body Press|p2: Sung Jinwoo|[notarget]\n|-fail|p1a: Orthworm\n|\n|upkeep\n|c|\u2606nightamara|gg\n|c|\u2606nightamara|nice team\n|\n|t:|1683194148\n|switch|p2b: Cha Hae In|Flutter Mane, L50|92\/100\n|turn|7\n|\n|t:|1683194160\n|move|p1b: Drednaw|Liquidation|p2b: Cha Hae In\n|-damage|p2b: Cha Hae In|0 fnt\n|faint|p2b: Cha Hae In\n|-end|p2b: Cha Hae In|Protosynthesis|[silent]\n|\n|win|hsiung\n|raw|hsiung's rating: 1077 → 1112<\/strong> (+35 for winning)\n|raw|nightamara's rating: 1164 → 1133<\/strong> (-31 for losing)\n|c|\u2606hsiung|thanks\n|player|p1|hsiung|1\n","uploadtime":1683194166,"views":17,"p1id":"hsiung","p2id":"nightamara","formatid":"gen9vgc2023regulationc","rating":1112,"private":0,"password":""}