{"id":"gen9vgc2023regulationc-1850995296","p1":"They34","p2":"Privnoval016","format":"[Gen 9] VGC 2023 Regulation C","log":"|j|\u2606They34\n|j|\u2606Privnoval016\n|t:|1682391602\n|gametype|doubles\n|player|p1|They34|ruinmaniac|\n|player|p2|Privnoval016|101|\n|teamsize|p1|6\n|teamsize|p2|6\n|gen|9\n|tier|[Gen 9] VGC 2023 Regulation C\n|rated|Tournament battle\n|rule|Species Clause: Limit one of each Pok\u00e9mon\n|rule|Item Clause: Limit one of each item\n|clearpoke\n|poke|p1|Iron Bundle, L50|\n|poke|p1|Dragonite, L50, M|\n|poke|p1|Bronzong, L50|\n|poke|p1|Flutter Mane, L50|\n|poke|p1|Amoonguss, L50, F|\n|poke|p1|Ting-Lu, L50|\n|poke|p2|Dragonite, L50, M|\n|poke|p2|Chien-Pao, L50|\n|poke|p2|Ceruledge, L50, F|\n|poke|p2|Amoonguss, L50, M|\n|poke|p2|Scream Tail, L50|\n|poke|p2|Palafin, L50, M|\n|teampreview|4\n|raw| Open Team Sheet for They34<\/summary>Iron Bundle @ Focus Sash Ability: Quark Drive Level: 50 Tera Type: Ghost - Taunt - Freeze-Dry - Hydro Pump - Protect Dragonite @ Lum Berry Ability: Multiscale Level: 50 Tera Type: Flying - Extreme Speed - Iron Head - Tera Blast - Protect Bronzong @ Leftovers Ability: Levitate Level: 50 Tera Type: Water - Iron Defense - Trick Room - Gyro Ball - Body Press Flutter Mane @ Life Orb Ability: Protosynthesis Level: 50 Tera Type: Fairy - Protect - Dazzling Gleam - Shadow Ball - Power Gem Amoonguss @ Sitrus Berry Ability: Regenerator Level: 50 Tera Type: Water - Rage Powder - Spore - Clear Smog - Pollen Puff Ting-Lu @ Choice Band Ability: Vessel of Ruin Level: 50 Tera Type: Dark - Earthquake - Stomping Tantrum - Heavy Slam - Stone Edge <\/details><\/div> Open Team Sheet for Privnoval016<\/summary>Standing Here (Dragonite) @ Choice Band Ability: Multiscale Level: 50 Shiny: Yes Tera Type: Flying - Extreme Speed - Ice Spinner - Thunder Punch - Tera Blast I Realize (Chien-Pao) @ Focus Sash Ability: Sword of Ruin Level: 50 Tera Type: Ghost - Sucker Punch - Ice Spinner - Sacred Sword - Protect That You Were (Ceruledge) @ Clear Amulet Ability: Flash Fire Level: 50 Tera Type: Grass - Bulk Up - Bitter Blade - Shadow Sneak - Protect Just Like Me (Amoonguss) @ Rocky Helmet Ability: Regenerator Level: 50 Shiny: Yes Tera Type: Water - Protect - Spore - Rage Powder - Pollen Puff Trying To Make (Scream Tail) @ Booster Energy Ability: Protosynthesis Level: 50 Tera Type: Steel - Play Rough - Howl - Encore - Disable History (Palafin) @ Mystic Water Ability: Zero to Hero Level: 50 Shiny: Yes Tera Type: Water - Jet Punch - Wave Crash - Protect - Haze <\/details><\/div>\n|j| Tempest brute\n|j| Draco Jack17\n|inactive|Battle timer is ON: inactive players will automatically lose when time's up. (requested by They34)\n|l| Draco Jack17\n|\n|t:|1682391674\n|start\n|switch|p1a: Dragonite|Dragonite, L50, M|100\/100\n|switch|p1b: Flutter Mane|Flutter Mane, L50|100\/100\n|switch|p2a: I Realize|Chien-Pao, L50|100\/100\n|switch|p2b: Standing Here|Dragonite, L50, M, shiny|100\/100\n|-ability|p2a: I Realize|Sword of Ruin\n|turn|1\n|c|\u2606They34|Glhf\n|j| WeirdPolyCouple\n|j| HisuianTestament\n|\n|t:|1682391699\n|-terastallize|p2b: Standing Here|Flying\n|move|p2a: I Realize|Protect|p2a: I Realize\n|-singleturn|p2a: I Realize|Protect\n|move|p1a: Dragonite|Extreme Speed|p2a: I Realize\n|-activate|p2a: I Realize|move: Protect\n|move|p1b: Flutter Mane|Dazzling Gleam|p2b: Standing Here|[spread] p2b\n|-activate|p2a: I Realize|move: Protect\n|-damage|p2b: Standing Here|84\/100\n|-damage|p1b: Flutter Mane|91\/100|[from] item: Life Orb\n|move|p2b: Standing Here|Tera Blast|p1b: Flutter Mane\n|-damage|p1b: Flutter Mane|0 fnt\n|faint|p1b: Flutter Mane\n|-end|p1b: Flutter Mane|Protosynthesis|[silent]\n|\n|upkeep\n|\n|t:|1682391716\n|switch|p1b: Bronzong|Bronzong, L50|100\/100\n|turn|2\n|c|\u2606Privnoval016|glhf\n|j| leafyarrow\n|\n|t:|1682391736\n|move|p2a: I Realize|Ice Spinner|p1a: Dragonite\n|-supereffective|p1a: Dragonite\n|-damage|p1a: Dragonite|3\/100\n|move|p2b: Standing Here|Tera Blast|p1a: Dragonite\n|-damage|p1a: Dragonite|0 fnt\n|faint|p1a: Dragonite\n|move|p1b: Bronzong|Trick Room|p1b: Bronzong\n|-fieldstart|move: Trick Room|[of] p1b: Bronzong\n|\n|upkeep\n|\n|t:|1682391744\n|switch|p1a: Ting-Lu|Ting-Lu, L50|100\/100\n|-ability|p1a: Ting-Lu|Vessel of Ruin\n|turn|3\n|\n|t:|1682391754\n|move|p2a: I Realize|Protect|p2a: I Realize\n|-singleturn|p2a: I Realize|Protect\n|move|p1b: Bronzong|Iron Defense|p1b: Bronzong\n|-boost|p1b: Bronzong|def|2\n|move|p1a: Ting-Lu|Stone Edge|p2b: Standing Here|[miss]\n|-miss|p1a: Ting-Lu|p2b: Standing Here\n|move|p2b: Standing Here|Tera Blast|p1a: Ting-Lu\n|-damage|p1a: Ting-Lu|21\/100\n|\n|upkeep\n|turn|4\n|\n|t:|1682391772\n|move|p1b: Bronzong|Body Press|p2a: I Realize\n|-supereffective|p2a: I Realize\n|-enditem|p2a: I Realize|Focus Sash\n|-damage|p2a: I Realize|1\/100\n|move|p1a: Ting-Lu|Stone Edge|p2b: Standing Here\n|-supereffective|p2b: Standing Here\n|-damage|p2b: Standing Here|0 fnt\n|faint|p2b: Standing Here\n|move|p2a: I Realize|Sacred Sword|p1b: Bronzong\n|-damage|p1b: Bronzong|69\/100\n|\n|-heal|p1b: Bronzong|75\/100|[from] item: Leftovers\n|upkeep\n|\n|t:|1682391786\n|switch|p2b: Just Like Me|Amoonguss, L50, M, shiny|100\/100\n|turn|5\n|\n|t:|1682391797\n|move|p2a: I Realize|Sucker Punch|p1a: Ting-Lu\n|-resisted|p1a: Ting-Lu\n|-damage|p1a: Ting-Lu|7\/100\n|move|p1b: Bronzong|Iron Defense|p1b: Bronzong\n|-boost|p1b: Bronzong|def|2\n|move|p2b: Just Like Me|Spore|p1b: Bronzong\n|-status|p1b: Bronzong|slp|[from] move: Spore\n|move|p1a: Ting-Lu|Stone Edge|p2b: Just Like Me\n|-damage|p2b: Just Like Me|53\/100\n|\n|-heal|p1b: Bronzong|80\/100 slp|[from] item: Leftovers\n|upkeep\n|turn|6\n|\n|t:|1682391818\n|move|p2a: I Realize|Sucker Punch|p1a: Ting-Lu\n|-resisted|p1a: Ting-Lu\n|-damage|p1a: Ting-Lu|0 fnt\n|faint|p1a: Ting-Lu\n|cant|p1b: Bronzong|slp\n|move|p2b: Just Like Me|Pollen Puff|p2a: I Realize\n|-heal|p2a: I Realize|51\/100\n|\n|-heal|p1b: Bronzong|86\/100 slp|[from] item: Leftovers\n|-fieldend|move: Trick Room\n|upkeep\n|turn|7\n|\n|t:|1682391832\n|switch|p2a: That You Were|Ceruledge, L50, F|100\/100\n|move|p2b: Just Like Me|Rage Powder|p2b: Just Like Me\n|-singleturn|p2b: Just Like Me|move: Rage Powder\n|cant|p1b: Bronzong|slp\n|\n|-heal|p1b: Bronzong|92\/100 slp|[from] item: Leftovers\n|upkeep\n|turn|8\n|\n|t:|1682391844\n|-terastallize|p1b: Bronzong|Water\n|move|p2b: Just Like Me|Rage Powder|p2b: Just Like Me\n|-singleturn|p2b: Just Like Me|move: Rage Powder\n|move|p2a: That You Were|Bitter Blade|p1b: Bronzong\n|-resisted|p1b: Bronzong\n|-crit|p1b: Bronzong\n|-damage|p1b: Bronzong|64\/100 slp\n|-curestatus|p1b: Bronzong|slp|[msg]\n|move|p1b: Bronzong|Gyro Ball|p2b: Just Like Me\n|-damage|p2b: Just Like Me|44\/100\n|-damage|p1b: Bronzong|48\/100|[from] item: Rocky Helmet|[of] p2b: Just Like Me\n|\n|-heal|p1b: Bronzong|53\/100|[from] item: Leftovers\n|upkeep\n|turn|9\n|\n|t:|1682391860\n|move|p2a: That You Were|Bulk Up|p2a: That You Were\n|-boost|p2a: That You Were|atk|1\n|-boost|p2a: That You Were|def|1\n|move|p2b: Just Like Me|Spore|p1b: Bronzong\n|-status|p1b: Bronzong|slp|[from] move: Spore\n|cant|p1b: Bronzong|slp\n|\n|-heal|p1b: Bronzong|59\/100 slp|[from] item: Leftovers\n|upkeep\n|turn|10\n|\n|t:|1682391875\n|switch|p2b: I Realize|Chien-Pao, L50|51\/100\n|-ability|p2b: I Realize|Sword of Ruin\n|move|p2a: That You Were|Bulk Up|p2a: That You Were\n|-boost|p2a: That You Were|atk|1\n|-boost|p2a: That You Were|def|1\n|cant|p1b: Bronzong|slp\n|\n|-heal|p1b: Bronzong|65\/100 slp|[from] item: Leftovers\n|upkeep\n|turn|11\n|\n|t:|1682391884\n|move|p2b: I Realize|Sacred Sword|p1b: Bronzong\n|-damage|p1b: Bronzong|29\/100 slp\n|move|p2a: That You Were|Bulk Up|p2a: That You Were\n|-boost|p2a: That You Were|atk|1\n|-boost|p2a: That You Were|def|1\n|cant|p1b: Bronzong|slp\n|\n|-heal|p1b: Bronzong|35\/100 slp|[from] item: Leftovers\n|upkeep\n|turn|12\n|c|\u2606They34|Gg\n|c|\u2606Privnoval016|gg\n|\n|t:|1682391904\n|move|p2a: That You Were|Shadow Sneak|p1b: Bronzong\n|-damage|p1b: Bronzong|16\/100 slp\n|move|p2b: I Realize|Sacred Sword|p1b: Bronzong\n|-damage|p1b: Bronzong|0 fnt\n|faint|p1b: Bronzong\n|\n|win|Privnoval016\n|n|\u2606They34|they34\n|n|\u2606Privnoval016|privnoval016\n|n| Tempest brute|tempestbrute\n|n| WeirdPolyCouple|weirdpolycouple\n|n| HisuianTestament|hisuiantestament\n|n| leafyarrow|leafyarrow\n|l| HisuianTestament\n|l| leafyarrow\n|l|\u2606Privnoval016\n|j| randoftw\n","uploadtime":1682391974,"views":7,"p1id":"they34","p2id":"privnoval016","formatid":"gen9vgc2023regulationc","rating":0,"private":0,"password":""}