{"id":"gen9vgc2023regulationc-1861054424","p1":"z0gre","p2":"Jadedragon61","format":"[Gen 9] VGC 2023 Regulation C","log":"|j|\u2606z0gre\n|j|\u2606Jadedragon61\n|t:|1683721509\n|gametype|doubles\n|player|p1|z0gre|lucas|1307\n|player|p2|Jadedragon61|colress-gen7|1352\n|teamsize|p1|6\n|teamsize|p2|6\n|gen|9\n|tier|[Gen 9] VGC 2023 Regulation C\n|rated|\n|rule|Species Clause: Limit one of each Pok\u00e9mon\n|rule|Item Clause: Limit one of each item\n|clearpoke\n|poke|p1|Hippowdon, L50, M|\n|poke|p1|Lycanroc, L50, F|\n|poke|p1|Indeedee-F, L50, F|\n|poke|p1|Houndstone, L50, F|\n|poke|p1|Hawlucha, L50, M|\n|poke|p1|Palossand, L50, M|\n|poke|p2|Flutter Mane, L50|\n|poke|p2|Tyranitar, L50, F|\n|poke|p2|Gyarados, L50, M|\n|poke|p2|Amoonguss, L50, F|\n|poke|p2|Chi-Yu, L50|\n|poke|p2|Palafin, L50, M|\n|teampreview|4\n|inactive|Battle timer is ON: inactive players will automatically lose when time's up. (requested by z0gre)\n|inactive|z0gre has 60 seconds left.\n|inactive|Jadedragon61 has 60 seconds left.\n|\n|t:|1683721570\n|start\n|switch|p1a: Indeedee|Indeedee-F, L50, F, shiny|100\/100\n|switch|p1b: Lycanroc|Lycanroc, L50, F, shiny|100\/100\n|switch|p2a: evil purp|Palafin, L50, M, shiny|100\/100\n|switch|p2b: Bros a rock|Tyranitar, L50, F, shiny|100\/100\n|-fieldstart|move: Psychic Terrain|[from] ability: Psychic Surge|[of] p1a: Indeedee\n|-weather|Sandstorm|[from] ability: Sand Stream|[of] p2b: Bros a rock\n|turn|1\n|\n|t:|1683721588\n|detailschange|p2a: evil purp|Palafin-Hero, L50, M, shiny\n|switch|p2a: Fish 2|Gyarados, L50, M, shiny|100\/100\n|-ability|p2a: Fish 2|Intimidate|boost\n|-unboost|p1a: Indeedee|atk|1\n|-unboost|p1b: Lycanroc|atk|1\n|move|p2b: Bros a rock|Protect|p2b: Bros a rock\n|-singleturn|p2b: Bros a rock|Protect\n|move|p1b: Lycanroc|Rock Slide|p2a: Fish 2|[spread] p2a\n|-activate|p2b: Bros a rock|move: Protect\n|-supereffective|p2a: Fish 2\n|-damage|p2a: Fish 2|61\/100\n|move|p1a: Indeedee|Reflect|p1a: Indeedee\n|-sidestart|p1: z0gre|Reflect\n|\n|-weather|Sandstorm|[upkeep]\n|-damage|p1a: Indeedee|94\/100|[from] Sandstorm\n|-damage|p2a: Fish 2|55\/100|[from] Sandstorm\n|upkeep\n|turn|2\n|\n|t:|1683721612\n|move|p2a: Fish 2|Protect|p2a: Fish 2\n|-singleturn|p2a: Fish 2|Protect\n|move|p1b: Lycanroc|Rock Slide|p2a: Fish 2|[spread] p2b\n|-activate|p2a: Fish 2|move: Protect\n|-damage|p2b: Bros a rock|85\/100\n|move|p1a: Indeedee|Light Screen|p1a: Indeedee\n|-sidestart|p1: z0gre|move: Light Screen\n|move|p2b: Bros a rock|Crunch|p1b: Lycanroc\n|-damage|p1b: Lycanroc|46\/100\n|-unboost|p1b: Lycanroc|def|1\n|\n|-weather|Sandstorm|[upkeep]\n|-damage|p1a: Indeedee|88\/100|[from] Sandstorm\n|-damage|p2a: Fish 2|49\/100|[from] Sandstorm\n|upkeep\n|turn|3\n|\n|t:|1683721629\n|move|p2b: Bros a rock|Protect|p2b: Bros a rock\n|-singleturn|p2b: Bros a rock|Protect\n|move|p1a: Indeedee|Follow Me|p1a: Indeedee\n|-singleturn|p1a: Indeedee|move: Follow Me\n|move|p1b: Lycanroc|Rock Slide|p2a: Fish 2|[spread] \n|-activate|p2b: Bros a rock|move: Protect\n|-miss|p1b: Lycanroc|p2a: Fish 2\n|move|p2a: Fish 2|Taunt|p1a: Indeedee\n|-start|p1a: Indeedee|move: Taunt\n|\n|-weather|Sandstorm|[upkeep]\n|-damage|p1a: Indeedee|82\/100|[from] Sandstorm\n|-damage|p2a: Fish 2|43\/100|[from] Sandstorm\n|upkeep\n|turn|4\n|\n|t:|1683721650\n|switch|p1b: Hippowdon|Hippowdon, L50, M, shiny|100\/100\n|move|p2a: Fish 2|Protect|p2a: Fish 2\n|-singleturn|p2a: Fish 2|Protect\n|move|p1a: Indeedee|Draining Kiss|p2b: Bros a rock\n|-supereffective|p2b: Bros a rock\n|-damage|p2b: Bros a rock|71\/100\n|-heal|p1a: Indeedee|94\/100|[from] drain|[of] p2b: Bros a rock\n|move|p2b: Bros a rock|Crunch|p1b: Hippowdon\n|-damage|p1b: Hippowdon|78\/100\n|\n|-weather|Sandstorm|[upkeep]\n|-damage|p1a: Indeedee|88\/100|[from] Sandstorm\n|-damage|p2a: Fish 2|37\/100|[from] Sandstorm\n|upkeep\n|turn|5\n|\n|t:|1683721666\n|move|p1a: Indeedee|Draining Kiss|p2b: Bros a rock\n|-supereffective|p2b: Bros a rock\n|-damage|p2b: Bros a rock|58\/100\n|-heal|p1a: Indeedee|99\/100|[from] drain|[of] p2b: Bros a rock\n|move|p2a: Fish 2|Waterfall|p1b: Hippowdon\n|-supereffective|p1b: Hippowdon\n|-damage|p1b: Hippowdon|47\/100\n|move|p2b: Bros a rock|Crunch|p1a: Indeedee\n|-supereffective|p1a: Indeedee\n|-damage|p1a: Indeedee|41\/100\n|move|p1b: Hippowdon|Fissure|p2b: Bros a rock|[miss]\n|-miss|p1b: Hippowdon|p2b: Bros a rock\n|\n|-weather|none\n|-fieldend|move: Psychic Terrain\n|upkeep\n|turn|6\n|inactive|z0gre has 30 seconds left.\n|\n|t:|1683721693\n|switch|p1b: Lycanroc|Lycanroc, L50, F, shiny|46\/100\n|move|p1a: Indeedee|Draining Kiss|p2b: Bros a rock\n|-supereffective|p2b: Bros a rock\n|-damage|p2b: Bros a rock|38\/100\n|-heal|p1a: Indeedee|58\/100|[from] drain|[of] p2b: Bros a rock\n|move|p2a: Fish 2|Waterfall|p1b: Lycanroc\n|-supereffective|p1b: Lycanroc\n|-damage|p1b: Lycanroc|0 fnt\n|faint|p1b: Lycanroc\n|move|p2b: Bros a rock|Crunch|p1a: Indeedee\n|-supereffective|p1a: Indeedee\n|-damage|p1a: Indeedee|5\/100\n|\n|-end|p1a: Indeedee|move: Taunt\n|upkeep\n|\n|t:|1683721707\n|switch|p1b: Hippowdon|Hippowdon, L50, M, shiny|47\/100\n|-weather|Sandstorm|[from] ability: Sand Stream|[of] p1b: Hippowdon\n|turn|7\n|\n|t:|1683721717\n|move|p2a: Fish 2|Protect|p2a: Fish 2\n|-singleturn|p2a: Fish 2|Protect\n|move|p2b: Bros a rock|Protect|p2b: Bros a rock\n|-singleturn|p2b: Bros a rock|Protect\n|move|p1a: Indeedee|Draining Kiss|p2b: Bros a rock\n|-activate|p2b: Bros a rock|move: Protect\n|move|p1b: Hippowdon|Yawn|p2a: Fish 2\n|-activate|p2a: Fish 2|move: Protect\n|\n|-weather|Sandstorm|[upkeep]\n|-damage|p1a: Indeedee|0 fnt|[from] Sandstorm\n|-damage|p2a: Fish 2|31\/100|[from] Sandstorm\n|faint|p1a: Indeedee\n|upkeep\n|\n|t:|1683721724\n|switch|p1a: Houndstone|Houndstone, L50, F, shiny|100\/100\n|turn|8\n|\n|t:|1683721742\n|-terastallize|p1a: Houndstone|Ghost\n|move|p1a: Houndstone|Last Respects|p2a: Fish 2\n|-damage|p2a: Fish 2|0 fnt\n|faint|p2a: Fish 2\n|move|p2b: Bros a rock|Crunch|p1a: Houndstone\n|-supereffective|p1a: Houndstone\n|-damage|p1a: Houndstone|30\/100\n|move|p1b: Hippowdon|Slack Off|p1b: Hippowdon\n|-heal|p1b: Hippowdon|97\/100\n|\n|-weather|Sandstorm|[upkeep]\n|-sideend|p1: z0gre|Reflect\n|upkeep\n|\n|t:|1683721755\n|switch|p2a: evil purp|Palafin-Hero, L50, M, shiny|100\/100\n|-activate|p2a: evil purp|ability: Zero to Hero\n|turn|9\n|\n|t:|1683721769\n|move|p1a: Houndstone|Protect|p1a: Houndstone\n|-singleturn|p1a: Houndstone|Protect\n|move|p2a: evil purp|Jet Punch|p1a: Houndstone\n|-activate|p1a: Houndstone|move: Protect\n|move|p2b: Bros a rock|Crunch|p1b: Hippowdon\n|-damage|p1b: Hippowdon|67\/100\n|move|p1b: Hippowdon|Fissure|p2a: evil purp|[miss]\n|-miss|p1b: Hippowdon|p2a: evil purp\n|\n|-weather|Sandstorm|[upkeep]\n|-damage|p2a: evil purp|95\/100|[from] Sandstorm\n|-sideend|p1: z0gre|move: Light Screen\n|upkeep\n|turn|10\n|\n|t:|1683721788\n|move|p2a: evil purp|Jet Punch|p1a: Houndstone\n|-damage|p1a: Houndstone|0 fnt\n|faint|p1a: Houndstone\n|move|p2b: Bros a rock|Rock Blast|p1b: Hippowdon\n|-resisted|p1b: Hippowdon\n|-damage|p1b: Hippowdon|61\/100\n|-resisted|p1b: Hippowdon\n|-damage|p1b: Hippowdon|56\/100\n|-resisted|p1b: Hippowdon\n|-damage|p1b: Hippowdon|51\/100\n|-resisted|p1b: Hippowdon\n|-damage|p1b: Hippowdon|46\/100\n|-hitcount|p1b: Hippowdon|4\n|move|p1b: Hippowdon|Fissure|p2a: evil purp|[miss]\n|-miss|p1b: Hippowdon|p2a: evil purp\n|\n|-weather|Sandstorm|[upkeep]\n|-damage|p2a: evil purp|89\/100|[from] Sandstorm\n|upkeep\n|turn|11\n|\n|t:|1683721803\n|move|p2a: evil purp|Wave Crash|p1b: Hippowdon\n|-supereffective|p1b: Hippowdon\n|-damage|p1b: Hippowdon|0 fnt\n|faint|p1b: Hippowdon\n|-damage|p2a: evil purp|73\/100|[from] Recoil\n|\n|win|Jadedragon61\n|raw|z0gre's rating: 1307 → 1290<\/strong> (-17 for losing)\n|raw|Jadedragon61's rating: 1352 → 1369<\/strong> (+17 for winning)\n|l|\u2606z0gre\n","uploadtime":1683721818,"views":11,"p1id":"z0gre","p2id":"jadedragon61","formatid":"gen9vgc2023regulationc","rating":1290,"private":0,"password":""}