{"id":"gen9vgc2023regulationc-1849061882","p1":"beekibeeki","p2":"AsaBear","format":"[Gen 9] VGC 2023 Regulation C","log":"|j|\u2606beekibeeki\n|j|\u2606AsaBear\n|t:|1682147776\n|gametype|doubles\n|player|p1|beekibeeki|170|1217\n|player|p2|AsaBear|iono|1345\n|teamsize|p1|6\n|teamsize|p2|6\n|gen|9\n|tier|[Gen 9] VGC 2023 Regulation C\n|rated|\n|rule|Species Clause: Limit one of each Pok\u00e9mon\n|rule|Item Clause: Limit one of each item\n|clearpoke\n|poke|p1|Flutter Mane, L50|\n|poke|p1|Tatsugiri, L50, M|\n|poke|p1|Dondozo, L50, M|\n|poke|p1|Chien-Pao, L50|\n|poke|p1|Amoonguss, L50, F|\n|poke|p1|Arcanine, L50, F|\n|poke|p2|Palafin, L50, F|\n|poke|p2|Chien-Pao, L50|\n|poke|p2|Flutter Mane, L50|\n|poke|p2|Amoonguss, L50, M|\n|poke|p2|Arcanine, L50, M|\n|poke|p2|Roaring Moon, L50|\n|teampreview|4\nAsaBear has agreed to open team sheets.\nbeekibeeki has agreed to open team sheets.\n|inactive|Battle timer is ON: inactive players will automatically lose when time's up. (requested by beekibeeki)\n|\n|t:|1682147814\n|start\n|switch|p1a: Flutter Mane|Flutter Mane, L50|100\/100\n|switch|p1b: Chien-Pao|Chien-Pao, L50|100\/100\n|switch|p2a: Palafin|Palafin, L50, F|100\/100\n|switch|p2b: Arcanine|Arcanine, L50, M|100\/100\n|-ability|p1b: Chien-Pao|Sword of Ruin\n|-ability|p2b: Arcanine|Intimidate|boost\n|-unboost|p1a: Flutter Mane|atk|1\n|-unboost|p1b: Chien-Pao|atk|1\n|-enditem|p1a: Flutter Mane|Booster Energy\n|-activate|p1a: Flutter Mane|ability: Protosynthesis|[fromitem]\n|-start|p1a: Flutter Mane|protosynthesisspe\n|turn|1\n|inactive|AsaBear has 30 seconds left.\n|\n|t:|1682147844\n|switch|p1b: Arcanine|Arcanine, L50, F|100\/100\n|-ability|p1b: Arcanine|Intimidate|boost\n|-unboost|p2a: Palafin|atk|1\n|-unboost|p2b: Arcanine|atk|1\n|detailschange|p2a: Palafin|Palafin-Hero, L50, F\n|switch|p2a: Amoonguss|Amoonguss, L50, M|100\/100\n|move|p1a: Flutter Mane|Dazzling Gleam|p2a: Amoonguss|[spread] p2a,p2b\n|-resisted|p2a: Amoonguss\n|-resisted|p2b: Arcanine\n|-damage|p2a: Amoonguss|88\/100\n|-damage|p2b: Arcanine|81\/100\n|move|p2b: Arcanine|Flare Blitz|p1b: Arcanine\n|-resisted|p1b: Arcanine\n|-damage|p1b: Arcanine|79\/100\n|-damage|p2b: Arcanine|73\/100|[from] Recoil\n|\n|upkeep\n|turn|2\n|inactive|AsaBear has 30 seconds left.\n|inactive|AsaBear has 20 seconds left.\n|inactive|AsaBear has 15 seconds left.\n|inactive|AsaBear has 10 seconds left.\n|\n|t:|1682147889\n|-terastallize|p2a: Amoonguss|Water\n|move|p1a: Flutter Mane|Shadow Ball|p2b: Arcanine\n|-damage|p2b: Arcanine|20\/100\n|move|p2b: Arcanine|Flare Blitz|p1a: Flutter Mane\n|-damage|p1a: Flutter Mane|20\/100\n|-damage|p2b: Arcanine|0 fnt|[from] Recoil\n|faint|p2b: Arcanine\n|move|p1b: Arcanine|Flare Blitz|p2a: Amoonguss\n|-resisted|p2a: Amoonguss\n|-damage|p2a: Amoonguss|63\/100\n|-damage|p1b: Arcanine|70\/100|[from] Recoil\n|move|p2a: Amoonguss|Spore|p1a: Flutter Mane\n|-status|p1a: Flutter Mane|slp|[from] move: Spore\n|\n|upkeep\n|\n|t:|1682147905\n|switch|p2b: Palafin|Palafin-Hero, L50, F|100\/100\n|-activate|p2b: Palafin|ability: Zero to Hero\n|turn|3\n|\n|t:|1682147916\n|-end|p1a: Flutter Mane|Protosynthesis|[silent]\n|switch|p1a: Amoonguss|Amoonguss, L50, F|100\/100\n|switch|p2a: Flutter Mane|Flutter Mane, L50|100\/100\n|move|p1b: Arcanine|Protect|p1b: Arcanine\n|-singleturn|p1b: Arcanine|Protect\n|move|p2b: Palafin|Jet Punch|p1b: Arcanine\n|-activate|p1b: Arcanine|move: Protect\n|\n|upkeep\n|turn|4\n|\n|t:|1682147937\n|move|p1a: Amoonguss|Rage Powder|p1a: Amoonguss\n|-singleturn|p1a: Amoonguss|move: Rage Powder\n|move|p2a: Flutter Mane|Shadow Ball|p1a: Amoonguss\n|-damage|p1a: Amoonguss|42\/100\n|-enditem|p1a: Amoonguss|Sitrus Berry|[eat]\n|-heal|p1a: Amoonguss|67\/100|[from] item: Sitrus Berry\n|move|p1b: Arcanine|Will-O-Wisp|p2b: Palafin\n|-status|p2b: Palafin|brn\n|move|p2b: Palafin|Wave Crash|p1a: Amoonguss\n|-resisted|p1a: Amoonguss\n|-damage|p1a: Amoonguss|48\/100\n|-damage|p2b: Palafin|94\/100 brn|[from] Recoil\n|\n|-damage|p2b: Palafin|88\/100 brn|[from] brn\n|upkeep\n|turn|5\n|\n|t:|1682147956\n|move|p1b: Arcanine|Protect|p1b: Arcanine\n|-singleturn|p1b: Arcanine|Protect\n|move|p2a: Flutter Mane|Shadow Ball|p1b: Arcanine\n|-activate|p1b: Arcanine|move: Protect\n|move|p2b: Palafin|Wave Crash|p1b: Arcanine\n|-activate|p1b: Arcanine|move: Protect\n|move|p1a: Amoonguss|Spore|p2a: Flutter Mane\n|-status|p2a: Flutter Mane|slp|[from] move: Spore\n|\n|-damage|p2b: Palafin|82\/100 brn|[from] brn\n|upkeep\n|turn|6\n|inactive|beekibeeki has 30 seconds left.\n|inactive|AsaBear has 30 seconds left.\n|\n|t:|1682147988\n|-terastallize|p1b: Arcanine|Water\n|cant|p2a: Flutter Mane|slp\n|move|p1b: Arcanine|Flare Blitz|p2a: Flutter Mane\n|-damage|p2a: Flutter Mane|0 fnt\n|faint|p2a: Flutter Mane\n|-end|p2a: Flutter Mane|Protosynthesis|[silent]\n|-damage|p1b: Arcanine|47\/100|[from] Recoil\n|move|p2b: Palafin|Wave Crash|p1b: Arcanine\n|-resisted|p1b: Arcanine\n|-damage|p1b: Arcanine|23\/100\n|-damage|p2b: Palafin|74\/100 brn|[from] Recoil\n|move|p1a: Amoonguss|Pollen Puff|p1b: Arcanine\n|-heal|p1b: Arcanine|72\/100\n|\n|-damage|p2b: Palafin|69\/100 brn|[from] brn\n|upkeep\n|\n|t:|1682147990\n|switch|p2a: Amoonguss|Amoonguss, L50, M, tera:Water|96\/100\n|turn|7\n|inactive|beekibeeki has 30 seconds left.\n|\n|t:|1682148023\n|move|p1b: Arcanine|Extreme Speed|p2b: Palafin\n|-crit|p2b: Palafin\n|-damage|p2b: Palafin|33\/100 brn\n|move|p2b: Palafin|Wave Crash|p1b: Arcanine\n|-resisted|p1b: Arcanine\n|-damage|p1b: Arcanine|46\/100\n|-damage|p2b: Palafin|25\/100 brn|[from] Recoil\n|move|p2a: Amoonguss|Pollen Puff|p2b: Palafin\n|-heal|p2b: Palafin|75\/100 brn\n|move|p1a: Amoonguss|Spore|p2a: Amoonguss\n|-status|p2a: Amoonguss|slp|[from] move: Spore\n|\n|-damage|p2b: Palafin|69\/100 brn|[from] brn\n|upkeep\n|turn|8\n|\n|t:|1682148045\n|move|p2b: Palafin|Protect|p2b: Palafin\n|-singleturn|p2b: Palafin|Protect\n|move|p1b: Arcanine|Extreme Speed|p2b: Palafin\n|-activate|p2b: Palafin|move: Protect\n|cant|p2a: Amoonguss|slp\n|move|p1a: Amoonguss|Pollen Puff|p1b: Arcanine\n|-heal|p1b: Arcanine|95\/100\n|\n|-damage|p2b: Palafin|63\/100 brn|[from] brn\n|upkeep\n|turn|9\n|\n|t:|1682148062\n|move|p1b: Arcanine|Extreme Speed|p2b: Palafin\n|-damage|p2b: Palafin|42\/100 brn\n|move|p2b: Palafin|Wave Crash|p1b: Arcanine\n|-resisted|p1b: Arcanine\n|-crit|p1b: Arcanine\n|-damage|p1b: Arcanine|54\/100\n|-damage|p2b: Palafin|29\/100 brn|[from] Recoil\n|-curestatus|p2a: Amoonguss|slp|[msg]\n|move|p2a: Amoonguss|Pollen Puff|p2b: Palafin\n|-heal|p2b: Palafin|79\/100 brn\n|move|p1a: Amoonguss|Spore|p2a: Amoonguss\n|-status|p2a: Amoonguss|slp|[from] move: Spore\n|\n|-damage|p2b: Palafin|73\/100 brn|[from] brn\n|upkeep\n|turn|10\n|inactive|AsaBear has 30 seconds left.\n|inactive|AsaBear has 20 seconds left.\n|inactive|AsaBear has 15 seconds left.\n|\n|t:|1682148102\n|move|p1b: Arcanine|Extreme Speed|p2b: Palafin\n|-damage|p2b: Palafin|49\/100 brn\n|move|p2b: Palafin|Wave Crash|p1b: Arcanine\n|-resisted|p1b: Arcanine\n|-damage|p1b: Arcanine|28\/100\n|-damage|p2b: Palafin|41\/100 brn|[from] Recoil\n|cant|p2a: Amoonguss|slp\n|move|p1a: Amoonguss|Pollen Puff|p1b: Arcanine\n|-heal|p1b: Arcanine|77\/100\n|\n|-damage|p2b: Palafin|35\/100 brn|[from] brn\n|upkeep\n|turn|11\n|inactive|AsaBear has 30 seconds left.\n|\n|t:|1682148130\n|move|p1b: Arcanine|Extreme Speed|p2b: Palafin\n|-crit|p2b: Palafin\n|-damage|p2b: Palafin|0 fnt\n|faint|p2b: Palafin\n|move|p1a: Amoonguss|Rage Powder|p1a: Amoonguss\n|-singleturn|p1a: Amoonguss|move: Rage Powder\n|cant|p2a: Amoonguss|slp\n|\n|upkeep\n|turn|12\n|-message|AsaBear forfeited.\n|\n|win|beekibeeki\n|raw|beekibeeki's rating: 1217 → 1251<\/strong> (+34 for winning)\n|raw|AsaBear's rating: 1345 → 1318<\/strong> (-27 for losing)\n|l|\u2606AsaBear\n","uploadtime":1682148142,"views":12,"p1id":"beekibeeki","p2id":"asabear","formatid":"gen9vgc2023regulationc","rating":1251,"private":0,"password":""}