{"id":"gen9vgc2023regulationc-1845402822","p1":"JT562","p2":"Pokebet","format":"[Gen 9] VGC 2023 Regulation C","log":"|j|\u2606JT562\n|j|\u2606Pokebet\n|t:|1681728399\n|gametype|doubles\n|player|p1|JT562|101|1117\n|player|p2|Pokebet|266|1180\n|teamsize|p1|6\n|teamsize|p2|6\n|gen|9\n|tier|[Gen 9] VGC 2023 Regulation C\n|rated|\n|rule|Species Clause: Limit one of each Pok\u00e9mon\n|rule|Item Clause: Limit one of each item\n|clearpoke\n|poke|p1|Indeedee-F, L50, F|\n|poke|p1|Ting-Lu, L50|\n|poke|p1|Bronzong, L50|\n|poke|p1|Armarouge, L50, M|\n|poke|p1|Torkoal, L50, F|\n|poke|p1|Lilligant, L50, F|\n|poke|p2|Gholdengo, L50|\n|poke|p2|Palafin, L50, M|\n|poke|p2|Amoonguss, L50, M|\n|poke|p2|Arcanine, L50, M|\n|poke|p2|Ting-Lu, L50|\n|poke|p2|Kingambit, L50, M|\n|teampreview|4\n|inactive|Battle timer is ON: inactive players will automatically lose when time's up. (requested by Pokebet)\n|\n|t:|1681728444\n|start\n|switch|p1a: Indeedee|Indeedee-F, L50, F|100\/100\n|switch|p1b: Armarouge|Armarouge, L50, M|100\/100\n|switch|p2a: Ting-Lu|Ting-Lu, L50|100\/100\n|switch|p2b: Palafin|Palafin, L50, M|100\/100\n|-fieldstart|move: Psychic Terrain|[from] ability: Psychic Surge|[of] p1a: Indeedee\n|-enditem|p1a: Indeedee|Psychic Seed\n|-boost|p1a: Indeedee|spd|1|[from] item: Psychic Seed\n|-ability|p2a: Ting-Lu|Vessel of Ruin\n|turn|1\n|\n|t:|1681728462\n|detailschange|p2b: Palafin|Palafin-Hero, L50, M\n|switch|p2b: Arcanine|Arcanine, L50, M|100\/100\n|-ability|p2b: Arcanine|Intimidate|boost\n|-unboost|p1a: Indeedee|atk|1\n|-unboost|p1b: Armarouge|atk|1\n|-terastallize|p1b: Armarouge|Grass\n|move|p1b: Armarouge|Calm Mind|p1b: Armarouge\n|-boost|p1b: Armarouge|spa|1\n|-boost|p1b: Armarouge|spd|1\n|move|p2a: Ting-Lu|Throat Chop|p1b: Armarouge\n|-damage|p1b: Armarouge|65\/100\n|-start|p1b: Armarouge|Throat Chop|[silent]\n|move|p1a: Indeedee|Trick Room|p1a: Indeedee\n|-fieldstart|move: Trick Room|[of] p1a: Indeedee\n|\n|upkeep\n|turn|2\n|inactive|Pokebet has 30 seconds left.\n|inactive|JT562 has 30 seconds left.\n|\n|t:|1681728501\n|move|p1a: Indeedee|Follow Me|p1a: Indeedee\n|-singleturn|p1a: Indeedee|move: Follow Me\n|move|p2a: Ting-Lu|Rock Slide|p1a: Indeedee|[spread] p1a\n|-miss|p2a: Ting-Lu|p1b: Armarouge\n|-damage|p1a: Indeedee|83\/100\n|move|p1b: Armarouge|Expanding Force|p2b: Arcanine|[spread] p2b\n|-immune|p2a: Ting-Lu\n|-damage|p2b: Arcanine|31\/100\n|-damage|p1b: Armarouge|56\/100|[from] item: Life Orb\n|move|p2b: Arcanine|Flare Blitz|p1a: Indeedee\n|-damage|p1a: Indeedee|42\/100\n|-damage|p2b: Arcanine|19\/100|[from] Recoil\n|\n|-end|p1b: Armarouge|Throat Chop|[silent]\n|upkeep\n|turn|3\n|\n|t:|1681728518\n|switch|p1a: Torkoal|Torkoal, L50, F|100\/100\n|-weather|SunnyDay|[from] ability: Drought|[of] p1a: Torkoal\n|move|p2a: Ting-Lu|Rock Slide|p1a: Torkoal|[spread] p1a,p1b\n|-supereffective|p1a: Torkoal\n|-damage|p1a: Torkoal|72\/100\n|-damage|p1b: Armarouge|40\/100\n|cant|p1b: Armarouge|flinch\n|move|p2b: Arcanine|Flare Blitz|p1a: Torkoal\n|-resisted|p1a: Torkoal\n|-damage|p1a: Torkoal|47\/100\n|-damage|p2b: Arcanine|12\/100|[from] Recoil\n|\n|-weather|SunnyDay|[upkeep]\n|upkeep\n|turn|4\n|inactive|Pokebet has 30 seconds left.\n|\n|t:|1681728548\n|move|p2b: Arcanine|Protect|p2b: Arcanine\n|-singleturn|p2b: Arcanine|Protect\n|move|p1a: Torkoal|Yawn|p2a: Ting-Lu\n|-start|p2a: Ting-Lu|move: Yawn|[of] p1a: Torkoal\n|move|p2a: Ting-Lu|Stomping Tantrum|p1a: Torkoal\n|-supereffective|p1a: Torkoal\n|-damage|p1a: Torkoal|0 fnt\n|faint|p1a: Torkoal\n|move|p1b: Armarouge|Heat Wave|p2a: Ting-Lu|[spread] p2a\n|-activate|p2b: Arcanine|move: Protect\n|-damage|p2a: Ting-Lu|56\/100\n|-damage|p1b: Armarouge|31\/100|[from] item: Life Orb\n|\n|-weather|SunnyDay|[upkeep]\n|upkeep\n|\n|t:|1681728566\n|switch|p1a: Indeedee|Indeedee-F, L50, F|42\/100\n|turn|5\n|\n|t:|1681728580\n|switch|p2a: Palafin|Palafin-Hero, L50, M|100\/100\n|-activate|p2a: Palafin|ability: Zero to Hero\n|move|p1b: Armarouge|Heat Wave|p2a: Palafin|[spread] p2a,p2b\n|-resisted|p2a: Palafin\n|-resisted|p2b: Arcanine\n|-damage|p2a: Palafin|51\/100\n|-damage|p2b: Arcanine|0 fnt\n|faint|p2b: Arcanine\n|-damage|p1b: Armarouge|21\/100|[from] item: Life Orb\n|move|p1a: Indeedee|Heal Pulse|p1b: Armarouge\n|-heal|p1b: Armarouge|71\/100\n|\n|-weather|SunnyDay|[upkeep]\n|-fieldend|move: Trick Room\n|-fieldend|move: Psychic Terrain\n|upkeep\n|\n|t:|1681728591\n|switch|p2b: Ting-Lu|Ting-Lu, L50|56\/100\n|-ability|p2b: Ting-Lu|Vessel of Ruin\n|turn|6\n|\n|t:|1681728605\n|move|p1a: Indeedee|Follow Me|p1a: Indeedee\n|-singleturn|p1a: Indeedee|move: Follow Me\n|move|p2a: Palafin|Wave Crash|p1a: Indeedee\n|-damage|p1a: Indeedee|0 fnt\n|faint|p1a: Indeedee\n|-damage|p2a: Palafin|40\/100|[from] Recoil\n|move|p2b: Ting-Lu|Throat Chop|p1b: Armarouge\n|-damage|p1b: Armarouge|41\/100\n|-start|p1b: Armarouge|Throat Chop|[silent]\n|move|p1b: Armarouge|Trick Room|p1b: Armarouge\n|-fieldstart|move: Trick Room|[of] p1b: Armarouge\n|\n|-weather|SunnyDay|[upkeep]\n|upkeep\n|\n|t:|1681728618\n|switch|p1a: Bronzong|Bronzong, L50|100\/100\n|turn|7\n|\n|t:|1681728635\n|move|p1a: Bronzong|Iron Defense|p1a: Bronzong\n|-boost|p1a: Bronzong|def|2\n|move|p2b: Ting-Lu|Throat Chop|p1a: Bronzong\n|-supereffective|p1a: Bronzong\n|-damage|p1a: Bronzong|66\/100\n|-start|p1a: Bronzong|Throat Chop|[silent]\n|move|p1b: Armarouge|Expanding Force|p2a: Palafin\n|-damage|p2a: Palafin|0 fnt\n|faint|p2a: Palafin\n|-damage|p1b: Armarouge|31\/100|[from] item: Life Orb\n|\n|-weather|none\n|-heal|p1a: Bronzong|72\/100|[from] item: Leftovers\n|-end|p1b: Armarouge|Throat Chop|[silent]\n|upkeep\n|\n|t:|1681728643\n|switch|p2a: Amoonguss|Amoonguss, L50, M|100\/100\n|turn|8\n|\n|t:|1681728658\n|move|p2a: Amoonguss|Rage Powder|p2a: Amoonguss\n|-singleturn|p2a: Amoonguss|move: Rage Powder\n|move|p1a: Bronzong|Body Press|p2a: Amoonguss\n|-resisted|p2a: Amoonguss\n|-damage|p2a: Amoonguss|79\/100\n|-damage|p1a: Bronzong|55\/100|[from] item: Rocky Helmet|[of] p2a: Amoonguss\n|move|p2b: Ting-Lu|Throat Chop|p1b: Armarouge\n|-damage|p1b: Armarouge|0 fnt\n|faint|p1b: Armarouge\n|\n|-heal|p1a: Bronzong|61\/100|[from] item: Leftovers\n|-end|p1a: Bronzong|Throat Chop|[silent]\n|upkeep\n|turn|9\n|-message|JT562 forfeited.\n|\n|win|Pokebet\n|raw|JT562's rating: 1117 → 1096<\/strong> (-21 for losing)\n|raw|Pokebet's rating: 1180 → 1201<\/strong> (+21 for winning)\n|l|\u2606JT562\n","uploadtime":1681728680,"views":7,"p1id":"jt562","p2id":"pokebet","formatid":"gen9vgc2023regulationc","rating":1096,"private":0,"password":""}