{"id":"gen9vgc2023regulationc-1864187806","p1":"Treeckoguy1","p2":"AnyaForger33","format":"[Gen 9] VGC 2023 Regulation C","log":"|j|\u2606Treeckoguy1\n|j|\u2606AnyaForger33\n|t:|1684132851\n|gametype|doubles\n|player|p1|Treeckoguy1|265|1495\n|player|p2|AnyaForger33|caitlin|1371\n|teamsize|p1|6\n|teamsize|p2|6\n|gen|9\n|tier|[Gen 9] VGC 2023 Regulation C\n|rated|\n|rule|Species Clause: Limit one of each Pok\u00e9mon\n|rule|Item Clause: Limit one of each item\n|clearpoke\n|poke|p1|Dragapult, L50, M|\n|poke|p1|Chi-Yu, L50|\n|poke|p1|Lurantis, L50, M|\n|poke|p1|Stonjourner, L50, M|\n|poke|p1|Luxray, L50, F|\n|poke|p1|Azumarill, L50, F|\n|poke|p2|Dondozo, L50, M|\n|poke|p2|Tatsugiri, L50, F|\n|poke|p2|Glimmora, L50, M|\n|poke|p2|Iron Bundle, L50|\n|poke|p2|Chi-Yu, L50|\n|poke|p2|Scizor, L50, F|\n|teampreview|4\n|inactive|Battle timer is ON: inactive players will automatically lose when time's up. (requested by AnyaForger33)\nAnyaForger33 rejected open team sheets.\n|inactive|Treeckoguy1 has 60 seconds left.\n|\n|t:|1684132913\n|start\n|switch|p1a: Chi-Yu|Chi-Yu, L50|100\/100\n|switch|p1b: Dragapult|Dragapult, L50, M|100\/100\n|switch|p2a: Dondozo|Dondozo, L50, M|100\/100\n|switch|p2b: Scizor|Scizor, L50, F|100\/100\n|-ability|p1a: Chi-Yu|Beads of Ruin\n|turn|1\n|\n|t:|1684132936\n|switch|p1a: Lurantis|Lurantis, L50, M|100\/100\n|switch|p2b: Tatsugiri|Tatsugiri, L50, F|100\/100\n|-activate|p2b: Tatsugiri|ability: Commander|[of] p2a: Dondozo\n|-boost|p2a: Dondozo|atk|2\n|-boost|p2a: Dondozo|spa|2\n|-boost|p2a: Dondozo|spe|2\n|-boost|p2a: Dondozo|def|2\n|-boost|p2a: Dondozo|spd|2\n|move|p1b: Dragapult|Protect|p1b: Dragapult\n|-singleturn|p1b: Dragapult|Protect\n|move|p2a: Dondozo|Earthquake|p1a: Lurantis|[spread] p1a\n|-miss|p2a: Dondozo|p2b: Tatsugiri\n|-activate|p1b: Dragapult|move: Protect\n|-resisted|p1a: Lurantis\n|-damage|p1a: Lurantis|81\/100\n|\n|-heal|p1a: Lurantis|88\/100|[from] item: Leftovers\n|upkeep\n|turn|2\n|\n|t:|1684132960\n|-terastallize|p2a: Dondozo|Fire\n|move|p1b: Dragapult|Thunder Wave|p2a: Dondozo\n|-status|p2a: Dondozo|par\n|move|p2a: Dondozo|Tera Blast|p1a: Lurantis\n|-supereffective|p1a: Lurantis\n|-damage|p1a: Lurantis|0 fnt\n|faint|p1a: Lurantis\n|\n|upkeep\n|\n|t:|1684132969\n|switch|p1a: Chi-Yu|Chi-Yu, L50|100\/100\n|-ability|p1a: Chi-Yu|Beads of Ruin\n|turn|3\n|\n|t:|1684132977\n|-terastallize|p1a: Chi-Yu|Water\n|move|p1b: Dragapult|Draco Meteor|p2a: Dondozo\n|-damage|p2a: Dondozo|59\/100 par\n|-unboost|p1b: Dragapult|spa|2\n|-enditem|p1b: Dragapult|Eject Pack\n|\n|t:|1684132982\n|switch|p1b: Stonjourner|Stonjourner, L50, M|100\/100\n|move|p1a: Chi-Yu|Tera Blast|p2a: Dondozo\n|-supereffective|p2a: Dondozo\n|-damage|p2a: Dondozo|0 fnt\n|faint|p2a: Dondozo\n|\n|upkeep\n|\n|t:|1684132993\n|switch|p2a: Iron Bundle|Iron Bundle, L50|100\/100\n|-enditem|p2a: Iron Bundle|Booster Energy\n|-activate|p2a: Iron Bundle|ability: Quark Drive|[fromitem]\n|-start|p2a: Iron Bundle|quarkdrivespe\n|turn|4\n|inactive|Treeckoguy1 has 30 seconds left.\n|inactive|Treeckoguy1 has 20 seconds left.\n|\n|t:|1684133028\n|move|p2a: Iron Bundle|Protect|p2a: Iron Bundle\n|-singleturn|p2a: Iron Bundle|Protect\n|move|p1b: Stonjourner|Wide Guard|p1b: Stonjourner\n|-singleturn|p1b: Stonjourner|Wide Guard\n|move|p2b: Tatsugiri|Muddy Water|p1b: Stonjourner|[spread] \n|-activate|p1a: Chi-Yu|move: Wide Guard\n|-activate|p1b: Stonjourner|move: Wide Guard\n|move|p1a: Chi-Yu|Snarl|p2b: Tatsugiri|[spread] p2b\n|-activate|p2a: Iron Bundle|move: Protect\n|-damage|p2b: Tatsugiri|48\/100\n|-unboost|p2b: Tatsugiri|spa|1\n|\n|upkeep\n|turn|5\n|\n|t:|1684133052\n|switch|p2b: Scizor|Scizor, L50, F|100\/100\n|move|p1b: Stonjourner|Wide Guard|p1b: Stonjourner\n|-singleturn|p1b: Stonjourner|Wide Guard\n|move|p2a: Iron Bundle|Hydro Pump|p1b: Stonjourner\n|-supereffective|p1b: Stonjourner\n|-enditem|p1b: Stonjourner|Focus Sash\n|-damage|p1b: Stonjourner|1\/100\n|move|p1a: Chi-Yu|Heat Wave|p2b: Scizor|[spread] p2a,p2b\n|-supereffective|p2b: Scizor\n|-damage|p2a: Iron Bundle|0 fnt\n|-damage|p2b: Scizor|0 fnt\n|faint|p2a: Iron Bundle\n|-end|p2a: Iron Bundle|Quark Drive|[silent]\n|faint|p2b: Scizor\n|\n|upkeep\n|-message|AnyaForger33 forfeited.\n|\n|win|Treeckoguy1\n|raw|Treeckoguy1's rating: 1495 → 1508<\/strong> (+13 for winning)\n|raw|AnyaForger33's rating: 1371 → 1358<\/strong> (-13 for losing)\n|l|\u2606AnyaForger33\n","uploadtime":1684133173,"views":8,"p1id":"treeckoguy1","p2id":"anyaforger33","formatid":"gen9vgc2023regulationc","rating":1358,"private":0,"password":""}