{"id":"gen9vgc2023regulationc-1857351194","p1":"Vitalis24","p2":"h13570","format":"[Gen 9] VGC 2023 Regulation C","log":"|j|\u2606Vitalis24\n|j|\u2606h13570\n|t:|1683178125\n|gametype|doubles\n|player|p1|Vitalis24|ethan|1371\n|player|p2|h13570|169|1300\n|teamsize|p1|6\n|teamsize|p2|6\n|gen|9\n|tier|[Gen 9] VGC 2023 Regulation C\n|rated|\n|rule|Species Clause: Limit one of each Pok\u00e9mon\n|rule|Item Clause: Limit one of each item\n|clearpoke\n|poke|p1|Indeedee-F, L50, F|\n|poke|p1|Flutter Mane, L50|\n|poke|p1|Murkrow, L50, M|\n|poke|p1|Great Tusk, L50|\n|poke|p1|Iron Bundle, L50|\n|poke|p1|Chi-Yu, L50|\n|poke|p2|Tyranitar, L50, M|\n|poke|p2|Armarouge, L50, F|\n|poke|p2|Indeedee-F, L50, F|\n|poke|p2|Gastrodon, L50, M|\n|poke|p2|Oricorio-Pom-Pom, L50, F|\n|poke|p2|Volcarona, L50, M|\n|teampreview|4\n|inactive|Battle timer is ON: inactive players will automatically lose when time's up. (requested by h13570)\n|\n|t:|1683178182\n|start\n|switch|p1a: Iron Bundle|Iron Bundle, L50|100\/100\n|switch|p1b: Chi-Yu|Chi-Yu, L50|100\/100\n|switch|p2a: Tyranitar|Tyranitar, L50, M|100\/100\n|switch|p2b: Armarouge|Armarouge, L50, F|100\/100\n|-ability|p1b: Chi-Yu|Beads of Ruin\n|-weather|Sandstorm|[from] ability: Sand Stream|[of] p2a: Tyranitar\n|-enditem|p1a: Iron Bundle|Booster Energy\n|-activate|p1a: Iron Bundle|ability: Quark Drive|[fromitem]\n|-start|p1a: Iron Bundle|quarkdrivespe\n|turn|1\n|\n|t:|1683178205\n|switch|p2b: Gastrodon|Gastrodon, L50, M|100\/100\n|move|p1a: Iron Bundle|Hydro Pump|p2b: Gastrodon\n|-activate|p2b: Gastrodon|ability: Storm Drain\n|-ability|p2b: Gastrodon|Storm Drain|boost\n|-boost|p2b: Gastrodon|spa|1\n|move|p1b: Chi-Yu|Dark Pulse|p2b: Gastrodon\n|-damage|p2b: Gastrodon|56\/100\n|move|p2a: Tyranitar|Rock Slide|p1b: Chi-Yu|[spread] p1a\n|-miss|p2a: Tyranitar|p1b: Chi-Yu\n|-supereffective|p1a: Iron Bundle\n|-damage|p1a: Iron Bundle|17\/100\n|\n|-weather|Sandstorm|[upkeep]\n|-damage|p1a: Iron Bundle|10\/100|[from] Sandstorm\n|-damage|p1b: Chi-Yu|94\/100|[from] Sandstorm\n|-heal|p2b: Gastrodon|62\/100|[from] item: Leftovers\n|upkeep\n|turn|2\n|inactive|Vitalis24 has 30 seconds left.\n|inactive|h13570 has 30 seconds left.\n|inactive|Vitalis24 has 20 seconds left.\n|inactive|h13570 has 20 seconds left.\n|inactive|Vitalis24 has 15 seconds left.\n|inactive|h13570 has 15 seconds left.\n|inactive|Vitalis24 has 10 seconds left.\n|inactive|h13570 has 10 seconds left.\n|inactive|Vitalis24 has 5 seconds left.\n|\n|t:|1683178256\n|switch|p1b: Great Tusk|Great Tusk, L50|100\/100\n|move|p1a: Iron Bundle|Freeze-Dry|p2b: Gastrodon\n|-supereffective|p2b: Gastrodon\n|-damage|p2b: Gastrodon|0 fnt\n|faint|p2b: Gastrodon\n|move|p2a: Tyranitar|Rock Slide|p1b: Great Tusk|[spread] p1a,p1b\n|-supereffective|p1a: Iron Bundle\n|-resisted|p1b: Great Tusk\n|-damage|p1a: Iron Bundle|0 fnt\n|-damage|p1b: Great Tusk|94\/100\n|faint|p1a: Iron Bundle\n|-end|p1a: Iron Bundle|Quark Drive|[silent]\n|\n|-weather|Sandstorm|[upkeep]\n|upkeep\n|\n|t:|1683178276\n|switch|p1a: Chi-Yu|Chi-Yu, L50|94\/100\n|switch|p2b: Armarouge|Armarouge, L50, F|100\/100\n|-ability|p1a: Chi-Yu|Beads of Ruin\n|turn|3\n|\n|t:|1683178298\n|-terastallize|p2b: Armarouge|Grass\n|move|p1a: Chi-Yu|Dark Pulse|p2b: Armarouge\n|-damage|p2b: Armarouge|18\/100\n|move|p1b: Great Tusk|Rock Slide|p2a: Tyranitar|[spread] p2a,p2b\n|-damage|p2a: Tyranitar|84\/100\n|-damage|p2b: Armarouge|0 fnt\n|faint|p2b: Armarouge\n|move|p2a: Tyranitar|Rock Slide|p1b: Great Tusk|[spread] p1a,p1b\n|-supereffective|p1a: Chi-Yu\n|-resisted|p1b: Great Tusk\n|-damage|p1a: Chi-Yu|0 fnt\n|-damage|p1b: Great Tusk|89\/100\n|faint|p1a: Chi-Yu\n|\n|-weather|Sandstorm|[upkeep]\n|upkeep\n|\n|t:|1683178315\n|switch|p1a: Indeedee|Indeedee-F, L50, F|100\/100\n|switch|p2b: Volcarona|Volcarona, L50, M|100\/100\n|-fieldstart|move: Psychic Terrain|[from] ability: Psychic Surge|[of] p1a: Indeedee\n|-enditem|p1a: Indeedee|Psychic Seed\n|-boost|p1a: Indeedee|spd|1|[from] item: Psychic Seed\n|turn|4\n|inactive|Vitalis24 has 30 seconds left.\n|inactive|h13570 has 30 seconds left.\n|inactive|Vitalis24 has 20 seconds left.\n|inactive|h13570 has 20 seconds left.\n|inactive|h13570 has 15 seconds left.\n|\n|t:|1683178357\n|-terastallize|p1a: Indeedee|Fairy\n|move|p1b: Great Tusk|Rock Slide|p2a: Tyranitar|[spread] p2a\n|-miss|p1b: Great Tusk|p2b: Volcarona\n|-damage|p2a: Tyranitar|67\/100\n|move|p2b: Volcarona|Bug Buzz|p1a: Indeedee\n|-resisted|p1a: Indeedee\n|-damage|p1a: Indeedee|87\/100\n|-unboost|p1a: Indeedee|spd|1\n|move|p1a: Indeedee|Dazzling Gleam|p2a: Tyranitar|[spread] p2a,p2b\n|-supereffective|p2a: Tyranitar\n|-resisted|p2b: Volcarona\n|-damage|p2a: Tyranitar|51\/100\n|-damage|p2b: Volcarona|91\/100\n|move|p2a: Tyranitar|Rock Slide|p1b: Great Tusk|[spread] p1a,p1b\n|-resisted|p1b: Great Tusk\n|-damage|p1a: Indeedee|56\/100\n|-damage|p1b: Great Tusk|84\/100\n|\n|-weather|Sandstorm|[upkeep]\n|-damage|p2b: Volcarona|85\/100|[from] Sandstorm\n|-damage|p1a: Indeedee|50\/100|[from] Sandstorm\n|upkeep\n|turn|5\n|inactive|h13570 has 30 seconds left.\n|-message|h13570 forfeited.\n|\n|win|Vitalis24\n|raw|Vitalis24's rating: 1371 → 1387<\/strong> (+16 for winning)\n|raw|h13570's rating: 1300 → 1280<\/strong> (-20 for losing)\n|l|\u2606h13570\n","uploadtime":1683178393,"views":8,"p1id":"vitalis24","p2id":"h13570","formatid":"gen9vgc2023regulationc","rating":1280,"private":0,"password":""}