{"id":"gen9vgc2023regulationc-1854405728","p1":"DreadedWard08","p2":"number1eiscuefan","format":"[Gen 9] VGC 2023 Regulation C","log":"|j|\u2606DreadedWard08\n|j|\u2606number1eiscuefan\n|t:|1682806815\n|gametype|doubles\n|player|p1|DreadedWard08|170|1105\n|player|p2|number1eiscuefan|caitlin|1037\n|teamsize|p1|6\n|teamsize|p2|6\n|gen|9\n|tier|[Gen 9] VGC 2023 Regulation C\n|rated|\n|rule|Species Clause: Limit one of each Pok\u00e9mon\n|rule|Item Clause: Limit one of each item\n|clearpoke\n|poke|p1|Dragonite, L50, M|\n|poke|p1|Amoonguss, L50, F|\n|poke|p1|Iron Hands, L50|\n|poke|p1|Sableye, L50, F|\n|poke|p1|Scizor, L50, F|\n|poke|p1|Iron Bundle, L50|\n|poke|p2|Eiscue, L50, M|\n|poke|p2|Abomasnow, L50, M|\n|poke|p2|Chien-Pao, L50|\n|poke|p2|Pelipper, L50, M|\n|poke|p2|Palafin, L50, F|\n|poke|p2|Amoonguss, L50, M|\n|teampreview|4\nnumber1eiscuefan has agreed to open team sheets.\n|l|\u2606DreadedWard08\n|player|p1|\n|inactive|Battle timer is ON: inactive players will automatically lose when time's up. (requested by number1eiscuefan)\n|j|\u2606DreadedWard08\n|inactive|DreadedWard08 reconnected and has 80 seconds left.\n|player|p1|DreadedWard08|170\n|\n|t:|1682806895\n|start\n|switch|p1a: Iron Hands|Iron Hands, L50|100\/100\n|switch|p1b: Iron Bundle|Iron Bundle, L50|100\/100\n|switch|p2a: Amoonguss|Amoonguss, L50, M|100\/100\n|switch|p2b: Eiscue|Eiscue, L50, M, shiny|100\/100\n|-enditem|p1b: Iron Bundle|Booster Energy\n|-activate|p1b: Iron Bundle|ability: Quark Drive|[fromitem]\n|-start|p1b: Iron Bundle|quarkdrivespe\n|turn|1\n|\n|t:|1682806907\n|move|p1a: Iron Hands|Fake Out|p2b: Eiscue\n|-activate|p2b: Eiscue|ability: Ice Face\n|-damage|p2b: Eiscue|100\/100\n|detailschange|p2b: Eiscue|Eiscue-Noice, L50, M, shiny\n|move|p2a: Amoonguss|Rage Powder|p2a: Amoonguss\n|-singleturn|p2a: Amoonguss|move: Rage Powder\n|move|p1b: Iron Bundle|Taunt|p2a: Amoonguss\n|-start|p2a: Amoonguss|move: Taunt\n|cant|p2b: Eiscue|flinch\n|\n|upkeep\n|turn|2\n|inactive|number1eiscuefan has 30 seconds left.\n|inactive|number1eiscuefan has 20 seconds left.\n|\n|t:|1682806943\n|-end|p1b: Iron Bundle|Quark Drive|[silent]\n|switch|p1b: Scizor|Scizor, L50, F|100\/100\n|switch|p2a: Abomasnow|Abomasnow, L50, M|100\/100\n|-weather|Snow|[from] ability: Snow Warning|[of] p2a: Abomasnow\n|-activate|p2b: Eiscue|ability: Ice Face\n|detailschange|p2b: Eiscue|Eiscue, L50, M, shiny\n|move|p2b: Eiscue|Protect|p2b: Eiscue\n|-singleturn|p2b: Eiscue|Protect\n|move|p1a: Iron Hands|Drain Punch|p2b: Eiscue\n|-activate|p2b: Eiscue|move: Protect\n|\n|-weather|Snow|[upkeep]\n|upkeep\n|turn|3\n|\n|t:|1682806959\n|move|p1b: Scizor|Substitute|p1b: Scizor\n|-start|p1b: Scizor|Substitute\n|-damage|p1b: Scizor|76\/100\n|move|p2a: Abomasnow|Aurora Veil|p2a: Abomasnow\n|-sidestart|p2: number1eiscuefan|move: Aurora Veil\n|move|p2b: Eiscue|Belly Drum|p2b: Eiscue\n|-damage|p2b: Eiscue|51\/100\n|-setboost|p2b: Eiscue|atk|6|[from] move: Belly Drum\n|move|p1a: Iron Hands|Drain Punch|p2a: Abomasnow\n|-supereffective|p2a: Abomasnow\n|-damage|p2a: Abomasnow|57\/100\n|\n|-weather|Snow|[upkeep]\n|-heal|p1b: Scizor|82\/100|[from] item: Leftovers\n|upkeep\n|turn|4\n|\n|t:|1682806980\n|switch|p2a: Amoonguss|Amoonguss, L50, M|100\/100\n|move|p1b: Scizor|Swords Dance|p1b: Scizor\n|-boost|p1b: Scizor|atk|2\n|move|p2b: Eiscue|Ice Spinner|p1a: Iron Hands\n|-damage|p1a: Iron Hands|11\/100\n|move|p1a: Iron Hands|Volt Switch|p2b: Eiscue\n|-damage|p2b: Eiscue|41\/100\n|\n|t:|1682806991\n|-end|p1a: Iron Hands|Quark Drive|[silent]\n|switch|p1a: Sableye|Sableye, L50, F|100\/100|[from] Volt Switch\n|\n|-weather|Snow|[upkeep]\n|-heal|p1b: Scizor|88\/100|[from] item: Leftovers\n|upkeep\n|turn|5\n|\n|t:|1682807006\n|move|p2a: Amoonguss|Rage Powder|p2a: Amoonguss\n|-singleturn|p2a: Amoonguss|move: Rage Powder\n|move|p1a: Sableye|Taunt|p2a: Amoonguss\n|-start|p2a: Amoonguss|move: Taunt\n|move|p1b: Scizor|Swords Dance|p1b: Scizor\n|-boost|p1b: Scizor|atk|2\n|move|p2b: Eiscue|Ice Spinner|p1b: Scizor\n|-resisted|p1b: Scizor\n|-end|p1b: Scizor|Substitute\n|\n|-weather|Snow|[upkeep]\n|-heal|p1b: Scizor|94\/100|[from] item: Leftovers\n|upkeep\n|turn|6\n|inactive|number1eiscuefan has 30 seconds left.\n|inactive|number1eiscuefan has 20 seconds left.\n|inactive|number1eiscuefan has 15 seconds left.\n|\n|t:|1682807048\n|-terastallize|p2b: Eiscue|Water\n|move|p1b: Scizor|Bullet Punch|p2b: Eiscue\n|-activate|p2b: Eiscue|ability: Ice Face\n|-damage|p2b: Eiscue|41\/100\n|detailschange|p2b: Eiscue|Eiscue-Noice, L50, M, shiny, tera:Water\n|move|p2b: Eiscue|Liquidation|p1b: Scizor\n|-damage|p1b: Scizor|0 fnt\n|faint|p1b: Scizor\n|move|p1a: Sableye|Knock Off|p2a: Amoonguss\n|-damage|p2a: Amoonguss|84\/100\n|-enditem|p2a: Amoonguss|Leftovers|[from] move: Knock Off|[of] p1a: Sableye\n|move|p2a: Amoonguss|Pollen Puff|p2b: Eiscue\n|-heal|p2b: Eiscue|91\/100\n|\n|-weather|none\n|upkeep\n|\n|t:|1682807068\n|switch|p1b: Iron Bundle|Iron Bundle, L50|100\/100\n|turn|7\n|\n|t:|1682807080\n|switch|p2a: Abomasnow|Abomasnow, L50, M|57\/100\n|-weather|Snow|[from] ability: Snow Warning|[of] p2a: Abomasnow\n|-activate|p2b: Eiscue|ability: Ice Face\n|detailschange|p2b: Eiscue|Eiscue, L50, M, shiny, tera:Water\n|move|p1a: Sableye|Will-O-Wisp|p2b: Eiscue|[miss]\n|-miss|p1a: Sableye|p2b: Eiscue\n|move|p1b: Iron Bundle|Freeze-Dry|p2b: Eiscue\n|-supereffective|p2b: Eiscue\n|-damage|p2b: Eiscue|38\/100\n|move|p2b: Eiscue|Ice Spinner|p1a: Sableye\n|-enditem|p1a: Sableye|Focus Sash\n|-damage|p1a: Sableye|1\/100\n|\n|-weather|Snow|[upkeep]\n|-sideend|p2: number1eiscuefan|move: Aurora Veil\n|upkeep\n|turn|8\n|inactive|number1eiscuefan has 30 seconds left.\n|\n|t:|1682807111\n|move|p2b: Eiscue|Protect|p2b: Eiscue\n|-singleturn|p2b: Eiscue|Protect\n|move|p2a: Abomasnow|Ice Shard|p1a: Sableye\n|-damage|p1a: Sableye|0 fnt\n|faint|p1a: Sableye\n|move|p1b: Iron Bundle|Freeze-Dry|p2b: Eiscue\n|-activate|p2b: Eiscue|move: Protect\n|\n|-weather|Snow|[upkeep]\n|upkeep\n|\n|t:|1682807114\n|switch|p1a: Iron Hands|Iron Hands, L50|11\/100\n|turn|9\n|\n|t:|1682807135\n|move|p2b: Eiscue|Protect|p2b: Eiscue\n|-singleturn|p2b: Eiscue|Protect\n|move|p1a: Iron Hands|Fake Out|p2a: Abomasnow\n|-damage|p2a: Abomasnow|45\/100\n|cant|p2a: Abomasnow|flinch\n|move|p1b: Iron Bundle|Freeze-Dry|p2b: Eiscue\n|-activate|p2b: Eiscue|move: Protect\n|\n|-weather|Snow|[upkeep]\n|upkeep\n|turn|10\n|\n|t:|1682807152\n|move|p2a: Abomasnow|Ice Shard|p1a: Iron Hands\n|-damage|p1a: Iron Hands|3\/100\n|move|p1b: Iron Bundle|Icy Wind|p2a: Abomasnow|[spread] p2a,p2b\n|-resisted|p2b: Eiscue\n|-damage|p2a: Abomasnow|22\/100\n|-damage|p2b: Eiscue|26\/100\n|-unboost|p2a: Abomasnow|spe|1\n|-unboost|p2b: Eiscue|spe|1\n|move|p1a: Iron Hands|Drain Punch|p2a: Abomasnow\n|-supereffective|p2a: Abomasnow\n|-damage|p2a: Abomasnow|0 fnt\n|-heal|p1a: Iron Hands|11\/100|[from] drain|[of] p2a: Abomasnow\n|faint|p2a: Abomasnow\n|move|p2b: Eiscue|Liquidation|p1b: Iron Bundle\n|-resisted|p1b: Iron Bundle\n|-damage|p1b: Iron Bundle|41\/100\n|\n|-weather|Snow|[upkeep]\n|upkeep\n|-message|DreadedWard08 forfeited.\n|\n|win|number1eiscuefan\n|raw|DreadedWard08's rating: 1105 → 1075<\/strong> (-30 for losing)\n|raw|number1eiscuefan's rating: 1037 → 1078<\/strong> (+41 for winning)\n|l|\u2606DreadedWard08\n","uploadtime":1682807199,"views":20,"p1id":"dreadedward08","p2id":"number1eiscuefan","formatid":"gen9vgc2023regulationc","rating":1075,"private":0,"password":""}