{"id":"gen9vgc2023regulationc-1856448335","p1":"jamez10","p2":"Killakyzr","format":"[Gen 9] VGC 2023 Regulation C","log":"|j|\u2606jamez10\n|j|\u2606Killakyzr\n|t:|1683062631\n|gametype|doubles\n|player|p1|jamez10|169|\n|player|p2|Killakyzr|102|\n|teamsize|p1|6\n|teamsize|p2|6\n|gen|9\n|tier|[Gen 9] VGC 2023 Regulation C\n|rule|Species Clause: Limit one of each Pok\u00e9mon\n|rule|Item Clause: Limit one of each item\n|clearpoke\n|poke|p1|Tauros-Paldea-Blaze, L50, M|\n|poke|p1|Palafin, L50, M|\n|poke|p1|Iron Bundle, L50|\n|poke|p1|Iron Jugulis, L50|\n|poke|p1|Indeedee-F, L50, F|\n|poke|p1|Rabsca, L50, F|\n|poke|p2|Skeledirge, L50, F|\n|poke|p2|Jumpluff, L50, F|\n|poke|p2|Gholdengo, L50|\n|poke|p2|Maushold, L50|\n|poke|p2|Annihilape, L50, F|\n|poke|p2|Lycanroc, L50, F|\n|teampreview|4\n|j| JJ22FTW\n|inactive|Battle timer is ON: inactive players will automatically lose when time's up. (requested by Killakyzr)\n|\n|t:|1683062652\n|start\n|switch|p1a: Iron Jugulis|Iron Jugulis, L50|100\/100\n|switch|p1b: Rabsca|Rabsca, L50, F|100\/100\n|switch|p2a: Maushold|Maushold, L50|100\/100\n|switch|p2b: Annihilape|Annihilape, L50, F|100\/100\n|-enditem|p1a: Iron Jugulis|Booster Energy\n|-activate|p1a: Iron Jugulis|ability: Quark Drive|[fromitem]\n|-start|p1a: Iron Jugulis|quarkdrivespe\n|turn|1\n|j| tomciv20\n|\n|t:|1683062668\n|move|p1a: Iron Jugulis|Tailwind|p1a: Iron Jugulis\n|-sidestart|p1: jamez10|move: Tailwind\n|move|p1b: Rabsca|Skill Swap|p2b: Annihilape\n|-activate|p1b: Rabsca|move: Skill Swap|Defiant|Telepathy|[of] p2b: Annihilape\n|move|p2a: Maushold|Beat Up|p2b: Annihilape\n|-activate|p2b: Annihilape|ability: Telepathy\n|move|p2b: Annihilape|Rage Fist|p1a: Iron Jugulis\n|-resisted|p1a: Iron Jugulis\n|-damage|p1a: Iron Jugulis|88\/100\n|\n|upkeep\n|turn|2\n|inactive|jamez10 has 30 seconds left.\n|\n|t:|1683062694\n|switch|p1b: Indeedee|Indeedee-F, L50, F|100\/100\n|-fieldstart|move: Psychic Terrain|[from] ability: Psychic Surge|[of] p1b: Indeedee\n|move|p2a: Maushold|Follow Me|p2a: Maushold\n|-singleturn|p2a: Maushold|move: Follow Me\n|move|p1a: Iron Jugulis|Air Slash|p2a: Maushold\n|-crit|p2a: Maushold\n|-damage|p2a: Maushold|27\/100\n|move|p2b: Annihilape|Bulk Up|p2b: Annihilape\n|-boost|p2b: Annihilape|atk|1\n|-boost|p2b: Annihilape|def|1\n|\n|-heal|p2a: Maushold|33\/100|[from] item: Leftovers\n|upkeep\n|turn|3\n|inactive|jamez10 has 30 seconds left.\n|\n|t:|1683062721\n|move|p1b: Indeedee|Follow Me|p1b: Indeedee\n|-singleturn|p1b: Indeedee|move: Follow Me\n|move|p2a: Maushold|Follow Me|p2a: Maushold\n|-singleturn|p2a: Maushold|move: Follow Me\n|move|p1a: Iron Jugulis|Air Slash|p2a: Maushold\n|-damage|p2a: Maushold|0 fnt\n|faint|p2a: Maushold\n|move|p2b: Annihilape|Drain Punch|p1b: Indeedee\n|-damage|p1b: Indeedee|58\/100\n|-enditem|p1b: Indeedee|Red Card|[of] p2b: Annihilape\n|drag|p2b: Lycanroc|Lycanroc, L50, F|100\/100\n|\n|upkeep\n|\n|t:|1683062734\n|switch|p2a: Gholdengo|Gholdengo, L50|100\/100\n|turn|4\n|\n|t:|1683062754\n|-terastallize|p1a: Iron Jugulis|Dark\n|move|p2b: Lycanroc|Accelerock|p1b: Indeedee\n|-activate|p1b: Indeedee|move: Psychic Terrain\n|move|p1a: Iron Jugulis|Snarl|p2a: Gholdengo|[spread] p2a,p2b\n|-supereffective|p2a: Gholdengo\n|-damage|p2a: Gholdengo|34\/100\n|-damage|p2b: Lycanroc|54\/100\n|-unboost|p2a: Gholdengo|spa|1\n|-unboost|p2b: Lycanroc|spa|1\n|move|p1b: Indeedee|Light Screen|p1b: Indeedee\n|-sidestart|p1: jamez10|move: Light Screen\n|move|p2a: Gholdengo|Make It Rain|p1b: Indeedee|[spread] p1a,p1b\n|-damage|p1a: Iron Jugulis|47\/100\n|-damage|p1b: Indeedee|25\/100\n|-unboost|p2a: Gholdengo|spa|1\n|\n|-sideend|p1: jamez10|move: Tailwind\n|upkeep\n|turn|5\n|inactive|Killakyzr has 30 seconds left.\n|\n|t:|1683062784\n|-terastallize|p2a: Gholdengo|Steel\n|move|p1a: Iron Jugulis|Snarl|p2b: Lycanroc|[spread] p2b\n|-miss|p1a: Iron Jugulis|p2a: Gholdengo\n|-damage|p2b: Lycanroc|4\/100\n|-unboost|p2b: Lycanroc|spa|1\n|move|p2b: Lycanroc|Rock Slide|p1b: Indeedee|[spread] p1a,p1b\n|-damage|p1a: Iron Jugulis|14\/100\n|-damage|p1b: Indeedee|0 fnt\n|faint|p1b: Indeedee\n|move|p2a: Gholdengo|Make It Rain|p1a: Iron Jugulis\n|-damage|p1a: Iron Jugulis|0 fnt\n|-unboost|p2a: Gholdengo|spa|1\n|faint|p1a: Iron Jugulis\n|-end|p1a: Iron Jugulis|Quark Drive|[silent]\n|\n|upkeep\n|\n|t:|1683062801\n|switch|p1a: Rabsca|Rabsca, L50, F|100\/100\n|switch|p1b: Iron Bundle|Iron Bundle, L50|100\/100\n|turn|6\n|\n|t:|1683062818\n|move|p1b: Iron Bundle|Icy Wind|p2a: Gholdengo|[spread] p2b\n|-miss|p1b: Iron Bundle|p2a: Gholdengo\n|-damage|p2b: Lycanroc|0 fnt\n|faint|p2b: Lycanroc\n|move|p2a: Gholdengo|Make It Rain|p1a: Rabsca|[spread] p1a,p1b\n|-damage|p1a: Rabsca|76\/100\n|-damage|p1b: Iron Bundle|52\/100\n|-unboost|p2a: Gholdengo|spa|1\n|move|p1a: Rabsca|Revival Blessing|p1a: Rabsca\n|-enditem|p1a: Rabsca|Leppa Berry|[eat]\n|-activate|p1a: Rabsca|item: Leppa Berry|Revival Blessing|[consumed]\n|\n|t:|1683062829\n|-heal|p1: Iron Jugulis|50\/100|[from] move: Revival Blessing\n|\n|-fieldend|move: Psychic Terrain\n|upkeep\n|\n|t:|1683062834\n|switch|p2b: Annihilape|Annihilape, L50, F|100\/100\n|turn|7\n|\n|t:|1683062858\n|move|p1b: Iron Bundle|Icy Wind|p2b: Annihilape|[spread] p2a,p2b\n|-resisted|p2a: Gholdengo\n|-damage|p2a: Gholdengo|12\/100\n|-damage|p2b: Annihilape|71\/100\n|-unboost|p2a: Gholdengo|spe|1\n|-unboost|p2b: Annihilape|spe|1\n|-ability|p2b: Annihilape|Defiant|boost\n|-boost|p2b: Annihilape|atk|2\n|move|p2a: Gholdengo|Make It Rain|p1b: Iron Bundle|[spread] p1a,p1b\n|-damage|p1a: Rabsca|54\/100\n|-damage|p1b: Iron Bundle|11\/100\n|-unboost|p2a: Gholdengo|spa|1\n|move|p2b: Annihilape|Drain Punch|p1b: Iron Bundle\n|-supereffective|p1b: Iron Bundle\n|-damage|p1b: Iron Bundle|0 fnt\n|-heal|p2b: Annihilape|75\/100|[from] drain|[of] p1b: Iron Bundle\n|faint|p1b: Iron Bundle\n|-end|p1b: Iron Bundle|Quark Drive|[silent]\n|move|p1a: Rabsca|Revival Blessing|p1a: Rabsca\n|\n|t:|1683062877\n|-heal|p1: Iron Bundle|50\/100|[from] move: Revival Blessing\n|\n|upkeep\n|-end|p1: Iron Bundle|Quark Drive|[silent]\n|switch|p1b: Iron Bundle|Iron Bundle, L50|50\/100\n|turn|8\n|\n|t:|1683062900\n|move|p1b: Iron Bundle|Icy Wind|p2a: Gholdengo|[spread] p2a,p2b\n|-resisted|p2a: Gholdengo\n|-damage|p2a: Gholdengo|0 fnt\n|-damage|p2b: Annihilape|48\/100\n|-unboost|p2b: Annihilape|spe|1\n|-ability|p2b: Annihilape|Defiant|boost\n|-boost|p2b: Annihilape|atk|2\n|-enditem|p2b: Annihilape|Sitrus Berry|[eat]\n|-heal|p2b: Annihilape|73\/100|[from] item: Sitrus Berry\n|faint|p2a: Gholdengo\n|move|p1a: Rabsca|Psychic|p2b: Annihilape\n|-supereffective|p2b: Annihilape\n|-damage|p2b: Annihilape|15\/100\n|move|p2b: Annihilape|Drain Punch|p1b: Iron Bundle\n|-supereffective|p1b: Iron Bundle\n|-damage|p1b: Iron Bundle|0 fnt\n|-heal|p2b: Annihilape|31\/100|[from] drain|[of] p1b: Iron Bundle\n|faint|p1b: Iron Bundle\n|-end|p1b: Iron Bundle|Quark Drive|[silent]\n|\n|-sideend|p1: jamez10|move: Light Screen\n|upkeep\n|\n|t:|1683062914\n|switch|p1b: Iron Jugulis|Iron Jugulis, L50|50\/100\n|turn|9\n|\n|t:|1683062928\n|move|p1b: Iron Jugulis|Air Slash|p2b: Annihilape\n|-supereffective|p2b: Annihilape\n|-damage|p2b: Annihilape|0 fnt\n|faint|p2b: Annihilape\n|\n|win|jamez10\n|l|\u2606jamez10\n|l|\u2606Killakyzr\n","uploadtime":1683063131,"views":14,"p1id":"jamez10","p2id":"killakyzr","formatid":"gen9vgc2023regulationc","rating":0,"private":0,"password":""}