{"id":"gen9vgc2023regulationc-1853290239","p1":"chooks2go","p2":"anshar_training","format":"[Gen 9] VGC 2023 Regulation C","log":"|j|\u2606chooks2go\n|j|\u2606anshar_training\n|t:|1682661990\n|gametype|doubles\n|player|p1|chooks2go|170|1128\n|player|p2|anshar_training|colress|1128\n|teamsize|p1|6\n|teamsize|p2|6\n|gen|9\n|tier|[Gen 9] VGC 2023 Regulation C\n|rated|\n|rule|Species Clause: Limit one of each Pok\u00e9mon\n|rule|Item Clause: Limit one of each item\n|clearpoke\n|poke|p1|Grimmsnarl, L50, M|\n|poke|p1|Lokix, L50, F|\n|poke|p1|Tinkaton, L50, F|\n|poke|p1|Glimmora, L50, F|\n|poke|p1|Iron Bundle, L50|\n|poke|p1|Arcanine, L50, F|\n|poke|p2|Palafin, L50, M|\n|poke|p2|Flutter Mane, L50|\n|poke|p2|Arcanine, L50, M|\n|poke|p2|Amoonguss, L50, M|\n|poke|p2|Ting-Lu, L50|\n|poke|p2|Roaring Moon, L50|\n|teampreview|4\n|inactive|Battle timer is ON: inactive players will automatically lose when time's up. (requested by chooks2go)\n|\n|t:|1682662031\n|start\n|switch|p1a: Tinkaton|Tinkaton, L50, F|100\/100\n|switch|p1b: Grimmsnarl|Grimmsnarl, L50, M|100\/100\n|switch|p2a: PlusUltra|Palafin, L50, M|100\/100\n|switch|p2b: Apolo|Arcanine, L50, M|100\/100\n|-ability|p2b: Apolo|Intimidate|boost\n|-fail|p1a: Tinkaton|unboost|Attack|[from] ability: Own Tempo|[of] p1a: Tinkaton\n|-unboost|p1b: Grimmsnarl|atk|1\n|turn|1\n|\n|t:|1682662052\n|detailschange|p2a: PlusUltra|Palafin-Hero, L50, M\n|switch|p2a: Susy|Amoonguss, L50, M|100\/100\n|move|p1a: Tinkaton|Fake Out|p2b: Apolo\n|-crit|p2b: Apolo\n|-damage|p2b: Apolo|85\/100\n|move|p1b: Grimmsnarl|Thunder Wave|p2b: Apolo\n|-status|p2b: Apolo|par\n|cant|p2b: Apolo|flinch\n|\n|upkeep\n|turn|2\n|inactive|anshar_training has 30 seconds left.\n|\n|t:|1682662078\n|switch|p1a: Iron Bundle|Iron Bundle, L50|100\/100\n|-enditem|p1a: Iron Bundle|Booster Energy\n|-activate|p1a: Iron Bundle|ability: Quark Drive|[fromitem]\n|-start|p1a: Iron Bundle|quarkdrivespe\n|move|p1b: Grimmsnarl|Misty Terrain|p1b: Grimmsnarl\n|-fieldstart|move: Misty Terrain\n|move|p2b: Apolo|Flare Blitz|p1a: Iron Bundle\n|-damage|p1a: Iron Bundle|41\/100\n|-damage|p2b: Apolo|72\/100 par|[from] Recoil\n|move|p2a: Susy|Spore|p1b: Grimmsnarl\n|-activate|p1b: Grimmsnarl|move: Misty Terrain\n|\n|upkeep\n|turn|3\n|\n|t:|1682662102\n|move|p2a: Susy|Rage Powder|p2a: Susy\n|-singleturn|p2a: Susy|move: Rage Powder\n|move|p1a: Iron Bundle|Hydro Pump|p2a: Susy\n|-resisted|p2a: Susy\n|-damage|p2a: Susy|74\/100\n|cant|p2b: Apolo|par\n|move|p1b: Grimmsnarl|Spirit Break|p2a: Susy\n|-resisted|p2a: Susy\n|-damage|p2a: Susy|61\/100\n|-unboost|p2a: Susy|spa|1\n|-damage|p1b: Grimmsnarl|91\/100|[from] item: Life Orb\n|\n|upkeep\n|turn|4\n|\n|t:|1682662118\n|-end|p1a: Iron Bundle|Quark Drive|[silent]\n|switch|p1a: Arcanine|Arcanine, L50, F|100\/100\n|switch|p1b: Tinkaton|Tinkaton, L50, F|100\/100\n|move|p2a: Susy|Rage Powder|p2a: Susy\n|-singleturn|p2a: Susy|move: Rage Powder\n|move|p2b: Apolo|Flare Blitz|p1a: Arcanine\n|-start|p1a: Arcanine|ability: Flash Fire\n|\n|upkeep\n|turn|5\n|\n|t:|1682662133\n|-terastallize|p2a: Susy|Water\n|move|p1b: Tinkaton|Fake Out|p2b: Apolo\n|-damage|p2b: Apolo|60\/100 par\n|move|p2a: Susy|Rage Powder|p2a: Susy\n|-singleturn|p2a: Susy|move: Rage Powder\n|move|p1a: Arcanine|Flare Blitz|p2a: Susy\n|-resisted|p2a: Susy\n|-damage|p2a: Susy|22\/100\n|-enditem|p2a: Susy|Sitrus Berry|[eat]\n|-heal|p2a: Susy|47\/100|[from] item: Sitrus Berry\n|-damage|p1a: Arcanine|86\/100|[from] Recoil\n|cant|p2b: Apolo|flinch\n|\n|-heal|p1a: Arcanine|92\/100|[from] item: Leftovers\n|upkeep\n|turn|6\n|\n|t:|1682662154\n|move|p2a: Susy|Rage Powder|p2a: Susy\n|-singleturn|p2a: Susy|move: Rage Powder\n|move|p1b: Tinkaton|Gigaton Hammer|p2a: Susy\n|-resisted|p2a: Susy\n|-damage|p2a: Susy|22\/100\n|move|p2b: Apolo|Will-O-Wisp|p1b: Tinkaton|[miss]\n|-miss|p2b: Apolo|p1b: Tinkaton\n|move|p1a: Arcanine|Roar|p2a: Susy\n|drag|p2a: Cornelia|Flutter Mane, L50|100\/100\n|\n|-heal|p1a: Arcanine|98\/100|[from] item: Leftovers\n|-fieldend|Misty Terrain\n|upkeep\n|turn|7\n|\n|t:|1682662171\n|move|p2b: Apolo|Extreme Speed|p1b: Tinkaton\n|-resisted|p1b: Tinkaton\n|-damage|p1b: Tinkaton|85\/100\n|move|p2a: Cornelia|Dazzling Gleam|p1b: Tinkaton|[spread] p1a,p1b\n|-resisted|p1a: Arcanine\n|-resisted|p1b: Tinkaton\n|-damage|p1a: Arcanine|74\/100\n|-damage|p1b: Tinkaton|70\/100\n|move|p1b: Tinkaton|Play Rough|p2b: Apolo|[miss]\n|-miss|p1b: Tinkaton|p2b: Apolo\n|move|p1a: Arcanine|Flare Blitz|p2a: Cornelia\n|-damage|p2a: Cornelia|0 fnt\n|faint|p2a: Cornelia\n|-end|p2a: Cornelia|Protosynthesis|[silent]\n|-damage|p1a: Arcanine|50\/100|[from] Recoil\n|\n|-heal|p1a: Arcanine|56\/100|[from] item: Leftovers\n|upkeep\n|\n|t:|1682662186\n|switch|p2a: PlusUltra|Palafin-Hero, L50, M|100\/100\n|-activate|p2a: PlusUltra|ability: Zero to Hero\n|turn|8\n|\n|t:|1682662197\n|-terastallize|p1a: Arcanine|Grass\n|move|p2a: PlusUltra|Jet Punch|p1a: Arcanine\n|-resisted|p1a: Arcanine\n|-damage|p1a: Arcanine|31\/100\n|move|p1b: Tinkaton|Play Rough|p2a: PlusUltra\n|-damage|p2a: PlusUltra|70\/100\n|move|p1a: Arcanine|Morning Sun|p1a: Arcanine\n|-heal|p1a: Arcanine|81\/100\n|move|p2b: Apolo|Flare Blitz|p1b: Tinkaton\n|-supereffective|p1b: Tinkaton\n|-damage|p1b: Tinkaton|0 fnt\n|faint|p1b: Tinkaton\n|-damage|p2b: Apolo|42\/100 par|[from] Recoil\n|\n|-heal|p1a: Arcanine|87\/100|[from] item: Leftovers\n|upkeep\n|\n|t:|1682662209\n|switch|p1b: Grimmsnarl|Grimmsnarl, L50, M|91\/100\n|turn|9\n|\n|t:|1682662220\n|move|p2a: PlusUltra|Protect|p2a: PlusUltra\n|-singleturn|p2a: PlusUltra|Protect\n|move|p2b: Apolo|Protect|p2b: Apolo\n|-singleturn|p2b: Apolo|Protect\n|move|p1a: Arcanine|Extreme Speed|p2b: Apolo\n|-activate|p2b: Apolo|move: Protect\n|move|p1b: Grimmsnarl|Thunder Wave|p2a: PlusUltra\n|-activate|p2a: PlusUltra|move: Protect\n|\n|-heal|p1a: Arcanine|93\/100|[from] item: Leftovers\n|upkeep\n|turn|10\n|\n|t:|1682662235\n|move|p1b: Grimmsnarl|Thunder Wave|p2a: PlusUltra\n|-status|p2a: PlusUltra|par\n|move|p1a: Arcanine|Flare Blitz|p2b: Apolo\n|-resisted|p2b: Apolo\n|-damage|p2b: Apolo|0 fnt\n|faint|p2b: Apolo\n|-damage|p1a: Arcanine|79\/100|[from] Recoil\n|move|p2a: PlusUltra|Wave Crash|p1b: Grimmsnarl\n|-damage|p1b: Grimmsnarl|0 fnt\n|faint|p1b: Grimmsnarl\n|-damage|p2a: PlusUltra|45\/100 par|[from] Recoil\n|\n|-heal|p1a: Arcanine|85\/100|[from] item: Leftovers\n|upkeep\n|\n|t:|1682662248\n|switch|p2b: Susy|Amoonguss, L50, M, tera:Water|55\/100\n|switch|p1b: Iron Bundle|Iron Bundle, L50|41\/100\n|turn|11\n|\n|t:|1682662260\n|move|p2a: PlusUltra|Protect|p2a: PlusUltra\n|-singleturn|p2a: PlusUltra|Protect\n|move|p1b: Iron Bundle|Freeze-Dry|p2a: PlusUltra\n|-activate|p2a: PlusUltra|move: Protect\n|move|p1a: Arcanine|Flare Blitz|p2b: Susy\n|-resisted|p2b: Susy\n|-damage|p2b: Susy|18\/100\n|-damage|p1a: Arcanine|72\/100|[from] Recoil\n|move|p2b: Susy|Spore|p1b: Iron Bundle\n|-status|p1b: Iron Bundle|slp|[from] move: Spore\n|\n|-heal|p1a: Arcanine|78\/100|[from] item: Leftovers\n|upkeep\n|turn|12\n|inactive|anshar_training has 30 seconds left.\n|\n|t:|1682662286\n|cant|p1b: Iron Bundle|slp\n|move|p1a: Arcanine|Flare Blitz|p2b: Susy\n|-resisted|p2b: Susy\n|-damage|p2b: Susy|0 fnt\n|faint|p2b: Susy\n|-damage|p1a: Arcanine|71\/100|[from] Recoil\n|move|p2a: PlusUltra|Wave Crash|p1a: Arcanine\n|-resisted|p1a: Arcanine\n|-damage|p1a: Arcanine|19\/100\n|-damage|p2a: PlusUltra|28\/100 par|[from] Recoil\n|\n|-heal|p1a: Arcanine|25\/100|[from] item: Leftovers\n|upkeep\n|turn|13\n|\n|t:|1682662299\n|move|p2a: PlusUltra|Jet Punch|p1a: Arcanine\n|-resisted|p1a: Arcanine\n|-damage|p1a: Arcanine|0 fnt\n|faint|p1a: Arcanine\n|cant|p1b: Iron Bundle|slp\n|\n|upkeep\n|turn|14\n|\n|t:|1682662306\n|move|p2a: PlusUltra|Jet Punch|p1b: Iron Bundle\n|-resisted|p1b: Iron Bundle\n|-damage|p1b: Iron Bundle|13\/100 slp\n|-curestatus|p1b: Iron Bundle|slp|[msg]\n|move|p1b: Iron Bundle|Freeze-Dry|p2a: PlusUltra\n|-supereffective|p2a: PlusUltra\n|-damage|p2a: PlusUltra|0 fnt\n|faint|p2a: PlusUltra\n|\n|win|chooks2go\n|raw|chooks2go's rating: 1128 → 1153<\/strong> (+25 for winning)\n|raw|anshar_training's rating: 1128 → 1103<\/strong> (-25 for losing)\n|c|\u2606chooks2go|gg\n|l|\u2606chooks2go\n","uploadtime":1682662318,"views":6,"p1id":"chooks2go","p2id":"anshartraining","formatid":"gen9vgc2023regulationc","rating":1103,"private":0,"password":""}