{"id":"gen9vgc2023regulationc-1857051304","p1":"WillieDangerously","p2":"Vengeful potato","format":"[Gen 9] VGC 2023 Regulation C","log":"|j|\u2606WillieDangerously\n|j|\u2606Vengeful potato\n|t:|1683140984\n|gametype|doubles\n|player|p1|WillieDangerously|psychic-gen4|1210\n|player|p2|Vengeful potato|swimmer-gen4|1281\n|teamsize|p1|6\n|teamsize|p2|6\n|gen|9\n|tier|[Gen 9] VGC 2023 Regulation C\n|rated|\n|rule|Species Clause: Limit one of each Pok\u00e9mon\n|rule|Item Clause: Limit one of each item\n|clearpoke\n|poke|p1|Espathra, L50, F|\n|poke|p1|Iron Bundle, L50|\n|poke|p1|Iron Valiant, L50|\n|poke|p1|Salamence, L50, M|\n|poke|p1|Scizor, L50, F|\n|poke|p1|Sandy Shocks, L50|\n|poke|p2|Dudunsparce-*, L50, M|\n|poke|p2|Hariyama, L50, M|\n|poke|p2|Gholdengo, L50|\n|poke|p2|Salamence, L50, F|\n|poke|p2|Toedscruel, L50, F|\n|poke|p2|Rotom-Wash, L50|\n|teampreview|4\n|\n|t:|1683141025\n|start\n|switch|p1a: Espathra|Espathra, L50, F|100\/100\n|switch|p1b: Sandy Shocks|Sandy Shocks, L50|100\/100\n|switch|p2a: Double Down|Dudunsparce, L50, M|100\/100\n|switch|p2b: THICC|Hariyama, L50, M, shiny|100\/100\n|-enditem|p1b: Sandy Shocks|Booster Energy\n|-activate|p1b: Sandy Shocks|ability: Protosynthesis|[fromitem]\n|-start|p1b: Sandy Shocks|protosynthesisspe\n|turn|1\n|\n|t:|1683141041\n|-terastallize|p1b: Sandy Shocks|Ghost\n|move|p2b: THICC|Fake Out|p1b: Sandy Shocks\n|-immune|p1b: Sandy Shocks\n|move|p1b: Sandy Shocks|Gravity|p1b: Sandy Shocks\n|-fieldstart|move: Gravity\n|move|p1a: Espathra|Hypnosis|p2a: Double Down\n|-status|p2a: Double Down|slp|[from] move: Hypnosis\n|cant|p2a: Double Down|slp\n|\n|-ability|p1a: Espathra|Speed Boost|boost\n|-boost|p1a: Espathra|spe|1\n|upkeep\n|turn|2\n|\n|t:|1683141065\n|switch|p2b: Big Stonks|Gholdengo, L50|100\/100\n|move|p1a: Espathra|Lumina Crash|p2b: Big Stonks\n|-resisted|p2b: Big Stonks\n|-damage|p2b: Big Stonks|85\/100\n|-unboost|p2b: Big Stonks|spd|2\n|move|p1b: Sandy Shocks|Thunder|p2b: Big Stonks\n|-damage|p2b: Big Stonks|0 fnt\n|faint|p2b: Big Stonks\n|-curestatus|p2a: Double Down|slp|[msg]\n|move|p2a: Double Down|Glare|p1a: Espathra\n|-status|p1a: Espathra|par\n|\n|-ability|p1a: Espathra|Speed Boost|boost\n|-boost|p1a: Espathra|spe|1\n|upkeep\n|\n|t:|1683141075\n|switch|p2b: THICC|Hariyama, L50, M, shiny|100\/100\n|turn|3\n|\n|t:|1683141110\n|move|p2b: THICC|Fake Out|p1a: Espathra\n|-damage|p1a: Espathra|81\/100 par\n|move|p1b: Sandy Shocks|Thunder|p2a: Double Down\n|-damage|p2a: Double Down|52\/100\n|cant|p1a: Espathra|par\n|move|p2a: Double Down|Glare|p1b: Sandy Shocks\n|-status|p1b: Sandy Shocks|par\n|\n|-ability|p1a: Espathra|Speed Boost|boost\n|-boost|p1a: Espathra|spe|1\n|upkeep\n|turn|4\n|\n|t:|1683141138\n|move|p2a: Double Down|Protect|p2a: Double Down\n|-singleturn|p2a: Double Down|Protect\n|move|p2b: THICC|Bullet Punch|p1a: Espathra\n|-damage|p1a: Espathra|64\/100 par\n|cant|p1a: Espathra|par\n|cant|p1b: Sandy Shocks|par\n|\n|-ability|p1a: Espathra|Speed Boost|boost\n|-boost|p1a: Espathra|spe|1\n|upkeep\n|turn|5\n|\n|t:|1683141158\n|move|p2b: THICC|Bullet Punch|p1a: Espathra\n|-damage|p1a: Espathra|46\/100 par\n|move|p1a: Espathra|Lumina Crash|p2b: THICC\n|-supereffective|p2b: THICC\n|-damage|p2b: THICC|48\/100\n|-unboost|p2b: THICC|spd|2\n|move|p1b: Sandy Shocks|Thunder|p2a: Double Down\n|-damage|p2a: Double Down|2\/100\n|-enditem|p2a: Double Down|Sitrus Berry|[eat]\n|-heal|p2a: Double Down|27\/100|[from] item: Sitrus Berry\n|move|p2a: Double Down|Rock Slide|p1b: Sandy Shocks|[spread] p1a,p1b\n|-damage|p1a: Espathra|26\/100 par\n|-damage|p1b: Sandy Shocks|87\/100 par\n|\n|-fieldend|move: Gravity\n|-ability|p1a: Espathra|Speed Boost|boost\n|-boost|p1a: Espathra|spe|1\n|upkeep\n|turn|6\n|\n|t:|1683141180\n|switch|p2a: MENACING|Salamence, L50, F|100\/100\n|-ability|p2a: MENACING|Intimidate|boost\n|-unboost|p1a: Espathra|atk|1\n|-unboost|p1b: Sandy Shocks|atk|1\n|move|p2b: THICC|Bullet Punch|p1a: Espathra\n|-damage|p1a: Espathra|8\/100 par\n|move|p1a: Espathra|Dazzling Gleam|p2a: MENACING|[spread] p2a,p2b\n|-supereffective|p2a: MENACING\n|-supereffective|p2b: THICC\n|-damage|p2a: MENACING|71\/100\n|-damage|p2b: THICC|0 fnt\n|faint|p2b: THICC\n|cant|p1b: Sandy Shocks|par\n|\n|-ability|p1a: Espathra|Speed Boost|boost\n|-boost|p1a: Espathra|spe|1\n|upkeep\n|\n|t:|1683141190\n|switch|p2b: Double Down|Dudunsparce, L50, M|27\/100\n|turn|7\n|\n|t:|1683141215\n|-terastallize|p2a: MENACING|Fire\n|move|p1a: Espathra|Protect|p1a: Espathra\n|-singleturn|p1a: Espathra|Protect\n|move|p1b: Sandy Shocks|Gravity|p1b: Sandy Shocks\n|-fieldstart|move: Gravity\n|move|p2a: MENACING|Heat Wave|p1b: Sandy Shocks|[spread] p1b\n|-activate|p1a: Espathra|move: Protect\n|-damage|p1b: Sandy Shocks|43\/100 par\n|move|p2b: Double Down|Rock Slide|p1a: Espathra|[spread] p1b\n|-activate|p1a: Espathra|move: Protect\n|-damage|p1b: Sandy Shocks|30\/100 par\n|\n|upkeep\n|turn|8\n|\n|t:|1683141235\n|cant|p1a: Espathra|par\n|move|p1b: Sandy Shocks|Earth Power|p2a: MENACING\n|-supereffective|p2a: MENACING\n|-damage|p2a: MENACING|0 fnt\n|faint|p2a: MENACING\n|move|p2b: Double Down|Roost|p2b: Double Down\n|-heal|p2b: Double Down|77\/100\n|-singleturn|p2b: Double Down|move: Roost\n|\n|upkeep\n|turn|9\n|\n|t:|1683141246\n|move|p1a: Espathra|Lumina Crash|p2b: Double Down\n|-damage|p2b: Double Down|44\/100\n|-unboost|p2b: Double Down|spd|2\n|move|p1b: Sandy Shocks|Thunder|p2b: Double Down\n|-damage|p2b: Double Down|0 fnt\n|faint|p2b: Double Down\n|\n|win|WillieDangerously\n|raw|WillieDangerously's rating: 1210 → 1240<\/strong> (+30 for winning)\n|raw|Vengeful potato's rating: 1281 → 1251<\/strong> (-30 for losing)\n|l|\u2606Vengeful potato\n","uploadtime":1683141259,"views":10,"p1id":"williedangerously","p2id":"vengefulpotato","formatid":"gen9vgc2023regulationc","rating":1240,"private":0,"password":""}