{"id":"gen9vgc2023regulationc-1854851749","p1":"Lepyti","p2":"FlockOfDeagles","format":"[Gen 9] VGC 2023 Regulation C","log":"|j|\u2606Lepyti\n|j|\u2606FlockOfDeagles\n|t:|1682873363\n|gametype|doubles\n|player|p1|Lepyti|acetrainer-gen4dp|1191\n|player|p2|FlockOfDeagles|chuck|1173\n|teamsize|p1|6\n|teamsize|p2|6\n|gen|9\n|tier|[Gen 9] VGC 2023 Regulation C\n|rated|\n|rule|Species Clause: Limit one of each Pok\u00e9mon\n|rule|Item Clause: Limit one of each item\n|clearpoke\n|poke|p1|Dragonite, L50, M|\n|poke|p1|Flutter Mane, L50|\n|poke|p1|Chien-Pao, L50|\n|poke|p1|Palafin, L50, F|\n|poke|p1|Arcanine, L50, F|\n|poke|p1|Iron Hands, L50|\n|poke|p2|Tatsugiri-Stretchy, L50, F|\n|poke|p2|Flutter Mane, L50|\n|poke|p2|Chi-Yu, L50|\n|poke|p2|Glimmora, L50, F|\n|poke|p2|Dondozo, L50, F|\n|poke|p2|Wo-Chien, L50|\n|teampreview|4\n|inactive|Battle timer is ON: inactive players will automatically lose when time's up. (requested by FlockOfDeagles)\n|inactive|Lepyti also wants the timer to be on.\n|inactive|Lepyti has 60 seconds left.\n|\n|t:|1682873398\n|start\n|switch|p1a: Palafin|Palafin, L50, F|100\/100\n|switch|p1b: Flutter Mane|Flutter Mane, L50|100\/100\n|switch|p2a: Glamazon|Glimmora, L50, F|100\/100\n|switch|p2b: InsertCrashWoah|Wo-Chien, L50|100\/100\n|-ability|p2b: InsertCrashWoah|Tablets of Ruin\n|-enditem|p1b: Flutter Mane|Booster Energy\n|-activate|p1b: Flutter Mane|ability: Protosynthesis|[fromitem]\n|-start|p1b: Flutter Mane|protosynthesisspa\n|turn|1\n|inactive|FlockOfDeagles has 30 seconds left.\n|\n|t:|1682873425\n|-terastallize|p1b: Flutter Mane|Fairy\n|move|p2b: InsertCrashWoah|Protect|p2b: InsertCrashWoah\n|-singleturn|p2b: InsertCrashWoah|Protect\n|move|p1b: Flutter Mane|Moonblast|p2b: InsertCrashWoah\n|-activate|p2b: InsertCrashWoah|move: Protect\n|move|p1a: Palafin|Wave Crash|p2a: Glamazon\n|-supereffective|p2a: Glamazon\n|-damage|p2a: Glamazon|36\/100\n|-activate|p2a: Glamazon|ability: Toxic Debris\n|-sidestart|p1: Lepyti|move: Toxic Spikes\n|-damage|p1a: Palafin|81\/100|[from] Recoil\n|move|p2a: Glamazon|Mortal Spin|p1a: Palafin|[spread] p1a,p1b\n|-supereffective|p1b: Flutter Mane\n|-damage|p1a: Palafin|77\/100\n|-damage|p1b: Flutter Mane|88\/100\n|-status|p1a: Palafin|psn\n|-status|p1b: Flutter Mane|psn\n|\n|-damage|p1b: Flutter Mane|75\/100 psn|[from] psn\n|-damage|p1a: Palafin|65\/100 psn|[from] psn\n|upkeep\n|turn|2\n|inactive|FlockOfDeagles has 30 seconds left.\n|inactive|FlockOfDeagles has 20 seconds left.\n|inactive|FlockOfDeagles has 15 seconds left.\n|inactive|FlockOfDeagles has 10 seconds left.\n|\n|t:|1682873473\n|move|p1b: Flutter Mane|Moonblast|p2b: InsertCrashWoah\n|-supereffective|p2b: InsertCrashWoah\n|-damage|p2b: InsertCrashWoah|9\/100\n|-unboost|p2b: InsertCrashWoah|spa|1\n|move|p1a: Palafin|Wave Crash|p2a: Glamazon\n|-supereffective|p2a: Glamazon\n|-damage|p2a: Glamazon|0 fnt\n|-activate|p2a: Glamazon|ability: Toxic Debris\n|-sidestart|p1: Lepyti|move: Toxic Spikes\n|faint|p2a: Glamazon\n|-damage|p1a: Palafin|54\/100 psn|[from] Recoil\n|move|p2b: InsertCrashWoah|Pollen Puff|p2: Glamazon|[notarget]\n|-fail|p2b: InsertCrashWoah\n|\n|-heal|p2b: InsertCrashWoah|15\/100|[from] item: Leftovers\n|-damage|p1b: Flutter Mane|63\/100 psn|[from] psn\n|-damage|p1a: Palafin|42\/100 psn|[from] psn\n|upkeep\n|\n|t:|1682873489\n|switch|p2a: Im Me?|Dondozo, L50, F|100\/100\n|turn|3\n|\n|t:|1682873501\n|move|p2b: InsertCrashWoah|Protect|p2b: InsertCrashWoah\n|-singleturn|p2b: InsertCrashWoah|Protect\n|move|p2a: Im Me?|Protect|p2a: Im Me?\n|-singleturn|p2a: Im Me?|Protect\n|move|p1b: Flutter Mane|Moonblast|p2a: Im Me?\n|-activate|p2a: Im Me?|move: Protect\n|move|p1a: Palafin|Wave Crash|p2b: InsertCrashWoah\n|-activate|p2b: InsertCrashWoah|move: Protect\n|\n|-heal|p2b: InsertCrashWoah|21\/100|[from] item: Leftovers\n|-damage|p1b: Flutter Mane|51\/100 psn|[from] psn\n|-damage|p1a: Palafin|30\/100 psn|[from] psn\n|upkeep\n|turn|4\n|inactive|FlockOfDeagles has 30 seconds left.\n|\n|t:|1682873527\n|switch|p2b: Im Inside Me|Tatsugiri-Stretchy, L50, F|100\/100\n|-activate|p2b: Im Inside Me|ability: Commander|[of] p2a: Im Me?\n|-boost|p2a: Im Me?|atk|2\n|-boost|p2a: Im Me?|spa|2\n|-boost|p2a: Im Me?|spe|2\n|-boost|p2a: Im Me?|def|2\n|-boost|p2a: Im Me?|spd|2\n|move|p1b: Flutter Mane|Dazzling Gleam|p2a: Im Me?|[spread] p2a\n|-miss|p1b: Flutter Mane|p2b: Im Inside Me\n|-damage|p2a: Im Me?|77\/100\n|move|p2a: Im Me?|Earthquake|p1a: Palafin|[spread] p1a,p1b\n|-miss|p2a: Im Me?|p2b: Im Inside Me\n|-damage|p1a: Palafin|0 fnt\n|-damage|p1b: Flutter Mane|0 fnt\n|faint|p1a: Palafin\n|faint|p1b: Flutter Mane\n|-end|p1b: Flutter Mane|Protosynthesis|[silent]\n|\n|upkeep\n|\n|t:|1682873544\n|switch|p1b: Iron Hands|Iron Hands, L50|100\/100\n|switch|p1a: Arcanine|Arcanine, L50, F|100\/100\n|-status|p1a: Arcanine|tox\n|-ability|p1a: Arcanine|Intimidate|boost\n|-fail|p2a: Im Me?|unboost|[from] item: Clear Amulet|[of] p2a: Im Me?\n|-unboost|p2b: Im Inside Me|atk|1\n|-status|p1b: Iron Hands|tox\n|-enditem|p1b: Iron Hands|Lum Berry|[eat]\n|-curestatus|p1b: Iron Hands|tox|[msg]\n|turn|5\n|\n|t:|1682873566\n|move|p2a: Im Me?|Protect|p2a: Im Me?\n|-singleturn|p2a: Im Me?|Protect\n|move|p1a: Arcanine|Will-O-Wisp|p2a: Im Me?\n|-activate|p2a: Im Me?|move: Protect\n|move|p1b: Iron Hands|Wild Charge|p2a: Im Me?\n|-activate|p2a: Im Me?|move: Protect\n|\n|-damage|p1a: Arcanine|94\/100 tox|[from] psn\n|upkeep\n|turn|6\n|\n|t:|1682873579\n|-terastallize|p2a: Im Me?|Grass\n|move|p2a: Im Me?|Earthquake|p1a: Arcanine|[spread] p1a,p1b\n|-miss|p2a: Im Me?|p2b: Im Inside Me\n|-supereffective|p1a: Arcanine\n|-supereffective|p1b: Iron Hands\n|-damage|p1a: Arcanine|0 fnt\n|-damage|p1b: Iron Hands|49\/100\n|faint|p1a: Arcanine\n|move|p1b: Iron Hands|Wild Charge|p2a: Im Me?\n|-resisted|p2a: Im Me?\n|-damage|p2a: Im Me?|68\/100\n|-damage|p1b: Iron Hands|47\/100|[from] Recoil\n|\n|upkeep\n|turn|7\n|-message|Lepyti forfeited.\n|\n|win|FlockOfDeagles\n|raw|Lepyti's rating: 1191 → 1165<\/strong> (-26 for losing)\n|raw|FlockOfDeagles's rating: 1173 → 1199<\/strong> (+26 for winning)\n|l|\u2606Lepyti\n","uploadtime":1682873616,"views":14,"p1id":"lepyti","p2id":"flockofdeagles","formatid":"gen9vgc2023regulationc","rating":1165,"private":0,"password":""}