{"id":"gen9vgc2023regulationc-1849428446","p1":"Kiriziozo","p2":"olishejani","format":"[Gen 9] VGC 2023 Regulation C","log":"|j|\u2606Kiriziozo\n|j|\u2606olishejani\n|t:|1682197406\n|gametype|doubles\n|player|p1|Kiriziozo|lance|1157\n|player|p2|olishejani|102|1109\n|teamsize|p1|6\n|teamsize|p2|6\n|gen|9\n|tier|[Gen 9] VGC 2023 Regulation C\n|rated|\n|rule|Species Clause: Limit one of each Pok\u00e9mon\n|rule|Item Clause: Limit one of each item\n|clearpoke\n|poke|p1|Dondozo, L50, M|\n|poke|p1|Tatsugiri-Stretchy, L50, M|\n|poke|p1|Chi-Yu, L50|\n|poke|p1|Flutter Mane, L50|\n|poke|p1|Dragonite, L50, M|\n|poke|p1|Glimmora, L50, F|\n|poke|p2|Chi-Yu, L50|\n|poke|p2|Flutter Mane, L50|\n|poke|p2|Chien-Pao, L50|\n|poke|p2|Dragonite, L50, F|\n|poke|p2|Talonflame, L50, F|\n|poke|p2|Glimmora, L50, F|\n|teampreview|4\n|\n|t:|1682197437\n|start\n|switch|p1a: Glimmora|Glimmora, L50, F|100\/100\n|switch|p1b: Dondozo|Dondozo, L50, M|100\/100\n|switch|p2a: Talonflame|Talonflame, L50, F|100\/100\n|switch|p2b: Glimmora|Glimmora, L50, F|100\/100\n|turn|1\n|\n|t:|1682197454\n|move|p1b: Dondozo|Protect|p1b: Dondozo\n|-singleturn|p1b: Dondozo|Protect\n|move|p2a: Talonflame|Tailwind|p2a: Talonflame\n|-sidestart|p2: olishejani|move: Tailwind\n|move|p2b: Glimmora|Mortal Spin|p1a: Glimmora|[spread] p1a\n|-activate|p1b: Dondozo|move: Protect\n|-resisted|p1a: Glimmora\n|-damage|p1a: Glimmora|99\/100\n|-activate|p1a: Glimmora|ability: Toxic Debris\n|-sidestart|p2: olishejani|move: Toxic Spikes\n|-sideend|p2: olishejani|Toxic Spikes|[from] move: Mortal Spin|[of] p2b: Glimmora\n|move|p1a: Glimmora|Power Gem|p2a: Talonflame\n|-supereffective|p2a: Talonflame\n|-damage|p2a: Talonflame|0 fnt\n|faint|p2a: Talonflame\n|\n|upkeep\n|\n|t:|1682197474\n|switch|p2a: Flutter Mane|Flutter Mane, L50|100\/100\n|-enditem|p2a: Flutter Mane|Booster Energy\n|-activate|p2a: Flutter Mane|ability: Protosynthesis|[fromitem]\n|-start|p2a: Flutter Mane|protosynthesisspa\n|turn|2\n|\n|t:|1682197491\n|move|p2a: Flutter Mane|Dazzling Gleam|p1b: Dondozo|[spread] p1a,p1b\n|-resisted|p1a: Glimmora\n|-damage|p1a: Glimmora|70\/100\n|-damage|p1b: Dondozo|72\/100\n|move|p2b: Glimmora|Mortal Spin|p1a: Glimmora|[spread] p1a,p1b\n|-resisted|p1a: Glimmora\n|-damage|p1a: Glimmora|69\/100\n|-damage|p1b: Dondozo|69\/100\n|-status|p1b: Dondozo|psn\n|-activate|p1a: Glimmora|ability: Toxic Debris\n|-sidestart|p2: olishejani|move: Toxic Spikes\n|-sideend|p2: olishejani|Toxic Spikes|[from] move: Mortal Spin|[of] p2b: Glimmora\n|move|p1a: Glimmora|Power Gem|p2a: Flutter Mane\n|-damage|p2a: Flutter Mane|57\/100\n|move|p1b: Dondozo|Yawn|p2a: Flutter Mane\n|-start|p2a: Flutter Mane|move: Yawn|[of] p1b: Dondozo\n|\n|-damage|p1b: Dondozo|56\/100 psn|[from] psn\n|upkeep\n|turn|3\n|\n|t:|1682197515\n|move|p2a: Flutter Mane|Shadow Ball|p1b: Dondozo\n|-damage|p1b: Dondozo|17\/100 psn\n|-enditem|p1b: Dondozo|Sitrus Berry|[eat]\n|-heal|p1b: Dondozo|42\/100 psn|[from] item: Sitrus Berry\n|move|p2b: Glimmora|Sludge Bomb|p1b: Dondozo\n|-damage|p1b: Dondozo|13\/100 psn\n|move|p1a: Glimmora|Toxic|p2a: Flutter Mane\n|-status|p2a: Flutter Mane|tox\n|move|p1b: Dondozo|Wave Crash|p2a: Flutter Mane\n|-crit|p2a: Flutter Mane\n|-damage|p2a: Flutter Mane|0 fnt\n|faint|p2a: Flutter Mane\n|-end|p2a: Flutter Mane|Protosynthesis|[silent]\n|-damage|p1b: Dondozo|4\/100 psn|[from] Recoil\n|\n|-damage|p1b: Dondozo|0 fnt|[from] psn\n|faint|p1b: Dondozo\n|upkeep\n|\n|t:|1682197537\n|switch|p2a: Dragonite|Dragonite, L50, F|100\/100\n|switch|p1b: Flutter Mane|Flutter Mane, L50|100\/100\n|-enditem|p1b: Flutter Mane|Booster Energy\n|-activate|p1b: Flutter Mane|ability: Protosynthesis|[fromitem]\n|-start|p1b: Flutter Mane|protosynthesisspe\n|turn|4\n|\n|t:|1682197560\n|-terastallize|p2a: Dragonite|Normal\n|move|p1b: Flutter Mane|Protect|p1b: Flutter Mane\n|-singleturn|p1b: Flutter Mane|Protect\n|move|p1a: Glimmora|Spiky Shield|p1a: Glimmora\n|-singleturn|p1a: Glimmora|move: Protect\n|move|p2a: Dragonite|Outrage|p1b: Flutter Mane\n|-activate|p1b: Flutter Mane|move: Protect\n|move|p2b: Glimmora|Sludge Bomb|p1b: Flutter Mane\n|-activate|p1b: Flutter Mane|move: Protect\n|\n|-sideend|p2: olishejani|move: Tailwind\n|upkeep\n|turn|5\n|\n|t:|1682197592\n|-terastallize|p1b: Flutter Mane|Steel\n|move|p1b: Flutter Mane|Substitute|p1b: Flutter Mane\n|-start|p1b: Flutter Mane|Substitute\n|-damage|p1b: Flutter Mane|76\/100\n|move|p1a: Glimmora|Toxic|p2a: Dragonite\n|-status|p2a: Dragonite|tox\n|move|p2a: Dragonite|Outrage|p1b: Flutter Mane\n|-resisted|p1b: Flutter Mane\n|-end|p1b: Flutter Mane|Substitute\n|move|p2b: Glimmora|Sludge Bomb|p1b: Flutter Mane\n|-immune|p1b: Flutter Mane\n|\n|-damage|p2a: Dragonite|95\/100 tox|[from] psn\n|upkeep\n|turn|6\n|\n|t:|1682197612\n|move|p1b: Flutter Mane|Protect|p1b: Flutter Mane\n|-singleturn|p1b: Flutter Mane|Protect\n|move|p1a: Glimmora|Power Gem|p2a: Dragonite\n|-damage|p2a: Dragonite|51\/100 tox\n|move|p2a: Dragonite|Outrage|p1a: Glimmora|[from]lockedmove\n|-damage|p1a: Glimmora|0 fnt\n|-activate|p1a: Glimmora|ability: Toxic Debris\n|-sidestart|p2: olishejani|move: Toxic Spikes\n|faint|p1a: Glimmora\n|move|p2b: Glimmora|Earth Power|p1b: Flutter Mane\n|-activate|p1b: Flutter Mane|move: Protect\n|\n|-damage|p2a: Dragonite|39\/100 tox|[from] psn\n|upkeep\n|\n|t:|1682197625\n|switch|p1a: Chi-Yu|Chi-Yu, L50|100\/100\n|-ability|p1a: Chi-Yu|Beads of Ruin\n|turn|7\n|\n|t:|1682197638\n|move|p1a: Chi-Yu|Protect|p1a: Chi-Yu\n|-singleturn|p1a: Chi-Yu|Protect\n|move|p1b: Flutter Mane|Moonblast|p2a: Dragonite\n|-crit|p2a: Dragonite\n|-damage|p2a: Dragonite|0 fnt\n|faint|p2a: Dragonite\n|move|p2b: Glimmora|Earth Power|p1a: Chi-Yu\n|-activate|p1a: Chi-Yu|move: Protect\n|\n|upkeep\n|turn|8\n|-message|olishejani forfeited.\n|\n|win|Kiriziozo\n|raw|Kiriziozo's rating: 1157 → 1179<\/strong> (+22 for winning)\n|raw|olishejani's rating: 1109 → 1087<\/strong> (-22 for losing)\n|l|\u2606olishejani\n","uploadtime":1682197650,"views":9,"p1id":"kiriziozo","p2id":"olishejani","formatid":"gen9vgc2023regulationc","rating":1087,"private":0,"password":""}