{"id":"gen9vgc2023regulationc-1862219859","p1":"HiKraunty","p2":"AGSilver935","format":"[Gen 9] VGC 2023 Regulation C","log":"|j|\u2606HiKraunty\n|j|\u2606AGSilver935\n|t:|1683851109\n|gametype|doubles\n|player|p1|HiKraunty|hilda|\n|player|p2|AGSilver935|ghetsis|\n|teamsize|p1|6\n|teamsize|p2|6\n|gen|9\n|tier|[Gen 9] VGC 2023 Regulation C\n|rule|Species Clause: Limit one of each Pok\u00e9mon\n|rule|Item Clause: Limit one of each item\n|clearpoke\n|poke|p1|Flutter Mane, L50|\n|poke|p1|Murkrow, L50, M|\n|poke|p1|Great Tusk, L50|\n|poke|p1|Chi-Yu, L50|\n|poke|p1|Iron Bundle, L50|\n|poke|p1|Amoonguss, L50, F|\n|poke|p2|Baxcalibur, L50, M|\n|poke|p2|Flutter Mane, L50|\n|poke|p2|Chi-Yu, L50|\n|poke|p2|Iron Bundle, L50|\n|poke|p2|Amoonguss, L50, F|\n|poke|p2|Arcanine, L50, F|\n|teampreview|4\nHiKraunty has agreed to open team sheets.\nAGSilver935 has agreed to open team sheets.\n|c|\u2606AGSilver935|g2\n|c|\u2606AGSilver935|Good luck!\n|c|\u2606HiKraunty|glhf\n|\n|t:|1683851647\n|start\n|switch|p1a: Wisdom|Great Tusk, L50|100\/100\n|switch|p1b: Hax|Murkrow, L50, M|100\/100\n|switch|p2a: Arcanine|Arcanine, L50, F|100\/100\n|switch|p2b: Iron Bundle|Iron Bundle, L50|100\/100\n|-ability|p2a: Arcanine|Intimidate|boost\n|-unboost|p1a: Wisdom|atk|1\n|-unboost|p1b: Hax|atk|1\n|-enditem|p2b: Iron Bundle|Booster Energy\n|-activate|p2b: Iron Bundle|ability: Quark Drive|[fromitem]\n|-start|p2b: Iron Bundle|quarkdrivespe\n|turn|1\n|\n|t:|1683851706\n|-terastallize|p1a: Wisdom|Fire\n|move|p2b: Iron Bundle|Protect|p2b: Iron Bundle\n|-singleturn|p2b: Iron Bundle|Protect\n|move|p2a: Arcanine|Extreme Speed|p1b: Hax\n|-damage|p1b: Hax|75\/100\n|move|p1b: Hax|Haze|p1b: Hax\n|-clearallboost\n|move|p1a: Wisdom|Earthquake|p2a: Arcanine|[spread] p2a\n|-activate|p2b: Iron Bundle|move: Protect\n|-immune|p1b: Hax\n|-supereffective|p2a: Arcanine\n|-damage|p2a: Arcanine|16\/100\n|\n|upkeep\n|turn|2\n|\n|t:|1683851744\n|-terastallize|p2b: Iron Bundle|Ghost\n|move|p2a: Arcanine|Extreme Speed|p1b: Hax\n|-damage|p1b: Hax|51\/100\n|move|p1b: Hax|Sunny Day|p1b: Hax\n|-weather|SunnyDay\n|-activate|p1a: Wisdom|ability: Protosynthesis\n|-start|p1a: Wisdom|protosynthesisatk\n|move|p2b: Iron Bundle|Icy Wind|p1b: Hax|[spread] p1a,p1b\n|-resisted|p1a: Wisdom\n|-supereffective|p1b: Hax\n|-damage|p1a: Wisdom|93\/100\n|-damage|p1b: Hax|3\/100\n|-unboost|p1a: Wisdom|spe|1\n|-unboost|p1b: Hax|spe|1\n|move|p1a: Wisdom|Earthquake|p2a: Arcanine|[spread] p2a,p2b\n|-immune|p1b: Hax\n|-supereffective|p2a: Arcanine\n|-damage|p2a: Arcanine|0 fnt\n|-damage|p2b: Iron Bundle|41\/100\n|faint|p2a: Arcanine\n|\n|-weather|SunnyDay|[upkeep]\n|upkeep\n|\n|t:|1683851769\n|switch|p2a: Chi-Yu|Chi-Yu, L50|100\/100\n|-ability|p2a: Chi-Yu|Beads of Ruin\n|turn|3\n|\n|t:|1683851785\n|move|p1b: Hax|Tailwind|p1b: Hax\n|-sidestart|p1: HiKraunty|move: Tailwind\n|move|p2b: Iron Bundle|Icy Wind|p1a: Wisdom|[spread] p1a,p1b\n|-resisted|p1a: Wisdom\n|-supereffective|p1b: Hax\n|-crit|p1b: Hax\n|-damage|p1a: Wisdom|80\/100\n|-damage|p1b: Hax|0 fnt\n|-unboost|p1a: Wisdom|spe|1\n|faint|p1b: Hax\n|move|p2a: Chi-Yu|Dark Pulse|p1a: Wisdom\n|-damage|p1a: Wisdom|25\/100\n|cant|p1a: Wisdom|flinch\n|\n|-weather|SunnyDay|[upkeep]\n|upkeep\n|\n|t:|1683851808\n|switch|p1b: Overcooked|Chi-Yu, L50|100\/100\n|-ability|p1b: Overcooked|Beads of Ruin\n|turn|4\n|\n|t:|1683851848\n|move|p1b: Overcooked|Heat Wave|p2a: Chi-Yu|[spread] p2a,p2b\n|-resisted|p2a: Chi-Yu\n|-damage|p2a: Chi-Yu|62\/100\n|-damage|p2b: Iron Bundle|0 fnt\n|faint|p2b: Iron Bundle\n|-end|p2b: Iron Bundle|Quark Drive|[silent]\n|move|p2a: Chi-Yu|Dark Pulse|p1a: Wisdom\n|-damage|p1a: Wisdom|0 fnt\n|faint|p1a: Wisdom\n|-end|p1a: Wisdom|Protosynthesis|[silent]\n|\n|-weather|SunnyDay|[upkeep]\n|upkeep\n|\n|t:|1683851860\n|switch|p2b: Flutter Mane|Flutter Mane, L50|100\/100\n|switch|p1a: Iceki|Iron Bundle, L50|100\/100\n|-activate|p2b: Flutter Mane|ability: Protosynthesis\n|-start|p2b: Flutter Mane|protosynthesisspe\n|-enditem|p1a: Iceki|Booster Energy\n|-activate|p1a: Iceki|ability: Quark Drive|[fromitem]\n|-start|p1a: Iceki|quarkdrivespe\n|turn|5\n|\n|t:|1683851877\n|move|p1a: Iceki|Protect|p1a: Iceki\n|-singleturn|p1a: Iceki|Protect\n|move|p1b: Overcooked|Heat Wave|p2b: Flutter Mane|[spread] p2a,p2b\n|-resisted|p2a: Chi-Yu\n|-damage|p2a: Chi-Yu|26\/100\n|-damage|p2b: Flutter Mane|8\/100\n|-status|p2b: Flutter Mane|brn\n|move|p2b: Flutter Mane|Dazzling Gleam|p1b: Overcooked|[spread] p1b\n|-activate|p1a: Iceki|move: Protect\n|-damage|p1b: Overcooked|61\/100\n|-damage|p2b: Flutter Mane|0 fnt|[from] item: Life Orb\n|faint|p2b: Flutter Mane\n|-end|p2b: Flutter Mane|Protosynthesis|[silent]\n|move|p2a: Chi-Yu|Heat Wave|p1b: Overcooked|[spread] p1b\n|-activate|p1a: Iceki|move: Protect\n|-resisted|p1b: Overcooked\n|-damage|p1b: Overcooked|35\/100\n|\n|-weather|SunnyDay|[upkeep]\n|upkeep\n|turn|6\n|\n|t:|1683851895\n|move|p1a: Iceki|Freeze-Dry|p2a: Chi-Yu\n|-resisted|p2a: Chi-Yu\n|-damage|p2a: Chi-Yu|7\/100\n|move|p1b: Overcooked|Dark Pulse|p2a: Chi-Yu\n|-resisted|p2a: Chi-Yu\n|-damage|p2a: Chi-Yu|0 fnt\n|faint|p2a: Chi-Yu\n|\n|win|HiKraunty\n|c|\u2606AGSilver935|gg\n|c|\u2606HiKraunty|gg\n|j| Elphaba Thropp\n","uploadtime":1683851902,"views":8,"p1id":"hikraunty","p2id":"agsilver935","formatid":"gen9vgc2023regulationc","rating":0,"private":0,"password":""}