{"id":"gen9vgc2023regulationc-1845026660","p1":"Gabofour","p2":"1Grazel","format":"[Gen 9] VGC 2023 Regulation C","log":"|j|\u2606Gabofour\n|j|\u26061Grazel\n|t:|1681675447\n|gametype|doubles\n|player|p1|Gabofour|jogger|1174\n|player|p2|1Grazel|juggler|1106\n|teamsize|p1|6\n|teamsize|p2|6\n|gen|9\n|tier|[Gen 9] VGC 2023 Regulation C\n|rated|\n|rule|Species Clause: Limit one of each Pok\u00e9mon\n|rule|Item Clause: Limit one of each item\n|clearpoke\n|poke|p1|Amoonguss, L50, M|\n|poke|p1|Flutter Mane, L50|\n|poke|p1|Arcanine, L50, M|\n|poke|p1|Palafin, L50, F|\n|poke|p1|Ting-Lu, L50|\n|poke|p1|Baxcalibur, L50, M|\n|poke|p2|Palafin, L50, F|\n|poke|p2|Chien-Pao, L50|\n|poke|p2|Dragapult, L50, M|\n|poke|p2|Amoonguss, L50, F|\n|poke|p2|Arcanine, L50, M|\n|poke|p2|Flutter Mane, L50|\n|teampreview|4\n|inactive|Battle timer is ON: inactive players will automatically lose when time's up. (requested by Gabofour)\n|inactive|Gabofour has 60 seconds left.\n|inactive|1Grazel has 60 seconds left.\n|inactive|1Grazel has 30 seconds left.\n|inactive|1Grazel has 20 seconds left.\n|\n|t:|1681675520\n|start\n|switch|p1a: Baxcalibur|Baxcalibur, L50, M|100\/100\n|switch|p1b: Palafin|Palafin, L50, F|100\/100\n|switch|p2a: Dnite|Dragapult, L50, M|100\/100\n|switch|p2b: Dozo|Palafin, L50, F|100\/100\n|turn|1\n|\n|t:|1681675543\n|switch|p2a: WoChien|Amoonguss, L50, F|100\/100\n|detailschange|p2b: Dozo|Palafin-Hero, L50, F\n|switch|p2b: ChiYu|Arcanine, L50, M|100\/100\n|-ability|p2b: ChiYu|Intimidate|boost\n|-fail|p1a: Baxcalibur|unboost|[from] item: Clear Amulet|[of] p1a: Baxcalibur\n|-unboost|p1b: Palafin|atk|1\n|detailschange|p1b: Palafin|Palafin-Hero, L50, F\n|switch|p1b: Arcanine|Arcanine, L50, M|100\/100\n|-ability|p1b: Arcanine|Intimidate|boost\n|-unboost|p2a: WoChien|atk|1\n|-unboost|p2b: ChiYu|atk|1\n|move|p1a: Baxcalibur|Ice Shard|p2a: WoChien\n|-supereffective|p2a: WoChien\n|-damage|p2a: WoChien|57\/100\n|\n|upkeep\n|turn|2\n|inactive|Gabofour has 30 seconds left.\n|inactive|1Grazel has 30 seconds left.\n|inactive|Gabofour has 20 seconds left.\n|inactive|Gabofour has 15 seconds left.\n|\n|t:|1681675584\n|switch|p2b: Dozo|Palafin-Hero, L50, F|100\/100\n|-activate|p2b: Dozo|ability: Zero to Hero\n|move|p2a: WoChien|Protect|p2a: WoChien\n|-singleturn|p2a: WoChien|Protect\n|move|p1b: Arcanine|Extreme Speed|p2a: WoChien\n|-activate|p2a: WoChien|move: Protect\n|move|p1a: Baxcalibur|Ice Shard|p2a: WoChien\n|-activate|p2a: WoChien|move: Protect\n|\n|upkeep\n|turn|3\n|inactive|1Grazel has 30 seconds left.\n|\n|t:|1681675612\n|switch|p2a: ChiYu|Arcanine, L50, M|100\/100\n|-ability|p2a: ChiYu|Intimidate|boost\n|-fail|p1a: Baxcalibur|unboost|[from] item: Clear Amulet|[of] p1a: Baxcalibur\n|-unboost|p1b: Arcanine|atk|1\n|-terastallize|p1b: Arcanine|Grass\n|move|p1a: Baxcalibur|Ice Shard|p2a: ChiYu\n|-resisted|p2a: ChiYu\n|-damage|p2a: ChiYu|87\/100\n|move|p1b: Arcanine|Will-O-Wisp|p2b: Dozo\n|-status|p2b: Dozo|brn\n|move|p2b: Dozo|Wave Crash|p1b: Arcanine\n|-resisted|p1b: Arcanine\n|-damage|p1b: Arcanine|75\/100\n|-damage|p2b: Dozo|92\/100 brn|[from] Recoil\n|\n|-damage|p2b: Dozo|86\/100 brn|[from] brn\n|upkeep\n|turn|4\n|inactive|Gabofour has 30 seconds left.\n|inactive|1Grazel has 30 seconds left.\n|inactive|Gabofour has 20 seconds left.\n|\n|t:|1681675648\n|switch|p2a: WoChien|Amoonguss, L50, F|90\/100\n|switch|p1b: Palafin|Palafin-Hero, L50, F|100\/100\n|-activate|p1b: Palafin|ability: Zero to Hero\n|switch|p2b: Dnite|Dragapult, L50, M|100\/100\n|move|p1a: Baxcalibur|Glaive Rush|p2a: WoChien\n|-damage|p2a: WoChien|26\/100\n|-singlemove|p1a: Baxcalibur|Glaive Rush|[silent]\n|-enditem|p2a: WoChien|Sitrus Berry|[eat]\n|-heal|p2a: WoChien|51\/100|[from] item: Sitrus Berry\n|\n|upkeep\n|turn|5\n|inactive|Gabofour has 30 seconds left.\n|inactive|1Grazel has 30 seconds left.\n|\n|t:|1681675680\n|move|p1a: Baxcalibur|Protect|p1a: Baxcalibur\n|-singleturn|p1a: Baxcalibur|Protect\n|move|p2a: WoChien|Rage Powder|p2a: WoChien\n|-singleturn|p2a: WoChien|move: Rage Powder\n|move|p1b: Palafin|Jet Punch|p2a: WoChien\n|-resisted|p2a: WoChien\n|-damage|p2a: WoChien|30\/100\n|move|p2b: Dnite|Dragon Darts|p1b: Palafin\n|-damage|p1b: Palafin|68\/100\n|-anim|p2b: Dnite|Dragon Darts|p1b: Palafin\n|-damage|p1b: Palafin|36\/100\n|\n|upkeep\n|turn|6\n|inactive|Gabofour has 30 seconds left.\n|inactive|1Grazel has 30 seconds left.\n|\n|t:|1681675715\n|switch|p1a: Arcanine|Arcanine, L50, M, tera:Grass|75\/100\n|-ability|p1a: Arcanine|Intimidate|boost\n|-unboost|p2a: WoChien|atk|1\n|-fail|p2b: Dnite|unboost|[from] ability: Clear Body|[of] p2b: Dnite\n|move|p2a: WoChien|Protect|p2a: WoChien\n|-singleturn|p2a: WoChien|Protect\n|move|p1b: Palafin|Jet Punch|p2a: WoChien\n|-activate|p2a: WoChien|move: Protect\n|move|p2b: Dnite|Dragon Darts|p1a: Arcanine\n|-damage|p1a: Arcanine|34\/100\n|-anim|p2b: Dnite|Dragon Darts|p1b: Palafin\n|-damage|p1b: Palafin|3\/100\n|\n|upkeep\n|turn|7\n|inactive|Gabofour has 30 seconds left.\n|inactive|1Grazel has 30 seconds left.\n|inactive|Gabofour has 20 seconds left.\n|inactive|1Grazel has 20 seconds left.\n|\n|t:|1681675752\n|switch|p2a: ChiYu|Arcanine, L50, M|87\/100\n|-ability|p2a: ChiYu|Intimidate|boost\n|-unboost|p1a: Arcanine|atk|1\n|-unboost|p1b: Palafin|atk|1\n|move|p1a: Arcanine|Extreme Speed|p2a: ChiYu\n|-damage|p2a: ChiYu|67\/100\n|move|p1b: Palafin|Jet Punch|p2a: ChiYu\n|-supereffective|p2a: ChiYu\n|-damage|p2a: ChiYu|0 fnt\n|faint|p2a: ChiYu\n|move|p2b: Dnite|Dragon Darts|p1a: Arcanine\n|-damage|p1a: Arcanine|0 fnt\n|-anim|p2b: Dnite|Dragon Darts|p1b: Palafin\n|-damage|p1b: Palafin|0 fnt\n|faint|p1a: Arcanine\n|faint|p1b: Palafin\n|\n|upkeep\n|\n|t:|1681675771\n|switch|p2a: WoChien|Amoonguss, L50, F|64\/100\n|switch|p1a: Baxcalibur|Baxcalibur, L50, M|100\/100\n|switch|p1b: Flutter Mane|Flutter Mane, L50|100\/100\n|turn|8\n|inactive|1Grazel has 30 seconds left.\n|inactive|1Grazel has 20 seconds left.\n|inactive|1Grazel has 15 seconds left.\n|inactive|1Grazel has 10 seconds left.\n|\n|t:|1681675817\n|switch|p2b: Dozo|Palafin-Hero, L50, F|86\/100 brn\n|move|p2a: WoChien|Protect|p2a: WoChien\n|-singleturn|p2a: WoChien|Protect\n|move|p1a: Baxcalibur|Ice Shard|p2a: WoChien\n|-activate|p2a: WoChien|move: Protect\n|move|p1b: Flutter Mane|Dazzling Gleam|p2b: Dozo|[spread] p2b\n|-activate|p2a: WoChien|move: Protect\n|-damage|p2b: Dozo|43\/100 brn\n|\n|-damage|p2b: Dozo|37\/100 brn|[from] brn\n|upkeep\n|turn|9\n|inactive|1Grazel has 30 seconds left.\n|inactive|1Grazel has 20 seconds left.\n|inactive|1Grazel has 15 seconds left.\n|\n|t:|1681675862\n|-terastallize|p2a: WoChien|Water\n|move|p2b: Dozo|Jet Punch|p1b: Flutter Mane\n|-damage|p1b: Flutter Mane|45\/100\n|move|p1a: Baxcalibur|Ice Shard|p2a: WoChien\n|-resisted|p2a: WoChien\n|-damage|p2a: WoChien|53\/100\n|move|p1b: Flutter Mane|Dazzling Gleam|p2b: Dozo|[spread] p2a,p2b\n|-damage|p2a: WoChien|17\/100\n|-damage|p2b: Dozo|0 fnt\n|faint|p2b: Dozo\n|move|p2a: WoChien|Spore|p1a: Baxcalibur\n|-status|p1a: Baxcalibur|slp|[from] move: Spore\n|\n|upkeep\n|\n|t:|1681675874\n|switch|p2b: Dnite|Dragapult, L50, M|100\/100\n|turn|10\n|\n|t:|1681675882\n|cant|p1a: Baxcalibur|slp\n|move|p2a: WoChien|Protect|p2a: WoChien\n|-singleturn|p2a: WoChien|Protect\n|move|p2b: Dnite|Phantom Force||[still]\n|-prepare|p2b: Dnite|Phantom Force\n|move|p1b: Flutter Mane|Dazzling Gleam|p2b: Dnite|[spread] \n|-miss|p1b: Flutter Mane|p2b: Dnite\n|-activate|p2a: WoChien|move: Protect\n|\n|upkeep\n|turn|11\n|inactive|1Grazel has 30 seconds left.\n|\n|t:|1681675907\n|cant|p1a: Baxcalibur|slp\n|move|p2a: WoChien|Rage Powder|p2a: WoChien\n|-singleturn|p2a: WoChien|move: Rage Powder\n|move|p2b: Dnite|Phantom Force|p1b: Flutter Mane|[from]lockedmove\n|-supereffective|p1b: Flutter Mane\n|-damage|p1b: Flutter Mane|0 fnt\n|faint|p1b: Flutter Mane\n|-end|p1b: Flutter Mane|Protosynthesis|[silent]\n|\n|upkeep\n|turn|12\n|\n|t:|1681675928\n|move|p2a: WoChien|Rage Powder|p2a: WoChien\n|-singleturn|p2a: WoChien|move: Rage Powder\n|cant|p1a: Baxcalibur|slp\n|move|p2b: Dnite|Phantom Force||[still]\n|-prepare|p2b: Dnite|Phantom Force\n|\n|upkeep\n|turn|13\n|\n|t:|1681675941\n|move|p2a: WoChien|Rage Powder|p2a: WoChien\n|-singleturn|p2a: WoChien|move: Rage Powder\n|move|p2b: Dnite|Phantom Force|p1a: Baxcalibur|[from]lockedmove\n|-damage|p1a: Baxcalibur|42\/100 slp\n|-curestatus|p1a: Baxcalibur|slp|[msg]\n|move|p1a: Baxcalibur|Icicle Crash|p2a: WoChien\n|-resisted|p2a: WoChien\n|-damage|p2a: WoChien|0 fnt\n|faint|p2a: WoChien\n|\n|upkeep\n|turn|14\n|\n|t:|1681675952\n|move|p1a: Baxcalibur|Ice Shard|p2b: Dnite\n|-supereffective|p2b: Dnite\n|-damage|p2b: Dnite|40\/100\n|move|p2b: Dnite|Phantom Force||[still]\n|-prepare|p2b: Dnite|Phantom Force\n|\n|upkeep\n|turn|15\n|\n|t:|1681675963\n|move|p2b: Dnite|Phantom Force|p1a: Baxcalibur|[from]lockedmove\n|-damage|p1a: Baxcalibur|0 fnt\n|faint|p1a: Baxcalibur\n|\n|win|1Grazel\n|raw|Gabofour's rating: 1174 → 1144<\/strong> (-30 for losing)\n|raw|1Grazel's rating: 1106 → 1136<\/strong> (+30 for winning)\n|c|\u26061Grazel|gg\n|c|\u2606Gabofour|gg\n|l|\u2606Gabofour\n","uploadtime":1681675980,"views":5,"p1id":"gabofour","p2id":"1grazel","formatid":"gen9vgc2023regulationc","rating":1136,"private":0,"password":""}