{"id":"gen9vgc2023regulationc-1859278686","p1":"Mr. Reese","p2":"valhala alfa","format":"[Gen 9] VGC 2023 Regulation C","log":"|j|\u2606Mr. Reese\n|j|\u2606valhala alfa\n|t:|1683427739\n|gametype|doubles\n|player|p1|Mr. Reese|roxie|1310\n|player|p2|valhala alfa|2|1340\n|teamsize|p1|6\n|teamsize|p2|6\n|gen|9\n|tier|[Gen 9] VGC 2023 Regulation C\n|rated|\n|rule|Species Clause: Limit one of each Pok\u00e9mon\n|rule|Item Clause: Limit one of each item\n|clearpoke\n|poke|p1|Flutter Mane, L50|\n|poke|p1|Chi-Yu, L50|\n|poke|p1|Gallade, L50, M|\n|poke|p1|Magnezone, L50|\n|poke|p1|Iron Bundle, L50|\n|poke|p1|Murkrow, L50, F|\n|poke|p2|Tyranitar, L50, M|\n|poke|p2|Azumarill, L50, M|\n|poke|p2|Amoonguss, L50, F|\n|poke|p2|Lycanroc, L50, M|\n|poke|p2|Salamence, L50, F|\n|poke|p2|Flutter Mane, L50|\n|teampreview|4\n|inactive|Battle timer is ON: inactive players will automatically lose when time's up. (requested by valhala alfa)\nvalhala alfa rejected open team sheets.\n|inactive|Mr. Reese has 60 seconds left.\n|inactive|valhala alfa has 60 seconds left.\n|\n|t:|1683427801\n|start\n|switch|p1a: Murkrow|Murkrow, L50, F|100\/100\n|switch|p1b: Occam|Gallade, L50, M, shiny|100\/100\n|switch|p2a: Tyranitar|Tyranitar, L50, M|100\/100\n|switch|p2b: Lycanroc|Lycanroc, L50, M|100\/100\n|-weather|Sandstorm|[from] ability: Sand Stream|[of] p2a: Tyranitar\n|turn|1\n|inactive|Mr. Reese has 30 seconds left.\n|inactive|valhala alfa has 30 seconds left.\n|inactive|valhala alfa has 20 seconds left.\n|inactive|valhala alfa has 15 seconds left.\n|\n|t:|1683427841\n|-terastallize|p2a: Tyranitar|Flying\n|move|p1a: Murkrow|Thunder Wave|p2b: Lycanroc\n|-status|p2b: Lycanroc|par\n|move|p2b: Lycanroc|Rock Slide|p1b: Occam|[spread] p1a,p1b\n|-supereffective|p1a: Murkrow\n|-resisted|p1b: Occam\n|-damage|p1a: Murkrow|25\/100\n|-damage|p1b: Occam|74\/100\n|move|p1b: Occam|Sacred Sword|p2b: Lycanroc\n|-supereffective|p2b: Lycanroc\n|-crit|p2b: Lycanroc\n|-enditem|p2b: Lycanroc|Focus Sash\n|-damage|p2b: Lycanroc|1\/100 par\n|move|p2a: Tyranitar|Rock Slide|p1a: Murkrow|[spread] p1a,p1b\n|-supereffective|p1a: Murkrow\n|-resisted|p1b: Occam\n|-damage|p1a: Murkrow|0 fnt\n|-damage|p1b: Occam|46\/100\n|faint|p1a: Murkrow\n|\n|-weather|Sandstorm|[upkeep]\n|-damage|p1b: Occam|40\/100|[from] Sandstorm\n|-damage|p2a: Tyranitar|95\/100|[from] Sandstorm\n|upkeep\n|\n|t:|1683427855\n|switch|p1a: Big Gucci|Iron Bundle, L50, shiny|100\/100\n|turn|2\n|\n|t:|1683427867\n|move|p1a: Big Gucci|Icy Wind|p2b: Lycanroc|[spread] p2a,p2b\n|-supereffective|p2a: Tyranitar\n|-damage|p2a: Tyranitar|61\/100\n|-damage|p2b: Lycanroc|0 fnt\n|-unboost|p2a: Tyranitar|spe|1\n|faint|p2b: Lycanroc\n|-damage|p1a: Big Gucci|91\/100|[from] item: Life Orb\n|move|p1b: Occam|Psycho Cut|p2a: Tyranitar\n|-crit|p2a: Tyranitar\n|-damage|p2a: Tyranitar|0 fnt\n|faint|p2a: Tyranitar\n|\n|-weather|Sandstorm|[upkeep]\n|-damage|p1a: Big Gucci|84\/100|[from] Sandstorm\n|-damage|p1b: Occam|35\/100|[from] Sandstorm\n|upkeep\n|c|\u2606valhala alfa|A critical hit! :0\n|\n|t:|1683427883\n|switch|p2b: Flutter Mane|Flutter Mane, L50|100\/100\n|switch|p2a: Salamence|Salamence, L50, F|100\/100\n|-ability|p2a: Salamence|Intimidate|boost\n|-unboost|p1a: Big Gucci|atk|1\n|-unboost|p1b: Occam|atk|1\n|turn|3\n|c|\u2606valhala alfa|nice play\n|c|\u2606Mr. Reese|Scope lens + high crit moves\n|inactive|Mr. Reese has 30 seconds left.\n|c|\u2606Mr. Reese|makes it like a 50% chance\n|c|\u2606valhala alfa|= 50%\n|c|\u2606Mr. Reese|yuh\n|c|\u2606valhala alfa|nice play 50%\n|inactive|Mr. Reese has 20 seconds left.\n|inactive|Mr. Reese has 15 seconds left.\n|\n|t:|1683427926\n|move|p2a: Salamence|Protect|p2a: Salamence\n|-singleturn|p2a: Salamence|Protect\n|move|p1a: Big Gucci|Icy Wind|p2b: Flutter Mane|[spread] p2b\n|-activate|p2a: Salamence|move: Protect\n|-damage|p2b: Flutter Mane|78\/100\n|-unboost|p2b: Flutter Mane|spe|1\n|-damage|p1a: Big Gucci|75\/100|[from] item: Life Orb\n|move|p1b: Occam|Psycho Cut|p2a: Salamence\n|-activate|p2a: Salamence|move: Protect\n|move|p2b: Flutter Mane|Energy Ball|p1a: Big Gucci\n|-supereffective|p1a: Big Gucci\n|-damage|p1a: Big Gucci|0 fnt\n|faint|p1a: Big Gucci\n|-end|p1a: Big Gucci|Quark Drive|[silent]\n|\n|-weather|Sandstorm|[upkeep]\n|-damage|p2a: Salamence|95\/100|[from] Sandstorm\n|-damage|p1b: Occam|29\/100|[from] Sandstorm\n|-damage|p2b: Flutter Mane|72\/100|[from] Sandstorm\n|upkeep\n|\n|t:|1683427937\n|switch|p1a: Alexi|Magnezone, L50|100\/100\n|turn|4\n|inactive|valhala alfa has 30 seconds left.\n|inactive|valhala alfa has 20 seconds left.\n|inactive|valhala alfa has 15 seconds left.\n|\n|t:|1683427977\n|move|p1b: Occam|Protect|p1b: Occam\n|-singleturn|p1b: Occam|Protect\n|move|p2a: Salamence|Flamethrower|p1a: Alexi\n|-supereffective|p1a: Alexi\n|-damage|p1a: Alexi|58\/100\n|move|p2b: Flutter Mane|Energy Ball|p1b: Occam\n|-activate|p1b: Occam|move: Protect\n|move|p1a: Alexi|Flash Cannon|p2b: Flutter Mane\n|-supereffective|p2b: Flutter Mane\n|-damage|p2b: Flutter Mane|0 fnt\n|faint|p2b: Flutter Mane\n|-end|p2b: Flutter Mane|Protosynthesis|[silent]\n|\n|-weather|Sandstorm|[upkeep]\n|-damage|p2a: Salamence|89\/100|[from] Sandstorm\n|-damage|p1b: Occam|24\/100|[from] Sandstorm\n|upkeep\n|turn|5\n|\n|t:|1683427997\n|move|p2a: Salamence|Flamethrower|p1b: Occam\n|-damage|p1b: Occam|0 fnt\n|faint|p1b: Occam\n|move|p1a: Alexi|Thunderbolt|p2a: Salamence\n|-damage|p2a: Salamence|0 fnt\n|faint|p2a: Salamence\n|\n|win|Mr. Reese\n|raw|Mr. Reese's rating: 1310 → 1332<\/strong> (+22 for winning)\n|raw|valhala alfa's rating: 1340 → 1318<\/strong> (-22 for losing)\n|c|\u2606Mr. Reese|gg\n","uploadtime":1683428011,"views":16,"p1id":"mrreese","p2id":"valhalaalfa","formatid":"gen9vgc2023regulationc","rating":1318,"private":0,"password":""}