{"id":"gen9vgc2023regulationc-1853153619","p1":"mugiwaraLux","p2":"haburasigosi","format":"[Gen 9] VGC 2023 Regulation C","log":"|j|\u2606mugiwaraLux\n|j|\u2606haburasigosi\n|t:|1682641718\n|gametype|doubles\n|player|p1|mugiwaraLux|1|1374\n|player|p2|haburasigosi|169|1443\n|teamsize|p1|6\n|teamsize|p2|6\n|gen|9\n|tier|[Gen 9] VGC 2023 Regulation C\n|rated|\n|rule|Species Clause: Limit one of each Pok\u00e9mon\n|rule|Item Clause: Limit one of each item\n|clearpoke\n|poke|p1|Palafin, L50, F|\n|poke|p1|Amoonguss, L50, M|\n|poke|p1|Flutter Mane, L50|\n|poke|p1|Arcanine, L50, F|\n|poke|p1|Chien-Pao, L50|\n|poke|p1|Roaring Moon, L50|\n|poke|p2|Amoonguss, L50, M|\n|poke|p2|Gholdengo, L50|\n|poke|p2|Chi-Yu, L50|\n|poke|p2|Flutter Mane, L50|\n|poke|p2|Grimmsnarl, L50, M|\n|poke|p2|Palafin, L50, M|\n|teampreview|4\n|inactive|Battle timer is ON: inactive players will automatically lose when time's up. (requested by mugiwaraLux)\n|inactive|mugiwaraLux has 60 seconds left.\nmugiwaraLux has agreed to open team sheets.\n|\n|t:|1682641770\n|start\n|switch|p1a: Palafin|Palafin, L50, F|100\/100\n|switch|p1b: Roaring Moon|Roaring Moon, L50|100\/100\n|switch|p2a: Grimmsnarl|Grimmsnarl, L50, M|100\/100\n|switch|p2b: Gholdengo|Gholdengo, L50|100\/100\n|-enditem|p1b: Roaring Moon|Booster Energy\n|-activate|p1b: Roaring Moon|ability: Protosynthesis|[fromitem]\n|-start|p1b: Roaring Moon|protosynthesisatk\n|turn|1\n|\n|t:|1682641785\n|-terastallize|p1b: Roaring Moon|Flying\n|-terastallize|p2b: Gholdengo|Water\n|move|p2a: Grimmsnarl|Reflect|p2a: Grimmsnarl\n|-sidestart|p2: haburasigosi|Reflect\n|move|p1b: Roaring Moon|Dragon Dance|p1b: Roaring Moon\n|-boost|p1b: Roaring Moon|atk|1\n|-boost|p1b: Roaring Moon|spe|1\n|move|p1a: Palafin|Wave Crash|p2b: Gholdengo\n|-resisted|p2b: Gholdengo\n|-damage|p2b: Gholdengo|85\/100\n|-damage|p1a: Palafin|95\/100|[from] Recoil\n|move|p2b: Gholdengo|Nasty Plot|p2b: Gholdengo\n|-boost|p2b: Gholdengo|spa|2\n|\n|-heal|p2b: Gholdengo|91\/100|[from] item: Leftovers\n|upkeep\n|turn|2\n|inactive|haburasigosi has 30 seconds left.\n|\n|t:|1682641814\n|move|p2a: Grimmsnarl|Parting Shot|p1b: Roaring Moon\n|-unboost|p1b: Roaring Moon|atk|1\n|-unboost|p1b: Roaring Moon|spa|1\n|\n|t:|1682641820\n|switch|p2a: Palafin|Palafin, L50, M|100\/100|[from] Parting Shot\n|move|p1b: Roaring Moon|Acrobatics|p2a: Palafin\n|-damage|p2a: Palafin|37\/100\n|move|p1a: Palafin|Haze|p1a: Palafin\n|-clearallboost\n|move|p2b: Gholdengo|Make It Rain|p1b: Roaring Moon|[spread] p1a,p1b\n|-resisted|p1a: Palafin\n|-damage|p1a: Palafin|69\/100\n|-damage|p1b: Roaring Moon|66\/100\n|-unboost|p2b: Gholdengo|spa|1\n|\n|-heal|p2b: Gholdengo|97\/100|[from] item: Leftovers\n|upkeep\n|turn|3\n|\n|t:|1682641844\n|detailschange|p1a: Palafin|Palafin-Hero, L50, F\n|switch|p1a: Mimi|Flutter Mane, L50|100\/100\n|detailschange|p2a: Palafin|Palafin-Hero, L50, M\n|switch|p2a: Grimmsnarl|Grimmsnarl, L50, M|100\/100\n|move|p1b: Roaring Moon|Dragon Dance|p1b: Roaring Moon\n|-boost|p1b: Roaring Moon|atk|1\n|-boost|p1b: Roaring Moon|spe|1\n|move|p2b: Gholdengo|Make It Rain|p1b: Roaring Moon|[spread] p1a,p1b\n|-supereffective|p1a: Mimi\n|-damage|p1a: Mimi|53\/100\n|-damage|p1b: Roaring Moon|43\/100\n|-unboost|p2b: Gholdengo|spa|1\n|\n|-heal|p2b: Gholdengo|100\/100|[from] item: Leftovers\n|upkeep\n|turn|4\n|inactive|haburasigosi has 30 seconds left.\n|inactive|haburasigosi has 20 seconds left.\n|\n|t:|1682641879\n|switch|p2b: Amoonguss|Amoonguss, L50, M|100\/100\n|move|p1b: Roaring Moon|Acrobatics|p2b: Amoonguss\n|-supereffective|p2b: Amoonguss\n|-damage|p2b: Amoonguss|0 fnt\n|faint|p2b: Amoonguss\n|move|p1a: Mimi|Moonblast|p2a: Grimmsnarl\n|-supereffective|p2a: Grimmsnarl\n|-damage|p2a: Grimmsnarl|0 fnt\n|faint|p2a: Grimmsnarl\n|\n|upkeep\n|\n|t:|1682641891\n|switch|p2a: Palafin|Palafin-Hero, L50, M|37\/100\n|switch|p2b: Gholdengo|Gholdengo, L50, tera:Water|100\/100\n|-activate|p2a: Palafin|ability: Zero to Hero\n|turn|5\n|inactive|mugiwaraLux has 30 seconds left.\n|inactive|mugiwaraLux has 20 seconds left.\n|inactive|mugiwaraLux has 15 seconds left.\n|\n|t:|1682641932\n|move|p2a: Palafin|Jet Punch|p1a: Mimi\n|-damage|p1a: Mimi|0 fnt\n|faint|p1a: Mimi\n|-end|p1a: Mimi|Protosynthesis|[silent]\n|move|p1b: Roaring Moon|Acrobatics|p2a: Palafin\n|-damage|p2a: Palafin|0 fnt\n|faint|p2a: Palafin\n|move|p2b: Gholdengo|Nasty Plot|p2b: Gholdengo\n|-boost|p2b: Gholdengo|spa|2\n|\n|upkeep\n|\n|t:|1682641936\n|switch|p1a: Palafin|Palafin-Hero, L50, F|69\/100\n|-activate|p1a: Palafin|ability: Zero to Hero\n|turn|6\n|\n|t:|1682641946\n|move|p1b: Roaring Moon|Acrobatics|p2b: Gholdengo\n|-damage|p2b: Gholdengo|31\/100\n|move|p1a: Palafin|Haze|p1a: Palafin\n|-clearallboost\n|move|p2b: Gholdengo|Make It Rain|p1b: Roaring Moon|[spread] p1a,p1b\n|-resisted|p1a: Palafin\n|-damage|p1a: Palafin|50\/100\n|-damage|p1b: Roaring Moon|6\/100\n|-unboost|p2b: Gholdengo|spa|1\n|\n|-heal|p2b: Gholdengo|37\/100|[from] item: Leftovers\n|upkeep\n|turn|7\n|c|\u2606mugiwaraLux|gg\n|\n|t:|1682641961\n|move|p1b: Roaring Moon|Acrobatics|p2b: Gholdengo\n|-damage|p2b: Gholdengo|0 fnt\n|faint|p2b: Gholdengo\n|\n|win|mugiwaraLux\n|raw|mugiwaraLux's rating: 1374 → 1398<\/strong> (+24 for winning)\n|raw|haburasigosi's rating: 1443 → 1419<\/strong> (-24 for losing)\n|l|\u2606haburasigosi\n","uploadtime":1682641988,"views":8,"p1id":"mugiwaralux","p2id":"haburasigosi","formatid":"gen9vgc2023regulationc","rating":1398,"private":0,"password":""}