{"id":"gen9vgc2023regulationc-1846328045","p1":"ZerotheFox","p2":"JaviWhatHappens","format":"[Gen 9] VGC 2023 Regulation C","log":"|j|\u2606ZerotheFox\n|j|\u2606JaviWhatHappens\n|t:|1681832010\n|gametype|doubles\n|player|p1|ZerotheFox|265|1045\n|player|p2|JaviWhatHappens|cynthia-gen4|1000\n|teamsize|p1|6\n|teamsize|p2|6\n|gen|9\n|tier|[Gen 9] VGC 2023 Regulation C\n|rated|\n|rule|Species Clause: Limit one of each Pok\u00e9mon\n|rule|Item Clause: Limit one of each item\n|clearpoke\n|poke|p1|Salandit, L50, M|\n|poke|p1|Flutter Mane, L50|\n|poke|p1|Indeedee-F, L50, F|\n|poke|p1|Armarouge, L50, M|\n|poke|p1|Hatterene, L50, F|\n|poke|p1|Chi-Yu, L50|\n|poke|p2|Gothitelle, L50, M|\n|poke|p2|Arcanine, L50, F|\n|poke|p2|Ting-Lu, L50|\n|poke|p2|Flutter Mane, L50|\n|poke|p2|Azumarill, L50, F|\n|poke|p2|Amoonguss, L50, M|\n|teampreview|4\n|inactive|Battle timer is ON: inactive players will automatically lose when time's up. (requested by ZerotheFox)\n|inactive|ZerotheFox has 60 seconds left.\n|inactive|JaviWhatHappens has 60 seconds left.\n|\n|t:|1681832050\n|start\n|switch|p1a: Indeedee|Indeedee-F, L50, F|100\/100\n|switch|p1b: Flutter Mane|Flutter Mane, L50|100\/100\n|switch|p2a: Ting-Lu|Ting-Lu, L50|100\/100\n|switch|p2b: Azumarill|Azumarill, L50, F|100\/100\n|-fieldstart|move: Psychic Terrain|[from] ability: Psychic Surge|[of] p1a: Indeedee\n|-ability|p2a: Ting-Lu|Vessel of Ruin\n|-enditem|p1b: Flutter Mane|Booster Energy\n|-activate|p1b: Flutter Mane|ability: Protosynthesis|[fromitem]\n|-start|p1b: Flutter Mane|protosynthesisspa\n|turn|1\n|inactive|ZerotheFox has 30 seconds left.\n|inactive|JaviWhatHappens has 30 seconds left.\n|inactive|JaviWhatHappens has 20 seconds left.\n|inactive|ZerotheFox has 20 seconds left.\n|\n|t:|1681832091\n|-terastallize|p2a: Ting-Lu|Poison\n|move|p1b: Flutter Mane|Dazzling Gleam|p2b: Azumarill|[spread] p2a,p2b\n|-resisted|p2a: Ting-Lu\n|-damage|p2a: Ting-Lu|94\/100\n|-damage|p2b: Azumarill|63\/100\n|move|p1a: Indeedee|Psyshock|p2b: Azumarill\n|-damage|p2b: Azumarill|34\/100\n|move|p2b: Azumarill|Liquidation|p1b: Flutter Mane\n|-damage|p1b: Flutter Mane|10\/100\n|move|p2a: Ting-Lu|Snarl|p1a: Indeedee|[spread] p1a,p1b\n|-supereffective|p1a: Indeedee\n|-damage|p1a: Indeedee|89\/100\n|-damage|p1b: Flutter Mane|4\/100\n|-unboost|p1a: Indeedee|spa|1\n|-unboost|p1b: Flutter Mane|spa|1\n|\n|upkeep\n|turn|2\n|inactive|JaviWhatHappens has 30 seconds left.\n|inactive|JaviWhatHappens has 20 seconds left.\n|inactive|JaviWhatHappens has 15 seconds left.\n|\n|t:|1681832135\n|move|p1b: Flutter Mane|Protect|p1b: Flutter Mane\n|-singleturn|p1b: Flutter Mane|Protect\n|move|p2b: Azumarill|Protect|p2b: Azumarill\n|-singleturn|p2b: Azumarill|Protect\n|move|p1a: Indeedee|Psyshock|p2a: Ting-Lu\n|-supereffective|p2a: Ting-Lu\n|-damage|p2a: Ting-Lu|73\/100\n|move|p2a: Ting-Lu|Snarl|p1a: Indeedee|[spread] p1a\n|-activate|p1b: Flutter Mane|move: Protect\n|-supereffective|p1a: Indeedee\n|-damage|p1a: Indeedee|78\/100\n|-unboost|p1a: Indeedee|spa|1\n|\n|upkeep\n|turn|3\n|inactive|ZerotheFox has 30 seconds left.\n|\n|t:|1681832166\n|switch|p2b: Gothitelle|Gothitelle, L50, M|100\/100\n|move|p1b: Flutter Mane|Dazzling Gleam|p2b: Gothitelle|[spread] p2a,p2b\n|-resisted|p2a: Ting-Lu\n|-damage|p2a: Ting-Lu|68\/100\n|-damage|p2b: Gothitelle|82\/100\n|move|p1a: Indeedee|Psyshock|p2a: Ting-Lu\n|-supereffective|p2a: Ting-Lu\n|-damage|p2a: Ting-Lu|54\/100\n|move|p2a: Ting-Lu|Snarl|p1a: Indeedee|[spread] p1a,p1b\n|-supereffective|p1a: Indeedee\n|-damage|p1a: Indeedee|67\/100\n|-damage|p1b: Flutter Mane|0 fnt\n|-unboost|p1a: Indeedee|spa|1\n|faint|p1b: Flutter Mane\n|-end|p1b: Flutter Mane|Protosynthesis|[silent]\n|\n|upkeep\n|\n|t:|1681832178\n|switch|p1b: Gremlin|Salandit, L50, M|100\/100\n|turn|4\n|inactive|JaviWhatHappens has 30 seconds left.\n|\n|t:|1681832206\n|move|p1a: Indeedee|Follow Me|p1a: Indeedee\n|-singleturn|p1a: Indeedee|move: Follow Me\n|move|p2b: Gothitelle|Heal Pulse|p1a: Indeedee\n|-heal|p1a: Indeedee|100\/100\n|move|p1b: Gremlin|Toxic|p2a: Ting-Lu\n|-status|p2a: Ting-Lu|tox\n|move|p2a: Ting-Lu|Snarl|p1b: Gremlin|[spread] p1a\n|-miss|p2a: Ting-Lu|p1b: Gremlin\n|-supereffective|p1a: Indeedee\n|-damage|p1a: Indeedee|89\/100\n|-unboost|p1a: Indeedee|spa|1\n|\n|-damage|p2a: Ting-Lu|47\/100 tox|[from] psn\n|upkeep\n|turn|5\n|inactive|JaviWhatHappens has 30 seconds left.\n|\n|t:|1681832236\n|switch|p2b: Amoonguss|Amoonguss, L50, M|100\/100\n|move|p1a: Indeedee|Follow Me|p1a: Indeedee\n|-singleturn|p1a: Indeedee|move: Follow Me\n|move|p1b: Gremlin|Toxic|p2b: Amoonguss\n|-status|p2b: Amoonguss|tox\n|move|p2a: Ting-Lu|Snarl|p1b: Gremlin|[spread] p1b\n|-miss|p2a: Ting-Lu|p1a: Indeedee\n|-damage|p1b: Gremlin|90\/100\n|-unboost|p1b: Gremlin|spa|1\n|\n|-damage|p2a: Ting-Lu|35\/100 tox|[from] psn\n|-damage|p2b: Amoonguss|95\/100 tox|[from] psn\n|-fieldend|move: Psychic Terrain\n|upkeep\n|turn|6\n|inactive|ZerotheFox has 30 seconds left.\n|\n|t:|1681832267\n|move|p1a: Indeedee|Psyshock|p2b: Amoonguss\n|-supereffective|p2b: Amoonguss\n|-damage|p2b: Amoonguss|83\/100 tox\n|move|p1b: Gremlin|Endeavor|p2b: Amoonguss\n|-damage|p2b: Amoonguss|64\/100 tox\n|-damage|p1b: Gremlin|74\/100|[from] item: Rocky Helmet|[of] p2b: Amoonguss\n|move|p2a: Ting-Lu|Fissure|p1b: Gremlin|[miss]\n|-miss|p2a: Ting-Lu|p1b: Gremlin\n|move|p2b: Amoonguss|Spore|p1a: Indeedee\n|-status|p1a: Indeedee|slp|[from] move: Spore\n|\n|-damage|p2a: Ting-Lu|17\/100 tox|[from] psn\n|-damage|p2b: Amoonguss|52\/100 tox|[from] psn\n|upkeep\n|turn|7\n|inactive|ZerotheFox has 30 seconds left.\n|inactive|JaviWhatHappens has 30 seconds left.\n|inactive|JaviWhatHappens has 20 seconds left.\n|inactive|JaviWhatHappens has 15 seconds left.\n|\n|t:|1681832309\n|cant|p1a: Indeedee|slp\n|move|p1b: Gremlin|Toxic|p2a: Ting-Lu\n|-fail|p2a: Ting-Lu|tox\n|move|p2a: Ting-Lu|Stomping Tantrum|p1b: Gremlin\n|-supereffective|p1b: Gremlin\n|-damage|p1b: Gremlin|0 fnt\n|faint|p1b: Gremlin\n|move|p2b: Amoonguss|Pollen Puff|p2a: Ting-Lu\n|-heal|p2a: Ting-Lu|67\/100 tox\n|\n|-damage|p2a: Ting-Lu|42\/100 tox|[from] psn\n|-damage|p2b: Amoonguss|34\/100 tox|[from] psn\n|upkeep\n|\n|t:|1681832323\n|switch|p1b: Chi-Yu|Chi-Yu, L50|100\/100\n|-ability|p1b: Chi-Yu|Beads of Ruin\n|turn|8\n|\n|t:|1681832335\n|switch|p2b: Gothitelle|Gothitelle, L50, M|82\/100\n|cant|p1a: Indeedee|slp\n|move|p1b: Chi-Yu|Hex|p2a: Ting-Lu\n|-crit|p2a: Ting-Lu\n|-damage|p2a: Ting-Lu|6\/100 tox\n|-damage|p1b: Chi-Yu|90\/100|[from] item: Life Orb\n|move|p2a: Ting-Lu|Snarl|p1a: Indeedee|[spread] p1a\n|-miss|p2a: Ting-Lu|p1b: Chi-Yu\n|-supereffective|p1a: Indeedee\n|-damage|p1a: Indeedee|76\/100 slp\n|-unboost|p1a: Indeedee|spa|1\n|\n|-damage|p2a: Ting-Lu|0 fnt|[from] psn\n|faint|p2a: Ting-Lu\n|upkeep\n|\n|t:|1681832352\n|switch|p2a: Azumarill|Azumarill, L50, F|34\/100\n|turn|9\n|inactive|JaviWhatHappens has 30 seconds left.\n|\n|t:|1681832385\n|-terastallize|p1b: Chi-Yu|Ghost\n|cant|p1a: Indeedee|slp\n|move|p1b: Chi-Yu|Dark Pulse|p2b: Gothitelle\n|-supereffective|p2b: Gothitelle\n|-damage|p2b: Gothitelle|0 fnt\n|faint|p2b: Gothitelle\n|-damage|p1b: Chi-Yu|80\/100|[from] item: Life Orb\n|move|p2a: Azumarill|Perish Song|p2a: Azumarill\n|-start|p1a: Indeedee|perish3|[silent]\n|-start|p1b: Chi-Yu|perish3|[silent]\n|-start|p2a: Azumarill|perish3|[silent]\n|-fieldactivate|move: Perish Song\n|\n|-start|p1b: Chi-Yu|perish3\n|-start|p1a: Indeedee|perish3\n|-start|p2a: Azumarill|perish3\n|upkeep\n|\n|t:|1681832402\n|switch|p2b: Amoonguss|Amoonguss, L50, M|68\/100 tox\n|turn|10\n|inactive|JaviWhatHappens has 30 seconds left.\n|inactive|JaviWhatHappens has 20 seconds left.\n|\n|t:|1681832437\n|-curestatus|p1a: Indeedee|slp|[msg]\n|move|p1a: Indeedee|Follow Me|p1a: Indeedee\n|-singleturn|p1a: Indeedee|move: Follow Me\n|move|p1b: Chi-Yu|Psychic|p2a: Azumarill\n|-damage|p2a: Azumarill|0 fnt\n|faint|p2a: Azumarill\n|-damage|p1b: Chi-Yu|70\/100|[from] item: Life Orb\n|move|p2b: Amoonguss|Pollen Puff|p1a: Indeedee\n|-supereffective|p1a: Indeedee\n|-damage|p1a: Indeedee|43\/100\n|-enditem|p1a: Indeedee|Sitrus Berry|[eat]\n|-heal|p1a: Indeedee|68\/100|[from] item: Sitrus Berry\n|\n|-damage|p2b: Amoonguss|62\/100 tox|[from] psn\n|-start|p1b: Chi-Yu|perish2\n|-start|p1a: Indeedee|perish2\n|upkeep\n|turn|11\n|\n|t:|1681832457\n|move|p2b: Amoonguss|Protect|p2b: Amoonguss\n|-singleturn|p2b: Amoonguss|Protect\n|move|p1b: Chi-Yu|Psychic|p2b: Amoonguss\n|-activate|p2b: Amoonguss|move: Protect\n|move|p1a: Indeedee|Psyshock|p2b: Amoonguss\n|-activate|p2b: Amoonguss|move: Protect\n|\n|-damage|p2b: Amoonguss|50\/100 tox|[from] psn\n|-start|p1b: Chi-Yu|perish1\n|-start|p1a: Indeedee|perish1\n|upkeep\n|turn|12\n|\n|t:|1681832470\n|move|p2b: Amoonguss|Protect||[still]\n|-fail|p2b: Amoonguss\n|move|p1b: Chi-Yu|Hex|p2b: Amoonguss\n|-damage|p2b: Amoonguss|0 fnt\n|faint|p2b: Amoonguss\n|-damage|p1b: Chi-Yu|60\/100|[from] item: Life Orb\n|\n|win|ZerotheFox\n|raw|ZerotheFox's rating: 1045 → 1074<\/strong> (+29 for winning)\n|raw|JaviWhatHappens's rating: 1000 → 1000<\/strong> (+0 for losing)\n|l|\u2606JaviWhatHappens\n","uploadtime":1681832483,"views":5,"p1id":"zerothefox","p2id":"javiwhathappens","formatid":"gen9vgc2023regulationc","rating":1000,"private":0,"password":""}