{"id":"gen9vgc2023regulationc-1864367709","p1":"Ertrsx","p2":"revocolombia","format":"[Gen 9] VGC 2023 Regulation C","log":"|j|\u2606Ertrsx\n|j|\u2606revocolombia\n|t:|1684160139\n|gametype|doubles\n|player|p1|Ertrsx|101|1390\n|player|p2|revocolombia|pokemonranger-gen4|1310\n|teamsize|p1|6\n|teamsize|p2|6\n|gen|9\n|tier|[Gen 9] VGC 2023 Regulation C\n|rated|\n|rule|Species Clause: Limit one of each Pok\u00e9mon\n|rule|Item Clause: Limit one of each item\n|clearpoke\n|poke|p1|Chi-Yu, L50|\n|poke|p1|Iron Hands, L50|\n|poke|p1|Kingambit, L50, M|\n|poke|p1|Iron Bundle, L50|\n|poke|p1|Amoonguss, L50, F|\n|poke|p1|Arcanine, L50, F|\n|poke|p2|Flutter Mane, L50|\n|poke|p2|Annihilape, L50, M|\n|poke|p2|Dragonite, L50, F|\n|poke|p2|Chien-Pao, L50|\n|poke|p2|Murkrow, L50, F|\n|poke|p2|Rotom-Wash, L50|\n|teampreview|4\n|inactive|Battle timer is ON: inactive players will automatically lose when time's up. (requested by Ertrsx)\n|\n|t:|1684160179\n|start\n|switch|p1a: Chi-Yu|Chi-Yu, L50|100\/100\n|switch|p1b: Iron Hands|Iron Hands, L50|100\/100\n|switch|p2a: Murkrow|Murkrow, L50, F|100\/100\n|switch|p2b: Annihilape|Annihilape, L50, M, shiny|100\/100\n|-ability|p1a: Chi-Yu|Beads of Ruin\n|turn|1\n|inactive|Ertrsx has 30 seconds left.\n|inactive|Ertrsx has 20 seconds left.\n|\n|t:|1684160218\n|switch|p2a: Dragonite|Dragonite, L50, F|100\/100\n|-terastallize|p2b: Annihilape|Fire\n|move|p1a: Chi-Yu|Nasty Plot|p1a: Chi-Yu\n|-boost|p1a: Chi-Yu|spa|2\n|move|p2b: Annihilape|Bulk Up|p2b: Annihilape\n|-boost|p2b: Annihilape|atk|1\n|-boost|p2b: Annihilape|def|1\n|move|p1b: Iron Hands|Wild Charge|p2a: Dragonite\n|-damage|p2a: Dragonite|75\/100\n|-damage|p1b: Iron Hands|96\/100|[from] Recoil\n|\n|upkeep\n|turn|2\n|inactive|Ertrsx has 30 seconds left.\n|\n|t:|1684160250\n|-terastallize|p1a: Chi-Yu|Fire\n|move|p2a: Dragonite|Extreme Speed|p1a: Chi-Yu\n|-damage|p1a: Chi-Yu|49\/100\n|move|p1a: Chi-Yu|Heat Wave|p2a: Dragonite|[spread] p2a,p2b\n|-resisted|p2a: Dragonite\n|-resisted|p2b: Annihilape\n|-damage|p2a: Dragonite|0 fnt\n|-damage|p2b: Annihilape|42\/100\n|faint|p2a: Dragonite\n|move|p2b: Annihilape|Drain Punch|p1a: Chi-Yu\n|-damage|p1a: Chi-Yu|0 fnt\n|-heal|p2b: Annihilape|57\/100|[from] drain|[of] p1a: Chi-Yu\n|faint|p1a: Chi-Yu\n|move|p1b: Iron Hands|Volt Switch|p2b: Annihilape\n|-damage|p2b: Annihilape|47\/100\n|\n|t:|1684160268\n|-end|p1b: Iron Hands|Quark Drive|[silent]\n|switch|p1b: Iron Bundle|Iron Bundle, L50|100\/100|[from] Volt Switch\n|-enditem|p1b: Iron Bundle|Booster Energy\n|-activate|p1b: Iron Bundle|ability: Quark Drive|[fromitem]\n|-start|p1b: Iron Bundle|quarkdrivespe\n|\n|-heal|p2b: Annihilape|53\/100|[from] item: Leftovers\n|upkeep\n|\n|t:|1684160279\n|switch|p1a: Iron Hands|Iron Hands, L50|96\/100\n|switch|p2a: Flutter Mane|Flutter Mane, L50|100\/100\n|-enditem|p2a: Flutter Mane|Booster Energy\n|-activate|p2a: Flutter Mane|ability: Protosynthesis|[fromitem]\n|-start|p2a: Flutter Mane|protosynthesisspe\n|turn|3\n|\n|t:|1684160297\n|move|p2b: Annihilape|Protect|p2b: Annihilape\n|-singleturn|p2b: Annihilape|Protect\n|move|p1b: Iron Bundle|Hydro Pump|p2b: Annihilape\n|-activate|p2b: Annihilape|move: Protect\n|move|p2a: Flutter Mane|Thunderbolt|p1b: Iron Bundle\n|-supereffective|p1b: Iron Bundle\n|-damage|p1b: Iron Bundle|0 fnt\n|faint|p1b: Iron Bundle\n|-end|p1b: Iron Bundle|Quark Drive|[silent]\n|move|p1a: Iron Hands|Wild Charge|p2a: Flutter Mane\n|-damage|p2a: Flutter Mane|0 fnt\n|faint|p2a: Flutter Mane\n|-end|p2a: Flutter Mane|Protosynthesis|[silent]\n|-damage|p1a: Iron Hands|84\/100|[from] Recoil\n|\n|-heal|p2b: Annihilape|59\/100|[from] item: Leftovers\n|upkeep\n|\n|t:|1684160315\n|switch|p1b: Kingambit|Kingambit, L50, M|100\/100\n|switch|p2a: Murkrow|Murkrow, L50, F|100\/100\n|turn|4\n|\n|t:|1684160334\n|move|p1b: Kingambit|Protect|p1b: Kingambit\n|-singleturn|p1b: Kingambit|Protect\n|move|p2b: Annihilape|Drain Punch|p1b: Kingambit\n|-activate|p1b: Kingambit|move: Protect\n|move|p2a: Murkrow|Foul Play|p1a: Iron Hands\n|-resisted|p1a: Iron Hands\n|-damage|p1a: Iron Hands|66\/100\n|move|p1a: Iron Hands|Drain Punch|p2b: Annihilape\n|-damage|p2b: Annihilape|30\/100\n|-heal|p1a: Iron Hands|78\/100|[from] drain|[of] p2b: Annihilape\n|\n|-heal|p2b: Annihilape|36\/100|[from] item: Leftovers\n|upkeep\n|turn|5\n|\n|t:|1684160358\n|move|p1b: Kingambit|Sucker Punch|p2b: Annihilape\n|-damage|p2b: Annihilape|2\/100\n|-damage|p1b: Kingambit|91\/100|[from] item: Life Orb\n|move|p2b: Annihilape|Drain Punch|p1b: Kingambit\n|-supereffective|p1b: Kingambit\n|-damage|p1b: Kingambit|0 fnt\n|-heal|p2b: Annihilape|48\/100|[from] drain|[of] p1b: Kingambit\n|faint|p1b: Kingambit\n|move|p2a: Murkrow|Foul Play|p1a: Iron Hands\n|-resisted|p1a: Iron Hands\n|-damage|p1a: Iron Hands|62\/100\n|move|p1a: Iron Hands|Wild Charge|p2a: Murkrow\n|-supereffective|p2a: Murkrow\n|-damage|p2a: Murkrow|0 fnt\n|faint|p2a: Murkrow\n|-damage|p1a: Iron Hands|46\/100|[from] Recoil\n|\n|-heal|p2b: Annihilape|54\/100|[from] item: Leftovers\n|upkeep\n|turn|6\n|c|\u2606Ertrsx|I was so close broooo\n|\n|t:|1684160380\n|move|p2b: Annihilape|Rage Fist|p1a: Iron Hands\n|-damage|p1a: Iron Hands|0 fnt\n|faint|p1a: Iron Hands\n|-end|p1a: Iron Hands|Quark Drive|[silent]\n|\n|win|revocolombia\n|raw|Ertrsx's rating: 1390 → 1365<\/strong> (-25 for losing)\n|raw|revocolombia's rating: 1310 → 1335<\/strong> (+25 for winning)\n","uploadtime":1684160389,"views":3,"p1id":"ertrsx","p2id":"revocolombia","formatid":"gen9vgc2023regulationc","rating":1335,"private":0,"password":""}