{"id":"gen9vgc2023regulationc-1845323389","p1":"Sumo'sWeenusVGC","p2":"arbokiara","format":"[Gen 9] VGC 2023 Regulation C","log":"|j|\u2606Sumo'sWeenusVGC\n|j|\u2606arbokiara\n|t:|1681714829\n|gametype|doubles\n|player|p1|Sumo'sWeenusVGC|colress|1151\n|player|p2|arbokiara|aaron|1272\n|teamsize|p1|6\n|teamsize|p2|6\n|gen|9\n|tier|[Gen 9] VGC 2023 Regulation C\n|rated|\n|rule|Species Clause: Limit one of each Pok\u00e9mon\n|rule|Item Clause: Limit one of each item\n|clearpoke\n|poke|p1|Ting-Lu, L50|\n|poke|p1|Wo-Chien, L50|\n|poke|p1|Flutter Mane, L50|\n|poke|p1|Glimmora, L50, F|\n|poke|p1|Palafin, L50, F|\n|poke|p1|Arcanine, L50, M|\n|poke|p2|Magnezone, L50|\n|poke|p2|Flutter Mane, L50|\n|poke|p2|Palafin, L50, M|\n|poke|p2|Chi-Yu, L50|\n|poke|p2|Chien-Pao, L50|\n|poke|p2|Dragonite, L50, M|\n|teampreview|4\n|inactive|Battle timer is ON: inactive players will automatically lose when time's up. (requested by Sumo'sWeenusVGC)\nSumo'sWeenusVGC has agreed to open team sheets.\n|inactive|arbokiara has 60 seconds left.\n|\n|t:|1681714870\n|start\n|switch|p1a: Ting-Lu|Ting-Lu, L50|100\/100\n|switch|p1b: Bad Dolphin|Palafin, L50, F, shiny|100\/100\n|switch|p2a: Chien-Pao|Chien-Pao, L50|100\/100\n|switch|p2b: Dragonite|Dragonite, L50, M|100\/100\n|-ability|p2a: Chien-Pao|Sword of Ruin\n|-ability|p1a: Ting-Lu|Vessel of Ruin\n|turn|1\n|\n|t:|1681714894\n|detailschange|p1b: Bad Dolphin|Palafin-Hero, L50, F, shiny\n|switch|p1b: Glimmora|Glimmora, L50, F, shiny|100\/100\n|move|p2a: Chien-Pao|Ice Spinner|p1a: Ting-Lu\n|-supereffective|p1a: Ting-Lu\n|-damage|p1a: Ting-Lu|56\/100\n|move|p2b: Dragonite|Ice Spinner|p1a: Ting-Lu\n|-supereffective|p1a: Ting-Lu\n|-damage|p1a: Ting-Lu|4\/100\n|move|p1a: Ting-Lu|Heavy Slam|p2a: Chien-Pao\n|-supereffective|p2a: Chien-Pao\n|-damage|p2a: Chien-Pao|29\/100\n|\n|upkeep\n|turn|2\n|\n|t:|1681714918\n|move|p2a: Chien-Pao|Protect|p2a: Chien-Pao\n|-singleturn|p2a: Chien-Pao|Protect\n|move|p2b: Dragonite|Ice Spinner|p1a: Ting-Lu\n|-supereffective|p1a: Ting-Lu\n|-damage|p1a: Ting-Lu|0 fnt\n|faint|p1a: Ting-Lu\n|move|p1b: Glimmora|Mortal Spin|p2b: Dragonite|[spread] p2b\n|-activate|p2a: Chien-Pao|move: Protect\n|-damage|p2b: Dragonite|95\/100\n|-status|p2b: Dragonite|psn\n|\n|-damage|p2b: Dragonite|82\/100 psn|[from] psn\n|upkeep\n|\n|t:|1681714931\n|switch|p1a: Bad Dolphin|Palafin-Hero, L50, F, shiny|100\/100\n|-activate|p1a: Bad Dolphin|ability: Zero to Hero\n|turn|3\n|\n|t:|1681714943\n|switch|p2b: Magnezone|Magnezone, L50|100\/100\n|-terastallize|p1a: Bad Dolphin|Water\n|move|p2a: Chien-Pao|Sucker Punch|p1a: Bad Dolphin\n|-damage|p1a: Bad Dolphin|60\/100\n|move|p1a: Bad Dolphin|Jet Punch|p2a: Chien-Pao\n|-damage|p2a: Chien-Pao|0 fnt\n|faint|p2a: Chien-Pao\n|move|p1b: Glimmora|Sludge Bomb|p2b: Magnezone\n|-immune|p2b: Magnezone\n|\n|upkeep\n|\n|t:|1681714956\n|switch|p2a: Dragonite|Dragonite, L50, M|82\/100 psn\n|turn|4\n|\n|t:|1681714976\n|switch|p1b: Flutter Mane|Flutter Mane, L50, shiny|100\/100\n|-terastallize|p2a: Dragonite|Normal\n|move|p2a: Dragonite|Extreme Speed|p1a: Bad Dolphin\n|-damage|p1a: Bad Dolphin|0 fnt\n|faint|p1a: Bad Dolphin\n|move|p2b: Magnezone|Flash Cannon|p1b: Flutter Mane\n|-supereffective|p1b: Flutter Mane\n|-damage|p1b: Flutter Mane|2\/100\n|\n|-damage|p2a: Dragonite|70\/100 psn|[from] psn\n|upkeep\n|\n|t:|1681714987\n|switch|p1a: Glimmora|Glimmora, L50, F, shiny|100\/100\n|turn|5\n|\n|t:|1681715002\n|switch|p2a: Flutter Mane|Flutter Mane, L50|100\/100\n|-enditem|p2a: Flutter Mane|Booster Energy\n|-activate|p2a: Flutter Mane|ability: Protosynthesis|[fromitem]\n|-start|p2a: Flutter Mane|protosynthesisspe\n|move|p1b: Flutter Mane|Moonblast|p2a: Flutter Mane\n|-damage|p2a: Flutter Mane|26\/100\n|move|p1a: Glimmora|Sludge Bomb|p2a: Flutter Mane\n|-damage|p2a: Flutter Mane|0 fnt\n|faint|p2a: Flutter Mane\n|-end|p2a: Flutter Mane|Protosynthesis|[silent]\n|move|p2b: Magnezone|Volt Switch|p1b: Flutter Mane\n|-damage|p1b: Flutter Mane|0 fnt\n|faint|p1b: Flutter Mane\n|-end|p1b: Flutter Mane|Protosynthesis|[silent]\n|\n|t:|1681715017\n|switch|p2b: Dragonite|Dragonite, L50, M, tera:Normal|70\/100 psn|[from] Volt Switch\n|\n|-damage|p2b: Dragonite|58\/100 psn|[from] psn\n|upkeep\n|\n|t:|1681715019\n|switch|p2a: Magnezone|Magnezone, L50|100\/100\n|turn|6\n|\n|t:|1681715026\n|move|p1a: Glimmora|Spiky Shield|p1a: Glimmora\n|-singleturn|p1a: Glimmora|move: Protect\n|move|p2b: Dragonite|Stomping Tantrum|p1a: Glimmora\n|-activate|p1a: Glimmora|move: Protect\n|-damage|p2b: Dragonite|46\/100 psn|[from] Spiky Shield|[of] p1a: Glimmora\n|move|p2a: Magnezone|Flash Cannon|p1a: Glimmora\n|-activate|p1a: Glimmora|move: Protect\n|\n|-damage|p2b: Dragonite|34\/100 psn|[from] psn\n|upkeep\n|turn|7\n|\n|t:|1681715039\n|move|p2b: Dragonite|Stomping Tantrum|p1a: Glimmora\n|-supereffective|p1a: Glimmora\n|-enditem|p1a: Glimmora|Focus Sash\n|-damage|p1a: Glimmora|1\/100\n|move|p1a: Glimmora|Energy Ball|p2a: Magnezone\n|-resisted|p2a: Magnezone\n|-damage|p2a: Magnezone|89\/100\n|move|p2a: Magnezone|Flash Cannon|p1a: Glimmora\n|-supereffective|p1a: Glimmora\n|-damage|p1a: Glimmora|0 fnt\n|faint|p1a: Glimmora\n|\n|win|arbokiara\n|raw|Sumo'sWeenusVGC's rating: 1151 → 1134<\/strong> (-17 for losing)\n|raw|arbokiara's rating: 1272 → 1289<\/strong> (+17 for winning)\n|l|\u2606arbokiara\n","uploadtime":1681715055,"views":13,"p1id":"sumosweenusvgc","p2id":"arbokiara","formatid":"gen9vgc2023regulationc","rating":1134,"private":0,"password":""}