{"id":"gen9vgc2023regulationc-1852136668","p1":"Pierre113","p2":"jeffman323","format":"[Gen 9] VGC 2023 Regulation C","log":"|j|\u2606Pierre113\n|j|\u2606jeffman323\n|t:|1682527159\n|gametype|doubles\n|player|p1|Pierre113|palmer|1636\n|player|p2|jeffman323|steven|1574\n|teamsize|p1|6\n|teamsize|p2|6\n|gen|9\n|tier|[Gen 9] VGC 2023 Regulation C\n|rated|\n|rule|Species Clause: Limit one of each Pok\u00e9mon\n|rule|Item Clause: Limit one of each item\n|clearpoke\n|poke|p1|Flutter Mane, L50|\n|poke|p1|Amoonguss, L50, F|\n|poke|p1|Chi-Yu, L50|\n|poke|p1|Gyarados, L50, M|\n|poke|p1|Iron Hands, L50|\n|poke|p1|Baxcalibur, L50, F|\n|poke|p2|Hatterene, L50, F|\n|poke|p2|Azumarill, L50, F|\n|poke|p2|Brute Bonnet, L50|\n|poke|p2|Kingambit, L50, M|\n|poke|p2|Iron Hands, L50|\n|poke|p2|Stantler, L50, F|\n|teampreview|4\njeffman323 has agreed to open team sheets.\nPierre113 has agreed to open team sheets.\n|j| Braindeadmeta\n|j| CicadaSyrup\n|j| Withoutexcuse\n|\n|t:|1682527247\n|start\n|switch|p1a: Chi-Yu|Chi-Yu, L50|100\/100\n|switch|p1b: Flutter Mane|Flutter Mane, L50|100\/100\n|switch|p2a: Iron Hands|Iron Hands, L50|100\/100\n|switch|p2b: Hatterene|Hatterene, L50, F|100\/100\n|-ability|p1a: Chi-Yu|Beads of Ruin\n|-enditem|p1b: Flutter Mane|Booster Energy\n|-activate|p1b: Flutter Mane|ability: Protosynthesis|[fromitem]\n|-start|p1b: Flutter Mane|protosynthesisspa\n|turn|1\n|inactive|Battle timer is ON: inactive players will automatically lose when time's up. (requested by Pierre113)\n|\n|t:|1682527281\n|switch|p1a: Iron Hands|Iron Hands, L50|100\/100\n|-terastallize|p2a: Iron Hands|Fire\n|move|p2a: Iron Hands|Fake Out|p1a: Iron Hands\n|-damage|p1a: Iron Hands|90\/100\n|move|p1b: Flutter Mane|Dazzling Gleam|p2a: Iron Hands|[spread] p2a,p2b\n|-resisted|p2a: Iron Hands\n|-damage|p2a: Iron Hands|89\/100\n|-damage|p2b: Hatterene|58\/100\n|move|p2b: Hatterene|Trick Room|p2b: Hatterene\n|-fieldstart|move: Trick Room|[of] p2b: Hatterene\n|\n|upkeep\n|turn|2\n|j| Rayo20\n|\n|t:|1682527301\n|move|p2b: Hatterene|Protect|p2b: Hatterene\n|-singleturn|p2b: Hatterene|Protect\n|move|p1a: Iron Hands|Fake Out|p2a: Iron Hands\n|-damage|p2a: Iron Hands|78\/100\n|cant|p2a: Iron Hands|flinch\n|move|p1b: Flutter Mane|Shadow Ball|p2b: Hatterene\n|-activate|p2b: Hatterene|move: Protect\n|\n|upkeep\n|turn|3\n|inactive|Pierre113 has 30 seconds left.\n|\n|t:|1682527335\n|-terastallize|p1a: Iron Hands|Grass\n|move|p1b: Flutter Mane|Protect|p1b: Flutter Mane\n|-singleturn|p1b: Flutter Mane|Protect\n|move|p2b: Hatterene|Psychic|p1a: Iron Hands\n|-damage|p1a: Iron Hands|63\/100\n|move|p2a: Iron Hands|Drain Punch|p1a: Iron Hands\n|-damage|p1a: Iron Hands|34\/100\n|-heal|p2a: Iron Hands|92\/100|[from] drain|[of] p1a: Iron Hands\n|move|p1a: Iron Hands|Drain Punch|p2a: Iron Hands\n|-damage|p2a: Iron Hands|66\/100\n|-heal|p1a: Iron Hands|49\/100|[from] drain|[of] p2a: Iron Hands\n|\n|upkeep\n|turn|4\n|inactive|Pierre113 has 30 seconds left.\n|inactive|jeffman323 has 30 seconds left.\n|\n|t:|1682527367\n|move|p2b: Hatterene|Dazzling Gleam|p1b: Flutter Mane|[spread] p1a,p1b\n|-damage|p1a: Iron Hands|32\/100\n|-damage|p1b: Flutter Mane|69\/100\n|move|p2a: Iron Hands|Drain Punch|p1a: Iron Hands\n|-damage|p1a: Iron Hands|0 fnt\n|-heal|p2a: Iron Hands|81\/100|[from] drain|[of] p1a: Iron Hands\n|faint|p1a: Iron Hands\n|-end|p1a: Iron Hands|Quark Drive|[silent]\n|move|p1b: Flutter Mane|Shadow Ball|p2b: Hatterene\n|-supereffective|p2b: Hatterene\n|-damage|p2b: Hatterene|0 fnt\n|faint|p2b: Hatterene\n|\n|upkeep\n|\n|t:|1682527380\n|switch|p2b: Azumarill|Azumarill, L50, F|100\/100\n|switch|p1a: Amoonguss|Amoonguss, L50, F|100\/100\n|turn|5\n|\n|t:|1682527400\n|-end|p2a: Iron Hands|Quark Drive|[silent]\n|switch|p2a: Kingambit|Kingambit, L50, M|100\/100\n|move|p1b: Flutter Mane|Protect|p1b: Flutter Mane\n|-singleturn|p1b: Flutter Mane|Protect\n|move|p2b: Azumarill|Liquidation|p1a: Amoonguss\n|-resisted|p1a: Amoonguss\n|-damage|p1a: Amoonguss|79\/100\n|move|p1a: Amoonguss|Spore|p2a: Kingambit\n|-activate|p2a: Kingambit|item: Safety Goggles|Spore\n|\n|-fieldend|move: Trick Room\n|upkeep\n|turn|6\n|inactive|Pierre113 has 30 seconds left.\n|\n|t:|1682527433\n|move|p1b: Flutter Mane|Protect||[still]\n|-fail|p1b: Flutter Mane\n|move|p2a: Kingambit|Sucker Punch||[still]\n|-fail|p2a: Kingambit\n|move|p1a: Amoonguss|Spore|p2b: Azumarill\n|-status|p2b: Azumarill|slp|[from] move: Spore\n|-enditem|p2b: Azumarill|Lum Berry|[eat]\n|-curestatus|p2b: Azumarill|slp|[msg]\n|move|p2b: Azumarill|Liquidation|p1b: Flutter Mane\n|-damage|p1b: Flutter Mane|0 fnt\n|faint|p1b: Flutter Mane\n|-end|p1b: Flutter Mane|Protosynthesis|[silent]\n|\n|upkeep\n|\n|t:|1682527445\n|switch|p1b: Chi-Yu|Chi-Yu, L50|100\/100\n|-ability|p1b: Chi-Yu|Beads of Ruin\n|turn|7\n|inactive|jeffman323 has 30 seconds left.\n|inactive|jeffman323 has 20 seconds left.\n|\n|t:|1682527483\n|switch|p2a: Iron Hands|Iron Hands, L50, tera:Fire|81\/100\n|move|p1b: Chi-Yu|Heat Wave|p2a: Iron Hands|[spread] p2a,p2b\n|-resisted|p2a: Iron Hands\n|-resisted|p2b: Azumarill\n|-damage|p2a: Iron Hands|58\/100\n|-damage|p2b: Azumarill|59\/100\n|move|p1a: Amoonguss|Spore|p2b: Azumarill\n|-status|p2b: Azumarill|slp|[from] move: Spore\n|cant|p2b: Azumarill|slp\n|\n|upkeep\n|turn|8\n|\n|t:|1682527507\n|move|p2a: Iron Hands|Fake Out|p1a: Amoonguss\n|-crit|p1a: Amoonguss\n|-damage|p1a: Amoonguss|58\/100\n|move|p1b: Chi-Yu|Heat Wave|p2a: Iron Hands|[spread] p2a,p2b\n|-resisted|p2a: Iron Hands\n|-resisted|p2b: Azumarill\n|-damage|p2a: Iron Hands|34\/100\n|-damage|p2b: Azumarill|23\/100 slp\n|cant|p1a: Amoonguss|flinch\n|cant|p2b: Azumarill|slp\n|\n|upkeep\n|turn|9\n|\n|t:|1682527522\n|move|p1a: Amoonguss|Rage Powder|p1a: Amoonguss\n|-singleturn|p1a: Amoonguss|move: Rage Powder\n|cant|p2b: Azumarill|slp\n|move|p1b: Chi-Yu|Heat Wave|p2a: Iron Hands|[spread] p2a,p2b\n|-resisted|p2a: Iron Hands\n|-resisted|p2b: Azumarill\n|-damage|p2a: Iron Hands|12\/100\n|-damage|p2b: Azumarill|0 fnt\n|faint|p2b: Azumarill\n|move|p2a: Iron Hands|Earthquake|p1a: Amoonguss|[spread] p1a,p1b\n|-supereffective|p1b: Chi-Yu\n|-damage|p1a: Amoonguss|33\/100\n|-damage|p1b: Chi-Yu|8\/100\n|-enditem|p1a: Amoonguss|Sitrus Berry|[eat]\n|-heal|p1a: Amoonguss|58\/100|[from] item: Sitrus Berry\n|\n|upkeep\n|\n|t:|1682527532\n|switch|p2b: Kingambit|Kingambit, L50, M|100\/100\n|turn|10\n|\n|t:|1682527538\n|move|p1a: Amoonguss|Rage Powder|p1a: Amoonguss\n|-singleturn|p1a: Amoonguss|move: Rage Powder\n|move|p2b: Kingambit|Sucker Punch|p1b: Chi-Yu\n|-resisted|p1b: Chi-Yu\n|-damage|p1b: Chi-Yu|0 fnt\n|faint|p1b: Chi-Yu\n|move|p2a: Iron Hands|Thunder Punch|p1a: Amoonguss\n|-resisted|p1a: Amoonguss\n|-damage|p1a: Amoonguss|40\/100\n|\n|upkeep\n|turn|11\n|-message|Pierre113 forfeited.\n|\n|win|jeffman323\n|raw|Pierre113's rating: 1636 → 1612<\/strong> (-24 for losing)\n|raw|jeffman323's rating: 1574 → 1598<\/strong> (+24 for winning)\n|l|\u2606Pierre113\n|l| Braindeadmeta\n","uploadtime":1682527551,"views":17,"p1id":"pierre113","p2id":"jeffman323","formatid":"gen9vgc2023regulationc","rating":1598,"private":0,"password":""}