{"id":"gen9vgc2023regulationc-1847779451","p1":"sgfdqa","p2":"project g1","format":"[Gen 9] VGC 2023 Regulation C","log":"|j|\u2606sgfdqa\n|j|\u2606project g1\n|t:|1682001294\n|gametype|doubles\n|player|p1|sgfdqa|1|1092\n|player|p2|project g1|backersf|1018\n|teamsize|p1|6\n|teamsize|p2|6\n|gen|9\n|tier|[Gen 9] VGC 2023 Regulation C\n|rated|\n|rule|Species Clause: Limit one of each Pok\u00e9mon\n|rule|Item Clause: Limit one of each item\n|clearpoke\n|poke|p1|Glimmora, L50, M|\n|poke|p1|Maushold-Four, L50|\n|poke|p1|Dondozo, L50, F|\n|poke|p1|Tatsugiri, L50, M|\n|poke|p1|Dragonite, L50, M|\n|poke|p1|Chien-Pao, L50|\n|poke|p2|Abomasnow, L50, M|\n|poke|p2|Baxcalibur, L50, F|\n|poke|p2|Iron Bundle, L50|\n|poke|p2|Gholdengo, L50|\n|poke|p2|Glimmora, L50, M|\n|poke|p2|Arboliva, L50, F|\n|teampreview|4\n|\n|t:|1682001318\n|start\n|switch|p1a: Dragonite|Dragonite, L50, M|100\/100\n|switch|p1b: Chien-Pao|Chien-Pao, L50|100\/100\n|switch|p2a: Gholdengo|Gholdengo, L50|100\/100\n|switch|p2b: Glimmora|Glimmora, L50, M|100\/100\n|-ability|p1b: Chien-Pao|Sword of Ruin\n|-item|p2b: Glimmora|Air Balloon\n|turn|1\n|\n|t:|1682001371\n|-terastallize|p1a: Dragonite|Normal\n|move|p1b: Chien-Pao|Sucker Punch|p2a: Gholdengo\n|-supereffective|p2a: Gholdengo\n|-damage|p2a: Gholdengo|0 fnt\n|faint|p2a: Gholdengo\n|move|p2b: Glimmora|Power Gem|p1a: Dragonite\n|-damage|p1a: Dragonite|63\/100\n|move|p1a: Dragonite|Fire Punch|p2b: Glimmora\n|-resisted|p2b: Glimmora\n|-damage|p2b: Glimmora|67\/100\n|-activate|p2b: Glimmora|ability: Toxic Debris\n|-sidestart|p1: sgfdqa|move: Toxic Spikes\n|-enditem|p2b: Glimmora|Air Balloon\n|\n|upkeep\n|\n|t:|1682001382\n|switch|p2a: Abomasnow|Abomasnow, L50, M|100\/100\n|-weather|Snow|[from] ability: Snow Warning|[of] p2a: Abomasnow\n|turn|2\n|\n|t:|1682001420\n|move|p1b: Chien-Pao|Ice Spinner|p2b: Glimmora\n|-damage|p2b: Glimmora|4\/100\n|-activate|p2b: Glimmora|ability: Toxic Debris\n|-sidestart|p1: sgfdqa|move: Toxic Spikes\n|move|p2b: Glimmora|Power Gem|p1b: Chien-Pao\n|-supereffective|p1b: Chien-Pao\n|-enditem|p1b: Chien-Pao|Focus Sash\n|-damage|p1b: Chien-Pao|1\/100\n|move|p1a: Dragonite|Fire Punch|p2a: Abomasnow\n|-supereffective|p2a: Abomasnow\n|-enditem|p2a: Abomasnow|Focus Sash\n|-damage|p2a: Abomasnow|1\/100\n|move|p2a: Abomasnow|Aurora Veil|p2a: Abomasnow\n|-sidestart|p2: project g1|move: Aurora Veil\n|\n|-weather|Snow|[upkeep]\n|upkeep\n|turn|3\n|\n|t:|1682001445\n|move|p1b: Chien-Pao|Sucker Punch||[still]\n|-fail|p1b: Chien-Pao\n|move|p2b: Glimmora|Memento|p1a: Dragonite\n|-unboost|p1a: Dragonite|atk|2\n|-unboost|p1a: Dragonite|spa|2\n|faint|p2b: Glimmora\n|move|p1a: Dragonite|Fire Punch|p2a: Abomasnow\n|-supereffective|p2a: Abomasnow\n|-damage|p2a: Abomasnow|0 fnt\n|faint|p2a: Abomasnow\n|\n|-weather|Snow|[upkeep]\n|upkeep\n|\n|t:|1682001454\n|switch|p2b: Iron Bundle|Iron Bundle, L50|100\/100\n|turn|4\n|\n|t:|1682001463\n|-terastallize|p2b: Iron Bundle|Ice\n|move|p1b: Chien-Pao|Sacred Sword|p2b: Iron Bundle\n|-supereffective|p2b: Iron Bundle\n|-damage|p2b: Iron Bundle|67\/100\n|move|p2b: Iron Bundle|Blizzard|p1a: Dragonite|[spread] p1a,p1b\n|-resisted|p1b: Chien-Pao\n|-damage|p1a: Dragonite|16\/100\n|-damage|p1b: Chien-Pao|0 fnt\n|faint|p1b: Chien-Pao\n|move|p1a: Dragonite|Fire Punch|p2b: Iron Bundle\n|-supereffective|p2b: Iron Bundle\n|-damage|p2b: Iron Bundle|47\/100\n|\n|-weather|Snow|[upkeep]\n|upkeep\n|\n|t:|1682001476\n|switch|p1b: Dondozo|Dondozo, L50, F|100\/100\n|-status|p1b: Dondozo|tox\n|-enditem|p1b: Dondozo|Lum Berry|[eat]\n|-curestatus|p1b: Dondozo|tox|[msg]\n|turn|5\n|\n|t:|1682001486\n|move|p2b: Iron Bundle|Freeze-Dry|p1b: Dondozo\n|-supereffective|p1b: Dondozo\n|-damage|p1b: Dondozo|32\/100\n|move|p1a: Dragonite|Fire Punch|p2b: Iron Bundle\n|-supereffective|p2b: Iron Bundle\n|-damage|p2b: Iron Bundle|29\/100\n|move|p1b: Dondozo|Earthquake|p2b: Iron Bundle|[spread] p1a,p2b\n|-damage|p1a: Dragonite|0 fnt\n|-damage|p2b: Iron Bundle|20\/100\n|faint|p1a: Dragonite\n|\n|-weather|Snow|[upkeep]\n|upkeep\n|\n|t:|1682001496\n|switch|p1a: Tatsugiri|Tatsugiri, L50, M|100\/100\n|-activate|p1a: Tatsugiri|ability: Commander|[of] p1b: Dondozo\n|-boost|p1b: Dondozo|atk|2\n|-boost|p1b: Dondozo|spa|2\n|-boost|p1b: Dondozo|spe|2\n|-boost|p1b: Dondozo|def|2\n|-boost|p1b: Dondozo|spd|2\n|turn|6\n|\n|t:|1682001506\n|move|p2b: Iron Bundle|Freeze-Dry|p1b: Dondozo\n|-supereffective|p1b: Dondozo\n|-damage|p1b: Dondozo|0 fnt\n|faint|p1b: Dondozo\n|\n|-weather|none\n|-sideend|p2: project g1|move: Aurora Veil\n|upkeep\n|turn|7\n|\n|t:|1682001513\n|move|p1a: Tatsugiri|Draco Meteor|p2b: Iron Bundle|[miss]\n|-miss|p1a: Tatsugiri|p2b: Iron Bundle\n|move|p2b: Iron Bundle|Freeze-Dry|p1a: Tatsugiri\n|-supereffective|p1a: Tatsugiri\n|-damage|p1a: Tatsugiri|0 fnt\n|faint|p1a: Tatsugiri\n|\n|win|project g1\n|raw|sgfdqa's rating: 1092 → 1063<\/strong> (-29 for losing)\n|raw|project g1's rating: 1018 → 1063<\/strong> (+45 for winning)\n|l|\u2606sgfdqa\n","uploadtime":1682001523,"views":8,"p1id":"sgfdqa","p2id":"projectg1","formatid":"gen9vgc2023regulationc","rating":1063,"private":0,"password":""}