{"id":"gen9vgc2023regulationc-1847660084","p1":"BlindMagneton","p2":"Jacob Laye","format":"[Gen 9] VGC 2023 Regulation C","log":"|j|\u2606BlindMagneton\n|j|\u2606Jacob Laye\n|t:|1681989037\n|gametype|doubles\n|player|p1|BlindMagneton|wattson|1228\n|player|p2|Jacob Laye|101|1219\n|teamsize|p1|6\n|teamsize|p2|6\n|gen|9\n|tier|[Gen 9] VGC 2023 Regulation C\n|rated|\n|rule|Species Clause: Limit one of each Pok\u00e9mon\n|rule|Item Clause: Limit one of each item\n|clearpoke\n|poke|p1|Iron Bundle, L50|\n|poke|p1|Palafin, L50, M|\n|poke|p1|Ceruledge, L50, F|\n|poke|p1|Grimmsnarl, L50, M|\n|poke|p1|Dachsbun, L50, M|\n|poke|p1|Dragapult, L50, F|\n|poke|p2|Camerupt, L50, M|\n|poke|p2|Gastrodon-East, L50, M|\n|poke|p2|Iron Thorns, L50|\n|poke|p2|Iron Bundle, L50|\n|poke|p2|Baxcalibur, L50, M|\n|poke|p2|Espathra, L50, M|\n|teampreview|4\n|\n|t:|1681989097\n|start\n|switch|p1a: Grimmsnarl|Grimmsnarl, L50, M|100\/100\n|switch|p1b: Dragapult|Dragapult, L50, F|100\/100\n|switch|p2a: Camerupt|Camerupt, L50, M|100\/100\n|switch|p2b: Gastrodon|Gastrodon-East, L50, M|100\/100\n|turn|1\n|\n|t:|1681989133\n|move|p2a: Camerupt|Protect|p2a: Camerupt\n|-singleturn|p2a: Camerupt|Protect\n|move|p2b: Gastrodon|Protect|p2b: Gastrodon\n|-singleturn|p2b: Gastrodon|Protect\n|move|p1a: Grimmsnarl|Fake Out|p2a: Camerupt\n|-activate|p2a: Camerupt|move: Protect\n|move|p1b: Dragapult|Phantom Force||[still]\n|-prepare|p1b: Dragapult|Phantom Force\n|\n|upkeep\n|turn|2\n|\n|t:|1681989148\n|move|p1a: Grimmsnarl|Swagger|p2b: Gastrodon\n|-boost|p2b: Gastrodon|atk|2\n|-enditem|p1b: Dragapult|Mirror Herb\n|-boost|p1b: Dragapult|atk|2|[from] item: Mirror Herb\n|-start|p2b: Gastrodon|confusion\n|move|p1b: Dragapult|Phantom Force|p2a: Camerupt|[from]lockedmove\n|-damage|p2a: Camerupt|0 fnt\n|faint|p2a: Camerupt\n|-activate|p2b: Gastrodon|confusion\n|move|p2b: Gastrodon|Earth Power|p1a: Grimmsnarl\n|-damage|p1a: Grimmsnarl|65\/100\n|\n|upkeep\n|\n|t:|1681989163\n|switch|p2a: Iron Bundle|Iron Bundle, L50|100\/100\n|-enditem|p2a: Iron Bundle|Booster Energy\n|-activate|p2a: Iron Bundle|ability: Quark Drive|[fromitem]\n|-start|p2a: Iron Bundle|quarkdrivespe\n|turn|3\n|\n|t:|1681989176\n|move|p1a: Grimmsnarl|Thunder Wave|p2a: Iron Bundle\n|-status|p2a: Iron Bundle|par\n|move|p1b: Dragapult|Phantom Force||[still]\n|-prepare|p1b: Dragapult|Phantom Force\n|move|p2a: Iron Bundle|Freeze-Dry|p1b: Dragapult|[miss]\n|-miss|p2a: Iron Bundle|p1b: Dragapult\n|-end|p2b: Gastrodon|confusion\n|move|p2b: Gastrodon|Yawn|p1a: Grimmsnarl\n|-start|p1a: Grimmsnarl|move: Yawn|[of] p2b: Gastrodon\n|\n|upkeep\n|turn|4\n|\n|t:|1681989212\n|switch|p1a: Dachsbun|Dachsbun, L50, M|100\/100\n|move|p1b: Dragapult|Phantom Force|p2a: Iron Bundle|[from]lockedmove\n|-damage|p2a: Iron Bundle|0 fnt\n|faint|p2a: Iron Bundle\n|-end|p2a: Iron Bundle|Quark Drive|[silent]\n|move|p2b: Gastrodon|Ice Beam|p1b: Dragapult\n|-supereffective|p1b: Dragapult\n|-damage|p1b: Dragapult|42\/100\n|\n|upkeep\n|\n|t:|1681989223\n|switch|p2a: Iron Thorns|Iron Thorns, L50|100\/100\n|turn|5\n|\n|t:|1681989246\n|move|p1b: Dragapult|Will-O-Wisp|p1a: Dachsbun\n|-ability|p1a: Dachsbun|Well-Baked Body|boost\n|-boost|p1a: Dachsbun|def|2\n|move|p1a: Dachsbun|Snarl|p2a: Iron Thorns|[spread] p2a,p2b\n|-damage|p2a: Iron Thorns|96\/100\n|-damage|p2b: Gastrodon|97\/100\n|-unboost|p2a: Iron Thorns|spa|1\n|-unboost|p2b: Gastrodon|spa|1\n|move|p2a: Iron Thorns|Rock Blast|p1a: Dachsbun\n|-damage|p1a: Dachsbun|94\/100\n|-damage|p1a: Dachsbun|88\/100\n|-damage|p1a: Dachsbun|82\/100\n|-damage|p1a: Dachsbun|77\/100\n|-damage|p1a: Dachsbun|71\/100\n|-hitcount|p1a: Dachsbun|5\n|move|p2b: Gastrodon|Earth Power|p1a: Dachsbun\n|-damage|p1a: Dachsbun|58\/100\n|\n|-heal|p2b: Gastrodon|100\/100|[from] item: Leftovers\n|upkeep\n|turn|6\n|\n|t:|1681989269\n|-terastallize|p2a: Iron Thorns|Bug\n|move|p1b: Dragapult|Phantom Force||[still]\n|-prepare|p1b: Dragapult|Phantom Force\n|move|p1a: Dachsbun|Body Press|p2a: Iron Thorns\n|-resisted|p2a: Iron Thorns\n|-damage|p2a: Iron Thorns|80\/100\n|move|p2a: Iron Thorns|Rock Blast|p1b: Dragapult|[miss]\n|-miss|p2a: Iron Thorns|p1b: Dragapult\n|move|p2b: Gastrodon|Earth Power|p1a: Dachsbun\n|-damage|p1a: Dachsbun|45\/100\n|\n|upkeep\n|turn|7\n|\n|t:|1681989294\n|move|p2b: Gastrodon|Protect|p2b: Gastrodon\n|-singleturn|p2b: Gastrodon|Protect\n|move|p1b: Dragapult|Phantom Force|p2b: Gastrodon|[from]lockedmove\n|-activate|p2b: Gastrodon|move: Phantom Force|[broken]\n|-damage|p2b: Gastrodon|0 fnt\n|faint|p2b: Gastrodon\n|move|p1a: Dachsbun|Mud-Slap|p2a: Iron Thorns\n|-resisted|p2a: Iron Thorns\n|-damage|p2a: Iron Thorns|79\/100\n|-unboost|p2a: Iron Thorns|accuracy|1\n|move|p2a: Iron Thorns|Rock Blast|p1b: Dragapult|[miss]\n|-miss|p2a: Iron Thorns|p1b: Dragapult\n|\n|upkeep\n|turn|8\n|-message|Jacob Laye forfeited.\n|\n|win|BlindMagneton\n|raw|BlindMagneton's rating: 1228 → 1252<\/strong> (+24 for winning)\n|raw|Jacob Laye's rating: 1219 → 1195<\/strong> (-24 for losing)\n|l|\u2606Jacob Laye\n","uploadtime":1681989314,"views":9,"p1id":"blindmagneton","p2id":"jacoblaye","formatid":"gen9vgc2023regulationc","rating":1195,"private":0,"password":""}