{"id":"gen9vgc2023regulationc-1852411338","p1":"sexyschlo","p2":"anshar_training","format":"[Gen 9] VGC 2023 Regulation C","log":"|j|\u2606sexyschlo\n|j|\u2606anshar_training\n|t:|1682554312\n|gametype|doubles\n|player|p1|sexyschlo|266|1175\n|player|p2|anshar_training|colress|1147\n|teamsize|p1|6\n|teamsize|p2|6\n|gen|9\n|tier|[Gen 9] VGC 2023 Regulation C\n|rated|\n|rule|Species Clause: Limit one of each Pok\u00e9mon\n|rule|Item Clause: Limit one of each item\n|clearpoke\n|poke|p1|Torkoal, L50, M|\n|poke|p1|Scovillain, L50, M|\n|poke|p1|Roaring Moon, L50|\n|poke|p1|Flutter Mane, L50|\n|poke|p1|Talonflame, L50, M|\n|poke|p1|Great Tusk, L50|\n|poke|p2|Palafin, L50, F|\n|poke|p2|Flutter Mane, L50|\n|poke|p2|Arcanine, L50, M|\n|poke|p2|Amoonguss, L50, M|\n|poke|p2|Ting-Lu, L50|\n|poke|p2|Roaring Moon, L50|\n|teampreview|4\n|inactive|Battle timer is ON: inactive players will automatically lose when time's up. (requested by anshar_training)\n|\n|t:|1682554373\n|start\n|switch|p1a: Talonflame|Talonflame, L50, M|100\/100\n|switch|p1b: Great Tusk|Great Tusk, L50|100\/100\n|switch|p2a: PlusUltra|Palafin, L50, F|100\/100\n|switch|p2b: Susy|Amoonguss, L50, M|100\/100\n|turn|1\n|inactive|sexyschlo has 30 seconds left.\n|inactive|sexyschlo has 20 seconds left.\n|inactive|sexyschlo has 15 seconds left.\n|inactive|sexyschlo has 10 seconds left.\n|\n|t:|1682554419\n|-terastallize|p2b: Susy|Water\n|move|p2b: Susy|Rage Powder|p2b: Susy\n|-singleturn|p2b: Susy|move: Rage Powder\n|move|p2a: PlusUltra|Jet Punch|p1a: Talonflame\n|-supereffective|p1a: Talonflame\n|-damage|p1a: Talonflame|17\/100\n|move|p1a: Talonflame|Flamethrower|p2b: Susy\n|-resisted|p2b: Susy\n|-damage|p2b: Susy|85\/100\n|move|p1b: Great Tusk|Earthquake|p2a: PlusUltra|[spread] p2a,p2b\n|-immune|p1a: Talonflame\n|-damage|p2a: PlusUltra|51\/100\n|-damage|p2b: Susy|48\/100\n|-enditem|p2b: Susy|Sitrus Berry|[eat]\n|-heal|p2b: Susy|73\/100|[from] item: Sitrus Berry\n|\n|upkeep\n|turn|2\n|inactive|anshar_training has 30 seconds left.\n|\n|t:|1682554446\n|detailschange|p2a: PlusUltra|Palafin-Hero, L50, F\n|switch|p2a: Benito|Roaring Moon, L50|100\/100\n|-enditem|p2a: Benito|Booster Energy\n|-activate|p2a: Benito|ability: Protosynthesis|[fromitem]\n|-start|p2a: Benito|protosynthesisatk\n|-terastallize|p1b: Great Tusk|Dark\n|move|p1a: Talonflame|Protect|p1a: Talonflame\n|-singleturn|p1a: Talonflame|Protect\n|move|p1b: Great Tusk|Knock Off|p2b: Susy\n|-damage|p2b: Susy|41\/100\n|move|p2b: Susy|Spore|p1b: Great Tusk\n|-status|p1b: Great Tusk|slp|[from] move: Spore\n|\n|upkeep\n|turn|3\n|\n|t:|1682554468\n|move|p2b: Susy|Rage Powder|p2b: Susy\n|-singleturn|p2b: Susy|move: Rage Powder\n|move|p1a: Talonflame|Tailwind|p1a: Talonflame\n|-sidestart|p1: sexyschlo|move: Tailwind\n|cant|p1b: Great Tusk|slp\n|move|p2a: Benito|Dragon Dance|p2a: Benito\n|-boost|p2a: Benito|atk|1\n|-boost|p2a: Benito|spe|1\n|\n|upkeep\n|turn|4\n|inactive|anshar_training has 30 seconds left.\n|\n|t:|1682554496\n|switch|p2b: Cornelia|Flutter Mane, L50|100\/100\n|move|p1a: Talonflame|U-turn|p2a: Benito\n|-supereffective|p2a: Benito\n|-damage|p2a: Benito|75\/100\n|\n|t:|1682554504\n|switch|p1a: Roaring Moon|Roaring Moon, L50|100\/100|[from] U-turn\n|-curestatus|p1b: Great Tusk|slp|[msg]\n|move|p1b: Great Tusk|Close Combat|p2a: Benito\n|-supereffective|p2a: Benito\n|-damage|p2a: Benito|0 fnt\n|-unboost|p1b: Great Tusk|def|1\n|-unboost|p1b: Great Tusk|spd|1\n|faint|p2a: Benito\n|-end|p2a: Benito|Protosynthesis|[silent]\n|\n|upkeep\n|\n|t:|1682554514\n|switch|p2a: PlusUltra|Palafin-Hero, L50, F|51\/100\n|-activate|p2a: PlusUltra|ability: Zero to Hero\n|turn|5\n|\n|t:|1682554539\n|-end|p1b: Great Tusk|Protosynthesis|[silent]\n|switch|p1b: Torkoal|Torkoal, L50, M|100\/100\n|-weather|SunnyDay|[from] ability: Drought|[of] p1b: Torkoal\n|-activate|p1a: Roaring Moon|ability: Protosynthesis\n|-start|p1a: Roaring Moon|protosynthesisatk\n|-activate|p2b: Cornelia|ability: Protosynthesis\n|-start|p2b: Cornelia|protosynthesisspe\n|move|p1a: Roaring Moon|Iron Head|p2b: Cornelia\n|-supereffective|p2b: Cornelia\n|-damage|p2b: Cornelia|0 fnt\n|faint|p2b: Cornelia\n|-end|p2b: Cornelia|Protosynthesis|[silent]\n|move|p2a: PlusUltra|Wave Crash|p1b: Torkoal\n|-supereffective|p1b: Torkoal\n|-damage|p1b: Torkoal|22\/100\n|-damage|p2a: PlusUltra|32\/100|[from] Recoil\n|\n|-weather|SunnyDay|[upkeep]\n|upkeep\n|\n|t:|1682554553\n|switch|p2b: Susy|Amoonguss, L50, M, tera:Water|74\/100\n|turn|6\n|\n|t:|1682554563\n|-end|p1a: Roaring Moon|Protosynthesis|[silent]\n|switch|p1a: Talonflame|Talonflame, L50, M|17\/100\n|move|p2b: Susy|Rage Powder|p2b: Susy\n|-singleturn|p2b: Susy|move: Rage Powder\n|move|p2a: PlusUltra|Jet Punch|p1b: Torkoal\n|-supereffective|p1b: Torkoal\n|-damage|p1b: Torkoal|0 fnt\n|faint|p1b: Torkoal\n|\n|-weather|SunnyDay|[upkeep]\n|-sideend|p1: sexyschlo|move: Tailwind\n|upkeep\n|\n|t:|1682554576\n|switch|p1b: Great Tusk|Great Tusk, L50, tera:Dark|100\/100\n|-activate|p1b: Great Tusk|ability: Protosynthesis\n|-start|p1b: Great Tusk|protosynthesisatk\n|turn|7\n|\n|t:|1682554595\n|move|p2a: PlusUltra|Protect|p2a: PlusUltra\n|-singleturn|p2a: PlusUltra|Protect\n|move|p1a: Talonflame|Tailwind|p1a: Talonflame\n|-sidestart|p1: sexyschlo|move: Tailwind\n|move|p1b: Great Tusk|Earthquake|p2a: PlusUltra|[spread] p2b\n|-activate|p2a: PlusUltra|move: Protect\n|-immune|p1a: Talonflame\n|-damage|p2b: Susy|30\/100\n|move|p2b: Susy|Spore|p1b: Great Tusk\n|-status|p1b: Great Tusk|slp|[from] move: Spore\n|\n|-weather|SunnyDay|[upkeep]\n|upkeep\n|turn|8\n|\n|t:|1682554613\n|move|p2a: PlusUltra|Jet Punch|p1a: Talonflame|[miss]\n|-miss|p2a: PlusUltra|p1a: Talonflame\n|move|p1a: Talonflame|U-turn|p2b: Susy\n|-damage|p2b: Susy|19\/100\n|\n|t:|1682554618\n|switch|p1a: Roaring Moon|Roaring Moon, L50|100\/100|[from] U-turn\n|-activate|p1a: Roaring Moon|ability: Protosynthesis\n|-start|p1a: Roaring Moon|protosynthesisatk\n|cant|p1b: Great Tusk|slp\n|move|p2b: Susy|Pollen Puff|p2a: PlusUltra\n|-heal|p2a: PlusUltra|82\/100\n|\n|-weather|SunnyDay|[upkeep]\n|upkeep\n|turn|9\n|\n|t:|1682554635\n|move|p2b: Susy|Rage Powder|p2b: Susy\n|-singleturn|p2b: Susy|move: Rage Powder\n|move|p1a: Roaring Moon|Outrage|p2b: Susy\n|-damage|p2b: Susy|0 fnt\n|faint|p2b: Susy\n|cant|p1b: Great Tusk|slp\n|move|p2a: PlusUltra|Wave Crash|p1a: Roaring Moon\n|-resisted|p1a: Roaring Moon\n|-damage|p1a: Roaring Moon|69\/100\n|-damage|p2a: PlusUltra|72\/100|[from] Recoil\n|\n|-weather|SunnyDay|[upkeep]\n|upkeep\n|turn|10\n|\n|t:|1682554650\n|move|p1a: Roaring Moon|Outrage|p2a: PlusUltra|[from]lockedmove\n|-damage|p2a: PlusUltra|0 fnt\n|faint|p2a: PlusUltra\n|-start|p1a: Roaring Moon|confusion|[fatigue]\n|\n|win|sexyschlo\n|raw|sexyschlo's rating: 1175 → 1198<\/strong> (+23 for winning)\n|raw|anshar_training's rating: 1147 → 1124<\/strong> (-23 for losing)\n|l|\u2606sexyschlo\n","uploadtime":1682554658,"views":12,"p1id":"sexyschlo","p2id":"anshartraining","formatid":"gen9vgc2023regulationc","rating":1124,"private":0,"password":""}