{"id":"gen9vgc2023regulationc-1863606269","p1":"Dragon Master Rosa","p2":"amor y sol","format":"[Gen 9] VGC 2023 Regulation C","log":"|j|\u2606Dragon Master Rosa\n|j|\u2606amor y sol\n|t:|1684042037\n|gametype|doubles\n|player|p1|Dragon Master Rosa|rosa|\n|player|p2|amor y sol|gambler|\n|teamsize|p1|6\n|teamsize|p2|6\n|gen|9\n|tier|[Gen 9] VGC 2023 Regulation C\n|rated|Tournament battle\n|rule|Species Clause: Limit one of each Pok\u00e9mon\n|rule|Item Clause: Limit one of each item\n|clearpoke\n|poke|p1|Ting-Lu, L50|\n|poke|p1|Iron Hands, L50|\n|poke|p1|Flutter Mane, L50|\n|poke|p1|Amoonguss, L50, F|\n|poke|p1|Arcanine, L50, F|\n|poke|p1|Palafin, L50, F|\n|poke|p2|Ceruledge, L50, M|\n|poke|p2|Wo-Chien, L50|\n|poke|p2|Gholdengo, L50|\n|poke|p2|Maushold-Four, L50|\n|poke|p2|Iron Bundle, L50|\n|poke|p2|Tauros-Paldea-Aqua, L50, M|\n|teampreview|4\n|raw| Open Team Sheet for Dragon Master Rosa<\/summary>Ting-Lu @ Assault Vest Ability: Vessel of Ruin Level: 50 Tera Type: Poison - Heavy Slam - Rock Slide - Stomping Tantrum - Fissure Iron Hands @ Lum Berry Ability: Quark Drive Level: 50 Tera Type: Grass - Drain Punch - Fake Out - Wild Charge - Ice Punch Flutter Mane @ Choice Specs Ability: Protosynthesis Level: 50 Tera Type: Fairy - Moonblast - Shadow Ball - Dazzling Gleam - Thunderbolt Amoonguss @ Sitrus Berry Ability: Regenerator Level: 50 Tera Type: Water - Spore - Rage Powder - Pollen Puff - Protect Arcanine @ Safety Goggles Ability: Intimidate Level: 50 Tera Type: Water - Flare Blitz - Protect - Close Combat - Extreme Speed Palafin @ Mystic Water Ability: Zero to Hero Level: 50 Tera Type: Water - Jet Punch - Wave Crash - Protect - Close Combat <\/details><\/div> Open Team Sheet for amor y sol<\/summary>Ceruledge (M) @ Clear Amulet Ability: Flash Fire Level: 50 Shiny: Yes Tera Type: Grass - Bitter Blade - Shadow Sneak - Bulk Up - Protect Wo-Chien @ Assault Vest Ability: Tablets of Ruin Level: 50 Tera Type: Water - Foul Play - Tera Blast - Leaf Storm - Pollen Puff Gholdengo @ Leftovers Ability: Good as Gold Level: 50 Tera Type: Water - Protect - Shadow Ball - Make It Rain - Nasty Plot Maushold (Maushold-Four) @ Safety Goggles Ability: Friend Guard Level: 50 Shiny: Yes Tera Type: Ghost - Follow Me - Protect - Super Fang - Encore Iron Bundle @ Booster Energy Ability: Quark Drive Level: 50 Shiny: Yes Tera Type: Ghost - Freeze-Dry - Icy Wind - Hydro Pump - Protect Tauros (Tauros-Paldea-Aqua) (M) @ Mirror Herb Ability: Intimidate Level: 50 Tera Type: Water - Wave Crash - Close Combat - Aqua Jet - Protect <\/details><\/div>\n|c|\u2606Dragon Master Rosa|glhf\n|c|\u2606amor y sol|u2\n|j| Dillosaurus\n|\n|t:|1684042091\n|start\n|switch|p1a: Ting-Lu|Ting-Lu, L50|100\/100\n|switch|p1b: Amoonguss|Amoonguss, L50, F|100\/100\n|switch|p2a: Ceruledge|Ceruledge, L50, M, shiny|100\/100\n|switch|p2b: Maushold|Maushold-Four, L50, shiny|100\/100\n|-ability|p1a: Ting-Lu|Vessel of Ruin\n|turn|1\n|\n|t:|1684042118\n|-terastallize|p2a: Ceruledge|Grass\n|move|p2b: Maushold|Super Fang|p1a: Ting-Lu\n|-damage|p1a: Ting-Lu|51\/100\n|move|p2a: Ceruledge|Bulk Up|p2a: Ceruledge\n|-boost|p2a: Ceruledge|atk|1\n|-boost|p2a: Ceruledge|def|1\n|move|p1a: Ting-Lu|Rock Slide|p2a: Ceruledge|[spread] p2a,p2b\n|-damage|p2a: Ceruledge|90\/100\n|-damage|p2b: Maushold|78\/100\n|move|p1b: Amoonguss|Spore|p2a: Ceruledge\n|-immune|p2a: Ceruledge\n|\n|upkeep\n|turn|2\n|j| Ban Tera Ghost\n|\n|t:|1684042144\n|-terastallize|p1b: Amoonguss|Water\n|move|p2b: Maushold|Super Fang|p1a: Ting-Lu\n|-damage|p1a: Ting-Lu|26\/100\n|move|p2a: Ceruledge|Bitter Blade|p1a: Ting-Lu\n|-damage|p1a: Ting-Lu|0 fnt\n|-heal|p2a: Ceruledge|100\/100|[from] drain|[of] p1a: Ting-Lu\n|faint|p1a: Ting-Lu\n|move|p1b: Amoonguss|Pollen Puff|p1: Ting-Lu|[notarget]\n|-fail|p1b: Amoonguss\n|\n|upkeep\n|\n|t:|1684042151\n|switch|p1a: Iron Hands|Iron Hands, L50|100\/100\n|turn|3\n|\n|t:|1684042170\n|move|p2b: Maushold|Super Fang|p1a: Iron Hands\n|-damage|p1a: Iron Hands|50\/100\n|move|p2a: Ceruledge|Bitter Blade|p1a: Iron Hands\n|-damage|p1a: Iron Hands|3\/100\n|move|p1a: Iron Hands|Ice Punch|p2a: Ceruledge\n|-supereffective|p2a: Ceruledge\n|-damage|p2a: Ceruledge|72\/100\n|move|p1b: Amoonguss|Pollen Puff|p2a: Ceruledge\n|-supereffective|p2a: Ceruledge\n|-damage|p2a: Ceruledge|45\/100\n|\n|upkeep\n|turn|4\n|\n|t:|1684042193\n|move|p2b: Maushold|Super Fang|p1b: Amoonguss|[miss]\n|-miss|p2b: Maushold|p1b: Amoonguss\n|move|p2a: Ceruledge|Bitter Blade|p1a: Iron Hands\n|-damage|p1a: Iron Hands|0 fnt\n|-heal|p2a: Ceruledge|47\/100|[from] drain|[of] p1a: Iron Hands\n|faint|p1a: Iron Hands\n|-end|p1a: Iron Hands|Quark Drive|[silent]\n|move|p1b: Amoonguss|Pollen Puff|p2a: Ceruledge\n|-supereffective|p2a: Ceruledge\n|-damage|p2a: Ceruledge|21\/100\n|\n|upkeep\n|\n|t:|1684042198\n|switch|p1a: Flutter Mane|Flutter Mane, L50|100\/100\n|turn|5\n|\n|t:|1684042214\n|move|p2a: Ceruledge|Protect|p2a: Ceruledge\n|-singleturn|p2a: Ceruledge|Protect\n|move|p1a: Flutter Mane|Moonblast|p2b: Maushold\n|-damage|p2b: Maushold|0 fnt\n|faint|p2b: Maushold\n|move|p1b: Amoonguss|Pollen Puff|p2a: Ceruledge\n|-activate|p2a: Ceruledge|move: Protect\n|\n|upkeep\n|\n|t:|1684042222\n|switch|p2b: Wo-Chien|Wo-Chien, L50|100\/100\n|-ability|p2b: Wo-Chien|Tablets of Ruin\n|turn|6\n|\n|t:|1684042237\n|move|p2a: Ceruledge|Shadow Sneak|p1a: Flutter Mane\n|-supereffective|p1a: Flutter Mane\n|-damage|p1a: Flutter Mane|33\/100\n|move|p1a: Flutter Mane|Moonblast|p2a: Ceruledge\n|-damage|p2a: Ceruledge|0 fnt\n|faint|p2a: Ceruledge\n|move|p2b: Wo-Chien|Leaf Storm|p1a: Flutter Mane\n|-damage|p1a: Flutter Mane|0 fnt\n|-unboost|p2b: Wo-Chien|spa|2\n|faint|p1a: Flutter Mane\n|-end|p1a: Flutter Mane|Protosynthesis|[silent]\n|move|p1b: Amoonguss|Pollen Puff|p2b: Wo-Chien\n|-supereffective|p2b: Wo-Chien\n|-damage|p2b: Wo-Chien|61\/100\n|\n|upkeep\n|\n|t:|1684042243\n|switch|p2a: Iron Bundle|Iron Bundle, L50, shiny|100\/100\n|-enditem|p2a: Iron Bundle|Booster Energy\n|-activate|p2a: Iron Bundle|ability: Quark Drive|[fromitem]\n|-start|p2a: Iron Bundle|quarkdrivespe\n|turn|7\n|\n|t:|1684042251\n|move|p2a: Iron Bundle|Freeze-Dry|p1b: Amoonguss\n|-supereffective|p1b: Amoonguss\n|-damage|p1b: Amoonguss|30\/100\n|-enditem|p1b: Amoonguss|Sitrus Berry|[eat]\n|-heal|p1b: Amoonguss|55\/100|[from] item: Sitrus Berry\n|move|p2b: Wo-Chien|Leaf Storm|p1b: Amoonguss\n|-supereffective|p1b: Amoonguss\n|-damage|p1b: Amoonguss|11\/100\n|-unboost|p2b: Wo-Chien|spa|2\n|move|p1b: Amoonguss|Spore|p2a: Iron Bundle\n|-status|p2a: Iron Bundle|slp|[from] move: Spore\n|\n|upkeep\n|turn|8\n|\n|t:|1684042261\n|cant|p2a: Iron Bundle|slp\n|move|p2b: Wo-Chien|Foul Play|p1b: Amoonguss\n|-damage|p1b: Amoonguss|0 fnt\n|faint|p1b: Amoonguss\n|\n|win|amor y sol\n|n|\u2606Dragon Master Rosa|dragonmasterrosa\n|n|\u2606amor y sol|amorysol\n|n| Dillosaurus|dillosaurus\n|n| Ban Tera Ghost|banteraghost\n","uploadtime":1684042262,"views":11,"p1id":"dragonmasterrosa","p2id":"amorysol","formatid":"gen9vgc2023regulationc","rating":0,"private":0,"password":""}