{"id":"gen9vgc2023regulationc-1863712583","p1":"Freischieb","p2":"TommyT08","format":"[Gen 9] VGC 2023 Regulation C","log":"|j|\u2606Freischieb\n|j|\u2606TommyT08\n|t:|1684065370\n|gametype|doubles\n|player|p1|Freischieb|169|\n|player|p2|TommyT08|266|\n|teamsize|p1|6\n|teamsize|p2|6\n|gen|9\n|tier|[Gen 9] VGC 2023 Regulation C\n|rule|Species Clause: Limit one of each Pok\u00e9mon\n|rule|Item Clause: Limit one of each item\n|clearpoke\n|poke|p1|Lycanroc-Dusk, L50, F|\n|poke|p1|Chien-Pao, L50|\n|poke|p1|Arcanine, L50, F|\n|poke|p1|Mabosstiff, L50, M|\n|poke|p1|Drifblim, L50, F|\n|poke|p1|Glimmora, L50, F|\n|poke|p2|Garganacl, L50, F|\n|poke|p2|Naclstack, L50, M|\n|poke|p2|Nacli, L50, F|\n|poke|p2|Gothitelle, L50, F|\n|poke|p2|Gyarados, L50, F|\n|poke|p2|Ting-Lu, L50|\n|teampreview|4\nTommyT08 has agreed to open team sheets.\nFreischieb has agreed to open team sheets.\n|\n|t:|1684065411\n|start\n|switch|p1a: Arcanine|Arcanine, L50, F|100\/100\n|switch|p1b: Drifblim|Drifblim, L50, F|100\/100\n|switch|p2a: Garganacl|Garganacl, L50, F, shiny|100\/100\n|switch|p2b: Naclstack|Naclstack, L50, M, shiny|100\/100\n|-ability|p1a: Arcanine|Intimidate|boost\n|-unboost|p2a: Garganacl|atk|1\n|-unboost|p2b: Naclstack|atk|1\n|turn|1\n|\n|t:|1684065435\n|-terastallize|p1a: Arcanine|Water\n|move|p1a: Arcanine|Howl|p1a: Arcanine|[spread] p1a,p1b\n|-boost|p1a: Arcanine|atk|1\n|-boost|p1b: Drifblim|atk|1\n|move|p1b: Drifblim|Minimize|p1b: Drifblim\n|-boost|p1b: Drifblim|evasion|2\n|move|p2a: Garganacl|Salt Cure|p1b: Drifblim|[miss]\n|-miss|p2a: Garganacl|p1b: Drifblim\n|move|p2b: Naclstack|Salt Cure|p1a: Arcanine\n|-damage|p1a: Arcanine|94\/100\n|\n|upkeep\n|turn|2\n|\n|t:|1684065451\n|move|p1a: Arcanine|Howl|p1a: Arcanine|[spread] p1a,p1b\n|-boost|p1a: Arcanine|atk|1\n|-boost|p1b: Drifblim|atk|1\n|move|p1b: Drifblim|Focus Energy|p1b: Drifblim\n|-start|p1b: Drifblim|move: Focus Energy\n|move|p2a: Garganacl|Salt Cure|p1b: Drifblim\n|-supereffective|p1b: Drifblim\n|-damage|p1b: Drifblim|85\/100\n|-start|p1b: Drifblim|Salt Cure\n|move|p2b: Naclstack|Salt Cure|p1b: Drifblim|[miss]\n|-miss|p2b: Naclstack|p1b: Drifblim\n|\n|-damage|p1b: Drifblim|73\/100|[from] Salt Cure\n|upkeep\n|turn|3\n|\n|t:|1684065533\n|switch|p2a: Ting-Lu|Ting-Lu, L50|100\/100\n|-ability|p2a: Ting-Lu|Vessel of Ruin\n|move|p1a: Arcanine|Howl|p1a: Arcanine|[spread] p1a,p1b\n|-boost|p1a: Arcanine|atk|1\n|-boost|p1b: Drifblim|atk|1\n|move|p1b: Drifblim|Baton Pass|p1b: Drifblim\n|\n|t:|1684065540\n|switch|p1b: Lycanroc|Lycanroc-Dusk, L50, F|100\/100|[from] Baton Pass\n|move|p2b: Naclstack|Iron Defense|p2b: Naclstack\n|-boost|p2b: Naclstack|def|2\n|\n|upkeep\n|turn|4\n|\n|t:|1684065581\n|move|p1a: Arcanine|Howl|p1a: Arcanine|[spread] p1a,p1b\n|-boost|p1a: Arcanine|atk|1\n|-boost|p1b: Lycanroc|atk|1\n|move|p1b: Lycanroc|Drill Run|p2a: Ting-Lu|[miss]\n|-miss|p1b: Lycanroc|p2a: Ting-Lu\n|move|p2a: Ting-Lu|Body Press|p1b: Lycanroc\n|-supereffective|p1b: Lycanroc\n|-damage|p1b: Lycanroc|32\/100\n|move|p2b: Naclstack|Salt Cure|p1b: Lycanroc|[miss]\n|-miss|p2b: Naclstack|p1b: Lycanroc\n|\n|upkeep\n|turn|5\n|\n|t:|1684065601\n|move|p1a: Arcanine|Iron Head|p2b: Naclstack\n|-supereffective|p2b: Naclstack\n|-damage|p2b: Naclstack|47\/100\n|move|p1b: Lycanroc|Close Combat|p2a: Ting-Lu\n|-supereffective|p2a: Ting-Lu\n|-crit|p2a: Ting-Lu\n|-damage|p2a: Ting-Lu|0 fnt\n|-unboost|p1b: Lycanroc|def|1\n|-unboost|p1b: Lycanroc|spd|1\n|faint|p2a: Ting-Lu\n|move|p2b: Naclstack|Salt Cure|p1b: Lycanroc\n|-damage|p1b: Lycanroc|20\/100\n|-start|p1b: Lycanroc|Salt Cure\n|\n|-damage|p1b: Lycanroc|8\/100|[from] Salt Cure\n|upkeep\n|\n|t:|1684065614\n|switch|p2a: Garganacl|Garganacl, L50, F, shiny|100\/100\n|turn|6\n|\n|t:|1684065633\n|move|p2a: Garganacl|Protect|p2a: Garganacl\n|-singleturn|p2a: Garganacl|Protect\n|move|p2b: Naclstack|Protect|p2b: Naclstack\n|-singleturn|p2b: Naclstack|Protect\n|move|p1a: Arcanine|Iron Head|p2b: Naclstack\n|-activate|p2b: Naclstack|move: Protect\n|move|p1b: Lycanroc|Drill Run|p2a: Garganacl\n|-activate|p2a: Garganacl|move: Protect\n|\n|-damage|p1b: Lycanroc|0 fnt|[from] Salt Cure\n|faint|p1b: Lycanroc\n|upkeep\n|\n|t:|1684065638\n|switch|p1b: Drifblim|Drifblim, L50, F|73\/100\n|turn|7\n|\n|t:|1684065651\n|-terastallize|p2b: Naclstack|Ghost\n|move|p1a: Arcanine|Iron Head|p2b: Naclstack\n|-damage|p2b: Naclstack|21\/100\n|move|p1b: Drifblim|Minimize|p1b: Drifblim\n|-boost|p1b: Drifblim|evasion|2\n|move|p2a: Garganacl|Salt Cure|p1b: Drifblim|[miss]\n|-miss|p2a: Garganacl|p1b: Drifblim\n|move|p2b: Naclstack|Recover|p2b: Naclstack\n|-heal|p2b: Naclstack|71\/100\n|\n|upkeep\n|turn|8\n|\n|t:|1684065704\n|move|p1a: Arcanine|Iron Head|p2a: Garganacl\n|-supereffective|p2a: Garganacl\n|-damage|p2a: Garganacl|9\/100\n|move|p1b: Drifblim|Minimize|p1b: Drifblim\n|-boost|p1b: Drifblim|evasion|2\n|move|p2a: Garganacl|Salt Cure|p1b: Drifblim|[miss]\n|-miss|p2a: Garganacl|p1b: Drifblim\n|move|p2b: Naclstack|Iron Defense|p2b: Naclstack\n|-boost|p2b: Naclstack|def|2\n|\n|-heal|p2a: Garganacl|15\/100|[from] item: Leftovers\n|upkeep\n|turn|9\n|\n|t:|1684065736\n|move|p1a: Arcanine|Howl|p1a: Arcanine|[spread] p1a,p1b\n|-boost|p1a: Arcanine|atk|1\n|-boost|p1b: Drifblim|atk|1\n|move|p1b: Drifblim|Focus Energy|p1b: Drifblim\n|-start|p1b: Drifblim|move: Focus Energy\n|move|p2a: Garganacl|Salt Cure|p1b: Drifblim|[miss]\n|-miss|p2a: Garganacl|p1b: Drifblim\n|move|p2b: Naclstack|Iron Defense|p2b: Naclstack\n|-boost|p2b: Naclstack|def|2\n|\n|-heal|p2a: Garganacl|21\/100|[from] item: Leftovers\n|upkeep\n|turn|10\n|\n|t:|1684065755\n|move|p2a: Garganacl|Protect|p2a: Garganacl\n|-singleturn|p2a: Garganacl|Protect\n|move|p1a: Arcanine|Iron Head|p2a: Garganacl\n|-activate|p2a: Garganacl|move: Protect\n|move|p1b: Drifblim|Baton Pass|p1b: Drifblim\n|\n|t:|1684065761\n|switch|p1b: Chien-Pao|Chien-Pao, L50|100\/100|[from] Baton Pass\n|-ability|p1b: Chien-Pao|Sword of Ruin\n|move|p2b: Naclstack|Salt Cure|p1b: Chien-Pao\n|-supereffective|p1b: Chien-Pao\n|-damage|p1b: Chien-Pao|87\/100\n|-start|p1b: Chien-Pao|Salt Cure\n|\n|-heal|p2a: Garganacl|28\/100|[from] item: Leftovers\n|-damage|p1b: Chien-Pao|75\/100|[from] Salt Cure\n|upkeep\n|turn|11\n|\n|t:|1684065793\n|switch|p2a: Gothitelle|Gothitelle, L50, F|100\/100\n|move|p1b: Chien-Pao|Throat Chop|p2b: Naclstack\n|-supereffective|p2b: Naclstack\n|-crit|p2b: Naclstack\n|-damage|p2b: Naclstack|0 fnt\n|faint|p2b: Naclstack\n|move|p1a: Arcanine|Iron Head|p2a: Gothitelle\n|-damage|p2a: Gothitelle|11\/100\n|-enditem|p2a: Gothitelle|Sitrus Berry|[eat]\n|-heal|p2a: Gothitelle|36\/100|[from] item: Sitrus Berry\n|\n|-damage|p1b: Chien-Pao|63\/100|[from] Salt Cure\n|upkeep\n|\n|t:|1684065805\n|switch|p2b: Garganacl|Garganacl, L50, F, shiny|28\/100\n|turn|12\n|\n|t:|1684065810\n|move|p2a: Gothitelle|Protect|p2a: Gothitelle\n|-singleturn|p2a: Gothitelle|Protect\n|move|p2b: Garganacl|Protect|p2b: Garganacl\n|-singleturn|p2b: Garganacl|Protect\n|move|p1b: Chien-Pao|Throat Chop|p2a: Gothitelle\n|-activate|p2a: Gothitelle|move: Protect\n|move|p1a: Arcanine|Iron Head|p2b: Garganacl\n|-activate|p2b: Garganacl|move: Protect\n|\n|-heal|p2b: Garganacl|34\/100|[from] item: Leftovers\n|-damage|p1b: Chien-Pao|51\/100|[from] Salt Cure\n|upkeep\n|turn|13\n|\n|t:|1684065843\n|move|p2a: Gothitelle|Protect||[still]\n|-fail|p2a: Gothitelle\n|move|p2b: Garganacl|Protect||[still]\n|-fail|p2b: Garganacl\n|move|p1b: Chien-Pao|Throat Chop|p2a: Gothitelle\n|-supereffective|p2a: Gothitelle\n|-damage|p2a: Gothitelle|0 fnt\n|faint|p2a: Gothitelle\n|move|p1a: Arcanine|Iron Head|p2b: Garganacl\n|-supereffective|p2b: Garganacl\n|-damage|p2b: Garganacl|0 fnt\n|faint|p2b: Garganacl\n|\n|win|Freischieb\n|l|\u2606Freischieb\n|l|\u2606TommyT08\n|j|\u2606TommyT08\n|player|p2|TommyT08|266\n","uploadtime":1684065855,"views":16,"p1id":"freischieb","p2id":"tommyt08","formatid":"gen9vgc2023regulationc","rating":0,"private":0,"password":""}