{"id":"gen9vgc2023regulationc-1857249159","p1":"Thoth567","p2":"NicoHaxVGC","format":"[Gen 9] VGC 2023 Regulation C","log":"|j|\u2606Thoth567\n|j|\u2606NicoHaxVGC\n|t:|1683163302\n|gametype|doubles\n|player|p1|Thoth567|harlequin|1263\n|player|p2|NicoHaxVGC|red|1320\n|teamsize|p1|6\n|teamsize|p2|6\n|gen|9\n|tier|[Gen 9] VGC 2023 Regulation C\n|rated|\n|rule|Species Clause: Limit one of each Pok\u00e9mon\n|rule|Item Clause: Limit one of each item\n|clearpoke\n|poke|p1|Lucario, L50, M|\n|poke|p1|Vaporeon, L50, M|\n|poke|p1|Maushold, L50|\n|poke|p1|Pelipper, L50, F|\n|poke|p1|Meowscarada, L50, M|\n|poke|p1|Tauros-Paldea-Blaze, L50, M|\n|poke|p2|Corviknight, L50, F|\n|poke|p2|Ting-Lu, L50|\n|poke|p2|Annihilape, L50, M|\n|poke|p2|Maushold, L50|\n|poke|p2|Iron Bundle, L50|\n|poke|p2|Flutter Mane, L50|\n|teampreview|4\n|inactive|Battle timer is ON: inactive players will automatically lose when time's up. (requested by NicoHaxVGC)\n|\n|t:|1683163324\n|start\n|switch|p1a: Maushold|Maushold, L50|100\/100\n|switch|p1b: Lucario|Lucario, L50, M|100\/100\n|switch|p2a: Cyborg|Iron Bundle, L50|100\/100\n|switch|p2b: Robin|Annihilape, L50, M|100\/100\n|-enditem|p2a: Cyborg|Booster Energy\n|-activate|p2a: Cyborg|ability: Quark Drive|[fromitem]\n|-start|p2a: Cyborg|quarkdrivespe\n|turn|1\n|\n|t:|1683163351\n|move|p2a: Cyborg|Protect|p2a: Cyborg\n|-singleturn|p2a: Cyborg|Protect\n|move|p1a: Maushold|Beat Up|p1b: Lucario\n|-resisted|p1b: Lucario\n|-damage|p1b: Lucario|99\/100\n|-ability|p1b: Lucario|Justified|boost\n|-boost|p1b: Lucario|atk|1\n|-resisted|p1b: Lucario\n|-damage|p1b: Lucario|98\/100\n|-ability|p1b: Lucario|Justified|boost\n|-boost|p1b: Lucario|atk|1\n|-resisted|p1b: Lucario\n|-damage|p1b: Lucario|96\/100\n|-ability|p1b: Lucario|Justified|boost\n|-boost|p1b: Lucario|atk|1\n|-resisted|p1b: Lucario\n|-damage|p1b: Lucario|95\/100\n|-ability|p1b: Lucario|Justified|boost\n|-boost|p1b: Lucario|atk|1\n|-hitcount|p1b: Lucario|4\n|move|p2b: Robin|Drain Punch|p1a: Maushold\n|-supereffective|p1a: Maushold\n|-damage|p1a: Maushold|8\/100\n|-enditem|p1a: Maushold|Red Card|[of] p2b: Robin\n|drag|p2b: Star fire|Flutter Mane, L50|100\/100\n|move|p1b: Lucario|Thunder Punch|p2a: Cyborg\n|-activate|p2a: Cyborg|move: Protect\n|\n|upkeep\n|turn|2\n|inactive|NicoHaxVGC has 30 seconds left.\n|inactive|NicoHaxVGC has 20 seconds left.\n|inactive|Thoth567 has 30 seconds left.\n|inactive|NicoHaxVGC has 15 seconds left.\n|inactive|Thoth567 has 20 seconds left.\n|inactive|Thoth567 has 15 seconds left.\n|\n|t:|1683163408\n|switch|p1a: Meowscarada|Meowscarada, L50, M|100\/100\n|-end|p2b: Star fire|Protosynthesis|[silent]\n|switch|p2b: Raven|Corviknight, L50, F|100\/100\n|move|p1b: Lucario|Extreme Speed|p2a: Cyborg\n|-damage|p2a: Cyborg|7\/100\n|move|p2a: Cyborg|Icy Wind|p1a: Meowscarada|[spread] p1a,p1b\n|-supereffective|p1a: Meowscarada\n|-resisted|p1b: Lucario\n|-damage|p1a: Meowscarada|45\/100\n|-damage|p1b: Lucario|81\/100\n|-unboost|p1a: Meowscarada|spe|1\n|-unboost|p1b: Lucario|spe|1\n|\n|upkeep\n|turn|3\n|\n|t:|1683163429\n|-end|p2a: Cyborg|Quark Drive|[silent]\n|switch|p2a: Robin|Annihilape, L50, M|100\/100\n|move|p1b: Lucario|Bullet Punch|p2a: Robin\n|-damage|p2a: Robin|37\/100\n|move|p1a: Meowscarada|Knock Off|p2b: Raven\n|-start|p1a: Meowscarada|typechange|Dark|[from] ability: Protean\n|-damage|p2b: Raven|63\/100\n|-enditem|p2b: Raven|Lum Berry|[from] move: Knock Off|[of] p1a: Meowscarada\n|move|p2b: Raven|Brave Bird|p1b: Lucario\n|-crit|p1b: Lucario\n|-damage|p1b: Lucario|0 fnt\n|faint|p1b: Lucario\n|-damage|p2b: Raven|40\/100|[from] Recoil\n|\n|-heal|p2a: Robin|43\/100|[from] item: Leftovers\n|upkeep\n|\n|t:|1683163436\n|switch|p1b: Tauros|Tauros-Paldea-Blaze, L50, M|100\/100\n|turn|4\n|inactive|NicoHaxVGC has 30 seconds left.\n|inactive|NicoHaxVGC has 20 seconds left.\n|inactive|NicoHaxVGC has 15 seconds left.\n|inactive|NicoHaxVGC has 10 seconds left.\n|inactive|NicoHaxVGC has 5 seconds left.\n|\n|t:|1683163486\n|-terastallize|p2a: Robin|Water\n|move|p1b: Tauros|Raging Bull|p2b: Raven\n|-supereffective|p2b: Raven\n|-damage|p2b: Raven|0 fnt\n|faint|p2b: Raven\n|move|p2a: Robin|Drain Punch|p1a: Meowscarada\n|-supereffective|p1a: Meowscarada\n|-damage|p1a: Meowscarada|0 fnt\n|-heal|p2a: Robin|59\/100|[from] drain|[of] p1a: Meowscarada\n|faint|p1a: Meowscarada\n|\n|-heal|p2a: Robin|65\/100|[from] item: Leftovers\n|upkeep\n|\n|t:|1683163503\n|switch|p1a: Maushold|Maushold, L50|8\/100\n|switch|p2b: Cyborg|Iron Bundle, L50|7\/100\n|turn|5\n|\n|t:|1683163517\n|-terastallize|p1b: Tauros|Grass\n|move|p1a: Maushold|Feint|p2b: Cyborg\n|-damage|p2b: Cyborg|0 fnt\n|faint|p2b: Cyborg\n|-end|p2b: Cyborg|Quark Drive|[silent]\n|move|p1b: Tauros|Drill Run|p2a: Robin\n|-damage|p2a: Robin|41\/100\n|move|p2a: Robin|Bulk Up|p2a: Robin\n|-boost|p2a: Robin|atk|1\n|-boost|p2a: Robin|def|1\n|\n|-heal|p2a: Robin|47\/100|[from] item: Leftovers\n|upkeep\n|\n|t:|1683163527\n|switch|p2b: Star fire|Flutter Mane, L50|100\/100\n|turn|6\n|-message|Thoth567 forfeited.\n|\n|win|NicoHaxVGC\n|raw|Thoth567's rating: 1263 → 1242<\/strong> (-21 for losing)\n|raw|NicoHaxVGC's rating: 1320 → 1337<\/strong> (+17 for winning)\n|l|\u2606Thoth567\n","uploadtime":1683163532,"views":15,"p1id":"thoth567","p2id":"nicohaxvgc","formatid":"gen9vgc2023regulationc","rating":1242,"private":0,"password":""}