{"id":"gen9vgc2023regulationc-1847010855","p1":"XxxLeebobxxX","p2":"ApplinFan773","format":"[Gen 9] VGC 2023 Regulation C","log":"|j|\u2606XxxLeebobxxX\n|j|\u2606ApplinFan773\n|t:|1681911472\n|gametype|doubles\n|player|p1|XxxLeebobxxX|bianca|1092\n|player|p2|ApplinFan773|cilan|1126\n|teamsize|p1|6\n|teamsize|p2|6\n|gen|9\n|tier|[Gen 9] VGC 2023 Regulation C\n|rated|\n|rule|Species Clause: Limit one of each Pok\u00e9mon\n|rule|Item Clause: Limit one of each item\n|clearpoke\n|poke|p1|Scovillain, L50, M|\n|poke|p1|Dragapult, L50, F|\n|poke|p1|Maushold-Four, L50|\n|poke|p1|Annihilape, L50, F|\n|poke|p1|Chien-Pao, L50|\n|poke|p1|Flutter Mane, L50|\n|poke|p2|Maushold-Four, L50|\n|poke|p2|Flutter Mane, L50|\n|poke|p2|Scream Tail, L50|\n|poke|p2|Ceruledge, L50, M|\n|poke|p2|Meowscarada, L50, F|\n|poke|p2|Salamence, L50, F|\n|teampreview|4\n|inactive|Battle timer is ON: inactive players will automatically lose when time's up. (requested by ApplinFan773)\n|c|\u2606ApplinFan773|Glhf!\n|inactive|ApplinFan773 has 60 seconds left.\n|c|\u2606XxxLeebobxxX|to you as eell\n|\n|t:|1681911523\n|start\n|switch|p1a: Scovillain|Scovillain, L50, M|100\/100\n|switch|p1b: Dragapult|Dragapult, L50, F|100\/100\n|switch|p2a: Myrtle|Flutter Mane, L50, shiny|100\/100\n|switch|p2b: Persephone|Scream Tail, L50, shiny|100\/100\n|-enditem|p2b: Persephone|Booster Energy\n|-activate|p2b: Persephone|ability: Protosynthesis|[fromitem]\n|-start|p2b: Persephone|protosynthesisspe\n|turn|1\n|inactive|XxxLeebobxxX has 30 seconds left.\n|inactive|ApplinFan773 has 30 seconds left.\n|inactive|XxxLeebobxxX has 20 seconds left.\n|\n|t:|1681911562\n|-terastallize|p1b: Dragapult|Steel\n|move|p2b: Persephone|Play Rough|p1b: Dragapult\n|-resisted|p1b: Dragapult\n|-damage|p1b: Dragapult|84\/100\n|move|p1a: Scovillain|Spicy Extract|p1b: Dragapult\n|-fail|p1b: Dragapult|unboost|[from] ability: Clear Body|[of] p1b: Dragapult\n|-boost|p1b: Dragapult|atk|2\n|move|p1b: Dragapult|Tera Blast|p2b: Persephone\n|-supereffective|p2b: Persephone\n|-damage|p2b: Persephone|0 fnt\n|faint|p2b: Persephone\n|-end|p2b: Persephone|Protosynthesis|[silent]\n|move|p2a: Myrtle|Moonblast|p1b: Dragapult\n|-resisted|p1b: Dragapult\n|-damage|p1b: Dragapult|38\/100\n|-damage|p2a: Myrtle|91\/100|[from] item: Life Orb\n|\n|upkeep\n|\n|t:|1681911573\n|switch|p2b: Grim Shady|Ceruledge, L50, M|100\/100\n|turn|2\n|\n|t:|1681911592\n|switch|p1a: Maushold|Maushold-Four, L50|100\/100\n|move|p2a: Myrtle|Protect|p2a: Myrtle\n|-singleturn|p2a: Myrtle|Protect\n|move|p1b: Dragapult|Tera Blast|p2a: Myrtle\n|-activate|p2a: Myrtle|move: Protect\n|move|p2b: Grim Shady|Bitter Blade|p1b: Dragapult\n|-supereffective|p1b: Dragapult\n|-damage|p1b: Dragapult|0 fnt\n|faint|p1b: Dragapult\n|\n|upkeep\n|\n|t:|1681911603\n|switch|p1b: Annihilape|Annihilape, L50, F|100\/100\n|turn|3\n|\n|t:|1681911613\n|-end|p2a: Myrtle|Protosynthesis|[silent]\n|switch|p2a: Salami|Salamence, L50, F, shiny|100\/100\n|-ability|p2a: Salami|Intimidate|boost\n|-unboost|p1a: Maushold|atk|1\n|-unboost|p1b: Annihilape|atk|1\n|-ability|p1b: Annihilape|Defiant|boost\n|-boost|p1b: Annihilape|atk|2\n|-enditem|p2a: Salami|Mirror Herb\n|-boost|p2a: Salami|atk|2|[from] item: Mirror Herb\n|move|p1a: Maushold|Follow Me|p1a: Maushold\n|-singleturn|p1a: Maushold|move: Follow Me\n|move|p1b: Annihilape|Rage Fist|p2a: Salami\n|-damage|p2a: Salami|56\/100\n|move|p2b: Grim Shady|Close Combat|p1a: Maushold\n|-supereffective|p1a: Maushold\n|-enditem|p1a: Maushold|Focus Sash\n|-damage|p1a: Maushold|1\/100\n|-unboost|p2b: Grim Shady|def|1\n|-unboost|p2b: Grim Shady|spd|1\n|\n|upkeep\n|turn|4\n|inactive|ApplinFan773 has 30 seconds left.\n|\n|t:|1681911644\n|-terastallize|p2a: Salami|Steel\n|move|p1a: Maushold|Beat Up|p1b: Annihilape\n|-damage|p1b: Annihilape|99\/100\n|-crit|p1b: Annihilape\n|-damage|p1b: Annihilape|94\/100\n|-damage|p1b: Annihilape|92\/100\n|-hitcount|p1b: Annihilape|3\n|move|p2a: Salami|Dual Wingbeat|p1b: Annihilape|[miss]\n|-miss|p2a: Salami|p1b: Annihilape\n|move|p1b: Annihilape|Rage Fist|p2b: Grim Shady\n|-supereffective|p2b: Grim Shady\n|-damage|p2b: Grim Shady|0 fnt\n|faint|p2b: Grim Shady\n|\n|-heal|p1b: Annihilape|98\/100|[from] item: Leftovers\n|upkeep\n|\n|t:|1681911655\n|switch|p2b: Myrtle|Flutter Mane, L50, shiny|91\/100\n|turn|5\n|inactive|XxxLeebobxxX has 30 seconds left.\n|\n|t:|1681911680\n|move|p1a: Maushold|Follow Me|p1a: Maushold\n|-singleturn|p1a: Maushold|move: Follow Me\n|move|p2b: Myrtle|Moonblast|p1a: Maushold\n|-damage|p1a: Maushold|0 fnt\n|faint|p1a: Maushold\n|-damage|p2b: Myrtle|81\/100|[from] item: Life Orb\n|move|p2a: Salami|Dual Wingbeat|p1b: Annihilape\n|-supereffective|p1b: Annihilape\n|-damage|p1b: Annihilape|15\/100\n|-supereffective|p1b: Annihilape\n|-damage|p1b: Annihilape|0 fnt\n|faint|p1b: Annihilape\n|-hitcount|p1: Annihilape|2\n|\n|upkeep\n|\n|t:|1681911686\n|switch|p1a: Scovillain|Scovillain, L50, M|100\/100\n|turn|6\n|\n|t:|1681911701\n|move|p1a: Scovillain|Flamethrower|p2a: Salami\n|-supereffective|p2a: Salami\n|-damage|p2a: Salami|0 fnt\n|faint|p2a: Salami\n|move|p2b: Myrtle|Moonblast|p1a: Scovillain\n|-resisted|p1a: Scovillain\n|-damage|p1a: Scovillain|37\/100\n|-unboost|p1a: Scovillain|spa|1\n|-damage|p2b: Myrtle|71\/100|[from] item: Life Orb\n|\n|upkeep\n|turn|7\n|\n|t:|1681911709\n|move|p1a: Scovillain|Flamethrower|p2b: Myrtle\n|-crit|p2b: Myrtle\n|-damage|p2b: Myrtle|6\/100\n|move|p2b: Myrtle|Moonblast|p1a: Scovillain\n|-resisted|p1a: Scovillain\n|-damage|p1a: Scovillain|0 fnt\n|faint|p1a: Scovillain\n|-damage|p2b: Myrtle|0 fnt|[from] item: Life Orb\n|faint|p2b: Myrtle\n|-end|p2b: Myrtle|Protosynthesis|[silent]\n|\n|win|ApplinFan773\n|raw|XxxLeebobxxX's rating: 1092 → 1071<\/strong> (-21 for losing)\n|raw|ApplinFan773's rating: 1126 → 1149<\/strong> (+23 for winning)\n|c|\u2606XxxLeebobxxX|gg\n|c|\u2606ApplinFan773|gg wp!\n|c|\u2606ApplinFan773|Super close game lol\n","uploadtime":1681911737,"views":10,"p1id":"xxxleebobxxx","p2id":"applinfan773","formatid":"gen9vgc2023regulationc","rating":1071,"private":0,"password":""}