{"id":"gen9vgc2023regulationc-1845156338","p1":"wanima-brother-1","p2":"Maiikon","format":"[Gen 9] VGC 2023 Regulation C","log":"|j|\u2606wanima-brother-1\n|j|\u2606Maiikon\n|t:|1681690285\n|gametype|doubles\n|player|p1|wanima-brother-1|plasmagrunt|1148\n|player|p2|Maiikon|marshal|1205\n|teamsize|p1|6\n|teamsize|p2|6\n|gen|9\n|tier|[Gen 9] VGC 2023 Regulation C\n|rated|\n|rule|Species Clause: Limit one of each Pok\u00e9mon\n|rule|Item Clause: Limit one of each item\n|clearpoke\n|poke|p1|Lucario, L50, F|\n|poke|p1|Garchomp, L50, M|\n|poke|p1|Talonflame, L50, M|\n|poke|p1|Breloom, L50, M|\n|poke|p1|Chien-Pao, L50|\n|poke|p1|Azumarill, L50, F|\n|poke|p2|Garchomp, L50, M|\n|poke|p2|Flutter Mane, L50|\n|poke|p2|Bronzong, L50|\n|poke|p2|Arcanine, L50, F|\n|poke|p2|Amoonguss, L50, M|\n|poke|p2|Palafin, L50, F|\n|teampreview|4\n|inactive|Battle timer is ON: inactive players will automatically lose when time's up. (requested by wanima-brother-1)\n|inactive|wanima-brother-1 has 60 seconds left.\n|inactive|Maiikon has 60 seconds left.\n|\n|t:|1681690342\n|start\n|switch|p1a: Talonflame|Talonflame, L50, M|100\/100\n|switch|p1b: Garchomp|Garchomp, L50, M|100\/100\n|switch|p2a: Garchomp|Garchomp, L50, M|100\/100\n|switch|p2b: BigBen|Bronzong, L50|100\/100\n|turn|1\n|\n|t:|1681690360\n|move|p2a: Garchomp|Protect|p2a: Garchomp\n|-singleturn|p2a: Garchomp|Protect\n|move|p1b: Garchomp|Outrage|p2b: BigBen\n|-resisted|p2b: BigBen\n|-damage|p2b: BigBen|75\/100\n|move|p1a: Talonflame|Flare Blitz|p2b: BigBen\n|-supereffective|p2b: BigBen\n|-damage|p2b: BigBen|13\/100\n|-damage|p1a: Talonflame|80\/100|[from] Recoil\n|move|p2b: BigBen|Safeguard|p2b: BigBen\n|-sidestart|p2: Maiikon|Safeguard\n|\n|upkeep\n|turn|2\n|inactive|wanima-brother-1 has 30 seconds left.\n|inactive|Maiikon has 30 seconds left.\n|inactive|wanima-brother-1 has 20 seconds left.\n|\n|t:|1681690396\n|switch|p2b: Charlotte|Arcanine, L50, F, shiny|100\/100\n|-ability|p2b: Charlotte|Intimidate|boost\n|-unboost|p1a: Talonflame|atk|1\n|-unboost|p1b: Garchomp|atk|1\n|-terastallize|p2a: Garchomp|Ground\n|move|p1b: Garchomp|Outrage|p2a: Garchomp|[from]lockedmove\n|-damage|p2a: Garchomp|60\/100\n|-damage|p1b: Garchomp|88\/100|[from] ability: Rough Skin|[of] p2a: Garchomp\n|move|p1a: Talonflame|Flare Blitz|p2b: Charlotte\n|-resisted|p2b: Charlotte\n|-damage|p2b: Charlotte|89\/100\n|-damage|p1a: Talonflame|75\/100|[from] Recoil\n|move|p2a: Garchomp|Dragon Claw|p1b: Garchomp\n|-supereffective|p1b: Garchomp\n|-damage|p1b: Garchomp|5\/100\n|-damage|p2a: Garchomp|47\/100|[from] ability: Rough Skin|[of] p1b: Garchomp\n|\n|upkeep\n|turn|3\n|inactive|Maiikon has 30 seconds left.\n|\n|t:|1681690422\n|move|p2b: Charlotte|Extreme Speed|p1b: Garchomp\n|-damage|p1b: Garchomp|0 fnt\n|-damage|p2b: Charlotte|77\/100|[from] ability: Rough Skin|[of] p1b: Garchomp\n|faint|p1b: Garchomp\n|move|p1a: Talonflame|Brave Bird|p2a: Garchomp\n|-damage|p2a: Garchomp|21\/100\n|-damage|p1a: Talonflame|63\/100|[from] ability: Rough Skin|[of] p2a: Garchomp\n|-damage|p1a: Talonflame|54\/100|[from] Recoil\n|move|p2a: Garchomp|Dragon Claw|p1a: Talonflame\n|-damage|p1a: Talonflame|0 fnt\n|faint|p1a: Talonflame\n|\n|upkeep\n|\n|t:|1681690438\n|switch|p1a: Lucario|Lucario, L50, F|100\/100\n|switch|p1b: Azumarill|Azumarill, L50, F|100\/100\n|turn|4\n|\n|t:|1681690457\n|switch|p2b: BigBen|Bronzong, L50|13\/100\n|move|p1a: Lucario|Protect|p1a: Lucario\n|-singleturn|p1a: Lucario|Protect\n|move|p1b: Azumarill|Aqua Jet|p2a: Garchomp\n|-supereffective|p2a: Garchomp\n|-damage|p2a: Garchomp|0 fnt\n|-damage|p1b: Azumarill|88\/100|[from] ability: Rough Skin|[of] p2a: Garchomp\n|faint|p2a: Garchomp\n|\n|upkeep\n|\n|t:|1681690469\n|switch|p2a: Charlotte|Arcanine, L50, F, shiny|77\/100\n|-ability|p2a: Charlotte|Intimidate|boost\n|-fail|p1a: Lucario|unboost|Attack|[from] ability: Inner Focus|[of] p1a: Lucario\n|-unboost|p1b: Azumarill|atk|1\n|turn|5\n|\n|t:|1681690493\n|-terastallize|p1a: Lucario|Flying\n|move|p1a: Lucario|Aura Sphere|p2b: BigBen\n|-damage|p2b: BigBen|0 fnt\n|faint|p2b: BigBen\n|-damage|p1a: Lucario|91\/100|[from] item: Life Orb\n|move|p2a: Charlotte|Flare Blitz|p1a: Lucario\n|-damage|p1a: Lucario|0 fnt\n|faint|p1a: Lucario\n|-damage|p2a: Charlotte|55\/100|[from] Recoil\n|move|p1b: Azumarill|Waterfall|p2a: Charlotte\n|-supereffective|p2a: Charlotte\n|-damage|p2a: Charlotte|0 fnt\n|faint|p2a: Charlotte\n|\n|-sideend|p2: Maiikon|Safeguard\n|upkeep\n|\n|t:|1681690507\n|switch|p2a: Flutter Mane|Flutter Mane, L50|100\/100\n|turn|6\n|\n|t:|1681690515\n|move|p2a: Flutter Mane|Thunderbolt|p1b: Azumarill\n|-supereffective|p1b: Azumarill\n|-damage|p1b: Azumarill|16\/100\n|move|p1b: Azumarill|Waterfall|p2a: Flutter Mane\n|-damage|p2a: Flutter Mane|29\/100\n|\n|upkeep\n|turn|7\n|\n|t:|1681690523\n|move|p1b: Azumarill|Aqua Jet|p2a: Flutter Mane\n|-damage|p2a: Flutter Mane|0 fnt\n|faint|p2a: Flutter Mane\n|-end|p2a: Flutter Mane|Protosynthesis|[silent]\n|\n|win|wanima-brother-1\n|raw|wanima-brother-1's rating: 1148 → 1177<\/strong> (+29 for winning)\n|raw|Maiikon's rating: 1205 → 1176<\/strong> (-29 for losing)\n","uploadtime":1681690529,"views":32,"p1id":"wanimabrother1","p2id":"maiikon","formatid":"gen9vgc2023regulationc","rating":1176,"private":0,"password":""}