{"id":"gen9vgc2023regulationc-1849453392","p1":"panth413","p2":"GTheDon","format":"[Gen 9] VGC 2023 Regulation C","log":"|j|\u2606panth413\n|j|\u2606GTheDon\n|t:|1682200217\n|gametype|doubles\n|player|p1|panth413|169|1099\n|player|p2|GTheDon|psychic|1042\n|teamsize|p1|6\n|teamsize|p2|6\n|gen|9\n|tier|[Gen 9] VGC 2023 Regulation C\n|rated|\n|rule|Species Clause: Limit one of each Pok\u00e9mon\n|rule|Item Clause: Limit one of each item\n|clearpoke\n|poke|p1|Tyranitar, L50, M|\n|poke|p1|Lycanroc, L50, F|\n|poke|p1|Houndstone, L50, F|\n|poke|p1|Garchomp, L50, F|\n|poke|p1|Sylveon, L50, F|\n|poke|p1|Talonflame, L50, M|\n|poke|p2|Dragapult, L50, M|\n|poke|p2|Slowking, L50, M|\n|poke|p2|Chi-Yu, L50|\n|poke|p2|Ceruledge, L50, F|\n|poke|p2|Iron Bundle, L50|\n|poke|p2|Gyarados, L50, F|\n|teampreview|4\n|inactive|Battle timer is ON: inactive players will automatically lose when time's up. (requested by GTheDon)\n|\n|t:|1682200228\n|start\n|switch|p1a: Tyranitar|Tyranitar, L50, M|100\/100\n|switch|p1b: Houndstone|Houndstone, L50, F|100\/100\n|switch|p2a: Slowking|Slowking, L50, M|100\/100\n|switch|p2b: Gyarados|Gyarados, L50, F|100\/100\n|-ability|p2b: Gyarados|Intimidate|boost\n|-unboost|p1a: Tyranitar|atk|1\n|-unboost|p1b: Houndstone|atk|1\n|-weather|Sandstorm|[from] ability: Sand Stream|[of] p1a: Tyranitar\n|turn|1\n|inactive|GTheDon has 30 seconds left.\n|\n|t:|1682200256\n|switch|p1a: Garchomp|Garchomp, L50, F|100\/100\n|move|p1b: Houndstone|Will-O-Wisp|p2b: Gyarados\n|-status|p2b: Gyarados|brn\n|move|p2b: Gyarados|Waterfall|p1a: Garchomp\n|-damage|p1a: Garchomp|83\/100\n|-damage|p2b: Gyarados|88\/100 brn|[from] ability: Rough Skin|[of] p1a: Garchomp\n|move|p2a: Slowking|Chilly Reception|p2a: Slowking\n|-weather|Snow\n|\n|t:|1682200267\n|switch|p2a: Iron Bundle|Iron Bundle, L50|100\/100|[from] Chilly Reception\n|-enditem|p2a: Iron Bundle|Booster Energy\n|-activate|p2a: Iron Bundle|ability: Quark Drive|[fromitem]\n|-start|p2a: Iron Bundle|quarkdrivespe\n|\n|-weather|Snow|[upkeep]\n|-damage|p2b: Gyarados|82\/100 brn|[from] brn\n|upkeep\n|turn|2\n|\n|t:|1682200282\n|switch|p1b: Tyranitar|Tyranitar, L50, M|100\/100\n|-weather|Sandstorm|[from] ability: Sand Stream|[of] p1b: Tyranitar\n|-terastallize|p1a: Garchomp|Fire\n|move|p2a: Iron Bundle|Blizzard|p1b: Tyranitar|[spread] p1a,p1b\n|-resisted|p1a: Garchomp\n|-damage|p1a: Garchomp|62\/100\n|-damage|p1b: Tyranitar|84\/100\n|move|p1a: Garchomp|Rock Slide|p2b: Gyarados|[spread] p2a,p2b\n|-supereffective|p2a: Iron Bundle\n|-supereffective|p2b: Gyarados\n|-damage|p2a: Iron Bundle|52\/100\n|-damage|p2b: Gyarados|43\/100 brn\n|move|p2b: Gyarados|Dragon Dance|p2b: Gyarados\n|-boost|p2b: Gyarados|atk|1\n|-boost|p2b: Gyarados|spe|1\n|\n|-weather|Sandstorm|[upkeep]\n|-damage|p2a: Iron Bundle|46\/100|[from] Sandstorm\n|-damage|p1a: Garchomp|56\/100|[from] Sandstorm\n|-damage|p2b: Gyarados|37\/100 brn|[from] Sandstorm\n|-damage|p2b: Gyarados|31\/100 brn|[from] brn\n|upkeep\n|turn|3\n|inactive|panth413 has 30 seconds left.\n|\n|t:|1682200308\n|-end|p2a: Iron Bundle|Quark Drive|[silent]\n|switch|p2a: Slowking|Slowking, L50, M|100\/100\n|move|p1a: Garchomp|Protect|p1a: Garchomp\n|-singleturn|p1a: Garchomp|Protect\n|move|p2b: Gyarados|Bulldoze|p1b: Tyranitar|[spread] p2a,p1b\n|-activate|p1a: Garchomp|move: Protect\n|-supereffective|p1b: Tyranitar\n|-damage|p2a: Slowking|92\/100\n|-damage|p1b: Tyranitar|68\/100\n|-unboost|p2a: Slowking|spe|1\n|-unboost|p1b: Tyranitar|spe|1\n|move|p1b: Tyranitar|Rock Slide|p2a: Slowking|[spread] p2a,p2b\n|-supereffective|p2b: Gyarados\n|-damage|p2a: Slowking|62\/100\n|-damage|p2b: Gyarados|0 fnt\n|faint|p2b: Gyarados\n|\n|-weather|Sandstorm|[upkeep]\n|-damage|p1a: Garchomp|50\/100|[from] Sandstorm\n|-damage|p2a: Slowking|56\/100|[from] Sandstorm\n|upkeep\n|\n|t:|1682200324\n|switch|p2b: Ceruledge|Ceruledge, L50, F|100\/100\n|turn|4\n|\n|t:|1682200339\n|-terastallize|p2b: Ceruledge|Grass\n|move|p1a: Garchomp|Rock Slide|p2a: Slowking|[spread] p2a,p2b\n|-damage|p2a: Slowking|40\/100\n|-damage|p2b: Ceruledge|81\/100\n|cant|p2b: Ceruledge|flinch\n|move|p1b: Tyranitar|Rock Slide|p2a: Slowking|[spread] p2a\n|-miss|p1b: Tyranitar|p2b: Ceruledge\n|-damage|p2a: Slowking|8\/100\n|cant|p2a: Slowking|flinch\n|\n|-weather|Sandstorm|[upkeep]\n|-damage|p1a: Garchomp|44\/100|[from] Sandstorm\n|-damage|p2b: Ceruledge|75\/100|[from] Sandstorm\n|-damage|p2a: Slowking|2\/100|[from] Sandstorm\n|-heal|p2b: Ceruledge|81\/100|[from] item: Leftovers\n|upkeep\n|turn|5\n|-message|GTheDon forfeited.\n|\n|win|panth413\n|raw|panth413's rating: 1099 → 1120<\/strong> (+21 for winning)\n|raw|GTheDon's rating: 1042 → 1028<\/strong> (-14 for losing)\n|l|\u2606GTheDon\n","uploadtime":1682200357,"views":11,"p1id":"panth413","p2id":"gthedon","formatid":"gen9vgc2023regulationc","rating":1028,"private":0,"password":""}