{"id":"gen9vgc2023regulationc-1848062449","p1":"RandomDuVGCFR","p2":"mgthrn","format":"[Gen 9] VGC 2023 Regulation C","log":"|j|\u2606RandomDuVGCFR\n|j|\u2606mgthrn\n|t:|1682025499\n|gametype|doubles\n|player|p1|RandomDuVGCFR|102|\n|player|p2|mgthrn|#stt4toxicboys|\n|teamsize|p1|6\n|teamsize|p2|6\n|gen|9\n|tier|[Gen 9] VGC 2023 Regulation C\n|rule|Species Clause: Limit one of each Pok\u00e9mon\n|rule|Item Clause: Limit one of each item\n|clearpoke\n|poke|p1|Flutter Mane, L50|\n|poke|p1|Arcanine, L50, F|\n|poke|p1|Amoonguss, L50, M|\n|poke|p1|Palafin, L50, F|\n|poke|p1|Chien-Pao, L50|\n|poke|p1|Dragonite, L50, F|\n|poke|p2|Ting-Lu, L50|\n|poke|p2|Maushold-Four, L50|\n|poke|p2|Annihilape, L50, M|\n|poke|p2|Dragonite, L50, F|\n|poke|p2|Chien-Pao, L50|\n|poke|p2|Flutter Mane, L50|\n|teampreview|4\n|c|\u2606mgthrn|g1\n|c|\u2606RandomDuVGCFR|G1\nRandomDuVGCFR has agreed to open team sheets.\nmgthrn has agreed to open team sheets.\n|j| Antonazz\n|j| KSt3ve\n|l| Antonazz\n|j| Antonazz\n|j| abbehzt\n|j| Micciu20250\n|j| Brayz\n|j| Nultiprise\n|c| Nultiprise|Lgi hera\n|j| wertsd26\n|j| Fathiryxi\n|j| Mdraa\n|j| Zenadark\n|j| Otark\n|j| Pepeduce\n|\n|t:|1682025751\n|start\n|switch|p1a: Flutter Mane|Flutter Mane, L50|100\/100\n|switch|p1b: Dragonite|Dragonite, L50, F|100\/100\n|switch|p2a: Annihilape|Annihilape, L50, M|100\/100\n|switch|p2b: Chien-Pao|Chien-Pao, L50|100\/100\n|-ability|p2b: Chien-Pao|Sword of Ruin\n|-enditem|p1a: Flutter Mane|Booster Energy\n|-activate|p1a: Flutter Mane|ability: Protosynthesis|[fromitem]\n|-start|p1a: Flutter Mane|protosynthesisspa\n|turn|1\n|j| Masskeauuu\n|c|\u2606RandomDuVGCFR|Gl HF\n|j| zS\n|l| wertsd26\n|j| wertsd26\n|j| Squash\n|l| Squash\n|l| Antonazz\n|j| Shiif\n|j| sgjjjhg\n|\n|t:|1682025843\n|-terastallize|p1b: Dragonite|Flying\n|-terastallize|p2a: Annihilape|Fire\n|move|p1a: Flutter Mane|Protect|p1a: Flutter Mane\n|-singleturn|p1a: Flutter Mane|Protect\n|move|p2b: Chien-Pao|Ice Spinner|p1b: Dragonite\n|-supereffective|p1b: Dragonite\n|-damage|p1b: Dragonite|45\/100\n|move|p1b: Dragonite|Tailwind|p1b: Dragonite\n|-sidestart|p1: RandomDuVGCFR|move: Tailwind\n|move|p2a: Annihilape|Bulk Up|p2a: Annihilape\n|-boost|p2a: Annihilape|atk|1\n|-boost|p2a: Annihilape|def|1\n|\n|upkeep\n|turn|2\n|\n|t:|1682025863\n|move|p2b: Chien-Pao|Protect|p2b: Chien-Pao\n|-singleturn|p2b: Chien-Pao|Protect\n|move|p1a: Flutter Mane|Shadow Ball|p2a: Annihilape\n|-damage|p2a: Annihilape|60\/100\n|move|p1b: Dragonite|Tera Blast|p2a: Annihilape\n|-damage|p2a: Annihilape|8\/100\n|move|p2a: Annihilape|Rage Fist|p1a: Flutter Mane\n|-supereffective|p1a: Flutter Mane\n|-damage|p1a: Flutter Mane|0 fnt\n|faint|p1a: Flutter Mane\n|-end|p1a: Flutter Mane|Protosynthesis|[silent]\n|\n|-heal|p2a: Annihilape|14\/100|[from] item: Leftovers\n|upkeep\n|\n|t:|1682025878\n|switch|p1a: Arcanine|Arcanine, L50, F|100\/100\n|-ability|p1a: Arcanine|Intimidate|boost\n|-unboost|p2a: Annihilape|atk|1\n|-ability|p2a: Annihilape|Defiant|boost\n|-boost|p2a: Annihilape|atk|2\n|-unboost|p2b: Chien-Pao|atk|1\n|turn|3\n|\n|t:|1682025899\n|switch|p2b: Maushold|Maushold-Four, L50|100\/100\n|move|p2a: Annihilape|Protect|p2a: Annihilape\n|-singleturn|p2a: Annihilape|Protect\n|move|p1a: Arcanine|Flare Blitz|p2b: Maushold\n|-damage|p2b: Maushold|52\/100\n|-damage|p1a: Arcanine|86\/100|[from] Recoil\n|move|p1b: Dragonite|Tera Blast|p2a: Annihilape\n|-activate|p2a: Annihilape|move: Protect\n|\n|-heal|p2a: Annihilape|21\/100|[from] item: Leftovers\n|upkeep\n|turn|4\n|j| Dieu Amphibien\n|\n|t:|1682025948\n|move|p1a: Arcanine|Flare Blitz|p2b: Maushold\n|-damage|p2b: Maushold|0 fnt\n|faint|p2b: Maushold\n|-damage|p1a: Arcanine|70\/100|[from] Recoil\n|move|p1b: Dragonite|Tera Blast|p2a: Annihilape\n|-damage|p2a: Annihilape|0 fnt\n|faint|p2a: Annihilape\n|\n|-sideend|p1: RandomDuVGCFR|move: Tailwind\n|upkeep\n|j| ULT4CP Inder\n|\n|t:|1682025956\n|switch|p2b: Chien-Pao|Chien-Pao, L50|100\/100\n|switch|p2a: Dragonite|Dragonite, L50, F|100\/100\n|-ability|p2b: Chien-Pao|Sword of Ruin\n|turn|5\n|\n|t:|1682025987\n|switch|p1b: Amoonguss|Amoonguss, L50, M|100\/100\n|move|p2b: Chien-Pao|Protect|p2b: Chien-Pao\n|-singleturn|p2b: Chien-Pao|Protect\n|move|p1a: Arcanine|Protect|p1a: Arcanine\n|-singleturn|p1a: Arcanine|Protect\n|move|p2a: Dragonite|Stomping Tantrum|p1a: Arcanine\n|-activate|p1a: Arcanine|move: Protect\n|\n|upkeep\n|turn|6\n|l| ULT4CP Inder\n|\n|t:|1682026011\n|move|p2a: Dragonite|Extreme Speed|p1a: Arcanine\n|-damage|p1a: Arcanine|24\/100\n|move|p1b: Amoonguss|Rage Powder|p1b: Amoonguss\n|-singleturn|p1b: Amoonguss|move: Rage Powder\n|move|p2b: Chien-Pao|Throat Chop|p1b: Amoonguss\n|-damage|p1b: Amoonguss|61\/100\n|-start|p1b: Amoonguss|Throat Chop|[silent]\n|move|p1a: Arcanine|Flare Blitz|p2b: Chien-Pao\n|-supereffective|p2b: Chien-Pao\n|-enditem|p2b: Chien-Pao|Focus Sash\n|-damage|p2b: Chien-Pao|1\/100\n|-damage|p1a: Arcanine|0 fnt|[from] Recoil\n|faint|p1a: Arcanine\n|\n|upkeep\n|\n|t:|1682026022\n|switch|p1a: Dragonite|Dragonite, L50, F, tera:Flying|45\/100\n|turn|7\n|\n|t:|1682026036\n|move|p2b: Chien-Pao|Protect|p2b: Chien-Pao\n|-singleturn|p2b: Chien-Pao|Protect\n|move|p1a: Dragonite|Extreme Speed|p2a: Dragonite\n|-damage|p2a: Dragonite|64\/100\n|move|p2a: Dragonite|Ice Spinner|p1b: Amoonguss\n|-supereffective|p1b: Amoonguss\n|-damage|p1b: Amoonguss|0 fnt\n|faint|p1b: Amoonguss\n|\n|upkeep\n|turn|8\n|j|+Unamed\n|j| Schizoption\n|l|+Unamed\n|\n|t:|1682026047\n|move|p1a: Dragonite|Extreme Speed|p2b: Chien-Pao\n|-damage|p2b: Chien-Pao|0 fnt\n|faint|p2b: Chien-Pao\n|move|p2a: Dragonite|Ice Spinner|p1a: Dragonite\n|-supereffective|p1a: Dragonite\n|-damage|p1a: Dragonite|0 fnt\n|faint|p1a: Dragonite\n|\n|win|mgthrn\n|l| Dieu Amphibien\n|l| Schizoption\n|l| wertsd26\n|l| Masskeauuu\n|j|+Unamed\n|l|+Unamed\n|c|\u2606RandomDuVGCFR|GG\n|l| KSt3ve\n|l| Zenadark\n|l| Pepeduce\n|l| zS\n|j| Squash\n|j| iKiQ\n|l| iKiQ\n|l| abbehzt\n|l| Squash\n|l| Shiif\n|l| Micciu20250\n|l| Otark\n|l| Fathiryxi\n|l| sgjjjhg\n|l|\u2606mgthrn\n|l| Nultiprise\n","uploadtime":1682026277,"views":9,"p1id":"randomduvgcfr","p2id":"mgthrn","formatid":"gen9vgc2023regulationc","rating":0,"private":0,"password":""}