{"id":"gen9vgc2023regulationc-1849463445","p1":"50Niko05","p2":"Lucky Lupfer","format":"[Gen 9] VGC 2023 Regulation C","log":"|j|\u260650Niko05\n|j|\u2606Lucky Lupfer\n|t:|1682201400\n|gametype|doubles\n|player|p1|50Niko05|102|1080\n|player|p2|Lucky Lupfer|102|1123\n|teamsize|p1|6\n|teamsize|p2|6\n|gen|9\n|tier|[Gen 9] VGC 2023 Regulation C\n|rated|\n|rule|Species Clause: Limit one of each Pok\u00e9mon\n|rule|Item Clause: Limit one of each item\n|clearpoke\n|poke|p1|Ting-Lu, L50|\n|poke|p1|Cryogonal, L50|\n|poke|p1|Kingambit, L50, F|\n|poke|p1|Dugtrio, L50, M|\n|poke|p1|Dondozo, L50, F|\n|poke|p1|Tatsugiri-Stretchy, L50, M|\n|poke|p2|Flutter Mane, L50|\n|poke|p2|Palafin, L50, M|\n|poke|p2|Arcanine, L50, M|\n|poke|p2|Dragapult, L50, F|\n|poke|p2|Chien-Pao, L50|\n|poke|p2|Grimmsnarl, L50, M|\n|teampreview|4\n|inactive|Battle timer is ON: inactive players will automatically lose when time's up. (requested by Lucky Lupfer)\n|inactive|Lucky Lupfer has 60 seconds left.\n|\n|t:|1682201450\n|start\n|switch|p1a: Ting-Lu|Ting-Lu, L50|100\/100\n|switch|p1b: Cryogonal|Cryogonal, L50|100\/100\n|switch|p2a: Grimmsnarl|Grimmsnarl, L50, M|100\/100\n|switch|p2b: Flutter Mane|Flutter Mane, L50|100\/100\n|-ability|p1a: Ting-Lu|Vessel of Ruin\n|turn|1\n|\n|t:|1682201466\n|move|p2a: Grimmsnarl|Fake Out|p1a: Ting-Lu\n|-damage|p1a: Ting-Lu|95\/100\n|move|p1b: Cryogonal|Sheer Cold|p2a: Grimmsnarl|[miss]\n|-miss|p1b: Cryogonal|p2a: Grimmsnarl\n|move|p2b: Flutter Mane|Dazzling Gleam|p1a: Ting-Lu|[spread] p1a,p1b\n|-supereffective|p1a: Ting-Lu\n|-crit|p1b: Cryogonal\n|-damage|p1a: Ting-Lu|58\/100\n|-damage|p1b: Cryogonal|60\/100\n|cant|p1a: Ting-Lu|flinch\n|\n|upkeep\n|turn|2\n|\n|t:|1682201479\n|move|p1b: Cryogonal|Sheer Cold|p2a: Grimmsnarl|[miss]\n|-miss|p1b: Cryogonal|p2a: Grimmsnarl\n|move|p2b: Flutter Mane|Dazzling Gleam|p1a: Ting-Lu|[spread] p1a,p1b\n|-supereffective|p1a: Ting-Lu\n|-damage|p1a: Ting-Lu|26\/100\n|-damage|p1b: Cryogonal|34\/100\n|move|p2a: Grimmsnarl|Spirit Break|p1a: Ting-Lu\n|-supereffective|p1a: Ting-Lu\n|-damage|p1a: Ting-Lu|0 fnt\n|faint|p1a: Ting-Lu\n|\n|upkeep\n|\n|t:|1682201483\n|switch|p1a: Kingambit|Kingambit, L50, F|100\/100\n|-activate|p1a: Kingambit|ability: Supreme Overlord\n|-start|p1a: Kingambit|fallen1|[silent]\n|turn|3\n|\n|t:|1682201499\n|-end|p2b: Flutter Mane|Protosynthesis|[silent]\n|switch|p2b: Palafin|Palafin, L50, M|100\/100\n|move|p2a: Grimmsnarl|Reflect|p2a: Grimmsnarl\n|-sidestart|p2: Lucky Lupfer|Reflect\n|move|p1b: Cryogonal|Sheer Cold|p2b: Palafin\n|-damage|p2b: Palafin|0 fnt\n|faint|p2b: Palafin\n|-ohko\n|move|p1a: Kingambit|Substitute|p1a: Kingambit\n|-start|p1a: Kingambit|Substitute\n|-damage|p1a: Kingambit|76\/100\n|\n|-heal|p1a: Kingambit|82\/100|[from] item: Leftovers\n|upkeep\n|\n|t:|1682201516\n|switch|p2b: Arcanine|Arcanine, L50, M|100\/100\n|-ability|p2b: Arcanine|Intimidate|boost\n|-immune|p1a: Kingambit\n|-unboost|p1b: Cryogonal|atk|1\n|turn|4\n|\n|t:|1682201529\n|move|p2b: Arcanine|Extreme Speed|p1b: Cryogonal\n|-damage|p1b: Cryogonal|0 fnt\n|faint|p1b: Cryogonal\n|move|p2a: Grimmsnarl|Spirit Break|p1a: Kingambit\n|-activate|p1a: Kingambit|move: Substitute|[damage]\n|move|p1a: Kingambit|Guillotine|p2b: Arcanine\n|-damage|p2b: Arcanine|0 fnt\n|faint|p2b: Arcanine\n|-ohko\n|\n|-heal|p1a: Kingambit|87\/100|[from] item: Leftovers\n|upkeep\n|\n|t:|1682201542\n|switch|p1b: Dugtrio|Dugtrio, L50, M|100\/100\n|switch|p2b: Flutter Mane|Flutter Mane, L50|100\/100\n|turn|5\n|\n|t:|1682201562\n|move|p2b: Flutter Mane|Moonblast|p1a: Kingambit\n|-end|p1a: Kingambit|Substitute\n|move|p1b: Dugtrio|Fissure|p2b: Flutter Mane|[miss]\n|-miss|p1b: Dugtrio|p2b: Flutter Mane\n|move|p2a: Grimmsnarl|Spirit Break|p1b: Dugtrio\n|-crit|p1b: Dugtrio\n|-damage|p1b: Dugtrio|5\/100\n|-unboost|p1b: Dugtrio|spa|1\n|move|p1a: Kingambit|Guillotine|p2a: Grimmsnarl\n|-damage|p2a: Grimmsnarl|0 fnt\n|faint|p2a: Grimmsnarl\n|-ohko\n|\n|-heal|p1a: Kingambit|93\/100|[from] item: Leftovers\n|upkeep\n|turn|6\n|inactive|50Niko05 has 30 seconds left.\n|\n|t:|1682201591\n|move|p1a: Kingambit|Sucker Punch|p2b: Flutter Mane\n|-damage|p2b: Flutter Mane|52\/100\n|move|p2b: Flutter Mane|Moonblast|p1a: Kingambit\n|-damage|p1a: Kingambit|33\/100\n|move|p1b: Dugtrio|Fissure|p2b: Flutter Mane|[miss]\n|-miss|p1b: Dugtrio|p2b: Flutter Mane\n|\n|-heal|p1a: Kingambit|39\/100|[from] item: Leftovers\n|upkeep\n|turn|7\n|\n|t:|1682201602\n|move|p1b: Dugtrio|Sucker Punch|p2b: Flutter Mane\n|-damage|p2b: Flutter Mane|30\/100\n|move|p1a: Kingambit|Sucker Punch|p2b: Flutter Mane\n|-damage|p2b: Flutter Mane|0 fnt\n|faint|p2b: Flutter Mane\n|-end|p2b: Flutter Mane|Protosynthesis|[silent]\n|\n|win|50Niko05\n|raw|50Niko05's rating: 1080 → 1111<\/strong> (+31 for winning)\n|raw|Lucky Lupfer's rating: 1123 → 1095<\/strong> (-28 for losing)\n|l|\u2606Lucky Lupfer\n","uploadtime":1682201605,"views":20,"p1id":"50niko05","p2id":"luckylupfer","formatid":"gen9vgc2023regulationc","rating":1095,"private":0,"password":""}