{"id":"gen9vgc2023regulationc-1859218515","p1":"sb203","p2":"BIGHAXORUSFAN147","format":"[Gen 9] VGC 2023 Regulation C","log":"|j|\u2606sb203\n|j|\u2606BIGHAXORUSFAN147\n|t:|1683419524\n|gametype|doubles\n|player|p1|sb203|170|1445\n|player|p2|BIGHAXORUSFAN147|grimsley-masters|1581\n|teamsize|p1|6\n|teamsize|p2|6\n|gen|9\n|tier|[Gen 9] VGC 2023 Regulation C\n|rated|\n|rule|Species Clause: Limit one of each Pok\u00e9mon\n|rule|Item Clause: Limit one of each item\n|clearpoke\n|poke|p1|Dondozo, L50, F|\n|poke|p1|Tatsugiri-Droopy, L50, F|\n|poke|p1|Glimmora, L50, M|\n|poke|p1|Chi-Yu, L50|\n|poke|p1|Flutter Mane, L50|\n|poke|p1|Dragonite, L50, M|\n|poke|p2|Kingambit, L50, M|\n|poke|p2|Dragonite, L50, M|\n|poke|p2|Palafin, L50, M|\n|poke|p2|Amoonguss, L50, M|\n|poke|p2|Arcanine, L50, M|\n|poke|p2|Flutter Mane, L50|\n|teampreview|4\nBIGHAXORUSFAN147 has agreed to open team sheets.\nsb203 has agreed to open team sheets.\n|inactive|Battle timer is ON: inactive players will automatically lose when time's up. (requested by sb203)\n|inactive|BIGHAXORUSFAN147 has 60 seconds left.\n|inactive|BIGHAXORUSFAN147 has 30 seconds left.\n|j| Alola Magikarp\n|inactive|BIGHAXORUSFAN147 has 20 seconds left.\n|\n|t:|1683419611\n|start\n|switch|p1a: Glimmora|Glimmora, L50, M|100\/100\n|switch|p1b: Chi-Yu|Chi-Yu, L50|100\/100\n|switch|p2a: Jinbe|Palafin, L50, M, shiny|100\/100\n|switch|p2b: Mihawk|Kingambit, L50, M|100\/100\n|-ability|p1b: Chi-Yu|Beads of Ruin\n|turn|1\n|inactive|sb203 has 30 seconds left.\n|inactive|BIGHAXORUSFAN147 has 30 seconds left.\n|l| Alola Magikarp\n|inactive|BIGHAXORUSFAN147 has 20 seconds left.\n|\n|t:|1683419651\n|-terastallize|p1b: Chi-Yu|Water\n|move|p2a: Jinbe|Protect|p2a: Jinbe\n|-singleturn|p2a: Jinbe|Protect\n|move|p2b: Mihawk|Protect|p2b: Mihawk\n|-singleturn|p2b: Mihawk|Protect\n|move|p1a: Glimmora|Earth Power|p2b: Mihawk\n|-activate|p2b: Mihawk|move: Protect\n|move|p1b: Chi-Yu|Dark Pulse|p2b: Mihawk\n|-activate|p2b: Mihawk|move: Protect\n|\n|upkeep\n|turn|2\n|j| Alola Magikarp\n|inactive|BIGHAXORUSFAN147 has 30 seconds left.\n|\n|t:|1683419676\n|-terastallize|p2b: Mihawk|Dark\n|move|p1a: Glimmora|Mortal Spin|p2b: Mihawk|[spread] p2a,p2b\n|-damage|p2a: Jinbe|96\/100\n|-damage|p2b: Mihawk|97\/100\n|-status|p2a: Jinbe|psn\n|-status|p2b: Mihawk|psn\n|-enditem|p2b: Mihawk|Lum Berry|[eat]\n|-curestatus|p2b: Mihawk|psn|[msg]\n|move|p1b: Chi-Yu|Dark Pulse|p2a: Jinbe\n|-damage|p2a: Jinbe|15\/100 psn\n|move|p2a: Jinbe|Wave Crash|p1a: Glimmora\n|-supereffective|p1a: Glimmora\n|-damage|p1a: Glimmora|0 fnt\n|-activate|p1a: Glimmora|ability: Toxic Debris\n|-sidestart|p2: BIGHAXORUSFAN147|move: Toxic Spikes\n|faint|p1a: Glimmora\n|-damage|p2a: Jinbe|0 fnt|[from] Recoil\n|faint|p2a: Jinbe\n|move|p2b: Mihawk|Swords Dance|p2b: Mihawk\n|-boost|p2b: Mihawk|atk|2\n|\n|upkeep\n|\n|t:|1683419697\n|switch|p1a: Dragonite|Dragonite, L50, M|100\/100\n|switch|p2a: Aramaki|Amoonguss, L50, M|100\/100\n|-sideend|p2: BIGHAXORUSFAN147|move: Toxic Spikes|[of] p2a: Aramaki\n|turn|3\n|\n|t:|1683419712\n|move|p2b: Mihawk|Sucker Punch|p1b: Chi-Yu\n|-damage|p1b: Chi-Yu|0 fnt\n|faint|p1b: Chi-Yu\n|move|p1a: Dragonite|Aerial Ace|p2a: Aramaki\n|-supereffective|p2a: Aramaki\n|-damage|p2a: Aramaki|16\/100\n|-enditem|p2a: Aramaki|Sitrus Berry|[eat]\n|-heal|p2a: Aramaki|41\/100|[from] item: Sitrus Berry\n|move|p2a: Aramaki|Spore|p1a: Dragonite\n|-status|p1a: Dragonite|slp|[from] move: Spore\n|\n|upkeep\n|\n|t:|1683419722\n|switch|p1b: Tatsugiri|Tatsugiri-Droopy, L50, F|100\/100\n|turn|4\n|\n|t:|1683419732\n|move|p2b: Mihawk|Sucker Punch|p1b: Tatsugiri\n|-damage|p1b: Tatsugiri|0 fnt\n|faint|p1b: Tatsugiri\n|cant|p1a: Dragonite|slp\n|move|p2a: Aramaki|Pollen Puff|p1a: Dragonite\n|-resisted|p1a: Dragonite\n|-damage|p1a: Dragonite|96\/100 slp\n|\n|upkeep\n|turn|5\n|-message|sb203 forfeited.\n|\n|win|BIGHAXORUSFAN147\n|raw|sb203's rating: 1445 → 1432<\/strong> (-13 for losing)\n|raw|BIGHAXORUSFAN147's rating: 1581 → 1594<\/strong> (+13 for winning)\n|l|\u2606sb203\n","uploadtime":1683419740,"views":9,"p1id":"sb203","p2id":"bighaxorusfan147","formatid":"gen9vgc2023regulationc","rating":1432,"private":0,"password":""}