{"id":"gen9vgc2023regulationc-1846987612","p1":"ThePyre","p2":"Alaskan_fisher","format":"[Gen 9] VGC 2023 Regulation C","log":"|j|\u2606ThePyre\n|j|\u2606Alaskan_fisher\n|t:|1681909251\n|gametype|doubles\n|player|p1|ThePyre|265|1224\n|player|p2|Alaskan_fisher|fisherman-gen4|1226\n|teamsize|p1|6\n|teamsize|p2|6\n|gen|9\n|tier|[Gen 9] VGC 2023 Regulation C\n|rated|\n|rule|Species Clause: Limit one of each Pok\u00e9mon\n|rule|Item Clause: Limit one of each item\n|clearpoke\n|poke|p1|Lucario, L50, F|\n|poke|p1|Azumarill, L50, M|\n|poke|p1|Maushold-Four, L50|\n|poke|p1|Ceruledge, L50, F|\n|poke|p1|Tinkaton, L50, F|\n|poke|p1|Garganacl, L50, F|\n|poke|p2|Maushold-Four, L50|\n|poke|p2|Iron Hands, L50|\n|poke|p2|Palafin, L50, F|\n|poke|p2|Ting-Lu, L50|\n|poke|p2|Flutter Mane, L50|\n|poke|p2|Arcanine, L50, F|\n|teampreview|4\nAlaskan_fisher has agreed to open team sheets.\n|inactive|Battle timer is ON: inactive players will automatically lose when time's up. (requested by ThePyre)\n|inactive|Alaskan_fisher has 60 seconds left.\n|inactive|Alaskan_fisher has 30 seconds left.\n|inactive|Alaskan_fisher has 20 seconds left.\n|inactive|Alaskan_fisher has 15 seconds left.\n|\n|t:|1681909335\n|start\n|switch|p1a: Maushold|Maushold-Four, L50|100\/100\n|switch|p1b: Lucario|Lucario, L50, F|100\/100\n|switch|p2a: Arcanine|Arcanine, L50, F|100\/100\n|switch|p2b: Iron Hands|Iron Hands, L50|100\/100\n|-ability|p2a: Arcanine|Intimidate|boost\n|-unboost|p1a: Maushold|atk|1\n|-fail|p1b: Lucario|unboost|Attack|[from] ability: Inner Focus|[of] p1b: Lucario\n|turn|1\n|\n|t:|1681909356\n|-terastallize|p1a: Maushold|Ghost\n|move|p2b: Iron Hands|Fake Out|p1a: Maushold\n|-immune|p1a: Maushold\n|move|p1a: Maushold|Follow Me|p1a: Maushold\n|-singleturn|p1a: Maushold|move: Follow Me\n|move|p2a: Arcanine|Flare Blitz|p1a: Maushold\n|-damage|p1a: Maushold|0 fnt\n|faint|p1a: Maushold\n|-damage|p2a: Arcanine|70\/100|[from] Recoil\n|move|p1b: Lucario|Swords Dance|p1b: Lucario\n|-boost|p1b: Lucario|atk|2\n|\n|upkeep\n|\n|t:|1681909374\n|switch|p1a: Azumarill|Azumarill, L50, M|100\/100\n|turn|2\n|inactive|Alaskan_fisher has 30 seconds left.\n|\n|t:|1681909401\n|-end|p2b: Iron Hands|Quark Drive|[silent]\n|switch|p2b: Maushold|Maushold-Four, L50|100\/100\n|move|p1b: Lucario|Extreme Speed|p2a: Arcanine\n|-damage|p2a: Arcanine|7\/100\n|-damage|p1b: Lucario|91\/100|[from] item: Life Orb\n|move|p2a: Arcanine|Flare Blitz|p1b: Lucario\n|-supereffective|p1b: Lucario\n|-damage|p1b: Lucario|0 fnt\n|faint|p1b: Lucario\n|-damage|p2a: Arcanine|0 fnt|[from] Recoil\n|faint|p2a: Arcanine\n|move|p1a: Azumarill|Play Rough|p2b: Maushold\n|-damage|p2b: Maushold|0 fnt\n|faint|p2b: Maushold\n|\n|upkeep\n|\n|t:|1681909418\n|switch|p2b: Flutter Mane|Flutter Mane, L50|100\/100\n|switch|p2a: Iron Hands|Iron Hands, L50|100\/100\n|switch|p1b: Ceruledge|Ceruledge, L50, F|100\/100\n|turn|3\n|\n|t:|1681909440\n|move|p2a: Iron Hands|Fake Out|p1a: Azumarill\n|-damage|p1a: Azumarill|86\/100\n|move|p2b: Flutter Mane|Shadow Ball|p1b: Ceruledge\n|-supereffective|p1b: Ceruledge\n|-damage|p1b: Ceruledge|35\/100\n|move|p1b: Ceruledge|Bitter Blade|p2b: Flutter Mane\n|-damage|p2b: Flutter Mane|21\/100\n|-heal|p1b: Ceruledge|72\/100|[from] drain|[of] p2b: Flutter Mane\n|cant|p1a: Azumarill|flinch\n|\n|upkeep\n|turn|4\n|inactive|Alaskan_fisher has 30 seconds left.\n|\n|t:|1681909470\n|move|p1b: Ceruledge|Shadow Sneak|p2b: Flutter Mane\n|-supereffective|p2b: Flutter Mane\n|-damage|p2b: Flutter Mane|0 fnt\n|faint|p2b: Flutter Mane\n|-end|p2b: Flutter Mane|Protosynthesis|[silent]\n|move|p2a: Iron Hands|Wild Charge|p1a: Azumarill\n|-supereffective|p1a: Azumarill\n|-damage|p1a: Azumarill|0 fnt\n|faint|p1a: Azumarill\n|-damage|p2a: Iron Hands|83\/100|[from] Recoil\n|\n|upkeep\n|turn|5\n|\n|t:|1681909482\n|move|p1b: Ceruledge|Bitter Blade|p2a: Iron Hands\n|-damage|p2a: Iron Hands|50\/100\n|-heal|p1b: Ceruledge|96\/100|[from] drain|[of] p2a: Iron Hands\n|move|p2a: Iron Hands|Wild Charge|p1b: Ceruledge\n|-damage|p1b: Ceruledge|38\/100\n|-damage|p2a: Iron Hands|41\/100|[from] Recoil\n|\n|upkeep\n|turn|6\n|inactive|Alaskan_fisher has 30 seconds left.\n|\n|t:|1681909509\n|move|p1b: Ceruledge|Bitter Blade|p2a: Iron Hands\n|-damage|p2a: Iron Hands|11\/100\n|-heal|p1b: Ceruledge|60\/100|[from] drain|[of] p2a: Iron Hands\n|move|p2a: Iron Hands|Wild Charge|p1b: Ceruledge\n|-damage|p1b: Ceruledge|3\/100\n|-damage|p2a: Iron Hands|1\/100|[from] Recoil\n|\n|upkeep\n|turn|7\n|\n|t:|1681909519\n|move|p1b: Ceruledge|Shadow Sneak|p2a: Iron Hands\n|-damage|p2a: Iron Hands|0 fnt\n|faint|p2a: Iron Hands\n|-end|p2a: Iron Hands|Quark Drive|[silent]\n|\n|win|ThePyre\n|raw|ThePyre's rating: 1224 → 1249<\/strong> (+25 for winning)\n|raw|Alaskan_fisher's rating: 1226 → 1201<\/strong> (-25 for losing)\n|l|\u2606ThePyre\n","uploadtime":1681909525,"views":6,"p1id":"thepyre","p2id":"alaskanfisher","formatid":"gen9vgc2023regulationc","rating":1201,"private":0,"password":""}