{"id":"gen9vgc2023regulationc-1855900417","p1":"Hamstermminator","p2":"Mait27","format":"[Gen 9] VGC 2023 Regulation C","log":"|j|\u2606Hamstermminator\n|j|\u2606Mait27\n|t:|1682997973\n|gametype|doubles\n|player|p1|Hamstermminator|birdkeeper|1112\n|player|p2|Mait27|102|1085\n|teamsize|p1|6\n|teamsize|p2|6\n|gen|9\n|tier|[Gen 9] VGC 2023 Regulation C\n|rated|\n|rule|Species Clause: Limit one of each Pok\u00e9mon\n|rule|Item Clause: Limit one of each item\n|clearpoke\n|poke|p1|Ting-Lu, L50|\n|poke|p1|Palafin, L50, F|\n|poke|p1|Arcanine, L50, F|\n|poke|p1|Flutter Mane, L50|\n|poke|p1|Scizor, L50, M|\n|poke|p1|Amoonguss, L50, F|\n|poke|p2|Klawf, L50, F|\n|poke|p2|Grimmsnarl, L50, M|\n|poke|p2|Arcanine, L50, F|\n|poke|p2|Flutter Mane, L50|\n|poke|p2|Wo-Chien, L50|\n|poke|p2|Mimikyu, L50, M|\n|teampreview|4\n|c|\u2606Hamstermminator|klawf huh\nHamstermminator has agreed to open team sheets.\n|inactive|Battle timer is ON: inactive players will automatically lose when time's up. (requested by Mait27)\n|\n|t:|1682998043\n|start\n|switch|p1a: Scizor|Scizor, L50, M|100\/100\n|switch|p1b: Palafin|Palafin, L50, F|100\/100\n|switch|p2a: Arcanine|Arcanine, L50, F|100\/100\n|switch|p2b: Klawf|Klawf, L50, F|100\/100\n|-ability|p2a: Arcanine|Intimidate|boost\n|-fail|p1a: Scizor|unboost|[from] item: Clear Amulet|[of] p1a: Scizor\n|-unboost|p1b: Palafin|atk|1\n|turn|1\n|inactive|Hamstermminator has 30 seconds left.\n|\n|t:|1682998070\n|detailschange|p1b: Palafin|Palafin-Hero, L50, F\n|switch|p1b: Arcanine|Arcanine, L50, F|100\/100\n|-ability|p1b: Arcanine|Intimidate|boost\n|-unboost|p2a: Arcanine|atk|1\n|-unboost|p2b: Klawf|atk|1\n|-terastallize|p2b: Klawf|Water\n|move|p1a: Scizor|Protect|p1a: Scizor\n|-singleturn|p1a: Scizor|Protect\n|move|p2b: Klawf|Swords Dance|p2b: Klawf\n|-boost|p2b: Klawf|atk|2\n|move|p2a: Arcanine|Will-O-Wisp|p1a: Scizor\n|-activate|p1a: Scizor|move: Protect\n|\n|upkeep\n|turn|2\n|inactive|Hamstermminator has 30 seconds left.\n|inactive|Mait27 has 30 seconds left.\n|inactive|Hamstermminator has 20 seconds left.\n|\n|t:|1682998107\n|move|p2b: Klawf|Protect|p2b: Klawf\n|-singleturn|p2b: Klawf|Protect\n|move|p1b: Arcanine|Will-O-Wisp|p2b: Klawf\n|-activate|p2b: Klawf|move: Protect\n|move|p2a: Arcanine|Howl|p2a: Arcanine|[spread] p2a,p2b\n|-boost|p2a: Arcanine|atk|1\n|-boost|p2b: Klawf|atk|1\n|move|p1a: Scizor|U-turn|p2b: Klawf\n|-activate|p2b: Klawf|move: Protect\n|\n|upkeep\n|turn|3\n|\n|t:|1682998128\n|move|p1a: Scizor|Protect|p1a: Scizor\n|-singleturn|p1a: Scizor|Protect\n|move|p2b: Klawf|Crabhammer|p1b: Arcanine\n|-supereffective|p1b: Arcanine\n|-damage|p1b: Arcanine|0 fnt\n|faint|p1b: Arcanine\n|move|p2a: Arcanine|Flare Blitz|p1a: Scizor\n|-activate|p1a: Scizor|move: Protect\n|\n|upkeep\n|\n|t:|1682998139\n|switch|p1b: Palafin|Palafin-Hero, L50, F|100\/100\n|-activate|p1b: Palafin|ability: Zero to Hero\n|turn|4\n|\n|t:|1682998155\n|switch|p2a: Grimmsnarl|Grimmsnarl, L50, M|100\/100\n|-terastallize|p1b: Palafin|Water\n|move|p1b: Palafin|Jet Punch|p2a: Grimmsnarl\n|-damage|p2a: Grimmsnarl|23\/100\n|move|p2b: Klawf|Crabhammer|p1a: Scizor\n|-damage|p1a: Scizor|2\/100\n|move|p1a: Scizor|U-turn|p2b: Klawf\n|-damage|p2b: Klawf|54\/100\n|\n|t:|1682998166\n|switch|p1a: Flutter Mane|Flutter Mane, L50|100\/100|[from] U-turn\n|\n|upkeep\n|turn|5\n|inactive|Mait27 has 30 seconds left.\n|\n|t:|1682998197\n|move|p2b: Klawf|Protect|p2b: Klawf\n|-singleturn|p2b: Klawf|Protect\n|move|p1b: Palafin|Jet Punch|p2a: Grimmsnarl\n|-damage|p2a: Grimmsnarl|0 fnt\n|faint|p2a: Grimmsnarl\n|move|p1a: Flutter Mane|Shadow Ball|p2b: Klawf\n|-activate|p2b: Klawf|move: Protect\n|\n|upkeep\n|\n|t:|1682998208\n|switch|p2a: Arcanine|Arcanine, L50, F|100\/100\n|-ability|p2a: Arcanine|Intimidate|boost\n|-unboost|p1a: Flutter Mane|atk|1\n|-unboost|p1b: Palafin|atk|1\n|turn|6\n|\n|t:|1682998218\n|switch|p1b: Scizor|Scizor, L50, M|2\/100\n|move|p1a: Flutter Mane|Protect|p1a: Flutter Mane\n|-singleturn|p1a: Flutter Mane|Protect\n|move|p2a: Arcanine|Extreme Speed|p2b: Klawf\n|-damage|p2b: Klawf|22\/100\n|-ability|p2b: Klawf|Anger Shell|boost\n|-boost|p2b: Klawf|atk|1\n|-boost|p2b: Klawf|spa|1\n|-boost|p2b: Klawf|spe|1\n|-unboost|p2b: Klawf|def|1\n|-unboost|p2b: Klawf|spd|1\n|move|p2b: Klawf|Rock Blast|p1a: Flutter Mane\n|-activate|p1a: Flutter Mane|move: Protect\n|\n|upkeep\n|turn|7\n|c|\u2606Hamstermminator|OH\n|inactive|Hamstermminator has 30 seconds left.\n|\n|t:|1682998252\n|move|p2a: Arcanine|Extreme Speed|p1b: Scizor\n|-resisted|p1b: Scizor\n|-damage|p1b: Scizor|0 fnt\n|faint|p1b: Scizor\n|move|p2b: Klawf|Rock Blast|p1a: Flutter Mane\n|-damage|p1a: Flutter Mane|40\/100\n|-damage|p1a: Flutter Mane|0 fnt\n|faint|p1a: Flutter Mane\n|-end|p1a: Flutter Mane|Protosynthesis|[silent]\n|-hitcount|p1: Flutter Mane|2\n|\n|upkeep\n|\n|t:|1682998264\n|switch|p1b: Palafin|Palafin-Hero, L50, F, tera:Water|100\/100\n|turn|8\n|\n|t:|1682998275\n|move|p1b: Palafin|Jet Punch|p2a: Arcanine\n|-supereffective|p2a: Arcanine\n|-damage|p2a: Arcanine|0 fnt\n|faint|p2a: Arcanine\n|move|p2b: Klawf|Rock Blast|p1b: Palafin\n|-damage|p1b: Palafin|76\/100\n|-damage|p1b: Palafin|49\/100\n|-hitcount|p1b: Palafin|2\n|\n|upkeep\n|\n|t:|1682998283\n|switch|p2a: Wo-Chien|Wo-Chien, L50|100\/100\n|-ability|p2a: Wo-Chien|Tablets of Ruin\n|turn|9\n|\n|t:|1682998289\n|move|p2b: Klawf|Protect|p2b: Klawf\n|-singleturn|p2b: Klawf|Protect\n|move|p1b: Palafin|Jet Punch|p2b: Klawf\n|-activate|p2b: Klawf|move: Protect\n|move|p2a: Wo-Chien|Leech Seed|p1b: Palafin\n|-start|p1b: Palafin|move: Leech Seed\n|\n|-damage|p1b: Palafin|37\/100|[from] Leech Seed|[of] p2a: Wo-Chien\n|upkeep\n|turn|10\n|c|\u2606Hamstermminator|ggs\n|c|\u2606Hamstermminator|sick team\n|-message|Hamstermminator forfeited.\n|\n|win|Mait27\n|raw|Hamstermminator's rating: 1112 → 1085<\/strong> (-27 for losing)\n|raw|Mait27's rating: 1085 → 1114<\/strong> (+29 for winning)\n|l|\u2606Hamstermminator\n","uploadtime":1682998318,"views":12,"p1id":"hamstermminator","p2id":"mait27","formatid":"gen9vgc2023regulationc","rating":1085,"private":0,"password":""}