{"id":"gen9vgc2023regulationc-1852456306","p1":"Ups1deD0wnSyndrome","p2":"AceTrainerNite","format":"[Gen 9] VGC 2023 Regulation C","log":"|j|\u2606Ups1deD0wnSyndrome\n|j|\u2606AceTrainerNite\n|t:|1682559887\n|gametype|doubles\n|player|p1|Ups1deD0wnSyndrome|265|\n|player|p2|AceTrainerNite|benga|\n|teamsize|p1|6\n|teamsize|p2|6\n|gen|9\n|tier|[Gen 9] VGC 2023 Regulation C\n|rule|Species Clause: Limit one of each Pok\u00e9mon\n|rule|Item Clause: Limit one of each item\n|clearpoke\n|poke|p1|Flutter Mane, L50|\n|poke|p1|Altaria, L50, F|\n|poke|p1|Arcanine, L50, M|\n|poke|p1|Luxray, L50, F|\n|poke|p1|Grafaiai, L50, F|\n|poke|p1|Cacturne, L50, M|\n|poke|p2|Gengar, L50, F|\n|poke|p2|Dondozo, L50, M|\n|poke|p2|Toxtricity-Low-Key, L50, M|\n|poke|p2|Tatsugiri, L50, M|\n|poke|p2|Hydreigon, L50, M|\n|poke|p2|Breloom, L50, F|\n|teampreview|4\n|\n|t:|1682559910\n|start\n|switch|p1a: Altaria|Altaria, L50, F|100\/100\n|switch|p1b: Flutter Mane|Flutter Mane, L50|100\/100\n|switch|p2a: Toxtricity|Toxtricity-Low-Key, L50, M|100\/100\n|switch|p2b: Breloom|Breloom, L50, F, shiny|100\/100\n|turn|1\n|\n|t:|1682559944\n|-terastallize|p2b: Breloom|Ghost\n|move|p2a: Toxtricity|Protect|p2a: Toxtricity\n|-singleturn|p2a: Toxtricity|Protect\n|move|p1b: Flutter Mane|Calm Mind|p1b: Flutter Mane\n|-boost|p1b: Flutter Mane|spa|1\n|-boost|p1b: Flutter Mane|spd|1\n|move|p1a: Altaria|Will-O-Wisp|p2b: Breloom\n|-status|p2b: Breloom|brn\n|move|p2b: Breloom|Bullet Seed|p1b: Flutter Mane\n|-damage|p1b: Flutter Mane|77\/100\n|-damage|p1b: Flutter Mane|54\/100\n|-damage|p1b: Flutter Mane|29\/100\n|-damage|p1b: Flutter Mane|7\/100\n|-damage|p1b: Flutter Mane|0 fnt\n|faint|p1b: Flutter Mane\n|-end|p1b: Flutter Mane|Protosynthesis|[silent]\n|-hitcount|p1: Flutter Mane|5\n|\n|-damage|p2b: Breloom|94\/100 brn|[from] brn\n|upkeep\n|\n|t:|1682559970\n|switch|p1b: Luxray|Luxray, L50, F|100\/100\n|-ability|p1b: Luxray|Intimidate|boost\n|-unboost|p2a: Toxtricity|atk|1\n|-unboost|p2b: Breloom|atk|1\n|turn|2\n|\n|t:|1682559991\n|move|p2b: Breloom|Mach Punch|p1b: Luxray\n|-damage|p1b: Luxray|86\/100\n|move|p2a: Toxtricity|Overdrive|p1a: Altaria|[spread] p1a,p1b\n|-resisted|p1b: Luxray\n|-damage|p1a: Altaria|58\/100\n|-damage|p1b: Luxray|69\/100\n|-damage|p2a: Toxtricity|90\/100|[from] item: Life Orb\n|move|p1a: Altaria|Tailwind|p1a: Altaria\n|-sidestart|p1: Ups1deD0wnSyndrome|move: Tailwind\n|move|p1b: Luxray|Trailblaze|p2b: Breloom\n|-damage|p2b: Breloom|74\/100 brn\n|-boost|p1b: Luxray|spe|1\n|\n|-heal|p1b: Luxray|75\/100|[from] item: Leftovers\n|-damage|p2b: Breloom|68\/100 brn|[from] brn\n|upkeep\n|turn|3\n|\n|t:|1682560021\n|move|p1b: Luxray|Fake Tears|p2a: Toxtricity\n|-unboost|p2a: Toxtricity|spd|2\n|move|p1a: Altaria|Roost|p1a: Altaria\n|-heal|p1a: Altaria|100\/100\n|-singleturn|p1a: Altaria|move: Roost\n|move|p2a: Toxtricity|Boomburst|p1a: Altaria|[spread] p1a,p1b\n|-immune|p2b: Breloom\n|-damage|p1a: Altaria|49\/100\n|-damage|p1b: Luxray|28\/100\n|-damage|p2a: Toxtricity|80\/100|[from] item: Life Orb\n|move|p2b: Breloom|Spore|p1b: Luxray\n|-status|p1b: Luxray|slp|[from] move: Spore\n|\n|-heal|p1b: Luxray|34\/100 slp|[from] item: Leftovers\n|-damage|p2b: Breloom|62\/100 brn|[from] brn\n|upkeep\n|turn|4\n|\n|t:|1682560048\n|switch|p1b: Grafaiai|Grafaiai, L50, F|100\/100\n|switch|p2a: Dondozo|Dondozo, L50, M, shiny|100\/100\n|move|p1a: Altaria|Roost|p1a: Altaria\n|-heal|p1a: Altaria|99\/100\n|-singleturn|p1a: Altaria|move: Roost\n|move|p2b: Breloom|Spore|p1a: Altaria\n|-status|p1a: Altaria|slp|[from] move: Spore\n|\n|-damage|p2b: Breloom|56\/100 brn|[from] brn\n|upkeep\n|turn|5\n|\n|t:|1682560076\n|switch|p2b: Tatsugiri|Tatsugiri, L50, M, shiny|100\/100\n|-activate|p2b: Tatsugiri|ability: Commander|[of] p2a: Dondozo\n|-boost|p2a: Dondozo|atk|2\n|-boost|p2a: Dondozo|spa|2\n|-boost|p2a: Dondozo|spe|2\n|-boost|p2a: Dondozo|def|2\n|-boost|p2a: Dondozo|spd|2\n|-enditem|p1b: Grafaiai|Mirror Herb\n|-boost|p1b: Grafaiai|atk|2|[from] item: Mirror Herb\n|-boost|p1b: Grafaiai|spa|2|[from] item: Mirror Herb\n|-boost|p1b: Grafaiai|spe|2|[from] item: Mirror Herb\n|-boost|p1b: Grafaiai|def|2|[from] item: Mirror Herb\n|-boost|p1b: Grafaiai|spd|2|[from] item: Mirror Herb\n|move|p1b: Grafaiai|Swagger|p2a: Dondozo\n|-boost|p2a: Dondozo|atk|2\n|-start|p2a: Dondozo|confusion\n|cant|p1a: Altaria|slp\n|-activate|p2a: Dondozo|confusion\n|move|p2a: Dondozo|Wave Crash|p1b: Grafaiai\n|-damage|p1b: Grafaiai|0 fnt\n|faint|p1b: Grafaiai\n|-damage|p2a: Dondozo|80\/100|[from] Recoil\n|\n|-sideend|p1: Ups1deD0wnSyndrome|move: Tailwind\n|upkeep\n|\n|t:|1682560098\n|switch|p1b: Luxray|Luxray, L50, F|34\/100 slp\n|-ability|p1b: Luxray|Intimidate|boost\n|-unboost|p2a: Dondozo|atk|1\n|-unboost|p2b: Tatsugiri|atk|1\n|turn|6\n|\n|t:|1682560110\n|-activate|p2a: Dondozo|confusion\n|move|p2a: Dondozo|Order Up|p1a: Altaria\n|-supereffective|p1a: Altaria\n|-damage|p1a: Altaria|12\/100 slp\n|-boost|p2a: Dondozo|atk|1\n|cant|p1a: Altaria|slp\n|cant|p1b: Luxray|slp\n|\n|-heal|p1b: Luxray|40\/100 slp|[from] item: Leftovers\n|upkeep\n|turn|7\n|\n|t:|1682560123\n|-end|p2a: Dondozo|confusion\n|move|p2a: Dondozo|Wave Crash|p1b: Luxray\n|-damage|p1b: Luxray|0 fnt\n|faint|p1b: Luxray\n|-damage|p2a: Dondozo|70\/100|[from] Recoil\n|cant|p1a: Altaria|slp\n|\n|upkeep\n|turn|8\n|\n|t:|1682560134\n|move|p2a: Dondozo|Order Up|p1a: Altaria\n|-supereffective|p1a: Altaria\n|-damage|p1a: Altaria|0 fnt\n|faint|p1a: Altaria\n|\n|win|AceTrainerNite\n","uploadtime":1682560141,"views":23,"p1id":"ups1ded0wnsyndrome","p2id":"acetrainernite","formatid":"gen9vgc2023regulationc","rating":0,"private":0,"password":""}