{"id":"gen9vgc2023regulationc-1861271080","p1":"Easy Money Dude","p2":"kbzn_","format":"[Gen 9] VGC 2023 Regulation C","log":"|j|\u2606Easy Money Dude\n|j|\u2606kbzn_\n|t:|1683741263\n|gametype|doubles\n|player|p1|Easy Money Dude|266|1232\n|player|p2|kbzn_|infielder|1231\n|teamsize|p1|6\n|teamsize|p2|6\n|gen|9\n|tier|[Gen 9] VGC 2023 Regulation C\n|rated|\n|rule|Species Clause: Limit one of each Pok\u00e9mon\n|rule|Item Clause: Limit one of each item\n|clearpoke\n|poke|p1|Pelipper, L50, M|\n|poke|p1|Palafin, L50, M|\n|poke|p1|Dondozo, L50, M|\n|poke|p1|Tatsugiri, L50, F|\n|poke|p1|Rotom-Wash, L50|\n|poke|p1|Iron Bundle, L50|\n|poke|p2|Iron Bundle, L50|\n|poke|p2|Chien-Pao, L50|\n|poke|p2|Maushold-Four, L50|\n|poke|p2|Annihilape, L50, M|\n|poke|p2|Arcanine, L50, F|\n|poke|p2|Ting-Lu, L50|\n|teampreview|4\n|inactive|Battle timer is ON: inactive players will automatically lose when time's up. (requested by kbzn_)\n|inactive|Easy Money Dude has 60 seconds left.\n|inactive|kbzn_ has 60 seconds left.\n|inactive|Easy Money Dude has 30 seconds left.\n|inactive|Easy Money Dude has 20 seconds left.\n|inactive|Easy Money Dude has 15 seconds left.\n|inactive|Easy Money Dude has 10 seconds left.\n|inactive|Easy Money Dude has 5 seconds left.\n|\n|t:|1683741349\n|start\n|switch|p1a: Rotom|Rotom-Wash, L50, shiny|100\/100\n|switch|p1b: Palafin|Palafin, L50, M, shiny|100\/100\n|switch|p2a: Iron Bundle|Iron Bundle, L50, shiny|100\/100\n|switch|p2b: Maushold|Maushold-Four, L50|100\/100\n|-enditem|p2a: Iron Bundle|Booster Energy\n|-activate|p2a: Iron Bundle|ability: Quark Drive|[fromitem]\n|-start|p2a: Iron Bundle|quarkdrivespe\n|turn|1\n|\n|t:|1683741373\n|detailschange|p1b: Palafin|Palafin-Hero, L50, M, shiny\n|switch|p1b: Iron Bundle|Iron Bundle, L50|100\/100\n|-enditem|p1b: Iron Bundle|Booster Energy\n|-activate|p1b: Iron Bundle|ability: Quark Drive|[fromitem]\n|-start|p1b: Iron Bundle|quarkdrivespe\n|move|p2b: Maushold|Follow Me|p2b: Maushold\n|-singleturn|p2b: Maushold|move: Follow Me\n|move|p2a: Iron Bundle|Freeze-Dry|p1b: Iron Bundle\n|-damage|p1b: Iron Bundle|30\/100\n|move|p1a: Rotom|Thunderbolt|p2b: Maushold\n|-damage|p2b: Maushold|52\/100\n|\n|upkeep\n|turn|2\n|inactive|kbzn_ has 30 seconds left.\n|inactive|Easy Money Dude has 30 seconds left.\n|inactive|kbzn_ has 20 seconds left.\n|inactive|kbzn_ has 15 seconds left.\n|\n|t:|1683741415\n|-terastallize|p1a: Rotom|Ghost\n|move|p1b: Iron Bundle|Protect|p1b: Iron Bundle\n|-singleturn|p1b: Iron Bundle|Protect\n|move|p2b: Maushold|Follow Me|p2b: Maushold\n|-singleturn|p2b: Maushold|move: Follow Me\n|move|p2a: Iron Bundle|Icy Wind|p1a: Rotom|[spread] p1a\n|-activate|p1b: Iron Bundle|move: Protect\n|-damage|p1a: Rotom|76\/100\n|-unboost|p1a: Rotom|spe|1\n|move|p1a: Rotom|Thunderbolt|p2b: Maushold\n|-damage|p2b: Maushold|5\/100\n|-enditem|p2b: Maushold|Sitrus Berry|[eat]\n|-heal|p2b: Maushold|29\/100|[from] item: Sitrus Berry\n|\n|upkeep\n|turn|3\n|inactive|kbzn_ has 30 seconds left.\n|inactive|kbzn_ has 20 seconds left.\n|inactive|kbzn_ has 15 seconds left.\n|\n|t:|1683741455\n|move|p2a: Iron Bundle|Freeze-Dry|p1b: Iron Bundle\n|-damage|p1b: Iron Bundle|0 fnt\n|faint|p1b: Iron Bundle\n|-end|p1b: Iron Bundle|Quark Drive|[silent]\n|move|p1a: Rotom|Thunderbolt|p2a: Iron Bundle\n|-supereffective|p2a: Iron Bundle\n|-damage|p2a: Iron Bundle|0 fnt\n|faint|p2a: Iron Bundle\n|-end|p2a: Iron Bundle|Quark Drive|[silent]\n|move|p2b: Maushold|Beat Up|p1a: Rotom\n|-supereffective|p1a: Rotom\n|-damage|p1a: Rotom|71\/100\n|-supereffective|p1a: Rotom\n|-damage|p1a: Rotom|63\/100\n|-supereffective|p1a: Rotom\n|-damage|p1a: Rotom|57\/100\n|-hitcount|p1a: Rotom|3\n|\n|upkeep\n|\n|t:|1683741469\n|switch|p1b: Palafin|Palafin-Hero, L50, M, shiny|100\/100\n|switch|p2a: Chien-Pao|Chien-Pao, L50|100\/100\n|-ability|p2a: Chien-Pao|Sword of Ruin\n|-activate|p1b: Palafin|ability: Zero to Hero\n|turn|4\n|\n|t:|1683741484\n|switch|p1a: Pelipper|Pelipper, L50, M, shiny|100\/100\n|-weather|RainDance|[from] ability: Drizzle|[of] p1a: Pelipper\n|move|p2a: Chien-Pao|Sucker Punch||[still]\n|-fail|p2a: Chien-Pao\n|move|p1b: Palafin|Jet Punch|p2a: Chien-Pao\n|-damage|p2a: Chien-Pao|6\/100\n|move|p2b: Maushold|Super Fang|p1b: Palafin|[miss]\n|-miss|p2b: Maushold|p1b: Palafin\n|\n|-weather|RainDance|[upkeep]\n|upkeep\n|turn|5\n|\n|t:|1683741501\n|move|p2a: Chien-Pao|Protect|p2a: Chien-Pao\n|-singleturn|p2a: Chien-Pao|Protect\n|move|p1b: Palafin|Jet Punch|p2a: Chien-Pao\n|-activate|p2a: Chien-Pao|move: Protect\n|move|p2b: Maushold|Super Fang|p1b: Palafin\n|-damage|p1b: Palafin|51\/100\n|move|p1a: Pelipper|Hurricane|p2b: Maushold\n|-damage|p2b: Maushold|0 fnt\n|faint|p2b: Maushold\n|\n|-weather|RainDance|[upkeep]\n|upkeep\n|\n|t:|1683741513\n|switch|p2b: Ting-Lu|Ting-Lu, L50|100\/100\n|-ability|p2b: Ting-Lu|Vessel of Ruin\n|turn|6\n|\n|t:|1683741538\n|move|p1b: Palafin|Jet Punch|p2a: Chien-Pao\n|-damage|p2a: Chien-Pao|0 fnt\n|faint|p2a: Chien-Pao\n|move|p2b: Ting-Lu|Stomping Tantrum|p1b: Palafin\n|-damage|p1b: Palafin|17\/100\n|-damage|p2b: Ting-Lu|91\/100|[from] item: Life Orb\n|move|p1a: Pelipper|Hurricane|p2b: Ting-Lu\n|-damage|p2b: Ting-Lu|71\/100\n|-start|p2b: Ting-Lu|confusion\n|\n|-weather|RainDance|[upkeep]\n|upkeep\n|turn|7\n|-message|kbzn_ forfeited.\n|\n|win|Easy Money Dude\n|raw|Easy Money Dude's rating: 1232 → 1257<\/strong> (+25 for winning)\n|raw|kbzn_'s rating: 1231 → 1206<\/strong> (-25 for losing)\n","uploadtime":1683741556,"views":12,"p1id":"easymoneydude","p2id":"kbzn","formatid":"gen9vgc2023regulationc","rating":1206,"private":0,"password":""}