{"id":"gen9vgc2023regulationc-1845211133","p1":"Galahad Excalibur","p2":"Darkskin gawd","format":"[Gen 9] VGC 2023 Regulation C","log":"|j|\u2606Galahad Excalibur\n|j|\u2606Darkskin gawd\n|t:|1681696881\n|gametype|doubles\n|player|p1|Galahad Excalibur|richboy-gen4|\n|player|p2|Darkskin gawd|169|\n|teamsize|p1|6\n|teamsize|p2|6\n|gen|9\n|tier|[Gen 9] VGC 2023 Regulation C\n|rule|Species Clause: Limit one of each Pok\u00e9mon\n|rule|Item Clause: Limit one of each item\n|clearpoke\n|poke|p1|Ting-Lu, L50|\n|poke|p1|Iron Hands, L50|\n|poke|p1|Bronzong, L50|\n|poke|p1|Annihilape, L50, F|\n|poke|p1|Kingambit, L50, F|\n|poke|p1|Amoonguss, L50, F|\n|poke|p2|Iron Hands, L50|\n|poke|p2|Dragonite, L50, F|\n|poke|p2|Iron Bundle, L50|\n|poke|p2|Ting-Lu, L50|\n|poke|p2|Maushold-Four, L50|\n|poke|p2|Dragapult, L50, F|\n|teampreview|4\n|inactive|Battle timer is ON: inactive players will automatically lose when time's up. (requested by Galahad Excalibur)\n|inactive|Darkskin gawd has 60 seconds left.\n|inactive|Darkskin gawd has 30 seconds left.\n|\n|t:|1681696947\n|start\n|switch|p1a: Iron Hands|Iron Hands, L50|100\/100\n|switch|p1b: Bronzong|Bronzong, L50|100\/100\n|switch|p2a: Ting-Lu|Ting-Lu, L50|100\/100\n|switch|p2b: Maushold|Maushold-Four, L50|100\/100\n|-ability|p2a: Ting-Lu|Vessel of Ruin\n|turn|1\n|inactive|Darkskin gawd has 30 seconds left.\n|\n|t:|1681696976\n|-terastallize|p2a: Ting-Lu|Fairy\n|move|p1a: Iron Hands|Fake Out|p2a: Ting-Lu\n|-damage|p2a: Ting-Lu|94\/100\n|move|p2b: Maushold|Thunder Wave|p1b: Bronzong\n|-status|p1b: Bronzong|par\n|cant|p2a: Ting-Lu|flinch\n|move|p1b: Bronzong|Trick Room|p1b: Bronzong\n|-fieldstart|move: Trick Room|[of] p1b: Bronzong\n|\n|upkeep\n|turn|2\n|inactive|Galahad Excalibur has 30 seconds left.\n|inactive|Darkskin gawd has 30 seconds left.\n|inactive|Galahad Excalibur has 20 seconds left.\n|inactive|Darkskin gawd has 20 seconds left.\n|inactive|Darkskin gawd has 15 seconds left.\n|inactive|Darkskin gawd has 10 seconds left.\n|\n|t:|1681697025\n|move|p1b: Bronzong|Iron Defense|p1b: Bronzong\n|-boost|p1b: Bronzong|def|2\n|move|p1a: Iron Hands|Drain Punch|p2b: Maushold\n|-supereffective|p2b: Maushold\n|-enditem|p2b: Maushold|Focus Sash\n|-damage|p2b: Maushold|1\/100\n|move|p2a: Ting-Lu|Tera Blast|p1a: Iron Hands\n|-supereffective|p1a: Iron Hands\n|-damage|p1a: Iron Hands|40\/100\n|move|p2b: Maushold|Super Fang|p1b: Bronzong\n|-damage|p1b: Bronzong|50\/100 par\n|\n|upkeep\n|turn|3\n|inactive|Galahad Excalibur has 30 seconds left.\n|\n|t:|1681697057\n|switch|p1b: Kingambit|Kingambit, L50, F|100\/100\n|switch|p2b: Dragapult|Dragapult, L50, F|100\/100\n|move|p1a: Iron Hands|Volt Switch|p2a: Ting-Lu\n|-damage|p2a: Ting-Lu|88\/100\n|\n|t:|1681697066\n|-end|p1a: Iron Hands|Quark Drive|[silent]\n|switch|p1a: Bronzong|Bronzong, L50|50\/100 par|[from] Volt Switch\n|move|p2a: Ting-Lu|Tera Blast|p1a: Bronzong\n|-resisted|p1a: Bronzong\n|-damage|p1a: Bronzong|37\/100 par\n|\n|upkeep\n|turn|4\n|inactive|Galahad Excalibur has 30 seconds left.\n|inactive|Darkskin gawd has 30 seconds left.\n|inactive|Darkskin gawd has 20 seconds left.\n|\n|t:|1681697103\n|switch|p1a: Iron Hands|Iron Hands, L50|40\/100\n|-terastallize|p1b: Kingambit|Flying\n|move|p1b: Kingambit|Sucker Punch|p2b: Dragapult\n|-supereffective|p2b: Dragapult\n|-damage|p2b: Dragapult|0 fnt\n|faint|p2b: Dragapult\n|-damage|p1b: Kingambit|91\/100|[from] item: Life Orb\n|move|p2a: Ting-Lu|Stomping Tantrum|p1b: Kingambit\n|-immune|p1b: Kingambit\n|\n|upkeep\n|\n|t:|1681697114\n|switch|p2b: Iron Hands|Iron Hands, L50|100\/100\n|turn|5\n|\n|t:|1681697136\n|move|p1a: Iron Hands|Fake Out|p2b: Iron Hands\n|-damage|p2b: Iron Hands|89\/100\n|cant|p2b: Iron Hands|flinch\n|move|p1b: Kingambit|Iron Head|p2a: Ting-Lu\n|-supereffective|p2a: Ting-Lu\n|-damage|p2a: Ting-Lu|21\/100\n|-damage|p1b: Kingambit|81\/100|[from] item: Life Orb\n|move|p2a: Ting-Lu|Tera Blast|p1a: Iron Hands\n|-supereffective|p1a: Iron Hands\n|-damage|p1a: Iron Hands|0 fnt\n|faint|p1a: Iron Hands\n|-end|p1a: Iron Hands|Quark Drive|[silent]\n|\n|-fieldend|move: Trick Room\n|upkeep\n|\n|t:|1681697154\n|switch|p1a: Bronzong|Bronzong, L50|37\/100 par\n|turn|6\n|inactive|Darkskin gawd has 30 seconds left.\n|\n|t:|1681697185\n|switch|p1b: Ting-Lu|Ting-Lu, L50|100\/100\n|-ability|p1b: Ting-Lu|Vessel of Ruin\n|move|p2b: Iron Hands|Thunder Punch|p1b: Ting-Lu\n|-immune|p1b: Ting-Lu\n|move|p2a: Ting-Lu|Tera Blast|p1b: Ting-Lu\n|-supereffective|p1b: Ting-Lu\n|-damage|p1b: Ting-Lu|52\/100\n|-enditem|p1b: Ting-Lu|Weakness Policy\n|-boost|p1b: Ting-Lu|atk|2|[from] item: Weakness Policy\n|-boost|p1b: Ting-Lu|spa|2|[from] item: Weakness Policy\n|move|p1a: Bronzong|Bulldoze|p2b: Iron Hands|[spread] p1b,p2a,p2b\n|-supereffective|p2b: Iron Hands\n|-damage|p1b: Ting-Lu|46\/100\n|-damage|p2a: Ting-Lu|16\/100\n|-damage|p2b: Iron Hands|76\/100\n|-unboost|p1b: Ting-Lu|spe|1\n|-unboost|p2a: Ting-Lu|spe|1\n|-unboost|p2b: Iron Hands|spe|1\n|\n|upkeep\n|turn|7\n|inactive|Darkskin gawd has 30 seconds left.\n|inactive|Darkskin gawd has 20 seconds left.\n|\n|t:|1681697222\n|move|p2b: Iron Hands|Drain Punch|p1b: Ting-Lu\n|-supereffective|p1b: Ting-Lu\n|-damage|p1b: Ting-Lu|0 fnt\n|-heal|p2b: Iron Hands|98\/100|[from] drain|[of] p1b: Ting-Lu\n|faint|p1b: Ting-Lu\n|move|p2a: Ting-Lu|Tera Blast|p1a: Bronzong\n|-resisted|p1a: Bronzong\n|-damage|p1a: Bronzong|23\/100 par\n|move|p1a: Bronzong|Body Press|p2a: Ting-Lu\n|-resisted|p2a: Ting-Lu\n|-damage|p2a: Ting-Lu|8\/100\n|\n|upkeep\n|\n|t:|1681697234\n|switch|p1b: Kingambit|Kingambit, L50, F, tera:Flying|81\/100\n|turn|8\n|\n|t:|1681697245\n|move|p1b: Kingambit|Protect|p1b: Kingambit\n|-singleturn|p1b: Kingambit|Protect\n|move|p2b: Iron Hands|Thunder Punch|p1b: Kingambit\n|-activate|p1b: Kingambit|move: Protect\n|move|p2a: Ting-Lu|Tera Blast|p1a: Bronzong\n|-resisted|p1a: Bronzong\n|-damage|p1a: Bronzong|8\/100 par\n|move|p1a: Bronzong|Bulldoze|p2a: Ting-Lu|[spread] p2a,p2b\n|-activate|p1b: Kingambit|move: Protect\n|-supereffective|p2b: Iron Hands\n|-damage|p2a: Ting-Lu|3\/100\n|-damage|p2b: Iron Hands|86\/100\n|-unboost|p2a: Ting-Lu|spe|1\n|-unboost|p2b: Iron Hands|spe|1\n|\n|upkeep\n|turn|9\n|\n|t:|1681697268\n|move|p1b: Kingambit|Tera Blast|p2b: Iron Hands\n|-damage|p2b: Iron Hands|50\/100\n|-enditem|p2b: Iron Hands|Sitrus Berry|[eat]\n|-heal|p2b: Iron Hands|75\/100|[from] item: Sitrus Berry\n|-damage|p1b: Kingambit|72\/100|[from] item: Life Orb\n|move|p2b: Iron Hands|Drain Punch|p1b: Kingambit\n|-resisted|p1b: Kingambit\n|-damage|p1b: Kingambit|56\/100\n|-heal|p2b: Iron Hands|81\/100|[from] drain|[of] p1b: Kingambit\n|move|p2a: Ting-Lu|Tera Blast|p1b: Kingambit\n|-damage|p1b: Kingambit|27\/100\n|move|p1a: Bronzong|Bulldoze|p2a: Ting-Lu|[spread] p2a,p2b\n|-immune|p1b: Kingambit\n|-supereffective|p2b: Iron Hands\n|-damage|p2a: Ting-Lu|0 fnt\n|-damage|p2b: Iron Hands|68\/100\n|-unboost|p2b: Iron Hands|spe|1\n|faint|p2a: Ting-Lu\n|\n|upkeep\n|\n|t:|1681697286\n|switch|p2a: Maushold|Maushold-Four, L50|1\/100\n|turn|10\n|\n|t:|1681697305\n|move|p2a: Maushold|Protect|p2a: Maushold\n|-singleturn|p2a: Maushold|Protect\n|move|p1b: Kingambit|Tera Blast|p2b: Iron Hands\n|-damage|p2b: Iron Hands|38\/100\n|-damage|p1b: Kingambit|17\/100|[from] item: Life Orb\n|move|p2b: Iron Hands|Drain Punch|p1a: Bronzong\n|-damage|p1a: Bronzong|0 fnt\n|-heal|p2b: Iron Hands|41\/100|[from] drain|[of] p1a: Bronzong\n|faint|p1a: Bronzong\n|\n|upkeep\n|turn|11\n|\n|t:|1681697319\n|move|p2a: Maushold|Follow Me|p2a: Maushold\n|-singleturn|p2a: Maushold|move: Follow Me\n|move|p1b: Kingambit|Iron Head|p2a: Maushold\n|-damage|p2a: Maushold|0 fnt\n|faint|p2a: Maushold\n|-damage|p1b: Kingambit|8\/100|[from] item: Life Orb\n|move|p2b: Iron Hands|Thunder Punch|p1b: Kingambit\n|-supereffective|p1b: Kingambit\n|-damage|p1b: Kingambit|0 fnt\n|faint|p1b: Kingambit\n|\n|win|Darkskin gawd\n","uploadtime":1681697338,"views":7,"p1id":"galahadexcalibur","p2id":"darkskingawd","formatid":"gen9vgc2023regulationc","rating":0,"private":0,"password":""}