{"id":"gen9vgc2023regulationc-1855781446","p1":"Large91","p2":"Sbradyb","format":"[Gen 9] VGC 2023 Regulation C","log":"|j|\u2606Large91\n|j|\u2606Sbradyb\n|t:|1682983441\n|gametype|doubles\n|player|p1|Large91|doubleteam|1277\n|player|p2|Sbradyb|266|1338\n|teamsize|p1|6\n|teamsize|p2|6\n|gen|9\n|tier|[Gen 9] VGC 2023 Regulation C\n|rated|\n|rule|Species Clause: Limit one of each Pok\u00e9mon\n|rule|Item Clause: Limit one of each item\n|clearpoke\n|poke|p1|Sableye, L50, F|\n|poke|p1|Ceruledge, L50, F|\n|poke|p1|Baxcalibur, L50, F|\n|poke|p1|Volcarona, L50, M|\n|poke|p1|Espathra, L50, F|\n|poke|p1|Indeedee-F, L50, F|\n|poke|p2|Maushold, L50|\n|poke|p2|Flutter Mane, L50|\n|poke|p2|Gholdengo, L50|\n|poke|p2|Chi-Yu, L50|\n|poke|p2|Gyarados, L50, F|\n|poke|p2|Wo-Chien, L50|\n|teampreview|4\n|inactive|Battle timer is ON: inactive players will automatically lose when time's up. (requested by Sbradyb)\n|inactive|Sbradyb has 60 seconds left.\n|inactive|Sbradyb has 30 seconds left.\n|\n|t:|1682983505\n|start\n|switch|p1a: Sableye|Sableye, L50, F|100\/100\n|switch|p1b: Ceruledge|Ceruledge, L50, F|100\/100\n|switch|p2a: Chi-Yu|Chi-Yu, L50|100\/100\n|switch|p2b: Maushold|Maushold, L50|100\/100\n|-ability|p2a: Chi-Yu|Beads of Ruin\n|turn|1\n|inactive|Large91 has 30 seconds left.\n|\n|t:|1682983531\n|-terastallize|p1b: Ceruledge|Grass\n|move|p2b: Maushold|Protect|p2b: Maushold\n|-singleturn|p2b: Maushold|Protect\n|move|p1a: Sableye|Light Screen|p1a: Sableye\n|-sidestart|p1: Large91|move: Light Screen\n|move|p2a: Chi-Yu|Nasty Plot|p2a: Chi-Yu\n|-boost|p2a: Chi-Yu|spa|2\n|move|p1b: Ceruledge|Bulk Up|p1b: Ceruledge\n|-boost|p1b: Ceruledge|atk|1\n|-boost|p1b: Ceruledge|def|1\n|\n|upkeep\n|turn|2\n|inactive|Large91 has 30 seconds left.\n|inactive|Sbradyb has 30 seconds left.\n|\n|t:|1682983565\n|switch|p2b: Gyarados|Gyarados, L50, F|100\/100\n|-ability|p2b: Gyarados|Intimidate|boost\n|-unboost|p1a: Sableye|atk|1\n|-fail|p1b: Ceruledge|unboost|[from] item: Clear Amulet|[of] p1b: Ceruledge\n|move|p1a: Sableye|Encore||[still]\n|-fail|p1a: Sableye\n|move|p2a: Chi-Yu|Dark Pulse|p1a: Sableye\n|-damage|p1a: Sableye|16\/100\n|move|p1b: Ceruledge|Bitter Blade|p2a: Chi-Yu\n|-resisted|p2a: Chi-Yu\n|-damage|p2a: Chi-Yu|64\/100\n|\n|-heal|p2a: Chi-Yu|70\/100|[from] item: Leftovers\n|upkeep\n|turn|3\n|inactive|Sbradyb has 30 seconds left.\n|\n|t:|1682983594\n|move|p1a: Sableye|Reflect|p1a: Sableye\n|-sidestart|p1: Large91|Reflect\n|move|p2a: Chi-Yu|Dark Pulse|p1b: Ceruledge\n|-damage|p1b: Ceruledge|37\/100\n|cant|p1b: Ceruledge|flinch\n|move|p2b: Gyarados|Thunder Wave|p1b: Ceruledge\n|-status|p1b: Ceruledge|par\n|\n|-heal|p2a: Chi-Yu|76\/100|[from] item: Leftovers\n|upkeep\n|turn|4\n|inactive|Sbradyb has 30 seconds left.\n|\n|t:|1682983619\n|move|p2b: Gyarados|Protect|p2b: Gyarados\n|-singleturn|p2b: Gyarados|Protect\n|move|p1b: Ceruledge|Protect|p1b: Ceruledge\n|-singleturn|p1b: Ceruledge|Protect\n|move|p1a: Sableye|Disable|p2b: Gyarados\n|-activate|p2b: Gyarados|move: Protect\n|move|p2a: Chi-Yu|Dark Pulse|p1a: Sableye\n|-damage|p1a: Sableye|0 fnt\n|faint|p1a: Sableye\n|\n|-heal|p2a: Chi-Yu|82\/100|[from] item: Leftovers\n|upkeep\n|\n|t:|1682983635\n|switch|p1a: Espathra|Espathra, L50, F|100\/100\n|turn|5\n|\n|t:|1682983645\n|move|p1a: Espathra|Protect|p1a: Espathra\n|-singleturn|p1a: Espathra|Protect\n|move|p1b: Ceruledge|Protect|p1b: Ceruledge\n|-singleturn|p1b: Ceruledge|Protect\n|move|p2a: Chi-Yu|Dark Pulse|p1b: Ceruledge\n|-activate|p1b: Ceruledge|move: Protect\n|move|p2b: Gyarados|Thunder Wave|p1a: Espathra\n|-activate|p1a: Espathra|move: Protect\n|\n|-heal|p2a: Chi-Yu|89\/100|[from] item: Leftovers\n|-ability|p1a: Espathra|Speed Boost|boost\n|-boost|p1a: Espathra|spe|1\n|upkeep\n|turn|6\n|inactive|Sbradyb has 30 seconds left.\n|\n|t:|1682983673\n|move|p1a: Espathra|Calm Mind|p1a: Espathra\n|-boost|p1a: Espathra|spa|1\n|-boost|p1a: Espathra|spd|1\n|move|p2a: Chi-Yu|Dark Pulse|p1b: Ceruledge\n|-damage|p1b: Ceruledge|0 fnt\n|faint|p1b: Ceruledge\n|move|p2b: Gyarados|Thunder Wave|p1a: Espathra\n|-status|p1a: Espathra|par\n|\n|-heal|p2a: Chi-Yu|95\/100|[from] item: Leftovers\n|-ability|p1a: Espathra|Speed Boost|boost\n|-boost|p1a: Espathra|spe|1\n|upkeep\n|\n|t:|1682983687\n|switch|p1b: Baxcalibur|Baxcalibur, L50, F|100\/100\n|turn|7\n|inactive|Sbradyb has 30 seconds left.\n|\n|t:|1682983712\n|move|p1b: Baxcalibur|Dragon Dance|p1b: Baxcalibur\n|-boost|p1b: Baxcalibur|atk|1\n|-boost|p1b: Baxcalibur|spe|1\n|move|p2a: Chi-Yu|Heat Wave|p1b: Baxcalibur|[spread] p1a,p1b\n|-damage|p1a: Espathra|51\/100 par\n|-damage|p1b: Baxcalibur|47\/100\n|-ability|p1b: Baxcalibur|Thermal Exchange|boost\n|-boost|p1b: Baxcalibur|atk|1\n|move|p1a: Espathra|Calm Mind|p1a: Espathra\n|-boost|p1a: Espathra|spa|1\n|-boost|p1a: Espathra|spd|1\n|move|p2b: Gyarados|Thunder Wave|p1b: Baxcalibur\n|-status|p1b: Baxcalibur|par\n|\n|-heal|p2a: Chi-Yu|100\/100|[from] item: Leftovers\n|-heal|p1a: Espathra|57\/100 par|[from] item: Leftovers\n|-ability|p1a: Espathra|Speed Boost|boost\n|-boost|p1a: Espathra|spe|1\n|upkeep\n|turn|8\n|inactive|Large91 has 30 seconds left.\n|inactive|Sbradyb has 30 seconds left.\n|inactive|Large91 has 20 seconds left.\n|\n|t:|1682983751\n|move|p1a: Espathra|Protect|p1a: Espathra\n|-singleturn|p1a: Espathra|Protect\n|move|p2a: Chi-Yu|Dark Pulse|p1a: Espathra\n|-activate|p1a: Espathra|move: Protect\n|move|p1b: Baxcalibur|Glaive Rush|p2a: Chi-Yu\n|-damage|p2a: Chi-Yu|0 fnt\n|-singlemove|p1b: Baxcalibur|Glaive Rush|[silent]\n|faint|p2a: Chi-Yu\n|move|p2b: Gyarados|Waterfall|p1b: Baxcalibur\n|-resisted|p1b: Baxcalibur\n|-damage|p1b: Baxcalibur|29\/100 par\n|\n|-heal|p1a: Espathra|63\/100 par|[from] item: Leftovers\n|-sideend|p1: Large91|move: Light Screen\n|-ability|p1a: Espathra|Speed Boost|boost\n|-boost|p1a: Espathra|spe|1\n|upkeep\n|\n|t:|1682983773\n|switch|p2a: Flutter Mane|Flutter Mane, L50|100\/100\n|-enditem|p2a: Flutter Mane|Booster Energy\n|-activate|p2a: Flutter Mane|ability: Protosynthesis|[fromitem]\n|-start|p2a: Flutter Mane|protosynthesisspe\n|turn|9\n|\n|t:|1682983788\n|switch|p2b: Maushold|Maushold, L50|100\/100\n|-terastallize|p2a: Flutter Mane|Steel\n|move|p1b: Baxcalibur|Protect|p1b: Baxcalibur\n|-singleturn|p1b: Baxcalibur|Protect\n|move|p2a: Flutter Mane|Shadow Ball|p1a: Espathra\n|-supereffective|p1a: Espathra\n|-damage|p1a: Espathra|18\/100 par\n|move|p1a: Espathra|Stored Power|p2a: Flutter Mane\n|-resisted|p2a: Flutter Mane\n|-damage|p2a: Flutter Mane|56\/100\n|\n|-heal|p1a: Espathra|24\/100 par|[from] item: Leftovers\n|-ability|p1a: Espathra|Speed Boost|boost\n|-boost|p1a: Espathra|spe|1\n|upkeep\n|turn|10\n|inactive|Large91 has 30 seconds left.\n|inactive|Sbradyb has 30 seconds left.\n|\n|t:|1682983822\n|cant|p1a: Espathra|par\n|move|p2b: Maushold|Feint|p1a: Espathra\n|-damage|p1a: Espathra|17\/100 par\n|move|p2a: Flutter Mane|Moonblast|p1b: Baxcalibur\n|-supereffective|p1b: Baxcalibur\n|-crit|p1b: Baxcalibur\n|-damage|p1b: Baxcalibur|0 fnt\n|faint|p1b: Baxcalibur\n|\n|-heal|p1a: Espathra|23\/100 par|[from] item: Leftovers\n|-sideend|p1: Large91|Reflect\n|-ability|p1a: Espathra|Speed Boost|boost\n|-boost|p1a: Espathra|spe|1\n|upkeep\n|turn|11\n|\n|t:|1682983841\n|move|p2b: Maushold|Follow Me|p2b: Maushold\n|-singleturn|p2b: Maushold|move: Follow Me\n|move|p2a: Flutter Mane|Shadow Ball|p1a: Espathra\n|-supereffective|p1a: Espathra\n|-damage|p1a: Espathra|0 fnt\n|faint|p1a: Espathra\n|\n|win|Sbradyb\n|raw|Large91's rating: 1277 → 1256<\/strong> (-21 for losing)\n|raw|Sbradyb's rating: 1338 → 1355<\/strong> (+17 for winning)\n|l|\u2606Large91\n","uploadtime":1682983856,"views":23,"p1id":"large91","p2id":"sbradyb","formatid":"gen9vgc2023regulationc","rating":1256,"private":0,"password":""}