{"id":"gen9vgc2023regulationc-1860537304","p1":"ZenN16","p2":"sonicspartan95","format":"[Gen 9] VGC 2023 Regulation C","log":"|j|\u2606ZenN16\n|j|\u2606sonicspartan95\n|t:|1683652661\n|gametype|doubles\n|player|p1|ZenN16|chuck|\n|player|p2|sonicspartan95|266|\n|teamsize|p1|6\n|teamsize|p2|6\n|gen|9\n|tier|[Gen 9] VGC 2023 Regulation C\n|rule|Species Clause: Limit one of each Pok\u00e9mon\n|rule|Item Clause: Limit one of each item\n|clearpoke\n|poke|p1|Tinkatink, L5, F|\n|poke|p1|Grimer, L5, F|\n|poke|p1|Shroomish, L5, M|\n|poke|p1|Mareep, L5, M|\n|poke|p1|Tadbulb, L5, F|\n|poke|p1|Flabe\u0301be\u0301-Blue, L5, F|\n|poke|p2|Bronzor, L5|\n|poke|p2|Drowzee, L5, M|\n|poke|p2|Sinistea, L5|\n|poke|p2|Nacli, L5, M|\n|poke|p2|Fuecoco, L5, F|\n|poke|p2|Wooper-Paldea, L5, F|\n|teampreview|4\nZenN16 rejected open team sheets.\n|j| haydyg\n|c| haydyg|glglglg\n|\n|t:|1683652758\n|start\n|switch|p1a: BamBam|Tinkatink, L5, F, shiny|100\/100\n|switch|p1b: Mukk|Grimer, L5, F, shiny|100\/100\n|switch|p2a: Bronzor|Bronzor, L5|100\/100\n|switch|p2b: Wooper|Wooper-Paldea, L5, F|100\/100\n|turn|1\n|\n|t:|1683652792\n|move|p1a: BamBam|Fake Out|p2a: Bronzor\n|-resisted|p2a: Bronzor\n|-damage|p2a: Bronzor|96\/100\n|move|p1b: Mukk|Acid Armor|p1b: Mukk\n|-boost|p1b: Mukk|def|2\n|move|p2b: Wooper|Earthquake|p1b: Mukk|[spread] p1a,p1b\n|-immune|p2a: Bronzor|[from] ability: Levitate\n|-supereffective|p1a: BamBam\n|-supereffective|p1b: Mukk\n|-damage|p1a: BamBam|17\/100\n|-damage|p1b: Mukk|4\/100\n|cant|p2a: Bronzor|flinch\n|\n|-heal|p1a: BamBam|21\/100|[from] item: Leftovers\n|upkeep\n|turn|2\n|\n|t:|1683652817\n|move|p1a: BamBam|Rock Tomb|p2a: Bronzor\n|-resisted|p2a: Bronzor\n|-damage|p2a: Bronzor|92\/100\n|-unboost|p2a: Bronzor|spe|1\n|move|p1b: Mukk|Drain Punch|p2a: Bronzor\n|-damage|p2a: Bronzor|67\/100\n|-heal|p1b: Mukk|15\/100|[from] drain|[of] p2a: Bronzor\n|move|p2b: Wooper|Earthquake|p1a: BamBam|[spread] p1a,p1b\n|-immune|p2a: Bronzor|[from] ability: Levitate\n|-supereffective|p1a: BamBam\n|-supereffective|p1b: Mukk\n|-damage|p1a: BamBam|0 fnt\n|-damage|p1b: Mukk|0 fnt\n|faint|p1a: BamBam\n|faint|p1b: Mukk\n|move|p2a: Bronzor|Trick Room|p2a: Bronzor\n|-fieldstart|move: Trick Room|[of] p2a: Bronzor\n|\n|upkeep\n|\n|t:|1683652833\n|switch|p1b: Flower-girl|Flabe\u0301be\u0301-Blue, L5, F|100\/100\n|switch|p1a: SadBoy|Shroomish, L5, M|100\/100\n|turn|3\n|\n|t:|1683652852\n|move|p2a: Bronzor|Light Screen|p2a: Bronzor\n|-sidestart|p2: sonicspartan95|move: Light Screen\n|move|p2b: Wooper|Poison Jab|p1b: Flower-girl\n|-supereffective|p1b: Flower-girl\n|-damage|p1b: Flower-girl|0 fnt\n|faint|p1b: Flower-girl\n|move|p1a: SadBoy|Leech Seed|p2b: Wooper|[miss]\n|-miss|p1a: SadBoy|p2b: Wooper\n|\n|upkeep\n|turn|4\n|\n|t:|1683652864\n|move|p2a: Bronzor|Reflect|p2a: Bronzor\n|-sidestart|p2: sonicspartan95|Reflect\n|move|p2b: Wooper|Poison Jab|p1a: SadBoy\n|-supereffective|p1a: SadBoy\n|-enditem|p1a: SadBoy|Focus Sash\n|-damage|p1a: SadBoy|5\/100\n|move|p1a: SadBoy|Leech Seed|p2b: Wooper\n|-start|p2b: Wooper|move: Leech Seed\n|\n|-damage|p2b: Wooper|91\/100|[from] Leech Seed|[of] p1a: SadBoy\n|-heal|p1a: SadBoy|14\/100|[silent]\n|upkeep\n|turn|5\n|\n|t:|1683652884\n|move|p2a: Bronzor|Protect|p2a: Bronzor\n|-singleturn|p2a: Bronzor|Protect\n|move|p2b: Wooper|Poison Jab|p1a: SadBoy\n|-supereffective|p1a: SadBoy\n|-damage|p1a: SadBoy|0 fnt\n|-status|p2b: Wooper|slp|[from] ability: Effect Spore|[of] p1a: SadBoy\n|faint|p1a: SadBoy\n|\n|win|sonicspartan95\n|l|\u2606ZenN16\n","uploadtime":1683652899,"views":10,"p1id":"zenn16","p2id":"sonicspartan95","formatid":"gen9vgc2023regulationc","rating":0,"private":0,"password":""}