{"id":"gen9vgc2023regulationc-1851805733","p1":"TeisonVGCBACK","p2":"mait27","format":"[Gen 9] VGC 2023 Regulation C","log":"|j|\u2606TeisonVGCBACK\n|j|\u2606mait27\n|t:|1682486915\n|gametype|doubles\n|player|p1|TeisonVGCBACK|cynthia-gen4|1184\n|player|p2|mait27|1|1143\n|teamsize|p1|6\n|teamsize|p2|6\n|gen|9\n|tier|[Gen 9] VGC 2023 Regulation C\n|rated|\n|rule|Species Clause: Limit one of each Pok\u00e9mon\n|rule|Item Clause: Limit one of each item\n|clearpoke\n|poke|p1|Flutter Mane, L50|\n|poke|p1|Chi-Yu, L50|\n|poke|p1|Gastrodon-East, L50, M|\n|poke|p1|Corviknight, L50, M|\n|poke|p1|Garchomp, L50, F|\n|poke|p1|Iron Hands, L50|\n|poke|p2|Ting-Lu, L50|\n|poke|p2|Grimmsnarl, L50, M|\n|poke|p2|Tauros-Paldea-Blaze, L50, M|\n|poke|p2|Dragonite, L50, M|\n|poke|p2|Palafin, L50, F|\n|poke|p2|Flutter Mane, L50|\n|teampreview|4\n|inactive|Battle timer is ON: inactive players will automatically lose when time's up. (requested by TeisonVGCBACK)\n|\n|t:|1682486941\n|start\n|switch|p1a: Flutter Mane|Flutter Mane, L50|100\/100\n|switch|p1b: Corviknight|Corviknight, L50, M|100\/100\n|switch|p2a: Palafin|Palafin, L50, F|100\/100\n|switch|p2b: Dragonite|Dragonite, L50, M|100\/100\n|-enditem|p1a: Flutter Mane|Booster Energy\n|-activate|p1a: Flutter Mane|ability: Protosynthesis|[fromitem]\n|-start|p1a: Flutter Mane|protosynthesisspe\n|turn|1\n|inactive|mait27 has 30 seconds left.\n|\n|t:|1682486968\n|move|p1a: Flutter Mane|Protect|p1a: Flutter Mane\n|-singleturn|p1a: Flutter Mane|Protect\n|move|p2a: Palafin|Protect|p2a: Palafin\n|-singleturn|p2a: Palafin|Protect\n|move|p1b: Corviknight|Tailwind|p1b: Corviknight\n|-sidestart|p1: TeisonVGCBACK|move: Tailwind\n|move|p2b: Dragonite|Dragon Dance|p2b: Dragonite\n|-boost|p2b: Dragonite|atk|1\n|-boost|p2b: Dragonite|spe|1\n|\n|upkeep\n|turn|2\n|inactive|TeisonVGCBACK has 30 seconds left.\n|\n|t:|1682486995\n|switch|p1b: Gastrodon|Gastrodon-East, L50, M|100\/100\n|detailschange|p2a: Palafin|Palafin-Hero, L50, F\n|switch|p2a: Ting-Lu|Ting-Lu, L50|100\/100\n|-ability|p2a: Ting-Lu|Vessel of Ruin\n|-terastallize|p1a: Flutter Mane|Fairy\n|-terastallize|p2b: Dragonite|Flying\n|move|p1a: Flutter Mane|Moonblast|p2b: Dragonite\n|-damage|p2b: Dragonite|85\/100\n|-unboost|p2b: Dragonite|spa|1\n|move|p2b: Dragonite|Tera Blast|p1a: Flutter Mane\n|-damage|p1a: Flutter Mane|0 fnt\n|faint|p1a: Flutter Mane\n|-end|p1a: Flutter Mane|Protosynthesis|[silent]\n|\n|upkeep\n|\n|t:|1682487013\n|switch|p1a: Iron Hands|Iron Hands, L50|100\/100\n|turn|3\n|\n|t:|1682487024\n|move|p2b: Dragonite|Protect|p2b: Dragonite\n|-singleturn|p2b: Dragonite|Protect\n|move|p1a: Iron Hands|Fake Out|p2b: Dragonite\n|-activate|p2b: Dragonite|move: Protect\n|move|p1b: Gastrodon|Icy Wind|p2b: Dragonite|[spread] p2a\n|-activate|p2b: Dragonite|move: Protect\n|-supereffective|p2a: Ting-Lu\n|-damage|p2a: Ting-Lu|92\/100\n|-unboost|p2a: Ting-Lu|spe|1\n|move|p2a: Ting-Lu|Earthquake|p1a: Iron Hands|[spread] p1a,p1b\n|-activate|p2b: Dragonite|move: Protect\n|-supereffective|p1a: Iron Hands\n|-damage|p1a: Iron Hands|65\/100\n|-damage|p1b: Gastrodon|71\/100\n|\n|-heal|p1b: Gastrodon|77\/100|[from] item: Leftovers\n|upkeep\n|turn|4\n|inactive|mait27 has 30 seconds left.\n|\n|t:|1682487053\n|-end|p1a: Iron Hands|Quark Drive|[silent]\n|switch|p1a: Corviknight|Corviknight, L50, M|100\/100\n|move|p2b: Dragonite|Tera Blast|p1a: Corviknight\n|-resisted|p1a: Corviknight\n|-damage|p1a: Corviknight|73\/100\n|move|p1b: Gastrodon|Icy Wind|p2a: Ting-Lu|[spread] p2a,p2b\n|-supereffective|p2a: Ting-Lu\n|-supereffective|p2b: Dragonite\n|-damage|p2a: Ting-Lu|83\/100\n|-damage|p2b: Dragonite|74\/100\n|-unboost|p2a: Ting-Lu|spe|1\n|-unboost|p2b: Dragonite|spe|1\n|-enditem|p2b: Dragonite|Weakness Policy\n|-boost|p2b: Dragonite|atk|2|[from] item: Weakness Policy\n|-boost|p2b: Dragonite|spa|2|[from] item: Weakness Policy\n|move|p2a: Ting-Lu|Earthquake|p1a: Corviknight|[spread] p1b\n|-immune|p2b: Dragonite\n|-immune|p1a: Corviknight\n|-damage|p1b: Gastrodon|51\/100\n|\n|-heal|p1b: Gastrodon|57\/100|[from] item: Leftovers\n|-sideend|p1: TeisonVGCBACK|move: Tailwind\n|upkeep\n|turn|5\n|inactive|mait27 has 30 seconds left.\n|\n|t:|1682487079\n|move|p1a: Corviknight|Tailwind|p1a: Corviknight\n|-sidestart|p1: TeisonVGCBACK|move: Tailwind\n|move|p1b: Gastrodon|Recover|p1b: Gastrodon\n|-heal|p1b: Gastrodon|100\/100\n|move|p2b: Dragonite|Tera Blast|p1b: Gastrodon\n|-damage|p1b: Gastrodon|0 fnt\n|faint|p1b: Gastrodon\n|move|p2a: Ting-Lu|Earthquake|p1a: Corviknight|[spread] \n|-immune|p2b: Dragonite\n|-immune|p1a: Corviknight\n|\n|upkeep\n|-message|TeisonVGCBACK forfeited.\n|\n|win|mait27\n|raw|TeisonVGCBACK's rating: 1184 → 1156<\/strong> (-28 for losing)\n|raw|mait27's rating: 1143 → 1171<\/strong> (+28 for winning)\n|l|\u2606TeisonVGCBACK\n","uploadtime":1682487096,"views":21,"p1id":"teisonvgcback","p2id":"mait27","formatid":"gen9vgc2023regulationc","rating":1156,"private":0,"password":""}