{"id":"gen9vgc2023regulationc-1858737856","p1":"Duecal1on","p2":"KricketuneVGC","format":"[Gen 9] VGC 2023 Regulation C","log":"|j|\u2606Duecal1on\n|j|\u2606KricketuneVGC\n|t:|1683351125\n|gametype|doubles\n|player|p1|Duecal1on|volkner|1349\n|player|p2|KricketuneVGC|marlon|1248\n|teamsize|p1|6\n|teamsize|p2|6\n|gen|9\n|tier|[Gen 9] VGC 2023 Regulation C\n|rated|\n|rule|Species Clause: Limit one of each Pok\u00e9mon\n|rule|Item Clause: Limit one of each item\n|clearpoke\n|poke|p1|Maushold-Four, L50|\n|poke|p1|Annihilape, L50, F|\n|poke|p1|Dragapult, L50, F|\n|poke|p1|Chien-Pao, L50|\n|poke|p1|Glimmora, L50, M|\n|poke|p1|Rotom-Wash, L50|\n|poke|p2|Ting-Lu, L50|\n|poke|p2|Amoonguss, L50, F|\n|poke|p2|Arcanine, L50, F|\n|poke|p2|Flutter Mane, L50|\n|poke|p2|Palafin, L50, F|\n|poke|p2|Baxcalibur, L50, F|\n|teampreview|4\nKricketuneVGC has agreed to open team sheets.\n|inactive|Battle timer is ON: inactive players will automatically lose when time's up. (requested by KricketuneVGC)\n|\n|t:|1683351157\n|start\n|switch|p1a: Maushold|Maushold-Four, L50|100\/100\n|switch|p1b: Annihilape|Annihilape, L50, F|100\/100\n|switch|p2a: Flutter pain|Flutter Mane, L50|100\/100\n|switch|p2b: My Hero|Palafin, L50, F|100\/100\n|-enditem|p2a: Flutter pain|Booster Energy\n|-activate|p2a: Flutter pain|ability: Protosynthesis|[fromitem]\n|-start|p2a: Flutter pain|protosynthesisspa\n|turn|1\n|\n|t:|1683351172\n|-terastallize|p1b: Annihilape|Water\n|move|p1a: Maushold|Protect|p1a: Maushold\n|-singleturn|p1a: Maushold|Protect\n|move|p2a: Flutter pain|Substitute|p2a: Flutter pain\n|-start|p2a: Flutter pain|Substitute\n|-damage|p2a: Flutter pain|76\/100\n|move|p2b: My Hero|Wave Crash|p1a: Maushold\n|-activate|p1a: Maushold|move: Protect\n|move|p1b: Annihilape|Rage Fist|p2a: Flutter pain\n|-supereffective|p2a: Flutter pain\n|-end|p2a: Flutter pain|Substitute\n|\n|upkeep\n|turn|2\n|inactive|Duecal1on has 30 seconds left.\n|\n|t:|1683351197\n|move|p2a: Flutter pain|Moonblast|p1a: Maushold\n|-damage|p1a: Maushold|19\/100\n|move|p1a: Maushold|Beat Up|p2a: Flutter pain\n|-damage|p2a: Flutter pain|71\/100\n|-damage|p2a: Flutter pain|66\/100\n|-crit|p2a: Flutter pain\n|-damage|p2a: Flutter pain|59\/100\n|-damage|p2a: Flutter pain|55\/100\n|-hitcount|p2a: Flutter pain|4\n|move|p2b: My Hero|Wave Crash|p1a: Maushold\n|-damage|p1a: Maushold|0 fnt\n|faint|p1a: Maushold\n|-damage|p2b: My Hero|95\/100|[from] Recoil\n|move|p1b: Annihilape|Rage Fist|p2a: Flutter pain\n|-supereffective|p2a: Flutter pain\n|-damage|p2a: Flutter pain|0 fnt\n|faint|p2a: Flutter pain\n|-end|p2a: Flutter pain|Protosynthesis|[silent]\n|\n|upkeep\n|\n|t:|1683351216\n|switch|p2a: Tank|Amoonguss, L50, F|100\/100\n|switch|p1a: Rotom|Rotom-Wash, L50|100\/100\n|turn|3\n|\n|t:|1683351232\n|move|p2b: My Hero|Protect|p2b: My Hero\n|-singleturn|p2b: My Hero|Protect\n|move|p1a: Rotom|Will-O-Wisp|p2b: My Hero\n|-activate|p2b: My Hero|move: Protect\n|move|p1b: Annihilape|Bulk Up|p1b: Annihilape\n|-boost|p1b: Annihilape|atk|1\n|-boost|p1b: Annihilape|def|1\n|move|p2a: Tank|Spore|p1b: Annihilape\n|-status|p1b: Annihilape|slp|[from] move: Spore\n|\n|upkeep\n|turn|4\n|\n|t:|1683351244\n|detailschange|p2b: My Hero|Palafin-Hero, L50, F\n|switch|p2b: Fast|Arcanine, L50, F|100\/100\n|-ability|p2b: Fast|Intimidate|boost\n|-unboost|p1a: Rotom|atk|1\n|-unboost|p1b: Annihilape|atk|1\n|-ability|p1b: Annihilape|Defiant|boost\n|-boost|p1b: Annihilape|atk|2\n|move|p1a: Rotom|Will-O-Wisp|p2b: Fast|[miss]\n|-miss|p1a: Rotom|p2b: Fast\n|cant|p1b: Annihilape|slp\n|move|p2a: Tank|Spore|p1a: Rotom\n|-status|p1a: Rotom|slp|[from] move: Spore\n|\n|upkeep\n|turn|5\n|\n|t:|1683351262\n|switch|p2a: My Hero|Palafin-Hero, L50, F|95\/100\n|-activate|p2a: My Hero|ability: Zero to Hero\n|cant|p1a: Rotom|slp\n|move|p2b: Fast|Will-O-Wisp||[still]\n|-fail|p2b: Fast\n|cant|p1b: Annihilape|slp\n|\n|upkeep\n|turn|6\n|\n|t:|1683351281\n|switch|p2b: Tank|Amoonguss, L50, F|100\/100\n|cant|p1a: Rotom|slp\n|move|p2a: My Hero|Haze|p2a: My Hero\n|-clearallboost\n|cant|p1b: Annihilape|slp\n|\n|upkeep\n|turn|7\n|\n|t:|1683351296\n|-terastallize|p2a: My Hero|Water\n|move|p2b: Tank|Rage Powder|p2b: Tank\n|-singleturn|p2b: Tank|move: Rage Powder\n|cant|p1a: Rotom|slp\n|move|p2a: My Hero|Wave Crash|p1b: Annihilape\n|-resisted|p1b: Annihilape\n|-damage|p1b: Annihilape|43\/100 slp\n|-enditem|p1b: Annihilape|Sitrus Berry|[eat]\n|-heal|p1b: Annihilape|68\/100 slp|[from] item: Sitrus Berry\n|-damage|p2a: My Hero|74\/100|[from] Recoil\n|-curestatus|p1b: Annihilape|slp|[msg]\n|move|p1b: Annihilape|Drain Punch|p2b: Tank\n|-resisted|p2b: Tank\n|-damage|p2b: Tank|84\/100\n|-heal|p1b: Annihilape|76\/100|[from] drain|[of] p2b: Tank\n|\n|upkeep\n|turn|8\n|inactive|Duecal1on has 30 seconds left.\n|\n|t:|1683351327\n|move|p2b: Tank|Rage Powder|p2b: Tank\n|-singleturn|p2b: Tank|move: Rage Powder\n|-curestatus|p1a: Rotom|slp|[msg]\n|move|p1a: Rotom|Will-O-Wisp|p2b: Tank\n|-status|p2b: Tank|brn\n|move|p2a: My Hero|Wave Crash|p1b: Annihilape\n|-resisted|p1b: Annihilape\n|-crit|p1b: Annihilape\n|-damage|p1b: Annihilape|0 fnt\n|faint|p1b: Annihilape\n|-damage|p2a: My Hero|47\/100|[from] Recoil\n|\n|-damage|p2b: Tank|78\/100 brn|[from] brn\n|upkeep\n|c|\u2606Duecal1on|Nice\n|\n|t:|1683351346\n|switch|p1b: Chien-Pao|Chien-Pao, L50|100\/100\n|-ability|p1b: Chien-Pao|Sword of Ruin\n|turn|9\n|\n|t:|1683351361\n|switch|p2b: Fast|Arcanine, L50, F|100\/100\n|-ability|p2b: Fast|Intimidate|boost\n|-unboost|p1a: Rotom|atk|1\n|-unboost|p1b: Chien-Pao|atk|1\n|move|p2a: My Hero|Protect|p2a: My Hero\n|-singleturn|p2a: My Hero|Protect\n|move|p1b: Chien-Pao|Ice Spinner|p2b: Fast\n|-resisted|p2b: Fast\n|-damage|p2b: Fast|83\/100\n|move|p1a: Rotom|Thunderbolt|p2a: My Hero\n|-activate|p2a: My Hero|move: Protect\n|\n|upkeep\n|turn|10\n|\n|t:|1683351373\n|switch|p2a: Tank|Amoonguss, L50, F|100\/100 brn\n|move|p1b: Chien-Pao|Ice Spinner|p2a: Tank\n|-supereffective|p2a: Tank\n|-damage|p2a: Tank|47\/100 brn\n|-enditem|p2a: Tank|Sitrus Berry|[eat]\n|-heal|p2a: Tank|72\/100 brn|[from] item: Sitrus Berry\n|move|p1a: Rotom|Hydro Pump|p2b: Fast\n|-supereffective|p2b: Fast\n|-damage|p2b: Fast|0 fnt\n|faint|p2b: Fast\n|-damage|p1a: Rotom|91\/100|[from] item: Life Orb\n|\n|-damage|p2a: Tank|66\/100 brn|[from] brn\n|upkeep\n|\n|t:|1683351382\n|switch|p2b: My Hero|Palafin-Hero, L50, F, tera:Water|47\/100\n|turn|11\n|\n|t:|1683351398\n|move|p2a: Tank|Rage Powder|p2a: Tank\n|-singleturn|p2a: Tank|move: Rage Powder\n|move|p2b: My Hero|Jet Punch|p1b: Chien-Pao\n|-damage|p1b: Chien-Pao|9\/100\n|move|p1b: Chien-Pao|Ice Spinner|p2a: Tank\n|-supereffective|p2a: Tank\n|-damage|p2a: Tank|7\/100 brn\n|move|p1a: Rotom|Thunderbolt|p2a: Tank\n|-resisted|p2a: Tank\n|-damage|p2a: Tank|0 fnt\n|faint|p2a: Tank\n|-damage|p1a: Rotom|81\/100|[from] item: Life Orb\n|\n|upkeep\n|turn|12\n|\n|t:|1683351414\n|move|p1b: Chien-Pao|Sucker Punch|p2b: My Hero\n|-crit|p2b: My Hero\n|-damage|p2b: My Hero|0 fnt\n|faint|p2b: My Hero\n|\n|win|Duecal1on\n|raw|Duecal1on's rating: 1349 → 1363<\/strong> (+14 for winning)\n|raw|KricketuneVGC's rating: 1248 → 1230<\/strong> (-18 for losing)\n|c|\u2606Duecal1on|Wp\n|c|\u2606Duecal1on|gg\n|l|\u2606KricketuneVGC\n","uploadtime":1683351443,"views":11,"p1id":"duecal1on","p2id":"kricketunevgc","formatid":"gen9vgc2023regulationc","rating":1230,"private":0,"password":""}