{"id":"gen9vgc2023regulationc-1848728468","p1":"Fliory","p2":"Reuselation","format":"[Gen 9] VGC 2023 Regulation C","log":"|j|\u2606Fliory\n|j|\u2606Reuselation\n|t:|1682104563\n|gametype|doubles\n|player|p1|Fliory|fisherman|1125\n|player|p2|Reuselation|red|1083\n|teamsize|p1|6\n|teamsize|p2|6\n|gen|9\n|tier|[Gen 9] VGC 2023 Regulation C\n|rated|\n|rule|Species Clause: Limit one of each Pok\u00e9mon\n|rule|Item Clause: Limit one of each item\n|clearpoke\n|poke|p1|Brute Bonnet, L50|\n|poke|p1|Iron Hands, L50|\n|poke|p1|Ceruledge, L50, F|\n|poke|p1|Chi-Yu, L50|\n|poke|p1|Grafaiai, L50, M|\n|poke|p1|Iron Jugulis, L50|\n|poke|p2|Pelipper, L50, F|\n|poke|p2|Palafin, L50, F|\n|poke|p2|Amoonguss, L50, F|\n|poke|p2|Iron Hands, L50|\n|poke|p2|Salamence, L50, M|\n|poke|p2|Chien-Pao, L50|\n|teampreview|4\n|inactive|Battle timer is ON: inactive players will automatically lose when time's up. (requested by Fliory)\n|inactive|Fliory has 60 seconds left.\n|\n|t:|1682104609\n|start\n|switch|p1a: Chi-Yu|Chi-Yu, L50|100\/100\n|switch|p1b: Ceruledge|Ceruledge, L50, F|100\/100\n|switch|p2a: Iron Hands|Iron Hands, L50|100\/100\n|switch|p2b: Amoonguss|Amoonguss, L50, F|100\/100\n|-ability|p1a: Chi-Yu|Beads of Ruin\n|turn|1\n|inactive|Fliory has 30 seconds left.\n|inactive|Reuselation has 30 seconds left.\n|\n|t:|1682104644\n|-terastallize|p1b: Ceruledge|Grass\n|move|p2b: Amoonguss|Protect|p2b: Amoonguss\n|-singleturn|p2b: Amoonguss|Protect\n|move|p2a: Iron Hands|Fake Out|p1a: Chi-Yu\n|-damage|p1a: Chi-Yu|81\/100\n|cant|p1a: Chi-Yu|flinch\n|move|p1b: Ceruledge|Swords Dance|p1b: Ceruledge\n|-boost|p1b: Ceruledge|atk|2\n|\n|upkeep\n|turn|2\n|\n|t:|1682104663\n|switch|p2b: Salamence|Salamence, L50, M|100\/100\n|-ability|p2b: Salamence|Intimidate|boost\n|-unboost|p1a: Chi-Yu|atk|1\n|-fail|p1b: Ceruledge|unboost|[from] item: Clear Amulet|[of] p1b: Ceruledge\n|move|p1a: Chi-Yu|Will-O-Wisp|p2a: Iron Hands\n|-status|p2a: Iron Hands|brn\n|move|p1b: Ceruledge|Bitter Blade|p2b: Salamence\n|-resisted|p2b: Salamence\n|-damage|p2b: Salamence|54\/100\n|move|p2a: Iron Hands|Drain Punch|p1a: Chi-Yu\n|-supereffective|p1a: Chi-Yu\n|-damage|p1a: Chi-Yu|23\/100\n|\n|-damage|p2a: Iron Hands|94\/100 brn|[from] brn\n|upkeep\n|turn|3\n|inactive|Fliory has 30 seconds left.\n|inactive|Reuselation has 30 seconds left.\n|inactive|Reuselation has 20 seconds left.\n|\n|t:|1682104701\n|move|p2b: Salamence|Hurricane|p1b: Ceruledge\n|-supereffective|p1b: Ceruledge\n|-damage|p1b: Ceruledge|0 fnt\n|faint|p1b: Ceruledge\n|-damage|p2b: Salamence|45\/100|[from] item: Life Orb\n|move|p1a: Chi-Yu|Sunny Day|p1a: Chi-Yu\n|-weather|SunnyDay\n|move|p2a: Iron Hands|Drain Punch|p1a: Chi-Yu\n|-supereffective|p1a: Chi-Yu\n|-crit|p1a: Chi-Yu\n|-damage|p1a: Chi-Yu|0 fnt\n|-heal|p2a: Iron Hands|100\/100 brn|[from] drain|[of] p1a: Chi-Yu\n|faint|p1a: Chi-Yu\n|\n|-weather|SunnyDay|[upkeep]\n|-damage|p2a: Iron Hands|94\/100 brn|[from] brn\n|upkeep\n|\n|t:|1682104715\n|switch|p1a: Brute Bonnet|Brute Bonnet, L50|100\/100\n|switch|p1b: Iron Hands|Iron Hands, L50|100\/100\n|-activate|p1a: Brute Bonnet|ability: Protosynthesis\n|-start|p1a: Brute Bonnet|protosynthesisatk\n|turn|4\n|\n|t:|1682104740\n|move|p2b: Salamence|Protect|p2b: Salamence\n|-singleturn|p2b: Salamence|Protect\n|move|p1a: Brute Bonnet|Protect|p1a: Brute Bonnet\n|-singleturn|p1a: Brute Bonnet|Protect\n|move|p2a: Iron Hands|Drain Punch|p1a: Brute Bonnet\n|-activate|p1a: Brute Bonnet|move: Protect\n|move|p1b: Iron Hands|Thunder Punch|p2b: Salamence\n|-activate|p2b: Salamence|move: Protect\n|\n|-weather|SunnyDay|[upkeep]\n|-damage|p2a: Iron Hands|88\/100 brn|[from] brn\n|upkeep\n|turn|5\n|\n|t:|1682104761\n|switch|p2b: Amoonguss|Amoonguss, L50, F|100\/100\n|move|p1a: Brute Bonnet|Sucker Punch||[still]\n|-fail|p1a: Brute Bonnet\n|move|p1b: Iron Hands|Thunder Punch|p2b: Amoonguss\n|-resisted|p2b: Amoonguss\n|-damage|p2b: Amoonguss|81\/100\n|move|p2a: Iron Hands|Drain Punch|p1a: Brute Bonnet\n|-supereffective|p1a: Brute Bonnet\n|-damage|p1a: Brute Bonnet|65\/100\n|-heal|p2a: Iron Hands|100\/100 brn|[from] drain|[of] p1a: Brute Bonnet\n|\n|-weather|SunnyDay|[upkeep]\n|-damage|p2a: Iron Hands|94\/100 brn|[from] brn\n|upkeep\n|turn|6\n|inactive|Fliory has 30 seconds left.\n|\n|t:|1682104790\n|move|p1b: Iron Hands|Detect|p1b: Iron Hands\n|-singleturn|p1b: Iron Hands|Protect\n|move|p1a: Brute Bonnet|Bullet Seed|p2a: Iron Hands\n|-damage|p2a: Iron Hands|84\/100 brn\n|-damage|p2a: Iron Hands|73\/100 brn\n|-damage|p2a: Iron Hands|63\/100 brn\n|-damage|p2a: Iron Hands|53\/100 brn\n|-hitcount|p2a: Iron Hands|4\n|move|p2a: Iron Hands|Drain Punch|p1a: Brute Bonnet\n|-supereffective|p1a: Brute Bonnet\n|-damage|p1a: Brute Bonnet|29\/100\n|-heal|p2a: Iron Hands|69\/100 brn|[from] drain|[of] p1a: Brute Bonnet\n|move|p2b: Amoonguss|Spore|p1b: Iron Hands\n|-activate|p1b: Iron Hands|move: Protect\n|\n|-weather|SunnyDay|[upkeep]\n|-damage|p2a: Iron Hands|62\/100 brn|[from] brn\n|upkeep\n|turn|7\n|inactive|Reuselation has 30 seconds left.\n|inactive|Reuselation has 20 seconds left.\n|inactive|Reuselation has 15 seconds left.\n|inactive|Reuselation has 10 seconds left.\n|\n|t:|1682104839\n|move|p1a: Brute Bonnet|Bullet Seed|p2b: Amoonguss\n|-resisted|p2b: Amoonguss\n|-damage|p2b: Amoonguss|78\/100\n|-resisted|p2b: Amoonguss\n|-damage|p2b: Amoonguss|75\/100\n|-resisted|p2b: Amoonguss\n|-damage|p2b: Amoonguss|71\/100\n|-resisted|p2b: Amoonguss\n|-damage|p2b: Amoonguss|68\/100\n|-resisted|p2b: Amoonguss\n|-damage|p2b: Amoonguss|65\/100\n|-hitcount|p2b: Amoonguss|5\n|move|p2a: Iron Hands|Drain Punch|p1a: Brute Bonnet\n|-supereffective|p1a: Brute Bonnet\n|-damage|p1a: Brute Bonnet|0 fnt\n|-heal|p2a: Iron Hands|74\/100 brn|[from] drain|[of] p1a: Brute Bonnet\n|faint|p1a: Brute Bonnet\n|-end|p1a: Brute Bonnet|Protosynthesis|[silent]\n|move|p1b: Iron Hands|Drain Punch|p2a: Iron Hands\n|-damage|p2a: Iron Hands|42\/100 brn\n|move|p2b: Amoonguss|Spore|p1b: Iron Hands\n|-status|p1b: Iron Hands|slp|[from] move: Spore\n|-enditem|p1b: Iron Hands|Lum Berry|[eat]\n|-curestatus|p1b: Iron Hands|slp|[msg]\n|\n|-weather|SunnyDay|[upkeep]\n|-damage|p2a: Iron Hands|35\/100 brn|[from] brn\n|upkeep\n|turn|8\n|inactive|Fliory has 30 seconds left.\n|inactive|Reuselation has 30 seconds left.\n|inactive|Reuselation has 20 seconds left.\n|\n|t:|1682104879\n|move|p2a: Iron Hands|Drain Punch|p1b: Iron Hands\n|-damage|p1b: Iron Hands|87\/100\n|-heal|p2a: Iron Hands|43\/100 brn|[from] drain|[of] p1b: Iron Hands\n|move|p1b: Iron Hands|Drain Punch|p2b: Amoonguss\n|-resisted|p2b: Amoonguss\n|-damage|p2b: Amoonguss|45\/100\n|-heal|p1b: Iron Hands|96\/100|[from] drain|[of] p2b: Amoonguss\n|-enditem|p2b: Amoonguss|Sitrus Berry|[eat]\n|-heal|p2b: Amoonguss|70\/100|[from] item: Sitrus Berry\n|move|p2b: Amoonguss|Pollen Puff|p2a: Iron Hands\n|-heal|p2a: Iron Hands|93\/100 brn\n|\n|-weather|SunnyDay|[upkeep]\n|-damage|p2a: Iron Hands|86\/100 brn|[from] brn\n|upkeep\n|turn|9\n|-message|Fliory forfeited.\n|\n|win|Reuselation\n|raw|Fliory's rating: 1125 → 1097<\/strong> (-28 for losing)\n|raw|Reuselation's rating: 1083 → 1114<\/strong> (+31 for winning)\n|l|\u2606Fliory\n","uploadtime":1682104909,"views":16,"p1id":"fliory","p2id":"reuselation","formatid":"gen9vgc2023regulationc","rating":1097,"private":0,"password":""}