{"id":"gen9vgc2023regulationc-1858365853","p1":"supaflytnt","p2":"IOnce8Cheese","format":"[Gen 9] VGC 2023 Regulation C","log":"|j|\u2606supaflytnt\n|j|\u2606IOnce8Cheese\n|t:|1683305696\n|gametype|doubles\n|player|p1|supaflytnt|102|1225\n|player|p2|IOnce8Cheese|lucas|1289\n|teamsize|p1|6\n|teamsize|p2|6\n|gen|9\n|tier|[Gen 9] VGC 2023 Regulation C\n|rated|\n|rule|Species Clause: Limit one of each Pok\u00e9mon\n|rule|Item Clause: Limit one of each item\n|clearpoke\n|poke|p1|Florges, L50, F|\n|poke|p1|Iron Moth, L50|\n|poke|p1|Flutter Mane, L50|\n|poke|p1|Orthworm, L50, M|\n|poke|p1|Torkoal, L50, F|\n|poke|p1|Tatsugiri, L50, F|\n|poke|p2|Tyranitar, L50, F|\n|poke|p2|Lycanroc, L50, M|\n|poke|p2|Gastrodon, L50, F|\n|poke|p2|Hatterene, L50, F|\n|poke|p2|Maushold-Four, L50|\n|poke|p2|Iron Hands, L50|\n|teampreview|4\nIOnce8Cheese rejected open team sheets.\n|inactive|Battle timer is ON: inactive players will automatically lose when time's up. (requested by IOnce8Cheese)\n|\n|t:|1683305795\n|start\n|switch|p1a: Gucci Mane|Flutter Mane, L50, shiny|100\/100\n|switch|p1b: Earthworm Jim|Orthworm, L50, M|100\/100\n|switch|p2a: Gastrodon|Gastrodon, L50, F|100\/100\n|switch|p2b: Lycanroc|Lycanroc, L50, M|100\/100\n|turn|1\n|\n|t:|1683305819\n|switch|p2b: Tyranitar|Tyranitar, L50, F|100\/100\n|-weather|Sandstorm|[from] ability: Sand Stream|[of] p2b: Tyranitar\n|move|p1b: Earthworm Jim|Shed Tail|p1b: Earthworm Jim\n|-start|p1b: Earthworm Jim|Substitute|[from] move: Shed Tail\n|-damage|p1b: Earthworm Jim|50\/100\n|-enditem|p1b: Earthworm Jim|Sitrus Berry|[eat]\n|-heal|p1b: Earthworm Jim|75\/100|[from] item: Sitrus Berry\n|\n|t:|1683305831\n|switch|p1b: Raphael|Torkoal, L50, F|100\/100|[from] Shed Tail\n|-weather|SunnyDay|[from] ability: Drought|[of] p1b: Raphael\n|-activate|p1a: Gucci Mane|ability: Protosynthesis\n|-start|p1a: Gucci Mane|protosynthesisspa\n|move|p2a: Gastrodon|Muddy Water|p1b: Raphael|[spread] p1a,p1b\n|-supereffective|p1b: Raphael\n|-end|p1b: Raphael|Substitute\n|-damage|p1a: Gucci Mane|88\/100\n|move|p1a: Gucci Mane|Trick Room|p1a: Gucci Mane\n|-fieldstart|move: Trick Room|[of] p1a: Gucci Mane\n|\n|-weather|SunnyDay|[upkeep]\n|upkeep\n|turn|2\n|inactive|IOnce8Cheese has 30 seconds left.\n|\n|t:|1683305858\n|switch|p2b: Maushold|Maushold-Four, L50|100\/100\n|-terastallize|p1b: Raphael|Fire\n|move|p1b: Raphael|Eruption|p2a: Gastrodon|[spread] p2a,p2b\n|-resisted|p2a: Gastrodon\n|-crit|p2b: Maushold\n|-damage|p2a: Gastrodon|45\/100\n|-damage|p2b: Maushold|0 fnt\n|faint|p2b: Maushold\n|move|p2a: Gastrodon|Muddy Water|p1b: Raphael|[spread] p1a,p1b\n|-supereffective|p1b: Raphael\n|-damage|p1a: Gucci Mane|76\/100\n|-damage|p1b: Raphael|60\/100\n|-unboost|p1a: Gucci Mane|accuracy|1\n|move|p1a: Gucci Mane|Dazzling Gleam|p2a: Gastrodon\n|-crit|p2a: Gastrodon\n|-damage|p2a: Gastrodon|0 fnt\n|faint|p2a: Gastrodon\n|\n|-weather|SunnyDay|[upkeep]\n|upkeep\n|\n|t:|1683305875\n|switch|p2a: Tyranitar|Tyranitar, L50, F|100\/100\n|switch|p2b: Lycanroc|Lycanroc, L50, M|100\/100\n|-weather|Sandstorm|[from] ability: Sand Stream|[of] p2a: Tyranitar\n|-end|p1a: Gucci Mane|Protosynthesis\n|turn|3\n|\n|t:|1683305893\n|switch|p1b: Padak|Tatsugiri, L50, F|100\/100\n|move|p2b: Lycanroc|Protect|p2b: Lycanroc\n|-singleturn|p2b: Lycanroc|Protect\n|move|p2a: Tyranitar|Rock Slide|p1a: Gucci Mane|[spread] p1b\n|-miss|p2a: Tyranitar|p1a: Gucci Mane\n|-damage|p1b: Padak|54\/100\n|move|p1a: Gucci Mane|Dazzling Gleam|p2a: Tyranitar|[spread] p2a\n|-activate|p2b: Lycanroc|move: Protect\n|-supereffective|p2a: Tyranitar\n|-damage|p2a: Tyranitar|79\/100\n|\n|-weather|Sandstorm|[upkeep]\n|-damage|p1a: Gucci Mane|70\/100|[from] Sandstorm\n|-damage|p1b: Padak|48\/100|[from] Sandstorm\n|upkeep\n|turn|4\n|\n|t:|1683305914\n|move|p2b: Lycanroc|Endure||[still]\n|-fail|p2b: Lycanroc\n|move|p2a: Tyranitar|Rock Slide|p1b: Padak|[spread] p1a,p1b\n|-damage|p1a: Gucci Mane|32\/100\n|-damage|p1b: Padak|0 fnt\n|faint|p1b: Padak\n|cant|p1a: Gucci Mane|flinch\n|\n|-weather|Sandstorm|[upkeep]\n|-damage|p1a: Gucci Mane|26\/100|[from] Sandstorm\n|upkeep\n|\n|t:|1683305926\n|switch|p1b: Raphael|Torkoal, L50, F, tera:Fire|60\/100\n|-weather|SunnyDay|[from] ability: Drought|[of] p1b: Raphael\n|-activate|p1a: Gucci Mane|ability: Protosynthesis\n|-start|p1a: Gucci Mane|protosynthesisspa\n|turn|5\n|\n|t:|1683305943\n|move|p2b: Lycanroc|Protect|p2b: Lycanroc\n|-singleturn|p2b: Lycanroc|Protect\n|move|p1b: Raphael|Solar Beam||[still]\n|-prepare|p1b: Raphael|Solar Beam\n|-anim|p1b: Raphael|Solar Beam|p2a: Tyranitar\n|-supereffective|p2a: Tyranitar\n|-damage|p2a: Tyranitar|24\/100\n|move|p2a: Tyranitar|Rock Slide|p1b: Raphael|[spread] p1a\n|-miss|p2a: Tyranitar|p1b: Raphael\n|-damage|p1a: Gucci Mane|0 fnt\n|faint|p1a: Gucci Mane\n|-end|p1a: Gucci Mane|Protosynthesis|[silent]\n|\n|-weather|SunnyDay|[upkeep]\n|-fieldend|move: Trick Room\n|upkeep\n|\n|t:|1683305955\n|switch|p1a: Earthworm Jim|Orthworm, L50, M|75\/100\n|turn|6\n|\n|t:|1683305970\n|move|p2b: Lycanroc|Rock Slide|p1a: Earthworm Jim|[spread] p1b\n|-miss|p2b: Lycanroc|p1a: Earthworm Jim\n|-supereffective|p1b: Raphael\n|-damage|p1b: Raphael|16\/100\n|move|p1a: Earthworm Jim|Heavy Slam|p2a: Tyranitar\n|-supereffective|p2a: Tyranitar\n|-damage|p2a: Tyranitar|4\/100\n|move|p2a: Tyranitar|Brick Break|p1a: Earthworm Jim\n|-supereffective|p1a: Earthworm Jim\n|-damage|p1a: Earthworm Jim|37\/100\n|cant|p1b: Raphael|flinch\n|\n|-weather|SunnyDay|[upkeep]\n|upkeep\n|turn|7\n|-message|supaflytnt forfeited.\n|\n|win|IOnce8Cheese\n|raw|supaflytnt's rating: 1225 → 1205<\/strong> (-20 for losing)\n|raw|IOnce8Cheese's rating: 1289 → 1309<\/strong> (+20 for winning)\n","uploadtime":1683305993,"views":13,"p1id":"supaflytnt","p2id":"ionce8cheese","formatid":"gen9vgc2023regulationc","rating":1205,"private":0,"password":""}