{"id":"gen9vgc2023regulationc-1846224839","p1":"taka9842","p2":"CbuttyVGC","format":"[Gen 9] VGC 2023 Regulation C","log":"|j|\u2606taka9842\n|j|\u2606CbuttyVGC\n|t:|1681823064\n|gametype|doubles\n|player|p1|taka9842|101|1296\n|player|p2|CbuttyVGC|acetrainer-gen4dp|1289\n|teamsize|p1|6\n|teamsize|p2|6\n|gen|9\n|tier|[Gen 9] VGC 2023 Regulation C\n|rated|\n|rule|Species Clause: Limit one of each Pok\u00e9mon\n|rule|Item Clause: Limit one of each item\n|clearpoke\n|poke|p1|Dachsbun, L50, M|\n|poke|p1|Chi-Yu, L50|\n|poke|p1|Dragonite, L50, M|\n|poke|p1|Chien-Pao, L50|\n|poke|p1|Flutter Mane, L50|\n|poke|p1|Azumarill, L50, M|\n|poke|p2|Palafin, L50, F|\n|poke|p2|Amoonguss, L50, F|\n|poke|p2|Tyranitar, L50, F|\n|poke|p2|Ting-Lu, L50|\n|poke|p2|Arcanine, L50, F|\n|poke|p2|Flutter Mane, L50|\n|teampreview|4\n|inactive|Battle timer is ON: inactive players will automatically lose when time's up. (requested by CbuttyVGC)\n|inactive|taka9842 has 60 seconds left.\n|inactive|CbuttyVGC has 60 seconds left.\n|c|\u2606CbuttyVGC|Lmao my friend made that team then Cybertron covered it\n|c|\u2606taka9842|that's cool\n|c|\u2606taka9842|it was a good vid\n|c|\u2606CbuttyVGC|Ikr\n|inactive|CbuttyVGC has 30 seconds left.\n|inactive|CbuttyVGC has 20 seconds left.\n|c|\u2606taka9842|cybertron and wolfey are the caviar of poketube\n|inactive|CbuttyVGC has 15 seconds left.\n|c|\u2606CbuttyVGC|Trueee\n|inactive|CbuttyVGC has 10 seconds left.\n|\n|t:|1681823149\n|start\n|switch|p1a: Chi-Yu|Chi-Yu, L50|100\/100\n|switch|p1b: Dachsbun|Dachsbun, L50, M|100\/100\n|switch|p2a: Palafin|Palafin, L50, F|100\/100\n|switch|p2b: Tyranitar|Tyranitar, L50, F|100\/100\n|-ability|p1a: Chi-Yu|Beads of Ruin\n|-weather|Sandstorm|[from] ability: Sand Stream|[of] p2b: Tyranitar\n|turn|1\n|\n|t:|1681823167\n|-terastallize|p2b: Tyranitar|Flying\n|move|p1a: Chi-Yu|Lava Plume|p2b: Tyranitar|[spread] p2a,p2b\n|-ability|p1b: Dachsbun|Well-Baked Body|boost\n|-boost|p1b: Dachsbun|def|2\n|-resisted|p2a: Palafin\n|-damage|p2a: Palafin|74\/100\n|-damage|p2b: Tyranitar|75\/100\n|-status|p2a: Palafin|brn\n|-status|p2b: Tyranitar|brn\n|move|p2a: Palafin|Haze|p2a: Palafin\n|-clearallboost\n|move|p1b: Dachsbun|Body Press|p2b: Tyranitar\n|-resisted|p2b: Tyranitar\n|-damage|p2b: Tyranitar|63\/100 brn\n|move|p2b: Tyranitar|Rock Slide|p1a: Chi-Yu|[spread] p1a,p1b\n|-supereffective|p1a: Chi-Yu\n|-damage|p1a: Chi-Yu|43\/100\n|-damage|p1b: Dachsbun|90\/100\n|\n|-weather|Sandstorm|[upkeep]\n|-damage|p1a: Chi-Yu|37\/100|[from] Sandstorm\n|-damage|p1b: Dachsbun|83\/100|[from] Sandstorm\n|-damage|p2b: Tyranitar|57\/100 brn|[from] Sandstorm\n|-heal|p1b: Dachsbun|90\/100|[from] item: Leftovers\n|-damage|p2a: Palafin|68\/100 brn|[from] brn\n|-damage|p2b: Tyranitar|51\/100 brn|[from] brn\n|upkeep\n|turn|2\n|c|\u2606taka9842|oh moooo\n|\n|t:|1681823191\n|detailschange|p2a: Palafin|Palafin-Hero, L50, F\n|switch|p2a: Flutter Mane|Flutter Mane, L50|100\/100\n|-enditem|p2a: Flutter Mane|Booster Energy\n|-activate|p2a: Flutter Mane|ability: Protosynthesis|[fromitem]\n|-start|p2a: Flutter Mane|protosynthesisspa\n|move|p1a: Chi-Yu|Lava Plume|p2a: Flutter Mane|[spread] p2a,p2b\n|-ability|p1b: Dachsbun|Well-Baked Body|boost\n|-boost|p1b: Dachsbun|def|2\n|-damage|p2a: Flutter Mane|56\/100\n|-damage|p2b: Tyranitar|26\/100 brn\n|-status|p2a: Flutter Mane|brn\n|move|p1b: Dachsbun|Body Press|p2a: Flutter Mane\n|-immune|p2a: Flutter Mane\n|move|p2b: Tyranitar|Rock Slide|p1b: Dachsbun|[spread] p1a,p1b\n|-supereffective|p1a: Chi-Yu\n|-damage|p1a: Chi-Yu|0 fnt\n|-damage|p1b: Dachsbun|84\/100\n|faint|p1a: Chi-Yu\n|\n|-weather|Sandstorm|[upkeep]\n|-damage|p2a: Flutter Mane|50\/100 brn|[from] Sandstorm\n|-damage|p1b: Dachsbun|78\/100|[from] Sandstorm\n|-damage|p2b: Tyranitar|20\/100 brn|[from] Sandstorm\n|-heal|p1b: Dachsbun|84\/100|[from] item: Leftovers\n|-damage|p2a: Flutter Mane|45\/100 brn|[from] brn\n|-damage|p2b: Tyranitar|14\/100 brn|[from] brn\n|upkeep\n|\n|t:|1681823206\n|switch|p1a: Azumarill|Azumarill, L50, M|100\/100\n|turn|3\n|c|\u2606taka9842|i'm sorry lol\n|\n|t:|1681823222\n|-end|p2a: Flutter Mane|Protosynthesis|[silent]\n|switch|p2a: Amoonguss|Amoonguss, L50, F|100\/100\n|move|p1a: Azumarill|Aqua Jet|p2a: Amoonguss\n|-resisted|p2a: Amoonguss\n|-crit|p2a: Amoonguss\n|-damage|p2a: Amoonguss|84\/100\n|move|p1b: Dachsbun|Body Press|p2b: Tyranitar\n|-resisted|p2b: Tyranitar\n|-damage|p2b: Tyranitar|0 fnt\n|faint|p2b: Tyranitar\n|\n|-weather|Sandstorm|[upkeep]\n|-damage|p1b: Dachsbun|78\/100|[from] Sandstorm\n|-damage|p1a: Azumarill|95\/100|[from] Sandstorm\n|-damage|p2a: Amoonguss|78\/100|[from] Sandstorm\n|-heal|p1b: Dachsbun|84\/100|[from] item: Leftovers\n|upkeep\n|\n|t:|1681823231\n|switch|p2b: Palafin|Palafin-Hero, L50, F|68\/100 brn\n|-activate|p2b: Palafin|ability: Zero to Hero\n|turn|4\n|\n|t:|1681823240\n|move|p2b: Palafin|Haze|p2b: Palafin\n|-clearallboost\n|move|p1b: Dachsbun|Body Press|p2b: Palafin\n|-damage|p2b: Palafin|44\/100 brn\n|move|p1a: Azumarill|Play Rough|p2b: Palafin\n|-damage|p2b: Palafin|0 fnt\n|faint|p2b: Palafin\n|move|p2a: Amoonguss|Spore|p1b: Dachsbun\n|-status|p1b: Dachsbun|slp|[from] move: Spore\n|\n|-weather|Sandstorm|[upkeep]\n|-damage|p1b: Dachsbun|78\/100 slp|[from] Sandstorm\n|-damage|p1a: Azumarill|89\/100|[from] Sandstorm\n|-damage|p2a: Amoonguss|72\/100|[from] Sandstorm\n|-heal|p1b: Dachsbun|84\/100 slp|[from] item: Leftovers\n|upkeep\n|c|\u2606CbuttyVGC|Is all good\n|\n|t:|1681823245\n|switch|p2b: Flutter Mane|Flutter Mane, L50|45\/100 brn\n|turn|5\n|\n|t:|1681823253\n|move|p1a: Azumarill|Protect|p1a: Azumarill\n|-singleturn|p1a: Azumarill|Protect\n|move|p2a: Amoonguss|Rage Powder|p2a: Amoonguss\n|-singleturn|p2a: Amoonguss|move: Rage Powder\n|move|p2b: Flutter Mane|Substitute|p2b: Flutter Mane\n|-start|p2b: Flutter Mane|Substitute\n|-damage|p2b: Flutter Mane|20\/100 brn\n|cant|p1b: Dachsbun|slp\n|\n|-weather|none\n|-heal|p1b: Dachsbun|90\/100 slp|[from] item: Leftovers\n|-damage|p2b: Flutter Mane|14\/100 brn|[from] brn\n|upkeep\n|turn|6\n|\n|t:|1681823274\n|move|p2a: Amoonguss|Rage Powder|p2a: Amoonguss\n|-singleturn|p2a: Amoonguss|move: Rage Powder\n|move|p1a: Azumarill|Aqua Jet|p2a: Amoonguss\n|-resisted|p2a: Amoonguss\n|-damage|p2a: Amoonguss|61\/100\n|move|p2b: Flutter Mane|Moonblast|p1a: Azumarill\n|-damage|p1a: Azumarill|37\/100\n|cant|p1b: Dachsbun|slp\n|\n|-heal|p1b: Dachsbun|96\/100 slp|[from] item: Leftovers\n|-damage|p2b: Flutter Mane|9\/100 brn|[from] brn\n|upkeep\n|turn|7\n|\n|t:|1681823285\n|move|p1a: Azumarill|Protect|p1a: Azumarill\n|-singleturn|p1a: Azumarill|Protect\n|move|p2b: Flutter Mane|Moonblast|p1a: Azumarill\n|-activate|p1a: Azumarill|move: Protect\n|cant|p1b: Dachsbun|slp\n|move|p2a: Amoonguss|Pollen Puff|p2b: Flutter Mane\n|-heal|p2b: Flutter Mane|59\/100 brn\n|\n|-heal|p1b: Dachsbun|100\/100 slp|[from] item: Leftovers\n|-damage|p2b: Flutter Mane|53\/100 brn|[from] brn\n|upkeep\n|turn|8\n|\n|t:|1681823295\n|move|p2b: Flutter Mane|Protect|p2b: Flutter Mane\n|-singleturn|p2b: Flutter Mane|Protect\n|-curestatus|p1b: Dachsbun|slp|[msg]\n|move|p1b: Dachsbun|Body Press|p2a: Amoonguss\n|-resisted|p2a: Amoonguss\n|-damage|p2a: Amoonguss|49\/100\n|-enditem|p2a: Amoonguss|Sitrus Berry|[eat]\n|-heal|p2a: Amoonguss|74\/100|[from] item: Sitrus Berry\n|move|p1a: Azumarill|Play Rough|p2a: Amoonguss\n|-resisted|p2a: Amoonguss\n|-damage|p2a: Amoonguss|47\/100\n|move|p2a: Amoonguss|Spore|p1b: Dachsbun\n|-status|p1b: Dachsbun|slp|[from] move: Spore\n|\n|-damage|p2b: Flutter Mane|47\/100 brn|[from] brn\n|upkeep\n|turn|9\n|\n|t:|1681823316\n|move|p2b: Flutter Mane|Moonblast|p1a: Azumarill\n|-damage|p1a: Azumarill|0 fnt\n|faint|p1a: Azumarill\n|cant|p1b: Dachsbun|slp\n|move|p2a: Amoonguss|Pollen Puff|p2b: Flutter Mane\n|-heal|p2b: Flutter Mane|97\/100 brn\n|\n|-damage|p2b: Flutter Mane|91\/100 brn|[from] brn\n|upkeep\n|\n|t:|1681823329\n|switch|p1a: Dragonite|Dragonite, L50, M|100\/100\n|turn|10\n|c|\u2606CbuttyVGC|I've been working with my friend to upgrade the team so ik what it's weaknesses are\n|\n|t:|1681823347\n|-terastallize|p1a: Dragonite|Flying\n|move|p2b: Flutter Mane|Protect|p2b: Flutter Mane\n|-singleturn|p2b: Flutter Mane|Protect\n|-curestatus|p1b: Dachsbun|slp|[msg]\n|move|p1b: Dachsbun|Body Press|p2a: Amoonguss\n|-resisted|p2a: Amoonguss\n|-crit|p2a: Amoonguss\n|-damage|p2a: Amoonguss|28\/100\n|move|p1a: Dragonite|Tera Blast|p2a: Amoonguss\n|-supereffective|p2a: Amoonguss\n|-damage|p2a: Amoonguss|0 fnt\n|faint|p2a: Amoonguss\n|\n|-damage|p2b: Flutter Mane|86\/100 brn|[from] brn\n|upkeep\n|turn|11\n|\n|t:|1681823363\n|move|p2b: Flutter Mane|Moonblast|p1a: Dragonite\n|-damage|p1a: Dragonite|77\/100\n|move|p1b: Dachsbun|Yawn||[still]\n|-fail|p1b: Dachsbun\n|move|p1a: Dragonite|Iron Head|p2b: Flutter Mane\n|-supereffective|p2b: Flutter Mane\n|-end|p2b: Flutter Mane|Substitute\n|\n|-damage|p2b: Flutter Mane|80\/100 brn|[from] brn\n|upkeep\n|turn|12\n|\n|t:|1681823371\n|move|p2b: Flutter Mane|Protect|p2b: Flutter Mane\n|-singleturn|p2b: Flutter Mane|Protect\n|move|p1b: Dachsbun|Wish|p1b: Dachsbun\n|move|p1a: Dragonite|Iron Head|p2b: Flutter Mane\n|-activate|p2b: Flutter Mane|move: Protect\n|\n|-damage|p2b: Flutter Mane|75\/100 brn|[from] brn\n|upkeep\n|turn|13\n|\n|t:|1681823382\n|move|p2b: Flutter Mane|Moonblast|p1a: Dragonite\n|-damage|p1a: Dragonite|31\/100\n|move|p1b: Dachsbun|Yawn||[still]\n|-fail|p1b: Dachsbun\n|move|p1a: Dragonite|Tera Blast|p2b: Flutter Mane\n|-damage|p2b: Flutter Mane|0 fnt\n|faint|p2b: Flutter Mane\n|-end|p2b: Flutter Mane|Protosynthesis|[silent]\n|\n|win|taka9842\n|raw|taka9842's rating: 1296 → 1320<\/strong> (+24 for winning)\n|raw|CbuttyVGC's rating: 1289 → 1265<\/strong> (-24 for losing)\n|c|\u2606taka9842|gg\n|c|\u2606CbuttyVGC|Gg\n|c|\u2606taka9842|it's a good team\n|c|\u2606CbuttyVGC|Double burn at the start screwed me over lmao\n","uploadtime":1681823401,"views":8,"p1id":"taka9842","p2id":"cbuttyvgc","formatid":"gen9vgc2023regulationc","rating":1265,"private":0,"password":""}