{"id":"gen9vgc2023regulationc-1856325423","p1":"Pikaberto","p2":"Roronoa Boomie","format":"[Gen 9] VGC 2023 Regulation C","log":"|j|\u2606Pikaberto\n|j|\u2606Roronoa Boomie\n|t:|1683051033\n|gametype|doubles\n|player|p1|Pikaberto|101|1048\n|player|p2|Roronoa Boomie|1|1056\n|teamsize|p1|6\n|teamsize|p2|6\n|gen|9\n|tier|[Gen 9] VGC 2023 Regulation C\n|rated|\n|rule|Species Clause: Limit one of each Pok\u00e9mon\n|rule|Item Clause: Limit one of each item\n|clearpoke\n|poke|p1|Murkrow, L50, M|\n|poke|p1|Gyarados, L50, M|\n|poke|p1|Dragonite, L50, F|\n|poke|p1|Kilowattrel, L50, F|\n|poke|p1|Iron Jugulis, L50|\n|poke|p1|Corviknight, L50, M|\n|poke|p2|Bronzong, L50|\n|poke|p2|Arboliva, L50, M|\n|poke|p2|Torkoal, L50, M|\n|poke|p2|Gyarados, L50, F|\n|poke|p2|Farigiraf, L50, F|\n|poke|p2|Gastrodon, L50, M|\n|teampreview|4\n|c|\u2606Pikaberto|glhf\nPikaberto has agreed to open team sheets.\nRoronoa Boomie has agreed to open team sheets.\n|inactive|Battle timer is ON: inactive players will automatically lose when time's up. (requested by Roronoa Boomie)\n|\n|t:|1683051105\n|start\n|switch|p1a: Murkrow|Murkrow, L50, M|100\/100\n|switch|p1b: Iron Jugulis|Iron Jugulis, L50|100\/100\n|switch|p2a: Bronzong|Bronzong, L50|100\/100\n|switch|p2b: Arboliva|Arboliva, L50, M|100\/100\n|-enditem|p1b: Iron Jugulis|Booster Energy\n|-activate|p1b: Iron Jugulis|ability: Quark Drive|[fromitem]\n|-start|p1b: Iron Jugulis|quarkdrivespe\n|turn|1\n|\n|t:|1683051130\n|-terastallize|p1b: Iron Jugulis|Dark\n|move|p1b: Iron Jugulis|Dark Pulse|p2a: Bronzong\n|-supereffective|p2a: Bronzong\n|-damage|p2a: Bronzong|38\/100\n|-enditem|p2a: Bronzong|Sitrus Berry|[eat]\n|-heal|p2a: Bronzong|63\/100|[from] item: Sitrus Berry\n|move|p1a: Murkrow|Foul Play|p2a: Bronzong\n|-supereffective|p2a: Bronzong\n|-damage|p2a: Bronzong|11\/100\n|move|p2b: Arboliva|Solar Beam||[still]\n|-prepare|p2b: Arboliva|Solar Beam\n|cant|p2a: Bronzong|flinch\n|\n|upkeep\n|turn|2\n|inactive|Pikaberto has 30 seconds left.\n|\n|t:|1683051156\n|move|p2a: Bronzong|Protect|p2a: Bronzong\n|-singleturn|p2a: Bronzong|Protect\n|move|p1a: Murkrow|Tailwind|p1a: Murkrow\n|-sidestart|p1: Pikaberto|move: Tailwind\n|move|p1b: Iron Jugulis|Snarl|p2b: Arboliva|[spread] p2b\n|-activate|p2a: Bronzong|move: Protect\n|-damage|p2b: Arboliva|78\/100\n|-unboost|p2b: Arboliva|spa|1\n|-fieldstart|move: Grassy Terrain|[from] ability: Seed Sower|[of] p2b: Arboliva\n|move|p2b: Arboliva|Solar Beam|p1a: Murkrow|[from]lockedmove\n|-resisted|p1a: Murkrow\n|-damage|p1a: Murkrow|55\/100\n|\n|-heal|p2b: Arboliva|84\/100|[from] Grassy Terrain\n|upkeep\n|turn|3\n|inactive|Pikaberto has 30 seconds left.\n|\n|t:|1683051182\n|switch|p2b: Gastrodon|Gastrodon, L50, M|100\/100\n|move|p1b: Iron Jugulis|Snarl|p2b: Gastrodon|[spread] p2a,p2b\n|-supereffective|p2a: Bronzong\n|-damage|p2a: Bronzong|0 fnt\n|-damage|p2b: Gastrodon|84\/100\n|-unboost|p2b: Gastrodon|spa|1\n|faint|p2a: Bronzong\n|move|p1a: Murkrow|Foul Play|p2b: Gastrodon\n|-damage|p2b: Gastrodon|62\/100\n|\n|-heal|p2b: Gastrodon|67\/100|[from] Grassy Terrain\n|upkeep\n|\n|t:|1683051193\n|switch|p2a: Torkoal|Torkoal, L50, M|100\/100\n|-weather|SunnyDay|[from] ability: Drought|[of] p2a: Torkoal\n|turn|4\n|inactive|Pikaberto has 30 seconds left.\n|inactive|Pikaberto has 20 seconds left.\n|\n|t:|1683051234\n|switch|p1a: Dragonite|Dragonite, L50, F|100\/100\n|move|p1b: Iron Jugulis|Snarl|p2b: Gastrodon|[spread] p2a,p2b\n|-damage|p2a: Torkoal|65\/100\n|-damage|p2b: Gastrodon|53\/100\n|-unboost|p2a: Torkoal|spa|1\n|-unboost|p2b: Gastrodon|spa|1\n|move|p2b: Gastrodon|Muddy Water|p1a: Dragonite|[spread] p1a\n|-miss|p2b: Gastrodon|p1b: Iron Jugulis\n|-resisted|p1a: Dragonite\n|-damage|p1a: Dragonite|99\/100\n|move|p2a: Torkoal|Eruption|p1a: Dragonite|[spread] p1a,p1b\n|-resisted|p1a: Dragonite\n|-damage|p1a: Dragonite|78\/100\n|-damage|p1b: Iron Jugulis|68\/100\n|\n|-weather|SunnyDay|[upkeep]\n|-heal|p1b: Iron Jugulis|74\/100|[from] Grassy Terrain\n|-heal|p2b: Gastrodon|59\/100|[from] Grassy Terrain\n|-heal|p2a: Torkoal|72\/100|[from] Grassy Terrain\n|upkeep\n|turn|5\n|inactive|Pikaberto has 30 seconds left.\n|inactive|Roronoa Boomie has 30 seconds left.\n|\n|t:|1683051265\n|move|p1b: Iron Jugulis|Snarl|p2b: Gastrodon|[spread] p2a,p2b\n|-damage|p2a: Torkoal|41\/100\n|-damage|p2b: Gastrodon|42\/100\n|-unboost|p2a: Torkoal|spa|1\n|-unboost|p2b: Gastrodon|spa|1\n|move|p1a: Dragonite|Dragon Dance|p1a: Dragonite\n|-boost|p1a: Dragonite|atk|1\n|-boost|p1a: Dragonite|spe|1\n|move|p2b: Gastrodon|Ice Beam|p1a: Dragonite\n|-supereffective|p1a: Dragonite\n|-damage|p1a: Dragonite|32\/100\n|move|p2a: Torkoal|Heat Wave|p1b: Iron Jugulis|[spread] p1a\n|-miss|p2a: Torkoal|p1b: Iron Jugulis\n|-resisted|p1a: Dragonite\n|-damage|p1a: Dragonite|18\/100\n|\n|-weather|SunnyDay|[upkeep]\n|-heal|p1b: Iron Jugulis|80\/100|[from] Grassy Terrain\n|-heal|p2b: Gastrodon|48\/100|[from] Grassy Terrain\n|-heal|p2a: Torkoal|47\/100|[from] Grassy Terrain\n|-sideend|p1: Pikaberto|move: Tailwind\n|upkeep\n|turn|6\n|\n|t:|1683051290\n|move|p1b: Iron Jugulis|Dark Pulse|p2b: Gastrodon\n|-damage|p2b: Gastrodon|19\/100\n|move|p1a: Dragonite|Earthquake|p2b: Gastrodon|[spread] p1b,p2a,p2b\n|-supereffective|p2a: Torkoal\n|-damage|p1b: Iron Jugulis|58\/100\n|-damage|p2a: Torkoal|15\/100\n|-damage|p2b: Gastrodon|0 fnt\n|faint|p2b: Gastrodon\n|move|p2a: Torkoal|Heat Wave|p1b: Iron Jugulis|[spread] p1a,p1b\n|-resisted|p1a: Dragonite\n|-damage|p1a: Dragonite|3\/100\n|-damage|p1b: Iron Jugulis|34\/100\n|\n|-weather|SunnyDay|[upkeep]\n|-heal|p1b: Iron Jugulis|40\/100|[from] Grassy Terrain\n|-heal|p2a: Torkoal|21\/100|[from] Grassy Terrain\n|-fieldend|move: Grassy Terrain\n|upkeep\n|\n|t:|1683051305\n|switch|p2b: Arboliva|Arboliva, L50, M|84\/100\n|turn|7\n|\n|t:|1683051317\n|move|p1b: Iron Jugulis|Air Slash|p2b: Arboliva\n|-supereffective|p2b: Arboliva\n|-damage|p2b: Arboliva|24\/100\n|-fieldstart|move: Grassy Terrain|[from] ability: Seed Sower|[of] p2b: Arboliva\n|move|p1a: Dragonite|Earthquake|p2a: Torkoal|[spread] p1b,p2a,p2b\n|-supereffective|p2a: Torkoal\n|-resisted|p2b: Arboliva\n|-damage|p1b: Iron Jugulis|21\/100\n|-damage|p2a: Torkoal|0 fnt\n|-damage|p2b: Arboliva|15\/100\n|faint|p2a: Torkoal\n|move|p2b: Arboliva|Solar Beam||[still]\n|-prepare|p2b: Arboliva|Solar Beam\n|-anim|p2b: Arboliva|Solar Beam|p1b: Iron Jugulis\n|-damage|p1b: Iron Jugulis|0 fnt\n|faint|p1b: Iron Jugulis\n|-end|p1b: Iron Jugulis|Quark Drive|[silent]\n|\n|-weather|SunnyDay|[upkeep]\n|-heal|p2b: Arboliva|20\/100|[from] Grassy Terrain\n|upkeep\n|\n|t:|1683051335\n|switch|p1b: Murkrow|Murkrow, L50, M|55\/100\n|turn|8\n|\n|t:|1683051345\n|-terastallize|p2b: Arboliva|Water\n|move|p1b: Murkrow|Tailwind|p1b: Murkrow\n|-sidestart|p1: Pikaberto|move: Tailwind\n|move|p1a: Dragonite|Iron Head|p2b: Arboliva\n|-resisted|p2b: Arboliva\n|-damage|p2b: Arboliva|0 fnt\n|faint|p2b: Arboliva\n|\n|win|Pikaberto\n|raw|Pikaberto's rating: 1048 → 1082<\/strong> (+34 for winning)\n|raw|Roronoa Boomie's rating: 1056 → 1037<\/strong> (-19 for losing)\n|l|\u2606Roronoa Boomie\n|c|\u2606Pikaberto|gg\n","uploadtime":1683051359,"views":9,"p1id":"pikaberto","p2id":"roronoaboomie","formatid":"gen9vgc2023regulationc","rating":1037,"private":0,"password":""}