{"id":"gen9vgc2023regulationc-1848988988","p1":"Hataroxz","p2":"TalonMasterJ","format":"[Gen 9] VGC 2023 Regulation C","log":"|j|\u2606Hataroxz\n|j|\u2606TalonMasterJ\n|t:|1682135275\n|gametype|doubles\n|player|p1|Hataroxz|265|1044\n|player|p2|TalonMasterJ|steven|1146\n|teamsize|p1|6\n|teamsize|p2|6\n|gen|9\n|tier|[Gen 9] VGC 2023 Regulation C\n|rated|\n|rule|Species Clause: Limit one of each Pok\u00e9mon\n|rule|Item Clause: Limit one of each item\n|clearpoke\n|poke|p1|Maushold, L50|\n|poke|p1|Salamence, L50, F|\n|poke|p1|Iron Bundle, L50|\n|poke|p1|Tinkaton, L50, F|\n|poke|p1|Volcarona, L50, F|\n|poke|p1|Palafin, L50, F|\n|poke|p2|Ting-Lu, L50|\n|poke|p2|Palafin, L50, M|\n|poke|p2|Flutter Mane, L50|\n|poke|p2|Chi-Yu, L50|\n|poke|p2|Amoonguss, L50, M|\n|poke|p2|Roaring Moon, L50|\n|teampreview|4\n|inactive|Battle timer is ON: inactive players will automatically lose when time's up. (requested by Hataroxz)\n|\n|t:|1682135321\n|start\n|switch|p1a: Iron Bundle|Iron Bundle, L50|100\/100\n|switch|p1b: Volcarona|Volcarona, L50, F|100\/100\n|switch|p2a: Roaring Moon|Roaring Moon, L50|100\/100\n|switch|p2b: Chi-Yu|Chi-Yu, L50|100\/100\n|-ability|p2b: Chi-Yu|Beads of Ruin\n|-enditem|p2a: Roaring Moon|Booster Energy\n|-activate|p2a: Roaring Moon|ability: Protosynthesis|[fromitem]\n|-start|p2a: Roaring Moon|protosynthesisspe\n|turn|1\n|inactive|Hataroxz has 30 seconds left.\n|inactive|TalonMasterJ has 30 seconds left.\n|inactive|Hataroxz has 20 seconds left.\n|inactive|TalonMasterJ has 20 seconds left.\n|\n|t:|1682135358\n|-terastallize|p2a: Roaring Moon|Flying\n|move|p2a: Roaring Moon|Acrobatics|p1a: Iron Bundle\n|-damage|p1a: Iron Bundle|31\/100\n|move|p1a: Iron Bundle|Icy Wind|p2b: Chi-Yu|[spread] p2a,p2b\n|-supereffective|p2a: Roaring Moon\n|-resisted|p2b: Chi-Yu\n|-damage|p2a: Roaring Moon|52\/100\n|-damage|p2b: Chi-Yu|90\/100\n|-unboost|p2a: Roaring Moon|spe|1\n|-unboost|p2b: Chi-Yu|spe|1\n|move|p1b: Volcarona|Heat Wave|p2a: Roaring Moon|[spread] p2a,p2b\n|-resisted|p2b: Chi-Yu\n|-damage|p2a: Roaring Moon|4\/100\n|-damage|p2b: Chi-Yu|70\/100\n|move|p2b: Chi-Yu|Heat Wave|p1b: Volcarona|[spread] p1a,p1b\n|-damage|p1a: Iron Bundle|0 fnt\n|-damage|p1b: Volcarona|27\/100\n|faint|p1a: Iron Bundle\n|-end|p1a: Iron Bundle|Quark Drive|[silent]\n|-damage|p2b: Chi-Yu|60\/100|[from] item: Life Orb\n|\n|-heal|p1b: Volcarona|34\/100|[from] item: Leftovers\n|upkeep\n|inactive|Hataroxz has 30 seconds left.\n|\n|t:|1682135383\n|switch|p1a: Salamence|Salamence, L50, F|100\/100\n|-ability|p1a: Salamence|Intimidate|boost\n|-unboost|p2a: Roaring Moon|atk|1\n|-unboost|p2b: Chi-Yu|atk|1\n|turn|2\n|\n|t:|1682135403\n|move|p2a: Roaring Moon|Protect|p2a: Roaring Moon\n|-singleturn|p2a: Roaring Moon|Protect\n|move|p1b: Volcarona|Heat Wave|p2b: Chi-Yu|[spread] p2b\n|-activate|p2a: Roaring Moon|move: Protect\n|-resisted|p2b: Chi-Yu\n|-crit|p2b: Chi-Yu\n|-damage|p2b: Chi-Yu|28\/100\n|move|p1a: Salamence|Dragon Claw|p2b: Chi-Yu\n|-damage|p2b: Chi-Yu|0 fnt\n|faint|p2b: Chi-Yu\n|-damage|p1a: Salamence|90\/100|[from] item: Life Orb\n|\n|-heal|p1b: Volcarona|40\/100|[from] item: Leftovers\n|upkeep\n|\n|t:|1682135416\n|switch|p2b: Flutter Mane|Flutter Mane, L50|100\/100\n|turn|3\n|\n|t:|1682135439\n|switch|p1b: Tinkaton|Tinkaton, L50, F|100\/100\n|-ability|p1b: Tinkaton|Mold Breaker\n|-terastallize|p1a: Salamence|Steel\n|move|p2b: Flutter Mane|Moonblast|p1a: Salamence\n|-resisted|p1a: Salamence\n|-damage|p1a: Salamence|46\/100\n|move|p2a: Roaring Moon|Acrobatics|p1b: Tinkaton\n|-resisted|p1b: Tinkaton\n|-damage|p1b: Tinkaton|73\/100\n|move|p1a: Salamence|Iron Head|p2b: Flutter Mane\n|-supereffective|p2b: Flutter Mane\n|-damage|p2b: Flutter Mane|0 fnt\n|faint|p2b: Flutter Mane\n|-end|p2b: Flutter Mane|Protosynthesis|[silent]\n|-damage|p1a: Salamence|36\/100|[from] item: Life Orb\n|\n|upkeep\n|\n|t:|1682135446\n|switch|p2b: Palafin|Palafin, L50, M|100\/100\n|turn|4\n|inactive|Hataroxz has 30 seconds left.\n|inactive|Hataroxz has 20 seconds left.\n|\n|t:|1682135482\n|move|p2a: Roaring Moon|Protect|p2a: Roaring Moon\n|-singleturn|p2a: Roaring Moon|Protect\n|move|p2b: Palafin|Protect|p2b: Palafin\n|-singleturn|p2b: Palafin|Protect\n|move|p1b: Tinkaton|Fake Out|p2b: Palafin\n|-activate|p2b: Palafin|move: Protect\n|move|p1a: Salamence|Dragon Claw|p2b: Palafin\n|-activate|p2b: Palafin|move: Protect\n|\n|upkeep\n|turn|5\n|inactive|TalonMasterJ has 30 seconds left.\n|\n|t:|1682135513\n|move|p1a: Salamence|Protect|p1a: Salamence\n|-singleturn|p1a: Salamence|Protect\n|move|p2b: Palafin|Jet Punch|p1a: Salamence\n|-activate|p1a: Salamence|move: Protect\n|move|p2a: Roaring Moon|Acrobatics|p1a: Salamence\n|-activate|p1a: Salamence|move: Protect\n|move|p1b: Tinkaton|Thunder Wave|p2b: Palafin\n|-status|p2b: Palafin|par\n|\n|upkeep\n|turn|6\n|\n|t:|1682135535\n|cant|p2b: Palafin|par\n|move|p2a: Roaring Moon|Acrobatics|p1a: Salamence\n|-resisted|p1a: Salamence\n|-damage|p1a: Salamence|12\/100\n|move|p1b: Tinkaton|Gigaton Hammer|p2a: Roaring Moon\n|-damage|p2a: Roaring Moon|0 fnt\n|faint|p2a: Roaring Moon\n|-end|p2a: Roaring Moon|Protosynthesis|[silent]\n|move|p1a: Salamence|Dragon Claw|p2b: Palafin\n|-damage|p2b: Palafin|15\/100 par\n|-damage|p1a: Salamence|2\/100|[from] item: Life Orb\n|\n|upkeep\n|turn|7\n|\n|t:|1682135554\n|move|p1b: Tinkaton|Protect|p1b: Tinkaton\n|-singleturn|p1b: Tinkaton|Protect\n|move|p1a: Salamence|Protect|p1a: Salamence\n|-singleturn|p1a: Salamence|Protect\n|move|p2b: Palafin|Jet Punch|p1a: Salamence\n|-activate|p1a: Salamence|move: Protect\n|\n|upkeep\n|turn|8\n|\n|t:|1682135568\n|cant|p2b: Palafin|par\n|move|p1b: Tinkaton|Gigaton Hammer|p2b: Palafin\n|-resisted|p2b: Palafin\n|-damage|p2b: Palafin|0 fnt\n|faint|p2b: Palafin\n|\n|win|Hataroxz\n|raw|Hataroxz's rating: 1044 → 1087<\/strong> (+43 for winning)\n|raw|TalonMasterJ's rating: 1146 → 1114<\/strong> (-32 for losing)\n","uploadtime":1682135608,"views":9,"p1id":"hataroxz","p2id":"talonmasterj","formatid":"gen9vgc2023regulationc","rating":1087,"private":0,"password":""}