{"id":"gen9vgc2023regulationc-1857052298","p1":"Bananenen","p2":"mathtass","format":"[Gen 9] VGC 2023 Regulation C","log":"|j|\u2606Bananenen\n|j|\u2606mathtass\n|t:|1683141094\n|gametype|doubles\n|player|p1|Bananenen|kahili|1444\n|player|p2|mathtass|2|1391\n|teamsize|p1|6\n|teamsize|p2|6\n|gen|9\n|tier|[Gen 9] VGC 2023 Regulation C\n|rated|\n|rule|Species Clause: Limit one of each Pok\u00e9mon\n|rule|Item Clause: Limit one of each item\n|clearpoke\n|poke|p1|Dondozo, L50, F|\n|poke|p1|Tatsugiri-Droopy, L50, M|\n|poke|p1|Pelipper, L50, M|\n|poke|p1|Kilowattrel, L50, M|\n|poke|p1|Scizor, L50, M|\n|poke|p1|Baxcalibur, L50, F|\n|poke|p2|Amoonguss, L50, F|\n|poke|p2|Chi-Yu, L50|\n|poke|p2|Arcanine, L50, F|\n|poke|p2|Dragonite, L50, M|\n|poke|p2|Flutter Mane, L50|\n|poke|p2|Iron Hands, L50|\n|teampreview|4\n|inactive|Battle timer is ON: inactive players will automatically lose when time's up. (requested by Bananenen)\n|inactive|Bananenen has 60 seconds left.\n|\n|t:|1683141148\n|start\n|switch|p1a: Scizor|Scizor, L50, M|100\/100\n|switch|p1b: Baxcalibur|Baxcalibur, L50, F|100\/100\n|switch|p2a: Simba|Arcanine, L50, F, shiny|100\/100\n|switch|p2b: Iron Man|Iron Hands, L50, shiny|100\/100\n|-ability|p2a: Simba|Intimidate|boost\n|-unboost|p1a: Scizor|atk|1\n|-unboost|p1b: Baxcalibur|atk|1\n|turn|1\n|inactive|Bananenen has 30 seconds left.\n|\n|t:|1683141178\n|-terastallize|p1a: Scizor|Water\n|move|p1b: Baxcalibur|Protect|p1b: Baxcalibur\n|-singleturn|p1b: Baxcalibur|Protect\n|move|p2a: Simba|Howl|p2a: Simba|[spread] p2a,p2b\n|-boost|p2a: Simba|atk|1\n|-boost|p2b: Iron Man|atk|1\n|move|p1a: Scizor|Tera Blast|p2a: Simba\n|-supereffective|p2a: Simba\n|-damage|p2a: Simba|37\/100\n|-enditem|p2a: Simba|Sitrus Berry|[eat]\n|-heal|p2a: Simba|61\/100|[from] item: Sitrus Berry\n|move|p2b: Iron Man|Drain Punch|p1a: Scizor\n|-damage|p1a: Scizor|42\/100\n|\n|upkeep\n|turn|2\n|inactive|Bananenen has 30 seconds left.\n|\n|t:|1683141207\n|-terastallize|p2a: Simba|Grass\n|move|p2a: Simba|Howl|p2a: Simba|[spread] p2a,p2b\n|-boost|p2a: Simba|atk|1\n|-boost|p2b: Iron Man|atk|1\n|move|p1b: Baxcalibur|Glaive Rush|p2b: Iron Man\n|-crit|p2b: Iron Man\n|-damage|p2b: Iron Man|7\/100\n|-singlemove|p1b: Baxcalibur|Glaive Rush|[silent]\n|move|p1a: Scizor|Close Combat|p2b: Iron Man\n|-damage|p2b: Iron Man|0 fnt\n|-unboost|p1a: Scizor|def|1\n|-unboost|p1a: Scizor|spd|1\n|faint|p2b: Iron Man\n|-end|p2b: Iron Man|Quark Drive|[silent]\n|\n|upkeep\n|\n|t:|1683141221\n|switch|p2b: Titan|Dragonite, L50, M, shiny|100\/100\n|turn|3\n|\n|t:|1683141243\n|move|p1b: Baxcalibur|Protect|p1b: Baxcalibur\n|-singleturn|p1b: Baxcalibur|Protect\n|move|p2b: Titan|Extreme Speed|p1a: Scizor\n|-damage|p1a: Scizor|0 fnt\n|faint|p1a: Scizor\n|move|p2a: Simba|Flare Blitz|p1b: Baxcalibur\n|-activate|p1b: Baxcalibur|move: Protect\n|\n|upkeep\n|\n|t:|1683141250\n|switch|p1a: Dondozo|Dondozo, L50, F|100\/100\n|turn|4\n|\n|t:|1683141266\n|move|p1a: Dondozo|Protect|p1a: Dondozo\n|-singleturn|p1a: Dondozo|Protect\n|move|p2a: Simba|Will-O-Wisp|p1a: Dondozo\n|-activate|p1a: Dondozo|move: Protect\n|move|p1b: Baxcalibur|Icicle Crash|p2b: Titan|[miss]\n|-miss|p1b: Baxcalibur|p2b: Titan\n|move|p2b: Titan|Ice Spinner|p1b: Baxcalibur\n|-damage|p1b: Baxcalibur|72\/100\n|\n|upkeep\n|turn|5\n|\n|t:|1683141283\n|move|p2a: Simba|Howl|p2a: Simba|[spread] p2a,p2b\n|-boost|p2a: Simba|atk|1\n|-boost|p2b: Titan|atk|1\n|move|p1b: Baxcalibur|Icicle Crash|p2b: Titan\n|-supereffective|p2b: Titan\n|-damage|p2b: Titan|31\/100\n|move|p2b: Titan|Ice Spinner|p1b: Baxcalibur\n|-damage|p1b: Baxcalibur|29\/100\n|move|p1a: Dondozo|Wave Crash|p2a: Simba\n|-resisted|p2a: Simba\n|-damage|p2a: Simba|33\/100\n|-damage|p1a: Dondozo|93\/100|[from] Recoil\n|-damage|p1a: Dondozo|83\/100|[from] item: Life Orb\n|\n|upkeep\n|turn|6\n|\n|t:|1683141297\n|switch|p1b: Tatsugiri|Tatsugiri-Droopy, L50, M, shiny|100\/100\n|-activate|p1b: Tatsugiri|ability: Commander|[of] p1a: Dondozo\n|-boost|p1a: Dondozo|atk|2\n|-boost|p1a: Dondozo|spa|2\n|-boost|p1a: Dondozo|spe|2\n|-boost|p1a: Dondozo|def|2\n|-boost|p1a: Dondozo|spd|2\n|switch|p2b: Adore|Amoonguss, L50, F, shiny|100\/100\n|move|p2a: Simba|Protect|p2a: Simba\n|-singleturn|p2a: Simba|Protect\n|move|p1a: Dondozo|Surf|p2b: Adore|[spread] p2b\n|-miss|p1a: Dondozo|p1b: Tatsugiri\n|-activate|p2a: Simba|move: Protect\n|-resisted|p2b: Adore\n|-damage|p2b: Adore|72\/100\n|-damage|p1a: Dondozo|73\/100|[from] item: Life Orb\n|\n|-heal|p2b: Adore|78\/100|[from] item: Leftovers\n|upkeep\n|turn|7\n|inactive|mathtass has 30 seconds left.\n|inactive|mathtass has 20 seconds left.\n|inactive|mathtass has 15 seconds left.\n|inactive|mathtass has 10 seconds left.\n|inactive|mathtass has 5 seconds left.\n|\n|t:|1683141352\n|move|p1a: Dondozo|Wave Crash|p2a: Simba\n|-resisted|p2a: Simba\n|-damage|p2a: Simba|0 fnt\n|faint|p2a: Simba\n|-damage|p1a: Dondozo|64\/100|[from] Recoil\n|-damage|p1a: Dondozo|54\/100|[from] item: Life Orb\n|move|p2b: Adore|Pollen Puff|p1a: Dondozo\n|-damage|p1a: Dondozo|40\/100\n|\n|-heal|p2b: Adore|84\/100|[from] item: Leftovers\n|upkeep\n|\n|t:|1683141355\n|switch|p2a: Titan|Dragonite, L50, M, shiny|31\/100\n|turn|8\n|inactive|mathtass has 30 seconds left.\n|inactive|mathtass has 20 seconds left.\n|inactive|mathtass has 15 seconds left.\n|\n|t:|1683141396\n|move|p2a: Titan|Extreme Speed|p1a: Dondozo\n|-damage|p1a: Dondozo|26\/100\n|move|p1a: Dondozo|Wave Crash|p2a: Titan\n|-resisted|p2a: Titan\n|-damage|p2a: Titan|0 fnt\n|faint|p2a: Titan\n|-damage|p1a: Dondozo|17\/100|[from] Recoil\n|-damage|p1a: Dondozo|8\/100|[from] item: Life Orb\n|move|p2b: Adore|Clear Smog|p1a: Dondozo\n|-damage|p1a: Dondozo|0 fnt\n|-clearboost|p1a: Dondozo\n|faint|p1a: Dondozo\n|\n|-heal|p2b: Adore|90\/100|[from] item: Leftovers\n|upkeep\n|\n|t:|1683141408\n|switch|p1a: Baxcalibur|Baxcalibur, L50, F|29\/100\n|turn|9\n|inactive|mathtass has 30 seconds left.\n|inactive|mathtass has 20 seconds left.\n|inactive|mathtass has 15 seconds left.\n|inactive|mathtass has 10 seconds left.\n|inactive|mathtass has 5 seconds left.\n|\n|t:|1683141463\n|move|p1b: Tatsugiri|Draco Meteor|p2b: Adore\n|-crit|p2b: Adore\n|-damage|p2b: Adore|0 fnt\n|-unboost|p1b: Tatsugiri|spa|2\n|faint|p2b: Adore\n|\n|win|Bananenen\n|raw|Bananenen's rating: 1444 → 1461<\/strong> (+17 for winning)\n|raw|mathtass's rating: 1391 → 1374<\/strong> (-17 for losing)\n","uploadtime":1683141601,"views":7,"p1id":"bananenen","p2id":"mathtass","formatid":"gen9vgc2023regulationc","rating":1374,"private":0,"password":""}