{"id":"gen9vgc2023regulationc-1847832843","p1":"KiryaeTest","p2":"ThatGuyTi","format":"[Gen 9] VGC 2023 Regulation C","log":"|j|\u2606KiryaeTest\n|j|\u2606ThatGuyTi\n|t:|1682005665\n|gametype|doubles\n|player|p1|KiryaeTest|101|1110\n|player|p2|ThatGuyTi|lance|1119\n|teamsize|p1|6\n|teamsize|p2|6\n|gen|9\n|tier|[Gen 9] VGC 2023 Regulation C\n|rated|\n|rule|Species Clause: Limit one of each Pok\u00e9mon\n|rule|Item Clause: Limit one of each item\n|clearpoke\n|poke|p1|Chi-Yu, L50|\n|poke|p1|Iron Bundle, L50|\n|poke|p1|Flutter Mane, L50|\n|poke|p1|Amoonguss, L50, M|\n|poke|p1|Dragonite, L50, M|\n|poke|p1|Gyarados, L50, M|\n|poke|p2|Chien-Pao, L50|\n|poke|p2|Arcanine, L50, M|\n|poke|p2|Amoonguss, L50, M|\n|poke|p2|Hydreigon, L50, F|\n|poke|p2|Palafin, L50, M|\n|poke|p2|Flutter Mane, L50|\n|teampreview|4\n|inactive|Battle timer is ON: inactive players will automatically lose when time's up. (requested by ThatGuyTi)\n|\n|t:|1682005734\n|start\n|switch|p1a: Chi-Yu|Chi-Yu, L50|100\/100\n|switch|p1b: Iron Bundle|Iron Bundle, L50|100\/100\n|switch|p2a: Palafin|Palafin, L50, M|100\/100\n|switch|p2b: Chien-Pao|Chien-Pao, L50|100\/100\n|-ability|p2b: Chien-Pao|Sword of Ruin\n|-ability|p1a: Chi-Yu|Beads of Ruin\n|-enditem|p1b: Iron Bundle|Booster Energy\n|-activate|p1b: Iron Bundle|ability: Quark Drive|[fromitem]\n|-start|p1b: Iron Bundle|quarkdrivespe\n|turn|1\n|inactive|KiryaeTest has 30 seconds left.\n|inactive|ThatGuyTi has 30 seconds left.\n|\n|t:|1682005766\n|-terastallize|p1a: Chi-Yu|Grass\n|move|p1b: Iron Bundle|Protect|p1b: Iron Bundle\n|-singleturn|p1b: Iron Bundle|Protect\n|move|p2a: Palafin|Protect|p2a: Palafin\n|-singleturn|p2a: Palafin|Protect\n|move|p2b: Chien-Pao|Sacred Sword|p1b: Iron Bundle\n|-activate|p1b: Iron Bundle|move: Protect\n|move|p1a: Chi-Yu|Heat Wave|p2b: Chien-Pao|[spread] p2b\n|-activate|p2a: Palafin|move: Protect\n|-supereffective|p2b: Chien-Pao\n|-enditem|p2b: Chien-Pao|Focus Sash\n|-damage|p2b: Chien-Pao|1\/100\n|\n|upkeep\n|turn|2\n|inactive|KiryaeTest has 30 seconds left.\n|\n|t:|1682005798\n|detailschange|p2a: Palafin|Palafin-Hero, L50, M\n|switch|p2a: Amoonguss|Amoonguss, L50, M, shiny|100\/100\n|move|p2b: Chien-Pao|Protect|p2b: Chien-Pao\n|-singleturn|p2b: Chien-Pao|Protect\n|move|p1b: Iron Bundle|Icy Wind|p2b: Chien-Pao|[spread] \n|-activate|p2b: Chien-Pao|move: Protect\n|-miss|p1b: Iron Bundle|p2a: Amoonguss\n|move|p1a: Chi-Yu|Heat Wave|p2a: Amoonguss|[spread] \n|-activate|p2b: Chien-Pao|move: Protect\n|-miss|p1a: Chi-Yu|p2a: Amoonguss\n|\n|upkeep\n|turn|3\n|\n|t:|1682005821\n|-terastallize|p2a: Amoonguss|Water\n|move|p2a: Amoonguss|Rage Powder|p2a: Amoonguss\n|-singleturn|p2a: Amoonguss|move: Rage Powder\n|move|p1b: Iron Bundle|Icy Wind|p2a: Amoonguss|[spread] p2a,p2b\n|-resisted|p2a: Amoonguss\n|-resisted|p2b: Chien-Pao\n|-damage|p2a: Amoonguss|88\/100\n|-damage|p2b: Chien-Pao|0 fnt\n|-unboost|p2a: Amoonguss|spe|1\n|faint|p2b: Chien-Pao\n|move|p1a: Chi-Yu|Heat Wave|p2a: Amoonguss\n|-resisted|p2a: Amoonguss\n|-damage|p2a: Amoonguss|58\/100\n|\n|upkeep\n|\n|t:|1682005841\n|switch|p2b: Hydreigon|Hydreigon, L50, F|100\/100\n|turn|4\n|\n|t:|1682005860\n|switch|p1a: Gyarados|Gyarados, L50, M|100\/100\n|-ability|p1a: Gyarados|Intimidate|boost\n|-unboost|p2a: Amoonguss|atk|1\n|-unboost|p2b: Hydreigon|atk|1\n|move|p1b: Iron Bundle|Freeze-Dry|p2a: Amoonguss\n|-supereffective|p2a: Amoonguss\n|-damage|p2a: Amoonguss|0 fnt\n|faint|p2a: Amoonguss\n|move|p2b: Hydreigon|Flash Cannon|p1b: Iron Bundle\n|-damage|p1b: Iron Bundle|17\/100\n|-damage|p2b: Hydreigon|91\/100|[from] item: Life Orb\n|\n|upkeep\n|\n|t:|1682005870\n|switch|p2a: Palafin|Palafin-Hero, L50, M|100\/100\n|-activate|p2a: Palafin|ability: Zero to Hero\n|turn|5\n|\n|t:|1682005890\n|-end|p1b: Iron Bundle|Quark Drive|[silent]\n|switch|p1b: Amoonguss|Amoonguss, L50, M|100\/100\n|switch|p1a: Chi-Yu|Chi-Yu, L50, tera:Grass|100\/100\n|-ability|p1a: Chi-Yu|Beads of Ruin\n|move|p2a: Palafin|Jet Punch|p1b: Amoonguss\n|-resisted|p1b: Amoonguss\n|-damage|p1b: Amoonguss|84\/100\n|move|p2b: Hydreigon|Dark Pulse|p1a: Chi-Yu\n|-damage|p1a: Chi-Yu|34\/100\n|-damage|p2b: Hydreigon|81\/100|[from] item: Life Orb\n|\n|upkeep\n|turn|6\n|inactive|ThatGuyTi has 30 seconds left.\n|\n|t:|1682005919\n|move|p2a: Palafin|Drain Punch|p1a: Chi-Yu\n|-damage|p1a: Chi-Yu|0 fnt\n|faint|p1a: Chi-Yu\n|move|p2b: Hydreigon|Draco Meteor|p1b: Amoonguss\n|-damage|p1b: Amoonguss|0 fnt\n|-unboost|p2b: Hydreigon|spa|2\n|faint|p1b: Amoonguss\n|-damage|p2b: Hydreigon|72\/100|[from] item: Life Orb\n|\n|upkeep\n|\n|t:|1682005930\n|switch|p1a: Gyarados|Gyarados, L50, M|100\/100\n|switch|p1b: Iron Bundle|Iron Bundle, L50|17\/100\n|-ability|p1a: Gyarados|Intimidate|boost\n|-unboost|p2a: Palafin|atk|1\n|-unboost|p2b: Hydreigon|atk|1\n|turn|7\n|inactive|KiryaeTest has 30 seconds left.\n|\n|t:|1682005959\n|move|p2a: Palafin|Jet Punch|p1b: Iron Bundle\n|-resisted|p1b: Iron Bundle\n|-damage|p1b: Iron Bundle|0 fnt\n|faint|p1b: Iron Bundle\n|-end|p1b: Iron Bundle|Quark Drive|[silent]\n|move|p2b: Hydreigon|Draco Meteor|p1a: Gyarados\n|-damage|p1a: Gyarados|64\/100\n|-unboost|p2b: Hydreigon|spa|2\n|-damage|p2b: Hydreigon|62\/100|[from] item: Life Orb\n|move|p1a: Gyarados|Waterfall|p2a: Palafin\n|-resisted|p2a: Palafin\n|-damage|p2a: Palafin|82\/100\n|\n|upkeep\n|turn|8\n|-message|KiryaeTest forfeited.\n|\n|win|ThatGuyTi\n|raw|KiryaeTest's rating: 1110 → 1086<\/strong> (-24 for losing)\n|raw|ThatGuyTi's rating: 1119 → 1143<\/strong> (+24 for winning)\n|l|\u2606KiryaeTest\n","uploadtime":1682005975,"views":10,"p1id":"kiryaetest","p2id":"thatguyti","formatid":"gen9vgc2023regulationc","rating":1086,"private":0,"password":""}