{"id":"gen9vgc2023regulationc-1846003242","p1":"Caylee1347","p2":"fo50","format":"[Gen 9] VGC 2023 Regulation C","log":"|j|\u2606Caylee1347\n|j|\u2606fo50\n|t:|1681789870\n|gametype|doubles\n|player|p1|Caylee1347|lady|1091\n|player|p2|fo50|2|1124\n|teamsize|p1|6\n|teamsize|p2|6\n|gen|9\n|tier|[Gen 9] VGC 2023 Regulation C\n|rated|\n|rule|Species Clause: Limit one of each Pok\u00e9mon\n|rule|Item Clause: Limit one of each item\n|clearpoke\n|poke|p1|Scizor, L50, M|\n|poke|p1|Palafin, L50, F|\n|poke|p1|Glimmora, L50, F|\n|poke|p1|Braviary, L50, M|\n|poke|p1|Arcanine, L50, M|\n|poke|p1|Iron Thorns, L50|\n|poke|p2|Scovillain, L50, F|\n|poke|p2|Dragonite, L50, F|\n|poke|p2|Tinkaton, L50, F|\n|poke|p2|Garchomp, L50, F|\n|poke|p2|Torkoal, L50, F|\n|poke|p2|Scizor, L50, F|\n|teampreview|4\n|\n|t:|1681789926\n|start\n|switch|p1a: Palafin|Palafin, L50, F|100\/100\n|switch|p1b: Braviary|Braviary, L50, M|100\/100\n|switch|p2a: Scizor|Scizor, L50, F|100\/100\n|switch|p2b: Dragonite|Dragonite, L50, F|100\/100\n|turn|1\n|inactive|Battle timer is ON: inactive players will automatically lose when time's up. (requested by fo50)\n|inactive|fo50 has 60 seconds left.\n|\n|t:|1681789963\n|detailschange|p1a: Palafin|Palafin-Hero, L50, F\n|switch|p1a: Arcanine|Arcanine, L50, M|100\/100\n|-ability|p1a: Arcanine|Intimidate|boost\n|-unboost|p2a: Scizor|atk|1\n|-unboost|p2b: Dragonite|atk|1\n|move|p1b: Braviary|Brave Bird|p2a: Scizor\n|-damage|p2a: Scizor|0 fnt\n|faint|p2a: Scizor\n|-damage|p1b: Braviary|73\/100|[from] Recoil\n|move|p2b: Dragonite|Ice Spinner|p1b: Braviary\n|-supereffective|p1b: Braviary\n|-damage|p1b: Braviary|15\/100\n|\n|upkeep\n|\n|t:|1681789980\n|switch|p2a: Garchomp|Garchomp, L50, F|100\/100\n|turn|2\n|\n|t:|1681790003\n|move|p2b: Dragonite|Extreme Speed|p1b: Braviary\n|-damage|p1b: Braviary|0 fnt\n|faint|p1b: Braviary\n|move|p1a: Arcanine|Flare Blitz|p2b: Dragonite\n|-resisted|p2b: Dragonite\n|-damage|p2b: Dragonite|84\/100\n|-damage|p1a: Arcanine|95\/100|[from] Recoil\n|move|p2a: Garchomp|Earthquake|p1a: Arcanine|[spread] p1a\n|-immune|p2b: Dragonite\n|-supereffective|p1a: Arcanine\n|-damage|p1a: Arcanine|0 fnt\n|faint|p1a: Arcanine\n|\n|upkeep\n|\n|t:|1681790018\n|switch|p1a: Glimmora|Glimmora, L50, F|100\/100\n|switch|p1b: Palafin|Palafin-Hero, L50, F|100\/100\n|-activate|p1b: Palafin|ability: Zero to Hero\n|turn|3\n|\n|t:|1681790037\n|-terastallize|p1a: Glimmora|Grass\n|move|p2b: Dragonite|Extreme Speed|p1b: Palafin\n|-damage|p1b: Palafin|82\/100\n|move|p1b: Palafin|Jet Punch|p2b: Dragonite\n|-resisted|p2b: Dragonite\n|-damage|p2b: Dragonite|60\/100\n|move|p2a: Garchomp|Earthquake|p1b: Palafin|[spread] p1a,p1b\n|-immune|p2b: Dragonite\n|-resisted|p1a: Glimmora\n|-damage|p1a: Glimmora|75\/100\n|-damage|p1b: Palafin|45\/100\n|-activate|p1a: Glimmora|ability: Toxic Debris\n|-sidestart|p2: fo50|move: Toxic Spikes\n|move|p1a: Glimmora|Energy Ball|p2a: Garchomp\n|-damage|p2a: Garchomp|68\/100\n|\n|-heal|p1b: Palafin|51\/100|[from] item: Leftovers\n|upkeep\n|turn|4\n|inactive|Caylee1347 has 30 seconds left.\n|inactive|fo50 has 30 seconds left.\n|\n|t:|1681790065\n|move|p1b: Palafin|Jet Punch|p2a: Garchomp\n|-damage|p2a: Garchomp|27\/100\n|-damage|p1b: Palafin|39\/100|[from] ability: Rough Skin|[of] p2a: Garchomp\n|move|p2a: Garchomp|Poison Jab|p1a: Glimmora\n|-supereffective|p1a: Glimmora\n|-damage|p1a: Glimmora|0 fnt\n|-activate|p1a: Glimmora|ability: Toxic Debris\n|-sidestart|p2: fo50|move: Toxic Spikes\n|faint|p1a: Glimmora\n|move|p2b: Dragonite|Fire Punch|p1b: Palafin\n|-resisted|p1b: Palafin\n|-crit|p1b: Palafin\n|-damage|p1b: Palafin|19\/100\n|\n|-heal|p1b: Palafin|25\/100|[from] item: Leftovers\n|upkeep\n|turn|5\n|\n|t:|1681790088\n|-terastallize|p2b: Dragonite|Normal\n|move|p1b: Palafin|Protect|p1b: Palafin\n|-singleturn|p1b: Palafin|Protect\n|move|p2b: Dragonite|Extreme Speed|p1b: Palafin\n|-activate|p1b: Palafin|move: Protect\n|move|p2a: Garchomp|Thunder Fang|p1b: Palafin\n|-activate|p1b: Palafin|move: Protect\n|\n|-heal|p1b: Palafin|30\/100|[from] item: Leftovers\n|upkeep\n|turn|6\n|-message|Caylee1347 forfeited.\n|\n|win|fo50\n|raw|Caylee1347's rating: 1091 → 1070<\/strong> (-21 for losing)\n|raw|fo50's rating: 1124 → 1147<\/strong> (+23 for winning)\n|l|\u2606Caylee1347\n","uploadtime":1681790103,"views":10,"p1id":"caylee1347","p2id":"fo50","formatid":"gen9vgc2023regulationc","rating":1070,"private":0,"password":""}