{"id":"gen9vgc2023regulationc-1845874414","p1":"EfficiencyMan","p2":"Pantsuit","format":"[Gen 9] VGC 2023 Regulation C","log":"|j|\u2606EfficiencyMan\n|j|\u2606Pantsuit\n|t:|1681774021\n|gametype|doubles\n|player|p1|EfficiencyMan|170|1297\n|player|p2|Pantsuit|2|1390\n|teamsize|p1|6\n|teamsize|p2|6\n|gen|9\n|tier|[Gen 9] VGC 2023 Regulation C\n|rated|\n|rule|Species Clause: Limit one of each Pok\u00e9mon\n|rule|Item Clause: Limit one of each item\n|clearpoke\n|poke|p1|Amoonguss, L50, F|\n|poke|p1|Flutter Mane, L50|\n|poke|p1|Arcanine, L50, F|\n|poke|p1|Ting-Lu, L50|\n|poke|p1|Palafin, L50, F|\n|poke|p1|Baxcalibur, L50, M|\n|poke|p2|Murkrow, L50, M|\n|poke|p2|Chi-Yu, L50|\n|poke|p2|Flutter Mane, L50|\n|poke|p2|Great Tusk, L50|\n|poke|p2|Brute Bonnet, L50|\n|poke|p2|Corviknight, L50, M|\n|teampreview|4\n|inactive|Battle timer is ON: inactive players will automatically lose when time's up. (requested by Pantsuit)\n|inactive|Pantsuit has 60 seconds left.\n|\n|t:|1681774084\n|start\n|switch|p1a: Palafin|Palafin, L50, F|100\/100\n|switch|p1b: Ting-Lu|Ting-Lu, L50|100\/100\n|switch|p2a: Corviknight|Corviknight, L50, M|100\/100\n|switch|p2b: Murkrow|Murkrow, L50, M, shiny|100\/100\n|-ability|p1b: Ting-Lu|Vessel of Ruin\n|turn|1\n|\n|t:|1681774109\n|detailschange|p1a: Palafin|Palafin-Hero, L50, F\n|switch|p1a: Amoonguss|Amoonguss, L50, F|100\/100\n|move|p2b: Murkrow|Foul Play|p1a: Amoonguss\n|-damage|p1a: Amoonguss|83\/100\n|move|p2a: Corviknight|Iron Head|p1b: Ting-Lu\n|-damage|p1b: Ting-Lu|74\/100\n|move|p1b: Ting-Lu|Ruination|p2a: Corviknight\n|-damage|p2a: Corviknight|50\/100\n|\n|upkeep\n|turn|2\n|\n|t:|1681774133\n|switch|p2b: Brute Bonnet|Brute Bonnet, L50|100\/100\n|move|p2a: Corviknight|Iron Head|p1b: Ting-Lu\n|-crit|p1b: Ting-Lu\n|-damage|p1b: Ting-Lu|36\/100\n|move|p1b: Ting-Lu|Ruination|p2a: Corviknight\n|-damage|p2a: Corviknight|25\/100\n|move|p1a: Amoonguss|Spore|p2b: Brute Bonnet\n|-immune|p2b: Brute Bonnet\n|\n|upkeep\n|turn|3\n|\n|t:|1681774149\n|switch|p1b: Arcanine|Arcanine, L50, F|100\/100\n|-ability|p1b: Arcanine|Intimidate|boost\n|-ability|p2a: Corviknight|Mirror Armor\n|-unboost|p1b: Arcanine|atk|1\n|-unboost|p2b: Brute Bonnet|atk|1\n|move|p2a: Corviknight|Iron Head|p1a: Amoonguss\n|-damage|p1a: Amoonguss|47\/100\n|-enditem|p1a: Amoonguss|Sitrus Berry|[eat]\n|-heal|p1a: Amoonguss|72\/100|[from] item: Sitrus Berry\n|move|p2b: Brute Bonnet|Bullet Seed|p1b: Arcanine\n|-resisted|p1b: Arcanine\n|-damage|p1b: Arcanine|94\/100\n|-resisted|p1b: Arcanine\n|-damage|p1b: Arcanine|90\/100\n|-resisted|p1b: Arcanine\n|-damage|p1b: Arcanine|85\/100\n|-resisted|p1b: Arcanine\n|-damage|p1b: Arcanine|80\/100\n|-resisted|p1b: Arcanine\n|-damage|p1b: Arcanine|75\/100\n|-hitcount|p1b: Arcanine|5\n|move|p1a: Amoonguss|Pollen Puff|p2b: Brute Bonnet\n|-supereffective|p2b: Brute Bonnet\n|-damage|p2b: Brute Bonnet|29\/100\n|\n|upkeep\n|turn|4\n|inactive|EfficiencyMan has 30 seconds left.\n|inactive|Pantsuit has 30 seconds left.\n|inactive|EfficiencyMan has 20 seconds left.\n|inactive|Pantsuit has 20 seconds left.\n|\n|t:|1681774188\n|-end|p2b: Brute Bonnet|Protosynthesis|[silent]\n|switch|p2b: Murkrow|Murkrow, L50, M, shiny|100\/100\n|move|p1b: Arcanine|Flare Blitz|p2a: Corviknight\n|-supereffective|p2a: Corviknight\n|-damage|p2a: Corviknight|0 fnt\n|faint|p2a: Corviknight\n|-damage|p1b: Arcanine|67\/100|[from] Recoil\n|move|p1a: Amoonguss|Spore|p2b: Murkrow\n|-status|p2b: Murkrow|slp|[from] move: Spore\n|\n|upkeep\n|\n|t:|1681774199\n|switch|p2a: Flutter Mane|Flutter Mane, L50|100\/100\n|turn|5\n|\n|t:|1681774218\n|move|p2a: Flutter Mane|Psyshock|p1a: Amoonguss\n|-supereffective|p1a: Amoonguss\n|-damage|p1a: Amoonguss|6\/100\n|move|p1b: Arcanine|Flare Blitz|p2b: Murkrow\n|-damage|p2b: Murkrow|66\/100 slp\n|-damage|p1b: Arcanine|57\/100|[from] Recoil\n|cant|p2b: Murkrow|slp\n|move|p1a: Amoonguss|Spore|p2a: Flutter Mane\n|-status|p2a: Flutter Mane|slp|[from] move: Spore\n|\n|upkeep\n|turn|6\n|\n|t:|1681774235\n|switch|p1a: Ting-Lu|Ting-Lu, L50|36\/100\n|-ability|p1a: Ting-Lu|Vessel of Ruin\n|cant|p2a: Flutter Mane|slp\n|move|p1b: Arcanine|Flare Blitz|p2a: Flutter Mane\n|-damage|p2a: Flutter Mane|45\/100 slp\n|-damage|p1b: Arcanine|45\/100|[from] Recoil\n|cant|p2b: Murkrow|slp\n|\n|upkeep\n|turn|7\n|\n|t:|1681774252\n|-curestatus|p2a: Flutter Mane|slp|[msg]\n|move|p2a: Flutter Mane|Psyshock|p1b: Arcanine\n|-damage|p1b: Arcanine|7\/100\n|move|p1b: Arcanine|Flare Blitz|p2a: Flutter Mane\n|-damage|p2a: Flutter Mane|0 fnt\n|faint|p2a: Flutter Mane\n|-end|p2a: Flutter Mane|Protosynthesis|[silent]\n|-damage|p1b: Arcanine|0 fnt|[from] Recoil\n|faint|p1b: Arcanine\n|cant|p2b: Murkrow|slp\n|move|p1a: Ting-Lu|Stone Edge|p2b: Murkrow\n|-supereffective|p2b: Murkrow\n|-damage|p2b: Murkrow|18\/100 slp\n|\n|upkeep\n|\n|t:|1681774271\n|switch|p2a: Brute Bonnet|Brute Bonnet, L50|29\/100\n|switch|p1b: Palafin|Palafin-Hero, L50, F|100\/100\n|-activate|p1b: Palafin|ability: Zero to Hero\n|turn|8\n|\n|t:|1681774281\n|switch|p1a: Amoonguss|Amoonguss, L50, F|39\/100\n|-curestatus|p2b: Murkrow|slp|[msg]\n|move|p2b: Murkrow|Sunny Day|p2b: Murkrow\n|-weather|SunnyDay\n|-activate|p2a: Brute Bonnet|ability: Protosynthesis\n|-start|p2a: Brute Bonnet|protosynthesisatk\n|move|p1b: Palafin|Substitute|p1b: Palafin\n|-start|p1b: Palafin|Substitute\n|-damage|p1b: Palafin|76\/100\n|move|p2a: Brute Bonnet|Bullet Seed|p1b: Palafin\n|-supereffective|p1b: Palafin\n|-end|p1b: Palafin|Substitute\n|-supereffective|p1b: Palafin\n|-damage|p1b: Palafin|43\/100\n|-supereffective|p1b: Palafin\n|-damage|p1b: Palafin|7\/100\n|-supereffective|p1b: Palafin\n|-crit|p1b: Palafin\n|-damage|p1b: Palafin|0 fnt\n|faint|p1b: Palafin\n|-hitcount|p1: Palafin|4\n|\n|-weather|SunnyDay|[upkeep]\n|upkeep\n|\n|t:|1681774301\n|switch|p1b: Ting-Lu|Ting-Lu, L50|36\/100\n|-ability|p1b: Ting-Lu|Vessel of Ruin\n|turn|9\n|\n|t:|1681774322\n|-terastallize|p1b: Ting-Lu|Poison\n|move|p2b: Murkrow|Foul Play|p1a: Amoonguss\n|-damage|p1a: Amoonguss|23\/100\n|move|p2a: Brute Bonnet|Bullet Seed|p1a: Amoonguss\n|-resisted|p1a: Amoonguss\n|-damage|p1a: Amoonguss|20\/100\n|-resisted|p1a: Amoonguss\n|-damage|p1a: Amoonguss|16\/100\n|-resisted|p1a: Amoonguss\n|-damage|p1a: Amoonguss|14\/100\n|-resisted|p1a: Amoonguss\n|-damage|p1a: Amoonguss|10\/100\n|-hitcount|p1a: Amoonguss|4\n|move|p1b: Ting-Lu|Heavy Slam|p2a: Brute Bonnet\n|-damage|p2a: Brute Bonnet|0 fnt\n|faint|p2a: Brute Bonnet\n|-end|p2a: Brute Bonnet|Protosynthesis|[silent]\n|move|p1a: Amoonguss|Pollen Puff|p1b: Ting-Lu\n|-heal|p1b: Ting-Lu|86\/100\n|\n|-weather|SunnyDay|[upkeep]\n|upkeep\n|turn|10\n|inactive|EfficiencyMan has 30 seconds left.\n|\n|t:|1681774348\n|move|p2b: Murkrow|Foul Play|p1a: Amoonguss\n|-damage|p1a: Amoonguss|0 fnt\n|faint|p1a: Amoonguss\n|move|p1b: Ting-Lu|Heavy Slam|p2b: Murkrow\n|-damage|p2b: Murkrow|0 fnt\n|faint|p2b: Murkrow\n|\n|win|EfficiencyMan\n|raw|EfficiencyMan's rating: 1297 → 1329<\/strong> (+32 for winning)\n|raw|Pantsuit's rating: 1390 → 1365<\/strong> (-25 for losing)\n|l|\u2606Pantsuit\n","uploadtime":1681774359,"views":9,"p1id":"efficiencyman","p2id":"pantsuit","formatid":"gen9vgc2023regulationc","rating":1329,"private":0,"password":""}