{"id":"gen9vgc2023regulationc-1851368156","p1":"TheSquigglyFish","p2":"tofuisthrow","format":"[Gen 9] VGC 2023 Regulation C","log":"|j|\u2606TheSquigglyFish\n|j|\u2606tofuisthrow\n|t:|1682439482\n|gametype|doubles\n|player|p1|TheSquigglyFish|blaine|1108\n|player|p2|tofuisthrow|riley|1133\n|teamsize|p1|6\n|teamsize|p2|6\n|gen|9\n|tier|[Gen 9] VGC 2023 Regulation C\n|rated|\n|rule|Species Clause: Limit one of each Pok\u00e9mon\n|rule|Item Clause: Limit one of each item\n|clearpoke\n|poke|p1|Annihilape, L50, M|\n|poke|p1|Maushold-Four, L50|\n|poke|p1|Ting-Lu, L50|\n|poke|p1|Palafin, L50, F|\n|poke|p1|Chien-Pao, L50|\n|poke|p1|Flutter Mane, L50|\n|poke|p2|Dragapult, L50, F|\n|poke|p2|Chi-Yu, L50|\n|poke|p2|Amoonguss, L50, M|\n|poke|p2|Palafin, L50, F|\n|poke|p2|Gholdengo, L50|\n|poke|p2|Great Tusk, L50|\n|teampreview|4\nTheSquigglyFish has agreed to open team sheets.\n|\n|t:|1682439561\n|start\n|switch|p1a: Palafin|Palafin, L50, F|100\/100\n|switch|p1b: Maushold|Maushold-Four, L50|100\/100\n|switch|p2a: Palafin|Palafin, L50, F|100\/100\n|switch|p2b: Dragapult|Dragapult, L50, F|100\/100\n|turn|1\n|\n|t:|1682439601\n|detailschange|p2a: Palafin|Palafin-Hero, L50, F\n|switch|p2a: Amoonguss|Amoonguss, L50, M|100\/100\n|move|p1b: Maushold|Protect|p1b: Maushold\n|-singleturn|p1b: Maushold|Protect\n|move|p1a: Palafin|Protect|p1a: Palafin\n|-singleturn|p1a: Palafin|Protect\n|move|p2b: Dragapult|Draco Meteor|p1b: Maushold\n|-activate|p1b: Maushold|move: Protect\n|\n|upkeep\n|turn|2\n|\n|t:|1682439641\n|detailschange|p1a: Palafin|Palafin-Hero, L50, F\n|switch|p1a: SoAngryItDed|Annihilape, L50, M|100\/100\n|move|p2b: Dragapult|Draco Meteor|p1b: Maushold\n|-damage|p1b: Maushold|0 fnt\n|-unboost|p2b: Dragapult|spa|2\n|faint|p1b: Maushold\n|move|p2a: Amoonguss|Spore|p1a: SoAngryItDed\n|-status|p1a: SoAngryItDed|slp|[from] move: Spore\n|\n|upkeep\n|inactive|Battle timer is ON: inactive players will automatically lose when time's up. (requested by tofuisthrow)\n|\n|t:|1682439652\n|switch|p1b: Chien-Pao|Chien-Pao, L50|100\/100\n|-ability|p1b: Chien-Pao|Sword of Ruin\n|turn|3\n|\n|t:|1682439671\n|switch|p2b: Gholdengo|Gholdengo, L50|100\/100\n|cant|p1a: SoAngryItDed|slp\n|move|p1b: Chien-Pao|Ice Spinner|p2a: Amoonguss\n|-supereffective|p2a: Amoonguss\n|-damage|p2a: Amoonguss|10\/100\n|-enditem|p2a: Amoonguss|Sitrus Berry|[eat]\n|-heal|p2a: Amoonguss|35\/100|[from] item: Sitrus Berry\n|move|p2a: Amoonguss|Spore|p1b: Chien-Pao\n|-status|p1b: Chien-Pao|slp|[from] move: Spore\n|\n|upkeep\n|turn|4\n|\n|t:|1682439695\n|-terastallize|p1a: SoAngryItDed|Fire\n|cant|p1b: Chien-Pao|slp\n|cant|p1a: SoAngryItDed|slp\n|move|p2b: Gholdengo|Shadow Ball|p1a: SoAngryItDed\n|-damage|p1a: SoAngryItDed|51\/100 slp\n|-damage|p2b: Gholdengo|91\/100|[from] item: Life Orb\n|move|p2a: Amoonguss|Pollen Puff|p1a: SoAngryItDed\n|-resisted|p1a: SoAngryItDed\n|-damage|p1a: SoAngryItDed|42\/100 slp\n|-enditem|p1a: SoAngryItDed|Sitrus Berry|[eat]\n|-heal|p1a: SoAngryItDed|67\/100 slp|[from] item: Sitrus Berry\n|\n|upkeep\n|turn|5\n|\n|t:|1682439713\n|-curestatus|p1b: Chien-Pao|slp|[msg]\n|move|p1b: Chien-Pao|Protect|p1b: Chien-Pao\n|-singleturn|p1b: Chien-Pao|Protect\n|-curestatus|p1a: SoAngryItDed|slp|[msg]\n|move|p1a: SoAngryItDed|Protect|p1a: SoAngryItDed\n|-singleturn|p1a: SoAngryItDed|Protect\n|move|p2b: Gholdengo|Protect|p2b: Gholdengo\n|-singleturn|p2b: Gholdengo|Protect\n|move|p2a: Amoonguss|Spore|p1a: SoAngryItDed\n|-activate|p1a: SoAngryItDed|move: Protect\n|\n|upkeep\n|turn|6\n|inactive|tofuisthrow has 30 seconds left.\n|\n|t:|1682439740\n|move|p1b: Chien-Pao|Ice Spinner|p2a: Amoonguss\n|-supereffective|p2a: Amoonguss\n|-damage|p2a: Amoonguss|0 fnt\n|faint|p2a: Amoonguss\n|move|p1a: SoAngryItDed|Rage Fist|p2b: Gholdengo\n|-supereffective|p2b: Gholdengo\n|-crit|p2b: Gholdengo\n|-damage|p2b: Gholdengo|0 fnt\n|faint|p2b: Gholdengo\n|\n|upkeep\n|\n|t:|1682439746\n|switch|p2b: Dragapult|Dragapult, L50, F|100\/100\n|switch|p2a: Palafin|Palafin-Hero, L50, F|100\/100\n|-activate|p2a: Palafin|ability: Zero to Hero\n|turn|7\n|inactive|TheSquigglyFish has 30 seconds left.\n|\n|t:|1682439771\n|-terastallize|p2b: Dragapult|Steel\n|move|p1a: SoAngryItDed|Protect|p1a: SoAngryItDed\n|-singleturn|p1a: SoAngryItDed|Protect\n|move|p1b: Chien-Pao|Sucker Punch|p2b: Dragapult\n|-damage|p2b: Dragapult|40\/100\n|move|p2a: Palafin|Jet Punch|p1a: SoAngryItDed\n|-activate|p1a: SoAngryItDed|move: Protect\n|move|p2b: Dragapult|Tera Blast|p1b: Chien-Pao\n|-supereffective|p1b: Chien-Pao\n|-enditem|p1b: Chien-Pao|Focus Sash\n|-damage|p1b: Chien-Pao|1\/100\n|\n|upkeep\n|turn|8\n|inactive|TheSquigglyFish has 30 seconds left.\n|\n|t:|1682439801\n|switch|p1a: Palafin|Palafin-Hero, L50, F|100\/100\n|-activate|p1a: Palafin|ability: Zero to Hero\n|move|p1b: Chien-Pao|Sucker Punch|p2b: Dragapult\n|-damage|p2b: Dragapult|0 fnt\n|faint|p2b: Dragapult\n|move|p2a: Palafin|Jet Punch|p1b: Chien-Pao\n|-damage|p1b: Chien-Pao|0 fnt\n|faint|p1b: Chien-Pao\n|\n|upkeep\n|\n|t:|1682439810\n|switch|p1b: SoAngryItDed|Annihilape, L50, M, tera:Fire|67\/100\n|turn|9\n|\n|t:|1682439831\n|move|p1b: SoAngryItDed|Protect|p1b: SoAngryItDed\n|-singleturn|p1b: SoAngryItDed|Protect\n|move|p2a: Palafin|Jet Punch|p1b: SoAngryItDed\n|-activate|p1b: SoAngryItDed|move: Protect\n|move|p1a: Palafin|Substitute|p1a: Palafin\n|-start|p1a: Palafin|Substitute\n|-damage|p1a: Palafin|76\/100\n|\n|upkeep\n|turn|10\n|-message|tofuisthrow forfeited.\n|\n|win|TheSquigglyFish\n|raw|TheSquigglyFish's rating: 1108 → 1135<\/strong> (+27 for winning)\n|raw|tofuisthrow's rating: 1133 → 1106<\/strong> (-27 for losing)\n|l|\u2606tofuisthrow\n","uploadtime":1682439847,"views":15,"p1id":"thesquigglyfish","p2id":"tofuisthrow","formatid":"gen9vgc2023regulationc","rating":1106,"private":0,"password":""}