{"id":"gen9vgc2023regulationc-1860499641","p1":"Gavoraptor","p2":"WillieDangerously","format":"[Gen 9] VGC 2023 Regulation C","log":"|j|\u2606Gavoraptor\n|j|\u2606WillieDangerously\n|t:|1683649505\n|gametype|doubles\n|player|p1|Gavoraptor|scientist-gen4|1131\n|player|p2|WillieDangerously|psychic-gen4|1160\n|teamsize|p1|6\n|teamsize|p2|6\n|gen|9\n|tier|[Gen 9] VGC 2023 Regulation C\n|rated|\n|rule|Species Clause: Limit one of each Pok\u00e9mon\n|rule|Item Clause: Limit one of each item\n|clearpoke\n|poke|p1|Murkrow, L50, M|\n|poke|p1|Chi-Yu, L50|\n|poke|p1|Flutter Mane, L50|\n|poke|p1|Great Tusk, L50|\n|poke|p1|Corviknight, L50, F|\n|poke|p1|Brute Bonnet, L50|\n|poke|p2|Gholdengo, L50|\n|poke|p2|Wo-Chien, L50|\n|poke|p2|Iron Bundle, L50|\n|poke|p2|Dragapult, L50, M|\n|poke|p2|Hippowdon, L50, M|\n|poke|p2|Glimmora, L50, F|\n|teampreview|4\n|\n|t:|1683649537\n|start\n|switch|p1a: Murkrow|Murkrow, L50, M, shiny|100\/100\n|switch|p1b: Corviknight|Corviknight, L50, F|100\/100\n|switch|p2a: Hippowdon|Hippowdon, L50, M|100\/100\n|switch|p2b: Glimmora|Glimmora, L50, F|100\/100\n|-weather|Sandstorm|[from] ability: Sand Stream|[of] p2a: Hippowdon\n|turn|1\n|\n|t:|1683649569\n|switch|p2b: Gholdengo|Gholdengo, L50|100\/100\n|move|p1a: Murkrow|Tailwind|p1a: Murkrow\n|-sidestart|p1: Gavoraptor|move: Tailwind\n|move|p1b: Corviknight|Iron Head|p2b: Gholdengo\n|-resisted|p2b: Gholdengo\n|-damage|p2b: Gholdengo|75\/100\n|move|p2a: Hippowdon|Yawn|p1b: Corviknight\n|-start|p1b: Corviknight|move: Yawn|[of] p2a: Hippowdon\n|\n|-weather|Sandstorm|[upkeep]\n|-damage|p1a: Murkrow|95\/100|[from] Sandstorm\n|upkeep\n|turn|2\n|\n|t:|1683649598\n|switch|p1b: Flutter Mane|Flutter Mane, L50|100\/100\n|move|p1a: Murkrow|Sunny Day|p1a: Murkrow\n|-weather|SunnyDay\n|-activate|p1b: Flutter Mane|ability: Protosynthesis\n|-start|p1b: Flutter Mane|protosynthesisspa\n|move|p2b: Gholdengo|Nasty Plot|p2b: Gholdengo\n|-boost|p2b: Gholdengo|spa|2\n|move|p2a: Hippowdon|Stealth Rock|p1a: Murkrow\n|-sidestart|p1: Gavoraptor|move: Stealth Rock\n|\n|-weather|SunnyDay|[upkeep]\n|upkeep\n|turn|3\n|\n|t:|1683649623\n|move|p2b: Gholdengo|Protect|p2b: Gholdengo\n|-singleturn|p2b: Gholdengo|Protect\n|move|p1a: Murkrow|Haze|p1a: Murkrow\n|-clearallboost\n|move|p1b: Flutter Mane|Shadow Ball|p2b: Gholdengo\n|-activate|p2b: Gholdengo|move: Protect\n|move|p2a: Hippowdon|Yawn|p1b: Flutter Mane\n|-start|p1b: Flutter Mane|move: Yawn|[of] p2a: Hippowdon\n|\n|-weather|SunnyDay|[upkeep]\n|upkeep\n|turn|4\n|\n|t:|1683649646\n|switch|p2b: Glimmora|Glimmora, L50, F|100\/100\n|move|p1b: Flutter Mane|Shadow Ball|p2b: Glimmora\n|-damage|p2b: Glimmora|45\/100\n|move|p1a: Murkrow|Foul Play|p2a: Hippowdon\n|-damage|p2a: Hippowdon|75\/100\n|move|p2a: Hippowdon|Sand Tomb|p1b: Flutter Mane\n|-damage|p1b: Flutter Mane|78\/100\n|-activate|p1b: Flutter Mane|move: Sand Tomb|[of] p2a: Hippowdon\n|\n|-weather|SunnyDay|[upkeep]\n|-damage|p1b: Flutter Mane|66\/100|[from] move: Sand Tomb|[partiallytrapped]\n|-end|p1b: Flutter Mane|move: Yawn|[silent]\n|-status|p1b: Flutter Mane|slp\n|-sideend|p1: Gavoraptor|move: Tailwind\n|upkeep\n|turn|5\n|\n|t:|1683649692\n|-end|p1b: Flutter Mane|Protosynthesis|[silent]\n|switch|p1b: Corviknight|Corviknight, L50, F|100\/100\n|-damage|p1b: Corviknight|88\/100|[from] Stealth Rock\n|move|p1a: Murkrow|Tailwind|p1a: Murkrow\n|-sidestart|p1: Gavoraptor|move: Tailwind\n|move|p2b: Glimmora|Power Gem|p1a: Murkrow\n|-supereffective|p1a: Murkrow\n|-damage|p1a: Murkrow|18\/100\n|move|p2a: Hippowdon|Yawn|p1a: Murkrow\n|-start|p1a: Murkrow|move: Yawn|[of] p2a: Hippowdon\n|\n|-weather|SunnyDay|[upkeep]\n|upkeep\n|turn|6\n|\n|t:|1683649719\n|switch|p2b: Gholdengo|Gholdengo, L50|75\/100\n|move|p1a: Murkrow|Sunny Day||[still]\n|-fail|p1a: Murkrow\n|move|p1b: Corviknight|Iron Head|p2b: Gholdengo\n|-resisted|p2b: Gholdengo\n|-damage|p2b: Gholdengo|49\/100\n|-enditem|p2b: Gholdengo|Sitrus Berry|[eat]\n|-heal|p2b: Gholdengo|73\/100|[from] item: Sitrus Berry\n|move|p2a: Hippowdon|Yawn|p1b: Corviknight\n|-start|p1b: Corviknight|move: Yawn|[of] p2a: Hippowdon\n|\n|-weather|none\n|-end|p1a: Murkrow|move: Yawn|[silent]\n|-status|p1a: Murkrow|slp\n|upkeep\n|turn|7\n|-message|Gavoraptor forfeited.\n|\n|win|WillieDangerously\n|raw|Gavoraptor's rating: 1131 → 1108<\/strong> (-23 for losing)\n|raw|WillieDangerously's rating: 1160 → 1183<\/strong> (+23 for winning)\n|l|\u2606Gavoraptor\n","uploadtime":1683649740,"views":11,"p1id":"gavoraptor","p2id":"williedangerously","formatid":"gen9vgc2023regulationc","rating":1108,"private":0,"password":""}