{"id":"gen9vgc2023regulationc-1846359094","p1":"Mess in Distress","p2":"mindungi","format":"[Gen 9] VGC 2023 Regulation C","log":"|j|\u2606Mess in Distress\n|j|\u2606mindungi\n|t:|1681834506\n|gametype|doubles\n|player|p1|Mess in Distress|iono|1521\n|player|p2|mindungi|170|1449\n|teamsize|p1|6\n|teamsize|p2|6\n|gen|9\n|tier|[Gen 9] VGC 2023 Regulation C\n|rated|\n|rule|Species Clause: Limit one of each Pok\u00e9mon\n|rule|Item Clause: Limit one of each item\n|clearpoke\n|poke|p1|Flutter Mane, L50|\n|poke|p1|Ting-Lu, L50|\n|poke|p1|Ceruledge, L50, F|\n|poke|p1|Gyarados, L50, M|\n|poke|p1|Amoonguss, L50, F|\n|poke|p1|Iron Hands, L50|\n|poke|p2|Wo-Chien, L50|\n|poke|p2|Glimmora, L50, M|\n|poke|p2|Ting-Lu, L50|\n|poke|p2|Flutter Mane, L50|\n|poke|p2|Arcanine, L50, F|\n|poke|p2|Palafin, L50, F|\n|teampreview|4\n|\n|t:|1681834546\n|start\n|switch|p1a: Ceruledge|Ceruledge, L50, F|100\/100\n|switch|p1b: Amoonguss|Amoonguss, L50, F|100\/100\n|switch|p2a: Ting-Lu|Ting-Lu, L50|100\/100\n|switch|p2b: Arcanine|Arcanine, L50, F|100\/100\n|-ability|p2b: Arcanine|Intimidate|boost\n|-fail|p1a: Ceruledge|unboost|[from] item: Clear Amulet|[of] p1a: Ceruledge\n|-unboost|p1b: Amoonguss|atk|1\n|-ability|p2a: Ting-Lu|Vessel of Ruin\n|turn|1\n|\n|t:|1681834558\n|-terastallize|p1a: Ceruledge|Grass\n|move|p1b: Amoonguss|Protect|p1b: Amoonguss\n|-singleturn|p1b: Amoonguss|Protect\n|move|p2b: Arcanine|Flare Blitz|p1b: Amoonguss\n|-activate|p1b: Amoonguss|move: Protect\n|move|p1a: Ceruledge|Bulk Up|p1a: Ceruledge\n|-boost|p1a: Ceruledge|atk|1\n|-boost|p1a: Ceruledge|def|1\n|move|p2a: Ting-Lu|Stealth Rock|p1a: Ceruledge\n|-sidestart|p1: Mess in Distress|move: Stealth Rock\n|\n|upkeep\n|turn|2\n|\n|t:|1681834578\n|switch|p1b: Gyarados|Gyarados, L50, M|100\/100\n|-damage|p1b: Gyarados|76\/100|[from] Stealth Rock\n|-ability|p1b: Gyarados|Intimidate|boost\n|-unboost|p2a: Ting-Lu|atk|1\n|-unboost|p2b: Arcanine|atk|1\n|move|p2b: Arcanine|Flare Blitz|p1b: Gyarados\n|-resisted|p1b: Gyarados\n|-damage|p1b: Gyarados|61\/100\n|-damage|p2b: Arcanine|95\/100|[from] Recoil\n|move|p1a: Ceruledge|Bulk Up|p1a: Ceruledge\n|-boost|p1a: Ceruledge|atk|1\n|-boost|p1a: Ceruledge|def|1\n|move|p2a: Ting-Lu|Whirlwind|p1a: Ceruledge\n|drag|p1a: Iron Hands|Iron Hands, L50, shiny|100\/100\n|-damage|p1a: Iron Hands|95\/100|[from] Stealth Rock\n|\n|upkeep\n|turn|3\n|c|\u2606Mess in Distress|wtf\n|c|\u2606mindungi|we are in singles now\n|\n|t:|1681834616\n|switch|p2b: Glimmora|Glimmora, L50, M|100\/100\n|-item|p2b: Glimmora|Air Balloon\n|switch|p2a: Wo-Chien|Wo-Chien, L50|100\/100\n|-ability|p2a: Wo-Chien|Tablets of Ruin\n|move|p1b: Gyarados|Waterfall|p2b: Glimmora\n|-supereffective|p2b: Glimmora\n|-damage|p2b: Glimmora|49\/100\n|-activate|p2b: Glimmora|ability: Toxic Debris\n|-sidestart|p1: Mess in Distress|move: Toxic Spikes\n|-enditem|p2b: Glimmora|Air Balloon\n|move|p1a: Iron Hands|Drain Punch|p2a: Wo-Chien\n|-supereffective|p2a: Wo-Chien\n|-damage|p2a: Wo-Chien|35\/100\n|-heal|p1a: Iron Hands|100\/100|[from] drain|[of] p2a: Wo-Chien\n|\n|-heal|p2a: Wo-Chien|40\/100|[from] item: Leftovers\n|upkeep\n|turn|4\n|\n|t:|1681834634\n|switch|p2a: Arcanine|Arcanine, L50, F|95\/100\n|-ability|p2a: Arcanine|Intimidate|boost\n|-unboost|p1a: Iron Hands|atk|1\n|-unboost|p1b: Gyarados|atk|1\n|move|p2b: Glimmora|Mortal Spin|p1a: Iron Hands|[spread] p1a,p1b\n|-damage|p1a: Iron Hands|98\/100\n|-damage|p1b: Gyarados|56\/100\n|-status|p1a: Iron Hands|psn\n|-status|p1b: Gyarados|psn\n|move|p1b: Gyarados|Waterfall|p2b: Glimmora\n|-supereffective|p2b: Glimmora\n|-damage|p2b: Glimmora|4\/100\n|-activate|p2b: Glimmora|ability: Toxic Debris\n|-sidestart|p1: Mess in Distress|move: Toxic Spikes\n|move|p1a: Iron Hands|Drain Punch|p2a: Arcanine\n|-damage|p2a: Arcanine|64\/100\n|-heal|p1a: Iron Hands|100\/100 psn|[from] drain|[of] p2a: Arcanine\n|\n|-damage|p1b: Gyarados|44\/100 psn|[from] psn\n|-damage|p1a: Iron Hands|88\/100 psn|[from] psn\n|upkeep\n|turn|5\n|\n|t:|1681834677\n|switch|p2b: Wo-Chien|Wo-Chien, L50|40\/100\n|-ability|p2b: Wo-Chien|Tablets of Ruin\n|move|p2a: Arcanine|Morning Sun|p2a: Arcanine\n|-heal|p2a: Arcanine|100\/100\n|move|p1b: Gyarados|Thunder Wave|p2a: Arcanine\n|-status|p2a: Arcanine|par\n|move|p1a: Iron Hands|Drain Punch|p2b: Wo-Chien\n|-supereffective|p2b: Wo-Chien\n|-damage|p2b: Wo-Chien|0 fnt\n|-heal|p1a: Iron Hands|100\/100 psn|[from] drain|[of] p2b: Wo-Chien\n|faint|p2b: Wo-Chien\n|\n|-damage|p1b: Gyarados|32\/100 psn|[from] psn\n|-damage|p1a: Iron Hands|88\/100 psn|[from] psn\n|upkeep\n|\n|t:|1681834682\n|switch|p2b: Ting-Lu|Ting-Lu, L50|100\/100\n|-ability|p2b: Ting-Lu|Vessel of Ruin\n|turn|6\n|\n|t:|1681834701\n|-end|p1a: Iron Hands|Quark Drive|[silent]\n|switch|p1a: Amoonguss|Amoonguss, L50, F|100\/100\n|-damage|p1a: Amoonguss|88\/100|[from] Stealth Rock\n|-sideend|p1: Mess in Distress|move: Toxic Spikes|[of] p1a: Amoonguss\n|move|p1b: Gyarados|Taunt|p2b: Ting-Lu\n|-start|p2b: Ting-Lu|move: Taunt\n|cant|p2a: Arcanine|par\n|move|p2b: Ting-Lu|Stomping Tantrum|p1a: Amoonguss\n|-damage|p1a: Amoonguss|64\/100\n|-damage|p2b: Ting-Lu|84\/100|[from] item: Rocky Helmet|[of] p1a: Amoonguss\n|\n|-damage|p1b: Gyarados|19\/100 psn|[from] psn\n|upkeep\n|turn|7\n|\n|t:|1681834724\n|switch|p1a: Ceruledge|Ceruledge, L50, F, tera:Grass|100\/100\n|-damage|p1a: Ceruledge|88\/100|[from] Stealth Rock\n|move|p1b: Gyarados|Waterfall|p2b: Ting-Lu\n|-supereffective|p2b: Ting-Lu\n|-damage|p2b: Ting-Lu|57\/100\n|move|p2a: Arcanine|Flare Blitz|p1a: Ceruledge\n|-start|p1a: Ceruledge|ability: Flash Fire\n|move|p2b: Ting-Lu|Ruination|p1b: Gyarados\n|-damage|p1b: Gyarados|10\/100 psn\n|\n|-damage|p1b: Gyarados|0 fnt|[from] psn\n|faint|p1b: Gyarados\n|upkeep\n|\n|t:|1681834741\n|switch|p1b: Iron Hands|Iron Hands, L50, shiny|88\/100 psn\n|-damage|p1b: Iron Hands|83\/100 psn|[from] Stealth Rock\n|turn|8\n|\n|t:|1681834760\n|-terastallize|p2b: Ting-Lu|Poison\n|move|p1b: Iron Hands|Fake Out|p2b: Ting-Lu\n|-damage|p2b: Ting-Lu|46\/100\n|move|p1a: Ceruledge|Bulk Up|p1a: Ceruledge\n|-boost|p1a: Ceruledge|atk|1\n|-boost|p1a: Ceruledge|def|1\n|move|p2a: Arcanine|Flare Blitz|p1b: Iron Hands\n|-damage|p1b: Iron Hands|53\/100 psn\n|-damage|p2a: Arcanine|89\/100 par|[from] Recoil\n|cant|p2b: Ting-Lu|flinch\n|\n|-damage|p1b: Iron Hands|41\/100 psn|[from] psn\n|-end|p2b: Ting-Lu|move: Taunt\n|upkeep\n|turn|9\n|\n|t:|1681834776\n|move|p1a: Ceruledge|Bitter Blade|p2b: Ting-Lu\n|-damage|p2b: Ting-Lu|0 fnt\n|-heal|p1a: Ceruledge|100\/100|[from] drain|[of] p2b: Ting-Lu\n|faint|p2b: Ting-Lu\n|move|p2a: Arcanine|Flare Blitz|p1b: Iron Hands\n|-damage|p1b: Iron Hands|12\/100 psn\n|-damage|p2a: Arcanine|77\/100 par|[from] Recoil\n|move|p1b: Iron Hands|Drain Punch|p2a: Arcanine\n|-damage|p2a: Arcanine|27\/100 par\n|-heal|p1b: Iron Hands|33\/100 psn|[from] drain|[of] p2a: Arcanine\n|\n|-damage|p1b: Iron Hands|21\/100 psn|[from] psn\n|upkeep\n|\n|t:|1681834778\n|switch|p2b: Glimmora|Glimmora, L50, M|4\/100\n|turn|10\n|\n|t:|1681834784\n|move|p1a: Ceruledge|Shadow Sneak|p2b: Glimmora\n|-damage|p2b: Glimmora|0 fnt\n|-activate|p2b: Glimmora|ability: Toxic Debris\n|-sidestart|p1: Mess in Distress|move: Toxic Spikes\n|faint|p2b: Glimmora\n|move|p2a: Arcanine|Morning Sun|p2a: Arcanine\n|-heal|p2a: Arcanine|77\/100 par\n|move|p1b: Iron Hands|Drain Punch|p2a: Arcanine\n|-damage|p2a: Arcanine|29\/100 par\n|-heal|p1b: Iron Hands|40\/100 psn|[from] drain|[of] p2a: Arcanine\n|\n|-damage|p1b: Iron Hands|28\/100 psn|[from] psn\n|upkeep\n|turn|11\n|-message|mindungi forfeited.\n|\n|win|Mess in Distress\n|raw|Mess in Distress's rating: 1521 → 1537<\/strong> (+16 for winning)\n|raw|mindungi's rating: 1449 → 1433<\/strong> (-16 for losing)\n|c|\u2606Mess in Distress|XD\n","uploadtime":1681834797,"views":22,"p1id":"messindistress","p2id":"mindungi","formatid":"gen9vgc2023regulationc","rating":1433,"private":0,"password":""}