{"id":"gen9vgc2023regulationc-1857925418","p1":"that_qtpi","p2":"WeirdPolyCouple","format":"[Gen 9] VGC 2023 Regulation C","log":"|j|\u2606that_qtpi\n|j|\u2606WeirdPolyCouple\n|t:|1683248098\n|gametype|doubles\n|player|p1|that_qtpi|caitlin|1145\n|player|p2|WeirdPolyCouple|doubleteam|1148\n|teamsize|p1|6\n|teamsize|p2|6\n|gen|9\n|tier|[Gen 9] VGC 2023 Regulation C\n|rated|\n|rule|Species Clause: Limit one of each Pok\u00e9mon\n|rule|Item Clause: Limit one of each item\n|clearpoke\n|poke|p1|Annihilape, L50, F|\n|poke|p1|Maushold-Four, L50|\n|poke|p1|Ting-Lu, L50|\n|poke|p1|Gyarados, L50, F|\n|poke|p1|Amoonguss, L50, F|\n|poke|p1|Flutter Mane, L50|\n|poke|p2|Scream Tail, L50|\n|poke|p2|Ting-Lu, L50|\n|poke|p2|Palafin, L50, M|\n|poke|p2|Dragonite, L50, M|\n|poke|p2|Arcanine, L50, F|\n|poke|p2|Annihilape, L50, F|\n|teampreview|4\nWeirdPolyCouple has agreed to open team sheets.\nthat_qtpi has agreed to open team sheets.\n|\n|t:|1683248147\n|start\n|switch|p1a: Orphanmaker|Annihilape, L50, F|100\/100\n|switch|p1b: Childhaver|Maushold-Four, L50|100\/100\n|switch|p2a: Doom|Scream Tail, L50|100\/100\n|switch|p2b: Dump|Annihilape, L50, F|100\/100\n|-enditem|p2a: Doom|Booster Energy\n|-activate|p2a: Doom|ability: Protosynthesis|[fromitem]\n|-start|p2a: Doom|protosynthesisspe\n|turn|1\n|\n|t:|1683248190\n|move|p1b: Childhaver|Follow Me|p1b: Childhaver\n|-singleturn|p1b: Childhaver|move: Follow Me\n|move|p2a: Doom|Howl|p2a: Doom|[spread] p2a,p2b\n|-boost|p2a: Doom|atk|1\n|-boost|p2b: Dump|atk|1\n|move|p2b: Dump|Rage Fist|p1b: Childhaver\n|-immune|p1b: Childhaver\n|move|p1a: Orphanmaker|Bulk Up|p1a: Orphanmaker\n|-boost|p1a: Orphanmaker|atk|1\n|-boost|p1a: Orphanmaker|def|1\n|\n|upkeep\n|turn|2\n|\n|t:|1683248228\n|-terastallize|p1b: Childhaver|Ghost\n|move|p2a: Doom|Encore|p1a: Orphanmaker\n|-start|p1a: Orphanmaker|Encore\n|move|p2b: Dump|Rage Fist|p1a: Orphanmaker\n|-supereffective|p1a: Orphanmaker\n|-damage|p1a: Orphanmaker|69\/100\n|move|p1b: Childhaver|Beat Up|p1a: Orphanmaker\n|-crit|p1a: Orphanmaker\n|-damage|p1a: Orphanmaker|66\/100\n|-damage|p1a: Orphanmaker|65\/100\n|-damage|p1a: Orphanmaker|64\/100\n|-damage|p1a: Orphanmaker|63\/100\n|-hitcount|p1a: Orphanmaker|4\n|move|p1a: Orphanmaker|Bulk Up|p1a: Orphanmaker\n|-boost|p1a: Orphanmaker|atk|1\n|-boost|p1a: Orphanmaker|def|1\n|\n|-heal|p1a: Orphanmaker|69\/100|[from] item: Leftovers\n|upkeep\n|turn|3\n|\n|t:|1683248250\n|move|p1b: Childhaver|Follow Me|p1b: Childhaver\n|-singleturn|p1b: Childhaver|move: Follow Me\n|move|p2a: Doom|Howl|p2a: Doom|[spread] p2a,p2b\n|-boost|p2a: Doom|atk|1\n|-boost|p2b: Dump|atk|1\n|move|p2b: Dump|Rage Fist|p1b: Childhaver\n|-supereffective|p1b: Childhaver\n|-damage|p1b: Childhaver|0 fnt\n|faint|p1b: Childhaver\n|move|p1a: Orphanmaker|Bulk Up|p1a: Orphanmaker\n|-boost|p1a: Orphanmaker|atk|1\n|-boost|p1a: Orphanmaker|def|1\n|\n|-heal|p1a: Orphanmaker|75\/100|[from] item: Leftovers\n|upkeep\n|\n|t:|1683248263\n|switch|p1b: Amoonguss|Amoonguss, L50, F|100\/100\n|turn|4\n|\n|t:|1683248281\n|move|p2a: Doom|Howl|p2a: Doom|[spread] p2a,p2b\n|-boost|p2a: Doom|atk|1\n|-boost|p2b: Dump|atk|1\n|move|p2b: Dump|Rage Fist|p1a: Orphanmaker\n|-supereffective|p1a: Orphanmaker\n|-damage|p1a: Orphanmaker|30\/100\n|move|p1a: Orphanmaker|Bulk Up|p1a: Orphanmaker\n|-boost|p1a: Orphanmaker|atk|1\n|-boost|p1a: Orphanmaker|def|1\n|move|p1b: Amoonguss|Spore|p2b: Dump\n|-status|p2b: Dump|slp|[from] move: Spore\n|\n|-heal|p1a: Orphanmaker|36\/100|[from] item: Leftovers\n|-end|p1a: Orphanmaker|Encore\n|upkeep\n|turn|5\n|\n|t:|1683248309\n|move|p1b: Amoonguss|Rage Powder|p1b: Amoonguss\n|-singleturn|p1b: Amoonguss|move: Rage Powder\n|move|p2a: Doom|Thunder Wave|p1b: Amoonguss\n|-status|p1b: Amoonguss|par\n|cant|p2b: Dump|slp\n|move|p1a: Orphanmaker|Rage Fist|p2a: Doom\n|-supereffective|p2a: Doom\n|-damage|p2a: Doom|0 fnt\n|faint|p2a: Doom\n|-end|p2a: Doom|Protosynthesis|[silent]\n|\n|-heal|p1a: Orphanmaker|42\/100|[from] item: Leftovers\n|upkeep\n|\n|t:|1683248322\n|switch|p2a: Dragonite|Dragonite, L50, M|100\/100\n|turn|6\n|\n|t:|1683248332\n|-terastallize|p2a: Dragonite|Flying\n|cant|p1b: Amoonguss|par\n|-curestatus|p2b: Dump|slp|[msg]\n|move|p2b: Dump|Rage Fist|p1a: Orphanmaker\n|-supereffective|p1a: Orphanmaker\n|-damage|p1a: Orphanmaker|2\/100\n|move|p1a: Orphanmaker|Rage Fist|p2b: Dump\n|-supereffective|p2b: Dump\n|-damage|p2b: Dump|0 fnt\n|faint|p2b: Dump\n|move|p2a: Dragonite|Tera Blast|p1b: Amoonguss\n|-supereffective|p1b: Amoonguss\n|-damage|p1b: Amoonguss|21\/100 par\n|\n|-heal|p1a: Orphanmaker|8\/100|[from] item: Leftovers\n|-heal|p1b: Amoonguss|27\/100 par|[from] item: Black Sludge\n|upkeep\n|\n|t:|1683248347\n|switch|p2b: Decimation|Ting-Lu, L50|100\/100\n|-ability|p2b: Decimation|Vessel of Ruin\n|turn|7\n|\n|t:|1683248372\n|move|p2b: Decimation|Protect|p2b: Decimation\n|-singleturn|p2b: Decimation|Protect\n|move|p1b: Amoonguss|Rage Powder|p1b: Amoonguss\n|-singleturn|p1b: Amoonguss|move: Rage Powder\n|move|p1a: Orphanmaker|Drain Punch|p2b: Decimation\n|-activate|p2b: Decimation|move: Protect\n|move|p2a: Dragonite|Tera Blast|p1b: Amoonguss\n|-supereffective|p1b: Amoonguss\n|-damage|p1b: Amoonguss|0 fnt\n|faint|p1b: Amoonguss\n|\n|-heal|p1a: Orphanmaker|14\/100|[from] item: Leftovers\n|upkeep\n|c|\u2606that_qtpi|lmao regretting the encore rn\n|\n|t:|1683248384\n|switch|p1b: Flutter Mane|Flutter Mane, L50, shiny|100\/100\n|-enditem|p1b: Flutter Mane|Booster Energy\n|-activate|p1b: Flutter Mane|ability: Protosynthesis|[fromitem]\n|-start|p1b: Flutter Mane|protosynthesisspe\n|turn|8\n|\n|t:|1683248400\n|move|p1a: Orphanmaker|Protect|p1a: Orphanmaker\n|-singleturn|p1a: Orphanmaker|Protect\n|move|p1b: Flutter Mane|Dazzling Gleam|p2a: Dragonite|[spread] p2a,p2b\n|-supereffective|p2b: Decimation\n|-damage|p2a: Dragonite|86\/100\n|-damage|p2b: Decimation|74\/100\n|move|p2a: Dragonite|Tera Blast|p1a: Orphanmaker\n|-activate|p1a: Orphanmaker|move: Protect\n|move|p2b: Decimation|Heavy Slam|p1b: Flutter Mane\n|-supereffective|p1b: Flutter Mane\n|-damage|p1b: Flutter Mane|0 fnt\n|faint|p1b: Flutter Mane\n|-end|p1b: Flutter Mane|Protosynthesis|[silent]\n|\n|-heal|p1a: Orphanmaker|20\/100|[from] item: Leftovers\n|-heal|p2b: Decimation|80\/100|[from] item: Leftovers\n|upkeep\n|turn|9\n|\n|t:|1683248451\n|move|p1a: Orphanmaker|Drain Punch|p2b: Decimation\n|-supereffective|p2b: Decimation\n|-damage|p2b: Decimation|0 fnt\n|-heal|p1a: Orphanmaker|69\/100|[from] drain|[of] p2b: Decimation\n|faint|p2b: Decimation\n|move|p2a: Dragonite|Tera Blast|p1a: Orphanmaker\n|-supereffective|p1a: Orphanmaker\n|-damage|p1a: Orphanmaker|37\/100\n|\n|-heal|p1a: Orphanmaker|43\/100|[from] item: Leftovers\n|upkeep\n|turn|10\n|\n|t:|1683248466\n|move|p1a: Orphanmaker|Rage Fist|p2a: Dragonite\n|-damage|p2a: Dragonite|0 fnt\n|faint|p2a: Dragonite\n|\n|win|that_qtpi\n|raw|that_qtpi's rating: 1145 → 1170<\/strong> (+25 for winning)\n|raw|WeirdPolyCouple's rating: 1148 → 1123<\/strong> (-25 for losing)\n|c|\u2606that_qtpi|gg\n","uploadtime":1683248491,"views":7,"p1id":"thatqtpi","p2id":"weirdpolycouple","formatid":"gen9vgc2023regulationc","rating":1123,"private":0,"password":""}