{"id":"gen9vgc2023regulationc-1846604522","p1":"CasanovaCasts","p2":"Dr_McKey","format":"[Gen 9] VGC 2023 Regulation C","log":"|j|\u2606CasanovaCasts\n|j|\u2606Dr_McKey\n|t:|1681856354\n|gametype|doubles\n|player|p1|CasanovaCasts|2|1091\n|player|p2|Dr_McKey|koga|1060\n|teamsize|p1|6\n|teamsize|p2|6\n|gen|9\n|tier|[Gen 9] VGC 2023 Regulation C\n|rated|\n|rule|Species Clause: Limit one of each Pok\u00e9mon\n|rule|Item Clause: Limit one of each item\n|clearpoke\n|poke|p1|Raichu, L50, M|\n|poke|p1|Tinkaton, L50, F|\n|poke|p1|Gyarados, L50, M|\n|poke|p1|Iron Hands, L50|\n|poke|p1|Iron Moth, L50|\n|poke|p1|Palafin, L50, M|\n|poke|p2|Toxapex, L50, M|\n|poke|p2|Gengar, L50, M|\n|poke|p2|Glimmora, L50, M|\n|poke|p2|Iron Moth, L50|\n|poke|p2|Amoonguss, L50, M|\n|poke|p2|Grafaiai, L50, F|\n|teampreview|4\n|\n|t:|1681856389\n|start\n|switch|p1a: Iron Moth|Iron Moth, L50|100\/100\n|switch|p1b: Raichu|Raichu, L50, M|100\/100\n|switch|p2a: Glimmora|Glimmora, L50, M, shiny|100\/100\n|switch|p2b: Toxapex|Toxapex, L50, M, shiny|100\/100\n|turn|1\n|\n|t:|1681856413\n|move|p1a: Iron Moth|Protect|p1a: Iron Moth\n|-singleturn|p1a: Iron Moth|Protect\n|move|p1b: Raichu|Electric Terrain|p1b: Raichu\n|-fieldstart|move: Electric Terrain\n|-activate|p1a: Iron Moth|ability: Quark Drive\n|-start|p1a: Iron Moth|quarkdrivespa\n|move|p2a: Glimmora|Mortal Spin|p1b: Raichu|[spread] p1b\n|-activate|p1a: Iron Moth|move: Protect\n|-damage|p1b: Raichu|93\/100\n|-status|p1b: Raichu|psn\n|-status|p2a: Glimmora|par|[from] ability: Static|[of] p1b: Raichu\n|move|p2b: Toxapex|Toxic Spikes|p1a: Iron Moth\n|-sidestart|p1: CasanovaCasts|move: Toxic Spikes\n|\n|-damage|p1b: Raichu|81\/100 psn|[from] psn\n|upkeep\n|turn|2\n|\n|t:|1681856444\n|move|p1b: Raichu|Nuzzle|p2b: Toxapex\n|-supereffective|p2b: Toxapex\n|-damage|p2b: Toxapex|88\/100\n|-status|p2b: Toxapex|par\n|move|p1a: Iron Moth|Fiery Dance|p2a: Glimmora\n|-resisted|p2a: Glimmora\n|-damage|p2a: Glimmora|68\/100 par\n|-damage|p1a: Iron Moth|90\/100|[from] item: Life Orb\n|move|p2a: Glimmora|Mortal Spin|p1b: Raichu|[spread] p1a,p1b\n|-resisted|p1a: Iron Moth\n|-damage|p1a: Iron Moth|87\/100\n|-damage|p1b: Raichu|72\/100 psn\n|-status|p1a: Iron Moth|psn\n|move|p2b: Toxapex|Toxic Spikes|p1a: Iron Moth\n|-sidestart|p1: CasanovaCasts|move: Toxic Spikes\n|\n|-heal|p2b: Toxapex|93\/100 par|[from] item: Leftovers\n|-damage|p1b: Raichu|60\/100 psn|[from] psn\n|-damage|p1a: Iron Moth|75\/100 psn|[from] psn\n|upkeep\n|turn|3\n|\n|t:|1681856481\n|move|p1b: Raichu|Nuzzle|p2b: Toxapex\n|-supereffective|p2b: Toxapex\n|-damage|p2b: Toxapex|81\/100 par\n|move|p1a: Iron Moth|Fiery Dance|p2a: Glimmora\n|-resisted|p2a: Glimmora\n|-damage|p2a: Glimmora|36\/100 par\n|-damage|p1a: Iron Moth|65\/100 psn|[from] item: Life Orb\n|move|p2a: Glimmora|Power Gem|p1a: Iron Moth\n|-supereffective|p1a: Iron Moth\n|-damage|p1a: Iron Moth|0 fnt\n|faint|p1a: Iron Moth\n|-end|p1a: Iron Moth|Quark Drive|[silent]\n|move|p2b: Toxapex|Chilling Water|p1b: Raichu\n|-damage|p1b: Raichu|45\/100 psn\n|-unboost|p1b: Raichu|atk|1\n|\n|-heal|p2b: Toxapex|86\/100 par|[from] item: Leftovers\n|-damage|p1b: Raichu|33\/100 psn|[from] psn\n|upkeep\n|\n|t:|1681856497\n|switch|p1a: Iron Hands|Iron Hands, L50|100\/100\n|-status|p1a: Iron Hands|tox\n|-activate|p1a: Iron Hands|ability: Quark Drive\n|-start|p1a: Iron Hands|quarkdriveatk\n|turn|4\n|\n|t:|1681856525\n|switch|p1b: Gyarados|Gyarados, L50, M|100\/100\n|-ability|p1b: Gyarados|Intimidate|boost\n|-unboost|p2a: Glimmora|atk|1\n|-unboost|p2b: Toxapex|atk|1\n|switch|p2b: Grafaiai|Grafaiai, L50, F, shiny|100\/100\n|cant|p2a: Glimmora|par\n|move|p1a: Iron Hands|Drain Punch|p2a: Glimmora\n|-damage|p2a: Glimmora|0 fnt\n|-damage|p1a: Iron Hands|84\/100 tox|[from] item: Rocky Helmet|[of] p2a: Glimmora\n|faint|p2a: Glimmora\n|\n|-damage|p1a: Iron Hands|78\/100 tox|[from] psn\n|upkeep\n|\n|t:|1681856543\n|switch|p2a: Toxapex|Toxapex, L50, M, shiny|100\/100 par\n|turn|5\n|\n|t:|1681856556\n|move|p2b: Grafaiai|Toxic|p1b: Gyarados\n|-status|p1b: Gyarados|tox\n|move|p1b: Gyarados|Dragon Dance|p1b: Gyarados\n|-boost|p1b: Gyarados|atk|1\n|-boost|p1b: Gyarados|spe|1\n|move|p1a: Iron Hands|Drain Punch|p2b: Grafaiai\n|-damage|p2b: Grafaiai|32\/100\n|-heal|p1a: Iron Hands|100\/100 tox|[from] drain|[of] p2b: Grafaiai\n|move|p2a: Toxapex|Haze|p2a: Toxapex\n|-clearallboost\n|\n|-damage|p1b: Gyarados|95\/100 tox|[from] psn\n|-damage|p1a: Iron Hands|88\/100 tox|[from] psn\n|-fieldend|move: Electric Terrain\n|-end|p1a: Iron Hands|Quark Drive\n|upkeep\n|turn|6\n|\n|t:|1681856586\n|move|p2b: Grafaiai|Taunt|p1b: Gyarados\n|-start|p1b: Gyarados|move: Taunt\n|move|p1b: Gyarados|Crunch|p2b: Grafaiai\n|-damage|p2b: Grafaiai|2\/100\n|move|p1a: Iron Hands|Wild Charge|p2a: Toxapex\n|-supereffective|p2a: Toxapex\n|-damage|p2a: Toxapex|20\/100 par\n|-damage|p1a: Iron Hands|76\/100 tox|[from] Recoil\n|move|p2a: Toxapex|Chilling Water|p1a: Iron Hands\n|-damage|p1a: Iron Hands|69\/100 tox\n|-unboost|p1a: Iron Hands|atk|1\n|\n|-heal|p1b: Gyarados|100\/100 tox|[from] item: Leftovers\n|-heal|p2a: Toxapex|26\/100 par|[from] item: Leftovers\n|-damage|p1b: Gyarados|89\/100 tox|[from] psn\n|-damage|p1a: Iron Hands|50\/100 tox|[from] psn\n|upkeep\n|turn|7\n|\n|t:|1681856611\n|move|p2b: Grafaiai|Parting Shot|p1a: Iron Hands\n|-unboost|p1a: Iron Hands|atk|1\n|-unboost|p1a: Iron Hands|spa|1\n|\n|t:|1681856614\n|switch|p2b: Iron Moth|Iron Moth, L50|100\/100|[from] Parting Shot\n|move|p1b: Gyarados|Crunch|p2b: Iron Moth\n|-damage|p2b: Iron Moth|63\/100\n|-unboost|p2b: Iron Moth|def|1\n|move|p1a: Iron Hands|Drain Punch|p2a: Toxapex\n|-resisted|p2a: Toxapex\n|-damage|p2a: Toxapex|18\/100 par\n|-heal|p1a: Iron Hands|52\/100 tox|[from] drain|[of] p2a: Toxapex\n|move|p2a: Toxapex|Recover|p2a: Toxapex\n|-heal|p2a: Toxapex|69\/100 par\n|\n|-heal|p1b: Gyarados|95\/100 tox|[from] item: Leftovers\n|-heal|p2a: Toxapex|74\/100 par|[from] item: Leftovers\n|-damage|p1b: Gyarados|77\/100 tox|[from] psn\n|-damage|p1a: Iron Hands|28\/100 tox|[from] psn\n|upkeep\n|turn|8\n|\n|t:|1681856640\n|-end|p1a: Iron Hands|Quark Drive|[silent]\n|switch|p1a: Raichu|Raichu, L50, M|33\/100 psn\n|move|p2b: Iron Moth|Venoshock|p1a: Raichu\n|-damage|p1a: Raichu|0 fnt\n|faint|p1a: Raichu\n|move|p1b: Gyarados|Waterfall|p2b: Iron Moth\n|-supereffective|p2b: Iron Moth\n|-damage|p2b: Iron Moth|0 fnt\n|faint|p2b: Iron Moth\n|-end|p2b: Iron Moth|Quark Drive|[silent]\n|move|p2a: Toxapex|Chilling Water|p1b: Gyarados\n|-resisted|p1b: Gyarados\n|-damage|p1b: Gyarados|72\/100 tox\n|-unboost|p1b: Gyarados|atk|1\n|\n|-heal|p1b: Gyarados|78\/100 tox|[from] item: Leftovers\n|-heal|p2a: Toxapex|80\/100 par|[from] item: Leftovers\n|-damage|p1b: Gyarados|54\/100 tox|[from] psn\n|-end|p1b: Gyarados|move: Taunt\n|upkeep\n|\n|t:|1681856660\n|switch|p2b: Grafaiai|Grafaiai, L50, F, shiny|2\/100\n|switch|p1a: Iron Hands|Iron Hands, L50|28\/100 tox\n|turn|9\n|\n|t:|1681856680\n|move|p2b: Grafaiai|Foul Play|p1a: Iron Hands\n|-resisted|p1a: Iron Hands\n|-damage|p1a: Iron Hands|15\/100 tox\n|move|p1b: Gyarados|Crunch|p2b: Grafaiai\n|-damage|p2b: Grafaiai|0 fnt\n|faint|p2b: Grafaiai\n|move|p1a: Iron Hands|Wild Charge|p2a: Toxapex\n|-supereffective|p2a: Toxapex\n|-damage|p2a: Toxapex|6\/100 par\n|-damage|p1a: Iron Hands|4\/100 tox|[from] Recoil\n|move|p2a: Toxapex|Chilling Water|p1b: Gyarados\n|-resisted|p1b: Gyarados\n|-damage|p1b: Gyarados|50\/100 tox\n|-unboost|p1b: Gyarados|atk|1\n|\n|-heal|p1b: Gyarados|56\/100 tox|[from] item: Leftovers\n|-heal|p2a: Toxapex|12\/100 par|[from] item: Leftovers\n|-damage|p1b: Gyarados|26\/100 tox|[from] psn\n|-damage|p1a: Iron Hands|0 fnt|[from] psn\n|faint|p1a: Iron Hands\n|-end|p1a: Iron Hands|Quark Drive|[silent]\n|upkeep\n|turn|10\n|\n|t:|1681856700\n|move|p1b: Gyarados|Crunch|p2a: Toxapex\n|-damage|p2a: Toxapex|2\/100 par\n|-unboost|p2a: Toxapex|def|1\n|cant|p2a: Toxapex|par\n|\n|-heal|p1b: Gyarados|32\/100 tox|[from] item: Leftovers\n|-heal|p2a: Toxapex|8\/100 par|[from] item: Leftovers\n|-damage|p1b: Gyarados|0 fnt|[from] psn\n|faint|p1b: Gyarados\n|\n|win|Dr_McKey\n|upkeep\n|raw|CasanovaCasts's rating: 1091 → 1065<\/strong> (-26 for losing)\n|raw|Dr_McKey's rating: 1060 → 1094<\/strong> (+34 for winning)\n|l|\u2606CasanovaCasts\n","uploadtime":1681856721,"views":11,"p1id":"casanovacasts","p2id":"drmckey","formatid":"gen9vgc2023regulationc","rating":1065,"private":0,"password":""}