{"id":"gen9vgc2023regulationc-1847314366","p1":"Nemaizels","p2":"DragonWheal69","format":"[Gen 9] VGC 2023 Regulation C","log":"|j|\u2606Nemaizels\n|j|\u2606DragonWheal69\n|t:|1681937517\n|gametype|doubles\n|player|p1|Nemaizels|2|1084\n|player|p2|DragonWheal69|170|1066\n|teamsize|p1|6\n|teamsize|p2|6\n|gen|9\n|tier|[Gen 9] VGC 2023 Regulation C\n|rated|\n|rule|Species Clause: Limit one of each Pok\u00e9mon\n|rule|Item Clause: Limit one of each item\n|clearpoke\n|poke|p1|Palafin, L50, M|\n|poke|p1|Arcanine, L50, M|\n|poke|p1|Amoonguss, L50, M|\n|poke|p1|Ting-Lu, L50|\n|poke|p1|Baxcalibur, L50, M|\n|poke|p1|Flutter Mane, L50|\n|poke|p2|Maushold-Four, L50|\n|poke|p2|Kingambit, L50, F|\n|poke|p2|Tatsugiri, L50, M|\n|poke|p2|Dondozo, L50, M|\n|poke|p2|Ceruledge, L50, F|\n|poke|p2|Flutter Mane, L50|\n|teampreview|4\n|\n|t:|1681937544\n|start\n|switch|p1a: Amoonguss|Amoonguss, L50, M|100\/100\n|switch|p1b: Palafin|Palafin, L50, M|100\/100\n|switch|p2a: Ceruledge|Ceruledge, L50, F|100\/100\n|switch|p2b: Flutter Mane|Flutter Mane, L50|100\/100\n|turn|1\n|\n|t:|1681937555\n|detailschange|p1b: Palafin|Palafin-Hero, L50, M\n|switch|p1b: Flutter Mane|Flutter Mane, L50|100\/100\n|move|p2b: Flutter Mane|Dazzling Gleam|p1a: Amoonguss|[spread] p1a,p1b\n|-resisted|p1a: Amoonguss\n|-damage|p1a: Amoonguss|79\/100\n|-damage|p1b: Flutter Mane|52\/100\n|move|p2a: Ceruledge|Bitter Blade|p1a: Amoonguss\n|-supereffective|p1a: Amoonguss\n|-damage|p1a: Amoonguss|7\/100\n|-enditem|p1a: Amoonguss|Sitrus Berry|[eat]\n|-heal|p1a: Amoonguss|32\/100|[from] item: Sitrus Berry\n|move|p1a: Amoonguss|Spore|p2b: Flutter Mane\n|-status|p2b: Flutter Mane|slp|[from] move: Spore\n|\n|upkeep\n|turn|2\n|\n|t:|1681937577\n|move|p1a: Amoonguss|Rage Powder|p1a: Amoonguss\n|-singleturn|p1a: Amoonguss|move: Rage Powder\n|cant|p2b: Flutter Mane|slp\n|move|p1b: Flutter Mane|Shadow Ball|p2a: Ceruledge\n|-supereffective|p2a: Ceruledge\n|-damage|p2a: Ceruledge|0 fnt\n|faint|p2a: Ceruledge\n|\n|upkeep\n|inactive|Battle timer is ON: inactive players will automatically lose when time's up. (requested by DragonWheal69)\n|\n|t:|1681937588\n|switch|p2a: Kingambit|Kingambit, L50, F|100\/100\n|turn|3\n|\n|t:|1681937597\n|-end|p1b: Flutter Mane|Protosynthesis|[silent]\n|switch|p1b: Palafin|Palafin-Hero, L50, M|100\/100\n|-activate|p1b: Palafin|ability: Zero to Hero\n|move|p1a: Amoonguss|Rage Powder|p1a: Amoonguss\n|-singleturn|p1a: Amoonguss|move: Rage Powder\n|move|p2a: Kingambit|Sucker Punch||[still]\n|-fail|p2a: Kingambit\n|cant|p2b: Flutter Mane|slp\n|\n|upkeep\n|turn|4\n|\n|t:|1681937614\n|-curestatus|p2b: Flutter Mane|slp|[msg]\n|move|p2b: Flutter Mane|Dazzling Gleam|p1b: Palafin|[spread] p1a,p1b\n|-resisted|p1a: Amoonguss\n|-damage|p1a: Amoonguss|13\/100\n|-damage|p1b: Palafin|55\/100\n|move|p1b: Palafin|Substitute|p1b: Palafin\n|-start|p1b: Palafin|Substitute\n|-damage|p1b: Palafin|30\/100\n|move|p2a: Kingambit|Kowtow Cleave|p1a: Amoonguss\n|-damage|p1a: Amoonguss|0 fnt\n|faint|p1a: Amoonguss\n|-damage|p2a: Kingambit|91\/100|[from] item: Life Orb\n|\n|upkeep\n|\n|t:|1681937627\n|switch|p1a: Flutter Mane|Flutter Mane, L50|52\/100\n|turn|5\n|\n|t:|1681937639\n|move|p2a: Kingambit|Sucker Punch|p1b: Palafin\n|-end|p1b: Palafin|Substitute\n|-damage|p2a: Kingambit|81\/100|[from] item: Life Orb\n|move|p1a: Flutter Mane|Dazzling Gleam|p2a: Kingambit|[spread] p2a,p2b\n|-damage|p2a: Kingambit|36\/100\n|-damage|p2b: Flutter Mane|49\/100\n|move|p2b: Flutter Mane|Dazzling Gleam|p1b: Palafin|[spread] p1a,p1b\n|-damage|p1a: Flutter Mane|3\/100\n|-damage|p1b: Palafin|0 fnt\n|faint|p1b: Palafin\n|\n|upkeep\n|\n|t:|1681937648\n|switch|p1b: Ting-Lu|Ting-Lu, L50|100\/100\n|-ability|p1b: Ting-Lu|Vessel of Ruin\n|turn|6\n|\n|t:|1681937663\n|-terastallize|p1b: Ting-Lu|Poison\n|move|p2a: Kingambit|Protect|p2a: Kingambit\n|-singleturn|p2a: Kingambit|Protect\n|move|p1a: Flutter Mane|Dazzling Gleam|p2a: Kingambit|[spread] p2b\n|-activate|p2a: Kingambit|move: Protect\n|-damage|p2b: Flutter Mane|11\/100\n|move|p2b: Flutter Mane|Dazzling Gleam|p1b: Ting-Lu|[spread] p1a,p1b\n|-resisted|p1b: Ting-Lu\n|-damage|p1a: Flutter Mane|0 fnt\n|-damage|p1b: Ting-Lu|92\/100\n|faint|p1a: Flutter Mane\n|-end|p1a: Flutter Mane|Protosynthesis|[silent]\n|move|p1b: Ting-Lu|Stomping Tantrum|p2a: Kingambit\n|-activate|p2a: Kingambit|move: Protect\n|\n|upkeep\n|turn|7\n|\n|t:|1681937678\n|move|p2a: Kingambit|Sucker Punch|p1b: Ting-Lu\n|-damage|p1b: Ting-Lu|60\/100\n|-damage|p2a: Kingambit|26\/100|[from] item: Life Orb\n|move|p2b: Flutter Mane|Dazzling Gleam|p1b: Ting-Lu\n|-resisted|p1b: Ting-Lu\n|-damage|p1b: Ting-Lu|48\/100\n|move|p1b: Ting-Lu|Stomping Tantrum|p2a: Kingambit\n|-supereffective|p2a: Kingambit\n|-damage|p2a: Kingambit|0 fnt\n|faint|p2a: Kingambit\n|\n|upkeep\n|\n|t:|1681937685\n|switch|p2a: Maushold|Maushold-Four, L50|100\/100\n|turn|8\n|\n|t:|1681937702\n|move|p2b: Flutter Mane|Dazzling Gleam|p1b: Ting-Lu\n|-resisted|p1b: Ting-Lu\n|-damage|p1b: Ting-Lu|36\/100\n|move|p2a: Maushold|Encore|p1b: Ting-Lu\n|-start|p1b: Ting-Lu|Encore\n|move|p1b: Ting-Lu|Stomping Tantrum|p2a: Maushold\n|-damage|p2a: Maushold|49\/100\n|\n|-heal|p2a: Maushold|55\/100|[from] item: Leftovers\n|upkeep\n|turn|9\n|inactive|DragonWheal69 has 30 seconds left.\n|\n|t:|1681937728\n|-terastallize|p2b: Flutter Mane|Fairy\n|move|p2b: Flutter Mane|Dazzling Gleam|p1b: Ting-Lu\n|-resisted|p1b: Ting-Lu\n|-damage|p1b: Ting-Lu|20\/100\n|move|p2a: Maushold|Population Bomb|p1b: Ting-Lu\n|-damage|p1b: Ting-Lu|16\/100\n|-damage|p1b: Ting-Lu|12\/100\n|-damage|p1b: Ting-Lu|9\/100\n|-hitcount|p1b: Ting-Lu|3\n|move|p1b: Ting-Lu|Stomping Tantrum|p2a: Maushold\n|-damage|p2a: Maushold|1\/100\n|\n|-heal|p2a: Maushold|7\/100|[from] item: Leftovers\n|upkeep\n|turn|10\n|\n|t:|1681937744\n|move|p2a: Maushold|Helping Hand|p2b: Flutter Mane\n|-singleturn|p2b: Flutter Mane|Helping Hand|[of] p2a: Maushold\n|move|p2b: Flutter Mane|Dazzling Gleam|p1b: Ting-Lu\n|-resisted|p1b: Ting-Lu\n|-damage|p1b: Ting-Lu|0 fnt\n|faint|p1b: Ting-Lu\n|\n|win|DragonWheal69\n|raw|Nemaizels's rating: 1084 → 1060<\/strong> (-24 for losing)\n|raw|DragonWheal69's rating: 1066 → 1098<\/strong> (+32 for winning)\n|l|\u2606DragonWheal69\n","uploadtime":1681937755,"views":7,"p1id":"nemaizels","p2id":"dragonwheal69","formatid":"gen9vgc2023regulationc","rating":1060,"private":0,"password":""}