{"id":"gen9vgc2023regulationc-1847143385","p1":"PhantomEIR","p2":"Bad Bax Balance","format":"[Gen 9] VGC 2023 Regulation C","log":"|j|\u2606PhantomEIR\n|j|\u2606Bad Bax Balance\n|t:|1681922620\n|gametype|doubles\n|player|p1|PhantomEIR|cheryl|1343\n|player|p2|Bad Bax Balance|emmet|1342\n|teamsize|p1|6\n|teamsize|p2|6\n|gen|9\n|tier|[Gen 9] VGC 2023 Regulation C\n|rated|\n|rule|Species Clause: Limit one of each Pok\u00e9mon\n|rule|Item Clause: Limit one of each item\n|clearpoke\n|poke|p1|Palafin, L50, M|\n|poke|p1|Wo-Chien, L50|\n|poke|p1|Iron Hands, L50|\n|poke|p1|Chi-Yu, L50|\n|poke|p1|Flutter Mane, L50|\n|poke|p1|Ting-Lu, L50|\n|poke|p2|Chi-Yu, L50|\n|poke|p2|Amoonguss, L50, M|\n|poke|p2|Gyarados, L50, F|\n|poke|p2|Iron Hands, L50|\n|poke|p2|Flutter Mane, L50|\n|poke|p2|Rotom-Wash, L50|\n|teampreview|4\nBad Bax Balance has agreed to open team sheets.\n|\n|t:|1681922667\n|start\n|switch|p1a: Palafin|Palafin, L50, M|100\/100\n|switch|p1b: Wo-Chien|Wo-Chien, L50|100\/100\n|switch|p2a: Amoonguss|Amoonguss, L50, M|100\/100\n|switch|p2b: Chi-Yu|Chi-Yu, L50|100\/100\n|-ability|p2b: Chi-Yu|Beads of Ruin\n|-ability|p1b: Wo-Chien|Tablets of Ruin\n|turn|1\n|inactive|Battle timer is ON: inactive players will automatically lose when time's up. (requested by Bad Bax Balance)\n|\n|t:|1681922698\n|move|p2b: Chi-Yu|Protect|p2b: Chi-Yu\n|-singleturn|p2b: Chi-Yu|Protect\n|move|p1a: Palafin|Wave Crash|p2b: Chi-Yu\n|-activate|p2b: Chi-Yu|move: Protect\n|move|p1b: Wo-Chien|Pollen Puff|p2b: Chi-Yu\n|-activate|p2b: Chi-Yu|move: Protect\n|move|p2a: Amoonguss|Spore|p1a: Palafin\n|-status|p1a: Palafin|slp|[from] move: Spore\n|\n|upkeep\n|turn|2\n|\n|t:|1681922708\n|detailschange|p1a: Palafin|Palafin-Hero, L50, M\n|switch|p1a: Iron Hands|Iron Hands, L50|100\/100\n|move|p2a: Amoonguss|Rage Powder|p2a: Amoonguss\n|-singleturn|p2a: Amoonguss|move: Rage Powder\n|move|p2b: Chi-Yu|Nasty Plot|p2b: Chi-Yu\n|-boost|p2b: Chi-Yu|spa|2\n|move|p1b: Wo-Chien|Pollen Puff|p2b: Chi-Yu\n|-damage|p2b: Chi-Yu|81\/100\n|\n|upkeep\n|turn|3\n|\n|t:|1681922728\n|switch|p1b: Flutter Mane|Flutter Mane, L50|100\/100\n|-terastallize|p1a: Iron Hands|Grass\n|move|p2b: Chi-Yu|Protect|p2b: Chi-Yu\n|-singleturn|p2b: Chi-Yu|Protect\n|move|p1a: Iron Hands|Fake Out|p2b: Chi-Yu\n|-activate|p2b: Chi-Yu|move: Protect\n|move|p2a: Amoonguss|Spore|p1a: Iron Hands\n|-immune|p1a: Iron Hands\n|\n|upkeep\n|turn|4\n|\n|t:|1681922742\n|-terastallize|p2b: Chi-Yu|Grass\n|move|p2a: Amoonguss|Rage Powder|p2a: Amoonguss\n|-singleturn|p2a: Amoonguss|move: Rage Powder\n|move|p1b: Flutter Mane|Dazzling Gleam|p2a: Amoonguss|[spread] p2a,p2b\n|-resisted|p2a: Amoonguss\n|-damage|p2a: Amoonguss|73\/100\n|-damage|p2b: Chi-Yu|35\/100\n|-enditem|p2b: Chi-Yu|Sitrus Berry|[eat]\n|-heal|p2b: Chi-Yu|60\/100|[from] item: Sitrus Berry\n|move|p2b: Chi-Yu|Heat Wave|p1b: Flutter Mane|[spread] p1a,p1b\n|-supereffective|p1a: Iron Hands\n|-damage|p1a: Iron Hands|0 fnt\n|-damage|p1b: Flutter Mane|10\/100\n|faint|p1a: Iron Hands\n|-end|p1a: Iron Hands|Quark Drive|[silent]\n|\n|upkeep\n|\n|t:|1681922748\n|switch|p1a: Wo-Chien|Wo-Chien, L50|100\/100\n|-ability|p1a: Wo-Chien|Tablets of Ruin\n|turn|5\n|\n|t:|1681922755\n|move|p1b: Flutter Mane|Dazzling Gleam|p2a: Amoonguss|[spread] p2a,p2b\n|-resisted|p2a: Amoonguss\n|-damage|p2a: Amoonguss|44\/100\n|-damage|p2b: Chi-Yu|18\/100\n|move|p2b: Chi-Yu|Heat Wave|p1b: Flutter Mane|[spread] p1a,p1b\n|-supereffective|p1a: Wo-Chien\n|-damage|p1a: Wo-Chien|0 fnt\n|-damage|p1b: Flutter Mane|0 fnt\n|faint|p1a: Wo-Chien\n|faint|p1b: Flutter Mane\n|-end|p1b: Flutter Mane|Protosynthesis|[silent]\n|move|p2a: Amoonguss|Pollen Puff|p2b: Chi-Yu\n|-heal|p2b: Chi-Yu|68\/100\n|\n|upkeep\n|\n|t:|1681922759\n|switch|p1b: Palafin|Palafin-Hero, L50, M|100\/100 slp\n|-activate|p1b: Palafin|ability: Zero to Hero\n|turn|6\n|-message|PhantomEIR forfeited.\n|\n|win|Bad Bax Balance\n|raw|PhantomEIR's rating: 1343 → 1323<\/strong> (-20 for losing)\n|raw|Bad Bax Balance's rating: 1342 → 1362<\/strong> (+20 for winning)\n|l|\u2606PhantomEIR\n","uploadtime":1681922768,"views":10,"p1id":"phantomeir","p2id":"badbaxbalance","formatid":"gen9vgc2023regulationc","rating":1323,"private":0,"password":""}