{"id":"gen9vgc2023regulationc-1851713372","p1":"cobalt_poke","p2":"CombustibleCow","format":"[Gen 9] VGC 2023 Regulation C","log":"|j|\u2606cobalt_poke\n|j|\u2606CombustibleCow\n|t:|1682473165\n|gametype|doubles\n|player|p1|cobalt_poke|lenora|1556\n|player|p2|CombustibleCow|unknown|1585\n|teamsize|p1|6\n|teamsize|p2|6\n|gen|9\n|tier|[Gen 9] VGC 2023 Regulation C\n|rated|\n|rule|Species Clause: Limit one of each Pok\u00e9mon\n|rule|Item Clause: Limit one of each item\n|clearpoke\n|poke|p1|Chien-Pao, L50|\n|poke|p1|Dragonite, L50, F|\n|poke|p1|Annihilape, L50, M|\n|poke|p1|Maushold-Four, L50|\n|poke|p1|Amoonguss, L50, F|\n|poke|p1|Flutter Mane, L50|\n|poke|p2|Lilligant, L50, F|\n|poke|p2|Torkoal, L50, F|\n|poke|p2|Flutter Mane, L50|\n|poke|p2|Great Tusk, L50|\n|poke|p2|Chien-Pao, L50|\n|poke|p2|Dragonite, L50, F|\n|teampreview|4\n|\n|t:|1682473177\n|start\n|switch|p1a: Dragonite|Dragonite, L50, F|100\/100\n|switch|p1b: Chien-Pao|Chien-Pao, L50|100\/100\n|switch|p2a: Flutter Mane|Flutter Mane, L50|100\/100\n|switch|p2b: Great Tusk|Great Tusk, L50|100\/100\n|-ability|p1b: Chien-Pao|Sword of Ruin\n|turn|1\n|\n|t:|1682473214\n|-terastallize|p1a: Dragonite|Normal\n|move|p1b: Chien-Pao|Protect|p1b: Chien-Pao\n|-singleturn|p1b: Chien-Pao|Protect\n|move|p2b: Great Tusk|Rock Slide|p1a: Dragonite|[spread] p1a\n|-activate|p1b: Chien-Pao|move: Protect\n|-damage|p1a: Dragonite|87\/100\n|move|p2a: Flutter Mane|Dazzling Gleam|p1a: Dragonite|[spread] p1a\n|-activate|p1b: Chien-Pao|move: Protect\n|-damage|p1a: Dragonite|40\/100\n|move|p1a: Dragonite|Earthquake|p2b: Great Tusk|[spread] p2a,p2b\n|-activate|p1b: Chien-Pao|move: Protect\n|-damage|p2a: Flutter Mane|31\/100\n|-damage|p2b: Great Tusk|72\/100\n|\n|upkeep\n|turn|2\n|\n|t:|1682473234\n|move|p1a: Dragonite|Extreme Speed|p2b: Great Tusk\n|-damage|p2b: Great Tusk|27\/100\n|move|p1b: Chien-Pao|Sucker Punch|p2a: Flutter Mane\n|-damage|p2a: Flutter Mane|0 fnt\n|faint|p2a: Flutter Mane\n|-end|p2a: Flutter Mane|Protosynthesis|[silent]\n|move|p2b: Great Tusk|Rock Slide|p1a: Dragonite|[spread] p1a,p1b\n|-supereffective|p1b: Chien-Pao\n|-damage|p1a: Dragonite|16\/100\n|-damage|p1b: Chien-Pao|50\/100\n|\n|upkeep\n|\n|t:|1682473245\n|switch|p2a: Dragonite|Dragonite, L50, F, shiny|100\/100\n|turn|3\n|\n|t:|1682473277\n|-terastallize|p2a: Dragonite|Flying\n|move|p1b: Chien-Pao|Protect|p1b: Chien-Pao\n|-singleturn|p1b: Chien-Pao|Protect\n|move|p2a: Dragonite|Extreme Speed|p1a: Dragonite\n|-damage|p1a: Dragonite|0 fnt\n|faint|p1a: Dragonite\n|move|p2b: Great Tusk|Rock Slide|p1b: Chien-Pao\n|-activate|p1b: Chien-Pao|move: Protect\n|\n|upkeep\n|\n|t:|1682473284\n|switch|p1a: Flutter Mane|Flutter Mane, L50|100\/100\n|-enditem|p1a: Flutter Mane|Booster Energy\n|-activate|p1a: Flutter Mane|ability: Protosynthesis|[fromitem]\n|-start|p1a: Flutter Mane|protosynthesisspe\n|turn|4\n|\n|t:|1682473295\n|switch|p1b: Maushold|Maushold-Four, L50|100\/100\n|move|p2a: Dragonite|Protect|p2a: Dragonite\n|-singleturn|p2a: Dragonite|Protect\n|move|p1a: Flutter Mane|Dazzling Gleam|p2b: Great Tusk|[spread] p2b\n|-activate|p2a: Dragonite|move: Protect\n|-supereffective|p2b: Great Tusk\n|-damage|p2b: Great Tusk|0 fnt\n|faint|p2b: Great Tusk\n|-end|p2b: Great Tusk|Protosynthesis|[silent]\n|\n|upkeep\n|\n|t:|1682473304\n|switch|p2b: Chien-Pao|Chien-Pao, L50|100\/100\n|-ability|p2b: Chien-Pao|Sword of Ruin\n|turn|5\n|\n|t:|1682473315\n|move|p1a: Flutter Mane|Protect|p1a: Flutter Mane\n|-singleturn|p1a: Flutter Mane|Protect\n|move|p2b: Chien-Pao|Sacred Sword|p1b: Maushold\n|-supereffective|p1b: Maushold\n|-damage|p1b: Maushold|3\/100\n|move|p1b: Maushold|Beat Up|p2b: Chien-Pao\n|-resisted|p2b: Chien-Pao\n|-damage|p2b: Chien-Pao|99\/100\n|-resisted|p2b: Chien-Pao\n|-damage|p2b: Chien-Pao|98\/100\n|-resisted|p2b: Chien-Pao\n|-damage|p2b: Chien-Pao|96\/100\n|-hitcount|p2b: Chien-Pao|3\n|move|p2a: Dragonite|Tera Blast|p1a: Flutter Mane\n|-activate|p1a: Flutter Mane|move: Protect\n|\n|upkeep\n|turn|6\n|\n|t:|1682473333\n|move|p1b: Maushold|Follow Me|p1b: Maushold\n|-singleturn|p1b: Maushold|move: Follow Me\n|move|p2a: Dragonite|Extreme Speed|p1b: Maushold\n|-damage|p1b: Maushold|0 fnt\n|faint|p1b: Maushold\n|move|p2b: Chien-Pao|Sucker Punch|p1a: Flutter Mane\n|-damage|p1a: Flutter Mane|7\/100\n|move|p1a: Flutter Mane|Dazzling Gleam|p2b: Chien-Pao|[spread] p2a,p2b\n|-supereffective|p2b: Chien-Pao\n|-damage|p2a: Dragonite|87\/100\n|-damage|p2b: Chien-Pao|0 fnt\n|faint|p2b: Chien-Pao\n|\n|upkeep\n|\n|t:|1682473345\n|switch|p1b: Chien-Pao|Chien-Pao, L50|50\/100\n|-ability|p1b: Chien-Pao|Sword of Ruin\n|turn|7\n|\n|t:|1682473375\n|move|p1a: Flutter Mane|Dazzling Gleam|p2a: Dragonite\n|-damage|p2a: Dragonite|47\/100\n|move|p1b: Chien-Pao|Ice Spinner|p2a: Dragonite\n|-supereffective|p2a: Dragonite\n|-damage|p2a: Dragonite|0 fnt\n|faint|p2a: Dragonite\n|\n|win|cobalt_poke\n|raw|cobalt_poke's rating: 1556 → 1578<\/strong> (+22 for winning)\n|raw|CombustibleCow's rating: 1585 → 1563<\/strong> (-22 for losing)\n|l|\u2606CombustibleCow\n|l|\u2606cobalt_poke\n","uploadtime":1682473437,"views":22,"p1id":"cobaltpoke","p2id":"combustiblecow","formatid":"gen9vgc2023regulationc","rating":1563,"private":0,"password":""}