{"id":"gen9vgc2023regulationc-1855879010","p1":"Nehzzy","p2":"iamdole","format":"[Gen 9] VGC 2023 Regulation C","log":"|j|\u2606Nehzzy\n|j|\u2606iamdole\n|t:|1682995158\n|gametype|doubles\n|player|p1|Nehzzy|steven|1300\n|player|p2|iamdole|266|1234\n|teamsize|p1|6\n|teamsize|p2|6\n|gen|9\n|tier|[Gen 9] VGC 2023 Regulation C\n|rated|\n|rule|Species Clause: Limit one of each Pok\u00e9mon\n|rule|Item Clause: Limit one of each item\n|clearpoke\n|poke|p1|Orthworm, L50, F|\n|poke|p1|Garchomp, L50, F|\n|poke|p1|Talonflame, L50, F|\n|poke|p1|Amoonguss, L50, F|\n|poke|p1|Gholdengo, L50|\n|poke|p1|Gyarados, L50, M|\n|poke|p2|Kingambit, L50, F|\n|poke|p2|Farigiraf, L50, M|\n|poke|p2|Azumarill, L50, M|\n|poke|p2|Great Tusk, L50|\n|poke|p2|Corviknight, L50, M|\n|poke|p2|Tyranitar, L50, F|\n|teampreview|4\nNehzzy has agreed to open team sheets.\n|c|\u2606Nehzzy|accept ots?\n|inactive|Battle timer is ON: inactive players will automatically lose when time's up. (requested by iamdole)\n|inactive|Nehzzy has 60 seconds left.\n|\n|t:|1682995222\n|start\n|switch|p1a: Gholdengo|Gholdengo, L50|100\/100\n|switch|p1b: Talonflame|Talonflame, L50, F, shiny|100\/100\n|switch|p2a: Farigiraf|Farigiraf, L50, M|100\/100\n|switch|p2b: Azumarill|Azumarill, L50, M|100\/100\n|turn|1\n|\n|t:|1682995240\n|move|p1b: Talonflame|Will-O-Wisp|p2b: Azumarill\n|-status|p2b: Azumarill|brn\n|move|p1a: Gholdengo|Make It Rain|p2a: Farigiraf|[spread] p2a,p2b\n|-damage|p2a: Farigiraf|47\/100\n|-damage|p2b: Azumarill|47\/100 brn\n|-unboost|p1a: Gholdengo|spa|1\n|move|p2b: Azumarill|Aqua Tail|p1b: Talonflame\n|-supereffective|p1b: Talonflame\n|-crit|p1b: Talonflame\n|-damage|p1b: Talonflame|0 fnt\n|faint|p1b: Talonflame\n|move|p2a: Farigiraf|Trick Room|p2a: Farigiraf\n|-fieldstart|move: Trick Room|[of] p2a: Farigiraf\n|\n|-damage|p2b: Azumarill|41\/100 brn|[from] brn\n|upkeep\n|\n|t:|1682995253\n|switch|p1b: Amoonguss|Amoonguss, L50, F, shiny|100\/100\n|turn|2\n|\n|t:|1682995272\n|move|p1b: Amoonguss|Rage Powder|p1b: Amoonguss\n|-singleturn|p1b: Amoonguss|move: Rage Powder\n|move|p2b: Azumarill|Aqua Tail|p1b: Amoonguss\n|-resisted|p1b: Amoonguss\n|-damage|p1b: Amoonguss|89\/100\n|move|p2a: Farigiraf|Psychic|p1b: Amoonguss\n|-supereffective|p1b: Amoonguss\n|-damage|p1b: Amoonguss|2\/100\n|-enditem|p1b: Amoonguss|Sitrus Berry|[eat]\n|-heal|p1b: Amoonguss|27\/100|[from] item: Sitrus Berry\n|move|p1a: Gholdengo|Nasty Plot|p1a: Gholdengo\n|-boost|p1a: Gholdengo|spa|2\n|\n|-damage|p2b: Azumarill|35\/100 brn|[from] brn\n|upkeep\n|turn|3\n|\n|t:|1682995292\n|move|p1b: Amoonguss|Rage Powder|p1b: Amoonguss\n|-singleturn|p1b: Amoonguss|move: Rage Powder\n|move|p2b: Azumarill|Aqua Tail|p1b: Amoonguss\n|-resisted|p1b: Amoonguss\n|-damage|p1b: Amoonguss|16\/100\n|move|p2a: Farigiraf|Psychic|p1b: Amoonguss\n|-supereffective|p1b: Amoonguss\n|-damage|p1b: Amoonguss|0 fnt\n|faint|p1b: Amoonguss\n|move|p1a: Gholdengo|Make It Rain|p2a: Farigiraf|[spread] p2a,p2b\n|-damage|p2a: Farigiraf|0 fnt\n|-damage|p2b: Azumarill|0 fnt\n|-unboost|p1a: Gholdengo|spa|1\n|faint|p2a: Farigiraf\n|faint|p2b: Azumarill\n|\n|upkeep\n|\n|t:|1682995314\n|switch|p1b: Garchomp|Garchomp, L50, F, shiny|100\/100\n|switch|p2b: Great Tusk|Great Tusk, L50|100\/100\n|switch|p2a: Corviknight|Corviknight, L50, M|100\/100\n|-enditem|p2b: Great Tusk|Booster Energy\n|-activate|p2b: Great Tusk|ability: Protosynthesis|[fromitem]\n|-start|p2b: Great Tusk|protosynthesisatk\n|turn|4\n|\n|t:|1682995338\n|-terastallize|p2b: Great Tusk|Ice\n|-terastallize|p1a: Gholdengo|Water\n|move|p2a: Corviknight|Iron Head|p1a: Gholdengo\n|-resisted|p1a: Gholdengo\n|-damage|p1a: Gholdengo|88\/100\n|move|p2b: Great Tusk|Ice Spinner|p1b: Garchomp\n|-supereffective|p1b: Garchomp\n|-damage|p1b: Garchomp|0 fnt\n|-damage|p2b: Great Tusk|88\/100|[from] ability: Rough Skin|[of] p1b: Garchomp\n|faint|p1b: Garchomp\n|cant|p1a: Gholdengo|flinch\n|\n|-heal|p1a: Gholdengo|94\/100|[from] item: Leftovers\n|upkeep\n|turn|5\n|\n|t:|1682995358\n|move|p2a: Corviknight|Iron Head|p1a: Gholdengo\n|-resisted|p1a: Gholdengo\n|-damage|p1a: Gholdengo|82\/100\n|move|p2b: Great Tusk|Ice Spinner|p1a: Gholdengo\n|-resisted|p1a: Gholdengo\n|-damage|p1a: Gholdengo|56\/100\n|move|p1a: Gholdengo|Make It Rain|p2b: Great Tusk|[spread] p2a,p2b\n|-resisted|p2a: Corviknight\n|-supereffective|p2b: Great Tusk\n|-damage|p2a: Corviknight|76\/100\n|-damage|p2b: Great Tusk|0 fnt\n|-unboost|p1a: Gholdengo|spa|1\n|faint|p2b: Great Tusk\n|-end|p2b: Great Tusk|Protosynthesis|[silent]\n|\n|-heal|p1a: Gholdengo|62\/100|[from] item: Leftovers\n|-fieldend|move: Trick Room\n|upkeep\n|turn|6\n|\n|t:|1682995378\n|move|p1a: Gholdengo|Protect|p1a: Gholdengo\n|-singleturn|p1a: Gholdengo|Protect\n|move|p2a: Corviknight|Iron Head|p1a: Gholdengo\n|-activate|p1a: Gholdengo|move: Protect\n|\n|-heal|p1a: Gholdengo|68\/100|[from] item: Leftovers\n|upkeep\n|turn|7\n|\n|t:|1682995388\n|move|p1a: Gholdengo|Nasty Plot|p1a: Gholdengo\n|-boost|p1a: Gholdengo|spa|2\n|move|p2a: Corviknight|Iron Head|p1a: Gholdengo\n|-resisted|p1a: Gholdengo\n|-damage|p1a: Gholdengo|56\/100\n|\n|-heal|p1a: Gholdengo|62\/100|[from] item: Leftovers\n|upkeep\n|turn|8\n|c|\u2606Nehzzy|gg\n|\n|t:|1682995403\n|move|p1a: Gholdengo|Protect|p1a: Gholdengo\n|-singleturn|p1a: Gholdengo|Protect\n|move|p2a: Corviknight|U-turn|p1a: Gholdengo\n|-activate|p1a: Gholdengo|move: Protect\n|\n|-heal|p1a: Gholdengo|68\/100|[from] item: Leftovers\n|upkeep\n|turn|9\n|\n|t:|1682995412\n|move|p1a: Gholdengo|Shadow Ball|p2a: Corviknight\n|-damage|p2a: Corviknight|8\/100\n|-enditem|p2a: Corviknight|Aguav Berry|[eat]\n|-heal|p2a: Corviknight|41\/100|[from] item: Aguav Berry\n|move|p2a: Corviknight|U-turn|p1a: Gholdengo\n|-damage|p1a: Gholdengo|54\/100\n|\n|-heal|p1a: Gholdengo|60\/100|[from] item: Leftovers\n|upkeep\n|turn|10\n|\n|t:|1682995423\n|move|p1a: Gholdengo|Shadow Ball|p2a: Corviknight\n|-damage|p2a: Corviknight|0 fnt\n|faint|p2a: Corviknight\n|\n|win|Nehzzy\n|raw|Nehzzy's rating: 1300 → 1320<\/strong> (+20 for winning)\n|raw|iamdole's rating: 1234 → 1214<\/strong> (-20 for losing)\n|l|\u2606iamdole\n","uploadtime":1682995433,"views":14,"p1id":"nehzzy","p2id":"iamdole","formatid":"gen9vgc2023regulationc","rating":1214,"private":0,"password":""}