{"id":"gen9vgc2023regulationc-1853540062","p1":"muddyswamppert","p2":"BottomGamer","format":"[Gen 9] VGC 2023 Regulation C","log":"|j|\u2606muddyswamppert\n|j|\u2606BottomGamer\n|t:|1682694641\n|gametype|doubles\n|player|p1|muddyswamppert|cynthia-gen4|1220\n|player|p2|BottomGamer|li|1133\n|teamsize|p1|6\n|teamsize|p2|6\n|gen|9\n|tier|[Gen 9] VGC 2023 Regulation C\n|rated|\n|rule|Species Clause: Limit one of each Pok\u00e9mon\n|rule|Item Clause: Limit one of each item\n|clearpoke\n|poke|p1|Palafin, L50, M|\n|poke|p1|Chien-Pao, L50|\n|poke|p1|Arcanine, L50, M|\n|poke|p1|Dragonite, L50, F|\n|poke|p1|Gholdengo, L50|\n|poke|p1|Iron Valiant, L50|\n|poke|p2|Ting-Lu, L50|\n|poke|p2|Bronzong, L50|\n|poke|p2|Iron Hands, L50|\n|poke|p2|Abomasnow, L50, F|\n|poke|p2|Flutter Mane, L50|\n|poke|p2|Arcanine, L50, F|\n|teampreview|4\n|inactive|Battle timer is ON: inactive players will automatically lose when time's up. (requested by muddyswamppert)\n|\n|t:|1682694672\n|start\n|switch|p1a: Arcanine|Arcanine, L50, M|100\/100\n|switch|p1b: Chien-Pao|Chien-Pao, L50|100\/100\n|switch|p2a: Bronzong|Bronzong, L50, shiny|100\/100\n|switch|p2b: Flutter Mane|Flutter Mane, L50|100\/100\n|-ability|p1b: Chien-Pao|Sword of Ruin\n|-ability|p1a: Arcanine|Intimidate|boost\n|-unboost|p2a: Bronzong|atk|1\n|-unboost|p2b: Flutter Mane|atk|1\n|turn|1\n|inactive|muddyswamppert has 30 seconds left.\n|inactive|BottomGamer has 30 seconds left.\n|inactive|muddyswamppert has 20 seconds left.\n|inactive|muddyswamppert has 15 seconds left.\n|\n|t:|1682694715\n|move|p2a: Bronzong|Protect|p2a: Bronzong\n|-singleturn|p2a: Bronzong|Protect\n|move|p1b: Chien-Pao|Crunch|p2a: Bronzong\n|-activate|p2a: Bronzong|move: Protect\n|move|p2b: Flutter Mane|Power Gem|p1a: Arcanine\n|-supereffective|p1a: Arcanine\n|-damage|p1a: Arcanine|29\/100\n|-enditem|p1a: Arcanine|Sitrus Berry|[eat]\n|-heal|p1a: Arcanine|54\/100|[from] item: Sitrus Berry\n|move|p1a: Arcanine|Flare Blitz|p2a: Bronzong\n|-activate|p2a: Bronzong|move: Protect\n|\n|upkeep\n|turn|2\n|\n|t:|1682694729\n|-terastallize|p2a: Bronzong|Fire\n|move|p1a: Arcanine|Protect|p1a: Arcanine\n|-singleturn|p1a: Arcanine|Protect\n|move|p1b: Chien-Pao|Crunch|p2a: Bronzong\n|-damage|p2a: Bronzong|62\/100\n|move|p2b: Flutter Mane|Power Gem|p1a: Arcanine\n|-activate|p1a: Arcanine|move: Protect\n|move|p2a: Bronzong|Trick Room|p2a: Bronzong\n|-fieldstart|move: Trick Room|[of] p2a: Bronzong\n|\n|upkeep\n|turn|3\n|\n|t:|1682694751\n|-end|p2b: Flutter Mane|Protosynthesis|[silent]\n|switch|p2b: Ting-Lu|Ting-Lu, L50|100\/100\n|-ability|p2b: Ting-Lu|Vessel of Ruin\n|move|p2a: Bronzong|Safeguard|p2a: Bronzong\n|-sidestart|p2: BottomGamer|Safeguard\n|move|p1a: Arcanine|Flare Blitz|p2b: Ting-Lu\n|-damage|p2b: Ting-Lu|58\/100\n|-damage|p1a: Arcanine|37\/100|[from] Recoil\n|move|p1b: Chien-Pao|Ice Spinner|p2b: Ting-Lu\n|-supereffective|p2b: Ting-Lu\n|-damage|p2b: Ting-Lu|0 fnt\n|faint|p2b: Ting-Lu\n|\n|upkeep\n|\n|t:|1682694762\n|switch|p2b: Abomasnow|Abomasnow, L50, F|100\/100\n|-weather|Snow|[from] ability: Snow Warning|[of] p2b: Abomasnow\n|turn|4\n|\n|t:|1682694777\n|move|p2a: Bronzong|Gyro Ball|p2b: Abomasnow\n|-supereffective|p2b: Abomasnow\n|-damage|p2b: Abomasnow|82\/100\n|-enditem|p2b: Abomasnow|Weakness Policy\n|-boost|p2b: Abomasnow|atk|2|[from] item: Weakness Policy\n|-boost|p2b: Abomasnow|spa|2|[from] item: Weakness Policy\n|move|p2b: Abomasnow|Earthquake|p1b: Chien-Pao|[spread] p1a,p1b\n|-immune|p2a: Bronzong|[from] ability: Levitate\n|-supereffective|p1a: Arcanine\n|-damage|p1a: Arcanine|0 fnt\n|-damage|p1b: Chien-Pao|78\/100\n|faint|p1a: Arcanine\n|move|p1b: Chien-Pao|Sacred Sword|p2b: Abomasnow\n|-supereffective|p2b: Abomasnow\n|-damage|p2b: Abomasnow|21\/100\n|\n|-weather|Snow|[upkeep]\n|upkeep\n|\n|t:|1682694792\n|switch|p1a: Gholdengo|Gholdengo, L50|100\/100\n|turn|5\n|\n|t:|1682694807\n|move|p1a: Gholdengo|Protect|p1a: Gholdengo\n|-singleturn|p1a: Gholdengo|Protect\n|move|p2a: Bronzong|Gyro Ball|p1b: Chien-Pao\n|-supereffective|p1b: Chien-Pao\n|-damage|p1b: Chien-Pao|18\/100\n|move|p2b: Abomasnow|Giga Drain|p1b: Chien-Pao\n|-damage|p1b: Chien-Pao|0 fnt\n|-heal|p2b: Abomasnow|28\/100|[from] drain|[of] p1b: Chien-Pao\n|faint|p1b: Chien-Pao\n|\n|-weather|Snow|[upkeep]\n|upkeep\n|\n|t:|1682694829\n|switch|p1b: Palafin|Palafin, L50, M|100\/100\n|turn|6\n|\n|t:|1682694839\n|-terastallize|p1a: Gholdengo|Water\n|move|p1b: Palafin|Jet Punch|p2a: Bronzong\n|-supereffective|p2a: Bronzong\n|-crit|p2a: Bronzong\n|-damage|p2a: Bronzong|0 fnt\n|faint|p2a: Bronzong\n|move|p2b: Abomasnow|Giga Drain|p1b: Palafin\n|-supereffective|p1b: Palafin\n|-crit|p1b: Palafin\n|-damage|p1b: Palafin|0 fnt\n|-heal|p2b: Abomasnow|73\/100|[from] drain|[of] p1b: Palafin\n|faint|p1b: Palafin\n|move|p1a: Gholdengo|Shadow Ball|p2b: Abomasnow\n|-crit|p2b: Abomasnow\n|-damage|p2b: Abomasnow|0 fnt\n|faint|p2b: Abomasnow\n|-damage|p1a: Gholdengo|91\/100|[from] item: Life Orb\n|\n|-weather|Snow|[upkeep]\n|-fieldend|move: Trick Room\n|upkeep\n|inactive|BottomGamer has 30 seconds left.\n|\n|t:|1682694866\n|switch|p2b: Flutter Mane|Flutter Mane, L50|100\/100\n|turn|7\n|\n|t:|1682694874\n|move|p2b: Flutter Mane|Moonblast|p1a: Gholdengo\n|-damage|p1a: Gholdengo|1\/100\n|move|p1a: Gholdengo|Make It Rain|p2b: Flutter Mane\n|-supereffective|p2b: Flutter Mane\n|-crit|p2b: Flutter Mane\n|-damage|p2b: Flutter Mane|0 fnt\n|-unboost|p1a: Gholdengo|spa|1\n|faint|p2b: Flutter Mane\n|-end|p2b: Flutter Mane|Protosynthesis|[silent]\n|-damage|p1a: Gholdengo|0 fnt|[from] item: Life Orb\n|faint|p1a: Gholdengo\n|\n|win|muddyswamppert\n|raw|muddyswamppert's rating: 1220 → 1239<\/strong> (+19 for winning)\n|raw|BottomGamer's rating: 1133 → 1114<\/strong> (-19 for losing)\n|c|\u2606muddyswamppert|gg\n|c|\u2606BottomGamer|gg\n","uploadtime":1682694902,"views":10,"p1id":"muddyswamppert","p2id":"bottomgamer","formatid":"gen9vgc2023regulationc","rating":1114,"private":0,"password":""}