{"id":"gen9vgc2023regulationc-1859479530","p1":"fusesrt","p2":"Arcacagne","format":"[Gen 9] VGC 2023 Regulation C","log":"|j|\u2606fusesrt\n|j|\u2606Arcacagne\n|t:|1683473833\n|gametype|doubles\n|player|p1|fusesrt|101|1327\n|player|p2|Arcacagne|2|1261\n|teamsize|p1|6\n|teamsize|p2|6\n|gen|9\n|tier|[Gen 9] VGC 2023 Regulation C\n|rated|\n|rule|Species Clause: Limit one of each Pok\u00e9mon\n|rule|Item Clause: Limit one of each item\n|clearpoke\n|poke|p1|Chi-Yu, L50|\n|poke|p1|Flutter Mane, L50|\n|poke|p1|Glimmora, L50, M|\n|poke|p1|Murkrow, L50, F|\n|poke|p1|Gholdengo, L50|\n|poke|p1|Mimikyu, L50, M|\n|poke|p2|Chi-Yu, L50|\n|poke|p2|Flutter Mane, L50|\n|poke|p2|Amoonguss, L50, F|\n|poke|p2|Palafin, L50, M|\n|poke|p2|Kingambit, L50, F|\n|poke|p2|Arcanine, L50, F|\n|teampreview|4\n|\n|t:|1683473866\n|start\n|switch|p1a: Murkrow|Murkrow, L50, F|100\/100\n|switch|p1b: Gholdengo|Gholdengo, L50|100\/100\n|switch|p2a: Kingambit|Kingambit, L50, F|100\/100\n|switch|p2b: Palafin|Palafin, L50, M|100\/100\n|turn|1\n|\n|t:|1683473886\n|detailschange|p2b: Palafin|Palafin-Hero, L50, M\n|switch|p2b: Arcanine|Arcanine, L50, F|100\/100\n|-ability|p2b: Arcanine|Intimidate|boost\n|-unboost|p1a: Murkrow|atk|1\n|-unboost|p1b: Gholdengo|atk|1\n|-terastallize|p1b: Gholdengo|Water\n|move|p1a: Murkrow|Tailwind|p1a: Murkrow\n|-sidestart|p1: fusesrt|move: Tailwind\n|move|p1b: Gholdengo|Make It Rain|p2a: Kingambit|[spread] p2a,p2b\n|-resisted|p2a: Kingambit\n|-resisted|p2b: Arcanine\n|-damage|p2a: Kingambit|74\/100\n|-damage|p2b: Arcanine|73\/100\n|-unboost|p1b: Gholdengo|spa|1\n|-damage|p1b: Gholdengo|91\/100|[from] item: Life Orb\n|move|p2a: Kingambit|Swords Dance|p2a: Kingambit\n|-boost|p2a: Kingambit|atk|2\n|\n|upkeep\n|turn|2\n|\n|t:|1683473917\n|move|p1a: Murkrow|Haze|p1a: Murkrow\n|-clearallboost\n|move|p1b: Gholdengo|Tera Blast|p2b: Arcanine\n|-supereffective|p2b: Arcanine\n|-damage|p2b: Arcanine|0 fnt\n|faint|p2b: Arcanine\n|-damage|p1b: Gholdengo|81\/100|[from] item: Life Orb\n|move|p2a: Kingambit|Swords Dance|p2a: Kingambit\n|-boost|p2a: Kingambit|atk|2\n|\n|upkeep\n|\n|t:|1683473930\n|switch|p2b: Palafin|Palafin-Hero, L50, M|100\/100\n|-activate|p2b: Palafin|ability: Zero to Hero\n|turn|3\n|\n|t:|1683473944\n|move|p1a: Murkrow|Haze|p1a: Murkrow\n|-clearallboost\n|move|p1b: Gholdengo|Shadow Ball|p2b: Palafin\n|-damage|p2b: Palafin|42\/100\n|-damage|p1b: Gholdengo|71\/100|[from] item: Life Orb\n|move|p2b: Palafin|Wave Crash|p1a: Murkrow\n|-damage|p1a: Murkrow|0 fnt\n|faint|p1a: Murkrow\n|-damage|p2b: Palafin|14\/100|[from] Recoil\n|move|p2a: Kingambit|Swords Dance|p2a: Kingambit\n|-boost|p2a: Kingambit|atk|2\n|\n|upkeep\n|\n|t:|1683473957\n|switch|p1a: Chi-Yu|Chi-Yu, L50|100\/100\n|-ability|p1a: Chi-Yu|Beads of Ruin\n|turn|4\n|\n|t:|1683473973\n|-terastallize|p2a: Kingambit|Water\n|move|p2b: Palafin|Protect|p2b: Palafin\n|-singleturn|p2b: Palafin|Protect\n|move|p1a: Chi-Yu|Heat Wave|p2a: Kingambit|[spread] p2a\n|-activate|p2b: Palafin|move: Protect\n|-resisted|p2a: Kingambit\n|-damage|p2a: Kingambit|53\/100\n|move|p1b: Gholdengo|Tera Blast|p2a: Kingambit\n|-resisted|p2a: Kingambit\n|-damage|p2a: Kingambit|20\/100\n|-damage|p1b: Gholdengo|61\/100|[from] item: Life Orb\n|move|p2a: Kingambit|Kowtow Cleave|p1b: Gholdengo\n|-damage|p1b: Gholdengo|0 fnt\n|faint|p1b: Gholdengo\n|\n|-sideend|p1: fusesrt|move: Tailwind\n|upkeep\n|\n|t:|1683473988\n|switch|p1b: Flutter Mane|Flutter Mane, L50|100\/100\n|turn|5\n|\n|t:|1683473993\n|move|p2b: Palafin|Jet Punch|p1a: Chi-Yu\n|-supereffective|p1a: Chi-Yu\n|-enditem|p1a: Chi-Yu|Focus Sash\n|-damage|p1a: Chi-Yu|1\/100\n|move|p2a: Kingambit|Sucker Punch|p1b: Flutter Mane\n|-damage|p1b: Flutter Mane|0 fnt\n|faint|p1b: Flutter Mane\n|-end|p1b: Flutter Mane|Protosynthesis|[silent]\n|move|p1a: Chi-Yu|Heat Wave|p2a: Kingambit|[spread] p2a,p2b\n|-resisted|p2a: Kingambit\n|-resisted|p2b: Palafin\n|-damage|p2a: Kingambit|0 fnt\n|-damage|p2b: Palafin|0 fnt\n|faint|p2a: Kingambit\n|faint|p2b: Palafin\n|\n|upkeep\n|\n|t:|1683474006\n|switch|p2b: Amoonguss|Amoonguss, L50, F|100\/100\n|turn|6\n|\n|t:|1683474014\n|move|p1a: Chi-Yu|Overheat|p2b: Amoonguss\n|-supereffective|p2b: Amoonguss\n|-damage|p2b: Amoonguss|0 fnt\n|-unboost|p1a: Chi-Yu|spa|2\n|faint|p2b: Amoonguss\n|\n|win|fusesrt\n|raw|fusesrt's rating: 1327 → 1343<\/strong> (+16 for winning)\n|raw|Arcacagne's rating: 1261 → 1241<\/strong> (-20 for losing)\n","uploadtime":1683474022,"views":4,"p1id":"fusesrt","p2id":"arcacagne","formatid":"gen9vgc2023regulationc","rating":1241,"private":0,"password":""}