{"id":"gen9vgc2023regulationc-1851509793","p1":"XxThe17thLimexx","p2":"30workseverytime","format":"[Gen 9] VGC 2023 Regulation C","log":"|j|\u2606XxThe17thLimexx\n|j|\u260630workseverytime\n|t:|1682451167\n|gametype|doubles\n|player|p1|XxThe17thLimexx|hiker-gen4|1499\n|player|p2|30workseverytime|colress|1494\n|teamsize|p1|6\n|teamsize|p2|6\n|gen|9\n|tier|[Gen 9] VGC 2023 Regulation C\n|rated|\n|rule|Species Clause: Limit one of each Pok\u00e9mon\n|rule|Item Clause: Limit one of each item\n|clearpoke\n|poke|p1|Salamence, L50, F|\n|poke|p1|Murkrow, L50, M|\n|poke|p1|Gholdengo, L50|\n|poke|p1|Iron Hands, L50|\n|poke|p1|Iron Bundle, L50|\n|poke|p1|Maushold-Four, L50|\n|poke|p2|Orthworm, L50, F|\n|poke|p2|Dragonite, L50, F|\n|poke|p2|Ting-Lu, L50|\n|poke|p2|Gyarados, L50, F|\n|poke|p2|Flutter Mane, L50|\n|poke|p2|Chien-Pao, L50|\n|teampreview|4\n|j| MarzasY\nXxThe17thLimexx has agreed to open team sheets.\n|inactive|Battle timer is ON: inactive players will automatically lose when time's up. (requested by XxThe17thLimexx)\n|\n|t:|1682451215\n|start\n|switch|p1a: Gholdengo|Gholdengo, L50|100\/100\n|switch|p1b: Maushold|Maushold-Four, L50|100\/100\n|switch|p2a: Ting-Lu|Ting-Lu, L50|100\/100\n|switch|p2b: Orthworm|Orthworm, L50, F|100\/100\n|-ability|p2a: Ting-Lu|Vessel of Ruin\n|turn|1\n|inactive|XxThe17thLimexx has 30 seconds left.\n|inactive|30workseverytime has 30 seconds left.\n|inactive|30workseverytime has 20 seconds left.\n|\n|t:|1682451252\n|-terastallize|p1a: Gholdengo|Water\n|move|p1b: Maushold|Super Fang|p2b: Orthworm|[miss]\n|-miss|p1b: Maushold|p2b: Orthworm\n|move|p1a: Gholdengo|Shadow Ball|p2b: Orthworm\n|-damage|p2b: Orthworm|50\/100\n|-enditem|p2b: Orthworm|Sitrus Berry|[eat]\n|-heal|p2b: Orthworm|75\/100|[from] item: Sitrus Berry\n|-damage|p1a: Gholdengo|91\/100|[from] item: Life Orb\n|move|p2a: Ting-Lu|Earthquake|p1a: Gholdengo|[spread] p1a,p1b\n|-heal|p2b: Orthworm|99\/100|[from] ability: Earth Eater|[of] p2a: Ting-Lu\n|-damage|p1a: Gholdengo|56\/100\n|-damage|p1b: Maushold|52\/100\n|move|p2b: Orthworm|Body Press|p1b: Maushold\n|-supereffective|p1b: Maushold\n|-damage|p1b: Maushold|0 fnt\n|faint|p1b: Maushold\n|\n|upkeep\n|\n|t:|1682451271\n|switch|p1b: Iron Hands|Iron Hands, L50|100\/100\n|turn|2\n|\n|t:|1682451283\n|switch|p2a: Gyarados|Gyarados, L50, F|100\/100\n|-ability|p2a: Gyarados|Intimidate|boost\n|-unboost|p1a: Gholdengo|atk|1\n|-unboost|p1b: Iron Hands|atk|1\n|move|p1a: Gholdengo|Tera Blast|p2a: Gyarados\n|-resisted|p2a: Gyarados\n|-damage|p2a: Gyarados|75\/100\n|-damage|p1a: Gholdengo|46\/100|[from] item: Life Orb\n|move|p2b: Orthworm|Body Press|p1a: Gholdengo\n|-damage|p1a: Gholdengo|20\/100\n|move|p1b: Iron Hands|Drain Punch|p2a: Gyarados\n|-resisted|p2a: Gyarados\n|-damage|p2a: Gyarados|61\/100\n|\n|upkeep\n|turn|3\n|\n|t:|1682451304\n|move|p2a: Gyarados|Bulldoze|p1b: Iron Hands|[spread] p1a,p1b\n|-heal|p2b: Orthworm|100\/100|[from] ability: Earth Eater|[of] p2a: Gyarados\n|-supereffective|p1b: Iron Hands\n|-damage|p1a: Gholdengo|8\/100\n|-damage|p1b: Iron Hands|84\/100\n|-unboost|p1a: Gholdengo|spe|1\n|-unboost|p1b: Iron Hands|spe|1\n|move|p2b: Orthworm|Iron Defense|p2b: Orthworm\n|-boost|p2b: Orthworm|def|2\n|move|p1a: Gholdengo|Shadow Ball|p2b: Orthworm\n|-damage|p2b: Orthworm|30\/100\n|-damage|p1a: Gholdengo|0 fnt|[from] item: Life Orb\n|faint|p1a: Gholdengo\n|move|p1b: Iron Hands|Drain Punch|p2b: Orthworm\n|-supereffective|p2b: Orthworm\n|-damage|p2b: Orthworm|11\/100\n|-heal|p1b: Iron Hands|90\/100|[from] drain|[of] p2b: Orthworm\n|\n|upkeep\n|\n|t:|1682451321\n|switch|p1a: Iron Bundle|Iron Bundle, L50|100\/100\n|-enditem|p1a: Iron Bundle|Booster Energy\n|-activate|p1a: Iron Bundle|ability: Quark Drive|[fromitem]\n|-start|p1a: Iron Bundle|quarkdrivespe\n|turn|4\n|\n|t:|1682451334\n|move|p1a: Iron Bundle|Protect|p1a: Iron Bundle\n|-singleturn|p1a: Iron Bundle|Protect\n|move|p2a: Gyarados|Bulldoze|p1b: Iron Hands|[spread] p1b\n|-activate|p1a: Iron Bundle|move: Protect\n|-heal|p2b: Orthworm|36\/100|[from] ability: Earth Eater|[of] p2a: Gyarados\n|-supereffective|p1b: Iron Hands\n|-damage|p1b: Iron Hands|74\/100\n|-unboost|p1b: Iron Hands|spe|1\n|move|p2b: Orthworm|Body Press|p1a: Iron Bundle\n|-activate|p1a: Iron Bundle|move: Protect\n|move|p1b: Iron Hands|Drain Punch|p2b: Orthworm\n|-supereffective|p2b: Orthworm\n|-damage|p2b: Orthworm|17\/100\n|-heal|p1b: Iron Hands|80\/100|[from] drain|[of] p2b: Orthworm\n|\n|upkeep\n|turn|5\n|\n|t:|1682451354\n|move|p1a: Iron Bundle|Hydro Pump|p2b: Orthworm\n|-damage|p2b: Orthworm|0 fnt\n|faint|p2b: Orthworm\n|move|p2a: Gyarados|Thunder Wave|p1a: Iron Bundle\n|-status|p1a: Iron Bundle|par\n|move|p1b: Iron Hands|Wild Charge|p2a: Gyarados\n|-supereffective|p2a: Gyarados\n|-damage|p2a: Gyarados|0 fnt\n|faint|p2a: Gyarados\n|-damage|p1b: Iron Hands|68\/100|[from] Recoil\n|\n|upkeep\n|\n|t:|1682451356\n|switch|p2a: Ting-Lu|Ting-Lu, L50|100\/100\n|switch|p2b: Flutter Mane|Flutter Mane, L50|100\/100\n|-ability|p2a: Ting-Lu|Vessel of Ruin\n|turn|6\n|\n|t:|1682451374\n|-terastallize|p2b: Flutter Mane|Fairy\n|move|p1a: Iron Bundle|Protect|p1a: Iron Bundle\n|-singleturn|p1a: Iron Bundle|Protect\n|move|p2b: Flutter Mane|Dazzling Gleam|p1b: Iron Hands|[spread] p1b\n|-activate|p1a: Iron Bundle|move: Protect\n|-supereffective|p1b: Iron Hands\n|-damage|p1b: Iron Hands|19\/100\n|move|p2a: Ting-Lu|Rock Slide|p1b: Iron Hands|[spread] p1b\n|-activate|p1a: Iron Bundle|move: Protect\n|-resisted|p1b: Iron Hands\n|-damage|p1b: Iron Hands|10\/100\n|move|p1b: Iron Hands|Heavy Slam|p2b: Flutter Mane\n|-supereffective|p2b: Flutter Mane\n|-damage|p2b: Flutter Mane|7\/100\n|\n|upkeep\n|turn|7\n|\n|t:|1682451394\n|move|p2b: Flutter Mane|Dazzling Gleam|p1b: Iron Hands|[spread] p1a,p1b\n|-supereffective|p1b: Iron Hands\n|-damage|p1a: Iron Bundle|14\/100 par\n|-damage|p1b: Iron Hands|0 fnt\n|faint|p1b: Iron Hands\n|-end|p1b: Iron Hands|Quark Drive|[silent]\n|cant|p1a: Iron Bundle|par\n|move|p2a: Ting-Lu|Rock Slide|p1a: Iron Bundle\n|-supereffective|p1a: Iron Bundle\n|-damage|p1a: Iron Bundle|0 fnt\n|faint|p1a: Iron Bundle\n|-end|p1a: Iron Bundle|Quark Drive|[silent]\n|\n|win|30workseverytime\n|raw|XxThe17thLimexx's rating: 1499 → 1479<\/strong> (-20 for losing)\n|raw|30workseverytime's rating: 1494 → 1514<\/strong> (+20 for winning)\n|c|\u2606XxThe17thLimexx|Gg!\n|l|\u2606XxThe17thLimexx\n|c|\u260630workseverytime|gg!\n","uploadtime":1682451495,"views":8,"p1id":"xxthe17thlimexx","p2id":"30workseverytime","formatid":"gen9vgc2023regulationc","rating":1479,"private":0,"password":""}