{"id":"gen9vgc2023regulationc-1854992503","p1":"TheNutmeg33","p2":"TonnyDolfing","format":"[Gen 9] VGC 2023 Regulation C","log":"|j|\u2606TheNutmeg33\n|j|\u2606TonnyDolfing\n|t:|1682888677\n|gametype|doubles\n|player|p1|TheNutmeg33|170|1399\n|player|p2|TonnyDolfing|lucas-gen4pt|1361\n|teamsize|p1|6\n|teamsize|p2|6\n|gen|9\n|tier|[Gen 9] VGC 2023 Regulation C\n|rated|\n|rule|Species Clause: Limit one of each Pok\u00e9mon\n|rule|Item Clause: Limit one of each item\n|clearpoke\n|poke|p1|Gyarados, L50, F|\n|poke|p1|Iron Hands, L50|\n|poke|p1|Flutter Mane, L50|\n|poke|p1|Palafin, L50, M|\n|poke|p1|Amoonguss, L50, M|\n|poke|p1|Arcanine, L50, F|\n|poke|p2|Flutter Mane, L50|\n|poke|p2|Amoonguss, L50, F|\n|poke|p2|Iron Hands, L50|\n|poke|p2|Iron Bundle, L50|\n|poke|p2|Gyarados, L50, M|\n|poke|p2|Chi-Yu, L50|\n|teampreview|4\n|inactive|Battle timer is ON: inactive players will automatically lose when time's up. (requested by TonnyDolfing)\n|\n|t:|1682888720\n|start\n|switch|p1a: Arcanine|Arcanine, L50, F, shiny|100\/100\n|switch|p1b: Palafin|Palafin, L50, M, shiny|100\/100\n|switch|p2a: Gyarados|Gyarados, L50, M|100\/100\n|switch|p2b: Iron Bundle|Iron Bundle, L50|100\/100\n|-ability|p2a: Gyarados|Intimidate|boost\n|-unboost|p1a: Arcanine|atk|1\n|-unboost|p1b: Palafin|atk|1\n|-ability|p1a: Arcanine|Intimidate|boost\n|-unboost|p2a: Gyarados|atk|1\n|-unboost|p2b: Iron Bundle|atk|1\n|-enditem|p2b: Iron Bundle|Booster Energy\n|-activate|p2b: Iron Bundle|ability: Quark Drive|[fromitem]\n|-start|p2b: Iron Bundle|quarkdrivespe\n|turn|1\n|inactive|TheNutmeg33 has 30 seconds left.\n|\n|t:|1682888748\n|detailschange|p1b: Palafin|Palafin-Hero, L50, M, shiny\n|switch|p1b: Iron Hands|Iron Hands, L50, shiny|100\/100\n|move|p2b: Iron Bundle|Freeze-Dry|p1b: Iron Hands\n|-damage|p1b: Iron Hands|82\/100\n|move|p2a: Gyarados|Waterfall|p1a: Arcanine\n|-supereffective|p1a: Arcanine\n|-damage|p1a: Arcanine|46\/100\n|move|p1a: Arcanine|Howl|p1a: Arcanine|[spread] p1a,p1b\n|-boost|p1a: Arcanine|atk|1\n|-boost|p1b: Iron Hands|atk|1\n|\n|upkeep\n|turn|2\n|inactive|TonnyDolfing has 30 seconds left.\n|inactive|TonnyDolfing has 20 seconds left.\n|inactive|TonnyDolfing has 15 seconds left.\n|\n|t:|1682888791\n|move|p2b: Iron Bundle|Protect|p2b: Iron Bundle\n|-singleturn|p2b: Iron Bundle|Protect\n|move|p2a: Gyarados|Waterfall|p1a: Arcanine\n|-supereffective|p1a: Arcanine\n|-damage|p1a: Arcanine|0 fnt\n|faint|p1a: Arcanine\n|move|p1b: Iron Hands|Drain Punch|p2b: Iron Bundle\n|-activate|p2b: Iron Bundle|move: Protect\n|\n|upkeep\n|\n|t:|1682888799\n|switch|p1a: Amoonguss|Amoonguss, L50, M, shiny|100\/100\n|turn|3\n|\n|t:|1682888816\n|move|p2b: Iron Bundle|Icy Wind|p1a: Amoonguss|[spread] p1b\n|-miss|p2b: Iron Bundle|p1a: Amoonguss\n|-damage|p1b: Iron Hands|70\/100\n|-unboost|p1b: Iron Hands|spe|1\n|move|p2a: Gyarados|Thunder Wave|p1b: Iron Hands\n|-immune|p1b: Iron Hands\n|move|p1b: Iron Hands|Drain Punch|p2b: Iron Bundle\n|-supereffective|p2b: Iron Bundle\n|-damage|p2b: Iron Bundle|0 fnt\n|-heal|p1b: Iron Hands|99\/100|[from] drain|[of] p2b: Iron Bundle\n|faint|p2b: Iron Bundle\n|-end|p2b: Iron Bundle|Quark Drive|[silent]\n|move|p1a: Amoonguss|Spore|p2a: Gyarados\n|-activate|p2a: Gyarados|item: Safety Goggles|Spore\n|\n|upkeep\n|\n|t:|1682888832\n|switch|p2b: Flutter Mane|Flutter Mane, L50|100\/100\n|turn|4\n|\n|t:|1682888856\n|-terastallize|p1b: Iron Hands|Grass\n|move|p2b: Flutter Mane|Moonblast|p1b: Iron Hands\n|-damage|p1b: Iron Hands|57\/100\n|move|p2a: Gyarados|Iron Head|p1b: Iron Hands\n|-damage|p1b: Iron Hands|43\/100\n|move|p1b: Iron Hands|Wild Charge|p2a: Gyarados\n|-supereffective|p2a: Gyarados\n|-damage|p2a: Gyarados|0 fnt\n|faint|p2a: Gyarados\n|-damage|p1b: Iron Hands|25\/100|[from] Recoil\n|move|p1a: Amoonguss|Spore|p2b: Flutter Mane\n|-status|p2b: Flutter Mane|slp|[from] move: Spore\n|\n|upkeep\n|\n|t:|1682888869\n|switch|p2a: Chi-Yu|Chi-Yu, L50|100\/100\n|-ability|p2a: Chi-Yu|Beads of Ruin\n|turn|5\n|\n|t:|1682888883\n|-terastallize|p2a: Chi-Yu|Grass\n|cant|p2b: Flutter Mane|slp\n|move|p2a: Chi-Yu|Heat Wave|p1b: Iron Hands|[spread] p1a,p1b\n|-supereffective|p1a: Amoonguss\n|-supereffective|p1b: Iron Hands\n|-damage|p1a: Amoonguss|21\/100\n|-damage|p1b: Iron Hands|0 fnt\n|-status|p1a: Amoonguss|brn\n|-enditem|p1a: Amoonguss|Sitrus Berry|[eat]\n|-heal|p1a: Amoonguss|46\/100 brn|[from] item: Sitrus Berry\n|faint|p1b: Iron Hands\n|-end|p1b: Iron Hands|Quark Drive|[silent]\n|move|p1a: Amoonguss|Spore|p2a: Chi-Yu\n|-immune|p2a: Chi-Yu\n|\n|-damage|p1a: Amoonguss|40\/100 brn|[from] brn\n|upkeep\n|\n|t:|1682888896\n|switch|p1b: Palafin|Palafin-Hero, L50, M, shiny|100\/100\n|-activate|p1b: Palafin|ability: Zero to Hero\n|turn|6\n|\n|t:|1682888913\n|move|p1b: Palafin|Jet Punch|p2b: Flutter Mane\n|-damage|p2b: Flutter Mane|0 fnt\n|faint|p2b: Flutter Mane\n|-end|p2b: Flutter Mane|Protosynthesis|[silent]\n|move|p2a: Chi-Yu|Tera Blast|p1b: Palafin\n|-supereffective|p1b: Palafin\n|-damage|p1b: Palafin|0 fnt\n|faint|p1b: Palafin\n|move|p1a: Amoonguss|Clear Smog|p2a: Chi-Yu\n|-supereffective|p2a: Chi-Yu\n|-damage|p2a: Chi-Yu|62\/100\n|-clearboost|p2a: Chi-Yu\n|\n|-damage|p1a: Amoonguss|34\/100 brn|[from] brn\n|upkeep\n|turn|7\n|\n|t:|1682888932\n|move|p2a: Chi-Yu|Heat Wave|p1a: Amoonguss\n|-supereffective|p1a: Amoonguss\n|-damage|p1a: Amoonguss|0 fnt\n|faint|p1a: Amoonguss\n|\n|win|TonnyDolfing\n|raw|TheNutmeg33's rating: 1399 → 1377<\/strong> (-22 for losing)\n|raw|TonnyDolfing's rating: 1361 → 1383<\/strong> (+22 for winning)\n|l|\u2606TheNutmeg33\n","uploadtime":1682888948,"views":10,"p1id":"thenutmeg33","p2id":"tonnydolfing","formatid":"gen9vgc2023regulationc","rating":1377,"private":0,"password":""}