{"id":"gen9vgc2023regulationc-1847323646","p1":"Lowkeyttesting","p2":"DashingHat321","format":"[Gen 9] VGC 2023 Regulation C","log":"|j|\u2606Lowkeyttesting\n|j|\u2606DashingHat321\n|t:|1681938470\n|gametype|doubles\n|player|p1|Lowkeyttesting|acetrainer-gen4|1200\n|player|p2|DashingHat321|giovanni|1148\n|teamsize|p1|6\n|teamsize|p2|6\n|gen|9\n|tier|[Gen 9] VGC 2023 Regulation C\n|rated|\n|rule|Species Clause: Limit one of each Pok\u00e9mon\n|rule|Item Clause: Limit one of each item\n|clearpoke\n|poke|p1|Tyranitar, L50, M|\n|poke|p1|Houndstone, L50, F|\n|poke|p1|Palafin, L50, F|\n|poke|p1|Amoonguss, L50, F|\n|poke|p1|Talonflame, L50, F|\n|poke|p1|Lucario, L50, F|\n|poke|p2|Arcanine, L50, M|\n|poke|p2|Iron Bundle, L50|\n|poke|p2|Great Tusk, L50|\n|poke|p2|Flutter Mane, L50|\n|poke|p2|Chien-Pao, L50|\n|poke|p2|Tsareena, L50, F|\n|teampreview|4\n|inactive|Battle timer is ON: inactive players will automatically lose when time's up. (requested by DashingHat321)\n|\n|t:|1681938500\n|start\n|switch|p1a: Palafin|Palafin, L50, F|100\/100\n|switch|p1b: Lucario|Lucario, L50, F|100\/100\n|switch|p2a: Arcanine|Arcanine, L50, M|100\/100\n|switch|p2b: Iron Bundle|Iron Bundle, L50|100\/100\n|-ability|p2a: Arcanine|Intimidate|boost\n|-unboost|p1a: Palafin|atk|1\n|-fail|p1b: Lucario|unboost|Attack|[from] ability: Inner Focus|[of] p1b: Lucario\n|-enditem|p2b: Iron Bundle|Booster Energy\n|-activate|p2b: Iron Bundle|ability: Quark Drive|[fromitem]\n|-start|p2b: Iron Bundle|quarkdrivespe\n|turn|1\n|\n|t:|1681938523\n|detailschange|p1a: Palafin|Palafin-Hero, L50, F\n|switch|p1a: Tyranitar|Tyranitar, L50, M, shiny|100\/100\n|-weather|Sandstorm|[from] ability: Sand Stream|[of] p1a: Tyranitar\n|-terastallize|p2a: Arcanine|Grass\n|move|p2b: Iron Bundle|Freeze-Dry|p1a: Tyranitar\n|-damage|p1a: Tyranitar|87\/100\n|move|p1b: Lucario|Aura Sphere|p2b: Iron Bundle\n|-supereffective|p2b: Iron Bundle\n|-damage|p2b: Iron Bundle|0 fnt\n|faint|p2b: Iron Bundle\n|-end|p2b: Iron Bundle|Quark Drive|[silent]\n|move|p2a: Arcanine|Flare Blitz|p1b: Lucario\n|-supereffective|p1b: Lucario\n|-damage|p1b: Lucario|0 fnt\n|faint|p1b: Lucario\n|-damage|p2a: Arcanine|71\/100|[from] Recoil\n|\n|-weather|Sandstorm|[upkeep]\n|upkeep\n|\n|t:|1681938546\n|switch|p2b: Tsareena|Tsareena, L50, F|100\/100\n|switch|p1b: Houndstone|Houndstone, L50, F|100\/100\n|turn|2\n|\n|t:|1681938574\n|-terastallize|p1a: Tyranitar|Flying\n|move|p1b: Houndstone|Howl|p1b: Houndstone|[spread] p1a,p1b\n|-boost|p1a: Tyranitar|atk|1\n|-boost|p1b: Houndstone|atk|1\n|move|p2a: Arcanine|Will-O-Wisp|p1b: Houndstone\n|-status|p1b: Houndstone|brn\n|move|p2b: Tsareena|Trop Kick|p1a: Tyranitar\n|-resisted|p1a: Tyranitar\n|-damage|p1a: Tyranitar|71\/100\n|-unboost|p1a: Tyranitar|atk|1\n|move|p1a: Tyranitar|Tera Blast|p2a: Arcanine\n|-supereffective|p2a: Arcanine\n|-damage|p2a: Arcanine|0 fnt\n|faint|p2a: Arcanine\n|\n|-weather|Sandstorm|[upkeep]\n|-damage|p2b: Tsareena|94\/100|[from] Sandstorm\n|-damage|p1a: Tyranitar|65\/100|[from] Sandstorm\n|-damage|p1b: Houndstone|94\/100 brn|[from] brn\n|upkeep\n|\n|t:|1681938591\n|switch|p2a: Chien-Pao|Chien-Pao, L50|100\/100\n|-ability|p2a: Chien-Pao|Sword of Ruin\n|turn|3\n|inactive|Lowkeyttesting has 30 seconds left.\n|\n|t:|1681938619\n|switch|p1a: Palafin|Palafin-Hero, L50, F|100\/100\n|-activate|p1a: Palafin|ability: Zero to Hero\n|move|p1b: Houndstone|Will-O-Wisp|p2a: Chien-Pao\n|-status|p2a: Chien-Pao|brn\n|move|p2a: Chien-Pao|Ice Spinner|p1a: Palafin\n|-resisted|p1a: Palafin\n|-damage|p1a: Palafin|86\/100\n|move|p2b: Tsareena|Play Rough|p1a: Palafin|[miss]\n|-miss|p2b: Tsareena|p1a: Palafin\n|\n|-weather|Sandstorm|[upkeep]\n|-damage|p2a: Chien-Pao|95\/100 brn|[from] Sandstorm\n|-damage|p1a: Palafin|80\/100|[from] Sandstorm\n|-damage|p2b: Tsareena|88\/100|[from] Sandstorm\n|-damage|p1b: Houndstone|88\/100 brn|[from] brn\n|-damage|p2a: Chien-Pao|89\/100 brn|[from] brn\n|upkeep\n|turn|4\n|\n|t:|1681938641\n|switch|p1a: Tyranitar|Tyranitar, L50, M, shiny, tera:Flying|65\/100\n|move|p2a: Chien-Pao|Sucker Punch||[still]\n|-fail|p2a: Chien-Pao\n|move|p1b: Houndstone|Will-O-Wisp|p2b: Tsareena\n|-status|p2b: Tsareena|brn\n|move|p2b: Tsareena|Trop Kick|p1a: Tyranitar\n|-resisted|p1a: Tyranitar\n|-damage|p1a: Tyranitar|55\/100\n|-unboost|p1a: Tyranitar|atk|1\n|\n|-weather|Sandstorm|[upkeep]\n|-damage|p2a: Chien-Pao|83\/100 brn|[from] Sandstorm\n|-damage|p2b: Tsareena|82\/100 brn|[from] Sandstorm\n|-damage|p1a: Tyranitar|49\/100|[from] Sandstorm\n|-damage|p1b: Houndstone|82\/100 brn|[from] brn\n|-damage|p2a: Chien-Pao|77\/100 brn|[from] brn\n|-damage|p2b: Tsareena|76\/100 brn|[from] brn\n|upkeep\n|turn|5\n|\n|t:|1681938664\n|move|p1b: Houndstone|Howl|p1b: Houndstone|[spread] p1a,p1b\n|-boost|p1a: Tyranitar|atk|1\n|-boost|p1b: Houndstone|atk|1\n|move|p2a: Chien-Pao|Throat Chop|p1b: Houndstone\n|-supereffective|p1b: Houndstone\n|-damage|p1b: Houndstone|23\/100 brn\n|-start|p1b: Houndstone|Throat Chop|[silent]\n|move|p2b: Tsareena|Trop Kick|p1b: Houndstone\n|-damage|p1b: Houndstone|0 fnt\n|faint|p1b: Houndstone\n|move|p1a: Tyranitar|Tera Blast|p2b: Tsareena\n|-supereffective|p2b: Tsareena\n|-damage|p2b: Tsareena|0 fnt\n|faint|p2b: Tsareena\n|\n|-weather|none\n|-damage|p2a: Chien-Pao|72\/100 brn|[from] brn\n|upkeep\n|\n|t:|1681938678\n|switch|p1b: Palafin|Palafin-Hero, L50, F|80\/100\n|turn|6\n|\n|t:|1681938689\n|move|p2a: Chien-Pao|Sucker Punch|p1a: Tyranitar\n|-damage|p1a: Tyranitar|29\/100\n|move|p1b: Palafin|Close Combat|p2a: Chien-Pao\n|-supereffective|p2a: Chien-Pao\n|-damage|p2a: Chien-Pao|0 fnt\n|-unboost|p1b: Palafin|def|1\n|-unboost|p1b: Palafin|spd|1\n|faint|p2a: Chien-Pao\n|\n|win|Lowkeyttesting\n|raw|Lowkeyttesting's rating: 1200 → 1221<\/strong> (+21 for winning)\n|raw|DashingHat321's rating: 1148 → 1127<\/strong> (-21 for losing)\n|l|\u2606DashingHat321\n","uploadtime":1681938701,"views":7,"p1id":"lowkeyttesting","p2id":"dashinghat321","formatid":"gen9vgc2023regulationc","rating":1127,"private":0,"password":""}