{"id":"gen9vgc2023regulationc-1846824577","p1":"charedeburlap","p2":"AverageAvenger","format":"[Gen 9] VGC 2023 Regulation C","log":"|j|\u2606charedeburlap\n|j|\u2606AverageAvenger\n|t:|1681885918\n|gametype|doubles\n|player|p1|charedeburlap|lucian|1168\n|player|p2|AverageAvenger|volkner|1045\n|teamsize|p1|6\n|teamsize|p2|6\n|gen|9\n|tier|[Gen 9] VGC 2023 Regulation C\n|rated|\n|rule|Species Clause: Limit one of each Pok\u00e9mon\n|rule|Item Clause: Limit one of each item\n|clearpoke\n|poke|p1|Dragonite, L50, F|\n|poke|p1|Hatterene, L50, F|\n|poke|p1|Kingambit, L50, F|\n|poke|p1|Amoonguss, L50, M|\n|poke|p1|Skeledirge, L50, F|\n|poke|p1|Armarouge, L50, M|\n|poke|p2|Abomasnow, L50, F|\n|poke|p2|Iron Bundle, L50|\n|poke|p2|Farigiraf, L50, M|\n|poke|p2|Iron Hands, L50|\n|poke|p2|Dragonite, L50, M|\n|poke|p2|Amoonguss, L50, M|\n|teampreview|4\n|inactive|Battle timer is ON: inactive players will automatically lose when time's up. (requested by charedeburlap)\n|c|\u2606AverageAvenger|glhf\n|c|\u2606charedeburlap|u2\n|inactive|AverageAvenger has 60 seconds left.\n|inactive|AverageAvenger has 30 seconds left.\n|inactive|AverageAvenger has 20 seconds left.\n|inactive|AverageAvenger has 15 seconds left.\n|inactive|AverageAvenger has 10 seconds left.\n|inactive|AverageAvenger has 5 seconds left.\n|\n|t:|1681886008\n|start\n|switch|p1a: Hatterene|Hatterene, L50, F|100\/100\n|switch|p1b: Amoonguss|Amoonguss, L50, M|100\/100\n|switch|p2a: Snowbama|Abomasnow, L50, F|100\/100\n|switch|p2b: Iron Claus!!|Iron Bundle, L50|100\/100\n|-weather|Snow|[from] ability: Snow Warning|[of] p2a: Snowbama\n|-enditem|p2b: Iron Claus!!|Booster Energy\n|-activate|p2b: Iron Claus!!|ability: Quark Drive|[fromitem]\n|-start|p2b: Iron Claus!!|quarkdrivespe\n|turn|1\n|inactive|AverageAvenger has 30 seconds left.\n|\n|t:|1681886040\n|-end|p2b: Iron Claus!!|Quark Drive|[silent]\n|switch|p2b: Farigiraf|Farigiraf, L50, M|100\/100\n|move|p1b: Amoonguss|Protect|p1b: Amoonguss\n|-singleturn|p1b: Amoonguss|Protect\n|move|p2a: Snowbama|Blizzard|p1a: Hatterene|[spread] p1a\n|-activate|p1b: Amoonguss|move: Protect\n|-damage|p1a: Hatterene|69\/100\n|move|p1a: Hatterene|Trick Room|p1a: Hatterene\n|-fieldstart|move: Trick Room|[of] p1a: Hatterene\n|\n|-weather|Snow|[upkeep]\n|upkeep\n|turn|2\n|inactive|AverageAvenger has 30 seconds left.\n|inactive|AverageAvenger has 20 seconds left.\n|inactive|AverageAvenger has 15 seconds left.\n|\n|t:|1681886083\n|-terastallize|p1a: Hatterene|Fire\n|move|p1a: Hatterene|Mystical Fire|p2a: Snowbama\n|-supereffective|p2a: Snowbama\n|-damage|p2a: Snowbama|0 fnt\n|faint|p2a: Snowbama\n|move|p1b: Amoonguss|Spore|p2b: Farigiraf\n|-activate|p2b: Farigiraf|item: Safety Goggles|Spore\n|move|p2b: Farigiraf|Psychic|p1b: Amoonguss\n|-supereffective|p1b: Amoonguss\n|-damage|p1b: Amoonguss|43\/100\n|-enditem|p1b: Amoonguss|Sitrus Berry|[eat]\n|-heal|p1b: Amoonguss|67\/100|[from] item: Sitrus Berry\n|\n|-weather|Snow|[upkeep]\n|upkeep\n|inactive|AverageAvenger has 30 seconds left.\n|\n|t:|1681886110\n|switch|p2a: Iron Claus!!|Iron Bundle, L50|100\/100\n|turn|3\n|inactive|AverageAvenger has 30 seconds left.\n|inactive|AverageAvenger has 20 seconds left.\n|inactive|AverageAvenger has 15 seconds left.\n|\n|t:|1681886153\n|move|p1a: Hatterene|Mystical Fire|p2b: Farigiraf\n|-damage|p2b: Farigiraf|58\/100\n|-unboost|p2b: Farigiraf|spa|1\n|move|p1b: Amoonguss|Spore|p2a: Iron Claus!!\n|-status|p2a: Iron Claus!!|slp|[from] move: Spore\n|move|p2b: Farigiraf|Psychic|p1b: Amoonguss\n|-supereffective|p1b: Amoonguss\n|-damage|p1b: Amoonguss|29\/100\n|-unboost|p1b: Amoonguss|spd|1\n|cant|p2a: Iron Claus!!|slp\n|\n|-weather|Snow|[upkeep]\n|upkeep\n|turn|4\n|\n|t:|1681886172\n|cant|p2a: Iron Claus!!|slp\n|move|p1a: Hatterene|Dazzling Gleam|p2b: Farigiraf|[spread] p2a,p2b\n|-damage|p2a: Iron Claus!!|27\/100 slp\n|-damage|p2b: Farigiraf|25\/100\n|move|p1b: Amoonguss|Spore|p2b: Farigiraf\n|-activate|p2b: Farigiraf|item: Safety Goggles|Spore\n|move|p2b: Farigiraf|Trick Room|p2b: Farigiraf\n|-fieldend|move: Trick Room\n|\n|-weather|Snow|[upkeep]\n|upkeep\n|turn|5\n|\n|t:|1681886195\n|-curestatus|p2a: Iron Claus!!|slp|[msg]\n|move|p2a: Iron Claus!!|Hydro Pump|p1a: Hatterene\n|-supereffective|p1a: Hatterene\n|-damage|p1a: Hatterene|0 fnt\n|faint|p1a: Hatterene\n|move|p2b: Farigiraf|Psychic|p1b: Amoonguss\n|-supereffective|p1b: Amoonguss\n|-damage|p1b: Amoonguss|0 fnt\n|faint|p1b: Amoonguss\n|\n|-weather|none\n|upkeep\n|\n|t:|1681886199\n|switch|p1b: Armarouge|Armarouge, L50, M|100\/100\n|switch|p1a: Skeledirge|Skeledirge, L50, F|100\/100\n|turn|6\n|inactive|AverageAvenger has 30 seconds left.\n|inactive|AverageAvenger has 20 seconds left.\n|inactive|AverageAvenger has 15 seconds left.\n|inactive|AverageAvenger has 10 seconds left.\n|inactive|AverageAvenger has 5 seconds left.\n|\n|t:|1681886253\n|move|p2a: Iron Claus!!|Protect|p2a: Iron Claus!!\n|-singleturn|p2a: Iron Claus!!|Protect\n|move|p1a: Skeledirge|Hyper Voice|p2b: Farigiraf|[spread] p2b\n|-activate|p2a: Iron Claus!!|move: Protect\n|-damage|p2b: Farigiraf|10\/100\n|move|p2b: Farigiraf|Dazzling Gleam|p1b: Armarouge|[spread] p1a,p1b\n|-resisted|p1a: Skeledirge\n|-resisted|p1b: Armarouge\n|-damage|p1a: Skeledirge|94\/100\n|-damage|p1b: Armarouge|94\/100\n|move|p1b: Armarouge|Trick Room|p1b: Armarouge\n|-fieldstart|move: Trick Room|[of] p1b: Armarouge\n|\n|-heal|p1a: Skeledirge|99\/100|[from] item: Leftovers\n|upkeep\n|turn|7\n|inactive|AverageAvenger has 30 seconds left.\n|\n|t:|1681886279\n|-terastallize|p2a: Iron Claus!!|Water\n|move|p1b: Armarouge|Aura Sphere|p2b: Farigiraf\n|-damage|p2b: Farigiraf|0 fnt\n|faint|p2b: Farigiraf\n|-damage|p1b: Armarouge|84\/100|[from] item: Life Orb\n|move|p1a: Skeledirge|Torch Song|p2a: Iron Claus!!\n|-resisted|p2a: Iron Claus!!\n|-damage|p2a: Iron Claus!!|0 fnt\n|-boost|p1a: Skeledirge|spa|1\n|faint|p2a: Iron Claus!!\n|-end|p2a: Iron Claus!!|Quark Drive|[silent]\n|\n|-heal|p1a: Skeledirge|100\/100|[from] item: Leftovers\n|upkeep\n|c|\u2606AverageAvenger|I threw the game\n|c|\u2606AverageAvenger|gg lol\n|\n|t:|1681886296\n|switch|p2a: Dragonite|Dragonite, L50, M|100\/100\n|turn|8\n|\n|t:|1681886310\n|move|p1b: Armarouge|Armor Cannon|p2a: Dragonite\n|-resisted|p2a: Dragonite\n|-damage|p2a: Dragonite|89\/100\n|-unboost|p1b: Armarouge|def|1\n|-unboost|p1b: Armarouge|spd|1\n|-damage|p1b: Armarouge|74\/100|[from] item: Life Orb\n|move|p1a: Skeledirge|Torch Song|p2a: Dragonite\n|-resisted|p2a: Dragonite\n|-damage|p2a: Dragonite|75\/100\n|-boost|p1a: Skeledirge|spa|1\n|move|p2a: Dragonite|Dragon Claw|p1b: Armarouge\n|-damage|p1b: Armarouge|14\/100\n|\n|upkeep\n|turn|9\n|\n|t:|1681886328\n|move|p2a: Dragonite|Extreme Speed|p1b: Armarouge\n|-damage|p1b: Armarouge|0 fnt\n|faint|p1b: Armarouge\n|move|p1a: Skeledirge|Hyper Voice|p2a: Dragonite\n|-damage|p2a: Dragonite|45\/100\n|\n|upkeep\n|turn|10\n|\n|t:|1681886335\n|move|p1a: Skeledirge|Hyper Voice|p2a: Dragonite\n|-damage|p2a: Dragonite|18\/100\n|move|p2a: Dragonite|Dragon Claw|p1a: Skeledirge\n|-damage|p1a: Skeledirge|58\/100\n|\n|-heal|p1a: Skeledirge|64\/100|[from] item: Leftovers\n|-fieldend|move: Trick Room\n|upkeep\n|turn|11\n|\n|t:|1681886347\n|move|p2a: Dragonite|Dragon Claw|p1a: Skeledirge\n|-damage|p1a: Skeledirge|22\/100\n|move|p1a: Skeledirge|Hyper Voice|p2a: Dragonite\n|-damage|p2a: Dragonite|0 fnt\n|faint|p2a: Dragonite\n|\n|win|charedeburlap\n|raw|charedeburlap's rating: 1168 → 1185<\/strong> (+17 for winning)\n|raw|AverageAvenger's rating: 1045 → 1034<\/strong> (-11 for losing)\n|c|\u2606charedeburlap|gg\n|c|\u2606AverageAvenger|No crit lol\n|l|\u2606charedeburlap\n|c|\u2606AverageAvenger|gg\n","uploadtime":1681886367,"views":13,"p1id":"charedeburlap","p2id":"averageavenger","formatid":"gen9vgc2023regulationc","rating":1034,"private":0,"password":""}