{"id":"gen9vgc2023regulationc-1851703511","p1":"KcireGtz","p2":"niftynifty","format":"[Gen 9] VGC 2023 Regulation C","log":"|j|\u2606KcireGtz\n|j|\u2606niftynifty\n|t:|1682471979\n|gametype|doubles\n|player|p1|KcireGtz|red|1098\n|player|p2|niftynifty|janitor|1165\n|teamsize|p1|6\n|teamsize|p2|6\n|gen|9\n|tier|[Gen 9] VGC 2023 Regulation C\n|rated|\n|rule|Species Clause: Limit one of each Pok\u00e9mon\n|rule|Item Clause: Limit one of each item\n|clearpoke\n|poke|p1|Kingambit, L50, M|\n|poke|p1|Amoonguss, L50, M|\n|poke|p1|Arcanine, L50, F|\n|poke|p1|Ting-Lu, L50|\n|poke|p1|Grimmsnarl, L50, M|\n|poke|p1|Ceruledge, L50, M|\n|poke|p2|Farigiraf, L50, M|\n|poke|p2|Tatsugiri-Droopy, L50, M|\n|poke|p2|Garganacl, L50, M|\n|poke|p2|Chi-Yu, L50|\n|poke|p2|Wo-Chien, L50|\n|poke|p2|Flutter Mane, L50|\n|teampreview|4\n|inactive|Battle timer is ON: inactive players will automatically lose when time's up. (requested by KcireGtz)\n|inactive|KcireGtz has 60 seconds left.\n|inactive|niftynifty has 60 seconds left.\n|inactive|niftynifty has 30 seconds left.\n|\n|t:|1682472045\n|start\n|switch|p1a: Amoonguss|Amoonguss, L50, M|100\/100\n|switch|p1b: Kingambit|Kingambit, L50, M|100\/100\n|switch|p2a: Garganacl|Garganacl, L50, M|100\/100\n|switch|p2b: Wo-Chien|Wo-Chien, L50|100\/100\n|-ability|p2b: Wo-Chien|Tablets of Ruin\n|turn|1\n|inactive|KcireGtz has 30 seconds left.\n|inactive|niftynifty has 30 seconds left.\n|inactive|KcireGtz has 20 seconds left.\n|inactive|niftynifty has 20 seconds left.\n|inactive|niftynifty has 15 seconds left.\n|\n|t:|1682472085\n|move|p2b: Wo-Chien|Knock Off|p1b: Kingambit\n|-resisted|p1b: Kingambit\n|-crit|p1b: Kingambit\n|-damage|p1b: Kingambit|84\/100\n|-enditem|p1b: Kingambit|Assault Vest|[from] move: Knock Off|[of] p2b: Wo-Chien\n|move|p2a: Garganacl|Salt Cure|p1b: Kingambit\n|-resisted|p1b: Kingambit\n|-damage|p1b: Kingambit|80\/100\n|-start|p1b: Kingambit|Salt Cure\n|move|p1b: Kingambit|Iron Head|p2a: Garganacl\n|-supereffective|p2a: Garganacl\n|-damage|p2a: Garganacl|59\/100\n|-damage|p1b: Kingambit|64\/100|[from] item: Rocky Helmet|[of] p2a: Garganacl\n|move|p1a: Amoonguss|Pollen Puff|p2b: Wo-Chien\n|-supereffective|p2b: Wo-Chien\n|-damage|p2b: Wo-Chien|50\/100\n|\n|-heal|p2b: Wo-Chien|57\/100|[from] item: Leftovers\n|-damage|p1b: Kingambit|39\/100|[from] Salt Cure\n|upkeep\n|turn|2\n|inactive|niftynifty has 30 seconds left.\n|inactive|niftynifty has 20 seconds left.\n|\n|t:|1682472120\n|move|p2b: Wo-Chien|Protect|p2b: Wo-Chien\n|-singleturn|p2b: Wo-Chien|Protect\n|move|p2a: Garganacl|Recover|p2a: Garganacl\n|-heal|p2a: Garganacl|100\/100\n|move|p1b: Kingambit|Iron Head|p2a: Garganacl\n|-supereffective|p2a: Garganacl\n|-damage|p2a: Garganacl|62\/100\n|-damage|p1b: Kingambit|23\/100|[from] item: Rocky Helmet|[of] p2a: Garganacl\n|move|p1a: Amoonguss|Pollen Puff|p1b: Kingambit\n|-heal|p1b: Kingambit|73\/100\n|\n|-heal|p2b: Wo-Chien|63\/100|[from] item: Leftovers\n|-damage|p1b: Kingambit|48\/100|[from] Salt Cure\n|upkeep\n|turn|3\n|inactive|niftynifty has 30 seconds left.\n|\n|t:|1682472151\n|-end|p1b: Kingambit|fallenundefined|[silent]\n|switch|p1b: Ting-Lu|Ting-Lu, L50|100\/100\n|-ability|p1b: Ting-Lu|Vessel of Ruin\n|-terastallize|p2a: Garganacl|Ghost\n|move|p2b: Wo-Chien|Leech Seed|p1b: Ting-Lu\n|-start|p1b: Ting-Lu|move: Leech Seed\n|move|p2a: Garganacl|Recover|p2a: Garganacl\n|-heal|p2a: Garganacl|100\/100\n|move|p1a: Amoonguss|Pollen Puff|p2b: Wo-Chien\n|-supereffective|p2b: Wo-Chien\n|-damage|p2b: Wo-Chien|19\/100\n|\n|-heal|p2b: Wo-Chien|25\/100|[from] item: Leftovers\n|-damage|p1b: Ting-Lu|88\/100|[from] Leech Seed|[of] p2b: Wo-Chien\n|-heal|p2b: Wo-Chien|42\/100|[silent]\n|upkeep\n|turn|4\n|inactive|niftynifty has 30 seconds left.\n|inactive|niftynifty has 20 seconds left.\n|\n|t:|1682472187\n|switch|p1b: Kingambit|Kingambit, L50, M|48\/100\n|move|p2a: Garganacl|Wide Guard|p2a: Garganacl\n|-singleturn|p2a: Garganacl|Wide Guard\n|move|p2b: Wo-Chien|Knock Off|p1a: Amoonguss\n|-damage|p1a: Amoonguss|80\/100\n|-damage|p2b: Wo-Chien|25\/100|[from] item: Rocky Helmet|[of] p1a: Amoonguss\n|-enditem|p1a: Amoonguss|Rocky Helmet|[from] move: Knock Off|[of] p2b: Wo-Chien\n|move|p1a: Amoonguss|Pollen Puff|p1b: Kingambit\n|-heal|p1b: Kingambit|98\/100\n|\n|-heal|p2b: Wo-Chien|31\/100|[from] item: Leftovers\n|upkeep\n|turn|5\n|inactive|niftynifty has 30 seconds left.\n|inactive|niftynifty has 20 seconds left.\n|inactive|niftynifty has 15 seconds left.\n|inactive|niftynifty has 10 seconds left.\n|\n|t:|1682472234\n|switch|p2a: Chi-Yu|Chi-Yu, L50|100\/100\n|-ability|p2a: Chi-Yu|Beads of Ruin\n|move|p2b: Wo-Chien|Leech Seed|p1b: Kingambit\n|-start|p1b: Kingambit|move: Leech Seed\n|move|p1b: Kingambit|Kowtow Cleave|p2a: Chi-Yu\n|-resisted|p2a: Chi-Yu\n|-damage|p2a: Chi-Yu|74\/100\n|move|p1a: Amoonguss|Pollen Puff|p2a: Chi-Yu\n|-damage|p2a: Chi-Yu|55\/100\n|\n|-heal|p2b: Wo-Chien|37\/100|[from] item: Leftovers\n|-damage|p1b: Kingambit|86\/100|[from] Leech Seed|[of] p2b: Wo-Chien\n|-heal|p2b: Wo-Chien|49\/100|[silent]\n|upkeep\n|turn|6\n|inactive|KcireGtz has 30 seconds left.\n|inactive|KcireGtz has 20 seconds left.\n|inactive|KcireGtz has 15 seconds left.\n|inactive|KcireGtz has 10 seconds left.\n|inactive|KcireGtz has 5 seconds left.\n|\n|t:|1682472289\n|switch|p2b: Farigiraf|Farigiraf, L50, M|100\/100\n|switch|p1a: Ting-Lu|Ting-Lu, L50|88\/100\n|-ability|p1a: Ting-Lu|Vessel of Ruin\n|-terastallize|p1b: Kingambit|Fairy\n|move|p2a: Chi-Yu|Heat Wave|p1b: Kingambit|[spread] p1b\n|-miss|p2a: Chi-Yu|p1a: Ting-Lu\n|-damage|p1b: Kingambit|51\/100\n|move|p1b: Kingambit|Tera Blast|p2a: Chi-Yu\n|-damage|p2a: Chi-Yu|0 fnt\n|faint|p2a: Chi-Yu\n|\n|-damage|p1b: Kingambit|39\/100|[from] Leech Seed|[of] p2b: Farigiraf\n|upkeep\n|\n|t:|1682472311\n|switch|p2a: Wo-Chien|Wo-Chien, L50|49\/100\n|-ability|p2a: Wo-Chien|Tablets of Ruin\n|turn|7\n|inactive|niftynifty has 30 seconds left.\n|\n|t:|1682472341\n|-end|p1b: Kingambit|fallenundefined|[silent]\n|switch|p1b: Amoonguss|Amoonguss, L50, M|100\/100\n|move|p2b: Farigiraf|Hyper Voice|p1a: Ting-Lu|[spread] p1a,p1b\n|-damage|p1a: Ting-Lu|72\/100\n|-damage|p1b: Amoonguss|82\/100\n|-enditem|p2b: Farigiraf|Throat Spray\n|-boost|p2b: Farigiraf|spa|1|[from] item: Throat Spray\n|move|p2a: Wo-Chien|Knock Off|p1a: Ting-Lu\n|-resisted|p1a: Ting-Lu\n|-damage|p1a: Ting-Lu|66\/100\n|-enditem|p1a: Ting-Lu|Aguav Berry|[from] move: Knock Off|[of] p2a: Wo-Chien\n|move|p1a: Ting-Lu|Whirlwind|p2a: Wo-Chien\n|drag|p2a: Garganacl|Garganacl, L50, M, tera:Ghost|100\/100\n|\n|upkeep\n|turn|8\n|inactive|niftynifty has 30 seconds left.\n|inactive|niftynifty has 20 seconds left.\n|\n|t:|1682472379\n|move|p2b: Farigiraf|Dazzling Gleam|p1a: Ting-Lu|[spread] p1a,p1b\n|-supereffective|p1a: Ting-Lu\n|-resisted|p1b: Amoonguss\n|-damage|p1a: Ting-Lu|41\/100\n|-damage|p1b: Amoonguss|74\/100\n|move|p1a: Ting-Lu|Snarl|p2a: Garganacl|[spread] p2a,p2b\n|-supereffective|p2a: Garganacl\n|-supereffective|p2b: Farigiraf\n|-damage|p2a: Garganacl|85\/100\n|-damage|p2b: Farigiraf|83\/100\n|-unboost|p2a: Garganacl|spa|1\n|-unboost|p2b: Farigiraf|spa|1\n|move|p2a: Garganacl|Fissure|p1b: Amoonguss|[miss]\n|-miss|p2a: Garganacl|p1b: Amoonguss\n|move|p1b: Amoonguss|Spore|p2b: Farigiraf\n|-status|p2b: Farigiraf|slp|[from] move: Spore\n|\n|upkeep\n|turn|9\n|\n|t:|1682472397\n|switch|p2b: Wo-Chien|Wo-Chien, L50|49\/100\n|-ability|p2b: Wo-Chien|Tablets of Ruin\n|move|p2a: Garganacl|Salt Cure|p1a: Ting-Lu\n|-resisted|p1a: Ting-Lu\n|-damage|p1a: Ting-Lu|38\/100\n|-start|p1a: Ting-Lu|Salt Cure\n|move|p1b: Amoonguss|Pollen Puff|p1a: Ting-Lu\n|-heal|p1a: Ting-Lu|88\/100\n|move|p1a: Ting-Lu|Whirlwind|p2a: Garganacl\n|drag|p2a: Farigiraf|Farigiraf, L50, M|83\/100 slp\n|\n|-heal|p2b: Wo-Chien|56\/100|[from] item: Leftovers\n|-damage|p1a: Ting-Lu|76\/100|[from] Salt Cure\n|upkeep\n|turn|10\n|inactive|niftynifty has 30 seconds left.\n|\n|t:|1682472423\n|switch|p1a: Kingambit|Kingambit, L50, M, tera:Fairy|39\/100\n|cant|p2a: Farigiraf|slp\n|move|p2b: Wo-Chien|Pollen Puff|p2a: Farigiraf\n|-heal|p2a: Farigiraf|100\/100 slp\n|move|p1b: Amoonguss|Pollen Puff|p1a: Kingambit\n|-heal|p1a: Kingambit|89\/100\n|\n|-heal|p2b: Wo-Chien|62\/100|[from] item: Leftovers\n|upkeep\n|turn|11\n|inactive|niftynifty has 30 seconds left.\n|\n|t:|1682472458\n|-curestatus|p2a: Farigiraf|slp|[msg]\n|move|p2a: Farigiraf|Hyper Voice|p1b: Amoonguss|[spread] p1a,p1b\n|-damage|p1a: Kingambit|65\/100\n|-damage|p1b: Amoonguss|50\/100\n|move|p2b: Wo-Chien|Leech Seed|p1a: Kingambit\n|-start|p1a: Kingambit|move: Leech Seed\n|move|p1a: Kingambit|Kowtow Cleave|p2a: Farigiraf\n|-supereffective|p2a: Farigiraf\n|-damage|p2a: Farigiraf|36\/100\n|move|p1b: Amoonguss|Pollen Puff|p2b: Wo-Chien\n|-supereffective|p2b: Wo-Chien\n|-damage|p2b: Wo-Chien|12\/100\n|\n|-heal|p2b: Wo-Chien|18\/100|[from] item: Leftovers\n|-damage|p1a: Kingambit|53\/100|[from] Leech Seed|[of] p2b: Wo-Chien\n|-heal|p2b: Wo-Chien|30\/100|[silent]\n|upkeep\n|turn|12\n|\n|t:|1682472481\n|move|p1a: Kingambit|Sucker Punch||[still]\n|cant|p2a: Farigiraf|ability: Armor Tail|Sucker Punch|[of] p1a: Kingambit\n|move|p2a: Farigiraf|Hyper Voice|p1b: Amoonguss|[spread] p1a,p1b\n|-damage|p1a: Kingambit|25\/100\n|-damage|p1b: Amoonguss|22\/100\n|move|p2b: Wo-Chien|Pollen Puff|p2a: Farigiraf\n|-heal|p2a: Farigiraf|86\/100\n|move|p1b: Amoonguss|Pollen Puff|p1a: Kingambit\n|-heal|p1a: Kingambit|75\/100\n|\n|-heal|p2b: Wo-Chien|36\/100|[from] item: Leftovers\n|-damage|p1a: Kingambit|63\/100|[from] Leech Seed|[of] p2b: Wo-Chien\n|-heal|p2b: Wo-Chien|48\/100|[silent]\n|upkeep\n|turn|13\n|inactive|niftynifty has 30 seconds left.\n|\n|t:|1682472507\n|move|p2a: Farigiraf|Low Kick|p1b: Amoonguss\n|-resisted|p1b: Amoonguss\n|-damage|p1b: Amoonguss|20\/100\n|move|p2b: Wo-Chien|Leech Seed|p1b: Amoonguss\n|-immune|p1b: Amoonguss\n|move|p1a: Kingambit|Kowtow Cleave|p2a: Farigiraf\n|-supereffective|p2a: Farigiraf\n|-damage|p2a: Farigiraf|25\/100\n|move|p1b: Amoonguss|Pollen Puff|p2b: Wo-Chien\n|-supereffective|p2b: Wo-Chien\n|-damage|p2b: Wo-Chien|0 fnt\n|faint|p2b: Wo-Chien\n|\n|upkeep\n|inactive|niftynifty has 25 seconds left this turn.\n|inactive|niftynifty has 20 seconds left.\n|inactive|niftynifty has 15 seconds left.\n|\n|t:|1682472520\n|switch|p2b: Garganacl|Garganacl, L50, M, tera:Ghost|85\/100\n|turn|14\n|inactive|niftynifty has 15 seconds left this turn.\n|inactive|niftynifty has 10 seconds left.\n|inactive|niftynifty has 5 seconds left.\n|\n|t:|1682472532\n|switch|p1b: Ting-Lu|Ting-Lu, L50|76\/100\n|-ability|p1b: Ting-Lu|Vessel of Ruin\n|move|p2a: Farigiraf|Protect|p2a: Farigiraf\n|-singleturn|p2a: Farigiraf|Protect\n|move|p2b: Garganacl|Salt Cure|p1b: Ting-Lu\n|-resisted|p1b: Ting-Lu\n|-damage|p1b: Ting-Lu|73\/100\n|-start|p1b: Ting-Lu|Salt Cure\n|move|p1a: Kingambit|Kowtow Cleave|p2a: Farigiraf\n|-activate|p2a: Farigiraf|move: Protect\n|\n|-damage|p1a: Kingambit|51\/100|[from] Leech Seed|[of] p2b: Garganacl\n|-heal|p2b: Garganacl|96\/100|[silent]\n|-damage|p1b: Ting-Lu|61\/100|[from] Salt Cure\n|upkeep\n|turn|15\n|inactive|niftynifty has 5 seconds left this turn.\n|-message|niftynifty lost due to inactivity.\n|\n|win|KcireGtz\n|raw|KcireGtz's rating: 1098 → 1128<\/strong> (+30 for winning)\n|raw|niftynifty's rating: 1165 → 1135<\/strong> (-30 for losing)\n|l|\u2606KcireGtz\n","uploadtime":1682472564,"views":11,"p1id":"kciregtz","p2id":"niftynifty","formatid":"gen9vgc2023regulationc","rating":1128,"private":0,"password":""}