{"id":"gen9vgc2023regulationc-1846737233","p1":"cb-sooner","p2":"thewhale98","format":"[Gen 9] VGC 2023 Regulation C","log":"|j|\u2606cb-sooner\n|j|\u2606thewhale98\n|t:|1681872084\n|gametype|doubles\n|player|p1|cb-sooner|265|1288\n|player|p2|thewhale98|volkner|1211\n|teamsize|p1|6\n|teamsize|p2|6\n|gen|9\n|tier|[Gen 9] VGC 2023 Regulation C\n|rated|\n|rule|Species Clause: Limit one of each Pok\u00e9mon\n|rule|Item Clause: Limit one of each item\n|clearpoke\n|poke|p1|Dondozo, L50, F|\n|poke|p1|Tatsugiri, L50, M|\n|poke|p1|Pelipper, L50, M|\n|poke|p1|Flutter Mane, L50|\n|poke|p1|Orthworm, L50, F|\n|poke|p1|Ting-Lu, L50|\n|poke|p2|Ting-Lu, L50|\n|poke|p2|Pelipper, L50, M|\n|poke|p2|Cetitan, L50, F|\n|poke|p2|Amoonguss, L50, M|\n|poke|p2|Palafin, L50, F|\n|poke|p2|Arcanine, L50, M|\n|teampreview|4\nthewhale98 has agreed to open team sheets.\n|inactive|Battle timer is ON: inactive players will automatically lose when time's up. (requested by cb-sooner)\n|\n|t:|1681872146\n|start\n|switch|p1a: joe|Dondozo, L50, F|100\/100\n|switch|p1b: Cawcun|Pelipper, L50, M|100\/100\n|switch|p2a: Palafin|Palafin, L50, F|100\/100\n|switch|p2b: Amoonguss|Amoonguss, L50, M|100\/100\n|-weather|RainDance|[from] ability: Drizzle|[of] p1b: Cawcun\n|turn|1\n|inactive|cb-sooner has 30 seconds left.\n|\n|t:|1681872180\n|detailschange|p2a: Palafin|Palafin-Hero, L50, F\n|switch|p2a: Pelipper|Pelipper, L50, M|100\/100\n|move|p1a: joe|Protect|p1a: joe\n|-singleturn|p1a: joe|Protect\n|move|p2b: Amoonguss|Protect|p2b: Amoonguss\n|-singleturn|p2b: Amoonguss|Protect\n|move|p1b: Cawcun|Hurricane|p2a: Pelipper\n|-damage|p2a: Pelipper|23\/100\n|\n|-weather|RainDance|[upkeep]\n|upkeep\n|turn|2\n|\n|t:|1681872195\n|switch|p1b: Elieel|Tatsugiri, L50, M|100\/100\n|-activate|p1b: Elieel|ability: Commander|[of] p1a: joe\n|-boost|p1a: joe|atk|2\n|-boost|p1a: joe|spa|2\n|-boost|p1a: joe|spe|2\n|-boost|p1a: joe|def|2\n|-boost|p1a: joe|spd|2\n|-terastallize|p1a: joe|Water\n|-terastallize|p2b: Amoonguss|Water\n|move|p1a: joe|Wave Crash|p2b: Amoonguss\n|-resisted|p2b: Amoonguss\n|-damage|p2b: Amoonguss|0 fnt\n|faint|p2b: Amoonguss\n|-damage|p1a: joe|68\/100|[from] Recoil\n|-damage|p1a: joe|58\/100|[from] item: Life Orb\n|move|p2a: Pelipper|Hurricane|p1b: Elieel|[miss]\n|-miss|p2a: Pelipper|p1b: Elieel\n|\n|-weather|RainDance|[upkeep]\n|upkeep\n|\n|t:|1681872199\n|switch|p2b: Palafin|Palafin-Hero, L50, F|100\/100\n|-activate|p2b: Palafin|ability: Zero to Hero\n|turn|3\n|\n|t:|1681872217\n|move|p2a: Pelipper|Protect|p2a: Pelipper\n|-singleturn|p2a: Pelipper|Protect\n|move|p1a: joe|Wave Crash|p2b: Palafin\n|-resisted|p2b: Palafin\n|-damage|p2b: Palafin|0 fnt\n|faint|p2b: Palafin\n|-damage|p1a: joe|29\/100|[from] Recoil\n|-damage|p1a: joe|19\/100|[from] item: Life Orb\n|\n|-weather|RainDance|[upkeep]\n|upkeep\n|\n|t:|1681872222\n|switch|p2b: Arcanine|Arcanine, L50, M|100\/100\n|-ability|p2b: Arcanine|Intimidate|boost\n|-unboost|p1a: joe|atk|1\n|-unboost|p1b: Elieel|atk|1\n|turn|4\n|\n|t:|1681872232\n|move|p2b: Arcanine|Protect|p2b: Arcanine\n|-singleturn|p2b: Arcanine|Protect\n|move|p1a: joe|Surf|p2a: Pelipper|[spread] p2a\n|-miss|p1a: joe|p1b: Elieel\n|-activate|p2b: Arcanine|move: Protect\n|-resisted|p2a: Pelipper\n|-crit|p2a: Pelipper\n|-damage|p2a: Pelipper|0 fnt\n|faint|p2a: Pelipper\n|-damage|p1a: joe|9\/100|[from] item: Life Orb\n|\n|-weather|RainDance|[upkeep]\n|upkeep\n|turn|5\n|-message|thewhale98 forfeited.\n|\n|win|cb-sooner\n|raw|cb-sooner's rating: 1288 → 1308<\/strong> (+20 for winning)\n|raw|thewhale98's rating: 1211 → 1191<\/strong> (-20 for losing)\n|l|\u2606thewhale98\n","uploadtime":1681872244,"views":19,"p1id":"cbsooner","p2id":"thewhale98","formatid":"gen9vgc2023regulationc","rating":1191,"private":0,"password":""}