{"id":"gen9vgc2023regulationc-1856037182","p1":"Vitalis24","p2":"TrangTrang","format":"[Gen 9] VGC 2023 Regulation C","log":"|j|\u2606Vitalis24\n|j|\u2606TrangTrang\n|t:|1683021171\n|gametype|doubles\n|player|p1|Vitalis24|ethan|1268\n|player|p2|TrangTrang|pokekid|1394\n|teamsize|p1|6\n|teamsize|p2|6\n|gen|9\n|tier|[Gen 9] VGC 2023 Regulation C\n|rated|\n|rule|Species Clause: Limit one of each Pok\u00e9mon\n|rule|Item Clause: Limit one of each item\n|clearpoke\n|poke|p1|Tsareena, L50, F|\n|poke|p1|Flutter Mane, L50|\n|poke|p1|Murkrow, L50, M|\n|poke|p1|Great Tusk, L50|\n|poke|p1|Iron Bundle, L50|\n|poke|p1|Chi-Yu, L50|\n|poke|p2|Ting-Lu, L50|\n|poke|p2|Annihilape, L50, M|\n|poke|p2|Amoonguss, L50, F|\n|poke|p2|Flutter Mane, L50|\n|poke|p2|Toxapex, L50, F|\n|poke|p2|Garganacl, L50, F|\n|teampreview|4\n|inactive|Battle timer is ON: inactive players will automatically lose when time's up. (requested by TrangTrang)\n|\n|t:|1683021242\n|start\n|switch|p1a: Flutter Mane|Flutter Mane, L50|100\/100\n|switch|p1b: Chi-Yu|Chi-Yu, L50|100\/100\n|switch|p2a: Toxapex|Toxapex, L50, F|100\/100\n|switch|p2b: Garganacl|Garganacl, L50, F|100\/100\n|-ability|p1b: Chi-Yu|Beads of Ruin\n|turn|1\n|inactive|Vitalis24 has 30 seconds left.\n|inactive|Vitalis24 has 20 seconds left.\n|inactive|Vitalis24 has 15 seconds left.\n|inactive|Vitalis24 has 10 seconds left.\n|inactive|Vitalis24 has 5 seconds left.\n|\n|t:|1683021295\n|-terastallize|p1b: Chi-Yu|Grass\n|move|p2b: Garganacl|Wide Guard|p2b: Garganacl\n|-singleturn|p2b: Garganacl|Wide Guard\n|move|p1a: Flutter Mane|Thunderbolt|p2a: Toxapex\n|-supereffective|p2a: Toxapex\n|-damage|p2a: Toxapex|18\/100\n|move|p1b: Chi-Yu|Dark Pulse|p2b: Garganacl\n|-damage|p2b: Garganacl|44\/100\n|move|p2a: Toxapex|Infestation|p1b: Chi-Yu\n|-supereffective|p1b: Chi-Yu\n|-damage|p1b: Chi-Yu|91\/100\n|-activate|p1b: Chi-Yu|move: Infestation|[of] p2a: Toxapex\n|\n|-heal|p2b: Garganacl|50\/100|[from] item: Leftovers\n|-heal|p2a: Toxapex|23\/100|[from] item: Black Sludge\n|-damage|p1b: Chi-Yu|79\/100|[from] move: Infestation|[partiallytrapped]\n|upkeep\n|turn|2\n|inactive|TrangTrang has 30 seconds left.\n|\n|t:|1683021327\n|switch|p2b: Amoonguss|Amoonguss, L50, F|100\/100\n|move|p2a: Toxapex|Baneful Bunker|p2a: Toxapex\n|-singleturn|p2a: Toxapex|move: Protect\n|move|p1a: Flutter Mane|Thunderbolt|p2a: Toxapex\n|-activate|p2a: Toxapex|move: Protect\n|move|p1b: Chi-Yu|Dark Pulse|p2b: Amoonguss\n|-damage|p2b: Amoonguss|50\/100\n|-enditem|p2b: Amoonguss|Sitrus Berry|[eat]\n|-heal|p2b: Amoonguss|75\/100|[from] item: Sitrus Berry\n|\n|-heal|p2a: Toxapex|29\/100|[from] item: Black Sludge\n|-damage|p1b: Chi-Yu|67\/100|[from] move: Infestation|[partiallytrapped]\n|upkeep\n|turn|3\n|inactive|Vitalis24 has 30 seconds left.\n|inactive|TrangTrang has 30 seconds left.\n|inactive|Vitalis24 has 20 seconds left.\n|inactive|TrangTrang has 20 seconds left.\n|inactive|Vitalis24 has 15 seconds left.\n|inactive|TrangTrang has 15 seconds left.\n|inactive|Vitalis24 has 10 seconds left.\n|\n|t:|1683021374\n|-terastallize|p2b: Amoonguss|Water\n|move|p2b: Amoonguss|Rage Powder|p2b: Amoonguss\n|-singleturn|p2b: Amoonguss|move: Rage Powder\n|move|p1a: Flutter Mane|Thunderbolt|p2b: Amoonguss\n|-supereffective|p2b: Amoonguss\n|-damage|p2b: Amoonguss|0 fnt\n|faint|p2b: Amoonguss\n|move|p1b: Chi-Yu|Flamethrower|p2a: Toxapex\n|-resisted|p2a: Toxapex\n|-damage|p2a: Toxapex|8\/100\n|move|p2a: Toxapex|Recover|p2a: Toxapex\n|-heal|p2a: Toxapex|58\/100\n|\n|-heal|p2a: Toxapex|64\/100|[from] item: Black Sludge\n|-damage|p1b: Chi-Yu|54\/100|[from] move: Infestation|[partiallytrapped]\n|upkeep\n|\n|t:|1683021392\n|switch|p2b: Garganacl|Garganacl, L50, F|50\/100\n|turn|4\n|\n|t:|1683021406\n|move|p2a: Toxapex|Baneful Bunker|p2a: Toxapex\n|-singleturn|p2a: Toxapex|move: Protect\n|move|p2b: Garganacl|Protect|p2b: Garganacl\n|-singleturn|p2b: Garganacl|Protect\n|move|p1a: Flutter Mane|Thunderbolt|p2a: Toxapex\n|-activate|p2a: Toxapex|move: Protect\n|move|p1b: Chi-Yu|Dark Pulse|p2b: Garganacl\n|-activate|p2b: Garganacl|move: Protect\n|\n|-heal|p2a: Toxapex|70\/100|[from] item: Black Sludge\n|-heal|p2b: Garganacl|56\/100|[from] item: Leftovers\n|-damage|p1b: Chi-Yu|42\/100|[from] move: Infestation|[partiallytrapped]\n|upkeep\n|turn|5\n|\n|t:|1683021428\n|move|p1a: Flutter Mane|Thunderbolt|p2a: Toxapex\n|-supereffective|p2a: Toxapex\n|-damage|p2a: Toxapex|0 fnt\n|faint|p2a: Toxapex\n|move|p1b: Chi-Yu|Dark Pulse|p2b: Garganacl\n|-crit|p2b: Garganacl\n|-damage|p2b: Garganacl|0 fnt\n|faint|p2b: Garganacl\n|\n|-end|p1b: Chi-Yu|Infestation|[partiallytrapped]\n|upkeep\n|-message|TrangTrang forfeited.\n|\n|win|Vitalis24\n|raw|Vitalis24's rating: 1268 → 1302<\/strong> (+34 for winning)\n|raw|TrangTrang's rating: 1394 → 1367<\/strong> (-27 for losing)\n|l|\u2606TrangTrang\n","uploadtime":1683021441,"views":12,"p1id":"vitalis24","p2id":"trangtrang","formatid":"gen9vgc2023regulationc","rating":1302,"private":0,"password":""}