{"id":"gen9vgc2023regulationc-1856171959","p1":"Antonimo17","p2":"Tsuki6996","format":"[Gen 9] VGC 2023 Regulation C","log":"|j|\u2606Antonimo17\n|j|\u2606Tsuki6996\n|t:|1683037385\n|gametype|doubles\n|player|p1|Antonimo17|hilbert|1116\n|player|p2|Tsuki6996|veteranf|1125\n|teamsize|p1|6\n|teamsize|p2|6\n|gen|9\n|tier|[Gen 9] VGC 2023 Regulation C\n|rated|\n|rule|Species Clause: Limit one of each Pok\u00e9mon\n|rule|Item Clause: Limit one of each item\n|clearpoke\n|poke|p1|Torkoal, L50, F|\n|poke|p1|Chi-Yu, L50|\n|poke|p1|Dachsbun, L50, F|\n|poke|p1|Iron Hands, L50|\n|poke|p1|Gastrodon-East, L50, F|\n|poke|p1|Roaring Moon, L50|\n|poke|p2|Gallade, L50, M|\n|poke|p2|Ceruledge, L50, M|\n|poke|p2|Indeedee-F, L50, F|\n|poke|p2|Talonflame, L50, M|\n|poke|p2|Torkoal, L50, F|\n|poke|p2|Armarouge, L50, F|\n|teampreview|4\n|\n|t:|1683037428\n|start\n|switch|p1a: Chi-Yu|Chi-Yu, L50|100\/100\n|switch|p1b: Iron Hands|Iron Hands, L50|100\/100\n|switch|p2a: Talonflame|Talonflame, L50, M|100\/100\n|switch|p2b: Armarouge|Armarouge, L50, F|100\/100\n|-ability|p1a: Chi-Yu|Beads of Ruin\n|turn|1\n|\n|t:|1683037448\n|move|p2b: Armarouge|Protect|p2b: Armarouge\n|-singleturn|p2b: Armarouge|Protect\n|move|p1b: Iron Hands|Fake Out|p2a: Talonflame\n|-damage|p2a: Talonflame|76\/100\n|cant|p2a: Talonflame|flinch\n|move|p1a: Chi-Yu|Dark Pulse|p2b: Armarouge\n|-activate|p2b: Armarouge|move: Protect\n|\n|upkeep\n|turn|2\n|\n|t:|1683037495\n|move|p2b: Armarouge|Protect||[still]\n|-fail|p2b: Armarouge\n|move|p2a: Talonflame|U-turn|p1a: Chi-Yu\n|-damage|p1a: Chi-Yu|71\/100\n|\n|t:|1683037504\n|switch|p2a: Ceruledge|Ceruledge, L50, M|100\/100|[from] U-turn\n|move|p1a: Chi-Yu|Dark Pulse|p2b: Armarouge\n|-supereffective|p2b: Armarouge\n|-damage|p2b: Armarouge|0 fnt\n|faint|p2b: Armarouge\n|move|p1b: Iron Hands|Wild Charge|p2a: Ceruledge\n|-damage|p2a: Ceruledge|26\/100\n|-damage|p1b: Iron Hands|90\/100|[from] Recoil\n|\n|upkeep\n|\n|t:|1683037511\n|switch|p2b: Talonflame|Talonflame, L50, M|76\/100\n|turn|3\n|\n|t:|1683037524\n|move|p2b: Talonflame|Brave Bird|p1a: Chi-Yu\n|-damage|p1a: Chi-Yu|0 fnt\n|faint|p1a: Chi-Yu\n|-damage|p2b: Talonflame|56\/100|[from] Recoil\n|move|p2a: Ceruledge|Bulk Up|p2a: Ceruledge\n|-boost|p2a: Ceruledge|atk|1\n|-boost|p2a: Ceruledge|def|1\n|move|p1b: Iron Hands|Volt Switch|p2b: Talonflame\n|-supereffective|p2b: Talonflame\n|-damage|p2b: Talonflame|19\/100\n|\n|t:|1683037534\n|-end|p1b: Iron Hands|Quark Drive|[silent]\n|switch|p1b: Dachsbun|Dachsbun, L50, F, shiny|100\/100|[from] Volt Switch\n|\n|upkeep\n|\n|t:|1683037537\n|switch|p1a: Iron Hands|Iron Hands, L50|90\/100\n|turn|4\n|\n|t:|1683037558\n|switch|p2b: Indeedee|Indeedee-F, L50, F|100\/100\n|-fieldstart|move: Psychic Terrain|[from] ability: Psychic Surge|[of] p2b: Indeedee\n|-enditem|p2b: Indeedee|Psychic Seed\n|-boost|p2b: Indeedee|spd|1|[from] item: Psychic Seed\n|-terastallize|p2a: Ceruledge|Steel\n|move|p1a: Iron Hands|Fake Out|p2b: Indeedee\n|-activate|p2b: Indeedee|move: Psychic Terrain\n|move|p2a: Ceruledge|Bitter Blade|p1a: Iron Hands\n|-damage|p1a: Iron Hands|42\/100\n|-heal|p2a: Ceruledge|67\/100|[from] drain|[of] p1a: Iron Hands\n|move|p1b: Dachsbun|Charm|p2a: Ceruledge\n|-unboost|p2a: Ceruledge|atk|2\n|\n|upkeep\n|turn|5\n|\n|t:|1683037580\n|move|p2b: Indeedee|Follow Me|p2b: Indeedee\n|-singleturn|p2b: Indeedee|move: Follow Me\n|move|p2a: Ceruledge|Bulk Up|p2a: Ceruledge\n|-boost|p2a: Ceruledge|atk|1\n|-boost|p2a: Ceruledge|def|1\n|move|p1b: Dachsbun|Charm|p2b: Indeedee\n|-unboost|p2b: Indeedee|atk|2\n|move|p1a: Iron Hands|Drain Punch|p2b: Indeedee\n|-damage|p2b: Indeedee|32\/100\n|-heal|p1a: Iron Hands|66\/100|[from] drain|[of] p2b: Indeedee\n|\n|upkeep\n|turn|6\n|\n|t:|1683037613\n|-end|p1a: Iron Hands|Quark Drive|[silent]\n|switch|p1a: Roaring Moon|Roaring Moon, L50|100\/100\n|-enditem|p1a: Roaring Moon|Booster Energy\n|-activate|p1a: Roaring Moon|ability: Protosynthesis|[fromitem]\n|-start|p1a: Roaring Moon|protosynthesisatk\n|move|p2a: Ceruledge|Bitter Blade|p1a: Roaring Moon\n|-resisted|p1a: Roaring Moon\n|-damage|p1a: Roaring Moon|69\/100\n|-heal|p2a: Ceruledge|86\/100|[from] drain|[of] p1a: Roaring Moon\n|move|p1b: Dachsbun|Play Rough|p2b: Indeedee\n|-damage|p2b: Indeedee|0 fnt\n|faint|p2b: Indeedee\n|\n|upkeep\n|\n|t:|1683037626\n|switch|p2b: Talonflame|Talonflame, L50, M|19\/100\n|turn|7\n|\n|t:|1683037655\n|move|p2b: Talonflame|Brave Bird|p1b: Dachsbun\n|-damage|p1b: Dachsbun|68\/100\n|-damage|p2b: Talonflame|8\/100|[from] Recoil\n|move|p1a: Roaring Moon|Tailwind|p1a: Roaring Moon\n|-sidestart|p1: Antonimo17|move: Tailwind\n|move|p1b: Dachsbun|Charm|p2a: Ceruledge\n|-unboost|p2a: Ceruledge|atk|2\n|move|p2a: Ceruledge|Shadow Claw|p1b: Dachsbun\n|-damage|p1b: Dachsbun|56\/100\n|\n|upkeep\n|turn|8\n|-message|Tsuki6996 forfeited.\n|\n|win|Antonimo17\n|raw|Antonimo17's rating: 1116 → 1142<\/strong> (+26 for winning)\n|raw|Tsuki6996's rating: 1125 → 1099<\/strong> (-26 for losing)\n|l|\u2606Tsuki6996\n","uploadtime":1683037671,"views":9,"p1id":"antonimo17","p2id":"tsuki6996","formatid":"gen9vgc2023regulationc","rating":1099,"private":0,"password":""}