{"id":"gen9vgc2023regulationc-1861504850","p1":"DuroMF","p2":"foiledfeline","format":"[Gen 9] VGC 2023 Regulation C","log":"|j|\u2606DuroMF\n|j|\u2606foiledfeline\n|t:|1683766106\n|gametype|doubles\n|player|p1|DuroMF|burglar|1242\n|player|p2|foiledfeline|steven|1240\n|teamsize|p1|6\n|teamsize|p2|6\n|gen|9\n|tier|[Gen 9] VGC 2023 Regulation C\n|rated|\n|rule|Species Clause: Limit one of each Pok\u00e9mon\n|rule|Item Clause: Limit one of each item\n|clearpoke\n|poke|p1|Tyranitar, L50, F|\n|poke|p1|Ting-Lu, L50|\n|poke|p1|Gyarados, L50, M|\n|poke|p1|Wo-Chien, L50|\n|poke|p1|Flutter Mane, L50|\n|poke|p1|Iron Bundle, L50|\n|poke|p2|Flutter Mane, L50|\n|poke|p2|Talonflame, L50, M|\n|poke|p2|Breloom, L50, F|\n|poke|p2|Iron Bundle, L50|\n|poke|p2|Great Tusk, L50|\n|poke|p2|Baxcalibur, L50, F|\n|teampreview|4\nfoiledfeline has agreed to open team sheets.\nDuroMF has agreed to open team sheets.\n|\n|t:|1683766164\n|start\n|switch|p1a: Tyranitar|Tyranitar, L50, F, shiny|100\/100\n|switch|p1b: Gyarados|Gyarados, L50, M|100\/100\n|switch|p2a: Baxcalibur|Baxcalibur, L50, F|100\/100\n|switch|p2b: Talonflame|Talonflame, L50, M|100\/100\n|-ability|p1b: Gyarados|Intimidate|boost\n|-fail|p2a: Baxcalibur|unboost|[from] item: Clear Amulet|[of] p2a: Baxcalibur\n|-unboost|p2b: Talonflame|atk|1\n|-weather|Sandstorm|[from] ability: Sand Stream|[of] p1a: Tyranitar\n|turn|1\n|\n|t:|1683766204\n|switch|p2b: Great Tusk|Great Tusk, L50|100\/100\n|-terastallize|p2a: Baxcalibur|Poison\n|move|p2a: Baxcalibur|Glaive Rush|p1b: Gyarados\n|-crit|p1b: Gyarados\n|-damage|p1b: Gyarados|11\/100\n|-singlemove|p2a: Baxcalibur|Glaive Rush|[silent]\n|move|p1b: Gyarados|Waterfall|p2b: Great Tusk\n|-supereffective|p2b: Great Tusk\n|-damage|p2b: Great Tusk|52\/100\n|move|p1a: Tyranitar|Rock Slide|p2a: Baxcalibur|[spread] p2a\n|-miss|p1a: Tyranitar|p2b: Great Tusk\n|-damage|p2a: Baxcalibur|45\/100\n|\n|-weather|Sandstorm|[upkeep]\n|-damage|p2a: Baxcalibur|39\/100|[from] Sandstorm\n|upkeep\n|turn|2\n|\n|t:|1683766252\n|-terastallize|p1a: Tyranitar|Flying\n|move|p1b: Gyarados|Protect|p1b: Gyarados\n|-singleturn|p1b: Gyarados|Protect\n|move|p2a: Baxcalibur|Ice Shard|p1b: Gyarados\n|-activate|p1b: Gyarados|move: Protect\n|move|p2b: Great Tusk|Close Combat|p1a: Tyranitar\n|-resisted|p1a: Tyranitar\n|-damage|p1a: Tyranitar|71\/100\n|-unboost|p2b: Great Tusk|def|1\n|-unboost|p2b: Great Tusk|spd|1\n|move|p1a: Tyranitar|Tera Blast|p2b: Great Tusk\n|-supereffective|p2b: Great Tusk\n|-damage|p2b: Great Tusk|0 fnt\n|faint|p2b: Great Tusk\n|-end|p2b: Great Tusk|Protosynthesis|[silent]\n|\n|-weather|Sandstorm|[upkeep]\n|-damage|p2a: Baxcalibur|33\/100|[from] Sandstorm\n|-damage|p1a: Tyranitar|65\/100|[from] Sandstorm\n|upkeep\n|\n|t:|1683766271\n|switch|p2b: Talonflame|Talonflame, L50, M|100\/100\n|turn|3\n|\n|t:|1683766281\n|move|p2b: Talonflame|Brave Bird|p1a: Tyranitar\n|-damage|p1a: Tyranitar|18\/100\n|-damage|p2b: Talonflame|80\/100|[from] Recoil\n|-damage|p2b: Talonflame|70\/100|[from] item: Life Orb\n|move|p2a: Baxcalibur|Ice Shard|p1a: Tyranitar\n|-supereffective|p1a: Tyranitar\n|-damage|p1a: Tyranitar|0 fnt\n|faint|p1a: Tyranitar\n|move|p1b: Gyarados|Thunder Wave|p2b: Talonflame\n|-status|p2b: Talonflame|par\n|\n|-weather|Sandstorm|[upkeep]\n|-damage|p2a: Baxcalibur|27\/100|[from] Sandstorm\n|-damage|p2b: Talonflame|64\/100 par|[from] Sandstorm\n|upkeep\n|\n|t:|1683766294\n|switch|p1a: Ting-Lu|Ting-Lu, L50|100\/100\n|-ability|p1a: Ting-Lu|Vessel of Ruin\n|turn|4\n|\n|t:|1683766315\n|move|p2a: Baxcalibur|Ice Shard|p1b: Gyarados\n|-damage|p1b: Gyarados|0 fnt\n|faint|p1b: Gyarados\n|move|p2b: Talonflame|Will-O-Wisp|p1a: Ting-Lu\n|-status|p1a: Ting-Lu|brn\n|move|p1a: Ting-Lu|Earthquake|p2b: Talonflame|[spread] p2a\n|-immune|p2b: Talonflame\n|-supereffective|p2a: Baxcalibur\n|-damage|p2a: Baxcalibur|0 fnt\n|faint|p2a: Baxcalibur\n|\n|-weather|Sandstorm|[upkeep]\n|-damage|p2b: Talonflame|58\/100 par|[from] Sandstorm\n|-damage|p1a: Ting-Lu|94\/100 brn|[from] brn\n|upkeep\n|\n|t:|1683766337\n|switch|p2a: Breloom|Breloom, L50, F|100\/100\n|switch|p1b: Flutter Mane|Flutter Mane, L50|100\/100\n|turn|5\n|\n|t:|1683766348\n|move|p2a: Breloom|Protect|p2a: Breloom\n|-singleturn|p2a: Breloom|Protect\n|move|p1b: Flutter Mane|Dazzling Gleam|p2b: Talonflame|[spread] p2b\n|-activate|p2a: Breloom|move: Protect\n|-resisted|p2b: Talonflame\n|-damage|p2b: Talonflame|33\/100 par\n|cant|p2b: Talonflame|par\n|move|p1a: Ting-Lu|Heavy Slam|p2a: Breloom\n|-activate|p2a: Breloom|move: Protect\n|\n|-weather|none\n|-damage|p1a: Ting-Lu|88\/100 brn|[from] brn\n|upkeep\n|turn|6\n|\n|t:|1683766382\n|move|p1b: Flutter Mane|Dazzling Gleam|p2b: Talonflame|[spread] p2a,p2b\n|-supereffective|p2a: Breloom\n|-resisted|p2b: Talonflame\n|-enditem|p2a: Breloom|Focus Sash\n|-damage|p2a: Breloom|1\/100\n|-damage|p2b: Talonflame|6\/100 par\n|move|p2a: Breloom|Bullet Seed|p1a: Ting-Lu\n|-supereffective|p1a: Ting-Lu\n|-damage|p1a: Ting-Lu|65\/100 brn\n|-supereffective|p1a: Ting-Lu\n|-damage|p1a: Ting-Lu|42\/100 brn\n|-hitcount|p1a: Ting-Lu|2\n|move|p2b: Talonflame|Brave Bird|p1b: Flutter Mane\n|-damage|p1b: Flutter Mane|0 fnt\n|faint|p1b: Flutter Mane\n|-end|p1b: Flutter Mane|Protosynthesis|[silent]\n|-damage|p2b: Talonflame|0 fnt|[from] Recoil\n|faint|p2b: Talonflame\n|move|p1a: Ting-Lu|Heavy Slam|p2a: Breloom\n|-damage|p2a: Breloom|0 fnt\n|faint|p2a: Breloom\n|\n|win|DuroMF\n|raw|DuroMF's rating: 1242 → 1267<\/strong> (+25 for winning)\n|raw|foiledfeline's rating: 1240 → 1215<\/strong> (-25 for losing)\n","uploadtime":1683766400,"views":15,"p1id":"duromf","p2id":"foiledfeline","formatid":"gen9vgc2023regulationc","rating":1215,"private":0,"password":""}