{"id":"gen9vgc2023regulationc-1861356858","p1":"Cris_Rossi","p2":"leaveher","format":"[Gen 9] VGC 2023 Regulation C","log":"|j|\u2606Cris_Rossi\n|j|\u2606leaveher\n|t:|1683749120\n|gametype|doubles\n|player|p1|Cris_Rossi|nate|1107\n|player|p2|leaveher|102|1185\n|teamsize|p1|6\n|teamsize|p2|6\n|gen|9\n|tier|[Gen 9] VGC 2023 Regulation C\n|rated|\n|rule|Species Clause: Limit one of each Pok\u00e9mon\n|rule|Item Clause: Limit one of each item\n|clearpoke\n|poke|p1|Iron Hands, L50|\n|poke|p1|Flutter Mane, L50|\n|poke|p1|Maushold, L50|\n|poke|p1|Chien-Pao, L50|\n|poke|p1|Amoonguss, L50, F|\n|poke|p1|Arcanine, L50, F|\n|poke|p2|Palafin, L50, M|\n|poke|p2|Gholdengo, L50|\n|poke|p2|Iron Hands, L50|\n|poke|p2|Amoonguss, L50, M|\n|poke|p2|Dragonite, L50, M|\n|poke|p2|Pelipper, L50, F|\n|teampreview|4\n|inactive|Battle timer is ON: inactive players will automatically lose when time's up. (requested by leaveher)\nCris_Rossi has agreed to open team sheets.\n|inactive|Cris_Rossi has 60 seconds left.\n|inactive|Cris_Rossi has 30 seconds left.\n|inactive|Cris_Rossi has 20 seconds left.\n|\n|t:|1683749191\n|start\n|switch|p1a: Iron Hands|Iron Hands, L50|100\/100\n|switch|p1b: Maushold|Maushold, L50|100\/100\n|switch|p2a: Pelipper|Pelipper, L50, F|100\/100\n|switch|p2b: Gholdengo|Gholdengo, L50|100\/100\n|-weather|RainDance|[from] ability: Drizzle|[of] p2a: Pelipper\n|turn|1\n|inactive|Cris_Rossi has 30 seconds left.\n|inactive|leaveher has 30 seconds left.\n|\n|t:|1683749225\n|move|p1b: Maushold|Protect|p1b: Maushold\n|-singleturn|p1b: Maushold|Protect\n|move|p2a: Pelipper|Protect|p2a: Pelipper\n|-singleturn|p2a: Pelipper|Protect\n|move|p2b: Gholdengo|Nasty Plot|p2b: Gholdengo\n|-boost|p2b: Gholdengo|spa|2\n|move|p1a: Iron Hands|Thunder Punch|p2b: Gholdengo\n|-damage|p2b: Gholdengo|70\/100\n|\n|-weather|RainDance|[upkeep]\n|upkeep\n|turn|2\n|inactive|Cris_Rossi has 30 seconds left.\n|\n|t:|1683749251\n|move|p2b: Gholdengo|Protect|p2b: Gholdengo\n|-singleturn|p2b: Gholdengo|Protect\n|move|p1b: Maushold|Encore|p2b: Gholdengo\n|-activate|p2b: Gholdengo|move: Protect\n|move|p2a: Pelipper|Tailwind|p2a: Pelipper\n|-sidestart|p2: leaveher|move: Tailwind\n|move|p1a: Iron Hands|Swords Dance|p1a: Iron Hands\n|-boost|p1a: Iron Hands|atk|2\n|\n|-weather|RainDance|[upkeep]\n|upkeep\n|turn|3\n|\n|t:|1683749274\n|move|p1b: Maushold|Protect|p1b: Maushold\n|-singleturn|p1b: Maushold|Protect\n|move|p1a: Iron Hands|Detect|p1a: Iron Hands\n|-singleturn|p1a: Iron Hands|Protect\n|move|p2a: Pelipper|Hurricane|p1a: Iron Hands\n|-activate|p1a: Iron Hands|move: Protect\n|move|p2b: Gholdengo|Make It Rain|p1a: Iron Hands|[spread] \n|-activate|p1a: Iron Hands|move: Protect\n|-activate|p1b: Maushold|move: Protect\n|\n|-weather|RainDance|[upkeep]\n|upkeep\n|turn|4\n|inactive|Cris_Rossi has 30 seconds left.\n|\n|t:|1683749301\n|move|p1b: Maushold|Follow Me|p1b: Maushold\n|-singleturn|p1b: Maushold|move: Follow Me\n|move|p2a: Pelipper|Hurricane|p1b: Maushold\n|-damage|p1b: Maushold|20\/100\n|-start|p1b: Maushold|confusion\n|move|p2b: Gholdengo|Make It Rain|p1b: Maushold|[spread] p1a,p1b\n|-resisted|p1a: Iron Hands\n|-damage|p1a: Iron Hands|69\/100\n|-damage|p1b: Maushold|0 fnt\n|-unboost|p2b: Gholdengo|spa|1\n|faint|p1b: Maushold\n|-damage|p2b: Gholdengo|61\/100|[from] item: Life Orb\n|move|p1a: Iron Hands|Thunder Punch|p2b: Gholdengo\n|-damage|p2b: Gholdengo|1\/100\n|\n|-weather|RainDance|[upkeep]\n|upkeep\n|\n|t:|1683749317\n|switch|p1b: Chien-Pao|Chien-Pao, L50|100\/100\n|-ability|p1b: Chien-Pao|Sword of Ruin\n|turn|5\n|inactive|Cris_Rossi has 30 seconds left.\n|\n|t:|1683749343\n|-terastallize|p1b: Chien-Pao|Ghost\n|move|p2b: Gholdengo|Protect|p2b: Gholdengo\n|-singleturn|p2b: Gholdengo|Protect\n|move|p2a: Pelipper|Hurricane|p1b: Chien-Pao\n|-damage|p1b: Chien-Pao|25\/100\n|move|p1b: Chien-Pao|Ice Spinner|p2a: Pelipper\n|-damage|p2a: Pelipper|14\/100\n|-damage|p1b: Chien-Pao|15\/100|[from] item: Life Orb\n|move|p1a: Iron Hands|Thunder Punch|p2a: Pelipper\n|-supereffective|p2a: Pelipper\n|-damage|p2a: Pelipper|0 fnt\n|faint|p2a: Pelipper\n|\n|-weather|none\n|-sideend|p2: leaveher|move: Tailwind\n|upkeep\n|inactive|leaveher has 30 seconds left.\n|\n|t:|1683749371\n|switch|p2a: Dragonite|Dragonite, L50, M|100\/100\n|turn|6\n|\n|t:|1683749387\n|-terastallize|p2a: Dragonite|Flying\n|move|p2a: Dragonite|Extreme Speed|p1a: Iron Hands\n|-damage|p1a: Iron Hands|45\/100\n|-enditem|p1a: Iron Hands|Sitrus Berry|[eat]\n|-heal|p1a: Iron Hands|69\/100|[from] item: Sitrus Berry\n|move|p1b: Chien-Pao|Sucker Punch||[still]\n|-fail|p1b: Chien-Pao\n|move|p2b: Gholdengo|Shadow Ball|p1b: Chien-Pao\n|-supereffective|p1b: Chien-Pao\n|-damage|p1b: Chien-Pao|0 fnt\n|faint|p1b: Chien-Pao\n|-damage|p2b: Gholdengo|0 fnt|[from] item: Life Orb\n|faint|p2b: Gholdengo\n|move|p1a: Iron Hands|Thunder Punch|p2a: Dragonite\n|-supereffective|p2a: Dragonite\n|-damage|p2a: Dragonite|22\/100\n|\n|upkeep\n|\n|t:|1683749403\n|switch|p1b: Amoonguss|Amoonguss, L50, F|100\/100\n|switch|p2b: Iron Hands|Iron Hands, L50|100\/100\n|turn|7\n|\n|t:|1683749422\n|move|p2b: Iron Hands|Fake Out|p1b: Amoonguss\n|-damage|p1b: Amoonguss|88\/100\n|cant|p1b: Amoonguss|flinch\n|move|p2a: Dragonite|Tera Blast|p1b: Amoonguss\n|-supereffective|p1b: Amoonguss\n|-damage|p1b: Amoonguss|0 fnt\n|faint|p1b: Amoonguss\n|move|p1a: Iron Hands|Thunder Punch|p2a: Dragonite\n|-supereffective|p2a: Dragonite\n|-damage|p2a: Dragonite|0 fnt\n|faint|p2a: Dragonite\n|\n|upkeep\n|turn|8\n|\n|t:|1683749437\n|move|p2b: Iron Hands|Drain Punch|p1a: Iron Hands\n|-damage|p1a: Iron Hands|43\/100\n|move|p1a: Iron Hands|Drain Punch|p2b: Iron Hands\n|-damage|p2b: Iron Hands|48\/100\n|-heal|p1a: Iron Hands|68\/100|[from] drain|[of] p2b: Iron Hands\n|\n|upkeep\n|turn|9\n|\n|t:|1683749444\n|move|p2b: Iron Hands|Drain Punch|p1a: Iron Hands\n|-damage|p1a: Iron Hands|42\/100\n|-heal|p2b: Iron Hands|62\/100|[from] drain|[of] p1a: Iron Hands\n|move|p1a: Iron Hands|Drain Punch|p2b: Iron Hands\n|-damage|p2b: Iron Hands|13\/100\n|-heal|p1a: Iron Hands|65\/100|[from] drain|[of] p2b: Iron Hands\n|\n|upkeep\n|turn|10\n|\n|t:|1683749452\n|move|p2b: Iron Hands|Drain Punch|p1a: Iron Hands\n|-damage|p1a: Iron Hands|42\/100\n|-heal|p2b: Iron Hands|25\/100|[from] drain|[of] p1a: Iron Hands\n|move|p1a: Iron Hands|Drain Punch|p2b: Iron Hands\n|-damage|p2b: Iron Hands|0 fnt\n|-heal|p1a: Iron Hands|54\/100|[from] drain|[of] p2b: Iron Hands\n|faint|p2b: Iron Hands\n|-end|p2b: Iron Hands|Quark Drive|[silent]\n|\n|win|Cris_Rossi\n|raw|Cris_Rossi's rating: 1107 → 1138<\/strong> (+31 for winning)\n|raw|leaveher's rating: 1185 → 1154<\/strong> (-31 for losing)\n|l|\u2606leaveher\n","uploadtime":1683749471,"views":7,"p1id":"crisrossi","p2id":"leaveher","formatid":"gen9vgc2023regulationc","rating":1138,"private":0,"password":""}