{"id":"gen9vgc2023regulationc-1853258425","p1":"DawnTV","p2":"ArchAvenger","format":"[Gen 9] VGC 2023 Regulation C","log":"|j|\u2606DawnTV\n|j|\u2606ArchAvenger\n|t:|1682656224\n|gametype|doubles\n|player|p1|DawnTV|caitlin|1077\n|player|p2|ArchAvenger|266|1115\n|teamsize|p1|6\n|teamsize|p2|6\n|gen|9\n|tier|[Gen 9] VGC 2023 Regulation C\n|rated|\n|rule|Species Clause: Limit one of each Pok\u00e9mon\n|rule|Item Clause: Limit one of each item\n|clearpoke\n|poke|p1|Ting-Lu, L50|\n|poke|p1|Palafin, L50, M|\n|poke|p1|Amoonguss, L50, F|\n|poke|p1|Arcanine, L50, F|\n|poke|p1|Dragapult, L50, F|\n|poke|p1|Maushold-Four, L50|\n|poke|p2|Hippowdon, L50, M|\n|poke|p2|Ting-Lu, L50|\n|poke|p2|Garganacl, L50, M|\n|poke|p2|Chi-Yu, L50|\n|poke|p2|Flutter Mane, L50|\n|poke|p2|Amoonguss, L50, M|\n|teampreview|4\n|inactive|Battle timer is ON: inactive players will automatically lose when time's up. (requested by DawnTV)\n|\n|t:|1682656269\n|start\n|switch|p1a: Dragapult|Dragapult, L50, F|100\/100\n|switch|p1b: Amoonguss|Amoonguss, L50, F|100\/100\n|switch|p2a: Hippowdon|Hippowdon, L50, M|100\/100\n|switch|p2b: Garganacl|Garganacl, L50, M|100\/100\n|-weather|Sandstorm|[from] ability: Sand Stream|[of] p2a: Hippowdon\n|turn|1\n|\n|t:|1682656278\n|move|p1b: Amoonguss|Rage Powder|p1b: Amoonguss\n|-singleturn|p1b: Amoonguss|move: Rage Powder\n|move|p1a: Dragapult|Dragon Dance|p1a: Dragapult\n|-boost|p1a: Dragapult|atk|1\n|-boost|p1a: Dragapult|spe|1\n|move|p2a: Hippowdon|Sand Tomb|p1b: Amoonguss\n|-damage|p1b: Amoonguss|91\/100\n|-activate|p1b: Amoonguss|move: Sand Tomb|[of] p2a: Hippowdon\n|move|p2b: Garganacl|Salt Cure|p1b: Amoonguss\n|-damage|p1b: Amoonguss|80\/100\n|-start|p1b: Amoonguss|Salt Cure\n|\n|-weather|Sandstorm|[upkeep]\n|-damage|p1a: Dragapult|95\/100|[from] Sandstorm\n|-damage|p1b: Amoonguss|74\/100|[from] Sandstorm\n|-damage|p1b: Amoonguss|62\/100|[from] Salt Cure\n|-damage|p1b: Amoonguss|49\/100|[from] move: Sand Tomb|[partiallytrapped]\n|upkeep\n|-enditem|p1b: Amoonguss|Sitrus Berry|[eat]\n|-heal|p1b: Amoonguss|74\/100|[from] item: Sitrus Berry\n|turn|2\n|inactive|ArchAvenger has 30 seconds left.\n|inactive|ArchAvenger has 20 seconds left.\n|inactive|ArchAvenger has 15 seconds left.\n|\n|t:|1682656318\n|switch|p2b: Flutter Mane|Flutter Mane, L50|100\/100\n|move|p1b: Amoonguss|Rage Powder|p1b: Amoonguss\n|-singleturn|p1b: Amoonguss|move: Rage Powder\n|move|p1a: Dragapult|Dragon Dance|p1a: Dragapult\n|-boost|p1a: Dragapult|atk|1\n|-boost|p1a: Dragapult|spe|1\n|move|p2a: Hippowdon|Yawn|p1b: Amoonguss\n|-start|p1b: Amoonguss|move: Yawn|[of] p2a: Hippowdon\n|\n|-weather|Sandstorm|[upkeep]\n|-damage|p1a: Dragapult|89\/100|[from] Sandstorm\n|-damage|p2b: Flutter Mane|94\/100|[from] Sandstorm\n|-damage|p1b: Amoonguss|68\/100|[from] Sandstorm\n|-damage|p1b: Amoonguss|56\/100|[from] Salt Cure\n|-damage|p1b: Amoonguss|44\/100|[from] move: Sand Tomb|[partiallytrapped]\n|upkeep\n|turn|3\n|inactive|ArchAvenger has 30 seconds left.\n|\n|t:|1682656353\n|-end|p2b: Flutter Mane|Protosynthesis|[silent]\n|switch|p2b: Garganacl|Garganacl, L50, M|100\/100\n|move|p2a: Hippowdon|Protect|p2a: Hippowdon\n|-singleturn|p2a: Hippowdon|Protect\n|move|p1a: Dragapult|Phantom Force||[still]\n|-prepare|p1a: Dragapult|Phantom Force\n|move|p1b: Amoonguss|Spore|p2a: Hippowdon\n|-activate|p2a: Hippowdon|move: Protect\n|\n|-weather|Sandstorm|[upkeep]\n|-damage|p1a: Dragapult|83\/100|[from] Sandstorm\n|-damage|p1b: Amoonguss|38\/100|[from] Sandstorm\n|-damage|p1b: Amoonguss|26\/100|[from] Salt Cure\n|-damage|p1b: Amoonguss|14\/100|[from] move: Sand Tomb|[partiallytrapped]\n|-end|p1b: Amoonguss|move: Yawn|[silent]\n|-status|p1b: Amoonguss|slp\n|upkeep\n|turn|4\n|\n|t:|1682656370\n|cant|p1b: Amoonguss|slp\n|move|p1a: Dragapult|Phantom Force|p2b: Garganacl|[from]lockedmove\n|-damage|p2b: Garganacl|58\/100\n|-damage|p1a: Dragapult|73\/100|[from] item: Life Orb\n|move|p2a: Hippowdon|Yawn|p1a: Dragapult\n|-start|p1a: Dragapult|move: Yawn|[of] p2a: Hippowdon\n|move|p2b: Garganacl|Recover|p2b: Garganacl\n|-heal|p2b: Garganacl|100\/100\n|\n|-weather|Sandstorm|[upkeep]\n|-damage|p1a: Dragapult|67\/100|[from] Sandstorm\n|-damage|p1b: Amoonguss|8\/100 slp|[from] Sandstorm\n|-damage|p1b: Amoonguss|0 fnt|[from] Salt Cure\n|faint|p1b: Amoonguss\n|upkeep\n|\n|t:|1682656378\n|switch|p1b: Ting-Lu|Ting-Lu, L50|100\/100\n|-ability|p1b: Ting-Lu|Vessel of Ruin\n|turn|5\n|inactive|DawnTV has 30 seconds left.\n|\n|t:|1682656413\n|-terastallize|p2b: Garganacl|Flying\n|move|p1a: Dragapult|Dragon Darts|p2a: Hippowdon\n|-damage|p2a: Hippowdon|51\/100\n|-anim|p1a: Dragapult|Dragon Darts|p2b: Garganacl\n|-damage|p2b: Garganacl|57\/100\n|-damage|p1a: Dragapult|58\/100|[from] item: Life Orb\n|move|p1b: Ting-Lu|Sand Tomb|p2b: Garganacl\n|-immune|p2b: Garganacl\n|move|p2a: Hippowdon|Sand Tomb|p1b: Ting-Lu\n|-damage|p1b: Ting-Lu|95\/100\n|-activate|p1b: Ting-Lu|move: Sand Tomb|[of] p2a: Hippowdon\n|move|p2b: Garganacl|Salt Cure|p1b: Ting-Lu\n|-resisted|p1b: Ting-Lu\n|-damage|p1b: Ting-Lu|91\/100\n|-start|p1b: Ting-Lu|Salt Cure\n|\n|-weather|none\n|-heal|p2b: Garganacl|63\/100|[from] item: Leftovers\n|-damage|p1b: Ting-Lu|79\/100|[from] Salt Cure\n|-damage|p1b: Ting-Lu|67\/100|[from] move: Sand Tomb|[partiallytrapped]\n|-end|p1a: Dragapult|move: Yawn|[silent]\n|-status|p1a: Dragapult|slp\n|upkeep\n|turn|6\n|inactive|ArchAvenger has 30 seconds left.\n|\n|t:|1682656444\n|cant|p1a: Dragapult|slp\n|move|p1b: Ting-Lu|Snarl|p2a: Hippowdon|[spread] p2a,p2b\n|-damage|p2a: Hippowdon|45\/100\n|-damage|p2b: Garganacl|57\/100\n|-unboost|p2a: Hippowdon|spa|1\n|-unboost|p2b: Garganacl|spa|1\n|-enditem|p2a: Hippowdon|Sitrus Berry|[eat]\n|-heal|p2a: Hippowdon|69\/100|[from] item: Sitrus Berry\n|move|p2a: Hippowdon|Sand Tomb|p1a: Dragapult\n|-damage|p1a: Dragapult|38\/100 slp\n|-activate|p1a: Dragapult|move: Sand Tomb|[of] p2a: Hippowdon\n|move|p2b: Garganacl|Salt Cure|p1a: Dragapult\n|-damage|p1a: Dragapult|18\/100 slp\n|-start|p1a: Dragapult|Salt Cure\n|\n|-heal|p2b: Garganacl|63\/100|[from] item: Leftovers\n|-damage|p1a: Dragapult|6\/100 slp|[from] move: Sand Tomb|[partiallytrapped]\n|-damage|p1a: Dragapult|0 fnt|[from] Salt Cure\n|faint|p1a: Dragapult\n|-damage|p1b: Ting-Lu|55\/100|[from] Salt Cure\n|-damage|p1b: Ting-Lu|42\/100|[from] move: Sand Tomb|[partiallytrapped]\n|upkeep\n|\n|t:|1682656449\n|switch|p1a: Palafin|Palafin, L50, M|100\/100\n|turn|7\n|-message|DawnTV forfeited.\n|\n|win|ArchAvenger\n|raw|DawnTV's rating: 1077 → 1058<\/strong> (-19 for losing)\n|raw|ArchAvenger's rating: 1115 → 1137<\/strong> (+22 for winning)\n|l|\u2606DawnTV\n","uploadtime":1682656464,"views":11,"p1id":"dawntv","p2id":"archavenger","formatid":"gen9vgc2023regulationc","rating":1058,"private":0,"password":""}