{"id":"gen9vgc2023regulationc-1860863042","p1":"JayMcG1010","p2":"Can'tStopFalling","format":"[Gen 9] VGC 2023 Regulation C","log":"|j|\u2606JayMcG1010\n|j|\u2606Can'tStopFalling\n|t:|1683687262\n|gametype|doubles\n|player|p1|JayMcG1010|101|\n|player|p2|Can'tStopFalling|parasollady|\n|teamsize|p1|6\n|teamsize|p2|6\n|gen|9\n|tier|[Gen 9] VGC 2023 Regulation C\n|rule|Species Clause: Limit one of each Pok\u00e9mon\n|rule|Item Clause: Limit one of each item\n|clearpoke\n|poke|p1|Orthworm, L50, F|\n|poke|p1|Garganacl, L50, F|\n|poke|p1|Flutter Mane, L50|\n|poke|p1|Ting-Lu, L50|\n|poke|p1|Amoonguss, L50, F|\n|poke|p1|Dragonite, L50, M|\n|poke|p2|Iron Bundle, L50|\n|poke|p2|Amoonguss, L50, M|\n|poke|p2|Arcanine, L50, M|\n|poke|p2|Flutter Mane, L50|\n|poke|p2|Stonjourner, L50, M|\n|poke|p2|Farigiraf, L50, F|\n|teampreview|4\nCan'tStopFalling has agreed to open team sheets.\nJayMcG1010 has agreed to open team sheets.\n|c|\u2606JayMcG1010|g1\n|c|\u2606Can'tStopFalling|g1\n|j| AGSilver935\n|c|\u2606JayMcG1010|glhf!\n|j| repeatt\n|c|\u2606Can'tStopFalling|glhf!\n|j| Bauerdad\n|\n|t:|1683687370\n|start\n|switch|p1a: Orthworm|Orthworm, L50, F, shiny|100\/100\n|switch|p1b: Ting-Lu|Ting-Lu, L50|100\/100\n|switch|p2a: Papaya|Stonjourner, L50, M|100\/100\n|switch|p2b: Parchita|Flutter Mane, L50|100\/100\n|-ability|p1b: Ting-Lu|Vessel of Ruin\n|turn|1\n|\n|t:|1683687394\n|-terastallize|p1b: Ting-Lu|Water\n|move|p2b: Parchita|Protect|p2b: Parchita\n|-singleturn|p2b: Parchita|Protect\n|move|p2a: Papaya|Protect|p2a: Papaya\n|-singleturn|p2a: Papaya|Protect\n|move|p1a: Orthworm|Heavy Slam|p2b: Parchita\n|-activate|p2b: Parchita|move: Protect\n|move|p1b: Ting-Lu|Earthquake|p2a: Papaya|[spread] \n|-activate|p2a: Papaya|move: Protect\n|-activate|p2b: Parchita|move: Protect\n|-immune|p1a: Orthworm|[from] ability: Earth Eater\n|\n|upkeep\n|turn|2\n|\n|t:|1683687416\n|move|p2b: Parchita|Shadow Ball|p1a: Orthworm\n|-damage|p1a: Orthworm|41\/100\n|-enditem|p1a: Orthworm|Sitrus Berry|[eat]\n|-heal|p1a: Orthworm|66\/100|[from] item: Sitrus Berry\n|-damage|p2b: Parchita|91\/100|[from] item: Life Orb\n|move|p2a: Papaya|Low Kick|p1a: Orthworm\n|-supereffective|p1a: Orthworm\n|-damage|p1a: Orthworm|3\/100\n|move|p1a: Orthworm|Iron Defense|p1a: Orthworm\n|-boost|p1a: Orthworm|def|2\n|move|p1b: Ting-Lu|Heavy Slam|p2b: Parchita\n|-supereffective|p2b: Parchita\n|-damage|p2b: Parchita|0 fnt\n|faint|p2b: Parchita\n|-end|p2b: Parchita|Protosynthesis|[silent]\n|\n|upkeep\n|\n|t:|1683687435\n|switch|p2b: Cereza|Farigiraf, L50, F, shiny|100\/100\n|turn|3\n|\n|t:|1683687446\n|move|p2a: Papaya|Wide Guard|p2a: Papaya\n|-singleturn|p2a: Papaya|Wide Guard\n|move|p1a: Orthworm|Body Press|p2a: Papaya\n|-supereffective|p2a: Papaya\n|-damage|p2a: Papaya|8\/100\n|move|p2b: Cereza|Hyper Voice|p1a: Orthworm|[spread] p1a,p1b\n|-resisted|p1a: Orthworm\n|-damage|p1a: Orthworm|0 fnt\n|-damage|p1b: Ting-Lu|87\/100\n|faint|p1a: Orthworm\n|-enditem|p2b: Cereza|Throat Spray\n|-boost|p2b: Cereza|spa|1|[from] item: Throat Spray\n|move|p1b: Ting-Lu|Earthquake|p2b: Cereza|[spread] \n|-activate|p2a: Papaya|move: Wide Guard\n|-activate|p2b: Cereza|move: Wide Guard\n|\n|upkeep\n|\n|t:|1683687461\n|switch|p1a: Flutter Mane|Flutter Mane, L50|100\/100\n|turn|4\n|\n|t:|1683687484\n|move|p2a: Papaya|Protect|p2a: Papaya\n|-singleturn|p2a: Papaya|Protect\n|move|p1a: Flutter Mane|Moonblast|p2a: Papaya\n|-activate|p2a: Papaya|move: Protect\n|move|p2b: Cereza|Psyshock|p1a: Flutter Mane\n|-damage|p1a: Flutter Mane|13\/100\n|move|p1b: Ting-Lu|Ruination|p2b: Cereza\n|-damage|p2b: Cereza|50\/100\n|\n|upkeep\n|turn|5\n|\n|t:|1683687503\n|move|p1a: Flutter Mane|Protect|p1a: Flutter Mane\n|-singleturn|p1a: Flutter Mane|Protect\n|move|p2a: Papaya|Wide Guard|p2a: Papaya\n|-singleturn|p2a: Papaya|Wide Guard\n|move|p2b: Cereza|Thunderbolt|p1a: Flutter Mane\n|-activate|p1a: Flutter Mane|move: Protect\n|move|p1b: Ting-Lu|Earthquake|p2a: Papaya|[spread] \n|-activate|p2a: Papaya|move: Wide Guard\n|-activate|p2b: Cereza|move: Wide Guard\n|-activate|p1a: Flutter Mane|move: Protect\n|\n|upkeep\n|turn|6\n|\n|t:|1683687526\n|move|p2b: Cereza|Protect|p2b: Cereza\n|-singleturn|p2b: Cereza|Protect\n|move|p1a: Flutter Mane|Moonblast|p2b: Cereza\n|-activate|p2b: Cereza|move: Protect\n|move|p2a: Papaya|Rock Slide|p1a: Flutter Mane|[spread] p1a,p1b\n|-damage|p1a: Flutter Mane|0 fnt\n|-damage|p1b: Ting-Lu|69\/100\n|faint|p1a: Flutter Mane\n|-end|p1a: Flutter Mane|Protosynthesis|[silent]\n|cant|p1b: Ting-Lu|flinch\n|\n|upkeep\n|\n|t:|1683687532\n|switch|p1a: Garganacl|Garganacl, L50, F, shiny|100\/100\n|turn|7\n|\n|t:|1683687554\n|move|p2a: Papaya|Low Kick|p1b: Ting-Lu\n|-damage|p1b: Ting-Lu|45\/100\n|move|p2b: Cereza|Thunderbolt|p1b: Ting-Lu\n|-supereffective|p1b: Ting-Lu\n|-damage|p1b: Ting-Lu|9\/100\n|move|p1b: Ting-Lu|Stomping Tantrum|p2b: Cereza\n|-damage|p2b: Cereza|0 fnt\n|faint|p2b: Cereza\n|move|p1a: Garganacl|Salt Cure|p2a: Papaya\n|-damage|p2a: Papaya|0 fnt\n|faint|p2a: Papaya\n|\n|upkeep\n|\n|t:|1683687559\n|switch|p2b: Frambuesa|Iron Bundle, L50|100\/100\n|-enditem|p2b: Frambuesa|Booster Energy\n|-activate|p2b: Frambuesa|ability: Quark Drive|[fromitem]\n|-start|p2b: Frambuesa|quarkdrivespe\n|turn|8\n|\n|t:|1683687587\n|-terastallize|p2b: Frambuesa|Ice\n|move|p2b: Frambuesa|Freeze-Dry|p1b: Ting-Lu\n|-supereffective|p1b: Ting-Lu\n|-crit|p1b: Ting-Lu\n|-damage|p1b: Ting-Lu|0 fnt\n|faint|p1b: Ting-Lu\n|move|p1a: Garganacl|Salt Cure|p2b: Frambuesa\n|-supereffective|p2b: Frambuesa\n|-damage|p2b: Frambuesa|64\/100\n|-start|p2b: Frambuesa|Salt Cure\n|\n|-damage|p2b: Frambuesa|52\/100|[from] Salt Cure\n|upkeep\n|turn|9\n|j| JayVGC YT\n|\n|t:|1683687599\n|move|p2b: Frambuesa|Hydro Pump|p1a: Garganacl\n|-supereffective|p1a: Garganacl\n|-damage|p1a: Garganacl|18\/100\n|move|p1a: Garganacl|Salt Cure|p2b: Frambuesa\n|-supereffective|p2b: Frambuesa\n|-damage|p2b: Frambuesa|18\/100\n|\n|-heal|p1a: Garganacl|24\/100|[from] item: Leftovers\n|-damage|p2b: Frambuesa|6\/100|[from] Salt Cure\n|upkeep\n|turn|10\n|\n|t:|1683687607\n|move|p1a: Garganacl|Protect|p1a: Garganacl\n|-singleturn|p1a: Garganacl|Protect\n|move|p2b: Frambuesa|Hydro Pump|p1a: Garganacl\n|-activate|p1a: Garganacl|move: Protect\n|\n|-heal|p1a: Garganacl|30\/100|[from] item: Leftovers\n|-damage|p2b: Frambuesa|0 fnt|[from] Salt Cure\n|faint|p2b: Frambuesa\n|-end|p2b: Frambuesa|Quark Drive|[silent]\n|\n|win|JayMcG1010\n|upkeep\n|c|\u2606Can'tStopFalling|gg\n|c|\u2606JayMcG1010|gg\n|l| JayVGC YT\n|c| Bauerdad|woowwwww gg\n","uploadtime":1683687616,"views":16,"p1id":"jaymcg1010","p2id":"cantstopfalling","formatid":"gen9vgc2023regulationc","rating":0,"private":0,"password":""}