{"id":"gen9vgc2023regulationc-1853016690","p1":"android003","p2":"Ragnar92","format":"[Gen 9] VGC 2023 Regulation C","log":"|j|\u2606android003\n|j|\u2606Ragnar92\n|t:|1682626021\n|gametype|doubles\n|player|p1|android003|pokemonbreederf-gen4|1100\n|player|p2|Ragnar92|265|1192\n|teamsize|p1|6\n|teamsize|p2|6\n|gen|9\n|tier|[Gen 9] VGC 2023 Regulation C\n|rated|\n|rule|Species Clause: Limit one of each Pok\u00e9mon\n|rule|Item Clause: Limit one of each item\n|clearpoke\n|poke|p1|Iron Bundle, L50|\n|poke|p1|Ting-Lu, L50|\n|poke|p1|Vivillon-Fancy, L50, M|\n|poke|p1|Iron Hands, L50|\n|poke|p1|Bronzong, L50|\n|poke|p1|Abomasnow, L50, F|\n|poke|p2|Flutter Mane, L50|\n|poke|p2|Tyranitar, L50, F|\n|poke|p2|Indeedee-F, L50, F|\n|poke|p2|Garchomp, L50, M|\n|poke|p2|Orthworm, L50, F|\n|poke|p2|Ting-Lu, L50|\n|teampreview|4\n|inactive|Battle timer is ON: inactive players will automatically lose when time's up. (requested by android003)\n|inactive|Ragnar92 has 60 seconds left.\n|inactive|Ragnar92 has 30 seconds left.\n|inactive|Ragnar92 has 20 seconds left.\n|inactive|Ragnar92 has 15 seconds left.\n|inactive|Ragnar92 has 10 seconds left.\n|inactive|Ragnar92 has 5 seconds left.\n|\n|t:|1682626110\n|start\n|switch|p1a: Vivillon|Vivillon-Fancy, L50, M|100\/100\n|switch|p1b: Bronzong|Bronzong, L50|100\/100\n|switch|p2a: Garchomp|Garchomp, L50, M|100\/100\n|switch|p2b: Orthworm|Orthworm, L50, F|100\/100\n|turn|1\n|\n|t:|1682626131\n|move|p1a: Vivillon|Protect|p1a: Vivillon\n|-singleturn|p1a: Vivillon|Protect\n|move|p2a: Garchomp|Dragon Claw|p1a: Vivillon\n|-activate|p1a: Vivillon|move: Protect\n|move|p2b: Orthworm|Coil|p2b: Orthworm\n|-boost|p2b: Orthworm|atk|1\n|-boost|p2b: Orthworm|def|1\n|-boost|p2b: Orthworm|accuracy|1\n|move|p1b: Bronzong|Body Press|p2b: Orthworm\n|-supereffective|p2b: Orthworm\n|-damage|p2b: Orthworm|71\/100\n|\n|-heal|p2b: Orthworm|77\/100|[from] item: Leftovers\n|upkeep\n|turn|2\n|inactive|android003 has 30 seconds left.\n|\n|t:|1682626163\n|move|p2a: Garchomp|Dragon Claw|p1a: Vivillon\n|-damage|p1a: Vivillon|19\/100\n|move|p1a: Vivillon|Pollen Puff|p2a: Garchomp\n|-damage|p2a: Garchomp|64\/100\n|move|p2b: Orthworm|Coil|p2b: Orthworm\n|-boost|p2b: Orthworm|atk|1\n|-boost|p2b: Orthworm|def|1\n|-boost|p2b: Orthworm|accuracy|1\n|move|p1b: Bronzong|Body Press|p2b: Orthworm\n|-supereffective|p2b: Orthworm\n|-damage|p2b: Orthworm|57\/100\n|\n|-heal|p2b: Orthworm|63\/100|[from] item: Leftovers\n|upkeep\n|turn|3\n|inactive|Ragnar92 has 30 seconds left.\n|\n|t:|1682626192\n|switch|p2a: Indeedee|Indeedee-F, L50, F|100\/100\n|-fieldstart|move: Psychic Terrain|[from] ability: Psychic Surge|[of] p2a: Indeedee\n|move|p1a: Vivillon|Pollen Puff|p2a: Indeedee\n|-supereffective|p2a: Indeedee\n|-damage|p2a: Indeedee|39\/100\n|move|p2b: Orthworm|Coil|p2b: Orthworm\n|-boost|p2b: Orthworm|atk|1\n|-boost|p2b: Orthworm|def|1\n|-boost|p2b: Orthworm|accuracy|1\n|move|p1b: Bronzong|Body Press|p2a: Indeedee\n|-damage|p2a: Indeedee|8\/100\n|\n|-heal|p2b: Orthworm|69\/100|[from] item: Leftovers\n|upkeep\n|turn|4\n|\n|t:|1682626213\n|move|p1a: Vivillon|Pollen Puff|p2a: Indeedee\n|-supereffective|p2a: Indeedee\n|-crit|p2a: Indeedee\n|-damage|p2a: Indeedee|0 fnt\n|faint|p2a: Indeedee\n|move|p2b: Orthworm|Body Press|p1b: Bronzong\n|-damage|p1b: Bronzong|69\/100\n|move|p1b: Bronzong|Body Press|p2b: Orthworm\n|-supereffective|p2b: Orthworm\n|-damage|p2b: Orthworm|52\/100\n|\n|-heal|p2b: Orthworm|59\/100|[from] item: Leftovers\n|upkeep\n|\n|t:|1682626225\n|switch|p2a: Flutter Mane|Flutter Mane, L50|100\/100\n|turn|5\n|\n|t:|1682626232\n|move|p1a: Vivillon|Protect|p1a: Vivillon\n|-singleturn|p1a: Vivillon|Protect\n|move|p2a: Flutter Mane|Shadow Ball|p1b: Bronzong\n|-supereffective|p1b: Bronzong\n|-damage|p1b: Bronzong|6\/100\n|move|p2b: Orthworm|Heavy Slam|p1a: Vivillon\n|-activate|p1a: Vivillon|move: Protect\n|move|p1b: Bronzong|Gyro Ball|p2a: Flutter Mane\n|-supereffective|p2a: Flutter Mane\n|-enditem|p2a: Flutter Mane|Focus Sash\n|-damage|p2a: Flutter Mane|1\/100\n|\n|-heal|p2b: Orthworm|65\/100|[from] item: Leftovers\n|upkeep\n|turn|6\n|\n|t:|1682626248\n|move|p1a: Vivillon|Rage Powder|p1a: Vivillon\n|-singleturn|p1a: Vivillon|move: Rage Powder\n|move|p2a: Flutter Mane|Dazzling Gleam|p1a: Vivillon|[spread] p1a,p1b\n|-resisted|p1b: Bronzong\n|-damage|p1a: Vivillon|0 fnt\n|-damage|p1b: Bronzong|0 fnt\n|faint|p1a: Vivillon\n|faint|p1b: Bronzong\n|move|p2b: Orthworm|Coil|p2b: Orthworm\n|-boost|p2b: Orthworm|atk|1\n|-boost|p2b: Orthworm|def|1\n|-boost|p2b: Orthworm|accuracy|1\n|\n|-heal|p2b: Orthworm|71\/100|[from] item: Leftovers\n|upkeep\n|\n|t:|1682626253\n|switch|p1a: Iron Hands|Iron Hands, L50|100\/100\n|switch|p1b: Abomasnow|Abomasnow, L50, F|100\/100\n|-weather|Snow|[from] ability: Snow Warning|[of] p1b: Abomasnow\n|turn|7\n|\n|t:|1682626272\n|-terastallize|p1a: Iron Hands|Grass\n|move|p2a: Flutter Mane|Protect|p2a: Flutter Mane\n|-singleturn|p2a: Flutter Mane|Protect\n|move|p2b: Orthworm|Protect|p2b: Orthworm\n|-singleturn|p2b: Orthworm|Protect\n|move|p1b: Abomasnow|Aurora Veil|p1b: Abomasnow\n|-sidestart|p1: android003|move: Aurora Veil\n|move|p1a: Iron Hands|Drain Punch|p2b: Orthworm\n|-activate|p2b: Orthworm|move: Protect\n|\n|-weather|Snow|[upkeep]\n|-heal|p2b: Orthworm|77\/100|[from] item: Leftovers\n|-fieldend|move: Psychic Terrain\n|upkeep\n|turn|8\n|\n|t:|1682626289\n|-terastallize|p2b: Orthworm|Electric\n|move|p2a: Flutter Mane|Shadow Ball|p1a: Iron Hands\n|-damage|p1a: Iron Hands|87\/100\n|move|p2b: Orthworm|Body Press|p1a: Iron Hands\n|-damage|p1a: Iron Hands|50\/100\n|move|p1b: Abomasnow|Blizzard|p2b: Orthworm|[spread] p2a,p2b\n|-damage|p2a: Flutter Mane|0 fnt\n|-damage|p2b: Orthworm|24\/100\n|-status|p2b: Orthworm|frz\n|faint|p2a: Flutter Mane\n|-end|p2a: Flutter Mane|Protosynthesis|[silent]\n|-damage|p1b: Abomasnow|91\/100|[from] item: Life Orb\n|move|p1a: Iron Hands|Drain Punch|p2b: Orthworm\n|-damage|p2b: Orthworm|12\/100 frz\n|-heal|p1a: Iron Hands|55\/100|[from] drain|[of] p2b: Orthworm\n|\n|-weather|Snow|[upkeep]\n|-heal|p2b: Orthworm|18\/100 frz|[from] item: Leftovers\n|upkeep\n|\n|t:|1682626300\n|switch|p2a: Garchomp|Garchomp, L50, M|64\/100\n|turn|9\n|\n|t:|1682626309\n|move|p2a: Garchomp|Earthquake|p1b: Abomasnow|[spread] p1a,p1b\n|-heal|p2b: Orthworm|43\/100 frz|[from] ability: Earth Eater|[of] p2a: Garchomp\n|-resisted|p1a: Iron Hands\n|-resisted|p1b: Abomasnow\n|-damage|p1a: Iron Hands|45\/100\n|-damage|p1b: Abomasnow|80\/100\n|-curestatus|p2b: Orthworm|frz|[msg]\n|move|p2b: Orthworm|Heavy Slam|p1b: Abomasnow\n|-supereffective|p1b: Abomasnow\n|-damage|p1b: Abomasnow|25\/100\n|move|p1b: Abomasnow|Blizzard|p2b: Orthworm|[spread] p2a,p2b\n|-supereffective|p2a: Garchomp\n|-damage|p2a: Garchomp|0 fnt\n|-damage|p2b: Orthworm|0 fnt\n|faint|p2a: Garchomp\n|faint|p2b: Orthworm\n|-damage|p1b: Abomasnow|16\/100|[from] item: Life Orb\n|\n|win|android003\n|raw|android003's rating: 1100 → 1131<\/strong> (+31 for winning)\n|raw|Ragnar92's rating: 1192 → 1161<\/strong> (-31 for losing)\n|l|\u2606Ragnar92\n","uploadtime":1682626325,"views":10,"p1id":"android003","p2id":"ragnar92","formatid":"gen9vgc2023regulationc","rating":1131,"private":0,"password":""}