{"id":"gen9vgc2023regulationc-1854984847","p1":"BlueScalePoseidon","p2":"DinoMike130","format":"[Gen 9] VGC 2023 Regulation C","log":"|j|\u2606BlueScalePoseidon\n|j|\u2606DinoMike130\n|t:|1682887839\n|gametype|doubles\n|player|p1|BlueScalePoseidon|marlon|1341\n|player|p2|DinoMike130|veteran|1449\n|teamsize|p1|6\n|teamsize|p2|6\n|gen|9\n|tier|[Gen 9] VGC 2023 Regulation C\n|rated|\n|rule|Species Clause: Limit one of each Pok\u00e9mon\n|rule|Item Clause: Limit one of each item\n|clearpoke\n|poke|p1|Gyarados, L50, M|\n|poke|p1|Baxcalibur, L50, M|\n|poke|p1|Ting-Lu, L50|\n|poke|p1|Flutter Mane, L50|\n|poke|p1|Chi-Yu, L50|\n|poke|p1|Amoonguss, L50, M|\n|poke|p2|Torkoal, L50, M|\n|poke|p2|Flutter Mane, L50|\n|poke|p2|Orthworm, L50, M|\n|poke|p2|Murkrow, L50, F|\n|poke|p2|Garchomp, L50, F|\n|poke|p2|Iron Hands, L50|\n|teampreview|4\nDinoMike130 has agreed to open team sheets.\n|inactive|Battle timer is ON: inactive players will automatically lose when time's up. (requested by DinoMike130)\n|inactive|BlueScalePoseidon has 60 seconds left.\n|inactive|BlueScalePoseidon has 30 seconds left.\n|inactive|BlueScalePoseidon has 20 seconds left.\n|inactive|BlueScalePoseidon has 15 seconds left.\n|\n|t:|1682887922\n|start\n|switch|p1a: Bey Bey Bey|Flutter Mane, L50|100\/100\n|switch|p1b: Oh F1sh!|Chi-Yu, L50|100\/100\n|switch|p2a: Orthworm|Orthworm, L50, M|100\/100\n|switch|p2b: Flutter Mane|Flutter Mane, L50|100\/100\n|-ability|p1b: Oh F1sh!|Beads of Ruin\n|-enditem|p1a: Bey Bey Bey|Booster Energy\n|-activate|p1a: Bey Bey Bey|ability: Protosynthesis|[fromitem]\n|-start|p1a: Bey Bey Bey|protosynthesisspa\n|turn|1\n|inactive|DinoMike130 has 30 seconds left.\n|inactive|DinoMike130 has 20 seconds left.\n|inactive|DinoMike130 has 15 seconds left.\n|inactive|DinoMike130 has 10 seconds left.\n|\n|t:|1682887970\n|-terastallize|p2a: Orthworm|Fire\n|move|p1a: Bey Bey Bey|Protect|p1a: Bey Bey Bey\n|-singleturn|p1a: Bey Bey Bey|Protect\n|move|p1b: Oh F1sh!|Heat Wave|p2a: Orthworm|[spread] p2a,p2b\n|-resisted|p2a: Orthworm\n|-damage|p2a: Orthworm|63\/100\n|-damage|p2b: Flutter Mane|45\/100\n|-damage|p1b: Oh F1sh!|91\/100|[from] item: Life Orb\n|move|p2b: Flutter Mane|Shadow Ball|p1b: Oh F1sh!\n|-resisted|p1b: Oh F1sh!\n|-damage|p1b: Oh F1sh!|54\/100\n|move|p2a: Orthworm|Heavy Slam|p1a: Bey Bey Bey\n|-activate|p1a: Bey Bey Bey|move: Protect\n|\n|upkeep\n|turn|2\n|inactive|BlueScalePoseidon has 30 seconds left.\n|\n|t:|1682888001\n|-end|p1a: Bey Bey Bey|Protosynthesis|[silent]\n|switch|p1a: Mycena|Amoonguss, L50, M, shiny|100\/100\n|move|p1b: Oh F1sh!|Dark Pulse|p2a: Orthworm\n|-damage|p2a: Orthworm|0 fnt\n|faint|p2a: Orthworm\n|-damage|p1b: Oh F1sh!|44\/100|[from] item: Life Orb\n|move|p2b: Flutter Mane|Shadow Ball|p1b: Oh F1sh!\n|-resisted|p1b: Oh F1sh!\n|-damage|p1b: Oh F1sh!|8\/100\n|\n|upkeep\n|\n|t:|1682888013\n|switch|p2a: Iron Hands|Iron Hands, L50|100\/100\n|turn|3\n|\n|t:|1682888037\n|-end|p2b: Flutter Mane|Protosynthesis|[silent]\n|switch|p2b: Garchomp|Garchomp, L50, F|100\/100\n|move|p1b: Oh F1sh!|Protect|p1b: Oh F1sh!\n|-singleturn|p1b: Oh F1sh!|Protect\n|move|p2a: Iron Hands|Fake Out|p1b: Oh F1sh!\n|-activate|p1b: Oh F1sh!|move: Protect\n|move|p1a: Mycena|Spore|p2a: Iron Hands\n|-status|p2a: Iron Hands|slp|[from] move: Spore\n|\n|upkeep\n|turn|4\n|\n|t:|1682888061\n|switch|p1b: Not My Name|Ting-Lu, L50|100\/100\n|-ability|p1b: Not My Name|Vessel of Ruin\n|move|p2b: Garchomp|Rock Slide|p1a: Mycena|[spread] p1a,p1b\n|-resisted|p1b: Not My Name\n|-damage|p1a: Mycena|81\/100\n|-damage|p1b: Not My Name|93\/100\n|-damage|p2b: Garchomp|91\/100|[from] item: Life Orb\n|cant|p2a: Iron Hands|slp\n|move|p1a: Mycena|Spore|p2b: Garchomp\n|-status|p2b: Garchomp|slp|[from] move: Spore\n|\n|upkeep\n|turn|5\n|inactive|BlueScalePoseidon has 30 seconds left.\n|inactive|BlueScalePoseidon has 20 seconds left.\n|inactive|BlueScalePoseidon has 15 seconds left.\n|\n|t:|1682888106\n|cant|p2b: Garchomp|slp\n|cant|p2a: Iron Hands|slp\n|move|p1b: Not My Name|Fissure|p2b: Garchomp|[miss]\n|-miss|p1b: Not My Name|p2b: Garchomp\n|move|p1a: Mycena|Pollen Puff|p1b: Not My Name\n|-heal|p1b: Not My Name|100\/100\n|\n|upkeep\n|turn|6\n|\n|t:|1682888120\n|move|p1a: Mycena|Rage Powder|p1a: Mycena\n|-singleturn|p1a: Mycena|move: Rage Powder\n|-curestatus|p2b: Garchomp|slp|[msg]\n|move|p2b: Garchomp|Dragon Claw|p1a: Mycena\n|-damage|p1a: Mycena|37\/100\n|-enditem|p1a: Mycena|Sitrus Berry|[eat]\n|-heal|p1a: Mycena|62\/100|[from] item: Sitrus Berry\n|-damage|p2b: Garchomp|81\/100|[from] item: Life Orb\n|cant|p2a: Iron Hands|slp\n|move|p1b: Not My Name|Stomping Tantrum|p2a: Iron Hands\n|-supereffective|p2a: Iron Hands\n|-damage|p2a: Iron Hands|25\/100 slp\n|\n|upkeep\n|turn|7\n|inactive|BlueScalePoseidon has 30 seconds left.\n|\n|t:|1682888147\n|move|p2b: Garchomp|Dragon Claw|p1a: Mycena\n|-damage|p1a: Mycena|21\/100\n|-damage|p2b: Garchomp|71\/100|[from] item: Life Orb\n|-curestatus|p2a: Iron Hands|slp|[msg]\n|move|p2a: Iron Hands|Drain Punch|p1b: Not My Name\n|-supereffective|p1b: Not My Name\n|-damage|p1b: Not My Name|46\/100\n|-heal|p2a: Iron Hands|51\/100|[from] drain|[of] p1b: Not My Name\n|move|p1b: Not My Name|Stomping Tantrum|p2a: Iron Hands\n|-supereffective|p2a: Iron Hands\n|-damage|p2a: Iron Hands|17\/100\n|move|p1a: Mycena|Spore|p2b: Garchomp\n|-status|p2b: Garchomp|slp|[from] move: Spore\n|\n|upkeep\n|turn|8\n|inactive|BlueScalePoseidon has 30 seconds left.\n|\n|t:|1682888176\n|switch|p1b: Bey Bey Bey|Flutter Mane, L50|100\/100\n|cant|p2b: Garchomp|slp\n|move|p2a: Iron Hands|Drain Punch|p1b: Bey Bey Bey\n|-immune|p1b: Bey Bey Bey\n|move|p1a: Mycena|Spore|p2a: Iron Hands\n|-status|p2a: Iron Hands|slp|[from] move: Spore\n|\n|upkeep\n|turn|9\n|\n|t:|1682888193\n|switch|p1a: Oh F1sh!|Chi-Yu, L50|8\/100\n|-ability|p1a: Oh F1sh!|Beads of Ruin\n|move|p1b: Bey Bey Bey|Moonblast|p2b: Garchomp\n|-supereffective|p2b: Garchomp\n|-damage|p2b: Garchomp|0 fnt\n|faint|p2b: Garchomp\n|cant|p2a: Iron Hands|slp\n|\n|upkeep\n|\n|t:|1682888202\n|switch|p2b: Flutter Mane|Flutter Mane, L50|45\/100\n|turn|10\n|\n|t:|1682888216\n|-end|p1b: Bey Bey Bey|Protosynthesis|[silent]\n|switch|p1b: Mycena|Amoonguss, L50, M, shiny|55\/100\n|move|p1a: Oh F1sh!|Heat Wave|p2b: Flutter Mane|[spread] p2a,p2b\n|-damage|p2a: Iron Hands|0 fnt\n|-damage|p2b: Flutter Mane|0 fnt\n|faint|p2a: Iron Hands\n|-end|p2a: Iron Hands|Quark Drive|[silent]\n|faint|p2b: Flutter Mane\n|-end|p2b: Flutter Mane|Protosynthesis|[silent]\n|-damage|p1a: Oh F1sh!|0 fnt|[from] item: Life Orb\n|faint|p1a: Oh F1sh!\n|\n|win|BlueScalePoseidon\n|raw|BlueScalePoseidon's rating: 1341 → 1367<\/strong> (+26 for winning)\n|raw|DinoMike130's rating: 1449 → 1423<\/strong> (-26 for losing)\n|c|\u2606DinoMike130|gg\n","uploadtime":1682888229,"views":7,"p1id":"bluescaleposeidon","p2id":"dinomike130","formatid":"gen9vgc2023regulationc","rating":1367,"private":0,"password":""}