{"id":"gen9vgc2023regulationc-1854402706","p1":"Rigs_batata","p2":"AnyRandomPerson","format":"[Gen 9] VGC 2023 Regulation C","log":"|j|\u2606Rigs_batata\n|j|\u2606AnyRandomPerson\n|t:|1682806435\n|gametype|doubles\n|player|p1|Rigs_batata|waiter-gen4dp|1276\n|player|p2|AnyRandomPerson|scientist-gen4dp|1287\n|teamsize|p1|6\n|teamsize|p2|6\n|gen|9\n|tier|[Gen 9] VGC 2023 Regulation C\n|rated|\n|rule|Species Clause: Limit one of each Pok\u00e9mon\n|rule|Item Clause: Limit one of each item\n|clearpoke\n|poke|p1|Oranguru, L50, F|\n|poke|p1|Lurantis, L50, F|\n|poke|p1|Corviknight, L50, M|\n|poke|p1|Flutter Mane, L50|\n|poke|p1|Mudsdale, L50, M|\n|poke|p1|Mimikyu, L50, M|\n|poke|p2|Wo-Chien, L50|\n|poke|p2|Glimmora, L50, F|\n|poke|p2|Flutter Mane, L50|\n|poke|p2|Palafin, L50, F|\n|poke|p2|Gothitelle, L50, M|\n|poke|p2|Arcanine, L50, M|\n|teampreview|4\n|inactive|Battle timer is ON: inactive players will automatically lose when time's up. (requested by Rigs_batata)\n|inactive|AnyRandomPerson has 60 seconds left.\n|\n|t:|1682806485\n|start\n|switch|p1a: Corviknight|Corviknight, L50, M, shiny|100\/100\n|switch|p1b: Oranguru|Oranguru, L50, F|100\/100\n|switch|p2a: folium cochlea|Wo-Chien, L50|100\/100\n|switch|p2b: volitantem iuba|Flutter Mane, L50|100\/100\n|-ability|p2a: folium cochlea|Tablets of Ruin\n|-enditem|p2b: volitantem iuba|Booster Energy\n|-activate|p2b: volitantem iuba|ability: Protosynthesis|[fromitem]\n|-start|p2b: volitantem iuba|protosynthesisspe\n|turn|1\n|\n|t:|1682806501\n|switch|p2a: incubans psychicae|Gothitelle, L50, M|100\/100\n|-terastallize|p2b: volitantem iuba|Steel\n|move|p2b: volitantem iuba|Perish Song|p2b: volitantem iuba\n|-start|p1a: Corviknight|perish3|[silent]\n|-start|p1b: Oranguru|perish3|[silent]\n|-start|p2a: incubans psychicae|perish3|[silent]\n|-start|p2b: volitantem iuba|perish3|[silent]\n|-fieldactivate|move: Perish Song\n|move|p1a: Corviknight|U-turn|p2a: incubans psychicae\n|-supereffective|p2a: incubans psychicae\n|-damage|p2a: incubans psychicae|42\/100\n|-enditem|p2a: incubans psychicae|Sitrus Berry|[eat]\n|-heal|p2a: incubans psychicae|67\/100|[from] item: Sitrus Berry\n|\n|t:|1682806513\n|switch|p1a: Mudsdale|Mudsdale, L50, M, shiny|100\/100|[from] U-turn\n|move|p1b: Oranguru|Trick Room|p1b: Oranguru\n|-fieldstart|move: Trick Room|[of] p1b: Oranguru\n|\n|-start|p1b: Oranguru|perish3\n|-start|p2a: incubans psychicae|perish3\n|-start|p2b: volitantem iuba|perish3\n|upkeep\n|turn|2\n|\n|t:|1682806528\n|-end|p2b: volitantem iuba|Protosynthesis|[silent]\n|switch|p2b: folium cochlea|Wo-Chien, L50|100\/100\n|-ability|p2b: folium cochlea|Tablets of Ruin\n|move|p2a: incubans psychicae|Fake Out|p1a: Mudsdale\n|-damage|p1a: Mudsdale|97\/100\n|cant|p1a: Mudsdale|flinch\n|move|p1b: Oranguru|Taunt|p2a: incubans psychicae\n|-start|p2a: incubans psychicae|move: Taunt\n|\n|-start|p1b: Oranguru|perish2\n|-start|p2a: incubans psychicae|perish2\n|upkeep\n|turn|3\n|\n|t:|1682806542\n|move|p1a: Mudsdale|High Horsepower|p2a: incubans psychicae\n|-damage|p2a: incubans psychicae|34\/100\n|move|p1b: Oranguru|Instruct|p1a: Mudsdale\n|-singleturn|p1a: Mudsdale|move: Instruct|[of] p1b: Oranguru\n|move|p1a: Mudsdale|High Horsepower|p2a: incubans psychicae\n|-damage|p2a: incubans psychicae|0 fnt\n|faint|p2a: incubans psychicae\n|move|p2b: folium cochlea|Leech Seed|p1a: Mudsdale\n|-start|p1a: Mudsdale|move: Leech Seed\n|\n|-damage|p1a: Mudsdale|85\/100|[from] Leech Seed|[of] p2b: folium cochlea\n|-start|p1b: Oranguru|perish1\n|upkeep\n|\n|t:|1682806555\n|switch|p2a: lapis candens|Glimmora, L50, F|100\/100\n|turn|4\n|\n|t:|1682806570\n|switch|p1a: Corviknight|Corviknight, L50, M, shiny|100\/100\n|switch|p1b: Lurantis|Lurantis, L50, F|100\/100\n|move|p2a: lapis candens|Spiky Shield|p2a: lapis candens\n|-singleturn|p2a: lapis candens|move: Protect\n|move|p2b: folium cochlea|Leech Seed|p1b: Lurantis\n|-immune|p1b: Lurantis\n|\n|upkeep\n|turn|5\n|\n|t:|1682806593\n|switch|p1b: Oranguru|Oranguru, L50, F|100\/100\n|move|p1a: Corviknight|Iron Head|p2a: lapis candens\n|-supereffective|p2a: lapis candens\n|-damage|p2a: lapis candens|15\/100\n|-activate|p2a: lapis candens|ability: Toxic Debris\n|-sidestart|p1: Rigs_batata|move: Toxic Spikes\n|move|p2b: folium cochlea|Leech Seed|p1a: Corviknight\n|-start|p1a: Corviknight|move: Leech Seed\n|move|p2a: lapis candens|Sludge Bomb|p1b: Oranguru\n|-damage|p1b: Oranguru|72\/100\n|\n|-damage|p1a: Corviknight|88\/100|[from] Leech Seed|[of] p2b: folium cochlea\n|-fieldend|move: Trick Room\n|upkeep\n|turn|6\n|\n|t:|1682806609\n|move|p2a: lapis candens|Spiky Shield|p2a: lapis candens\n|-singleturn|p2a: lapis candens|move: Protect\n|move|p2b: folium cochlea|Leech Seed|p1b: Oranguru\n|-start|p1b: Oranguru|move: Leech Seed\n|move|p1a: Corviknight|Iron Head|p2a: lapis candens\n|-activate|p2a: lapis candens|move: Protect\n|-damage|p1a: Corviknight|76\/100|[from] Spiky Shield|[of] p2a: lapis candens\n|move|p1b: Oranguru|Trick Room|p1b: Oranguru\n|-fieldstart|move: Trick Room|[of] p1b: Oranguru\n|\n|-damage|p1a: Corviknight|64\/100|[from] Leech Seed|[of] p2b: folium cochlea\n|-damage|p1b: Oranguru|59\/100|[from] Leech Seed|[of] p2b: folium cochlea\n|upkeep\n|turn|7\n|\n|t:|1682806626\n|switch|p1a: Lurantis|Lurantis, L50, F|100\/100\n|-status|p1a: Lurantis|psn\n|switch|p2a: volitantem iuba|Flutter Mane, L50, tera:Steel|100\/100\n|move|p1b: Oranguru|Taunt|p2b: folium cochlea\n|-start|p2b: folium cochlea|move: Taunt\n|move|p2b: folium cochlea|Pollen Puff|p2a: volitantem iuba\n|-immune|p2a: volitantem iuba\n|\n|-damage|p1b: Oranguru|47\/100|[from] Leech Seed|[of] p2b: folium cochlea\n|-damage|p1a: Lurantis|88\/100 psn|[from] psn\n|upkeep\n|turn|8\n|\n|t:|1682806646\n|-terastallize|p1a: Lurantis|Fire\n|move|p1a: Lurantis|Tera Blast|p2a: volitantem iuba\n|-supereffective|p2a: volitantem iuba\n|-damage|p2a: volitantem iuba|49\/100\n|move|p1b: Oranguru|Instruct|p1a: Lurantis\n|-singleturn|p1a: Lurantis|move: Instruct|[of] p1b: Oranguru\n|move|p1a: Lurantis|Tera Blast|p2a: volitantem iuba\n|-supereffective|p2a: volitantem iuba\n|-damage|p2a: volitantem iuba|3\/100\n|move|p2b: folium cochlea|Pollen Puff|p1a: Lurantis\n|-resisted|p1a: Lurantis\n|-damage|p1a: Lurantis|77\/100 psn\n|move|p2a: volitantem iuba|Moonblast|p1b: Oranguru\n|-damage|p1b: Oranguru|16\/100\n|\n|-damage|p1b: Oranguru|4\/100|[from] Leech Seed|[of] p2b: folium cochlea\n|-damage|p1a: Lurantis|64\/100 psn|[from] psn\n|upkeep\n|turn|9\n|\n|t:|1682806669\n|switch|p2b: lapis candens|Glimmora, L50, F|15\/100\n|move|p2a: volitantem iuba|Protect|p2a: volitantem iuba\n|-singleturn|p2a: volitantem iuba|Protect\n|move|p1a: Lurantis|Tera Blast|p2b: lapis candens\n|-resisted|p2b: lapis candens\n|-damage|p2b: lapis candens|2\/100\n|move|p1b: Oranguru|Instruct|p1a: Lurantis\n|-singleturn|p1a: Lurantis|move: Instruct|[of] p1b: Oranguru\n|move|p1a: Lurantis|Tera Blast|p2b: lapis candens\n|-resisted|p2b: lapis candens\n|-damage|p2b: lapis candens|0 fnt\n|faint|p2b: lapis candens\n|\n|-damage|p1a: Lurantis|52\/100 psn|[from] psn\n|upkeep\n|\n|t:|1682806682\n|switch|p2b: folium cochlea|Wo-Chien, L50|100\/100\n|-ability|p2b: folium cochlea|Tablets of Ruin\n|turn|10\n|\n|t:|1682806692\n|move|p1a: Lurantis|Leaf Storm|p2a: volitantem iuba\n|-resisted|p2a: volitantem iuba\n|-damage|p2a: volitantem iuba|0 fnt\n|-boost|p1a: Lurantis|spa|2\n|faint|p2a: volitantem iuba\n|-end|p2a: volitantem iuba|Protosynthesis|[silent]\n|move|p1b: Oranguru|Taunt|p2b: folium cochlea\n|-start|p2b: folium cochlea|move: Taunt\n|cant|p2b: folium cochlea|move: Taunt|Leech Seed\n|\n|-damage|p1b: Oranguru|0 fnt|[from] Leech Seed|[of] p2b: folium cochlea\n|faint|p1b: Oranguru\n|-damage|p1a: Lurantis|40\/100 psn|[from] psn\n|-fieldend|move: Trick Room\n|upkeep\n|\n|t:|1682806697\n|switch|p1b: Corviknight|Corviknight, L50, M, shiny|64\/100\n|turn|11\n|\n|t:|1682806708\n|move|p2b: folium cochlea|Ruination|p1a: Lurantis\n|-damage|p1a: Lurantis|20\/100 psn\n|move|p1b: Corviknight|U-turn|p2b: folium cochlea\n|-supereffective|p2b: folium cochlea\n|-damage|p2b: folium cochlea|13\/100\n|\n|t:|1682806714\n|switch|p1b: Mudsdale|Mudsdale, L50, M, shiny|85\/100|[from] U-turn\n|-status|p1b: Mudsdale|psn\n|move|p1a: Lurantis|Tera Blast|p2b: folium cochlea\n|-supereffective|p2b: folium cochlea\n|-damage|p2b: folium cochlea|0 fnt\n|faint|p2b: folium cochlea\n|\n|win|Rigs_batata\n|raw|Rigs_batata's rating: 1276 → 1302<\/strong> (+26 for winning)\n|raw|AnyRandomPerson's rating: 1287 → 1261<\/strong> (-26 for losing)\n|l|\u2606AnyRandomPerson\n","uploadtime":1682806728,"views":23,"p1id":"rigsbatata","p2id":"anyrandomperson","formatid":"gen9vgc2023regulationc","rating":1261,"private":0,"password":""}