{"id":"gen9vgc2023regulationc-1854470578","p1":"Auraen","p2":"ClockworkToad","format":"[Gen 9] VGC 2023 Regulation C","log":"|j|\u2606Auraen\n|j|\u2606ClockworkToad\n|t:|1682815085\n|gametype|doubles\n|player|p1|Auraen|flannery|1312\n|player|p2|ClockworkToad|janine|1231\n|teamsize|p1|6\n|teamsize|p2|6\n|gen|9\n|tier|[Gen 9] VGC 2023 Regulation C\n|rated|\n|rule|Species Clause: Limit one of each Pok\u00e9mon\n|rule|Item Clause: Limit one of each item\n|clearpoke\n|poke|p1|Chi-Yu, L50|\n|poke|p1|Flutter Mane, L50|\n|poke|p1|Tauros-Paldea-Aqua, L50, M|\n|poke|p1|Tyranitar, L50, F|\n|poke|p1|Glimmora, L50, M|\n|poke|p1|Amoonguss, L50, M|\n|poke|p2|Sunflora, L50, M|\n|poke|p2|Torkoal, L50, M|\n|poke|p2|Hatterene, L50, F|\n|poke|p2|Hariyama, L50, M|\n|poke|p2|Flamigo, L50, M|\n|poke|p2|Luxray, L50, M|\n|teampreview|4\n|\n|t:|1682815121\n|start\n|switch|p1a: Chi-Yu|Chi-Yu, L50|100\/100\n|switch|p1b: Glimmora|Glimmora, L50, M|100\/100\n|switch|p2a: Yo-Ya Ma|Hariyama, L50, M|100\/100\n|switch|p2b: Irene Cara|Hatterene, L50, F|100\/100\n|-ability|p1a: Chi-Yu|Beads of Ruin\n|turn|1\n|\n|t:|1682815144\n|-terastallize|p2b: Irene Cara|Steel\n|move|p1a: Chi-Yu|Dark Pulse|p2b: Irene Cara\n|-damage|p2b: Irene Cara|51\/100\n|move|p1b: Glimmora|Sludge Bomb|p2b: Irene Cara\n|-immune|p2b: Irene Cara\n|move|p2a: Yo-Ya Ma|Headlong Rush|p1a: Chi-Yu\n|-supereffective|p1a: Chi-Yu\n|-crit|p1a: Chi-Yu\n|-damage|p1a: Chi-Yu|0 fnt\n|-unboost|p2a: Yo-Ya Ma|def|1\n|-unboost|p2a: Yo-Ya Ma|spd|1\n|faint|p1a: Chi-Yu\n|move|p2b: Irene Cara|Trick Room|p2b: Irene Cara\n|-fieldstart|move: Trick Room|[of] p2b: Irene Cara\n|\n|-status|p2a: Yo-Ya Ma|brn|[from] item: Flame Orb\n|upkeep\n|\n|t:|1682815158\n|switch|p1a: Tauros|Tauros-Paldea-Aqua, L50, M|100\/100\n|-ability|p1a: Tauros|Intimidate|boost\n|-unboost|p2a: Yo-Ya Ma|atk|1\n|-unboost|p2b: Irene Cara|atk|1\n|turn|2\n|\n|t:|1682815177\n|switch|p2a: Ray Charles|Luxray, L50, M|100\/100\n|-ability|p2a: Ray Charles|Intimidate|boost\n|-unboost|p1a: Tauros|atk|1\n|-unboost|p1b: Glimmora|atk|1\n|move|p1a: Tauros|Protect|p1a: Tauros\n|-singleturn|p1a: Tauros|Protect\n|move|p2b: Irene Cara|Draining Kiss|p1a: Tauros\n|-activate|p1a: Tauros|move: Protect\n|move|p1b: Glimmora|Earth Power|p2b: Irene Cara\n|-supereffective|p2b: Irene Cara\n|-damage|p2b: Irene Cara|0 fnt\n|faint|p2b: Irene Cara\n|\n|upkeep\n|\n|t:|1682815192\n|switch|p2b: Yo-Ya Ma|Hariyama, L50, M|100\/100 brn\n|turn|3\n|\n|t:|1682815204\n|switch|p1a: Tyranitar|Tyranitar, L50, F|100\/100\n|-weather|Sandstorm|[from] ability: Sand Stream|[of] p1a: Tyranitar\n|-terastallize|p1b: Glimmora|Flying\n|move|p2b: Yo-Ya Ma|Close Combat|p1b: Glimmora\n|-resisted|p1b: Glimmora\n|-damage|p1b: Glimmora|59\/100\n|-unboost|p2b: Yo-Ya Ma|def|1\n|-unboost|p2b: Yo-Ya Ma|spd|1\n|-activate|p1b: Glimmora|ability: Toxic Debris\n|-sidestart|p2: ClockworkToad|move: Toxic Spikes\n|move|p2a: Ray Charles|Volt Switch|p1a: Tyranitar\n|-damage|p1a: Tyranitar|86\/100\n|\n|t:|1682815219\n|switch|p2a: MigoStrvnsky|Flamigo, L50, M|100\/100|[from] Volt Switch\n|move|p1b: Glimmora|Earth Power|p2a: MigoStrvnsky\n|-immune|p2a: MigoStrvnsky\n|\n|-weather|Sandstorm|[upkeep]\n|-damage|p2b: Yo-Ya Ma|95\/100 brn|[from] Sandstorm\n|-damage|p2a: MigoStrvnsky|95\/100|[from] Sandstorm\n|-damage|p1b: Glimmora|53\/100|[from] Sandstorm\n|-damage|p2b: Yo-Ya Ma|89\/100 brn|[from] brn\n|upkeep\n|turn|4\n|\n|t:|1682815236\n|switch|p2b: Ray Charles|Luxray, L50, M|100\/100\n|-status|p2b: Ray Charles|psn\n|-ability|p2b: Ray Charles|Intimidate|boost\n|-unboost|p1a: Tyranitar|atk|1\n|-unboost|p1b: Glimmora|atk|1\n|switch|p1b: Tauros|Tauros-Paldea-Aqua, L50, M|100\/100\n|-ability|p1b: Tauros|Intimidate|boost\n|-fail|p2a: MigoStrvnsky|unboost|Attack|[from] ability: Scrappy|[of] p2a: MigoStrvnsky\n|-unboost|p2b: Ray Charles|atk|1\n|move|p1a: Tyranitar|Protect|p1a: Tyranitar\n|-singleturn|p1a: Tyranitar|Protect\n|move|p2a: MigoStrvnsky|Close Combat|p1a: Tyranitar\n|-activate|p1a: Tyranitar|move: Protect\n|\n|-weather|Sandstorm|[upkeep]\n|-damage|p2a: MigoStrvnsky|89\/100|[from] Sandstorm\n|-damage|p2b: Ray Charles|88\/100 psn|[from] psn\n|upkeep\n|turn|5\n|\n|t:|1682815257\n|switch|p1a: Glimmora|Glimmora, L50, M, tera:Flying|53\/100\n|move|p1b: Tauros|Protect|p1b: Tauros\n|-singleturn|p1b: Tauros|Protect\n|move|p2b: Ray Charles|Volt Switch|p1b: Tauros\n|-activate|p1b: Tauros|move: Protect\n|move|p2a: MigoStrvnsky|Close Combat|p1a: Glimmora\n|-resisted|p1a: Glimmora\n|-crit|p1a: Glimmora\n|-damage|p1a: Glimmora|18\/100\n|-unboost|p2a: MigoStrvnsky|def|1\n|-unboost|p2a: MigoStrvnsky|spd|1\n|-activate|p1a: Glimmora|ability: Toxic Debris\n|-sidestart|p2: ClockworkToad|move: Toxic Spikes\n|\n|-weather|Sandstorm|[upkeep]\n|-damage|p2a: MigoStrvnsky|83\/100|[from] Sandstorm\n|-damage|p1a: Glimmora|12\/100|[from] Sandstorm\n|-damage|p2b: Ray Charles|76\/100 psn|[from] psn\n|-fieldend|move: Trick Room\n|upkeep\n|turn|6\n|\n|t:|1682815286\n|move|p2a: MigoStrvnsky|Feint|p1a: Glimmora\n|-damage|p1a: Glimmora|4\/100\n|move|p2b: Ray Charles|Baby-Doll Eyes|p1b: Tauros\n|-unboost|p1b: Tauros|atk|1\n|move|p1b: Tauros|Close Combat|p2b: Ray Charles\n|-damage|p2b: Ray Charles|49\/100 psn\n|-unboost|p1b: Tauros|def|1\n|-unboost|p1b: Tauros|spd|1\n|move|p1a: Glimmora|Power Gem|p2a: MigoStrvnsky\n|-damage|p2a: MigoStrvnsky|13\/100\n|\n|-weather|Sandstorm|[upkeep]\n|-damage|p1a: Glimmora|0 fnt|[from] Sandstorm\n|-damage|p2a: MigoStrvnsky|7\/100|[from] Sandstorm\n|faint|p1a: Glimmora\n|-damage|p2b: Ray Charles|36\/100 psn|[from] psn\n|upkeep\n|\n|t:|1682815300\n|switch|p1a: Tyranitar|Tyranitar, L50, F|86\/100\n|turn|7\n|\n|t:|1682815343\n|switch|p2a: Yo-Ya Ma|Hariyama, L50, M|89\/100 brn\n|move|p1b: Tauros|Aqua Jet|p2a: Yo-Ya Ma\n|-damage|p2a: Yo-Ya Ma|79\/100 brn\n|move|p1a: Tyranitar|Rock Slide|p2a: Yo-Ya Ma|[spread] p2a,p2b\n|-resisted|p2a: Yo-Ya Ma\n|-damage|p2a: Yo-Ya Ma|64\/100 brn\n|-damage|p2b: Ray Charles|9\/100 psn\n|move|p2b: Ray Charles|Volt Switch|p1b: Tauros\n|-supereffective|p1b: Tauros\n|-damage|p1b: Tauros|0 fnt\n|faint|p1b: Tauros\n|-message|Auraen forfeited.\n|\n|win|ClockworkToad\n|raw|Auraen's rating: 1312 → 1287<\/strong> (-25 for losing)\n|raw|ClockworkToad's rating: 1231 → 1262<\/strong> (+31 for winning)\n|l|\u2606Auraen\n|c|\u2606ClockworkToad|Gg\n","uploadtime":1682815367,"views":11,"p1id":"auraen","p2id":"clockworktoad","formatid":"gen9vgc2023regulationc","rating":1262,"private":0,"password":""}