{"id":"gen9vgc2023regulationc-1859013368","p1":"Arcacagne","p2":"Jovenchano3103","format":"[Gen 9] VGC 2023 Regulation C","log":"|j|\u2606Arcacagne\n|j|\u2606Jovenchano3103\n|t:|1683394301\n|gametype|doubles\n|player|p1|Arcacagne|170|1349\n|player|p2|Jovenchano3103|bugcatcher-gen4dp|1286\n|teamsize|p1|6\n|teamsize|p2|6\n|gen|9\n|tier|[Gen 9] VGC 2023 Regulation C\n|rated|\n|rule|Species Clause: Limit one of each Pok\u00e9mon\n|rule|Item Clause: Limit one of each item\n|clearpoke\n|poke|p1|Abomasnow, L50, F|\n|poke|p1|Iron Bundle, L50|\n|poke|p1|Chi-Yu, L50|\n|poke|p1|Amoonguss, L50, M|\n|poke|p1|Iron Hands, L50|\n|poke|p1|Flutter Mane, L50|\n|poke|p2|Amoonguss, L50, M|\n|poke|p2|Baxcalibur, L50, F|\n|poke|p2|Palafin, L50, F|\n|poke|p2|Flutter Mane, L50|\n|poke|p2|Ting-Lu, L50|\n|poke|p2|Arcanine, L50, F|\n|teampreview|4\n|inactive|Battle timer is ON: inactive players will automatically lose when time's up. (requested by Jovenchano3103)\n|inactive|Jovenchano3103 has 60 seconds left.\n|\n|t:|1683394368\n|start\n|switch|p1a: Abomasnow|Abomasnow, L50, F|100\/100\n|switch|p1b: Iron Hands|Iron Hands, L50|100\/100\n|switch|p2a: Flutter Mane|Flutter Mane, L50|100\/100\n|switch|p2b: Baxcalibur|Baxcalibur, L50, F|100\/100\n|-weather|Snow|[from] ability: Snow Warning|[of] p1a: Abomasnow\n|turn|1\n|inactive|Arcacagne has 30 seconds left.\n|inactive|Jovenchano3103 has 30 seconds left.\n|inactive|Arcacagne has 20 seconds left.\n|inactive|Arcacagne has 15 seconds left.\n|\n|t:|1683394408\n|-end|p1b: Iron Hands|Quark Drive|[silent]\n|switch|p1b: Iron Bundle|Iron Bundle, L50|100\/100\n|-enditem|p1b: Iron Bundle|Booster Energy\n|-activate|p1b: Iron Bundle|ability: Quark Drive|[fromitem]\n|-start|p1b: Iron Bundle|quarkdrivespe\n|move|p2a: Flutter Mane|Moonblast|p1b: Iron Bundle\n|-damage|p1b: Iron Bundle|0 fnt\n|faint|p1b: Iron Bundle\n|-end|p1b: Iron Bundle|Quark Drive|[silent]\n|move|p2b: Baxcalibur|Dragon Dance|p2b: Baxcalibur\n|-boost|p2b: Baxcalibur|atk|1\n|-boost|p2b: Baxcalibur|spe|1\n|move|p1a: Abomasnow|Aurora Veil|p1a: Abomasnow\n|-sidestart|p1: Arcacagne|move: Aurora Veil\n|\n|-weather|Snow|[upkeep]\n|upkeep\n|\n|t:|1683394423\n|switch|p1b: Iron Hands|Iron Hands, L50|100\/100\n|turn|2\n|\n|t:|1683394442\n|-terastallize|p1b: Iron Hands|Grass\n|move|p2b: Baxcalibur|Glaive Rush|p1a: Abomasnow\n|-damage|p1a: Abomasnow|48\/100\n|-singlemove|p2b: Baxcalibur|Glaive Rush|[silent]\n|move|p2a: Flutter Mane|Moonblast|p1b: Iron Hands\n|-damage|p1b: Iron Hands|65\/100\n|move|p1a: Abomasnow|Blizzard|p2a: Flutter Mane|[spread] p2a,p2b\n|-damage|p2a: Flutter Mane|62\/100\n|-damage|p2b: Baxcalibur|11\/100\n|-damage|p1a: Abomasnow|39\/100|[from] item: Life Orb\n|move|p1b: Iron Hands|Drain Punch|p2b: Baxcalibur\n|-supereffective|p2b: Baxcalibur\n|-damage|p2b: Baxcalibur|0 fnt\n|-heal|p1b: Iron Hands|69\/100|[from] drain|[of] p2b: Baxcalibur\n|faint|p2b: Baxcalibur\n|\n|-weather|Snow|[upkeep]\n|upkeep\n|\n|t:|1683394463\n|switch|p2b: Arcanine|Arcanine, L50, F|100\/100\n|-ability|p2b: Arcanine|Intimidate|boost\n|-unboost|p1a: Abomasnow|atk|1\n|-fail|p1b: Iron Hands|unboost|[from] item: Clear Amulet|[of] p1b: Iron Hands\n|turn|3\n|\n|t:|1683394486\n|-terastallize|p2a: Flutter Mane|Fairy\n|move|p1a: Abomasnow|Protect|p1a: Abomasnow\n|-singleturn|p1a: Abomasnow|Protect\n|move|p2a: Flutter Mane|Moonblast|p1a: Abomasnow\n|-activate|p1a: Abomasnow|move: Protect\n|move|p2b: Arcanine|Will-O-Wisp|p1b: Iron Hands\n|-status|p1b: Iron Hands|brn\n|move|p1b: Iron Hands|Thunder Punch|p2a: Flutter Mane\n|-damage|p2a: Flutter Mane|30\/100\n|\n|-weather|Snow|[upkeep]\n|-damage|p1b: Iron Hands|63\/100 brn|[from] brn\n|upkeep\n|turn|4\n|inactive|Arcacagne has 30 seconds left.\n|\n|t:|1683394512\n|move|p2a: Flutter Mane|Moonblast|p1a: Abomasnow\n|-damage|p1a: Abomasnow|0 fnt\n|faint|p1a: Abomasnow\n|move|p2b: Arcanine|Flare Blitz|p1b: Iron Hands\n|-supereffective|p1b: Iron Hands\n|-damage|p1b: Iron Hands|23\/100 brn\n|-damage|p2b: Arcanine|83\/100|[from] Recoil\n|move|p1b: Iron Hands|Thunder Punch|p2a: Flutter Mane\n|-damage|p2a: Flutter Mane|0 fnt\n|faint|p2a: Flutter Mane\n|-end|p2a: Flutter Mane|Protosynthesis|[silent]\n|\n|-weather|Snow|[upkeep]\n|-damage|p1b: Iron Hands|17\/100 brn|[from] brn\n|upkeep\n|\n|t:|1683394527\n|switch|p2a: Amoonguss|Amoonguss, L50, M|100\/100\n|switch|p1a: Flutter Mane|Flutter Mane, L50|100\/100\n|turn|5\n|\n|t:|1683394547\n|move|p2b: Arcanine|Protect|p2b: Arcanine\n|-singleturn|p2b: Arcanine|Protect\n|move|p1a: Flutter Mane|Shadow Ball|p2b: Arcanine\n|-activate|p2b: Arcanine|move: Protect\n|move|p1b: Iron Hands|Drain Punch|p2b: Arcanine\n|-activate|p2b: Arcanine|move: Protect\n|move|p2a: Amoonguss|Spore|p1a: Flutter Mane\n|-status|p1a: Flutter Mane|slp|[from] move: Spore\n|\n|-weather|none\n|-damage|p1b: Iron Hands|10\/100 brn|[from] brn\n|-sideend|p1: Arcacagne|move: Aurora Veil\n|upkeep\n|turn|6\n|inactive|Arcacagne has 30 seconds left.\n|\n|t:|1683394575\n|cant|p1a: Flutter Mane|slp\n|move|p2b: Arcanine|Flare Blitz|p1a: Flutter Mane\n|-damage|p1a: Flutter Mane|1\/100 slp\n|-damage|p2b: Arcanine|61\/100|[from] Recoil\n|move|p1b: Iron Hands|Drain Punch|p2b: Arcanine\n|-damage|p2b: Arcanine|43\/100\n|-heal|p1b: Iron Hands|17\/100 brn|[from] drain|[of] p2b: Arcanine\n|move|p2a: Amoonguss|Pollen Puff|p1b: Iron Hands\n|-supereffective|p1b: Iron Hands\n|-damage|p1b: Iron Hands|0 fnt\n|faint|p1b: Iron Hands\n|-end|p1b: Iron Hands|Quark Drive|[silent]\n|\n|upkeep\n|turn|7\n|inactive|Arcacagne has 30 seconds left.\n|inactive|Arcacagne has 20 seconds left.\n|\n|t:|1683394615\n|-curestatus|p1a: Flutter Mane|slp|[msg]\n|move|p1a: Flutter Mane|Dazzling Gleam|p2a: Amoonguss|[spread] p2a,p2b\n|-resisted|p2a: Amoonguss\n|-resisted|p2b: Arcanine\n|-damage|p2a: Amoonguss|89\/100\n|-damage|p2b: Arcanine|27\/100\n|move|p2b: Arcanine|Flare Blitz|p1a: Flutter Mane\n|-damage|p1a: Flutter Mane|0 fnt\n|faint|p1a: Flutter Mane\n|-end|p1a: Flutter Mane|Protosynthesis|[silent]\n|-damage|p2b: Arcanine|27\/100|[from] Recoil\n|\n|win|Jovenchano3103\n|raw|Arcacagne's rating: 1349 → 1325<\/strong> (-24 for losing)\n|raw|Jovenchano3103's rating: 1286 → 1315<\/strong> (+29 for winning)\n|l|\u2606Jovenchano3103\n","uploadtime":1683394661,"views":16,"p1id":"arcacagne","p2id":"jovenchano3103","formatid":"gen9vgc2023regulationc","rating":1315,"private":0,"password":""}