{"id":"gen9vgc2023regulationc-1847101172","p1":"ScV Gengar","p2":"dreamswgh","format":"[Gen 9] VGC 2023 Regulation C","log":"|j|\u2606ScV Gengar\n|j|\u2606dreamswgh\n|t:|1681919141\n|gametype|doubles\n|player|p1|ScV Gengar|benga|1332\n|player|p2|dreamswgh|nate|1374\n|teamsize|p1|6\n|teamsize|p2|6\n|gen|9\n|tier|[Gen 9] VGC 2023 Regulation C\n|rated|\n|rule|Species Clause: Limit one of each Pok\u00e9mon\n|rule|Item Clause: Limit one of each item\n|clearpoke\n|poke|p1|Dragonite, L50, F|\n|poke|p1|Ting-Lu, L50|\n|poke|p1|Orthworm, L50, F|\n|poke|p1|Murkrow, L50, F|\n|poke|p1|Arcanine, L50, F|\n|poke|p1|Flutter Mane, L50|\n|poke|p2|Torkoal, L50, M|\n|poke|p2|Flutter Mane, L50|\n|poke|p2|Indeedee-F, L50, F|\n|poke|p2|Hatterene, L50, F|\n|poke|p2|Corviknight, L50, M|\n|poke|p2|Mudsdale, L50, M|\n|teampreview|4\ndreamswgh has agreed to open team sheets.\n|inactive|Battle timer is ON: inactive players will automatically lose when time's up. (requested by ScV Gengar)\n|\n|t:|1681919204\n|start\n|switch|p1a: Dragonite|Dragonite, L50, F|100\/100\n|switch|p1b: Orthworm|Orthworm, L50, F|100\/100\n|switch|p2a: Nevada|Indeedee-F, L50, F|100\/100\n|switch|p2b: New Mexico|Hatterene, L50, F|100\/100\n|-fieldstart|move: Psychic Terrain|[from] ability: Psychic Surge|[of] p2a: Nevada\n|-enditem|p2a: Nevada|Psychic Seed\n|-boost|p2a: Nevada|spd|1|[from] item: Psychic Seed\n|turn|1\n|inactive|ScV Gengar has 30 seconds left.\n|\n|t:|1681919231\n|move|p2a: Nevada|Follow Me|p2a: Nevada\n|-singleturn|p2a: Nevada|move: Follow Me\n|move|p1a: Dragonite|Earthquake|p2a: Nevada|[spread] p2a,p2b\n|-immune|p1b: Orthworm|[from] ability: Earth Eater\n|-damage|p2a: Nevada|60\/100\n|-damage|p2b: New Mexico|50\/100\n|move|p1b: Orthworm|Heavy Slam|p2a: Nevada\n|-damage|p2a: Nevada|24\/100\n|move|p2b: New Mexico|Trick Room|p2b: New Mexico\n|-fieldstart|move: Trick Room|[of] p2b: New Mexico\n|\n|upkeep\n|turn|2\n|inactive|dreamswgh has 30 seconds left.\n|inactive|ScV Gengar has 30 seconds left.\n|inactive|ScV Gengar has 20 seconds left.\n|\n|t:|1681919273\n|-terastallize|p1a: Dragonite|Normal\n|move|p2a: Nevada|Helping Hand|p2b: New Mexico\n|-singleturn|p2b: New Mexico|Helping Hand|[of] p2a: Nevada\n|move|p2b: New Mexico|Mystical Fire|p1b: Orthworm\n|-supereffective|p1b: Orthworm\n|-damage|p1b: Orthworm|0 fnt\n|faint|p1b: Orthworm\n|-damage|p2b: New Mexico|40\/100|[from] item: Life Orb\n|move|p1a: Dragonite|Earthquake|p2a: Nevada|[spread] p2a,p2b\n|-damage|p2a: Nevada|0 fnt\n|-damage|p2b: New Mexico|0 fnt\n|faint|p2a: Nevada\n|faint|p2b: New Mexico\n|\n|upkeep\n|\n|t:|1681919292\n|switch|p2b: Utah|Flutter Mane, L50|100\/100\n|switch|p2a: Arizona|Torkoal, L50, M|100\/100\n|switch|p1b: Ting-Lu|Ting-Lu, L50|100\/100\n|-weather|SunnyDay|[from] ability: Drought|[of] p2a: Arizona\n|-activate|p2b: Utah|ability: Protosynthesis\n|-start|p2b: Utah|protosynthesisspa\n|-ability|p1b: Ting-Lu|Vessel of Ruin\n|turn|3\n|inactive|dreamswgh has 30 seconds left.\n|inactive|dreamswgh has 20 seconds left.\n|\n|t:|1681919330\n|switch|p1a: Arcanine|Arcanine, L50, F|100\/100\n|-ability|p1a: Arcanine|Intimidate|boost\n|-unboost|p2a: Arizona|atk|1\n|-unboost|p2b: Utah|atk|1\n|-terastallize|p2a: Arizona|Fire\n|move|p2b: Utah|Protect|p2b: Utah\n|-singleturn|p2b: Utah|Protect\n|move|p2a: Arizona|Eruption|p1b: Ting-Lu|[spread] p1a,p1b\n|-resisted|p1a: Arcanine\n|-damage|p1a: Arcanine|56\/100\n|-damage|p1b: Ting-Lu|62\/100\n|move|p1b: Ting-Lu|Heavy Slam|p2b: Utah\n|-activate|p2b: Utah|move: Protect\n|\n|-weather|SunnyDay|[upkeep]\n|upkeep\n|turn|4\n|inactive|dreamswgh has 30 seconds left.\n|\n|t:|1681919357\n|move|p2b: Utah|Protect||[still]\n|-fail|p2b: Utah\n|move|p2a: Arizona|Eruption|p1a: Arcanine|[spread] p1a,p1b\n|-resisted|p1a: Arcanine\n|-crit|p1b: Ting-Lu\n|-damage|p1a: Arcanine|11\/100\n|-damage|p1b: Ting-Lu|3\/100\n|move|p1b: Ting-Lu|Stomping Tantrum|p2a: Arizona\n|-supereffective|p2a: Arizona\n|-damage|p2a: Arizona|52\/100\n|move|p1a: Arcanine|Flare Blitz|p2b: Utah\n|-damage|p2b: Utah|0 fnt\n|faint|p2b: Utah\n|-end|p2b: Utah|Protosynthesis|[silent]\n|-damage|p1a: Arcanine|0 fnt|[from] Recoil\n|faint|p1a: Arcanine\n|\n|-weather|SunnyDay|[upkeep]\n|upkeep\n|\n|t:|1681919375\n|switch|p1a: Dragonite|Dragonite, L50, F, tera:Normal|100\/100\n|turn|5\n|\n|t:|1681919384\n|move|p1a: Dragonite|Extreme Speed|p2a: Arizona\n|-activate|p2a: Arizona|move: Psychic Terrain\n|move|p2a: Arizona|Eruption|p1a: Dragonite|[spread] p1a,p1b\n|-damage|p1a: Dragonite|79\/100\n|-damage|p1b: Ting-Lu|0 fnt\n|faint|p1b: Ting-Lu\n|\n|-weather|SunnyDay|[upkeep]\n|-fieldend|move: Trick Room\n|-fieldend|move: Psychic Terrain\n|upkeep\n|turn|6\n|\n|t:|1681919395\n|move|p1a: Dragonite|Extreme Speed|p2a: Arizona\n|-damage|p2a: Arizona|0 fnt\n|faint|p2a: Arizona\n|\n|win|ScV Gengar\n|raw|ScV Gengar's rating: 1332 → 1354<\/strong> (+22 for winning)\n|raw|dreamswgh's rating: 1374 → 1352<\/strong> (-22 for losing)\n|l|\u2606ScV Gengar\n","uploadtime":1681919423,"views":6,"p1id":"scvgengar","p2id":"dreamswgh","formatid":"gen9vgc2023regulationc","rating":1352,"private":0,"password":""}