{"id":"gen9vgc2023regulationc-1862916077","p1":"Nejisuke","p2":"foiledfeline","format":"[Gen 9] VGC 2023 Regulation C","log":"|j|\u2606Nejisuke\n|j|\u2606foiledfeline\n|t:|1683937955\n|gametype|doubles\n|player|p1|Nejisuke|1|1262\n|player|p2|foiledfeline|steven|1358\n|teamsize|p1|6\n|teamsize|p2|6\n|gen|9\n|tier|[Gen 9] VGC 2023 Regulation C\n|rated|\n|rule|Species Clause: Limit one of each Pok\u00e9mon\n|rule|Item Clause: Limit one of each item\n|clearpoke\n|poke|p1|Ceruledge, L50, M|\n|poke|p1|Cetitan, L50, F|\n|poke|p1|Avalugg, L50, M|\n|poke|p1|Abomasnow, L50, F|\n|poke|p1|Iron Bundle, L50|\n|poke|p1|Blissey, L50, F|\n|poke|p2|Chi-Yu, L50|\n|poke|p2|Talonflame, L50, M|\n|poke|p2|Breloom, L50, M|\n|poke|p2|Gyarados, L50, F|\n|poke|p2|Garchomp, L50, F|\n|poke|p2|Flutter Mane, L50|\n|teampreview|4\nfoiledfeline has agreed to open team sheets.\n|\n|t:|1683937988\n|start\n|switch|p1a: Abomasnow|Abomasnow, L50, F|100\/100\n|switch|p1b: Iron Bundle|Iron Bundle, L50, shiny|100\/100\n|switch|p2a: Talonflame|Talonflame, L50, M|100\/100\n|switch|p2b: Chi-Yu|Chi-Yu, L50|100\/100\n|-ability|p2b: Chi-Yu|Beads of Ruin\n|-weather|Snow|[from] ability: Snow Warning|[of] p1a: Abomasnow\n|-enditem|p1b: Iron Bundle|Booster Energy\n|-activate|p1b: Iron Bundle|ability: Quark Drive|[fromitem]\n|-start|p1b: Iron Bundle|quarkdrivespe\n|turn|1\n|inactive|Battle timer is ON: inactive players will automatically lose when time's up. (requested by Nejisuke)\n|\n|t:|1683938006\n|-terastallize|p2b: Chi-Yu|Water\n|-terastallize|p1a: Abomasnow|Fire\n|move|p2a: Talonflame|Tailwind|p2a: Talonflame\n|-sidestart|p2: foiledfeline|move: Tailwind\n|move|p1b: Iron Bundle|Aurora Veil|p1b: Iron Bundle\n|-sidestart|p1: Nejisuke|move: Aurora Veil\n|move|p2b: Chi-Yu|Dark Pulse|p1b: Iron Bundle\n|-damage|p1b: Iron Bundle|20\/100\n|move|p1a: Abomasnow|Blizzard|p2a: Talonflame|[spread] p2a,p2b\n|-resisted|p2b: Chi-Yu\n|-damage|p2a: Talonflame|20\/100\n|-damage|p2b: Chi-Yu|82\/100\n|-status|p2a: Talonflame|frz\n|\n|-weather|Snow|[upkeep]\n|upkeep\n|turn|2\n|\n|t:|1683938027\n|-end|p1b: Iron Bundle|Quark Drive|[silent]\n|switch|p1b: Blissey|Blissey, L50, F|100\/100\n|-curestatus|p2a: Talonflame|frz|[from] move: Flare Blitz\n|move|p2a: Talonflame|Flare Blitz|p1b: Blissey\n|-damage|p1b: Blissey|65\/100\n|-damage|p2a: Talonflame|0 fnt|[from] Recoil\n|faint|p2a: Talonflame\n|move|p2b: Chi-Yu|Dark Pulse|p1a: Abomasnow\n|-damage|p1a: Abomasnow|74\/100\n|move|p1a: Abomasnow|Giga Drain|p2b: Chi-Yu\n|-supereffective|p2b: Chi-Yu\n|-damage|p2b: Chi-Yu|13\/100\n|-heal|p1a: Abomasnow|99\/100|[from] drain|[of] p2b: Chi-Yu\n|\n|-weather|Snow|[upkeep]\n|-heal|p1b: Blissey|71\/100|[from] item: Leftovers\n|upkeep\n|\n|t:|1683938043\n|switch|p2a: Breloom|Breloom, L50, M|100\/100\n|turn|3\n|inactive|Nejisuke has 30 seconds left.\n|\n|t:|1683938068\n|switch|p1b: Iron Bundle|Iron Bundle, L50, shiny|20\/100\n|move|p2a: Breloom|Mach Punch|p1b: Iron Bundle\n|-supereffective|p1b: Iron Bundle\n|-damage|p1b: Iron Bundle|0 fnt\n|faint|p1b: Iron Bundle\n|-end|p1b: Iron Bundle|Quark Drive|[silent]\n|move|p2b: Chi-Yu|Overheat|p1a: Abomasnow\n|-resisted|p1a: Abomasnow\n|-damage|p1a: Abomasnow|78\/100\n|-unboost|p2b: Chi-Yu|spa|2\n|move|p1a: Abomasnow|Blizzard|p2b: Chi-Yu|[spread] p2a,p2b\n|-supereffective|p2a: Breloom\n|-resisted|p2b: Chi-Yu\n|-enditem|p2a: Breloom|Focus Sash\n|-damage|p2a: Breloom|1\/100\n|-damage|p2b: Chi-Yu|0 fnt\n|-status|p2a: Breloom|frz\n|faint|p2b: Chi-Yu\n|\n|-weather|Snow|[upkeep]\n|upkeep\n|\n|t:|1683938087\n|switch|p1b: Avalugg|Avalugg, L50, M|100\/100\n|switch|p2b: Flutter Mane|Flutter Mane, L50|100\/100\n|-enditem|p2b: Flutter Mane|Booster Energy\n|-activate|p2b: Flutter Mane|ability: Protosynthesis|[fromitem]\n|-start|p2b: Flutter Mane|protosynthesisspa\n|turn|4\n|\n|t:|1683938106\n|move|p2b: Flutter Mane|Shadow Ball|p1a: Abomasnow\n|-damage|p1a: Abomasnow|52\/100\n|cant|p2a: Breloom|frz\n|move|p1a: Abomasnow|Blizzard|p2b: Flutter Mane|[spread] p2a,p2b\n|-supereffective|p2a: Breloom\n|-damage|p2a: Breloom|0 fnt\n|-damage|p2b: Flutter Mane|63\/100\n|faint|p2a: Breloom\n|move|p1b: Avalugg|Body Press|p2b: Flutter Mane\n|-immune|p2b: Flutter Mane\n|\n|-weather|Snow|[upkeep]\n|-sideend|p2: foiledfeline|move: Tailwind\n|upkeep\n|turn|5\n|\n|t:|1683938122\n|switch|p1b: Blissey|Blissey, L50, F|71\/100\n|move|p2b: Flutter Mane|Protect|p2b: Flutter Mane\n|-singleturn|p2b: Flutter Mane|Protect\n|move|p1a: Abomasnow|Blizzard|p2b: Flutter Mane\n|-activate|p2b: Flutter Mane|move: Protect\n|\n|-weather|none\n|-heal|p1b: Blissey|78\/100|[from] item: Leftovers\n|-sideend|p1: Nejisuke|move: Aurora Veil\n|upkeep\n|turn|6\n|\n|t:|1683938136\n|switch|p1a: Avalugg|Avalugg, L50, M|100\/100\n|move|p2b: Flutter Mane|Shadow Ball|p1a: Avalugg\n|-damage|p1a: Avalugg|44\/100\n|move|p1b: Blissey|Calm Mind|p1b: Blissey\n|-boost|p1b: Blissey|spa|1\n|-boost|p1b: Blissey|spd|1\n|\n|-heal|p1b: Blissey|84\/100|[from] item: Leftovers\n|upkeep\n|turn|7\n|-message|foiledfeline forfeited.\n|\n|win|Nejisuke\n|raw|Nejisuke's rating: 1262 → 1294<\/strong> (+32 for winning)\n|raw|foiledfeline's rating: 1358 → 1333<\/strong> (-25 for losing)\n|l|\u2606foiledfeline\n|j|\u2606foiledfeline\n|player|p2|foiledfeline|steven\n","uploadtime":1683938158,"views":8,"p1id":"nejisuke","p2id":"foiledfeline","formatid":"gen9vgc2023regulationc","rating":1294,"private":0,"password":""}