{"id":"gen9vgc2023regulationc-1861594786","p1":"Mahery8","p2":"foiledfeline","format":"[Gen 9] VGC 2023 Regulation C","log":"|j|\u2606Mahery8\n|j|\u2606foiledfeline\n|t:|1683778398\n|gametype|doubles\n|player|p1|Mahery8|170|1163\n|player|p2|foiledfeline|steven|1168\n|teamsize|p1|6\n|teamsize|p2|6\n|gen|9\n|tier|[Gen 9] VGC 2023 Regulation C\n|rated|\n|rule|Species Clause: Limit one of each Pok\u00e9mon\n|rule|Item Clause: Limit one of each item\n|clearpoke\n|poke|p1|Garchomp, L50, F|\n|poke|p1|Tyranitar, L50, M|\n|poke|p1|Hippowdon, L50, M|\n|poke|p1|Orthworm, L50, F|\n|poke|p1|Clodsire, L50, M|\n|poke|p1|Flutter Mane, L50|\n|poke|p2|Chi-Yu, L50|\n|poke|p2|Talonflame, L50, F|\n|poke|p2|Breloom, L50, F|\n|poke|p2|Gyarados, L50, M|\n|poke|p2|Garchomp, L50, M|\n|poke|p2|Flutter Mane, L50|\n|teampreview|4\nfoiledfeline has agreed to open team sheets.\n|\n|t:|1683778433\n|start\n|switch|p1a: Tyranitar|Tyranitar, L50, M|100\/100\n|switch|p1b: Hippowdon|Hippowdon, L50, M|100\/100\n|switch|p2a: Talonflame|Talonflame, L50, F|100\/100\n|switch|p2b: Gyarados|Gyarados, L50, M|100\/100\n|-ability|p2b: Gyarados|Intimidate|boost\n|-unboost|p1a: Tyranitar|atk|1\n|-unboost|p1b: Hippowdon|atk|1\n|-weather|Sandstorm|[from] ability: Sand Stream|[of] p1a: Tyranitar\n|turn|1\n|\n|t:|1683778482\n|switch|p2b: Flutter Mane|Flutter Mane, L50|100\/100\n|-enditem|p2b: Flutter Mane|Booster Energy\n|-activate|p2b: Flutter Mane|ability: Protosynthesis|[fromitem]\n|-start|p2b: Flutter Mane|protosynthesisspa\n|move|p1a: Tyranitar|Protect|p1a: Tyranitar\n|-singleturn|p1a: Tyranitar|Protect\n|move|p1b: Hippowdon|Protect|p1b: Hippowdon\n|-singleturn|p1b: Hippowdon|Protect\n|move|p2a: Talonflame|Will-O-Wisp|p1a: Tyranitar\n|-activate|p1a: Tyranitar|move: Protect\n|\n|-weather|Sandstorm|[upkeep]\n|-damage|p2a: Talonflame|95\/100|[from] Sandstorm\n|-damage|p2b: Flutter Mane|95\/100|[from] Sandstorm\n|upkeep\n|turn|2\n|\n|t:|1683778509\n|switch|p1b: Orthworm|Orthworm, L50, F|100\/100\n|-terastallize|p1a: Tyranitar|Flying\n|move|p2a: Talonflame|Will-O-Wisp|p1a: Tyranitar\n|-status|p1a: Tyranitar|brn\n|move|p2b: Flutter Mane|Moonblast|p1b: Orthworm\n|-resisted|p1b: Orthworm\n|-damage|p1b: Orthworm|55\/100\n|move|p1a: Tyranitar|Snarl|p2a: Talonflame|[spread] p2a,p2b\n|-damage|p2a: Talonflame|71\/100\n|-damage|p2b: Flutter Mane|82\/100\n|-unboost|p2a: Talonflame|spa|1\n|-unboost|p2b: Flutter Mane|spa|1\n|\n|-weather|Sandstorm|[upkeep]\n|-damage|p2a: Talonflame|65\/100|[from] Sandstorm\n|-damage|p2b: Flutter Mane|76\/100|[from] Sandstorm\n|-damage|p1a: Tyranitar|95\/100 brn|[from] Sandstorm\n|-damage|p1a: Tyranitar|89\/100 brn|[from] brn\n|upkeep\n|turn|3\n|\n|t:|1683778542\n|-end|p2b: Flutter Mane|Protosynthesis|[silent]\n|switch|p2b: Gyarados|Gyarados, L50, M|100\/100\n|-ability|p2b: Gyarados|Intimidate|boost\n|-unboost|p1a: Tyranitar|atk|1\n|-unboost|p1b: Orthworm|atk|1\n|move|p2a: Talonflame|Flare Blitz|p1b: Orthworm\n|-supereffective|p1b: Orthworm\n|-damage|p1b: Orthworm|0 fnt\n|faint|p1b: Orthworm\n|-damage|p2a: Talonflame|44\/100|[from] Recoil\n|-damage|p2a: Talonflame|34\/100|[from] item: Life Orb\n|move|p1a: Tyranitar|Snarl|p2a: Talonflame|[spread] p2a\n|-miss|p1a: Tyranitar|p2b: Gyarados\n|-damage|p2a: Talonflame|11\/100\n|-unboost|p2a: Talonflame|spa|1\n|\n|-weather|Sandstorm|[upkeep]\n|-damage|p2a: Talonflame|5\/100|[from] Sandstorm\n|-damage|p2b: Gyarados|95\/100|[from] Sandstorm\n|-damage|p1a: Tyranitar|83\/100 brn|[from] Sandstorm\n|-damage|p1a: Tyranitar|77\/100 brn|[from] brn\n|upkeep\n|\n|t:|1683778556\n|switch|p1b: Flutter Mane|Flutter Mane, L50|100\/100\n|turn|4\n|\n|t:|1683778576\n|move|p1b: Flutter Mane|Dazzling Gleam|p2b: Gyarados|[spread] p2a,p2b\n|-resisted|p2a: Talonflame\n|-damage|p2a: Talonflame|0 fnt\n|-damage|p2b: Gyarados|63\/100\n|faint|p2a: Talonflame\n|move|p2b: Gyarados|Thunder Wave|p1b: Flutter Mane\n|-status|p1b: Flutter Mane|par\n|move|p1a: Tyranitar|Thunderbolt|p2b: Gyarados\n|-supereffective|p2b: Gyarados\n|-damage|p2b: Gyarados|6\/100\n|-enditem|p2b: Gyarados|Sitrus Berry|[eat]\n|-heal|p2b: Gyarados|31\/100|[from] item: Sitrus Berry\n|\n|-weather|Sandstorm|[upkeep]\n|-damage|p2b: Gyarados|25\/100|[from] Sandstorm\n|-damage|p1b: Flutter Mane|94\/100 par|[from] Sandstorm\n|-damage|p1a: Tyranitar|72\/100 brn|[from] Sandstorm\n|-damage|p1a: Tyranitar|66\/100 brn|[from] brn\n|upkeep\n|\n|t:|1683778596\n|switch|p2a: Flutter Mane|Flutter Mane, L50|76\/100\n|turn|5\n|\n|t:|1683778626\n|-terastallize|p2a: Flutter Mane|Fairy\n|move|p2a: Flutter Mane|Moonblast|p1a: Tyranitar\n|-crit|p1a: Tyranitar\n|-damage|p1a: Tyranitar|0 fnt\n|faint|p1a: Tyranitar\n|move|p2b: Gyarados|Waterfall|p1b: Flutter Mane\n|-damage|p1b: Flutter Mane|22\/100 par\n|move|p1b: Flutter Mane|Dazzling Gleam|p2a: Flutter Mane|[spread] p2a,p2b\n|-damage|p2a: Flutter Mane|27\/100\n|-damage|p2b: Gyarados|0 fnt\n|faint|p2b: Gyarados\n|\n|-weather|Sandstorm|[upkeep]\n|-damage|p2a: Flutter Mane|21\/100|[from] Sandstorm\n|-damage|p1b: Flutter Mane|16\/100 par|[from] Sandstorm\n|upkeep\n|\n|t:|1683778639\n|switch|p2b: Chi-Yu|Chi-Yu, L50|100\/100\n|switch|p1a: Hippowdon|Hippowdon, L50, M|100\/100\n|-ability|p2b: Chi-Yu|Beads of Ruin\n|turn|6\n|\n|t:|1683778650\n|move|p2a: Flutter Mane|Dazzling Gleam|p1b: Flutter Mane|[spread] p1a,p1b\n|-damage|p1a: Hippowdon|40\/100\n|-damage|p1b: Flutter Mane|0 fnt\n|faint|p1b: Flutter Mane\n|-end|p1b: Flutter Mane|Protosynthesis|[silent]\n|move|p2b: Chi-Yu|Dark Pulse|p1a: Hippowdon\n|-damage|p1a: Hippowdon|0 fnt\n|faint|p1a: Hippowdon\n|\n|win|foiledfeline\n|raw|Mahery8's rating: 1163 → 1138<\/strong> (-25 for losing)\n|raw|foiledfeline's rating: 1168 → 1193<\/strong> (+25 for winning)\n|l|\u2606Mahery8\n","uploadtime":1683778659,"views":19,"p1id":"mahery8","p2id":"foiledfeline","formatid":"gen9vgc2023regulationc","rating":1138,"private":0,"password":""}