{"id":"gen9vgc2023regulationc-1864000175","p1":"ChisatoVGC","p2":"PkmnGamerDannerino","format":"[Gen 9] VGC 2023 Regulation C","log":"|j|\u2606ChisatoVGC\n|j|\u2606PkmnGamerDannerino\n|t:|1684103427\n|gametype|doubles\n|player|p1|ChisatoVGC|serena-masters2|1042\n|player|p2|PkmnGamerDannerino|supernerd|1045\n|teamsize|p1|6\n|teamsize|p2|6\n|gen|9\n|tier|[Gen 9] VGC 2023 Regulation C\n|rated|\n|rule|Species Clause: Limit one of each Pok\u00e9mon\n|rule|Item Clause: Limit one of each item\n|clearpoke\n|poke|p1|Flutter Mane, L50|\n|poke|p1|Great Tusk, L50|\n|poke|p1|Iron Bundle, L50|\n|poke|p1|Dragonite, L50, F|\n|poke|p1|Kingambit, L50, F|\n|poke|p1|Abomasnow, L50, M|\n|poke|p2|Glimmora, L50, F|\n|poke|p2|Rotom-Fan, L50|\n|poke|p2|Palafin, L50, M|\n|poke|p2|Garganacl, L50, F|\n|poke|p2|Eelektross, L50, M|\n|poke|p2|Clawitzer, L50, F|\n|teampreview|4\n|\n|t:|1684103451\n|start\n|switch|p1a: Iron Bundle|Iron Bundle, L50|100\/100\n|switch|p1b: Abomasnow|Abomasnow, L50, M|100\/100\n|switch|p2a: Palafin|Palafin, L50, M, shiny|100\/100\n|switch|p2b: Garganacl|Garganacl, L50, F|100\/100\n|-weather|Snow|[from] ability: Snow Warning|[of] p1b: Abomasnow\n|turn|1\n|\n|t:|1684103477\n|detailschange|p2a: Palafin|Palafin-Hero, L50, M, shiny\n|switch|p2a: Eelektross|Eelektross, L50, M, shiny|100\/100\n|move|p1a: Iron Bundle|Hydro Pump|p2b: Garganacl\n|-supereffective|p2b: Garganacl\n|-damage|p2b: Garganacl|0 fnt\n|faint|p2b: Garganacl\n|move|p1b: Abomasnow|Leaf Storm|p2a: Eelektross\n|-damage|p2a: Eelektross|38\/100\n|-unboost|p1b: Abomasnow|spa|2\n|\n|-weather|Snow|[upkeep]\n|upkeep\n|\n|t:|1684103488\n|switch|p2b: Palafin|Palafin-Hero, L50, M, shiny|100\/100\n|-activate|p2b: Palafin|ability: Zero to Hero\n|turn|2\n|\n|t:|1684103505\n|-terastallize|p2b: Palafin|Fairy\n|move|p1a: Iron Bundle|Hydro Pump|p2a: Eelektross\n|-damage|p2a: Eelektross|0 fnt\n|faint|p2a: Eelektross\n|move|p2b: Palafin|Iron Head|p1b: Abomasnow\n|-supereffective|p1b: Abomasnow\n|-damage|p1b: Abomasnow|28\/100\n|move|p1b: Abomasnow|Aurora Veil|p1b: Abomasnow\n|-sidestart|p1: ChisatoVGC|move: Aurora Veil\n|\n|-weather|Snow|[upkeep]\n|upkeep\n|\n|t:|1684103514\n|switch|p2a: Clawitzer|Clawitzer, L50, F, shiny|100\/100\n|turn|3\n|\n|t:|1684103535\n|move|p1b: Abomasnow|Helping Hand|p1a: Iron Bundle\n|-singleturn|p1a: Iron Bundle|Helping Hand|[of] p1b: Abomasnow\n|move|p1a: Iron Bundle|Hydro Pump|p2b: Palafin\n|-damage|p2b: Palafin|0 fnt\n|faint|p2b: Palafin\n|move|p2a: Clawitzer|Aura Sphere|p1b: Abomasnow\n|-supereffective|p1b: Abomasnow\n|-damage|p1b: Abomasnow|0 fnt\n|faint|p1b: Abomasnow\n|\n|-weather|Snow|[upkeep]\n|upkeep\n|\n|t:|1684103543\n|switch|p1b: Dragonite|Dragonite, L50, F|100\/100\n|turn|4\n|\n|t:|1684103549\n|-terastallize|p1b: Dragonite|Normal\n|move|p1b: Dragonite|Extreme Speed|p2a: Clawitzer\n|-damage|p2a: Clawitzer|12\/100\n|move|p1a: Iron Bundle|Hydro Pump|p2a: Clawitzer|[miss]\n|-miss|p1a: Iron Bundle|p2a: Clawitzer\n|move|p2a: Clawitzer|Dragon Pulse|p1b: Dragonite\n|-damage|p1b: Dragonite|86\/100\n|\n|-weather|Snow|[upkeep]\n|upkeep\n|turn|5\n|\n|t:|1684103560\n|move|p1b: Dragonite|Extreme Speed|p2a: Clawitzer\n|-damage|p2a: Clawitzer|0 fnt\n|faint|p2a: Clawitzer\n|\n|win|ChisatoVGC\n|raw|ChisatoVGC's rating: 1042 → 1076<\/strong> (+34 for winning)\n|raw|PkmnGamerDannerino's rating: 1045 → 1028<\/strong> (-17 for losing)\n","uploadtime":1684103571,"views":6,"p1id":"chisatovgc","p2id":"pkmngamerdannerino","formatid":"gen9vgc2023regulationc","rating":1028,"private":0,"password":""}