{"id":"gen9vgc2023regulationc-1863306056","p1":"SoMuchAppletun","p2":"R2VGC","format":"[Gen 9] VGC 2023 Regulation C","log":"|j|\u2606SoMuchAppletun\n|j|\u2606R2VGC\n|t:|1684000391\n|gametype|doubles\n|player|p1|SoMuchAppletun|bede-masters|1271\n|player|p2|R2VGC|102|1222\n|teamsize|p1|6\n|teamsize|p2|6\n|gen|9\n|tier|[Gen 9] VGC 2023 Regulation C\n|rated|\n|rule|Species Clause: Limit one of each Pok\u00e9mon\n|rule|Item Clause: Limit one of each item\n|clearpoke\n|poke|p1|Iron Valiant, L50|\n|poke|p1|Iron Hands, L50|\n|poke|p1|Iron Bundle, L50|\n|poke|p1|Abomasnow, L50, F|\n|poke|p1|Baxcalibur, L50, M|\n|poke|p1|Ceruledge, L50, F|\n|poke|p2|Amoonguss, L50, F|\n|poke|p2|Arcanine, L50, F|\n|poke|p2|Flutter Mane, L50|\n|poke|p2|Kingambit, L50, F|\n|poke|p2|Palafin, L50, M|\n|poke|p2|Baxcalibur, L50, F|\n|teampreview|4\n|inactive|Battle timer is ON: inactive players will automatically lose when time's up. (requested by SoMuchAppletun)\nR2VGC has agreed to open team sheets.\n|inactive|R2VGC has 60 seconds left.\n|inactive|R2VGC has 30 seconds left.\n|\n|t:|1684000454\n|start\n|switch|p1a: Pride|Iron Bundle, L50, shiny|100\/100\n|switch|p1b: Wrath|Abomasnow, L50, F|100\/100\n|switch|p2a: Arcanine|Arcanine, L50, F|100\/100\n|switch|p2b: Kingambit|Kingambit, L50, F|100\/100\n|-ability|p2a: Arcanine|Intimidate|boost\n|-unboost|p1a: Pride|atk|1\n|-unboost|p1b: Wrath|atk|1\n|-weather|Snow|[from] ability: Snow Warning|[of] p1b: Wrath\n|turn|1\n|\n|t:|1684000473\n|move|p2b: Kingambit|Protect|p2b: Kingambit\n|-singleturn|p2b: Kingambit|Protect\n|move|p1a: Pride|Aurora Veil|p1a: Pride\n|-sidestart|p1: SoMuchAppletun|move: Aurora Veil\n|move|p2a: Arcanine|Howl|p2a: Arcanine|[spread] p2a,p2b\n|-boost|p2a: Arcanine|atk|1\n|-boost|p2b: Kingambit|atk|1\n|move|p1b: Wrath|Earthquake|p2b: Kingambit|[spread] p1a,p2a\n|-activate|p2b: Kingambit|move: Protect\n|-supereffective|p2a: Arcanine\n|-damage|p1a: Pride|90\/100\n|-damage|p2a: Arcanine|57\/100\n|-damage|p1b: Wrath|91\/100|[from] item: Life Orb\n|\n|-weather|Snow|[upkeep]\n|upkeep\n|turn|2\n|\n|t:|1684000493\n|move|p2b: Kingambit|Sucker Punch||[still]\n|-fail|p2b: Kingambit\n|move|p1a: Pride|Electric Terrain|p1a: Pride\n|-fieldstart|move: Electric Terrain\n|-activate|p1a: Pride|ability: Quark Drive\n|-start|p1a: Pride|quarkdrivespe\n|move|p2a: Arcanine|Flare Blitz|p1b: Wrath\n|-supereffective|p1b: Wrath\n|-damage|p1b: Wrath|0 fnt\n|faint|p1b: Wrath\n|-damage|p2a: Arcanine|27\/100|[from] Recoil\n|\n|-weather|Snow|[upkeep]\n|upkeep\n|\n|t:|1684000506\n|switch|p1b: Gluttony|Iron Hands, L50|100\/100\n|-activate|p1b: Gluttony|ability: Quark Drive\n|-start|p1b: Gluttony|quarkdriveatk\n|turn|3\n|\n|t:|1684000514\n|move|p2a: Arcanine|Protect|p2a: Arcanine\n|-singleturn|p2a: Arcanine|Protect\n|move|p2b: Kingambit|Protect|p2b: Kingambit\n|-singleturn|p2b: Kingambit|Protect\n|move|p1a: Pride|Taunt|p2a: Arcanine\n|-activate|p2a: Arcanine|move: Protect\n|move|p1b: Gluttony|Drain Punch|p2b: Kingambit\n|-activate|p2b: Kingambit|move: Protect\n|\n|-weather|Snow|[upkeep]\n|upkeep\n|turn|4\n|inactive|R2VGC has 30 seconds left.\n|inactive|R2VGC has 20 seconds left.\n|\n|t:|1684000552\n|move|p2a: Arcanine|Extreme Speed|p1b: Gluttony\n|-damage|p1b: Gluttony|83\/100\n|move|p1a: Pride|Taunt|p2a: Arcanine\n|-start|p2a: Arcanine|move: Taunt\n|move|p2b: Kingambit|Assurance|p1b: Gluttony\n|-resisted|p1b: Gluttony\n|-damage|p1b: Gluttony|55\/100\n|move|p1b: Gluttony|Drain Punch|p2b: Kingambit\n|-supereffective|p2b: Kingambit\n|-damage|p2b: Kingambit|0 fnt\n|-heal|p1b: Gluttony|91\/100|[from] drain|[of] p2b: Kingambit\n|faint|p2b: Kingambit\n|\n|-weather|Snow|[upkeep]\n|upkeep\n|\n|t:|1684000567\n|switch|p2b: Flutter Mane|Flutter Mane, L50|100\/100\n|-enditem|p2b: Flutter Mane|Booster Energy\n|-activate|p2b: Flutter Mane|ability: Protosynthesis|[fromitem]\n|-start|p2b: Flutter Mane|protosynthesisspe\n|turn|5\n|\n|t:|1684000581\n|-terastallize|p2b: Flutter Mane|Fairy\n|move|p1b: Gluttony|Protect|p1b: Gluttony\n|-singleturn|p1b: Gluttony|Protect\n|move|p1a: Pride|Icy Wind|p2a: Arcanine|[spread] p2a,p2b\n|-resisted|p2a: Arcanine\n|-damage|p2a: Arcanine|17\/100\n|-damage|p2b: Flutter Mane|84\/100\n|-unboost|p2a: Arcanine|spe|1\n|-unboost|p2b: Flutter Mane|spe|1\n|move|p2b: Flutter Mane|Moonblast|p1b: Gluttony\n|-activate|p1b: Gluttony|move: Protect\n|move|p2a: Arcanine|Flare Blitz|p1a: Pride\n|-damage|p1a: Pride|46\/100\n|-damage|p2a: Arcanine|7\/100|[from] Recoil\n|\n|-weather|none\n|upkeep\n|turn|6\n|inactive|R2VGC has 30 seconds left.\n|\n|t:|1684000609\n|-terastallize|p1b: Gluttony|Flying\n|move|p2a: Arcanine|Extreme Speed|p1b: Gluttony\n|-damage|p1b: Gluttony|74\/100\n|move|p1a: Pride|Icy Wind|p2a: Arcanine|[spread] p2a,p2b\n|-resisted|p2a: Arcanine\n|-damage|p2a: Arcanine|0 fnt\n|-damage|p2b: Flutter Mane|67\/100\n|-unboost|p2b: Flutter Mane|spe|1\n|faint|p2a: Arcanine\n|move|p2b: Flutter Mane|Moonblast|p1b: Gluttony\n|-crit|p1b: Gluttony\n|-damage|p1b: Gluttony|0 fnt\n|faint|p1b: Gluttony\n|-end|p1b: Gluttony|Quark Drive|[silent]\n|\n|-fieldend|move: Electric Terrain\n|-end|p1a: Pride|Quark Drive\n|upkeep\n|inactive|SoMuchAppletun has 30 seconds left.\n|inactive|SoMuchAppletun has 20 seconds left.\n|inactive|SoMuchAppletun has 15 seconds left.\n|inactive|SoMuchAppletun has 10 seconds left.\n|inactive|SoMuchAppletun has 5 seconds left.\n|\n|t:|1684000664\n|switch|p2a: Baxcalibur|Baxcalibur, L50, F|100\/100\n|switch|p1b: Lust|Iron Valiant, L50|100\/100\n|turn|7\n|inactive|R2VGC has 30 seconds left.\n|\n|t:|1684000692\n|move|p1a: Pride|Icy Wind|p2a: Baxcalibur|[spread] p2a,p2b\n|-damage|p2a: Baxcalibur|89\/100\n|-damage|p2b: Flutter Mane|48\/100\n|-unboost|p2a: Baxcalibur|spe|1\n|-unboost|p2b: Flutter Mane|spe|1\n|move|p1b: Lust|Dazzling Gleam|p2a: Baxcalibur|[spread] p2a,p2b\n|-supereffective|p2a: Baxcalibur\n|-damage|p2a: Baxcalibur|55\/100\n|-damage|p2b: Flutter Mane|15\/100\n|move|p2b: Flutter Mane|Moonblast|p1b: Lust\n|-supereffective|p1b: Lust\n|-damage|p1b: Lust|0 fnt\n|faint|p1b: Lust\n|-end|p1b: Lust|Quark Drive|[silent]\n|move|p2a: Baxcalibur|Glaive Rush|p1a: Pride\n|-damage|p1a: Pride|0 fnt\n|-singlemove|p2a: Baxcalibur|Glaive Rush|[silent]\n|faint|p1a: Pride\n|-end|p1a: Pride|Quark Drive|[silent]\n|\n|win|R2VGC\n|raw|SoMuchAppletun's rating: 1271 → 1242<\/strong> (-29 for losing)\n|raw|R2VGC's rating: 1222 → 1251<\/strong> (+29 for winning)\n|c|\u2606SoMuchAppletun|gg mate\n|c|\u2606R2VGC|gg wp\n","uploadtime":1684000720,"views":3,"p1id":"somuchappletun","p2id":"r2vgc","formatid":"gen9vgc2023regulationc","rating":1242,"private":0,"password":""}