{"id":"gen9vgc2023regulationc-1847348287","p1":"Seeker945","p2":"lucaless","format":"[Gen 9] VGC 2023 Regulation C","log":"|j|\u2606Seeker945\n|j|\u2606lucaless\n|t:|1681941033\n|gametype|doubles\n|player|p1|Seeker945|burglar|1180\n|player|p2|lucaless|265|1127\n|teamsize|p1|6\n|teamsize|p2|6\n|gen|9\n|tier|[Gen 9] VGC 2023 Regulation C\n|rated|\n|rule|Species Clause: Limit one of each Pok\u00e9mon\n|rule|Item Clause: Limit one of each item\n|clearpoke\n|poke|p1|Amoonguss, L50, F|\n|poke|p1|Arcanine, L50, F|\n|poke|p1|Ting-Lu, L50|\n|poke|p1|Flutter Mane, L50|\n|poke|p1|Dragonite, L50, M|\n|poke|p1|Palafin, L50, M|\n|poke|p2|Iron Thorns, L50|\n|poke|p2|Pincurchin, L50, F|\n|poke|p2|Altaria, L50, F|\n|poke|p2|Scizor, L50, M|\n|poke|p2|Chi-Yu, L50|\n|poke|p2|Bronzong, L50|\n|teampreview|4\n|inactive|Battle timer is ON: inactive players will automatically lose when time's up. (requested by lucaless)\n|inactive|Seeker945 has 60 seconds left.\n|inactive|lucaless has 60 seconds left.\n|\n|t:|1681941066\n|start\n|switch|p1a: Enrik Pastor|Palafin, L50, M, shiny|100\/100\n|switch|p1b: Firestone|Arcanine, L50, F, shiny|100\/100\n|switch|p2a: Pincurchin|Pincurchin, L50, F|100\/100\n|switch|p2b: Iron Thorns|Iron Thorns, L50|100\/100\n|-ability|p1b: Firestone|Intimidate|boost\n|-unboost|p2a: Pincurchin|atk|1\n|-unboost|p2b: Iron Thorns|atk|1\n|-fieldstart|move: Electric Terrain|[from] ability: Electric Surge|[of] p2a: Pincurchin\n|-activate|p2b: Iron Thorns|ability: Quark Drive\n|-start|p2b: Iron Thorns|quarkdrivedef\n|turn|1\n|\n|t:|1681941080\n|detailschange|p1a: Enrik Pastor|Palafin-Hero, L50, M, shiny\n|switch|p1a: Chin Lu Chin Agua|Ting-Lu, L50|100\/100\n|-ability|p1a: Chin Lu Chin Agua|Vessel of Ruin\n|move|p1b: Firestone|Will-O-Wisp|p2b: Iron Thorns\n|-status|p2b: Iron Thorns|brn\n|move|p2b: Iron Thorns|Dragon Dance|p2b: Iron Thorns\n|-boost|p2b: Iron Thorns|atk|1\n|-boost|p2b: Iron Thorns|spe|1\n|move|p2a: Pincurchin|Thunder Wave|p1b: Firestone\n|-status|p1b: Firestone|par\n|\n|-damage|p2b: Iron Thorns|94\/100 brn|[from] brn\n|upkeep\n|turn|2\n|\n|t:|1681941104\n|move|p2b: Iron Thorns|Rock Blast|p1b: Firestone\n|-supereffective|p1b: Firestone\n|-damage|p1b: Firestone|88\/100 par\n|-supereffective|p1b: Firestone\n|-damage|p1b: Firestone|73\/100 par\n|-supereffective|p1b: Firestone\n|-damage|p1b: Firestone|59\/100 par\n|-supereffective|p1b: Firestone\n|-crit|p1b: Firestone\n|-damage|p1b: Firestone|39\/100 par\n|-supereffective|p1b: Firestone\n|-damage|p1b: Firestone|24\/100 par\n|-hitcount|p1b: Firestone|5\n|move|p1b: Firestone|Flare Blitz|p2a: Pincurchin\n|-damage|p2a: Pincurchin|46\/100\n|-damage|p1b: Firestone|9\/100 par|[from] Recoil\n|move|p1a: Chin Lu Chin Agua|Fissure|p2a: Pincurchin|[miss]\n|-miss|p1a: Chin Lu Chin Agua|p2a: Pincurchin\n|move|p2a: Pincurchin|Liquidation|p1a: Chin Lu Chin Agua\n|-supereffective|p1a: Chin Lu Chin Agua\n|-damage|p1a: Chin Lu Chin Agua|78\/100\n|-damage|p2a: Pincurchin|37\/100|[from] item: Life Orb\n|\n|-damage|p2b: Iron Thorns|88\/100 brn|[from] brn\n|upkeep\n|turn|3\n|inactive|Seeker945 has 30 seconds left.\n|inactive|lucaless has 30 seconds left.\n|inactive|lucaless has 20 seconds left.\n|\n|t:|1681941144\n|switch|p2a: Scizor|Scizor, L50, M|100\/100\n|-terastallize|p2b: Iron Thorns|Bug\n|move|p1b: Firestone|Protect|p1b: Firestone\n|-singleturn|p1b: Firestone|Protect\n|move|p2b: Iron Thorns|Pin Missile|p1a: Chin Lu Chin Agua\n|-supereffective|p1a: Chin Lu Chin Agua\n|-damage|p1a: Chin Lu Chin Agua|70\/100\n|-supereffective|p1a: Chin Lu Chin Agua\n|-damage|p1a: Chin Lu Chin Agua|61\/100\n|-supereffective|p1a: Chin Lu Chin Agua\n|-damage|p1a: Chin Lu Chin Agua|54\/100\n|-supereffective|p1a: Chin Lu Chin Agua\n|-damage|p1a: Chin Lu Chin Agua|46\/100\n|-hitcount|p1a: Chin Lu Chin Agua|4\n|move|p1a: Chin Lu Chin Agua|Stomping Tantrum|p2b: Iron Thorns\n|-resisted|p2b: Iron Thorns\n|-damage|p2b: Iron Thorns|63\/100 brn\n|\n|-damage|p2b: Iron Thorns|57\/100 brn|[from] brn\n|upkeep\n|turn|4\n|\n|t:|1681941168\n|switch|p1a: Among Us|Amoonguss, L50, F|100\/100\n|move|p2a: Scizor|Feint|p1b: Firestone\n|-damage|p1b: Firestone|0 fnt\n|faint|p1b: Firestone\n|move|p2b: Iron Thorns|Dragon Dance|p2b: Iron Thorns\n|-boost|p2b: Iron Thorns|atk|1\n|-boost|p2b: Iron Thorns|spe|1\n|\n|-damage|p2b: Iron Thorns|50\/100 brn|[from] brn\n|upkeep\n|\n|t:|1681941178\n|switch|p1b: Chin Lu Chin Agua|Ting-Lu, L50|46\/100\n|-ability|p1b: Chin Lu Chin Agua|Vessel of Ruin\n|turn|5\n|\n|t:|1681941201\n|-terastallize|p1b: Chin Lu Chin Agua|Water\n|move|p2a: Scizor|Bullet Punch|p1a: Among Us\n|-damage|p1a: Among Us|75\/100\n|move|p2b: Iron Thorns|Pin Missile|p1a: Among Us\n|-damage|p1a: Among Us|65\/100\n|-damage|p1a: Among Us|56\/100\n|-damage|p1a: Among Us|46\/100\n|-enditem|p1a: Among Us|Sitrus Berry|[eat]\n|-heal|p1a: Among Us|71\/100|[from] item: Sitrus Berry\n|-damage|p1a: Among Us|62\/100\n|-damage|p1a: Among Us|52\/100\n|-hitcount|p1a: Among Us|5\n|move|p1b: Chin Lu Chin Agua|Heavy Slam|p2b: Iron Thorns\n|-damage|p2b: Iron Thorns|37\/100 brn\n|move|p1a: Among Us|Spore|p2a: Scizor\n|-activate|p2a: Scizor|move: Electric Terrain\n|\n|-damage|p2b: Iron Thorns|31\/100 brn|[from] brn\n|-fieldend|move: Electric Terrain\n|-end|p2b: Iron Thorns|Quark Drive\n|upkeep\n|turn|6\n|inactive|Seeker945 has 30 seconds left.\n|inactive|lucaless has 30 seconds left.\n|\n|t:|1681941235\n|switch|p2a: Pincurchin|Pincurchin, L50, F|37\/100\n|-fieldstart|move: Electric Terrain|[from] ability: Electric Surge|[of] p2a: Pincurchin\n|-activate|p2b: Iron Thorns|ability: Quark Drive\n|-start|p2b: Iron Thorns|quarkdriveatk\n|move|p1a: Among Us|Rage Powder|p1a: Among Us\n|-singleturn|p1a: Among Us|move: Rage Powder\n|move|p2b: Iron Thorns|Pin Missile|p1a: Among Us\n|-damage|p1a: Among Us|39\/100\n|-damage|p1a: Among Us|26\/100\n|-damage|p1a: Among Us|14\/100\n|-damage|p1a: Among Us|2\/100\n|-damage|p1a: Among Us|0 fnt\n|faint|p1a: Among Us\n|-hitcount|p1: Among Us|5\n|move|p1b: Chin Lu Chin Agua|Fissure|p2a: Pincurchin|[miss]\n|-miss|p1b: Chin Lu Chin Agua|p2a: Pincurchin\n|\n|-damage|p2b: Iron Thorns|25\/100 brn|[from] brn\n|upkeep\n|\n|t:|1681941252\n|switch|p1a: Enrik Pastor|Palafin-Hero, L50, M, shiny|100\/100\n|-activate|p1a: Enrik Pastor|ability: Zero to Hero\n|turn|7\n|\n|t:|1681941272\n|move|p1a: Enrik Pastor|Protect|p1a: Enrik Pastor\n|-singleturn|p1a: Enrik Pastor|Protect\n|move|p2b: Iron Thorns|Pin Missile|p1b: Chin Lu Chin Agua\n|-crit|p1b: Chin Lu Chin Agua\n|-damage|p1b: Chin Lu Chin Agua|33\/100\n|-damage|p1b: Chin Lu Chin Agua|25\/100\n|-damage|p1b: Chin Lu Chin Agua|18\/100\n|-damage|p1b: Chin Lu Chin Agua|9\/100\n|-hitcount|p1b: Chin Lu Chin Agua|4\n|move|p1b: Chin Lu Chin Agua|Stomping Tantrum|p2a: Pincurchin\n|-supereffective|p2a: Pincurchin\n|-damage|p2a: Pincurchin|0 fnt\n|faint|p2a: Pincurchin\n|\n|-damage|p2b: Iron Thorns|19\/100 brn|[from] brn\n|upkeep\n|\n|t:|1681941296\n|switch|p2a: Chi-Yu|Chi-Yu, L50|100\/100\n|-ability|p2a: Chi-Yu|Beads of Ruin\n|turn|8\n|\n|t:|1681941306\n|move|p1a: Enrik Pastor|Jet Punch|p2a: Chi-Yu\n|-supereffective|p2a: Chi-Yu\n|-damage|p2a: Chi-Yu|0 fnt\n|faint|p2a: Chi-Yu\n|move|p2b: Iron Thorns|Pin Missile|p1a: Enrik Pastor\n|-damage|p1a: Enrik Pastor|88\/100\n|-damage|p1a: Enrik Pastor|74\/100\n|-damage|p1a: Enrik Pastor|62\/100\n|-damage|p1a: Enrik Pastor|48\/100\n|-damage|p1a: Enrik Pastor|35\/100\n|-hitcount|p1a: Enrik Pastor|5\n|move|p1b: Chin Lu Chin Agua|Stomping Tantrum|p2b: Iron Thorns\n|-resisted|p2b: Iron Thorns\n|-damage|p2b: Iron Thorns|3\/100 brn\n|\n|-damage|p2b: Iron Thorns|0 fnt|[from] brn\n|faint|p2b: Iron Thorns\n|-end|p2b: Iron Thorns|Quark Drive|[silent]\n|upkeep\n|\n|t:|1681941319\n|switch|p2b: Scizor|Scizor, L50, M|100\/100\n|turn|9\n|\n|t:|1681941328\n|move|p2b: Scizor|Bullet Punch|p1a: Enrik Pastor\n|-resisted|p1a: Enrik Pastor\n|-damage|p1a: Enrik Pastor|20\/100\n|move|p1a: Enrik Pastor|Wave Crash|p2b: Scizor\n|-damage|p2b: Scizor|42\/100\n|-damage|p1a: Enrik Pastor|3\/100|[from] Recoil\n|move|p1b: Chin Lu Chin Agua|Stomping Tantrum|p2b: Scizor\n|-damage|p2b: Scizor|18\/100\n|\n|upkeep\n|turn|10\n|\n|t:|1681941352\n|move|p1a: Enrik Pastor|Jet Punch|p2b: Scizor\n|-damage|p2b: Scizor|0 fnt\n|faint|p2b: Scizor\n|\n|win|Seeker945\n|raw|Seeker945's rating: 1180 → 1201<\/strong> (+21 for winning)\n|raw|lucaless's rating: 1127 → 1106<\/strong> (-21 for losing)\n|c|\u2606Seeker945|gg\n|c|\u2606lucaless|gg\n","uploadtime":1681941361,"views":4,"p1id":"seeker945","p2id":"lucaless","formatid":"gen9vgc2023regulationc","rating":1106,"private":0,"password":""}