{"id":"gen9vgc2023regulationc-1849669110","p1":"SpeedyMcReidy","p2":"urjfnc","format":"[Gen 9] VGC 2023 Regulation C","log":"|j|\u2606SpeedyMcReidy\n|j|\u2606urjfnc\n|t:|1682228987\n|gametype|doubles\n|player|p1|SpeedyMcReidy|swimmer|1030\n|player|p2|urjfnc|1|1000\n|teamsize|p1|6\n|teamsize|p2|4\n|gen|9\n|tier|[Gen 9] VGC 2023 Regulation C\n|rated|\n|rule|Species Clause: Limit one of each Pok\u00e9mon\n|rule|Item Clause: Limit one of each item\n|clearpoke\n|poke|p1|Annihilape, L50, F|\n|poke|p1|Maushold, L50|\n|poke|p1|Gallade, L50, M|\n|poke|p1|Armarouge, L50, F|\n|poke|p1|Dudunsparce-*, L50, M|\n|poke|p1|Jolteon, L50, M|\n|poke|p2|Dragonite, L50, M|\n|poke|p2|Arcanine, L50, M|\n|poke|p2|Beartic, L50, M|\n|poke|p2|Pelipper, L50, M|\n|teampreview|4\n|inactive|Battle timer is ON: inactive players will automatically lose when time's up. (requested by SpeedyMcReidy)\n|\n|t:|1682229019\n|start\n|switch|p1a: Annihilape|Annihilape, L50, F|100\/100\n|switch|p1b: Maushold|Maushold, L50|100\/100\n|switch|p2a: Dragonite|Dragonite, L50, M|100\/100\n|switch|p2b: Arcanine|Arcanine, L50, M|100\/100\n|-ability|p2b: Arcanine|Intimidate|boost\n|-unboost|p1a: Annihilape|atk|1\n|-ability|p1a: Annihilape|Defiant|boost\n|-boost|p1a: Annihilape|atk|2\n|-unboost|p1b: Maushold|atk|1\n|turn|1\n|inactive|SpeedyMcReidy has 30 seconds left.\n|inactive|urjfnc has 30 seconds left.\n|\n|t:|1682229049\n|move|p1b: Maushold|Beat Up|p1a: Annihilape\n|-damage|p1a: Annihilape|99\/100\n|-damage|p1a: Annihilape|98\/100\n|-crit|p1a: Annihilape\n|-damage|p1a: Annihilape|95\/100\n|-damage|p1a: Annihilape|94\/100\n|-hitcount|p1a: Annihilape|4\n|move|p2b: Arcanine|Flare Blitz|p1a: Annihilape\n|-damage|p1a: Annihilape|37\/100\n|-damage|p2b: Arcanine|76\/100|[from] Recoil\n|-damage|p2b: Arcanine|66\/100|[from] item: Life Orb\n|move|p2a: Dragonite|Dragon Dance|p2a: Dragonite\n|-boost|p2a: Dragonite|atk|1\n|-boost|p2a: Dragonite|spe|1\n|move|p1a: Annihilape|Rage Fist|p2b: Arcanine\n|-damage|p2b: Arcanine|0 fnt\n|faint|p2b: Arcanine\n|\n|-heal|p1a: Annihilape|43\/100|[from] item: Leftovers\n|upkeep\n|\n|t:|1682229067\n|switch|p2b: Beartic|Beartic, L50, M|100\/100\n|turn|2\n|\n|t:|1682229083\n|move|p2a: Dragonite|Extreme Speed|p1a: Annihilape\n|-immune|p1a: Annihilape\n|move|p1b: Maushold|Follow Me|p1b: Maushold\n|-singleturn|p1b: Maushold|move: Follow Me\n|move|p1a: Annihilape|Rage Fist|p2a: Dragonite\n|-damage|p2a: Dragonite|0 fnt\n|faint|p2a: Dragonite\n|move|p2b: Beartic|Swords Dance|p2b: Beartic\n|-boost|p2b: Beartic|atk|2\n|\n|-heal|p1a: Annihilape|49\/100|[from] item: Leftovers\n|upkeep\n|\n|t:|1682229095\n|switch|p2a: Pelipper|Pelipper, L50, M|100\/100\n|-weather|RainDance|[from] ability: Drizzle|[of] p2a: Pelipper\n|turn|3\n|inactive|SpeedyMcReidy has 30 seconds left.\n|inactive|SpeedyMcReidy has 20 seconds left.\n|inactive|SpeedyMcReidy has 15 seconds left.\n|inactive|SpeedyMcReidy has 10 seconds left.\n|inactive|SpeedyMcReidy has 5 seconds left.\n|\n|t:|1682229150\n|-terastallize|p2b: Beartic|Water\n|move|p2b: Beartic|Liquidation|p1a: Annihilape\n|-damage|p1a: Annihilape|0 fnt\n|faint|p1a: Annihilape\n|move|p1b: Maushold|Super Fang|p2b: Beartic\n|-damage|p2b: Beartic|50\/100\n|move|p2a: Pelipper|Hurricane|p1b: Maushold\n|-damage|p1b: Maushold|60\/100\n|\n|-weather|RainDance|[upkeep]\n|upkeep\n|\n|t:|1682229162\n|switch|p1a: Armarouge|Armarouge, L50, F|100\/100\n|turn|4\n|\n|t:|1682229174\n|-terastallize|p1a: Armarouge|Grass\n|move|p2a: Pelipper|Helping Hand|p2b: Beartic\n|-singleturn|p2b: Beartic|Helping Hand|[of] p2a: Pelipper\n|move|p2b: Beartic|Liquidation|p1a: Armarouge\n|-resisted|p1a: Armarouge\n|-damage|p1a: Armarouge|18\/100\n|-ability|p1a: Armarouge|Weak Armor|boost\n|-unboost|p1a: Armarouge|def|1\n|-boost|p1a: Armarouge|spe|2\n|move|p1a: Armarouge|Expanding Force|p2b: Beartic\n|-damage|p2b: Beartic|0 fnt\n|faint|p2b: Beartic\n|move|p1b: Maushold|Beat Up|p1a: Armarouge\n|-damage|p1a: Armarouge|16\/100\n|-ability|p1a: Armarouge|Weak Armor|boost\n|-unboost|p1a: Armarouge|def|1\n|-boost|p1a: Armarouge|spe|2\n|-damage|p1a: Armarouge|14\/100\n|-ability|p1a: Armarouge|Weak Armor|boost\n|-unboost|p1a: Armarouge|def|1\n|-boost|p1a: Armarouge|spe|2\n|-damage|p1a: Armarouge|11\/100\n|-ability|p1a: Armarouge|Weak Armor|boost\n|-unboost|p1a: Armarouge|def|1\n|-hitcount|p1a: Armarouge|3\n|\n|-weather|RainDance|[upkeep]\n|upkeep\n|turn|5\n|inactive|SpeedyMcReidy has 30 seconds left.\n|\n|t:|1682229201\n|move|p1b: Maushold|Follow Me|p1b: Maushold\n|-singleturn|p1b: Maushold|move: Follow Me\n|move|p1a: Armarouge|Energy Ball|p2a: Pelipper\n|-damage|p2a: Pelipper|48\/100\n|move|p2a: Pelipper|Chilling Water|p1b: Maushold\n|-damage|p1b: Maushold|30\/100\n|-unboost|p1b: Maushold|atk|1\n|\n|-weather|RainDance|[upkeep]\n|-heal|p2a: Pelipper|54\/100|[from] item: Leftovers\n|upkeep\n|turn|6\n|\n|t:|1682229211\n|move|p1b: Maushold|Follow Me|p1b: Maushold\n|-singleturn|p1b: Maushold|move: Follow Me\n|move|p1a: Armarouge|Energy Ball|p2a: Pelipper\n|-damage|p2a: Pelipper|0 fnt\n|faint|p2a: Pelipper\n|\n|win|SpeedyMcReidy\n|raw|SpeedyMcReidy's rating: 1030 → 1062<\/strong> (+32 for winning)\n|raw|urjfnc's rating: 1000 → 1000<\/strong> (+0 for losing)\n|l|\u2606SpeedyMcReidy\n","uploadtime":1682229220,"views":16,"p1id":"speedymcreidy","p2id":"urjfnc","formatid":"gen9vgc2023regulationc","rating":1000,"private":0,"password":""}