{"id":"gen9vgc2023regulationc-1858441012","p1":"KK Artcar","p2":"zee","format":"[Gen 9] VGC 2023 Regulation C","log":"|j|\u2606KK Artcar\n|j|\u2606zee\n|t:|1683312588\n|gametype|doubles\n|player|p1|KK Artcar|preschoolerf|\n|player|p2|zee|#scl2platoon|\n|teamsize|p1|6\n|teamsize|p2|6\n|gen|9\n|tier|[Gen 9] VGC 2023 Regulation C\n|rule|Species Clause: Limit one of each Pok\u00e9mon\n|rule|Item Clause: Limit one of each item\n|clearpoke\n|poke|p1|Grimmsnarl, L50, M|\n|poke|p1|Gholdengo, L50|\n|poke|p1|Flutter Mane, L50|\n|poke|p1|Amoonguss, L50, M|\n|poke|p1|Iron Bundle, L50|\n|poke|p1|Chi-Yu, L50|\n|poke|p2|Gholdengo, L50|\n|poke|p2|Maushold-Four, L50|\n|poke|p2|Iron Bundle, L50|\n|poke|p2|Great Tusk, L50|\n|poke|p2|Dragonite, L50, F|\n|poke|p2|Ceruledge, L50, F|\n|teampreview|4\nzee has agreed to open team sheets.\n|c|\u2606zee|g1\n|j| Serena\nKK Artcar has agreed to open team sheets.\n|l|\u2606zee\n|player|p2|\n|j| baaaaat_\n|j|\u2606zee\n|player|p2|zee|#scl2platoon\n|j| Anisphia\n|j| JoeUX9\n|j| tagmouse27\n|j| rina slaywayama\n|j| Ally\n|j| SvenVGC\n|j| Bertigo\n|j| SnorlaxatemyDimSum\n|j| PqlarBear\n|j| theyummybagel\n|\n|t:|1683312864\n|start\n|switch|p1a: Grimmsnarl|Grimmsnarl, L50, M|100\/100\n|switch|p1b: Gholdengo|Gholdengo, L50|100\/100\n|switch|p2a: Maushold|Maushold-Four, L50|100\/100\n|switch|p2b: Ceruledge|Ceruledge, L50, F|100\/100\n|turn|1\n|j| TabuVGC\n|\n|t:|1683312927\n|switch|p2a: Gholdengo|Gholdengo, L50|100\/100\n|move|p1a: Grimmsnarl|Reflect|p1a: Grimmsnarl\n|-sidestart|p1: KK Artcar|Reflect\n|move|p1b: Gholdengo|Nasty Plot|p1b: Gholdengo\n|-boost|p1b: Gholdengo|spa|2\n|move|p2b: Ceruledge|Bitter Blade|p1b: Gholdengo\n|-supereffective|p1b: Gholdengo\n|-damage|p1b: Gholdengo|46\/100\n|\n|-heal|p1b: Gholdengo|53\/100|[from] item: Leftovers\n|upkeep\n|turn|2\n|j| outdz izon\n|l| rina slaywayama\n|\n|t:|1683312957\n|switch|p2b: Maushold|Maushold-Four, L50|100\/100\n|-terastallize|p2a: Gholdengo|Water\n|move|p1b: Gholdengo|Protect|p1b: Gholdengo\n|-singleturn|p1b: Gholdengo|Protect\n|move|p1a: Grimmsnarl|Light Screen|p1a: Grimmsnarl\n|-sidestart|p1: KK Artcar|move: Light Screen\n|move|p2a: Gholdengo|Nasty Plot|p2a: Gholdengo\n|-boost|p2a: Gholdengo|spa|2\n|\n|-heal|p1b: Gholdengo|59\/100|[from] item: Leftovers\n|upkeep\n|turn|3\n|\n|t:|1683312976\n|-terastallize|p1b: Gholdengo|Water\n|move|p1b: Gholdengo|Make It Rain|p2a: Gholdengo|[spread] p2a,p2b\n|-resisted|p2a: Gholdengo\n|-damage|p2a: Gholdengo|69\/100\n|-damage|p2b: Maushold|14\/100\n|-unboost|p1b: Gholdengo|spa|1\n|move|p2b: Maushold|Super Fang|p1b: Gholdengo|[miss]\n|-miss|p2b: Maushold|p1b: Gholdengo\n|move|p2a: Gholdengo|Shadow Ball|p1b: Gholdengo\n|-damage|p1b: Gholdengo|3\/100\n|move|p1a: Grimmsnarl|Spirit Break|p2a: Gholdengo\n|-damage|p2a: Gholdengo|45\/100\n|-unboost|p2a: Gholdengo|spa|1\n|\n|-heal|p1b: Gholdengo|9\/100|[from] item: Leftovers\n|upkeep\n|turn|4\n|\n|t:|1683313009\n|move|p1b: Gholdengo|Protect|p1b: Gholdengo\n|-singleturn|p1b: Gholdengo|Protect\n|move|p2a: Gholdengo|Protect|p2a: Gholdengo\n|-singleturn|p2a: Gholdengo|Protect\n|move|p2b: Maushold|Super Fang|p1a: Grimmsnarl\n|-damage|p1a: Grimmsnarl|50\/100\n|move|p1a: Grimmsnarl|Spirit Break|p2b: Maushold\n|-damage|p2b: Maushold|0 fnt\n|faint|p2b: Maushold\n|\n|-heal|p1b: Gholdengo|15\/100|[from] item: Leftovers\n|upkeep\n|\n|t:|1683313019\n|switch|p2b: Great Tusk|Great Tusk, L50|100\/100\n|turn|5\n|\n|t:|1683313036\n|move|p2b: Great Tusk|Headlong Rush|p1b: Gholdengo\n|-damage|p1b: Gholdengo|0 fnt\n|-unboost|p2b: Great Tusk|def|1\n|-unboost|p2b: Great Tusk|spd|1\n|faint|p1b: Gholdengo\n|move|p2a: Gholdengo|Make It Rain|p1a: Grimmsnarl\n|-supereffective|p1a: Grimmsnarl\n|-damage|p1a: Grimmsnarl|0 fnt\n|-unboost|p2a: Gholdengo|spa|1\n|faint|p1a: Grimmsnarl\n|\n|upkeep\n|\n|t:|1683313044\n|switch|p1b: Flutter Mane|Flutter Mane, L50|100\/100\n|switch|p1a: Iron Bundle|Iron Bundle, L50|100\/100\n|-enditem|p1a: Iron Bundle|Booster Energy\n|-activate|p1a: Iron Bundle|ability: Quark Drive|[fromitem]\n|-start|p1a: Iron Bundle|quarkdrivespe\n|turn|6\n|\n|t:|1683313069\n|switch|p2a: Ceruledge|Ceruledge, L50, F|100\/100\n|move|p2b: Great Tusk|Protect|p2b: Great Tusk\n|-singleturn|p2b: Great Tusk|Protect\n|move|p1a: Iron Bundle|Icy Wind|p2a: Ceruledge|[spread] p2a\n|-activate|p2b: Great Tusk|move: Protect\n|-resisted|p2a: Ceruledge\n|-damage|p2a: Ceruledge|94\/100\n|-unboost|p2a: Ceruledge|spe|1\n|move|p1b: Flutter Mane|Dazzling Gleam|p2b: Great Tusk|[spread] p2a\n|-activate|p2b: Great Tusk|move: Protect\n|-resisted|p2a: Ceruledge\n|-damage|p2a: Ceruledge|80\/100\n|\n|upkeep\n|turn|7\n|\n|t:|1683313085\n|move|p1a: Iron Bundle|Icy Wind|p2b: Great Tusk|[spread] p2a,p2b\n|-resisted|p2a: Ceruledge\n|-supereffective|p2b: Great Tusk\n|-crit|p2b: Great Tusk\n|-damage|p2a: Ceruledge|74\/100\n|-enditem|p2b: Great Tusk|Focus Sash\n|-damage|p2b: Great Tusk|1\/100\n|-unboost|p2a: Ceruledge|spe|1\n|-unboost|p2b: Great Tusk|spe|1\n|move|p1b: Flutter Mane|Dazzling Gleam|p2a: Ceruledge|[spread] p2a,p2b\n|-resisted|p2a: Ceruledge\n|-supereffective|p2b: Great Tusk\n|-damage|p2a: Ceruledge|60\/100\n|-damage|p2b: Great Tusk|0 fnt\n|faint|p2b: Great Tusk\n|-end|p2b: Great Tusk|Protosynthesis|[silent]\n|move|p2a: Ceruledge|Bitter Blade|p1b: Flutter Mane\n|-damage|p1b: Flutter Mane|60\/100\n|-heal|p2a: Ceruledge|77\/100|[from] drain|[of] p1b: Flutter Mane\n|\n|upkeep\n|\n|t:|1683313101\n|switch|p2b: Gholdengo|Gholdengo, L50, tera:Water|45\/100\n|turn|8\n|\n|t:|1683313107\n|move|p2b: Gholdengo|Protect|p2b: Gholdengo\n|-singleturn|p2b: Gholdengo|Protect\n|move|p1a: Iron Bundle|Hydro Pump|p2a: Ceruledge\n|-supereffective|p2a: Ceruledge\n|-damage|p2a: Ceruledge|4\/100\n|move|p1b: Flutter Mane|Dazzling Gleam|p2a: Ceruledge|[spread] p2a\n|-activate|p2b: Gholdengo|move: Protect\n|-resisted|p2a: Ceruledge\n|-damage|p2a: Ceruledge|0 fnt\n|faint|p2a: Ceruledge\n|\n|-sideend|p1: KK Artcar|Reflect\n|upkeep\n|turn|9\n|\n|t:|1683313115\n|move|p1a: Iron Bundle|Freeze-Dry|p2b: Gholdengo\n|-supereffective|p2b: Gholdengo\n|-damage|p2b: Gholdengo|0 fnt\n|faint|p2b: Gholdengo\n|\n|win|KK Artcar\n|l| JoeUX9\n|l| theyummybagel\n|l| Serena\n|j| Z Strats\n|l| SnorlaxatemyDimSum\n|j| IchigoZangeCorner\n|l| IchigoZangeCorner\n|j| NJ11VGC\n|l| Bertigo\n|l| NJ11VGC\n|l| Ally\n|j|+Stone Cold\n|l|+Stone Cold\n|j| NJ11VGC\n|l| NJ11VGC\n|j|+Stone Cold\n|l|+Stone Cold\n|l| Z Strats\n|j| ceree\n|l| Anisphia\n|j| Anisphia\n|l| ceree\n|j| Robbie35646\n|j| tyo\n|l| tyo\n|l| Robbie35646\n|l| tagmouse27\n|l|\u2606zee\n|l| baaaaat_\n|l| SvenVGC\n|l| TabuVGC\n|l| Anisphia\n|l| outdz izon\n|l| PqlarBear\n","uploadtime":1683313122,"views":20,"p1id":"kkartcar","p2id":"zee","formatid":"gen9vgc2023regulationc","rating":0,"private":0,"password":""}