{"id":"gen9vgc2023regulationc-1847463995","p1":"TrainerRYSA","p2":"QueenElizabethVGC","format":"[Gen 9] VGC 2023 Regulation C","log":"|j|\u2606TrainerRYSA\n|j|\u2606QueenElizabethVGC\n|t:|1681958286\n|gametype|doubles\n|player|p1|TrainerRYSA|169|1147\n|player|p2|QueenElizabethVGC|265|1077\n|teamsize|p1|6\n|teamsize|p2|6\n|gen|9\n|tier|[Gen 9] VGC 2023 Regulation C\n|rated|\n|rule|Species Clause: Limit one of each Pok\u00e9mon\n|rule|Item Clause: Limit one of each item\n|clearpoke\n|poke|p1|Flutter Mane, L50|\n|poke|p1|Iron Hands, L50|\n|poke|p1|Dragonite, L50, M|\n|poke|p1|Umbreon, L50, M|\n|poke|p1|Gyarados, L50, F|\n|poke|p1|Palafin, L50, F|\n|poke|p2|Naclstack, L50, M|\n|poke|p2|Maushold, L50|\n|poke|p2|Tatsugiri-Stretchy, L50, M|\n|poke|p2|Flutter Mane, L50|\n|poke|p2|Amoonguss, L50, F|\n|poke|p2|Chien-Pao, L50|\n|teampreview|4\nQueenElizabethVGC has agreed to open team sheets.\n|\n|t:|1681958339\n|start\n|switch|p1a: Dragonite|Dragonite, L50, M, shiny|100\/100\n|switch|p1b: Gyarados|Gyarados, L50, F, shiny|100\/100\n|switch|p2a: Terracotta|Naclstack, L50, M, shiny|100\/100\n|switch|p2b: Imposter|Amoonguss, L50, F, shiny|100\/100\n|-ability|p1b: Gyarados|Intimidate|boost\n|-unboost|p2a: Terracotta|atk|1\n|-unboost|p2b: Imposter|atk|1\n|turn|1\n|\n|t:|1681958354\n|-terastallize|p2a: Terracotta|Fighting\n|move|p1b: Gyarados|Taunt|p2b: Imposter\n|-start|p2b: Imposter|move: Taunt\n|move|p1a: Dragonite|Outrage|p2a: Terracotta\n|-damage|p2a: Terracotta|28\/100\n|move|p2a: Terracotta|Iron Defense|p2a: Terracotta\n|-boost|p2a: Terracotta|def|2\n|cant|p2b: Imposter|move: Taunt|Spore\n|\n|upkeep\n|turn|2\n|\n|t:|1681958368\n|move|p1b: Gyarados|Dragon Dance|p1b: Gyarados\n|-boost|p1b: Gyarados|atk|1\n|-boost|p1b: Gyarados|spe|1\n|move|p1a: Dragonite|Outrage|p2b: Imposter|[from]lockedmove\n|-damage|p2b: Imposter|24\/100\n|-enditem|p2b: Imposter|Sitrus Berry|[eat]\n|-heal|p2b: Imposter|49\/100|[from] item: Sitrus Berry\n|-start|p1a: Dragonite|confusion|[fatigue]\n|move|p2a: Terracotta|Salt Cure|p1a: Dragonite\n|-supereffective|p1a: Dragonite\n|-damage|p1a: Dragonite|84\/100\n|-start|p1a: Dragonite|Salt Cure\n|move|p2b: Imposter|Pollen Puff|p2a: Terracotta\n|-heal|p2a: Terracotta|78\/100\n|\n|-damage|p1a: Dragonite|71\/100|[from] Salt Cure\n|upkeep\n|turn|3\n|\n|t:|1681958393\n|switch|p2b: Feelin U?|Flutter Mane, L50|100\/100\n|move|p1b: Gyarados|Waterfall|p2a: Terracotta\n|-crit|p2a: Terracotta\n|-damage|p2a: Terracotta|4\/100\n|-activate|p1a: Dragonite|confusion\n|move|p1a: Dragonite|Outrage|p2b: Feelin U?\n|-immune|p2b: Feelin U?\n|move|p2a: Terracotta|Salt Cure|p1b: Gyarados\n|-supereffective|p1b: Gyarados\n|-damage|p1b: Gyarados|76\/100\n|-start|p1b: Gyarados|Salt Cure\n|\n|-damage|p1b: Gyarados|51\/100|[from] Salt Cure\n|-damage|p1a: Dragonite|59\/100|[from] Salt Cure\n|upkeep\n|turn|4\n|\n|t:|1681958413\n|-end|p2b: Feelin U?|Protosynthesis|[silent]\n|switch|p2b: Kimchi|Tatsugiri-Stretchy, L50, M|100\/100\n|switch|p1a: Flutter Mane|Flutter Mane, L50|100\/100\n|-enditem|p1a: Flutter Mane|Booster Energy\n|-activate|p1a: Flutter Mane|ability: Protosynthesis|[fromitem]\n|-start|p1a: Flutter Mane|protosynthesisspa\n|move|p1b: Gyarados|Waterfall|p2b: Kimchi\n|-ability|p2b: Kimchi|Storm Drain|boost\n|-boost|p2b: Kimchi|spa|1\n|move|p2a: Terracotta|Salt Cure|p1b: Gyarados\n|-supereffective|p1b: Gyarados\n|-damage|p1b: Gyarados|26\/100\n|-enditem|p1b: Gyarados|Sitrus Berry|[eat]\n|-heal|p1b: Gyarados|51\/100|[from] item: Sitrus Berry\n|\n|-damage|p1b: Gyarados|26\/100|[from] Salt Cure\n|upkeep\n|turn|5\n|\n|t:|1681958434\n|move|p2a: Terracotta|Protect|p2a: Terracotta\n|-singleturn|p2a: Terracotta|Protect\n|move|p2b: Kimchi|Icy Wind|p1b: Gyarados|[spread] p1a\n|-miss|p2b: Kimchi|p1b: Gyarados\n|-damage|p1a: Flutter Mane|82\/100\n|-unboost|p1a: Flutter Mane|spe|1\n|move|p1b: Gyarados|Waterfall|p2b: Kimchi\n|-activate|p2b: Kimchi|ability: Storm Drain\n|-ability|p2b: Kimchi|Storm Drain|boost\n|-boost|p2b: Kimchi|spa|1\n|move|p1a: Flutter Mane|Dazzling Gleam|p2b: Kimchi|[spread] p2b\n|-activate|p2a: Terracotta|move: Protect\n|-supereffective|p2b: Kimchi\n|-damage|p2b: Kimchi|0 fnt\n|faint|p2b: Kimchi\n|\n|-damage|p1b: Gyarados|2\/100|[from] Salt Cure\n|upkeep\n|\n|t:|1681958450\n|switch|p2b: Feelin U?|Flutter Mane, L50|100\/100\n|turn|6\n|\n|t:|1681958464\n|-terastallize|p1a: Flutter Mane|Steel\n|move|p2a: Terracotta|Protect||[still]\n|-fail|p2a: Terracotta\n|move|p2b: Feelin U?|Shadow Ball|p1a: Flutter Mane\n|-damage|p1a: Flutter Mane|19\/100\n|move|p1b: Gyarados|Waterfall|p2a: Terracotta\n|-damage|p2a: Terracotta|0 fnt\n|faint|p2a: Terracotta\n|move|p1a: Flutter Mane|Dazzling Gleam|p2b: Feelin U?\n|-damage|p2b: Feelin U?|36\/100\n|\n|-damage|p1b: Gyarados|0 fnt|[from] Salt Cure\n|faint|p1b: Gyarados\n|upkeep\n|\n|t:|1681958480\n|switch|p1b: Iron Hands|Iron Hands, L50|100\/100\n|switch|p2a: Imposter|Amoonguss, L50, F, shiny|82\/100\n|turn|7\n|\n|t:|1681958506\n|move|p1b: Iron Hands|Fake Out|p2a: Imposter\n|-damage|p2a: Imposter|70\/100\n|move|p2b: Feelin U?|Shadow Ball|p1a: Flutter Mane\n|-damage|p1a: Flutter Mane|0 fnt\n|faint|p1a: Flutter Mane\n|-end|p1a: Flutter Mane|Protosynthesis|[silent]\n|cant|p2a: Imposter|flinch\n|\n|upkeep\n|\n|t:|1681958513\n|switch|p1a: Dragonite|Dragonite, L50, M, shiny|59\/100\n|turn|8\n|\n|t:|1681958535\n|move|p2a: Imposter|Rage Powder|p2a: Imposter\n|-singleturn|p2a: Imposter|move: Rage Powder\n|move|p2b: Feelin U?|Shadow Ball|p1a: Dragonite\n|-damage|p1a: Dragonite|3\/100\n|move|p1a: Dragonite|Rock Slide|p2b: Feelin U?|[spread] p2a,p2b\n|-damage|p2a: Imposter|43\/100\n|-damage|p2b: Feelin U?|0 fnt\n|faint|p2b: Feelin U?\n|-end|p2b: Feelin U?|Protosynthesis|[silent]\n|move|p1b: Iron Hands|Heavy Slam|p2a: Imposter\n|-damage|p2a: Imposter|10\/100\n|\n|upkeep\n|turn|9\n|c|\u2606QueenElizabethVGC|thats fucking bullshit\n|-message|QueenElizabethVGC forfeited.\n|\n|win|TrainerRYSA\n|raw|TrainerRYSA's rating: 1147 → 1167<\/strong> (+20 for winning)\n|raw|QueenElizabethVGC's rating: 1077 → 1060<\/strong> (-17 for losing)\n|l|\u2606QueenElizabethVGC\n","uploadtime":1681958586,"views":7,"p1id":"trainerrysa","p2id":"queenelizabethvgc","formatid":"gen9vgc2023regulationc","rating":1060,"private":0,"password":""}