{"id":"gen9vgc2023regulationc-1861516100","p1":"RadiantBlue4552","p2":"maverick8","format":"[Gen 9] VGC 2023 Regulation C","log":"|j|\u2606RadiantBlue4552\n|j|\u2606maverick8\n|t:|1683767543\n|gametype|doubles\n|player|p1|RadiantBlue4552|1|1288\n|player|p2|maverick8|plasmagrunt|1334\n|teamsize|p1|6\n|teamsize|p2|6\n|gen|9\n|tier|[Gen 9] VGC 2023 Regulation C\n|rated|\n|rule|Species Clause: Limit one of each Pok\u00e9mon\n|rule|Item Clause: Limit one of each item\n|clearpoke\n|poke|p1|Cloyster, L50, F|\n|poke|p1|Beartic, L50, M|\n|poke|p1|Weavile, L50, M|\n|poke|p1|Abomasnow, L50, M|\n|poke|p1|Flamigo, L50, M|\n|poke|p1|Chien-Pao, L50|\n|poke|p2|Azumarill, L50, F|\n|poke|p2|Arcanine, L50, M|\n|poke|p2|Amoonguss, L50, M|\n|poke|p2|Dragonite, L50, F|\n|poke|p2|Chien-Pao, L50|\n|poke|p2|Flutter Mane, L50|\n|teampreview|4\n|j| thefuryzelf\n|inactive|Battle timer is ON: inactive players will automatically lose when time's up. (requested by RadiantBlue4552)\nmaverick8 has agreed to open team sheets.\n|inactive|maverick8 has 60 seconds left.\n|\n|t:|1683767631\n|start\n|switch|p1a: Abomasnow|Abomasnow, L50, M|100\/100\n|switch|p1b: Beartic|Beartic, L50, M|100\/100\n|switch|p2a: Amoonguss|Amoonguss, L50, M, shiny|100\/100\n|switch|p2b: Chien-Pao|Chien-Pao, L50|100\/100\n|-ability|p2b: Chien-Pao|Sword of Ruin\n|-weather|Snow|[from] ability: Snow Warning|[of] p1a: Abomasnow\n|turn|1\n|inactive|RadiantBlue4552 has 30 seconds left.\n|inactive|RadiantBlue4552 has 20 seconds left.\n|inactive|RadiantBlue4552 has 15 seconds left.\n|\n|t:|1683767673\n|-terastallize|p2a: Amoonguss|Water\n|move|p1b: Beartic|Icicle Crash|p2a: Amoonguss\n|-resisted|p2a: Amoonguss\n|-damage|p2a: Amoonguss|71\/100\n|-damage|p1b: Beartic|91\/100|[from] item: Life Orb\n|move|p2b: Chien-Pao|Sacred Sword|p1a: Abomasnow\n|-supereffective|p1a: Abomasnow\n|-damage|p1a: Abomasnow|33\/100\n|move|p1a: Abomasnow|Giga Drain|p2b: Chien-Pao\n|-damage|p2b: Chien-Pao|52\/100\n|-heal|p1a: Abomasnow|53\/100|[from] drain|[of] p2b: Chien-Pao\n|cant|p2a: Amoonguss|flinch\n|\n|-weather|Snow|[upkeep]\n|upkeep\n|turn|2\n|inactive|maverick8 has 30 seconds left.\n|\n|t:|1683767703\n|move|p2a: Amoonguss|Rage Powder|p2a: Amoonguss\n|-singleturn|p2a: Amoonguss|move: Rage Powder\n|move|p1b: Beartic|Close Combat|p2a: Amoonguss\n|-damage|p2a: Amoonguss|16\/100\n|-unboost|p1b: Beartic|def|1\n|-unboost|p1b: Beartic|spd|1\n|-enditem|p2a: Amoonguss|Sitrus Berry|[eat]\n|-heal|p2a: Amoonguss|41\/100|[from] item: Sitrus Berry\n|-damage|p1b: Beartic|81\/100|[from] item: Life Orb\n|move|p2b: Chien-Pao|Sacred Sword|p1b: Beartic\n|-supereffective|p1b: Beartic\n|-damage|p1b: Beartic|9\/100\n|move|p1a: Abomasnow|Giga Drain|p2a: Amoonguss\n|-supereffective|p2a: Amoonguss\n|-damage|p2a: Amoonguss|0 fnt\n|-heal|p1a: Abomasnow|75\/100|[from] drain|[of] p2a: Amoonguss\n|faint|p2a: Amoonguss\n|\n|-weather|Snow|[upkeep]\n|upkeep\n|\n|t:|1683767726\n|switch|p2a: Azumarill|Azumarill, L50, F|100\/100\n|turn|3\n|\n|t:|1683767741\n|switch|p1b: Cloyster|Cloyster, L50, F|100\/100\n|move|p2a: Azumarill|Aqua Jet|p1b: Cloyster\n|-resisted|p1b: Cloyster\n|-damage|p1b: Cloyster|91\/100\n|move|p2b: Chien-Pao|Sacred Sword|p1a: Abomasnow\n|-supereffective|p1a: Abomasnow\n|-damage|p1a: Abomasnow|4\/100\n|move|p1a: Abomasnow|Giga Drain|p2a: Azumarill\n|-supereffective|p2a: Azumarill\n|-damage|p2a: Azumarill|60\/100\n|-heal|p1a: Abomasnow|23\/100|[from] drain|[of] p2a: Azumarill\n|\n|-weather|Snow|[upkeep]\n|upkeep\n|turn|4\n|\n|t:|1683767765\n|move|p1a: Abomasnow|Ice Shard|p2a: Azumarill\n|-resisted|p2a: Azumarill\n|-damage|p2a: Azumarill|51\/100\n|move|p2b: Chien-Pao|Sacred Sword|p1a: Abomasnow\n|-supereffective|p1a: Abomasnow\n|-damage|p1a: Abomasnow|0 fnt\n|faint|p1a: Abomasnow\n|move|p1b: Cloyster|Shell Smash|p1b: Cloyster\n|-unboost|p1b: Cloyster|def|1\n|-unboost|p1b: Cloyster|spd|1\n|-boost|p1b: Cloyster|atk|2\n|-boost|p1b: Cloyster|spa|2\n|-boost|p1b: Cloyster|spe|2\n|move|p2a: Azumarill|Play Rough|p1b: Cloyster\n|-damage|p1b: Cloyster|24\/100\n|-unboost|p1b: Cloyster|atk|1\n|\n|-weather|Snow|[upkeep]\n|upkeep\n|\n|t:|1683767781\n|switch|p1a: Flamigo|Flamigo, L50, M|100\/100\n|-copyboost|p1a: Flamigo|p1b: Cloyster|[from] ability: Costar\n|turn|5\n|-activate|p1a: Flamigo|item: Quick Claw\n|\n|t:|1683767800\n|move|p2b: Chien-Pao|Protect|p2b: Chien-Pao\n|-singleturn|p2b: Chien-Pao|Protect\n|move|p2a: Azumarill|Aqua Jet|p1a: Flamigo\n|-damage|p1a: Flamigo|34\/100\n|move|p1a: Flamigo|Brave Bird|p2a: Azumarill\n|-damage|p2a: Azumarill|0 fnt\n|faint|p2a: Azumarill\n|-damage|p1a: Flamigo|15\/100|[from] Recoil\n|move|p1b: Cloyster|Rock Blast|p2b: Chien-Pao\n|-activate|p2b: Chien-Pao|move: Protect\n|\n|-weather|none\n|upkeep\n|\n|t:|1683767811\n|switch|p2a: Flutter Mane|Flutter Mane, L50|100\/100\n|-enditem|p2a: Flutter Mane|Booster Energy\n|-activate|p2a: Flutter Mane|ability: Protosynthesis|[fromitem]\n|-start|p2a: Flutter Mane|protosynthesisspe\n|turn|6\n|\n|t:|1683767832\n|move|p1a: Flamigo|Brave Bird|p2a: Flutter Mane\n|-damage|p2a: Flutter Mane|0 fnt\n|faint|p2a: Flutter Mane\n|-end|p2a: Flutter Mane|Protosynthesis|[silent]\n|-damage|p1a: Flamigo|0 fnt|[from] Recoil\n|faint|p1a: Flamigo\n|move|p1b: Cloyster|Surf|p2b: Chien-Pao\n|-damage|p2b: Chien-Pao|0 fnt\n|faint|p2b: Chien-Pao\n|\n|win|RadiantBlue4552\n|raw|RadiantBlue4552's rating: 1288 → 1316<\/strong> (+28 for winning)\n|raw|maverick8's rating: 1334 → 1311<\/strong> (-23 for losing)\n|l|\u2606maverick8\n|l| thefuryzelf\n","uploadtime":1683767844,"views":12,"p1id":"radiantblue4552","p2id":"maverick8","formatid":"gen9vgc2023regulationc","rating":1311,"private":0,"password":""}