{"id":"gen9vgc2023regulationc-1846060810","p1":"GB Seraphix","p2":"qzy1993","format":"[Gen 9] VGC 2023 Regulation C","log":"|j|\u2606GB Seraphix\n|j|\u2606qzy1993\n|t:|1681799642\n|gametype|doubles\n|player|p1|GB Seraphix|rosa|1199\n|player|p2|qzy1993|2|1144\n|teamsize|p1|6\n|teamsize|p2|6\n|gen|9\n|tier|[Gen 9] VGC 2023 Regulation C\n|rated|\n|rule|Species Clause: Limit one of each Pok\u00e9mon\n|rule|Item Clause: Limit one of each item\n|clearpoke\n|poke|p1|Chi-Yu, L50|\n|poke|p1|Dachsbun, L50, M|\n|poke|p1|Flutter Mane, L50|\n|poke|p1|Baxcalibur, L50, F|\n|poke|p1|Amoonguss, L50, F|\n|poke|p1|Dragonite, L50, M|\n|poke|p2|Iron Valiant, L50|\n|poke|p2|Toxapex, L50, F|\n|poke|p2|Meowscarada, L50, M|\n|poke|p2|Kingambit, L50, M|\n|poke|p2|Chi-Yu, L50|\n|poke|p2|Kilowattrel, L50, F|\n|teampreview|4\n|inactive|Battle timer is ON: inactive players will automatically lose when time's up. (requested by GB Seraphix)\n|\n|t:|1681799707\n|start\n|switch|p1a: Nemo|Chi-Yu, L50|100\/100\n|switch|p1b: Chocnut|Dachsbun, L50, M|100\/100\n|switch|p2a: Kilowattrel|Kilowattrel, L50, F|100\/100\n|switch|p2b: Chi-Yu|Chi-Yu, L50|100\/100\n|-ability|p1a: Nemo|Beads of Ruin\n|-ability|p2b: Chi-Yu|Beads of Ruin\n|turn|1\n|\n|t:|1681799730\n|move|p1a: Nemo|Lava Plume|p2a: Kilowattrel|[spread] p2a,p2b\n|-ability|p1b: Chocnut|Well-Baked Body|boost\n|-boost|p1b: Chocnut|def|2\n|-resisted|p2b: Chi-Yu\n|-damage|p2a: Kilowattrel|25\/100\n|-damage|p2b: Chi-Yu|81\/100\n|move|p2a: Kilowattrel|Tailwind|p2a: Kilowattrel\n|-sidestart|p2: qzy1993|move: Tailwind\n|move|p2b: Chi-Yu|Dark Pulse|p1b: Chocnut\n|-resisted|p1b: Chocnut\n|-damage|p1b: Chocnut|66\/100\n|-damage|p2b: Chi-Yu|71\/100|[from] item: Life Orb\n|move|p1b: Chocnut|Body Press|p2b: Chi-Yu\n|-supereffective|p2b: Chi-Yu\n|-damage|p2b: Chi-Yu|0 fnt\n|faint|p2b: Chi-Yu\n|\n|-heal|p1b: Chocnut|72\/100|[from] item: Leftovers\n|upkeep\n|\n|t:|1681799750\n|switch|p2b: Iron Valiant|Iron Valiant, L50|100\/100\n|-enditem|p2b: Iron Valiant|Booster Energy\n|-activate|p2b: Iron Valiant|ability: Quark Drive|[fromitem]\n|-start|p2b: Iron Valiant|quarkdriveatk\n|turn|2\n|\n|t:|1681799772\n|-terastallize|p2b: Iron Valiant|Ghost\n|move|p2a: Kilowattrel|Air Slash|p1b: Chocnut\n|-damage|p1b: Chocnut|29\/100\n|move|p2b: Iron Valiant|Close Combat|p1a: Nemo\n|-supereffective|p1a: Nemo\n|-damage|p1a: Nemo|0 fnt\n|-unboost|p2b: Iron Valiant|def|1\n|-unboost|p2b: Iron Valiant|spd|1\n|faint|p1a: Nemo\n|move|p1b: Chocnut|Yawn|p2b: Iron Valiant\n|-start|p2b: Iron Valiant|move: Yawn|[of] p1b: Chocnut\n|\n|-heal|p1b: Chocnut|35\/100|[from] item: Leftovers\n|upkeep\n|\n|t:|1681799787\n|switch|p1a: Joice|Flutter Mane, L50|100\/100\n|-enditem|p1a: Joice|Booster Energy\n|-activate|p1a: Joice|ability: Protosynthesis|[fromitem]\n|-start|p1a: Joice|protosynthesisspe\n|turn|3\n|\n|t:|1681799808\n|-end|p2b: Iron Valiant|Quark Drive|[silent]\n|switch|p2b: Toxapex|Toxapex, L50, F|100\/100\n|move|p1b: Chocnut|Protect|p1b: Chocnut\n|-singleturn|p1b: Chocnut|Protect\n|move|p2a: Kilowattrel|Air Slash|p1a: Joice\n|-damage|p1a: Joice|70\/100\n|move|p1a: Joice|Moonblast|p2a: Kilowattrel\n|-damage|p2a: Kilowattrel|0 fnt\n|faint|p2a: Kilowattrel\n|\n|-heal|p1b: Chocnut|41\/100|[from] item: Leftovers\n|upkeep\n|\n|t:|1681799822\n|switch|p2a: Iron Valiant|Iron Valiant, L50, tera:Ghost|100\/100\n|turn|4\n|\n|t:|1681799841\n|switch|p1b: Dragonite|Dragonite, L50, M|100\/100\n|move|p2a: Iron Valiant|Close Combat|p1b: Dragonite\n|-resisted|p1b: Dragonite\n|-damage|p1b: Dragonite|72\/100\n|-unboost|p2a: Iron Valiant|def|1\n|-unboost|p2a: Iron Valiant|spd|1\n|move|p1a: Joice|Perish Song|p1a: Joice\n|-start|p1a: Joice|perish3|[silent]\n|-start|p1b: Dragonite|perish3|[silent]\n|-start|p2a: Iron Valiant|perish3|[silent]\n|-start|p2b: Toxapex|perish3|[silent]\n|-fieldactivate|move: Perish Song\n|move|p2b: Toxapex|Sludge Bomb|p1a: Joice\n|-crit|p1a: Joice\n|-damage|p1a: Joice|38\/100\n|\n|-start|p2a: Iron Valiant|perish3\n|-start|p1a: Joice|perish3\n|-start|p2b: Toxapex|perish3\n|-start|p1b: Dragonite|perish3\n|-sideend|p2: qzy1993|move: Tailwind\n|upkeep\n|turn|5\n|inactive|qzy1993 has 30 seconds left.\n|\n|t:|1681799872\n|-end|p1a: Joice|Protosynthesis|[silent]\n|switch|p1a: Chocnut|Dachsbun, L50, M|41\/100\n|-terastallize|p1b: Dragonite|Flying\n|move|p2a: Iron Valiant|Spirit Break|p1b: Dragonite\n|-damage|p1b: Dragonite|33\/100\n|-unboost|p1b: Dragonite|spa|1\n|move|p1b: Dragonite|Tera Blast|p2a: Iron Valiant\n|-damage|p2a: Iron Valiant|0 fnt\n|faint|p2a: Iron Valiant\n|-end|p2a: Iron Valiant|Quark Drive|[silent]\n|move|p2b: Toxapex|Sludge Bomb|p1a: Chocnut\n|-supereffective|p1a: Chocnut\n|-damage|p1a: Chocnut|3\/100\n|\n|-heal|p1a: Chocnut|9\/100|[from] item: Leftovers\n|-start|p1b: Dragonite|perish2\n|-start|p2b: Toxapex|perish2\n|upkeep\n|turn|6\n|\n|t:|1681799896\n|move|p1b: Dragonite|Extreme Speed|p2b: Toxapex\n|-damage|p2b: Toxapex|76\/100\n|move|p1a: Chocnut|Yawn|p2b: Toxapex\n|-start|p2b: Toxapex|move: Yawn|[of] p1a: Chocnut\n|move|p2b: Toxapex|Ice Beam|p1b: Dragonite\n|-supereffective|p1b: Dragonite\n|-damage|p1b: Dragonite|8\/100\n|\n|-heal|p1a: Chocnut|15\/100|[from] item: Leftovers\n|-start|p1b: Dragonite|perish1\n|-start|p2b: Toxapex|perish1\n|upkeep\n|turn|7\n|\n|t:|1681799911\n|switch|p1b: Joice|Flutter Mane, L50|38\/100\n|move|p1a: Chocnut|Protect|p1a: Chocnut\n|-singleturn|p1a: Chocnut|Protect\n|move|p2b: Toxapex|Ice Beam|p1b: Joice\n|-damage|p1b: Joice|24\/100\n|\n|-heal|p1a: Chocnut|21\/100|[from] item: Leftovers\n|-end|p2b: Toxapex|move: Yawn|[silent]\n|-status|p2b: Toxapex|slp\n|-start|p2b: Toxapex|perish0\n|faint|p2b: Toxapex\n|\n|win|GB Seraphix\n|upkeep\n|raw|GB Seraphix's rating: 1199 → 1220<\/strong> (+21 for winning)\n|raw|qzy1993's rating: 1144 → 1123<\/strong> (-21 for losing)\n|l|\u2606qzy1993\n|l|\u2606GB Seraphix\n|j|\u2606GB Seraphix\n|player|p1|GB Seraphix|rosa\n","uploadtime":1681799926,"views":16,"p1id":"gbseraphix","p2id":"qzy1993","formatid":"gen9vgc2023regulationc","rating":1123,"private":0,"password":""}