{"id":"gen9vgc2023regulationc-1847451168","p1":"Bullfrog Jer","p2":"Hiemer14","format":"[Gen 9] VGC 2023 Regulation C","log":"|j|\u2606Bullfrog Jer\n|j|\u2606Hiemer14\n|t:|1681956695\n|gametype|doubles\n|player|p1|Bullfrog Jer|blackbelt-gen4dp|\n|player|p2|Hiemer14|169|\n|teamsize|p1|6\n|teamsize|p2|6\n|gen|9\n|tier|[Gen 9] VGC 2023 Regulation C\n|rule|Species Clause: Limit one of each Pok\u00e9mon\n|rule|Item Clause: Limit one of each item\n|clearpoke\n|poke|p1|Flutter Mane, L50|\n|poke|p1|Amoonguss, L50, F|\n|poke|p1|Chi-Yu, L50|\n|poke|p1|Gyarados, L50, M|\n|poke|p1|Kingambit, L50, M|\n|poke|p1|Gholdengo, L50|\n|poke|p2|Murkrow, L50, F|\n|poke|p2|Flutter Mane, L50|\n|poke|p2|Chi-Yu, L50|\n|poke|p2|Great Tusk, L50|\n|poke|p2|Tyranitar, L50, F|\n|poke|p2|Iron Bundle, L50|\n|teampreview|4\n|\n|t:|1681956756\n|start\n|switch|p1a: Flutter Mane|Flutter Mane, L50|100\/100\n|switch|p1b: Gholdengo|Gholdengo, L50|100\/100\n|switch|p2a: Murkrow|Murkrow, L50, F|100\/100\n|switch|p2b: Chi-Yu|Chi-Yu, L50|100\/100\n|-ability|p2b: Chi-Yu|Beads of Ruin\n|turn|1\n|\n|t:|1681956781\n|-terastallize|p1b: Gholdengo|Normal\n|move|p2a: Murkrow|Sunny Day|p2a: Murkrow\n|-weather|SunnyDay\n|-activate|p1a: Flutter Mane|ability: Protosynthesis\n|-start|p1a: Flutter Mane|protosynthesisspe\n|move|p1a: Flutter Mane|Dazzling Gleam|p2b: Chi-Yu|[spread] p2a,p2b\n|-supereffective|p2a: Murkrow\n|-damage|p2a: Murkrow|27\/100\n|-damage|p2b: Chi-Yu|65\/100\n|move|p2b: Chi-Yu|Heat Wave|p1a: Flutter Mane|[spread] p1a,p1b\n|-damage|p1a: Flutter Mane|20\/100\n|-damage|p1b: Gholdengo|26\/100\n|move|p1b: Gholdengo|Make It Rain|p2a: Murkrow|[spread] p2a,p2b\n|-resisted|p2b: Chi-Yu\n|-damage|p2a: Murkrow|0 fnt\n|-damage|p2b: Chi-Yu|37\/100\n|-unboost|p1b: Gholdengo|spa|1\n|faint|p2a: Murkrow\n|\n|-weather|SunnyDay|[upkeep]\n|-heal|p1b: Gholdengo|32\/100|[from] item: Leftovers\n|upkeep\n|\n|t:|1681956806\n|switch|p2a: Flutter Mane|Flutter Mane, L50|100\/100\n|-activate|p2a: Flutter Mane|ability: Protosynthesis\n|-start|p2a: Flutter Mane|protosynthesisspa\n|turn|2\n|\n|t:|1681956827\n|move|p2b: Chi-Yu|Protect|p2b: Chi-Yu\n|-singleturn|p2b: Chi-Yu|Protect\n|move|p1b: Gholdengo|Protect|p1b: Gholdengo\n|-singleturn|p1b: Gholdengo|Protect\n|move|p1a: Flutter Mane|Shadow Ball|p2a: Flutter Mane\n|-supereffective|p2a: Flutter Mane\n|-damage|p2a: Flutter Mane|0 fnt\n|faint|p2a: Flutter Mane\n|-end|p2a: Flutter Mane|Protosynthesis|[silent]\n|\n|-weather|SunnyDay|[upkeep]\n|-heal|p1b: Gholdengo|38\/100|[from] item: Leftovers\n|upkeep\n|\n|t:|1681956843\n|switch|p2a: Great Tusk|Great Tusk, L50|100\/100\n|-activate|p2a: Great Tusk|ability: Protosynthesis\n|-start|p2a: Great Tusk|protosynthesisatk\n|turn|3\n|\n|t:|1681956912\n|move|p2a: Great Tusk|Protect|p2a: Great Tusk\n|-singleturn|p2a: Great Tusk|Protect\n|move|p1a: Flutter Mane|Shadow Ball|p2a: Great Tusk\n|-activate|p2a: Great Tusk|move: Protect\n|move|p2b: Chi-Yu|Heat Wave|p1b: Gholdengo|[spread] p1a,p1b\n|-damage|p1a: Flutter Mane|0 fnt\n|-damage|p1b: Gholdengo|0 fnt\n|faint|p1a: Flutter Mane\n|-end|p1a: Flutter Mane|Protosynthesis|[silent]\n|faint|p1b: Gholdengo\n|\n|-weather|SunnyDay|[upkeep]\n|upkeep\n|\n|t:|1681956924\n|switch|p1a: Kingambit|Kingambit, L50, M|100\/100\n|switch|p1b: Amoonguss|Amoonguss, L50, F|100\/100\n|turn|4\n|\n|t:|1681956953\n|move|p2b: Chi-Yu|Protect|p2b: Chi-Yu\n|-singleturn|p2b: Chi-Yu|Protect\n|move|p1a: Kingambit|Protect|p1a: Kingambit\n|-singleturn|p1a: Kingambit|Protect\n|move|p1b: Amoonguss|Protect|p1b: Amoonguss\n|-singleturn|p1b: Amoonguss|Protect\n|move|p2a: Great Tusk|Earthquake|p1b: Amoonguss|[spread] \n|-activate|p2b: Chi-Yu|move: Protect\n|-activate|p1a: Kingambit|move: Protect\n|-activate|p1b: Amoonguss|move: Protect\n|\n|-weather|SunnyDay|[upkeep]\n|upkeep\n|turn|5\n|\n|t:|1681956985\n|move|p2b: Chi-Yu|Heat Wave|p1a: Kingambit|[spread] p1a,p1b\n|-supereffective|p1a: Kingambit\n|-supereffective|p1b: Amoonguss\n|-damage|p1a: Kingambit|0 fnt\n|-damage|p1b: Amoonguss|0 fnt\n|faint|p1a: Kingambit\n|faint|p1b: Amoonguss\n|\n|win|Hiemer14\n|l|\u2606Bullfrog Jer\n","uploadtime":1681957163,"views":10,"p1id":"bullfrogjer","p2id":"hiemer14","formatid":"gen9vgc2023regulationc","rating":0,"private":0,"password":""}