{"id":"gen9vgc2023regulationc-1849264125","p1":"TurtileTTV","p2":"Citoraptor","format":"[Gen 9] VGC 2023 Regulation C","log":"|j|\u2606TurtileTTV\n|j|\u2606Citoraptor\n|t:|1682179360\n|gametype|doubles\n|player|p1|TurtileTTV|101|1087\n|player|p2|Citoraptor|102|1075\n|teamsize|p1|6\n|teamsize|p2|6\n|gen|9\n|tier|[Gen 9] VGC 2023 Regulation C\n|rated|\n|rule|Species Clause: Limit one of each Pok\u00e9mon\n|rule|Item Clause: Limit one of each item\n|clearpoke\n|poke|p1|Ting-Lu, L50|\n|poke|p1|Armarouge, L50, F|\n|poke|p1|Indeedee, L50, M|\n|poke|p1|Tinkaton, L50, F|\n|poke|p1|Iron Hands, L50|\n|poke|p1|Iron Bundle, L50|\n|poke|p2|Roaring Moon, L50|\n|poke|p2|Talonflame, L50, M|\n|poke|p2|Gholdengo, L50|\n|poke|p2|Chien-Pao, L50|\n|poke|p2|Palafin, L50, M|\n|poke|p2|Maushold, L50|\n|teampreview|4\n|\n|t:|1682179410\n|start\n|switch|p1a: Ting-Lu|Ting-Lu, L50|100\/100\n|switch|p1b: Indeedee|Indeedee, L50, M|100\/100\n|switch|p2a: Talonflame|Talonflame, L50, M|100\/100\n|switch|p2b: Palafin|Palafin, L50, M|100\/100\n|-fieldstart|move: Psychic Terrain|[from] ability: Psychic Surge|[of] p1b: Indeedee\n|-ability|p1a: Ting-Lu|Vessel of Ruin\n|turn|1\n|\n|t:|1682179431\n|detailschange|p2b: Palafin|Palafin-Hero, L50, M\n|switch|p2b: Maushold|Maushold, L50|100\/100\n|move|p2a: Talonflame|Taunt|p1b: Indeedee\n|-start|p1b: Indeedee|move: Taunt\n|move|p1a: Ting-Lu|Fissure|p2b: Maushold|[miss]\n|-miss|p1a: Ting-Lu|p2b: Maushold\n|cant|p1b: Indeedee|move: Taunt|Trick Room\n|\n|upkeep\n|turn|2\n|\n|t:|1682179456\n|move|p2a: Talonflame|Tailwind|p2a: Talonflame\n|-sidestart|p2: Citoraptor|move: Tailwind\n|move|p2b: Maushold|Super Fang|p1b: Indeedee\n|-damage|p1b: Indeedee|51\/100\n|-damage|p2b: Maushold|84\/100|[from] item: Rocky Helmet|[of] p1b: Indeedee\n|move|p1b: Indeedee|Dazzling Gleam|p2a: Talonflame|[spread] p2a,p2b\n|-resisted|p2a: Talonflame\n|-damage|p2a: Talonflame|93\/100\n|-damage|p2b: Maushold|60\/100\n|move|p1a: Ting-Lu|Stomping Tantrum|p2b: Maushold\n|-damage|p2b: Maushold|0 fnt\n|faint|p2b: Maushold\n|\n|upkeep\n|\n|t:|1682179470\n|switch|p2b: Palafin|Palafin-Hero, L50, M|100\/100\n|-activate|p2b: Palafin|ability: Zero to Hero\n|turn|3\n|\n|t:|1682179487\n|move|p2b: Palafin|Protect|p2b: Palafin\n|-singleturn|p2b: Palafin|Protect\n|move|p2a: Talonflame|Brave Bird|p1b: Indeedee\n|-damage|p1b: Indeedee|0 fnt\n|-damage|p2a: Talonflame|77\/100|[from] item: Rocky Helmet|[of] p1b: Indeedee\n|faint|p1b: Indeedee\n|-damage|p2a: Talonflame|62\/100|[from] Recoil\n|move|p1a: Ting-Lu|Stone Edge|p2a: Talonflame\n|-supereffective|p2a: Talonflame\n|-crit|p2a: Talonflame\n|-damage|p2a: Talonflame|0 fnt\n|faint|p2a: Talonflame\n|\n|upkeep\n|\n|t:|1682179505\n|switch|p2a: Roaring Moon|Roaring Moon, L50, shiny|100\/100\n|switch|p1b: Tinkaton|Tinkaton, L50, F|100\/100\n|-ability|p1b: Tinkaton|Mold Breaker\n|-enditem|p2a: Roaring Moon|Booster Energy\n|-activate|p2a: Roaring Moon|ability: Protosynthesis|[fromitem]\n|-start|p2a: Roaring Moon|protosynthesisatk\n|turn|4\n|\n|t:|1682179540\n|-terastallize|p2a: Roaring Moon|Flying\n|-terastallize|p1a: Ting-Lu|Steel\n|move|p2a: Roaring Moon|Acrobatics|p1b: Tinkaton\n|-resisted|p1b: Tinkaton\n|-damage|p1b: Tinkaton|48\/100\n|move|p2b: Palafin|Wave Crash|p1a: Ting-Lu\n|-damage|p1a: Ting-Lu|47\/100\n|-damage|p2b: Palafin|74\/100|[from] Recoil\n|move|p1b: Tinkaton|Play Rough|p2a: Roaring Moon\n|-damage|p2a: Roaring Moon|57\/100\n|-heal|p1b: Tinkaton|54\/100|[from] item: Shell Bell|[of] p2a: Roaring Moon\n|move|p1a: Ting-Lu|Fissure|p2b: Palafin|[miss]\n|-miss|p1a: Ting-Lu|p2b: Palafin\n|\n|upkeep\n|turn|5\n|\n|t:|1682179569\n|move|p2a: Roaring Moon|Acrobatics|p1b: Tinkaton\n|-resisted|p1b: Tinkaton\n|-damage|p1b: Tinkaton|0 fnt\n|faint|p1b: Tinkaton\n|move|p2b: Palafin|Wave Crash|p1a: Ting-Lu\n|-damage|p1a: Ting-Lu|0 fnt\n|faint|p1a: Ting-Lu\n|-damage|p2b: Palafin|51\/100|[from] Recoil\n|\n|-sideend|p2: Citoraptor|move: Tailwind\n|-fieldend|move: Psychic Terrain\n|upkeep\n|\n|t:|1682179582\n|switch|p1a: Armarouge|Armarouge, L50, F|100\/100\n|turn|6\n|\n|t:|1682179588\n|move|p2b: Palafin|Jet Punch|p1a: Armarouge\n|-supereffective|p1a: Armarouge\n|-damage|p1a: Armarouge|0 fnt\n|faint|p1a: Armarouge\n|\n|win|Citoraptor\n|raw|TurtileTTV's rating: 1087 → 1063<\/strong> (-24 for losing)\n|raw|Citoraptor's rating: 1075 → 1105<\/strong> (+30 for winning)\n|l|\u2606TurtileTTV\n","uploadtime":1682179594,"views":8,"p1id":"turtilettv","p2id":"citoraptor","formatid":"gen9vgc2023regulationc","rating":1063,"private":0,"password":""}