{"id":"gen9vgc2023regulationc-1859246302","p1":"gGusto","p2":"PalafinPunch18","format":"[Gen 9] VGC 2023 Regulation C","log":"|j|\u2606gGusto\n|j|\u2606PalafinPunch18\n|t:|1683423310\n|gametype|doubles\n|player|p1|gGusto|265|1310\n|player|p2|PalafinPunch18|caitlin|1290\n|teamsize|p1|6\n|teamsize|p2|6\n|gen|9\n|tier|[Gen 9] VGC 2023 Regulation C\n|rated|\n|rule|Species Clause: Limit one of each Pok\u00e9mon\n|rule|Item Clause: Limit one of each item\n|clearpoke\n|poke|p1|Flutter Mane, L50|\n|poke|p1|Arcanine, L50, M|\n|poke|p1|Amoonguss, L50, F|\n|poke|p1|Palafin, L50, F|\n|poke|p1|Ting-Lu, L50|\n|poke|p1|Baxcalibur, L50, F|\n|poke|p2|Amoonguss, L50, F|\n|poke|p2|Ting-Lu, L50|\n|poke|p2|Kingambit, L50, M|\n|poke|p2|Flutter Mane, L50|\n|poke|p2|Iron Hands, L50|\n|poke|p2|Arcanine, L50, M|\n|teampreview|4\n|inactive|Battle timer is ON: inactive players will automatically lose when time's up. (requested by gGusto)\n|inactive|PalafinPunch18 also wants the timer to be on.\nPalafinPunch18 has agreed to open team sheets.\ngGusto has agreed to open team sheets.\n|inactive|gGusto has 60 seconds left.\n|inactive|PalafinPunch18 has 60 seconds left.\n|inactive|PalafinPunch18 has 30 seconds left.\n|\n|t:|1683423380\n|start\n|switch|p1a: Palafin|Palafin, L50, F|100\/100\n|switch|p1b: Baxcalibur|Baxcalibur, L50, F|100\/100\n|switch|p2a: Arcanine|Arcanine, L50, M|100\/100\n|switch|p2b: Iron Hands|Iron Hands, L50|100\/100\n|-ability|p2a: Arcanine|Intimidate|boost\n|-unboost|p1a: Palafin|atk|1\n|-unboost|p1b: Baxcalibur|atk|1\n|turn|1\n|inactive|PalafinPunch18 has 30 seconds left.\n|\n|t:|1683423410\n|detailschange|p1a: Palafin|Palafin-Hero, L50, F\n|switch|p1a: Arcanine|Arcanine, L50, M|100\/100\n|-ability|p1a: Arcanine|Intimidate|boost\n|-unboost|p2a: Arcanine|atk|1\n|-unboost|p2b: Iron Hands|atk|1\n|move|p1b: Baxcalibur|Protect|p1b: Baxcalibur\n|-singleturn|p1b: Baxcalibur|Protect\n|move|p2b: Iron Hands|Fake Out|p1b: Baxcalibur\n|-activate|p1b: Baxcalibur|move: Protect\n|move|p2a: Arcanine|Will-O-Wisp|p1a: Arcanine\n|-immune|p1a: Arcanine\n|\n|upkeep\n|turn|2\n|\n|t:|1683423427\n|switch|p2a: Kingambit|Kingambit, L50, M, shiny|100\/100\n|-terastallize|p1b: Baxcalibur|Water\n|move|p1a: Arcanine|Howl|p1a: Arcanine|[spread] p1a,p1b\n|-boost|p1a: Arcanine|atk|1\n|-boost|p1b: Baxcalibur|atk|1\n|move|p1b: Baxcalibur|Glaive Rush|p2a: Kingambit\n|-resisted|p2a: Kingambit\n|-damage|p2a: Kingambit|63\/100\n|-singlemove|p1b: Baxcalibur|Glaive Rush|[silent]\n|-damage|p1b: Baxcalibur|91\/100|[from] item: Life Orb\n|move|p2b: Iron Hands|Drain Punch|p1b: Baxcalibur\n|-damage|p1b: Baxcalibur|33\/100\n|\n|upkeep\n|turn|3\n|inactive|PalafinPunch18 has 30 seconds left.\n|\n|t:|1683423453\n|switch|p1b: Amoonguss|Amoonguss, L50, F|100\/100\n|-end|p2b: Iron Hands|Quark Drive|[silent]\n|switch|p2b: Arcanine|Arcanine, L50, M|100\/100\n|-ability|p2b: Arcanine|Intimidate|boost\n|-unboost|p1a: Arcanine|atk|1\n|-unboost|p1b: Amoonguss|atk|1\n|move|p2a: Kingambit|Protect|p2a: Kingambit\n|-singleturn|p2a: Kingambit|Protect\n|move|p1a: Arcanine|Flare Blitz|p2a: Kingambit\n|-activate|p2a: Kingambit|move: Protect\n|\n|upkeep\n|turn|4\n|inactive|gGusto has 30 seconds left.\n|inactive|PalafinPunch18 has 30 seconds left.\n|inactive|PalafinPunch18 has 20 seconds left.\n|inactive|PalafinPunch18 has 15 seconds left.\n|inactive|PalafinPunch18 has 10 seconds left.\n|inactive|PalafinPunch18 has 5 seconds left.\n|\n|t:|1683423503\n|switch|p2a: Amoonguss|Amoonguss, L50, F|100\/100\n|switch|p1b: Palafin|Palafin-Hero, L50, F|100\/100\n|-activate|p1b: Palafin|ability: Zero to Hero\n|move|p2b: Arcanine|Will-O-Wisp|p1b: Palafin\n|-status|p1b: Palafin|brn\n|move|p1a: Arcanine|Howl|p1a: Arcanine|[spread] p1a,p1b\n|-boost|p1a: Arcanine|atk|1\n|-boost|p1b: Palafin|atk|1\n|\n|-damage|p1b: Palafin|95\/100 brn|[from] brn\n|upkeep\n|turn|5\n|inactive|PalafinPunch18 has 30 seconds left.\n|\n|t:|1683423533\n|switch|p2b: Iron Hands|Iron Hands, L50|100\/100\n|-terastallize|p2a: Amoonguss|Water\n|move|p2a: Amoonguss|Rage Powder|p2a: Amoonguss\n|-singleturn|p2a: Amoonguss|move: Rage Powder\n|move|p1a: Arcanine|Howl|p1a: Arcanine|[spread] p1a,p1b\n|-boost|p1a: Arcanine|atk|1\n|-boost|p1b: Palafin|atk|1\n|move|p1b: Palafin|Wave Crash|p2a: Amoonguss\n|-resisted|p2a: Amoonguss\n|-crit|p2a: Amoonguss\n|-damage|p2a: Amoonguss|34\/100\n|-damage|p1b: Palafin|71\/100 brn|[from] Recoil\n|\n|-damage|p1b: Palafin|65\/100 brn|[from] brn\n|upkeep\n|turn|6\n|inactive|gGusto has 30 seconds left.\n|inactive|PalafinPunch18 has 30 seconds left.\n|inactive|gGusto has 20 seconds left.\n|inactive|PalafinPunch18 has 20 seconds left.\n|inactive|PalafinPunch18 has 15 seconds left.\n|inactive|PalafinPunch18 has 10 seconds left.\n|inactive|PalafinPunch18 has 5 seconds left.\n|\n|t:|1683423585\n|switch|p2a: Arcanine|Arcanine, L50, M|100\/100\n|-ability|p2a: Arcanine|Intimidate|boost\n|-unboost|p1a: Arcanine|atk|1\n|-unboost|p1b: Palafin|atk|1\n|move|p2b: Iron Hands|Fake Out|p1b: Palafin\n|-damage|p1b: Palafin|49\/100 brn\n|move|p1a: Arcanine|Howl|p1a: Arcanine|[spread] p1a,p1b\n|-boost|p1a: Arcanine|atk|1\n|-boost|p1b: Palafin|atk|1\n|cant|p1b: Palafin|flinch\n|\n|-damage|p1b: Palafin|43\/100 brn|[from] brn\n|upkeep\n|turn|7\n|inactive|PalafinPunch18 has 30 seconds left.\n|\n|t:|1683423614\n|move|p2a: Arcanine|Protect|p2a: Arcanine\n|-singleturn|p2a: Arcanine|Protect\n|move|p1b: Palafin|Protect|p1b: Palafin\n|-singleturn|p1b: Palafin|Protect\n|move|p1a: Arcanine|Howl|p1a: Arcanine|[spread] p1a,p1b\n|-boost|p1a: Arcanine|atk|1\n|-boost|p1b: Palafin|atk|1\n|move|p2b: Iron Hands|Wild Charge|p1b: Palafin\n|-activate|p1b: Palafin|move: Protect\n|\n|-damage|p1b: Palafin|38\/100 brn|[from] brn\n|upkeep\n|turn|8\n|\n|t:|1683423631\n|switch|p2a: Amoonguss|Amoonguss, L50, F, tera:Water|67\/100\n|move|p1a: Arcanine|Flare Blitz|p2b: Iron Hands\n|-damage|p2b: Iron Hands|21\/100\n|-enditem|p2b: Iron Hands|Sitrus Berry|[eat]\n|-heal|p2b: Iron Hands|45\/100|[from] item: Sitrus Berry\n|-damage|p1a: Arcanine|70\/100|[from] Recoil\n|move|p1b: Palafin|Wave Crash|p2b: Iron Hands\n|-damage|p2b: Iron Hands|0 fnt\n|faint|p2b: Iron Hands\n|-end|p2b: Iron Hands|Quark Drive|[silent]\n|-damage|p1b: Palafin|21\/100 brn|[from] Recoil\n|\n|-damage|p1b: Palafin|15\/100 brn|[from] brn\n|upkeep\n|\n|t:|1683423642\n|switch|p2b: Arcanine|Arcanine, L50, M|100\/100\n|-ability|p2b: Arcanine|Intimidate|boost\n|-unboost|p1a: Arcanine|atk|1\n|-unboost|p1b: Palafin|atk|1\n|turn|9\n|inactive|PalafinPunch18 has 30 seconds left.\n|\n|t:|1683423668\n|move|p2a: Amoonguss|Protect|p2a: Amoonguss\n|-singleturn|p2a: Amoonguss|Protect\n|move|p2b: Arcanine|Extreme Speed|p1b: Palafin\n|-damage|p1b: Palafin|0 fnt\n|faint|p1b: Palafin\n|move|p1a: Arcanine|Flare Blitz|p2a: Amoonguss\n|-activate|p2a: Amoonguss|move: Protect\n|\n|upkeep\n|\n|t:|1683423674\n|switch|p1b: Amoonguss|Amoonguss, L50, F|100\/100\n|turn|10\n|\n|t:|1683423698\n|move|p2b: Arcanine|Flare Blitz|p1b: Amoonguss\n|-supereffective|p1b: Amoonguss\n|-damage|p1b: Amoonguss|15\/100\n|-enditem|p1b: Amoonguss|Sitrus Berry|[eat]\n|-heal|p1b: Amoonguss|40\/100|[from] item: Sitrus Berry\n|-damage|p2b: Arcanine|63\/100|[from] Recoil\n|move|p1a: Arcanine|Howl|p1a: Arcanine|[spread] p1a,p1b\n|-boost|p1a: Arcanine|atk|1\n|-boost|p1b: Amoonguss|atk|1\n|move|p2a: Amoonguss|Spore|p1b: Amoonguss\n|-immune|p1b: Amoonguss\n|move|p1b: Amoonguss|Spore|p2a: Amoonguss\n|-status|p2a: Amoonguss|slp|[from] move: Spore\n|\n|upkeep\n|turn|11\n|\n|t:|1683423717\n|switch|p1b: Baxcalibur|Baxcalibur, L50, F, tera:Water|33\/100\n|move|p2b: Arcanine|Flare Blitz|p1b: Baxcalibur\n|-resisted|p1b: Baxcalibur\n|-damage|p1b: Baxcalibur|6\/100\n|-ability|p1b: Baxcalibur|Thermal Exchange|boost\n|-boost|p1b: Baxcalibur|atk|1\n|-damage|p2b: Arcanine|52\/100|[from] Recoil\n|move|p1a: Arcanine|Howl|p1a: Arcanine|[spread] p1a,p1b\n|-boost|p1a: Arcanine|atk|1\n|-boost|p1b: Baxcalibur|atk|1\n|cant|p2a: Amoonguss|slp\n|\n|upkeep\n|turn|12\n|\n|t:|1683423735\n|move|p2b: Arcanine|Protect|p2b: Arcanine\n|-singleturn|p2b: Arcanine|Protect\n|move|p1a: Arcanine|Extreme Speed|p2b: Arcanine\n|-activate|p2b: Arcanine|move: Protect\n|move|p1b: Baxcalibur|Glaive Rush|p2a: Amoonguss\n|-damage|p2a: Amoonguss|0 fnt\n|-singlemove|p1b: Baxcalibur|Glaive Rush|[silent]\n|faint|p2a: Amoonguss\n|-damage|p1b: Baxcalibur|0 fnt|[from] item: Life Orb\n|faint|p1b: Baxcalibur\n|\n|upkeep\n|\n|t:|1683423750\n|switch|p1b: Amoonguss|Amoonguss, L50, F|73\/100\n|switch|p2a: Kingambit|Kingambit, L50, M, shiny|63\/100\n|turn|13\n|inactive|PalafinPunch18 has 30 seconds left.\n|\n|t:|1683423780\n|move|p2b: Arcanine|Protect||[still]\n|-fail|p2b: Arcanine\n|move|p1a: Arcanine|Extreme Speed|p2b: Arcanine\n|-damage|p2b: Arcanine|0 fnt\n|faint|p2b: Arcanine\n|move|p2a: Kingambit|Kowtow Cleave|p1a: Arcanine\n|-damage|p1a: Arcanine|15\/100\n|move|p1b: Amoonguss|Spore|p2a: Kingambit\n|-status|p2a: Kingambit|slp|[from] move: Spore\n|\n|upkeep\n|turn|14\n|-message|PalafinPunch18 forfeited.\n|\n|win|gGusto\n|raw|gGusto's rating: 1310 → 1329<\/strong> (+19 for winning)\n|raw|PalafinPunch18's rating: 1290 → 1266<\/strong> (-24 for losing)\n|l|\u2606PalafinPunch18\n|c|\u2606gGusto|ggs\n","uploadtime":1683423793,"views":14,"p1id":"ggusto","p2id":"palafinpunch18","formatid":"gen9vgc2023regulationc","rating":1266,"private":0,"password":""}