{"id":"gen9vgc2023regulationc-1855208520","p1":"v4mpire","p2":"u got dirged","format":"[Gen 9] VGC 2023 Regulation C","log":"|j|\u2606v4mpire\n|j|\u2606u got dirged\n|t:|1682915364\n|gametype|doubles\n|player|p1|v4mpire|riley|1308\n|player|p2|u got dirged|flannery|1336\n|teamsize|p1|6\n|teamsize|p2|6\n|gen|9\n|tier|[Gen 9] VGC 2023 Regulation C\n|rated|\n|rule|Species Clause: Limit one of each Pok\u00e9mon\n|rule|Item Clause: Limit one of each item\n|clearpoke\n|poke|p1|Ceruledge, L50, M|\n|poke|p1|Brute Bonnet, L50|\n|poke|p1|Azumarill, L50, M|\n|poke|p1|Flutter Mane, L50|\n|poke|p1|Talonflame, L50, F|\n|poke|p1|Great Tusk, L50|\n|poke|p2|Scream Tail, L50|\n|poke|p2|Baxcalibur, L50, M|\n|poke|p2|Corviknight, L50, F|\n|poke|p2|Ting-Lu, L50|\n|poke|p2|Gothitelle, L50, F|\n|poke|p2|Rotom-Wash, L50|\n|teampreview|4\nu got dirged has agreed to open team sheets.\nv4mpire has agreed to open team sheets.\n|inactive|Battle timer is ON: inactive players will automatically lose when time's up. (requested by u got dirged)\n|\n|t:|1682915491\n|start\n|switch|p1a: Flutter Mane|Flutter Mane, L50|100\/100\n|switch|p1b: Talonflame|Talonflame, L50, F|100\/100\n|switch|p2a: Scream Tail|Scream Tail, L50, shiny|100\/100\n|switch|p2b: Baxcalibur|Baxcalibur, L50, M|100\/100\n|-enditem|p2a: Scream Tail|Booster Energy\n|-activate|p2a: Scream Tail|ability: Protosynthesis|[fromitem]\n|-start|p2a: Scream Tail|protosynthesisspe\n|turn|1\n|inactive|u got dirged has 30 seconds left.\n|\n|t:|1682915522\n|-terastallize|p2b: Baxcalibur|Poison\n|move|p2a: Scream Tail|Disable||[still]\n|-fail|p2a: Scream Tail\n|move|p1a: Flutter Mane|Shadow Ball|p2b: Baxcalibur\n|-damage|p2b: Baxcalibur|40\/100\n|move|p1b: Talonflame|Taunt|p2a: Scream Tail\n|-start|p2a: Scream Tail|move: Taunt\n|move|p2b: Baxcalibur|Icicle Spear|p1b: Talonflame\n|-damage|p1b: Talonflame|81\/100\n|-damage|p1b: Talonflame|59\/100\n|-damage|p1b: Talonflame|38\/100\n|-damage|p1b: Talonflame|16\/100\n|-hitcount|p1b: Talonflame|4\n|\n|upkeep\n|turn|2\n|\n|t:|1682915545\n|move|p2b: Baxcalibur|Protect|p2b: Baxcalibur\n|-singleturn|p2b: Baxcalibur|Protect\n|move|p2a: Scream Tail|Play Rough|p1b: Talonflame|[miss]\n|-miss|p2a: Scream Tail|p1b: Talonflame\n|move|p1a: Flutter Mane|Shadow Ball|p2b: Baxcalibur\n|-activate|p2b: Baxcalibur|move: Protect\n|move|p1b: Talonflame|Tailwind|p1b: Talonflame\n|-sidestart|p1: v4mpire|move: Tailwind\n|\n|upkeep\n|turn|3\n|inactive|u got dirged has 30 seconds left.\n|inactive|u got dirged has 20 seconds left.\n|\n|t:|1682915582\n|switch|p2b: Ting-Lu|Ting-Lu, L50|100\/100\n|-ability|p2b: Ting-Lu|Vessel of Ruin\n|move|p1b: Talonflame|Protect|p1b: Talonflame\n|-singleturn|p1b: Talonflame|Protect\n|move|p1a: Flutter Mane|Shadow Ball|p2b: Ting-Lu\n|-resisted|p2b: Ting-Lu\n|-damage|p2b: Ting-Lu|89\/100\n|move|p2a: Scream Tail|Play Rough|p1b: Talonflame\n|-activate|p1b: Talonflame|move: Protect\n|\n|upkeep\n|turn|4\n|\n|t:|1682915601\n|-end|p1a: Flutter Mane|Protosynthesis|[silent]\n|switch|p1a: Azumarill|Azumarill, L50, M|100\/100\n|move|p1b: Talonflame|Brave Bird|p2a: Scream Tail\n|-damage|p2a: Scream Tail|73\/100\n|-damage|p1b: Talonflame|4\/100|[from] Recoil\n|move|p2a: Scream Tail|Play Rough|p1b: Talonflame\n|-resisted|p1b: Talonflame\n|-damage|p1b: Talonflame|0 fnt\n|faint|p1b: Talonflame\n|move|p2b: Ting-Lu|Heavy Slam|p1a: Azumarill\n|-damage|p1a: Azumarill|60\/100\n|\n|-end|p2a: Scream Tail|move: Taunt\n|upkeep\n|\n|t:|1682915621\n|switch|p1b: Great Tusk|Great Tusk, L50|100\/100\n|turn|5\n|inactive|u got dirged has 30 seconds left.\n|inactive|u got dirged has 20 seconds left.\n|\n|t:|1682915658\n|switch|p2b: Corviknight|Corviknight, L50, F, shiny|100\/100\n|move|p1b: Great Tusk|Close Combat|p2b: Corviknight\n|-damage|p2b: Corviknight|48\/100\n|-unboost|p1b: Great Tusk|def|1\n|-unboost|p1b: Great Tusk|spd|1\n|move|p2a: Scream Tail|Disable|p1b: Great Tusk\n|-start|p1b: Great Tusk|Disable|Close Combat\n|move|p1a: Azumarill|Play Rough|p2a: Scream Tail\n|-damage|p2a: Scream Tail|26\/100\n|-unboost|p2a: Scream Tail|atk|1\n|\n|-sideend|p1: v4mpire|move: Tailwind\n|upkeep\n|turn|6\n|inactive|v4mpire has 30 seconds left.\n|inactive|u got dirged has 30 seconds left.\n|inactive|u got dirged has 20 seconds left.\n|\n|t:|1682915694\n|-end|p1b: Great Tusk|Protosynthesis|[silent]\n|switch|p1b: Flutter Mane|Flutter Mane, L50|100\/100\n|move|p2a: Scream Tail|Howl|p2a: Scream Tail|[spread] p2a,p2b\n|-boost|p2a: Scream Tail|atk|1\n|-boost|p2b: Corviknight|atk|1\n|move|p2b: Corviknight|Roost|p2b: Corviknight\n|-heal|p2b: Corviknight|98\/100\n|-singleturn|p2b: Corviknight|move: Roost\n|move|p1a: Azumarill|Play Rough|p2a: Scream Tail\n|-damage|p2a: Scream Tail|0 fnt\n|faint|p2a: Scream Tail\n|-end|p2a: Scream Tail|Protosynthesis|[silent]\n|\n|upkeep\n|\n|t:|1682915706\n|switch|p2a: Ting-Lu|Ting-Lu, L50|89\/100\n|-ability|p2a: Ting-Lu|Vessel of Ruin\n|turn|7\n|inactive|u got dirged has 30 seconds left.\n|inactive|u got dirged has 20 seconds left.\n|\n|t:|1682915744\n|move|p1b: Flutter Mane|Shadow Ball|p2b: Corviknight\n|-damage|p2b: Corviknight|59\/100\n|-ability|p2b: Corviknight|Mirror Armor\n|-unboost|p1b: Flutter Mane|spd|1\n|move|p2b: Corviknight|Brave Bird|p1a: Azumarill\n|-damage|p1a: Azumarill|2\/100\n|-damage|p2b: Corviknight|40\/100|[from] Recoil\n|move|p2a: Ting-Lu|Earthquake|p1a: Azumarill|[spread] p1a,p1b\n|-immune|p2b: Corviknight\n|-damage|p1a: Azumarill|0 fnt\n|-damage|p1b: Flutter Mane|26\/100\n|faint|p1a: Azumarill\n|\n|upkeep\n|\n|t:|1682915757\n|switch|p1a: Great Tusk|Great Tusk, L50|100\/100\n|turn|8\n|\n|t:|1682915778\n|move|p1b: Flutter Mane|Shadow Ball|p2b: Corviknight\n|-damage|p2b: Corviknight|2\/100\n|move|p1a: Great Tusk|Close Combat|p2a: Ting-Lu\n|-supereffective|p2a: Ting-Lu\n|-damage|p2a: Ting-Lu|13\/100\n|-unboost|p1a: Great Tusk|def|1\n|-unboost|p1a: Great Tusk|spd|1\n|move|p2b: Corviknight|Iron Head|p1b: Flutter Mane\n|-supereffective|p1b: Flutter Mane\n|-damage|p1b: Flutter Mane|0 fnt\n|faint|p1b: Flutter Mane\n|-end|p1b: Flutter Mane|Protosynthesis|[silent]\n|move|p2a: Ting-Lu|Earthquake|p1a: Great Tusk|[spread] p1a\n|-immune|p2b: Corviknight\n|-damage|p1a: Great Tusk|62\/100\n|\n|upkeep\n|turn|9\n|inactive|v4mpire has 30 seconds left.\n|\n|t:|1682915806\n|move|p1a: Great Tusk|Close Combat|p2b: Corviknight\n|-damage|p2b: Corviknight|0 fnt\n|-unboost|p1a: Great Tusk|def|1\n|-unboost|p1a: Great Tusk|spd|1\n|faint|p2b: Corviknight\n|move|p2a: Ting-Lu|Earthquake|p1a: Great Tusk\n|-damage|p1a: Great Tusk|0 fnt\n|faint|p1a: Great Tusk\n|-end|p1a: Great Tusk|Protosynthesis|[silent]\n|\n|win|u got dirged\n|raw|v4mpire's rating: 1308 → 1290<\/strong> (-18 for losing)\n|raw|u got dirged's rating: 1336 → 1354<\/strong> (+18 for winning)\n","uploadtime":1682915811,"views":13,"p1id":"v4mpire","p2id":"ugotdirged","formatid":"gen9vgc2023regulationc","rating":1290,"private":0,"password":""}