{"id":"gen9vgc2023regulationc-1858622893","p1":"Hythikii","p2":"Adelein Black","format":"[Gen 9] VGC 2023 Regulation C","log":"|j|\u2606Hythikii\n|j|\u2606Adelein Black\n|t:|1683333628\n|gametype|doubles\n|player|p1|Hythikii|flannery|1209\n|player|p2|Adelein Black|102|1218\n|teamsize|p1|6\n|teamsize|p2|6\n|gen|9\n|tier|[Gen 9] VGC 2023 Regulation C\n|rated|\n|rule|Species Clause: Limit one of each Pok\u00e9mon\n|rule|Item Clause: Limit one of each item\n|clearpoke\n|poke|p1|Flutter Mane, L50|\n|poke|p1|Chi-Yu, L50|\n|poke|p1|Roaring Moon, L50|\n|poke|p1|Jumpluff, L50, M|\n|poke|p1|Wo-Chien, L50|\n|poke|p1|Torkoal, L50, M|\n|poke|p2|Gholdengo, L50|\n|poke|p2|Wo-Chien, L50|\n|poke|p2|Iron Bundle, L50|\n|poke|p2|Dragapult, L50, M|\n|poke|p2|Hippowdon, L50, M|\n|poke|p2|Glimmora, L50, F|\n|teampreview|4\n|inactive|Battle timer is ON: inactive players will automatically lose when time's up. (requested by Adelein Black)\nAdelein Black rejected open team sheets.\n|\n|t:|1683333682\n|start\n|switch|p1a: Flutter Mane|Flutter Mane, L50|100\/100\n|switch|p1b: Wo-Chien|Wo-Chien, L50|100\/100\n|switch|p2a: Iron Bundle|Iron Bundle, L50|100\/100\n|switch|p2b: Dragapult|Dragapult, L50, M|100\/100\n|-ability|p1b: Wo-Chien|Tablets of Ruin\n|-enditem|p2a: Iron Bundle|Booster Energy\n|-activate|p2a: Iron Bundle|ability: Quark Drive|[fromitem]\n|-start|p2a: Iron Bundle|quarkdrivespe\n|turn|1\n|inactive|Adelein Black has 30 seconds left.\n|\n|t:|1683333707\n|-terastallize|p1a: Flutter Mane|Grass\n|move|p2b: Dragapult|Protect|p2b: Dragapult\n|-singleturn|p2b: Dragapult|Protect\n|move|p2a: Iron Bundle|Icy Wind|p1b: Wo-Chien|[spread] p1a,p1b\n|-supereffective|p1a: Flutter Mane\n|-supereffective|p1b: Wo-Chien\n|-damage|p1a: Flutter Mane|67\/100\n|-damage|p1b: Wo-Chien|74\/100\n|-unboost|p1a: Flutter Mane|spe|1\n|-unboost|p1b: Wo-Chien|spe|1\n|-enditem|p1b: Wo-Chien|Eject Pack\n|\n|t:|1683333717\n|switch|p1b: Torkoal|Torkoal, L50, M|100\/100\n|-weather|SunnyDay|[from] ability: Drought|[of] p1b: Torkoal\n|-activate|p1a: Flutter Mane|ability: Protosynthesis\n|-start|p1a: Flutter Mane|protosynthesisspa\n|move|p1a: Flutter Mane|Trick Room|p1a: Flutter Mane\n|-fieldstart|move: Trick Room|[of] p1a: Flutter Mane\n|\n|-weather|SunnyDay|[upkeep]\n|upkeep\n|turn|2\n|\n|t:|1683333739\n|switch|p2b: Glimmora|Glimmora, L50, F|100\/100\n|-end|p2a: Iron Bundle|Quark Drive|[silent]\n|switch|p2a: Hippowdon|Hippowdon, L50, M|100\/100\n|-weather|Sandstorm|[from] ability: Sand Stream|[of] p2a: Hippowdon\n|-end|p1a: Flutter Mane|Protosynthesis\n|move|p1b: Torkoal|Eruption|p2a: Hippowdon|[spread] p2a,p2b\n|-resisted|p2b: Glimmora\n|-damage|p2a: Hippowdon|42\/100\n|-damage|p2b: Glimmora|82\/100\n|move|p1a: Flutter Mane|Dazzling Gleam|p2b: Glimmora|[spread] p2a,p2b\n|-resisted|p2b: Glimmora\n|-damage|p2a: Hippowdon|20\/100\n|-damage|p2b: Glimmora|76\/100\n|-enditem|p2a: Hippowdon|Mago Berry|[eat]\n|-heal|p2a: Hippowdon|53\/100|[from] item: Mago Berry\n|\n|-weather|Sandstorm|[upkeep]\n|-damage|p1b: Torkoal|94\/100|[from] Sandstorm\n|-damage|p1a: Flutter Mane|61\/100|[from] Sandstorm\n|upkeep\n|turn|3\n|inactive|Hythikii has 30 seconds left.\n|\n|t:|1683333766\n|move|p2a: Hippowdon|Protect|p2a: Hippowdon\n|-singleturn|p2a: Hippowdon|Protect\n|move|p1b: Torkoal|Eruption|p2a: Hippowdon|[spread] p2b\n|-activate|p2a: Hippowdon|move: Protect\n|-resisted|p2b: Glimmora\n|-damage|p2b: Glimmora|61\/100\n|move|p1a: Flutter Mane|Shadow Ball|p2b: Glimmora\n|-damage|p2b: Glimmora|44\/100\n|move|p2b: Glimmora|Mortal Spin|p1a: Flutter Mane|[spread] p1a,p1b\n|-supereffective|p1a: Flutter Mane\n|-damage|p1a: Flutter Mane|50\/100\n|-damage|p1b: Torkoal|91\/100\n|-status|p1a: Flutter Mane|psn\n|-status|p1b: Torkoal|psn\n|\n|-weather|Sandstorm|[upkeep]\n|-damage|p1b: Torkoal|85\/100 psn|[from] Sandstorm\n|-damage|p1a: Flutter Mane|43\/100 psn|[from] Sandstorm\n|-damage|p1b: Torkoal|72\/100 psn|[from] psn\n|-damage|p1a: Flutter Mane|31\/100 psn|[from] psn\n|upkeep\n|turn|4\n|inactive|Hythikii has 30 seconds left.\n|\n|t:|1683333795\n|-end|p1a: Flutter Mane|Protosynthesis|[silent]\n|switch|p1a: Roaring Moon|Roaring Moon, L50|100\/100\n|switch|p2a: Dragapult|Dragapult, L50, M|100\/100\n|move|p1b: Torkoal|Eruption|p2b: Glimmora|[spread] p2a,p2b\n|-resisted|p2a: Dragapult\n|-resisted|p2b: Glimmora\n|-damage|p2a: Dragapult|62\/100\n|-damage|p2b: Glimmora|33\/100\n|move|p2b: Glimmora|Power Gem|p1b: Torkoal\n|-supereffective|p1b: Torkoal\n|-damage|p1b: Torkoal|0 fnt\n|faint|p1b: Torkoal\n|\n|-weather|Sandstorm|[upkeep]\n|-damage|p1a: Roaring Moon|95\/100|[from] Sandstorm\n|-damage|p2a: Dragapult|56\/100|[from] Sandstorm\n|upkeep\n|\n|t:|1683333818\n|switch|p1b: Wo-Chien|Wo-Chien, L50|74\/100\n|-ability|p1b: Wo-Chien|Tablets of Ruin\n|turn|5\n|\n|t:|1683333828\n|move|p2a: Dragapult|Protect|p2a: Dragapult\n|-singleturn|p2a: Dragapult|Protect\n|move|p1b: Wo-Chien|Substitute|p1b: Wo-Chien\n|-start|p1b: Wo-Chien|Substitute\n|-damage|p1b: Wo-Chien|50\/100\n|move|p2b: Glimmora|Mortal Spin|p1b: Wo-Chien|[spread] p1a,p1b\n|-supereffective|p1b: Wo-Chien\n|-activate|p1b: Wo-Chien|move: Substitute|[damage]\n|-damage|p1a: Roaring Moon|90\/100\n|-status|p1a: Roaring Moon|psn\n|move|p1a: Roaring Moon|Earthquake|p2b: Glimmora|[spread] p1b,p2b\n|-activate|p2a: Dragapult|move: Protect\n|-resisted|p1b: Wo-Chien\n|-activate|p1b: Wo-Chien|move: Substitute|[damage]\n|-supereffective|p2b: Glimmora\n|-damage|p2b: Glimmora|0 fnt\n|-activate|p2b: Glimmora|ability: Toxic Debris\n|-sidestart|p1: Hythikii|move: Toxic Spikes\n|faint|p2b: Glimmora\n|\n|-weather|Sandstorm|[upkeep]\n|-damage|p1b: Wo-Chien|44\/100|[from] Sandstorm\n|-damage|p1a: Roaring Moon|84\/100 psn|[from] Sandstorm\n|-damage|p2a: Dragapult|50\/100|[from] Sandstorm\n|-damage|p1a: Roaring Moon|72\/100 psn|[from] psn\n|-fieldend|move: Trick Room\n|upkeep\n|\n|t:|1683333850\n|switch|p2b: Iron Bundle|Iron Bundle, L50|100\/100\n|turn|6\n|\n|t:|1683333866\n|move|p2a: Dragapult|Dragon Darts|p1a: Roaring Moon\n|-supereffective|p1a: Roaring Moon\n|-damage|p1a: Roaring Moon|11\/100 psn\n|-enditem|p1a: Roaring Moon|Weakness Policy\n|-boost|p1a: Roaring Moon|atk|2|[from] item: Weakness Policy\n|-boost|p1a: Roaring Moon|spa|2|[from] item: Weakness Policy\n|-anim|p2a: Dragapult|Dragon Darts|p1b: Wo-Chien\n|-end|p1b: Wo-Chien|Substitute\n|-damage|p2a: Dragapult|40\/100|[from] item: Life Orb\n|move|p2b: Iron Bundle|Encore|p1b: Wo-Chien\n|-start|p1b: Wo-Chien|Encore\n|move|p1a: Roaring Moon|Earthquake|p2b: Iron Bundle|[spread] p1b,p2a,p2b\n|-resisted|p1b: Wo-Chien\n|-damage|p1b: Wo-Chien|22\/100\n|-damage|p2a: Dragapult|0 fnt\n|-damage|p2b: Iron Bundle|53\/100\n|faint|p2a: Dragapult\n|move|p1b: Wo-Chien|Substitute|p1b: Wo-Chien\n|-fail|p1b: Wo-Chien|move: Substitute|[weak]\n|\n|-weather|none\n|-damage|p1a: Roaring Moon|0 fnt|[from] psn\n|faint|p1a: Roaring Moon\n|-end|p1a: Roaring Moon|Protosynthesis|[silent]\n|upkeep\n|\n|t:|1683333883\n|switch|p2a: Hippowdon|Hippowdon, L50, M|53\/100\n|switch|p1a: Flutter Mane|Flutter Mane, L50, tera:Grass|31\/100 psn\n|-weather|Sandstorm|[from] ability: Sand Stream|[of] p2a: Hippowdon\n|turn|7\n|\n|t:|1683333895\n|move|p2a: Hippowdon|Protect|p2a: Hippowdon\n|-singleturn|p2a: Hippowdon|Protect\n|move|p2b: Iron Bundle|Freeze-Dry|p1a: Flutter Mane\n|-supereffective|p1a: Flutter Mane\n|-damage|p1a: Flutter Mane|0 fnt\n|faint|p1a: Flutter Mane\n|-end|p1a: Flutter Mane|Protosynthesis|[silent]\n|move|p1b: Wo-Chien|Substitute|p1b: Wo-Chien\n|-fail|p1b: Wo-Chien|move: Substitute|[weak]\n|\n|-weather|Sandstorm|[upkeep]\n|-damage|p2b: Iron Bundle|47\/100|[from] Sandstorm\n|-damage|p1b: Wo-Chien|17\/100|[from] Sandstorm\n|upkeep\n|turn|8\n|-message|Hythikii forfeited.\n|\n|win|Adelein Black\n|raw|Hythikii's rating: 1209 → 1185<\/strong> (-24 for losing)\n|raw|Adelein Black's rating: 1218 → 1242<\/strong> (+24 for winning)\n|l|\u2606Hythikii\n","uploadtime":1683333911,"views":12,"p1id":"hythikii","p2id":"adeleinblack","formatid":"gen9vgc2023regulationc","rating":1185,"private":0,"password":""}