{"id":"gen9vgc2023regulationc-1846025488","p1":"LegalizedNukes","p2":"Ztringz","format":"[Gen 9] VGC 2023 Regulation C","log":"|j|\u2606LegalizedNukes\n|j|\u2606Ztringz\n|t:|1681793426\n|gametype|doubles\n|player|p1|LegalizedNukes|nita|1191\n|player|p2|Ztringz|2|1285\n|teamsize|p1|6\n|teamsize|p2|6\n|gen|9\n|tier|[Gen 9] VGC 2023 Regulation C\n|rated|\n|rule|Species Clause: Limit one of each Pok\u00e9mon\n|rule|Item Clause: Limit one of each item\n|clearpoke\n|poke|p1|Ting-Lu, L50|\n|poke|p1|Bronzong, L50|\n|poke|p1|Armarouge, L50, M|\n|poke|p1|Indeedee-F, L50, F|\n|poke|p1|Hariyama, L50, F|\n|poke|p1|Hatterene, L50, F|\n|poke|p2|Amoonguss, L50, M|\n|poke|p2|Flutter Mane, L50|\n|poke|p2|Rotom-Wash, L50|\n|poke|p2|Arcanine, L50, M|\n|poke|p2|Dragonite, L50, M|\n|poke|p2|Kingambit, L50, M|\n|teampreview|4\n|inactive|Battle timer is ON: inactive players will automatically lose when time's up. (requested by LegalizedNukes)\nLegalizedNukes has agreed to open team sheets.\n|inactive|LegalizedNukes has 60 seconds left.\n|\n|t:|1681793461\n|start\n|switch|p1a: Ting-Lu|Ting-Lu, L50|100\/100\n|switch|p1b: Indeedee|Indeedee-F, L50, F|100\/100\n|switch|p2a: Dragonite|Dragonite, L50, M|100\/100\n|switch|p2b: Flutter Mane|Flutter Mane, L50|100\/100\n|-fieldstart|move: Psychic Terrain|[from] ability: Psychic Surge|[of] p1b: Indeedee\n|-enditem|p1b: Indeedee|Psychic Seed\n|-boost|p1b: Indeedee|spd|1|[from] item: Psychic Seed\n|-ability|p1a: Ting-Lu|Vessel of Ruin\n|-enditem|p2b: Flutter Mane|Booster Energy\n|-activate|p2b: Flutter Mane|ability: Protosynthesis|[fromitem]\n|-start|p2b: Flutter Mane|protosynthesisspe\n|turn|1\n|\n|t:|1681793485\n|move|p2b: Flutter Mane|Dazzling Gleam|p1b: Indeedee|[spread] p1a,p1b\n|-supereffective|p1a: Ting-Lu\n|-damage|p1a: Ting-Lu|81\/100\n|-damage|p1b: Indeedee|84\/100\n|move|p2a: Dragonite|Ice Spinner|p1a: Ting-Lu\n|-supereffective|p1a: Ting-Lu\n|-damage|p1a: Ting-Lu|48\/100\n|-fieldend|move: Psychic Terrain\n|move|p1a: Ting-Lu|Heavy Slam|p2b: Flutter Mane\n|-supereffective|p2b: Flutter Mane\n|-damage|p2b: Flutter Mane|0 fnt\n|faint|p2b: Flutter Mane\n|-end|p2b: Flutter Mane|Protosynthesis|[silent]\n|move|p1b: Indeedee|Trick Room|p1b: Indeedee\n|-fieldstart|move: Trick Room|[of] p1b: Indeedee\n|\n|upkeep\n|\n|t:|1681793499\n|switch|p2b: Kingambit|Kingambit, L50, M|100\/100\n|turn|2\n|\n|t:|1681793514\n|move|p1a: Ting-Lu|Ruination|p2a: Dragonite\n|-damage|p2a: Dragonite|50\/100\n|move|p2b: Kingambit|Kowtow Cleave|p1b: Indeedee\n|-supereffective|p1b: Indeedee\n|-damage|p1b: Indeedee|0 fnt\n|faint|p1b: Indeedee\n|move|p2a: Dragonite|Ice Spinner|p1a: Ting-Lu\n|-supereffective|p1a: Ting-Lu\n|-damage|p1a: Ting-Lu|15\/100\n|\n|upkeep\n|\n|t:|1681793524\n|switch|p1b: Bronzong|Bronzong, L50|100\/100\n|turn|3\n|\n|t:|1681793544\n|-terastallize|p1b: Bronzong|Poison\n|-terastallize|p2b: Kingambit|Flying\n|move|p1b: Bronzong|Iron Defense|p1b: Bronzong\n|-boost|p1b: Bronzong|def|2\n|move|p1a: Ting-Lu|Stomping Tantrum|p2b: Kingambit\n|-immune|p2b: Kingambit\n|move|p2b: Kingambit|Kowtow Cleave|p1b: Bronzong\n|-damage|p1b: Bronzong|76\/100\n|move|p2a: Dragonite|Earthquake|p1a: Ting-Lu|[spread] p1a\n|-immune|p2b: Kingambit\n|-immune|p1b: Bronzong|[from] ability: Levitate\n|-damage|p1a: Ting-Lu|0 fnt\n|faint|p1a: Ting-Lu\n|\n|upkeep\n|\n|t:|1681793557\n|switch|p1a: Armarouge|Armarouge, L50, M|100\/100\n|turn|4\n|\n|t:|1681793576\n|move|p1b: Bronzong|Gyro Ball|p2a: Dragonite\n|-damage|p2a: Dragonite|27\/100\n|move|p2b: Kingambit|Kowtow Cleave|p1b: Bronzong\n|-damage|p1b: Bronzong|51\/100\n|move|p1a: Armarouge|Armor Cannon|p2b: Kingambit\n|-damage|p2b: Kingambit|13\/100\n|-unboost|p1a: Armarouge|def|1\n|-unboost|p1a: Armarouge|spd|1\n|-damage|p1a: Armarouge|90\/100|[from] item: Life Orb\n|move|p2a: Dragonite|Earthquake|p1a: Armarouge|[spread] p1a\n|-immune|p2b: Kingambit\n|-immune|p1b: Bronzong|[from] ability: Levitate\n|-supereffective|p1a: Armarouge\n|-damage|p1a: Armarouge|5\/100\n|\n|upkeep\n|turn|5\n|\n|t:|1681793595\n|move|p1a: Armarouge|Protect|p1a: Armarouge\n|-singleturn|p1a: Armarouge|Protect\n|move|p2a: Dragonite|Extreme Speed|p1a: Armarouge\n|-activate|p1a: Armarouge|move: Protect\n|move|p1b: Bronzong|Gyro Ball|p2b: Kingambit\n|-damage|p2b: Kingambit|1\/100\n|move|p2b: Kingambit|Kowtow Cleave|p1b: Bronzong\n|-damage|p1b: Bronzong|27\/100\n|\n|-fieldend|move: Trick Room\n|upkeep\n|turn|6\n|\n|t:|1681793617\n|move|p1a: Armarouge|Protect|p1a: Armarouge\n|-singleturn|p1a: Armarouge|Protect\n|move|p2a: Dragonite|Extreme Speed|p1a: Armarouge\n|-activate|p1a: Armarouge|move: Protect\n|move|p2b: Kingambit|Kowtow Cleave|p1b: Bronzong\n|-damage|p1b: Bronzong|0 fnt\n|faint|p1b: Bronzong\n|\n|upkeep\n|turn|7\n|\n|t:|1681793633\n|move|p2a: Dragonite|Extreme Speed|p1a: Armarouge\n|-damage|p1a: Armarouge|0 fnt\n|faint|p1a: Armarouge\n|\n|win|Ztringz\n|raw|LegalizedNukes's rating: 1191 → 1173<\/strong> (-18 for losing)\n|raw|Ztringz's rating: 1285 → 1303<\/strong> (+18 for winning)\n","uploadtime":1681793640,"views":4,"p1id":"legalizednukes","p2id":"ztringz","formatid":"gen9vgc2023regulationc","rating":1173,"private":0,"password":""}