{"id":"gen9vgc2023regulationc-1850970510","p1":"DefiAntVGC","p2":"leafyarrow","format":"[Gen 9] VGC 2023 Regulation C","log":"|j|\u2606DefiAntVGC\n|j|\u2606leafyarrow\n|t:|1682388451\n|gametype|doubles\n|player|p1|DefiAntVGC|volo|\n|player|p2|leafyarrow|leaf-gen3|\n|teamsize|p1|6\n|teamsize|p2|6\n|gen|9\n|tier|[Gen 9] VGC 2023 Regulation C\n|rated|Tournament battle\n|rule|Species Clause: Limit one of each Pok\u00e9mon\n|rule|Item Clause: Limit one of each item\n|clearpoke\n|poke|p1|Wo-Chien, L50|\n|poke|p1|Palafin, L50, F|\n|poke|p1|Flutter Mane, L50|\n|poke|p1|Roaring Moon, L50|\n|poke|p1|Arcanine, L50, F|\n|poke|p1|Gholdengo, L50|\n|poke|p2|Flutter Mane, L50|\n|poke|p2|Palafin, L50, F|\n|poke|p2|Amoonguss, L50, M|\n|poke|p2|Ting-Lu, L50|\n|poke|p2|Arcanine, L50, F|\n|poke|p2|Jolteon, L50, F|\n|teampreview|4\n|raw| Open Team Sheet for DefiAntVGC<\/summary>Wo-Chien @ Assault Vest Ability: Tablets of Ruin Level: 50 Tera Type: Poison - Ruination - Pollen Puff - Snarl - Energy Ball Palafin @ Mystic Water Ability: Zero to Hero Level: 50 Tera Type: Water - Protect - Wave Crash - Jet Punch - Haze Flutter Mane @ Choice Specs Ability: Protosynthesis Level: 50 Tera Type: Fairy - Shadow Ball - Moonblast - Dazzling Gleam - Thunderbolt Roaring Moon @ Booster Energy Ability: Protosynthesis Level: 50 Tera Type: Flying - Acrobatics - Tailwind - Throat Chop - Protect Arcanine @ Safety Goggles Ability: Intimidate Level: 50 Tera Type: Water - Flare Blitz - Will-O-Wisp - Protect - Extreme Speed Gholdengo @ Life Orb Ability: Good as Gold Level: 50 Tera Type: Water - Nasty Plot - Make It Rain - Shadow Ball - Protect <\/details><\/div> Open Team Sheet for leafyarrow<\/summary>Flutter Mane @ Choice Specs Ability: Protosynthesis Level: 50 Tera Type: Fairy - Moonblast - Dazzling Gleam - Shadow Ball - Power Gem Palafin @ Mystic Water Ability: Zero to Hero Level: 50 Tera Type: Water - Jet Punch - Wave Crash - Haze - Protect Amoonguss @ Sitrus Berry Ability: Regenerator Level: 50 Tera Type: Flying - Pollen Puff - Protect - Spore - Rage Powder Ting-Lu @ Assault Vest Ability: Vessel of Ruin Level: 50 Tera Type: Poison - Ruination - Stomping Tantrum - Heavy Slam - Fissure Arcanine @ Safety Goggles Ability: Intimidate Level: 50 Tera Type: Grass - Flare Blitz - Will-O-Wisp - Protect - Extreme Speed Jolteon @ Focus Sash Ability: Volt Absorb Level: 50 Tera Type: Flying - Thunderbolt - Tickle - Detect - Tera Blast <\/details><\/div>\n|\n|t:|1682388523\n|start\n|switch|p1a: Roaring Moon|Roaring Moon, L50|100\/100\n|switch|p1b: Palafin|Palafin, L50, F|100\/100\n|switch|p2a: Flutter Mane|Flutter Mane, L50|100\/100\n|switch|p2b: Jolteon|Jolteon, L50, F|100\/100\n|-enditem|p1a: Roaring Moon|Booster Energy\n|-activate|p1a: Roaring Moon|ability: Protosynthesis|[fromitem]\n|-start|p1a: Roaring Moon|protosynthesisspe\n|turn|1\n|\n|t:|1682388557\n|-end|p2a: Flutter Mane|Protosynthesis|[silent]\n|switch|p2a: Arcanine|Arcanine, L50, F|100\/100\n|-ability|p2a: Arcanine|Intimidate|boost\n|-unboost|p1a: Roaring Moon|atk|1\n|-unboost|p1b: Palafin|atk|1\n|detailschange|p1b: Palafin|Palafin-Hero, L50, F\n|switch|p1b: Arcanine|Arcanine, L50, F|100\/100\n|-ability|p1b: Arcanine|Intimidate|boost\n|-unboost|p2a: Arcanine|atk|1\n|-unboost|p2b: Jolteon|atk|1\n|move|p1a: Roaring Moon|Tailwind|p1a: Roaring Moon\n|-sidestart|p1: DefiAntVGC|move: Tailwind\n|move|p2b: Jolteon|Thunderbolt|p1a: Roaring Moon\n|-resisted|p1a: Roaring Moon\n|-damage|p1a: Roaring Moon|80\/100\n|\n|upkeep\n|turn|2\n|\n|t:|1682388599\n|move|p1a: Roaring Moon|Protect|p1a: Roaring Moon\n|-singleturn|p1a: Roaring Moon|Protect\n|move|p2b: Jolteon|Detect|p2b: Jolteon\n|-singleturn|p2b: Jolteon|Protect\n|move|p1b: Arcanine|Flare Blitz|p2b: Jolteon\n|-activate|p2b: Jolteon|move: Protect\n|move|p2a: Arcanine|Will-O-Wisp|p1a: Roaring Moon\n|-activate|p1a: Roaring Moon|move: Protect\n|\n|upkeep\n|turn|3\n|\n|t:|1682388633\n|-end|p1a: Roaring Moon|Protosynthesis|[silent]\n|switch|p1a: Wo-Chien|Wo-Chien, L50|100\/100\n|-ability|p1a: Wo-Chien|Tablets of Ruin\n|switch|p2b: Ting-Lu|Ting-Lu, L50|100\/100\n|-ability|p2b: Ting-Lu|Vessel of Ruin\n|move|p1b: Arcanine|Flare Blitz|p2b: Ting-Lu\n|-damage|p2b: Ting-Lu|78\/100\n|-damage|p1b: Arcanine|90\/100|[from] Recoil\n|move|p2a: Arcanine|Will-O-Wisp|p1a: Wo-Chien\n|-status|p1a: Wo-Chien|brn\n|\n|-damage|p1a: Wo-Chien|94\/100 brn|[from] brn\n|upkeep\n|turn|4\n|\n|t:|1682388668\n|switch|p1b: Palafin|Palafin-Hero, L50, F|100\/100\n|-activate|p1b: Palafin|ability: Zero to Hero\n|switch|p2a: Flutter Mane|Flutter Mane, L50|100\/100\n|move|p1a: Wo-Chien|Ruination|p2b: Ting-Lu\n|-damage|p2b: Ting-Lu|39\/100\n|move|p2b: Ting-Lu|Ruination|p1b: Palafin\n|-damage|p1b: Palafin|51\/100\n|\n|-damage|p1a: Wo-Chien|88\/100 brn|[from] brn\n|-sideend|p1: DefiAntVGC|move: Tailwind\n|upkeep\n|turn|5\n|\n|t:|1682388710\n|switch|p2b: Arcanine|Arcanine, L50, F|100\/100\n|-ability|p2b: Arcanine|Intimidate|boost\n|-unboost|p1a: Wo-Chien|atk|1\n|-unboost|p1b: Palafin|atk|1\n|move|p1b: Palafin|Protect|p1b: Palafin\n|-singleturn|p1b: Palafin|Protect\n|move|p2a: Flutter Mane|Dazzling Gleam|p1a: Wo-Chien|[spread] p1a\n|-activate|p1b: Palafin|move: Protect\n|-supereffective|p1a: Wo-Chien\n|-damage|p1a: Wo-Chien|46\/100 brn\n|move|p1a: Wo-Chien|Energy Ball|p2b: Arcanine\n|-resisted|p2b: Arcanine\n|-damage|p2b: Arcanine|83\/100\n|\n|-damage|p1a: Wo-Chien|40\/100 brn|[from] brn\n|upkeep\n|turn|6\n|\n|t:|1682388748\n|switch|p1a: Arcanine|Arcanine, L50, F|90\/100\n|-ability|p1a: Arcanine|Intimidate|boost\n|-unboost|p2a: Flutter Mane|atk|1\n|-unboost|p2b: Arcanine|atk|1\n|-terastallize|p1b: Palafin|Water\n|move|p1b: Palafin|Jet Punch|p2b: Arcanine\n|-supereffective|p2b: Arcanine\n|-crit|p2b: Arcanine\n|-damage|p2b: Arcanine|0 fnt\n|faint|p2b: Arcanine\n|move|p2a: Flutter Mane|Dazzling Gleam|p1b: Palafin|[spread] p1a,p1b\n|-resisted|p1a: Arcanine\n|-damage|p1a: Arcanine|68\/100\n|-damage|p1b: Palafin|4\/100\n|\n|upkeep\n|\n|t:|1682388765\n|switch|p2b: Jolteon|Jolteon, L50, F|100\/100\n|turn|7\n|\n|t:|1682388804\n|-terastallize|p2a: Flutter Mane|Fairy\n|move|p1b: Palafin|Protect|p1b: Palafin\n|-singleturn|p1b: Palafin|Protect\n|move|p2a: Flutter Mane|Dazzling Gleam|p1b: Palafin|[spread] p1a\n|-activate|p1b: Palafin|move: Protect\n|-resisted|p1a: Arcanine\n|-damage|p1a: Arcanine|34\/100\n|move|p2b: Jolteon|Thunderbolt|p1a: Arcanine\n|-damage|p1a: Arcanine|0 fnt\n|faint|p1a: Arcanine\n|\n|upkeep\n|\n|t:|1682388817\n|switch|p1a: Wo-Chien|Wo-Chien, L50|40\/100 brn\n|-ability|p1a: Wo-Chien|Tablets of Ruin\n|turn|8\n|\n|t:|1682388835\n|move|p1b: Palafin|Jet Punch|p2a: Flutter Mane\n|-damage|p2a: Flutter Mane|38\/100\n|move|p2a: Flutter Mane|Dazzling Gleam|p1b: Palafin|[spread] p1a,p1b\n|-supereffective|p1a: Wo-Chien\n|-damage|p1a: Wo-Chien|0 fnt\n|-damage|p1b: Palafin|0 fnt\n|faint|p1a: Wo-Chien\n|faint|p1b: Palafin\n|move|p2b: Jolteon|Tera Blast|p1: Wo-Chien|[notarget]\n|-fail|p2b: Jolteon\n|\n|upkeep\n|\n|t:|1682388839\n|switch|p1b: Roaring Moon|Roaring Moon, L50|80\/100\n|turn|9\n|-message|DefiAntVGC forfeited.\n|\n|win|leafyarrow\n|n|\u2606DefiAntVGC|defiantvgc\n|n|\u2606leafyarrow|leafyarrow\n|l|\u2606DefiAntVGC\n","uploadtime":1682388847,"views":11,"p1id":"defiantvgc","p2id":"leafyarrow","formatid":"gen9vgc2023regulationc","rating":0,"private":0,"password":""}