{"id":"gen9vgc2023regulationc-1855831532","p1":"pokelegend1244","p2":"titandoubles","format":"[Gen 9] VGC 2023 Regulation C","log":"|j|\u2606pokelegend1244\n|j|\u2606titandoubles\n|t:|1682989362\n|gametype|doubles\n|player|p1|pokelegend1244|265|1223\n|player|p2|titandoubles|silver|1178\n|teamsize|p1|6\n|teamsize|p2|6\n|gen|9\n|tier|[Gen 9] VGC 2023 Regulation C\n|rated|\n|rule|Species Clause: Limit one of each Pok\u00e9mon\n|rule|Item Clause: Limit one of each item\n|clearpoke\n|poke|p1|Flutter Mane, L50|\n|poke|p1|Arcanine, L50, F|\n|poke|p1|Palafin, L50, M|\n|poke|p1|Kingambit, L50, F|\n|poke|p1|Garchomp, L50, M|\n|poke|p1|Iron Bundle, L50|\n|poke|p2|Ting-Lu, L50|\n|poke|p2|Gyarados, L50, F|\n|poke|p2|Arcanine, L50, F|\n|poke|p2|Orthworm, L50, F|\n|poke|p2|Amoonguss, L50, F|\n|poke|p2|Flutter Mane, L50|\n|teampreview|4\n|inactive|Battle timer is ON: inactive players will automatically lose when time's up. (requested by titandoubles)\n|inactive|pokelegend1244 also wants the timer to be on.\npokelegend1244 rejected open team sheets.\n|inactive|pokelegend1244 has 60 seconds left.\n|inactive|titandoubles has 60 seconds left.\n|inactive|titandoubles has 30 seconds left.\n|inactive|titandoubles has 20 seconds left.\n|inactive|titandoubles has 15 seconds left.\n|inactive|titandoubles has 10 seconds left.\n|inactive|titandoubles has 5 seconds left.\n|\n|t:|1682989452\n|start\n|switch|p1a: Arcanine|Arcanine, L50, F|100\/100\n|switch|p1b: Palafin|Palafin, L50, M|100\/100\n|switch|p2a: Flutter Mane|Flutter Mane, L50|100\/100\n|switch|p2b: Amoonguss|Amoonguss, L50, F|100\/100\n|-ability|p1a: Arcanine|Intimidate|boost\n|-unboost|p2a: Flutter Mane|atk|1\n|-unboost|p2b: Amoonguss|atk|1\n|turn|1\n|\n|t:|1682989471\n|-terastallize|p2b: Amoonguss|Water\n|move|p1a: Arcanine|Flare Blitz|p2b: Amoonguss\n|-resisted|p2b: Amoonguss\n|-crit|p2b: Amoonguss\n|-damage|p2b: Amoonguss|68\/100\n|-damage|p1a: Arcanine|89\/100|[from] Recoil\n|move|p1b: Palafin|Flip Turn|p2a: Flutter Mane\n|-damage|p2a: Flutter Mane|52\/100\n|\n|t:|1682989479\n|detailschange|p1b: Palafin|Palafin-Hero, L50, M\n|switch|p1b: Flutter Mane|Flutter Mane, L50|100\/100|[from] Flip Turn\n|move|p2b: Amoonguss|Spore|p1b: Flutter Mane\n|-status|p1b: Flutter Mane|slp|[from] move: Spore\n|move|p2a: Flutter Mane|Trick Room|p2a: Flutter Mane\n|-fieldstart|move: Trick Room|[of] p2a: Flutter Mane\n|\n|-damage|p2b: Amoonguss|56\/100|[from] item: Black Sludge\n|upkeep\n|turn|2\n|\n|t:|1682989501\n|-end|p2a: Flutter Mane|Protosynthesis|[silent]\n|switch|p2a: Ting-Lu|Ting-Lu, L50|100\/100\n|-ability|p2a: Ting-Lu|Vessel of Ruin\n|move|p1a: Arcanine|Protect|p1a: Arcanine\n|-singleturn|p1a: Arcanine|Protect\n|move|p2b: Amoonguss|Spore|p1a: Arcanine\n|-activate|p1a: Arcanine|move: Protect\n|cant|p1b: Flutter Mane|slp\n|\n|-damage|p2b: Amoonguss|44\/100|[from] item: Black Sludge\n|upkeep\n|turn|3\n|\n|t:|1682989522\n|move|p2b: Amoonguss|Protect|p2b: Amoonguss\n|-singleturn|p2b: Amoonguss|Protect\n|move|p2a: Ting-Lu|Earthquake|p1a: Arcanine|[spread] p1a,p1b\n|-activate|p2b: Amoonguss|move: Protect\n|-supereffective|p1a: Arcanine\n|-damage|p1a: Arcanine|16\/100\n|-damage|p1b: Flutter Mane|39\/100 slp\n|move|p1a: Arcanine|Will-O-Wisp|p2b: Amoonguss\n|-activate|p2b: Amoonguss|move: Protect\n|-curestatus|p1b: Flutter Mane|slp|[msg]\n|move|p1b: Flutter Mane|Dazzling Gleam|p2a: Ting-Lu|[spread] p2a\n|-activate|p2b: Amoonguss|move: Protect\n|-supereffective|p2a: Ting-Lu\n|-damage|p2a: Ting-Lu|67\/100\n|\n|-damage|p2b: Amoonguss|32\/100|[from] item: Black Sludge\n|upkeep\n|turn|4\n|inactive|pokelegend1244 has 30 seconds left.\n|inactive|titandoubles has 30 seconds left.\n|inactive|pokelegend1244 has 20 seconds left.\n|inactive|pokelegend1244 has 15 seconds left.\n|inactive|pokelegend1244 has 10 seconds left.\n|inactive|pokelegend1244 has 5 seconds left.\n|\n|t:|1682989577\n|switch|p2b: Gyarados|Gyarados, L50, F|100\/100\n|move|p2a: Ting-Lu|Earthquake|p1b: Flutter Mane|[spread] p1a,p1b\n|-immune|p2b: Gyarados\n|-supereffective|p1a: Arcanine\n|-damage|p1a: Arcanine|0 fnt\n|-damage|p1b: Flutter Mane|0 fnt\n|faint|p1a: Arcanine\n|faint|p1b: Flutter Mane\n|-end|p1b: Flutter Mane|Protosynthesis|[silent]\n|\n|upkeep\n|inactive|pokelegend1244 has 30 seconds left.\n|inactive|pokelegend1244 has 20 seconds left.\n|\n|t:|1682989613\n|switch|p1a: Iron Bundle|Iron Bundle, L50|100\/100\n|switch|p1b: Palafin|Palafin-Hero, L50, M|100\/100\n|-activate|p1b: Palafin|ability: Zero to Hero\n|-enditem|p1a: Iron Bundle|Booster Energy\n|-activate|p1a: Iron Bundle|ability: Quark Drive|[fromitem]\n|-start|p1a: Iron Bundle|quarkdrivespe\n|turn|5\n|inactive|titandoubles has 30 seconds left.\n|\n|t:|1682989640\n|-terastallize|p1b: Palafin|Water\n|move|p2a: Ting-Lu|Earthquake|p1b: Palafin|[spread] p1a,p1b\n|-immune|p2b: Gyarados\n|-damage|p1a: Iron Bundle|60\/100\n|-damage|p1b: Palafin|70\/100\n|move|p1b: Palafin|Wave Crash|p2a: Ting-Lu\n|-supereffective|p2a: Ting-Lu\n|-damage|p2a: Ting-Lu|0 fnt\n|faint|p2a: Ting-Lu\n|-damage|p1b: Palafin|44\/100|[from] Recoil\n|move|p2b: Gyarados|Earthquake|p1b: Palafin|[spread] p1a,p1b\n|-damage|p1a: Iron Bundle|17\/100\n|-damage|p1b: Palafin|14\/100\n|-damage|p2b: Gyarados|90\/100|[from] item: Life Orb\n|move|p1a: Iron Bundle|Freeze-Dry|p2b: Gyarados\n|-supereffective|p2b: Gyarados\n|-damage|p2b: Gyarados|0 fnt\n|faint|p2b: Gyarados\n|\n|-fieldend|move: Trick Room\n|upkeep\n|\n|t:|1682989648\n|switch|p2b: Flutter Mane|Flutter Mane, L50|52\/100\n|switch|p2a: Amoonguss|Amoonguss, L50, F, tera:Water|65\/100\n|turn|6\n|\n|t:|1682989668\n|move|p2a: Amoonguss|Rage Powder|p2a: Amoonguss\n|-singleturn|p2a: Amoonguss|move: Rage Powder\n|move|p1b: Palafin|Jet Punch|p2a: Amoonguss\n|-resisted|p2a: Amoonguss\n|-damage|p2a: Amoonguss|35\/100\n|move|p1a: Iron Bundle|Freeze-Dry|p2a: Amoonguss\n|-supereffective|p2a: Amoonguss\n|-damage|p2a: Amoonguss|0 fnt\n|faint|p2a: Amoonguss\n|move|p2b: Flutter Mane|Shadow Ball|p1a: Iron Bundle\n|-damage|p1a: Iron Bundle|0 fnt\n|faint|p1a: Iron Bundle\n|-end|p1a: Iron Bundle|Quark Drive|[silent]\n|\n|upkeep\n|turn|7\n|\n|t:|1682989679\n|move|p1b: Palafin|Jet Punch|p2b: Flutter Mane\n|-damage|p2b: Flutter Mane|0 fnt\n|faint|p2b: Flutter Mane\n|-end|p2b: Flutter Mane|Protosynthesis|[silent]\n|\n|win|pokelegend1244\n|raw|pokelegend1244's rating: 1223 → 1245<\/strong> (+22 for winning)\n|raw|titandoubles's rating: 1178 → 1156<\/strong> (-22 for losing)\n|l|\u2606titandoubles\n|c|\u2606pokelegend1244|gg\n","uploadtime":1682989695,"views":18,"p1id":"pokelegend1244","p2id":"titandoubles","formatid":"gen9vgc2023regulationc","rating":1156,"private":0,"password":""}