{"id":"gen9vgc2023regulationc-1862013023","p1":"zeth886","p2":"EldyOnetrick","format":"[Gen 9] VGC 2023 Regulation C","log":"|j|\u2606zeth886\n|j|\u2606EldyOnetrick\n|t:|1683828789\n|gametype|doubles\n|player|p1|zeth886|2|1341\n|player|p2|EldyOnetrick|scientist-gen4dp|1233\n|teamsize|p1|6\n|teamsize|p2|6\n|gen|9\n|tier|[Gen 9] VGC 2023 Regulation C\n|rated|\n|rule|Species Clause: Limit one of each Pok\u00e9mon\n|rule|Item Clause: Limit one of each item\n|clearpoke\n|poke|p1|Chien-Pao, L50|\n|poke|p1|Dragonite, L50, F|\n|poke|p1|Gengar, L50, F|\n|poke|p1|Chi-Yu, L50|\n|poke|p1|Scizor, L50, M|\n|poke|p1|Gyarados, L50, F|\n|poke|p2|Iron Moth, L50|\n|poke|p2|Roaring Moon, L50|\n|poke|p2|Glimmora, L50, F|\n|poke|p2|Baxcalibur, L50, F|\n|poke|p2|Rotom-Wash, L50|\n|poke|p2|Talonflame, L50, M|\n|teampreview|4\n|\n|t:|1683828818\n|start\n|switch|p1a: Gyarados|Gyarados, L50, F|100\/100\n|switch|p1b: Chien-Pao|Chien-Pao, L50|100\/100\n|switch|p2a: Talonflame|Talonflame, L50, M|100\/100\n|switch|p2b: Rotom|Rotom-Wash, L50|100\/100\n|-ability|p1b: Chien-Pao|Sword of Ruin\n|-ability|p1a: Gyarados|Intimidate|boost\n|-unboost|p2a: Talonflame|atk|1\n|-unboost|p2b: Rotom|atk|1\n|turn|1\n|inactive|Battle timer is ON: inactive players will automatically lose when time's up. (requested by EldyOnetrick)\n|\n|t:|1683828841\n|-terastallize|p1a: Gyarados|Ground\n|move|p2a: Talonflame|Tailwind|p2a: Talonflame\n|-sidestart|p2: EldyOnetrick|move: Tailwind\n|move|p2b: Rotom|Volt Switch|p1a: Gyarados\n|-immune|p1a: Gyarados\n|move|p1b: Chien-Pao|Crunch|p2b: Rotom\n|-damage|p2b: Rotom|41\/100\n|-unboost|p2b: Rotom|def|1\n|-enditem|p2b: Rotom|Sitrus Berry|[eat]\n|-heal|p2b: Rotom|66\/100|[from] item: Sitrus Berry\n|move|p1a: Gyarados|Waterfall|p2a: Talonflame\n|-supereffective|p2a: Talonflame\n|-damage|p2a: Talonflame|0 fnt\n|faint|p2a: Talonflame\n|\n|upkeep\n|\n|t:|1683828858\n|switch|p2a: Iron Moth|Iron Moth, L50|100\/100\n|turn|2\n|inactive|zeth886 has 30 seconds left.\n|inactive|EldyOnetrick has 30 seconds left.\n|\n|t:|1683828893\n|-terastallize|p2a: Iron Moth|Water\n|move|p2a: Iron Moth|Tera Blast|p1a: Gyarados\n|-supereffective|p1a: Gyarados\n|-damage|p1a: Gyarados|10\/100\n|move|p2b: Rotom|Volt Switch|p1b: Chien-Pao\n|-damage|p1b: Chien-Pao|50\/100\n|\n|t:|1683828900\n|switch|p2b: Baxcalibur|Baxcalibur, L50, F, shiny|100\/100|[from] Volt Switch\n|move|p1b: Chien-Pao|Crunch|p2b: Baxcalibur\n|-damage|p2b: Baxcalibur|43\/100\n|move|p1a: Gyarados|Waterfall|p2a: Iron Moth\n|-resisted|p2a: Iron Moth\n|-damage|p2a: Iron Moth|54\/100\n|\n|upkeep\n|turn|3\n|\n|t:|1683828913\n|move|p2b: Baxcalibur|Ice Shard|p1a: Gyarados\n|-supereffective|p1a: Gyarados\n|-damage|p1a: Gyarados|0 fnt\n|faint|p1a: Gyarados\n|move|p1b: Chien-Pao|Ice Shard|p2b: Baxcalibur\n|-damage|p2b: Baxcalibur|15\/100\n|move|p2a: Iron Moth|Tera Blast|p1b: Chien-Pao\n|-damage|p1b: Chien-Pao|0 fnt\n|faint|p1b: Chien-Pao\n|\n|upkeep\n|\n|t:|1683828926\n|switch|p1b: Gengar|Gengar, L50, F|100\/100\n|switch|p1a: Chi-Yu|Chi-Yu, L50|100\/100\n|-ability|p1a: Chi-Yu|Beads of Ruin\n|turn|4\n|\n|t:|1683828938\n|switch|p2b: Rotom|Rotom-Wash, L50|66\/100\n|move|p2a: Iron Moth|Tera Blast|p1a: Chi-Yu\n|-supereffective|p1a: Chi-Yu\n|-damage|p1a: Chi-Yu|0 fnt\n|faint|p1a: Chi-Yu\n|move|p1b: Gengar|Icy Wind|p2a: Iron Moth|[spread] p2a,p2b\n|-resisted|p2a: Iron Moth\n|-resisted|p2b: Rotom\n|-damage|p2a: Iron Moth|47\/100\n|-damage|p2b: Rotom|60\/100\n|-unboost|p2a: Iron Moth|spe|1\n|-unboost|p2b: Rotom|spe|1\n|\n|-sideend|p2: EldyOnetrick|move: Tailwind\n|upkeep\n|turn|5\n|\n|t:|1683828952\n|move|p1b: Gengar|Icy Wind|p2a: Iron Moth|[spread] \n|-miss|p1b: Gengar|p2a: Iron Moth\n|-miss|p1b: Gengar|p2b: Rotom\n|move|p2a: Iron Moth|Tera Blast|p1b: Gengar\n|-damage|p1b: Gengar|0 fnt\n|faint|p1b: Gengar\n|\n|win|EldyOnetrick\n|raw|zeth886's rating: 1341 → 1315<\/strong> (-26 for losing)\n|raw|EldyOnetrick's rating: 1233 → 1266<\/strong> (+33 for winning)\n","uploadtime":1683828962,"views":14,"p1id":"zeth886","p2id":"eldyonetrick","formatid":"gen9vgc2023regulationc","rating":1266,"private":0,"password":""}