{"id":"gen9vgc2023regulationc-1854840762","p1":"Inferno prodigy","p2":"Soosendosenv3","format":"[Gen 9] VGC 2023 Regulation C","log":"|j|\u2606Inferno prodigy\n|j|\u2606Soosendosenv3\n|t:|1682872174\n|gametype|doubles\n|player|p1|Inferno prodigy|170|\n|player|p2|Soosendosenv3|1|\n|teamsize|p1|6\n|teamsize|p2|6\n|gen|9\n|tier|[Gen 9] VGC 2023 Regulation C\n|rule|Species Clause: Limit one of each Pok\u00e9mon\n|rule|Item Clause: Limit one of each item\n|clearpoke\n|poke|p1|Dragonite, L50, M|\n|poke|p1|Chien-Pao, L50|\n|poke|p1|Gyarados, L50, F|\n|poke|p1|Flutter Mane, L50|\n|poke|p1|Iron Hands, L50|\n|poke|p1|Volcarona, L50, F|\n|poke|p2|Ting-Lu, L50|\n|poke|p2|Amoonguss, L50, F|\n|poke|p2|Arcanine, L50, F|\n|poke|p2|Flutter Mane, L50|\n|poke|p2|Palafin, L50, F|\n|poke|p2|Kingambit, L50, F|\n|teampreview|4\nSoosendosenv3 has agreed to open team sheets.\n|c|\u2606Soosendosenv3|g1\n|\n|t:|1682872235\n|start\n|switch|p1a: Flutter Mane|Flutter Mane, L50|100\/100\n|switch|p1b: Iron Hands|Iron Hands, L50|100\/100\n|switch|p2a: Flutter Mane|Flutter Mane, L50|100\/100\n|switch|p2b: Arcanine|Arcanine, L50, F|100\/100\n|-ability|p2b: Arcanine|Intimidate|boost\n|-unboost|p1a: Flutter Mane|atk|1\n|-unboost|p1b: Iron Hands|atk|1\n|-enditem|p2a: Flutter Mane|Booster Energy\n|-activate|p2a: Flutter Mane|ability: Protosynthesis|[fromitem]\n|-start|p2a: Flutter Mane|protosynthesisspa\n|turn|1\n|\n|t:|1682872276\n|switch|p2b: Ting-Lu|Ting-Lu, L50|100\/100\n|-ability|p2b: Ting-Lu|Vessel of Ruin\n|move|p2a: Flutter Mane|Protect|p2a: Flutter Mane\n|-singleturn|p2a: Flutter Mane|Protect\n|move|p1b: Iron Hands|Fake Out|p2b: Ting-Lu\n|-damage|p2b: Ting-Lu|93\/100\n|move|p1a: Flutter Mane|Shadow Ball|p2a: Flutter Mane\n|-activate|p2a: Flutter Mane|move: Protect\n|\n|upkeep\n|turn|2\n|\n|t:|1682872316\n|-end|p2a: Flutter Mane|Protosynthesis|[silent]\n|switch|p2a: Arcanine|Arcanine, L50, F|100\/100\n|-ability|p2a: Arcanine|Intimidate|boost\n|-unboost|p1a: Flutter Mane|atk|1\n|-unboost|p1b: Iron Hands|atk|1\n|-end|p1b: Iron Hands|Quark Drive|[silent]\n|switch|p1b: Volcarona|Volcarona, L50, F|100\/100\n|-terastallize|p1a: Flutter Mane|Steel\n|move|p1a: Flutter Mane|Shadow Ball|p2a: Arcanine\n|-damage|p2a: Arcanine|55\/100\n|move|p2b: Ting-Lu|Heavy Slam|p1a: Flutter Mane\n|-resisted|p1a: Flutter Mane\n|-damage|p1a: Flutter Mane|57\/100\n|\n|upkeep\n|turn|3\n|\n|t:|1682872375\n|-end|p1a: Flutter Mane|Protosynthesis|[silent]\n|switch|p1a: Iron Hands|Iron Hands, L50|100\/100\n|-terastallize|p2b: Ting-Lu|Poison\n|move|p1b: Volcarona|Quiver Dance|p1b: Volcarona\n|-boost|p1b: Volcarona|spa|1\n|-boost|p1b: Volcarona|spd|1\n|-boost|p1b: Volcarona|spe|1\n|move|p2a: Arcanine|Flare Blitz|p1b: Volcarona\n|-damage|p1b: Volcarona|34\/100\n|-damage|p2a: Arcanine|39\/100|[from] item: Rocky Helmet|[of] p1b: Volcarona\n|-damage|p2a: Arcanine|17\/100|[from] Recoil\n|move|p2b: Ting-Lu|Stomping Tantrum|p1b: Volcarona\n|-damage|p1b: Volcarona|0 fnt\n|-damage|p2b: Ting-Lu|77\/100|[from] item: Rocky Helmet|[of] p1b: Volcarona\n|-status|p2b: Ting-Lu|brn|[from] ability: Flame Body|[of] p1b: Volcarona\n|faint|p1b: Volcarona\n|\n|-damage|p2b: Ting-Lu|71\/100 brn|[from] brn\n|upkeep\n|\n|t:|1682872398\n|switch|p1b: Chien-Pao|Chien-Pao, L50|100\/100\n|-ability|p1b: Chien-Pao|Sword of Ruin\n|turn|4\n|\n|t:|1682872424\n|move|p2a: Arcanine|Extreme Speed|p1b: Chien-Pao\n|-damage|p1b: Chien-Pao|70\/100\n|move|p1b: Chien-Pao|Ice Spinner|p2a: Arcanine\n|-resisted|p2a: Arcanine\n|-damage|p2a: Arcanine|0 fnt\n|faint|p2a: Arcanine\n|move|p1a: Iron Hands|Wild Charge|p2b: Ting-Lu\n|-damage|p2b: Ting-Lu|29\/100 brn\n|-damage|p1a: Iron Hands|90\/100|[from] Recoil\n|move|p2b: Ting-Lu|Earthquake|p1a: Iron Hands|[spread] p1a,p1b\n|-supereffective|p1a: Iron Hands\n|-damage|p1a: Iron Hands|56\/100\n|-damage|p1b: Chien-Pao|42\/100\n|\n|-damage|p2b: Ting-Lu|23\/100 brn|[from] brn\n|upkeep\n|\n|t:|1682872441\n|switch|p2a: Flutter Mane|Flutter Mane, L50|100\/100\n|turn|5\n|\n|t:|1682872476\n|move|p2a: Flutter Mane|Protect|p2a: Flutter Mane\n|-singleturn|p2a: Flutter Mane|Protect\n|move|p1b: Chien-Pao|Ice Spinner|p2b: Ting-Lu\n|-damage|p2b: Ting-Lu|0 fnt\n|faint|p2b: Ting-Lu\n|move|p1a: Iron Hands|Heavy Slam|p2a: Flutter Mane\n|-activate|p2a: Flutter Mane|move: Protect\n|\n|upkeep\n|\n|t:|1682872482\n|switch|p2b: Kingambit|Kingambit, L50, F|100\/100\n|turn|6\n|l|\u2606Inferno prodigy\n|player|p1|\n|j|\u2606Inferno prodigy\n|player|p1|Inferno prodigy|170\n|\n|t:|1682872528\n|switch|p1b: Flutter Mane|Flutter Mane, L50, tera:Steel|57\/100\n|move|p2b: Kingambit|Sucker Punch|p1a: Iron Hands\n|-resisted|p1a: Iron Hands\n|-damage|p1a: Iron Hands|38\/100\n|move|p2a: Flutter Mane|Moonblast|p1a: Iron Hands\n|-supereffective|p1a: Iron Hands\n|-damage|p1a: Iron Hands|0 fnt\n|faint|p1a: Iron Hands\n|-end|p1a: Iron Hands|Quark Drive|[silent]\n|\n|upkeep\n|\n|t:|1682872536\n|switch|p1a: Chien-Pao|Chien-Pao, L50|42\/100\n|-ability|p1a: Chien-Pao|Sword of Ruin\n|turn|7\n|\n|t:|1682872549\n|move|p2a: Flutter Mane|Protect|p2a: Flutter Mane\n|-singleturn|p2a: Flutter Mane|Protect\n|move|p2b: Kingambit|Protect|p2b: Kingambit\n|-singleturn|p2b: Kingambit|Protect\n|move|p1a: Chien-Pao|Ice Spinner|p2a: Flutter Mane\n|-activate|p2a: Flutter Mane|move: Protect\n|move|p1b: Flutter Mane|Dazzling Gleam|p2b: Kingambit|[spread] \n|-activate|p2a: Flutter Mane|move: Protect\n|-activate|p2b: Kingambit|move: Protect\n|\n|upkeep\n|turn|8\n|\n|t:|1682872568\n|move|p1a: Chien-Pao|Ice Spinner|p2a: Flutter Mane\n|-damage|p2a: Flutter Mane|14\/100\n|move|p1b: Flutter Mane|Dazzling Gleam|p2b: Kingambit|[spread] p2a,p2b\n|-damage|p2a: Flutter Mane|0 fnt\n|-damage|p2b: Kingambit|55\/100\n|faint|p2a: Flutter Mane\n|-end|p2a: Flutter Mane|Protosynthesis|[silent]\n|move|p2b: Kingambit|Kowtow Cleave|p1b: Flutter Mane\n|-damage|p1b: Flutter Mane|0 fnt\n|faint|p1b: Flutter Mane\n|-end|p1b: Flutter Mane|Protosynthesis|[silent]\n|\n|upkeep\n|turn|9\n|\n|t:|1682872584\n|move|p1a: Chien-Pao|Ice Spinner|p2b: Kingambit\n|-resisted|p2b: Kingambit\n|-damage|p2b: Kingambit|36\/100\n|move|p2b: Kingambit|Kowtow Cleave|p1a: Chien-Pao\n|-resisted|p1a: Chien-Pao\n|-damage|p1a: Chien-Pao|2\/100\n|\n|upkeep\n|turn|10\n|c|\u2606Inferno prodigy|Gg\n|\n|t:|1682872594\n|move|p2b: Kingambit|Protect|p2b: Kingambit\n|-singleturn|p2b: Kingambit|Protect\n|move|p1a: Chien-Pao|Ice Spinner|p2b: Kingambit\n|-activate|p2b: Kingambit|move: Protect\n|\n|upkeep\n|turn|11\n|c|\u2606Soosendosenv3|gg\n|l|\u2606Inferno prodigy\n|player|p1|\n|j|\u2606Inferno prodigy\n|player|p1|Inferno prodigy|170\n|\n|t:|1682872641\n|move|p1a: Chien-Pao|Sucker Punch|p2b: Kingambit\n|-resisted|p2b: Kingambit\n|-damage|p2b: Kingambit|18\/100\n|move|p2b: Kingambit|Kowtow Cleave|p1a: Chien-Pao\n|-resisted|p1a: Chien-Pao\n|-damage|p1a: Chien-Pao|0 fnt\n|faint|p1a: Chien-Pao\n|\n|win|Soosendosenv3\n|l|\u2606Inferno prodigy\n","uploadtime":1682872650,"views":15,"p1id":"infernoprodigy","p2id":"soosendosenv3","formatid":"gen9vgc2023regulationc","rating":0,"private":0,"password":""}