{"id":"gen9vgc2023regulationc-1862137766","p1":"Ravsrna","p2":"Arcacagne","format":"[Gen 9] VGC 2023 Regulation C","log":"|j|\u2606Ravsrna\n|j|\u2606Arcacagne\n|t:|1683840997\n|gametype|doubles\n|player|p1|Ravsrna|2|1242\n|player|p2|Arcacagne|102|1290\n|teamsize|p1|6\n|teamsize|p2|6\n|gen|9\n|tier|[Gen 9] VGC 2023 Regulation C\n|rated|\n|rule|Species Clause: Limit one of each Pok\u00e9mon\n|rule|Item Clause: Limit one of each item\n|clearpoke\n|poke|p1|Orthworm, L50, F|\n|poke|p1|Gastrodon, L50, F|\n|poke|p1|Garchomp, L50, M|\n|poke|p1|Talonflame, L50, F|\n|poke|p1|Glimmora, L50, M|\n|poke|p1|Abomasnow, L50, F|\n|poke|p2|Ting-Lu, L50|\n|poke|p2|Flutter Mane, L50|\n|poke|p2|Amoonguss, L50, M|\n|poke|p2|Palafin, L50, M|\n|poke|p2|Kingambit, L50, F|\n|poke|p2|Tauros-Paldea-Blaze, L50, M|\n|teampreview|4\n|\n|t:|1683841029\n|start\n|switch|p1a: Gastrodon|Gastrodon, L50, F|100\/100\n|switch|p1b: Abomasnow|Abomasnow, L50, F|100\/100\n|switch|p2a: Flutter Mane|Flutter Mane, L50|100\/100\n|switch|p2b: Tauros|Tauros-Paldea-Blaze, L50, M|100\/100\n|-ability|p2b: Tauros|Intimidate|boost\n|-unboost|p1a: Gastrodon|atk|1\n|-unboost|p1b: Abomasnow|atk|1\n|-weather|Snow|[from] ability: Snow Warning|[of] p1b: Abomasnow\n|-enditem|p2a: Flutter Mane|Booster Energy\n|-activate|p2a: Flutter Mane|ability: Protosynthesis|[fromitem]\n|-start|p2a: Flutter Mane|protosynthesisspa\n|turn|1\n|\n|t:|1683841060\n|move|p1b: Abomasnow|Protect|p1b: Abomasnow\n|-singleturn|p1b: Abomasnow|Protect\n|move|p2a: Flutter Mane|Substitute|p2a: Flutter Mane\n|-start|p2a: Flutter Mane|Substitute\n|-damage|p2a: Flutter Mane|76\/100\n|move|p2b: Tauros|Raging Bull|p1b: Abomasnow\n|-activate|p1b: Abomasnow|move: Protect\n|move|p1a: Gastrodon|Icy Wind|p2b: Tauros|[spread] p2a,p2b\n|-activate|p2a: Flutter Mane|move: Substitute|[damage]\n|-resisted|p2b: Tauros\n|-damage|p2b: Tauros|95\/100\n|-unboost|p2b: Tauros|spe|1\n|\n|-weather|Snow|[upkeep]\n|upkeep\n|turn|2\n|\n|t:|1683841085\n|move|p2a: Flutter Mane|Moonblast|p1a: Gastrodon\n|-damage|p1a: Gastrodon|44\/100\n|move|p2b: Tauros|Raging Bull|p1b: Abomasnow\n|-supereffective|p1b: Abomasnow\n|-damage|p1b: Abomasnow|0 fnt\n|faint|p1b: Abomasnow\n|move|p1a: Gastrodon|Hydro Pump|p2b: Tauros\n|-supereffective|p2b: Tauros\n|-damage|p2b: Tauros|4\/100\n|\n|-weather|Snow|[upkeep]\n|upkeep\n|\n|t:|1683841100\n|switch|p1b: Orthworm|Orthworm, L50, F|100\/100\n|turn|3\n|\n|t:|1683841113\n|-terastallize|p1b: Orthworm|Fire\n|move|p2a: Flutter Mane|Moonblast|p1a: Gastrodon\n|-damage|p1a: Gastrodon|0 fnt\n|faint|p1a: Gastrodon\n|move|p1b: Orthworm|Heavy Slam|p2a: Flutter Mane\n|-supereffective|p2a: Flutter Mane\n|-end|p2a: Flutter Mane|Substitute\n|move|p2b: Tauros|Close Combat|p1b: Orthworm\n|-damage|p1b: Orthworm|68\/100\n|-unboost|p2b: Tauros|def|1\n|-unboost|p2b: Tauros|spd|1\n|\n|-weather|Snow|[upkeep]\n|-heal|p1b: Orthworm|74\/100|[from] item: Leftovers\n|upkeep\n|\n|t:|1683841123\n|switch|p1a: Garchomp|Garchomp, L50, M|100\/100\n|turn|4\n|\n|t:|1683841136\n|switch|p2b: Amoonguss|Amoonguss, L50, M|100\/100\n|move|p2a: Flutter Mane|Protect|p2a: Flutter Mane\n|-singleturn|p2a: Flutter Mane|Protect\n|move|p1a: Garchomp|Earthquake|p2a: Flutter Mane|[spread] p2b\n|-activate|p2a: Flutter Mane|move: Protect\n|-heal|p1b: Orthworm|99\/100|[from] ability: Earth Eater|[of] p1a: Garchomp\n|-damage|p2b: Amoonguss|54\/100\n|move|p1b: Orthworm|Heavy Slam|p2a: Flutter Mane\n|-activate|p2a: Flutter Mane|move: Protect\n|\n|-weather|Snow|[upkeep]\n|-heal|p1b: Orthworm|100\/100|[from] item: Leftovers\n|upkeep\n|turn|5\n|\n|t:|1683841163\n|-terastallize|p2a: Flutter Mane|Fairy\n|move|p2b: Amoonguss|Rage Powder|p2b: Amoonguss\n|-singleturn|p2b: Amoonguss|move: Rage Powder\n|move|p2a: Flutter Mane|Moonblast|p1a: Garchomp\n|-supereffective|p1a: Garchomp\n|-damage|p1a: Garchomp|0 fnt\n|faint|p1a: Garchomp\n|move|p1b: Orthworm|Heavy Slam|p2b: Amoonguss\n|-damage|p2b: Amoonguss|22\/100\n|-enditem|p2b: Amoonguss|Sitrus Berry|[eat]\n|-heal|p2b: Amoonguss|47\/100|[from] item: Sitrus Berry\n|\n|-weather|none\n|upkeep\n|turn|6\n|\n|t:|1683841184\n|-end|p2a: Flutter Mane|Protosynthesis|[silent]\n|switch|p2a: Tauros|Tauros-Paldea-Blaze, L50, M|4\/100\n|-ability|p2a: Tauros|Intimidate|boost\n|-unboost|p1b: Orthworm|atk|1\n|move|p1b: Orthworm|Heavy Slam|p2a: Tauros\n|-resisted|p2a: Tauros\n|-damage|p2a: Tauros|0 fnt\n|faint|p2a: Tauros\n|move|p2b: Amoonguss|Spore|p1b: Orthworm\n|-status|p1b: Orthworm|slp|[from] move: Spore\n|\n|upkeep\n|\n|t:|1683841195\n|switch|p2a: Ting-Lu|Ting-Lu, L50|100\/100\n|-ability|p2a: Ting-Lu|Vessel of Ruin\n|turn|7\n|\n|t:|1683841202\n|switch|p2b: Flutter Mane|Flutter Mane, L50, tera:Fairy|76\/100\n|cant|p1b: Orthworm|slp\n|move|p2a: Ting-Lu|Stomping Tantrum|p1b: Orthworm\n|-immune|p1b: Orthworm|[from] ability: Earth Eater\n|\n|upkeep\n|turn|8\n|\n|t:|1683841214\n|move|p2b: Flutter Mane|Substitute|p2b: Flutter Mane\n|-start|p2b: Flutter Mane|Substitute\n|-damage|p2b: Flutter Mane|51\/100\n|cant|p1b: Orthworm|slp\n|move|p2a: Ting-Lu|Throat Chop|p1b: Orthworm\n|-damage|p1b: Orthworm|72\/100 slp\n|-start|p1b: Orthworm|Throat Chop|[silent]\n|\n|-heal|p1b: Orthworm|78\/100 slp|[from] item: Leftovers\n|upkeep\n|turn|9\n|inactive|Battle timer is ON: inactive players will automatically lose when time's up. (requested by Ravsrna)\n|\n|t:|1683841230\n|move|p2b: Flutter Mane|Shadow Ball|p1b: Orthworm\n|-damage|p1b: Orthworm|49\/100 slp\n|-curestatus|p1b: Orthworm|slp|[msg]\n|move|p1b: Orthworm|Iron Defense|p1b: Orthworm\n|-boost|p1b: Orthworm|def|2\n|move|p2a: Ting-Lu|Throat Chop|p1b: Orthworm\n|-damage|p1b: Orthworm|34\/100\n|\n|-heal|p1b: Orthworm|40\/100|[from] item: Leftovers\n|-end|p1b: Orthworm|Throat Chop|[silent]\n|upkeep\n|turn|10\n|\n|t:|1683841246\n|move|p2b: Flutter Mane|Shadow Ball|p1b: Orthworm\n|-crit|p1b: Orthworm\n|-damage|p1b: Orthworm|0 fnt\n|faint|p1b: Orthworm\n|\n|win|Arcacagne\n|raw|Ravsrna's rating: 1242 → 1220<\/strong> (-22 for losing)\n|raw|Arcacagne's rating: 1290 → 1312<\/strong> (+22 for winning)\n|l|\u2606Ravsrna\n","uploadtime":1683841255,"views":8,"p1id":"ravsrna","p2id":"arcacagne","formatid":"gen9vgc2023regulationc","rating":1220,"private":0,"password":""}