{"id":"gen9vgc2023regulationc-1858999813","p1":"Testiqleton","p2":"daarpa VGC","format":"[Gen 9] VGC 2023 Regulation C","log":"|j|\u2606Testiqleton\n|j|\u2606daarpa VGC\n|t:|1683392726\n|gametype|doubles\n|player|p1|Testiqleton|teamrocket|\n|player|p2|daarpa VGC|2|\n|teamsize|p1|6\n|teamsize|p2|6\n|gen|9\n|tier|[Gen 9] VGC 2023 Regulation C\n|rated|Tournament battle\n|rule|Species Clause: Limit one of each Pok\u00e9mon\n|rule|Item Clause: Limit one of each item\n|clearpoke\n|poke|p1|Garchomp, L50, F|\n|poke|p1|Talonflame, L50, M|\n|poke|p1|Iron Bundle, L50|\n|poke|p1|Gholdengo, L50|\n|poke|p1|Iron Hands, L50|\n|poke|p1|Chien-Pao, L50|\n|poke|p2|Ting-Lu, L50|\n|poke|p2|Glimmora, L50, F|\n|poke|p2|Arboliva, L50, F|\n|poke|p2|Gastrodon-East, L50, M|\n|poke|p2|Iron Hands, L50|\n|poke|p2|Chi-Yu, L50|\n|teampreview|4\n|raw| Open Team Sheet for Testiqleton<\/summary>Garchomp @ Clear Amulet Ability: Rough Skin Level: 50 Tera Type: Fire - Earthquake - Stomping Tantrum - Rock Slide - Protect Talonflame @ Safety Goggles Ability: Gale Wings Level: 50 Tera Type: Ghost - Brave Bird - Tailwind - Will-O-Wisp - Taunt Iron Bundle @ Booster Energy Ability: Quark Drive Level: 50 Tera Type: Ice - Hydro Pump - Freeze-Dry - Icy Wind - Protect Gholdengo @ Choice Specs Ability: Good as Gold Level: 50 Tera Type: Steel - Make It Rain - Shadow Ball - Thunderbolt - Trick Iron Hands @ Assault Vest Ability: Quark Drive Level: 50 Tera Type: Grass - Fake Out - Drain Punch - Wild Charge - Heavy Slam Chien-Pao @ Focus Sash Ability: Sword of Ruin Level: 50 Tera Type: Ghost - Ice Spinner - Sucker Punch - Sacred Sword - Haze <\/details><\/div> Open Team Sheet for daarpa VGC<\/summary>Ting-Lu @ Weakness Policy Ability: Vessel of Ruin Level: 50 Tera Type: Poison - Heavy Slam - Stomping Tantrum - Ruination - Fissure Glimmora (F) @ Focus Sash Ability: Toxic Debris Level: 50 Shiny: Yes Tera Type: Flying - Mortal Spin - Power Gem - Sludge Bomb - Spiky Shield Arboliva (F) @ Leftovers Ability: Seed Sower Level: 50 Shiny: Yes Tera Type: Fire - Protect - Giga Drain - Hyper Voice - Leech Seed Gastrodon (Gastrodon-East) (M) @ Sitrus Berry Ability: Storm Drain Level: 50 Tera Type: Fire - Earth Power - Protect - Muddy Water - Recover Iron Hands @ Assault Vest Ability: Quark Drive Level: 50 Tera Type: Grass - Drain Punch - Fake Out - Volt Switch - Thunder Punch Chi-Yu @ Choice Scarf Ability: Beads of Ruin Level: 50 Tera Type: Fire - Heat Wave - Dark Pulse - Overheat - Tera Blast <\/details><\/div>\n|\n|t:|1683392776\n|start\n|switch|p1a: Garchomp|Garchomp, L50, F|100\/100\n|switch|p1b: Talonflame|Talonflame, L50, M|100\/100\n|switch|p2a: Iron Hands|Iron Hands, L50|100\/100\n|switch|p2b: Ting-Lu|Ting-Lu, L50|100\/100\n|-ability|p2b: Ting-Lu|Vessel of Ruin\n|turn|1\n|j| Cachapita\n|\n|t:|1683392810\n|move|p2a: Iron Hands|Fake Out|p1a: Garchomp\n|-damage|p1a: Garchomp|83\/100\n|-damage|p2a: Iron Hands|88\/100|[from] ability: Rough Skin|[of] p1a: Garchomp\n|move|p1b: Talonflame|Will-O-Wisp|p2a: Iron Hands\n|-status|p2a: Iron Hands|brn\n|cant|p1a: Garchomp|flinch\n|move|p2b: Ting-Lu|Ruination|p1a: Garchomp\n|-damage|p1a: Garchomp|42\/100\n|\n|-damage|p2a: Iron Hands|82\/100 brn|[from] brn\n|upkeep\n|turn|2\n|\n|t:|1683392828\n|-terastallize|p2a: Iron Hands|Grass\n|move|p1b: Talonflame|Will-O-Wisp|p2b: Ting-Lu\n|-status|p2b: Ting-Lu|brn\n|move|p1a: Garchomp|Earthquake|p2b: Ting-Lu|[spread] p2a,p2b\n|-immune|p1b: Talonflame\n|-resisted|p2a: Iron Hands\n|-damage|p2a: Iron Hands|69\/100 brn\n|-damage|p2b: Ting-Lu|74\/100 brn\n|move|p2a: Iron Hands|Volt Switch|p1b: Talonflame\n|-supereffective|p1b: Talonflame\n|-damage|p1b: Talonflame|76\/100\n|\n|t:|1683392838\n|-end|p2a: Iron Hands|Quark Drive|[silent]\n|switch|p2a: Chi-Yu|Chi-Yu, L50|100\/100|[from] Volt Switch\n|-ability|p2a: Chi-Yu|Beads of Ruin\n|move|p2b: Ting-Lu|Stomping Tantrum|p1a: Garchomp\n|-damage|p1a: Garchomp|29\/100\n|-damage|p2b: Ting-Lu|62\/100 brn|[from] ability: Rough Skin|[of] p1a: Garchomp\n|\n|-damage|p2b: Ting-Lu|56\/100 brn|[from] brn\n|upkeep\n|turn|3\n|\n|t:|1683392857\n|switch|p2b: Gastrodon|Gastrodon-East, L50, M|100\/100\n|move|p1a: Garchomp|Protect|p1a: Garchomp\n|-singleturn|p1a: Garchomp|Protect\n|move|p2a: Chi-Yu|Dark Pulse|p1a: Garchomp\n|-activate|p1a: Garchomp|move: Protect\n|move|p1b: Talonflame|Tailwind|p1b: Talonflame\n|-sidestart|p1: Testiqleton|move: Tailwind\n|\n|upkeep\n|turn|4\n|inactive|Battle timer is ON: inactive players will automatically lose when time's up. (requested by daarpa VGC)\n|\n|t:|1683392897\n|switch|p2a: Ting-Lu|Ting-Lu, L50|56\/100 brn\n|-ability|p2a: Ting-Lu|Vessel of Ruin\n|move|p1b: Talonflame|Brave Bird|p2b: Gastrodon\n|-damage|p2b: Gastrodon|71\/100\n|-damage|p1b: Talonflame|65\/100|[from] Recoil\n|move|p1a: Garchomp|Earthquake|p2b: Gastrodon|[spread] p2a,p2b\n|-immune|p1b: Talonflame\n|-damage|p2a: Ting-Lu|33\/100 brn\n|-damage|p2b: Gastrodon|35\/100\n|-enditem|p2b: Gastrodon|Sitrus Berry|[eat]\n|-heal|p2b: Gastrodon|60\/100|[from] item: Sitrus Berry\n|move|p2b: Gastrodon|Muddy Water|p1a: Garchomp|[spread] p1a,p1b\n|-supereffective|p1b: Talonflame\n|-damage|p1a: Garchomp|12\/100\n|-damage|p1b: Talonflame|20\/100\n|\n|-damage|p2a: Ting-Lu|26\/100 brn|[from] brn\n|upkeep\n|turn|5\n|inactive|Testiqleton has 30 seconds left.\n|inactive|daarpa VGC has 30 seconds left.\n|inactive|Testiqleton has 20 seconds left.\n|inactive|daarpa VGC has 20 seconds left.\n|\n|t:|1683392937\n|move|p2b: Gastrodon|Protect|p2b: Gastrodon\n|-singleturn|p2b: Gastrodon|Protect\n|move|p1b: Talonflame|Brave Bird|p2b: Gastrodon\n|-activate|p2b: Gastrodon|move: Protect\n|move|p1a: Garchomp|Earthquake|p2b: Gastrodon|[spread] p2a\n|-activate|p2b: Gastrodon|move: Protect\n|-immune|p1b: Talonflame\n|-damage|p2a: Ting-Lu|1\/100 brn\n|move|p2a: Ting-Lu|Stomping Tantrum|p1a: Garchomp\n|-damage|p1a: Garchomp|0 fnt\n|-damage|p2a: Ting-Lu|0 fnt|[from] ability: Rough Skin|[of] p1a: Garchomp\n|faint|p1a: Garchomp\n|faint|p2a: Ting-Lu\n|\n|upkeep\n|j| Pic1070\n|l| Pic1070\n|\n|t:|1683392957\n|switch|p1a: Iron Hands|Iron Hands, L50|100\/100\n|switch|p2a: Iron Hands|Iron Hands, L50, tera:Grass|69\/100 brn\n|turn|6\n|j| Lycanroc Tyrantiar\n|l| Lycanroc Tyrantiar\n|inactive|Testiqleton has 30 seconds left.\n|inactive|Testiqleton has 20 seconds left.\n|inactive|Testiqleton has 15 seconds left.\n|\n|t:|1683392998\n|move|p1a: Iron Hands|Fake Out|p2a: Iron Hands\n|-damage|p2a: Iron Hands|59\/100 brn\n|move|p1b: Talonflame|Brave Bird|p2a: Iron Hands\n|-supereffective|p2a: Iron Hands\n|-damage|p2a: Iron Hands|13\/100 brn\n|-damage|p1b: Talonflame|0 fnt|[from] Recoil\n|faint|p1b: Talonflame\n|cant|p2a: Iron Hands|flinch\n|move|p2b: Gastrodon|Recover|p2b: Gastrodon\n|-heal|p2b: Gastrodon|100\/100\n|\n|-damage|p2a: Iron Hands|7\/100 brn|[from] brn\n|-sideend|p1: Testiqleton|move: Tailwind\n|upkeep\n|\n|t:|1683393006\n|switch|p1b: Chien-Pao|Chien-Pao, L50|100\/100\n|-ability|p1b: Chien-Pao|Sword of Ruin\n|turn|7\n|inactive|Testiqleton has 30 seconds left.\n|inactive|Testiqleton has 20 seconds left.\n|inactive|Testiqleton has 15 seconds left.\n|inactive|Testiqleton has 10 seconds left.\n|\n|t:|1683393056\n|move|p1b: Chien-Pao|Ice Spinner|p2a: Iron Hands\n|-supereffective|p2a: Iron Hands\n|-damage|p2a: Iron Hands|0 fnt\n|faint|p2a: Iron Hands\n|-end|p2a: Iron Hands|Quark Drive|[silent]\n|move|p1a: Iron Hands|Drain Punch|p2b: Gastrodon\n|-damage|p2b: Gastrodon|60\/100\n|move|p2b: Gastrodon|Muddy Water|p1a: Iron Hands|[spread] p1a,p1b\n|-damage|p1a: Iron Hands|90\/100\n|-damage|p1b: Chien-Pao|66\/100\n|-unboost|p1a: Iron Hands|accuracy|1\n|\n|upkeep\n|\n|t:|1683393067\n|switch|p2a: Chi-Yu|Chi-Yu, L50|100\/100\n|-ability|p2a: Chi-Yu|Beads of Ruin\n|turn|8\n|\n|t:|1683393084\n|move|p1b: Chien-Pao|Sucker Punch|p2b: Gastrodon\n|-damage|p2b: Gastrodon|25\/100\n|move|p2a: Chi-Yu|Heat Wave|p1b: Chien-Pao|[spread] p1a,p1b\n|-crit|p1a: Iron Hands\n|-supereffective|p1b: Chien-Pao\n|-damage|p1a: Iron Hands|52\/100\n|-damage|p1b: Chien-Pao|0 fnt\n|faint|p1b: Chien-Pao\n|move|p1a: Iron Hands|Drain Punch|p2a: Chi-Yu\n|-supereffective|p2a: Chi-Yu\n|-damage|p2a: Chi-Yu|0 fnt\n|-heal|p1a: Iron Hands|78\/100|[from] drain|[of] p2a: Chi-Yu\n|faint|p2a: Chi-Yu\n|move|p2b: Gastrodon|Earth Power|p1a: Iron Hands\n|-supereffective|p1a: Iron Hands\n|-damage|p1a: Iron Hands|48\/100\n|\n|upkeep\n|turn|9\n|c|\u2606daarpa VGC|gg\n|\n|t:|1683393108\n|-terastallize|p1a: Iron Hands|Grass\n|move|p1a: Iron Hands|Drain Punch|p2b: Gastrodon\n|-damage|p2b: Gastrodon|0 fnt\n|-heal|p1a: Iron Hands|58\/100|[from] drain|[of] p2b: Gastrodon\n|faint|p2b: Gastrodon\n|\n|win|Testiqleton\n|n|\u2606Testiqleton|testiqleton\n|n|\u2606daarpa VGC|daarpavgc\n|n| Cachapita|cachapita\n|c|\u2606Testiqleton|gg\n|l|\u2606daarpa VGC\n","uploadtime":1683393818,"views":9,"p1id":"testiqleton","p2id":"daarpavgc","formatid":"gen9vgc2023regulationc","rating":0,"private":0,"password":""}