{"id":"gen9vgc2023regulationc-1851642179","p1":"Cigtar","p2":"MoboyPlaysPokemon","format":"[Gen 9] VGC 2023 Regulation C","log":"|j|\u2606Cigtar\n|j|\u2606MoboyPlaysPokemon\n|t:|1682464632\n|gametype|doubles\n|player|p1|Cigtar|phoebe-gen3|\n|player|p2|MoboyPlaysPokemon|266|\n|teamsize|p1|6\n|teamsize|p2|6\n|gen|9\n|tier|[Gen 9] VGC 2023 Regulation C\n|rule|Species Clause: Limit one of each Pok\u00e9mon\n|rule|Item Clause: Limit one of each item\n|clearpoke\n|poke|p1|Chi-Yu, L50|\n|poke|p1|Toedscruel, L50, M|\n|poke|p1|Gyarados, L50, F|\n|poke|p1|Sableye, L50, M|\n|poke|p1|Farigiraf, L50, M|\n|poke|p1|Ursaring, L50, M|\n|poke|p2|Indeedee-F, L50, F|\n|poke|p2|Iron Thorns, L50|\n|poke|p2|Kingambit, L50, M|\n|poke|p2|Bruxish, L50, F|\n|poke|p2|Appletun, L50, F|\n|poke|p2|Spiritomb, L50, M|\n|teampreview|4\n|j| eshe0\n|\n|t:|1682464726\n|start\n|switch|p1a: Toedscruel|Toedscruel, L50, M|100\/100\n|switch|p1b: Ursaring|Ursaring, L50, M|100\/100\n|switch|p2a: Malevolence|Spiritomb, L50, M, shiny|100\/100\n|switch|p2b: Jade Colossus|Iron Thorns, L50|100\/100\n|-ability|p2a: Malevolence|Pressure\n|turn|1\n|\n|t:|1682464776\n|-terastallize|p2b: Jade Colossus|Fairy\n|move|p1b: Ursaring|Protect|p1b: Ursaring\n|-singleturn|p1b: Ursaring|Protect\n|move|p2b: Jade Colossus|Rock Blast|p1a: Toedscruel\n|-resisted|p1a: Toedscruel\n|-damage|p1a: Toedscruel|93\/100\n|-resisted|p1a: Toedscruel\n|-damage|p1a: Toedscruel|84\/100\n|-resisted|p1a: Toedscruel\n|-crit|p1a: Toedscruel\n|-damage|p1a: Toedscruel|70\/100\n|-resisted|p1a: Toedscruel\n|-damage|p1a: Toedscruel|62\/100\n|-hitcount|p1a: Toedscruel|4\n|move|p1a: Toedscruel|Spore|p2b: Jade Colossus\n|-status|p2b: Jade Colossus|slp|[from] move: Spore\n|move|p2a: Malevolence|Trick Room|p2a: Malevolence\n|-fieldstart|move: Trick Room|[of] p2a: Malevolence\n|\n|-status|p1b: Ursaring|brn|[from] item: Flame Orb\n|upkeep\n|turn|2\n|\n|t:|1682464840\n|move|p2a: Malevolence|Foul Play|p1b: Ursaring\n|-damage|p1b: Ursaring|31\/100 brn\n|move|p1b: Ursaring|Facade|p2b: Jade Colossus\n|-damage|p2b: Jade Colossus|0 fnt\n|faint|p2b: Jade Colossus\n|-end|p2b: Jade Colossus|Quark Drive|[silent]\n|move|p1a: Toedscruel|Spore|p2a: Malevolence\n|-status|p2a: Malevolence|slp|[from] move: Spore\n|\n|-damage|p1b: Ursaring|25\/100 brn|[from] brn\n|upkeep\n|\n|t:|1682464878\n|switch|p2b: Sunder|Bruxish, L50, F|100\/100\n|turn|3\n|\n|t:|1682464891\n|move|p1a: Toedscruel|Rage Powder|p1a: Toedscruel\n|-singleturn|p1a: Toedscruel|move: Rage Powder\n|cant|p2a: Malevolence|slp\n|move|p1b: Ursaring|Play Rough|p2a: Malevolence\n|-supereffective|p2a: Malevolence\n|-damage|p2a: Malevolence|4\/100 slp\n|move|p2b: Sunder|Ice Fang|p1a: Toedscruel\n|-supereffective|p1a: Toedscruel\n|-damage|p1a: Toedscruel|0 fnt\n|-damage|p2b: Sunder|84\/100|[from] item: Rocky Helmet|[of] p1a: Toedscruel\n|faint|p1a: Toedscruel\n|\n|-damage|p1b: Ursaring|19\/100 brn|[from] brn\n|upkeep\n|\n|t:|1682464910\n|switch|p1a: Gyarados|Gyarados, L50, F|100\/100\n|-ability|p1a: Gyarados|Intimidate|boost\n|-unboost|p2a: Malevolence|atk|1\n|-unboost|p2b: Sunder|atk|1\n|turn|4\n|\n|t:|1682464920\n|-curestatus|p2a: Malevolence|slp|[msg]\n|move|p2a: Malevolence|Foul Play|p1b: Ursaring\n|-damage|p1b: Ursaring|0 fnt\n|faint|p1b: Ursaring\n|move|p2b: Sunder|Ice Fang|p1a: Gyarados\n|-damage|p1a: Gyarados|78\/100\n|move|p1a: Gyarados|Waterfall|p2a: Malevolence\n|-damage|p2a: Malevolence|0 fnt\n|faint|p2a: Malevolence\n|\n|upkeep\n|\n|t:|1682464930\n|switch|p2a: \u0442\u043e\u0432\u0430\u0440\u0438\u0449|Kingambit, L50, M|100\/100\n|switch|p1b: Chi-Yu|Chi-Yu, L50|100\/100\n|-activate|p2a: \u0442\u043e\u0432\u0430\u0440\u0438\u0449|ability: Supreme Overlord\n|-start|p2a: \u0442\u043e\u0432\u0430\u0440\u0438\u0449|fallen2|[silent]\n|-ability|p1b: Chi-Yu|Beads of Ruin\n|turn|5\n|\n|t:|1682464976\n|move|p1a: Gyarados|Protect|p1a: Gyarados\n|-singleturn|p1a: Gyarados|Protect\n|move|p1b: Chi-Yu|Protect|p1b: Chi-Yu\n|-singleturn|p1b: Chi-Yu|Protect\n|move|p2a: \u0442\u043e\u0432\u0430\u0440\u0438\u0449|Brick Break|p1b: Chi-Yu\n|-activate|p1b: Chi-Yu|move: Protect\n|move|p2b: Sunder|Liquidation|p1b: Chi-Yu\n|-activate|p1b: Chi-Yu|move: Protect\n|\n|-fieldend|move: Trick Room\n|upkeep\n|turn|6\n|c| eshe0|gaming moment incoming\n|\n|t:|1682465020\n|move|p1a: Gyarados|Helping Hand|p1b: Chi-Yu\n|-singleturn|p1b: Chi-Yu|Helping Hand|[of] p1a: Gyarados\n|move|p2a: \u0442\u043e\u0432\u0430\u0440\u0438\u0449|Protect|p2a: \u0442\u043e\u0432\u0430\u0440\u0438\u0449\n|-singleturn|p2a: \u0442\u043e\u0432\u0430\u0440\u0438\u0449|Protect\n|move|p1b: Chi-Yu|Heat Wave|p2a: \u0442\u043e\u0432\u0430\u0440\u0438\u0449|[spread] p2b\n|-activate|p2a: \u0442\u043e\u0432\u0430\u0440\u0438\u0449|move: Protect\n|-resisted|p2b: Sunder\n|-damage|p2b: Sunder|23\/100\n|-damage|p1b: Chi-Yu|90\/100|[from] item: Life Orb\n|move|p2b: Sunder|Liquidation|p1b: Chi-Yu\n|-supereffective|p1b: Chi-Yu\n|-damage|p1b: Chi-Yu|0 fnt\n|faint|p1b: Chi-Yu\n|\n|upkeep\n|turn|7\n|c|\u2606Cigtar|wtf\n|\n|t:|1682465045\n|move|p1a: Gyarados|Waterfall|p2b: Sunder\n|-resisted|p2b: Sunder\n|-damage|p2b: Sunder|0 fnt\n|faint|p2b: Sunder\n|move|p2a: \u0442\u043e\u0432\u0430\u0440\u0438\u0449|Iron Head|p1a: Gyarados\n|-resisted|p1a: Gyarados\n|-damage|p1a: Gyarados|46\/100\n|-enditem|p1a: Gyarados|Sitrus Berry|[eat]\n|-heal|p1a: Gyarados|70\/100|[from] item: Sitrus Berry\n|\n|upkeep\n|turn|8\n|c| eshe0|i called it\n|\n|t:|1682465065\n|-terastallize|p1a: Gyarados|Ground\n|move|p1a: Gyarados|Waterfall|p2a: \u0442\u043e\u0432\u0430\u0440\u0438\u0449\n|-damage|p2a: \u0442\u043e\u0432\u0430\u0440\u0438\u0449|64\/100\n|move|p2a: \u0442\u043e\u0432\u0430\u0440\u0438\u0449|Assurance|p1a: Gyarados\n|-damage|p1a: Gyarados|18\/100\n|\n|upkeep\n|turn|9\n|c|\u2606Cigtar|your banded\n|c| eshe0|he switched moves\n|c|\u2606Cigtar|ffs\n|\n|t:|1682465122\n|move|p1a: Gyarados|Waterfall|p2a: \u0442\u043e\u0432\u0430\u0440\u0438\u0449\n|-damage|p2a: \u0442\u043e\u0432\u0430\u0440\u0438\u0449|27\/100\n|move|p2a: \u0442\u043e\u0432\u0430\u0440\u0438\u0449|Assurance|p1a: Gyarados\n|-damage|p1a: Gyarados|0 fnt\n|faint|p1a: Gyarados\n|\n|win|MoboyPlaysPokemon\n|c|\u2606MoboyPlaysPokemon|gg\n|c| eshe0|gg\n|c|\u2606Cigtar|then it was a 6.3% ohko\n|c| eshe0|what exactly?\n|c| eshe0|also it clicked protect\n|l|\u2606Cigtar\n","uploadtime":1682466244,"views":20,"p1id":"cigtar","p2id":"moboyplayspokemon","formatid":"gen9vgc2023regulationc","rating":0,"private":0,"password":""}