{"id":"gen9vgc2023regulationc-1854886908","p1":"Vengeful potato","p2":"TWICE is LOVE!","format":"[Gen 9] VGC 2023 Regulation C","log":"|j|\u2606Vengeful potato\n|j|\u2606TWICE is LOVE!\n|t:|1682877188\n|gametype|doubles\n|player|p1|Vengeful potato|swimmer-gen4|1214\n|player|p2|TWICE is LOVE!|clerkf|1288\n|teamsize|p1|6\n|teamsize|p2|6\n|gen|9\n|tier|[Gen 9] VGC 2023 Regulation C\n|rated|\n|rule|Species Clause: Limit one of each Pok\u00e9mon\n|rule|Item Clause: Limit one of each item\n|clearpoke\n|poke|p1|Dudunsparce-*, L50, M|\n|poke|p1|Flamigo, L50, F|\n|poke|p1|Tinkaton, L50, F|\n|poke|p1|Qwilfish, L50, M|\n|poke|p1|Appletun, L50, F|\n|poke|p1|Flutter Mane, L50|\n|poke|p2|Ting-Lu, L50|\n|poke|p2|Iron Hands, L50|\n|poke|p2|Armarouge, L50, F|\n|poke|p2|Indeedee-F, L50, F|\n|poke|p2|Maushold-Four, L50|\n|poke|p2|Annihilape, L50, F|\n|teampreview|4\n|inactive|Battle timer is ON: inactive players will automatically lose when time's up. (requested by TWICE is LOVE!)\n|inactive|Vengeful potato has 60 seconds left.\n|inactive|TWICE is LOVE! has 60 seconds left.\n|\n|t:|1682877249\n|start\n|switch|p1a: The Homie|Flamigo, L50, F, shiny|100\/100\n|switch|p1b: It\u2019s Sparcin\u2019 time|Dudunsparce, L50, M|100\/100\n|switch|p2a: Indeedee|Indeedee-F, L50, F, shiny|100\/100\n|switch|p2b: Ting-Lu|Ting-Lu, L50|100\/100\n|-fieldstart|move: Psychic Terrain|[from] ability: Psychic Surge|[of] p2a: Indeedee\n|-ability|p2b: Ting-Lu|Vessel of Ruin\n|turn|1\n|\n|t:|1682877261\n|move|p1a: The Homie|Taunt|p2a: Indeedee\n|-start|p2a: Indeedee|move: Taunt\n|move|p1b: It\u2019s Sparcin\u2019 time|Glare|p2b: Ting-Lu\n|-status|p2b: Ting-Lu|par\n|cant|p2a: Indeedee|move: Taunt|Reflect\n|move|p2b: Ting-Lu|Stealth Rock|p1a: The Homie\n|-sidestart|p1: Vengeful potato|move: Stealth Rock\n|\n|upkeep\n|turn|2\n|\n|t:|1682877280\n|move|p1a: The Homie|Close Combat|p2b: Ting-Lu\n|-supereffective|p2b: Ting-Lu\n|-damage|p2b: Ting-Lu|42\/100 par\n|-unboost|p1a: The Homie|def|1\n|-unboost|p1a: The Homie|spd|1\n|move|p1b: It\u2019s Sparcin\u2019 time|Glare|p2a: Indeedee\n|-status|p2a: Indeedee|par\n|cant|p2a: Indeedee|par\n|move|p2b: Ting-Lu|Ruination|p1a: The Homie\n|-damage|p1a: The Homie|51\/100\n|\n|-heal|p2b: Ting-Lu|49\/100 par|[from] item: Leftovers\n|upkeep\n|turn|3\n|inactive|TWICE is LOVE! has 30 seconds left.\n|\n|t:|1682877307\n|move|p1a: The Homie|Brave Bird|p2b: Ting-Lu\n|-damage|p2b: Ting-Lu|15\/100 par\n|-damage|p1a: The Homie|35\/100|[from] Recoil\n|move|p1b: It\u2019s Sparcin\u2019 time|Rock Slide|p2a: Indeedee|[spread] p2a,p2b\n|-resisted|p2b: Ting-Lu\n|-damage|p2a: Indeedee|86\/100 par\n|-damage|p2b: Ting-Lu|12\/100 par\n|move|p2a: Indeedee|Dazzling Gleam|p1a: The Homie|[spread] p1a,p1b\n|-supereffective|p1a: The Homie\n|-damage|p1a: The Homie|2\/100\n|-damage|p1b: It\u2019s Sparcin\u2019 time|90\/100\n|cant|p2b: Ting-Lu|flinch\n|\n|-heal|p2b: Ting-Lu|18\/100 par|[from] item: Leftovers\n|-end|p2a: Indeedee|move: Taunt\n|upkeep\n|turn|4\n|\n|t:|1682877326\n|move|p1a: The Homie|Close Combat|p2a: Indeedee\n|-damage|p2a: Indeedee|19\/100 par\n|-unboost|p1a: The Homie|def|1\n|-unboost|p1a: The Homie|spd|1\n|move|p1b: It\u2019s Sparcin\u2019 time|Rock Slide|p2a: Indeedee|[spread] p2a,p2b\n|-resisted|p2b: Ting-Lu\n|-damage|p2a: Indeedee|4\/100 par\n|-damage|p2b: Ting-Lu|15\/100 par\n|cant|p2a: Indeedee|flinch\n|cant|p2b: Ting-Lu|flinch\n|\n|-heal|p2b: Ting-Lu|21\/100 par|[from] item: Leftovers\n|upkeep\n|turn|5\n|inactive|TWICE is LOVE! has 30 seconds left.\n|\n|t:|1682877352\n|move|p1a: The Homie|Close Combat|p2b: Ting-Lu\n|-supereffective|p2b: Ting-Lu\n|-damage|p2b: Ting-Lu|0 fnt\n|-unboost|p1a: The Homie|def|1\n|-unboost|p1a: The Homie|spd|1\n|faint|p2b: Ting-Lu\n|move|p1b: It\u2019s Sparcin\u2019 time|Rock Slide|p2a: Indeedee\n|-damage|p2a: Indeedee|0 fnt\n|faint|p2a: Indeedee\n|\n|-fieldend|move: Psychic Terrain\n|upkeep\n|\n|t:|1682877362\n|switch|p2a: Maushold|Maushold-Four, L50|100\/100\n|switch|p2b: Annihilape|Annihilape, L50, F, shiny|100\/100\n|turn|6\n|\n|t:|1682877381\n|-terastallize|p2b: Annihilape|Steel\n|move|p2a: Maushold|Population Bomb|p1b: It\u2019s Sparcin\u2019 time\n|-damage|p1b: It\u2019s Sparcin\u2019 time|81\/100\n|-damage|p1b: It\u2019s Sparcin\u2019 time|71\/100\n|-damage|p1b: It\u2019s Sparcin\u2019 time|61\/100\n|-damage|p1b: It\u2019s Sparcin\u2019 time|50\/100\n|-enditem|p1b: It\u2019s Sparcin\u2019 time|Sitrus Berry|[eat]\n|-heal|p1b: It\u2019s Sparcin\u2019 time|75\/100|[from] item: Sitrus Berry\n|-damage|p1b: It\u2019s Sparcin\u2019 time|63\/100\n|-damage|p1b: It\u2019s Sparcin\u2019 time|53\/100\n|-damage|p1b: It\u2019s Sparcin\u2019 time|43\/100\n|-damage|p1b: It\u2019s Sparcin\u2019 time|33\/100\n|-damage|p1b: It\u2019s Sparcin\u2019 time|22\/100\n|-damage|p1b: It\u2019s Sparcin\u2019 time|11\/100\n|-hitcount|p1b: It\u2019s Sparcin\u2019 time|10\n|move|p1a: The Homie|Close Combat|p2a: Maushold\n|-supereffective|p2a: Maushold\n|-damage|p2a: Maushold|0 fnt\n|-unboost|p1a: The Homie|def|1\n|-unboost|p1a: The Homie|spd|1\n|faint|p2a: Maushold\n|move|p1b: It\u2019s Sparcin\u2019 time|Glare|p2b: Annihilape\n|-status|p2b: Annihilape|par\n|cant|p2b: Annihilape|par\n|\n|upkeep\n|turn|7\n|inactive|Vengeful potato has 30 seconds left.\n|inactive|TWICE is LOVE! has 30 seconds left.\n|-message|TWICE is LOVE! forfeited.\n|\n|win|Vengeful potato\n|raw|Vengeful potato's rating: 1214 → 1244<\/strong> (+30 for winning)\n|raw|TWICE is LOVE!'s rating: 1288 → 1258<\/strong> (-30 for losing)\n|l|\u2606TWICE is LOVE!\n","uploadtime":1682877413,"views":7,"p1id":"vengefulpotato","p2id":"twiceislove","formatid":"gen9vgc2023regulationc","rating":1244,"private":0,"password":""}