{"id":"gen9vgc2023regulationc-1860605499","p1":"Missed Ledgedash","p2":"Gastero","format":"[Gen 9] VGC 2023 Regulation C","log":"|j|\u2606Missed Ledgedash\n|j|\u2606Gastero\n|t:|1683658378\n|gametype|doubles\n|player|p1|Missed Ledgedash|juan-gen3|1361\n|player|p2|Gastero|lana|1397\n|teamsize|p1|6\n|teamsize|p2|6\n|gen|9\n|tier|[Gen 9] VGC 2023 Regulation C\n|rated|\n|rule|Species Clause: Limit one of each Pok\u00e9mon\n|rule|Item Clause: Limit one of each item\n|clearpoke\n|poke|p1|Flutter Mane, L50|\n|poke|p1|Arcanine, L50, M|\n|poke|p1|Amoonguss, L50, F|\n|poke|p1|Palafin, L50, M|\n|poke|p1|Corviknight, L50, M|\n|poke|p1|Iron Hands, L50|\n|poke|p2|Chi-Yu, L50|\n|poke|p2|Flutter Mane, L50|\n|poke|p2|Gyarados, L50, M|\n|poke|p2|Amoonguss, L50, F|\n|poke|p2|Dragonite, L50, F|\n|poke|p2|Gholdengo, L50|\n|teampreview|4\nMissed Ledgedash has agreed to open team sheets.\nGastero has agreed to open team sheets.\n|\n|t:|1683658427\n|start\n|switch|p1a: Flutter Mane|Flutter Mane, L50|100\/100\n|switch|p1b: Iron Hands|Iron Hands, L50|100\/100\n|switch|p2a: Amoonguss|Amoonguss, L50, F|100\/100\n|switch|p2b: Gholdengo|Gholdengo, L50|100\/100\n|turn|1\n|\n|t:|1683658439\n|move|p1b: Iron Hands|Fake Out|p2a: Amoonguss\n|-damage|p2a: Amoonguss|88\/100\n|-damage|p1b: Iron Hands|84\/100|[from] item: Rocky Helmet|[of] p2a: Amoonguss\n|move|p1a: Flutter Mane|Shadow Ball|p2b: Gholdengo\n|-supereffective|p2b: Gholdengo\n|-damage|p2b: Gholdengo|5\/100\n|move|p2b: Gholdengo|Nasty Plot|p2b: Gholdengo\n|-boost|p2b: Gholdengo|spa|2\n|cant|p2a: Amoonguss|flinch\n|\n|-heal|p2b: Gholdengo|11\/100|[from] item: Leftovers\n|upkeep\n|turn|2\n|\n|t:|1683658468\n|-terastallize|p1b: Iron Hands|Grass\n|move|p2b: Gholdengo|Protect|p2b: Gholdengo\n|-singleturn|p2b: Gholdengo|Protect\n|move|p1a: Flutter Mane|Shadow Ball|p2b: Gholdengo\n|-activate|p2b: Gholdengo|move: Protect\n|move|p1b: Iron Hands|Wild Charge|p2b: Gholdengo\n|-activate|p2b: Gholdengo|move: Protect\n|move|p2a: Amoonguss|Spore|p1a: Flutter Mane\n|-status|p1a: Flutter Mane|slp|[from] move: Spore\n|\n|-heal|p2b: Gholdengo|17\/100|[from] item: Leftovers\n|upkeep\n|turn|3\n|\n|t:|1683658487\n|cant|p1a: Flutter Mane|slp\n|move|p2b: Gholdengo|Make It Rain|p1b: Iron Hands|[spread] p1a,p1b\n|-supereffective|p1a: Flutter Mane\n|-damage|p1a: Flutter Mane|0 fnt\n|-damage|p1b: Iron Hands|40\/100\n|-unboost|p2b: Gholdengo|spa|1\n|faint|p1a: Flutter Mane\n|-end|p1a: Flutter Mane|Protosynthesis|[silent]\n|move|p1b: Iron Hands|Wild Charge|p2b: Gholdengo\n|-damage|p2b: Gholdengo|0 fnt\n|faint|p2b: Gholdengo\n|-damage|p1b: Iron Hands|37\/100|[from] Recoil\n|move|p2a: Amoonguss|Pollen Puff|p1b: Iron Hands\n|-supereffective|p1b: Iron Hands\n|-damage|p1b: Iron Hands|19\/100\n|\n|upkeep\n|\n|t:|1683658506\n|switch|p1a: Corviknight|Corviknight, L50, M|100\/100\n|switch|p2b: Dragonite|Dragonite, L50, F|100\/100\n|turn|4\n|\n|t:|1683658537\n|-end|p1b: Iron Hands|Quark Drive|[silent]\n|switch|p1b: Maurice|Arcanine, L50, M|100\/100\n|-ability|p1b: Maurice|Intimidate|boost\n|-unboost|p2a: Amoonguss|atk|1\n|-unboost|p2b: Dragonite|atk|1\n|move|p2b: Dragonite|Ice Spinner|p1b: Maurice\n|-resisted|p1b: Maurice\n|-damage|p1b: Maurice|87\/100\n|move|p1a: Corviknight|Substitute|p1a: Corviknight\n|-start|p1a: Corviknight|Substitute\n|-damage|p1a: Corviknight|76\/100\n|move|p2a: Amoonguss|Spore||[still]\n|-fail|p2a: Amoonguss\n|\n|-heal|p1a: Corviknight|82\/100|[from] item: Leftovers\n|upkeep\n|turn|5\n|\n|t:|1683658552\n|switch|p2a: Gyarados|Gyarados, L50, M|100\/100\n|-ability|p2a: Gyarados|Intimidate|boost\n|-immune|p1a: Corviknight\n|-unboost|p1b: Maurice|atk|1\n|move|p1b: Maurice|Flare Blitz|p2a: Gyarados\n|-resisted|p2a: Gyarados\n|-damage|p2a: Gyarados|81\/100\n|-damage|p1b: Maurice|79\/100|[from] Recoil\n|move|p2b: Dragonite|Ice Spinner|p1a: Corviknight\n|-activate|p1a: Corviknight|move: Substitute|[damage]\n|move|p1a: Corviknight|Bulk Up|p1a: Corviknight\n|-boost|p1a: Corviknight|atk|1\n|-boost|p1a: Corviknight|def|1\n|\n|-heal|p1a: Corviknight|88\/100|[from] item: Leftovers\n|upkeep\n|turn|6\n|\n|t:|1683658586\n|switch|p1b: Iron Hands|Iron Hands, L50, tera:Grass|19\/100\n|move|p2b: Dragonite|Ice Spinner|p1a: Corviknight\n|-end|p1a: Corviknight|Substitute\n|move|p2a: Gyarados|Waterfall|p1b: Iron Hands\n|-resisted|p1b: Iron Hands\n|-damage|p1b: Iron Hands|5\/100\n|move|p1a: Corviknight|Brave Bird|p2a: Gyarados\n|-damage|p2a: Gyarados|0 fnt\n|faint|p2a: Gyarados\n|-damage|p1a: Corviknight|61\/100|[from] Recoil\n|\n|-heal|p1a: Corviknight|67\/100|[from] item: Leftovers\n|upkeep\n|\n|t:|1683658590\n|switch|p2a: Amoonguss|Amoonguss, L50, F|100\/100\n|turn|7\n|\n|t:|1683658601\n|move|p1b: Iron Hands|Fake Out|p2b: Dragonite\n|-damage|p2b: Dragonite|93\/100\n|cant|p2b: Dragonite|flinch\n|move|p1a: Corviknight|Brave Bird|p2a: Amoonguss\n|-supereffective|p2a: Amoonguss\n|-damage|p2a: Amoonguss|0 fnt\n|-damage|p1a: Corviknight|50\/100|[from] item: Rocky Helmet|[of] p2a: Amoonguss\n|faint|p2a: Amoonguss\n|-damage|p1a: Corviknight|14\/100|[from] Recoil\n|\n|-heal|p1a: Corviknight|20\/100|[from] item: Leftovers\n|upkeep\n|turn|8\n|\n|t:|1683658619\n|-end|p1b: Iron Hands|Quark Drive|[silent]\n|switch|p1b: Maurice|Arcanine, L50, M|79\/100\n|-ability|p1b: Maurice|Intimidate|boost\n|-unboost|p2b: Dragonite|atk|1\n|move|p2b: Dragonite|Low Kick|p1a: Corviknight\n|-damage|p1a: Corviknight|11\/100\n|move|p1a: Corviknight|Roost|p1a: Corviknight\n|-heal|p1a: Corviknight|62\/100\n|-singleturn|p1a: Corviknight|move: Roost\n|\n|-heal|p1a: Corviknight|68\/100|[from] item: Leftovers\n|upkeep\n|turn|9\n|-message|Gastero forfeited.\n|\n|win|Missed Ledgedash\n|raw|Missed Ledgedash's rating: 1361 → 1383<\/strong> (+22 for winning)\n|raw|Gastero's rating: 1397 → 1375<\/strong> (-22 for losing)\n|l|\u2606Gastero\n","uploadtime":1683658634,"views":12,"p1id":"missedledgedash","p2id":"gastero","formatid":"gen9vgc2023regulationc","rating":1375,"private":0,"password":""}