{"id":"gen9vgc2023regulationc-1845896354","p1":"AttackOnBacklog","p2":"Obvaltisobv","format":"[Gen 9] VGC 2023 Regulation C","log":"|j|\u2606AttackOnBacklog\n|j|\u2606Obvaltisobv\n|t:|1681776598\n|gametype|doubles\n|player|p1|AttackOnBacklog|benga|1408\n|player|p2|Obvaltisobv|2|1321\n|teamsize|p1|6\n|teamsize|p2|6\n|gen|9\n|tier|[Gen 9] VGC 2023 Regulation C\n|rated|\n|rule|Species Clause: Limit one of each Pok\u00e9mon\n|rule|Item Clause: Limit one of each item\n|clearpoke\n|poke|p1|Azumarill, L50, M|\n|poke|p1|Amoonguss, L50, F|\n|poke|p1|Arcanine, L50, F|\n|poke|p1|Chien-Pao, L50|\n|poke|p1|Roaring Moon, L50|\n|poke|p1|Gholdengo, L50|\n|poke|p2|Hatterene, L50, F|\n|poke|p2|Bronzong, L50|\n|poke|p2|Toxicroak, L50, M|\n|poke|p2|Rotom-Wash, L50|\n|poke|p2|Garchomp, L50, F|\n|poke|p2|Tyranitar, L50, F|\n|teampreview|4\n|inactive|Battle timer is ON: inactive players will automatically lose when time's up. (requested by AttackOnBacklog)\nAttackOnBacklog has agreed to open team sheets.\n|inactive|Obvaltisobv has 60 seconds left.\n|\n|t:|1681776633\n|start\n|switch|p1a: Amoonguss|Amoonguss, L50, F, shiny|100\/100\n|switch|p1b: Gholdengo|Gholdengo, L50|100\/100\n|switch|p2a: Bronzong|Bronzong, L50|100\/100\n|switch|p2b: Toxicroak|Toxicroak, L50, M|100\/100\n|turn|1\n|\n|t:|1681776659\n|move|p2b: Toxicroak|Fake Out|p1a: Amoonguss\n|-damage|p1a: Amoonguss|91\/100\n|cant|p1a: Amoonguss|flinch\n|move|p1b: Gholdengo|Shadow Ball|p2a: Bronzong\n|-supereffective|p2a: Bronzong\n|-damage|p2a: Bronzong|4\/100\n|move|p2a: Bronzong|Safeguard|p2a: Bronzong\n|-sidestart|p2: Obvaltisobv|Safeguard\n|\n|upkeep\n|turn|2\n|inactive|AttackOnBacklog has 30 seconds left.\n|\n|t:|1681776685\n|move|p1a: Amoonguss|Rage Powder|p1a: Amoonguss\n|-singleturn|p1a: Amoonguss|move: Rage Powder\n|move|p1b: Gholdengo|Shadow Ball|p2a: Bronzong\n|-supereffective|p2a: Bronzong\n|-damage|p2a: Bronzong|0 fnt\n|faint|p2a: Bronzong\n|move|p2b: Toxicroak|Gunk Shot|p1a: Amoonguss\n|-damage|p1a: Amoonguss|48\/100\n|\n|upkeep\n|\n|t:|1681776699\n|switch|p2a: Tyranitar|Tyranitar, L50, F|100\/100\n|-weather|Sandstorm|[from] ability: Sand Stream|[of] p2a: Tyranitar\n|turn|3\n|\n|t:|1681776720\n|switch|p1a: Arcanine|Arcanine, L50, F, shiny|100\/100\n|-ability|p1a: Arcanine|Intimidate|boost\n|-unboost|p2a: Tyranitar|atk|1\n|-unboost|p2b: Toxicroak|atk|1\n|-terastallize|p1b: Gholdengo|Flying\n|move|p1b: Gholdengo|Shadow Ball|p2b: Toxicroak\n|-damage|p2b: Toxicroak|52\/100\n|move|p2b: Toxicroak|Gunk Shot|p1a: Arcanine\n|-damage|p1a: Arcanine|62\/100\n|move|p2a: Tyranitar|Dragon Dance|p2a: Tyranitar\n|-boost|p2a: Tyranitar|atk|1\n|-boost|p2a: Tyranitar|spe|1\n|\n|-weather|Sandstorm|[upkeep]\n|-damage|p1b: Gholdengo|95\/100|[from] Sandstorm\n|-damage|p1a: Arcanine|56\/100|[from] Sandstorm\n|-damage|p2b: Toxicroak|46\/100|[from] Sandstorm\n|upkeep\n|turn|4\n|inactive|Obvaltisobv has 30 seconds left.\n|\n|t:|1681776753\n|move|p1b: Gholdengo|Shadow Ball|p2b: Toxicroak\n|-damage|p2b: Toxicroak|0 fnt\n|faint|p2b: Toxicroak\n|move|p2a: Tyranitar|Rock Slide|p1a: Arcanine|[spread] p1a,p1b\n|-supereffective|p1a: Arcanine\n|-supereffective|p1b: Gholdengo\n|-damage|p1a: Arcanine|0 fnt\n|-damage|p1b: Gholdengo|33\/100\n|faint|p1a: Arcanine\n|\n|-weather|Sandstorm|[upkeep]\n|-damage|p1b: Gholdengo|27\/100|[from] Sandstorm\n|upkeep\n|\n|t:|1681776763\n|switch|p1a: Azumarill|Azumarill, L50, M, shiny|100\/100\n|switch|p2b: Hatterene|Hatterene, L50, F|100\/100\n|turn|5\n|\n|t:|1681776778\n|move|p2b: Hatterene|Protect|p2b: Hatterene\n|-singleturn|p2b: Hatterene|Protect\n|move|p1b: Gholdengo|Shadow Ball|p2a: Tyranitar\n|-resisted|p2a: Tyranitar\n|-damage|p2a: Tyranitar|81\/100\n|move|p2a: Tyranitar|Rock Slide|p1a: Azumarill|[spread] p1a,p1b\n|-supereffective|p1b: Gholdengo\n|-damage|p1a: Azumarill|70\/100\n|-damage|p1b: Gholdengo|0 fnt\n|faint|p1b: Gholdengo\n|move|p1a: Azumarill|Play Rough|p2a: Tyranitar\n|-supereffective|p2a: Tyranitar\n|-damage|p2a: Tyranitar|4\/100\n|-enditem|p2a: Tyranitar|Weakness Policy\n|-boost|p2a: Tyranitar|atk|2|[from] item: Weakness Policy\n|-boost|p2a: Tyranitar|spa|2|[from] item: Weakness Policy\n|\n|-weather|Sandstorm|[upkeep]\n|-damage|p1a: Azumarill|64\/100|[from] Sandstorm\n|-damage|p2b: Hatterene|94\/100|[from] Sandstorm\n|-sideend|p2: Obvaltisobv|Safeguard\n|upkeep\n|\n|t:|1681776791\n|switch|p1b: Amoonguss|Amoonguss, L50, F, shiny|81\/100\n|turn|6\n|\n|t:|1681776801\n|-terastallize|p2b: Hatterene|Psychic\n|move|p2a: Tyranitar|Protect|p2a: Tyranitar\n|-singleturn|p2a: Tyranitar|Protect\n|move|p1b: Amoonguss|Protect|p1b: Amoonguss\n|-singleturn|p1b: Amoonguss|Protect\n|move|p1a: Azumarill|Aqua Jet|p2a: Tyranitar\n|-activate|p2a: Tyranitar|move: Protect\n|move|p2b: Hatterene|Psychic|p1a: Azumarill\n|-damage|p1a: Azumarill|0 fnt\n|faint|p1a: Azumarill\n|-damage|p2b: Hatterene|85\/100|[from] item: Life Orb\n|\n|-weather|Sandstorm|[upkeep]\n|-damage|p1b: Amoonguss|75\/100|[from] Sandstorm\n|-damage|p2b: Hatterene|79\/100|[from] Sandstorm\n|upkeep\n|turn|7\n|-message|AttackOnBacklog forfeited.\n|\n|win|Obvaltisobv\n|raw|AttackOnBacklog's rating: 1408 → 1383<\/strong> (-25 for losing)\n|raw|Obvaltisobv's rating: 1321 → 1346<\/strong> (+25 for winning)\n|l|\u2606AttackOnBacklog\n","uploadtime":1681776824,"views":50,"p1id":"attackonbacklog","p2id":"obvaltisobv","formatid":"gen9vgc2023regulationc","rating":1346,"private":0,"password":""}