{"id":"gen9vgc2023regulationc-1847659360","p1":"he040920","p2":"yumenokoko","format":"[Gen 9] VGC 2023 Regulation C","log":"|j|\u2606he040920\n|j|\u2606yumenokoko\n|t:|1681988936\n|gametype|doubles\n|player|p1|he040920|170|1000\n|player|p2|yumenokoko|erika|1005\n|teamsize|p1|6\n|teamsize|p2|6\n|gen|9\n|tier|[Gen 9] VGC 2023 Regulation C\n|rated|\n|rule|Species Clause: Limit one of each Pok\u00e9mon\n|rule|Item Clause: Limit one of each item\n|clearpoke\n|poke|p1|Palafin, L50, F|\n|poke|p1|Chien-Pao, L50|\n|poke|p1|Dragapult, L50, F|\n|poke|p1|Amoonguss, L50, M|\n|poke|p1|Arcanine, L50, M|\n|poke|p1|Flutter Mane, L50|\n|poke|p2|Lilligant, L50, F|\n|poke|p2|Oricorio, L50, F|\n|poke|p2|Lumineon, L50, F|\n|poke|p2|Volcarona, L50, F|\n|poke|p2|Iron Moth, L50|\n|poke|p2|Flutter Mane, L50|\n|teampreview|4\n|inactive|Battle timer is ON: inactive players will automatically lose when time's up. (requested by he040920)\n|inactive|yumenokoko also wants the timer to be on.\n|inactive|he040920 has 60 seconds left.\n|\n|t:|1681988981\n|start\n|switch|p1a: Dozo|Palafin, L50, F|100\/100\n|switch|p1b: Mimi|Flutter Mane, L50|100\/100\n|switch|p2a: Lilligant|Lilligant, L50, F, shiny|100\/100\n|switch|p2b: Oricorio|Oricorio, L50, F, shiny|100\/100\n|-enditem|p1b: Mimi|Booster Energy\n|-activate|p1b: Mimi|ability: Protosynthesis|[fromitem]\n|-start|p1b: Mimi|protosynthesisspa\n|turn|1\n|inactive|he040920 has 30 seconds left.\n|\n|t:|1681989007\n|detailschange|p1a: Dozo|Palafin-Hero, L50, F\n|switch|p1a: Dnite|Dragapult, L50, F|100\/100\n|-terastallize|p1b: Mimi|Fairy\n|move|p1b: Mimi|Dazzling Gleam|p2a: Lilligant|[spread] p2a,p2b\n|-resisted|p2b: Oricorio\n|-damage|p2a: Lilligant|16\/100\n|-damage|p2b: Oricorio|72\/100\n|move|p2a: Lilligant|Sleep Powder|p1b: Mimi\n|-status|p1b: Mimi|slp|[from] move: Sleep Powder\n|move|p2b: Oricorio|Teeter Dance|p1b: Mimi|[spread] p2a,p1a,p1b\n|-immune|p2a: Lilligant|confusion|[from] ability: Own Tempo\n|-start|p1a: Dnite|confusion\n|-start|p1b: Mimi|confusion\n|\n|upkeep\n|turn|2\n|c|\u2606he040920|ooow\n|inactive|he040920 has 30 seconds left.\n|inactive|he040920 has 20 seconds left.\n|inactive|he040920 has 15 seconds left.\n|inactive|he040920 has 10 seconds left.\n|inactive|he040920 has 5 seconds left.\n|\n|t:|1681989061\n|-activate|p1a: Dnite|confusion\n|-damage|p1a: Dnite|83\/100|[from] confusion\n|cant|p1b: Mimi|slp\n|move|p2a: Lilligant|Quiver Dance|p2a: Lilligant\n|-boost|p2a: Lilligant|spa|1\n|-boost|p2a: Lilligant|spd|1\n|-boost|p2a: Lilligant|spe|1\n|-activate|p2b: Oricorio|ability: Dancer\n|move|p2b: Oricorio|Quiver Dance|p2b: Oricorio|[from]ability: Dancer\n|-boost|p2b: Oricorio|spa|1\n|-boost|p2b: Oricorio|spd|1\n|-boost|p2b: Oricorio|spe|1\n|move|p2b: Oricorio|Air Slash|p1a: Dnite\n|-damage|p1a: Dnite|35\/100\n|\n|upkeep\n|turn|3\n|\n|t:|1681989080\n|move|p2a: Lilligant|Quiver Dance|p2a: Lilligant\n|-boost|p2a: Lilligant|spa|1\n|-boost|p2a: Lilligant|spd|1\n|-boost|p2a: Lilligant|spe|1\n|-activate|p2b: Oricorio|ability: Dancer\n|move|p2b: Oricorio|Quiver Dance|p2b: Oricorio|[from]ability: Dancer\n|-boost|p2b: Oricorio|spa|1\n|-boost|p2b: Oricorio|spd|1\n|-boost|p2b: Oricorio|spe|1\n|move|p2b: Oricorio|Air Slash|p1a: Dnite\n|-damage|p1a: Dnite|0 fnt\n|faint|p1a: Dnite\n|-curestatus|p1b: Mimi|slp|[msg]\n|-activate|p1b: Mimi|confusion\n|-damage|p1b: Mimi|94\/100|[from] confusion\n|\n|upkeep\n|c|\u2606he040920|gg\n|\n|t:|1681989095\n|switch|p1a: Dozo|Palafin-Hero, L50, F|100\/100\n|-activate|p1a: Dozo|ability: Zero to Hero\n|turn|4\n|\n|t:|1681989104\n|move|p1a: Dozo|Jet Punch|p2a: Lilligant\n|-resisted|p2a: Lilligant\n|-damage|p2a: Lilligant|0 fnt\n|faint|p2a: Lilligant\n|move|p2b: Oricorio|Air Slash|p1b: Mimi\n|-damage|p1b: Mimi|41\/100\n|-activate|p1b: Mimi|confusion\n|-damage|p1b: Mimi|35\/100|[from] confusion\n|\n|upkeep\n|\n|t:|1681989114\n|switch|p2a: Volcarona|Volcarona, L50, F, shiny|100\/100\n|turn|5\n|\n|t:|1681989124\n|-terastallize|p2a: Volcarona|Ghost\n|move|p1a: Dozo|Jet Punch|p2a: Volcarona\n|-damage|p2a: Volcarona|56\/100\n|move|p2b: Oricorio|Air Slash|p1a: Dozo\n|-damage|p1a: Dozo|49\/100\n|-end|p1b: Mimi|confusion\n|move|p1b: Mimi|Moonblast|p2b: Oricorio\n|-resisted|p2b: Oricorio\n|-damage|p2b: Oricorio|50\/100\n|move|p2a: Volcarona|Fiery Dance|p1b: Mimi\n|-damage|p1b: Mimi|2\/100\n|-boost|p2a: Volcarona|spa|1\n|-activate|p2b: Oricorio|ability: Dancer\n|move|p2b: Oricorio|Fiery Dance|p1b: Mimi|[from]ability: Dancer\n|-damage|p1b: Mimi|0 fnt\n|-boost|p2b: Oricorio|spa|1\n|faint|p1b: Mimi\n|-end|p1b: Mimi|Protosynthesis|[silent]\n|\n|-heal|p2a: Volcarona|62\/100|[from] item: Leftovers\n|upkeep\n|\n|t:|1681989144\n|switch|p1b: Bundle|Chien-Pao, L50|100\/100\n|-ability|p1b: Bundle|Sword of Ruin\n|turn|6\n|\n|t:|1681989156\n|move|p1b: Bundle|Protect|p1b: Bundle\n|-singleturn|p1b: Bundle|Protect\n|move|p1a: Dozo|Protect|p1a: Dozo\n|-singleturn|p1a: Dozo|Protect\n|move|p2b: Oricorio|Roost|p2b: Oricorio\n|-heal|p2b: Oricorio|99\/100\n|-singleturn|p2b: Oricorio|move: Roost\n|move|p2a: Volcarona|Fiery Dance|p1b: Bundle\n|-activate|p1b: Bundle|move: Protect\n|\n|-heal|p2a: Volcarona|68\/100|[from] item: Leftovers\n|upkeep\n|turn|7\n|\n|t:|1681989179\n|move|p1b: Bundle|Sucker Punch|p2a: Volcarona\n|-supereffective|p2a: Volcarona\n|-damage|p2a: Volcarona|0 fnt\n|-status|p1b: Bundle|brn|[from] ability: Flame Body|[of] p2a: Volcarona\n|faint|p2a: Volcarona\n|move|p2b: Oricorio|Air Slash|p1a: Dozo\n|-damage|p1a: Dozo|0 fnt\n|faint|p1a: Dozo\n|\n|-damage|p1b: Bundle|95\/100 brn|[from] brn\n|upkeep\n|\n|t:|1681989191\n|switch|p2a: Lumineon|Lumineon, L50, F, shiny|100\/100\n|turn|8\n|\n|t:|1681989206\n|move|p2b: Oricorio|Revelation Dance|p1b: Bundle\n|-supereffective|p1b: Bundle\n|-damage|p1b: Bundle|0 fnt\n|faint|p1b: Bundle\n|\n|win|yumenokoko\n|raw|he040920's rating: 1000 → 1000<\/strong> (+0 for losing)\n|raw|yumenokoko's rating: 1005 → 1044<\/strong> (+39 for winning)\n|l|\u2606he040920\n","uploadtime":1681989481,"views":11,"p1id":"he040920","p2id":"yumenokoko","formatid":"gen9vgc2023regulationc","rating":1000,"private":0,"password":""}