{"id":"gen9vgc2023regulationc-1852122946","p1":"pupulovessixsheep","p2":"Iono_1118","format":"[Gen 9] VGC 2023 Regulation C","log":"|j|\u2606pupulovessixsheep\n|j|\u2606Iono_1118\n|t:|1682525999\n|gametype|doubles\n|player|p1|pupulovessixsheep|169|1335\n|player|p2|Iono_1118|iono|1391\n|teamsize|p1|6\n|teamsize|p2|6\n|gen|9\n|tier|[Gen 9] VGC 2023 Regulation C\n|rated|\n|rule|Species Clause: Limit one of each Pok\u00e9mon\n|rule|Item Clause: Limit one of each item\n|clearpoke\n|poke|p1|Talonflame, L50, M|\n|poke|p1|Chi-Yu, L50|\n|poke|p1|Flutter Mane, L50|\n|poke|p1|Amoonguss, L50, F|\n|poke|p1|Tyranitar, L50, F|\n|poke|p1|Houndstone, L50, M|\n|poke|p2|Bellibolt, L50, M|\n|poke|p2|Wo-Chien, L50|\n|poke|p2|Scizor, L50, M|\n|poke|p2|Arcanine, L50, M|\n|poke|p2|Flutter Mane, L50|\n|poke|p2|Baxcalibur, L50, M|\n|teampreview|4\n|inactive|Battle timer is ON: inactive players will automatically lose when time's up. (requested by pupulovessixsheep)\n|\n|t:|1682526017\n|start\n|switch|p1a: Tyranitar|Tyranitar, L50, F, shiny|100\/100\n|switch|p1b: Amoonguss|Amoonguss, L50, F|100\/100\n|switch|p2a: Bellibolt|Bellibolt, L50, M, shiny|100\/100\n|switch|p2b: Baxcalibur|Baxcalibur, L50, M, shiny|100\/100\n|-weather|Sandstorm|[from] ability: Sand Stream|[of] p1a: Tyranitar\n|turn|1\n|inactive|pupulovessixsheep has 30 seconds left.\n|inactive|pupulovessixsheep has 20 seconds left.\n|inactive|pupulovessixsheep has 15 seconds left.\n|inactive|pupulovessixsheep has 10 seconds left.\n|\n|t:|1682526063\n|move|p2b: Baxcalibur|Protect|p2b: Baxcalibur\n|-singleturn|p2b: Baxcalibur|Protect\n|move|p1b: Amoonguss|Rage Powder|p1b: Amoonguss\n|-singleturn|p1b: Amoonguss|move: Rage Powder\n|move|p1a: Tyranitar|Dragon Dance|p1a: Tyranitar\n|-boost|p1a: Tyranitar|atk|1\n|-boost|p1a: Tyranitar|spe|1\n|move|p2a: Bellibolt|Parabolic Charge|p1a: Tyranitar|[spread] p1a,p1b\n|-activate|p2b: Baxcalibur|move: Protect\n|-resisted|p1b: Amoonguss\n|-damage|p1a: Tyranitar|87\/100\n|-damage|p1b: Amoonguss|91\/100\n|\n|-weather|Sandstorm|[upkeep]\n|-damage|p2b: Baxcalibur|95\/100|[from] Sandstorm\n|-damage|p2a: Bellibolt|95\/100|[from] Sandstorm\n|-damage|p1b: Amoonguss|85\/100|[from] Sandstorm\n|-heal|p1b: Amoonguss|91\/100|[from] item: Leftovers\n|upkeep\n|turn|2\n|inactive|Iono_1118 has 30 seconds left.\n|\n|t:|1682526096\n|-terastallize|p2b: Baxcalibur|Fire\n|move|p1b: Amoonguss|Rage Powder|p1b: Amoonguss\n|-singleturn|p1b: Amoonguss|move: Rage Powder\n|move|p1a: Tyranitar|Dragon Dance|p1a: Tyranitar\n|-boost|p1a: Tyranitar|atk|1\n|-boost|p1a: Tyranitar|spe|1\n|move|p2b: Baxcalibur|Icicle Spear|p1b: Amoonguss\n|-supereffective|p1b: Amoonguss\n|-damage|p1b: Amoonguss|67\/100\n|-supereffective|p1b: Amoonguss\n|-damage|p1b: Amoonguss|42\/100\n|-supereffective|p1b: Amoonguss\n|-damage|p1b: Amoonguss|18\/100\n|-supereffective|p1b: Amoonguss\n|-damage|p1b: Amoonguss|0 fnt\n|faint|p1b: Amoonguss\n|-hitcount|p1: Amoonguss|4\n|move|p2a: Bellibolt|Parabolic Charge|p1a: Tyranitar|[spread] p2b,p1a\n|-crit|p2b: Baxcalibur\n|-damage|p2b: Baxcalibur|63\/100\n|-heal|p2a: Bellibolt|100\/100|[from] drain|[of] p2b: Baxcalibur\n|-damage|p1a: Tyranitar|73\/100\n|\n|-weather|Sandstorm|[upkeep]\n|-damage|p2b: Baxcalibur|57\/100|[from] Sandstorm\n|-damage|p2a: Bellibolt|95\/100|[from] Sandstorm\n|upkeep\n|inactive|pupulovessixsheep has 30 seconds left.\n|\n|t:|1682526124\n|switch|p1b: Chi-Yu|Chi-Yu, L50|100\/100\n|-ability|p1b: Chi-Yu|Beads of Ruin\n|turn|3\n|\n|t:|1682526130\n|move|p2b: Baxcalibur|Protect|p2b: Baxcalibur\n|-singleturn|p2b: Baxcalibur|Protect\n|move|p1a: Tyranitar|Rock Slide|p2a: Bellibolt|[spread] p2a\n|-activate|p2b: Baxcalibur|move: Protect\n|-damage|p2a: Bellibolt|54\/100\n|-start|p2a: Bellibolt|Charge|Rock Slide|[from] ability: Electromorphosis\n|move|p1b: Chi-Yu|Heat Wave|p2b: Baxcalibur|[spread] p2a\n|-activate|p2b: Baxcalibur|move: Protect\n|-crit|p2a: Bellibolt\n|-damage|p2a: Bellibolt|0 fnt\n|faint|p2a: Bellibolt\n|\n|-weather|Sandstorm|[upkeep]\n|-damage|p1b: Chi-Yu|94\/100|[from] Sandstorm\n|-damage|p2b: Baxcalibur|51\/100|[from] Sandstorm\n|upkeep\n|\n|t:|1682526148\n|switch|p2a: Scizor|Scizor, L50, M, shiny|100\/100\n|turn|4\n|\n|t:|1682526159\n|-terastallize|p1a: Tyranitar|Fire\n|move|p2a: Scizor|Protect|p2a: Scizor\n|-singleturn|p2a: Scizor|Protect\n|move|p1b: Chi-Yu|Heat Wave|p2a: Scizor|[spread] \n|-activate|p2a: Scizor|move: Protect\n|-miss|p1b: Chi-Yu|p2b: Baxcalibur\n|move|p1a: Tyranitar|Rock Slide|p2a: Scizor|[spread] p2b\n|-activate|p2a: Scizor|move: Protect\n|-supereffective|p2b: Baxcalibur\n|-damage|p2b: Baxcalibur|0 fnt\n|faint|p2b: Baxcalibur\n|\n|-weather|Sandstorm|[upkeep]\n|-damage|p1a: Tyranitar|67\/100|[from] Sandstorm\n|-damage|p1b: Chi-Yu|88\/100|[from] Sandstorm\n|upkeep\n|\n|t:|1682526172\n|switch|p2b: Wo-Chien|Wo-Chien, L50|100\/100\n|-ability|p2b: Wo-Chien|Tablets of Ruin\n|turn|5\n|\n|t:|1682526184\n|move|p1a: Tyranitar|Fire Punch|p2b: Wo-Chien\n|-supereffective|p2b: Wo-Chien\n|-damage|p2b: Wo-Chien|10\/100\n|move|p1b: Chi-Yu|Heat Wave|p2b: Wo-Chien|[spread] p2a,p2b\n|-supereffective|p2a: Scizor\n|-supereffective|p2b: Wo-Chien\n|-damage|p2a: Scizor|0 fnt\n|-damage|p2b: Wo-Chien|0 fnt\n|faint|p2a: Scizor\n|faint|p2b: Wo-Chien\n|\n|win|pupulovessixsheep\n|raw|pupulovessixsheep's rating: 1335 → 1358<\/strong> (+23 for winning)\n|raw|Iono_1118's rating: 1391 → 1368<\/strong> (-23 for losing)\n","uploadtime":1682526196,"views":18,"p1id":"pupulovessixsheep","p2id":"iono1118","formatid":"gen9vgc2023regulationc","rating":1358,"private":0,"password":""}