{"id":"gen9vgc2023regulationc-1846957174","p1":"SunmonS","p2":"achai","format":"[Gen 9] VGC 2023 Regulation C","log":"|j|\u2606SunmonS\n|j|\u2606achai\n|t:|1681905954\n|gametype|doubles\n|player|p1|SunmonS|2|1138\n|player|p2|achai|102|1100\n|teamsize|p1|6\n|teamsize|p2|6\n|gen|9\n|tier|[Gen 9] VGC 2023 Regulation C\n|rated|\n|rule|Species Clause: Limit one of each Pok\u00e9mon\n|rule|Item Clause: Limit one of each item\n|clearpoke\n|poke|p1|Chien-Pao, L50|\n|poke|p1|Flutter Mane, L50|\n|poke|p1|Chi-Yu, L50|\n|poke|p1|Iron Hands, L50|\n|poke|p1|Ting-Lu, L50|\n|poke|p1|Mimikyu, L50, M|\n|poke|p2|Annihilape, L50, M|\n|poke|p2|Grimmsnarl, L50, M|\n|poke|p2|Glimmora, L50, F|\n|poke|p2|Wo-Chien, L50|\n|poke|p2|Ting-Lu, L50|\n|poke|p2|Maushold, L50|\n|teampreview|4\n|inactive|Battle timer is ON: inactive players will automatically lose when time's up. (requested by SunmonS)\n|inactive|SunmonS has 60 seconds left.\n|\n|t:|1681906022\n|start\n|switch|p1a: Iron Hands|Iron Hands, L50|100\/100\n|switch|p1b: Ting-Lu|Ting-Lu, L50|100\/100\n|switch|p2a: Glimmora|Glimmora, L50, F|100\/100\n|switch|p2b: Grimmsnarl|Grimmsnarl, L50, M|100\/100\n|-ability|p1b: Ting-Lu|Vessel of Ruin\n|turn|1\n|\n|t:|1681906039\n|move|p2a: Glimmora|Spiky Shield|p2a: Glimmora\n|-singleturn|p2a: Glimmora|move: Protect\n|move|p2b: Grimmsnarl|Reflect|p2b: Grimmsnarl\n|-sidestart|p2: achai|Reflect\n|move|p1a: Iron Hands|Belly Drum|p1a: Iron Hands\n|-damage|p1a: Iron Hands|50\/100\n|-setboost|p1a: Iron Hands|atk|6|[from] move: Belly Drum\n|-enditem|p1a: Iron Hands|Sitrus Berry|[eat]\n|-heal|p1a: Iron Hands|75\/100|[from] item: Sitrus Berry\n|move|p1b: Ting-Lu|Fissure|p2b: Grimmsnarl\n|-damage|p2b: Grimmsnarl|0 fnt\n|faint|p2b: Grimmsnarl\n|-ohko\n|\n|upkeep\n|\n|t:|1681906057\n|switch|p2b: Wo-Chien|Wo-Chien, L50|100\/100\n|-ability|p2b: Wo-Chien|Tablets of Ruin\n|turn|2\n|inactive|SunmonS has 30 seconds left.\n|\n|t:|1681906084\n|move|p2a: Glimmora|Sludge Bomb|p1a: Iron Hands\n|-damage|p1a: Iron Hands|45\/100\n|move|p2b: Wo-Chien|Foul Play|p1a: Iron Hands\n|-resisted|p1a: Iron Hands\n|-damage|p1a: Iron Hands|0 fnt\n|faint|p1a: Iron Hands\n|-end|p1a: Iron Hands|Quark Drive|[silent]\n|move|p1b: Ting-Lu|Fissure|p2a: Glimmora\n|-enditem|p2a: Glimmora|Focus Sash\n|-damage|p2a: Glimmora|1\/100\n|-activate|p2a: Glimmora|ability: Toxic Debris\n|-sidestart|p1: SunmonS|move: Toxic Spikes\n|\n|upkeep\n|inactive|SunmonS has 30 seconds left.\n|inactive|SunmonS has 20 seconds left.\n|inactive|SunmonS has 15 seconds left.\n|\n|t:|1681906124\n|switch|p1a: Chien-Pao|Chien-Pao, L50|100\/100\n|-status|p1a: Chien-Pao|psn\n|-ability|p1a: Chien-Pao|Sword of Ruin\n|turn|3\n|inactive|SunmonS has 30 seconds left.\n|\n|t:|1681906150\n|move|p1a: Chien-Pao|Ice Spinner|p2b: Wo-Chien\n|-supereffective|p2b: Wo-Chien\n|-damage|p2b: Wo-Chien|61\/100\n|move|p2a: Glimmora|Sludge Bomb|p1a: Chien-Pao\n|-damage|p1a: Chien-Pao|36\/100 psn\n|move|p2b: Wo-Chien|Leech Seed|p1b: Ting-Lu\n|-start|p1b: Ting-Lu|move: Leech Seed\n|move|p1b: Ting-Lu|Fissure|p2b: Wo-Chien\n|-damage|p2b: Wo-Chien|0 fnt\n|faint|p2b: Wo-Chien\n|-ohko\n|\n|-damage|p1a: Chien-Pao|24\/100 psn|[from] psn\n|upkeep\n|\n|t:|1681906167\n|switch|p2b: Annihilape|Annihilape, L50, M|100\/100\n|turn|4\n|inactive|SunmonS has 30 seconds left.\n|inactive|SunmonS has 20 seconds left.\n|inactive|SunmonS has 15 seconds left.\n|inactive|SunmonS has 10 seconds left.\n|\n|t:|1681906215\n|move|p1a: Chien-Pao|Protect|p1a: Chien-Pao\n|-singleturn|p1a: Chien-Pao|Protect\n|move|p2b: Annihilape|Protect|p2b: Annihilape\n|-singleturn|p2b: Annihilape|Protect\n|move|p2a: Glimmora|Spiky Shield|p2a: Glimmora\n|-singleturn|p2a: Glimmora|move: Protect\n|move|p1b: Ting-Lu|Stomping Tantrum|p2a: Glimmora\n|-activate|p2a: Glimmora|move: Protect\n|-damage|p1b: Ting-Lu|88\/100|[from] Spiky Shield|[of] p2a: Glimmora\n|\n|-damage|p1b: Ting-Lu|76\/100|[from] Leech Seed|[of] p2b: Annihilape\n|-damage|p1a: Chien-Pao|12\/100 psn|[from] psn\n|upkeep\n|turn|5\n|inactive|SunmonS has 30 seconds left.\n|inactive|achai has 30 seconds left.\n|\n|t:|1681906245\n|-terastallize|p1b: Ting-Lu|Grass\n|move|p1a: Chien-Pao|Ice Spinner|p2a: Glimmora\n|-damage|p2a: Glimmora|0 fnt\n|-activate|p2a: Glimmora|ability: Toxic Debris\n|-sidestart|p1: SunmonS|move: Toxic Spikes\n|faint|p2a: Glimmora\n|move|p2b: Annihilape|Bulk Up|p2b: Annihilape\n|-boost|p2b: Annihilape|atk|1\n|-boost|p2b: Annihilape|def|1\n|move|p1b: Ting-Lu|Fissure|p2b: Annihilape\n|-damage|p2b: Annihilape|0 fnt\n|faint|p2b: Annihilape\n|-ohko\n|\n|win|SunmonS\n|raw|SunmonS's rating: 1138 → 1160<\/strong> (+22 for winning)\n|raw|achai's rating: 1100 → 1078<\/strong> (-22 for losing)\n|l|\u2606SunmonS\n","uploadtime":1681906309,"views":20,"p1id":"sunmons","p2id":"achai","formatid":"gen9vgc2023regulationc","rating":1078,"private":0,"password":""}