{"id":"gen9vgc2023regulationc-1863297662","p1":"R2VGC","p2":"nwaggie","format":"[Gen 9] VGC 2023 Regulation C","log":"|j|\u2606R2VGC\n|j|\u2606nwaggie\n|t:|1683999377\n|gametype|doubles\n|player|p1|R2VGC|102|1189\n|player|p2|nwaggie|170|1297\n|teamsize|p1|6\n|teamsize|p2|6\n|gen|9\n|tier|[Gen 9] VGC 2023 Regulation C\n|rated|\n|rule|Species Clause: Limit one of each Pok\u00e9mon\n|rule|Item Clause: Limit one of each item\n|clearpoke\n|poke|p1|Amoonguss, L50, F|\n|poke|p1|Arcanine, L50, M|\n|poke|p1|Flutter Mane, L50|\n|poke|p1|Kingambit, L50, F|\n|poke|p1|Palafin, L50, F|\n|poke|p1|Baxcalibur, L50, M|\n|poke|p2|Tyranitar, L50, M|\n|poke|p2|Ting-Lu, L50|\n|poke|p2|Lycanroc, L50, F|\n|poke|p2|Murkrow, L50, F|\n|poke|p2|Gholdengo, L50|\n|poke|p2|Volcarona, L50, M|\n|teampreview|4\nR2VGC has agreed to open team sheets.\nnwaggie has agreed to open team sheets.\n|inactive|Battle timer is ON: inactive players will automatically lose when time's up. (requested by nwaggie)\n|inactive|R2VGC has 60 seconds left.\n|inactive|nwaggie has 60 seconds left.\n|\n|t:|1683999429\n|start\n|switch|p1a: Flutter Mane|Flutter Mane, L50|100\/100\n|switch|p1b: Palafin|Palafin, L50, F|100\/100\n|switch|p2a: Tyranitar|Tyranitar, L50, M|100\/100\n|switch|p2b: Ting-Lu|Ting-Lu, L50|100\/100\n|-weather|Sandstorm|[from] ability: Sand Stream|[of] p2a: Tyranitar\n|-ability|p2b: Ting-Lu|Vessel of Ruin\n|-enditem|p1a: Flutter Mane|Booster Energy\n|-activate|p1a: Flutter Mane|ability: Protosynthesis|[fromitem]\n|-start|p1a: Flutter Mane|protosynthesisspe\n|turn|1\n|inactive|nwaggie has 30 seconds left.\n|\n|t:|1683999454\n|detailschange|p1b: Palafin|Palafin-Hero, L50, F\n|switch|p1b: Natters|Amoonguss, L50, F, shiny|100\/100\n|-terastallize|p2a: Tyranitar|Flying\n|move|p1a: Flutter Mane|Moonblast|p2a: Tyranitar\n|-damage|p2a: Tyranitar|68\/100\n|-unboost|p2a: Tyranitar|spa|1\n|move|p2a: Tyranitar|Rock Slide|p1b: Natters|[spread] p1a,p1b\n|-damage|p1a: Flutter Mane|4\/100\n|-damage|p1b: Natters|66\/100\n|move|p2b: Ting-Lu|Earthquake|p1a: Flutter Mane|[spread] p1a,p1b\n|-immune|p2a: Tyranitar\n|-damage|p1a: Flutter Mane|0 fnt\n|-damage|p1b: Natters|38\/100\n|faint|p1a: Flutter Mane\n|-end|p1a: Flutter Mane|Protosynthesis|[silent]\n|\n|-weather|Sandstorm|[upkeep]\n|-damage|p2a: Tyranitar|62\/100|[from] Sandstorm\n|-damage|p1b: Natters|32\/100|[from] Sandstorm\n|upkeep\n|\n|t:|1683999472\n|switch|p1a: Baxcalibur|Baxcalibur, L50, M|100\/100\n|turn|2\n|inactive|R2VGC has 30 seconds left.\n|inactive|R2VGC has 20 seconds left.\n|inactive|R2VGC has 15 seconds left.\n|\n|t:|1683999514\n|switch|p2a: Volcarona|Volcarona, L50, M|100\/100\n|move|p1a: Baxcalibur|Icicle Spear|p2b: Ting-Lu\n|-supereffective|p2b: Ting-Lu\n|-damage|p2b: Ting-Lu|84\/100\n|-supereffective|p2b: Ting-Lu\n|-damage|p2b: Ting-Lu|67\/100\n|-supereffective|p2b: Ting-Lu\n|-damage|p2b: Ting-Lu|50\/100\n|-hitcount|p2b: Ting-Lu|3\n|move|p2b: Ting-Lu|Stomping Tantrum|p1b: Natters\n|-damage|p1b: Natters|3\/100\n|-damage|p2b: Ting-Lu|34\/100|[from] item: Rocky Helmet|[of] p1b: Natters\n|move|p1b: Natters|Spore|p2b: Ting-Lu\n|-status|p2b: Ting-Lu|slp|[from] move: Spore\n|\n|-weather|Sandstorm|[upkeep]\n|-damage|p1a: Baxcalibur|94\/100|[from] Sandstorm\n|-damage|p1b: Natters|0 fnt|[from] Sandstorm\n|faint|p1b: Natters\n|upkeep\n|\n|t:|1683999530\n|switch|p1b: Palafin|Palafin-Hero, L50, F|100\/100\n|-activate|p1b: Palafin|ability: Zero to Hero\n|turn|3\n|\n|t:|1683999548\n|switch|p2b: Tyranitar|Tyranitar, L50, M, tera:Flying|62\/100\n|-terastallize|p1a: Baxcalibur|Poison\n|move|p1b: Palafin|Jet Punch|p2a: Volcarona\n|-supereffective|p2a: Volcarona\n|-damage|p2a: Volcarona|0 fnt\n|faint|p2a: Volcarona\n|move|p1a: Baxcalibur|Icicle Spear|p2b: Tyranitar\n|-supereffective|p2b: Tyranitar\n|-damage|p2b: Tyranitar|38\/100\n|-supereffective|p2b: Tyranitar\n|-damage|p2b: Tyranitar|12\/100\n|-hitcount|p2b: Tyranitar|2\n|\n|-weather|Sandstorm|[upkeep]\n|-damage|p1b: Palafin|95\/100|[from] Sandstorm\n|-damage|p1a: Baxcalibur|88\/100|[from] Sandstorm\n|-damage|p2b: Tyranitar|6\/100|[from] Sandstorm\n|upkeep\n|\n|t:|1683999556\n|switch|p2a: Lycanroc|Lycanroc, L50, F|100\/100\n|turn|4\n|inactive|R2VGC has 30 seconds left.\n|\n|t:|1683999588\n|move|p1b: Palafin|Jet Punch|p2a: Lycanroc\n|-supereffective|p2a: Lycanroc\n|-enditem|p2a: Lycanroc|Focus Sash\n|-damage|p2a: Lycanroc|1\/100\n|move|p1a: Baxcalibur|Ice Shard|p2b: Tyranitar\n|-supereffective|p2b: Tyranitar\n|-damage|p2b: Tyranitar|0 fnt\n|faint|p2b: Tyranitar\n|move|p2a: Lycanroc|Rock Slide|p1b: Palafin|[spread] p1a,p1b\n|-damage|p1a: Baxcalibur|65\/100\n|-damage|p1b: Palafin|70\/100\n|\n|-weather|Sandstorm|[upkeep]\n|-damage|p1b: Palafin|64\/100|[from] Sandstorm\n|-damage|p1a: Baxcalibur|58\/100|[from] Sandstorm\n|upkeep\n|\n|t:|1683999600\n|switch|p2b: Ting-Lu|Ting-Lu, L50|34\/100 slp\n|-ability|p2b: Ting-Lu|Vessel of Ruin\n|turn|5\n|\n|t:|1683999614\n|move|p1b: Palafin|Jet Punch|p2b: Ting-Lu\n|-supereffective|p2b: Ting-Lu\n|-damage|p2b: Ting-Lu|0 fnt\n|faint|p2b: Ting-Lu\n|move|p1a: Baxcalibur|Ice Shard|p2a: Lycanroc\n|-damage|p2a: Lycanroc|0 fnt\n|faint|p2a: Lycanroc\n|\n|win|R2VGC\n|raw|R2VGC's rating: 1189 → 1222<\/strong> (+33 for winning)\n|raw|nwaggie's rating: 1297 → 1264<\/strong> (-33 for losing)\n|l|\u2606nwaggie\n","uploadtime":1683999627,"views":3,"p1id":"r2vgc","p2id":"nwaggie","formatid":"gen9vgc2023regulationc","rating":1222,"private":0,"password":""}