{"id":"gen9vgc2023regulationc-1856391503","p1":"tNaoo","p2":"Toastycoolguy","format":"[Gen 9] VGC 2023 Regulation C","log":"|j|\u2606tNaoo\n|j|\u2606Toastycoolguy\n|t:|1683056983\n|gametype|doubles\n|player|p1|tNaoo|102|1046\n|player|p2|Toastycoolguy|265|1065\n|teamsize|p1|6\n|teamsize|p2|6\n|gen|9\n|tier|[Gen 9] VGC 2023 Regulation C\n|rated|\n|rule|Species Clause: Limit one of each Pok\u00e9mon\n|rule|Item Clause: Limit one of each item\n|clearpoke\n|poke|p1|Pelipper, L50, M|\n|poke|p1|Pikachu, L50, M|\n|poke|p1|Gholdengo, L50|\n|poke|p1|Ting-Lu, L50|\n|poke|p1|Dragonite, L50, M|\n|poke|p1|Roaring Moon, L50|\n|poke|p2|Sylveon, L50, F|\n|poke|p2|Maushold-Four, L50|\n|poke|p2|Ting-Lu, L50|\n|poke|p2|Scizor, L50, F|\n|poke|p2|Arcanine, L50, F|\n|poke|p2|Clawitzer, L50, M|\n|teampreview|4\n|inactive|Battle timer is ON: inactive players will automatically lose when time's up. (requested by tNaoo)\n|\n|t:|1683057016\n|start\n|switch|p1a: Pelipper|Pelipper, L50, M|100\/100\n|switch|p1b: Pikachu|Pikachu, L50, M|100\/100\n|switch|p2a: Ting-Lu|Ting-Lu, L50|100\/100\n|switch|p2b: Maushold|Maushold-Four, L50|100\/100\n|-weather|RainDance|[from] ability: Drizzle|[of] p1a: Pelipper\n|-ability|p2a: Ting-Lu|Vessel of Ruin\n|turn|1\n|\n|t:|1683057038\n|move|p2b: Maushold|Population Bomb|p1a: Pelipper\n|-damage|p1a: Pelipper|95\/100\n|-damage|p1a: Pelipper|88\/100\n|-damage|p1a: Pelipper|82\/100\n|-damage|p1a: Pelipper|76\/100\n|-crit|p1a: Pelipper\n|-damage|p1a: Pelipper|66\/100\n|-hitcount|p1a: Pelipper|5\n|move|p1b: Pikachu|Surf|p2a: Ting-Lu|[spread] p1a,p2a,p2b\n|-resisted|p1a: Pelipper\n|-supereffective|p2a: Ting-Lu\n|-damage|p1a: Pelipper|46\/100\n|-damage|p2a: Ting-Lu|76\/100\n|-damage|p2b: Maushold|65\/100\n|-enditem|p1a: Pelipper|Sitrus Berry|[eat]\n|-heal|p1a: Pelipper|71\/100|[from] item: Sitrus Berry\n|move|p1a: Pelipper|Icy Wind|p2b: Maushold|[spread] \n|-miss|p1a: Pelipper|p2a: Ting-Lu\n|-miss|p1a: Pelipper|p2b: Maushold\n|move|p2a: Ting-Lu|Rock Slide|p1b: Pikachu|[spread] p1a,p1b\n|-supereffective|p1a: Pelipper\n|-damage|p1a: Pelipper|29\/100\n|-damage|p1b: Pikachu|35\/100\n|\n|-weather|RainDance|[upkeep]\n|upkeep\n|turn|2\n|inactive|Toastycoolguy has 30 seconds left.\n|inactive|Toastycoolguy has 20 seconds left.\n|inactive|tNaoo has 30 seconds left.\n|\n|t:|1683057085\n|switch|p1a: Gholdengo|Gholdengo, L50|100\/100\n|move|p2b: Maushold|Population Bomb|p1a: Gholdengo\n|-immune|p1a: Gholdengo\n|move|p1b: Pikachu|Surf|p2b: Maushold|[spread] p1a,p2a,p2b\n|-supereffective|p2a: Ting-Lu\n|-crit|p2a: Ting-Lu\n|-damage|p1a: Gholdengo|66\/100\n|-damage|p2a: Ting-Lu|39\/100\n|-damage|p2b: Maushold|28\/100\n|move|p2a: Ting-Lu|Rock Slide|p1a: Gholdengo|[spread] p1a\n|-miss|p2a: Ting-Lu|p1b: Pikachu\n|-resisted|p1a: Gholdengo\n|-crit|p1a: Gholdengo\n|-damage|p1a: Gholdengo|51\/100\n|\n|-weather|RainDance|[upkeep]\n|upkeep\n|turn|3\n|inactive|tNaoo has 30 seconds left.\n|inactive|Toastycoolguy has 30 seconds left.\n|\n|t:|1683057117\n|move|p2b: Maushold|Population Bomb|p1b: Pikachu\n|-damage|p1b: Pikachu|15\/100\n|-damage|p1b: Pikachu|0 fnt\n|faint|p1b: Pikachu\n|-hitcount|p1: Pikachu|2\n|move|p1a: Gholdengo|Dazzling Gleam|p2b: Maushold|[spread] p2a,p2b\n|-supereffective|p2a: Ting-Lu\n|-damage|p2a: Ting-Lu|18\/100\n|-damage|p2b: Maushold|0 fnt\n|faint|p2b: Maushold\n|move|p2a: Ting-Lu|Stomping Tantrum|p1a: Gholdengo\n|-supereffective|p1a: Gholdengo\n|-damage|p1a: Gholdengo|0 fnt\n|faint|p1a: Gholdengo\n|\n|-weather|RainDance|[upkeep]\n|upkeep\n|\n|t:|1683057135\n|switch|p2b: Scizor|Scizor, L50, F|100\/100\n|switch|p1b: Pelipper|Pelipper, L50, M|29\/100\n|switch|p1a: Ting-Lu|Ting-Lu, L50|100\/100\n|-ability|p1a: Ting-Lu|Vessel of Ruin\n|turn|4\n|\n|t:|1683057146\n|move|p2b: Scizor|Bullet Punch|p1b: Pelipper\n|-resisted|p1b: Pelipper\n|-damage|p1b: Pelipper|3\/100\n|move|p1b: Pelipper|Hurricane|p2a: Ting-Lu\n|-damage|p2a: Ting-Lu|0 fnt\n|faint|p2a: Ting-Lu\n|move|p1a: Ting-Lu|Fissure|p2b: Scizor\n|-damage|p2b: Scizor|0 fnt\n|faint|p2b: Scizor\n|-ohko\n|\n|-weather|RainDance|[upkeep]\n|upkeep\n|\n|t:|1683057155\n|switch|p2b: Arcanine|Arcanine, L50, F|100\/100\n|-ability|p2b: Arcanine|Intimidate|boost\n|-unboost|p1a: Ting-Lu|atk|1\n|-unboost|p1b: Pelipper|atk|1\n|turn|5\n|\n|t:|1683057168\n|move|p2b: Arcanine|Snarl|p1a: Ting-Lu|[spread] p1a,p1b\n|-resisted|p1a: Ting-Lu\n|-damage|p1a: Ting-Lu|98\/100\n|-damage|p1b: Pelipper|0 fnt\n|-unboost|p1a: Ting-Lu|spa|1\n|faint|p1b: Pelipper\n|move|p1a: Ting-Lu|Ruination|p2b: Arcanine\n|-damage|p2b: Arcanine|51\/100\n|\n|-weather|none\n|upkeep\n|turn|6\n|\n|t:|1683057180\n|move|p2b: Arcanine|Will-O-Wisp|p1a: Ting-Lu\n|-status|p1a: Ting-Lu|brn\n|move|p1a: Ting-Lu|Fissure|p2b: Arcanine\n|-damage|p2b: Arcanine|0 fnt\n|faint|p2b: Arcanine\n|-ohko\n|\n|win|tNaoo\n|raw|tNaoo's rating: 1046 → 1081<\/strong> (+35 for winning)\n|raw|Toastycoolguy's rating: 1065 → 1044<\/strong> (-21 for losing)\n|l|\u2606Toastycoolguy\n|l|\u2606tNaoo\n|j|\u2606tNaoo\n|player|p1|tNaoo|102\n","uploadtime":1683057232,"views":13,"p1id":"tnaoo","p2id":"toastycoolguy","formatid":"gen9vgc2023regulationc","rating":1044,"private":0,"password":""}