{"id":"gen9vgc2023regulationc-1856961308","p1":"Phelon","p2":"carlospe1205","format":"[Gen 9] VGC 2023 Regulation C","log":"|j|\u2606Phelon\n|j|\u2606carlospe1205\n|t:|1683130843\n|gametype|doubles\n|player|p1|Phelon|burglar|1196\n|player|p2|carlospe1205|bugsy|1136\n|teamsize|p1|6\n|teamsize|p2|6\n|gen|9\n|tier|[Gen 9] VGC 2023 Regulation C\n|rated|\n|rule|Species Clause: Limit one of each Pok\u00e9mon\n|rule|Item Clause: Limit one of each item\n|clearpoke\n|poke|p1|Arcanine, L50, M|\n|poke|p1|Ting-Lu, L50|\n|poke|p1|Iron Hands, L50|\n|poke|p1|Flutter Mane, L50|\n|poke|p1|Amoonguss, L50, F|\n|poke|p1|Palafin, L50, M|\n|poke|p2|Baxcalibur, L50, M|\n|poke|p2|Talonflame, L50, F|\n|poke|p2|Amoonguss, L50, F|\n|poke|p2|Grimmsnarl, L50, M|\n|poke|p2|Flutter Mane, L50|\n|poke|p2|Chi-Yu, L50|\n|teampreview|4\n|\n|t:|1683130855\n|start\n|switch|p1a: Iron Hands|Iron Hands, L50|100\/100\n|switch|p1b: Palafin|Palafin, L50, M|100\/100\n|switch|p2a: Krompus|Grimmsnarl, L50, M|100\/100\n|switch|p2b: AMOGUS|Amoonguss, L50, F|100\/100\n|turn|1\n|\n|t:|1683130874\n|detailschange|p1b: Palafin|Palafin-Hero, L50, M\n|switch|p1b: Arcanine|Arcanine, L50, M|100\/100\n|-ability|p1b: Arcanine|Intimidate|boost\n|-unboost|p2a: Krompus|atk|1\n|-unboost|p2b: AMOGUS|atk|1\n|-terastallize|p1a: Iron Hands|Grass\n|move|p2a: Krompus|Fake Out|p1a: Iron Hands\n|-damage|p1a: Iron Hands|94\/100\n|cant|p1a: Iron Hands|flinch\n|move|p2b: AMOGUS|Spore|p1b: Arcanine\n|-activate|p1b: Arcanine|item: Safety Goggles|Spore\n|\n|upkeep\n|turn|2\n|\n|t:|1683130894\n|move|p2b: AMOGUS|Rage Powder|p2b: AMOGUS\n|-singleturn|p2b: AMOGUS|move: Rage Powder\n|move|p2a: Krompus|Reflect|p2a: Krompus\n|-sidestart|p2: carlospe1205|Reflect\n|move|p1b: Arcanine|Flare Blitz|p2b: AMOGUS\n|-supereffective|p2b: AMOGUS\n|-damage|p2b: AMOGUS|55\/100\n|-damage|p1b: Arcanine|84\/100|[from] item: Rocky Helmet|[of] p2b: AMOGUS\n|-damage|p1b: Arcanine|68\/100|[from] Recoil\n|move|p1a: Iron Hands|Heavy Slam|p2a: Krompus\n|-supereffective|p2a: Krompus\n|-damage|p2a: Krompus|16\/100\n|\n|upkeep\n|turn|3\n|\n|t:|1683130921\n|switch|p2a: Luz|Chi-Yu, L50|100\/100\n|-ability|p2a: Luz|Beads of Ruin\n|move|p1b: Arcanine|Flare Blitz|p2b: AMOGUS\n|-supereffective|p2b: AMOGUS\n|-damage|p2b: AMOGUS|11\/100\n|-damage|p1b: Arcanine|51\/100|[from] item: Rocky Helmet|[of] p2b: AMOGUS\n|-damage|p1b: Arcanine|35\/100|[from] Recoil\n|move|p1a: Iron Hands|Drain Punch|p2a: Luz\n|-supereffective|p2a: Luz\n|-damage|p2a: Luz|24\/100\n|-heal|p1a: Iron Hands|100\/100|[from] drain|[of] p2a: Luz\n|move|p2b: AMOGUS|Clear Smog|p1a: Iron Hands\n|-supereffective|p1a: Iron Hands\n|-damage|p1a: Iron Hands|80\/100\n|-clearboost|p1a: Iron Hands\n|\n|upkeep\n|turn|4\n|\n|t:|1683130948\n|switch|p2b: Krompus|Grimmsnarl, L50, M|16\/100\n|move|p1b: Arcanine|Extreme Speed|p2a: Luz\n|-damage|p2a: Luz|5\/100\n|move|p2a: Luz|Heat Wave|p1b: Arcanine|[spread] p1a,p1b\n|-supereffective|p1a: Iron Hands\n|-resisted|p1b: Arcanine\n|-damage|p1a: Iron Hands|20\/100\n|-damage|p1b: Arcanine|7\/100\n|-damage|p2a: Luz|0 fnt|[from] item: Life Orb\n|faint|p2a: Luz\n|move|p1a: Iron Hands|Drain Punch|p2b: Krompus\n|-damage|p2b: Krompus|0 fnt\n|-heal|p1a: Iron Hands|26\/100|[from] drain|[of] p2b: Krompus\n|faint|p2b: Krompus\n|\n|upkeep\n|\n|t:|1683130962\n|switch|p2a: Miko|Flutter Mane, L50|100\/100\n|switch|p2b: AMOGUS|Amoonguss, L50, F|45\/100\n|-enditem|p2a: Miko|Booster Energy\n|-activate|p2a: Miko|ability: Protosynthesis|[fromitem]\n|-start|p2a: Miko|protosynthesisspa\n|turn|5\n|\n|t:|1683130980\n|move|p1b: Arcanine|Extreme Speed|p2b: AMOGUS\n|-damage|p2b: AMOGUS|34\/100\n|-damage|p1b: Arcanine|0 fnt|[from] item: Rocky Helmet|[of] p2b: AMOGUS\n|faint|p1b: Arcanine\n|move|p2b: AMOGUS|Rage Powder|p2b: AMOGUS\n|-singleturn|p2b: AMOGUS|move: Rage Powder\n|move|p2a: Miko|Mystical Fire|p1a: Iron Hands\n|-supereffective|p1a: Iron Hands\n|-damage|p1a: Iron Hands|0 fnt\n|faint|p1a: Iron Hands\n|-end|p1a: Iron Hands|Quark Drive|[silent]\n|\n|upkeep\n|\n|t:|1683130983\n|switch|p1b: Flutter Mane|Flutter Mane, L50|100\/100\n|switch|p1a: Palafin|Palafin-Hero, L50, M|100\/100\n|-activate|p1a: Palafin|ability: Zero to Hero\n|-enditem|p1b: Flutter Mane|Booster Energy\n|-activate|p1b: Flutter Mane|ability: Protosynthesis|[fromitem]\n|-start|p1b: Flutter Mane|protosynthesisspa\n|turn|6\n|\n|t:|1683130999\n|move|p2b: AMOGUS|Rage Powder|p2b: AMOGUS\n|-singleturn|p2b: AMOGUS|move: Rage Powder\n|move|p2a: Miko|Shadow Ball|p1b: Flutter Mane\n|-supereffective|p1b: Flutter Mane\n|-damage|p1b: Flutter Mane|0 fnt\n|faint|p1b: Flutter Mane\n|-end|p1b: Flutter Mane|Protosynthesis|[silent]\n|move|p1a: Palafin|Wave Crash|p2b: AMOGUS\n|-resisted|p2b: AMOGUS\n|-damage|p2b: AMOGUS|12\/100\n|-damage|p1a: Palafin|84\/100|[from] item: Rocky Helmet|[of] p2b: AMOGUS\n|-damage|p1a: Palafin|76\/100|[from] Recoil\n|\n|upkeep\n|turn|7\n|\n|t:|1683131009\n|move|p1a: Palafin|Jet Punch|p2b: AMOGUS\n|-resisted|p2b: AMOGUS\n|-damage|p2b: AMOGUS|1\/100\n|-damage|p1a: Palafin|60\/100|[from] item: Rocky Helmet|[of] p2b: AMOGUS\n|move|p2a: Miko|Moonblast|p1a: Palafin\n|-damage|p1a: Palafin|0 fnt\n|faint|p1a: Palafin\n|\n|win|carlospe1205\n|raw|Phelon's rating: 1196 → 1167<\/strong> (-29 for losing)\n|raw|carlospe1205's rating: 1136 → 1165<\/strong> (+29 for winning)\n|l|\u2606Phelon\n","uploadtime":1683131091,"views":12,"p1id":"phelon","p2id":"carlospe1205","formatid":"gen9vgc2023regulationc","rating":1165,"private":0,"password":""}