{"id":"gen9vgc2023regulationc-1849174312","p1":"skullcrusher1","p2":"HDZActs","format":"[Gen 9] VGC 2023 Regulation C","log":"|j|\u2606skullcrusher1\n|j|\u2606HDZActs\n|t:|1682168355\n|gametype|doubles\n|player|p1|skullcrusher1|1|1000\n|player|p2|HDZActs|2|1074\n|teamsize|p1|6\n|teamsize|p2|6\n|gen|9\n|tier|[Gen 9] VGC 2023 Regulation C\n|rated|\n|rule|Species Clause: Limit one of each Pok\u00e9mon\n|rule|Item Clause: Limit one of each item\n|clearpoke\n|poke|p1|Amoonguss, L50, M|\n|poke|p1|Roaring Moon, L50|\n|poke|p1|Arcanine, L50, M|\n|poke|p1|Iron Hands, L50|\n|poke|p1|Iron Bundle, L50|\n|poke|p1|Flutter Mane, L50|\n|poke|p2|Gengar, L50, F|\n|poke|p2|Iron Hands, L50|\n|poke|p2|Pelipper, L50, M|\n|poke|p2|Hatterene, L50, F|\n|poke|p2|Gholdengo, L50|\n|poke|p2|Arcanine, L50, M|\n|teampreview|4\n|inactive|Battle timer is ON: inactive players will automatically lose when time's up. (requested by skullcrusher1)\n|\n|t:|1682168451\n|start\n|switch|p1a: Flutter Mane|Flutter Mane, L50|100\/100\n|switch|p1b: Iron Hands|Iron Hands, L50|100\/100\n|switch|p2a: Gengar|Gengar, L50, F, shiny|100\/100\n|switch|p2b: Iron Hands|Iron Hands, L50|100\/100\n|-enditem|p2b: Iron Hands|Booster Energy\n|-activate|p2b: Iron Hands|ability: Quark Drive|[fromitem]\n|-start|p2b: Iron Hands|quarkdriveatk\n|turn|1\n|\n|t:|1682168472\n|move|p1a: Flutter Mane|Protect|p1a: Flutter Mane\n|-singleturn|p1a: Flutter Mane|Protect\n|move|p2b: Iron Hands|Protect|p2b: Iron Hands\n|-singleturn|p2b: Iron Hands|Protect\n|move|p2a: Gengar|Toxic|p1a: Flutter Mane\n|-activate|p1a: Flutter Mane|move: Protect\n|move|p1b: Iron Hands|Swords Dance|p1b: Iron Hands\n|-boost|p1b: Iron Hands|atk|2\n|\n|upkeep\n|turn|2\n|\n|t:|1682168494\n|move|p1a: Flutter Mane|Shadow Ball|p2a: Gengar\n|-supereffective|p2a: Gengar\n|-damage|p2a: Gengar|0 fnt\n|faint|p2a: Gengar\n|move|p1b: Iron Hands|Wild Charge|p2b: Iron Hands\n|-resisted|p2b: Iron Hands\n|-damage|p2b: Iron Hands|66\/100\n|-damage|p1b: Iron Hands|91\/100|[from] Recoil\n|move|p2b: Iron Hands|Drain Punch|p1b: Iron Hands\n|-damage|p1b: Iron Hands|54\/100\n|-heal|p2b: Iron Hands|84\/100|[from] drain|[of] p1b: Iron Hands\n|\n|upkeep\n|\n|t:|1682168508\n|switch|p2a: Gholdengo|Gholdengo, L50|100\/100\n|turn|3\n|\n|t:|1682168523\n|move|p1a: Flutter Mane|Protect|p1a: Flutter Mane\n|-singleturn|p1a: Flutter Mane|Protect\n|move|p1b: Iron Hands|Detect|p1b: Iron Hands\n|-singleturn|p1b: Iron Hands|Protect\n|move|p2a: Gholdengo|Shadow Ball|p1a: Flutter Mane\n|-activate|p1a: Flutter Mane|move: Protect\n|move|p2b: Iron Hands|Drain Punch|p1b: Iron Hands\n|-activate|p1b: Iron Hands|move: Protect\n|\n|upkeep\n|turn|4\n|\n|t:|1682168541\n|move|p1a: Flutter Mane|Icy Wind|p2b: Iron Hands|[spread] p2a,p2b\n|-resisted|p2a: Gholdengo\n|-damage|p2a: Gholdengo|93\/100\n|-damage|p2b: Iron Hands|70\/100\n|-unboost|p2a: Gholdengo|spe|1\n|-unboost|p2b: Iron Hands|spe|1\n|move|p1b: Iron Hands|Drain Punch|p2b: Iron Hands\n|-damage|p2b: Iron Hands|20\/100\n|-heal|p1b: Iron Hands|80\/100|[from] drain|[of] p2b: Iron Hands\n|move|p2a: Gholdengo|Shadow Ball|p1a: Flutter Mane\n|-supereffective|p1a: Flutter Mane\n|-enditem|p1a: Flutter Mane|Focus Sash\n|-damage|p1a: Flutter Mane|1\/100\n|-damage|p2a: Gholdengo|84\/100|[from] item: Life Orb\n|move|p2b: Iron Hands|Drain Punch|p1b: Iron Hands\n|-crit|p1b: Iron Hands\n|-damage|p1b: Iron Hands|19\/100\n|-heal|p2b: Iron Hands|49\/100|[from] drain|[of] p1b: Iron Hands\n|-enditem|p1b: Iron Hands|Sitrus Berry|[eat]\n|-heal|p1b: Iron Hands|44\/100|[from] item: Sitrus Berry\n|\n|upkeep\n|turn|5\n|inactive|skullcrusher1 has 30 seconds left.\n|inactive|HDZActs has 30 seconds left.\n|\n|t:|1682168567\n|move|p2b: Iron Hands|Protect|p2b: Iron Hands\n|-singleturn|p2b: Iron Hands|Protect\n|move|p1a: Flutter Mane|Shadow Ball|p2a: Gholdengo\n|-supereffective|p2a: Gholdengo\n|-damage|p2a: Gholdengo|5\/100\n|move|p1b: Iron Hands|Drain Punch|p2b: Iron Hands\n|-activate|p2b: Iron Hands|move: Protect\n|move|p2a: Gholdengo|Shadow Ball|p1a: Flutter Mane\n|-supereffective|p1a: Flutter Mane\n|-damage|p1a: Flutter Mane|0 fnt\n|faint|p1a: Flutter Mane\n|-end|p1a: Flutter Mane|Protosynthesis|[silent]\n|-damage|p2a: Gholdengo|0 fnt|[from] item: Life Orb\n|faint|p2a: Gholdengo\n|\n|upkeep\n|\n|t:|1682168585\n|switch|p1a: Iron Bundle|Iron Bundle, L50|100\/100\n|switch|p2a: Pelipper|Pelipper, L50, M, shiny|100\/100\n|-weather|RainDance|[from] ability: Drizzle|[of] p2a: Pelipper\n|turn|6\n|\n|t:|1682168600\n|move|p1a: Iron Bundle|Freeze-Dry|p2a: Pelipper\n|-supereffective|p2a: Pelipper\n|-damage|p2a: Pelipper|0 fnt\n|faint|p2a: Pelipper\n|-damage|p1a: Iron Bundle|91\/100|[from] item: Life Orb\n|move|p1b: Iron Hands|Wild Charge|p2b: Iron Hands\n|-resisted|p2b: Iron Hands\n|-damage|p2b: Iron Hands|17\/100\n|-damage|p1b: Iron Hands|35\/100|[from] Recoil\n|move|p2b: Iron Hands|Drain Punch|p1b: Iron Hands\n|-damage|p1b: Iron Hands|0 fnt\n|-heal|p2b: Iron Hands|34\/100|[from] drain|[of] p1b: Iron Hands\n|faint|p1b: Iron Hands\n|-end|p1b: Iron Hands|Quark Drive|[silent]\n|\n|-weather|RainDance|[upkeep]\n|upkeep\n|\n|t:|1682168617\n|switch|p1b: Roaring Moon|Roaring Moon, L50|100\/100\n|-enditem|p1b: Roaring Moon|Booster Energy\n|-activate|p1b: Roaring Moon|ability: Protosynthesis|[fromitem]\n|-start|p1b: Roaring Moon|protosynthesisatk\n|turn|7\n|\n|t:|1682168629\n|-terastallize|p1b: Roaring Moon|Flying\n|move|p1a: Iron Bundle|Hydro Pump|p2b: Iron Hands\n|-damage|p2b: Iron Hands|0 fnt\n|faint|p2b: Iron Hands\n|-end|p2b: Iron Hands|Quark Drive|[silent]\n|-damage|p1a: Iron Bundle|81\/100|[from] item: Life Orb\n|\n|win|skullcrusher1\n|raw|skullcrusher1's rating: 1000 → 1048<\/strong> (+48 for winning)\n|raw|HDZActs's rating: 1074 → 1048<\/strong> (-26 for losing)\n|l|\u2606HDZActs\n","uploadtime":1682168647,"views":14,"p1id":"skullcrusher1","p2id":"hdzacts","formatid":"gen9vgc2023regulationc","rating":1048,"private":0,"password":""}