{"id":"gen9vgc2023regulationc-1861455407","p1":"TMM_Shadow","p2":"revocolombia","format":"[Gen 9] VGC 2023 Regulation C","log":"|j|\u2606TMM_Shadow\n|j|\u2606revocolombia\n|t:|1683759983\n|gametype|doubles\n|player|p1|TMM_Shadow|265|1189\n|player|p2|revocolombia|169|1186\n|teamsize|p1|6\n|teamsize|p2|6\n|gen|9\n|tier|[Gen 9] VGC 2023 Regulation C\n|rated|\n|rule|Species Clause: Limit one of each Pok\u00e9mon\n|rule|Item Clause: Limit one of each item\n|clearpoke\n|poke|p1|Murkrow, L50, F|\n|poke|p1|Garchomp, L50, M|\n|poke|p1|Kingambit, L50, F|\n|poke|p1|Glimmora, L50, M|\n|poke|p1|Gholdengo, L50|\n|poke|p1|Wo-Chien, L50|\n|poke|p2|Flutter Mane, L50|\n|poke|p2|Great Tusk, L50|\n|poke|p2|Gholdengo, L50|\n|poke|p2|Chien-Pao, L50|\n|poke|p2|Murkrow, L50, F|\n|poke|p2|Dragonite, L50, M|\n|teampreview|4\n|\n|t:|1683760023\n|start\n|switch|p1a: Murkrow|Murkrow, L50, F, shiny|100\/100\n|switch|p1b: Gholdengo|Gholdengo, L50|100\/100\n|switch|p2a: Great Tusk|Great Tusk, L50|100\/100\n|switch|p2b: Murkrow|Murkrow, L50, F|100\/100\n|turn|1\n|\n|t:|1683760042\n|-terastallize|p2a: Great Tusk|Fire\n|move|p1a: Murkrow|Tailwind|p1a: Murkrow\n|-sidestart|p1: TMM_Shadow|move: Tailwind\n|move|p2b: Murkrow|Tailwind|p2b: Murkrow\n|-sidestart|p2: revocolombia|move: Tailwind\n|move|p1b: Gholdengo|Make It Rain|p2a: Great Tusk|[spread] p2a,p2b\n|-resisted|p2a: Great Tusk\n|-damage|p2a: Great Tusk|53\/100\n|-damage|p2b: Murkrow|14\/100\n|-unboost|p1b: Gholdengo|spa|1\n|move|p2a: Great Tusk|Earthquake|p1a: Murkrow|[spread] p1b\n|-immune|p2b: Murkrow\n|-immune|p1a: Murkrow\n|-supereffective|p1b: Gholdengo\n|-damage|p1b: Gholdengo|0 fnt\n|faint|p1b: Gholdengo\n|\n|upkeep\n|\n|t:|1683760061\n|switch|p1b: Garchomp|Garchomp, L50, M|100\/100\n|turn|2\n|\n|t:|1683760081\n|switch|p2b: Dragonite|Dragonite, L50, M|100\/100\n|move|p2a: Great Tusk|Protect|p2a: Great Tusk\n|-singleturn|p2a: Great Tusk|Protect\n|move|p1a: Murkrow|Brave Bird|p2b: Dragonite\n|-damage|p2b: Dragonite|69\/100\n|-damage|p1a: Murkrow|87\/100|[from] Recoil\n|-damage|p1a: Murkrow|78\/100|[from] item: Life Orb\n|move|p1b: Garchomp|Earthquake|p2b: Dragonite|[spread] \n|-activate|p2a: Great Tusk|move: Protect\n|-immune|p1a: Murkrow\n|-immune|p2b: Dragonite\n|\n|upkeep\n|turn|3\n|\n|t:|1683760116\n|move|p2b: Dragonite|Extreme Speed|p1a: Murkrow\n|-damage|p1a: Murkrow|6\/100\n|move|p1a: Murkrow|Brave Bird|p2a: Great Tusk\n|-damage|p2a: Great Tusk|9\/100\n|-damage|p1a: Murkrow|0 fnt|[from] Recoil\n|faint|p1a: Murkrow\n|move|p1b: Garchomp|Rock Slide|p2a: Great Tusk|[spread] p2b\n|-miss|p1b: Garchomp|p2a: Great Tusk\n|-supereffective|p2b: Dragonite\n|-damage|p2b: Dragonite|24\/100\n|move|p2a: Great Tusk|Rock Slide|p1b: Garchomp|[miss]\n|-miss|p2a: Great Tusk|p1b: Garchomp\n|\n|upkeep\n|\n|t:|1683760129\n|switch|p1a: Kingambit|Kingambit, L50, F|100\/100\n|turn|4\n|\n|t:|1683760153\n|move|p2a: Great Tusk|Protect|p2a: Great Tusk\n|-singleturn|p2a: Great Tusk|Protect\n|move|p1b: Garchomp|Rock Slide|p2a: Great Tusk|[spread] p2b\n|-activate|p2a: Great Tusk|move: Protect\n|-supereffective|p2b: Dragonite\n|-damage|p2b: Dragonite|0 fnt\n|faint|p2b: Dragonite\n|move|p1a: Kingambit|Kowtow Cleave|p2a: Great Tusk\n|-activate|p2a: Great Tusk|move: Protect\n|\n|-sideend|p1: TMM_Shadow|move: Tailwind\n|-sideend|p2: revocolombia|move: Tailwind\n|upkeep\n|\n|t:|1683760168\n|switch|p2b: Murkrow|Murkrow, L50, F|14\/100\n|turn|5\n|\n|t:|1683760180\n|move|p2b: Murkrow|Tailwind|p2b: Murkrow\n|-sidestart|p2: revocolombia|move: Tailwind\n|move|p1a: Kingambit|Sucker Punch|p2a: Great Tusk\n|-damage|p2a: Great Tusk|0 fnt\n|faint|p2a: Great Tusk\n|-end|p2a: Great Tusk|Protosynthesis|[silent]\n|move|p1b: Garchomp|Swords Dance|p1b: Garchomp\n|-boost|p1b: Garchomp|atk|2\n|\n|upkeep\n|\n|t:|1683760189\n|switch|p2a: Gholdengo|Gholdengo, L50|100\/100\n|turn|6\n|\n|t:|1683760208\n|-terastallize|p1b: Garchomp|Steel\n|move|p2b: Murkrow|Haze|p2b: Murkrow\n|-clearallboost\n|move|p1a: Kingambit|Sucker Punch|p2a: Gholdengo\n|-supereffective|p2a: Gholdengo\n|-damage|p2a: Gholdengo|19\/100\n|move|p2a: Gholdengo|Shadow Ball|p1b: Garchomp\n|-crit|p1b: Garchomp\n|-damage|p1b: Garchomp|0 fnt\n|faint|p1b: Garchomp\n|\n|upkeep\n|turn|7\n|\n|t:|1683760233\n|move|p2b: Murkrow|Sunny Day|p2b: Murkrow\n|-weather|SunnyDay\n|move|p1a: Kingambit|Sucker Punch|p2a: Gholdengo\n|-supereffective|p2a: Gholdengo\n|-damage|p2a: Gholdengo|0 fnt\n|faint|p2a: Gholdengo\n|\n|-weather|SunnyDay|[upkeep]\n|upkeep\n|turn|8\n|\n|t:|1683760263\n|move|p2b: Murkrow|Tailwind||[still]\n|-fail|p2b: Murkrow\n|move|p1a: Kingambit|Tera Blast|p2b: Murkrow\n|-damage|p2b: Murkrow|3\/100\n|\n|-weather|SunnyDay|[upkeep]\n|-sideend|p2: revocolombia|move: Tailwind\n|upkeep\n|turn|9\n|\n|t:|1683760274\n|move|p2b: Murkrow|Taunt|p1a: Kingambit\n|-hint|Since gen 7, Dark is immune to Prankster moves.\n|-immune|p1a: Kingambit\n|move|p1a: Kingambit|Tera Blast|p2b: Murkrow\n|-damage|p2b: Murkrow|0 fnt\n|faint|p2b: Murkrow\n|\n|win|TMM_Shadow\n|raw|TMM_Shadow's rating: 1189 → 1214<\/strong> (+25 for winning)\n|raw|revocolombia's rating: 1186 → 1161<\/strong> (-25 for losing)\n|l|\u2606TMM_Shadow\n","uploadtime":1683760284,"views":6,"p1id":"tmmshadow","p2id":"revocolombia","formatid":"gen9vgc2023regulationc","rating":1161,"private":0,"password":""}