{"id":"gen9vgc2023regulationc-1855013550","p1":"littletimmyfan","p2":"RaimuBeat","format":"[Gen 9] VGC 2023 Regulation C","log":"|j|\u2606littletimmyfan\n|j|\u2606RaimuBeat\n|t:|1682890976\n|gametype|doubles\n|player|p1|littletimmyfan|265|1086\n|player|p2|RaimuBeat|caitlin|1066\n|teamsize|p1|6\n|teamsize|p2|6\n|gen|9\n|tier|[Gen 9] VGC 2023 Regulation C\n|rated|\n|rule|Species Clause: Limit one of each Pok\u00e9mon\n|rule|Item Clause: Limit one of each item\n|clearpoke\n|poke|p1|Meowscarada, L50, F|\n|poke|p1|Garchomp, L50, F|\n|poke|p1|Ceruledge, L50, F|\n|poke|p1|Kingambit, L50, M|\n|poke|p1|Talonflame, L50, F|\n|poke|p1|Palafin, L50, M|\n|poke|p2|Lokix, L50, F|\n|poke|p2|Murkrow, L50, M|\n|poke|p2|Amoonguss, L50, F|\n|poke|p2|Gholdengo, L50|\n|poke|p2|Palafin, L50, F|\n|poke|p2|Garganacl, L50, F|\n|teampreview|4\n|inactive|Battle timer is ON: inactive players will automatically lose when time's up. (requested by littletimmyfan)\n|\n|t:|1682891028\n|start\n|switch|p1a: Talonflame|Talonflame, L50, F|100\/100\n|switch|p1b: Ceruledge|Ceruledge, L50, F|100\/100\n|switch|p2a: Makoto|Lokix, L50, F, shiny|100\/100\n|switch|p2b: Akechi|Murkrow, L50, M|100\/100\n|turn|1\n|\n|t:|1682891050\n|-terastallize|p1b: Ceruledge|Fairy\n|move|p2a: Makoto|Protect|p2a: Makoto\n|-singleturn|p2a: Makoto|Protect\n|move|p1a: Talonflame|Tailwind|p1a: Talonflame\n|-sidestart|p1: littletimmyfan|move: Tailwind\n|move|p2b: Akechi|Taunt|p1b: Ceruledge\n|-start|p1b: Ceruledge|move: Taunt\n|move|p1b: Ceruledge|Tera Blast|p2b: Akechi\n|-supereffective|p2b: Akechi\n|-damage|p2b: Akechi|0 fnt\n|faint|p2b: Akechi\n|\n|upkeep\n|\n|t:|1682891064\n|switch|p2b: Sumire|Palafin, L50, F|100\/100\n|turn|2\n|\n|t:|1682891075\n|move|p2a: Makoto|Sucker Punch||[still]\n|-fail|p2a: Makoto\n|move|p1a: Talonflame|Will-O-Wisp|p1b: Ceruledge\n|-start|p1b: Ceruledge|ability: Flash Fire\n|move|p1b: Ceruledge|Bitter Blade|p2a: Makoto\n|-supereffective|p2a: Makoto\n|-damage|p2a: Makoto|0 fnt\n|faint|p2a: Makoto\n|move|p2b: Sumire|Flip Turn|p1b: Ceruledge\n|-damage|p1b: Ceruledge|68\/100\n|-damage|p2b: Sumire|91\/100|[from] item: Life Orb\n|\n|t:|1682891089\n|detailschange|p2b: Sumire|Palafin-Hero, L50, F\n|switch|p2b: Ryuiji|Gholdengo, L50|100\/100|[from] Flip Turn\n|\n|upkeep\n|\n|t:|1682891093\n|switch|p2a: Sumire|Palafin-Hero, L50, F|91\/100\n|-activate|p2a: Sumire|ability: Zero to Hero\n|turn|3\n|\n|t:|1682891103\n|switch|p1a: Meowscarada|Meowscarada, L50, F|100\/100\n|-terastallize|p2a: Sumire|Water\n|move|p1b: Ceruledge|Tera Blast|p2b: Ryuiji\n|-resisted|p2b: Ryuiji\n|-damage|p2b: Ryuiji|75\/100\n|move|p2a: Sumire|Flip Turn|p1a: Meowscarada\n|-resisted|p1a: Meowscarada\n|-damage|p1a: Meowscarada|52\/100\n|-damage|p2a: Sumire|81\/100|[from] item: Life Orb\n|move|p2b: Ryuiji|Make It Rain|p1b: Ceruledge|[spread] p1a,p1b\n|-supereffective|p1b: Ceruledge\n|-damage|p1a: Meowscarada|0 fnt\n|-damage|p1b: Ceruledge|0 fnt\n|-unboost|p2b: Ryuiji|spa|1\n|faint|p1a: Meowscarada\n|faint|p1b: Ceruledge\n|\n|upkeep\n|\n|t:|1682891121\n|switch|p1a: Kingambit|Kingambit, L50, M|100\/100\n|switch|p1b: Talonflame|Talonflame, L50, F|100\/100\n|turn|4\n|\n|t:|1682891133\n|move|p1b: Talonflame|Will-O-Wisp|p2a: Sumire\n|-status|p2a: Sumire|brn\n|move|p1a: Kingambit|Kowtow Cleave|p2b: Ryuiji\n|-supereffective|p2b: Ryuiji\n|-damage|p2b: Ryuiji|0 fnt\n|faint|p2b: Ryuiji\n|move|p2a: Sumire|Wave Crash|p1b: Talonflame\n|-supereffective|p1b: Talonflame\n|-damage|p1b: Talonflame|0 fnt\n|faint|p1b: Talonflame\n|-damage|p2a: Sumire|47\/100 brn|[from] Recoil\n|-damage|p2a: Sumire|38\/100 brn|[from] item: Life Orb\n|\n|-damage|p2a: Sumire|32\/100 brn|[from] brn\n|-sideend|p1: littletimmyfan|move: Tailwind\n|upkeep\n|turn|5\n|\n|t:|1682891154\n|move|p2a: Sumire|Drain Punch|p1a: Kingambit\n|-supereffective|p1a: Kingambit\n|-damage|p1a: Kingambit|38\/100\n|-heal|p2a: Sumire|66\/100 brn|[from] drain|[of] p1a: Kingambit\n|-enditem|p1a: Kingambit|Sitrus Berry|[eat]\n|-heal|p1a: Kingambit|62\/100|[from] item: Sitrus Berry\n|-damage|p2a: Sumire|57\/100 brn|[from] item: Life Orb\n|move|p1a: Kingambit|Kowtow Cleave|p2a: Sumire\n|-damage|p2a: Sumire|3\/100 brn\n|\n|-damage|p2a: Sumire|0 fnt|[from] brn\n|faint|p2a: Sumire\n|\n|win|littletimmyfan\n|upkeep\n|raw|littletimmyfan's rating: 1086 → 1112<\/strong> (+26 for winning)\n|raw|RaimuBeat's rating: 1066 → 1047<\/strong> (-19 for losing)\n|c|\u2606RaimuBeat|gg\n","uploadtime":1682891172,"views":13,"p1id":"littletimmyfan","p2id":"raimubeat","formatid":"gen9vgc2023regulationc","rating":1047,"private":0,"password":""}