{"id":"gen9vgc2023regulationc-1852140720","p1":"Ricardo Randorez","p2":"sheyagamitililight","format":"[Gen 9] VGC 2023 Regulation C","log":"|j|\u2606Ricardo Randorez\n|j|\u2606sheyagamitililight\n|t:|1682527482\n|gametype|doubles\n|player|p1|Ricardo Randorez|2|1206\n|player|p2|sheyagamitililight|volkner|1105\n|teamsize|p1|6\n|teamsize|p2|6\n|gen|9\n|tier|[Gen 9] VGC 2023 Regulation C\n|rated|\n|rule|Species Clause: Limit one of each Pok\u00e9mon\n|rule|Item Clause: Limit one of each item\n|clearpoke\n|poke|p1|Pachirisu, L50, M|\n|poke|p1|Gholdengo, L50|\n|poke|p1|Azumarill, L50, F|\n|poke|p1|Chien-Pao, L50|\n|poke|p1|Dragonite, L50, M|\n|poke|p1|Brute Bonnet, L50|\n|poke|p2|Kingambit, L50, F|\n|poke|p2|Farigiraf, L50, F|\n|poke|p2|Garchomp, L50, M|\n|poke|p2|Gastrodon, L50, M|\n|poke|p2|Tatsugiri-Droopy, L50, F|\n|poke|p2|Flutter Mane, L50|\n|teampreview|4\n|j| xdfcgvhbjnkm\n|l| xdfcgvhbjnkm\nsheyagamitililight rejected open team sheets.\n|inactive|Battle timer is ON: inactive players will automatically lose when time's up. (requested by sheyagamitililight)\n|\n|t:|1682527515\n|start\n|switch|p1a: Brute Bonnet|Brute Bonnet, L50|100\/100\n|switch|p1b: Gholdengo|Gholdengo, L50|100\/100\n|switch|p2a: Gastrodon|Gastrodon, L50, M, shiny|100\/100\n|switch|p2b: Tatsugiri|Tatsugiri-Droopy, L50, F, shiny|100\/100\n|turn|1\n|\n|t:|1682527534\n|move|p1b: Gholdengo|Nasty Plot|p1b: Gholdengo\n|-boost|p1b: Gholdengo|spa|2\n|move|p2b: Tatsugiri|Surf|p1b: Gholdengo|[spread] p1a,p1b\n|-ability|p2a: Gastrodon|Storm Drain|boost\n|-boost|p2a: Gastrodon|spa|1\n|-resisted|p1a: Brute Bonnet\n|-damage|p1a: Brute Bonnet|85\/100\n|-damage|p1b: Gholdengo|60\/100\n|move|p1a: Brute Bonnet|Spore|p2a: Gastrodon\n|-status|p2a: Gastrodon|slp|[from] move: Spore\n|cant|p2a: Gastrodon|slp\n|\n|-heal|p1b: Gholdengo|66\/100|[from] item: Leftovers\n|upkeep\n|turn|2\n|inactive|sheyagamitililight has 30 seconds left.\n|\n|t:|1682527562\n|move|p1b: Gholdengo|Shadow Ball|p2b: Tatsugiri\n|-damage|p2b: Tatsugiri|33\/100\n|-unboost|p2b: Tatsugiri|spd|1\n|move|p2b: Tatsugiri|Icy Wind|p1a: Brute Bonnet|[spread] p1a,p1b\n|-supereffective|p1a: Brute Bonnet\n|-resisted|p1b: Gholdengo\n|-damage|p1a: Brute Bonnet|61\/100\n|-damage|p1b: Gholdengo|59\/100\n|-unboost|p1a: Brute Bonnet|spe|1\n|-unboost|p1b: Gholdengo|spe|1\n|-curestatus|p2a: Gastrodon|slp|[msg]\n|move|p2a: Gastrodon|Earth Power|p1b: Gholdengo\n|-supereffective|p1b: Gholdengo\n|-damage|p1b: Gholdengo|0 fnt\n|faint|p1b: Gholdengo\n|move|p1a: Brute Bonnet|Spore|p2b: Tatsugiri\n|-status|p2b: Tatsugiri|slp|[from] move: Spore\n|\n|upkeep\n|\n|t:|1682527582\n|switch|p1b: Dragonite|Dragonite, L50, M|100\/100\n|turn|3\n|\n|t:|1682527600\n|cant|p2b: Tatsugiri|slp\n|move|p1b: Dragonite|Tailwind|p1b: Dragonite\n|-sidestart|p1: Ricardo Randorez|move: Tailwind\n|move|p1a: Brute Bonnet|Spore|p2a: Gastrodon\n|-status|p2a: Gastrodon|slp|[from] move: Spore\n|cant|p2a: Gastrodon|slp\n|\n|upkeep\n|turn|4\n|\n|t:|1682527618\n|move|p1b: Dragonite|Extreme Speed|p2b: Tatsugiri\n|-damage|p2b: Tatsugiri|0 fnt\n|faint|p2b: Tatsugiri\n|-damage|p1b: Dragonite|91\/100|[from] item: Life Orb\n|move|p1a: Brute Bonnet|Seed Bomb|p2a: Gastrodon\n|-supereffective|p2a: Gastrodon\n|-damage|p2a: Gastrodon|0 fnt\n|faint|p2a: Gastrodon\n|\n|upkeep\n|\n|t:|1682527627\n|switch|p2b: Garchomp|Garchomp, L50, M, shiny|100\/100\n|switch|p2a: Kingambit|Kingambit, L50, F, shiny|100\/100\n|-activate|p2a: Kingambit|ability: Supreme Overlord\n|-start|p2a: Kingambit|fallen2|[silent]\n|turn|5\n|inactive|Ricardo Randorez has 30 seconds left.\n|inactive|sheyagamitililight has 30 seconds left.\n|inactive|sheyagamitililight has 20 seconds left.\n|\n|t:|1682527665\n|move|p2b: Garchomp|Protect|p2b: Garchomp\n|-singleturn|p2b: Garchomp|Protect\n|move|p1b: Dragonite|Low Kick|p2a: Kingambit\n|-supereffective|p2a: Kingambit\n|-damage|p2a: Kingambit|0 fnt\n|-damage|p1b: Dragonite|74\/100|[from] item: Rocky Helmet|[of] p2a: Kingambit\n|faint|p2a: Kingambit\n|-end|p2a: Kingambit|fallen2|[silent]\n|-damage|p1b: Dragonite|64\/100|[from] item: Life Orb\n|move|p1a: Brute Bonnet|Seed Bomb|p2b: Garchomp\n|-activate|p2b: Garchomp|move: Protect\n|\n|upkeep\n|turn|6\n|c|\u2606sheyagamitililight|who tf uses low kick on a dragonite\n|inactive|sheyagamitililight has 30 seconds left.\n|-message|sheyagamitililight forfeited.\n|\n|win|Ricardo Randorez\n|raw|Ricardo Randorez's rating: 1206 → 1224<\/strong> (+18 for winning)\n|raw|sheyagamitililight's rating: 1105 → 1087<\/strong> (-18 for losing)\n|l|\u2606sheyagamitililight\n","uploadtime":1682527697,"views":15,"p1id":"ricardorandorez","p2id":"sheyagamitililight","formatid":"gen9vgc2023regulationc","rating":1087,"private":0,"password":""}