{"id":"gen9vgc2023regulationc-1847514872","p1":"DA__MAGIK___BOI!!","p2":"Borghi","format":"[Gen 9] VGC 2023 Regulation C","log":"|j|\u2606DA__MAGIK___BOI!!\n|j|\u2606Borghi\n|t:|1681965540\n|gametype|doubles\n|player|p1|DA__MAGIK___BOI!!|unknown|\n|player|p2|Borghi|blue-masters|\n|teamsize|p1|6\n|teamsize|p2|6\n|gen|9\n|tier|[Gen 9] VGC 2023 Regulation C\n|rated|Tournament battle\n|rule|Species Clause: Limit one of each Pok\u00e9mon\n|rule|Item Clause: Limit one of each item\n|clearpoke\n|poke|p1|Talonflame, L50, M|\n|poke|p1|Chien-Pao, L50|\n|poke|p1|Garchomp, L50, F|\n|poke|p1|Gholdengo, L50|\n|poke|p1|Hydreigon, L50, M|\n|poke|p1|Flutter Mane, L50|\n|poke|p2|Annihilape, L50, F|\n|poke|p2|Maushold, L50|\n|poke|p2|Dondozo, L50, F|\n|poke|p2|Tatsugiri, L50, M|\n|poke|p2|Chien-Pao, L50|\n|poke|p2|Dragonite, L50, M|\n|teampreview|4\n|inactive|Battle timer is ON: inactive players will automatically lose when time's up. (requested by DA__MAGIK___BOI!!)\n|inactive|Borghi also wants the timer to be on.\nBorghi rejected open team sheets.\n|j| Tameryn\n|j| rv100\n|c| rv100|oh nice team\n|c| rv100|it's interesting\n|l| Tameryn\n|inactive|DA__MAGIK___BOI!! has 60 seconds left.\n|inactive|Borghi has 60 seconds left.\n|\n|t:|1681965571\n|start\n|switch|p1a: Talonflame|Talonflame, L50, M, shiny|100\/100\n|switch|p1b: Garchomp|Garchomp, L50, F|100\/100\n|switch|p2a: Dragonite|Dragonite, L50, M|100\/100\n|switch|p2b: Dondozo|Dondozo, L50, F|100\/100\n|turn|1\n|c| rv100|unfortunately DA__MAGIK___BOI has a garchomp\n|inactive|DA__MAGIK___BOI!! has 30 seconds left.\n|j| PreciseStrikes\n|l| PreciseStrikes\n|\n|t:|1681965605\n|-terastallize|p1a: Talonflame|Ghost\n|move|p1a: Talonflame|Tailwind|p1a: Talonflame\n|-sidestart|p1: DA__MAGIK___BOI!!|move: Tailwind\n|move|p1b: Garchomp|Rock Slide|p2b: Dondozo|[spread] p2b\n|-miss|p1b: Garchomp|p2a: Dragonite\n|-damage|p2b: Dondozo|80\/100\n|move|p2a: Dragonite|Tailwind|p2a: Dragonite\n|-sidestart|p2: Borghi|move: Tailwind\n|move|p2b: Dondozo|Wave Crash|p1a: Talonflame\n|-damage|p1a: Talonflame|38\/100\n|-damage|p2b: Dondozo|66\/100|[from] Recoil\n|-enditem|p1a: Talonflame|Eject Button\n|j|+TheEeveeAnimations\n|c| rv100|that nmiss\n|c| rv100|is so sad bro\n|j| repeatt\n|\n|t:|1681965625\n|switch|p1a: Chien-Pao|Chien-Pao, L50|100\/100\n|-ability|p1a: Chien-Pao|Sword of Ruin\n|\n|-heal|p2b: Dondozo|72\/100|[from] item: Leftovers\n|upkeep\n|turn|2\n|inactive|Borghi has 30 seconds left.\n|\n|t:|1681965656\n|move|p2b: Dondozo|Protect|p2b: Dondozo\n|-singleturn|p2b: Dondozo|Protect\n|move|p1a: Chien-Pao|Sacred Sword|p2b: Dondozo\n|-activate|p2b: Dondozo|move: Protect\n|move|p1b: Garchomp|Rock Slide|p2b: Dondozo|[spread] p2a\n|-activate|p2b: Dondozo|move: Protect\n|-supereffective|p2a: Dragonite\n|-damage|p2a: Dragonite|62\/100\n|cant|p2a: Dragonite|flinch\n|\n|-heal|p2b: Dondozo|78\/100|[from] item: Leftovers\n|upkeep\n|turn|3\n|c| rv100|it hits\n|c| rv100|yay\n|c|\u2606Borghi|rv100 bein for real\n|c|\u2606Borghi|ur bein annoying\n|inactive|Borghi has 30 seconds left.\n|c| rv100|Borghi sry\n|inactive|Borghi has 20 seconds left.\n|c| repeatt|shh\n|inactive|Borghi has 15 seconds left.\n|c| rv100|I will just go sit in my corner and reflect on myself\n|inactive|Borghi has 10 seconds left.\n|inactive|Borghi has 5 seconds left.\n|c| repeatt|jus stop\n|\n|t:|1681965709\n|move|p2a: Dragonite|Extreme Speed|p1a: Chien-Pao\n|-damage|p1a: Chien-Pao|57\/100\n|move|p1a: Chien-Pao|Sacred Sword|p2b: Dondozo\n|-damage|p2b: Dondozo|38\/100\n|-damage|p1a: Chien-Pao|47\/100|[from] item: Life Orb\n|move|p1b: Garchomp|Rock Slide|p2a: Dragonite|[spread] p2a,p2b\n|-supereffective|p2a: Dragonite\n|-crit|p2b: Dondozo\n|-damage|p2a: Dragonite|0 fnt\n|-damage|p2b: Dondozo|2\/100\n|faint|p2a: Dragonite\n|move|p2b: Dondozo|Wave Crash|p1b: Garchomp\n|-damage|p1b: Garchomp|44\/100\n|-damage|p2b: Dondozo|0 fnt|[from] ability: Rough Skin|[of] p1b: Garchomp\n|faint|p2b: Dondozo\n|\n|upkeep\n|\n|t:|1681965715\n|switch|p2a: Tatsugiri|Tatsugiri, L50, M|100\/100\n|switch|p2b: Chien-Pao|Chien-Pao, L50|100\/100\n|-ability|p2b: Chien-Pao|Sword of Ruin\n|turn|4\n|inactive|DA__MAGIK___BOI!! has 30 seconds left.\n|\n|t:|1681965746\n|switch|p1b: Talonflame|Talonflame, L50, M, shiny, tera:Ghost|38\/100\n|-terastallize|p2b: Chien-Pao|Dark\n|move|p2b: Chien-Pao|Sucker Punch||[still]\n|-fail|p2b: Chien-Pao\n|move|p1a: Chien-Pao|Sacred Sword|p2b: Chien-Pao\n|-supereffective|p2b: Chien-Pao\n|-enditem|p2b: Chien-Pao|Focus Sash\n|-damage|p2b: Chien-Pao|1\/100\n|-damage|p1a: Chien-Pao|38\/100|[from] item: Life Orb\n|move|p2a: Tatsugiri|Muddy Water|p1a: Chien-Pao|[spread] p1a,p1b\n|-damage|p1a: Chien-Pao|0 fnt\n|-damage|p1b: Talonflame|0 fnt\n|faint|p1a: Chien-Pao\n|faint|p1b: Talonflame\n|\n|-sideend|p1: DA__MAGIK___BOI!!|move: Tailwind\n|-sideend|p2: Borghi|move: Tailwind\n|upkeep\n|\n|t:|1681965760\n|switch|p1a: Garchomp|Garchomp, L50, F|44\/100\n|switch|p1b: Gholdengo|Gholdengo, L50|100\/100\n|turn|5\n|\n|t:|1681965780\n|move|p2b: Chien-Pao|Sucker Punch|p1a: Garchomp\n|-damage|p1a: Garchomp|0 fnt\n|-damage|p2b: Chien-Pao|0 fnt|[from] ability: Rough Skin|[of] p1a: Garchomp\n|faint|p1a: Garchomp\n|faint|p2b: Chien-Pao\n|move|p1b: Gholdengo|Make It Rain|p2a: Tatsugiri\n|-resisted|p2a: Tatsugiri\n|-damage|p2a: Tatsugiri|41\/100\n|-unboost|p1b: Gholdengo|spa|1\n|move|p2a: Tatsugiri|Muddy Water|p1b: Gholdengo\n|-damage|p1b: Gholdengo|26\/100\n|-unboost|p1b: Gholdengo|accuracy|1\n|\n|upkeep\n|turn|6\n|\n|t:|1681965799\n|move|p1b: Gholdengo|Make It Rain|p2a: Tatsugiri\n|-resisted|p2a: Tatsugiri\n|-damage|p2a: Tatsugiri|3\/100\n|-unboost|p1b: Gholdengo|spa|1\n|move|p2a: Tatsugiri|Muddy Water|p1b: Gholdengo|[miss]\n|-miss|p2a: Tatsugiri|p1b: Gholdengo\n|\n|upkeep\n|turn|7\n|\n|t:|1681965804\n|move|p1b: Gholdengo|Make It Rain|p2a: Tatsugiri|[miss]\n|-miss|p1b: Gholdengo|p2a: Tatsugiri\n|move|p2a: Tatsugiri|Muddy Water|p1b: Gholdengo\n|-crit|p1b: Gholdengo\n|-damage|p1b: Gholdengo|0 fnt\n|faint|p1b: Gholdengo\n|\n|win|Borghi\n|n|\u2606DA__MAGIK___BOI!!|damagikboi\n|n|\u2606Borghi|borghi\n|n| rv100|rv100\n|n| TheEeveeAnimations|theeeveeanimations\n|n| repeatt|repeatt\n|c|\u2606Borghi|._.\n|c|\u2606Borghi|mish\n|c| repeatt|that was an endgame\n|l|\u2606DA__MAGIK___BOI!!\n|l| repeatt\n|l| rv100\n|l| TheEeveeAnimations\n","uploadtime":1681966929,"views":8,"p1id":"damagikboi","p2id":"borghi","formatid":"gen9vgc2023regulationc","rating":0,"private":0,"password":""}