{"id":"gen9vgc2023regulationc-1864101544","p1":"kaleuwu","p2":"RonJohn","format":"[Gen 9] VGC 2023 Regulation C","log":"|j|\u2606kaleuwu\n|j|\u2606RonJohn\n|t:|1684117571\n|gametype|doubles\n|player|p1|kaleuwu|170|1294\n|player|p2|RonJohn|169|1318\n|teamsize|p1|6\n|teamsize|p2|6\n|gen|9\n|tier|[Gen 9] VGC 2023 Regulation C\n|rated|\n|rule|Species Clause: Limit one of each Pok\u00e9mon\n|rule|Item Clause: Limit one of each item\n|clearpoke\n|poke|p1|Flutter Mane, L50|\n|poke|p1|Iron Bundle, L50|\n|poke|p1|Chi-Yu, L50|\n|poke|p1|Chien-Pao, L50|\n|poke|p1|Scizor, L50, F|\n|poke|p1|Gyarados, L50, F|\n|poke|p2|Flutter Mane, L50|\n|poke|p2|Orthworm, L50, F|\n|poke|p2|Dragonite, L50, M|\n|poke|p2|Amoonguss, L50, F|\n|poke|p2|Gyarados, L50, M|\n|poke|p2|Ting-Lu, L50|\n|teampreview|4\n|inactive|Battle timer is ON: inactive players will automatically lose when time's up. (requested by kaleuwu)\nkaleuwu has agreed to open team sheets.\n|inactive|RonJohn has 60 seconds left.\nRonJohn has agreed to open team sheets.\n|\n|t:|1684117626\n|start\n|switch|p1a: The Hydra|Iron Bundle, L50|100\/100\n|switch|p1b: Fire in the belly|Chi-Yu, L50|100\/100\n|switch|p2a: Gyarados|Gyarados, L50, M|100\/100\n|switch|p2b: Ting-Lu|Ting-Lu, L50|100\/100\n|-ability|p1b: Fire in the belly|Beads of Ruin\n|-ability|p2a: Gyarados|Intimidate|boost\n|-unboost|p1a: The Hydra|atk|1\n|-unboost|p1b: Fire in the belly|atk|1\n|-ability|p2b: Ting-Lu|Vessel of Ruin\n|-enditem|p1a: The Hydra|Booster Energy\n|-activate|p1a: The Hydra|ability: Quark Drive|[fromitem]\n|-start|p1a: The Hydra|quarkdrivespe\n|turn|1\n|inactive|RonJohn has 30 seconds left.\n|\n|t:|1684117652\n|switch|p2a: Orthworm|Orthworm, L50, F|100\/100\n|-terastallize|p1b: Fire in the belly|Dark\n|move|p1a: The Hydra|Freeze-Dry|p2a: Orthworm\n|-resisted|p2a: Orthworm\n|-damage|p2a: Orthworm|85\/100\n|move|p1b: Fire in the belly|Nasty Plot|p1b: Fire in the belly\n|-boost|p1b: Fire in the belly|spa|2\n|move|p2b: Ting-Lu|Earthquake|p1b: Fire in the belly|[spread] p1a,p1b\n|-heal|p2a: Orthworm|100\/100|[from] ability: Earth Eater|[of] p2b: Ting-Lu\n|-damage|p1a: The Hydra|57\/100\n|-damage|p1b: Fire in the belly|56\/100\n|\n|upkeep\n|turn|2\n|inactive|kaleuwu has 30 seconds left.\n|inactive|RonJohn has 30 seconds left.\n|\n|t:|1684117683\n|-terastallize|p2a: Orthworm|Poison\n|move|p1a: The Hydra|Protect|p1a: The Hydra\n|-singleturn|p1a: The Hydra|Protect\n|move|p1b: Fire in the belly|Dark Pulse|p2a: Orthworm\n|-damage|p2a: Orthworm|0 fnt\n|faint|p2a: Orthworm\n|move|p2b: Ting-Lu|Earthquake|p1b: Fire in the belly|[spread] p1b\n|-activate|p1a: The Hydra|move: Protect\n|-damage|p1b: Fire in the belly|10\/100\n|\n|upkeep\n|\n|t:|1684117699\n|switch|p2a: Dragonite|Dragonite, L50, M|100\/100\n|turn|3\n|inactive|RonJohn has 30 seconds left.\n|\n|t:|1684117724\n|move|p1b: Fire in the belly|Protect|p1b: Fire in the belly\n|-singleturn|p1b: Fire in the belly|Protect\n|move|p2a: Dragonite|Extreme Speed|p1a: The Hydra\n|-damage|p1a: The Hydra|24\/100\n|move|p1a: The Hydra|Icy Wind|p2a: Dragonite|[spread] p2a,p2b\n|-supereffective|p2a: Dragonite\n|-supereffective|p2b: Ting-Lu\n|-damage|p2a: Dragonite|57\/100\n|-damage|p2b: Ting-Lu|80\/100\n|-unboost|p2a: Dragonite|spe|1\n|-unboost|p2b: Ting-Lu|spe|1\n|move|p2b: Ting-Lu|Earthquake|p1b: Fire in the belly|[spread] p1a\n|-activate|p1b: Fire in the belly|move: Protect\n|-immune|p2a: Dragonite\n|-damage|p1a: The Hydra|0 fnt\n|faint|p1a: The Hydra\n|-end|p1a: The Hydra|Quark Drive|[silent]\n|\n|upkeep\n|\n|t:|1684117731\n|switch|p1a: ANTIFRAGILE|Flutter Mane, L50, shiny|100\/100\n|turn|4\n|\n|t:|1684117751\n|move|p1b: Fire in the belly|Protect||[still]\n|-fail|p1b: Fire in the belly\n|move|p2a: Dragonite|Extreme Speed|p1b: Fire in the belly\n|-damage|p1b: Fire in the belly|0 fnt\n|faint|p1b: Fire in the belly\n|move|p1a: ANTIFRAGILE|Dazzling Gleam|p2b: Ting-Lu|[spread] p2a,p2b\n|-supereffective|p2a: Dragonite\n|-supereffective|p2b: Ting-Lu\n|-damage|p2a: Dragonite|0 fnt\n|-damage|p2b: Ting-Lu|40\/100\n|faint|p2a: Dragonite\n|move|p2b: Ting-Lu|Heavy Slam|p1a: ANTIFRAGILE\n|-supereffective|p1a: ANTIFRAGILE\n|-damage|p1a: ANTIFRAGILE|0 fnt\n|faint|p1a: ANTIFRAGILE\n|-end|p1a: ANTIFRAGILE|Protosynthesis|[silent]\n|\n|upkeep\n|\n|t:|1684117764\n|switch|p1b: Impurities|Chien-Pao, L50|100\/100\n|switch|p2a: Gyarados|Gyarados, L50, M|100\/100\n|-ability|p1b: Impurities|Sword of Ruin\n|-ability|p2a: Gyarados|Intimidate|boost\n|-unboost|p1b: Impurities|atk|1\n|turn|5\n|inactive|RonJohn has 30 seconds left.\n|inactive|RonJohn has 20 seconds left.\n|\n|t:|1684117799\n|move|p1b: Impurities|Ice Spinner|p2b: Ting-Lu\n|-supereffective|p2b: Ting-Lu\n|-damage|p2b: Ting-Lu|0 fnt\n|faint|p2b: Ting-Lu\n|move|p2a: Gyarados|Thunder Wave|p1b: Impurities\n|-status|p1b: Impurities|par\n|\n|upkeep\n|turn|6\n|\n|t:|1684117815\n|move|p1b: Impurities|Sucker Punch||[still]\n|-fail|p1b: Impurities\n|move|p2a: Gyarados|Rain Dance|p2a: Gyarados\n|-weather|RainDance\n|\n|-weather|RainDance|[upkeep]\n|upkeep\n|turn|7\n|\n|t:|1684117826\n|move|p1b: Impurities|Sucker Punch||[still]\n|-fail|p1b: Impurities\n|move|p2a: Gyarados|Taunt|p1b: Impurities\n|-start|p1b: Impurities|move: Taunt\n|\n|-weather|RainDance|[upkeep]\n|upkeep\n|turn|8\n|\n|t:|1684117834\n|cant|p1b: Impurities|par\n|move|p2a: Gyarados|Waterfall|p1b: Impurities\n|-damage|p1b: Impurities|24\/100 par\n|\n|-weather|RainDance|[upkeep]\n|upkeep\n|turn|9\n|\n|t:|1684117841\n|move|p1b: Impurities|Sucker Punch|p2a: Gyarados\n|-damage|p2a: Gyarados|69\/100\n|move|p2a: Gyarados|Waterfall|p1b: Impurities\n|-damage|p1b: Impurities|0 fnt\n|faint|p1b: Impurities\n|\n|win|RonJohn\n|raw|kaleuwu's rating: 1294 → 1271<\/strong> (-23 for losing)\n|raw|RonJohn's rating: 1318 → 1337<\/strong> (+19 for winning)\n|l|\u2606kaleuwu\n|c|\u2606RonJohn|gg\n","uploadtime":1684117854,"views":32,"p1id":"kaleuwu","p2id":"ronjohn","formatid":"gen9vgc2023regulationc","rating":1271,"private":0,"password":""}