{"id":"gen9vgc2023regulationc-1860731746","p1":"SlowHomie","p2":"P OMEGALUL L","format":"[Gen 9] VGC 2023 Regulation C","log":"|j|\u2606SlowHomie\n|j|\u2606P OMEGALUL L\n|t:|1683671154\n|gametype|doubles\n|player|p1|SlowHomie|lucas|\n|player|p2|P OMEGALUL L|169|\n|teamsize|p1|6\n|teamsize|p2|6\n|gen|9\n|tier|[Gen 9] VGC 2023 Regulation C\n|rated|Tournament battle\n|rule|Species Clause: Limit one of each Pok\u00e9mon\n|rule|Item Clause: Limit one of each item\n|clearpoke\n|poke|p1|Orthworm, L50, F|\n|poke|p1|Dragonite, L50, M|\n|poke|p1|Ting-Lu, L50|\n|poke|p1|Gyarados, L50, M|\n|poke|p1|Flutter Mane, L50|\n|poke|p1|Chien-Pao, L50|\n|poke|p2|Amoonguss, L50, M|\n|poke|p2|Arcanine, L50, F|\n|poke|p2|Palafin, L50, M|\n|poke|p2|Ting-Lu, L50|\n|poke|p2|Flutter Mane, L50|\n|poke|p2|Baxcalibur, L50, F|\n|teampreview|4\n|raw| Open Team Sheet for SlowHomie<\/summary>Orthworm @ Sitrus Berry Ability: Earth Eater Level: 50 Tera Type: Fire - Shed Tail - Body Press - Iron Defense - Heavy Slam Dragonite @ Lum Berry Ability: Multiscale Level: 50 Tera Type: Flying - Dragon Dance - Tera Blast - Earthquake - Extreme Speed Ting-Lu @ Choice Band Ability: Vessel of Ruin Level: 50 Tera Type: Water - Earthquake - Rock Slide - Throat Chop - Bulldoze Gyarados @ Safety Goggles Ability: Intimidate Level: 50 Tera Type: Water - Taunt - Thunder Wave - Waterfall - Bulldoze Flutter Mane @ Choice Specs Ability: Protosynthesis Level: 50 Tera Type: Fairy - Hex - Dazzling Gleam - Moonblast - Icy Wind Chien-Pao @ Focus Sash Ability: Sword of Ruin Level: 50 Tera Type: Dark - Ice Spinner - Sucker Punch - Haze - Protect <\/details><\/div> Open Team Sheet for P OMEGALUL L<\/summary>Amoonguss @ Sitrus Berry Ability: Regenerator Level: 50 Tera Type: Water - Pollen Puff - Rage Powder - Spore - Protect Arcanine @ Safety Goggles Ability: Intimidate Level: 50 Tera Type: Water - Flare Blitz - Extreme Speed - Will-O-Wisp - Protect Palafin @ Mystic Water Ability: Zero to Hero Level: 50 Tera Type: Water - Jet Punch - Wave Crash - Haze - Protect Ting-Lu @ Assault Vest Ability: Vessel of Ruin Level: 50 Tera Type: Grass - Stomping Tantrum - Heavy Slam - Fissure - Ruination Flutter Mane @ Choice Specs Ability: Protosynthesis Level: 50 Tera Type: Fairy - Moonblast - Dazzling Gleam - Shadow Ball - Thunderbolt Baxcalibur @ Clear Amulet Ability: Thermal Exchange Level: 50 Tera Type: Poison - Glaive Rush - Icicle Crash - Ice Shard - Protect <\/details><\/div>\n|inactive|Battle timer is ON: inactive players will automatically lose when time's up. (requested by P OMEGALUL L)\n|c|\u2606SlowHomie|glhf\n|inactive|P OMEGALUL L has 60 seconds left.\n|j| Wyvern129\n|inactive|P OMEGALUL L has 30 seconds left.\n|inactive|P OMEGALUL L has 20 seconds left.\n|inactive|P OMEGALUL L has 15 seconds left.\n|\n|t:|1683671234\n|start\n|switch|p1a: Gyarados|Gyarados, L50, M|100\/100\n|switch|p1b: Orthworm|Orthworm, L50, F|100\/100\n|switch|p2a: Amoonguss|Amoonguss, L50, M|100\/100\n|switch|p2b: Palafin|Palafin, L50, M|100\/100\n|-ability|p1a: Gyarados|Intimidate|boost\n|-unboost|p2a: Amoonguss|atk|1\n|-unboost|p2b: Palafin|atk|1\n|turn|1\n|j| vsevfswws\n|\n|t:|1683671257\n|detailschange|p2b: Palafin|Palafin-Hero, L50, M\n|switch|p2b: Baxcalibur|Baxcalibur, L50, F|100\/100\n|switch|p2a: Flutter Mane|Flutter Mane, L50|100\/100\n|move|p1a: Gyarados|Taunt|p2a: Flutter Mane\n|-start|p2a: Flutter Mane|move: Taunt\n|move|p1b: Orthworm|Iron Defense|p1b: Orthworm\n|-boost|p1b: Orthworm|def|2\n|\n|upkeep\n|turn|2\n|j|@PinkSylvie\n|l|@PinkSylvie\n|j| PoppyPearly\n|inactive|SlowHomie has 30 seconds left.\n|\n|t:|1683671283\n|switch|p1a: Ting-Lu|Ting-Lu, L50|100\/100\n|-ability|p1a: Ting-Lu|Vessel of Ruin\n|move|p2a: Flutter Mane|Moonblast|p1a: Ting-Lu\n|-supereffective|p1a: Ting-Lu\n|-damage|p1a: Ting-Lu|23\/100\n|move|p2b: Baxcalibur|Glaive Rush|p1a: Ting-Lu\n|-damage|p1a: Ting-Lu|0 fnt\n|-singlemove|p2b: Baxcalibur|Glaive Rush|[silent]\n|faint|p1a: Ting-Lu\n|move|p1b: Orthworm|Heavy Slam|p2a: Flutter Mane\n|-supereffective|p2a: Flutter Mane\n|-damage|p2a: Flutter Mane|0 fnt\n|faint|p2a: Flutter Mane\n|-end|p2a: Flutter Mane|Protosynthesis|[silent]\n|\n|upkeep\n|\n|t:|1683671300\n|switch|p2a: Amoonguss|Amoonguss, L50, M|100\/100\n|switch|p1a: Gyarados|Gyarados, L50, M|100\/100\n|-ability|p1a: Gyarados|Intimidate|boost\n|-unboost|p2a: Amoonguss|atk|1\n|-fail|p2b: Baxcalibur|unboost|[from] item: Clear Amulet|[of] p2b: Baxcalibur\n|turn|3\n|\n|t:|1683671310\n|move|p2a: Amoonguss|Rage Powder|p2a: Amoonguss\n|-singleturn|p2a: Amoonguss|move: Rage Powder\n|move|p1a: Gyarados|Taunt|p2a: Amoonguss\n|-start|p2a: Amoonguss|move: Taunt\n|move|p2b: Baxcalibur|Glaive Rush|p1a: Gyarados\n|-damage|p1a: Gyarados|29\/100\n|-singlemove|p2b: Baxcalibur|Glaive Rush|[silent]\n|move|p1b: Orthworm|Body Press|p2a: Amoonguss\n|-resisted|p2a: Amoonguss\n|-damage|p2a: Amoonguss|77\/100\n|\n|upkeep\n|turn|4\n|\n|t:|1683671326\n|switch|p1a: Flutter Mane|Flutter Mane, L50|100\/100\n|switch|p2a: Palafin|Palafin-Hero, L50, M|100\/100\n|-activate|p2a: Palafin|ability: Zero to Hero\n|move|p2b: Baxcalibur|Protect|p2b: Baxcalibur\n|-singleturn|p2b: Baxcalibur|Protect\n|move|p1b: Orthworm|Body Press|p2b: Baxcalibur\n|-activate|p2b: Baxcalibur|move: Protect\n|\n|upkeep\n|turn|5\n|\n|t:|1683671349\n|switch|p2b: Amoonguss|Amoonguss, L50, M|100\/100\n|-terastallize|p2a: Palafin|Water\n|move|p2a: Palafin|Jet Punch|p1a: Flutter Mane\n|-crit|p1a: Flutter Mane\n|-damage|p1a: Flutter Mane|0 fnt\n|faint|p1a: Flutter Mane\n|-end|p1a: Flutter Mane|Protosynthesis|[silent]\n|move|p1b: Orthworm|Body Press|p2b: Amoonguss\n|-resisted|p2b: Amoonguss\n|-damage|p2b: Amoonguss|79\/100\n|\n|upkeep\n|\n|t:|1683671357\n|switch|p1a: Gyarados|Gyarados, L50, M|29\/100\n|-ability|p1a: Gyarados|Intimidate|boost\n|-unboost|p2a: Palafin|atk|1\n|-unboost|p2b: Amoonguss|atk|1\n|turn|6\n|\n|t:|1683671372\n|switch|p2a: Baxcalibur|Baxcalibur, L50, F|100\/100\n|move|p2b: Amoonguss|Rage Powder|p2b: Amoonguss\n|-singleturn|p2b: Amoonguss|move: Rage Powder\n|move|p1a: Gyarados|Bulldoze|p2a: Baxcalibur|[spread] p2a,p2b\n|-immune|p1b: Orthworm|[from] ability: Earth Eater\n|-damage|p2a: Baxcalibur|89\/100\n|-damage|p2b: Amoonguss|68\/100\n|-unboost|p2b: Amoonguss|spe|1\n|move|p1b: Orthworm|Body Press|p2b: Amoonguss\n|-resisted|p2b: Amoonguss\n|-damage|p2b: Amoonguss|45\/100\n|-enditem|p2b: Amoonguss|Sitrus Berry|[eat]\n|-heal|p2b: Amoonguss|70\/100|[from] item: Sitrus Berry\n|\n|upkeep\n|turn|7\n|\n|t:|1683671399\n|move|p2b: Amoonguss|Protect|p2b: Amoonguss\n|-singleturn|p2b: Amoonguss|Protect\n|move|p1a: Gyarados|Taunt|p2b: Amoonguss\n|-activate|p2b: Amoonguss|move: Protect\n|move|p2a: Baxcalibur|Glaive Rush|p1a: Gyarados\n|-damage|p1a: Gyarados|0 fnt\n|-singlemove|p2a: Baxcalibur|Glaive Rush|[silent]\n|faint|p1a: Gyarados\n|move|p1b: Orthworm|Iron Defense|p1b: Orthworm\n|-boost|p1b: Orthworm|def|2\n|\n|upkeep\n|turn|8\n|j| himothy23\n|\n|t:|1683671415\n|move|p2a: Baxcalibur|Glaive Rush|p1b: Orthworm\n|-resisted|p1b: Orthworm\n|-damage|p1b: Orthworm|92\/100\n|-singlemove|p2a: Baxcalibur|Glaive Rush|[silent]\n|move|p1b: Orthworm|Body Press|p2b: Amoonguss\n|-resisted|p2b: Amoonguss\n|-damage|p2b: Amoonguss|35\/100\n|move|p2b: Amoonguss|Spore|p1b: Orthworm\n|-status|p1b: Orthworm|slp|[from] move: Spore\n|\n|upkeep\n|turn|9\n|j| ale cog\n|\n|t:|1683671432\n|switch|p2a: Palafin|Palafin-Hero, L50, M, tera:Water|100\/100\n|cant|p1b: Orthworm|slp\n|move|p2b: Amoonguss|Pollen Puff|p1b: Orthworm\n|-resisted|p1b: Orthworm\n|-damage|p1b: Orthworm|82\/100 slp\n|\n|upkeep\n|turn|10\n|\n|t:|1683671442\n|move|p2b: Amoonguss|Rage Powder|p2b: Amoonguss\n|-singleturn|p2b: Amoonguss|move: Rage Powder\n|move|p2a: Palafin|Haze|p2a: Palafin\n|-clearallboost\n|cant|p1b: Orthworm|slp\n|\n|upkeep\n|turn|11\n|c|\u2606SlowHomie|I think that's ball game\n|c|\u2606SlowHomie|gg wp\n|c|\u2606SlowHomie|read me like a book and played me like a fiddle\n|l| ale cog\n|c| Wyvern129|almost there homie\n|inactive|SlowHomie has 30 seconds left.\n|\n|t:|1683671471\n|move|p2b: Amoonguss|Rage Powder|p2b: Amoonguss\n|-singleturn|p2b: Amoonguss|move: Rage Powder\n|move|p2a: Palafin|Wave Crash|p1b: Orthworm\n|-damage|p1b: Orthworm|3\/100 slp\n|-enditem|p1b: Orthworm|Sitrus Berry|[eat]\n|-heal|p1b: Orthworm|28\/100 slp|[from] item: Sitrus Berry\n|-damage|p2a: Palafin|78\/100|[from] Recoil\n|-curestatus|p1b: Orthworm|slp|[msg]\n|move|p1b: Orthworm|Body Press|p2b: Amoonguss\n|-resisted|p2b: Amoonguss\n|-damage|p2b: Amoonguss|23\/100\n|\n|upkeep\n|turn|12\n|c| Wyvern129|so close yet so far\n|-message|SlowHomie forfeited.\n|\n|win|P OMEGALUL L\n|n|\u2606SlowHomie|slowhomie\n|n|\u2606P OMEGALUL L|pomegalull\n|n| Wyvern129|wyvern129\n|n| vsevfswws|vsevfswws\n|n| PoppyPearly|poppypearly\n|n| himothy23|himothy23\n|c|\u2606P OMEGALUL L|ggs\n","uploadtime":1683671492,"views":18,"p1id":"slowhomie","p2id":"pomegalull","formatid":"gen9vgc2023regulationc","rating":0,"private":0,"password":""}