{"id":"gen9vgc2023regulationc-1855394090","p1":"UnitedBananaShake","p2":"PedroSalvat","format":"[Gen 9] VGC 2023 Regulation C","log":"|j|\u2606UnitedBananaShake\n|j|\u2606PedroSalvat\n|t:|1682946986\n|gametype|doubles\n|player|p1|UnitedBananaShake|2|1249\n|player|p2|PedroSalvat|265|1248\n|teamsize|p1|6\n|teamsize|p2|6\n|gen|9\n|tier|[Gen 9] VGC 2023 Regulation C\n|rated|\n|rule|Species Clause: Limit one of each Pok\u00e9mon\n|rule|Item Clause: Limit one of each item\n|clearpoke\n|poke|p1|Chi-Yu, L50|\n|poke|p1|Dachsbun, L50, F|\n|poke|p1|Dragonite, L50, F|\n|poke|p1|Flutter Mane, L50|\n|poke|p1|Azumarill, L50, M|\n|poke|p1|Chien-Pao, L50|\n|poke|p2|Chi-Yu, L50|\n|poke|p2|Flutter Mane, L50|\n|poke|p2|Annihilape, L50, M|\n|poke|p2|Talonflame, L50, F|\n|poke|p2|Indeedee-F, L50, F|\n|poke|p2|Gastrodon, L50, F|\n|teampreview|4\n|inactive|Battle timer is ON: inactive players will automatically lose when time's up. (requested by PedroSalvat)\n|inactive|UnitedBananaShake has 60 seconds left.\n|inactive|PedroSalvat has 60 seconds left.\n|inactive|UnitedBananaShake has 30 seconds left.\n|\n|t:|1682947049\n|start\n|switch|p1a: Chi-Yu|Chi-Yu, L50|100\/100\n|switch|p1b: Dachsbun|Dachsbun, L50, F|100\/100\n|switch|p2a: Annihilape|Annihilape, L50, M|100\/100\n|switch|p2b: Indeedee|Indeedee-F, L50, F|100\/100\n|-ability|p1a: Chi-Yu|Beads of Ruin\n|-fieldstart|move: Psychic Terrain|[from] ability: Psychic Surge|[of] p2b: Indeedee\n|-enditem|p2b: Indeedee|Psychic Seed\n|-boost|p2b: Indeedee|spd|1|[from] item: Psychic Seed\n|turn|1\n|inactive|PedroSalvat has 30 seconds left.\n|inactive|PedroSalvat has 20 seconds left.\n|\n|t:|1682947086\n|-terastallize|p2a: Annihilape|Fire\n|move|p2b: Indeedee|Follow Me|p2b: Indeedee\n|-singleturn|p2b: Indeedee|move: Follow Me\n|move|p1a: Chi-Yu|Lava Plume|p2b: Indeedee|[spread] p2a,p2b\n|-ability|p1b: Dachsbun|Well-Baked Body|boost\n|-boost|p1b: Dachsbun|def|2\n|-resisted|p2a: Annihilape\n|-crit|p2a: Annihilape\n|-damage|p2a: Annihilape|72\/100\n|-damage|p2b: Indeedee|75\/100\n|move|p2a: Annihilape|Bulk Up|p2a: Annihilape\n|-boost|p2a: Annihilape|atk|1\n|-boost|p2a: Annihilape|def|1\n|move|p1b: Dachsbun|Body Press|p2b: Indeedee\n|-damage|p2b: Indeedee|33\/100\n|\n|-heal|p2a: Annihilape|78\/100|[from] item: Leftovers\n|upkeep\n|turn|2\n|inactive|PedroSalvat has 30 seconds left.\n|\n|t:|1682947116\n|move|p2b: Indeedee|Follow Me|p2b: Indeedee\n|-singleturn|p2b: Indeedee|move: Follow Me\n|move|p1a: Chi-Yu|Lava Plume|p2a: Annihilape|[spread] p2a,p2b\n|-ability|p1b: Dachsbun|Well-Baked Body|boost\n|-boost|p1b: Dachsbun|def|2\n|-resisted|p2a: Annihilape\n|-damage|p2a: Annihilape|62\/100\n|-damage|p2b: Indeedee|4\/100\n|move|p2a: Annihilape|Bulk Up|p2a: Annihilape\n|-boost|p2a: Annihilape|atk|1\n|-boost|p2a: Annihilape|def|1\n|move|p1b: Dachsbun|Yawn|p2b: Indeedee\n|-start|p2b: Indeedee|move: Yawn|[of] p1b: Dachsbun\n|\n|-heal|p2a: Annihilape|68\/100|[from] item: Leftovers\n|upkeep\n|turn|3\n|\n|t:|1682947138\n|move|p2b: Indeedee|Helping Hand|p2a: Annihilape\n|-singleturn|p2a: Annihilape|Helping Hand|[of] p2b: Indeedee\n|move|p1a: Chi-Yu|Lava Plume|p2a: Annihilape|[spread] p2a,p2b\n|-ability|p1b: Dachsbun|Well-Baked Body|boost\n|-boost|p1b: Dachsbun|def|2\n|-resisted|p2a: Annihilape\n|-damage|p2a: Annihilape|50\/100\n|-damage|p2b: Indeedee|0 fnt\n|faint|p2b: Indeedee\n|move|p2a: Annihilape|Rage Fist|p1b: Dachsbun\n|-damage|p1b: Dachsbun|30\/100\n|move|p1b: Dachsbun|Yawn|p2a: Annihilape\n|-start|p2a: Annihilape|move: Yawn|[of] p1b: Dachsbun\n|\n|-heal|p2a: Annihilape|57\/100|[from] item: Leftovers\n|-heal|p1b: Dachsbun|36\/100|[from] item: Leftovers\n|upkeep\n|\n|t:|1682947158\n|switch|p2b: Flutter Mane|Flutter Mane, L50|100\/100\n|turn|4\n|inactive|UnitedBananaShake has 30 seconds left.\n|inactive|UnitedBananaShake has 20 seconds left.\n|inactive|UnitedBananaShake has 15 seconds left.\n|\n|t:|1682947203\n|switch|p1a: Chien-Pao|Chien-Pao, L50|100\/100\n|-ability|p1a: Chien-Pao|Sword of Ruin\n|move|p2a: Annihilape|Protect|p2a: Annihilape\n|-singleturn|p2a: Annihilape|Protect\n|move|p1b: Dachsbun|Protect|p1b: Dachsbun\n|-singleturn|p1b: Dachsbun|Protect\n|move|p2b: Flutter Mane|Moonblast|p1b: Dachsbun\n|-activate|p1b: Dachsbun|move: Protect\n|\n|-heal|p2a: Annihilape|63\/100|[from] item: Leftovers\n|-heal|p1b: Dachsbun|43\/100|[from] item: Leftovers\n|-end|p2a: Annihilape|move: Yawn|[silent]\n|upkeep\n|turn|5\n|inactive|UnitedBananaShake has 30 seconds left.\n|inactive|UnitedBananaShake has 20 seconds left.\n|inactive|PedroSalvat has 30 seconds left.\n|inactive|UnitedBananaShake has 15 seconds left.\n|inactive|UnitedBananaShake has 10 seconds left.\n|inactive|UnitedBananaShake has 5 seconds left.\n|\n|t:|1682947258\n|move|p1a: Chien-Pao|Protect|p1a: Chien-Pao\n|-singleturn|p1a: Chien-Pao|Protect\n|move|p1b: Dachsbun|Protect||[still]\n|-fail|p1b: Dachsbun\n|move|p2b: Flutter Mane|Dazzling Gleam|p1a: Chien-Pao|[spread] p1b\n|-activate|p1a: Chien-Pao|move: Protect\n|-damage|p1b: Dachsbun|13\/100\n|move|p2a: Annihilape|Drain Punch|p1a: Chien-Pao\n|-activate|p1a: Chien-Pao|move: Protect\n|\n|-heal|p2a: Annihilape|69\/100|[from] item: Leftovers\n|-heal|p1b: Dachsbun|19\/100|[from] item: Leftovers\n|-fieldend|move: Psychic Terrain\n|upkeep\n|turn|6\n|inactive|UnitedBananaShake has 30 seconds left.\n|\n|t:|1682947286\n|move|p2b: Flutter Mane|Protect|p2b: Flutter Mane\n|-singleturn|p2b: Flutter Mane|Protect\n|move|p1a: Chien-Pao|Sucker Punch||[still]\n|-fail|p1a: Chien-Pao\n|move|p2a: Annihilape|Drain Punch|p1a: Chien-Pao\n|-supereffective|p1a: Chien-Pao\n|-enditem|p1a: Chien-Pao|Focus Sash\n|-damage|p1a: Chien-Pao|1\/100\n|-heal|p2a: Annihilape|100\/100|[from] drain|[of] p1a: Chien-Pao\n|move|p1b: Dachsbun|Body Press|p2a: Annihilape\n|-damage|p2a: Annihilape|39\/100\n|\n|-heal|p2a: Annihilape|46\/100|[from] item: Leftovers\n|-heal|p1b: Dachsbun|25\/100|[from] item: Leftovers\n|upkeep\n|turn|7\n|\n|t:|1682947310\n|move|p2a: Annihilape|Protect|p2a: Annihilape\n|-singleturn|p2a: Annihilape|Protect\n|move|p1a: Chien-Pao|Sucker Punch|p2b: Flutter Mane\n|-damage|p2b: Flutter Mane|27\/100\n|move|p2b: Flutter Mane|Dazzling Gleam|p1a: Chien-Pao|[spread] p1a,p1b\n|-supereffective|p1a: Chien-Pao\n|-damage|p1a: Chien-Pao|0 fnt\n|-damage|p1b: Dachsbun|0 fnt\n|faint|p1a: Chien-Pao\n|faint|p1b: Dachsbun\n|\n|-heal|p2a: Annihilape|52\/100|[from] item: Leftovers\n|upkeep\n|\n|t:|1682947317\n|switch|p1a: Azumarill|Azumarill, L50, M|100\/100\n|switch|p1b: Chi-Yu|Chi-Yu, L50|100\/100\n|-ability|p1b: Chi-Yu|Beads of Ruin\n|turn|8\n|\n|t:|1682947333\n|-end|p2b: Flutter Mane|Protosynthesis|[silent]\n|switch|p2b: Gastrodon|Gastrodon, L50, F|100\/100\n|move|p1a: Azumarill|Aqua Jet|p2b: Gastrodon\n|-activate|p2b: Gastrodon|ability: Storm Drain\n|-ability|p2b: Gastrodon|Storm Drain|boost\n|-boost|p2b: Gastrodon|spa|1\n|move|p1b: Chi-Yu|Snarl|p2a: Annihilape|[spread] p2a,p2b\n|-damage|p2a: Annihilape|25\/100\n|-damage|p2b: Gastrodon|76\/100\n|-unboost|p2a: Annihilape|spa|1\n|-unboost|p2b: Gastrodon|spa|1\n|move|p2a: Annihilape|Drain Punch|p1b: Chi-Yu\n|-supereffective|p1b: Chi-Yu\n|-damage|p1b: Chi-Yu|0 fnt\n|-heal|p2a: Annihilape|57\/100|[from] drain|[of] p1b: Chi-Yu\n|faint|p1b: Chi-Yu\n|\n|-heal|p2a: Annihilape|63\/100|[from] item: Leftovers\n|upkeep\n|turn|9\n|-message|UnitedBananaShake forfeited.\n|\n|win|PedroSalvat\n|raw|UnitedBananaShake's rating: 1249 → 1224<\/strong> (-25 for losing)\n|raw|PedroSalvat's rating: 1248 → 1273<\/strong> (+25 for winning)\n|l|\u2606UnitedBananaShake\n","uploadtime":1682947368,"views":15,"p1id":"unitedbananashake","p2id":"pedrosalvat","formatid":"gen9vgc2023regulationc","rating":1224,"private":0,"password":""}