{"id":"gen9vgc2023regulationc-1844827884","p1":"filthy_sanchez","p2":"fuegoatgoat","format":"[Gen 9] VGC 2023 Regulation C","log":"|j|\u2606filthy_sanchez\n|j|\u2606fuegoatgoat\n|t:|1681653518\n|gametype|doubles\n|player|p1|filthy_sanchez|102|\n|player|p2|fuegoatgoat|101|\n|teamsize|p1|6\n|teamsize|p2|6\n|gen|9\n|tier|[Gen 9] VGC 2023 Regulation C\n|rule|Species Clause: Limit one of each Pok\u00e9mon\n|rule|Item Clause: Limit one of each item\n|clearpoke\n|poke|p1|Ting-Lu, L50|\n|poke|p1|Toxicroak, L50, M|\n|poke|p1|Glimmora, L50, M|\n|poke|p1|Azumarill, L50, M|\n|poke|p1|Haunter, L50, F|\n|poke|p1|Pikachu, L50, M|\n|poke|p2|Oricorio-Sensu, L50, F|\n|poke|p2|Volcarona, L50, M|\n|poke|p2|Scream Tail, L50|\n|poke|p2|Kilowattrel, L50, M|\n|poke|p2|Misdreavus, L50, M|\n|poke|p2|Dragapult, L50, M|\n|teampreview|4\nfuegoatgoat has agreed to open team sheets.\n|j| D4nkw33b\nfilthy_sanchez has agreed to open team sheets.\n|\n|t:|1681653596\n|start\n|switch|p1a: Haunter|Haunter, L50, F|100\/100\n|switch|p1b: Ting-Lu|Ting-Lu, L50|100\/100\n|switch|p2a: Milkshake|Oricorio-Sensu, L50, F, shiny|100\/100\n|switch|p2b: Fries|Volcarona, L50, M, shiny|100\/100\n|-ability|p1b: Ting-Lu|Vessel of Ruin\n|turn|1\n|\n|t:|1681653649\n|-terastallize|p2a: Milkshake|Fairy\n|-terastallize|p1a: Haunter|Fairy\n|move|p2a: Milkshake|Quiver Dance|p2a: Milkshake\n|-boost|p2a: Milkshake|spa|1\n|-boost|p2a: Milkshake|spd|1\n|-boost|p2a: Milkshake|spe|1\n|move|p2b: Fries|Quiver Dance|p2b: Fries\n|-boost|p2b: Fries|spa|1\n|-boost|p2b: Fries|spd|1\n|-boost|p2b: Fries|spe|1\n|-activate|p2a: Milkshake|ability: Dancer\n|move|p2a: Milkshake|Quiver Dance|p2a: Milkshake|[from]ability: Dancer\n|-boost|p2a: Milkshake|spa|1\n|-boost|p2a: Milkshake|spd|1\n|-boost|p2a: Milkshake|spe|1\n|move|p1a: Haunter|Sludge Bomb|p2b: Fries\n|-damage|p2b: Fries|86\/100\n|-enditem|p2b: Fries|Red Card|[of] p1a: Haunter\n|drag|p1a: Glimmora|Glimmora, L50, M, shiny|100\/100\n|move|p1b: Ting-Lu|Rock Slide|p2b: Fries|[spread] p2a,p2b\n|-supereffective|p2b: Fries\n|-damage|p2a: Milkshake|74\/100\n|-damage|p2b: Fries|16\/100\n|\n|upkeep\n|turn|2\n|\n|t:|1681653695\n|move|p2a: Milkshake|Protect|p2a: Milkshake\n|-singleturn|p2a: Milkshake|Protect\n|move|p2b: Fries|Quiver Dance|p2b: Fries\n|-boost|p2b: Fries|spa|1\n|-boost|p2b: Fries|spd|1\n|-boost|p2b: Fries|spe|1\n|-activate|p2a: Milkshake|ability: Dancer\n|move|p2a: Milkshake|Quiver Dance|p2a: Milkshake|[from]ability: Dancer\n|-boost|p2a: Milkshake|spa|1\n|-boost|p2a: Milkshake|spd|1\n|-boost|p2a: Milkshake|spe|1\n|move|p1a: Glimmora|Sludge Wave|p2b: Fries|[spread] p1b,p2b\n|-activate|p2a: Milkshake|move: Protect\n|-resisted|p1b: Ting-Lu\n|-damage|p1b: Ting-Lu|89\/100\n|-damage|p2b: Fries|0 fnt\n|faint|p2b: Fries\n|-damage|p1a: Glimmora|91\/100|[from] item: Life Orb\n|move|p1b: Ting-Lu|Rock Slide|p2a: Milkshake\n|-activate|p2a: Milkshake|move: Protect\n|\n|upkeep\n|\n|t:|1681653705\n|switch|p2b: Marshmallow|Scream Tail, L50, shiny|100\/100\n|-enditem|p2b: Marshmallow|Booster Energy\n|-activate|p2b: Marshmallow|ability: Protosynthesis|[fromitem]\n|-start|p2b: Marshmallow|protosynthesisspe\n|turn|3\n|\n|t:|1681653744\n|move|p2a: Milkshake|Revelation Dance|p1b: Ting-Lu\n|-supereffective|p1b: Ting-Lu\n|-damage|p1b: Ting-Lu|7\/100\n|move|p2b: Marshmallow|Disable|p1b: Ting-Lu\n|-start|p1b: Ting-Lu|Disable|Rock Slide\n|move|p1a: Glimmora|Sludge Wave|p2b: Marshmallow|[spread] p1b,p2a,p2b\n|-resisted|p1b: Ting-Lu\n|-supereffective|p2a: Milkshake\n|-supereffective|p2b: Marshmallow\n|-damage|p1b: Ting-Lu|0 fnt\n|-damage|p2a: Milkshake|29\/100\n|-damage|p2b: Marshmallow|42\/100\n|faint|p1b: Ting-Lu\n|-damage|p1a: Glimmora|81\/100|[from] item: Life Orb\n|\n|upkeep\n|\n|t:|1681653760\n|switch|p1b: Toxicroak|Toxicroak, L50, M|100\/100\n|turn|4\n|\n|t:|1681653789\n|move|p2a: Milkshake|Protect|p2a: Milkshake\n|-singleturn|p2a: Milkshake|Protect\n|move|p1b: Toxicroak|Bullet Punch|p2b: Marshmallow\n|-supereffective|p2b: Marshmallow\n|-damage|p2b: Marshmallow|17\/100\n|-status|p2b: Marshmallow|psn|[from] ability: Poison Touch|[of] p1b: Toxicroak\n|move|p2b: Marshmallow|Encore|p1b: Toxicroak\n|-start|p1b: Toxicroak|Encore\n|move|p1a: Glimmora|Sludge Wave|p2a: Milkshake|[spread] p1b,p2b\n|-activate|p2a: Milkshake|move: Protect\n|-resisted|p1b: Toxicroak\n|-supereffective|p2b: Marshmallow\n|-damage|p1b: Toxicroak|64\/100\n|-damage|p2b: Marshmallow|0 fnt\n|faint|p2b: Marshmallow\n|-end|p2b: Marshmallow|Protosynthesis|[silent]\n|-damage|p1a: Glimmora|71\/100|[from] item: Life Orb\n|\n|upkeep\n|\n|t:|1681653795\n|switch|p2b: McFlurry|Dragapult, L50, M, shiny|100\/100\n|turn|5\n|\n|t:|1681653847\n|move|p2a: Milkshake|Protect|p2a: Milkshake\n|-singleturn|p2a: Milkshake|Protect\n|move|p1b: Toxicroak|Bullet Punch|p2a: Milkshake\n|-activate|p2a: Milkshake|move: Protect\n|move|p2b: McFlurry|Phantom Force||[still]\n|-prepare|p2b: McFlurry|Phantom Force\n|move|p1a: Glimmora|Power Gem|p2b: McFlurry|[miss]\n|-miss|p1a: Glimmora|p2b: McFlurry\n|\n|upkeep\n|turn|6\n|\n|t:|1681653883\n|move|p1b: Toxicroak|Bullet Punch|p2a: Milkshake\n|-supereffective|p2a: Milkshake\n|-damage|p2a: Milkshake|0 fnt\n|faint|p2a: Milkshake\n|move|p2b: McFlurry|Phantom Force|p1a: Glimmora|[from]lockedmove\n|-damage|p1a: Glimmora|7\/100\n|-activate|p1a: Glimmora|ability: Toxic Debris\n|-sidestart|p2: fuegoatgoat|move: Toxic Spikes\n|move|p1a: Glimmora|Power Gem|p2b: McFlurry\n|-damage|p2b: McFlurry|15\/100\n|-damage|p1a: Glimmora|0 fnt|[from] item: Life Orb\n|faint|p1a: Glimmora\n|\n|upkeep\n|\n|t:|1681653895\n|switch|p1a: Haunter|Haunter, L50, F, tera:Fairy|100\/100\n|turn|7\n|\n|t:|1681653906\n|move|p1b: Toxicroak|Bullet Punch|p2b: McFlurry\n|-damage|p2b: McFlurry|0 fnt\n|faint|p2b: McFlurry\n|\n|win|filthy_sanchez\n|c|\u2606fuegoatgoat|gg\n|c|\u2606filthy_sanchez|GG\n","uploadtime":1681653914,"views":14,"p1id":"filthysanchez","p2id":"fuegoatgoat","formatid":"gen9vgc2023regulationc","rating":0,"private":0,"password":""}