{"id":"gen9vgc2023regulationc-1857570674","p1":"Marzbar","p2":"D4nkw33b","format":"[Gen 9] VGC 2023 Regulation C","log":"|j|\u2606Marzbar\n|j|\u2606D4nkw33b\n|t:|1683209265\n|gametype|doubles\n|player|p1|Marzbar|parasollady|\n|player|p2|D4nkw33b|266|\n|teamsize|p1|6\n|teamsize|p2|6\n|gen|9\n|tier|[Gen 9] VGC 2023 Regulation C\n|rule|Species Clause: Limit one of each Pok\u00e9mon\n|rule|Item Clause: Limit one of each item\n|clearpoke\n|poke|p1|Breloom, L50, M|\n|poke|p1|Armarouge, L50, F|\n|poke|p1|Palafin, L50, M|\n|poke|p1|Squawkabilly-White, L50, M|\n|poke|p1|Baxcalibur, L50, F|\n|poke|p1|Chien-Pao, L50|\n|poke|p2|Indeedee-F, L50, F|\n|poke|p2|Chi-Yu, L50|\n|poke|p2|Honchkrow, L50, M|\n|poke|p2|Tyranitar, L50, F|\n|poke|p2|Garchomp, L50, M|\n|poke|p2|Lycanroc, L50, M|\n|teampreview|4\nMarzbar has agreed to open team sheets.\n|c|\u2606D4nkw33b|Yessss\n|c|\u2606D4nkw33b|glhf\n|c|\u2606D4nkw33b|ive been looking forward to this match\n|\n|t:|1683209345\n|start\n|switch|p1a: Armarouge|Armarouge, L50, F, shiny|100\/100\n|switch|p1b: Palafin|Palafin, L50, M, shiny|100\/100\n|switch|p2a: Tyranitar|Tyranitar, L50, F|100\/100\n|switch|p2b: Lycanroc|Lycanroc, L50, M|100\/100\n|-weather|Sandstorm|[from] ability: Sand Stream|[of] p2a: Tyranitar\n|turn|1\n|\n|t:|1683209377\n|detailschange|p1b: Palafin|Palafin-Hero, L50, M, shiny\n|switch|p1b: Baxcalibur|Baxcalibur, L50, F, shiny|100\/100\n|switch|p2a: Indeedee|Indeedee-F, L50, F|100\/100\n|-fieldstart|move: Psychic Terrain|[from] ability: Psychic Surge|[of] p2a: Indeedee\n|move|p1a: Armarouge|Wide Guard|p1a: Armarouge\n|-singleturn|p1a: Armarouge|Wide Guard\n|move|p2b: Lycanroc|Rock Slide|p1a: Armarouge|[spread] \n|-activate|p1a: Armarouge|move: Wide Guard\n|-activate|p1b: Baxcalibur|move: Wide Guard\n|\n|-weather|Sandstorm|[upkeep]\n|-damage|p1b: Baxcalibur|95\/100|[from] Sandstorm\n|-damage|p1a: Armarouge|94\/100|[from] Sandstorm\n|upkeep\n|turn|2\n|\n|t:|1683209442\n|move|p2a: Indeedee|Helping Hand|p2b: Lycanroc\n|-singleturn|p2b: Lycanroc|Helping Hand|[of] p2a: Indeedee\n|move|p2b: Lycanroc|Close Combat|p1b: Baxcalibur\n|-supereffective|p1b: Baxcalibur\n|-damage|p1b: Baxcalibur|0 fnt\n|-unboost|p2b: Lycanroc|def|1\n|-unboost|p2b: Lycanroc|spd|1\n|faint|p1b: Baxcalibur\n|move|p1a: Armarouge|Aura Sphere|p2b: Lycanroc\n|-supereffective|p2b: Lycanroc\n|-enditem|p2b: Lycanroc|Focus Sash\n|-damage|p2b: Lycanroc|1\/100\n|-damage|p1a: Armarouge|85\/100|[from] item: Life Orb\n|\n|-weather|Sandstorm|[upkeep]\n|-damage|p1a: Armarouge|79\/100|[from] Sandstorm\n|upkeep\n|\n|t:|1683209462\n|switch|p1b: Chien-Pao|Chien-Pao, L50|100\/100\n|-ability|p1b: Chien-Pao|Sword of Ruin\n|turn|3\n|\n|t:|1683209481\n|move|p1a: Armarouge|Wide Guard|p1a: Armarouge\n|-singleturn|p1a: Armarouge|Wide Guard\n|move|p2a: Indeedee|Follow Me|p2a: Indeedee\n|-singleturn|p2a: Indeedee|move: Follow Me\n|move|p2b: Lycanroc|Close Combat|p1b: Chien-Pao\n|-supereffective|p1b: Chien-Pao\n|-enditem|p1b: Chien-Pao|Focus Sash\n|-damage|p1b: Chien-Pao|1\/100\n|-unboost|p2b: Lycanroc|def|1\n|-unboost|p2b: Lycanroc|spd|1\n|move|p1b: Chien-Pao|Ice Spinner|p2a: Indeedee\n|-damage|p2a: Indeedee|46\/100\n|-fieldend|move: Psychic Terrain\n|\n|-weather|Sandstorm|[upkeep]\n|-damage|p1b: Chien-Pao|0 fnt|[from] Sandstorm\n|-damage|p1a: Armarouge|73\/100|[from] Sandstorm\n|faint|p1b: Chien-Pao\n|upkeep\n|\n|t:|1683209497\n|switch|p1b: Palafin|Palafin-Hero, L50, M, shiny|100\/100\n|-activate|p1b: Palafin|ability: Zero to Hero\n|turn|4\n|\n|t:|1683209532\n|switch|p2a: Garchomp|Garchomp, L50, M|100\/100\n|-terastallize|p1b: Palafin|Water\n|move|p2b: Lycanroc|Protect|p2b: Lycanroc\n|-singleturn|p2b: Lycanroc|Protect\n|move|p1b: Palafin|Jet Punch|p2a: Garchomp\n|-damage|p2a: Garchomp|45\/100\n|-damage|p1b: Palafin|88\/100|[from] ability: Rough Skin|[of] p2a: Garchomp\n|-damage|p1b: Palafin|72\/100|[from] item: Rocky Helmet|[of] p2a: Garchomp\n|move|p1a: Armarouge|Aura Sphere|p2b: Lycanroc\n|-activate|p2b: Lycanroc|move: Protect\n|\n|-weather|Sandstorm|[upkeep]\n|-damage|p1b: Palafin|66\/100|[from] Sandstorm\n|-damage|p1a: Armarouge|66\/100|[from] Sandstorm\n|upkeep\n|turn|5\n|\n|t:|1683209566\n|switch|p2b: Indeedee|Indeedee-F, L50, F|46\/100\n|-fieldstart|move: Psychic Terrain|[from] ability: Psychic Surge|[of] p2b: Indeedee\n|move|p1a: Armarouge|Wide Guard|p1a: Armarouge\n|-singleturn|p1a: Armarouge|Wide Guard\n|move|p2a: Garchomp|Draco Meteor|p1a: Armarouge\n|-damage|p1a: Armarouge|19\/100\n|-unboost|p2a: Garchomp|spa|2\n|move|p1b: Palafin|Ice Punch|p2a: Garchomp\n|-supereffective|p2a: Garchomp\n|-damage|p2a: Garchomp|0 fnt\n|-damage|p1b: Palafin|54\/100|[from] ability: Rough Skin|[of] p2a: Garchomp\n|-damage|p1b: Palafin|38\/100|[from] item: Rocky Helmet|[of] p2a: Garchomp\n|faint|p2a: Garchomp\n|\n|-weather|none\n|upkeep\n|\n|t:|1683209583\n|switch|p2a: Lycanroc|Lycanroc, L50, M|1\/100\n|turn|6\n|\n|t:|1683209619\n|switch|p2b: Tyranitar|Tyranitar, L50, F|100\/100\n|-weather|Sandstorm|[from] ability: Sand Stream|[of] p2b: Tyranitar\n|move|p2a: Lycanroc|Psychic Fangs|p1a: Armarouge\n|-resisted|p1a: Armarouge\n|-damage|p1a: Armarouge|2\/100\n|-ability|p1a: Armarouge|Weak Armor|boost\n|-unboost|p1a: Armarouge|def|1\n|-boost|p1a: Armarouge|spe|2\n|move|p1a: Armarouge|Expanding Force|p2b: Tyranitar|[spread] p2a\n|-immune|p2b: Tyranitar\n|-damage|p2a: Lycanroc|0 fnt\n|faint|p2a: Lycanroc\n|-damage|p1a: Armarouge|0 fnt|[from] item: Life Orb\n|faint|p1a: Armarouge\n|move|p1b: Palafin|Ice Punch|p2b: Tyranitar\n|-damage|p2b: Tyranitar|69\/100\n|\n|-weather|Sandstorm|[upkeep]\n|-damage|p1b: Palafin|32\/100|[from] Sandstorm\n|upkeep\n|\n|t:|1683209638\n|switch|p2a: Indeedee|Indeedee-F, L50, F|46\/100\n|turn|7\n|\n|t:|1683209669\n|move|p2a: Indeedee|Follow Me|p2a: Indeedee\n|-singleturn|p2a: Indeedee|move: Follow Me\n|move|p1b: Palafin|Close Combat|p2a: Indeedee\n|-damage|p2a: Indeedee|0 fnt\n|-unboost|p1b: Palafin|def|1\n|-unboost|p1b: Palafin|spd|1\n|faint|p2a: Indeedee\n|move|p2b: Tyranitar|Rock Slide|p1b: Palafin\n|-damage|p1b: Palafin|0 fnt\n|faint|p1b: Palafin\n|\n|win|D4nkw33b\n|c|\u2606D4nkw33b|gg\n|c|\u2606Marzbar|gg\n","uploadtime":1683209681,"views":16,"p1id":"marzbar","p2id":"d4nkw33b","formatid":"gen9vgc2023regulationc","rating":0,"private":0,"password":""}