{"id":"gen9vgc2023regulationc-1855023955","p1":"RandomDuVGCFR","p2":"VGCTrainerisback","format":"[Gen 9] VGC 2023 Regulation C","log":"|j|\u2606RandomDuVGCFR\n|j|\u2606VGCTrainerisback\n|t:|1682892144\n|gametype|doubles\n|player|p1|RandomDuVGCFR|102|1655\n|player|p2|VGCTrainerisback|101|1711\n|teamsize|p1|6\n|teamsize|p2|6\n|gen|9\n|tier|[Gen 9] VGC 2023 Regulation C\n|rated|\n|rule|Species Clause: Limit one of each Pok\u00e9mon\n|rule|Item Clause: Limit one of each item\n|clearpoke\n|poke|p1|Great Tusk, L50|\n|poke|p1|Gothitelle, L50, M|\n|poke|p1|Iron Bundle, L50|\n|poke|p1|Flutter Mane, L50|\n|poke|p1|Tyranitar, L50, M|\n|poke|p1|Talonflame, L50, M|\n|poke|p2|Palafin, L50, F|\n|poke|p2|Amoonguss, L50, M|\n|poke|p2|Flutter Mane, L50|\n|poke|p2|Gothitelle, L50, M|\n|poke|p2|Iron Hands, L50|\n|poke|p2|Chien-Pao, L50|\n|teampreview|4\n|\n|t:|1682892186\n|start\n|switch|p1a: Project Zero|Talonflame, L50, M|100\/100\n|switch|p1b: Silent Hill|Great Tusk, L50|100\/100\n|switch|p2a: Chien-Pao|Chien-Pao, L50|100\/100\n|switch|p2b: Gothitelle|Gothitelle, L50, M|100\/100\n|-ability|p2a: Chien-Pao|Sword of Ruin\n|turn|1\n|\n|t:|1682892218\n|move|p1b: Silent Hill|Protect|p1b: Silent Hill\n|-singleturn|p1b: Silent Hill|Protect\n|move|p2b: Gothitelle|Fake Out|p1b: Silent Hill\n|-activate|p1b: Silent Hill|move: Protect\n|move|p2a: Chien-Pao|Ice Spinner|p1b: Silent Hill\n|-activate|p1b: Silent Hill|move: Protect\n|move|p1a: Project Zero|Taunt|p2b: Gothitelle\n|-start|p2b: Gothitelle|move: Taunt\n|\n|upkeep\n|turn|2\n|\n|t:|1682892233\n|switch|p2b: Amoonguss|Amoonguss, L50, M|100\/100\n|move|p1a: Project Zero|Tailwind|p1a: Project Zero\n|-sidestart|p1: RandomDuVGCFR|move: Tailwind\n|move|p1b: Silent Hill|Earthquake|p2a: Chien-Pao|[spread] p2a,p2b\n|-immune|p1a: Project Zero\n|-damage|p2a: Chien-Pao|34\/100\n|-damage|p2b: Amoonguss|42\/100\n|-damage|p1b: Silent Hill|91\/100|[from] item: Life Orb\n|move|p2a: Chien-Pao|Ice Spinner|p1b: Silent Hill\n|-supereffective|p1b: Silent Hill\n|-crit|p1b: Silent Hill\n|-damage|p1b: Silent Hill|0 fnt\n|faint|p1b: Silent Hill\n|-end|p1b: Silent Hill|Protosynthesis|[silent]\n|\n|upkeep\n|\n|t:|1682892249\n|switch|p1b: Resident Evil|Flutter Mane, L50|100\/100\n|turn|3\n|\n|t:|1682892273\n|move|p2b: Amoonguss|Protect|p2b: Amoonguss\n|-singleturn|p2b: Amoonguss|Protect\n|move|p1a: Project Zero|Brave Bird|p2b: Amoonguss\n|-activate|p2b: Amoonguss|move: Protect\n|move|p1b: Resident Evil|Dazzling Gleam|p2b: Amoonguss|[spread] p2a\n|-activate|p2b: Amoonguss|move: Protect\n|-supereffective|p2a: Chien-Pao\n|-crit|p2a: Chien-Pao\n|-damage|p2a: Chien-Pao|0 fnt\n|faint|p2a: Chien-Pao\n|\n|upkeep\n|\n|t:|1682892279\n|switch|p2a: Gothitelle|Gothitelle, L50, M|100\/100\n|turn|4\n|\n|t:|1682892286\n|-terastallize|p1a: Project Zero|Ghost\n|move|p2b: Amoonguss|Rage Powder|p2b: Amoonguss\n|-singleturn|p2b: Amoonguss|move: Rage Powder\n|move|p1a: Project Zero|Taunt|p2b: Amoonguss\n|-start|p2b: Amoonguss|move: Taunt\n|move|p1b: Resident Evil|Dazzling Gleam|p2a: Gothitelle|[spread] p2a,p2b\n|-resisted|p2b: Amoonguss\n|-damage|p2a: Gothitelle|68\/100\n|-damage|p2b: Amoonguss|27\/100\n|move|p2a: Gothitelle|Trick Room|p2a: Gothitelle\n|-fieldstart|move: Trick Room|[of] p2a: Gothitelle\n|\n|upkeep\n|turn|5\n|\n|t:|1682892301\n|move|p2b: Amoonguss|Pollen Puff|p2a: Gothitelle\n|-heal|p2a: Gothitelle|100\/100\n|move|p2a: Gothitelle|Psychic|p1a: Project Zero\n|-damage|p1a: Project Zero|64\/100\n|move|p1b: Resident Evil|Dazzling Gleam|p2b: Amoonguss|[spread] p2a,p2b\n|-resisted|p2b: Amoonguss\n|-damage|p2a: Gothitelle|72\/100\n|-damage|p2b: Amoonguss|9\/100\n|-enditem|p2b: Amoonguss|Wiki Berry|[eat]\n|-heal|p2b: Amoonguss|42\/100|[from] item: Wiki Berry\n|move|p1a: Project Zero|Taunt|p2a: Gothitelle\n|-start|p2a: Gothitelle|move: Taunt\n|\n|-sideend|p1: RandomDuVGCFR|move: Tailwind\n|upkeep\n|turn|6\n|\n|t:|1682892313\n|move|p2b: Amoonguss|Pollen Puff|p2a: Gothitelle\n|-heal|p2a: Gothitelle|100\/100\n|move|p2a: Gothitelle|Psychic|p1a: Project Zero\n|-damage|p1a: Project Zero|23\/100\n|move|p1b: Resident Evil|Dazzling Gleam|p2a: Gothitelle|[spread] p2a,p2b\n|-resisted|p2b: Amoonguss\n|-damage|p2a: Gothitelle|68\/100\n|-damage|p2b: Amoonguss|25\/100\n|move|p1a: Project Zero|Brave Bird|p2b: Amoonguss\n|-supereffective|p2b: Amoonguss\n|-damage|p2b: Amoonguss|0 fnt\n|faint|p2b: Amoonguss\n|-damage|p1a: Project Zero|14\/100|[from] Recoil\n|\n|upkeep\n|\n|t:|1682892315\n|switch|p2b: Iron Hands|Iron Hands, L50|100\/100\n|turn|7\n|\n|t:|1682892323\n|-terastallize|p2b: Iron Hands|Fire\n|move|p2b: Iron Hands|Wild Charge|p1b: Resident Evil\n|-damage|p1b: Resident Evil|33\/100\n|-damage|p2b: Iron Hands|91\/100|[from] Recoil\n|move|p2a: Gothitelle|Psychic|p1b: Resident Evil\n|-damage|p1b: Resident Evil|3\/100\n|move|p1b: Resident Evil|Dazzling Gleam|p2a: Gothitelle|[spread] p2a,p2b\n|-resisted|p2b: Iron Hands\n|-damage|p2a: Gothitelle|39\/100\n|-damage|p2b: Iron Hands|72\/100\n|-enditem|p2a: Gothitelle|Sitrus Berry|[eat]\n|-heal|p2a: Gothitelle|64\/100|[from] item: Sitrus Berry\n|move|p1a: Project Zero|Will-O-Wisp|p2b: Iron Hands\n|-immune|p2b: Iron Hands\n|\n|upkeep\n|turn|8\n|\n|t:|1682892350\n|move|p2b: Iron Hands|Wild Charge|p1a: Project Zero\n|-damage|p1a: Project Zero|0 fnt\n|faint|p1a: Project Zero\n|-damage|p2b: Iron Hands|70\/100|[from] Recoil\n|move|p2a: Gothitelle|Psychic|p1b: Resident Evil\n|-damage|p1b: Resident Evil|0 fnt\n|faint|p1b: Resident Evil\n|-end|p1b: Resident Evil|Protosynthesis|[silent]\n|\n|-end|p2a: Gothitelle|move: Taunt\n|-fieldend|move: Trick Room\n|upkeep\n|\n|t:|1682892357\n|switch|p1b: Forbidden Siren|Iron Bundle, L50|100\/100\n|-enditem|p1b: Forbidden Siren|Booster Energy\n|-activate|p1b: Forbidden Siren|ability: Quark Drive|[fromitem]\n|-start|p1b: Forbidden Siren|quarkdrivespe\n|turn|9\n|\n|t:|1682892366\n|move|p1b: Forbidden Siren|Protect|p1b: Forbidden Siren\n|-singleturn|p1b: Forbidden Siren|Protect\n|move|p2b: Iron Hands|Protect|p2b: Iron Hands\n|-singleturn|p2b: Iron Hands|Protect\n|move|p2a: Gothitelle|Trick Room|p2a: Gothitelle\n|-fieldstart|move: Trick Room|[of] p2a: Gothitelle\n|\n|upkeep\n|turn|10\n|-message|RandomDuVGCFR forfeited.\n|\n|win|VGCTrainerisback\n|raw|RandomDuVGCFR's rating: 1655 → 1638<\/strong> (-17 for losing)\n|raw|VGCTrainerisback's rating: 1711 → 1728<\/strong> (+17 for winning)\n|l|\u2606RandomDuVGCFR\n","uploadtime":1682892377,"views":10,"p1id":"randomduvgcfr","p2id":"vgctrainerisback","formatid":"gen9vgc2023regulationc","rating":1638,"private":0,"password":""}