{"id":"gen9vgc2023regulationc-1848716332","p1":"ICCR","p2":"PERMA1BULKK1NG420","format":"[Gen 9] VGC 2023 Regulation C","log":"|j|\u2606ICCR\n|j|\u2606PERMA1BULKK1NG420\n|t:|1682103429\n|gametype|doubles\n|player|p1|ICCR|169|1153\n|player|p2|PERMA1BULKK1NG420|palmer|1109\n|teamsize|p1|6\n|teamsize|p2|6\n|gen|9\n|tier|[Gen 9] VGC 2023 Regulation C\n|rated|\n|rule|Species Clause: Limit one of each Pok\u00e9mon\n|rule|Item Clause: Limit one of each item\n|clearpoke\n|poke|p1|Arcanine, L50, M|\n|poke|p1|Iron Bundle, L50|\n|poke|p1|Dragapult, L50, F|\n|poke|p1|Amoonguss, L50, F|\n|poke|p1|Kingambit, L50, F|\n|poke|p1|Flutter Mane, L50|\n|poke|p2|Arboliva, L50, M|\n|poke|p2|Torkoal, L50, M|\n|poke|p2|Armarouge, L50, M|\n|poke|p2|Maushold, L50|\n|poke|p2|Iron Hands, L50|\n|poke|p2|Hatterene, L50, F|\n|teampreview|4\n|inactive|Battle timer is ON: inactive players will automatically lose when time's up. (requested by ICCR)\nPERMA1BULKK1NG420 rejected open team sheets.\n|inactive|ICCR has 60 seconds left.\n|inactive|PERMA1BULKK1NG420 has 60 seconds left.\n|\n|t:|1682103472\n|start\n|switch|p1a: Mimi|Flutter Mane, L50|100\/100\n|switch|p1b: Dnite|Dragapult, L50, F|100\/100\n|switch|p2a: Armarouge|Armarouge, L50, M|100\/100\n|switch|p2b: Maushold|Maushold, L50|100\/100\n|-enditem|p1a: Mimi|Booster Energy\n|-activate|p1a: Mimi|ability: Protosynthesis|[fromitem]\n|-start|p1a: Mimi|protosynthesisspa\n|turn|1\n|inactive|PERMA1BULKK1NG420 has 30 seconds left.\n|\n|t:|1682103506\n|move|p2b: Maushold|Follow Me|p2b: Maushold\n|-singleturn|p2b: Maushold|move: Follow Me\n|move|p1b: Dnite|Dragon Darts|p2b: Maushold\n|-crit|p2b: Maushold\n|-damage|p2b: Maushold|35\/100\n|-anim|p1b: Dnite|Dragon Darts|p2b: Maushold\n|-damage|p2b: Maushold|0 fnt\n|faint|p2b: Maushold\n|move|p1a: Mimi|Dazzling Gleam|p2a: Armarouge\n|-resisted|p2a: Armarouge\n|-damage|p2a: Armarouge|69\/100\n|move|p2a: Armarouge|Trick Room|p2a: Armarouge\n|-fieldstart|move: Trick Room|[of] p2a: Armarouge\n|\n|upkeep\n|inactive|PERMA1BULKK1NG420 has 30 seconds left.\n|\n|t:|1682103532\n|switch|p2b: Iron Hands|Iron Hands, L50|100\/100\n|turn|2\n|inactive|PERMA1BULKK1NG420 has 30 seconds left.\n|\n|t:|1682103561\n|switch|p1b: Arcanine|Arcanine, L50, M|100\/100\n|-ability|p1b: Arcanine|Intimidate|boost\n|-unboost|p2a: Armarouge|atk|1\n|-unboost|p2b: Iron Hands|atk|1\n|move|p1a: Mimi|Protect|p1a: Mimi\n|-singleturn|p1a: Mimi|Protect\n|move|p2b: Iron Hands|Belly Drum|p2b: Iron Hands\n|-damage|p2b: Iron Hands|50\/100\n|-setboost|p2b: Iron Hands|atk|6|[from] move: Belly Drum\n|-enditem|p2b: Iron Hands|Sitrus Berry|[eat]\n|-heal|p2b: Iron Hands|75\/100|[from] item: Sitrus Berry\n|move|p2a: Armarouge|Armor Cannon|p1a: Mimi\n|-activate|p1a: Mimi|move: Protect\n|\n|upkeep\n|turn|3\n|inactive|PERMA1BULKK1NG420 has 30 seconds left.\n|\n|t:|1682103589\n|switch|p1b: Dnite|Dragapult, L50, F|100\/100\n|move|p2b: Iron Hands|Drain Punch|p1b: Dnite\n|-immune|p1b: Dnite\n|move|p2a: Armarouge|Armor Cannon|p1a: Mimi\n|-damage|p1a: Mimi|39\/100\n|-unboost|p2a: Armarouge|def|1\n|-unboost|p2a: Armarouge|spd|1\n|move|p1a: Mimi|Moonblast|p2b: Iron Hands\n|-supereffective|p2b: Iron Hands\n|-damage|p2b: Iron Hands|0 fnt\n|faint|p2b: Iron Hands\n|-end|p2b: Iron Hands|Quark Drive|[silent]\n|\n|upkeep\n|\n|t:|1682103604\n|switch|p2b: Arboliva|Arboliva, L50, M|100\/100\n|turn|4\n|inactive|PERMA1BULKK1NG420 has 30 seconds left.\n|\n|t:|1682103633\n|move|p1a: Mimi|Protect|p1a: Mimi\n|-singleturn|p1a: Mimi|Protect\n|move|p2b: Arboliva|Strength Sap||[still]\n|-fail|p1b: Dnite|unboost|[from] ability: Clear Body|[of] p1b: Dnite\n|-fail|p2b: Arboliva\n|move|p2a: Armarouge|Armor Cannon|p1a: Mimi\n|-activate|p1a: Mimi|move: Protect\n|move|p1b: Dnite|Phantom Force||[still]\n|-prepare|p1b: Dnite|Phantom Force\n|\n|upkeep\n|turn|5\n|\n|t:|1682103654\n|-end|p1a: Mimi|Protosynthesis|[silent]\n|switch|p1a: Arcanine|Arcanine, L50, M|100\/100\n|-ability|p1a: Arcanine|Intimidate|boost\n|-unboost|p2a: Armarouge|atk|1\n|-unboost|p2b: Arboliva|atk|1\n|move|p2b: Arboliva|Energy Ball|p1a: Arcanine\n|-resisted|p1a: Arcanine\n|-damage|p1a: Arcanine|75\/100\n|move|p2a: Armarouge|Armor Cannon|p1a: Arcanine\n|-resisted|p1a: Arcanine\n|-damage|p1a: Arcanine|40\/100\n|-unboost|p2a: Armarouge|def|1\n|-unboost|p2a: Armarouge|spd|1\n|move|p1b: Dnite|Phantom Force|p2a: Armarouge|[from]lockedmove\n|-supereffective|p2a: Armarouge\n|-damage|p2a: Armarouge|0 fnt\n|faint|p2a: Armarouge\n|\n|-fieldend|move: Trick Room\n|upkeep\n|turn|6\n|\n|t:|1682103677\n|switch|p1b: Iron Bundle|Iron Bundle, L50|100\/100\n|-terastallize|p2b: Arboliva|Normal\n|move|p1a: Arcanine|Flare Blitz|p2b: Arboliva\n|-damage|p2b: Arboliva|37\/100\n|-fieldstart|move: Grassy Terrain|[from] ability: Seed Sower|[of] p2b: Arboliva\n|-damage|p1a: Arcanine|24\/100|[from] Recoil\n|move|p2b: Arboliva|Hyper Voice|p1b: Iron Bundle|[spread] p1a,p1b\n|-damage|p1a: Arcanine|0 fnt\n|-damage|p1b: Iron Bundle|8\/100\n|faint|p1a: Arcanine\n|-enditem|p2b: Arboliva|Throat Spray\n|-boost|p2b: Arboliva|spa|1|[from] item: Throat Spray\n|\n|-heal|p1b: Iron Bundle|14\/100|[from] Grassy Terrain\n|-heal|p2b: Arboliva|43\/100|[from] Grassy Terrain\n|upkeep\n|\n|t:|1682103696\n|switch|p1a: Dnite|Dragapult, L50, F|100\/100\n|turn|7\n|\n|t:|1682103710\n|move|p1a: Dnite|Dragon Darts|p2b: Arboliva\n|-crit|p2b: Arboliva\n|-damage|p2b: Arboliva|0 fnt\n|faint|p2b: Arboliva\n|\n|win|ICCR\n|raw|ICCR's rating: 1153 → 1175<\/strong> (+22 for winning)\n|raw|PERMA1BULKK1NG420's rating: 1109 → 1087<\/strong> (-22 for losing)\n|l|\u2606PERMA1BULKK1NG420\n|l|\u2606ICCR\n|j|\u2606ICCR\n|player|p1|ICCR|169\n","uploadtime":1682103759,"views":15,"p1id":"iccr","p2id":"perma1bulkk1ng420","formatid":"gen9vgc2023regulationc","rating":1087,"private":0,"password":""}