{"id":"gen9vgc2023regulationc-1863674017","p1":"tatsuwin","p2":"GarchompExVgc","format":"[Gen 9] VGC 2023 Regulation C","log":"|j|\u2606tatsuwin\n|j|\u2606GarchompExVgc\n|t:|1684057283\n|gametype|doubles\n|player|p1|tatsuwin|266|1295\n|player|p2|GarchompExVgc|iris|1394\n|teamsize|p1|6\n|teamsize|p2|6\n|gen|9\n|tier|[Gen 9] VGC 2023 Regulation C\n|rated|\n|rule|Species Clause: Limit one of each Pok\u00e9mon\n|rule|Item Clause: Limit one of each item\n|clearpoke\n|poke|p1|Iron Hands, L50|\n|poke|p1|Gyarados, L50, F|\n|poke|p1|Amoonguss, L50, M|\n|poke|p1|Ting-Lu, L50|\n|poke|p1|Chi-Yu, L50|\n|poke|p1|Flutter Mane, L50|\n|poke|p2|Indeedee-F, L50, F|\n|poke|p2|Iron Hands, L50|\n|poke|p2|Brute Bonnet, L50|\n|poke|p2|Armarouge, L50, F|\n|poke|p2|Hatterene, L50, F|\n|poke|p2|Ting-Lu, L50|\n|teampreview|4\ntatsuwin has agreed to open team sheets.\nGarchompExVgc rejected open team sheets.\n|inactive|Battle timer is ON: inactive players will automatically lose when time's up. (requested by tatsuwin)\n|c|\u2606GarchompExVgc|Glhf\n|inactive|tatsuwin has 60 seconds left.\n|\n|t:|1684057330\n|start\n|switch|p1a: Ting-Lu|Ting-Lu, L50|100\/100\n|switch|p1b: Chi-Yu|Chi-Yu, L50|100\/100\n|switch|p2a: Haru|Iron Hands, L50, shiny|100\/100\n|switch|p2b: Ann|Ting-Lu, L50|100\/100\n|-ability|p1b: Chi-Yu|Beads of Ruin\n|-ability|p1a: Ting-Lu|Vessel of Ruin\n|-ability|p2b: Ann|Vessel of Ruin\n|turn|1\n|inactive|tatsuwin has 30 seconds left.\n|inactive|tatsuwin has 20 seconds left.\n|inactive|tatsuwin has 15 seconds left.\n|\n|t:|1684057374\n|move|p1b: Chi-Yu|Protect|p1b: Chi-Yu\n|-singleturn|p1b: Chi-Yu|Protect\n|move|p2a: Haru|Fake Out|p1a: Ting-Lu\n|-damage|p1a: Ting-Lu|92\/100\n|cant|p1a: Ting-Lu|flinch\n|move|p2b: Ann|Fissure|p1b: Chi-Yu\n|-activate|p1b: Chi-Yu|move: Protect\n|\n|-heal|p1a: Ting-Lu|98\/100|[from] item: Leftovers\n|upkeep\n|turn|2\n|\n|t:|1684057394\n|switch|p1a: Amoonguss|Amoonguss, L50, M, shiny|100\/100\n|move|p1b: Chi-Yu|Nasty Plot|p1b: Chi-Yu\n|-boost|p1b: Chi-Yu|spa|2\n|move|p2a: Haru|Drain Punch|p1a: Amoonguss\n|-resisted|p1a: Amoonguss\n|-damage|p1a: Amoonguss|82\/100\n|move|p2b: Ann|Stomping Tantrum|p1b: Chi-Yu\n|-supereffective|p1b: Chi-Yu\n|-damage|p1b: Chi-Yu|20\/100\n|\n|upkeep\n|turn|3\n|\n|t:|1684057418\n|-end|p2a: Haru|Quark Drive|[silent]\n|switch|p2a: Futaba|Hatterene, L50, F, shiny|100\/100\n|move|p2b: Ann|Protect|p2b: Ann\n|-singleturn|p2b: Ann|Protect\n|move|p1a: Amoonguss|Rage Powder|p1a: Amoonguss\n|-singleturn|p1a: Amoonguss|move: Rage Powder\n|move|p1b: Chi-Yu|Heat Wave|p2a: Futaba|[spread] p2a\n|-activate|p2b: Ann|move: Protect\n|-damage|p2a: Futaba|15\/100\n|\n|upkeep\n|turn|4\n|\n|t:|1684057435\n|move|p1a: Amoonguss|Rage Powder|p1a: Amoonguss\n|-singleturn|p1a: Amoonguss|move: Rage Powder\n|move|p1b: Chi-Yu|Heat Wave|p2b: Ann|[spread] p2a,p2b\n|-damage|p2a: Futaba|0 fnt\n|-damage|p2b: Ann|48\/100\n|-enditem|p2b: Ann|Sitrus Berry|[eat]\n|-heal|p2b: Ann|73\/100|[from] item: Sitrus Berry\n|faint|p2a: Futaba\n|move|p2b: Ann|Fissure|p1a: Amoonguss|[miss]\n|-miss|p2b: Ann|p1a: Amoonguss\n|\n|upkeep\n|\n|t:|1684057446\n|switch|p2a: Haru|Iron Hands, L50, shiny|100\/100\n|turn|5\n|\n|t:|1684057452\n|switch|p1a: Ting-Lu|Ting-Lu, L50|98\/100\n|-ability|p1a: Ting-Lu|Vessel of Ruin\n|move|p1b: Chi-Yu|Protect|p1b: Chi-Yu\n|-singleturn|p1b: Chi-Yu|Protect\n|move|p2a: Haru|Fake Out|p1a: Ting-Lu\n|-damage|p1a: Ting-Lu|91\/100\n|move|p2b: Ann|Stomping Tantrum|p1b: Chi-Yu\n|-activate|p1b: Chi-Yu|move: Protect\n|\n|-heal|p1a: Ting-Lu|97\/100|[from] item: Leftovers\n|upkeep\n|turn|6\n|inactive|tatsuwin has 30 seconds left.\n|inactive|tatsuwin has 20 seconds left.\n|inactive|tatsuwin has 15 seconds left.\n|\n|t:|1684057493\n|-terastallize|p1a: Ting-Lu|Water\n|move|p1b: Chi-Yu|Heat Wave|p2a: Haru|[spread] p2a,p2b\n|-damage|p2a: Haru|64\/100\n|-damage|p2b: Ann|20\/100\n|move|p2a: Haru|Drain Punch|p1b: Chi-Yu\n|-supereffective|p1b: Chi-Yu\n|-damage|p1b: Chi-Yu|0 fnt\n|-heal|p2a: Haru|71\/100|[from] drain|[of] p1b: Chi-Yu\n|faint|p1b: Chi-Yu\n|move|p1a: Ting-Lu|Stomping Tantrum|p2a: Haru\n|-supereffective|p2a: Haru\n|-damage|p2a: Haru|31\/100\n|move|p2b: Ann|Fissure|p1a: Ting-Lu|[miss]\n|-miss|p2b: Ann|p1a: Ting-Lu\n|\n|-heal|p1a: Ting-Lu|100\/100|[from] item: Leftovers\n|upkeep\n|\n|t:|1684057510\n|switch|p1b: Flutter Mane|Flutter Mane, L50|100\/100\n|-enditem|p1b: Flutter Mane|Booster Energy\n|-activate|p1b: Flutter Mane|ability: Protosynthesis|[fromitem]\n|-start|p1b: Flutter Mane|protosynthesisspa\n|turn|7\n|\n|t:|1684057520\n|switch|p1a: Amoonguss|Amoonguss, L50, M, shiny|100\/100\n|-terastallize|p2a: Haru|Grass\n|move|p1b: Flutter Mane|Substitute|p1b: Flutter Mane\n|-start|p1b: Flutter Mane|Substitute\n|-damage|p1b: Flutter Mane|76\/100\n|move|p2a: Haru|Thunder Punch|p1b: Flutter Mane\n|-end|p1b: Flutter Mane|Substitute\n|move|p2b: Ann|Fissure|p1a: Amoonguss\n|-damage|p1a: Amoonguss|0 fnt\n|faint|p1a: Amoonguss\n|-ohko\n|\n|upkeep\n|\n|t:|1684057533\n|switch|p1a: Ting-Lu|Ting-Lu, L50, tera:Water|100\/100\n|-ability|p1a: Ting-Lu|Vessel of Ruin\n|turn|8\n|inactive|tatsuwin has 30 seconds left.\n|inactive|GarchompExVgc has 30 seconds left.\n|\n|t:|1684057571\n|move|p1b: Flutter Mane|Protect|p1b: Flutter Mane\n|-singleturn|p1b: Flutter Mane|Protect\n|move|p2a: Haru|Thunder Punch|p1b: Flutter Mane\n|-activate|p1b: Flutter Mane|move: Protect\n|move|p1a: Ting-Lu|Stomping Tantrum|p2b: Ann\n|-damage|p2b: Ann|4\/100\n|move|p2b: Ann|Fissure|p1a: Ting-Lu|[miss]\n|-miss|p2b: Ann|p1a: Ting-Lu\n|\n|upkeep\n|turn|9\n|\n|t:|1684057591\n|move|p1b: Flutter Mane|Moonblast|p2a: Haru\n|-damage|p2a: Haru|5\/100\n|move|p2a: Haru|Thunder Punch|p1b: Flutter Mane\n|-damage|p1b: Flutter Mane|4\/100\n|move|p1a: Ting-Lu|Stomping Tantrum|p2b: Ann\n|-damage|p2b: Ann|0 fnt\n|faint|p2b: Ann\n|\n|upkeep\n|\n|t:|1684057601\n|switch|p2b: Takemi|Brute Bonnet, L50, shiny|100\/100\n|-enditem|p2b: Takemi|Booster Energy\n|-activate|p2b: Takemi|ability: Protosynthesis|[fromitem]\n|-start|p2b: Takemi|protosynthesisatk\n|turn|10\n|\n|t:|1684057614\n|move|p1b: Flutter Mane|Protect|p1b: Flutter Mane\n|-singleturn|p1b: Flutter Mane|Protect\n|move|p2b: Takemi|Spore|p1b: Flutter Mane\n|-activate|p1b: Flutter Mane|move: Protect\n|move|p2a: Haru|Thunder Punch|p1a: Ting-Lu\n|-supereffective|p1a: Ting-Lu\n|-damage|p1a: Ting-Lu|57\/100\n|-status|p1a: Ting-Lu|par\n|move|p1a: Ting-Lu|Stomping Tantrum|p2a: Haru\n|-resisted|p2a: Haru\n|-damage|p2a: Haru|0 fnt\n|faint|p2a: Haru\n|-end|p2a: Haru|Quark Drive|[silent]\n|\n|-heal|p1a: Ting-Lu|63\/100 par|[from] item: Leftovers\n|upkeep\n|turn|11\n|inactive|tatsuwin has 30 seconds left.\n|inactive|tatsuwin has 20 seconds left.\n|inactive|tatsuwin has 15 seconds left.\n|inactive|tatsuwin has 10 seconds left.\n|\n|t:|1684057662\n|move|p1b: Flutter Mane|Protect|p1b: Flutter Mane\n|-singleturn|p1b: Flutter Mane|Protect\n|move|p2b: Takemi|Seed Bomb|p1b: Flutter Mane\n|-activate|p1b: Flutter Mane|move: Protect\n|move|p1a: Ting-Lu|Ruination|p2b: Takemi\n|-damage|p2b: Takemi|51\/100\n|\n|-heal|p1a: Ting-Lu|69\/100 par|[from] item: Leftovers\n|upkeep\n|turn|12\n|\n|t:|1684057678\n|move|p1b: Flutter Mane|Moonblast|p2b: Takemi\n|-supereffective|p2b: Takemi\n|-damage|p2b: Takemi|0 fnt\n|faint|p2b: Takemi\n|-end|p2b: Takemi|Protosynthesis|[silent]\n|\n|win|tatsuwin\n|raw|tatsuwin's rating: 1295 → 1327<\/strong> (+32 for winning)\n|raw|GarchompExVgc's rating: 1394 → 1368<\/strong> (-26 for losing)\n|l|\u2606GarchompExVgc\n","uploadtime":1684057830,"views":8,"p1id":"tatsuwin","p2id":"garchompexvgc","formatid":"gen9vgc2023regulationc","rating":1327,"private":0,"password":""}