{"id":"gen9vgc2023regulationc-1847198763","p1":"Pazzone","p2":"Reggie Romano","format":"[Gen 9] VGC 2023 Regulation C","log":"|j|\u2606Pazzone\n|j|\u2606Reggie Romano\n|t:|1681927137\n|gametype|doubles\n|player|p1|Pazzone|veteran|1137\n|player|p2|Reggie Romano|lance-lgpe|1090\n|teamsize|p1|6\n|teamsize|p2|6\n|gen|9\n|tier|[Gen 9] VGC 2023 Regulation C\n|rated|\n|rule|Species Clause: Limit one of each Pok\u00e9mon\n|rule|Item Clause: Limit one of each item\n|clearpoke\n|poke|p1|Ting-Lu, L50|\n|poke|p1|Arcanine, L50, F|\n|poke|p1|Flutter Mane, L50|\n|poke|p1|Amoonguss, L50, M|\n|poke|p1|Kingambit, L50, M|\n|poke|p1|Annihilape, L50, F|\n|poke|p2|Ting-Lu, L50|\n|poke|p2|Arcanine, L50, M|\n|poke|p2|Flutter Mane, L50|\n|poke|p2|Amoonguss, L50, M|\n|poke|p2|Dragonite, L50, M|\n|poke|p2|Iron Hands, L50|\n|teampreview|4\nReggie Romano rejected open team sheets.\n|inactive|Battle timer is ON: inactive players will automatically lose when time's up. (requested by Pazzone)\n|inactive|Pazzone has 60 seconds left.\n|inactive|Pazzone has 30 seconds left.\n|inactive|Pazzone has 20 seconds left.\n|inactive|Pazzone has 15 seconds left.\n|inactive|Pazzone has 10 seconds left.\n|inactive|Pazzone has 5 seconds left.\n|\n|t:|1681927245\n|start\n|switch|p1a: Arcanine|Arcanine, L50, F|100\/100\n|switch|p1b: Flutter Mane|Flutter Mane, L50|100\/100\n|switch|p2a: Snoop Dogg|Arcanine, L50, M|100\/100\n|switch|p2b: Best Boy :)|Dragonite, L50, M|100\/100\n|-ability|p2a: Snoop Dogg|Intimidate|boost\n|-unboost|p1a: Arcanine|atk|1\n|-unboost|p1b: Flutter Mane|atk|1\n|-ability|p1a: Arcanine|Intimidate|boost\n|-unboost|p2a: Snoop Dogg|atk|1\n|-unboost|p2b: Best Boy :)|atk|1\n|turn|1\n|inactive|Pazzone has 30 seconds left.\n|inactive|Reggie Romano has 30 seconds left.\n|inactive|Pazzone has 20 seconds left.\n|inactive|Pazzone has 15 seconds left.\n|inactive|Pazzone has 10 seconds left.\n|inactive|Pazzone has 5 seconds left.\n|\n|t:|1681927297\n|switch|p2b: Misfits|Ting-Lu, L50|100\/100\n|-ability|p2b: Misfits|Vessel of Ruin\n|move|p1a: Arcanine|Protect|p1a: Arcanine\n|-singleturn|p1a: Arcanine|Protect\n|move|p1b: Flutter Mane|Dazzling Gleam|p2b: Misfits|[spread] p2a,p2b\n|-resisted|p2a: Snoop Dogg\n|-supereffective|p2b: Misfits\n|-damage|p2a: Snoop Dogg|82\/100\n|-damage|p2b: Misfits|40\/100\n|move|p2a: Snoop Dogg|Snarl|p1b: Flutter Mane|[spread] p1b\n|-activate|p1a: Arcanine|move: Protect\n|-damage|p1b: Flutter Mane|95\/100\n|-unboost|p1b: Flutter Mane|spa|1\n|\n|-heal|p2b: Misfits|46\/100|[from] item: Leftovers\n|upkeep\n|turn|2\n|inactive|Pazzone has 30 seconds left.\n|inactive|Reggie Romano has 30 seconds left.\n|inactive|Pazzone has 20 seconds left.\n|\n|t:|1681927336\n|-end|p1b: Flutter Mane|Protosynthesis|[silent]\n|switch|p1b: Annihilape|Annihilape, L50, F|100\/100\n|move|p2b: Misfits|Protect|p2b: Misfits\n|-singleturn|p2b: Misfits|Protect\n|move|p2a: Snoop Dogg|Flare Blitz|p1b: Annihilape\n|-damage|p1b: Annihilape|68\/100\n|-damage|p2a: Snoop Dogg|71\/100|[from] Recoil\n|move|p1a: Arcanine|Will-O-Wisp|p2b: Misfits\n|-activate|p2b: Misfits|move: Protect\n|\n|-heal|p1b: Annihilape|74\/100|[from] item: Leftovers\n|-heal|p2b: Misfits|52\/100|[from] item: Leftovers\n|upkeep\n|turn|3\n|\n|t:|1681927355\n|move|p1b: Annihilape|Protect|p1b: Annihilape\n|-singleturn|p1b: Annihilape|Protect\n|move|p2a: Snoop Dogg|Will-O-Wisp|p1b: Annihilape\n|-activate|p1b: Annihilape|move: Protect\n|move|p1a: Arcanine|Will-O-Wisp|p2b: Misfits\n|-status|p2b: Misfits|brn\n|move|p2b: Misfits|Stomping Tantrum|p1a: Arcanine\n|-supereffective|p1a: Arcanine\n|-damage|p1a: Arcanine|74\/100\n|\n|-heal|p1b: Annihilape|80\/100|[from] item: Leftovers\n|-heal|p2b: Misfits|59\/100 brn|[from] item: Leftovers\n|-damage|p2b: Misfits|52\/100 brn|[from] brn\n|upkeep\n|turn|4\n|inactive|Pazzone has 30 seconds left.\n|\n|t:|1681927381\n|switch|p1b: Amoonguss|Amoonguss, L50, M|100\/100\n|move|p2a: Snoop Dogg|Will-O-Wisp|p1b: Amoonguss\n|-status|p1b: Amoonguss|brn\n|move|p1a: Arcanine|Flare Blitz|p2b: Misfits\n|-damage|p2b: Misfits|37\/100 brn\n|-damage|p1a: Arcanine|68\/100|[from] Recoil\n|move|p2b: Misfits|Ruination|p1b: Amoonguss\n|-damage|p1b: Amoonguss|51\/100 brn\n|\n|-heal|p2b: Misfits|43\/100 brn|[from] item: Leftovers\n|-damage|p2b: Misfits|37\/100 brn|[from] brn\n|-damage|p1b: Amoonguss|45\/100 brn|[from] brn\n|upkeep\n|-enditem|p1b: Amoonguss|Sitrus Berry|[eat]\n|-heal|p1b: Amoonguss|69\/100 brn|[from] item: Sitrus Berry\n|turn|5\n|inactive|Pazzone has 30 seconds left.\n|\n|t:|1681927407\n|move|p2a: Snoop Dogg|Flare Blitz|p1b: Amoonguss\n|-supereffective|p1b: Amoonguss\n|-damage|p1b: Amoonguss|15\/100 brn\n|-damage|p2a: Snoop Dogg|50\/100|[from] Recoil\n|move|p1a: Arcanine|Flare Blitz|p2b: Misfits\n|-damage|p2b: Misfits|23\/100 brn\n|-damage|p1a: Arcanine|61\/100|[from] Recoil\n|move|p2b: Misfits|Fissure|p1a: Arcanine|[miss]\n|-miss|p2b: Misfits|p1a: Arcanine\n|move|p1b: Amoonguss|Spore|p2a: Snoop Dogg\n|-status|p2a: Snoop Dogg|slp|[from] move: Spore\n|\n|-heal|p2b: Misfits|29\/100 brn|[from] item: Leftovers\n|-damage|p2b: Misfits|23\/100 brn|[from] brn\n|-damage|p1b: Amoonguss|9\/100 brn|[from] brn\n|upkeep\n|turn|6\n|inactive|Pazzone has 30 seconds left.\n|\n|t:|1681927438\n|switch|p1b: Flutter Mane|Flutter Mane, L50|95\/100\n|cant|p2a: Snoop Dogg|slp\n|move|p1a: Arcanine|Flare Blitz|p2b: Misfits\n|-damage|p2b: Misfits|9\/100 brn\n|-damage|p1a: Arcanine|55\/100|[from] Recoil\n|move|p2b: Misfits|Stomping Tantrum|p1a: Arcanine\n|-supereffective|p1a: Arcanine\n|-damage|p1a: Arcanine|0 fnt\n|faint|p1a: Arcanine\n|\n|-heal|p2b: Misfits|15\/100 brn|[from] item: Leftovers\n|-damage|p2b: Misfits|9\/100 brn|[from] brn\n|upkeep\n|\n|t:|1681927451\n|switch|p1a: Annihilape|Annihilape, L50, F|80\/100\n|turn|7\n|\n|t:|1681927465\n|move|p1b: Flutter Mane|Dazzling Gleam|p2a: Snoop Dogg|[spread] p2a,p2b\n|-resisted|p2a: Snoop Dogg\n|-supereffective|p2b: Misfits\n|-damage|p2a: Snoop Dogg|32\/100 slp\n|-damage|p2b: Misfits|0 fnt\n|faint|p2b: Misfits\n|-curestatus|p2a: Snoop Dogg|slp|[msg]\n|move|p2a: Snoop Dogg|Will-O-Wisp|p1a: Annihilape\n|-status|p1a: Annihilape|brn\n|move|p1a: Annihilape|Bulk Up|p1a: Annihilape\n|-boost|p1a: Annihilape|atk|1\n|-boost|p1a: Annihilape|def|1\n|\n|-heal|p1a: Annihilape|86\/100 brn|[from] item: Leftovers\n|-damage|p1a: Annihilape|80\/100 brn|[from] brn\n|upkeep\n|\n|t:|1681927473\n|switch|p2b: Best Boy :)|Dragonite, L50, M|100\/100\n|turn|8\n|inactive|Pazzone has 30 seconds left.\n|inactive|Pazzone has 20 seconds left.\n|\n|t:|1681927513\n|-terastallize|p2b: Best Boy :)|Flying\n|move|p1b: Flutter Mane|Dazzling Gleam|p2a: Snoop Dogg|[spread] p2a,p2b\n|-resisted|p2a: Snoop Dogg\n|-damage|p2a: Snoop Dogg|9\/100\n|-damage|p2b: Best Boy :)|81\/100\n|-enditem|p2a: Snoop Dogg|Iapapa Berry|[eat]\n|-heal|p2a: Snoop Dogg|42\/100|[from] item: Iapapa Berry\n|move|p2a: Snoop Dogg|Flare Blitz|p1b: Flutter Mane\n|-damage|p1b: Flutter Mane|50\/100\n|-damage|p2a: Snoop Dogg|30\/100|[from] Recoil\n|move|p1a: Annihilape|Bulk Up|p1a: Annihilape\n|-boost|p1a: Annihilape|atk|1\n|-boost|p1a: Annihilape|def|1\n|move|p2b: Best Boy :)|Tera Blast|p1a: Annihilape\n|-supereffective|p1a: Annihilape\n|-damage|p1a: Annihilape|19\/100 brn\n|\n|-heal|p1a: Annihilape|25\/100 brn|[from] item: Leftovers\n|-damage|p1a: Annihilape|19\/100 brn|[from] brn\n|upkeep\n|turn|9\n|inactive|Pazzone has 30 seconds left.\n|inactive|Reggie Romano has 30 seconds left.\n|\n|t:|1681927541\n|move|p1b: Flutter Mane|Dazzling Gleam|p2b: Best Boy :)|[spread] p2a,p2b\n|-resisted|p2a: Snoop Dogg\n|-damage|p2a: Snoop Dogg|7\/100\n|-damage|p2b: Best Boy :)|42\/100\n|move|p2a: Snoop Dogg|Snarl|p1b: Flutter Mane|[spread] p1a,p1b\n|-damage|p1a: Annihilape|11\/100 brn\n|-damage|p1b: Flutter Mane|43\/100\n|-unboost|p1a: Annihilape|spa|1\n|-ability|p1a: Annihilape|Defiant|boost\n|-boost|p1a: Annihilape|atk|2\n|-unboost|p1b: Flutter Mane|spa|1\n|move|p1a: Annihilape|Rage Fist|p2a: Snoop Dogg\n|-damage|p2a: Snoop Dogg|0 fnt\n|faint|p2a: Snoop Dogg\n|move|p2b: Best Boy :)|Tera Blast|p1a: Annihilape\n|-supereffective|p1a: Annihilape\n|-damage|p1a: Annihilape|0 fnt\n|faint|p1a: Annihilape\n|\n|upkeep\n|\n|t:|1681927557\n|switch|p2a: Robot Rock|Iron Hands, L50, shiny|100\/100\n|switch|p1a: Amoonguss|Amoonguss, L50, M|42\/100 brn\n|turn|10\n|\n|t:|1681927573\n|move|p1a: Amoonguss|Protect|p1a: Amoonguss\n|-singleturn|p1a: Amoonguss|Protect\n|move|p2a: Robot Rock|Fake Out|p1a: Amoonguss\n|-activate|p1a: Amoonguss|move: Protect\n|move|p1b: Flutter Mane|Dazzling Gleam|p2b: Best Boy :)|[spread] p2a,p2b\n|-supereffective|p2a: Robot Rock\n|-damage|p2a: Robot Rock|71\/100\n|-damage|p2b: Best Boy :)|14\/100\n|move|p2b: Best Boy :)|Tera Blast|p1a: Amoonguss\n|-activate|p1a: Amoonguss|move: Protect\n|\n|-damage|p1a: Amoonguss|36\/100 brn|[from] brn\n|upkeep\n|turn|11\n|\n|t:|1681927592\n|move|p1a: Amoonguss|Rage Powder|p1a: Amoonguss\n|-singleturn|p1a: Amoonguss|move: Rage Powder\n|move|p1b: Flutter Mane|Dazzling Gleam|p2a: Robot Rock|[spread] p2a,p2b\n|-supereffective|p2a: Robot Rock\n|-damage|p2a: Robot Rock|42\/100\n|-damage|p2b: Best Boy :)|0 fnt\n|faint|p2b: Best Boy :)\n|move|p2a: Robot Rock|Wild Charge|p1a: Amoonguss\n|-resisted|p1a: Amoonguss\n|-damage|p1a: Amoonguss|17\/100 brn\n|-damage|p2a: Robot Rock|38\/100|[from] Recoil\n|\n|-damage|p1a: Amoonguss|11\/100 brn|[from] brn\n|upkeep\n|turn|12\n|inactive|Pazzone has 30 seconds left.\n|inactive|Pazzone has 20 seconds left.\n|\n|t:|1681927628\n|move|p1a: Amoonguss|Rage Powder|p1a: Amoonguss\n|-singleturn|p1a: Amoonguss|move: Rage Powder\n|move|p1b: Flutter Mane|Dazzling Gleam|p2a: Robot Rock\n|-supereffective|p2a: Robot Rock\n|-damage|p2a: Robot Rock|0 fnt\n|faint|p2a: Robot Rock\n|-end|p2a: Robot Rock|Quark Drive|[silent]\n|\n|win|Pazzone\n|raw|Pazzone's rating: 1137 → 1159<\/strong> (+22 for winning)\n|raw|Reggie Romano's rating: 1090 → 1070<\/strong> (-20 for losing)\n","uploadtime":1681927633,"views":11,"p1id":"pazzone","p2id":"reggieromano","formatid":"gen9vgc2023regulationc","rating":1070,"private":0,"password":""}