{"id":"gen9vgc2023regulationc-1850526398","p1":"nellek","p2":"Kajqjsjdjsjz","format":"[Gen 9] VGC 2023 Regulation C","log":"|j|\u2606nellek\n|j|\u2606Kajqjsjdjsjz\n|t:|1682345792\n|gametype|doubles\n|player|p1|nellek|266|1133\n|player|p2|Kajqjsjdjsjz|102|1121\n|teamsize|p1|6\n|teamsize|p2|6\n|gen|9\n|tier|[Gen 9] VGC 2023 Regulation C\n|rated|\n|rule|Species Clause: Limit one of each Pok\u00e9mon\n|rule|Item Clause: Limit one of each item\n|clearpoke\n|poke|p1|Garganacl, L50, M|\n|poke|p1|Wo-Chien, L50|\n|poke|p1|Glimmora, L50, F|\n|poke|p1|Gyarados, L50, F|\n|poke|p1|Flutter Mane, L50|\n|poke|p1|Chi-Yu, L50|\n|poke|p2|Wo-Chien, L50|\n|poke|p2|Arcanine, L50, M|\n|poke|p2|Iron Bundle, L50|\n|poke|p2|Flutter Mane, L50|\n|poke|p2|Krookodile, L50, F|\n|poke|p2|Gholdengo, L50|\n|teampreview|4\n|\n|t:|1682345838\n|start\n|switch|p1a: Wo-Chien|Wo-Chien, L50|100\/100\n|switch|p1b: Glimmora|Glimmora, L50, F|100\/100\n|switch|p2a: Iron Bundle|Iron Bundle, L50, shiny|100\/100\n|switch|p2b: Krookodile|Krookodile, L50, F|100\/100\n|-ability|p2b: Krookodile|Intimidate|boost\n|-unboost|p1a: Wo-Chien|atk|1\n|-unboost|p1b: Glimmora|atk|1\n|-ability|p1a: Wo-Chien|Tablets of Ruin\n|-enditem|p2a: Iron Bundle|Booster Energy\n|-activate|p2a: Iron Bundle|ability: Quark Drive|[fromitem]\n|-start|p2a: Iron Bundle|quarkdrivespe\n|turn|1\n|\n|t:|1682345866\n|-terastallize|p2b: Krookodile|Poison\n|-terastallize|p1a: Wo-Chien|Water\n|move|p2a: Iron Bundle|Protect|p2a: Iron Bundle\n|-singleturn|p2a: Iron Bundle|Protect\n|move|p2b: Krookodile|Gunk Shot|p1a: Wo-Chien\n|-damage|p1a: Wo-Chien|64\/100\n|-status|p1a: Wo-Chien|psn\n|move|p1b: Glimmora|Mortal Spin|p2b: Krookodile|[spread] p2b\n|-activate|p2a: Iron Bundle|move: Protect\n|-resisted|p2b: Krookodile\n|-damage|p2b: Krookodile|99\/100\n|move|p1a: Wo-Chien|Leech Seed|p2b: Krookodile\n|-start|p2b: Krookodile|move: Leech Seed\n|\n|-damage|p2b: Krookodile|87\/100|[from] Leech Seed|[of] p1a: Wo-Chien\n|-heal|p1a: Wo-Chien|84\/100 psn|[silent]\n|-damage|p1a: Wo-Chien|72\/100 psn|[from] psn\n|upkeep\n|turn|2\n|\n|t:|1682345897\n|move|p1a: Wo-Chien|Protect|p1a: Wo-Chien\n|-singleturn|p1a: Wo-Chien|Protect\n|move|p2a: Iron Bundle|Freeze-Dry|p1a: Wo-Chien\n|-activate|p1a: Wo-Chien|move: Protect\n|move|p2b: Krookodile|Snarl|p1a: Wo-Chien|[spread] p1b\n|-activate|p1a: Wo-Chien|move: Protect\n|-damage|p1b: Glimmora|95\/100\n|-unboost|p1b: Glimmora|spa|1\n|move|p1b: Glimmora|Mortal Spin|p2b: Krookodile|[spread] p2a,p2b\n|-resisted|p2b: Krookodile\n|-damage|p2a: Iron Bundle|96\/100\n|-damage|p2b: Krookodile|86\/100\n|-status|p2a: Iron Bundle|psn\n|\n|-damage|p2b: Krookodile|74\/100|[from] Leech Seed|[of] p1a: Wo-Chien\n|-heal|p1a: Wo-Chien|92\/100 psn|[silent]\n|-damage|p2a: Iron Bundle|84\/100 psn|[from] psn\n|-damage|p1a: Wo-Chien|79\/100 psn|[from] psn\n|upkeep\n|turn|3\n|\n|t:|1682345923\n|-end|p2a: Iron Bundle|Quark Drive|[silent]\n|switch|p2a: Gholdengo|Gholdengo, L50|100\/100\n|move|p2b: Krookodile|Snarl|p1a: Wo-Chien|[spread] p1a,p1b\n|-damage|p1a: Wo-Chien|73\/100 psn\n|-damage|p1b: Glimmora|89\/100\n|-unboost|p1a: Wo-Chien|spa|1\n|-unboost|p1b: Glimmora|spa|1\n|move|p1b: Glimmora|Earth Power|p2a: Gholdengo\n|-supereffective|p2a: Gholdengo\n|-damage|p2a: Gholdengo|70\/100\n|move|p1a: Wo-Chien|Knock Off|p2b: Krookodile\n|-damage|p2b: Krookodile|52\/100\n|-enditem|p2b: Krookodile|Assault Vest|[from] move: Knock Off|[of] p1a: Wo-Chien\n|\n|-heal|p2a: Gholdengo|76\/100|[from] item: Leftovers\n|-damage|p2b: Krookodile|40\/100|[from] Leech Seed|[of] p1a: Wo-Chien\n|-heal|p1a: Wo-Chien|93\/100 psn|[silent]\n|-damage|p1a: Wo-Chien|81\/100 psn|[from] psn\n|upkeep\n|turn|4\n|\n|t:|1682345943\n|switch|p1b: Garganacl|Garganacl, L50, M|100\/100\n|move|p2a: Gholdengo|Protect|p2a: Gholdengo\n|-singleturn|p2a: Gholdengo|Protect\n|move|p1a: Wo-Chien|Protect|p1a: Wo-Chien\n|-singleturn|p1a: Wo-Chien|Protect\n|move|p2b: Krookodile|Bulldoze|p1b: Garganacl|[spread] p1b\n|-activate|p2a: Gholdengo|move: Protect\n|-activate|p1a: Wo-Chien|move: Protect\n|-supereffective|p1b: Garganacl\n|-damage|p1b: Garganacl|80\/100\n|-unboost|p1b: Garganacl|spe|1\n|\n|-heal|p2a: Gholdengo|82\/100|[from] item: Leftovers\n|-heal|p1b: Garganacl|86\/100|[from] item: Leftovers\n|-damage|p2b: Krookodile|27\/100|[from] Leech Seed|[of] p1a: Wo-Chien\n|-heal|p1a: Wo-Chien|100\/100 psn|[silent]\n|-damage|p1a: Wo-Chien|88\/100 psn|[from] psn\n|upkeep\n|turn|5\n|\n|t:|1682345965\n|move|p2b: Krookodile|Low Kick|p1b: Garganacl\n|-supereffective|p1b: Garganacl\n|-damage|p1b: Garganacl|49\/100\n|move|p2a: Gholdengo|Make It Rain|p1b: Garganacl|[spread] p1a,p1b\n|-resisted|p1a: Wo-Chien\n|-supereffective|p1b: Garganacl\n|-damage|p1a: Wo-Chien|71\/100 psn\n|-damage|p1b: Garganacl|0 fnt\n|-unboost|p2a: Gholdengo|spa|1\n|faint|p1b: Garganacl\n|move|p1a: Wo-Chien|Knock Off|p2a: Gholdengo\n|-supereffective|p2a: Gholdengo\n|-damage|p2a: Gholdengo|42\/100\n|-enditem|p2a: Gholdengo|Leftovers|[from] move: Knock Off|[of] p1a: Wo-Chien\n|\n|-damage|p2b: Krookodile|15\/100|[from] Leech Seed|[of] p1a: Wo-Chien\n|-heal|p1a: Wo-Chien|91\/100 psn|[silent]\n|-damage|p1a: Wo-Chien|78\/100 psn|[from] psn\n|upkeep\n|\n|t:|1682345981\n|switch|p1b: Glimmora|Glimmora, L50, F|89\/100\n|turn|6\n|\n|t:|1682345986\n|move|p2a: Gholdengo|Protect|p2a: Gholdengo\n|-singleturn|p2a: Gholdengo|Protect\n|move|p1a: Wo-Chien|Protect|p1a: Wo-Chien\n|-singleturn|p1a: Wo-Chien|Protect\n|move|p2b: Krookodile|Bulldoze|p1b: Glimmora|[spread] p1b\n|-activate|p2a: Gholdengo|move: Protect\n|-activate|p1a: Wo-Chien|move: Protect\n|-supereffective|p1b: Glimmora\n|-damage|p1b: Glimmora|34\/100\n|-unboost|p1b: Glimmora|spe|1\n|-activate|p1b: Glimmora|ability: Toxic Debris\n|-sidestart|p2: Kajqjsjdjsjz|move: Toxic Spikes\n|move|p1b: Glimmora|Earth Power|p2a: Gholdengo\n|-activate|p2a: Gholdengo|move: Protect\n|\n|-damage|p2b: Krookodile|2\/100|[from] Leech Seed|[of] p1a: Wo-Chien\n|-heal|p1a: Wo-Chien|98\/100 psn|[silent]\n|-damage|p1a: Wo-Chien|86\/100 psn|[from] psn\n|upkeep\n|turn|7\n|\n|t:|1682346009\n|switch|p2b: Iron Bundle|Iron Bundle, L50, shiny|84\/100 psn\n|move|p2a: Gholdengo|Make It Rain|p1b: Glimmora|[spread] p1a,p1b\n|-resisted|p1a: Wo-Chien\n|-supereffective|p1b: Glimmora\n|-damage|p1a: Wo-Chien|74\/100 psn\n|-damage|p1b: Glimmora|0 fnt\n|-unboost|p2a: Gholdengo|spa|1\n|faint|p1b: Glimmora\n|move|p1a: Wo-Chien|Pollen Puff|p1: Glimmora|[notarget]\n|-fail|p1a: Wo-Chien\n|\n|-damage|p2b: Iron Bundle|71\/100 psn|[from] psn\n|-damage|p1a: Wo-Chien|62\/100 psn|[from] psn\n|upkeep\n|\n|t:|1682346022\n|switch|p1b: Gyarados|Gyarados, L50, F|100\/100\n|-ability|p1b: Gyarados|Intimidate|boost\n|-unboost|p2a: Gholdengo|atk|1\n|-unboost|p2b: Iron Bundle|atk|1\n|turn|8\n|\n|t:|1682346030\n|switch|p2a: Krookodile|Krookodile, L50, F, tera:Poison|2\/100\n|-sideend|p2: Kajqjsjdjsjz|move: Toxic Spikes|[of] p2a: Krookodile\n|-ability|p2a: Krookodile|Intimidate|boost\n|-unboost|p1a: Wo-Chien|atk|1\n|-unboost|p1b: Gyarados|atk|1\n|move|p2b: Iron Bundle|Protect|p2b: Iron Bundle\n|-singleturn|p2b: Iron Bundle|Protect\n|move|p1b: Gyarados|Earthquake|p2a: Krookodile|[spread] p1a,p2a\n|-activate|p2b: Iron Bundle|move: Protect\n|-supereffective|p2a: Krookodile\n|-damage|p1a: Wo-Chien|45\/100 psn\n|-damage|p2a: Krookodile|0 fnt\n|faint|p2a: Krookodile\n|-damage|p1b: Gyarados|90\/100|[from] item: Life Orb\n|move|p1a: Wo-Chien|Leech Seed|p2b: Iron Bundle\n|-activate|p2b: Iron Bundle|move: Protect\n|\n|-damage|p2b: Iron Bundle|59\/100 psn|[from] psn\n|-damage|p1a: Wo-Chien|33\/100 psn|[from] psn\n|upkeep\n|\n|t:|1682346050\n|switch|p2a: Gholdengo|Gholdengo, L50|42\/100\n|turn|9\n|\n|t:|1682346067\n|move|p2a: Gholdengo|Protect|p2a: Gholdengo\n|-singleturn|p2a: Gholdengo|Protect\n|move|p2b: Iron Bundle|Freeze-Dry|p1b: Gyarados\n|-supereffective|p1b: Gyarados\n|-damage|p1b: Gyarados|0 fnt\n|faint|p1b: Gyarados\n|move|p1a: Wo-Chien|Leech Seed|p2b: Iron Bundle\n|-start|p2b: Iron Bundle|move: Leech Seed\n|\n|-damage|p2b: Iron Bundle|47\/100 psn|[from] Leech Seed|[of] p1a: Wo-Chien\n|-heal|p1a: Wo-Chien|46\/100 psn|[silent]\n|-damage|p2b: Iron Bundle|35\/100 psn|[from] psn\n|-damage|p1a: Wo-Chien|33\/100 psn|[from] psn\n|upkeep\n|turn|10\n|\n|t:|1682346078\n|move|p1a: Wo-Chien|Protect|p1a: Wo-Chien\n|-singleturn|p1a: Wo-Chien|Protect\n|move|p2b: Iron Bundle|Freeze-Dry|p1a: Wo-Chien\n|-activate|p1a: Wo-Chien|move: Protect\n|move|p2a: Gholdengo|Nasty Plot|p2a: Gholdengo\n|-boost|p2a: Gholdengo|spa|2\n|\n|-damage|p2b: Iron Bundle|23\/100 psn|[from] Leech Seed|[of] p1a: Wo-Chien\n|-heal|p1a: Wo-Chien|46\/100 psn|[silent]\n|-damage|p2b: Iron Bundle|10\/100 psn|[from] psn\n|-damage|p1a: Wo-Chien|34\/100 psn|[from] psn\n|upkeep\n|turn|11\n|\n|t:|1682346089\n|move|p1a: Wo-Chien|Protect|p1a: Wo-Chien\n|-singleturn|p1a: Wo-Chien|Protect\n|move|p2b: Iron Bundle|Freeze-Dry|p1a: Wo-Chien\n|-activate|p1a: Wo-Chien|move: Protect\n|move|p2a: Gholdengo|Shadow Ball|p1a: Wo-Chien\n|-activate|p1a: Wo-Chien|move: Protect\n|\n|-damage|p2b: Iron Bundle|0 fnt|[from] Leech Seed|[of] p1a: Wo-Chien\n|-heal|p1a: Wo-Chien|45\/100 psn|[silent]\n|faint|p2b: Iron Bundle\n|-end|p2b: Iron Bundle|Quark Drive|[silent]\n|-damage|p1a: Wo-Chien|32\/100 psn|[from] psn\n|upkeep\n|\n|t:|1682346092\n|switch|p2b: Flutter Mane|Flutter Mane, L50|100\/100\n|turn|12\n|\n|t:|1682346105\n|move|p2b: Flutter Mane|Moonblast|p1a: Wo-Chien\n|-damage|p1a: Wo-Chien|0 fnt\n|faint|p1a: Wo-Chien\n|\n|win|Kajqjsjdjsjz\n|raw|nellek's rating: 1133 → 1107<\/strong> (-26 for losing)\n|raw|Kajqjsjdjsjz's rating: 1121 → 1147<\/strong> (+26 for winning)\n|l|\u2606nellek\n","uploadtime":1682346331,"views":27,"p1id":"nellek","p2id":"kajqjsjdjsjz","formatid":"gen9vgc2023regulationc","rating":1107,"private":0,"password":""}