{"id":"gen9vgc2023regulationc-1855712833","p1":"hit my whip","p2":"TJRaynes","format":"[Gen 9] VGC 2023 Regulation C","log":"|j|\u2606hit my whip\n|j|\u2606TJRaynes\n|t:|1682975828\n|gametype|doubles\n|player|p1|hit my whip|acetrainerf-gen4dp|1309\n|player|p2|TJRaynes|marley|1252\n|teamsize|p1|6\n|teamsize|p2|6\n|gen|9\n|tier|[Gen 9] VGC 2023 Regulation C\n|rated|\n|rule|Species Clause: Limit one of each Pok\u00e9mon\n|rule|Item Clause: Limit one of each item\n|clearpoke\n|poke|p1|Pincurchin, L50, M|\n|poke|p1|Iron Jugulis, L50|\n|poke|p1|Iron Treads, L50|\n|poke|p1|Iron Valiant, L50|\n|poke|p1|Chi-Yu, L50|\n|poke|p1|Gastrodon, L50, M|\n|poke|p2|Venomoth, L50, F|\n|poke|p2|Maushold-Four, L50|\n|poke|p2|Lucario, L50, F|\n|poke|p2|Chi-Yu, L50|\n|poke|p2|Amoonguss, L50, M|\n|poke|p2|Iron Jugulis, L50|\n|teampreview|4\n|inactive|Battle timer is ON: inactive players will automatically lose when time's up. (requested by hit my whip)\nTJRaynes has agreed to open team sheets.\n|\n|t:|1682975857\n|start\n|switch|p1a: Iron Valiant|Iron Valiant, L50|100\/100\n|switch|p1b: Chi-Yu|Chi-Yu, L50|100\/100\n|switch|p2a: Iron Jugulis|Iron Jugulis, L50|100\/100\n|switch|p2b: Chi-Yu|Chi-Yu, L50|100\/100\n|-ability|p1b: Chi-Yu|Beads of Ruin\n|-ability|p2b: Chi-Yu|Beads of Ruin\n|-enditem|p2a: Iron Jugulis|Booster Energy\n|-activate|p2a: Iron Jugulis|ability: Quark Drive|[fromitem]\n|-start|p2a: Iron Jugulis|quarkdrivespe\n|turn|1\n|inactive|hit my whip has 30 seconds left.\n|inactive|hit my whip has 20 seconds left.\n|inactive|hit my whip has 15 seconds left.\n|inactive|hit my whip has 10 seconds left.\n|inactive|hit my whip has 5 seconds left.\n|\n|t:|1682975911\n|-terastallize|p1a: Iron Valiant|Fighting\n|-terastallize|p2b: Chi-Yu|Fire\n|move|p2a: Iron Jugulis|Tailwind|p2a: Iron Jugulis\n|-sidestart|p2: TJRaynes|move: Tailwind\n|move|p2b: Chi-Yu|Heat Wave|p1a: Iron Valiant|[spread] p1a,p1b\n|-resisted|p1b: Chi-Yu\n|-enditem|p1a: Iron Valiant|Focus Sash\n|-damage|p1a: Iron Valiant|1\/100\n|-damage|p1b: Chi-Yu|50\/100\n|move|p1a: Iron Valiant|Close Combat|p2b: Chi-Yu\n|-damage|p2b: Chi-Yu|0 fnt\n|-unboost|p1a: Iron Valiant|def|1\n|-unboost|p1a: Iron Valiant|spd|1\n|faint|p2b: Chi-Yu\n|move|p1b: Chi-Yu|Heat Wave|p2a: Iron Jugulis\n|-damage|p2a: Iron Jugulis|0 fnt\n|faint|p2a: Iron Jugulis\n|-end|p2a: Iron Jugulis|Quark Drive|[silent]\n|\n|upkeep\n|\n|t:|1682975926\n|switch|p2a: Lucario|Lucario, L50, F|100\/100\n|switch|p2b: Amoonguss|Amoonguss, L50, M|100\/100\n|turn|2\n|\n|t:|1682975947\n|move|p2b: Amoonguss|Rage Powder|p2b: Amoonguss\n|-singleturn|p2b: Amoonguss|move: Rage Powder\n|move|p2a: Lucario|Close Combat|p1b: Chi-Yu\n|-supereffective|p1b: Chi-Yu\n|-damage|p1b: Chi-Yu|0 fnt\n|-unboost|p2a: Lucario|def|1\n|-unboost|p2a: Lucario|spd|1\n|faint|p1b: Chi-Yu\n|-damage|p2a: Lucario|91\/100|[from] item: Life Orb\n|move|p1a: Iron Valiant|Close Combat|p2b: Amoonguss\n|-resisted|p2b: Amoonguss\n|-damage|p2b: Amoonguss|62\/100\n|-unboost|p1a: Iron Valiant|def|1\n|-unboost|p1a: Iron Valiant|spd|1\n|\n|upkeep\n|\n|t:|1682975964\n|switch|p1b: Iron Treads|Iron Treads, L50|100\/100\n|turn|3\n|\n|t:|1682975971\n|-end|p1b: Iron Treads|Quark Drive|[silent]\n|switch|p1b: him|Pincurchin, L50, M|100\/100\n|-fieldstart|move: Electric Terrain|[from] ability: Electric Surge|[of] p1b: him\n|-activate|p1a: Iron Valiant|ability: Quark Drive\n|-start|p1a: Iron Valiant|quarkdriveatk\n|move|p2b: Amoonguss|Rage Powder|p2b: Amoonguss\n|-singleturn|p2b: Amoonguss|move: Rage Powder\n|move|p2a: Lucario|Close Combat|p1b: him\n|-damage|p1b: him|15\/100\n|-unboost|p2a: Lucario|def|1\n|-unboost|p2a: Lucario|spd|1\n|-damage|p2a: Lucario|81\/100|[from] item: Life Orb\n|move|p1a: Iron Valiant|Close Combat|p2b: Amoonguss\n|-resisted|p2b: Amoonguss\n|-damage|p2b: Amoonguss|16\/100\n|-unboost|p1a: Iron Valiant|def|1\n|-unboost|p1a: Iron Valiant|spd|1\n|-enditem|p2b: Amoonguss|Sitrus Berry|[eat]\n|-heal|p2b: Amoonguss|41\/100|[from] item: Sitrus Berry\n|\n|upkeep\n|turn|4\n|inactive|hit my whip has 30 seconds left.\n|\n|t:|1682975997\n|move|p1a: Iron Valiant|Protect|p1a: Iron Valiant\n|-singleturn|p1a: Iron Valiant|Protect\n|move|p2a: Lucario|Bullet Punch|p1a: Iron Valiant\n|-activate|p1a: Iron Valiant|move: Protect\n|move|p2b: Amoonguss|Pollen Puff|p1b: him\n|-damage|p1b: him|0 fnt\n|faint|p1b: him\n|\n|-sideend|p2: TJRaynes|move: Tailwind\n|upkeep\n|\n|t:|1682976004\n|switch|p1b: Iron Treads|Iron Treads, L50|100\/100\n|-activate|p1b: Iron Treads|ability: Quark Drive\n|-start|p1b: Iron Treads|quarkdriveatk\n|turn|5\n|\n|t:|1682976015\n|move|p2b: Amoonguss|Rage Powder|p2b: Amoonguss\n|-singleturn|p2b: Amoonguss|move: Rage Powder\n|move|p1a: Iron Valiant|Shadow Sneak|p2b: Amoonguss\n|-damage|p2b: Amoonguss|24\/100\n|move|p2a: Lucario|Bullet Punch|p1a: Iron Valiant\n|-damage|p1a: Iron Valiant|0 fnt\n|faint|p1a: Iron Valiant\n|-end|p1a: Iron Valiant|Quark Drive|[silent]\n|-damage|p2a: Lucario|72\/100|[from] item: Life Orb\n|move|p1b: Iron Treads|Stomping Tantrum|p2b: Amoonguss\n|-damage|p2b: Amoonguss|0 fnt\n|faint|p2b: Amoonguss\n|\n|upkeep\n|turn|6\n|\n|t:|1682976026\n|move|p2a: Lucario|Close Combat|p1b: Iron Treads\n|-supereffective|p1b: Iron Treads\n|-damage|p1b: Iron Treads|0 fnt\n|-unboost|p2a: Lucario|def|1\n|-unboost|p2a: Lucario|spd|1\n|faint|p1b: Iron Treads\n|-end|p1b: Iron Treads|Quark Drive|[silent]\n|-damage|p2a: Lucario|62\/100|[from] item: Life Orb\n|\n|win|TJRaynes\n|raw|hit my whip's rating: 1309 → 1286<\/strong> (-23 for losing)\n|raw|TJRaynes's rating: 1252 → 1281<\/strong> (+29 for winning)\n|l|\u2606hit my whip\n","uploadtime":1682976037,"views":13,"p1id":"hitmywhip","p2id":"tjraynes","formatid":"gen9vgc2023regulationc","rating":1281,"private":0,"password":""}