{"id":"gen9vgc2023regulationc-1845392285","p1":"afgawfjCwbfjnbklw","p2":"t4vr","format":"[Gen 9] VGC 2023 Regulation C","log":"|j|\u2606afgawfjCwbfjnbklw\n|j|\u2606t4vr\n|t:|1681726779\n|gametype|doubles\n|player|p1|afgawfjCwbfjnbklw|pryce|1019\n|player|p2|t4vr|266|1108\n|teamsize|p1|6\n|teamsize|p2|6\n|gen|9\n|tier|[Gen 9] VGC 2023 Regulation C\n|rated|\n|rule|Species Clause: Limit one of each Pok\u00e9mon\n|rule|Item Clause: Limit one of each item\n|clearpoke\n|poke|p1|Chien-Pao, L50|\n|poke|p1|Dugtrio, L50, F|\n|poke|p1|Ting-Lu, L50|\n|poke|p1|Bisharp, L50, F|\n|poke|p1|Cryogonal, L50|\n|poke|p1|Mudsdale, L50, M|\n|poke|p2|Wo-Chien, L50|\n|poke|p2|Gothitelle, L50, F|\n|poke|p2|Arcanine, L50, M|\n|poke|p2|Great Tusk, L50|\n|poke|p2|Palafin, L50, M|\n|poke|p2|Flutter Mane, L50|\n|teampreview|4\n|inactive|Battle timer is ON: inactive players will automatically lose when time's up. (requested by afgawfjCwbfjnbklw)\n|inactive|afgawfjCwbfjnbklw has 60 seconds left.\n|inactive|t4vr has 60 seconds left.\n|\n|t:|1681726826\n|start\n|switch|p1a: Bisharp|Bisharp, L50, F|100\/100\n|switch|p1b: Ting-Lu|Ting-Lu, L50|100\/100\n|switch|p2a: Gothitelle|Gothitelle, L50, F|100\/100\n|switch|p2b: Palafin|Palafin, L50, M, shiny|100\/100\n|-ability|p1b: Ting-Lu|Vessel of Ruin\n|turn|1\n|inactive|afgawfjCwbfjnbklw has 30 seconds left.\n|\n|t:|1681726853\n|detailschange|p2b: Palafin|Palafin-Hero, L50, M, shiny\n|switch|p2b: Great Tusk|Great Tusk, L50|100\/100\n|-terastallize|p1b: Ting-Lu|Water\n|move|p2a: Gothitelle|Fake Out|p1b: Ting-Lu\n|-damage|p1b: Ting-Lu|98\/100\n|move|p1a: Bisharp|Guillotine|p2b: Great Tusk\n|-damage|p2b: Great Tusk|0 fnt\n|faint|p2b: Great Tusk\n|-end|p2b: Great Tusk|Protosynthesis|[silent]\n|-ohko\n|cant|p1b: Ting-Lu|flinch\n|\n|upkeep\n|\n|t:|1681726870\n|switch|p2b: Flutter Mane|Flutter Mane, L50|100\/100\n|turn|2\n|\n|t:|1681726887\n|switch|p2a: Palafin|Palafin-Hero, L50, M, shiny|100\/100\n|-activate|p2a: Palafin|ability: Zero to Hero\n|-terastallize|p2b: Flutter Mane|Grass\n|move|p2b: Flutter Mane|Perish Song|p2b: Flutter Mane\n|-start|p1a: Bisharp|perish3|[silent]\n|-start|p1b: Ting-Lu|perish3|[silent]\n|-start|p2a: Palafin|perish3|[silent]\n|-start|p2b: Flutter Mane|perish3|[silent]\n|-fieldactivate|move: Perish Song\n|move|p1a: Bisharp|Guillotine|p2a: Palafin|[miss]\n|-miss|p1a: Bisharp|p2a: Palafin\n|move|p1b: Ting-Lu|Fissure|p2b: Flutter Mane\n|-damage|p2b: Flutter Mane|0 fnt\n|faint|p2b: Flutter Mane\n|-end|p2b: Flutter Mane|Protosynthesis|[silent]\n|-ohko\n|\n|-start|p2a: Palafin|perish3\n|-start|p1a: Bisharp|perish3\n|-start|p1b: Ting-Lu|perish3\n|upkeep\n|\n|t:|1681726906\n|switch|p2b: Gothitelle|Gothitelle, L50, F|100\/100\n|turn|3\n|\n|t:|1681726917\n|move|p2a: Palafin|Wave Crash|p1a: Bisharp\n|-damage|p1a: Bisharp|35\/100\n|-damage|p2a: Palafin|82\/100|[from] Recoil\n|move|p2b: Gothitelle|Psychic|p1b: Ting-Lu\n|-damage|p1b: Ting-Lu|84\/100\n|move|p1a: Bisharp|Guillotine|p2b: Gothitelle|[miss]\n|-miss|p1a: Bisharp|p2b: Gothitelle\n|move|p1b: Ting-Lu|Fissure|p2b: Gothitelle|[miss]\n|-miss|p1b: Ting-Lu|p2b: Gothitelle\n|\n|-start|p2a: Palafin|perish2\n|-start|p1a: Bisharp|perish2\n|-start|p1b: Ting-Lu|perish2\n|upkeep\n|turn|4\n|\n|t:|1681726941\n|move|p2a: Palafin|Jet Punch|p1a: Bisharp\n|-damage|p1a: Bisharp|3\/100\n|move|p2b: Gothitelle|Psychic|p1b: Ting-Lu\n|-damage|p1b: Ting-Lu|72\/100\n|move|p1a: Bisharp|Guillotine|p2b: Gothitelle|[miss]\n|-miss|p1a: Bisharp|p2b: Gothitelle\n|move|p1b: Ting-Lu|Fissure|p2b: Gothitelle|[miss]\n|-miss|p1b: Ting-Lu|p2b: Gothitelle\n|\n|-start|p2a: Palafin|perish1\n|-start|p1a: Bisharp|perish1\n|-start|p1b: Ting-Lu|perish1\n|upkeep\n|turn|5\n|\n|t:|1681726964\n|move|p2a: Palafin|Jet Punch|p1a: Bisharp\n|-damage|p1a: Bisharp|0 fnt\n|faint|p1a: Bisharp\n|move|p2b: Gothitelle|Psychic|p1b: Ting-Lu\n|-damage|p1b: Ting-Lu|59\/100\n|move|p1b: Ting-Lu|Fissure|p2b: Gothitelle\n|-damage|p2b: Gothitelle|0 fnt\n|faint|p2b: Gothitelle\n|-ohko\n|\n|-start|p2a: Palafin|perish0\n|-start|p1b: Ting-Lu|perish0\n|upkeep\n|faint|p2a: Palafin\n|faint|p1b: Ting-Lu\n|\n|win|afgawfjCwbfjnbklw\n|raw|afgawfjCwbfjnbklw's rating: 1019 → 1065<\/strong> (+46 for winning)\n|raw|t4vr's rating: 1108 → 1077<\/strong> (-31 for losing)\n","uploadtime":1681726978,"views":7,"p1id":"afgawfjcwbfjnbklw","p2id":"t4vr","formatid":"gen9vgc2023regulationc","rating":1065,"private":0,"password":""}