{"id":"gen9vgc2023regulationc-1861669661","p1":"LegendBtw","p2":"honglicon","format":"[Gen 9] VGC 2023 Regulation C","log":"|j|\u2606LegendBtw\n|j|\u2606honglicon\n|t:|1683791490\n|gametype|doubles\n|player|p1|LegendBtw|red-gen1|1254\n|player|p2|honglicon|1|1362\n|teamsize|p1|6\n|teamsize|p2|6\n|gen|9\n|tier|[Gen 9] VGC 2023 Regulation C\n|rated|\n|rule|Species Clause: Limit one of each Pok\u00e9mon\n|rule|Item Clause: Limit one of each item\n|clearpoke\n|poke|p1|Amoonguss, L50, F|\n|poke|p1|Ting-Lu, L50|\n|poke|p1|Arcanine, L50, F|\n|poke|p1|Palafin, L50, F|\n|poke|p1|Flutter Mane, L50|\n|poke|p1|Chien-Pao, L50|\n|poke|p2|Hydreigon, L50, F|\n|poke|p2|Gholdengo, L50|\n|poke|p2|Iron Moth, L50|\n|poke|p2|Iron Hands, L50|\n|poke|p2|Dragapult, L50, M|\n|poke|p2|Gyarados, L50, M|\n|teampreview|4\n|inactive|Battle timer is ON: inactive players will automatically lose when time's up. (requested by LegendBtw)\n|inactive|honglicon also wants the timer to be on.\n|inactive|LegendBtw has 60 seconds left.\n|\n|t:|1683791530\n|start\n|switch|p1a: Flutter Mane|Flutter Mane, L50|100\/100\n|switch|p1b: Chien-Pao|Chien-Pao, L50|100\/100\n|switch|p2a: Iron Hands|Iron Hands, L50|100\/100\n|switch|p2b: Hydreigon|Hydreigon, L50, F|100\/100\n|-ability|p1b: Chien-Pao|Sword of Ruin\n|turn|1\n|\n|t:|1683791542\n|-terastallize|p1b: Chien-Pao|Ghost\n|-terastallize|p2b: Hydreigon|Poison\n|move|p2a: Iron Hands|Fake Out|p1b: Chien-Pao\n|-immune|p1b: Chien-Pao\n|move|p1b: Chien-Pao|Sacred Sword|p2b: Hydreigon\n|-resisted|p2b: Hydreigon\n|-damage|p2b: Hydreigon|74\/100\n|move|p1a: Flutter Mane|Dazzling Gleam|p2b: Hydreigon|[spread] p2a,p2b\n|-supereffective|p2a: Iron Hands\n|-resisted|p2b: Hydreigon\n|-damage|p2a: Iron Hands|51\/100\n|-damage|p2b: Hydreigon|47\/100\n|move|p2b: Hydreigon|Flash Cannon|p1a: Flutter Mane\n|-supereffective|p1a: Flutter Mane\n|-damage|p1a: Flutter Mane|38\/100\n|-damage|p2b: Hydreigon|37\/100|[from] item: Life Orb\n|\n|upkeep\n|turn|2\n|\n|t:|1683791563\n|move|p2b: Hydreigon|Protect|p2b: Hydreigon\n|-singleturn|p2b: Hydreigon|Protect\n|move|p1b: Chien-Pao|Ice Spinner|p2b: Hydreigon\n|-activate|p2b: Hydreigon|move: Protect\n|move|p1a: Flutter Mane|Dazzling Gleam|p2b: Hydreigon|[spread] p2a\n|-activate|p2b: Hydreigon|move: Protect\n|-supereffective|p2a: Iron Hands\n|-damage|p2a: Iron Hands|4\/100\n|move|p2a: Iron Hands|Heavy Slam|p1a: Flutter Mane\n|-supereffective|p1a: Flutter Mane\n|-damage|p1a: Flutter Mane|0 fnt\n|faint|p1a: Flutter Mane\n|-end|p1a: Flutter Mane|Protosynthesis|[silent]\n|\n|upkeep\n|\n|t:|1683791568\n|switch|p1a: Amoonguss|Amoonguss, L50, F|100\/100\n|turn|3\n|\n|t:|1683791588\n|move|p1a: Amoonguss|Rage Powder|p1a: Amoonguss\n|-singleturn|p1a: Amoonguss|move: Rage Powder\n|move|p1b: Chien-Pao|Ice Spinner|p2b: Hydreigon\n|-damage|p2b: Hydreigon|0 fnt\n|faint|p2b: Hydreigon\n|move|p2a: Iron Hands|Thunder Punch|p1a: Amoonguss\n|-resisted|p1a: Amoonguss\n|-damage|p1a: Amoonguss|80\/100\n|\n|upkeep\n|\n|t:|1683791595\n|switch|p2b: Iron Moth|Iron Moth, L50|100\/100\n|-enditem|p2b: Iron Moth|Booster Energy\n|-activate|p2b: Iron Moth|ability: Quark Drive|[fromitem]\n|-start|p2b: Iron Moth|quarkdrivespa\n|turn|4\n|\n|t:|1683791616\n|switch|p1a: Ting-Lu|Ting-Lu, L50|100\/100\n|-ability|p1a: Ting-Lu|Vessel of Ruin\n|move|p1b: Chien-Pao|Ice Spinner|p2a: Iron Hands\n|-damage|p2a: Iron Hands|0 fnt\n|faint|p2a: Iron Hands\n|-end|p2a: Iron Hands|Quark Drive|[silent]\n|move|p2b: Iron Moth|Heat Wave|p1b: Chien-Pao|[spread] p1a,p1b\n|-damage|p1a: Ting-Lu|84\/100\n|-damage|p1b: Chien-Pao|46\/100\n|\n|upkeep\n|\n|t:|1683791624\n|switch|p2a: Gholdengo|Gholdengo, L50|100\/100\n|turn|5\n|\n|t:|1683791637\n|switch|p1b: Amoonguss|Amoonguss, L50, F|100\/100\n|move|p2b: Iron Moth|Energy Ball|p1a: Ting-Lu\n|-supereffective|p1a: Ting-Lu\n|-damage|p1a: Ting-Lu|55\/100\n|move|p2a: Gholdengo|Make It Rain|p1b: Amoonguss|[spread] p1a,p1b\n|-damage|p1a: Ting-Lu|30\/100\n|-damage|p1b: Amoonguss|54\/100\n|-unboost|p2a: Gholdengo|spa|1\n|move|p1a: Ting-Lu|Stomping Tantrum|p2a: Gholdengo\n|-supereffective|p2a: Gholdengo\n|-damage|p2a: Gholdengo|22\/100\n|\n|upkeep\n|turn|6\n|-message|honglicon forfeited.\n|\n|win|LegendBtw\n|raw|LegendBtw's rating: 1254 → 1287<\/strong> (+33 for winning)\n|raw|honglicon's rating: 1362 → 1336<\/strong> (-26 for losing)\n|l|\u2606honglicon\n","uploadtime":1683791660,"views":13,"p1id":"legendbtw","p2id":"honglicon","formatid":"gen9vgc2023regulationc","rating":1287,"private":0,"password":""}