{"id":"gen9vgc2023regulationc-1852624005","p1":"Cookie_k00","p2":"gorilnx","format":"[Gen 9] VGC 2023 Regulation C","log":"|j|\u2606Cookie_k00\n|j|\u2606gorilnx\n|t:|1682587077\n|gametype|doubles\n|player|p1|Cookie_k00|pokemaniac|1154\n|player|p2|gorilnx|dawn-gen4pt|1188\n|teamsize|p1|6\n|teamsize|p2|6\n|gen|9\n|tier|[Gen 9] VGC 2023 Regulation C\n|rated|\n|rule|Species Clause: Limit one of each Pok\u00e9mon\n|rule|Item Clause: Limit one of each item\n|clearpoke\n|poke|p1|Tauros-Paldea-Aqua, L50, M|\n|poke|p1|Grimmsnarl, L50, M|\n|poke|p1|Toedscruel, L50, M|\n|poke|p1|Ceruledge, L50, F|\n|poke|p1|Sandy Shocks, L50|\n|poke|p1|Glimmora, L50, F|\n|poke|p2|Palafin, L50, F|\n|poke|p2|Amoonguss, L50, F|\n|poke|p2|Flutter Mane, L50|\n|poke|p2|Arcanine, L50, F|\n|poke|p2|Ting-Lu, L50|\n|poke|p2|Baxcalibur, L50, M|\n|teampreview|4\n|inactive|Battle timer is ON: inactive players will automatically lose when time's up. (requested by gorilnx)\n|inactive|Cookie_k00 has 60 seconds left.\n|\n|t:|1682587132\n|start\n|switch|p1a: Grimmsnarl|Grimmsnarl, L50, M|100\/100\n|switch|p1b: Ceruledge|Ceruledge, L50, F, shiny|100\/100\n|switch|p2a: Palafin|Palafin, L50, F|100\/100\n|switch|p2b: Flutter Mane|Flutter Mane, L50|100\/100\n|-enditem|p2b: Flutter Mane|Booster Energy\n|-activate|p2b: Flutter Mane|ability: Protosynthesis|[fromitem]\n|-start|p2b: Flutter Mane|protosynthesisspe\n|turn|1\n|inactive|gorilnx has 30 seconds left.\n|inactive|gorilnx has 20 seconds left.\n|\n|t:|1682587169\n|detailschange|p2a: Palafin|Palafin-Hero, L50, F\n|switch|p2a: Amoonguss|Amoonguss, L50, F|100\/100\n|-terastallize|p1b: Ceruledge|Grass\n|move|p2b: Flutter Mane|Protect|p2b: Flutter Mane\n|-singleturn|p2b: Flutter Mane|Protect\n|move|p1a: Grimmsnarl|Fake Out|p2a: Amoonguss\n|-damage|p2a: Amoonguss|88\/100\n|move|p1b: Ceruledge|Shadow Sneak|p2b: Flutter Mane\n|-activate|p2b: Flutter Mane|move: Protect\n|\n|upkeep\n|turn|2\n|inactive|gorilnx has 30 seconds left.\n|\n|t:|1682587200\n|-terastallize|p2b: Flutter Mane|Fairy\n|move|p1a: Grimmsnarl|Sucker Punch|p2b: Flutter Mane\n|-resisted|p2b: Flutter Mane\n|-damage|p2b: Flutter Mane|56\/100\n|move|p2b: Flutter Mane|Dazzling Gleam|p1a: Grimmsnarl|[spread] p1a,p1b\n|-supereffective|p1a: Grimmsnarl\n|-crit|p1a: Grimmsnarl\n|-damage|p1a: Grimmsnarl|0 fnt\n|-damage|p1b: Ceruledge|58\/100\n|faint|p1a: Grimmsnarl\n|move|p1b: Ceruledge|Bitter Blade|p2a: Amoonguss\n|-supereffective|p2a: Amoonguss\n|-damage|p2a: Amoonguss|0 fnt\n|-heal|p1b: Ceruledge|100\/100|[from] drain|[of] p2a: Amoonguss\n|faint|p2a: Amoonguss\n|-damage|p1b: Ceruledge|91\/100|[from] item: Life Orb\n|\n|upkeep\n|\n|t:|1682587214\n|switch|p1a: Starro|Glimmora, L50, F, shiny|100\/100\n|switch|p2a: Arcanine|Arcanine, L50, F|100\/100\n|-ability|p2a: Arcanine|Intimidate|boost\n|-unboost|p1a: Starro|atk|1\n|-unboost|p1b: Ceruledge|atk|1\n|turn|3\n|\n|t:|1682587235\n|move|p2b: Flutter Mane|Shadow Ball|p1a: Starro\n|-damage|p1a: Starro|45\/100\n|-unboost|p1a: Starro|spd|1\n|move|p1a: Starro|Mortal Spin|p2b: Flutter Mane|[spread] p2a,p2b\n|-supereffective|p2b: Flutter Mane\n|-damage|p2a: Arcanine|97\/100\n|-damage|p2b: Flutter Mane|40\/100\n|-status|p2a: Arcanine|psn\n|-status|p2b: Flutter Mane|psn\n|move|p2a: Arcanine|Flare Blitz|p1b: Ceruledge\n|-start|p1b: Ceruledge|ability: Flash Fire\n|move|p1b: Ceruledge|Bitter Blade|p2b: Flutter Mane\n|-damage|p2b: Flutter Mane|0 fnt\n|-heal|p1b: Ceruledge|100\/100|[from] drain|[of] p2b: Flutter Mane\n|faint|p2b: Flutter Mane\n|-end|p2b: Flutter Mane|Protosynthesis|[silent]\n|-damage|p1b: Ceruledge|91\/100|[from] item: Life Orb\n|\n|-damage|p2a: Arcanine|85\/100 psn|[from] psn\n|upkeep\n|\n|t:|1682587250\n|switch|p2b: Palafin|Palafin-Hero, L50, F|100\/100\n|-activate|p2b: Palafin|ability: Zero to Hero\n|turn|4\n|c|\u2606Cookie_k00|(?)\n|\n|t:|1682587272\n|move|p1a: Starro|Energy Ball|p2b: Palafin\n|-supereffective|p2b: Palafin\n|-damage|p2b: Palafin|40\/100\n|move|p2a: Arcanine|Flare Blitz|p1a: Starro\n|-resisted|p1a: Starro\n|-damage|p1a: Starro|12\/100\n|-activate|p1a: Starro|ability: Toxic Debris\n|-sidestart|p2: gorilnx|move: Toxic Spikes\n|-damage|p2a: Arcanine|76\/100 psn|[from] Recoil\n|move|p2b: Palafin|Wave Crash|p1b: Ceruledge\n|-resisted|p1b: Ceruledge\n|-damage|p1b: Ceruledge|34\/100\n|-damage|p2b: Palafin|23\/100|[from] Recoil\n|move|p1b: Ceruledge|Iron Head|p2b: Palafin\n|-resisted|p2b: Palafin\n|-damage|p2b: Palafin|12\/100\n|-damage|p1b: Ceruledge|24\/100|[from] item: Life Orb\n|\n|-damage|p2a: Arcanine|64\/100 psn|[from] psn\n|upkeep\n|turn|5\n|inactive|Cookie_k00 has 30 seconds left.\n|\n|t:|1682587302\n|move|p2a: Arcanine|Extreme Speed|p1b: Ceruledge\n|-damage|p1b: Ceruledge|0 fnt\n|faint|p1b: Ceruledge\n|move|p2b: Palafin|Jet Punch|p1a: Starro\n|-supereffective|p1a: Starro\n|-damage|p1a: Starro|0 fnt\n|-activate|p1a: Starro|ability: Toxic Debris\n|-sidestart|p2: gorilnx|move: Toxic Spikes\n|faint|p1a: Starro\n|\n|-damage|p2a: Arcanine|52\/100 psn|[from] psn\n|upkeep\n|\n|t:|1682587315\n|switch|p1a: Fumanchu|Tauros-Paldea-Aqua, L50, M, shiny|100\/100\n|-ability|p1a: Fumanchu|Intimidate|boost\n|-unboost|p2a: Arcanine|atk|1\n|-unboost|p2b: Palafin|atk|1\n|turn|6\n|\n|t:|1682587336\n|move|p2b: Palafin|Protect|p2b: Palafin\n|-singleturn|p2b: Palafin|Protect\n|move|p1a: Fumanchu|Aqua Jet|p2b: Palafin\n|-activate|p2b: Palafin|move: Protect\n|move|p2a: Arcanine|Will-O-Wisp|p1a: Fumanchu\n|-status|p1a: Fumanchu|brn\n|\n|-damage|p2a: Arcanine|39\/100 psn|[from] psn\n|-damage|p1a: Fumanchu|95\/100 brn|[from] brn\n|upkeep\n|turn|7\n|\n|t:|1682587355\n|move|p1a: Fumanchu|Aqua Jet|p2b: Palafin\n|-resisted|p2b: Palafin\n|-damage|p2b: Palafin|7\/100\n|move|p2b: Palafin|Jet Punch|p1a: Fumanchu\n|-resisted|p1a: Fumanchu\n|-damage|p1a: Fumanchu|78\/100 brn\n|move|p2a: Arcanine|Flare Blitz|p1a: Fumanchu\n|-resisted|p1a: Fumanchu\n|-damage|p1a: Fumanchu|61\/100 brn\n|-damage|p2a: Arcanine|34\/100 psn|[from] Recoil\n|\n|-damage|p2a: Arcanine|22\/100 psn|[from] psn\n|-damage|p1a: Fumanchu|55\/100 brn|[from] brn\n|upkeep\n|turn|8\n|\n|t:|1682587372\n|move|p2b: Palafin|Protect|p2b: Palafin\n|-singleturn|p2b: Palafin|Protect\n|move|p2a: Arcanine|Extreme Speed|p1a: Fumanchu\n|-damage|p1a: Fumanchu|36\/100 brn\n|move|p1a: Fumanchu|Raging Bull|p2b: Palafin\n|-activate|p2b: Palafin|move: Protect\n|\n|-damage|p2a: Arcanine|10\/100 psn|[from] psn\n|-damage|p1a: Fumanchu|30\/100 brn|[from] brn\n|upkeep\n|turn|9\n|\n|t:|1682587389\n|move|p2a: Arcanine|Extreme Speed|p1a: Fumanchu\n|-damage|p1a: Fumanchu|14\/100 brn\n|move|p1a: Fumanchu|Aqua Jet|p2b: Palafin\n|-resisted|p2b: Palafin\n|-damage|p2b: Palafin|3\/100\n|move|p2b: Palafin|Jet Punch|p1a: Fumanchu\n|-resisted|p1a: Fumanchu\n|-damage|p1a: Fumanchu|0 fnt\n|faint|p1a: Fumanchu\n|\n|win|gorilnx\n|raw|Cookie_k00's rating: 1154 → 1131<\/strong> (-23 for losing)\n|raw|gorilnx's rating: 1188 → 1211<\/strong> (+23 for winning)\n|l|\u2606Cookie_k00\n","uploadtime":1682587401,"views":12,"p1id":"cookiek00","p2id":"gorilnx","formatid":"gen9vgc2023regulationc","rating":1131,"private":0,"password":""}