{"id":"gen9vgc2023regulationc-1864372113","p1":"littlemasteraik","p2":"BadShape","format":"[Gen 9] VGC 2023 Regulation C","log":"|j|\u2606littlemasteraik\n|j|\u2606BadShape\n|t:|1684160566\n|gametype|doubles\n|player|p1|littlemasteraik|102|1378\n|player|p2|BadShape|169|1287\n|teamsize|p1|6\n|teamsize|p2|6\n|gen|9\n|tier|[Gen 9] VGC 2023 Regulation C\n|rated|\n|rule|Species Clause: Limit one of each Pok\u00e9mon\n|rule|Item Clause: Limit one of each item\n|clearpoke\n|poke|p1|Talonflame, L50, M|\n|poke|p1|Amoonguss, L50, F|\n|poke|p1|Flutter Mane, L50|\n|poke|p1|Chi-Yu, L50|\n|poke|p1|Iron Bundle, L50|\n|poke|p1|Azumarill, L50, M|\n|poke|p2|Annihilape, L50, M|\n|poke|p2|Maushold, L50|\n|poke|p2|Flutter Mane, L50|\n|poke|p2|Tyranitar, L50, M|\n|poke|p2|Lycanroc, L50, F|\n|poke|p2|Ting-Lu, L50|\n|teampreview|4\n|inactive|Battle timer is ON: inactive players will automatically lose when time's up. (requested by BadShape)\n|\n|t:|1684160608\n|start\n|switch|p1a: Amoonguss|Amoonguss, L50, F|100\/100\n|switch|p1b: Azumarill|Azumarill, L50, M|100\/100\n|switch|p2a: Tyranitar|Tyranitar, L50, M|100\/100\n|switch|p2b: Lycanroc|Lycanroc, L50, F|100\/100\n|-weather|Sandstorm|[from] ability: Sand Stream|[of] p2a: Tyranitar\n|turn|1\n|\n|t:|1684160631\n|-terastallize|p2a: Tyranitar|Flying\n|-terastallize|p1b: Azumarill|Water\n|move|p2b: Lycanroc|Rock Slide|p1b: Azumarill|[spread] p1a,p1b\n|-damage|p1a: Amoonguss|79\/100\n|-damage|p1b: Azumarill|74\/100\n|move|p2a: Tyranitar|Tera Blast|p1a: Amoonguss\n|-supereffective|p1a: Amoonguss\n|-crit|p1a: Amoonguss\n|-damage|p1a: Amoonguss|0 fnt\n|faint|p1a: Amoonguss\n|move|p1b: Azumarill|Liquidation|p2a: Tyranitar\n|-damage|p2a: Tyranitar|46\/100\n|\n|-weather|Sandstorm|[upkeep]\n|-damage|p2a: Tyranitar|41\/100|[from] Sandstorm\n|-damage|p1b: Azumarill|68\/100|[from] Sandstorm\n|upkeep\n|\n|t:|1684160651\n|switch|p1a: Iron Bundle|Iron Bundle, L50|100\/100\n|-enditem|p1a: Iron Bundle|Booster Energy\n|-activate|p1a: Iron Bundle|ability: Quark Drive|[fromitem]\n|-start|p1a: Iron Bundle|quarkdrivespe\n|turn|2\n|\n|t:|1684160670\n|move|p1b: Azumarill|Aqua Jet|p2b: Lycanroc\n|-supereffective|p2b: Lycanroc\n|-damage|p2b: Lycanroc|2\/100\n|move|p2b: Lycanroc|Close Combat|p1a: Iron Bundle\n|-supereffective|p1a: Iron Bundle\n|-damage|p1a: Iron Bundle|6\/100\n|-unboost|p2b: Lycanroc|def|1\n|-unboost|p2b: Lycanroc|spd|1\n|move|p1a: Iron Bundle|Icy Wind|p2b: Lycanroc|[spread] p2a,p2b\n|-supereffective|p2a: Tyranitar\n|-damage|p2a: Tyranitar|15\/100\n|-damage|p2b: Lycanroc|0 fnt\n|-unboost|p2a: Tyranitar|spe|1\n|faint|p2b: Lycanroc\n|move|p2a: Tyranitar|Rock Slide|p1b: Azumarill|[spread] p1a,p1b\n|-supereffective|p1a: Iron Bundle\n|-crit|p1b: Azumarill\n|-damage|p1a: Iron Bundle|0 fnt\n|-damage|p1b: Azumarill|22\/100\n|faint|p1a: Iron Bundle\n|-end|p1a: Iron Bundle|Quark Drive|[silent]\n|\n|-weather|Sandstorm|[upkeep]\n|-damage|p1b: Azumarill|17\/100|[from] Sandstorm\n|-damage|p2a: Tyranitar|9\/100|[from] Sandstorm\n|upkeep\n|\n|t:|1684160691\n|switch|p1a: Flutter Mane|Flutter Mane, L50|100\/100\n|switch|p2b: Maushold|Maushold, L50|100\/100\n|turn|3\n|inactive|littlemasteraik has 30 seconds left.\n|\n|t:|1684160718\n|move|p2b: Maushold|Protect|p2b: Maushold\n|-singleturn|p2b: Maushold|Protect\n|move|p1a: Flutter Mane|Dazzling Gleam|p2a: Tyranitar|[spread] p2a\n|-activate|p2b: Maushold|move: Protect\n|-damage|p2a: Tyranitar|0 fnt\n|faint|p2a: Tyranitar\n|move|p1b: Azumarill|Liquidation|p2b: Maushold\n|-activate|p2b: Maushold|move: Protect\n|\n|-weather|Sandstorm|[upkeep]\n|-damage|p1a: Flutter Mane|95\/100|[from] Sandstorm\n|-damage|p1b: Azumarill|11\/100|[from] Sandstorm\n|upkeep\n|\n|t:|1684160730\n|switch|p2a: Annihilape|Annihilape, L50, M|100\/100\n|turn|4\n|\n|t:|1684160743\n|move|p2b: Maushold|Follow Me|p2b: Maushold\n|-singleturn|p2b: Maushold|move: Follow Me\n|move|p1a: Flutter Mane|Dazzling Gleam|p2b: Maushold|[spread] p2a,p2b\n|-supereffective|p2a: Annihilape\n|-damage|p2a: Annihilape|44\/100\n|-damage|p2b: Maushold|44\/100\n|move|p2a: Annihilape|Rage Fist|p1a: Flutter Mane\n|-supereffective|p1a: Flutter Mane\n|-damage|p1a: Flutter Mane|0 fnt\n|faint|p1a: Flutter Mane\n|-end|p1a: Flutter Mane|Protosynthesis|[silent]\n|move|p1b: Azumarill|Liquidation|p2b: Maushold\n|-damage|p2b: Maushold|0 fnt\n|faint|p2b: Maushold\n|\n|-weather|Sandstorm|[upkeep]\n|-damage|p2a: Annihilape|38\/100|[from] Sandstorm\n|-damage|p1b: Azumarill|5\/100|[from] Sandstorm\n|-heal|p2a: Annihilape|44\/100|[from] item: Leftovers\n|upkeep\n|turn|5\n|inactive|littlemasteraik has 30 seconds left.\n|\n|t:|1684160770\n|move|p2a: Annihilape|Protect|p2a: Annihilape\n|-singleturn|p2a: Annihilape|Protect\n|move|p1b: Azumarill|Aqua Jet|p2a: Annihilape\n|-activate|p2a: Annihilape|move: Protect\n|\n|-weather|none\n|-heal|p2a: Annihilape|50\/100|[from] item: Leftovers\n|upkeep\n|turn|6\n|\n|t:|1684160783\n|move|p1b: Azumarill|Aqua Jet|p2a: Annihilape\n|-damage|p2a: Annihilape|24\/100\n|move|p2a: Annihilape|Drain Punch|p1b: Azumarill\n|-damage|p1b: Azumarill|0 fnt\n|-heal|p2a: Annihilape|26\/100|[from] drain|[of] p1b: Azumarill\n|faint|p1b: Azumarill\n|\n|win|BadShape\n|raw|littlemasteraik's rating: 1378 → 1353<\/strong> (-25 for losing)\n|raw|BadShape's rating: 1287 → 1318<\/strong> (+31 for winning)\n","uploadtime":1684160796,"views":9,"p1id":"littlemasteraik","p2id":"badshape","formatid":"gen9vgc2023regulationc","rating":1318,"private":0,"password":""}