{"id":"gen9vgc2023regulationc-1863401862","p1":"obo29","p2":"not mishmesh","format":"[Gen 9] VGC 2023 Regulation C","log":"|j|\u2606obo29\n|j|\u2606not mishmesh\n|t:|1684012373\n|gametype|doubles\n|player|p1|obo29|harlequin|\n|player|p2|not mishmesh|ninjaboy|\n|teamsize|p1|6\n|teamsize|p2|6\n|gen|9\n|tier|[Gen 9] VGC 2023 Regulation C\n|rule|Tera Type Preview: Tera Types are shown at Team Preview\n|rule|Species Clause: Limit one of each Pok\u00e9mon\n|rule|Item Clause: Limit one of each item\n|clearpoke\n|poke|p1|Ting-Lu, L50|\n|poke|p1|Amoonguss, L50, M|\n|poke|p1|Dondozo, L50, M|\n|poke|p1|Tatsugiri, L50, F|\n|poke|p1|Baxcalibur, L50, M|\n|poke|p1|Tauros-Paldea-Blaze, L50, M|\n|poke|p2|Vaporeon, L50, F|\n|poke|p2|Roaring Moon, L50|\n|poke|p2|Chi-Yu, L50|\n|poke|p2|Gholdengo, L50|\n|poke|p2|Breloom, L50, M|\n|poke|p2|Glimmora, L50, F|\n|teampreview|4\n|raw|obo29's Tera Types: \/ \/ \/ \/ \/ \n|raw|not mishmesh's Tera Types: \/ \/ \/ \/ \/ \n|c|\u2606obo29|glhf\n|c|\u2606not mishmesh|ok lets play fr\n|c|\u2606not mishmesh|gl\n|\n|t:|1684012424\n|start\n|switch|p1a: Ting-Lu|Ting-Lu, L50|100\/100\n|switch|p1b: Tauros|Tauros-Paldea-Blaze, L50, M|100\/100\n|switch|p2a: Roaring Moon|Roaring Moon, L50|100\/100\n|switch|p2b: Breloom|Breloom, L50, M|100\/100\n|-ability|p1b: Tauros|Intimidate|boost\n|-unboost|p2a: Roaring Moon|atk|1\n|-unboost|p2b: Breloom|atk|1\n|-ability|p1a: Ting-Lu|Vessel of Ruin\n|-enditem|p2a: Roaring Moon|Booster Energy\n|-activate|p2a: Roaring Moon|ability: Protosynthesis|[fromitem]\n|-start|p2a: Roaring Moon|protosynthesisspe\n|turn|1\n|inactive|Battle timer is ON: inactive players will automatically lose when time's up. (requested by obo29)\n|\n|t:|1684012460\n|move|p1b: Tauros|Protect|p1b: Tauros\n|-singleturn|p1b: Tauros|Protect\n|move|p2a: Roaring Moon|Acrobatics|p1b: Tauros\n|-activate|p1b: Tauros|move: Protect\n|move|p2b: Breloom|Spore|p1a: Ting-Lu\n|-status|p1a: Ting-Lu|slp|[from] move: Spore\n|cant|p1a: Ting-Lu|slp\n|\n|upkeep\n|turn|2\n|inactive|obo29 has 30 seconds left.\n|\n|t:|1684012495\n|-end|p2a: Roaring Moon|Protosynthesis|[silent]\n|switch|p2a: Vaporeon|Vaporeon, L50, F|100\/100\n|move|p2b: Breloom|Protect|p2b: Breloom\n|-singleturn|p2b: Breloom|Protect\n|move|p1b: Tauros|Flare Blitz|p2b: Breloom\n|-activate|p2b: Breloom|move: Protect\n|-curestatus|p1a: Ting-Lu|slp|[msg]\n|move|p1a: Ting-Lu|Fissure|p2b: Breloom\n|-activate|p2b: Breloom|move: Protect\n|\n|upkeep\n|turn|3\n|\n|t:|1684012519\n|move|p2b: Breloom|Spore|p1a: Ting-Lu\n|-status|p1a: Ting-Lu|slp|[from] move: Spore\n|move|p1b: Tauros|Flare Blitz|p2b: Breloom\n|-supereffective|p2b: Breloom\n|-enditem|p2b: Breloom|Focus Sash\n|-damage|p2b: Breloom|1\/100\n|-damage|p1b: Tauros|76\/100|[from] Recoil\n|move|p2a: Vaporeon|Muddy Water|p1a: Ting-Lu|[spread] p1a,p1b\n|-supereffective|p1a: Ting-Lu\n|-supereffective|p1b: Tauros\n|-damage|p1a: Ting-Lu|77\/100 slp\n|-damage|p1b: Tauros|42\/100\n|-unboost|p1a: Ting-Lu|accuracy|1\n|-unboost|p1b: Tauros|accuracy|1\n|cant|p1a: Ting-Lu|slp\n|\n|-heal|p1b: Tauros|48\/100|[from] item: Leftovers\n|upkeep\n|turn|4\n|\n|t:|1684012541\n|switch|p1a: Dondozo|Dondozo, L50, M|100\/100\n|move|p1b: Tauros|Protect|p1b: Tauros\n|-singleturn|p1b: Tauros|Protect\n|move|p2b: Breloom|Spore|p1b: Tauros\n|-activate|p1b: Tauros|move: Protect\n|move|p2a: Vaporeon|Muddy Water|p1b: Tauros|[spread] p1a\n|-activate|p1b: Tauros|move: Protect\n|-resisted|p1a: Dondozo\n|-damage|p1a: Dondozo|88\/100\n|\n|-heal|p1b: Tauros|54\/100|[from] item: Leftovers\n|upkeep\n|turn|5\n|\n|t:|1684012564\n|switch|p1b: Tatsugiri|Tatsugiri, L50, F|100\/100\n|-activate|p1b: Tatsugiri|ability: Commander|[of] p1a: Dondozo\n|-boost|p1a: Dondozo|atk|2\n|-boost|p1a: Dondozo|spa|2\n|-boost|p1a: Dondozo|spe|2\n|-boost|p1a: Dondozo|def|2\n|-boost|p1a: Dondozo|spd|2\n|-terastallize|p1a: Dondozo|Grass\n|move|p2b: Breloom|Protect|p2b: Breloom\n|-singleturn|p2b: Breloom|Protect\n|move|p1a: Dondozo|Wave Crash|p2b: Breloom\n|-activate|p2b: Breloom|move: Protect\n|move|p2a: Vaporeon|Muddy Water|p1a: Dondozo|[spread] p1a\n|-miss|p2a: Vaporeon|p1b: Tatsugiri\n|-resisted|p1a: Dondozo\n|-damage|p1a: Dondozo|81\/100\n|\n|upkeep\n|turn|6\n|inactive|obo29 has 30 seconds left.\n|\n|t:|1684012589\n|-terastallize|p2a: Vaporeon|Flying\n|move|p2b: Breloom|Mach Punch|p1a: Dondozo\n|-damage|p1a: Dondozo|69\/100\n|-damage|p2b: Breloom|0 fnt|[from] item: Rocky Helmet|[of] p1a: Dondozo\n|faint|p2b: Breloom\n|move|p1a: Dondozo|Earthquake|p2a: Vaporeon|[spread] \n|-miss|p1a: Dondozo|p1b: Tatsugiri\n|-immune|p2a: Vaporeon\n|move|p2a: Vaporeon|Haze|p2a: Vaporeon\n|-clearallboost\n|\n|upkeep\n|\n|t:|1684012598\n|switch|p2b: Chi-Yu|Chi-Yu, L50|100\/100\n|-ability|p2b: Chi-Yu|Beads of Ruin\n|turn|7\n|\n|t:|1684012608\n|move|p2b: Chi-Yu|Heat Wave|p1b: Tatsugiri|[spread] p1a\n|-miss|p2b: Chi-Yu|p1b: Tatsugiri\n|-supereffective|p1a: Dondozo\n|-damage|p1a: Dondozo|0 fnt\n|faint|p1a: Dondozo\n|move|p2a: Vaporeon|Ice Beam|p1b: Tatsugiri\n|-damage|p1b: Tatsugiri|56\/100\n|\n|upkeep\n|\n|t:|1684012614\n|switch|p1a: Tauros|Tauros-Paldea-Blaze, L50, M|54\/100\n|-ability|p1a: Tauros|Intimidate|boost\n|-unboost|p2a: Vaporeon|atk|1\n|-unboost|p2b: Chi-Yu|atk|1\n|turn|8\n|\n|t:|1684012630\n|move|p2b: Chi-Yu|Protect|p2b: Chi-Yu\n|-singleturn|p2b: Chi-Yu|Protect\n|move|p1a: Tauros|Protect|p1a: Tauros\n|-singleturn|p1a: Tauros|Protect\n|move|p1b: Tatsugiri|Draco Meteor|p2b: Chi-Yu\n|-activate|p2b: Chi-Yu|move: Protect\n|move|p2a: Vaporeon|Muddy Water|p1a: Tauros|[spread] p1b\n|-activate|p1a: Tauros|move: Protect\n|-resisted|p1b: Tatsugiri\n|-damage|p1b: Tatsugiri|45\/100\n|\n|-heal|p1a: Tauros|60\/100|[from] item: Leftovers\n|upkeep\n|turn|9\n|inactive|not mishmesh has 30 seconds left.\n|\n|t:|1684012658\n|switch|p1b: Ting-Lu|Ting-Lu, L50|77\/100 slp\n|-ability|p1b: Ting-Lu|Vessel of Ruin\n|move|p2b: Chi-Yu|Tera Blast|p1b: Ting-Lu\n|-damage|p1b: Ting-Lu|62\/100 slp\n|move|p1a: Tauros|Close Combat|p2b: Chi-Yu\n|-supereffective|p2b: Chi-Yu\n|-damage|p2b: Chi-Yu|0 fnt\n|-unboost|p1a: Tauros|def|1\n|-unboost|p1a: Tauros|spd|1\n|faint|p2b: Chi-Yu\n|move|p2a: Vaporeon|Muddy Water|p1a: Tauros|[spread] p1a,p1b\n|-supereffective|p1a: Tauros\n|-supereffective|p1b: Ting-Lu\n|-damage|p1a: Tauros|6\/100\n|-damage|p1b: Ting-Lu|39\/100 slp\n|-unboost|p1a: Tauros|accuracy|1\n|-unboost|p1b: Ting-Lu|accuracy|1\n|\n|-heal|p1a: Tauros|12\/100|[from] item: Leftovers\n|upkeep\n|\n|t:|1684012671\n|switch|p2b: Roaring Moon|Roaring Moon, L50|100\/100\n|turn|10\n|inactive|not mishmesh has 30 seconds left.\n|\n|t:|1684012697\n|move|p1a: Tauros|Protect|p1a: Tauros\n|-singleturn|p1a: Tauros|Protect\n|move|p2b: Roaring Moon|Tailwind|p2b: Roaring Moon\n|-sidestart|p2: not mishmesh|move: Tailwind\n|move|p2a: Vaporeon|Muddy Water|p1a: Tauros|[spread] p1b\n|-activate|p1a: Tauros|move: Protect\n|-supereffective|p1b: Ting-Lu\n|-damage|p1b: Ting-Lu|16\/100 slp\n|cant|p1b: Ting-Lu|slp\n|\n|-heal|p1a: Tauros|18\/100|[from] item: Leftovers\n|upkeep\n|turn|11\n|\n|t:|1684012715\n|move|p2b: Roaring Moon|Acrobatics|p1b: Ting-Lu\n|-damage|p1b: Ting-Lu|0 fnt\n|faint|p1b: Ting-Lu\n|move|p2a: Vaporeon|Muddy Water|p1a: Tauros|[miss]\n|-miss|p2a: Vaporeon|p1a: Tauros\n|move|p1a: Tauros|Will-O-Wisp|p2b: Roaring Moon|[miss]\n|-miss|p1a: Tauros|p2b: Roaring Moon\n|\n|-heal|p1a: Tauros|24\/100|[from] item: Leftovers\n|upkeep\n|\n|t:|1684012723\n|switch|p1b: Tatsugiri|Tatsugiri, L50, F|45\/100\n|turn|12\n|\n|t:|1684012727\n|move|p1a: Tauros|Protect|p1a: Tauros\n|-singleturn|p1a: Tauros|Protect\n|move|p2b: Roaring Moon|Dragon Claw|p1b: Tatsugiri\n|-supereffective|p1b: Tatsugiri\n|-damage|p1b: Tatsugiri|0 fnt\n|faint|p1b: Tatsugiri\n|move|p2a: Vaporeon|Muddy Water|p1a: Tauros\n|-activate|p1a: Tauros|move: Protect\n|\n|-heal|p1a: Tauros|30\/100|[from] item: Leftovers\n|upkeep\n|turn|13\n|\n|t:|1684012734\n|move|p1a: Tauros|Protect||[still]\n|-fail|p1a: Tauros\n|move|p2b: Roaring Moon|Acrobatics|p1a: Tauros\n|-supereffective|p1a: Tauros\n|-damage|p1a: Tauros|0 fnt\n|faint|p1a: Tauros\n|\n|win|not mishmesh\n|c|\u2606not mishmesh|gg\n|c|\u2606obo29|gg\n|j| revengers assemble\n|l|\u2606obo29\n","uploadtime":1684012739,"views":15,"p1id":"obo29","p2id":"notmishmesh","formatid":"gen9vgc2023regulationc","rating":0,"private":0,"password":""}