{"id":"gen9vgc2023regulationc-1847563279","p1":"Daleofthesauce","p2":"Topperlecat","format":"[Gen 9] VGC 2023 Regulation C","log":"|j|\u2606Daleofthesauce\n|j|\u2606Topperlecat\n|t:|1681974058\n|gametype|doubles\n|player|p1|Daleofthesauce|2|1077\n|player|p2|Topperlecat|chili|1162\n|teamsize|p1|6\n|teamsize|p2|6\n|gen|9\n|tier|[Gen 9] VGC 2023 Regulation C\n|rated|\n|rule|Species Clause: Limit one of each Pok\u00e9mon\n|rule|Item Clause: Limit one of each item\n|clearpoke\n|poke|p1|Chi-Yu, L50|\n|poke|p1|Amoonguss, L50, M|\n|poke|p1|Arcanine, L50, F|\n|poke|p1|Palafin, L50, M|\n|poke|p1|Dragonite, L50, F|\n|poke|p1|Flutter Mane, L50|\n|poke|p2|Ting-Lu, L50|\n|poke|p2|Glimmora, L50, F|\n|poke|p2|Corviknight, L50, M|\n|poke|p2|Iron Hands, L50|\n|poke|p2|Arcanine, L50, M|\n|poke|p2|Klefki, L50, F|\n|teampreview|4\n|\n|t:|1681974078\n|start\n|switch|p1a: Palafin|Palafin, L50, M|100\/100\n|switch|p1b: Arcanine|Arcanine, L50, F|100\/100\n|switch|p2a: Klefki|Klefki, L50, F|100\/100\n|switch|p2b: steel birb|Corviknight, L50, M|100\/100\n|-ability|p1b: Arcanine|Intimidate|boost\n|-unboost|p2a: Klefki|atk|1\n|-ability|p2b: steel birb|Mirror Armor\n|-unboost|p1b: Arcanine|atk|1\n|turn|1\n|\n|t:|1681974099\n|detailschange|p1a: Palafin|Palafin-Hero, L50, M\n|switch|p1a: Chi-Yu|Chi-Yu, L50|100\/100\n|-ability|p1a: Chi-Yu|Beads of Ruin\n|move|p1b: Arcanine|Protect|p1b: Arcanine\n|-singleturn|p1b: Arcanine|Protect\n|move|p2a: Klefki|Reflect|p2a: Klefki\n|-sidestart|p2: Topperlecat|Reflect\n|move|p2b: steel birb|Bulk Up|p2b: steel birb\n|-boost|p2b: steel birb|atk|1\n|-boost|p2b: steel birb|def|1\n|\n|upkeep\n|turn|2\n|\n|t:|1681974138\n|-terastallize|p1a: Chi-Yu|Water\n|-terastallize|p2b: steel birb|Fire\n|move|p2a: Klefki|Light Screen|p2a: Klefki\n|-sidestart|p2: Topperlecat|move: Light Screen\n|move|p1b: Arcanine|Will-O-Wisp|p2b: steel birb\n|-immune|p2b: steel birb\n|move|p1a: Chi-Yu|Heat Wave|p2b: steel birb|[spread] p2a,p2b\n|-supereffective|p2a: Klefki\n|-resisted|p2b: steel birb\n|-damage|p2a: Klefki|32\/100\n|-damage|p2b: steel birb|83\/100\n|move|p2b: steel birb|Brave Bird|p1a: Chi-Yu\n|-damage|p1a: Chi-Yu|20\/100\n|-damage|p2b: steel birb|64\/100|[from] Recoil\n|\n|upkeep\n|turn|3\n|\n|t:|1681974160\n|move|p1b: Arcanine|Protect|p1b: Arcanine\n|-singleturn|p1b: Arcanine|Protect\n|move|p1a: Chi-Yu|Tera Blast|p2b: steel birb\n|-supereffective|p2b: steel birb\n|-damage|p2b: steel birb|0 fnt\n|faint|p2b: steel birb\n|move|p2a: Klefki|Foul Play|p1a: Chi-Yu\n|-damage|p1a: Chi-Yu|0 fnt\n|faint|p1a: Chi-Yu\n|\n|upkeep\n|\n|t:|1681974171\n|switch|p1a: Palafin|Palafin-Hero, L50, M|100\/100\n|switch|p2b: better incin|Iron Hands, L50|100\/100\n|-activate|p1a: Palafin|ability: Zero to Hero\n|turn|4\n|\n|t:|1681974189\n|move|p2b: better incin|Fake Out|p1b: Arcanine\n|-damage|p1b: Arcanine|83\/100\n|move|p1a: Palafin|Close Combat|p2b: better incin\n|-damage|p2b: better incin|78\/100\n|-unboost|p1a: Palafin|def|1\n|-unboost|p1a: Palafin|spd|1\n|cant|p1b: Arcanine|flinch\n|move|p2a: Klefki|Trick Room|p2a: Klefki\n|-fieldstart|move: Trick Room|[of] p2a: Klefki\n|\n|upkeep\n|turn|5\n|\n|t:|1681974209\n|move|p2b: better incin|Wild Charge|p1a: Palafin\n|-supereffective|p1a: Palafin\n|-damage|p1a: Palafin|0 fnt\n|faint|p1a: Palafin\n|-damage|p2b: better incin|60\/100|[from] Recoil\n|move|p2a: Klefki|Foul Play|p1b: Arcanine\n|-damage|p1b: Arcanine|62\/100\n|move|p1b: Arcanine|Will-O-Wisp|p2b: better incin\n|-status|p2b: better incin|brn\n|\n|-damage|p2b: better incin|53\/100 brn|[from] brn\n|upkeep\n|\n|t:|1681974220\n|switch|p1a: Dragonite|Dragonite, L50, F|100\/100\n|turn|6\n|\n|t:|1681974230\n|move|p1b: Arcanine|Protect|p1b: Arcanine\n|-singleturn|p1b: Arcanine|Protect\n|move|p2b: better incin|Drain Punch|p1b: Arcanine\n|-activate|p1b: Arcanine|move: Protect\n|move|p2a: Klefki|Foul Play|p1a: Dragonite\n|-damage|p1a: Dragonite|66\/100\n|move|p1a: Dragonite|Fire Punch|p2a: Klefki\n|-supereffective|p2a: Klefki\n|-damage|p2a: Klefki|0 fnt\n|faint|p2a: Klefki\n|\n|-damage|p2b: better incin|47\/100 brn|[from] brn\n|upkeep\n|\n|t:|1681974241\n|switch|p2a: beyblade|Glimmora, L50, F|100\/100\n|turn|7\n|\n|t:|1681974256\n|move|p2b: better incin|Drain Punch|p1b: Arcanine\n|-damage|p1b: Arcanine|39\/100\n|-heal|p2b: better incin|56\/100 brn|[from] drain|[of] p1b: Arcanine\n|move|p1a: Dragonite|Ice Spinner|p2a: beyblade\n|-damage|p2a: beyblade|76\/100\n|-activate|p2a: beyblade|ability: Toxic Debris\n|-sidestart|p1: Daleofthesauce|move: Toxic Spikes\n|move|p2a: beyblade|Power Gem|p1b: Arcanine\n|-supereffective|p1b: Arcanine\n|-damage|p1b: Arcanine|0 fnt\n|faint|p1b: Arcanine\n|\n|-damage|p2b: better incin|50\/100 brn|[from] brn\n|upkeep\n|turn|8\n|\n|t:|1681974274\n|move|p1a: Dragonite|Extreme Speed|p2b: better incin\n|-damage|p2b: better incin|35\/100 brn\n|move|p2b: better incin|Wild Charge|p1a: Dragonite\n|-damage|p1a: Dragonite|41\/100\n|-damage|p2b: better incin|30\/100 brn|[from] Recoil\n|move|p2a: beyblade|Power Gem|p1a: Dragonite\n|-supereffective|p1a: Dragonite\n|-damage|p1a: Dragonite|0 fnt\n|faint|p1a: Dragonite\n|\n|win|Topperlecat\n|raw|Daleofthesauce's rating: 1077 → 1061<\/strong> (-16 for losing)\n|raw|Topperlecat's rating: 1162 → 1181<\/strong> (+19 for winning)\n|l|\u2606Daleofthesauce\n","uploadtime":1681974284,"views":5,"p1id":"daleofthesauce","p2id":"topperlecat","formatid":"gen9vgc2023regulationc","rating":1061,"private":0,"password":""}