{"id":"gen9vgc2023regulationc-1858056682","p1":"Matutinha","p2":"Nightmare_King_VGC","format":"[Gen 9] VGC 2023 Regulation C","log":"|j|\u2606Matutinha\n|j|\u2606Nightmare_King_VGC\n|t:|1683268101\n|gametype|doubles\n|player|p1|Matutinha|102|1614\n|player|p2|Nightmare_King_VGC|veteranf|1707\n|teamsize|p1|6\n|teamsize|p2|6\n|gen|9\n|tier|[Gen 9] VGC 2023 Regulation C\n|rated|\n|rule|Species Clause: Limit one of each Pok\u00e9mon\n|rule|Item Clause: Limit one of each item\n|clearpoke\n|poke|p1|Tyranitar, L50, F|\n|poke|p1|Lycanroc, L50, F|\n|poke|p1|Annihilape, L50, M|\n|poke|p1|Ting-Lu, L50|\n|poke|p1|Amoonguss, L50, F|\n|poke|p1|Farigiraf, L50, M|\n|poke|p2|Torkoal, L50, M|\n|poke|p2|Great Tusk, L50|\n|poke|p2|Flutter Mane, L50|\n|poke|p2|Jumpluff, L50, F|\n|poke|p2|Chien-Pao, L50|\n|poke|p2|Kingambit, L50, M|\n|teampreview|4\n|inactive|Battle timer is ON: inactive players will automatically lose when time's up. (requested by Matutinha)\n|inactive|Nightmare_King_VGC has 60 seconds left.\n|\n|t:|1683268163\n|start\n|switch|p1a: Farigiraf|Farigiraf, L50, M|100\/100\n|switch|p1b: Annihilape|Annihilape, L50, M|100\/100\n|switch|p2a: Great Tusk|Great Tusk, L50|100\/100\n|switch|p2b: Torkoal|Torkoal, L50, M|100\/100\n|-weather|SunnyDay|[from] ability: Drought|[of] p2b: Torkoal\n|-activate|p2a: Great Tusk|ability: Protosynthesis\n|-start|p2a: Great Tusk|protosynthesisatk\n|turn|1\n|inactive|Matutinha has 30 seconds left.\n|inactive|Matutinha has 20 seconds left.\n|\n|t:|1683268203\n|switch|p1b: Tyranitar|Tyranitar, L50, F|100\/100\n|-weather|Sandstorm|[from] ability: Sand Stream|[of] p1b: Tyranitar\n|-end|p2a: Great Tusk|Protosynthesis\n|-terastallize|p2b: Torkoal|Flying\n|move|p2b: Torkoal|Helping Hand|p2a: Great Tusk\n|-singleturn|p2a: Great Tusk|Helping Hand|[of] p2b: Torkoal\n|move|p2a: Great Tusk|Earthquake|p1b: Tyranitar|[spread] p1a,p1b\n|-immune|p2b: Torkoal\n|-supereffective|p1b: Tyranitar\n|-damage|p1a: Farigiraf|39\/100\n|-damage|p1b: Tyranitar|0 fnt\n|faint|p1b: Tyranitar\n|move|p1a: Farigiraf|Psychic|p2a: Great Tusk\n|-supereffective|p2a: Great Tusk\n|-damage|p2a: Great Tusk|3\/100\n|\n|-weather|Sandstorm|[upkeep]\n|-damage|p1a: Farigiraf|33\/100|[from] Sandstorm\n|-damage|p2b: Torkoal|94\/100|[from] Sandstorm\n|upkeep\n|\n|t:|1683268223\n|switch|p1b: Annihilape|Annihilape, L50, M|100\/100\n|turn|2\n|inactive|Matutinha has 30 seconds left.\n|inactive|Matutinha has 20 seconds left.\n|\n|t:|1683268261\n|-terastallize|p1a: Farigiraf|Grass\n|move|p1b: Annihilape|Protect|p1b: Annihilape\n|-singleturn|p1b: Annihilape|Protect\n|move|p2a: Great Tusk|Earthquake|p1a: Farigiraf|[spread] p1a\n|-activate|p1b: Annihilape|move: Protect\n|-immune|p2b: Torkoal\n|-resisted|p1a: Farigiraf\n|-damage|p1a: Farigiraf|13\/100\n|move|p1a: Farigiraf|Psychic|p2a: Great Tusk\n|-supereffective|p2a: Great Tusk\n|-damage|p2a: Great Tusk|0 fnt\n|faint|p2a: Great Tusk\n|-end|p2a: Great Tusk|Protosynthesis|[silent]\n|move|p2b: Torkoal|Overheat|p1b: Annihilape\n|-activate|p1b: Annihilape|move: Protect\n|\n|-weather|Sandstorm|[upkeep]\n|-damage|p1b: Annihilape|94\/100|[from] Sandstorm\n|-damage|p1a: Farigiraf|7\/100|[from] Sandstorm\n|-damage|p2b: Torkoal|88\/100|[from] Sandstorm\n|-heal|p1b: Annihilape|100\/100|[from] item: Leftovers\n|upkeep\n|\n|t:|1683268278\n|switch|p2a: Jumpluff|Jumpluff, L50, F|100\/100\n|turn|3\n|\n|t:|1683268300\n|move|p2a: Jumpluff|Sleep Powder|p1b: Annihilape\n|-immune|p1b: Annihilape|[from] ability: Vital Spirit\n|move|p1b: Annihilape|Rage Fist|p2b: Torkoal\n|-damage|p2b: Torkoal|72\/100\n|move|p2b: Torkoal|Overheat|p1a: Farigiraf|[miss]\n|-miss|p2b: Torkoal|p1a: Farigiraf\n|move|p1a: Farigiraf|Trick Room|p1a: Farigiraf\n|-fieldstart|move: Trick Room|[of] p1a: Farigiraf\n|\n|-weather|Sandstorm|[upkeep]\n|-damage|p2b: Torkoal|66\/100|[from] Sandstorm\n|-damage|p1a: Farigiraf|0 fnt|[from] Sandstorm\n|-damage|p1b: Annihilape|94\/100|[from] Sandstorm\n|-damage|p2a: Jumpluff|94\/100|[from] Sandstorm\n|faint|p1a: Farigiraf\n|-heal|p1b: Annihilape|100\/100|[from] item: Leftovers\n|upkeep\n|\n|t:|1683268314\n|switch|p1a: Ting-Lu|Ting-Lu, L50|100\/100\n|-ability|p1a: Ting-Lu|Vessel of Ruin\n|turn|4\n|\n|t:|1683268334\n|move|p2b: Torkoal|Yawn|p1a: Ting-Lu\n|-start|p1a: Ting-Lu|move: Yawn|[of] p2b: Torkoal\n|move|p1a: Ting-Lu|Rock Slide|p2a: Jumpluff|[spread] p2b\n|-miss|p1a: Ting-Lu|p2a: Jumpluff\n|-supereffective|p2b: Torkoal\n|-damage|p2b: Torkoal|39\/100\n|move|p1b: Annihilape|Rage Fist|p2a: Jumpluff\n|-damage|p2a: Jumpluff|66\/100\n|move|p2a: Jumpluff|Sleep Powder|p1b: Annihilape\n|-immune|p1b: Annihilape|[from] ability: Vital Spirit\n|\n|-weather|Sandstorm|[upkeep]\n|-damage|p2b: Torkoal|33\/100|[from] Sandstorm\n|-damage|p1b: Annihilape|94\/100|[from] Sandstorm\n|-damage|p2a: Jumpluff|60\/100|[from] Sandstorm\n|-heal|p1b: Annihilape|100\/100|[from] item: Leftovers\n|upkeep\n|turn|5\n|inactive|Nightmare_King_VGC has 30 seconds left.\n|\n|t:|1683268363\n|move|p2b: Torkoal|Protect|p2b: Torkoal\n|-singleturn|p2b: Torkoal|Protect\n|move|p1a: Ting-Lu|Rock Slide|p2a: Jumpluff|[spread] \n|-activate|p2b: Torkoal|move: Protect\n|-miss|p1a: Ting-Lu|p2a: Jumpluff\n|move|p1b: Annihilape|Bulk Up|p1b: Annihilape\n|-boost|p1b: Annihilape|atk|1\n|-boost|p1b: Annihilape|def|1\n|move|p2a: Jumpluff|Encore|p1b: Annihilape\n|-start|p1b: Annihilape|Encore\n|\n|-weather|none\n|-end|p1a: Ting-Lu|move: Yawn|[silent]\n|-status|p1a: Ting-Lu|slp\n|upkeep\n|turn|6\n|j| futonkagebunshin\n|\n|t:|1683268385\n|switch|p2a: Chien-Pao|Chien-Pao, L50|100\/100\n|-ability|p2a: Chien-Pao|Sword of Ruin\n|move|p2b: Torkoal|Overheat|p1b: Annihilape\n|-crit|p1b: Annihilape\n|-damage|p1b: Annihilape|51\/100\n|-unboost|p2b: Torkoal|spa|2\n|-enditem|p2b: Torkoal|Eject Pack\n|\n|t:|1683268392\n|switch|p2b: Jumpluff|Jumpluff, L50, F|60\/100\n|cant|p1a: Ting-Lu|slp\n|move|p1b: Annihilape|Bulk Up|p1b: Annihilape\n|-boost|p1b: Annihilape|atk|1\n|-boost|p1b: Annihilape|def|1\n|\n|-heal|p1b: Annihilape|57\/100|[from] item: Leftovers\n|upkeep\n|turn|7\n|\n|t:|1683268415\n|switch|p2b: Torkoal|Torkoal, L50, M, tera:Flying|33\/100\n|-weather|SunnyDay|[from] ability: Drought|[of] p2b: Torkoal\n|cant|p1a: Ting-Lu|slp\n|move|p1b: Annihilape|Bulk Up|p1b: Annihilape\n|-boost|p1b: Annihilape|atk|1\n|-boost|p1b: Annihilape|def|1\n|move|p2a: Chien-Pao|Ice Spinner|p1b: Annihilape\n|-damage|p1b: Annihilape|37\/100\n|\n|-weather|SunnyDay|[upkeep]\n|-heal|p1b: Annihilape|43\/100|[from] item: Leftovers\n|-fieldend|move: Trick Room\n|upkeep\n|turn|8\n|\n|t:|1683268432\n|move|p2a: Chien-Pao|Ice Spinner|p1b: Annihilape\n|-damage|p1b: Annihilape|24\/100\n|move|p1b: Annihilape|Bulk Up|p1b: Annihilape\n|-boost|p1b: Annihilape|atk|1\n|-boost|p1b: Annihilape|def|1\n|-curestatus|p1a: Ting-Lu|slp|[msg]\n|move|p1a: Ting-Lu|Rock Slide|p2b: Torkoal|[spread] p2a,p2b\n|-supereffective|p2a: Chien-Pao\n|-supereffective|p2b: Torkoal\n|-damage|p2a: Chien-Pao|52\/100\n|-damage|p2b: Torkoal|0 fnt\n|faint|p2b: Torkoal\n|\n|-weather|SunnyDay|[upkeep]\n|-heal|p1b: Annihilape|30\/100|[from] item: Leftovers\n|-end|p1b: Annihilape|Encore\n|upkeep\n|\n|t:|1683268439\n|switch|p2b: Jumpluff|Jumpluff, L50, F|60\/100\n|turn|9\n|\n|t:|1683268455\n|move|p2a: Chien-Pao|Protect|p2a: Chien-Pao\n|-singleturn|p2a: Chien-Pao|Protect\n|move|p1b: Annihilape|Protect|p1b: Annihilape\n|-singleturn|p1b: Annihilape|Protect\n|move|p2b: Jumpluff|Sleep Powder|p1a: Ting-Lu\n|-status|p1a: Ting-Lu|slp|[from] move: Sleep Powder\n|cant|p1a: Ting-Lu|slp\n|\n|-weather|SunnyDay|[upkeep]\n|-heal|p1b: Annihilape|36\/100|[from] item: Leftovers\n|upkeep\n|turn|10\n|\n|t:|1683268468\n|move|p1b: Annihilape|Protect||[still]\n|-fail|p1b: Annihilape\n|move|p2b: Jumpluff|Encore|p1b: Annihilape\n|-start|p1b: Annihilape|Encore\n|move|p2a: Chien-Pao|Ice Spinner|p1b: Annihilape\n|-damage|p1b: Annihilape|17\/100\n|cant|p1a: Ting-Lu|slp\n|\n|-weather|SunnyDay|[upkeep]\n|-heal|p1b: Annihilape|24\/100|[from] item: Leftovers\n|upkeep\n|turn|11\n|\n|t:|1683268483\n|move|p1b: Annihilape|Protect|p1b: Annihilape\n|-singleturn|p1b: Annihilape|Protect\n|move|p2b: Jumpluff|Rage Powder|p2b: Jumpluff\n|-singleturn|p2b: Jumpluff|move: Rage Powder\n|move|p2a: Chien-Pao|Ice Spinner|p1b: Annihilape\n|-activate|p1b: Annihilape|move: Protect\n|cant|p1a: Ting-Lu|slp\n|\n|-weather|none\n|-heal|p1b: Annihilape|30\/100|[from] item: Leftovers\n|upkeep\n|turn|12\n|\n|t:|1683268498\n|move|p1b: Annihilape|Protect||[still]\n|-fail|p1b: Annihilape\n|move|p2b: Jumpluff|Rage Powder|p2b: Jumpluff\n|-singleturn|p2b: Jumpluff|move: Rage Powder\n|move|p2a: Chien-Pao|Ice Spinner|p1b: Annihilape\n|-damage|p1b: Annihilape|11\/100\n|-curestatus|p1a: Ting-Lu|slp|[msg]\n|move|p1a: Ting-Lu|Rock Slide|p2a: Chien-Pao|[spread] p2a,p2b\n|-supereffective|p2a: Chien-Pao\n|-supereffective|p2b: Jumpluff\n|-damage|p2a: Chien-Pao|3\/100\n|-damage|p2b: Jumpluff|0 fnt\n|faint|p2b: Jumpluff\n|\n|-heal|p1b: Annihilape|17\/100|[from] item: Leftovers\n|upkeep\n|turn|13\n|-message|Nightmare_King_VGC forfeited.\n|\n|win|Matutinha\n|raw|Matutinha's rating: 1614 → 1639<\/strong> (+25 for winning)\n|raw|Nightmare_King_VGC's rating: 1707 → 1682<\/strong> (-25 for losing)\n|l|\u2606Nightmare_King_VGC\n","uploadtime":1683268521,"views":4,"p1id":"matutinha","p2id":"nightmarekingvgc","formatid":"gen9vgc2023regulationc","rating":1639,"private":0,"password":""}