{"id":"gen9vgc2023regulationc-1861846086","p1":"matteo3960","p2":"TommeeVGC","format":"[Gen 9] VGC 2023 Regulation C","log":"|j|\u2606matteo3960\n|j|\u2606TommeeVGC\n|t:|1683814447\n|gametype|doubles\n|player|p1|matteo3960|266|1383\n|player|p2|TommeeVGC|ethan|1407\n|teamsize|p1|6\n|teamsize|p2|6\n|gen|9\n|tier|[Gen 9] VGC 2023 Regulation C\n|rated|\n|rule|Species Clause: Limit one of each Pok\u00e9mon\n|rule|Item Clause: Limit one of each item\n|clearpoke\n|poke|p1|Ting-Lu, L50|\n|poke|p1|Chi-Yu, L50|\n|poke|p1|Flutter Mane, L50|\n|poke|p1|Amoonguss, L50, M|\n|poke|p1|Gyarados, L50, F|\n|poke|p1|Iron Hands, L50|\n|poke|p2|Vivillon-Fancy, L50, M|\n|poke|p2|Corviknight, L50, M|\n|poke|p2|Abomasnow, L50, F|\n|poke|p2|Iron Bundle, L50|\n|poke|p2|Chien-Pao, L50|\n|poke|p2|Ting-Lu, L50|\n|teampreview|4\nmatteo3960 has agreed to open team sheets.\nTommeeVGC has agreed to open team sheets.\n|c|\u2606TommeeVGC|Italiano?\n|c|\u2606matteo3960|yes\n|c|\u2606TommeeVGC|Ci sei a Torino?\n|c|\u2606matteo3960|sisi\n|c|\u2606TommeeVGC|Ottimo ci vediamo l\u00ec :D\n|c|\u2606TommeeVGC|Di dove sei?\n|c|\u2606matteo3960|hahahaha primo torneo?\n|c|\u2606TommeeVGC|Primo serio si\n|c|\u2606TommeeVGC|Ne ho fatti altri qui in sardegna ma unofficial\n|c|\u2606matteo3960|ahh buono buono\n|c|\u2606TommeeVGC|Solo un local ho fatto sett scorsa\n|c|\u2606TommeeVGC|Tu primo torneo?\n|c|\u2606matteo3960|minchia lontano\n|c|\u2606TommeeVGC|Eh si lo so\n|c|\u2606matteo3960|nono io ho fatto londra come primo\n|c|\u2606TommeeVGC|L'IC?\n|c|\u2606TommeeVGC|Come \u00e8 andato?\n|c|\u2606matteo3960|126 esimo\n|c|\u2606matteo3960|top 128 not bad hahah\n|c|\u2606TommeeVGC|Beh che dire\n|c|\u2606matteo3960|sisi anche troppo\n|c|\u2606TommeeVGC|Son Cp hahahah\n|c|\u2606TommeeVGC|Ti qualifichi al mondiale?\n|c|\u2606matteo3960|eh ne ho 120\n|c|\u2606TommeeVGC|Vabb\u00e8 ora son ripresi i Locals\n|c|\u2606TommeeVGC|Son 30 CP a botta\n|c|\u2606matteo3960|ma non so che farmene anche perche punto al mondiale l hanno prossimo\n|c|\u2606TommeeVGC|Solo che poi 3k per andare a Yokohama\n|c|\u2606matteo3960|ecco appunto\n|c|\u2606TommeeVGC|Same, vorrei andare al mondiale l'anno prossimo\n|c|\u2606TommeeVGC|Anche perch\u00e8 Yokohama non pagato \u00e8 un po' troppo\n|c|\u2606matteo3960|dai dai dopo aggiungimi su discord o su telegram che testiamo nel caso\n|c|\u2606TommeeVGC|Certo\n|c|\u2606TommeeVGC|gl hf\n|c|\u2606matteo3960|gl hf\n|\n|t:|1683814686\n|start\n|switch|p1a: Iron Hands|Iron Hands, L50|100\/100\n|switch|p1b: Chi-Yu|Chi-Yu, L50|100\/100\n|switch|p2a: Vivillon|Vivillon-Fancy, L50, M|100\/100\n|switch|p2b: Ting-Lu|Ting-Lu, L50|100\/100\n|-ability|p1b: Chi-Yu|Beads of Ruin\n|-ability|p2b: Ting-Lu|Vessel of Ruin\n|turn|1\n|\n|t:|1683814714\n|switch|p1b: Gyarados|Gyarados, L50, F, shiny|100\/100\n|-ability|p1b: Gyarados|Intimidate|boost\n|-unboost|p2a: Vivillon|atk|1\n|-unboost|p2b: Ting-Lu|atk|1\n|-terastallize|p2b: Ting-Lu|Ground\n|move|p2a: Vivillon|Protect|p2a: Vivillon\n|-singleturn|p2a: Vivillon|Protect\n|move|p1a: Iron Hands|Protect|p1a: Iron Hands\n|-singleturn|p1a: Iron Hands|Protect\n|move|p2b: Ting-Lu|Earthquake|p1a: Iron Hands|[spread] \n|-activate|p2a: Vivillon|move: Protect\n|-activate|p1a: Iron Hands|move: Protect\n|-immune|p1b: Gyarados\n|\n|upkeep\n|turn|2\n|\n|t:|1683814744\n|move|p2a: Vivillon|Safeguard|p2a: Vivillon\n|-sidestart|p2: TommeeVGC|Safeguard\n|move|p1b: Gyarados|Waterfall|p2b: Ting-Lu\n|-supereffective|p2b: Ting-Lu\n|-damage|p2b: Ting-Lu|72\/100\n|move|p1a: Iron Hands|Thunder Punch|p2a: Vivillon\n|-supereffective|p2a: Vivillon\n|-enditem|p2a: Vivillon|Focus Sash\n|-damage|p2a: Vivillon|1\/100\n|move|p2b: Ting-Lu|Earthquake|p1a: Iron Hands|[spread] p1a\n|-immune|p2a: Vivillon\n|-immune|p1b: Gyarados\n|-supereffective|p1a: Iron Hands\n|-damage|p1a: Iron Hands|33\/100\n|\n|upkeep\n|turn|3\n|\n|t:|1683814781\n|move|p1a: Iron Hands|Protect|p1a: Iron Hands\n|-singleturn|p1a: Iron Hands|Protect\n|move|p2a: Vivillon|Pollen Puff|p2b: Ting-Lu\n|-heal|p2b: Ting-Lu|100\/100\n|move|p1b: Gyarados|Waterfall|p2b: Ting-Lu\n|-supereffective|p2b: Ting-Lu\n|-damage|p2b: Ting-Lu|69\/100\n|move|p2b: Ting-Lu|Earthquake|p1b: Gyarados|[spread] \n|-activate|p1a: Iron Hands|move: Protect\n|-immune|p2a: Vivillon\n|-immune|p1b: Gyarados\n|\n|upkeep\n|turn|4\n|\n|t:|1683814802\n|move|p2a: Vivillon|Protect|p2a: Vivillon\n|-singleturn|p2a: Vivillon|Protect\n|move|p1b: Gyarados|Waterfall|p2a: Vivillon\n|-activate|p2a: Vivillon|move: Protect\n|move|p2b: Ting-Lu|Earthquake|p1a: Iron Hands|[spread] p1a\n|-activate|p2a: Vivillon|move: Protect\n|-immune|p1b: Gyarados\n|-supereffective|p1a: Iron Hands\n|-damage|p1a: Iron Hands|0 fnt\n|faint|p1a: Iron Hands\n|-end|p1a: Iron Hands|Quark Drive|[silent]\n|\n|upkeep\n|\n|t:|1683814809\n|switch|p1a: Chi-Yu|Chi-Yu, L50|100\/100\n|-ability|p1a: Chi-Yu|Beads of Ruin\n|turn|5\n|\n|t:|1683814828\n|move|p1a: Chi-Yu|Protect|p1a: Chi-Yu\n|-singleturn|p1a: Chi-Yu|Protect\n|move|p2a: Vivillon|Protect||[still]\n|-fail|p2a: Vivillon\n|move|p1b: Gyarados|Waterfall|p2a: Vivillon\n|-damage|p2a: Vivillon|0 fnt\n|faint|p2a: Vivillon\n|move|p2b: Ting-Lu|Earthquake|p1b: Gyarados|[spread] \n|-activate|p1a: Chi-Yu|move: Protect\n|-immune|p1b: Gyarados\n|\n|upkeep\n|\n|t:|1683814839\n|switch|p2a: Iron Bundle|Iron Bundle, L50|100\/100\n|-enditem|p2a: Iron Bundle|Booster Energy\n|-activate|p2a: Iron Bundle|ability: Quark Drive|[fromitem]\n|-start|p2a: Iron Bundle|quarkdrivespe\n|turn|6\n|\n|t:|1683814862\n|move|p2a: Iron Bundle|Protect|p2a: Iron Bundle\n|-singleturn|p2a: Iron Bundle|Protect\n|move|p1a: Chi-Yu|Heat Wave|p2b: Ting-Lu|[spread] p2b\n|-activate|p2a: Iron Bundle|move: Protect\n|-crit|p2b: Ting-Lu\n|-damage|p2b: Ting-Lu|22\/100\n|move|p1b: Gyarados|Waterfall|p2b: Ting-Lu\n|-supereffective|p2b: Ting-Lu\n|-damage|p2b: Ting-Lu|0 fnt\n|faint|p2b: Ting-Lu\n|\n|-sideend|p2: TommeeVGC|Safeguard\n|upkeep\n|c|\u2606matteo3960|scusa\n|\n|t:|1683814875\n|switch|p2b: Abomasnow|Abomasnow, L50, F|100\/100\n|-weather|Snow|[from] ability: Snow Warning|[of] p2b: Abomasnow\n|turn|7\n|c|\u2606TommeeVGC|\u00e8 rng bro non preoccuparti ahahahaha\n|\n|t:|1683814903\n|move|p2b: Abomasnow|Ice Shard|p1a: Chi-Yu\n|-resisted|p1a: Chi-Yu\n|-damage|p1a: Chi-Yu|88\/100\n|-damage|p2b: Abomasnow|91\/100|[from] item: Life Orb\n|move|p2a: Iron Bundle|Hydro Pump|p1a: Chi-Yu\n|-supereffective|p1a: Chi-Yu\n|-damage|p1a: Chi-Yu|0 fnt\n|faint|p1a: Chi-Yu\n|move|p1b: Gyarados|Thunder Wave|p2a: Iron Bundle\n|-status|p2a: Iron Bundle|par\n|\n|-weather|Snow|[upkeep]\n|upkeep\n|c|\u2606TommeeVGC|In realt\u00e0 che tu ci creda o no per me \u00e8 un ottimo test questo\n|\n|t:|1683814914\n|switch|p1a: Flutter Mane|Flutter Mane, L50, shiny|100\/100\n|-enditem|p1a: Flutter Mane|Booster Energy\n|-activate|p1a: Flutter Mane|ability: Protosynthesis|[fromitem]\n|-start|p1a: Flutter Mane|protosynthesisspa\n|turn|8\n|c|\u2606TommeeVGC|Perch\u00e8 ho sempre problemi con ChiYu Gyarados\n|c|\u2606TommeeVGC|E so che ne trover\u00f2 a pacchi\n|\n|t:|1683814973\n|-terastallize|p1a: Flutter Mane|Fairy\n|move|p1a: Flutter Mane|Dazzling Gleam|p2b: Abomasnow|[spread] p2a,p2b\n|-damage|p2a: Iron Bundle|19\/100 par\n|-damage|p2b: Abomasnow|35\/100\n|move|p2a: Iron Bundle|Hydro Pump|p1a: Flutter Mane\n|-damage|p1a: Flutter Mane|49\/100\n|move|p1b: Gyarados|Waterfall|p2b: Abomasnow\n|-resisted|p2b: Abomasnow\n|-damage|p2b: Abomasnow|23\/100\n|move|p2b: Abomasnow|Blizzard|p1a: Flutter Mane|[spread] p1a,p1b\n|-damage|p1a: Flutter Mane|2\/100\n|-damage|p1b: Gyarados|67\/100\n|-damage|p2b: Abomasnow|14\/100|[from] item: Life Orb\n|\n|-weather|Snow|[upkeep]\n|upkeep\n|turn|9\n|\n|t:|1683815005\n|move|p2b: Abomasnow|Ice Shard|p1a: Flutter Mane\n|-damage|p1a: Flutter Mane|0 fnt\n|faint|p1a: Flutter Mane\n|-end|p1a: Flutter Mane|Protosynthesis|[silent]\n|-damage|p2b: Abomasnow|4\/100|[from] item: Life Orb\n|move|p2a: Iron Bundle|Hydro Pump|p1b: Gyarados\n|-resisted|p1b: Gyarados\n|-damage|p1b: Gyarados|47\/100\n|move|p1b: Gyarados|Waterfall|p2b: Abomasnow\n|-resisted|p2b: Abomasnow\n|-damage|p2b: Abomasnow|0 fnt\n|faint|p2b: Abomasnow\n|\n|-weather|Snow|[upkeep]\n|upkeep\n|turn|10\n|\n|t:|1683815017\n|cant|p2a: Iron Bundle|par\n|move|p1b: Gyarados|Waterfall|p2a: Iron Bundle\n|-resisted|p2a: Iron Bundle\n|-damage|p2a: Iron Bundle|6\/100 par\n|\n|-weather|Snow|[upkeep]\n|upkeep\n|turn|11\n|\n|t:|1683815023\n|cant|p2a: Iron Bundle|par\n|move|p1b: Gyarados|Waterfall|p2a: Iron Bundle\n|-resisted|p2a: Iron Bundle\n|-damage|p2a: Iron Bundle|0 fnt\n|faint|p2a: Iron Bundle\n|-end|p2a: Iron Bundle|Quark Drive|[silent]\n|\n|win|matteo3960\n|raw|matteo3960's rating: 1383 → 1404<\/strong> (+21 for winning)\n|raw|TommeeVGC's rating: 1407 → 1386<\/strong> (-21 for losing)\n|c|\u2606TommeeVGC|Doppia par...\n|c|\u2606matteo3960|vabbe hai vinto\n|c|\u2606TommeeVGC|Gg\n|c|\u2606matteo3960|easy\n|c|\u2606TommeeVGC|non ho vinto..\n|c|\u2606matteo3960|massi\n|c|\u2606TommeeVGC|No bro hahahaha\n|c|\u2606TommeeVGC|doppia par ma comunque ci sta\n|c|\u2606TommeeVGC|Non dovevo prenderla proprio\n|c|\u2606TommeeVGC|Se tu mi parri e poi la becco \u00e8 una giocata buona tua\n|c|\u2606TommeeVGC|Non \u00e8 sfiga\n|c|\u2606matteo3960|diciamo che dovevo fare moonblast su bundle\n|c|\u2606TommeeVGC|Almeno per come la vedo io\n","uploadtime":1683815092,"views":10,"p1id":"matteo3960","p2id":"tommeevgc","formatid":"gen9vgc2023regulationc","rating":1386,"private":0,"password":""}