{"id":"gen9vgc2023regulationc-1857232130","p1":"PokeVoltClub","p2":"Guilherme84","format":"[Gen 9] VGC 2023 Regulation C","log":"|j|\u2606PokeVoltClub\n|j|\u2606Guilherme84\n|t:|1683161147\n|gametype|doubles\n|player|p1|PokeVoltClub|elesa|1101\n|player|p2|Guilherme84|richboy-gen4|1114\n|teamsize|p1|6\n|teamsize|p2|6\n|gen|9\n|tier|[Gen 9] VGC 2023 Regulation C\n|rated|\n|rule|Species Clause: Limit one of each Pok\u00e9mon\n|rule|Item Clause: Limit one of each item\n|clearpoke\n|poke|p1|Bellibolt, L50, M|\n|poke|p1|Gastrodon, L50, M|\n|poke|p1|Iron Treads, L50|\n|poke|p1|Mimikyu, L50, F|\n|poke|p1|Chi-Yu, L50|\n|poke|p1|Dragonite, L50, M|\n|poke|p2|Murkrow, L50, F|\n|poke|p2|Iron Bundle, L50|\n|poke|p2|Coalossal, L50, M|\n|poke|p2|Palafin, L50, F|\n|poke|p2|Amoonguss, L50, M|\n|poke|p2|Flutter Mane, L50|\n|teampreview|4\n|\n|t:|1683161187\n|start\n|switch|p1a: Bellibolt|Bellibolt, L50, M|100\/100\n|switch|p1b: Iron Treads|Iron Treads, L50|100\/100\n|switch|p2a: Palafin|Palafin, L50, F|100\/100\n|switch|p2b: Coalossal|Coalossal, L50, M|100\/100\n|-enditem|p1b: Iron Treads|Booster Energy\n|-activate|p1b: Iron Treads|ability: Quark Drive|[fromitem]\n|-start|p1b: Iron Treads|quarkdrivespe\n|turn|1\n|l|\u2606Guilherme84\n|player|p2|\n|j|\u2606Guilherme84\n|player|p2|Guilherme84|richboy-gen4\n|inactive|Battle timer is ON: inactive players will automatically lose when time's up. (requested by Guilherme84)\n|\n|t:|1683161236\n|-terastallize|p1b: Iron Treads|Water\n|-terastallize|p2b: Coalossal|Grass\n|move|p2a: Palafin|Flip Turn|p2b: Coalossal\n|-resisted|p2b: Coalossal\n|-damage|p2b: Coalossal|93\/100\n|-ability|p2b: Coalossal|Steam Engine|boost\n|-boost|p2b: Coalossal|spe|6\n|-enditem|p2b: Coalossal|Absorb Bulb\n|-boost|p2b: Coalossal|spa|1|[from] item: Absorb Bulb\n|\n|t:|1683161246\n|detailschange|p2a: Palafin|Palafin-Hero, L50, F\n|switch|p2a: Murkrow|Murkrow, L50, F|100\/100|[from] Flip Turn\n|move|p1b: Iron Treads|Stomping Tantrum|p2b: Coalossal\n|-resisted|p2b: Coalossal\n|-damage|p2b: Coalossal|81\/100\n|move|p2b: Coalossal|Earth Power|p1b: Iron Treads\n|-damage|p1b: Iron Treads|57\/100\n|move|p1a: Bellibolt|Muddy Water|p2a: Murkrow|[spread] p2a,p2b\n|-resisted|p2b: Coalossal\n|-damage|p2a: Murkrow|85\/100\n|-damage|p2b: Coalossal|72\/100\n|-unboost|p2a: Murkrow|accuracy|1\n|\n|upkeep\n|turn|2\n|inactive|PokeVoltClub has 30 seconds left.\n|inactive|PokeVoltClub has 20 seconds left.\n|\n|t:|1683161285\n|move|p1b: Iron Treads|Ice Spinner|p2b: Coalossal\n|-supereffective|p2b: Coalossal\n|-damage|p2b: Coalossal|40\/100\n|move|p2b: Coalossal|Tera Blast|p1b: Iron Treads\n|-supereffective|p1b: Iron Treads\n|-damage|p1b: Iron Treads|0 fnt\n|faint|p1b: Iron Treads\n|-end|p1b: Iron Treads|Quark Drive|[silent]\n|move|p2a: Murkrow|Foul Play|p1a: Bellibolt\n|-damage|p1a: Bellibolt|86\/100\n|-start|p1a: Bellibolt|Charge|Foul Play|[from] ability: Electromorphosis\n|move|p1a: Bellibolt|Muddy Water|p2a: Murkrow|[spread] p2a,p2b\n|-resisted|p2b: Coalossal\n|-damage|p2a: Murkrow|71\/100\n|-damage|p2b: Coalossal|33\/100\n|-unboost|p2b: Coalossal|accuracy|1\n|\n|upkeep\n|\n|t:|1683161303\n|switch|p1b: Mimikyu|Mimikyu, L50, F|100\/100\n|turn|3\n|\n|t:|1683161319\n|move|p1b: Mimikyu|Shadow Sneak|p2b: Coalossal\n|-damage|p2b: Coalossal|18\/100\n|-damage|p1b: Mimikyu|91\/100|[from] item: Life Orb\n|move|p2b: Coalossal|Heat Wave|p1a: Bellibolt|[spread] p1a,p1b\n|-damage|p1a: Bellibolt|56\/100\n|-activate|p1b: Mimikyu|ability: Disguise\n|-damage|p1b: Mimikyu|91\/100\n|-start|p1a: Bellibolt|Charge|Heat Wave|[from] ability: Electromorphosis\n|detailschange|p1b: Mimikyu|Mimikyu-Busted, L50, F\n|-damage|p1b: Mimikyu|79\/100|[from] pokemon: Mimikyu-Busted\n|move|p2a: Murkrow|Foul Play|p1b: Mimikyu|[miss]\n|-miss|p2a: Murkrow|p1b: Mimikyu\n|move|p1a: Bellibolt|Parabolic Charge|p2b: Coalossal|[spread] p1b,p2a,p2b\n|-supereffective|p2a: Murkrow\n|-resisted|p2b: Coalossal\n|-damage|p1b: Mimikyu|32\/100\n|-heal|p1a: Bellibolt|72\/100|[from] drain|[of] p1b: Mimikyu\n|-damage|p2a: Murkrow|2\/100\n|-heal|p1a: Bellibolt|98\/100|[from] drain|[of] p2a: Murkrow\n|-damage|p2b: Coalossal|1\/100\n|-heal|p1a: Bellibolt|100\/100|[from] drain|[of] p2b: Coalossal\n|-end|p1a: Bellibolt|Charge|[silent]\n|\n|upkeep\n|turn|4\n|inactive|PokeVoltClub has 30 seconds left.\n|inactive|Guilherme84 has 30 seconds left.\n|\n|t:|1683161351\n|move|p1b: Mimikyu|Shadow Sneak|p2b: Coalossal\n|-damage|p2b: Coalossal|0 fnt\n|faint|p2b: Coalossal\n|-damage|p1b: Mimikyu|23\/100|[from] item: Life Orb\n|move|p2a: Murkrow|Tailwind|p2a: Murkrow\n|-sidestart|p2: Guilherme84|move: Tailwind\n|move|p1a: Bellibolt|Muddy Water|p2a: Murkrow\n|-damage|p2a: Murkrow|0 fnt\n|faint|p2a: Murkrow\n|\n|upkeep\n|\n|t:|1683161357\n|switch|p2a: Palafin|Palafin-Hero, L50, F|100\/100\n|switch|p2b: Iron Bundle|Iron Bundle, L50|100\/100\n|-activate|p2a: Palafin|ability: Zero to Hero\n|-enditem|p2b: Iron Bundle|Booster Energy\n|-activate|p2b: Iron Bundle|ability: Quark Drive|[fromitem]\n|-start|p2b: Iron Bundle|quarkdrivespe\n|turn|5\n|\n|t:|1683161376\n|move|p1b: Mimikyu|Shadow Sneak|p2a: Palafin\n|-damage|p2a: Palafin|75\/100\n|-damage|p1b: Mimikyu|13\/100|[from] item: Life Orb\n|move|p2b: Iron Bundle|Hydro Pump|p1a: Bellibolt|[miss]\n|-miss|p2b: Iron Bundle|p1a: Bellibolt\n|move|p2a: Palafin|Wave Crash|p1a: Bellibolt\n|-damage|p1a: Bellibolt|45\/100\n|-start|p1a: Bellibolt|Charge|Wave Crash|[from] ability: Electromorphosis\n|-damage|p2a: Palafin|52\/100|[from] Recoil\n|move|p1a: Bellibolt|Parabolic Charge|p2b: Iron Bundle|[spread] p1b,p2a,p2b\n|-supereffective|p2a: Palafin\n|-supereffective|p2b: Iron Bundle\n|-damage|p1b: Mimikyu|0 fnt\n|-heal|p1a: Bellibolt|50\/100|[from] drain|[of] p1b: Mimikyu\n|-damage|p2a: Palafin|0 fnt\n|-heal|p1a: Bellibolt|71\/100|[from] drain|[of] p2a: Palafin\n|-damage|p2b: Iron Bundle|0 fnt\n|-heal|p1a: Bellibolt|100\/100|[from] drain|[of] p2b: Iron Bundle\n|faint|p1b: Mimikyu\n|faint|p2a: Palafin\n|faint|p2b: Iron Bundle\n|-end|p2b: Iron Bundle|Quark Drive|[silent]\n|-end|p1a: Bellibolt|Charge|[silent]\n|\n|win|PokeVoltClub\n|raw|PokeVoltClub's rating: 1101 → 1127<\/strong> (+26 for winning)\n|raw|Guilherme84's rating: 1114 → 1088<\/strong> (-26 for losing)\n|l|\u2606Guilherme84\n","uploadtime":1683161402,"views":13,"p1id":"pokevoltclub","p2id":"guilherme84","formatid":"gen9vgc2023regulationc","rating":1088,"private":0,"password":""}