{"id":"gen9vgc2023regulationc-1860476070","p1":"neukorn","p2":"WillieDangerously","format":"[Gen 9] VGC 2023 Regulation C","log":"|j|\u2606neukorn\n|j|\u2606WillieDangerously\n|t:|1683647489\n|gametype|doubles\n|player|p1|neukorn|101|1273\n|player|p2|WillieDangerously|psychic-gen4|1214\n|teamsize|p1|6\n|teamsize|p2|6\n|gen|9\n|tier|[Gen 9] VGC 2023 Regulation C\n|rated|\n|rule|Species Clause: Limit one of each Pok\u00e9mon\n|rule|Item Clause: Limit one of each item\n|clearpoke\n|poke|p1|Ting-Lu, L50|\n|poke|p1|Flutter Mane, L50|\n|poke|p1|Indeedee-F, L50, F|\n|poke|p1|Armarouge, L50, F|\n|poke|p1|Annihilape, L50, M|\n|poke|p1|Palafin, L50, F|\n|poke|p2|Gholdengo, L50|\n|poke|p2|Wo-Chien, L50|\n|poke|p2|Iron Bundle, L50|\n|poke|p2|Dragapult, L50, M|\n|poke|p2|Hippowdon, L50, F|\n|poke|p2|Glimmora, L50, M|\n|teampreview|4\n|inactive|Battle timer is ON: inactive players will automatically lose when time's up. (requested by neukorn)\n|inactive|WillieDangerously has 60 seconds left.\n|\n|t:|1683647575\n|start\n|switch|p1a: Indeedee|Indeedee-F, L50, F|100\/100\n|switch|p1b: Armarouge|Armarouge, L50, F|100\/100\n|switch|p2a: Glimmora|Glimmora, L50, M|100\/100\n|switch|p2b: Hippowdon|Hippowdon, L50, F|100\/100\n|-fieldstart|move: Psychic Terrain|[from] ability: Psychic Surge|[of] p1a: Indeedee\n|-enditem|p1a: Indeedee|Psychic Seed\n|-boost|p1a: Indeedee|spd|1|[from] item: Psychic Seed\n|-weather|Sandstorm|[from] ability: Sand Stream|[of] p2b: Hippowdon\n|turn|1\n|inactive|neukorn has 30 seconds left.\n|inactive|WillieDangerously has 30 seconds left.\n|inactive|neukorn has 20 seconds left.\n|inactive|WillieDangerously has 20 seconds left.\n|inactive|neukorn has 15 seconds left.\n|inactive|WillieDangerously has 15 seconds left.\n|inactive|neukorn has 10 seconds left.\n|inactive|WillieDangerously has 10 seconds left.\n|\n|t:|1683647624\n|-terastallize|p1b: Armarouge|Grass\n|move|p1a: Indeedee|Helping Hand|p1b: Armarouge\n|-singleturn|p1b: Armarouge|Helping Hand|[of] p1a: Indeedee\n|move|p2a: Glimmora|Power Gem|p1b: Armarouge\n|-damage|p1b: Armarouge|59\/100\n|move|p1b: Armarouge|Expanding Force|p2b: Hippowdon|[spread] p2a,p2b\n|-supereffective|p2a: Glimmora\n|-damage|p2a: Glimmora|11\/100\n|-damage|p2b: Hippowdon|22\/100\n|-enditem|p2b: Hippowdon|Mago Berry|[eat]\n|-heal|p2b: Hippowdon|55\/100|[from] item: Mago Berry\n|move|p2b: Hippowdon|Sand Tomb|p1b: Armarouge\n|-resisted|p1b: Armarouge\n|-damage|p1b: Armarouge|54\/100\n|-activate|p1b: Armarouge|move: Sand Tomb|[of] p2b: Hippowdon\n|\n|-weather|Sandstorm|[upkeep]\n|-damage|p1a: Indeedee|94\/100|[from] Sandstorm\n|-damage|p1b: Armarouge|48\/100|[from] Sandstorm\n|-damage|p1b: Armarouge|35\/100|[from] move: Sand Tomb|[partiallytrapped]\n|upkeep\n|turn|2\n|inactive|neukorn has 30 seconds left.\n|\n|t:|1683647654\n|switch|p2b: Wo-Chien|Wo-Chien, L50|100\/100\n|-ability|p2b: Wo-Chien|Tablets of Ruin\n|move|p2a: Glimmora|Mortal Spin|p1b: Armarouge|[spread] p1a,p1b\n|-supereffective|p1b: Armarouge\n|-damage|p1a: Indeedee|91\/100\n|-damage|p1b: Armarouge|29\/100\n|-status|p1a: Indeedee|psn\n|-status|p1b: Armarouge|psn\n|move|p1a: Indeedee|Dazzling Gleam|p2a: Glimmora|[spread] p2a,p2b\n|-resisted|p2a: Glimmora\n|-crit|p2a: Glimmora\n|-supereffective|p2b: Wo-Chien\n|-damage|p2a: Glimmora|7\/100\n|-damage|p2b: Wo-Chien|84\/100\n|move|p1b: Armarouge|Expanding Force|p2a: Glimmora|[spread] p2a\n|-immune|p2b: Wo-Chien\n|-supereffective|p2a: Glimmora\n|-damage|p2a: Glimmora|0 fnt\n|faint|p2a: Glimmora\n|\n|-weather|Sandstorm|[upkeep]\n|-damage|p1a: Indeedee|85\/100 psn|[from] Sandstorm\n|-damage|p2b: Wo-Chien|78\/100|[from] Sandstorm\n|-damage|p1b: Armarouge|23\/100 psn|[from] Sandstorm\n|-heal|p2b: Wo-Chien|84\/100|[from] item: Leftovers\n|-damage|p1a: Indeedee|72\/100 psn|[from] psn\n|-damage|p1b: Armarouge|10\/100 psn|[from] psn\n|-end|p1b: Armarouge|Sand Tomb|[partiallytrapped]|[silent]\n|upkeep\n|inactive|WillieDangerously has 30 seconds left.\n|\n|t:|1683647682\n|switch|p2a: Dragapult|Dragapult, L50, M|100\/100\n|turn|3\n|inactive|neukorn has 30 seconds left.\n|\n|t:|1683647712\n|move|p2a: Dragapult|Dragon Darts|p1b: Armarouge\n|-damage|p1b: Armarouge|0 fnt\n|-anim|p2a: Dragapult|Dragon Darts|p1a: Indeedee\n|-damage|p1a: Indeedee|50\/100 psn\n|faint|p1b: Armarouge\n|-damage|p2a: Dragapult|91\/100|[from] item: Life Orb\n|move|p1a: Indeedee|Dazzling Gleam|p2b: Wo-Chien|[spread] p2a,p2b\n|-supereffective|p2a: Dragapult\n|-supereffective|p2b: Wo-Chien\n|-damage|p2a: Dragapult|53\/100\n|-damage|p2b: Wo-Chien|67\/100\n|move|p2b: Wo-Chien|Leech Seed|p1a: Indeedee\n|-start|p1a: Indeedee|move: Leech Seed\n|\n|-weather|Sandstorm|[upkeep]\n|-damage|p2a: Dragapult|47\/100|[from] Sandstorm\n|-damage|p1a: Indeedee|43\/100 psn|[from] Sandstorm\n|-damage|p2b: Wo-Chien|61\/100|[from] Sandstorm\n|-heal|p2b: Wo-Chien|67\/100|[from] item: Leftovers\n|-damage|p1a: Indeedee|31\/100 psn|[from] Leech Seed|[of] p2b: Wo-Chien\n|-heal|p2b: Wo-Chien|79\/100|[silent]\n|-damage|p1a: Indeedee|19\/100 psn|[from] psn\n|upkeep\n|\n|t:|1683647724\n|switch|p1b: Flutter Mane|Flutter Mane, L50|100\/100\n|turn|4\n|\n|t:|1683647746\n|-terastallize|p2a: Dragapult|Normal\n|move|p1a: Indeedee|Follow Me|p1a: Indeedee\n|-singleturn|p1a: Indeedee|move: Follow Me\n|move|p2a: Dragapult|Disable|p1a: Indeedee\n|-start|p1a: Indeedee|Disable|Follow Me\n|move|p1b: Flutter Mane|Shadow Ball|p2a: Dragapult\n|-immune|p2a: Dragapult\n|move|p2b: Wo-Chien|Pollen Puff|p1a: Indeedee\n|-supereffective|p1a: Indeedee\n|-damage|p1a: Indeedee|0 fnt\n|faint|p1a: Indeedee\n|\n|-weather|Sandstorm|[upkeep]\n|-damage|p2a: Dragapult|41\/100|[from] Sandstorm\n|-damage|p1b: Flutter Mane|94\/100|[from] Sandstorm\n|-damage|p2b: Wo-Chien|72\/100|[from] Sandstorm\n|-heal|p2b: Wo-Chien|79\/100|[from] item: Leftovers\n|upkeep\n|\n|t:|1683647755\n|switch|p1a: Annihilape|Annihilape, L50, M|100\/100\n|turn|5\n|\n|t:|1683647774\n|move|p2a: Dragapult|Protect|p2a: Dragapult\n|-singleturn|p2a: Dragapult|Protect\n|move|p1a: Annihilape|Protect|p1a: Annihilape\n|-singleturn|p1a: Annihilape|Protect\n|move|p1b: Flutter Mane|Moonblast|p2a: Dragapult\n|-activate|p2a: Dragapult|move: Protect\n|move|p2b: Wo-Chien|Leech Seed|p1a: Annihilape\n|-activate|p1a: Annihilape|move: Protect\n|\n|-weather|none\n|-heal|p2b: Wo-Chien|85\/100|[from] item: Leftovers\n|-fieldend|move: Psychic Terrain\n|upkeep\n|turn|6\n|inactive|neukorn has 30 seconds left.\n|inactive|neukorn has 20 seconds left.\n|\n|t:|1683647811\n|move|p1b: Flutter Mane|Protect|p1b: Flutter Mane\n|-singleturn|p1b: Flutter Mane|Protect\n|move|p2a: Dragapult|Disable|p1b: Flutter Mane\n|-activate|p1b: Flutter Mane|move: Protect\n|move|p2b: Wo-Chien|Pollen Puff|p2a: Dragapult\n|-heal|p2a: Dragapult|91\/100\n|move|p1a: Annihilape|Drain Punch|p2a: Dragapult\n|-supereffective|p2a: Dragapult\n|-damage|p2a: Dragapult|25\/100\n|\n|-heal|p2b: Wo-Chien|91\/100|[from] item: Leftovers\n|upkeep\n|turn|7\n|\n|t:|1683647834\n|move|p2a: Dragapult|Protect|p2a: Dragapult\n|-singleturn|p2a: Dragapult|Protect\n|move|p1a: Annihilape|Protect|p1a: Annihilape\n|-singleturn|p1a: Annihilape|Protect\n|move|p1b: Flutter Mane|Moonblast|p2a: Dragapult\n|-activate|p2a: Dragapult|move: Protect\n|move|p2b: Wo-Chien|Leech Seed|p1b: Flutter Mane\n|-start|p1b: Flutter Mane|move: Leech Seed\n|\n|-heal|p2b: Wo-Chien|97\/100|[from] item: Leftovers\n|-damage|p1b: Flutter Mane|82\/100|[from] Leech Seed|[of] p2b: Wo-Chien\n|-heal|p2b: Wo-Chien|100\/100|[silent]\n|upkeep\n|turn|8\n|\n|t:|1683647857\n|switch|p2a: Hippowdon|Hippowdon, L50, F|55\/100\n|-weather|Sandstorm|[from] ability: Sand Stream|[of] p2a: Hippowdon\n|move|p1b: Flutter Mane|Moonblast|p2a: Hippowdon\n|-damage|p2a: Hippowdon|0 fnt\n|faint|p2a: Hippowdon\n|-damage|p1b: Flutter Mane|72\/100|[from] item: Life Orb\n|move|p2b: Wo-Chien|Pollen Puff|p2: Hippowdon|[notarget]\n|-fail|p2b: Wo-Chien\n|move|p1a: Annihilape|Drain Punch|p2b: Wo-Chien\n|-supereffective|p2b: Wo-Chien\n|-damage|p2b: Wo-Chien|66\/100\n|\n|-weather|Sandstorm|[upkeep]\n|-damage|p1b: Flutter Mane|66\/100|[from] Sandstorm\n|-damage|p2b: Wo-Chien|60\/100|[from] Sandstorm\n|-damage|p1a: Annihilape|95\/100|[from] Sandstorm\n|-heal|p2b: Wo-Chien|66\/100|[from] item: Leftovers\n|-heal|p1a: Annihilape|100\/100|[from] item: Leftovers\n|-damage|p1b: Flutter Mane|54\/100|[from] Leech Seed|[of] p2b: Wo-Chien\n|-heal|p2b: Wo-Chien|74\/100|[silent]\n|upkeep\n|\n|t:|1683647867\n|switch|p2a: Dragapult|Dragapult, L50, M, tera:Normal|25\/100\n|turn|9\n|inactive|WillieDangerously has 30 seconds left.\n|\n|t:|1683647899\n|move|p2a: Dragapult|Protect|p2a: Dragapult\n|-singleturn|p2a: Dragapult|Protect\n|move|p1b: Flutter Mane|Moonblast|p2a: Dragapult\n|-activate|p2a: Dragapult|move: Protect\n|move|p2b: Wo-Chien|Leech Seed|p1a: Annihilape\n|-start|p1a: Annihilape|move: Leech Seed\n|move|p1a: Annihilape|Drain Punch|p2b: Wo-Chien\n|-supereffective|p2b: Wo-Chien\n|-damage|p2b: Wo-Chien|40\/100\n|\n|-weather|Sandstorm|[upkeep]\n|-damage|p2a: Dragapult|19\/100|[from] Sandstorm\n|-damage|p1b: Flutter Mane|47\/100|[from] Sandstorm\n|-damage|p2b: Wo-Chien|34\/100|[from] Sandstorm\n|-damage|p1a: Annihilape|95\/100|[from] Sandstorm\n|-heal|p2b: Wo-Chien|40\/100|[from] item: Leftovers\n|-heal|p1a: Annihilape|100\/100|[from] item: Leftovers\n|-damage|p1b: Flutter Mane|35\/100|[from] Leech Seed|[of] p2b: Wo-Chien\n|-heal|p2b: Wo-Chien|48\/100|[silent]\n|-damage|p1a: Annihilape|88\/100|[from] Leech Seed|[of] p2b: Wo-Chien\n|-heal|p2b: Wo-Chien|62\/100|[silent]\n|upkeep\n|turn|10\n|inactive|WillieDangerously has 30 seconds left.\n|\n|t:|1683647928\n|move|p2a: Dragapult|Disable|p1a: Annihilape\n|-start|p1a: Annihilape|Disable|Drain Punch\n|move|p1b: Flutter Mane|Moonblast|p2a: Dragapult\n|-damage|p2a: Dragapult|0 fnt\n|faint|p2a: Dragapult\n|-damage|p1b: Flutter Mane|25\/100|[from] item: Life Orb\n|move|p2b: Wo-Chien|Foul Play|p1b: Flutter Mane\n|-damage|p1b: Flutter Mane|0 fnt\n|faint|p1b: Flutter Mane\n|-end|p1b: Flutter Mane|Protosynthesis|[silent]\n|move|p1a: Annihilape|Bulk Up|p1a: Annihilape\n|-boost|p1a: Annihilape|atk|1\n|-boost|p1a: Annihilape|def|1\n|\n|-weather|Sandstorm|[upkeep]\n|-damage|p2b: Wo-Chien|56\/100|[from] Sandstorm\n|-damage|p1a: Annihilape|82\/100|[from] Sandstorm\n|-heal|p2b: Wo-Chien|62\/100|[from] item: Leftovers\n|-heal|p1a: Annihilape|88\/100|[from] item: Leftovers\n|-damage|p1a: Annihilape|76\/100|[from] Leech Seed|[of] p2b: Wo-Chien\n|-heal|p2b: Wo-Chien|77\/100|[silent]\n|upkeep\n|turn|11\n|inactive|neukorn has 30 seconds left.\n|inactive|WillieDangerously has 30 seconds left.\n|\n|t:|1683647954\n|move|p2b: Wo-Chien|Protect|p2b: Wo-Chien\n|-singleturn|p2b: Wo-Chien|Protect\n|move|p1a: Annihilape|Protect||[still]\n|-fail|p1a: Annihilape\n|\n|-weather|Sandstorm|[upkeep]\n|-damage|p2b: Wo-Chien|70\/100|[from] Sandstorm\n|-damage|p1a: Annihilape|70\/100|[from] Sandstorm\n|-heal|p2b: Wo-Chien|77\/100|[from] item: Leftovers\n|-heal|p1a: Annihilape|76\/100|[from] item: Leftovers\n|-damage|p1a: Annihilape|63\/100|[from] Leech Seed|[of] p2b: Wo-Chien\n|-heal|p2b: Wo-Chien|91\/100|[silent]\n|upkeep\n|turn|12\n|\n|t:|1683647971\n|move|p2b: Wo-Chien|Leech Seed||[still]\n|-fail|p2b: Wo-Chien\n|move|p1a: Annihilape|Rage Fist|p2b: Wo-Chien\n|-resisted|p2b: Wo-Chien\n|-damage|p2b: Wo-Chien|81\/100\n|\n|-weather|none\n|-heal|p2b: Wo-Chien|87\/100|[from] item: Leftovers\n|-heal|p1a: Annihilape|69\/100|[from] item: Leftovers\n|-damage|p1a: Annihilape|57\/100|[from] Leech Seed|[of] p2b: Wo-Chien\n|-heal|p2b: Wo-Chien|100\/100|[silent]\n|upkeep\n|turn|13\n|\n|t:|1683647989\n|move|p2b: Wo-Chien|Leech Seed||[still]\n|-fail|p2b: Wo-Chien\n|move|p1a: Annihilape|Bulk Up|p1a: Annihilape\n|-boost|p1a: Annihilape|atk|1\n|-boost|p1a: Annihilape|def|1\n|\n|-heal|p1a: Annihilape|63\/100|[from] item: Leftovers\n|-damage|p1a: Annihilape|50\/100|[from] Leech Seed|[of] p2b: Wo-Chien\n|-end|p1a: Annihilape|Disable\n|upkeep\n|turn|14\n|\n|t:|1683648000\n|move|p2b: Wo-Chien|Protect|p2b: Wo-Chien\n|-singleturn|p2b: Wo-Chien|Protect\n|move|p1a: Annihilape|Drain Punch|p2b: Wo-Chien\n|-activate|p2b: Wo-Chien|move: Protect\n|\n|-heal|p1a: Annihilape|56\/100|[from] item: Leftovers\n|-damage|p1a: Annihilape|44\/100|[from] Leech Seed|[of] p2b: Wo-Chien\n|upkeep\n|turn|15\n|\n|t:|1683648011\n|move|p2b: Wo-Chien|Foul Play|p1a: Annihilape\n|-damage|p1a: Annihilape|16\/100\n|move|p1a: Annihilape|Drain Punch|p2b: Wo-Chien\n|-supereffective|p2b: Wo-Chien\n|-damage|p2b: Wo-Chien|34\/100\n|-heal|p1a: Annihilape|46\/100|[from] drain|[of] p2b: Wo-Chien\n|\n|-heal|p2b: Wo-Chien|40\/100|[from] item: Leftovers\n|-heal|p1a: Annihilape|52\/100|[from] item: Leftovers\n|-damage|p1a: Annihilape|39\/100|[from] Leech Seed|[of] p2b: Wo-Chien\n|-heal|p2b: Wo-Chien|54\/100|[silent]\n|upkeep\n|turn|16\n|\n|t:|1683648031\n|move|p1a: Annihilape|Protect|p1a: Annihilape\n|-singleturn|p1a: Annihilape|Protect\n|move|p2b: Wo-Chien|Leech Seed|p1a: Annihilape\n|-activate|p1a: Annihilape|move: Protect\n|\n|-heal|p2b: Wo-Chien|60\/100|[from] item: Leftovers\n|-heal|p1a: Annihilape|45\/100|[from] item: Leftovers\n|-damage|p1a: Annihilape|33\/100|[from] Leech Seed|[of] p2b: Wo-Chien\n|-heal|p2b: Wo-Chien|74\/100|[silent]\n|upkeep\n|turn|17\n|\n|t:|1683648044\n|move|p2b: Wo-Chien|Protect|p2b: Wo-Chien\n|-singleturn|p2b: Wo-Chien|Protect\n|move|p1a: Annihilape|Drain Punch|p2b: Wo-Chien\n|-activate|p2b: Wo-Chien|move: Protect\n|\n|-heal|p2b: Wo-Chien|81\/100|[from] item: Leftovers\n|-heal|p1a: Annihilape|39\/100|[from] item: Leftovers\n|-damage|p1a: Annihilape|26\/100|[from] Leech Seed|[of] p2b: Wo-Chien\n|-heal|p2b: Wo-Chien|95\/100|[silent]\n|upkeep\n|turn|18\n|\n|t:|1683648059\n|move|p2b: Wo-Chien|Foul Play|p1a: Annihilape\n|-damage|p1a: Annihilape|0 fnt\n|faint|p1a: Annihilape\n|\n|win|WillieDangerously\n|raw|neukorn's rating: 1273 → 1244<\/strong> (-29 for losing)\n|raw|WillieDangerously's rating: 1214 → 1243<\/strong> (+29 for winning)\n|l|\u2606neukorn\n","uploadtime":1683648063,"views":8,"p1id":"neukorn","p2id":"williedangerously","formatid":"gen9vgc2023regulationc","rating":1243,"private":0,"password":""}