{"id":"gen9vgc2023regulationc-1858483535","p1":"therealrumpleman","p2":"al24088","format":"[Gen 9] VGC 2023 Regulation C","log":"|j|\u2606therealrumpleman\n|j|\u2606al24088\n|t:|1683316787\n|gametype|doubles\n|player|p1|therealrumpleman|koga|1371\n|player|p2|al24088|preschooler|1472\n|teamsize|p1|6\n|teamsize|p2|6\n|gen|9\n|tier|[Gen 9] VGC 2023 Regulation C\n|rated|\n|rule|Species Clause: Limit one of each Pok\u00e9mon\n|rule|Item Clause: Limit one of each item\n|clearpoke\n|poke|p1|Rotom-Wash, L50|\n|poke|p1|Chien-Pao, L50|\n|poke|p1|Flutter Mane, L50|\n|poke|p1|Amoonguss, L50, M|\n|poke|p1|Talonflame, L50, M|\n|poke|p1|Great Tusk, L50|\n|poke|p2|Glimmora, L50, M|\n|poke|p2|Gastrodon-East, L50, M|\n|poke|p2|Maushold, L50|\n|poke|p2|Flutter Mane, L50|\n|poke|p2|Wo-Chien, L50|\n|poke|p2|Corviknight, L50, M|\n|teampreview|4\n|j| JVP15\n|l| JVP15\n|inactive|Battle timer is ON: inactive players will automatically lose when time's up. (requested by therealrumpleman)\n|inactive|al24088 has 60 seconds left.\n|\n|t:|1683316863\n|start\n|switch|p1a: Talonflame|Talonflame, L50, M|100\/100\n|switch|p1b: Great Tusk|Great Tusk, L50|100\/100\n|switch|p2a: Corviknight|Corviknight, L50, M, shiny|100\/100\n|switch|p2b: Maushold|Maushold, L50|100\/100\n|turn|1\n|inactive|therealrumpleman has 30 seconds left.\n|inactive|al24088 has 30 seconds left.\n|inactive|therealrumpleman has 20 seconds left.\n|inactive|therealrumpleman has 15 seconds left.\n|\n|t:|1683316906\n|-terastallize|p1b: Great Tusk|Ground\n|-terastallize|p2b: Maushold|Ghost\n|move|p2b: Maushold|Follow Me|p2b: Maushold\n|-singleturn|p2b: Maushold|move: Follow Me\n|move|p1a: Talonflame|Tailwind|p1a: Talonflame\n|-sidestart|p1: therealrumpleman|move: Tailwind\n|move|p1b: Great Tusk|Headlong Rush|p2b: Maushold\n|-damage|p2b: Maushold|0 fnt\n|-unboost|p1b: Great Tusk|def|1\n|-unboost|p1b: Great Tusk|spd|1\n|faint|p2b: Maushold\n|move|p2a: Corviknight|Brave Bird|p1b: Great Tusk\n|-damage|p1b: Great Tusk|60\/100\n|-damage|p2a: Corviknight|88\/100|[from] Recoil\n|\n|upkeep\n|\n|t:|1683316928\n|switch|p2b: Gastrodon|Gastrodon-East, L50, M|100\/100\n|turn|2\n|\n|t:|1683316940\n|-end|p1b: Great Tusk|Protosynthesis|[silent]\n|switch|p1b: Rotom|Rotom-Wash, L50|100\/100\n|move|p1a: Talonflame|Will-O-Wisp|p2a: Corviknight\n|-status|p2a: Corviknight|brn\n|-enditem|p2a: Corviknight|Lum Berry|[eat]\n|-curestatus|p2a: Corviknight|brn|[msg]\n|move|p2a: Corviknight|Brave Bird|p1b: Rotom\n|-resisted|p1b: Rotom\n|-damage|p1b: Rotom|81\/100\n|-damage|p2a: Corviknight|83\/100|[from] Recoil\n|move|p2b: Gastrodon|Muddy Water|p1a: Talonflame|[spread] p1a,p1b\n|-supereffective|p1a: Talonflame\n|-resisted|p1b: Rotom\n|-damage|p1a: Talonflame|29\/100\n|-damage|p1b: Rotom|71\/100\n|-unboost|p1a: Talonflame|accuracy|1\n|\n|upkeep\n|turn|3\n|inactive|therealrumpleman has 30 seconds left.\n|\n|t:|1683316972\n|switch|p2a: Flutter Mane|Flutter Mane, L50, shiny|100\/100\n|move|p1a: Talonflame|Taunt|p2b: Gastrodon\n|-start|p2b: Gastrodon|move: Taunt\n|move|p1b: Rotom|Will-O-Wisp|p2a: Flutter Mane\n|-status|p2a: Flutter Mane|brn\n|move|p2b: Gastrodon|Muddy Water|p1a: Talonflame|[spread] p1a\n|-miss|p2b: Gastrodon|p1b: Rotom\n|-supereffective|p1a: Talonflame\n|-damage|p1a: Talonflame|0 fnt\n|faint|p1a: Talonflame\n|\n|-damage|p2a: Flutter Mane|95\/100 brn|[from] brn\n|upkeep\n|\n|t:|1683316992\n|switch|p1a: Great Tusk|Great Tusk, L50, tera:Ground|60\/100\n|turn|4\n|inactive|therealrumpleman has 30 seconds left.\n|\n|t:|1683317022\n|-end|p2a: Flutter Mane|Protosynthesis|[silent]\n|switch|p2a: Corviknight|Corviknight, L50, M, shiny|83\/100\n|move|p1a: Great Tusk|Headlong Rush|p2b: Gastrodon\n|-damage|p2b: Gastrodon|12\/100\n|-unboost|p1a: Great Tusk|def|1\n|-unboost|p1a: Great Tusk|spd|1\n|-enditem|p2b: Gastrodon|Sitrus Berry|[eat]\n|-heal|p2b: Gastrodon|36\/100|[from] item: Sitrus Berry\n|move|p1b: Rotom|Will-O-Wisp|p2b: Gastrodon|[miss]\n|-miss|p1b: Rotom|p2b: Gastrodon\n|move|p2b: Gastrodon|Icy Wind|p1b: Rotom|[spread] p1a,p1b\n|-supereffective|p1a: Great Tusk\n|-resisted|p1b: Rotom\n|-damage|p1a: Great Tusk|15\/100\n|-damage|p1b: Rotom|66\/100\n|-unboost|p1a: Great Tusk|spe|1\n|-unboost|p1b: Rotom|spe|1\n|\n|-sideend|p1: therealrumpleman|move: Tailwind\n|upkeep\n|turn|5\n|inactive|al24088 has 30 seconds left.\n|inactive|therealrumpleman has 30 seconds left.\n|\n|t:|1683317059\n|move|p1a: Great Tusk|Headlong Rush|p2b: Gastrodon\n|-damage|p2b: Gastrodon|0 fnt\n|-unboost|p1a: Great Tusk|def|1\n|-unboost|p1a: Great Tusk|spd|1\n|faint|p2b: Gastrodon\n|move|p2a: Corviknight|Brave Bird|p1a: Great Tusk\n|-damage|p1a: Great Tusk|0 fnt\n|faint|p1a: Great Tusk\n|-end|p1a: Great Tusk|Protosynthesis|[silent]\n|-damage|p2a: Corviknight|79\/100|[from] Recoil\n|move|p1b: Rotom|Thunderbolt|p2a: Corviknight\n|-supereffective|p2a: Corviknight\n|-damage|p2a: Corviknight|10\/100\n|\n|upkeep\n|\n|t:|1683317065\n|switch|p1a: Flutter Mane|Flutter Mane, L50|100\/100\n|switch|p2b: Flutter Mane|Flutter Mane, L50, shiny|95\/100 brn\n|turn|6\n|\n|t:|1683317078\n|move|p1a: Flutter Mane|Shadow Ball|p2b: Flutter Mane\n|-supereffective|p2b: Flutter Mane\n|-damage|p2b: Flutter Mane|0 fnt\n|faint|p2b: Flutter Mane\n|-end|p2b: Flutter Mane|Protosynthesis|[silent]\n|move|p2a: Corviknight|Brave Bird|p1a: Flutter Mane\n|-damage|p1a: Flutter Mane|49\/100\n|-damage|p2a: Corviknight|0 fnt|[from] Recoil\n|faint|p2a: Corviknight\n|\n|win|therealrumpleman\n|raw|therealrumpleman's rating: 1371 → 1397<\/strong> (+26 for winning)\n|raw|al24088's rating: 1472 → 1446<\/strong> (-26 for losing)\n|l|\u2606al24088\n","uploadtime":1683317092,"views":12,"p1id":"therealrumpleman","p2id":"al24088","formatid":"gen9vgc2023regulationc","rating":1397,"private":0,"password":""}