{"id":"gen9vgc2023regulationc-1845848963","p1":"Ryce25","p2":"sejuntest","format":"[Gen 9] VGC 2023 Regulation C","log":"|j|\u2606Ryce25\n|j|\u203dsejuntest\n|t:|1681771083\n|gametype|doubles\n|player|p1|Ryce25|dancer|1158\n|player|p2|sejuntest|2|1174\n|teamsize|p1|6\n|teamsize|p2|6\n|gen|9\n|tier|[Gen 9] VGC 2023 Regulation C\n|rated|\n|rule|Species Clause: Limit one of each Pok\u00e9mon\n|rule|Item Clause: Limit one of each item\n|clearpoke\n|poke|p1|Flutter Mane, L50|\n|poke|p1|Scizor, L50, M|\n|poke|p1|Garchomp, L50, F|\n|poke|p1|Sawsbuck-Winter, L50, F|\n|poke|p1|Chien-Pao, L50|\n|poke|p1|Murkrow, L50, F|\n|poke|p2|Annihilape, L50, M|\n|poke|p2|Maushold, L50|\n|poke|p2|Flutter Mane, L50|\n|poke|p2|Gastrodon, L50, M|\n|poke|p2|Dragonite, L50, M|\n|poke|p2|Gothitelle, L50, F|\n|teampreview|4\nsejuntest has agreed to open team sheets.\n|inactive|Battle timer is ON: inactive players will automatically lose when time's up. (requested by sejuntest)\n|inactive|Ryce25 has 60 seconds left.\n|\n|t:|1681771165\n|start\n|switch|p1a: Garchomp|Garchomp, L50, F|100\/100\n|switch|p1b: Flutter Mane|Flutter Mane, L50|100\/100\n|switch|p2a: Dragonite|Dragonite, L50, M|100\/100\n|switch|p2b: Gothitelle|Gothitelle, L50, F|100\/100\n|-enditem|p1b: Flutter Mane|Booster Energy\n|-activate|p1b: Flutter Mane|ability: Protosynthesis|[fromitem]\n|-start|p1b: Flutter Mane|protosynthesisspa\n|turn|1\n|inactive|Ryce25 has 30 seconds left.\n|\n|t:|1681771194\n|-terastallize|p2a: Dragonite|Flying\n|move|p2b: Gothitelle|Fake Out|p1a: Garchomp\n|-damage|p1a: Garchomp|96\/100\n|-damage|p2b: Gothitelle|88\/100|[from] ability: Rough Skin|[of] p1a: Garchomp\n|move|p1b: Flutter Mane|Moonblast|p2a: Dragonite\n|-damage|p2a: Dragonite|39\/100\n|-unboost|p2a: Dragonite|spa|1\n|cant|p1a: Garchomp|flinch\n|move|p2a: Dragonite|Dragon Dance|p2a: Dragonite\n|-boost|p2a: Dragonite|atk|1\n|-boost|p2a: Dragonite|spe|1\n|\n|upkeep\n|turn|2\n|\n|t:|1681771214\n|-terastallize|p1a: Garchomp|Ground\n|move|p1b: Flutter Mane|Shadow Ball|p2b: Gothitelle\n|-supereffective|p2b: Gothitelle\n|-enditem|p2b: Gothitelle|Kasib Berry|[eat]\n|-enditem|p2b: Gothitelle|Kasib Berry|[weaken]\n|-damage|p2b: Gothitelle|49\/100\n|-unboost|p2b: Gothitelle|spd|1\n|move|p1a: Garchomp|Rock Slide|p2a: Dragonite|[spread] p2a,p2b\n|-supereffective|p2a: Dragonite\n|-damage|p2a: Dragonite|0 fnt\n|-damage|p2b: Gothitelle|20\/100\n|faint|p2a: Dragonite\n|move|p2b: Gothitelle|Trick Room|p2b: Gothitelle\n|-fieldstart|move: Trick Room|[of] p2b: Gothitelle\n|\n|upkeep\n|\n|t:|1681771227\n|switch|p2a: Gastrodon|Gastrodon, L50, M|100\/100\n|turn|3\n|inactive|Ryce25 has 30 seconds left.\n|\n|t:|1681771256\n|-end|p1b: Flutter Mane|Protosynthesis|[silent]\n|switch|p1b: Sawsbuck|Sawsbuck-Winter, L50, F|100\/100\n|move|p2a: Gastrodon|Ice Beam|p1a: Garchomp\n|-supereffective|p1a: Garchomp\n|-damage|p1a: Garchomp|53\/100\n|move|p2b: Gothitelle|Psychic|p1a: Garchomp\n|-damage|p1a: Garchomp|19\/100\n|move|p1a: Garchomp|Rock Slide|p2b: Gothitelle|[spread] p2a,p2b\n|-resisted|p2a: Gastrodon\n|-damage|p2a: Gastrodon|84\/100\n|-damage|p2b: Gothitelle|0 fnt\n|faint|p2b: Gothitelle\n|\n|upkeep\n|\n|t:|1681771274\n|switch|p2b: Flutter Mane|Flutter Mane, L50|100\/100\n|-enditem|p2b: Flutter Mane|Booster Energy\n|-activate|p2b: Flutter Mane|ability: Protosynthesis|[fromitem]\n|-start|p2b: Flutter Mane|protosynthesisspa\n|turn|4\n|\n|t:|1681771298\n|switch|p1a: Scizor|Scizor, L50, M|100\/100\n|move|p2a: Gastrodon|Protect|p2a: Gastrodon\n|-singleturn|p2a: Gastrodon|Protect\n|move|p1b: Sawsbuck|Horn Leech|p2a: Gastrodon\n|-activate|p2a: Gastrodon|move: Protect\n|move|p2b: Flutter Mane|Dazzling Gleam|p1a: Scizor|[spread] p1a,p1b\n|-resisted|p1a: Scizor\n|-damage|p1a: Scizor|77\/100\n|-damage|p1b: Sawsbuck|52\/100\n|\n|-heal|p1a: Scizor|83\/100|[from] item: Leftovers\n|upkeep\n|turn|5\n|\n|t:|1681771320\n|move|p2b: Flutter Mane|Protect|p2b: Flutter Mane\n|-singleturn|p2b: Flutter Mane|Protect\n|move|p1a: Scizor|Bullet Punch|p2b: Flutter Mane\n|-activate|p2b: Flutter Mane|move: Protect\n|move|p2a: Gastrodon|Ice Beam|p1b: Sawsbuck\n|-supereffective|p1b: Sawsbuck\n|-damage|p1b: Sawsbuck|5\/100\n|-status|p1b: Sawsbuck|frz\n|-enditem|p1b: Sawsbuck|Lum Berry|[eat]\n|-curestatus|p1b: Sawsbuck|frz|[msg]\n|move|p1b: Sawsbuck|Horn Leech|p2a: Gastrodon\n|-supereffective|p2a: Gastrodon\n|-damage|p2a: Gastrodon|0 fnt\n|-heal|p1b: Sawsbuck|56\/100|[from] drain|[of] p2a: Gastrodon\n|faint|p2a: Gastrodon\n|\n|-heal|p1a: Scizor|89\/100|[from] item: Leftovers\n|upkeep\n|turn|6\n|-message|sejuntest forfeited.\n|\n|win|Ryce25\n|raw|Ryce25's rating: 1158 → 1184<\/strong> (+26 for winning)\n|raw|sejuntest's rating: 1174 → 1148<\/strong> (-26 for losing)\n|l|\u203dsejuntest\n","uploadtime":1681771356,"views":5,"p1id":"ryce25","p2id":"sejuntest","formatid":"gen9vgc2023regulationc","rating":1148,"private":0,"password":""}