{"id":"gen9vgc2023regulationc-1851120132","p1":"Sourav Dey","p2":"SumoVGC","format":"[Gen 9] VGC 2023 Regulation C","log":"|j|\u2606Sourav Dey\n|j|\u2606SumoVGC\n|t:|1682412555\n|gametype|doubles\n|player|p1|Sourav Dey|youngster-gen4dp|1132\n|player|p2|SumoVGC|1|1174\n|teamsize|p1|6\n|teamsize|p2|6\n|gen|9\n|tier|[Gen 9] VGC 2023 Regulation C\n|rated|\n|rule|Species Clause: Limit one of each Pok\u00e9mon\n|rule|Item Clause: Limit one of each item\n|clearpoke\n|poke|p1|Dragonite, L50, M|\n|poke|p1|Sableye, L50, F|\n|poke|p1|Barraskewda, L50, M|\n|poke|p1|Chien-Pao, L50|\n|poke|p1|Drednaw, L50, F|\n|poke|p1|Great Tusk, L50|\n|poke|p2|Brute Bonnet, L50|\n|poke|p2|Arcanine, L50, F|\n|poke|p2|Talonflame, L50, M|\n|poke|p2|Great Tusk, L50|\n|poke|p2|Chien-Pao, L50|\n|poke|p2|Dragonite, L50, F|\n|teampreview|4\n|inactive|Battle timer is ON: inactive players will automatically lose when time's up. (requested by SumoVGC)\nSumoVGC has agreed to open team sheets.\n|inactive|Sourav Dey has 60 seconds left.\n|inactive|SumoVGC has 60 seconds left.\n|\n|t:|1682412603\n|start\n|switch|p1a: Sableye|Sableye, L50, F|100\/100\n|switch|p1b: Barraskewda|Barraskewda, L50, M|100\/100\n|switch|p2a: Brute Bonnet|Brute Bonnet, L50|100\/100\n|switch|p2b: Talonflame|Talonflame, L50, M|100\/100\n|turn|1\n|inactive|Sourav Dey has 30 seconds left.\n|inactive|Sourav Dey has 20 seconds left.\n|\n|t:|1682412639\n|move|p1b: Barraskewda|Protect|p1b: Barraskewda\n|-singleturn|p1b: Barraskewda|Protect\n|move|p1a: Sableye|Thunder Wave|p2b: Talonflame\n|-status|p2b: Talonflame|par\n|move|p2b: Talonflame|Taunt|p1a: Sableye\n|-start|p1a: Sableye|move: Taunt\n|move|p2a: Brute Bonnet|Bullet Seed|p1b: Barraskewda\n|-activate|p1b: Barraskewda|move: Protect\n|\n|upkeep\n|turn|2\n|inactive|Sourav Dey has 30 seconds left.\n|inactive|Sourav Dey has 20 seconds left.\n|inactive|Sourav Dey has 15 seconds left.\n|\n|t:|1682412682\n|switch|p1a: Dragonite|Dragonite, L50, M|100\/100\n|cant|p2b: Talonflame|par\n|move|p1b: Barraskewda|Close Combat|p2a: Brute Bonnet\n|-supereffective|p2a: Brute Bonnet\n|-damage|p2a: Brute Bonnet|32\/100\n|-unboost|p1b: Barraskewda|def|1\n|-unboost|p1b: Barraskewda|spd|1\n|move|p2a: Brute Bonnet|Bullet Seed|p1b: Barraskewda\n|-supereffective|p1b: Barraskewda\n|-damage|p1b: Barraskewda|29\/100\n|-supereffective|p1b: Barraskewda\n|-damage|p1b: Barraskewda|0 fnt\n|faint|p1b: Barraskewda\n|-hitcount|p1: Barraskewda|2\n|\n|upkeep\n|\n|t:|1682412699\n|switch|p1b: Sableye|Sableye, L50, F|100\/100\n|turn|3\n|\n|t:|1682412722\n|-end|p2a: Brute Bonnet|Protosynthesis|[silent]\n|switch|p2a: Chien-Pao|Chien-Pao, L50|100\/100\n|-ability|p2a: Chien-Pao|Sword of Ruin\n|move|p1b: Sableye|Rain Dance|p1b: Sableye\n|-weather|RainDance\n|move|p1a: Dragonite|Hurricane|p2a: Chien-Pao\n|-damage|p2a: Chien-Pao|17\/100\n|move|p2b: Talonflame|Will-O-Wisp|p1a: Dragonite\n|-status|p1a: Dragonite|brn\n|\n|-weather|RainDance|[upkeep]\n|-damage|p1a: Dragonite|94\/100 brn|[from] brn\n|upkeep\n|turn|4\n|\n|t:|1682412745\n|-terastallize|p1a: Dragonite|Steel\n|move|p2b: Talonflame|Tailwind|p2b: Talonflame\n|-sidestart|p2: SumoVGC|move: Tailwind\n|move|p2a: Chien-Pao|Ice Spinner|p1a: Dragonite\n|-resisted|p1a: Dragonite\n|-damage|p1a: Dragonite|65\/100 brn\n|move|p1a: Dragonite|Thunder|p2b: Talonflame\n|-supereffective|p2b: Talonflame\n|-damage|p2b: Talonflame|0 fnt\n|faint|p2b: Talonflame\n|move|p1b: Sableye|Foul Play|p2a: Chien-Pao\n|-resisted|p2a: Chien-Pao\n|-damage|p2a: Chien-Pao|0 fnt\n|faint|p2a: Chien-Pao\n|\n|-weather|RainDance|[upkeep]\n|-damage|p1a: Dragonite|59\/100 brn|[from] brn\n|upkeep\n|\n|t:|1682412753\n|switch|p2a: Brute Bonnet|Brute Bonnet, L50|32\/100\n|switch|p2b: Dragonite|Dragonite, L50, F|100\/100\n|turn|5\n|\n|t:|1682412774\n|move|p1a: Dragonite|Protect|p1a: Dragonite\n|-singleturn|p1a: Dragonite|Protect\n|move|p1b: Sableye|Thunder Wave|p2b: Dragonite\n|-status|p2b: Dragonite|par\n|move|p2a: Brute Bonnet|Bullet Seed|p1b: Sableye\n|-damage|p1b: Sableye|84\/100\n|-damage|p1b: Sableye|69\/100\n|-damage|p1b: Sableye|53\/100\n|-damage|p1b: Sableye|39\/100\n|-damage|p1b: Sableye|23\/100\n|-hitcount|p1b: Sableye|5\n|move|p2b: Dragonite|Stomping Tantrum|p1a: Dragonite\n|-activate|p1a: Dragonite|move: Protect\n|\n|-weather|RainDance|[upkeep]\n|-damage|p1a: Dragonite|53\/100 brn|[from] brn\n|upkeep\n|turn|6\n|inactive|Sourav Dey has 30 seconds left.\n|inactive|SumoVGC has 30 seconds left.\n|inactive|Sourav Dey has 20 seconds left.\n|inactive|SumoVGC has 20 seconds left.\n|inactive|SumoVGC has 15 seconds left.\n|inactive|SumoVGC has 10 seconds left.\n|\n|t:|1682412826\n|move|p2a: Brute Bonnet|Bullet Seed|p1b: Sableye\n|-damage|p1b: Sableye|7\/100\n|-damage|p1b: Sableye|0 fnt\n|faint|p1b: Sableye\n|-hitcount|p1: Sableye|2\n|move|p1a: Dragonite|Draco Meteor|p2b: Dragonite\n|-supereffective|p2b: Dragonite\n|-damage|p2b: Dragonite|59\/100 par\n|-unboost|p1a: Dragonite|spa|2\n|move|p2b: Dragonite|Outrage|p1a: Dragonite\n|-resisted|p1a: Dragonite\n|-damage|p1a: Dragonite|20\/100 brn\n|-enditem|p1a: Dragonite|Sitrus Berry|[eat]\n|-heal|p1a: Dragonite|45\/100 brn|[from] item: Sitrus Berry\n|\n|-weather|RainDance|[upkeep]\n|-damage|p1a: Dragonite|38\/100 brn|[from] brn\n|upkeep\n|\n|t:|1682412844\n|switch|p1b: Drednaw|Drednaw, L50, F|100\/100\n|turn|7\n|inactive|Sourav Dey has 30 seconds left.\n|\n|t:|1682412877\n|move|p1a: Dragonite|Protect|p1a: Dragonite\n|-singleturn|p1a: Dragonite|Protect\n|move|p1b: Drednaw|Ice Spinner|p2b: Dragonite\n|-supereffective|p2b: Dragonite\n|-damage|p2b: Dragonite|0 fnt\n|faint|p2b: Dragonite\n|move|p2a: Brute Bonnet|Spore|p1b: Drednaw\n|-status|p1b: Drednaw|slp|[from] move: Spore\n|\n|-weather|RainDance|[upkeep]\n|-damage|p1a: Dragonite|32\/100 brn|[from] brn\n|-sideend|p2: SumoVGC|move: Tailwind\n|upkeep\n|turn|8\n|\n|t:|1682412896\n|cant|p1b: Drednaw|slp\n|move|p1a: Dragonite|Hurricane|p2a: Brute Bonnet\n|-supereffective|p2a: Brute Bonnet\n|-damage|p2a: Brute Bonnet|0 fnt\n|faint|p2a: Brute Bonnet\n|-end|p2a: Brute Bonnet|Protosynthesis|[silent]\n|\n|win|Sourav Dey\n|raw|Sourav Dey's rating: 1132 → 1160<\/strong> (+28 for winning)\n|raw|SumoVGC's rating: 1174 → 1146<\/strong> (-28 for losing)\n","uploadtime":1682412903,"views":13,"p1id":"souravdey","p2id":"sumovgc","formatid":"gen9vgc2023regulationc","rating":1146,"private":0,"password":""}