{"id":"gen9vgc2023regulationc-1864178066","p1":"Atloy","p2":"drv12","format":"[Gen 9] VGC 2023 Regulation C","log":"|j|\u2606Atloy\n|j|\u2606drv12\n|t:|1684130909\n|gametype|doubles\n|player|p1|Atloy|gambler|1152\n|player|p2|drv12|rosa|1215\n|teamsize|p1|6\n|teamsize|p2|6\n|gen|9\n|tier|[Gen 9] VGC 2023 Regulation C\n|rated|\n|rule|Species Clause: Limit one of each Pok\u00e9mon\n|rule|Item Clause: Limit one of each item\n|clearpoke\n|poke|p1|Volcarona, L50, F|\n|poke|p1|Klefki, L50, M|\n|poke|p1|Corviknight, L50, F|\n|poke|p1|Garchomp, L50, M|\n|poke|p1|Gyarados, L50, F|\n|poke|p1|Annihilape, L50, M|\n|poke|p2|Torkoal, L50, M|\n|poke|p2|Armarouge, L50, M|\n|poke|p2|Pelipper, L50, F|\n|poke|p2|Indeedee, L50, M|\n|poke|p2|Gallade, L50, M|\n|poke|p2|Flutter Mane, L50|\n|teampreview|4\n|inactive|Battle timer is ON: inactive players will automatically lose when time's up. (requested by drv12)\n|inactive|Atloy has 60 seconds left.\n|\n|t:|1684130964\n|start\n|switch|p1a: Gyarados|Gyarados, L50, F|100\/100\n|switch|p1b: Garchomp|Garchomp, L50, M|100\/100\n|switch|p2a: Pelipper|Pelipper, L50, F|100\/100\n|switch|p2b: Gallade|Gallade, L50, M|100\/100\n|-weather|RainDance|[from] ability: Drizzle|[of] p2a: Pelipper\n|-ability|p1a: Gyarados|Intimidate|boost\n|-unboost|p2a: Pelipper|atk|1\n|-unboost|p2b: Gallade|atk|1\n|turn|1\n|inactive|drv12 has 30 seconds left.\n|inactive|drv12 has 20 seconds left.\n|inactive|drv12 has 15 seconds left.\n|inactive|drv12 has 10 seconds left.\n|inactive|drv12 has 5 seconds left.\n|\n|t:|1684131016\n|move|p1a: Gyarados|Helping Hand|p1b: Garchomp\n|-singleturn|p1b: Garchomp|Helping Hand|[of] p1a: Gyarados\n|move|p2b: Gallade|Protect|p2b: Gallade\n|-singleturn|p2b: Gallade|Protect\n|move|p1b: Garchomp|Rock Slide|p2b: Gallade|[spread] p2a\n|-activate|p2b: Gallade|move: Protect\n|-supereffective|p2a: Pelipper\n|-damage|p2a: Pelipper|19\/100\n|move|p2a: Pelipper|Tailwind|p2a: Pelipper\n|-sidestart|p2: drv12|move: Tailwind\n|\n|-weather|RainDance|[upkeep]\n|upkeep\n|turn|2\n|\n|t:|1684131037\n|move|p1a: Gyarados|Helping Hand|p1b: Garchomp\n|-singleturn|p1b: Garchomp|Helping Hand|[of] p1a: Gyarados\n|move|p2b: Gallade|Wide Guard|p2b: Gallade\n|-singleturn|p2b: Gallade|Wide Guard\n|move|p1b: Garchomp|Rock Slide|p2b: Gallade|[spread] \n|-activate|p2a: Pelipper|move: Wide Guard\n|-activate|p2b: Gallade|move: Wide Guard\n|move|p2a: Pelipper|Hurricane|p1a: Gyarados\n|-damage|p1a: Gyarados|58\/100\n|\n|-weather|RainDance|[upkeep]\n|upkeep\n|turn|3\n|inactive|Atloy has 30 seconds left.\n|\n|t:|1684131062\n|switch|p1b: Corviknight|Corviknight, L50, F|100\/100\n|move|p2b: Gallade|Protect||[still]\n|-fail|p2b: Gallade\n|move|p2a: Pelipper|Hurricane|p1a: Gyarados\n|-damage|p1a: Gyarados|21\/100\n|move|p1a: Gyarados|Waterfall|p2a: Pelipper\n|-resisted|p2a: Pelipper\n|-damage|p2a: Pelipper|0 fnt\n|faint|p2a: Pelipper\n|\n|-weather|RainDance|[upkeep]\n|upkeep\n|\n|t:|1684131077\n|switch|p2a: Flutter Mane|Flutter Mane, L50|100\/100\n|turn|4\n|inactive|Atloy has 30 seconds left.\n|\n|t:|1684131111\n|move|p1a: Gyarados|Protect|p1a: Gyarados\n|-singleturn|p1a: Gyarados|Protect\n|move|p2a: Flutter Mane|Thunderbolt|p1b: Corviknight\n|-supereffective|p1b: Corviknight\n|-damage|p1b: Corviknight|16\/100\n|move|p2b: Gallade|Psycho Cut|p1a: Gyarados\n|-activate|p1a: Gyarados|move: Protect\n|move|p1b: Corviknight|Bulk Up|p1b: Corviknight\n|-boost|p1b: Corviknight|atk|1\n|-boost|p1b: Corviknight|def|1\n|\n|-weather|RainDance|[upkeep]\n|-sideend|p2: drv12|move: Tailwind\n|upkeep\n|turn|5\n|\n|t:|1684131130\n|move|p1a: Gyarados|Helping Hand|p1b: Corviknight\n|-singleturn|p1b: Corviknight|Helping Hand|[of] p1a: Gyarados\n|move|p2a: Flutter Mane|Thunderbolt|p1a: Gyarados\n|-supereffective|p1a: Gyarados\n|-damage|p1a: Gyarados|0 fnt\n|faint|p1a: Gyarados\n|move|p2b: Gallade|Sacred Sword|p1b: Corviknight\n|-damage|p1b: Corviknight|0 fnt\n|faint|p1b: Corviknight\n|\n|-weather|none\n|upkeep\n|\n|t:|1684131140\n|switch|p1a: Volcarona|Volcarona, L50, F|100\/100\n|switch|p1b: Garchomp|Garchomp, L50, M|100\/100\n|turn|6\n|\n|t:|1684131159\n|-end|p2a: Flutter Mane|Protosynthesis|[silent]\n|switch|p2a: Indeedee|Indeedee, L50, M|100\/100\n|-fieldstart|move: Psychic Terrain|[from] ability: Psychic Surge|[of] p2a: Indeedee\n|-terastallize|p1b: Garchomp|Steel\n|move|p1a: Volcarona|Protect|p1a: Volcarona\n|-singleturn|p1a: Volcarona|Protect\n|move|p2b: Gallade|Protect|p2b: Gallade\n|-singleturn|p2b: Gallade|Protect\n|move|p1b: Garchomp|Earthquake|p2b: Gallade|[spread] p2a\n|-activate|p1a: Volcarona|move: Protect\n|-activate|p2b: Gallade|move: Protect\n|-damage|p2a: Indeedee|23\/100\n|\n|upkeep\n|turn|7\n|inactive|Atloy has 30 seconds left.\n|\n|t:|1684131186\n|move|p2b: Gallade|Wide Guard|p2b: Gallade\n|-singleturn|p2b: Gallade|Wide Guard\n|move|p1b: Garchomp|Earthquake|p2b: Gallade|[spread] p1a\n|-activate|p2a: Indeedee|move: Wide Guard\n|-activate|p2b: Gallade|move: Wide Guard\n|-crit|p1a: Volcarona\n|-damage|p1a: Volcarona|29\/100\n|move|p2a: Indeedee|Psychic|p1a: Volcarona\n|-damage|p1a: Volcarona|0 fnt\n|faint|p1a: Volcarona\n|\n|upkeep\n|turn|8\n|\n|t:|1684131203\n|move|p2b: Gallade|Wide Guard|p2b: Gallade\n|-singleturn|p2b: Gallade|Wide Guard\n|move|p1b: Garchomp|Earthquake|p2b: Gallade|[spread] \n|-activate|p2a: Indeedee|move: Wide Guard\n|-activate|p2b: Gallade|move: Wide Guard\n|move|p2a: Indeedee|Psychic|p1b: Garchomp\n|-resisted|p1b: Garchomp\n|-damage|p1b: Garchomp|66\/100\n|\n|upkeep\n|turn|9\n|\n|t:|1684131212\n|switch|p2a: Flutter Mane|Flutter Mane, L50|100\/100\n|move|p2b: Gallade|Wide Guard|p2b: Gallade\n|-singleturn|p2b: Gallade|Wide Guard\n|move|p1b: Garchomp|Earthquake|p2b: Gallade|[spread] \n|-activate|p2a: Flutter Mane|move: Wide Guard\n|-activate|p2b: Gallade|move: Wide Guard\n|\n|upkeep\n|turn|10\n|c|\u2606Atloy|does wide guyard not fail??\n|\n|t:|1684131227\n|move|p2b: Gallade|Wide Guard|p2b: Gallade\n|-singleturn|p2b: Gallade|Wide Guard\n|move|p1b: Garchomp|Earthquake|p2a: Flutter Mane|[spread] \n|-activate|p2a: Flutter Mane|move: Wide Guard\n|-activate|p2b: Gallade|move: Wide Guard\n|move|p2a: Flutter Mane|Mystical Fire|p1b: Garchomp\n|-supereffective|p1b: Garchomp\n|-damage|p1b: Garchomp|0 fnt\n|faint|p1b: Garchomp\n|\n|win|drv12\n|raw|Atloy's rating: 1152 → 1131<\/strong> (-21 for losing)\n|raw|drv12's rating: 1215 → 1236<\/strong> (+21 for winning)\n|l|\u2606drv12\n","uploadtime":1684131264,"views":8,"p1id":"atloy","p2id":"drv12","formatid":"gen9vgc2023regulationc","rating":1131,"private":0,"password":""}