{"id":"gen9vgc2023regulationc-1849946533","p1":"flameingpigey2","p2":"HeffNastyy","format":"[Gen 9] VGC 2023 Regulation C","log":"|j|\u2606flameingpigey2\n|j|\u2606HeffNastyy\n|t:|1682270985\n|gametype|doubles\n|player|p1|flameingpigey2|hilbert-wonderlauncher|\n|player|p2|HeffNastyy|lance|\n|teamsize|p1|6\n|teamsize|p2|6\n|gen|9\n|tier|[Gen 9] VGC 2023 Regulation C\n|rule|Species Clause: Limit one of each Pok\u00e9mon\n|rule|Item Clause: Limit one of each item\n|clearpoke\n|poke|p1|Garganacl, L50, M|\n|poke|p1|Arcanine, L50, F|\n|poke|p1|Annihilape, L50, M|\n|poke|p1|Iron Hands, L50|\n|poke|p1|Chi-Yu, L50|\n|poke|p1|Iron Bundle, L50|\n|poke|p2|Garchomp, L50, F|\n|poke|p2|Chien-Pao, L50|\n|poke|p2|Talonflame, L50, M|\n|poke|p2|Gyarados, L50, F|\n|poke|p2|Flutter Mane, L50|\n|poke|p2|Iron Hands, L50|\n|teampreview|4\nHeffNastyy has agreed to open team sheets.\n|c|\u2606HeffNastyy|g1\nflameingpigey2 has agreed to open team sheets.\n|j| SirSmokeVGC\n|c|\u2606HeffNastyy|gl hf\n|c|\u2606flameingpigey2|u2\n|\n|t:|1682271101\n|start\n|switch|p1a: Iron Hands|Iron Hands, L50|100\/100\n|switch|p1b: Annihilape|Annihilape, L50, M, shiny|100\/100\n|switch|p2a: Phoenix|Talonflame, L50, M, shiny|100\/100\n|switch|p2b: Lilith|Flutter Mane, L50, shiny|100\/100\n|-enditem|p2b: Lilith|Booster Energy\n|-activate|p2b: Lilith|ability: Protosynthesis|[fromitem]\n|-start|p2b: Lilith|protosynthesisspa\n|turn|1\n|\n|t:|1682271180\n|switch|p1b: Garganacl|Garganacl, L50, M|100\/100\n|-terastallize|p2b: Lilith|Fairy\n|move|p2a: Phoenix|Tailwind|p2a: Phoenix\n|-sidestart|p2: HeffNastyy|move: Tailwind\n|move|p2b: Lilith|Dazzling Gleam|p1b: Garganacl|[spread] p1a,p1b\n|-supereffective|p1a: Iron Hands\n|-damage|p1a: Iron Hands|45\/100\n|-damage|p1b: Garganacl|64\/100\n|move|p1a: Iron Hands|Wild Charge|p2b: Lilith\n|-damage|p2b: Lilith|23\/100\n|-damage|p1a: Iron Hands|33\/100|[from] Recoil\n|\n|-heal|p1b: Garganacl|70\/100|[from] item: Leftovers\n|upkeep\n|turn|2\n|\n|t:|1682271224\n|switch|p2a: Chompa|Garchomp, L50, F, shiny|100\/100\n|-end|p1a: Iron Hands|Quark Drive|[silent]\n|switch|p1a: Arcanine|Arcanine, L50, F|100\/100\n|-ability|p1a: Arcanine|Intimidate|boost\n|-unboost|p2a: Chompa|atk|1\n|-unboost|p2b: Lilith|atk|1\n|move|p1b: Garganacl|Protect|p1b: Garganacl\n|-singleturn|p1b: Garganacl|Protect\n|move|p2b: Lilith|Moonblast|p1a: Arcanine\n|-resisted|p1a: Arcanine\n|-damage|p1a: Arcanine|59\/100\n|-unboost|p1a: Arcanine|spa|1\n|\n|-heal|p1b: Garganacl|75\/100|[from] item: Leftovers\n|upkeep\n|turn|3\n|\n|t:|1682271261\n|move|p2b: Lilith|Protect|p2b: Lilith\n|-singleturn|p2b: Lilith|Protect\n|move|p1b: Garganacl|Wide Guard|p1b: Garganacl\n|-singleturn|p1b: Garganacl|Wide Guard\n|move|p1a: Arcanine|Extreme Speed|p2b: Lilith\n|-activate|p2b: Lilith|move: Protect\n|move|p2a: Chompa|Earthquake|p1a: Arcanine|[spread] \n|-activate|p1a: Arcanine|move: Wide Guard\n|-activate|p1b: Garganacl|move: Wide Guard\n|-activate|p2b: Lilith|move: Protect\n|\n|-heal|p1b: Garganacl|81\/100|[from] item: Leftovers\n|upkeep\n|turn|4\n|\n|t:|1682271313\n|-end|p2b: Lilith|Protosynthesis|[silent]\n|switch|p2b: Phoenix|Talonflame, L50, M, shiny|100\/100\n|move|p1a: Arcanine|Extreme Speed|p2b: Phoenix\n|-damage|p2b: Phoenix|72\/100\n|move|p2a: Chompa|Earthquake|p1b: Garganacl|[spread] p1a,p1b\n|-immune|p2b: Phoenix\n|-supereffective|p1a: Arcanine\n|-supereffective|p1b: Garganacl\n|-damage|p1a: Arcanine|0 fnt\n|-damage|p1b: Garganacl|36\/100\n|faint|p1a: Arcanine\n|-damage|p2a: Chompa|91\/100|[from] item: Life Orb\n|move|p1b: Garganacl|Salt Cure|p2b: Phoenix\n|-supereffective|p2b: Phoenix\n|-damage|p2b: Phoenix|0 fnt\n|faint|p2b: Phoenix\n|\n|-heal|p1b: Garganacl|42\/100|[from] item: Leftovers\n|-sideend|p2: HeffNastyy|move: Tailwind\n|upkeep\n|\n|t:|1682271345\n|switch|p2b: Lilith|Flutter Mane, L50, shiny, tera:Fairy|23\/100\n|switch|p1a: Annihilape|Annihilape, L50, M, shiny|100\/100\n|turn|5\n|\n|t:|1682271401\n|move|p1a: Annihilape|Final Gambit|p2a: Chompa\n|-damage|p2a: Chompa|0 fnt\n|faint|p1a: Annihilape\n|faint|p2a: Chompa\n|move|p2b: Lilith|Moonblast|p1b: Garganacl\n|-damage|p1b: Garganacl|0 fnt\n|faint|p1b: Garganacl\n|\n|upkeep\n|\n|t:|1682271410\n|switch|p2a: Riley|Iron Hands, L50|100\/100\n|switch|p1b: Iron Hands|Iron Hands, L50|33\/100\n|turn|6\n|c|\u2606flameingpigey2|gg\n|-message|flameingpigey2 forfeited.\n|\n|win|HeffNastyy\n|l|\u2606flameingpigey2\n|c|\u2606HeffNastyy|gg\n|l| SirSmokeVGC\n","uploadtime":1682272399,"views":10,"p1id":"flameingpigey2","p2id":"heffnastyy","formatid":"gen9vgc2023regulationc","rating":0,"private":0,"password":""}