{"id":"gen9vgc2023regulationc-1859636710","p1":"Topperlecat","p2":"NejiSensei","format":"[Gen 9] VGC 2023 Regulation C","log":"|j|\u2606Topperlecat\n|j|\u2606NejiSensei\n|t:|1683551385\n|gametype|doubles\n|player|p1|Topperlecat|n|1263\n|player|p2|NejiSensei|101|1352\n|teamsize|p1|6\n|teamsize|p2|6\n|gen|9\n|tier|[Gen 9] VGC 2023 Regulation C\n|rated|\n|rule|Species Clause: Limit one of each Pok\u00e9mon\n|rule|Item Clause: Limit one of each item\n|clearpoke\n|poke|p1|Ceruledge, L50, M|\n|poke|p1|Tyranitar, L50, M|\n|poke|p1|Maushold, L50|\n|poke|p1|Flutter Mane, L50|\n|poke|p1|Lycanroc, L50, M|\n|poke|p1|Amoonguss, L50, M|\n|poke|p2|Iron Hands, L50|\n|poke|p2|Palafin, L50, M|\n|poke|p2|Arcanine, L50, F|\n|poke|p2|Amoonguss, L50, F|\n|poke|p2|Flutter Mane, L50|\n|poke|p2|Gastrodon, L50, M|\n|teampreview|4\n|inactive|Battle timer is ON: inactive players will automatically lose when time's up. (requested by NejiSensei)\nNejiSensei has agreed to open team sheets.\n|\n|t:|1683551425\n|start\n|switch|p1a: haha do it again|Maushold, L50|100\/100\n|switch|p1b: wombo combo|Ceruledge, L50, M|100\/100\n|switch|p2a: Palafin|Palafin, L50, M|100\/100\n|switch|p2b: Iron Hands|Iron Hands, L50|100\/100\n|turn|1\n|inactive|NejiSensei has 30 seconds left.\n|\n|t:|1683551457\n|detailschange|p2a: Palafin|Palafin-Hero, L50, M\n|switch|p2a: Arcanine|Arcanine, L50, F|100\/100\n|-ability|p2a: Arcanine|Intimidate|boost\n|-unboost|p1a: haha do it again|atk|1\n|-fail|p1b: wombo combo|unboost|[from] item: Clear Amulet|[of] p1b: wombo combo\n|move|p1a: haha do it again|Protect|p1a: haha do it again\n|-singleturn|p1a: haha do it again|Protect\n|move|p1b: wombo combo|Protect|p1b: wombo combo\n|-singleturn|p1b: wombo combo|Protect\n|move|p2b: Iron Hands|Swords Dance|p2b: Iron Hands\n|-boost|p2b: Iron Hands|atk|2\n|\n|upkeep\n|turn|2\n|inactive|Topperlecat has 30 seconds left.\n|inactive|NejiSensei has 30 seconds left.\n|inactive|Topperlecat has 20 seconds left.\n|inactive|Topperlecat has 15 seconds left.\n|inactive|Topperlecat has 10 seconds left.\n|inactive|NejiSensei has 20 seconds left.\n|\n|t:|1683551506\n|move|p2a: Arcanine|Flare Blitz|p1a: haha do it again\n|-damage|p1a: haha do it again|49\/100\n|-damage|p2a: Arcanine|83\/100|[from] Recoil\n|move|p1a: haha do it again|Encore|p2b: Iron Hands\n|-start|p2b: Iron Hands|Encore\n|move|p1b: wombo combo|Bitter Blade|p2b: Iron Hands\n|-damage|p2b: Iron Hands|70\/100\n|move|p2b: Iron Hands|Swords Dance|p2b: Iron Hands\n|-boost|p2b: Iron Hands|atk|2\n|\n|upkeep\n|turn|3\n|\n|t:|1683551528\n|switch|p2a: Palafin|Palafin-Hero, L50, M|100\/100\n|-activate|p2a: Palafin|ability: Zero to Hero\n|move|p1a: haha do it again|Protect|p1a: haha do it again\n|-singleturn|p1a: haha do it again|Protect\n|move|p1b: wombo combo|Bitter Blade|p2b: Iron Hands\n|-damage|p2b: Iron Hands|39\/100\n|move|p2b: Iron Hands|Swords Dance|p2b: Iron Hands\n|-boost|p2b: Iron Hands|atk|2\n|\n|upkeep\n|turn|4\n|\n|t:|1683551549\n|switch|p1a: sus amirite|Amoonguss, L50, M|100\/100\n|-terastallize|p1b: wombo combo|Grass\n|move|p2a: Palafin|Jet Punch|p1b: wombo combo\n|-resisted|p1b: wombo combo\n|-damage|p1b: wombo combo|75\/100\n|move|p1b: wombo combo|Tera Blast|p2a: Palafin\n|-supereffective|p2a: Palafin\n|-damage|p2a: Palafin|37\/100\n|move|p2b: Iron Hands|Swords Dance|p2b: Iron Hands\n|-boost|p2b: Iron Hands|atk|0\n|\n|-end|p2b: Iron Hands|Encore\n|upkeep\n|turn|5\n|\n|t:|1683551574\n|switch|p2a: Amoonguss|Amoonguss, L50, F, shiny|100\/100\n|move|p1a: sus amirite|Rage Powder|p1a: sus amirite\n|-singleturn|p1a: sus amirite|move: Rage Powder\n|move|p1b: wombo combo|Bitter Blade|p2b: Iron Hands\n|-damage|p2b: Iron Hands|12\/100\n|-heal|p1b: wombo combo|94\/100|[from] drain|[of] p2b: Iron Hands\n|move|p2b: Iron Hands|Drain Punch|p1b: wombo combo\n|-damage|p1b: wombo combo|0 fnt\n|-heal|p2b: Iron Hands|47\/100|[from] drain|[of] p1b: wombo combo\n|faint|p1b: wombo combo\n|\n|upkeep\n|\n|t:|1683551590\n|switch|p1b: weezer|Flutter Mane, L50|100\/100\n|-enditem|p1b: weezer|Booster Energy\n|-activate|p1b: weezer|ability: Protosynthesis|[fromitem]\n|-start|p1b: weezer|protosynthesisspa\n|turn|6\n|\n|t:|1683551599\n|switch|p1a: haha do it again|Maushold, L50|49\/100\n|-terastallize|p2b: Iron Hands|Fire\n|move|p1b: weezer|Moonblast|p2b: Iron Hands\n|-resisted|p2b: Iron Hands\n|-damage|p2b: Iron Hands|22\/100\n|move|p2b: Iron Hands|Drain Punch|p1a: haha do it again\n|-supereffective|p1a: haha do it again\n|-damage|p1a: haha do it again|0 fnt\n|-heal|p2b: Iron Hands|40\/100|[from] drain|[of] p1a: haha do it again\n|faint|p1a: haha do it again\n|move|p2a: Amoonguss|Spore|p1b: weezer\n|-status|p1b: weezer|slp|[from] move: Spore\n|\n|upkeep\n|\n|t:|1683551612\n|switch|p1a: sus amirite|Amoonguss, L50, M|100\/100\n|turn|7\n|-message|Topperlecat forfeited.\n|\n|win|NejiSensei\n|raw|Topperlecat's rating: 1263 → 1244<\/strong> (-19 for losing)\n|raw|NejiSensei's rating: 1352 → 1367<\/strong> (+15 for winning)\n","uploadtime":1683551623,"views":3,"p1id":"topperlecat","p2id":"nejisensei","formatid":"gen9vgc2023regulationc","rating":1244,"private":0,"password":""}