{"id":"gen9vgc2023regulationc-1857118597","p1":"NicoHaxVGC","p2":"esoteric5","format":"[Gen 9] VGC 2023 Regulation C","log":"|j|\u2606NicoHaxVGC\n|j|\u2606esoteric5\n|t:|1683147646\n|gametype|doubles\n|player|p1|NicoHaxVGC|red|1343\n|player|p2|esoteric5|riley|1351\n|teamsize|p1|6\n|teamsize|p2|6\n|gen|9\n|tier|[Gen 9] VGC 2023 Regulation C\n|rated|\n|rule|Species Clause: Limit one of each Pok\u00e9mon\n|rule|Item Clause: Limit one of each item\n|clearpoke\n|poke|p1|Corviknight, L50, F|\n|poke|p1|Ting-Lu, L50|\n|poke|p1|Annihilape, L50, M|\n|poke|p1|Maushold, L50|\n|poke|p1|Iron Bundle, L50|\n|poke|p1|Flutter Mane, L50|\n|poke|p2|Glimmora, L50, M|\n|poke|p2|Garganacl, L50, F|\n|poke|p2|Dondozo, L50, F|\n|poke|p2|Tatsugiri, L50, M|\n|poke|p2|Gholdengo, L50|\n|poke|p2|Tyranitar, L50, F|\n|teampreview|4\n|inactive|Battle timer is ON: inactive players will automatically lose when time's up. (requested by NicoHaxVGC)\n|inactive|NicoHaxVGC has 60 seconds left.\n|\n|t:|1683147690\n|start\n|switch|p1a: Robin|Annihilape, L50, M|100\/100\n|switch|p1b: Maushold|Maushold, L50|100\/100\n|switch|p2a: Glimmora|Glimmora, L50, M|100\/100\n|switch|p2b: Dondozo|Dondozo, L50, F|100\/100\n|turn|1\n|\n|t:|1683147701\n|switch|p2a: Tatsugiri|Tatsugiri, L50, M|100\/100\n|-activate|p2a: Tatsugiri|ability: Commander|[of] p2b: Dondozo\n|-boost|p2b: Dondozo|atk|2\n|-boost|p2b: Dondozo|spa|2\n|-boost|p2b: Dondozo|spe|2\n|-boost|p2b: Dondozo|def|2\n|-boost|p2b: Dondozo|spd|2\n|-terastallize|p2b: Dondozo|Flying\n|move|p1b: Maushold|Beat Up|p1a: Robin\n|-damage|p1a: Robin|99\/100\n|-damage|p1a: Robin|97\/100\n|-damage|p1a: Robin|95\/100\n|-damage|p1a: Robin|93\/100\n|-hitcount|p1a: Robin|4\n|move|p2b: Dondozo|Tera Blast|p1a: Robin\n|-supereffective|p1a: Robin\n|-damage|p1a: Robin|0 fnt\n|faint|p1a: Robin\n|\n|upkeep\n|inactive|NicoHaxVGC has 30 seconds left.\n|\n|t:|1683147733\n|switch|p1a: Raven|Corviknight, L50, F|100\/100\n|turn|2\n|\n|t:|1683147743\n|move|p1b: Maushold|Super Fang|p2b: Dondozo\n|-damage|p2b: Dondozo|51\/100\n|move|p2b: Dondozo|Tera Blast|p1b: Maushold\n|-damage|p1b: Maushold|21\/100\n|move|p1a: Raven|Iron Head|p2b: Dondozo\n|-damage|p2b: Dondozo|41\/100\n|\n|upkeep\n|turn|3\n|\n|t:|1683147758\n|move|p1b: Maushold|Protect|p1b: Maushold\n|-singleturn|p1b: Maushold|Protect\n|move|p2b: Dondozo|Tera Blast|p1b: Maushold\n|-activate|p1b: Maushold|move: Protect\n|move|p1a: Raven|Tailwind|p1a: Raven\n|-sidestart|p1: NicoHaxVGC|move: Tailwind\n|\n|upkeep\n|turn|4\n|\n|t:|1683147771\n|move|p2b: Dondozo|Protect|p2b: Dondozo\n|-singleturn|p2b: Dondozo|Protect\n|move|p1b: Maushold|Super Fang|p2b: Dondozo\n|-activate|p2b: Dondozo|move: Protect\n|move|p1a: Raven|Brave Bird|p2b: Dondozo\n|-activate|p2b: Dondozo|move: Protect\n|\n|upkeep\n|turn|5\n|\n|t:|1683147789\n|move|p1b: Maushold|Super Fang|p2b: Dondozo\n|-damage|p2b: Dondozo|21\/100\n|move|p1a: Raven|Brave Bird|p2b: Dondozo\n|-damage|p2b: Dondozo|8\/100\n|-damage|p1a: Raven|95\/100|[from] Recoil\n|move|p2b: Dondozo|Rest|p2b: Dondozo\n|-status|p2b: Dondozo|slp|[from] move: Rest\n|-heal|p2b: Dondozo|100\/100 slp|[silent]\n|-enditem|p2b: Dondozo|Chesto Berry|[eat]\n|-curestatus|p2b: Dondozo|slp|[msg]\n|\n|upkeep\n|turn|6\n|\n|t:|1683147805\n|move|p2b: Dondozo|Protect|p2b: Dondozo\n|-singleturn|p2b: Dondozo|Protect\n|move|p1b: Maushold|Super Fang|p2b: Dondozo\n|-activate|p2b: Dondozo|move: Protect\n|move|p1a: Raven|Iron Head|p2b: Dondozo\n|-activate|p2b: Dondozo|move: Protect\n|\n|-sideend|p1: NicoHaxVGC|move: Tailwind\n|upkeep\n|turn|7\n|\n|t:|1683147813\n|move|p1b: Maushold|Protect|p1b: Maushold\n|-singleturn|p1b: Maushold|Protect\n|move|p2b: Dondozo|Wave Crash|p1a: Raven\n|-damage|p1a: Raven|38\/100\n|-damage|p2b: Dondozo|86\/100|[from] Recoil\n|move|p1a: Raven|Tailwind|p1a: Raven\n|-sidestart|p1: NicoHaxVGC|move: Tailwind\n|\n|upkeep\n|turn|8\n|\n|t:|1683147824\n|move|p2b: Dondozo|Protect|p2b: Dondozo\n|-singleturn|p2b: Dondozo|Protect\n|move|p1b: Maushold|Super Fang|p2b: Dondozo\n|-activate|p2b: Dondozo|move: Protect\n|move|p1a: Raven|Roost|p1a: Raven\n|-heal|p1a: Raven|88\/100\n|-singleturn|p1a: Raven|move: Roost\n|\n|upkeep\n|turn|9\n|\n|t:|1683147837\n|move|p1b: Maushold|Super Fang|p2b: Dondozo|[miss]\n|-miss|p1b: Maushold|p2b: Dondozo\n|move|p1a: Raven|Iron Head|p2b: Dondozo\n|-damage|p2b: Dondozo|76\/100\n|move|p2b: Dondozo|Tera Blast|p1b: Maushold\n|-crit|p1b: Maushold\n|-damage|p1b: Maushold|0 fnt\n|faint|p1b: Maushold\n|\n|upkeep\n|\n|t:|1683147844\n|switch|p1b: Beast boy|Ting-Lu, L50|100\/100\n|-ability|p1b: Beast boy|Vessel of Ruin\n|turn|10\n|\n|t:|1683147859\n|move|p2b: Dondozo|Protect|p2b: Dondozo\n|-singleturn|p2b: Dondozo|Protect\n|move|p1a: Raven|Iron Head|p2b: Dondozo\n|-activate|p2b: Dondozo|move: Protect\n|move|p1b: Beast boy|Ruination|p2b: Dondozo\n|-activate|p2b: Dondozo|move: Protect\n|\n|-sideend|p1: NicoHaxVGC|move: Tailwind\n|upkeep\n|turn|11\n|\n|t:|1683147871\n|move|p2b: Dondozo|Wave Crash|p1b: Beast boy\n|-supereffective|p1b: Beast boy\n|-damage|p1b: Beast boy|12\/100\n|-damage|p2b: Dondozo|49\/100|[from] Recoil\n|move|p1a: Raven|Tailwind|p1a: Raven\n|-sidestart|p1: NicoHaxVGC|move: Tailwind\n|move|p1b: Beast boy|Ruination|p2b: Dondozo\n|-damage|p2b: Dondozo|25\/100\n|\n|upkeep\n|turn|12\n|\n|t:|1683147884\n|move|p2b: Dondozo|Protect|p2b: Dondozo\n|-singleturn|p2b: Dondozo|Protect\n|move|p1a: Raven|Iron Head|p2b: Dondozo\n|-activate|p2b: Dondozo|move: Protect\n|move|p1b: Beast boy|Rock Slide|p2a: Tatsugiri|[spread] \n|-miss|p1b: Beast boy|p2a: Tatsugiri\n|-activate|p2b: Dondozo|move: Protect\n|\n|upkeep\n|turn|13\n|\n|t:|1683147896\n|move|p1a: Raven|Iron Head|p2b: Dondozo\n|-damage|p2b: Dondozo|16\/100\n|move|p1b: Beast boy|Rock Slide|p2b: Dondozo|[spread] p2b\n|-miss|p1b: Beast boy|p2a: Tatsugiri\n|-supereffective|p2b: Dondozo\n|-damage|p2b: Dondozo|7\/100\n|cant|p2b: Dondozo|flinch\n|\n|upkeep\n|turn|14\n|\n|t:|1683147909\n|move|p2b: Dondozo|Protect|p2b: Dondozo\n|-singleturn|p2b: Dondozo|Protect\n|move|p1a: Raven|Iron Head|p2b: Dondozo\n|-activate|p2b: Dondozo|move: Protect\n|move|p1b: Beast boy|Rock Slide|p2a: Tatsugiri|[spread] \n|-miss|p1b: Beast boy|p2a: Tatsugiri\n|-activate|p2b: Dondozo|move: Protect\n|\n|-sideend|p1: NicoHaxVGC|move: Tailwind\n|upkeep\n|turn|15\n|\n|t:|1683147929\n|move|p2b: Dondozo|Wave Crash|p1b: Beast boy\n|-supereffective|p1b: Beast boy\n|-damage|p1b: Beast boy|0 fnt\n|faint|p1b: Beast boy\n|-damage|p2b: Dondozo|4\/100|[from] Recoil\n|move|p1a: Raven|Brave Bird|p2b: Dondozo\n|-damage|p2b: Dondozo|0 fnt\n|faint|p2b: Dondozo\n|-damage|p1a: Raven|87\/100|[from] Recoil\n|\n|upkeep\n|\n|t:|1683147932\n|switch|p2b: Gholdengo|Gholdengo, L50|100\/100\n|turn|16\n|\n|t:|1683147939\n|-terastallize|p1a: Raven|Fire\n|move|p2b: Gholdengo|Thunderbolt|p1a: Raven\n|-damage|p1a: Raven|58\/100\n|move|p1a: Raven|Brave Bird|p2a: Tatsugiri\n|-damage|p2a: Tatsugiri|42\/100\n|-enditem|p2a: Tatsugiri|Sitrus Berry|[eat]\n|-heal|p2a: Tatsugiri|67\/100|[from] item: Sitrus Berry\n|-damage|p1a: Raven|41\/100|[from] Recoil\n|move|p2a: Tatsugiri|Icy Wind|p1a: Raven\n|-resisted|p1a: Raven\n|-damage|p1a: Raven|33\/100\n|-ability|p1a: Raven|Mirror Armor\n|-unboost|p2a: Tatsugiri|spe|1\n|\n|upkeep\n|turn|17\n|\n|t:|1683147956\n|move|p2b: Gholdengo|Thunderbolt|p1a: Raven\n|-damage|p1a: Raven|6\/100\n|-status|p1a: Raven|par\n|-enditem|p1a: Raven|Lum Berry|[eat]\n|-curestatus|p1a: Raven|par|[msg]\n|move|p1a: Raven|Roost|p1a: Raven\n|-heal|p1a: Raven|56\/100\n|move|p2a: Tatsugiri|Dragon Pulse|p1a: Raven\n|-damage|p1a: Raven|19\/100\n|\n|upkeep\n|turn|18\n|\n|t:|1683147969\n|move|p2b: Gholdengo|Thunderbolt|p1a: Raven\n|-damage|p1a: Raven|0 fnt\n|faint|p1a: Raven\n|\n|win|esoteric5\n|raw|NicoHaxVGC's rating: 1343 → 1323<\/strong> (-20 for losing)\n|raw|esoteric5's rating: 1351 → 1371<\/strong> (+20 for winning)\n|c|\u2606esoteric5|gg\n|c|\u2606NicoHaxVGC|gg\n|l|\u2606esoteric5\n","uploadtime":1683147978,"views":14,"p1id":"nicohaxvgc","p2id":"esoteric5","formatid":"gen9vgc2023regulationc","rating":1323,"private":0,"password":""}