{"id":"gen9vgc2023regulationc-1855138785","p1":"Pkfns","p2":"SeveralNonSense","format":"[Gen 9] VGC 2023 Regulation C","log":"|j|\u2606Pkfns\n|j|\u2606SeveralNonSense\n|t:|1682905997\n|gametype|doubles\n|player|p1|Pkfns|pokemaniac|1211\n|player|p2|SeveralNonSense|guitarist|1209\n|teamsize|p1|6\n|teamsize|p2|6\n|gen|9\n|tier|[Gen 9] VGC 2023 Regulation C\n|rated|\n|rule|Species Clause: Limit one of each Pok\u00e9mon\n|rule|Item Clause: Limit one of each item\n|clearpoke\n|poke|p1|Ting-Lu, L50|\n|poke|p1|Annihilape, L50, M|\n|poke|p1|Maushold, L50|\n|poke|p1|Flutter Mane, L50|\n|poke|p1|Amoonguss, L50, F|\n|poke|p1|Arcanine, L50, M|\n|poke|p2|Iron Bundle, L50|\n|poke|p2|Arcanine, L50, F|\n|poke|p2|Iron Hands, L50|\n|poke|p2|Gholdengo, L50|\n|poke|p2|Roaring Moon, L50|\n|poke|p2|Clodsire, L50, F|\n|teampreview|4\nPkfns has agreed to open team sheets.\n|c|\u2606Pkfns|Glhf\nSeveralNonSense has agreed to open team sheets.\n|inactive|Battle timer is ON: inactive players will automatically lose when time's up. (requested by SeveralNonSense)\n|\n|t:|1682906034\n|start\n|switch|p1a: Maushold|Maushold, L50, shiny|100\/100\n|switch|p1b: Annihilape|Annihilape, L50, M|100\/100\n|switch|p2a: Iron Bundle|Iron Bundle, L50|100\/100\n|switch|p2b: Gholdengo|Gholdengo, L50|100\/100\n|turn|1\n|inactive|SeveralNonSense has 30 seconds left.\n|\n|t:|1682906060\n|move|p2b: Gholdengo|Protect|p2b: Gholdengo\n|-singleturn|p2b: Gholdengo|Protect\n|move|p2a: Iron Bundle|Icy Wind|p1a: Maushold|[spread] p1a,p1b\n|-damage|p1a: Maushold|74\/100\n|-damage|p1b: Annihilape|87\/100\n|-unboost|p1a: Maushold|spe|1\n|-unboost|p1b: Annihilape|spe|1\n|-ability|p1b: Annihilape|Defiant|boost\n|-boost|p1b: Annihilape|atk|2\n|move|p1a: Maushold|Beat Up|p1b: Annihilape\n|-damage|p1b: Annihilape|85\/100\n|-damage|p1b: Annihilape|83\/100\n|-damage|p1b: Annihilape|80\/100\n|-damage|p1b: Annihilape|78\/100\n|-hitcount|p1b: Annihilape|4\n|move|p1b: Annihilape|Rage Fist|p2b: Gholdengo\n|-activate|p2b: Gholdengo|move: Protect\n|\n|upkeep\n|turn|2\n|inactive|Pkfns has 30 seconds left.\n|inactive|SeveralNonSense has 30 seconds left.\n|\n|t:|1682906091\n|switch|p2b: Roaring Moon|Roaring Moon, L50|100\/100\n|-enditem|p2b: Roaring Moon|Booster Energy\n|-activate|p2b: Roaring Moon|ability: Protosynthesis|[fromitem]\n|-start|p2b: Roaring Moon|protosynthesisatk\n|move|p1a: Maushold|Follow Me|p1a: Maushold\n|-singleturn|p1a: Maushold|move: Follow Me\n|move|p2a: Iron Bundle|Hydro Pump|p1a: Maushold\n|-damage|p1a: Maushold|10\/100\n|move|p1b: Annihilape|Drain Punch|p2a: Iron Bundle\n|-supereffective|p2a: Iron Bundle\n|-enditem|p2a: Iron Bundle|Focus Sash\n|-damage|p2a: Iron Bundle|1\/100\n|-heal|p1b: Annihilape|100\/100|[from] drain|[of] p2a: Iron Bundle\n|\n|upkeep\n|turn|3\n|inactive|Pkfns has 30 seconds left.\n|\n|t:|1682906118\n|-terastallize|p1b: Annihilape|Water\n|move|p1a: Maushold|Protect|p1a: Maushold\n|-singleturn|p1a: Maushold|Protect\n|move|p2a: Iron Bundle|Icy Wind|p1b: Annihilape|[spread] p1b\n|-activate|p1a: Maushold|move: Protect\n|-resisted|p1b: Annihilape\n|-damage|p1b: Annihilape|94\/100\n|-unboost|p1b: Annihilape|spe|1\n|-ability|p1b: Annihilape|Defiant|boost\n|-boost|p1b: Annihilape|atk|2\n|move|p2b: Roaring Moon|Throat Chop|p1b: Annihilape\n|-damage|p1b: Annihilape|46\/100\n|-start|p1b: Annihilape|Throat Chop|[silent]\n|move|p1b: Annihilape|Rage Fist|p2b: Roaring Moon\n|-resisted|p2b: Roaring Moon\n|-damage|p2b: Roaring Moon|0 fnt\n|faint|p2b: Roaring Moon\n|-end|p2b: Roaring Moon|Protosynthesis|[silent]\n|\n|upkeep\n|\n|t:|1682906134\n|switch|p2b: Iron Hands|Iron Hands, L50|100\/100\n|turn|4\n|\n|t:|1682906155\n|switch|p1a: Arcanine|Arcanine, L50, M|100\/100\n|-ability|p1a: Arcanine|Intimidate|boost\n|-unboost|p2a: Iron Bundle|atk|1\n|-unboost|p2b: Iron Hands|atk|1\n|move|p1b: Annihilape|Protect|p1b: Annihilape\n|-singleturn|p1b: Annihilape|Protect\n|move|p2a: Iron Bundle|Freeze-Dry|p1b: Annihilape\n|-activate|p1b: Annihilape|move: Protect\n|move|p2b: Iron Hands|Swords Dance|p2b: Iron Hands\n|-boost|p2b: Iron Hands|atk|2\n|\n|-end|p1b: Annihilape|Throat Chop|[silent]\n|upkeep\n|turn|5\n|inactive|Pkfns has 30 seconds left.\n|inactive|Pkfns has 20 seconds left.\n|\n|t:|1682906190\n|move|p2a: Iron Bundle|Freeze-Dry|p1b: Annihilape\n|-supereffective|p1b: Annihilape\n|-damage|p1b: Annihilape|0 fnt\n|faint|p1b: Annihilape\n|move|p1a: Arcanine|Flare Blitz|p2a: Iron Bundle\n|-damage|p2a: Iron Bundle|0 fnt\n|faint|p2a: Iron Bundle\n|-end|p2a: Iron Bundle|Quark Drive|[silent]\n|-damage|p1a: Arcanine|99\/100|[from] Recoil\n|move|p2b: Iron Hands|Drain Punch|p1a: Arcanine\n|-damage|p1a: Arcanine|31\/100\n|\n|-heal|p1a: Arcanine|38\/100|[from] item: Leftovers\n|upkeep\n|\n|t:|1682906207\n|switch|p2a: Gholdengo|Gholdengo, L50|100\/100\n|switch|p1b: Maushold|Maushold, L50, shiny|10\/100\n|turn|6\n|\n|t:|1682906224\n|-terastallize|p2a: Gholdengo|Water\n|move|p1b: Maushold|Follow Me|p1b: Maushold\n|-singleturn|p1b: Maushold|move: Follow Me\n|move|p2a: Gholdengo|Make It Rain|p1b: Maushold|[spread] p1a,p1b\n|-resisted|p1a: Arcanine\n|-damage|p1a: Arcanine|10\/100\n|-damage|p1b: Maushold|0 fnt\n|-unboost|p2a: Gholdengo|spa|1\n|faint|p1b: Maushold\n|move|p1a: Arcanine|Flare Blitz|p2a: Gholdengo\n|-resisted|p2a: Gholdengo\n|-damage|p2a: Gholdengo|66\/100\n|-damage|p1a: Arcanine|0 fnt|[from] Recoil\n|faint|p1a: Arcanine\n|move|p2b: Iron Hands|Swords Dance|p2b: Iron Hands\n|-boost|p2b: Iron Hands|atk|2\n|\n|upkeep\n|\n|t:|1682906230\n|switch|p1b: Ting-Lu|Ting-Lu, L50|100\/100\n|-ability|p1b: Ting-Lu|Vessel of Ruin\n|turn|7\n|c|\u2606Pkfns|Gg, well played!\n|\n|t:|1682906246\n|move|p2a: Gholdengo|Make It Rain|p1b: Ting-Lu\n|-damage|p1b: Ting-Lu|74\/100\n|-unboost|p2a: Gholdengo|spa|1\n|move|p2b: Iron Hands|Drain Punch|p1b: Ting-Lu\n|-supereffective|p1b: Ting-Lu\n|-damage|p1b: Ting-Lu|0 fnt\n|faint|p1b: Ting-Lu\n|\n|win|SeveralNonSense\n|raw|Pkfns's rating: 1211 → 1186<\/strong> (-25 for losing)\n|raw|SeveralNonSense's rating: 1209 → 1234<\/strong> (+25 for winning)\n|l|\u2606Pkfns\n|c|\u2606SeveralNonSense|gg\n","uploadtime":1682906267,"views":14,"p1id":"pkfns","p2id":"severalnonsense","formatid":"gen9vgc2023regulationc","rating":1186,"private":0,"password":""}