{"id":"gen9vgc2023regulationc-1846247140","p1":"BlindMagneton","p2":"rayo4817","format":"[Gen 9] VGC 2023 Regulation C","log":"|j|\u2606BlindMagneton\n|j|\u2606rayo4817\n|t:|1681825179\n|gametype|doubles\n|player|p1|BlindMagneton|wattson|1177\n|player|p2|rayo4817|266|1137\n|teamsize|p1|6\n|teamsize|p2|6\n|gen|9\n|tier|[Gen 9] VGC 2023 Regulation C\n|rated|\n|rule|Species Clause: Limit one of each Pok\u00e9mon\n|rule|Item Clause: Limit one of each item\n|clearpoke\n|poke|p1|Iron Bundle, L50|\n|poke|p1|Palafin, L50, F|\n|poke|p1|Ceruledge, L50, F|\n|poke|p1|Grimmsnarl, L50, M|\n|poke|p1|Dachsbun, L50, F|\n|poke|p1|Dragapult, L50, M|\n|poke|p2|Gyarados, L50, F|\n|poke|p2|Amoonguss, L50, M|\n|poke|p2|Chi-Yu, L50|\n|poke|p2|Flutter Mane, L50|\n|poke|p2|Iron Hands, L50|\n|poke|p2|Kingambit, L50, M|\n|teampreview|4\nrayo4817 has agreed to open team sheets.\n|inactive|Battle timer is ON: inactive players will automatically lose when time's up. (requested by rayo4817)\n|inactive|BlindMagneton has 60 seconds left.\n|\n|t:|1681825223\n|start\n|switch|p1a: Grimmsnarl|Grimmsnarl, L50, M|100\/100\n|switch|p1b: Dragapult|Dragapult, L50, M|100\/100\n|switch|p2a: Kingambit|Kingambit, L50, M|100\/100\n|switch|p2b: Gyarados|Gyarados, L50, F|100\/100\n|-ability|p2b: Gyarados|Intimidate|boost\n|-unboost|p1a: Grimmsnarl|atk|1\n|-fail|p1b: Dragapult|unboost|[from] ability: Clear Body|[of] p1b: Dragapult\n|turn|1\n|inactive|BlindMagneton has 30 seconds left.\n|inactive|rayo4817 has 30 seconds left.\n|inactive|rayo4817 has 20 seconds left.\n|\n|t:|1681825260\n|-terastallize|p1b: Dragapult|Fairy\n|move|p1a: Grimmsnarl|Fake Out|p2b: Gyarados\n|-damage|p2b: Gyarados|91\/100\n|move|p1b: Dragapult|Will-O-Wisp|p2a: Kingambit\n|-status|p2a: Kingambit|brn\n|cant|p2b: Gyarados|flinch\n|move|p2a: Kingambit|Iron Head|p1a: Grimmsnarl\n|-supereffective|p1a: Grimmsnarl\n|-damage|p1a: Grimmsnarl|43\/100\n|\n|-damage|p2a: Kingambit|95\/100 brn|[from] brn\n|upkeep\n|turn|2\n|\n|t:|1681825281\n|move|p1a: Grimmsnarl|Swagger|p2b: Gyarados\n|-boost|p2b: Gyarados|atk|2\n|-enditem|p1b: Dragapult|Mirror Herb\n|-boost|p1b: Dragapult|atk|2|[from] item: Mirror Herb\n|-start|p2b: Gyarados|confusion\n|move|p1b: Dragapult|Phantom Force||[still]\n|-prepare|p1b: Dragapult|Phantom Force\n|-activate|p2b: Gyarados|confusion\n|-damage|p2b: Gyarados|67\/100|[from] confusion\n|move|p2a: Kingambit|Iron Head|p1b: Dragapult|[miss]\n|-miss|p2a: Kingambit|p1b: Dragapult\n|\n|-damage|p2a: Kingambit|89\/100 brn|[from] brn\n|upkeep\n|turn|3\n|inactive|rayo4817 has 30 seconds left.\n|\n|t:|1681825308\n|move|p1a: Grimmsnarl|Thunder Wave|p2b: Gyarados\n|-status|p2b: Gyarados|par\n|move|p1b: Dragapult|Phantom Force|p2b: Gyarados|[from]lockedmove\n|-crit|p2b: Gyarados\n|-damage|p2b: Gyarados|0 fnt\n|faint|p2b: Gyarados\n|move|p2a: Kingambit|Iron Head|p1b: Dragapult\n|-supereffective|p1b: Dragapult\n|-damage|p1b: Dragapult|45\/100\n|\n|-damage|p2a: Kingambit|83\/100 brn|[from] brn\n|upkeep\n|\n|t:|1681825319\n|switch|p2b: Iron Hands|Iron Hands, L50|100\/100\n|turn|4\n|\n|t:|1681825340\n|switch|p1b: Ceruledge|Ceruledge, L50, F|100\/100\n|switch|p1a: Dachsbun|Dachsbun, L50, F|100\/100\n|move|p2b: Iron Hands|Fake Out|p1b: Ceruledge\n|-immune|p1b: Ceruledge\n|move|p2a: Kingambit|Iron Head|p1a: Dachsbun\n|-supereffective|p1a: Dachsbun\n|-damage|p1a: Dachsbun|62\/100\n|\n|-damage|p2a: Kingambit|77\/100 brn|[from] brn\n|upkeep\n|turn|5\n|inactive|BlindMagneton has 30 seconds left.\n|inactive|BlindMagneton has 20 seconds left.\n|\n|t:|1681825380\n|-terastallize|p2a: Kingambit|Flying\n|move|p1b: Ceruledge|Protect|p1b: Ceruledge\n|-singleturn|p1b: Ceruledge|Protect\n|move|p1a: Dachsbun|Mud-Slap|p2b: Iron Hands\n|-supereffective|p2b: Iron Hands\n|-damage|p2b: Iron Hands|95\/100\n|-unboost|p2b: Iron Hands|accuracy|1\n|move|p2a: Kingambit|Kowtow Cleave|p1b: Ceruledge\n|-activate|p1b: Ceruledge|move: Protect\n|move|p2b: Iron Hands|Swords Dance|p2b: Iron Hands\n|-boost|p2b: Iron Hands|atk|2\n|\n|-damage|p2a: Kingambit|71\/100 brn|[from] brn\n|upkeep\n|turn|6\n|inactive|BlindMagneton has 30 seconds left.\n|inactive|rayo4817 has 30 seconds left.\n|inactive|BlindMagneton has 20 seconds left.\n|\n|t:|1681825415\n|move|p1a: Dachsbun|Mud-Slap|p2b: Iron Hands\n|-supereffective|p2b: Iron Hands\n|-damage|p2b: Iron Hands|90\/100\n|-unboost|p2b: Iron Hands|accuracy|1\n|move|p1b: Ceruledge|Bulk Up|p1b: Ceruledge\n|-boost|p1b: Ceruledge|atk|1\n|-boost|p1b: Ceruledge|def|1\n|move|p2a: Kingambit|Iron Head|p1a: Dachsbun\n|-supereffective|p1a: Dachsbun\n|-damage|p1a: Dachsbun|19\/100\n|move|p2b: Iron Hands|Wild Charge|p1b: Ceruledge|[miss]\n|-miss|p2b: Iron Hands|p1b: Ceruledge\n|\n|-damage|p2a: Kingambit|66\/100 brn|[from] brn\n|upkeep\n|turn|7\n|inactive|BlindMagneton has 30 seconds left.\n|\n|t:|1681825446\n|-end|p2b: Iron Hands|Quark Drive|[silent]\n|switch|p2b: Amoonguss|Amoonguss, L50, M|100\/100\n|move|p2a: Kingambit|Sucker Punch|p1a: Dachsbun\n|-resisted|p1a: Dachsbun\n|-damage|p1a: Dachsbun|11\/100\n|move|p1a: Dachsbun|Mud-Slap|p2b: Amoonguss\n|-damage|p2b: Amoonguss|98\/100\n|-unboost|p2b: Amoonguss|accuracy|1\n|move|p1b: Ceruledge|Bulk Up|p1b: Ceruledge\n|-boost|p1b: Ceruledge|atk|1\n|-boost|p1b: Ceruledge|def|1\n|\n|-damage|p2a: Kingambit|60\/100 brn|[from] brn\n|upkeep\n|turn|8\n|inactive|BlindMagneton has 30 seconds left.\n|\n|t:|1681825476\n|move|p1a: Dachsbun|Mud-Slap|p2b: Amoonguss\n|-damage|p2b: Amoonguss|96\/100\n|-unboost|p2b: Amoonguss|accuracy|1\n|move|p1b: Ceruledge|Bitter Blade|p2b: Amoonguss\n|-supereffective|p2b: Amoonguss\n|-damage|p2b: Amoonguss|0 fnt\n|faint|p2b: Amoonguss\n|move|p2a: Kingambit|Kowtow Cleave|p1b: Ceruledge\n|-supereffective|p1b: Ceruledge\n|-damage|p1b: Ceruledge|75\/100\n|\n|-damage|p2a: Kingambit|54\/100 brn|[from] brn\n|upkeep\n|-message|rayo4817 forfeited.\n|\n|win|BlindMagneton\n|raw|BlindMagneton's rating: 1177 → 1199<\/strong> (+22 for winning)\n|raw|rayo4817's rating: 1137 → 1115<\/strong> (-22 for losing)\n|l|\u2606rayo4817\n","uploadtime":1681825500,"views":9,"p1id":"blindmagneton","p2id":"rayo4817","formatid":"gen9vgc2023regulationc","rating":1115,"private":0,"password":""}