{"id":"gen9vgc2023regulationc-1855158264","p1":"ICE27182","p2":"jeprice7","format":"[Gen 9] VGC 2023 Regulation C","log":"|j|\u2606ICE27182\n|j|\u2606jeprice7\n|t:|1682908443\n|gametype|doubles\n|player|p1|ICE27182|unknown|1114\n|player|p2|jeprice7|ninjaboy|1054\n|teamsize|p1|6\n|teamsize|p2|6\n|gen|9\n|tier|[Gen 9] VGC 2023 Regulation C\n|rated|\n|rule|Species Clause: Limit one of each Pok\u00e9mon\n|rule|Item Clause: Limit one of each item\n|clearpoke\n|poke|p1|Palafin, L50, M|\n|poke|p1|Baxcalibur, L50, F|\n|poke|p1|Flutter Mane, L50|\n|poke|p1|Ting-Lu, L50|\n|poke|p1|Chien-Pao, L50|\n|poke|p1|Great Tusk, L50|\n|poke|p2|Amoonguss, L50, M|\n|poke|p2|Great Tusk, L50|\n|poke|p2|Flutter Mane, L50|\n|poke|p2|Tyranitar, L50, M|\n|poke|p2|Gholdengo, L50|\n|poke|p2|Roaring Moon, L50|\n|teampreview|4\n|inactive|Battle timer is ON: inactive players will automatically lose when time's up. (requested by ICE27182)\n|inactive|ICE27182 has 60 seconds left.\n|inactive|jeprice7 has 60 seconds left.\n|\n|t:|1682908493\n|start\n|switch|p1a: Ting-Lu|Ting-Lu, L50|100\/100\n|switch|p1b: Palafin|Palafin, L50, M|100\/100\n|switch|p2a: Amoonguss|Amoonguss, L50, M, shiny|100\/100\n|switch|p2b: Roaring Moon|Roaring Moon, L50, shiny|100\/100\n|-ability|p1a: Ting-Lu|Vessel of Ruin\n|-enditem|p2b: Roaring Moon|Booster Energy\n|-activate|p2b: Roaring Moon|ability: Protosynthesis|[fromitem]\n|-start|p2b: Roaring Moon|protosynthesisatk\n|turn|1\n|inactive|jeprice7 has 30 seconds left.\n|\n|t:|1682908526\n|move|p2b: Roaring Moon|Throat Chop|p1a: Ting-Lu\n|-resisted|p1a: Ting-Lu\n|-damage|p1a: Ting-Lu|82\/100\n|-start|p1a: Ting-Lu|Throat Chop|[silent]\n|move|p1b: Palafin|Flip Turn|p2b: Roaring Moon\n|-resisted|p2b: Roaring Moon\n|-damage|p2b: Roaring Moon|84\/100\n|\n|t:|1682908535\n|detailschange|p1b: Palafin|Palafin-Hero, L50, M\n|switch|p1b: Baxcalibur|Baxcalibur, L50, F|100\/100|[from] Flip Turn\n|move|p1a: Ting-Lu|Fissure|p2a: Amoonguss|[miss]\n|-miss|p1a: Ting-Lu|p2a: Amoonguss\n|move|p2a: Amoonguss|Spore|p1a: Ting-Lu\n|-status|p1a: Ting-Lu|slp|[from] move: Spore\n|\n|-heal|p1a: Ting-Lu|88\/100 slp|[from] item: Leftovers\n|upkeep\n|turn|2\n|inactive|ICE27182 has 30 seconds left.\n|inactive|jeprice7 has 30 seconds left.\n|\n|t:|1682908567\n|-end|p2b: Roaring Moon|Protosynthesis|[silent]\n|switch|p2b: Gholdengo|Gholdengo, L50|100\/100\n|move|p1b: Baxcalibur|Dragon Dance|p1b: Baxcalibur\n|-boost|p1b: Baxcalibur|atk|1\n|-boost|p1b: Baxcalibur|spe|1\n|cant|p1a: Ting-Lu|slp\n|move|p2a: Amoonguss|Leaf Storm|p1a: Ting-Lu|[miss]\n|-miss|p2a: Amoonguss|p1a: Ting-Lu\n|\n|-heal|p1a: Ting-Lu|94\/100 slp|[from] item: Leftovers\n|-end|p1a: Ting-Lu|Throat Chop|[silent]\n|upkeep\n|turn|3\n|inactive|jeprice7 has 30 seconds left.\n|\n|t:|1682908601\n|-terastallize|p1b: Baxcalibur|Steel\n|-terastallize|p2b: Gholdengo|Steel\n|move|p1b: Baxcalibur|Icicle Spear|p2a: Amoonguss\n|-supereffective|p2a: Amoonguss\n|-damage|p2a: Amoonguss|60\/100\n|-supereffective|p2a: Amoonguss\n|-damage|p2a: Amoonguss|15\/100\n|-enditem|p2a: Amoonguss|Sitrus Berry|[eat]\n|-heal|p2a: Amoonguss|40\/100|[from] item: Sitrus Berry\n|-supereffective|p2a: Amoonguss\n|-damage|p2a: Amoonguss|0 fnt\n|faint|p2a: Amoonguss\n|-hitcount|p2: Amoonguss|3\n|move|p2b: Gholdengo|Make It Rain|p1b: Baxcalibur|[spread] p1a,p1b\n|-resisted|p1b: Baxcalibur\n|-damage|p1a: Ting-Lu|56\/100 slp\n|-damage|p1b: Baxcalibur|68\/100\n|-unboost|p2b: Gholdengo|spa|1\n|cant|p1a: Ting-Lu|slp\n|\n|-heal|p1a: Ting-Lu|62\/100 slp|[from] item: Leftovers\n|upkeep\n|inactive|jeprice7 has 30 seconds left.\n|\n|t:|1682908627\n|switch|p2a: Roaring Moon|Roaring Moon, L50, shiny|84\/100\n|turn|4\n|inactive|ICE27182 has 30 seconds left.\n|\n|t:|1682908655\n|move|p1b: Baxcalibur|Icicle Spear|p2a: Roaring Moon\n|-supereffective|p2a: Roaring Moon\n|-damage|p2a: Roaring Moon|26\/100\n|-supereffective|p2a: Roaring Moon\n|-damage|p2a: Roaring Moon|0 fnt\n|faint|p2a: Roaring Moon\n|-end|p2a: Roaring Moon|Protosynthesis|[silent]\n|-hitcount|p2: Roaring Moon|2\n|move|p2b: Gholdengo|Shadow Ball|p1b: Baxcalibur\n|-damage|p1b: Baxcalibur|46\/100\n|-unboost|p1b: Baxcalibur|spd|1\n|-curestatus|p1a: Ting-Lu|slp|[msg]\n|move|p1a: Ting-Lu|Fissure|p2b: Gholdengo|[miss]\n|-miss|p1a: Ting-Lu|p2b: Gholdengo\n|\n|-heal|p1a: Ting-Lu|68\/100|[from] item: Leftovers\n|upkeep\n|\n|t:|1682908670\n|switch|p2a: Flutter Mane|Flutter Mane, L50, shiny|100\/100\n|turn|5\n|inactive|ICE27182 has 30 seconds left.\n|\n|t:|1682908696\n|move|p1b: Baxcalibur|Icicle Spear|p2a: Flutter Mane\n|-damage|p2a: Flutter Mane|65\/100\n|-damage|p2a: Flutter Mane|24\/100\n|-damage|p2a: Flutter Mane|0 fnt\n|faint|p2a: Flutter Mane\n|-end|p2a: Flutter Mane|Protosynthesis|[silent]\n|-hitcount|p2: Flutter Mane|3\n|move|p2b: Gholdengo|Shadow Ball|p1b: Baxcalibur\n|-damage|p1b: Baxcalibur|10\/100\n|move|p1a: Ting-Lu|Stomping Tantrum|p2b: Gholdengo\n|-supereffective|p2b: Gholdengo\n|-damage|p2b: Gholdengo|0 fnt\n|faint|p2b: Gholdengo\n|\n|win|ICE27182\n|raw|ICE27182's rating: 1114 → 1135<\/strong> (+21 for winning)\n|raw|jeprice7's rating: 1054 → 1039<\/strong> (-15 for losing)\n|l|\u2606ICE27182\n|l|\u2606jeprice7\n|j|\u2606ICE27182\n|player|p1|ICE27182|unknown\n","uploadtime":1682908727,"views":11,"p1id":"ice27182","p2id":"jeprice7","formatid":"gen9vgc2023regulationc","rating":1039,"private":0,"password":""}