{"id":"gen9vgc2023regulationc-1849503276","p1":"ChimpSkylark","p2":"KinGanon","format":"[Gen 9] VGC 2023 Regulation C","log":"|j|\u2606ChimpSkylark\n|j|\u2606KinGanon\n|t:|1682206223\n|gametype|doubles\n|player|p1|ChimpSkylark|169|1277\n|player|p2|KinGanon|ingo|1349\n|teamsize|p1|6\n|teamsize|p2|6\n|gen|9\n|tier|[Gen 9] VGC 2023 Regulation C\n|rated|\n|rule|Species Clause: Limit one of each Pok\u00e9mon\n|rule|Item Clause: Limit one of each item\n|clearpoke\n|poke|p1|Slowking, L50, M|\n|poke|p1|Bellibolt, L50, F|\n|poke|p1|Cetitan, L50, M|\n|poke|p1|Iron Bundle, L50|\n|poke|p1|Farigiraf, L50, M|\n|poke|p1|Annihilape, L50, M|\n|poke|p2|Iron Bundle, L50|\n|poke|p2|Bellibolt, L50, M|\n|poke|p2|Abomasnow, L50, M|\n|poke|p2|Cetitan, L50, M|\n|poke|p2|Annihilape, L50, F|\n|poke|p2|Farigiraf, L50, F|\n|teampreview|4\n|inactive|Battle timer is ON: inactive players will automatically lose when time's up. (requested by KinGanon)\n|inactive|ChimpSkylark has 60 seconds left.\n|inactive|KinGanon has 60 seconds left.\n|inactiveoff|Battle timer is now OFF.\n|\n|t:|1682206327\n|start\n|switch|p1a: Slowking|Slowking, L50, M|100\/100\n|switch|p1b: Annihilape|Annihilape, L50, M|100\/100\n|switch|p2a: Abomasnow|Abomasnow, L50, M|100\/100\n|switch|p2b: Cetitan|Cetitan, L50, M|100\/100\n|-weather|Snow|[from] ability: Snow Warning|[of] p2a: Abomasnow\n|turn|1\n|\n|t:|1682206362\n|move|p1b: Annihilape|Bulk Up|p1b: Annihilape\n|-boost|p1b: Annihilape|atk|1\n|-boost|p1b: Annihilape|def|1\n|move|p2b: Cetitan|Play Rough|p1b: Annihilape\n|-supereffective|p1b: Annihilape\n|-damage|p1b: Annihilape|33\/100\n|move|p2a: Abomasnow|Aurora Veil|p2a: Abomasnow\n|-sidestart|p2: KinGanon|move: Aurora Veil\n|move|p1a: Slowking|Yawn|p2b: Cetitan\n|-start|p2b: Cetitan|move: Yawn|[of] p1a: Slowking\n|\n|-weather|Snow|[upkeep]\n|upkeep\n|turn|2\n|\n|t:|1682206409\n|switch|p2b: Annihilape|Annihilape, L50, F|100\/100\n|move|p1b: Annihilape|Drain Punch|p2a: Abomasnow\n|-supereffective|p2a: Abomasnow\n|-damage|p2a: Abomasnow|43\/100\n|-heal|p1b: Annihilape|61\/100|[from] drain|[of] p2a: Abomasnow\n|move|p2a: Abomasnow|Blizzard|p1a: Slowking|[spread] p1a,p1b\n|-resisted|p1a: Slowking\n|-damage|p1a: Slowking|91\/100\n|-damage|p1b: Annihilape|37\/100\n|move|p1a: Slowking|Psychic|p2a: Abomasnow\n|-damage|p2a: Abomasnow|27\/100\n|\n|-weather|Snow|[upkeep]\n|upkeep\n|turn|3\n|\n|t:|1682206433\n|move|p1b: Annihilape|Drain Punch|p2a: Abomasnow\n|-supereffective|p2a: Abomasnow\n|-damage|p2a: Abomasnow|0 fnt\n|-heal|p1b: Annihilape|51\/100|[from] drain|[of] p2a: Abomasnow\n|faint|p2a: Abomasnow\n|move|p2b: Annihilape|Bulk Up|p2b: Annihilape\n|-boost|p2b: Annihilape|atk|1\n|-boost|p2b: Annihilape|def|1\n|move|p1a: Slowking|Yawn|p2b: Annihilape\n|-start|p2b: Annihilape|move: Yawn|[of] p1a: Slowking\n|\n|-weather|Snow|[upkeep]\n|upkeep\n|\n|t:|1682206439\n|switch|p2a: Cetitan|Cetitan, L50, M|100\/100\n|turn|4\n|\n|t:|1682206465\n|move|p1b: Annihilape|Protect|p1b: Annihilape\n|-singleturn|p1b: Annihilape|Protect\n|move|p2b: Annihilape|Rage Fist|p1a: Slowking\n|-supereffective|p1a: Slowking\n|-damage|p1a: Slowking|13\/100\n|move|p2a: Cetitan|Play Rough|p1b: Annihilape\n|-activate|p1b: Annihilape|move: Protect\n|move|p1a: Slowking|Psychic|p2a: Cetitan\n|-damage|p2a: Cetitan|83\/100\n|-unboost|p2a: Cetitan|spd|1\n|\n|-weather|Snow|[upkeep]\n|-end|p2b: Annihilape|move: Yawn|[silent]\n|-status|p2b: Annihilape|slp\n|upkeep\n|turn|5\n|\n|t:|1682206501\n|move|p1b: Annihilape|Rage Fist|p2b: Annihilape\n|-supereffective|p2b: Annihilape\n|-damage|p2b: Annihilape|8\/100 slp\n|cant|p2b: Annihilape|slp\n|move|p2a: Cetitan|Play Rough|p1b: Annihilape\n|-supereffective|p1b: Annihilape\n|-damage|p1b: Annihilape|0 fnt\n|faint|p1b: Annihilape\n|move|p1a: Slowking|Psychic|p2b: Annihilape\n|-supereffective|p2b: Annihilape\n|-damage|p2b: Annihilape|0 fnt\n|faint|p2b: Annihilape\n|\n|-weather|none\n|upkeep\n|\n|t:|1682206536\n|switch|p1b: Cetitan|Cetitan, L50, M|100\/100\n|switch|p2b: Iron Bundle|Iron Bundle, L50|100\/100\n|-enditem|p2b: Iron Bundle|Booster Energy\n|-activate|p2b: Iron Bundle|ability: Quark Drive|[fromitem]\n|-start|p2b: Iron Bundle|quarkdrivespe\n|turn|6\n|\n|t:|1682206574\n|move|p2b: Iron Bundle|Freeze-Dry|p1b: Cetitan\n|-resisted|p1b: Cetitan\n|-damage|p1b: Cetitan|84\/100\n|move|p1b: Cetitan|Liquidation|p2a: Cetitan\n|-damage|p2a: Cetitan|47\/100\n|move|p2a: Cetitan|Play Rough|p1b: Cetitan\n|-damage|p1b: Cetitan|31\/100\n|move|p1a: Slowking|Psychic|p2a: Cetitan\n|-damage|p2a: Cetitan|21\/100\n|-unboost|p2a: Cetitan|spd|1\n|\n|upkeep\n|turn|7\n|\n|t:|1682206625\n|move|p2a: Cetitan|Protect|p2a: Cetitan\n|-singleturn|p2a: Cetitan|Protect\n|move|p1b: Cetitan|Protect|p1b: Cetitan\n|-singleturn|p1b: Cetitan|Protect\n|move|p2b: Iron Bundle|Freeze-Dry|p1a: Slowking\n|-supereffective|p1a: Slowking\n|-crit|p1a: Slowking\n|-damage|p1a: Slowking|0 fnt\n|faint|p1a: Slowking\n|\n|upkeep\n|\n|t:|1682206636\n|switch|p1a: Iron Bundle|Iron Bundle, L50|100\/100\n|-enditem|p1a: Iron Bundle|Booster Energy\n|-activate|p1a: Iron Bundle|ability: Quark Drive|[fromitem]\n|-start|p1a: Iron Bundle|quarkdrivespe\n|turn|8\n|\n|t:|1682206663\n|move|p1a: Iron Bundle|Hydro Pump|p2a: Cetitan\n|-damage|p2a: Cetitan|0 fnt\n|faint|p2a: Cetitan\n|move|p2b: Iron Bundle|Hydro Pump|p1b: Cetitan\n|-damage|p1b: Cetitan|0 fnt\n|faint|p1b: Cetitan\n|\n|-sideend|p2: KinGanon|move: Aurora Veil\n|upkeep\n|turn|9\n|\n|t:|1682206676\n|move|p1a: Iron Bundle|Freeze-Dry|p2b: Iron Bundle\n|-damage|p2b: Iron Bundle|28\/100\n|move|p2b: Iron Bundle|Freeze-Dry|p1a: Iron Bundle\n|-crit|p1a: Iron Bundle\n|-damage|p1a: Iron Bundle|0 fnt\n|faint|p1a: Iron Bundle\n|-end|p1a: Iron Bundle|Quark Drive|[silent]\n|\n|win|KinGanon\n|raw|ChimpSkylark's rating: 1277 → 1257<\/strong> (-20 for losing)\n|raw|KinGanon's rating: 1349 → 1365<\/strong> (+16 for winning)\n|l|\u2606ChimpSkylark\n","uploadtime":1682206765,"views":6,"p1id":"chimpskylark","p2id":"kinganon","formatid":"gen9vgc2023regulationc","rating":1257,"private":0,"password":""}