{"id":"gen9vgc2023regulationc-1854517069","p1":"HazeOneTrick","p2":"Peculiar Caribou","format":"[Gen 9] VGC 2023 Regulation C","log":"|j|\u2606HazeOneTrick\n|j|\u2606Peculiar Caribou\n|t:|1682821159\n|gametype|doubles\n|player|p1|HazeOneTrick|acetrainer-gen6xy|\n|player|p2|Peculiar Caribou|cyclist|\n|teamsize|p1|6\n|teamsize|p2|6\n|gen|9\n|tier|[Gen 9] VGC 2023 Regulation C\n|rule|Species Clause: Limit one of each Pok\u00e9mon\n|rule|Item Clause: Limit one of each item\n|clearpoke\n|poke|p1|Iron Hands, L50|\n|poke|p1|Flutter Mane, L50|\n|poke|p1|Chi-Yu, L50|\n|poke|p1|Amoonguss, L50, M|\n|poke|p1|Bronzong, L50|\n|poke|p1|Gyarados, L50, M|\n|poke|p2|Flutter Mane, L50|\n|poke|p2|Amoonguss, L50, M|\n|poke|p2|Arcanine, L50, M|\n|poke|p2|Palafin, L50, F|\n|poke|p2|Ting-Lu, L50|\n|poke|p2|Baxcalibur, L50, M|\n|teampreview|4\nPeculiar Caribou has agreed to open team sheets.\n|c|\u2606Peculiar Caribou|gl hf\nHazeOneTrick has agreed to open team sheets.\n|c|\u2606HazeOneTrick|glhf\n|\n|t:|1682821235\n|start\n|switch|p1a: Bronzong|Bronzong, L50|100\/100\n|switch|p1b: Amoonguss|Amoonguss, L50, M|100\/100\n|switch|p2a: Flutter Mane|Flutter Mane, L50|100\/100\n|switch|p2b: Amoonguss|Amoonguss, L50, M|100\/100\n|turn|1\n|\n|t:|1682821277\n|-end|p2a: Flutter Mane|Protosynthesis|[silent]\n|switch|p2a: Ting-Lu|Ting-Lu, L50|100\/100\n|-ability|p2a: Ting-Lu|Vessel of Ruin\n|move|p1b: Amoonguss|Rage Powder|p1b: Amoonguss\n|-singleturn|p1b: Amoonguss|move: Rage Powder\n|move|p2b: Amoonguss|Pollen Puff|p2a: Ting-Lu\n|-immune|p2a: Ting-Lu\n|move|p1a: Bronzong|Trick Room|p1a: Bronzong\n|-fieldstart|move: Trick Room|[of] p1a: Bronzong\n|\n|upkeep\n|turn|2\n|inactive|Battle timer is ON: inactive players will automatically lose when time's up. (requested by HazeOneTrick)\n|\n|t:|1682821335\n|-terastallize|p2a: Ting-Lu|Poison\n|move|p1a: Bronzong|Iron Defense|p1a: Bronzong\n|-boost|p1a: Bronzong|def|2\n|move|p1b: Amoonguss|Spore|p2a: Ting-Lu\n|-status|p2a: Ting-Lu|slp|[from] move: Spore\n|move|p2b: Amoonguss|Pollen Puff|p1b: Amoonguss\n|-damage|p1b: Amoonguss|87\/100\n|cant|p2a: Ting-Lu|slp\n|\n|upkeep\n|turn|3\n|inactive|Peculiar Caribou has 30 seconds left.\n|inactive|Peculiar Caribou has 20 seconds left.\n|inactive|Peculiar Caribou has 15 seconds left.\n|\n|t:|1682821380\n|move|p1a: Bronzong|Iron Defense|p1a: Bronzong\n|-boost|p1a: Bronzong|def|2\n|move|p2b: Amoonguss|Pollen Puff|p1b: Amoonguss\n|-damage|p1b: Amoonguss|73\/100\n|move|p1b: Amoonguss|Pollen Puff|p2b: Amoonguss\n|-damage|p2b: Amoonguss|89\/100\n|cant|p2a: Ting-Lu|slp\n|\n|upkeep\n|turn|4\n|\n|t:|1682821403\n|move|p1a: Bronzong|Iron Defense|p1a: Bronzong\n|-boost|p1a: Bronzong|def|2\n|move|p2b: Amoonguss|Pollen Puff|p2a: Ting-Lu\n|-immune|p2a: Ting-Lu\n|move|p1b: Amoonguss|Pollen Puff|p2b: Amoonguss\n|-damage|p2b: Amoonguss|76\/100\n|cant|p2a: Ting-Lu|slp\n|\n|upkeep\n|turn|5\n|inactive|HazeOneTrick has 30 seconds left.\n|inactive|Peculiar Caribou has 30 seconds left.\n|inactive|HazeOneTrick has 20 seconds left.\n|inactive|Peculiar Caribou has 20 seconds left.\n|\n|t:|1682821445\n|switch|p2b: Flutter Mane|Flutter Mane, L50|100\/100\n|move|p1b: Amoonguss|Rage Powder|p1b: Amoonguss\n|-singleturn|p1b: Amoonguss|move: Rage Powder\n|move|p1a: Bronzong|Body Press|p2b: Flutter Mane\n|-immune|p2b: Flutter Mane\n|-curestatus|p2a: Ting-Lu|slp|[msg]\n|move|p2a: Ting-Lu|Stomping Tantrum|p1b: Amoonguss\n|-damage|p1b: Amoonguss|21\/100\n|-enditem|p1b: Amoonguss|Sitrus Berry|[eat]\n|-heal|p1b: Amoonguss|46\/100|[from] item: Sitrus Berry\n|\n|-fieldend|move: Trick Room\n|upkeep\n|turn|6\n|inactive|HazeOneTrick has 30 seconds left.\n|inactive|HazeOneTrick has 20 seconds left.\n|inactive|HazeOneTrick has 15 seconds left.\n|inactive|HazeOneTrick has 10 seconds left.\n|inactive|HazeOneTrick has 5 seconds left.\n|\n|t:|1682821496\n|-end|p2b: Flutter Mane|Protosynthesis|[silent]\n|switch|p2b: Amoonguss|Amoonguss, L50, M|100\/100\n|switch|p1b: Gyarados|Gyarados, L50, M|100\/100\n|-ability|p1b: Gyarados|Intimidate|boost\n|-unboost|p2a: Ting-Lu|atk|1\n|-unboost|p2b: Amoonguss|atk|1\n|-terastallize|p1a: Bronzong|Water\n|move|p2a: Ting-Lu|Heavy Slam|p1b: Gyarados\n|-resisted|p1b: Gyarados\n|-damage|p1b: Gyarados|95\/100\n|move|p1a: Bronzong|Heavy Slam|p2b: Amoonguss\n|-damage|p2b: Amoonguss|69\/100\n|\n|upkeep\n|turn|7\n|c|\u2606Peculiar Caribou|That was the least eventful trick room I've seen\n|inactive|HazeOneTrick has 30 seconds left.\n|inactive|Peculiar Caribou has 30 seconds left.\n|inactive|HazeOneTrick has 20 seconds left.\n|\n|t:|1682821533\n|move|p1b: Gyarados|Taunt|p2b: Amoonguss\n|-start|p2b: Amoonguss|move: Taunt\n|move|p2a: Ting-Lu|Ruination|p1a: Bronzong\n|-damage|p1a: Bronzong|50\/100\n|move|p2b: Amoonguss|Clear Smog|p1a: Bronzong\n|-damage|p1a: Bronzong|40\/100\n|-clearboost|p1a: Bronzong\n|move|p1a: Bronzong|Body Press|p2b: Amoonguss\n|-resisted|p2b: Amoonguss\n|-damage|p2b: Amoonguss|58\/100\n|\n|upkeep\n|turn|8\n|inactive|HazeOneTrick has 30 seconds left.\n|inactive|Peculiar Caribou has 30 seconds left.\n|inactive|HazeOneTrick has 20 seconds left.\n|inactive|HazeOneTrick has 15 seconds left.\n|inactive|Peculiar Caribou has 20 seconds left.\n|inactive|HazeOneTrick has 10 seconds left.\n|\n|t:|1682821578\n|move|p1b: Gyarados|Thunder Wave|p2a: Ting-Lu|[miss]\n|-miss|p1b: Gyarados|p2a: Ting-Lu\n|move|p2a: Ting-Lu|Stone Edge|p1a: Bronzong|[miss]\n|-miss|p2a: Ting-Lu|p1a: Bronzong\n|move|p2b: Amoonguss|Clear Smog|p2a: Ting-Lu\n|-resisted|p2a: Ting-Lu\n|-damage|p2a: Ting-Lu|98\/100\n|-clearboost|p2a: Ting-Lu\n|move|p1a: Bronzong|Trick Room|p1a: Bronzong\n|-fieldstart|move: Trick Room|[of] p1a: Bronzong\n|\n|upkeep\n|turn|9\n|inactive|HazeOneTrick has 30 seconds left.\n|inactive|Peculiar Caribou has 30 seconds left.\n|inactive|HazeOneTrick has 20 seconds left.\n|inactive|HazeOneTrick has 15 seconds left.\n|\n|t:|1682821620\n|switch|p2b: Baxcalibur|Baxcalibur, L50, M|100\/100\n|move|p1a: Bronzong|Heavy Slam|p2b: Baxcalibur\n|-supereffective|p2b: Baxcalibur\n|-damage|p2b: Baxcalibur|79\/100\n|move|p2a: Ting-Lu|Stone Edge|p1a: Bronzong|[miss]\n|-miss|p2a: Ting-Lu|p1a: Bronzong\n|move|p1b: Gyarados|Waterfall|p2b: Baxcalibur\n|-resisted|p2b: Baxcalibur\n|-damage|p2b: Baxcalibur|65\/100\n|\n|upkeep\n|turn|10\n|\n|t:|1682821644\n|move|p2b: Baxcalibur|Protect|p2b: Baxcalibur\n|-singleturn|p2b: Baxcalibur|Protect\n|move|p1a: Bronzong|Body Press|p2b: Baxcalibur\n|-activate|p2b: Baxcalibur|move: Protect\n|move|p2a: Ting-Lu|Stone Edge|p1a: Bronzong\n|-damage|p1a: Bronzong|16\/100\n|move|p1b: Gyarados|Thunder Wave|p2b: Baxcalibur\n|-activate|p2b: Baxcalibur|move: Protect\n|\n|upkeep\n|turn|11\n|inactive|Peculiar Caribou has 30 seconds left.\n|\n|t:|1682821672\n|switch|p1a: Amoonguss|Amoonguss, L50, M|79\/100\n|switch|p2b: Amoonguss|Amoonguss, L50, M|91\/100\n|move|p2a: Ting-Lu|Stone Edge|p1a: Amoonguss\n|-damage|p1a: Amoonguss|55\/100\n|move|p1b: Gyarados|Thunder Wave|p2b: Amoonguss\n|-status|p2b: Amoonguss|par\n|\n|upkeep\n|turn|12\n|inactive|HazeOneTrick has 30 seconds left.\n|\n|t:|1682821703\n|switch|p1b: Bronzong|Bronzong, L50, tera:Water|16\/100\n|move|p2b: Amoonguss|Spore|p1b: Bronzong\n|-activate|p1b: Bronzong|item: Safety Goggles|Spore\n|move|p1a: Amoonguss|Pollen Puff|p1b: Bronzong\n|-heal|p1b: Bronzong|66\/100\n|move|p2a: Ting-Lu|Stomping Tantrum|p1a: Amoonguss\n|-damage|p1a: Amoonguss|30\/100\n|\n|-fieldend|move: Trick Room\n|upkeep\n|turn|13\n|inactive|HazeOneTrick has 30 seconds left.\n|inactive|Peculiar Caribou has 30 seconds left.\n|inactive|HazeOneTrick has 20 seconds left.\n|inactive|Peculiar Caribou has 20 seconds left.\n|inactive|HazeOneTrick has 15 seconds left.\n|\n|t:|1682821746\n|switch|p1a: Gyarados|Gyarados, L50, M|95\/100\n|-ability|p1a: Gyarados|Intimidate|boost\n|-unboost|p2a: Ting-Lu|atk|1\n|-unboost|p2b: Amoonguss|atk|1\n|switch|p2b: Baxcalibur|Baxcalibur, L50, M|65\/100\n|move|p2a: Ting-Lu|Heavy Slam|p1a: Gyarados\n|-resisted|p1a: Gyarados\n|-damage|p1a: Gyarados|88\/100\n|move|p1b: Bronzong|Heavy Slam|p2b: Baxcalibur\n|-supereffective|p2b: Baxcalibur\n|-damage|p2b: Baxcalibur|40\/100\n|\n|upkeep\n|turn|14\n|inactive|HazeOneTrick has 30 seconds left.\n|inactive|HazeOneTrick has 20 seconds left.\n|inactive|HazeOneTrick has 15 seconds left.\n|\n|t:|1682821790\n|move|p2b: Baxcalibur|Protect|p2b: Baxcalibur\n|-singleturn|p2b: Baxcalibur|Protect\n|move|p1a: Gyarados|Thunder Wave|p2a: Ting-Lu\n|-status|p2a: Ting-Lu|par\n|move|p1b: Bronzong|Iron Defense|p1b: Bronzong\n|-boost|p1b: Bronzong|def|2\n|move|p2a: Ting-Lu|Stone Edge|p1a: Gyarados\n|-supereffective|p1a: Gyarados\n|-damage|p1a: Gyarados|50\/100\n|\n|upkeep\n|turn|15\n|inactive|HazeOneTrick has 30 seconds left.\n|inactive|HazeOneTrick has 20 seconds left.\n|inactive|HazeOneTrick has 15 seconds left.\n|\n|t:|1682821821\n|switch|p2b: Amoonguss|Amoonguss, L50, M|100\/100 par\n|move|p1a: Gyarados|Thunder Wave|p2b: Amoonguss\n|-fail|p2b: Amoonguss|par\n|move|p1b: Bronzong|Body Press|p2b: Amoonguss\n|-resisted|p2b: Amoonguss\n|-damage|p2b: Amoonguss|77\/100 par\n|move|p2a: Ting-Lu|Stone Edge|p1a: Gyarados\n|-supereffective|p1a: Gyarados\n|-damage|p1a: Gyarados|4\/100\n|-enditem|p1a: Gyarados|Figy Berry|[eat]\n|-heal|p1a: Gyarados|37\/100|[from] item: Figy Berry\n|\n|upkeep\n|turn|16\n|inactive|HazeOneTrick has 15 seconds left this turn.\n|inactive|HazeOneTrick has 10 seconds left.\n|inactive|HazeOneTrick has 5 seconds left.\n|inactiveoff|Battle timer is now OFF.\n|\n|t:|1682821863\n|move|p2b: Amoonguss|Rage Powder|p2b: Amoonguss\n|-singleturn|p2b: Amoonguss|move: Rage Powder\n|move|p1a: Gyarados|Waterfall|p2b: Amoonguss\n|-resisted|p2b: Amoonguss\n|-damage|p2b: Amoonguss|63\/100 par\n|move|p1b: Bronzong|Heavy Slam|p2b: Amoonguss\n|-damage|p2b: Amoonguss|31\/100 par\n|-enditem|p2b: Amoonguss|Sitrus Berry|[eat]\n|-heal|p2b: Amoonguss|56\/100 par|[from] item: Sitrus Berry\n|move|p2a: Ting-Lu|Stone Edge|p1a: Gyarados\n|-supereffective|p1a: Gyarados\n|-damage|p1a: Gyarados|0 fnt\n|faint|p1a: Gyarados\n|\n|upkeep\n|\n|t:|1682821890\n|switch|p1a: Iron Hands|Iron Hands, L50|100\/100\n|turn|17\n|\n|t:|1682821909\n|move|p1a: Iron Hands|Heavy Slam|p2b: Amoonguss\n|-damage|p2b: Amoonguss|18\/100 par\n|move|p1b: Bronzong|Heavy Slam|p2b: Amoonguss\n|-damage|p2b: Amoonguss|0 fnt\n|faint|p2b: Amoonguss\n|move|p2a: Ting-Lu|Ruination|p1b: Bronzong\n|-damage|p1b: Bronzong|33\/100\n|\n|upkeep\n|\n|t:|1682821918\n|switch|p2b: Flutter Mane|Flutter Mane, L50|100\/100\n|turn|18\n|\n|t:|1682821933\n|switch|p1b: Amoonguss|Amoonguss, L50, M|63\/100\n|move|p2b: Flutter Mane|Dazzling Gleam|p1b: Amoonguss|[spread] p1a,p1b\n|-supereffective|p1a: Iron Hands\n|-resisted|p1b: Amoonguss\n|-damage|p1a: Iron Hands|62\/100\n|-damage|p1b: Amoonguss|46\/100\n|move|p1a: Iron Hands|Heavy Slam|p2b: Flutter Mane\n|-supereffective|p2b: Flutter Mane\n|-damage|p2b: Flutter Mane|0 fnt\n|faint|p2b: Flutter Mane\n|-end|p2b: Flutter Mane|Protosynthesis|[silent]\n|move|p2a: Ting-Lu|Stomping Tantrum|p1a: Iron Hands\n|-supereffective|p1a: Iron Hands\n|-damage|p1a: Iron Hands|26\/100\n|\n|upkeep\n|\n|t:|1682821938\n|switch|p2b: Baxcalibur|Baxcalibur, L50, M|40\/100\n|turn|19\n|\n|t:|1682821970\n|move|p2b: Baxcalibur|Icicle Crash|p1b: Amoonguss\n|-supereffective|p1b: Amoonguss\n|-damage|p1b: Amoonguss|0 fnt\n|faint|p1b: Amoonguss\n|move|p1a: Iron Hands|Drain Punch|p2b: Baxcalibur\n|-supereffective|p2b: Baxcalibur\n|-damage|p2b: Baxcalibur|0 fnt\n|-heal|p1a: Iron Hands|45\/100|[from] drain|[of] p2b: Baxcalibur\n|faint|p2b: Baxcalibur\n|move|p2a: Ting-Lu|Stomping Tantrum|p1a: Iron Hands\n|-supereffective|p1a: Iron Hands\n|-damage|p1a: Iron Hands|14\/100\n|\n|upkeep\n|\n|t:|1682821975\n|switch|p1b: Bronzong|Bronzong, L50, tera:Water|33\/100\n|turn|20\n|\n|t:|1682822001\n|move|p1a: Iron Hands|Drain Punch|p2a: Ting-Lu\n|-resisted|p2a: Ting-Lu\n|-damage|p2a: Ting-Lu|84\/100 par\n|-heal|p1a: Iron Hands|21\/100|[from] drain|[of] p2a: Ting-Lu\n|move|p1b: Bronzong|Iron Defense|p1b: Bronzong\n|-boost|p1b: Bronzong|def|2\n|cant|p2a: Ting-Lu|par\n|\n|upkeep\n|turn|21\n|\n|t:|1682822012\n|move|p1a: Iron Hands|Drain Punch|p2a: Ting-Lu\n|-resisted|p2a: Ting-Lu\n|-damage|p2a: Ting-Lu|71\/100 par\n|-heal|p1a: Iron Hands|28\/100|[from] drain|[of] p2a: Ting-Lu\n|move|p1b: Bronzong|Iron Defense|p1b: Bronzong\n|-boost|p1b: Bronzong|def|2\n|move|p2a: Ting-Lu|Stomping Tantrum|p1a: Iron Hands\n|-supereffective|p1a: Iron Hands\n|-damage|p1a: Iron Hands|0 fnt\n|faint|p1a: Iron Hands\n|-end|p1a: Iron Hands|Quark Drive|[silent]\n|\n|upkeep\n|turn|22\n|\n|t:|1682822027\n|move|p1b: Bronzong|Body Press|p2a: Ting-Lu\n|-resisted|p2a: Ting-Lu\n|-damage|p2a: Ting-Lu|46\/100 par\n|move|p2a: Ting-Lu|Ruination|p1b: Bronzong\n|-damage|p1b: Bronzong|17\/100\n|\n|upkeep\n|turn|23\n|\n|t:|1682822045\n|move|p1b: Bronzong|Body Press|p2a: Ting-Lu\n|-resisted|p2a: Ting-Lu\n|-damage|p2a: Ting-Lu|23\/100 par\n|move|p2a: Ting-Lu|Heavy Slam|p1b: Bronzong\n|-resisted|p1b: Bronzong\n|-damage|p1b: Bronzong|15\/100\n|\n|upkeep\n|turn|24\n|\n|t:|1682822058\n|move|p1b: Bronzong|Body Press|p2a: Ting-Lu\n|-resisted|p2a: Ting-Lu\n|-damage|p2a: Ting-Lu|0 fnt\n|faint|p2a: Ting-Lu\n|\n|win|HazeOneTrick\n|c|\u2606HazeOneTrick|gg\n|c|\u2606Peculiar Caribou|gg\n","uploadtime":1682822064,"views":37,"p1id":"hazeonetrick","p2id":"peculiarcaribou","formatid":"gen9vgc2023regulationc","rating":0,"private":0,"password":""}