{"id":"gen9vgc2023regulationc-1851902373","p1":"Yarrack","p2":"PixelMaster98146","format":"[Gen 9] VGC 2023 Regulation C","log":"|j|\u2606Yarrack\n|j|\u2606PixelMaster98146\n|t:|1682503286\n|gametype|doubles\n|player|p1|Yarrack|youngster-gen4dp|1312\n|player|p2|PixelMaster98146|palmer|1423\n|teamsize|p1|6\n|teamsize|p2|6\n|gen|9\n|tier|[Gen 9] VGC 2023 Regulation C\n|rated|\n|rule|Species Clause: Limit one of each Pok\u00e9mon\n|rule|Item Clause: Limit one of each item\n|clearpoke\n|poke|p1|Flamigo, L50, F|\n|poke|p1|Chien-Pao, L50|\n|poke|p1|Dragapult, L50, M|\n|poke|p1|Roaring Moon, L50|\n|poke|p1|Amoonguss, L50, F|\n|poke|p1|Vaporeon, L50, F|\n|poke|p2|Murkrow, L50, F|\n|poke|p2|Baxcalibur, L50, F|\n|poke|p2|Flutter Mane, L50|\n|poke|p2|Ting-Lu, L50|\n|poke|p2|Arcanine, L50, F|\n|poke|p2|Palafin, L50, F|\n|teampreview|4\n|inactive|Battle timer is ON: inactive players will automatically lose when time's up. (requested by Yarrack)\nPixelMaster98146 has agreed to open team sheets.\n|inactive|PixelMaster98146 has 60 seconds left.\n|\n|t:|1682503318\n|start\n|switch|p1a: Chien-Pao|Chien-Pao, L50|100\/100\n|switch|p1b: Dragapult|Dragapult, L50, M|100\/100\n|switch|p2a: Mafia|Murkrow, L50, F|100\/100\n|switch|p2b: Baxcalibur|Baxcalibur, L50, F|100\/100\n|-ability|p1a: Chien-Pao|Sword of Ruin\n|turn|1\n|\n|t:|1682503330\n|move|p2a: Mafia|Tailwind|p2a: Mafia\n|-sidestart|p2: PixelMaster98146|move: Tailwind\n|move|p2b: Baxcalibur|Glaive Rush|p1b: Dragapult\n|-supereffective|p1b: Dragapult\n|-damage|p1b: Dragapult|0 fnt\n|-singlemove|p2b: Baxcalibur|Glaive Rush|[silent]\n|faint|p1b: Dragapult\n|move|p1a: Chien-Pao|Ice Spinner|p2b: Baxcalibur\n|-damage|p2b: Baxcalibur|0 fnt\n|faint|p2b: Baxcalibur\n|-damage|p1a: Chien-Pao|91\/100|[from] item: Life Orb\n|\n|upkeep\n|\n|t:|1682503343\n|switch|p1b: Vaporeon|Vaporeon, L50, F|100\/100\n|switch|p2b: Incincanine|Arcanine, L50, F|100\/100\n|-ability|p2b: Incincanine|Intimidate|boost\n|-unboost|p1a: Chien-Pao|atk|1\n|-unboost|p1b: Vaporeon|atk|1\n|turn|2\n|\n|t:|1682503359\n|move|p1a: Chien-Pao|Protect|p1a: Chien-Pao\n|-singleturn|p1a: Chien-Pao|Protect\n|move|p2a: Mafia|Taunt|p1b: Vaporeon\n|-start|p1b: Vaporeon|move: Taunt\n|move|p2b: Incincanine|Flare Blitz|p1a: Chien-Pao\n|-activate|p1a: Chien-Pao|move: Protect\n|move|p1b: Vaporeon|Muddy Water|p2b: Incincanine|[spread] p2a\n|-miss|p1b: Vaporeon|p2b: Incincanine\n|-damage|p2a: Mafia|75\/100\n|-unboost|p2a: Mafia|accuracy|1\n|\n|upkeep\n|turn|3\n|inactive|PixelMaster98146 has 30 seconds left.\n|\n|t:|1682503384\n|switch|p1a: Roaring Moon|Roaring Moon, L50|100\/100\n|-enditem|p1a: Roaring Moon|Booster Energy\n|-activate|p1a: Roaring Moon|ability: Protosynthesis|[fromitem]\n|-start|p1a: Roaring Moon|protosynthesisatk\n|move|p2b: Incincanine|Flare Blitz|p1a: Roaring Moon\n|-resisted|p1a: Roaring Moon\n|-damage|p1a: Roaring Moon|66\/100\n|-damage|p2b: Incincanine|90\/100|[from] Recoil\n|move|p2a: Mafia|Foul Play|p1b: Vaporeon\n|-damage|p1b: Vaporeon|92\/100\n|move|p1b: Vaporeon|Muddy Water|p2b: Incincanine|[spread] p2a,p2b\n|-supereffective|p2b: Incincanine\n|-damage|p2a: Mafia|46\/100\n|-damage|p2b: Incincanine|39\/100\n|\n|-heal|p1b: Vaporeon|98\/100|[from] item: Leftovers\n|upkeep\n|turn|4\n|inactive|PixelMaster98146 has 30 seconds left.\n|\n|t:|1682503409\n|move|p1a: Roaring Moon|Protect|p1a: Roaring Moon\n|-singleturn|p1a: Roaring Moon|Protect\n|move|p2b: Incincanine|Flare Blitz|p1a: Roaring Moon\n|-activate|p1a: Roaring Moon|move: Protect\n|move|p2a: Mafia|Foul Play|p1a: Roaring Moon\n|-activate|p1a: Roaring Moon|move: Protect\n|move|p1b: Vaporeon|Muddy Water|p2a: Mafia|[spread] p2b\n|-miss|p1b: Vaporeon|p2a: Mafia\n|-supereffective|p2b: Incincanine\n|-damage|p2b: Incincanine|0 fnt\n|faint|p2b: Incincanine\n|\n|-heal|p1b: Vaporeon|100\/100|[from] item: Leftovers\n|-end|p1b: Vaporeon|move: Taunt\n|-sideend|p2: PixelMaster98146|move: Tailwind\n|upkeep\n|\n|t:|1682503412\n|switch|p2b: Mischief|Flutter Mane, L50|100\/100\n|-enditem|p2b: Mischief|Booster Energy\n|-activate|p2b: Mischief|ability: Protosynthesis|[fromitem]\n|-start|p2b: Mischief|protosynthesisspa\n|turn|5\n|\n|t:|1682503430\n|-terastallize|p2b: Mischief|Fairy\n|move|p2a: Mafia|Tailwind|p2a: Mafia\n|-sidestart|p2: PixelMaster98146|move: Tailwind\n|move|p2b: Mischief|Dazzling Gleam|p1a: Roaring Moon|[spread] p1a,p1b\n|-supereffective|p1a: Roaring Moon\n|-damage|p1a: Roaring Moon|0 fnt\n|-damage|p1b: Vaporeon|64\/100\n|faint|p1a: Roaring Moon\n|-end|p1a: Roaring Moon|Protosynthesis|[silent]\n|move|p1b: Vaporeon|Muddy Water|p2a: Mafia|[spread] p2a,p2b\n|-damage|p2a: Mafia|19\/100\n|-damage|p2b: Mischief|80\/100\n|-unboost|p2b: Mischief|accuracy|1\n|\n|-heal|p1b: Vaporeon|70\/100|[from] item: Leftovers\n|upkeep\n|\n|t:|1682503437\n|switch|p1a: Chien-Pao|Chien-Pao, L50|91\/100\n|-ability|p1a: Chien-Pao|Sword of Ruin\n|turn|6\n|\n|t:|1682503453\n|-terastallize|p1a: Chien-Pao|Ghost\n|move|p2a: Mafia|Feather Dance|p1a: Chien-Pao\n|-unboost|p1a: Chien-Pao|atk|2\n|move|p1a: Chien-Pao|Sucker Punch|p2b: Mischief\n|-resisted|p2b: Mischief\n|-damage|p2b: Mischief|55\/100\n|-damage|p1a: Chien-Pao|81\/100|[from] item: Life Orb\n|move|p2b: Mischief|Dazzling Gleam|p1a: Chien-Pao|[spread] p1a,p1b\n|-damage|p1a: Chien-Pao|0 fnt\n|-damage|p1b: Vaporeon|29\/100\n|faint|p1a: Chien-Pao\n|move|p1b: Vaporeon|Muddy Water|p2b: Mischief|[spread] p2a,p2b\n|-damage|p2a: Mafia|0 fnt\n|-damage|p2b: Mischief|32\/100\n|faint|p2a: Mafia\n|\n|-heal|p1b: Vaporeon|35\/100|[from] item: Leftovers\n|upkeep\n|turn|7\n|\n|t:|1682503471\n|move|p1b: Vaporeon|Protect|p1b: Vaporeon\n|-singleturn|p1b: Vaporeon|Protect\n|move|p2b: Mischief|Moonblast|p1b: Vaporeon\n|-activate|p1b: Vaporeon|move: Protect\n|\n|-heal|p1b: Vaporeon|41\/100|[from] item: Leftovers\n|upkeep\n|turn|8\n|\n|t:|1682503476\n|move|p2b: Mischief|Moonblast|p1b: Vaporeon\n|-damage|p1b: Vaporeon|0 fnt\n|faint|p1b: Vaporeon\n|\n|win|PixelMaster98146\n|raw|Yarrack's rating: 1328 → 1313<\/strong> (-15 for losing)\n|raw|PixelMaster98146's rating: 1423 → 1438<\/strong> (+15 for winning)\n|l|\u2606Yarrack\n","uploadtime":1682503933,"views":9,"p1id":"yarrack","p2id":"pixelmaster98146","formatid":"gen9vgc2023regulationc","rating":1313,"private":0,"password":""}