{"id":"gen9vgc2023regulationc-1858360197","p1":"mafumafusimpsimp","p2":"DarkPine60","format":"[Gen 9] VGC 2023 Regulation C","log":"|j|\u2606mafumafusimpsimp\n|j|\u2606DarkPine60\n|t:|1683305201\n|gametype|doubles\n|player|p1|mafumafusimpsimp|crasherwake|1387\n|player|p2|DarkPine60|266|1428\n|teamsize|p1|6\n|teamsize|p2|6\n|gen|9\n|tier|[Gen 9] VGC 2023 Regulation C\n|rated|\n|rule|Species Clause: Limit one of each Pok\u00e9mon\n|rule|Item Clause: Limit one of each item\n|clearpoke\n|poke|p1|Breloom, L50, M|\n|poke|p1|Chien-Pao, L50|\n|poke|p1|Flutter Mane, L50|\n|poke|p1|Kingambit, L50, F|\n|poke|p1|Iron Hands, L50|\n|poke|p1|Iron Bundle, L50|\n|poke|p2|Chien-Pao, L50|\n|poke|p2|Palafin, L50, F|\n|poke|p2|Corviknight, L50, M|\n|poke|p2|Volcarona, L50, F|\n|poke|p2|Gothitelle, L50, F|\n|poke|p2|Iron Hands, L50|\n|teampreview|4\n|inactive|Battle timer is ON: inactive players will automatically lose when time's up. (requested by DarkPine60)\n|c|\u2606mafumafusimpsimp|glhf\nmafumafusimpsimp has agreed to open team sheets.\n|inactive|mafumafusimpsimp has 60 seconds left.\n|inactive|DarkPine60 has 60 seconds left.\n|inactive|DarkPine60 has 30 seconds left.\n|inactive|DarkPine60 has 20 seconds left.\n|inactive|DarkPine60 has 15 seconds left.\n|inactive|DarkPine60 has 10 seconds left.\n|inactive|DarkPine60 has 5 seconds left.\n|\n|t:|1683305289\n|start\n|switch|p1a: Flutter Pain|Flutter Mane, L50|100\/100\n|switch|p1b: Queen Gambit|Kingambit, L50, F|100\/100\n|switch|p2a: Corviknight|Corviknight, L50, M, shiny|100\/100\n|switch|p2b: Iron Hands|Iron Hands, L50|100\/100\n|-enditem|p1a: Flutter Pain|Booster Energy\n|-activate|p1a: Flutter Pain|ability: Protosynthesis|[fromitem]\n|-start|p1a: Flutter Pain|protosynthesisspa\n|turn|1\n|inactive|mafumafusimpsimp has 30 seconds left.\n|inactive|DarkPine60 has 30 seconds left.\n|\n|t:|1683305323\n|switch|p1b: Bredoom|Breloom, L50, M|100\/100\n|move|p1a: Flutter Pain|Moonblast|p2b: Iron Hands\n|-supereffective|p2b: Iron Hands\n|-damage|p2b: Iron Hands|33\/100\n|-unboost|p2b: Iron Hands|spa|1\n|move|p2a: Corviknight|Bulk Up|p2a: Corviknight\n|-boost|p2a: Corviknight|atk|1\n|-boost|p2a: Corviknight|def|1\n|move|p2b: Iron Hands|Wild Charge|p1a: Flutter Pain\n|-damage|p1a: Flutter Pain|14\/100\n|-damage|p2b: Iron Hands|19\/100|[from] Recoil\n|\n|upkeep\n|turn|2\n|inactive|DarkPine60 has 30 seconds left.\n|\n|t:|1683305353\n|-end|p2b: Iron Hands|Quark Drive|[silent]\n|switch|p2b: Volcarona|Volcarona, L50, F|100\/100\n|move|p1a: Flutter Pain|Dazzling Gleam|p2b: Volcarona|[spread] p2a,p2b\n|-resisted|p2a: Corviknight\n|-resisted|p2b: Volcarona\n|-damage|p2a: Corviknight|84\/100\n|-damage|p2b: Volcarona|83\/100\n|move|p1b: Bredoom|Spore|p2a: Corviknight\n|-status|p2a: Corviknight|slp|[from] move: Spore\n|-enditem|p2a: Corviknight|Lum Berry|[eat]\n|-curestatus|p2a: Corviknight|slp|[msg]\n|move|p2a: Corviknight|Brave Bird|p1a: Flutter Pain\n|-damage|p1a: Flutter Pain|0 fnt\n|faint|p1a: Flutter Pain\n|-end|p1a: Flutter Pain|Protosynthesis|[silent]\n|-damage|p2a: Corviknight|80\/100|[from] Recoil\n|\n|-heal|p2b: Volcarona|90\/100|[from] item: Leftovers\n|upkeep\n|\n|t:|1683305365\n|switch|p1a: Iron Fumble|Iron Bundle, L50|100\/100\n|turn|3\n|inactive|DarkPine60 has 30 seconds left.\n|inactive|DarkPine60 has 20 seconds left.\n|\n|t:|1683305401\n|-terastallize|p2b: Volcarona|Grass\n|move|p1a: Iron Fumble|Freeze-Dry|p2b: Volcarona\n|-supereffective|p2b: Volcarona\n|-damage|p2b: Volcarona|27\/100\n|move|p2b: Volcarona|Quiver Dance|p2b: Volcarona\n|-boost|p2b: Volcarona|spa|1\n|-boost|p2b: Volcarona|spd|1\n|-boost|p2b: Volcarona|spe|1\n|move|p1b: Bredoom|Spore|p2a: Corviknight\n|-status|p2a: Corviknight|slp|[from] move: Spore\n|cant|p2a: Corviknight|slp\n|\n|-heal|p2b: Volcarona|33\/100|[from] item: Leftovers\n|upkeep\n|turn|4\n|\n|t:|1683305424\n|move|p2b: Volcarona|Protect|p2b: Volcarona\n|-singleturn|p2b: Volcarona|Protect\n|move|p1b: Bredoom|Mach Punch|p2b: Volcarona\n|-activate|p2b: Volcarona|move: Protect\n|move|p1a: Iron Fumble|Hydro Pump|p2a: Corviknight\n|-damage|p2a: Corviknight|35\/100 slp\n|-curestatus|p2a: Corviknight|slp|[msg]\n|move|p2a: Corviknight|Brave Bird|p1b: Bredoom\n|-supereffective|p1b: Bredoom\n|-enditem|p1b: Bredoom|Focus Sash\n|-damage|p1b: Bredoom|1\/100\n|-damage|p2a: Corviknight|13\/100|[from] Recoil\n|\n|-heal|p2b: Volcarona|40\/100|[from] item: Leftovers\n|upkeep\n|turn|5\n|\n|t:|1683305444\n|-terastallize|p1b: Bredoom|Fighting\n|move|p1b: Bredoom|Mach Punch|p2b: Volcarona\n|-damage|p2b: Volcarona|0 fnt\n|faint|p2b: Volcarona\n|move|p1a: Iron Fumble|Freeze-Dry|p2a: Corviknight\n|-damage|p2a: Corviknight|0 fnt\n|faint|p2a: Corviknight\n|\n|upkeep\n|\n|t:|1683305454\n|switch|p2b: Chien-Pao|Chien-Pao, L50|100\/100\n|switch|p2a: Iron Hands|Iron Hands, L50|19\/100\n|-ability|p2b: Chien-Pao|Sword of Ruin\n|turn|6\n|\n|t:|1683305464\n|switch|p1b: Queen Gambit|Kingambit, L50, F|100\/100\n|move|p2a: Iron Hands|Fake Out|p1b: Queen Gambit\n|-resisted|p1b: Queen Gambit\n|-damage|p1b: Queen Gambit|93\/100\n|move|p1a: Iron Fumble|Hydro Pump|p2b: Chien-Pao|[miss]\n|-miss|p1a: Iron Fumble|p2b: Chien-Pao\n|move|p2b: Chien-Pao|Sacred Sword|p1a: Iron Fumble\n|-supereffective|p1a: Iron Fumble\n|-damage|p1a: Iron Fumble|0 fnt\n|faint|p1a: Iron Fumble\n|-end|p1a: Iron Fumble|Quark Drive|[silent]\n|\n|upkeep\n|\n|t:|1683305472\n|switch|p1a: Bredoom|Breloom, L50, M, tera:Fighting|1\/100\n|turn|7\n|\n|t:|1683305493\n|move|p2b: Chien-Pao|Sucker Punch||[still]\n|-fail|p2b: Chien-Pao\n|move|p1b: Queen Gambit|Sucker Punch|p2a: Iron Hands\n|-resisted|p2a: Iron Hands\n|-damage|p2a: Iron Hands|2\/100\n|move|p1a: Bredoom|Spore|p2b: Chien-Pao\n|-status|p2b: Chien-Pao|slp|[from] move: Spore\n|move|p2a: Iron Hands|Drain Punch|p1b: Queen Gambit\n|-supereffective|p1b: Queen Gambit\n|-damage|p1b: Queen Gambit|0 fnt\n|-heal|p2a: Iron Hands|41\/100|[from] drain|[of] p1b: Queen Gambit\n|faint|p1b: Queen Gambit\n|\n|upkeep\n|turn|8\n|\n|t:|1683305517\n|cant|p2b: Chien-Pao|slp\n|move|p1a: Bredoom|Bullet Seed|p2a: Iron Hands\n|-damage|p2a: Iron Hands|24\/100\n|-damage|p2a: Iron Hands|7\/100\n|-damage|p2a: Iron Hands|0 fnt\n|faint|p2a: Iron Hands\n|-end|p2a: Iron Hands|Quark Drive|[silent]\n|-hitcount|p2: Iron Hands|3\n|\n|upkeep\n|turn|9\n|\n|t:|1683305528\n|cant|p2b: Chien-Pao|slp\n|move|p1a: Bredoom|Mach Punch|p2b: Chien-Pao\n|-supereffective|p2b: Chien-Pao\n|-enditem|p2b: Chien-Pao|Focus Sash\n|-damage|p2b: Chien-Pao|1\/100 slp\n|\n|upkeep\n|turn|10\n|\n|t:|1683305542\n|-curestatus|p2b: Chien-Pao|slp|[msg]\n|move|p2b: Chien-Pao|Sucker Punch||[still]\n|-fail|p2b: Chien-Pao\n|move|p1a: Bredoom|Spore|p2b: Chien-Pao\n|-status|p2b: Chien-Pao|slp|[from] move: Spore\n|\n|upkeep\n|turn|11\n|c|\u2606mafumafusimpsimp|gg\n|\n|t:|1683305548\n|cant|p2b: Chien-Pao|slp\n|move|p1a: Bredoom|Mach Punch|p2b: Chien-Pao\n|-supereffective|p2b: Chien-Pao\n|-damage|p2b: Chien-Pao|0 fnt\n|faint|p2b: Chien-Pao\n|\n|win|mafumafusimpsimp\n|raw|mafumafusimpsimp's rating: 1387 → 1409<\/strong> (+22 for winning)\n|raw|DarkPine60's rating: 1428 → 1406<\/strong> (-22 for losing)\n","uploadtime":1683305558,"views":9,"p1id":"mafumafusimpsimp","p2id":"darkpine60","formatid":"gen9vgc2023regulationc","rating":1406,"private":0,"password":""}