{"id":"gen9vgc2023regulationc-1844935616","p1":"judevgc","p2":"GameOverGaming","format":"[Gen 9] VGC 2023 Regulation C","log":"|j|\u2606judevgc\n|j|\u2606GameOverGaming\n|t:|1681665849\n|gametype|doubles\n|player|p1|judevgc|cyclist|\n|player|p2|GameOverGaming|yellow|\n|teamsize|p1|6\n|teamsize|p2|6\n|gen|9\n|tier|[Gen 9] VGC 2023 Regulation C\n|rated|Tournament battle\n|rule|Species Clause: Limit one of each Pok\u00e9mon\n|rule|Item Clause: Limit one of each item\n|clearpoke\n|poke|p1|Ting-Lu, L50|\n|poke|p1|Bronzong, L50|\n|poke|p1|Amoonguss, L50, F|\n|poke|p1|Iron Hands, L50|\n|poke|p1|Gyarados, L50, F|\n|poke|p1|Iron Bundle, L50|\n|poke|p2|Tatsugiri-Stretchy, L50, M|\n|poke|p2|Iron Hands, L50|\n|poke|p2|Dondozo, L50, M|\n|poke|p2|Chi-Yu, L50|\n|poke|p2|Iron Bundle, L50|\n|poke|p2|Corviknight, L50, M|\n|teampreview|4\n|raw| Open Team Sheet for judevgc<\/summary>Ting-Lu @ Assault Vest Ability: Vessel of Ruin Level: 50 Tera Type: Poison - Earthquake - Heavy Slam - Ruination - Stomping Tantrum Bronzong @ Safety Goggles Ability: Levitate Level: 50 Tera Type: Dark - Trick Room - Safeguard - Heavy Slam - Body Press Amoonguss @ Rocky Helmet Ability: Regenerator Level: 50 Tera Type: Fire - Spore - Rage Powder - Pollen Puff - Protect Iron Hands @ Booster Energy Ability: Quark Drive Level: 50 Tera Type: Grass - Fake Out - Wild Charge - Drain Punch - Protect Gyarados @ Mirror Herb Ability: Intimidate Level: 50 Tera Type: Flying - Waterfall - Protect - Dragon Dance - Tera Blast Iron Bundle @ Focus Sash Ability: Quark Drive Level: 50 Tera Type: Ghost - Freeze-Dry - Hydro Pump - Encore - Protect <\/details><\/div> Open Team Sheet for GameOverGaming<\/summary>Tatsugiri (Tatsugiri-Stretchy) (M) @ Choice Scarf Ability: Commander Level: 50 Shiny: Yes Tera Type: Steel - Draco Meteor - Muddy Water - Icy Wind - Tera Blast Iron Hands @ Assault Vest Ability: Quark Drive Level: 50 Tera Type: Fire - Fake Out - Wild Charge - Drain Punch - Volt Switch Bozo (Dondozo) (M) @ Leftovers Ability: Water Veil Level: 50 Tera Type: Grass - Wave Crash - Yawn - Protect - Tera Blast Chi-Yu @ Focus Sash Ability: Beads of Ruin Level: 50 Tera Type: Grass - Tera Blast - Heat Wave - Overheat - Dark Pulse Iron Bundle @ Booster Energy Ability: Quark Drive Level: 50 Shiny: Yes Tera Type: Ghost - Encore - Icy Wind - Hydro Pump - Protect Arthur (Corviknight) (M) @ Sitrus Berry Ability: Mirror Armor Level: 50 Shiny: Yes Tera Type: Fire - Iron Head - Protect - Brave Bird - Bulk Up <\/details><\/div>\n|c|\u2606judevgc|glhf\n|c|\u2606GameOverGaming|u2\n|j| kiyonamivgc\n|j| Mr. Reese\n|j| Radio Free C-Side\n|j|%Bright Size\n|\n|t:|1681665937\n|start\n|switch|p1a: Gyarados|Gyarados, L50, F|100\/100\n|switch|p1b: Amoonguss|Amoonguss, L50, F|100\/100\n|switch|p2a: Bozo|Dondozo, L50, M|100\/100\n|switch|p2b: Iron Hands|Iron Hands, L50|100\/100\n|-ability|p1a: Gyarados|Intimidate|boost\n|-unboost|p2a: Bozo|atk|1\n|-unboost|p2b: Iron Hands|atk|1\n|turn|1\n|j| esotilin123456\n|l| esotilin123456\n|\n|t:|1681665961\n|move|p2b: Iron Hands|Fake Out|p1b: Amoonguss\n|-damage|p1b: Amoonguss|91\/100\n|-damage|p2b: Iron Hands|84\/100|[from] item: Rocky Helmet|[of] p1b: Amoonguss\n|cant|p1b: Amoonguss|flinch\n|move|p1a: Gyarados|Dragon Dance|p1a: Gyarados\n|-boost|p1a: Gyarados|atk|1\n|-boost|p1a: Gyarados|spe|1\n|move|p2a: Bozo|Yawn|p1b: Amoonguss\n|-start|p1b: Amoonguss|move: Yawn|[of] p2a: Bozo\n|\n|upkeep\n|turn|2\n|\n|t:|1681665983\n|-end|p2b: Iron Hands|Quark Drive|[silent]\n|switch|p2b: Tatsugiri|Tatsugiri-Stretchy, L50, M, shiny|100\/100\n|-activate|p2b: Tatsugiri|ability: Commander|[of] p2a: Bozo\n|-boost|p2a: Bozo|atk|2\n|-boost|p2a: Bozo|spa|2\n|-boost|p2a: Bozo|spe|2\n|-boost|p2a: Bozo|def|2\n|-boost|p2a: Bozo|spd|2\n|-enditem|p1a: Gyarados|Mirror Herb\n|-boost|p1a: Gyarados|atk|2|[from] item: Mirror Herb\n|-boost|p1a: Gyarados|spa|2|[from] item: Mirror Herb\n|-boost|p1a: Gyarados|spe|2|[from] item: Mirror Herb\n|-boost|p1a: Gyarados|def|2|[from] item: Mirror Herb\n|-boost|p1a: Gyarados|spd|2|[from] item: Mirror Herb\n|switch|p1b: Iron Hands|Iron Hands, L50|100\/100\n|-enditem|p1b: Iron Hands|Booster Energy\n|-activate|p1b: Iron Hands|ability: Quark Drive|[fromitem]\n|-start|p1b: Iron Hands|quarkdriveatk\n|move|p1a: Gyarados|Protect|p1a: Gyarados\n|-singleturn|p1a: Gyarados|Protect\n|move|p2a: Bozo|Wave Crash|p1b: Iron Hands\n|-damage|p1b: Iron Hands|53\/100\n|-damage|p2a: Bozo|85\/100|[from] Recoil\n|\n|-heal|p2a: Bozo|91\/100|[from] item: Leftovers\n|upkeep\n|turn|3\n|c|\u2606judevgc|:D\n|\n|t:|1681666015\n|-terastallize|p1a: Gyarados|Flying\n|move|p2a: Bozo|Protect|p2a: Bozo\n|-singleturn|p2a: Bozo|Protect\n|move|p1b: Iron Hands|Fake Out|p2a: Bozo\n|-activate|p2a: Bozo|move: Protect\n|move|p1a: Gyarados|Tera Blast|p2a: Bozo\n|-activate|p2a: Bozo|move: Protect\n|\n|-heal|p2a: Bozo|97\/100|[from] item: Leftovers\n|upkeep\n|turn|4\n|j| Bakonlikescufant\n|\n|t:|1681666026\n|move|p1a: Gyarados|Protect|p1a: Gyarados\n|-singleturn|p1a: Gyarados|Protect\n|move|p2a: Bozo|Wave Crash|p1a: Gyarados\n|-activate|p1a: Gyarados|move: Protect\n|move|p1b: Iron Hands|Wild Charge|p2a: Bozo\n|-supereffective|p2a: Bozo\n|-damage|p2a: Bozo|55\/100\n|-damage|p1b: Iron Hands|42\/100|[from] Recoil\n|\n|-heal|p2a: Bozo|61\/100|[from] item: Leftovers\n|upkeep\n|turn|5\n|l|\u2606GameOverGaming\n|player|p2|\n|j|\u2606GameOverGaming\n|player|p2|GameOverGaming|yellow\n|\n|t:|1681666059\n|move|p2a: Bozo|Protect|p2a: Bozo\n|-singleturn|p2a: Bozo|Protect\n|move|p1a: Gyarados|Tera Blast|p2a: Bozo\n|-activate|p2a: Bozo|move: Protect\n|move|p1b: Iron Hands|Wild Charge|p2a: Bozo\n|-activate|p2a: Bozo|move: Protect\n|\n|-heal|p2a: Bozo|67\/100|[from] item: Leftovers\n|upkeep\n|turn|6\n|j| Famyos\n|\n|t:|1681666075\n|-end|p1b: Iron Hands|Quark Drive|[silent]\n|switch|p1b: Amoonguss|Amoonguss, L50, F|100\/100\n|move|p1a: Gyarados|Protect|p1a: Gyarados\n|-singleturn|p1a: Gyarados|Protect\n|move|p2a: Bozo|Wave Crash|p1b: Amoonguss\n|-resisted|p1b: Amoonguss\n|-damage|p1b: Amoonguss|72\/100\n|-damage|p2a: Bozo|50\/100|[from] item: Rocky Helmet|[of] p1b: Amoonguss\n|-damage|p2a: Bozo|42\/100|[from] Recoil\n|\n|-heal|p2a: Bozo|48\/100|[from] item: Leftovers\n|upkeep\n|turn|7\n|\n|t:|1681666088\n|move|p2a: Bozo|Protect|p2a: Bozo\n|-singleturn|p2a: Bozo|Protect\n|move|p1b: Amoonguss|Rage Powder|p1b: Amoonguss\n|-singleturn|p1b: Amoonguss|move: Rage Powder\n|move|p1a: Gyarados|Tera Blast|p2a: Bozo\n|-activate|p2a: Bozo|move: Protect\n|\n|-heal|p2a: Bozo|54\/100|[from] item: Leftovers\n|upkeep\n|turn|8\n|\n|t:|1681666094\n|move|p1b: Amoonguss|Rage Powder|p1b: Amoonguss\n|-singleturn|p1b: Amoonguss|move: Rage Powder\n|move|p1a: Gyarados|Tera Blast|p2a: Bozo\n|-damage|p2a: Bozo|14\/100\n|move|p2a: Bozo|Yawn|p1b: Amoonguss\n|-start|p1b: Amoonguss|move: Yawn|[of] p2a: Bozo\n|\n|-heal|p2a: Bozo|20\/100|[from] item: Leftovers\n|upkeep\n|turn|9\n|\n|t:|1681666111\n|switch|p1b: Iron Hands|Iron Hands, L50|42\/100\n|move|p1a: Gyarados|Tera Blast|p2a: Bozo\n|-damage|p2a: Bozo|0 fnt\n|faint|p2a: Bozo\n|\n|upkeep\n|\n|t:|1681666118\n|switch|p2a: Iron Hands|Iron Hands, L50|84\/100\n|turn|10\n|\n|t:|1681666139\n|-end|p1b: Iron Hands|Quark Drive|[silent]\n|switch|p1b: Amoonguss|Amoonguss, L50, F|100\/100\n|move|p1a: Gyarados|Protect|p1a: Gyarados\n|-singleturn|p1a: Gyarados|Protect\n|move|p2a: Iron Hands|Fake Out|p1b: Amoonguss\n|-damage|p1b: Amoonguss|89\/100\n|-damage|p2a: Iron Hands|67\/100|[from] item: Rocky Helmet|[of] p1b: Amoonguss\n|move|p2b: Tatsugiri|Draco Meteor|p1a: Gyarados\n|-activate|p1a: Gyarados|move: Protect\n|\n|upkeep\n|turn|11\n|l| Mr. Reese\n|\n|t:|1681666156\n|move|p1b: Amoonguss|Rage Powder|p1b: Amoonguss\n|-singleturn|p1b: Amoonguss|move: Rage Powder\n|move|p1a: Gyarados|Tera Blast|p2b: Tatsugiri\n|-damage|p2b: Tatsugiri|0 fnt\n|faint|p2b: Tatsugiri\n|move|p2a: Iron Hands|Wild Charge|p1b: Amoonguss\n|-resisted|p1b: Amoonguss\n|-damage|p1b: Amoonguss|69\/100\n|-damage|p2a: Iron Hands|51\/100|[from] item: Rocky Helmet|[of] p1b: Amoonguss\n|-damage|p2a: Iron Hands|46\/100|[from] Recoil\n|\n|upkeep\n|j| ROBERT5239423942\n|c|\u2606GameOverGaming|gg\n|c|\u2606judevgc|gg\n|-message|GameOverGaming forfeited.\n|\n|win|judevgc\n|n|\u2606judevgc|judevgc\n|n| kiyonamivgc|kiyonamivgc\n|n| Radio Free C-Side|radiofreecside\n|n| Bright Size|brightsize\n|n| Bakonlikescufant|bakonlikescufant\n|n|\u2606GameOverGaming|gameovergaming\n|n| Famyos|famyos\n|n| ROBERT5239423942|robert5239423942\n","uploadtime":1681666172,"views":14,"p1id":"judevgc","p2id":"gameovergaming","formatid":"gen9vgc2023regulationc","rating":0,"private":0,"password":""}