{"id":"gen9vgc2023regulationc-1855954832","p1":"test0704","p2":"Sukiyaki Eater","format":"[Gen 9] VGC 2023 Regulation C","log":"|j|\u2606test0704\n|j|\u2606Sukiyaki Eater\n|t:|1683006612\n|gametype|doubles\n|player|p1|test0704|roxanne|1248\n|player|p2|Sukiyaki Eater|102|1161\n|teamsize|p1|6\n|teamsize|p2|6\n|gen|9\n|tier|[Gen 9] VGC 2023 Regulation C\n|rated|\n|rule|Species Clause: Limit one of each Pok\u00e9mon\n|rule|Item Clause: Limit one of each item\n|clearpoke\n|poke|p1|Chien-Pao, L50|\n|poke|p1|Dragonite, L50, M|\n|poke|p1|Abomasnow, L50, F|\n|poke|p1|Iron Bundle, L50|\n|poke|p1|Talonflame, L50, F|\n|poke|p1|Garchomp, L50, F|\n|poke|p2|Dondozo, L50, F|\n|poke|p2|Tatsugiri, L50, F|\n|poke|p2|Glimmora, L50, F|\n|poke|p2|Chi-Yu, L50|\n|poke|p2|Iron Bundle, L50|\n|poke|p2|Scizor, L50, M|\n|teampreview|4\n|inactive|Battle timer is ON: inactive players will automatically lose when time's up. (requested by test0704)\n|\n|t:|1683006647\n|start\n|switch|p1a: Iron Bundle|Iron Bundle, L50|100\/100\n|switch|p1b: Abomasnow|Abomasnow, L50, F|100\/100\n|switch|p2a: Cultivate Hope.|Scizor, L50, M|100\/100\n|switch|p2b: Read A Book.|Glimmora, L50, F|100\/100\n|-weather|Snow|[from] ability: Snow Warning|[of] p1b: Abomasnow\n|-enditem|p1a: Iron Bundle|Booster Energy\n|-activate|p1a: Iron Bundle|ability: Quark Drive|[fromitem]\n|-start|p1a: Iron Bundle|quarkdrivespe\n|turn|1\n|inactive|test0704 has 30 seconds left.\n|inactive|Sukiyaki Eater has 30 seconds left.\n|inactive|Sukiyaki Eater has 20 seconds left.\n|\n|t:|1683006688\n|-terastallize|p2b: Read A Book.|Grass\n|move|p1a: Iron Bundle|Aurora Veil|p1a: Iron Bundle\n|-sidestart|p1: test0704|move: Aurora Veil\n|move|p2b: Read A Book.|Mortal Spin|p1a: Iron Bundle|[spread] p1a,p1b\n|-supereffective|p1b: Abomasnow\n|-damage|p1a: Iron Bundle|98\/100\n|-damage|p1b: Abomasnow|96\/100\n|-status|p1a: Iron Bundle|psn\n|-status|p1b: Abomasnow|psn\n|move|p2a: Cultivate Hope.|U-turn|p1b: Abomasnow\n|-supereffective|p1b: Abomasnow\n|-damage|p1b: Abomasnow|37\/100 psn\n|\n|t:|1683006700\n|switch|p2a: Take A Long Walk.|Iron Bundle, L50|100\/100|[from] U-turn\n|-enditem|p2a: Take A Long Walk.|Booster Energy\n|-activate|p2a: Take A Long Walk.|ability: Quark Drive|[fromitem]\n|-start|p2a: Take A Long Walk.|quarkdrivespe\n|move|p1b: Abomasnow|Earth Power|p2b: Read A Book.\n|-resisted|p2b: Read A Book.\n|-damage|p2b: Read A Book.|90\/100\n|\n|-weather|Snow|[upkeep]\n|-damage|p1a: Iron Bundle|86\/100 psn|[from] psn\n|-damage|p1b: Abomasnow|25\/100 psn|[from] psn\n|upkeep\n|turn|2\n|inactive|Sukiyaki Eater has 30 seconds left.\n|\n|t:|1683006729\n|move|p2a: Take A Long Walk.|Protect|p2a: Take A Long Walk.\n|-singleturn|p2a: Take A Long Walk.|Protect\n|move|p1a: Iron Bundle|Blizzard|p2a: Take A Long Walk.|[spread] p2b\n|-activate|p2a: Take A Long Walk.|move: Protect\n|-supereffective|p2b: Read A Book.\n|-damage|p2b: Read A Book.|23\/100\n|move|p2b: Read A Book.|Earth Power|p1a: Iron Bundle\n|-damage|p1a: Iron Bundle|41\/100 psn\n|move|p1b: Abomasnow|Energy Ball|p2a: Take A Long Walk.\n|-activate|p2a: Take A Long Walk.|move: Protect\n|\n|-weather|Snow|[upkeep]\n|-damage|p1a: Iron Bundle|29\/100 psn|[from] psn\n|-damage|p1b: Abomasnow|13\/100 psn|[from] psn\n|upkeep\n|turn|3\n|inactive|Sukiyaki Eater has 30 seconds left.\n|inactive|test0704 has 30 seconds left.\n|inactive|Sukiyaki Eater has 20 seconds left.\n|inactive|test0704 has 20 seconds left.\n|inactive|test0704 has 15 seconds left.\n|inactive|test0704 has 10 seconds left.\n|\n|t:|1683006780\n|move|p1a: Iron Bundle|Blizzard|p2b: Read A Book.|[spread] p2a,p2b\n|-resisted|p2a: Take A Long Walk.\n|-supereffective|p2b: Read A Book.\n|-damage|p2a: Take A Long Walk.|80\/100\n|-damage|p2b: Read A Book.|0 fnt\n|faint|p2b: Read A Book.\n|move|p2a: Take A Long Walk.|Icy Wind|p1a: Iron Bundle|[spread] p1a,p1b\n|-resisted|p1a: Iron Bundle\n|-damage|p1a: Iron Bundle|22\/100 psn\n|-damage|p1b: Abomasnow|3\/100 psn\n|-unboost|p1a: Iron Bundle|spe|1\n|-unboost|p1b: Abomasnow|spe|1\n|move|p1b: Abomasnow|Energy Ball|p2a: Take A Long Walk.\n|-supereffective|p2a: Take A Long Walk.\n|-damage|p2a: Take A Long Walk.|0 fnt\n|faint|p2a: Take A Long Walk.\n|-end|p2a: Take A Long Walk.|Quark Drive|[silent]\n|\n|-weather|Snow|[upkeep]\n|-damage|p1a: Iron Bundle|10\/100 psn|[from] psn\n|-damage|p1b: Abomasnow|0 fnt|[from] psn\n|faint|p1b: Abomasnow\n|upkeep\n|\n|t:|1683006794\n|switch|p2a: Cultivate Hope.|Scizor, L50, M|100\/100\n|switch|p2b: Get Some Sun.|Chi-Yu, L50|100\/100\n|switch|p1b: Dragonite|Dragonite, L50, M|100\/100\n|-ability|p2b: Get Some Sun.|Beads of Ruin\n|turn|4\n|inactive|Sukiyaki Eater has 30 seconds left.\n|inactive|Sukiyaki Eater has 20 seconds left.\n|inactive|Sukiyaki Eater has 15 seconds left.\n|\n|t:|1683006838\n|-terastallize|p1b: Dragonite|Fire\n|move|p2a: Cultivate Hope.|Bullet Punch|p1a: Iron Bundle\n|-damage|p1a: Iron Bundle|0 fnt\n|faint|p1a: Iron Bundle\n|-end|p1a: Iron Bundle|Quark Drive|[silent]\n|move|p2b: Get Some Sun.|Snarl|p1b: Dragonite\n|-damage|p1b: Dragonite|79\/100\n|-unboost|p1b: Dragonite|spa|1\n|move|p1b: Dragonite|Stomping Tantrum|p2b: Get Some Sun.\n|-supereffective|p2b: Get Some Sun.\n|-damage|p2b: Get Some Sun.|3\/100\n|\n|-weather|Snow|[upkeep]\n|upkeep\n|\n|t:|1683006850\n|switch|p1a: Chien-Pao|Chien-Pao, L50|100\/100\n|-ability|p1a: Chien-Pao|Sword of Ruin\n|turn|5\n|\n|t:|1683006874\n|move|p2a: Cultivate Hope.|Bullet Punch|p1a: Chien-Pao\n|-supereffective|p1a: Chien-Pao\n|-crit|p1a: Chien-Pao\n|-enditem|p1a: Chien-Pao|Focus Sash\n|-damage|p1a: Chien-Pao|1\/100\n|move|p1a: Chien-Pao|Sacred Sword|p2b: Get Some Sun.\n|-supereffective|p2b: Get Some Sun.\n|-damage|p2b: Get Some Sun.|0 fnt\n|faint|p2b: Get Some Sun.\n|move|p1b: Dragonite|Tera Blast|p2a: Cultivate Hope.\n|-supereffective|p2a: Cultivate Hope.\n|-damage|p2a: Cultivate Hope.|0 fnt\n|faint|p2a: Cultivate Hope.\n|\n|win|test0704\n|raw|test0704's rating: 1248 → 1267<\/strong> (+19 for winning)\n|raw|Sukiyaki Eater's rating: 1161 → 1142<\/strong> (-19 for losing)\n|l|\u2606Sukiyaki Eater\n","uploadtime":1683006981,"views":18,"p1id":"test0704","p2id":"sukiyakieater","formatid":"gen9vgc2023regulationc","rating":1142,"private":0,"password":""}