{"id":"gen9vgc2023regulationc-1848229923","p1":"2020vgcpro","p2":"Goatdozo","format":"[Gen 9] VGC 2023 Regulation C","log":"|j|\u26062020vgcpro\n|j|\u2606Goatdozo\n|t:|1682045369\n|gametype|doubles\n|player|p1|2020vgcpro|ethan-pokeathlon|\n|player|p2|Goatdozo|caitlin|\n|teamsize|p1|6\n|teamsize|p2|6\n|gen|9\n|tier|[Gen 9] VGC 2023 Regulation C\n|rule|Species Clause: Limit one of each Pok\u00e9mon\n|rule|Item Clause: Limit one of each item\n|clearpoke\n|poke|p1|Braviary, L50, M|\n|poke|p1|Great Tusk, L50|\n|poke|p1|Dragonite, L50, M|\n|poke|p1|Houndoom, L50, M|\n|poke|p1|Rotom-Wash, L50|\n|poke|p1|Amoonguss, L50, M|\n|poke|p2|Indeedee-F, L50, F|\n|poke|p2|Flutter Mane, L50|\n|poke|p2|Bisharp, L50, M|\n|poke|p2|Hawlucha, L50, M|\n|poke|p2|Armarouge, L50, M|\n|poke|p2|Azumarill, L50, M|\n|teampreview|4\n|inactive|Battle timer is ON: inactive players will automatically lose when time's up. (requested by 2020vgcpro)\n|c|\u2606Goatdozo|g1\n|inactiveoff|Battle timer is now OFF.\n|c|\u26062020vgcpro|ots in pastes?\n|c|\u2606Goatdozo|its not ots\n|c|\u2606Goatdozo|unless I am dumb\n|j| PurpleStyle\n|c|\u26062020vgcpro|idk cts it is\n|inactive|Battle timer is ON: inactive players will automatically lose when time's up. (requested by 2020vgcpro)\n|c|\u26062020vgcpro|glhf\n|c|\u26062020vgcpro|it is cts\n|inactive|2020vgcpro has 30 seconds left.\n|inactive|2020vgcpro has 20 seconds left.\n|\n|t:|1682045584\n|start\n|switch|p1a: Skeletons|Houndoom, L50, M|100\/100\n|switch|p1b: Comet|Dragonite, L50, M|100\/100\n|switch|p2a: Jillaroo|Indeedee-F, L50, F|100\/100\n|switch|p2b: Jackaroo|Armarouge, L50, M|100\/100\n|-fieldstart|move: Psychic Terrain|[from] ability: Psychic Surge|[of] p2a: Jillaroo\n|turn|1\n|\n|t:|1682045607\n|move|p2a: Jillaroo|Follow Me|p2a: Jillaroo\n|-singleturn|p2a: Jillaroo|move: Follow Me\n|move|p1a: Skeletons|Snarl|p2b: Jackaroo|[spread] p2a,p2b\n|-supereffective|p2a: Jillaroo\n|-supereffective|p2b: Jackaroo\n|-damage|p2a: Jillaroo|56\/100\n|-damage|p2b: Jackaroo|43\/100\n|-unboost|p2a: Jillaroo|spa|1\n|-unboost|p2b: Jackaroo|spa|1\n|move|p1b: Comet|Ice Spinner|p2a: Jillaroo\n|-damage|p2a: Jillaroo|25\/100\n|-fieldend|move: Psychic Terrain\n|move|p2b: Jackaroo|Trick Room|p2b: Jackaroo\n|-fieldstart|move: Trick Room|[of] p2b: Jackaroo\n|-enditem|p2b: Jackaroo|Room Service\n|-unboost|p2b: Jackaroo|spe|1|[from] item: Room Service\n|\n|upkeep\n|turn|2\n|inactive|Goatdozo has 30 seconds left.\n|\n|t:|1682045634\n|-terastallize|p2b: Jackaroo|Fighting\n|move|p1b: Comet|Extreme Speed|p2a: Jillaroo\n|-damage|p2a: Jillaroo|0 fnt\n|faint|p2a: Jillaroo\n|move|p2b: Jackaroo|Aura Sphere|p1a: Skeletons\n|-supereffective|p1a: Skeletons\n|-crit|p1a: Skeletons\n|-damage|p1a: Skeletons|0 fnt\n|faint|p1a: Skeletons\n|\n|upkeep\n|\n|t:|1682045648\n|switch|p2a: Thongs|Flutter Mane, L50|100\/100\n|switch|p1a: Eternal|Amoonguss, L50, M, shiny|100\/100\n|turn|3\n|inactive|2020vgcpro has 30 seconds left.\n|inactive|Goatdozo has 30 seconds left.\n|\n|t:|1682045689\n|-end|p2a: Thongs|Protosynthesis|[silent]\n|switch|p2a: Iced Vovo|Azumarill, L50, M|100\/100\n|-terastallize|p1b: Comet|Fire\n|move|p1a: Eternal|Spore|p2b: Jackaroo\n|-status|p2b: Jackaroo|slp|[from] move: Spore\n|cant|p2b: Jackaroo|slp\n|move|p1b: Comet|Iron Head|p2a: Iced Vovo\n|-damage|p2a: Iced Vovo|78\/100\n|\n|-heal|p2a: Iced Vovo|85\/100|[from] item: Leftovers\n|upkeep\n|turn|4\n|inactive|2020vgcpro has 30 seconds left.\n|inactive|Goatdozo has 30 seconds left.\n|\n|t:|1682045718\n|move|p1a: Eternal|Rage Powder|p1a: Eternal\n|-singleturn|p1a: Eternal|move: Rage Powder\n|move|p1b: Comet|Extreme Speed|p2b: Jackaroo\n|-damage|p2b: Jackaroo|14\/100 slp\n|move|p2a: Iced Vovo|Charm|p1a: Eternal\n|-unboost|p1a: Eternal|atk|2\n|cant|p2b: Jackaroo|slp\n|\n|-heal|p2a: Iced Vovo|91\/100|[from] item: Leftovers\n|upkeep\n|turn|5\n|\n|t:|1682045733\n|switch|p2b: Thongs|Flutter Mane, L50|100\/100\n|move|p1a: Eternal|Rage Powder|p1a: Eternal\n|-singleturn|p1a: Eternal|move: Rage Powder\n|move|p1b: Comet|Extreme Speed|p2b: Thongs\n|-immune|p2b: Thongs\n|move|p2a: Iced Vovo|Ice Beam|p1a: Eternal\n|-supereffective|p1a: Eternal\n|-damage|p1a: Eternal|76\/100\n|-status|p1a: Eternal|frz\n|\n|-heal|p2a: Iced Vovo|97\/100|[from] item: Leftovers\n|-fieldend|move: Trick Room\n|upkeep\n|turn|6\n|\n|t:|1682045758\n|switch|p1a: LandoT?|Great Tusk, L50|100\/100\n|move|p2b: Thongs|Shadow Ball|p1b: Comet\n|-damage|p1b: Comet|68\/100\n|-damage|p2b: Thongs|90\/100|[from] item: Life Orb\n|move|p1b: Comet|Iron Head|p2b: Thongs\n|-supereffective|p2b: Thongs\n|-damage|p2b: Thongs|0 fnt\n|faint|p2b: Thongs\n|-end|p2b: Thongs|Protosynthesis|[silent]\n|move|p2a: Iced Vovo|Charm|p1b: Comet\n|-unboost|p1b: Comet|atk|2\n|\n|-heal|p2a: Iced Vovo|100\/100|[from] item: Leftovers\n|upkeep\n|\n|t:|1682045771\n|switch|p2b: Jackaroo|Armarouge, L50, M, tera:Fighting|14\/100 slp\n|turn|7\n|\n|t:|1682045788\n|switch|p1b: Eternal|Amoonguss, L50, M, shiny|100\/100 frz\n|move|p1a: LandoT?|Earthquake|p2a: Iced Vovo|[spread] p1b,p2a,p2b\n|-damage|p1b: Eternal|61\/100 frz\n|-damage|p2a: Iced Vovo|69\/100\n|-damage|p2b: Jackaroo|0 fnt\n|faint|p2b: Jackaroo\n|move|p2a: Iced Vovo|Draining Kiss|p1a: LandoT?\n|-supereffective|p1a: LandoT?\n|-damage|p1a: LandoT?|60\/100\n|-heal|p2a: Iced Vovo|99\/100|[from] drain|[of] p1a: LandoT?\n|\n|-heal|p2a: Iced Vovo|100\/100|[from] item: Leftovers\n|upkeep\n|turn|8\n|\n|t:|1682045804\n|-end|p1a: LandoT?|Protosynthesis|[silent]\n|switch|p1a: Comet|Dragonite, L50, M, tera:Fire|68\/100\n|move|p2a: Iced Vovo|Draining Kiss|p1a: Comet\n|-resisted|p1a: Comet\n|-damage|p1a: Comet|63\/100\n|cant|p1b: Eternal|frz\n|\n|upkeep\n|turn|9\n|\n|t:|1682045815\n|switch|p1b: LandoT?|Great Tusk, L50|60\/100\n|move|p1a: Comet|Extreme Speed|p2a: Iced Vovo\n|-damage|p2a: Iced Vovo|76\/100\n|move|p2a: Iced Vovo|Ice Beam|p1b: LandoT?\n|-supereffective|p1b: LandoT?\n|-damage|p1b: LandoT?|7\/100\n|\n|-heal|p2a: Iced Vovo|82\/100|[from] item: Leftovers\n|upkeep\n|turn|10\n|\n|t:|1682045835\n|move|p1a: Comet|Extreme Speed|p2a: Iced Vovo\n|-damage|p2a: Iced Vovo|58\/100\n|move|p1b: LandoT?|Headlong Rush|p2a: Iced Vovo\n|-damage|p2a: Iced Vovo|7\/100\n|-unboost|p1b: LandoT?|def|1\n|-unboost|p1b: LandoT?|spd|1\n|move|p2a: Iced Vovo|Ice Beam|p1b: LandoT?\n|-supereffective|p1b: LandoT?\n|-damage|p1b: LandoT?|0 fnt\n|faint|p1b: LandoT?\n|-end|p1b: LandoT?|Protosynthesis|[silent]\n|\n|-heal|p2a: Iced Vovo|13\/100|[from] item: Leftovers\n|upkeep\n|\n|t:|1682045841\n|switch|p1b: Eternal|Amoonguss, L50, M, shiny|94\/100 frz\n|turn|11\n|\n|t:|1682045845\n|move|p2a: Iced Vovo|Protect|p2a: Iced Vovo\n|-singleturn|p2a: Iced Vovo|Protect\n|move|p1a: Comet|Extreme Speed|p2a: Iced Vovo\n|-activate|p2a: Iced Vovo|move: Protect\n|cant|p1b: Eternal|frz\n|\n|-heal|p2a: Iced Vovo|19\/100|[from] item: Leftovers\n|upkeep\n|turn|12\n|\n|t:|1682045854\n|move|p2a: Iced Vovo|Protect|p2a: Iced Vovo\n|-singleturn|p2a: Iced Vovo|Protect\n|move|p1a: Comet|Extreme Speed|p2a: Iced Vovo\n|-activate|p2a: Iced Vovo|move: Protect\n|cant|p1b: Eternal|frz\n|\n|-heal|p2a: Iced Vovo|25\/100|[from] item: Leftovers\n|upkeep\n|turn|13\n|\n|t:|1682045872\n|move|p1a: Comet|Extreme Speed|p2a: Iced Vovo\n|-damage|p2a: Iced Vovo|2\/100\n|move|p2a: Iced Vovo|Charm|p1a: Comet\n|-unboost|p1a: Comet|atk|2\n|-curestatus|p1b: Eternal|frz|[msg]\n|move|p1b: Eternal|Pollen Puff|p2a: Iced Vovo\n|-resisted|p2a: Iced Vovo\n|-damage|p2a: Iced Vovo|0 fnt\n|faint|p2a: Iced Vovo\n|\n|win|2020vgcpro\n|c|\u26062020vgcpro|gg\n|c|\u2606Goatdozo|gg\n|l| PurpleStyle\n","uploadtime":1682046321,"views":27,"p1id":"2020vgcpro","p2id":"goatdozo","formatid":"gen9vgc2023regulationc","rating":0,"private":0,"password":""}