{"id":"gen9vgc2023regulationc-1846150133","p1":"Tilzy","p2":"Goldsaint5","format":"[Gen 9] VGC 2023 Regulation C","log":"|j|\u2606Tilzy\n|j|\u2606Goldsaint5\n|t:|1681814019\n|gametype|doubles\n|player|p1|Tilzy|1|\n|player|p2|Goldsaint5|wikstrom|\n|teamsize|p1|6\n|teamsize|p2|6\n|gen|9\n|tier|[Gen 9] VGC 2023 Regulation C\n|rated|Tournament battle\n|rule|Species Clause: Limit one of each Pok\u00e9mon\n|rule|Item Clause: Limit one of each item\n|clearpoke\n|poke|p1|Dondozo, L50, M|\n|poke|p1|Tatsugiri, L50, F|\n|poke|p1|Pelipper, L50, F|\n|poke|p1|Drednaw, L50, F|\n|poke|p1|Chien-Pao, L50|\n|poke|p1|Dragonite, L50, M|\n|poke|p2|Talonflame, L50, F|\n|poke|p2|Chien-Pao, L50|\n|poke|p2|Annihilape, L50, F|\n|poke|p2|Bisharp, L50, M|\n|poke|p2|Baxcalibur, L50, M|\n|poke|p2|Azumarill, L50, M|\n|teampreview|4\n|raw| Open Team Sheet for Tilzy<\/summary>Dondozo @ Life Orb Ability: Unaware Level: 50 Tera Type: Water - Wave Crash - Surf - Sleep Talk - Protect Tatsugiri @ Choice Scarf Ability: Commander Level: 50 Tera Type: Steel - Muddy Water - Icy Wind - Draco Meteor - Helping Hand Pelipper @ Damp Rock Ability: Drizzle Level: 50 Tera Type: Steel - Hurricane - Hydro Pump - Tailwind - Protect Drednaw @ Choice Band Ability: Swift Swim Level: 50 Tera Type: Grass - Rock Slide - Waterfall - Tera Blast - Earthquake Chien-Pao @ Focus Sash Ability: Sword of Ruin Level: 50 Tera Type: Dark - Ice Spinner - Sucker Punch - Sacred Sword - Protect Dragonite @ Lum Berry Ability: Inner Focus Level: 50 Tera Type: Normal - Extreme Speed - Ice Spinner - Thunder Punch - Protect <\/details><\/div> Open Team Sheet for Goldsaint5<\/summary>Talonflame @ Covert Cloak Ability: Gale Wings Level: 50 Tera Type: Flying - Brave Bird - Flare Blitz - Tailwind - Taunt Chien-Pao @ Focus Sash Ability: Sword of Ruin Level: 50 Tera Type: Fire - Ice Spinner - Throat Chop - Sacred Sword - Sucker Punch Annihilape @ Leftovers Ability: Defiant Level: 50 Tera Type: Fire - Bulk Up - Rage Fist - Drain Punch - Protect Bisharp (M) @ Eviolite Ability: Defiant Level: 50 Tera Type: Fire - Assurance - Iron Head - Sucker Punch - Tera Blast Baxcalibur (M) @ Clear Amulet Ability: Thermal Exchange Level: 50 Shiny: Yes Tera Type: Poison - Icicle Spear - Glaive Rush - Protect - Ice Shard Azumarill @ Assault Vest Ability: Huge Power Level: 50 Tera Type: Poison - Liquidation - Play Rough - Ice Spinner - Aqua Jet <\/details><\/div>\n|c|\u2606Goldsaint5|gl hf\n|c|\u2606Tilzy|glhf\n|\n|t:|1681814078\n|start\n|switch|p1a: Tatsugiri|Tatsugiri, L50, F|100\/100\n|switch|p1b: Dondozo|Dondozo, L50, M|100\/100\n|switch|p2a: Talonflame|Talonflame, L50, F|100\/100\n|switch|p2b: Baxcalibur|Baxcalibur, L50, M, shiny|100\/100\n|-activate|p1a: Tatsugiri|ability: Commander|[of] p1b: Dondozo\n|-boost|p1b: Dondozo|atk|2\n|-boost|p1b: Dondozo|spa|2\n|-boost|p1b: Dondozo|spe|2\n|-boost|p1b: Dondozo|def|2\n|-boost|p1b: Dondozo|spd|2\n|turn|1\n|\n|t:|1681814100\n|-terastallize|p1b: Dondozo|Water\n|move|p2a: Talonflame|Tailwind|p2a: Talonflame\n|-sidestart|p2: Goldsaint5|move: Tailwind\n|move|p2b: Baxcalibur|Glaive Rush|p1b: Dondozo\n|-damage|p1b: Dondozo|71\/100\n|-singlemove|p2b: Baxcalibur|Glaive Rush|[silent]\n|move|p1b: Dondozo|Surf|p2a: Talonflame|[spread] p2a,p2b\n|-miss|p1b: Dondozo|p1a: Tatsugiri\n|-supereffective|p2a: Talonflame\n|-resisted|p2b: Baxcalibur\n|-damage|p2a: Talonflame|0 fnt\n|-damage|p2b: Baxcalibur|23\/100\n|faint|p2a: Talonflame\n|-damage|p1b: Dondozo|61\/100|[from] item: Life Orb\n|\n|upkeep\n|\n|t:|1681814113\n|switch|p2a: Annihilape|Annihilape, L50, F|100\/100\n|turn|2\n|\n|t:|1681814128\n|move|p2b: Baxcalibur|Protect|p2b: Baxcalibur\n|-singleturn|p2b: Baxcalibur|Protect\n|move|p2a: Annihilape|Drain Punch|p1b: Dondozo\n|-damage|p1b: Dondozo|46\/100\n|move|p1b: Dondozo|Surf|p2b: Baxcalibur|[spread] p2a\n|-miss|p1b: Dondozo|p1a: Tatsugiri\n|-activate|p2b: Baxcalibur|move: Protect\n|-damage|p2a: Annihilape|27\/100\n|-damage|p1b: Dondozo|36\/100|[from] item: Life Orb\n|\n|-heal|p2a: Annihilape|33\/100|[from] item: Leftovers\n|upkeep\n|turn|3\n|\n|t:|1681814145\n|move|p1b: Dondozo|Protect|p1b: Dondozo\n|-singleturn|p1b: Dondozo|Protect\n|move|p2b: Baxcalibur|Glaive Rush|p1b: Dondozo\n|-activate|p1b: Dondozo|move: Protect\n|move|p2a: Annihilape|Drain Punch|p1b: Dondozo\n|-activate|p1b: Dondozo|move: Protect\n|\n|-heal|p2a: Annihilape|39\/100|[from] item: Leftovers\n|upkeep\n|turn|4\n|\n|t:|1681814157\n|move|p2b: Baxcalibur|Glaive Rush|p1b: Dondozo\n|-damage|p1b: Dondozo|4\/100\n|-singlemove|p2b: Baxcalibur|Glaive Rush|[silent]\n|move|p2a: Annihilape|Drain Punch|p1b: Dondozo\n|-damage|p1b: Dondozo|0 fnt\n|-heal|p2a: Annihilape|42\/100|[from] drain|[of] p1b: Dondozo\n|faint|p1b: Dondozo\n|\n|-heal|p2a: Annihilape|48\/100|[from] item: Leftovers\n|-sideend|p2: Goldsaint5|move: Tailwind\n|upkeep\n|\n|t:|1681814173\n|switch|p1b: Drednaw|Drednaw, L50, F|100\/100\n|turn|5\n|\n|t:|1681814204\n|switch|p1a: Pelipper|Pelipper, L50, F|100\/100\n|-weather|RainDance|[from] ability: Drizzle|[of] p1a: Pelipper\n|move|p2a: Annihilape|Protect|p2a: Annihilape\n|-singleturn|p2a: Annihilape|Protect\n|move|p2b: Baxcalibur|Ice Shard|p1a: Pelipper\n|-damage|p1a: Pelipper|72\/100\n|move|p1b: Drednaw|Earthquake|p2b: Baxcalibur|[spread] p2b\n|-activate|p2a: Annihilape|move: Protect\n|-immune|p1a: Pelipper\n|-damage|p2b: Baxcalibur|0 fnt\n|faint|p2b: Baxcalibur\n|\n|-weather|RainDance|[upkeep]\n|-heal|p2a: Annihilape|53\/100|[from] item: Leftovers\n|upkeep\n|\n|t:|1681814220\n|switch|p2b: Chien-Pao|Chien-Pao, L50|100\/100\n|-ability|p2b: Chien-Pao|Sword of Ruin\n|turn|6\n|\n|t:|1681814233\n|move|p1b: Drednaw|Earthquake|p2b: Chien-Pao|[spread] p2a,p2b\n|-immune|p1a: Pelipper\n|-damage|p2a: Annihilape|9\/100\n|-damage|p2b: Chien-Pao|48\/100\n|move|p2b: Chien-Pao|Ice Spinner|p1a: Pelipper\n|-damage|p1a: Pelipper|14\/100\n|move|p2a: Annihilape|Drain Punch|p1b: Drednaw\n|-supereffective|p1b: Drednaw\n|-damage|p1b: Drednaw|0 fnt\n|-heal|p2a: Annihilape|48\/100|[from] drain|[of] p1b: Drednaw\n|faint|p1b: Drednaw\n|move|p1a: Pelipper|Hurricane|p2b: Chien-Pao\n|-damage|p2b: Chien-Pao|0 fnt\n|faint|p2b: Chien-Pao\n|\n|-weather|RainDance|[upkeep]\n|-heal|p2a: Annihilape|53\/100|[from] item: Leftovers\n|upkeep\n|\n|t:|1681814237\n|switch|p1b: Tatsugiri|Tatsugiri, L50, F|100\/100\n|turn|7\n|\n|t:|1681814254\n|move|p1b: Tatsugiri|Muddy Water|p2a: Annihilape\n|-damage|p2a: Annihilape|0 fnt\n|faint|p2a: Annihilape\n|\n|win|Tilzy\n|n|\u2606Tilzy|tilzy\n|n|\u2606Goldsaint5|goldsaint5\n","uploadtime":1681814255,"views":13,"p1id":"tilzy","p2id":"goldsaint5","formatid":"gen9vgc2023regulationc","rating":0,"private":0,"password":""}