{"id":"gen9vgc2023regulationc-1861470525","p1":"RadiantBlue4552","p2":"pizzawing","format":"[Gen 9] VGC 2023 Regulation C","log":"|j|\u2606RadiantBlue4552\n|j|\u2606pizzawing\n|t:|1683761847\n|gametype|doubles\n|player|p1|RadiantBlue4552|1|1338\n|player|p2|pizzawing|265|1387\n|teamsize|p1|6\n|teamsize|p2|6\n|gen|9\n|tier|[Gen 9] VGC 2023 Regulation C\n|rated|\n|rule|Species Clause: Limit one of each Pok\u00e9mon\n|rule|Item Clause: Limit one of each item\n|clearpoke\n|poke|p1|Kingambit, L50, M|\n|poke|p1|Hariyama, L50, M|\n|poke|p1|Garchomp, L50, M|\n|poke|p1|Torkoal, L50, F|\n|poke|p1|Brute Bonnet, L50|\n|poke|p1|Oranguru, L50, M|\n|poke|p2|Chi-Yu, L50|\n|poke|p2|Flutter Mane, L50|\n|poke|p2|Palafin, L50, F|\n|poke|p2|Garganacl, L50, F|\n|poke|p2|Dragonite, L50, M|\n|poke|p2|Amoonguss, L50, M|\n|teampreview|4\n|inactive|Battle timer is ON: inactive players will automatically lose when time's up. (requested by RadiantBlue4552)\n|\n|t:|1683761880\n|start\n|switch|p1a: Kingambit|Kingambit, L50, M|100\/100\n|switch|p1b: Garchomp|Garchomp, L50, M|100\/100\n|switch|p2a: Chi-Yu|Chi-Yu, L50|100\/100\n|switch|p2b: Palafin|Palafin, L50, F|100\/100\n|-ability|p2a: Chi-Yu|Beads of Ruin\n|turn|1\n|inactive|RadiantBlue4552 has 30 seconds left.\n|\n|t:|1683761908\n|detailschange|p2b: Palafin|Palafin-Hero, L50, F\n|switch|p2b: Amoonguss|Amoonguss, L50, M|100\/100\n|-terastallize|p1a: Kingambit|Flying\n|move|p2a: Chi-Yu|Protect|p2a: Chi-Yu\n|-singleturn|p2a: Chi-Yu|Protect\n|move|p1b: Garchomp|Earthquake|p2a: Chi-Yu|[spread] p2b\n|-activate|p2a: Chi-Yu|move: Protect\n|-immune|p1a: Kingambit\n|-damage|p2b: Amoonguss|62\/100\n|move|p1a: Kingambit|Aerial Ace|p2b: Amoonguss\n|-supereffective|p2b: Amoonguss\n|-damage|p2b: Amoonguss|0 fnt\n|faint|p2b: Amoonguss\n|\n|upkeep\n|\n|t:|1683761923\n|switch|p2b: Palafin|Palafin-Hero, L50, F|100\/100\n|-activate|p2b: Palafin|ability: Zero to Hero\n|turn|2\n|inactive|RadiantBlue4552 has 30 seconds left.\n|\n|t:|1683761952\n|-terastallize|p2a: Chi-Yu|Ghost\n|move|p1b: Garchomp|Earthquake|p2a: Chi-Yu|[spread] p2a,p2b\n|-immune|p1a: Kingambit\n|-damage|p2a: Chi-Yu|51\/100\n|-damage|p2b: Palafin|63\/100\n|move|p2b: Palafin|Wave Crash|p1b: Garchomp\n|-damage|p1b: Garchomp|0 fnt\n|-damage|p2b: Palafin|51\/100|[from] ability: Rough Skin|[of] p1b: Garchomp\n|faint|p1b: Garchomp\n|-damage|p2b: Palafin|20\/100|[from] Recoil\n|move|p2a: Chi-Yu|Heat Wave|p1a: Kingambit\n|-damage|p1a: Kingambit|40\/100\n|-status|p1a: Kingambit|brn\n|-damage|p2a: Chi-Yu|42\/100|[from] item: Life Orb\n|move|p1a: Kingambit|Kowtow Cleave|p2b: Palafin\n|-damage|p2b: Palafin|0 fnt\n|faint|p2b: Palafin\n|\n|-damage|p1a: Kingambit|34\/100 brn|[from] brn\n|upkeep\n|\n|t:|1683761973\n|switch|p1b: Oranguru|Oranguru, L50, M|100\/100\n|switch|p2b: Garganacl|Garganacl, L50, F|100\/100\n|turn|3\n|\n|t:|1683761992\n|move|p2a: Chi-Yu|Substitute|p2a: Chi-Yu\n|-start|p2a: Chi-Yu|Substitute\n|-damage|p2a: Chi-Yu|17\/100\n|move|p1a: Kingambit|Kowtow Cleave|p2a: Chi-Yu\n|-supereffective|p2a: Chi-Yu\n|-end|p2a: Chi-Yu|Substitute\n|move|p2b: Garganacl|Salt Cure|p1b: Oranguru\n|-damage|p1b: Oranguru|85\/100\n|-start|p1b: Oranguru|Salt Cure\n|move|p1b: Oranguru|Trick Room|p1b: Oranguru\n|-fieldstart|move: Trick Room|[of] p1b: Oranguru\n|\n|-damage|p1a: Kingambit|29\/100 brn|[from] brn\n|-damage|p1b: Oranguru|73\/100|[from] Salt Cure\n|upkeep\n|turn|4\n|\n|t:|1683762008\n|move|p2a: Chi-Yu|Protect|p2a: Chi-Yu\n|-singleturn|p2a: Chi-Yu|Protect\n|move|p2b: Garganacl|Salt Cure|p1a: Kingambit\n|-supereffective|p1a: Kingambit\n|-damage|p1a: Kingambit|5\/100 brn\n|-start|p1a: Kingambit|Salt Cure\n|move|p1b: Oranguru|Psychic|p2a: Chi-Yu\n|-activate|p2a: Chi-Yu|move: Protect\n|move|p1a: Kingambit|Iron Head|p2b: Garganacl\n|-supereffective|p2b: Garganacl\n|-crit|p2b: Garganacl\n|-damage|p2b: Garganacl|54\/100\n|\n|-heal|p2b: Garganacl|60\/100|[from] item: Leftovers\n|-damage|p1a: Kingambit|0 fnt|[from] brn\n|faint|p1a: Kingambit\n|-damage|p1b: Oranguru|60\/100|[from] Salt Cure\n|upkeep\n|\n|t:|1683762023\n|switch|p1a: Torkoal|Torkoal, L50, F|100\/100\n|-weather|SunnyDay|[from] ability: Drought|[of] p1a: Torkoal\n|turn|5\n|inactive|pizzawing has 30 seconds left.\n|\n|t:|1683762051\n|move|p2a: Chi-Yu|Protect|p2a: Chi-Yu\n|-singleturn|p2a: Chi-Yu|Protect\n|move|p1a: Torkoal|Earth Power|p2b: Garganacl\n|-supereffective|p2b: Garganacl\n|-damage|p2b: Garganacl|4\/100\n|move|p2b: Garganacl|Salt Cure|p1a: Torkoal\n|-supereffective|p1a: Torkoal\n|-damage|p1a: Torkoal|80\/100\n|-start|p1a: Torkoal|Salt Cure\n|move|p1b: Oranguru|Psychic|p2a: Chi-Yu\n|-activate|p2a: Chi-Yu|move: Protect\n|\n|-weather|SunnyDay|[upkeep]\n|-heal|p2b: Garganacl|10\/100|[from] item: Leftovers\n|-damage|p1a: Torkoal|68\/100|[from] Salt Cure\n|-damage|p1b: Oranguru|48\/100|[from] Salt Cure\n|upkeep\n|turn|6\n|\n|t:|1683762069\n|move|p2b: Garganacl|Protect|p2b: Garganacl\n|-singleturn|p2b: Garganacl|Protect\n|move|p2a: Chi-Yu|Protect||[still]\n|-fail|p2a: Chi-Yu\n|move|p1a: Torkoal|Overheat|p2b: Garganacl\n|-activate|p2b: Garganacl|move: Protect\n|move|p1b: Oranguru|Psychic|p2a: Chi-Yu\n|-damage|p2a: Chi-Yu|0 fnt\n|faint|p2a: Chi-Yu\n|\n|-weather|SunnyDay|[upkeep]\n|-heal|p2b: Garganacl|15\/100|[from] item: Leftovers\n|-damage|p1a: Torkoal|55\/100|[from] Salt Cure\n|-damage|p1b: Oranguru|36\/100|[from] Salt Cure\n|upkeep\n|turn|7\n|\n|t:|1683762088\n|move|p2b: Garganacl|Protect||[still]\n|-fail|p2b: Garganacl\n|move|p1a: Torkoal|Overheat|p2b: Garganacl\n|-resisted|p2b: Garganacl\n|-damage|p2b: Garganacl|0 fnt\n|-unboost|p1a: Torkoal|spa|2\n|faint|p2b: Garganacl\n|\n|win|RadiantBlue4552\n|raw|RadiantBlue4552's rating: 1353 → 1375<\/strong> (+22 for winning)\n|raw|pizzawing's rating: 1387 → 1365<\/strong> (-22 for losing)\n|l|\u2606pizzawing\n","uploadtime":1683762101,"views":9,"p1id":"radiantblue4552","p2id":"pizzawing","formatid":"gen9vgc2023regulationc","rating":1365,"private":0,"password":""}