{"id":"gen9vgc2023regulationc-1854581018","p1":"Oracleman","p2":"Fijiwater301","format":"[Gen 9] VGC 2023 Regulation C","log":"|j|\u2606Oracleman\n|j|\u2606Fijiwater301\n|t:|1682830341\n|gametype|doubles\n|player|p1|Oracleman|blackbelt-gen4|1092\n|player|p2|Fijiwater301|2|1000\n|teamsize|p1|6\n|teamsize|p2|6\n|gen|9\n|tier|[Gen 9] VGC 2023 Regulation C\n|rated|\n|rule|Species Clause: Limit one of each Pok\u00e9mon\n|rule|Item Clause: Limit one of each item\n|clearpoke\n|poke|p1|Ting-Lu, L50|\n|poke|p1|Amoonguss, L50, F|\n|poke|p1|Chien-Pao, L50|\n|poke|p1|Flutter Mane, L50|\n|poke|p1|Volcarona, L50, M|\n|poke|p1|Iron Bundle, L50|\n|poke|p2|Grimmsnarl, L50, M|\n|poke|p2|Hariyama, L50, F|\n|poke|p2|Slowbro, L50, F|\n|poke|p2|Toedscruel, L50, F|\n|poke|p2|Gothitelle, L50, M|\n|poke|p2|Armarouge, L50, F|\n|teampreview|4\n|j| GymLeader Avery\n|\n|t:|1682830383\n|start\n|switch|p1a: Iron Bundle|Iron Bundle, L50|100\/100\n|switch|p1b: Amoonguss|Amoonguss, L50, F|100\/100\n|switch|p2a: Toedscruel|Toedscruel, L50, F|100\/100\n|switch|p2b: Hariyama|Hariyama, L50, F|100\/100\n|-enditem|p1a: Iron Bundle|Booster Energy\n|-activate|p1a: Iron Bundle|ability: Quark Drive|[fromitem]\n|-start|p1a: Iron Bundle|quarkdrivespa\n|turn|1\n|\n|t:|1682830406\n|-terastallize|p2a: Toedscruel|Steel\n|move|p2b: Hariyama|Fake Out|p1b: Amoonguss\n|-damage|p1b: Amoonguss|87\/100\n|-damage|p2b: Hariyama|84\/100|[from] item: Rocky Helmet|[of] p1b: Amoonguss\n|move|p1a: Iron Bundle|Ice Beam|p2a: Toedscruel\n|-resisted|p2a: Toedscruel\n|-damage|p2a: Toedscruel|83\/100\n|cant|p1b: Amoonguss|flinch\n|move|p2a: Toedscruel|Trick Room|p2a: Toedscruel\n|-fieldstart|move: Trick Room|[of] p2a: Toedscruel\n|\n|-heal|p2a: Toedscruel|89\/100|[from] item: Leftovers\n|-status|p2b: Hariyama|brn|[from] item: Flame Orb\n|upkeep\n|turn|2\n|\n|t:|1682830459\n|move|p1a: Iron Bundle|Protect|p1a: Iron Bundle\n|-singleturn|p1a: Iron Bundle|Protect\n|move|p1b: Amoonguss|Spore|p2a: Toedscruel\n|-status|p2a: Toedscruel|slp|[from] move: Spore\n|move|p2b: Hariyama|Facade|p1b: Amoonguss\n|-damage|p1b: Amoonguss|14\/100\n|-damage|p2b: Hariyama|68\/100 brn|[from] item: Rocky Helmet|[of] p1b: Amoonguss\n|cant|p2a: Toedscruel|slp\n|\n|-heal|p2a: Toedscruel|95\/100 slp|[from] item: Leftovers\n|-damage|p2b: Hariyama|62\/100 brn|[from] brn\n|upkeep\n|turn|3\n|\n|t:|1682830494\n|switch|p1b: Volcarona|Volcarona, L50, M|100\/100\n|move|p2b: Hariyama|Facade|p1b: Volcarona\n|-enditem|p1b: Volcarona|Focus Sash\n|-damage|p1b: Volcarona|1\/100\n|-curestatus|p2a: Toedscruel|slp|[msg]\n|move|p2a: Toedscruel|Giga Drain|p1a: Iron Bundle\n|-supereffective|p1a: Iron Bundle\n|-damage|p1a: Iron Bundle|13\/100\n|-heal|p2a: Toedscruel|100\/100|[from] drain|[of] p1a: Iron Bundle\n|move|p1a: Iron Bundle|Hydro Pump|p2b: Hariyama\n|-damage|p2b: Hariyama|0 fnt\n|faint|p2b: Hariyama\n|\n|upkeep\n|\n|t:|1682830512\n|switch|p2b: Grimmsnarl|Grimmsnarl, L50, M|100\/100\n|turn|4\n|\n|t:|1682830549\n|move|p1a: Iron Bundle|Protect|p1a: Iron Bundle\n|-singleturn|p1a: Iron Bundle|Protect\n|move|p2b: Grimmsnarl|Thunder Wave|p1b: Volcarona\n|-status|p1b: Volcarona|par\n|move|p1b: Volcarona|Fiery Dance|p2a: Toedscruel\n|-supereffective|p2a: Toedscruel\n|-damage|p2a: Toedscruel|46\/100\n|-boost|p1b: Volcarona|spa|1\n|move|p2a: Toedscruel|Giga Drain|p1a: Iron Bundle\n|-activate|p1a: Iron Bundle|move: Protect\n|\n|-heal|p2a: Toedscruel|52\/100|[from] item: Leftovers\n|upkeep\n|turn|5\n|\n|t:|1682830574\n|move|p1a: Iron Bundle|Helping Hand|p1b: Volcarona\n|-singleturn|p1b: Volcarona|Helping Hand|[of] p1a: Iron Bundle\n|move|p2b: Grimmsnarl|Light Screen|p2b: Grimmsnarl\n|-sidestart|p2: Fijiwater301|move: Light Screen\n|move|p1b: Volcarona|Fiery Dance|p2a: Toedscruel\n|-supereffective|p2a: Toedscruel\n|-damage|p2a: Toedscruel|0 fnt\n|faint|p2a: Toedscruel\n|\n|-fieldend|move: Trick Room\n|upkeep\n|\n|t:|1682830585\n|switch|p2a: Armarouge|Armarouge, L50, F|100\/100\n|turn|6\n|\n|t:|1682830629\n|move|p2b: Grimmsnarl|Thunder Wave|p1a: Iron Bundle\n|-status|p1a: Iron Bundle|par\n|move|p1a: Iron Bundle|Hydro Pump|p2a: Armarouge|[miss]\n|-miss|p1a: Iron Bundle|p2a: Armarouge\n|move|p2a: Armarouge|Expanding Force|p1a: Iron Bundle\n|-damage|p1a: Iron Bundle|0 fnt\n|faint|p1a: Iron Bundle\n|-end|p1a: Iron Bundle|Quark Drive|[silent]\n|cant|p1b: Volcarona|par\n|\n|upkeep\n|\n|t:|1682830643\n|switch|p1a: Amoonguss|Amoonguss, L50, F|47\/100\n|turn|7\n|\n|t:|1682830681\n|move|p2b: Grimmsnarl|Parting Shot|p1b: Volcarona\n|-unboost|p1b: Volcarona|atk|1\n|-unboost|p1b: Volcarona|spa|1\n|move|p2a: Armarouge|Armor Cannon|p1a: Amoonguss\n|-supereffective|p1a: Amoonguss\n|-damage|p1a: Amoonguss|0 fnt\n|-unboost|p2a: Armarouge|def|1\n|-unboost|p2a: Armarouge|spd|1\n|faint|p1a: Amoonguss\n|cant|p1b: Volcarona|par\n|\n|upkeep\n|\n|t:|1682830690\n|switch|p1a: Chien-Pao|Chien-Pao, L50|100\/100\n|-ability|p1a: Chien-Pao|Sword of Ruin\n|turn|8\n|inactive|Battle timer is ON: inactive players will automatically lose when time's up. (requested by Fijiwater301)\n|\n|t:|1682830728\n|move|p2b: Grimmsnarl|Thunder Wave|p1a: Chien-Pao\n|-hint|Since gen 7, Dark is immune to Prankster moves.\n|-immune|p1a: Chien-Pao\n|move|p1a: Chien-Pao|Icicle Crash|p2b: Grimmsnarl\n|-damage|p2b: Grimmsnarl|47\/100\n|move|p2a: Armarouge|Armor Cannon|p1a: Chien-Pao\n|-supereffective|p1a: Chien-Pao\n|-damage|p1a: Chien-Pao|0 fnt\n|-unboost|p2a: Armarouge|def|1\n|-unboost|p2a: Armarouge|spd|1\n|faint|p1a: Chien-Pao\n|move|p1b: Volcarona|Giga Drain|p2b: Grimmsnarl\n|-damage|p2b: Grimmsnarl|30\/100\n|-heal|p1b: Volcarona|12\/100 par|[from] drain|[of] p2b: Grimmsnarl\n|\n|upkeep\n|turn|9\n|inactive|Fijiwater301 has 30 seconds left.\n|\n|t:|1682830754\n|-terastallize|p1b: Volcarona|Water\n|move|p2b: Grimmsnarl|Parting Shot|p1b: Volcarona\n|-unboost|p1b: Volcarona|atk|1\n|-unboost|p1b: Volcarona|spa|1\n|move|p2a: Armarouge|Expanding Force|p1b: Volcarona\n|-damage|p1b: Volcarona|0 fnt\n|faint|p1b: Volcarona\n|\n|win|Fijiwater301\n|raw|Oracleman's rating: 1092 → 1062<\/strong> (-30 for losing)\n|raw|Fijiwater301's rating: 1000 → 1050<\/strong> (+50 for winning)\n|l|\u2606Oracleman\n","uploadtime":1682830765,"views":16,"p1id":"oracleman","p2id":"fijiwater301","formatid":"gen9vgc2023regulationc","rating":1050,"private":0,"password":""}