{"id":"gen9vgc2023regulationc-1848447120","p1":"Abstrct212","p2":"Rexluser","format":"[Gen 9] VGC 2023 Regulation C","log":"|j|\u2606Abstrct212\n|j|\u2606Rexluser\n|t:|1682079257\n|gametype|doubles\n|player|p1|Abstrct212|169|1095\n|player|p2|Rexluser|102|1046\n|teamsize|p1|6\n|teamsize|p2|6\n|gen|9\n|tier|[Gen 9] VGC 2023 Regulation C\n|rated|\n|rule|Species Clause: Limit one of each Pok\u00e9mon\n|rule|Item Clause: Limit one of each item\n|clearpoke\n|poke|p1|Quaquaval, L50, F|\n|poke|p1|Amoonguss, L50, M|\n|poke|p1|Talonflame, L50, M|\n|poke|p1|Flutter Mane, L50|\n|poke|p1|Baxcalibur, L50, F|\n|poke|p1|Chien-Pao, L50|\n|poke|p2|Armarouge, L50, M|\n|poke|p2|Indeedee-F, L50, F|\n|poke|p2|Great Tusk, L50|\n|poke|p2|Iron Bundle, L50|\n|poke|p2|Iron Hands, L50|\n|poke|p2|Brute Bonnet, L50|\n|teampreview|4\n|inactive|Battle timer is ON: inactive players will automatically lose when time's up. (requested by Rexluser)\n|\n|t:|1682079291\n|start\n|switch|p1a: Baxcalibur|Baxcalibur, L50, F|100\/100\n|switch|p1b: Quaquaval|Quaquaval, L50, F|100\/100\n|switch|p2a: Great Tusk|Great Tusk, L50|100\/100\n|switch|p2b: Iron Bundle|Iron Bundle, L50|100\/100\n|-enditem|p2b: Iron Bundle|Booster Energy\n|-activate|p2b: Iron Bundle|ability: Quark Drive|[fromitem]\n|-start|p2b: Iron Bundle|quarkdrivespe\n|turn|1\n|inactive|Rexluser has 30 seconds left.\n|\n|t:|1682079318\n|move|p1a: Baxcalibur|Ice Shard|p2a: Great Tusk\n|-supereffective|p2a: Great Tusk\n|-damage|p2a: Great Tusk|65\/100\n|move|p2b: Iron Bundle|Freeze-Dry|p1b: Quaquaval\n|-supereffective|p1b: Quaquaval\n|-damage|p1b: Quaquaval|29\/100\n|-status|p1b: Quaquaval|frz\n|move|p2a: Great Tusk|Headlong Rush|p1a: Baxcalibur\n|-damage|p1a: Baxcalibur|45\/100\n|-unboost|p2a: Great Tusk|def|1\n|-unboost|p2a: Great Tusk|spd|1\n|cant|p1b: Quaquaval|frz\n|\n|upkeep\n|turn|2\n|c|\u2606Abstrct212|cmon man\n|\n|t:|1682079338\n|move|p1a: Baxcalibur|Ice Shard|p2a: Great Tusk\n|-supereffective|p2a: Great Tusk\n|-damage|p2a: Great Tusk|5\/100\n|move|p2b: Iron Bundle|Freeze-Dry|p1b: Quaquaval\n|-supereffective|p1b: Quaquaval\n|-damage|p1b: Quaquaval|0 fnt\n|faint|p1b: Quaquaval\n|move|p2a: Great Tusk|Headlong Rush|p1a: Baxcalibur\n|-damage|p1a: Baxcalibur|0 fnt\n|-unboost|p2a: Great Tusk|def|1\n|-unboost|p2a: Great Tusk|spd|1\n|faint|p1a: Baxcalibur\n|\n|upkeep\n|c|\u2606Abstrct212|are you kidding me\n|\n|t:|1682079349\n|switch|p1a: Talonflame|Talonflame, L50, M|100\/100\n|switch|p1b: Flutter Mane|Flutter Mane, L50|100\/100\n|turn|3\n|\n|t:|1682079358\n|-terastallize|p1b: Flutter Mane|Fairy\n|move|p1a: Talonflame|Tailwind|p1a: Talonflame\n|-sidestart|p1: Abstrct212|move: Tailwind\n|move|p1b: Flutter Mane|Dazzling Gleam|p2b: Iron Bundle|[spread] p2a,p2b\n|-supereffective|p2a: Great Tusk\n|-damage|p2a: Great Tusk|0 fnt\n|-damage|p2b: Iron Bundle|0 fnt\n|faint|p2a: Great Tusk\n|-end|p2a: Great Tusk|Protosynthesis|[silent]\n|faint|p2b: Iron Bundle\n|-end|p2b: Iron Bundle|Quark Drive|[silent]\n|\n|upkeep\n|\n|t:|1682079367\n|switch|p2b: Indeedee|Indeedee-F, L50, F|100\/100\n|switch|p2a: Armarouge|Armarouge, L50, M|100\/100\n|-fieldstart|move: Psychic Terrain|[from] ability: Psychic Surge|[of] p2b: Indeedee\n|-enditem|p2b: Indeedee|Psychic Seed\n|-boost|p2b: Indeedee|spd|1|[from] item: Psychic Seed\n|turn|4\n|\n|t:|1682079380\n|-terastallize|p2a: Armarouge|Fire\n|move|p1b: Flutter Mane|Dazzling Gleam|p2a: Armarouge|[spread] p2a,p2b\n|-resisted|p2a: Armarouge\n|-damage|p2a: Armarouge|66\/100\n|-damage|p2b: Indeedee|63\/100\n|move|p1a: Talonflame|Taunt|p2b: Indeedee\n|-start|p2b: Indeedee|move: Taunt\n|move|p2a: Armarouge|Expanding Force|p1a: Talonflame|[spread] p1a,p1b\n|-damage|p1a: Talonflame|0 fnt\n|-damage|p1b: Flutter Mane|4\/100\n|faint|p1a: Talonflame\n|-damage|p2a: Armarouge|57\/100|[from] item: Life Orb\n|cant|p2b: Indeedee|move: Taunt|Trick Room\n|\n|upkeep\n|turn|5\n|\n|t:|1682079397\n|move|p1b: Flutter Mane|Dazzling Gleam|p2a: Armarouge|[spread] p2a,p2b\n|-resisted|p2a: Armarouge\n|-damage|p2a: Armarouge|23\/100\n|-damage|p2b: Indeedee|28\/100\n|move|p2b: Indeedee|Dazzling Gleam|p1b: Flutter Mane\n|-damage|p1b: Flutter Mane|0 fnt\n|faint|p1b: Flutter Mane\n|-end|p1b: Flutter Mane|Protosynthesis|[silent]\n|\n|win|Rexluser\n|raw|Abstrct212's rating: 1095 → 1067<\/strong> (-28 for losing)\n|raw|Rexluser's rating: 1046 → 1084<\/strong> (+38 for winning)\n|c|\u2606Rexluser|gg\n|l|\u2606Abstrct212\n","uploadtime":1682079415,"views":12,"p1id":"abstrct212","p2id":"rexluser","formatid":"gen9vgc2023regulationc","rating":1067,"private":0,"password":""}