{"id":"gen9vgc2023regulationc-1862922553","p1":"Nehzzy","p2":"jmmata95","format":"[Gen 9] VGC 2023 Regulation C","log":"|j|\u2606Nehzzy\n|j|\u2606jmmata95\n|t:|1683938852\n|gametype|doubles\n|player|p1|Nehzzy|1|\n|player|p2|jmmata95|2|\n|teamsize|p1|6\n|teamsize|p2|6\n|gen|9\n|tier|[Gen 9] VGC 2023 Regulation C\n|rule|Species Clause: Limit one of each Pok\u00e9mon\n|rule|Item Clause: Limit one of each item\n|clearpoke\n|poke|p1|Amoonguss, L50, M|\n|poke|p1|Gyarados, L50, F|\n|poke|p1|Murkrow, L50, F|\n|poke|p1|Great Tusk, L50|\n|poke|p1|Flutter Mane, L50|\n|poke|p1|Gholdengo, L50|\n|poke|p2|Talonflame, L50, M|\n|poke|p2|Iron Bundle, L50|\n|poke|p2|Iron Hands, L50|\n|poke|p2|Amoonguss, L50, F|\n|poke|p2|Garchomp, L50, F|\n|poke|p2|Chien-Pao, L50|\n|teampreview|4\nNehzzy has agreed to open team sheets.\n|c|\u2606Nehzzy|G2\njmmata95 has agreed to open team sheets.\n|c|\u2606Nehzzy|glhf\n|c|\u2606jmmata95|same\n|inactive|Battle timer is ON: inactive players will automatically lose when time's up. (requested by jmmata95)\n|inactive|Nehzzy has 60 seconds left.\n|\n|t:|1683939059\n|start\n|switch|p1a: Flutter Mane|Flutter Mane, L50|100\/100\n|switch|p1b: Murkrow|Murkrow, L50, F|100\/100\n|switch|p2a: Iron Bundle|Iron Bundle, L50|100\/100\n|switch|p2b: Iron Hands|Iron Hands, L50|100\/100\n|-enditem|p2a: Iron Bundle|Booster Energy\n|-activate|p2a: Iron Bundle|ability: Quark Drive|[fromitem]\n|-start|p2a: Iron Bundle|quarkdrivespe\n|turn|1\n|inactive|Nehzzy has 30 seconds left.\n|inactive|Nehzzy has 20 seconds left.\n|inactive|jmmata95 has 30 seconds left.\n|inactive|Nehzzy has 15 seconds left.\n|\n|t:|1683939106\n|-end|p1a: Flutter Mane|Protosynthesis|[silent]\n|switch|p1a: Great Tusk|Great Tusk, L50|100\/100\n|-terastallize|p1b: Murkrow|Ghost\n|-terastallize|p2b: Iron Hands|Grass\n|move|p2a: Iron Bundle|Protect|p2a: Iron Bundle\n|-singleturn|p2a: Iron Bundle|Protect\n|move|p1b: Murkrow|Tailwind|p1b: Murkrow\n|-sidestart|p1: Nehzzy|move: Tailwind\n|move|p2b: Iron Hands|Heavy Slam|p1a: Great Tusk\n|-damage|p1a: Great Tusk|87\/100\n|\n|upkeep\n|turn|2\n|\n|t:|1683939128\n|move|p1b: Murkrow|Sunny Day|p1b: Murkrow\n|-weather|SunnyDay\n|-activate|p1a: Great Tusk|ability: Protosynthesis\n|-start|p1a: Great Tusk|protosynthesisatk\n|move|p1a: Great Tusk|Rock Slide|p2b: Iron Hands|[spread] p2a,p2b\n|-supereffective|p2a: Iron Bundle\n|-damage|p2a: Iron Bundle|32\/100\n|-damage|p2b: Iron Hands|81\/100\n|move|p2a: Iron Bundle|Hydro Pump|p1a: Great Tusk\n|-supereffective|p1a: Great Tusk\n|-damage|p1a: Great Tusk|8\/100\n|move|p2b: Iron Hands|Drain Punch|p1a: Great Tusk\n|-damage|p1a: Great Tusk|0 fnt\n|-heal|p2b: Iron Hands|84\/100|[from] drain|[of] p1a: Great Tusk\n|faint|p1a: Great Tusk\n|-end|p1a: Great Tusk|Protosynthesis|[silent]\n|\n|-weather|SunnyDay|[upkeep]\n|upkeep\n|\n|t:|1683939140\n|switch|p1a: Flutter Mane|Flutter Mane, L50|100\/100\n|-activate|p1a: Flutter Mane|ability: Protosynthesis\n|-start|p1a: Flutter Mane|protosynthesisspa\n|turn|3\n|\n|t:|1683939153\n|move|p2a: Iron Bundle|Protect|p2a: Iron Bundle\n|-singleturn|p2a: Iron Bundle|Protect\n|move|p1a: Flutter Mane|Moonblast|p2b: Iron Hands\n|-damage|p2b: Iron Hands|37\/100\n|move|p1b: Murkrow|Foul Play|p2b: Iron Hands\n|-damage|p2b: Iron Hands|0 fnt\n|faint|p2b: Iron Hands\n|-end|p2b: Iron Hands|Quark Drive|[silent]\n|\n|-weather|SunnyDay|[upkeep]\n|upkeep\n|\n|t:|1683939165\n|switch|p2b: Ikuyo Kita|Amoonguss, L50, F|100\/100\n|turn|4\n|\n|t:|1683939186\n|-end|p1a: Flutter Mane|Protosynthesis|[silent]\n|switch|p1a: Gholdengo|Gholdengo, L50|100\/100\n|move|p2b: Ikuyo Kita|Rage Powder|p2b: Ikuyo Kita\n|-singleturn|p2b: Ikuyo Kita|move: Rage Powder\n|move|p2a: Iron Bundle|Freeze-Dry|p1a: Gholdengo\n|-resisted|p1a: Gholdengo\n|-damage|p1a: Gholdengo|83\/100\n|move|p1b: Murkrow|Foul Play|p2b: Ikuyo Kita\n|-damage|p2b: Ikuyo Kita|76\/100\n|\n|-weather|SunnyDay|[upkeep]\n|-heal|p1a: Gholdengo|90\/100|[from] item: Leftovers\n|-sideend|p1: Nehzzy|move: Tailwind\n|upkeep\n|turn|5\n|inactive|Nehzzy has 30 seconds left.\n|inactive|jmmata95 has 30 seconds left.\n|\n|t:|1683939215\n|move|p1b: Murkrow|Tailwind|p1b: Murkrow\n|-sidestart|p1: Nehzzy|move: Tailwind\n|move|p2a: Iron Bundle|Icy Wind|p1a: Gholdengo|[spread] p1a,p1b\n|-resisted|p1a: Gholdengo\n|-damage|p1a: Gholdengo|79\/100\n|-damage|p1b: Murkrow|77\/100\n|-unboost|p1a: Gholdengo|spe|1\n|-unboost|p1b: Murkrow|spe|1\n|move|p1a: Gholdengo|Nasty Plot|p1a: Gholdengo\n|-boost|p1a: Gholdengo|spa|2\n|move|p2b: Ikuyo Kita|Spore|p1b: Murkrow\n|-status|p1b: Murkrow|slp|[from] move: Spore\n|\n|-weather|SunnyDay|[upkeep]\n|-heal|p1a: Gholdengo|85\/100|[from] item: Leftovers\n|upkeep\n|turn|6\n|inactive|jmmata95 has 30 seconds left.\n|\n|t:|1683939240\n|move|p2a: Iron Bundle|Protect|p2a: Iron Bundle\n|-singleturn|p2a: Iron Bundle|Protect\n|move|p2b: Ikuyo Kita|Protect|p2b: Ikuyo Kita\n|-singleturn|p2b: Ikuyo Kita|Protect\n|cant|p1b: Murkrow|slp\n|move|p1a: Gholdengo|Make It Rain|p2a: Iron Bundle|[spread] \n|-activate|p2a: Iron Bundle|move: Protect\n|-activate|p2b: Ikuyo Kita|move: Protect\n|\n|-weather|none\n|-heal|p1a: Gholdengo|91\/100|[from] item: Leftovers\n|upkeep\n|turn|7\n|\n|t:|1683939262\n|cant|p1b: Murkrow|slp\n|move|p2a: Iron Bundle|Hydro Pump|p1a: Gholdengo\n|-damage|p1a: Gholdengo|33\/100\n|move|p1a: Gholdengo|Make It Rain|p2a: Iron Bundle|[spread] p2a,p2b\n|-damage|p2a: Iron Bundle|0 fnt\n|-damage|p2b: Ikuyo Kita|3\/100\n|-unboost|p1a: Gholdengo|spa|1\n|-enditem|p2b: Ikuyo Kita|Sitrus Berry|[eat]\n|-heal|p2b: Ikuyo Kita|28\/100|[from] item: Sitrus Berry\n|faint|p2a: Iron Bundle\n|-end|p2a: Iron Bundle|Quark Drive|[silent]\n|move|p2b: Ikuyo Kita|Pollen Puff|p1a: Gholdengo\n|-resisted|p1a: Gholdengo\n|-damage|p1a: Gholdengo|29\/100\n|\n|-heal|p1a: Gholdengo|35\/100|[from] item: Leftovers\n|upkeep\n|\n|t:|1683939276\n|switch|p2a: Garchomp|Garchomp, L50, F|100\/100\n|turn|8\n|\n|t:|1683939299\n|move|p2a: Garchomp|Protect|p2a: Garchomp\n|-singleturn|p2a: Garchomp|Protect\n|cant|p1b: Murkrow|slp\n|move|p1a: Gholdengo|Shadow Ball|p2a: Garchomp\n|-activate|p2a: Garchomp|move: Protect\n|move|p2b: Ikuyo Kita|Spore|p1b: Murkrow\n|-fail|p1b: Murkrow|slp\n|\n|-heal|p1a: Gholdengo|41\/100|[from] item: Leftovers\n|-sideend|p1: Nehzzy|move: Tailwind\n|upkeep\n|turn|9\n|inactive|Nehzzy has 30 seconds left.\n|\n|t:|1683939326\n|move|p1a: Gholdengo|Protect|p1a: Gholdengo\n|-singleturn|p1a: Gholdengo|Protect\n|move|p2b: Ikuyo Kita|Protect|p2b: Ikuyo Kita\n|-singleturn|p2b: Ikuyo Kita|Protect\n|-curestatus|p1b: Murkrow|slp|[msg]\n|move|p1b: Murkrow|Tailwind|p1b: Murkrow\n|-sidestart|p1: Nehzzy|move: Tailwind\n|move|p2a: Garchomp|Earthquake|p1a: Gholdengo|[spread] p1b\n|-activate|p2b: Ikuyo Kita|move: Protect\n|-activate|p1a: Gholdengo|move: Protect\n|-damage|p1b: Murkrow|23\/100\n|-damage|p2a: Garchomp|91\/100|[from] item: Life Orb\n|\n|-heal|p1a: Gholdengo|48\/100|[from] item: Leftovers\n|upkeep\n|turn|10\n|\n|t:|1683939350\n|move|p2b: Ikuyo Kita|Rage Powder|p2b: Ikuyo Kita\n|-singleturn|p2b: Ikuyo Kita|move: Rage Powder\n|move|p1b: Murkrow|Haze|p1b: Murkrow\n|-clearallboost\n|move|p1a: Gholdengo|Make It Rain|p2b: Ikuyo Kita|[spread] p2a,p2b\n|-damage|p2a: Garchomp|39\/100\n|-damage|p2b: Ikuyo Kita|0 fnt\n|-unboost|p1a: Gholdengo|spa|1\n|faint|p2b: Ikuyo Kita\n|move|p2a: Garchomp|Earthquake|p1b: Murkrow|[spread] p1a,p1b\n|-supereffective|p1a: Gholdengo\n|-damage|p1a: Gholdengo|0 fnt\n|-damage|p1b: Murkrow|0 fnt\n|faint|p1a: Gholdengo\n|faint|p1b: Murkrow\n|-damage|p2a: Garchomp|30\/100|[from] item: Life Orb\n|\n|upkeep\n|\n|t:|1683939362\n|switch|p1b: Flutter Mane|Flutter Mane, L50|100\/100\n|turn|11\n|\n|t:|1683939381\n|move|p1b: Flutter Mane|Moonblast|p2a: Garchomp\n|-supereffective|p2a: Garchomp\n|-damage|p2a: Garchomp|0 fnt\n|faint|p2a: Garchomp\n|\n|win|Nehzzy\n|c|\u2606Nehzzy|gg\n","uploadtime":1683939393,"views":9,"p1id":"nehzzy","p2id":"jmmata95","formatid":"gen9vgc2023regulationc","rating":0,"private":0,"password":""}