{"id":"gen9vgc2023regulationc-1862954790","p1":"shinyambi","p2":"thrillcorner","format":"[Gen 9] VGC 2023 Regulation C","log":"|j|\u2606shinyambi\n|j|\u2606thrillcorner\n|t:|1683943395\n|gametype|doubles\n|player|p1|shinyambi|sabrina|1266\n|player|p2|thrillcorner|red-masters2|1342\n|teamsize|p1|6\n|teamsize|p2|6\n|gen|9\n|tier|[Gen 9] VGC 2023 Regulation C\n|rated|\n|rule|Species Clause: Limit one of each Pok\u00e9mon\n|rule|Item Clause: Limit one of each item\n|clearpoke\n|poke|p1|Tyranitar, L50, M|\n|poke|p1|Lycanroc, L50, M|\n|poke|p1|Garchomp, L50, M|\n|poke|p1|Chien-Pao, L50|\n|poke|p1|Gyarados, L50, M|\n|poke|p1|Revavroom, L50, M|\n|poke|p2|Arcanine, L50, M|\n|poke|p2|Amoonguss, L50, F|\n|poke|p2|Flutter Mane, L50|\n|poke|p2|Pelipper, L50, M|\n|poke|p2|Azumarill, L50, F|\n|poke|p2|Iron Hands, L50|\n|teampreview|4\n|inactive|Battle timer is ON: inactive players will automatically lose when time's up. (requested by shinyambi)\nthrillcorner has agreed to open team sheets.\nshinyambi has agreed to open team sheets.\n|inactive|shinyambi has 60 seconds left.\n|inactive|thrillcorner has 60 seconds left.\n|\n|t:|1683943444\n|start\n|switch|p1a: Garchomp|Garchomp, L50, M|100\/100\n|switch|p1b: Gyarados|Gyarados, L50, M|100\/100\n|switch|p2a: Arcanine|Arcanine, L50, M|100\/100\n|switch|p2b: Iron Hands|Iron Hands, L50|100\/100\n|-ability|p2a: Arcanine|Intimidate|boost\n|-unboost|p1a: Garchomp|atk|1\n|-unboost|p1b: Gyarados|atk|1\n|-ability|p1b: Gyarados|Intimidate|boost\n|-unboost|p2a: Arcanine|atk|1\n|-unboost|p2b: Iron Hands|atk|1\n|turn|1\n|inactive|thrillcorner has 30 seconds left.\n|\n|t:|1683943470\n|move|p2b: Iron Hands|Fake Out|p1a: Garchomp\n|-damage|p1a: Garchomp|90\/100\n|cant|p1a: Garchomp|flinch\n|move|p2a: Arcanine|Howl|p2a: Arcanine|[spread] p2a,p2b\n|-boost|p2a: Arcanine|atk|1\n|-boost|p2b: Iron Hands|atk|1\n|move|p1b: Gyarados|Waterfall|p2a: Arcanine\n|-supereffective|p2a: Arcanine\n|-damage|p2a: Arcanine|47\/100\n|\n|upkeep\n|turn|2\n|\n|t:|1683943490\n|switch|p2a: Pelipper|Pelipper, L50, M|100\/100\n|-weather|RainDance|[from] ability: Drizzle|[of] p2a: Pelipper\n|-terastallize|p2b: Iron Hands|Grass\n|move|p1b: Gyarados|Helping Hand|p1a: Garchomp\n|-singleturn|p1a: Garchomp|Helping Hand|[of] p1b: Gyarados\n|move|p1a: Garchomp|Stomping Tantrum|p2b: Iron Hands\n|-resisted|p2b: Iron Hands\n|-crit|p2b: Iron Hands\n|-damage|p2b: Iron Hands|39\/100\n|move|p2b: Iron Hands|Wild Charge|p1b: Gyarados\n|-supereffective|p1b: Gyarados\n|-crit|p1b: Gyarados\n|-damage|p1b: Gyarados|0 fnt\n|faint|p1b: Gyarados\n|-damage|p2b: Iron Hands|19\/100|[from] Recoil\n|\n|-weather|RainDance|[upkeep]\n|upkeep\n|\n|t:|1683943507\n|switch|p1b: Chien-Pao|Chien-Pao, L50|100\/100\n|-ability|p1b: Chien-Pao|Sword of Ruin\n|turn|3\n|\n|t:|1683943519\n|-end|p2b: Iron Hands|Quark Drive|[silent]\n|switch|p2b: Azumarill|Azumarill, L50, F|100\/100\n|move|p1a: Garchomp|Stomping Tantrum|p2b: Azumarill\n|-damage|p2b: Azumarill|64\/100\n|move|p1b: Chien-Pao|Ice Spinner|p2a: Pelipper\n|-damage|p2a: Pelipper|8\/100\n|-damage|p1b: Chien-Pao|91\/100|[from] item: Life Orb\n|move|p2a: Pelipper|Hurricane|p1a: Garchomp\n|-damage|p1a: Garchomp|37\/100\n|\n|-weather|RainDance|[upkeep]\n|upkeep\n|turn|4\n|\n|t:|1683943542\n|switch|p1a: Revavroom|Revavroom, L50, M|100\/100\n|move|p1b: Chien-Pao|Protect|p1b: Chien-Pao\n|-singleturn|p1b: Chien-Pao|Protect\n|move|p2a: Pelipper|Protect|p2a: Pelipper\n|-singleturn|p2a: Pelipper|Protect\n|move|p2b: Azumarill|Aqua Jet|p1a: Revavroom\n|-damage|p1a: Revavroom|36\/100\n|-damage|p2b: Azumarill|54\/100|[from] item: Life Orb\n|\n|-weather|RainDance|[upkeep]\n|upkeep\n|turn|5\n|inactive|shinyambi has 30 seconds left.\n|\n|t:|1683943573\n|switch|p2a: Arcanine|Arcanine, L50, M|47\/100\n|-ability|p2a: Arcanine|Intimidate|boost\n|-fail|p1a: Revavroom|unboost|[from] item: Clear Amulet|[of] p1a: Revavroom\n|-unboost|p1b: Chien-Pao|atk|1\n|-terastallize|p1b: Chien-Pao|Dark\n|move|p1a: Revavroom|Protect|p1a: Revavroom\n|-singleturn|p1a: Revavroom|Protect\n|move|p1b: Chien-Pao|Sucker Punch|p2b: Azumarill\n|-resisted|p2b: Azumarill\n|-crit|p2b: Azumarill\n|-damage|p2b: Azumarill|0 fnt\n|faint|p2b: Azumarill\n|-damage|p1b: Chien-Pao|81\/100|[from] item: Life Orb\n|\n|-weather|RainDance|[upkeep]\n|upkeep\n|\n|t:|1683943589\n|switch|p2b: Iron Hands|Iron Hands, L50, tera:Grass|19\/100\n|turn|6\n|\n|t:|1683943609\n|switch|p1b: Garchomp|Garchomp, L50, M|37\/100\n|move|p2b: Iron Hands|Fake Out|p1b: Garchomp\n|-damage|p1b: Garchomp|23\/100\n|move|p2a: Arcanine|Extreme Speed|p1a: Revavroom\n|-resisted|p1a: Revavroom\n|-damage|p1a: Revavroom|25\/100\n|move|p1a: Revavroom|Poison Jab|p2b: Iron Hands\n|-supereffective|p2b: Iron Hands\n|-damage|p2b: Iron Hands|0 fnt\n|faint|p2b: Iron Hands\n|-end|p2b: Iron Hands|Quark Drive|[silent]\n|\n|-weather|none\n|upkeep\n|\n|t:|1683943620\n|switch|p2b: Pelipper|Pelipper, L50, M|8\/100\n|-weather|RainDance|[from] ability: Drizzle|[of] p2b: Pelipper\n|turn|7\n|\n|t:|1683943632\n|switch|p1a: Chien-Pao|Chien-Pao, L50, tera:Dark|81\/100\n|-ability|p1a: Chien-Pao|Sword of Ruin\n|move|p2a: Arcanine|Extreme Speed|p1b: Garchomp\n|-damage|p1b: Garchomp|0 fnt\n|faint|p1b: Garchomp\n|move|p2b: Pelipper|Hydro Pump|p1a: Chien-Pao\n|-damage|p1a: Chien-Pao|0 fnt\n|faint|p1a: Chien-Pao\n|\n|-weather|RainDance|[upkeep]\n|upkeep\n|\n|t:|1683943643\n|switch|p1b: Revavroom|Revavroom, L50, M|25\/100\n|turn|8\n|\n|t:|1683943659\n|move|p2a: Arcanine|Flare Blitz|p1b: Revavroom\n|-supereffective|p1b: Revavroom\n|-crit|p1b: Revavroom\n|-damage|p1b: Revavroom|0 fnt\n|faint|p1b: Revavroom\n|-damage|p2a: Arcanine|39\/100|[from] Recoil\n|\n|win|thrillcorner\n|raw|shinyambi's rating: 1266 → 1246<\/strong> (-20 for losing)\n|raw|thrillcorner's rating: 1342 → 1358<\/strong> (+16 for winning)\n|c|\u2606thrillcorner|gg\n","uploadtime":1683943668,"views":57,"p1id":"shinyambi","p2id":"thrillcorner","formatid":"gen9vgc2023regulationc","rating":1246,"private":0,"password":""}