{"id":"gen9vgc2023regulationc-1862262023","p1":"Nehzzy","p2":"bman311","format":"[Gen 9] VGC 2023 Regulation C","log":"|j|\u2606Nehzzy\n|j|\u2606bman311\n|t:|1683856609\n|gametype|doubles\n|player|p1|Nehzzy|265|1315\n|player|p2|bman311|steven-gen3|1350\n|teamsize|p1|6\n|teamsize|p2|6\n|gen|9\n|tier|[Gen 9] VGC 2023 Regulation C\n|rated|\n|rule|Species Clause: Limit one of each Pok\u00e9mon\n|rule|Item Clause: Limit one of each item\n|clearpoke\n|poke|p1|Amoonguss, L50, F|\n|poke|p1|Gyarados, L50, M|\n|poke|p1|Murkrow, L50, F|\n|poke|p1|Great Tusk, L50|\n|poke|p1|Flutter Mane, L50|\n|poke|p1|Gholdengo, L50|\n|poke|p2|Jumpluff, L50, F|\n|poke|p2|Torkoal, L50, F|\n|poke|p2|Kingambit, L50, M|\n|poke|p2|Flutter Mane, L50|\n|poke|p2|Great Tusk, L50|\n|poke|p2|Chien-Pao, L50|\n|teampreview|4\n|inactive|Battle timer is ON: inactive players will automatically lose when time's up. (requested by bman311)\nNehzzy has agreed to open team sheets.\n|inactive|Nehzzy has 60 seconds left.\n|inactive|bman311 has 60 seconds left.\n|\n|t:|1683856660\n|start\n|switch|p1a: Murkrow|Murkrow, L50, F|100\/100\n|switch|p1b: Great Tusk|Great Tusk, L50|100\/100\n|switch|p2a: Kingambit|Kingambit, L50, M|100\/100\n|switch|p2b: Flutter Mane|Flutter Mane, L50|100\/100\n|turn|1\n|inactive|Nehzzy has 30 seconds left.\n|inactive|bman311 has 30 seconds left.\n|inactive|Nehzzy has 20 seconds left.\n|\n|t:|1683856697\n|-terastallize|p1b: Great Tusk|Ground\n|move|p1a: Murkrow|Sunny Day|p1a: Murkrow\n|-weather|SunnyDay\n|-activate|p1b: Great Tusk|ability: Protosynthesis\n|-start|p1b: Great Tusk|protosynthesisatk\n|-activate|p2b: Flutter Mane|ability: Protosynthesis\n|-start|p2b: Flutter Mane|protosynthesisspa\n|move|p2a: Kingambit|Sucker Punch|p1b: Great Tusk\n|-damage|p1b: Great Tusk|70\/100\n|move|p1b: Great Tusk|Earthquake|p2b: Flutter Mane|[spread] p2a,p2b\n|-immune|p1a: Murkrow\n|-supereffective|p2a: Kingambit\n|-damage|p2a: Kingambit|0 fnt\n|-damage|p2b: Flutter Mane|0 fnt\n|faint|p2a: Kingambit\n|faint|p2b: Flutter Mane\n|-end|p2b: Flutter Mane|Protosynthesis|[silent]\n|\n|-weather|SunnyDay|[upkeep]\n|upkeep\n|\n|t:|1683856709\n|switch|p2b: Chien-Pao|Chien-Pao, L50|100\/100\n|switch|p2a: Torkoal|Torkoal, L50, F|100\/100\n|-ability|p2b: Chien-Pao|Sword of Ruin\n|turn|2\n|\n|t:|1683856719\n|-terastallize|p2b: Chien-Pao|Flying\n|move|p2a: Torkoal|Protect|p2a: Torkoal\n|-singleturn|p2a: Torkoal|Protect\n|move|p1b: Great Tusk|Earthquake|p2a: Torkoal|[spread] \n|-activate|p2a: Torkoal|move: Protect\n|-immune|p1a: Murkrow\n|-immune|p2b: Chien-Pao\n|move|p2b: Chien-Pao|Ice Spinner|p1b: Great Tusk\n|-supereffective|p1b: Great Tusk\n|-damage|p1b: Great Tusk|0 fnt\n|faint|p1b: Great Tusk\n|-end|p1b: Great Tusk|Protosynthesis|[silent]\n|move|p1a: Murkrow|Foul Play|p2b: Chien-Pao\n|-damage|p2b: Chien-Pao|38\/100\n|\n|-weather|SunnyDay|[upkeep]\n|upkeep\n|\n|t:|1683856737\n|switch|p1b: Flutter Mane|Flutter Mane, L50|100\/100\n|-activate|p1b: Flutter Mane|ability: Protosynthesis\n|-start|p1b: Flutter Mane|protosynthesisspa\n|turn|3\n|\n|t:|1683856752\n|move|p2b: Chien-Pao|Protect|p2b: Chien-Pao\n|-singleturn|p2b: Chien-Pao|Protect\n|move|p1a: Murkrow|Tailwind|p1a: Murkrow\n|-sidestart|p1: Nehzzy|move: Tailwind\n|move|p1b: Flutter Mane|Dazzling Gleam|p2b: Chien-Pao|[spread] p2a\n|-activate|p2b: Chien-Pao|move: Protect\n|-resisted|p2a: Torkoal\n|-damage|p2a: Torkoal|74\/100\n|move|p2a: Torkoal|Overheat|p1b: Flutter Mane\n|-damage|p1b: Flutter Mane|46\/100\n|-unboost|p2a: Torkoal|spa|2\n|\n|-weather|SunnyDay|[upkeep]\n|upkeep\n|turn|4\n|inactive|bman311 has 30 seconds left.\n|\n|t:|1683856779\n|-end|p1b: Flutter Mane|Protosynthesis|[silent]\n|switch|p1b: Amoonguss|Amoonguss, L50, F|100\/100\n|move|p2b: Chien-Pao|Sucker Punch||[still]\n|-fail|p2b: Chien-Pao\n|move|p1a: Murkrow|Foul Play|p2b: Chien-Pao\n|-damage|p2b: Chien-Pao|0 fnt\n|faint|p2b: Chien-Pao\n|move|p2a: Torkoal|Overheat|p1a: Murkrow\n|-damage|p1a: Murkrow|70\/100\n|-unboost|p2a: Torkoal|spa|2\n|\n|-weather|SunnyDay|[upkeep]\n|upkeep\n|turn|5\n|-message|bman311 forfeited.\n|\n|win|Nehzzy\n|raw|Nehzzy's rating: 1315 → 1337<\/strong> (+22 for winning)\n|raw|bman311's rating: 1350 → 1328<\/strong> (-22 for losing)\n|l|\u2606bman311\n|c|\u2606Nehzzy|GG\n","uploadtime":1683856794,"views":13,"p1id":"nehzzy","p2id":"bman311","formatid":"gen9vgc2023regulationc","rating":1328,"private":0,"password":""}