{"id":"gen9vgc2023regulationc-1855214893","p1":"RamonTheKiller","p2":"kaijuSM","format":"[Gen 9] VGC 2023 Regulation C","log":"|j|\u2606RamonTheKiller\n|j|\u2606kaijuSM\n|t:|1682916387\n|gametype|doubles\n|player|p1|RamonTheKiller|palmer|1208\n|player|p2|kaijuSM|swimmerf|1246\n|teamsize|p1|6\n|teamsize|p2|6\n|gen|9\n|tier|[Gen 9] VGC 2023 Regulation C\n|rated|\n|rule|Species Clause: Limit one of each Pok\u00e9mon\n|rule|Item Clause: Limit one of each item\n|clearpoke\n|poke|p1|Flutter Mane, L50|\n|poke|p1|Palafin, L50, M|\n|poke|p1|Amoonguss, L50, F|\n|poke|p1|Arcanine, L50, M|\n|poke|p1|Ting-Lu, L50|\n|poke|p1|Iron Hands, L50|\n|poke|p2|Glimmora, L50, F|\n|poke|p2|Brute Bonnet, L50|\n|poke|p2|Scream Tail, L50|\n|poke|p2|Great Tusk, L50|\n|poke|p2|Gholdengo, L50|\n|poke|p2|Torkoal, L50, F|\n|teampreview|4\n|inactive|Battle timer is ON: inactive players will automatically lose when time's up. (requested by kaijuSM)\n|inactive|RamonTheKiller has 60 seconds left.\n|\n|t:|1682916420\n|start\n|switch|p1a: Ting-Lu|Ting-Lu, L50|100\/100\n|switch|p1b: Arcanine|Arcanine, L50, M|100\/100\n|switch|p2a: 64|Torkoal, L50, F, shiny|100\/100\n|switch|p2b: 33|Scream Tail, L50, shiny|100\/100\n|-ability|p1b: Arcanine|Intimidate|boost\n|-unboost|p2a: 64|atk|1\n|-unboost|p2b: 33|atk|1\n|-ability|p1a: Ting-Lu|Vessel of Ruin\n|-weather|SunnyDay|[from] ability: Drought|[of] p2a: 64\n|-activate|p2b: 33|ability: Protosynthesis\n|-start|p2b: 33|protosynthesisspd\n|turn|1\n|inactive|RamonTheKiller has 30 seconds left.\n|\n|t:|1682916449\n|switch|p1b: Amoonguss|Amoonguss, L50, F|100\/100\n|move|p2a: 64|Protect|p2a: 64\n|-singleturn|p2a: 64|Protect\n|move|p1a: Ting-Lu|Rock Slide|p2a: 64|[spread] \n|-activate|p2a: 64|move: Protect\n|-miss|p1a: Ting-Lu|p2b: 33\n|move|p2b: 33|Trick Room|p2b: 33\n|-fieldstart|move: Trick Room|[of] p2b: 33\n|\n|-weather|SunnyDay|[upkeep]\n|upkeep\n|turn|2\n|\n|t:|1682916474\n|-terastallize|p2a: 64|Fire\n|move|p2b: 33|Helping Hand|p2a: 64\n|-singleturn|p2a: 64|Helping Hand|[of] p2b: 33\n|move|p1b: Amoonguss|Protect|p1b: Amoonguss\n|-singleturn|p1b: Amoonguss|Protect\n|move|p2a: 64|Eruption|p1a: Ting-Lu|[spread] p1a\n|-activate|p1b: Amoonguss|move: Protect\n|-damage|p1a: Ting-Lu|18\/100\n|move|p1a: Ting-Lu|Earthquake|p2b: 33|[spread] p2a,p2b\n|-activate|p1b: Amoonguss|move: Protect\n|-supereffective|p2a: 64\n|-damage|p2a: 64|41\/100\n|-damage|p2b: 33|69\/100\n|\n|-weather|SunnyDay|[upkeep]\n|upkeep\n|turn|3\n|\n|t:|1682916496\n|move|p2b: 33|Helping Hand|p2a: 64\n|-singleturn|p2a: 64|Helping Hand|[of] p2b: 33\n|move|p1b: Amoonguss|Rage Powder|p1b: Amoonguss\n|-singleturn|p1b: Amoonguss|move: Rage Powder\n|move|p2a: 64|Heat Wave|p1b: Amoonguss|[spread] p1a,p1b\n|-supereffective|p1b: Amoonguss\n|-damage|p1a: Ting-Lu|0 fnt\n|-damage|p1b: Amoonguss|0 fnt\n|faint|p1a: Ting-Lu\n|faint|p1b: Amoonguss\n|\n|-weather|SunnyDay|[upkeep]\n|upkeep\n|\n|t:|1682916507\n|switch|p1b: Flutter Mane|Flutter Mane, L50|100\/100\n|switch|p1a: Arcanine|Arcanine, L50, M|100\/100\n|-ability|p1a: Arcanine|Intimidate|boost\n|-unboost|p2a: 64|atk|1\n|-unboost|p2b: 33|atk|1\n|-activate|p1b: Flutter Mane|ability: Protosynthesis\n|-start|p1b: Flutter Mane|protosynthesisspe\n|turn|4\n|inactive|kaijuSM has 30 seconds left.\n|\n|t:|1682916535\n|move|p1b: Flutter Mane|Protect|p1b: Flutter Mane\n|-singleturn|p1b: Flutter Mane|Protect\n|move|p2a: 64|Heat Wave|p1b: Flutter Mane|[spread] p1a\n|-activate|p1b: Flutter Mane|move: Protect\n|-resisted|p1a: Arcanine\n|-damage|p1a: Arcanine|68\/100\n|move|p2b: 33|Play Rough|p1b: Flutter Mane\n|-activate|p1b: Flutter Mane|move: Protect\n|move|p1a: Arcanine|Howl|p1a: Arcanine|[spread] p1a,p1b\n|-boost|p1a: Arcanine|atk|1\n|-boost|p1b: Flutter Mane|atk|1\n|\n|-weather|SunnyDay|[upkeep]\n|upkeep\n|turn|5\n|\n|t:|1682916559\n|-terastallize|p1a: Arcanine|Water\n|move|p2a: 64|Heat Wave|p1a: Arcanine|[spread] p1b\n|-miss|p2a: 64|p1a: Arcanine\n|-damage|p1b: Flutter Mane|30\/100\n|move|p2b: 33|Play Rough|p1b: Flutter Mane\n|-damage|p1b: Flutter Mane|7\/100\n|move|p1a: Arcanine|Flare Blitz|p2b: 33\n|-damage|p2b: 33|0 fnt\n|faint|p2b: 33\n|-end|p2b: 33|Protosynthesis|[silent]\n|-damage|p1a: Arcanine|43\/100|[from] Recoil\n|move|p1b: Flutter Mane|Power Gem|p2a: 64\n|-supereffective|p2a: 64\n|-damage|p2a: 64|0 fnt\n|faint|p2a: 64\n|\n|-weather|none\n|-end|p1b: Flutter Mane|Protosynthesis\n|-fieldend|move: Trick Room\n|upkeep\n|-enditem|p1b: Flutter Mane|Booster Energy\n|-activate|p1b: Flutter Mane|ability: Protosynthesis|[fromitem]\n|-start|p1b: Flutter Mane|protosynthesisspe\n|\n|t:|1682916569\n|switch|p2b: 23|Great Tusk, L50, shiny|100\/100\n|switch|p2a: 68|Brute Bonnet, L50, shiny|100\/100\n|turn|6\n|c|\u2606kaijuSM|oh wow\n|\n|t:|1682916587\n|move|p1b: Flutter Mane|Protect|p1b: Flutter Mane\n|-singleturn|p1b: Flutter Mane|Protect\n|move|p2a: 68|Sucker Punch||[still]\n|-fail|p2a: 68\n|move|p1a: Arcanine|Flare Blitz|p2a: 68\n|-supereffective|p2a: 68\n|-damage|p2a: 68|0 fnt\n|faint|p2a: 68\n|-end|p2a: 68|Protosynthesis|[silent]\n|-damage|p1a: Arcanine|11\/100|[from] Recoil\n|move|p2b: 23|Thunder Fang|p1a: Arcanine\n|-supereffective|p1a: Arcanine\n|-damage|p1a: Arcanine|0 fnt\n|faint|p1a: Arcanine\n|\n|upkeep\n|turn|7\n|\n|t:|1682916607\n|move|p1b: Flutter Mane|Dazzling Gleam|p2b: 23\n|-supereffective|p2b: 23\n|-damage|p2b: 23|9\/100\n|move|p2b: 23|Iron Head|p1b: Flutter Mane\n|-supereffective|p1b: Flutter Mane\n|-damage|p1b: Flutter Mane|0 fnt\n|faint|p1b: Flutter Mane\n|-end|p1b: Flutter Mane|Protosynthesis|[silent]\n|\n|win|kaijuSM\n|raw|RamonTheKiller's rating: 1208 → 1186<\/strong> (-22 for losing)\n|raw|kaijuSM's rating: 1246 → 1268<\/strong> (+22 for winning)\n|c|\u2606kaijuSM|gg\n|c|\u2606RamonTheKiller|gg\n|l|\u2606kaijuSM\n","uploadtime":1682916635,"views":17,"p1id":"ramonthekiller","p2id":"kaijusm","formatid":"gen9vgc2023regulationc","rating":1186,"private":0,"password":""}