{"id":"gen9vgc2023regulationc-1849411416","p1":"Jolt_Mat","p2":"TrainerDylan24","format":"[Gen 9] VGC 2023 Regulation C","log":"|j|\u2606Jolt_Mat\n|j|\u2606TrainerDylan24\n|t:|1682195475\n|gametype|doubles\n|player|p1|Jolt_Mat|ghetsis|1000\n|player|p2|TrainerDylan24|grimsley|1100\n|teamsize|p1|6\n|teamsize|p2|6\n|gen|9\n|tier|[Gen 9] VGC 2023 Regulation C\n|rated|\n|rule|Species Clause: Limit one of each Pok\u00e9mon\n|rule|Item Clause: Limit one of each item\n|clearpoke\n|poke|p1|Vaporeon, L50, F|\n|poke|p1|Jolteon, L50, M|\n|poke|p1|Umbreon, L50, M|\n|poke|p1|Glaceon, L50, F|\n|poke|p1|Flareon, L50, M|\n|poke|p1|Espeon, L50, F|\n|poke|p2|Annihilape, L50, M|\n|poke|p2|Bellibolt, L50, M|\n|poke|p2|Kingambit, L50, M|\n|poke|p2|Iron Hands, L50|\n|poke|p2|Dondozo, L50, M|\n|poke|p2|Tatsugiri, L50, M|\n|teampreview|4\n|\n|t:|1682195579\n|start\n|switch|p1a: Umbreon|Umbreon, L50, M|100\/100\n|switch|p1b: Vaporeon|Vaporeon, L50, F|100\/100\n|switch|p2a: Kingambit|Kingambit, L50, M|100\/100\n|switch|p2b: Annihilape|Annihilape, L50, M|100\/100\n|turn|1\n|-activate|p2a: Kingambit|item: Quick Claw\n|\n|t:|1682195604\n|move|p2a: Kingambit|Iron Head|p1b: Vaporeon\n|-resisted|p1b: Vaporeon\n|-damage|p1b: Vaporeon|77\/100\n|move|p2b: Annihilape|Bulk Up|p2b: Annihilape\n|-boost|p2b: Annihilape|atk|1\n|-boost|p2b: Annihilape|def|1\n|move|p1a: Umbreon|Taunt|p2b: Annihilape\n|-start|p2b: Annihilape|move: Taunt\n|move|p1b: Vaporeon|Muddy Water|p2a: Kingambit|[spread] p2a,p2b\n|-damage|p2a: Kingambit|79\/100\n|-damage|p2b: Annihilape|73\/100\n|\n|-heal|p1b: Vaporeon|82\/100|[from] item: Leftovers\n|upkeep\n|turn|2\n|-activate|p2a: Kingambit|item: Quick Claw\n|\n|t:|1682195620\n|move|p1a: Umbreon|Protect|p1a: Umbreon\n|-singleturn|p1a: Umbreon|Protect\n|move|p2a: Kingambit|Kowtow Cleave|p1b: Vaporeon\n|-damage|p1b: Vaporeon|34\/100\n|move|p2b: Annihilape|Drain Punch|p1a: Umbreon\n|-activate|p1a: Umbreon|move: Protect\n|move|p1b: Vaporeon|Haze|p1b: Vaporeon\n|-clearallboost\n|\n|-heal|p1b: Vaporeon|40\/100|[from] item: Leftovers\n|upkeep\n|turn|3\n|\n|t:|1682195651\n|move|p1b: Vaporeon|Protect|p1b: Vaporeon\n|-singleturn|p1b: Vaporeon|Protect\n|move|p2b: Annihilape|Drain Punch|p1a: Umbreon\n|-supereffective|p1a: Umbreon\n|-crit|p1a: Umbreon\n|-damage|p1a: Umbreon|0 fnt\n|-heal|p2b: Annihilape|100\/100|[from] drain|[of] p1a: Umbreon\n|faint|p1a: Umbreon\n|-damage|p2b: Annihilape|91\/100|[from] item: Life Orb\n|move|p2a: Kingambit|Kowtow Cleave|p1b: Vaporeon\n|-activate|p1b: Vaporeon|move: Protect\n|\n|-heal|p1b: Vaporeon|45\/100|[from] item: Leftovers\n|upkeep\n|\n|t:|1682195665\n|switch|p1a: Flareon|Flareon, L50, M|100\/100\n|turn|4\n|\n|t:|1682195700\n|move|p2b: Annihilape|Rage Fist|p1a: Flareon\n|-damage|p1a: Flareon|0 fnt\n|faint|p1a: Flareon\n|-damage|p2b: Annihilape|81\/100|[from] item: Life Orb\n|move|p1b: Vaporeon|Ice Beam|p2b: Annihilape\n|-damage|p2b: Annihilape|57\/100\n|move|p2a: Kingambit|Kowtow Cleave|p1b: Vaporeon\n|-damage|p1b: Vaporeon|2\/100\n|\n|-heal|p1b: Vaporeon|8\/100|[from] item: Leftovers\n|-end|p2b: Annihilape|move: Taunt\n|upkeep\n|\n|t:|1682195712\n|switch|p1a: Jolteon|Jolteon, L50, M|100\/100\n|turn|5\n|\n|t:|1682195728\n|-terastallize|p1a: Jolteon|Flying\n|move|p1b: Vaporeon|Protect|p1b: Vaporeon\n|-singleturn|p1b: Vaporeon|Protect\n|move|p2a: Kingambit|Sucker Punch||[still]\n|-fail|p2a: Kingambit\n|move|p1a: Jolteon|Tera Blast|p2b: Annihilape\n|-supereffective|p2b: Annihilape\n|-damage|p2b: Annihilape|0 fnt\n|faint|p2b: Annihilape\n|\n|-heal|p1b: Vaporeon|14\/100|[from] item: Leftovers\n|upkeep\n|\n|t:|1682195742\n|switch|p2b: Tatsugiri|Tatsugiri, L50, M|100\/100\n|turn|6\n|\n|t:|1682195757\n|switch|p2a: Dondozo|Dondozo, L50, M|100\/100\n|-activate|p2b: Tatsugiri|ability: Commander|[of] p2a: Dondozo\n|-boost|p2a: Dondozo|atk|2\n|-boost|p2a: Dondozo|spa|2\n|-boost|p2a: Dondozo|spe|2\n|-boost|p2a: Dondozo|def|2\n|-boost|p2a: Dondozo|spd|2\n|move|p1a: Jolteon|Thunderbolt|p2b: Tatsugiri|[miss]\n|-miss|p1a: Jolteon|p2b: Tatsugiri\n|move|p1b: Vaporeon|Haze|p1b: Vaporeon\n|-clearallboost\n|\n|-heal|p1b: Vaporeon|20\/100|[from] item: Leftovers\n|upkeep\n|turn|7\n|\n|t:|1682195775\n|move|p1b: Vaporeon|Protect|p1b: Vaporeon\n|-singleturn|p1b: Vaporeon|Protect\n|move|p1a: Jolteon|Thunderbolt|p2a: Dondozo\n|-supereffective|p2a: Dondozo\n|-damage|p2a: Dondozo|36\/100\n|move|p2a: Dondozo|Order Up|p1a: Jolteon\n|-damage|p1a: Jolteon|66\/100\n|-boost|p2a: Dondozo|atk|1\n|\n|-heal|p1b: Vaporeon|26\/100|[from] item: Leftovers\n|-heal|p2a: Dondozo|42\/100|[from] item: Leftovers\n|upkeep\n|turn|8\n|\n|t:|1682195792\n|move|p1a: Jolteon|Thunderbolt|p2a: Dondozo\n|-supereffective|p2a: Dondozo\n|-damage|p2a: Dondozo|0 fnt\n|faint|p2a: Dondozo\n|move|p1b: Vaporeon|Ice Beam|p2b: Tatsugiri\n|-damage|p2b: Tatsugiri|68\/100\n|\n|-heal|p1b: Vaporeon|32\/100|[from] item: Leftovers\n|upkeep\n|\n|t:|1682195795\n|switch|p2a: Kingambit|Kingambit, L50, M|79\/100\n|turn|9\n|\n|t:|1682195816\n|move|p1b: Vaporeon|Protect|p1b: Vaporeon\n|-singleturn|p1b: Vaporeon|Protect\n|move|p2a: Kingambit|Sucker Punch|p1a: Jolteon\n|-damage|p1a: Jolteon|0 fnt\n|faint|p1a: Jolteon\n|move|p2b: Tatsugiri|Icy Wind|p1b: Vaporeon\n|-activate|p1b: Vaporeon|move: Protect\n|\n|-heal|p1b: Vaporeon|38\/100|[from] item: Leftovers\n|upkeep\n|turn|10\n|\n|t:|1682195833\n|move|p2b: Tatsugiri|Dragon Pulse|p1b: Vaporeon\n|-damage|p1b: Vaporeon|13\/100\n|move|p1b: Vaporeon|Muddy Water|p2a: Kingambit|[spread] p2a\n|-miss|p1b: Vaporeon|p2b: Tatsugiri\n|-damage|p2a: Kingambit|57\/100\n|move|p2a: Kingambit|Kowtow Cleave|p1b: Vaporeon\n|-crit|p1b: Vaporeon\n|-damage|p1b: Vaporeon|0 fnt\n|faint|p1b: Vaporeon\n|\n|win|TrainerDylan24\n|raw|Jolt_Mat's rating: 1000 → 1000<\/strong> (+0 for losing)\n|raw|TrainerDylan24's rating: 1100 → 1118<\/strong> (+18 for winning)\n","uploadtime":1682195845,"views":7,"p1id":"joltmat","p2id":"trainerdylan24","formatid":"gen9vgc2023regulationc","rating":1000,"private":0,"password":""}