{"id":"gen9vgc2023regulationc-1848201283","p1":"pokequimico","p2":"Toku_L","format":"[Gen 9] VGC 2023 Regulation C","log":"|j|\u2606pokequimico\n|j|\u2606Toku_L\n|t:|1682041770\n|gametype|doubles\n|player|p1|pokequimico|1|1357\n|player|p2|Toku_L|lucas|1360\n|teamsize|p1|6\n|teamsize|p2|6\n|gen|9\n|tier|[Gen 9] VGC 2023 Regulation C\n|rated|\n|rule|Species Clause: Limit one of each Pok\u00e9mon\n|rule|Item Clause: Limit one of each item\n|clearpoke\n|poke|p1|Dondozo, L50, F|\n|poke|p1|Tatsugiri, L50, M|\n|poke|p1|Flutter Mane, L50|\n|poke|p1|Iron Moth, L50|\n|poke|p1|Dragonite, L50, M|\n|poke|p1|Chien-Pao, L50|\n|poke|p2|Tatsugiri-Stretchy, L50, F|\n|poke|p2|Chi-Yu, L50|\n|poke|p2|Iron Bundle, L50|\n|poke|p2|Dragonite, L50, M|\n|poke|p2|Dondozo, L50, M|\n|poke|p2|Glimmora, L50, M|\n|teampreview|4\n|j| Ellvaekyoo\n|inactive|Battle timer is ON: inactive players will automatically lose when time's up. (requested by pokequimico)\n|inactive|Toku_L has 60 seconds left.\n|\n|t:|1682041840\n|start\n|switch|p1a: Dragonite|Dragonite, L50, M|100\/100\n|switch|p1b: Chien-Pao|Chien-Pao, L50|100\/100\n|switch|p2a: Iron Bundle|Iron Bundle, L50|100\/100\n|switch|p2b: Dondozo|Dondozo, L50, M|100\/100\n|-ability|p1b: Chien-Pao|Sword of Ruin\n|-enditem|p2a: Iron Bundle|Booster Energy\n|-activate|p2a: Iron Bundle|ability: Quark Drive|[fromitem]\n|-start|p2a: Iron Bundle|quarkdrivespe\n|turn|1\n|\n|t:|1682041863\n|-terastallize|p1a: Dragonite|Normal\n|move|p2b: Dondozo|Protect|p2b: Dondozo\n|-singleturn|p2b: Dondozo|Protect\n|move|p1b: Chien-Pao|Sucker Punch|p2a: Iron Bundle\n|-crit|p2a: Iron Bundle\n|-damage|p2a: Iron Bundle|16\/100\n|move|p2a: Iron Bundle|Icy Wind|p1a: Dragonite|[spread] p1a,p1b\n|-resisted|p1b: Chien-Pao\n|-damage|p1a: Dragonite|79\/100\n|-damage|p1b: Chien-Pao|83\/100\n|-unboost|p1a: Dragonite|spe|1\n|-unboost|p1b: Chien-Pao|spe|1\n|move|p1a: Dragonite|Thunder Punch|p2b: Dondozo\n|-activate|p2b: Dondozo|move: Protect\n|\n|upkeep\n|turn|2\n|inactive|Toku_L has 30 seconds left.\n|\n|t:|1682041898\n|-end|p2a: Iron Bundle|Quark Drive|[silent]\n|switch|p2a: Tatsugiri|Tatsugiri-Stretchy, L50, F|100\/100\n|-activate|p2a: Tatsugiri|ability: Commander|[of] p2b: Dondozo\n|-boost|p2b: Dondozo|atk|2\n|-boost|p2b: Dondozo|spa|2\n|-boost|p2b: Dondozo|spe|2\n|-boost|p2b: Dondozo|def|2\n|-boost|p2b: Dondozo|spd|2\n|-terastallize|p2b: Dondozo|Ground\n|move|p2b: Dondozo|Earthquake|p1a: Dragonite|[spread] p1a,p1b\n|-miss|p2b: Dondozo|p2a: Tatsugiri\n|-damage|p1a: Dragonite|0 fnt\n|-damage|p1b: Chien-Pao|0 fnt\n|faint|p1a: Dragonite\n|faint|p1b: Chien-Pao\n|-damage|p2b: Dondozo|91\/100|[from] item: Life Orb\n|\n|upkeep\n|\n|t:|1682041905\n|switch|p1b: Dondozo|Dondozo, L50, F|100\/100\n|switch|p1a: Tatsugiri|Tatsugiri, L50, M|100\/100\n|-activate|p1a: Tatsugiri|ability: Commander|[of] p1b: Dondozo\n|-boost|p1b: Dondozo|atk|2\n|-boost|p1b: Dondozo|spa|2\n|-boost|p1b: Dondozo|spe|2\n|-boost|p1b: Dondozo|def|2\n|-boost|p1b: Dondozo|spd|2\n|turn|3\n|\n|t:|1682041919\n|move|p1b: Dondozo|Wave Crash|p2b: Dondozo\n|-supereffective|p2b: Dondozo\n|-damage|p2b: Dondozo|0 fnt\n|faint|p2b: Dondozo\n|-damage|p1b: Dondozo|71\/100|[from] Recoil\n|\n|upkeep\n|\n|t:|1682041932\n|switch|p2b: Chi-Yu|Chi-Yu, L50|100\/100\n|-ability|p2b: Chi-Yu|Beads of Ruin\n|turn|4\n|\n|t:|1682041945\n|move|p2b: Chi-Yu|Protect|p2b: Chi-Yu\n|-singleturn|p2b: Chi-Yu|Protect\n|move|p2a: Tatsugiri|Draco Meteor|p1b: Dondozo\n|-damage|p1b: Dondozo|33\/100\n|-unboost|p2a: Tatsugiri|spa|2\n|move|p1b: Dondozo|Earthquake|p2b: Chi-Yu|[spread] p2a\n|-miss|p1b: Dondozo|p1a: Tatsugiri\n|-activate|p2b: Chi-Yu|move: Protect\n|-damage|p2a: Tatsugiri|27\/100\n|\n|upkeep\n|turn|5\n|\n|t:|1682041960\n|move|p2a: Tatsugiri|Draco Meteor|p1b: Dondozo|[miss]\n|-miss|p2a: Tatsugiri|p1b: Dondozo\n|move|p1b: Dondozo|Earthquake|p2a: Tatsugiri|[spread] p2a,p2b\n|-miss|p1b: Dondozo|p1a: Tatsugiri\n|-supereffective|p2b: Chi-Yu\n|-damage|p2a: Tatsugiri|0 fnt\n|-enditem|p2b: Chi-Yu|Focus Sash\n|-damage|p2b: Chi-Yu|1\/100\n|faint|p2a: Tatsugiri\n|move|p2b: Chi-Yu|Dark Pulse|p1b: Dondozo\n|-damage|p1b: Dondozo|0 fnt\n|faint|p1b: Dondozo\n|\n|upkeep\n|\n|t:|1682041975\n|switch|p2a: Iron Bundle|Iron Bundle, L50|16\/100\n|turn|6\n|inactive|Toku_L has 30 seconds left.\n|\n|t:|1682042005\n|move|p1a: Tatsugiri|Muddy Water|p2b: Chi-Yu|[spread] p2a\n|-miss|p1a: Tatsugiri|p2b: Chi-Yu\n|-resisted|p2a: Iron Bundle\n|-damage|p2a: Iron Bundle|0 fnt\n|faint|p2a: Iron Bundle\n|-end|p2a: Iron Bundle|Quark Drive|[silent]\n|move|p2b: Chi-Yu|Dark Pulse|p1a: Tatsugiri\n|-damage|p1a: Tatsugiri|24\/100\n|\n|upkeep\n|turn|7\n|\n|t:|1682042015\n|move|p1a: Tatsugiri|Muddy Water|p2b: Chi-Yu\n|-supereffective|p2b: Chi-Yu\n|-damage|p2b: Chi-Yu|0 fnt\n|faint|p2b: Chi-Yu\n|\n|win|pokequimico\n|raw|pokequimico's rating: 1357 → 1377<\/strong> (+20 for winning)\n|raw|Toku_L's rating: 1360 → 1340<\/strong> (-20 for losing)\n|l|\u2606Toku_L\n|l|\u2606pokequimico\n","uploadtime":1682042979,"views":9,"p1id":"pokequimico","p2id":"tokul","formatid":"gen9vgc2023regulationc","rating":1340,"private":0,"password":""}