{"id":"gen9vgc2023regulationc-1845940700","p1":"torwildheart","p2":"Txabo McTxabo","format":"[Gen 9] VGC 2023 Regulation C","log":"|j|\u2606torwildheart\n|j|\u2606Txabo McTxabo\n|t:|1681781771\n|gametype|doubles\n|player|p1|torwildheart|teamrocket|1382\n|player|p2|Txabo McTxabo|265|1434\n|teamsize|p1|6\n|teamsize|p2|6\n|gen|9\n|tier|[Gen 9] VGC 2023 Regulation C\n|rated|\n|rule|Species Clause: Limit one of each Pok\u00e9mon\n|rule|Item Clause: Limit one of each item\n|clearpoke\n|poke|p1|Iron Bundle, L50|\n|poke|p1|Ting-Lu, L50|\n|poke|p1|Ceruledge, L50, M|\n|poke|p1|Amoonguss, L50, M|\n|poke|p1|Flutter Mane, L50|\n|poke|p1|Tauros-Paldea-Aqua, L50, M|\n|poke|p2|Indeedee-F, L50, F|\n|poke|p2|Hatterene, L50, F|\n|poke|p2|Kingambit, L50, M|\n|poke|p2|Mudsdale, L50, M|\n|poke|p2|Gallade, L50, M|\n|poke|p2|Torkoal, L50, M|\n|teampreview|4\n|inactive|Battle timer is ON: inactive players will automatically lose when time's up. (requested by Txabo McTxabo)\ntorwildheart has agreed to open team sheets.\nTxabo McTxabo has agreed to open team sheets.\n|inactive|torwildheart has 60 seconds left.\n|inactive|Txabo McTxabo has 60 seconds left.\n|j| GokuIRL\n|inactive|Txabo McTxabo has 30 seconds left.\n|\n|t:|1681781838\n|start\n|switch|p1a: Sus|Amoonguss, L50, M|100\/100\n|switch|p1b: Drink Me|Ting-Lu, L50|100\/100\n|switch|p2a: Maitetxu|Hatterene, L50, F|100\/100\n|switch|p2b: Quaso|Indeedee-F, L50, F|100\/100\n|-fieldstart|move: Psychic Terrain|[from] ability: Psychic Surge|[of] p2b: Quaso\n|-enditem|p2b: Quaso|Psychic Seed\n|-boost|p2b: Quaso|spd|1|[from] item: Psychic Seed\n|-ability|p1b: Drink Me|Vessel of Ruin\n|turn|1\n|\n|t:|1681781858\n|switch|p2b: Relajao|Kingambit, L50, M|100\/100\n|move|p1b: Drink Me|Heavy Slam|p2a: Maitetxu\n|-supereffective|p2a: Maitetxu\n|-damage|p2a: Maitetxu|28\/100\n|move|p1a: Sus|Spore|p2b: Relajao\n|-activate|p2b: Relajao|item: Safety Goggles|Spore\n|move|p2a: Maitetxu|Trick Room|p2a: Maitetxu\n|-fieldstart|move: Trick Room|[of] p2a: Maitetxu\n|\n|upkeep\n|turn|2\n|inactive|Txabo McTxabo has 30 seconds left.\n|inactive|Txabo McTxabo has 20 seconds left.\n|\n|t:|1681781896\n|-terastallize|p2b: Relajao|Flying\n|move|p1a: Sus|Protect|p1a: Sus\n|-singleturn|p1a: Sus|Protect\n|move|p2a: Maitetxu|Dazzling Gleam|p1b: Drink Me|[spread] p1b\n|-activate|p1a: Sus|move: Protect\n|-supereffective|p1b: Drink Me\n|-damage|p1b: Drink Me|69\/100\n|-damage|p2a: Maitetxu|18\/100|[from] item: Life Orb\n|move|p2b: Relajao|Swords Dance|p2b: Relajao\n|-boost|p2b: Relajao|atk|2\n|move|p1b: Drink Me|Heavy Slam|p2a: Maitetxu\n|-supereffective|p2a: Maitetxu\n|-crit|p2a: Maitetxu\n|-damage|p2a: Maitetxu|0 fnt\n|faint|p2a: Maitetxu\n|\n|upkeep\n|l| GokuIRL\n|\n|t:|1681781909\n|switch|p2a: Eduardo|Gallade, L50, M|100\/100\n|turn|3\n|inactive|Txabo McTxabo has 30 seconds left.\n|\n|t:|1681781937\n|move|p1a: Sus|Spore|p2a: Eduardo\n|-status|p2a: Eduardo|slp|[from] move: Spore\n|move|p2b: Relajao|Kowtow Cleave|p1a: Sus\n|-damage|p1a: Sus|16\/100\n|-damage|p2b: Relajao|84\/100|[from] item: Rocky Helmet|[of] p1a: Sus\n|move|p1b: Drink Me|Heavy Slam|p2b: Relajao\n|-damage|p2b: Relajao|59\/100\n|cant|p2a: Eduardo|slp\n|\n|upkeep\n|turn|4\n|\n|t:|1681781958\n|move|p1a: Sus|Pollen Puff|p1b: Drink Me\n|-heal|p1b: Drink Me|100\/100\n|move|p2b: Relajao|Brick Break|p1b: Drink Me\n|-supereffective|p1b: Drink Me\n|-damage|p1b: Drink Me|38\/100\n|move|p1b: Drink Me|Heavy Slam|p2b: Relajao\n|-damage|p2b: Relajao|33\/100\n|-curestatus|p2a: Eduardo|slp|[msg]\n|move|p2a: Eduardo|Psycho Cut|p1a: Sus\n|-supereffective|p1a: Sus\n|-damage|p1a: Sus|0 fnt\n|faint|p1a: Sus\n|\n|upkeep\n|\n|t:|1681781963\n|switch|p1a: Ow The Edge|Ceruledge, L50, M|100\/100\n|turn|5\n|\n|t:|1681781984\n|move|p1a: Ow The Edge|Protect|p1a: Ow The Edge\n|-singleturn|p1a: Ow The Edge|Protect\n|move|p2b: Relajao|Brick Break|p1b: Drink Me\n|-supereffective|p1b: Drink Me\n|-damage|p1b: Drink Me|0 fnt\n|faint|p1b: Drink Me\n|move|p2a: Eduardo|Psycho Cut|p1a: Ow The Edge\n|-activate|p1a: Ow The Edge|move: Protect\n|\n|-fieldend|move: Trick Room\n|-fieldend|move: Psychic Terrain\n|upkeep\n|\n|t:|1681781989\n|switch|p1b: Agua Furiosa|Tauros-Paldea-Aqua, L50, M|100\/100\n|-ability|p1b: Agua Furiosa|Intimidate|boost\n|-unboost|p2a: Eduardo|atk|1\n|-unboost|p2b: Relajao|atk|1\n|-ability|p2b: Relajao|Defiant|boost\n|-boost|p2b: Relajao|atk|2\n|-enditem|p1b: Agua Furiosa|Mirror Herb\n|-boost|p1b: Agua Furiosa|atk|2|[from] item: Mirror Herb\n|turn|6\n|inactive|Txabo McTxabo has 30 seconds left.\n|\n|t:|1681782023\n|switch|p2b: Quaso|Indeedee-F, L50, F|100\/100\n|-fieldstart|move: Psychic Terrain|[from] ability: Psychic Surge|[of] p2b: Quaso\n|-terastallize|p1b: Agua Furiosa|Fire\n|move|p1b: Agua Furiosa|Aqua Jet|p2b: Quaso\n|-activate|p2b: Quaso|move: Psychic Terrain\n|move|p1a: Ow The Edge|Bulk Up|p1a: Ow The Edge\n|-boost|p1a: Ow The Edge|atk|1\n|-boost|p1a: Ow The Edge|def|1\n|move|p2a: Eduardo|Trick Room|p2a: Eduardo\n|-fieldstart|move: Trick Room|[of] p2a: Eduardo\n|\n|upkeep\n|turn|7\n|inactive|Txabo McTxabo has 30 seconds left.\n|inactive|Txabo McTxabo has 20 seconds left.\n|inactive|Txabo McTxabo has 15 seconds left.\n|inactive|Txabo McTxabo has 10 seconds left.\n|inactive|Txabo McTxabo has 5 seconds left.\n|\n|t:|1681782078\n|move|p2b: Quaso|Follow Me|p2b: Quaso\n|-singleturn|p2b: Quaso|move: Follow Me\n|move|p2a: Eduardo|Psycho Cut|p1a: Ow The Edge\n|-damage|p1a: Ow The Edge|67\/100\n|move|p1a: Ow The Edge|Bitter Blade|p2b: Quaso\n|-damage|p2b: Quaso|36\/100\n|-heal|p1a: Ow The Edge|99\/100|[from] drain|[of] p2b: Quaso\n|move|p1b: Agua Furiosa|Raging Bull|p2b: Quaso\n|-damage|p2b: Quaso|0 fnt\n|faint|p2b: Quaso\n|\n|upkeep\n|\n|t:|1681782089\n|switch|p2b: Relajao|Kingambit, L50, M, tera:Flying|33\/100\n|turn|8\n|\n|t:|1681782102\n|move|p1b: Agua Furiosa|Aqua Jet|p2b: Relajao\n|-hint|Psychic Terrain doesn't affect Pok\u00e9mon immune to Ground.\n|-damage|p2b: Relajao|0 fnt\n|faint|p2b: Relajao\n|move|p2a: Eduardo|Psycho Cut|p1b: Agua Furiosa\n|-damage|p1b: Agua Furiosa|51\/100\n|move|p1a: Ow The Edge|Bitter Blade|p2a: Eduardo\n|-damage|p2a: Eduardo|3\/100\n|-heal|p1a: Ow The Edge|100\/100|[from] drain|[of] p2a: Eduardo\n|\n|upkeep\n|turn|9\n|-message|Txabo McTxabo forfeited.\n|\n|win|torwildheart\n|raw|torwildheart's rating: 1382 → 1405<\/strong> (+23 for winning)\n|raw|Txabo McTxabo's rating: 1434 → 1411<\/strong> (-23 for losing)\n|l|\u2606Txabo McTxabo\n","uploadtime":1681782112,"views":7,"p1id":"torwildheart","p2id":"txabomctxabo","formatid":"gen9vgc2023regulationc","rating":1405,"private":0,"password":""}