{"id":"gen9vgc2023regulationc-1845152605","p1":"PoGoboy","p2":"xzymandias","format":"[Gen 9] VGC 2023 Regulation C","log":"|j|\u2606PoGoboy\n|j|\u2606xzymandias\n|t:|1681689836\n|gametype|doubles\n|player|p1|PoGoboy|rika|1281\n|player|p2|xzymandias|medium|1381\n|teamsize|p1|6\n|teamsize|p2|6\n|gen|9\n|tier|[Gen 9] VGC 2023 Regulation C\n|rated|\n|rule|Species Clause: Limit one of each Pok\u00e9mon\n|rule|Item Clause: Limit one of each item\n|clearpoke\n|poke|p1|Iron Valiant, L50|\n|poke|p1|Talonflame, L50, M|\n|poke|p1|Garchomp, L50, F|\n|poke|p1|Palafin, L50, F|\n|poke|p1|Abomasnow, L50, F|\n|poke|p1|Iron Bundle, L50|\n|poke|p2|Corviknight, L50, M|\n|poke|p2|Garganacl, L50, M|\n|poke|p2|Ting-Lu, L50|\n|poke|p2|Wo-Chien, L50|\n|poke|p2|Annihilape, L50, M|\n|poke|p2|Arcanine, L50, M|\n|teampreview|4\n|inactive|Battle timer is ON: inactive players will automatically lose when time's up. (requested by PoGoboy)\n|inactive|xzymandias has 60 seconds left.\n|\n|t:|1681689870\n|start\n|switch|p1a: Abomasnow|Abomasnow, L50, F, shiny|100\/100\n|switch|p1b: Iron Bundle|Iron Bundle, L50, shiny|100\/100\n|switch|p2a: Garganacl|Garganacl, L50, M, shiny|100\/100\n|switch|p2b: Annihilape|Annihilape, L50, M|100\/100\n|-weather|Snow|[from] ability: Snow Warning|[of] p1a: Abomasnow\n|turn|1\n|\n|t:|1681689881\n|-terastallize|p1b: Iron Bundle|Ice\n|move|p2a: Garganacl|Wide Guard|p2a: Garganacl\n|-singleturn|p2a: Garganacl|Wide Guard\n|move|p2b: Annihilape|Low Kick|p1a: Abomasnow\n|-supereffective|p1a: Abomasnow\n|-damage|p1a: Abomasnow|33\/100\n|move|p1b: Iron Bundle|Blizzard|p2a: Garganacl|[spread] \n|-activate|p2a: Garganacl|move: Wide Guard\n|-activate|p2b: Annihilape|move: Wide Guard\n|move|p1a: Abomasnow|Giga Drain|p2a: Garganacl\n|-supereffective|p2a: Garganacl\n|-damage|p2a: Garganacl|42\/100\n|-heal|p1a: Abomasnow|64\/100|[from] drain|[of] p2a: Garganacl\n|-enditem|p2a: Garganacl|Sitrus Berry|[eat]\n|-heal|p2a: Garganacl|67\/100|[from] item: Sitrus Berry\n|-damage|p1a: Abomasnow|54\/100|[from] item: Life Orb\n|\n|-weather|Snow|[upkeep]\n|upkeep\n|turn|2\n|\n|t:|1681689904\n|switch|p2b: Corviknight|Corviknight, L50, M, shiny|100\/100\n|-terastallize|p2a: Garganacl|Ghost\n|move|p1b: Iron Bundle|Blizzard|p2a: Garganacl|[spread] p2a,p2b\n|-damage|p2a: Garganacl|9\/100\n|-damage|p2b: Corviknight|31\/100\n|move|p1a: Abomasnow|Giga Drain|p2a: Garganacl\n|-damage|p2a: Garganacl|0 fnt\n|-heal|p1a: Abomasnow|59\/100|[from] drain|[of] p2a: Garganacl\n|faint|p2a: Garganacl\n|-damage|p1a: Abomasnow|49\/100|[from] item: Life Orb\n|\n|-weather|Snow|[upkeep]\n|upkeep\n|\n|t:|1681689917\n|switch|p2a: Annihilape|Annihilape, L50, M|100\/100\n|turn|3\n|\n|t:|1681689924\n|move|p2a: Annihilape|Final Gambit|p1b: Iron Bundle\n|-damage|p1b: Iron Bundle|0 fnt\n|faint|p2a: Annihilape\n|faint|p1b: Iron Bundle\n|-end|p1b: Iron Bundle|Quark Drive|[silent]\n|move|p1a: Abomasnow|Giga Drain|p2b: Corviknight\n|-resisted|p2b: Corviknight\n|-damage|p2b: Corviknight|22\/100\n|-heal|p1a: Abomasnow|54\/100|[from] drain|[of] p2b: Corviknight\n|-damage|p1a: Abomasnow|44\/100|[from] item: Life Orb\n|move|p2b: Corviknight|Roost|p2b: Corviknight\n|-heal|p2b: Corviknight|72\/100\n|-singleturn|p2b: Corviknight|move: Roost\n|\n|-weather|Snow|[upkeep]\n|upkeep\n|\n|t:|1681689935\n|switch|p1b: Iron Valiant|Iron Valiant, L50, shiny|100\/100\n|switch|p2a: Ting-Lu|Ting-Lu, L50|100\/100\n|-ability|p2a: Ting-Lu|Vessel of Ruin\n|-enditem|p1b: Iron Valiant|Booster Energy\n|-activate|p1b: Iron Valiant|ability: Quark Drive|[fromitem]\n|-start|p1b: Iron Valiant|quarkdriveatk\n|turn|4\n|inactive|xzymandias has 30 seconds left.\n|\n|t:|1681689962\n|move|p1b: Iron Valiant|Close Combat|p2b: Corviknight\n|-damage|p2b: Corviknight|3\/100\n|-unboost|p1b: Iron Valiant|def|1\n|-unboost|p1b: Iron Valiant|spd|1\n|-damage|p1b: Iron Valiant|84\/100|[from] item: Rocky Helmet|[of] p2b: Corviknight\n|move|p1a: Abomasnow|Blizzard|p2b: Corviknight|[spread] p2a,p2b\n|-supereffective|p2a: Ting-Lu\n|-damage|p2a: Ting-Lu|72\/100\n|-damage|p2b: Corviknight|0 fnt\n|faint|p2b: Corviknight\n|-damage|p1a: Abomasnow|35\/100|[from] item: Life Orb\n|move|p2a: Ting-Lu|Heavy Slam|p1b: Iron Valiant\n|-supereffective|p1b: Iron Valiant\n|-damage|p1b: Iron Valiant|0 fnt\n|faint|p1b: Iron Valiant\n|-end|p1b: Iron Valiant|Quark Drive|[silent]\n|\n|-weather|Snow|[upkeep]\n|upkeep\n|\n|t:|1681689969\n|switch|p1b: Garchomp|Garchomp, L50, F|100\/100\n|turn|5\n|\n|t:|1681689982\n|move|p1b: Garchomp|Swords Dance|p1b: Garchomp\n|-boost|p1b: Garchomp|atk|2\n|move|p1a: Abomasnow|Giga Drain|p2a: Ting-Lu\n|-supereffective|p2a: Ting-Lu\n|-damage|p2a: Ting-Lu|47\/100\n|-heal|p1a: Abomasnow|50\/100|[from] drain|[of] p2a: Ting-Lu\n|-damage|p1a: Abomasnow|41\/100|[from] item: Life Orb\n|move|p2a: Ting-Lu|Fissure|p1b: Garchomp\n|-damage|p1b: Garchomp|0 fnt\n|faint|p1b: Garchomp\n|-ohko\n|\n|-weather|none\n|upkeep\n|turn|6\n|\n|t:|1681689995\n|move|p1a: Abomasnow|Giga Drain|p2a: Ting-Lu\n|-supereffective|p2a: Ting-Lu\n|-damage|p2a: Ting-Lu|21\/100\n|-heal|p1a: Abomasnow|57\/100|[from] drain|[of] p2a: Ting-Lu\n|-damage|p1a: Abomasnow|48\/100|[from] item: Life Orb\n|move|p2a: Ting-Lu|Heavy Slam|p1a: Abomasnow\n|-supereffective|p1a: Abomasnow\n|-damage|p1a: Abomasnow|0 fnt\n|faint|p1a: Abomasnow\n|\n|win|xzymandias\n|raw|PoGoboy's rating: 1281 → 1263<\/strong> (-18 for losing)\n|raw|xzymandias's rating: 1381 → 1395<\/strong> (+14 for winning)\n","uploadtime":1681690004,"views":13,"p1id":"pogoboy","p2id":"xzymandias","formatid":"gen9vgc2023regulationc","rating":1263,"private":0,"password":""}