{"id":"gen9vgc2023regulationc-1846433139","p1":"BEENMELLOW","p2":"Engineer Gaming345","format":"[Gen 9] VGC 2023 Regulation C","log":"|j|\u2606BEENMELLOW\n|j|\u2606Engineer Gaming345\n|t:|1681840464\n|gametype|doubles\n|player|p1|BEENMELLOW|steven|1143\n|player|p2|Engineer Gaming345|rancher|1088\n|teamsize|p1|6\n|teamsize|p2|6\n|gen|9\n|tier|[Gen 9] VGC 2023 Regulation C\n|rated|\n|rule|Species Clause: Limit one of each Pok\u00e9mon\n|rule|Item Clause: Limit one of each item\n|clearpoke\n|poke|p1|Braviary, L50, M|\n|poke|p1|Chi-Yu, L50|\n|poke|p1|Iron Bundle, L50|\n|poke|p1|Amoonguss, L50, F|\n|poke|p1|Florges, L50, F|\n|poke|p1|Iron Treads, L50|\n|poke|p2|Bronzong, L50|\n|poke|p2|Arboliva, L50, M|\n|poke|p2|Torkoal, L50, F|\n|poke|p2|Mimikyu, L50, F|\n|poke|p2|Clodsire, L50, M|\n|poke|p2|Drifblim, L50, M|\n|teampreview|4\n|\n|t:|1681840491\n|start\n|switch|p1a: Iron Bundle|Iron Bundle, L50|100\/100\n|switch|p1b: Chi-Yu|Chi-Yu, L50|100\/100\n|switch|p2a: Bronzong|Bronzong, L50|100\/100\n|switch|p2b: Torkoal|Torkoal, L50, F|100\/100\n|-ability|p1b: Chi-Yu|Beads of Ruin\n|-weather|SunnyDay|[from] ability: Drought|[of] p2b: Torkoal\n|-enditem|p1a: Iron Bundle|Booster Energy\n|-activate|p1a: Iron Bundle|ability: Quark Drive|[fromitem]\n|-start|p1a: Iron Bundle|quarkdrivespe\n|turn|1\n|\n|t:|1681840519\n|-end|p1a: Iron Bundle|Quark Drive|[silent]\n|switch|p1a: Iron Treads|Iron Treads, L50|100\/100\n|move|p1b: Chi-Yu|Taunt|p2a: Bronzong\n|-start|p2a: Bronzong|move: Taunt\n|move|p2b: Torkoal|Eruption|p1b: Chi-Yu|[spread] p1a,p1b\n|-supereffective|p1a: Iron Treads\n|-resisted|p1b: Chi-Yu\n|-damage|p1a: Iron Treads|0 fnt\n|-damage|p1b: Chi-Yu|37\/100\n|faint|p1a: Iron Treads\n|-end|p1a: Iron Treads|Quark Drive|[silent]\n|cant|p2a: Bronzong|move: Taunt|Trick Room\n|\n|-weather|SunnyDay|[upkeep]\n|upkeep\n|\n|t:|1681840530\n|switch|p1a: Braviary|Braviary, L50, M|100\/100\n|turn|2\n|\n|t:|1681840540\n|-terastallize|p1a: Braviary|Rock\n|move|p1b: Chi-Yu|Heat Wave|p2b: Torkoal|[spread] p2a,p2b\n|-supereffective|p2a: Bronzong\n|-resisted|p2b: Torkoal\n|-damage|p2a: Bronzong|0 fnt\n|-damage|p2b: Torkoal|48\/100\n|faint|p2a: Bronzong\n|move|p1a: Braviary|Rock Slide|p2b: Torkoal\n|-supereffective|p2b: Torkoal\n|-damage|p2b: Torkoal|0 fnt\n|faint|p2b: Torkoal\n|\n|-weather|SunnyDay|[upkeep]\n|upkeep\n|\n|t:|1681840554\n|switch|p2b: Arboliva|Arboliva, L50, M|100\/100\n|switch|p2a: Drifblim|Drifblim, L50, M|100\/100\n|turn|3\n|\n|t:|1681840580\n|-terastallize|p2b: Arboliva|Water\n|move|p1b: Chi-Yu|Heat Wave|p2b: Arboliva|[spread] p2a,p2b\n|-crit|p2a: Drifblim\n|-resisted|p2b: Arboliva\n|-crit|p2b: Arboliva\n|-damage|p2a: Drifblim|0 fnt\n|-damage|p2b: Arboliva|52\/100\n|faint|p2a: Drifblim\n|move|p1a: Braviary|Rock Slide|p2b: Arboliva|[miss]\n|-miss|p1a: Braviary|p2b: Arboliva\n|move|p2b: Arboliva|Giga Drain|p1a: Braviary\n|-supereffective|p1a: Braviary\n|-damage|p1a: Braviary|0 fnt\n|-heal|p2b: Arboliva|100\/100|[from] drain|[of] p1a: Braviary\n|faint|p1a: Braviary\n|\n|-weather|SunnyDay|[upkeep]\n|upkeep\n|\n|t:|1681840593\n|switch|p1a: Iron Bundle|Iron Bundle, L50|100\/100\n|turn|4\n|\n|t:|1681840618\n|move|p1a: Iron Bundle|Freeze-Dry|p2b: Arboliva\n|-supereffective|p2b: Arboliva\n|-damage|p2b: Arboliva|15\/100\n|-enditem|p2b: Arboliva|Sitrus Berry|[eat]\n|-heal|p2b: Arboliva|40\/100|[from] item: Sitrus Berry\n|move|p1b: Chi-Yu|Snarl|p2b: Arboliva\n|-damage|p2b: Arboliva|5\/100\n|-unboost|p2b: Arboliva|spa|1\n|move|p2b: Arboliva|Giga Drain|p1a: Iron Bundle\n|-supereffective|p1a: Iron Bundle\n|-crit|p1a: Iron Bundle\n|-damage|p1a: Iron Bundle|0 fnt\n|-heal|p2b: Arboliva|41\/100|[from] drain|[of] p1a: Iron Bundle\n|faint|p1a: Iron Bundle\n|-end|p1a: Iron Bundle|Quark Drive|[silent]\n|\n|-weather|SunnyDay|[upkeep]\n|-item|p2b: Arboliva|Sitrus Berry|[from] ability: Harvest\n|upkeep\n|-enditem|p2b: Arboliva|Sitrus Berry|[eat]\n|-heal|p2b: Arboliva|66\/100|[from] item: Sitrus Berry\n|turn|5\n|\n|t:|1681840648\n|move|p1b: Chi-Yu|Heat Wave|p2b: Arboliva\n|-resisted|p2b: Arboliva\n|-damage|p2b: Arboliva|17\/100\n|move|p2b: Arboliva|Hyper Voice|p1b: Chi-Yu\n|-damage|p1b: Chi-Yu|0 fnt\n|faint|p1b: Chi-Yu\n|\n|win|Engineer Gaming345\n|raw|BEENMELLOW's rating: 1143 → 1114<\/strong> (-29 for losing)\n|raw|Engineer Gaming345's rating: 1088 → 1119<\/strong> (+31 for winning)\n|l|\u2606BEENMELLOW\n","uploadtime":1681840679,"views":11,"p1id":"beenmellow","p2id":"engineergaming345","formatid":"gen9vgc2023regulationc","rating":1114,"private":0,"password":""}