{"id":"gen9vgc2023regulationc-1856597694","p1":"kricketot marx","p2":"felipeand_VGC","format":"[Gen 9] VGC 2023 Regulation C","log":"|j|\u2606kricketot marx\n|j|\u2606felipeand_VGC\n|t:|1683080487\n|gametype|doubles\n|player|p1|kricketot marx|flannery|1460\n|player|p2|felipeand_VGC|101|1461\n|teamsize|p1|6\n|teamsize|p2|6\n|gen|9\n|tier|[Gen 9] VGC 2023 Regulation C\n|rated|\n|rule|Species Clause: Limit one of each Pok\u00e9mon\n|rule|Item Clause: Limit one of each item\n|clearpoke\n|poke|p1|Garganacl, L50, F|\n|poke|p1|Flutter Mane, L50|\n|poke|p1|Iron Bundle, L50|\n|poke|p1|Abomasnow, L50, F|\n|poke|p1|Arcanine, L50, M|\n|poke|p1|Ting-Lu, L50|\n|poke|p2|Flutter Mane, L50|\n|poke|p2|Iron Bundle, L50|\n|poke|p2|Talonflame, L50, M|\n|poke|p2|Arcanine, L50, M|\n|poke|p2|Gastrodon, L50, F|\n|poke|p2|Garchomp, L50, M|\n|teampreview|4\n|inactive|Battle timer is ON: inactive players will automatically lose when time's up. (requested by felipeand_VGC)\n|\n|t:|1683080580\n|start\n|switch|p1a: Abomasnow|Abomasnow, L50, F|100\/100\n|switch|p1b: Ting-Lu|Ting-Lu, L50|100\/100\n|switch|p2a: Talonflame|Talonflame, L50, M|100\/100\n|switch|p2b: Arcanine|Arcanine, L50, M|100\/100\n|-ability|p2b: Arcanine|Intimidate|boost\n|-unboost|p1a: Abomasnow|atk|1\n|-unboost|p1b: Ting-Lu|atk|1\n|-weather|Snow|[from] ability: Snow Warning|[of] p1a: Abomasnow\n|-ability|p1b: Ting-Lu|Vessel of Ruin\n|turn|1\n|inactive|felipeand_VGC has 30 seconds left.\n|inactive|felipeand_VGC has 20 seconds left.\n|inactive|felipeand_VGC has 15 seconds left.\n|\n|t:|1683080621\n|move|p2a: Talonflame|Will-O-Wisp|p1b: Ting-Lu\n|-status|p1b: Ting-Lu|brn\n|-enditem|p1b: Ting-Lu|Lum Berry|[eat]\n|-curestatus|p1b: Ting-Lu|brn|[msg]\n|move|p2b: Arcanine|Howl|p2b: Arcanine|[spread] p2a,p2b\n|-boost|p2a: Talonflame|atk|1\n|-boost|p2b: Arcanine|atk|1\n|move|p1a: Abomasnow|Aurora Veil|p1a: Abomasnow\n|-sidestart|p1: kricketot marx|move: Aurora Veil\n|move|p1b: Ting-Lu|Fissure|p2b: Arcanine|[miss]\n|-miss|p1b: Ting-Lu|p2b: Arcanine\n|\n|-weather|Snow|[upkeep]\n|upkeep\n|turn|2\n|inactive|felipeand_VGC has 30 seconds left.\n|\n|t:|1683080648\n|move|p2a: Talonflame|Brave Bird|p1a: Abomasnow\n|-supereffective|p1a: Abomasnow\n|-damage|p1a: Abomasnow|23\/100\n|-damage|p2a: Talonflame|78\/100|[from] Recoil\n|move|p1a: Abomasnow|Chilling Water|p2b: Arcanine\n|-supereffective|p2b: Arcanine\n|-damage|p2b: Arcanine|76\/100\n|-unboost|p2b: Arcanine|atk|1\n|move|p2b: Arcanine|Flare Blitz|p1a: Abomasnow\n|-supereffective|p1a: Abomasnow\n|-damage|p1a: Abomasnow|0 fnt\n|faint|p1a: Abomasnow\n|-damage|p2b: Arcanine|70\/100|[from] Recoil\n|move|p1b: Ting-Lu|Stomping Tantrum|p2b: Arcanine\n|-supereffective|p2b: Arcanine\n|-damage|p2b: Arcanine|0 fnt\n|faint|p2b: Arcanine\n|\n|-weather|Snow|[upkeep]\n|upkeep\n|inactive|felipeand_VGC has 30 seconds left.\n|\n|t:|1683080675\n|switch|p1a: Flutter Mane|Flutter Mane, L50|100\/100\n|switch|p2b: Garchomp|Garchomp, L50, M|100\/100\n|-enditem|p1a: Flutter Mane|Booster Energy\n|-activate|p1a: Flutter Mane|ability: Protosynthesis|[fromitem]\n|-start|p1a: Flutter Mane|protosynthesisspa\n|turn|3\n|\n|t:|1683080696\n|-terastallize|p2b: Garchomp|Ground\n|move|p1a: Flutter Mane|Protect|p1a: Flutter Mane\n|-singleturn|p1a: Flutter Mane|Protect\n|move|p2b: Garchomp|Earthquake|p1b: Ting-Lu|[spread] p1b\n|-activate|p1a: Flutter Mane|move: Protect\n|-immune|p2a: Talonflame\n|-damage|p1b: Ting-Lu|79\/100\n|move|p2a: Talonflame|Tailwind|p2a: Talonflame\n|-sidestart|p2: felipeand_VGC|move: Tailwind\n|move|p1b: Ting-Lu|Fissure|p2b: Garchomp|[miss]\n|-miss|p1b: Ting-Lu|p2b: Garchomp\n|\n|-weather|Snow|[upkeep]\n|upkeep\n|turn|4\n|inactive|felipeand_VGC has 30 seconds left.\n|\n|t:|1683080721\n|move|p2b: Garchomp|Earthquake|p1a: Flutter Mane|[spread] p1a,p1b\n|-immune|p2a: Talonflame\n|-damage|p1a: Flutter Mane|49\/100\n|-damage|p1b: Ting-Lu|59\/100\n|move|p2a: Talonflame|Will-O-Wisp|p1b: Ting-Lu\n|-status|p1b: Ting-Lu|brn\n|move|p1a: Flutter Mane|Moonblast|p2b: Garchomp\n|-damage|p2b: Garchomp|51\/100\n|move|p1b: Ting-Lu|Stomping Tantrum|p2b: Garchomp\n|-damage|p2b: Garchomp|28\/100\n|-damage|p1b: Ting-Lu|47\/100 brn|[from] ability: Rough Skin|[of] p2b: Garchomp\n|\n|-weather|Snow|[upkeep]\n|-damage|p1b: Ting-Lu|41\/100 brn|[from] brn\n|upkeep\n|turn|5\n|inactive|kricketot marx has 30 seconds left.\n|inactive|felipeand_VGC has 30 seconds left.\n|\n|t:|1683080755\n|move|p1a: Flutter Mane|Protect|p1a: Flutter Mane\n|-singleturn|p1a: Flutter Mane|Protect\n|move|p2b: Garchomp|Earthquake|p1a: Flutter Mane|[spread] p1b\n|-activate|p1a: Flutter Mane|move: Protect\n|-immune|p2a: Talonflame\n|-damage|p1b: Ting-Lu|20\/100 brn\n|move|p2a: Talonflame|Brave Bird|p1b: Ting-Lu\n|-damage|p1b: Ting-Lu|0 fnt\n|faint|p1b: Ting-Lu\n|-damage|p2a: Talonflame|69\/100|[from] Recoil\n|\n|-weather|none\n|-sideend|p1: kricketot marx|move: Aurora Veil\n|upkeep\n|\n|t:|1683080764\n|switch|p1b: Garganacl|Garganacl, L50, F, shiny|100\/100\n|turn|6\n|inactive|felipeand_VGC has 30 seconds left.\n|\n|t:|1683080793\n|move|p1a: Flutter Mane|Protect||[still]\n|-fail|p1a: Flutter Mane\n|move|p2b: Garchomp|Earthquake|p1b: Garganacl|[spread] p1a,p1b\n|-immune|p2a: Talonflame\n|-supereffective|p1b: Garganacl\n|-damage|p1a: Flutter Mane|0 fnt\n|-damage|p1b: Garganacl|40\/100\n|faint|p1a: Flutter Mane\n|-end|p1a: Flutter Mane|Protosynthesis|[silent]\n|move|p2a: Talonflame|Brave Bird|p1b: Garganacl\n|-resisted|p1b: Garganacl\n|-damage|p1b: Garganacl|20\/100\n|-damage|p2a: Talonflame|62\/100|[from] Recoil\n|move|p1b: Garganacl|Salt Cure|p2b: Garchomp\n|-resisted|p2b: Garchomp\n|-damage|p2b: Garchomp|21\/100\n|-start|p2b: Garchomp|Salt Cure\n|\n|-heal|p1b: Garganacl|25\/100|[from] item: Leftovers\n|-damage|p2b: Garchomp|8\/100|[from] Salt Cure\n|-sideend|p2: felipeand_VGC|move: Tailwind\n|upkeep\n|turn|7\n|\n|t:|1683080813\n|move|p2b: Garchomp|Earthquake|p1b: Garganacl|[spread] p1b\n|-immune|p2a: Talonflame\n|-supereffective|p1b: Garganacl\n|-damage|p1b: Garganacl|0 fnt\n|faint|p1b: Garganacl\n|\n|win|felipeand_VGC\n|raw|kricketot marx's rating: 1460 → 1440<\/strong> (-20 for losing)\n|raw|felipeand_VGC's rating: 1461 → 1481<\/strong> (+20 for winning)\n|l|\u2606felipeand_VGC\n","uploadtime":1683080825,"views":17,"p1id":"kricketotmarx","p2id":"felipeandvgc","formatid":"gen9vgc2023regulationc","rating":1440,"private":0,"password":""}