{"id":"gen9vgc2023regulationc-1844989346","p1":"asterisbored","p2":"supaflytnt","format":"[Gen 9] VGC 2023 Regulation C","log":"|j|\u2606asterisbored\n|j|\u2606supaflytnt\n|t:|1681671469\n|gametype|doubles\n|player|p1|asterisbored|hau|1069\n|player|p2|supaflytnt|169|1119\n|teamsize|p1|6\n|teamsize|p2|6\n|gen|9\n|tier|[Gen 9] VGC 2023 Regulation C\n|rated|\n|rule|Species Clause: Limit one of each Pok\u00e9mon\n|rule|Item Clause: Limit one of each item\n|clearpoke\n|poke|p1|Great Tusk, L50|\n|poke|p1|Flutter Mane, L50|\n|poke|p1|Amoonguss, L50, F|\n|poke|p1|Chien-Pao, L50|\n|poke|p1|Volcarona, L50, M|\n|poke|p1|Scizor, L50, M|\n|poke|p2|Flutter Mane, L50|\n|poke|p2|Arcanine, L50, M|\n|poke|p2|Palafin, L50, M|\n|poke|p2|Ting-Lu, L50|\n|poke|p2|Amoonguss, L50, M|\n|poke|p2|Baxcalibur, L50, M|\n|teampreview|4\n|c|\u2606asterisbored|glhf\nasterisbored has agreed to open team sheets.\nsupaflytnt has agreed to open team sheets.\n|\n|t:|1681671567\n|start\n|switch|p1a: Amoonguss|Amoonguss, L50, F|100\/100\n|switch|p1b: Scizor|Scizor, L50, M|100\/100\n|switch|p2a: Noah\u2019s Ark|Arcanine, L50, M|100\/100\n|switch|p2b: Gucci Mane|Flutter Mane, L50, shiny|100\/100\n|-ability|p2a: Noah\u2019s Ark|Intimidate|boost\n|-unboost|p1a: Amoonguss|atk|1\n|-unboost|p1b: Scizor|atk|1\n|turn|1\n|\n|t:|1681671609\n|-end|p2b: Gucci Mane|Protosynthesis|[silent]\n|switch|p2b: Your boy|Palafin, L50, M|100\/100\n|-terastallize|p1b: Scizor|Water\n|move|p1b: Scizor|Bullet Punch|p2b: Your boy\n|-resisted|p2b: Your boy\n|-damage|p2b: Your boy|79\/100\n|move|p2a: Noah\u2019s Ark|Flare Blitz|p1a: Amoonguss\n|-supereffective|p1a: Amoonguss\n|-damage|p1a: Amoonguss|10\/100\n|-damage|p2a: Noah\u2019s Ark|84\/100|[from] item: Rocky Helmet|[of] p1a: Amoonguss\n|-damage|p2a: Noah\u2019s Ark|46\/100|[from] Recoil\n|move|p1a: Amoonguss|Spore|p2a: Noah\u2019s Ark\n|-activate|p2a: Noah\u2019s Ark|item: Safety Goggles|Spore\n|\n|upkeep\n|turn|2\n|\n|t:|1681671652\n|detailschange|p2b: Your boy|Palafin-Hero, L50, M\n|switch|p2b: Among who?|Amoonguss, L50, M|100\/100\n|switch|p1b: Great Tusk|Great Tusk, L50|100\/100\n|switch|p1a: Volcarona|Volcarona, L50, M|100\/100\n|move|p2a: Noah\u2019s Ark|Will-O-Wisp|p1b: Great Tusk\n|-status|p1b: Great Tusk|brn\n|\n|-damage|p1b: Great Tusk|95\/100 brn|[from] brn\n|upkeep\n|turn|3\n|\n|t:|1681671684\n|-terastallize|p2b: Among who?|Water\n|move|p2a: Noah\u2019s Ark|Flare Blitz|p1a: Volcarona\n|-damage|p1a: Volcarona|23\/100\n|-enditem|p1a: Volcarona|Sitrus Berry|[eat]\n|-heal|p1a: Volcarona|48\/100|[from] item: Sitrus Berry\n|-damage|p2a: Noah\u2019s Ark|18\/100|[from] Recoil\n|move|p1b: Great Tusk|Headlong Rush|p2a: Noah\u2019s Ark\n|-supereffective|p2a: Noah\u2019s Ark\n|-damage|p2a: Noah\u2019s Ark|0 fnt\n|-unboost|p1b: Great Tusk|def|1\n|-unboost|p1b: Great Tusk|spd|1\n|faint|p2a: Noah\u2019s Ark\n|move|p1a: Volcarona|Heat Wave|p2b: Among who?\n|-resisted|p2b: Among who?\n|-damage|p2b: Among who?|81\/100\n|move|p2b: Among who?|Pollen Puff|p2: Noah\u2019s Ark|[notarget]\n|-fail|p2b: Among who?\n|\n|-damage|p1b: Great Tusk|89\/100 brn|[from] brn\n|upkeep\n|\n|t:|1681671707\n|switch|p2a: Your boy|Palafin-Hero, L50, M|79\/100\n|-activate|p2a: Your boy|ability: Zero to Hero\n|turn|4\n|\n|t:|1681671746\n|-end|p1b: Great Tusk|Protosynthesis|[silent]\n|switch|p1b: Amoonguss|Amoonguss, L50, F|43\/100\n|move|p2a: Your boy|Protect|p2a: Your boy\n|-singleturn|p2a: Your boy|Protect\n|move|p1a: Volcarona|Giga Drain|p2a: Your boy\n|-activate|p2a: Your boy|move: Protect\n|move|p2b: Among who?|Spore|p1a: Volcarona\n|-status|p1a: Volcarona|slp|[from] move: Spore\n|\n|upkeep\n|turn|5\n|\n|t:|1681671771\n|move|p2a: Your boy|Substitute|p2a: Your boy\n|-start|p2a: Your boy|Substitute\n|-damage|p2a: Your boy|54\/100\n|cant|p1a: Volcarona|slp\n|move|p1b: Amoonguss|Pollen Puff|p1a: Volcarona\n|-heal|p1a: Volcarona|97\/100 slp\n|move|p2b: Among who?|Pollen Puff|p2a: Your boy\n|-heal|p2a: Your boy|100\/100\n|\n|upkeep\n|turn|6\n|\n|t:|1681671798\n|switch|p1b: Scizor|Scizor, L50, M, tera:Water|100\/100\n|move|p2a: Your boy|Wave Crash|p1a: Volcarona\n|-supereffective|p1a: Volcarona\n|-damage|p1a: Volcarona|0 fnt\n|faint|p1a: Volcarona\n|-damage|p2a: Your boy|69\/100|[from] Recoil\n|move|p2b: Among who?|Pollen Puff|p2a: Your boy\n|-heal|p2a: Your boy|100\/100\n|\n|upkeep\n|\n|t:|1681671815\n|switch|p1a: Amoonguss|Amoonguss, L50, F|76\/100\n|turn|7\n|\n|t:|1681671840\n|move|p2a: Your boy|Protect|p2a: Your boy\n|-singleturn|p2a: Your boy|Protect\n|move|p1a: Amoonguss|Rage Powder|p1a: Amoonguss\n|-singleturn|p1a: Amoonguss|move: Rage Powder\n|move|p1b: Scizor|Close Combat|p2a: Your boy\n|-activate|p2a: Your boy|move: Protect\n|move|p2b: Among who?|Spore|p1a: Amoonguss\n|-immune|p1a: Amoonguss\n|\n|upkeep\n|turn|8\n|\n|t:|1681671877\n|move|p1a: Amoonguss|Rage Powder|p1a: Amoonguss\n|-singleturn|p1a: Amoonguss|move: Rage Powder\n|move|p2b: Among who?|Rage Powder|p2b: Among who?\n|-singleturn|p2b: Among who?|move: Rage Powder\n|move|p2a: Your boy|Wave Crash|p1a: Amoonguss\n|-resisted|p1a: Amoonguss\n|-damage|p1a: Amoonguss|38\/100\n|-damage|p2a: Your boy|84\/100|[from] item: Rocky Helmet|[of] p1a: Amoonguss\n|-damage|p2a: Your boy|70\/100|[from] Recoil\n|move|p1b: Scizor|Close Combat|p2b: Among who?\n|-damage|p2b: Among who?|22\/100\n|-unboost|p1b: Scizor|def|1\n|-unboost|p1b: Scizor|spd|1\n|\n|upkeep\n|turn|9\n|\n|t:|1681671936\n|switch|p2b: Gucci Mane|Flutter Mane, L50, shiny|100\/100\n|move|p2a: Your boy|Wave Crash|p1b: Scizor\n|-resisted|p1b: Scizor\n|-damage|p1b: Scizor|28\/100\n|-damage|p2a: Your boy|48\/100|[from] Recoil\n|move|p1b: Scizor|Close Combat|p2a: Your boy\n|-end|p2a: Your boy|Substitute\n|-unboost|p1b: Scizor|def|1\n|-unboost|p1b: Scizor|spd|1\n|move|p1a: Amoonguss|Pollen Puff|p2a: Your boy\n|-damage|p2a: Your boy|29\/100\n|\n|upkeep\n|turn|10\n|\n|t:|1681671984\n|-end|p2b: Gucci Mane|Protosynthesis|[silent]\n|switch|p2b: Among who?|Amoonguss, L50, M, tera:Water|55\/100\n|switch|p1b: Great Tusk|Great Tusk, L50|89\/100 brn\n|move|p1a: Amoonguss|Rage Powder|p1a: Amoonguss\n|-singleturn|p1a: Amoonguss|move: Rage Powder\n|move|p2a: Your boy|Wave Crash|p1a: Amoonguss\n|-resisted|p1a: Amoonguss\n|-damage|p1a: Amoonguss|0 fnt\n|-damage|p2a: Your boy|12\/100|[from] item: Rocky Helmet|[of] p1a: Amoonguss\n|faint|p1a: Amoonguss\n|-damage|p2a: Your boy|0 fnt|[from] Recoil\n|faint|p2a: Your boy\n|\n|-damage|p1b: Great Tusk|83\/100 brn|[from] brn\n|upkeep\n|\n|t:|1681671999\n|switch|p2a: Gucci Mane|Flutter Mane, L50, shiny|100\/100\n|switch|p1a: Scizor|Scizor, L50, M, tera:Water|28\/100\n|turn|11\n|\n|t:|1681672035\n|move|p2b: Among who?|Rage Powder|p2b: Among who?\n|-singleturn|p2b: Among who?|move: Rage Powder\n|move|p2a: Gucci Mane|Dazzling Gleam|p1a: Scizor|[spread] p1a,p1b\n|-supereffective|p1b: Great Tusk\n|-damage|p1a: Scizor|0 fnt\n|-damage|p1b: Great Tusk|0 fnt\n|faint|p1a: Scizor\n|faint|p1b: Great Tusk\n|-end|p1b: Great Tusk|Protosynthesis|[silent]\n|\n|win|supaflytnt\n|raw|asterisbored's rating: 1069 → 1052<\/strong> (-17 for losing)\n|raw|supaflytnt's rating: 1119 → 1140<\/strong> (+21 for winning)\n|c|\u2606asterisbored|ggwp\n|c|\u2606supaflytnt|Gg\n|l|\u2606asterisbored\n","uploadtime":1681672178,"views":6,"p1id":"asterisbored","p2id":"supaflytnt","formatid":"gen9vgc2023regulationc","rating":1052,"private":0,"password":""}