{"id":"gen9vgc2023regulationc-1857936997","p1":"kanotakekanotake","p2":"Indigosaffron","format":"[Gen 9] VGC 2023 Regulation C","log":"|j|\u2606kanotakekanotake\n|j|\u2606Indigosaffron\n|t:|1683249565\n|gametype|doubles\n|player|p1|kanotakekanotake|smasher|1710\n|player|p2|Indigosaffron|266|1833\n|teamsize|p1|6\n|teamsize|p2|6\n|gen|9\n|tier|[Gen 9] VGC 2023 Regulation C\n|rated|\n|rule|Species Clause: Limit one of each Pok\u00e9mon\n|rule|Item Clause: Limit one of each item\n|clearpoke\n|poke|p1|Amoonguss, L50, M|\n|poke|p1|Iron Hands, L50|\n|poke|p1|Garganacl, L50, F|\n|poke|p1|Grimmsnarl, L50, M|\n|poke|p1|Gyarados, L50, M|\n|poke|p1|Flutter Mane, L50|\n|poke|p2|Chien-Pao, L50|\n|poke|p2|Flutter Mane, L50|\n|poke|p2|Talonflame, L50, F|\n|poke|p2|Meowscarada, L50, M|\n|poke|p2|Maushold-Four, L50|\n|poke|p2|Azumarill, L50, M|\n|teampreview|4\nIndigosaffron has agreed to open team sheets.\n|inactive|Battle timer is ON: inactive players will automatically lose when time's up. (requested by Indigosaffron)\n|\n|t:|1683249612\n|start\n|switch|p1a: Iron Hands|Iron Hands, L50|100\/100\n|switch|p1b: Flutter Mane|Flutter Mane, L50|100\/100\n|switch|p2a: Talonflame|Talonflame, L50, F|100\/100\n|switch|p2b: Flutter Mane|Flutter Mane, L50|100\/100\n|-enditem|p1b: Flutter Mane|Booster Energy\n|-activate|p1b: Flutter Mane|ability: Protosynthesis|[fromitem]\n|-start|p1b: Flutter Mane|protosynthesisspe\n|turn|1\n|\n|t:|1683249636\n|-terastallize|p1a: Iron Hands|Fire\n|move|p2a: Talonflame|Tailwind|p2a: Talonflame\n|-sidestart|p2: Indigosaffron|move: Tailwind\n|move|p2b: Flutter Mane|Dazzling Gleam|p1a: Iron Hands|[spread] p1a,p1b\n|-resisted|p1a: Iron Hands\n|-damage|p1a: Iron Hands|87\/100\n|-damage|p1b: Flutter Mane|54\/100\n|move|p1b: Flutter Mane|Substitute|p1b: Flutter Mane\n|-start|p1b: Flutter Mane|Substitute\n|-damage|p1b: Flutter Mane|29\/100\n|move|p1a: Iron Hands|Heavy Slam|p2b: Flutter Mane\n|-supereffective|p2b: Flutter Mane\n|-damage|p2b: Flutter Mane|0 fnt\n|faint|p2b: Flutter Mane\n|-end|p2b: Flutter Mane|Protosynthesis|[silent]\n|\n|upkeep\n|\n|t:|1683249655\n|switch|p2b: Azumarill|Azumarill, L50, M|100\/100\n|turn|2\n|inactive|Indigosaffron has 30 seconds left.\n|inactive|Indigosaffron has 20 seconds left.\n|inactive|Indigosaffron has 15 seconds left.\n|\n|t:|1683249703\n|move|p2a: Talonflame|Brave Bird|p1a: Iron Hands\n|-damage|p1a: Iron Hands|53\/100\n|-damage|p2a: Talonflame|84\/100|[from] Recoil\n|move|p1b: Flutter Mane|Moonblast|p2b: Azumarill\n|-damage|p2b: Azumarill|46\/100\n|move|p2b: Azumarill|Liquidation|p1a: Iron Hands\n|-supereffective|p1a: Iron Hands\n|-damage|p1a: Iron Hands|0 fnt\n|faint|p1a: Iron Hands\n|-end|p1a: Iron Hands|Quark Drive|[silent]\n|\n|upkeep\n|\n|t:|1683249717\n|switch|p1a: Gyarados|Gyarados, L50, M, shiny|100\/100\n|-ability|p1a: Gyarados|Intimidate|boost\n|-unboost|p2a: Talonflame|atk|1\n|-unboost|p2b: Azumarill|atk|1\n|turn|3\n|inactive|Indigosaffron has 30 seconds left.\n|\n|t:|1683249748\n|move|p1b: Flutter Mane|Protect|p1b: Flutter Mane\n|-singleturn|p1b: Flutter Mane|Protect\n|move|p2b: Azumarill|Protect|p2b: Azumarill\n|-singleturn|p2b: Azumarill|Protect\n|move|p2a: Talonflame|Brave Bird|p1b: Flutter Mane\n|-activate|p1b: Flutter Mane|move: Protect\n|move|p1a: Gyarados|Waterfall|p2a: Talonflame\n|-supereffective|p2a: Talonflame\n|-crit|p2a: Talonflame\n|-damage|p2a: Talonflame|0 fnt\n|faint|p2a: Talonflame\n|\n|upkeep\n|\n|t:|1683249751\n|switch|p2a: Chien-Pao|Chien-Pao, L50|100\/100\n|-ability|p2a: Chien-Pao|Sword of Ruin\n|turn|4\n|inactive|kanotakekanotake has 30 seconds left.\n|inactive|kanotakekanotake has 20 seconds left.\n|inactive|kanotakekanotake has 15 seconds left.\n|\n|t:|1683249794\n|switch|p1a: Garganacl|Garganacl, L50, F, shiny|100\/100\n|-terastallize|p2a: Chien-Pao|Poison\n|move|p2a: Chien-Pao|Throat Chop|p1a: Garganacl\n|-damage|p1a: Garganacl|67\/100\n|-start|p1a: Garganacl|Throat Chop|[silent]\n|move|p1b: Flutter Mane|Moonblast|p2b: Azumarill\n|-damage|p2b: Azumarill|0 fnt\n|faint|p2b: Azumarill\n|\n|-heal|p1a: Garganacl|73\/100|[from] item: Leftovers\n|-sideend|p2: Indigosaffron|move: Tailwind\n|upkeep\n|turn|5\n|\n|t:|1683249812\n|move|p2a: Chien-Pao|Sucker Punch|p1b: Flutter Mane\n|-end|p1b: Flutter Mane|Substitute\n|move|p1b: Flutter Mane|Shadow Ball|p2a: Chien-Pao\n|-damage|p2a: Chien-Pao|65\/100\n|move|p1a: Garganacl|Salt Cure|p2a: Chien-Pao\n|-damage|p2a: Chien-Pao|49\/100\n|-start|p2a: Chien-Pao|Salt Cure\n|\n|-heal|p1a: Garganacl|79\/100|[from] item: Leftovers\n|-damage|p2a: Chien-Pao|37\/100|[from] Salt Cure\n|-end|p1a: Garganacl|Throat Chop|[silent]\n|upkeep\n|turn|6\n|\n|t:|1683249829\n|move|p1b: Flutter Mane|Substitute|p1b: Flutter Mane\n|-start|p1b: Flutter Mane|Substitute\n|-damage|p1b: Flutter Mane|4\/100\n|move|p2a: Chien-Pao|Ice Spinner|p1a: Garganacl\n|-damage|p1a: Garganacl|47\/100\n|move|p1a: Garganacl|Iron Defense|p1a: Garganacl\n|-boost|p1a: Garganacl|def|2\n|\n|-heal|p1a: Garganacl|53\/100|[from] item: Leftovers\n|-damage|p2a: Chien-Pao|25\/100|[from] Salt Cure\n|upkeep\n|turn|7\n|\n|t:|1683249843\n|move|p1b: Flutter Mane|Shadow Ball|p2a: Chien-Pao\n|-damage|p2a: Chien-Pao|0 fnt\n|faint|p2a: Chien-Pao\n|\n|win|kanotakekanotake\n|raw|kanotakekanotake's rating: 1693 → 1721<\/strong> (+28 for winning)\n|raw|Indigosaffron's rating: 1833 → 1805<\/strong> (-28 for losing)\n|l|\u2606Indigosaffron\n|l|\u2606kanotakekanotake\n","uploadtime":1683249853,"views":7,"p1id":"kanotakekanotake","p2id":"indigosaffron","formatid":"gen9vgc2023regulationc","rating":1721,"private":0,"password":""}