{"id":"gen9vgc2023regulationc-1849197358","p1":"BlindMagneton","p2":"pikaddict","format":"[Gen 9] VGC 2023 Regulation C","log":"|j|\u2606BlindMagneton\n|j|\u2606pikaddict\n|t:|1682171507\n|gametype|doubles\n|player|p1|BlindMagneton|wattson|1319\n|player|p2|pikaddict|266|1260\n|teamsize|p1|6\n|teamsize|p2|6\n|gen|9\n|tier|[Gen 9] VGC 2023 Regulation C\n|rated|\n|rule|Species Clause: Limit one of each Pok\u00e9mon\n|rule|Item Clause: Limit one of each item\n|clearpoke\n|poke|p1|Tinkaton, L50, F|\n|poke|p1|Wo-Chien, L50|\n|poke|p1|Ceruledge, L50, F|\n|poke|p1|Grimmsnarl, L50, M|\n|poke|p1|Chien-Pao, L50|\n|poke|p1|Dragapult, L50, M|\n|poke|p2|Chien-Pao, L50|\n|poke|p2|Dragonite, L50, F|\n|poke|p2|Flutter Mane, L50|\n|poke|p2|Amoonguss, L50, M|\n|poke|p2|Talonflame, L50, F|\n|poke|p2|Kingambit, L50, F|\n|teampreview|4\n|\n|t:|1682171581\n|start\n|switch|p1a: Tinkaton|Tinkaton, L50, F|100\/100\n|switch|p1b: Grimmsnarl|Grimmsnarl, L50, M|100\/100\n|switch|p2a: Amoonguss|Amoonguss, L50, M|100\/100\n|switch|p2b: Kingambit|Kingambit, L50, F|100\/100\n|turn|1\n|\n|t:|1682171609\n|move|p1a: Tinkaton|Fake Out|p2a: Amoonguss\n|-damage|p2a: Amoonguss|94\/100\n|move|p1b: Grimmsnarl|Drain Punch|p2b: Kingambit\n|-supereffective|p2b: Kingambit\n|-damage|p2b: Kingambit|15\/100\n|move|p2b: Kingambit|Iron Head|p1b: Grimmsnarl\n|-supereffective|p1b: Grimmsnarl\n|-enditem|p1b: Grimmsnarl|Focus Sash\n|-damage|p1b: Grimmsnarl|1\/100\n|cant|p2a: Amoonguss|flinch\n|\n|upkeep\n|turn|2\n|\n|t:|1682171676\n|move|p2a: Amoonguss|Rage Powder|p2a: Amoonguss\n|-singleturn|p2a: Amoonguss|move: Rage Powder\n|move|p1b: Grimmsnarl|Swagger|p2a: Amoonguss\n|-boost|p2a: Amoonguss|atk|2\n|-start|p2a: Amoonguss|confusion\n|move|p2b: Kingambit|Sucker Punch||[still]\n|-fail|p2b: Kingambit\n|move|p1a: Tinkaton|Gigaton Hammer|p2a: Amoonguss\n|-damage|p2a: Amoonguss|51\/100\n|\n|upkeep\n|turn|3\n|\n|t:|1682171705\n|switch|p2b: Flutter Mane|Flutter Mane, L50|100\/100\n|-enditem|p2b: Flutter Mane|Booster Energy\n|-activate|p2b: Flutter Mane|ability: Protosynthesis|[fromitem]\n|-start|p2b: Flutter Mane|protosynthesisspa\n|-activate|p2a: Amoonguss|confusion\n|move|p2a: Amoonguss|Rage Powder|p2a: Amoonguss\n|-singleturn|p2a: Amoonguss|move: Rage Powder\n|move|p1b: Grimmsnarl|Thunder Wave|p2a: Amoonguss|[miss]\n|-miss|p1b: Grimmsnarl|p2a: Amoonguss\n|move|p1a: Tinkaton|Brick Break|p2a: Amoonguss\n|-resisted|p2a: Amoonguss\n|-damage|p2a: Amoonguss|45\/100\n|\n|upkeep\n|turn|4\n|\n|t:|1682171727\n|move|p2b: Flutter Mane|Protect|p2b: Flutter Mane\n|-singleturn|p2b: Flutter Mane|Protect\n|move|p1b: Grimmsnarl|Swagger|p1a: Tinkaton\n|-boost|p1a: Tinkaton|atk|2\n|-immune|p1a: Tinkaton|confusion|[from] ability: Own Tempo\n|move|p1a: Tinkaton|Gigaton Hammer|p2a: Amoonguss\n|-damage|p2a: Amoonguss|0 fnt\n|faint|p2a: Amoonguss\n|\n|upkeep\n|\n|t:|1682171745\n|switch|p2a: Kingambit|Kingambit, L50, F|15\/100\n|turn|5\n|\n|t:|1682171751\n|move|p1b: Grimmsnarl|Thunder Wave|p2b: Flutter Mane\n|-status|p2b: Flutter Mane|par\n|move|p1a: Tinkaton|Brick Break|p2a: Kingambit\n|-supereffective|p2a: Kingambit\n|-damage|p2a: Kingambit|0 fnt\n|faint|p2a: Kingambit\n|move|p2b: Flutter Mane|Dazzling Gleam|p1a: Tinkaton|[spread] p1a,p1b\n|-resisted|p1a: Tinkaton\n|-supereffective|p1b: Grimmsnarl\n|-damage|p1a: Tinkaton|82\/100\n|-damage|p1b: Grimmsnarl|0 fnt\n|faint|p1b: Grimmsnarl\n|\n|upkeep\n|-message|pikaddict forfeited.\n|\n|win|BlindMagneton\n|raw|BlindMagneton's rating: 1319 → 1336<\/strong> (+17 for winning)\n|raw|pikaddict's rating: 1274 → 1252<\/strong> (-22 for losing)\n|l|\u2606pikaddict\n","uploadtime":1682171766,"views":7,"p1id":"blindmagneton","p2id":"pikaddict","formatid":"gen9vgc2023regulationc","rating":1252,"private":0,"password":""}