{"id":"gen9vgc2023regulationc-1858501981","p1":"NickNoName","p2":"sephiroth1999","format":"[Gen 9] VGC 2023 Regulation C","log":"|j|\u2606NickNoName\n|j|\u2606sephiroth1999\n|t:|1683318750\n|gametype|doubles\n|player|p1|NickNoName|1|1104\n|player|p2|sephiroth1999|brycenman|1104\n|teamsize|p1|6\n|teamsize|p2|6\n|gen|9\n|tier|[Gen 9] VGC 2023 Regulation C\n|rated|\n|rule|Species Clause: Limit one of each Pok\u00e9mon\n|rule|Item Clause: Limit one of each item\n|clearpoke\n|poke|p1|Toedscruel, L50, M|\n|poke|p1|Flutter Mane, L50|\n|poke|p1|Chien-Pao, L50|\n|poke|p1|Espathra, L50, M|\n|poke|p1|Chi-Yu, L50|\n|poke|p1|Dragonite, L50, M|\n|poke|p2|Flutter Mane, L50|\n|poke|p2|Great Tusk, L50|\n|poke|p2|Garchomp, L50, M|\n|poke|p2|Arcanine, L50, M|\n|poke|p2|Ting-Lu, L50|\n|poke|p2|Palafin, L50, M|\n|teampreview|4\n|\n|t:|1683318783\n|start\n|switch|p1a: Toedscruel|Toedscruel, L50, M|100\/100\n|switch|p1b: Espathra|Espathra, L50, M|100\/100\n|switch|p2a: Ting-Lu|Ting-Lu, L50|100\/100\n|switch|p2b: Palafin|Palafin, L50, M|100\/100\n|-ability|p2a: Ting-Lu|Vessel of Ruin\n|turn|1\n|\n|t:|1683318798\n|move|p2b: Palafin|Protect|p2b: Palafin\n|-singleturn|p2b: Palafin|Protect\n|move|p1b: Espathra|Skill Swap|p1a: Toedscruel\n|-activate|p1b: Espathra|move: Skill Swap|||[of] p1a: Toedscruel\n|move|p2a: Ting-Lu|Fissure|p1a: Toedscruel|[miss]\n|-miss|p2a: Ting-Lu|p1a: Toedscruel\n|move|p1a: Toedscruel|Spore|p2a: Ting-Lu\n|-status|p2a: Ting-Lu|slp|[from] move: Spore\n|\n|-ability|p1a: Toedscruel|Speed Boost|boost\n|-boost|p1a: Toedscruel|spe|1\n|upkeep\n|turn|2\n|\n|t:|1683318818\n|detailschange|p2b: Palafin|Palafin-Hero, L50, M\n|switch|p2b: Flutter Mane|Flutter Mane, L50|100\/100\n|move|p1a: Toedscruel|Spore|p2b: Flutter Mane\n|-status|p2b: Flutter Mane|slp|[from] move: Spore\n|move|p1b: Espathra|Dazzling Gleam|p2b: Flutter Mane|[spread] p2a,p2b\n|-supereffective|p2a: Ting-Lu\n|-damage|p2a: Ting-Lu|90\/100 slp\n|-damage|p2b: Flutter Mane|86\/100 slp\n|cant|p2a: Ting-Lu|slp\n|\n|-ability|p1a: Toedscruel|Speed Boost|boost\n|-boost|p1a: Toedscruel|spe|1\n|upkeep\n|turn|3\n|\n|t:|1683318838\n|move|p1a: Toedscruel|Leech Seed|p2a: Ting-Lu\n|-start|p2a: Ting-Lu|move: Leech Seed\n|cant|p2b: Flutter Mane|slp\n|cant|p2a: Ting-Lu|slp\n|move|p1b: Espathra|Skill Swap|p2a: Ting-Lu\n|-activate|p1b: Espathra|move: Skill Swap|Vessel of Ruin|Mycelium Might|[of] p2a: Ting-Lu\n|-ability|p1b: Espathra|Vessel of Ruin\n|\n|-damage|p2a: Ting-Lu|78\/100 slp|[from] Leech Seed|[of] p1a: Toedscruel\n|-ability|p1a: Toedscruel|Speed Boost|boost\n|-boost|p1a: Toedscruel|spe|1\n|upkeep\n|turn|4\n|\n|t:|1683318855\n|switch|p1b: Flutter Mane|Flutter Mane, L50, shiny|100\/100\n|-enditem|p1b: Flutter Mane|Booster Energy\n|-activate|p1b: Flutter Mane|ability: Protosynthesis|[fromitem]\n|-start|p1b: Flutter Mane|protosynthesisspe\n|move|p1a: Toedscruel|Leech Seed|p2b: Flutter Mane\n|-start|p2b: Flutter Mane|move: Leech Seed\n|-curestatus|p2b: Flutter Mane|slp|[msg]\n|move|p2b: Flutter Mane|Moonblast|p1a: Toedscruel\n|-damage|p1a: Toedscruel|33\/100\n|cant|p2a: Ting-Lu|slp\n|\n|-damage|p2b: Flutter Mane|74\/100|[from] Leech Seed|[of] p1a: Toedscruel\n|-heal|p1a: Toedscruel|42\/100|[silent]\n|-damage|p2a: Ting-Lu|65\/100 slp|[from] Leech Seed|[of] p1a: Toedscruel\n|-heal|p1a: Toedscruel|59\/100|[silent]\n|-ability|p1a: Toedscruel|Speed Boost|boost\n|-boost|p1a: Toedscruel|spe|1\n|upkeep\n|turn|5\n|\n|t:|1683318874\n|-terastallize|p1b: Flutter Mane|Fairy\n|move|p1a: Toedscruel|Spore|p2b: Flutter Mane\n|-status|p2b: Flutter Mane|slp|[from] move: Spore\n|move|p1b: Flutter Mane|Dazzling Gleam|p2b: Flutter Mane|[spread] p2a,p2b\n|-supereffective|p2a: Ting-Lu\n|-damage|p2a: Ting-Lu|30\/100 slp\n|-damage|p2b: Flutter Mane|34\/100 slp\n|cant|p2b: Flutter Mane|slp\n|-curestatus|p2a: Ting-Lu|slp|[msg]\n|move|p2a: Ting-Lu|Heavy Slam|p1b: Flutter Mane\n|-supereffective|p1b: Flutter Mane\n|-damage|p1b: Flutter Mane|14\/100\n|\n|-damage|p2b: Flutter Mane|21\/100 slp|[from] Leech Seed|[of] p1a: Toedscruel\n|-heal|p1a: Toedscruel|67\/100|[silent]\n|-damage|p2a: Ting-Lu|18\/100|[from] Leech Seed|[of] p1a: Toedscruel\n|-heal|p1a: Toedscruel|84\/100|[silent]\n|-ability|p1a: Toedscruel|Speed Boost|boost\n|-boost|p1a: Toedscruel|spe|1\n|upkeep\n|turn|6\n|\n|t:|1683318899\n|move|p1a: Toedscruel|Spore|p2a: Ting-Lu\n|-status|p2a: Ting-Lu|slp|[from] move: Spore\n|move|p1b: Flutter Mane|Dazzling Gleam|p2b: Flutter Mane|[spread] p2a,p2b\n|-supereffective|p2a: Ting-Lu\n|-damage|p2a: Ting-Lu|0 fnt\n|-damage|p2b: Flutter Mane|0 fnt\n|faint|p2a: Ting-Lu\n|faint|p2b: Flutter Mane\n|-end|p2b: Flutter Mane|Protosynthesis|[silent]\n|\n|-ability|p1a: Toedscruel|Speed Boost|boost\n|-boost|p1a: Toedscruel|spe|1\n|upkeep\n|\n|t:|1683318903\n|switch|p2b: Garchomp|Garchomp, L50, M, shiny|100\/100\n|switch|p2a: Palafin|Palafin-Hero, L50, M|100\/100\n|-activate|p2a: Palafin|ability: Zero to Hero\n|turn|7\n|\n|t:|1683318942\n|move|p1b: Flutter Mane|Protect|p1b: Flutter Mane\n|-singleturn|p1b: Flutter Mane|Protect\n|move|p2b: Garchomp|Protect|p2b: Garchomp\n|-singleturn|p2b: Garchomp|Protect\n|move|p1a: Toedscruel|Spore|p2a: Palafin\n|-status|p2a: Palafin|slp|[from] move: Spore\n|cant|p2a: Palafin|slp\n|\n|upkeep\n|turn|8\n|\n|t:|1683318963\n|move|p1a: Toedscruel|Spore|p2b: Garchomp\n|-status|p2b: Garchomp|slp|[from] move: Spore\n|move|p1b: Flutter Mane|Dazzling Gleam|p2a: Palafin|[spread] p2a,p2b\n|-supereffective|p2b: Garchomp\n|-crit|p2b: Garchomp\n|-damage|p2a: Palafin|54\/100 slp\n|-damage|p2b: Garchomp|0 fnt\n|faint|p2b: Garchomp\n|cant|p2a: Palafin|slp\n|\n|upkeep\n|turn|9\n|c|\u2606sephiroth1999|you son of a btch\n|c|\u2606sephiroth1999|play fairly\n|c|\u2606NickNoName|You use fissure Ting-Lu\n|c|\u2606NickNoName|so\n|l|\u2606sephiroth1999\n|player|p2|\n|inactive|Battle timer is ON: inactive players will automatically lose when time's up. (requested by NickNoName)\n|inactive|sephiroth1999 has 30 seconds to reconnect!\n|inactive|sephiroth1999 has 20 seconds to reconnect!\n|inactive|sephiroth1999 has 15 seconds to reconnect!\n|inactive|sephiroth1999 has 10 seconds to reconnect!\n|inactive|sephiroth1999 has 5 seconds to reconnect!\n|-message|sephiroth1999 lost due to inactivity.\n|\n|win|NickNoName\n|raw|NickNoName's rating: 1104 → 1128<\/strong> (+24 for winning)\n|raw|sephiroth1999's rating: 1086 → 1064<\/strong> (-22 for losing)\n","uploadtime":1683318975,"views":8,"p1id":"nicknoname","p2id":"sephiroth1999","formatid":"gen9vgc2023regulationc","rating":1064,"private":0,"password":""}