{"id":"gen9vgc2023regulationc-1847451637","p1":"neukorn","p2":"ralphieadad","format":"[Gen 9] VGC 2023 Regulation C","log":"|j|\u2606neukorn\n|j|\u2606ralphieadad\n|t:|1681956750\n|gametype|doubles\n|player|p1|neukorn|flint|1244\n|player|p2|ralphieadad|alder|1325\n|teamsize|p1|6\n|teamsize|p2|6\n|gen|9\n|tier|[Gen 9] VGC 2023 Regulation C\n|rated|\n|rule|Species Clause: Limit one of each Pok\u00e9mon\n|rule|Item Clause: Limit one of each item\n|clearpoke\n|poke|p1|Wo-Chien, L50|\n|poke|p1|Ting-Lu, L50|\n|poke|p1|Flutter Mane, L50|\n|poke|p1|Orthworm, L50, F|\n|poke|p1|Chi-Yu, L50|\n|poke|p1|Drifblim, L50, M|\n|poke|p2|Tinkaton, L50, F|\n|poke|p2|Tsareena, L50, F|\n|poke|p2|Flutter Mane, L50|\n|poke|p2|Arcanine, L50, M|\n|poke|p2|Iron Bundle, L50|\n|poke|p2|Corviknight, L50, F|\n|teampreview|4\n|j| GS Wendigo\n|inactive|Battle timer is ON: inactive players will automatically lose when time's up. (requested by ralphieadad)\n|\n|t:|1681956827\n|start\n|switch|p1a: Drifblim|Drifblim, L50, M|100\/100\n|switch|p1b: Wo-Chien|Wo-Chien, L50|100\/100\n|switch|p2a: Corviknight|Corviknight, L50, F|100\/100\n|switch|p2b: Tinkaton|Tinkaton, L50, F|100\/100\n|-ability|p1b: Wo-Chien|Tablets of Ruin\n|turn|1\n|inactive|ralphieadad has 30 seconds left.\n|\n|t:|1681956854\n|move|p1b: Wo-Chien|Protect|p1b: Wo-Chien\n|-singleturn|p1b: Wo-Chien|Protect\n|move|p2b: Tinkaton|Swords Dance|p2b: Tinkaton\n|-boost|p2b: Tinkaton|atk|2\n|move|p2a: Corviknight|Tailwind|p2a: Corviknight\n|-sidestart|p2: ralphieadad|move: Tailwind\n|move|p1a: Drifblim|Trick Room|p1a: Drifblim\n|-fieldstart|move: Trick Room|[of] p1a: Drifblim\n|\n|-status|p1a: Drifblim|brn|[from] item: Flame Orb\n|upkeep\n|turn|2\n|inactive|neukorn has 30 seconds left.\n|inactive|ralphieadad has 30 seconds left.\n|inactive|neukorn has 20 seconds left.\n|inactive|neukorn has 15 seconds left.\n|\n|t:|1681956897\n|switch|p1b: Chi-Yu|Chi-Yu, L50|100\/100\n|-ability|p1b: Chi-Yu|Beads of Ruin\n|move|p1a: Drifblim|Sunny Day|p1a: Drifblim\n|-weather|SunnyDay\n|move|p2a: Corviknight|Brave Bird|p1b: Chi-Yu\n|-damage|p1b: Chi-Yu|36\/100\n|-damage|p2a: Corviknight|87\/100|[from] Recoil\n|move|p2b: Tinkaton|Knock Off|p1a: Drifblim\n|-supereffective|p1a: Drifblim\n|-damage|p1a: Drifblim|0 fnt\n|-enditem|p1a: Drifblim|Flame Orb|[from] move: Knock Off|[of] p2b: Tinkaton\n|faint|p1a: Drifblim\n|\n|-weather|SunnyDay|[upkeep]\n|-heal|p2a: Corviknight|93\/100|[from] item: Leftovers\n|upkeep\n|\n|t:|1681956909\n|switch|p1a: Ting-Lu|Ting-Lu, L50|100\/100\n|-ability|p1a: Ting-Lu|Vessel of Ruin\n|turn|3\n|inactive|ralphieadad has 30 seconds left.\n|\n|t:|1681956936\n|-terastallize|p2b: Tinkaton|Water\n|move|p1a: Ting-Lu|Ruination|p2b: Tinkaton\n|-damage|p2b: Tinkaton|50\/100\n|move|p1b: Chi-Yu|Heat Wave|p2a: Corviknight|[spread] p2a,p2b\n|-supereffective|p2a: Corviknight\n|-resisted|p2b: Tinkaton\n|-damage|p2a: Corviknight|0 fnt\n|-damage|p2b: Tinkaton|22\/100\n|faint|p2a: Corviknight\n|move|p2b: Tinkaton|Gigaton Hammer|p1b: Chi-Yu\n|-resisted|p1b: Chi-Yu\n|-damage|p1b: Chi-Yu|0 fnt\n|faint|p1b: Chi-Yu\n|\n|-weather|SunnyDay|[upkeep]\n|upkeep\n|\n|t:|1681956951\n|switch|p2a: Flutter Mane|Flutter Mane, L50|100\/100\n|switch|p1b: Wo-Chien|Wo-Chien, L50|100\/100\n|-ability|p1b: Wo-Chien|Tablets of Ruin\n|-activate|p2a: Flutter Mane|ability: Protosynthesis\n|-start|p2a: Flutter Mane|protosynthesisspe\n|turn|4\n|inactive|ralphieadad has 30 seconds left.\n|\n|t:|1681956981\n|-terastallize|p1b: Wo-Chien|Water\n|move|p1a: Ting-Lu|Rock Slide|p2b: Tinkaton|[spread] p2a,p2b\n|-damage|p2a: Flutter Mane|77\/100\n|-damage|p2b: Tinkaton|11\/100\n|move|p1b: Wo-Chien|Ingrain|p1b: Wo-Chien\n|-start|p1b: Wo-Chien|move: Ingrain\n|cant|p2b: Tinkaton|flinch\n|move|p2a: Flutter Mane|Moonblast|p1b: Wo-Chien\n|-damage|p1b: Wo-Chien|75\/100\n|\n|-weather|SunnyDay|[upkeep]\n|-heal|p1b: Wo-Chien|84\/100|[from] Ingrain\n|-sideend|p2: ralphieadad|move: Tailwind\n|upkeep\n|turn|5\n|\n|t:|1681957001\n|move|p1a: Ting-Lu|Rock Slide|p2a: Flutter Mane|[spread] p2a,p2b\n|-crit|p2a: Flutter Mane\n|-damage|p2a: Flutter Mane|42\/100\n|-damage|p2b: Tinkaton|0 fnt\n|faint|p2b: Tinkaton\n|move|p1b: Wo-Chien|Leech Seed|p2a: Flutter Mane\n|-start|p2a: Flutter Mane|move: Leech Seed\n|move|p2a: Flutter Mane|Moonblast|p1b: Wo-Chien\n|-damage|p1b: Wo-Chien|57\/100\n|-unboost|p1b: Wo-Chien|spa|1\n|\n|-weather|SunnyDay|[upkeep]\n|-heal|p1b: Wo-Chien|66\/100|[from] Ingrain\n|-damage|p2a: Flutter Mane|30\/100|[from] Leech Seed|[of] p1b: Wo-Chien\n|-heal|p1b: Wo-Chien|77\/100|[silent]\n|-fieldend|move: Trick Room\n|upkeep\n|\n|t:|1681957010\n|switch|p2b: Iron Bundle|Iron Bundle, L50|100\/100\n|-enditem|p2b: Iron Bundle|Booster Energy\n|-activate|p2b: Iron Bundle|ability: Quark Drive|[fromitem]\n|-start|p2b: Iron Bundle|quarkdrivespe\n|turn|6\n|inactive|ralphieadad has 30 seconds left.\n|\n|t:|1681957035\n|move|p2b: Iron Bundle|Freeze-Dry|p1a: Ting-Lu\n|-supereffective|p1a: Ting-Lu\n|-damage|p1a: Ting-Lu|80\/100\n|move|p2a: Flutter Mane|Moonblast|p1a: Ting-Lu\n|-supereffective|p1a: Ting-Lu\n|-damage|p1a: Ting-Lu|52\/100\n|-unboost|p1a: Ting-Lu|spa|1\n|move|p1b: Wo-Chien|Leech Seed|p2b: Iron Bundle\n|-start|p2b: Iron Bundle|move: Leech Seed\n|move|p1a: Ting-Lu|Rock Slide|p2a: Flutter Mane|[spread] p2a,p2b\n|-supereffective|p2b: Iron Bundle\n|-damage|p2a: Flutter Mane|5\/100\n|-damage|p2b: Iron Bundle|75\/100\n|\n|-weather|none\n|-end|p2a: Flutter Mane|Protosynthesis\n|-heal|p1b: Wo-Chien|85\/100|[from] Ingrain\n|-damage|p2b: Iron Bundle|62\/100|[from] Leech Seed|[of] p1b: Wo-Chien\n|-heal|p1b: Wo-Chien|96\/100|[silent]\n|-damage|p2a: Flutter Mane|0 fnt|[from] Leech Seed|[of] p1b: Wo-Chien\n|-heal|p1b: Wo-Chien|99\/100|[silent]\n|faint|p2a: Flutter Mane\n|-end|p2a: Flutter Mane|Protosynthesis|[silent]\n|upkeep\n|turn|7\n|\n|t:|1681957058\n|move|p2b: Iron Bundle|Freeze-Dry|p1b: Wo-Chien\n|-supereffective|p1b: Wo-Chien\n|-damage|p1b: Wo-Chien|66\/100\n|move|p1b: Wo-Chien|Pollen Puff|p1a: Ting-Lu\n|-heal|p1a: Ting-Lu|100\/100\n|move|p1a: Ting-Lu|Rock Slide|p2b: Iron Bundle\n|-supereffective|p2b: Iron Bundle\n|-damage|p2b: Iron Bundle|30\/100\n|\n|-heal|p1b: Wo-Chien|74\/100|[from] Ingrain\n|-damage|p2b: Iron Bundle|18\/100|[from] Leech Seed|[of] p1b: Wo-Chien\n|-heal|p1b: Wo-Chien|85\/100|[silent]\n|upkeep\n|turn|8\n|-message|ralphieadad forfeited.\n|\n|win|neukorn\n|raw|neukorn's rating: 1244 → 1275<\/strong> (+31 for winning)\n|raw|ralphieadad's rating: 1325 → 1300<\/strong> (-25 for losing)\n|l|\u2606ralphieadad\n|l|\u2606neukorn\n","uploadtime":1681957080,"views":14,"p1id":"neukorn","p2id":"ralphieadad","formatid":"gen9vgc2023regulationc","rating":1275,"private":0,"password":""}