{"id":"gen9vgc2023regulationc-1856140695","p1":"Draco Jack17","p2":"shadak91","format":"[Gen 9] VGC 2023 Regulation C","log":"|j|\u2606Draco Jack17\n|j|\u2606shadak91\n|t:|1683034365\n|gametype|doubles\n|player|p1|Draco Jack17|n|1295\n|player|p2|shadak91|unknown|1215\n|teamsize|p1|6\n|teamsize|p2|6\n|gen|9\n|tier|[Gen 9] VGC 2023 Regulation C\n|rated|\n|rule|Species Clause: Limit one of each Pok\u00e9mon\n|rule|Item Clause: Limit one of each item\n|clearpoke\n|poke|p1|Jumpluff, L50, M|\n|poke|p1|Torkoal, L50, M|\n|poke|p1|Flutter Mane, L50|\n|poke|p1|Chien-Pao, L50|\n|poke|p1|Great Tusk, L50|\n|poke|p1|Kingambit, L50, M|\n|poke|p2|Palafin, L50, F|\n|poke|p2|Chien-Pao, L50|\n|poke|p2|Arcanine, L50, F|\n|poke|p2|Flutter Mane, L50|\n|poke|p2|Ting-Lu, L50|\n|poke|p2|Amoonguss, L50, M|\n|teampreview|4\nshadak91 has agreed to open team sheets.\nDraco Jack17 has agreed to open team sheets.\n|\n|t:|1683034402\n|start\n|switch|p1a: Jumpluff|Jumpluff, L50, M|100\/100\n|switch|p1b: Judgement|Kingambit, L50, M|100\/100\n|switch|p2a: Palafin|Palafin, L50, F|100\/100\n|switch|p2b: Flutter Mane|Flutter Mane, L50|100\/100\n|-enditem|p2b: Flutter Mane|Booster Energy\n|-activate|p2b: Flutter Mane|ability: Protosynthesis|[fromitem]\n|-start|p2b: Flutter Mane|protosynthesisspa\n|turn|1\n|\n|t:|1683034444\n|detailschange|p2a: Palafin|Palafin-Hero, L50, F\n|switch|p2a: Chien-Pao|Chien-Pao, L50|100\/100\n|-ability|p2a: Chien-Pao|Sword of Ruin\n|move|p2b: Flutter Mane|Shadow Ball|p1a: Jumpluff\n|-damage|p1a: Jumpluff|40\/100\n|move|p1a: Jumpluff|Tailwind|p1a: Jumpluff\n|-sidestart|p1: Draco Jack17|move: Tailwind\n|move|p1b: Judgement|Iron Head|p2b: Flutter Mane\n|-supereffective|p2b: Flutter Mane\n|-damage|p2b: Flutter Mane|0 fnt\n|faint|p2b: Flutter Mane\n|-end|p2b: Flutter Mane|Protosynthesis|[silent]\n|\n|upkeep\n|\n|t:|1683034457\n|switch|p2b: Palafin|Palafin-Hero, L50, F|100\/100\n|-activate|p2b: Palafin|ability: Zero to Hero\n|turn|2\n|\n|t:|1683034467\n|switch|p1b: Torkoal|Torkoal, L50, M|100\/100\n|-weather|SunnyDay|[from] ability: Drought|[of] p1b: Torkoal\n|-terastallize|p2b: Palafin|Water\n|move|p2b: Palafin|Jet Punch|p1a: Jumpluff\n|-resisted|p1a: Jumpluff\n|-damage|p1a: Jumpluff|16\/100\n|move|p1a: Jumpluff|Leaf Storm|p2b: Palafin\n|-supereffective|p2b: Palafin\n|-damage|p2b: Palafin|44\/100\n|-unboost|p1a: Jumpluff|spa|2\n|move|p2a: Chien-Pao|Sacred Sword|p1b: Torkoal\n|-damage|p1b: Torkoal|71\/100\n|\n|-weather|SunnyDay|[upkeep]\n|upkeep\n|turn|3\n|\n|t:|1683034489\n|move|p2a: Chien-Pao|Sucker Punch|p1b: Torkoal\n|-damage|p1b: Torkoal|34\/100\n|move|p2b: Palafin|Jet Punch|p1a: Jumpluff\n|-resisted|p1a: Jumpluff\n|-damage|p1a: Jumpluff|0 fnt\n|faint|p1a: Jumpluff\n|move|p1b: Torkoal|Overheat|p2a: Chien-Pao\n|-supereffective|p2a: Chien-Pao\n|-enditem|p2a: Chien-Pao|Focus Sash\n|-damage|p2a: Chien-Pao|1\/100\n|-unboost|p1b: Torkoal|spa|2\n|-enditem|p1b: Torkoal|Eject Pack\n|\n|t:|1683034505\n|switch|p1b: Judgement|Kingambit, L50, M|100\/100\n|\n|-weather|SunnyDay|[upkeep]\n|upkeep\n|\n|t:|1683034506\n|switch|p1a: POW|Chien-Pao, L50|100\/100\n|-ability|p1a: POW|Sword of Ruin\n|turn|4\n|\n|t:|1683034550\n|-terastallize|p1b: Judgement|Flying\n|move|p2a: Chien-Pao|Protect|p2a: Chien-Pao\n|-singleturn|p2a: Chien-Pao|Protect\n|move|p1a: POW|Sucker Punch|p2b: Palafin\n|-damage|p2b: Palafin|2\/100\n|move|p2b: Palafin|Jet Punch|p1b: Judgement\n|-damage|p1b: Judgement|70\/100\n|move|p1b: Judgement|Iron Head|p2a: Chien-Pao\n|-activate|p2a: Chien-Pao|move: Protect\n|\n|-weather|SunnyDay|[upkeep]\n|-sideend|p1: Draco Jack17|move: Tailwind\n|upkeep\n|turn|5\n|\n|t:|1683034567\n|move|p1a: POW|Sucker Punch|p2b: Palafin\n|-damage|p2b: Palafin|0 fnt\n|faint|p2b: Palafin\n|move|p1b: Judgement|Sucker Punch|p2a: Chien-Pao\n|-resisted|p2a: Chien-Pao\n|-damage|p2a: Chien-Pao|0 fnt\n|faint|p2a: Chien-Pao\n|\n|-weather|SunnyDay|[upkeep]\n|upkeep\n|-message|shadak91 forfeited.\n|\n|win|Draco Jack17\n|raw|Draco Jack17's rating: 1295 → 1314<\/strong> (+19 for winning)\n|raw|shadak91's rating: 1215 → 1196<\/strong> (-19 for losing)\n|l|\u2606shadak91\n","uploadtime":1683034601,"views":6,"p1id":"dracojack17","p2id":"shadak91","formatid":"gen9vgc2023regulationc","rating":1196,"private":0,"password":""}