{"id":"gen9vgc2023regulationc-1851422562","p1":"ivansepu65","p2":"icedragonkid105","format":"[Gen 9] VGC 2023 Regulation C","log":"|j|\u2606ivansepu65\n|j|\u2606icedragonkid105\n|t:|1682443861\n|gametype|doubles\n|player|p1|ivansepu65|101|1111\n|player|p2|icedragonkid105|101|1222\n|teamsize|p1|6\n|teamsize|p2|6\n|gen|9\n|tier|[Gen 9] VGC 2023 Regulation C\n|rated|\n|rule|Species Clause: Limit one of each Pok\u00e9mon\n|rule|Item Clause: Limit one of each item\n|clearpoke\n|poke|p1|Ting-Lu, L50|\n|poke|p1|Garganacl, L50, M|\n|poke|p1|Grimmsnarl, L50, M|\n|poke|p1|Gholdengo, L50|\n|poke|p1|Roaring Moon, L50|\n|poke|p1|Amoonguss, L50, F|\n|poke|p2|Baxcalibur, L50, M|\n|poke|p2|Flutter Mane, L50|\n|poke|p2|Chi-Yu, L50|\n|poke|p2|Gastrodon-East, L50, F|\n|poke|p2|Iron Bundle, L50|\n|poke|p2|Arcanine, L50, F|\n|teampreview|4\n|\n|t:|1682443900\n|start\n|switch|p1a: Roaring Moon|Roaring Moon, L50|100\/100\n|switch|p1b: Garganacl|Garganacl, L50, M|100\/100\n|switch|p2a: Wreckingball|Chi-Yu, L50|100\/100\n|switch|p2b: Rouge|Flutter Mane, L50, shiny|100\/100\n|-ability|p2a: Wreckingball|Beads of Ruin\n|-enditem|p2b: Rouge|Booster Energy\n|-activate|p2b: Rouge|ability: Protosynthesis|[fromitem]\n|-start|p2b: Rouge|protosynthesisspe\n|-enditem|p1a: Roaring Moon|Booster Energy\n|-activate|p1a: Roaring Moon|ability: Protosynthesis|[fromitem]\n|-start|p1a: Roaring Moon|protosynthesisspe\n|turn|1\n|\n|t:|1682443927\n|-terastallize|p2a: Wreckingball|Grass\n|move|p1a: Roaring Moon|Shadow Claw|p2b: Rouge\n|-supereffective|p2b: Rouge\n|-damage|p2b: Rouge|0 fnt\n|faint|p2b: Rouge\n|-end|p2b: Rouge|Protosynthesis|[silent]\n|move|p2a: Wreckingball|Tera Blast|p1b: Garganacl\n|-supereffective|p1b: Garganacl\n|-damage|p1b: Garganacl|21\/100\n|-enditem|p1b: Garganacl|Aguav Berry|[eat]\n|-heal|p1b: Garganacl|55\/100|[from] item: Aguav Berry\n|move|p1b: Garganacl|Iron Defense|p1b: Garganacl\n|-boost|p1b: Garganacl|def|2\n|\n|upkeep\n|\n|t:|1682443941\n|switch|p2b: K-9|Arcanine, L50, F|100\/100\n|-ability|p2b: K-9|Intimidate|boost\n|-unboost|p1a: Roaring Moon|atk|1\n|-unboost|p1b: Garganacl|atk|1\n|turn|2\n|\n|t:|1682443965\n|move|p1a: Roaring Moon|Acrobatics|p2a: Wreckingball\n|-supereffective|p2a: Wreckingball\n|-damage|p2a: Wreckingball|17\/100\n|move|p2a: Wreckingball|Tera Blast|p1b: Garganacl\n|-supereffective|p1b: Garganacl\n|-crit|p1b: Garganacl\n|-damage|p1b: Garganacl|0 fnt\n|faint|p1b: Garganacl\n|move|p2b: K-9|Flare Blitz|p1a: Roaring Moon\n|-resisted|p1a: Roaring Moon\n|-damage|p1a: Roaring Moon|60\/100\n|-damage|p2b: K-9|86\/100|[from] Recoil\n|\n|upkeep\n|inactive|Battle timer is ON: inactive players will automatically lose when time's up. (requested by ivansepu65)\n|\n|t:|1682443977\n|switch|p1b: Gholdengo|Gholdengo, L50|100\/100\n|turn|3\n|\n|t:|1682443991\n|switch|p2a: Glacius|Baxcalibur, L50, M|100\/100\n|move|p1b: Gholdengo|Protect|p1b: Gholdengo\n|-singleturn|p1b: Gholdengo|Protect\n|move|p1a: Roaring Moon|Acrobatics|p2a: Glacius\n|-damage|p2a: Glacius|77\/100\n|move|p2b: K-9|Howl|p2b: K-9|[spread] p2a,p2b\n|-boost|p2a: Glacius|atk|1\n|-boost|p2b: K-9|atk|1\n|\n|upkeep\n|turn|4\n|\n|t:|1682444016\n|-terastallize|p1b: Gholdengo|Fairy\n|move|p2a: Glacius|Ice Shard|p1a: Roaring Moon\n|-supereffective|p1a: Roaring Moon\n|-damage|p1a: Roaring Moon|0 fnt\n|faint|p1a: Roaring Moon\n|-end|p1a: Roaring Moon|Protosynthesis|[silent]\n|move|p1b: Gholdengo|Dazzling Gleam|p2a: Glacius|[spread] p2a,p2b\n|-supereffective|p2a: Glacius\n|-resisted|p2b: K-9\n|-damage|p2a: Glacius|2\/100\n|-damage|p2b: K-9|57\/100\n|-damage|p1b: Gholdengo|91\/100|[from] item: Life Orb\n|move|p2b: K-9|Flare Blitz|p1b: Gholdengo\n|-damage|p1b: Gholdengo|0 fnt\n|faint|p1b: Gholdengo\n|-damage|p2b: K-9|28\/100|[from] Recoil\n|\n|upkeep\n|\n|t:|1682444025\n|switch|p1b: Amoonguss|Amoonguss, L50, F|100\/100\n|turn|5\n|-message|ivansepu65 forfeited.\n|\n|win|icedragonkid105\n|raw|ivansepu65's rating: 1111 → 1094<\/strong> (-17 for losing)\n|raw|icedragonkid105's rating: 1222 → 1239<\/strong> (+17 for winning)\n|l|\u2606ivansepu65\n","uploadtime":1682444042,"views":8,"p1id":"ivansepu65","p2id":"icedragonkid105","formatid":"gen9vgc2023regulationc","rating":1094,"private":0,"password":""}