{"id":"gen9vgc2023regulationc-1857505521","p1":"pokemon homo","p2":"Uahhhh","format":"[Gen 9] VGC 2023 Regulation C","log":"|j|\u2606pokemon homo\n|j|\u2606Uahhhh\n|t:|1683202682\n|gametype|doubles\n|player|p1|pokemon homo|rosa|\n|player|p2|Uahhhh|266|\n|teamsize|p1|6\n|teamsize|p2|6\n|gen|9\n|tier|[Gen 9] VGC 2023 Regulation C\n|rule|Species Clause: Limit one of each Pok\u00e9mon\n|rule|Item Clause: Limit one of each item\n|clearpoke\n|poke|p1|Chien-Pao, L50|\n|poke|p1|Dragonite, L50, M|\n|poke|p1|Ting-Lu, L50|\n|poke|p1|Gyarados, L50, F|\n|poke|p1|Flutter Mane, L50|\n|poke|p1|Amoonguss, L50, F|\n|poke|p2|Chi-Yu, L50|\n|poke|p2|Great Tusk, L50|\n|poke|p2|Iron Bundle, L50|\n|poke|p2|Gholdengo, L50|\n|poke|p2|Murkrow, L50, F|\n|poke|p2|Abomasnow, L50, F|\n|teampreview|4\nUahhhh has agreed to open team sheets.\n|j| frimaire21\n|j| 99jiuli\n|inactive|Battle timer is ON: inactive players will automatically lose when time's up. (requested by Uahhhh)\n|\n|t:|1683202728\n|start\n|switch|p1a: Dragonite|Dragonite, L50, M|100\/100\n|switch|p1b: Chien-Pao|Chien-Pao, L50|100\/100\n|switch|p2a: Abomasnow|Abomasnow, L50, F, shiny|100\/100\n|switch|p2b: \u5305\u88b1\u5305\u88b1|Iron Bundle, L50|100\/100\n|-ability|p1b: Chien-Pao|Sword of Ruin\n|-weather|Snow|[from] ability: Snow Warning|[of] p2a: Abomasnow\n|-enditem|p2b: \u5305\u88b1\u5305\u88b1|Booster Energy\n|-activate|p2b: \u5305\u88b1\u5305\u88b1|ability: Quark Drive|[fromitem]\n|-start|p2b: \u5305\u88b1\u5305\u88b1|quarkdrivespa\n|turn|1\n|inactive|pokemon homo has 30 seconds left.\n|inactive|Uahhhh has 30 seconds left.\n|inactive|pokemon homo has 20 seconds left.\n|inactive|Uahhhh has 20 seconds left.\n|\n|t:|1683202764\n|switch|p2a: Gholdengo|Gholdengo, L50|100\/100\n|-terastallize|p1a: Dragonite|Normal\n|move|p2b: \u5305\u88b1\u5305\u88b1|Protect|p2b: \u5305\u88b1\u5305\u88b1\n|-singleturn|p2b: \u5305\u88b1\u5305\u88b1|Protect\n|move|p1a: Dragonite|Extreme Speed|p2b: \u5305\u88b1\u5305\u88b1\n|-activate|p2b: \u5305\u88b1\u5305\u88b1|move: Protect\n|move|p1b: Chien-Pao|Sacred Sword|p2b: \u5305\u88b1\u5305\u88b1\n|-activate|p2b: \u5305\u88b1\u5305\u88b1|move: Protect\n|\n|-weather|Snow|[upkeep]\n|upkeep\n|turn|2\n|inactive|Uahhhh has 30 seconds left.\n|\n|t:|1683202790\n|move|p1a: Dragonite|Extreme Speed|p2b: \u5305\u88b1\u5305\u88b1\n|-damage|p2b: \u5305\u88b1\u5305\u88b1|33\/100\n|move|p1b: Chien-Pao|Sacred Sword|p2b: \u5305\u88b1\u5305\u88b1\n|-supereffective|p2b: \u5305\u88b1\u5305\u88b1\n|-damage|p2b: \u5305\u88b1\u5305\u88b1|0 fnt\n|faint|p2b: \u5305\u88b1\u5305\u88b1\n|-end|p2b: \u5305\u88b1\u5305\u88b1|Quark Drive|[silent]\n|move|p2a: Gholdengo|Nasty Plot|p2a: Gholdengo\n|-boost|p2a: Gholdengo|spa|2\n|\n|-weather|Snow|[upkeep]\n|upkeep\n|\n|t:|1683202800\n|switch|p2b: Abomasnow|Abomasnow, L50, F, shiny|100\/100\n|turn|3\n|\n|t:|1683202824\n|move|p1a: Dragonite|Extreme Speed|p2b: Abomasnow\n|-damage|p2b: Abomasnow|29\/100\n|move|p1b: Chien-Pao|Sacred Sword|p2b: Abomasnow\n|-supereffective|p2b: Abomasnow\n|-damage|p2b: Abomasnow|0 fnt\n|faint|p2b: Abomasnow\n|move|p2a: Gholdengo|Nasty Plot|p2a: Gholdengo\n|-boost|p2a: Gholdengo|spa|2\n|\n|-weather|Snow|[upkeep]\n|upkeep\n|\n|t:|1683202833\n|switch|p2b: Great Tusk|Great Tusk, L50|100\/100\n|turn|4\n|inactive|pokemon homo has 30 seconds left.\n|inactive|Uahhhh has 30 seconds left.\n|inactive|pokemon homo has 20 seconds left.\n|inactive|pokemon homo has 15 seconds left.\n|\n|t:|1683202877\n|move|p1b: Chien-Pao|Protect|p1b: Chien-Pao\n|-singleturn|p1b: Chien-Pao|Protect\n|move|p2a: Gholdengo|Protect|p2a: Gholdengo\n|-singleturn|p2a: Gholdengo|Protect\n|move|p1a: Dragonite|Extreme Speed|p2b: Great Tusk\n|-damage|p2b: Great Tusk|35\/100\n|move|p2b: Great Tusk|Rock Slide|p1b: Chien-Pao|[spread] p1a\n|-activate|p1b: Chien-Pao|move: Protect\n|-damage|p1a: Dragonite|73\/100\n|\n|-weather|Snow|[upkeep]\n|upkeep\n|turn|5\n|inactive|Uahhhh has 30 seconds left.\n|\n|t:|1683202906\n|-terastallize|p2a: Gholdengo|Water\n|move|p1a: Dragonite|Extreme Speed|p2b: Great Tusk\n|-damage|p2b: Great Tusk|0 fnt\n|faint|p2b: Great Tusk\n|-end|p2b: Great Tusk|Protosynthesis|[silent]\n|move|p1b: Chien-Pao|Sucker Punch|p2a: Gholdengo\n|-damage|p2a: Gholdengo|60\/100\n|move|p2a: Gholdengo|Make It Rain|p1a: Dragonite|[spread] p1a,p1b\n|-supereffective|p1b: Chien-Pao\n|-damage|p1a: Dragonite|0 fnt\n|-enditem|p1b: Chien-Pao|Focus Sash\n|-damage|p1b: Chien-Pao|1\/100\n|-unboost|p2a: Gholdengo|spa|1\n|faint|p1a: Dragonite\n|\n|-weather|none\n|upkeep\n|\n|t:|1683202918\n|switch|p1a: Flutter Mane|Flutter Mane, L50|100\/100\n|-enditem|p1a: Flutter Mane|Booster Energy\n|-activate|p1a: Flutter Mane|ability: Protosynthesis|[fromitem]\n|-start|p1a: Flutter Mane|protosynthesisspa\n|turn|6\n|\n|t:|1683202926\n|move|p1b: Chien-Pao|Sucker Punch|p2a: Gholdengo\n|-damage|p2a: Gholdengo|16\/100\n|-enditem|p2a: Gholdengo|Sitrus Berry|[eat]\n|-heal|p2a: Gholdengo|41\/100|[from] item: Sitrus Berry\n|move|p1a: Flutter Mane|Moonblast|p2a: Gholdengo\n|-damage|p2a: Gholdengo|0 fnt\n|faint|p2a: Gholdengo\n|\n|win|pokemon homo\n|c|\u2606Uahhhh|gg\n|l| 99jiuli\n|l|\u2606Uahhhh\n","uploadtime":1683202977,"views":6,"p1id":"pokemonhomo","p2id":"uahhhh","formatid":"gen9vgc2023regulationc","rating":0,"private":0,"password":""}