{"id":"gen9vgc2023regulationc-1863977224","p1":"MinatoPSI","p2":"PoGoboy","format":"[Gen 9] VGC 2023 Regulation C","log":"|j|\u2606MinatoPSI\n|j|\u2606PoGoboy\n|t:|1684100426\n|gametype|doubles\n|player|p1|MinatoPSI|riley|1153\n|player|p2|PoGoboy|lucas-gen4pt|1160\n|teamsize|p1|6\n|teamsize|p2|6\n|gen|9\n|tier|[Gen 9] VGC 2023 Regulation C\n|rated|\n|rule|Species Clause: Limit one of each Pok\u00e9mon\n|rule|Item Clause: Limit one of each item\n|clearpoke\n|poke|p1|Gengar, L50, M|\n|poke|p1|Bisharp, L50, M|\n|poke|p1|Meowscarada, L50, M|\n|poke|p1|Iron Bundle, L50|\n|poke|p1|Annihilape, L50, M|\n|poke|p1|Arcanine, L50, F|\n|poke|p2|Orthworm, L50, F|\n|poke|p2|Garchomp, L50, M|\n|poke|p2|Ting-Lu, L50|\n|poke|p2|Oranguru, L50, M|\n|poke|p2|Hydreigon, L50, M|\n|poke|p2|Glimmora, L50, F|\n|teampreview|4\n|inactive|Battle timer is ON: inactive players will automatically lose when time's up. (requested by PoGoboy)\n|inactive|MinatoPSI also wants the timer to be on.\n|inactive|MinatoPSI has 60 seconds left.\n|\n|t:|1684100474\n|start\n|switch|p1a: Iron Bundle|Iron Bundle, L50|100\/100\n|switch|p1b: Bisharp|Bisharp, L50, M|100\/100\n|switch|p2a: Orthworm|Orthworm, L50, F|100\/100\n|switch|p2b: Garchomp|Garchomp, L50, M|100\/100\n|-enditem|p1a: Iron Bundle|Booster Energy\n|-activate|p1a: Iron Bundle|ability: Quark Drive|[fromitem]\n|-start|p1a: Iron Bundle|quarkdrivespe\n|turn|1\n|\n|t:|1684100489\n|move|p2b: Garchomp|Protect|p2b: Garchomp\n|-singleturn|p2b: Garchomp|Protect\n|move|p1a: Iron Bundle|Icy Wind|p2b: Garchomp|[spread] p2a\n|-activate|p2b: Garchomp|move: Protect\n|-resisted|p2a: Orthworm\n|-damage|p2a: Orthworm|83\/100\n|-unboost|p2a: Orthworm|spe|1\n|move|p1b: Bisharp|Swords Dance|p1b: Bisharp\n|-boost|p1b: Bisharp|atk|2\n|move|p2a: Orthworm|Shed Tail|p2a: Orthworm\n|-start|p2a: Orthworm|Substitute|[from] move: Shed Tail\n|-damage|p2a: Orthworm|33\/100\n|-enditem|p2a: Orthworm|Sitrus Berry|[eat]\n|-heal|p2a: Orthworm|58\/100|[from] item: Sitrus Berry\n|\n|t:|1684100502\n|switch|p2a: Ting-Lu|Ting-Lu, L50|100\/100|[from] Shed Tail\n|-ability|p2a: Ting-Lu|Vessel of Ruin\n|\n|upkeep\n|turn|2\n|\n|t:|1684100511\n|switch|p2b: Orthworm|Orthworm, L50, F|58\/100\n|move|p1b: Bisharp|Protect|p1b: Bisharp\n|-singleturn|p1b: Bisharp|Protect\n|move|p1a: Iron Bundle|Icy Wind|p2a: Ting-Lu|[spread] p2a,p2b\n|-supereffective|p2a: Ting-Lu\n|-activate|p2a: Ting-Lu|move: Substitute|[damage]\n|-resisted|p2b: Orthworm\n|-damage|p2b: Orthworm|44\/100\n|-unboost|p2b: Orthworm|spe|1\n|move|p2a: Ting-Lu|Earthquake|p1a: Iron Bundle|[spread] p1a\n|-activate|p1b: Bisharp|move: Protect\n|-heal|p2b: Orthworm|69\/100|[from] ability: Earth Eater|[of] p2a: Ting-Lu\n|-damage|p1a: Iron Bundle|68\/100\n|\n|upkeep\n|turn|3\n|inactive|MinatoPSI has 30 seconds left.\n|inactive|MinatoPSI has 20 seconds left.\n|inactive|MinatoPSI has 15 seconds left.\n|\n|t:|1684100553\n|move|p1b: Bisharp|Protect|p1b: Bisharp\n|-singleturn|p1b: Bisharp|Protect\n|move|p1a: Iron Bundle|Icy Wind|p2b: Orthworm|[spread] p2a,p2b\n|-supereffective|p2a: Ting-Lu\n|-end|p2a: Ting-Lu|Substitute\n|-resisted|p2b: Orthworm\n|-damage|p2b: Orthworm|55\/100\n|-unboost|p2b: Orthworm|spe|1\n|move|p2a: Ting-Lu|Earthquake|p1b: Bisharp|[spread] p1a\n|-activate|p1b: Bisharp|move: Protect\n|-heal|p2b: Orthworm|80\/100|[from] ability: Earth Eater|[of] p2a: Ting-Lu\n|-damage|p1a: Iron Bundle|35\/100\n|move|p2b: Orthworm|Iron Defense|p2b: Orthworm\n|-boost|p2b: Orthworm|def|2\n|\n|upkeep\n|turn|4\n|inactive|MinatoPSI has 30 seconds left.\n|inactive|PoGoboy has 30 seconds left.\n|\n|t:|1684100584\n|move|p1a: Iron Bundle|Hydro Pump|p2a: Ting-Lu\n|-supereffective|p2a: Ting-Lu\n|-damage|p2a: Ting-Lu|66\/100\n|move|p1b: Bisharp|Iron Head|p2b: Orthworm\n|-resisted|p2b: Orthworm\n|-damage|p2b: Orthworm|69\/100\n|move|p2a: Ting-Lu|Ruination|p1b: Bisharp\n|-damage|p1b: Bisharp|50\/100\n|move|p2b: Orthworm|Shed Tail|p2b: Orthworm\n|-start|p2b: Orthworm|Substitute|[from] move: Shed Tail\n|-damage|p2b: Orthworm|19\/100\n|\n|t:|1684100593\n|switch|p2b: Garchomp|Garchomp, L50, M|100\/100|[from] Shed Tail\n|\n|upkeep\n|turn|5\n|\n|t:|1684100603\n|switch|p2a: Orthworm|Orthworm, L50, F|19\/100\n|move|p1a: Iron Bundle|Icy Wind|p2b: Garchomp|[spread] p2a\n|-miss|p1a: Iron Bundle|p2b: Garchomp\n|-resisted|p2a: Orthworm\n|-damage|p2a: Orthworm|2\/100\n|-unboost|p2a: Orthworm|spe|1\n|move|p2b: Garchomp|Earthquake|p1a: Iron Bundle|[spread] p1a,p1b\n|-heal|p2a: Orthworm|27\/100|[from] ability: Earth Eater|[of] p2b: Garchomp\n|-supereffective|p1b: Bisharp\n|-damage|p1a: Iron Bundle|0 fnt\n|-damage|p1b: Bisharp|0 fnt\n|faint|p1a: Iron Bundle\n|-end|p1a: Iron Bundle|Quark Drive|[silent]\n|faint|p1b: Bisharp\n|\n|upkeep\n|\n|t:|1684100615\n|switch|p1a: Gengar|Gengar, L50, M, shiny|100\/100\n|switch|p1b: Annihilape|Annihilape, L50, M|100\/100\n|-item|p1a: Gengar|Air Balloon\n|turn|6\n|inactive|PoGoboy has 30 seconds left.\n|\n|t:|1684100650\n|move|p1b: Annihilape|Close Combat|p2a: Orthworm\n|-supereffective|p2a: Orthworm\n|-damage|p2a: Orthworm|0 fnt\n|-unboost|p1b: Annihilape|def|1\n|-unboost|p1b: Annihilape|spd|1\n|faint|p2a: Orthworm\n|move|p1a: Gengar|Shadow Ball|p2b: Garchomp\n|-end|p2b: Garchomp|Substitute\n|move|p2b: Garchomp|Earthquake|p1a: Gengar|[spread] p1b\n|-immune|p1a: Gengar\n|-damage|p1b: Annihilape|39\/100\n|\n|upkeep\n|\n|t:|1684100653\n|switch|p2a: Ting-Lu|Ting-Lu, L50|66\/100\n|-ability|p2a: Ting-Lu|Vessel of Ruin\n|turn|7\n|\n|t:|1684100673\n|move|p1b: Annihilape|Close Combat|p2a: Ting-Lu\n|-supereffective|p2a: Ting-Lu\n|-damage|p2a: Ting-Lu|13\/100\n|-unboost|p1b: Annihilape|def|1\n|-unboost|p1b: Annihilape|spd|1\n|move|p1a: Gengar|Shadow Ball|p2b: Garchomp\n|-damage|p2b: Garchomp|67\/100\n|move|p2b: Garchomp|Rock Slide|p1b: Annihilape|[spread] p1a,p1b\n|-resisted|p1b: Annihilape\n|-damage|p1a: Gengar|59\/100\n|-damage|p1b: Annihilape|20\/100\n|-start|p2b: Garchomp|Disable|Rock Slide|[from] ability: Cursed Body|[of] p1a: Gengar\n|-enditem|p1a: Gengar|Air Balloon\n|move|p2a: Ting-Lu|Ruination|p1a: Gengar\n|-damage|p1a: Gengar|30\/100\n|\n|upkeep\n|turn|8\n|inactive|PoGoboy has 30 seconds left.\n|inactive|PoGoboy has 20 seconds left.\n|inactive|PoGoboy has 15 seconds left.\n|\n|t:|1684100717\n|switch|p2a: Hydreigon|Hydreigon, L50, M|100\/100\n|move|p1b: Annihilape|Close Combat|p2a: Hydreigon\n|-supereffective|p2a: Hydreigon\n|-damage|p2a: Hydreigon|0 fnt\n|-unboost|p1b: Annihilape|def|1\n|-unboost|p1b: Annihilape|spd|1\n|faint|p2a: Hydreigon\n|move|p1a: Gengar|Encore|p2b: Garchomp\n|-start|p2b: Garchomp|Encore\n|cant|p2b: Garchomp|Disable|Rock Slide\n|\n|upkeep\n|\n|t:|1684100726\n|switch|p2a: Ting-Lu|Ting-Lu, L50|13\/100\n|-ability|p2a: Ting-Lu|Vessel of Ruin\n|turn|9\n|\n|t:|1684100739\n|move|p1b: Annihilape|Close Combat|p2a: Ting-Lu\n|-supereffective|p2a: Ting-Lu\n|-damage|p2a: Ting-Lu|0 fnt\n|-unboost|p1b: Annihilape|def|1\n|-unboost|p1b: Annihilape|spd|1\n|faint|p2a: Ting-Lu\n|move|p1a: Gengar|Shadow Ball|p2b: Garchomp\n|-crit|p2b: Garchomp\n|-damage|p2b: Garchomp|0 fnt\n|faint|p2b: Garchomp\n|\n|win|MinatoPSI\n|raw|MinatoPSI's rating: 1153 → 1179<\/strong> (+26 for winning)\n|raw|PoGoboy's rating: 1160 → 1134<\/strong> (-26 for losing)\n","uploadtime":1684100757,"views":3,"p1id":"minatopsi","p2id":"pogoboy","formatid":"gen9vgc2023regulationc","rating":1134,"private":0,"password":""}