{"id":"gen9vgc2023regulationc-1862269667","p1":"nicouser","p2":"Nightmare_King_VGC","format":"[Gen 9] VGC 2023 Regulation C","log":"|j|\u2606nicouser\n|j|\u2606Nightmare_King_VGC\n|t:|1683857636\n|gametype|doubles\n|player|p1|nicouser|n|1626\n|player|p2|Nightmare_King_VGC|veteranf|1701\n|teamsize|p1|6\n|teamsize|p2|6\n|gen|9\n|tier|[Gen 9] VGC 2023 Regulation C\n|rated|\n|rule|Species Clause: Limit one of each Pok\u00e9mon\n|rule|Item Clause: Limit one of each item\n|clearpoke\n|poke|p1|Flutter Mane, L50|\n|poke|p1|Chi-Yu, L50|\n|poke|p1|Gastrodon-East, L50, M|\n|poke|p1|Great Tusk, L50|\n|poke|p1|Iron Bundle, L50|\n|poke|p1|Kilowattrel, L50, F|\n|poke|p2|Torkoal, L50, M|\n|poke|p2|Great Tusk, L50|\n|poke|p2|Flutter Mane, L50|\n|poke|p2|Jumpluff, L50, M|\n|poke|p2|Chien-Pao, L50|\n|poke|p2|Kingambit, L50, M|\n|teampreview|4\n|\n|t:|1683857653\n|start\n|switch|p1a: Kilowattrel|Kilowattrel, L50, F, shiny|100\/100\n|switch|p1b: Great Tusk|Great Tusk, L50, shiny|100\/100\n|switch|p2a: Jumpluff|Jumpluff, L50, M|100\/100\n|switch|p2b: Torkoal|Torkoal, L50, M|100\/100\n|-weather|SunnyDay|[from] ability: Drought|[of] p2b: Torkoal\n|-activate|p1b: Great Tusk|ability: Protosynthesis\n|-start|p1b: Great Tusk|protosynthesisatk\n|turn|1\n|\n|t:|1683857684\n|-terastallize|p1b: Great Tusk|Fire\n|move|p2a: Jumpluff|Sleep Powder|p1b: Great Tusk|[miss]\n|-miss|p2a: Jumpluff|p1b: Great Tusk\n|move|p1a: Kilowattrel|Air Slash|p2a: Jumpluff\n|-supereffective|p2a: Jumpluff\n|-damage|p2a: Jumpluff|36\/100\n|move|p1b: Great Tusk|Rock Slide|p2b: Torkoal|[spread] \n|-miss|p1b: Great Tusk|p2a: Jumpluff\n|-miss|p1b: Great Tusk|p2b: Torkoal\n|move|p2b: Torkoal|Overheat|p1b: Great Tusk\n|-resisted|p1b: Great Tusk\n|-damage|p1b: Great Tusk|35\/100\n|-unboost|p2b: Torkoal|spa|2\n|-enditem|p2b: Torkoal|Eject Pack\n|inactive|Battle timer is ON: inactive players will automatically lose when time's up. (requested by nicouser)\n|\n|t:|1683857710\n|switch|p2b: Great Tusk|Great Tusk, L50|100\/100\n|-activate|p2b: Great Tusk|ability: Protosynthesis\n|-start|p2b: Great Tusk|protosynthesisatk\n|\n|-weather|SunnyDay|[upkeep]\n|upkeep\n|turn|2\n|\n|t:|1683857727\n|-terastallize|p2b: Great Tusk|Fire\n|move|p1b: Great Tusk|Protect|p1b: Great Tusk\n|-singleturn|p1b: Great Tusk|Protect\n|move|p2a: Jumpluff|Tailwind|p2a: Jumpluff\n|-sidestart|p2: Nightmare_King_VGC|move: Tailwind\n|move|p2b: Great Tusk|Rock Slide|p1b: Great Tusk|[spread] p1a\n|-activate|p1b: Great Tusk|move: Protect\n|-supereffective|p1a: Kilowattrel\n|-enditem|p1a: Kilowattrel|Focus Sash\n|-damage|p1a: Kilowattrel|1\/100\n|move|p1a: Kilowattrel|Tailwind|p1a: Kilowattrel\n|-sidestart|p1: nicouser|move: Tailwind\n|\n|-weather|SunnyDay|[upkeep]\n|upkeep\n|turn|3\n|\n|t:|1683857743\n|move|p2a: Jumpluff|Encore|p1b: Great Tusk\n|-start|p1b: Great Tusk|Encore\n|move|p2b: Great Tusk|Rock Slide|p1b: Great Tusk|[spread] p1a,p1b\n|-supereffective|p1a: Kilowattrel\n|-supereffective|p1b: Great Tusk\n|-crit|p1b: Great Tusk\n|-damage|p1a: Kilowattrel|0 fnt\n|-damage|p1b: Great Tusk|0 fnt\n|faint|p1a: Kilowattrel\n|faint|p1b: Great Tusk\n|-end|p1b: Great Tusk|Protosynthesis|[silent]\n|\n|-weather|SunnyDay|[upkeep]\n|upkeep\n|\n|t:|1683857746\n|switch|p1a: Chi-Yu|Chi-Yu, L50|100\/100\n|switch|p1b: Flutter Mane|Flutter Mane, L50, shiny|100\/100\n|-ability|p1a: Chi-Yu|Beads of Ruin\n|-activate|p1b: Flutter Mane|ability: Protosynthesis\n|-start|p1b: Flutter Mane|protosynthesisspe\n|turn|4\n|\n|t:|1683857753\n|move|p2a: Jumpluff|Sleep Powder|p1b: Flutter Mane\n|-status|p1b: Flutter Mane|slp|[from] move: Sleep Powder\n|cant|p1b: Flutter Mane|slp\n|move|p1a: Chi-Yu|Heat Wave|p2a: Jumpluff|[spread] p2a,p2b\n|-supereffective|p2a: Jumpluff\n|-resisted|p2b: Great Tusk\n|-damage|p2a: Jumpluff|0 fnt\n|-damage|p2b: Great Tusk|39\/100\n|faint|p2a: Jumpluff\n|move|p2b: Great Tusk|Rock Slide|p1a: Chi-Yu|[spread] p1a,p1b\n|-supereffective|p1a: Chi-Yu\n|-crit|p1b: Flutter Mane\n|-damage|p1a: Chi-Yu|27\/100\n|-damage|p1b: Flutter Mane|30\/100 slp\n|\n|-weather|SunnyDay|[upkeep]\n|upkeep\n|inactive|Nightmare_King_VGC has 30 seconds left.\n|\n|t:|1683857786\n|switch|p2a: Flutter Mane|Flutter Mane, L50|100\/100\n|-activate|p2a: Flutter Mane|ability: Protosynthesis\n|-start|p2a: Flutter Mane|protosynthesisspa\n|turn|5\n|\n|t:|1683857793\n|cant|p1b: Flutter Mane|slp\n|move|p1a: Chi-Yu|Heat Wave|p2a: Flutter Mane|[spread] p2a,p2b\n|-resisted|p2b: Great Tusk\n|-damage|p2a: Flutter Mane|31\/100\n|-damage|p2b: Great Tusk|0 fnt\n|faint|p2b: Great Tusk\n|-end|p2b: Great Tusk|Protosynthesis|[silent]\n|move|p2a: Flutter Mane|Dazzling Gleam|p1b: Flutter Mane|[spread] p1a,p1b\n|-damage|p1a: Chi-Yu|0 fnt\n|-damage|p1b: Flutter Mane|0 fnt\n|faint|p1a: Chi-Yu\n|faint|p1b: Flutter Mane\n|-end|p1b: Flutter Mane|Protosynthesis|[silent]\n|\n|win|Nightmare_King_VGC\n|raw|nicouser's rating: 1626 → 1610<\/strong> (-16 for losing)\n|raw|Nightmare_King_VGC's rating: 1701 → 1717<\/strong> (+16 for winning)\n|l|\u2606Nightmare_King_VGC\n|l|\u2606nicouser\n","uploadtime":1683859094,"views":14,"p1id":"nicouser","p2id":"nightmarekingvgc","formatid":"gen9vgc2023regulationc","rating":1610,"private":0,"password":""}