{"id":"gen9vgc2023regulationc-1864361610","p1":"Smol123","p2":"Tworrasco","format":"[Gen 9] VGC 2023 Regulation C","log":"|j|\u2606Smol123\n|j|\u2606Tworrasco\n|t:|1684159536\n|gametype|doubles\n|player|p1|Smol123|benga|1116\n|player|p2|Tworrasco|li|1061\n|teamsize|p1|6\n|teamsize|p2|6\n|gen|9\n|tier|[Gen 9] VGC 2023 Regulation C\n|rated|\n|rule|Species Clause: Limit one of each Pok\u00e9mon\n|rule|Item Clause: Limit one of each item\n|clearpoke\n|poke|p1|Dondozo, L50, M|\n|poke|p1|Tatsugiri, L50, F|\n|poke|p1|Annihilape, L50, F|\n|poke|p1|Maushold-Four, L50|\n|poke|p1|Cetitan, L50, F|\n|poke|p1|Flamigo, L50, F|\n|poke|p2|Slaking, L50, F|\n|poke|p2|Medicham, L50, M|\n|poke|p2|Gyarados, L50, M|\n|poke|p2|Corviknight, L50, F|\n|poke|p2|Arcanine, L50, F|\n|poke|p2|Maushold-Four, L50|\n|teampreview|4\n|\n|t:|1684159558\n|start\n|switch|p1a: Annihilape|Annihilape, L50, F|100\/100\n|switch|p1b: Tatsugiri|Tatsugiri, L50, F|100\/100\n|switch|p2a: Slaking|Slaking, L50, F|100\/100\n|switch|p2b: Medicham|Medicham, L50, M|100\/100\n|turn|1\n|\n|t:|1684159586\n|move|p1b: Tatsugiri|Protect|p1b: Tatsugiri\n|-singleturn|p1b: Tatsugiri|Protect\n|move|p1a: Annihilape|Close Combat|p2a: Slaking\n|-supereffective|p2a: Slaking\n|-damage|p2a: Slaking|44\/100\n|-unboost|p1a: Annihilape|def|1\n|-unboost|p1a: Annihilape|spd|1\n|move|p2b: Medicham|Skill Swap|p2a: Slaking\n|-activate|p2b: Medicham|move: Skill Swap|||[of] p2a: Slaking\n|move|p2a: Slaking|Facade|p1a: Annihilape\n|-immune|p1a: Annihilape\n|\n|-status|p1b: Tatsugiri|tox|[from] item: Toxic Orb\n|upkeep\n|turn|2\n|\n|t:|1684159606\n|switch|p2b: Gyarados|Gyarados, L50, M, shiny|100\/100\n|-ability|p2b: Gyarados|Intimidate|boost\n|-fail|p1a: Annihilape|unboost|Attack|[from] ability: Inner Focus|[of] p1a: Annihilape\n|-unboost|p1b: Tatsugiri|atk|1\n|move|p1b: Tatsugiri|Endure||[still]\n|-fail|p1b: Tatsugiri\n|move|p2a: Slaking|Sucker Punch|p1a: Annihilape\n|-damage|p1a: Annihilape|34\/100\n|move|p1a: Annihilape|Close Combat|p2a: Slaking\n|-supereffective|p2a: Slaking\n|-damage|p2a: Slaking|0 fnt\n|-unboost|p1a: Annihilape|def|1\n|-unboost|p1a: Annihilape|spd|1\n|faint|p2a: Slaking\n|\n|-damage|p1b: Tatsugiri|95\/100 tox|[from] psn\n|upkeep\n|\n|t:|1684159625\n|switch|p2a: Medicham|Medicham, L50, M|100\/100\n|turn|3\n|\n|t:|1684159648\n|move|p2a: Medicham|Helping Hand|p2b: Gyarados\n|-singleturn|p2b: Gyarados|Helping Hand|[of] p2a: Medicham\n|move|p1b: Tatsugiri|Endure|p1b: Tatsugiri\n|-singleturn|p1b: Tatsugiri|move: Endure\n|move|p1a: Annihilape|Close Combat|p1b: Tatsugiri\n|-crit|p1b: Tatsugiri\n|-activate|p1b: Tatsugiri|move: Endure\n|-damage|p1b: Tatsugiri|1\/100 tox\n|-unboost|p1a: Annihilape|def|1\n|-unboost|p1a: Annihilape|spd|1\n|move|p2b: Gyarados|Waterfall|p1a: Annihilape\n|-damage|p1a: Annihilape|0 fnt\n|faint|p1a: Annihilape\n|\n|-damage|p1b: Tatsugiri|0 fnt|[from] psn\n|faint|p1b: Tatsugiri\n|upkeep\n|\n|t:|1684159667\n|switch|p1a: Dondozo|Dondozo, L50, M|100\/100\n|switch|p1b: Flamigo|Flamigo, L50, F|100\/100\n|-copyboost|p1b: Flamigo|p1a: Dondozo|[from] ability: Costar\n|turn|4\n|\n|t:|1684159692\n|move|p1b: Flamigo|Brave Bird|p2a: Medicham\n|-supereffective|p2a: Medicham\n|-enditem|p2a: Medicham|Focus Sash\n|-damage|p2a: Medicham|1\/100\n|-damage|p1b: Flamigo|72\/100|[from] Recoil\n|move|p2a: Medicham|Skill Swap|p2b: Gyarados\n|-activate|p2a: Medicham|move: Skill Swap|||[of] p2b: Gyarados\n|-ability|p2a: Medicham|Intimidate|boost\n|-unboost|p1a: Dondozo|atk|1\n|-unboost|p1b: Flamigo|atk|1\n|-enditem|p1b: Flamigo|White Herb\n|-clearnegativeboost|p1b: Flamigo|[silent]\n|move|p2b: Gyarados|Thunder Wave|p1b: Flamigo\n|-status|p1b: Flamigo|par\n|move|p1a: Dondozo|Order Up|p2b: Gyarados\n|-damage|p2b: Gyarados|83\/100\n|\n|upkeep\n|turn|5\n|\n|t:|1684159716\n|cant|p1b: Flamigo|par\n|move|p2a: Medicham|Skill Swap|p2b: Gyarados\n|-activate|p2a: Medicham|move: Skill Swap|||[of] p2b: Gyarados\n|-ability|p2b: Gyarados|Intimidate|boost\n|-unboost|p1a: Dondozo|atk|1\n|-unboost|p1b: Flamigo|atk|1\n|move|p2b: Gyarados|Thunder Wave|p1a: Dondozo\n|-status|p1a: Dondozo|par\n|cant|p1a: Dondozo|par\n|\n|upkeep\n|turn|6\n|\n|t:|1684159742\n|move|p2a: Medicham|Skill Swap|p2b: Gyarados\n|-activate|p2a: Medicham|move: Skill Swap|||[of] p2b: Gyarados\n|-ability|p2a: Medicham|Intimidate|boost\n|-unboost|p1a: Dondozo|atk|1\n|-unboost|p1b: Flamigo|atk|1\n|move|p2b: Gyarados|Waterfall|p1b: Flamigo\n|-damage|p1b: Flamigo|0 fnt\n|faint|p1b: Flamigo\n|move|p1a: Dondozo|Aqua Tail|p2a: Medicham\n|-damage|p2a: Medicham|0 fnt\n|faint|p2a: Medicham\n|\n|upkeep\n|-message|Smol123 forfeited.\n|\n|win|Tworrasco\n|raw|Smol123's rating: 1116 → 1087<\/strong> (-29 for losing)\n|raw|Tworrasco's rating: 1061 → 1097<\/strong> (+36 for winning)\n|l|\u2606Smol123\n","uploadtime":1684159771,"views":4,"p1id":"smol123","p2id":"tworrasco","formatid":"gen9vgc2023regulationc","rating":1087,"private":0,"password":""}