{"id":"gen9vgc2023regulationc-1848793031","p1":"Sprye0216","p2":"INB13","format":"[Gen 9] VGC 2023 Regulation C","log":"|j|\u2606Sprye0216\n|j|\u2606INB13\n|t:|1682110949\n|gametype|doubles\n|player|p1|Sprye0216|skyla|1215\n|player|p2|INB13|brycenman|1173\n|teamsize|p1|6\n|teamsize|p2|6\n|gen|9\n|tier|[Gen 9] VGC 2023 Regulation C\n|rated|\n|rule|Species Clause: Limit one of each Pok\u00e9mon\n|rule|Item Clause: Limit one of each item\n|clearpoke\n|poke|p1|Amoonguss, L50, M|\n|poke|p1|Gyarados, L50, M|\n|poke|p1|Talonflame, L50, M|\n|poke|p1|Garchomp, L50, M|\n|poke|p1|Flutter Mane, L50|\n|poke|p1|Ting-Lu, L50|\n|poke|p2|Lycanroc-Midnight, L50, F|\n|poke|p2|Medicham, L50, M|\n|poke|p2|Dondozo, L50, M|\n|poke|p2|Tatsugiri-Stretchy, L50, F|\n|poke|p2|Mimikyu, L50, M|\n|poke|p2|Ting-Lu, L50|\n|teampreview|4\n|inactive|Battle timer is ON: inactive players will automatically lose when time's up. (requested by INB13)\nSprye0216 has agreed to open team sheets.\nINB13 rejected open team sheets.\n|\n|t:|1682110983\n|start\n|switch|p1a: Talonflame|Talonflame, L50, M|100\/100\n|switch|p1b: Amoonguss|Amoonguss, L50, M|100\/100\n|switch|p2a: Lycanroc|Lycanroc-Midnight, L50, F|100\/100\n|switch|p2b: Medicham|Medicham, L50, M|100\/100\n|turn|1\n|\n|t:|1682111004\n|move|p2b: Medicham|Fake Out|p1b: Amoonguss\n|-damage|p1b: Amoonguss|85\/100\n|move|p1a: Talonflame|Taunt|p2b: Medicham\n|-start|p2b: Medicham|move: Taunt\n|move|p2a: Lycanroc|Stone Edge|p1a: Talonflame\n|-supereffective|p1a: Talonflame\n|-crit|p1a: Talonflame\n|-damage|p1a: Talonflame|0 fnt\n|faint|p1a: Talonflame\n|cant|p1b: Amoonguss|flinch\n|\n|upkeep\n|\n|t:|1682111015\n|switch|p1a: Gyarados|Gyarados, L50, M|100\/100\n|-ability|p1a: Gyarados|Intimidate|boost\n|-unboost|p2a: Lycanroc|atk|1\n|-unboost|p2b: Medicham|atk|1\n|turn|2\n|\n|t:|1682111030\n|move|p1a: Gyarados|Dragon Dance|p1a: Gyarados\n|-boost|p1a: Gyarados|atk|1\n|-boost|p1a: Gyarados|spe|1\n|move|p2b: Medicham|Close Combat|p1b: Amoonguss\n|-resisted|p1b: Amoonguss\n|-damage|p1b: Amoonguss|62\/100\n|-unboost|p2b: Medicham|def|1\n|-unboost|p2b: Medicham|spd|1\n|move|p2a: Lycanroc|Stone Edge|p1a: Gyarados\n|-supereffective|p1a: Gyarados\n|-crit|p1a: Gyarados\n|-damage|p1a: Gyarados|0 fnt\n|faint|p1a: Gyarados\n|move|p1b: Amoonguss|Spore|p2b: Medicham\n|-status|p2b: Medicham|slp|[from] move: Spore\n|\n|upkeep\n|\n|t:|1682111042\n|switch|p1a: Ting-Lu|Ting-Lu, L50|100\/100\n|-ability|p1a: Ting-Lu|Vessel of Ruin\n|turn|3\n|\n|t:|1682111061\n|-terastallize|p1a: Ting-Lu|Poison\n|cant|p2b: Medicham|slp\n|move|p2a: Lycanroc|Rock Slide|p1b: Amoonguss|[spread] p1a,p1b\n|-crit|p1a: Ting-Lu\n|-damage|p1a: Ting-Lu|74\/100\n|-damage|p1b: Amoonguss|46\/100\n|-enditem|p1b: Amoonguss|Sitrus Berry|[eat]\n|-heal|p1b: Amoonguss|71\/100|[from] item: Sitrus Berry\n|move|p1a: Ting-Lu|Rock Slide|p2b: Medicham|[spread] p2a,p2b\n|-resisted|p2b: Medicham\n|-damage|p2a: Lycanroc|77\/100\n|-damage|p2b: Medicham|82\/100 slp\n|move|p1b: Amoonguss|Spore|p2a: Lycanroc\n|-status|p2a: Lycanroc|slp|[from] move: Spore\n|\n|upkeep\n|turn|4\n|\n|t:|1682111084\n|cant|p2b: Medicham|slp\n|cant|p2a: Lycanroc|slp\n|move|p1a: Ting-Lu|Rock Slide|p2a: Lycanroc|[spread] p2a,p2b\n|-resisted|p2b: Medicham\n|-damage|p2a: Lycanroc|54\/100 slp\n|-damage|p2b: Medicham|64\/100 slp\n|move|p1b: Amoonguss|Pollen Puff|p2b: Medicham\n|-damage|p2b: Medicham|28\/100 slp\n|\n|-end|p2b: Medicham|move: Taunt\n|upkeep\n|turn|5\n|\n|t:|1682111099\n|-curestatus|p2b: Medicham|slp|[msg]\n|move|p2b: Medicham|Detect|p2b: Medicham\n|-singleturn|p2b: Medicham|Protect\n|-curestatus|p2a: Lycanroc|slp|[msg]\n|move|p2a: Lycanroc|Protect|p2a: Lycanroc\n|-singleturn|p2a: Lycanroc|Protect\n|move|p1a: Ting-Lu|Rock Slide|p2a: Lycanroc|[spread] \n|-activate|p2a: Lycanroc|move: Protect\n|-activate|p2b: Medicham|move: Protect\n|move|p1b: Amoonguss|Pollen Puff|p2b: Medicham\n|-activate|p2b: Medicham|move: Protect\n|\n|upkeep\n|turn|6\n|\n|t:|1682111118\n|move|p1b: Amoonguss|Rage Powder|p1b: Amoonguss\n|-singleturn|p1b: Amoonguss|move: Rage Powder\n|move|p2b: Medicham|Close Combat|p1b: Amoonguss\n|-resisted|p1b: Amoonguss\n|-damage|p1b: Amoonguss|49\/100\n|-unboost|p2b: Medicham|def|1\n|-unboost|p2b: Medicham|spd|1\n|move|p2a: Lycanroc|Stone Edge|p1b: Amoonguss\n|-crit|p1b: Amoonguss\n|-damage|p1b: Amoonguss|0 fnt\n|faint|p1b: Amoonguss\n|move|p1a: Ting-Lu|Rock Slide|p2a: Lycanroc|[spread] p2a,p2b\n|-resisted|p2b: Medicham\n|-damage|p2a: Lycanroc|33\/100\n|-damage|p2b: Medicham|0 fnt\n|faint|p2b: Medicham\n|\n|upkeep\n|\n|t:|1682111132\n|switch|p2b: Dondozo|Dondozo, L50, M|100\/100\n|turn|7\n|\n|t:|1682111141\n|move|p2a: Lycanroc|Stone Edge|p1a: Ting-Lu\n|-crit|p1a: Ting-Lu\n|-damage|p1a: Ting-Lu|26\/100\n|move|p2b: Dondozo|Substitute|p2b: Dondozo\n|-start|p2b: Dondozo|Substitute\n|-damage|p2b: Dondozo|76\/100\n|move|p1a: Ting-Lu|Rock Slide|p2b: Dondozo|[spread] p2a,p2b\n|-activate|p2b: Dondozo|move: Substitute|[damage]\n|-damage|p2a: Lycanroc|12\/100\n|\n|-heal|p2b: Dondozo|82\/100|[from] item: Leftovers\n|upkeep\n|turn|8\n|\n|t:|1682111154\n|move|p2a: Lycanroc|Helping Hand|p2b: Dondozo\n|-singleturn|p2b: Dondozo|Helping Hand|[of] p2a: Lycanroc\n|move|p2b: Dondozo|Wave Crash|p1a: Ting-Lu\n|-damage|p1a: Ting-Lu|0 fnt\n|faint|p1a: Ting-Lu\n|-damage|p2b: Dondozo|73\/100|[from] Recoil\n|\n|win|INB13\n|raw|Sprye0216's rating: 1215 → 1187<\/strong> (-28 for losing)\n|raw|INB13's rating: 1173 → 1201<\/strong> (+28 for winning)\n|l|\u2606INB13\n","uploadtime":1682111163,"views":11,"p1id":"sprye0216","p2id":"inb13","formatid":"gen9vgc2023regulationc","rating":1187,"private":0,"password":""}