{"id":"gen9vgc2023regulationc-1857484520","p1":"rebiv3","p2":"Prompto88","format":"[Gen 9] VGC 2023 Regulation C","log":"|j|\u2606rebiv3\n|j|\u2606Prompto88\n|t:|1683200100\n|gametype|doubles\n|player|p1|rebiv3|ethan|1342\n|player|p2|Prompto88|101|1305\n|teamsize|p1|6\n|teamsize|p2|6\n|gen|9\n|tier|[Gen 9] VGC 2023 Regulation C\n|rated|\n|rule|Species Clause: Limit one of each Pok\u00e9mon\n|rule|Item Clause: Limit one of each item\n|clearpoke\n|poke|p1|Baxcalibur, L50, F|\n|poke|p1|Vivillon-Fancy, L50, M|\n|poke|p1|Iron Bundle, L50|\n|poke|p1|Abomasnow, L50, M|\n|poke|p1|Flutter Mane, L50|\n|poke|p1|Chi-Yu, L50|\n|poke|p2|Great Tusk, L50|\n|poke|p2|Talonflame, L50, M|\n|poke|p2|Orthworm, L50, F|\n|poke|p2|Gyarados, L50, F|\n|poke|p2|Gholdengo, L50|\n|poke|p2|Baxcalibur, L50, F|\n|teampreview|4\n|inactive|Battle timer is ON: inactive players will automatically lose when time's up. (requested by Prompto88)\n|inactive|rebiv3 also wants the timer to be on.\n|inactive|rebiv3 has 60 seconds left.\n|\n|t:|1683200145\n|start\n|switch|p1a: Iron Bundle|Iron Bundle, L50|100\/100\n|switch|p1b: Vivillon|Vivillon-Fancy, L50, M|100\/100\n|switch|p2a: Talonflame|Talonflame, L50, M|100\/100\n|switch|p2b: Orthworm|Orthworm, L50, F|100\/100\n|-enditem|p1a: Iron Bundle|Booster Energy\n|-activate|p1a: Iron Bundle|ability: Quark Drive|[fromitem]\n|-start|p1a: Iron Bundle|quarkdrivespe\n|turn|1\n|\n|t:|1683200168\n|switch|p1b: Abomasnow|Abomasnow, L50, M|100\/100\n|-weather|Snow|[from] ability: Snow Warning|[of] p1b: Abomasnow\n|move|p2a: Talonflame|Tailwind|p2a: Talonflame\n|-sidestart|p2: Prompto88|move: Tailwind\n|move|p1a: Iron Bundle|Aurora Veil|p1a: Iron Bundle\n|-sidestart|p1: rebiv3|move: Aurora Veil\n|move|p2b: Orthworm|Heavy Slam|p1a: Iron Bundle\n|-damage|p1a: Iron Bundle|81\/100\n|\n|-weather|Snow|[upkeep]\n|upkeep\n|turn|2\n|\n|t:|1683200187\n|-terastallize|p1b: Abomasnow|Water\n|move|p2a: Talonflame|Sunny Day|p2a: Talonflame\n|-weather|SunnyDay\n|move|p1a: Iron Bundle|Blizzard|p2a: Talonflame|[spread] p2b\n|-miss|p1a: Iron Bundle|p2a: Talonflame\n|-resisted|p2b: Orthworm\n|-damage|p2b: Orthworm|78\/100\n|move|p2b: Orthworm|Shed Tail|p2b: Orthworm\n|-start|p2b: Orthworm|Substitute|[from] move: Shed Tail\n|-damage|p2b: Orthworm|28\/100\n|-enditem|p2b: Orthworm|Sitrus Berry|[eat]\n|-heal|p2b: Orthworm|53\/100|[from] item: Sitrus Berry\n|\n|t:|1683200201\n|switch|p2b: Gholdengo|Gholdengo, L50|100\/100|[from] Shed Tail\n|move|p1b: Abomasnow|Blizzard|p2b: Gholdengo|[spread] \n|-miss|p1b: Abomasnow|p2a: Talonflame\n|-miss|p1b: Abomasnow|p2b: Gholdengo\n|\n|-weather|SunnyDay|[upkeep]\n|upkeep\n|turn|3\n|\n|t:|1683200215\n|switch|p1b: Vivillon|Vivillon-Fancy, L50, M|100\/100\n|move|p1a: Iron Bundle|Protect|p1a: Iron Bundle\n|-singleturn|p1a: Iron Bundle|Protect\n|move|p2a: Talonflame|Brave Bird|p1b: Vivillon\n|-supereffective|p1b: Vivillon\n|-damage|p1b: Vivillon|12\/100\n|-damage|p2a: Talonflame|73\/100|[from] Recoil\n|move|p2b: Gholdengo|Nasty Plot|p2b: Gholdengo\n|-boost|p2b: Gholdengo|spa|2\n|\n|-weather|SunnyDay|[upkeep]\n|upkeep\n|turn|4\n|inactive|rebiv3 has 30 seconds left.\n|\n|t:|1683200242\n|move|p1a: Iron Bundle|Protect||[still]\n|-fail|p1a: Iron Bundle\n|move|p2a: Talonflame|Sunny Day||[still]\n|-fail|p2a: Talonflame\n|move|p2b: Gholdengo|Make It Rain|p1a: Iron Bundle|[spread] p1a,p1b\n|-damage|p1a: Iron Bundle|0 fnt\n|-damage|p1b: Vivillon|0 fnt\n|-unboost|p2b: Gholdengo|spa|1\n|faint|p1a: Iron Bundle\n|-end|p1a: Iron Bundle|Quark Drive|[silent]\n|faint|p1b: Vivillon\n|\n|-weather|SunnyDay|[upkeep]\n|-sideend|p2: Prompto88|move: Tailwind\n|upkeep\n|\n|t:|1683200245\n|switch|p1a: Abomasnow|Abomasnow, L50, M, tera:Water|100\/100\n|switch|p1b: Flutter Mane|Flutter Mane, L50|100\/100\n|-activate|p1b: Flutter Mane|ability: Protosynthesis\n|-start|p1b: Flutter Mane|protosynthesisspe\n|-weather|Snow|[from] ability: Snow Warning|[of] p1a: Abomasnow\n|-end|p1b: Flutter Mane|Protosynthesis\n|turn|5\n|\n|t:|1683200268\n|-terastallize|p2b: Gholdengo|Flying\n|move|p1b: Flutter Mane|Shadow Ball|p2b: Gholdengo\n|-end|p2b: Gholdengo|Substitute\n|move|p2a: Talonflame|Sunny Day|p2a: Talonflame\n|-weather|SunnyDay\n|-activate|p1b: Flutter Mane|ability: Protosynthesis\n|-start|p1b: Flutter Mane|protosynthesisspe\n|move|p2b: Gholdengo|Shadow Ball|p1b: Flutter Mane\n|-supereffective|p1b: Flutter Mane\n|-crit|p1b: Flutter Mane\n|-damage|p1b: Flutter Mane|0 fnt\n|faint|p1b: Flutter Mane\n|-end|p1b: Flutter Mane|Protosynthesis|[silent]\n|move|p1a: Abomasnow|Blizzard|p2a: Talonflame|[spread] p2b\n|-miss|p1a: Abomasnow|p2a: Talonflame\n|-supereffective|p2b: Gholdengo\n|-damage|p2b: Gholdengo|23\/100\n|-damage|p1a: Abomasnow|91\/100|[from] item: Life Orb\n|\n|-weather|SunnyDay|[upkeep]\n|-heal|p2b: Gholdengo|29\/100|[from] item: Leftovers\n|-sideend|p1: rebiv3|move: Aurora Veil\n|upkeep\n|turn|6\n|-message|rebiv3 forfeited.\n|\n|win|Prompto88\n|raw|rebiv3's rating: 1342 → 1320<\/strong> (-22 for losing)\n|raw|Prompto88's rating: 1305 → 1327<\/strong> (+22 for winning)\n|l|\u2606rebiv3\n","uploadtime":1683200290,"views":9,"p1id":"rebiv3","p2id":"prompto88","formatid":"gen9vgc2023regulationc","rating":1320,"private":0,"password":""}