{"id":"gen9vgc2023regulationc-1854264250","p1":"Tuxmux","p2":"QuoiseSSBM","format":"[Gen 9] VGC 2023 Regulation C","log":"|j|\u2606Tuxmux\n|j|\u2606QuoiseSSBM\n|t:|1682790192\n|gametype|doubles\n|player|p1|Tuxmux|dawn-masters3|\n|player|p2|QuoiseSSBM|cynthia|\n|teamsize|p1|6\n|teamsize|p2|6\n|gen|9\n|tier|[Gen 9] VGC 2023 Regulation C\n|rule|Species Clause: Limit one of each Pok\u00e9mon\n|rule|Item Clause: Limit one of each item\n|clearpoke\n|poke|p1|Chi-Yu, L50|\n|poke|p1|Gholdengo, L50|\n|poke|p1|Gastrodon, L50, M|\n|poke|p1|Talonflame, L50, M|\n|poke|p1|Meowscarada, L50, M|\n|poke|p1|Gallade, L50, M|\n|poke|p2|Dragonite, L50, F|\n|poke|p2|Wo-Chien, L50|\n|poke|p2|Dondozo, L50, F|\n|poke|p2|Tatsugiri-Droopy, L50, F|\n|poke|p2|Glimmora, L50, F|\n|poke|p2|Breloom, L50, M|\n|teampreview|4\n|inactive|Battle timer is ON: inactive players will automatically lose when time's up. (requested by QuoiseSSBM)\n|inactiveoff|Battle timer is now OFF.\n|c|\u2606Tuxmux|glhf\n|j| Jstardude\n|j| F3athers\n|\n|t:|1682790274\n|start\n|switch|p1a: Chi-Yu|Chi-Yu, L50|100\/100\n|switch|p1b: Gholdengo|Gholdengo, L50|100\/100\n|switch|p2a: king gedorah|Dragonite, L50, F, shiny|100\/100\n|switch|p2b: rock n roll star|Glimmora, L50, F|100\/100\n|-ability|p1a: Chi-Yu|Beads of Ruin\n|turn|1\n|\n|t:|1682790328\n|-terastallize|p1a: Chi-Yu|Ghost\n|move|p1a: Chi-Yu|Ruination|p2a: king gedorah\n|-damage|p2a: king gedorah|51\/100\n|move|p2b: rock n roll star|Power Gem|p1a: Chi-Yu\n|-damage|p1a: Chi-Yu|47\/100\n|move|p1b: Gholdengo|Make It Rain|p2a: king gedorah|[spread] p2a,p2b\n|-supereffective|p2b: rock n roll star\n|-damage|p2a: king gedorah|0 fnt\n|-damage|p2b: rock n roll star|0 fnt\n|-unboost|p1b: Gholdengo|spa|1\n|faint|p2a: king gedorah\n|faint|p2b: rock n roll star\n|\n|upkeep\n|\n|t:|1682790338\n|switch|p2b: eat men eat|Tatsugiri-Droopy, L50, F, shiny|100\/100\n|switch|p2a: these walls|Dondozo, L50, F|100\/100\n|-activate|p2b: eat men eat|ability: Commander|[of] p2a: these walls\n|-boost|p2a: these walls|atk|2\n|-boost|p2a: these walls|spa|2\n|-boost|p2a: these walls|spe|2\n|-boost|p2a: these walls|def|2\n|-boost|p2a: these walls|spd|2\n|turn|2\n|\n|t:|1682790352\n|switch|p1b: Gastrodon|Gastrodon, L50, M|100\/100\n|move|p2a: these walls|Earthquake|p1a: Chi-Yu|[spread] p1a,p1b\n|-miss|p2a: these walls|p2b: eat men eat\n|-damage|p1a: Chi-Yu|0 fnt\n|-damage|p1b: Gastrodon|48\/100\n|faint|p1a: Chi-Yu\n|\n|-heal|p1b: Gastrodon|54\/100|[from] item: Leftovers\n|upkeep\n|\n|t:|1682790364\n|switch|p1a: Meowscarada|Meowscarada, L50, M|100\/100\n|turn|3\n|\n|t:|1682790385\n|-terastallize|p2a: these walls|Fire\n|move|p2a: these walls|Earthquake|p1b: Gastrodon|[spread] p1a,p1b\n|-miss|p2a: these walls|p2b: eat men eat\n|-resisted|p1a: Meowscarada\n|-damage|p1a: Meowscarada|72\/100\n|-damage|p1b: Gastrodon|3\/100\n|move|p1a: Meowscarada|Flower Trick|p2a: these walls\n|-start|p1a: Meowscarada|typechange|Grass|[from] ability: Protean\n|-resisted|p2a: these walls\n|-crit|p2a: these walls\n|-damage|p2a: these walls|73\/100\n|move|p1b: Gastrodon|Clear Smog|p2a: these walls\n|-damage|p2a: these walls|64\/100\n|-clearboost|p2a: these walls\n|\n|-heal|p2a: these walls|70\/100|[from] item: Leftovers\n|-heal|p1b: Gastrodon|9\/100|[from] item: Leftovers\n|upkeep\n|turn|4\n|\n|t:|1682790422\n|move|p1b: Gastrodon|Protect|p1b: Gastrodon\n|-singleturn|p1b: Gastrodon|Protect\n|move|p1a: Meowscarada|Flower Trick|p2a: these walls\n|-resisted|p2a: these walls\n|-crit|p2a: these walls\n|-damage|p2a: these walls|40\/100\n|move|p2a: these walls|Earthquake|p1b: Gastrodon|[spread] p1a\n|-miss|p2a: these walls|p2b: eat men eat\n|-activate|p1b: Gastrodon|move: Protect\n|-resisted|p1a: Meowscarada\n|-damage|p1a: Meowscarada|58\/100\n|\n|-heal|p2a: these walls|46\/100|[from] item: Leftovers\n|-heal|p1b: Gastrodon|15\/100|[from] item: Leftovers\n|upkeep\n|turn|5\n|\n|t:|1682790442\n|move|p1a: Meowscarada|Flower Trick|p2a: these walls\n|-resisted|p2a: these walls\n|-crit|p2a: these walls\n|-damage|p2a: these walls|16\/100\n|move|p2a: these walls|Earthquake|p1b: Gastrodon|[spread] p1a,p1b\n|-miss|p2a: these walls|p2b: eat men eat\n|-resisted|p1a: Meowscarada\n|-damage|p1a: Meowscarada|42\/100\n|-damage|p1b: Gastrodon|0 fnt\n|faint|p1b: Gastrodon\n|\n|-heal|p2a: these walls|22\/100|[from] item: Leftovers\n|upkeep\n|\n|t:|1682790447\n|switch|p1b: Gholdengo|Gholdengo, L50|100\/100\n|turn|6\n|\n|t:|1682790462\n|move|p1a: Meowscarada|Flower Trick|p2a: these walls\n|-resisted|p2a: these walls\n|-crit|p2a: these walls\n|-damage|p2a: these walls|0 fnt\n|faint|p2a: these walls\n|move|p1b: Gholdengo|Thunderbolt|p2b: eat men eat\n|-crit|p2b: eat men eat\n|-damage|p2b: eat men eat|6\/100\n|\n|upkeep\n|turn|7\n|\n|t:|1682790475\n|move|p2b: eat men eat|Icy Wind|p1b: Gholdengo|[spread] p1a,p1b\n|-supereffective|p1a: Meowscarada\n|-resisted|p1b: Gholdengo\n|-damage|p1a: Meowscarada|1\/100\n|-damage|p1b: Gholdengo|92\/100\n|-unboost|p1a: Meowscarada|spe|1\n|-unboost|p1b: Gholdengo|spe|1\n|move|p1a: Meowscarada|Flower Trick|p2b: eat men eat\n|-crit|p2b: eat men eat\n|-damage|p2b: eat men eat|0 fnt\n|faint|p2b: eat men eat\n|\n|win|Tuxmux\n|l|\u2606QuoiseSSBM\n|c|\u2606Tuxmux|gg\n","uploadtime":1682790484,"views":24,"p1id":"tuxmux","p2id":"quoisessbm","formatid":"gen9vgc2023regulationc","rating":0,"private":0,"password":""}