{"id":"gen9vgc2023regulationc-1849274705","p1":"matiasordenes","p2":"Esspecialy","format":"[Gen 9] VGC 2023 Regulation C","log":"|j|\u2606matiasordenes\n|j|\u2606Esspecialy\n|t:|1682180537\n|gametype|doubles\n|player|p1|matiasordenes|1|1300\n|player|p2|Esspecialy|burglar|1296\n|teamsize|p1|6\n|teamsize|p2|6\n|gen|9\n|tier|[Gen 9] VGC 2023 Regulation C\n|rated|\n|rule|Species Clause: Limit one of each Pok\u00e9mon\n|rule|Item Clause: Limit one of each item\n|clearpoke\n|poke|p1|Ting-Lu, L50|\n|poke|p1|Palafin, L50, F|\n|poke|p1|Flutter Mane, L50|\n|poke|p1|Amoonguss, L50, F|\n|poke|p1|Chi-Yu, L50|\n|poke|p1|Gothitelle, L50, M|\n|poke|p2|Wo-Chien, L50|\n|poke|p2|Chi-Yu, L50|\n|poke|p2|Gholdengo, L50|\n|poke|p2|Maushold, L50|\n|poke|p2|Chien-Pao, L50|\n|poke|p2|Dragonite, L50, M|\n|teampreview|4\nmatiasordenes has agreed to open team sheets.\n|\n|t:|1682180571\n|start\n|switch|p1a: Flutter Mane|Flutter Mane, L50|100\/100\n|switch|p1b: Amoonguss|Amoonguss, L50, F|100\/100\n|switch|p2a: Chi-Who?|Chi-Yu, L50|100\/100\n|switch|p2b: Annihilape2|Gholdengo, L50|100\/100\n|-ability|p2a: Chi-Who?|Beads of Ruin\n|turn|1\n|inactive|Battle timer is ON: inactive players will automatically lose when time's up. (requested by matiasordenes)\n|\n|t:|1682180596\n|-terastallize|p1b: Amoonguss|Water\n|move|p2a: Chi-Who?|Dark Pulse|p1a: Flutter Mane\n|-damage|p1a: Flutter Mane|40\/100\n|move|p1a: Flutter Mane|Shadow Ball|p2b: Annihilape2\n|-supereffective|p2b: Annihilape2\n|-damage|p2b: Annihilape2|0 fnt\n|faint|p2b: Annihilape2\n|move|p1b: Amoonguss|Spore|p2a: Chi-Who?\n|-status|p2a: Chi-Who?|slp|[from] move: Spore\n|\n|upkeep\n|\n|t:|1682180608\n|switch|p2b: Chien-Poo|Chien-Pao, L50|100\/100\n|-ability|p2b: Chien-Poo|Sword of Ruin\n|turn|2\n|\n|t:|1682180614\n|move|p2b: Chien-Poo|Protect|p2b: Chien-Poo\n|-singleturn|p2b: Chien-Poo|Protect\n|move|p1b: Amoonguss|Rage Powder|p1b: Amoonguss\n|-singleturn|p1b: Amoonguss|move: Rage Powder\n|cant|p2a: Chi-Who?|slp\n|move|p1a: Flutter Mane|Moonblast|p2b: Chien-Poo\n|-activate|p2b: Chien-Poo|move: Protect\n|\n|upkeep\n|turn|3\n|\n|t:|1682180627\n|move|p1a: Flutter Mane|Protect|p1a: Flutter Mane\n|-singleturn|p1a: Flutter Mane|Protect\n|cant|p2a: Chi-Who?|slp\n|move|p2b: Chien-Poo|Throat Chop|p1a: Flutter Mane\n|-activate|p1a: Flutter Mane|move: Protect\n|move|p1b: Amoonguss|Spore|p2b: Chien-Poo\n|-status|p2b: Chien-Poo|slp|[from] move: Spore\n|\n|upkeep\n|turn|4\n|\n|t:|1682180637\n|move|p1b: Amoonguss|Rage Powder|p1b: Amoonguss\n|-singleturn|p1b: Amoonguss|move: Rage Powder\n|cant|p2b: Chien-Poo|slp\n|-curestatus|p2a: Chi-Who?|slp|[msg]\n|move|p2a: Chi-Who?|Dark Pulse|p1b: Amoonguss\n|-damage|p1b: Amoonguss|46\/100\n|move|p1a: Flutter Mane|Moonblast|p2b: Chien-Poo\n|-supereffective|p2b: Chien-Poo\n|-enditem|p2b: Chien-Poo|Focus Sash\n|-damage|p2b: Chien-Poo|1\/100 slp\n|\n|upkeep\n|turn|5\n|\n|t:|1682180649\n|move|p1b: Amoonguss|Rage Powder|p1b: Amoonguss\n|-singleturn|p1b: Amoonguss|move: Rage Powder\n|move|p2a: Chi-Who?|Dark Pulse|p1b: Amoonguss\n|-damage|p1b: Amoonguss|0 fnt\n|faint|p1b: Amoonguss\n|cant|p2b: Chien-Poo|slp\n|move|p1a: Flutter Mane|Moonblast|p2a: Chi-Who?\n|-damage|p2a: Chi-Who?|43\/100\n|-unboost|p2a: Chi-Who?|spa|1\n|\n|upkeep\n|\n|t:|1682180662\n|switch|p1b: Ting-Lu|Ting-Lu, L50|100\/100\n|-ability|p1b: Ting-Lu|Vessel of Ruin\n|turn|6\n|\n|t:|1682180668\n|cant|p2b: Chien-Poo|slp\n|move|p1a: Flutter Mane|Protect|p1a: Flutter Mane\n|-singleturn|p1a: Flutter Mane|Protect\n|move|p2a: Chi-Who?|Dark Pulse|p1a: Flutter Mane\n|-activate|p1a: Flutter Mane|move: Protect\n|move|p1b: Ting-Lu|Stomping Tantrum|p2b: Chien-Poo\n|-damage|p2b: Chien-Poo|0 fnt\n|faint|p2b: Chien-Poo\n|\n|upkeep\n|\n|t:|1682180670\n|switch|p2b: Salamance|Dragonite, L50, M, shiny|100\/100\n|turn|7\n|\n|t:|1682180688\n|-end|p1a: Flutter Mane|Protosynthesis|[silent]\n|switch|p1a: Chi-Yu|Chi-Yu, L50|100\/100\n|-ability|p1a: Chi-Yu|Beads of Ruin\n|move|p2a: Chi-Who?|Dark Pulse|p1a: Chi-Yu\n|-resisted|p1a: Chi-Yu\n|-damage|p1a: Chi-Yu|87\/100\n|move|p2b: Salamance|Outrage|p1b: Ting-Lu\n|-damage|p1b: Ting-Lu|44\/100\n|move|p1b: Ting-Lu|Stomping Tantrum|p2a: Chi-Who?\n|-supereffective|p2a: Chi-Who?\n|-damage|p2a: Chi-Who?|0 fnt\n|faint|p2a: Chi-Who?\n|\n|upkeep\n|turn|8\n|\n|t:|1682180701\n|move|p1a: Chi-Yu|Will-O-Wisp|p2b: Salamance\n|-status|p2b: Salamance|brn\n|move|p2b: Salamance|Outrage|p1a: Chi-Yu|[from]lockedmove\n|-damage|p1a: Chi-Yu|8\/100\n|-start|p2b: Salamance|confusion|[fatigue]\n|move|p1b: Ting-Lu|Ruination|p2b: Salamance\n|-damage|p2b: Salamance|51\/100 brn\n|\n|-damage|p2b: Salamance|45\/100 brn|[from] brn\n|upkeep\n|turn|9\n|\n|t:|1682180713\n|-terastallize|p2b: Salamance|Normal\n|move|p1a: Chi-Yu|Snarl|p2b: Salamance\n|-damage|p2b: Salamance|8\/100 brn\n|-unboost|p2b: Salamance|spa|1\n|-damage|p1a: Chi-Yu|0 fnt|[from] item: Life Orb\n|faint|p1a: Chi-Yu\n|-activate|p2b: Salamance|confusion\n|move|p2b: Salamance|Outrage|p1b: Ting-Lu\n|-damage|p1b: Ting-Lu|19\/100\n|move|p1b: Ting-Lu|Heavy Slam|p2b: Salamance\n|-damage|p2b: Salamance|0 fnt\n|faint|p2b: Salamance\n|\n|win|matiasordenes\n|raw|matiasordenes's rating: 1300 → 1325<\/strong> (+25 for winning)\n|raw|Esspecialy's rating: 1296 → 1271<\/strong> (-25 for losing)\n","uploadtime":1682180725,"views":15,"p1id":"matiasordenes","p2id":"esspecialy","formatid":"gen9vgc2023regulationc","rating":1271,"private":0,"password":""}