{"id":"gen9vgc2023regulationc-1863453815","p1":"Specs Hex Pex","p2":"Eagrill","format":"[Gen 9] VGC 2023 Regulation C","log":"|j|\u2606Specs Hex Pex\n|j|\u2606Eagrill\n|t:|1684019345\n|gametype|doubles\n|player|p1|Specs Hex Pex|lady|\n|player|p2|Eagrill|169|\n|teamsize|p1|6\n|teamsize|p2|6\n|gen|9\n|tier|[Gen 9] VGC 2023 Regulation C\n|rule|Species Clause: Limit one of each Pok\u00e9mon\n|rule|Item Clause: Limit one of each item\n|clearpoke\n|poke|p1|Medicham, L50, F|\n|poke|p1|Qwilfish, L50, F|\n|poke|p1|Chien-Pao, L50|\n|poke|p1|Talonflame, L50, M|\n|poke|p1|Rabsca, L50, F|\n|poke|p1|Forretress, L50, F|\n|poke|p2|Iron Hands, L50|\n|poke|p2|Indeedee, L50, M|\n|poke|p2|Corviknight, L50, F|\n|poke|p2|Garchomp, L50, F|\n|poke|p2|Coalossal, L50, M|\n|poke|p2|Barraskewda, L50, M|\n|teampreview|4\n|inactive|Battle timer is ON: inactive players will automatically lose when time's up. (requested by Eagrill)\n|inactiveoff|Battle timer is now OFF.\n|c|\u2606Specs Hex Pex|gl hf\n|c|\u2606Eagrill|glhf\nSpecs Hex Pex rejected open team sheets.\n|j| jayballester\n|j| Jstardude\n|c| Jstardude|RUIN MATCH WHAT???\n|j| LiluziHit\n|c| LiluziHit|penis\n|c| Jstardude|Forgot this div existed\n|c| jayballester|Next season we are renaming it to Mirage Division\n|c| jayballester|depending on the day you cant see it\n|\n|t:|1684019426\n|start\n|switch|p1a: Medicham|Medicham, L50, F|100\/100\n|switch|p1b: Qwilfish|Qwilfish, L50, F|100\/100\n|switch|p2a: Iron Hands|Iron Hands, L50|100\/100\n|switch|p2b: Barraskewda|Barraskewda, L50, M|100\/100\n|-ability|p1b: Qwilfish|Intimidate|boost\n|-unboost|p2a: Iron Hands|atk|1\n|-unboost|p2b: Barraskewda|atk|1\n|turn|1\n|\n|t:|1684019445\n|switch|p1b: Rabsca|Rabsca, L50, F|100\/100\n|move|p2a: Iron Hands|Fake Out|p1a: Medicham\n|-damage|p1a: Medicham|85\/100\n|move|p2b: Barraskewda|Drill Run|p1b: Rabsca\n|-resisted|p1b: Rabsca\n|-damage|p1b: Rabsca|91\/100\n|cant|p1a: Medicham|flinch\n|\n|upkeep\n|turn|2\n|\n|t:|1684019469\n|-end|p2a: Iron Hands|Quark Drive|[silent]\n|switch|p2a: Indeedee|Indeedee, L50, M|100\/100\n|-fieldstart|move: Psychic Terrain|[from] ability: Psychic Surge|[of] p2a: Indeedee\n|move|p2b: Barraskewda|Crunch|p1b: Rabsca\n|-supereffective|p1b: Rabsca\n|-damage|p1b: Rabsca|44\/100\n|-unboost|p1b: Rabsca|def|1\n|move|p1a: Medicham|Zen Headbutt|p2a: Indeedee\n|-resisted|p2a: Indeedee\n|-damage|p2a: Indeedee|38\/100\n|move|p1b: Rabsca|Bug Buzz|p2b: Barraskewda\n|-damage|p2b: Barraskewda|0 fnt\n|faint|p2b: Barraskewda\n|\n|upkeep\n|c| jayballester|ouch\n|c| LiluziHit|ooooo\n|\n|t:|1684019485\n|switch|p2b: Corviknight|Corviknight, L50, F|100\/100\n|turn|3\n|c|\u2606Specs Hex Pex|Yeah\n|c|\u2606Eagrill|Are you forcing me to go back to basics?\n|\n|t:|1684019526\n|move|p1a: Medicham|Zen Headbutt|p2a: Indeedee\n|-resisted|p2a: Indeedee\n|-damage|p2a: Indeedee|0 fnt\n|faint|p2a: Indeedee\n|move|p2b: Corviknight|Brave Bird|p1a: Medicham\n|-supereffective|p1a: Medicham\n|-damage|p1a: Medicham|0 fnt\n|faint|p1a: Medicham\n|-damage|p2b: Corviknight|78\/100|[from] Recoil\n|move|p1b: Rabsca|Bug Buzz|p2b: Corviknight\n|-resisted|p2b: Corviknight\n|-damage|p2b: Corviknight|66\/100\n|-ability|p2b: Corviknight|Mirror Armor\n|-unboost|p1b: Rabsca|spd|1\n|\n|-heal|p2b: Corviknight|72\/100|[from] item: Leftovers\n|upkeep\n|\n|t:|1684019542\n|switch|p2a: Iron Hands|Iron Hands, L50|100\/100\n|switch|p1a: Qwilfish|Qwilfish, L50, F|100\/100\n|-ability|p1a: Qwilfish|Intimidate|boost\n|-unboost|p2a: Iron Hands|atk|1\n|-ability|p2b: Corviknight|Mirror Armor\n|-unboost|p1a: Qwilfish|atk|1\n|turn|4\n|\n|t:|1684019561\n|move|p1a: Qwilfish|Crunch|p2b: Corviknight\n|-damage|p2b: Corviknight|62\/100\n|move|p2b: Corviknight|Brave Bird|p1b: Rabsca\n|-supereffective|p1b: Rabsca\n|-damage|p1b: Rabsca|0 fnt\n|faint|p1b: Rabsca\n|-damage|p2b: Corviknight|50\/100|[from] Recoil\n|move|p2a: Iron Hands|Earthquake|p1a: Qwilfish|[spread] p1a\n|-immune|p2b: Corviknight\n|-supereffective|p1a: Qwilfish\n|-damage|p1a: Qwilfish|38\/100\n|\n|-heal|p2b: Corviknight|56\/100|[from] item: Leftovers\n|upkeep\n|\n|t:|1684019574\n|switch|p1b: Chien-Pao|Chien-Pao, L50|100\/100\n|-ability|p1b: Chien-Pao|Sword of Ruin\n|turn|5\n|\n|t:|1684019615\n|-terastallize|p1b: Chien-Pao|Poison\n|move|p1b: Chien-Pao|Ice Spinner|p2b: Corviknight\n|-damage|p2b: Corviknight|8\/100\n|-fieldend|move: Psychic Terrain\n|-damage|p1b: Chien-Pao|91\/100|[from] item: Life Orb\n|move|p1a: Qwilfish|Crunch|p2b: Corviknight\n|-damage|p2b: Corviknight|0 fnt\n|faint|p2b: Corviknight\n|move|p2a: Iron Hands|Drain Punch|p1b: Chien-Pao\n|-resisted|p1b: Chien-Pao\n|-damage|p1b: Chien-Pao|72\/100\n|\n|upkeep\n|turn|6\n|\n|t:|1684019634\n|move|p1b: Chien-Pao|Ice Spinner|p2a: Iron Hands\n|-damage|p2a: Iron Hands|55\/100\n|-damage|p1b: Chien-Pao|62\/100|[from] item: Life Orb\n|move|p1a: Qwilfish|Poison Jab|p2a: Iron Hands\n|-damage|p2a: Iron Hands|35\/100\n|move|p2a: Iron Hands|Earthquake|p1b: Chien-Pao|[spread] p1a,p1b\n|-supereffective|p1a: Qwilfish\n|-supereffective|p1b: Chien-Pao\n|-damage|p1a: Qwilfish|0 fnt\n|-damage|p1b: Chien-Pao|10\/100\n|faint|p1a: Qwilfish\n|\n|upkeep\n|turn|7\n|\n|t:|1684019651\n|move|p1b: Chien-Pao|Ice Spinner|p2a: Iron Hands\n|-damage|p2a: Iron Hands|0 fnt\n|faint|p2a: Iron Hands\n|-end|p2a: Iron Hands|Quark Drive|[silent]\n|-damage|p1b: Chien-Pao|0 fnt|[from] item: Life Orb\n|faint|p1b: Chien-Pao\n|\n|win|Specs Hex Pex\n|c| jayballester|wow\n|c| jayballester|gg\n|l|\u2606Eagrill\n|c|\u2606Specs Hex Pex|gg\n|c| LiluziHit|so\n|l| Jstardude\n|j|\u2606Eagrill\n|player|p2|Eagrill|169\n|c| LiluziHit|who gets the point there\n","uploadtime":1684019668,"views":9,"p1id":"specshexpex","p2id":"eagrill","formatid":"gen9vgc2023regulationc","rating":0,"private":0,"password":""}