{"id":"gen9vgc2023regulationc-1849467215","p1":"eltimido","p2":"panth413","format":"[Gen 9] VGC 2023 Regulation C","log":"|j|\u2606eltimido\n|j|\u2606panth413\n|t:|1682201841\n|gametype|doubles\n|player|p1|eltimido|170|1115\n|player|p2|panth413|169|1047\n|teamsize|p1|6\n|teamsize|p2|6\n|gen|9\n|tier|[Gen 9] VGC 2023 Regulation C\n|rated|\n|rule|Species Clause: Limit one of each Pok\u00e9mon\n|rule|Item Clause: Limit one of each item\n|clearpoke\n|poke|p1|Palafin, L50, M|\n|poke|p1|Flutter Mane, L50|\n|poke|p1|Chien-Pao, L50|\n|poke|p1|Maushold-Four, L50|\n|poke|p1|Kingambit, L50, F|\n|poke|p1|Wo-Chien, L50|\n|poke|p2|Tyranitar, L50, M|\n|poke|p2|Lycanroc, L50, F|\n|poke|p2|Houndstone, L50, F|\n|poke|p2|Garchomp, L50, F|\n|poke|p2|Iron Bundle, L50|\n|poke|p2|Talonflame, L50, M|\n|teampreview|4\n|inactive|Battle timer is ON: inactive players will automatically lose when time's up. (requested by eltimido)\n|\n|t:|1682201870\n|start\n|switch|p1a: Palafin|Palafin, L50, M, shiny|100\/100\n|switch|p1b: Chien-Pao|Chien-Pao, L50|100\/100\n|switch|p2a: Tyranitar|Tyranitar, L50, M|100\/100\n|switch|p2b: Lycanroc|Lycanroc, L50, F|100\/100\n|-ability|p1b: Chien-Pao|Sword of Ruin\n|-weather|Sandstorm|[from] ability: Sand Stream|[of] p2a: Tyranitar\n|turn|1\n|\n|t:|1682201889\n|detailschange|p1a: Palafin|Palafin-Hero, L50, M, shiny\n|switch|p1a: Kingambit|Kingambit, L50, F, shiny|100\/100\n|move|p1b: Chien-Pao|Protect|p1b: Chien-Pao\n|-singleturn|p1b: Chien-Pao|Protect\n|move|p2b: Lycanroc|Rock Slide|p1b: Chien-Pao|[spread] \n|-activate|p1b: Chien-Pao|move: Protect\n|-miss|p2b: Lycanroc|p1a: Kingambit\n|move|p2a: Tyranitar|Low Kick|p1b: Chien-Pao\n|-activate|p1b: Chien-Pao|move: Protect\n|\n|-weather|Sandstorm|[upkeep]\n|-damage|p1b: Chien-Pao|95\/100|[from] Sandstorm\n|upkeep\n|turn|2\n|inactive|eltimido has 30 seconds left.\n|\n|t:|1682201916\n|move|p1a: Kingambit|Sucker Punch|p2b: Lycanroc\n|-damage|p2b: Lycanroc|13\/100\n|move|p2b: Lycanroc|Close Combat|p1b: Chien-Pao\n|-supereffective|p1b: Chien-Pao\n|-damage|p1b: Chien-Pao|0 fnt\n|-unboost|p2b: Lycanroc|def|1\n|-unboost|p2b: Lycanroc|spd|1\n|faint|p1b: Chien-Pao\n|move|p2a: Tyranitar|Low Kick|p1a: Kingambit\n|-supereffective|p1a: Kingambit\n|-damage|p1a: Kingambit|0 fnt\n|faint|p1a: Kingambit\n|\n|-weather|Sandstorm|[upkeep]\n|upkeep\n|\n|t:|1682201922\n|switch|p1b: Palafin|Palafin-Hero, L50, M, shiny|100\/100\n|switch|p1a: Maushold|Maushold-Four, L50, shiny|100\/100\n|-activate|p1b: Palafin|ability: Zero to Hero\n|turn|3\n|\n|t:|1682201943\n|move|p2b: Lycanroc|Protect|p2b: Lycanroc\n|-singleturn|p2b: Lycanroc|Protect\n|move|p1b: Palafin|Jet Punch|p2b: Lycanroc\n|-activate|p2b: Lycanroc|move: Protect\n|move|p1a: Maushold|Super Fang|p2a: Tyranitar\n|-damage|p2a: Tyranitar|51\/100\n|move|p2a: Tyranitar|Low Kick|p1b: Palafin\n|-damage|p1b: Palafin|80\/100\n|\n|-weather|Sandstorm|[upkeep]\n|-damage|p1b: Palafin|74\/100|[from] Sandstorm\n|upkeep\n|turn|4\n|inactive|panth413 has 30 seconds left.\n|\n|t:|1682201971\n|-terastallize|p1b: Palafin|Water\n|move|p1a: Maushold|Protect|p1a: Maushold\n|-singleturn|p1a: Maushold|Protect\n|move|p1b: Palafin|Jet Punch|p2a: Tyranitar\n|-supereffective|p2a: Tyranitar\n|-damage|p2a: Tyranitar|0 fnt\n|faint|p2a: Tyranitar\n|move|p2b: Lycanroc|Close Combat|p1b: Palafin\n|-damage|p1b: Palafin|46\/100\n|-unboost|p2b: Lycanroc|def|1\n|-unboost|p2b: Lycanroc|spd|1\n|\n|-weather|Sandstorm|[upkeep]\n|-damage|p1b: Palafin|41\/100|[from] Sandstorm\n|upkeep\n|\n|t:|1682201986\n|switch|p2a: Iron Bundle|Iron Bundle, L50|100\/100\n|-enditem|p2a: Iron Bundle|Booster Energy\n|-activate|p2a: Iron Bundle|ability: Quark Drive|[fromitem]\n|-start|p2a: Iron Bundle|quarkdrivespe\n|turn|5\n|\n|t:|1682201999\n|move|p1a: Maushold|Follow Me|p1a: Maushold\n|-singleturn|p1a: Maushold|move: Follow Me\n|move|p1b: Palafin|Jet Punch|p2a: Iron Bundle\n|-resisted|p2a: Iron Bundle\n|-damage|p2a: Iron Bundle|59\/100\n|move|p2b: Lycanroc|Close Combat|p1a: Maushold\n|-supereffective|p1a: Maushold\n|-damage|p1a: Maushold|20\/100\n|-unboost|p2b: Lycanroc|def|1\n|-unboost|p2b: Lycanroc|spd|1\n|move|p2a: Iron Bundle|Freeze-Dry|p1a: Maushold\n|-damage|p1a: Maushold|0 fnt\n|faint|p1a: Maushold\n|\n|-weather|none\n|upkeep\n|turn|6\n|-message|eltimido forfeited.\n|\n|win|panth413\n|raw|eltimido's rating: 1115 → 1085<\/strong> (-30 for losing)\n|raw|panth413's rating: 1047 → 1086<\/strong> (+39 for winning)\n|l|\u2606eltimido\n","uploadtime":1682202016,"views":6,"p1id":"eltimido","p2id":"panth413","formatid":"gen9vgc2023regulationc","rating":1085,"private":0,"password":""}