{"id":"gen9vgc2023regulationc-1847140039","p1":"XDarkened","p2":"IAmAnissue","format":"[Gen 9] VGC 2023 Regulation C","log":"|j|\u2606XDarkened\n|j|\u2606IAmAnissue\n|t:|1681922350\n|gametype|doubles\n|player|p1|XDarkened|1|1176\n|player|p2|IAmAnissue|170|1202\n|teamsize|p1|6\n|teamsize|p2|6\n|gen|9\n|tier|[Gen 9] VGC 2023 Regulation C\n|rated|\n|rule|Species Clause: Limit one of each Pok\u00e9mon\n|rule|Item Clause: Limit one of each item\n|clearpoke\n|poke|p1|Grimmsnarl, L50, M|\n|poke|p1|Flutter Mane, L50|\n|poke|p1|Skeledirge, L50, F|\n|poke|p1|Annihilape, L50, M|\n|poke|p1|Gyarados, L50, F|\n|poke|p1|Brute Bonnet, L50|\n|poke|p2|Sylveon, L50, F|\n|poke|p2|Espeon, L50, M|\n|poke|p2|Vaporeon, L50, M|\n|poke|p2|Umbreon, L50, M|\n|poke|p2|Glaceon, L50, M|\n|poke|p2|Flareon, L50, F|\n|teampreview|4\n|inactive|Battle timer is ON: inactive players will automatically lose when time's up. (requested by IAmAnissue)\n|inactive|XDarkened has 60 seconds left.\n|inactive|IAmAnissue has 60 seconds left.\n|\n|t:|1681922391\n|start\n|switch|p1a: Grimmsnarl|Grimmsnarl, L50, M|100\/100\n|switch|p1b: Gyarados|Gyarados, L50, F|100\/100\n|switch|p2a: Espeon|Espeon, L50, M, shiny|100\/100\n|switch|p2b: Vaporeon|Vaporeon, L50, M, shiny|100\/100\n|-ability|p1b: Gyarados|Intimidate|boost\n|-unboost|p2a: Espeon|atk|1\n|-unboost|p2b: Vaporeon|atk|1\n|turn|1\n|\n|t:|1681922414\n|move|p1a: Grimmsnarl|Fake Out|p2a: Espeon\n|-damage|p2a: Espeon|83\/100\n|move|p1b: Gyarados|Dragon Dance|p1b: Gyarados\n|-boost|p1b: Gyarados|atk|1\n|-boost|p1b: Gyarados|spe|1\n|move|p2b: Vaporeon|Ice Beam|p1b: Gyarados\n|-damage|p1b: Gyarados|70\/100\n|cant|p2a: Espeon|flinch\n|\n|upkeep\n|turn|2\n|inactive|XDarkened has 30 seconds left.\n|inactive|XDarkened has 20 seconds left.\n|\n|t:|1681922452\n|-terastallize|p1b: Gyarados|Ground\n|move|p1a: Grimmsnarl|Thunder Wave|p2b: Vaporeon\n|-status|p2b: Vaporeon|par\n|move|p1b: Gyarados|Earthquake|p2b: Vaporeon|[spread] p1a,p2a,p2b\n|-damage|p1a: Grimmsnarl|48\/100\n|-damage|p2a: Espeon|0 fnt\n|-damage|p2b: Vaporeon|32\/100 par\n|-enditem|p1a: Grimmsnarl|Sitrus Berry|[eat]\n|-heal|p1a: Grimmsnarl|72\/100|[from] item: Sitrus Berry\n|faint|p2a: Espeon\n|move|p2b: Vaporeon|Ice Beam|p1b: Gyarados\n|-supereffective|p1b: Gyarados\n|-damage|p1b: Gyarados|1\/100\n|\n|upkeep\n|\n|t:|1681922461\n|switch|p2a: Sylveon|Sylveon, L50, F, shiny|100\/100\n|turn|3\n|inactive|XDarkened has 30 seconds left.\n|\n|t:|1681922487\n|move|p2a: Sylveon|Quick Attack|p1b: Gyarados\n|-damage|p1b: Gyarados|0 fnt\n|faint|p1b: Gyarados\n|move|p1a: Grimmsnarl|Spirit Break|p2b: Vaporeon\n|-damage|p2b: Vaporeon|0 fnt\n|faint|p2b: Vaporeon\n|\n|upkeep\n|\n|t:|1681922498\n|switch|p1b: Brute Bonnet|Brute Bonnet, L50|100\/100\n|switch|p2b: Umbreon|Umbreon, L50, M, shiny|100\/100\n|turn|4\n|\n|t:|1681922515\n|move|p2b: Umbreon|Helping Hand|p2a: Sylveon\n|-singleturn|p2a: Sylveon|Helping Hand|[of] p2b: Umbreon\n|move|p1a: Grimmsnarl|Body Press|p2b: Umbreon\n|-supereffective|p2b: Umbreon\n|-damage|p2b: Umbreon|77\/100\n|move|p1b: Brute Bonnet|Spore|p2a: Sylveon\n|-status|p2a: Sylveon|slp|[from] move: Spore\n|cant|p2a: Sylveon|slp\n|\n|-heal|p2b: Umbreon|83\/100|[from] item: Leftovers\n|upkeep\n|turn|5\n|inactive|XDarkened has 30 seconds left.\n|\n|t:|1681922541\n|move|p2b: Umbreon|Helping Hand|p2a: Sylveon\n|-singleturn|p2a: Sylveon|Helping Hand|[of] p2b: Umbreon\n|move|p1a: Grimmsnarl|Spirit Break|p2b: Umbreon\n|-supereffective|p2b: Umbreon\n|-damage|p2b: Umbreon|44\/100\n|-unboost|p2b: Umbreon|spa|1\n|move|p1b: Brute Bonnet|Pollen Puff|p1a: Grimmsnarl\n|-heal|p1a: Grimmsnarl|100\/100\n|cant|p2a: Sylveon|slp\n|\n|-heal|p2b: Umbreon|50\/100|[from] item: Leftovers\n|upkeep\n|turn|6\n|inactive|IAmAnissue has 30 seconds left.\n|\n|t:|1681922572\n|move|p2b: Umbreon|Moonlight|p2b: Umbreon\n|-heal|p2b: Umbreon|99\/100\n|move|p1a: Grimmsnarl|Spirit Break|p2a: Sylveon\n|-damage|p2a: Sylveon|60\/100 slp\n|-unboost|p2a: Sylveon|spa|1\n|move|p1b: Brute Bonnet|Pollen Puff|p2b: Umbreon\n|-supereffective|p2b: Umbreon\n|-damage|p2b: Umbreon|76\/100\n|cant|p2a: Sylveon|slp\n|\n|-heal|p2b: Umbreon|82\/100|[from] item: Leftovers\n|upkeep\n|turn|7\n|\n|t:|1681922590\n|move|p2b: Umbreon|Helping Hand|p2a: Sylveon\n|-singleturn|p2a: Sylveon|Helping Hand|[of] p2b: Umbreon\n|move|p1a: Grimmsnarl|Spirit Break|p2a: Sylveon\n|-damage|p2a: Sylveon|22\/100 slp\n|-unboost|p2a: Sylveon|spa|1\n|move|p1b: Brute Bonnet|Pollen Puff|p2b: Umbreon\n|-supereffective|p2b: Umbreon\n|-damage|p2b: Umbreon|59\/100\n|-curestatus|p2a: Sylveon|slp|[msg]\n|move|p2a: Sylveon|Hyper Voice|p1b: Brute Bonnet|[spread] p1a,p1b\n|-supereffective|p1a: Grimmsnarl\n|-supereffective|p1b: Brute Bonnet\n|-damage|p1a: Grimmsnarl|34\/100\n|-damage|p1b: Brute Bonnet|59\/100\n|-enditem|p2a: Sylveon|Throat Spray\n|-boost|p2a: Sylveon|spa|1|[from] item: Throat Spray\n|\n|-heal|p2b: Umbreon|65\/100|[from] item: Leftovers\n|upkeep\n|turn|8\n|inactive|IAmAnissue has 30 seconds left.\n|inactive|IAmAnissue has 20 seconds left.\n|inactive|IAmAnissue has 15 seconds left.\n|inactive|IAmAnissue has 10 seconds left.\n|inactive|IAmAnissue has 5 seconds left.\n|\n|t:|1681922642\n|-terastallize|p2b: Umbreon|Poison\n|move|p2b: Umbreon|Snarl|p1a: Grimmsnarl|[spread] p1a,p1b\n|-resisted|p1a: Grimmsnarl\n|-resisted|p1b: Brute Bonnet\n|-damage|p1a: Grimmsnarl|33\/100\n|-damage|p1b: Brute Bonnet|57\/100\n|-unboost|p1a: Grimmsnarl|spa|1\n|-unboost|p1b: Brute Bonnet|spa|1\n|move|p1a: Grimmsnarl|Spirit Break|p2a: Sylveon\n|-damage|p2a: Sylveon|0 fnt\n|faint|p2a: Sylveon\n|move|p1b: Brute Bonnet|Pollen Puff|p2b: Umbreon\n|-resisted|p2b: Umbreon\n|-damage|p2b: Umbreon|61\/100\n|\n|-heal|p2b: Umbreon|67\/100|[from] item: Leftovers\n|upkeep\n|turn|9\n|\n|t:|1681922666\n|move|p1b: Brute Bonnet|Sucker Punch|p2b: Umbreon\n|-damage|p2b: Umbreon|49\/100\n|move|p2b: Umbreon|Foul Play|p2: Sylveon|[notarget]\n|-fail|p2b: Umbreon\n|move|p1a: Grimmsnarl|Spirit Break|p2b: Umbreon\n|-resisted|p2b: Umbreon\n|-damage|p2b: Umbreon|40\/100\n|-unboost|p2b: Umbreon|spa|1\n|\n|-heal|p2b: Umbreon|46\/100|[from] item: Leftovers\n|upkeep\n|turn|10\n|c|\u2606IAmAnissue|How does that fail\n|inactive|XDarkened has 30 seconds left.\n|inactive|IAmAnissue has 30 seconds left.\n|c|\u2606XDarkened|I have no idea\n|inactive|XDarkened has 20 seconds left.\n|inactive|XDarkened has 15 seconds left.\n|\n|t:|1681922708\n|move|p1b: Brute Bonnet|Sucker Punch||[still]\n|-fail|p1b: Brute Bonnet\n|move|p2b: Umbreon|Moonlight|p2b: Umbreon\n|-heal|p2b: Umbreon|96\/100\n|move|p1a: Grimmsnarl|Spirit Break|p2b: Umbreon\n|-resisted|p2b: Umbreon\n|-damage|p2b: Umbreon|86\/100\n|-unboost|p2b: Umbreon|spa|1\n|\n|-heal|p2b: Umbreon|92\/100|[from] item: Leftovers\n|upkeep\n|turn|11\n|inactive|IAmAnissue has 30 seconds left.\n|c|\u2606XDarkened|Really not sure what happened there\n|\n|t:|1681922740\n|move|p2b: Umbreon|Foul Play|p1b: Brute Bonnet\n|-resisted|p1b: Brute Bonnet\n|-damage|p1b: Brute Bonnet|43\/100\n|-damage|p2b: Umbreon|75\/100|[from] item: Rocky Helmet|[of] p1b: Brute Bonnet\n|move|p1a: Grimmsnarl|Spirit Break|p2b: Umbreon\n|-resisted|p2b: Umbreon\n|-damage|p2b: Umbreon|65\/100\n|-unboost|p2b: Umbreon|spa|1\n|move|p1b: Brute Bonnet|Pollen Puff|p1a: Grimmsnarl\n|-heal|p1a: Grimmsnarl|82\/100\n|\n|-heal|p2b: Umbreon|71\/100|[from] item: Leftovers\n|upkeep\n|turn|12\n|inactive|XDarkened has 30 seconds left.\n|inactive|IAmAnissue has 30 seconds left.\n|inactive|IAmAnissue has 20 seconds left.\n|\n|t:|1681922777\n|move|p2b: Umbreon|Foul Play|p1b: Brute Bonnet\n|-resisted|p1b: Brute Bonnet\n|-damage|p1b: Brute Bonnet|26\/100\n|-damage|p2b: Umbreon|54\/100|[from] item: Rocky Helmet|[of] p1b: Brute Bonnet\n|move|p1a: Grimmsnarl|Spirit Break|p2b: Umbreon\n|-resisted|p2b: Umbreon\n|-damage|p2b: Umbreon|44\/100\n|-unboost|p2b: Umbreon|spa|1\n|move|p1b: Brute Bonnet|Spore|p2b: Umbreon\n|-status|p2b: Umbreon|slp|[from] move: Spore\n|\n|-heal|p2b: Umbreon|50\/100 slp|[from] item: Leftovers\n|upkeep\n|turn|13\n|\n|t:|1681922796\n|move|p1b: Brute Bonnet|Sucker Punch||[still]\n|-fail|p1b: Brute Bonnet\n|cant|p2b: Umbreon|slp\n|move|p1a: Grimmsnarl|Spirit Break|p2b: Umbreon\n|-resisted|p2b: Umbreon\n|-damage|p2b: Umbreon|39\/100 slp\n|-unboost|p2b: Umbreon|spa|1\n|\n|-heal|p2b: Umbreon|45\/100 slp|[from] item: Leftovers\n|upkeep\n|turn|14\n|\n|t:|1681922803\n|-curestatus|p2b: Umbreon|slp|[msg]\n|move|p2b: Umbreon|Moonlight|p2b: Umbreon\n|-heal|p2b: Umbreon|95\/100\n|move|p1a: Grimmsnarl|Spirit Break|p2b: Umbreon\n|-resisted|p2b: Umbreon\n|-damage|p2b: Umbreon|84\/100\n|move|p1b: Brute Bonnet|Pollen Puff|p2b: Umbreon\n|-resisted|p2b: Umbreon\n|-damage|p2b: Umbreon|81\/100\n|\n|-heal|p2b: Umbreon|87\/100|[from] item: Leftovers\n|upkeep\n|turn|15\n|\n|t:|1681922824\n|move|p2b: Umbreon|Foul Play|p1b: Brute Bonnet\n|-resisted|p1b: Brute Bonnet\n|-damage|p1b: Brute Bonnet|10\/100\n|-damage|p2b: Umbreon|70\/100|[from] item: Rocky Helmet|[of] p1b: Brute Bonnet\n|move|p1a: Grimmsnarl|Body Press|p2b: Umbreon\n|-resisted|p2b: Umbreon\n|-damage|p2b: Umbreon|64\/100\n|move|p1b: Brute Bonnet|Spore|p2b: Umbreon\n|-status|p2b: Umbreon|slp|[from] move: Spore\n|\n|-heal|p2b: Umbreon|70\/100 slp|[from] item: Leftovers\n|upkeep\n|turn|16\n|\n|t:|1681922839\n|switch|p1a: Flutter Mane|Flutter Mane, L50|100\/100\n|move|p1b: Brute Bonnet|Sucker Punch||[still]\n|-fail|p1b: Brute Bonnet\n|cant|p2b: Umbreon|slp\n|\n|-heal|p2b: Umbreon|76\/100 slp|[from] item: Leftovers\n|upkeep\n|turn|17\n|\n|t:|1681922851\n|move|p1b: Brute Bonnet|Sucker Punch|p2b: Umbreon\n|-damage|p2b: Umbreon|58\/100 slp\n|move|p1a: Flutter Mane|Shadow Ball|p2b: Umbreon\n|-damage|p2b: Umbreon|30\/100 slp\n|-curestatus|p2b: Umbreon|slp|[msg]\n|move|p2b: Umbreon|Snarl|p1b: Brute Bonnet|[spread] p1a,p1b\n|-resisted|p1b: Brute Bonnet\n|-damage|p1a: Flutter Mane|98\/100\n|-damage|p1b: Brute Bonnet|10\/100\n|-unboost|p1a: Flutter Mane|spa|1\n|-unboost|p1b: Brute Bonnet|spa|1\n|\n|-heal|p2b: Umbreon|36\/100|[from] item: Leftovers\n|upkeep\n|turn|18\n|\n|t:|1681922864\n|move|p1a: Flutter Mane|Shadow Ball|p2b: Umbreon\n|-damage|p2b: Umbreon|17\/100\n|move|p2b: Umbreon|Moonlight|p2b: Umbreon\n|-heal|p2b: Umbreon|67\/100\n|move|p1b: Brute Bonnet|Spore|p2b: Umbreon\n|-status|p2b: Umbreon|slp|[from] move: Spore\n|\n|-heal|p2b: Umbreon|73\/100 slp|[from] item: Leftovers\n|upkeep\n|turn|19\n|\n|t:|1681922873\n|move|p1b: Brute Bonnet|Sucker Punch|p2b: Umbreon\n|-damage|p2b: Umbreon|52\/100 slp\n|move|p1a: Flutter Mane|Shadow Ball|p2b: Umbreon\n|-damage|p2b: Umbreon|35\/100 slp\n|cant|p2b: Umbreon|slp\n|\n|-heal|p2b: Umbreon|41\/100 slp|[from] item: Leftovers\n|upkeep\n|turn|20\n|\n|t:|1681922885\n|move|p1b: Brute Bonnet|Sucker Punch||[still]\n|-fail|p1b: Brute Bonnet\n|move|p1a: Flutter Mane|Shadow Ball|p2b: Umbreon\n|-damage|p2b: Umbreon|21\/100 slp\n|-unboost|p2b: Umbreon|spd|1\n|cant|p2b: Umbreon|slp\n|\n|-heal|p2b: Umbreon|27\/100 slp|[from] item: Leftovers\n|upkeep\n|turn|21\n|\n|t:|1681922900\n|move|p1a: Flutter Mane|Shadow Ball|p2b: Umbreon\n|-damage|p2b: Umbreon|0 fnt\n|faint|p2b: Umbreon\n|\n|win|XDarkened\n|raw|XDarkened's rating: 1176 → 1203<\/strong> (+27 for winning)\n|raw|IAmAnissue's rating: 1202 → 1175<\/strong> (-27 for losing)\n|c|\u2606XDarkened|Gg\n|l|\u2606XDarkened\n|l|\u2606IAmAnissue\n|j|\u2606IAmAnissue\n|player|p2|IAmAnissue|170\n","uploadtime":1681923151,"views":11,"p1id":"xdarkened","p2id":"iamanissue","formatid":"gen9vgc2023regulationc","rating":1175,"private":0,"password":""}