{"id":"gen9vgc2023regulationc-1855660167","p1":"zek123","p2":"AgenteDino","format":"[Gen 9] VGC 2023 Regulation C","log":"|j|\u2606zek123\n|j|\u2606AgenteDino\n|t:|1682970727\n|gametype|doubles\n|player|p1|zek123|1|\n|player|p2|AgenteDino|zinnia|\n|teamsize|p1|6\n|teamsize|p2|6\n|gen|9\n|tier|[Gen 9] VGC 2023 Regulation C\n|rule|Species Clause: Limit one of each Pok\u00e9mon\n|rule|Item Clause: Limit one of each item\n|clearpoke\n|poke|p1|Torkoal, L50, F|\n|poke|p1|Great Tusk, L50|\n|poke|p1|Rotom-Wash, L50|\n|poke|p1|Gengar, L50, M|\n|poke|p1|Dragonite, L50, F|\n|poke|p1|Garchomp, L50, F|\n|poke|p2|Torkoal, L50, M|\n|poke|p2|Garchomp, L50, M|\n|poke|p2|Great Tusk, L50|\n|poke|p2|Lycanroc-Midnight, L50, F|\n|poke|p2|Gengar, L50, M|\n|poke|p2|Glalie, L50, M|\n|teampreview|4\n|c|\u2606zek123|La entrada es muy importante\n|c|\u2606zek123|Los cambios no son tan simples como en singles\n|\n|t:|1682970768\n|start\n|switch|p1a: Dragonite|Dragonite, L50, F|100\/100\n|switch|p1b: Garchomp|Garchomp, L50, F|100\/100\n|switch|p2a: Great Tusk|Great Tusk, L50|100\/100\n|switch|p2b: Torkoal|Torkoal, L50, M|100\/100\n|-weather|SunnyDay|[from] ability: Drought|[of] p2b: Torkoal\n|-activate|p2a: Great Tusk|ability: Protosynthesis\n|-start|p2a: Great Tusk|protosynthesisdef\n|turn|1\n|c|\u2606zek123|Se noosteo la defensa\n|\n|t:|1682970800\n|-end|p2a: Great Tusk|Protosynthesis|[silent]\n|switch|p2a: Glalie|Glalie, L50, M, shiny|100\/100\n|-terastallize|p1a: Dragonite|Normal\n|move|p1b: Garchomp|Earthquake|p2a: Glalie|[spread] p1a,p2a,p2b\n|-supereffective|p2b: Torkoal\n|-damage|p1a: Dragonite|75\/100\n|-damage|p2a: Glalie|44\/100\n|-damage|p2b: Torkoal|36\/100\n|move|p1a: Dragonite|Ice Spinner|p2a: Glalie\n|-resisted|p2a: Glalie\n|-damage|p2a: Glalie|13\/100\n|move|p2b: Torkoal|Will-O-Wisp|p1b: Garchomp|[miss]\n|-miss|p2b: Torkoal|p1b: Garchomp\n|\n|-weather|SunnyDay|[upkeep]\n|-heal|p2b: Torkoal|42\/100|[from] item: Leftovers\n|-ability|p2a: Glalie|Moody|boost\n|-boost|p2a: Glalie|spd|2\n|-unboost|p2a: Glalie|spa|1\n|upkeep\n|turn|2\n|\n|t:|1682970824\n|move|p1b: Garchomp|Earthquake|p2b: Torkoal|[spread] p1a,p2a,p2b\n|-supereffective|p2b: Torkoal\n|-damage|p1a: Dragonite|29\/100\n|-damage|p2a: Glalie|0 fnt\n|-damage|p2b: Torkoal|0 fnt\n|faint|p2a: Glalie\n|faint|p2b: Torkoal\n|move|p1a: Dragonite|Ice Spinner|p2: Glalie|[notarget]\n|-fail|p1a: Dragonite\n|\n|-weather|SunnyDay|[upkeep]\n|upkeep\n|\n|t:|1682970834\n|switch|p2a: Garchomp|Garchomp, L50, M|100\/100\n|switch|p2b: Great Tusk|Great Tusk, L50|100\/100\n|-activate|p2b: Great Tusk|ability: Protosynthesis\n|-start|p2b: Great Tusk|protosynthesisdef\n|turn|3\n|\n|t:|1682970866\n|move|p2a: Garchomp|Dragon Claw|p1b: Garchomp\n|-supereffective|p1b: Garchomp\n|-damage|p1b: Garchomp|0 fnt\n|-damage|p2a: Garchomp|88\/100|[from] ability: Rough Skin|[of] p1b: Garchomp\n|faint|p1b: Garchomp\n|move|p2b: Great Tusk|Close Combat|p1a: Dragonite\n|-supereffective|p1a: Dragonite\n|-damage|p1a: Dragonite|0 fnt\n|-unboost|p2b: Great Tusk|def|1\n|-unboost|p2b: Great Tusk|spd|1\n|faint|p1a: Dragonite\n|-damage|p2b: Great Tusk|90\/100|[from] item: Life Orb\n|\n|-weather|SunnyDay|[upkeep]\n|upkeep\n|\n|t:|1682970874\n|switch|p1b: Gengar|Gengar, L50, M|100\/100\n|switch|p1a: Great Tusk|Great Tusk, L50|100\/100\n|-activate|p1a: Great Tusk|ability: Protosynthesis\n|-start|p1a: Great Tusk|protosynthesisatk\n|turn|4\n|\n|t:|1682970891\n|move|p1b: Gengar|Icy Wind|p2a: Garchomp|[spread] p2a,p2b\n|-supereffective|p2a: Garchomp\n|-supereffective|p2b: Great Tusk\n|-damage|p2a: Garchomp|23\/100\n|-damage|p2b: Great Tusk|34\/100\n|-unboost|p2a: Garchomp|spe|1\n|-unboost|p2b: Great Tusk|spe|1\n|move|p1a: Great Tusk|Ice Spinner|p2a: Garchomp\n|-supereffective|p2a: Garchomp\n|-damage|p2a: Garchomp|0 fnt\n|-damage|p1a: Great Tusk|88\/100|[from] ability: Rough Skin|[of] p2a: Garchomp\n|faint|p2a: Garchomp\n|move|p2b: Great Tusk|Earthquake|p1b: Gengar|[spread] p1a,p1b\n|-crit|p1a: Great Tusk\n|-supereffective|p1b: Gengar\n|-damage|p1a: Great Tusk|46\/100\n|-enditem|p1b: Gengar|Focus Sash\n|-damage|p1b: Gengar|1\/100\n|-damage|p2b: Great Tusk|24\/100|[from] item: Life Orb\n|\n|-weather|SunnyDay|[upkeep]\n|upkeep\n|turn|5\n|\n|t:|1682970914\n|-terastallize|p2b: Great Tusk|Ground\n|move|p1b: Gengar|Shadow Ball|p2b: Great Tusk\n|-crit|p2b: Great Tusk\n|-damage|p2b: Great Tusk|0 fnt\n|faint|p2b: Great Tusk\n|-end|p2b: Great Tusk|Protosynthesis|[silent]\n|\n|win|zek123\n|l|\u2606zek123\n|j|\u2606zek123\n|player|p1|zek123|1\n|l|\u2606AgenteDino\n","uploadtime":1682971361,"views":15,"p1id":"zek123","p2id":"agentedino","formatid":"gen9vgc2023regulationc","rating":0,"private":0,"password":""}