{"id":"gen9vgc2023regulationc-1852065267","p1":"pupulovessixsheep","p2":"gegt","format":"[Gen 9] VGC 2023 Regulation C","log":"|j|\u2606pupulovessixsheep\n|j|\u2606gegt\n|t:|1682521261\n|gametype|doubles\n|player|p1|pupulovessixsheep|169|1314\n|player|p2|gegt|102|1227\n|teamsize|p1|6\n|teamsize|p2|6\n|gen|9\n|tier|[Gen 9] VGC 2023 Regulation C\n|rated|\n|rule|Species Clause: Limit one of each Pok\u00e9mon\n|rule|Item Clause: Limit one of each item\n|clearpoke\n|poke|p1|Talonflame, L50, M|\n|poke|p1|Chi-Yu, L50|\n|poke|p1|Flutter Mane, L50|\n|poke|p1|Amoonguss, L50, M|\n|poke|p1|Tyranitar, L50, F|\n|poke|p1|Houndstone, L50, M|\n|poke|p2|Armarouge, L50, F|\n|poke|p2|Baxcalibur, L50, F|\n|poke|p2|Arboliva, L50, F|\n|poke|p2|Indeedee-F, L50, F|\n|poke|p2|Tauros-Paldea-Blaze, L50, M|\n|poke|p2|Avalugg, L50, M|\n|teampreview|4\ngegt has agreed to open team sheets.\n|inactive|Battle timer is ON: inactive players will automatically lose when time's up. (requested by pupulovessixsheep)\n|\n|t:|1682521292\n|start\n|switch|p1a: Tyranitar|Tyranitar, L50, F, shiny|100\/100\n|switch|p1b: Amoonguss|Amoonguss, L50, M|100\/100\n|switch|p2a: Indeedee|Indeedee-F, L50, F|100\/100\n|switch|p2b: Armarouge|Armarouge, L50, F|100\/100\n|-weather|Sandstorm|[from] ability: Sand Stream|[of] p1a: Tyranitar\n|-fieldstart|move: Psychic Terrain|[from] ability: Psychic Surge|[of] p2a: Indeedee\n|turn|1\n|inactive|pupulovessixsheep has 30 seconds left.\n|\n|t:|1682521321\n|-terastallize|p1b: Amoonguss|Rock\n|move|p2a: Indeedee|Follow Me|p2a: Indeedee\n|-singleturn|p2a: Indeedee|move: Follow Me\n|move|p1a: Tyranitar|Dragon Dance|p1a: Tyranitar\n|-boost|p1a: Tyranitar|atk|1\n|-boost|p1a: Tyranitar|spe|1\n|move|p1b: Amoonguss|Spore|p2a: Indeedee\n|-status|p2a: Indeedee|slp|[from] move: Spore\n|move|p2b: Armarouge|Trick Room|p2b: Armarouge\n|-fieldstart|move: Trick Room|[of] p2b: Armarouge\n|\n|-weather|Sandstorm|[upkeep]\n|-damage|p2b: Armarouge|94\/100|[from] Sandstorm\n|-damage|p2a: Indeedee|94\/100 slp|[from] Sandstorm\n|upkeep\n|turn|2\n|\n|t:|1682521341\n|move|p2b: Armarouge|Destiny Bond|p2b: Armarouge\n|-singlemove|p2b: Armarouge|Destiny Bond\n|move|p1b: Amoonguss|Spore|p2b: Armarouge\n|-status|p2b: Armarouge|slp|[from] move: Spore\n|cant|p2a: Indeedee|slp\n|move|p1a: Tyranitar|Dragon Dance|p1a: Tyranitar\n|-boost|p1a: Tyranitar|atk|1\n|-boost|p1a: Tyranitar|spe|1\n|\n|-weather|Sandstorm|[upkeep]\n|-damage|p2b: Armarouge|88\/100 slp|[from] Sandstorm\n|-damage|p2a: Indeedee|88\/100 slp|[from] Sandstorm\n|upkeep\n|turn|3\n|inactive|pupulovessixsheep has 30 seconds left.\n|inactive|pupulovessixsheep has 20 seconds left.\n|inactive|pupulovessixsheep has 15 seconds left.\n|inactive|pupulovessixsheep has 10 seconds left.\n|inactive|pupulovessixsheep has 5 seconds left.\n|\n|t:|1682521392\n|move|p1b: Amoonguss|Rage Powder|p1b: Amoonguss\n|-singleturn|p1b: Amoonguss|move: Rage Powder\n|cant|p2b: Armarouge|slp\n|-curestatus|p2a: Indeedee|slp|[msg]\n|move|p2a: Indeedee|Hyper Voice|p1a: Tyranitar|[spread] p1a,p1b\n|-resisted|p1a: Tyranitar\n|-resisted|p1b: Amoonguss\n|-damage|p1a: Tyranitar|93\/100\n|-damage|p1b: Amoonguss|91\/100\n|move|p1a: Tyranitar|Rock Slide|p2a: Indeedee|[spread] p2a,p2b\n|-supereffective|p2b: Armarouge\n|-damage|p2a: Indeedee|17\/100\n|-damage|p2b: Armarouge|7\/100 slp\n|\n|-weather|Sandstorm|[upkeep]\n|-damage|p2b: Armarouge|0 fnt|[from] Sandstorm\n|-damage|p2a: Indeedee|11\/100|[from] Sandstorm\n|faint|p2b: Armarouge\n|-heal|p1b: Amoonguss|97\/100|[from] item: Leftovers\n|upkeep\n|\n|t:|1682521408\n|switch|p2b: Tauros|Tauros-Paldea-Blaze, L50, M|100\/100\n|-ability|p2b: Tauros|Intimidate|boost\n|-unboost|p1a: Tyranitar|atk|1\n|-unboost|p1b: Amoonguss|atk|1\n|turn|4\n|\n|t:|1682521421\n|switch|p2a: Avalugg|Avalugg, L50, M|100\/100\n|-enditem|p2a: Avalugg|Psychic Seed\n|-boost|p2a: Avalugg|spd|1|[from] item: Psychic Seed\n|move|p1b: Amoonguss|Rage Powder|p1b: Amoonguss\n|-singleturn|p1b: Amoonguss|move: Rage Powder\n|move|p2b: Tauros|Close Combat|p1b: Amoonguss\n|-supereffective|p1b: Amoonguss\n|-damage|p1b: Amoonguss|12\/100\n|-unboost|p2b: Tauros|def|1\n|-unboost|p2b: Tauros|spd|1\n|move|p1a: Tyranitar|Dragon Dance|p1a: Tyranitar\n|-boost|p1a: Tyranitar|atk|1\n|-boost|p1a: Tyranitar|spe|1\n|\n|-weather|Sandstorm|[upkeep]\n|-damage|p2a: Avalugg|95\/100|[from] Sandstorm\n|-damage|p2b: Tauros|95\/100|[from] Sandstorm\n|-heal|p1b: Amoonguss|18\/100|[from] item: Leftovers\n|upkeep\n|turn|5\n|inactive|pupulovessixsheep has 30 seconds left.\n|inactive|gegt has 30 seconds left.\n|\n|t:|1682521455\n|move|p1a: Tyranitar|Protect|p1a: Tyranitar\n|-singleturn|p1a: Tyranitar|Protect\n|move|p2a: Avalugg|Body Press|p1b: Amoonguss\n|-supereffective|p1b: Amoonguss\n|-damage|p1b: Amoonguss|0 fnt\n|faint|p1b: Amoonguss\n|move|p2b: Tauros|Close Combat|p1a: Tyranitar\n|-activate|p1a: Tyranitar|move: Protect\n|\n|-weather|none\n|-fieldend|move: Trick Room\n|-fieldend|move: Psychic Terrain\n|upkeep\n|\n|t:|1682521467\n|switch|p1b: Chi-Yu|Chi-Yu, L50|100\/100\n|-ability|p1b: Chi-Yu|Beads of Ruin\n|turn|6\n|inactive|gegt has 30 seconds left.\n|inactive|gegt has 20 seconds left.\n|inactive|gegt has 15 seconds left.\n|\n|t:|1682521511\n|move|p1a: Tyranitar|Rock Slide|p2b: Tauros|[spread] p2b\n|-miss|p1a: Tyranitar|p2a: Avalugg\n|-damage|p2b: Tauros|11\/100\n|move|p1b: Chi-Yu|Heat Wave|p2a: Avalugg|[spread] p2a,p2b\n|-supereffective|p2a: Avalugg\n|-resisted|p2b: Tauros\n|-damage|p2a: Avalugg|17\/100\n|-damage|p2b: Tauros|0 fnt\n|faint|p2b: Tauros\n|move|p2a: Avalugg|Body Press|p1a: Tyranitar\n|-supereffective|p1a: Tyranitar\n|-damage|p1a: Tyranitar|0 fnt\n|faint|p1a: Tyranitar\n|\n|upkeep\n|-message|gegt forfeited.\n|\n|win|pupulovessixsheep\n|raw|pupulovessixsheep's rating: 1314 → 1329<\/strong> (+15 for winning)\n|raw|gegt's rating: 1227 → 1208<\/strong> (-19 for losing)\n|l|\u2606gegt\n","uploadtime":1682521541,"views":17,"p1id":"pupulovessixsheep","p2id":"gegt","formatid":"gen9vgc2023regulationc","rating":1208,"private":0,"password":""}