{"id":"gen9vgc2023regulationc-1863322070","p1":"Magiplop","p2":"nwaggie","format":"[Gen 9] VGC 2023 Regulation C","log":"|j|\u2606Magiplop\n|j|\u2606nwaggie\n|t:|1684002332\n|gametype|doubles\n|player|p1|Magiplop|266|1307\n|player|p2|nwaggie|170|1335\n|teamsize|p1|6\n|teamsize|p2|6\n|gen|9\n|tier|[Gen 9] VGC 2023 Regulation C\n|rated|\n|rule|Species Clause: Limit one of each Pok\u00e9mon\n|rule|Item Clause: Limit one of each item\n|clearpoke\n|poke|p1|Gyarados, L50, F|\n|poke|p1|Pachirisu, L50, F|\n|poke|p1|Gothitelle, L50, F|\n|poke|p1|Gardevoir, L50, F|\n|poke|p1|Garchomp, L50, M|\n|poke|p1|Talonflame, L50, F|\n|poke|p2|Tyranitar, L50, F|\n|poke|p2|Ting-Lu, L50|\n|poke|p2|Lycanroc, L50, M|\n|poke|p2|Murkrow, L50, M|\n|poke|p2|Gholdengo, L50|\n|poke|p2|Volcarona, L50, F|\n|teampreview|4\nnwaggie has agreed to open team sheets.\n|inactive|Battle timer is ON: inactive players will automatically lose when time's up. (requested by nwaggie)\nMagiplop has agreed to open team sheets.\n|\n|t:|1684002365\n|start\n|switch|p1a: Garchomp|Garchomp, L50, M|100\/100\n|switch|p1b: Gardevoir|Gardevoir, L50, F|100\/100\n|switch|p2a: Tyranitar|Tyranitar, L50, F|100\/100\n|switch|p2b: Lycanroc|Lycanroc, L50, M|100\/100\n|-weather|Sandstorm|[from] ability: Sand Stream|[of] p2a: Tyranitar\n|turn|1\n|\n|t:|1684002388\n|move|p2b: Lycanroc|Rock Slide|p1a: Garchomp|[spread] p1a,p1b\n|-resisted|p1a: Garchomp\n|-damage|p1a: Garchomp|86\/100\n|-damage|p1b: Gardevoir|50\/100\n|cant|p1b: Gardevoir|flinch\n|move|p1a: Garchomp|Earthquake|p2a: Tyranitar|[spread] p2a,p2b\n|-activate|p1b: Gardevoir|ability: Telepathy\n|-supereffective|p2a: Tyranitar\n|-supereffective|p2b: Lycanroc\n|-damage|p2a: Tyranitar|44\/100\n|-enditem|p2b: Lycanroc|Focus Sash\n|-damage|p2b: Lycanroc|1\/100\n|move|p2a: Tyranitar|Crunch|p1b: Gardevoir\n|-damage|p1b: Gardevoir|0 fnt\n|faint|p1b: Gardevoir\n|\n|-weather|Sandstorm|[upkeep]\n|upkeep\n|\n|t:|1684002400\n|switch|p1b: Talonflame|Talonflame, L50, F|100\/100\n|turn|2\n|\n|t:|1684002413\n|-terastallize|p2a: Tyranitar|Flying\n|move|p1b: Talonflame|Brave Bird|p2b: Lycanroc\n|-resisted|p2b: Lycanroc\n|-damage|p2b: Lycanroc|0 fnt\n|faint|p2b: Lycanroc\n|-damage|p1b: Talonflame|99\/100|[from] Recoil\n|-damage|p1b: Talonflame|90\/100|[from] item: Life Orb\n|move|p1a: Garchomp|Earthquake|p2a: Tyranitar|[spread] \n|-immune|p1b: Talonflame\n|-immune|p2a: Tyranitar\n|move|p2a: Tyranitar|Crunch|p1a: Garchomp\n|-damage|p1a: Garchomp|14\/100\n|-damage|p2a: Tyranitar|32\/100|[from] ability: Rough Skin|[of] p1a: Garchomp\n|\n|-weather|Sandstorm|[upkeep]\n|-damage|p1b: Talonflame|84\/100|[from] Sandstorm\n|-damage|p2a: Tyranitar|27\/100|[from] Sandstorm\n|upkeep\n|\n|t:|1684002431\n|switch|p2b: Ting-Lu|Ting-Lu, L50|100\/100\n|-ability|p2b: Ting-Lu|Vessel of Ruin\n|turn|3\n|\n|t:|1684002443\n|move|p1b: Talonflame|Brave Bird|p2b: Ting-Lu\n|-damage|p2b: Ting-Lu|65\/100\n|-damage|p1b: Talonflame|65\/100|[from] Recoil\n|-damage|p1b: Talonflame|55\/100|[from] item: Life Orb\n|move|p1a: Garchomp|Rock Slide|p2a: Tyranitar|[spread] p2a\n|-miss|p1a: Garchomp|p2b: Ting-Lu\n|-supereffective|p2a: Tyranitar\n|-damage|p2a: Tyranitar|0 fnt\n|faint|p2a: Tyranitar\n|move|p2b: Ting-Lu|Stomping Tantrum|p1a: Garchomp\n|-damage|p1a: Garchomp|0 fnt\n|-damage|p2b: Ting-Lu|53\/100|[from] ability: Rough Skin|[of] p1a: Garchomp\n|faint|p1a: Garchomp\n|\n|-weather|Sandstorm|[upkeep]\n|-damage|p1b: Talonflame|49\/100|[from] Sandstorm\n|upkeep\n|\n|t:|1684002458\n|switch|p1a: Gyarados|Gyarados, L50, F|100\/100\n|switch|p2a: Gholdengo|Gholdengo, L50|100\/100\n|turn|4\n|\n|t:|1684002475\n|move|p2a: Gholdengo|Protect|p2a: Gholdengo\n|-singleturn|p2a: Gholdengo|Protect\n|move|p1b: Talonflame|Overheat|p2a: Gholdengo\n|-activate|p2a: Gholdengo|move: Protect\n|move|p1a: Gyarados|Dragon Dance|p1a: Gyarados\n|-boost|p1a: Gyarados|atk|1\n|-boost|p1a: Gyarados|spe|1\n|move|p2b: Ting-Lu|Payback|p1b: Talonflame\n|-damage|p1b: Talonflame|0 fnt\n|faint|p1b: Talonflame\n|\n|-weather|Sandstorm|[upkeep]\n|-damage|p1a: Gyarados|95\/100|[from] Sandstorm\n|upkeep\n|turn|5\n|\n|t:|1684002491\n|-terastallize|p1a: Gyarados|Ground\n|move|p1a: Gyarados|Earthquake|p2b: Ting-Lu|[spread] p2a,p2b\n|-supereffective|p2a: Gholdengo\n|-damage|p2a: Gholdengo|0 fnt\n|-damage|p2b: Ting-Lu|18\/100\n|faint|p2a: Gholdengo\n|-ability|p1a: Gyarados|Moxie|boost\n|-boost|p1a: Gyarados|atk|1\n|move|p2b: Ting-Lu|Payback|p1a: Gyarados\n|-damage|p1a: Gyarados|24\/100\n|\n|-weather|none\n|upkeep\n|turn|6\n|\n|t:|1684002503\n|move|p1a: Gyarados|Waterfall|p2b: Ting-Lu\n|-supereffective|p2b: Ting-Lu\n|-damage|p2b: Ting-Lu|0 fnt\n|faint|p2b: Ting-Lu\n|\n|win|Magiplop\n|raw|Magiplop's rating: 1307 → 1329<\/strong> (+22 for winning)\n|raw|nwaggie's rating: 1335 → 1313<\/strong> (-22 for losing)\n|c|\u2606nwaggie|gg\n|l|\u2606nwaggie\n","uploadtime":1684002523,"views":5,"p1id":"magiplop","p2id":"nwaggie","formatid":"gen9vgc2023regulationc","rating":1313,"private":0,"password":""}