{"id":"gen9vgc2023regulationc-1861713254","p1":"darthnius","p2":"MareeohYT","format":"[Gen 9] VGC 2023 Regulation C","log":"|j|\u2606darthnius\n|j|\u2606MareeohYT\n|t:|1683798655\n|gametype|doubles\n|player|p1|darthnius|volkner|1535\n|player|p2|MareeohYT|policeman-gen4|1641\n|teamsize|p1|6\n|teamsize|p2|6\n|gen|9\n|tier|[Gen 9] VGC 2023 Regulation C\n|rated|\n|rule|Species Clause: Limit one of each Pok\u00e9mon\n|rule|Item Clause: Limit one of each item\n|clearpoke\n|poke|p1|Murkrow, L50, M|\n|poke|p1|Chi-Yu, L50|\n|poke|p1|Flutter Mane, L50|\n|poke|p1|Great Tusk, L50|\n|poke|p1|Brute Bonnet, L50|\n|poke|p1|Corviknight, L50, F|\n|poke|p2|Ting-Lu, L50|\n|poke|p2|Palafin, L50, F|\n|poke|p2|Amoonguss, L50, M|\n|poke|p2|Arcanine, L50, F|\n|poke|p2|Flutter Mane, L50|\n|poke|p2|Eelektross, L50, F|\n|teampreview|4\ndarthnius has agreed to open team sheets.\nMareeohYT has agreed to open team sheets.\n|inactive|Battle timer is ON: inactive players will automatically lose when time's up. (requested by darthnius)\n|inactive|MareeohYT has 60 seconds left.\n|inactive|MareeohYT has 30 seconds left.\n|\n|t:|1683798766\n|start\n|switch|p1a: Flutter Mane|Flutter Mane, L50|100\/100\n|switch|p1b: Corviknight|Corviknight, L50, F|100\/100\n|switch|p2a: Ting-Lu|Ting-Lu, L50|100\/100\n|switch|p2b: Arcanine|Arcanine, L50, F|100\/100\n|-ability|p2b: Arcanine|Intimidate|boost\n|-unboost|p1a: Flutter Mane|atk|1\n|-ability|p1b: Corviknight|Mirror Armor\n|-unboost|p2b: Arcanine|atk|1\n|-ability|p2a: Ting-Lu|Vessel of Ruin\n|turn|1\n|inactive|darthnius has 30 seconds left.\n|inactive|MareeohYT has 30 seconds left.\n|inactive|darthnius has 20 seconds left.\n|inactive|MareeohYT has 20 seconds left.\n|inactive|darthnius has 15 seconds left.\n|\n|t:|1683798807\n|-terastallize|p1b: Corviknight|Fire\n|-terastallize|p2a: Ting-Lu|Water\n|move|p1a: Flutter Mane|Moonblast|p2a: Ting-Lu\n|-damage|p2a: Ting-Lu|69\/100\n|-unboost|p2a: Ting-Lu|spa|1\n|move|p2b: Arcanine|Howl|p2b: Arcanine|[spread] p2a,p2b\n|-boost|p2a: Ting-Lu|atk|1\n|-boost|p2b: Arcanine|atk|1\n|move|p1b: Corviknight|Brave Bird|p2a: Ting-Lu\n|-damage|p2a: Ting-Lu|21\/100\n|-damage|p1b: Corviknight|78\/100|[from] Recoil\n|move|p2a: Ting-Lu|Heavy Slam|p1a: Flutter Mane\n|-supereffective|p1a: Flutter Mane\n|-damage|p1a: Flutter Mane|0 fnt\n|faint|p1a: Flutter Mane\n|-end|p1a: Flutter Mane|Protosynthesis|[silent]\n|\n|upkeep\n|\n|t:|1683798824\n|switch|p1a: Great Tusk|Great Tusk, L50|100\/100\n|turn|2\n|\n|t:|1683798843\n|switch|p2b: Eelektross|Eelektross, L50, F|100\/100\n|move|p1a: Great Tusk|Headlong Rush|p2b: Eelektross\n|-immune|p2b: Eelektross|[from] ability: Levitate\n|move|p1b: Corviknight|Brave Bird|p2a: Ting-Lu\n|-damage|p2a: Ting-Lu|0 fnt\n|faint|p2a: Ting-Lu\n|-damage|p1b: Corviknight|69\/100|[from] Recoil\n|\n|upkeep\n|\n|t:|1683798854\n|switch|p2a: Arcanine|Arcanine, L50, F|100\/100\n|-ability|p2a: Arcanine|Intimidate|boost\n|-unboost|p1a: Great Tusk|atk|1\n|-ability|p1b: Corviknight|Mirror Armor\n|-unboost|p2a: Arcanine|atk|1\n|turn|3\n|\n|t:|1683798877\n|-end|p1a: Great Tusk|Protosynthesis|[silent]\n|switch|p1a: Brute Bonnet|Brute Bonnet, L50|100\/100\n|move|p2a: Arcanine|Will-O-Wisp|p1a: Brute Bonnet\n|-status|p1a: Brute Bonnet|brn\n|move|p1b: Corviknight|Brave Bird|p2a: Arcanine\n|-damage|p2a: Arcanine|15\/100\n|-enditem|p2a: Arcanine|Figy Berry|[eat]\n|-heal|p2a: Arcanine|48\/100|[from] item: Figy Berry\n|-damage|p1b: Corviknight|39\/100|[from] Recoil\n|move|p2b: Eelektross|Coil|p2b: Eelektross\n|-boost|p2b: Eelektross|atk|1\n|-boost|p2b: Eelektross|def|1\n|-boost|p2b: Eelektross|accuracy|1\n|\n|-damage|p1a: Brute Bonnet|95\/100 brn|[from] brn\n|upkeep\n|turn|4\n|\n|t:|1683798899\n|move|p2a: Arcanine|Howl|p2a: Arcanine|[spread] p2a,p2b\n|-boost|p2a: Arcanine|atk|1\n|-boost|p2b: Eelektross|atk|1\n|move|p1b: Corviknight|Brave Bird|p2a: Arcanine\n|-damage|p2a: Arcanine|0 fnt\n|faint|p2a: Arcanine\n|-damage|p1b: Corviknight|22\/100|[from] Recoil\n|move|p1a: Brute Bonnet|Bullet Seed|p2b: Eelektross\n|-damage|p2b: Eelektross|96\/100\n|-damage|p2b: Eelektross|90\/100\n|-damage|p2b: Eelektross|83\/100\n|-damage|p2b: Eelektross|78\/100\n|-hitcount|p2b: Eelektross|4\n|move|p2b: Eelektross|Drain Punch|p1a: Brute Bonnet\n|-supereffective|p1a: Brute Bonnet\n|-damage|p1a: Brute Bonnet|18\/100 brn\n|-heal|p2b: Eelektross|100\/100|[from] drain|[of] p1a: Brute Bonnet\n|\n|-damage|p1a: Brute Bonnet|12\/100 brn|[from] brn\n|upkeep\n|\n|t:|1683798910\n|switch|p2a: Flutter Mane|Flutter Mane, L50|100\/100\n|turn|5\n|\n|t:|1683798921\n|move|p1a: Brute Bonnet|Sucker Punch|p2a: Flutter Mane\n|-damage|p2a: Flutter Mane|75\/100\n|move|p2a: Flutter Mane|Dazzling Gleam|p1a: Brute Bonnet|[spread] p1a,p1b\n|-supereffective|p1a: Brute Bonnet\n|-resisted|p1b: Corviknight\n|-damage|p1a: Brute Bonnet|0 fnt\n|-damage|p1b: Corviknight|0 fnt\n|faint|p1a: Brute Bonnet\n|-end|p1a: Brute Bonnet|Protosynthesis|[silent]\n|faint|p1b: Corviknight\n|move|p2b: Eelektross|Coil|p2b: Eelektross\n|-boost|p2b: Eelektross|atk|1\n|-boost|p2b: Eelektross|def|1\n|-boost|p2b: Eelektross|accuracy|1\n|\n|upkeep\n|-message|darthnius forfeited.\n|\n|win|MareeohYT\n|raw|darthnius's rating: 1535 → 1521<\/strong> (-14 for losing)\n|raw|MareeohYT's rating: 1641 → 1655<\/strong> (+14 for winning)\n","uploadtime":1683798946,"views":22,"p1id":"darthnius","p2id":"mareeohyt","formatid":"gen9vgc2023regulationc","rating":1521,"private":0,"password":""}