{"id":"gen9vgc2023regulationc-1847615310","p1":"whosgemini","p2":"MrTheMatt","format":"[Gen 9] VGC 2023 Regulation C","log":"|j|\u2606whosgemini\n|j|\u2606MrTheMatt\n|t:|1681982350\n|gametype|doubles\n|player|p1|whosgemini|n|1114\n|player|p2|MrTheMatt|101|1000\n|teamsize|p1|6\n|teamsize|p2|6\n|gen|9\n|tier|[Gen 9] VGC 2023 Regulation C\n|rated|\n|rule|Species Clause: Limit one of each Pok\u00e9mon\n|rule|Item Clause: Limit one of each item\n|clearpoke\n|poke|p1|Orthworm, L50, M|\n|poke|p1|Great Tusk, L50|\n|poke|p1|Hydreigon, L50, M|\n|poke|p1|Palafin, L50, F|\n|poke|p1|Iron Bundle, L50|\n|poke|p1|Grimmsnarl, L50, M|\n|poke|p2|Slowking, L50, F|\n|poke|p2|Abomasnow, L50, F|\n|poke|p2|Iron Bundle, L50|\n|poke|p2|Baxcalibur, L50, F|\n|poke|p2|Grimmsnarl, L50, M|\n|poke|p2|Cetitan, L50, M|\n|teampreview|4\n|inactive|Battle timer is ON: inactive players will automatically lose when time's up. (requested by whosgemini)\n|\n|t:|1681982391\n|start\n|switch|p1a: Palafin|Palafin, L50, F|100\/100\n|switch|p1b: Hydreigon|Hydreigon, L50, M|100\/100\n|switch|p2a: Slowking|Slowking, L50, F|100\/100\n|switch|p2b: Grimmsnarl|Grimmsnarl, L50, M|100\/100\n|turn|1\n|inactive|whosgemini has 30 seconds left.\n|inactive|whosgemini has 20 seconds left.\n|inactive|whosgemini has 15 seconds left.\n|\n|t:|1681982435\n|-terastallize|p1b: Hydreigon|Fire\n|move|p1a: Palafin|Jet Punch|p1b: Hydreigon\n|-supereffective|p1b: Hydreigon\n|-damage|p1b: Hydreigon|38\/100\n|-enditem|p1b: Hydreigon|Weakness Policy\n|-boost|p1b: Hydreigon|atk|2|[from] item: Weakness Policy\n|-boost|p1b: Hydreigon|spa|2|[from] item: Weakness Policy\n|-damage|p1a: Palafin|91\/100|[from] item: Life Orb\n|move|p2b: Grimmsnarl|Reflect|p2b: Grimmsnarl\n|-sidestart|p2: MrTheMatt|Reflect\n|move|p1b: Hydreigon|Dark Pulse|p2a: Slowking\n|-supereffective|p2a: Slowking\n|-damage|p2a: Slowking|0 fnt\n|faint|p2a: Slowking\n|\n|upkeep\n|\n|t:|1681982453\n|switch|p2a: Iron Bundle|Iron Bundle, L50|100\/100\n|turn|2\n|\n|t:|1681982467\n|detailschange|p1a: Palafin|Palafin-Hero, L50, F\n|switch|p1a: Grimmsnarl|Grimmsnarl, L50, M|100\/100\n|move|p1b: Hydreigon|Protect|p1b: Hydreigon\n|-singleturn|p1b: Hydreigon|Protect\n|move|p2b: Grimmsnarl|Light Screen|p2b: Grimmsnarl\n|-sidestart|p2: MrTheMatt|move: Light Screen\n|move|p2a: Iron Bundle|Blizzard|p1b: Hydreigon|[spread] \n|-activate|p1b: Hydreigon|move: Protect\n|-miss|p2a: Iron Bundle|p1a: Grimmsnarl\n|\n|upkeep\n|turn|3\n|\n|t:|1681982487\n|move|p1a: Grimmsnarl|Fake Out|p2a: Iron Bundle\n|-damage|p2a: Iron Bundle|91\/100\n|move|p2b: Grimmsnarl|Parting Shot|p1b: Hydreigon\n|-unboost|p1b: Hydreigon|atk|1\n|-unboost|p1b: Hydreigon|spa|1\n|\n|t:|1681982495\n|switch|p2b: Cetitan|Cetitan, L50, M|100\/100|[from] Parting Shot\n|cant|p2a: Iron Bundle|flinch\n|move|p1b: Hydreigon|Heat Wave|p2a: Iron Bundle|[spread] p2a,p2b\n|-supereffective|p2b: Cetitan\n|-damage|p2a: Iron Bundle|7\/100\n|-damage|p2b: Cetitan|18\/100\n|-enditem|p2b: Cetitan|Figy Berry|[eat]\n|-heal|p2b: Cetitan|51\/100|[from] item: Figy Berry\n|\n|upkeep\n|turn|4\n|\n|t:|1681982520\n|-terastallize|p2b: Cetitan|Ice\n|move|p1a: Grimmsnarl|Thunder Wave|p2a: Iron Bundle\n|-status|p2a: Iron Bundle|par\n|move|p1b: Hydreigon|Heat Wave|p2a: Iron Bundle|[spread] p2a,p2b\n|-supereffective|p2b: Cetitan\n|-damage|p2a: Iron Bundle|0 fnt\n|-damage|p2b: Cetitan|0 fnt\n|faint|p2a: Iron Bundle\n|-end|p2a: Iron Bundle|Quark Drive|[silent]\n|faint|p2b: Cetitan\n|\n|upkeep\n|\n|t:|1681982537\n|switch|p2b: Grimmsnarl|Grimmsnarl, L50, M|100\/100\n|turn|5\n|\n|t:|1681982544\n|move|p2b: Grimmsnarl|Fake Out|p1a: Grimmsnarl\n|-damage|p1a: Grimmsnarl|87\/100\n|move|p1b: Hydreigon|Heat Wave|p2b: Grimmsnarl\n|-damage|p2b: Grimmsnarl|59\/100\n|cant|p1a: Grimmsnarl|flinch\n|\n|-sideend|p2: MrTheMatt|Reflect\n|upkeep\n|turn|6\n|-message|MrTheMatt forfeited.\n|\n|win|whosgemini\n|raw|whosgemini's rating: 1114 → 1131<\/strong> (+17 for winning)\n|raw|MrTheMatt's rating: 1000 → 1000<\/strong> (+0 for losing)\n|l|\u2606MrTheMatt\n","uploadtime":1681982567,"views":15,"p1id":"whosgemini","p2id":"mrthematt","formatid":"gen9vgc2023regulationc","rating":1000,"private":0,"password":""}