{"id":"gen9vgc2023regulationc-1849915693","p1":"KCXII","p2":"FuratBang","format":"[Gen 9] VGC 2023 Regulation C","log":"|j|\u2606KCXII\n|j|\u2606FuratBang\n|t:|1682267721\n|gametype|doubles\n|player|p1|KCXII|plasmagrunt|\n|player|p2|FuratBang|crasherwake|\n|teamsize|p1|6\n|teamsize|p2|6\n|gen|9\n|tier|[Gen 9] VGC 2023 Regulation C\n|rule|Species Clause: Limit one of each Pok\u00e9mon\n|rule|Item Clause: Limit one of each item\n|clearpoke\n|poke|p1|Indeedee-F, L50, F|\n|poke|p1|Armarouge, L50, M|\n|poke|p1|Misdreavus, L50, M|\n|poke|p1|Dragapult, L50, M|\n|poke|p1|Tinkaton, L50, F|\n|poke|p1|Mudsdale, L50, F|\n|poke|p2|Iron Hands, L50|\n|poke|p2|Tauros-Paldea-Blaze, L50, M|\n|poke|p2|Rotom-Wash, L50|\n|poke|p2|Mimikyu, L50, F|\n|poke|p2|Zoroark, L50, F|\n|poke|p2|Goodra, L50, M|\n|teampreview|4\n|c|\u2606KCXII|G1\n|c|\u2606FuratBang|wanna share in livebattle?\n|c|\u2606KCXII|if you want to sure\n|j| Heaven64\n|c|\u2606FuratBang|glhf\n|c|\u2606KCXII|good luck and have fun bro!\n|j| sucabaVGC\n|j| BBRAFF\n|j| PurpleStyle\n|\n|t:|1682267937\n|start\n|switch|p1a: Dragapult|Dragapult, L50, M|100\/100\n|switch|p1b: Tinkaton|Tinkaton, L50, F|100\/100\n|switch|p2a: Mimikyu|Mimikyu, L50, F|100\/100\n|switch|p2b: Rotom|Rotom-Wash, L50|100\/100\n|turn|1\n|\n|t:|1682268010\n|move|p2b: Rotom|Protect|p2b: Rotom\n|-singleturn|p2b: Rotom|Protect\n|move|p1a: Dragapult|Hex|p2a: Mimikyu\n|-resisted|p2a: Mimikyu\n|-damage|p2a: Mimikyu|69\/100\n|replace|p2a: Zoroark|Zoroark, L50, F\n|-end|p2a: Zoroark|Illusion\n|move|p2a: Zoroark|Night Daze|p1a: Dragapult\n|-supereffective|p1a: Dragapult\n|-damage|p1a: Dragapult|6\/100\n|move|p1b: Tinkaton|Gigaton Hammer|p2a: Zoroark\n|-damage|p2a: Zoroark|0 fnt\n|faint|p2a: Zoroark\n|\n|upkeep\n|\n|t:|1682268051\n|switch|p2a: Mimikyu|Mimikyu, L50, F|100\/100\n|turn|2\n|l| sucabaVGC\n|l|\u2606KCXII\n|player|p1|\n|j| sucabaVGC\n|j|\u2606KCXII\n|player|p1|KCXII|plasmagrunt\n|c|\u2606KCXII|oops\n|\n|t:|1682268181\n|-terastallize|p2b: Rotom|Electric\n|move|p2a: Mimikyu|Shadow Sneak|p1a: Dragapult\n|-supereffective|p1a: Dragapult\n|-damage|p1a: Dragapult|0 fnt\n|faint|p1a: Dragapult\n|-damage|p2a: Mimikyu|91\/100|[from] item: Life Orb\n|move|p1b: Tinkaton|Knock Off|p2b: Rotom\n|-damage|p2b: Rotom|77\/100\n|-enditem|p2b: Rotom|Aguav Berry|[from] move: Knock Off|[of] p1b: Tinkaton\n|move|p2b: Rotom|Thunderbolt|p1b: Tinkaton\n|-damage|p1b: Tinkaton|56\/100\n|-status|p1b: Tinkaton|par\n|\n|upkeep\n|\n|t:|1682268200\n|switch|p1a: Armarouge|Armarouge, L50, M|100\/100\n|turn|3\n|\n|t:|1682268245\n|switch|p1b: Indeedee|Indeedee-F, L50, F|100\/100\n|-fieldstart|move: Psychic Terrain|[from] ability: Psychic Surge|[of] p1b: Indeedee\n|move|p1a: Armarouge|Protect|p1a: Armarouge\n|-singleturn|p1a: Armarouge|Protect\n|move|p2a: Mimikyu|Shadow Claw|p1a: Armarouge\n|-activate|p1a: Armarouge|move: Protect\n|move|p2b: Rotom|Dark Pulse|p1a: Armarouge\n|-activate|p1a: Armarouge|move: Protect\n|\n|upkeep\n|turn|4\n|\n|t:|1682268323\n|move|p1b: Indeedee|Follow Me|p1b: Indeedee\n|-singleturn|p1b: Indeedee|move: Follow Me\n|move|p2a: Mimikyu|Play Rough|p1b: Indeedee\n|-damage|p1b: Indeedee|39\/100\n|-damage|p2a: Mimikyu|81\/100|[from] item: Life Orb\n|move|p2b: Rotom|Thunderbolt|p1b: Indeedee\n|-damage|p1b: Indeedee|0 fnt\n|faint|p1b: Indeedee\n|move|p1a: Armarouge|Expanding Force|p2b: Rotom|[spread] p2a,p2b\n|-activate|p2a: Mimikyu|ability: Disguise\n|-damage|p2a: Mimikyu|81\/100\n|-damage|p2b: Rotom|8\/100\n|detailschange|p2a: Mimikyu|Mimikyu-Busted, L50, F\n|-damage|p2a: Mimikyu|68\/100|[from] pokemon: Mimikyu-Busted\n|\n|upkeep\n|\n|t:|1682268337\n|switch|p1b: Tinkaton|Tinkaton, L50, F|56\/100 par\n|turn|5\n|\n|t:|1682268370\n|switch|p2b: Goodra|Goodra, L50, M|100\/100\n|move|p1a: Armarouge|Protect|p1a: Armarouge\n|-singleturn|p1a: Armarouge|Protect\n|move|p2a: Mimikyu|Shadow Claw|p1a: Armarouge\n|-activate|p1a: Armarouge|move: Protect\n|move|p1b: Tinkaton|Knock Off|p2b: Goodra\n|-damage|p2b: Goodra|70\/100\n|-ability|p2b: Goodra|Gooey\n|-unboost|p1b: Tinkaton|spe|1\n|-enditem|p2b: Goodra|Leftovers|[from] move: Knock Off|[of] p1b: Tinkaton\n|\n|upkeep\n|turn|6\n|\n|t:|1682268420\n|-terastallize|p1a: Armarouge|Fairy\n|move|p2a: Mimikyu|Shadow Claw|p1a: Armarouge\n|-damage|p1a: Armarouge|64\/100\n|-damage|p2a: Mimikyu|59\/100|[from] item: Life Orb\n|move|p2b: Goodra|Draco Meteor|p1a: Armarouge\n|-immune|p1a: Armarouge\n|move|p1a: Armarouge|Expanding Force|p2b: Goodra|[spread] p2a,p2b\n|-damage|p2a: Mimikyu|0 fnt\n|-damage|p2b: Goodra|27\/100\n|faint|p2a: Mimikyu\n|move|p1b: Tinkaton|Gigaton Hammer|p2b: Goodra\n|-damage|p2b: Goodra|0 fnt\n|faint|p2b: Goodra\n|\n|upkeep\n|l| Heaven64\n|\n|t:|1682268440\n|switch|p2a: Rotom|Rotom-Wash, L50, tera:Electric|8\/100\n|turn|7\n|\n|t:|1682268449\n|move|p2a: Rotom|Thunderbolt|p1a: Armarouge\n|-damage|p1a: Armarouge|2\/100\n|move|p1a: Armarouge|Expanding Force|p2a: Rotom\n|-damage|p2a: Rotom|0 fnt\n|faint|p2a: Rotom\n|\n|win|KCXII\n|c|\u2606KCXII|gg\n","uploadtime":1682268457,"views":14,"p1id":"kcxii","p2id":"furatbang","formatid":"gen9vgc2023regulationc","rating":0,"private":0,"password":""}