{"id":"gen9vgc2023regulationc-1851682692","p1":"knight8512","p2":"etoubia18","format":"[Gen 9] VGC 2023 Regulation C","log":"|j|\u2606knight8512\n|j|\u2606etoubia18\n|t:|1682469435\n|gametype|doubles\n|player|p1|knight8512|boarder|1048\n|player|p2|etoubia18|266|1009\n|teamsize|p1|6\n|teamsize|p2|6\n|gen|9\n|tier|[Gen 9] VGC 2023 Regulation C\n|rated|\n|rule|Species Clause: Limit one of each Pok\u00e9mon\n|rule|Item Clause: Limit one of each item\n|clearpoke\n|poke|p1|Baxcalibur, L50, M|\n|poke|p1|Flutter Mane, L50|\n|poke|p1|Chi-Yu, L50|\n|poke|p1|Gyarados, L50, M|\n|poke|p1|Ting-Lu, L50|\n|poke|p1|Amoonguss, L50, M|\n|poke|p2|Gothitelle, L50, M|\n|poke|p2|Garganacl, L50, M|\n|poke|p2|Wo-Chien, L50|\n|poke|p2|Palafin, L50, M|\n|poke|p2|Arcanine, L50, F|\n|poke|p2|Flutter Mane, L50|\n|teampreview|4\n|\n|t:|1682469479\n|start\n|switch|p1a: Baxcalibur|Baxcalibur, L50, M|100\/100\n|switch|p1b: Ting-Lu|Ting-Lu, L50|100\/100\n|switch|p2a: Gothitelle|Gothitelle, L50, M|100\/100\n|switch|p2b: Arcanine|Arcanine, L50, F|100\/100\n|-ability|p2b: Arcanine|Intimidate|boost\n|-unboost|p1a: Baxcalibur|atk|1\n|-unboost|p1b: Ting-Lu|atk|1\n|-ability|p1b: Ting-Lu|Vessel of Ruin\n|turn|1\n|inactive|Battle timer is ON: inactive players will automatically lose when time's up. (requested by knight8512)\n|inactive|etoubia18 has 60 seconds left.\n|inactive|etoubia18 has 30 seconds left.\n|inactive|etoubia18 has 20 seconds left.\n|inactive|etoubia18 has 15 seconds left.\n|inactive|etoubia18 has 10 seconds left.\n|inactive|etoubia18 has 5 seconds left.\n|\n|t:|1682469647\n|move|p2a: Gothitelle|Fake Out|p1b: Ting-Lu\n|-damage|p1b: Ting-Lu|96\/100\n|move|p1a: Baxcalibur|Ice Shard|p2a: Gothitelle\n|-damage|p2a: Gothitelle|83\/100\n|move|p2b: Arcanine|Will-O-Wisp|p1b: Ting-Lu\n|-status|p1b: Ting-Lu|brn\n|cant|p1b: Ting-Lu|flinch\n|\n|-damage|p1b: Ting-Lu|90\/100 brn|[from] brn\n|upkeep\n|turn|2\n|inactive|knight8512 has 30 seconds left.\n|inactive|etoubia18 has 30 seconds left.\n|inactive|knight8512 has 20 seconds left.\n|inactive|etoubia18 has 20 seconds left.\n|inactive|etoubia18 has 15 seconds left.\n|inactive|etoubia18 has 10 seconds left.\n|inactive|etoubia18 has 5 seconds left.\n|\n|t:|1682469702\n|move|p2a: Gothitelle|Fake Out||[still]\n|-hint|Fake Out only works on your first turn out.\n|-fail|p2a: Gothitelle\n|move|p2b: Arcanine|Will-O-Wisp|p1a: Baxcalibur\n|-immune|p1a: Baxcalibur|[from] ability: Thermal Exchange\n|move|p1a: Baxcalibur|Icicle Spear|p2a: Gothitelle\n|-damage|p2a: Gothitelle|71\/100\n|-damage|p2a: Gothitelle|60\/100\n|-damage|p2a: Gothitelle|49\/100\n|-enditem|p2a: Gothitelle|Sitrus Berry|[eat]\n|-heal|p2a: Gothitelle|74\/100|[from] item: Sitrus Berry\n|-damage|p2a: Gothitelle|64\/100\n|-damage|p2a: Gothitelle|53\/100\n|-hitcount|p2a: Gothitelle|5\n|move|p1b: Ting-Lu|Fissure|p2a: Gothitelle|[miss]\n|-miss|p1b: Ting-Lu|p2a: Gothitelle\n|\n|-damage|p1b: Ting-Lu|84\/100 brn|[from] brn\n|upkeep\n|turn|3\n|inactive|knight8512 has 30 seconds left.\n|inactive|etoubia18 has 30 seconds left.\n|inactive|etoubia18 has 20 seconds left.\n|inactive|etoubia18 has 15 seconds left.\n|inactive|etoubia18 has 10 seconds left.\n|inactive|etoubia18 has 5 seconds left.\n|\n|t:|1682469757\n|move|p2a: Gothitelle|Fake Out||[still]\n|-hint|Fake Out only works on your first turn out.\n|-fail|p2a: Gothitelle\n|move|p2b: Arcanine|Will-O-Wisp|p1a: Baxcalibur|[miss]\n|-miss|p2b: Arcanine|p1a: Baxcalibur\n|move|p1a: Baxcalibur|Icicle Spear|p2a: Gothitelle\n|-damage|p2a: Gothitelle|41\/100\n|-damage|p2a: Gothitelle|29\/100\n|-damage|p2a: Gothitelle|18\/100\n|-damage|p2a: Gothitelle|6\/100\n|-hitcount|p2a: Gothitelle|4\n|move|p1b: Ting-Lu|Stomping Tantrum|p2b: Arcanine\n|-supereffective|p2b: Arcanine\n|-damage|p2b: Arcanine|39\/100\n|\n|-damage|p1b: Ting-Lu|78\/100 brn|[from] brn\n|upkeep\n|turn|4\n|inactive|knight8512 has 30 seconds left.\n|\n|t:|1682469786\n|move|p2a: Gothitelle|Fake Out||[still]\n|-hint|Fake Out only works on your first turn out.\n|-fail|p2a: Gothitelle\n|move|p2b: Arcanine|Will-O-Wisp|p1b: Ting-Lu\n|-fail|p1b: Ting-Lu|brn\n|move|p1a: Baxcalibur|Icicle Spear|p2a: Gothitelle\n|-damage|p2a: Gothitelle|0 fnt\n|faint|p2a: Gothitelle\n|-hitcount|p2: Gothitelle|1\n|move|p1b: Ting-Lu|Stomping Tantrum|p2b: Arcanine\n|-supereffective|p2b: Arcanine\n|-damage|p2b: Arcanine|11\/100\n|\n|-damage|p1b: Ting-Lu|72\/100 brn|[from] brn\n|upkeep\n|\n|t:|1682469795\n|switch|p2a: Flutter Mane|Flutter Mane, L50|100\/100\n|-enditem|p2a: Flutter Mane|Booster Energy\n|-activate|p2a: Flutter Mane|ability: Protosynthesis|[fromitem]\n|-start|p2a: Flutter Mane|protosynthesisspe\n|turn|5\n|inactive|knight8512 has 30 seconds left.\n|inactive|knight8512 has 20 seconds left.\n|\n|t:|1682469834\n|-terastallize|p2a: Flutter Mane|Fairy\n|-terastallize|p1b: Ting-Lu|Water\n|move|p1a: Baxcalibur|Protect|p1a: Baxcalibur\n|-singleturn|p1a: Baxcalibur|Protect\n|move|p2a: Flutter Mane|Moonblast|p1b: Ting-Lu\n|-damage|p1b: Ting-Lu|50\/100 brn\n|-unboost|p1b: Ting-Lu|spa|1\n|move|p2b: Arcanine|Will-O-Wisp|p1a: Baxcalibur\n|-activate|p1a: Baxcalibur|move: Protect\n|move|p1b: Ting-Lu|Heavy Slam|p2a: Flutter Mane\n|-supereffective|p2a: Flutter Mane\n|-damage|p2a: Flutter Mane|51\/100\n|\n|-damage|p1b: Ting-Lu|44\/100 brn|[from] brn\n|upkeep\n|turn|6\n|inactive|knight8512 has 30 seconds left.\n|inactive|etoubia18 has 30 seconds left.\n|inactive|etoubia18 has 20 seconds left.\n|inactive|etoubia18 has 15 seconds left.\n|inactive|etoubia18 has 10 seconds left.\n|inactive|etoubia18 has 5 seconds left.\n|\n|t:|1682469889\n|switch|p1a: Gyarados|Gyarados, L50, M|100\/100\n|-ability|p1a: Gyarados|Intimidate|boost\n|-unboost|p2a: Flutter Mane|atk|1\n|-unboost|p2b: Arcanine|atk|1\n|move|p2a: Flutter Mane|Shadow Ball|p1b: Ting-Lu\n|-damage|p1b: Ting-Lu|31\/100 brn\n|-unboost|p1b: Ting-Lu|spd|1\n|move|p2b: Arcanine|Will-O-Wisp|p1a: Gyarados\n|-status|p1a: Gyarados|brn\n|-enditem|p1a: Gyarados|Lum Berry|[eat]\n|-curestatus|p1a: Gyarados|brn|[msg]\n|move|p1b: Ting-Lu|Heavy Slam|p2a: Flutter Mane\n|-supereffective|p2a: Flutter Mane\n|-damage|p2a: Flutter Mane|0 fnt\n|faint|p2a: Flutter Mane\n|-end|p2a: Flutter Mane|Protosynthesis|[silent]\n|\n|-damage|p1b: Ting-Lu|25\/100 brn|[from] brn\n|upkeep\n|inactive|etoubia18 has 30 seconds left.\n|inactive|etoubia18 has 20 seconds left.\n|inactive|etoubia18 has 15 seconds left.\n|inactive|etoubia18 has 10 seconds left.\n|inactive|etoubia18 has 5 seconds left.\n|\n|t:|1682469944\n|switch|p2a: Wo-Chien|Wo-Chien, L50|100\/100\n|-ability|p2a: Wo-Chien|Tablets of Ruin\n|turn|7\n|\n|t:|1682469958\n|move|p2b: Arcanine|Will-O-Wisp|p1a: Gyarados\n|-status|p1a: Gyarados|brn\n|move|p1a: Gyarados|Taunt|p2a: Wo-Chien\n|-start|p2a: Wo-Chien|move: Taunt\n|-enditem|p2a: Wo-Chien|Mental Herb\n|-end|p2a: Wo-Chien|move: Taunt\n|move|p2a: Wo-Chien|Snarl|p1b: Ting-Lu|[spread] p1a,p1b\n|-damage|p1a: Gyarados|93\/100 brn\n|-damage|p1b: Ting-Lu|18\/100 brn\n|-unboost|p1a: Gyarados|spa|1\n|-unboost|p1b: Ting-Lu|spa|1\n|move|p1b: Ting-Lu|Stomping Tantrum|p2b: Arcanine\n|-supereffective|p2b: Arcanine\n|-damage|p2b: Arcanine|0 fnt\n|faint|p2b: Arcanine\n|\n|-damage|p1a: Gyarados|87\/100 brn|[from] brn\n|-damage|p1b: Ting-Lu|12\/100 brn|[from] brn\n|upkeep\n|turn|8\n|inactive|etoubia18 has 30 seconds left.\n|inactive|etoubia18 has 20 seconds left.\n|inactive|etoubia18 has 15 seconds left.\n|inactive|etoubia18 has 10 seconds left.\n|inactive|etoubia18 has 5 seconds left.\n|\n|t:|1682470013\n|move|p1a: Gyarados|Taunt|p2a: Wo-Chien\n|-start|p2a: Wo-Chien|move: Taunt\n|cant|p2a: Wo-Chien|move: Taunt|Leech Seed\n|move|p1b: Ting-Lu|Fissure|p2a: Wo-Chien|[miss]\n|-miss|p1b: Ting-Lu|p2a: Wo-Chien\n|\n|-damage|p1a: Gyarados|81\/100 brn|[from] brn\n|-damage|p1b: Ting-Lu|6\/100 brn|[from] brn\n|upkeep\n|turn|9\n|inactive|knight8512 has 30 seconds left.\n|inactive|etoubia18 has 30 seconds left.\n|inactive|etoubia18 has 20 seconds left.\n|inactive|etoubia18 has 15 seconds left.\n|inactive|etoubia18 has 10 seconds left.\n|\n|t:|1682470061\n|move|p1a: Gyarados|Helping Hand|p1b: Ting-Lu\n|-singleturn|p1b: Ting-Lu|Helping Hand|[of] p1a: Gyarados\n|move|p2a: Wo-Chien|Snarl|p1b: Ting-Lu|[spread] p1a,p1b\n|-damage|p1a: Gyarados|73\/100 brn\n|-damage|p1b: Ting-Lu|0 fnt\n|-unboost|p1a: Gyarados|spa|1\n|faint|p1b: Ting-Lu\n|\n|-damage|p1a: Gyarados|67\/100 brn|[from] brn\n|upkeep\n|\n|t:|1682470073\n|switch|p1b: Baxcalibur|Baxcalibur, L50, M|100\/100\n|turn|10\n|inactive|etoubia18 has 30 seconds left.\n|inactive|etoubia18 has 20 seconds left.\n|inactive|etoubia18 has 15 seconds left.\n|inactive|etoubia18 has 10 seconds left.\n|inactive|etoubia18 has 5 seconds left.\n|\n|t:|1682470128\n|move|p1a: Gyarados|Helping Hand|p1b: Baxcalibur\n|-singleturn|p1b: Baxcalibur|Helping Hand|[of] p1a: Gyarados\n|move|p1b: Baxcalibur|Icicle Spear|p2a: Wo-Chien\n|-supereffective|p2a: Wo-Chien\n|-damage|p2a: Wo-Chien|68\/100\n|-supereffective|p2a: Wo-Chien\n|-damage|p2a: Wo-Chien|34\/100\n|-supereffective|p2a: Wo-Chien\n|-damage|p2a: Wo-Chien|3\/100\n|-supereffective|p2a: Wo-Chien\n|-damage|p2a: Wo-Chien|0 fnt\n|faint|p2a: Wo-Chien\n|-hitcount|p2: Wo-Chien|4\n|\n|win|knight8512\n|inactive|etoubia18 has 15 seconds left this turn.\n|raw|knight8512's rating: 1048 → 1076<\/strong> (+28 for winning)\n|raw|etoubia18's rating: 1000 → 1000<\/strong> (+0 for losing)\n","uploadtime":1682470189,"views":16,"p1id":"knight8512","p2id":"etoubia18","formatid":"gen9vgc2023regulationc","rating":1000,"private":0,"password":""}