{"id":"gen9vgc2023regulationc-1847077138","p1":"RitmanTesting1","p2":"ManuelBanano","format":"[Gen 9] VGC 2023 Regulation C","log":"|j|\u2606RitmanTesting1\n|j|\u2606ManuelBanano\n|t:|1681917179\n|gametype|doubles\n|player|p1|RitmanTesting1|byron|1349\n|player|p2|ManuelBanano|cynthia-gen4|1356\n|teamsize|p1|6\n|teamsize|p2|6\n|gen|9\n|tier|[Gen 9] VGC 2023 Regulation C\n|rated|\n|rule|Species Clause: Limit one of each Pok\u00e9mon\n|rule|Item Clause: Limit one of each item\n|clearpoke\n|poke|p1|Roaring Moon, L50|\n|poke|p1|Flutter Mane, L50|\n|poke|p1|Arcanine, L50, M|\n|poke|p1|Chi-Yu, L50|\n|poke|p1|Brute Bonnet, L50|\n|poke|p1|Glimmora, L50, F|\n|poke|p2|Gyarados, L50, F|\n|poke|p2|Ting-Lu, L50|\n|poke|p2|Chi-Yu, L50|\n|poke|p2|Flutter Mane, L50|\n|poke|p2|Glimmora, L50, M|\n|poke|p2|Wo-Chien, L50|\n|teampreview|4\n|inactive|Battle timer is ON: inactive players will automatically lose when time's up. (requested by ManuelBanano)\nRitmanTesting1 has agreed to open team sheets.\nManuelBanano rejected open team sheets.\n|inactive|RitmanTesting1 has 60 seconds left.\n|\n|t:|1681917221\n|start\n|switch|p1a: Roaring Moon|Roaring Moon, L50|100\/100\n|switch|p1b: Arcanine|Arcanine, L50, M|100\/100\n|switch|p2a: Chi-Yu|Chi-Yu, L50|100\/100\n|switch|p2b: Flutter Mane|Flutter Mane, L50|100\/100\n|-ability|p1b: Arcanine|Intimidate|boost\n|-unboost|p2a: Chi-Yu|atk|1\n|-unboost|p2b: Flutter Mane|atk|1\n|-ability|p2a: Chi-Yu|Beads of Ruin\n|-enditem|p1a: Roaring Moon|Booster Energy\n|-activate|p1a: Roaring Moon|ability: Protosynthesis|[fromitem]\n|-start|p1a: Roaring Moon|protosynthesisspe\n|-enditem|p2b: Flutter Mane|Booster Energy\n|-activate|p2b: Flutter Mane|ability: Protosynthesis|[fromitem]\n|-start|p2b: Flutter Mane|protosynthesisspe\n|turn|1\n|\n|t:|1681917243\n|move|p2b: Flutter Mane|Protect|p2b: Flutter Mane\n|-singleturn|p2b: Flutter Mane|Protect\n|move|p1a: Roaring Moon|Tailwind|p1a: Roaring Moon\n|-sidestart|p1: RitmanTesting1|move: Tailwind\n|move|p1b: Arcanine|Howl|p1b: Arcanine|[spread] p1a,p1b\n|-boost|p1a: Roaring Moon|atk|1\n|-boost|p1b: Arcanine|atk|1\n|move|p2a: Chi-Yu|Heat Wave|p1b: Arcanine|[spread] p1b\n|-miss|p2a: Chi-Yu|p1a: Roaring Moon\n|-resisted|p1b: Arcanine\n|-crit|p1b: Arcanine\n|-damage|p1b: Arcanine|40\/100\n|\n|upkeep\n|turn|2\n|inactive|RitmanTesting1 has 30 seconds left.\n|\n|t:|1681917276\n|-terastallize|p1a: Roaring Moon|Flying\n|move|p1b: Arcanine|Extreme Speed|p2a: Chi-Yu\n|-damage|p2a: Chi-Yu|60\/100\n|move|p1a: Roaring Moon|Acrobatics|p2a: Chi-Yu\n|-damage|p2a: Chi-Yu|0 fnt\n|faint|p2a: Chi-Yu\n|move|p2b: Flutter Mane|Dazzling Gleam|p1b: Arcanine|[spread] p1a,p1b\n|-resisted|p1b: Arcanine\n|-damage|p1a: Roaring Moon|77\/100\n|-damage|p1b: Arcanine|26\/100\n|\n|upkeep\n|\n|t:|1681917294\n|switch|p2a: Wo-Chien|Wo-Chien, L50|100\/100\n|-ability|p2a: Wo-Chien|Tablets of Ruin\n|turn|3\n|\n|t:|1681917306\n|move|p2a: Wo-Chien|Protect|p2a: Wo-Chien\n|-singleturn|p2a: Wo-Chien|Protect\n|move|p1a: Roaring Moon|Acrobatics|p2a: Wo-Chien\n|-activate|p2a: Wo-Chien|move: Protect\n|move|p1b: Arcanine|Flare Blitz|p2a: Wo-Chien\n|-activate|p2a: Wo-Chien|move: Protect\n|move|p2b: Flutter Mane|Dazzling Gleam|p1b: Arcanine|[spread] p1a,p1b\n|-resisted|p1b: Arcanine\n|-damage|p1a: Roaring Moon|50\/100\n|-damage|p1b: Arcanine|11\/100\n|\n|upkeep\n|turn|4\n|inactive|ManuelBanano has 30 seconds left.\n|\n|t:|1681917334\n|switch|p2a: Ting-Lu|Ting-Lu, L50|100\/100\n|-ability|p2a: Ting-Lu|Vessel of Ruin\n|move|p1a: Roaring Moon|Acrobatics|p2b: Flutter Mane\n|-damage|p2b: Flutter Mane|0 fnt\n|faint|p2b: Flutter Mane\n|-end|p2b: Flutter Mane|Protosynthesis|[silent]\n|move|p1b: Arcanine|Flare Blitz|p2a: Ting-Lu\n|-damage|p2a: Ting-Lu|61\/100\n|-damage|p1b: Arcanine|0 fnt|[from] Recoil\n|faint|p1b: Arcanine\n|\n|-sideend|p1: RitmanTesting1|move: Tailwind\n|upkeep\n|\n|t:|1681917346\n|switch|p2b: Wo-Chien|Wo-Chien, L50|100\/100\n|switch|p1b: Brute Bonnet|Brute Bonnet, L50|100\/100\n|-ability|p2b: Wo-Chien|Tablets of Ruin\n|turn|5\n|\n|t:|1681917368\n|move|p2b: Wo-Chien|Protect|p2b: Wo-Chien\n|-singleturn|p2b: Wo-Chien|Protect\n|move|p1a: Roaring Moon|Acrobatics|p2b: Wo-Chien\n|-activate|p2b: Wo-Chien|move: Protect\n|move|p1b: Brute Bonnet|Spore|p2a: Ting-Lu\n|-status|p2a: Ting-Lu|slp|[from] move: Spore\n|cant|p2a: Ting-Lu|slp\n|\n|upkeep\n|turn|6\n|inactive|ManuelBanano has 30 seconds left.\n|\n|t:|1681917399\n|-terastallize|p2b: Wo-Chien|Poison\n|move|p1b: Brute Bonnet|Sucker Punch|p2b: Wo-Chien\n|-damage|p2b: Wo-Chien|83\/100\n|move|p1a: Roaring Moon|Acrobatics|p2b: Wo-Chien\n|-damage|p2b: Wo-Chien|39\/100\n|move|p2b: Wo-Chien|Pollen Puff|p2a: Ting-Lu\n|-heal|p2a: Ting-Lu|100\/100 slp\n|-curestatus|p2a: Ting-Lu|slp|[msg]\n|move|p2a: Ting-Lu|Fissure|p1b: Brute Bonnet|[miss]\n|-miss|p2a: Ting-Lu|p1b: Brute Bonnet\n|\n|-heal|p2b: Wo-Chien|45\/100|[from] item: Leftovers\n|upkeep\n|turn|7\n|inactive|RitmanTesting1 has 30 seconds left.\n|c|\u2606RitmanTesting1|el open team sheet tambien te beneficia a ti. No hay que tenerle miedo. Y olvidar la fisura, que es divertida pero cero eficaz\n|inactive|RitmanTesting1 has 20 seconds left.\n|\n|t:|1681917437\n|move|p1a: Roaring Moon|Acrobatics|p2b: Wo-Chien\n|-damage|p2b: Wo-Chien|0 fnt\n|faint|p2b: Wo-Chien\n|move|p1b: Brute Bonnet|Spore|p2a: Ting-Lu\n|-status|p2a: Ting-Lu|slp|[from] move: Spore\n|cant|p2a: Ting-Lu|slp\n|\n|upkeep\n|turn|8\n|c|\u2606RitmanTesting1|gg\n|-message|ManuelBanano forfeited.\n|\n|win|RitmanTesting1\n|raw|RitmanTesting1's rating: 1349 → 1369<\/strong> (+20 for winning)\n|raw|ManuelBanano's rating: 1356 → 1336<\/strong> (-20 for losing)\n|l|\u2606ManuelBanano\n","uploadtime":1681917477,"views":5,"p1id":"ritmantesting1","p2id":"manuelbanano","formatid":"gen9vgc2023regulationc","rating":1336,"private":0,"password":""}