{"id":"gen9vgc2023regulationc-1848042970","p1":"HildaisViscous","p2":"MeowBurgee","format":"[Gen 9] VGC 2023 Regulation C","log":"|j|\u2606HildaisViscous\n|j|\u2606MeowBurgee\n|t:|1682023516\n|gametype|doubles\n|player|p1|HildaisViscous|hilda-wonderlauncher|1147\n|player|p2|MeowBurgee|alder|1210\n|teamsize|p1|6\n|teamsize|p2|6\n|gen|9\n|tier|[Gen 9] VGC 2023 Regulation C\n|rated|\n|rule|Species Clause: Limit one of each Pok\u00e9mon\n|rule|Item Clause: Limit one of each item\n|clearpoke\n|poke|p1|Garchomp, L50, M|\n|poke|p1|Salamence, L50, M|\n|poke|p1|Revavroom, L50, M|\n|poke|p1|Gyarados, L50, M|\n|poke|p1|Iron Valiant, L50|\n|poke|p1|Tinkaton, L50, F|\n|poke|p2|Iron Hands, L50|\n|poke|p2|Amoonguss, L50, F|\n|poke|p2|Slither Wing, L50|\n|poke|p2|Indeedee-F, L50, F|\n|poke|p2|Armarouge, L50, M|\n|poke|p2|Torkoal, L50, F|\n|teampreview|4\n|\n|t:|1682023553\n|start\n|switch|p1a: Garchomp|Garchomp, L50, M|100\/100\n|switch|p1b: Salamence|Salamence, L50, M|100\/100\n|switch|p2a: (Not)Eve|Indeedee-F, L50, F|100\/100\n|switch|p2b: \u042d\u0442\u0430\u0436\u0438-\u0421\u0443\u0434\u043d\u043e|Armarouge, L50, M|100\/100\n|-ability|p1b: Salamence|Intimidate|boost\n|-unboost|p2a: (Not)Eve|atk|1\n|-unboost|p2b: \u042d\u0442\u0430\u0436\u0438-\u0421\u0443\u0434\u043d\u043e|atk|1\n|-fieldstart|move: Psychic Terrain|[from] ability: Psychic Surge|[of] p2a: (Not)Eve\n|turn|1\n|\n|t:|1682023575\n|-terastallize|p2b: \u042d\u0442\u0430\u0436\u0438-\u0421\u0443\u0434\u043d\u043e|Grass\n|move|p2a: (Not)Eve|Follow Me|p2a: (Not)Eve\n|-singleturn|p2a: (Not)Eve|move: Follow Me\n|move|p1a: Garchomp|Rock Slide|p2a: (Not)Eve|[spread] p2a,p2b\n|-damage|p2a: (Not)Eve|83\/100\n|-damage|p2b: \u042d\u0442\u0430\u0436\u0438-\u0421\u0443\u0434\u043d\u043e|82\/100\n|move|p1b: Salamence|Draco Meteor|p2a: (Not)Eve\n|-damage|p2a: (Not)Eve|38\/100\n|-unboost|p1b: Salamence|spa|2\n|cant|p2b: \u042d\u0442\u0430\u0436\u0438-\u0421\u0443\u0434\u043d\u043e|flinch\n|\n|upkeep\n|turn|2\n|\n|t:|1682023590\n|move|p2a: (Not)Eve|Follow Me|p2a: (Not)Eve\n|-singleturn|p2a: (Not)Eve|move: Follow Me\n|move|p1a: Garchomp|Rock Slide|p2a: (Not)Eve|[spread] p2b\n|-miss|p1a: Garchomp|p2a: (Not)Eve\n|-damage|p2b: \u042d\u0442\u0430\u0436\u0438-\u0421\u0443\u0434\u043d\u043e|62\/100\n|move|p1b: Salamence|Rock Slide|p2a: (Not)Eve|[spread] p2a,p2b\n|-damage|p2a: (Not)Eve|17\/100\n|-damage|p2b: \u042d\u0442\u0430\u0436\u0438-\u0421\u0443\u0434\u043d\u043e|42\/100\n|-enditem|p2b: \u042d\u0442\u0430\u0436\u0438-\u0421\u0443\u0434\u043d\u043e|Sitrus Berry|[eat]\n|-heal|p2b: \u042d\u0442\u0430\u0436\u0438-\u0421\u0443\u0434\u043d\u043e|67\/100|[from] item: Sitrus Berry\n|cant|p2b: \u042d\u0442\u0430\u0436\u0438-\u0421\u0443\u0434\u043d\u043e|flinch\n|\n|upkeep\n|turn|3\n|\n|t:|1682023611\n|move|p2a: (Not)Eve|Follow Me|p2a: (Not)Eve\n|-singleturn|p2a: (Not)Eve|move: Follow Me\n|move|p1a: Garchomp|Rock Slide|p2a: (Not)Eve|[spread] p2a\n|-miss|p1a: Garchomp|p2b: \u042d\u0442\u0430\u0436\u0438-\u0421\u0443\u0434\u043d\u043e\n|-damage|p2a: (Not)Eve|0 fnt\n|faint|p2a: (Not)Eve\n|move|p1b: Salamence|Rock Slide|p2b: \u042d\u0442\u0430\u0436\u0438-\u0421\u0443\u0434\u043d\u043e\n|-damage|p2b: \u042d\u0442\u0430\u0436\u0438-\u0421\u0443\u0434\u043d\u043e|41\/100\n|move|p2b: \u042d\u0442\u0430\u0436\u0438-\u0421\u0443\u0434\u043d\u043e|Trick Room|p2b: \u042d\u0442\u0430\u0436\u0438-\u0421\u0443\u0434\u043d\u043e\n|-fieldstart|move: Trick Room|[of] p2b: \u042d\u0442\u0430\u0436\u0438-\u0421\u0443\u0434\u043d\u043e\n|\n|upkeep\n|\n|t:|1682023624\n|switch|p2a: Anything (Viva!)|Iron Hands, L50|100\/100\n|turn|4\n|\n|t:|1682023661\n|move|p1a: Garchomp|Protect|p1a: Garchomp\n|-singleturn|p1a: Garchomp|Protect\n|move|p2a: Anything (Viva!)|Drain Punch|p1a: Garchomp\n|-activate|p1a: Garchomp|move: Protect\n|move|p2b: \u042d\u0442\u0430\u0436\u0438-\u0421\u0443\u0434\u043d\u043e|Expanding Force|p1a: Garchomp|[spread] p1b\n|-activate|p1a: Garchomp|move: Protect\n|-damage|p1b: Salamence|8\/100\n|move|p1b: Salamence|Earthquake|p2a: Anything (Viva!)|[spread] p2a,p2b\n|-activate|p1a: Garchomp|move: Protect\n|-supereffective|p2a: Anything (Viva!)\n|-resisted|p2b: \u042d\u0442\u0430\u0436\u0438-\u0421\u0443\u0434\u043d\u043e\n|-damage|p2a: Anything (Viva!)|62\/100\n|-damage|p2b: \u042d\u0442\u0430\u0436\u0438-\u0421\u0443\u0434\u043d\u043e|29\/100\n|\n|-heal|p2a: Anything (Viva!)|68\/100|[from] item: Leftovers\n|upkeep\n|turn|5\n|\n|t:|1682023692\n|switch|p1a: Tinkaton|Tinkaton, L50, F|100\/100\n|-ability|p1a: Tinkaton|Mold Breaker\n|move|p2a: Anything (Viva!)|Drain Punch|p1b: Salamence\n|-resisted|p1b: Salamence\n|-damage|p1b: Salamence|0 fnt\n|-heal|p2a: Anything (Viva!)|71\/100|[from] drain|[of] p1b: Salamence\n|faint|p1b: Salamence\n|move|p2b: \u042d\u0442\u0430\u0436\u0438-\u0421\u0443\u0434\u043d\u043e|Expanding Force|p1a: Tinkaton\n|-resisted|p1a: Tinkaton\n|-damage|p1a: Tinkaton|65\/100\n|\n|-heal|p2a: Anything (Viva!)|77\/100|[from] item: Leftovers\n|-fieldend|move: Psychic Terrain\n|upkeep\n|\n|t:|1682023704\n|switch|p1b: Garchomp|Garchomp, L50, M|100\/100\n|turn|6\n|\n|t:|1682023728\n|-terastallize|p1b: Garchomp|Ground\n|move|p2a: Anything (Viva!)|Detect|p2a: Anything (Viva!)\n|-singleturn|p2a: Anything (Viva!)|Protect\n|move|p2b: \u042d\u0442\u0430\u0436\u0438-\u0421\u0443\u0434\u043d\u043e|Protect|p2b: \u042d\u0442\u0430\u0436\u0438-\u0421\u0443\u0434\u043d\u043e\n|-singleturn|p2b: \u042d\u0442\u0430\u0436\u0438-\u0421\u0443\u0434\u043d\u043e|Protect\n|move|p1a: Tinkaton|Fake Out|p2b: \u042d\u0442\u0430\u0436\u0438-\u0421\u0443\u0434\u043d\u043e\n|-activate|p2b: \u042d\u0442\u0430\u0436\u0438-\u0421\u0443\u0434\u043d\u043e|move: Protect\n|move|p1b: Garchomp|Earthquake|p2a: Anything (Viva!)|[spread] p1a\n|-activate|p2a: Anything (Viva!)|move: Protect\n|-activate|p2b: \u042d\u0442\u0430\u0436\u0438-\u0421\u0443\u0434\u043d\u043e|move: Protect\n|-supereffective|p1a: Tinkaton\n|-damage|p1a: Tinkaton|0 fnt\n|faint|p1a: Tinkaton\n|\n|-heal|p2a: Anything (Viva!)|83\/100|[from] item: Leftovers\n|upkeep\n|\n|t:|1682023735\n|switch|p1a: Revavroom|Revavroom, L50, M|100\/100\n|turn|7\n|\n|t:|1682023758\n|move|p1b: Garchomp|Protect|p1b: Garchomp\n|-singleturn|p1b: Garchomp|Protect\n|move|p2a: Anything (Viva!)|Drain Punch|p1b: Garchomp\n|-activate|p1b: Garchomp|move: Protect\n|move|p2b: \u042d\u0442\u0430\u0436\u0438-\u0421\u0443\u0434\u043d\u043e|Expanding Force|p1a: Revavroom\n|-damage|p1a: Revavroom|23\/100\n|move|p1a: Revavroom|Self-Destruct|p2a: Anything (Viva!)|[spread] p2a,p2b\n|-activate|p1b: Garchomp|move: Protect\n|-enditem|p1a: Revavroom|Normal Gem|[from] gem\n|-damage|p2a: Anything (Viva!)|36\/100\n|-damage|p2b: \u042d\u0442\u0430\u0436\u0438-\u0421\u0443\u0434\u043d\u043e|0 fnt\n|faint|p1a: Revavroom\n|faint|p2b: \u042d\u0442\u0430\u0436\u0438-\u0421\u0443\u0434\u043d\u043e\n|\n|-heal|p2a: Anything (Viva!)|42\/100|[from] item: Leftovers\n|-fieldend|move: Trick Room\n|upkeep\n|\n|t:|1682023776\n|switch|p2b: Hammer Fall|Torkoal, L50, F|100\/100\n|-weather|SunnyDay|[from] ability: Drought|[of] p2b: Hammer Fall\n|turn|8\n|\n|t:|1682023785\n|move|p1b: Garchomp|Earthquake|p2a: Anything (Viva!)|[spread] p2a,p2b\n|-supereffective|p2a: Anything (Viva!)\n|-supereffective|p2b: Hammer Fall\n|-damage|p2a: Anything (Viva!)|0 fnt\n|-damage|p2b: Hammer Fall|14\/100\n|faint|p2a: Anything (Viva!)\n|-end|p2a: Anything (Viva!)|Quark Drive|[silent]\n|move|p2b: Hammer Fall|Solar Beam||[still]\n|-prepare|p2b: Hammer Fall|Solar Beam\n|-anim|p2b: Hammer Fall|Solar Beam|p1b: Garchomp\n|-supereffective|p1b: Garchomp\n|-damage|p1b: Garchomp|31\/100\n|\n|-weather|SunnyDay|[upkeep]\n|upkeep\n|turn|9\n|-message|MeowBurgee forfeited.\n|\n|win|HildaisViscous\n|raw|HildaisViscous's rating: 1147 → 1176<\/strong> (+29 for winning)\n|raw|MeowBurgee's rating: 1210 → 1181<\/strong> (-29 for losing)\n|l|\u2606MeowBurgee\n|c|\u2606HildaisViscous|gg\n","uploadtime":1682023805,"views":10,"p1id":"hildaisviscous","p2id":"meowburgee","formatid":"gen9vgc2023regulationc","rating":1176,"private":0,"password":""}