{"id":"gen9vgc2023regulationc-1854663284","p1":"XJ09","p2":"Sloowbroo","format":"[Gen 9] VGC 2023 Regulation C","log":"|j|\u2606XJ09\n|j|\u2606Sloowbroo\n|t:|1682845972\n|gametype|doubles\n|player|p1|XJ09|cynthia|1155\n|player|p2|Sloowbroo|teamrocket|1226\n|teamsize|p1|6\n|teamsize|p2|6\n|gen|9\n|tier|[Gen 9] VGC 2023 Regulation C\n|rated|\n|rule|Species Clause: Limit one of each Pok\u00e9mon\n|rule|Item Clause: Limit one of each item\n|clearpoke\n|poke|p1|Roaring Moon, L50|\n|poke|p1|Garganacl, L50, F|\n|poke|p1|Ting-Lu, L50|\n|poke|p1|Gyarados, L50, M|\n|poke|p1|Annihilape, L50, M|\n|poke|p1|Glimmora, L50, F|\n|poke|p2|Breloom, L50, M|\n|poke|p2|Roaring Moon, L50|\n|poke|p2|Sylveon, L50, F|\n|poke|p2|Arcanine, L50, M|\n|poke|p2|Barraskewda, L50, F|\n|poke|p2|Zangoose, L50, M|\n|teampreview|4\n|inactive|Battle timer is ON: inactive players will automatically lose when time's up. (requested by Sloowbroo)\n|j| markfinch\n|l| markfinch\n|c|\u2606Sloowbroo|hf\n|inactive|Sloowbroo has 60 seconds left.\n|\n|t:|1682846005\n|start\n|switch|p1a: Roaring Moon|Roaring Moon, L50|100\/100\n|switch|p1b: Gyarados|Gyarados, L50, M|100\/100\n|switch|p2a: Roaring Moon|Roaring Moon, L50|100\/100\n|switch|p2b: Sylveon|Sylveon, L50, F, shiny|100\/100\n|-ability|p1b: Gyarados|Intimidate|boost\n|-unboost|p2a: Roaring Moon|atk|1\n|-unboost|p2b: Sylveon|atk|1\n|-enditem|p2a: Roaring Moon|Booster Energy\n|-activate|p2a: Roaring Moon|ability: Protosynthesis|[fromitem]\n|-start|p2a: Roaring Moon|protosynthesisspe\n|-enditem|p1a: Roaring Moon|Booster Energy\n|-activate|p1a: Roaring Moon|ability: Protosynthesis|[fromitem]\n|-start|p1a: Roaring Moon|protosynthesisspe\n|turn|1\n|inactive|XJ09 has 30 seconds left.\n|\n|t:|1682846032\n|-terastallize|p1a: Roaring Moon|Fairy\n|move|p2a: Roaring Moon|Protect|p2a: Roaring Moon\n|-singleturn|p2a: Roaring Moon|Protect\n|move|p1a: Roaring Moon|Snarl|p2a: Roaring Moon|[spread] p2b\n|-activate|p2a: Roaring Moon|move: Protect\n|-resisted|p2b: Sylveon\n|-damage|p2b: Sylveon|98\/100\n|-unboost|p2b: Sylveon|spa|1\n|move|p1b: Gyarados|Ice Fang|p2a: Roaring Moon\n|-activate|p2a: Roaring Moon|move: Protect\n|move|p2b: Sylveon|Hyper Voice|p1b: Gyarados|[spread] p1a,p1b\n|-damage|p1a: Roaring Moon|79\/100\n|-damage|p1b: Gyarados|72\/100\n|-enditem|p2b: Sylveon|Throat Spray\n|-boost|p2b: Sylveon|spa|1|[from] item: Throat Spray\n|\n|upkeep\n|turn|2\n|inactive|Sloowbroo has 30 seconds left.\n|\n|t:|1682846059\n|move|p2a: Roaring Moon|Tailwind|p2a: Roaring Moon\n|-sidestart|p2: Sloowbroo|move: Tailwind\n|move|p1a: Roaring Moon|Snarl|p2b: Sylveon|[spread] p2a,p2b\n|-resisted|p2a: Roaring Moon\n|-resisted|p2b: Sylveon\n|-damage|p2a: Roaring Moon|96\/100\n|-damage|p2b: Sylveon|95\/100\n|-unboost|p2a: Roaring Moon|spa|1\n|-unboost|p2b: Sylveon|spa|1\n|move|p1b: Gyarados|Ice Fang|p2a: Roaring Moon\n|-supereffective|p2a: Roaring Moon\n|-damage|p2a: Roaring Moon|38\/100\n|move|p2b: Sylveon|Hyper Voice|p1a: Roaring Moon|[spread] p1a,p1b\n|-damage|p1a: Roaring Moon|56\/100\n|-damage|p1b: Gyarados|44\/100\n|\n|upkeep\n|turn|3\n|inactive|XJ09 has 30 seconds left.\n|\n|t:|1682846084\n|move|p2a: Roaring Moon|Acrobatics|p1b: Gyarados\n|-damage|p1b: Gyarados|13\/100\n|move|p1a: Roaring Moon|Snarl|p2b: Sylveon|[spread] p2a,p2b\n|-resisted|p2a: Roaring Moon\n|-resisted|p2b: Sylveon\n|-damage|p2a: Roaring Moon|34\/100\n|-damage|p2b: Sylveon|92\/100\n|-unboost|p2a: Roaring Moon|spa|1\n|-unboost|p2b: Sylveon|spa|1\n|move|p1b: Gyarados|Ice Fang|p2a: Roaring Moon\n|-supereffective|p2a: Roaring Moon\n|-damage|p2a: Roaring Moon|0 fnt\n|faint|p2a: Roaring Moon\n|-end|p2a: Roaring Moon|Protosynthesis|[silent]\n|move|p2b: Sylveon|Hyper Voice|p1a: Roaring Moon|[spread] p1a,p1b\n|-damage|p1a: Roaring Moon|39\/100\n|-damage|p1b: Gyarados|0 fnt\n|faint|p1b: Gyarados\n|\n|upkeep\n|inactive|Sloowbroo has 30 seconds left.\n|\n|t:|1682846115\n|switch|p2a: Zangoose|Zangoose, L50, M, shiny|100\/100\n|switch|p1b: Ting-Lu|Ting-Lu, L50|100\/100\n|-ability|p1b: Ting-Lu|Vessel of Ruin\n|turn|4\n|\n|t:|1682846137\n|move|p1a: Roaring Moon|Protect|p1a: Roaring Moon\n|-singleturn|p1a: Roaring Moon|Protect\n|move|p2a: Zangoose|Aerial Ace|p1a: Roaring Moon\n|-activate|p1a: Roaring Moon|move: Protect\n|move|p2b: Sylveon|Hyper Voice|p1b: Ting-Lu|[spread] p1b\n|-activate|p1a: Roaring Moon|move: Protect\n|-supereffective|p1b: Ting-Lu\n|-damage|p1b: Ting-Lu|82\/100\n|move|p1b: Ting-Lu|Fissure|p2b: Sylveon\n|-damage|p2b: Sylveon|0 fnt\n|faint|p2b: Sylveon\n|-ohko\n|\n|-status|p2a: Zangoose|tox|[from] item: Toxic Orb\n|upkeep\n|\n|t:|1682846142\n|switch|p2b: Breloom|Breloom, L50, M, shiny|100\/100\n|turn|5\n|inactive|XJ09 has 30 seconds left.\n|\n|t:|1682846168\n|-end|p1a: Roaring Moon|Protosynthesis|[silent]\n|switch|p1a: Annihilape|Annihilape, L50, M|100\/100\n|move|p2a: Zangoose|Facade|p1a: Annihilape\n|-immune|p1a: Annihilape\n|move|p2b: Breloom|Spore|p1b: Ting-Lu\n|-status|p1b: Ting-Lu|slp|[from] move: Spore\n|cant|p1b: Ting-Lu|slp\n|\n|-damage|p2a: Zangoose|94\/100 tox|[from] psn\n|-sideend|p2: Sloowbroo|move: Tailwind\n|upkeep\n|turn|6\n|inactive|XJ09 has 30 seconds left.\n|inactive|XJ09 has 20 seconds left.\n|\n|t:|1682846205\n|move|p1a: Annihilape|Protect|p1a: Annihilape\n|-singleturn|p1a: Annihilape|Protect\n|move|p2b: Breloom|Mach Punch|p1b: Ting-Lu\n|-supereffective|p1b: Ting-Lu\n|-damage|p1b: Ting-Lu|47\/100 slp\n|move|p2a: Zangoose|Switcheroo|p1a: Annihilape\n|-activate|p1a: Annihilape|move: Protect\n|cant|p1b: Ting-Lu|slp\n|\n|-damage|p2a: Zangoose|82\/100 tox|[from] psn\n|upkeep\n|turn|7\n|inactive|XJ09 has 30 seconds left.\n|\n|t:|1682846235\n|move|p2b: Breloom|Mach Punch|p1b: Ting-Lu\n|-supereffective|p1b: Ting-Lu\n|-damage|p1b: Ting-Lu|15\/100 slp\n|move|p2a: Zangoose|Switcheroo|p1a: Annihilape\n|-activate|p2a: Zangoose|move: Trick|[of] p1a: Annihilape\n|-item|p1a: Annihilape|Toxic Orb|[from] move: Switcheroo\n|-item|p2a: Zangoose|Salac Berry|[from] move: Switcheroo\n|move|p1a: Annihilape|Drain Punch|p2a: Zangoose\n|-supereffective|p2a: Zangoose\n|-damage|p2a: Zangoose|0 fnt\n|faint|p2a: Zangoose\n|cant|p1b: Ting-Lu|slp\n|\n|-status|p1a: Annihilape|tox|[from] item: Toxic Orb\n|upkeep\n|turn|8\n|inactive|XJ09 has 30 seconds left.\n|\n|t:|1682846265\n|switch|p1b: Roaring Moon|Roaring Moon, L50, tera:Fairy|39\/100\n|move|p2b: Breloom|Mach Punch|p1b: Roaring Moon\n|-resisted|p1b: Roaring Moon\n|-crit|p1b: Roaring Moon\n|-damage|p1b: Roaring Moon|18\/100\n|move|p1a: Annihilape|Bulk Up|p1a: Annihilape\n|-boost|p1a: Annihilape|atk|1\n|-boost|p1a: Annihilape|def|1\n|\n|-damage|p1a: Annihilape|94\/100 tox|[from] psn\n|upkeep\n|turn|9\n|\n|t:|1682846282\n|move|p1b: Roaring Moon|Protect|p1b: Roaring Moon\n|-singleturn|p1b: Roaring Moon|Protect\n|move|p2b: Breloom|Mach Punch|p1b: Roaring Moon\n|-activate|p1b: Roaring Moon|move: Protect\n|move|p1a: Annihilape|Drain Punch|p2b: Breloom\n|-damage|p2b: Breloom|36\/100\n|-heal|p1a: Annihilape|100\/100 tox|[from] drain|[of] p2b: Breloom\n|\n|-heal|p2b: Breloom|42\/100|[from] item: Leftovers\n|-damage|p1a: Annihilape|88\/100 tox|[from] psn\n|upkeep\n|turn|10\n|\n|t:|1682846298\n|move|p2b: Breloom|Mach Punch|p1b: Roaring Moon\n|-resisted|p1b: Roaring Moon\n|-damage|p1b: Roaring Moon|3\/100\n|move|p1b: Roaring Moon|Breaking Swipe|p2b: Breloom\n|-damage|p2b: Breloom|10\/100\n|-unboost|p2b: Breloom|atk|1\n|move|p1a: Annihilape|Drain Punch|p2b: Breloom\n|-damage|p2b: Breloom|0 fnt\n|-heal|p1a: Annihilape|92\/100 tox|[from] drain|[of] p2b: Breloom\n|faint|p2b: Breloom\n|\n|win|XJ09\n|raw|XJ09's rating: 1155 → 1185<\/strong> (+30 for winning)\n|raw|Sloowbroo's rating: 1226 → 1196<\/strong> (-30 for losing)\n|c|\u2606XJ09|Gg\n|l|\u2606Sloowbroo\n","uploadtime":1682846321,"views":14,"p1id":"xj09","p2id":"sloowbroo","formatid":"gen9vgc2023regulationc","rating":1185,"private":0,"password":""}