{"id":"gen9vgc2023regulationc-1862844957","p1":"not sasha","p2":"BaltimoreBuizels","format":"[Gen 9] VGC 2023 Regulation C","log":"|j|\u2606not sasha\n|j|\u2606BaltimoreBuizels\n|t:|1683928468\n|gametype|doubles\n|player|p1|not sasha|wallace|1183\n|player|p2|BaltimoreBuizels|flannery|1175\n|teamsize|p1|6\n|teamsize|p2|6\n|gen|9\n|tier|[Gen 9] VGC 2023 Regulation C\n|rated|\n|rule|Species Clause: Limit one of each Pok\u00e9mon\n|rule|Item Clause: Limit one of each item\n|clearpoke\n|poke|p1|Maushold, L50|\n|poke|p1|Tatsugiri-Stretchy, L50, M|\n|poke|p1|Dragonite, L50, F|\n|poke|p1|Arcanine, L50, M|\n|poke|p1|Clodsire, L50, M|\n|poke|p1|Flutter Mane, L50|\n|poke|p2|Dragapult, L50, M|\n|poke|p2|Chien-Pao, L50|\n|poke|p2|Talonflame, L50, F|\n|poke|p2|Iron Bundle, L50|\n|poke|p2|Flutter Mane, L50|\n|poke|p2|Amoonguss, L50, M|\n|teampreview|4\n|inactive|Battle timer is ON: inactive players will automatically lose when time's up. (requested by not sasha)\n|inactive|BaltimoreBuizels has 60 seconds left.\n|\n|t:|1683928505\n|start\n|switch|p1a: Maushold|Maushold, L50|100\/100\n|switch|p1b: Flutter Mane|Flutter Mane, L50|100\/100\n|switch|p2a: Taloncott|Talonflame, L50, F, shiny|100\/100\n|switch|p2b: Whimsi-Pao|Chien-Pao, L50|100\/100\n|-ability|p2b: Whimsi-Pao|Sword of Ruin\n|turn|1\n|\n|t:|1683928522\n|move|p2a: Taloncott|Brave Bird|p1b: Flutter Mane\n|-damage|p1b: Flutter Mane|45\/100\n|-damage|p2a: Taloncott|84\/100|[from] Recoil\n|move|p2b: Whimsi-Pao|Sacred Sword|p1a: Maushold\n|-supereffective|p1a: Maushold\n|-damage|p1a: Maushold|0 fnt\n|faint|p1a: Maushold\n|move|p1b: Flutter Mane|Dazzling Gleam|p2a: Taloncott|[spread] p2a,p2b\n|-resisted|p2a: Taloncott\n|-supereffective|p2b: Whimsi-Pao\n|-damage|p2a: Taloncott|64\/100\n|-damage|p2b: Whimsi-Pao|4\/100\n|\n|upkeep\n|\n|t:|1683928530\n|switch|p1a: Arcanine|Arcanine, L50, M|100\/100\n|-ability|p1a: Arcanine|Intimidate|boost\n|-unboost|p2a: Taloncott|atk|1\n|-unboost|p2b: Whimsi-Pao|atk|1\n|turn|2\n|\n|t:|1683928548\n|move|p1a: Arcanine|Extreme Speed|p2a: Taloncott\n|-damage|p2a: Taloncott|23\/100\n|move|p2b: Whimsi-Pao|Sucker Punch|p1b: Flutter Mane\n|-damage|p1b: Flutter Mane|2\/100\n|move|p2a: Taloncott|Brave Bird|p1b: Flutter Mane\n|-damage|p1b: Flutter Mane|0 fnt\n|faint|p1b: Flutter Mane\n|-end|p1b: Flutter Mane|Protosynthesis|[silent]\n|-damage|p2a: Taloncott|23\/100|[from] Recoil\n|\n|upkeep\n|\n|t:|1683928555\n|switch|p1b: Clodsire|Clodsire, L50, M|100\/100\n|turn|3\n|\n|t:|1683928571\n|move|p1a: Arcanine|Extreme Speed|p2b: Whimsi-Pao\n|-damage|p2b: Whimsi-Pao|0 fnt\n|faint|p2b: Whimsi-Pao\n|move|p2a: Taloncott|Taunt|p1b: Clodsire\n|-start|p1b: Clodsire|move: Taunt\n|move|p1b: Clodsire|Gunk Shot|p2a: Taloncott\n|-damage|p2a: Taloncott|0 fnt\n|faint|p2a: Taloncott\n|\n|upkeep\n|\n|t:|1683928575\n|switch|p2b: Fluttercott|Flutter Mane, L50, shiny|100\/100\n|switch|p2a: Gimbob|Iron Bundle, L50, shiny|100\/100\n|-enditem|p2a: Gimbob|Booster Energy\n|-activate|p2a: Gimbob|ability: Quark Drive|[fromitem]\n|-start|p2a: Gimbob|quarkdrivespe\n|turn|4\n|\n|t:|1683928585\n|-terastallize|p2b: Fluttercott|Water\n|-terastallize|p1a: Arcanine|Normal\n|move|p2a: Gimbob|Hydro Pump|p1a: Arcanine\n|-damage|p1a: Arcanine|41\/100\n|move|p2b: Fluttercott|Psyshock|p1b: Clodsire\n|-supereffective|p1b: Clodsire\n|-damage|p1b: Clodsire|7\/100\n|move|p1a: Arcanine|Close Combat|p2a: Gimbob\n|-supereffective|p2a: Gimbob\n|-damage|p2a: Gimbob|1\/100\n|-unboost|p1a: Arcanine|def|1\n|-unboost|p1a: Arcanine|spd|1\n|move|p1b: Clodsire|Gunk Shot|p2b: Fluttercott\n|-damage|p2b: Fluttercott|56\/100\n|\n|-heal|p1b: Clodsire|13\/100|[from] item: Leftovers\n|upkeep\n|turn|5\n|\n|t:|1683928605\n|move|p1a: Arcanine|Extreme Speed|p2a: Gimbob\n|-damage|p2a: Gimbob|0 fnt\n|faint|p2a: Gimbob\n|-end|p2a: Gimbob|Quark Drive|[silent]\n|move|p2b: Fluttercott|Psyshock|p1a: Arcanine\n|-damage|p1a: Arcanine|0 fnt\n|faint|p1a: Arcanine\n|move|p1b: Clodsire|Gunk Shot|p2b: Fluttercott\n|-damage|p2b: Fluttercott|12\/100\n|\n|-heal|p1b: Clodsire|19\/100|[from] item: Leftovers\n|-end|p1b: Clodsire|move: Taunt\n|upkeep\n|turn|6\n|\n|t:|1683928615\n|move|p2b: Fluttercott|Psyshock|p1b: Clodsire\n|-supereffective|p1b: Clodsire\n|-damage|p1b: Clodsire|0 fnt\n|faint|p1b: Clodsire\n|\n|win|BaltimoreBuizels\n|raw|not sasha's rating: 1183 → 1157<\/strong> (-26 for losing)\n|raw|BaltimoreBuizels's rating: 1175 → 1201<\/strong> (+26 for winning)\n","uploadtime":1683928621,"views":9,"p1id":"notsasha","p2id":"baltimorebuizels","formatid":"gen9vgc2023regulationc","rating":1157,"private":0,"password":""}