{"id":"gen9vgc2023regulationc-1858135187","p1":"johnny six shot","p2":"Confusianesimo","format":"[Gen 9] VGC 2023 Regulation C","log":"|j|\u2606johnny six shot\n|j|\u2606Confusianesimo\n|t:|1683281356\n|gametype|doubles\n|player|p1|johnny six shot|lance-gen2|\n|player|p2|Confusianesimo|cyclist|\n|teamsize|p1|6\n|teamsize|p2|6\n|gen|9\n|tier|[Gen 9] VGC 2023 Regulation C\n|rated|Tournament battle\n|rule|Species Clause: Limit one of each Pok\u00e9mon\n|rule|Item Clause: Limit one of each item\n|clearpoke\n|poke|p1|Grimmsnarl, L50, M|\n|poke|p1|Flutter Mane, L50|\n|poke|p1|Bombirdier, L50, M|\n|poke|p1|Florges-White, L50, F|\n|poke|p1|Garganacl, L50, M|\n|poke|p1|Dragonite, L50, M|\n|poke|p2|Iron Hands, L50|\n|poke|p2|Ting-Lu, L50|\n|poke|p2|Amoonguss, L50, M|\n|poke|p2|Gyarados, L50, M|\n|poke|p2|Iron Bundle, L50|\n|poke|p2|Flutter Mane, L50|\n|teampreview|4\n|raw| Open Team Sheet for johnny six shot<\/summary>Grimmsnarl (M) @ Light Clay Ability: Prankster Level: 50 Tera Type: Ghost - Spirit Break - Reflect - Light Screen - Taunt Flutter Mane @ Focus Sash Ability: Protosynthesis Level: 50 Tera Type: Fairy - Shadow Ball - Moonblast - Mystical Fire - Psyshock Bombirdier (M) @ Weakness Policy Ability: Rocky Payload Level: 50 Shiny: Yes Tera Type: Rock - Rock Slide - Drill Run - Brave Bird - Knock Off Florges (Florges-White) (F) @ Choice Scarf Ability: Symbiosis Level: 50 Shiny: Yes Tera Type: Fairy - Trailblaze - Dazzling Gleam - Helping Hand - Protect Garganacl @ Leftovers Ability: Purifying Salt Level: 50 Tera Type: Ghost - Salt Cure - Recover - Wide Guard - Protect Dragonite @ Silk Scarf Ability: Multiscale Level: 50 Shiny: Yes Tera Type: Normal - Extreme Speed - Dragon Dance - Rock Slide - Ice Spinner <\/details><\/div> Open Team Sheet for Confusianesimo<\/summary>Manoferrea (Iron Hands) @ Safety Goggles Ability: Quark Drive Level: 50 Tera Type: Fire - Detect - Drain Punch - Wild Charge - Swords Dance Ting-Lu @ Assault Vest Ability: Vessel of Ruin Level: 50 Tera Type: Ground - Stomping Tantrum - Ruination - Heavy Slam - Earthquake Amoonguss @ Sitrus Berry Ability: Regenerator Level: 50 Tera Type: Water - Pollen Puff - Spore - Rage Powder - Clear Smog Gyarados @ Aguav Berry Ability: Intimidate Level: 50 Tera Type: Poison - Waterfall - Helping Hand - Taunt - Thunder Wave Saccoferreo (Iron Bundle) @ Booster Energy Ability: Quark Drive Level: 50 Tera Type: Ghost - Freeze-Dry - Hydro Pump - Icy Wind - Protect Crinealato (Flutter Mane) @ Focus Sash Ability: Protosynthesis Level: 50 Tera Type: Fairy - Moonblast - Shadow Ball - Dazzling Gleam - Protect <\/details><\/div>\n|c|\u2606johnny six shot|glhf\n|c|\u2606Confusianesimo|glhf\n|\n|t:|1683281405\n|start\n|switch|p1a: Bombirdier|Bombirdier, L50, M, shiny|100\/100\n|switch|p1b: Florges|Florges-White, L50, F, shiny|100\/100\n|switch|p2a: Amoonguss|Amoonguss, L50, M|100\/100\n|switch|p2b: Crinealato|Flutter Mane, L50|100\/100\n|turn|1\n|\n|t:|1683281423\n|-terastallize|p1a: Bombirdier|Rock\n|move|p2a: Amoonguss|Rage Powder|p2a: Amoonguss\n|-singleturn|p2a: Amoonguss|move: Rage Powder\n|move|p1b: Florges|Trailblaze|p2a: Amoonguss\n|-resisted|p2a: Amoonguss\n|-damage|p2a: Amoonguss|99\/100\n|-boost|p1b: Florges|spe|1\n|move|p2b: Crinealato|Dazzling Gleam|p1a: Bombirdier|[spread] p1a,p1b\n|-crit|p1b: Florges\n|-damage|p1a: Bombirdier|48\/100\n|-damage|p1b: Florges|57\/100\n|move|p1a: Bombirdier|Rock Slide|p2a: Amoonguss|[spread] p2a,p2b\n|-damage|p2a: Amoonguss|70\/100\n|-damage|p2b: Crinealato|22\/100\n|\n|upkeep\n|turn|2\n|\n|t:|1683281444\n|move|p2a: Amoonguss|Rage Powder|p2a: Amoonguss\n|-singleturn|p2a: Amoonguss|move: Rage Powder\n|move|p1b: Florges|Trailblaze|p2a: Amoonguss\n|-resisted|p2a: Amoonguss\n|-damage|p2a: Amoonguss|69\/100\n|-boost|p1b: Florges|spe|1\n|move|p2b: Crinealato|Dazzling Gleam|p1a: Bombirdier|[spread] p1a,p1b\n|-damage|p1a: Bombirdier|0 fnt\n|-damage|p1b: Florges|29\/100\n|faint|p1a: Bombirdier\n|\n|upkeep\n|\n|t:|1683281459\n|switch|p1a: Flutter Mane|Flutter Mane, L50|100\/100\n|turn|3\n|\n|t:|1683281486\n|switch|p1b: Garganacl|Garganacl, L50, M|100\/100\n|move|p2b: Crinealato|Protect|p2b: Crinealato\n|-singleturn|p2b: Crinealato|Protect\n|move|p1a: Flutter Mane|Mystical Fire|p2a: Amoonguss\n|-supereffective|p2a: Amoonguss\n|-damage|p2a: Amoonguss|19\/100\n|-unboost|p2a: Amoonguss|spa|1\n|-enditem|p2a: Amoonguss|Sitrus Berry|[eat]\n|-heal|p2a: Amoonguss|44\/100|[from] item: Sitrus Berry\n|move|p2a: Amoonguss|Spore|p1a: Flutter Mane\n|-status|p1a: Flutter Mane|slp|[from] move: Spore\n|\n|upkeep\n|turn|4\n|\n|t:|1683281511\n|cant|p1a: Flutter Mane|slp\n|move|p2b: Crinealato|Shadow Ball|p1a: Flutter Mane\n|-supereffective|p1a: Flutter Mane\n|-enditem|p1a: Flutter Mane|Focus Sash\n|-damage|p1a: Flutter Mane|1\/100 slp\n|move|p1b: Garganacl|Salt Cure|p2b: Crinealato\n|-damage|p2b: Crinealato|0 fnt\n|faint|p2b: Crinealato\n|-end|p2b: Crinealato|Protosynthesis|[silent]\n|move|p2a: Amoonguss|Pollen Puff|p2: Crinealato|[notarget]\n|-fail|p2a: Amoonguss\n|\n|upkeep\n|\n|t:|1683281520\n|switch|p2b: Manoferrea|Iron Hands, L50|100\/100\n|turn|5\n|\n|t:|1683281527\n|move|p1b: Garganacl|Protect|p1b: Garganacl\n|-singleturn|p1b: Garganacl|Protect\n|cant|p1a: Flutter Mane|slp\n|move|p2b: Manoferrea|Swords Dance|p2b: Manoferrea\n|-boost|p2b: Manoferrea|atk|2\n|move|p2a: Amoonguss|Pollen Puff|p1a: Flutter Mane\n|-resisted|p1a: Flutter Mane\n|-damage|p1a: Flutter Mane|0 fnt\n|faint|p1a: Flutter Mane\n|-end|p1a: Flutter Mane|Protosynthesis|[silent]\n|\n|upkeep\n|\n|t:|1683281536\n|switch|p1a: Florges|Florges-White, L50, F, shiny|29\/100\n|turn|6\n|\n|t:|1683281570\n|-terastallize|p2b: Manoferrea|Fire\n|move|p1a: Florges|Dazzling Gleam|p2b: Manoferrea|[spread] p2a,p2b\n|-resisted|p2a: Amoonguss\n|-resisted|p2b: Manoferrea\n|-damage|p2a: Amoonguss|32\/100\n|-damage|p2b: Manoferrea|89\/100\n|move|p2b: Manoferrea|Drain Punch|p1b: Garganacl\n|-supereffective|p1b: Garganacl\n|-damage|p1b: Garganacl|0 fnt\n|-heal|p2b: Manoferrea|100\/100|[from] drain|[of] p1b: Garganacl\n|faint|p1b: Garganacl\n|move|p2a: Amoonguss|Spore|p1a: Florges\n|-status|p1a: Florges|slp|[from] move: Spore\n|\n|upkeep\n|turn|7\n|c|\u2606johnny six shot|gg\n|\n|t:|1683281585\n|cant|p1a: Florges|slp\n|move|p2b: Manoferrea|Wild Charge|p1a: Florges\n|-damage|p1a: Florges|0 fnt\n|faint|p1a: Florges\n|-damage|p2b: Manoferrea|96\/100|[from] Recoil\n|\n|win|Confusianesimo\n|n|\u2606johnny six shot|johnnysixshot\n|n|\u2606Confusianesimo|confusianesimo\n","uploadtime":1683281586,"views":15,"p1id":"johnnysixshot","p2id":"confusianesimo","formatid":"gen9vgc2023regulationc","rating":0,"private":0,"password":""}