{"id":"gen9vgc2023regulationc-1858186407","p1":"Arcacagne","p2":"Shadowgames2800","format":"[Gen 9] VGC 2023 Regulation C","log":"|j|\u2606Arcacagne\n|j|\u2606Shadowgames2800\n|t:|1683288653\n|gametype|doubles\n|player|p1|Arcacagne|1|1238\n|player|p2|Shadowgames2800|101|1210\n|teamsize|p1|6\n|teamsize|p2|6\n|gen|9\n|tier|[Gen 9] VGC 2023 Regulation C\n|rated|\n|rule|Species Clause: Limit one of each Pok\u00e9mon\n|rule|Item Clause: Limit one of each item\n|clearpoke\n|poke|p1|Chi-Yu, L50|\n|poke|p1|Flutter Mane, L50|\n|poke|p1|Amoonguss, L50, M|\n|poke|p1|Palafin, L50, F|\n|poke|p1|Kingambit, L50, M|\n|poke|p1|Arcanine, L50, M|\n|poke|p2|Abomasnow, L50, M|\n|poke|p2|Iron Bundle, L50|\n|poke|p2|Chi-Yu, L50|\n|poke|p2|Flutter Mane, L50|\n|poke|p2|Dragonite, L50, F|\n|poke|p2|Vivillon-Fancy, L50, F|\n|teampreview|4\nArcacagne has agreed to open team sheets.\n|\n|t:|1683288703\n|start\n|switch|p1a: Kingambit|Kingambit, L50, M|100\/100\n|switch|p1b: Palafin|Palafin, L50, F|100\/100\n|switch|p2a: Abomasnow|Abomasnow, L50, M|100\/100\n|switch|p2b: Iron Bundle|Iron Bundle, L50|100\/100\n|-weather|Snow|[from] ability: Snow Warning|[of] p2a: Abomasnow\n|-enditem|p2b: Iron Bundle|Booster Energy\n|-activate|p2b: Iron Bundle|ability: Quark Drive|[fromitem]\n|-start|p2b: Iron Bundle|quarkdrivespe\n|turn|1\n|\n|t:|1683288727\n|move|p1b: Palafin|Protect|p1b: Palafin\n|-singleturn|p1b: Palafin|Protect\n|move|p2b: Iron Bundle|Aurora Veil|p2b: Iron Bundle\n|-sidestart|p2: Shadowgames2800|move: Aurora Veil\n|move|p2a: Abomasnow|Earth Power|p1a: Kingambit\n|-supereffective|p1a: Kingambit\n|-damage|p1a: Kingambit|55\/100\n|move|p1a: Kingambit|Iron Head|p2b: Iron Bundle\n|-damage|p2b: Iron Bundle|77\/100\n|\n|-weather|Snow|[upkeep]\n|upkeep\n|turn|2\n|\n|t:|1683288749\n|detailschange|p1b: Palafin|Palafin-Hero, L50, F\n|switch|p1b: Arcanine|Arcanine, L50, M|100\/100\n|-ability|p1b: Arcanine|Intimidate|boost\n|-unboost|p2a: Abomasnow|atk|1\n|-unboost|p2b: Iron Bundle|atk|1\n|-terastallize|p1a: Kingambit|Water\n|move|p2b: Iron Bundle|Blizzard|p1b: Arcanine|[spread] p1a,p1b\n|-resisted|p1a: Kingambit\n|-resisted|p1b: Arcanine\n|-damage|p1a: Kingambit|39\/100\n|-damage|p1b: Arcanine|82\/100\n|move|p2a: Abomasnow|Earth Power|p1a: Kingambit\n|-damage|p1a: Kingambit|14\/100\n|move|p1a: Kingambit|Swords Dance|p1a: Kingambit\n|-boost|p1a: Kingambit|atk|2\n|\n|-weather|Snow|[upkeep]\n|upkeep\n|turn|3\n|\n|t:|1683288771\n|-terastallize|p2a: Abomasnow|Ground\n|move|p1a: Kingambit|Sucker Punch|p2b: Iron Bundle\n|-damage|p2b: Iron Bundle|36\/100\n|move|p2b: Iron Bundle|Blizzard|p1b: Arcanine|[spread] p1a,p1b\n|-resisted|p1a: Kingambit\n|-resisted|p1b: Arcanine\n|-damage|p1a: Kingambit|0 fnt\n|-damage|p1b: Arcanine|64\/100\n|faint|p1a: Kingambit\n|move|p1b: Arcanine|Flare Blitz|p2a: Abomasnow\n|-damage|p2a: Abomasnow|69\/100\n|-damage|p1b: Arcanine|54\/100|[from] Recoil\n|move|p2a: Abomasnow|Earth Power|p1b: Arcanine\n|-supereffective|p1b: Arcanine\n|-damage|p1b: Arcanine|0 fnt\n|faint|p1b: Arcanine\n|\n|-weather|Snow|[upkeep]\n|upkeep\n|\n|t:|1683288788\n|switch|p1b: Flutter Mane|Flutter Mane, L50|100\/100\n|switch|p1a: Palafin|Palafin-Hero, L50, F|100\/100\n|-activate|p1a: Palafin|ability: Zero to Hero\n|-enditem|p1b: Flutter Mane|Booster Energy\n|-activate|p1b: Flutter Mane|ability: Protosynthesis|[fromitem]\n|-start|p1b: Flutter Mane|protosynthesisspa\n|turn|4\n|\n|t:|1683288800\n|move|p1a: Palafin|Jet Punch|p2b: Iron Bundle\n|-resisted|p2b: Iron Bundle\n|-damage|p2b: Iron Bundle|25\/100\n|move|p2b: Iron Bundle|Icy Wind|p1a: Palafin|[spread] p1a\n|-miss|p2b: Iron Bundle|p1b: Flutter Mane\n|-resisted|p1a: Palafin\n|-damage|p1a: Palafin|90\/100\n|-unboost|p1a: Palafin|spe|1\n|move|p1b: Flutter Mane|Moonblast|p2a: Abomasnow\n|-damage|p2a: Abomasnow|40\/100\n|move|p2a: Abomasnow|Leaf Storm|p1a: Palafin\n|-supereffective|p1a: Palafin\n|-damage|p1a: Palafin|0 fnt\n|-unboost|p2a: Abomasnow|spa|2\n|faint|p1a: Palafin\n|\n|-weather|Snow|[upkeep]\n|upkeep\n|turn|5\n|\n|t:|1683288828\n|move|p2b: Iron Bundle|Blizzard|p1b: Flutter Mane\n|-damage|p1b: Flutter Mane|54\/100\n|move|p1b: Flutter Mane|Moonblast|p2b: Iron Bundle\n|-damage|p2b: Iron Bundle|0 fnt\n|faint|p2b: Iron Bundle\n|-end|p2b: Iron Bundle|Quark Drive|[silent]\n|move|p2a: Abomasnow|Blizzard|p1b: Flutter Mane\n|-damage|p1b: Flutter Mane|32\/100\n|\n|-weather|none\n|-sideend|p2: Shadowgames2800|move: Aurora Veil\n|upkeep\n|inactive|Battle timer is ON: inactive players will automatically lose when time's up. (requested by Arcacagne)\n|\n|t:|1683288843\n|switch|p2b: Flutter Mane|Flutter Mane, L50|100\/100\n|turn|6\n|\n|t:|1683288858\n|move|p2b: Flutter Mane|Moonblast|p1b: Flutter Mane\n|-damage|p1b: Flutter Mane|0 fnt\n|faint|p1b: Flutter Mane\n|-end|p1b: Flutter Mane|Protosynthesis|[silent]\n|\n|win|Shadowgames2800\n|raw|Arcacagne's rating: 1238 → 1211<\/strong> (-27 for losing)\n|raw|Shadowgames2800's rating: 1210 → 1237<\/strong> (+27 for winning)\n","uploadtime":1683288868,"views":17,"p1id":"arcacagne","p2id":"shadowgames2800","formatid":"gen9vgc2023regulationc","rating":1211,"private":0,"password":""}