{"id":"gen9vgc2023regulationc-1846986669","p1":"ScraggypantsYT","p2":"salamencetv","format":"[Gen 9] VGC 2023 Regulation C","log":"|j|\u2606ScraggypantsYT\n|j|\u2606salamencetv\n|t:|1681909159\n|gametype|doubles\n|player|p1|ScraggypantsYT|plasmagrunt|\n|player|p2|salamencetv|pryce|\n|teamsize|p1|6\n|teamsize|p2|6\n|gen|9\n|tier|[Gen 9] VGC 2023 Regulation C\n|rule|Species Clause: Limit one of each Pok\u00e9mon\n|rule|Item Clause: Limit one of each item\n|clearpoke\n|poke|p1|Pelipper, L50, F|\n|poke|p1|Barraskewda, L50, M|\n|poke|p1|Magneton, L50|\n|poke|p1|Garganacl, L50, M|\n|poke|p1|Houndstone, L50, F|\n|poke|p1|Slowbro, L50, M|\n|poke|p2|Cetitan, L50, M|\n|poke|p2|Slowking, L50, M|\n|poke|p2|Gholdengo, L50|\n|poke|p2|Brute Bonnet, L50|\n|poke|p2|Garchomp, L50, M|\n|poke|p2|Sylveon, L50, F|\n|teampreview|4\n|c|\u2606ScraggypantsYT|glhf\n|c|\u2606salamencetv|GLHF G1\n|c|\u2606salamencetv|Lets set up all games\n|\n|t:|1681909338\n|start\n|switch|p1a: Make It Rain|Pelipper, L50, F|100\/100\n|switch|p1b: Final Gambit|Barraskewda, L50, M|100\/100\n|switch|p2a: Turban|Slowking, L50, M|100\/100\n|switch|p2b: OONGABOONGUS|Brute Bonnet, L50|100\/100\n|-weather|RainDance|[from] ability: Drizzle|[of] p1a: Make It Rain\n|turn|1\n|\n|t:|1681909368\n|move|p2b: OONGABOONGUS|Protect|p2b: OONGABOONGUS\n|-singleturn|p2b: OONGABOONGUS|Protect\n|move|p1b: Final Gambit|Poison Jab|p2b: OONGABOONGUS\n|-activate|p2b: OONGABOONGUS|move: Protect\n|move|p1a: Make It Rain|Hurricane|p2b: OONGABOONGUS\n|-activate|p2b: OONGABOONGUS|move: Protect\n|move|p2a: Turban|Trick Room|p2a: Turban\n|-fieldstart|move: Trick Room|[of] p2a: Turban\n|\n|-weather|RainDance|[upkeep]\n|upkeep\n|turn|2\n|\n|t:|1681909394\n|-terastallize|p2b: OONGABOONGUS|Grass\n|move|p2a: Turban|Grass Knot|p1a: Make It Rain\n|-damage|p1a: Make It Rain|81\/100\n|move|p2b: OONGABOONGUS|Bullet Seed|p1a: Make It Rain\n|-damage|p1a: Make It Rain|66\/100\n|-damage|p1a: Make It Rain|51\/100\n|-damage|p1a: Make It Rain|37\/100\n|-damage|p1a: Make It Rain|21\/100\n|-hitcount|p1a: Make It Rain|4\n|move|p1a: Make It Rain|U-turn|p2a: Turban\n|-supereffective|p2a: Turban\n|-damage|p2a: Turban|86\/100\n|\n|t:|1681909410\n|switch|p1a: Boltz|Magneton, L50, shiny|100\/100|[from] U-turn\n|move|p1b: Final Gambit|Poison Jab|p2b: OONGABOONGUS\n|-supereffective|p2b: OONGABOONGUS\n|-damage|p2b: OONGABOONGUS|55\/100\n|\n|-weather|RainDance|[upkeep]\n|upkeep\n|turn|3\n|\n|t:|1681909437\n|switch|p1b: Make It Rain|Pelipper, L50, F|21\/100\n|move|p2a: Turban|Hydro Pump|p1a: Boltz\n|-damage|p1a: Boltz|37\/100\n|move|p2b: OONGABOONGUS|Bullet Seed|p1b: Make It Rain\n|-damage|p1b: Make It Rain|7\/100\n|-damage|p1b: Make It Rain|0 fnt\n|faint|p1b: Make It Rain\n|-hitcount|p1: Make It Rain|2\n|move|p1a: Boltz|Thunder Wave|p2a: Turban\n|-status|p2a: Turban|par\n|\n|-weather|RainDance|[upkeep]\n|upkeep\n|\n|t:|1681909452\n|switch|p1b: Final Gambit|Barraskewda, L50, M|100\/100\n|turn|4\n|\n|t:|1681909469\n|move|p2a: Turban|Hydro Pump|p1a: Boltz|[miss]\n|-miss|p2a: Turban|p1a: Boltz\n|move|p2b: OONGABOONGUS|Bullet Seed|p1b: Final Gambit\n|-supereffective|p1b: Final Gambit\n|-damage|p1b: Final Gambit|25\/100\n|-supereffective|p1b: Final Gambit\n|-damage|p1b: Final Gambit|0 fnt\n|faint|p1b: Final Gambit\n|-hitcount|p1: Final Gambit|2\n|move|p1a: Boltz|Sandstorm|p1a: Boltz\n|-weather|Sandstorm\n|\n|-weather|Sandstorm|[upkeep]\n|-damage|p2a: Turban|80\/100 par|[from] Sandstorm\n|-damage|p2b: OONGABOONGUS|49\/100|[from] Sandstorm\n|upkeep\n|\n|t:|1681909481\n|switch|p1b: Death Doggo|Houndstone, L50, F|100\/100\n|turn|5\n|\n|t:|1681909506\n|-terastallize|p1b: Death Doggo|Ghost\n|move|p2a: Turban|Chilly Reception|p2a: Turban\n|-weather|Snow\n|\n|t:|1681909512\n|switch|p2a: SubMom|Sylveon, L50, F|100\/100|[from] Chilly Reception\n|move|p2b: OONGABOONGUS|Spore|p1b: Death Doggo\n|-status|p1b: Death Doggo|slp|[from] move: Spore\n|move|p1a: Boltz|Thunder Wave|p2b: OONGABOONGUS\n|-status|p2b: OONGABOONGUS|par\n|cant|p1b: Death Doggo|slp\n|\n|-weather|Snow|[upkeep]\n|-fieldend|move: Trick Room\n|upkeep\n|turn|6\n|\n|t:|1681909543\n|-curestatus|p1b: Death Doggo|slp|[msg]\n|move|p1b: Death Doggo|Last Respects|p2b: OONGABOONGUS\n|-damage|p2b: OONGABOONGUS|0 fnt\n|faint|p2b: OONGABOONGUS\n|-end|p2b: OONGABOONGUS|Protosynthesis|[silent]\n|move|p1a: Boltz|Sandstorm|p1a: Boltz\n|-weather|Sandstorm\n|move|p2a: SubMom|Hyper Voice|p1b: Death Doggo|[spread] p1a,p1b\n|-resisted|p1a: Boltz\n|-crit|p1b: Death Doggo\n|-damage|p1a: Boltz|15\/100\n|-damage|p1b: Death Doggo|20\/100\n|-enditem|p2a: SubMom|Throat Spray\n|-boost|p2a: SubMom|spa|1|[from] item: Throat Spray\n|\n|-weather|Sandstorm|[upkeep]\n|-damage|p2a: SubMom|94\/100|[from] Sandstorm\n|upkeep\n|\n|t:|1681909549\n|switch|p2b: GholdenGO NOW|Gholdengo, L50|100\/100\n|turn|7\n|\n|t:|1681909584\n|move|p1b: Death Doggo|Last Respects|p2a: SubMom\n|-damage|p2a: SubMom|0 fnt\n|faint|p2a: SubMom\n|move|p2b: GholdenGO NOW|Make It Rain|p1a: Boltz|[spread] p1a,p1b\n|-resisted|p1a: Boltz\n|-damage|p1a: Boltz|0 fnt\n|-damage|p1b: Death Doggo|0 fnt\n|-unboost|p2b: GholdenGO NOW|spa|1\n|faint|p1a: Boltz\n|faint|p1b: Death Doggo\n|-damage|p2b: GholdenGO NOW|91\/100|[from] item: Life Orb\n|\n|win|salamencetv\n|c|\u2606salamencetv|Gg\n|c|\u2606ScraggypantsYT|gg\n","uploadtime":1681909896,"views":13,"p1id":"scraggypantsyt","p2id":"salamencetv","formatid":"gen9vgc2023regulationc","rating":0,"private":0,"password":""}