{"id":"gen9vgc2023regulationc-1860434208","p1":"SbradyB","p2":"ScarfAccelgor","format":"[Gen 9] VGC 2023 Regulation C","log":"|j|\u2606SbradyB\n|j|\u2606ScarfAccelgor\n|t:|1683643894\n|gametype|doubles\n|player|p1|SbradyB|101|1447\n|player|p2|ScarfAccelgor|266|1542\n|teamsize|p1|6\n|teamsize|p2|6\n|gen|9\n|tier|[Gen 9] VGC 2023 Regulation C\n|rated|\n|rule|Species Clause: Limit one of each Pok\u00e9mon\n|rule|Item Clause: Limit one of each item\n|clearpoke\n|poke|p1|Chi-Yu, L50|\n|poke|p1|Gyarados, L50, F|\n|poke|p1|Wo-Chien, L50|\n|poke|p1|Dragonite, L50, F|\n|poke|p1|Glimmora, L50, F|\n|poke|p1|Flutter Mane, L50|\n|poke|p2|Chi-Yu, L50|\n|poke|p2|Amoonguss, L50, F|\n|poke|p2|Gyarados, L50, M|\n|poke|p2|Garganacl, L50, F|\n|poke|p2|Flutter Mane, L50|\n|poke|p2|Glimmora, L50, M|\n|teampreview|4\n|inactive|Battle timer is ON: inactive players will automatically lose when time's up. (requested by SbradyB)\nScarfAccelgor has agreed to open team sheets.\n|inactive|SbradyB has 60 seconds left.\n|inactive|ScarfAccelgor has 60 seconds left.\n|inactive|SbradyB has 30 seconds left.\n|inactive|SbradyB has 20 seconds left.\n|inactive|SbradyB has 15 seconds left.\n|inactive|SbradyB has 10 seconds left.\n|inactive|SbradyB has 5 seconds left.\n|\n|t:|1683643983\n|start\n|switch|p1a: Flutter Mane|Flutter Mane, L50|100\/100\n|switch|p1b: Gyarados|Gyarados, L50, F, shiny|100\/100\n|switch|p2a: Gyarados|Gyarados, L50, M|100\/100\n|switch|p2b: Glimmora|Glimmora, L50, M|100\/100\n|-ability|p1b: Gyarados|Intimidate|boost\n|-unboost|p2a: Gyarados|atk|1\n|-unboost|p2b: Glimmora|atk|1\n|-ability|p2a: Gyarados|Intimidate|boost\n|-unboost|p1a: Flutter Mane|atk|1\n|-unboost|p1b: Gyarados|atk|1\n|turn|1\n|inactive|ScarfAccelgor has 30 seconds left.\n|\n|t:|1683644017\n|move|p1a: Flutter Mane|Thunderbolt|p2a: Gyarados\n|-supereffective|p2a: Gyarados\n|-damage|p2a: Gyarados|0 fnt\n|faint|p2a: Gyarados\n|move|p2b: Glimmora|Power Gem|p1b: Gyarados\n|-supereffective|p1b: Gyarados\n|-damage|p1b: Gyarados|43\/100\n|move|p1b: Gyarados|Waterfall|p2b: Glimmora\n|-supereffective|p2b: Glimmora\n|-damage|p2b: Glimmora|50\/100\n|-activate|p2b: Glimmora|ability: Toxic Debris\n|-sidestart|p1: SbradyB|move: Toxic Spikes\n|\n|upkeep\n|\n|t:|1683644034\n|switch|p2a: Garganacl|Garganacl, L50, F|100\/100\n|turn|2\n|\n|t:|1683644048\n|switch|p1b: Chi-Yu|Chi-Yu, L50|100\/100\n|-status|p1b: Chi-Yu|psn\n|-ability|p1b: Chi-Yu|Beads of Ruin\n|move|p1a: Flutter Mane|Thunderbolt|p2b: Glimmora\n|-damage|p2b: Glimmora|0 fnt\n|faint|p2b: Glimmora\n|move|p2a: Garganacl|Salt Cure|p1a: Flutter Mane\n|-damage|p1a: Flutter Mane|76\/100\n|-start|p1a: Flutter Mane|Salt Cure\n|\n|-damage|p1b: Chi-Yu|88\/100 psn|[from] psn\n|-damage|p1a: Flutter Mane|64\/100|[from] Salt Cure\n|upkeep\n|\n|t:|1683644056\n|switch|p2b: Flutter Mane|Flutter Mane, L50|100\/100\n|-enditem|p2b: Flutter Mane|Booster Energy\n|-activate|p2b: Flutter Mane|ability: Protosynthesis|[fromitem]\n|-start|p2b: Flutter Mane|protosynthesisspe\n|turn|3\n|\n|t:|1683644080\n|-end|p1a: Flutter Mane|Protosynthesis|[silent]\n|switch|p1a: Gyarados|Gyarados, L50, F, shiny|43\/100\n|-ability|p1a: Gyarados|Intimidate|boost\n|-unboost|p2a: Garganacl|atk|1\n|-unboost|p2b: Flutter Mane|atk|1\n|move|p1b: Chi-Yu|Protect|p1b: Chi-Yu\n|-singleturn|p1b: Chi-Yu|Protect\n|move|p2a: Garganacl|Protect|p2a: Garganacl\n|-singleturn|p2a: Garganacl|Protect\n|move|p2b: Flutter Mane|Moonblast|p1b: Chi-Yu\n|-activate|p1b: Chi-Yu|move: Protect\n|\n|-heal|p1b: Chi-Yu|94\/100 psn|[from] item: Leftovers\n|-damage|p1b: Chi-Yu|82\/100 psn|[from] psn\n|upkeep\n|turn|4\n|inactive|SbradyB has 30 seconds left.\n|\n|t:|1683644113\n|move|p2b: Flutter Mane|Moonblast|p1a: Gyarados\n|-damage|p1a: Gyarados|0 fnt\n|faint|p1a: Gyarados\n|move|p1b: Chi-Yu|Dark Pulse|p2b: Flutter Mane\n|-damage|p2b: Flutter Mane|45\/100\n|move|p2a: Garganacl|Salt Cure|p1b: Chi-Yu\n|-supereffective|p1b: Chi-Yu\n|-damage|p1b: Chi-Yu|59\/100 psn\n|-start|p1b: Chi-Yu|Salt Cure\n|\n|-heal|p1b: Chi-Yu|65\/100 psn|[from] item: Leftovers\n|-damage|p1b: Chi-Yu|53\/100 psn|[from] psn\n|-damage|p1b: Chi-Yu|40\/100 psn|[from] Salt Cure\n|upkeep\n|\n|t:|1683644124\n|switch|p1a: Wo-Chien|Wo-Chien, L50|100\/100\n|-status|p1a: Wo-Chien|psn\n|-ability|p1a: Wo-Chien|Tablets of Ruin\n|turn|5\n|\n|t:|1683644144\n|-terastallize|p1a: Wo-Chien|Water\n|move|p2b: Flutter Mane|Protect|p2b: Flutter Mane\n|-singleturn|p2b: Flutter Mane|Protect\n|move|p2a: Garganacl|Protect|p2a: Garganacl\n|-singleturn|p2a: Garganacl|Protect\n|move|p1b: Chi-Yu|Nasty Plot|p1b: Chi-Yu\n|-boost|p1b: Chi-Yu|spa|2\n|move|p1a: Wo-Chien|Pollen Puff|p1b: Chi-Yu\n|-heal|p1b: Chi-Yu|90\/100 psn\n|\n|-heal|p1b: Chi-Yu|97\/100 psn|[from] item: Leftovers\n|-damage|p1b: Chi-Yu|84\/100 psn|[from] psn\n|-damage|p1a: Wo-Chien|88\/100 psn|[from] psn\n|-damage|p1b: Chi-Yu|72\/100 psn|[from] Salt Cure\n|upkeep\n|turn|6\n|inactive|SbradyB has 30 seconds left.\n|inactive|ScarfAccelgor has 30 seconds left.\n|\n|t:|1683644178\n|move|p2b: Flutter Mane|Substitute|p2b: Flutter Mane\n|-start|p2b: Flutter Mane|Substitute\n|-damage|p2b: Flutter Mane|20\/100\n|move|p1b: Chi-Yu|Heat Wave|p2b: Flutter Mane|[spread] p2a,p2b\n|-end|p2b: Flutter Mane|Substitute\n|-resisted|p2a: Garganacl\n|-damage|p2a: Garganacl|66\/100\n|move|p1a: Wo-Chien|Giga Drain|p2b: Flutter Mane\n|-damage|p2b: Flutter Mane|0 fnt\n|-heal|p1a: Wo-Chien|95\/100 psn|[from] drain|[of] p2b: Flutter Mane\n|faint|p2b: Flutter Mane\n|-end|p2b: Flutter Mane|Protosynthesis|[silent]\n|move|p2a: Garganacl|Recover|p2a: Garganacl\n|-heal|p2a: Garganacl|100\/100\n|\n|-heal|p1b: Chi-Yu|78\/100 psn|[from] item: Leftovers\n|-damage|p1b: Chi-Yu|65\/100 psn|[from] psn\n|-damage|p1a: Wo-Chien|83\/100 psn|[from] psn\n|-damage|p1b: Chi-Yu|53\/100 psn|[from] Salt Cure\n|upkeep\n|turn|7\n|-message|ScarfAccelgor forfeited.\n|\n|win|SbradyB\n|raw|SbradyB's rating: 1447 → 1472<\/strong> (+25 for winning)\n|raw|ScarfAccelgor's rating: 1542 → 1517<\/strong> (-25 for losing)\n|l|\u2606ScarfAccelgor\n","uploadtime":1683644221,"views":3,"p1id":"sbradyb","p2id":"scarfaccelgor","formatid":"gen9vgc2023regulationc","rating":1472,"private":0,"password":""}