{"id":"gen9vgc2023regulationc-1850742386","p1":"thelasttheorem","p2":"Sharpievgc","format":"[Gen 9] VGC 2023 Regulation C","log":"|j|\u2606thelasttheorem\n|j|\u2606Sharpievgc\n|t:|1682363788\n|gametype|doubles\n|player|p1|thelasttheorem|twins-gen4dp|1656\n|player|p2|Sharpievgc|nate|1739\n|teamsize|p1|6\n|teamsize|p2|6\n|gen|9\n|tier|[Gen 9] VGC 2023 Regulation C\n|rated|\n|rule|Species Clause: Limit one of each Pok\u00e9mon\n|rule|Item Clause: Limit one of each item\n|clearpoke\n|poke|p1|Orthworm, L50, F|\n|poke|p1|Dragonite, L50, F|\n|poke|p1|Ting-Lu, L50|\n|poke|p1|Gyarados, L50, M|\n|poke|p1|Glimmora, L50, M|\n|poke|p1|Chien-Pao, L50|\n|poke|p2|Armarouge, L50, M|\n|poke|p2|Iron Hands, L50|\n|poke|p2|Indeedee-F, L50, F|\n|poke|p2|Annihilape, L50, M|\n|poke|p2|Torkoal, L50, F|\n|poke|p2|Dragapult, L50, M|\n|teampreview|4\nSharpievgc has agreed to open team sheets.\n|\n|t:|1682363804\n|start\n|switch|p1a: Ting-Lu|Ting-Lu, L50|100\/100\n|switch|p1b: Orthworm|Orthworm, L50, F|100\/100\n|switch|p2a: Indeedee|Indeedee-F, L50, F|100\/100\n|switch|p2b: Annihilape|Annihilape, L50, M|100\/100\n|-ability|p1a: Ting-Lu|Vessel of Ruin\n|-fieldstart|move: Psychic Terrain|[from] ability: Psychic Surge|[of] p2a: Indeedee\n|turn|1\n|\n|t:|1682363815\n|move|p2b: Annihilape|Final Gambit|p1a: Ting-Lu\n|-damage|p1a: Ting-Lu|7\/100\n|faint|p2b: Annihilape\n|move|p1a: Ting-Lu|Earthquake|p2a: Indeedee|[spread] p2a\n|-immune|p1b: Orthworm|[from] ability: Earth Eater\n|-damage|p2a: Indeedee|39\/100\n|move|p1b: Orthworm|Shed Tail|p1b: Orthworm\n|-start|p1b: Orthworm|Substitute|[from] move: Shed Tail\n|-damage|p1b: Orthworm|50\/100\n|-enditem|p1b: Orthworm|Sitrus Berry|[eat]\n|-heal|p1b: Orthworm|75\/100|[from] item: Sitrus Berry\n|\n|t:|1682363827\n|switch|p1b: Dragonite|Dragonite, L50, F|100\/100|[from] Shed Tail\n|move|p2a: Indeedee|Trick Room|p2a: Indeedee\n|-fieldstart|move: Trick Room|[of] p2a: Indeedee\n|\n|upkeep\n|\n|t:|1682363837\n|switch|p2b: Torkoal|Torkoal, L50, F|100\/100\n|-weather|SunnyDay|[from] ability: Drought|[of] p2b: Torkoal\n|turn|2\n|j| TehWrongGuy\n|\n|t:|1682363847\n|switch|p1a: Gyarados|Gyarados, L50, M|100\/100\n|-ability|p1a: Gyarados|Intimidate|boost\n|-unboost|p2a: Indeedee|atk|1\n|-unboost|p2b: Torkoal|atk|1\n|move|p2a: Indeedee|Helping Hand|p2b: Torkoal\n|-singleturn|p2b: Torkoal|Helping Hand|[of] p2a: Indeedee\n|move|p2b: Torkoal|Eruption|p1b: Dragonite|[spread] p1a,p1b\n|-resisted|p1b: Dragonite\n|-end|p1b: Dragonite|Substitute\n|-resisted|p1a: Gyarados\n|-damage|p1a: Gyarados|51\/100\n|move|p1b: Dragonite|Earthquake|p2a: Indeedee|[spread] p2a,p2b\n|-immune|p1a: Gyarados\n|-supereffective|p2b: Torkoal\n|-damage|p2a: Indeedee|6\/100\n|-damage|p2b: Torkoal|62\/100\n|\n|-weather|SunnyDay|[upkeep]\n|upkeep\n|turn|3\n|j| dscdswqcds\n|\n|t:|1682363885\n|move|p2b: Torkoal|Eruption|p1b: Dragonite|[spread] p1a,p1b\n|-resisted|p1a: Gyarados\n|-resisted|p1b: Dragonite\n|-damage|p1a: Gyarados|30\/100\n|-damage|p1b: Dragonite|88\/100\n|move|p2a: Indeedee|Heal Pulse|p2b: Torkoal\n|-heal|p2b: Torkoal|100\/100\n|move|p1a: Gyarados|Bulldoze|p2a: Indeedee|[spread] p2a,p2b\n|-immune|p1b: Dragonite\n|-supereffective|p2b: Torkoal\n|-damage|p2a: Indeedee|0 fnt\n|-damage|p2b: Torkoal|82\/100\n|-unboost|p2b: Torkoal|spe|1\n|faint|p2a: Indeedee\n|move|p1b: Dragonite|Earthquake|p2b: Torkoal|[spread] p2b\n|-immune|p1a: Gyarados\n|-supereffective|p2b: Torkoal\n|-crit|p2b: Torkoal\n|-damage|p2b: Torkoal|26\/100\n|\n|-weather|SunnyDay|[upkeep]\n|upkeep\n|\n|t:|1682363901\n|switch|p2a: Iron Hands|Iron Hands, L50|100\/100\n|-enditem|p2a: Iron Hands|Booster Energy\n|-activate|p2a: Iron Hands|ability: Quark Drive|[fromitem]\n|-start|p2a: Iron Hands|quarkdriveatk\n|turn|4\n|\n|t:|1682363929\n|switch|p1a: Ting-Lu|Ting-Lu, L50|7\/100\n|-ability|p1a: Ting-Lu|Vessel of Ruin\n|-terastallize|p2a: Iron Hands|Grass\n|move|p2b: Torkoal|Heat Wave|p1a: Ting-Lu|[spread] p1b\n|-miss|p2b: Torkoal|p1a: Ting-Lu\n|-resisted|p1b: Dragonite\n|-damage|p1b: Dragonite|67\/100\n|move|p2a: Iron Hands|Wild Charge|p1b: Dragonite\n|-damage|p1b: Dragonite|0 fnt\n|faint|p1b: Dragonite\n|-damage|p2a: Iron Hands|90\/100|[from] Recoil\n|\n|-weather|SunnyDay|[upkeep]\n|upkeep\n|\n|t:|1682363944\n|switch|p1b: Gyarados|Gyarados, L50, M|30\/100\n|-ability|p1b: Gyarados|Intimidate|boost\n|-unboost|p2a: Iron Hands|atk|1\n|-unboost|p2b: Torkoal|atk|1\n|turn|5\n|l| dscdswqcds\n|\n|t:|1682363966\n|move|p2b: Torkoal|Heat Wave|p1b: Gyarados|[spread] p1a,p1b\n|-resisted|p1b: Gyarados\n|-damage|p1a: Ting-Lu|0 fnt\n|-damage|p1b: Gyarados|15\/100\n|faint|p1a: Ting-Lu\n|move|p2a: Iron Hands|Drain Punch|p1b: Gyarados\n|-resisted|p1b: Gyarados\n|-damage|p1b: Gyarados|0 fnt\n|-heal|p2a: Iron Hands|95\/100|[from] drain|[of] p1b: Gyarados\n|faint|p1b: Gyarados\n|\n|-weather|SunnyDay|[upkeep]\n|-fieldend|move: Trick Room\n|-fieldend|move: Psychic Terrain\n|upkeep\n|\n|t:|1682363976\n|switch|p1b: Orthworm|Orthworm, L50, F|75\/100\n|turn|6\n|\n|t:|1682363996\n|-terastallize|p1b: Orthworm|Fire\n|move|p1b: Orthworm|Body Press|p2b: Torkoal\n|-damage|p2b: Torkoal|6\/100\n|move|p2a: Iron Hands|Drain Punch|p1b: Orthworm\n|-damage|p1b: Orthworm|49\/100\n|-heal|p2a: Iron Hands|100\/100|[from] drain|[of] p1b: Orthworm\n|move|p2b: Torkoal|Heat Wave|p1b: Orthworm\n|-resisted|p1b: Orthworm\n|-damage|p1b: Orthworm|7\/100\n|\n|-weather|none\n|upkeep\n|turn|7\n|-message|thelasttheorem forfeited.\n|\n|win|Sharpievgc\n|raw|thelasttheorem's rating: 1656 → 1641<\/strong> (-15 for losing)\n|raw|Sharpievgc's rating: 1739 → 1754<\/strong> (+15 for winning)\n|l|\u2606thelasttheorem\n|l| TehWrongGuy\n","uploadtime":1682364012,"views":19,"p1id":"thelasttheorem","p2id":"sharpievgc","formatid":"gen9vgc2023regulationc","rating":1641,"private":0,"password":""}