{"id":"gen9vgc2023regulationc-1858857645","p1":"MattManectric","p2":"lol95","format":"[Gen 9] VGC 2023 Regulation C","log":"|j|\u2606MattManectric\n|j|\u2606lol95\n|t:|1683374600\n|gametype|doubles\n|player|p1|MattManectric|266|\n|player|p2|lol95|101|\n|teamsize|p1|6\n|teamsize|p2|6\n|gen|9\n|tier|[Gen 9] VGC 2023 Regulation C\n|rule|Species Clause: Limit one of each Pok\u00e9mon\n|rule|Item Clause: Limit one of each item\n|clearpoke\n|poke|p1|Kingambit, L50, M|\n|poke|p1|Chien-Pao, L50|\n|poke|p1|Great Tusk, L50|\n|poke|p1|Flutter Mane, L50|\n|poke|p1|Jumpluff, L50, M|\n|poke|p1|Torkoal, L50, M|\n|poke|p2|Murkrow, L50, F|\n|poke|p2|Chi-Yu, L50|\n|poke|p2|Flutter Mane, L50|\n|poke|p2|Great Tusk, L50|\n|poke|p2|Brute Bonnet, L50|\n|poke|p2|Corviknight, L50, F|\n|teampreview|4\n|c|\u2606MattManectric|g1\n|j| Greenios\nMattManectric has agreed to open team sheets.\nlol95 has agreed to open team sheets.\n|c|\u2606lol95|gl hf\n|j| Sliced bacon\n|c|\u2606MattManectric|you too\n|\n|t:|1683374820\n|start\n|switch|p1a: Jumpluff|Jumpluff, L50, M|100\/100\n|switch|p1b: Torkoal|Torkoal, L50, M|100\/100\n|switch|p2a: Murkrow|Murkrow, L50, F, shiny|100\/100\n|switch|p2b: Great Tusk|Great Tusk, L50|100\/100\n|-weather|SunnyDay|[from] ability: Drought|[of] p1b: Torkoal\n|-activate|p2b: Great Tusk|ability: Protosynthesis\n|-start|p2b: Great Tusk|protosynthesisatk\n|turn|1\n|\n|t:|1683374839\n|move|p2a: Murkrow|Tailwind|p2a: Murkrow\n|-sidestart|p2: lol95|move: Tailwind\n|move|p2b: Great Tusk|Rock Slide|p1b: Torkoal|[spread] p1a,p1b\n|-supereffective|p1a: Jumpluff\n|-supereffective|p1b: Torkoal\n|-crit|p1b: Torkoal\n|-damage|p1a: Jumpluff|30\/100\n|-damage|p1b: Torkoal|35\/100\n|move|p1a: Jumpluff|Leaf Storm|p2b: Great Tusk\n|-supereffective|p2b: Great Tusk\n|-damage|p2b: Great Tusk|15\/100\n|-unboost|p1a: Jumpluff|spa|2\n|cant|p1b: Torkoal|flinch\n|\n|-weather|SunnyDay|[upkeep]\n|upkeep\n|turn|2\n|\n|t:|1683374869\n|switch|p1a: Kingambit|Kingambit, L50, M|100\/100\n|move|p1b: Torkoal|Protect|p1b: Torkoal\n|-singleturn|p1b: Torkoal|Protect\n|move|p2b: Great Tusk|Rock Slide|p1a: Kingambit|[spread] \n|-activate|p1b: Torkoal|move: Protect\n|-miss|p2b: Great Tusk|p1a: Kingambit\n|move|p2a: Murkrow|Foul Play|p1a: Kingambit\n|-resisted|p1a: Kingambit\n|-damage|p1a: Kingambit|81\/100\n|\n|-weather|SunnyDay|[upkeep]\n|upkeep\n|turn|3\n|\n|t:|1683374919\n|move|p2b: Great Tusk|Rock Slide|p1b: Torkoal|[spread] p1a\n|-miss|p2b: Great Tusk|p1b: Torkoal\n|-resisted|p1a: Kingambit\n|-damage|p1a: Kingambit|71\/100\n|move|p2a: Murkrow|Foul Play|p1b: Torkoal\n|-damage|p1b: Torkoal|18\/100\n|cant|p1a: Kingambit|flinch\n|move|p1b: Torkoal|Overheat|p2a: Murkrow\n|-damage|p2a: Murkrow|39\/100\n|-unboost|p1b: Torkoal|spa|2\n|-enditem|p1b: Torkoal|Eject Pack\n|\n|t:|1683374938\n|switch|p1b: Flutter Mane|Flutter Mane, L50|100\/100\n|-activate|p1b: Flutter Mane|ability: Protosynthesis\n|-start|p1b: Flutter Mane|protosynthesisspa\n|\n|-weather|SunnyDay|[upkeep]\n|upkeep\n|turn|4\n|\n|t:|1683374949\n|switch|p2a: Corviknight|Corviknight, L50, F|100\/100\n|move|p1a: Kingambit|Sucker Punch|p2b: Great Tusk\n|-resisted|p2b: Great Tusk\n|-damage|p2b: Great Tusk|0 fnt\n|faint|p2b: Great Tusk\n|-end|p2b: Great Tusk|Protosynthesis|[silent]\n|move|p1b: Flutter Mane|Dazzling Gleam|p2a: Corviknight\n|-resisted|p2a: Corviknight\n|-damage|p2a: Corviknight|55\/100\n|\n|-weather|SunnyDay|[upkeep]\n|-sideend|p2: lol95|move: Tailwind\n|upkeep\n|l| Sliced bacon\n|\n|t:|1683374962\n|switch|p2b: Murkrow|Murkrow, L50, F, shiny|39\/100\n|turn|5\n|j| Sliced bacon\n|\n|t:|1683375008\n|-terastallize|p2a: Corviknight|Fire\n|-terastallize|p1a: Kingambit|Fire\n|move|p2b: Murkrow|Tailwind|p2b: Murkrow\n|-sidestart|p2: lol95|move: Tailwind\n|move|p2a: Corviknight|Tera Blast|p1a: Kingambit\n|-resisted|p1a: Kingambit\n|-damage|p1a: Kingambit|44\/100\n|move|p1b: Flutter Mane|Dazzling Gleam|p2b: Murkrow|[spread] p2a,p2b\n|-resisted|p2a: Corviknight\n|-supereffective|p2b: Murkrow\n|-damage|p2a: Corviknight|22\/100\n|-damage|p2b: Murkrow|0 fnt\n|faint|p2b: Murkrow\n|move|p1a: Kingambit|Tera Blast|p2a: Corviknight\n|-resisted|p2a: Corviknight\n|-damage|p2a: Corviknight|0 fnt\n|faint|p2a: Corviknight\n|\n|-weather|none\n|-end|p1b: Flutter Mane|Protosynthesis\n|upkeep\n|\n|t:|1683375025\n|switch|p2a: Brute Bonnet|Brute Bonnet, L50|100\/100\n|turn|6\n|\n|t:|1683375065\n|move|p2a: Brute Bonnet|Bullet Seed|p1b: Flutter Mane\n|-damage|p1b: Flutter Mane|75\/100\n|-damage|p1b: Flutter Mane|52\/100\n|-damage|p1b: Flutter Mane|29\/100\n|-damage|p1b: Flutter Mane|6\/100\n|-hitcount|p1b: Flutter Mane|4\n|move|p1b: Flutter Mane|Dazzling Gleam|p2a: Brute Bonnet\n|-supereffective|p2a: Brute Bonnet\n|-damage|p2a: Brute Bonnet|0 fnt\n|faint|p2a: Brute Bonnet\n|-end|p2a: Brute Bonnet|Protosynthesis|[silent]\n|\n|win|MattManectric\n|c|\u2606MattManectric|gg\n|c|\u2606lol95|gg\n","uploadtime":1683375078,"views":23,"p1id":"mattmanectric","p2id":"lol95","formatid":"gen9vgc2023regulationc","rating":0,"private":0,"password":""}