{"id":"gen9vgc2023regulationc-1855462304","p1":"JumpluffGoodCopium","p2":"Tchoubib","format":"[Gen 9] VGC 2023 Regulation C","log":"|j|\u2606JumpluffGoodCopium\n|j|\u2606Tchoubib\n|t:|1682953676\n|gametype|doubles\n|player|p1|JumpluffGoodCopium|dawn-gen4pt|1186\n|player|p2|Tchoubib|169|1287\n|teamsize|p1|6\n|teamsize|p2|6\n|gen|9\n|tier|[Gen 9] VGC 2023 Regulation C\n|rated|\n|rule|Species Clause: Limit one of each Pok\u00e9mon\n|rule|Item Clause: Limit one of each item\n|clearpoke\n|poke|p1|Jumpluff, L50, F|\n|poke|p1|Torkoal, L50, F|\n|poke|p1|Flutter Mane, L50|\n|poke|p1|Amoonguss, L50, M|\n|poke|p1|Garganacl, L50, F|\n|poke|p1|Chi-Yu, L50|\n|poke|p2|Ting-Lu, L50|\n|poke|p2|Abomasnow, L50, M|\n|poke|p2|Flutter Mane, L50|\n|poke|p2|Iron Hands, L50|\n|poke|p2|Bronzong, L50|\n|poke|p2|Arcanine, L50, F|\n|teampreview|4\nJumpluffGoodCopium has agreed to open team sheets.\n|inactive|Battle timer is ON: inactive players will automatically lose when time's up. (requested by JumpluffGoodCopium)\n|\n|t:|1682953713\n|start\n|switch|p1a: Jumpluff|Jumpluff, L50, F|100\/100\n|switch|p1b: Garganacl|Garganacl, L50, F|100\/100\n|switch|p2a: Bronzong|Bronzong, L50|100\/100\n|switch|p2b: Iron Hands|Iron Hands, L50|100\/100\n|turn|1\n|inactive|JumpluffGoodCopium has 30 seconds left.\n|\n|t:|1682953738\n|-terastallize|p1b: Garganacl|Ghost\n|move|p2b: Iron Hands|Fake Out|p1a: Jumpluff\n|-damage|p1a: Jumpluff|79\/100\n|move|p1a: Jumpluff|Pollen Puff|p2a: Bronzong\n|-damage|p2a: Bronzong|91\/100\n|move|p1b: Garganacl|Salt Cure|p2a: Bronzong\n|-resisted|p2a: Bronzong\n|-damage|p2a: Bronzong|84\/100\n|-start|p2a: Bronzong|Salt Cure\n|move|p2a: Bronzong|Trick Room|p2a: Bronzong\n|-fieldstart|move: Trick Room|[of] p2a: Bronzong\n|\n|-damage|p2a: Bronzong|60\/100|[from] Salt Cure\n|upkeep\n|turn|2\n|inactive|Tchoubib has 30 seconds left.\n|\n|t:|1682953771\n|switch|p2a: Abomasnow|Abomasnow, L50, M|100\/100\n|-weather|Snow|[from] ability: Snow Warning|[of] p2a: Abomasnow\n|move|p1b: Garganacl|Salt Cure|p2b: Iron Hands\n|-resisted|p2b: Iron Hands\n|-damage|p2b: Iron Hands|96\/100\n|-start|p2b: Iron Hands|Salt Cure\n|move|p2b: Iron Hands|Wild Charge|p1b: Garganacl\n|-damage|p1b: Garganacl|73\/100\n|-damage|p2b: Iron Hands|90\/100|[from] Recoil\n|move|p1a: Jumpluff|Pollen Puff|p1b: Garganacl\n|-heal|p1b: Garganacl|100\/100\n|\n|-weather|Snow|[upkeep]\n|-damage|p2b: Iron Hands|77\/100|[from] Salt Cure\n|upkeep\n|turn|3\n|\n|t:|1682953790\n|-end|p2b: Iron Hands|Quark Drive|[silent]\n|switch|p2b: Bronzong|Bronzong, L50|60\/100\n|move|p1a: Jumpluff|Protect|p1a: Jumpluff\n|-singleturn|p1a: Jumpluff|Protect\n|move|p1b: Garganacl|Salt Cure|p2a: Abomasnow\n|-supereffective|p2a: Abomasnow\n|-damage|p2a: Abomasnow|78\/100\n|-start|p2a: Abomasnow|Salt Cure\n|-enditem|p2a: Abomasnow|Weakness Policy\n|-boost|p2a: Abomasnow|atk|2|[from] item: Weakness Policy\n|-boost|p2a: Abomasnow|spa|2|[from] item: Weakness Policy\n|move|p2a: Abomasnow|Blizzard|p1b: Garganacl|[spread] p1b\n|-activate|p1a: Jumpluff|move: Protect\n|-damage|p1b: Garganacl|37\/100\n|\n|-weather|Snow|[upkeep]\n|-heal|p1b: Garganacl|43\/100|[from] item: Leftovers\n|-damage|p2a: Abomasnow|66\/100|[from] Salt Cure\n|upkeep\n|turn|4\n|inactive|Tchoubib has 30 seconds left.\n|\n|t:|1682953819\n|move|p1b: Garganacl|Wide Guard|p1b: Garganacl\n|-singleturn|p1b: Garganacl|Wide Guard\n|move|p2b: Bronzong|Safeguard|p2b: Bronzong\n|-sidestart|p2: Tchoubib|Safeguard\n|move|p2a: Abomasnow|Blizzard|p1a: Jumpluff|[spread] \n|-activate|p1a: Jumpluff|move: Wide Guard\n|-activate|p1b: Garganacl|move: Wide Guard\n|move|p1a: Jumpluff|Pollen Puff|p1b: Garganacl\n|-heal|p1b: Garganacl|92\/100\n|\n|-weather|Snow|[upkeep]\n|-heal|p1b: Garganacl|98\/100|[from] item: Leftovers\n|-damage|p2a: Abomasnow|54\/100|[from] Salt Cure\n|upkeep\n|turn|5\n|\n|t:|1682953841\n|move|p1b: Garganacl|Protect||[still]\n|-fail|p1b: Garganacl\n|move|p1a: Jumpluff|Protect|p1a: Jumpluff\n|-singleturn|p1a: Jumpluff|Protect\n|move|p2b: Bronzong|Gyro Ball|p1a: Jumpluff\n|-activate|p1a: Jumpluff|move: Protect\n|move|p2a: Abomasnow|Giga Drain|p1b: Garganacl\n|-damage|p1b: Garganacl|34\/100\n|-heal|p2a: Abomasnow|87\/100|[from] drain|[of] p1b: Garganacl\n|\n|-weather|Snow|[upkeep]\n|-heal|p1b: Garganacl|40\/100|[from] item: Leftovers\n|-damage|p2a: Abomasnow|75\/100|[from] Salt Cure\n|-fieldend|move: Trick Room\n|upkeep\n|turn|6\n|inactive|Tchoubib has 30 seconds left.\n|inactive|Tchoubib has 20 seconds left.\n|inactive|Tchoubib has 15 seconds left.\n|inactive|Tchoubib has 10 seconds left.\n|\n|t:|1682953889\n|move|p1a: Jumpluff|Tailwind|p1a: Jumpluff\n|-sidestart|p1: JumpluffGoodCopium|move: Tailwind\n|move|p1b: Garganacl|Salt Cure|p2b: Bronzong\n|-resisted|p2b: Bronzong\n|-damage|p2b: Bronzong|55\/100\n|-start|p2b: Bronzong|Salt Cure\n|move|p2a: Abomasnow|Blizzard|p1b: Garganacl|[spread] p1a,p1b\n|-supereffective|p1a: Jumpluff\n|-damage|p1a: Jumpluff|0 fnt\n|-damage|p1b: Garganacl|0 fnt\n|faint|p1a: Jumpluff\n|faint|p1b: Garganacl\n|move|p2b: Bronzong|Trick Room|p2b: Bronzong\n|-fieldstart|move: Trick Room|[of] p2b: Bronzong\n|\n|-weather|none\n|-damage|p2b: Bronzong|30\/100|[from] Salt Cure\n|-damage|p2a: Abomasnow|63\/100|[from] Salt Cure\n|upkeep\n|\n|t:|1682953896\n|switch|p1b: Flutter Mane|Flutter Mane, L50|100\/100\n|switch|p1a: Torkoal|Torkoal, L50, F|100\/100\n|-weather|SunnyDay|[from] ability: Drought|[of] p1a: Torkoal\n|-activate|p1b: Flutter Mane|ability: Protosynthesis\n|-start|p1b: Flutter Mane|protosynthesisspa\n|turn|7\n|inactive|Tchoubib has 30 seconds left.\n|inactive|Tchoubib has 20 seconds left.\n|inactive|Tchoubib has 15 seconds left.\n|\n|t:|1682953940\n|-terastallize|p2a: Abomasnow|Water\n|move|p2b: Bronzong|Gyro Ball|p1b: Flutter Mane\n|-supereffective|p1b: Flutter Mane\n|-damage|p1b: Flutter Mane|0 fnt\n|faint|p1b: Flutter Mane\n|-end|p1b: Flutter Mane|Protosynthesis|[silent]\n|move|p2a: Abomasnow|Earth Power|p1a: Torkoal\n|-supereffective|p1a: Torkoal\n|-damage|p1a: Torkoal|0 fnt\n|faint|p1a: Torkoal\n|\n|win|Tchoubib\n|raw|JumpluffGoodCopium's rating: 1186 → 1168<\/strong> (-18 for losing)\n|raw|Tchoubib's rating: 1287 → 1305<\/strong> (+18 for winning)\n|l|\u2606Tchoubib\n","uploadtime":1682954540,"views":27,"p1id":"jumpluffgoodcopium","p2id":"tchoubib","formatid":"gen9vgc2023regulationc","rating":1168,"private":0,"password":""}