{"id":"gen9vgc2023regulationc-1857004837","p1":"katkip","p2":"PeekayW","format":"[Gen 9] VGC 2023 Regulation C","log":"|j|\u2606katkip\n|j|\u2606PeekayW\n|t:|1683135777\n|gametype|doubles\n|player|p1|katkip|may-masters2|1123\n|player|p2|PeekayW|265|1167\n|teamsize|p1|6\n|teamsize|p2|6\n|gen|9\n|tier|[Gen 9] VGC 2023 Regulation C\n|rated|\n|rule|Species Clause: Limit one of each Pok\u00e9mon\n|rule|Item Clause: Limit one of each item\n|clearpoke\n|poke|p1|Lilligant, L50, F|\n|poke|p1|Torkoal, L50, F|\n|poke|p1|Flutter Mane, L50|\n|poke|p1|Kingambit, L50, F|\n|poke|p1|Breloom, L50, F|\n|poke|p1|Great Tusk, L50|\n|poke|p2|Scizor, L50, M|\n|poke|p2|Flutter Mane, L50|\n|poke|p2|Rotom-Wash, L50|\n|poke|p2|Arcanine, L50, F|\n|poke|p2|Chien-Pao, L50|\n|poke|p2|Great Tusk, L50|\n|teampreview|4\nPeekayW has agreed to open team sheets.\n|inactive|Battle timer is ON: inactive players will automatically lose when time's up. (requested by katkip)\n|\n|t:|1683135884\n|start\n|switch|p1a: Lilligant|Lilligant, L50, F, shiny|100\/100\n|switch|p1b: Torkoal|Torkoal, L50, F, shiny|100\/100\n|switch|p2a: Rotom|Rotom-Wash, L50|100\/100\n|switch|p2b: Chien-Pao|Chien-Pao, L50|100\/100\n|-ability|p2b: Chien-Pao|Sword of Ruin\n|-weather|SunnyDay|[from] ability: Drought|[of] p1b: Torkoal\n|turn|1\n|\n|t:|1683135900\n|move|p2b: Chien-Pao|Protect|p2b: Chien-Pao\n|-singleturn|p2b: Chien-Pao|Protect\n|move|p1a: Lilligant|After You|p1b: Torkoal\n|-activate|p1b: Torkoal|move: After You\n|move|p1b: Torkoal|Eruption|p2b: Chien-Pao|[spread] p2a\n|-activate|p2b: Chien-Pao|move: Protect\n|-resisted|p2a: Rotom\n|-damage|p2a: Rotom|58\/100\n|move|p2a: Rotom|Hydro Pump|p1b: Torkoal\n|-supereffective|p1b: Torkoal\n|-damage|p1b: Torkoal|46\/100\n|\n|-weather|SunnyDay|[upkeep]\n|-heal|p2a: Rotom|64\/100|[from] item: Leftovers\n|upkeep\n|turn|2\n|inactive|katkip has 30 seconds left.\n|\n|t:|1683135930\n|move|p1a: Lilligant|Leaf Storm|p2a: Rotom\n|-supereffective|p2a: Rotom\n|-damage|p2a: Rotom|0 fnt\n|-unboost|p1a: Lilligant|spa|2\n|faint|p2a: Rotom\n|move|p2b: Chien-Pao|Ice Spinner|p1a: Lilligant\n|-supereffective|p1a: Lilligant\n|-enditem|p1a: Lilligant|Focus Sash\n|-damage|p1a: Lilligant|1\/100\n|move|p1b: Torkoal|Flamethrower|p2b: Chien-Pao\n|-supereffective|p2b: Chien-Pao\n|-enditem|p2b: Chien-Pao|Focus Sash\n|-damage|p2b: Chien-Pao|1\/100\n|\n|-weather|SunnyDay|[upkeep]\n|upkeep\n|\n|t:|1683135953\n|switch|p2a: Scizor|Scizor, L50, M|100\/100\n|turn|3\n|\n|t:|1683135964\n|-terastallize|p2a: Scizor|Water\n|move|p1a: Lilligant|Protect|p1a: Lilligant\n|-singleturn|p1a: Lilligant|Protect\n|move|p2a: Scizor|Bullet Punch|p1a: Lilligant\n|-activate|p1a: Lilligant|move: Protect\n|move|p2b: Chien-Pao|Sacred Sword|p1b: Torkoal\n|-damage|p1b: Torkoal|19\/100\n|move|p1b: Torkoal|Flamethrower|p2a: Scizor\n|-resisted|p2a: Scizor\n|-damage|p2a: Scizor|60\/100\n|\n|-weather|SunnyDay|[upkeep]\n|upkeep\n|turn|4\n|inactive|katkip has 30 seconds left.\n|inactive|PeekayW has 30 seconds left.\n|inactive|katkip has 20 seconds left.\n|inactive|katkip has 15 seconds left.\n|\n|t:|1683136004\n|move|p2a: Scizor|Bullet Punch|p1a: Lilligant\n|-damage|p1a: Lilligant|0 fnt\n|faint|p1a: Lilligant\n|move|p2b: Chien-Pao|Ice Spinner|p1b: Torkoal\n|-resisted|p1b: Torkoal\n|-damage|p1b: Torkoal|0 fnt\n|faint|p1b: Torkoal\n|\n|-weather|SunnyDay|[upkeep]\n|upkeep\n|\n|t:|1683136012\n|switch|p1a: Flutter Mane|Flutter Mane, L50, shiny|100\/100\n|switch|p1b: Kingambit|Kingambit, L50, F, shiny|100\/100\n|-activate|p1a: Flutter Mane|ability: Protosynthesis\n|-start|p1a: Flutter Mane|protosynthesisspa\n|turn|5\n|inactive|katkip has 30 seconds left.\n|\n|t:|1683136040\n|move|p2b: Chien-Pao|Protect|p2b: Chien-Pao\n|-singleturn|p2b: Chien-Pao|Protect\n|move|p1b: Kingambit|Sucker Punch|p2a: Scizor\n|-damage|p2a: Scizor|8\/100\n|move|p1a: Flutter Mane|Moonblast|p2a: Scizor\n|-damage|p2a: Scizor|0 fnt\n|faint|p2a: Scizor\n|\n|-weather|none\n|-end|p1a: Flutter Mane|Protosynthesis\n|upkeep\n|\n|t:|1683136049\n|switch|p2a: Flutter Mane|Flutter Mane, L50|100\/100\n|turn|6\n|inactive|katkip has 30 seconds left.\n|inactive|katkip has 20 seconds left.\n|inactive|katkip has 15 seconds left.\n|\n|t:|1683136090\n|move|p2a: Flutter Mane|Protect|p2a: Flutter Mane\n|-singleturn|p2a: Flutter Mane|Protect\n|move|p2b: Chien-Pao|Sucker Punch|p1a: Flutter Mane\n|-damage|p1a: Flutter Mane|8\/100\n|move|p1b: Kingambit|Sucker Punch||[still]\n|-fail|p1b: Kingambit\n|move|p1a: Flutter Mane|Moonblast|p2b: Chien-Pao\n|-supereffective|p2b: Chien-Pao\n|-damage|p2b: Chien-Pao|0 fnt\n|faint|p2b: Chien-Pao\n|\n|upkeep\n|turn|7\n|\n|t:|1683136108\n|move|p2a: Flutter Mane|Shadow Ball|p1b: Kingambit\n|-resisted|p1b: Kingambit\n|-damage|p1b: Kingambit|84\/100\n|-damage|p2a: Flutter Mane|91\/100|[from] item: Life Orb\n|move|p1a: Flutter Mane|Moonblast|p2a: Flutter Mane\n|-damage|p2a: Flutter Mane|11\/100\n|move|p1b: Kingambit|Iron Head|p2a: Flutter Mane\n|-supereffective|p2a: Flutter Mane\n|-damage|p2a: Flutter Mane|0 fnt\n|faint|p2a: Flutter Mane\n|-end|p2a: Flutter Mane|Protosynthesis|[silent]\n|\n|win|katkip\n|raw|katkip's rating: 1123 → 1151<\/strong> (+28 for winning)\n|raw|PeekayW's rating: 1167 → 1139<\/strong> (-28 for losing)\n|l|\u2606PeekayW\n","uploadtime":1683136154,"views":16,"p1id":"katkip","p2id":"peekayw","formatid":"gen9vgc2023regulationc","rating":1139,"private":0,"password":""}