{"id":"gen9vgc2023regulationc-1855308208","p1":"N 9902","p2":"fghrhg","format":"[Gen 9] VGC 2023 Regulation C","log":"|j|\u2606N 9902\n|j|\u2606fghrhg\n|t:|1682934299\n|gametype|doubles\n|player|p1|N 9902|266|1208\n|player|p2|fghrhg|2|1180\n|teamsize|p1|6\n|teamsize|p2|6\n|gen|9\n|tier|[Gen 9] VGC 2023 Regulation C\n|rated|\n|rule|Species Clause: Limit one of each Pok\u00e9mon\n|rule|Item Clause: Limit one of each item\n|clearpoke\n|poke|p1|Ting-Lu, L50|\n|poke|p1|Amoonguss, L50, M|\n|poke|p1|Arcanine, L50, F|\n|poke|p1|Baxcalibur, L50, M|\n|poke|p1|Flutter Mane, L50|\n|poke|p1|Palafin, L50, M|\n|poke|p2|Torkoal, L50, F|\n|poke|p2|Chi-Yu, L50|\n|poke|p2|Bronzong, L50|\n|poke|p2|Gastrodon, L50, F|\n|poke|p2|Grimmsnarl, L50, M|\n|poke|p2|Skeledirge, L50, M|\n|teampreview|4\n|inactive|Battle timer is ON: inactive players will automatically lose when time's up. (requested by N 9902)\n|inactive|N 9902 has 60 seconds left.\n|inactive|fghrhg has 60 seconds left.\n|\n|t:|1682934339\n|start\n|switch|p1a: Baxcalibur|Baxcalibur, L50, M|100\/100\n|switch|p1b: Arcanine|Arcanine, L50, F|100\/100\n|switch|p2a: Grimmsnarl|Grimmsnarl, L50, M|100\/100\n|switch|p2b: Bronzong|Bronzong, L50|100\/100\n|-ability|p1b: Arcanine|Intimidate|boost\n|-unboost|p2a: Grimmsnarl|atk|1\n|-unboost|p2b: Bronzong|atk|1\n|turn|1\n|\n|t:|1682934355\n|move|p2a: Grimmsnarl|Fake Out|p1b: Arcanine\n|-crit|p1b: Arcanine\n|-damage|p1b: Arcanine|76\/100\n|cant|p1b: Arcanine|flinch\n|move|p1a: Baxcalibur|Icicle Crash|p2a: Grimmsnarl\n|-damage|p2a: Grimmsnarl|48\/100\n|move|p2b: Bronzong|Trick Room|p2b: Bronzong\n|-fieldstart|move: Trick Room|[of] p2b: Bronzong\n|\n|upkeep\n|turn|2\n|\n|t:|1682934373\n|-terastallize|p1a: Baxcalibur|Dragon\n|move|p2a: Grimmsnarl|Trick|p1b: Arcanine\n|-activate|p2a: Grimmsnarl|move: Trick|[of] p1b: Arcanine\n|-item|p1b: Arcanine|Lagging Tail|[from] move: Trick\n|-item|p2a: Grimmsnarl|Aguav Berry|[from] move: Trick\n|move|p2b: Bronzong|Body Press|p1b: Arcanine\n|-damage|p1b: Arcanine|44\/100\n|move|p1a: Baxcalibur|Icicle Crash|p2a: Grimmsnarl|[miss]\n|-miss|p1a: Baxcalibur|p2a: Grimmsnarl\n|move|p1b: Arcanine|Howl|p1b: Arcanine|[spread] p1a,p1b\n|-boost|p1a: Baxcalibur|atk|1\n|-boost|p1b: Arcanine|atk|1\n|\n|upkeep\n|turn|3\n|inactive|N 9902 has 30 seconds left.\n|\n|t:|1682934402\n|switch|p1b: Flutter Mane|Flutter Mane, L50|100\/100\n|move|p2b: Bronzong|Body Press|p1a: Baxcalibur\n|-damage|p1a: Baxcalibur|78\/100\n|move|p2a: Grimmsnarl|Spirit Break|p1a: Baxcalibur\n|-supereffective|p1a: Baxcalibur\n|-damage|p1a: Baxcalibur|35\/100\n|move|p1a: Baxcalibur|Icicle Crash|p2a: Grimmsnarl\n|-damage|p2a: Grimmsnarl|0 fnt\n|faint|p2a: Grimmsnarl\n|\n|upkeep\n|\n|t:|1682934415\n|switch|p2a: Skeledirge|Skeledirge, L50, M|100\/100\n|turn|4\n|\n|t:|1682934428\n|-terastallize|p2a: Skeledirge|Fairy\n|move|p1a: Baxcalibur|Protect|p1a: Baxcalibur\n|-singleturn|p1a: Baxcalibur|Protect\n|move|p2b: Bronzong|Iron Head|p1b: Flutter Mane\n|-supereffective|p1b: Flutter Mane\n|-damage|p1b: Flutter Mane|41\/100\n|move|p2a: Skeledirge|Torch Song|p1b: Flutter Mane\n|-damage|p1b: Flutter Mane|1\/100\n|-boost|p2a: Skeledirge|spa|1\n|move|p1b: Flutter Mane|Shadow Ball|p2a: Skeledirge\n|-damage|p2a: Skeledirge|30\/100\n|-unboost|p2a: Skeledirge|spd|1\n|\n|-heal|p2a: Skeledirge|36\/100|[from] item: Leftovers\n|upkeep\n|turn|5\n|inactive|N 9902 has 30 seconds left.\n|inactive|fghrhg has 30 seconds left.\n|\n|t:|1682934463\n|move|p1a: Baxcalibur|Ice Shard|p2a: Skeledirge\n|-damage|p2a: Skeledirge|9\/100\n|move|p2b: Bronzong|Iron Head|p1b: Flutter Mane\n|-supereffective|p1b: Flutter Mane\n|-damage|p1b: Flutter Mane|0 fnt\n|faint|p1b: Flutter Mane\n|-end|p1b: Flutter Mane|Protosynthesis|[silent]\n|move|p2a: Skeledirge|Encore|p1a: Baxcalibur\n|-start|p1a: Baxcalibur|Encore\n|\n|-heal|p2a: Skeledirge|15\/100|[from] item: Leftovers\n|-fieldend|move: Trick Room\n|upkeep\n|\n|t:|1682934484\n|switch|p1b: Arcanine|Arcanine, L50, F|44\/100\n|-ability|p1b: Arcanine|Intimidate|boost\n|-unboost|p2a: Skeledirge|atk|1\n|-unboost|p2b: Bronzong|atk|1\n|turn|6\n|\n|t:|1682934503\n|move|p2a: Skeledirge|Protect|p2a: Skeledirge\n|-singleturn|p2a: Skeledirge|Protect\n|move|p1a: Baxcalibur|Ice Shard|p2a: Skeledirge\n|-activate|p2a: Skeledirge|move: Protect\n|move|p1b: Arcanine|Flare Blitz|p2b: Bronzong\n|-supereffective|p2b: Bronzong\n|-damage|p2b: Bronzong|42\/100\n|-damage|p1b: Arcanine|25\/100|[from] Recoil\n|move|p2b: Bronzong|Trick Room|p2b: Bronzong\n|-fieldstart|move: Trick Room|[of] p2b: Bronzong\n|\n|-heal|p2a: Skeledirge|20\/100|[from] item: Leftovers\n|upkeep\n|turn|7\n|\n|t:|1682934528\n|switch|p2a: Gastrodon|Gastrodon, L50, F|100\/100\n|move|p1a: Baxcalibur|Ice Shard|p2a: Gastrodon\n|-damage|p2a: Gastrodon|61\/100\n|move|p2b: Bronzong|Body Press|p1b: Arcanine\n|-damage|p1b: Arcanine|0 fnt\n|faint|p1b: Arcanine\n|\n|upkeep\n|\n|t:|1682934539\n|switch|p1b: Ting-Lu|Ting-Lu, L50|100\/100\n|-ability|p1b: Ting-Lu|Vessel of Ruin\n|turn|8\n|\n|t:|1682934554\n|move|p2a: Gastrodon|Protect|p2a: Gastrodon\n|-singleturn|p2a: Gastrodon|Protect\n|move|p1a: Baxcalibur|Ice Shard|p2a: Gastrodon\n|-activate|p2a: Gastrodon|move: Protect\n|move|p2b: Bronzong|Body Press|p1a: Baxcalibur\n|-damage|p1a: Baxcalibur|10\/100\n|move|p1b: Ting-Lu|Stomping Tantrum|p2a: Gastrodon\n|-activate|p2a: Gastrodon|move: Protect\n|\n|-end|p1a: Baxcalibur|Encore\n|upkeep\n|turn|9\n|\n|t:|1682934578\n|move|p2a: Gastrodon|Protect|p2a: Gastrodon\n|-singleturn|p2a: Gastrodon|Protect\n|move|p1a: Baxcalibur|Ice Shard|p2a: Gastrodon\n|-activate|p2a: Gastrodon|move: Protect\n|move|p2b: Bronzong|Body Press|p1a: Baxcalibur\n|-damage|p1a: Baxcalibur|0 fnt\n|faint|p1a: Baxcalibur\n|move|p1b: Ting-Lu|Stomping Tantrum|p2a: Gastrodon\n|-activate|p2a: Gastrodon|move: Protect\n|\n|upkeep\n|turn|10\n|\n|t:|1682934587\n|move|p2b: Bronzong|Body Press|p1b: Ting-Lu\n|-supereffective|p1b: Ting-Lu\n|-damage|p1b: Ting-Lu|72\/100\n|move|p2a: Gastrodon|Sludge Bomb|p1b: Ting-Lu\n|-resisted|p1b: Ting-Lu\n|-damage|p1b: Ting-Lu|67\/100\n|move|p1b: Ting-Lu|Stomping Tantrum|p2a: Gastrodon\n|-damage|p2a: Gastrodon|23\/100\n|\n|-fieldend|move: Trick Room\n|upkeep\n|turn|11\n|\n|t:|1682934600\n|move|p2a: Gastrodon|Protect|p2a: Gastrodon\n|-singleturn|p2a: Gastrodon|Protect\n|move|p1b: Ting-Lu|Stomping Tantrum|p2a: Gastrodon\n|-activate|p2a: Gastrodon|move: Protect\n|move|p2b: Bronzong|Trick Room|p2b: Bronzong\n|-fieldstart|move: Trick Room|[of] p2b: Bronzong\n|\n|upkeep\n|turn|12\n|\n|t:|1682934605\n|move|p2b: Bronzong|Body Press|p1b: Ting-Lu\n|-supereffective|p1b: Ting-Lu\n|-damage|p1b: Ting-Lu|36\/100\n|move|p2a: Gastrodon|Sludge Bomb|p1b: Ting-Lu\n|-resisted|p1b: Ting-Lu\n|-damage|p1b: Ting-Lu|31\/100\n|move|p1b: Ting-Lu|Stomping Tantrum|p2a: Gastrodon\n|-damage|p2a: Gastrodon|0 fnt\n|faint|p2a: Gastrodon\n|\n|upkeep\n|-message|N 9902 forfeited.\n|\n|win|fghrhg\n|raw|N 9902's rating: 1208 → 1181<\/strong> (-27 for losing)\n|raw|fghrhg's rating: 1180 → 1207<\/strong> (+27 for winning)\n|l|\u2606N 9902\n","uploadtime":1682934614,"views":19,"p1id":"n9902","p2id":"fghrhg","formatid":"gen9vgc2023regulationc","rating":1181,"private":0,"password":""}