{"id":"gen9vgc2023regulationc-1862126990","p1":"MinatoPSI","p2":"pizza man117","format":"[Gen 9] VGC 2023 Regulation C","log":"|j|\u2606MinatoPSI\n|j|\u2606pizza man117\n|t:|1683839803\n|gametype|doubles\n|player|p1|MinatoPSI|riley|1100\n|player|p2|pizza man117|steven|1107\n|teamsize|p1|6\n|teamsize|p2|6\n|gen|9\n|tier|[Gen 9] VGC 2023 Regulation C\n|rated|\n|rule|Species Clause: Limit one of each Pok\u00e9mon\n|rule|Item Clause: Limit one of each item\n|clearpoke\n|poke|p1|Gengar, L50, M|\n|poke|p1|Bisharp, L50, M|\n|poke|p1|Meowscarada, L50, F|\n|poke|p1|Iron Bundle, L50|\n|poke|p1|Annihilape, L50, F|\n|poke|p1|Arcanine, L50, F|\n|poke|p2|Gogoat, L50, F|\n|poke|p2|Annihilape, L50, F|\n|poke|p2|Brute Bonnet, L50|\n|poke|p2|Arcanine, L50, F|\n|poke|p2|Flutter Mane, L50|\n|poke|p2|Toxapex, L50, F|\n|teampreview|4\n|inactive|Battle timer is ON: inactive players will automatically lose when time's up. (requested by MinatoPSI)\n|inactive|MinatoPSI has 60 seconds left.\n|\n|t:|1683839845\n|start\n|switch|p1a: Iron Bundle|Iron Bundle, L50|100\/100\n|switch|p1b: Gengar|Gengar, L50, M, shiny|100\/100\n|switch|p2a: Gogoat|Gogoat, L50, F, shiny|100\/100\n|switch|p2b: Annihilape|Annihilape, L50, F|100\/100\n|-item|p1b: Gengar|Air Balloon\n|-enditem|p1a: Iron Bundle|Booster Energy\n|-activate|p1a: Iron Bundle|ability: Quark Drive|[fromitem]\n|-start|p1a: Iron Bundle|quarkdrivespe\n|turn|1\n|\n|t:|1683839866\n|switch|p2b: Arcanine|Arcanine, L50, F|100\/100\n|-ability|p2b: Arcanine|Intimidate|boost\n|-unboost|p1a: Iron Bundle|atk|1\n|-unboost|p1b: Gengar|atk|1\n|move|p1a: Iron Bundle|Icy Wind|p2b: Arcanine|[spread] p2a,p2b\n|-supereffective|p2a: Gogoat\n|-resisted|p2b: Arcanine\n|-damage|p2a: Gogoat|68\/100\n|-damage|p2b: Arcanine|89\/100\n|-unboost|p2a: Gogoat|spe|1\n|-unboost|p2b: Arcanine|spe|1\n|move|p1b: Gengar|Thunderbolt|p2b: Arcanine\n|-damage|p2b: Arcanine|56\/100\n|move|p2a: Gogoat|Bulk Up|p2a: Gogoat\n|-boost|p2a: Gogoat|atk|1\n|-boost|p2a: Gogoat|def|1\n|\n|-heal|p2a: Gogoat|74\/100|[from] item: Leftovers\n|upkeep\n|turn|2\n|\n|t:|1683839891\n|move|p1a: Iron Bundle|Hydro Pump|p2b: Arcanine\n|-supereffective|p2b: Arcanine\n|-damage|p2b: Arcanine|0 fnt\n|faint|p2b: Arcanine\n|move|p1b: Gengar|Clear Smog|p2a: Gogoat\n|-supereffective|p2a: Gogoat\n|-damage|p2a: Gogoat|40\/100\n|-clearboost|p2a: Gogoat\n|move|p2a: Gogoat|Bulk Up|p2a: Gogoat\n|-boost|p2a: Gogoat|atk|1\n|-boost|p2a: Gogoat|def|1\n|\n|-heal|p2a: Gogoat|46\/100|[from] item: Leftovers\n|upkeep\n|\n|t:|1683839903\n|switch|p2b: Brute Bonnet|Brute Bonnet, L50|100\/100\n|turn|3\n|\n|t:|1683839921\n|-terastallize|p2b: Brute Bonnet|Dark\n|move|p2b: Brute Bonnet|Sucker Punch|p1b: Gengar\n|-supereffective|p1b: Gengar\n|-damage|p1b: Gengar|0 fnt\n|-enditem|p1b: Gengar|Air Balloon\n|faint|p1b: Gengar\n|move|p1a: Iron Bundle|Icy Wind|p2a: Gogoat|[spread] p2a\n|-miss|p1a: Iron Bundle|p2b: Brute Bonnet\n|-supereffective|p2a: Gogoat\n|-damage|p2a: Gogoat|16\/100\n|-unboost|p2a: Gogoat|spe|1\n|move|p2a: Gogoat|Horn Leech|p1a: Iron Bundle\n|-supereffective|p1a: Iron Bundle\n|-damage|p1a: Iron Bundle|0 fnt\n|-heal|p2a: Gogoat|45\/100|[from] drain|[of] p1a: Iron Bundle\n|faint|p1a: Iron Bundle\n|-end|p1a: Iron Bundle|Quark Drive|[silent]\n|\n|-heal|p2a: Gogoat|51\/100|[from] item: Leftovers\n|upkeep\n|\n|t:|1683839925\n|switch|p1a: Bisharp|Bisharp, L50, M|100\/100\n|switch|p1b: Annihilape|Annihilape, L50, F|100\/100\n|turn|4\n|\n|t:|1683839945\n|move|p2b: Brute Bonnet|Protect|p2b: Brute Bonnet\n|-singleturn|p2b: Brute Bonnet|Protect\n|move|p1b: Annihilape|Close Combat|p2b: Brute Bonnet\n|-activate|p2b: Brute Bonnet|move: Protect\n|move|p1a: Bisharp|Swords Dance|p1a: Bisharp\n|-boost|p1a: Bisharp|atk|2\n|move|p2a: Gogoat|Horn Leech|p1b: Annihilape\n|-damage|p1b: Annihilape|60\/100\n|-heal|p2a: Gogoat|70\/100|[from] drain|[of] p1b: Annihilape\n|\n|-heal|p2a: Gogoat|76\/100|[from] item: Leftovers\n|upkeep\n|turn|5\n|\n|t:|1683839966\n|-end|p2b: Brute Bonnet|Protosynthesis|[silent]\n|switch|p2b: Annihilape|Annihilape, L50, F|100\/100\n|move|p1b: Annihilape|Close Combat|p2b: Annihilape\n|-immune|p2b: Annihilape\n|move|p1a: Bisharp|Iron Head|p2b: Annihilape\n|-damage|p2b: Annihilape|27\/100\n|-enditem|p2b: Annihilape|Sitrus Berry|[eat]\n|-heal|p2b: Annihilape|52\/100|[from] item: Sitrus Berry\n|move|p2a: Gogoat|Horn Leech|p1b: Annihilape\n|-crit|p1b: Annihilape\n|-damage|p1b: Annihilape|0 fnt\n|-heal|p2a: Gogoat|100\/100|[from] drain|[of] p1b: Annihilape\n|faint|p1b: Annihilape\n|\n|upkeep\n|turn|6\n|\n|t:|1683839987\n|move|p1a: Bisharp|Sucker Punch|p2b: Annihilape\n|-damage|p2b: Annihilape|0 fnt\n|faint|p2b: Annihilape\n|move|p2a: Gogoat|Horn Leech|p1a: Bisharp\n|-resisted|p1a: Bisharp\n|-crit|p1a: Bisharp\n|-damage|p1a: Bisharp|79\/100\n|\n|upkeep\n|\n|t:|1683839994\n|switch|p2b: Brute Bonnet|Brute Bonnet, L50, tera:Dark|100\/100\n|turn|7\n|\n|t:|1683840008\n|move|p1a: Bisharp|Protect|p1a: Bisharp\n|-singleturn|p1a: Bisharp|Protect\n|move|p2b: Brute Bonnet|Spore|p1a: Bisharp\n|-activate|p1a: Bisharp|move: Protect\n|move|p2a: Gogoat|Horn Leech|p1a: Bisharp\n|-activate|p1a: Bisharp|move: Protect\n|\n|upkeep\n|turn|8\n|\n|t:|1683840022\n|move|p2b: Brute Bonnet|Protect|p2b: Brute Bonnet\n|-singleturn|p2b: Brute Bonnet|Protect\n|move|p1a: Bisharp|Iron Head|p2b: Brute Bonnet\n|-activate|p2b: Brute Bonnet|move: Protect\n|move|p2a: Gogoat|Bulk Up|p2a: Gogoat\n|-boost|p2a: Gogoat|atk|1\n|-boost|p2a: Gogoat|def|1\n|\n|upkeep\n|turn|9\n|\n|t:|1683840034\n|move|p1a: Bisharp|Iron Head|p2b: Brute Bonnet\n|-damage|p2b: Brute Bonnet|44\/100\n|cant|p2b: Brute Bonnet|flinch\n|move|p2a: Gogoat|Bulk Up|p2a: Gogoat\n|-boost|p2a: Gogoat|atk|1\n|-boost|p2a: Gogoat|def|1\n|\n|upkeep\n|turn|10\n|\n|t:|1683840044\n|move|p2b: Brute Bonnet|Protect|p2b: Brute Bonnet\n|-singleturn|p2b: Brute Bonnet|Protect\n|move|p1a: Bisharp|Iron Head|p2b: Brute Bonnet\n|-activate|p2b: Brute Bonnet|move: Protect\n|move|p2a: Gogoat|Horn Leech|p1a: Bisharp\n|-resisted|p1a: Bisharp\n|-damage|p1a: Bisharp|58\/100\n|\n|upkeep\n|turn|11\n|\n|t:|1683840058\n|move|p1a: Bisharp|Iron Head|p2b: Brute Bonnet\n|-damage|p2b: Brute Bonnet|0 fnt\n|faint|p2b: Brute Bonnet\n|-end|p2b: Brute Bonnet|Protosynthesis|[silent]\n|move|p2a: Gogoat|Horn Leech|p1a: Bisharp\n|-resisted|p1a: Bisharp\n|-damage|p1a: Bisharp|37\/100\n|\n|upkeep\n|turn|12\n|\n|t:|1683840066\n|move|p1a: Bisharp|Iron Head|p2a: Gogoat\n|-damage|p2a: Gogoat|67\/100\n|move|p2a: Gogoat|Bulk Up|p2a: Gogoat\n|-boost|p2a: Gogoat|atk|1\n|-boost|p2a: Gogoat|def|1\n|\n|-heal|p2a: Gogoat|73\/100|[from] item: Leftovers\n|upkeep\n|turn|13\n|\n|t:|1683840074\n|move|p1a: Bisharp|Iron Head|p2a: Gogoat\n|-damage|p2a: Gogoat|45\/100\n|move|p2a: Gogoat|Bulk Up|p2a: Gogoat\n|-boost|p2a: Gogoat|atk|1\n|-boost|p2a: Gogoat|def|1\n|\n|-heal|p2a: Gogoat|51\/100|[from] item: Leftovers\n|upkeep\n|turn|14\n|\n|t:|1683840081\n|move|p1a: Bisharp|Iron Head|p2a: Gogoat\n|-damage|p2a: Gogoat|25\/100\n|cant|p2a: Gogoat|flinch\n|\n|-heal|p2a: Gogoat|31\/100|[from] item: Leftovers\n|upkeep\n|turn|15\n|\n|t:|1683840087\n|move|p1a: Bisharp|Iron Head|p2a: Gogoat\n|-damage|p2a: Gogoat|7\/100\n|move|p2a: Gogoat|Milk Drink|p2a: Gogoat\n|-heal|p2a: Gogoat|57\/100\n|\n|-heal|p2a: Gogoat|64\/100|[from] item: Leftovers\n|upkeep\n|turn|16\n|\n|t:|1683840094\n|move|p1a: Bisharp|Iron Head|p2a: Gogoat\n|-damage|p2a: Gogoat|40\/100\n|move|p2a: Gogoat|Horn Leech|p1a: Bisharp\n|-resisted|p1a: Bisharp\n|-damage|p1a: Bisharp|4\/100\n|-heal|p2a: Gogoat|53\/100|[from] drain|[of] p1a: Bisharp\n|\n|-heal|p2a: Gogoat|59\/100|[from] item: Leftovers\n|upkeep\n|turn|17\n|\n|t:|1683840103\n|move|p1a: Bisharp|Iron Head|p2a: Gogoat\n|-damage|p2a: Gogoat|34\/100\n|cant|p2a: Gogoat|flinch\n|\n|-heal|p2a: Gogoat|40\/100|[from] item: Leftovers\n|upkeep\n|turn|18\n|\n|t:|1683840109\n|move|p1a: Bisharp|Iron Head|p2a: Gogoat\n|-damage|p2a: Gogoat|17\/100\n|cant|p2a: Gogoat|flinch\n|\n|-heal|p2a: Gogoat|24\/100|[from] item: Leftovers\n|upkeep\n|turn|19\n|\n|t:|1683840118\n|move|p1a: Bisharp|Iron Head|p2a: Gogoat\n|-damage|p2a: Gogoat|0 fnt\n|faint|p2a: Gogoat\n|\n|win|MinatoPSI\n|raw|MinatoPSI's rating: 1100 → 1126<\/strong> (+26 for winning)\n|raw|pizza man117's rating: 1107 → 1081<\/strong> (-26 for losing)\n|c|\u2606MinatoPSI|ggs\n|c|\u2606pizza man117|gg\n|c|\u2606pizza man117|whats the chance on the flinch\n|l|\u2606pizza man117\n","uploadtime":1683840187,"views":10,"p1id":"minatopsi","p2id":"pizzaman117","formatid":"gen9vgc2023regulationc","rating":1081,"private":0,"password":""}