{"id":"gen9vgc2023regulationc-1847450607","p1":"aefsafwsfwefWE","p2":"HGkkshghjiK","format":"[Gen 9] VGC 2023 Regulation C","log":"|j|\u2606aefsafwsfwefWE\n|j|\u2606HGkkshghjiK\n|t:|1681956626\n|gametype|doubles\n|player|p1|aefsafwsfwefWE|hiker-gen4|1035\n|player|p2|HGkkshghjiK|102|1000\n|teamsize|p1|6\n|teamsize|p2|6\n|gen|9\n|tier|[Gen 9] VGC 2023 Regulation C\n|rated|\n|rule|Species Clause: Limit one of each Pok\u00e9mon\n|rule|Item Clause: Limit one of each item\n|clearpoke\n|poke|p1|Krookodile, L50, F|\n|poke|p1|Meowscarada, L50, M|\n|poke|p1|Flamigo, L50, M|\n|poke|p1|Sableye, L50, F|\n|poke|p1|Hatterene, L50, F|\n|poke|p1|Indeedee-F, L50, F|\n|poke|p2|Chien-Pao, L50|\n|poke|p2|Gyarados, L50, F|\n|poke|p2|Iron Hands, L50|\n|poke|p2|Dragonite, L50, M|\n|poke|p2|Amoonguss, L50, F|\n|poke|p2|Volcarona, L50, M|\n|teampreview|4\naefsafwsfwefWE rejected open team sheets.\n|\n|t:|1681956672\n|start\n|switch|p1a: Sableye|Sableye, L50, F|100\/100\n|switch|p1b: Flamigo|Flamigo, L50, M|100\/100\n|switch|p2a: Chien-Pao|Chien-Pao, L50|100\/100\n|switch|p2b: Iron Hands|Iron Hands, L50|100\/100\n|-ability|p2a: Chien-Pao|Sword of Ruin\n|-copyboost|p1b: Flamigo|p1a: Sableye|[from] ability: Costar\n|turn|1\n|inactive|Battle timer is ON: inactive players will automatically lose when time's up. (requested by aefsafwsfwefWE)\n|inactive|aefsafwsfwefWE has 60 seconds left.\n|inactive|HGkkshghjiK has 60 seconds left.\n|\n|t:|1681956719\n|move|p2a: Chien-Pao|Protect|p2a: Chien-Pao\n|-singleturn|p2a: Chien-Pao|Protect\n|move|p2b: Iron Hands|Fake Out|p1b: Flamigo\n|-damage|p1b: Flamigo|67\/100\n|move|p1a: Sableye|Skill Swap|p2a: Chien-Pao\n|-activate|p2a: Chien-Pao|move: Protect\n|cant|p1b: Flamigo|flinch\n|\n|upkeep\n|turn|2\n|inactive|aefsafwsfwefWE has 30 seconds left.\n|inactive|HGkkshghjiK has 30 seconds left.\n|inactive|aefsafwsfwefWE has 20 seconds left.\n|inactive|HGkkshghjiK has 20 seconds left.\n|\n|t:|1681956758\n|switch|p2a: Amoonguss|Amoonguss, L50, F|100\/100\n|switch|p1b: Krookodile|Krookodile, L50, F|100\/100\n|move|p1a: Sableye|Skill Swap|p2a: Amoonguss\n|-activate|p1a: Sableye|move: Skill Swap|Regenerator|Prankster|[of] p2a: Amoonguss\n|move|p2b: Iron Hands|Wild Charge|p1b: Krookodile\n|-immune|p1b: Krookodile\n|\n|upkeep\n|turn|3\n|inactive|HGkkshghjiK has 30 seconds left.\n|\n|t:|1681956783\n|-end|p2b: Iron Hands|Quark Drive|[silent]\n|switch|p2b: Gyarados|Gyarados, L50, F|100\/100\n|-ability|p2b: Gyarados|Intimidate|boost\n|-unboost|p1a: Sableye|atk|1\n|-unboost|p1b: Krookodile|atk|1\n|move|p1b: Krookodile|Protect|p1b: Krookodile\n|-singleturn|p1b: Krookodile|Protect\n|move|p2a: Amoonguss|Spore|p1b: Krookodile\n|-activate|p1b: Krookodile|move: Protect\n|move|p1a: Sableye|Skill Swap|p2a: Amoonguss\n|-activate|p1a: Sableye|move: Skill Swap|Prankster|Regenerator|[of] p2a: Amoonguss\n|\n|upkeep\n|turn|4\n|inactive|aefsafwsfwefWE has 30 seconds left.\n|inactive|aefsafwsfwefWE has 20 seconds left.\n|\n|t:|1681956823\n|switch|p1b: Flamigo|Flamigo, L50, M|67\/100\n|-copyboost|p1b: Flamigo|p1a: Sableye|[from] ability: Costar\n|switch|p1a: Meowscarada|Meowscarada, L50, M|100\/100\n|move|p2b: Gyarados|Protect|p2b: Gyarados\n|-singleturn|p2b: Gyarados|Protect\n|move|p2a: Amoonguss|Spore|p1b: Flamigo\n|-status|p1b: Flamigo|slp|[from] move: Spore\n|\n|upkeep\n|turn|5\n|inactive|aefsafwsfwefWE has 30 seconds left.\n|inactive|HGkkshghjiK has 30 seconds left.\n|\n|t:|1681956853\n|switch|p1b: Krookodile|Krookodile, L50, F|100\/100\n|move|p1a: Meowscarada|Ally Switch|p1a: Meowscarada\n|swap|p1a: Meowscarada|1|[from] move: Ally Switch\n|move|p2a: Amoonguss|Rage Powder|p2a: Amoonguss\n|-singleturn|p2a: Amoonguss|move: Rage Powder\n|move|p2b: Gyarados|Dragon Dance|p2b: Gyarados\n|-boost|p2b: Gyarados|atk|1\n|-boost|p2b: Gyarados|spe|1\n|\n|upkeep\n|turn|6\n|inactive|HGkkshghjiK has 30 seconds left.\n|inactive|HGkkshghjiK has 20 seconds left.\n|inactive|HGkkshghjiK has 15 seconds left.\n|\n|t:|1681956895\n|switch|p2b: Chien-Pao|Chien-Pao, L50|100\/100\n|-ability|p2b: Chien-Pao|Sword of Ruin\n|move|p1b: Meowscarada|Flower Trick|p1a: Krookodile\n|-supereffective|p1a: Krookodile\n|-crit|p1a: Krookodile\n|-damage|p1a: Krookodile|0 fnt\n|faint|p1a: Krookodile\n|move|p2a: Amoonguss|Pollen Puff|p1b: Meowscarada\n|-supereffective|p1b: Meowscarada\n|-damage|p1b: Meowscarada|0 fnt\n|faint|p1b: Meowscarada\n|\n|upkeep\n|-message|aefsafwsfwefWE forfeited.\n|\n|win|HGkkshghjiK\n|raw|aefsafwsfwefWE's rating: 1035 → 1018<\/strong> (-17 for losing)\n|raw|HGkkshghjiK's rating: 1000 → 1044<\/strong> (+44 for winning)\n|l|\u2606aefsafwsfwefWE\n|n|\u2606HGkkshghjiK|hgkkshghjik\n","uploadtime":1681957013,"views":8,"p1id":"aefsafwsfwefwe","p2id":"hgkkshghjik","formatid":"gen9vgc2023regulationc","rating":1018,"private":0,"password":""}