{"id":"gen9vgc2023regulationc-1859576939","p1":"sonniko","p2":"redstonejesus","format":"[Gen 9] VGC 2023 Regulation C","log":"|j|\u2606sonniko\n|j|\u2606redstonejesus\n|t:|1683544260\n|gametype|doubles\n|player|p1|sonniko|swimmerf-gen4|1179\n|player|p2|redstonejesus|265|1185\n|teamsize|p1|6\n|teamsize|p2|6\n|gen|9\n|tier|[Gen 9] VGC 2023 Regulation C\n|rated|\n|rule|Species Clause: Limit one of each Pok\u00e9mon\n|rule|Item Clause: Limit one of each item\n|clearpoke\n|poke|p1|Palafin, L50, M|\n|poke|p1|Flutter Mane, L50|\n|poke|p1|Arcanine, L50, M|\n|poke|p1|Amoonguss, L50, F|\n|poke|p1|Ting-Lu, L50|\n|poke|p1|Baxcalibur, L50, F|\n|poke|p2|Great Tusk, L50|\n|poke|p2|Talonflame, L50, M|\n|poke|p2|Flutter Mane, L50|\n|poke|p2|Iron Bundle, L50|\n|poke|p2|Tyranitar, L50, F|\n|poke|p2|Gothitelle, L50, F|\n|teampreview|4\n|\n|t:|1683544275\n|start\n|switch|p1a: Baxcalibur|Baxcalibur, L50, F|100\/100\n|switch|p1b: Palafin|Palafin, L50, M|100\/100\n|switch|p2a: Kingdom|Great Tusk, L50|100\/100\n|switch|p2b: Move Along|Iron Bundle, L50|100\/100\n|-enditem|p2b: Move Along|Booster Energy\n|-activate|p2b: Move Along|ability: Quark Drive|[fromitem]\n|-start|p2b: Move Along|quarkdrivespe\n|turn|1\n|inactive|Battle timer is ON: inactive players will automatically lose when time's up. (requested by sonniko)\n|\n|t:|1683544295\n|detailschange|p1b: Palafin|Palafin-Hero, L50, M\n|switch|p1b: Arcanine|Arcanine, L50, M|100\/100\n|-ability|p1b: Arcanine|Intimidate|boost\n|-unboost|p2a: Kingdom|atk|1\n|-unboost|p2b: Move Along|atk|1\n|-terastallize|p2a: Kingdom|Steel\n|move|p2b: Move Along|Hydro Pump|p1a: Baxcalibur\n|-resisted|p1a: Baxcalibur\n|-damage|p1a: Baxcalibur|78\/100\n|move|p2a: Kingdom|Headlong Rush|p1b: Arcanine\n|-supereffective|p1b: Arcanine\n|-damage|p1b: Arcanine|36\/100\n|-unboost|p2a: Kingdom|def|1\n|-unboost|p2a: Kingdom|spd|1\n|move|p1a: Baxcalibur|Dragon Dance|p1a: Baxcalibur\n|-boost|p1a: Baxcalibur|atk|1\n|-boost|p1a: Baxcalibur|spe|1\n|\n|upkeep\n|turn|2\n|\n|t:|1683544319\n|move|p2b: Move Along|Icy Wind|p1a: Baxcalibur|[spread] p1a,p1b\n|-resisted|p1b: Arcanine\n|-damage|p1a: Baxcalibur|61\/100\n|-damage|p1b: Arcanine|24\/100\n|-unboost|p1a: Baxcalibur|spe|1\n|-unboost|p1b: Arcanine|spe|1\n|move|p2a: Kingdom|Headlong Rush|p1a: Baxcalibur\n|-damage|p1a: Baxcalibur|21\/100\n|-unboost|p2a: Kingdom|def|1\n|-unboost|p2a: Kingdom|spd|1\n|move|p1a: Baxcalibur|Glaive Rush|p2a: Kingdom\n|-resisted|p2a: Kingdom\n|-damage|p2a: Kingdom|17\/100\n|-singlemove|p1a: Baxcalibur|Glaive Rush|[silent]\n|move|p1b: Arcanine|Flare Blitz|p2b: Move Along\n|-damage|p2b: Move Along|45\/100\n|-damage|p1b: Arcanine|12\/100|[from] Recoil\n|\n|upkeep\n|turn|3\n|\n|t:|1683544340\n|move|p1b: Arcanine|Extreme Speed|p2a: Kingdom\n|-resisted|p2a: Kingdom\n|-damage|p2a: Kingdom|3\/100\n|move|p2b: Move Along|Icy Wind|p1a: Baxcalibur|[spread] p1a,p1b\n|-resisted|p1b: Arcanine\n|-damage|p1a: Baxcalibur|0 fnt\n|-damage|p1b: Arcanine|0 fnt\n|faint|p1a: Baxcalibur\n|faint|p1b: Arcanine\n|move|p2a: Kingdom|Headlong Rush|p1: Baxcalibur|[notarget]\n|-fail|p2a: Kingdom\n|\n|upkeep\n|\n|t:|1683544350\n|switch|p1b: Amoonguss|Amoonguss, L50, F|100\/100\n|switch|p1a: Palafin|Palafin-Hero, L50, M|100\/100\n|-activate|p1a: Palafin|ability: Zero to Hero\n|turn|4\n|\n|t:|1683544368\n|move|p1b: Amoonguss|Rage Powder|p1b: Amoonguss\n|-singleturn|p1b: Amoonguss|move: Rage Powder\n|move|p1a: Palafin|Jet Punch|p2a: Kingdom\n|-damage|p2a: Kingdom|0 fnt\n|faint|p2a: Kingdom\n|-end|p2a: Kingdom|Protosynthesis|[silent]\n|move|p2b: Move Along|Freeze-Dry|p1b: Amoonguss\n|-supereffective|p1b: Amoonguss\n|-damage|p1b: Amoonguss|34\/100\n|-enditem|p1b: Amoonguss|Sitrus Berry|[eat]\n|-heal|p1b: Amoonguss|59\/100|[from] item: Sitrus Berry\n|\n|upkeep\n|\n|t:|1683544377\n|switch|p2a: Kingslayer|Flutter Mane, L50|100\/100\n|turn|5\n|\n|t:|1683544388\n|-terastallize|p1a: Palafin|Water\n|move|p2b: Move Along|Freeze-Dry|p1b: Amoonguss\n|-supereffective|p1b: Amoonguss\n|-damage|p1b: Amoonguss|0 fnt\n|faint|p1b: Amoonguss\n|move|p2a: Kingslayer|Thunderbolt|p1a: Palafin\n|-supereffective|p1a: Palafin\n|-damage|p1a: Palafin|13\/100\n|-status|p1a: Palafin|par\n|cant|p1a: Palafin|par\n|\n|upkeep\n|turn|6\n|-message|sonniko forfeited.\n|\n|win|redstonejesus\n|raw|sonniko's rating: 1179 → 1154<\/strong> (-25 for losing)\n|raw|redstonejesus's rating: 1185 → 1210<\/strong> (+25 for winning)\n|l|\u2606sonniko\n","uploadtime":1683544410,"views":8,"p1id":"sonniko","p2id":"redstonejesus","formatid":"gen9vgc2023regulationc","rating":1154,"private":0,"password":""}