{"id":"gen9vgc2023regulationc-1850841936","p1":"MasterHand","p2":"ljhartman","format":"[Gen 9] VGC 2023 Regulation C","log":"|j|\u2606MasterHand\n|j|\u2606ljhartman\n|t:|1682373308\n|gametype|doubles\n|player|p1|MasterHand|volkner|1031\n|player|p2|ljhartman|1|1000\n|teamsize|p1|6\n|teamsize|p2|6\n|gen|9\n|tier|[Gen 9] VGC 2023 Regulation C\n|rated|\n|rule|Species Clause: Limit one of each Pok\u00e9mon\n|rule|Item Clause: Limit one of each item\n|clearpoke\n|poke|p1|Toedscruel, L50, F|\n|poke|p1|Farigiraf, L50, M|\n|poke|p1|Grafaiai, L50, F|\n|poke|p1|Iron Bundle, L50|\n|poke|p1|Slaking, L50, M|\n|poke|p1|Skeledirge, L50, M|\n|poke|p2|Arcanine, L50, F|\n|poke|p2|Haxorus, L50, F|\n|poke|p2|Amoonguss, L50, M|\n|poke|p2|Flutter Mane, L50|\n|poke|p2|Gyarados, L50, F|\n|poke|p2|Vivillon-Fancy, L50, M|\n|teampreview|4\nljhartman has agreed to open team sheets.\n|\n|t:|1682373331\n|start\n|switch|p1a: Iron Bundle|Iron Bundle, L50|100\/100\n|switch|p1b: Farigiraf|Farigiraf, L50, M|100\/100\n|switch|p2a: Gyarados|Gyarados, L50, F|100\/100\n|switch|p2b: Amoonguss|Amoonguss, L50, M|100\/100\n|-ability|p2a: Gyarados|Intimidate|boost\n|-unboost|p1a: Iron Bundle|atk|1\n|-unboost|p1b: Farigiraf|atk|1\n|turn|1\n|\n|t:|1682373404\n|move|p1b: Farigiraf|Protect|p1b: Farigiraf\n|-singleturn|p1b: Farigiraf|Protect\n|move|p2a: Gyarados|Waterfall|p1b: Farigiraf\n|-activate|p1b: Farigiraf|move: Protect\n|move|p1a: Iron Bundle|Freeze-Dry|p2a: Gyarados\n|-supereffective|p2a: Gyarados\n|-damage|p2a: Gyarados|0 fnt\n|faint|p2a: Gyarados\n|move|p2b: Amoonguss|Spore|p1b: Farigiraf\n|-activate|p1b: Farigiraf|move: Protect\n|\n|upkeep\n|inactive|Battle timer is ON: inactive players will automatically lose when time's up. (requested by MasterHand)\n|\n|t:|1682373408\n|switch|p2a: Arcanine|Arcanine, L50, F|100\/100\n|-ability|p2a: Arcanine|Intimidate|boost\n|-unboost|p1a: Iron Bundle|atk|1\n|-unboost|p1b: Farigiraf|atk|1\n|turn|2\n|\n|t:|1682373422\n|-terastallize|p2a: Arcanine|Flying\n|move|p1a: Iron Bundle|Fling|p1b: Farigiraf\n|-supereffective|p1b: Farigiraf\n|-damage|p1b: Farigiraf|97\/100\n|-boost|p1b: Farigiraf|spe|1|[from] item: Salac Berry\n|-enditem|p1b: Farigiraf|Weakness Policy\n|-boost|p1b: Farigiraf|atk|2|[from] item: Weakness Policy\n|-boost|p1b: Farigiraf|spa|2|[from] item: Weakness Policy\n|-enditem|p1a: Iron Bundle|Salac Berry|[from] move: Fling\n|move|p1b: Farigiraf|Stored Power|p2b: Amoonguss\n|-supereffective|p2b: Amoonguss\n|-damage|p2b: Amoonguss|0 fnt\n|faint|p2b: Amoonguss\n|move|p2a: Arcanine|Heat Wave|p1b: Farigiraf|[spread] p1a,p1b\n|-damage|p1a: Iron Bundle|49\/100\n|-damage|p1b: Farigiraf|68\/100\n|\n|upkeep\n|\n|t:|1682373434\n|switch|p2b: Flutter Mane|Flutter Mane, L50|100\/100\n|-enditem|p2b: Flutter Mane|Booster Energy\n|-activate|p2b: Flutter Mane|ability: Protosynthesis|[fromitem]\n|-start|p2b: Flutter Mane|protosynthesisspe\n|turn|3\n|\n|t:|1682373452\n|move|p2b: Flutter Mane|Protect|p2b: Flutter Mane\n|-singleturn|p2b: Flutter Mane|Protect\n|move|p1a: Iron Bundle|Protect|p1a: Iron Bundle\n|-singleturn|p1a: Iron Bundle|Protect\n|move|p1b: Farigiraf|Protect|p1b: Farigiraf\n|-singleturn|p1b: Farigiraf|Protect\n|move|p2a: Arcanine|Heat Wave|p1b: Farigiraf|[spread] \n|-activate|p1a: Iron Bundle|move: Protect\n|-activate|p1b: Farigiraf|move: Protect\n|\n|-activate|p1b: Farigiraf|ability: Cud Chew\n|-enditem|p1b: Farigiraf|Salac Berry|[eat]\n|-boost|p1b: Farigiraf|spe|1|[from] item: Salac Berry\n|upkeep\n|turn|4\n|inactive|ljhartman has 30 seconds left.\n|\n|t:|1682373480\n|move|p2b: Flutter Mane|Dazzling Gleam|p1b: Farigiraf|[spread] p1a,p1b\n|-damage|p1a: Iron Bundle|0 fnt\n|-damage|p1b: Farigiraf|26\/100\n|faint|p1a: Iron Bundle\n|-end|p1a: Iron Bundle|Quark Drive|[silent]\n|move|p1b: Farigiraf|Stored Power|p2b: Flutter Mane\n|-damage|p2b: Flutter Mane|3\/100\n|move|p2a: Arcanine|Heat Wave|p1b: Farigiraf\n|-damage|p1b: Farigiraf|0 fnt\n|faint|p1b: Farigiraf\n|\n|upkeep\n|\n|t:|1682373489\n|switch|p1a: Grafaiai|Grafaiai, L50, F|100\/100\n|switch|p1b: Slaking|Slaking, L50, M|100\/100\n|turn|5\n|\n|t:|1682373506\n|move|p2b: Flutter Mane|Protect|p2b: Flutter Mane\n|-singleturn|p2b: Flutter Mane|Protect\n|move|p1a: Grafaiai|Doodle|p2a: Arcanine\n|-endability|p1a: Grafaiai|Prankster|[from] move: Doodle\n|-ability|p1a: Grafaiai|Intimidate|boost\n|-unboost|p2a: Arcanine|atk|1\n|-unboost|p2b: Flutter Mane|atk|1\n|-ability|p1a: Grafaiai|Intimidate|[from] move: Doodle\n|-endability|p1b: Slaking|Truant|[from] move: Doodle\n|-ability|p1b: Slaking|Intimidate|boost\n|-unboost|p2a: Arcanine|atk|1\n|-unboost|p2b: Flutter Mane|atk|1\n|-ability|p1b: Slaking|Intimidate|[from] move: Doodle\n|move|p1b: Slaking|Ice Punch|p2b: Flutter Mane\n|-activate|p2b: Flutter Mane|move: Protect\n|move|p2a: Arcanine|Heat Wave|p1a: Grafaiai|[spread] p1a,p1b\n|-damage|p1a: Grafaiai|78\/100\n|-damage|p1b: Slaking|71\/100\n|-status|p1b: Slaking|brn\n|\n|-heal|p1a: Grafaiai|83\/100|[from] item: Black Sludge\n|-damage|p1b: Slaking|65\/100 brn|[from] brn\n|upkeep\n|turn|6\n|inactive|MasterHand has 30 seconds left.\n|inactive|ljhartman has 30 seconds left.\n|\n|t:|1682373539\n|move|p2b: Flutter Mane|Dazzling Gleam|p1b: Slaking|[spread] p1a,p1b\n|-resisted|p1a: Grafaiai\n|-damage|p1a: Grafaiai|69\/100\n|-damage|p1b: Slaking|30\/100 brn\n|move|p1b: Slaking|Bulk Up|p1b: Slaking\n|-boost|p1b: Slaking|atk|1\n|-boost|p1b: Slaking|def|1\n|move|p1a: Grafaiai|Encore|p2b: Flutter Mane\n|-start|p2b: Flutter Mane|Encore\n|move|p2a: Arcanine|Heat Wave|p1a: Grafaiai|[spread] p1a,p1b\n|-damage|p1a: Grafaiai|46\/100\n|-damage|p1b: Slaking|0 fnt\n|faint|p1b: Slaking\n|\n|-heal|p1a: Grafaiai|52\/100|[from] item: Black Sludge\n|upkeep\n|turn|7\n|\n|t:|1682373555\n|-terastallize|p1a: Grafaiai|Dark\n|move|p2b: Flutter Mane|Dazzling Gleam|p1a: Grafaiai\n|-supereffective|p1a: Grafaiai\n|-damage|p1a: Grafaiai|0 fnt\n|faint|p1a: Grafaiai\n|\n|win|ljhartman\n|raw|MasterHand's rating: 1031 → 1015<\/strong> (-16 for losing)\n|raw|ljhartman's rating: 1000 → 1044<\/strong> (+44 for winning)\n|l|\u2606ljhartman\n|j|\u2606ljhartman\n|player|p2|ljhartman|1\n","uploadtime":1682373785,"views":21,"p1id":"masterhand","p2id":"ljhartman","formatid":"gen9vgc2023regulationc","rating":1015,"private":0,"password":""}