{"id":"gen9vgc2023regulationc-1863348932","p1":"BenD870","p2":"SouthCroydonSaurs","format":"[Gen 9] VGC 2023 Regulation C","log":"|j|\u2606BenD870\n|j|\u2606SouthCroydonSaurs\n|t:|1684005659\n|gametype|doubles\n|player|p1|BenD870|169|\n|player|p2|SouthCroydonSaurs|1|\n|teamsize|p1|6\n|teamsize|p2|6\n|gen|9\n|tier|[Gen 9] VGC 2023 Regulation C\n|rule|Species Clause: Limit one of each Pok\u00e9mon\n|rule|Item Clause: Limit one of each item\n|clearpoke\n|poke|p1|Naclstack, L50, F|\n|poke|p1|Tsareena, L50, F|\n|poke|p1|Grafaiai, L50, F|\n|poke|p1|Iron Bundle, L50|\n|poke|p1|Chi-Yu, L50|\n|poke|p1|Haxorus, L50, M|\n|poke|p2|Hypno, L50, F|\n|poke|p2|Breloom, L50, F|\n|poke|p2|Flutter Mane, L50|\n|poke|p2|Pelipper, L50, M|\n|poke|p2|Golduck, L50, M|\n|poke|p2|Sandy Shocks, L50|\n|teampreview|4\nBenD870 rejected open team sheets.\n|c|\u2606BenD870|Glhf!\n|j| RylektVGC\n|j| Jay Jingles\n|j| thefriending\n|j| anthonynn\n|j| HottieLamatie\n|j| Memebasedgod\n|c| RylektVGC|Glhf\n|\n|t:|1684005777\n|start\n|switch|p1a: Tsareena|Tsareena, L50, F|100\/100\n|switch|p1b: Iron Bundle|Iron Bundle, L50|100\/100\n|switch|p2a: Pelipper|Pelipper, L50, M|100\/100\n|switch|p2b: Golduck|Golduck, L50, M|100\/100\n|-weather|RainDance|[from] ability: Drizzle|[of] p2a: Pelipper\n|-enditem|p1b: Iron Bundle|Booster Energy\n|-activate|p1b: Iron Bundle|ability: Quark Drive|[fromitem]\n|-start|p1b: Iron Bundle|quarkdrivespe\n|turn|1\n|j| Ciq108\n|c| Jay Jingles|Riley, when next week?\n|c|\u2606SouthCroydonSaurs|glhf\n|\n|t:|1684005817\n|-terastallize|p2b: Golduck|Steel\n|move|p2a: Pelipper|Protect|p2a: Pelipper\n|-singleturn|p2a: Pelipper|Protect\n|move|p1b: Iron Bundle|Freeze-Dry|p2a: Pelipper\n|-activate|p2a: Pelipper|move: Protect\n|move|p2b: Golduck|Power Gem|p1b: Iron Bundle\n|-supereffective|p1b: Iron Bundle\n|-damage|p1b: Iron Bundle|0 fnt\n|faint|p1b: Iron Bundle\n|-end|p1b: Iron Bundle|Quark Drive|[silent]\n|-damage|p2b: Golduck|91\/100|[from] item: Life Orb\n|move|p1a: Tsareena|Power Whip|p2b: Golduck\n|-resisted|p2b: Golduck\n|-damage|p2b: Golduck|49\/100\n|\n|-weather|RainDance|[upkeep]\n|upkeep\n|c| anthonynn|Bring Dozogiri\n|\n|t:|1684005839\n|switch|p1b: Chi-Yu|Chi-Yu, L50|100\/100\n|-ability|p1b: Chi-Yu|Beads of Ruin\n|turn|2\n|c| Ciq108|Noahs dozogiri ptsd intensifies\n|c| RylektVGC|Jay Monday 7:30 am\n|\n|t:|1684005865\n|switch|p1a: Grafaiai|Grafaiai, L50, F|100\/100\n|move|p2b: Golduck|Protect|p2b: Golduck\n|-singleturn|p2b: Golduck|Protect\n|move|p1b: Chi-Yu|Protect|p1b: Chi-Yu\n|-singleturn|p1b: Chi-Yu|Protect\n|move|p2a: Pelipper|Tailwind|p2a: Pelipper\n|-sidestart|p2: SouthCroydonSaurs|move: Tailwind\n|\n|-weather|RainDance|[upkeep]\n|upkeep\n|turn|3\n|c| Jay Jingles|Down\n|c| thefriending|dogogiri no skill\n|c| thefriending|ratio\n|j| GuardianofL1ght\n|c| anthonynn|homo\n|c| Ciq108|Oh ofc when its jay u wanna play early in the week smh smh\n|c| thefriending|hetero\n|\n|t:|1684005896\n|switch|p1b: Tsareena|Tsareena, L50, F|100\/100\n|move|p1a: Grafaiai|Encore|p2a: Pelipper\n|-start|p2a: Pelipper|Encore\n|move|p2b: Golduck|Power Gem|p1a: Grafaiai\n|-damage|p1a: Grafaiai|54\/100\n|-damage|p2b: Golduck|39\/100|[from] item: Life Orb\n|move|p2a: Pelipper|Tailwind||[still]\n|-fail|p2a: Pelipper\n|\n|-weather|RainDance|[upkeep]\n|upkeep\n|turn|4\n|c| thefriending|true ciq\n|j| Kyogre Canucks\n|\n|t:|1684005916\n|switch|p2a: Breloom|Breloom, L50, F|100\/100\n|move|p1a: Grafaiai|Sunny Day|p1a: Grafaiai\n|-weather|SunnyDay\n|move|p2b: Golduck|Surf|p1b: Tsareena|[spread] p2a,p1a,p1b\n|-resisted|p2a: Breloom\n|-resisted|p1b: Tsareena\n|-crit|p1b: Tsareena\n|-damage|p2a: Breloom|84\/100\n|-damage|p1a: Grafaiai|24\/100\n|-damage|p1b: Tsareena|90\/100\n|-damage|p2b: Golduck|29\/100|[from] item: Life Orb\n|move|p1b: Tsareena|High Jump Kick|p2b: Golduck\n|-supereffective|p2b: Golduck\n|-damage|p2b: Golduck|0 fnt\n|faint|p2b: Golduck\n|\n|-weather|SunnyDay|[upkeep]\n|upkeep\n|c| thefriending|ciq, when? monday 11pm bst?\n|\n|t:|1684005931\n|switch|p2b: Sandy Shocks|Sandy Shocks, L50|100\/100\n|-activate|p2b: Sandy Shocks|ability: Protosynthesis\n|-start|p2b: Sandy Shocks|protosynthesisspe\n|turn|5\n|c| Ciq108|Bet\n|c| Ciq108|Tmrow works too\n|c| Ciq108|;)\n|\n|t:|1684005976\n|move|p2b: Sandy Shocks|Protect|p2b: Sandy Shocks\n|-singleturn|p2b: Sandy Shocks|Protect\n|move|p2a: Breloom|Mach Punch|p1a: Grafaiai\n|-damage|p1a: Grafaiai|0 fnt\n|faint|p1a: Grafaiai\n|move|p1b: Tsareena|Power Whip|p2b: Sandy Shocks\n|-activate|p2b: Sandy Shocks|move: Protect\n|\n|-weather|SunnyDay|[upkeep]\n|-sideend|p2: SouthCroydonSaurs|move: Tailwind\n|upkeep\n|\n|t:|1684005978\n|switch|p1a: Chi-Yu|Chi-Yu, L50|100\/100\n|-ability|p1a: Chi-Yu|Beads of Ruin\n|turn|6\n|\n|t:|1684006002\n|switch|p2a: Pelipper|Pelipper, L50, M|100\/100\n|-weather|RainDance|[from] ability: Drizzle|[of] p2a: Pelipper\n|-end|p2b: Sandy Shocks|Protosynthesis\n|move|p1a: Chi-Yu|Protect|p1a: Chi-Yu\n|-singleturn|p1a: Chi-Yu|Protect\n|move|p2b: Sandy Shocks|Thunder|p1a: Chi-Yu\n|-activate|p1a: Chi-Yu|move: Protect\n|move|p1b: Tsareena|Power Whip|p2b: Sandy Shocks\n|-supereffective|p2b: Sandy Shocks\n|-damage|p2b: Sandy Shocks|0 fnt\n|faint|p2b: Sandy Shocks\n|-end|p2b: Sandy Shocks|Protosynthesis|[silent]\n|\n|-weather|RainDance|[upkeep]\n|upkeep\n|\n|t:|1684006015\n|switch|p2b: Breloom|Breloom, L50, F|84\/100\n|turn|7\n|\n|t:|1684006041\n|-terastallize|p1a: Chi-Yu|Fairy\n|move|p2b: Breloom|Mach Punch|p1a: Chi-Yu\n|-resisted|p1a: Chi-Yu\n|-damage|p1a: Chi-Yu|77\/100\n|move|p1a: Chi-Yu|Tera Blast|p2b: Breloom\n|-supereffective|p2b: Breloom\n|-damage|p2b: Breloom|0 fnt\n|faint|p2b: Breloom\n|-damage|p1a: Chi-Yu|67\/100|[from] item: Life Orb\n|move|p1b: Tsareena|Power Whip|p2a: Pelipper\n|-damage|p2a: Pelipper|33\/100\n|move|p2a: Pelipper|Tailwind|p2a: Pelipper\n|-sidestart|p2: SouthCroydonSaurs|move: Tailwind\n|\n|-weather|RainDance|[upkeep]\n|upkeep\n|turn|8\n|\n|t:|1684006061\n|move|p2a: Pelipper|Hydro Pump|p1a: Chi-Yu|[miss]\n|-miss|p2a: Pelipper|p1a: Chi-Yu\n|move|p1a: Chi-Yu|Tera Blast|p2a: Pelipper\n|-damage|p2a: Pelipper|0 fnt\n|faint|p2a: Pelipper\n|-damage|p1a: Chi-Yu|57\/100|[from] item: Life Orb\n|\n|win|BenD870\n|c|\u2606BenD870|Gg\n|c|\u2606SouthCroydonSaurs|gg\n|l| HottieLamatie\n|l| anthonynn\n","uploadtime":1684006069,"views":4,"p1id":"bend870","p2id":"southcroydonsaurs","formatid":"gen9vgc2023regulationc","rating":0,"private":0,"password":""}