{"id":"gen9vgc2023regulationc-1858723602","p1":"kricketot marx","p2":"Anzyll","format":"[Gen 9] VGC 2023 Regulation C","log":"|j|\u2606kricketot marx\n|j|\u2606Anzyll\n|t:|1683348509\n|gametype|doubles\n|player|p1|kricketot marx|flannery|1479\n|player|p2|Anzyll|clemont|1461\n|teamsize|p1|6\n|teamsize|p2|6\n|gen|9\n|tier|[Gen 9] VGC 2023 Regulation C\n|rated|\n|rule|Species Clause: Limit one of each Pok\u00e9mon\n|rule|Item Clause: Limit one of each item\n|clearpoke\n|poke|p1|Scream Tail, L50|\n|poke|p1|Baxcalibur, L50, M|\n|poke|p1|Corviknight, L50, F|\n|poke|p1|Rotom-Wash, L50|\n|poke|p1|Ting-Lu, L50|\n|poke|p1|Kingambit, L50, M|\n|poke|p2|Flutter Mane, L50|\n|poke|p2|Tauros-Paldea-Blaze, L50, M|\n|poke|p2|Iron Bundle, L50|\n|poke|p2|Dudunsparce-*, L50, M|\n|poke|p2|Iron Hands, L50|\n|poke|p2|Scizor, L50, F|\n|teampreview|4\nkricketot marx has agreed to open team sheets.\n|\n|t:|1683348550\n|start\n|switch|p1a: Corviknight|Corviknight, L50, F, shiny|100\/100\n|switch|p1b: Ting-Lu|Ting-Lu, L50|100\/100\n|switch|p2a: Pinhead|Iron Hands, L50|100\/100\n|switch|p2b: RNGesus|Dudunsparce-Three-Segment, L50, M|100\/100\n|-ability|p1b: Ting-Lu|Vessel of Ruin\n|turn|1\n|\n|t:|1683348570\n|move|p2a: Pinhead|Fake Out|p1b: Ting-Lu\n|-damage|p1b: Ting-Lu|90\/100\n|move|p2b: RNGesus|Agility|p2b: RNGesus\n|-boost|p2b: RNGesus|spe|2\n|move|p1a: Corviknight|Tailwind|p1a: Corviknight\n|-sidestart|p1: kricketot marx|move: Tailwind\n|cant|p1b: Ting-Lu|flinch\n|\n|upkeep\n|turn|2\n|\n|t:|1683348594\n|move|p2b: RNGesus|Rock Slide|p1b: Ting-Lu|[spread] p1a,p1b\n|-crit|p1a: Corviknight\n|-resisted|p1b: Ting-Lu\n|-damage|p1a: Corviknight|84\/100\n|-damage|p1b: Ting-Lu|86\/100\n|cant|p1a: Corviknight|flinch\n|cant|p1b: Ting-Lu|flinch\n|move|p2a: Pinhead|Close Combat|p1b: Ting-Lu\n|-supereffective|p1b: Ting-Lu\n|-damage|p1b: Ting-Lu|0 fnt\n|-unboost|p2a: Pinhead|def|1\n|-unboost|p2a: Pinhead|spd|1\n|faint|p1b: Ting-Lu\n|\n|upkeep\n|\n|t:|1683348602\n|switch|p1b: Scream Tail|Scream Tail, L50, shiny|100\/100\n|-enditem|p1b: Scream Tail|Booster Energy\n|-activate|p1b: Scream Tail|ability: Protosynthesis|[fromitem]\n|-start|p1b: Scream Tail|protosynthesisspe\n|turn|3\n|\n|t:|1683348612\n|move|p1b: Scream Tail|Disable|p2b: RNGesus\n|-start|p2b: RNGesus|Disable|Rock Slide\n|cant|p2b: RNGesus|Disable|Rock Slide\n|move|p1a: Corviknight|Brave Bird|p2a: Pinhead\n|-damage|p2a: Pinhead|63\/100\n|-damage|p1a: Corviknight|68\/100|[from] Recoil\n|move|p2a: Pinhead|Close Combat|p1a: Corviknight\n|-damage|p1a: Corviknight|5\/100\n|-unboost|p2a: Pinhead|def|1\n|-unboost|p2a: Pinhead|spd|1\n|\n|upkeep\n|turn|4\n|\n|t:|1683348636\n|-end|p2a: Pinhead|Quark Drive|[silent]\n|switch|p2a: Delibot|Iron Bundle, L50|100\/100\n|move|p1b: Scream Tail|Encore|p2b: RNGesus\n|-start|p2b: RNGesus|Encore\n|cant|p2b: RNGesus|Disable|Rock Slide\n|move|p1a: Corviknight|Brave Bird|p2a: Delibot\n|-damage|p2a: Delibot|54\/100\n|-damage|p1a: Corviknight|0 fnt|[from] Recoil\n|faint|p1a: Corviknight\n|\n|-sideend|p1: kricketot marx|move: Tailwind\n|upkeep\n|\n|t:|1683348640\n|switch|p1a: Rotom|Rotom-Wash, L50, shiny|100\/100\n|turn|5\n|\n|t:|1683348671\n|switch|p2b: Pinhead|Iron Hands, L50|63\/100\n|-terastallize|p1a: Rotom|Electric\n|move|p1b: Scream Tail|Play Rough|p2b: Pinhead\n|-supereffective|p2b: Pinhead\n|-damage|p2b: Pinhead|32\/100\n|-unboost|p2b: Pinhead|atk|1\n|move|p2a: Delibot|Freeze-Dry|p1a: Rotom\n|-damage|p1a: Rotom|67\/100\n|move|p1a: Rotom|Thunderbolt|p2a: Delibot\n|-supereffective|p2a: Delibot\n|-damage|p2a: Delibot|0 fnt\n|faint|p2a: Delibot\n|-end|p2a: Delibot|Quark Drive|[silent]\n|\n|upkeep\n|\n|t:|1683348684\n|switch|p2a: Karina|Flutter Mane, L50|100\/100\n|-enditem|p2a: Karina|Booster Energy\n|-activate|p2a: Karina|ability: Protosynthesis|[fromitem]\n|-start|p2a: Karina|protosynthesisspe\n|turn|6\n|\n|t:|1683348694\n|-terastallize|p2a: Karina|Fairy\n|move|p2b: Pinhead|Fake Out|p1b: Scream Tail\n|-damage|p1b: Scream Tail|91\/100\n|move|p2a: Karina|Dazzling Gleam|p1a: Rotom|[spread] p1a,p1b\n|-damage|p1a: Rotom|25\/100\n|-damage|p1b: Scream Tail|61\/100\n|-enditem|p1a: Rotom|Sitrus Berry|[eat]\n|-heal|p1a: Rotom|50\/100|[from] item: Sitrus Berry\n|cant|p1b: Scream Tail|flinch\n|move|p1a: Rotom|Thunderbolt|p2a: Karina\n|-damage|p2a: Karina|56\/100\n|\n|upkeep\n|turn|7\n|inactive|Battle timer is ON: inactive players will automatically lose when time's up. (requested by Anzyll)\n|\n|t:|1683348767\n|move|p2a: Karina|Shadow Ball|p1b: Scream Tail\n|-supereffective|p1b: Scream Tail\n|-damage|p1b: Scream Tail|0 fnt\n|faint|p1b: Scream Tail\n|-end|p1b: Scream Tail|Protosynthesis|[silent]\n|move|p1a: Rotom|Hydro Pump|p2b: Pinhead|[miss]\n|-miss|p1a: Rotom|p2b: Pinhead\n|move|p2b: Pinhead|Close Combat|p1a: Rotom\n|-damage|p1a: Rotom|11\/100\n|-unboost|p2b: Pinhead|def|1\n|-unboost|p2b: Pinhead|spd|1\n|\n|upkeep\n|turn|8\n|\n|t:|1683348782\n|move|p2a: Karina|Dazzling Gleam|p1a: Rotom\n|-damage|p1a: Rotom|0 fnt\n|faint|p1a: Rotom\n|\n|win|Anzyll\n|raw|kricketot marx's rating: 1479 → 1458<\/strong> (-21 for losing)\n|raw|Anzyll's rating: 1461 → 1482<\/strong> (+21 for winning)\n","uploadtime":1683348785,"views":10,"p1id":"kricketotmarx","p2id":"anzyll","formatid":"gen9vgc2023regulationc","rating":1458,"private":0,"password":""}