{"id":"gen9vgc2023regulationc-1847524216","p1":"GB Seraphix","p2":"underusedapple","format":"[Gen 9] VGC 2023 Regulation C","log":"|j|\u2606GB Seraphix\n|j|\u2606underusedapple\n|t:|1681967090\n|gametype|doubles\n|player|p1|GB Seraphix|rosa|1305\n|player|p2|underusedapple|2|1308\n|teamsize|p1|6\n|teamsize|p2|6\n|gen|9\n|tier|[Gen 9] VGC 2023 Regulation C\n|rated|\n|rule|Species Clause: Limit one of each Pok\u00e9mon\n|rule|Item Clause: Limit one of each item\n|clearpoke\n|poke|p1|Chi-Yu, L50|\n|poke|p1|Dachsbun, L50, F|\n|poke|p1|Flutter Mane, L50|\n|poke|p1|Baxcalibur, L50, M|\n|poke|p1|Amoonguss, L50, M|\n|poke|p1|Rotom-Wash, L50|\n|poke|p2|Gholdengo, L50|\n|poke|p2|Maushold, L50|\n|poke|p2|Gyarados, L50, M|\n|poke|p2|Flutter Mane, L50|\n|poke|p2|Baxcalibur, L50, M|\n|poke|p2|Iron Hands, L50|\n|teampreview|4\n|\n|t:|1681967150\n|start\n|switch|p1a: Nemo|Chi-Yu, L50|100\/100\n|switch|p1b: BB|Flutter Mane, L50|100\/100\n|switch|p2a: Iron Hands|Iron Hands, L50, shiny|100\/100\n|switch|p2b: Gyarados|Gyarados, L50, M, shiny|100\/100\n|-ability|p1a: Nemo|Beads of Ruin\n|-ability|p2b: Gyarados|Intimidate|boost\n|-unboost|p1a: Nemo|atk|1\n|-unboost|p1b: BB|atk|1\n|-enditem|p1b: BB|Booster Energy\n|-activate|p1b: BB|ability: Protosynthesis|[fromitem]\n|-start|p1b: BB|protosynthesisspe\n|turn|1\n|\n|t:|1681967173\n|-terastallize|p1a: Nemo|Ghost\n|move|p2a: Iron Hands|Fake Out|p1a: Nemo\n|-immune|p1a: Nemo\n|move|p1b: BB|Moonblast|p2a: Iron Hands\n|-supereffective|p2a: Iron Hands\n|-damage|p2a: Iron Hands|25\/100\n|move|p1a: Nemo|Heat Wave|p2b: Gyarados|[spread] p2a,p2b\n|-crit|p2a: Iron Hands\n|-resisted|p2b: Gyarados\n|-damage|p2a: Iron Hands|0 fnt\n|-damage|p2b: Gyarados|78\/100\n|faint|p2a: Iron Hands\n|-end|p2a: Iron Hands|Quark Drive|[silent]\n|move|p2b: Gyarados|Thunder Wave|p1b: BB\n|-status|p1b: BB|par\n|\n|upkeep\n|\n|t:|1681967181\n|switch|p2a: Bank Account|Gholdengo, L50|100\/100\n|turn|2\n|\n|t:|1681967198\n|-end|p1b: BB|Protosynthesis|[silent]\n|switch|p1b: Hanabishi|Rotom-Wash, L50|100\/100\n|-terastallize|p2a: Bank Account|Water\n|move|p1a: Nemo|Heat Wave|p2b: Gyarados|[spread] p2a\n|-miss|p1a: Nemo|p2b: Gyarados\n|-resisted|p2a: Bank Account\n|-damage|p2a: Bank Account|75\/100\n|move|p2a: Bank Account|Make It Rain|p1a: Nemo|[spread] p1a,p1b\n|-resisted|p1b: Hanabishi\n|-damage|p1a: Nemo|44\/100\n|-damage|p1b: Hanabishi|83\/100\n|-unboost|p2a: Bank Account|spa|1\n|move|p2b: Gyarados|Waterfall|p1a: Nemo\n|-damage|p1a: Nemo|0 fnt\n|faint|p1a: Nemo\n|\n|-heal|p2a: Bank Account|81\/100|[from] item: Leftovers\n|upkeep\n|\n|t:|1681967221\n|switch|p1a: BB|Flutter Mane, L50|100\/100 par\n|turn|3\n|\n|t:|1681967238\n|move|p2a: Bank Account|Nasty Plot|p2a: Bank Account\n|-boost|p2a: Bank Account|spa|2\n|move|p1b: Hanabishi|Thunderbolt|p2a: Bank Account\n|-supereffective|p2a: Bank Account\n|-damage|p2a: Bank Account|0 fnt\n|faint|p2a: Bank Account\n|move|p2b: Gyarados|Waterfall|p1a: BB\n|-damage|p1a: BB|21\/100 par\n|move|p1a: BB|Moonblast|p2b: Gyarados\n|-damage|p2b: Gyarados|31\/100\n|-unboost|p2b: Gyarados|spa|1\n|-enditem|p2b: Gyarados|Sitrus Berry|[eat]\n|-heal|p2b: Gyarados|56\/100|[from] item: Sitrus Berry\n|\n|upkeep\n|\n|t:|1681967252\n|switch|p2a: Flutter Mane|Flutter Mane, L50|100\/100\n|-enditem|p2a: Flutter Mane|Booster Energy\n|-activate|p2a: Flutter Mane|ability: Protosynthesis|[fromitem]\n|-start|p2a: Flutter Mane|protosynthesisspa\n|turn|4\n|\n|t:|1681967268\n|move|p2b: Gyarados|Helping Hand|p2a: Flutter Mane\n|-singleturn|p2a: Flutter Mane|Helping Hand|[of] p2b: Gyarados\n|move|p1a: BB|Protect|p1a: BB\n|-singleturn|p1a: BB|Protect\n|move|p2a: Flutter Mane|Dazzling Gleam|p1b: Hanabishi|[spread] p1b\n|-activate|p1a: BB|move: Protect\n|-damage|p1b: Hanabishi|18\/100\n|-enditem|p1b: Hanabishi|Sitrus Berry|[eat]\n|-heal|p1b: Hanabishi|43\/100|[from] item: Sitrus Berry\n|move|p1b: Hanabishi|Thunderbolt|p2b: Gyarados\n|-supereffective|p2b: Gyarados\n|-crit|p2b: Gyarados\n|-damage|p2b: Gyarados|0 fnt\n|faint|p2b: Gyarados\n|\n|upkeep\n|turn|5\n|\n|t:|1681967306\n|move|p1a: BB|Protect|p1a: BB\n|-singleturn|p1a: BB|Protect\n|move|p2a: Flutter Mane|Dazzling Gleam|p1a: BB|[spread] p1b\n|-activate|p1a: BB|move: Protect\n|-damage|p1b: Hanabishi|0 fnt\n|faint|p1b: Hanabishi\n|\n|upkeep\n|\n|t:|1681967313\n|switch|p1b: Gardenia|Dachsbun, L50, F|100\/100\n|turn|6\n|\n|t:|1681967322\n|move|p2a: Flutter Mane|Dazzling Gleam|p1a: BB|[spread] p1a,p1b\n|-damage|p1a: BB|0 fnt\n|-damage|p1b: Gardenia|63\/100\n|faint|p1a: BB\n|-end|p1a: BB|Protosynthesis|[silent]\n|move|p1b: Gardenia|Yawn|p2a: Flutter Mane\n|-start|p2a: Flutter Mane|move: Yawn|[of] p1b: Gardenia\n|\n|-heal|p1b: Gardenia|69\/100|[from] item: Leftovers\n|upkeep\n|turn|7\n|\n|t:|1681967342\n|move|p2a: Flutter Mane|Substitute|p2a: Flutter Mane\n|-start|p2a: Flutter Mane|Substitute\n|-damage|p2a: Flutter Mane|76\/100\n|move|p1b: Gardenia|Substitute|p1b: Gardenia\n|-start|p1b: Gardenia|Substitute\n|-damage|p1b: Gardenia|44\/100\n|\n|-heal|p1b: Gardenia|50\/100|[from] item: Leftovers\n|-end|p2a: Flutter Mane|move: Yawn|[silent]\n|-status|p2a: Flutter Mane|slp\n|upkeep\n|turn|8\n|inactive|Battle timer is ON: inactive players will automatically lose when time's up. (requested by GB Seraphix)\n|\n|t:|1681967359\n|cant|p2a: Flutter Mane|slp\n|move|p1b: Gardenia|Body Press|p2a: Flutter Mane\n|-immune|p2a: Flutter Mane\n|\n|-heal|p1b: Gardenia|57\/100|[from] item: Leftovers\n|upkeep\n|turn|9\n|inactive|GB Seraphix has 30 seconds left.\n|\n|t:|1681967394\n|move|p1b: Gardenia|Protect|p1b: Gardenia\n|-singleturn|p1b: Gardenia|Protect\n|cant|p2a: Flutter Mane|slp\n|\n|-heal|p1b: Gardenia|63\/100|[from] item: Leftovers\n|upkeep\n|turn|10\n|l|\u2606GB Seraphix\n|inactive|GB Seraphix disconnected and has a minute to reconnect!\n|player|p1|\n|j|\u2606GB Seraphix\n|inactive|GB Seraphix reconnected and has 50 seconds left.\n|player|p1|GB Seraphix|rosa\n|inactive|GB Seraphix has 30 seconds left.\n|-message|GB Seraphix forfeited.\n|\n|win|underusedapple\n|raw|GB Seraphix's rating: 1305 → 1285<\/strong> (-20 for losing)\n|raw|underusedapple's rating: 1308 → 1328<\/strong> (+20 for winning)\n","uploadtime":1681967431,"views":8,"p1id":"gbseraphix","p2id":"underusedapple","formatid":"gen9vgc2023regulationc","rating":1285,"private":0,"password":""}