{"id":"gen9vgc2023regulationc-1857889909","p1":"Nanans","p2":"Steakman5","format":"[Gen 9] VGC 2023 Regulation C","log":"|j|\u2606Nanans\n|j|\u2606Steakman5\n|t:|1683243620\n|gametype|doubles\n|player|p1|Nanans|brycenman|1157\n|player|p2|Steakman5|swimmer-gen4|1157\n|teamsize|p1|6\n|teamsize|p2|6\n|gen|9\n|tier|[Gen 9] VGC 2023 Regulation C\n|rated|\n|rule|Species Clause: Limit one of each Pok\u00e9mon\n|rule|Item Clause: Limit one of each item\n|clearpoke\n|poke|p1|Armarouge, L50, F|\n|poke|p1|Indeedee-F, L50, F|\n|poke|p1|Arcanine, L50, M|\n|poke|p1|Kingambit, L50, M|\n|poke|p1|Scizor, L50, M|\n|poke|p1|Chien-Pao, L50|\n|poke|p2|Flutter Mane, L50|\n|poke|p2|Altaria, L50, F|\n|poke|p2|Amoonguss, L50, F|\n|poke|p2|Dragonite, L50, F|\n|poke|p2|Chien-Pao, L50|\n|poke|p2|Ceruledge, L50, F|\n|teampreview|4\nNanans has agreed to open team sheets.\n|\n|t:|1683243656\n|start\n|switch|p1a: Armarouge|Armarouge, L50, F, shiny|100\/100\n|switch|p1b: Indeedee|Indeedee-F, L50, F, shiny|100\/100\n|switch|p2a: Flutter Mane|Flutter Mane, L50|100\/100\n|switch|p2b: Amoonguss|Amoonguss, L50, F|100\/100\n|-fieldstart|move: Psychic Terrain|[from] ability: Psychic Surge|[of] p1b: Indeedee\n|-enditem|p1b: Indeedee|Psychic Seed\n|-boost|p1b: Indeedee|spd|1|[from] item: Psychic Seed\n|-enditem|p2a: Flutter Mane|Booster Energy\n|-activate|p2a: Flutter Mane|ability: Protosynthesis|[fromitem]\n|-start|p2a: Flutter Mane|protosynthesisspe\n|turn|1\n|inactive|Battle timer is ON: inactive players will automatically lose when time's up. (requested by Steakman5)\n|inactive|Nanans also wants the timer to be on.\n|inactive|Steakman5 has 60 seconds left.\n|\n|t:|1683243713\n|move|p1b: Indeedee|Follow Me|p1b: Indeedee\n|-singleturn|p1b: Indeedee|move: Follow Me\n|move|p2a: Flutter Mane|Perish Song|p2a: Flutter Mane\n|-start|p1a: Armarouge|perish3|[silent]\n|-start|p1b: Indeedee|perish3|[silent]\n|-start|p2a: Flutter Mane|perish3|[silent]\n|-start|p2b: Amoonguss|perish3|[silent]\n|-fieldactivate|move: Perish Song\n|move|p1a: Armarouge|Expanding Force|p2b: Amoonguss|[spread] p2a,p2b\n|-supereffective|p2b: Amoonguss\n|-damage|p2a: Flutter Mane|26\/100\n|-damage|p2b: Amoonguss|0 fnt\n|faint|p2b: Amoonguss\n|\n|-start|p2a: Flutter Mane|perish3\n|-start|p1b: Indeedee|perish3\n|-start|p1a: Armarouge|perish3\n|upkeep\n|\n|t:|1683243725\n|switch|p2b: Chien-Pao|Chien-Pao, L50|100\/100\n|-ability|p2b: Chien-Pao|Sword of Ruin\n|turn|2\n|\n|t:|1683243733\n|move|p2a: Flutter Mane|Protect|p2a: Flutter Mane\n|-singleturn|p2a: Flutter Mane|Protect\n|move|p1b: Indeedee|Follow Me|p1b: Indeedee\n|-singleturn|p1b: Indeedee|move: Follow Me\n|move|p2b: Chien-Pao|Ice Spinner|p1b: Indeedee\n|-damage|p1b: Indeedee|49\/100\n|-fieldend|move: Psychic Terrain\n|move|p1a: Armarouge|Trick Room|p1a: Armarouge\n|-fieldstart|move: Trick Room|[of] p1a: Armarouge\n|-enditem|p1a: Armarouge|Room Service\n|-unboost|p1a: Armarouge|spe|1|[from] item: Room Service\n|\n|-start|p1a: Armarouge|perish2\n|-start|p1b: Indeedee|perish2\n|-start|p2a: Flutter Mane|perish2\n|upkeep\n|turn|3\n|inactive|Nanans has 30 seconds left.\n|inactive|Steakman5 has 30 seconds left.\n|inactive|Steakman5 has 20 seconds left.\n|\n|t:|1683243770\n|-end|p2a: Flutter Mane|Protosynthesis|[silent]\n|switch|p2a: Ceruledge|Ceruledge, L50, F|100\/100\n|move|p1b: Indeedee|Follow Me|p1b: Indeedee\n|-singleturn|p1b: Indeedee|move: Follow Me\n|move|p1a: Armarouge|Armor Cannon|p2b: Chien-Pao\n|-supereffective|p2b: Chien-Pao\n|-enditem|p2b: Chien-Pao|Focus Sash\n|-damage|p2b: Chien-Pao|1\/100\n|-unboost|p1a: Armarouge|def|1\n|-unboost|p1a: Armarouge|spd|1\n|move|p2b: Chien-Pao|Ice Spinner|p1b: Indeedee\n|-damage|p1b: Indeedee|0 fnt\n|faint|p1b: Indeedee\n|\n|-start|p1a: Armarouge|perish1\n|upkeep\n|\n|t:|1683243778\n|switch|p1b: Scizor|Scizor, L50, M, shiny|100\/100\n|turn|4\n|\n|t:|1683243794\n|move|p2a: Ceruledge|Protect|p2a: Ceruledge\n|-singleturn|p2a: Ceruledge|Protect\n|move|p2b: Chien-Pao|Protect|p2b: Chien-Pao\n|-singleturn|p2b: Chien-Pao|Protect\n|move|p1b: Scizor|Bullet Punch|p2b: Chien-Pao\n|-activate|p2b: Chien-Pao|move: Protect\n|move|p1a: Armarouge|Expanding Force|p2a: Ceruledge\n|-activate|p2a: Ceruledge|move: Protect\n|\n|-start|p1a: Armarouge|perish0\n|faint|p1a: Armarouge\n|upkeep\n|\n|t:|1683243801\n|switch|p1a: Kingambit|Kingambit, L50, M, shiny|100\/100\n|turn|5\n|\n|t:|1683243817\n|move|p1a: Kingambit|Sucker Punch|p2a: Ceruledge\n|-supereffective|p2a: Ceruledge\n|-damage|p2a: Ceruledge|9\/100\n|move|p1b: Scizor|Bullet Punch|p2b: Chien-Pao\n|-supereffective|p2b: Chien-Pao\n|-damage|p2b: Chien-Pao|0 fnt\n|faint|p2b: Chien-Pao\n|move|p2a: Ceruledge|Bitter Blade|p1a: Kingambit\n|-supereffective|p1a: Kingambit\n|-damage|p1a: Kingambit|42\/100\n|-heal|p2a: Ceruledge|41\/100|[from] drain|[of] p1a: Kingambit\n|\n|-heal|p2a: Ceruledge|47\/100|[from] item: Leftovers\n|upkeep\n|\n|t:|1683243826\n|switch|p2b: Flutter Mane|Flutter Mane, L50|26\/100\n|turn|6\n|\n|t:|1683243842\n|move|p2a: Ceruledge|Protect|p2a: Ceruledge\n|-singleturn|p2a: Ceruledge|Protect\n|move|p2b: Flutter Mane|Protect|p2b: Flutter Mane\n|-singleturn|p2b: Flutter Mane|Protect\n|move|p1a: Kingambit|Sucker Punch||[still]\n|-fail|p1a: Kingambit\n|move|p1b: Scizor|Bullet Punch|p2b: Flutter Mane\n|-activate|p2b: Flutter Mane|move: Protect\n|\n|-heal|p2a: Ceruledge|53\/100|[from] item: Leftovers\n|-fieldend|move: Trick Room\n|upkeep\n|turn|7\n|\n|t:|1683243859\n|-terastallize|p2a: Ceruledge|Grass\n|move|p1b: Scizor|Bullet Punch|p2b: Flutter Mane\n|-supereffective|p2b: Flutter Mane\n|-damage|p2b: Flutter Mane|0 fnt\n|faint|p2b: Flutter Mane\n|-end|p2b: Flutter Mane|Protosynthesis|[silent]\n|move|p1a: Kingambit|Sucker Punch|p2a: Ceruledge\n|-damage|p2a: Ceruledge|14\/100\n|move|p2a: Ceruledge|Bitter Blade|p1b: Scizor\n|-supereffective|p1b: Scizor\n|-damage|p1b: Scizor|0 fnt\n|-heal|p2a: Ceruledge|63\/100|[from] drain|[of] p1b: Scizor\n|faint|p1b: Scizor\n|\n|-heal|p2a: Ceruledge|69\/100|[from] item: Leftovers\n|upkeep\n|turn|8\n|inactive|Nanans has 30 seconds left.\n|inactive|Nanans has 20 seconds left.\n|inactive|Nanans has 15 seconds left.\n|\n|t:|1683243901\n|-terastallize|p1a: Kingambit|Dark\n|move|p2a: Ceruledge|Bitter Blade|p1a: Kingambit\n|-crit|p1a: Kingambit\n|-damage|p1a: Kingambit|0 fnt\n|-heal|p2a: Ceruledge|92\/100|[from] drain|[of] p1a: Kingambit\n|faint|p1a: Kingambit\n|\n|win|Steakman5\n|raw|Nanans's rating: 1157 → 1132<\/strong> (-25 for losing)\n|raw|Steakman5's rating: 1157 → 1182<\/strong> (+25 for winning)\n|c|\u2606Steakman5|gg\n","uploadtime":1683243910,"views":6,"p1id":"nanans","p2id":"steakman5","formatid":"gen9vgc2023regulationc","rating":1132,"private":0,"password":""}