{"id":"gen9vgc2023regulationc-1863324039","p1":"Blackleafogog","p2":"PainInTheS","format":"[Gen 9] VGC 2023 Regulation C","log":"|j|\u2606Blackleafogog\n|j|\u2606PainInTheS\n|t:|1684002570\n|gametype|doubles\n|player|p1|Blackleafogog|boarder|1397\n|player|p2|PainInTheS|gentleman-gen4|1362\n|teamsize|p1|6\n|teamsize|p2|6\n|gen|9\n|tier|[Gen 9] VGC 2023 Regulation C\n|rated|\n|rule|Species Clause: Limit one of each Pok\u00e9mon\n|rule|Item Clause: Limit one of each item\n|clearpoke\n|poke|p1|Flamigo, L50, M|\n|poke|p1|Grimmsnarl, L50, M|\n|poke|p1|Ting-Lu, L50|\n|poke|p1|Corviknight, L50, F|\n|poke|p1|Gyarados, L50, F|\n|poke|p1|Magnezone, L50|\n|poke|p2|Orthworm, L50, M|\n|poke|p2|Flutter Mane, L50|\n|poke|p2|Talonflame, L50, F|\n|poke|p2|Glimmora, L50, M|\n|poke|p2|Garchomp, L50, M|\n|poke|p2|Chien-Pao, L50|\n|teampreview|4\nPainInTheS has agreed to open team sheets.\n|inactive|Battle timer is ON: inactive players will automatically lose when time's up. (requested by PainInTheS)\n|inactive|Blackleafogog has 60 seconds left.\n|inactive|PainInTheS has 60 seconds left.\n|\n|t:|1684002617\n|start\n|switch|p1a: Corviknight|Corviknight, L50, F, shiny|100\/100\n|switch|p1b: Gyarados|Gyarados, L50, F, shiny|100\/100\n|switch|p2a: Floating Head|Flutter Mane, L50|100\/100\n|switch|p2b: Gamora|Glimmora, L50, M|100\/100\n|-ability|p1b: Gyarados|Intimidate|boost\n|-unboost|p2a: Floating Head|atk|1\n|-unboost|p2b: Gamora|atk|1\n|turn|1\n|\n|t:|1684002637\n|-terastallize|p2b: Gamora|Grass\n|move|p2a: Floating Head|Thunderbolt|p1a: Corviknight\n|-supereffective|p1a: Corviknight\n|-damage|p1a: Corviknight|57\/100\n|move|p2b: Gamora|Power Gem|p1b: Gyarados\n|-supereffective|p1b: Gyarados\n|-damage|p1b: Gyarados|50\/100\n|-enditem|p1b: Gyarados|Sitrus Berry|[eat]\n|-heal|p1b: Gyarados|75\/100|[from] item: Sitrus Berry\n|move|p1b: Gyarados|Thunder Wave|p2a: Floating Head\n|-status|p2a: Floating Head|par\n|move|p1a: Corviknight|Tailwind|p1a: Corviknight\n|-sidestart|p1: Blackleafogog|move: Tailwind\n|\n|upkeep\n|turn|2\n|inactive|Blackleafogog has 30 seconds left.\n|\n|t:|1684002668\n|-end|p2a: Floating Head|Protosynthesis|[silent]\n|switch|p2a: Jim|Orthworm, L50, M|100\/100\n|move|p1b: Gyarados|Waterfall|p2a: Jim\n|-damage|p2a: Jim|75\/100\n|move|p1a: Corviknight|Brave Bird|p2b: Gamora\n|-supereffective|p2b: Gamora\n|-damage|p2b: Gamora|25\/100\n|-activate|p2b: Gamora|ability: Toxic Debris\n|-sidestart|p1: Blackleafogog|move: Toxic Spikes\n|-damage|p1a: Corviknight|33\/100|[from] Recoil\n|move|p2b: Gamora|Power Gem|p1b: Gyarados\n|-supereffective|p1b: Gyarados\n|-damage|p1b: Gyarados|21\/100\n|\n|-heal|p2a: Jim|81\/100|[from] item: Leftovers\n|upkeep\n|turn|3\n|inactive|PainInTheS has 30 seconds left.\n|inactive|PainInTheS has 20 seconds left.\n|\n|t:|1684002707\n|move|p2a: Jim|Protect|p2a: Jim\n|-singleturn|p2a: Jim|Protect\n|move|p1b: Gyarados|Taunt|p2a: Jim\n|-activate|p2a: Jim|move: Protect\n|move|p1a: Corviknight|Brave Bird|p2b: Gamora\n|-supereffective|p2b: Gamora\n|-damage|p2b: Gamora|0 fnt\n|-activate|p2b: Gamora|ability: Toxic Debris\n|-sidestart|p1: Blackleafogog|move: Toxic Spikes\n|faint|p2b: Gamora\n|-damage|p1a: Corviknight|26\/100|[from] Recoil\n|\n|-heal|p2a: Jim|88\/100|[from] item: Leftovers\n|upkeep\n|\n|t:|1684002721\n|switch|p2b: Cachorro P\u00e3o|Chien-Pao, L50|100\/100\n|-ability|p2b: Cachorro P\u00e3o|Sword of Ruin\n|turn|4\n|\n|t:|1684002741\n|move|p2b: Cachorro P\u00e3o|Ice Spinner|p1b: Gyarados\n|-damage|p1b: Gyarados|0 fnt\n|faint|p1b: Gyarados\n|move|p1a: Corviknight|Roost|p1a: Corviknight\n|-heal|p1a: Corviknight|76\/100\n|-singleturn|p1a: Corviknight|move: Roost\n|move|p2a: Jim|Iron Defense|p2a: Jim\n|-boost|p2a: Jim|def|2\n|\n|-heal|p2a: Jim|94\/100|[from] item: Leftovers\n|-sideend|p1: Blackleafogog|move: Tailwind\n|upkeep\n|\n|t:|1684002758\n|switch|p1b: Magnezone|Magnezone, L50, shiny|100\/100\n|-item|p1b: Magnezone|Air Balloon\n|turn|5\n|inactive|PainInTheS has 30 seconds left.\n|inactive|PainInTheS has 20 seconds left.\n|\n|t:|1684002796\n|move|p1b: Magnezone|Protect|p1b: Magnezone\n|-singleturn|p1b: Magnezone|Protect\n|move|p2b: Cachorro P\u00e3o|Sacred Sword|p1b: Magnezone\n|-activate|p1b: Magnezone|move: Protect\n|move|p1a: Corviknight|Tailwind|p1a: Corviknight\n|-sidestart|p1: Blackleafogog|move: Tailwind\n|move|p2a: Jim|Body Press|p1b: Magnezone\n|-activate|p1b: Magnezone|move: Protect\n|\n|-heal|p2a: Jim|99\/100|[from] item: Leftovers\n|upkeep\n|turn|6\n|inactive|Blackleafogog has 30 seconds left.\n|\n|t:|1684002822\n|move|p2a: Jim|Protect|p2a: Jim\n|-singleturn|p2a: Jim|Protect\n|move|p2b: Cachorro P\u00e3o|Sacred Sword|p1b: Magnezone\n|-supereffective|p1b: Magnezone\n|-damage|p1b: Magnezone|33\/100\n|-enditem|p1b: Magnezone|Air Balloon\n|move|p1a: Corviknight|Brave Bird|p2b: Cachorro P\u00e3o\n|-damage|p2b: Cachorro P\u00e3o|46\/100\n|-damage|p1a: Corviknight|62\/100|[from] Recoil\n|move|p1b: Magnezone|Electroweb|p2b: Cachorro P\u00e3o|[spread] p2b\n|-activate|p2a: Jim|move: Protect\n|-damage|p2b: Cachorro P\u00e3o|9\/100\n|-unboost|p2b: Cachorro P\u00e3o|spe|1\n|\n|-heal|p2a: Jim|100\/100|[from] item: Leftovers\n|upkeep\n|turn|7\n|c|\u2606PainInTheS|I almost doubled corvil ;\/\n|\n|t:|1684002846\n|move|p2b: Cachorro P\u00e3o|Sucker Punch|p1b: Magnezone\n|-damage|p1b: Magnezone|0 fnt\n|faint|p1b: Magnezone\n|move|p1a: Corviknight|Brave Bird|p2b: Cachorro P\u00e3o\n|-damage|p2b: Cachorro P\u00e3o|0 fnt\n|faint|p2b: Cachorro P\u00e3o\n|-damage|p1a: Corviknight|60\/100|[from] Recoil\n|move|p2a: Jim|Body Press|p1a: Corviknight\n|-damage|p1a: Corviknight|17\/100\n|-damage|p2a: Jim|84\/100|[from] item: Rocky Helmet|[of] p1a: Corviknight\n|\n|-heal|p2a: Jim|90\/100|[from] item: Leftovers\n|upkeep\n|j| Herewegoezagain\n|\n|t:|1684002860\n|switch|p2b: Floating Head|Flutter Mane, L50|100\/100 par\n|switch|p1b: Flamigo|Flamigo, L50, M, shiny|100\/100\n|turn|8\n|l| Herewegoezagain\n|\n|t:|1684002880\n|move|p1b: Flamigo|Brave Bird|p2b: Floating Head\n|-damage|p2b: Floating Head|0 fnt\n|faint|p2b: Floating Head\n|-end|p2b: Floating Head|Protosynthesis|[silent]\n|-damage|p1b: Flamigo|73\/100|[from] Recoil\n|-damage|p1b: Flamigo|64\/100|[from] item: Life Orb\n|move|p1a: Corviknight|Roost|p1a: Corviknight\n|-heal|p1a: Corviknight|67\/100\n|-singleturn|p1a: Corviknight|move: Roost\n|move|p2a: Jim|Heavy Slam|p1b: Flamigo\n|-damage|p1b: Flamigo|9\/100\n|\n|-heal|p2a: Jim|97\/100|[from] item: Leftovers\n|-sideend|p1: Blackleafogog|move: Tailwind\n|upkeep\n|turn|9\n|\n|t:|1684002904\n|move|p1b: Flamigo|Detect|p1b: Flamigo\n|-singleturn|p1b: Flamigo|Protect\n|move|p1a: Corviknight|Bulk Up|p1a: Corviknight\n|-boost|p1a: Corviknight|atk|1\n|-boost|p1a: Corviknight|def|1\n|move|p2a: Jim|Iron Defense|p2a: Jim\n|-boost|p2a: Jim|def|2\n|\n|-heal|p2a: Jim|100\/100|[from] item: Leftovers\n|upkeep\n|turn|10\n|\n|t:|1684002917\n|move|p1b: Flamigo|Close Combat|p2a: Jim\n|-supereffective|p2a: Jim\n|-damage|p2a: Jim|59\/100\n|-unboost|p1b: Flamigo|def|1\n|-unboost|p1b: Flamigo|spd|1\n|-damage|p1b: Flamigo|0 fnt|[from] item: Life Orb\n|faint|p1b: Flamigo\n|move|p1a: Corviknight|Bulk Up|p1a: Corviknight\n|-boost|p1a: Corviknight|atk|1\n|-boost|p1a: Corviknight|def|1\n|move|p2a: Jim|Body Press|p1a: Corviknight\n|-damage|p1a: Corviknight|33\/100\n|-damage|p2a: Jim|43\/100|[from] item: Rocky Helmet|[of] p1a: Corviknight\n|\n|-heal|p2a: Jim|49\/100|[from] item: Leftovers\n|upkeep\n|turn|11\n|inactive|PainInTheS has 30 seconds left.\n|\n|t:|1684002944\n|move|p1a: Corviknight|Roost|p1a: Corviknight\n|-heal|p1a: Corviknight|83\/100\n|-singleturn|p1a: Corviknight|move: Roost\n|move|p2a: Jim|Body Press|p1a: Corviknight\n|-supereffective|p1a: Corviknight\n|-damage|p1a: Corviknight|16\/100\n|-damage|p2a: Jim|33\/100|[from] item: Rocky Helmet|[of] p1a: Corviknight\n|\n|-heal|p2a: Jim|39\/100|[from] item: Leftovers\n|upkeep\n|turn|12\n|\n|t:|1684002955\n|-terastallize|p1a: Corviknight|Water\n|move|p1a: Corviknight|Roost|p1a: Corviknight\n|-heal|p1a: Corviknight|66\/100\n|move|p2a: Jim|Iron Defense|p2a: Jim\n|-boost|p2a: Jim|def|2\n|\n|-heal|p2a: Jim|45\/100|[from] item: Leftovers\n|upkeep\n|turn|13\n|\n|t:|1684002964\n|move|p2a: Jim|Protect|p2a: Jim\n|-singleturn|p2a: Jim|Protect\n|move|p1a: Corviknight|Bulk Up|p1a: Corviknight\n|-boost|p1a: Corviknight|atk|1\n|-boost|p1a: Corviknight|def|1\n|\n|-heal|p2a: Jim|51\/100|[from] item: Leftovers\n|upkeep\n|turn|14\n|\n|t:|1684002973\n|move|p1a: Corviknight|Bulk Up|p1a: Corviknight\n|-boost|p1a: Corviknight|atk|1\n|-boost|p1a: Corviknight|def|1\n|move|p2a: Jim|Iron Defense|p2a: Jim\n|-boost|p2a: Jim|def|0\n|\n|-heal|p2a: Jim|58\/100|[from] item: Leftovers\n|upkeep\n|turn|15\n|\n|t:|1684002983\n|move|p1a: Corviknight|Bulk Up|p1a: Corviknight\n|-boost|p1a: Corviknight|atk|1\n|-boost|p1a: Corviknight|def|1\n|move|p2a: Jim|Body Press|p1a: Corviknight\n|-damage|p1a: Corviknight|44\/100\n|-damage|p2a: Jim|41\/100|[from] item: Rocky Helmet|[of] p1a: Corviknight\n|\n|-heal|p2a: Jim|47\/100|[from] item: Leftovers\n|upkeep\n|turn|16\n|\n|t:|1684002992\n|move|p2a: Jim|Protect|p2a: Jim\n|-singleturn|p2a: Jim|Protect\n|move|p1a: Corviknight|Roost|p1a: Corviknight\n|-heal|p1a: Corviknight|94\/100\n|\n|-heal|p2a: Jim|54\/100|[from] item: Leftovers\n|upkeep\n|turn|17\n|\n|t:|1684003003\n|move|p1a: Corviknight|Brave Bird|p2a: Jim\n|-resisted|p2a: Jim\n|-damage|p2a: Jim|42\/100\n|-damage|p1a: Corviknight|91\/100|[from] Recoil\n|move|p2a: Jim|Iron Defense|p2a: Jim\n|-boost|p2a: Jim|def|0\n|\n|-heal|p2a: Jim|49\/100|[from] item: Leftovers\n|upkeep\n|turn|18\n|\n|t:|1684003015\n|move|p2a: Jim|Protect|p2a: Jim\n|-singleturn|p2a: Jim|Protect\n|move|p1a: Corviknight|Brave Bird|p2a: Jim\n|-activate|p2a: Jim|move: Protect\n|\n|-heal|p2a: Jim|55\/100|[from] item: Leftovers\n|upkeep\n|turn|19\n|\n|t:|1684003024\n|move|p1a: Corviknight|Brave Bird|p2a: Jim\n|-resisted|p2a: Jim\n|-damage|p2a: Jim|42\/100\n|-damage|p1a: Corviknight|87\/100|[from] Recoil\n|move|p2a: Jim|Body Press|p1a: Corviknight\n|-damage|p1a: Corviknight|61\/100\n|-damage|p2a: Jim|25\/100|[from] item: Rocky Helmet|[of] p1a: Corviknight\n|\n|-heal|p2a: Jim|32\/100|[from] item: Leftovers\n|upkeep\n|turn|20\n|\n|t:|1684003037\n|move|p1a: Corviknight|Bulk Up|p1a: Corviknight\n|-boost|p1a: Corviknight|atk|1\n|-boost|p1a: Corviknight|def|1\n|move|p2a: Jim|Iron Defense|p2a: Jim\n|-boost|p2a: Jim|def|0\n|\n|-heal|p2a: Jim|38\/100|[from] item: Leftovers\n|upkeep\n|turn|21\n|\n|t:|1684003044\n|move|p2a: Jim|Protect|p2a: Jim\n|-singleturn|p2a: Jim|Protect\n|move|p1a: Corviknight|Roost|p1a: Corviknight\n|-heal|p1a: Corviknight|100\/100\n|\n|-heal|p2a: Jim|44\/100|[from] item: Leftovers\n|upkeep\n|turn|22\n|\n|t:|1684003053\n|move|p1a: Corviknight|Brave Bird|p2a: Jim\n|-resisted|p2a: Jim\n|-damage|p2a: Jim|32\/100\n|-damage|p1a: Corviknight|97\/100|[from] Recoil\n|move|p2a: Jim|Iron Defense|p2a: Jim\n|-boost|p2a: Jim|def|0\n|\n|-heal|p2a: Jim|38\/100|[from] item: Leftovers\n|upkeep\n|turn|23\n|\n|t:|1684003064\n|move|p2a: Jim|Protect|p2a: Jim\n|-singleturn|p2a: Jim|Protect\n|move|p1a: Corviknight|Brave Bird|p2a: Jim\n|-activate|p2a: Jim|move: Protect\n|\n|-heal|p2a: Jim|44\/100|[from] item: Leftovers\n|upkeep\n|turn|24\n|\n|t:|1684003071\n|move|p1a: Corviknight|Brave Bird|p2a: Jim\n|-resisted|p2a: Jim\n|-damage|p2a: Jim|30\/100\n|-damage|p1a: Corviknight|93\/100|[from] Recoil\n|move|p2a: Jim|Iron Defense|p2a: Jim\n|-boost|p2a: Jim|def|0\n|\n|-heal|p2a: Jim|37\/100|[from] item: Leftovers\n|upkeep\n|turn|25\n|\n|t:|1684003085\n|move|p2a: Jim|Protect|p2a: Jim\n|-singleturn|p2a: Jim|Protect\n|move|p1a: Corviknight|Brave Bird|p2a: Jim\n|-activate|p2a: Jim|move: Protect\n|\n|-heal|p2a: Jim|43\/100|[from] item: Leftovers\n|upkeep\n|turn|26\n|\n|t:|1684003093\n|move|p1a: Corviknight|Brave Bird|p2a: Jim\n|-resisted|p2a: Jim\n|-damage|p2a: Jim|29\/100\n|-damage|p1a: Corviknight|89\/100|[from] Recoil\n|move|p2a: Jim|Iron Defense|p2a: Jim\n|-boost|p2a: Jim|def|0\n|\n|-heal|p2a: Jim|36\/100|[from] item: Leftovers\n|upkeep\n|turn|27\n|\n|t:|1684003103\n|move|p1a: Corviknight|Bulk Up|p1a: Corviknight\n|-boost|p1a: Corviknight|atk|0\n|-boost|p1a: Corviknight|def|0\n|move|p2a: Jim|Iron Defense|p2a: Jim\n|-boost|p2a: Jim|def|0\n|\n|-heal|p2a: Jim|42\/100|[from] item: Leftovers\n|upkeep\n|turn|28\n|\n|t:|1684003113\n|move|p2a: Jim|Protect|p2a: Jim\n|-singleturn|p2a: Jim|Protect\n|move|p1a: Corviknight|Bulk Up|p1a: Corviknight\n|-boost|p1a: Corviknight|atk|0\n|-boost|p1a: Corviknight|def|0\n|\n|-heal|p2a: Jim|48\/100|[from] item: Leftovers\n|upkeep\n|turn|29\n|c|\u2606PainInTheS|gimme a crit, God\n|\n|t:|1684003128\n|move|p1a: Corviknight|Brave Bird|p2a: Jim\n|-resisted|p2a: Jim\n|-damage|p2a: Jim|35\/100\n|-damage|p1a: Corviknight|85\/100|[from] Recoil\n|move|p2a: Jim|Body Press|p1a: Corviknight\n|-damage|p1a: Corviknight|65\/100\n|-damage|p2a: Jim|19\/100|[from] item: Rocky Helmet|[of] p1a: Corviknight\n|\n|-heal|p2a: Jim|25\/100|[from] item: Leftovers\n|upkeep\n|turn|30\n|c|\u2606PainInTheS|oh, as I expected\n|c|\u2606PainInTheS|it doesn't exist\n|\n|t:|1684003151\n|move|p2a: Jim|Protect|p2a: Jim\n|-singleturn|p2a: Jim|Protect\n|move|p1a: Corviknight|Brave Bird|p2a: Jim\n|-activate|p2a: Jim|move: Protect\n|\n|-heal|p2a: Jim|31\/100|[from] item: Leftovers\n|upkeep\n|turn|31\n|inactive|PainInTheS has 30 seconds left.\n|inactive|PainInTheS has 20 seconds left.\n|\n|t:|1684003172\n|move|p1a: Corviknight|Brave Bird|p2a: Jim\n|-resisted|p2a: Jim\n|-damage|p2a: Jim|17\/100\n|-damage|p1a: Corviknight|61\/100|[from] Recoil\n|move|p2a: Jim|Body Press|p1a: Corviknight\n|-damage|p1a: Corviknight|39\/100\n|-damage|p2a: Jim|0 fnt|[from] item: Rocky Helmet|[of] p1a: Corviknight\n|faint|p2a: Jim\n|\n|win|Blackleafogog\n|inactive|PainInTheS has 20 seconds left this turn.\n|raw|Blackleafogog's rating: 1397 → 1415<\/strong> (+18 for winning)\n|raw|PainInTheS's rating: 1362 → 1344<\/strong> (-18 for losing)\n|l|\u2606PainInTheS\n","uploadtime":1684003196,"views":5,"p1id":"blackleafogog","p2id":"paininthes","formatid":"gen9vgc2023regulationc","rating":1344,"private":0,"password":""}