{"id":"gen9vgc2023regulationc-1849968993","p1":"FuratBang","p2":"Specs Hex Pex","format":"[Gen 9] VGC 2023 Regulation C","log":"|j|\u2606FuratBang\n|j|\u2606Specs Hex Pex\n|t:|1682273375\n|gametype|doubles\n|player|p1|FuratBang|crasherwake|\n|player|p2|Specs Hex Pex|lady|\n|teamsize|p1|6\n|teamsize|p2|6\n|gen|9\n|tier|[Gen 9] VGC 2023 Regulation C\n|rule|Species Clause: Limit one of each Pok\u00e9mon\n|rule|Item Clause: Limit one of each item\n|clearpoke\n|poke|p1|Flutter Mane, L50|\n|poke|p1|Great Tusk, L50|\n|poke|p1|Arcanine, L50, M|\n|poke|p1|Kilowattrel, L50, M|\n|poke|p1|Iron Thorns, L50|\n|poke|p1|Gastrodon, L50, M|\n|poke|p2|Tsareena, L50, F|\n|poke|p2|Tyranitar, L50, M|\n|poke|p2|Houndstone, L50, M|\n|poke|p2|Chien-Pao, L50|\n|poke|p2|Rabsca, L50, M|\n|poke|p2|Talonflame, L50, F|\n|teampreview|4\n|j| deathdragon25o\n|l| deathdragon25o\n|j| Jstardude\n|j| F3athers\n|j| jayballester\n|\n|t:|1682274146\n|start\n|switch|p1a: Arcanine|Arcanine, L50, M|100\/100\n|switch|p1b: Kilowattrel|Kilowattrel, L50, M|100\/100\n|switch|p2a: Tyranitar|Tyranitar, L50, M|100\/100\n|switch|p2b: Rabsca|Rabsca, L50, M|100\/100\n|-ability|p1a: Arcanine|Intimidate|boost\n|-unboost|p2a: Tyranitar|atk|1\n|-unboost|p2b: Rabsca|atk|1\n|-weather|Sandstorm|[from] ability: Sand Stream|[of] p2a: Tyranitar\n|turn|1\n|j| Sobiris\n|c| Sobiris|Gl hf\n|\n|t:|1682274187\n|-terastallize|p2b: Rabsca|Rock\n|move|p1b: Kilowattrel|Air Slash|p2b: Rabsca\n|-resisted|p2b: Rabsca\n|-damage|p2b: Rabsca|87\/100\n|move|p1a: Arcanine|Flare Blitz|p2b: Rabsca\n|-resisted|p2b: Rabsca\n|-damage|p2b: Rabsca|50\/100\n|-damage|p1a: Arcanine|87\/100|[from] Recoil\n|move|p2a: Tyranitar|Rock Slide|p1a: Arcanine|[spread] p1a,p1b\n|-supereffective|p1a: Arcanine\n|-supereffective|p1b: Kilowattrel\n|-damage|p1a: Arcanine|40\/100\n|-damage|p1b: Kilowattrel|38\/100\n|cant|p2b: Rabsca|flinch\n|\n|-weather|Sandstorm|[upkeep]\n|-damage|p1b: Kilowattrel|32\/100|[from] Sandstorm\n|-damage|p1a: Arcanine|34\/100|[from] Sandstorm\n|-heal|p2b: Rabsca|57\/100|[from] item: Leftovers\n|upkeep\n|turn|2\n|c|\u2606FuratBang|lel\n|c|\u2606Specs Hex Pex|Dang\n|c| Sobiris|Who won G1\n|c|\u2606FuratBang|me\n|c|\u2606Specs Hex Pex|Furat\n|c| Sobiris|Go Wally\n|c| F3athers|go wally\n|\n|t:|1682274275\n|switch|p1a: Great Tusk|Great Tusk, L50|100\/100\n|-enditem|p1a: Great Tusk|Booster Energy\n|-activate|p1a: Great Tusk|ability: Protosynthesis|[fromitem]\n|-start|p1a: Great Tusk|protosynthesisatk\n|move|p1b: Kilowattrel|Discharge|p2b: Rabsca|[spread] p2a,p2b\n|-immune|p1a: Great Tusk\n|-crit|p2b: Rabsca\n|-damage|p2a: Tyranitar|86\/100\n|-damage|p2b: Rabsca|30\/100\n|move|p2a: Tyranitar|Rock Slide|p1a: Great Tusk|[spread] p1b\n|-miss|p2a: Tyranitar|p1a: Great Tusk\n|-supereffective|p1b: Kilowattrel\n|-damage|p1b: Kilowattrel|0 fnt\n|faint|p1b: Kilowattrel\n|move|p2b: Rabsca|Trick Room|p2b: Rabsca\n|-fieldstart|move: Trick Room|[of] p2b: Rabsca\n|\n|-weather|Sandstorm|[upkeep]\n|-heal|p2b: Rabsca|36\/100|[from] item: Leftovers\n|upkeep\n|\n|t:|1682274299\n|switch|p1b: Arcanine|Arcanine, L50, M|34\/100\n|-ability|p1b: Arcanine|Intimidate|boost\n|-unboost|p2a: Tyranitar|atk|1\n|-unboost|p2b: Rabsca|atk|1\n|turn|3\n|\n|t:|1682274379\n|switch|p2a: Tsareena|Tsareena, L50, F|100\/100\n|-terastallize|p1a: Great Tusk|Ground\n|move|p1b: Arcanine|Protect|p1b: Arcanine\n|-singleturn|p1b: Arcanine|Protect\n|move|p2b: Rabsca|Energy Ball|p1a: Great Tusk\n|-supereffective|p1a: Great Tusk\n|-damage|p1a: Great Tusk|9\/100\n|move|p1a: Great Tusk|Headlong Rush|p2b: Rabsca\n|-supereffective|p2b: Rabsca\n|-damage|p2b: Rabsca|0 fnt\n|-unboost|p1a: Great Tusk|def|1\n|-unboost|p1a: Great Tusk|spd|1\n|faint|p2b: Rabsca\n|\n|-weather|Sandstorm|[upkeep]\n|-damage|p2a: Tsareena|94\/100|[from] Sandstorm\n|-damage|p1b: Arcanine|28\/100|[from] Sandstorm\n|upkeep\n|\n|t:|1682274395\n|switch|p2b: Tyranitar|Tyranitar, L50, M|86\/100\n|turn|4\n|\n|t:|1682274416\n|switch|p1b: Flutter Mane|Flutter Mane, L50|100\/100\n|move|p1a: Great Tusk|Protect|p1a: Great Tusk\n|-singleturn|p1a: Great Tusk|Protect\n|move|p2b: Tyranitar|Rock Slide|p1b: Flutter Mane|[spread] p1b\n|-activate|p1a: Great Tusk|move: Protect\n|-damage|p1b: Flutter Mane|40\/100\n|move|p2a: Tsareena|U-turn|p1a: Great Tusk\n|-activate|p1a: Great Tusk|move: Protect\n|\n|-weather|Sandstorm|[upkeep]\n|-damage|p2a: Tsareena|88\/100|[from] Sandstorm\n|-damage|p1b: Flutter Mane|34\/100|[from] Sandstorm\n|upkeep\n|turn|5\n|\n|t:|1682274515\n|switch|p2b: Houndstone|Houndstone, L50, M|100\/100\n|move|p1a: Great Tusk|Protect||[still]\n|-fail|p1a: Great Tusk\n|move|p1b: Flutter Mane|Protect|p1b: Flutter Mane\n|-singleturn|p1b: Flutter Mane|Protect\n|move|p2a: Tsareena|U-turn|p1a: Great Tusk\n|-damage|p1a: Great Tusk|0 fnt\n|faint|p1a: Great Tusk\n|-end|p1a: Great Tusk|Protosynthesis|[silent]\n|\n|t:|1682274524\n|switch|p2a: Tyranitar|Tyranitar, L50, M|86\/100|[from] U-turn\n|\n|-weather|none\n|upkeep\n|\n|t:|1682274528\n|switch|p1a: Arcanine|Arcanine, L50, M|28\/100\n|-ability|p1a: Arcanine|Intimidate|boost\n|-unboost|p2a: Tyranitar|atk|1\n|-unboost|p2b: Houndstone|atk|1\n|turn|6\n|\n|t:|1682274564\n|switch|p2a: Tsareena|Tsareena, L50, F|88\/100\n|move|p1a: Arcanine|Protect|p1a: Arcanine\n|-singleturn|p1a: Arcanine|Protect\n|move|p1b: Flutter Mane|Protect|p1b: Flutter Mane\n|-singleturn|p1b: Flutter Mane|Protect\n|move|p2b: Houndstone|Last Respects|p1b: Flutter Mane\n|-activate|p1b: Flutter Mane|move: Protect\n|\n|-fieldend|move: Trick Room\n|upkeep\n|turn|7\n|\n|t:|1682274608\n|switch|p2b: Tyranitar|Tyranitar, L50, M|86\/100\n|-weather|Sandstorm|[from] ability: Sand Stream|[of] p2b: Tyranitar\n|move|p1b: Flutter Mane|Shadow Ball|p2b: Tyranitar\n|-resisted|p2b: Tyranitar\n|-damage|p2b: Tyranitar|74\/100\n|move|p1a: Arcanine|Flare Blitz|p2b: Tyranitar\n|-resisted|p2b: Tyranitar\n|-damage|p2b: Tyranitar|52\/100\n|-damage|p1a: Arcanine|19\/100|[from] Recoil\n|-enditem|p1a: Arcanine|Aguav Berry|[eat]\n|-heal|p1a: Arcanine|53\/100|[from] item: Aguav Berry\n|move|p2a: Tsareena|Power Whip|p1b: Flutter Mane\n|-damage|p1b: Flutter Mane|0 fnt\n|faint|p1b: Flutter Mane\n|-end|p1b: Flutter Mane|Protosynthesis|[silent]\n|\n|-weather|Sandstorm|[upkeep]\n|-damage|p1a: Arcanine|47\/100|[from] Sandstorm\n|-damage|p2a: Tsareena|82\/100|[from] Sandstorm\n|upkeep\n|turn|8\n|c|\u2606FuratBang|why\n|c|\u2606Specs Hex Pex|I wanted the sand back up in case Tsareena went down\n|\n|t:|1682274653\n|move|p1a: Arcanine|Flare Blitz|p2a: Tsareena\n|-supereffective|p2a: Tsareena\n|-damage|p2a: Tsareena|0 fnt\n|faint|p2a: Tsareena\n|-damage|p1a: Arcanine|20\/100|[from] Recoil\n|move|p2b: Tyranitar|Rock Slide|p1a: Arcanine\n|-supereffective|p1a: Arcanine\n|-damage|p1a: Arcanine|0 fnt\n|faint|p1a: Arcanine\n|\n|win|Specs Hex Pex\n|c| Sobiris|GGs\n|c|\u2606FuratBang|gg\n|c|\u2606Specs Hex Pex|Gg\n","uploadtime":1682274687,"views":12,"p1id":"furatbang","p2id":"specshexpex","formatid":"gen9vgc2023regulationc","rating":0,"private":0,"password":""}