{"id":"gen9vgc2023regulationc-1863082093","p1":"Realutd","p2":"Arcacagne","format":"[Gen 9] VGC 2023 Regulation C","log":"|j|\u2606Realutd\n|j|\u2606Arcacagne\n|t:|1683966161\n|gametype|doubles\n|player|p1|Realutd|cynthia-gen4|1234\n|player|p2|Arcacagne|169|1322\n|teamsize|p1|6\n|teamsize|p2|6\n|gen|9\n|tier|[Gen 9] VGC 2023 Regulation C\n|rated|\n|rule|Species Clause: Limit one of each Pok\u00e9mon\n|rule|Item Clause: Limit one of each item\n|clearpoke\n|poke|p1|Orthworm, L50, F|\n|poke|p1|Iron Hands, L50|\n|poke|p1|Chien-Pao, L50|\n|poke|p1|Dragonite, L50, M|\n|poke|p1|Flutter Mane, L50|\n|poke|p1|Arcanine, L50, M|\n|poke|p2|Chi-Yu, L50|\n|poke|p2|Flutter Mane, L50|\n|poke|p2|Amoonguss, L50, M|\n|poke|p2|Ting-Lu, L50|\n|poke|p2|Iron Hands, L50|\n|poke|p2|Gyarados, L50, F|\n|teampreview|4\n|inactive|Battle timer is ON: inactive players will automatically lose when time's up. (requested by Arcacagne)\n|\n|t:|1683966201\n|start\n|switch|p1a: Arcanine|Arcanine, L50, M|100\/100\n|switch|p1b: Flutter Mane|Flutter Mane, L50|100\/100\n|switch|p2a: Amoonguss|Amoonguss, L50, M|100\/100\n|switch|p2b: Iron Hands|Iron Hands, L50|100\/100\n|-ability|p1a: Arcanine|Intimidate|boost\n|-unboost|p2a: Amoonguss|atk|1\n|-unboost|p2b: Iron Hands|atk|1\n|turn|1\n|\n|t:|1683966226\n|-end|p1b: Flutter Mane|Protosynthesis|[silent]\n|switch|p1b: Iron Hands|Iron Hands, L50|100\/100\n|-end|p2b: Iron Hands|Quark Drive|[silent]\n|switch|p2b: Gyarados|Gyarados, L50, F|100\/100\n|-ability|p2b: Gyarados|Intimidate|boost\n|-unboost|p1a: Arcanine|atk|1\n|-unboost|p1b: Iron Hands|atk|1\n|-terastallize|p2a: Amoonguss|Water\n|move|p1a: Arcanine|Flare Blitz|p2a: Amoonguss\n|-resisted|p2a: Amoonguss\n|-damage|p2a: Amoonguss|85\/100\n|-damage|p1a: Arcanine|94\/100|[from] Recoil\n|move|p2a: Amoonguss|Spore|p1b: Iron Hands\n|-status|p1b: Iron Hands|slp|[from] move: Spore\n|\n|upkeep\n|turn|2\n|inactive|Realutd has 30 seconds left.\n|inactive|Realutd has 20 seconds left.\n|\n|t:|1683966263\n|switch|p1a: Chien-Pao|Chien-Pao, L50|100\/100\n|-ability|p1a: Chien-Pao|Sword of Ruin\n|-end|p1b: Iron Hands|Quark Drive|[silent]\n|switch|p1b: Flutter Mane|Flutter Mane, L50|100\/100\n|switch|p2a: Iron Hands|Iron Hands, L50|100\/100\n|move|p2b: Gyarados|Thunder Wave|p1a: Chien-Pao\n|-status|p1a: Chien-Pao|par\n|\n|upkeep\n|turn|3\n|\n|t:|1683966279\n|-end|p2a: Iron Hands|Quark Drive|[silent]\n|switch|p2a: Amoonguss|Amoonguss, L50, M, tera:Water|100\/100\n|-terastallize|p1b: Flutter Mane|Fairy\n|cant|p1a: Chien-Pao|par\n|move|p1b: Flutter Mane|Dazzling Gleam|p2a: Amoonguss|[spread] p2a,p2b\n|-damage|p2a: Amoonguss|46\/100\n|-damage|p2b: Gyarados|58\/100\n|-enditem|p2a: Amoonguss|Sitrus Berry|[eat]\n|-heal|p2a: Amoonguss|71\/100|[from] item: Sitrus Berry\n|move|p2b: Gyarados|Thunder Wave|p1b: Flutter Mane\n|-status|p1b: Flutter Mane|par\n|\n|upkeep\n|turn|4\n|\n|t:|1683966298\n|move|p2b: Gyarados|Waterfall|p1b: Flutter Mane\n|-damage|p1b: Flutter Mane|5\/100 par\n|cant|p1a: Chien-Pao|par\n|move|p1b: Flutter Mane|Dazzling Gleam|p2a: Amoonguss|[spread] p2a,p2b\n|-damage|p2a: Amoonguss|16\/100\n|-damage|p2b: Gyarados|16\/100\n|move|p2a: Amoonguss|Pollen Puff|p2b: Gyarados\n|-heal|p2b: Gyarados|66\/100\n|\n|upkeep\n|turn|5\n|\n|t:|1683966314\n|switch|p2a: Iron Hands|Iron Hands, L50|100\/100\n|move|p2b: Gyarados|Waterfall|p1b: Flutter Mane\n|-damage|p1b: Flutter Mane|0 fnt\n|faint|p1b: Flutter Mane\n|-end|p1b: Flutter Mane|Protosynthesis|[silent]\n|cant|p1a: Chien-Pao|par\n|\n|upkeep\n|-message|Realutd forfeited.\n|\n|win|Arcacagne\n|raw|Realutd's rating: 1234 → 1215<\/strong> (-19 for losing)\n|raw|Arcacagne's rating: 1322 → 1337<\/strong> (+15 for winning)\n|l|\u2606Realutd\n","uploadtime":1683966329,"views":20,"p1id":"realutd","p2id":"arcacagne","formatid":"gen9vgc2023regulationc","rating":1215,"private":0,"password":""}