{"id":"gen9vgc2023regulationc-1849028943","p1":"niftynifty","p2":"rose_zkldin","format":"[Gen 9] VGC 2023 Regulation C","log":"|j|\u2606niftynifty\n|j|\u2606rose_zkldin\n|t:|1682141567\n|gametype|doubles\n|player|p1|niftynifty|janitor|\n|player|p2|rose_zkldin|2|\n|teamsize|p1|6\n|teamsize|p2|6\n|gen|9\n|tier|[Gen 9] VGC 2023 Regulation C\n|rule|Species Clause: Limit one of each Pok\u00e9mon\n|rule|Item Clause: Limit one of each item\n|clearpoke\n|poke|p1|Farigiraf, L50, F|\n|poke|p1|Tatsugiri-Droopy, L50, F|\n|poke|p1|Garganacl, L50, M|\n|poke|p1|Chi-Yu, L50|\n|poke|p1|Wo-Chien, L50|\n|poke|p1|Flutter Mane, L50|\n|poke|p2|Oranguru, L50, M|\n|poke|p2|Torkoal, L50, F|\n|poke|p2|Appletun, L50, M|\n|poke|p2|Dragalge, L50, M|\n|poke|p2|Amoonguss, L50, F|\n|poke|p2|Clodsire, L50, F|\n|teampreview|4\n|\n|t:|1682141617\n|start\n|switch|p1a: Tatsugiri|Tatsugiri-Droopy, L50, F, shiny|100\/100\n|switch|p1b: Flutter Mane|Flutter Mane, L50|100\/100\n|switch|p2a: Oranguru|Oranguru, L50, M|100\/100\n|switch|p2b: Amoonguss|Amoonguss, L50, F|100\/100\n|-enditem|p1b: Flutter Mane|Booster Energy\n|-activate|p1b: Flutter Mane|ability: Protosynthesis|[fromitem]\n|-start|p1b: Flutter Mane|protosynthesisspa\n|turn|1\n|\n|t:|1682141636\n|-terastallize|p2a: Oranguru|Normal\n|move|p2b: Amoonguss|Rage Powder|p2b: Amoonguss\n|-singleturn|p2b: Amoonguss|move: Rage Powder\n|move|p1b: Flutter Mane|Substitute|p1b: Flutter Mane\n|-start|p1b: Flutter Mane|Substitute\n|-damage|p1b: Flutter Mane|76\/100\n|move|p1a: Tatsugiri|Icy Wind|p2a: Oranguru|[spread] p2a,p2b\n|-supereffective|p2b: Amoonguss\n|-damage|p2a: Oranguru|89\/100\n|-damage|p2b: Amoonguss|79\/100\n|-unboost|p2a: Oranguru|spe|1\n|-unboost|p2b: Amoonguss|spe|1\n|-enditem|p2b: Amoonguss|Weakness Policy\n|-boost|p2b: Amoonguss|atk|2|[from] item: Weakness Policy\n|-boost|p2b: Amoonguss|spa|2|[from] item: Weakness Policy\n|move|p2a: Oranguru|Trick Room|p2a: Oranguru\n|-fieldstart|move: Trick Room|[of] p2a: Oranguru\n|\n|-heal|p2a: Oranguru|95\/100|[from] item: Leftovers\n|upkeep\n|turn|2\n|c|\u2606rose_zkldin|Heheheeh\n|\n|t:|1682141682\n|switch|p2b: Torkoal|Torkoal, L50, F|100\/100\n|-weather|SunnyDay|[from] ability: Drought|[of] p2b: Torkoal\n|move|p2a: Oranguru|Yawn|p1a: Tatsugiri\n|-start|p1a: Tatsugiri|move: Yawn|[of] p2a: Oranguru\n|move|p1a: Tatsugiri|Draco Meteor|p2b: Torkoal\n|-crit|p2b: Torkoal\n|-damage|p2b: Torkoal|0 fnt\n|-unboost|p1a: Tatsugiri|spa|2\n|faint|p2b: Torkoal\n|move|p1b: Flutter Mane|Moonblast|p2a: Oranguru\n|-damage|p2a: Oranguru|40\/100\n|\n|-weather|SunnyDay|[upkeep]\n|-heal|p2a: Oranguru|46\/100|[from] item: Leftovers\n|upkeep\n|\n|t:|1682141706\n|switch|p2b: Appletun|Appletun, L50, M|100\/100\n|turn|3\n|\n|t:|1682141718\n|switch|p1a: Garganacl|Garganacl, L50, M|100\/100\n|move|p2a: Oranguru|Foul Play|p1a: Garganacl\n|-damage|p1a: Garganacl|88\/100\n|-damage|p2a: Oranguru|29\/100|[from] item: Rocky Helmet|[of] p1a: Garganacl\n|move|p2b: Appletun|Light Screen|p2b: Appletun\n|-sidestart|p2: rose_zkldin|move: Light Screen\n|move|p1b: Flutter Mane|Moonblast|p2b: Appletun\n|-supereffective|p2b: Appletun\n|-damage|p2b: Appletun|32\/100\n|-unboost|p2b: Appletun|spa|1\n|-activate|p2b: Appletun|ability: Ripen\n|-enditem|p2b: Appletun|Sitrus Berry|[eat]\n|-heal|p2b: Appletun|82\/100|[from] item: Sitrus Berry\n|\n|-weather|SunnyDay|[upkeep]\n|-heal|p2a: Oranguru|36\/100|[from] item: Leftovers\n|upkeep\n|turn|4\n|\n|t:|1682141741\n|move|p2a: Oranguru|Yawn|p1a: Garganacl\n|-immune|p1a: Garganacl|[from] ability: Purifying Salt\n|move|p2b: Appletun|Recycle|p2b: Appletun\n|-item|p2b: Appletun|Sitrus Berry|[from] move: Recycle\n|move|p1a: Garganacl|Salt Cure|p2b: Appletun\n|-damage|p2b: Appletun|69\/100\n|-start|p2b: Appletun|Salt Cure\n|move|p1b: Flutter Mane|Moonblast|p2b: Appletun\n|-supereffective|p2b: Appletun\n|-damage|p2b: Appletun|0 fnt\n|faint|p2b: Appletun\n|\n|-weather|SunnyDay|[upkeep]\n|-heal|p2a: Oranguru|42\/100|[from] item: Leftovers\n|upkeep\n|c|\u2606niftynifty|big apple\n|c|\u2606rose_zkldin|Welp\n|\n|t:|1682141761\n|switch|p2b: Amoonguss|Amoonguss, L50, F|100\/100\n|turn|5\n|\n|t:|1682141774\n|move|p2a: Oranguru|Foul Play|p1b: Flutter Mane\n|-activate|p1b: Flutter Mane|move: Substitute|[damage]\n|move|p2b: Amoonguss|Pollen Puff|p2a: Oranguru\n|-heal|p2a: Oranguru|91\/100\n|move|p1a: Garganacl|Fissure|p2b: Amoonguss|[miss]\n|-miss|p1a: Garganacl|p2b: Amoonguss\n|move|p1b: Flutter Mane|Moonblast|p2a: Oranguru\n|-damage|p2a: Oranguru|58\/100\n|\n|-weather|SunnyDay|[upkeep]\n|-heal|p2a: Oranguru|64\/100|[from] item: Leftovers\n|-fieldend|move: Trick Room\n|upkeep\n|turn|6\n|\n|t:|1682141802\n|move|p1b: Flutter Mane|Moonblast|p2a: Oranguru\n|-damage|p2a: Oranguru|29\/100\n|-unboost|p2a: Oranguru|spa|1\n|move|p1a: Garganacl|Fissure|p2b: Amoonguss\n|-damage|p2b: Amoonguss|0 fnt\n|faint|p2b: Amoonguss\n|-ohko\n|move|p2a: Oranguru|Foul Play|p1b: Flutter Mane\n|-end|p1b: Flutter Mane|Substitute\n|\n|-weather|none\n|-heal|p2a: Oranguru|36\/100|[from] item: Leftovers\n|upkeep\n|turn|7\n|c|\u2606rose_zkldin|Wtf fissure how lmfao\n|c|\u2606niftynifty|yes\n|c|\u2606rose_zkldin|How?\n|c|\u2606niftynifty|how what\n|c|\u2606niftynifty|!data fissure\n|raw| Fissure<\/a><\/span> <\/span> Accuracy<\/em> 30%<\/span> PP<\/em> 8<\/span> OHKOs the target. Fails if user is a lower level.<\/span> <\/li> <\/li><\/ul>\n\n|c|\u2606rose_zkldin|Nah that's luck right therelmfa\n|c|\u2606rose_zkldin|Lmfao*\n|c|\u2606niftynifty|it's meta now lol\n|-message|rose_zkldin forfeited.\n|\n|win|niftynifty\n|l|\u2606rose_zkldin\n","uploadtime":1682141866,"views":12,"p1id":"niftynifty","p2id":"rosezkldin","formatid":"gen9vgc2023regulationc","rating":0,"private":0,"password":""}