{"id":"gen9vgc2023regulationc-1846080956","p1":"Epicperu","p2":"LegnaK","format":"[Gen 9] VGC 2023 Regulation C","log":"|j|\u2606Epicperu\n|j|\u2606LegnaK\n|t:|1681803069\n|gametype|doubles\n|player|p1|Epicperu|acetrainer|1210\n|player|p2|LegnaK|colress|1285\n|teamsize|p1|6\n|teamsize|p2|6\n|gen|9\n|tier|[Gen 9] VGC 2023 Regulation C\n|rated|\n|rule|Species Clause: Limit one of each Pok\u00e9mon\n|rule|Item Clause: Limit one of each item\n|clearpoke\n|poke|p1|Tyranitar, L50, M|\n|poke|p1|Lycanroc, L50, F|\n|poke|p1|Flutter Mane, L50|\n|poke|p1|Ting-Lu, L50|\n|poke|p1|Annihilape, L50, M|\n|poke|p1|Maushold, L50|\n|poke|p2|Masquerain, L50, M|\n|poke|p2|Coalossal, L50, M|\n|poke|p2|Amoonguss, L50, F|\n|poke|p2|Arcanine, L50, M|\n|poke|p2|Palafin, L50, M|\n|poke|p2|Annihilape, L50, M|\n|teampreview|4\n|inactive|Battle timer is ON: inactive players will automatically lose when time's up. (requested by Epicperu)\n|\n|t:|1681803126\n|start\n|switch|p1a: Queeeeedate|Tyranitar, L50, M|100\/100\n|switch|p1b: Que|Lycanroc, L50, F|100\/100\n|switch|p2a: Palafin|Palafin, L50, M|100\/100\n|switch|p2b: Angy|Annihilape, L50, M|100\/100\n|-weather|Sandstorm|[from] ability: Sand Stream|[of] p1a: Queeeeedate\n|turn|1\n|\n|t:|1681803135\n|detailschange|p2a: Palafin|Palafin-Hero, L50, M\n|switch|p2a: Brutus|Arcanine, L50, M, shiny|100\/100\n|-ability|p2a: Brutus|Intimidate|boost\n|-unboost|p1a: Queeeeedate|atk|1\n|-unboost|p1b: Que|atk|1\n|-terastallize|p1a: Queeeeedate|Flying\n|move|p1b: Que|Rock Slide|p2b: Angy|[spread] p2a,p2b\n|-supereffective|p2a: Brutus\n|-crit|p2a: Brutus\n|-resisted|p2b: Angy\n|-damage|p2a: Brutus|6\/100\n|-damage|p2b: Angy|91\/100\n|-enditem|p2a: Brutus|Sitrus Berry|[eat]\n|-heal|p2a: Brutus|31\/100|[from] item: Sitrus Berry\n|move|p2b: Angy|Bulk Up|p2b: Angy\n|-boost|p2b: Angy|atk|1\n|-boost|p2b: Angy|def|1\n|move|p1a: Queeeeedate|Tera Blast|p2b: Angy\n|-supereffective|p2b: Angy\n|-damage|p2b: Angy|55\/100\n|\n|-weather|Sandstorm|[upkeep]\n|-damage|p2a: Brutus|25\/100|[from] Sandstorm\n|-damage|p2b: Angy|49\/100|[from] Sandstorm\n|-damage|p1a: Queeeeedate|95\/100|[from] Sandstorm\n|-heal|p2b: Angy|55\/100|[from] item: Leftovers\n|upkeep\n|turn|2\n|\n|t:|1681803158\n|move|p2a: Brutus|Extreme Speed|p1b: Que\n|-resisted|p1b: Que\n|-damage|p1b: Que|81\/100\n|move|p1b: Que|Rock Slide|p2b: Angy|[spread] p2a,p2b\n|-supereffective|p2a: Brutus\n|-resisted|p2b: Angy\n|-damage|p2a: Brutus|0 fnt\n|-damage|p2b: Angy|50\/100\n|faint|p2a: Brutus\n|cant|p2b: Angy|flinch\n|move|p1a: Queeeeedate|Tera Blast|p2b: Angy\n|-supereffective|p2b: Angy\n|-damage|p2b: Angy|10\/100\n|\n|-weather|Sandstorm|[upkeep]\n|-damage|p2b: Angy|4\/100|[from] Sandstorm\n|-damage|p1a: Queeeeedate|89\/100|[from] Sandstorm\n|-heal|p2b: Angy|10\/100|[from] item: Leftovers\n|upkeep\n|\n|t:|1681803175\n|switch|p2a: Palafin|Palafin-Hero, L50, M|100\/100\n|-activate|p2a: Palafin|ability: Zero to Hero\n|turn|3\n|\n|t:|1681803181\n|-terastallize|p2a: Palafin|Water\n|move|p2b: Angy|Protect|p2b: Angy\n|-singleturn|p2b: Angy|Protect\n|move|p2a: Palafin|Jet Punch|p1b: Que\n|-supereffective|p1b: Que\n|-damage|p1b: Que|0 fnt\n|faint|p1b: Que\n|move|p1a: Queeeeedate|Rock Slide|p2a: Palafin|[spread] \n|-activate|p2b: Angy|move: Protect\n|-miss|p1a: Queeeeedate|p2a: Palafin\n|\n|-weather|Sandstorm|[upkeep]\n|-damage|p2a: Palafin|95\/100|[from] Sandstorm\n|-damage|p2b: Angy|4\/100|[from] Sandstorm\n|-damage|p1a: Queeeeedate|83\/100|[from] Sandstorm\n|-heal|p2b: Angy|10\/100|[from] item: Leftovers\n|upkeep\n|\n|t:|1681803193\n|switch|p1b: Las|Flutter Mane, L50|100\/100\n|turn|4\n|\n|t:|1681803200\n|move|p2a: Palafin|Jet Punch|p1b: Las\n|-damage|p1b: Las|0 fnt\n|faint|p1b: Las\n|-end|p1b: Las|Protosynthesis|[silent]\n|move|p2b: Angy|Rage Fist|p1a: Queeeeedate\n|-damage|p1a: Queeeeedate|0 fnt\n|faint|p1a: Queeeeedate\n|\n|-weather|Sandstorm|[upkeep]\n|-damage|p2a: Palafin|89\/100|[from] Sandstorm\n|-damage|p2b: Angy|4\/100|[from] Sandstorm\n|-heal|p2b: Angy|10\/100|[from] item: Leftovers\n|upkeep\n|\n|t:|1681803204\n|switch|p1b: Noches|Ting-Lu, L50|100\/100\n|-ability|p1b: Noches|Vessel of Ruin\n|turn|5\n|\n|t:|1681803208\n|move|p2a: Palafin|Wave Crash|p1b: Noches\n|-supereffective|p1b: Noches\n|-damage|p1b: Noches|0 fnt\n|faint|p1b: Noches\n|-damage|p2a: Palafin|50\/100|[from] Recoil\n|\n|win|LegnaK\n|raw|Epicperu's rating: 1210 → 1190<\/strong> (-20 for losing)\n|raw|LegnaK's rating: 1285 → 1305<\/strong> (+20 for winning)\n|c|\u2606LegnaK|gg\n|l|\u2606Epicperu\n","uploadtime":1681803218,"views":14,"p1id":"epicperu","p2id":"legnak","formatid":"gen9vgc2023regulationc","rating":1190,"private":0,"password":""}