{"id":"gen9vgc2023regulationc-1852475621","p1":"foiledfeline","p2":"czarVGC","format":"[Gen 9] VGC 2023 Regulation C","log":"|j|\u2606foiledfeline\n|j|\u2606czarVGC\n|t:|1682562382\n|gametype|doubles\n|player|p1|foiledfeline|102|1203\n|player|p2|czarVGC|li|1102\n|teamsize|p1|6\n|teamsize|p2|6\n|gen|9\n|tier|[Gen 9] VGC 2023 Regulation C\n|rated|\n|rule|Species Clause: Limit one of each Pok\u00e9mon\n|rule|Item Clause: Limit one of each item\n|clearpoke\n|poke|p1|Flutter Mane, L50|\n|poke|p1|Talonflame, L50, F|\n|poke|p1|Baxcalibur, L50, F|\n|poke|p1|Ting-Lu, L50|\n|poke|p1|Gyarados, L50, M|\n|poke|p1|Breloom, L50, M|\n|poke|p2|Klefki, L50, M|\n|poke|p2|Sandy Shocks, L50|\n|poke|p2|Great Tusk, L50|\n|poke|p2|Iron Bundle, L50|\n|poke|p2|Torkoal, L50, F|\n|poke|p2|Wo-Chien, L50|\n|teampreview|4\nfoiledfeline has agreed to open team sheets.\n|\n|t:|1682562450\n|start\n|switch|p1a: Talonflame|Talonflame, L50, F|100\/100\n|switch|p1b: Flutter Mane|Flutter Mane, L50|100\/100\n|switch|p2a: Klefki|Klefki, L50, M|100\/100\n|switch|p2b: Iron Bundle|Iron Bundle, L50|100\/100\n|-enditem|p1b: Flutter Mane|Booster Energy\n|-activate|p1b: Flutter Mane|ability: Protosynthesis|[fromitem]\n|-start|p1b: Flutter Mane|protosynthesisspa\n|turn|1\n|\n|t:|1682562468\n|move|p1b: Flutter Mane|Protect|p1b: Flutter Mane\n|-singleturn|p1b: Flutter Mane|Protect\n|move|p2a: Klefki|Thunder Wave|p1b: Flutter Mane\n|-activate|p1b: Flutter Mane|move: Protect\n|move|p1a: Talonflame|Flare Blitz|p2a: Klefki\n|-supereffective|p2a: Klefki\n|-damage|p2a: Klefki|2\/100\n|-damage|p1a: Talonflame|66\/100|[from] Recoil\n|move|p2b: Iron Bundle|Flip Turn|p1a: Talonflame\n|-supereffective|p1a: Talonflame\n|-damage|p1a: Talonflame|14\/100\n|\n|t:|1682562489\n|-end|p2b: Iron Bundle|Quark Drive|[silent]\n|switch|p2b: Wo-Chien|Wo-Chien, L50|100\/100|[from] Flip Turn\n|-ability|p2b: Wo-Chien|Tablets of Ruin\n|\n|upkeep\n|turn|2\n|\n|t:|1682562502\n|move|p2b: Wo-Chien|Protect|p2b: Wo-Chien\n|-singleturn|p2b: Wo-Chien|Protect\n|move|p1a: Talonflame|Tailwind|p1a: Talonflame\n|-sidestart|p1: foiledfeline|move: Tailwind\n|move|p1b: Flutter Mane|Dazzling Gleam|p2b: Wo-Chien|[spread] p2a\n|-activate|p2b: Wo-Chien|move: Protect\n|-resisted|p2a: Klefki\n|-damage|p2a: Klefki|0 fnt\n|faint|p2a: Klefki\n|\n|upkeep\n|\n|t:|1682562512\n|switch|p2a: Iron Bundle|Iron Bundle, L50|100\/100\n|turn|3\n|\n|t:|1682562531\n|-terastallize|p2b: Wo-Chien|Poison\n|move|p1a: Talonflame|Brave Bird|p2b: Wo-Chien\n|-damage|p2b: Wo-Chien|62\/100\n|-damage|p1a: Talonflame|0 fnt|[from] Recoil\n|faint|p1a: Talonflame\n|move|p1b: Flutter Mane|Moonblast|p2a: Iron Bundle\n|-damage|p2a: Iron Bundle|23\/100\n|-unboost|p2a: Iron Bundle|spa|1\n|move|p2a: Iron Bundle|Flip Turn|p1b: Flutter Mane\n|-damage|p1b: Flutter Mane|85\/100\n|\n|t:|1682562542\n|-end|p2a: Iron Bundle|Quark Drive|[silent]\n|switch|p2a: Torkoal|Torkoal, L50, F|100\/100|[from] Flip Turn\n|-weather|SunnyDay|[from] ability: Drought|[of] p2a: Torkoal\n|move|p2b: Wo-Chien|Growth|p2b: Wo-Chien\n|-boost|p2b: Wo-Chien|atk|2\n|-boost|p2b: Wo-Chien|spa|2\n|\n|-weather|SunnyDay|[upkeep]\n|-heal|p2b: Wo-Chien|69\/100|[from] item: Leftovers\n|upkeep\n|\n|t:|1682562557\n|switch|p1a: Ting-Lu|Ting-Lu, L50|100\/100\n|-ability|p1a: Ting-Lu|Vessel of Ruin\n|turn|4\n|\n|t:|1682562567\n|move|p1b: Flutter Mane|Protect|p1b: Flutter Mane\n|-singleturn|p1b: Flutter Mane|Protect\n|move|p2b: Wo-Chien|Protect|p2b: Wo-Chien\n|-singleturn|p2b: Wo-Chien|Protect\n|move|p1a: Ting-Lu|Earthquake|p2b: Wo-Chien|[spread] p2a\n|-activate|p1b: Flutter Mane|move: Protect\n|-activate|p2b: Wo-Chien|move: Protect\n|-supereffective|p2a: Torkoal\n|-damage|p2a: Torkoal|60\/100\n|move|p2a: Torkoal|Lava Plume|p1b: Flutter Mane|[spread] p1a\n|-activate|p2b: Wo-Chien|move: Protect\n|-activate|p1b: Flutter Mane|move: Protect\n|-damage|p1a: Ting-Lu|85\/100\n|-status|p1a: Ting-Lu|brn\n|\n|-weather|SunnyDay|[upkeep]\n|-heal|p1a: Ting-Lu|91\/100 brn|[from] item: Leftovers\n|-heal|p2b: Wo-Chien|75\/100|[from] item: Leftovers\n|-damage|p1a: Ting-Lu|85\/100 brn|[from] brn\n|upkeep\n|turn|5\n|\n|t:|1682562602\n|-end|p1b: Flutter Mane|Protosynthesis|[silent]\n|switch|p1b: Baxcalibur|Baxcalibur, L50, F|100\/100\n|move|p1a: Ting-Lu|Heavy Slam|p2b: Wo-Chien\n|-damage|p2b: Wo-Chien|62\/100\n|move|p2b: Wo-Chien|Giga Drain|p1b: Baxcalibur\n|-resisted|p1b: Baxcalibur\n|-damage|p1b: Baxcalibur|80\/100\n|-heal|p2b: Wo-Chien|72\/100|[from] drain|[of] p1b: Baxcalibur\n|move|p2a: Torkoal|Overheat|p1b: Baxcalibur\n|-damage|p1b: Baxcalibur|38\/100\n|-unboost|p2a: Torkoal|spa|2\n|-enditem|p2a: Torkoal|Eject Pack\n|-ability|p1b: Baxcalibur|Thermal Exchange|boost\n|-boost|p1b: Baxcalibur|atk|1\n|\n|t:|1682562616\n|switch|p2a: Iron Bundle|Iron Bundle, L50|23\/100\n|\n|-weather|SunnyDay|[upkeep]\n|-heal|p1a: Ting-Lu|91\/100 brn|[from] item: Leftovers\n|-heal|p2b: Wo-Chien|79\/100|[from] item: Leftovers\n|-damage|p1a: Ting-Lu|85\/100 brn|[from] brn\n|-sideend|p1: foiledfeline|move: Tailwind\n|upkeep\n|turn|6\n|\n|t:|1682562640\n|move|p1a: Ting-Lu|Protect|p1a: Ting-Lu\n|-singleturn|p1a: Ting-Lu|Protect\n|move|p2a: Iron Bundle|Freeze-Dry|p1b: Baxcalibur\n|-damage|p1b: Baxcalibur|17\/100\n|move|p1b: Baxcalibur|Earthquake|p2b: Wo-Chien|[spread] p2a,p2b\n|-activate|p1a: Ting-Lu|move: Protect\n|-supereffective|p2b: Wo-Chien\n|-damage|p2a: Iron Bundle|0 fnt\n|-damage|p2b: Wo-Chien|15\/100\n|faint|p2a: Iron Bundle\n|-end|p2a: Iron Bundle|Quark Drive|[silent]\n|move|p2b: Wo-Chien|Giga Drain|p1b: Baxcalibur\n|-resisted|p1b: Baxcalibur\n|-damage|p1b: Baxcalibur|0 fnt\n|-heal|p2b: Wo-Chien|23\/100|[from] drain|[of] p1b: Baxcalibur\n|faint|p1b: Baxcalibur\n|\n|-weather|SunnyDay|[upkeep]\n|-heal|p2b: Wo-Chien|30\/100|[from] item: Leftovers\n|-heal|p1a: Ting-Lu|91\/100 brn|[from] item: Leftovers\n|-damage|p1a: Ting-Lu|85\/100 brn|[from] brn\n|upkeep\n|\n|t:|1682562658\n|switch|p2a: Torkoal|Torkoal, L50, F|60\/100\n|switch|p1b: Flutter Mane|Flutter Mane, L50|85\/100\n|-activate|p1b: Flutter Mane|ability: Protosynthesis\n|-start|p1b: Flutter Mane|protosynthesisspa\n|turn|7\n|\n|t:|1682562692\n|-terastallize|p1a: Ting-Lu|Poison\n|move|p1b: Flutter Mane|Shadow Ball|p2a: Torkoal\n|-damage|p2a: Torkoal|22\/100\n|move|p2b: Wo-Chien|Growth|p2b: Wo-Chien\n|-boost|p2b: Wo-Chien|atk|2\n|-boost|p2b: Wo-Chien|spa|2\n|move|p1a: Ting-Lu|Heavy Slam|p2b: Wo-Chien\n|-damage|p2b: Wo-Chien|18\/100\n|move|p2a: Torkoal|Overheat|p1b: Flutter Mane\n|-damage|p1b: Flutter Mane|38\/100\n|-unboost|p2a: Torkoal|spa|2\n|\n|-weather|none\n|-end|p1b: Flutter Mane|Protosynthesis\n|-heal|p2b: Wo-Chien|24\/100|[from] item: Leftovers\n|-heal|p1a: Ting-Lu|91\/100 brn|[from] item: Leftovers\n|-damage|p1a: Ting-Lu|85\/100 brn|[from] brn\n|upkeep\n|turn|8\n|\n|t:|1682562714\n|move|p1b: Flutter Mane|Protect|p1b: Flutter Mane\n|-singleturn|p1b: Flutter Mane|Protect\n|move|p2b: Wo-Chien|Protect|p2b: Wo-Chien\n|-singleturn|p2b: Wo-Chien|Protect\n|move|p1a: Ting-Lu|Earthquake|p2b: Wo-Chien|[spread] p2a\n|-activate|p1b: Flutter Mane|move: Protect\n|-activate|p2b: Wo-Chien|move: Protect\n|-supereffective|p2a: Torkoal\n|-damage|p2a: Torkoal|0 fnt\n|faint|p2a: Torkoal\n|\n|-heal|p2b: Wo-Chien|30\/100|[from] item: Leftovers\n|-heal|p1a: Ting-Lu|91\/100 brn|[from] item: Leftovers\n|-damage|p1a: Ting-Lu|85\/100 brn|[from] brn\n|upkeep\n|turn|9\n|\n|t:|1682562737\n|move|p1b: Flutter Mane|Shadow Ball|p2b: Wo-Chien\n|-damage|p2b: Wo-Chien|9\/100\n|move|p2b: Wo-Chien|Giga Drain|p1b: Flutter Mane\n|-damage|p1b: Flutter Mane|0 fnt\n|-heal|p2b: Wo-Chien|23\/100|[from] drain|[of] p1b: Flutter Mane\n|faint|p1b: Flutter Mane\n|-end|p1b: Flutter Mane|Protosynthesis|[silent]\n|move|p1a: Ting-Lu|Earthquake|p2b: Wo-Chien\n|-supereffective|p2b: Wo-Chien\n|-damage|p2b: Wo-Chien|0 fnt\n|faint|p2b: Wo-Chien\n|\n|win|foiledfeline\n|raw|foiledfeline's rating: 1203 → 1221<\/strong> (+18 for winning)\n|raw|czarVGC's rating: 1102 → 1084<\/strong> (-18 for losing)\n|c|\u2606czarVGC|gg\n|c|\u2606foiledfeline|gg\n|l|\u2606foiledfeline\n|l|\u2606czarVGC\n|j|\u2606foiledfeline\n|player|p1|foiledfeline|102\n","uploadtime":1682562778,"views":9,"p1id":"foiledfeline","p2id":"czarvgc","formatid":"gen9vgc2023regulationc","rating":1084,"private":0,"password":""}