{"id":"gen9vgc2023regulationc-1857508529","p1":"Thomasnash270","p2":"grayscale123","format":"[Gen 9] VGC 2023 Regulation C","log":"|j|\u2606Thomasnash270\n|j|\u2606grayscale123\n|t:|1683203031\n|gametype|doubles\n|player|p1|Thomasnash270|clair|1090\n|player|p2|grayscale123|266|1000\n|teamsize|p1|6\n|teamsize|p2|6\n|gen|9\n|tier|[Gen 9] VGC 2023 Regulation C\n|rated|\n|rule|Species Clause: Limit one of each Pok\u00e9mon\n|rule|Item Clause: Limit one of each item\n|clearpoke\n|poke|p1|Flutter Mane, L50|\n|poke|p1|Iron Bundle, L50|\n|poke|p1|Tauros-Paldea-Blaze, L50, M|\n|poke|p1|Roaring Moon, L50|\n|poke|p1|Baxcalibur, L50, F|\n|poke|p1|Arboliva, L50, M|\n|poke|p2|Flutter Mane, L50|\n|poke|p2|Scream Tail, L50|\n|poke|p2|Iron Treads, L50|\n|poke|p2|Armarouge, L50, F|\n|poke|p2|Tauros-Paldea-Aqua, L50, M|\n|poke|p2|Amoonguss, L50, M|\n|teampreview|4\n|inactive|Battle timer is ON: inactive players will automatically lose when time's up. (requested by Thomasnash270)\n|\n|t:|1683203061\n|start\n|switch|p1a: Baxcalibur|Baxcalibur, L50, F, shiny|100\/100\n|switch|p1b: Roaring Moon|Roaring Moon, L50, shiny|100\/100\n|switch|p2a: Flutter Mane|Flutter Mane, L50|100\/100\n|switch|p2b: Scream Tail|Scream Tail, L50|100\/100\n|-enditem|p1b: Roaring Moon|Booster Energy\n|-activate|p1b: Roaring Moon|ability: Protosynthesis|[fromitem]\n|-start|p1b: Roaring Moon|protosynthesisspe\n|turn|1\n|\n|t:|1683203076\n|-terastallize|p1a: Baxcalibur|Poison\n|move|p1b: Roaring Moon|Tailwind|p1b: Roaring Moon\n|-sidestart|p1: Thomasnash270|move: Tailwind\n|move|p1a: Baxcalibur|Iron Head|p2b: Scream Tail\n|-supereffective|p2b: Scream Tail\n|-damage|p2b: Scream Tail|58\/100\n|-damage|p1a: Baxcalibur|84\/100|[from] item: Rocky Helmet|[of] p2b: Scream Tail\n|move|p2a: Flutter Mane|Perish Song|p2a: Flutter Mane\n|-start|p1a: Baxcalibur|perish3|[silent]\n|-start|p1b: Roaring Moon|perish3|[silent]\n|-start|p2a: Flutter Mane|perish3|[silent]\n|-start|p2b: Scream Tail|perish3|[silent]\n|-fieldactivate|move: Perish Song\n|move|p2b: Scream Tail|Light Screen|p2b: Scream Tail\n|-sidestart|p2: grayscale123|move: Light Screen\n|\n|-start|p1b: Roaring Moon|perish3\n|-start|p1a: Baxcalibur|perish3\n|-start|p2a: Flutter Mane|perish3\n|-start|p2b: Scream Tail|perish3\n|upkeep\n|turn|2\n|inactive|Thomasnash270 has 30 seconds left.\n|inactive|grayscale123 has 30 seconds left.\n|\n|t:|1683203104\n|-end|p1b: Roaring Moon|Protosynthesis|[silent]\n|switch|p1b: Iron Bundle|Iron Bundle, L50, shiny|100\/100\n|switch|p1a: Flutter Mane|Flutter Mane, L50, shiny|100\/100\n|move|p2a: Flutter Mane|Pain Split|p1a: Flutter Mane\n|-sethp|p1a: Flutter Mane|100\/100|[from] move: Pain Split|[silent]\n|-sethp|p2a: Flutter Mane|91\/100|[from] move: Pain Split\n|move|p2b: Scream Tail|Sunny Day|p2b: Scream Tail\n|-weather|SunnyDay\n|-activate|p1a: Flutter Mane|ability: Protosynthesis\n|-start|p1a: Flutter Mane|protosynthesisspe\n|-activate|p2a: Flutter Mane|ability: Protosynthesis\n|-start|p2a: Flutter Mane|protosynthesisspd\n|-activate|p2b: Scream Tail|ability: Protosynthesis\n|-start|p2b: Scream Tail|protosynthesisdef\n|\n|-weather|SunnyDay|[upkeep]\n|-start|p2a: Flutter Mane|perish2\n|-start|p2b: Scream Tail|perish2\n|upkeep\n|turn|3\n|inactive|grayscale123 has 30 seconds left.\n|\n|t:|1683203133\n|move|p1a: Flutter Mane|Shadow Ball|p2a: Flutter Mane\n|-supereffective|p2a: Flutter Mane\n|-damage|p2a: Flutter Mane|36\/100\n|-unboost|p2a: Flutter Mane|spd|1\n|move|p1b: Iron Bundle|Freeze-Dry|p2b: Scream Tail\n|-damage|p2b: Scream Tail|36\/100\n|-damage|p1b: Iron Bundle|91\/100|[from] item: Life Orb\n|move|p2a: Flutter Mane|Perish Song|p2a: Flutter Mane\n|-start|p1a: Flutter Mane|perish3|[silent]\n|-start|p1b: Iron Bundle|perish3|[silent]\n|-fieldactivate|move: Perish Song\n|move|p2b: Scream Tail|Light Screen||[still]\n|-fail|p2b: Scream Tail\n|\n|-weather|SunnyDay|[upkeep]\n|-start|p1a: Flutter Mane|perish3\n|-start|p1b: Iron Bundle|perish3\n|-start|p2a: Flutter Mane|perish1\n|-start|p2b: Scream Tail|perish1\n|upkeep\n|turn|4\n|\n|t:|1683203156\n|-end|p2a: Flutter Mane|Protosynthesis|[silent]\n|switch|p2a: Amoonguss|Amoonguss, L50, M|100\/100\n|-item|p2a: Amoonguss|Air Balloon\n|-end|p2b: Scream Tail|Protosynthesis|[silent]\n|switch|p2b: Armarouge|Armarouge, L50, F|100\/100\n|move|p1a: Flutter Mane|Shadow Ball|p2a: Amoonguss\n|-damage|p2a: Amoonguss|55\/100\n|-enditem|p2a: Amoonguss|Air Balloon\n|move|p1b: Iron Bundle|Freeze-Dry|p2b: Armarouge\n|-resisted|p2b: Armarouge\n|-damage|p2b: Armarouge|83\/100\n|-damage|p1b: Iron Bundle|82\/100|[from] item: Life Orb\n|\n|-weather|SunnyDay|[upkeep]\n|-start|p1a: Flutter Mane|perish2\n|-start|p1b: Iron Bundle|perish2\n|-sideend|p1: Thomasnash270|move: Tailwind\n|upkeep\n|turn|5\n|inactive|Thomasnash270 has 30 seconds left.\n|inactive|grayscale123 has 30 seconds left.\n|\n|t:|1683203189\n|-end|p1a: Flutter Mane|Protosynthesis|[silent]\n|switch|p1a: Baxcalibur|Baxcalibur, L50, F, shiny, tera:Poison|84\/100\n|move|p1b: Iron Bundle|Hydro Pump|p2b: Armarouge\n|-supereffective|p2b: Armarouge\n|-damage|p2b: Armarouge|30\/100\n|-enditem|p2b: Armarouge|Oran Berry|[eat]\n|-heal|p2b: Armarouge|36\/100|[from] item: Oran Berry\n|-damage|p1b: Iron Bundle|72\/100|[from] item: Life Orb\n|move|p2b: Armarouge|Aura Sphere|p1b: Iron Bundle\n|-supereffective|p1b: Iron Bundle\n|-damage|p1b: Iron Bundle|0 fnt\n|faint|p1b: Iron Bundle\n|-end|p1b: Iron Bundle|Quark Drive|[silent]\n|move|p2a: Amoonguss|Spore|p1a: Baxcalibur\n|-status|p1a: Baxcalibur|slp|[from] move: Spore\n|\n|-weather|SunnyDay|[upkeep]\n|-sideend|p2: grayscale123|move: Light Screen\n|upkeep\n|\n|t:|1683203212\n|switch|p1b: Flutter Mane|Flutter Mane, L50, shiny|100\/100\n|-activate|p1b: Flutter Mane|ability: Protosynthesis\n|-start|p1b: Flutter Mane|protosynthesisspe\n|turn|6\n|\n|t:|1683203230\n|move|p1b: Flutter Mane|Dark Pulse|p2b: Armarouge\n|-supereffective|p2b: Armarouge\n|-damage|p2b: Armarouge|0 fnt\n|faint|p2b: Armarouge\n|cant|p1a: Baxcalibur|slp\n|move|p2a: Amoonguss|Spore|p1b: Flutter Mane\n|-status|p1b: Flutter Mane|slp|[from] move: Spore\n|\n|-weather|none\n|-end|p1b: Flutter Mane|Protosynthesis\n|upkeep\n|\n|t:|1683203243\n|switch|p2b: Scream Tail|Scream Tail, L50|36\/100\n|turn|7\n|\n|t:|1683203268\n|cant|p1b: Flutter Mane|slp\n|move|p2b: Scream Tail|Perish Song|p2b: Scream Tail\n|-start|p1a: Baxcalibur|perish3|[silent]\n|-start|p1b: Flutter Mane|perish3|[silent]\n|-start|p2a: Amoonguss|perish3|[silent]\n|-start|p2b: Scream Tail|perish3|[silent]\n|-fieldactivate|move: Perish Song\n|cant|p1a: Baxcalibur|slp\n|move|p2a: Amoonguss|Pollen Puff|p2b: Scream Tail\n|-heal|p2b: Scream Tail|85\/100\n|\n|-start|p1b: Flutter Mane|perish3\n|-start|p2b: Scream Tail|perish3\n|-start|p1a: Baxcalibur|perish3\n|-start|p2a: Amoonguss|perish3\n|upkeep\n|turn|8\n|inactive|Thomasnash270 has 30 seconds left.\n|inactive|grayscale123 has 30 seconds left.\n|inactive|grayscale123 has 20 seconds left.\n|inactive|grayscale123 has 15 seconds left.\n|inactive|grayscale123 has 10 seconds left.\n|\n|t:|1683203316\n|switch|p2a: Flutter Mane|Flutter Mane, L50|36\/100\n|move|p2b: Scream Tail|Protect|p2b: Scream Tail\n|-singleturn|p2b: Scream Tail|Protect\n|cant|p1b: Flutter Mane|slp\n|cant|p1a: Baxcalibur|slp\n|\n|-start|p1b: Flutter Mane|perish2\n|-start|p2b: Scream Tail|perish2\n|-start|p1a: Baxcalibur|perish2\n|upkeep\n|turn|9\n|\n|t:|1683203337\n|switch|p1a: Roaring Moon|Roaring Moon, L50, shiny|100\/100\n|-curestatus|p1b: Flutter Mane|slp|[msg]\n|move|p1b: Flutter Mane|Dark Pulse|p2b: Scream Tail\n|-damage|p2b: Scream Tail|50\/100\n|cant|p2b: Scream Tail|flinch\n|move|p2a: Flutter Mane|Trick Room|p2a: Flutter Mane\n|-fieldstart|move: Trick Room|[of] p2a: Flutter Mane\n|\n|-start|p2b: Scream Tail|perish1\n|-start|p1b: Flutter Mane|perish1\n|upkeep\n|turn|10\n|inactive|grayscale123 has 30 seconds left.\n|\n|t:|1683203365\n|-end|p2b: Scream Tail|Protosynthesis|[silent]\n|switch|p2b: Amoonguss|Amoonguss, L50, M|55\/100\n|-end|p1b: Flutter Mane|Protosynthesis|[silent]\n|switch|p1b: Baxcalibur|Baxcalibur, L50, F, shiny, tera:Poison|84\/100 slp\n|move|p2a: Flutter Mane|Pain Split|p1b: Baxcalibur\n|-sethp|p1b: Baxcalibur|55\/100 slp|[from] move: Pain Split|[silent]\n|-sethp|p2a: Flutter Mane|75\/100|[from] move: Pain Split\n|move|p1a: Roaring Moon|Throat Chop|p2b: Amoonguss\n|-damage|p2b: Amoonguss|10\/100\n|-start|p2b: Amoonguss|Throat Chop|[silent]\n|\n|upkeep\n|turn|11\n|inactive|Thomasnash270 has 30 seconds left.\n|inactive|grayscale123 has 30 seconds left.\n|inactive|grayscale123 has 20 seconds left.\n|\n|t:|1683203403\n|-terastallize|p2b: Amoonguss|Grass\n|move|p2a: Flutter Mane|Protect|p2a: Flutter Mane\n|-singleturn|p2a: Flutter Mane|Protect\n|move|p1a: Roaring Moon|Protect|p1a: Roaring Moon\n|-singleturn|p1a: Roaring Moon|Protect\n|move|p2b: Amoonguss|Energy Ball|p1b: Baxcalibur\n|-resisted|p1b: Baxcalibur\n|-damage|p1b: Baxcalibur|43\/100 slp\n|-curestatus|p1b: Baxcalibur|slp|[msg]\n|move|p1b: Baxcalibur|Icicle Crash|p2b: Amoonguss\n|-supereffective|p2b: Amoonguss\n|-damage|p2b: Amoonguss|0 fnt\n|faint|p2b: Amoonguss\n|\n|upkeep\n|\n|t:|1683203417\n|switch|p2b: Scream Tail|Scream Tail, L50|50\/100\n|turn|12\n|\n|t:|1683203438\n|move|p2b: Scream Tail|Protect|p2b: Scream Tail\n|-singleturn|p2b: Scream Tail|Protect\n|move|p1b: Baxcalibur|Iron Head|p2a: Flutter Mane\n|-supereffective|p2a: Flutter Mane\n|-damage|p2a: Flutter Mane|0 fnt\n|faint|p2a: Flutter Mane\n|-end|p2a: Flutter Mane|Protosynthesis|[silent]\n|move|p1a: Roaring Moon|Throat Chop|p2b: Scream Tail\n|-activate|p2b: Scream Tail|move: Protect\n|\n|upkeep\n|turn|13\n|\n|t:|1683203451\n|move|p1b: Baxcalibur|Iron Head|p2b: Scream Tail\n|-supereffective|p2b: Scream Tail\n|-damage|p2b: Scream Tail|0 fnt\n|-damage|p1b: Baxcalibur|27\/100|[from] item: Rocky Helmet|[of] p2b: Scream Tail\n|faint|p2b: Scream Tail\n|-end|p2b: Scream Tail|Protosynthesis|[silent]\n|\n|win|Thomasnash270\n|raw|Thomasnash270's rating: 1090 → 1110<\/strong> (+20 for winning)\n|raw|grayscale123's rating: 1000 → 1000<\/strong> (+0 for losing)\n|c|\u2606grayscale123|gg\n","uploadtime":1683203482,"views":8,"p1id":"thomasnash270","p2id":"grayscale123","formatid":"gen9vgc2023regulationc","rating":1000,"private":0,"password":""}