{"id":"gen9vgc2023regulationc-1863561843","p1":"PokeVoltClub","p2":"Cody XCX","format":"[Gen 9] VGC 2023 Regulation C","log":"|j|\u2606PokeVoltClub\n|j|\u203dCody XCX\n|t:|1684034607\n|gametype|doubles\n|player|p1|PokeVoltClub|elesa|1131\n|player|p2|Cody XCX|102|1146\n|teamsize|p1|6\n|teamsize|p2|6\n|gen|9\n|tier|[Gen 9] VGC 2023 Regulation C\n|rated|\n|rule|Species Clause: Limit one of each Pok\u00e9mon\n|rule|Item Clause: Limit one of each item\n|clearpoke\n|poke|p1|Bellibolt, L50, M|\n|poke|p1|Gyarados, L50, M|\n|poke|p1|Dragonite, L50, F|\n|poke|p1|Iron Treads, L50|\n|poke|p1|Annihilape, L50, M|\n|poke|p1|Maushold, L50|\n|poke|p2|Amoonguss, L50, M|\n|poke|p2|Arcanine, L50, F|\n|poke|p2|Palafin, L50, M|\n|poke|p2|Ting-Lu, L50|\n|poke|p2|Flutter Mane, L50|\n|poke|p2|Roaring Moon, L50|\n|teampreview|4\n|inactive|Battle timer is ON: inactive players will automatically lose when time's up. (requested by Cody XCX)\nPokeVoltClub has agreed to open team sheets.\n|inactive|Cody XCX has 60 seconds left.\n|inactive|Cody XCX has 30 seconds left.\n|inactive|Cody XCX has 20 seconds left.\n|\n|t:|1684034678\n|start\n|switch|p1a: Maushold|Maushold, L50|100\/100\n|switch|p1b: Annihilape|Annihilape, L50, M|100\/100\n|switch|p2a: Flutter Mane|Flutter Mane, L50|100\/100\n|switch|p2b: Amoonguss|Amoonguss, L50, M|100\/100\n|turn|1\n|inactive|PokeVoltClub has 30 seconds left.\n|inactive|PokeVoltClub has 20 seconds left.\n|inactive|PokeVoltClub has 15 seconds left.\n|inactive|PokeVoltClub has 10 seconds left.\n|\n|t:|1684034727\n|-terastallize|p1b: Annihilape|Fire\n|move|p1a: Maushold|Follow Me|p1a: Maushold\n|-singleturn|p1a: Maushold|move: Follow Me\n|move|p2a: Flutter Mane|Moonblast|p1a: Maushold\n|-damage|p1a: Maushold|13\/100\n|move|p1b: Annihilape|Bulk Up|p1b: Annihilape\n|-boost|p1b: Annihilape|atk|1\n|-boost|p1b: Annihilape|def|1\n|move|p2b: Amoonguss|Spore|p1a: Maushold\n|-activate|p1a: Maushold|item: Safety Goggles|Spore\n|\n|upkeep\n|turn|2\n|inactive|PokeVoltClub has 30 seconds left.\n|inactive|Cody XCX has 30 seconds left.\n|inactive|PokeVoltClub has 20 seconds left.\n|\n|t:|1684034763\n|-end|p2a: Flutter Mane|Protosynthesis|[silent]\n|switch|p2a: Ting-Lu|Ting-Lu, L50|100\/100\n|-ability|p2a: Ting-Lu|Vessel of Ruin\n|move|p1a: Maushold|Beat Up|p1b: Annihilape\n|-damage|p1b: Annihilape|99\/100\n|-damage|p1b: Annihilape|98\/100\n|-damage|p1b: Annihilape|97\/100\n|-damage|p1b: Annihilape|95\/100\n|-hitcount|p1b: Annihilape|4\n|move|p1b: Annihilape|Rage Fist|p2b: Amoonguss\n|-damage|p2b: Amoonguss|0 fnt\n|faint|p2b: Amoonguss\n|\n|-heal|p1b: Annihilape|100\/100|[from] item: Leftovers\n|upkeep\n|\n|t:|1684034776\n|switch|p2b: Arcanine|Arcanine, L50, F|100\/100\n|-ability|p2b: Arcanine|Intimidate|boost\n|-unboost|p1a: Maushold|atk|1\n|-unboost|p1b: Annihilape|atk|1\n|-ability|p1b: Annihilape|Defiant|boost\n|-boost|p1b: Annihilape|atk|2\n|turn|3\n|inactive|PokeVoltClub has 30 seconds left.\n|\n|t:|1684034807\n|move|p1b: Annihilape|Protect|p1b: Annihilape\n|-singleturn|p1b: Annihilape|Protect\n|move|p2b: Arcanine|Extreme Speed|p1b: Annihilape\n|-activate|p1b: Annihilape|move: Protect\n|move|p1a: Maushold|Super Fang|p2a: Ting-Lu\n|-damage|p2a: Ting-Lu|50\/100\n|move|p2a: Ting-Lu|Stomping Tantrum|p1b: Annihilape\n|-activate|p1b: Annihilape|move: Protect\n|\n|upkeep\n|turn|4\n|\n|t:|1684034829\n|switch|p1b: Gyarados|Gyarados, L50, M|100\/100\n|-ability|p1b: Gyarados|Intimidate|boost\n|-unboost|p2a: Ting-Lu|atk|1\n|-unboost|p2b: Arcanine|atk|1\n|move|p2b: Arcanine|Extreme Speed|p1a: Maushold\n|-damage|p1a: Maushold|0 fnt\n|faint|p1a: Maushold\n|move|p2a: Ting-Lu|Stomping Tantrum|p1b: Gyarados\n|-immune|p1b: Gyarados\n|\n|upkeep\n|\n|t:|1684034847\n|switch|p1a: Bellibolt|Bellibolt, L50, M|100\/100\n|turn|5\n|\n|t:|1684034861\n|move|p2b: Arcanine|Will-O-Wisp|p1b: Gyarados\n|-status|p1b: Gyarados|brn\n|move|p1b: Gyarados|Waterfall|p2a: Ting-Lu\n|-supereffective|p2a: Ting-Lu\n|-damage|p2a: Ting-Lu|33\/100\n|move|p1a: Bellibolt|Muddy Water|p2b: Arcanine|[spread] p2a,p2b\n|-supereffective|p2a: Ting-Lu\n|-supereffective|p2b: Arcanine\n|-damage|p2a: Ting-Lu|19\/100\n|-damage|p2b: Arcanine|72\/100\n|move|p2a: Ting-Lu|Stomping Tantrum|p1a: Bellibolt\n|-supereffective|p1a: Bellibolt\n|-damage|p1a: Bellibolt|25\/100\n|-start|p1a: Bellibolt|Charge|Stomping Tantrum|[from] ability: Electromorphosis\n|\n|-damage|p1b: Gyarados|94\/100 brn|[from] brn\n|upkeep\n|turn|6\n|inactive|PokeVoltClub has 30 seconds left.\n|inactive|Cody XCX has 30 seconds left.\n|inactive|Cody XCX has 20 seconds left.\n|inactive|Cody XCX has 15 seconds left.\n|inactive|Cody XCX has 10 seconds left.\n|\n|t:|1684034908\n|switch|p2b: Flutter Mane|Flutter Mane, L50|100\/100\n|move|p1b: Gyarados|Waterfall|p2a: Ting-Lu\n|-supereffective|p2a: Ting-Lu\n|-damage|p2a: Ting-Lu|1\/100\n|move|p1a: Bellibolt|Thunderbolt|p2b: Flutter Mane\n|-damage|p2b: Flutter Mane|49\/100\n|-end|p1a: Bellibolt|Charge|[silent]\n|move|p2a: Ting-Lu|Sand Tomb|p1a: Bellibolt\n|-supereffective|p1a: Bellibolt\n|-damage|p1a: Bellibolt|11\/100\n|-activate|p1a: Bellibolt|move: Sand Tomb|[of] p2a: Ting-Lu\n|-start|p1a: Bellibolt|Charge|Sand Tomb|[from] ability: Electromorphosis\n|\n|-damage|p1b: Gyarados|88\/100 brn|[from] brn\n|-damage|p1a: Bellibolt|0 fnt|[from] move: Sand Tomb|[partiallytrapped]\n|faint|p1a: Bellibolt\n|upkeep\n|\n|t:|1684034922\n|switch|p1a: Annihilape|Annihilape, L50, M, tera:Fire|100\/100\n|turn|7\n|\n|t:|1684034946\n|move|p2b: Flutter Mane|Thunderbolt|p1b: Gyarados\n|-supereffective|p1b: Gyarados\n|-damage|p1b: Gyarados|0 fnt\n|faint|p1b: Gyarados\n|move|p1a: Annihilape|Rage Fist|p2b: Flutter Mane\n|-supereffective|p2b: Flutter Mane\n|-damage|p2b: Flutter Mane|0 fnt\n|faint|p2b: Flutter Mane\n|-end|p2b: Flutter Mane|Protosynthesis|[silent]\n|move|p2a: Ting-Lu|Stomping Tantrum|p1a: Annihilape\n|-supereffective|p1a: Annihilape\n|-damage|p1a: Annihilape|60\/100\n|\n|-heal|p1a: Annihilape|66\/100|[from] item: Leftovers\n|upkeep\n|inactive|Cody XCX has 30 seconds left.\n|\n|t:|1684034978\n|switch|p2b: Arcanine|Arcanine, L50, F|72\/100\n|-ability|p2b: Arcanine|Intimidate|boost\n|-unboost|p1a: Annihilape|atk|1\n|-ability|p1a: Annihilape|Defiant|boost\n|-boost|p1a: Annihilape|atk|2\n|turn|8\n|\n|t:|1684035001\n|move|p2b: Arcanine|Extreme Speed|p1a: Annihilape\n|-damage|p1a: Annihilape|43\/100\n|move|p1a: Annihilape|Rage Fist|p2a: Ting-Lu\n|-resisted|p2a: Ting-Lu\n|-damage|p2a: Ting-Lu|0 fnt\n|faint|p2a: Ting-Lu\n|\n|-heal|p1a: Annihilape|49\/100|[from] item: Leftovers\n|upkeep\n|turn|9\n|inactive|Cody XCX has 30 seconds left.\n|\n|t:|1684035029\n|move|p1a: Annihilape|Protect|p1a: Annihilape\n|-singleturn|p1a: Annihilape|Protect\n|move|p2b: Arcanine|Extreme Speed|p1a: Annihilape\n|-activate|p1a: Annihilape|move: Protect\n|\n|-heal|p1a: Annihilape|55\/100|[from] item: Leftovers\n|upkeep\n|turn|10\n|inactive|Cody XCX has 30 seconds left.\n|\n|t:|1684035058\n|-terastallize|p2b: Arcanine|Grass\n|move|p1a: Annihilape|Rage Fist|p2b: Arcanine\n|-damage|p2b: Arcanine|0 fnt\n|faint|p2b: Arcanine\n|\n|win|PokeVoltClub\n|raw|PokeVoltClub's rating: 1131 → 1157<\/strong> (+26 for winning)\n|raw|Cody XCX's rating: 1146 → 1120<\/strong> (-26 for losing)\n","uploadtime":1684035065,"views":16,"p1id":"pokevoltclub","p2id":"codyxcx","formatid":"gen9vgc2023regulationc","rating":1120,"private":0,"password":""}