{"id":"gen9vgc2023regulationc-1850253985","p1":"Lordblakeob","p2":"CoDameron","format":"[Gen 9] VGC 2023 Regulation C","log":"|j|\u2606Lordblakeob\n|j|\u2606CoDameron\n|t:|1682306288\n|gametype|doubles\n|player|p1|Lordblakeob|2|1154\n|player|p2|CoDameron|1|1211\n|teamsize|p1|6\n|teamsize|p2|6\n|gen|9\n|tier|[Gen 9] VGC 2023 Regulation C\n|rated|\n|rule|Species Clause: Limit one of each Pok\u00e9mon\n|rule|Item Clause: Limit one of each item\n|clearpoke\n|poke|p1|Garganacl, L50, M|\n|poke|p1|Hippowdon, L50, F|\n|poke|p1|Bisharp, L50, F|\n|poke|p1|Lycanroc, L50, F|\n|poke|p1|Arboliva, L50, M|\n|poke|p1|Ting-Lu, L50|\n|poke|p2|Bellibolt, L50, M|\n|poke|p2|Wo-Chien, L50|\n|poke|p2|Cloyster, L50, F|\n|poke|p2|Scizor, L50, M|\n|poke|p2|Foongus, L50, F|\n|poke|p2|Polteageist, L50|\n|teampreview|4\n|\n|t:|1682306332\n|start\n|switch|p1a: Hippowdon|Hippowdon, L50, F|100\/100\n|switch|p1b: Lycanroc|Lycanroc, L50, F|100\/100\n|switch|p2a: Safety First!|Foongus, L50, F|100\/100\n|switch|p2b: The Count|Cloyster, L50, F|100\/100\n|-weather|Sandstorm|[from] ability: Sand Stream|[of] p1a: Hippowdon\n|turn|1\n|\n|t:|1682306356\n|switch|p2b: Rosetta|Wo-Chien, L50|100\/100\n|-ability|p2b: Rosetta|Tablets of Ruin\n|move|p1b: Lycanroc|Accelerock|p2b: Rosetta\n|-damage|p2b: Rosetta|88\/100\n|move|p1a: Hippowdon|Yawn|p2b: Rosetta\n|-start|p2b: Rosetta|move: Yawn|[of] p1a: Hippowdon\n|move|p2a: Safety First!|Spore|p1b: Lycanroc\n|-status|p1b: Lycanroc|slp|[from] move: Spore\n|\n|-weather|Sandstorm|[upkeep]\n|-damage|p2b: Rosetta|82\/100|[from] Sandstorm\n|-damage|p2a: Safety First!|95\/100|[from] Sandstorm\n|-heal|p2b: Rosetta|88\/100|[from] item: Leftovers\n|upkeep\n|turn|2\n|\n|t:|1682306396\n|switch|p2b: Jelli Belli|Bellibolt, L50, M, shiny|100\/100\n|cant|p1b: Lycanroc|slp\n|move|p1a: Hippowdon|Curse|p1a: Hippowdon\n|-unboost|p1a: Hippowdon|spe|1\n|-boost|p1a: Hippowdon|atk|1\n|-boost|p1a: Hippowdon|def|1\n|move|p2a: Safety First!|Toxic|p1a: Hippowdon\n|-status|p1a: Hippowdon|tox\n|\n|-weather|Sandstorm|[upkeep]\n|-damage|p2b: Jelli Belli|94\/100|[from] Sandstorm\n|-damage|p2a: Safety First!|89\/100|[from] Sandstorm\n|-damage|p1a: Hippowdon|94\/100 tox|[from] psn\n|upkeep\n|turn|3\n|\n|t:|1682306424\n|-terastallize|p2b: Jelli Belli|Water\n|move|p2a: Safety First!|Rage Powder|p2a: Safety First!\n|-singleturn|p2a: Safety First!|move: Rage Powder\n|-curestatus|p1b: Lycanroc|slp|[msg]\n|move|p1b: Lycanroc|Accelerock|p2a: Safety First!\n|-damage|p2a: Safety First!|67\/100\n|move|p2b: Jelli Belli|Reflect|p2b: Jelli Belli\n|-sidestart|p2: CoDameron|Reflect\n|move|p1a: Hippowdon|Earthquake|p2a: Safety First!|[spread] p1b,p2a,p2b\n|-supereffective|p1b: Lycanroc\n|-enditem|p1b: Lycanroc|Focus Sash\n|-damage|p1b: Lycanroc|1\/100\n|-damage|p2a: Safety First!|32\/100\n|-damage|p2b: Jelli Belli|70\/100\n|-start|p2b: Jelli Belli|Charge|Earthquake|[from] ability: Electromorphosis\n|\n|-weather|Sandstorm|[upkeep]\n|-damage|p2b: Jelli Belli|64\/100|[from] Sandstorm\n|-damage|p2a: Safety First!|26\/100|[from] Sandstorm\n|-damage|p1a: Hippowdon|82\/100 tox|[from] psn\n|upkeep\n|turn|4\n|\n|t:|1682306449\n|switch|p2a: Rosetta|Wo-Chien, L50|88\/100\n|-ability|p2a: Rosetta|Tablets of Ruin\n|move|p1b: Lycanroc|Endeavor|p2b: Jelli Belli\n|-damage|p2b: Jelli Belli|1\/100\n|-start|p2b: Jelli Belli|Charge|Endeavor|[from] ability: Electromorphosis\n|move|p2b: Jelli Belli|Muddy Water|p1a: Hippowdon|[spread] p1a\n|-miss|p2b: Jelli Belli|p1b: Lycanroc\n|-supereffective|p1a: Hippowdon\n|-damage|p1a: Hippowdon|12\/100 tox\n|move|p1a: Hippowdon|Earthquake|p2a: Rosetta|[spread] p1b,p2a,p2b\n|-supereffective|p1b: Lycanroc\n|-resisted|p2a: Rosetta\n|-damage|p1b: Lycanroc|0 fnt\n|-damage|p2a: Rosetta|79\/100\n|-damage|p2b: Jelli Belli|0 fnt\n|faint|p1b: Lycanroc\n|faint|p2b: Jelli Belli\n|\n|-weather|Sandstorm|[upkeep]\n|-damage|p2a: Rosetta|73\/100|[from] Sandstorm\n|-heal|p2a: Rosetta|79\/100|[from] item: Leftovers\n|-damage|p1a: Hippowdon|0 fnt|[from] psn\n|faint|p1a: Hippowdon\n|upkeep\n|\n|t:|1682306473\n|switch|p1b: Ting-Lu|Ting-Lu, L50|100\/100\n|switch|p1a: Bisharp|Bisharp, L50, F|100\/100\n|switch|p2b: Safety First!|Foongus, L50, F|59\/100\n|-ability|p1b: Ting-Lu|Vessel of Ruin\n|turn|5\n|\n|t:|1682306491\n|move|p2a: Rosetta|Leech Seed|p1a: Bisharp\n|-start|p1a: Bisharp|move: Leech Seed\n|move|p1a: Bisharp|Iron Head|p2b: Safety First!\n|-damage|p2b: Safety First!|30\/100\n|move|p1b: Ting-Lu|Fissure|p2a: Rosetta|[miss]\n|-miss|p1b: Ting-Lu|p2a: Rosetta\n|move|p2b: Safety First!|Toxic|p1b: Ting-Lu\n|-status|p1b: Ting-Lu|tox\n|\n|-weather|Sandstorm|[upkeep]\n|-damage|p2a: Rosetta|73\/100|[from] Sandstorm\n|-damage|p2b: Safety First!|24\/100|[from] Sandstorm\n|-heal|p2a: Rosetta|79\/100|[from] item: Leftovers\n|-damage|p1a: Bisharp|88\/100|[from] Leech Seed|[of] p2a: Rosetta\n|-heal|p2a: Rosetta|88\/100|[silent]\n|-damage|p1b: Ting-Lu|94\/100 tox|[from] psn\n|upkeep\n|turn|6\n|\n|t:|1682306523\n|move|p2b: Safety First!|Protect|p2b: Safety First!\n|-singleturn|p2b: Safety First!|Protect\n|move|p2a: Rosetta|Leech Seed|p1b: Ting-Lu\n|-start|p1b: Ting-Lu|move: Leech Seed\n|move|p1a: Bisharp|Brick Break|p2a: Rosetta\n|-sideend|p2: CoDameron|Reflect\n|-supereffective|p2a: Rosetta\n|-damage|p2a: Rosetta|48\/100\n|move|p1b: Ting-Lu|Stomping Tantrum|p2b: Safety First!\n|-activate|p2b: Safety First!|move: Protect\n|\n|-weather|Sandstorm|[upkeep]\n|-damage|p2a: Rosetta|42\/100|[from] Sandstorm\n|-damage|p2b: Safety First!|18\/100|[from] Sandstorm\n|-heal|p2a: Rosetta|48\/100|[from] item: Leftovers\n|-damage|p1a: Bisharp|76\/100|[from] Leech Seed|[of] p2a: Rosetta\n|-heal|p2a: Rosetta|57\/100|[silent]\n|-damage|p1b: Ting-Lu|82\/100 tox|[from] Leech Seed|[of] p2a: Rosetta\n|-heal|p2a: Rosetta|74\/100|[silent]\n|-damage|p1b: Ting-Lu|70\/100 tox|[from] psn\n|upkeep\n|turn|7\n|\n|t:|1682306545\n|move|p2a: Rosetta|Protect|p2a: Rosetta\n|-singleturn|p2a: Rosetta|Protect\n|move|p1a: Bisharp|Poison Jab|p2a: Rosetta\n|-activate|p2a: Rosetta|move: Protect\n|move|p1b: Ting-Lu|Fissure|p2a: Rosetta\n|-activate|p2a: Rosetta|move: Protect\n|move|p2b: Safety First!|Spore|p1a: Bisharp\n|-status|p1a: Bisharp|slp|[from] move: Spore\n|\n|-weather|Sandstorm|[upkeep]\n|-damage|p2a: Rosetta|68\/100|[from] Sandstorm\n|-damage|p2b: Safety First!|12\/100|[from] Sandstorm\n|-heal|p2a: Rosetta|74\/100|[from] item: Leftovers\n|-damage|p1a: Bisharp|64\/100 slp|[from] Leech Seed|[of] p2a: Rosetta\n|-heal|p2a: Rosetta|83\/100|[silent]\n|-damage|p1b: Ting-Lu|58\/100 tox|[from] Leech Seed|[of] p2a: Rosetta\n|-heal|p2a: Rosetta|99\/100|[silent]\n|-damage|p1b: Ting-Lu|39\/100 tox|[from] psn\n|upkeep\n|turn|8\n|\n|t:|1682306572\n|move|p2b: Safety First!|Rage Powder|p2b: Safety First!\n|-singleturn|p2b: Safety First!|move: Rage Powder\n|cant|p1a: Bisharp|slp\n|move|p2a: Rosetta|Pollen Puff|p1b: Ting-Lu\n|-supereffective|p1b: Ting-Lu\n|-damage|p1b: Ting-Lu|13\/100 tox\n|move|p1b: Ting-Lu|Body Press|p2b: Safety First!\n|-resisted|p2b: Safety First!\n|-damage|p2b: Safety First!|0 fnt\n|faint|p2b: Safety First!\n|\n|-weather|none\n|-heal|p2a: Rosetta|100\/100|[from] item: Leftovers\n|-damage|p1a: Bisharp|52\/100 slp|[from] Leech Seed|[of] p2a: Rosetta\n|-damage|p1b: Ting-Lu|1\/100 tox|[from] Leech Seed|[of] p2a: Rosetta\n|-damage|p1b: Ting-Lu|0 fnt|[from] psn\n|faint|p1b: Ting-Lu\n|upkeep\n|\n|t:|1682306587\n|switch|p2b: The Count|Cloyster, L50, F|100\/100\n|turn|9\n|\n|t:|1682306594\n|move|p2b: The Count|Icicle Spear|p1a: Bisharp\n|-resisted|p1a: Bisharp\n|-damage|p1a: Bisharp|49\/100 slp\n|-resisted|p1a: Bisharp\n|-damage|p1a: Bisharp|47\/100 slp\n|-resisted|p1a: Bisharp\n|-damage|p1a: Bisharp|44\/100 slp\n|-resisted|p1a: Bisharp\n|-damage|p1a: Bisharp|41\/100 slp\n|-resisted|p1a: Bisharp\n|-damage|p1a: Bisharp|39\/100 slp\n|-hitcount|p1a: Bisharp|5\n|-curestatus|p1a: Bisharp|slp|[msg]\n|move|p1a: Bisharp|Brick Break|p2b: The Count\n|-supereffective|p2b: The Count\n|-damage|p2b: The Count|62\/100\n|move|p2a: Rosetta|Pollen Puff|p1a: Bisharp\n|-damage|p1a: Bisharp|16\/100\n|\n|-damage|p1a: Bisharp|4\/100|[from] Leech Seed|[of] p2a: Rosetta\n|upkeep\n|turn|10\n|\n|t:|1682306613\n|move|p2b: The Count|Icicle Spear|p1a: Bisharp\n|-resisted|p1a: Bisharp\n|-damage|p1a: Bisharp|1\/100\n|-resisted|p1a: Bisharp\n|-damage|p1a: Bisharp|0 fnt\n|faint|p1a: Bisharp\n|-hitcount|p1: Bisharp|2\n|\n|win|CoDameron\n|raw|Lordblakeob's rating: 1154 → 1133<\/strong> (-21 for losing)\n|raw|CoDameron's rating: 1211 → 1232<\/strong> (+21 for winning)\n|l|\u2606Lordblakeob\n","uploadtime":1682306621,"views":26,"p1id":"lordblakeob","p2id":"codameron","formatid":"gen9vgc2023regulationc","rating":1133,"private":0,"password":""}