{"id":"gen9vgc2023regulationc-1862284645","p1":"Doughboy322","p2":"Haves2L","format":"[Gen 9] VGC 2023 Regulation C","log":"|j|\u2606Doughboy322\n|j|\u2606Haves2L\n|t:|1683859657\n|gametype|doubles\n|player|p1|Doughboy322|cynthia-masters|1283\n|player|p2|Haves2L|mars|1201\n|teamsize|p1|6\n|teamsize|p2|6\n|gen|9\n|tier|[Gen 9] VGC 2023 Regulation C\n|rated|\n|rule|Species Clause: Limit one of each Pok\u00e9mon\n|rule|Item Clause: Limit one of each item\n|clearpoke\n|poke|p1|Abomasnow, L50, M|\n|poke|p1|Iron Bundle, L50|\n|poke|p1|Baxcalibur, L50, F|\n|poke|p1|Corviknight, L50, F|\n|poke|p1|Chi-Yu, L50|\n|poke|p1|Volcarona, L50, M|\n|poke|p2|Pincurchin, L50, M|\n|poke|p2|Iron Moth, L50|\n|poke|p2|Iron Jugulis, L50|\n|poke|p2|Iron Hands, L50|\n|poke|p2|Iron Valiant, L50|\n|poke|p2|Iron Treads, L50|\n|teampreview|4\nDoughboy322 has agreed to open team sheets.\n|\n|t:|1683859728\n|start\n|switch|p1a: Corviknight|Corviknight, L50, F, shiny|100\/100\n|switch|p1b: Baxcalibur|Baxcalibur, L50, F, shiny|100\/100\n|switch|p2a: Iron Valiant|Iron Valiant, L50|100\/100\n|switch|p2b: Pincurchin|Pincurchin, L50, M|100\/100\n|-fieldstart|move: Electric Terrain|[from] ability: Electric Surge|[of] p2b: Pincurchin\n|-enditem|p2a: Iron Valiant|Electric Seed\n|-boost|p2a: Iron Valiant|def|1|[from] item: Electric Seed\n|-activate|p2a: Iron Valiant|ability: Quark Drive\n|-start|p2a: Iron Valiant|quarkdrivedef\n|turn|1\n|\n|t:|1683859759\n|-terastallize|p1b: Baxcalibur|Water\n|move|p2a: Iron Valiant|Spirit Break|p1b: Baxcalibur\n|-damage|p1b: Baxcalibur|69\/100\n|-unboost|p1b: Baxcalibur|spa|1\n|move|p1b: Baxcalibur|Zen Headbutt|p2a: Iron Valiant\n|-supereffective|p2a: Iron Valiant\n|-damage|p2a: Iron Valiant|61\/100\n|move|p1a: Corviknight|Tailwind|p1a: Corviknight\n|-sidestart|p1: Doughboy322|move: Tailwind\n|move|p2b: Pincurchin|Thunderbolt|p1a: Corviknight\n|-supereffective|p1a: Corviknight\n|-crit|p1a: Corviknight\n|-damage|p1a: Corviknight|0 fnt\n|faint|p1a: Corviknight\n|\n|upkeep\n|\n|t:|1683859785\n|switch|p1a: Chi-Yu|Chi-Yu, L50|100\/100\n|-ability|p1a: Chi-Yu|Beads of Ruin\n|turn|2\n|\n|t:|1683859801\n|move|p2a: Iron Valiant|Wide Guard|p2a: Iron Valiant\n|-singleturn|p2a: Iron Valiant|Wide Guard\n|move|p1a: Chi-Yu|Lava Plume|p2a: Iron Valiant|[spread] p1b\n|-activate|p2a: Iron Valiant|move: Wide Guard\n|-activate|p2b: Pincurchin|move: Wide Guard\n|-resisted|p1b: Baxcalibur\n|-damage|p1b: Baxcalibur|51\/100\n|-ability|p1b: Baxcalibur|Thermal Exchange|boost\n|-boost|p1b: Baxcalibur|atk|1\n|-damage|p1a: Chi-Yu|90\/100|[from] item: Life Orb\n|move|p1b: Baxcalibur|Icicle Crash|p2b: Pincurchin\n|-damage|p2b: Pincurchin|30\/100\n|-enditem|p2b: Pincurchin|Eject Button\n|\n|t:|1683859815\n|switch|p2b: Iron Treads|Iron Treads, L50|100\/100\n|-activate|p2b: Iron Treads|ability: Quark Drive\n|-start|p2b: Iron Treads|quarkdrivespe\n|\n|upkeep\n|turn|3\n|\n|t:|1683859839\n|move|p1a: Chi-Yu|Protect|p1a: Chi-Yu\n|-singleturn|p1a: Chi-Yu|Protect\n|move|p2a: Iron Valiant|Wide Guard|p2a: Iron Valiant\n|-singleturn|p2a: Iron Valiant|Wide Guard\n|move|p2b: Iron Treads|Stomping Tantrum|p1a: Chi-Yu\n|-activate|p1a: Chi-Yu|move: Protect\n|move|p1b: Baxcalibur|Zen Headbutt|p2a: Iron Valiant\n|-supereffective|p2a: Iron Valiant\n|-crit|p2a: Iron Valiant\n|-damage|p2a: Iron Valiant|0 fnt\n|faint|p2a: Iron Valiant\n|-end|p2a: Iron Valiant|Quark Drive|[silent]\n|\n|upkeep\n|c|\u2606Haves2L|omg\n|\n|t:|1683859855\n|switch|p2a: Iron Hands|Iron Hands, L50|100\/100\n|-activate|p2a: Iron Hands|ability: Quark Drive\n|-start|p2a: Iron Hands|quarkdriveatk\n|turn|4\n|\n|t:|1683859876\n|move|p2a: Iron Hands|Fake Out|p1b: Baxcalibur\n|-damage|p1b: Baxcalibur|34\/100\n|move|p1a: Chi-Yu|Lava Plume|p2a: Iron Hands|[spread] p1b,p2a,p2b\n|-resisted|p1b: Baxcalibur\n|-crit|p1b: Baxcalibur\n|-supereffective|p2b: Iron Treads\n|-damage|p1b: Baxcalibur|7\/100\n|-damage|p2a: Iron Hands|71\/100\n|-enditem|p2b: Iron Treads|Focus Sash\n|-damage|p2b: Iron Treads|1\/100\n|-status|p2a: Iron Hands|brn\n|-status|p2b: Iron Treads|brn\n|-ability|p1b: Baxcalibur|Thermal Exchange|boost\n|-boost|p1b: Baxcalibur|atk|1\n|-damage|p1a: Chi-Yu|80\/100|[from] item: Life Orb\n|move|p2b: Iron Treads|Stomping Tantrum|p1a: Chi-Yu\n|-supereffective|p1a: Chi-Yu\n|-damage|p1a: Chi-Yu|20\/100\n|cant|p1b: Baxcalibur|flinch\n|\n|-damage|p2b: Iron Treads|0 fnt|[from] brn\n|faint|p2b: Iron Treads\n|-end|p2b: Iron Treads|Quark Drive|[silent]\n|-damage|p2a: Iron Hands|64\/100 brn|[from] brn\n|-sideend|p1: Doughboy322|move: Tailwind\n|upkeep\n|c|\u2606Haves2L|damn\n|c|\u2606Haves2L|buy a lotto ticket for be\n|c|\u2606Haves2L|me\n|c|\u2606Doughboy322|honestly\n|\n|t:|1683859906\n|switch|p2b: Pincurchin|Pincurchin, L50, M|30\/100\n|turn|5\n|c|\u2606Doughboy322|unbelievable\n|\n|t:|1683859922\n|move|p2b: Pincurchin|Sucker Punch|p1a: Chi-Yu\n|-resisted|p1a: Chi-Yu\n|-damage|p1a: Chi-Yu|7\/100\n|move|p1a: Chi-Yu|Dark Pulse|p2b: Pincurchin\n|-damage|p2b: Pincurchin|0 fnt\n|faint|p2b: Pincurchin\n|-damage|p1a: Chi-Yu|0 fnt|[from] item: Life Orb\n|faint|p1a: Chi-Yu\n|move|p1b: Baxcalibur|Glaive Rush|p2a: Iron Hands\n|-damage|p2a: Iron Hands|0 fnt\n|-singlemove|p1b: Baxcalibur|Glaive Rush|[silent]\n|faint|p2a: Iron Hands\n|-end|p2a: Iron Hands|Quark Drive|[silent]\n|\n|win|Doughboy322\n|raw|Doughboy322's rating: 1283 → 1302<\/strong> (+19 for winning)\n|raw|Haves2L's rating: 1201 → 1182<\/strong> (-19 for losing)\n|c|\u2606Haves2L|gg :\/\n|c|\u2606Doughboy322|gg\n","uploadtime":1683859938,"views":6,"p1id":"doughboy322","p2id":"haves2l","formatid":"gen9vgc2023regulationc","rating":1182,"private":0,"password":""}