{"id":"gen9vgc2023regulationc-1855442068","p1":"Meatheadjr","p2":"Kronnos8950","format":"[Gen 9] VGC 2023 Regulation C","log":"|j|\u2606Meatheadjr\n|j|\u2606Kronnos8950\n|t:|1682951797\n|gametype|doubles\n|player|p1|Meatheadjr|266|1158\n|player|p2|Kronnos8950|ghetsis|1076\n|teamsize|p1|6\n|teamsize|p2|6\n|gen|9\n|tier|[Gen 9] VGC 2023 Regulation C\n|rated|\n|rule|Species Clause: Limit one of each Pok\u00e9mon\n|rule|Item Clause: Limit one of each item\n|clearpoke\n|poke|p1|Krookodile, L50, M|\n|poke|p1|Honchkrow, L50, F|\n|poke|p1|Flamigo, L50, M|\n|poke|p1|Flutter Mane, L50|\n|poke|p1|Iron Bundle, L50|\n|poke|p1|Tauros-Paldea-Blaze, L50, M|\n|poke|p2|Armarouge, L50, F|\n|poke|p2|Iron Hands, L50|\n|poke|p2|Chien-Pao, L50|\n|poke|p2|Ting-Lu, L50|\n|poke|p2|Indeedee-F, L50, F|\n|poke|p2|Amoonguss, L50, M|\n|teampreview|4\n|\n|t:|1682951847\n|start\n|switch|p1a: Honchkrow|Honchkrow, L50, F|100\/100\n|switch|p1b: Krookodile|Krookodile, L50, M|100\/100\n|switch|p2a: Iron Hands|Iron Hands, L50|100\/100\n|switch|p2b: Indeedee|Indeedee-F, L50, F|100\/100\n|-fieldstart|move: Psychic Terrain|[from] ability: Psychic Surge|[of] p2b: Indeedee\n|turn|1\n|\n|t:|1682951863\n|-terastallize|p1b: Krookodile|Fairy\n|move|p2b: Indeedee|Follow Me|p2b: Indeedee\n|-singleturn|p2b: Indeedee|move: Follow Me\n|move|p1b: Krookodile|Earthquake|p2b: Indeedee|[spread] p2a,p2b\n|-immune|p1a: Honchkrow\n|-supereffective|p2a: Iron Hands\n|-damage|p2a: Iron Hands|58\/100\n|-damage|p2b: Indeedee|72\/100\n|move|p1a: Honchkrow|Night Slash|p2b: Indeedee\n|-supereffective|p2b: Indeedee\n|-crit|p2b: Indeedee\n|-damage|p2b: Indeedee|0 fnt\n|faint|p2b: Indeedee\n|move|p2a: Iron Hands|Swords Dance|p2a: Iron Hands\n|-boost|p2a: Iron Hands|atk|2\n|\n|upkeep\n|inactive|Battle timer is ON: inactive players will automatically lose when time's up. (requested by Meatheadjr)\n|\n|t:|1682951874\n|switch|p2b: Amoonguss|Amoonguss, L50, M|100\/100\n|turn|2\n|\n|t:|1682951879\n|move|p1b: Krookodile|Protect|p1b: Krookodile\n|-singleturn|p1b: Krookodile|Protect\n|move|p1a: Honchkrow|Tailwind|p1a: Honchkrow\n|-sidestart|p1: Meatheadjr|move: Tailwind\n|move|p2a: Iron Hands|Drain Punch|p1b: Krookodile\n|-activate|p1b: Krookodile|move: Protect\n|move|p2b: Amoonguss|Pollen Puff|p2a: Iron Hands\n|-heal|p2a: Iron Hands|100\/100\n|\n|upkeep\n|turn|3\n|\n|t:|1682951896\n|move|p2a: Iron Hands|Detect|p2a: Iron Hands\n|-singleturn|p2a: Iron Hands|Protect\n|move|p1b: Krookodile|Earthquake|p2b: Amoonguss|[spread] p2b\n|-activate|p2a: Iron Hands|move: Protect\n|-immune|p1a: Honchkrow\n|-damage|p2b: Amoonguss|73\/100\n|move|p1a: Honchkrow|Night Slash|p1b: Krookodile\n|-resisted|p1b: Krookodile\n|-crit|p1b: Krookodile\n|-damage|p1b: Krookodile|83\/100\n|-setboost|p1b: Krookodile|atk|6|[from] ability: Anger Point\n|-enditem|p1b: Krookodile|Red Card|[of] p1a: Honchkrow\n|drag|p1a: Tauros|Tauros-Paldea-Blaze, L50, M|100\/100\n|move|p2b: Amoonguss|Spore|p1b: Krookodile\n|-status|p1b: Krookodile|slp|[from] move: Spore\n|\n|upkeep\n|turn|4\n|inactive|Kronnos8950 has 30 seconds left.\n|\n|t:|1682951921\n|switch|p1a: Flamigo|Flamigo, L50, M|100\/100\n|-copyboost|p1a: Flamigo|p1b: Krookodile|[from] ability: Costar\n|-terastallize|p2b: Amoonguss|Water\n|cant|p1b: Krookodile|slp\n|move|p2a: Iron Hands|Drain Punch|p1a: Flamigo\n|-resisted|p1a: Flamigo\n|-damage|p1a: Flamigo|37\/100\n|move|p2b: Amoonguss|Clear Smog|p1b: Krookodile\n|-supereffective|p1b: Krookodile\n|-damage|p1b: Krookodile|47\/100 slp\n|-clearboost|p1b: Krookodile\n|\n|upkeep\n|turn|5\n|inactive|Kronnos8950 has 30 seconds left.\n|\n|t:|1682951949\n|move|p2b: Amoonguss|Rage Powder|p2b: Amoonguss\n|-singleturn|p2b: Amoonguss|move: Rage Powder\n|move|p1a: Flamigo|Close Combat|p2b: Amoonguss\n|-damage|p2b: Amoonguss|0 fnt\n|-unboost|p1a: Flamigo|def|1\n|-unboost|p1a: Flamigo|spd|1\n|faint|p2b: Amoonguss\n|cant|p1b: Krookodile|slp\n|move|p2a: Iron Hands|Thunder Punch|p1a: Flamigo\n|-supereffective|p1a: Flamigo\n|-damage|p1a: Flamigo|0 fnt\n|faint|p1a: Flamigo\n|\n|-sideend|p1: Meatheadjr|move: Tailwind\n|-fieldend|move: Psychic Terrain\n|upkeep\n|\n|t:|1682951969\n|switch|p1a: Honchkrow|Honchkrow, L50, F|100\/100\n|switch|p2b: Chien-Pao|Chien-Pao, L50|100\/100\n|-ability|p2b: Chien-Pao|Sword of Ruin\n|turn|6\n|\n|t:|1682951989\n|move|p2b: Chien-Pao|Ice Spinner|p1b: Krookodile\n|-crit|p1b: Krookodile\n|-damage|p1b: Krookodile|0 fnt\n|faint|p1b: Krookodile\n|move|p1a: Honchkrow|Tailwind|p1a: Honchkrow\n|-sidestart|p1: Meatheadjr|move: Tailwind\n|move|p2a: Iron Hands|Thunder Punch|p1a: Honchkrow\n|-supereffective|p1a: Honchkrow\n|-damage|p1a: Honchkrow|0 fnt\n|faint|p1a: Honchkrow\n|\n|upkeep\n|\n|t:|1682951992\n|switch|p1b: Tauros|Tauros-Paldea-Blaze, L50, M|100\/100\n|turn|7\n|\n|t:|1682952010\n|move|p1b: Tauros|Earthquake|p2a: Iron Hands|[spread] p2a,p2b\n|-supereffective|p2a: Iron Hands\n|-damage|p2a: Iron Hands|59\/100\n|-damage|p2b: Chien-Pao|67\/100\n|move|p2b: Chien-Pao|Sacred Sword|p1b: Tauros\n|-damage|p1b: Tauros|55\/100\n|move|p2a: Iron Hands|Drain Punch|p1b: Tauros\n|-damage|p1b: Tauros|0 fnt\n|-heal|p2a: Iron Hands|76\/100|[from] drain|[of] p1b: Tauros\n|faint|p1b: Tauros\n|\n|win|Kronnos8950\n|raw|Meatheadjr's rating: 1158 → 1127<\/strong> (-31 for losing)\n|raw|Kronnos8950's rating: 1076 → 1111<\/strong> (+35 for winning)\n|l|\u2606Meatheadjr\n","uploadtime":1682952035,"views":23,"p1id":"meatheadjr","p2id":"kronnos8950","formatid":"gen9vgc2023regulationc","rating":1111,"private":0,"password":""}