{"id":"gen9vgc2023regulationc-1857979746","p1":"gs wendigo","p2":"neukorn","format":"[Gen 9] VGC 2023 Regulation C","log":"|j|\u2606gs wendigo\n|j|\u2606neukorn\n|t:|1683255228\n|gametype|doubles\n|player|p1|gs wendigo|266|\n|player|p2|neukorn|flint|\n|teamsize|p1|6\n|teamsize|p2|6\n|gen|9\n|tier|[Gen 9] VGC 2023 Regulation C\n|rule|Species Clause: Limit one of each Pok\u00e9mon\n|rule|Item Clause: Limit one of each item\n|clearpoke\n|poke|p1|Dondozo, L50, M|\n|poke|p1|Tatsugiri, L50, M|\n|poke|p1|Chi-Yu, L50|\n|poke|p1|Flutter Mane, L50|\n|poke|p1|Pawmot, L50, F|\n|poke|p1|Dragonite, L50, M|\n|poke|p2|Ting-Lu, L50|\n|poke|p2|Flutter Mane, L50|\n|poke|p2|Indeedee-F, L50, F|\n|poke|p2|Armarouge, L50, M|\n|poke|p2|Annihilape, L50, F|\n|poke|p2|Palafin, L50, F|\n|teampreview|4\n|\n|t:|1683255271\n|start\n|switch|p1a: Pawmot|Pawmot, L50, F|100\/100\n|switch|p1b: Dragonite|Dragonite, L50, M|100\/100\n|switch|p2a: Flutter Mane|Flutter Mane, L50|100\/100\n|switch|p2b: Ting-Lu|Ting-Lu, L50|100\/100\n|-ability|p2b: Ting-Lu|Vessel of Ruin\n|turn|1\n|\n|t:|1683255298\n|move|p2a: Flutter Mane|Moonblast|p1b: Dragonite\n|-supereffective|p1b: Dragonite\n|-damage|p1b: Dragonite|55\/100\n|-unboost|p1b: Dragonite|spa|1\n|-damage|p2a: Flutter Mane|90\/100|[from] item: Life Orb\n|move|p1a: Pawmot|Double Shock|p2a: Flutter Mane\n|-damage|p2a: Flutter Mane|0 fnt\n|-start|p1a: Pawmot|typechange|???\/Fighting|[from] move: Double Shock\n|faint|p2a: Flutter Mane\n|-end|p2a: Flutter Mane|Protosynthesis|[silent]\n|move|p1b: Dragonite|Ice Spinner|p2b: Ting-Lu\n|-supereffective|p2b: Ting-Lu\n|-damage|p2b: Ting-Lu|53\/100\n|move|p2b: Ting-Lu|Fissure|p1a: Pawmot|[miss]\n|-miss|p2b: Ting-Lu|p1a: Pawmot\n|\n|upkeep\n|\n|t:|1683255313\n|switch|p2a: Indeedee|Indeedee-F, L50, F|100\/100\n|-fieldstart|move: Psychic Terrain|[from] ability: Psychic Surge|[of] p2a: Indeedee\n|-enditem|p2a: Indeedee|Psychic Seed\n|-boost|p2a: Indeedee|spd|1|[from] item: Psychic Seed\n|turn|2\n|\n|t:|1683255325\n|move|p1a: Pawmot|Close Combat|p2b: Ting-Lu\n|-supereffective|p2b: Ting-Lu\n|-damage|p2b: Ting-Lu|0 fnt\n|-unboost|p1a: Pawmot|def|1\n|-unboost|p1a: Pawmot|spd|1\n|faint|p2b: Ting-Lu\n|move|p1b: Dragonite|Ice Spinner|p2a: Indeedee\n|-damage|p2a: Indeedee|52\/100\n|-fieldend|move: Psychic Terrain\n|move|p2a: Indeedee|Trick Room|p2a: Indeedee\n|-fieldstart|move: Trick Room|[of] p2a: Indeedee\n|\n|upkeep\n|\n|t:|1683255329\n|switch|p2b: Armarouge|Armarouge, L50, M|100\/100\n|turn|3\n|\n|t:|1683255353\n|switch|p1a: Dondozo|Dondozo, L50, M|100\/100\n|move|p2a: Indeedee|Helping Hand|p2b: Armarouge\n|-singleturn|p2b: Armarouge|Helping Hand|[of] p2a: Indeedee\n|move|p2b: Armarouge|Expanding Force|p1a: Dondozo\n|-damage|p1a: Dondozo|38\/100\n|move|p1b: Dragonite|Ice Spinner|p2a: Indeedee\n|-damage|p2a: Indeedee|8\/100\n|\n|-heal|p1a: Dondozo|44\/100|[from] item: Leftovers\n|upkeep\n|turn|4\n|\n|t:|1683255381\n|-terastallize|p2b: Armarouge|Grass\n|move|p1a: Dondozo|Protect|p1a: Dondozo\n|-singleturn|p1a: Dondozo|Protect\n|move|p2b: Armarouge|Tera Blast|p1a: Dondozo\n|-activate|p1a: Dondozo|move: Protect\n|move|p1b: Dragonite|Ice Spinner|p2a: Indeedee\n|-damage|p2a: Indeedee|0 fnt\n|faint|p2a: Indeedee\n|\n|-heal|p1a: Dondozo|50\/100|[from] item: Leftovers\n|upkeep\n|turn|5\n|\n|t:|1683255414\n|move|p2b: Armarouge|Tera Blast|p1a: Dondozo\n|-supereffective|p1a: Dondozo\n|-damage|p1a: Dondozo|0 fnt\n|faint|p1a: Dondozo\n|move|p1b: Dragonite|Ice Spinner|p2b: Armarouge\n|-supereffective|p2b: Armarouge\n|-damage|p2b: Armarouge|25\/100\n|\n|upkeep\n|\n|t:|1683255423\n|switch|p1a: Pawmot|Pawmot, L50, F|100\/100\n|turn|6\n|\n|t:|1683255428\n|move|p1a: Pawmot|Fake Out|p2b: Armarouge\n|-damage|p2b: Armarouge|14\/100\n|cant|p2b: Armarouge|flinch\n|move|p1b: Dragonite|Ice Spinner|p2b: Armarouge\n|-supereffective|p2b: Armarouge\n|-damage|p2b: Armarouge|0 fnt\n|faint|p2b: Armarouge\n|\n|win|gs wendigo\n|l|\u2606gs wendigo\n","uploadtime":1683255552,"views":10,"p1id":"gswendigo","p2id":"neukorn","formatid":"gen9vgc2023regulationc","rating":0,"private":0,"password":""}