{"id":"gen9vgc2023regulationc-1856577212","p1":"lnkk8","p2":"mbonshowdown","format":"[Gen 9] VGC 2023 Regulation C","log":"|j|\u2606lnkk8\n|j|\u2606mbonshowdown\n|t:|1683077872\n|gametype|doubles\n|player|p1|lnkk8|101|1000\n|player|p2|mbonshowdown|169|1033\n|teamsize|p1|6\n|teamsize|p2|6\n|gen|9\n|tier|[Gen 9] VGC 2023 Regulation C\n|rated|\n|rule|Species Clause: Limit one of each Pok\u00e9mon\n|rule|Item Clause: Limit one of each item\n|clearpoke\n|poke|p1|Torkoal, L50, F|\n|poke|p1|Chi-Yu, L50|\n|poke|p1|Bronzong, L50|\n|poke|p1|Gastrodon, L50, M|\n|poke|p1|Grimmsnarl, L50, M|\n|poke|p1|Skeledirge, L50, M|\n|poke|p2|Pelipper, L50, M|\n|poke|p2|Gastrodon, L50, F|\n|poke|p2|Gothitelle, L50, M|\n|poke|p2|Wo-Chien, L50|\n|poke|p2|Goodra, L50, F|\n|poke|p2|Tauros-Paldea-Aqua, L50, M|\n|teampreview|4\nmbonshowdown has agreed to open team sheets.\n|inactive|Battle timer is ON: inactive players will automatically lose when time's up. (requested by lnkk8)\n|inactive|mbonshowdown has 60 seconds left.\n|\n|t:|1683077924\n|start\n|switch|p1a: Grimmsnarl|Grimmsnarl, L50, M|100\/100\n|switch|p1b: Chi-Yu|Chi-Yu, L50|100\/100\n|switch|p2a: Banshee|Gothitelle, L50, M|100\/100\n|switch|p2b: B&M|Tauros-Paldea-Aqua, L50, M|100\/100\n|-ability|p1b: Chi-Yu|Beads of Ruin\n|-ability|p2b: B&M|Intimidate|boost\n|-unboost|p1a: Grimmsnarl|atk|1\n|-unboost|p1b: Chi-Yu|atk|1\n|turn|1\n|\n|t:|1683077948\n|-terastallize|p2b: B&M|Ground\n|move|p1b: Chi-Yu|Protect|p1b: Chi-Yu\n|-singleturn|p1b: Chi-Yu|Protect\n|move|p2a: Banshee|Protect|p2a: Banshee\n|-singleturn|p2a: Banshee|Protect\n|move|p1a: Grimmsnarl|Trick|p2b: B&M\n|-activate|p1a: Grimmsnarl|move: Trick|[of] p2b: B&M\n|-item|p2b: B&M|Lagging Tail|[from] move: Trick\n|-item|p1a: Grimmsnarl|Assault Vest|[from] move: Trick\n|move|p2b: B&M|Earthquake|p1a: Grimmsnarl|[spread] p1a\n|-activate|p2a: Banshee|move: Protect\n|-activate|p1b: Chi-Yu|move: Protect\n|-damage|p1a: Grimmsnarl|58\/100\n|\n|upkeep\n|turn|2\n|inactive|lnkk8 has 30 seconds left.\n|inactive|mbonshowdown has 30 seconds left.\n|inactive|mbonshowdown has 20 seconds left.\n|inactive|mbonshowdown has 15 seconds left.\n|\n|t:|1683077989\n|-terastallize|p1b: Chi-Yu|Ghost\n|move|p1b: Chi-Yu|Tera Blast|p2a: Banshee\n|-supereffective|p2a: Banshee\n|-crit|p2a: Banshee\n|-damage|p2a: Banshee|0 fnt\n|faint|p2a: Banshee\n|move|p1a: Grimmsnarl|Spirit Break|p2b: B&M\n|-damage|p2b: B&M|70\/100\n|-unboost|p2b: B&M|spa|1\n|move|p2b: B&M|Raging Bull|p1b: Chi-Yu\n|-damage|p1b: Chi-Yu|44\/100\n|\n|upkeep\n|\n|t:|1683078001\n|switch|p2a: Life Goo|Goodra, L50, F, shiny|100\/100\n|turn|3\n|\n|t:|1683078013\n|move|p1b: Chi-Yu|Protect|p1b: Chi-Yu\n|-singleturn|p1b: Chi-Yu|Protect\n|move|p2a: Life Goo|Substitute|p2a: Life Goo\n|-start|p2a: Life Goo|Substitute\n|-damage|p2a: Life Goo|76\/100\n|move|p1a: Grimmsnarl|Spirit Break|p2a: Life Goo\n|-supereffective|p2a: Life Goo\n|-end|p2a: Life Goo|Substitute\n|move|p2b: B&M|Earthquake|p1b: Chi-Yu|[spread] p2a,p1a\n|-activate|p1b: Chi-Yu|move: Protect\n|-damage|p2a: Life Goo|36\/100\n|-damage|p1a: Grimmsnarl|16\/100\n|\n|-heal|p2a: Life Goo|42\/100|[from] item: Leftovers\n|upkeep\n|turn|4\n|\n|t:|1683078031\n|switch|p2a: Jumbo Jet|Pelipper, L50, M|100\/100\n|-weather|RainDance|[from] ability: Drizzle|[of] p2a: Jumbo Jet\n|move|p1b: Chi-Yu|Substitute|p1b: Chi-Yu\n|-start|p1b: Chi-Yu|Substitute\n|-damage|p1b: Chi-Yu|19\/100\n|-enditem|p1b: Chi-Yu|Wiki Berry|[eat]\n|-heal|p1b: Chi-Yu|53\/100|[from] item: Wiki Berry\n|move|p1a: Grimmsnarl|Spirit Break|p2b: B&M\n|-damage|p2b: B&M|39\/100\n|-unboost|p2b: B&M|spa|1\n|move|p2b: B&M|Earthquake|p1b: Chi-Yu|[spread] p1a,p1b\n|-immune|p2a: Jumbo Jet\n|-end|p1b: Chi-Yu|Substitute\n|-damage|p1a: Grimmsnarl|0 fnt\n|faint|p1a: Grimmsnarl\n|\n|-weather|RainDance|[upkeep]\n|upkeep\n|\n|t:|1683078045\n|switch|p1a: Torkoal|Torkoal, L50, F|100\/100\n|-weather|SunnyDay|[from] ability: Drought|[of] p1a: Torkoal\n|turn|5\n|\n|t:|1683078060\n|move|p2a: Jumbo Jet|Protect|p2a: Jumbo Jet\n|-singleturn|p2a: Jumbo Jet|Protect\n|move|p1b: Chi-Yu|Tera Blast|p2b: B&M\n|-damage|p2b: B&M|0 fnt\n|faint|p2b: B&M\n|move|p1a: Torkoal|Eruption|p2a: Jumbo Jet\n|-activate|p2a: Jumbo Jet|move: Protect\n|\n|-weather|SunnyDay|[upkeep]\n|upkeep\n|\n|t:|1683078069\n|switch|p2b: Life Goo|Goodra, L50, F, shiny|42\/100\n|turn|6\n|-message|mbonshowdown forfeited.\n|\n|win|lnkk8\n|raw|lnkk8's rating: 1000 → 1044<\/strong> (+44 for winning)\n|raw|mbonshowdown's rating: 1033 → 1017<\/strong> (-16 for losing)\n|l|\u2606mbonshowdown\n","uploadtime":1683078077,"views":9,"p1id":"lnkk8","p2id":"mbonshowdown","formatid":"gen9vgc2023regulationc","rating":1017,"private":0,"password":""}