{"id":"gen9vgc2023regulationc-1854107959","p1":"xqiht","p2":"JFACKE","format":"[Gen 9] VGC 2023 Regulation C","log":"|j|\u2606xqiht\n|j|\u2606JFACKE\n|t:|1682770512\n|gametype|doubles\n|player|p1|xqiht|elesa-masters|\n|player|p2|JFACKE|ethan|\n|teamsize|p1|6\n|teamsize|p2|6\n|gen|9\n|tier|[Gen 9] VGC 2023 Regulation C\n|rule|Species Clause: Limit one of each Pok\u00e9mon\n|rule|Item Clause: Limit one of each item\n|clearpoke\n|poke|p1|Palafin, L50, M|\n|poke|p1|Chien-Pao, L50|\n|poke|p1|Dragapult, L50, M|\n|poke|p1|Amoonguss, L50, M|\n|poke|p1|Arcanine, L50, F|\n|poke|p1|Flutter Mane, L50|\n|poke|p2|Dondozo, L50, F|\n|poke|p2|Tatsugiri-Droopy, L50, M|\n|poke|p2|Abomasnow, L50, F|\n|poke|p2|Iron Bundle, L50|\n|poke|p2|Chien-Pao, L50|\n|poke|p2|Flutter Mane, L50|\n|teampreview|4\nJFACKE has agreed to open team sheets.\nxqiht has agreed to open team sheets.\n|inactive|Battle timer is ON: inactive players will automatically lose when time's up. (requested by xqiht)\n|inactive|JFACKE has 60 seconds left.\n|\n|t:|1682770565\n|start\n|switch|p1a: Mimi|Flutter Mane, L50|100\/100\n|switch|p1b: Bundle|Chien-Pao, L50|100\/100\n|switch|p2a: \u9e21\u54e5|Iron Bundle, L50, shiny|100\/100\n|switch|p2b: \u829d\u58eb\u96ea\u8c79|Chien-Pao, L50|100\/100\n|-ability|p1b: Bundle|Sword of Ruin\n|-ability|p2b: \u829d\u58eb\u96ea\u8c79|Sword of Ruin\n|-enditem|p2a: \u9e21\u54e5|Booster Energy\n|-activate|p2a: \u9e21\u54e5|ability: Quark Drive|[fromitem]\n|-start|p2a: \u9e21\u54e5|quarkdrivespe\n|-enditem|p1a: Mimi|Booster Energy\n|-activate|p1a: Mimi|ability: Protosynthesis|[fromitem]\n|-start|p1a: Mimi|protosynthesisspa\n|turn|1\n|\n|t:|1682770590\n|-terastallize|p1b: Bundle|Ghost\n|move|p2a: \u9e21\u54e5|Icy Wind|p1b: Bundle|[spread] p1a,p1b\n|-damage|p1a: Mimi|81\/100\n|-damage|p1b: Bundle|66\/100\n|-unboost|p1a: Mimi|spe|1\n|-unboost|p1b: Bundle|spe|1\n|move|p2b: \u829d\u58eb\u96ea\u8c79|Ice Spinner|p1a: Mimi\n|-damage|p1a: Mimi|3\/100\n|move|p1b: Bundle|Sacred Sword|p2b: \u829d\u58eb\u96ea\u8c79\n|-supereffective|p2b: \u829d\u58eb\u96ea\u8c79\n|-enditem|p2b: \u829d\u58eb\u96ea\u8c79|Focus Sash\n|-damage|p2b: \u829d\u58eb\u96ea\u8c79|1\/100\n|move|p1a: Mimi|Dazzling Gleam|p2a: \u9e21\u54e5|[spread] p2a,p2b\n|-supereffective|p2b: \u829d\u58eb\u96ea\u8c79\n|-damage|p2a: \u9e21\u54e5|21\/100\n|-damage|p2b: \u829d\u58eb\u96ea\u8c79|0 fnt\n|faint|p2b: \u829d\u58eb\u96ea\u8c79\n|\n|upkeep\n|\n|t:|1682770605\n|switch|p2b: \u53cc\u51b0\u51bb|Abomasnow, L50, F, shiny|100\/100\n|-weather|Snow|[from] ability: Snow Warning|[of] p2b: \u53cc\u51b0\u51bb\n|turn|2\n|\n|t:|1682770630\n|move|p2a: \u9e21\u54e5|Protect|p2a: \u9e21\u54e5\n|-singleturn|p2a: \u9e21\u54e5|Protect\n|move|p1b: Bundle|Protect|p1b: Bundle\n|-singleturn|p1b: Bundle|Protect\n|move|p1a: Mimi|Protect|p1a: Mimi\n|-singleturn|p1a: Mimi|Protect\n|move|p2b: \u53cc\u51b0\u51bb|Blizzard|p1a: Mimi|[spread] \n|-activate|p1a: Mimi|move: Protect\n|-activate|p1b: Bundle|move: Protect\n|\n|-weather|Snow|[upkeep]\n|upkeep\n|turn|3\n|\n|t:|1682770642\n|-end|p2a: \u9e21\u54e5|Quark Drive|[silent]\n|switch|p2a: \u53d1\u59d0|Flutter Mane, L50, shiny|100\/100\n|move|p1b: Bundle|Sucker Punch||[still]\n|-fail|p1b: Bundle\n|move|p2b: \u53cc\u51b0\u51bb|Ice Shard|p1a: Mimi\n|-damage|p1a: Mimi|0 fnt\n|faint|p1a: Mimi\n|-end|p1a: Mimi|Protosynthesis|[silent]\n|\n|-weather|Snow|[upkeep]\n|upkeep\n|\n|t:|1682770649\n|switch|p1a: ChiYu|Arcanine, L50, F|100\/100\n|-ability|p1a: ChiYu|Intimidate|boost\n|-unboost|p2a: \u53d1\u59d0|atk|1\n|-unboost|p2b: \u53cc\u51b0\u51bb|atk|1\n|turn|4\n|inactive|xqiht has 30 seconds left.\n|inactive|JFACKE has 30 seconds left.\n|inactive|xqiht has 20 seconds left.\n|inactive|JFACKE has 20 seconds left.\n|\n|t:|1682770691\n|-terastallize|p2b: \u53cc\u51b0\u51bb|Water\n|move|p1a: ChiYu|Protect|p1a: ChiYu\n|-singleturn|p1a: ChiYu|Protect\n|move|p1b: Bundle|Sucker Punch|p2b: \u53cc\u51b0\u51bb\n|-damage|p2b: \u53cc\u51b0\u51bb|52\/100\n|move|p2a: \u53d1\u59d0|Shadow Ball|p1b: Bundle\n|-supereffective|p1b: Bundle\n|-damage|p1b: Bundle|0 fnt\n|faint|p1b: Bundle\n|-damage|p2a: \u53d1\u59d0|91\/100|[from] item: Life Orb\n|move|p2b: \u53cc\u51b0\u51bb|Earth Power|p1a: ChiYu\n|-activate|p1a: ChiYu|move: Protect\n|\n|-weather|Snow|[upkeep]\n|upkeep\n|\n|t:|1682770701\n|switch|p1b: Dozo|Palafin, L50, M|100\/100\n|turn|5\n|\n|t:|1682770711\n|move|p2a: \u53d1\u59d0|Protect|p2a: \u53d1\u59d0\n|-singleturn|p2a: \u53d1\u59d0|Protect\n|move|p1a: ChiYu|Flare Blitz|p2b: \u53cc\u51b0\u51bb\n|-resisted|p2b: \u53cc\u51b0\u51bb\n|-damage|p2b: \u53cc\u51b0\u51bb|25\/100\n|-damage|p1a: ChiYu|92\/100|[from] Recoil\n|move|p1b: Dozo|Wave Crash|p2b: \u53cc\u51b0\u51bb\n|-resisted|p2b: \u53cc\u51b0\u51bb\n|-damage|p2b: \u53cc\u51b0\u51bb|0 fnt\n|faint|p2b: \u53cc\u51b0\u51bb\n|-damage|p1b: Dozo|93\/100|[from] Recoil\n|\n|-weather|Snow|[upkeep]\n|upkeep\n|\n|t:|1682770719\n|switch|p2b: \u9e21\u54e5|Iron Bundle, L50, shiny|21\/100\n|turn|6\n|\n|t:|1682770727\n|move|p1a: ChiYu|Protect|p1a: ChiYu\n|-singleturn|p1a: ChiYu|Protect\n|move|p1b: Dozo|Protect|p1b: Dozo\n|-singleturn|p1b: Dozo|Protect\n|move|p2b: \u9e21\u54e5|Hydro Pump|p1a: ChiYu\n|-activate|p1a: ChiYu|move: Protect\n|move|p2a: \u53d1\u59d0|Thunderbolt|p1b: Dozo\n|-activate|p1b: Dozo|move: Protect\n|\n|-weather|none\n|upkeep\n|turn|7\n|\n|t:|1682770738\n|move|p1a: ChiYu|Extreme Speed|p2b: \u9e21\u54e5\n|-damage|p2b: \u9e21\u54e5|0 fnt\n|faint|p2b: \u9e21\u54e5\n|-end|p2b: \u9e21\u54e5|Quark Drive|[silent]\n|move|p1b: Dozo|Jet Punch|p2a: \u53d1\u59d0\n|-damage|p2a: \u53d1\u59d0|43\/100\n|move|p2a: \u53d1\u59d0|Thunderbolt|p1b: Dozo\n|-supereffective|p1b: Dozo\n|-damage|p1b: Dozo|0 fnt\n|faint|p1b: Dozo\n|-damage|p2a: \u53d1\u59d0|33\/100|[from] item: Life Orb\n|\n|upkeep\n|turn|8\n|c|\u2606xqiht|gg\n|c|\u2606xqiht|nb\n|\n|t:|1682770750\n|move|p2a: \u53d1\u59d0|Shadow Ball|p1a: ChiYu\n|-damage|p1a: ChiYu|28\/100\n|-damage|p2a: \u53d1\u59d0|24\/100|[from] item: Life Orb\n|move|p1a: ChiYu|Flare Blitz|p2a: \u53d1\u59d0\n|-damage|p2a: \u53d1\u59d0|0 fnt\n|faint|p2a: \u53d1\u59d0\n|-end|p2a: \u53d1\u59d0|Protosynthesis|[silent]\n|-damage|p1a: ChiYu|22\/100|[from] Recoil\n|\n|win|xqiht\n|l|\u2606xqiht\n","uploadtime":1682770756,"views":17,"p1id":"xqiht","p2id":"jfacke","formatid":"gen9vgc2023regulationc","rating":0,"private":0,"password":""}