{"id":"gen9vgc2023regulationc-1845899174","p1":"Taca y Taca","p2":"PBR ESC4N0R","format":"[Gen 9] VGC 2023 Regulation C","log":"|j|\u2606Taca y Taca\n|j|\u2606PBR ESC4N0R\n|t:|1681776933\n|gametype|doubles\n|player|p1|Taca y Taca|lucas-gen4pt|\n|player|p2|PBR ESC4N0R|firebreather|\n|teamsize|p1|6\n|teamsize|p2|6\n|gen|9\n|tier|[Gen 9] VGC 2023 Regulation C\n|rule|Species Clause: Limit one of each Pok\u00e9mon\n|rule|Item Clause: Limit one of each item\n|clearpoke\n|poke|p1|Flutter Mane, L50|\n|poke|p1|Palafin, L50, F|\n|poke|p1|Amoonguss, L50, F|\n|poke|p1|Arcanine, L50, M|\n|poke|p1|Dragonite, L50, F|\n|poke|p1|Iron Hands, L50|\n|poke|p2|Arcanine, L50, F|\n|poke|p2|Flutter Mane, L50|\n|poke|p2|Chien-Pao, L50|\n|poke|p2|Amoonguss, L50, F|\n|poke|p2|Palafin, L50, F|\n|poke|p2|Baxcalibur, L50, M|\n|teampreview|4\nPBR ESC4N0R has agreed to open team sheets.\n|c|\u2606PBR ESC4N0R|g1\nTaca y Taca has agreed to open team sheets.\n|\n|t:|1681777053\n|start\n|switch|p1a: Iron Hands|Iron Hands, L50|100\/100\n|switch|p1b: Palafin|Palafin, L50, F|100\/100\n|switch|p2a: Amoonguss|Amoonguss, L50, F, shiny|100\/100\n|switch|p2b: Palafin|Palafin, L50, F, shiny|100\/100\n|turn|1\n|\n|t:|1681777098\n|detailschange|p2b: Palafin|Palafin-Hero, L50, F, shiny\n|switch|p2b: Arcanine|Arcanine, L50, F, shiny|100\/100\n|-ability|p2b: Arcanine|Intimidate|boost\n|-unboost|p1a: Iron Hands|atk|1\n|-unboost|p1b: Palafin|atk|1\n|move|p1b: Palafin|Protect|p1b: Palafin\n|-singleturn|p1b: Palafin|Protect\n|move|p1a: Iron Hands|Volt Switch|p2a: Amoonguss\n|-resisted|p2a: Amoonguss\n|-damage|p2a: Amoonguss|95\/100\n|\n|t:|1681777108\n|-end|p1a: Iron Hands|Quark Drive|[silent]\n|switch|p1a: Arcanine|Arcanine, L50, M|100\/100|[from] Volt Switch\n|-ability|p1a: Arcanine|Intimidate|boost\n|-unboost|p2a: Amoonguss|atk|1\n|-unboost|p2b: Arcanine|atk|1\n|move|p2a: Amoonguss|Spore|p1b: Palafin\n|-activate|p1b: Palafin|move: Protect\n|\n|upkeep\n|turn|2\n|\n|t:|1681777125\n|detailschange|p1b: Palafin|Palafin-Hero, L50, F\n|switch|p1b: Iron Hands|Iron Hands, L50|100\/100\n|switch|p2a: Palafin|Palafin-Hero, L50, F, shiny|100\/100\n|-activate|p2a: Palafin|ability: Zero to Hero\n|move|p1a: Arcanine|Will-O-Wisp|p2a: Palafin\n|-status|p2a: Palafin|brn\n|move|p2b: Arcanine|Howl|p2b: Arcanine|[spread] p2a,p2b\n|-boost|p2a: Palafin|atk|1\n|-boost|p2b: Arcanine|atk|1\n|\n|-damage|p2a: Palafin|95\/100 brn|[from] brn\n|upkeep\n|turn|3\n|\n|t:|1681777146\n|switch|p1a: Palafin|Palafin-Hero, L50, F|100\/100\n|-activate|p1a: Palafin|ability: Zero to Hero\n|move|p2a: Palafin|Protect|p2a: Palafin\n|-singleturn|p2a: Palafin|Protect\n|move|p1b: Iron Hands|Fake Out|p2b: Arcanine\n|-damage|p2b: Arcanine|84\/100\n|cant|p2b: Arcanine|flinch\n|\n|-damage|p2a: Palafin|89\/100 brn|[from] brn\n|upkeep\n|turn|4\n|\n|t:|1681777170\n|move|p1a: Palafin|Wave Crash|p2b: Arcanine\n|-supereffective|p2b: Arcanine\n|-crit|p2b: Arcanine\n|-damage|p2b: Arcanine|0 fnt\n|faint|p2b: Arcanine\n|-damage|p1a: Palafin|74\/100|[from] Recoil\n|move|p2a: Palafin|Wave Crash|p1a: Palafin\n|-resisted|p1a: Palafin\n|-damage|p1a: Palafin|43\/100\n|-damage|p2a: Palafin|79\/100 brn|[from] Recoil\n|move|p1b: Iron Hands|Wild Charge|p2a: Palafin\n|-supereffective|p2a: Palafin\n|-damage|p2a: Palafin|0 fnt\n|faint|p2a: Palafin\n|-damage|p1b: Iron Hands|85\/100|[from] Recoil\n|\n|upkeep\n|\n|t:|1681777184\n|switch|p2a: Amoonguss|Amoonguss, L50, F, shiny|100\/100\n|switch|p2b: Baxcalibur|Baxcalibur, L50, M|100\/100\n|turn|5\n|\n|t:|1681777205\n|move|p1a: Palafin|Protect|p1a: Palafin\n|-singleturn|p1a: Palafin|Protect\n|move|p2b: Baxcalibur|Glaive Rush|p1a: Palafin\n|-activate|p1a: Palafin|move: Protect\n|move|p1b: Iron Hands|Volt Switch|p2a: Amoonguss\n|-resisted|p2a: Amoonguss\n|-damage|p2a: Amoonguss|96\/100\n|\n|t:|1681777214\n|-end|p1b: Iron Hands|Quark Drive|[silent]\n|switch|p1b: Arcanine|Arcanine, L50, M|100\/100|[from] Volt Switch\n|-ability|p1b: Arcanine|Intimidate|boost\n|-unboost|p2a: Amoonguss|atk|1\n|-fail|p2b: Baxcalibur|unboost|[from] item: Clear Amulet|[of] p2b: Baxcalibur\n|move|p2a: Amoonguss|Spore|p1b: Arcanine\n|-activate|p1b: Arcanine|item: Safety Goggles|Spore\n|\n|upkeep\n|turn|6\n|\n|t:|1681777241\n|switch|p1b: Iron Hands|Iron Hands, L50|85\/100\n|-terastallize|p2b: Baxcalibur|Poison\n|move|p1a: Palafin|Wave Crash|p2a: Amoonguss\n|-resisted|p2a: Amoonguss\n|-damage|p2a: Amoonguss|56\/100\n|-damage|p1a: Palafin|28\/100|[from] Recoil\n|move|p2b: Baxcalibur|Glaive Rush|p1b: Iron Hands\n|-damage|p1b: Iron Hands|36\/100\n|-singlemove|p2b: Baxcalibur|Glaive Rush|[silent]\n|move|p2a: Amoonguss|Spore|p1a: Palafin\n|-status|p1a: Palafin|slp|[from] move: Spore\n|\n|upkeep\n|turn|7\n|\n|t:|1681777267\n|move|p1b: Iron Hands|Fake Out|p2a: Amoonguss\n|-damage|p2a: Amoonguss|42\/100\n|-enditem|p2a: Amoonguss|Sitrus Berry|[eat]\n|-heal|p2a: Amoonguss|67\/100|[from] item: Sitrus Berry\n|cant|p1a: Palafin|slp\n|move|p2b: Baxcalibur|Glaive Rush|p1b: Iron Hands\n|-damage|p1b: Iron Hands|0 fnt\n|-singlemove|p2b: Baxcalibur|Glaive Rush|[silent]\n|faint|p1b: Iron Hands\n|-end|p1b: Iron Hands|Quark Drive|[silent]\n|cant|p2a: Amoonguss|flinch\n|\n|upkeep\n|\n|t:|1681777275\n|switch|p1b: Arcanine|Arcanine, L50, M|100\/100\n|-ability|p1b: Arcanine|Intimidate|boost\n|-unboost|p2a: Amoonguss|atk|1\n|-fail|p2b: Baxcalibur|unboost|[from] item: Clear Amulet|[of] p2b: Baxcalibur\n|turn|8\n|\n|t:|1681777297\n|cant|p1a: Palafin|slp\n|move|p2a: Amoonguss|Protect|p2a: Amoonguss\n|-singleturn|p2a: Amoonguss|Protect\n|move|p1b: Arcanine|Flare Blitz|p2a: Amoonguss\n|-activate|p2a: Amoonguss|move: Protect\n|move|p2b: Baxcalibur|Glaive Rush|p1a: Palafin\n|-damage|p1a: Palafin|0 fnt\n|-singlemove|p2b: Baxcalibur|Glaive Rush|[silent]\n|faint|p1a: Palafin\n|\n|upkeep\n|\n|t:|1681777301\n|switch|p1a: Cabe\u00e7a de Borracha|Flutter Mane, L50|100\/100\n|-enditem|p1a: Cabe\u00e7a de Borracha|Booster Energy\n|-activate|p1a: Cabe\u00e7a de Borracha|ability: Protosynthesis|[fromitem]\n|-start|p1a: Cabe\u00e7a de Borracha|protosynthesisspa\n|turn|9\n|\n|t:|1681777322\n|move|p1a: Cabe\u00e7a de Borracha|Protect|p1a: Cabe\u00e7a de Borracha\n|-singleturn|p1a: Cabe\u00e7a de Borracha|Protect\n|move|p1b: Arcanine|Flare Blitz|p2a: Amoonguss\n|-supereffective|p2a: Amoonguss\n|-damage|p2a: Amoonguss|0 fnt\n|faint|p2a: Amoonguss\n|-damage|p1b: Arcanine|75\/100|[from] Recoil\n|move|p2b: Baxcalibur|Glaive Rush|p1b: Arcanine\n|-damage|p1b: Arcanine|0 fnt\n|-singlemove|p2b: Baxcalibur|Glaive Rush|[silent]\n|faint|p1b: Arcanine\n|\n|upkeep\n|turn|10\n|\n|t:|1681777344\n|move|p1a: Cabe\u00e7a de Borracha|Shadow Ball|p2b: Baxcalibur\n|-damage|p2b: Baxcalibur|13\/100\n|move|p2b: Baxcalibur|Icicle Crash|p1a: Cabe\u00e7a de Borracha\n|-damage|p1a: Cabe\u00e7a de Borracha|11\/100\n|\n|upkeep\n|turn|11\n|\n|t:|1681777351\n|-terastallize|p1a: Cabe\u00e7a de Borracha|Water\n|move|p2b: Baxcalibur|Ice Shard|p1a: Cabe\u00e7a de Borracha\n|-resisted|p1a: Cabe\u00e7a de Borracha\n|-damage|p1a: Cabe\u00e7a de Borracha|0 fnt\n|faint|p1a: Cabe\u00e7a de Borracha\n|-end|p1a: Cabe\u00e7a de Borracha|Protosynthesis|[silent]\n|\n|win|PBR ESC4N0R\n","uploadtime":1681777361,"views":12,"p1id":"tacaytaca","p2id":"pbresc4n0r","formatid":"gen9vgc2023regulationc","rating":0,"private":0,"password":""}