{"id":"gen9vgc2023regulationc-1853462027","p1":"Asturiano98","p2":"haha u rage quit","format":"[Gen 9] VGC 2023 Regulation C","log":"|j|\u2606Asturiano98\n|j|\u2606haha u rage quit\n|t:|1682687629\n|gametype|doubles\n|player|p1|Asturiano98|1|1209\n|player|p2|haha u rage quit|pokemaniac|1257\n|teamsize|p1|6\n|teamsize|p2|6\n|gen|9\n|tier|[Gen 9] VGC 2023 Regulation C\n|rated|\n|rule|Species Clause: Limit one of each Pok\u00e9mon\n|rule|Item Clause: Limit one of each item\n|clearpoke\n|poke|p1|Iron Hands, L50|\n|poke|p1|Gyarados, L50, F|\n|poke|p1|Ting-Lu, L50|\n|poke|p1|Flutter Mane, L50|\n|poke|p1|Amoonguss, L50, F|\n|poke|p1|Chi-Yu, L50|\n|poke|p2|Roaring Moon, L50|\n|poke|p2|Hippowdon, L50, M|\n|poke|p2|Tyranitar, L50, M|\n|poke|p2|Great Tusk, L50|\n|poke|p2|Garchomp, L50, M|\n|poke|p2|Lycanroc, L50, M|\n|teampreview|4\n|inactive|Battle timer is ON: inactive players will automatically lose when time's up. (requested by Asturiano98)\nAsturiano98 rejected open team sheets.\n|\n|t:|1682687651\n|start\n|switch|p1a: Flutter Mane|Flutter Mane, L50|100\/100\n|switch|p1b: Iron Hands|Iron Hands, L50|100\/100\n|switch|p2a: Roaring Moon|Roaring Moon, L50|100\/100\n|switch|p2b: Tyranitar|Tyranitar, L50, M|100\/100\n|-weather|Sandstorm|[from] ability: Sand Stream|[of] p2b: Tyranitar\n|-enditem|p2a: Roaring Moon|Booster Energy\n|-activate|p2a: Roaring Moon|ability: Protosynthesis|[fromitem]\n|-start|p2a: Roaring Moon|protosynthesisspe\n|-enditem|p1a: Flutter Mane|Booster Energy\n|-activate|p1a: Flutter Mane|ability: Protosynthesis|[fromitem]\n|-start|p1a: Flutter Mane|protosynthesisspa\n|turn|1\n|inactive|Asturiano98 has 30 seconds left.\n|\n|t:|1682687686\n|-terastallize|p2a: Roaring Moon|Ghost\n|-terastallize|p1a: Flutter Mane|Fairy\n|move|p1b: Iron Hands|Fake Out|p2b: Tyranitar\n|-resisted|p2b: Tyranitar\n|-damage|p2b: Tyranitar|94\/100\n|move|p2a: Roaring Moon|Tailwind|p2a: Roaring Moon\n|-sidestart|p2: haha u rage quit|move: Tailwind\n|cant|p2b: Tyranitar|flinch\n|move|p1a: Flutter Mane|Moonblast|p2a: Roaring Moon\n|-damage|p2a: Roaring Moon|22\/100\n|-unboost|p2a: Roaring Moon|spa|1\n|\n|-weather|Sandstorm|[upkeep]\n|-damage|p2a: Roaring Moon|16\/100|[from] Sandstorm\n|-damage|p1a: Flutter Mane|94\/100|[from] Sandstorm\n|upkeep\n|turn|2\n|\n|t:|1682687706\n|-end|p1b: Iron Hands|Quark Drive|[silent]\n|switch|p1b: Gyarados|Gyarados, L50, F|100\/100\n|-ability|p1b: Gyarados|Intimidate|boost\n|-unboost|p2a: Roaring Moon|atk|1\n|-unboost|p2b: Tyranitar|atk|1\n|move|p2a: Roaring Moon|Breaking Swipe|p1b: Gyarados|[spread] p1b\n|-immune|p1a: Flutter Mane\n|-damage|p1b: Gyarados|84\/100\n|-unboost|p1b: Gyarados|atk|1\n|move|p2b: Tyranitar|Heavy Slam|p1a: Flutter Mane\n|-supereffective|p1a: Flutter Mane\n|-damage|p1a: Flutter Mane|0 fnt\n|faint|p1a: Flutter Mane\n|-end|p1a: Flutter Mane|Protosynthesis|[silent]\n|\n|-weather|Sandstorm|[upkeep]\n|-damage|p2a: Roaring Moon|10\/100|[from] Sandstorm\n|-damage|p1b: Gyarados|78\/100|[from] Sandstorm\n|upkeep\n|\n|t:|1682687722\n|switch|p1a: Iron Hands|Iron Hands, L50|100\/100\n|turn|3\n|\n|t:|1682687740\n|switch|p2b: Great Tusk|Great Tusk, L50, shiny|100\/100\n|move|p1a: Iron Hands|Fake Out|p2b: Great Tusk\n|-damage|p2b: Great Tusk|90\/100\n|move|p2a: Roaring Moon|Breaking Swipe|p1a: Iron Hands|[spread] p1a,p1b\n|-damage|p1a: Iron Hands|91\/100\n|-damage|p1b: Gyarados|62\/100\n|-unboost|p1a: Iron Hands|atk|1\n|-unboost|p1b: Gyarados|atk|1\n|move|p1b: Gyarados|Waterfall|p2b: Great Tusk\n|-supereffective|p2b: Great Tusk\n|-damage|p2b: Great Tusk|60\/100\n|\n|-weather|Sandstorm|[upkeep]\n|-damage|p2a: Roaring Moon|4\/100|[from] Sandstorm\n|-damage|p1b: Gyarados|56\/100|[from] Sandstorm\n|upkeep\n|turn|4\n|\n|t:|1682687761\n|-end|p1a: Iron Hands|Quark Drive|[silent]\n|switch|p1a: Amoonguss|Amoonguss, L50, F|100\/100\n|move|p1b: Gyarados|Protect|p1b: Gyarados\n|-singleturn|p1b: Gyarados|Protect\n|move|p2a: Roaring Moon|Breaking Swipe|p1a: Amoonguss|[spread] p1a\n|-activate|p1b: Gyarados|move: Protect\n|-damage|p1a: Amoonguss|85\/100\n|-unboost|p1a: Amoonguss|atk|1\n|move|p2b: Great Tusk|Headlong Rush|p1a: Amoonguss\n|-damage|p1a: Amoonguss|24\/100\n|-unboost|p2b: Great Tusk|def|1\n|-unboost|p2b: Great Tusk|spd|1\n|-enditem|p1a: Amoonguss|Sitrus Berry|[eat]\n|-heal|p1a: Amoonguss|49\/100|[from] item: Sitrus Berry\n|\n|-weather|Sandstorm|[upkeep]\n|-damage|p2a: Roaring Moon|0 fnt|[from] Sandstorm\n|-damage|p1b: Gyarados|50\/100|[from] Sandstorm\n|-damage|p1a: Amoonguss|43\/100|[from] Sandstorm\n|faint|p2a: Roaring Moon\n|-end|p2a: Roaring Moon|Protosynthesis|[silent]\n|-sideend|p2: haha u rage quit|move: Tailwind\n|upkeep\n|\n|t:|1682687780\n|switch|p2a: Tyranitar|Tyranitar, L50, M|94\/100\n|turn|5\n|\n|t:|1682687791\n|switch|p1b: Iron Hands|Iron Hands, L50|91\/100\n|move|p2b: Great Tusk|Headlong Rush|p1a: Amoonguss\n|-damage|p1a: Amoonguss|0 fnt\n|-unboost|p2b: Great Tusk|def|1\n|-unboost|p2b: Great Tusk|spd|1\n|faint|p1a: Amoonguss\n|move|p2a: Tyranitar|Rock Slide|p1b: Iron Hands|[miss]\n|-miss|p2a: Tyranitar|p1b: Iron Hands\n|\n|-weather|none\n|upkeep\n|\n|t:|1682687802\n|switch|p1a: Gyarados|Gyarados, L50, F|50\/100\n|-ability|p1a: Gyarados|Intimidate|boost\n|-unboost|p2a: Tyranitar|atk|1\n|-unboost|p2b: Great Tusk|atk|1\n|turn|6\n|\n|t:|1682687815\n|switch|p2a: Lycanroc|Lycanroc, L50, M|100\/100\n|move|p2b: Great Tusk|Headlong Rush|p1b: Iron Hands\n|-supereffective|p1b: Iron Hands\n|-damage|p1b: Iron Hands|26\/100\n|-unboost|p2b: Great Tusk|def|1\n|-unboost|p2b: Great Tusk|spd|1\n|move|p1a: Gyarados|Waterfall|p2b: Great Tusk\n|-supereffective|p2b: Great Tusk\n|-damage|p2b: Great Tusk|0 fnt\n|faint|p2b: Great Tusk\n|-end|p2b: Great Tusk|Protosynthesis|[silent]\n|move|p1b: Iron Hands|Drain Punch|p2a: Lycanroc\n|-supereffective|p2a: Lycanroc\n|-crit|p2a: Lycanroc\n|-enditem|p2a: Lycanroc|Focus Sash\n|-damage|p2a: Lycanroc|1\/100\n|-heal|p1b: Iron Hands|56\/100|[from] drain|[of] p2a: Lycanroc\n|\n|upkeep\n|\n|t:|1682687822\n|switch|p2b: Tyranitar|Tyranitar, L50, M|94\/100\n|-weather|Sandstorm|[from] ability: Sand Stream|[of] p2b: Tyranitar\n|turn|7\n|\n|t:|1682687837\n|move|p2a: Lycanroc|Endeavor|p1b: Iron Hands\n|-damage|p1b: Iron Hands|1\/100\n|move|p1a: Gyarados|Waterfall|p2a: Lycanroc\n|-supereffective|p2a: Lycanroc\n|-damage|p2a: Lycanroc|0 fnt\n|faint|p2a: Lycanroc\n|move|p2b: Tyranitar|Rock Slide|p1a: Gyarados|[spread] p1a,p1b\n|-supereffective|p1a: Gyarados\n|-resisted|p1b: Iron Hands\n|-damage|p1a: Gyarados|0 fnt\n|-damage|p1b: Iron Hands|0 fnt\n|faint|p1a: Gyarados\n|faint|p1b: Iron Hands\n|-end|p1b: Iron Hands|Quark Drive|[silent]\n|\n|win|haha u rage quit\n|raw|Asturiano98's rating: 1209 → 1187<\/strong> (-22 for losing)\n|raw|haha u rage quit's rating: 1257 → 1279<\/strong> (+22 for winning)\n|l|\u2606Asturiano98\n","uploadtime":1682687861,"views":11,"p1id":"asturiano98","p2id":"hahauragequit","formatid":"gen9vgc2023regulationc","rating":1187,"private":0,"password":""}