{"id":"gen9vgc2023regulationc-1859868055","p1":"Memes4.0","p2":"nosferh","format":"[Gen 9] VGC 2023 Regulation C","log":"|j|\u2606Memes4.0\n|j|\u2606nosferh\n|t:|1683571240\n|gametype|doubles\n|player|p1|Memes4.0|102|1117\n|player|p2|nosferh|169|1021\n|teamsize|p1|6\n|teamsize|p2|6\n|gen|9\n|tier|[Gen 9] VGC 2023 Regulation C\n|rated|\n|rule|Species Clause: Limit one of each Pok\u00e9mon\n|rule|Item Clause: Limit one of each item\n|clearpoke\n|poke|p1|Mimikyu, L50, F|\n|poke|p1|Amoonguss, L50, M|\n|poke|p1|Gothitelle, L50, M|\n|poke|p1|Farigiraf, L50, M|\n|poke|p1|Azumarill, L50, M|\n|poke|p1|Ceruledge, L50, M|\n|poke|p2|Chi-Yu, L50|\n|poke|p2|Dachsbun, L50, M|\n|poke|p2|Ceruledge, L50, M|\n|poke|p2|Amoonguss, L50, M|\n|poke|p2|Arcanine, L50, M|\n|poke|p2|Palafin, L50, F|\n|teampreview|4\n|inactive|Battle timer is ON: inactive players will automatically lose when time's up. (requested by Memes4.0)\n|inactive|Memes4.0 has 60 seconds left.\n|\n|t:|1683571281\n|start\n|switch|p1a: Flame Body|Ceruledge, L50, M|100\/100\n|switch|p1b: Walking Nuke|Azumarill, L50, M, shiny|100\/100\n|switch|p2a: Chi-Yu|Chi-Yu, L50|100\/100\n|switch|p2b: Dachsbun|Dachsbun, L50, M|100\/100\n|-ability|p2a: Chi-Yu|Beads of Ruin\n|turn|1\n|\n|t:|1683571301\n|move|p2a: Chi-Yu|Lava Plume|p1b: Walking Nuke|[spread] p1b\n|-ability|p2b: Dachsbun|Well-Baked Body|boost\n|-boost|p2b: Dachsbun|def|2\n|-start|p1a: Flame Body|ability: Flash Fire\n|-resisted|p1b: Walking Nuke\n|-damage|p1b: Walking Nuke|84\/100\n|move|p2b: Dachsbun|Yawn|p1a: Flame Body\n|-start|p1a: Flame Body|move: Yawn|[of] p2b: Dachsbun\n|move|p1a: Flame Body|Bulk Up|p1a: Flame Body\n|-boost|p1a: Flame Body|atk|1\n|-boost|p1a: Flame Body|def|1\n|move|p1b: Walking Nuke|Liquidation|p2a: Chi-Yu\n|-supereffective|p2a: Chi-Yu\n|-enditem|p2a: Chi-Yu|Focus Sash\n|-damage|p2a: Chi-Yu|1\/100\n|\n|upkeep\n|turn|2\n|\n|t:|1683571329\n|-end|p1a: Flame Body|ability: Flash Fire|[silent]\n|switch|p1a: Help|Amoonguss, L50, M|100\/100\n|move|p1b: Walking Nuke|Aqua Jet|p2a: Chi-Yu\n|-supereffective|p2a: Chi-Yu\n|-damage|p2a: Chi-Yu|0 fnt\n|faint|p2a: Chi-Yu\n|move|p2b: Dachsbun|Body Press|p1b: Walking Nuke\n|-resisted|p1b: Walking Nuke\n|-damage|p1b: Walking Nuke|54\/100\n|\n|upkeep\n|\n|t:|1683571346\n|switch|p2a: Ceruledge|Ceruledge, L50, M|100\/100\n|turn|3\n|\n|t:|1683571366\n|-terastallize|p1a: Help|Water\n|move|p2a: Ceruledge|Protect|p2a: Ceruledge\n|-singleturn|p2a: Ceruledge|Protect\n|move|p2b: Dachsbun|Body Press|p1b: Walking Nuke\n|-resisted|p1b: Walking Nuke\n|-damage|p1b: Walking Nuke|22\/100\n|move|p1b: Walking Nuke|Ice Spinner|p2a: Ceruledge\n|-activate|p2a: Ceruledge|move: Protect\n|move|p1a: Help|Spore|p2b: Dachsbun\n|-status|p2b: Dachsbun|slp|[from] move: Spore\n|\n|upkeep\n|turn|4\n|inactive|nosferh has 30 seconds left.\n|\n|t:|1683571392\n|-terastallize|p2a: Ceruledge|Grass\n|move|p2a: Ceruledge|Shadow Sneak|p1b: Walking Nuke\n|-damage|p1b: Walking Nuke|0 fnt\n|faint|p1b: Walking Nuke\n|cant|p2b: Dachsbun|slp\n|move|p1a: Help|Pollen Puff|p1: Walking Nuke|[notarget]\n|-fail|p1a: Help\n|\n|upkeep\n|\n|t:|1683571398\n|switch|p1b: Flame Body|Ceruledge, L50, M|100\/100\n|turn|5\n|\n|t:|1683571409\n|move|p2a: Ceruledge|Protect|p2a: Ceruledge\n|-singleturn|p2a: Ceruledge|Protect\n|move|p1b: Flame Body|Protect|p1b: Flame Body\n|-singleturn|p1b: Flame Body|Protect\n|-curestatus|p2b: Dachsbun|slp|[msg]\n|move|p2b: Dachsbun|Yawn|p1b: Flame Body\n|-activate|p1b: Flame Body|move: Protect\n|move|p1a: Help|Clear Smog|p2b: Dachsbun\n|-supereffective|p2b: Dachsbun\n|-damage|p2b: Dachsbun|60\/100\n|-clearboost|p2b: Dachsbun\n|\n|upkeep\n|turn|6\n|\n|t:|1683571430\n|move|p2a: Ceruledge|Shadow Sneak|p1b: Flame Body\n|-supereffective|p1b: Flame Body\n|-damage|p1b: Flame Body|44\/100\n|move|p1b: Flame Body|Shadow Sneak|p2a: Ceruledge\n|-damage|p2a: Ceruledge|67\/100\n|move|p2b: Dachsbun|Yawn|p1b: Flame Body\n|-start|p1b: Flame Body|move: Yawn|[of] p2b: Dachsbun\n|move|p1a: Help|Pollen Puff|p2a: Ceruledge\n|-supereffective|p2a: Ceruledge\n|-damage|p2a: Ceruledge|23\/100\n|\n|-heal|p2a: Ceruledge|29\/100|[from] item: Leftovers\n|upkeep\n|turn|7\n|inactive|nosferh has 30 seconds left.\n|\n|t:|1683571458\n|move|p1b: Flame Body|Protect|p1b: Flame Body\n|-singleturn|p1b: Flame Body|Protect\n|move|p2a: Ceruledge|Shadow Sneak|p1b: Flame Body\n|-activate|p1b: Flame Body|move: Protect\n|move|p2b: Dachsbun|Yawn|p1a: Help\n|-start|p1a: Help|move: Yawn|[of] p2b: Dachsbun\n|move|p1a: Help|Pollen Puff|p2a: Ceruledge\n|-supereffective|p2a: Ceruledge\n|-damage|p2a: Ceruledge|0 fnt\n|faint|p2a: Ceruledge\n|\n|-end|p1b: Flame Body|move: Yawn|[silent]\n|-status|p1b: Flame Body|slp\n|upkeep\n|\n|t:|1683571471\n|switch|p2a: Arcanine|Arcanine, L50, M|100\/100\n|-ability|p2a: Arcanine|Intimidate|boost\n|-unboost|p1a: Help|atk|1\n|-fail|p1b: Flame Body|unboost|[from] item: Clear Amulet|[of] p1b: Flame Body\n|turn|8\n|inactive|Memes4.0 has 30 seconds left.\n|\n|t:|1683571499\n|switch|p1a: Zebra|Farigiraf, L50, M|100\/100\n|cant|p1b: Flame Body|slp\n|move|p2a: Arcanine|Extreme Speed||[still]\n|cant|p1a: Zebra|ability: Armor Tail|Extreme Speed|[of] p2a: Arcanine\n|move|p2b: Dachsbun|Wish|p2b: Dachsbun\n|\n|upkeep\n|turn|9\n|inactive|Memes4.0 has 30 seconds left.\n|\n|t:|1683571526\n|move|p2a: Arcanine|Protect|p2a: Arcanine\n|-singleturn|p2a: Arcanine|Protect\n|cant|p1b: Flame Body|slp\n|move|p2b: Dachsbun|Body Press|p1a: Zebra\n|-damage|p1a: Zebra|70\/100\n|move|p1a: Zebra|Trick Room|p1a: Zebra\n|-fieldstart|move: Trick Room|[of] p1a: Zebra\n|\n|-heal|p2b: Dachsbun|100\/100|[from] move: Wish|[wisher] Dachsbun\n|upkeep\n|turn|10\n|inactive|Memes4.0 has 30 seconds left.\n|\n|t:|1683571555\n|move|p1a: Zebra|Psychic|p2a: Arcanine\n|-damage|p2a: Arcanine|53\/100\n|-damage|p1a: Zebra|60\/100|[from] item: Life Orb\n|-curestatus|p1b: Flame Body|slp|[msg]\n|move|p1b: Flame Body|Bitter Blade|p2a: Arcanine\n|-resisted|p2a: Arcanine\n|-damage|p2a: Arcanine|25\/100\n|-heal|p1b: Flame Body|59\/100|[from] drain|[of] p2a: Arcanine\n|move|p2a: Arcanine|Flare Blitz|p1a: Zebra\n|-damage|p1a: Zebra|16\/100\n|-damage|p2a: Arcanine|8\/100|[from] Recoil\n|move|p2b: Dachsbun|Body Press|p1b: Flame Body\n|-immune|p1b: Flame Body\n|\n|upkeep\n|turn|11\n|-message|nosferh forfeited.\n|\n|win|Memes4.0\n|raw|Memes4.0's rating: 1117 → 1135<\/strong> (+18 for winning)\n|raw|nosferh's rating: 1021 → 1011<\/strong> (-10 for losing)\n|l|\u2606nosferh\n","uploadtime":1683571882,"views":8,"p1id":"memes40","p2id":"nosferh","formatid":"gen9vgc2023regulationc","rating":1011,"private":0,"password":""}