{"id":"gen9vgc2023regulationc-1852456023","p1":"mugiwaraLux","p2":"flearther","format":"[Gen 9] VGC 2023 Regulation C","log":"|j|\u2606mugiwaraLux\n|j|\u2606flearther\n|t:|1682559852\n|gametype|doubles\n|player|p1|mugiwaraLux|265|\n|player|p2|flearther|101|\n|teamsize|p1|6\n|teamsize|p2|6\n|gen|9\n|tier|[Gen 9] VGC 2023 Regulation C\n|rule|Species Clause: Limit one of each Pok\u00e9mon\n|rule|Item Clause: Limit one of each item\n|clearpoke\n|poke|p1|Palafin, L50, M|\n|poke|p1|Amoonguss, L50, M|\n|poke|p1|Flutter Mane, L50|\n|poke|p1|Arcanine, L50, F|\n|poke|p1|Roaring Moon, L50|\n|poke|p1|Chien-Pao, L50|\n|poke|p2|Ting-Lu, L50|\n|poke|p2|Iron Hands, L50|\n|poke|p2|Amoonguss, L50, F|\n|poke|p2|Arcanine, L50, F|\n|poke|p2|Iron Bundle, L50|\n|poke|p2|Flutter Mane, L50|\n|teampreview|4\n|inactive|Battle timer is ON: inactive players will automatically lose when time's up. (requested by mugiwaraLux)\n|inactive|flearther also wants the timer to be on.\nmugiwaraLux has agreed to open team sheets.\n|c|\u2606flearther|glhf\nflearther has agreed to open team sheets.\n|c|\u2606mugiwaraLux|u2\n|inactive|mugiwaraLux has 60 seconds left.\n|inactive|flearther has 60 seconds left.\n|\n|t:|1682559907\n|start\n|switch|p1a: ChiYu|Arcanine, L50, F|100\/100\n|switch|p1b: Palafin|Palafin, L50, M|100\/100\n|switch|p2a: Iron Hands|Iron Hands, L50|100\/100\n|switch|p2b: Amoonguss|Amoonguss, L50, F|100\/100\n|-ability|p1a: ChiYu|Intimidate|boost\n|-unboost|p2a: Iron Hands|atk|1\n|-unboost|p2b: Amoonguss|atk|1\n|turn|1\n|\n|t:|1682559916\n|move|p1b: Palafin|Protect|p1b: Palafin\n|-singleturn|p1b: Palafin|Protect\n|move|p1a: ChiYu|Protect|p1a: ChiYu\n|-singleturn|p1a: ChiYu|Protect\n|move|p2a: Iron Hands|Fake Out|p1a: ChiYu\n|-activate|p1a: ChiYu|move: Protect\n|move|p2b: Amoonguss|Spore|p1b: Palafin\n|-activate|p1b: Palafin|move: Protect\n|\n|upkeep\n|turn|2\n|\n|t:|1682559933\n|switch|p2b: Arcanine|Arcanine, L50, F|100\/100\n|-ability|p2b: Arcanine|Intimidate|boost\n|-unboost|p1a: ChiYu|atk|1\n|-unboost|p1b: Palafin|atk|1\n|move|p1b: Palafin|Wave Crash|p2a: Iron Hands\n|-damage|p2a: Iron Hands|76\/100\n|-damage|p1b: Palafin|89\/100|[from] Recoil\n|move|p1a: ChiYu|Flare Blitz|p2b: Arcanine\n|-resisted|p2b: Arcanine\n|-damage|p2b: Arcanine|82\/100\n|-damage|p1a: ChiYu|94\/100|[from] Recoil\n|move|p2a: Iron Hands|Volt Switch|p1b: Palafin\n|-supereffective|p1b: Palafin\n|-damage|p1b: Palafin|57\/100\n|\n|t:|1682559948\n|-end|p2a: Iron Hands|Quark Drive|[silent]\n|switch|p2a: Iron Bundle|Iron Bundle, L50|100\/100|[from] Volt Switch\n|\n|upkeep\n|turn|3\n|inactive|mugiwaraLux has 30 seconds left.\n|\n|t:|1682559975\n|detailschange|p1b: Palafin|Palafin-Hero, L50, M\n|switch|p1b: Chien-Pao|Chien-Pao, L50|100\/100\n|-ability|p1b: Chien-Pao|Sword of Ruin\n|move|p2a: Iron Bundle|Protect|p2a: Iron Bundle\n|-singleturn|p2a: Iron Bundle|Protect\n|move|p1a: ChiYu|Protect|p1a: ChiYu\n|-singleturn|p1a: ChiYu|Protect\n|move|p2b: Arcanine|Will-O-Wisp|p1b: Chien-Pao\n|-status|p1b: Chien-Pao|brn\n|\n|-damage|p1b: Chien-Pao|95\/100 brn|[from] brn\n|upkeep\n|turn|4\n|\n|t:|1682559996\n|move|p1a: ChiYu|Extreme Speed|p2a: Iron Bundle\n|-damage|p2a: Iron Bundle|76\/100\n|move|p2a: Iron Bundle|Hydro Pump|p1a: ChiYu\n|-supereffective|p1a: ChiYu\n|-damage|p1a: ChiYu|0 fnt\n|faint|p1a: ChiYu\n|-damage|p2a: Iron Bundle|66\/100|[from] item: Life Orb\n|move|p1b: Chien-Pao|Sacred Sword|p2a: Iron Bundle\n|-supereffective|p2a: Iron Bundle\n|-damage|p2a: Iron Bundle|16\/100\n|move|p2b: Arcanine|Flare Blitz|p1b: Chien-Pao\n|-supereffective|p1b: Chien-Pao\n|-damage|p1b: Chien-Pao|0 fnt\n|faint|p1b: Chien-Pao\n|-damage|p2b: Arcanine|58\/100|[from] Recoil\n|\n|upkeep\n|\n|t:|1682560001\n|switch|p1b: Roaring Moon|Roaring Moon, L50|100\/100\n|switch|p1a: Palafin|Palafin-Hero, L50, M|57\/100\n|-activate|p1a: Palafin|ability: Zero to Hero\n|-enditem|p1b: Roaring Moon|Booster Energy\n|-activate|p1b: Roaring Moon|ability: Protosynthesis|[fromitem]\n|-start|p1b: Roaring Moon|protosynthesisatk\n|turn|5\n|inactive|flearther has 30 seconds left.\n|\n|t:|1682560029\n|-terastallize|p1a: Palafin|Water\n|-terastallize|p2b: Arcanine|Water\n|move|p2a: Iron Bundle|Protect|p2a: Iron Bundle\n|-singleturn|p2a: Iron Bundle|Protect\n|move|p1a: Palafin|Jet Punch|p2a: Iron Bundle\n|-activate|p2a: Iron Bundle|move: Protect\n|move|p1b: Roaring Moon|Dragon Dance|p1b: Roaring Moon\n|-boost|p1b: Roaring Moon|atk|1\n|-boost|p1b: Roaring Moon|spe|1\n|move|p2b: Arcanine|Will-O-Wisp|p1a: Palafin\n|-status|p1a: Palafin|brn\n|\n|-damage|p1a: Palafin|51\/100 brn|[from] brn\n|upkeep\n|turn|6\n|inactive|mugiwaraLux has 30 seconds left.\n|inactive|flearther has 30 seconds left.\n|\n|t:|1682560064\n|-end|p2a: Iron Bundle|Quark Drive|[silent]\n|switch|p2a: Iron Hands|Iron Hands, L50|76\/100\n|move|p1a: Palafin|Jet Punch|p2a: Iron Hands\n|-damage|p2a: Iron Hands|57\/100\n|move|p1b: Roaring Moon|Throat Chop|p2b: Arcanine\n|-damage|p2b: Arcanine|0 fnt\n|faint|p2b: Arcanine\n|\n|-damage|p1a: Palafin|45\/100 brn|[from] brn\n|upkeep\n|\n|t:|1682560079\n|switch|p2b: Amoonguss|Amoonguss, L50, F|100\/100\n|turn|7\n|\n|t:|1682560083\n|move|p1b: Roaring Moon|Protect|p1b: Roaring Moon\n|-singleturn|p1b: Roaring Moon|Protect\n|move|p1a: Palafin|Protect|p1a: Palafin\n|-singleturn|p1a: Palafin|Protect\n|move|p2b: Amoonguss|Rage Powder|p2b: Amoonguss\n|-singleturn|p2b: Amoonguss|move: Rage Powder\n|move|p2a: Iron Hands|Drain Punch|p1b: Roaring Moon\n|-activate|p1b: Roaring Moon|move: Protect\n|\n|-damage|p1a: Palafin|39\/100 brn|[from] brn\n|upkeep\n|turn|8\n|\n|t:|1682560094\n|move|p2b: Amoonguss|Rage Powder|p2b: Amoonguss\n|-singleturn|p2b: Amoonguss|move: Rage Powder\n|move|p1b: Roaring Moon|Acrobatics|p2b: Amoonguss\n|-supereffective|p2b: Amoonguss\n|-crit|p2b: Amoonguss\n|-damage|p2b: Amoonguss|0 fnt\n|faint|p2b: Amoonguss\n|move|p1a: Palafin|Wave Crash|p2a: Iron Hands\n|-damage|p2a: Iron Hands|15\/100\n|-damage|p1a: Palafin|20\/100 brn|[from] Recoil\n|move|p2a: Iron Hands|Drain Punch|p1b: Roaring Moon\n|-supereffective|p1b: Roaring Moon\n|-damage|p1b: Roaring Moon|0 fnt\n|-heal|p2a: Iron Hands|51\/100|[from] drain|[of] p1b: Roaring Moon\n|faint|p1b: Roaring Moon\n|-end|p1b: Roaring Moon|Protosynthesis|[silent]\n|\n|-damage|p1a: Palafin|14\/100 brn|[from] brn\n|upkeep\n|c|\u2606mugiwaraLux|ggs\n|c|\u2606flearther|gg\n|\n|t:|1682560109\n|switch|p2b: Iron Bundle|Iron Bundle, L50|16\/100\n|turn|9\n|\n|t:|1682560115\n|move|p1a: Palafin|Protect|p1a: Palafin\n|-singleturn|p1a: Palafin|Protect\n|move|p2b: Iron Bundle|Freeze-Dry|p1a: Palafin\n|-activate|p1a: Palafin|move: Protect\n|move|p2a: Iron Hands|Wild Charge|p1a: Palafin\n|-activate|p1a: Palafin|move: Protect\n|\n|-damage|p1a: Palafin|8\/100 brn|[from] brn\n|upkeep\n|turn|10\n|\n|t:|1682560124\n|move|p1a: Palafin|Jet Punch|p2b: Iron Bundle\n|-resisted|p2b: Iron Bundle\n|-damage|p2b: Iron Bundle|0 fnt\n|faint|p2b: Iron Bundle\n|-end|p2b: Iron Bundle|Quark Drive|[silent]\n|move|p2a: Iron Hands|Wild Charge|p1a: Palafin\n|-supereffective|p1a: Palafin\n|-damage|p1a: Palafin|0 fnt\n|faint|p1a: Palafin\n|-damage|p2a: Iron Hands|50\/100|[from] Recoil\n|\n|win|flearther\n|l|\u2606mugiwaraLux\n|j|\u2606mugiwaraLux\n|player|p1|mugiwaraLux|265\n","uploadtime":1682560133,"views":8,"p1id":"mugiwaralux","p2id":"flearther","formatid":"gen9vgc2023regulationc","rating":0,"private":0,"password":""}