{"id":"gen9vgc2023regulationc-1861240831","p1":"Dragonite8723","p2":"TempYard","format":"[Gen 9] VGC 2023 Regulation C","log":"|j|\u2606Dragonite8723\n|j|\u2606TempYard\n|t:|1683738733\n|gametype|doubles\n|player|p1|Dragonite8723|265|1132\n|player|p2|TempYard|waiter-gen4dp|1129\n|teamsize|p1|6\n|teamsize|p2|6\n|gen|9\n|tier|[Gen 9] VGC 2023 Regulation C\n|rated|\n|rule|Species Clause: Limit one of each Pok\u00e9mon\n|rule|Item Clause: Limit one of each item\n|clearpoke\n|poke|p1|Sylveon, L50, F|\n|poke|p1|Slither Wing, L50|\n|poke|p1|Torkoal, L50, F|\n|poke|p1|Dachsbun, L50, M|\n|poke|p1|Farigiraf, L50, F|\n|poke|p1|Iron Hands, L50|\n|poke|p2|Skeledirge, L50, F|\n|poke|p2|Meowscarada, L50, M|\n|poke|p2|Kingambit, L50, F|\n|poke|p2|Brute Bonnet, L50|\n|poke|p2|Tatsugiri-Droopy, L50, F|\n|poke|p2|Baxcalibur, L50, F|\n|teampreview|4\n|inactive|Battle timer is ON: inactive players will automatically lose when time's up. (requested by TempYard)\n|inactive|Dragonite8723 has 60 seconds left.\n|\n|t:|1683738780\n|start\n|switch|p1a: Farigiraf|Farigiraf, L50, F|100\/100\n|switch|p1b: Iron Hands|Iron Hands, L50|100\/100\n|switch|p2a: Skeledirge|Skeledirge, L50, F|100\/100\n|switch|p2b: Baxcalibur|Baxcalibur, L50, F|100\/100\n|turn|1\n|\n|t:|1683738800\n|-terastallize|p2b: Baxcalibur|Ghost\n|move|p1b: Iron Hands|Fake Out|p2b: Baxcalibur\n|-immune|p2b: Baxcalibur\n|move|p2b: Baxcalibur|Icicle Spear|p1a: Farigiraf\n|-damage|p1a: Farigiraf|87\/100\n|-damage|p1a: Farigiraf|76\/100\n|-damage|p1a: Farigiraf|64\/100\n|-damage|p1a: Farigiraf|52\/100\n|-hitcount|p1a: Farigiraf|4\n|move|p2a: Skeledirge|Torch Song|p1a: Farigiraf\n|-damage|p1a: Farigiraf|26\/100\n|-boost|p2a: Skeledirge|spa|1\n|-enditem|p2a: Skeledirge|Throat Spray\n|-boost|p2a: Skeledirge|spa|1|[from] item: Throat Spray\n|move|p1a: Farigiraf|Trick Room|p1a: Farigiraf\n|-fieldstart|move: Trick Room|[of] p1a: Farigiraf\n|\n|upkeep\n|turn|2\n|inactive|Dragonite8723 has 30 seconds left.\n|inactive|TempYard has 30 seconds left.\n|inactive|Dragonite8723 has 20 seconds left.\n|\n|t:|1683738838\n|move|p2b: Baxcalibur|Protect|p2b: Baxcalibur\n|-singleturn|p2b: Baxcalibur|Protect\n|move|p1b: Iron Hands|Thunder Punch|p2a: Skeledirge\n|-damage|p2a: Skeledirge|62\/100\n|move|p1a: Farigiraf|Shadow Ball|p2b: Baxcalibur\n|-activate|p2b: Baxcalibur|move: Protect\n|move|p2a: Skeledirge|Torch Song|p1b: Iron Hands\n|-damage|p1b: Iron Hands|61\/100\n|-boost|p2a: Skeledirge|spa|1\n|\n|upkeep\n|turn|3\n|inactive|Dragonite8723 has 30 seconds left.\n|\n|t:|1683738867\n|move|p2a: Skeledirge|Protect|p2a: Skeledirge\n|-singleturn|p2a: Skeledirge|Protect\n|move|p1b: Iron Hands|Thunder Punch|p2b: Baxcalibur\n|-damage|p2b: Baxcalibur|60\/100\n|move|p1a: Farigiraf|Shadow Ball|p2a: Skeledirge\n|-activate|p2a: Skeledirge|move: Protect\n|move|p2b: Baxcalibur|Icicle Spear|p1a: Farigiraf\n|-damage|p1a: Farigiraf|14\/100\n|-damage|p1a: Farigiraf|0 fnt\n|faint|p1a: Farigiraf\n|-hitcount|p1: Farigiraf|2\n|\n|upkeep\n|\n|t:|1683738883\n|switch|p1a: Torkoal|Torkoal, L50, F|100\/100\n|-weather|SunnyDay|[from] ability: Drought|[of] p1a: Torkoal\n|turn|4\n|\n|t:|1683738897\n|move|p1a: Torkoal|Heat Wave|p2b: Baxcalibur|[spread] p2a\n|-miss|p1a: Torkoal|p2b: Baxcalibur\n|-resisted|p2a: Skeledirge\n|-damage|p2a: Skeledirge|45\/100\n|move|p1b: Iron Hands|Thunder Punch|p2a: Skeledirge\n|-crit|p2a: Skeledirge\n|-damage|p2a: Skeledirge|0 fnt\n|faint|p2a: Skeledirge\n|move|p2b: Baxcalibur|Glaive Rush|p1a: Torkoal\n|-damage|p1a: Torkoal|41\/100\n|-singlemove|p2b: Baxcalibur|Glaive Rush|[silent]\n|-enditem|p1a: Torkoal|Sitrus Berry|[eat]\n|-heal|p1a: Torkoal|66\/100|[from] item: Sitrus Berry\n|\n|-weather|SunnyDay|[upkeep]\n|upkeep\n|\n|t:|1683738913\n|switch|p2a: Brute Bonnet|Brute Bonnet, L50|100\/100\n|-activate|p2a: Brute Bonnet|ability: Protosynthesis\n|-start|p2a: Brute Bonnet|protosynthesisatk\n|turn|5\n|\n|t:|1683738923\n|-end|p1b: Iron Hands|Quark Drive|[silent]\n|switch|p1b: Dachsbun|Dachsbun, L50, M|100\/100\n|move|p2a: Brute Bonnet|Protect|p2a: Brute Bonnet\n|-singleturn|p2a: Brute Bonnet|Protect\n|move|p2b: Baxcalibur|Protect|p2b: Baxcalibur\n|-singleturn|p2b: Baxcalibur|Protect\n|move|p1a: Torkoal|Lava Plume|p2a: Brute Bonnet|[spread] \n|-activate|p2a: Brute Bonnet|move: Protect\n|-activate|p2b: Baxcalibur|move: Protect\n|-ability|p1b: Dachsbun|Well-Baked Body|boost\n|-boost|p1b: Dachsbun|def|2\n|\n|-weather|SunnyDay|[upkeep]\n|-fieldend|move: Trick Room\n|upkeep\n|turn|6\n|\n|t:|1683738943\n|move|p1b: Dachsbun|Play Rough|p2a: Brute Bonnet\n|-supereffective|p2a: Brute Bonnet\n|-damage|p2a: Brute Bonnet|58\/100\n|move|p2b: Baxcalibur|Icicle Spear|p1b: Dachsbun\n|-damage|p1b: Dachsbun|93\/100\n|-damage|p1b: Dachsbun|85\/100\n|-crit|p1b: Dachsbun\n|-damage|p1b: Dachsbun|61\/100\n|-damage|p1b: Dachsbun|53\/100\n|-damage|p1b: Dachsbun|45\/100\n|-hitcount|p1b: Dachsbun|5\n|move|p2a: Brute Bonnet|Spore|p1a: Torkoal\n|-status|p1a: Torkoal|slp|[from] move: Spore\n|cant|p1a: Torkoal|slp\n|\n|-weather|SunnyDay|[upkeep]\n|-heal|p1b: Dachsbun|51\/100|[from] item: Leftovers\n|upkeep\n|turn|7\n|\n|t:|1683738968\n|move|p1b: Dachsbun|Protect|p1b: Dachsbun\n|-singleturn|p1b: Dachsbun|Protect\n|move|p2a: Brute Bonnet|Protect|p2a: Brute Bonnet\n|-singleturn|p2a: Brute Bonnet|Protect\n|move|p2b: Baxcalibur|Dragon Dance|p2b: Baxcalibur\n|-boost|p2b: Baxcalibur|atk|1\n|-boost|p2b: Baxcalibur|spe|1\n|cant|p1a: Torkoal|slp\n|\n|-weather|SunnyDay|[upkeep]\n|-heal|p1b: Dachsbun|57\/100|[from] item: Leftovers\n|upkeep\n|turn|8\n|\n|t:|1683738991\n|move|p2b: Baxcalibur|Icicle Spear|p1b: Dachsbun\n|-damage|p1b: Dachsbun|46\/100\n|-crit|p1b: Dachsbun\n|-damage|p1b: Dachsbun|8\/100\n|-damage|p1b: Dachsbun|0 fnt\n|faint|p1b: Dachsbun\n|-hitcount|p1: Dachsbun|3\n|move|p2a: Brute Bonnet|Spore|p1a: Torkoal\n|-fail|p1a: Torkoal|slp\n|cant|p1a: Torkoal|slp\n|\n|-weather|none\n|-end|p2a: Brute Bonnet|Protosynthesis\n|upkeep\n|-enditem|p2a: Brute Bonnet|Booster Energy\n|-activate|p2a: Brute Bonnet|ability: Protosynthesis|[fromitem]\n|-start|p2a: Brute Bonnet|protosynthesisatk\n|\n|t:|1683739007\n|switch|p1b: Iron Hands|Iron Hands, L50|61\/100\n|turn|9\n|inactive|Dragonite8723 has 30 seconds left.\n|\n|t:|1683739033\n|move|p2b: Baxcalibur|Glaive Rush|p1a: Torkoal\n|-damage|p1a: Torkoal|0 fnt\n|-singlemove|p2b: Baxcalibur|Glaive Rush|[silent]\n|faint|p1a: Torkoal\n|move|p1b: Iron Hands|Drain Punch|p2a: Brute Bonnet\n|-supereffective|p2a: Brute Bonnet\n|-damage|p2a: Brute Bonnet|0 fnt\n|-heal|p1b: Iron Hands|85\/100|[from] drain|[of] p2a: Brute Bonnet\n|faint|p2a: Brute Bonnet\n|-end|p2a: Brute Bonnet|Protosynthesis|[silent]\n|\n|upkeep\n|\n|t:|1683739042\n|switch|p2a: Kingambit|Kingambit, L50, F|100\/100\n|turn|10\n|\n|t:|1683739059\n|move|p2a: Kingambit|Protect|p2a: Kingambit\n|-singleturn|p2a: Kingambit|Protect\n|move|p2b: Baxcalibur|Icicle Spear|p1b: Iron Hands\n|-damage|p1b: Iron Hands|71\/100\n|-crit|p1b: Iron Hands\n|-damage|p1b: Iron Hands|47\/100\n|-damage|p1b: Iron Hands|32\/100\n|-damage|p1b: Iron Hands|17\/100\n|-hitcount|p1b: Iron Hands|4\n|move|p1b: Iron Hands|Drain Punch|p2a: Kingambit\n|-activate|p2a: Kingambit|move: Protect\n|\n|upkeep\n|turn|11\n|\n|t:|1683739074\n|move|p2a: Kingambit|Sucker Punch|p1b: Iron Hands\n|-resisted|p1b: Iron Hands\n|-damage|p1b: Iron Hands|6\/100\n|move|p2b: Baxcalibur|Glaive Rush|p1b: Iron Hands\n|-damage|p1b: Iron Hands|0 fnt\n|-singlemove|p2b: Baxcalibur|Glaive Rush|[silent]\n|faint|p1b: Iron Hands\n|-end|p1b: Iron Hands|Quark Drive|[silent]\n|\n|win|TempYard\n|raw|Dragonite8723's rating: 1132 → 1107<\/strong> (-25 for losing)\n|raw|TempYard's rating: 1129 → 1154<\/strong> (+25 for winning)\n","uploadtime":1683739084,"views":4,"p1id":"dragonite8723","p2id":"tempyard","formatid":"gen9vgc2023regulationc","rating":1107,"private":0,"password":""}