{"id":"gen9vgc2023regulationc-1852282268","p1":"Rosely","p2":"geekaleek","format":"[Gen 9] VGC 2023 Regulation C","log":"|j|\u203dRosely\n|j|\u2606geekaleek\n|t:|1682539795\n|gametype|doubles\n|player|p1|Rosely|265|1318\n|player|p2|geekaleek|2|1422\n|teamsize|p1|6\n|teamsize|p2|6\n|gen|9\n|tier|[Gen 9] VGC 2023 Regulation C\n|rated|\n|rule|Species Clause: Limit one of each Pok\u00e9mon\n|rule|Item Clause: Limit one of each item\n|clearpoke\n|poke|p1|Dondozo, L50, F|\n|poke|p1|Tatsugiri-Droopy, L50, F|\n|poke|p1|Pelipper, L50, F|\n|poke|p1|Drednaw, L50, M|\n|poke|p1|Chien-Pao, L50|\n|poke|p1|Dragonite, L50, M|\n|poke|p2|Dondozo, L50, M|\n|poke|p2|Tatsugiri, L50, M|\n|poke|p2|Pelipper, L50, M|\n|poke|p2|Drednaw, L50, F|\n|poke|p2|Dragonite, L50, F|\n|poke|p2|Chien-Pao, L50|\n|teampreview|4\n|\n|t:|1682539819\n|start\n|switch|p1a: Pelipper|Pelipper, L50, F|100\/100\n|switch|p1b: Drednaw|Drednaw, L50, M|100\/100\n|switch|p2a: Dragonite|Dragonite, L50, F|100\/100\n|switch|p2b: Drednaw|Drednaw, L50, F|100\/100\n|-weather|RainDance|[from] ability: Drizzle|[of] p1a: Pelipper\n|turn|1\n|c|\u2606geekaleek|hello fellow cybertron viewer\n|\n|t:|1682539900\n|-terastallize|p2b: Drednaw|Grass\n|-terastallize|p1a: Pelipper|Steel\n|move|p1b: Drednaw|Rock Slide|p2b: Drednaw|[spread] p2a,p2b\n|-supereffective|p2a: Dragonite\n|-damage|p2a: Dragonite|20\/100\n|-damage|p2b: Drednaw|53\/100\n|move|p2b: Drednaw|Tera Blast|p1b: Drednaw\n|-supereffective|p1b: Drednaw\n|-damage|p1b: Drednaw|0 fnt\n|faint|p1b: Drednaw\n|move|p1a: Pelipper|Tailwind|p1a: Pelipper\n|-sidestart|p1: Rosely|move: Tailwind\n|move|p2a: Dragonite|Thunder Punch|p1a: Pelipper\n|-damage|p1a: Pelipper|65\/100\n|\n|-weather|RainDance|[upkeep]\n|upkeep\n|\n|t:|1682539917\n|switch|p1b: Dragonite|Dragonite, L50, M|100\/100\n|turn|2\n|\n|t:|1682539942\n|switch|p2b: Tatsugiri|Tatsugiri, L50, M, shiny|100\/100\n|switch|p2a: Dondozo|Dondozo, L50, M|100\/100\n|-activate|p2b: Tatsugiri|ability: Commander|[of] p2a: Dondozo\n|-boost|p2a: Dondozo|atk|2\n|-boost|p2a: Dondozo|spa|2\n|-boost|p2a: Dondozo|spe|2\n|-boost|p2a: Dondozo|def|2\n|-boost|p2a: Dondozo|spd|2\n|move|p1a: Pelipper|Hurricane|p2b: Tatsugiri|[miss]\n|-miss|p1a: Pelipper|p2b: Tatsugiri\n|move|p1b: Dragonite|Ice Spinner|p2a: Dondozo\n|-resisted|p2a: Dondozo\n|-crit|p2a: Dondozo\n|-damage|p2a: Dondozo|84\/100\n|\n|-weather|RainDance|[upkeep]\n|upkeep\n|turn|3\n|\n|t:|1682539968\n|move|p1a: Pelipper|Hurricane|p2a: Dondozo\n|-damage|p2a: Dondozo|58\/100\n|move|p1b: Dragonite|Thunder Punch|p2a: Dondozo\n|-supereffective|p2a: Dondozo\n|-damage|p2a: Dondozo|34\/100\n|move|p2a: Dondozo|Surf|p1b: Dragonite|[spread] p1a,p1b\n|-miss|p2a: Dondozo|p2b: Tatsugiri\n|-resisted|p1b: Dragonite\n|-damage|p1a: Pelipper|0 fnt\n|-damage|p1b: Dragonite|60\/100\n|faint|p1a: Pelipper\n|-damage|p2a: Dondozo|24\/100|[from] item: Life Orb\n|\n|-weather|RainDance|[upkeep]\n|upkeep\n|\n|t:|1682539980\n|switch|p1a: Chien-Pao|Chien-Pao, L50|100\/100\n|-ability|p1a: Chien-Pao|Sword of Ruin\n|turn|4\n|\n|t:|1682540017\n|move|p2a: Dondozo|Protect|p2a: Dondozo\n|-singleturn|p2a: Dondozo|Protect\n|move|p1a: Chien-Pao|Sucker Punch||[still]\n|-fail|p1a: Chien-Pao\n|move|p1b: Dragonite|Thunder Punch|p2a: Dondozo\n|-activate|p2a: Dondozo|move: Protect\n|\n|-weather|RainDance|[upkeep]\n|-sideend|p1: Rosely|move: Tailwind\n|upkeep\n|turn|5\n|\n|t:|1682540029\n|move|p1a: Chien-Pao|Sucker Punch|p2a: Dondozo\n|-damage|p2a: Dondozo|5\/100\n|move|p2a: Dondozo|Surf|p1b: Dragonite|[spread] p1a,p1b\n|-miss|p2a: Dondozo|p2b: Tatsugiri\n|-resisted|p1b: Dragonite\n|-enditem|p1a: Chien-Pao|Focus Sash\n|-damage|p1a: Chien-Pao|1\/100\n|-damage|p1b: Dragonite|19\/100\n|-damage|p2a: Dondozo|0 fnt|[from] item: Life Orb\n|faint|p2a: Dondozo\n|move|p1b: Dragonite|Thunder Punch|p2b: Tatsugiri\n|-damage|p2b: Tatsugiri|29\/100\n|\n|-weather|RainDance|[upkeep]\n|upkeep\n|\n|t:|1682540044\n|switch|p2a: Drednaw|Drednaw, L50, F, tera:Grass|53\/100\n|turn|6\n|\n|t:|1682540062\n|move|p1b: Dragonite|Extreme Speed|p2b: Tatsugiri\n|-damage|p2b: Tatsugiri|0 fnt\n|faint|p2b: Tatsugiri\n|move|p1a: Chien-Pao|Sucker Punch|p2a: Drednaw\n|-damage|p2a: Drednaw|0 fnt\n|faint|p2a: Drednaw\n|\n|-weather|RainDance|[upkeep]\n|upkeep\n|\n|t:|1682540095\n|switch|p2b: Dragonite|Dragonite, L50, F|20\/100\n|turn|7\n|\n|t:|1682540102\n|move|p2b: Dragonite|Extreme Speed|p1a: Chien-Pao\n|-damage|p1a: Chien-Pao|0 fnt\n|faint|p1a: Chien-Pao\n|move|p1b: Dragonite|Ice Spinner|p2b: Dragonite\n|-supereffective|p2b: Dragonite\n|-crit|p2b: Dragonite\n|-damage|p2b: Dragonite|0 fnt\n|faint|p2b: Dragonite\n|\n|win|Rosely\n|raw|Rosely's rating: 1318 → 1344<\/strong> (+26 for winning)\n|raw|geekaleek's rating: 1422 → 1396<\/strong> (-26 for losing)\n|l|\u2606geekaleek\n","uploadtime":1682540120,"views":13,"p1id":"rosely","p2id":"geekaleek","formatid":"gen9vgc2023regulationc","rating":1344,"private":0,"password":""}