{"id":"gen9vgc2023regulationc-1851615180","p1":"ticomole","p2":"Nincesk","format":"[Gen 9] VGC 2023 Regulation C","log":"|j|\u2606ticomole\n|j|\u2606Nincesk\n|t:|1682461489\n|gametype|doubles\n|player|p1|ticomole|giovanni|1105\n|player|p2|Nincesk|preschooler|1111\n|teamsize|p1|6\n|teamsize|p2|6\n|gen|9\n|tier|[Gen 9] VGC 2023 Regulation C\n|rated|\n|rule|Species Clause: Limit one of each Pok\u00e9mon\n|rule|Item Clause: Limit one of each item\n|clearpoke\n|poke|p1|Lycanroc, L50, F|\n|poke|p1|Tyranitar, L50, F|\n|poke|p1|Flutter Mane, L50|\n|poke|p1|Chi-Yu, L50|\n|poke|p1|Ting-Lu, L50|\n|poke|p1|Amoonguss, L50, M|\n|poke|p2|Meowscarada, L50, F|\n|poke|p2|Crabominable, L50, M|\n|poke|p2|Amoonguss, L50, M|\n|poke|p2|Tatsugiri, L50, F|\n|poke|p2|Dondozo, L50, M|\n|poke|p2|Baxcalibur, L50, M|\n|teampreview|4\n|inactive|Battle timer is ON: inactive players will automatically lose when time's up. (requested by Nincesk)\nNincesk rejected open team sheets.\n|\n|t:|1682461523\n|start\n|switch|p1a: Amoonguss|Amoonguss, L50, M|100\/100\n|switch|p1b: Flutter Mane|Flutter Mane, L50|100\/100\n|switch|p2a: Meow the Scarada|Meowscarada, L50, F|100\/100\n|switch|p2b: Billy|Crabominable, L50, M, shiny|100\/100\n|turn|1\n|inactive|ticomole has 30 seconds left.\n|\n|t:|1682461554\n|-terastallize|p2b: Billy|Fire\n|move|p1b: Flutter Mane|Mystical Fire|p2a: Meow the Scarada\n|-supereffective|p2a: Meow the Scarada\n|-damage|p2a: Meow the Scarada|9\/100\n|-unboost|p2a: Meow the Scarada|spa|1\n|move|p2a: Meow the Scarada|Flower Trick|p2b: Billy\n|-start|p2a: Meow the Scarada|typechange|Grass|[from] ability: Protean\n|-resisted|p2b: Billy\n|-crit|p2b: Billy\n|-damage|p2b: Billy|82\/100\n|-setboost|p2b: Billy|atk|6|[from] ability: Anger Point\n|move|p2b: Billy|Earthquake|p1b: Flutter Mane|[spread] p2a,p1a,p1b\n|-resisted|p2a: Meow the Scarada\n|-damage|p2a: Meow the Scarada|0 fnt\n|-damage|p1a: Amoonguss|0 fnt\n|-damage|p1b: Flutter Mane|0 fnt\n|faint|p2a: Meow the Scarada\n|faint|p1a: Amoonguss\n|faint|p1b: Flutter Mane\n|-end|p1b: Flutter Mane|Protosynthesis|[silent]\n|\n|upkeep\n|\n|t:|1682461578\n|switch|p1b: Ting-Lu|Ting-Lu, L50|100\/100\n|switch|p2a: Zillagod|Baxcalibur, L50, M|100\/100\n|switch|p1a: Chi-Yu|Chi-Yu, L50|100\/100\n|-ability|p1a: Chi-Yu|Beads of Ruin\n|-ability|p1b: Ting-Lu|Vessel of Ruin\n|turn|2\n|inactive|ticomole has 30 seconds left.\n|inactive|Nincesk has 30 seconds left.\n|\n|t:|1682461609\n|move|p1a: Chi-Yu|Heat Wave|p2a: Zillagod|[spread] p2a,p2b\n|-resisted|p2b: Billy\n|-damage|p2a: Zillagod|61\/100\n|-damage|p2b: Billy|55\/100\n|-ability|p2a: Zillagod|Thermal Exchange|boost\n|-boost|p2a: Zillagod|atk|1\n|move|p2a: Zillagod|Glaive Rush|p1a: Chi-Yu\n|-damage|p1a: Chi-Yu|0 fnt\n|-singlemove|p2a: Zillagod|Glaive Rush|[silent]\n|faint|p1a: Chi-Yu\n|move|p1b: Ting-Lu|Stomping Tantrum|p2b: Billy\n|-supereffective|p2b: Billy\n|-damage|p2b: Billy|0 fnt\n|faint|p2b: Billy\n|\n|upkeep\n|\n|t:|1682461622\n|switch|p2b: Leader|Amoonguss, L50, M|100\/100\n|turn|3\n|\n|t:|1682461633\n|-terastallize|p1b: Ting-Lu|Poison\n|move|p2a: Zillagod|Glaive Rush|p1b: Ting-Lu\n|-damage|p1b: Ting-Lu|38\/100\n|-singlemove|p2a: Zillagod|Glaive Rush|[silent]\n|move|p1b: Ting-Lu|Heavy Slam|p2a: Zillagod\n|-supereffective|p2a: Zillagod\n|-damage|p2a: Zillagod|0 fnt\n|faint|p2a: Zillagod\n|move|p2b: Leader|Spore|p1b: Ting-Lu\n|-status|p1b: Ting-Lu|slp|[from] move: Spore\n|\n|upkeep\n|turn|4\n|\n|t:|1682461647\n|cant|p1b: Ting-Lu|slp\n|move|p2b: Leader|Pollen Puff|p1b: Ting-Lu\n|-resisted|p1b: Ting-Lu\n|-damage|p1b: Ting-Lu|33\/100 slp\n|\n|upkeep\n|turn|5\n|\n|t:|1682461657\n|cant|p1b: Ting-Lu|slp\n|move|p2b: Leader|Pollen Puff|p1b: Ting-Lu\n|-resisted|p1b: Ting-Lu\n|-damage|p1b: Ting-Lu|30\/100 slp\n|\n|upkeep\n|turn|6\n|\n|t:|1682461673\n|cant|p1b: Ting-Lu|slp\n|move|p2b: Leader|Pollen Puff|p1b: Ting-Lu\n|-resisted|p1b: Ting-Lu\n|-damage|p1b: Ting-Lu|25\/100 slp\n|\n|upkeep\n|turn|7\n|\n|t:|1682461682\n|-curestatus|p1b: Ting-Lu|slp|[msg]\n|move|p1b: Ting-Lu|Fissure|p2b: Leader|[miss]\n|-miss|p1b: Ting-Lu|p2b: Leader\n|move|p2b: Leader|Spore|p1b: Ting-Lu\n|-status|p1b: Ting-Lu|slp|[from] move: Spore\n|\n|upkeep\n|turn|8\n|\n|t:|1682461691\n|cant|p1b: Ting-Lu|slp\n|move|p2b: Leader|Pollen Puff|p1b: Ting-Lu\n|-resisted|p1b: Ting-Lu\n|-damage|p1b: Ting-Lu|21\/100 slp\n|\n|upkeep\n|turn|9\n|\n|t:|1682461699\n|cant|p1b: Ting-Lu|slp\n|move|p2b: Leader|Pollen Puff|p1b: Ting-Lu\n|-resisted|p1b: Ting-Lu\n|-damage|p1b: Ting-Lu|17\/100 slp\n|\n|upkeep\n|turn|10\n|\n|t:|1682461708\n|-curestatus|p1b: Ting-Lu|slp|[msg]\n|move|p1b: Ting-Lu|Fissure|p2b: Leader|[miss]\n|-miss|p1b: Ting-Lu|p2b: Leader\n|move|p2b: Leader|Pollen Puff|p1b: Ting-Lu\n|-resisted|p1b: Ting-Lu\n|-damage|p1b: Ting-Lu|13\/100\n|\n|upkeep\n|turn|11\n|\n|t:|1682461718\n|move|p2b: Leader|Protect|p2b: Leader\n|-singleturn|p2b: Leader|Protect\n|move|p1b: Ting-Lu|Stomping Tantrum|p2b: Leader\n|-activate|p2b: Leader|move: Protect\n|\n|upkeep\n|turn|12\n|\n|t:|1682461725\n|move|p1b: Ting-Lu|Heavy Slam|p2b: Leader\n|-damage|p2b: Leader|60\/100\n|move|p2b: Leader|Spore|p1b: Ting-Lu\n|-status|p1b: Ting-Lu|slp|[from] move: Spore\n|\n|-heal|p2b: Leader|66\/100|[from] item: Leftovers\n|upkeep\n|turn|13\n|\n|t:|1682461734\n|cant|p1b: Ting-Lu|slp\n|move|p2b: Leader|Pollen Puff|p1b: Ting-Lu\n|-resisted|p1b: Ting-Lu\n|-damage|p1b: Ting-Lu|9\/100 slp\n|\n|-heal|p2b: Leader|72\/100|[from] item: Leftovers\n|upkeep\n|turn|14\n|\n|t:|1682461745\n|-curestatus|p1b: Ting-Lu|slp|[msg]\n|move|p1b: Ting-Lu|Fissure|p2b: Leader|[miss]\n|-miss|p1b: Ting-Lu|p2b: Leader\n|move|p2b: Leader|Pollen Puff|p1b: Ting-Lu\n|-resisted|p1b: Ting-Lu\n|-damage|p1b: Ting-Lu|4\/100\n|\n|-heal|p2b: Leader|79\/100|[from] item: Leftovers\n|upkeep\n|turn|15\n|\n|t:|1682461757\n|move|p2b: Leader|Protect|p2b: Leader\n|-singleturn|p2b: Leader|Protect\n|move|p1b: Ting-Lu|Stomping Tantrum|p2b: Leader\n|-activate|p2b: Leader|move: Protect\n|\n|-heal|p2b: Leader|85\/100|[from] item: Leftovers\n|upkeep\n|turn|16\n|\n|t:|1682461766\n|move|p1b: Ting-Lu|Fissure|p2b: Leader|[miss]\n|-miss|p1b: Ting-Lu|p2b: Leader\n|move|p2b: Leader|Pollen Puff|p1b: Ting-Lu\n|-resisted|p1b: Ting-Lu\n|-damage|p1b: Ting-Lu|0 fnt\n|faint|p1b: Ting-Lu\n|\n|win|Nincesk\n|raw|ticomole's rating: 1105 → 1080<\/strong> (-25 for losing)\n|raw|Nincesk's rating: 1111 → 1136<\/strong> (+25 for winning)\n|l|\u2606ticomole\n|c|\u2606Nincesk|That was very close\n","uploadtime":1682461777,"views":16,"p1id":"ticomole","p2id":"nincesk","formatid":"gen9vgc2023regulationc","rating":1080,"private":0,"password":""}