{"id":"gen9vgc2023regulationc-1862109446","p1":"Piccolo Ruiz","p2":"fmzs","format":"[Gen 9] VGC 2023 Regulation C","log":"|j|\u2606Piccolo Ruiz\n|j|\u2606fmzs\n|t:|1683837920\n|gametype|doubles\n|player|p1|Piccolo Ruiz|valerie|1347\n|player|p2|fmzs|pokemonbreeder-gen4|1339\n|teamsize|p1|6\n|teamsize|p2|6\n|gen|9\n|tier|[Gen 9] VGC 2023 Regulation C\n|rated|\n|rule|Species Clause: Limit one of each Pok\u00e9mon\n|rule|Item Clause: Limit one of each item\n|clearpoke\n|poke|p1|Flutter Mane, L50|\n|poke|p1|Amoonguss, L50, F|\n|poke|p1|Gyarados, L50, F|\n|poke|p1|Chi-Yu, L50|\n|poke|p1|Ting-Lu, L50|\n|poke|p1|Baxcalibur, L50, F|\n|poke|p2|Zangoose, L50, F|\n|poke|p2|Murkrow, L50, M|\n|poke|p2|Iron Treads, L50|\n|poke|p2|Flutter Mane, L50|\n|poke|p2|Chi-Yu, L50|\n|poke|p2|Orthworm, L50, M|\n|teampreview|4\n|inactive|Battle timer is ON: inactive players will automatically lose when time's up. (requested by Piccolo Ruiz)\n|inactive|Piccolo Ruiz has 60 seconds left.\n|\n|t:|1683837964\n|start\n|switch|p1a: Bianca|Gyarados, L50, F, shiny|100\/100\n|switch|p1b: Ting-Lu|Ting-Lu, L50|100\/100\n|switch|p2a: Murkrow|Murkrow, L50, M|100\/100\n|switch|p2b: Orthworm|Orthworm, L50, M|100\/100\n|-ability|p1a: Bianca|Intimidate|boost\n|-unboost|p2a: Murkrow|atk|1\n|-unboost|p2b: Orthworm|atk|1\n|-ability|p1b: Ting-Lu|Vessel of Ruin\n|turn|1\n|\n|t:|1683837985\n|move|p2a: Murkrow|Sunny Day|p2a: Murkrow\n|-weather|SunnyDay\n|move|p1a: Bianca|Taunt|p2b: Orthworm\n|-start|p2b: Orthworm|move: Taunt\n|cant|p2b: Orthworm|move: Taunt|Shed Tail\n|move|p1b: Ting-Lu|Ruination|p2b: Orthworm\n|-damage|p2b: Orthworm|51\/100\n|\n|-weather|SunnyDay|[upkeep]\n|upkeep\n|turn|2\n|inactive|Piccolo Ruiz has 30 seconds left.\n|inactive|fmzs has 30 seconds left.\n|\n|t:|1683838017\n|switch|p2b: Chi-Yu|Chi-Yu, L50|100\/100\n|-ability|p2b: Chi-Yu|Beads of Ruin\n|move|p2a: Murkrow|Tailwind|p2a: Murkrow\n|-sidestart|p2: fmzs|move: Tailwind\n|move|p1a: Bianca|Thunder Wave|p2a: Murkrow|[miss]\n|-miss|p1a: Bianca|p2a: Murkrow\n|move|p1b: Ting-Lu|Rock Tomb|p2a: Murkrow\n|-supereffective|p2a: Murkrow\n|-damage|p2a: Murkrow|60\/100\n|-unboost|p2a: Murkrow|spe|1\n|\n|-weather|SunnyDay|[upkeep]\n|upkeep\n|turn|3\n|\n|t:|1683838034\n|-terastallize|p2b: Chi-Yu|Fire\n|move|p2b: Chi-Yu|Heat Wave|p1a: Bianca|[spread] p1a,p1b\n|-resisted|p1a: Bianca\n|-damage|p1a: Bianca|72\/100\n|-damage|p1b: Ting-Lu|60\/100\n|move|p2a: Murkrow|Foul Play|p1a: Bianca\n|-damage|p1a: Bianca|37\/100\n|move|p1a: Bianca|Thunder Wave|p2b: Chi-Yu|[miss]\n|-miss|p1a: Bianca|p2b: Chi-Yu\n|move|p1b: Ting-Lu|Rock Tomb|p2b: Chi-Yu\n|-supereffective|p2b: Chi-Yu\n|-damage|p2b: Chi-Yu|42\/100\n|-unboost|p2b: Chi-Yu|spe|1\n|\n|-weather|SunnyDay|[upkeep]\n|upkeep\n|turn|4\n|\n|t:|1683838057\n|move|p1a: Bianca|Protect|p1a: Bianca\n|-singleturn|p1a: Bianca|Protect\n|move|p2a: Murkrow|Haze|p2a: Murkrow\n|-clearallboost\n|move|p2b: Chi-Yu|Heat Wave|p1b: Ting-Lu|[spread] p1b\n|-activate|p1a: Bianca|move: Protect\n|-damage|p1b: Ting-Lu|20\/100\n|move|p1b: Ting-Lu|Stomping Tantrum|p2b: Chi-Yu\n|-supereffective|p2b: Chi-Yu\n|-damage|p2b: Chi-Yu|0 fnt\n|faint|p2b: Chi-Yu\n|\n|-weather|SunnyDay|[upkeep]\n|upkeep\n|\n|t:|1683838078\n|switch|p2b: Flutter Mane|Flutter Mane, L50|100\/100\n|-activate|p2b: Flutter Mane|ability: Protosynthesis\n|-start|p2b: Flutter Mane|protosynthesisspe\n|turn|5\n|\n|t:|1683838092\n|move|p2b: Flutter Mane|Dazzling Gleam|p1b: Ting-Lu|[spread] p1a,p1b\n|-supereffective|p1b: Ting-Lu\n|-damage|p1a: Bianca|19\/100\n|-damage|p1b: Ting-Lu|0 fnt\n|-enditem|p1a: Bianca|Aguav Berry|[eat]\n|-heal|p1a: Bianca|52\/100|[from] item: Aguav Berry\n|faint|p1b: Ting-Lu\n|move|p2a: Murkrow|Foul Play|p1a: Bianca\n|-damage|p1a: Bianca|14\/100\n|move|p1a: Bianca|Thunder Wave|p2b: Flutter Mane\n|-status|p2b: Flutter Mane|par\n|\n|-weather|none\n|-end|p2b: Flutter Mane|Protosynthesis\n|-sideend|p2: fmzs|move: Tailwind\n|upkeep\n|\n|t:|1683838107\n|switch|p1b: Katya|Baxcalibur, L50, F, shiny|100\/100\n|turn|6\n|\n|t:|1683838115\n|-terastallize|p1b: Katya|Poison\n|move|p2a: Murkrow|Tailwind|p2a: Murkrow\n|-sidestart|p2: fmzs|move: Tailwind\n|move|p2b: Flutter Mane|Dazzling Gleam|p1b: Katya|[spread] p1a,p1b\n|-resisted|p1b: Katya\n|-damage|p1a: Bianca|0 fnt\n|-damage|p1b: Katya|87\/100\n|faint|p1a: Bianca\n|move|p1b: Katya|Icicle Crash|p2b: Flutter Mane\n|-damage|p2b: Flutter Mane|1\/100 par\n|\n|upkeep\n|\n|t:|1683838125\n|switch|p1a: Mo Heart|Chi-Yu, L50|100\/100\n|-ability|p1a: Mo Heart|Beads of Ruin\n|turn|7\n|\n|t:|1683838133\n|move|p1b: Katya|Ice Shard|p2b: Flutter Mane\n|-damage|p2b: Flutter Mane|0 fnt\n|faint|p2b: Flutter Mane\n|-end|p2b: Flutter Mane|Protosynthesis|[silent]\n|move|p2a: Murkrow|Foul Play|p1b: Katya\n|-damage|p1b: Katya|39\/100\n|move|p1a: Mo Heart|Flamethrower|p2a: Murkrow\n|-damage|p2a: Murkrow|2\/100\n|\n|upkeep\n|\n|t:|1683838136\n|switch|p2b: Orthworm|Orthworm, L50, M|51\/100\n|turn|8\n|\n|t:|1683838151\n|move|p1b: Katya|Ice Shard|p2a: Murkrow\n|-supereffective|p2a: Murkrow\n|-damage|p2a: Murkrow|0 fnt\n|faint|p2a: Murkrow\n|move|p2b: Orthworm|Body Press|p1a: Mo Heart\n|-supereffective|p1a: Mo Heart\n|-crit|p1a: Mo Heart\n|-damage|p1a: Mo Heart|0 fnt\n|faint|p1a: Mo Heart\n|\n|upkeep\n|turn|9\n|\n|t:|1683838174\n|move|p2b: Orthworm|Iron Defense|p2b: Orthworm\n|-boost|p2b: Orthworm|def|2\n|move|p1b: Katya|Glaive Rush|p2b: Orthworm\n|-resisted|p2b: Orthworm\n|-damage|p2b: Orthworm|38\/100\n|-singlemove|p1b: Katya|Glaive Rush|[silent]\n|-enditem|p2b: Orthworm|Sitrus Berry|[eat]\n|-heal|p2b: Orthworm|63\/100|[from] item: Sitrus Berry\n|\n|-sideend|p2: fmzs|move: Tailwind\n|upkeep\n|turn|10\n|\n|t:|1683838192\n|move|p1b: Katya|Icicle Crash|p2b: Orthworm\n|-resisted|p2b: Orthworm\n|-damage|p2b: Orthworm|55\/100\n|cant|p2b: Orthworm|flinch\n|\n|upkeep\n|turn|11\n|\n|t:|1683838197\n|move|p1b: Katya|Icicle Crash|p2b: Orthworm\n|-resisted|p2b: Orthworm\n|-damage|p2b: Orthworm|46\/100\n|move|p2b: Orthworm|Body Press|p1b: Katya\n|-resisted|p1b: Katya\n|-damage|p1b: Katya|19\/100\n|\n|upkeep\n|turn|12\n|\n|t:|1683838206\n|move|p1b: Katya|Icicle Crash|p2b: Orthworm\n|-resisted|p2b: Orthworm\n|-damage|p2b: Orthworm|37\/100\n|move|p2b: Orthworm|Body Press|p1b: Katya\n|-resisted|p1b: Katya\n|-damage|p1b: Katya|0 fnt\n|faint|p1b: Katya\n|\n|win|fmzs\n|raw|Piccolo Ruiz's rating: 1347 → 1327<\/strong> (-20 for losing)\n|raw|fmzs's rating: 1339 → 1359<\/strong> (+20 for winning)\n|l|\u2606fmzs\n","uploadtime":1683838216,"views":8,"p1id":"piccoloruiz","p2id":"fmzs","formatid":"gen9vgc2023regulationc","rating":1327,"private":0,"password":""}