{"id":"gen9vgc2023regulationc-1863876869","p1":"Clementine23","p2":"Yeetawheat","format":"[Gen 9] VGC 2023 Regulation C","log":"|j|\u2606Clementine23\n|j|\u2606Yeetawheat\n|t:|1684088378\n|gametype|doubles\n|player|p1|Clementine23|richboy|\n|player|p2|Yeetawheat|2|\n|teamsize|p1|6\n|teamsize|p2|6\n|gen|9\n|tier|[Gen 9] VGC 2023 Regulation C\n|rule|Species Clause: Limit one of each Pok\u00e9mon\n|rule|Item Clause: Limit one of each item\n|clearpoke\n|poke|p1|Iron Hands, L50|\n|poke|p1|Chien-Pao, L50|\n|poke|p1|Palafin, L50, F|\n|poke|p1|Talonflame, L50, M|\n|poke|p1|Great Tusk, L50|\n|poke|p1|Gholdengo, L50|\n|poke|p2|Scizor, L50, F|\n|poke|p2|Tauros-Paldea-Aqua, L50, M|\n|poke|p2|Rotom-Heat, L50|\n|poke|p2|Flutter Mane, L50|\n|poke|p2|Ting-Lu, L50|\n|poke|p2|Amoonguss, L50, F|\n|teampreview|4\nYeetawheat has agreed to open team sheets.\n|c|\u2606Yeetawheat|glhf\nClementine23 has agreed to open team sheets.\n|c|\u2606Clementine23|glhf\n|\n|t:|1684088406\n|start\n|switch|p1a: Chien-Pao|Chien-Pao, L50|100\/100\n|switch|p1b: Palafin|Palafin, L50, F|100\/100\n|switch|p2a: Tauros|Tauros-Paldea-Aqua, L50, M|100\/100\n|switch|p2b: Rotom|Rotom-Heat, L50|100\/100\n|-ability|p1a: Chien-Pao|Sword of Ruin\n|-ability|p2a: Tauros|Intimidate|boost\n|-fail|p1a: Chien-Pao|unboost|[from] item: Clear Amulet|[of] p1a: Chien-Pao\n|-unboost|p1b: Palafin|atk|1\n|turn|1\n|inactive|Battle timer is ON: inactive players will automatically lose when time's up. (requested by Clementine23)\n|\n|t:|1684088418\n|detailschange|p1b: Palafin|Palafin-Hero, L50, F\n|switch|p1b: Iron Hands|Iron Hands, L50|100\/100\n|-terastallize|p2b: Rotom|Electric\n|move|p1a: Chien-Pao|Protect|p1a: Chien-Pao\n|-singleturn|p1a: Chien-Pao|Protect\n|move|p2a: Tauros|Close Combat|p1a: Chien-Pao\n|-activate|p1a: Chien-Pao|move: Protect\n|move|p2b: Rotom|Thunderbolt|p1b: Iron Hands\n|-resisted|p1b: Iron Hands\n|-damage|p1b: Iron Hands|85\/100\n|\n|upkeep\n|turn|2\n|inactive|Yeetawheat has 30 seconds left.\n|\n|t:|1684088447\n|move|p1a: Chien-Pao|Ice Spinner|p2b: Rotom\n|-damage|p2b: Rotom|44\/100\n|-enditem|p2b: Rotom|Sitrus Berry|[eat]\n|-heal|p2b: Rotom|69\/100|[from] item: Sitrus Berry\n|move|p2a: Tauros|Close Combat|p1a: Chien-Pao\n|-supereffective|p1a: Chien-Pao\n|-damage|p1a: Chien-Pao|0 fnt\n|-unboost|p2a: Tauros|def|1\n|-unboost|p2a: Tauros|spd|1\n|faint|p1a: Chien-Pao\n|move|p2b: Rotom|Thunderbolt|p1b: Iron Hands\n|-resisted|p1b: Iron Hands\n|-damage|p1b: Iron Hands|69\/100\n|move|p1b: Iron Hands|Thunder Punch|p2a: Tauros\n|-supereffective|p2a: Tauros\n|-damage|p2a: Tauros|0 fnt\n|faint|p2a: Tauros\n|\n|upkeep\n|\n|t:|1684088464\n|switch|p1a: Palafin|Palafin-Hero, L50, F|100\/100\n|switch|p2a: Flutter Mane|Flutter Mane, L50|100\/100\n|-activate|p1a: Palafin|ability: Zero to Hero\n|-enditem|p2a: Flutter Mane|Booster Energy\n|-activate|p2a: Flutter Mane|ability: Protosynthesis|[fromitem]\n|-start|p2a: Flutter Mane|protosynthesisspe\n|turn|3\n|inactive|Clementine23 has 30 seconds left.\n|inactive|Yeetawheat has 30 seconds left.\n|\n|t:|1684088494\n|-terastallize|p1a: Palafin|Water\n|move|p2b: Rotom|Protect|p2b: Rotom\n|-singleturn|p2b: Rotom|Protect\n|move|p1a: Palafin|Jet Punch|p2b: Rotom\n|-activate|p2b: Rotom|move: Protect\n|move|p2a: Flutter Mane|Icy Wind|p1b: Iron Hands|[spread] p1a,p1b\n|-resisted|p1a: Palafin\n|-damage|p1a: Palafin|93\/100\n|-damage|p1b: Iron Hands|62\/100\n|-unboost|p1a: Palafin|spe|1\n|-unboost|p1b: Iron Hands|spe|1\n|move|p1b: Iron Hands|Thunder Punch|p2a: Flutter Mane\n|-damage|p2a: Flutter Mane|12\/100\n|\n|upkeep\n|turn|4\n|\n|t:|1684088511\n|move|p1a: Palafin|Jet Punch|p2b: Rotom\n|-damage|p2b: Rotom|1\/100\n|move|p2a: Flutter Mane|Moonblast|p1b: Iron Hands\n|-supereffective|p1b: Iron Hands\n|-damage|p1b: Iron Hands|14\/100\n|-unboost|p1b: Iron Hands|spa|1\n|move|p2b: Rotom|Thunderbolt|p1a: Palafin\n|-supereffective|p1a: Palafin\n|-damage|p1a: Palafin|0 fnt\n|faint|p1a: Palafin\n|move|p1b: Iron Hands|Thunder Punch|p2a: Flutter Mane\n|-damage|p2a: Flutter Mane|0 fnt\n|faint|p2a: Flutter Mane\n|-end|p2a: Flutter Mane|Protosynthesis|[silent]\n|\n|upkeep\n|\n|t:|1684088522\n|switch|p2a: Scizor|Scizor, L50, F|100\/100\n|switch|p1a: Great Tusk|Great Tusk, L50|100\/100\n|turn|5\n|inactive|Clementine23 has 30 seconds left.\n|inactive|Clementine23 has 20 seconds left.\n|inactive|Clementine23 has 15 seconds left.\n|inactive|Clementine23 has 10 seconds left.\n|\n|t:|1684088570\n|move|p2b: Rotom|Protect|p2b: Rotom\n|-singleturn|p2b: Rotom|Protect\n|move|p1a: Great Tusk|Close Combat|p2b: Rotom\n|-activate|p2b: Rotom|move: Protect\n|move|p2a: Scizor|Pounce|p1a: Great Tusk\n|-resisted|p1a: Great Tusk\n|-damage|p1a: Great Tusk|86\/100\n|-unboost|p1a: Great Tusk|spe|1\n|move|p1b: Iron Hands|Drain Punch|p2a: Scizor\n|-damage|p2a: Scizor|54\/100\n|-heal|p1b: Iron Hands|32\/100|[from] drain|[of] p2a: Scizor\n|\n|upkeep\n|turn|6\n|\n|t:|1684088592\n|move|p2b: Rotom|Overheat|p1b: Iron Hands\n|-damage|p1b: Iron Hands|1\/100\n|-unboost|p2b: Rotom|spa|2\n|move|p1a: Great Tusk|Close Combat|p2b: Rotom\n|-damage|p2b: Rotom|0 fnt\n|-unboost|p1a: Great Tusk|def|1\n|-unboost|p1a: Great Tusk|spd|1\n|faint|p2b: Rotom\n|move|p2a: Scizor|Swords Dance|p2a: Scizor\n|-boost|p2a: Scizor|atk|2\n|move|p1b: Iron Hands|Drain Punch|p2a: Scizor\n|-damage|p2a: Scizor|9\/100\n|-heal|p1b: Iron Hands|18\/100|[from] drain|[of] p2a: Scizor\n|\n|upkeep\n|turn|7\n|c|\u2606Yeetawheat|NOOOO\n|c|\u2606Yeetawheat|gg\n|\n|t:|1684088608\n|move|p2a: Scizor|Bullet Punch|p1b: Iron Hands\n|-resisted|p1b: Iron Hands\n|-damage|p1b: Iron Hands|0 fnt\n|faint|p1b: Iron Hands\n|-end|p1b: Iron Hands|Quark Drive|[silent]\n|move|p1a: Great Tusk|Headlong Rush|p2a: Scizor\n|-damage|p2a: Scizor|0 fnt\n|-unboost|p1a: Great Tusk|def|1\n|-unboost|p1a: Great Tusk|spd|1\n|faint|p2a: Scizor\n|\n|win|Clementine23\n|c|\u2606Clementine23|gg\n|l|\u2606Clementine23\n","uploadtime":1684088653,"views":8,"p1id":"clementine23","p2id":"yeetawheat","formatid":"gen9vgc2023regulationc","rating":0,"private":0,"password":""}