{"id":"gen9vgc2023regulationc-1856116205","p1":"Trullisimo","p2":"DARIUS I.B.","format":"[Gen 9] VGC 2023 Regulation C","log":"|j|\u2606Trullisimo\n|j|\u2606DARIUS I.B.\n|t:|1683031888\n|gametype|doubles\n|player|p1|Trullisimo|265|1399\n|player|p2|DARIUS I.B.|101|1425\n|teamsize|p1|6\n|teamsize|p2|6\n|gen|9\n|tier|[Gen 9] VGC 2023 Regulation C\n|rated|\n|rule|Species Clause: Limit one of each Pok\u00e9mon\n|rule|Item Clause: Limit one of each item\n|clearpoke\n|poke|p1|Glimmora, L50, M|\n|poke|p1|Dragonite, L50, M|\n|poke|p1|Dondozo, L50, M|\n|poke|p1|Tatsugiri, L50, F|\n|poke|p1|Chi-Yu, L50|\n|poke|p1|Iron Bundle, L50|\n|poke|p2|Iron Hands, L50|\n|poke|p2|Gyarados, L50, M|\n|poke|p2|Chi-Yu, L50|\n|poke|p2|Corviknight, L50, F|\n|poke|p2|Flutter Mane, L50|\n|poke|p2|Amoonguss, L50, F|\n|teampreview|4\nTrullisimo has agreed to open team sheets.\n|inactive|Battle timer is ON: inactive players will automatically lose when time's up. (requested by Trullisimo)\n|\n|t:|1683031984\n|start\n|switch|p1a: Dondozo|Dondozo, L50, M|100\/100\n|switch|p1b: Glimmora|Glimmora, L50, M, shiny|100\/100\n|switch|p2a: Iron Hands|Iron Hands, L50|100\/100\n|switch|p2b: Flutter Mane|Flutter Mane, L50|100\/100\n|turn|1\n|inactive|DARIUS I.B. has 30 seconds left.\n|\n|t:|1683032012\n|move|p1a: Dondozo|Protect|p1a: Dondozo\n|-singleturn|p1a: Dondozo|Protect\n|move|p2b: Flutter Mane|Substitute|p2b: Flutter Mane\n|-start|p2b: Flutter Mane|Substitute\n|-damage|p2b: Flutter Mane|76\/100\n|move|p1b: Glimmora|Mortal Spin|p2b: Flutter Mane|[spread] p2a,p2b\n|-activate|p2b: Flutter Mane|move: Substitute|[damage]\n|-damage|p2a: Iron Hands|98\/100\n|-status|p2a: Iron Hands|psn\n|move|p2a: Iron Hands|Volt Switch|p1a: Dondozo\n|-activate|p1a: Dondozo|move: Protect\n|\n|-damage|p2a: Iron Hands|85\/100 psn|[from] psn\n|upkeep\n|turn|2\n|inactive|Trullisimo has 30 seconds left.\n|inactive|DARIUS I.B. has 30 seconds left.\n|inactive|Trullisimo has 20 seconds left.\n|inactive|Trullisimo has 15 seconds left.\n|\n|t:|1683032055\n|switch|p1b: Tatsugiri|Tatsugiri, L50, F|100\/100\n|-activate|p1b: Tatsugiri|ability: Commander|[of] p1a: Dondozo\n|-boost|p1a: Dondozo|atk|2\n|-boost|p1a: Dondozo|spa|2\n|-boost|p1a: Dondozo|spe|2\n|-boost|p1a: Dondozo|def|2\n|-boost|p1a: Dondozo|spd|2\n|-terastallize|p1a: Dondozo|Grass\n|move|p2b: Flutter Mane|Protect|p2b: Flutter Mane\n|-singleturn|p2b: Flutter Mane|Protect\n|move|p1a: Dondozo|Earthquake|p2b: Flutter Mane|[spread] p2a\n|-miss|p1a: Dondozo|p1b: Tatsugiri\n|-activate|p2b: Flutter Mane|move: Protect\n|-supereffective|p2a: Iron Hands\n|-damage|p2a: Iron Hands|35\/100 psn\n|move|p2a: Iron Hands|Volt Switch|p1a: Dondozo\n|-resisted|p1a: Dondozo\n|-damage|p1a: Dondozo|97\/100\n|\n|t:|1683032075\n|-end|p2a: Iron Hands|Quark Drive|[silent]\n|switch|p2a: Amoonguss|Amoonguss, L50, F|100\/100|[from] Volt Switch\n|\n|-heal|p1a: Dondozo|100\/100|[from] item: Leftovers\n|upkeep\n|turn|3\n|\n|t:|1683032088\n|move|p2b: Flutter Mane|Moonblast|p1a: Dondozo\n|-crit|p1a: Dondozo\n|-damage|p1a: Dondozo|16\/100\n|-damage|p2b: Flutter Mane|66\/100|[from] item: Life Orb\n|move|p1a: Dondozo|Earthquake|p2b: Flutter Mane|[spread] p2a,p2b\n|-miss|p1a: Dondozo|p1b: Tatsugiri\n|-crit|p2b: Flutter Mane\n|-end|p2b: Flutter Mane|Substitute\n|-damage|p2a: Amoonguss|65\/100\n|move|p2a: Amoonguss|Clear Smog|p1a: Dondozo\n|-supereffective|p1a: Dondozo\n|-damage|p1a: Dondozo|2\/100\n|-clearboost|p1a: Dondozo\n|\n|-heal|p1a: Dondozo|8\/100|[from] item: Leftovers\n|upkeep\n|turn|4\n|inactive|DARIUS I.B. has 30 seconds left.\n|inactive|DARIUS I.B. has 20 seconds left.\n|inactive|DARIUS I.B. has 15 seconds left.\n|inactive|DARIUS I.B. has 10 seconds left.\n|\n|t:|1683032139\n|move|p2b: Flutter Mane|Moonblast|p1a: Dondozo\n|-damage|p1a: Dondozo|0 fnt\n|faint|p1a: Dondozo\n|-damage|p2b: Flutter Mane|56\/100|[from] item: Life Orb\n|move|p2a: Amoonguss|Spore|p1b: Tatsugiri\n|-status|p1b: Tatsugiri|slp|[from] move: Spore\n|\n|upkeep\n|\n|t:|1683032148\n|switch|p1a: Iron Bundle|Iron Bundle, L50, shiny|100\/100\n|-enditem|p1a: Iron Bundle|Booster Energy\n|-activate|p1a: Iron Bundle|ability: Quark Drive|[fromitem]\n|-start|p1a: Iron Bundle|quarkdrivespe\n|turn|5\n|\n|t:|1683032165\n|switch|p2a: Iron Hands|Iron Hands, L50|35\/100 psn\n|move|p2b: Flutter Mane|Protect|p2b: Flutter Mane\n|-singleturn|p2b: Flutter Mane|Protect\n|move|p1a: Iron Bundle|Freeze-Dry|p2a: Iron Hands\n|-damage|p2a: Iron Hands|15\/100 psn\n|cant|p1b: Tatsugiri|slp\n|move|p1b: Tatsugiri|Sleep Talk|p1b: Tatsugiri\n|move|p1b: Tatsugiri|Draco Meteor|p2a: Iron Hands|[from]move: Sleep Talk|[miss]\n|-miss|p1b: Tatsugiri|p2a: Iron Hands\n|\n|-damage|p2a: Iron Hands|3\/100 psn|[from] psn\n|upkeep\n|turn|6\n|\n|t:|1683032184\n|move|p1a: Iron Bundle|Protect|p1a: Iron Bundle\n|-singleturn|p1a: Iron Bundle|Protect\n|move|p2a: Iron Hands|Fake Out|p1a: Iron Bundle\n|-activate|p1a: Iron Bundle|move: Protect\n|cant|p1b: Tatsugiri|slp\n|move|p1b: Tatsugiri|Sleep Talk|p1b: Tatsugiri\n|move|p1b: Tatsugiri|Icy Wind|p2a: Iron Hands|[from]move: Sleep Talk|[spread] p2a,p2b\n|-damage|p2a: Iron Hands|0 fnt\n|-damage|p2b: Flutter Mane|42\/100\n|-unboost|p2b: Flutter Mane|spe|1\n|faint|p2a: Iron Hands\n|-end|p2a: Iron Hands|Quark Drive|[silent]\n|move|p2b: Flutter Mane|Moonblast|p1b: Tatsugiri\n|-supereffective|p1b: Tatsugiri\n|-damage|p1b: Tatsugiri|0 fnt\n|faint|p1b: Tatsugiri\n|-damage|p2b: Flutter Mane|33\/100|[from] item: Life Orb\n|\n|upkeep\n|\n|t:|1683032206\n|switch|p1b: Glimmora|Glimmora, L50, M, shiny|100\/100\n|switch|p2a: Chi-Yu|Chi-Yu, L50|100\/100\n|-ability|p2a: Chi-Yu|Beads of Ruin\n|turn|7\n|inactive|Trullisimo has 30 seconds left.\n|inactive|DARIUS I.B. has 30 seconds left.\n|\n|t:|1683032240\n|-terastallize|p2a: Chi-Yu|Water\n|move|p1a: Iron Bundle|Icy Wind|p2b: Flutter Mane|[spread] p2a,p2b\n|-resisted|p2a: Chi-Yu\n|-damage|p2a: Chi-Yu|90\/100\n|-damage|p2b: Flutter Mane|2\/100\n|-unboost|p2a: Chi-Yu|spe|1\n|-unboost|p2b: Flutter Mane|spe|1\n|move|p1b: Glimmora|Mortal Spin|p2a: Chi-Yu|[spread] p2a,p2b\n|-damage|p2a: Chi-Yu|84\/100\n|-damage|p2b: Flutter Mane|0 fnt\n|-status|p2a: Chi-Yu|psn\n|faint|p2b: Flutter Mane\n|-end|p2b: Flutter Mane|Protosynthesis|[silent]\n|move|p2a: Chi-Yu|Dark Pulse|p1a: Iron Bundle\n|-crit|p1a: Iron Bundle\n|-damage|p1a: Iron Bundle|0 fnt\n|faint|p1a: Iron Bundle\n|-end|p1a: Iron Bundle|Quark Drive|[silent]\n|\n|-heal|p2a: Chi-Yu|91\/100 psn|[from] item: Leftovers\n|-damage|p2a: Chi-Yu|78\/100 psn|[from] psn\n|upkeep\n|c|\u2606Trullisimo|...\n|\n|t:|1683032260\n|switch|p2b: Amoonguss|Amoonguss, L50, F|98\/100\n|turn|8\n|c|\u2606Trullisimo|I have never seen something like that\n|c|\u2606Trullisimo|That is insane\n|inactive|Trullisimo has 30 seconds left.\n|c|\u2606Trullisimo|Gg\n|-message|Trullisimo forfeited.\n|\n|win|DARIUS I.B.\n|raw|Trullisimo's rating: 1399 → 1380<\/strong> (-19 for losing)\n|raw|DARIUS I.B.'s rating: 1425 → 1444<\/strong> (+19 for winning)\n","uploadtime":1683032318,"views":10,"p1id":"trullisimo","p2id":"dariusib","formatid":"gen9vgc2023regulationc","rating":1380,"private":0,"password":""}