{"id":"gen9vgc2023regulationc-1852657307","p1":"gorilnx","p2":"natureboi45","format":"[Gen 9] VGC 2023 Regulation C","log":"|j|\u2606gorilnx\n|j|\u2606natureboi45\n|t:|1682592255\n|gametype|doubles\n|player|p1|gorilnx|dawn-gen4pt|1106\n|player|p2|natureboi45|170|1073\n|teamsize|p1|6\n|teamsize|p2|4\n|gen|9\n|tier|[Gen 9] VGC 2023 Regulation C\n|rated|\n|rule|Species Clause: Limit one of each Pok\u00e9mon\n|rule|Item Clause: Limit one of each item\n|clearpoke\n|poke|p1|Palafin, L50, M|\n|poke|p1|Amoonguss, L50, F|\n|poke|p1|Flutter Mane, L50|\n|poke|p1|Arcanine, L50, F|\n|poke|p1|Ting-Lu, L50|\n|poke|p1|Baxcalibur, L50, F|\n|poke|p2|Venomoth, L50, M|\n|poke|p2|Amoonguss, L50, M|\n|poke|p2|Grimmsnarl, L50, M|\n|poke|p2|Goodra, L50, M|\n|teampreview|4\n|inactive|Battle timer is ON: inactive players will automatically lose when time's up. (requested by gorilnx)\n|\n|t:|1682592287\n|start\n|switch|p1a: Palafin|Palafin, L50, M|100\/100\n|switch|p1b: Baxcalibur|Baxcalibur, L50, F|100\/100\n|switch|p2a: Grimmsnarl|Grimmsnarl, L50, M|100\/100\n|switch|p2b: Amoonguss|Amoonguss, L50, M|100\/100\n|turn|1\n|\n|t:|1682592311\n|detailschange|p1a: Palafin|Palafin-Hero, L50, M\n|switch|p1a: Amoonguss|Amoonguss, L50, F|100\/100\n|move|p2a: Grimmsnarl|Reflect|p2a: Grimmsnarl\n|-sidestart|p2: natureboi45|Reflect\n|move|p1b: Baxcalibur|Icicle Spear|p2b: Amoonguss\n|-supereffective|p2b: Amoonguss\n|-damage|p2b: Amoonguss|82\/100\n|-supereffective|p2b: Amoonguss\n|-damage|p2b: Amoonguss|62\/100\n|-supereffective|p2b: Amoonguss\n|-damage|p2b: Amoonguss|40\/100\n|-supereffective|p2b: Amoonguss\n|-damage|p2b: Amoonguss|22\/100\n|-hitcount|p2b: Amoonguss|4\n|move|p2b: Amoonguss|Spore|p1b: Baxcalibur\n|-status|p1b: Baxcalibur|slp|[from] move: Spore\n|\n|-heal|p2b: Amoonguss|28\/100|[from] item: Black Sludge\n|upkeep\n|turn|2\n|inactive|natureboi45 has 30 seconds left.\n|inactive|gorilnx has 30 seconds left.\n|\n|t:|1682592343\n|switch|p2b: Goodra|Goodra, L50, M|100\/100\n|cant|p1b: Baxcalibur|slp\n|move|p2a: Grimmsnarl|Spirit Break|p1b: Baxcalibur\n|-supereffective|p1b: Baxcalibur\n|-damage|p1b: Baxcalibur|28\/100 slp\n|-unboost|p1b: Baxcalibur|spa|1\n|move|p1a: Amoonguss|Spore|p2a: Grimmsnarl\n|-status|p2a: Grimmsnarl|slp|[from] move: Spore\n|\n|upkeep\n|turn|3\n|\n|t:|1682592361\n|move|p1a: Amoonguss|Rage Powder|p1a: Amoonguss\n|-singleturn|p1a: Amoonguss|move: Rage Powder\n|cant|p1b: Baxcalibur|slp\n|move|p2b: Goodra|Flamethrower|p1a: Amoonguss\n|-supereffective|p1a: Amoonguss\n|-damage|p1a: Amoonguss|43\/100\n|-status|p1a: Amoonguss|brn\n|-enditem|p1a: Amoonguss|Sitrus Berry|[eat]\n|-heal|p1a: Amoonguss|67\/100 brn|[from] item: Sitrus Berry\n|cant|p2a: Grimmsnarl|slp\n|\n|-damage|p1a: Amoonguss|62\/100 brn|[from] brn\n|upkeep\n|turn|4\n|\n|t:|1682592384\n|switch|p2a: Amoonguss|Amoonguss, L50, M|61\/100\n|move|p1a: Amoonguss|Rage Powder|p1a: Amoonguss\n|-singleturn|p1a: Amoonguss|move: Rage Powder\n|cant|p1b: Baxcalibur|slp\n|move|p2b: Goodra|Flamethrower|p1a: Amoonguss\n|-supereffective|p1a: Amoonguss\n|-damage|p1a: Amoonguss|5\/100 brn\n|\n|-heal|p2a: Amoonguss|67\/100|[from] item: Black Sludge\n|-damage|p1a: Amoonguss|0 fnt|[from] brn\n|faint|p1a: Amoonguss\n|upkeep\n|\n|t:|1682592395\n|switch|p1a: Ting-Lu|Ting-Lu, L50|100\/100\n|-ability|p1a: Ting-Lu|Vessel of Ruin\n|turn|5\n|\n|t:|1682592408\n|-curestatus|p1b: Baxcalibur|slp|[msg]\n|move|p1b: Baxcalibur|Icicle Spear|p2a: Amoonguss\n|-supereffective|p2a: Amoonguss\n|-damage|p2a: Amoonguss|47\/100\n|-supereffective|p2a: Amoonguss\n|-damage|p2a: Amoonguss|27\/100\n|-supereffective|p2a: Amoonguss\n|-damage|p2a: Amoonguss|6\/100\n|-supereffective|p2a: Amoonguss\n|-damage|p2a: Amoonguss|0 fnt\n|faint|p2a: Amoonguss\n|-hitcount|p2: Amoonguss|4\n|move|p2b: Goodra|Draco Meteor|p1b: Baxcalibur\n|-supereffective|p1b: Baxcalibur\n|-damage|p1b: Baxcalibur|0 fnt\n|-unboost|p2b: Goodra|spa|2\n|faint|p1b: Baxcalibur\n|move|p1a: Ting-Lu|Fissure|p2b: Goodra|[miss]\n|-miss|p1a: Ting-Lu|p2b: Goodra\n|\n|upkeep\n|\n|t:|1682592428\n|switch|p1b: Palafin|Palafin-Hero, L50, M|100\/100\n|switch|p2a: Venomoth|Venomoth, L50, M, shiny|100\/100\n|-activate|p1b: Palafin|ability: Zero to Hero\n|turn|6\n|\n|t:|1682592448\n|switch|p2b: Grimmsnarl|Grimmsnarl, L50, M|100\/100 slp\n|-terastallize|p2a: Venomoth|Water\n|-terastallize|p1b: Palafin|Water\n|move|p2a: Venomoth|Quiver Dance|p2a: Venomoth\n|-boost|p2a: Venomoth|spa|1\n|-boost|p2a: Venomoth|spd|1\n|-boost|p2a: Venomoth|spe|1\n|move|p1b: Palafin|Wave Crash|p2a: Venomoth\n|-resisted|p2a: Venomoth\n|-damage|p2a: Venomoth|24\/100\n|-damage|p1b: Palafin|81\/100|[from] Recoil\n|move|p1a: Ting-Lu|Stomping Tantrum|p2b: Grimmsnarl\n|-damage|p2b: Grimmsnarl|37\/100 slp\n|\n|-heal|p2a: Venomoth|30\/100|[from] item: Leftovers\n|upkeep\n|turn|7\n|inactive|gorilnx has 30 seconds left.\n|inactive|natureboi45 has 30 seconds left.\n|\n|t:|1682592483\n|move|p1b: Palafin|Jet Punch|p2b: Grimmsnarl\n|-damage|p2b: Grimmsnarl|0 fnt\n|faint|p2b: Grimmsnarl\n|move|p2a: Venomoth|Giga Drain|p1b: Palafin\n|-supereffective|p1b: Palafin\n|-crit|p1b: Palafin\n|-damage|p1b: Palafin|26\/100\n|-heal|p2a: Venomoth|66\/100|[from] drain|[of] p1b: Palafin\n|move|p1a: Ting-Lu|Stomping Tantrum|p2a: Venomoth\n|-damage|p2a: Venomoth|24\/100\n|\n|-heal|p2a: Venomoth|30\/100|[from] item: Leftovers\n|upkeep\n|\n|t:|1682592495\n|switch|p2b: Goodra|Goodra, L50, M|100\/100\n|turn|8\n|\n|t:|1682592510\n|move|p1b: Palafin|Jet Punch|p2a: Venomoth\n|-resisted|p2a: Venomoth\n|-damage|p2a: Venomoth|0 fnt\n|faint|p2a: Venomoth\n|move|p2b: Goodra|Thunderbolt|p1b: Palafin\n|-supereffective|p1b: Palafin\n|-damage|p1b: Palafin|0 fnt\n|faint|p1b: Palafin\n|move|p1a: Ting-Lu|Fissure|p2b: Goodra|[miss]\n|-miss|p1a: Ting-Lu|p2b: Goodra\n|\n|-sideend|p2: natureboi45|Reflect\n|upkeep\n|turn|9\n|\n|t:|1682592524\n|move|p2b: Goodra|Surf|p1a: Ting-Lu\n|-supereffective|p1a: Ting-Lu\n|-damage|p1a: Ting-Lu|81\/100\n|move|p1a: Ting-Lu|Stomping Tantrum|p2b: Goodra\n|-damage|p2b: Goodra|13\/100\n|\n|upkeep\n|turn|10\n|\n|t:|1682592530\n|move|p2b: Goodra|Surf|p1a: Ting-Lu\n|-supereffective|p1a: Ting-Lu\n|-damage|p1a: Ting-Lu|61\/100\n|move|p1a: Ting-Lu|Stomping Tantrum|p2b: Goodra\n|-damage|p2b: Goodra|0 fnt\n|faint|p2b: Goodra\n|\n|win|gorilnx\n|raw|gorilnx's rating: 1106 → 1129<\/strong> (+23 for winning)\n|raw|natureboi45's rating: 1073 → 1054<\/strong> (-19 for losing)\n|l|\u2606natureboi45\n","uploadtime":1682592539,"views":7,"p1id":"gorilnx","p2id":"natureboi45","formatid":"gen9vgc2023regulationc","rating":1054,"private":0,"password":""}