{"id":"gen9vgc2023regulationc-1857994167","p1":"sk1191212","p2":"johnny99ep","format":"[Gen 9] VGC 2023 Regulation C","log":"|j|\u2606sk1191212\n|j|\u2606johnny99ep\n|t:|1683257268\n|gametype|doubles\n|player|p1|sk1191212|170|1121\n|player|p2|johnny99ep|artist-gen4|1030\n|teamsize|p1|6\n|teamsize|p2|6\n|gen|9\n|tier|[Gen 9] VGC 2023 Regulation C\n|rated|\n|rule|Species Clause: Limit one of each Pok\u00e9mon\n|rule|Item Clause: Limit one of each item\n|clearpoke\n|poke|p1|Scream Tail, L50|\n|poke|p1|Arcanine, L50, M|\n|poke|p1|Flutter Mane, L50|\n|poke|p1|Clawitzer, L50, M|\n|poke|p1|Scizor, L50, M|\n|poke|p1|Amoonguss, L50, F|\n|poke|p2|Gothitelle, L50, F|\n|poke|p2|Scream Tail, L50|\n|poke|p2|Flutter Mane, L50|\n|poke|p2|Arcanine, L50, M|\n|poke|p2|Palafin, L50, F|\n|poke|p2|Amoonguss, L50, M|\n|teampreview|4\n|inactive|Battle timer is ON: inactive players will automatically lose when time's up. (requested by johnny99ep)\n|inactive|sk1191212 has 60 seconds left.\n|l|\u2606johnny99ep\n|inactive|johnny99ep disconnected and has a minute to reconnect!\n|player|p2|\n|inactive|sk1191212 has 30 seconds left.\n|\n|t:|1683257330\n|start\n|switch|p1a: Flutter Mane|Flutter Mane, L50|100\/100\n|switch|p1b: Arcanine|Arcanine, L50, M|100\/100\n|switch|p2a: Grim Shady|Flutter Mane, L50|100\/100\n|switch|p2b: Addams|Gothitelle, L50, F|100\/100\n|-enditem|p1a: Flutter Mane|Booster Energy\n|-activate|p1a: Flutter Mane|ability: Protosynthesis|[fromitem]\n|-start|p1a: Flutter Mane|protosynthesisspa\n|turn|1\n|j|\u2606johnny99ep\n|inactive|johnny99ep reconnected and has 45 seconds left.\n|player|p2|johnny99ep|artist-gen4\n|\n|t:|1683257353\n|-terastallize|p2a: Grim Shady|Fairy\n|move|p1b: Arcanine|Protect|p1b: Arcanine\n|-singleturn|p1b: Arcanine|Protect\n|move|p2b: Addams|Fake Out|p1b: Arcanine\n|-activate|p1b: Arcanine|move: Protect\n|move|p2a: Grim Shady|Shadow Ball|p1a: Flutter Mane\n|-supereffective|p1a: Flutter Mane\n|-damage|p1a: Flutter Mane|7\/100\n|move|p1a: Flutter Mane|Shadow Ball|p2b: Addams\n|-supereffective|p2b: Addams\n|-damage|p2b: Addams|11\/100\n|-enditem|p2b: Addams|Sitrus Berry|[eat]\n|-heal|p2b: Addams|36\/100|[from] item: Sitrus Berry\n|\n|upkeep\n|turn|2\n|\n|t:|1683257372\n|move|p1a: Flutter Mane|Protect|p1a: Flutter Mane\n|-singleturn|p1a: Flutter Mane|Protect\n|move|p2b: Addams|Protect|p2b: Addams\n|-singleturn|p2b: Addams|Protect\n|move|p2a: Grim Shady|Shadow Ball|p1a: Flutter Mane\n|-activate|p1a: Flutter Mane|move: Protect\n|move|p1b: Arcanine|Flare Blitz|p2a: Grim Shady\n|-enditem|p2a: Grim Shady|Focus Sash\n|-damage|p2a: Grim Shady|1\/100\n|-damage|p1b: Arcanine|77\/100|[from] Recoil\n|\n|upkeep\n|turn|3\n|l|\u2606johnny99ep\n|inactive|johnny99ep disconnected and has a minute to reconnect!\n|player|p2|\n|inactive|johnny99ep has 30 seconds left.\n|inactive|johnny99ep has 20 seconds left.\n|inactive|johnny99ep has 15 seconds left.\n|j|\u2606johnny99ep\n|inactive|johnny99ep reconnected and has 15 seconds left.\n|player|p2|johnny99ep|artist-gen4\n|inactive|johnny99ep has 10 seconds left.\n|inactive|johnny99ep has 5 seconds left.\n|\n|t:|1683257426\n|-end|p2a: Grim Shady|Protosynthesis|[silent]\n|switch|p2a: Bonnie Tyler|Palafin, L50, F|100\/100\n|switch|p2b: R-K9|Arcanine, L50, M|100\/100\n|-ability|p2b: R-K9|Intimidate|boost\n|-unboost|p1a: Flutter Mane|atk|1\n|-unboost|p1b: Arcanine|atk|1\n|move|p1b: Arcanine|Extreme Speed|p2a: Bonnie Tyler\n|-damage|p2a: Bonnie Tyler|78\/100\n|move|p1a: Flutter Mane|Shadow Ball|p2b: R-K9\n|-damage|p2b: R-K9|31\/100\n|\n|upkeep\n|turn|4\n|inactive|sk1191212 has 30 seconds left.\n|\n|t:|1683257454\n|-end|p1a: Flutter Mane|Protosynthesis|[silent]\n|switch|p1a: Scream Tail|Scream Tail, L50|100\/100\n|detailschange|p2a: Bonnie Tyler|Palafin-Hero, L50, F\n|switch|p2a: Grim Shady|Flutter Mane, L50, tera:Fairy|1\/100\n|-terastallize|p1b: Arcanine|Grass\n|move|p2b: R-K9|Protect|p2b: R-K9\n|-singleturn|p2b: R-K9|Protect\n|move|p1b: Arcanine|Flare Blitz|p2b: R-K9\n|-activate|p2b: R-K9|move: Protect\n|\n|upkeep\n|turn|5\n|\n|t:|1683257478\n|move|p2a: Grim Shady|Protect|p2a: Grim Shady\n|-singleturn|p2a: Grim Shady|Protect\n|move|p1b: Arcanine|Extreme Speed|p2a: Grim Shady\n|-activate|p2a: Grim Shady|move: Protect\n|move|p2b: R-K9|Flare Blitz|p1b: Arcanine\n|-start|p1b: Arcanine|ability: Flash Fire\n|move|p1a: Scream Tail|Thunder Wave|p2b: R-K9\n|-status|p2b: R-K9|par\n|\n|upkeep\n|turn|6\n|\n|t:|1683257497\n|move|p2b: R-K9|Protect|p2b: R-K9\n|-singleturn|p2b: R-K9|Protect\n|move|p1b: Arcanine|Extreme Speed|p2a: Grim Shady\n|-damage|p2a: Grim Shady|0 fnt\n|faint|p2a: Grim Shady\n|-end|p2a: Grim Shady|Protosynthesis|[silent]\n|move|p1a: Scream Tail|Zen Headbutt|p2b: R-K9\n|-activate|p2b: R-K9|move: Protect\n|\n|upkeep\n|\n|t:|1683257502\n|switch|p2a: Bonnie Tyler|Palafin-Hero, L50, F|78\/100\n|-activate|p2a: Bonnie Tyler|ability: Zero to Hero\n|turn|7\n|\n|t:|1683257519\n|switch|p2b: Addams|Gothitelle, L50, F|36\/100\n|move|p1b: Arcanine|Extreme Speed|p2a: Bonnie Tyler\n|-damage|p2a: Bonnie Tyler|61\/100\n|move|p1a: Scream Tail|Howl|p1a: Scream Tail|[spread] p1a,p1b\n|-boost|p1a: Scream Tail|atk|1\n|-boost|p1b: Arcanine|atk|1\n|move|p2a: Bonnie Tyler|Close Combat|p1b: Arcanine\n|-damage|p1b: Arcanine|27\/100\n|-unboost|p2a: Bonnie Tyler|def|1\n|-unboost|p2a: Bonnie Tyler|spd|1\n|\n|upkeep\n|turn|8\n|l|\u2606johnny99ep\n|inactive|johnny99ep disconnected and has a minute to reconnect!\n|player|p2|\n|j|\u2606johnny99ep\n|inactive|johnny99ep reconnected and has 35 seconds left.\n|player|p2|johnny99ep|artist-gen4\n|inactive|johnny99ep has 30 seconds left.\n|\n|t:|1683257545\n|switch|p2b: R-K9|Arcanine, L50, M|31\/100 par\n|-ability|p2b: R-K9|Intimidate|boost\n|-unboost|p1a: Scream Tail|atk|1\n|-unboost|p1b: Arcanine|atk|1\n|move|p2a: Bonnie Tyler|Protect|p2a: Bonnie Tyler\n|-singleturn|p2a: Bonnie Tyler|Protect\n|move|p1b: Arcanine|Protect|p1b: Arcanine\n|-singleturn|p1b: Arcanine|Protect\n|move|p1a: Scream Tail|Play Rough|p2b: R-K9\n|-resisted|p2b: R-K9\n|-damage|p2b: R-K9|14\/100 par\n|\n|upkeep\n|turn|9\n|inactive|johnny99ep has 30 seconds left.\n|\n|t:|1683257574\n|switch|p2a: Addams|Gothitelle, L50, F|36\/100\n|move|p1b: Arcanine|Extreme Speed|p2b: R-K9\n|-damage|p2b: R-K9|0 fnt\n|faint|p2b: R-K9\n|move|p1a: Scream Tail|Thunder Wave|p2a: Addams\n|-status|p2a: Addams|par\n|\n|upkeep\n|\n|t:|1683257580\n|switch|p2b: Bonnie Tyler|Palafin-Hero, L50, F|61\/100\n|turn|10\n|\n|t:|1683257590\n|move|p1b: Arcanine|Protect|p1b: Arcanine\n|-singleturn|p1b: Arcanine|Protect\n|move|p2a: Addams|Fake Out|p1b: Arcanine\n|-activate|p1b: Arcanine|move: Protect\n|move|p1a: Scream Tail|Thunder Wave|p2b: Bonnie Tyler\n|-status|p2b: Bonnie Tyler|par\n|move|p2b: Bonnie Tyler|Wave Crash|p1a: Scream Tail\n|-damage|p1a: Scream Tail|26\/100\n|-damage|p2b: Bonnie Tyler|34\/100 par|[from] Recoil\n|\n|-heal|p1a: Scream Tail|32\/100|[from] item: Leftovers\n|upkeep\n|turn|11\n|inactive|sk1191212 has 30 seconds left.\n|\n|t:|1683257618\n|cant|p2b: Bonnie Tyler|par\n|move|p1a: Scream Tail|Zen Headbutt|p2b: Bonnie Tyler\n|-damage|p2b: Bonnie Tyler|14\/100 par\n|move|p1b: Arcanine|Flare Blitz|p2b: Bonnie Tyler\n|-resisted|p2b: Bonnie Tyler\n|-damage|p2b: Bonnie Tyler|0 fnt\n|faint|p2b: Bonnie Tyler\n|-damage|p1b: Arcanine|22\/100|[from] Recoil\n|move|p2a: Addams|Psychic|p1b: Arcanine\n|-damage|p1b: Arcanine|0 fnt\n|faint|p1b: Arcanine\n|\n|-heal|p1a: Scream Tail|38\/100|[from] item: Leftovers\n|upkeep\n|\n|t:|1683257636\n|switch|p1b: Clawitzer|Clawitzer, L50, M|100\/100\n|turn|12\n|-message|johnny99ep forfeited.\n|\n|win|sk1191212\n|raw|sk1191212's rating: 1121 → 1140<\/strong> (+19 for winning)\n|raw|johnny99ep's rating: 1030 → 1019<\/strong> (-11 for losing)\n|l|\u2606johnny99ep\n","uploadtime":1683257655,"views":11,"p1id":"sk1191212","p2id":"johnny99ep","formatid":"gen9vgc2023regulationc","rating":1019,"private":0,"password":""}