{"id":"gen9vgc2023regulationc-1860893532","p1":"bway","p2":"hooveris","format":"[Gen 9] VGC 2023 Regulation C","log":"|j|\u2606bway\n|j|\u2606hooveris\n|t:|1683691633\n|gametype|doubles\n|player|p1|bway|hilda|1157\n|player|p2|hooveris|265|1081\n|teamsize|p1|6\n|teamsize|p2|6\n|gen|9\n|tier|[Gen 9] VGC 2023 Regulation C\n|rated|\n|rule|Species Clause: Limit one of each Pok\u00e9mon\n|rule|Item Clause: Limit one of each item\n|clearpoke\n|poke|p1|Kingambit, L50, F|\n|poke|p1|Torkoal, L50, M|\n|poke|p1|Flutter Mane, L50|\n|poke|p1|Jumpluff, L50, M|\n|poke|p1|Great Tusk, L50|\n|poke|p1|Chien-Pao, L50|\n|poke|p2|Farigiraf, L50, M|\n|poke|p2|Greedent, L50, F|\n|poke|p2|Flamigo, L50, M|\n|poke|p2|Maushold-Four, L50|\n|poke|p2|Palafin, L50, M|\n|poke|p2|Iron Hands, L50|\n|teampreview|4\nbway has agreed to open team sheets.\nhooveris rejected open team sheets.\n|\n|t:|1683691696\n|start\n|switch|p1a: Jumpluff|Jumpluff, L50, M|100\/100\n|switch|p1b: Torkoal|Torkoal, L50, M|100\/100\n|switch|p2a: Farigiraf|Farigiraf, L50, M|100\/100\n|switch|p2b: Greedent|Greedent, L50, F|100\/100\n|-weather|SunnyDay|[from] ability: Drought|[of] p1b: Torkoal\n|turn|1\n|\n|t:|1683691721\n|move|p1a: Jumpluff|Sleep Powder|p2a: Farigiraf\n|-activate|p2a: Farigiraf|item: Safety Goggles|Sleep Powder\n|move|p2a: Farigiraf|Light Screen|p2a: Farigiraf\n|-sidestart|p2: hooveris|move: Light Screen\n|move|p1b: Torkoal|Overheat|p2b: Greedent\n|-damage|p2b: Greedent|54\/100\n|-unboost|p1b: Torkoal|spa|2\n|-enditem|p1b: Torkoal|Eject Pack\n|\n|t:|1683691735\n|switch|p1b: Flutter Mane|Flutter Mane, L50|100\/100\n|-activate|p1b: Flutter Mane|ability: Protosynthesis\n|-start|p1b: Flutter Mane|protosynthesisspe\n|move|p2b: Greedent|Stuff Cheeks|p2b: Greedent\n|-boost|p2b: Greedent|def|2\n|-enditem|p2b: Greedent|Liechi Berry|[eat]\n|-boost|p2b: Greedent|atk|1|[from] item: Liechi Berry\n|-heal|p2b: Greedent|88\/100|[from] ability: Cheek Pouch\n|\n|-weather|SunnyDay|[upkeep]\n|upkeep\n|turn|2\n|\n|t:|1683691789\n|-terastallize|p1b: Flutter Mane|Fairy\n|move|p1a: Jumpluff|Encore|p2a: Farigiraf\n|-start|p2a: Farigiraf|Encore\n|move|p1b: Flutter Mane|Moonblast|p2b: Greedent\n|-damage|p2b: Greedent|31\/100\n|-unboost|p2b: Greedent|spa|1\n|move|p2a: Farigiraf|Light Screen||[still]\n|-fail|p2a: Farigiraf\n|move|p2b: Greedent|Psychic Fangs|p1b: Flutter Mane\n|-damage|p1b: Flutter Mane|22\/100\n|\n|-weather|SunnyDay|[upkeep]\n|upkeep\n|turn|3\n|\n|t:|1683691818\n|switch|p2a: Flamigo|Flamigo, L50, M|100\/100\n|-copyboost|p2a: Flamigo|p2b: Greedent|[from] ability: Costar\n|move|p1a: Jumpluff|Leaf Storm|p2a: Flamigo\n|-resisted|p2a: Flamigo\n|-damage|p2a: Flamigo|88\/100\n|-unboost|p1a: Jumpluff|spa|2\n|move|p1b: Flutter Mane|Moonblast|p2b: Greedent\n|-damage|p2b: Greedent|0 fnt\n|faint|p2b: Greedent\n|\n|-weather|SunnyDay|[upkeep]\n|upkeep\n|\n|t:|1683691830\n|switch|p2b: Iron Hands|Iron Hands, L50|100\/100\n|turn|4\n|\n|t:|1683691843\n|-end|p1b: Flutter Mane|Protosynthesis|[silent]\n|switch|p1b: Torkoal|Torkoal, L50, M|100\/100\n|move|p2b: Iron Hands|Fake Out|p1a: Jumpluff\n|-damage|p1a: Jumpluff|86\/100\n|move|p1a: Jumpluff|Sleep Powder|p2a: Flamigo\n|-status|p2a: Flamigo|slp|[from] move: Sleep Powder\n|cant|p2a: Flamigo|slp\n|\n|-weather|SunnyDay|[upkeep]\n|upkeep\n|turn|5\n|\n|t:|1683691861\n|move|p1a: Jumpluff|Sleep Powder|p2b: Iron Hands\n|-status|p2b: Iron Hands|slp|[from] move: Sleep Powder\n|cant|p2a: Flamigo|slp\n|cant|p2b: Iron Hands|slp\n|move|p1b: Torkoal|Overheat|p2a: Flamigo\n|-damage|p2a: Flamigo|25\/100 slp\n|-unboost|p1b: Torkoal|spa|2\n|\n|-weather|none\n|-sideend|p2: hooveris|move: Light Screen\n|upkeep\n|turn|6\n|\n|t:|1683691877\n|switch|p1b: Chien-Pao|Chien-Pao, L50|100\/100\n|-ability|p1b: Chien-Pao|Sword of Ruin\n|cant|p2a: Flamigo|slp\n|move|p1a: Jumpluff|Tailwind|p1a: Jumpluff\n|-sidestart|p1: bway|move: Tailwind\n|cant|p2b: Iron Hands|slp\n|\n|upkeep\n|turn|7\n|\n|t:|1683691895\n|move|p1b: Chien-Pao|Ice Spinner|p2a: Flamigo\n|-supereffective|p2a: Flamigo\n|-damage|p2a: Flamigo|0 fnt\n|faint|p2a: Flamigo\n|move|p1a: Jumpluff|Encore|p2b: Iron Hands\n|-start|p2b: Iron Hands|Encore\n|-curestatus|p2b: Iron Hands|slp|[msg]\n|move|p2b: Iron Hands|Fake Out||[still]\n|-hint|Fake Out only works on your first turn out.\n|-fail|p2b: Iron Hands\n|\n|upkeep\n|c|\u2606hooveris|ur joking\n|c|\u2606hooveris|this is so lame\n|\n|t:|1683691911\n|switch|p2a: Farigiraf|Farigiraf, L50, M|100\/100\n|turn|8\n|\n|t:|1683691923\n|-terastallize|p2a: Farigiraf|Normal\n|move|p2b: Iron Hands|Fake Out||[still]\n|-hint|Fake Out only works on your first turn out.\n|-fail|p2b: Iron Hands\n|move|p1b: Chien-Pao|Taunt|p2a: Farigiraf\n|-start|p2a: Farigiraf|move: Taunt\n|move|p1a: Jumpluff|Leaf Storm|p2b: Iron Hands\n|-damage|p2b: Iron Hands|94\/100\n|-unboost|p1a: Jumpluff|spa|2\n|move|p2a: Farigiraf|Hyper Voice|p1a: Jumpluff|[spread] p1a,p1b\n|-crit|p1b: Chien-Pao\n|-damage|p1a: Jumpluff|44\/100\n|-enditem|p1b: Chien-Pao|Focus Sash\n|-damage|p1b: Chien-Pao|1\/100\n|\n|upkeep\n|turn|9\n|\n|t:|1683691951\n|move|p2b: Iron Hands|Fake Out||[still]\n|-hint|Fake Out only works on your first turn out.\n|-fail|p2b: Iron Hands\n|move|p1b: Chien-Pao|Ice Spinner|p2a: Farigiraf\n|-damage|p2a: Farigiraf|60\/100\n|move|p1a: Jumpluff|Leaf Storm|p2a: Farigiraf\n|-damage|p2a: Farigiraf|48\/100\n|-unboost|p1a: Jumpluff|spa|2\n|move|p2a: Farigiraf|Hyper Voice|p1a: Jumpluff|[spread] p1a,p1b\n|-damage|p1a: Jumpluff|2\/100\n|-damage|p1b: Chien-Pao|0 fnt\n|faint|p1b: Chien-Pao\n|\n|-end|p2b: Iron Hands|Encore\n|-sideend|p1: bway|move: Tailwind\n|upkeep\n|\n|t:|1683691964\n|switch|p1b: Flutter Mane|Flutter Mane, L50, tera:Fairy|22\/100\n|turn|10\n|\n|t:|1683691973\n|move|p1b: Flutter Mane|Moonblast|p2a: Farigiraf\n|-damage|p2a: Farigiraf|0 fnt\n|faint|p2a: Farigiraf\n|move|p1a: Jumpluff|Encore|p2b: Iron Hands\n|-start|p2b: Iron Hands|Encore\n|move|p2b: Iron Hands|Fake Out||[still]\n|-hint|Fake Out only works on your first turn out.\n|-fail|p2b: Iron Hands\n|\n|upkeep\n|turn|11\n|-message|hooveris forfeited.\n|\n|win|bway\n|raw|bway's rating: 1157 → 1177<\/strong> (+20 for winning)\n|raw|hooveris's rating: 1081 → 1064<\/strong> (-17 for losing)\n|l|\u2606hooveris\n","uploadtime":1683691981,"views":16,"p1id":"bway","p2id":"hooveris","formatid":"gen9vgc2023regulationc","rating":1064,"private":0,"password":""}