{"id":"gen9vgc2023regulationc-1850306916","p1":"temerence","p2":"GiganTheGojira","format":"[Gen 9] VGC 2023 Regulation C","log":"|j|\u2606temerence\n|j|\u2606GiganTheGojira\n|t:|1682315006\n|gametype|doubles\n|player|p1|temerence|hilbert|1078\n|player|p2|GiganTheGojira|101|1106\n|teamsize|p1|6\n|teamsize|p2|6\n|gen|9\n|tier|[Gen 9] VGC 2023 Regulation C\n|rated|\n|rule|Species Clause: Limit one of each Pok\u00e9mon\n|rule|Item Clause: Limit one of each item\n|clearpoke\n|poke|p1|Flutter Mane, L50|\n|poke|p1|Amoonguss, L50, M|\n|poke|p1|Palafin, L50, M|\n|poke|p1|Chien-Pao, L50|\n|poke|p1|Arcanine, L50, M|\n|poke|p1|Dragapult, L50, M|\n|poke|p2|Volcarona, L50, F|\n|poke|p2|Maushold-Four, L50|\n|poke|p2|Mimikyu, L50, F|\n|poke|p2|Hydreigon, L50, M|\n|poke|p2|Garchomp, L50, M|\n|poke|p2|Rotom-Wash, L50|\n|teampreview|4\n|inactive|Battle timer is ON: inactive players will automatically lose when time's up. (requested by temerence)\n|\n|t:|1682315039\n|start\n|switch|p1a: Arcanine|Arcanine, L50, M|100\/100\n|switch|p1b: Palafin|Palafin, L50, M|100\/100\n|switch|p2a: Volcarona|Volcarona, L50, F|100\/100\n|switch|p2b: Maushold|Maushold-Four, L50|100\/100\n|-ability|p1a: Arcanine|Intimidate|boost\n|-unboost|p2a: Volcarona|atk|1\n|-unboost|p2b: Maushold|atk|1\n|turn|1\n|\n|t:|1682315062\n|detailschange|p1b: Palafin|Palafin-Hero, L50, M\n|switch|p1b: Amoonguss|Amoonguss, L50, M|100\/100\n|move|p2b: Maushold|Population Bomb|p1a: Arcanine\n|-damage|p1a: Arcanine|96\/100\n|-damage|p1a: Arcanine|91\/100\n|-damage|p1a: Arcanine|87\/100\n|-damage|p1a: Arcanine|82\/100\n|-damage|p1a: Arcanine|78\/100\n|-damage|p1a: Arcanine|73\/100\n|-damage|p1a: Arcanine|68\/100\n|-damage|p1a: Arcanine|64\/100\n|-damage|p1a: Arcanine|59\/100\n|-damage|p1a: Arcanine|55\/100\n|-hitcount|p1a: Arcanine|10\n|move|p2a: Volcarona|Quiver Dance|p2a: Volcarona\n|-boost|p2a: Volcarona|spa|1\n|-boost|p2a: Volcarona|spd|1\n|-boost|p2a: Volcarona|spe|1\n|move|p1a: Arcanine|Flare Blitz|p2b: Maushold\n|-damage|p2b: Maushold|42\/100\n|-damage|p1a: Arcanine|37\/100|[from] Recoil\n|\n|upkeep\n|turn|2\n|inactive|temerence has 30 seconds left.\n|inactive|GiganTheGojira has 30 seconds left.\n|inactive|GiganTheGojira has 20 seconds left.\n|inactive|GiganTheGojira has 15 seconds left.\n|inactive|GiganTheGojira has 10 seconds left.\n|\n|t:|1682315108\n|-terastallize|p2a: Volcarona|Grass\n|move|p1a: Arcanine|Extreme Speed|p2b: Maushold\n|-damage|p2b: Maushold|13\/100\n|move|p2a: Volcarona|Heat Wave|p1a: Arcanine|[spread] p1a,p1b\n|-resisted|p1a: Arcanine\n|-supereffective|p1b: Amoonguss\n|-damage|p1a: Arcanine|18\/100\n|-damage|p1b: Amoonguss|37\/100\n|-enditem|p1b: Amoonguss|Sitrus Berry|[eat]\n|-heal|p1b: Amoonguss|62\/100|[from] item: Sitrus Berry\n|move|p2b: Maushold|Population Bomb|p1a: Arcanine\n|-damage|p1a: Arcanine|14\/100\n|-damage|p1a: Arcanine|9\/100\n|-damage|p1a: Arcanine|6\/100\n|-damage|p1a: Arcanine|1\/100\n|-damage|p1a: Arcanine|0 fnt\n|faint|p1a: Arcanine\n|-hitcount|p1: Arcanine|5\n|move|p1b: Amoonguss|Pollen Puff|p1: Arcanine|[notarget]\n|-fail|p1b: Amoonguss\n|\n|upkeep\n|\n|t:|1682315130\n|switch|p1a: Flutter Mane|Flutter Mane, L50|100\/100\n|-enditem|p1a: Flutter Mane|Booster Energy\n|-activate|p1a: Flutter Mane|ability: Protosynthesis|[fromitem]\n|-start|p1a: Flutter Mane|protosynthesisspe\n|turn|3\n|\n|t:|1682315142\n|move|p1a: Flutter Mane|Protect|p1a: Flutter Mane\n|-singleturn|p1a: Flutter Mane|Protect\n|move|p2a: Volcarona|Heat Wave|p1a: Flutter Mane|[spread] p1b\n|-activate|p1a: Flutter Mane|move: Protect\n|-supereffective|p1b: Amoonguss\n|-damage|p1b: Amoonguss|2\/100\n|-status|p1b: Amoonguss|brn\n|move|p2b: Maushold|Encore|p1b: Amoonguss\n|-start|p1b: Amoonguss|Encore\n|move|p1b: Amoonguss|Pollen Puff|p2b: Maushold\n|-damage|p2b: Maushold|0 fnt\n|faint|p2b: Maushold\n|\n|-damage|p1b: Amoonguss|0 fnt|[from] brn\n|faint|p1b: Amoonguss\n|upkeep\n|\n|t:|1682315158\n|switch|p2b: Mimikyu|Mimikyu, L50, F|100\/100\n|switch|p1b: Palafin|Palafin-Hero, L50, M|100\/100\n|-activate|p1b: Palafin|ability: Zero to Hero\n|turn|4\n|inactive|temerence has 30 seconds left.\n|\n|t:|1682315188\n|move|p1b: Palafin|Protect|p1b: Palafin\n|-singleturn|p1b: Palafin|Protect\n|move|p1a: Flutter Mane|Dazzling Gleam|p2b: Mimikyu|[spread] p2a,p2b\n|-damage|p2a: Volcarona|80\/100\n|-activate|p2b: Mimikyu|ability: Disguise\n|-damage|p2b: Mimikyu|100\/100\n|detailschange|p2b: Mimikyu|Mimikyu-Busted, L50, F\n|-damage|p2b: Mimikyu|88\/100|[from] pokemon: Mimikyu-Busted\n|move|p2a: Volcarona|Giga Drain|p1b: Palafin\n|-activate|p1b: Palafin|move: Protect\n|move|p2b: Mimikyu|Swords Dance|p2b: Mimikyu\n|-boost|p2b: Mimikyu|atk|2\n|\n|-heal|p2b: Mimikyu|94\/100|[from] item: Leftovers\n|upkeep\n|turn|5\n|inactive|temerence has 30 seconds left.\n|\n|t:|1682315217\n|move|p2b: Mimikyu|Shadow Sneak|p1a: Flutter Mane\n|-supereffective|p1a: Flutter Mane\n|-damage|p1a: Flutter Mane|0 fnt\n|faint|p1a: Flutter Mane\n|-end|p1a: Flutter Mane|Protosynthesis|[silent]\n|move|p2a: Volcarona|Giga Drain|p1b: Palafin\n|-supereffective|p1b: Palafin\n|-damage|p1b: Palafin|0 fnt\n|-heal|p2a: Volcarona|100\/100|[from] drain|[of] p1b: Palafin\n|faint|p1b: Palafin\n|\n|win|GiganTheGojira\n|raw|temerence's rating: 1078 → 1058<\/strong> (-20 for losing)\n|raw|GiganTheGojira's rating: 1106 → 1129<\/strong> (+23 for winning)\n|l|\u2606GiganTheGojira\n","uploadtime":1682315308,"views":34,"p1id":"temerence","p2id":"giganthegojira","formatid":"gen9vgc2023regulationc","rating":1058,"private":0,"password":""}