{"id":"gen9vgc2023regulationc-1860503283","p1":"waddles722","p2":"arieshasarisen","format":"[Gen 9] VGC 2023 Regulation C","log":"|j|\u2606waddles722\n|j|\u2606arieshasarisen\n|t:|1683649810\n|gametype|doubles\n|player|p1|waddles722|lass-gen4dp|1145\n|player|p2|arieshasarisen|169|1192\n|teamsize|p1|6\n|teamsize|p2|6\n|gen|9\n|tier|[Gen 9] VGC 2023 Regulation C\n|rated|\n|rule|Species Clause: Limit one of each Pok\u00e9mon\n|rule|Item Clause: Limit one of each item\n|clearpoke\n|poke|p1|Kingambit, L50, M|\n|poke|p1|Hatterene, L50, F|\n|poke|p1|Torkoal, L50, M|\n|poke|p1|Indeedee-F, L50, F|\n|poke|p1|Armarouge, L50, M|\n|poke|p1|Annihilape, L50, M|\n|poke|p2|Iron Moth, L50|\n|poke|p2|Rotom-Wash, L50|\n|poke|p2|Wo-Chien, L50|\n|poke|p2|Dragonite, L50, M|\n|poke|p2|Iron Treads, L50|\n|poke|p2|Flutter Mane, L50|\n|teampreview|4\n|inactive|Battle timer is ON: inactive players will automatically lose when time's up. (requested by arieshasarisen)\n|inactive|waddles722 has 60 seconds left.\n|inactive|waddles722 has 30 seconds left.\n|inactive|waddles722 has 20 seconds left.\n|inactive|waddles722 has 15 seconds left.\n|inactive|waddles722 has 10 seconds left.\n|\n|t:|1683649892\n|start\n|switch|p1a: Hatterene|Hatterene, L50, F|100\/100\n|switch|p1b: Indeedee|Indeedee-F, L50, F|100\/100\n|switch|p2a: Turbo|Wo-Chien, L50|100\/100\n|switch|p2b: Jurassic Park|Flutter Mane, L50|100\/100\n|-ability|p2a: Turbo|Tablets of Ruin\n|-fieldstart|move: Psychic Terrain|[from] ability: Psychic Surge|[of] p1b: Indeedee\n|-enditem|p1b: Indeedee|Psychic Seed\n|-boost|p1b: Indeedee|spd|1|[from] item: Psychic Seed\n|turn|1\n|inactive|waddles722 has 30 seconds left.\n|\n|t:|1683649918\n|move|p1a: Hatterene|Protect|p1a: Hatterene\n|-singleturn|p1a: Hatterene|Protect\n|move|p2b: Jurassic Park|Taunt|p1b: Indeedee\n|-start|p1b: Indeedee|move: Taunt\n|move|p2a: Turbo|Knock Off|p1b: Indeedee\n|-supereffective|p1b: Indeedee\n|-damage|p1b: Indeedee|65\/100\n|cant|p1b: Indeedee|move: Taunt|Trick Room\n|\n|upkeep\n|turn|2\n|\n|t:|1683649941\n|-terastallize|p1a: Hatterene|Fire\n|move|p2b: Jurassic Park|Shadow Ball|p1a: Hatterene\n|-damage|p1a: Hatterene|58\/100\n|move|p2a: Turbo|Knock Off|p1a: Hatterene\n|-damage|p1a: Hatterene|28\/100\n|-enditem|p1a: Hatterene|Life Orb|[from] move: Knock Off|[of] p2a: Turbo\n|move|p1b: Indeedee|Dazzling Gleam|p2a: Turbo|[spread] p2a,p2b\n|-supereffective|p2a: Turbo\n|-crit|p2b: Jurassic Park\n|-damage|p2a: Turbo|84\/100\n|-damage|p2b: Jurassic Park|84\/100\n|move|p1a: Hatterene|Psychic|p2b: Jurassic Park\n|-damage|p2b: Jurassic Park|29\/100\n|-enditem|p2b: Jurassic Park|Sitrus Berry|[eat]\n|-heal|p2b: Jurassic Park|54\/100|[from] item: Sitrus Berry\n|\n|-heal|p2a: Turbo|90\/100|[from] item: Leftovers\n|upkeep\n|turn|3\n|inactive|waddles722 has 30 seconds left.\n|inactive|arieshasarisen has 30 seconds left.\n|inactive|waddles722 has 20 seconds left.\n|inactive|waddles722 has 15 seconds left.\n|inactive|waddles722 has 10 seconds left.\n|inactive|waddles722 has 5 seconds left.\n|\n|t:|1683649996\n|move|p2b: Jurassic Park|Shadow Ball|p1a: Hatterene\n|-damage|p1a: Hatterene|0 fnt\n|faint|p1a: Hatterene\n|move|p2a: Turbo|Ruination|p1b: Indeedee\n|-damage|p1b: Indeedee|33\/100\n|move|p1b: Indeedee|Dazzling Gleam|p2a: Turbo|[spread] p2a,p2b\n|-supereffective|p2a: Turbo\n|-damage|p2a: Turbo|73\/100\n|-damage|p2b: Jurassic Park|42\/100\n|\n|-heal|p2a: Turbo|80\/100|[from] item: Leftovers\n|-end|p1b: Indeedee|move: Taunt\n|upkeep\n|\n|t:|1683650014\n|switch|p1a: Torkoal|Torkoal, L50, M|100\/100\n|-weather|SunnyDay|[from] ability: Drought|[of] p1a: Torkoal\n|-activate|p2b: Jurassic Park|ability: Protosynthesis\n|-start|p2b: Jurassic Park|protosynthesisspa\n|turn|4\n|\n|t:|1683650026\n|-terastallize|p2a: Turbo|Poison\n|move|p1b: Indeedee|Follow Me|p1b: Indeedee\n|-singleturn|p1b: Indeedee|move: Follow Me\n|move|p2b: Jurassic Park|Taunt|p1b: Indeedee\n|-start|p1b: Indeedee|move: Taunt\n|move|p2a: Turbo|Ruination|p1b: Indeedee\n|-damage|p1b: Indeedee|17\/100\n|move|p1a: Torkoal|Eruption|p2a: Turbo|[spread] p2a,p2b\n|-damage|p2a: Turbo|24\/100\n|-damage|p2b: Jurassic Park|0 fnt\n|faint|p2b: Jurassic Park\n|-end|p2b: Jurassic Park|Protosynthesis|[silent]\n|\n|-weather|SunnyDay|[upkeep]\n|-heal|p2a: Turbo|31\/100|[from] item: Leftovers\n|upkeep\n|\n|t:|1683650050\n|switch|p2b: Mothra|Iron Moth, L50|100\/100\n|turn|5\n|\n|t:|1683650065\n|move|p2b: Mothra|Sludge Wave|p1b: Indeedee|[spread] p2a,p1a,p1b\n|-resisted|p2a: Turbo\n|-damage|p2a: Turbo|18\/100\n|-damage|p1a: Torkoal|51\/100\n|-damage|p1b: Indeedee|0 fnt\n|faint|p1b: Indeedee\n|move|p2a: Turbo|Knock Off|p1a: Torkoal\n|-damage|p1a: Torkoal|30\/100\n|-enditem|p1a: Torkoal|Charcoal|[from] move: Knock Off|[of] p2a: Turbo\n|move|p1a: Torkoal|Eruption|p2b: Mothra|[spread] p2a,p2b\n|-resisted|p2b: Mothra\n|-damage|p2a: Turbo|4\/100\n|-damage|p2b: Mothra|90\/100\n|\n|-weather|SunnyDay|[upkeep]\n|-heal|p2a: Turbo|10\/100|[from] item: Leftovers\n|-fieldend|move: Psychic Terrain\n|upkeep\n|\n|t:|1683650079\n|switch|p1b: Annihilape|Annihilape, L50, M|100\/100\n|turn|6\n|\n|t:|1683650097\n|move|p2a: Turbo|Protect|p2a: Turbo\n|-singleturn|p2a: Turbo|Protect\n|move|p1b: Annihilape|Final Gambit|p2b: Mothra\n|-damage|p2b: Mothra|0 fnt\n|faint|p1b: Annihilape\n|faint|p2b: Mothra\n|-end|p2b: Mothra|Quark Drive|[silent]\n|move|p1a: Torkoal|Flamethrower|p2a: Turbo\n|-activate|p2a: Turbo|move: Protect\n|\n|-weather|SunnyDay|[upkeep]\n|-heal|p2a: Turbo|16\/100|[from] item: Leftovers\n|upkeep\n|\n|t:|1683650110\n|switch|p2b: The Borg|Iron Treads, L50|100\/100\n|-enditem|p2b: The Borg|Booster Energy\n|-activate|p2b: The Borg|ability: Quark Drive|[fromitem]\n|-start|p2b: The Borg|quarkdriveatk\n|turn|7\n|-message|waddles722 forfeited.\n|\n|win|arieshasarisen\n|raw|waddles722's rating: 1145 → 1123<\/strong> (-22 for losing)\n|raw|arieshasarisen's rating: 1192 → 1214<\/strong> (+22 for winning)\n|l|\u2606waddles722\n","uploadtime":1683650126,"views":17,"p1id":"waddles722","p2id":"arieshasarisen","formatid":"gen9vgc2023regulationc","rating":1123,"private":0,"password":""}