{"id":"gen9vgc2023regulationc-1851501782","p1":"tukeydukey","p2":"Jesuuuus","format":"[Gen 9] VGC 2023 Regulation C","log":"|j|\u2606tukeydukey\n|j|\u2606Jesuuuus\n|t:|1682450444\n|gametype|doubles\n|player|p1|tukeydukey|elesa|1373\n|player|p2|Jesuuuus|lucas|1302\n|teamsize|p1|6\n|teamsize|p2|6\n|gen|9\n|tier|[Gen 9] VGC 2023 Regulation C\n|rated|\n|rule|Species Clause: Limit one of each Pok\u00e9mon\n|rule|Item Clause: Limit one of each item\n|clearpoke\n|poke|p1|Garganacl, L50, M|\n|poke|p1|Dondozo, L50, M|\n|poke|p1|Tatsugiri, L50, M|\n|poke|p1|Ting-Lu, L50|\n|poke|p1|Flutter Mane, L50|\n|poke|p1|Dragonite, L50, F|\n|poke|p2|Pawmot, L50, M|\n|poke|p2|Ting-Lu, L50|\n|poke|p2|Iron Bundle, L50|\n|poke|p2|Gholdengo, L50|\n|poke|p2|Amoonguss, L50, F|\n|poke|p2|Gyarados, L50, M|\n|teampreview|4\n|inactive|Battle timer is ON: inactive players will automatically lose when time's up. (requested by Jesuuuus)\n|inactive|tukeydukey has 60 seconds left.\n|inactive|Jesuuuus has 60 seconds left.\n|\n|t:|1682450484\n|start\n|switch|p1a: Garganacl|Garganacl, L50, M|100\/100\n|switch|p1b: Flutter Mane|Flutter Mane, L50|100\/100\n|switch|p2a: Pawmot|Pawmot, L50, M|100\/100\n|switch|p2b: Gholdengo|Gholdengo, L50|100\/100\n|turn|1\n|inactive|tukeydukey has 30 seconds left.\n|inactive|Jesuuuus has 30 seconds left.\n|inactive|tukeydukey has 20 seconds left.\n|\n|t:|1682450521\n|-terastallize|p2b: Gholdengo|Water\n|-terastallize|p1a: Garganacl|Ghost\n|move|p2a: Pawmot|Fake Out|p1a: Garganacl\n|-immune|p1a: Garganacl\n|move|p1b: Flutter Mane|Shadow Ball|p2b: Gholdengo\n|-damage|p2b: Gholdengo|33\/100\n|-unboost|p2b: Gholdengo|spd|1\n|move|p2b: Gholdengo|Nasty Plot|p2b: Gholdengo\n|-boost|p2b: Gholdengo|spa|2\n|move|p1a: Garganacl|Salt Cure|p2a: Pawmot\n|-resisted|p2a: Pawmot\n|-damage|p2a: Pawmot|90\/100\n|-start|p2a: Pawmot|Salt Cure\n|\n|-damage|p2a: Pawmot|77\/100|[from] Salt Cure\n|upkeep\n|turn|2\n|\n|t:|1682450544\n|switch|p2a: Amoonguss|Amoonguss, L50, F|100\/100\n|move|p2b: Gholdengo|Protect|p2b: Gholdengo\n|-singleturn|p2b: Gholdengo|Protect\n|move|p1b: Flutter Mane|Shadow Ball|p2b: Gholdengo\n|-activate|p2b: Gholdengo|move: Protect\n|move|p1a: Garganacl|Stealth Rock|p2a: Amoonguss\n|-sidestart|p2: Jesuuuus|move: Stealth Rock\n|\n|upkeep\n|turn|3\n|inactive|tukeydukey has 30 seconds left.\n|\n|t:|1682450577\n|-end|p1b: Flutter Mane|Protosynthesis|[silent]\n|switch|p1b: Tatsugiri|Tatsugiri, L50, M|100\/100\n|switch|p1a: Dondozo|Dondozo, L50, M|100\/100\n|-activate|p1b: Tatsugiri|ability: Commander|[of] p1a: Dondozo\n|-boost|p1a: Dondozo|atk|2\n|-boost|p1a: Dondozo|spa|2\n|-boost|p1a: Dondozo|spe|2\n|-boost|p1a: Dondozo|def|2\n|-boost|p1a: Dondozo|spd|2\n|move|p2a: Amoonguss|Rage Powder|p2a: Amoonguss\n|-singleturn|p2a: Amoonguss|move: Rage Powder\n|move|p2b: Gholdengo|Make It Rain|p1b: Tatsugiri|[spread] p1a\n|-miss|p2b: Gholdengo|p1b: Tatsugiri\n|-resisted|p1a: Dondozo\n|-damage|p1a: Dondozo|75\/100\n|-unboost|p2b: Gholdengo|spa|1\n|\n|-heal|p1a: Dondozo|81\/100|[from] item: Leftovers\n|upkeep\n|turn|4\n|\n|t:|1682450593\n|move|p2b: Gholdengo|Protect|p2b: Gholdengo\n|-singleturn|p2b: Gholdengo|Protect\n|move|p1a: Dondozo|Earthquake|p2a: Amoonguss|[spread] p2a\n|-miss|p1a: Dondozo|p1b: Tatsugiri\n|-activate|p2b: Gholdengo|move: Protect\n|-damage|p2a: Amoonguss|67\/100\n|move|p2a: Amoonguss|Spore|p1a: Dondozo\n|-status|p1a: Dondozo|slp|[from] move: Spore\n|\n|-heal|p1a: Dondozo|87\/100 slp|[from] item: Leftovers\n|upkeep\n|turn|5\n|\n|t:|1682450614\n|cant|p1a: Dondozo|slp\n|move|p2b: Gholdengo|Shadow Ball|p1a: Dondozo\n|-damage|p1a: Dondozo|57\/100 slp\n|move|p2a: Amoonguss|Pollen Puff|p2b: Gholdengo\n|-heal|p2b: Gholdengo|83\/100\n|\n|-heal|p1a: Dondozo|63\/100 slp|[from] item: Leftovers\n|upkeep\n|turn|6\n|\n|t:|1682450630\n|cant|p1a: Dondozo|slp\n|move|p2b: Gholdengo|Shadow Ball|p1a: Dondozo\n|-damage|p1a: Dondozo|35\/100 slp\n|move|p2a: Amoonguss|Pollen Puff|p2b: Gholdengo\n|-heal|p2b: Gholdengo|100\/100\n|\n|-heal|p1a: Dondozo|41\/100 slp|[from] item: Leftovers\n|upkeep\n|turn|7\n|\n|t:|1682450640\n|cant|p1a: Dondozo|slp\n|move|p2b: Gholdengo|Shadow Ball|p1a: Dondozo\n|-damage|p1a: Dondozo|15\/100 slp\n|move|p2a: Amoonguss|Spore|p1a: Dondozo\n|-fail|p1a: Dondozo|slp\n|\n|-heal|p1a: Dondozo|21\/100 slp|[from] item: Leftovers\n|upkeep\n|turn|8\n|\n|t:|1682450657\n|move|p2b: Gholdengo|Protect|p2b: Gholdengo\n|-singleturn|p2b: Gholdengo|Protect\n|-curestatus|p1a: Dondozo|slp|[msg]\n|move|p1a: Dondozo|Earthquake|p2a: Amoonguss|[spread] p2a\n|-miss|p1a: Dondozo|p1b: Tatsugiri\n|-activate|p2b: Gholdengo|move: Protect\n|-damage|p2a: Amoonguss|37\/100\n|-enditem|p2a: Amoonguss|Sitrus Berry|[eat]\n|-heal|p2a: Amoonguss|62\/100|[from] item: Sitrus Berry\n|move|p2a: Amoonguss|Spore|p1a: Dondozo\n|-status|p1a: Dondozo|slp|[from] move: Spore\n|\n|-heal|p1a: Dondozo|27\/100 slp|[from] item: Leftovers\n|upkeep\n|turn|9\n|\n|t:|1682450675\n|cant|p1a: Dondozo|slp\n|move|p2b: Gholdengo|Shadow Ball|p1a: Dondozo\n|-damage|p1a: Dondozo|0 fnt\n|faint|p1a: Dondozo\n|move|p2a: Amoonguss|Spore|p1b: Tatsugiri\n|-status|p1b: Tatsugiri|slp|[from] move: Spore\n|\n|upkeep\n|\n|t:|1682450683\n|switch|p1a: Garganacl|Garganacl, L50, M, tera:Ghost|100\/100\n|turn|10\n|\n|t:|1682450696\n|switch|p2a: Pawmot|Pawmot, L50, M|77\/100\n|-damage|p2a: Pawmot|71\/100|[from] Stealth Rock\n|cant|p1b: Tatsugiri|slp\n|move|p1b: Tatsugiri|Sleep Talk|p1b: Tatsugiri\n|move|p1b: Tatsugiri|Draco Meteor|p2b: Gholdengo|[from]move: Sleep Talk\n|-damage|p2b: Gholdengo|8\/100\n|-unboost|p1b: Tatsugiri|spa|2\n|move|p2b: Gholdengo|Make It Rain|p1b: Tatsugiri|[spread] p1a,p1b\n|-resisted|p1b: Tatsugiri\n|-damage|p1a: Garganacl|43\/100\n|-damage|p1b: Tatsugiri|40\/100 slp\n|-unboost|p2b: Gholdengo|spa|1\n|-enditem|p1a: Garganacl|Sitrus Berry|[eat]\n|-heal|p1a: Garganacl|68\/100|[from] item: Sitrus Berry\n|move|p1a: Garganacl|Salt Cure|p2a: Pawmot\n|-resisted|p2a: Pawmot\n|-damage|p2a: Pawmot|61\/100\n|-start|p2a: Pawmot|Salt Cure\n|\n|-damage|p2a: Pawmot|48\/100|[from] Salt Cure\n|upkeep\n|turn|11\n|inactive|tukeydukey has 30 seconds left.\n|inactive|Jesuuuus has 30 seconds left.\n|\n|t:|1682450724\n|move|p1a: Garganacl|Protect|p1a: Garganacl\n|-singleturn|p1a: Garganacl|Protect\n|move|p2a: Pawmot|Fake Out|p1b: Tatsugiri\n|-damage|p1b: Tatsugiri|14\/100 slp\n|cant|p1b: Tatsugiri|slp\n|cant|p1b: Tatsugiri|flinch\n|move|p2b: Gholdengo|Make It Rain|p1a: Garganacl|[spread] p1b\n|-activate|p1a: Garganacl|move: Protect\n|-resisted|p1b: Tatsugiri\n|-damage|p1b: Tatsugiri|0 fnt\n|-unboost|p2b: Gholdengo|spa|1\n|faint|p1b: Tatsugiri\n|\n|-damage|p2a: Pawmot|36\/100|[from] Salt Cure\n|upkeep\n|\n|t:|1682450730\n|switch|p1b: Flutter Mane|Flutter Mane, L50|100\/100\n|turn|12\n|\n|t:|1682450747\n|move|p1b: Flutter Mane|Dazzling Gleam|p2b: Gholdengo|[spread] p2a,p2b\n|-supereffective|p2a: Pawmot\n|-crit|p2a: Pawmot\n|-damage|p2a: Pawmot|0 fnt\n|-damage|p2b: Gholdengo|0 fnt\n|faint|p2a: Pawmot\n|faint|p2b: Gholdengo\n|move|p1a: Garganacl|Recover|p1a: Garganacl\n|-heal|p1a: Garganacl|100\/100\n|\n|upkeep\n|\n|t:|1682450751\n|switch|p2a: Amoonguss|Amoonguss, L50, F|95\/100\n|switch|p2b: Ting-Lu|Ting-Lu, L50|100\/100\n|-damage|p2b: Ting-Lu|94\/100|[from] Stealth Rock\n|-ability|p2b: Ting-Lu|Vessel of Ruin\n|-damage|p2a: Amoonguss|83\/100|[from] Stealth Rock\n|turn|13\n|\n|t:|1682450766\n|move|p1b: Flutter Mane|Dazzling Gleam|p2b: Ting-Lu|[spread] p2a,p2b\n|-resisted|p2a: Amoonguss\n|-supereffective|p2b: Ting-Lu\n|-damage|p2a: Amoonguss|65\/100\n|-damage|p2b: Ting-Lu|45\/100\n|move|p2b: Ting-Lu|Heavy Slam|p1b: Flutter Mane\n|-supereffective|p1b: Flutter Mane\n|-damage|p1b: Flutter Mane|0 fnt\n|faint|p1b: Flutter Mane\n|-end|p1b: Flutter Mane|Protosynthesis|[silent]\n|move|p1a: Garganacl|Salt Cure|p2b: Ting-Lu\n|-resisted|p2b: Ting-Lu\n|-damage|p2b: Ting-Lu|42\/100\n|-start|p2b: Ting-Lu|Salt Cure\n|move|p2a: Amoonguss|Pollen Puff|p2b: Ting-Lu\n|-heal|p2b: Ting-Lu|92\/100\n|\n|-heal|p2b: Ting-Lu|98\/100|[from] item: Leftovers\n|-damage|p2b: Ting-Lu|85\/100|[from] Salt Cure\n|upkeep\n|turn|14\n|\n|t:|1682450791\n|move|p2b: Ting-Lu|Ruination|p1a: Garganacl\n|-damage|p1a: Garganacl|50\/100\n|move|p1a: Garganacl|Salt Cure|p2a: Amoonguss\n|-damage|p2a: Amoonguss|54\/100\n|-start|p2a: Amoonguss|Salt Cure\n|move|p2a: Amoonguss|Pollen Puff|p1a: Garganacl\n|-resisted|p1a: Garganacl\n|-damage|p1a: Garganacl|46\/100\n|\n|-heal|p2b: Ting-Lu|92\/100|[from] item: Leftovers\n|-damage|p2b: Ting-Lu|79\/100|[from] Salt Cure\n|-damage|p2a: Amoonguss|42\/100|[from] Salt Cure\n|upkeep\n|turn|15\n|\n|t:|1682450810\n|move|p2b: Ting-Lu|Ruination|p1a: Garganacl\n|-damage|p1a: Garganacl|23\/100\n|move|p1a: Garganacl|Recover|p1a: Garganacl\n|-heal|p1a: Garganacl|73\/100\n|move|p2a: Amoonguss|Pollen Puff|p2b: Ting-Lu\n|-heal|p2b: Ting-Lu|100\/100\n|\n|-damage|p2b: Ting-Lu|88\/100|[from] Salt Cure\n|-damage|p2a: Amoonguss|30\/100|[from] Salt Cure\n|upkeep\n|turn|16\n|\n|t:|1682450829\n|move|p1a: Garganacl|Protect|p1a: Garganacl\n|-singleturn|p1a: Garganacl|Protect\n|move|p2b: Ting-Lu|Ruination|p1a: Garganacl\n|-activate|p1a: Garganacl|move: Protect\n|move|p2a: Amoonguss|Pollen Puff|p1a: Garganacl\n|-activate|p1a: Garganacl|move: Protect\n|\n|-heal|p2b: Ting-Lu|94\/100|[from] item: Leftovers\n|-damage|p2b: Ting-Lu|82\/100|[from] Salt Cure\n|-damage|p2a: Amoonguss|17\/100|[from] Salt Cure\n|upkeep\n|turn|17\n|\n|t:|1682450846\n|move|p2b: Ting-Lu|Ruination|p1a: Garganacl\n|-damage|p1a: Garganacl|37\/100\n|move|p1a: Garganacl|Recover|p1a: Garganacl\n|-heal|p1a: Garganacl|87\/100\n|move|p2a: Amoonguss|Pollen Puff|p2b: Ting-Lu\n|-heal|p2b: Ting-Lu|100\/100\n|\n|-damage|p2b: Ting-Lu|88\/100|[from] Salt Cure\n|-damage|p2a: Amoonguss|5\/100|[from] Salt Cure\n|upkeep\n|turn|18\n|\n|t:|1682450858\n|move|p1a: Garganacl|Protect|p1a: Garganacl\n|-singleturn|p1a: Garganacl|Protect\n|move|p2b: Ting-Lu|Stomping Tantrum|p1a: Garganacl\n|-activate|p1a: Garganacl|move: Protect\n|move|p2a: Amoonguss|Pollen Puff|p1a: Garganacl\n|-activate|p1a: Garganacl|move: Protect\n|\n|-heal|p2b: Ting-Lu|94\/100|[from] item: Leftovers\n|-damage|p2b: Ting-Lu|82\/100|[from] Salt Cure\n|-damage|p2a: Amoonguss|0 fnt|[from] Salt Cure\n|faint|p2a: Amoonguss\n|upkeep\n|turn|19\n|\n|t:|1682450871\n|move|p2b: Ting-Lu|Stomping Tantrum|p1a: Garganacl\n|-damage|p1a: Garganacl|62\/100\n|move|p1a: Garganacl|Salt Cure|p2b: Ting-Lu\n|-resisted|p2b: Ting-Lu\n|-damage|p2b: Ting-Lu|78\/100\n|\n|-heal|p2b: Ting-Lu|84\/100|[from] item: Leftovers\n|-damage|p2b: Ting-Lu|72\/100|[from] Salt Cure\n|upkeep\n|turn|20\n|\n|t:|1682450881\n|move|p1a: Garganacl|Protect|p1a: Garganacl\n|-singleturn|p1a: Garganacl|Protect\n|move|p2b: Ting-Lu|Ruination|p1a: Garganacl\n|-activate|p1a: Garganacl|move: Protect\n|\n|-heal|p2b: Ting-Lu|78\/100|[from] item: Leftovers\n|-damage|p2b: Ting-Lu|65\/100|[from] Salt Cure\n|upkeep\n|turn|21\n|\n|t:|1682450890\n|move|p2b: Ting-Lu|Ruination|p1a: Garganacl\n|-damage|p1a: Garganacl|32\/100\n|move|p1a: Garganacl|Recover|p1a: Garganacl\n|-heal|p1a: Garganacl|82\/100\n|\n|-heal|p2b: Ting-Lu|72\/100|[from] item: Leftovers\n|-damage|p2b: Ting-Lu|59\/100|[from] Salt Cure\n|upkeep\n|turn|22\n|\n|t:|1682450902\n|move|p1a: Garganacl|Protect|p1a: Garganacl\n|-singleturn|p1a: Garganacl|Protect\n|move|p2b: Ting-Lu|Ruination|p1a: Garganacl\n|-activate|p1a: Garganacl|move: Protect\n|\n|-heal|p2b: Ting-Lu|65\/100|[from] item: Leftovers\n|-damage|p2b: Ting-Lu|53\/100|[from] Salt Cure\n|upkeep\n|turn|23\n|\n|t:|1682450911\n|move|p2b: Ting-Lu|Ruination|p1a: Garganacl\n|-damage|p1a: Garganacl|41\/100\n|move|p1a: Garganacl|Salt Cure|p2b: Ting-Lu\n|-resisted|p2b: Ting-Lu\n|-damage|p2b: Ting-Lu|49\/100\n|\n|-heal|p2b: Ting-Lu|55\/100|[from] item: Leftovers\n|-damage|p2b: Ting-Lu|42\/100|[from] Salt Cure\n|upkeep\n|turn|24\n|\n|t:|1682450919\n|move|p1a: Garganacl|Protect|p1a: Garganacl\n|-singleturn|p1a: Garganacl|Protect\n|move|p2b: Ting-Lu|Heavy Slam|p1a: Garganacl\n|-activate|p1a: Garganacl|move: Protect\n|\n|-heal|p2b: Ting-Lu|49\/100|[from] item: Leftovers\n|-damage|p2b: Ting-Lu|36\/100|[from] Salt Cure\n|upkeep\n|turn|25\n|\n|t:|1682450927\n|move|p2b: Ting-Lu|Stomping Tantrum|p1a: Garganacl\n|-damage|p1a: Garganacl|18\/100\n|move|p1a: Garganacl|Recover|p1a: Garganacl\n|-heal|p1a: Garganacl|68\/100\n|\n|-heal|p2b: Ting-Lu|42\/100|[from] item: Leftovers\n|-damage|p2b: Ting-Lu|30\/100|[from] Salt Cure\n|upkeep\n|turn|26\n|\n|t:|1682450934\n|move|p1a: Garganacl|Protect|p1a: Garganacl\n|-singleturn|p1a: Garganacl|Protect\n|move|p2b: Ting-Lu|Ruination|p1a: Garganacl\n|-activate|p1a: Garganacl|move: Protect\n|\n|-heal|p2b: Ting-Lu|36\/100|[from] item: Leftovers\n|-damage|p2b: Ting-Lu|24\/100|[from] Salt Cure\n|upkeep\n|turn|27\n|\n|t:|1682450945\n|move|p2b: Ting-Lu|Ruination|p1a: Garganacl\n|-damage|p1a: Garganacl|34\/100\n|move|p1a: Garganacl|Recover|p1a: Garganacl\n|-heal|p1a: Garganacl|84\/100\n|\n|-heal|p2b: Ting-Lu|30\/100|[from] item: Leftovers\n|-damage|p2b: Ting-Lu|17\/100|[from] Salt Cure\n|upkeep\n|turn|28\n|\n|t:|1682450953\n|move|p1a: Garganacl|Protect|p1a: Garganacl\n|-singleturn|p1a: Garganacl|Protect\n|move|p2b: Ting-Lu|Ruination|p1a: Garganacl\n|-activate|p1a: Garganacl|move: Protect\n|\n|-heal|p2b: Ting-Lu|24\/100|[from] item: Leftovers\n|-damage|p2b: Ting-Lu|11\/100|[from] Salt Cure\n|upkeep\n|turn|29\n|\n|t:|1682450961\n|move|p2b: Ting-Lu|Ruination|p1a: Garganacl\n|-damage|p1a: Garganacl|43\/100\n|move|p1a: Garganacl|Salt Cure|p2b: Ting-Lu\n|-resisted|p2b: Ting-Lu\n|-damage|p2b: Ting-Lu|8\/100\n|\n|-heal|p2b: Ting-Lu|14\/100|[from] item: Leftovers\n|-damage|p2b: Ting-Lu|1\/100|[from] Salt Cure\n|upkeep\n|turn|30\n|\n|t:|1682450970\n|move|p1a: Garganacl|Protect|p1a: Garganacl\n|-singleturn|p1a: Garganacl|Protect\n|move|p2b: Ting-Lu|Stomping Tantrum|p1a: Garganacl\n|-activate|p1a: Garganacl|move: Protect\n|\n|-heal|p2b: Ting-Lu|8\/100|[from] item: Leftovers\n|-damage|p2b: Ting-Lu|0 fnt|[from] Salt Cure\n|faint|p2b: Ting-Lu\n|\n|win|tukeydukey\n|upkeep\n|raw|tukeydukey's rating: 1373 → 1389<\/strong> (+16 for winning)\n|raw|Jesuuuus's rating: 1302 → 1286<\/strong> (-16 for losing)\n|l|\u2606Jesuuuus\n","uploadtime":1682450980,"views":11,"p1id":"tukeydukey","p2id":"jesuuuus","formatid":"gen9vgc2023regulationc","rating":1286,"private":0,"password":""}