{"id":"gen9vgc2023regulationc-1850659262","p1":"Hd70","p2":"Juliogu10","format":"[Gen 9] VGC 2023 Regulation C","log":"|j|\u2606Hd70\n|j|\u2606Juliogu10\n|t:|1682356840\n|gametype|doubles\n|player|p1|Hd70|102|1367\n|player|p2|Juliogu10|170|1346\n|teamsize|p1|6\n|teamsize|p2|6\n|gen|9\n|tier|[Gen 9] VGC 2023 Regulation C\n|rated|\n|rule|Species Clause: Limit one of each Pok\u00e9mon\n|rule|Item Clause: Limit one of each item\n|clearpoke\n|poke|p1|Iron Valiant, L50|\n|poke|p1|Iron Bundle, L50|\n|poke|p1|Ting-Lu, L50|\n|poke|p1|Amoonguss, L50, F|\n|poke|p1|Skeledirge, L50, M|\n|poke|p1|Kilowattrel, L50, F|\n|poke|p2|Palafin, L50, M|\n|poke|p2|Amoonguss, L50, F|\n|poke|p2|Dragapult, L50, F|\n|poke|p2|Flutter Mane, L50|\n|poke|p2|Chien-Pao, L50|\n|poke|p2|Great Tusk, L50|\n|teampreview|4\n|inactive|Battle timer is ON: inactive players will automatically lose when time's up. (requested by Juliogu10)\n|inactive|Juliogu10 has 60 seconds left.\n|inactive|Juliogu10 has 30 seconds left.\n|inactive|Juliogu10 has 20 seconds left.\n|inactive|Juliogu10 has 15 seconds left.\n|inactive|Juliogu10 has 10 seconds left.\n|inactive|Juliogu10 has 5 seconds left.\n|\n|t:|1682356937\n|start\n|switch|p1a: Iron Valiant|Iron Valiant, L50|100\/100\n|switch|p1b: Iron Bundle|Iron Bundle, L50|100\/100\n|switch|p2a: Amoonguss|Amoonguss, L50, F|100\/100\n|switch|p2b: Dragapult|Dragapult, L50, F|100\/100\n|-enditem|p1a: Iron Valiant|Booster Energy\n|-activate|p1a: Iron Valiant|ability: Quark Drive|[fromitem]\n|-start|p1a: Iron Valiant|quarkdrivespe\n|turn|1\n|inactive|Hd70 has 30 seconds left.\n|inactive|Juliogu10 has 30 seconds left.\n|inactive|Juliogu10 has 20 seconds left.\n|inactive|Juliogu10 has 15 seconds left.\n|inactive|Juliogu10 has 10 seconds left.\n|inactive|Juliogu10 has 5 seconds left.\n|\n|t:|1682356989\n|move|p1a: Iron Valiant|Spirit Break|p2b: Dragapult\n|-supereffective|p2b: Dragapult\n|-damage|p2b: Dragapult|3\/100\n|move|p2b: Dragapult|Phantom Force||[still]\n|-prepare|p2b: Dragapult|Phantom Force\n|move|p1b: Iron Bundle|Icy Wind|p2b: Dragapult|[spread] p2a\n|-miss|p1b: Iron Bundle|p2b: Dragapult\n|-supereffective|p2a: Amoonguss\n|-damage|p2a: Amoonguss|67\/100\n|move|p2a: Amoonguss|Spore|p1a: Iron Valiant\n|-status|p1a: Iron Valiant|slp|[from] move: Spore\n|\n|upkeep\n|turn|2\n|inactive|Juliogu10 has 30 seconds left.\n|\n|t:|1682357021\n|cant|p1a: Iron Valiant|slp\n|move|p2b: Dragapult|Phantom Force|p1b: Iron Bundle|[from]lockedmove\n|-damage|p1b: Iron Bundle|11\/100\n|move|p1b: Iron Bundle|Icy Wind|p2a: Amoonguss|[spread] p2a,p2b\n|-supereffective|p2a: Amoonguss\n|-supereffective|p2b: Dragapult\n|-damage|p2a: Amoonguss|33\/100\n|-damage|p2b: Dragapult|0 fnt\n|faint|p2b: Dragapult\n|move|p2a: Amoonguss|Pollen Puff|p1b: Iron Bundle\n|-damage|p1b: Iron Bundle|0 fnt\n|faint|p1b: Iron Bundle\n|-end|p1b: Iron Bundle|Quark Drive|[silent]\n|\n|upkeep\n|\n|t:|1682357043\n|switch|p2b: Great Tusk|Great Tusk, L50|100\/100\n|switch|p1b: Skeledirge|Skeledirge, L50, M|100\/100\n|turn|3\n|inactive|Juliogu10 has 30 seconds left.\n|inactive|Juliogu10 has 20 seconds left.\n|inactive|Juliogu10 has 15 seconds left.\n|\n|t:|1682357085\n|-terastallize|p2b: Great Tusk|Steel\n|-terastallize|p1b: Skeledirge|Fairy\n|cant|p1a: Iron Valiant|slp\n|move|p2b: Great Tusk|Iron Head|p1a: Iron Valiant\n|-supereffective|p1a: Iron Valiant\n|-damage|p1a: Iron Valiant|0 fnt\n|faint|p1a: Iron Valiant\n|-end|p1a: Iron Valiant|Quark Drive|[silent]\n|move|p1b: Skeledirge|Torch Song|p2a: Amoonguss\n|-supereffective|p2a: Amoonguss\n|-damage|p2a: Amoonguss|0 fnt\n|-boost|p1b: Skeledirge|spa|1\n|faint|p2a: Amoonguss\n|\n|upkeep\n|\n|t:|1682357101\n|switch|p1a: Ting-Lu|Ting-Lu, L50|100\/100\n|switch|p2a: Chien-Pao|Chien-Pao, L50|100\/100\n|-ability|p2a: Chien-Pao|Sword of Ruin\n|-ability|p1a: Ting-Lu|Vessel of Ruin\n|turn|4\n|\n|t:|1682357111\n|move|p1b: Skeledirge|Protect|p1b: Skeledirge\n|-singleturn|p1b: Skeledirge|Protect\n|move|p2b: Great Tusk|Iron Head|p1b: Skeledirge\n|-activate|p1b: Skeledirge|move: Protect\n|move|p2a: Chien-Pao|Ice Spinner|p1a: Ting-Lu\n|-supereffective|p1a: Ting-Lu\n|-damage|p1a: Ting-Lu|34\/100\n|move|p1a: Ting-Lu|Earthquake|p2a: Chien-Pao|[spread] p2a,p2b\n|-activate|p1b: Skeledirge|move: Protect\n|-supereffective|p2b: Great Tusk\n|-damage|p2a: Chien-Pao|45\/100\n|-damage|p2b: Great Tusk|30\/100\n|\n|upkeep\n|turn|5\n|\n|t:|1682357131\n|move|p2b: Great Tusk|Iron Head|p1b: Skeledirge\n|-supereffective|p1b: Skeledirge\n|-damage|p1b: Skeledirge|11\/100\n|move|p2a: Chien-Pao|Ice Spinner|p1a: Ting-Lu\n|-supereffective|p1a: Ting-Lu\n|-damage|p1a: Ting-Lu|0 fnt\n|faint|p1a: Ting-Lu\n|move|p1b: Skeledirge|Torch Song|p2b: Great Tusk\n|-supereffective|p2b: Great Tusk\n|-damage|p2b: Great Tusk|0 fnt\n|-boost|p1b: Skeledirge|spa|1\n|faint|p2b: Great Tusk\n|-end|p2b: Great Tusk|Protosynthesis|[silent]\n|\n|-heal|p1b: Skeledirge|18\/100|[from] item: Leftovers\n|upkeep\n|turn|6\n|inactive|Juliogu10 has 30 seconds left.\n|inactive|Juliogu10 has 20 seconds left.\n|\n|t:|1682357170\n|move|p2a: Chien-Pao|Ice Spinner|p1b: Skeledirge\n|-damage|p1b: Skeledirge|0 fnt\n|faint|p1b: Skeledirge\n|\n|win|Juliogu10\n|raw|Hd70's rating: 1367 → 1346<\/strong> (-21 for losing)\n|raw|Juliogu10's rating: 1346 → 1367<\/strong> (+21 for winning)\n|l|\u2606Hd70\n","uploadtime":1682357179,"views":15,"p1id":"hd70","p2id":"juliogu10","formatid":"gen9vgc2023regulationc","rating":1346,"private":0,"password":""}