{"id":"gen9vgc2023regulationc-1848832251","p1":"Rafarofa","p2":"SorcererBadgerTG","format":"[Gen 9] VGC 2023 Regulation C","log":"|j|\u2606Rafarofa\n|j|\u2606SorcererBadgerTG\n|t:|1682115259\n|gametype|doubles\n|player|p1|Rafarofa|dancer|1075\n|player|p2|SorcererBadgerTG|265|1089\n|teamsize|p1|6\n|teamsize|p2|6\n|gen|9\n|tier|[Gen 9] VGC 2023 Regulation C\n|rated|\n|rule|Species Clause: Limit one of each Pok\u00e9mon\n|rule|Item Clause: Limit one of each item\n|clearpoke\n|poke|p1|Hariyama, L50, M|\n|poke|p1|Arcanine, L50, M|\n|poke|p1|Amoonguss, L50, F|\n|poke|p1|Annihilape, L50, F|\n|poke|p1|Grimmsnarl, L50, M|\n|poke|p1|Glimmora, L50, M|\n|poke|p2|Chi-Yu, L50|\n|poke|p2|Iron Moth, L50|\n|poke|p2|Murkrow, L50, F|\n|poke|p2|Palafin, L50, M|\n|poke|p2|Great Tusk, L50|\n|poke|p2|Indeedee-F, L50, F|\n|teampreview|4\n|inactive|Battle timer is ON: inactive players will automatically lose when time's up. (requested by Rafarofa)\nRafarofa rejected open team sheets.\n|inactive|SorcererBadgerTG has 60 seconds left.\n|inactive|SorcererBadgerTG has 30 seconds left.\n|inactive|SorcererBadgerTG has 20 seconds left.\n|inactive|SorcererBadgerTG has 15 seconds left.\n|\n|t:|1682115348\n|start\n|switch|p1a: Hariyama|Hariyama, L50, M|100\/100\n|switch|p1b: Glimmora|Glimmora, L50, M|100\/100\n|switch|p2a: Palafin|Palafin, L50, M|100\/100\n|switch|p2b: Iron Moth|Iron Moth, L50|100\/100\n|-enditem|p2b: Iron Moth|Booster Energy\n|-activate|p2b: Iron Moth|ability: Quark Drive|[fromitem]\n|-start|p2b: Iron Moth|quarkdrivespa\n|turn|1\n|inactive|SorcererBadgerTG has 30 seconds left.\n|inactive|SorcererBadgerTG has 20 seconds left.\n|inactive|SorcererBadgerTG has 15 seconds left.\n|inactive|SorcererBadgerTG has 10 seconds left.\n|\n|t:|1682115396\n|move|p2b: Iron Moth|Protect|p2b: Iron Moth\n|-singleturn|p2b: Iron Moth|Protect\n|move|p2a: Palafin|Protect|p2a: Palafin\n|-singleturn|p2a: Palafin|Protect\n|move|p1a: Hariyama|Fake Out|p2b: Iron Moth\n|-activate|p2b: Iron Moth|move: Protect\n|move|p1b: Glimmora|Mortal Spin|p2b: Iron Moth|[spread] \n|-activate|p2a: Palafin|move: Protect\n|-activate|p2b: Iron Moth|move: Protect\n|\n|-status|p1a: Hariyama|brn|[from] item: Flame Orb\n|upkeep\n|turn|2\n|\n|t:|1682115420\n|detailschange|p2a: Palafin|Palafin-Hero, L50, M\n|switch|p2a: Chi-Yu|Chi-Yu, L50|100\/100\n|-ability|p2a: Chi-Yu|Beads of Ruin\n|-terastallize|p2b: Iron Moth|Water\n|move|p2b: Iron Moth|Fiery Dance|p1a: Hariyama\n|-damage|p1a: Hariyama|31\/100 brn\n|move|p1b: Glimmora|Mortal Spin|p2a: Chi-Yu|[spread] p2a,p2b\n|-damage|p2a: Chi-Yu|96\/100\n|-damage|p2b: Iron Moth|95\/100\n|-status|p2a: Chi-Yu|psn\n|-status|p2b: Iron Moth|psn\n|move|p1a: Hariyama|Bulk Up|p1a: Hariyama\n|-boost|p1a: Hariyama|atk|1\n|-boost|p1a: Hariyama|def|1\n|\n|-damage|p2b: Iron Moth|83\/100 psn|[from] psn\n|-damage|p2a: Chi-Yu|83\/100 psn|[from] psn\n|-damage|p1a: Hariyama|25\/100 brn|[from] brn\n|upkeep\n|turn|3\n|inactive|Rafarofa has 30 seconds left.\n|inactive|SorcererBadgerTG has 30 seconds left.\n|inactive|Rafarofa has 20 seconds left.\n|inactive|SorcererBadgerTG has 20 seconds left.\n|inactive|SorcererBadgerTG has 15 seconds left.\n|inactive|SorcererBadgerTG has 10 seconds left.\n|\n|t:|1682115466\n|switch|p1a: Grimmsnarl|Grimmsnarl, L50, M|100\/100\n|move|p2b: Iron Moth|Fiery Dance|p1b: Glimmora\n|-resisted|p1b: Glimmora\n|-damage|p1b: Glimmora|50\/100\n|move|p1b: Glimmora|Power Gem|p2a: Chi-Yu\n|-supereffective|p2a: Chi-Yu\n|-damage|p2a: Chi-Yu|0 fnt\n|faint|p2a: Chi-Yu\n|\n|-damage|p2b: Iron Moth|70\/100 psn|[from] psn\n|upkeep\n|\n|t:|1682115486\n|switch|p2a: Indeedee|Indeedee-F, L50, F|100\/100\n|-fieldstart|move: Psychic Terrain|[from] ability: Psychic Surge|[of] p2a: Indeedee\n|turn|4\n|\n|t:|1682115497\n|move|p2a: Indeedee|Protect|p2a: Indeedee\n|-singleturn|p2a: Indeedee|Protect\n|move|p1a: Grimmsnarl|Light Screen|p1a: Grimmsnarl\n|-sidestart|p1: Rafarofa|move: Light Screen\n|move|p2b: Iron Moth|Discharge|p1b: Glimmora|[spread] p1a,p1b\n|-activate|p2a: Indeedee|move: Protect\n|-damage|p1a: Grimmsnarl|80\/100\n|-damage|p1b: Glimmora|25\/100\n|move|p1b: Glimmora|Mortal Spin|p2a: Indeedee|[spread] p2b\n|-activate|p2a: Indeedee|move: Protect\n|-damage|p2b: Iron Moth|64\/100 psn\n|\n|-damage|p2b: Iron Moth|52\/100 psn|[from] psn\n|upkeep\n|turn|5\n|\n|t:|1682115516\n|move|p1a: Grimmsnarl|Reflect|p1a: Grimmsnarl\n|-sidestart|p1: Rafarofa|Reflect\n|move|p2b: Iron Moth|Fiery Dance|p1b: Glimmora\n|-resisted|p1b: Glimmora\n|-damage|p1b: Glimmora|0 fnt\n|faint|p1b: Glimmora\n|move|p2a: Indeedee|Heal Pulse|p2b: Iron Moth\n|-heal|p2b: Iron Moth|100\/100 psn\n|\n|-damage|p2b: Iron Moth|88\/100 psn|[from] psn\n|upkeep\n|\n|t:|1682115526\n|switch|p1b: Amoonguss|Amoonguss, L50, F, shiny|100\/100\n|turn|6\n|\n|t:|1682115540\n|-terastallize|p1b: Amoonguss|Rock\n|move|p2a: Indeedee|Follow Me|p2a: Indeedee\n|-singleturn|p2a: Indeedee|move: Follow Me\n|move|p1b: Amoonguss|Rage Powder|p1b: Amoonguss\n|-singleturn|p1b: Amoonguss|move: Rage Powder\n|move|p2b: Iron Moth|Fiery Dance|p1b: Amoonguss\n|-resisted|p1b: Amoonguss\n|-damage|p1b: Amoonguss|90\/100\n|-boost|p2b: Iron Moth|spa|1\n|move|p1a: Grimmsnarl|Spirit Break|p2a: Indeedee\n|-damage|p2a: Indeedee|56\/100\n|-unboost|p2a: Indeedee|spa|1\n|\n|-damage|p2b: Iron Moth|76\/100 psn|[from] psn\n|upkeep\n|turn|7\n|\n|t:|1682115560\n|move|p1b: Amoonguss|Protect|p1b: Amoonguss\n|-singleturn|p1b: Amoonguss|Protect\n|move|p2b: Iron Moth|Bug Buzz|p1a: Grimmsnarl\n|-damage|p1a: Grimmsnarl|38\/100\n|move|p2a: Indeedee|Dazzling Gleam|p1b: Amoonguss|[spread] p1a\n|-activate|p1b: Amoonguss|move: Protect\n|-supereffective|p1a: Grimmsnarl\n|-damage|p1a: Grimmsnarl|26\/100\n|move|p1a: Grimmsnarl|Spirit Break|p2b: Iron Moth\n|-damage|p2b: Iron Moth|26\/100 psn\n|-unboost|p2b: Iron Moth|spa|1\n|\n|-damage|p2b: Iron Moth|13\/100 psn|[from] psn\n|upkeep\n|turn|8\n|\n|t:|1682115584\n|move|p1b: Amoonguss|Rage Powder|p1b: Amoonguss\n|-singleturn|p1b: Amoonguss|move: Rage Powder\n|move|p2b: Iron Moth|Fiery Dance|p1b: Amoonguss\n|-resisted|p1b: Amoonguss\n|-damage|p1b: Amoonguss|78\/100\n|move|p2a: Indeedee|Heal Pulse|p1b: Amoonguss\n|-heal|p1b: Amoonguss|100\/100\n|move|p1a: Grimmsnarl|Spirit Break|p2a: Indeedee\n|-damage|p2a: Indeedee|8\/100\n|-unboost|p2a: Indeedee|spa|1\n|\n|-damage|p2b: Iron Moth|1\/100 psn|[from] psn\n|upkeep\n|turn|9\n|inactive|SorcererBadgerTG has 30 seconds left.\n|\n|t:|1682115612\n|move|p1b: Amoonguss|Rage Powder|p1b: Amoonguss\n|-singleturn|p1b: Amoonguss|move: Rage Powder\n|move|p2b: Iron Moth|Discharge|p1b: Amoonguss|[spread] p2a,p1a,p1b\n|-damage|p2a: Indeedee|0 fnt\n|-damage|p1a: Grimmsnarl|7\/100\n|-damage|p1b: Amoonguss|88\/100\n|faint|p2a: Indeedee\n|move|p1a: Grimmsnarl|Spirit Break|p2b: Iron Moth\n|-damage|p2b: Iron Moth|0 fnt\n|faint|p2b: Iron Moth\n|-end|p2b: Iron Moth|Quark Drive|[silent]\n|\n|upkeep\n|\n|t:|1682115624\n|switch|p2b: Palafin|Palafin-Hero, L50, M|100\/100\n|-activate|p2b: Palafin|ability: Zero to Hero\n|turn|10\n|\n|t:|1682115636\n|move|p2b: Palafin|Protect|p2b: Palafin\n|-singleturn|p2b: Palafin|Protect\n|move|p1b: Amoonguss|Protect|p1b: Amoonguss\n|-singleturn|p1b: Amoonguss|Protect\n|move|p1a: Grimmsnarl|Spirit Break|p2b: Palafin\n|-activate|p2b: Palafin|move: Protect\n|\n|upkeep\n|turn|11\n|\n|t:|1682115656\n|move|p2b: Palafin|Encore|p1b: Amoonguss\n|-start|p1b: Amoonguss|Encore\n|move|p1a: Grimmsnarl|Spirit Break|p2b: Palafin\n|-damage|p2b: Palafin|66\/100\n|-unboost|p2b: Palafin|spa|1\n|move|p1b: Amoonguss|Protect||[still]\n|-fail|p1b: Amoonguss\n|\n|-sideend|p1: Rafarofa|move: Light Screen\n|-fieldend|move: Psychic Terrain\n|upkeep\n|turn|12\n|\n|t:|1682115668\n|move|p1b: Amoonguss|Protect|p1b: Amoonguss\n|-singleturn|p1b: Amoonguss|Protect\n|move|p2b: Palafin|Jet Punch|p1a: Grimmsnarl\n|-damage|p1a: Grimmsnarl|0 fnt\n|faint|p1a: Grimmsnarl\n|\n|-sideend|p1: Rafarofa|Reflect\n|upkeep\n|\n|t:|1682115672\n|switch|p1a: Hariyama|Hariyama, L50, M|25\/100 brn\n|turn|13\n|\n|t:|1682115682\n|move|p2b: Palafin|Protect|p2b: Palafin\n|-singleturn|p2b: Palafin|Protect\n|move|p1b: Amoonguss|Protect||[still]\n|-fail|p1b: Amoonguss\n|move|p1a: Hariyama|Fake Out|p2b: Palafin\n|-activate|p2b: Palafin|move: Protect\n|\n|-damage|p1a: Hariyama|19\/100 brn|[from] brn\n|-end|p1b: Amoonguss|Encore\n|upkeep\n|turn|14\n|\n|t:|1682115694\n|move|p2b: Palafin|Encore|p1b: Amoonguss\n|-start|p1b: Amoonguss|Encore\n|move|p1a: Hariyama|Drain Punch|p2b: Palafin\n|-damage|p2b: Palafin|13\/100\n|-heal|p1a: Hariyama|38\/100 brn|[from] drain|[of] p2b: Palafin\n|move|p1b: Amoonguss|Protect||[still]\n|-fail|p1b: Amoonguss\n|\n|-damage|p1a: Hariyama|32\/100 brn|[from] brn\n|upkeep\n|turn|15\n|\n|t:|1682115711\n|move|p1b: Amoonguss|Protect|p1b: Amoonguss\n|-singleturn|p1b: Amoonguss|Protect\n|move|p2b: Palafin|Jet Punch|p1a: Hariyama\n|-damage|p1a: Hariyama|0 fnt\n|faint|p1a: Hariyama\n|\n|upkeep\n|turn|16\n|\n|t:|1682115718\n|move|p1b: Amoonguss|Protect||[still]\n|-fail|p1b: Amoonguss\n|move|p2b: Palafin|Jet Punch|p1b: Amoonguss\n|-supereffective|p1b: Amoonguss\n|-damage|p1b: Amoonguss|0 fnt\n|faint|p1b: Amoonguss\n|\n|win|SorcererBadgerTG\n|raw|Rafarofa's rating: 1075 → 1055<\/strong> (-20 for losing)\n|raw|SorcererBadgerTG's rating: 1089 → 1115<\/strong> (+26 for winning)\n|l|\u2606Rafarofa\n","uploadtime":1682115727,"views":12,"p1id":"rafarofa","p2id":"sorcererbadgertg","formatid":"gen9vgc2023regulationc","rating":1055,"private":0,"password":""}