{"id":"gen9vgc2023regulationc-1846369660","p1":"DNok","p2":"0c0ffee","format":"[Gen 9] VGC 2023 Regulation C","log":"|j|\u2606DNok\n|j|\u26060c0ffee\n|t:|1681835369\n|gametype|doubles\n|player|p1|DNok|pokemonbreeder-gen4|1012\n|player|p2|0c0ffee|rosa|1000\n|teamsize|p1|6\n|teamsize|p2|6\n|gen|9\n|tier|[Gen 9] VGC 2023 Regulation C\n|rated|\n|rule|Species Clause: Limit one of each Pok\u00e9mon\n|rule|Item Clause: Limit one of each item\n|clearpoke\n|poke|p1|Volcarona, L50, M|\n|poke|p1|Oricorio, L50, F|\n|poke|p1|Farigiraf, L50, M|\n|poke|p1|Great Tusk, L50|\n|poke|p1|Pawmot, L50, F|\n|poke|p1|Amoonguss, L50, F|\n|poke|p2|Kilowattrel, L50, M|\n|poke|p2|Brambleghast, L50, F|\n|poke|p2|Great Tusk, L50|\n|poke|p2|Torkoal, L50, F|\n|poke|p2|Jumpluff, L50, F|\n|poke|p2|Flutter Mane, L50|\n|teampreview|4\n|inactive|Battle timer is ON: inactive players will automatically lose when time's up. (requested by DNok)\n|\n|t:|1681835386\n|start\n|switch|p1a: Farigiraf|Farigiraf, L50, M|100\/100\n|switch|p1b: Great Tusk|Great Tusk, L50|100\/100\n|switch|p2a: Jumpluff|Jumpluff, L50, F, shiny|100\/100\n|switch|p2b: Kilowattrel|Kilowattrel, L50, M|100\/100\n|turn|1\n|inactive|0c0ffee has 30 seconds left.\n|\n|t:|1681835417\n|move|p2a: Jumpluff|Tailwind|p2a: Jumpluff\n|-sidestart|p2: 0c0ffee|move: Tailwind\n|-start|p2b: Kilowattrel|Charge|Tailwind|[from] ability: Wind Power\n|move|p2b: Kilowattrel|Electro Ball|p1a: Farigiraf\n|-damage|p1a: Farigiraf|0 fnt\n|faint|p1a: Farigiraf\n|-end|p2b: Kilowattrel|Charge|[silent]\n|move|p1b: Great Tusk|Head Smash|p2b: Kilowattrel\n|-supereffective|p2b: Kilowattrel\n|-damage|p2b: Kilowattrel|0 fnt\n|faint|p2b: Kilowattrel\n|-damage|p1b: Great Tusk|68\/100|[from] Recoil\n|\n|upkeep\n|\n|t:|1681835429\n|switch|p2b: Brambleghast|Brambleghast, L50, F|100\/100\n|switch|p1a: Pawmot|Pawmot, L50, F|100\/100\n|-ability|p2b: Brambleghast|Wind Rider|boost\n|-boost|p2b: Brambleghast|atk|1\n|turn|2\n|inactive|DNok has 30 seconds left.\n|inactive|0c0ffee has 30 seconds left.\n|inactive|DNok has 20 seconds left.\n|inactive|0c0ffee has 20 seconds left.\n|inactive|0c0ffee has 15 seconds left.\n|\n|t:|1681835474\n|move|p2a: Jumpluff|Fairy Wind|p1b: Great Tusk\n|-supereffective|p1b: Great Tusk\n|-damage|p1b: Great Tusk|58\/100\n|move|p2b: Brambleghast|Phantom Force||[still]\n|-prepare|p2b: Brambleghast|Phantom Force\n|move|p1a: Pawmot|Fire Punch|p2b: Brambleghast|[miss]\n|-miss|p1a: Pawmot|p2b: Brambleghast\n|move|p1b: Great Tusk|Knock Off|p2b: Brambleghast|[miss]\n|-miss|p1b: Great Tusk|p2b: Brambleghast\n|\n|upkeep\n|turn|3\n|\n|t:|1681835489\n|move|p2a: Jumpluff|Sleep Powder|p1a: Pawmot\n|-status|p1a: Pawmot|slp|[from] move: Sleep Powder\n|move|p2b: Brambleghast|Phantom Force|p1a: Pawmot|[from]lockedmove\n|-damage|p1a: Pawmot|0 fnt\n|faint|p1a: Pawmot\n|move|p1b: Great Tusk|Knock Off|p2b: Brambleghast\n|-supereffective|p2b: Brambleghast\n|-damage|p2b: Brambleghast|0 fnt\n|-enditem|p2b: Brambleghast|Choice Band|[from] move: Knock Off|[of] p1b: Great Tusk\n|faint|p2b: Brambleghast\n|\n|upkeep\n|\n|t:|1681835499\n|switch|p1a: Amoonguss|Amoonguss, L50, F|100\/100\n|switch|p2b: Great Tusk|Great Tusk, L50|100\/100\n|turn|4\n|inactive|DNok has 30 seconds left.\n|\n|t:|1681835525\n|move|p2a: Jumpluff|Rage Powder|p2a: Jumpluff\n|-singleturn|p2a: Jumpluff|move: Rage Powder\n|move|p1a: Amoonguss|Rage Powder|p1a: Amoonguss\n|-singleturn|p1a: Amoonguss|move: Rage Powder\n|move|p2b: Great Tusk|Close Combat|p1a: Amoonguss\n|-resisted|p1a: Amoonguss\n|-damage|p1a: Amoonguss|67\/100\n|-unboost|p2b: Great Tusk|def|1\n|-unboost|p2b: Great Tusk|spd|1\n|move|p1b: Great Tusk|Knock Off|p2a: Jumpluff\n|-damage|p2a: Jumpluff|53\/100\n|-enditem|p2a: Jumpluff|Covert Cloak|[from] move: Knock Off|[of] p1b: Great Tusk\n|\n|-heal|p1a: Amoonguss|72\/100|[from] item: Black Sludge\n|-sideend|p2: 0c0ffee|move: Tailwind\n|upkeep\n|turn|5\n|\n|t:|1681835540\n|move|p1a: Amoonguss|Rage Powder|p1a: Amoonguss\n|-singleturn|p1a: Amoonguss|move: Rage Powder\n|move|p2a: Jumpluff|Fairy Wind|p1b: Great Tusk\n|-supereffective|p1b: Great Tusk\n|-damage|p1b: Great Tusk|50\/100\n|move|p2b: Great Tusk|Close Combat|p1a: Amoonguss\n|-resisted|p1a: Amoonguss\n|-damage|p1a: Amoonguss|38\/100\n|-unboost|p2b: Great Tusk|def|1\n|-unboost|p2b: Great Tusk|spd|1\n|move|p1b: Great Tusk|Head Smash|p2a: Jumpluff\n|-supereffective|p2a: Jumpluff\n|-damage|p2a: Jumpluff|0 fnt\n|faint|p2a: Jumpluff\n|-damage|p1b: Great Tusk|28\/100|[from] Recoil\n|\n|-heal|p1a: Amoonguss|44\/100|[from] item: Black Sludge\n|upkeep\n|turn|6\n|-message|0c0ffee forfeited.\n|\n|win|DNok\n|raw|DNok's rating: 1012 → 1049<\/strong> (+37 for winning)\n|raw|0c0ffee's rating: 1000 → 1000<\/strong> (+0 for losing)\n|l|\u26060c0ffee\n","uploadtime":1681835569,"views":15,"p1id":"dnok","p2id":"0c0ffee","formatid":"gen9vgc2023regulationc","rating":1000,"private":0,"password":""}