{"id":"gen9vgc2023regulationc-1859848844","p1":"Relativeness","p2":"TomoTaco69","format":"[Gen 9] VGC 2023 Regulation C","log":"|j|\u2606Relativeness\n|j|\u2606TomoTaco69\n|t:|1683569618\n|gametype|doubles\n|player|p1|Relativeness|170|1297\n|player|p2|TomoTaco69|266|1285\n|teamsize|p1|6\n|teamsize|p2|6\n|gen|9\n|tier|[Gen 9] VGC 2023 Regulation C\n|rated|\n|rule|Species Clause: Limit one of each Pok\u00e9mon\n|rule|Item Clause: Limit one of each item\n|clearpoke\n|poke|p1|Glimmora, L50, M|\n|poke|p1|Mimikyu, L50, F|\n|poke|p1|Orthworm, L50, M|\n|poke|p1|Dragonite, L50, F|\n|poke|p1|Tatsugiri, L50, M|\n|poke|p1|Chi-Yu, L50|\n|poke|p2|Flutter Mane, L50|\n|poke|p2|Arcanine, L50, M|\n|poke|p2|Amoonguss, L50, M|\n|poke|p2|Palafin, L50, M|\n|poke|p2|Gardevoir, L50, F|\n|poke|p2|Ting-Lu, L50|\n|teampreview|4\n|inactive|Battle timer is ON: inactive players will automatically lose when time's up. (requested by TomoTaco69)\n|\n|t:|1683569635\n|start\n|switch|p1a: Glimmora|Glimmora, L50, M, shiny|100\/100\n|switch|p1b: Mimikyu|Mimikyu, L50, F|100\/100\n|switch|p2a: The Bowl Cut|Ting-Lu, L50|100\/100\n|switch|p2b: Ocean Man|Palafin, L50, M|100\/100\n|-ability|p2a: The Bowl Cut|Vessel of Ruin\n|turn|1\n|inactive|Relativeness has 30 seconds left.\n|\n|t:|1683569664\n|-terastallize|p2a: The Bowl Cut|Poison\n|move|p1b: Mimikyu|Play Rough|p2a: The Bowl Cut|[miss]\n|-miss|p1b: Mimikyu|p2a: The Bowl Cut\n|move|p2b: Ocean Man|Flip Turn|p1a: Glimmora\n|-supereffective|p1a: Glimmora\n|-damage|p1a: Glimmora|40\/100\n|-activate|p1a: Glimmora|ability: Toxic Debris\n|-sidestart|p2: TomoTaco69|move: Toxic Spikes\n|\n|t:|1683569674\n|detailschange|p2b: Ocean Man|Palafin-Hero, L50, M\n|switch|p2b: SUSpicious|Amoonguss, L50, M, shiny|100\/100|[from] Flip Turn\n|-sideend|p2: TomoTaco69|move: Toxic Spikes|[of] p2b: SUSpicious\n|move|p1a: Glimmora|Energy Ball|p2b: SUSpicious\n|-resisted|p2b: SUSpicious\n|-damage|p2b: SUSpicious|96\/100\n|move|p2a: The Bowl Cut|Stomping Tantrum|p1a: Glimmora\n|-supereffective|p1a: Glimmora\n|-damage|p1a: Glimmora|0 fnt\n|-activate|p1a: Glimmora|ability: Toxic Debris\n|-sidestart|p2: TomoTaco69|move: Toxic Spikes\n|faint|p1a: Glimmora\n|\n|-heal|p2b: SUSpicious|100\/100|[from] item: Leftovers\n|upkeep\n|\n|t:|1683569686\n|switch|p1a: Chi-Yu|Chi-Yu, L50|100\/100\n|-ability|p1a: Chi-Yu|Beads of Ruin\n|turn|2\n|\n|t:|1683569702\n|switch|p2b: Snoop Dogg|Arcanine, L50, M|100\/100\n|-status|p2b: Snoop Dogg|psn\n|-ability|p2b: Snoop Dogg|Intimidate|boost\n|-unboost|p1a: Chi-Yu|atk|1\n|-unboost|p1b: Mimikyu|atk|1\n|move|p1a: Chi-Yu|Flamethrower|p2b: Snoop Dogg\n|-resisted|p2b: Snoop Dogg\n|-damage|p2b: Snoop Dogg|73\/100 psn\n|move|p1b: Mimikyu|Shadow Claw|p2b: Snoop Dogg\n|-damage|p2b: Snoop Dogg|45\/100 psn\n|-damage|p1b: Mimikyu|91\/100|[from] item: Life Orb\n|move|p2a: The Bowl Cut|Stomping Tantrum|p1a: Chi-Yu\n|-supereffective|p1a: Chi-Yu\n|-damage|p1a: Chi-Yu|7\/100\n|\n|-damage|p2b: Snoop Dogg|32\/100 psn|[from] psn\n|upkeep\n|turn|3\n|\n|t:|1683569725\n|move|p1a: Chi-Yu|Protect|p1a: Chi-Yu\n|-singleturn|p1a: Chi-Yu|Protect\n|move|p2b: Snoop Dogg|Extreme Speed|p1a: Chi-Yu\n|-activate|p1a: Chi-Yu|move: Protect\n|move|p1b: Mimikyu|Shadow Claw|p2b: Snoop Dogg\n|-damage|p2b: Snoop Dogg|2\/100 psn\n|-enditem|p2b: Snoop Dogg|Aguav Berry|[eat]\n|-heal|p2b: Snoop Dogg|35\/100 psn|[from] item: Aguav Berry\n|-damage|p1b: Mimikyu|81\/100|[from] item: Life Orb\n|move|p2a: The Bowl Cut|Heavy Slam|p1b: Mimikyu\n|-activate|p1b: Mimikyu|ability: Disguise\n|-damage|p1b: Mimikyu|81\/100\n|detailschange|p1b: Mimikyu|Mimikyu-Busted, L50, F\n|-damage|p1b: Mimikyu|68\/100|[from] pokemon: Mimikyu-Busted\n|\n|-damage|p2b: Snoop Dogg|23\/100 psn|[from] psn\n|upkeep\n|turn|4\n|inactive|Relativeness has 30 seconds left.\n|\n|t:|1683569752\n|move|p1a: Chi-Yu|Protect||[still]\n|-fail|p1a: Chi-Yu\n|move|p2b: Snoop Dogg|Extreme Speed|p1a: Chi-Yu\n|-crit|p1a: Chi-Yu\n|-damage|p1a: Chi-Yu|0 fnt\n|faint|p1a: Chi-Yu\n|move|p1b: Mimikyu|Shadow Claw|p2b: Snoop Dogg\n|-damage|p2b: Snoop Dogg|0 fnt\n|faint|p2b: Snoop Dogg\n|-damage|p1b: Mimikyu|59\/100|[from] item: Life Orb\n|move|p2a: The Bowl Cut|Heavy Slam|p1b: Mimikyu\n|-supereffective|p1b: Mimikyu\n|-damage|p1b: Mimikyu|0 fnt\n|faint|p1b: Mimikyu\n|\n|upkeep\n|\n|t:|1683569767\n|switch|p1a: Tatsugiri|Tatsugiri, L50, M|100\/100\n|switch|p2b: SUSpicious|Amoonguss, L50, M, shiny|100\/100\n|-sideend|p2: TomoTaco69|move: Toxic Spikes|[of] p2b: SUSpicious\n|turn|5\n|\n|t:|1683569784\n|move|p1a: Tatsugiri|Muddy Water|p2a: The Bowl Cut|[spread] p2a,p2b\n|-resisted|p2b: SUSpicious\n|-damage|p2a: The Bowl Cut|90\/100\n|-damage|p2b: SUSpicious|91\/100\n|move|p2a: The Bowl Cut|Fissure|p1a: Tatsugiri|[miss]\n|-miss|p2a: The Bowl Cut|p1a: Tatsugiri\n|move|p2b: SUSpicious|Spore|p1a: Tatsugiri\n|-status|p1a: Tatsugiri|slp|[from] move: Spore\n|\n|-heal|p2b: SUSpicious|97\/100|[from] item: Leftovers\n|upkeep\n|turn|6\n|-message|Relativeness forfeited.\n|\n|win|TomoTaco69\n|raw|Relativeness's rating: 1297 → 1271<\/strong> (-26 for losing)\n|raw|TomoTaco69's rating: 1285 → 1311<\/strong> (+26 for winning)\n|l|\u2606Relativeness\n","uploadtime":1683569801,"views":12,"p1id":"relativeness","p2id":"tomotaco69","formatid":"gen9vgc2023regulationc","rating":1271,"private":0,"password":""}