{"id":"gen9vgc2023regulationc-1862290036","p1":"harrybreloom","p2":"RonJohn","format":"[Gen 9] VGC 2023 Regulation C","log":"|j|\u2606harrybreloom\n|j|\u2606RonJohn\n|t:|1683860408\n|gametype|doubles\n|player|p1|harrybreloom|1|1176\n|player|p2|RonJohn|2|1264\n|teamsize|p1|6\n|teamsize|p2|6\n|gen|9\n|tier|[Gen 9] VGC 2023 Regulation C\n|rated|\n|rule|Species Clause: Limit one of each Pok\u00e9mon\n|rule|Item Clause: Limit one of each item\n|clearpoke\n|poke|p1|Murkrow, L50, M|\n|poke|p1|Gyarados, L50, F|\n|poke|p1|Slither Wing, L50|\n|poke|p1|Glimmora, L50, F|\n|poke|p1|Wo-Chien, L50|\n|poke|p1|Flutter Mane, L50|\n|poke|p2|Flutter Mane, L50|\n|poke|p2|Orthworm, L50, M|\n|poke|p2|Dragonite, L50, F|\n|poke|p2|Amoonguss, L50, F|\n|poke|p2|Gyarados, L50, F|\n|poke|p2|Ting-Lu, L50|\n|teampreview|4\n|inactive|Battle timer is ON: inactive players will automatically lose when time's up. (requested by harrybreloom)\nRonJohn has agreed to open team sheets.\n|\n|t:|1683860451\n|start\n|switch|p1a: Wo-Chien|Wo-Chien, L50|100\/100\n|switch|p1b: Glimmora|Glimmora, L50, F|100\/100\n|switch|p2a: Ting-Lu|Ting-Lu, L50|100\/100\n|switch|p2b: Gyarados|Gyarados, L50, F|100\/100\n|-ability|p2b: Gyarados|Intimidate|boost\n|-unboost|p1a: Wo-Chien|atk|1\n|-unboost|p1b: Glimmora|atk|1\n|-ability|p1a: Wo-Chien|Tablets of Ruin\n|-ability|p2a: Ting-Lu|Vessel of Ruin\n|turn|1\n|\n|t:|1683860471\n|switch|p1b: Gyarados|Gyarados, L50, F|100\/100\n|-ability|p1b: Gyarados|Intimidate|boost\n|-unboost|p2a: Ting-Lu|atk|1\n|-unboost|p2b: Gyarados|atk|1\n|move|p2b: Gyarados|Taunt|p1a: Wo-Chien\n|-start|p1a: Wo-Chien|move: Taunt\n|cant|p1a: Wo-Chien|move: Taunt|Leech Seed\n|move|p2a: Ting-Lu|Earthquake|p1a: Wo-Chien|[spread] p1a\n|-immune|p2b: Gyarados\n|-immune|p1b: Gyarados\n|-resisted|p1a: Wo-Chien\n|-damage|p1a: Wo-Chien|94\/100\n|\n|-heal|p1a: Wo-Chien|100\/100|[from] item: Leftovers\n|upkeep\n|turn|2\n|inactive|RonJohn has 30 seconds left.\n|\n|t:|1683860498\n|switch|p2b: Orthworm|Orthworm, L50, M|100\/100\n|switch|p1a: Glimmora|Glimmora, L50, F|100\/100\n|move|p1b: Gyarados|Waterfall|p2a: Ting-Lu\n|-supereffective|p2a: Ting-Lu\n|-damage|p2a: Ting-Lu|44\/100\n|cant|p2a: Ting-Lu|flinch\n|\n|upkeep\n|turn|3\n|\n|t:|1683860521\n|switch|p1a: Wo-Chien|Wo-Chien, L50|100\/100\n|-ability|p1a: Wo-Chien|Tablets of Ruin\n|switch|p2a: Gyarados|Gyarados, L50, F|100\/100\n|-ability|p2a: Gyarados|Intimidate|boost\n|-unboost|p1a: Wo-Chien|atk|1\n|-unboost|p1b: Gyarados|atk|1\n|move|p1b: Gyarados|Waterfall|p2a: Gyarados\n|-resisted|p2a: Gyarados\n|-damage|p2a: Gyarados|89\/100\n|move|p2b: Orthworm|Shed Tail|p2b: Orthworm\n|-start|p2b: Orthworm|Substitute|[from] move: Shed Tail\n|-damage|p2b: Orthworm|50\/100\n|-enditem|p2b: Orthworm|Sitrus Berry|[eat]\n|-heal|p2b: Orthworm|75\/100|[from] item: Sitrus Berry\n|\n|t:|1683860535\n|switch|p2b: Dragonite|Dragonite, L50, F|100\/100|[from] Shed Tail\n|\n|upkeep\n|turn|4\n|\n|t:|1683860549\n|move|p2b: Dragonite|Dragon Dance|p2b: Dragonite\n|-boost|p2b: Dragonite|atk|1\n|-boost|p2b: Dragonite|spe|1\n|move|p2a: Gyarados|Taunt|p1a: Wo-Chien\n|-start|p1a: Wo-Chien|move: Taunt\n|move|p1b: Gyarados|Iron Head|p2b: Dragonite\n|-activate|p2b: Dragonite|move: Substitute|[damage]\n|move|p1a: Wo-Chien|Foul Play|p2a: Gyarados\n|-damage|p2a: Gyarados|43\/100\n|\n|upkeep\n|turn|5\n|inactive|RonJohn has 30 seconds left.\n|\n|t:|1683860577\n|switch|p1b: Glimmora|Glimmora, L50, F|100\/100\n|move|p2b: Dragonite|Dragon Dance|p2b: Dragonite\n|-boost|p2b: Dragonite|atk|1\n|-boost|p2b: Dragonite|spe|1\n|move|p2a: Gyarados|Thunder Wave|p1a: Wo-Chien\n|-status|p1a: Wo-Chien|par\n|move|p1a: Wo-Chien|Pollen Puff|p1b: Glimmora\n|-immune|p1b: Glimmora\n|\n|upkeep\n|turn|6\n|inactive|RonJohn has 30 seconds left.\n|inactive|RonJohn has 20 seconds left.\n|\n|t:|1683860615\n|move|p2b: Dragonite|Ice Spinner|p1a: Wo-Chien\n|-supereffective|p1a: Wo-Chien\n|-damage|p1a: Wo-Chien|29\/100 par\n|move|p2a: Gyarados|Thunder Wave|p1b: Glimmora\n|-status|p1b: Glimmora|par\n|move|p1b: Glimmora|Power Gem|p2b: Dragonite\n|-supereffective|p2b: Dragonite\n|-end|p2b: Dragonite|Substitute\n|move|p1a: Wo-Chien|Foul Play|p2a: Gyarados\n|-damage|p2a: Gyarados|0 fnt\n|faint|p2a: Gyarados\n|\n|-heal|p1a: Wo-Chien|35\/100 par|[from] item: Leftovers\n|-end|p1a: Wo-Chien|move: Taunt\n|upkeep\n|\n|t:|1683860634\n|switch|p2a: Orthworm|Orthworm, L50, M|75\/100\n|turn|7\n|inactive|RonJohn has 30 seconds left.\n|inactive|RonJohn has 20 seconds left.\n|inactive|RonJohn has 15 seconds left.\n|\n|t:|1683860677\n|switch|p1a: Gyarados|Gyarados, L50, F|100\/100\n|-ability|p1a: Gyarados|Intimidate|boost\n|-unboost|p2a: Orthworm|atk|1\n|-unboost|p2b: Dragonite|atk|1\n|-terastallize|p1b: Glimmora|Grass\n|move|p2a: Orthworm|Protect|p2a: Orthworm\n|-singleturn|p2a: Orthworm|Protect\n|move|p2b: Dragonite|Ice Spinner|p1a: Gyarados\n|-damage|p1a: Gyarados|46\/100\n|-enditem|p1a: Gyarados|Sitrus Berry|[eat]\n|-heal|p1a: Gyarados|70\/100|[from] item: Sitrus Berry\n|move|p1b: Glimmora|Mortal Spin|p2a: Orthworm|[spread] p2b\n|-activate|p2a: Orthworm|move: Protect\n|-damage|p2b: Dragonite|98\/100\n|-status|p2b: Dragonite|psn\n|-enditem|p2b: Dragonite|Lum Berry|[eat]\n|-curestatus|p2b: Dragonite|psn|[msg]\n|\n|upkeep\n|turn|8\n|inactive|harrybreloom has 30 seconds left.\n|inactive|RonJohn has 30 seconds left.\n|inactive|harrybreloom has 20 seconds left.\n|inactive|RonJohn has 20 seconds left.\n|inactive|harrybreloom has 15 seconds left.\n|inactive|RonJohn has 15 seconds left.\n|\n|t:|1683860722\n|switch|p1a: Slither Wing|Slither Wing, L50|100\/100\n|-terastallize|p2b: Dragonite|Normal\n|move|p2b: Dragonite|Extreme Speed|p1a: Slither Wing\n|-damage|p1a: Slither Wing|13\/100\n|move|p2a: Orthworm|Heavy Slam|p1b: Glimmora\n|-damage|p1b: Glimmora|75\/100 par\n|-activate|p1b: Glimmora|ability: Toxic Debris\n|-sidestart|p2: RonJohn|move: Toxic Spikes\n|cant|p1b: Glimmora|par\n|\n|upkeep\n|turn|9\n|inactive|RonJohn has 30 seconds left.\n|\n|t:|1683860749\n|move|p1a: Slither Wing|First Impression|p2b: Dragonite\n|-damage|p2b: Dragonite|18\/100\n|-damage|p1a: Slither Wing|3\/100|[from] item: Life Orb\n|move|p2b: Dragonite|Ice Spinner|p1b: Glimmora\n|-supereffective|p1b: Glimmora\n|-damage|p1b: Glimmora|0 fnt\n|-activate|p1b: Glimmora|ability: Toxic Debris\n|-sidestart|p2: RonJohn|move: Toxic Spikes\n|faint|p1b: Glimmora\n|move|p2a: Orthworm|Heavy Slam|p1a: Slither Wing\n|-damage|p1a: Slither Wing|0 fnt\n|faint|p1a: Slither Wing\n|-end|p1a: Slither Wing|Protosynthesis|[silent]\n|\n|upkeep\n|\n|t:|1683860763\n|switch|p1a: Wo-Chien|Wo-Chien, L50|35\/100 par\n|switch|p1b: Gyarados|Gyarados, L50, F|70\/100\n|-ability|p1b: Gyarados|Intimidate|boost\n|-unboost|p2a: Orthworm|atk|1\n|-unboost|p2b: Dragonite|atk|1\n|-ability|p1a: Wo-Chien|Tablets of Ruin\n|turn|10\n|\n|t:|1683860785\n|switch|p2a: Ting-Lu|Ting-Lu, L50|44\/100\n|-status|p2a: Ting-Lu|tox\n|-ability|p2a: Ting-Lu|Vessel of Ruin\n|move|p1a: Wo-Chien|Protect|p1a: Wo-Chien\n|-singleturn|p1a: Wo-Chien|Protect\n|move|p2b: Dragonite|Ice Spinner|p1a: Wo-Chien\n|-activate|p1a: Wo-Chien|move: Protect\n|move|p1b: Gyarados|Waterfall|p2b: Dragonite\n|-damage|p2b: Dragonite|0 fnt\n|faint|p2b: Dragonite\n|\n|-heal|p1a: Wo-Chien|41\/100 par|[from] item: Leftovers\n|-damage|p2a: Ting-Lu|39\/100 tox|[from] psn\n|upkeep\n|\n|t:|1683860800\n|switch|p2b: Orthworm|Orthworm, L50, M|75\/100\n|turn|11\n|\n|t:|1683860809\n|move|p1b: Gyarados|Waterfall|p2a: Ting-Lu\n|-supereffective|p2a: Ting-Lu\n|-damage|p2a: Ting-Lu|0 fnt\n|faint|p2a: Ting-Lu\n|move|p2b: Orthworm|Body Press|p1a: Wo-Chien\n|-supereffective|p1a: Wo-Chien\n|-damage|p1a: Wo-Chien|13\/100 par\n|move|p1a: Wo-Chien|Leech Seed|p2b: Orthworm|[miss]\n|-miss|p1a: Wo-Chien|p2b: Orthworm\n|\n|-heal|p1a: Wo-Chien|19\/100 par|[from] item: Leftovers\n|upkeep\n|turn|12\n|\n|t:|1683860825\n|move|p2b: Orthworm|Protect|p2b: Orthworm\n|-singleturn|p2b: Orthworm|Protect\n|move|p1a: Wo-Chien|Protect|p1a: Wo-Chien\n|-singleturn|p1a: Wo-Chien|Protect\n|move|p1b: Gyarados|Waterfall|p2b: Orthworm\n|-activate|p2b: Orthworm|move: Protect\n|\n|-heal|p1a: Wo-Chien|25\/100 par|[from] item: Leftovers\n|upkeep\n|turn|13\n|\n|t:|1683860840\n|move|p1b: Gyarados|Waterfall|p2b: Orthworm\n|-damage|p2b: Orthworm|48\/100\n|move|p2b: Orthworm|Body Press|p1a: Wo-Chien\n|-supereffective|p1a: Wo-Chien\n|-damage|p1a: Wo-Chien|0 fnt\n|faint|p1a: Wo-Chien\n|\n|upkeep\n|turn|14\n|\n|t:|1683860856\n|move|p1b: Gyarados|Waterfall|p2b: Orthworm\n|-damage|p2b: Orthworm|14\/100\n|cant|p2b: Orthworm|flinch\n|\n|upkeep\n|turn|15\n|\n|t:|1683860864\n|move|p1b: Gyarados|Waterfall|p2b: Orthworm\n|-damage|p2b: Orthworm|0 fnt\n|faint|p2b: Orthworm\n|\n|win|harrybreloom\n|raw|harrybreloom's rating: 1176 → 1207<\/strong> (+31 for winning)\n|raw|RonJohn's rating: 1264 → 1233<\/strong> (-31 for losing)\n","uploadtime":1683860874,"views":35,"p1id":"harrybreloom","p2id":"ronjohn","formatid":"gen9vgc2023regulationc","rating":1207,"private":0,"password":""}