{"id":"gen9vgc2023regulationc-1860165456","p1":"Mr.NotAGamer","p2":"VegaVex","format":"[Gen 9] VGC 2023 Regulation C","log":"|j|\u2606Mr.NotAGamer\n|j|\u2606VegaVex\n|t:|1683603475\n|gametype|doubles\n|player|p1|Mr.NotAGamer|170|1098\n|player|p2|VegaVex|cynthia-gen4|1034\n|teamsize|p1|6\n|teamsize|p2|6\n|gen|9\n|tier|[Gen 9] VGC 2023 Regulation C\n|rated|\n|rule|Species Clause: Limit one of each Pok\u00e9mon\n|rule|Item Clause: Limit one of each item\n|clearpoke\n|poke|p1|Garchomp, L50, M|\n|poke|p1|Dragonite, L50, F|\n|poke|p1|Flutter Mane, L50|\n|poke|p1|Talonflame, L50, M|\n|poke|p1|Tatsugiri, L50, M|\n|poke|p1|Dondozo, L50, F|\n|poke|p2|Gallade, L50, M|\n|poke|p2|Gholdengo, L50|\n|poke|p2|Slowking, L50, M|\n|poke|p2|Wo-Chien, L50|\n|poke|p2|Roaring Moon, L50|\n|poke|p2|Glimmora, L50, F|\n|teampreview|4\nVegaVex rejected open team sheets.\n|\n|t:|1683603503\n|start\n|switch|p1a: Garchomp|Garchomp, L50, M|100\/100\n|switch|p1b: Talonflame|Talonflame, L50, M|100\/100\n|switch|p2a: Roaring Moon|Roaring Moon, L50|100\/100\n|switch|p2b: Glimmora|Glimmora, L50, F|100\/100\n|-enditem|p2a: Roaring Moon|Booster Energy\n|-activate|p2a: Roaring Moon|ability: Protosynthesis|[fromitem]\n|-start|p2a: Roaring Moon|protosynthesisspe\n|turn|1\n|\n|t:|1683603531\n|move|p1a: Garchomp|Protect|p1a: Garchomp\n|-singleturn|p1a: Garchomp|Protect\n|move|p1b: Talonflame|Tailwind|p1b: Talonflame\n|-sidestart|p1: Mr.NotAGamer|move: Tailwind\n|move|p2a: Roaring Moon|Acrobatics|p1a: Garchomp\n|-activate|p1a: Garchomp|move: Protect\n|move|p2b: Glimmora|Power Gem|p1b: Talonflame\n|-supereffective|p1b: Talonflame\n|-damage|p1b: Talonflame|0 fnt\n|faint|p1b: Talonflame\n|\n|upkeep\n|\n|t:|1683603543\n|switch|p1b: Flutter Mane|Flutter Mane, L50|100\/100\n|-enditem|p1b: Flutter Mane|Booster Energy\n|-activate|p1b: Flutter Mane|ability: Protosynthesis|[fromitem]\n|-start|p1b: Flutter Mane|protosynthesisspa\n|turn|2\n|\n|t:|1683603557\n|-terastallize|p2a: Roaring Moon|Steel\n|move|p1b: Flutter Mane|Dazzling Gleam|p2b: Glimmora|[spread] p2a,p2b\n|-resisted|p2a: Roaring Moon\n|-resisted|p2b: Glimmora\n|-damage|p2a: Roaring Moon|81\/100\n|-damage|p2b: Glimmora|68\/100\n|move|p1a: Garchomp|Outrage|p2a: Roaring Moon\n|-resisted|p2a: Roaring Moon\n|-damage|p2a: Roaring Moon|39\/100\n|move|p2a: Roaring Moon|Earthquake|p1a: Garchomp|[spread] p2b,p1a,p1b\n|-supereffective|p2b: Glimmora\n|-damage|p2b: Glimmora|0 fnt\n|-damage|p1a: Garchomp|73\/100\n|-damage|p1b: Flutter Mane|40\/100\n|-activate|p2b: Glimmora|ability: Toxic Debris\n|-sidestart|p1: Mr.NotAGamer|move: Toxic Spikes\n|faint|p2b: Glimmora\n|\n|upkeep\n|\n|t:|1683603573\n|switch|p2b: Wo-Chien|Wo-Chien, L50|100\/100\n|-ability|p2b: Wo-Chien|Tablets of Ruin\n|turn|3\n|\n|t:|1683603587\n|move|p1b: Flutter Mane|Dazzling Gleam|p2a: Roaring Moon|[spread] p2a,p2b\n|-resisted|p2a: Roaring Moon\n|-supereffective|p2b: Wo-Chien\n|-damage|p2a: Roaring Moon|19\/100\n|-damage|p2b: Wo-Chien|49\/100\n|move|p1a: Garchomp|Outrage|p2b: Wo-Chien|[from]lockedmove\n|-damage|p2b: Wo-Chien|7\/100\n|-enditem|p2b: Wo-Chien|Aguav Berry|[eat]\n|-heal|p2b: Wo-Chien|41\/100|[from] item: Aguav Berry\n|-start|p1a: Garchomp|confusion|[fatigue]\n|move|p2a: Roaring Moon|Iron Head|p1b: Flutter Mane\n|-supereffective|p1b: Flutter Mane\n|-damage|p1b: Flutter Mane|0 fnt\n|faint|p1b: Flutter Mane\n|-end|p1b: Flutter Mane|Protosynthesis|[silent]\n|move|p2b: Wo-Chien|Pollen Puff|p2a: Roaring Moon\n|-heal|p2a: Roaring Moon|69\/100\n|\n|upkeep\n|\n|t:|1683603590\n|switch|p1b: Dondozo|Dondozo, L50, F|100\/100\n|-status|p1b: Dondozo|psn\n|-enditem|p1b: Dondozo|Lum Berry|[eat]\n|-curestatus|p1b: Dondozo|psn|[msg]\n|turn|4\n|\n|t:|1683603622\n|-activate|p1a: Garchomp|confusion\n|-damage|p1a: Garchomp|58\/100|[from] confusion\n|move|p2a: Roaring Moon|Crunch|p1a: Garchomp\n|-damage|p1a: Garchomp|28\/100\n|-damage|p2a: Roaring Moon|57\/100|[from] ability: Rough Skin|[of] p1a: Garchomp\n|move|p1b: Dondozo|Curse|p1b: Dondozo\n|-unboost|p1b: Dondozo|spe|1\n|-boost|p1b: Dondozo|atk|1\n|-boost|p1b: Dondozo|def|1\n|move|p2b: Wo-Chien|Leech Seed|p1b: Dondozo\n|-start|p1b: Dondozo|move: Leech Seed\n|\n|-damage|p1b: Dondozo|88\/100|[from] Leech Seed|[of] p2b: Wo-Chien\n|-heal|p2b: Wo-Chien|57\/100|[silent]\n|-sideend|p1: Mr.NotAGamer|move: Tailwind\n|upkeep\n|turn|5\n|\n|t:|1683603642\n|move|p2a: Roaring Moon|Acrobatics|p1a: Garchomp\n|-damage|p1a: Garchomp|2\/100\n|-damage|p2a: Roaring Moon|45\/100|[from] ability: Rough Skin|[of] p1a: Garchomp\n|-end|p1a: Garchomp|confusion\n|move|p1a: Garchomp|Earthquake|p2b: Wo-Chien|[spread] p1b,p2a,p2b\n|-supereffective|p2a: Roaring Moon\n|-resisted|p2b: Wo-Chien\n|-crit|p2b: Wo-Chien\n|-damage|p1b: Dondozo|74\/100\n|-damage|p2a: Roaring Moon|0 fnt\n|-damage|p2b: Wo-Chien|35\/100\n|faint|p2a: Roaring Moon\n|-end|p2a: Roaring Moon|Protosynthesis|[silent]\n|move|p2b: Wo-Chien|Ruination|p1b: Dondozo\n|-damage|p1b: Dondozo|37\/100\n|move|p1b: Dondozo|Order Up|p2b: Wo-Chien\n|-damage|p2b: Wo-Chien|9\/100\n|\n|-damage|p1b: Dondozo|25\/100|[from] Leech Seed|[of] p2b: Wo-Chien\n|-heal|p2b: Wo-Chien|25\/100|[silent]\n|upkeep\n|\n|t:|1683603658\n|switch|p2a: Gallade|Gallade, L50, M|100\/100\n|turn|6\n|\n|t:|1683603678\n|move|p2a: Gallade|Wide Guard|p2a: Gallade\n|-singleturn|p2a: Gallade|Wide Guard\n|move|p1a: Garchomp|Earthquake|p2a: Gallade|[spread] p1b\n|-activate|p2a: Gallade|move: Wide Guard\n|-activate|p2b: Wo-Chien|move: Wide Guard\n|-damage|p1b: Dondozo|11\/100\n|move|p2b: Wo-Chien|Pollen Puff|p1a: Garchomp\n|-damage|p1a: Garchomp|0 fnt\n|faint|p1a: Garchomp\n|move|p1b: Dondozo|Rest|p1b: Dondozo\n|-status|p1b: Dondozo|slp|[from] move: Rest\n|-heal|p1b: Dondozo|100\/100 slp|[silent]\n|\n|-damage|p1b: Dondozo|88\/100 slp|[from] Leech Seed|[of] p2b: Wo-Chien\n|-heal|p2b: Wo-Chien|42\/100|[silent]\n|upkeep\n|turn|7\n|c|\u2606VegaVex|gg\n|\n|t:|1683603706\n|move|p2a: Gallade|Protect||[still]\n|-fail|p2a: Gallade\n|move|p2b: Wo-Chien|Ruination|p1b: Dondozo\n|-damage|p1b: Dondozo|44\/100 slp\n|cant|p1b: Dondozo|slp\n|\n|-damage|p1b: Dondozo|32\/100 slp|[from] Leech Seed|[of] p2b: Wo-Chien\n|-heal|p2b: Wo-Chien|59\/100|[silent]\n|upkeep\n|turn|8\n|\n|t:|1683603717\n|move|p2a: Gallade|Sacred Sword|p1b: Dondozo\n|-damage|p1b: Dondozo|0 fnt\n|faint|p1b: Dondozo\n|\n|win|VegaVex\n|raw|Mr.NotAGamer's rating: 1098 → 1069<\/strong> (-29 for losing)\n|raw|VegaVex's rating: 1034 → 1075<\/strong> (+41 for winning)\n|c|\u2606Mr.NotAGamer|gg\n|l|\u2606Mr.NotAGamer\n","uploadtime":1683603731,"views":8,"p1id":"mrnotagamer","p2id":"vegavex","formatid":"gen9vgc2023regulationc","rating":1069,"private":0,"password":""}