{"id":"gen9vgc2023regulationc-1846017656","p1":"9lan3","p2":"kushsmoker68","format":"[Gen 9] VGC 2023 Regulation C","log":"|j|\u26069lan3\n|j|\u2606kushsmoker68\n|t:|1681792120\n|gametype|doubles\n|player|p1|9lan3|dawn|1066\n|player|p2|kushsmoker68|170|1062\n|teamsize|p1|6\n|teamsize|p2|6\n|gen|9\n|tier|[Gen 9] VGC 2023 Regulation C\n|rated|\n|rule|Species Clause: Limit one of each Pok\u00e9mon\n|rule|Item Clause: Limit one of each item\n|clearpoke\n|poke|p1|Gholdengo, L50|\n|poke|p1|Baxcalibur, L50, M|\n|poke|p1|Kingambit, L50, F|\n|poke|p1|Ting-Lu, L50|\n|poke|p1|Altaria, L50, F|\n|poke|p1|Cetitan, L50, F|\n|poke|p2|Tatsugiri, L50, F|\n|poke|p2|Dondozo, L50, F|\n|poke|p2|Flutter Mane, L50|\n|poke|p2|Flamigo, L50, F|\n|poke|p2|Ceruledge, L50, F|\n|poke|p2|Maushold, L50|\n|teampreview|4\n|inactive|Battle timer is ON: inactive players will automatically lose when time's up. (requested by 9lan3)\n|\n|t:|1681792136\n|start\n|switch|p1a: \u8be1\u89d2\u9e7f|Ting-Lu, L50|100\/100\n|switch|p1b: \u592a\u6676\u51b0\u76d6\u6b27\u5361|Cetitan, L50, F|100\/100\n|switch|p2a: SUSHI!|Tatsugiri, L50, F|100\/100\n|switch|p2b: Lil Flutty Mane|Flutter Mane, L50|100\/100\n|-ability|p1a: \u8be1\u89d2\u9e7f|Vessel of Ruin\n|-enditem|p2b: Lil Flutty Mane|Booster Energy\n|-activate|p2b: Lil Flutty Mane|ability: Protosynthesis|[fromitem]\n|-start|p2b: Lil Flutty Mane|protosynthesisspe\n|turn|1\n|inactive|9lan3 has 30 seconds left.\n|inactive|kushsmoker68 has 30 seconds left.\n|\n|t:|1681792170\n|-terastallize|p1b: \u592a\u6676\u51b0\u76d6\u6b27\u5361|Ghost\n|move|p2b: Lil Flutty Mane|Perish Song|p2b: Lil Flutty Mane\n|-start|p1a: \u8be1\u89d2\u9e7f|perish3|[silent]\n|-start|p1b: \u592a\u6676\u51b0\u76d6\u6b27\u5361|perish3|[silent]\n|-start|p2a: SUSHI!|perish3|[silent]\n|-start|p2b: Lil Flutty Mane|perish3|[silent]\n|-fieldactivate|move: Perish Song\n|move|p2a: SUSHI!|Draco Meteor|p1a: \u8be1\u89d2\u9e7f\n|-damage|p1a: \u8be1\u89d2\u9e7f|63\/100\n|-unboost|p2a: SUSHI!|spa|2\n|move|p1b: \u592a\u6676\u51b0\u76d6\u6b27\u5361|Icicle Crash|p2b: Lil Flutty Mane\n|-damage|p2b: Lil Flutty Mane|0 fnt\n|faint|p2b: Lil Flutty Mane\n|-end|p2b: Lil Flutty Mane|Protosynthesis|[silent]\n|move|p1a: \u8be1\u89d2\u9e7f|Rock Slide|p2a: SUSHI!|[miss]\n|-miss|p1a: \u8be1\u89d2\u9e7f|p2a: SUSHI!\n|\n|-start|p2a: SUSHI!|perish3\n|-start|p1b: \u592a\u6676\u51b0\u76d6\u6b27\u5361|perish3\n|-start|p1a: \u8be1\u89d2\u9e7f|perish3\n|upkeep\n|\n|t:|1681792190\n|switch|p2b: Donny D|Dondozo, L50, F|100\/100\n|-activate|p2a: SUSHI!|ability: Commander|[of] p2b: Donny D\n|-boost|p2b: Donny D|atk|2\n|-boost|p2b: Donny D|spa|2\n|-boost|p2b: Donny D|spe|2\n|-boost|p2b: Donny D|def|2\n|-boost|p2b: Donny D|spd|2\n|turn|2\n|\n|t:|1681792205\n|switch|p1b: \u5c0f\u88c2\u7a7a\u5ea7|Altaria, L50, F|100\/100\n|-ability|p1b: \u5c0f\u88c2\u7a7a\u5ea7|Cloud Nine\n|move|p2b: Donny D|Order Up|p1b: \u5c0f\u88c2\u7a7a\u5ea7\n|-supereffective|p1b: \u5c0f\u88c2\u7a7a\u5ea7\n|-damage|p1b: \u5c0f\u88c2\u7a7a\u5ea7|0 fnt\n|faint|p1b: \u5c0f\u88c2\u7a7a\u5ea7\n|-boost|p2b: Donny D|atk|1\n|move|p1a: \u8be1\u89d2\u9e7f|Ruination|p2b: Donny D\n|-damage|p2b: Donny D|50\/100\n|\n|-heal|p2b: Donny D|57\/100|[from] item: Leftovers\n|-start|p2a: SUSHI!|perish2\n|-start|p1a: \u8be1\u89d2\u9e7f|perish2\n|upkeep\n|\n|t:|1681792224\n|switch|p1b: \u592a\u6676\u51b0\u76d6\u6b27\u5361|Cetitan, L50, F, tera:Ghost|100\/100\n|turn|3\n|\n|t:|1681792235\n|switch|p1a: \u78d5\u5934\u5c06\u519b|Kingambit, L50, F|100\/100\n|-activate|p1a: \u78d5\u5934\u5c06\u519b|ability: Supreme Overlord\n|-start|p1a: \u78d5\u5934\u5c06\u519b|fallen1|[silent]\n|move|p2b: Donny D|Order Up|p1b: \u592a\u6676\u51b0\u76d6\u6b27\u5361\n|-damage|p1b: \u592a\u6676\u51b0\u76d6\u6b27\u5361|48\/100\n|-boost|p2b: Donny D|atk|1\n|move|p1b: \u592a\u6676\u51b0\u76d6\u6b27\u5361|Double-Edge|p2b: Donny D\n|-damage|p2b: Donny D|43\/100\n|-damage|p1b: \u592a\u6676\u51b0\u76d6\u6b27\u5361|45\/100|[from] Recoil\n|\n|-heal|p2b: Donny D|49\/100|[from] item: Leftovers\n|-start|p2a: SUSHI!|perish1\n|upkeep\n|turn|4\n|inactive|9lan3 has 30 seconds left.\n|\n|t:|1681792266\n|move|p2b: Donny D|Earthquake|p1a: \u78d5\u5934\u5c06\u519b|[spread] p1a,p1b\n|-miss|p2b: Donny D|p2a: SUSHI!\n|-supereffective|p1a: \u78d5\u5934\u5c06\u519b\n|-damage|p1a: \u78d5\u5934\u5c06\u519b|4\/100\n|-damage|p1b: \u592a\u6676\u51b0\u76d6\u6b27\u5361|0 fnt\n|-enditem|p1a: \u78d5\u5934\u5c06\u519b|Aguav Berry|[eat]\n|-heal|p1a: \u78d5\u5934\u5c06\u519b|37\/100|[from] item: Aguav Berry\n|faint|p1b: \u592a\u6676\u51b0\u76d6\u6b27\u5361\n|move|p1a: \u78d5\u5934\u5c06\u519b|Iron Head|p2b: Donny D\n|-resisted|p2b: Donny D\n|-damage|p2b: Donny D|40\/100\n|\n|-heal|p2b: Donny D|46\/100|[from] item: Leftovers\n|-start|p2a: SUSHI!|perish0\n|upkeep\n|faint|p2a: SUSHI!\n|\n|t:|1681792282\n|switch|p2a: Steve|Flamigo, L50, F|100\/100\n|switch|p1b: \u8be1\u89d2\u9e7f|Ting-Lu, L50|63\/100\n|-copyboost|p2a: Steve|p2b: Donny D|[from] ability: Costar\n|-ability|p1b: \u8be1\u89d2\u9e7f|Vessel of Ruin\n|turn|5\n|-message|9lan3 forfeited.\n|\n|win|kushsmoker68\n|raw|9lan3's rating: 1066 → 1046<\/strong> (-20 for losing)\n|raw|kushsmoker68's rating: 1062 → 1093<\/strong> (+31 for winning)\n|l|\u26069lan3\n","uploadtime":1681792299,"views":10,"p1id":"9lan3","p2id":"kushsmoker68","formatid":"gen9vgc2023regulationc","rating":1046,"private":0,"password":""}