{"id":"gen9vgc2023regulationc-1854634015","p1":"Atc13","p2":"Abugbog","format":"[Gen 9] VGC 2023 Regulation C","log":"|j|\u2606Atc13\n|j|\u2606Abugbog\n|t:|1682840173\n|gametype|doubles\n|player|p1|Atc13|102|1145\n|player|p2|Abugbog|170|1161\n|teamsize|p1|6\n|teamsize|p2|6\n|gen|9\n|tier|[Gen 9] VGC 2023 Regulation C\n|rated|\n|rule|Species Clause: Limit one of each Pok\u00e9mon\n|rule|Item Clause: Limit one of each item\n|clearpoke\n|poke|p1|Ceruledge, L50, M|\n|poke|p1|Chien-Pao, L50|\n|poke|p1|Espathra, L50, M|\n|poke|p1|Rotom-Wash, L50|\n|poke|p1|Ting-Lu, L50|\n|poke|p1|Dragonite, L50, F|\n|poke|p2|Chien-Pao, L50|\n|poke|p2|Dragonite, L50, M|\n|poke|p2|Drednaw, L50, M|\n|poke|p2|Pelipper, L50, M|\n|poke|p2|Dondozo, L50, M|\n|poke|p2|Tatsugiri-Droopy, L50, M|\n|teampreview|4\n|inactive|Battle timer is ON: inactive players will automatically lose when time's up. (requested by Atc13)\n|\n|t:|1682840241\n|start\n|switch|p1a: Espathra|Espathra, L50, M|100\/100\n|switch|p1b: Dragonite|Dragonite, L50, F|100\/100\n|switch|p2a: Pelipper|Pelipper, L50, M|100\/100\n|switch|p2b: Drednaw|Drednaw, L50, M, shiny|100\/100\n|-weather|RainDance|[from] ability: Drizzle|[of] p2a: Pelipper\n|turn|1\n|inactive|Atc13 has 30 seconds left.\n|inactive|Abugbog has 30 seconds left.\n|inactive|Abugbog has 20 seconds left.\n|\n|t:|1682840279\n|switch|p1b: Rotom|Rotom-Wash, L50|100\/100\n|move|p1a: Espathra|Protect|p1a: Espathra\n|-singleturn|p1a: Espathra|Protect\n|move|p2b: Drednaw|Rock Slide|p1b: Rotom|[spread] p1b\n|-activate|p1a: Espathra|move: Protect\n|-damage|p1b: Rotom|46\/100\n|-damage|p2b: Drednaw|91\/100|[from] item: Life Orb\n|move|p2a: Pelipper|Hurricane|p1a: Espathra\n|-activate|p1a: Espathra|move: Protect\n|\n|-weather|RainDance|[upkeep]\n|-ability|p1a: Espathra|Speed Boost|boost\n|-boost|p1a: Espathra|spe|1\n|upkeep\n|turn|2\n|inactive|Atc13 has 30 seconds left.\n|inactive|Abugbog has 30 seconds left.\n|\n|t:|1682840314\n|-terastallize|p2b: Drednaw|Grass\n|move|p1a: Espathra|Hypnosis|p2b: Drednaw|[miss]\n|-miss|p1a: Espathra|p2b: Drednaw\n|move|p2b: Drednaw|Rock Slide|p1b: Rotom|[spread] p1a,p1b\n|-damage|p1a: Espathra|50\/100\n|-damage|p1b: Rotom|0 fnt\n|faint|p1b: Rotom\n|-damage|p2b: Drednaw|81\/100|[from] item: Life Orb\n|move|p2a: Pelipper|Tailwind|p2a: Pelipper\n|-sidestart|p2: Abugbog|move: Tailwind\n|\n|-weather|RainDance|[upkeep]\n|-ability|p1a: Espathra|Speed Boost|boost\n|-boost|p1a: Espathra|spe|1\n|upkeep\n|\n|t:|1682840333\n|switch|p1b: Ting-Lu|Ting-Lu, L50|100\/100\n|-ability|p1b: Ting-Lu|Vessel of Ruin\n|turn|3\n|\n|t:|1682840356\n|move|p2b: Drednaw|Protect|p2b: Drednaw\n|-singleturn|p2b: Drednaw|Protect\n|move|p1a: Espathra|Protect|p1a: Espathra\n|-singleturn|p1a: Espathra|Protect\n|move|p2a: Pelipper|Hurricane|p1a: Espathra\n|-activate|p1a: Espathra|move: Protect\n|move|p1b: Ting-Lu|Rock Slide|p2b: Drednaw|[spread] p2a\n|-activate|p2b: Drednaw|move: Protect\n|-supereffective|p2a: Pelipper\n|-damage|p2a: Pelipper|53\/100\n|\n|-weather|RainDance|[upkeep]\n|-ability|p1a: Espathra|Speed Boost|boost\n|-boost|p1a: Espathra|spe|1\n|upkeep\n|turn|4\n|inactive|Abugbog has 30 seconds left.\n|\n|t:|1682840382\n|move|p2b: Drednaw|Rock Slide|p1a: Espathra|[spread] p1a,p1b\n|-resisted|p1b: Ting-Lu\n|-damage|p1a: Espathra|0 fnt\n|-damage|p1b: Ting-Lu|89\/100\n|faint|p1a: Espathra\n|-damage|p2b: Drednaw|72\/100|[from] item: Life Orb\n|move|p2a: Pelipper|Hydro Pump|p1b: Ting-Lu\n|-supereffective|p1b: Ting-Lu\n|-damage|p1b: Ting-Lu|0 fnt\n|faint|p1b: Ting-Lu\n|\n|-weather|RainDance|[upkeep]\n|upkeep\n|\n|t:|1682840396\n|switch|p1b: Dragonite|Dragonite, L50, F|100\/100\n|turn|5\n|inactive|Atc13 has 30 seconds left.\n|\n|t:|1682840430\n|-terastallize|p1b: Dragonite|Flying\n|move|p2b: Drednaw|Rock Slide|p1b: Dragonite\n|-supereffective|p1b: Dragonite\n|-damage|p1b: Dragonite|50\/100\n|-damage|p2b: Drednaw|62\/100|[from] item: Life Orb\n|move|p2a: Pelipper|Hurricane|p1b: Dragonite\n|-damage|p1b: Dragonite|2\/100\n|move|p1b: Dragonite|Iron Head|p2a: Pelipper\n|-resisted|p2a: Pelipper\n|-damage|p2a: Pelipper|34\/100\n|\n|-weather|RainDance|[upkeep]\n|-sideend|p2: Abugbog|move: Tailwind\n|upkeep\n|turn|6\n|-message|Atc13 forfeited.\n|\n|win|Abugbog\n|raw|Atc13's rating: 1145 → 1121<\/strong> (-24 for losing)\n|raw|Abugbog's rating: 1161 → 1185<\/strong> (+24 for winning)\n|l|\u2606Atc13\n","uploadtime":1682840454,"views":14,"p1id":"atc13","p2id":"abugbog","formatid":"gen9vgc2023regulationc","rating":1121,"private":0,"password":""}