{"id":"gen9vgc2023regulationc-1854291099","p1":"charjabugfan","p2":"Drlawyer","format":"[Gen 9] VGC 2023 Regulation C","log":"|j|\u2606charjabugfan\n|j|\u2606Drlawyer\n|t:|1682793261\n|gametype|doubles\n|player|p1|charjabugfan|170|1363\n|player|p2|Drlawyer|hilbert-wonderlauncher|1453\n|teamsize|p1|6\n|teamsize|p2|6\n|gen|9\n|tier|[Gen 9] VGC 2023 Regulation C\n|rated|\n|rule|Species Clause: Limit one of each Pok\u00e9mon\n|rule|Item Clause: Limit one of each item\n|clearpoke\n|poke|p1|Palafin, L50, M|\n|poke|p1|Chien-Pao, L50|\n|poke|p1|Dragapult, L50, M|\n|poke|p1|Amoonguss, L50, M|\n|poke|p1|Arcanine, L50, F|\n|poke|p1|Flutter Mane, L50|\n|poke|p2|Great Tusk, L50|\n|poke|p2|Talonflame, L50, M|\n|poke|p2|Chi-Yu, L50|\n|poke|p2|Flutter Mane, L50|\n|poke|p2|Kingambit, L50, M|\n|poke|p2|Iron Bundle, L50|\n|teampreview|4\n|inactive|Battle timer is ON: inactive players will automatically lose when time's up. (requested by charjabugfan)\n|\n|t:|1682793284\n|start\n|switch|p1a: Dozo|Palafin, L50, M|100\/100\n|switch|p1b: Dnite|Dragapult, L50, M|100\/100\n|switch|p2a: Tomioka|Iron Bundle, L50, shiny|100\/100\n|switch|p2b: Ratchet|Kingambit, L50, M, shiny|100\/100\n|-enditem|p2a: Tomioka|Booster Energy\n|-activate|p2a: Tomioka|ability: Quark Drive|[fromitem]\n|-start|p2a: Tomioka|quarkdrivespe\n|turn|1\n|\n|t:|1682793305\n|detailschange|p1a: Dozo|Palafin-Hero, L50, M\n|switch|p1a: Bundle|Chien-Pao, L50|100\/100\n|-ability|p1a: Bundle|Sword of Ruin\n|-terastallize|p1b: Dnite|Steel\n|move|p2b: Ratchet|Sucker Punch|p1b: Dnite\n|-damage|p1b: Dnite|24\/100\n|move|p2a: Tomioka|Hydro Pump|p1b: Dnite\n|-damage|p1b: Dnite|0 fnt\n|faint|p1b: Dnite\n|\n|upkeep\n|\n|t:|1682793315\n|switch|p1b: Dozo|Palafin-Hero, L50, M|100\/100\n|-activate|p1b: Dozo|ability: Zero to Hero\n|turn|2\n|\n|t:|1682793331\n|switch|p2b: Raven|Flutter Mane, L50, shiny|100\/100\n|move|p2a: Tomioka|Freeze-Dry|p1b: Dozo\n|-supereffective|p1b: Dozo\n|-damage|p1b: Dozo|38\/100\n|move|p1a: Bundle|Sacred Sword|p2a: Tomioka\n|-supereffective|p2a: Tomioka\n|-damage|p2a: Tomioka|8\/100\n|move|p1b: Dozo|Wave Crash|p2b: Raven\n|-damage|p2b: Raven|0 fnt\n|faint|p2b: Raven\n|-end|p2b: Raven|Protosynthesis|[silent]\n|-damage|p1b: Dozo|15\/100|[from] Recoil\n|\n|upkeep\n|\n|t:|1682793340\n|switch|p2b: Fish and Chips|Chi-Yu, L50|100\/100\n|-ability|p2b: Fish and Chips|Beads of Ruin\n|turn|3\n|\n|t:|1682793346\n|move|p1a: Bundle|Sucker Punch|p2a: Tomioka\n|-damage|p2a: Tomioka|0 fnt\n|faint|p2a: Tomioka\n|-end|p2a: Tomioka|Quark Drive|[silent]\n|move|p1b: Dozo|Jet Punch|p2b: Fish and Chips\n|-supereffective|p2b: Fish and Chips\n|-enditem|p2b: Fish and Chips|Focus Sash\n|-damage|p2b: Fish and Chips|1\/100\n|move|p2b: Fish and Chips|Heat Wave|p1b: Dozo|[spread] p1a,p1b\n|-supereffective|p1a: Bundle\n|-resisted|p1b: Dozo\n|-enditem|p1a: Bundle|Focus Sash\n|-damage|p1a: Bundle|1\/100\n|-damage|p1b: Dozo|0 fnt\n|faint|p1b: Dozo\n|\n|upkeep\n|\n|t:|1682793352\n|switch|p2a: Ratchet|Kingambit, L50, M, shiny|100\/100\n|switch|p1b: Mimi|Flutter Mane, L50|100\/100\n|-enditem|p1b: Mimi|Booster Energy\n|-activate|p1b: Mimi|ability: Protosynthesis|[fromitem]\n|-start|p1b: Mimi|protosynthesisspa\n|turn|4\n|\n|t:|1682793364\n|-terastallize|p2a: Ratchet|Flying\n|move|p1b: Mimi|Protect|p1b: Mimi\n|-singleturn|p1b: Mimi|Protect\n|move|p2b: Fish and Chips|Protect|p2b: Fish and Chips\n|-singleturn|p2b: Fish and Chips|Protect\n|move|p1a: Bundle|Sacred Sword|p2a: Ratchet\n|-resisted|p2a: Ratchet\n|-damage|p2a: Ratchet|85\/100\n|move|p2a: Ratchet|Iron Head|p1a: Bundle\n|-supereffective|p1a: Bundle\n|-damage|p1a: Bundle|0 fnt\n|faint|p1a: Bundle\n|\n|upkeep\n|turn|5\n|\n|t:|1682793375\n|move|p1b: Mimi|Dazzling Gleam|p2b: Fish and Chips|[spread] p2a,p2b\n|-damage|p2a: Ratchet|50\/100\n|-damage|p2b: Fish and Chips|0 fnt\n|faint|p2b: Fish and Chips\n|move|p2a: Ratchet|Iron Head|p1b: Mimi\n|-supereffective|p1b: Mimi\n|-damage|p1b: Mimi|0 fnt\n|faint|p1b: Mimi\n|-end|p1b: Mimi|Protosynthesis|[silent]\n|\n|win|Drlawyer\n|raw|charjabugfan's rating: 1363 → 1347<\/strong> (-16 for losing)\n|raw|Drlawyer's rating: 1428 → 1444<\/strong> (+16 for winning)\n|l|\u2606charjabugfan\n","uploadtime":1682793592,"views":20,"p1id":"charjabugfan","p2id":"drlawyer","formatid":"gen9vgc2023regulationc","rating":1347,"private":0,"password":""}