{"id":"gen9vgc2023regulationc-1855676258","p1":"mence x vgc","p2":"LookItsLook","format":"[Gen 9] VGC 2023 Regulation C","log":"|j|\u2606mence x vgc\n|j|\u2606LookItsLook\n|t:|1682972227\n|gametype|doubles\n|player|p1|mence x vgc|janine|1419\n|player|p2|LookItsLook|falkner|1483\n|teamsize|p1|6\n|teamsize|p2|6\n|gen|9\n|tier|[Gen 9] VGC 2023 Regulation C\n|rated|\n|rule|Species Clause: Limit one of each Pok\u00e9mon\n|rule|Item Clause: Limit one of each item\n|clearpoke\n|poke|p1|Amoonguss, L50, F|\n|poke|p1|Gyarados, L50, F|\n|poke|p1|Iron Hands, L50|\n|poke|p1|Flutter Mane, L50|\n|poke|p1|Chi-Yu, L50|\n|poke|p1|Ting-Lu, L50|\n|poke|p2|Maushold, L50|\n|poke|p2|Annihilape, L50, M|\n|poke|p2|Flutter Mane, L50|\n|poke|p2|Talonflame, L50, F|\n|poke|p2|Azumarill, L50, M|\n|poke|p2|Chien-Pao, L50|\n|teampreview|4\n|inactive|Battle timer is ON: inactive players will automatically lose when time's up. (requested by LookItsLook)\n|inactive|mence x vgc has 60 seconds left.\n|inactive|mence x vgc has 30 seconds left.\n|inactive|mence x vgc has 20 seconds left.\n|inactive|mence x vgc has 15 seconds left.\n|inactive|mence x vgc has 10 seconds left.\n|\n|t:|1682972312\n|start\n|switch|p1a: Iron Hands|Iron Hands, L50, shiny|100\/100\n|switch|p1b: Flutter Mane|Flutter Mane, L50, shiny|100\/100\n|switch|p2a: Maushold|Maushold, L50|100\/100\n|switch|p2b: Azumarill|Azumarill, L50, M|100\/100\n|-enditem|p1b: Flutter Mane|Booster Energy\n|-activate|p1b: Flutter Mane|ability: Protosynthesis|[fromitem]\n|-start|p1b: Flutter Mane|protosynthesisspa\n|turn|1\n|\n|t:|1682972336\n|move|p2a: Maushold|Protect|p2a: Maushold\n|-singleturn|p2a: Maushold|Protect\n|move|p2b: Azumarill|Protect|p2b: Azumarill\n|-singleturn|p2b: Azumarill|Protect\n|move|p1a: Iron Hands|Fake Out|p2b: Azumarill\n|-activate|p2b: Azumarill|move: Protect\n|move|p1b: Flutter Mane|Dazzling Gleam|p2a: Maushold|[spread] \n|-activate|p2a: Maushold|move: Protect\n|-activate|p2b: Azumarill|move: Protect\n|\n|upkeep\n|turn|2\n|\n|t:|1682972355\n|move|p1b: Flutter Mane|Dazzling Gleam|p2b: Azumarill|[spread] p2a,p2b\n|-damage|p2a: Maushold|44\/100\n|-damage|p2b: Azumarill|66\/100\n|move|p2a: Maushold|Super Fang|p1a: Iron Hands\n|-damage|p1a: Iron Hands|50\/100\n|move|p2b: Azumarill|Play Rough|p1a: Iron Hands\n|-supereffective|p1a: Iron Hands\n|-damage|p1a: Iron Hands|0 fnt\n|faint|p1a: Iron Hands\n|-end|p1a: Iron Hands|Quark Drive|[silent]\n|\n|upkeep\n|inactive|mence x vgc has 30 seconds left.\n|\n|t:|1682972388\n|switch|p1a: Amoonguss|Amoonguss, L50, F, shiny|100\/100\n|turn|3\n|inactive|LookItsLook has 30 seconds left.\n|\n|t:|1682972419\n|move|p2b: Azumarill|Protect|p2b: Azumarill\n|-singleturn|p2b: Azumarill|Protect\n|move|p1a: Amoonguss|Rage Powder|p1a: Amoonguss\n|-singleturn|p1a: Amoonguss|move: Rage Powder\n|move|p1b: Flutter Mane|Dazzling Gleam|p2a: Maushold|[spread] p2a\n|-activate|p2b: Azumarill|move: Protect\n|-damage|p2a: Maushold|0 fnt\n|faint|p2a: Maushold\n|\n|upkeep\n|inactive|LookItsLook has 30 seconds left.\n|inactive|LookItsLook has 20 seconds left.\n|\n|t:|1682972457\n|switch|p2a: Talonflame|Talonflame, L50, F|100\/100\n|turn|4\n|inactive|mence x vgc has 30 seconds left.\n|inactive|LookItsLook has 30 seconds left.\n|inactive|mence x vgc has 20 seconds left.\n|inactive|LookItsLook has 20 seconds left.\n|inactive|mence x vgc has 15 seconds left.\n|inactive|mence x vgc has 10 seconds left.\n|inactive|LookItsLook has 15 seconds left.\n|\n|t:|1682972507\n|-terastallize|p1a: Amoonguss|Water\n|move|p2a: Talonflame|Brave Bird|p1a: Amoonguss\n|-damage|p1a: Amoonguss|47\/100\n|-enditem|p1a: Amoonguss|Sitrus Berry|[eat]\n|-heal|p1a: Amoonguss|72\/100|[from] item: Sitrus Berry\n|-damage|p2a: Talonflame|75\/100|[from] Recoil\n|-damage|p2a: Talonflame|65\/100|[from] item: Life Orb\n|move|p1b: Flutter Mane|Moonblast|p2b: Azumarill\n|-damage|p2b: Azumarill|1\/100\n|-enditem|p2b: Azumarill|Sitrus Berry|[eat]\n|-heal|p2b: Azumarill|26\/100|[from] item: Sitrus Berry\n|move|p2b: Azumarill|Play Rough|p1b: Flutter Mane\n|-damage|p1b: Flutter Mane|0 fnt\n|faint|p1b: Flutter Mane\n|-end|p1b: Flutter Mane|Protosynthesis|[silent]\n|move|p1a: Amoonguss|Spore|p2a: Talonflame\n|-status|p2a: Talonflame|slp|[from] move: Spore\n|\n|upkeep\n|\n|t:|1682972526\n|switch|p1b: Chi-Yu|Chi-Yu, L50|100\/100\n|-ability|p1b: Chi-Yu|Beads of Ruin\n|turn|5\n|inactive|LookItsLook has 30 seconds left.\n|\n|t:|1682972557\n|switch|p2a: Chien-Pao|Chien-Pao, L50|100\/100\n|-ability|p2a: Chien-Pao|Sword of Ruin\n|-terastallize|p2b: Azumarill|Grass\n|move|p1a: Amoonguss|Rage Powder|p1a: Amoonguss\n|-singleturn|p1a: Amoonguss|move: Rage Powder\n|move|p2b: Azumarill|Aqua Jet|p1b: Chi-Yu\n|-supereffective|p1b: Chi-Yu\n|-enditem|p1b: Chi-Yu|Focus Sash\n|-damage|p1b: Chi-Yu|1\/100\n|move|p1b: Chi-Yu|Dark Pulse|p2a: Chien-Pao\n|-resisted|p2a: Chien-Pao\n|-damage|p2a: Chien-Pao|57\/100\n|\n|upkeep\n|turn|6\n|\n|t:|1682972580\n|move|p1b: Chi-Yu|Protect|p1b: Chi-Yu\n|-singleturn|p1b: Chi-Yu|Protect\n|move|p2a: Chien-Pao|Ice Spinner|p1b: Chi-Yu\n|-activate|p1b: Chi-Yu|move: Protect\n|move|p2b: Azumarill|Play Rough|p1a: Amoonguss\n|-damage|p1a: Amoonguss|5\/100\n|move|p1a: Amoonguss|Pollen Puff|p2b: Azumarill\n|-supereffective|p2b: Azumarill\n|-damage|p2b: Azumarill|0 fnt\n|faint|p2b: Azumarill\n|\n|upkeep\n|\n|t:|1682972588\n|switch|p2b: Talonflame|Talonflame, L50, F|65\/100 slp\n|turn|7\n|\n|t:|1682972598\n|move|p2a: Chien-Pao|Protect|p2a: Chien-Pao\n|-singleturn|p2a: Chien-Pao|Protect\n|move|p1a: Amoonguss|Rage Powder|p1a: Amoonguss\n|-singleturn|p1a: Amoonguss|move: Rage Powder\n|cant|p2b: Talonflame|slp\n|move|p1b: Chi-Yu|Heat Wave|p2a: Chien-Pao|[spread] p2b\n|-activate|p2a: Chien-Pao|move: Protect\n|-resisted|p2b: Talonflame\n|-damage|p2b: Talonflame|26\/100 slp\n|\n|upkeep\n|turn|8\n|\n|t:|1682972619\n|move|p1a: Amoonguss|Rage Powder|p1a: Amoonguss\n|-singleturn|p1a: Amoonguss|move: Rage Powder\n|move|p2a: Chien-Pao|Ice Spinner|p1a: Amoonguss\n|-resisted|p1a: Amoonguss\n|-damage|p1a: Amoonguss|0 fnt\n|faint|p1a: Amoonguss\n|cant|p2b: Talonflame|slp\n|move|p1b: Chi-Yu|Heat Wave|p2b: Talonflame|[spread] p2a,p2b\n|-supereffective|p2a: Chien-Pao\n|-resisted|p2b: Talonflame\n|-damage|p2a: Chien-Pao|0 fnt\n|-damage|p2b: Talonflame|0 fnt\n|faint|p2a: Chien-Pao\n|faint|p2b: Talonflame\n|\n|win|mence x vgc\n|raw|mence x vgc's rating: 1419 → 1443<\/strong> (+24 for winning)\n|raw|LookItsLook's rating: 1483 → 1459<\/strong> (-24 for losing)\n|l|\u2606LookItsLook\n|c|\u2606mence x vgc|gg\n","uploadtime":1682972634,"views":15,"p1id":"mencexvgc","p2id":"lookitslook","formatid":"gen9vgc2023regulationc","rating":1443,"private":0,"password":""}