{"id":"gen9vgc2023regulationc-1852773286","p1":"betelgeuse","p2":"ProCenk248","format":"[Gen 9] VGC 2023 Regulation C","log":"|j|\u2606betelgeuse\n|j|\u2606ProCenk248\n|t:|1682605091\n|gametype|doubles\n|player|p1|betelgeuse|janitor|1060\n|player|p2|ProCenk248|169|1107\n|teamsize|p1|6\n|teamsize|p2|6\n|gen|9\n|tier|[Gen 9] VGC 2023 Regulation C\n|rated|\n|rule|Species Clause: Limit one of each Pok\u00e9mon\n|rule|Item Clause: Limit one of each item\n|clearpoke\n|poke|p1|Vaporeon, L50, M|\n|poke|p1|Jolteon, L50, F|\n|poke|p1|Sylveon, L50, M|\n|poke|p1|Umbreon, L50, M|\n|poke|p1|Espeon, L50, M|\n|poke|p1|Leafeon, L50, F|\n|poke|p2|Chi-Yu, L50|\n|poke|p2|Garganacl, L50, M|\n|poke|p2|Dragonite, L50, F|\n|poke|p2|Gastrodon-East, L50, M|\n|poke|p2|Sylveon, L50, M|\n|poke|p2|Chien-Pao, L50|\n|teampreview|4\n|\n|t:|1682605125\n|start\n|switch|p1a: Umbreon|Umbreon, L50, M|100\/100\n|switch|p1b: Vaporeon|Vaporeon, L50, M|100\/100\n|switch|p2a: Gastrodon|Gastrodon-East, L50, M|100\/100\n|switch|p2b: Garganacl|Garganacl, L50, M|100\/100\n|-item|p2b: Garganacl|Air Balloon\n|turn|1\n|inactive|Battle timer is ON: inactive players will automatically lose when time's up. (requested by ProCenk248)\n|\n|t:|1682605143\n|move|p1a: Umbreon|Yawn|p2a: Gastrodon\n|-start|p2a: Gastrodon|move: Yawn|[of] p1a: Umbreon\n|move|p1b: Vaporeon|Yawn|p2b: Garganacl\n|-immune|p2b: Garganacl|[from] ability: Purifying Salt\n|move|p2a: Gastrodon|Icy Wind|p1b: Vaporeon|[spread] p1a,p1b\n|-resisted|p1b: Vaporeon\n|-damage|p1a: Umbreon|94\/100\n|-damage|p1b: Vaporeon|98\/100\n|-unboost|p1a: Umbreon|spe|1\n|-unboost|p1b: Vaporeon|spe|1\n|move|p2b: Garganacl|Salt Cure|p1b: Vaporeon\n|-damage|p1b: Vaporeon|87\/100\n|-start|p1b: Vaporeon|Salt Cure\n|\n|-heal|p1b: Vaporeon|93\/100|[from] item: Leftovers\n|-damage|p1b: Vaporeon|68\/100|[from] Salt Cure\n|upkeep\n|turn|2\n|inactive|ProCenk248 has 30 seconds left.\n|inactive|ProCenk248 has 20 seconds left.\n|\n|t:|1682605179\n|switch|p1b: Leafeon|Leafeon, L50, F|100\/100\n|move|p2b: Garganacl|Helping Hand|p2a: Gastrodon\n|-singleturn|p2a: Gastrodon|Helping Hand|[of] p2b: Garganacl\n|move|p2a: Gastrodon|Earth Power|p1b: Leafeon\n|-resisted|p1b: Leafeon\n|-damage|p1b: Leafeon|78\/100\n|move|p1a: Umbreon|Snarl|p2b: Garganacl|[spread] p2a,p2b\n|-damage|p2a: Gastrodon|95\/100\n|-damage|p2b: Garganacl|91\/100\n|-unboost|p2a: Gastrodon|spa|1\n|-unboost|p2b: Garganacl|spa|1\n|-enditem|p2b: Garganacl|Air Balloon\n|\n|-heal|p2a: Gastrodon|100\/100|[from] item: Leftovers\n|-end|p2a: Gastrodon|move: Yawn|[silent]\n|-status|p2a: Gastrodon|slp\n|upkeep\n|turn|3\n|inactive|betelgeuse has 30 seconds left.\n|\n|t:|1682605205\n|switch|p2a: Dragonite|Dragonite, L50, F|100\/100\n|move|p2b: Garganacl|Protect|p2b: Garganacl\n|-singleturn|p2b: Garganacl|Protect\n|move|p1b: Leafeon|Trailblaze|p2b: Garganacl\n|-activate|p2b: Garganacl|move: Protect\n|move|p1a: Umbreon|Snarl|p2b: Garganacl|[spread] p2a\n|-activate|p2b: Garganacl|move: Protect\n|-damage|p2a: Dragonite|96\/100\n|-unboost|p2a: Dragonite|spa|1\n|\n|upkeep\n|turn|4\n|inactive|betelgeuse has 30 seconds left.\n|inactive|betelgeuse has 20 seconds left.\n|inactive|betelgeuse has 15 seconds left.\n|\n|t:|1682605245\n|-terastallize|p2a: Dragonite|Flying\n|move|p2a: Dragonite|Tera Blast|p1b: Leafeon\n|-supereffective|p1b: Leafeon\n|-damage|p1b: Leafeon|0 fnt\n|faint|p1b: Leafeon\n|move|p1a: Umbreon|Foul Play|p2a: Dragonite\n|-damage|p2a: Dragonite|30\/100\n|move|p2b: Garganacl|Salt Cure|p1a: Umbreon\n|-damage|p1a: Umbreon|85\/100\n|-start|p1a: Umbreon|Salt Cure\n|\n|-damage|p1a: Umbreon|72\/100|[from] Salt Cure\n|upkeep\n|\n|t:|1682605257\n|switch|p1b: Sylveon|Sylveon, L50, M|100\/100\n|turn|5\n|\n|t:|1682605272\n|move|p2a: Dragonite|Protect|p2a: Dragonite\n|-singleturn|p2a: Dragonite|Protect\n|move|p1b: Sylveon|Hyper Voice|p2a: Dragonite|[spread] p2b\n|-activate|p2a: Dragonite|move: Protect\n|-damage|p2b: Garganacl|42\/100\n|move|p1a: Umbreon|Moonlight|p1a: Umbreon\n|-heal|p1a: Umbreon|100\/100\n|move|p2b: Garganacl|Salt Cure|p1b: Sylveon\n|-damage|p1b: Sylveon|83\/100\n|-start|p1b: Sylveon|Salt Cure\n|\n|-damage|p1b: Sylveon|70\/100|[from] Salt Cure\n|-damage|p1a: Umbreon|88\/100|[from] Salt Cure\n|upkeep\n|turn|6\n|inactive|ProCenk248 has 30 seconds left.\n|\n|t:|1682605298\n|switch|p1b: Vaporeon|Vaporeon, L50, M|68\/100\n|move|p2b: Garganacl|Helping Hand|p2a: Dragonite\n|-singleturn|p2a: Dragonite|Helping Hand|[of] p2b: Garganacl\n|move|p2a: Dragonite|Tera Blast|p1b: Vaporeon\n|-damage|p1b: Vaporeon|0 fnt\n|faint|p1b: Vaporeon\n|move|p1a: Umbreon|Foul Play|p2a: Dragonite\n|-damage|p2a: Dragonite|0 fnt\n|faint|p2a: Dragonite\n|\n|-damage|p1a: Umbreon|76\/100|[from] Salt Cure\n|upkeep\n|\n|t:|1682605318\n|switch|p2a: Gastrodon|Gastrodon-East, L50, M|100\/100 slp\n|switch|p1b: Sylveon|Sylveon, L50, M|70\/100\n|turn|7\n|inactive|betelgeuse has 30 seconds left.\n|\n|t:|1682605349\n|move|p1b: Sylveon|Hyper Voice|p2b: Garganacl|[spread] p2a,p2b\n|-damage|p2a: Gastrodon|65\/100 slp\n|-damage|p2b: Garganacl|0 fnt\n|faint|p2b: Garganacl\n|cant|p2a: Gastrodon|slp\n|move|p1a: Umbreon|Snarl|p2a: Gastrodon\n|-damage|p2a: Gastrodon|56\/100 slp\n|-unboost|p2a: Gastrodon|spa|1\n|\n|-heal|p2a: Gastrodon|62\/100 slp|[from] item: Leftovers\n|-damage|p1a: Umbreon|63\/100|[from] Salt Cure\n|upkeep\n|\n|t:|1682605361\n|switch|p2b: Chien-Pao|Chien-Pao, L50|100\/100\n|-ability|p2b: Chien-Pao|Sword of Ruin\n|turn|8\n|\n|t:|1682605383\n|move|p2b: Chien-Pao|Sacred Sword|p1a: Umbreon\n|-supereffective|p1a: Umbreon\n|-damage|p1a: Umbreon|16\/100\n|-enditem|p1a: Umbreon|Sitrus Berry|[eat]\n|-heal|p1a: Umbreon|41\/100|[from] item: Sitrus Berry\n|move|p1b: Sylveon|Hyper Voice|p2a: Gastrodon|[spread] p2a,p2b\n|-crit|p2a: Gastrodon\n|-supereffective|p2b: Chien-Pao\n|-damage|p2a: Gastrodon|5\/100 slp\n|-enditem|p2b: Chien-Pao|Focus Sash\n|-damage|p2b: Chien-Pao|1\/100\n|cant|p2a: Gastrodon|slp\n|move|p1a: Umbreon|Snarl|p2b: Chien-Pao|[spread] p2a,p2b\n|-resisted|p2b: Chien-Pao\n|-damage|p2a: Gastrodon|0 fnt\n|-damage|p2b: Chien-Pao|0 fnt\n|faint|p2a: Gastrodon\n|faint|p2b: Chien-Pao\n|\n|win|betelgeuse\n|raw|betelgeuse's rating: 1060 → 1095<\/strong> (+35 for winning)\n|raw|ProCenk248's rating: 1107 → 1079<\/strong> (-28 for losing)\n|c|\u2606betelgeuse|Gg\n|l|\u2606ProCenk248\n","uploadtime":1682605409,"views":7,"p1id":"betelgeuse","p2id":"procenk248","formatid":"gen9vgc2023regulationc","rating":1079,"private":0,"password":""}