{"id":"gen9vgc2023regulationc-1850956409","p1":"Film Up","p2":"peep_island","format":"[Gen 9] VGC 2023 Regulation C","log":"|j|\u2606Film Up\n|j|\u2606peep_island\n|t:|1682386739\n|gametype|doubles\n|player|p1|Film Up|colress|1164\n|player|p2|peep_island|dahlia|1221\n|teamsize|p1|6\n|teamsize|p2|6\n|gen|9\n|tier|[Gen 9] VGC 2023 Regulation C\n|rated|\n|rule|Species Clause: Limit one of each Pok\u00e9mon\n|rule|Item Clause: Limit one of each item\n|clearpoke\n|poke|p1|Iron Thorns, L50|\n|poke|p1|Vivillon-Continental, L50, F|\n|poke|p1|Iron Bundle, L50|\n|poke|p1|Abomasnow, L50, F|\n|poke|p1|Chi-Yu, L50|\n|poke|p1|Iron Hands, L50|\n|poke|p2|Hariyama, L50, F|\n|poke|p2|Scizor, L50, M|\n|poke|p2|Garchomp, L50, M|\n|poke|p2|Gholdengo, L50|\n|poke|p2|Rotom-Wash, L50|\n|poke|p2|Iron Moth, L50|\n|teampreview|4\npeep_island rejected open team sheets.\n|inactive|Battle timer is ON: inactive players will automatically lose when time's up. (requested by Film Up)\n|\n|t:|1682386783\n|start\n|switch|p1a: Iron Bundle|Iron Bundle, L50|100\/100\n|switch|p1b: Iron Hands|Iron Hands, L50|100\/100\n|switch|p2a: I <3 Fire :D|Scizor, L50, M|100\/100\n|switch|p2b: Slither wing.|Iron Moth, L50|100\/100\n|-enditem|p1a: Iron Bundle|Booster Energy\n|-activate|p1a: Iron Bundle|ability: Quark Drive|[fromitem]\n|-start|p1a: Iron Bundle|quarkdrivespe\n|turn|1\n|\n|t:|1682386799\n|-end|p2b: Slither wing.|Quark Drive|[silent]\n|switch|p2b: Mmm ground types|Rotom-Wash, L50|100\/100\n|move|p1b: Iron Hands|Fake Out|p2b: Mmm ground types\n|-damage|p2b: Mmm ground types|77\/100\n|move|p1a: Iron Bundle|Hydro Pump|p2b: Mmm ground types\n|-resisted|p2b: Mmm ground types\n|-damage|p2b: Mmm ground types|50\/100\n|move|p2a: I <3 Fire :D|Tailwind|p2a: I <3 Fire :D\n|-sidestart|p2: peep_island|move: Tailwind\n|\n|upkeep\n|turn|2\n|\n|t:|1682386815\n|move|p2a: I <3 Fire :D|Helping Hand|p2b: Mmm ground types\n|-singleturn|p2b: Mmm ground types|Helping Hand|[of] p2a: I <3 Fire :D\n|move|p1a: Iron Bundle|Protect|p1a: Iron Bundle\n|-singleturn|p1a: Iron Bundle|Protect\n|move|p2b: Mmm ground types|Thunderbolt|p1a: Iron Bundle\n|-activate|p1a: Iron Bundle|move: Protect\n|move|p1b: Iron Hands|Wild Charge|p2b: Mmm ground types\n|-damage|p2b: Mmm ground types|0 fnt\n|faint|p2b: Mmm ground types\n|-damage|p1b: Iron Hands|94\/100|[from] Recoil\n|\n|upkeep\n|\n|t:|1682386819\n|switch|p2b: Slither wing.|Iron Moth, L50|100\/100\n|turn|3\n|\n|t:|1682386830\n|move|p2a: I <3 Fire :D|Helping Hand|p2b: Slither wing.\n|-singleturn|p2b: Slither wing.|Helping Hand|[of] p2a: I <3 Fire :D\n|move|p2b: Slither wing.|Sludge Wave|p1b: Iron Hands|[spread] p1a,p1b\n|-immune|p2a: I <3 Fire :D\n|-crit|p1a: Iron Bundle\n|-damage|p1a: Iron Bundle|0 fnt\n|-damage|p1b: Iron Hands|45\/100\n|faint|p1a: Iron Bundle\n|-end|p1a: Iron Bundle|Quark Drive|[silent]\n|move|p1b: Iron Hands|Drain Punch|p2a: I <3 Fire :D\n|-damage|p2a: I <3 Fire :D|58\/100\n|-heal|p1b: Iron Hands|62\/100|[from] drain|[of] p2a: I <3 Fire :D\n|\n|upkeep\n|\n|t:|1682386843\n|switch|p1a: Abomasnow|Abomasnow, L50, F|100\/100\n|-weather|Snow|[from] ability: Snow Warning|[of] p1a: Abomasnow\n|turn|4\n|\n|t:|1682386847\n|move|p2a: I <3 Fire :D|Helping Hand|p2b: Slither wing.\n|-singleturn|p2b: Slither wing.|Helping Hand|[of] p2a: I <3 Fire :D\n|move|p1a: Abomasnow|Protect|p1a: Abomasnow\n|-singleturn|p1a: Abomasnow|Protect\n|move|p2b: Slither wing.|Sludge Wave|p1b: Iron Hands|[spread] p1b\n|-activate|p1a: Abomasnow|move: Protect\n|-immune|p2a: I <3 Fire :D\n|-damage|p1b: Iron Hands|11\/100\n|move|p1b: Iron Hands|Wild Charge|p2b: Slither wing.\n|-damage|p2b: Slither wing.|7\/100\n|-damage|p1b: Iron Hands|0 fnt|[from] Recoil\n|faint|p1b: Iron Hands\n|-end|p1b: Iron Hands|Quark Drive|[silent]\n|\n|-weather|Snow|[upkeep]\n|-sideend|p2: peep_island|move: Tailwind\n|upkeep\n|\n|t:|1682386858\n|switch|p1b: Chi-Yu|Chi-Yu, L50|100\/100\n|-ability|p1b: Chi-Yu|Beads of Ruin\n|turn|5\n|\n|t:|1682386869\n|move|p2a: I <3 Fire :D|Bullet Punch|p1a: Abomasnow\n|-supereffective|p1a: Abomasnow\n|-damage|p1a: Abomasnow|49\/100\n|move|p1b: Chi-Yu|Heat Wave|p2a: I <3 Fire :D|[spread] p2a,p2b\n|-supereffective|p2a: I <3 Fire :D\n|-resisted|p2b: Slither wing.\n|-damage|p2a: I <3 Fire :D|0 fnt\n|-damage|p2b: Slither wing.|0 fnt\n|faint|p2a: I <3 Fire :D\n|faint|p2b: Slither wing.\n|-end|p2b: Slither wing.|Quark Drive|[silent]\n|move|p1a: Abomasnow|Aurora Veil|p1a: Abomasnow\n|-sidestart|p1: Film Up|move: Aurora Veil\n|\n|-weather|Snow|[upkeep]\n|upkeep\n|\n|t:|1682386872\n|switch|p2b: monch cronch|Garchomp, L50, M|100\/100\n|turn|6\n|\n|t:|1682386880\n|-terastallize|p2b: monch cronch|Dragon\n|move|p2b: monch cronch|Earthquake|p1a: Abomasnow|[spread] p1a,p1b\n|-resisted|p1a: Abomasnow\n|-supereffective|p1b: Chi-Yu\n|-damage|p1a: Abomasnow|40\/100\n|-damage|p1b: Chi-Yu|14\/100\n|move|p1b: Chi-Yu|Heat Wave|p2b: monch cronch\n|-resisted|p2b: monch cronch\n|-damage|p2b: monch cronch|64\/100\n|move|p1a: Abomasnow|Blizzard|p2b: monch cronch\n|-supereffective|p2b: monch cronch\n|-damage|p2b: monch cronch|0 fnt\n|faint|p2b: monch cronch\n|-damage|p1a: Abomasnow|30\/100|[from] item: Life Orb\n|\n|win|Film Up\n|raw|Film Up's rating: 1136 → 1167<\/strong> (+31 for winning)\n|raw|peep_island's rating: 1221 → 1190<\/strong> (-31 for losing)\n","uploadtime":1682386885,"views":10,"p1id":"filmup","p2id":"peepisland","formatid":"gen9vgc2023regulationc","rating":1167,"private":0,"password":""}