{"id":"gen9vgc2023regulationc-1863807021","p1":"lol95","p2":"PKAB","format":"[Gen 9] VGC 2023 Regulation C","log":"|j|\u2606lol95\n|j|\u2606PKAB\n|t:|1684080131\n|gametype|doubles\n|player|p1|lol95|265|\n|player|p2|PKAB|170|\n|teamsize|p1|6\n|teamsize|p2|6\n|gen|9\n|tier|[Gen 9] VGC 2023 Regulation C\n|rule|Species Clause: Limit one of each Pok\u00e9mon\n|rule|Item Clause: Limit one of each item\n|clearpoke\n|poke|p1|Hawlucha, L50, M|\n|poke|p1|Indeedee-F, L50, F|\n|poke|p1|Armarouge, L50, M|\n|poke|p1|Palafin, L50, F|\n|poke|p1|Sandy Shocks, L50|\n|poke|p1|Chien-Pao, L50|\n|poke|p2|Talonflame, L50, M|\n|poke|p2|Gholdengo, L50|\n|poke|p2|Garchomp, L50, M|\n|poke|p2|Iron Hands, L50|\n|poke|p2|Iron Bundle, L50|\n|poke|p2|Chien-Pao, L50|\n|teampreview|4\nPKAB has agreed to open team sheets.\nlol95 has agreed to open team sheets.\n|j| Breloom3912\n|j| Orangex733\n|j| Indigosaffron\n|\n|t:|1684080631\n|start\n|switch|p1a: Indeedee|Indeedee-F, L50, F|100\/100\n|switch|p1b: Armarouge|Armarouge, L50, M|100\/100\n|switch|p2a: Talonflame|Talonflame, L50, M|100\/100\n|switch|p2b: Chien-Pao|Chien-Pao, L50|100\/100\n|-ability|p2b: Chien-Pao|Sword of Ruin\n|-fieldstart|move: Psychic Terrain|[from] ability: Psychic Surge|[of] p1a: Indeedee\n|turn|1\n|j| superstar jamie\n|\n|t:|1684080659\n|switch|p1b: Hawlucha|Hawlucha, L50, M, shiny|100\/100\n|-enditem|p1b: Hawlucha|Psychic Seed\n|-boost|p1b: Hawlucha|spd|1|[from] item: Psychic Seed\n|move|p1a: Indeedee|Protect|p1a: Indeedee\n|-singleturn|p1a: Indeedee|Protect\n|move|p2a: Talonflame|Tailwind|p2a: Talonflame\n|-sidestart|p2: PKAB|move: Tailwind\n|move|p2b: Chien-Pao|Ice Spinner|p1a: Indeedee\n|-activate|p1a: Indeedee|move: Protect\n|\n|upkeep\n|turn|2\n|\n|t:|1684080690\n|move|p1a: Indeedee|Follow Me|p1a: Indeedee\n|-singleturn|p1a: Indeedee|move: Follow Me\n|move|p2a: Talonflame|Taunt|p1a: Indeedee\n|-start|p1a: Indeedee|move: Taunt\n|move|p2b: Chien-Pao|Ice Spinner|p1a: Indeedee\n|-damage|p1a: Indeedee|45\/100\n|-fieldend|move: Psychic Terrain\n|move|p1b: Hawlucha|Flying Press|p2b: Chien-Pao\n|-supereffective|p2b: Chien-Pao\n|-enditem|p2b: Chien-Pao|Focus Sash\n|-damage|p2b: Chien-Pao|1\/100\n|\n|upkeep\n|turn|3\n|\n|t:|1684080711\n|move|p2b: Chien-Pao|Protect|p2b: Chien-Pao\n|-singleturn|p2b: Chien-Pao|Protect\n|move|p1b: Hawlucha|Detect|p1b: Hawlucha\n|-singleturn|p1b: Hawlucha|Protect\n|move|p2a: Talonflame|Will-O-Wisp|p1b: Hawlucha\n|-activate|p1b: Hawlucha|move: Protect\n|move|p1a: Indeedee|Psychic|p2a: Talonflame\n|-damage|p2a: Talonflame|65\/100\n|\n|upkeep\n|turn|4\n|\n|t:|1684080738\n|move|p2a: Talonflame|Will-O-Wisp|p1b: Hawlucha\n|-status|p1b: Hawlucha|brn\n|move|p2b: Chien-Pao|Ice Spinner|p1b: Hawlucha\n|-supereffective|p1b: Hawlucha\n|-damage|p1b: Hawlucha|0 fnt\n|faint|p1b: Hawlucha\n|move|p1a: Indeedee|Psychic|p2a: Talonflame\n|-damage|p2a: Talonflame|28\/100\n|\n|-sideend|p2: PKAB|move: Tailwind\n|upkeep\n|\n|t:|1684080750\n|switch|p1b: Chien-Pao|Chien-Pao, L50|100\/100\n|-ability|p1b: Chien-Pao|Sword of Ruin\n|turn|5\n|\n|t:|1684080769\n|switch|p1a: Armarouge|Armarouge, L50, M|100\/100\n|move|p1b: Chien-Pao|Throat Chop|p2a: Talonflame\n|-damage|p2a: Talonflame|0 fnt\n|faint|p2a: Talonflame\n|move|p2b: Chien-Pao|Sacred Sword|p1b: Chien-Pao\n|-supereffective|p1b: Chien-Pao\n|-enditem|p1b: Chien-Pao|Focus Sash\n|-damage|p1b: Chien-Pao|1\/100\n|\n|upkeep\n|\n|t:|1684080781\n|switch|p2a: Garchomp|Garchomp, L50, M|100\/100\n|turn|6\n|\n|t:|1684080805\n|switch|p1b: Indeedee|Indeedee-F, L50, F|45\/100\n|-fieldstart|move: Psychic Terrain|[from] ability: Psychic Surge|[of] p1b: Indeedee\n|-terastallize|p1a: Armarouge|Grass\n|move|p2a: Garchomp|Protect|p2a: Garchomp\n|-singleturn|p2a: Garchomp|Protect\n|move|p2b: Chien-Pao|Ice Spinner|p1b: Indeedee\n|-damage|p1b: Indeedee|0 fnt\n|-fieldend|move: Psychic Terrain\n|faint|p1b: Indeedee\n|move|p1a: Armarouge|Armor Cannon|p2b: Chien-Pao\n|-supereffective|p2b: Chien-Pao\n|-damage|p2b: Chien-Pao|0 fnt\n|-unboost|p1a: Armarouge|def|1\n|-unboost|p1a: Armarouge|spd|1\n|faint|p2b: Chien-Pao\n|-damage|p1a: Armarouge|91\/100|[from] item: Life Orb\n|\n|upkeep\n|\n|t:|1684080821\n|switch|p2b: Iron Bundle|Iron Bundle, L50|100\/100\n|switch|p1b: Chien-Pao|Chien-Pao, L50|1\/100\n|-ability|p1b: Chien-Pao|Sword of Ruin\n|-enditem|p2b: Iron Bundle|Booster Energy\n|-activate|p2b: Iron Bundle|ability: Quark Drive|[fromitem]\n|-start|p2b: Iron Bundle|quarkdrivespe\n|turn|7\n|\n|t:|1684080864\n|-terastallize|p2a: Garchomp|Fire\n|move|p2b: Iron Bundle|Protect|p2b: Iron Bundle\n|-singleturn|p2b: Iron Bundle|Protect\n|move|p1a: Armarouge|Wide Guard|p1a: Armarouge\n|-singleturn|p1a: Armarouge|Wide Guard\n|move|p1b: Chien-Pao|Ice Spinner|p2a: Garchomp\n|-resisted|p2a: Garchomp\n|-damage|p2a: Garchomp|76\/100\n|-damage|p1b: Chien-Pao|0 fnt|[from] ability: Rough Skin|[of] p2a: Garchomp\n|faint|p1b: Chien-Pao\n|move|p2a: Garchomp|Earthquake|p1a: Armarouge|[spread] \n|-activate|p1a: Armarouge|move: Wide Guard\n|-activate|p2b: Iron Bundle|move: Protect\n|\n|upkeep\n|turn|8\n|l| superstar jamie\n|\n|t:|1684080876\n|move|p2b: Iron Bundle|Freeze-Dry|p1a: Armarouge\n|-supereffective|p1a: Armarouge\n|-damage|p1a: Armarouge|0 fnt\n|faint|p1a: Armarouge\n|\n|win|PKAB\n|c|\u2606PKAB|ggs\n|l| Breloom3912\n|l| Indigosaffron\n|l| Orangex733\n|c|\u2606lol95|ggs\n|c|\u2606lol95|are you cool to do the replays?\n|c|\u2606PKAB|o7 can do\n|l|\u2606lol95\n","uploadtime":1684080888,"views":18,"p1id":"lol95","p2id":"pkab","formatid":"gen9vgc2023regulationc","rating":0,"private":0,"password":""}