{"id":"gen9vgc2023regulationc-1846009523","p1":"kushsmoker68","p2":"dhhrooov","format":"[Gen 9] VGC 2023 Regulation C","log":"|j|\u2606kushsmoker68\n|j|\u2606dhhrooov\n|t:|1681790808\n|gametype|doubles\n|player|p1|kushsmoker68|170|1053\n|player|p2|dhhrooov|170|1000\n|teamsize|p1|6\n|teamsize|p2|6\n|gen|9\n|tier|[Gen 9] VGC 2023 Regulation C\n|rated|\n|rule|Species Clause: Limit one of each Pok\u00e9mon\n|rule|Item Clause: Limit one of each item\n|clearpoke\n|poke|p1|Tatsugiri, L50, F|\n|poke|p1|Dondozo, L50, F|\n|poke|p1|Flutter Mane, L50|\n|poke|p1|Flamigo, L50, M|\n|poke|p1|Ceruledge, L50, M|\n|poke|p1|Maushold, L50|\n|poke|p2|Sylveon, L50, M|\n|poke|p2|Glalie, L50, M|\n|poke|p2|Amoonguss, L50, F|\n|poke|p2|Dragonite, L50, F|\n|poke|p2|Volcarona, L50, M|\n|poke|p2|Sableye, L50, F|\n|teampreview|4\n|\n|t:|1681790829\n|start\n|switch|p1a: SUSHI!|Tatsugiri, L50, F|100\/100\n|switch|p1b: Lil Flutty Mane|Flutter Mane, L50|100\/100\n|switch|p2a: Sableye|Sableye, L50, F|100\/100\n|switch|p2b: Volcarona|Volcarona, L50, M|100\/100\n|-enditem|p1b: Lil Flutty Mane|Booster Energy\n|-activate|p1b: Lil Flutty Mane|ability: Protosynthesis|[fromitem]\n|-start|p1b: Lil Flutty Mane|protosynthesisspe\n|turn|1\n|\n|t:|1681790856\n|move|p1a: SUSHI!|Protect|p1a: SUSHI!\n|-singleturn|p1a: SUSHI!|Protect\n|move|p2a: Sableye|Fake Out|p1b: Lil Flutty Mane\n|-immune|p1b: Lil Flutty Mane\n|move|p1b: Lil Flutty Mane|Perish Song|p1b: Lil Flutty Mane\n|-start|p1a: SUSHI!|perish3|[silent]\n|-start|p1b: Lil Flutty Mane|perish3|[silent]\n|-start|p2a: Sableye|perish3|[silent]\n|-start|p2b: Volcarona|perish3|[silent]\n|-fieldactivate|move: Perish Song\n|move|p2b: Volcarona|Quiver Dance|p2b: Volcarona\n|-boost|p2b: Volcarona|spa|1\n|-boost|p2b: Volcarona|spd|1\n|-boost|p2b: Volcarona|spe|1\n|\n|-start|p1b: Lil Flutty Mane|perish3\n|-start|p2b: Volcarona|perish3\n|-start|p1a: SUSHI!|perish3\n|-start|p2a: Sableye|perish3\n|upkeep\n|turn|2\n|\n|t:|1681790888\n|move|p1b: Lil Flutty Mane|Protect|p1b: Lil Flutty Mane\n|-singleturn|p1b: Lil Flutty Mane|Protect\n|move|p2a: Sableye|Thunder Wave|p1a: SUSHI!\n|-status|p1a: SUSHI!|par\n|move|p2b: Volcarona|Bug Buzz|p1b: Lil Flutty Mane\n|-activate|p1b: Lil Flutty Mane|move: Protect\n|move|p1a: SUSHI!|Muddy Water|p2b: Volcarona|[spread] p2a,p2b\n|-supereffective|p2b: Volcarona\n|-crit|p2b: Volcarona\n|-damage|p2a: Sableye|49\/100\n|-damage|p2b: Volcarona|0 fnt\n|faint|p2b: Volcarona\n|\n|-start|p1b: Lil Flutty Mane|perish2\n|-start|p1a: SUSHI!|perish2\n|-start|p2a: Sableye|perish2\n|upkeep\n|\n|t:|1681790904\n|switch|p2b: Sylveon|Sylveon, L50, M|100\/100\n|turn|3\n|\n|t:|1681790916\n|-end|p1b: Lil Flutty Mane|Protosynthesis|[silent]\n|switch|p1b: Donny D|Dondozo, L50, F|100\/100\n|-activate|p1a: SUSHI!|ability: Commander|[of] p1b: Donny D\n|-boost|p1b: Donny D|atk|2\n|-boost|p1b: Donny D|spa|2\n|-boost|p1b: Donny D|spe|2\n|-boost|p1b: Donny D|def|2\n|-boost|p1b: Donny D|spd|2\n|-terastallize|p2b: Sylveon|Fairy\n|move|p2a: Sableye|Thunder Wave|p1b: Donny D\n|-status|p1b: Donny D|par\n|move|p2b: Sylveon|Hyper Voice|p1a: SUSHI!|[spread] p1b\n|-miss|p2b: Sylveon|p1a: SUSHI!\n|-damage|p1b: Donny D|80\/100 par\n|\n|-heal|p1b: Donny D|86\/100 par|[from] item: Leftovers\n|-start|p1a: SUSHI!|perish1\n|-start|p2a: Sableye|perish1\n|upkeep\n|turn|4\n|\n|t:|1681790946\n|switch|p2a: Glalie|Glalie, L50, M|100\/100\n|move|p1b: Donny D|Earthquake|p2a: Glalie|[spread] p2a,p2b\n|-miss|p1b: Donny D|p1a: SUSHI!\n|-crit|p2a: Glalie\n|-crit|p2b: Sylveon\n|-damage|p2a: Glalie|33\/100\n|-damage|p2b: Sylveon|27\/100\n|move|p2b: Sylveon|Hyper Voice|p1a: SUSHI!|[spread] p1b\n|-miss|p2b: Sylveon|p1a: SUSHI!\n|-damage|p1b: Donny D|67\/100 par\n|\n|-heal|p1b: Donny D|73\/100 par|[from] item: Leftovers\n|-start|p1a: SUSHI!|perish0\n|-ability|p2a: Glalie|Moody|boost\n|-boost|p2a: Glalie|def|2\n|-unboost|p2a: Glalie|atk|1\n|faint|p1a: SUSHI!\n|upkeep\n|\n|t:|1681790964\n|switch|p1a: Lil Flutty Mane|Flutter Mane, L50|100\/100\n|turn|5\n|\n|t:|1681790978\n|-terastallize|p1a: Lil Flutty Mane|Fairy\n|move|p1a: Lil Flutty Mane|Moonblast|p2a: Glalie\n|-damage|p2a: Glalie|0 fnt\n|faint|p2a: Glalie\n|move|p1b: Donny D|Order Up|p2b: Sylveon\n|-immune|p2b: Sylveon\n|move|p2b: Sylveon|Hyper Voice|p1a: Lil Flutty Mane|[spread] p1a,p1b\n|-crit|p1b: Donny D\n|-damage|p1a: Lil Flutty Mane|55\/100\n|-damage|p1b: Donny D|24\/100 par\n|\n|-heal|p1b: Donny D|30\/100 par|[from] item: Leftovers\n|upkeep\n|-message|dhhrooov forfeited.\n|\n|win|kushsmoker68\n|raw|kushsmoker68's rating: 1053 → 1080<\/strong> (+27 for winning)\n|raw|dhhrooov's rating: 1000 → 1000<\/strong> (+0 for losing)\n|l|\u2606dhhrooov\n","uploadtime":1681790997,"views":7,"p1id":"kushsmoker68","p2id":"dhhrooov","formatid":"gen9vgc2023regulationc","rating":1000,"private":0,"password":""}