{"id":"gen9vgc2023regulationc-1852657868","p1":"HowardOnThePost","p2":"Ytterby","format":"[Gen 9] VGC 2023 Regulation C","log":"|j|\u2606HowardOnThePost\n|j|\u2606Ytterby\n|t:|1682592338\n|gametype|doubles\n|player|p1|HowardOnThePost|brycenman|1052\n|player|p2|Ytterby|brycenman|1140\n|teamsize|p1|6\n|teamsize|p2|6\n|gen|9\n|tier|[Gen 9] VGC 2023 Regulation C\n|rated|\n|rule|Species Clause: Limit one of each Pok\u00e9mon\n|rule|Item Clause: Limit one of each item\n|clearpoke\n|poke|p1|Arcanine, L50, M|\n|poke|p1|Amoonguss, L50, F|\n|poke|p1|Palafin, L50, M|\n|poke|p1|Ting-Lu, L50|\n|poke|p1|Flutter Mane, L50|\n|poke|p1|Baxcalibur, L50, M|\n|poke|p2|Flutter Mane, L50|\n|poke|p2|Arcanine, L50, M|\n|poke|p2|Torkoal, L50, M|\n|poke|p2|Maushold, L50|\n|poke|p2|Annihilape, L50, F|\n|poke|p2|Noivern, L50, F|\n|teampreview|4\n|\n|t:|1682592371\n|start\n|switch|p1a: Arcanine|Arcanine, L50, M|100\/100\n|switch|p1b: Flutter Mane|Flutter Mane, L50|100\/100\n|switch|p2a: Annihilape|Annihilape, L50, F|100\/100\n|switch|p2b: Maushold|Maushold, L50|100\/100\n|-ability|p1a: Arcanine|Intimidate|boost\n|-unboost|p2a: Annihilape|atk|1\n|-unboost|p2b: Maushold|atk|1\n|turn|1\n|\n|t:|1682592394\n|-end|p1b: Flutter Mane|Protosynthesis|[silent]\n|switch|p1b: Amoonguss|Amoonguss, L50, F, shiny|100\/100\n|switch|p2b: Arcanine|Arcanine, L50, M|100\/100\n|-ability|p2b: Arcanine|Intimidate|boost\n|-unboost|p1a: Arcanine|atk|1\n|-unboost|p1b: Amoonguss|atk|1\n|-terastallize|p2a: Annihilape|Ghost\n|move|p2a: Annihilape|Shadow Claw|p1b: Amoonguss\n|-crit|p1b: Amoonguss\n|-damage|p1b: Amoonguss|47\/100\n|-enditem|p1b: Amoonguss|Sitrus Berry|[eat]\n|-heal|p1b: Amoonguss|72\/100|[from] item: Sitrus Berry\n|move|p1a: Arcanine|Will-O-Wisp|p2a: Annihilape|[miss]\n|-miss|p1a: Arcanine|p2a: Annihilape\n|\n|upkeep\n|turn|2\n|\n|t:|1682592435\n|switch|p2a: Farter Man|Flutter Mane, L50|100\/100\n|move|p1b: Amoonguss|Protect|p1b: Amoonguss\n|-singleturn|p1b: Amoonguss|Protect\n|move|p1a: Arcanine|Will-O-Wisp|p2a: Farter Man\n|-status|p2a: Farter Man|brn\n|move|p2b: Arcanine|Heat Wave|p1a: Arcanine|[spread] p1a\n|-activate|p1b: Amoonguss|move: Protect\n|-resisted|p1a: Arcanine\n|-damage|p1a: Arcanine|83\/100\n|\n|-damage|p2a: Farter Man|94\/100 brn|[from] brn\n|upkeep\n|turn|3\n|inactive|Battle timer is ON: inactive players will automatically lose when time's up. (requested by HowardOnThePost)\n|\n|t:|1682592479\n|switch|p1a: Ting-Lu|Ting-Lu, L50|100\/100\n|-ability|p1a: Ting-Lu|Vessel of Ruin\n|move|p2a: Farter Man|Moonblast|p1b: Amoonguss\n|-resisted|p1b: Amoonguss\n|-damage|p1b: Amoonguss|51\/100\n|-damage|p2a: Farter Man|85\/100 brn|[from] item: Life Orb\n|move|p2b: Arcanine|Heat Wave|p1b: Amoonguss|[spread] p1a,p1b\n|-supereffective|p1b: Amoonguss\n|-damage|p1a: Ting-Lu|90\/100\n|-damage|p1b: Amoonguss|1\/100\n|move|p1b: Amoonguss|Pollen Puff|p1a: Ting-Lu\n|-heal|p1a: Ting-Lu|100\/100\n|\n|-damage|p2a: Farter Man|79\/100 brn|[from] brn\n|upkeep\n|turn|4\n|inactive|HowardOnThePost has 30 seconds left.\n|inactive|Ytterby has 30 seconds left.\n|inactive|Ytterby has 20 seconds left.\n|inactive|HowardOnThePost has 20 seconds left.\n|inactive|Ytterby has 15 seconds left.\n|\n|t:|1682592522\n|switch|p1b: Arcanine|Arcanine, L50, M|83\/100\n|-ability|p1b: Arcanine|Intimidate|boost\n|-unboost|p2a: Farter Man|atk|1\n|-unboost|p2b: Arcanine|atk|1\n|move|p2a: Farter Man|Moonblast|p1a: Ting-Lu\n|-supereffective|p1a: Ting-Lu\n|-damage|p1a: Ting-Lu|61\/100\n|-damage|p2a: Farter Man|69\/100 brn|[from] item: Life Orb\n|move|p2b: Arcanine|Heat Wave|p1a: Ting-Lu|[spread] p1a,p1b\n|-resisted|p1b: Arcanine\n|-damage|p1a: Ting-Lu|50\/100\n|-damage|p1b: Arcanine|69\/100\n|move|p1a: Ting-Lu|Snarl|p2b: Arcanine|[spread] p2a,p2b\n|-damage|p2a: Farter Man|60\/100 brn\n|-damage|p2b: Arcanine|90\/100\n|-unboost|p2a: Farter Man|spa|1\n|-unboost|p2b: Arcanine|spa|1\n|\n|-damage|p2a: Farter Man|54\/100 brn|[from] brn\n|upkeep\n|turn|5\n|inactive|HowardOnThePost has 30 seconds left.\n|inactive|Ytterby has 30 seconds left.\n|inactive|Ytterby has 20 seconds left.\n|\n|t:|1682592560\n|-end|p2a: Farter Man|Protosynthesis|[silent]\n|switch|p2a: Maushold|Maushold, L50|100\/100\n|-terastallize|p1a: Ting-Lu|Poison\n|move|p2b: Arcanine|Protect|p2b: Arcanine\n|-singleturn|p2b: Arcanine|Protect\n|move|p1b: Arcanine|Extreme Speed|p2b: Arcanine\n|-activate|p2b: Arcanine|move: Protect\n|move|p1a: Ting-Lu|Heavy Slam|p2a: Maushold\n|-damage|p2a: Maushold|46\/100\n|\n|upkeep\n|turn|6\n|inactive|HowardOnThePost has 30 seconds left.\n|inactive|Ytterby has 30 seconds left.\n|inactive|Ytterby has 20 seconds left.\n|\n|t:|1682592597\n|switch|p2b: Farter Man|Flutter Mane, L50|54\/100 brn\n|switch|p1a: Amoonguss|Amoonguss, L50, F, shiny|35\/100\n|move|p2a: Maushold|Protect|p2a: Maushold\n|-singleturn|p2a: Maushold|Protect\n|move|p1b: Arcanine|Flare Blitz|p2a: Maushold\n|-activate|p2a: Maushold|move: Protect\n|\n|-damage|p2b: Farter Man|48\/100 brn|[from] brn\n|upkeep\n|turn|7\n|inactive|HowardOnThePost has 30 seconds left.\n|inactive|Ytterby has 30 seconds left.\n|inactive|HowardOnThePost has 20 seconds left.\n|\n|t:|1682592634\n|switch|p2a: Arcanine|Arcanine, L50, M|90\/100\n|-ability|p2a: Arcanine|Intimidate|boost\n|-unboost|p1a: Amoonguss|atk|1\n|-unboost|p1b: Arcanine|atk|1\n|switch|p1a: Ting-Lu|Ting-Lu, L50, tera:Poison|50\/100\n|-ability|p1a: Ting-Lu|Vessel of Ruin\n|move|p2b: Farter Man|Protect|p2b: Farter Man\n|-singleturn|p2b: Farter Man|Protect\n|move|p1b: Arcanine|Will-O-Wisp|p2a: Arcanine\n|-immune|p2a: Arcanine\n|\n|-damage|p2b: Farter Man|42\/100 brn|[from] brn\n|upkeep\n|turn|8\n|inactive|HowardOnThePost has 30 seconds left.\n|inactive|Ytterby has 30 seconds left.\n|inactive|Ytterby has 20 seconds left.\n|\n|t:|1682592670\n|-end|p2b: Farter Man|Protosynthesis|[silent]\n|switch|p2b: Annihilape|Annihilape, L50, F, tera:Ghost|100\/100\n|move|p1b: Arcanine|Protect|p1b: Arcanine\n|-singleturn|p1b: Arcanine|Protect\n|move|p2a: Arcanine|Heat Wave|p1b: Arcanine|[spread] p1a\n|-activate|p1b: Arcanine|move: Protect\n|-damage|p1a: Ting-Lu|40\/100\n|move|p1a: Ting-Lu|Snarl|p2a: Arcanine|[spread] p2a,p2b\n|-crit|p2a: Arcanine\n|-supereffective|p2b: Annihilape\n|-damage|p2a: Arcanine|73\/100\n|-damage|p2b: Annihilape|86\/100\n|-unboost|p2a: Arcanine|spa|1\n|-unboost|p2b: Annihilape|spa|1\n|\n|upkeep\n|turn|9\n|inactive|HowardOnThePost has 30 seconds left.\n|inactive|Ytterby has 30 seconds left.\n|inactive|Ytterby has 20 seconds left.\n|inactive|Ytterby has 15 seconds left.\n|\n|t:|1682592714\n|move|p2a: Arcanine|Protect|p2a: Arcanine\n|-singleturn|p2a: Arcanine|Protect\n|move|p2b: Annihilape|Bulldoze|p1a: Ting-Lu|[spread] p1a,p1b\n|-activate|p2a: Arcanine|move: Protect\n|-supereffective|p1a: Ting-Lu\n|-supereffective|p1b: Arcanine\n|-damage|p1a: Ting-Lu|27\/100\n|-damage|p1b: Arcanine|42\/100\n|-unboost|p1a: Ting-Lu|spe|1\n|-unboost|p1b: Arcanine|spe|1\n|move|p1b: Arcanine|Will-O-Wisp|p2b: Annihilape\n|-status|p2b: Annihilape|brn\n|move|p1a: Ting-Lu|Stomping Tantrum|p2a: Arcanine\n|-activate|p2a: Arcanine|move: Protect\n|\n|-damage|p2b: Annihilape|80\/100 brn|[from] brn\n|upkeep\n|turn|10\n|inactive|Ytterby has 30 seconds left.\n|inactive|Ytterby has 20 seconds left.\n|inactive|Ytterby has 15 seconds left.\n|inactive|Ytterby has 10 seconds left.\n|\n|t:|1682592759\n|switch|p1b: Amoonguss|Amoonguss, L50, F, shiny|68\/100\n|move|p2b: Annihilape|Bulldoze|p1b: Amoonguss|[spread] p2a,p1a,p1b\n|-supereffective|p2a: Arcanine\n|-supereffective|p1a: Ting-Lu\n|-damage|p2a: Arcanine|56\/100\n|-damage|p1a: Ting-Lu|20\/100\n|-damage|p1b: Amoonguss|63\/100\n|-unboost|p2a: Arcanine|spe|1\n|-unboost|p1a: Ting-Lu|spe|1\n|-unboost|p1b: Amoonguss|spe|1\n|move|p2a: Arcanine|Heat Wave|p1a: Ting-Lu|[spread] p1a,p1b\n|-supereffective|p1b: Amoonguss\n|-damage|p1a: Ting-Lu|13\/100\n|-damage|p1b: Amoonguss|29\/100\n|move|p1a: Ting-Lu|Stomping Tantrum|p2a: Arcanine\n|-supereffective|p2a: Arcanine\n|-damage|p2a: Arcanine|0 fnt\n|faint|p2a: Arcanine\n|\n|-damage|p2b: Annihilape|74\/100 brn|[from] brn\n|upkeep\n|\n|t:|1682592779\n|switch|p2a: Maushold|Maushold, L50|46\/100\n|turn|11\n|\n|t:|1682592800\n|switch|p1b: Arcanine|Arcanine, L50, M|42\/100\n|-ability|p1b: Arcanine|Intimidate|boost\n|-unboost|p2a: Maushold|atk|1\n|-unboost|p2b: Annihilape|atk|1\n|move|p2a: Maushold|Protect|p2a: Maushold\n|-singleturn|p2a: Maushold|Protect\n|move|p2b: Annihilape|Bulldoze|p1b: Arcanine|[spread] p1a,p1b\n|-activate|p2a: Maushold|move: Protect\n|-supereffective|p1a: Ting-Lu\n|-supereffective|p1b: Arcanine\n|-damage|p1a: Ting-Lu|9\/100\n|-damage|p1b: Arcanine|33\/100\n|-unboost|p1a: Ting-Lu|spe|1\n|-unboost|p1b: Arcanine|spe|1\n|move|p1a: Ting-Lu|Stomping Tantrum|p2a: Maushold\n|-activate|p2a: Maushold|move: Protect\n|\n|-damage|p2b: Annihilape|68\/100 brn|[from] brn\n|upkeep\n|turn|12\n|inactive|HowardOnThePost has 30 seconds left.\n|inactive|Ytterby has 30 seconds left.\n|inactive|Ytterby has 20 seconds left.\n|inactive|Ytterby has 15 seconds left.\n|inactive|Ytterby has 10 seconds left.\n|inactive|Ytterby has 5 seconds left.\n|\n|t:|1682592855\n|switch|p1b: Amoonguss|Amoonguss, L50, F, shiny|62\/100\n|move|p2b: Annihilape|Bulldoze|p1a: Ting-Lu|[spread] p2a,p1a,p1b\n|-supereffective|p1a: Ting-Lu\n|-damage|p2a: Maushold|39\/100\n|-damage|p1a: Ting-Lu|4\/100\n|-damage|p1b: Amoonguss|58\/100\n|-unboost|p2a: Maushold|spe|1\n|-unboost|p1a: Ting-Lu|spe|1\n|-unboost|p1b: Amoonguss|spe|1\n|move|p2a: Maushold|Population Bomb|p1a: Ting-Lu\n|-damage|p1a: Ting-Lu|0 fnt\n|faint|p1a: Ting-Lu\n|-hitcount|p1: Ting-Lu|1\n|\n|-damage|p2b: Annihilape|62\/100 brn|[from] brn\n|upkeep\n|\n|t:|1682592870\n|switch|p1a: Flutter Mane|Flutter Mane, L50|100\/100\n|turn|13\n|\n|t:|1682592890\n|-end|p1a: Flutter Mane|Protosynthesis|[silent]\n|switch|p1a: Arcanine|Arcanine, L50, M|33\/100\n|-ability|p1a: Arcanine|Intimidate|boost\n|-unboost|p2a: Maushold|atk|1\n|-unboost|p2b: Annihilape|atk|1\n|move|p2a: Maushold|Protect|p2a: Maushold\n|-singleturn|p2a: Maushold|Protect\n|move|p2b: Annihilape|Bulldoze|p1b: Amoonguss|[spread] p1a,p1b\n|-activate|p2a: Maushold|move: Protect\n|-supereffective|p1a: Arcanine\n|-damage|p1a: Arcanine|26\/100\n|-damage|p1b: Amoonguss|56\/100\n|-unboost|p1a: Arcanine|spe|1\n|-unboost|p1b: Amoonguss|spe|1\n|move|p1b: Amoonguss|Spore|p2a: Maushold\n|-activate|p2a: Maushold|move: Protect\n|\n|-damage|p2b: Annihilape|56\/100 brn|[from] brn\n|upkeep\n|turn|14\n|inactive|Ytterby has 30 seconds left.\n|\n|t:|1682592918\n|switch|p2b: Farter Man|Flutter Mane, L50|42\/100 brn\n|move|p2a: Maushold|Population Bomb|p1a: Arcanine\n|-damage|p1a: Arcanine|20\/100\n|-damage|p1a: Arcanine|13\/100\n|-damage|p1a: Arcanine|6\/100\n|-damage|p1a: Arcanine|0 fnt\n|faint|p1a: Arcanine\n|-hitcount|p1: Arcanine|4\n|move|p1b: Amoonguss|Spore|p2a: Maushold\n|-status|p2a: Maushold|slp|[from] move: Spore\n|\n|-damage|p2b: Farter Man|35\/100 brn|[from] brn\n|upkeep\n|inactive|Ytterby has 25 seconds left this turn.\n|\n|t:|1682592932\n|switch|p1a: Flutter Mane|Flutter Mane, L50|100\/100\n|turn|15\n|inactive|Ytterby has 25 seconds left this turn.\n|inactive|Ytterby has 20 seconds left.\n|inactive|Ytterby has 15 seconds left.\n|inactive|Ytterby has 10 seconds left.\n|\n|t:|1682592951\n|switch|p2a: Annihilape|Annihilape, L50, F, tera:Ghost|56\/100 brn\n|move|p2b: Farter Man|Protect|p2b: Farter Man\n|-singleturn|p2b: Farter Man|Protect\n|move|p1b: Amoonguss|Rage Powder|p1b: Amoonguss\n|-singleturn|p1b: Amoonguss|move: Rage Powder\n|move|p1a: Flutter Mane|Moonblast|p2b: Farter Man\n|-activate|p2b: Farter Man|move: Protect\n|\n|-damage|p2a: Annihilape|50\/100 brn|[from] brn\n|-damage|p2b: Farter Man|29\/100 brn|[from] brn\n|upkeep\n|turn|16\n|inactive|Ytterby has 10 seconds left this turn.\n|inactive|Ytterby has 5 seconds left.\n|\n|t:|1682592968\n|-end|p2b: Farter Man|Protosynthesis|[silent]\n|switch|p2b: Maushold|Maushold, L50|39\/100 slp\n|move|p1b: Amoonguss|Rage Powder|p1b: Amoonguss\n|-singleturn|p1b: Amoonguss|move: Rage Powder\n|move|p2a: Annihilape|Bulldoze|p1a: Flutter Mane|[spread] p2b,p1a,p1b\n|-damage|p2b: Maushold|29\/100 slp\n|-damage|p1a: Flutter Mane|86\/100\n|-damage|p1b: Amoonguss|50\/100\n|-unboost|p2b: Maushold|spe|1\n|-unboost|p1a: Flutter Mane|spe|1\n|-unboost|p1b: Amoonguss|spe|1\n|move|p1a: Flutter Mane|Moonblast|p2a: Annihilape\n|-damage|p2a: Annihilape|0 fnt\n|faint|p2a: Annihilape\n|\n|upkeep\n|inactive|Ytterby has 5 seconds left this turn.\n|\n|t:|1682592972\n|switch|p2a: Farter Man|Flutter Mane, L50|29\/100 brn\n|turn|17\n|inactive|Ytterby has 5 seconds left this turn.\n|-message|Ytterby lost due to inactivity.\n|\n|win|HowardOnThePost\n|raw|HowardOnThePost's rating: 1052 → 1092<\/strong> (+40 for winning)\n|raw|Ytterby's rating: 1140 → 1109<\/strong> (-31 for losing)\n|c|\u2606Ytterby|NO\n|c|\u2606Ytterby|FUCK\n|c|\u2606Ytterby|I HAD IT\n|c|\u2606Ytterby|waaahhhhh\n|c|\u2606HowardOnThePost|Would have been a hell of an ending\n|c|\u2606Ytterby|haha yea\n|c|\u2606Ytterby|what was your play\n|c|\u2606Ytterby|i was balling into the flutter\n","uploadtime":1682593046,"views":8,"p1id":"howardonthepost","p2id":"ytterby","formatid":"gen9vgc2023regulationc","rating":1092,"private":0,"password":""}