{"id":"gen9vgc2023regulationc-1859193983","p1":"Charlisito","p2":"Juggboat03","format":"[Gen 9] VGC 2023 Regulation C","log":"|j|\u2606Charlisito\n|j|\u2606Juggboat03\n|t:|1683416215\n|gametype|doubles\n|player|p1|Charlisito|101|1321\n|player|p2|Juggboat03|266|1344\n|teamsize|p1|6\n|teamsize|p2|6\n|gen|9\n|tier|[Gen 9] VGC 2023 Regulation C\n|rated|\n|rule|Species Clause: Limit one of each Pok\u00e9mon\n|rule|Item Clause: Limit one of each item\n|clearpoke\n|poke|p1|Bellibolt, L50, F|\n|poke|p1|Palafin, L50, M|\n|poke|p1|Arcanine, L50, M|\n|poke|p1|Amoonguss, L50, M|\n|poke|p1|Flutter Mane, L50|\n|poke|p1|Ting-Lu, L50|\n|poke|p2|Scizor, L50, F|\n|poke|p2|Dragonite, L50, M|\n|poke|p2|Palafin, L50, M|\n|poke|p2|Arcanine, L50, M|\n|poke|p2|Amoonguss, L50, F|\n|poke|p2|Chien-Pao, L50|\n|teampreview|4\n|inactive|Battle timer is ON: inactive players will automatically lose when time's up. (requested by Juggboat03)\n|inactive|Juggboat03 has 60 seconds left.\n|\n|t:|1683416256\n|start\n|switch|p1a: Flutter Mane|Flutter Mane, L50|100\/100\n|switch|p1b: Palafin|Palafin, L50, M|100\/100\n|switch|p2a: Dragonite|Dragonite, L50, M|100\/100\n|switch|p2b: Arcanine|Arcanine, L50, M|100\/100\n|-ability|p2b: Arcanine|Intimidate|boost\n|-unboost|p1a: Flutter Mane|atk|1\n|-unboost|p1b: Palafin|atk|1\n|-enditem|p1a: Flutter Mane|Booster Energy\n|-activate|p1a: Flutter Mane|ability: Protosynthesis|[fromitem]\n|-start|p1a: Flutter Mane|protosynthesisspa\n|turn|1\n|\n|t:|1683416278\n|detailschange|p1b: Palafin|Palafin-Hero, L50, M\n|switch|p1b: Arcanine|Arcanine, L50, M|100\/100\n|-ability|p1b: Arcanine|Intimidate|boost\n|-fail|p2a: Dragonite|unboost|Attack|[from] ability: Inner Focus|[of] p2a: Dragonite\n|-unboost|p2b: Arcanine|atk|1\n|-terastallize|p2a: Dragonite|Normal\n|move|p1a: Flutter Mane|Protect|p1a: Flutter Mane\n|-singleturn|p1a: Flutter Mane|Protect\n|move|p2a: Dragonite|Extreme Speed|p1a: Flutter Mane\n|-activate|p1a: Flutter Mane|move: Protect\n|move|p2b: Arcanine|Will-O-Wisp|p1b: Arcanine\n|-immune|p1b: Arcanine\n|\n|upkeep\n|turn|2\n|\n|t:|1683416301\n|switch|p2a: Scizor|Scizor, L50, F|100\/100\n|move|p1a: Flutter Mane|Dazzling Gleam|p2a: Scizor|[spread] p2a,p2b\n|-resisted|p2a: Scizor\n|-resisted|p2b: Arcanine\n|-damage|p2a: Scizor|67\/100\n|-damage|p2b: Arcanine|81\/100\n|move|p1b: Arcanine|Will-O-Wisp|p2a: Scizor\n|-status|p2a: Scizor|brn\n|move|p2b: Arcanine|Snarl|p1b: Arcanine|[spread] p1a,p1b\n|-damage|p1a: Flutter Mane|92\/100\n|-damage|p1b: Arcanine|92\/100\n|-unboost|p1a: Flutter Mane|spa|1\n|-unboost|p1b: Arcanine|spa|1\n|\n|-damage|p2a: Scizor|61\/100 brn|[from] brn\n|upkeep\n|turn|3\n|\n|t:|1683416321\n|switch|p1b: Palafin|Palafin-Hero, L50, M|100\/100\n|-activate|p1b: Palafin|ability: Zero to Hero\n|move|p1a: Flutter Mane|Protect|p1a: Flutter Mane\n|-singleturn|p1a: Flutter Mane|Protect\n|move|p2a: Scizor|Bullet Punch|p1a: Flutter Mane\n|-activate|p1a: Flutter Mane|move: Protect\n|move|p2b: Arcanine|Snarl|p1a: Flutter Mane|[spread] \n|-activate|p1a: Flutter Mane|move: Protect\n|-miss|p2b: Arcanine|p1b: Palafin\n|\n|-damage|p2a: Scizor|55\/100 brn|[from] brn\n|upkeep\n|turn|4\n|j| helga146\n|\n|t:|1683416342\n|-end|p1a: Flutter Mane|Protosynthesis|[silent]\n|switch|p1a: Arcanine|Arcanine, L50, M|92\/100\n|-ability|p1a: Arcanine|Intimidate|boost\n|-unboost|p2a: Scizor|atk|1\n|-unboost|p2b: Arcanine|atk|1\n|move|p2b: Arcanine|Protect|p2b: Arcanine\n|-singleturn|p2b: Arcanine|Protect\n|move|p1b: Palafin|Jet Punch|p2b: Arcanine\n|-activate|p2b: Arcanine|move: Protect\n|move|p2a: Scizor|Bullet Punch|p1a: Arcanine\n|-resisted|p1a: Arcanine\n|-damage|p1a: Arcanine|83\/100\n|\n|-damage|p2a: Scizor|48\/100 brn|[from] brn\n|upkeep\n|turn|5\n|inactive|Juggboat03 has 30 seconds left.\n|\n|t:|1683416368\n|switch|p2a: Dragonite|Dragonite, L50, M, tera:Normal|100\/100\n|move|p1a: Arcanine|Flare Blitz|p2a: Dragonite\n|-damage|p2a: Dragonite|54\/100\n|-damage|p1a: Arcanine|67\/100|[from] Recoil\n|move|p1b: Palafin|Substitute|p1b: Palafin\n|-start|p1b: Palafin|Substitute\n|-damage|p1b: Palafin|75\/100\n|move|p2b: Arcanine|Will-O-Wisp||[still]\n|-fail|p2b: Arcanine\n|\n|upkeep\n|turn|6\n|\n|t:|1683416386\n|move|p1b: Palafin|Protect|p1b: Palafin\n|-singleturn|p1b: Palafin|Protect\n|move|p2b: Arcanine|Protect|p2b: Arcanine\n|-singleturn|p2b: Arcanine|Protect\n|move|p1a: Arcanine|Will-O-Wisp|p2a: Dragonite\n|-status|p2a: Dragonite|brn\n|move|p2a: Dragonite|Earthquake|p1a: Arcanine|[spread] p1a\n|-activate|p2b: Arcanine|move: Protect\n|-activate|p1b: Palafin|move: Protect\n|-supereffective|p1a: Arcanine\n|-damage|p1a: Arcanine|24\/100\n|-damage|p2a: Dragonite|44\/100 brn|[from] item: Life Orb\n|\n|-damage|p2a: Dragonite|38\/100 brn|[from] brn\n|upkeep\n|turn|7\n|inactive|Charlisito has 30 seconds left.\n|inactive|Juggboat03 has 30 seconds left.\n|\n|t:|1683416413\n|switch|p1a: Amoonguss|Amoonguss, L50, M|100\/100\n|switch|p2b: Scizor|Scizor, L50, F|48\/100 brn\n|move|p2a: Dragonite|Extreme Speed|p1a: Amoonguss\n|-damage|p1a: Amoonguss|74\/100\n|-damage|p2a: Dragonite|28\/100 brn|[from] item: Life Orb\n|move|p1b: Palafin|Wave Crash|p2b: Scizor\n|-damage|p2b: Scizor|0 fnt\n|faint|p2b: Scizor\n|-damage|p1b: Palafin|64\/100|[from] Recoil\n|\n|-damage|p2a: Dragonite|22\/100 brn|[from] brn\n|upkeep\n|\n|t:|1683416432\n|switch|p2b: Arcanine|Arcanine, L50, M|81\/100\n|-ability|p2b: Arcanine|Intimidate|boost\n|-unboost|p1a: Amoonguss|atk|1\n|-immune|p1b: Palafin\n|turn|8\n|\n|t:|1683416456\n|switch|p1a: Arcanine|Arcanine, L50, M|24\/100\n|-ability|p1a: Arcanine|Intimidate|boost\n|-fail|p2a: Dragonite|unboost|Attack|[from] ability: Inner Focus|[of] p2a: Dragonite\n|-unboost|p2b: Arcanine|atk|1\n|move|p1b: Palafin|Protect|p1b: Palafin\n|-singleturn|p1b: Palafin|Protect\n|move|p2a: Dragonite|Extreme Speed|p1b: Palafin\n|-activate|p1b: Palafin|move: Protect\n|move|p2b: Arcanine|Flare Blitz|p1a: Arcanine\n|-resisted|p1a: Arcanine\n|-damage|p1a: Arcanine|8\/100\n|-damage|p2b: Arcanine|75\/100|[from] Recoil\n|\n|-damage|p2a: Dragonite|16\/100 brn|[from] brn\n|upkeep\n|turn|9\n|inactive|Juggboat03 has 30 seconds left.\n|\n|t:|1683416483\n|move|p1a: Arcanine|Extreme Speed|p2a: Dragonite\n|-damage|p2a: Dragonite|0 fnt\n|faint|p2a: Dragonite\n|move|p1b: Palafin|Wave Crash|p2b: Arcanine\n|-supereffective|p2b: Arcanine\n|-damage|p2b: Arcanine|0 fnt\n|faint|p2b: Arcanine\n|-damage|p1b: Palafin|39\/100|[from] Recoil\n|\n|upkeep\n|-message|Juggboat03 forfeited.\n|\n|win|Charlisito\n|raw|Charlisito's rating: 1321 → 1342<\/strong> (+21 for winning)\n|raw|Juggboat03's rating: 1344 → 1323<\/strong> (-21 for losing)\n|l|\u2606Juggboat03\n","uploadtime":1683416506,"views":10,"p1id":"charlisito","p2id":"juggboat03","formatid":"gen9vgc2023regulationc","rating":1323,"private":0,"password":""}