{"id":"gen9vgc2023regulationc-1863609567","p1":"Bananacrazy111","p2":"Not mishmesh","format":"[Gen 9] VGC 2023 Regulation C","log":"|j|\u2606Bananacrazy111\n|j|\u2606Not mishmesh\n|t:|1684042670\n|gametype|doubles\n|player|p1|Bananacrazy111|baker|\n|player|p2|Not mishmesh|169|\n|teamsize|p1|6\n|teamsize|p2|6\n|gen|9\n|tier|[Gen 9] VGC 2023 Regulation C\n|rule|Tera Type Preview: Tera Types are shown at Team Preview\n|rule|Species Clause: Limit one of each Pok\u00e9mon\n|rule|Item Clause: Limit one of each item\n|clearpoke\n|poke|p1|Iron Hands, L50|\n|poke|p1|Talonflame, L50, F|\n|poke|p1|Garchomp, L50, M|\n|poke|p1|Farigiraf, L50, F|\n|poke|p1|Gholdengo, L50|\n|poke|p1|Sylveon, L50, F|\n|poke|p2|Chi-Yu, L50|\n|poke|p2|Glimmora, L50, M|\n|poke|p2|Gholdengo, L50|\n|poke|p2|Roaring Moon, L50|\n|poke|p2|Vaporeon, L50, M|\n|poke|p2|Breloom, L50, F|\n|teampreview|4\n|raw|Bananacrazy111's Tera Types: \/ \/ \/ \/ \/ \n|raw|Not mishmesh's Tera Types: \/ \/ \/ \/ \/ \n|c|\u2606Bananacrazy111|g1\nBananacrazy111 rejected open team sheets.\n|c|\u2606Not mishmesh|shit forgat to tera breloom\n|c|\u2606Not mishmesh|u need to challange the other 2 matches as well\n|c|\u2606Bananacrazy111|o\n|c|\u2606Not mishmesh|ok lets start\n|c|\u2606Bananacrazy111|gl hf\n|inactive|Battle timer is ON: inactive players will automatically lose when time's up. (requested by Not mishmesh)\n|\n|t:|1684042755\n|start\n|switch|p1a: GOLDEN HANDS|Iron Hands, L50|100\/100\n|switch|p1b: Teddy|Farigiraf, L50, F|100\/100\n|switch|p2a: Vaporeon|Vaporeon, L50, M|100\/100\n|switch|p2b: Glimmora|Glimmora, L50, M|100\/100\n|turn|1\n|inactive|Bananacrazy111 has 30 seconds left.\n|inactive|Bananacrazy111 has 20 seconds left.\n|inactive|Bananacrazy111 has 15 seconds left.\n|\n|t:|1684042795\n|move|p1a: GOLDEN HANDS|Fake Out|p2a: Vaporeon\n|-damage|p2a: Vaporeon|81\/100\n|move|p2b: Glimmora|Earth Power|p1a: GOLDEN HANDS\n|-supereffective|p1a: GOLDEN HANDS\n|-damage|p1a: GOLDEN HANDS|51\/100\n|-unboost|p1a: GOLDEN HANDS|spd|1\n|move|p2a: Vaporeon|Yawn|p1b: Teddy\n|-start|p1b: Teddy|move: Yawn|[of] p2a: Vaporeon\n|move|p1b: Teddy|Trick Room|p1b: Teddy\n|-fieldstart|move: Trick Room|[of] p1b: Teddy\n|\n|upkeep\n|turn|2\n|inactive|Bananacrazy111 has 30 seconds left.\n|inactive|Bananacrazy111 has 20 seconds left.\n|inactive|Not mishmesh has 30 seconds left.\n|\n|t:|1684042834\n|switch|p1b: Tanaka|Gholdengo, L50|100\/100\n|-terastallize|p1a: GOLDEN HANDS|Water\n|move|p1a: GOLDEN HANDS|Thunder Punch|p2a: Vaporeon\n|-supereffective|p2a: Vaporeon\n|-damage|p2a: Vaporeon|0 fnt\n|faint|p2a: Vaporeon\n|move|p2b: Glimmora|Sludge Bomb|p1a: GOLDEN HANDS\n|-damage|p1a: GOLDEN HANDS|0 fnt\n|faint|p1a: GOLDEN HANDS\n|-end|p1a: GOLDEN HANDS|Quark Drive|[silent]\n|\n|upkeep\n|\n|t:|1684042845\n|switch|p1a: Teddy|Farigiraf, L50, F|100\/100\n|switch|p2a: Gholdengo|Gholdengo, L50|100\/100\n|turn|3\n|\n|t:|1684042866\n|-terastallize|p2a: Gholdengo|Steel\n|move|p2b: Glimmora|Protect|p2b: Glimmora\n|-singleturn|p2b: Glimmora|Protect\n|move|p1a: Teddy|Twin Beam|p2b: Glimmora\n|-activate|p2b: Glimmora|move: Protect\n|move|p1b: Tanaka|Shadow Ball|p2a: Gholdengo\n|-damage|p2a: Gholdengo|47\/100\n|move|p2a: Gholdengo|Shadow Ball|p1b: Tanaka\n|-supereffective|p1b: Tanaka\n|-damage|p1b: Tanaka|0 fnt\n|faint|p1b: Tanaka\n|\n|upkeep\n|\n|t:|1684042877\n|switch|p1b: Rise|Sylveon, L50, F|100\/100\n|turn|4\n|inactive|Bananacrazy111 has 30 seconds left.\n|inactive|Bananacrazy111 has 20 seconds left.\n|inactive|Bananacrazy111 has 15 seconds left.\n|inactive|Bananacrazy111 has 10 seconds left.\n|\n|t:|1684042924\n|move|p1a: Teddy|Twin Beam|p2b: Glimmora\n|-supereffective|p2b: Glimmora\n|-damage|p2b: Glimmora|44\/100\n|-supereffective|p2b: Glimmora\n|-damage|p2b: Glimmora|0 fnt\n|faint|p2b: Glimmora\n|-hitcount|p2: Glimmora|2\n|move|p1b: Rise|Shadow Ball|p2a: Gholdengo\n|-damage|p2a: Gholdengo|0 fnt\n|faint|p2a: Gholdengo\n|\n|upkeep\n|\n|t:|1684042934\n|switch|p2b: Chi-Yu|Chi-Yu, L50|100\/100\n|-ability|p2b: Chi-Yu|Beads of Ruin\n|turn|5\n|\n|t:|1684042947\n|move|p2b: Chi-Yu|Protect|p2b: Chi-Yu\n|-singleturn|p2b: Chi-Yu|Protect\n|move|p1a: Teddy|Hyper Voice|p2b: Chi-Yu\n|-activate|p2b: Chi-Yu|move: Protect\n|move|p1b: Rise|Shadow Ball|p2b: Chi-Yu\n|-activate|p2b: Chi-Yu|move: Protect\n|\n|-fieldend|move: Trick Room\n|upkeep\n|turn|6\n|inactive|Bananacrazy111 has 30 seconds left.\n|\n|t:|1684042976\n|move|p1a: Teddy|Protect|p1a: Teddy\n|-singleturn|p1a: Teddy|Protect\n|move|p2b: Chi-Yu|Dark Pulse|p1a: Teddy\n|-activate|p1a: Teddy|move: Protect\n|move|p1b: Rise|Shadow Ball|p2b: Chi-Yu\n|-resisted|p2b: Chi-Yu\n|-damage|p2b: Chi-Yu|77\/100\n|\n|upkeep\n|turn|7\n|\n|t:|1684042994\n|move|p2b: Chi-Yu|Dark Pulse|p1a: Teddy\n|-supereffective|p1a: Teddy\n|-damage|p1a: Teddy|0 fnt\n|faint|p1a: Teddy\n|-damage|p2b: Chi-Yu|67\/100|[from] item: Life Orb\n|move|p1b: Rise|Shadow Ball|p2b: Chi-Yu\n|-resisted|p2b: Chi-Yu\n|-damage|p2b: Chi-Yu|43\/100\n|\n|upkeep\n|turn|8\n|\n|t:|1684043007\n|move|p2b: Chi-Yu|Heat Wave|p1b: Rise\n|-damage|p1b: Rise|32\/100\n|-damage|p2b: Chi-Yu|33\/100|[from] item: Life Orb\n|move|p1b: Rise|Shadow Ball|p2b: Chi-Yu\n|-resisted|p2b: Chi-Yu\n|-damage|p2b: Chi-Yu|8\/100\n|\n|upkeep\n|turn|9\n|\n|t:|1684043015\n|move|p2b: Chi-Yu|Overheat|p1b: Rise\n|-damage|p1b: Rise|0 fnt\n|-unboost|p2b: Chi-Yu|spa|2\n|faint|p1b: Rise\n|-damage|p2b: Chi-Yu|0 fnt|[from] item: Life Orb\n|faint|p2b: Chi-Yu\n|\n|win|Not mishmesh\n|c|\u2606Not mishmesh|gg\n","uploadtime":1684043866,"views":14,"p1id":"bananacrazy111","p2id":"notmishmesh","formatid":"gen9vgc2023regulationc","rating":0,"private":0,"password":""}