{"id":"gen9vgc2023regulationc-1847854158","p1":"vinegarvic","p2":"6Cryptic9","format":"[Gen 9] VGC 2023 Regulation C","log":"|j|\u2606vinegarvic\n|j|\u26066Cryptic9\n|t:|1682007406\n|gametype|doubles\n|player|p1|vinegarvic|1|1272\n|player|p2|6Cryptic9|skyla|1218\n|teamsize|p1|6\n|teamsize|p2|6\n|gen|9\n|tier|[Gen 9] VGC 2023 Regulation C\n|rated|\n|rule|Species Clause: Limit one of each Pok\u00e9mon\n|rule|Item Clause: Limit one of each item\n|clearpoke\n|poke|p1|Ting-Lu, L50|\n|poke|p1|Amoonguss, L50, F|\n|poke|p1|Dragonite, L50, M|\n|poke|p1|Chi-Yu, L50|\n|poke|p1|Dondozo, L50, M|\n|poke|p1|Flutter Mane, L50|\n|poke|p2|Dragonite, L50, M|\n|poke|p2|Lilligant, L50, F|\n|poke|p2|Great Tusk, L50|\n|poke|p2|Torkoal, L50, M|\n|poke|p2|Chien-Pao, L50|\n|poke|p2|Flutter Mane, L50|\n|teampreview|4\n|inactive|Battle timer is ON: inactive players will automatically lose when time's up. (requested by 6Cryptic9)\n|inactive|vinegarvic has 60 seconds left.\n|inactive|6Cryptic9 has 60 seconds left.\n|\n|t:|1682007447\n|start\n|switch|p1a: Ting-Lu|Ting-Lu, L50|100\/100\n|switch|p1b: Dondozo|Dondozo, L50, M|100\/100\n|switch|p2a: Vesuvius|Torkoal, L50, M|100\/100\n|switch|p2b: Narf|Chien-Pao, L50|100\/100\n|-ability|p2b: Narf|Sword of Ruin\n|-ability|p1a: Ting-Lu|Vessel of Ruin\n|-weather|SunnyDay|[from] ability: Drought|[of] p2a: Vesuvius\n|turn|1\n|\n|t:|1682007477\n|-terastallize|p1a: Ting-Lu|Poison\n|move|p2a: Vesuvius|Protect|p2a: Vesuvius\n|-singleturn|p2a: Vesuvius|Protect\n|move|p2b: Narf|Ice Spinner|p1a: Ting-Lu\n|-damage|p1a: Ting-Lu|69\/100\n|move|p1a: Ting-Lu|Stealth Rock|p2a: Vesuvius\n|-sidestart|p2: 6Cryptic9|move: Stealth Rock\n|move|p1b: Dondozo|Yawn|p2b: Narf\n|-start|p2b: Narf|move: Yawn|[of] p1b: Dondozo\n|\n|-weather|SunnyDay|[upkeep]\n|upkeep\n|turn|2\n|inactive|vinegarvic has 30 seconds left.\n|inactive|6Cryptic9 has 30 seconds left.\n|inactive|6Cryptic9 has 20 seconds left.\n|inactive|6Cryptic9 has 15 seconds left.\n|\n|t:|1682007518\n|switch|p2b: Thick Tusk|Great Tusk, L50|100\/100\n|-damage|p2b: Thick Tusk|98\/100|[from] Stealth Rock\n|-activate|p2b: Thick Tusk|ability: Protosynthesis\n|-start|p2b: Thick Tusk|protosynthesisatk\n|switch|p2a: Billie Jean|Lilligant, L50, F|100\/100\n|-damage|p2a: Billie Jean|88\/100|[from] Stealth Rock\n|move|p1a: Ting-Lu|Stomping Tantrum|p2a: Billie Jean\n|-resisted|p2a: Billie Jean\n|-damage|p2a: Billie Jean|63\/100\n|move|p1b: Dondozo|Yawn|p2a: Billie Jean\n|-start|p2a: Billie Jean|move: Yawn|[of] p1b: Dondozo\n|\n|-weather|SunnyDay|[upkeep]\n|upkeep\n|turn|3\n|inactive|6Cryptic9 has 30 seconds left.\n|inactive|6Cryptic9 has 20 seconds left.\n|inactive|6Cryptic9 has 15 seconds left.\n|inactive|6Cryptic9 has 10 seconds left.\n|inactive|6Cryptic9 has 5 seconds left.\n|\n|t:|1682007570\n|move|p1a: Ting-Lu|Protect|p1a: Ting-Lu\n|-singleturn|p1a: Ting-Lu|Protect\n|move|p1b: Dondozo|Protect|p1b: Dondozo\n|-singleturn|p1b: Dondozo|Protect\n|move|p2a: Billie Jean|Sleep Powder|p1b: Dondozo\n|-activate|p1b: Dondozo|move: Protect\n|move|p2b: Thick Tusk|Rock Slide|p1b: Dondozo|[spread] \n|-activate|p1a: Ting-Lu|move: Protect\n|-activate|p1b: Dondozo|move: Protect\n|\n|-weather|SunnyDay|[upkeep]\n|-end|p2a: Billie Jean|move: Yawn|[silent]\n|-status|p2a: Billie Jean|slp\n|upkeep\n|turn|4\n|inactive|vinegarvic has 30 seconds left.\n|inactive|6Cryptic9 has 30 seconds left.\n|inactive|vinegarvic has 20 seconds left.\n|\n|t:|1682007605\n|-end|p2b: Thick Tusk|Protosynthesis|[silent]\n|switch|p2b: Vesuvius|Torkoal, L50, M|100\/100\n|-damage|p2b: Vesuvius|76\/100|[from] Stealth Rock\n|cant|p2a: Billie Jean|slp\n|move|p1a: Ting-Lu|Heavy Slam|p2a: Billie Jean\n|-damage|p2a: Billie Jean|13\/100 slp\n|move|p1b: Dondozo|Yawn|p2b: Vesuvius\n|-start|p2b: Vesuvius|move: Yawn|[of] p1b: Dondozo\n|\n|-weather|SunnyDay|[upkeep]\n|upkeep\n|turn|5\n|-message|6Cryptic9 forfeited.\n|\n|win|vinegarvic\n|raw|vinegarvic's rating: 1272 → 1293<\/strong> (+21 for winning)\n|raw|6Cryptic9's rating: 1218 → 1197<\/strong> (-21 for losing)\n|l|\u26066Cryptic9\n","uploadtime":1682007658,"views":7,"p1id":"vinegarvic","p2id":"6cryptic9","formatid":"gen9vgc2023regulationc","rating":1197,"private":0,"password":""}