{"id":"gen9vgc2023regulationc-1862983408","p1":"skidda","p2":"caZISA","format":"[Gen 9] VGC 2023 Regulation C","log":"|j|\u2606skidda\n|j|\u2606caZISA\n|t:|1683947561\n|gametype|doubles\n|player|p1|skidda|brock|1500\n|player|p2|caZISA|red|1423\n|teamsize|p1|6\n|teamsize|p2|6\n|gen|9\n|tier|[Gen 9] VGC 2023 Regulation C\n|rated|\n|rule|Species Clause: Limit one of each Pok\u00e9mon\n|rule|Item Clause: Limit one of each item\n|clearpoke\n|poke|p1|Flutter Mane, L50|\n|poke|p1|Ting-Lu, L50|\n|poke|p1|Baxcalibur, L50, F|\n|poke|p1|Palafin, L50, F|\n|poke|p1|Arcanine, L50, M|\n|poke|p1|Amoonguss, L50, F|\n|poke|p2|Chi-Yu, L50|\n|poke|p2|Iron Bundle, L50|\n|poke|p2|Great Tusk, L50|\n|poke|p2|Abomasnow, L50, F|\n|poke|p2|Gholdengo, L50|\n|poke|p2|Murkrow, L50, F|\n|teampreview|4\n|inactive|Battle timer is ON: inactive players will automatically lose when time's up. (requested by skidda)\nskidda has agreed to open team sheets.\n|inactive|skidda has 60 seconds left.\n|\n|t:|1683947598\n|start\n|switch|p1a: Arcanine|Arcanine, L50, M|100\/100\n|switch|p1b: Amoonguss|Amoonguss, L50, F|100\/100\n|switch|p2a: Murkrow|Murkrow, L50, F|100\/100\n|switch|p2b: Mastodon|Great Tusk, L50|100\/100\n|-ability|p1a: Arcanine|Intimidate|boost\n|-unboost|p2a: Murkrow|atk|1\n|-fail|p2b: Mastodon|unboost|[from] item: Clear Amulet|[of] p2b: Mastodon\n|turn|1\n|\n|t:|1683947611\n|move|p2b: Mastodon|Protect|p2b: Mastodon\n|-singleturn|p2b: Mastodon|Protect\n|move|p1a: Arcanine|Protect|p1a: Arcanine\n|-singleturn|p1a: Arcanine|Protect\n|move|p2a: Murkrow|Taunt|p1b: Amoonguss\n|-start|p1b: Amoonguss|move: Taunt\n|cant|p1b: Amoonguss|move: Taunt|Spore\n|\n|upkeep\n|turn|2\n|\n|t:|1683947621\n|switch|p1b: Ting-Lu|Ting-Lu, L50|100\/100\n|-ability|p1b: Ting-Lu|Vessel of Ruin\n|-terastallize|p1a: Arcanine|Flying\n|move|p2a: Murkrow|Taunt|p1a: Arcanine\n|-start|p1a: Arcanine|move: Taunt\n|move|p2b: Mastodon|Earthquake|p1b: Ting-Lu|[spread] p1b\n|-immune|p2a: Murkrow\n|-immune|p1a: Arcanine\n|-crit|p1b: Ting-Lu\n|-damage|p1b: Ting-Lu|62\/100\n|cant|p1a: Arcanine|move: Taunt|Will-O-Wisp\n|\n|upkeep\n|turn|3\n|\n|t:|1683947639\n|switch|p1b: Amoonguss|Amoonguss, L50, F|100\/100\n|move|p2a: Murkrow|Tailwind|p2a: Murkrow\n|-sidestart|p2: caZISA|move: Tailwind\n|move|p2b: Mastodon|Close Combat|p1b: Amoonguss\n|-resisted|p1b: Amoonguss\n|-crit|p1b: Amoonguss\n|-damage|p1b: Amoonguss|64\/100\n|-unboost|p2b: Mastodon|def|1\n|-unboost|p2b: Mastodon|spd|1\n|move|p1a: Arcanine|Flare Blitz|p2b: Mastodon\n|-damage|p2b: Mastodon|47\/100\n|-damage|p1a: Arcanine|83\/100|[from] Recoil\n|\n|upkeep\n|turn|4\n|inactive|skidda has 30 seconds left.\n|\n|t:|1683947670\n|move|p2b: Mastodon|Protect|p2b: Mastodon\n|-singleturn|p2b: Mastodon|Protect\n|move|p2a: Murkrow|Taunt|p1b: Amoonguss\n|-start|p1b: Amoonguss|move: Taunt\n|move|p1a: Arcanine|Flare Blitz|p2a: Murkrow\n|-damage|p2a: Murkrow|49\/100\n|-damage|p1a: Arcanine|68\/100|[from] Recoil\n|move|p1b: Amoonguss|Pollen Puff|p1a: Arcanine\n|-heal|p1a: Arcanine|100\/100\n|\n|-end|p1a: Arcanine|move: Taunt\n|upkeep\n|turn|5\n|\n|t:|1683947683\n|switch|p1b: Ting-Lu|Ting-Lu, L50|62\/100\n|-ability|p1b: Ting-Lu|Vessel of Ruin\n|move|p2a: Murkrow|Taunt|p1a: Arcanine\n|-start|p1a: Arcanine|move: Taunt\n|move|p2b: Mastodon|Headlong Rush|p1b: Ting-Lu\n|-damage|p1b: Ting-Lu|24\/100\n|-unboost|p2b: Mastodon|def|1\n|-unboost|p2b: Mastodon|spd|1\n|move|p1a: Arcanine|Flare Blitz|p2b: Mastodon\n|-damage|p2b: Mastodon|0 fnt\n|faint|p2b: Mastodon\n|-end|p2b: Mastodon|Protosynthesis|[silent]\n|-damage|p1a: Arcanine|85\/100|[from] Recoil\n|\n|upkeep\n|\n|t:|1683947687\n|switch|p2b: Rico|Iron Bundle, L50|100\/100\n|-enditem|p2b: Rico|Booster Energy\n|-activate|p2b: Rico|ability: Quark Drive|[fromitem]\n|-start|p2b: Rico|quarkdrivespe\n|turn|6\n|inactive|skidda has 30 seconds left.\n|\n|t:|1683947713\n|switch|p2a: Yeti|Abomasnow, L50, F|100\/100\n|-weather|Snow|[from] ability: Snow Warning|[of] p2a: Yeti\n|move|p2b: Rico|Blizzard|p1a: Arcanine|[spread] p1a,p1b\n|-supereffective|p1a: Arcanine\n|-supereffective|p1b: Ting-Lu\n|-damage|p1a: Arcanine|29\/100\n|-damage|p1b: Ting-Lu|0 fnt\n|faint|p1b: Ting-Lu\n|move|p1a: Arcanine|Flare Blitz|p2a: Yeti\n|-supereffective|p2a: Yeti\n|-damage|p2a: Yeti|0 fnt\n|faint|p2a: Yeti\n|-damage|p1a: Arcanine|0 fnt|[from] Recoil\n|faint|p1a: Arcanine\n|\n|-weather|Snow|[upkeep]\n|-sideend|p2: caZISA|move: Tailwind\n|upkeep\n|\n|t:|1683947728\n|switch|p1a: Amoonguss|Amoonguss, L50, F|97\/100\n|switch|p2a: Murkrow|Murkrow, L50, F|49\/100\n|switch|p1b: Flutter Mane|Flutter Mane, L50|100\/100\n|turn|7\n|\n|t:|1683947748\n|-terastallize|p2b: Rico|Ice\n|move|p2b: Rico|Blizzard|p1a: Amoonguss|[spread] p1a,p1b\n|-supereffective|p1a: Amoonguss\n|-damage|p1a: Amoonguss|8\/100\n|-damage|p1b: Flutter Mane|52\/100\n|-enditem|p1a: Amoonguss|Sitrus Berry|[eat]\n|-heal|p1a: Amoonguss|33\/100|[from] item: Sitrus Berry\n|move|p1b: Flutter Mane|Dazzling Gleam|p2a: Murkrow|[spread] p2a,p2b\n|-supereffective|p2a: Murkrow\n|-damage|p2a: Murkrow|0 fnt\n|-damage|p2b: Rico|6\/100\n|faint|p2a: Murkrow\n|move|p1a: Amoonguss|Pollen Puff|p1b: Flutter Mane\n|-heal|p1b: Flutter Mane|100\/100\n|\n|-weather|Snow|[upkeep]\n|upkeep\n|turn|8\n|\n|t:|1683947762\n|move|p1a: Amoonguss|Rage Powder|p1a: Amoonguss\n|-singleturn|p1a: Amoonguss|move: Rage Powder\n|move|p2b: Rico|Blizzard|p1b: Flutter Mane|[spread] p1a,p1b\n|-supereffective|p1a: Amoonguss\n|-damage|p1a: Amoonguss|0 fnt\n|-damage|p1b: Flutter Mane|45\/100\n|-status|p1b: Flutter Mane|frz\n|faint|p1a: Amoonguss\n|cant|p1b: Flutter Mane|frz\n|\n|-weather|Snow|[upkeep]\n|upkeep\n|turn|9\n|\n|t:|1683947769\n|move|p2b: Rico|Blizzard|p1b: Flutter Mane\n|-damage|p1b: Flutter Mane|0 fnt\n|faint|p1b: Flutter Mane\n|-end|p1b: Flutter Mane|Protosynthesis|[silent]\n|\n|win|caZISA\n|raw|skidda's rating: 1500 → 1476<\/strong> (-24 for losing)\n|raw|caZISA's rating: 1423 → 1447<\/strong> (+24 for winning)\n|c|\u2606skidda|no way haha\n|c|\u2606caZISA|sorry\n|c|\u2606skidda|all good\n|c|\u2606caZISA|gg\n|c|\u2606skidda|u2\n|l|\u2606caZISA\n","uploadtime":1683947806,"views":14,"p1id":"skidda","p2id":"cazisa","formatid":"gen9vgc2023regulationc","rating":1447,"private":0,"password":""}