{"id":"gen9vgc2023regulationc-1847364719","p1":"dman12352","p2":"RubyScarletC","format":"[Gen 9] VGC 2023 Regulation C","log":"|j|\u2606dman12352\n|j|\u2606RubyScarletC\n|t:|1681942842\n|gametype|doubles\n|player|p1|dman12352|101|1376\n|player|p2|RubyScarletC|clerkf|1419\n|teamsize|p1|6\n|teamsize|p2|6\n|gen|9\n|tier|[Gen 9] VGC 2023 Regulation C\n|rated|\n|rule|Species Clause: Limit one of each Pok\u00e9mon\n|rule|Item Clause: Limit one of each item\n|clearpoke\n|poke|p1|Flutter Mane, L50|\n|poke|p1|Chien-Pao, L50|\n|poke|p1|Iron Bundle, L50|\n|poke|p1|Ceruledge, L50, F|\n|poke|p1|Dragonite, L50, F|\n|poke|p1|Amoonguss, L50, M|\n|poke|p2|Torkoal, L50, M|\n|poke|p2|Jumpluff, L50, F|\n|poke|p2|Flutter Mane, L50|\n|poke|p2|Great Tusk, L50|\n|poke|p2|Kingambit, L50, M|\n|poke|p2|Chien-Pao, L50|\n|teampreview|4\n|inactive|Battle timer is ON: inactive players will automatically lose when time's up. (requested by dman12352)\n|inactive|dman12352 has 60 seconds left.\n|inactive|RubyScarletC has 60 seconds left.\n|inactive|RubyScarletC has 30 seconds left.\n|inactive|RubyScarletC has 20 seconds left.\n|inactive|RubyScarletC has 15 seconds left.\n|\n|t:|1681942920\n|start\n|switch|p1a: Chien-Pao|Chien-Pao, L50|100\/100\n|switch|p1b: Dragonite|Dragonite, L50, F, shiny|100\/100\n|switch|p2a: Torkoal|Torkoal, L50, M|100\/100\n|switch|p2b: Jumpluff|Jumpluff, L50, F, shiny|100\/100\n|-ability|p1a: Chien-Pao|Sword of Ruin\n|-weather|SunnyDay|[from] ability: Drought|[of] p2a: Torkoal\n|turn|1\n|inactive|RubyScarletC has 30 seconds left.\n|\n|t:|1681942949\n|switch|p1a: Ceruledge|Ceruledge, L50, F, shiny|100\/100\n|move|p1b: Dragonite|Extreme Speed|p2b: Jumpluff\n|-damage|p2b: Jumpluff|39\/100\n|move|p2b: Jumpluff|Tailwind|p2b: Jumpluff\n|-sidestart|p2: RubyScarletC|move: Tailwind\n|move|p2a: Torkoal|Overheat|p1a: Ceruledge\n|-start|p1a: Ceruledge|ability: Flash Fire\n|\n|-weather|SunnyDay|[upkeep]\n|upkeep\n|turn|2\n|inactive|RubyScarletC has 30 seconds left.\n|\n|t:|1681942975\n|move|p1b: Dragonite|Extreme Speed|p2b: Jumpluff\n|-damage|p2b: Jumpluff|0 fnt\n|faint|p2b: Jumpluff\n|move|p1a: Ceruledge|Bitter Blade|p2a: Torkoal\n|-resisted|p2a: Torkoal\n|-damage|p2a: Torkoal|49\/100\n|-damage|p1a: Ceruledge|91\/100|[from] item: Life Orb\n|move|p2a: Torkoal|Yawn|p1a: Ceruledge\n|-start|p1a: Ceruledge|move: Yawn|[of] p2a: Torkoal\n|\n|-weather|SunnyDay|[upkeep]\n|upkeep\n|\n|t:|1681942988\n|switch|p2b: Great Tusk|Great Tusk, L50, shiny|100\/100\n|-activate|p2b: Great Tusk|ability: Protosynthesis\n|-start|p2b: Great Tusk|protosynthesisatk\n|turn|3\n|\n|t:|1681943011\n|move|p1a: Ceruledge|Protect|p1a: Ceruledge\n|-singleturn|p1a: Ceruledge|Protect\n|move|p1b: Dragonite|Extreme Speed|p2a: Torkoal\n|-damage|p2a: Torkoal|14\/100\n|move|p2b: Great Tusk|Rock Slide|p1a: Ceruledge|[spread] p1b\n|-activate|p1a: Ceruledge|move: Protect\n|-supereffective|p1b: Dragonite\n|-crit|p1b: Dragonite\n|-damage|p1b: Dragonite|65\/100\n|move|p2a: Torkoal|Overheat|p1b: Dragonite\n|-resisted|p1b: Dragonite\n|-damage|p1b: Dragonite|39\/100\n|-unboost|p2a: Torkoal|spa|2\n|-enditem|p2a: Torkoal|Eject Pack\n|\n|t:|1681943024\n|switch|p2a: Flutter Mane|Flutter Mane, L50|100\/100\n|-activate|p2a: Flutter Mane|ability: Protosynthesis\n|-start|p2a: Flutter Mane|protosynthesisspe\n|\n|-weather|SunnyDay|[upkeep]\n|-end|p1a: Ceruledge|move: Yawn|[silent]\n|-status|p1a: Ceruledge|slp\n|upkeep\n|turn|4\n|inactive|RubyScarletC has 30 seconds left.\n|inactive|RubyScarletC has 20 seconds left.\n|inactive|RubyScarletC has 15 seconds left.\n|\n|t:|1681943065\n|-end|p1a: Ceruledge|ability: Flash Fire|[silent]\n|switch|p1a: Iron Bundle|Iron Bundle, L50|100\/100\n|-enditem|p1a: Iron Bundle|Booster Energy\n|-activate|p1a: Iron Bundle|ability: Quark Drive|[fromitem]\n|-start|p1a: Iron Bundle|quarkdrivespe\n|move|p1b: Dragonite|Extreme Speed|p2b: Great Tusk\n|-damage|p2b: Great Tusk|65\/100\n|move|p2a: Flutter Mane|Moonblast|p1a: Iron Bundle\n|-damage|p1a: Iron Bundle|0 fnt\n|faint|p1a: Iron Bundle\n|-end|p1a: Iron Bundle|Quark Drive|[silent]\n|move|p2b: Great Tusk|Rock Slide|p1b: Dragonite\n|-supereffective|p1b: Dragonite\n|-damage|p1b: Dragonite|0 fnt\n|faint|p1b: Dragonite\n|\n|-weather|SunnyDay|[upkeep]\n|-sideend|p2: RubyScarletC|move: Tailwind\n|upkeep\n|\n|t:|1681943084\n|switch|p1a: Chien-Pao|Chien-Pao, L50|100\/100\n|switch|p1b: Ceruledge|Ceruledge, L50, F, shiny|91\/100 slp\n|-ability|p1a: Chien-Pao|Sword of Ruin\n|turn|5\n|\n|t:|1681943102\n|-terastallize|p2a: Flutter Mane|Water\n|-terastallize|p1b: Ceruledge|Bug\n|cant|p1b: Ceruledge|slp\n|move|p2a: Flutter Mane|Moonblast|p1a: Chien-Pao\n|-supereffective|p1a: Chien-Pao\n|-damage|p1a: Chien-Pao|0 fnt\n|faint|p1a: Chien-Pao\n|move|p2b: Great Tusk|Rock Slide|p1b: Ceruledge\n|-supereffective|p1b: Ceruledge\n|-damage|p1b: Ceruledge|12\/100 slp\n|\n|-weather|none\n|-end|p2a: Flutter Mane|Protosynthesis\n|-end|p2b: Great Tusk|Protosynthesis\n|upkeep\n|turn|6\n|c|\u2606dman12352|gg\n|\n|t:|1681943121\n|-end|p2b: Great Tusk|Protosynthesis|[silent]\n|switch|p2b: Torkoal|Torkoal, L50, M|14\/100\n|-weather|SunnyDay|[from] ability: Drought|[of] p2b: Torkoal\n|-activate|p2a: Flutter Mane|ability: Protosynthesis\n|-start|p2a: Flutter Mane|protosynthesisspe\n|move|p2a: Flutter Mane|Moonblast|p1b: Ceruledge\n|-damage|p1b: Ceruledge|0 fnt\n|faint|p1b: Ceruledge\n|\n|win|RubyScarletC\n|raw|dman12352's rating: 1376 → 1358<\/strong> (-18 for losing)\n|raw|RubyScarletC's rating: 1419 → 1437<\/strong> (+18 for winning)\n|c|\u2606dman12352|I hate torkoal\n|l|\u2606dman12352\n","uploadtime":1681943231,"views":6,"p1id":"dman12352","p2id":"rubyscarletc","formatid":"gen9vgc2023regulationc","rating":1358,"private":0,"password":""}