{"id":"gen9vgc2023regulationc-1858076719","p1":"Gayangos","p2":"haha you rage quit","format":"[Gen 9] VGC 2023 Regulation C","log":"|j|\u2606Gayangos\n|j|\u2606haha you rage quit\n|t:|1683271632\n|gametype|doubles\n|player|p1|Gayangos|170|1303\n|player|p2|haha you rage quit|pokemaniac|1297\n|teamsize|p1|6\n|teamsize|p2|6\n|gen|9\n|tier|[Gen 9] VGC 2023 Regulation C\n|rated|\n|rule|Species Clause: Limit one of each Pok\u00e9mon\n|rule|Item Clause: Limit one of each item\n|clearpoke\n|poke|p1|Azumarill, L50, M|\n|poke|p1|Tyranitar, L50, M|\n|poke|p1|Arcanine, L50, M|\n|poke|p1|Scizor, L50, F|\n|poke|p1|Murkrow, L50, F|\n|poke|p1|Gengar, L50, F|\n|poke|p2|Torkoal, L50, M|\n|poke|p2|Indeedee-F, L50, F|\n|poke|p2|Brute Bonnet, L50|\n|poke|p2|Great Tusk, L50|\n|poke|p2|Hatterene, L50, F|\n|poke|p2|Slither Wing, L50|\n|teampreview|4\n|\n|t:|1683271666\n|start\n|switch|p1a: Arcanine|Arcanine, L50, M|100\/100\n|switch|p1b: Scizor|Scizor, L50, F|100\/100\n|switch|p2a: Indeedee|Indeedee-F, L50, F, shiny|100\/100\n|switch|p2b: Hatterene|Hatterene, L50, F|100\/100\n|-ability|p1a: Arcanine|Intimidate|boost\n|-unboost|p2a: Indeedee|atk|1\n|-unboost|p2b: Hatterene|atk|1\n|-fieldstart|move: Psychic Terrain|[from] ability: Psychic Surge|[of] p2a: Indeedee\n|-enditem|p2a: Indeedee|Psychic Seed\n|-boost|p2a: Indeedee|spd|1|[from] item: Psychic Seed\n|turn|1\n|inactive|Battle timer is ON: inactive players will automatically lose when time's up. (requested by Gayangos)\n|\n|t:|1683271693\n|-terastallize|p2a: Indeedee|Fire\n|move|p2b: Hatterene|Protect|p2b: Hatterene\n|-singleturn|p2b: Hatterene|Protect\n|move|p1a: Arcanine|Flare Blitz|p2a: Indeedee\n|-resisted|p2a: Indeedee\n|-damage|p2a: Indeedee|76\/100\n|-damage|p1a: Arcanine|93\/100|[from] Recoil\n|move|p1b: Scizor|U-turn|p2b: Hatterene\n|-activate|p2b: Hatterene|move: Protect\n|move|p2a: Indeedee|Trick Room|p2a: Indeedee\n|-fieldstart|move: Trick Room|[of] p2a: Indeedee\n|\n|upkeep\n|turn|2\n|\n|t:|1683271709\n|switch|p1b: Tyranitar|Tyranitar, L50, M|100\/100\n|-weather|Sandstorm|[from] ability: Sand Stream|[of] p1b: Tyranitar\n|move|p2a: Indeedee|Helping Hand|p2b: Hatterene\n|-singleturn|p2b: Hatterene|Helping Hand|[of] p2a: Indeedee\n|move|p2b: Hatterene|Psychic|p1a: Arcanine\n|-damage|p1a: Arcanine|0 fnt\n|faint|p1a: Arcanine\n|\n|-weather|Sandstorm|[upkeep]\n|-damage|p2b: Hatterene|94\/100|[from] Sandstorm\n|-damage|p2a: Indeedee|70\/100|[from] Sandstorm\n|upkeep\n|\n|t:|1683271724\n|switch|p1a: Scizor|Scizor, L50, F|100\/100\n|turn|3\n|\n|t:|1683271736\n|-terastallize|p1a: Scizor|Water\n|move|p2a: Indeedee|Helping Hand|p2b: Hatterene\n|-singleturn|p2b: Hatterene|Helping Hand|[of] p2a: Indeedee\n|move|p2b: Hatterene|Dazzling Gleam|p1a: Scizor|[spread] p1a,p1b\n|-supereffective|p1b: Tyranitar\n|-damage|p1a: Scizor|43\/100\n|-damage|p1b: Tyranitar|66\/100\n|move|p1b: Tyranitar|Snarl|p2b: Hatterene|[spread] p2a,p2b\n|-damage|p2a: Indeedee|61\/100\n|-damage|p2b: Hatterene|77\/100\n|-unboost|p2a: Indeedee|spa|1\n|move|p1a: Scizor|U-turn|p2b: Hatterene\n|-damage|p2b: Hatterene|32\/100\n|\n|t:|1683271748\n|switch|p1a: Gengar|Gengar, L50, F|100\/100|[from] U-turn\n|\n|-weather|Sandstorm|[upkeep]\n|-damage|p2b: Hatterene|25\/100|[from] Sandstorm\n|-damage|p2a: Indeedee|55\/100|[from] Sandstorm\n|-damage|p1a: Gengar|94\/100|[from] Sandstorm\n|upkeep\n|turn|4\n|\n|t:|1683271752\n|move|p1a: Gengar|Protect|p1a: Gengar\n|-singleturn|p1a: Gengar|Protect\n|move|p2b: Hatterene|Dazzling Gleam|p1a: Gengar|[spread] p1b\n|-activate|p1a: Gengar|move: Protect\n|-supereffective|p1b: Tyranitar\n|-damage|p1b: Tyranitar|40\/100\n|move|p2a: Indeedee|Dazzling Gleam|p1a: Gengar|[spread] p1b\n|-activate|p1a: Gengar|move: Protect\n|-supereffective|p1b: Tyranitar\n|-damage|p1b: Tyranitar|34\/100\n|move|p1b: Tyranitar|Snarl|p2b: Hatterene|[spread] p2a,p2b\n|-damage|p2a: Indeedee|46\/100\n|-damage|p2b: Hatterene|9\/100\n|-unboost|p2a: Indeedee|spa|1\n|\n|-weather|Sandstorm|[upkeep]\n|-damage|p2b: Hatterene|3\/100|[from] Sandstorm\n|-damage|p2a: Indeedee|39\/100|[from] Sandstorm\n|-damage|p1a: Gengar|88\/100|[from] Sandstorm\n|upkeep\n|turn|5\n|\n|t:|1683271771\n|switch|p1a: Scizor|Scizor, L50, F, tera:Water|43\/100\n|move|p2a: Indeedee|Helping Hand|p2b: Hatterene\n|-singleturn|p2b: Hatterene|Helping Hand|[of] p2a: Indeedee\n|move|p2b: Hatterene|Dazzling Gleam|p1a: Scizor|[spread] p1a,p1b\n|-supereffective|p1b: Tyranitar\n|-damage|p1a: Scizor|0 fnt\n|-damage|p1b: Tyranitar|0 fnt\n|faint|p1a: Scizor\n|faint|p1b: Tyranitar\n|\n|-weather|Sandstorm|[upkeep]\n|-damage|p2b: Hatterene|0 fnt|[from] Sandstorm\n|-damage|p2a: Indeedee|33\/100|[from] Sandstorm\n|faint|p2b: Hatterene\n|-fieldend|move: Trick Room\n|-fieldend|move: Psychic Terrain\n|upkeep\n|\n|t:|1683271787\n|switch|p1b: Gengar|Gengar, L50, F|88\/100\n|switch|p2b: Great Tusk|Great Tusk, L50, shiny|100\/100\n|turn|6\n|\n|t:|1683271797\n|move|p2a: Indeedee|Helping Hand|p2b: Great Tusk\n|-singleturn|p2b: Great Tusk|Helping Hand|[of] p2a: Indeedee\n|move|p1b: Gengar|Shadow Ball|p2b: Great Tusk\n|-damage|p2b: Great Tusk|52\/100\n|-unboost|p2b: Great Tusk|spd|1\n|move|p2b: Great Tusk|Headlong Rush|p1b: Gengar\n|-supereffective|p1b: Gengar\n|-damage|p1b: Gengar|0 fnt\n|-unboost|p2b: Great Tusk|def|1\n|-unboost|p2b: Great Tusk|spd|1\n|faint|p1b: Gengar\n|-damage|p2b: Great Tusk|42\/100|[from] item: Life Orb\n|\n|win|haha you rage quit\n|raw|Gayangos's rating: 1303 → 1283<\/strong> (-20 for losing)\n|raw|haha you rage quit's rating: 1297 → 1322<\/strong> (+25 for winning)\n|l|\u2606Gayangos\n","uploadtime":1683271816,"views":5,"p1id":"gayangos","p2id":"hahayouragequit","formatid":"gen9vgc2023regulationc","rating":1283,"private":0,"password":""}