{"id":"gen9vgc2023regulationc-1861342813","p1":"Charlisito","p2":"Mithos888999","format":"[Gen 9] VGC 2023 Regulation C","log":"|j|\u2606Charlisito\n|j|\u2606Mithos888999\n|t:|1683747769\n|gametype|doubles\n|player|p1|Charlisito|1|1412\n|player|p2|Mithos888999|zinzolin|1521\n|teamsize|p1|6\n|teamsize|p2|6\n|gen|9\n|tier|[Gen 9] VGC 2023 Regulation C\n|rated|\n|rule|Species Clause: Limit one of each Pok\u00e9mon\n|rule|Item Clause: Limit one of each item\n|clearpoke\n|poke|p1|Bellibolt, L50, F|\n|poke|p1|Palafin, L50, M|\n|poke|p1|Arcanine, L50, M|\n|poke|p1|Amoonguss, L50, M|\n|poke|p1|Flutter Mane, L50|\n|poke|p1|Ting-Lu, L50|\n|poke|p2|Amoonguss, L50, F|\n|poke|p2|Dragonite, L50, M|\n|poke|p2|Orthworm, L50, F|\n|poke|p2|Ting-Lu, L50|\n|poke|p2|Gyarados, L50, F|\n|poke|p2|Flutter Mane, L50|\n|teampreview|4\n|\n|t:|1683747840\n|start\n|switch|p1a: Bellibolt|Bellibolt, L50, F|100\/100\n|switch|p1b: Palafin|Palafin, L50, M|100\/100\n|switch|p2a: Orthworm|Orthworm, L50, F|100\/100\n|switch|p2b: Ting-Lu|Ting-Lu, L50|100\/100\n|-ability|p2b: Ting-Lu|Vessel of Ruin\n|turn|1\n|\n|t:|1683747861\n|detailschange|p1b: Palafin|Palafin-Hero, L50, M\n|switch|p1b: Arcanine|Arcanine, L50, M|100\/100\n|-ability|p1b: Arcanine|Intimidate|boost\n|-unboost|p2a: Orthworm|atk|1\n|-unboost|p2b: Ting-Lu|atk|1\n|move|p2a: Orthworm|Shed Tail|p2a: Orthworm\n|-start|p2a: Orthworm|Substitute|[from] move: Shed Tail\n|-damage|p2a: Orthworm|50\/100\n|-enditem|p2a: Orthworm|Sitrus Berry|[eat]\n|-heal|p2a: Orthworm|75\/100|[from] item: Sitrus Berry\n|\n|t:|1683747873\n|switch|p2a: Dragonite|Dragonite, L50, M|100\/100|[from] Shed Tail\n|move|p2b: Ting-Lu|Earthquake|p1a: Bellibolt|[spread] p1a,p1b\n|-immune|p2a: Dragonite\n|-supereffective|p1a: Bellibolt\n|-supereffective|p1b: Arcanine\n|-crit|p1b: Arcanine\n|-damage|p1a: Bellibolt|61\/100\n|-damage|p1b: Arcanine|0 fnt\n|-start|p1a: Bellibolt|Charge|Earthquake|[from] ability: Electromorphosis\n|faint|p1b: Arcanine\n|move|p1a: Bellibolt|Volt Switch|p2a: Dragonite\n|-activate|p2a: Dragonite|move: Substitute|[damage]\n|-end|p1a: Bellibolt|Charge|[silent]\n|\n|t:|1683747882\n|switch|p1a: Palafin|Palafin-Hero, L50, M|100\/100|[from] Volt Switch\n|-activate|p1a: Palafin|ability: Zero to Hero\n|\n|upkeep\n|\n|t:|1683747883\n|switch|p1b: Flutter Mane|Flutter Mane, L50|100\/100\n|-enditem|p1b: Flutter Mane|Booster Energy\n|-activate|p1b: Flutter Mane|ability: Protosynthesis|[fromitem]\n|-start|p1b: Flutter Mane|protosynthesisspa\n|turn|2\n|\n|t:|1683747923\n|switch|p2b: Gyarados|Gyarados, L50, F|100\/100\n|-ability|p2b: Gyarados|Intimidate|boost\n|-unboost|p1a: Palafin|atk|1\n|-unboost|p1b: Flutter Mane|atk|1\n|-terastallize|p2a: Dragonite|Flying\n|move|p1a: Palafin|Jet Punch|p2a: Dragonite\n|-end|p2a: Dragonite|Substitute\n|move|p1b: Flutter Mane|Moonblast|p2a: Dragonite\n|-damage|p2a: Dragonite|66\/100\n|move|p2a: Dragonite|Dragon Dance|p2a: Dragonite\n|-boost|p2a: Dragonite|atk|1\n|-boost|p2a: Dragonite|spe|1\n|\n|upkeep\n|turn|3\n|\n|t:|1683747951\n|switch|p2b: Ting-Lu|Ting-Lu, L50|100\/100\n|-ability|p2b: Ting-Lu|Vessel of Ruin\n|move|p1b: Flutter Mane|Protect|p1b: Flutter Mane\n|-singleturn|p1b: Flutter Mane|Protect\n|move|p2a: Dragonite|Tera Blast|p1b: Flutter Mane\n|-activate|p1b: Flutter Mane|move: Protect\n|move|p1a: Palafin|Wave Crash|p2a: Dragonite\n|-damage|p2a: Dragonite|0 fnt\n|faint|p2a: Dragonite\n|-damage|p1a: Palafin|82\/100|[from] Recoil\n|\n|upkeep\n|\n|t:|1683747965\n|switch|p2a: Gyarados|Gyarados, L50, F|100\/100\n|-ability|p2a: Gyarados|Intimidate|boost\n|-unboost|p1a: Palafin|atk|1\n|-unboost|p1b: Flutter Mane|atk|1\n|turn|4\n|\n|t:|1683747979\n|switch|p1a: Bellibolt|Bellibolt, L50, F|61\/100\n|move|p1b: Flutter Mane|Moonblast|p2a: Gyarados\n|-damage|p2a: Gyarados|56\/100\n|move|p2a: Gyarados|Thunder Wave|p1b: Flutter Mane\n|-status|p1b: Flutter Mane|par\n|move|p2b: Ting-Lu|Ruination|p1a: Bellibolt\n|-damage|p1a: Bellibolt|31\/100\n|-start|p1a: Bellibolt|Charge|Ruination|[from] ability: Electromorphosis\n|\n|upkeep\n|turn|5\n|\n|t:|1683748017\n|-terastallize|p1a: Bellibolt|Grass\n|move|p2a: Gyarados|Iron Head|p1b: Flutter Mane\n|-supereffective|p1b: Flutter Mane\n|-damage|p1b: Flutter Mane|7\/100 par\n|cant|p1b: Flutter Mane|flinch\n|move|p1a: Bellibolt|Volt Switch|p2a: Gyarados\n|-supereffective|p2a: Gyarados\n|-damage|p2a: Gyarados|0 fnt\n|faint|p2a: Gyarados\n|-end|p1a: Bellibolt|Charge|[silent]\n|\n|t:|1683748024\n|switch|p1a: Palafin|Palafin-Hero, L50, M|82\/100|[from] Volt Switch\n|move|p2b: Ting-Lu|Earthquake|p1a: Palafin|[spread] p1a,p1b\n|-damage|p1a: Palafin|50\/100\n|-damage|p1b: Flutter Mane|0 fnt\n|faint|p1b: Flutter Mane\n|-end|p1b: Flutter Mane|Protosynthesis|[silent]\n|\n|upkeep\n|\n|t:|1683748026\n|switch|p1b: Bellibolt|Bellibolt, L50, F, tera:Grass|31\/100\n|switch|p2a: Orthworm|Orthworm, L50, F|75\/100\n|turn|6\n|\n|t:|1683748055\n|move|p1a: Palafin|Wave Crash|p2b: Ting-Lu\n|-supereffective|p2b: Ting-Lu\n|-damage|p2b: Ting-Lu|0 fnt\n|faint|p2b: Ting-Lu\n|-damage|p1a: Palafin|8\/100|[from] Recoil\n|move|p2a: Orthworm|Body Press|p1b: Bellibolt\n|-damage|p1b: Bellibolt|6\/100\n|-start|p1b: Bellibolt|Charge|Body Press|[from] ability: Electromorphosis\n|move|p1b: Bellibolt|Muddy Water|p2a: Orthworm\n|-damage|p2a: Orthworm|48\/100\n|-unboost|p2a: Orthworm|accuracy|1\n|\n|upkeep\n|turn|7\n|\n|t:|1683748068\n|move|p1a: Palafin|Protect|p1a: Palafin\n|-singleturn|p1a: Palafin|Protect\n|move|p2a: Orthworm|Body Press|p1b: Bellibolt|[miss]\n|-miss|p2a: Orthworm|p1b: Bellibolt\n|move|p1b: Bellibolt|Parabolic Charge|p2a: Orthworm|[spread] p2a\n|-activate|p1a: Palafin|move: Protect\n|-damage|p2a: Orthworm|4\/100\n|-heal|p1b: Bellibolt|26\/100|[from] drain|[of] p2a: Orthworm\n|-end|p1b: Bellibolt|Charge|[silent]\n|\n|upkeep\n|turn|8\n|-message|Mithos888999 forfeited.\n|\n|win|Charlisito\n|raw|Charlisito's rating: 1412 → 1438<\/strong> (+26 for winning)\n|raw|Mithos888999's rating: 1521 → 1495<\/strong> (-26 for losing)\n|l|\u2606Mithos888999\n","uploadtime":1683748080,"views":11,"p1id":"charlisito","p2id":"mithos888999","formatid":"gen9vgc2023regulationc","rating":1438,"private":0,"password":""}