{"id":"gen9vgc2023regulationc-1855837586","p1":"Sangano","p2":"NakedPsyduck","format":"[Gen 9] VGC 2023 Regulation C","log":"|j|\u2606Sangano\n|j|\u2606NakedPsyduck\n|t:|1682990080\n|gametype|doubles\n|player|p1|Sangano|steven|1352\n|player|p2|NakedPsyduck|baker|1331\n|teamsize|p1|6\n|teamsize|p2|6\n|gen|9\n|tier|[Gen 9] VGC 2023 Regulation C\n|rated|\n|rule|Species Clause: Limit one of each Pok\u00e9mon\n|rule|Item Clause: Limit one of each item\n|clearpoke\n|poke|p1|Chi-Yu, L50|\n|poke|p1|Flutter Mane, L50|\n|poke|p1|Gyarados, L50, M|\n|poke|p1|Garchomp, L50, F|\n|poke|p1|Amoonguss, L50, F|\n|poke|p1|Iron Hands, L50|\n|poke|p2|Chien-Pao, L50|\n|poke|p2|Chi-Yu, L50|\n|poke|p2|Flutter Mane, L50|\n|poke|p2|Iron Hands, L50|\n|poke|p2|Azumarill, L50, M|\n|poke|p2|Amoonguss, L50, M|\n|teampreview|4\nSangano has agreed to open team sheets.\n|inactive|Battle timer is ON: inactive players will automatically lose when time's up. (requested by NakedPsyduck)\nNakedPsyduck rejected open team sheets.\n|\n|t:|1682990126\n|start\n|switch|p1a: Flutter Mane|Flutter Mane, L50|100\/100\n|switch|p1b: Garchomp|Garchomp, L50, F|100\/100\n|switch|p2a: Chi-Yu|Chi-Yu, L50|100\/100\n|switch|p2b: Flutter Mane|Flutter Mane, L50|100\/100\n|-ability|p2a: Chi-Yu|Beads of Ruin\n|turn|1\n|\n|t:|1682990147\n|-terastallize|p2b: Flutter Mane|Fairy\n|-terastallize|p1b: Garchomp|Fire\n|move|p1a: Flutter Mane|Protect|p1a: Flutter Mane\n|-singleturn|p1a: Flutter Mane|Protect\n|move|p2a: Chi-Yu|Heat Wave|p1a: Flutter Mane|[spread] p1b\n|-activate|p1a: Flutter Mane|move: Protect\n|-resisted|p1b: Garchomp\n|-damage|p1b: Garchomp|83\/100\n|move|p2b: Flutter Mane|Dazzling Gleam|p1b: Garchomp|[spread] p1b\n|-activate|p1a: Flutter Mane|move: Protect\n|-resisted|p1b: Garchomp\n|-damage|p1b: Garchomp|54\/100\n|move|p1b: Garchomp|Earthquake|p2b: Flutter Mane|[spread] p2a,p2b\n|-activate|p1a: Flutter Mane|move: Protect\n|-supereffective|p2a: Chi-Yu\n|-damage|p2a: Chi-Yu|0 fnt\n|-damage|p2b: Flutter Mane|27\/100\n|faint|p2a: Chi-Yu\n|\n|upkeep\n|\n|t:|1682990169\n|switch|p2a: Chien-Pao|Chien-Pao, L50|100\/100\n|-ability|p2a: Chien-Pao|Sword of Ruin\n|turn|2\n|inactive|Sangano has 30 seconds left.\n|\n|t:|1682990203\n|move|p2a: Chien-Pao|Sucker Punch|p1a: Flutter Mane\n|-damage|p1a: Flutter Mane|24\/100\n|move|p2b: Flutter Mane|Dazzling Gleam|p1b: Garchomp|[spread] p1a,p1b\n|-resisted|p1b: Garchomp\n|-damage|p1a: Flutter Mane|0 fnt\n|-damage|p1b: Garchomp|31\/100\n|faint|p1a: Flutter Mane\n|-end|p1a: Flutter Mane|Protosynthesis|[silent]\n|move|p1b: Garchomp|Iron Head|p2b: Flutter Mane\n|-supereffective|p2b: Flutter Mane\n|-damage|p2b: Flutter Mane|0 fnt\n|faint|p2b: Flutter Mane\n|-end|p2b: Flutter Mane|Protosynthesis|[silent]\n|\n|upkeep\n|\n|t:|1682990216\n|switch|p2b: Iron Hands|Iron Hands, L50|100\/100\n|switch|p1a: Gyarados|Gyarados, L50, M|100\/100\n|-ability|p1a: Gyarados|Intimidate|boost\n|-unboost|p2a: Chien-Pao|atk|1\n|-unboost|p2b: Iron Hands|atk|1\n|turn|3\n|inactive|NakedPsyduck has 30 seconds left.\n|\n|t:|1682990244\n|move|p1a: Gyarados|Protect|p1a: Gyarados\n|-singleturn|p1a: Gyarados|Protect\n|move|p2b: Iron Hands|Fake Out|p1b: Garchomp\n|-damage|p1b: Garchomp|19\/100\n|-damage|p2b: Iron Hands|88\/100|[from] ability: Rough Skin|[of] p1b: Garchomp\n|move|p2a: Chien-Pao|Ice Spinner|p1a: Gyarados\n|-activate|p1a: Gyarados|move: Protect\n|cant|p1b: Garchomp|flinch\n|\n|upkeep\n|turn|4\n|\n|t:|1682990262\n|move|p2a: Chien-Pao|Sucker Punch|p1b: Garchomp\n|-damage|p1b: Garchomp|0 fnt\n|-damage|p2a: Chien-Pao|88\/100|[from] ability: Rough Skin|[of] p1b: Garchomp\n|faint|p1b: Garchomp\n|move|p1a: Gyarados|Waterfall|p2a: Chien-Pao\n|-damage|p2a: Chien-Pao|33\/100\n|move|p2b: Iron Hands|Wild Charge|p1a: Gyarados\n|-supereffective|p1a: Gyarados\n|-damage|p1a: Gyarados|0 fnt\n|faint|p1a: Gyarados\n|-damage|p2b: Iron Hands|70\/100|[from] Recoil\n|\n|upkeep\n|\n|t:|1682990276\n|switch|p1a: Chi-Yu|Chi-Yu, L50|100\/100\n|-ability|p1a: Chi-Yu|Beads of Ruin\n|turn|5\n|\n|t:|1682990283\n|move|p2a: Chien-Pao|Sucker Punch|p1a: Chi-Yu\n|-resisted|p1a: Chi-Yu\n|-damage|p1a: Chi-Yu|81\/100\n|move|p1a: Chi-Yu|Heat Wave|p2a: Chien-Pao|[spread] p2a,p2b\n|-supereffective|p2a: Chien-Pao\n|-damage|p2a: Chien-Pao|0 fnt\n|-damage|p2b: Iron Hands|45\/100\n|faint|p2a: Chien-Pao\n|move|p2b: Iron Hands|Drain Punch|p1a: Chi-Yu\n|-supereffective|p1a: Chi-Yu\n|-damage|p1a: Chi-Yu|5\/100\n|-heal|p2b: Iron Hands|65\/100|[from] drain|[of] p1a: Chi-Yu\n|\n|upkeep\n|turn|6\n|\n|t:|1682990297\n|move|p1a: Chi-Yu|Heat Wave|p2b: Iron Hands\n|-damage|p2b: Iron Hands|28\/100\n|move|p2b: Iron Hands|Drain Punch|p1a: Chi-Yu\n|-supereffective|p1a: Chi-Yu\n|-damage|p1a: Chi-Yu|0 fnt\n|-heal|p2b: Iron Hands|30\/100|[from] drain|[of] p1a: Chi-Yu\n|faint|p1a: Chi-Yu\n|\n|win|NakedPsyduck\n|raw|Sangano's rating: 1352 → 1331<\/strong> (-21 for losing)\n|raw|NakedPsyduck's rating: 1331 → 1352<\/strong> (+21 for winning)\n","uploadtime":1682990308,"views":16,"p1id":"sangano","p2id":"nakedpsyduck","formatid":"gen9vgc2023regulationc","rating":1331,"private":0,"password":""}