{"id":"gen9vgc2023regulationc-1845873037","p1":"DrChocolateMD","p2":"Yugi wit da hoodie","format":"[Gen 9] VGC 2023 Regulation C","log":"|j|\u2606DrChocolateMD\n|j|\u2606Yugi wit da hoodie\n|t:|1681773860\n|gametype|doubles\n|player|p1|DrChocolateMD|cyrus|\n|player|p2|Yugi wit da hoodie|101|\n|teamsize|p1|6\n|teamsize|p2|6\n|gen|9\n|tier|[Gen 9] VGC 2023 Regulation C\n|rule|Species Clause: Limit one of each Pok\u00e9mon\n|rule|Item Clause: Limit one of each item\n|clearpoke\n|poke|p1|Hydreigon, L50, F|\n|poke|p1|Kingambit, L50, M|\n|poke|p1|Baxcalibur, L50, M|\n|poke|p1|Iron Bundle, L50|\n|poke|p1|Salazzle, L50, F|\n|poke|p1|Gengar, L50, M|\n|poke|p2|Murkrow, L50, M|\n|poke|p2|Great Tusk, L50|\n|poke|p2|Hatterene, L50, F|\n|poke|p2|Farigiraf, L50, M|\n|poke|p2|Clawitzer, L50, M|\n|poke|p2|Toxicroak, L50, F|\n|teampreview|4\nDrChocolateMD rejected open team sheets.\n|j| WindyEng\n|j| Onassi2\n|j| Destrucktoo\n|c|\u2606DrChocolateMD|GL GL!\n|c|\u2606Yugi wit da hoodie|You too\n|\n|t:|1681773986\n|start\n|switch|p1a: Waspinator|Salazzle, L50, F|100\/100\n|switch|p1b: Megatron|Kingambit, L50, M|100\/100\n|switch|p2a: Hattereeniemeenie|Hatterene, L50, F|100\/100\n|switch|p2b: GiraffeffariG|Farigiraf, L50, M|100\/100\n|turn|1\n|\n|t:|1681774044\n|-terastallize|p2a: Hattereeniemeenie|Fire\n|move|p1a: Waspinator|Overheat|p2b: GiraffeffariG\n|-damage|p2b: GiraffeffariG|34\/100\n|-unboost|p1a: Waspinator|spa|2\n|-enditem|p1a: Waspinator|Eject Pack\n|\n|t:|1681774057\n|switch|p1a: Dinobot|Baxcalibur, L50, M|100\/100\n|move|p1b: Megatron|Kowtow Cleave|p2a: Hattereeniemeenie\n|-damage|p2a: Hattereeniemeenie|47\/100\n|move|p2b: GiraffeffariG|Psychic|p1a: Dinobot\n|-damage|p1a: Dinobot|52\/100\n|move|p2a: Hattereeniemeenie|Trick Room|p2a: Hattereeniemeenie\n|-fieldstart|move: Trick Room|[of] p2a: Hattereeniemeenie\n|\n|upkeep\n|turn|2\n|\n|t:|1681774101\n|-terastallize|p1b: Megatron|Flying\n|move|p2b: GiraffeffariG|Protect|p2b: GiraffeffariG\n|-singleturn|p2b: GiraffeffariG|Protect\n|move|p2a: Hattereeniemeenie|Mystical Fire|p1b: Megatron\n|-damage|p1b: Megatron|71\/100\n|-unboost|p1b: Megatron|spa|1\n|-ability|p1b: Megatron|Defiant|boost\n|-boost|p1b: Megatron|atk|2\n|move|p1b: Megatron|Kowtow Cleave|p2a: Hattereeniemeenie\n|-damage|p2a: Hattereeniemeenie|0 fnt\n|faint|p2a: Hattereeniemeenie\n|move|p1a: Dinobot|Earthquake|p2b: GiraffeffariG|[spread] \n|-activate|p2b: GiraffeffariG|move: Protect\n|-immune|p1b: Megatron\n|\n|upkeep\n|\n|t:|1681774126\n|switch|p2a: Red Lobster|Clawitzer, L50, M, shiny|100\/100\n|turn|3\n|c| Onassi2|hey earthquake into flying ally is my thing\n|c|\u2606DrChocolateMD|Worm\n|c| WindyEng|there needs to be a special version of Earthquake, Earth power just doesn't cut it sometimes\n|\n|t:|1681774176\n|move|p1a: Dinobot|Protect|p1a: Dinobot\n|-singleturn|p1a: Dinobot|Protect\n|move|p2a: Red Lobster|Water Pulse|p1b: Megatron\n|-damage|p1b: Megatron|27\/100\n|move|p2b: GiraffeffariG|Psychic|p1b: Megatron\n|-damage|p1b: Megatron|0 fnt\n|faint|p1b: Megatron\n|\n|upkeep\n|c|\u2606DrChocolateMD|And Flutter Mane should learn it. Why not be a better Pokemon?\n|\n|t:|1681774189\n|switch|p1b: Airrazor|Hydreigon, L50, F|100\/100\n|turn|4\n|c| WindyEng|true: 70-80% tourney usage is too slow\n|c| WindyEng|low*\n|\n|t:|1681774262\n|move|p2a: Red Lobster|Water Pulse|p1b: Airrazor\n|-resisted|p1b: Airrazor\n|-damage|p1b: Airrazor|62\/100\n|-start|p1b: Airrazor|confusion\n|move|p2b: GiraffeffariG|Psychic|p1a: Dinobot\n|-damage|p1a: Dinobot|7\/100\n|move|p1a: Dinobot|Earthquake|p2b: GiraffeffariG|[spread] p2a,p2b\n|-immune|p1b: Airrazor|[from] ability: Levitate\n|-crit|p2b: GiraffeffariG\n|-damage|p2a: Red Lobster|66\/100\n|-damage|p2b: GiraffeffariG|0 fnt\n|faint|p2b: GiraffeffariG\n|-activate|p1b: Airrazor|confusion\n|-damage|p1b: Airrazor|53\/100|[from] confusion\n|\n|upkeep\n|\n|t:|1681774278\n|switch|p2b: CroaHunk|Toxicroak, L50, F|100\/100\n|-ability|p2b: CroaHunk|Anticipation\n|turn|5\n|\n|t:|1681774311\n|switch|p1b: Waspinator|Salazzle, L50, F|100\/100\n|move|p1a: Dinobot|Protect|p1a: Dinobot\n|-singleturn|p1a: Dinobot|Protect\n|move|p2b: CroaHunk|Vacuum Wave|p1a: Dinobot\n|-activate|p1a: Dinobot|move: Protect\n|move|p2a: Red Lobster|Water Pulse|p1b: Waspinator\n|-supereffective|p1b: Waspinator\n|-damage|p1b: Waspinator|0 fnt\n|faint|p1b: Waspinator\n|\n|-fieldend|move: Trick Room\n|upkeep\n|c|\u2606DrChocolateMD|Every time I get walled out by a Farigiraf for more than one turn, I have to sit and wonder how it's not used more\n|\n|t:|1681774326\n|switch|p1b: Airrazor|Hydreigon, L50, F|53\/100\n|turn|6\n|\n|t:|1681774375\n|move|p2b: CroaHunk|Vacuum Wave|p1a: Dinobot\n|-supereffective|p1a: Dinobot\n|-damage|p1a: Dinobot|0 fnt\n|faint|p1a: Dinobot\n|move|p1b: Airrazor|Dark Pulse|p2a: Red Lobster\n|-damage|p2a: Red Lobster|9\/100\n|-damage|p1b: Airrazor|44\/100|[from] item: Life Orb\n|move|p2a: Red Lobster|Water Pulse|p1b: Airrazor\n|-resisted|p1b: Airrazor\n|-damage|p1b: Airrazor|0 fnt\n|faint|p1b: Airrazor\n|\n|win|Yugi wit da hoodie\n|c|\u2606DrChocolateMD|GG!\n|c|\u2606Yugi wit da hoodie|Can't handle the giraffe\n|c|\u2606Yugi wit da hoodie|gg\n|l| Onassi2\n","uploadtime":1681774390,"views":15,"p1id":"drchocolatemd","p2id":"yugiwitdahoodie","formatid":"gen9vgc2023regulationc","rating":0,"private":0,"password":""}