{"id":"gen9vgc2023regulationc-1857575121","p1":"leoroop","p2":"Elcyms","format":"[Gen 9] VGC 2023 Regulation C","log":"|j|\u2606leoroop\n|j|\u2606Elcyms\n|t:|1683209670\n|gametype|doubles\n|player|p1|leoroop|backpacker|1297\n|player|p2|Elcyms|cress|1251\n|teamsize|p1|6\n|teamsize|p2|6\n|gen|9\n|tier|[Gen 9] VGC 2023 Regulation C\n|rated|\n|rule|Species Clause: Limit one of each Pok\u00e9mon\n|rule|Item Clause: Limit one of each item\n|clearpoke\n|poke|p1|Gyarados, L50, M|\n|poke|p1|Amoonguss, L50, M|\n|poke|p1|Kingambit, L50, F|\n|poke|p1|Flutter Mane, L50|\n|poke|p1|Chi-Yu, L50|\n|poke|p1|Baxcalibur, L50, M|\n|poke|p2|Chien-Pao, L50|\n|poke|p2|Dragapult, L50, M|\n|poke|p2|Gyarados, L50, F|\n|poke|p2|Iron Hands, L50|\n|poke|p2|Scizor, L50, F|\n|poke|p2|Garchomp, L50, F|\n|teampreview|4\nleoroop has agreed to open team sheets.\nElcyms rejected open team sheets.\n|\n|t:|1683209707\n|start\n|switch|p1a: Gyarados|Gyarados, L50, M|100\/100\n|switch|p1b: Amoonguss|Amoonguss, L50, M|100\/100\n|switch|p2a: Scizor|Scizor, L50, F|100\/100\n|switch|p2b: Iron Hands|Iron Hands, L50|100\/100\n|-ability|p1a: Gyarados|Intimidate|boost\n|-fail|p2a: Scizor|unboost|[from] item: Clear Amulet|[of] p2a: Scizor\n|-unboost|p2b: Iron Hands|atk|1\n|turn|1\n|\n|t:|1683209743\n|-terastallize|p2b: Iron Hands|Grass\n|move|p1a: Gyarados|Protect|p1a: Gyarados\n|-singleturn|p1a: Gyarados|Protect\n|move|p2a: Scizor|Protect|p2a: Scizor\n|-singleturn|p2a: Scizor|Protect\n|move|p2b: Iron Hands|Wild Charge|p1a: Gyarados\n|-activate|p1a: Gyarados|move: Protect\n|move|p1b: Amoonguss|Spore|p2b: Iron Hands\n|-immune|p2b: Iron Hands\n|\n|upkeep\n|turn|2\n|\n|t:|1683209770\n|move|p1a: Gyarados|Thunder Wave|p2b: Iron Hands\n|-status|p2b: Iron Hands|par\n|move|p2a: Scizor|U-turn|p1b: Amoonguss\n|-crit|p1b: Amoonguss\n|-damage|p1b: Amoonguss|58\/100\n|\n|t:|1683209778\n|switch|p2a: Garchomp|Garchomp, L50, F|100\/100|[from] U-turn\n|move|p1b: Amoonguss|Spore|p2a: Garchomp\n|-activate|p2a: Garchomp|item: Safety Goggles|Spore\n|cant|p2b: Iron Hands|par\n|\n|upkeep\n|turn|3\n|\n|t:|1683209805\n|move|p2a: Garchomp|Stomping Tantrum|p1b: Amoonguss\n|-damage|p1b: Amoonguss|28\/100\n|-enditem|p1b: Amoonguss|Sitrus Berry|[eat]\n|-heal|p1b: Amoonguss|53\/100|[from] item: Sitrus Berry\n|move|p1a: Gyarados|Waterfall|p2a: Garchomp\n|-damage|p2a: Garchomp|61\/100\n|-damage|p1a: Gyarados|88\/100|[from] ability: Rough Skin|[of] p2a: Garchomp\n|move|p1b: Amoonguss|Pollen Puff|p2b: Iron Hands\n|-supereffective|p2b: Iron Hands\n|-damage|p2b: Iron Hands|81\/100 par\n|move|p2b: Iron Hands|Wild Charge|p1a: Gyarados\n|-supereffective|p1a: Gyarados\n|-damage|p1a: Gyarados|0 fnt\n|faint|p1a: Gyarados\n|-damage|p2b: Iron Hands|63\/100 par|[from] Recoil\n|\n|upkeep\n|\n|t:|1683209822\n|switch|p1a: Flutter Mane|Flutter Mane, L50, shiny|100\/100\n|-enditem|p1a: Flutter Mane|Booster Energy\n|-activate|p1a: Flutter Mane|ability: Protosynthesis|[fromitem]\n|-start|p1a: Flutter Mane|protosynthesisspe\n|turn|4\n|\n|t:|1683209834\n|switch|p1b: Chi-Yu|Chi-Yu, L50|100\/100\n|-ability|p1b: Chi-Yu|Beads of Ruin\n|-terastallize|p1a: Flutter Mane|Fairy\n|move|p2a: Garchomp|Protect|p2a: Garchomp\n|-singleturn|p2a: Garchomp|Protect\n|move|p1a: Flutter Mane|Dazzling Gleam|p2a: Garchomp|[spread] p2b\n|-activate|p2a: Garchomp|move: Protect\n|-damage|p2b: Iron Hands|35\/100 par\n|move|p2b: Iron Hands|Heavy Slam|p1a: Flutter Mane\n|-supereffective|p1a: Flutter Mane\n|-damage|p1a: Flutter Mane|10\/100\n|\n|upkeep\n|turn|5\n|\n|t:|1683209867\n|switch|p2a: Scizor|Scizor, L50, F|100\/100\n|move|p1a: Flutter Mane|Moonblast|p2a: Scizor\n|-resisted|p2a: Scizor\n|-damage|p2a: Scizor|54\/100\n|move|p1b: Chi-Yu|Heat Wave|p2a: Scizor|[spread] p2a,p2b\n|-supereffective|p2a: Scizor\n|-supereffective|p2b: Iron Hands\n|-damage|p2a: Scizor|0 fnt\n|-damage|p2b: Iron Hands|0 fnt\n|faint|p2a: Scizor\n|faint|p2b: Iron Hands\n|-end|p2b: Iron Hands|Quark Drive|[silent]\n|\n|upkeep\n|\n|t:|1683209878\n|switch|p2a: Dragapult|Dragapult, L50, M|100\/100\n|switch|p2b: Garchomp|Garchomp, L50, F|61\/100\n|turn|6\n|\n|t:|1683209896\n|switch|p1b: Amoonguss|Amoonguss, L50, M|86\/100\n|move|p1a: Flutter Mane|Protect|p1a: Flutter Mane\n|-singleturn|p1a: Flutter Mane|Protect\n|move|p2b: Garchomp|Protect|p2b: Garchomp\n|-singleturn|p2b: Garchomp|Protect\n|move|p2a: Dragapult|Phantom Force||[still]\n|-prepare|p2a: Dragapult|Phantom Force\n|\n|upkeep\n|turn|7\n|\n|t:|1683209908\n|move|p1b: Amoonguss|Rage Powder|p1b: Amoonguss\n|-singleturn|p1b: Amoonguss|move: Rage Powder\n|move|p1a: Flutter Mane|Moonblast|p2b: Garchomp\n|-supereffective|p2b: Garchomp\n|-damage|p2b: Garchomp|0 fnt\n|faint|p2b: Garchomp\n|move|p2a: Dragapult|Phantom Force|p1b: Amoonguss|[from]lockedmove\n|-damage|p1b: Amoonguss|28\/100\n|\n|upkeep\n|turn|8\n|inactive|Battle timer is ON: inactive players will automatically lose when time's up. (requested by Elcyms)\n|\n|t:|1683209920\n|move|p1a: Flutter Mane|Moonblast|p2a: Dragapult\n|-supereffective|p2a: Dragapult\n|-damage|p2a: Dragapult|0 fnt\n|faint|p2a: Dragapult\n|\n|win|leoroop\n|raw|leoroop's rating: 1297 → 1319<\/strong> (+22 for winning)\n|raw|Elcyms's rating: 1251 → 1229<\/strong> (-22 for losing)\n|l|\u2606Elcyms\n","uploadtime":1683209927,"views":3,"p1id":"leoroop","p2id":"elcyms","formatid":"gen9vgc2023regulationc","rating":1229,"private":0,"password":""}