{"id":"gen9vgc2023regulationc-1862825592","p1":"Zephyl","p2":"Bertigo","format":"[Gen 9] VGC 2023 Regulation C","log":"|j|\u2606Zephyl\n|j|\u2606Bertigo\n|t:|1683926192\n|gametype|doubles\n|player|p1|Zephyl|nemona-v|\n|player|p2|Bertigo|#vgcwliikilowattrels|\n|teamsize|p1|6\n|teamsize|p2|6\n|gen|9\n|tier|[Gen 9] VGC 2023 Regulation C\n|rule|Species Clause: Limit one of each Pok\u00e9mon\n|rule|Item Clause: Limit one of each item\n|clearpoke\n|poke|p1|Palafin, L50, M|\n|poke|p1|Flutter Mane, L50|\n|poke|p1|Arcanine, L50, F|\n|poke|p1|Ting-Lu, L50|\n|poke|p1|Amoonguss, L50, F|\n|poke|p1|Kingambit, L50, M|\n|poke|p2|Iron Hands, L50|\n|poke|p2|Flutter Mane, L50|\n|poke|p2|Chi-Yu, L50|\n|poke|p2|Gyarados, L50, F|\n|poke|p2|Amoonguss, L50, F|\n|poke|p2|Ting-Lu, L50|\n|teampreview|4\nBertigo has agreed to open team sheets.\nZephyl has agreed to open team sheets.\n|c|\u2606Bertigo|G2\n|c|\u2606Bertigo|Can you do publicroom?\n|c|\u2606Zephyl|you have to since you made it is\n|c|\u2606Zephyl|it says\n|c|\u2606Bertigo|\/log Bertigo made this room public.\n|c|\u2606Bertigo|mb\n|j| pwny person\n|j| ceree\n|j| iluvubb\n|\n|t:|1683926694\n|start\n|switch|p1a: Palafin|Palafin, L50, M|100\/100\n|switch|p1b: Arcanine|Arcanine, L50, F|100\/100\n|switch|p2a: Iron Hands|Iron Hands, L50|100\/100\n|switch|p2b: Amoonguss|Amoonguss, L50, F, shiny|100\/100\n|-ability|p1b: Arcanine|Intimidate|boost\n|-unboost|p2a: Iron Hands|atk|1\n|-unboost|p2b: Amoonguss|atk|1\n|turn|1\n|j| pipppo\n|j| I'm Beamed Up!\n|\n|t:|1683926747\n|-end|p2a: Iron Hands|Quark Drive|[silent]\n|switch|p2a: Gyarados|Gyarados, L50, F|100\/100\n|-ability|p2a: Gyarados|Intimidate|boost\n|-unboost|p1a: Palafin|atk|1\n|-unboost|p1b: Arcanine|atk|1\n|move|p1a: Palafin|Protect|p1a: Palafin\n|-singleturn|p1a: Palafin|Protect\n|move|p1b: Arcanine|Howl|p1b: Arcanine|[spread] p1a,p1b\n|-boost|p1a: Palafin|atk|1\n|-boost|p1b: Arcanine|atk|1\n|move|p2b: Amoonguss|Spore|p1a: Palafin\n|-activate|p1a: Palafin|move: Protect\n|\n|upkeep\n|turn|2\n|j| Orangex733\n|\n|t:|1683926762\n|detailschange|p1a: Palafin|Palafin-Hero, L50, M\n|switch|p1a: Amoonguss|Amoonguss, L50, F|100\/100\n|move|p1b: Arcanine|Will-O-Wisp|p2a: Gyarados\n|-status|p2a: Gyarados|brn\n|move|p2a: Gyarados|Thunder Wave|p1b: Arcanine\n|-status|p1b: Arcanine|par\n|move|p2b: Amoonguss|Spore|p1a: Amoonguss\n|-immune|p1a: Amoonguss\n|\n|-damage|p2a: Gyarados|94\/100 brn|[from] brn\n|upkeep\n|turn|3\n|j| Finabas\n|\n|t:|1683926806\n|switch|p2b: Iron Hands|Iron Hands, L50|100\/100\n|move|p1a: Amoonguss|Rage Powder|p1a: Amoonguss\n|-singleturn|p1a: Amoonguss|move: Rage Powder\n|move|p2a: Gyarados|Taunt|p1a: Amoonguss\n|-start|p1a: Amoonguss|move: Taunt\n|cant|p1b: Arcanine|par\n|\n|-damage|p2a: Gyarados|88\/100 brn|[from] brn\n|upkeep\n|turn|4\n|l| iluvubb\n|\n|t:|1683926824\n|switch|p1b: Palafin|Palafin-Hero, L50, M|100\/100\n|-activate|p1b: Palafin|ability: Zero to Hero\n|move|p2a: Gyarados|Taunt|p1b: Palafin\n|-start|p1b: Palafin|move: Taunt\n|move|p2b: Iron Hands|Swords Dance|p2b: Iron Hands\n|-boost|p2b: Iron Hands|atk|2\n|move|p1a: Amoonguss|Pollen Puff|p1b: Palafin\n|-immune|p1b: Palafin\n|\n|-damage|p2a: Gyarados|82\/100 brn|[from] brn\n|upkeep\n|turn|5\n|j| iluvubb\n|\n|t:|1683926873\n|switch|p1b: Arcanine|Arcanine, L50, F|100\/100 par\n|-ability|p1b: Arcanine|Intimidate|boost\n|-unboost|p2a: Gyarados|atk|1\n|-unboost|p2b: Iron Hands|atk|1\n|move|p2b: Iron Hands|Detect|p2b: Iron Hands\n|-singleturn|p2b: Iron Hands|Protect\n|move|p2a: Gyarados|Thunder Wave|p1b: Arcanine\n|-fail|p1b: Arcanine|par\n|move|p1a: Amoonguss|Pollen Puff|p2a: Gyarados\n|-resisted|p2a: Gyarados\n|-damage|p2a: Gyarados|75\/100 brn\n|\n|-damage|p2a: Gyarados|69\/100 brn|[from] brn\n|upkeep\n|turn|6\n|\n|t:|1683926890\n|switch|p1a: Palafin|Palafin-Hero, L50, M|100\/100\n|move|p2a: Gyarados|Taunt|p1b: Arcanine\n|-start|p1b: Arcanine|move: Taunt\n|move|p2b: Iron Hands|Swords Dance|p2b: Iron Hands\n|-boost|p2b: Iron Hands|atk|2\n|cant|p1b: Arcanine|par\n|\n|-damage|p2a: Gyarados|63\/100 brn|[from] brn\n|upkeep\n|turn|7\n|\n|t:|1683926912\n|switch|p2a: Amoonguss|Amoonguss, L50, F, shiny|100\/100\n|switch|p1b: Amoonguss|Amoonguss, L50, F|100\/100\n|move|p2b: Iron Hands|Detect|p2b: Iron Hands\n|-singleturn|p2b: Iron Hands|Protect\n|move|p1a: Palafin|Haze|p1a: Palafin\n|-clearallboost\n|\n|upkeep\n|turn|8\n|j| SvenVGC\n|j| baaaaat_\n|\n|t:|1683926970\n|switch|p1b: Flutter Mane|Flutter Mane, L50|100\/100\n|-enditem|p1b: Flutter Mane|Booster Energy\n|-activate|p1b: Flutter Mane|ability: Protosynthesis|[fromitem]\n|-start|p1b: Flutter Mane|protosynthesisspa\n|-terastallize|p1a: Palafin|Water\n|move|p1a: Palafin|Wave Crash|p2b: Iron Hands\n|-damage|p2b: Iron Hands|24\/100\n|-damage|p1a: Palafin|70\/100|[from] Recoil\n|move|p2b: Iron Hands|Swords Dance|p2b: Iron Hands\n|-boost|p2b: Iron Hands|atk|2\n|move|p2a: Amoonguss|Spore|p1a: Palafin\n|-status|p1a: Palafin|slp|[from] move: Spore\n|\n|upkeep\n|turn|9\n|l| pwny person\n|\n|t:|1683927116\n|switch|p1a: Arcanine|Arcanine, L50, F|100\/100 par\n|-ability|p1a: Arcanine|Intimidate|boost\n|-unboost|p2a: Amoonguss|atk|1\n|-unboost|p2b: Iron Hands|atk|1\n|move|p1b: Flutter Mane|Shadow Ball|p2b: Iron Hands\n|-damage|p2b: Iron Hands|0 fnt\n|faint|p2b: Iron Hands\n|-end|p2b: Iron Hands|Quark Drive|[silent]\n|move|p2a: Amoonguss|Spore|p1b: Flutter Mane\n|-status|p1b: Flutter Mane|slp|[from] move: Spore\n|\n|upkeep\n|\n|t:|1683927122\n|switch|p2b: Flutter Mane|Flutter Mane, L50|100\/100\n|-enditem|p2b: Flutter Mane|Booster Energy\n|-activate|p2b: Flutter Mane|ability: Protosynthesis|[fromitem]\n|-start|p2b: Flutter Mane|protosynthesisspe\n|turn|10\n|\n|t:|1683927156\n|-end|p1b: Flutter Mane|Protosynthesis|[silent]\n|switch|p1b: Amoonguss|Amoonguss, L50, F|100\/100\n|switch|p2a: Gyarados|Gyarados, L50, F|63\/100 brn\n|-ability|p2a: Gyarados|Intimidate|boost\n|-unboost|p1a: Arcanine|atk|1\n|-unboost|p1b: Amoonguss|atk|1\n|move|p2b: Flutter Mane|Shadow Ball|p1b: Amoonguss\n|-damage|p1b: Amoonguss|64\/100\n|cant|p1a: Arcanine|par\n|\n|-damage|p2a: Gyarados|57\/100 brn|[from] brn\n|upkeep\n|turn|11\n|\n|t:|1683927180\n|switch|p1a: Palafin|Palafin-Hero, L50, M, tera:Water|70\/100 slp\n|move|p2b: Flutter Mane|Substitute|p2b: Flutter Mane\n|-start|p2b: Flutter Mane|Substitute\n|-damage|p2b: Flutter Mane|76\/100\n|move|p2a: Gyarados|Taunt|p1b: Amoonguss\n|-start|p1b: Amoonguss|move: Taunt\n|move|p1b: Amoonguss|Pollen Puff|p1a: Palafin\n|-heal|p1a: Palafin|100\/100 slp\n|\n|-damage|p2a: Gyarados|51\/100 brn|[from] brn\n|upkeep\n|turn|12\n|l| Finabas\n|\n|t:|1683927210\n|switch|p2a: Amoonguss|Amoonguss, L50, F, shiny|100\/100\n|cant|p1a: Palafin|slp\n|move|p2b: Flutter Mane|Shadow Ball|p1b: Amoonguss\n|-damage|p1b: Amoonguss|28\/100\n|move|p1b: Amoonguss|Pollen Puff|p1a: Palafin\n|-immune|p1a: Palafin\n|\n|upkeep\n|turn|13\n|\n|t:|1683927240\n|switch|p1b: Flutter Mane|Flutter Mane, L50|100\/100 slp\n|move|p2b: Flutter Mane|Shadow Ball|p1b: Flutter Mane\n|-supereffective|p1b: Flutter Mane\n|-damage|p1b: Flutter Mane|23\/100 slp\n|cant|p1a: Palafin|slp\n|move|p2a: Amoonguss|Spore|p1a: Palafin\n|-fail|p1a: Palafin|slp\n|\n|upkeep\n|turn|14\n|\n|t:|1683927279\n|switch|p1a: Amoonguss|Amoonguss, L50, F|62\/100\n|move|p2b: Flutter Mane|Shadow Ball|p1b: Flutter Mane\n|-supereffective|p1b: Flutter Mane\n|-crit|p1b: Flutter Mane\n|-damage|p1b: Flutter Mane|0 fnt\n|faint|p1b: Flutter Mane\n|-end|p1b: Flutter Mane|Protosynthesis|[silent]\n|move|p2a: Amoonguss|Spore|p1a: Amoonguss\n|-immune|p1a: Amoonguss\n|\n|upkeep\n|\n|t:|1683927293\n|switch|p1b: Arcanine|Arcanine, L50, F|100\/100 par\n|-ability|p1b: Arcanine|Intimidate|boost\n|-unboost|p2a: Amoonguss|atk|1\n|-immune|p2b: Flutter Mane\n|turn|15\n|j| ZonXJ\n|l| I'm Beamed Up!\n|j| eughe\n|\n|t:|1683927332\n|switch|p1a: Palafin|Palafin-Hero, L50, M, tera:Water|100\/100 slp\n|switch|p2a: Gyarados|Gyarados, L50, F|51\/100 brn\n|-ability|p2a: Gyarados|Intimidate|boost\n|-unboost|p1a: Palafin|atk|1\n|-unboost|p1b: Arcanine|atk|1\n|move|p2b: Flutter Mane|Protect|p2b: Flutter Mane\n|-singleturn|p2b: Flutter Mane|Protect\n|move|p1b: Arcanine|Howl|p1b: Arcanine|[spread] p1a,p1b\n|-boost|p1a: Palafin|atk|1\n|-boost|p1b: Arcanine|atk|1\n|\n|-damage|p2a: Gyarados|45\/100 brn|[from] brn\n|upkeep\n|turn|16\n|j| I'm Beamed Up!\n|\n|t:|1683927411\n|-terastallize|p2b: Flutter Mane|Fairy\n|-curestatus|p1a: Palafin|slp|[msg]\n|move|p1a: Palafin|Jet Punch|p2b: Flutter Mane\n|-end|p2b: Flutter Mane|Substitute\n|move|p2b: Flutter Mane|Moonblast|p1a: Palafin\n|-crit|p1a: Palafin\n|-damage|p1a: Palafin|11\/100\n|move|p2a: Gyarados|Waterfall|p1b: Arcanine\n|-supereffective|p1b: Arcanine\n|-damage|p1b: Arcanine|68\/100 par\n|move|p1b: Arcanine|Flare Blitz|p2b: Flutter Mane\n|-damage|p2b: Flutter Mane|0 fnt\n|faint|p2b: Flutter Mane\n|-end|p2b: Flutter Mane|Protosynthesis|[silent]\n|-damage|p1b: Arcanine|51\/100 par|[from] Recoil\n|\n|-damage|p2a: Gyarados|39\/100 brn|[from] brn\n|upkeep\n|j| IchigoZangeCorner\n|\n|t:|1683927425\n|switch|p2b: Amoonguss|Amoonguss, L50, F, shiny|100\/100\n|turn|17\n|\n|t:|1683927439\n|switch|p1b: Amoonguss|Amoonguss, L50, F|95\/100\n|move|p1a: Palafin|Jet Punch|p2a: Gyarados\n|-resisted|p2a: Gyarados\n|-damage|p2a: Gyarados|9\/100 brn\n|-enditem|p2a: Gyarados|Aguav Berry|[eat]\n|-heal|p2a: Gyarados|42\/100 brn|[from] item: Aguav Berry\n|move|p2a: Gyarados|Waterfall|p1b: Amoonguss\n|-resisted|p1b: Amoonguss\n|-damage|p1b: Amoonguss|88\/100\n|-damage|p2a: Gyarados|25\/100 brn|[from] item: Rocky Helmet|[of] p1b: Amoonguss\n|move|p2b: Amoonguss|Pollen Puff|p2a: Gyarados\n|-heal|p2a: Gyarados|75\/100 brn\n|\n|-damage|p2a: Gyarados|69\/100 brn|[from] brn\n|upkeep\n|turn|18\n|\n|t:|1683927462\n|switch|p1a: Arcanine|Arcanine, L50, F|51\/100 par\n|-ability|p1a: Arcanine|Intimidate|boost\n|-unboost|p2a: Gyarados|atk|1\n|-unboost|p2b: Amoonguss|atk|1\n|move|p2a: Gyarados|Waterfall|p1a: Arcanine\n|-supereffective|p1a: Arcanine\n|-damage|p1a: Arcanine|26\/100 par\n|move|p1b: Amoonguss|Pollen Puff|p1a: Arcanine\n|-heal|p1a: Arcanine|76\/100 par\n|move|p2b: Amoonguss|Clear Smog|p1a: Arcanine\n|-damage|p1a: Arcanine|58\/100 par\n|-clearboost|p1a: Arcanine\n|\n|-damage|p2a: Gyarados|63\/100 brn|[from] brn\n|upkeep\n|turn|19\n|\n|t:|1683927479\n|move|p2a: Gyarados|Waterfall|p1a: Arcanine\n|-supereffective|p1a: Arcanine\n|-damage|p1a: Arcanine|35\/100 par\n|move|p1a: Arcanine|Howl|p1a: Arcanine|[spread] p1a,p1b\n|-boost|p1a: Arcanine|atk|1\n|-boost|p1b: Amoonguss|atk|1\n|move|p1b: Amoonguss|Pollen Puff|p1a: Arcanine\n|-heal|p1a: Arcanine|84\/100 par\n|move|p2b: Amoonguss|Pollen Puff|p2a: Gyarados\n|-heal|p2a: Gyarados|100\/100 brn\n|\n|-damage|p2a: Gyarados|94\/100 brn|[from] brn\n|upkeep\n|turn|20\n|\n|t:|1683927491\n|move|p1b: Amoonguss|Rage Powder|p1b: Amoonguss\n|-singleturn|p1b: Amoonguss|move: Rage Powder\n|move|p2a: Gyarados|Waterfall|p1b: Amoonguss\n|-resisted|p1b: Amoonguss\n|-damage|p1b: Amoonguss|83\/100\n|-damage|p2a: Gyarados|78\/100 brn|[from] item: Rocky Helmet|[of] p1b: Amoonguss\n|cant|p1a: Arcanine|par\n|move|p2b: Amoonguss|Clear Smog|p1a: Arcanine\n|-damage|p1a: Arcanine|69\/100 par\n|-clearboost|p1a: Arcanine\n|\n|-damage|p2a: Gyarados|72\/100 brn|[from] brn\n|upkeep\n|turn|21\n|l| IchigoZangeCorner\n|\n|t:|1683927513\n|move|p2a: Gyarados|Taunt|p1b: Amoonguss\n|-start|p1b: Amoonguss|move: Taunt\n|move|p1a: Arcanine|Flare Blitz|p2b: Amoonguss\n|-supereffective|p2b: Amoonguss\n|-damage|p2b: Amoonguss|21\/100\n|-enditem|p2b: Amoonguss|Sitrus Berry|[eat]\n|-heal|p2b: Amoonguss|46\/100|[from] item: Sitrus Berry\n|-damage|p1a: Arcanine|40\/100 par|[from] Recoil\n|move|p1b: Amoonguss|Pollen Puff|p1a: Arcanine\n|-heal|p1a: Arcanine|89\/100 par\n|move|p2b: Amoonguss|Clear Smog|p1a: Arcanine\n|-damage|p1a: Arcanine|72\/100 par\n|-clearboost|p1a: Arcanine\n|\n|-damage|p2a: Gyarados|66\/100 brn|[from] brn\n|upkeep\n|turn|22\n|\n|t:|1683927526\n|move|p2a: Gyarados|Waterfall|p1a: Arcanine\n|-supereffective|p1a: Arcanine\n|-damage|p1a: Arcanine|48\/100 par\n|move|p1a: Arcanine|Flare Blitz|p2b: Amoonguss\n|-supereffective|p2b: Amoonguss\n|-damage|p2b: Amoonguss|0 fnt\n|faint|p2b: Amoonguss\n|-damage|p1a: Arcanine|31\/100 par|[from] Recoil\n|move|p1b: Amoonguss|Pollen Puff|p1a: Arcanine\n|-heal|p1a: Arcanine|81\/100 par\n|\n|-damage|p2a: Gyarados|60\/100 brn|[from] brn\n|upkeep\n|turn|23\n|\n|t:|1683927535\n|move|p1a: Arcanine|Extreme Speed|p2a: Gyarados\n|-damage|p2a: Gyarados|39\/100 brn\n|move|p2a: Gyarados|Waterfall|p1a: Arcanine\n|-supereffective|p1a: Arcanine\n|-damage|p1a: Arcanine|58\/100 par\n|move|p1b: Amoonguss|Pollen Puff|p2a: Gyarados\n|-resisted|p2a: Gyarados\n|-damage|p2a: Gyarados|31\/100 brn\n|\n|-damage|p2a: Gyarados|25\/100 brn|[from] brn\n|-end|p1b: Amoonguss|move: Taunt\n|upkeep\n|turn|24\n|\n|t:|1683927540\n|move|p1a: Arcanine|Extreme Speed|p2a: Gyarados\n|-damage|p2a: Gyarados|5\/100 brn\n|move|p2a: Gyarados|Waterfall|p1a: Arcanine\n|-supereffective|p1a: Arcanine\n|-damage|p1a: Arcanine|36\/100 par\n|move|p1b: Amoonguss|Pollen Puff|p2a: Gyarados\n|-resisted|p2a: Gyarados\n|-damage|p2a: Gyarados|0 fnt\n|faint|p2a: Gyarados\n|\n|win|Zephyl\n|c|\u2606Bertigo|Gg\n|c|\u2606Zephyl|gg\n|l| ceree\n|l| eughe\n|j| Finabas\n|l| I'm Beamed Up!\n|l| iluvubb\n|l| Orangex733\n|l| pipppo\n|l|\u2606Bertigo\n|j|\u2606Bertigo\n|player|p2|Bertigo|#vgcwliikilowattrels\n|l| Finabas\n|l|\u2606Bertigo\n|player|p2|\n|l| baaaaat_\n","uploadtime":1683928159,"views":21,"p1id":"zephyl","p2id":"bertigo","formatid":"gen9vgc2023regulationc","rating":0,"private":0,"password":""}