{"id":"gen9vgc2023regulationc-1864313768","p1":"revocolombia","p2":"tu'ko delimo","format":"[Gen 9] VGC 2023 Regulation C","log":"|j|\u2606revocolombia\n|j|\u2606tu'ko delimo\n|t:|1684154069\n|gametype|doubles\n|player|p1|revocolombia|pokemonranger-gen4|1247\n|player|p2|tu'ko delimo|heroine2-conquest|1152\n|teamsize|p1|6\n|teamsize|p2|6\n|gen|9\n|tier|[Gen 9] VGC 2023 Regulation C\n|rated|\n|rule|Species Clause: Limit one of each Pok\u00e9mon\n|rule|Item Clause: Limit one of each item\n|clearpoke\n|poke|p1|Flutter Mane, L50|\n|poke|p1|Annihilape, L50, F|\n|poke|p1|Dragonite, L50, M|\n|poke|p1|Chien-Pao, L50|\n|poke|p1|Murkrow, L50, M|\n|poke|p1|Rotom-Wash, L50|\n|poke|p2|Murkrow, L50, M|\n|poke|p2|Corviknight, L50, M|\n|poke|p2|Armarouge, L50, F|\n|poke|p2|Gastrodon, L50, M|\n|poke|p2|Bronzong, L50|\n|poke|p2|Iron Hands, L50|\n|teampreview|4\n|inactive|Battle timer is ON: inactive players will automatically lose when time's up. (requested by tu'ko delimo)\n|\n|t:|1684154087\n|start\n|switch|p1a: Murkrow|Murkrow, L50, M|100\/100\n|switch|p1b: Annihilape|Annihilape, L50, F, shiny|100\/100\n|switch|p2a: Bronzong|Bronzong, L50|100\/100\n|switch|p2b: Armarouge|Armarouge, L50, F|100\/100\n|turn|1\n|\n|t:|1684154110\n|-terastallize|p1b: Annihilape|Fire\n|move|p2b: Armarouge|Protect|p2b: Armarouge\n|-singleturn|p2b: Armarouge|Protect\n|move|p1a: Murkrow|Taunt|p2a: Bronzong\n|-start|p2a: Bronzong|move: Taunt\n|move|p1b: Annihilape|Bulk Up|p1b: Annihilape\n|-boost|p1b: Annihilape|atk|1\n|-boost|p1b: Annihilape|def|1\n|cant|p2a: Bronzong|move: Taunt|Trick Room\n|\n|upkeep\n|turn|2\n|\n|t:|1684154130\n|move|p2b: Armarouge|Protect||[still]\n|-fail|p2b: Armarouge\n|move|p1a: Murkrow|Taunt|p2b: Armarouge\n|-start|p2b: Armarouge|move: Taunt\n|move|p1b: Annihilape|Bulk Up|p1b: Annihilape\n|-boost|p1b: Annihilape|atk|1\n|-boost|p1b: Annihilape|def|1\n|move|p2a: Bronzong|Rock Slide|p1b: Annihilape|[spread] p1a,p1b\n|-supereffective|p1a: Murkrow\n|-supereffective|p1b: Annihilape\n|-damage|p1a: Murkrow|65\/100\n|-damage|p1b: Annihilape|82\/100\n|\n|-heal|p1b: Annihilape|88\/100|[from] item: Leftovers\n|upkeep\n|turn|3\n|\n|t:|1684154155\n|switch|p1a: Dragonite|Dragonite, L50, M|100\/100\n|switch|p2b: Gastrodon|Gastrodon, L50, M|100\/100\n|move|p1b: Annihilape|Rage Fist|p2a: Bronzong\n|-supereffective|p2a: Bronzong\n|-damage|p2a: Bronzong|0 fnt\n|-damage|p1b: Annihilape|72\/100|[from] item: Rocky Helmet|[of] p2a: Bronzong\n|faint|p2a: Bronzong\n|\n|-heal|p1b: Annihilape|78\/100|[from] item: Leftovers\n|upkeep\n|\n|t:|1684154167\n|switch|p2a: Iron Hands|Iron Hands, L50|100\/100\n|turn|4\n|\n|t:|1684154180\n|move|p1b: Annihilape|Protect|p1b: Annihilape\n|-singleturn|p1b: Annihilape|Protect\n|move|p2a: Iron Hands|Fake Out|p1b: Annihilape\n|-activate|p1b: Annihilape|move: Protect\n|move|p1a: Dragonite|Dragon Dance|p1a: Dragonite\n|-boost|p1a: Dragonite|atk|1\n|-boost|p1a: Dragonite|spe|1\n|move|p2b: Gastrodon|Ice Beam|p1a: Dragonite\n|-supereffective|p1a: Dragonite\n|-damage|p1a: Dragonite|48\/100\n|\n|-heal|p1b: Annihilape|85\/100|[from] item: Leftovers\n|upkeep\n|turn|5\n|\n|t:|1684154203\n|move|p1a: Dragonite|Low Kick|p2a: Iron Hands\n|-damage|p2a: Iron Hands|47\/100\n|move|p1b: Annihilape|Rage Fist|p2b: Gastrodon\n|-damage|p2b: Gastrodon|14\/100\n|move|p2b: Gastrodon|Ice Beam|p1a: Dragonite\n|-supereffective|p1a: Dragonite\n|-damage|p1a: Dragonite|0 fnt\n|faint|p1a: Dragonite\n|move|p2a: Iron Hands|Wild Charge|p1b: Annihilape\n|-damage|p1b: Annihilape|57\/100\n|-damage|p2a: Iron Hands|40\/100|[from] Recoil\n|\n|-heal|p1b: Annihilape|63\/100|[from] item: Leftovers\n|-heal|p2b: Gastrodon|20\/100|[from] item: Leftovers\n|upkeep\n|\n|t:|1684154220\n|switch|p1a: Flutter Mane|Flutter Mane, L50|100\/100\n|-enditem|p1a: Flutter Mane|Booster Energy\n|-activate|p1a: Flutter Mane|ability: Protosynthesis|[fromitem]\n|-start|p1a: Flutter Mane|protosynthesisspe\n|turn|6\n|\n|t:|1684154233\n|move|p1a: Flutter Mane|Dazzling Gleam|p2b: Gastrodon|[spread] p2a,p2b\n|-supereffective|p2a: Iron Hands\n|-damage|p2a: Iron Hands|8\/100\n|-damage|p2b: Gastrodon|0 fnt\n|faint|p2b: Gastrodon\n|move|p1b: Annihilape|Rage Fist|p2a: Iron Hands\n|-damage|p2a: Iron Hands|0 fnt\n|faint|p2a: Iron Hands\n|-end|p2a: Iron Hands|Quark Drive|[silent]\n|\n|-heal|p1b: Annihilape|70\/100|[from] item: Leftovers\n|upkeep\n|\n|t:|1684154241\n|switch|p2b: Armarouge|Armarouge, L50, F|100\/100\n|turn|7\n|\n|t:|1684154250\n|-terastallize|p2b: Armarouge|Fire\n|move|p2b: Armarouge|Protect|p2b: Armarouge\n|-singleturn|p2b: Armarouge|Protect\n|move|p1a: Flutter Mane|Shadow Ball|p2b: Armarouge\n|-activate|p2b: Armarouge|move: Protect\n|move|p1b: Annihilape|Rage Fist|p2b: Armarouge\n|-activate|p2b: Armarouge|move: Protect\n|\n|-heal|p1b: Annihilape|76\/100|[from] item: Leftovers\n|upkeep\n|turn|8\n|\n|t:|1684154266\n|move|p1a: Flutter Mane|Shadow Ball|p2b: Armarouge\n|-damage|p2b: Armarouge|56\/100\n|move|p1b: Annihilape|Rage Fist|p2b: Armarouge\n|-damage|p2b: Armarouge|0 fnt\n|faint|p2b: Armarouge\n|\n|win|revocolombia\n|raw|revocolombia's rating: 1247 → 1265<\/strong> (+18 for winning)\n|raw|tu'ko delimo's rating: 1152 → 1134<\/strong> (-18 for losing)\n","uploadtime":1684154275,"views":8,"p1id":"revocolombia","p2id":"tukodelimo","formatid":"gen9vgc2023regulationc","rating":1134,"private":0,"password":""}