{"id":"gen9vgc2023regulationc-1852408570","p1":"Obvaltisobv","p2":"mathtass","format":"[Gen 9] VGC 2023 Regulation C","log":"|j|\u2606Obvaltisobv\n|j|\u2606mathtass\n|t:|1682553977\n|gametype|doubles\n|player|p1|Obvaltisobv|2|1347\n|player|p2|mathtass|170|1389\n|teamsize|p1|6\n|teamsize|p2|6\n|gen|9\n|tier|[Gen 9] VGC 2023 Regulation C\n|rated|\n|rule|Species Clause: Limit one of each Pok\u00e9mon\n|rule|Item Clause: Limit one of each item\n|clearpoke\n|poke|p1|Glimmora, L50, F|\n|poke|p1|Ting-Lu, L50|\n|poke|p1|Wo-Chien, L50|\n|poke|p1|Flutter Mane, L50|\n|poke|p1|Gyarados, L50, F|\n|poke|p1|Garganacl, L50, M|\n|poke|p2|Ting-Lu, L50|\n|poke|p2|Iron Bundle, L50|\n|poke|p2|Dragonite, L50, M|\n|poke|p2|Flutter Mane, L50|\n|poke|p2|Orthworm, L50, M|\n|poke|p2|Amoonguss, L50, F|\n|teampreview|4\nmathtass has agreed to open team sheets.\n|\n|t:|1682554000\n|start\n|switch|p1a: Glimmora|Glimmora, L50, F|100\/100\n|switch|p1b: Wo-Chien|Wo-Chien, L50|100\/100\n|switch|p2a: Ting-Lu|Ting-Lu, L50|100\/100\n|switch|p2b: Orthworm|Orthworm, L50, M, shiny|100\/100\n|-ability|p1b: Wo-Chien|Tablets of Ruin\n|-ability|p2a: Ting-Lu|Vessel of Ruin\n|turn|1\n|\n|t:|1682554026\n|move|p1a: Glimmora|Spiky Shield|p1a: Glimmora\n|-singleturn|p1a: Glimmora|move: Protect\n|move|p1b: Wo-Chien|Leech Seed|p2a: Ting-Lu\n|-start|p2a: Ting-Lu|move: Leech Seed\n|move|p2b: Orthworm|Iron Defense|p2b: Orthworm\n|-boost|p2b: Orthworm|def|2\n|move|p2a: Ting-Lu|Bulldoze|p1a: Glimmora|[spread] p1b\n|-activate|p1a: Glimmora|move: Protect\n|-immune|p2b: Orthworm|[from] ability: Earth Eater\n|-resisted|p1b: Wo-Chien\n|-damage|p1b: Wo-Chien|94\/100\n|-unboost|p1b: Wo-Chien|spe|1\n|\n|-heal|p1b: Wo-Chien|99\/100|[from] item: Leftovers\n|-damage|p2a: Ting-Lu|88\/100|[from] Leech Seed|[of] p1b: Wo-Chien\n|-heal|p1b: Wo-Chien|100\/100|[silent]\n|upkeep\n|turn|2\n|\n|t:|1682554060\n|switch|p2a: Flutter Mane|Flutter Mane, L50|100\/100\n|move|p1a: Glimmora|Mortal Spin|p2a: Flutter Mane|[spread] p2a\n|-immune|p2b: Orthworm\n|-damage|p2a: Flutter Mane|91\/100\n|-status|p2a: Flutter Mane|psn\n|-damage|p1a: Glimmora|91\/100|[from] item: Life Orb\n|move|p2b: Orthworm|Body Press|p1b: Wo-Chien\n|-supereffective|p1b: Wo-Chien\n|-damage|p1b: Wo-Chien|21\/100\n|move|p1b: Wo-Chien|Leech Seed|p2b: Orthworm\n|-start|p2b: Orthworm|move: Leech Seed\n|\n|-heal|p1b: Wo-Chien|27\/100|[from] item: Leftovers\n|-damage|p2b: Orthworm|88\/100|[from] Leech Seed|[of] p1b: Wo-Chien\n|-heal|p1b: Wo-Chien|39\/100|[silent]\n|-damage|p2a: Flutter Mane|79\/100 psn|[from] psn\n|upkeep\n|turn|3\n|\n|t:|1682554090\n|switch|p2b: Iron Bundle|Iron Bundle, L50|100\/100\n|-enditem|p2b: Iron Bundle|Booster Energy\n|-activate|p2b: Iron Bundle|ability: Quark Drive|[fromitem]\n|-start|p2b: Iron Bundle|quarkdrivespe\n|move|p1b: Wo-Chien|Protect|p1b: Wo-Chien\n|-singleturn|p1b: Wo-Chien|Protect\n|move|p2a: Flutter Mane|Shadow Ball|p1a: Glimmora\n|-damage|p1a: Glimmora|50\/100\n|move|p1a: Glimmora|Power Gem|p2a: Flutter Mane\n|-damage|p2a: Flutter Mane|24\/100 psn\n|-damage|p1a: Glimmora|40\/100|[from] item: Life Orb\n|\n|-heal|p1b: Wo-Chien|45\/100|[from] item: Leftovers\n|-damage|p2a: Flutter Mane|12\/100 psn|[from] psn\n|upkeep\n|turn|4\n|\n|t:|1682554106\n|switch|p1b: Garganacl|Garganacl, L50, M|100\/100\n|move|p1a: Glimmora|Spiky Shield|p1a: Glimmora\n|-singleturn|p1a: Glimmora|move: Protect\n|move|p2b: Iron Bundle|Hydro Pump|p1a: Glimmora\n|-activate|p1a: Glimmora|move: Protect\n|move|p2a: Flutter Mane|Dazzling Gleam|p1b: Garganacl|[spread] p1b\n|-activate|p1a: Glimmora|move: Protect\n|-damage|p1b: Garganacl|72\/100\n|\n|-damage|p2a: Flutter Mane|0 fnt|[from] psn\n|faint|p2a: Flutter Mane\n|-end|p2a: Flutter Mane|Protosynthesis|[silent]\n|upkeep\n|\n|t:|1682554114\n|switch|p2a: Orthworm|Orthworm, L50, M, shiny|88\/100\n|turn|5\n|\n|t:|1682554129\n|-terastallize|p2a: Orthworm|Fire\n|-terastallize|p1b: Garganacl|Water\n|move|p2b: Iron Bundle|Hydro Pump|p1b: Garganacl\n|-resisted|p1b: Garganacl\n|-damage|p1b: Garganacl|44\/100\n|move|p1a: Glimmora|Energy Ball|p2b: Iron Bundle\n|-supereffective|p2b: Iron Bundle\n|-damage|p2b: Iron Bundle|0 fnt\n|faint|p2b: Iron Bundle\n|-end|p2b: Iron Bundle|Quark Drive|[silent]\n|-damage|p1a: Glimmora|30\/100|[from] item: Life Orb\n|move|p2a: Orthworm|Iron Defense|p2a: Orthworm\n|-boost|p2a: Orthworm|def|2\n|move|p1b: Garganacl|Salt Cure|p2a: Orthworm\n|-supereffective|p2a: Orthworm\n|-damage|p2a: Orthworm|75\/100\n|-start|p2a: Orthworm|Salt Cure\n|\n|-damage|p2a: Orthworm|62\/100|[from] Salt Cure\n|upkeep\n|\n|t:|1682554139\n|switch|p2b: Ting-Lu|Ting-Lu, L50|88\/100\n|-ability|p2b: Ting-Lu|Vessel of Ruin\n|turn|6\n|\n|t:|1682554147\n|move|p1a: Glimmora|Mortal Spin|p2b: Ting-Lu|[spread] p2a,p2b\n|-resisted|p2b: Ting-Lu\n|-damage|p2a: Orthworm|60\/100\n|-damage|p2b: Ting-Lu|87\/100\n|-status|p2a: Orthworm|psn\n|-status|p2b: Ting-Lu|psn\n|-damage|p1a: Glimmora|21\/100|[from] item: Life Orb\n|move|p2a: Orthworm|Body Press|p1b: Garganacl\n|-damage|p1b: Garganacl|6\/100\n|move|p2b: Ting-Lu|Earthquake|p1b: Garganacl|[spread] p1a,p1b\n|-heal|p2a: Orthworm|85\/100 psn|[from] ability: Earth Eater|[of] p2b: Ting-Lu\n|-supereffective|p1a: Glimmora\n|-damage|p1a: Glimmora|0 fnt\n|-damage|p1b: Garganacl|0 fnt\n|-activate|p1a: Glimmora|ability: Toxic Debris\n|-sidestart|p2: mathtass|move: Toxic Spikes\n|faint|p1a: Glimmora\n|faint|p1b: Garganacl\n|\n|-damage|p2a: Orthworm|72\/100 psn|[from] psn\n|-damage|p2b: Ting-Lu|74\/100 psn|[from] psn\n|-damage|p2a: Orthworm|60\/100 psn|[from] Salt Cure\n|upkeep\n|\n|t:|1682554159\n|switch|p1a: Gyarados|Gyarados, L50, F|100\/100\n|switch|p1b: Wo-Chien|Wo-Chien, L50|45\/100\n|-ability|p1a: Gyarados|Intimidate|boost\n|-unboost|p2a: Orthworm|atk|1\n|-unboost|p2b: Ting-Lu|atk|1\n|-ability|p1b: Wo-Chien|Tablets of Ruin\n|turn|7\n|\n|t:|1682554169\n|move|p1b: Wo-Chien|Protect|p1b: Wo-Chien\n|-singleturn|p1b: Wo-Chien|Protect\n|move|p1a: Gyarados|Taunt|p2a: Orthworm\n|-start|p2a: Orthworm|move: Taunt\n|move|p2a: Orthworm|Body Press|p1b: Wo-Chien\n|-activate|p1b: Wo-Chien|move: Protect\n|move|p2b: Ting-Lu|Rock Slide|p1b: Wo-Chien|[spread] p1a\n|-activate|p1b: Wo-Chien|move: Protect\n|-supereffective|p1a: Gyarados\n|-damage|p1a: Gyarados|83\/100\n|\n|-heal|p1b: Wo-Chien|51\/100|[from] item: Leftovers\n|-damage|p2a: Orthworm|47\/100 psn|[from] psn\n|-damage|p2b: Ting-Lu|62\/100 psn|[from] psn\n|-damage|p2a: Orthworm|35\/100 psn|[from] Salt Cure\n|upkeep\n|-enditem|p2a: Orthworm|Sitrus Berry|[eat]\n|-heal|p2a: Orthworm|60\/100 psn|[from] item: Sitrus Berry\n|turn|8\n|\n|t:|1682554195\n|move|p1a: Gyarados|Waterfall|p2b: Ting-Lu\n|-supereffective|p2b: Ting-Lu\n|-damage|p2b: Ting-Lu|30\/100 psn\n|move|p1b: Wo-Chien|Substitute|p1b: Wo-Chien\n|-start|p1b: Wo-Chien|Substitute\n|-damage|p1b: Wo-Chien|26\/100\n|move|p2a: Orthworm|Body Press|p1b: Wo-Chien\n|-supereffective|p1b: Wo-Chien\n|-end|p1b: Wo-Chien|Substitute\n|cant|p2b: Ting-Lu|flinch\n|\n|-heal|p1b: Wo-Chien|33\/100|[from] item: Leftovers\n|-damage|p2a: Orthworm|47\/100 psn|[from] psn\n|-damage|p2b: Ting-Lu|18\/100 psn|[from] psn\n|-damage|p2a: Orthworm|35\/100 psn|[from] Salt Cure\n|upkeep\n|turn|9\n|\n|t:|1682554213\n|move|p1b: Wo-Chien|Protect|p1b: Wo-Chien\n|-singleturn|p1b: Wo-Chien|Protect\n|move|p1a: Gyarados|Waterfall|p2a: Orthworm\n|-supereffective|p2a: Orthworm\n|-damage|p2a: Orthworm|17\/100 psn\n|move|p2a: Orthworm|Body Press|p1b: Wo-Chien\n|-activate|p1b: Wo-Chien|move: Protect\n|move|p2b: Ting-Lu|Rock Slide|p1b: Wo-Chien|[spread] p1a\n|-activate|p1b: Wo-Chien|move: Protect\n|-supereffective|p1a: Gyarados\n|-damage|p1a: Gyarados|66\/100\n|\n|-heal|p1b: Wo-Chien|39\/100|[from] item: Leftovers\n|-damage|p2a: Orthworm|4\/100 psn|[from] psn\n|-damage|p2b: Ting-Lu|6\/100 psn|[from] psn\n|-damage|p2a: Orthworm|0 fnt|[from] Salt Cure\n|faint|p2a: Orthworm\n|upkeep\n|turn|10\n|\n|t:|1682554234\n|move|p1a: Gyarados|Waterfall|p2b: Ting-Lu\n|-supereffective|p2b: Ting-Lu\n|-damage|p2b: Ting-Lu|0 fnt\n|faint|p2b: Ting-Lu\n|\n|win|Obvaltisobv\n|raw|Obvaltisobv's rating: 1347 → 1369<\/strong> (+22 for winning)\n|raw|mathtass's rating: 1389 → 1367<\/strong> (-22 for losing)\n","uploadtime":1682554237,"views":18,"p1id":"obvaltisobv","p2id":"mathtass","formatid":"gen9vgc2023regulationc","rating":1367,"private":0,"password":""}