{"id":"gen9vgc2023regulationc-1854839207","p1":"ChiliTheDino","p2":"nightamara","format":"[Gen 9] VGC 2023 Regulation C","log":"|j|\u2606ChiliTheDino\n|j|\u2606nightamara\n|t:|1682872006\n|gametype|doubles\n|player|p1|ChiliTheDino|wallace|1194\n|player|p2|nightamara|greta-gen3|1224\n|teamsize|p1|6\n|teamsize|p2|6\n|gen|9\n|tier|[Gen 9] VGC 2023 Regulation C\n|rated|\n|rule|Species Clause: Limit one of each Pok\u00e9mon\n|rule|Item Clause: Limit one of each item\n|clearpoke\n|poke|p1|Palafin, L50, F|\n|poke|p1|Flutter Mane, L50|\n|poke|p1|Arcanine, L50, F|\n|poke|p1|Amoonguss, L50, M|\n|poke|p1|Ting-Lu, L50|\n|poke|p1|Roaring Moon, L50|\n|poke|p2|Scream Tail, L50|\n|poke|p2|Flutter Mane, L50|\n|poke|p2|Ting-Lu, L50|\n|poke|p2|Gothitelle, L50, F|\n|poke|p2|Arcanine, L50, M|\n|poke|p2|Palafin, L50, M|\n|teampreview|4\nnightamara has agreed to open team sheets.\n|inactive|Battle timer is ON: inactive players will automatically lose when time's up. (requested by nightamara)\n|inactive|ChiliTheDino has 60 seconds left.\n|\n|t:|1682872084\n|start\n|switch|p1a: Flutter Mane|Flutter Mane, L50|100\/100\n|switch|p1b: Palafin|Palafin, L50, F|100\/100\n|switch|p2a: Sung Jinah|Gothitelle, L50, F|100\/100\n|switch|p2b: Yoo Jinho|Arcanine, L50, M|100\/100\n|-ability|p2b: Yoo Jinho|Intimidate|boost\n|-unboost|p1a: Flutter Mane|atk|1\n|-unboost|p1b: Palafin|atk|1\n|turn|1\n|inactive|nightamara has 30 seconds left.\n|inactive|nightamara has 20 seconds left.\n|\n|t:|1682872124\n|move|p1b: Palafin|Protect|p1b: Palafin\n|-singleturn|p1b: Palafin|Protect\n|move|p2a: Sung Jinah|Protect|p2a: Sung Jinah\n|-singleturn|p2a: Sung Jinah|Protect\n|move|p1a: Flutter Mane|Shadow Ball|p2a: Sung Jinah\n|-activate|p2a: Sung Jinah|move: Protect\n|move|p2b: Yoo Jinho|Flare Blitz|p1a: Flutter Mane\n|-damage|p1a: Flutter Mane|0 fnt\n|faint|p1a: Flutter Mane\n|-end|p1a: Flutter Mane|Protosynthesis|[silent]\n|-damage|p2b: Yoo Jinho|78\/100|[from] Recoil\n|\n|upkeep\n|\n|t:|1682872131\n|switch|p1a: Ting-Lu|Ting-Lu, L50|100\/100\n|-ability|p1a: Ting-Lu|Vessel of Ruin\n|turn|2\n|\n|t:|1682872143\n|move|p2b: Yoo Jinho|Will-O-Wisp|p1b: Palafin\n|-status|p1b: Palafin|brn\n|move|p1b: Palafin|Wave Crash|p2b: Yoo Jinho\n|-supereffective|p2b: Yoo Jinho\n|-damage|p2b: Yoo Jinho|37\/100\n|-damage|p1b: Palafin|87\/100 brn|[from] Recoil\n|move|p2a: Sung Jinah|Heal Pulse|p2b: Yoo Jinho\n|-heal|p2b: Yoo Jinho|87\/100\n|move|p1a: Ting-Lu|Fissure|p2a: Sung Jinah|[miss]\n|-miss|p1a: Ting-Lu|p2a: Sung Jinah\n|\n|-damage|p1b: Palafin|82\/100 brn|[from] brn\n|upkeep\n|turn|3\n|\n|t:|1682872162\n|switch|p2b: Sung Suho|Scream Tail, L50|100\/100\n|-enditem|p2b: Sung Suho|Booster Energy\n|-activate|p2b: Sung Suho|ability: Protosynthesis|[fromitem]\n|-start|p2b: Sung Suho|protosynthesisspe\n|move|p2a: Sung Jinah|Protect|p2a: Sung Jinah\n|-singleturn|p2a: Sung Jinah|Protect\n|move|p1b: Palafin|Wave Crash|p2a: Sung Jinah\n|-activate|p2a: Sung Jinah|move: Protect\n|move|p1a: Ting-Lu|Stomping Tantrum|p2a: Sung Jinah\n|-activate|p2a: Sung Jinah|move: Protect\n|\n|-damage|p1b: Palafin|76\/100 brn|[from] brn\n|upkeep\n|turn|4\n|\n|t:|1682872186\n|move|p2b: Sung Suho|Disable|p1a: Ting-Lu\n|-start|p1a: Ting-Lu|Disable|Stomping Tantrum\n|move|p1b: Palafin|Wave Crash|p2a: Sung Jinah\n|-damage|p2a: Sung Jinah|84\/100\n|-damage|p1b: Palafin|71\/100 brn|[from] Recoil\n|move|p2a: Sung Jinah|Psychic|p1b: Palafin\n|-damage|p1b: Palafin|44\/100 brn\n|cant|p1a: Ting-Lu|Disable|Stomping Tantrum\n|\n|-damage|p1b: Palafin|39\/100 brn|[from] brn\n|upkeep\n|turn|5\n|-message|ChiliTheDino forfeited.\n|\n|win|nightamara\n|raw|ChiliTheDino's rating: 1194 → 1171<\/strong> (-23 for losing)\n|raw|nightamara's rating: 1224 → 1247<\/strong> (+23 for winning)\n|l|\u2606ChiliTheDino\n","uploadtime":1682872203,"views":13,"p1id":"chilithedino","p2id":"nightamara","formatid":"gen9vgc2023regulationc","rating":1171,"private":0,"password":""}