{"id":"gen9vgc2023regulationc-1857564116","p1":"Tyruntula","p2":"Petuniaveloz58","format":"[Gen 9] VGC 2023 Regulation C","log":"|j|\u2606Tyruntula\n|j|\u203dPetuniaveloz58\n|t:|1683208656\n|gametype|doubles\n|player|p1|Tyruntula|crasherwake|1509\n|player|p2|Petuniaveloz58|266|1624\n|teamsize|p1|6\n|teamsize|p2|6\n|gen|9\n|tier|[Gen 9] VGC 2023 Regulation C\n|rated|\n|rule|Species Clause: Limit one of each Pok\u00e9mon\n|rule|Item Clause: Limit one of each item\n|clearpoke\n|poke|p1|Amoonguss, L50, F|\n|poke|p1|Flutter Mane, L50|\n|poke|p1|Iron Hands, L50|\n|poke|p1|Gyarados, L50, M|\n|poke|p1|Chi-Yu, L50|\n|poke|p1|Baxcalibur, L50, M|\n|poke|p2|Orthworm, L50, M|\n|poke|p2|Dragonite, L50, M|\n|poke|p2|Ting-Lu, L50|\n|poke|p2|Gyarados, L50, F|\n|poke|p2|Flutter Mane, L50|\n|poke|p2|Chien-Pao, L50|\n|teampreview|4\n|c|\u2606Tyruntula|Contro silvio pellico\nTyruntula has agreed to open team sheets.\n|j| rovesciaporci\n|\n|t:|1683208716\n|start\n|switch|p1a: Chi-Yu|Chi-Yu, L50|100\/100\n|switch|p1b: Iron Hands|Iron Hands, L50|100\/100\n|switch|p2a: Ting-Lu|Ting-Lu, L50|100\/100\n|switch|p2b: Gyarados|Gyarados, L50, F|100\/100\n|-ability|p1a: Chi-Yu|Beads of Ruin\n|-ability|p2b: Gyarados|Intimidate|boost\n|-unboost|p1a: Chi-Yu|atk|1\n|-unboost|p1b: Iron Hands|atk|1\n|-ability|p2a: Ting-Lu|Vessel of Ruin\n|turn|1\n|c| rovesciaporci|mortal kombat\n|j| Il Mule\n|c|\u2606Tyruntula|Proviamo la lead peculiare\n|\n|t:|1683208751\n|-end|p1b: Iron Hands|Quark Drive|[silent]\n|switch|p1b: Gyarados|Gyarados, L50, M|100\/100\n|-ability|p1b: Gyarados|Intimidate|boost\n|-unboost|p2a: Ting-Lu|atk|1\n|-unboost|p2b: Gyarados|atk|1\n|-terastallize|p1a: Chi-Yu|Flying\n|move|p1a: Chi-Yu|Nasty Plot|p1a: Chi-Yu\n|-boost|p1a: Chi-Yu|spa|2\n|move|p2b: Gyarados|Thunder Wave|p1a: Chi-Yu\n|-status|p1a: Chi-Yu|par\n|move|p2a: Ting-Lu|Earthquake|p1a: Chi-Yu|[spread] \n|-immune|p2b: Gyarados\n|-immune|p1a: Chi-Yu\n|-immune|p1b: Gyarados\n|\n|upkeep\n|turn|2\n|c| rovesciaporci|pallone gonfiato\n|c| Il Mule|chy yu flying non esiste dai\n|\n|t:|1683208794\n|switch|p2a: Chien-Pao|Chien-Pao, L50|100\/100\n|-ability|p2a: Chien-Pao|Sword of Ruin\n|move|p2b: Gyarados|Waterfall|p1a: Chi-Yu\n|-damage|p1a: Chi-Yu|67\/100 par\n|move|p1b: Gyarados|Thunder Wave|p2b: Gyarados\n|-status|p2b: Gyarados|par\n|move|p1a: Chi-Yu|Dark Pulse|p2b: Gyarados\n|-damage|p2b: Gyarados|13\/100 par\n|\n|upkeep\n|turn|3\n|\n|t:|1683208810\n|switch|p1b: Iron Hands|Iron Hands, L50|100\/100\n|move|p2a: Chien-Pao|Protect|p2a: Chien-Pao\n|-singleturn|p2a: Chien-Pao|Protect\n|move|p1a: Chi-Yu|Protect|p1a: Chi-Yu\n|-singleturn|p1a: Chi-Yu|Protect\n|cant|p2b: Gyarados|par\n|\n|upkeep\n|turn|4\n|\n|t:|1683208831\n|-end|p1b: Iron Hands|Quark Drive|[silent]\n|switch|p1b: Gyarados|Gyarados, L50, M|100\/100\n|-ability|p1b: Gyarados|Intimidate|boost\n|-unboost|p2a: Chien-Pao|atk|1\n|-unboost|p2b: Gyarados|atk|1\n|switch|p2b: Ting-Lu|Ting-Lu, L50|100\/100\n|-ability|p2b: Ting-Lu|Vessel of Ruin\n|-terastallize|p2a: Chien-Pao|Ghost\n|move|p2a: Chien-Pao|Ice Spinner|p1a: Chi-Yu\n|-supereffective|p1a: Chi-Yu\n|-damage|p1a: Chi-Yu|0 fnt\n|faint|p1a: Chi-Yu\n|\n|upkeep\n|l| rovesciaporci\n|\n|t:|1683208851\n|switch|p1a: Iron Hands|Iron Hands, L50|100\/100\n|turn|5\n|j| iminsomuchpain\n|\n|t:|1683208861\n|switch|p2a: Gyarados|Gyarados, L50, F|13\/100 par\n|-ability|p2a: Gyarados|Intimidate|boost\n|-unboost|p1a: Iron Hands|atk|1\n|-unboost|p1b: Gyarados|atk|1\n|move|p1a: Iron Hands|Fake Out|p2b: Ting-Lu\n|-damage|p2b: Ting-Lu|94\/100\n|move|p1b: Gyarados|Thunder Wave|p2a: Gyarados\n|-fail|p2a: Gyarados|par\n|cant|p2b: Ting-Lu|flinch\n|\n|upkeep\n|turn|6\n|c|\u2606Tyruntula|Molto poco da fare\n|c| Il Mule|petunia lover\n|\n|t:|1683208890\n|move|p1b: Gyarados|Taunt|p2a: Gyarados\n|-start|p2a: Gyarados|move: Taunt\n|move|p2b: Ting-Lu|Earthquake|p1b: Gyarados|[spread] p1a\n|-immune|p2a: Gyarados\n|-immune|p1b: Gyarados\n|-supereffective|p1a: Iron Hands\n|-damage|p1a: Iron Hands|29\/100\n|move|p1a: Iron Hands|Drain Punch|p2b: Ting-Lu\n|-supereffective|p2b: Ting-Lu\n|-damage|p2b: Ting-Lu|58\/100\n|-heal|p1a: Iron Hands|46\/100|[from] drain|[of] p2b: Ting-Lu\n|cant|p2a: Gyarados|move: Taunt|Thunder Wave\n|\n|upkeep\n|turn|7\n|c|\u2606Tyruntula|Maiale\n|j| rovesciaporci\n|\n|t:|1683208925\n|move|p1b: Gyarados|Waterfall|p2b: Ting-Lu\n|-supereffective|p2b: Ting-Lu\n|-damage|p2b: Ting-Lu|27\/100\n|move|p2b: Ting-Lu|Earthquake|p1a: Iron Hands|[spread] p1a\n|-immune|p2a: Gyarados\n|-immune|p1b: Gyarados\n|-supereffective|p1a: Iron Hands\n|-damage|p1a: Iron Hands|0 fnt\n|faint|p1a: Iron Hands\n|-end|p1a: Iron Hands|Quark Drive|[silent]\n|cant|p2a: Gyarados|par\n|\n|upkeep\n|\n|t:|1683208935\n|switch|p1a: \ud83e\udd71\ud83c\udf46|Flutter Mane, L50|100\/100\n|turn|8\n|\n|t:|1683208946\n|move|p1a: \ud83e\udd71\ud83c\udf46|Dazzling Gleam|p2a: Gyarados|[spread] p2a,p2b\n|-supereffective|p2b: Ting-Lu\n|-damage|p2a: Gyarados|0 fnt\n|-damage|p2b: Ting-Lu|0 fnt\n|faint|p2a: Gyarados\n|faint|p2b: Ting-Lu\n|move|p1b: Gyarados|Waterfall|p2: Gyarados|[notarget]\n|-fail|p1b: Gyarados\n|\n|upkeep\n|c|\u2606Tyruntula|Mah\n|\n|t:|1683208954\n|switch|p2a: Chien-Pao|Chien-Pao, L50, tera:Ghost|100\/100\n|switch|p2b: Flutter Mane|Flutter Mane, L50|100\/100\n|-ability|p2a: Chien-Pao|Sword of Ruin\n|turn|9\n|c|\u2606Tyruntula|Tbolt spinner\n|\n|t:|1683208972\n|move|p2a: Chien-Pao|Ice Spinner|p1a: \ud83e\udd71\ud83c\udf46\n|-damage|p1a: \ud83e\udd71\ud83c\udf46|6\/100\n|move|p1a: \ud83e\udd71\ud83c\udf46|Dazzling Gleam|p2b: Flutter Mane|[spread] p2a,p2b\n|-damage|p2a: Chien-Pao|21\/100\n|-damage|p2b: Flutter Mane|59\/100\n|move|p2b: Flutter Mane|Thunderbolt|p1b: Gyarados\n|-supereffective|p1b: Gyarados\n|-damage|p1b: Gyarados|0 fnt\n|faint|p1b: Gyarados\n|\n|upkeep\n|turn|10\n|c| Il Mule|road to 1300\n|c|\u2606Tyruntula|Che palle\n|c| rovesciaporci|ah brule\n|\n|t:|1683208990\n|move|p2a: Chien-Pao|Sucker Punch|p1a: \ud83e\udd71\ud83c\udf46\n|-damage|p1a: \ud83e\udd71\ud83c\udf46|0 fnt\n|faint|p1a: \ud83e\udd71\ud83c\udf46\n|-end|p1a: \ud83e\udd71\ud83c\udf46|Protosynthesis|[silent]\n|\n|win|Petuniaveloz58\n|raw|Tyruntula's rating: 1509 → 1495<\/strong> (-14 for losing)\n|raw|Petuniaveloz58's rating: 1624 → 1638<\/strong> (+14 for winning)\n|c| iminsomuchpain|back to the lobby\n|c| rovesciaporci|tbolt su mane\n|l|\u2606Tyruntula\n|l| iminsomuchpain\n","uploadtime":1683209002,"views":10,"p1id":"tyruntula","p2id":"petuniaveloz58","formatid":"gen9vgc2023regulationc","rating":1495,"private":0,"password":""}