{"id":"gen9vgc2023regulationc-1864337431","p1":"CCManny","p2":"Magiplop","format":"[Gen 9] VGC 2023 Regulation C","log":"|j|\u2606CCManny\n|j|\u2606Magiplop\n|t:|1684157037\n|gametype|doubles\n|player|p1|CCManny|ethan|1314\n|player|p2|Magiplop|266|1368\n|teamsize|p1|6\n|teamsize|p2|6\n|gen|9\n|tier|[Gen 9] VGC 2023 Regulation C\n|rated|\n|rule|Species Clause: Limit one of each Pok\u00e9mon\n|rule|Item Clause: Limit one of each item\n|clearpoke\n|poke|p1|Maushold, L50|\n|poke|p1|Gholdengo, L50|\n|poke|p1|Corviknight, L50, F|\n|poke|p1|Palafin, L50, M|\n|poke|p1|Dragonite, L50, M|\n|poke|p1|Flutter Mane, L50|\n|poke|p2|Vivillon, L50, F|\n|poke|p2|Gyarados, L50, M|\n|poke|p2|Flutter Mane, L50|\n|poke|p2|Chien-Pao, L50|\n|poke|p2|Talonflame, L50, F|\n|poke|p2|Garchomp, L50, F|\n|teampreview|4\n|\n|t:|1684157065\n|start\n|switch|p1a: Palafin|Palafin, L50, M|100\/100\n|switch|p1b: Corviknight|Corviknight, L50, F|100\/100\n|switch|p2a: Cynthia|Garchomp, L50, F|100\/100\n|switch|p2b: Talonflame|Talonflame, L50, F|100\/100\n|turn|1\n|\n|t:|1684157085\n|detailschange|p1a: Palafin|Palafin-Hero, L50, M\n|switch|p1a: Maushold|Maushold, L50|100\/100\n|-terastallize|p1b: Corviknight|Fire\n|move|p2b: Talonflame|Overheat|p1b: Corviknight\n|-resisted|p1b: Corviknight\n|-damage|p1b: Corviknight|79\/100\n|-unboost|p2b: Talonflame|spa|2\n|-damage|p2b: Talonflame|91\/100|[from] item: Life Orb\n|move|p2a: Cynthia|Swords Dance|p2a: Cynthia\n|-boost|p2a: Cynthia|atk|2\n|move|p1b: Corviknight|Bulk Up|p1b: Corviknight\n|-boost|p1b: Corviknight|atk|1\n|-boost|p1b: Corviknight|def|1\n|\n|upkeep\n|turn|2\n|\n|t:|1684157105\n|move|p2b: Talonflame|Tailwind|p2b: Talonflame\n|-sidestart|p2: Magiplop|move: Tailwind\n|move|p2a: Cynthia|Earthquake|p1b: Corviknight|[spread] p1a,p1b\n|-immune|p2b: Talonflame\n|-supereffective|p1b: Corviknight\n|-damage|p1a: Maushold|34\/100\n|-damage|p1b: Corviknight|31\/100\n|-enditem|p1b: Corviknight|Sitrus Berry|[eat]\n|-heal|p1b: Corviknight|56\/100|[from] item: Sitrus Berry\n|move|p1a: Maushold|Super Fang|p2a: Cynthia|[miss]\n|-miss|p1a: Maushold|p2a: Cynthia\n|move|p1b: Corviknight|Brave Bird|p2a: Cynthia\n|-damage|p2a: Cynthia|36\/100\n|-damage|p1b: Corviknight|43\/100|[from] ability: Rough Skin|[of] p2a: Cynthia\n|-damage|p1b: Corviknight|22\/100|[from] Recoil\n|\n|upkeep\n|turn|3\n|\n|t:|1684157140\n|move|p2b: Talonflame|Brave Bird|p1a: Maushold\n|-damage|p1a: Maushold|0 fnt\n|faint|p1a: Maushold\n|-damage|p2b: Talonflame|78\/100|[from] Recoil\n|-damage|p2b: Talonflame|68\/100|[from] item: Life Orb\n|move|p2a: Cynthia|Earthquake|p1b: Corviknight|[spread] p1b\n|-immune|p2b: Talonflame\n|-supereffective|p1b: Corviknight\n|-damage|p1b: Corviknight|0 fnt\n|faint|p1b: Corviknight\n|\n|upkeep\n|\n|t:|1684157151\n|switch|p1a: Flutter Mane|Flutter Mane, L50|100\/100\n|switch|p1b: Palafin|Palafin-Hero, L50, M|100\/100\n|-activate|p1b: Palafin|ability: Zero to Hero\n|-enditem|p1a: Flutter Mane|Booster Energy\n|-activate|p1a: Flutter Mane|ability: Protosynthesis|[fromitem]\n|-start|p1a: Flutter Mane|protosynthesisspe\n|turn|4\n|\n|t:|1684157161\n|move|p2b: Talonflame|Quick Guard|p2b: Talonflame\n|-singleturn|p2b: Talonflame|Quick Guard\n|move|p1b: Palafin|Jet Punch|p2b: Talonflame\n|-activate|p2b: Talonflame|move: Quick Guard\n|move|p2a: Cynthia|Earthquake|p1a: Flutter Mane|[spread] p1a,p1b\n|-immune|p2b: Talonflame\n|-damage|p1a: Flutter Mane|2\/100\n|-damage|p1b: Palafin|41\/100\n|move|p1a: Flutter Mane|Shadow Ball|p2a: Cynthia\n|-damage|p2a: Cynthia|0 fnt\n|faint|p2a: Cynthia\n|\n|upkeep\n|\n|t:|1684157181\n|switch|p2a: Sada|Flutter Mane, L50|100\/100\n|-enditem|p2a: Sada|Booster Energy\n|-activate|p2a: Sada|ability: Protosynthesis|[fromitem]\n|-start|p2a: Sada|protosynthesisspe\n|turn|5\n|\n|t:|1684157192\n|-terastallize|p2a: Sada|Water\n|move|p1a: Flutter Mane|Protect|p1a: Flutter Mane\n|-singleturn|p1a: Flutter Mane|Protect\n|move|p1b: Palafin|Protect|p1b: Palafin\n|-singleturn|p1b: Palafin|Protect\n|move|p2a: Sada|Dazzling Gleam|p1a: Flutter Mane|[spread] \n|-activate|p1a: Flutter Mane|move: Protect\n|-activate|p1b: Palafin|move: Protect\n|move|p2b: Talonflame|Brave Bird|p1b: Palafin\n|-activate|p1b: Palafin|move: Protect\n|\n|-sideend|p2: Magiplop|move: Tailwind\n|upkeep\n|turn|6\n|\n|t:|1684157207\n|move|p1b: Palafin|Jet Punch|p2b: Talonflame\n|-supereffective|p2b: Talonflame\n|-damage|p2b: Talonflame|0 fnt\n|faint|p2b: Talonflame\n|move|p2a: Sada|Dazzling Gleam|p1b: Palafin|[spread] p1a,p1b\n|-damage|p1a: Flutter Mane|0 fnt\n|-damage|p1b: Palafin|9\/100\n|faint|p1a: Flutter Mane\n|-end|p1a: Flutter Mane|Protosynthesis|[silent]\n|\n|upkeep\n|\n|t:|1684157213\n|switch|p2b: Chien-Pao|Chien-Pao, L50|100\/100\n|-ability|p2b: Chien-Pao|Sword of Ruin\n|-item|p2b: Chien-Pao|Air Balloon\n|turn|7\n|\n|t:|1684157220\n|move|p2b: Chien-Pao|Sucker Punch|p1b: Palafin\n|-damage|p1b: Palafin|0 fnt\n|faint|p1b: Palafin\n|\n|win|Magiplop\n|raw|CCManny's rating: 1314 → 1297<\/strong> (-17 for losing)\n|raw|Magiplop's rating: 1368 → 1385<\/strong> (+17 for winning)\n|l|\u2606CCManny\n","uploadtime":1684157241,"views":8,"p1id":"ccmanny","p2id":"magiplop","formatid":"gen9vgc2023regulationc","rating":1297,"private":0,"password":""}