{"id":"gen9vgc2023regulationc-1849985166","p1":"E179","p2":"absolic22","format":"[Gen 9] VGC 2023 Regulation C","log":"|j|\u2606E179\n|j|\u2606absolic22\n|t:|1682275098\n|gametype|doubles\n|player|p1|E179|170|1259\n|player|p2|absolic22|barry|1323\n|teamsize|p1|6\n|teamsize|p2|6\n|gen|9\n|tier|[Gen 9] VGC 2023 Regulation C\n|rated|\n|rule|Species Clause: Limit one of each Pok\u00e9mon\n|rule|Item Clause: Limit one of each item\n|clearpoke\n|poke|p1|Orthworm, L50, F|\n|poke|p1|Dragonite, L50, F|\n|poke|p1|Ting-Lu, L50|\n|poke|p1|Gyarados, L50, M|\n|poke|p1|Flutter Mane, L50|\n|poke|p1|Chien-Pao, L50|\n|poke|p2|Iron Hands, L50|\n|poke|p2|Gyarados, L50, M|\n|poke|p2|Scizor, L50, F|\n|poke|p2|Dragonite, L50, F|\n|poke|p2|Chien-Pao, L50|\n|poke|p2|Amoonguss, L50, M|\n|teampreview|4\n|inactive|Battle timer is ON: inactive players will automatically lose when time's up. (requested by absolic22)\n|inactive|absolic22 has 60 seconds left.\n|\n|t:|1682275149\n|start\n|switch|p1a: Orthworm|Orthworm, L50, F|100\/100\n|switch|p1b: Gyarados|Gyarados, L50, M|100\/100\n|switch|p2a: Scizor|Scizor, L50, F|100\/100\n|switch|p2b: Gyarados|Gyarados, L50, M|100\/100\n|-ability|p1b: Gyarados|Intimidate|boost\n|-fail|p2a: Scizor|unboost|[from] item: Clear Amulet|[of] p2a: Scizor\n|-unboost|p2b: Gyarados|atk|1\n|-ability|p2b: Gyarados|Intimidate|boost\n|-unboost|p1a: Orthworm|atk|1\n|-unboost|p1b: Gyarados|atk|1\n|turn|1\n|inactive|E179 has 30 seconds left.\n|inactive|E179 has 20 seconds left.\n|inactive|E179 has 15 seconds left.\n|inactive|E179 has 10 seconds left.\n|\n|t:|1682275195\n|move|p1b: Gyarados|Thunder Wave|p2b: Gyarados\n|-status|p2b: Gyarados|par\n|move|p1a: Orthworm|Iron Defense|p1a: Orthworm\n|-boost|p1a: Orthworm|def|2\n|move|p2a: Scizor|U-turn|p1a: Orthworm\n|-resisted|p1a: Orthworm\n|-damage|p1a: Orthworm|94\/100\n|\n|t:|1682275206\n|switch|p2a: Dragonite|Dragonite, L50, F|100\/100|[from] U-turn\n|move|p2b: Gyarados|Taunt|p1a: Orthworm\n|-start|p1a: Orthworm|move: Taunt\n|\n|upkeep\n|turn|2\n|inactive|absolic22 has 30 seconds left.\n|\n|t:|1682275236\n|switch|p1a: Ting-Lu|Ting-Lu, L50|100\/100\n|-ability|p1a: Ting-Lu|Vessel of Ruin\n|move|p1b: Gyarados|Taunt|p2b: Gyarados\n|-start|p2b: Gyarados|move: Taunt\n|move|p2a: Dragonite|Earthquake|p1a: Ting-Lu|[spread] p1a\n|-immune|p2b: Gyarados\n|-immune|p1b: Gyarados\n|-damage|p1a: Ting-Lu|72\/100\n|cant|p2b: Gyarados|move: Taunt|Thunder Wave\n|\n|upkeep\n|turn|3\n|inactive|absolic22 has 30 seconds left.\n|\n|t:|1682275263\n|switch|p2a: Scizor|Scizor, L50, F|100\/100\n|move|p1b: Gyarados|Thunder Wave|p2a: Scizor\n|-status|p2a: Scizor|par\n|move|p1a: Ting-Lu|Rock Slide|p2b: Gyarados|[spread] p2a,p2b\n|-supereffective|p2b: Gyarados\n|-damage|p2a: Scizor|76\/100 par\n|-damage|p2b: Gyarados|40\/100 par\n|move|p2b: Gyarados|Waterfall|p1a: Ting-Lu\n|-supereffective|p1a: Ting-Lu\n|-damage|p1a: Ting-Lu|36\/100\n|\n|upkeep\n|turn|4\n|\n|t:|1682275287\n|switch|p1a: Orthworm|Orthworm, L50, F|94\/100\n|move|p2a: Scizor|Bullet Punch|p1a: Orthworm\n|-resisted|p1a: Orthworm\n|-damage|p1a: Orthworm|81\/100\n|move|p1b: Gyarados|Bulldoze|p2b: Gyarados|[spread] p2a\n|-heal|p1a: Orthworm|100\/100|[from] ability: Earth Eater|[of] p1b: Gyarados\n|-immune|p2b: Gyarados\n|-damage|p2a: Scizor|68\/100 par\n|move|p2b: Gyarados|Waterfall|p1a: Orthworm\n|-damage|p1a: Orthworm|82\/100\n|\n|-end|p2b: Gyarados|move: Taunt\n|upkeep\n|turn|5\n|inactive|absolic22 has 30 seconds left.\n|inactive|absolic22 has 20 seconds left.\n|\n|t:|1682275325\n|-terastallize|p2a: Scizor|Fire\n|move|p1b: Gyarados|Taunt|p2b: Gyarados\n|-start|p2b: Gyarados|move: Taunt\n|move|p1a: Orthworm|Iron Defense|p1a: Orthworm\n|-boost|p1a: Orthworm|def|2\n|cant|p2b: Gyarados|par\n|cant|p2a: Scizor|par\n|\n|upkeep\n|turn|6\n|inactive|E179 has 30 seconds left.\n|inactive|E179 has 20 seconds left.\n|\n|t:|1682275360\n|move|p1b: Gyarados|Waterfall|p2a: Scizor\n|-supereffective|p2a: Scizor\n|-damage|p2a: Scizor|26\/100 par\n|move|p1a: Orthworm|Shed Tail|p1a: Orthworm\n|-start|p1a: Orthworm|Substitute|[from] move: Shed Tail\n|-damage|p1a: Orthworm|32\/100\n|-enditem|p1a: Orthworm|Sitrus Berry|[eat]\n|-heal|p1a: Orthworm|57\/100|[from] item: Sitrus Berry\n|\n|t:|1682275370\n|switch|p1a: Dragonite|Dragonite, L50, F|100\/100|[from] Shed Tail\n|move|p2b: Gyarados|Waterfall|p1a: Dragonite\n|-resisted|p1a: Dragonite\n|-activate|p1a: Dragonite|move: Substitute|[damage]\n|cant|p2a: Scizor|flinch\n|\n|upkeep\n|turn|7\n|\n|t:|1682275387\n|cant|p2a: Scizor|par\n|move|p1a: Dragonite|Dragon Dance|p1a: Dragonite\n|-boost|p1a: Dragonite|atk|1\n|-boost|p1a: Dragonite|spe|1\n|move|p1b: Gyarados|Waterfall|p2a: Scizor\n|-supereffective|p2a: Scizor\n|-damage|p2a: Scizor|0 fnt\n|faint|p2a: Scizor\n|move|p2b: Gyarados|Waterfall|p1a: Dragonite\n|-resisted|p1a: Dragonite\n|-activate|p1a: Dragonite|move: Substitute|[damage]\n|\n|-end|p2b: Gyarados|move: Taunt\n|upkeep\n|\n|t:|1682275402\n|switch|p2a: Dragonite|Dragonite, L50, F|100\/100\n|turn|8\n|\n|t:|1682275412\n|move|p2a: Dragonite|Extreme Speed|p1b: Gyarados\n|-damage|p1b: Gyarados|54\/100\n|move|p1a: Dragonite|Dragon Dance|p1a: Dragonite\n|-boost|p1a: Dragonite|atk|1\n|-boost|p1a: Dragonite|spe|1\n|move|p1b: Gyarados|Thunder Wave|p2a: Dragonite\n|-status|p2a: Dragonite|par\n|move|p2b: Gyarados|Waterfall|p1a: Dragonite\n|-resisted|p1a: Dragonite\n|-activate|p1a: Dragonite|move: Substitute|[damage]\n|\n|upkeep\n|turn|9\n|inactive|E179 has 30 seconds left.\n|inactive|E179 has 20 seconds left.\n|\n|t:|1682275452\n|switch|p1b: Orthworm|Orthworm, L50, F|57\/100\n|-terastallize|p1a: Dragonite|Flying\n|move|p2a: Dragonite|Extreme Speed|p1a: Dragonite\n|-end|p1a: Dragonite|Substitute\n|move|p1a: Dragonite|Tera Blast|p2a: Dragonite\n|-damage|p2a: Dragonite|0 fnt\n|faint|p2a: Dragonite\n|cant|p2b: Gyarados|par\n|\n|upkeep\n|\n|t:|1682275465\n|switch|p2a: Chien-Pao|Chien-Pao, L50|100\/100\n|-ability|p2a: Chien-Pao|Sword of Ruin\n|turn|10\n|\n|t:|1682275478\n|switch|p1b: Gyarados|Gyarados, L50, M|54\/100\n|-ability|p1b: Gyarados|Intimidate|boost\n|-unboost|p2a: Chien-Pao|atk|1\n|-unboost|p2b: Gyarados|atk|1\n|move|p1a: Dragonite|Extreme Speed|p2a: Chien-Pao\n|-damage|p2a: Chien-Pao|27\/100\n|move|p2a: Chien-Pao|Sacred Sword|p1b: Gyarados\n|-resisted|p1b: Gyarados\n|-damage|p1b: Gyarados|42\/100\n|move|p2b: Gyarados|Thunder Wave|p1a: Dragonite\n|-status|p1a: Dragonite|par\n|-enditem|p1a: Dragonite|Lum Berry|[eat]\n|-curestatus|p1a: Dragonite|par|[msg]\n|\n|upkeep\n|turn|11\n|inactive|E179 has 30 seconds left.\n|\n|t:|1682275503\n|move|p1a: Dragonite|Extreme Speed|p2b: Gyarados\n|-damage|p2b: Gyarados|0 fnt\n|faint|p2b: Gyarados\n|move|p2a: Chien-Pao|Sucker Punch||[still]\n|-fail|p2a: Chien-Pao\n|move|p1b: Gyarados|Waterfall|p2a: Chien-Pao\n|-damage|p2a: Chien-Pao|0 fnt\n|faint|p2a: Chien-Pao\n|\n|win|E179\n|raw|E179's rating: 1259 → 1289<\/strong> (+30 for winning)\n|raw|absolic22's rating: 1323 → 1299<\/strong> (-24 for losing)\n","uploadtime":1682275512,"views":6,"p1id":"e179","p2id":"absolic22","formatid":"gen9vgc2023regulationc","rating":1289,"private":0,"password":""}