{"id":"gen9vgc2023regulationc-1852654129","p1":"Fioty","p2":"SleepyBadGirl","format":"[Gen 9] VGC 2023 Regulation C","log":"|j|\u2606Fioty\n|j|\u2606SleepyBadGirl\n|t:|1682591785\n|gametype|doubles\n|player|p1|Fioty|170|1538\n|player|p2|SleepyBadGirl|nate|1635\n|teamsize|p1|6\n|teamsize|p2|6\n|gen|9\n|tier|[Gen 9] VGC 2023 Regulation C\n|rated|\n|rule|Species Clause: Limit one of each Pok\u00e9mon\n|rule|Item Clause: Limit one of each item\n|clearpoke\n|poke|p1|Maushold, L50|\n|poke|p1|Annihilape, L50, M|\n|poke|p1|Arcanine, L50, M|\n|poke|p1|Iron Bundle, L50|\n|poke|p1|Roaring Moon, L50|\n|poke|p1|Flutter Mane, L50|\n|poke|p2|Talonflame, L50, F|\n|poke|p2|Chi-Yu, L50|\n|poke|p2|Iron Bundle, L50|\n|poke|p2|Flutter Mane, L50|\n|poke|p2|Abomasnow, L50, M|\n|poke|p2|Garchomp, L50, F|\n|teampreview|4\nFioty has agreed to open team sheets.\n|inactive|Battle timer is ON: inactive players will automatically lose when time's up. (requested by SleepyBadGirl)\n|inactive|Fioty has 60 seconds left.\n|\n|t:|1682591845\n|start\n|switch|p1a: Arcanine|Arcanine, L50, M|100\/100\n|switch|p1b: Iron Bundle|Iron Bundle, L50|100\/100\n|switch|p2a: Talonflame|Talonflame, L50, F|100\/100\n|switch|p2b: Garchomp|Garchomp, L50, F|100\/100\n|-ability|p1a: Arcanine|Intimidate|boost\n|-unboost|p2a: Talonflame|atk|1\n|-fail|p2b: Garchomp|unboost|[from] item: Clear Amulet|[of] p2b: Garchomp\n|turn|1\n|\n|t:|1682591870\n|-terastallize|p2b: Garchomp|Fire\n|-terastallize|p1a: Arcanine|Grass\n|move|p2a: Talonflame|Tailwind|p2a: Talonflame\n|-sidestart|p2: SleepyBadGirl|move: Tailwind\n|move|p2b: Garchomp|Swords Dance|p2b: Garchomp\n|-boost|p2b: Garchomp|atk|2\n|move|p1b: Iron Bundle|Hydro Pump|p2b: Garchomp\n|-supereffective|p2b: Garchomp\n|-damage|p2b: Garchomp|0 fnt\n|faint|p2b: Garchomp\n|move|p1a: Arcanine|Will-O-Wisp|p2a: Talonflame\n|-immune|p2a: Talonflame\n|\n|upkeep\n|\n|t:|1682591887\n|switch|p2b: Iron Bundle|Iron Bundle, L50|100\/100\n|turn|2\n|\n|t:|1682591900\n|switch|p2a: Abomasnow|Abomasnow, L50, M|100\/100\n|-weather|Snow|[from] ability: Snow Warning|[of] p2a: Abomasnow\n|move|p1a: Arcanine|Extreme Speed|p2b: Iron Bundle\n|-damage|p2b: Iron Bundle|83\/100\n|move|p2b: Iron Bundle|Blizzard|p1b: Iron Bundle|[spread] p1a,p1b\n|-supereffective|p1a: Arcanine\n|-crit|p1a: Arcanine\n|-resisted|p1b: Iron Bundle\n|-damage|p1a: Arcanine|0 fnt\n|-damage|p1b: Iron Bundle|67\/100\n|faint|p1a: Arcanine\n|move|p1b: Iron Bundle|Freeze-Dry|p2b: Iron Bundle\n|-damage|p2b: Iron Bundle|16\/100\n|\n|-weather|Snow|[upkeep]\n|upkeep\n|\n|t:|1682591915\n|switch|p1a: Annihilape|Annihilape, L50, M|100\/100\n|turn|3\n|\n|t:|1682591932\n|move|p2a: Abomasnow|Helping Hand|p2b: Iron Bundle\n|-singleturn|p2b: Iron Bundle|Helping Hand|[of] p2a: Abomasnow\n|move|p2b: Iron Bundle|Blizzard|p1b: Iron Bundle|[spread] p1a,p1b\n|-crit|p1a: Annihilape\n|-resisted|p1b: Iron Bundle\n|-damage|p1a: Annihilape|0 fnt\n|-damage|p1b: Iron Bundle|20\/100\n|faint|p1a: Annihilape\n|move|p1b: Iron Bundle|Freeze-Dry|p2b: Iron Bundle\n|-damage|p2b: Iron Bundle|0 fnt\n|faint|p2b: Iron Bundle\n|-end|p2b: Iron Bundle|Quark Drive|[silent]\n|\n|-weather|Snow|[upkeep]\n|upkeep\n|\n|t:|1682591943\n|switch|p2b: Talonflame|Talonflame, L50, F|100\/100\n|switch|p1a: Roaring Moon|Roaring Moon, L50|100\/100\n|-enditem|p1a: Roaring Moon|Booster Energy\n|-activate|p1a: Roaring Moon|ability: Protosynthesis|[fromitem]\n|-start|p1a: Roaring Moon|protosynthesisspe\n|turn|4\n|\n|t:|1682591960\n|move|p2b: Talonflame|Will-O-Wisp|p1a: Roaring Moon\n|-status|p1a: Roaring Moon|brn\n|move|p1a: Roaring Moon|Breaking Swipe|p2b: Talonflame|[spread] p2a,p2b\n|-crit|p2b: Talonflame\n|-damage|p2a: Abomasnow|90\/100\n|-damage|p2b: Talonflame|79\/100\n|-unboost|p2a: Abomasnow|atk|1\n|-unboost|p2b: Talonflame|atk|1\n|-damage|p1a: Roaring Moon|84\/100 brn|[from] item: Rocky Helmet|[of] p2b: Talonflame\n|move|p2a: Abomasnow|Blizzard|p1a: Roaring Moon|[spread] p1a,p1b\n|-supereffective|p1a: Roaring Moon\n|-resisted|p1b: Iron Bundle\n|-damage|p1a: Roaring Moon|15\/100 brn\n|-damage|p1b: Iron Bundle|0 fnt\n|faint|p1b: Iron Bundle\n|-end|p1b: Iron Bundle|Quark Drive|[silent]\n|\n|-weather|Snow|[upkeep]\n|-damage|p1a: Roaring Moon|9\/100 brn|[from] brn\n|-sideend|p2: SleepyBadGirl|move: Tailwind\n|upkeep\n|turn|5\n|-message|Fioty forfeited.\n|\n|win|SleepyBadGirl\n|raw|Fioty's rating: 1538 → 1523<\/strong> (-15 for losing)\n|raw|SleepyBadGirl's rating: 1635 → 1650<\/strong> (+15 for winning)\n|l|\u2606Fioty\n","uploadtime":1682591984,"views":9,"p1id":"fioty","p2id":"sleepybadgirl","formatid":"gen9vgc2023regulationc","rating":1523,"private":0,"password":""}