{"id":"gen9vgc2023regulationc-1845350380","p1":"FerdiVGC","p2":"VGC_ale","format":"[Gen 9] VGC 2023 Regulation C","log":"|j|\u2606FerdiVGC\n|j|\u2606VGC_ale\n|t:|1681719747\n|gametype|doubles\n|player|p1|FerdiVGC|266|1464\n|player|p2|VGC_ale|ninjaboy|1517\n|teamsize|p1|6\n|teamsize|p2|6\n|gen|9\n|tier|[Gen 9] VGC 2023 Regulation C\n|rated|\n|rule|Species Clause: Limit one of each Pok\u00e9mon\n|rule|Item Clause: Limit one of each item\n|clearpoke\n|poke|p1|Houndstone, L50, F|\n|poke|p1|Tyranitar, L50, F|\n|poke|p1|Gyarados, L50, M|\n|poke|p1|Palafin, L50, F|\n|poke|p1|Flutter Mane, L50|\n|poke|p1|Amoonguss, L50, M|\n|poke|p2|Great Tusk, L50|\n|poke|p2|Dragonite, L50, M|\n|poke|p2|Chien-Pao, L50|\n|poke|p2|Flutter Mane, L50|\n|poke|p2|Corviknight, L50, F|\n|poke|p2|Rotom-Wash, L50|\n|teampreview|4\n|\n|t:|1681719771\n|start\n|switch|p1a: Houndstone|Houndstone, L50, F|100\/100\n|switch|p1b: Palafin|Palafin, L50, F|100\/100\n|switch|p2a: Corviknight|Corviknight, L50, F, shiny|100\/100\n|switch|p2b: Rotom|Rotom-Wash, L50|100\/100\n|turn|1\n|inactive|Battle timer is ON: inactive players will automatically lose when time's up. (requested by FerdiVGC)\n|\n|t:|1681719794\n|detailschange|p1b: Palafin|Palafin-Hero, L50, F\n|switch|p1b: Tyranitar|Tyranitar, L50, F|100\/100\n|-weather|Sandstorm|[from] ability: Sand Stream|[of] p1b: Tyranitar\n|move|p1a: Houndstone|Will-O-Wisp|p2a: Corviknight\n|-status|p2a: Corviknight|brn\n|move|p2b: Rotom|Hydro Pump|p1b: Tyranitar\n|-supereffective|p1b: Tyranitar\n|-damage|p1b: Tyranitar|62\/100\n|move|p2a: Corviknight|Bulk Up|p2a: Corviknight\n|-boost|p2a: Corviknight|atk|1\n|-boost|p2a: Corviknight|def|1\n|\n|-weather|Sandstorm|[upkeep]\n|-damage|p2b: Rotom|95\/100|[from] Sandstorm\n|-damage|p2a: Corviknight|95\/100 brn|[from] brn\n|upkeep\n|turn|2\n|inactive|FerdiVGC has 30 seconds left.\n|inactive|FerdiVGC has 20 seconds left.\n|inactive|VGC_ale has 30 seconds left.\n|\n|t:|1681719832\n|-terastallize|p1b: Tyranitar|Flying\n|move|p1a: Houndstone|Howl|p1a: Houndstone|[spread] p1a,p1b\n|-boost|p1a: Houndstone|atk|1\n|-boost|p1b: Tyranitar|atk|1\n|move|p2b: Rotom|Volt Switch|p1b: Tyranitar\n|-supereffective|p1b: Tyranitar\n|-damage|p1b: Tyranitar|20\/100\n|\n|t:|1681719840\n|switch|p2b: Dragonite|Dragonite, L50, M|100\/100|[from] Volt Switch\n|move|p2a: Corviknight|Bulk Up|p2a: Corviknight\n|-boost|p2a: Corviknight|atk|1\n|-boost|p2a: Corviknight|def|1\n|move|p1b: Tyranitar|Tera Blast|p2b: Dragonite\n|-damage|p2b: Dragonite|68\/100\n|\n|-weather|Sandstorm|[upkeep]\n|-damage|p2b: Dragonite|62\/100|[from] Sandstorm\n|-damage|p1b: Tyranitar|15\/100|[from] Sandstorm\n|-damage|p2a: Corviknight|89\/100 brn|[from] brn\n|upkeep\n|turn|3\n|j| Hyanryu\n|inactive|VGC_ale has 30 seconds left.\n|\n|t:|1681719867\n|switch|p1b: Palafin|Palafin-Hero, L50, F|100\/100\n|-activate|p1b: Palafin|ability: Zero to Hero\n|-terastallize|p2b: Dragonite|Normal\n|move|p2b: Dragonite|Extreme Speed|p1b: Palafin\n|-damage|p1b: Palafin|61\/100\n|move|p1a: Houndstone|Will-O-Wisp|p2b: Dragonite\n|-status|p2b: Dragonite|brn\n|-enditem|p2b: Dragonite|Lum Berry|[eat]\n|-curestatus|p2b: Dragonite|brn|[msg]\n|move|p2a: Corviknight|Brave Bird|p1a: Houndstone\n|-damage|p1a: Houndstone|65\/100\n|-damage|p2a: Corviknight|79\/100 brn|[from] Recoil\n|\n|-weather|Sandstorm|[upkeep]\n|-damage|p2b: Dragonite|57\/100|[from] Sandstorm\n|-damage|p2a: Corviknight|73\/100 brn|[from] brn\n|upkeep\n|turn|4\n|inactive|VGC_ale has 30 seconds left.\n|\n|t:|1681719896\n|switch|p2b: Rotom|Rotom-Wash, L50|95\/100\n|move|p1a: Houndstone|Will-O-Wisp|p2b: Rotom|[miss]\n|-miss|p1a: Houndstone|p2b: Rotom\n|move|p1b: Palafin|Haze|p1b: Palafin\n|-clearallboost\n|move|p2a: Corviknight|Brave Bird|p1a: Houndstone\n|-damage|p1a: Houndstone|47\/100\n|-enditem|p1a: Houndstone|Sitrus Berry|[eat]\n|-heal|p1a: Houndstone|71\/100|[from] item: Sitrus Berry\n|-damage|p2a: Corviknight|67\/100 brn|[from] Recoil\n|\n|-weather|Sandstorm|[upkeep]\n|-damage|p2b: Rotom|89\/100|[from] Sandstorm\n|-damage|p2a: Corviknight|61\/100 brn|[from] brn\n|upkeep\n|turn|5\n|inactive|FerdiVGC has 30 seconds left.\n|\n|t:|1681719925\n|switch|p1b: Tyranitar|Tyranitar, L50, F, tera:Flying|15\/100\n|move|p1a: Houndstone|Howl|p1a: Houndstone|[spread] p1a,p1b\n|-boost|p1a: Houndstone|atk|1\n|-boost|p1b: Tyranitar|atk|1\n|move|p2b: Rotom|Thunderbolt|p1b: Tyranitar\n|-supereffective|p1b: Tyranitar\n|-damage|p1b: Tyranitar|0 fnt\n|faint|p1b: Tyranitar\n|move|p2a: Corviknight|Roost|p2a: Corviknight\n|-heal|p2a: Corviknight|100\/100 brn\n|-singleturn|p2a: Corviknight|move: Roost\n|\n|-weather|none\n|-damage|p2a: Corviknight|95\/100 brn|[from] brn\n|upkeep\n|j| syachilove0408\n|j| VBPVBQWESF\n|l| VBPVBQWESF\n|\n|t:|1681719946\n|switch|p1b: Palafin|Palafin-Hero, L50, F|61\/100\n|turn|6\n|\n|t:|1681719957\n|move|p1b: Palafin|Protect|p1b: Palafin\n|-singleturn|p1b: Palafin|Protect\n|move|p1a: Houndstone|Last Respects|p2b: Rotom\n|-damage|p2b: Rotom|35\/100\n|-enditem|p2b: Rotom|Sitrus Berry|[eat]\n|-heal|p2b: Rotom|60\/100|[from] item: Sitrus Berry\n|move|p2b: Rotom|Thunderbolt|p1b: Palafin\n|-activate|p1b: Palafin|move: Protect\n|move|p2a: Corviknight|Bulk Up|p2a: Corviknight\n|-boost|p2a: Corviknight|atk|1\n|-boost|p2a: Corviknight|def|1\n|\n|-damage|p2a: Corviknight|89\/100 brn|[from] brn\n|upkeep\n|turn|7\n|\n|t:|1681719980\n|move|p2b: Rotom|Protect|p2b: Rotom\n|-singleturn|p2b: Rotom|Protect\n|move|p1b: Palafin|Wave Crash|p2b: Rotom\n|-activate|p2b: Rotom|move: Protect\n|move|p1a: Houndstone|Last Respects|p2b: Rotom\n|-activate|p2b: Rotom|move: Protect\n|move|p2a: Corviknight|Tailwind|p2a: Corviknight\n|-sidestart|p2: VGC_ale|move: Tailwind\n|\n|-damage|p2a: Corviknight|83\/100 brn|[from] brn\n|upkeep\n|turn|8\n|j| VBPVBQWESF\n|j| Labelex\n|\n|t:|1681719997\n|move|p1b: Palafin|Protect|p1b: Palafin\n|-singleturn|p1b: Palafin|Protect\n|move|p2b: Rotom|Volt Switch|p1a: Houndstone\n|-damage|p1a: Houndstone|43\/100\n|\n|t:|1681720003\n|switch|p2b: Dragonite|Dragonite, L50, M, tera:Normal|57\/100|[from] Volt Switch\n|move|p2a: Corviknight|Bulk Up|p2a: Corviknight\n|-boost|p2a: Corviknight|atk|1\n|-boost|p2a: Corviknight|def|1\n|move|p1a: Houndstone|Last Respects|p2b: Dragonite\n|-immune|p2b: Dragonite\n|\n|-damage|p2a: Corviknight|77\/100 brn|[from] brn\n|upkeep\n|turn|9\n|\n|t:|1681720021\n|move|p2b: Dragonite|Extreme Speed|p1b: Palafin\n|-damage|p1b: Palafin|18\/100\n|move|p2a: Corviknight|Brave Bird|p1a: Houndstone\n|-damage|p1a: Houndstone|4\/100\n|-damage|p2a: Corviknight|66\/100 brn|[from] Recoil\n|move|p1b: Palafin|Haze|p1b: Palafin\n|-clearallboost\n|move|p1a: Houndstone|Will-O-Wisp|p2b: Dragonite\n|-status|p2b: Dragonite|brn\n|\n|-damage|p2b: Dragonite|51\/100 brn|[from] brn\n|-damage|p2a: Corviknight|60\/100 brn|[from] brn\n|upkeep\n|turn|10\n|inactive|FerdiVGC has 30 seconds left.\n|inactive|VGC_ale has 30 seconds left.\n|inactive|FerdiVGC has 20 seconds left.\n|inactive|FerdiVGC has 15 seconds left.\n|\n|t:|1681720064\n|switch|p2a: Chien-Pao|Chien-Pao, L50|100\/100\n|-ability|p2a: Chien-Pao|Sword of Ruin\n|move|p1b: Palafin|Protect|p1b: Palafin\n|-singleturn|p1b: Palafin|Protect\n|move|p1a: Houndstone|Protect|p1a: Houndstone\n|-singleturn|p1a: Houndstone|Protect\n|move|p2b: Dragonite|Extreme Speed|p1b: Palafin\n|-activate|p1b: Palafin|move: Protect\n|\n|-damage|p2b: Dragonite|45\/100 brn|[from] brn\n|-sideend|p2: VGC_ale|move: Tailwind\n|upkeep\n|turn|11\n|\n|t:|1681720085\n|switch|p1a: Gyarados|Gyarados, L50, M|100\/100\n|-ability|p1a: Gyarados|Intimidate|boost\n|-unboost|p2a: Chien-Pao|atk|1\n|-unboost|p2b: Dragonite|atk|1\n|move|p2a: Chien-Pao|Sucker Punch|p1b: Palafin\n|-damage|p1b: Palafin|0 fnt\n|faint|p1b: Palafin\n|move|p2b: Dragonite|Ice Spinner|p1a: Gyarados\n|-damage|p1a: Gyarados|85\/100\n|\n|-damage|p2b: Dragonite|39\/100 brn|[from] brn\n|upkeep\n|j| Jake Epping\n|\n|t:|1681720094\n|switch|p1b: Houndstone|Houndstone, L50, F|4\/100\n|turn|12\n|\n|t:|1681720103\n|switch|p2a: Corviknight|Corviknight, L50, F, shiny|60\/100 brn\n|switch|p2b: Rotom|Rotom-Wash, L50|60\/100\n|move|p1b: Houndstone|Protect|p1b: Houndstone\n|-singleturn|p1b: Houndstone|Protect\n|move|p1a: Gyarados|Thunder Wave|p2a: Corviknight|[miss]\n|-miss|p1a: Gyarados|p2a: Corviknight\n|\n|-damage|p2a: Corviknight|54\/100 brn|[from] brn\n|upkeep\n|turn|13\n|l| Jake Epping\n|inactive|VGC_ale has 30 seconds left.\n|\n|t:|1681720131\n|move|p2b: Rotom|Protect|p2b: Rotom\n|-singleturn|p2b: Rotom|Protect\n|move|p1b: Houndstone|Last Respects|p2a: Corviknight\n|-damage|p2a: Corviknight|14\/100 brn\n|move|p1a: Gyarados|Waterfall|p2a: Corviknight\n|-damage|p2a: Corviknight|0 fnt\n|faint|p2a: Corviknight\n|\n|upkeep\n|l| Hyanryu\n|\n|t:|1681720141\n|switch|p2a: Chien-Pao|Chien-Pao, L50|100\/100\n|-ability|p2a: Chien-Pao|Sword of Ruin\n|turn|14\n|\n|t:|1681720165\n|move|p1b: Houndstone|Protect|p1b: Houndstone\n|-singleturn|p1b: Houndstone|Protect\n|move|p2a: Chien-Pao|Ice Spinner|p1b: Houndstone\n|-activate|p1b: Houndstone|move: Protect\n|move|p2b: Rotom|Volt Switch|p1a: Gyarados\n|-supereffective|p1a: Gyarados\n|-damage|p1a: Gyarados|0 fnt\n|faint|p1a: Gyarados\n|\n|t:|1681720175\n|switch|p2b: Dragonite|Dragonite, L50, M, tera:Normal|39\/100 brn|[from] Volt Switch\n|\n|-damage|p2b: Dragonite|33\/100 brn|[from] brn\n|upkeep\n|turn|15\n|-message|FerdiVGC forfeited.\n|\n|win|VGC_ale\n|raw|FerdiVGC's rating: 1464 → 1447<\/strong> (-17 for losing)\n|raw|VGC_ale's rating: 1517 → 1534<\/strong> (+17 for winning)\n|l|\u2606FerdiVGC\n|l| VBPVBQWESF\n|l|\u2606VGC_ale\n|j|\u2606VGC_ale\n|player|p2|VGC_ale|ninjaboy\n|l|\u2606VGC_ale\n|player|p2|\n|j|\u2606VGC_ale\n|player|p2|VGC_ale|ninjaboy\n","uploadtime":1681720194,"views":12,"p1id":"ferdivgc","p2id":"vgcale","formatid":"gen9vgc2023regulationc","rating":1447,"private":0,"password":""}