{"id":"gen9vgc2023regulationc-1861061883","p1":"Zenchaos","p2":"TommeeVGC","format":"[Gen 9] VGC 2023 Regulation C","log":"|j|\u2606Zenchaos\n|j|\u2606TommeeVGC\n|t:|1683722442\n|gametype|doubles\n|player|p1|Zenchaos|265|1487\n|player|p2|TommeeVGC|ethan|1383\n|teamsize|p1|6\n|teamsize|p2|6\n|gen|9\n|tier|[Gen 9] VGC 2023 Regulation C\n|rated|\n|rule|Species Clause: Limit one of each Pok\u00e9mon\n|rule|Item Clause: Limit one of each item\n|clearpoke\n|poke|p1|Palafin, L50, F|\n|poke|p1|Arcanine, L50, F|\n|poke|p1|Amoonguss, L50, F|\n|poke|p1|Kingambit, L50, M|\n|poke|p1|Flutter Mane, L50|\n|poke|p1|Dragonite, L50, F|\n|poke|p2|Vivillon-Fancy, L50, M|\n|poke|p2|Corviknight, L50, F|\n|poke|p2|Abomasnow, L50, M|\n|poke|p2|Iron Bundle, L50|\n|poke|p2|Chien-Pao, L50|\n|poke|p2|Ting-Lu, L50|\n|teampreview|4\n|\n|t:|1683722467\n|start\n|switch|p1a: Amoonguss|Amoonguss, L50, F|100\/100\n|switch|p1b: Flutter Mane|Flutter Mane, L50|100\/100\n|switch|p2a: Vivillon|Vivillon-Fancy, L50, M|100\/100\n|switch|p2b: Ting-Lu|Ting-Lu, L50|100\/100\n|-ability|p2b: Ting-Lu|Vessel of Ruin\n|-enditem|p1b: Flutter Mane|Booster Energy\n|-activate|p1b: Flutter Mane|ability: Protosynthesis|[fromitem]\n|-start|p1b: Flutter Mane|protosynthesisspa\n|turn|1\n|inactive|Battle timer is ON: inactive players will automatically lose when time's up. (requested by Zenchaos)\n|\n|t:|1683722486\n|-terastallize|p2b: Ting-Lu|Ground\n|move|p1b: Flutter Mane|Protect|p1b: Flutter Mane\n|-singleturn|p1b: Flutter Mane|Protect\n|move|p2a: Vivillon|Safeguard|p2a: Vivillon\n|-sidestart|p2: TommeeVGC|Safeguard\n|move|p2b: Ting-Lu|Earthquake|p1b: Flutter Mane|[spread] p1a\n|-activate|p1b: Flutter Mane|move: Protect\n|-immune|p2a: Vivillon\n|-damage|p1a: Amoonguss|36\/100\n|-enditem|p1a: Amoonguss|Sitrus Berry|[eat]\n|-heal|p1a: Amoonguss|61\/100|[from] item: Sitrus Berry\n|move|p1a: Amoonguss|Pollen Puff|p2a: Vivillon\n|-resisted|p2a: Vivillon\n|-damage|p2a: Vivillon|88\/100\n|\n|upkeep\n|turn|2\n|\n|t:|1683722507\n|switch|p1a: Arcanine|Arcanine, L50, F|100\/100\n|-ability|p1a: Arcanine|Intimidate|boost\n|-unboost|p2a: Vivillon|atk|1\n|-unboost|p2b: Ting-Lu|atk|1\n|move|p2a: Vivillon|Protect|p2a: Vivillon\n|-singleturn|p2a: Vivillon|Protect\n|move|p1b: Flutter Mane|Moonblast|p2a: Vivillon\n|-activate|p2a: Vivillon|move: Protect\n|move|p2b: Ting-Lu|Earthquake|p1a: Arcanine|[spread] p1a,p1b\n|-activate|p2a: Vivillon|move: Protect\n|-supereffective|p1a: Arcanine\n|-crit|p1a: Arcanine\n|-damage|p1a: Arcanine|0 fnt\n|-damage|p1b: Flutter Mane|23\/100\n|faint|p1a: Arcanine\n|\n|upkeep\n|\n|t:|1683722517\n|switch|p1a: Kingambit|Kingambit, L50, M|100\/100\n|turn|3\n|\n|t:|1683722523\n|-terastallize|p1a: Kingambit|Dark\n|move|p2a: Vivillon|Rage Powder|p2a: Vivillon\n|-singleturn|p2a: Vivillon|move: Rage Powder\n|move|p1b: Flutter Mane|Moonblast|p2a: Vivillon\n|-damage|p2a: Vivillon|0 fnt\n|faint|p2a: Vivillon\n|move|p1a: Kingambit|Swords Dance|p1a: Kingambit\n|-boost|p1a: Kingambit|atk|2\n|move|p2b: Ting-Lu|Earthquake|p1b: Flutter Mane|[spread] p1a,p1b\n|-damage|p1a: Kingambit|59\/100\n|-damage|p1b: Flutter Mane|0 fnt\n|faint|p1b: Flutter Mane\n|-end|p1b: Flutter Mane|Protosynthesis|[silent]\n|\n|upkeep\n|\n|t:|1683722536\n|switch|p1b: Amoonguss|Amoonguss, L50, F|94\/100\n|switch|p2a: Iron Bundle|Iron Bundle, L50|100\/100\n|-enditem|p2a: Iron Bundle|Booster Energy\n|-activate|p2a: Iron Bundle|ability: Quark Drive|[fromitem]\n|-start|p2a: Iron Bundle|quarkdrivespe\n|turn|4\n|\n|t:|1683722543\n|move|p2a: Iron Bundle|Protect|p2a: Iron Bundle\n|-singleturn|p2a: Iron Bundle|Protect\n|move|p1a: Kingambit|Sucker Punch||[still]\n|-fail|p1a: Kingambit\n|move|p2b: Ting-Lu|Earthquake|p1a: Kingambit|[spread] p1a,p1b\n|-activate|p2a: Iron Bundle|move: Protect\n|-damage|p1a: Kingambit|20\/100\n|-damage|p1b: Amoonguss|53\/100\n|move|p1b: Amoonguss|Pollen Puff|p1a: Kingambit\n|-heal|p1a: Kingambit|70\/100\n|\n|upkeep\n|turn|5\n|\n|t:|1683722558\n|switch|p2b: Abomasnow|Abomasnow, L50, M|100\/100\n|-weather|Snow|[from] ability: Snow Warning|[of] p2b: Abomasnow\n|move|p1a: Kingambit|Sucker Punch|p2a: Iron Bundle\n|-damage|p2a: Iron Bundle|19\/100\n|move|p2a: Iron Bundle|Hydro Pump|p1a: Kingambit|[miss]\n|-miss|p2a: Iron Bundle|p1a: Kingambit\n|move|p1b: Amoonguss|Pollen Puff|p1a: Kingambit\n|-heal|p1a: Kingambit|100\/100\n|\n|-weather|Snow|[upkeep]\n|-sideend|p2: TommeeVGC|Safeguard\n|upkeep\n|turn|6\n|\n|t:|1683722583\n|move|p2a: Iron Bundle|Protect|p2a: Iron Bundle\n|-singleturn|p2a: Iron Bundle|Protect\n|move|p1b: Amoonguss|Protect|p1b: Amoonguss\n|-singleturn|p1b: Amoonguss|Protect\n|move|p2b: Abomasnow|Blizzard|p1b: Amoonguss|[spread] p1a\n|-activate|p1b: Amoonguss|move: Protect\n|-damage|p1a: Kingambit|61\/100\n|-status|p1a: Kingambit|frz\n|-enditem|p1a: Kingambit|Lum Berry|[eat]\n|-curestatus|p1a: Kingambit|frz|[msg]\n|-damage|p2b: Abomasnow|91\/100|[from] item: Life Orb\n|move|p1a: Kingambit|Kowtow Cleave|p2b: Abomasnow\n|-damage|p2b: Abomasnow|0 fnt\n|faint|p2b: Abomasnow\n|\n|-weather|Snow|[upkeep]\n|upkeep\n|\n|t:|1683722599\n|switch|p2b: Ting-Lu|Ting-Lu, L50, tera:Ground|100\/100\n|-ability|p2b: Ting-Lu|Vessel of Ruin\n|turn|7\n|\n|t:|1683722609\n|move|p1a: Kingambit|Sucker Punch||[still]\n|-fail|p1a: Kingambit\n|move|p2a: Iron Bundle|Aurora Veil|p2a: Iron Bundle\n|-sidestart|p2: TommeeVGC|move: Aurora Veil\n|move|p2b: Ting-Lu|Stomping Tantrum|p1a: Kingambit\n|-damage|p1a: Kingambit|1\/100\n|move|p1b: Amoonguss|Spore|p2b: Ting-Lu\n|-status|p2b: Ting-Lu|slp|[from] move: Spore\n|\n|-weather|Snow|[upkeep]\n|upkeep\n|turn|8\n|\n|t:|1683722621\n|move|p2a: Iron Bundle|Protect|p2a: Iron Bundle\n|-singleturn|p2a: Iron Bundle|Protect\n|move|p1a: Kingambit|Sucker Punch||[still]\n|-fail|p1a: Kingambit\n|cant|p2b: Ting-Lu|slp\n|move|p1b: Amoonguss|Pollen Puff|p1a: Kingambit\n|-heal|p1a: Kingambit|51\/100\n|\n|-weather|Snow|[upkeep]\n|upkeep\n|turn|9\n|\n|t:|1683722638\n|move|p1a: Kingambit|Sucker Punch||[still]\n|-fail|p1a: Kingambit\n|move|p2a: Iron Bundle|Aurora Veil||[still]\n|-fail|p2a: Iron Bundle\n|cant|p2b: Ting-Lu|slp\n|move|p1b: Amoonguss|Pollen Puff|p2a: Iron Bundle\n|-damage|p2a: Iron Bundle|6\/100\n|\n|-weather|none\n|upkeep\n|turn|10\n|\n|t:|1683722656\n|move|p2a: Iron Bundle|Protect|p2a: Iron Bundle\n|-singleturn|p2a: Iron Bundle|Protect\n|move|p1a: Kingambit|Protect|p1a: Kingambit\n|-singleturn|p1a: Kingambit|Protect\n|-curestatus|p2b: Ting-Lu|slp|[msg]\n|move|p2b: Ting-Lu|Stomping Tantrum|p1a: Kingambit\n|-activate|p1a: Kingambit|move: Protect\n|move|p1b: Amoonguss|Spore|p2b: Ting-Lu\n|-status|p2b: Ting-Lu|slp|[from] move: Spore\n|\n|upkeep\n|turn|11\n|\n|t:|1683722671\n|move|p1a: Kingambit|Sucker Punch|p2a: Iron Bundle\n|-damage|p2a: Iron Bundle|0 fnt\n|faint|p2a: Iron Bundle\n|-end|p2a: Iron Bundle|Quark Drive|[silent]\n|cant|p2b: Ting-Lu|slp\n|move|p1b: Amoonguss|Pollen Puff|p2b: Ting-Lu\n|-damage|p2b: Ting-Lu|93\/100 slp\n|\n|-sideend|p2: TommeeVGC|move: Aurora Veil\n|upkeep\n|turn|12\n|\n|t:|1683722682\n|move|p1a: Kingambit|Kowtow Cleave|p2b: Ting-Lu\n|-damage|p2b: Ting-Lu|13\/100 slp\n|-curestatus|p2b: Ting-Lu|slp|[msg]\n|move|p2b: Ting-Lu|Stomping Tantrum|p1a: Kingambit\n|-damage|p1a: Kingambit|0 fnt\n|faint|p1a: Kingambit\n|move|p1b: Amoonguss|Pollen Puff|p1: Kingambit|[notarget]\n|-fail|p1b: Amoonguss\n|\n|upkeep\n|turn|13\n|\n|t:|1683722692\n|move|p2b: Ting-Lu|Stomping Tantrum|p1b: Amoonguss\n|-damage|p1b: Amoonguss|0 fnt\n|faint|p1b: Amoonguss\n|\n|win|TommeeVGC\n|raw|Zenchaos's rating: 1487 → 1461<\/strong> (-26 for losing)\n|raw|TommeeVGC's rating: 1383 → 1409<\/strong> (+26 for winning)\n|l|\u2606Zenchaos\n","uploadtime":1683722708,"views":12,"p1id":"zenchaos","p2id":"tommeevgc","formatid":"gen9vgc2023regulationc","rating":1409,"private":0,"password":""}