{"id":"gen9vgc2023regulationc-1845974598","p1":"bgtc","p2":"FurretSucksVGC","format":"[Gen 9] VGC 2023 Regulation C","log":"|j|\u2606bgtc\n|j|\u2606FurretSucksVGC\n|t:|1681785979\n|gametype|doubles\n|player|p1|bgtc|169|1469\n|player|p2|FurretSucksVGC|hilbert|1476\n|teamsize|p1|6\n|teamsize|p2|6\n|gen|9\n|tier|[Gen 9] VGC 2023 Regulation C\n|rated|\n|rule|Species Clause: Limit one of each Pok\u00e9mon\n|rule|Item Clause: Limit one of each item\n|clearpoke\n|poke|p1|Amoonguss, L50, M|\n|poke|p1|Flutter Mane, L50|\n|poke|p1|Arcanine, L50, M|\n|poke|p1|Palafin, L50, F|\n|poke|p1|Ting-Lu, L50|\n|poke|p1|Kingambit, L50, F|\n|poke|p2|Scizor, L50, F|\n|poke|p2|Glimmora, L50, F|\n|poke|p2|Annihilape, L50, M|\n|poke|p2|Tyranitar, L50, F|\n|poke|p2|Gastrodon, L50, M|\n|poke|p2|Maushold, L50|\n|teampreview|4\nFurretSucksVGC has agreed to open team sheets.\n|\n|t:|1681786034\n|start\n|switch|p1a: Kingambit|Kingambit, L50, F|100\/100\n|switch|p1b: Amoonguss|Amoonguss, L50, M|100\/100\n|switch|p2a: Glimmora|Glimmora, L50, F|100\/100\n|switch|p2b: Tyranitar|Tyranitar, L50, F|100\/100\n|-weather|Sandstorm|[from] ability: Sand Stream|[of] p2b: Tyranitar\n|turn|1\n|\n|t:|1681786069\n|move|p1a: Kingambit|Protect|p1a: Kingambit\n|-singleturn|p1a: Kingambit|Protect\n|move|p2a: Glimmora|Sludge Bomb|p1b: Amoonguss\n|-damage|p1b: Amoonguss|43\/100\n|-damage|p2a: Glimmora|91\/100|[from] item: Life Orb\n|move|p2b: Tyranitar|Rock Slide|p1b: Amoonguss|[spread] p1b\n|-activate|p1a: Kingambit|move: Protect\n|-damage|p1b: Amoonguss|17\/100\n|move|p1b: Amoonguss|Spore|p2b: Tyranitar\n|-status|p2b: Tyranitar|slp|[from] move: Spore\n|\n|-weather|Sandstorm|[upkeep]\n|-damage|p1b: Amoonguss|11\/100|[from] Sandstorm\n|upkeep\n|turn|2\n|\n|t:|1681786107\n|switch|p2b: Annihilape|Annihilape, L50, M|100\/100\n|switch|p1b: Ting-Lu|Ting-Lu, L50|100\/100\n|-ability|p1b: Ting-Lu|Vessel of Ruin\n|move|p2a: Glimmora|Sludge Bomb|p1b: Ting-Lu\n|-resisted|p1b: Ting-Lu\n|-damage|p1b: Ting-Lu|88\/100\n|-damage|p2a: Glimmora|82\/100|[from] item: Life Orb\n|move|p1a: Kingambit|Kowtow Cleave|p2a: Glimmora\n|-damage|p2a: Glimmora|23\/100\n|-activate|p2a: Glimmora|ability: Toxic Debris\n|-sidestart|p1: bgtc|move: Toxic Spikes\n|\n|-weather|Sandstorm|[upkeep]\n|-damage|p2b: Annihilape|95\/100|[from] Sandstorm\n|-heal|p2b: Annihilape|100\/100|[from] item: Leftovers\n|upkeep\n|turn|3\n|\n|t:|1681786164\n|-terastallize|p1a: Kingambit|Dark\n|move|p2a: Glimmora|Earth Power|p1a: Kingambit\n|-damage|p1a: Kingambit|66\/100\n|-damage|p2a: Glimmora|13\/100|[from] item: Life Orb\n|move|p2b: Annihilape|Bulk Up|p2b: Annihilape\n|-boost|p2b: Annihilape|atk|1\n|-boost|p2b: Annihilape|def|1\n|move|p1b: Ting-Lu|Ruination|p2b: Annihilape\n|-damage|p2b: Annihilape|51\/100\n|move|p1a: Kingambit|Kowtow Cleave|p2b: Annihilape\n|-damage|p2b: Annihilape|3\/100\n|\n|-weather|Sandstorm|[upkeep]\n|-damage|p2b: Annihilape|0 fnt|[from] Sandstorm\n|-damage|p1a: Kingambit|60\/100|[from] Sandstorm\n|faint|p2b: Annihilape\n|upkeep\n|\n|t:|1681786191\n|switch|p2b: Scizor|Scizor, L50, F|100\/100\n|turn|4\n|\n|t:|1681786226\n|switch|p2a: Tyranitar|Tyranitar, L50, F|100\/100 slp\n|move|p2b: Scizor|Swords Dance|p2b: Scizor\n|-boost|p2b: Scizor|atk|2\n|move|p1b: Ting-Lu|Earthquake|p2b: Scizor|[spread] p1a,p2a,p2b\n|-supereffective|p2a: Tyranitar\n|-damage|p1a: Kingambit|32\/100\n|-damage|p2a: Tyranitar|47\/100 slp\n|-damage|p2b: Scizor|62\/100\n|move|p1a: Kingambit|Kowtow Cleave|p2b: Scizor\n|-damage|p2b: Scizor|0 fnt\n|faint|p2b: Scizor\n|\n|-weather|Sandstorm|[upkeep]\n|-damage|p1a: Kingambit|26\/100|[from] Sandstorm\n|upkeep\n|\n|t:|1681786240\n|switch|p2b: Glimmora|Glimmora, L50, F|13\/100\n|turn|5\n|\n|t:|1681786246\n|move|p1a: Kingambit|Sucker Punch|p2b: Glimmora\n|-damage|p2b: Glimmora|0 fnt\n|-activate|p2b: Glimmora|ability: Toxic Debris\n|-sidestart|p1: bgtc|move: Toxic Spikes\n|faint|p2b: Glimmora\n|cant|p2a: Tyranitar|slp\n|move|p1b: Ting-Lu|Stomping Tantrum|p2a: Tyranitar\n|-supereffective|p2a: Tyranitar\n|-damage|p2a: Tyranitar|0 fnt\n|faint|p2a: Tyranitar\n|\n|win|bgtc\n|raw|bgtc's rating: 1469 → 1489<\/strong> (+20 for winning)\n|raw|FurretSucksVGC's rating: 1476 → 1456<\/strong> (-20 for losing)\n|c|\u2606FurretSucksVGC|gg\n","uploadtime":1681786261,"views":10,"p1id":"bgtc","p2id":"furretsucksvgc","formatid":"gen9vgc2023regulationc","rating":1456,"private":0,"password":""}