{"id":"gen9vgc2023regulationc-1854511726","p1":"HazeOneTrick","p2":"Peculiar Caribou","format":"[Gen 9] VGC 2023 Regulation C","log":"|j|\u2606HazeOneTrick\n|j|\u2606Peculiar Caribou\n|t:|1682820455\n|gametype|doubles\n|player|p1|HazeOneTrick|acetrainer-gen6xy|1397\n|player|p2|Peculiar Caribou|cyclist|1366\n|teamsize|p1|6\n|teamsize|p2|6\n|gen|9\n|tier|[Gen 9] VGC 2023 Regulation C\n|rated|\n|rule|Species Clause: Limit one of each Pok\u00e9mon\n|rule|Item Clause: Limit one of each item\n|clearpoke\n|poke|p1|Iron Hands, L50|\n|poke|p1|Flutter Mane, L50|\n|poke|p1|Chi-Yu, L50|\n|poke|p1|Amoonguss, L50, M|\n|poke|p1|Bronzong, L50|\n|poke|p1|Gyarados, L50, M|\n|poke|p2|Flutter Mane, L50|\n|poke|p2|Amoonguss, L50, M|\n|poke|p2|Arcanine, L50, F|\n|poke|p2|Palafin, L50, F|\n|poke|p2|Ting-Lu, L50|\n|poke|p2|Baxcalibur, L50, M|\n|teampreview|4\n|c|\u2606Peculiar Caribou|gl hf\nHazeOneTrick has agreed to open team sheets.\nPeculiar Caribou has agreed to open team sheets.\n|\n|t:|1682820542\n|start\n|switch|p1a: Bronzong|Bronzong, L50|100\/100\n|switch|p1b: Gyarados|Gyarados, L50, M|100\/100\n|switch|p2a: Flutter Mane|Flutter Mane, L50|100\/100\n|switch|p2b: Palafin|Palafin, L50, F|100\/100\n|-ability|p1b: Gyarados|Intimidate|boost\n|-unboost|p2a: Flutter Mane|atk|1\n|-unboost|p2b: Palafin|atk|1\n|turn|1\n|\n|t:|1682820582\n|detailschange|p2b: Palafin|Palafin-Hero, L50, F\n|switch|p2b: Arcanine|Arcanine, L50, F|100\/100\n|-ability|p2b: Arcanine|Intimidate|boost\n|-unboost|p1a: Bronzong|atk|1\n|-unboost|p1b: Gyarados|atk|1\n|-terastallize|p1a: Bronzong|Water\n|move|p1b: Gyarados|Protect|p1b: Gyarados\n|-singleturn|p1b: Gyarados|Protect\n|move|p2a: Flutter Mane|Shadow Ball|p1a: Bronzong\n|-damage|p1a: Bronzong|48\/100\n|move|p1a: Bronzong|Heavy Slam|p2a: Flutter Mane\n|-supereffective|p2a: Flutter Mane\n|-damage|p2a: Flutter Mane|9\/100\n|\n|upkeep\n|turn|2\n|\n|t:|1682820630\n|-end|p2a: Flutter Mane|Protosynthesis|[silent]\n|switch|p2a: Palafin|Palafin-Hero, L50, F|100\/100\n|-activate|p2a: Palafin|ability: Zero to Hero\n|switch|p1a: Amoonguss|Amoonguss, L50, M|100\/100\n|move|p2b: Arcanine|Howl|p2b: Arcanine|[spread] p2a,p2b\n|-boost|p2a: Palafin|atk|1\n|-boost|p2b: Arcanine|atk|1\n|move|p1b: Gyarados|Waterfall|p2a: Palafin\n|-resisted|p2a: Palafin\n|-damage|p2a: Palafin|91\/100\n|\n|upkeep\n|turn|3\n|\n|t:|1682820698\n|-terastallize|p2a: Palafin|Grass\n|move|p2b: Arcanine|Flare Blitz|p1a: Amoonguss\n|-supereffective|p1a: Amoonguss\n|-damage|p1a: Amoonguss|1\/100\n|-enditem|p1a: Amoonguss|Sitrus Berry|[eat]\n|-heal|p1a: Amoonguss|26\/100|[from] item: Sitrus Berry\n|-damage|p2b: Arcanine|64\/100|[from] Recoil\n|move|p2a: Palafin|Wave Crash|p1b: Gyarados\n|-resisted|p1b: Gyarados\n|-damage|p1b: Gyarados|37\/100\n|-damage|p2a: Palafin|70\/100|[from] Recoil\n|move|p1b: Gyarados|Thunder Wave|p2b: Arcanine\n|-status|p2b: Arcanine|par\n|move|p1a: Amoonguss|Spore|p2a: Palafin\n|-immune|p2a: Palafin\n|\n|upkeep\n|turn|4\n|inactive|Battle timer is ON: inactive players will automatically lose when time's up. (requested by HazeOneTrick)\n|\n|t:|1682820733\n|move|p2a: Palafin|Jet Punch|p1b: Gyarados\n|-resisted|p1b: Gyarados\n|-damage|p1b: Gyarados|6\/100\n|-enditem|p1b: Gyarados|Figy Berry|[eat]\n|-heal|p1b: Gyarados|40\/100|[from] item: Figy Berry\n|move|p1b: Gyarados|Thunder Wave|p2a: Palafin\n|-status|p2a: Palafin|par\n|move|p2b: Arcanine|Howl|p2b: Arcanine|[spread] p2a,p2b\n|-boost|p2a: Palafin|atk|1\n|-boost|p2b: Arcanine|atk|1\n|move|p1a: Amoonguss|Pollen Puff|p1b: Gyarados\n|-heal|p1b: Gyarados|90\/100\n|\n|upkeep\n|turn|5\n|\n|t:|1682820758\n|move|p1b: Gyarados|Waterfall|p2b: Arcanine\n|-supereffective|p2b: Arcanine\n|-damage|p2b: Arcanine|21\/100 par\n|cant|p2b: Arcanine|par\n|cant|p2a: Palafin|par\n|move|p1a: Amoonguss|Clear Smog|p2a: Palafin\n|-supereffective|p2a: Palafin\n|-damage|p2a: Palafin|43\/100 par\n|-clearboost|p2a: Palafin\n|\n|upkeep\n|turn|6\n|inactive|Peculiar Caribou has 30 seconds left.\n|inactive|Peculiar Caribou has 20 seconds left.\n|\n|t:|1682820795\n|switch|p2a: Amoonguss|Amoonguss, L50, M|100\/100\n|switch|p1a: Iron Hands|Iron Hands, L50|100\/100\n|cant|p2b: Arcanine|par\n|move|p1b: Gyarados|Waterfall|p2b: Arcanine\n|-supereffective|p2b: Arcanine\n|-damage|p2b: Arcanine|0 fnt\n|faint|p2b: Arcanine\n|\n|upkeep\n|\n|t:|1682820807\n|switch|p2b: Flutter Mane|Flutter Mane, L50|9\/100\n|turn|7\n|inactive|HazeOneTrick has 30 seconds left.\n|inactive|HazeOneTrick has 20 seconds left.\n|inactive|HazeOneTrick has 15 seconds left.\n|inactive|HazeOneTrick has 10 seconds left.\n|inactive|Peculiar Caribou has 30 seconds left.\n|inactive|HazeOneTrick has 5 seconds left.\n|\n|t:|1682820859\n|move|p1b: Gyarados|Protect|p1b: Gyarados\n|-singleturn|p1b: Gyarados|Protect\n|move|p2b: Flutter Mane|Thunderbolt|p1b: Gyarados\n|-activate|p1b: Gyarados|move: Protect\n|move|p1a: Iron Hands|Heavy Slam|p2b: Flutter Mane\n|-supereffective|p2b: Flutter Mane\n|-damage|p2b: Flutter Mane|0 fnt\n|faint|p2b: Flutter Mane\n|-end|p2b: Flutter Mane|Protosynthesis|[silent]\n|move|p2a: Amoonguss|Spore|p1a: Iron Hands\n|-status|p1a: Iron Hands|slp|[from] move: Spore\n|\n|upkeep\n|\n|t:|1682820871\n|switch|p2b: Palafin|Palafin-Hero, L50, F, tera:Grass|43\/100 par\n|turn|8\n|\n|t:|1682820896\n|switch|p1b: Amoonguss|Amoonguss, L50, M|60\/100\n|cant|p1a: Iron Hands|slp\n|move|p2b: Palafin|Drain Punch|p1a: Iron Hands\n|-damage|p1a: Iron Hands|77\/100 slp\n|-heal|p2b: Palafin|57\/100 par|[from] drain|[of] p1a: Iron Hands\n|move|p2a: Amoonguss|Pollen Puff|p2b: Palafin\n|-heal|p2b: Palafin|100\/100 par\n|\n|upkeep\n|turn|9\n|inactive|Peculiar Caribou has 30 seconds left.\n|inactive|Peculiar Caribou has 20 seconds left.\n|inactive|Peculiar Caribou has 15 seconds left.\n|\n|t:|1682820937\n|switch|p1b: Gyarados|Gyarados, L50, M|90\/100\n|-ability|p1b: Gyarados|Intimidate|boost\n|-unboost|p2a: Amoonguss|atk|1\n|-unboost|p2b: Palafin|atk|1\n|cant|p1a: Iron Hands|slp\n|move|p2b: Palafin|Wave Crash|p1a: Iron Hands\n|-damage|p1a: Iron Hands|36\/100 slp\n|-damage|p2b: Palafin|85\/100 par|[from] Recoil\n|move|p2a: Amoonguss|Pollen Puff|p2b: Palafin\n|-heal|p2b: Palafin|100\/100 par\n|\n|upkeep\n|turn|10\n|\n|t:|1682820960\n|-end|p1a: Iron Hands|Quark Drive|[silent]\n|switch|p1a: Amoonguss|Amoonguss, L50, M|93\/100\n|cant|p2b: Palafin|par\n|move|p1b: Gyarados|Taunt|p2a: Amoonguss\n|-start|p2a: Amoonguss|move: Taunt\n|cant|p2a: Amoonguss|move: Taunt|Spore\n|\n|upkeep\n|turn|11\n|inactive|HazeOneTrick has 30 seconds left.\n|inactive|Peculiar Caribou has 30 seconds left.\n|\n|t:|1682820993\n|move|p1b: Gyarados|Thunder Wave|p2a: Amoonguss|[miss]\n|-miss|p1b: Gyarados|p2a: Amoonguss\n|move|p2b: Palafin|Wave Crash|p1b: Gyarados\n|-resisted|p1b: Gyarados\n|-damage|p1b: Gyarados|59\/100\n|-damage|p2b: Palafin|91\/100 par|[from] Recoil\n|move|p2a: Amoonguss|Pollen Puff|p2b: Palafin\n|-heal|p2b: Palafin|100\/100 par\n|move|p1a: Amoonguss|Pollen Puff|p2b: Palafin\n|-supereffective|p2b: Palafin\n|-damage|p2b: Palafin|67\/100 par\n|\n|upkeep\n|turn|12\n|\n|t:|1682821014\n|move|p1b: Gyarados|Thunder Wave|p2a: Amoonguss\n|-status|p2a: Amoonguss|par\n|move|p2b: Palafin|Drain Punch|p1b: Gyarados\n|-resisted|p1b: Gyarados\n|-crit|p1b: Gyarados\n|-damage|p1b: Gyarados|35\/100\n|-heal|p2b: Palafin|79\/100 par|[from] drain|[of] p1b: Gyarados\n|move|p1a: Amoonguss|Pollen Puff|p2b: Palafin\n|-supereffective|p2b: Palafin\n|-damage|p2b: Palafin|42\/100 par\n|move|p2a: Amoonguss|Pollen Puff|p2b: Palafin\n|-heal|p2b: Palafin|92\/100 par\n|\n|-end|p2a: Amoonguss|move: Taunt\n|upkeep\n|turn|13\n|inactive|Peculiar Caribou has 30 seconds left.\n|\n|t:|1682821048\n|switch|p1b: Bronzong|Bronzong, L50, tera:Water|48\/100\n|move|p2b: Palafin|Wave Crash|p1a: Amoonguss\n|-resisted|p1a: Amoonguss\n|-damage|p1a: Amoonguss|72\/100\n|-damage|p2b: Palafin|85\/100 par|[from] Recoil\n|move|p1a: Amoonguss|Pollen Puff|p1b: Bronzong\n|-heal|p1b: Bronzong|98\/100\n|move|p2a: Amoonguss|Spore|p1b: Bronzong\n|-activate|p1b: Bronzong|item: Safety Goggles|Spore\n|\n|upkeep\n|turn|14\n|\n|t:|1682821068\n|move|p2b: Palafin|Drain Punch|p1b: Bronzong\n|-damage|p1b: Bronzong|83\/100\n|-heal|p2b: Palafin|92\/100 par|[from] drain|[of] p1b: Bronzong\n|move|p1a: Amoonguss|Pollen Puff|p2b: Palafin\n|-supereffective|p2b: Palafin\n|-damage|p2b: Palafin|57\/100 par\n|move|p1b: Bronzong|Iron Defense|p1b: Bronzong\n|-boost|p1b: Bronzong|def|2\n|move|p2a: Amoonguss|Clear Smog|p2b: Palafin\n|-supereffective|p2b: Palafin\n|-damage|p2b: Palafin|27\/100 par\n|-clearboost|p2b: Palafin\n|\n|upkeep\n|turn|15\n|inactive|HazeOneTrick has 30 seconds left.\n|inactive|Peculiar Caribou has 30 seconds left.\n|inactive|Peculiar Caribou has 20 seconds left.\n|\n|t:|1682821104\n|move|p2b: Palafin|Drain Punch|p1b: Bronzong\n|-damage|p1b: Bronzong|71\/100\n|-heal|p2b: Palafin|32\/100 par|[from] drain|[of] p1b: Bronzong\n|move|p1a: Amoonguss|Pollen Puff|p2b: Palafin\n|-supereffective|p2b: Palafin\n|-damage|p2b: Palafin|0 fnt\n|faint|p2b: Palafin\n|move|p1b: Bronzong|Iron Defense|p1b: Bronzong\n|-boost|p1b: Bronzong|def|2\n|cant|p2a: Amoonguss|par\n|\n|upkeep\n|turn|16\n|-message|Peculiar Caribou forfeited.\n|\n|win|HazeOneTrick\n|raw|HazeOneTrick's rating: 1397 → 1415<\/strong> (+18 for winning)\n|raw|Peculiar Caribou's rating: 1366 → 1348<\/strong> (-18 for losing)\n|c|\u2606Peculiar Caribou|gg\n|c|\u2606HazeOneTrick|gg\n","uploadtime":1682821124,"views":37,"p1id":"hazeonetrick","p2id":"peculiarcaribou","formatid":"gen9vgc2023regulationc","rating":1348,"private":0,"password":""}