{"id":"gen9vgc2023regulationc-1862221286","p1":"tatsugirideeznuts","p2":"revocolombia","format":"[Gen 9] VGC 2023 Regulation C","log":"|j|\u2606tatsugirideeznuts\n|j|\u2606revocolombia\n|t:|1683851291\n|gametype|doubles\n|player|p1|tatsugirideeznuts|lady|1399\n|player|p2|revocolombia|pokemonranger-gen4|1317\n|teamsize|p1|6\n|teamsize|p2|6\n|gen|9\n|tier|[Gen 9] VGC 2023 Regulation C\n|rated|\n|rule|Species Clause: Limit one of each Pok\u00e9mon\n|rule|Item Clause: Limit one of each item\n|clearpoke\n|poke|p1|Glimmora, L50, M|\n|poke|p1|Dragonite, L50, M|\n|poke|p1|Dondozo, L50, M|\n|poke|p1|Tatsugiri-Droopy, L50, M|\n|poke|p1|Chi-Yu, L50|\n|poke|p1|Iron Bundle, L50|\n|poke|p2|Flutter Mane, L50|\n|poke|p2|Great Tusk, L50|\n|poke|p2|Dragonite, L50, F|\n|poke|p2|Chien-Pao, L50|\n|poke|p2|Murkrow, L50, F|\n|poke|p2|Gholdengo, L50|\n|teampreview|4\ntatsugirideeznuts has agreed to open team sheets.\n|\n|t:|1683851321\n|start\n|switch|p1a: Sting|Glimmora, L50, M, shiny|100\/100\n|switch|p1b: Dean Malenko|Iron Bundle, L50, shiny|100\/100\n|switch|p2a: Gholdengo|Gholdengo, L50|100\/100\n|switch|p2b: Dragonite|Dragonite, L50, F|100\/100\n|-enditem|p1b: Dean Malenko|Booster Energy\n|-activate|p1b: Dean Malenko|ability: Quark Drive|[fromitem]\n|-start|p1b: Dean Malenko|quarkdrivespe\n|turn|1\n|\n|t:|1683851349\n|-terastallize|p2a: Gholdengo|Water\n|move|p2b: Dragonite|Extreme Speed|p1b: Dean Malenko\n|-damage|p1b: Dean Malenko|38\/100\n|move|p1b: Dean Malenko|Freeze-Dry|p2b: Dragonite\n|-supereffective|p2b: Dragonite\n|-damage|p2b: Dragonite|32\/100\n|move|p2a: Gholdengo|Make It Rain|p1b: Dean Malenko|[spread] p1a,p1b\n|-supereffective|p1a: Sting\n|-damage|p1a: Sting|10\/100\n|-damage|p1b: Dean Malenko|0 fnt\n|-unboost|p2a: Gholdengo|spa|1\n|faint|p1b: Dean Malenko\n|-end|p1b: Dean Malenko|Quark Drive|[silent]\n|-damage|p2a: Gholdengo|91\/100|[from] item: Life Orb\n|move|p1a: Sting|Earth Power|p2a: Gholdengo\n|-damage|p2a: Gholdengo|61\/100\n|\n|upkeep\n|\n|t:|1683851363\n|switch|p1b: Hollywood Hogan|Dondozo, L50, M|100\/100\n|turn|2\n|\n|t:|1683851392\n|switch|p2a: Murkrow|Murkrow, L50, F|100\/100\n|switch|p1a: Scott Hall|Tatsugiri-Droopy, L50, M|100\/100\n|-activate|p1a: Scott Hall|ability: Commander|[of] p1b: Hollywood Hogan\n|-boost|p1b: Hollywood Hogan|atk|2\n|-boost|p1b: Hollywood Hogan|spa|2\n|-boost|p1b: Hollywood Hogan|spe|2\n|-boost|p1b: Hollywood Hogan|def|2\n|-boost|p1b: Hollywood Hogan|spd|2\n|-terastallize|p1b: Hollywood Hogan|Grass\n|move|p2b: Dragonite|Extreme Speed|p1b: Hollywood Hogan\n|-damage|p1b: Hollywood Hogan|84\/100\n|move|p1b: Hollywood Hogan|Tera Blast|p2a: Murkrow\n|-resisted|p2a: Murkrow\n|-damage|p2a: Murkrow|65\/100\n|\n|-heal|p1b: Hollywood Hogan|90\/100|[from] item: Leftovers\n|upkeep\n|turn|3\n|\n|t:|1683851422\n|move|p2b: Dragonite|Extreme Speed|p1b: Hollywood Hogan\n|-damage|p1b: Hollywood Hogan|74\/100\n|move|p2a: Murkrow|Haze|p2a: Murkrow\n|-clearallboost\n|move|p1b: Hollywood Hogan|Wave Crash|p2a: Murkrow\n|-damage|p2a: Murkrow|6\/100\n|-damage|p1b: Hollywood Hogan|60\/100|[from] Recoil\n|\n|-heal|p1b: Hollywood Hogan|66\/100|[from] item: Leftovers\n|upkeep\n|turn|4\n|\n|t:|1683851439\n|move|p1b: Hollywood Hogan|Protect|p1b: Hollywood Hogan\n|-singleturn|p1b: Hollywood Hogan|Protect\n|move|p2b: Dragonite|Extreme Speed|p1b: Hollywood Hogan\n|-activate|p1b: Hollywood Hogan|move: Protect\n|move|p2a: Murkrow|Sunny Day|p2a: Murkrow\n|-weather|SunnyDay\n|\n|-weather|SunnyDay|[upkeep]\n|-heal|p1b: Hollywood Hogan|72\/100|[from] item: Leftovers\n|upkeep\n|turn|5\n|\n|t:|1683851463\n|move|p2b: Dragonite|Extreme Speed|p1b: Hollywood Hogan\n|-damage|p1b: Hollywood Hogan|42\/100\n|move|p2a: Murkrow|Taunt|p1b: Hollywood Hogan\n|-immune|p1b: Hollywood Hogan|[from] ability: Oblivious\n|move|p1b: Hollywood Hogan|Tera Blast|p2a: Murkrow\n|-resisted|p2a: Murkrow\n|-damage|p2a: Murkrow|0 fnt\n|faint|p2a: Murkrow\n|\n|-weather|SunnyDay|[upkeep]\n|-heal|p1b: Hollywood Hogan|48\/100|[from] item: Leftovers\n|upkeep\n|\n|t:|1683851483\n|switch|p2a: Flutter Mane|Flutter Mane, L50|100\/100\n|-activate|p2a: Flutter Mane|ability: Protosynthesis\n|-start|p2a: Flutter Mane|protosynthesisspa\n|turn|6\n|\n|t:|1683851508\n|move|p2a: Flutter Mane|Protect|p2a: Flutter Mane\n|-singleturn|p2a: Flutter Mane|Protect\n|move|p2b: Dragonite|Extreme Speed|p1b: Hollywood Hogan\n|-damage|p1b: Hollywood Hogan|14\/100\n|move|p1b: Hollywood Hogan|Tera Blast|p2a: Flutter Mane\n|-activate|p2a: Flutter Mane|move: Protect\n|\n|-weather|SunnyDay|[upkeep]\n|-heal|p1b: Hollywood Hogan|20\/100|[from] item: Leftovers\n|upkeep\n|turn|7\n|\n|t:|1683851523\n|move|p2b: Dragonite|Extreme Speed|p1b: Hollywood Hogan\n|-damage|p1b: Hollywood Hogan|0 fnt\n|faint|p1b: Hollywood Hogan\n|move|p2a: Flutter Mane|Dazzling Gleam|p1a: Scott Hall\n|-supereffective|p1a: Scott Hall\n|-damage|p1a: Scott Hall|0 fnt\n|faint|p1a: Scott Hall\n|\n|-weather|SunnyDay|[upkeep]\n|upkeep\n|\n|t:|1683851545\n|switch|p1b: Sting|Glimmora, L50, M, shiny|10\/100\n|turn|8\n|-message|tatsugirideeznuts forfeited.\n|\n|win|revocolombia\n|raw|tatsugirideeznuts's rating: 1399 → 1374<\/strong> (-25 for losing)\n|raw|revocolombia's rating: 1317 → 1342<\/strong> (+25 for winning)\n|l|\u2606tatsugirideeznuts\n","uploadtime":1683851558,"views":9,"p1id":"tatsugirideeznuts","p2id":"revocolombia","formatid":"gen9vgc2023regulationc","rating":1342,"private":0,"password":""}