{"id":"gen9vgc2023regulationc-1858119718","p1":"CryogonationInc","p2":"yollaxi","format":"[Gen 9] VGC 2023 Regulation C","log":"|j|\u2606CryogonationInc\n|j|\u2606yollaxi\n|t:|1683278858\n|gametype|doubles\n|player|p1|CryogonationInc|brycen|1086\n|player|p2|yollaxi|li|1026\n|teamsize|p1|6\n|teamsize|p2|4\n|gen|9\n|tier|[Gen 9] VGC 2023 Regulation C\n|rated|\n|rule|Species Clause: Limit one of each Pok\u00e9mon\n|rule|Item Clause: Limit one of each item\n|clearpoke\n|poke|p1|Cryogonal, L50|\n|poke|p1|Camerupt, L50, F|\n|poke|p1|Hatterene, L50, F|\n|poke|p1|Rabsca, L50, M|\n|poke|p1|Oranguru, L50, F|\n|poke|p1|Scizor, L50, M|\n|poke|p2|Tauros-Paldea-Aqua, L50, M|\n|poke|p2|Veluza, L50, F|\n|poke|p2|Wugtrio, L50, F|\n|poke|p2|Crabominable, L50, M|\n|teampreview|4\n|inactive|Battle timer is ON: inactive players will automatically lose when time's up. (requested by yollaxi)\n|inactive|CryogonationInc also wants the timer to be on.\n|inactive|CryogonationInc has 60 seconds left.\n|\n|t:|1683278900\n|start\n|switch|p1a: Hatterene|Hatterene, L50, F|100\/100\n|switch|p1b: Scizor|Scizor, L50, M|100\/100\n|switch|p2a: Tauros|Tauros-Paldea-Aqua, L50, M|100\/100\n|switch|p2b: Wugtrio|Wugtrio, L50, F|100\/100\n|-ability|p2a: Tauros|Intimidate|boost\n|-unboost|p1a: Hatterene|atk|1\n|-unboost|p1b: Scizor|atk|1\n|turn|1\n|inactive|yollaxi has 30 seconds left.\n|\n|t:|1683278926\n|-terastallize|p2a: Tauros|Fire\n|move|p2b: Wugtrio|Surf|p1a: Hatterene|[spread] p2a,p1a,p1b\n|-supereffective|p2a: Tauros\n|-damage|p2a: Tauros|73\/100\n|-damage|p1a: Hatterene|91\/100\n|-damage|p1b: Scizor|90\/100\n|-enditem|p2a: Tauros|Weakness Policy\n|-boost|p2a: Tauros|atk|2|[from] item: Weakness Policy\n|-boost|p2a: Tauros|spa|2|[from] item: Weakness Policy\n|move|p2a: Tauros|Raging Bull|p1a: Hatterene\n|-damage|p1a: Hatterene|1\/100\n|move|p1b: Scizor|U-turn|p2b: Wugtrio\n|-damage|p2b: Wugtrio|22\/100\n|\n|t:|1683278939\n|switch|p1b: Oranguru|Oranguru, L50, F|100\/100|[from] U-turn\n|move|p1a: Hatterene|Trick Room|p1a: Hatterene\n|-fieldstart|move: Trick Room|[of] p1a: Hatterene\n|\n|upkeep\n|turn|2\n|\n|t:|1683278957\n|move|p2b: Wugtrio|Aqua Jet|p1a: Hatterene\n|-damage|p1a: Hatterene|0 fnt\n|faint|p1a: Hatterene\n|move|p1b: Oranguru|Instruct|p1: Hatterene|[notarget]\n|-fail|p1b: Oranguru\n|move|p2a: Tauros|Raging Bull|p1b: Oranguru\n|-damage|p1b: Oranguru|16\/100\n|\n|upkeep\n|\n|t:|1683278966\n|switch|p1a: Scizor|Scizor, L50, M|90\/100\n|turn|3\n|\n|t:|1683278976\n|move|p1a: Scizor|Bullet Punch|p2b: Wugtrio\n|-resisted|p2b: Wugtrio\n|-damage|p2b: Wugtrio|0 fnt\n|faint|p2b: Wugtrio\n|move|p1b: Oranguru|Psychic|p2a: Tauros\n|-crit|p2a: Tauros\n|-damage|p2a: Tauros|0 fnt\n|faint|p2a: Tauros\n|-damage|p1b: Oranguru|7\/100|[from] item: Life Orb\n|\n|upkeep\n|\n|t:|1683278982\n|switch|p2a: Veluza|Veluza, L50, F|100\/100\n|switch|p2b: Crabominable|Crabominable, L50, M|100\/100\n|turn|4\n|inactive|CryogonationInc has 30 seconds left.\n|\n|t:|1683279008\n|move|p1b: Oranguru|Protect|p1b: Oranguru\n|-singleturn|p1b: Oranguru|Protect\n|move|p2a: Veluza|Protect|p2a: Veluza\n|-singleturn|p2a: Veluza|Protect\n|move|p1a: Scizor|Bullet Punch|p2b: Crabominable\n|-supereffective|p2b: Crabominable\n|-damage|p2b: Crabominable|0 fnt\n|faint|p2b: Crabominable\n|\n|upkeep\n|turn|5\n|\n|t:|1683279024\n|move|p1a: Scizor|Bullet Punch|p2a: Veluza\n|-resisted|p2a: Veluza\n|-damage|p2a: Veluza|66\/100\n|move|p1b: Oranguru|Encore|p2a: Veluza\n|-start|p2a: Veluza|Encore\n|move|p2a: Veluza|Protect||[still]\n|-fail|p2a: Veluza\n|\n|-fieldend|move: Trick Room\n|upkeep\n|turn|6\n|\n|t:|1683279036\n|switch|p1b: Rabsca|Rabsca, L50, M|100\/100\n|move|p2a: Veluza|Protect|p2a: Veluza\n|-singleturn|p2a: Veluza|Protect\n|move|p1a: Scizor|Bullet Punch|p2a: Veluza\n|-activate|p2a: Veluza|move: Protect\n|\n|upkeep\n|turn|7\n|\n|t:|1683279046\n|move|p2a: Veluza|Protect||[still]\n|-fail|p2a: Veluza\n|move|p1a: Scizor|Bullet Punch|p2a: Veluza\n|-resisted|p2a: Veluza\n|-damage|p2a: Veluza|31\/100\n|-enditem|p2a: Veluza|Sitrus Berry|[eat]\n|-heal|p2a: Veluza|56\/100|[from] item: Sitrus Berry\n|move|p1b: Rabsca|Bug Buzz|p2a: Veluza\n|-supereffective|p2a: Veluza\n|-damage|p2a: Veluza|0 fnt\n|faint|p2a: Veluza\n|\n|win|CryogonationInc\n|raw|CryogonationInc's rating: 1086 → 1108<\/strong> (+22 for winning)\n|raw|yollaxi's rating: 1026 → 1014<\/strong> (-12 for losing)\n|l|\u2606yollaxi\n","uploadtime":1683279059,"views":14,"p1id":"cryogonationinc","p2id":"yollaxi","formatid":"gen9vgc2023regulationc","rating":1014,"private":0,"password":""}