{"id":"gen9vgc2023regulationc-1864243854","p1":"k58462312","p2":"Sikev","format":"[Gen 9] VGC 2023 Regulation C","log":"|j|\u2606k58462312\n|j|\u2606Sikev\n|t:|1684143472\n|gametype|doubles\n|player|p1|k58462312|riley|1225\n|player|p2|Sikev|blue|1204\n|teamsize|p1|6\n|teamsize|p2|6\n|gen|9\n|tier|[Gen 9] VGC 2023 Regulation C\n|rated|\n|rule|Species Clause: Limit one of each Pok\u00e9mon\n|rule|Item Clause: Limit one of each item\n|clearpoke\n|poke|p1|Abomasnow, L50, F|\n|poke|p1|Iron Bundle, L50|\n|poke|p1|Chien-Pao, L50|\n|poke|p1|Dragonite, L50, F|\n|poke|p1|Dondozo, L50, F|\n|poke|p1|Tatsugiri, L50, F|\n|poke|p2|Annihilape, L50, M|\n|poke|p2|Wo-Chien, L50|\n|poke|p2|Flutter Mane, L50|\n|poke|p2|Gastrodon, L50, M|\n|poke|p2|Chi-Yu, L50|\n|poke|p2|Dragonite, L50, M|\n|teampreview|4\n|inactive|Battle timer is ON: inactive players will automatically lose when time's up. (requested by Sikev)\n|\n|t:|1684143497\n|start\n|switch|p1a: Iron Bundle|Iron Bundle, L50|100\/100\n|switch|p1b: Abomasnow|Abomasnow, L50, F|100\/100\n|switch|p2a: Flutter Mane|Flutter Mane, L50|100\/100\n|switch|p2b: Chi-Yu|Chi-Yu, L50|100\/100\n|-ability|p2b: Chi-Yu|Beads of Ruin\n|-weather|Snow|[from] ability: Snow Warning|[of] p1b: Abomasnow\n|-enditem|p1a: Iron Bundle|Booster Energy\n|-activate|p1a: Iron Bundle|ability: Quark Drive|[fromitem]\n|-start|p1a: Iron Bundle|quarkdrivespe\n|turn|1\n|\n|t:|1684143519\n|move|p2b: Chi-Yu|Protect|p2b: Chi-Yu\n|-singleturn|p2b: Chi-Yu|Protect\n|move|p1a: Iron Bundle|Hydro Pump|p2b: Chi-Yu\n|-activate|p2b: Chi-Yu|move: Protect\n|move|p2a: Flutter Mane|Thunderbolt|p1a: Iron Bundle\n|-supereffective|p1a: Iron Bundle\n|-damage|p1a: Iron Bundle|0 fnt\n|faint|p1a: Iron Bundle\n|-end|p1a: Iron Bundle|Quark Drive|[silent]\n|move|p1b: Abomasnow|Blizzard|p2b: Chi-Yu|[spread] p2a\n|-activate|p2b: Chi-Yu|move: Protect\n|-damage|p2a: Flutter Mane|46\/100\n|-status|p2a: Flutter Mane|frz\n|\n|-weather|Snow|[upkeep]\n|upkeep\n|\n|t:|1684143537\n|switch|p1a: Dondozo|Dondozo, L50, F|100\/100\n|turn|2\n|\n|t:|1684143558\n|switch|p1b: Tatsugiri|Tatsugiri, L50, F|100\/100\n|-activate|p1b: Tatsugiri|ability: Commander|[of] p1a: Dondozo\n|-boost|p1a: Dondozo|atk|2\n|-boost|p1a: Dondozo|spa|2\n|-boost|p1a: Dondozo|spe|2\n|-boost|p1a: Dondozo|def|2\n|-boost|p1a: Dondozo|spd|2\n|-terastallize|p2b: Chi-Yu|Water\n|cant|p2a: Flutter Mane|frz\n|move|p2b: Chi-Yu|Heat Wave|p1a: Dondozo|[spread] p1a\n|-miss|p2b: Chi-Yu|p1b: Tatsugiri\n|-resisted|p1a: Dondozo\n|-damage|p1a: Dondozo|82\/100\n|-damage|p2b: Chi-Yu|91\/100|[from] item: Life Orb\n|move|p1a: Dondozo|Earthquake|p2a: Flutter Mane|[spread] p2a,p2b\n|-miss|p1a: Dondozo|p1b: Tatsugiri\n|-damage|p2a: Flutter Mane|0 fnt\n|-damage|p2b: Chi-Yu|7\/100\n|faint|p2a: Flutter Mane\n|-end|p2a: Flutter Mane|Protosynthesis|[silent]\n|\n|-weather|Snow|[upkeep]\n|upkeep\n|\n|t:|1684143577\n|switch|p2a: Wo-Chien|Wo-Chien, L50|100\/100\n|-ability|p2a: Wo-Chien|Tablets of Ruin\n|turn|3\n|\n|t:|1684143596\n|move|p2b: Chi-Yu|Protect|p2b: Chi-Yu\n|-singleturn|p2b: Chi-Yu|Protect\n|move|p1a: Dondozo|Earthquake|p2a: Wo-Chien|[spread] p2a\n|-miss|p1a: Dondozo|p1b: Tatsugiri\n|-activate|p2b: Chi-Yu|move: Protect\n|-resisted|p2a: Wo-Chien\n|-damage|p2a: Wo-Chien|85\/100\n|move|p2a: Wo-Chien|Giga Drain|p1a: Dondozo\n|-supereffective|p1a: Dondozo\n|-damage|p1a: Dondozo|33\/100\n|-heal|p2a: Wo-Chien|100\/100|[from] drain|[of] p1a: Dondozo\n|\n|-weather|Snow|[upkeep]\n|upkeep\n|turn|4\n|inactive|Sikev has 30 seconds left.\n|\n|t:|1684143623\n|move|p2b: Chi-Yu|Protect|p2b: Chi-Yu\n|-singleturn|p2b: Chi-Yu|Protect\n|move|p1a: Dondozo|Rest|p1a: Dondozo\n|-status|p1a: Dondozo|slp|[from] move: Rest\n|-heal|p1a: Dondozo|100\/100 slp|[silent]\n|-enditem|p1a: Dondozo|Chesto Berry|[eat]\n|-curestatus|p1a: Dondozo|slp|[msg]\n|move|p2a: Wo-Chien|Giga Drain|p1a: Dondozo\n|-supereffective|p1a: Dondozo\n|-damage|p1a: Dondozo|50\/100\n|\n|-weather|Snow|[upkeep]\n|upkeep\n|turn|5\n|\n|t:|1684143641\n|-terastallize|p1a: Dondozo|Grass\n|move|p2b: Chi-Yu|Dark Pulse|p1a: Dondozo\n|-damage|p1a: Dondozo|9\/100\n|-damage|p2b: Chi-Yu|0 fnt|[from] item: Life Orb\n|faint|p2b: Chi-Yu\n|move|p1a: Dondozo|Earthquake|p2a: Wo-Chien|[spread] p2a\n|-miss|p1a: Dondozo|p1b: Tatsugiri\n|-resisted|p2a: Wo-Chien\n|-damage|p2a: Wo-Chien|83\/100\n|move|p2a: Wo-Chien|Giga Drain|p1a: Dondozo\n|-resisted|p1a: Dondozo\n|-damage|p1a: Dondozo|0 fnt\n|-heal|p2a: Wo-Chien|88\/100|[from] drain|[of] p1a: Dondozo\n|faint|p1a: Dondozo\n|\n|-weather|Snow|[upkeep]\n|-heal|p2a: Wo-Chien|94\/100|[from] item: Leftovers\n|upkeep\n|\n|t:|1684143661\n|switch|p2b: Annihilape|Annihilape, L50, M|100\/100\n|switch|p1a: Abomasnow|Abomasnow, L50, F|100\/100\n|turn|6\n|\n|t:|1684143678\n|move|p2a: Wo-Chien|Protect|p2a: Wo-Chien\n|-singleturn|p2a: Wo-Chien|Protect\n|move|p1b: Tatsugiri|Dragon Pulse|p2a: Wo-Chien\n|-activate|p2a: Wo-Chien|move: Protect\n|move|p2b: Annihilape|Drain Punch|p1a: Abomasnow\n|-supereffective|p1a: Abomasnow\n|-damage|p1a: Abomasnow|62\/100\n|move|p1a: Abomasnow|Blizzard|p2a: Wo-Chien|[spread] p2b\n|-activate|p2a: Wo-Chien|move: Protect\n|-damage|p2b: Annihilape|66\/100\n|\n|-weather|Snow|[upkeep]\n|-heal|p2a: Wo-Chien|100\/100|[from] item: Leftovers\n|upkeep\n|turn|7\n|\n|t:|1684143697\n|move|p1b: Tatsugiri|Dragon Pulse|p2b: Annihilape\n|-damage|p2b: Annihilape|31\/100\n|move|p2b: Annihilape|Drain Punch|p1a: Abomasnow\n|-supereffective|p1a: Abomasnow\n|-damage|p1a: Abomasnow|24\/100\n|-heal|p2b: Annihilape|47\/100|[from] drain|[of] p1a: Abomasnow\n|move|p1a: Abomasnow|Blizzard|p2a: Wo-Chien|[spread] p2a,p2b\n|-supereffective|p2a: Wo-Chien\n|-damage|p2a: Wo-Chien|49\/100\n|-damage|p2b: Annihilape|16\/100\n|move|p2a: Wo-Chien|Giga Drain|p1b: Tatsugiri\n|-damage|p1b: Tatsugiri|55\/100\n|-heal|p2a: Wo-Chien|67\/100|[from] drain|[of] p1b: Tatsugiri\n|\n|-weather|Snow|[upkeep]\n|-heal|p2a: Wo-Chien|73\/100|[from] item: Leftovers\n|upkeep\n|turn|8\n|\n|t:|1684143720\n|move|p2b: Annihilape|Protect|p2b: Annihilape\n|-singleturn|p2b: Annihilape|Protect\n|move|p1a: Abomasnow|Protect|p1a: Abomasnow\n|-singleturn|p1a: Abomasnow|Protect\n|move|p1b: Tatsugiri|Dragon Pulse|p2b: Annihilape\n|-activate|p2b: Annihilape|move: Protect\n|move|p2a: Wo-Chien|Giga Drain|p1b: Tatsugiri\n|-damage|p1b: Tatsugiri|11\/100\n|-heal|p2a: Wo-Chien|90\/100|[from] drain|[of] p1b: Tatsugiri\n|\n|-weather|none\n|-heal|p2a: Wo-Chien|96\/100|[from] item: Leftovers\n|upkeep\n|turn|9\n|\n|t:|1684143740\n|move|p1b: Tatsugiri|Dragon Pulse|p2b: Annihilape\n|-damage|p2b: Annihilape|0 fnt\n|faint|p2b: Annihilape\n|move|p1a: Abomasnow|Blizzard|p2a: Wo-Chien\n|-supereffective|p2a: Wo-Chien\n|-damage|p2a: Wo-Chien|24\/100\n|-status|p2a: Wo-Chien|frz\n|cant|p2a: Wo-Chien|frz\n|\n|-heal|p2a: Wo-Chien|30\/100 frz|[from] item: Leftovers\n|upkeep\n|turn|10\n|c|\u2606Sikev|terrible time for freezng!\n|inactive|k58462312 has 30 seconds left.\n|inactive|k58462312 has 20 seconds left.\n|inactive|k58462312 has 15 seconds left.\n|inactive|k58462312 has 10 seconds left.\n|inactive|k58462312 has 5 seconds left.\n|\n|t:|1684143791\n|move|p1b: Tatsugiri|Dragon Pulse|p2a: Wo-Chien\n|-damage|p2a: Wo-Chien|2\/100 frz\n|move|p1a: Abomasnow|Energy Ball|p2a: Wo-Chien\n|-resisted|p2a: Wo-Chien\n|-damage|p2a: Wo-Chien|0 fnt\n|faint|p2a: Wo-Chien\n|\n|win|k58462312\n|raw|k58462312's rating: 1225 → 1248<\/strong> (+23 for winning)\n|raw|Sikev's rating: 1204 → 1181<\/strong> (-23 for losing)\n|l|\u2606Sikev\n","uploadtime":1684143803,"views":14,"p1id":"k58462312","p2id":"sikev","formatid":"gen9vgc2023regulationc","rating":1181,"private":0,"password":""}