{"id":"gen9vgc2023regulationc-1857847173","p1":"MafuMafuSimpSimp","p2":"DarkPine60","format":"[Gen 9] VGC 2023 Regulation C","log":"|j|\u2606MafuMafuSimpSimp\n|j|\u2606DarkPine60\n|t:|1683238302\n|gametype|doubles\n|player|p1|MafuMafuSimpSimp|crasherwake|1368\n|player|p2|DarkPine60|drayden|1363\n|teamsize|p1|6\n|teamsize|p2|6\n|gen|9\n|tier|[Gen 9] VGC 2023 Regulation C\n|rated|\n|rule|Species Clause: Limit one of each Pok\u00e9mon\n|rule|Item Clause: Limit one of each item\n|clearpoke\n|poke|p1|Maushold, L50|\n|poke|p1|Annihilape, L50, F|\n|poke|p1|Flutter Mane, L50|\n|poke|p1|Chi-Yu, L50|\n|poke|p1|Amoonguss, L50, M|\n|poke|p1|Iron Bundle, L50|\n|poke|p2|Chien-Pao, L50|\n|poke|p2|Palafin, L50, M|\n|poke|p2|Corviknight, L50, F|\n|poke|p2|Volcarona, L50, F|\n|poke|p2|Gothitelle, L50, M|\n|poke|p2|Iron Hands, L50|\n|teampreview|4\n|inactive|Battle timer is ON: inactive players will automatically lose when time's up. (requested by DarkPine60)\nMafuMafuSimpSimp has agreed to open team sheets.\n|inactive|DarkPine60 has 60 seconds left.\nDarkPine60 has agreed to open team sheets.\n|inactive|DarkPine60 has 30 seconds left.\n|inactive|DarkPine60 has 20 seconds left.\n|\n|t:|1683238374\n|start\n|switch|p1a: Annihilape|Annihilape, L50, F|100\/100\n|switch|p1b: Maushold|Maushold, L50|100\/100\n|switch|p2a: Palafin|Palafin, L50, M, shiny|100\/100\n|switch|p2b: Chien-Pao|Chien-Pao, L50|100\/100\n|-ability|p2b: Chien-Pao|Sword of Ruin\n|turn|1\n|\n|t:|1683238393\n|move|p2a: Palafin|Jet Punch|p1b: Maushold\n|-damage|p1b: Maushold|54\/100\n|move|p2b: Chien-Pao|Ice Spinner|p1b: Maushold\n|-damage|p1b: Maushold|0 fnt\n|faint|p1b: Maushold\n|move|p1a: Annihilape|Rage Fist|p2a: Palafin\n|-damage|p2a: Palafin|60\/100\n|\n|upkeep\n|\n|t:|1683238399\n|switch|p1b: Asunguss|Amoonguss, L50, M|100\/100\n|turn|2\n|\n|t:|1683238420\n|detailschange|p2a: Palafin|Palafin-Hero, L50, M, shiny\n|switch|p2a: Volcarona|Volcarona, L50, F|100\/100\n|-terastallize|p1b: Asunguss|Water\n|move|p2b: Chien-Pao|Ice Spinner|p1b: Asunguss\n|-resisted|p1b: Asunguss\n|-damage|p1b: Asunguss|83\/100\n|move|p1a: Annihilape|Bulk Up|p1a: Annihilape\n|-boost|p1a: Annihilape|atk|1\n|-boost|p1a: Annihilape|def|1\n|move|p1b: Asunguss|Spore|p2b: Chien-Pao\n|-status|p2b: Chien-Pao|slp|[from] move: Spore\n|\n|upkeep\n|turn|3\n|inactive|MafuMafuSimpSimp has 30 seconds left.\n|inactive|DarkPine60 has 30 seconds left.\n|inactive|MafuMafuSimpSimp has 20 seconds left.\n|inactive|MafuMafuSimpSimp has 15 seconds left.\n|inactive|MafuMafuSimpSimp has 10 seconds left.\n|inactive|MafuMafuSimpSimp has 5 seconds left.\n|\n|t:|1683238470\n|switch|p2b: Palafin|Palafin-Hero, L50, M, shiny|60\/100\n|-activate|p2b: Palafin|ability: Zero to Hero\n|-terastallize|p2a: Volcarona|Grass\n|move|p1b: Asunguss|Rage Powder|p1b: Asunguss\n|-singleturn|p1b: Asunguss|move: Rage Powder\n|move|p2a: Volcarona|Quiver Dance|p2a: Volcarona\n|-boost|p2a: Volcarona|spa|1\n|-boost|p2a: Volcarona|spd|1\n|-boost|p2a: Volcarona|spe|1\n|move|p1a: Annihilape|Rage Fist|p2a: Volcarona\n|-damage|p2a: Volcarona|50\/100\n|-status|p1a: Annihilape|brn|[from] ability: Flame Body|[of] p2a: Volcarona\n|-enditem|p1a: Annihilape|Lum Berry|[eat]\n|-curestatus|p1a: Annihilape|brn|[msg]\n|\n|-heal|p2a: Volcarona|57\/100|[from] item: Leftovers\n|upkeep\n|turn|4\n|inactive|DarkPine60 has 30 seconds left.\n|\n|t:|1683238506\n|move|p2b: Palafin|Protect|p2b: Palafin\n|-singleturn|p2b: Palafin|Protect\n|move|p1b: Asunguss|Protect|p1b: Asunguss\n|-singleturn|p1b: Asunguss|Protect\n|move|p2a: Volcarona|Giga Drain|p1b: Asunguss\n|-activate|p1b: Asunguss|move: Protect\n|move|p1a: Annihilape|Rage Fist|p2b: Palafin\n|-activate|p2b: Palafin|move: Protect\n|\n|-heal|p2a: Volcarona|63\/100|[from] item: Leftovers\n|upkeep\n|turn|5\n|\n|t:|1683238525\n|switch|p1b: Flutter Pain|Flutter Mane, L50|100\/100\n|move|p2a: Volcarona|Giga Drain|p1b: Flutter Pain\n|-damage|p1b: Flutter Pain|42\/100\n|-heal|p2a: Volcarona|83\/100|[from] drain|[of] p1b: Flutter Pain\n|move|p2b: Palafin|Haze|p2b: Palafin\n|-clearallboost\n|move|p1a: Annihilape|Rage Fist|p2b: Palafin\n|-damage|p2b: Palafin|36\/100\n|\n|-heal|p2a: Volcarona|89\/100|[from] item: Leftovers\n|upkeep\n|turn|6\n|\n|t:|1683238545\n|-end|p1b: Flutter Pain|Protosynthesis|[silent]\n|switch|p1b: Asunguss|Amoonguss, L50, M, tera:Water|100\/100\n|move|p2b: Palafin|Jet Punch|p1b: Asunguss\n|-resisted|p1b: Asunguss\n|-damage|p1b: Asunguss|84\/100\n|move|p2a: Volcarona|Quiver Dance|p2a: Volcarona\n|-boost|p2a: Volcarona|spa|1\n|-boost|p2a: Volcarona|spd|1\n|-boost|p2a: Volcarona|spe|1\n|move|p1a: Annihilape|Drain Punch|p2b: Palafin\n|-damage|p2b: Palafin|1\/100\n|\n|-heal|p2a: Volcarona|95\/100|[from] item: Leftovers\n|upkeep\n|turn|7\n|inactive|DarkPine60 has 30 seconds left.\n|\n|t:|1683238580\n|move|p1b: Asunguss|Protect|p1b: Asunguss\n|-singleturn|p1b: Asunguss|Protect\n|move|p2a: Volcarona|Fiery Dance|p1a: Annihilape\n|-damage|p1a: Annihilape|44\/100\n|move|p2b: Palafin|Wave Crash|p1a: Annihilape\n|-damage|p1a: Annihilape|0 fnt\n|faint|p1a: Annihilape\n|-damage|p2b: Palafin|0 fnt|[from] Recoil\n|faint|p2b: Palafin\n|\n|-heal|p2a: Volcarona|100\/100|[from] item: Leftovers\n|upkeep\n|\n|t:|1683238596\n|switch|p2b: Chien-Pao|Chien-Pao, L50|100\/100 slp\n|switch|p1a: Flutter Pain|Flutter Mane, L50|42\/100\n|-ability|p2b: Chien-Pao|Sword of Ruin\n|turn|8\n|\n|t:|1683238607\n|cant|p2b: Chien-Pao|slp\n|move|p1b: Asunguss|Rage Powder|p1b: Asunguss\n|-singleturn|p1b: Asunguss|move: Rage Powder\n|move|p2a: Volcarona|Fiery Dance|p1a: Flutter Pain\n|-damage|p1a: Flutter Pain|0 fnt\n|faint|p1a: Flutter Pain\n|-end|p1a: Flutter Pain|Protosynthesis|[silent]\n|\n|upkeep\n|turn|9\n|c|\u2606MafuMafuSimpSimp|ggg\n|-message|MafuMafuSimpSimp forfeited.\n|\n|win|DarkPine60\n|raw|MafuMafuSimpSimp's rating: 1368 → 1348<\/strong> (-20 for losing)\n|raw|DarkPine60's rating: 1363 → 1383<\/strong> (+20 for winning)\n|l|\u2606MafuMafuSimpSimp\n","uploadtime":1683238631,"views":5,"p1id":"mafumafusimpsimp","p2id":"darkpine60","formatid":"gen9vgc2023regulationc","rating":1348,"private":0,"password":""}