{"id":"gen9vgc2023regulationc-1851165634","p1":"Rockxrock","p2":"MareeohYT","format":"[Gen 9] VGC 2023 Regulation C","log":"|j|\u2606Rockxrock\n|j|\u2606MareeohYT\n|t:|1682419681\n|gametype|doubles\n|player|p1|Rockxrock|169|1456\n|player|p2|MareeohYT|policeman-gen4|1372\n|teamsize|p1|6\n|teamsize|p2|6\n|gen|9\n|tier|[Gen 9] VGC 2023 Regulation C\n|rated|\n|rule|Species Clause: Limit one of each Pok\u00e9mon\n|rule|Item Clause: Limit one of each item\n|clearpoke\n|poke|p1|Lycanroc, L50, M|\n|poke|p1|Tyranitar, L50, F|\n|poke|p1|Garchomp, L50, F|\n|poke|p1|Gyarados, L50, F|\n|poke|p1|Flutter Mane, L50|\n|poke|p1|Tsareena, L50, F|\n|poke|p2|Tatsugiri, L50, F|\n|poke|p2|Pelipper, L50, F|\n|poke|p2|Tsareena, L50, F|\n|poke|p2|Kilowattrel, L50, F|\n|poke|p2|Gastrodon, L50, M|\n|poke|p2|Gholdengo, L50|\n|teampreview|4\n|\n|t:|1682419729\n|start\n|switch|p1a: Lycanroc|Lycanroc, L50, M|100\/100\n|switch|p1b: Garchomp|Garchomp, L50, F|100\/100\n|switch|p2a: Tatsugiri|Tatsugiri, L50, F|100\/100\n|switch|p2b: Pelipper|Pelipper, L50, F|100\/100\n|-weather|RainDance|[from] ability: Drizzle|[of] p2b: Pelipper\n|turn|1\n|\n|t:|1682419763\n|switch|p1b: Tyranitar|Tyranitar, L50, F|100\/100\n|-weather|Sandstorm|[from] ability: Sand Stream|[of] p1b: Tyranitar\n|switch|p2b: Gastrodon|Gastrodon, L50, M|100\/100\n|move|p1a: Lycanroc|Rock Slide|p2a: Tatsugiri|[spread] p2a,p2b\n|-resisted|p2b: Gastrodon\n|-damage|p2a: Tatsugiri|48\/100\n|-damage|p2b: Gastrodon|86\/100\n|move|p2a: Tatsugiri|Surf|p1a: Lycanroc|[spread] p1a,p1b\n|-ability|p2b: Gastrodon|Storm Drain|boost\n|-boost|p2b: Gastrodon|spa|1\n|-supereffective|p1a: Lycanroc\n|-supereffective|p1b: Tyranitar\n|-damage|p1a: Lycanroc|32\/100\n|-damage|p1b: Tyranitar|75\/100\n|\n|-weather|Sandstorm|[upkeep]\n|-damage|p2a: Tatsugiri|41\/100|[from] Sandstorm\n|-heal|p2b: Gastrodon|92\/100|[from] item: Leftovers\n|upkeep\n|turn|2\n|\n|t:|1682419807\n|switch|p2b: Pelipper|Pelipper, L50, F|100\/100\n|-weather|RainDance|[from] ability: Drizzle|[of] p2b: Pelipper\n|-terastallize|p2a: Tatsugiri|Water\n|-terastallize|p1b: Tyranitar|Flying\n|move|p2a: Tatsugiri|Surf|p1a: Lycanroc|[spread] p2b,p1a,p1b\n|-resisted|p2b: Pelipper\n|-supereffective|p1a: Lycanroc\n|-crit|p1a: Lycanroc\n|-damage|p2b: Pelipper|71\/100\n|-damage|p1a: Lycanroc|0 fnt\n|-damage|p1b: Tyranitar|38\/100\n|faint|p1a: Lycanroc\n|move|p1b: Tyranitar|Assurance|p2b: Pelipper\n|-damage|p2b: Pelipper|6\/100\n|\n|-weather|RainDance|[upkeep]\n|upkeep\n|\n|t:|1682419822\n|switch|p1a: Garchomp|Garchomp, L50, F|100\/100\n|turn|3\n|\n|t:|1682419834\n|switch|p1b: Tsareena|Tsareena, L50, F|100\/100\n|switch|p2b: Gastrodon|Gastrodon, L50, M|92\/100\n|move|p2a: Tatsugiri|Surf|p1a: Garchomp|[spread] p1a,p1b\n|-ability|p2b: Gastrodon|Storm Drain|boost\n|-boost|p2b: Gastrodon|spa|1\n|-resisted|p1b: Tsareena\n|-damage|p1a: Garchomp|36\/100\n|-damage|p1b: Tsareena|69\/100\n|move|p1a: Garchomp|Dragon Claw|p2b: Gastrodon\n|-damage|p2b: Gastrodon|48\/100\n|\n|-weather|RainDance|[upkeep]\n|-heal|p2b: Gastrodon|54\/100|[from] item: Leftovers\n|upkeep\n|turn|4\n|\n|t:|1682419880\n|move|p1a: Garchomp|Protect|p1a: Garchomp\n|-singleturn|p1a: Garchomp|Protect\n|move|p2a: Tatsugiri|Surf|p1b: Tsareena|[spread] p1b\n|-activate|p1a: Garchomp|move: Protect\n|-ability|p2b: Gastrodon|Storm Drain|boost\n|-boost|p2b: Gastrodon|spa|1\n|-resisted|p1b: Tsareena\n|-damage|p1b: Tsareena|42\/100\n|-enditem|p1b: Tsareena|Sitrus Berry|[eat]\n|-heal|p1b: Tsareena|66\/100|[from] item: Sitrus Berry\n|move|p1b: Tsareena|Trop Kick|p2b: Gastrodon\n|-supereffective|p2b: Gastrodon\n|-damage|p2b: Gastrodon|0 fnt\n|faint|p2b: Gastrodon\n|\n|-weather|RainDance|[upkeep]\n|upkeep\n|\n|t:|1682419917\n|switch|p2b: Pelipper|Pelipper, L50, F|6\/100\n|turn|5\n|\n|t:|1682419950\n|switch|p1a: Tyranitar|Tyranitar, L50, F, tera:Flying|38\/100\n|-weather|Sandstorm|[from] ability: Sand Stream|[of] p1a: Tyranitar\n|move|p2a: Tatsugiri|Surf|p1b: Tsareena|[spread] p2b,p1a,p1b\n|-resisted|p2b: Pelipper\n|-resisted|p1b: Tsareena\n|-damage|p2b: Pelipper|0 fnt\n|-damage|p1a: Tyranitar|13\/100\n|-damage|p1b: Tsareena|46\/100\n|faint|p2b: Pelipper\n|move|p1b: Tsareena|Trop Kick|p2a: Tatsugiri\n|-supereffective|p2a: Tatsugiri\n|-damage|p2a: Tatsugiri|0 fnt\n|faint|p2a: Tatsugiri\n|\n|-weather|Sandstorm|[upkeep]\n|-damage|p1b: Tsareena|40\/100|[from] Sandstorm\n|-damage|p1a: Tyranitar|7\/100|[from] Sandstorm\n|upkeep\n|\n|t:|1682419956\n|switch|p2b: Gholdengo|Gholdengo, L50|100\/100\n|turn|6\n|\n|t:|1682419965\n|move|p1b: Tsareena|Protect|p1b: Tsareena\n|-singleturn|p1b: Tsareena|Protect\n|move|p2b: Gholdengo|Make It Rain|p1a: Tyranitar|[spread] p1a\n|-activate|p1b: Tsareena|move: Protect\n|-damage|p1a: Tyranitar|0 fnt\n|-unboost|p2b: Gholdengo|spa|1\n|faint|p1a: Tyranitar\n|\n|-weather|Sandstorm|[upkeep]\n|-damage|p1b: Tsareena|35\/100|[from] Sandstorm\n|upkeep\n|\n|t:|1682419970\n|switch|p1a: Garchomp|Garchomp, L50, F|36\/100\n|turn|7\n|\n|t:|1682419973\n|move|p1b: Tsareena|Helping Hand|p1a: Garchomp\n|-singleturn|p1a: Garchomp|Helping Hand|[of] p1b: Tsareena\n|move|p1a: Garchomp|Earthquake|p2b: Gholdengo|[spread] p1b,p2b\n|-resisted|p1b: Tsareena\n|-supereffective|p2b: Gholdengo\n|-damage|p1b: Tsareena|6\/100\n|-damage|p2b: Gholdengo|0 fnt\n|faint|p2b: Gholdengo\n|\n|win|Rockxrock\n|raw|Rockxrock's rating: 1456 → 1472<\/strong> (+16 for winning)\n|raw|MareeohYT's rating: 1391 → 1375<\/strong> (-16 for losing)\n|l|\u2606MareeohYT\n","uploadtime":1682419994,"views":6,"p1id":"rockxrock","p2id":"mareeohyt","formatid":"gen9vgc2023regulationc","rating":1375,"private":0,"password":""}