{"id":"gen9vgc2023regulationc-1847021188","p1":"leoroop","p2":"casellino","format":"[Gen 9] VGC 2023 Regulation C","log":"|j|\u2606leoroop\n|j|\u2606casellino\n|t:|1681912396\n|gametype|doubles\n|player|p1|leoroop|backpacker|1281\n|player|p2|casellino|169|1296\n|teamsize|p1|6\n|teamsize|p2|6\n|gen|9\n|tier|[Gen 9] VGC 2023 Regulation C\n|rated|\n|rule|Species Clause: Limit one of each Pok\u00e9mon\n|rule|Item Clause: Limit one of each item\n|clearpoke\n|poke|p1|Indeedee-F, L50, F|\n|poke|p1|Hawlucha, L50, M|\n|poke|p1|Flutter Mane, L50|\n|poke|p1|Arcanine, L50, M|\n|poke|p1|Sandy Shocks, L50|\n|poke|p1|Tyranitar, L50, F|\n|poke|p2|Scizor, L50, M|\n|poke|p2|Chien-Pao, L50|\n|poke|p2|Annihilape, L50, M|\n|poke|p2|Gastrodon, L50, M|\n|poke|p2|Gyarados, L50, M|\n|poke|p2|Arcanine, L50, F|\n|teampreview|4\n|inactive|Battle timer is ON: inactive players will automatically lose when time's up. (requested by casellino)\n|inactive|leoroop has 60 seconds left.\n|inactive|casellino has 60 seconds left.\n|\n|t:|1681912442\n|start\n|switch|p1a: Flutter Mane|Flutter Mane, L50|100\/100\n|switch|p1b: Indeedee|Indeedee-F, L50, F|100\/100\n|switch|p2a: Scizor|Scizor, L50, M|100\/100\n|switch|p2b: Chien-Pao|Chien-Pao, L50|100\/100\n|-ability|p2b: Chien-Pao|Sword of Ruin\n|-fieldstart|move: Psychic Terrain|[from] ability: Psychic Surge|[of] p1b: Indeedee\n|-enditem|p1a: Flutter Mane|Booster Energy\n|-activate|p1a: Flutter Mane|ability: Protosynthesis|[fromitem]\n|-start|p1a: Flutter Mane|protosynthesisspa\n|turn|1\n|inactive|leoroop has 30 seconds left.\n|inactive|casellino has 30 seconds left.\n|inactive|casellino has 20 seconds left.\n|inactive|casellino has 15 seconds left.\n|\n|t:|1681912482\n|-end|p1a: Flutter Mane|Protosynthesis|[silent]\n|switch|p1a: Arcanine|Arcanine, L50, M|100\/100\n|-ability|p1a: Arcanine|Intimidate|boost\n|-fail|p2a: Scizor|unboost|[from] item: Clear Amulet|[of] p2a: Scizor\n|-unboost|p2b: Chien-Pao|atk|1\n|-terastallize|p2a: Scizor|Fire\n|move|p1b: Indeedee|Protect|p1b: Indeedee\n|-singleturn|p1b: Indeedee|Protect\n|move|p2b: Chien-Pao|Ice Spinner|p1b: Indeedee\n|-activate|p1b: Indeedee|move: Protect\n|move|p2a: Scizor|Swords Dance|p2a: Scizor\n|-boost|p2a: Scizor|atk|2\n|\n|upkeep\n|turn|2\n|\n|t:|1681912503\n|move|p2b: Chien-Pao|Ice Spinner|p1b: Indeedee\n|-damage|p1b: Indeedee|66\/100\n|-fieldend|move: Psychic Terrain\n|move|p1a: Arcanine|Flare Blitz|p2b: Chien-Pao\n|-supereffective|p2b: Chien-Pao\n|-enditem|p2b: Chien-Pao|Focus Sash\n|-damage|p2b: Chien-Pao|1\/100\n|-damage|p1a: Arcanine|74\/100|[from] Recoil\n|move|p1b: Indeedee|Psychic|p2a: Scizor\n|-damage|p2a: Scizor|63\/100\n|move|p2a: Scizor|Swords Dance|p2a: Scizor\n|-boost|p2a: Scizor|atk|2\n|\n|upkeep\n|turn|3\n|inactive|casellino has 30 seconds left.\n|\n|t:|1681912530\n|move|p1a: Arcanine|Extreme Speed|p2a: Scizor\n|-damage|p2a: Scizor|35\/100\n|move|p2b: Chien-Pao|Sucker Punch||[still]\n|-fail|p2b: Chien-Pao\n|move|p2a: Scizor|Bullet Punch|p1b: Indeedee\n|-damage|p1b: Indeedee|0 fnt\n|faint|p1b: Indeedee\n|\n|upkeep\n|\n|t:|1681912544\n|switch|p1b: Flutter Mane|Flutter Mane, L50|100\/100\n|turn|4\n|\n|t:|1681912560\n|-terastallize|p1b: Flutter Mane|Water\n|move|p1a: Arcanine|Extreme Speed|p2b: Chien-Pao\n|-damage|p2b: Chien-Pao|0 fnt\n|faint|p2b: Chien-Pao\n|move|p2a: Scizor|Bullet Punch|p1b: Flutter Mane\n|-resisted|p1b: Flutter Mane\n|-damage|p1b: Flutter Mane|20\/100\n|move|p1b: Flutter Mane|Shadow Ball|p2a: Scizor\n|-damage|p2a: Scizor|0 fnt\n|faint|p2a: Scizor\n|\n|upkeep\n|\n|t:|1681912572\n|switch|p2b: Gyarados|Gyarados, L50, M|100\/100\n|switch|p2a: Arcanine|Arcanine, L50, F|100\/100\n|-ability|p2a: Arcanine|Intimidate|boost\n|-unboost|p1a: Arcanine|atk|1\n|-unboost|p1b: Flutter Mane|atk|1\n|-ability|p2b: Gyarados|Intimidate|boost\n|-unboost|p1a: Arcanine|atk|1\n|-unboost|p1b: Flutter Mane|atk|1\n|turn|5\n|\n|t:|1681912593\n|switch|p1a: Hawlucha|Hawlucha, L50, M|100\/100\n|move|p1b: Flutter Mane|Protect|p1b: Flutter Mane\n|-singleturn|p1b: Flutter Mane|Protect\n|move|p2a: Arcanine|Protect|p2a: Arcanine\n|-singleturn|p2a: Arcanine|Protect\n|move|p2b: Gyarados|Waterfall|p1b: Flutter Mane\n|-activate|p1b: Flutter Mane|move: Protect\n|\n|upkeep\n|turn|6\n|\n|t:|1681912611\n|move|p1b: Flutter Mane|Shadow Ball|p2a: Arcanine\n|-damage|p2a: Arcanine|65\/100\n|move|p1a: Hawlucha|Swords Dance|p1a: Hawlucha\n|-boost|p1a: Hawlucha|atk|2\n|move|p2a: Arcanine|Will-O-Wisp|p1a: Hawlucha\n|-status|p1a: Hawlucha|brn\n|move|p2b: Gyarados|Waterfall|p1b: Flutter Mane\n|-resisted|p1b: Flutter Mane\n|-damage|p1b: Flutter Mane|0 fnt\n|faint|p1b: Flutter Mane\n|-end|p1b: Flutter Mane|Protosynthesis|[silent]\n|\n|-damage|p1a: Hawlucha|95\/100 brn|[from] brn\n|upkeep\n|\n|t:|1681912622\n|switch|p1b: Arcanine|Arcanine, L50, M|74\/100\n|-ability|p1b: Arcanine|Intimidate|boost\n|-unboost|p2a: Arcanine|atk|1\n|-unboost|p2b: Gyarados|atk|1\n|turn|7\n|\n|t:|1681912638\n|move|p1a: Hawlucha|Swords Dance|p1a: Hawlucha\n|-boost|p1a: Hawlucha|atk|2\n|move|p1b: Arcanine|Will-O-Wisp|p2b: Gyarados\n|-status|p2b: Gyarados|brn\n|move|p2a: Arcanine|Flamethrower|p1a: Hawlucha\n|-damage|p1a: Hawlucha|38\/100 brn\n|move|p2b: Gyarados|Waterfall|p1b: Arcanine\n|-supereffective|p1b: Arcanine\n|-damage|p1b: Arcanine|47\/100\n|-enditem|p1b: Arcanine|Sitrus Berry|[eat]\n|-heal|p1b: Arcanine|71\/100|[from] item: Sitrus Berry\n|\n|-damage|p1a: Hawlucha|32\/100 brn|[from] brn\n|-damage|p2b: Gyarados|95\/100 brn|[from] brn\n|upkeep\n|turn|8\n|\n|t:|1681912660\n|move|p1a: Hawlucha|Protect|p1a: Hawlucha\n|-singleturn|p1a: Hawlucha|Protect\n|move|p1b: Arcanine|Extreme Speed|p2a: Arcanine\n|-damage|p2a: Arcanine|41\/100\n|move|p2a: Arcanine|Flamethrower|p1a: Hawlucha\n|-activate|p1a: Hawlucha|move: Protect\n|move|p2b: Gyarados|Waterfall|p1b: Arcanine\n|-supereffective|p1b: Arcanine\n|-damage|p1b: Arcanine|45\/100\n|\n|-damage|p1a: Hawlucha|26\/100 brn|[from] brn\n|-damage|p2b: Gyarados|89\/100 brn|[from] brn\n|upkeep\n|turn|9\n|inactive|leoroop has 30 seconds left.\n|\n|t:|1681912685\n|move|p1b: Arcanine|Protect|p1b: Arcanine\n|-singleturn|p1b: Arcanine|Protect\n|move|p2a: Arcanine|Protect|p2a: Arcanine\n|-singleturn|p2a: Arcanine|Protect\n|move|p1a: Hawlucha|Acrobatics|p2a: Arcanine\n|-activate|p2a: Arcanine|move: Protect\n|move|p2b: Gyarados|Waterfall|p1b: Arcanine\n|-activate|p1b: Arcanine|move: Protect\n|\n|-damage|p1a: Hawlucha|20\/100 brn|[from] brn\n|-damage|p2b: Gyarados|83\/100 brn|[from] brn\n|upkeep\n|turn|10\n|\n|t:|1681912701\n|move|p1b: Arcanine|Extreme Speed|p2b: Gyarados\n|-damage|p2b: Gyarados|59\/100 brn\n|move|p1a: Hawlucha|Acrobatics|p2a: Arcanine\n|-damage|p2a: Arcanine|0 fnt\n|faint|p2a: Arcanine\n|move|p2b: Gyarados|Waterfall|p1b: Arcanine\n|-supereffective|p1b: Arcanine\n|-damage|p1b: Arcanine|16\/100\n|\n|-damage|p1a: Hawlucha|14\/100 brn|[from] brn\n|-damage|p2b: Gyarados|53\/100 brn|[from] brn\n|upkeep\n|turn|11\n|\n|t:|1681912722\n|move|p1b: Arcanine|Extreme Speed|p2b: Gyarados\n|-crit|p2b: Gyarados\n|-damage|p2b: Gyarados|19\/100 brn\n|move|p1a: Hawlucha|Acrobatics|p2b: Gyarados\n|-damage|p2b: Gyarados|0 fnt\n|faint|p2b: Gyarados\n|\n|win|leoroop\n|raw|leoroop's rating: 1281 → 1307<\/strong> (+26 for winning)\n|raw|casellino's rating: 1296 → 1270<\/strong> (-26 for losing)\n|l|\u2606casellino\n","uploadtime":1681912732,"views":7,"p1id":"leoroop","p2id":"casellino","formatid":"gen9vgc2023regulationc","rating":1270,"private":0,"password":""}