{"id":"gen9vgc2023regulationc-1856511683","p1":"haoran zhou","p2":"HocusPocusAlakazam","format":"[Gen 9] VGC 2023 Regulation C","log":"|j|\u2606haoran zhou\n|j|\u2606HocusPocusAlakazam\n|t:|1683069939\n|gametype|doubles\n|player|p1|haoran zhou|silver|1218\n|player|p2|HocusPocusAlakazam|colress|1182\n|teamsize|p1|6\n|teamsize|p2|6\n|gen|9\n|tier|[Gen 9] VGC 2023 Regulation C\n|rated|\n|rule|Species Clause: Limit one of each Pok\u00e9mon\n|rule|Item Clause: Limit one of each item\n|clearpoke\n|poke|p1|Chien-Pao, L50|\n|poke|p1|Dragonite, L50, M|\n|poke|p1|Maushold, L50|\n|poke|p1|Annihilape, L50, F|\n|poke|p1|Farigiraf, L50, F|\n|poke|p1|Scizor, L50, F|\n|poke|p2|Arcanine, L50, F|\n|poke|p2|Amoonguss, L50, F|\n|poke|p2|Flutter Mane, L50|\n|poke|p2|Palafin, L50, F|\n|poke|p2|Baxcalibur, L50, F|\n|poke|p2|Ting-Lu, L50|\n|teampreview|4\n|inactive|Battle timer is ON: inactive players will automatically lose when time's up. (requested by haoran zhou)\nHocusPocusAlakazam has agreed to open team sheets.\n|inactive|haoran zhou has 60 seconds left.\n|inactive|HocusPocusAlakazam has 60 seconds left.\nhaoran zhou has agreed to open team sheets.\n|inactive|haoran zhou has 30 seconds left.\n|inactive|HocusPocusAlakazam has 30 seconds left.\n|inactive|haoran zhou has 20 seconds left.\n|inactive|HocusPocusAlakazam has 20 seconds left.\n|inactive|HocusPocusAlakazam has 15 seconds left.\n|\n|t:|1683070022\n|start\n|switch|p1a: Maushold|Maushold, L50|100\/100\n|switch|p1b: Scizor|Scizor, L50, F|100\/100\n|switch|p2a: Amoonguss|Amoonguss, L50, F|100\/100\n|switch|p2b: Baxcalibur|Baxcalibur, L50, F|100\/100\n|turn|1\n|inactive|haoran zhou has 30 seconds left.\n|\n|t:|1683070050\n|-terastallize|p2b: Baxcalibur|Poison\n|move|p1b: Scizor|Protect|p1b: Scizor\n|-singleturn|p1b: Scizor|Protect\n|move|p2a: Amoonguss|Protect|p2a: Amoonguss\n|-singleturn|p2a: Amoonguss|Protect\n|move|p1a: Maushold|Super Fang|p2b: Baxcalibur\n|-damage|p2b: Baxcalibur|51\/100\n|move|p2b: Baxcalibur|Glaive Rush|p1a: Maushold\n|-damage|p1a: Maushold|4\/100\n|-singlemove|p2b: Baxcalibur|Glaive Rush|[silent]\n|\n|upkeep\n|turn|2\n|\n|t:|1683070065\n|switch|p1b: Annihilape|Annihilape, L50, F|100\/100\n|move|p2a: Amoonguss|Rage Powder|p2a: Amoonguss\n|-singleturn|p2a: Amoonguss|move: Rage Powder\n|move|p2b: Baxcalibur|Ice Shard|p1a: Maushold\n|-damage|p1a: Maushold|0 fnt\n|faint|p1a: Maushold\n|\n|upkeep\n|\n|t:|1683070070\n|switch|p1a: Scizor|Scizor, L50, F|100\/100\n|turn|3\n|inactive|haoran zhou has 30 seconds left.\n|\n|t:|1683070099\n|move|p2b: Baxcalibur|Protect|p2b: Baxcalibur\n|-singleturn|p2b: Baxcalibur|Protect\n|move|p1a: Scizor|Protect|p1a: Scizor\n|-singleturn|p1a: Scizor|Protect\n|move|p1b: Annihilape|Bulk Up|p1b: Annihilape\n|-boost|p1b: Annihilape|atk|1\n|-boost|p1b: Annihilape|def|1\n|move|p2a: Amoonguss|Spore|p1b: Annihilape\n|-status|p1b: Annihilape|slp|[from] move: Spore\n|\n|upkeep\n|turn|4\n|\n|t:|1683070121\n|-terastallize|p1b: Annihilape|Fire\n|move|p1a: Scizor|Bullet Punch|p2b: Baxcalibur\n|-damage|p2b: Baxcalibur|10\/100\n|-damage|p1a: Scizor|91\/100|[from] item: Life Orb\n|cant|p1b: Annihilape|slp\n|move|p2b: Baxcalibur|Glaive Rush|p1b: Annihilape\n|-damage|p1b: Annihilape|53\/100 slp\n|-singlemove|p2b: Baxcalibur|Glaive Rush|[silent]\n|move|p2a: Amoonguss|Pollen Puff|p2b: Baxcalibur\n|-heal|p2b: Baxcalibur|60\/100\n|\n|-heal|p1b: Annihilape|59\/100 slp|[from] item: Leftovers\n|upkeep\n|turn|5\n|\n|t:|1683070141\n|move|p1a: Scizor|Protect|p1a: Scizor\n|-singleturn|p1a: Scizor|Protect\n|move|p2a: Amoonguss|Rage Powder|p2a: Amoonguss\n|-singleturn|p2a: Amoonguss|move: Rage Powder\n|cant|p1b: Annihilape|slp\n|move|p2b: Baxcalibur|Glaive Rush|p1b: Annihilape\n|-damage|p1b: Annihilape|11\/100 slp\n|-singlemove|p2b: Baxcalibur|Glaive Rush|[silent]\n|\n|-heal|p1b: Annihilape|17\/100 slp|[from] item: Leftovers\n|upkeep\n|turn|6\n|\n|t:|1683070158\n|cant|p1b: Annihilape|slp\n|move|p2a: Amoonguss|Rage Powder|p2a: Amoonguss\n|-singleturn|p2a: Amoonguss|move: Rage Powder\n|move|p1a: Scizor|Bullet Punch|p2a: Amoonguss\n|-damage|p2a: Amoonguss|66\/100\n|-damage|p1a: Scizor|82\/100|[from] item: Life Orb\n|move|p2b: Baxcalibur|Glaive Rush|p1b: Annihilape\n|-damage|p1b: Annihilape|0 fnt\n|-singlemove|p2b: Baxcalibur|Glaive Rush|[silent]\n|faint|p1b: Annihilape\n|\n|upkeep\n|\n|t:|1683070166\n|switch|p1b: Dragonite|Dragonite, L50, M|100\/100\n|turn|7\n|\n|t:|1683070179\n|move|p2b: Baxcalibur|Protect|p2b: Baxcalibur\n|-singleturn|p2b: Baxcalibur|Protect\n|move|p1a: Scizor|Bullet Punch|p2b: Baxcalibur\n|-activate|p2b: Baxcalibur|move: Protect\n|move|p1b: Dragonite|Ice Spinner|p2a: Amoonguss\n|-supereffective|p2a: Amoonguss\n|-damage|p2a: Amoonguss|17\/100\n|-enditem|p2a: Amoonguss|Sitrus Berry|[eat]\n|-heal|p2a: Amoonguss|42\/100|[from] item: Sitrus Berry\n|move|p2a: Amoonguss|Spore|p1a: Scizor\n|-status|p1a: Scizor|slp|[from] move: Spore\n|\n|upkeep\n|turn|8\n|\n|t:|1683070203\n|switch|p2a: Palafin|Palafin, L50, F|100\/100\n|cant|p1a: Scizor|slp\n|move|p2b: Baxcalibur|Ice Shard|p1b: Dragonite\n|-supereffective|p1b: Dragonite\n|-damage|p1b: Dragonite|57\/100\n|move|p1b: Dragonite|Ice Spinner|p2a: Palafin\n|-resisted|p2a: Palafin\n|-crit|p2a: Palafin\n|-damage|p2a: Palafin|74\/100\n|\n|upkeep\n|turn|9\n|\n|t:|1683070222\n|detailschange|p2a: Palafin|Palafin-Hero, L50, F\n|switch|p2a: Amoonguss|Amoonguss, L50, F|75\/100\n|move|p1b: Dragonite|Extreme Speed|p2b: Baxcalibur\n|-damage|p2b: Baxcalibur|35\/100\n|move|p2b: Baxcalibur|Ice Shard|p1b: Dragonite\n|-supereffective|p1b: Dragonite\n|-damage|p1b: Dragonite|0 fnt\n|faint|p1b: Dragonite\n|-curestatus|p1a: Scizor|slp|[msg]\n|move|p1a: Scizor|Close Combat|p2b: Baxcalibur\n|-resisted|p2b: Baxcalibur\n|-damage|p2b: Baxcalibur|10\/100\n|-unboost|p1a: Scizor|def|1\n|-unboost|p1a: Scizor|spd|1\n|-damage|p1a: Scizor|72\/100|[from] item: Life Orb\n|\n|upkeep\n|turn|10\n|\n|t:|1683070238\n|move|p2a: Amoonguss|Rage Powder|p2a: Amoonguss\n|-singleturn|p2a: Amoonguss|move: Rage Powder\n|move|p1a: Scizor|Bullet Punch|p2a: Amoonguss\n|-damage|p2a: Amoonguss|36\/100\n|-damage|p1a: Scizor|63\/100|[from] item: Life Orb\n|move|p2b: Baxcalibur|Glaive Rush|p1a: Scizor\n|-resisted|p1a: Scizor\n|-damage|p1a: Scizor|2\/100\n|-singlemove|p2b: Baxcalibur|Glaive Rush|[silent]\n|\n|upkeep\n|turn|11\n|\n|t:|1683070249\n|move|p2a: Amoonguss|Rage Powder|p2a: Amoonguss\n|-singleturn|p2a: Amoonguss|move: Rage Powder\n|move|p2b: Baxcalibur|Ice Shard|p1a: Scizor\n|-resisted|p1a: Scizor\n|-damage|p1a: Scizor|0 fnt\n|faint|p1a: Scizor\n|\n|win|HocusPocusAlakazam\n|raw|haoran zhou's rating: 1218 → 1190<\/strong> (-28 for losing)\n|raw|HocusPocusAlakazam's rating: 1182 → 1210<\/strong> (+28 for winning)\n","uploadtime":1683070256,"views":12,"p1id":"haoranzhou","p2id":"hocuspocusalakazam","formatid":"gen9vgc2023regulationc","rating":1190,"private":0,"password":""}