{"id":"gen9vgc2023regulationc-1857231661","p1":"my form empties","p2":"Bout It 27","format":"[Gen 9] VGC 2023 Regulation C","log":"|j|\u2606my form empties\n|j|\u2606Bout It 27\n|t:|1683161086\n|gametype|doubles\n|player|p1|my form empties|unknownf|1332\n|player|p2|Bout It 27|265|1348\n|teamsize|p1|6\n|teamsize|p2|6\n|gen|9\n|tier|[Gen 9] VGC 2023 Regulation C\n|rated|\n|rule|Species Clause: Limit one of each Pok\u00e9mon\n|rule|Item Clause: Limit one of each item\n|clearpoke\n|poke|p1|Roaring Moon, L50|\n|poke|p1|Corviknight, L50, F|\n|poke|p1|Garchomp, L50, F|\n|poke|p1|Flutter Mane, L50|\n|poke|p1|Chi-Yu, L50|\n|poke|p1|Gyarados, L50, M|\n|poke|p2|Torkoal, L50, F|\n|poke|p2|Hatterene, L50, F|\n|poke|p2|Indeedee-F, L50, F|\n|poke|p2|Great Tusk, L50|\n|poke|p2|Ting-Lu, L50|\n|poke|p2|Roaring Moon, L50|\n|teampreview|4\nmy form empties has agreed to open team sheets.\nBout It 27 has agreed to open team sheets.\n|\n|t:|1683161163\n|start\n|switch|p1a: Roaring Moon|Roaring Moon, L50|100\/100\n|switch|p1b: Garchomp|Garchomp, L50, F|100\/100\n|switch|p2a: Roaring Moon|Roaring Moon, L50|100\/100\n|switch|p2b: Indeedee|Indeedee-F, L50, F|100\/100\n|-fieldstart|move: Psychic Terrain|[from] ability: Psychic Surge|[of] p2b: Indeedee\n|-enditem|p1a: Roaring Moon|Booster Energy\n|-activate|p1a: Roaring Moon|ability: Protosynthesis|[fromitem]\n|-start|p1a: Roaring Moon|protosynthesisspe\n|turn|1\n|\n|t:|1683161204\n|-terastallize|p1b: Garchomp|Ground\n|move|p1a: Roaring Moon|Throat Chop|p2b: Indeedee\n|-supereffective|p2b: Indeedee\n|-damage|p2b: Indeedee|1\/100\n|-start|p2b: Indeedee|Throat Chop|[silent]\n|move|p2a: Roaring Moon|Breaking Swipe|p1b: Garchomp|[spread] p1a,p1b\n|-supereffective|p1a: Roaring Moon\n|-damage|p1a: Roaring Moon|28\/100\n|-damage|p1b: Garchomp|72\/100\n|-unboost|p1a: Roaring Moon|atk|1\n|move|p1b: Garchomp|Rock Slide|p2a: Roaring Moon|[spread] p2a,p2b\n|-damage|p2a: Roaring Moon|75\/100\n|-damage|p2b: Indeedee|0 fnt\n|faint|p2b: Indeedee\n|\n|upkeep\n|\n|t:|1683161219\n|switch|p2b: Great Tusk|Great Tusk, L50|100\/100\n|turn|2\n|\n|t:|1683161252\n|-end|p2a: Roaring Moon|Protosynthesis|[silent]\n|switch|p2a: Torkoal|Torkoal, L50, F|100\/100\n|-weather|SunnyDay|[from] ability: Drought|[of] p2a: Torkoal\n|-activate|p2b: Great Tusk|ability: Protosynthesis\n|-start|p2b: Great Tusk|protosynthesisatk\n|move|p1a: Roaring Moon|Acrobatics|p2b: Great Tusk\n|-supereffective|p2b: Great Tusk\n|-damage|p2b: Great Tusk|69\/100\n|-enditem|p2b: Great Tusk|Weakness Policy\n|-boost|p2b: Great Tusk|atk|2|[from] item: Weakness Policy\n|-boost|p2b: Great Tusk|spa|2|[from] item: Weakness Policy\n|move|p1b: Garchomp|Earthquake|p2a: Torkoal|[spread] p1a,p2a,p2b\n|-supereffective|p2a: Torkoal\n|-damage|p1a: Roaring Moon|0 fnt\n|-damage|p2a: Torkoal|24\/100\n|-damage|p2b: Great Tusk|38\/100\n|faint|p1a: Roaring Moon\n|-end|p1a: Roaring Moon|Protosynthesis|[silent]\n|move|p2b: Great Tusk|Rock Slide|p1b: Garchomp\n|-resisted|p1b: Garchomp\n|-damage|p1b: Garchomp|33\/100\n|\n|-weather|SunnyDay|[upkeep]\n|upkeep\n|\n|t:|1683161266\n|switch|p1a: MINT JAMS|Flutter Mane, L50|100\/100\n|-activate|p1a: MINT JAMS|ability: Protosynthesis\n|-start|p1a: MINT JAMS|protosynthesisspe\n|turn|3\n|\n|t:|1683161281\n|move|p2b: Great Tusk|Protect|p2b: Great Tusk\n|-singleturn|p2b: Great Tusk|Protect\n|move|p1a: MINT JAMS|Moonblast|p2b: Great Tusk\n|-activate|p2b: Great Tusk|move: Protect\n|move|p1b: Garchomp|Stomping Tantrum|p2a: Torkoal\n|-supereffective|p2a: Torkoal\n|-damage|p2a: Torkoal|0 fnt\n|faint|p2a: Torkoal\n|\n|-weather|SunnyDay|[upkeep]\n|upkeep\n|\n|t:|1683161293\n|switch|p2a: Roaring Moon|Roaring Moon, L50|75\/100\n|-activate|p2a: Roaring Moon|ability: Protosynthesis\n|-start|p2a: Roaring Moon|protosynthesisatk\n|turn|4\n|\n|t:|1683161305\n|switch|p1b: Gyarados|Gyarados, L50, M|100\/100\n|-ability|p1b: Gyarados|Intimidate|boost\n|-unboost|p2a: Roaring Moon|atk|1\n|-unboost|p2b: Great Tusk|atk|1\n|move|p1a: MINT JAMS|Moonblast|p2b: Great Tusk\n|-supereffective|p2b: Great Tusk\n|-damage|p2b: Great Tusk|0 fnt\n|faint|p2b: Great Tusk\n|-end|p2b: Great Tusk|Protosynthesis|[silent]\n|move|p2a: Roaring Moon|Iron Head|p1a: MINT JAMS\n|-supereffective|p1a: MINT JAMS\n|-damage|p1a: MINT JAMS|4\/100\n|\n|-weather|SunnyDay|[upkeep]\n|upkeep\n|turn|5\n|-message|Bout It 27 forfeited.\n|\n|win|my form empties\n|raw|my form empties's rating: 1332 → 1353<\/strong> (+21 for winning)\n|raw|Bout It 27's rating: 1348 → 1327<\/strong> (-21 for losing)\n|l|\u2606Bout It 27\n","uploadtime":1683161322,"views":8,"p1id":"myformempties","p2id":"boutit27","formatid":"gen9vgc2023regulationc","rating":1327,"private":0,"password":""}