{"id":"gen9vgc2023regulationc-1848781037","p1":"Coach M Slays","p2":"Sprye0216","format":"[Gen 9] VGC 2023 Regulation C","log":"|j|\u2606Coach M Slays\n|j|\u2606Sprye0216\n|t:|1682109715\n|gametype|doubles\n|player|p1|Coach M Slays|266|1050\n|player|p2|Sprye0216|skyla|1114\n|teamsize|p1|6\n|teamsize|p2|6\n|gen|9\n|tier|[Gen 9] VGC 2023 Regulation C\n|rated|\n|rule|Species Clause: Limit one of each Pok\u00e9mon\n|rule|Item Clause: Limit one of each item\n|clearpoke\n|poke|p1|Iron Jugulis, L50|\n|poke|p1|Murkrow, L50, M|\n|poke|p1|Gholdengo, L50|\n|poke|p1|Raichu, L50, M|\n|poke|p1|Dragonite, L50, M|\n|poke|p1|Gallade, L50, M|\n|poke|p2|Amoonguss, L50, F|\n|poke|p2|Gyarados, L50, M|\n|poke|p2|Talonflame, L50, F|\n|poke|p2|Garchomp, L50, F|\n|poke|p2|Flutter Mane, L50|\n|poke|p2|Ting-Lu, L50|\n|teampreview|4\n|inactive|Battle timer is ON: inactive players will automatically lose when time's up. (requested by Coach M Slays)\nSprye0216 has agreed to open team sheets.\n|\n|t:|1682109745\n|start\n|switch|p1a: Murkrow|Murkrow, L50, M|100\/100\n|switch|p1b: Gallade|Gallade, L50, M|100\/100\n|switch|p2a: Talonflame|Talonflame, L50, F|100\/100\n|switch|p2b: Garchomp|Garchomp, L50, F|100\/100\n|turn|1\n|inactive|Coach M Slays has 30 seconds left.\n|inactive|Coach M Slays has 20 seconds left.\n|inactive|Coach M Slays has 15 seconds left.\n|inactive|Coach M Slays has 10 seconds left.\n|inactive|Coach M Slays has 5 seconds left.\n|\n|t:|1682109800\n|-terastallize|p2b: Garchomp|Fire\n|move|p2a: Talonflame|Tailwind|p2a: Talonflame\n|-sidestart|p2: Sprye0216|move: Tailwind\n|move|p1a: Murkrow|Rain Dance|p1a: Murkrow\n|-weather|RainDance\n|move|p2b: Garchomp|Rock Slide|p1b: Gallade|[spread] p1a,p1b\n|-supereffective|p1a: Murkrow\n|-resisted|p1b: Gallade\n|-damage|p1a: Murkrow|0 fnt\n|-damage|p1b: Gallade|88\/100\n|faint|p1a: Murkrow\n|-damage|p2b: Garchomp|91\/100|[from] item: Life Orb\n|cant|p1b: Gallade|flinch\n|\n|-weather|RainDance|[upkeep]\n|upkeep\n|\n|t:|1682109810\n|switch|p1a: Dragonite|Dragonite, L50, M|100\/100\n|turn|2\n|\n|t:|1682109832\n|move|p1a: Dragonite|Aqua Jet|p2b: Garchomp\n|-supereffective|p2b: Garchomp\n|-damage|p2b: Garchomp|43\/100\n|-damage|p1a: Dragonite|88\/100|[from] ability: Rough Skin|[of] p2b: Garchomp\n|move|p2a: Talonflame|Will-O-Wisp|p1a: Dragonite\n|-status|p1a: Dragonite|brn\n|-enditem|p1a: Dragonite|Lum Berry|[eat]\n|-curestatus|p1a: Dragonite|brn|[msg]\n|move|p2b: Garchomp|Rock Slide|p1b: Gallade|[spread] p1a,p1b\n|-supereffective|p1a: Dragonite\n|-resisted|p1b: Gallade\n|-damage|p1a: Dragonite|32\/100\n|-damage|p1b: Gallade|75\/100\n|-damage|p2b: Garchomp|33\/100|[from] item: Life Orb\n|cant|p1b: Gallade|flinch\n|\n|-weather|RainDance|[upkeep]\n|upkeep\n|turn|3\n|\n|t:|1682109850\n|move|p2b: Garchomp|Protect|p2b: Garchomp\n|-singleturn|p2b: Garchomp|Protect\n|move|p1a: Dragonite|Aqua Jet|p2a: Talonflame\n|-supereffective|p2a: Talonflame\n|-damage|p2a: Talonflame|45\/100\n|move|p2a: Talonflame|Will-O-Wisp|p1a: Dragonite\n|-status|p1a: Dragonite|brn\n|move|p1b: Gallade|Bulk Up|p1b: Gallade\n|-boost|p1b: Gallade|atk|1\n|-boost|p1b: Gallade|def|1\n|\n|-weather|RainDance|[upkeep]\n|-damage|p1a: Dragonite|26\/100 brn|[from] brn\n|upkeep\n|turn|4\n|inactive|Coach M Slays has 30 seconds left.\n|\n|t:|1682109880\n|move|p1a: Dragonite|Aqua Jet|p2a: Talonflame\n|-supereffective|p2a: Talonflame\n|-damage|p2a: Talonflame|20\/100\n|move|p2a: Talonflame|Brave Bird|p1b: Gallade\n|-supereffective|p1b: Gallade\n|-damage|p1b: Gallade|25\/100\n|-damage|p2a: Talonflame|6\/100|[from] Recoil\n|move|p2b: Garchomp|Rock Slide|p1a: Dragonite|[spread] p1b\n|-miss|p2b: Garchomp|p1a: Dragonite\n|-resisted|p1b: Gallade\n|-damage|p1b: Gallade|17\/100\n|-damage|p2b: Garchomp|23\/100|[from] item: Life Orb\n|cant|p1b: Gallade|flinch\n|\n|-weather|RainDance|[upkeep]\n|-damage|p1a: Dragonite|20\/100 brn|[from] brn\n|-sideend|p2: Sprye0216|move: Tailwind\n|upkeep\n|turn|5\n|inactive|Coach M Slays has 30 seconds left.\n|\n|t:|1682109905\n|move|p2b: Garchomp|Protect|p2b: Garchomp\n|-singleturn|p2b: Garchomp|Protect\n|move|p1a: Dragonite|Aqua Jet|p2a: Talonflame\n|-supereffective|p2a: Talonflame\n|-damage|p2a: Talonflame|0 fnt\n|faint|p2a: Talonflame\n|move|p1b: Gallade|Drain Punch|p2b: Garchomp\n|-activate|p2b: Garchomp|move: Protect\n|\n|-weather|none\n|-damage|p1a: Dragonite|14\/100 brn|[from] brn\n|upkeep\n|\n|t:|1682109916\n|switch|p2a: Gyarados|Gyarados, L50, M|100\/100\n|-ability|p2a: Gyarados|Intimidate|boost\n|-fail|p1a: Dragonite|unboost|Attack|[from] ability: Inner Focus|[of] p1a: Dragonite\n|-fail|p1b: Gallade|unboost|[from] item: Clear Amulet|[of] p1b: Gallade\n|turn|6\n|inactive|Sprye0216 has 30 seconds left.\n|inactive|Coach M Slays has 30 seconds left.\n|\n|t:|1682109947\n|-terastallize|p1b: Gallade|Grass\n|move|p1a: Dragonite|Aqua Jet|p2b: Garchomp\n|-supereffective|p2b: Garchomp\n|-damage|p2b: Garchomp|8\/100\n|-damage|p1a: Dragonite|2\/100 brn|[from] ability: Rough Skin|[of] p2b: Garchomp\n|move|p2b: Garchomp|Rock Slide|p1b: Gallade|[spread] p1a,p1b\n|-supereffective|p1a: Dragonite\n|-damage|p1a: Dragonite|0 fnt\n|-damage|p1b: Gallade|0 fnt\n|faint|p1a: Dragonite\n|faint|p1b: Gallade\n|-damage|p2b: Garchomp|0 fnt|[from] item: Life Orb\n|faint|p2b: Garchomp\n|move|p2a: Gyarados|Waterfall|p1: Dragonite|[notarget]\n|-fail|p2a: Gyarados\n|\n|upkeep\n|\n|t:|1682109960\n|switch|p2b: Ting-Lu|Ting-Lu, L50|100\/100\n|switch|p1b: Iron Jugulis|Iron Jugulis, L50|100\/100\n|-ability|p2b: Ting-Lu|Vessel of Ruin\n|-enditem|p1b: Iron Jugulis|Booster Energy\n|-activate|p1b: Iron Jugulis|ability: Quark Drive|[fromitem]\n|-start|p1b: Iron Jugulis|quarkdrivespe\n|turn|7\n|-message|Coach M Slays forfeited.\n|\n|win|Sprye0216\n|raw|Coach M Slays's rating: 1050 → 1036<\/strong> (-14 for losing)\n|raw|Sprye0216's rating: 1114 → 1134<\/strong> (+20 for winning)\n|l|\u2606Coach M Slays\n","uploadtime":1682109971,"views":10,"p1id":"coachmslays","p2id":"sprye0216","formatid":"gen9vgc2023regulationc","rating":1036,"private":0,"password":""}