{"id":"gen9vgc2023regulationc-1845034255","p1":"Marco Fettuccine","p2":"1Grazel","format":"[Gen 9] VGC 2023 Regulation C","log":"|j|\u2606Marco Fettuccine\n|j|\u26061Grazel\n|t:|1681676251\n|gametype|doubles\n|player|p1|Marco Fettuccine|benga|1187\n|player|p2|1Grazel|juggler|1136\n|teamsize|p1|6\n|teamsize|p2|6\n|gen|9\n|tier|[Gen 9] VGC 2023 Regulation C\n|rated|\n|rule|Species Clause: Limit one of each Pok\u00e9mon\n|rule|Item Clause: Limit one of each item\n|clearpoke\n|poke|p1|Flutter Mane, L50|\n|poke|p1|Arcanine, L50, F|\n|poke|p1|Dragapult, L50, F|\n|poke|p1|Chien-Pao, L50|\n|poke|p1|Amoonguss, L50, M|\n|poke|p1|Palafin, L50, F|\n|poke|p2|Palafin, L50, M|\n|poke|p2|Chien-Pao, L50|\n|poke|p2|Dragapult, L50, F|\n|poke|p2|Amoonguss, L50, M|\n|poke|p2|Arcanine, L50, F|\n|poke|p2|Flutter Mane, L50|\n|teampreview|4\n|j| Giannigreat\n|l| Giannigreat\nMarco Fettuccine has agreed to open team sheets.\n|c|\u2606Marco Fettuccine|cool team bro\n|inactive|Battle timer is ON: inactive players will automatically lose when time's up. (requested by Marco Fettuccine)\n|c|\u26061Grazel|thanks u 2\n|\n|t:|1681676314\n|start\n|switch|p1a: Flutter Mane|Flutter Mane, L50|100\/100\n|switch|p1b: Arcanine|Arcanine, L50, F|100\/100\n|switch|p2a: Dnite|Dragapult, L50, F|100\/100\n|switch|p2b: Dozo|Palafin, L50, M|100\/100\n|-ability|p1b: Arcanine|Intimidate|boost\n|-fail|p2a: Dnite|unboost|[from] ability: Clear Body|[of] p2a: Dnite\n|-unboost|p2b: Dozo|atk|1\n|-enditem|p1a: Flutter Mane|Booster Energy\n|-activate|p1a: Flutter Mane|ability: Protosynthesis|[fromitem]\n|-start|p1a: Flutter Mane|protosynthesisspe\n|turn|1\n|inactive|1Grazel has 30 seconds left.\n|inactive|Marco Fettuccine has 30 seconds left.\n|inactive|1Grazel has 20 seconds left.\n|\n|t:|1681676354\n|switch|p2a: WoChien|Amoonguss, L50, M|100\/100\n|move|p2b: Dozo|Protect|p2b: Dozo\n|-singleturn|p2b: Dozo|Protect\n|move|p1b: Arcanine|Protect|p1b: Arcanine\n|-singleturn|p1b: Arcanine|Protect\n|move|p1a: Flutter Mane|Shadow Ball|p2a: WoChien\n|-damage|p2a: WoChien|62\/100\n|\n|upkeep\n|turn|2\n|inactive|Marco Fettuccine has 30 seconds left.\n|inactive|1Grazel has 30 seconds left.\n|\n|t:|1681676383\n|detailschange|p2b: Dozo|Palafin-Hero, L50, M\n|switch|p2b: Bundle|Chien-Pao, L50|100\/100\n|-ability|p2b: Bundle|Sword of Ruin\n|move|p2a: WoChien|Protect|p2a: WoChien\n|-singleturn|p2a: WoChien|Protect\n|move|p1a: Flutter Mane|Shadow Ball|p2a: WoChien\n|-activate|p2a: WoChien|move: Protect\n|move|p1b: Arcanine|Flare Blitz|p2a: WoChien\n|-activate|p2a: WoChien|move: Protect\n|\n|upkeep\n|turn|3\n|inactive|1Grazel has 30 seconds left.\n|\n|t:|1681676412\n|switch|p2a: Dozo|Palafin-Hero, L50, M|100\/100\n|-activate|p2a: Dozo|ability: Zero to Hero\n|move|p1a: Flutter Mane|Protect|p1a: Flutter Mane\n|-singleturn|p1a: Flutter Mane|Protect\n|move|p2b: Bundle|Protect|p2b: Bundle\n|-singleturn|p2b: Bundle|Protect\n|move|p1b: Arcanine|Will-O-Wisp|p2b: Bundle\n|-activate|p2b: Bundle|move: Protect\n|\n|upkeep\n|turn|4\n|inactive|Marco Fettuccine has 30 seconds left.\n|\n|t:|1681676445\n|-end|p1a: Flutter Mane|Protosynthesis|[silent]\n|switch|p1a: Dragapult|Dragapult, L50, F|100\/100\n|-terastallize|p1b: Arcanine|Flying\n|move|p2a: Dozo|Jet Punch|p1b: Arcanine\n|-damage|p1b: Arcanine|36\/100\n|move|p2b: Bundle|Ice Spinner|p1b: Arcanine\n|-supereffective|p1b: Arcanine\n|-damage|p1b: Arcanine|0 fnt\n|faint|p1b: Arcanine\n|\n|upkeep\n|\n|t:|1681676460\n|switch|p1b: Chien-Pao|Chien-Pao, L50|100\/100\n|-ability|p1b: Chien-Pao|Sword of Ruin\n|turn|5\n|inactive|1Grazel has 30 seconds left.\n|\n|t:|1681676486\n|move|p2b: Bundle|Sucker Punch|p1a: Dragapult\n|-supereffective|p1a: Dragapult\n|-damage|p1a: Dragapult|0 fnt\n|faint|p1a: Dragapult\n|move|p1b: Chien-Pao|Sucker Punch|p2a: Dozo\n|-damage|p2a: Dozo|60\/100\n|move|p2a: Dozo|Jet Punch|p1b: Chien-Pao\n|-damage|p1b: Chien-Pao|39\/100\n|\n|upkeep\n|\n|t:|1681676495\n|switch|p1a: Flutter Mane|Flutter Mane, L50|100\/100\n|turn|6\n|\n|t:|1681676505\n|move|p2a: Dozo|Protect|p2a: Dozo\n|-singleturn|p2a: Dozo|Protect\n|move|p2b: Bundle|Sucker Punch|p1a: Flutter Mane\n|-damage|p1a: Flutter Mane|0 fnt\n|faint|p1a: Flutter Mane\n|-end|p1a: Flutter Mane|Protosynthesis|[silent]\n|move|p1b: Chien-Pao|Sacred Sword|p2b: Bundle\n|-supereffective|p2b: Bundle\n|-enditem|p2b: Bundle|Focus Sash\n|-damage|p2b: Bundle|1\/100\n|\n|upkeep\n|turn|7\n|c|\u26061Grazel|gg\n|-message|Marco Fettuccine forfeited.\n|\n|win|1Grazel\n|raw|Marco Fettuccine's rating: 1187 → 1158<\/strong> (-29 for losing)\n|raw|1Grazel's rating: 1136 → 1165<\/strong> (+29 for winning)\n|l|\u2606Marco Fettuccine\n","uploadtime":1681676598,"views":8,"p1id":"marcofettuccine","p2id":"1grazel","formatid":"gen9vgc2023regulationc","rating":1158,"private":0,"password":""}