{"id":"gen9vgc2023regulationc-1857063666","p1":"Hadrian1917","p2":"Bananas3334","format":"[Gen 9] VGC 2023 Regulation C","log":"|j|\u2606Hadrian1917\n|j|\u2606Bananas3334\n|t:|1683142226\n|gametype|doubles\n|player|p1|Hadrian1917|brock|1163\n|player|p2|Bananas3334|102|1231\n|teamsize|p1|6\n|teamsize|p2|6\n|gen|9\n|tier|[Gen 9] VGC 2023 Regulation C\n|rated|\n|rule|Species Clause: Limit one of each Pok\u00e9mon\n|rule|Item Clause: Limit one of each item\n|clearpoke\n|poke|p1|Flutter Mane, L50|\n|poke|p1|Chi-Yu, L50|\n|poke|p1|Iron Hands, L50|\n|poke|p1|Ting-Lu, L50|\n|poke|p1|Gyarados, L50, M|\n|poke|p1|Amoonguss, L50, M|\n|poke|p2|Corviknight, L50, M|\n|poke|p2|Dragonite, L50, M|\n|poke|p2|Maushold-Four, L50|\n|poke|p2|Chi-Yu, L50|\n|poke|p2|Great Tusk, L50|\n|poke|p2|Murkrow, L50, M|\n|teampreview|4\n|\n|t:|1683142280\n|start\n|switch|p1a: Iron Hands|Iron Hands, L50|100\/100\n|switch|p1b: Amoonguss|Amoonguss, L50, M|100\/100\n|switch|p2a: Corviknight|Corviknight, L50, M|100\/100\n|switch|p2b: Dragonite|Dragonite, L50, M|100\/100\n|turn|1\n|inactive|Battle timer is ON: inactive players will automatically lose when time's up. (requested by Hadrian1917)\n|inactive|Bananas3334 has 60 seconds left.\n|\n|t:|1683142331\n|-terastallize|p1b: Amoonguss|Water\n|move|p1a: Iron Hands|Fake Out|p2a: Corviknight\n|-resisted|p2a: Corviknight\n|-damage|p2a: Corviknight|94\/100\n|cant|p2a: Corviknight|flinch\n|move|p1b: Amoonguss|Spore|p2a: Corviknight\n|-status|p2a: Corviknight|slp|[from] move: Spore\n|move|p2b: Dragonite|Dragon Tail|p1b: Amoonguss\n|-damage|p1b: Amoonguss|53\/100\n|drag|p1b: Gyarados|Gyarados, L50, M|100\/100\n|-ability|p1b: Gyarados|Intimidate|boost\n|-ability|p2a: Corviknight|Mirror Armor\n|-unboost|p1b: Gyarados|atk|1\n|-unboost|p2b: Dragonite|atk|1\n|\n|-heal|p2a: Corviknight|99\/100 slp|[from] item: Leftovers\n|upkeep\n|turn|2\n|inactive|Hadrian1917 has 30 seconds left.\n|inactive|Bananas3334 has 30 seconds left.\n|\n|t:|1683142365\n|switch|p2b: Maushold|Maushold-Four, L50|100\/100\n|move|p1b: Gyarados|Thunder Wave|p2b: Maushold\n|-status|p2b: Maushold|par\n|cant|p2a: Corviknight|slp\n|move|p1a: Iron Hands|Wild Charge|p2b: Maushold\n|-damage|p2b: Maushold|35\/100 par\n|-damage|p1a: Iron Hands|88\/100|[from] Recoil\n|\n|-heal|p2a: Corviknight|100\/100 slp|[from] item: Leftovers\n|upkeep\n|turn|3\n|inactive|Bananas3334 has 30 seconds left.\n|inactive|Bananas3334 has 20 seconds left.\n|\n|t:|1683142401\n|move|p1b: Gyarados|Taunt|p2a: Corviknight\n|-start|p2a: Corviknight|move: Taunt\n|-curestatus|p2a: Corviknight|slp|[msg]\n|cant|p2a: Corviknight|move: Taunt|Tailwind\n|move|p1a: Iron Hands|Drain Punch|p2b: Maushold\n|-supereffective|p2b: Maushold\n|-damage|p2b: Maushold|0 fnt\n|-heal|p1a: Iron Hands|100\/100|[from] drain|[of] p2b: Maushold\n|faint|p2b: Maushold\n|\n|upkeep\n|\n|t:|1683142413\n|switch|p2b: Dragonite|Dragonite, L50, M|100\/100\n|turn|4\n|\n|t:|1683142438\n|switch|p2a: Great Tusk|Great Tusk, L50|100\/100\n|-enditem|p2a: Great Tusk|Booster Energy\n|-activate|p2a: Great Tusk|ability: Protosynthesis|[fromitem]\n|-start|p2a: Great Tusk|protosynthesisatk\n|-terastallize|p2b: Dragonite|Rock\n|move|p2b: Dragonite|Thunder Punch|p1b: Gyarados\n|-supereffective|p1b: Gyarados\n|-damage|p1b: Gyarados|0 fnt\n|faint|p1b: Gyarados\n|move|p1a: Iron Hands|Wild Charge|p2b: Dragonite\n|-damage|p2b: Dragonite|75\/100\n|-damage|p1a: Iron Hands|96\/100|[from] Recoil\n|\n|upkeep\n|\n|t:|1683142453\n|switch|p1b: Amoonguss|Amoonguss, L50, M, tera:Water|86\/100\n|turn|5\n|\n|t:|1683142472\n|move|p2b: Dragonite|Thunder Punch|p1b: Amoonguss\n|-supereffective|p1b: Amoonguss\n|-damage|p1b: Amoonguss|14\/100\n|-enditem|p1b: Amoonguss|Sitrus Berry|[eat]\n|-heal|p1b: Amoonguss|38\/100|[from] item: Sitrus Berry\n|move|p2a: Great Tusk|Headlong Rush|p1b: Amoonguss\n|-damage|p1b: Amoonguss|0 fnt\n|-unboost|p2a: Great Tusk|def|1\n|-unboost|p2a: Great Tusk|spd|1\n|faint|p1b: Amoonguss\n|move|p1a: Iron Hands|Drain Punch|p2b: Dragonite\n|-supereffective|p2b: Dragonite\n|-damage|p2b: Dragonite|0 fnt\n|-heal|p1a: Iron Hands|100\/100|[from] drain|[of] p2b: Dragonite\n|faint|p2b: Dragonite\n|\n|upkeep\n|\n|t:|1683142487\n|switch|p2b: Corviknight|Corviknight, L50, M|100\/100\n|switch|p1b: Flutter Mane|Flutter Mane, L50|100\/100\n|-enditem|p1b: Flutter Mane|Booster Energy\n|-activate|p1b: Flutter Mane|ability: Protosynthesis|[fromitem]\n|-start|p1b: Flutter Mane|protosynthesisspa\n|turn|6\n|inactive|Bananas3334 has 30 seconds left.\n|\n|t:|1683142513\n|move|p1b: Flutter Mane|Shadow Ball|p2b: Corviknight\n|-damage|p2b: Corviknight|43\/100\n|move|p2a: Great Tusk|Headlong Rush|p1a: Iron Hands\n|-supereffective|p1a: Iron Hands\n|-damage|p1a: Iron Hands|0 fnt\n|-unboost|p2a: Great Tusk|def|1\n|-unboost|p2a: Great Tusk|spd|1\n|faint|p1a: Iron Hands\n|-end|p1a: Iron Hands|Quark Drive|[silent]\n|move|p2b: Corviknight|Iron Head|p1b: Flutter Mane\n|-supereffective|p1b: Flutter Mane\n|-damage|p1b: Flutter Mane|0 fnt\n|faint|p1b: Flutter Mane\n|-end|p1b: Flutter Mane|Protosynthesis|[silent]\n|\n|win|Bananas3334\n|raw|Hadrian1917's rating: 1163 → 1143<\/strong> (-20 for losing)\n|raw|Bananas3334's rating: 1231 → 1251<\/strong> (+20 for winning)\n","uploadtime":1683142528,"views":9,"p1id":"hadrian1917","p2id":"bananas3334","formatid":"gen9vgc2023regulationc","rating":1143,"private":0,"password":""}