{"id":"gen9vgc2023regulationc-1862661519","p1":"eggplanet07","p2":"crespe","format":"[Gen 9] VGC 2023 Regulation C","log":"|j|\u2606eggplanet07\n|j|\u2606crespe\n|t:|1683909919\n|gametype|doubles\n|player|p1|eggplanet07|roxie|1351\n|player|p2|crespe|hiker-gen4|1349\n|teamsize|p1|6\n|teamsize|p2|6\n|gen|9\n|tier|[Gen 9] VGC 2023 Regulation C\n|rated|\n|rule|Species Clause: Limit one of each Pok\u00e9mon\n|rule|Item Clause: Limit one of each item\n|clearpoke\n|poke|p1|Tatsugiri-Stretchy, L50, M|\n|poke|p1|Chi-Yu, L50|\n|poke|p1|Dondozo, L50, M|\n|poke|p1|Volcarona, L50, M|\n|poke|p1|Flutter Mane, L50|\n|poke|p1|Glimmora, L50, F|\n|poke|p2|Great Tusk, L50|\n|poke|p2|Torkoal, L50, M|\n|poke|p2|Slither Wing, L50|\n|poke|p2|Flutter Mane, L50|\n|poke|p2|Farigiraf, L50, M|\n|poke|p2|Ursaring, L50, M|\n|teampreview|4\n|inactive|Battle timer is ON: inactive players will automatically lose when time's up. (requested by eggplanet07)\n|inactive|eggplanet07 has 60 seconds left.\n|\n|t:|1683909959\n|start\n|switch|p1a: Glimmora|Glimmora, L50, F|100\/100\n|switch|p1b: Chi-Yu|Chi-Yu, L50|100\/100\n|switch|p2a: Slither Wing|Slither Wing, L50|100\/100\n|switch|p2b: Flutter Mane|Flutter Mane, L50|100\/100\n|-ability|p1b: Chi-Yu|Beads of Ruin\n|turn|1\n|\n|t:|1683909982\n|move|p1b: Chi-Yu|Heat Wave|p2b: Flutter Mane|[spread] p2a,p2b\n|-supereffective|p2a: Slither Wing\n|-damage|p2a: Slither Wing|0 fnt\n|-damage|p2b: Flutter Mane|40\/100\n|faint|p2a: Slither Wing\n|-end|p2a: Slither Wing|Protosynthesis|[silent]\n|move|p1a: Glimmora|Mortal Spin|p2b: Flutter Mane\n|-damage|p2b: Flutter Mane|30\/100\n|-status|p2b: Flutter Mane|psn\n|move|p2b: Flutter Mane|Trick Room|p2b: Flutter Mane\n|-fieldstart|move: Trick Room|[of] p2b: Flutter Mane\n|\n|-damage|p2b: Flutter Mane|18\/100 psn|[from] psn\n|upkeep\n|j| need caffeine\n|\n|t:|1683909991\n|switch|p2a: Torkoal|Torkoal, L50, M|100\/100\n|-weather|SunnyDay|[from] ability: Drought|[of] p2a: Torkoal\n|-activate|p2b: Flutter Mane|ability: Protosynthesis\n|-start|p2b: Flutter Mane|protosynthesisspa\n|turn|2\n|\n|t:|1683910009\n|move|p1b: Chi-Yu|Protect|p1b: Chi-Yu\n|-singleturn|p1b: Chi-Yu|Protect\n|move|p2a: Torkoal|Eruption|p1a: Glimmora|[spread] p1a\n|-activate|p1b: Chi-Yu|move: Protect\n|-resisted|p1a: Glimmora\n|-damage|p1a: Glimmora|58\/100\n|move|p2b: Flutter Mane|Dazzling Gleam|p1b: Chi-Yu|[spread] p1a\n|-activate|p1b: Chi-Yu|move: Protect\n|-resisted|p1a: Glimmora\n|-damage|p1a: Glimmora|35\/100\n|move|p1a: Glimmora|Mortal Spin|p2b: Flutter Mane|[spread] p2a,p2b\n|-damage|p2a: Torkoal|97\/100\n|-damage|p2b: Flutter Mane|11\/100 psn\n|-status|p2a: Torkoal|psn\n|\n|-weather|SunnyDay|[upkeep]\n|-damage|p2a: Torkoal|85\/100 psn|[from] psn\n|-damage|p2b: Flutter Mane|0 fnt|[from] psn\n|faint|p2b: Flutter Mane\n|-end|p2b: Flutter Mane|Protosynthesis|[silent]\n|upkeep\n|\n|t:|1683910020\n|switch|p2b: Great Tusk|Great Tusk, L50|100\/100\n|-activate|p2b: Great Tusk|ability: Protosynthesis\n|-start|p2b: Great Tusk|protosynthesisatk\n|turn|3\n|inactive|eggplanet07 has 30 seconds left.\n|inactive|eggplanet07 has 20 seconds left.\n|inactive|eggplanet07 has 15 seconds left.\n|inactive|eggplanet07 has 10 seconds left.\n|inactive|eggplanet07 has 5 seconds left.\n|\n|t:|1683910071\n|switch|p1b: Dondozo|Dondozo, L50, M|100\/100\n|move|p2a: Torkoal|Eruption|p1a: Glimmora|[spread] p1a,p1b\n|-resisted|p1a: Glimmora\n|-resisted|p1b: Dondozo\n|-damage|p1a: Glimmora|8\/100\n|-damage|p1b: Dondozo|57\/100\n|move|p2b: Great Tusk|Rock Slide|p1a: Glimmora|[spread] p1a,p1b\n|-damage|p1a: Glimmora|0 fnt\n|-damage|p1b: Dondozo|35\/100\n|-activate|p1a: Glimmora|ability: Toxic Debris\n|-sidestart|p2: crespe|move: Toxic Spikes\n|faint|p1a: Glimmora\n|\n|-weather|SunnyDay|[upkeep]\n|-damage|p2a: Torkoal|72\/100 psn|[from] psn\n|upkeep\n|\n|t:|1683910082\n|switch|p1a: Chi-Yu|Chi-Yu, L50|100\/100\n|-ability|p1a: Chi-Yu|Beads of Ruin\n|turn|4\n|inactive|eggplanet07 has 30 seconds left.\n|\n|t:|1683910113\n|move|p1b: Dondozo|Protect|p1b: Dondozo\n|-singleturn|p1b: Dondozo|Protect\n|move|p2a: Torkoal|Eruption|p1b: Dondozo|[spread] p1a\n|-activate|p1b: Dondozo|move: Protect\n|-resisted|p1a: Chi-Yu\n|-damage|p1a: Chi-Yu|66\/100\n|move|p2b: Great Tusk|Rock Slide|p1a: Chi-Yu|[spread] p1a\n|-activate|p1b: Dondozo|move: Protect\n|-supereffective|p1a: Chi-Yu\n|-damage|p1a: Chi-Yu|0 fnt\n|faint|p1a: Chi-Yu\n|\n|-weather|SunnyDay|[upkeep]\n|-damage|p2a: Torkoal|60\/100 psn|[from] psn\n|upkeep\n|\n|t:|1683910124\n|switch|p1a: Tatsugiri|Tatsugiri-Stretchy, L50, M|100\/100\n|-activate|p1a: Tatsugiri|ability: Commander|[of] p1b: Dondozo\n|-boost|p1b: Dondozo|atk|2\n|-boost|p1b: Dondozo|spa|2\n|-boost|p1b: Dondozo|spe|2\n|-boost|p1b: Dondozo|def|2\n|-boost|p1b: Dondozo|spd|2\n|turn|5\n|\n|t:|1683910139\n|-terastallize|p2b: Great Tusk|Grass\n|move|p2a: Torkoal|Clear Smog|p1b: Dondozo\n|-damage|p1b: Dondozo|27\/100\n|-clearboost|p1b: Dondozo\n|move|p2b: Great Tusk|Tera Blast|p1b: Dondozo\n|-supereffective|p1b: Dondozo\n|-damage|p1b: Dondozo|0 fnt\n|faint|p1b: Dondozo\n|\n|-weather|SunnyDay|[upkeep]\n|-damage|p2a: Torkoal|47\/100 psn|[from] psn\n|-fieldend|move: Trick Room\n|upkeep\n|turn|6\n|\n|t:|1683910154\n|move|p1a: Tatsugiri|Protect|p1a: Tatsugiri\n|-singleturn|p1a: Tatsugiri|Protect\n|move|p2b: Great Tusk|Headlong Rush|p1a: Tatsugiri\n|-activate|p1a: Tatsugiri|move: Protect\n|move|p2a: Torkoal|Earth Power|p1a: Tatsugiri\n|-activate|p1a: Tatsugiri|move: Protect\n|\n|-weather|none\n|-end|p2b: Great Tusk|Protosynthesis\n|-damage|p2a: Torkoal|35\/100 psn|[from] psn\n|upkeep\n|turn|7\n|\n|t:|1683910173\n|move|p2b: Great Tusk|Tera Blast|p1a: Tatsugiri\n|-damage|p1a: Tatsugiri|16\/100\n|move|p2a: Torkoal|Earth Power|p1a: Tatsugiri\n|-damage|p1a: Tatsugiri|0 fnt\n|faint|p1a: Tatsugiri\n|\n|win|crespe\n|raw|eggplanet07's rating: 1351 → 1331<\/strong> (-20 for losing)\n|raw|crespe's rating: 1349 → 1369<\/strong> (+20 for winning)\n","uploadtime":1683910179,"views":7,"p1id":"eggplanet07","p2id":"crespe","formatid":"gen9vgc2023regulationc","rating":1331,"private":0,"password":""}