{"id":"gen9vgc2023regulationc-1861460103","p1":"Wormfury","p2":"teriso169","format":"[Gen 9] VGC 2023 Regulation C","log":"|j|\u2606Wormfury\n|j|\u2606teriso169\n|t:|1683760556\n|gametype|doubles\n|player|p1|Wormfury|benga|1276\n|player|p2|teriso169|hiker-gen4|1172\n|teamsize|p1|6\n|teamsize|p2|6\n|gen|9\n|tier|[Gen 9] VGC 2023 Regulation C\n|rated|\n|rule|Species Clause: Limit one of each Pok\u00e9mon\n|rule|Item Clause: Limit one of each item\n|clearpoke\n|poke|p1|Maushold, L50|\n|poke|p1|Annihilape, L50, F|\n|poke|p1|Armarouge, L50, F|\n|poke|p1|Chien-Pao, L50|\n|poke|p1|Iron Hands, L50|\n|poke|p1|Farigiraf, L50, F|\n|poke|p2|Brute Bonnet, L50|\n|poke|p2|Chien-Pao, L50|\n|poke|p2|Dragapult, L50, F|\n|poke|p2|Sandy Shocks, L50|\n|poke|p2|Ceruledge, L50, M|\n|poke|p2|Kingambit, L50, M|\n|teampreview|4\n|inactive|Battle timer is ON: inactive players will automatically lose when time's up. (requested by Wormfury)\n|inactive|Wormfury has 60 seconds left.\n|inactive|teriso169 has 60 seconds left.\n|\n|t:|1683760597\n|start\n|switch|p1a: Annihilape|Annihilape, L50, F|100\/100\n|switch|p1b: Maushold|Maushold, L50|100\/100\n|switch|p2a: Mr Ressal|Brute Bonnet, L50, shiny|100\/100\n|switch|p2b: Meggy|Dragapult, L50, F, shiny|100\/100\n|turn|1\n|\n|t:|1683760616\n|-terastallize|p1a: Annihilape|Grass\n|move|p1b: Maushold|Feint|p1a: Annihilape\n|-damage|p1a: Annihilape|95\/100\n|move|p1a: Annihilape|Rage Fist|p2b: Meggy\n|-supereffective|p2b: Meggy\n|-damage|p2b: Meggy|0 fnt\n|faint|p2b: Meggy\n|move|p2a: Mr Ressal|Bullet Seed|p1a: Annihilape\n|-resisted|p1a: Annihilape\n|-damage|p1a: Annihilape|90\/100\n|-resisted|p1a: Annihilape\n|-damage|p1a: Annihilape|85\/100\n|-resisted|p1a: Annihilape\n|-damage|p1a: Annihilape|80\/100\n|-resisted|p1a: Annihilape\n|-damage|p1a: Annihilape|75\/100\n|-resisted|p1a: Annihilape\n|-damage|p1a: Annihilape|70\/100\n|-hitcount|p1a: Annihilape|5\n|\n|upkeep\n|\n|t:|1683760627\n|switch|p2b: Li'l nas x|Kingambit, L50, M, shiny|100\/100\n|turn|2\n|\n|t:|1683760637\n|move|p1b: Maushold|Follow Me|p1b: Maushold\n|-singleturn|p1b: Maushold|move: Follow Me\n|move|p2a: Mr Ressal|Sucker Punch||[still]\n|-fail|p2a: Mr Ressal\n|move|p2b: Li'l nas x|Sucker Punch||[still]\n|-fail|p2b: Li'l nas x\n|move|p1a: Annihilape|Rage Fist|p2b: Li'l nas x\n|-resisted|p2b: Li'l nas x\n|-damage|p2b: Li'l nas x|51\/100\n|\n|upkeep\n|turn|3\n|\n|t:|1683760650\n|move|p1b: Maushold|Follow Me|p1b: Maushold\n|-singleturn|p1b: Maushold|move: Follow Me\n|move|p1a: Annihilape|Rage Fist|p2b: Li'l nas x\n|-resisted|p2b: Li'l nas x\n|-damage|p2b: Li'l nas x|0 fnt\n|faint|p2b: Li'l nas x\n|move|p2a: Mr Ressal|Bullet Seed|p1b: Maushold\n|-crit|p1b: Maushold\n|-damage|p1b: Maushold|72\/100\n|-damage|p1b: Maushold|53\/100\n|-damage|p1b: Maushold|35\/100\n|-damage|p1b: Maushold|17\/100\n|-hitcount|p1b: Maushold|4\n|\n|upkeep\n|\n|t:|1683760655\n|switch|p2b: King dice|Ceruledge, L50, M, shiny|100\/100\n|turn|4\n|\n|t:|1683760661\n|-terastallize|p2b: King dice|Grass\n|move|p1b: Maushold|Follow Me|p1b: Maushold\n|-singleturn|p1b: Maushold|move: Follow Me\n|move|p1a: Annihilape|Rage Fist|p2b: King dice\n|-damage|p2b: King dice|0 fnt\n|faint|p2b: King dice\n|move|p2a: Mr Ressal|Bullet Seed|p1b: Maushold\n|-damage|p1b: Maushold|0 fnt\n|faint|p1b: Maushold\n|-hitcount|p1: Maushold|1\n|\n|upkeep\n|\n|t:|1683760668\n|switch|p1b: Iron Hands|Iron Hands, L50|100\/100\n|turn|5\n|\n|t:|1683760673\n|move|p2a: Mr Ressal|Protect|p2a: Mr Ressal\n|-singleturn|p2a: Mr Ressal|Protect\n|move|p1b: Iron Hands|Fake Out|p2a: Mr Ressal\n|-activate|p2a: Mr Ressal|move: Protect\n|move|p1a: Annihilape|Rage Fist|p2a: Mr Ressal\n|-activate|p2a: Mr Ressal|move: Protect\n|\n|upkeep\n|turn|6\n|\n|t:|1683760678\n|move|p1a: Annihilape|Rage Fist|p2a: Mr Ressal\n|-resisted|p2a: Mr Ressal\n|-damage|p2a: Mr Ressal|34\/100\n|move|p2a: Mr Ressal|Spore|p1b: Iron Hands\n|-status|p1b: Iron Hands|slp|[from] move: Spore\n|cant|p1b: Iron Hands|slp\n|\n|upkeep\n|turn|7\n|-message|teriso169 forfeited.\n|\n|win|Wormfury\n|raw|Wormfury's rating: 1276 → 1294<\/strong> (+18 for winning)\n|raw|teriso169's rating: 1172 → 1154<\/strong> (-18 for losing)\n|l|\u2606teriso169\n","uploadtime":1683760696,"views":8,"p1id":"wormfury","p2id":"teriso169","formatid":"gen9vgc2023regulationc","rating":1154,"private":0,"password":""}