{"id":"gen9vgc2023regulationc-1857943601","p1":"PittsburghEmpoleon","p2":"Intergers","format":"[Gen 9] VGC 2023 Regulation C","log":"|j|\u2606PittsburghEmpoleon\n|j|\u2606Intergers\n|t:|1683250429\n|gametype|doubles\n|player|p1|PittsburghEmpoleon|steven|\n|player|p2|Intergers|caitlin|\n|teamsize|p1|6\n|teamsize|p2|6\n|gen|9\n|tier|[Gen 9] VGC 2023 Regulation C\n|rule|Species Clause: Limit one of each Pok\u00e9mon\n|rule|Item Clause: Limit one of each item\n|clearpoke\n|poke|p1|Dondozo, L50, M|\n|poke|p1|Tatsugiri, L50, F|\n|poke|p1|Glimmora, L50, M|\n|poke|p1|Mimikyu, L50, M|\n|poke|p1|Chien-Pao, L50|\n|poke|p1|Dragonite, L50, F|\n|poke|p2|Torkoal, L50, F|\n|poke|p2|Armarouge, L50, M|\n|poke|p2|Hariyama, L50, F|\n|poke|p2|Hatterene, L50, F|\n|poke|p2|Bisharp, L50, M|\n|poke|p2|Stonjourner, L50, F|\n|teampreview|4\n|inactive|Battle timer is ON: inactive players will automatically lose when time's up. (requested by Intergers)\n|inactiveoff|Battle timer is now OFF.\nIntergers rejected open team sheets.\n|c|\u2606Intergers|Glhf\n|c|\u2606PittsburghEmpoleon|u2\n|inactive|Battle timer is ON: inactive players will automatically lose when time's up. (requested by Intergers)\n|inactive|PittsburghEmpoleon has 30 seconds left.\n|\n|t:|1683250551\n|start\n|switch|p1a: Mimikyu|Mimikyu, L50, M|100\/100\n|switch|p1b: Glimmora|Glimmora, L50, M|100\/100\n|switch|p2a: Tokoal|Torkoal, L50, F|100\/100\n|switch|p2b: Shoulder Pads|Armarouge, L50, M|100\/100\n|-weather|SunnyDay|[from] ability: Drought|[of] p2a: Tokoal\n|turn|1\n|inactive|PittsburghEmpoleon has 30 seconds left.\n|inactive|PittsburghEmpoleon has 20 seconds left.\n|\n|t:|1683250586\n|-terastallize|p1b: Glimmora|Water\n|move|p1b: Glimmora|Power Gem|p2b: Shoulder Pads\n|-supereffective|p2b: Shoulder Pads\n|-damage|p2b: Shoulder Pads|29\/100\n|move|p2a: Tokoal|Eruption|p1b: Glimmora|[spread] p1a,p1b\n|-resisted|p1b: Glimmora\n|-activate|p1a: Mimikyu|ability: Disguise\n|-damage|p1a: Mimikyu|100\/100\n|-damage|p1b: Glimmora|56\/100\n|detailschange|p1a: Mimikyu|Mimikyu-Busted, L50, M\n|-damage|p1a: Mimikyu|88\/100|[from] pokemon: Mimikyu-Busted\n|move|p1a: Mimikyu|Trick Room|p1a: Mimikyu\n|-fieldstart|move: Trick Room|[of] p1a: Mimikyu\n|move|p2b: Shoulder Pads|Trick Room|p2b: Shoulder Pads\n|-fieldend|move: Trick Room\n|\n|-weather|SunnyDay|[upkeep]\n|upkeep\n|turn|2\n|\n|t:|1683250607\n|-terastallize|p2b: Shoulder Pads|Grass\n|move|p1a: Mimikyu|Shadow Sneak|p2b: Shoulder Pads\n|-damage|p2b: Shoulder Pads|6\/100\n|-damage|p1a: Mimikyu|78\/100|[from] item: Life Orb\n|move|p1b: Glimmora|Power Gem|p2a: Tokoal\n|-supereffective|p2a: Tokoal\n|-damage|p2a: Tokoal|9\/100\n|move|p2b: Shoulder Pads|Energy Ball|p1b: Glimmora\n|-supereffective|p1b: Glimmora\n|-damage|p1b: Glimmora|0 fnt\n|faint|p1b: Glimmora\n|move|p2a: Tokoal|Eruption|p1a: Mimikyu\n|-damage|p1a: Mimikyu|62\/100\n|\n|-weather|SunnyDay|[upkeep]\n|upkeep\n|\n|t:|1683250623\n|switch|p1b: Dondozo|Dondozo, L50, M|100\/100\n|turn|3\n|\n|t:|1683250635\n|move|p1a: Mimikyu|Shadow Sneak|p2b: Shoulder Pads\n|-damage|p2b: Shoulder Pads|0 fnt\n|faint|p2b: Shoulder Pads\n|-damage|p1a: Mimikyu|52\/100|[from] item: Life Orb\n|move|p1b: Dondozo|Substitute|p1b: Dondozo\n|-start|p1b: Dondozo|Substitute\n|-damage|p1b: Dondozo|76\/100\n|move|p2a: Tokoal|Eruption|p1b: Dondozo|[spread] p1a,p1b\n|-resisted|p1b: Dondozo\n|-activate|p1b: Dondozo|move: Substitute|[damage]\n|-damage|p1a: Mimikyu|39\/100\n|\n|-weather|SunnyDay|[upkeep]\n|-heal|p1b: Dondozo|82\/100|[from] item: Leftovers\n|upkeep\n|\n|t:|1683250652\n|switch|p2b: Token Fairy Type|Hatterene, L50, F|100\/100\n|turn|4\n|inactive|PittsburghEmpoleon has 30 seconds left.\n|\n|t:|1683250683\n|move|p1a: Mimikyu|Play Rough|p2b: Token Fairy Type\n|-damage|p2b: Token Fairy Type|36\/100\n|-damage|p1a: Mimikyu|30\/100|[from] item: Life Orb\n|move|p1b: Dondozo|Order Up|p2a: Tokoal\n|-damage|p2a: Tokoal|0 fnt\n|faint|p2a: Tokoal\n|move|p2b: Token Fairy Type|Dazzling Gleam|p1b: Dondozo|[spread] p1a,p1b\n|-end|p1b: Dondozo|Substitute\n|-damage|p1a: Mimikyu|0 fnt\n|faint|p1a: Mimikyu\n|-damage|p2b: Token Fairy Type|27\/100|[from] item: Life Orb\n|\n|-weather|SunnyDay|[upkeep]\n|-heal|p1b: Dondozo|88\/100|[from] item: Leftovers\n|upkeep\n|\n|t:|1683250697\n|switch|p1a: Tatsugiri|Tatsugiri, L50, F|100\/100\n|switch|p2a: Yamama|Hariyama, L50, F, shiny|100\/100\n|-activate|p1a: Tatsugiri|ability: Commander|[of] p1b: Dondozo\n|-boost|p1b: Dondozo|atk|2\n|-boost|p1b: Dondozo|spa|2\n|-boost|p1b: Dondozo|spe|2\n|-boost|p1b: Dondozo|def|2\n|-boost|p1b: Dondozo|spd|2\n|turn|5\n|\n|t:|1683250710\n|move|p2a: Yamama|Fake Out|p1b: Dondozo\n|-damage|p1b: Dondozo|83\/100\n|cant|p1b: Dondozo|flinch\n|move|p2b: Token Fairy Type|Trick Room|p2b: Token Fairy Type\n|-fieldstart|move: Trick Room|[of] p2b: Token Fairy Type\n|\n|-weather|none\n|-heal|p1b: Dondozo|89\/100|[from] item: Leftovers\n|-status|p2a: Yamama|brn|[from] item: Flame Orb\n|upkeep\n|turn|6\n|\n|t:|1683250730\n|move|p1b: Dondozo|Protect|p1b: Dondozo\n|-singleturn|p1b: Dondozo|Protect\n|move|p2b: Token Fairy Type|Dazzling Gleam|p1b: Dondozo|[spread] \n|-miss|p2b: Token Fairy Type|p1a: Tatsugiri\n|-activate|p1b: Dondozo|move: Protect\n|move|p2a: Yamama|Drain Punch|p1b: Dondozo\n|-activate|p1b: Dondozo|move: Protect\n|\n|-heal|p1b: Dondozo|95\/100|[from] item: Leftovers\n|-damage|p2a: Yamama|95\/100 brn|[from] brn\n|upkeep\n|turn|7\n|\n|t:|1683250745\n|move|p2b: Token Fairy Type|Dazzling Gleam|p1a: Tatsugiri|[spread] p1b\n|-miss|p2b: Token Fairy Type|p1a: Tatsugiri\n|-damage|p1b: Dondozo|77\/100\n|-damage|p2b: Token Fairy Type|17\/100|[from] item: Life Orb\n|move|p2a: Yamama|Drain Punch|p1b: Dondozo\n|-damage|p1b: Dondozo|56\/100\n|-heal|p2a: Yamama|100\/100 brn|[from] drain|[of] p1b: Dondozo\n|move|p1b: Dondozo|Earthquake|p2a: Yamama|[spread] p2a,p2b\n|-miss|p1b: Dondozo|p1a: Tatsugiri\n|-damage|p2a: Yamama|52\/100 brn\n|-damage|p2b: Token Fairy Type|0 fnt\n|faint|p2b: Token Fairy Type\n|\n|-heal|p1b: Dondozo|62\/100|[from] item: Leftovers\n|-damage|p2a: Yamama|46\/100 brn|[from] brn\n|upkeep\n|turn|8\n|\n|t:|1683250762\n|move|p1b: Dondozo|Protect|p1b: Dondozo\n|-singleturn|p1b: Dondozo|Protect\n|move|p2a: Yamama|Drain Punch|p1b: Dondozo\n|-activate|p1b: Dondozo|move: Protect\n|\n|-heal|p1b: Dondozo|68\/100|[from] item: Leftovers\n|-damage|p2a: Yamama|40\/100 brn|[from] brn\n|upkeep\n|turn|9\n|\n|t:|1683250772\n|move|p2a: Yamama|Drain Punch|p1b: Dondozo\n|-damage|p1b: Dondozo|47\/100\n|-heal|p2a: Yamama|51\/100 brn|[from] drain|[of] p1b: Dondozo\n|move|p1b: Dondozo|Earthquake|p2a: Yamama|[spread] p2a\n|-miss|p1b: Dondozo|p1a: Tatsugiri\n|-damage|p2a: Yamama|5\/100 brn\n|\n|-heal|p1b: Dondozo|53\/100|[from] item: Leftovers\n|-damage|p2a: Yamama|0 fnt|[from] brn\n|faint|p2a: Yamama\n|\n|win|PittsburghEmpoleon\n|upkeep\n|c|\u2606PittsburghEmpoleon|gg\n","uploadtime":1683250779,"views":18,"p1id":"pittsburghempoleon","p2id":"intergers","formatid":"gen9vgc2023regulationc","rating":0,"private":0,"password":""}