{"id":"gen9vgc2023regulationc-1856507568","p1":"IxLAMPxI","p2":"Sgargog","format":"[Gen 9] VGC 2023 Regulation C","log":"|j|\u2606IxLAMPxI\n|j|\u2606Sgargog\n|t:|1683069451\n|gametype|doubles\n|player|p1|IxLAMPxI|backpacker|1144\n|player|p2|Sgargog|riley|1155\n|teamsize|p1|6\n|teamsize|p2|6\n|gen|9\n|tier|[Gen 9] VGC 2023 Regulation C\n|rated|\n|rule|Species Clause: Limit one of each Pok\u00e9mon\n|rule|Item Clause: Limit one of each item\n|clearpoke\n|poke|p1|Ting-Lu, L50|\n|poke|p1|Abomasnow, L50, F|\n|poke|p1|Iron Bundle, L50|\n|poke|p1|Vivillon-Ocean, L50, F|\n|poke|p1|Bronzong, L50|\n|poke|p1|Rotom-Heat, L50|\n|poke|p2|Flutter Mane, L50|\n|poke|p2|Dragonite, L50, M|\n|poke|p2|Arcanine, L50, M|\n|poke|p2|Amoonguss, L50, M|\n|poke|p2|Iron Bundle, L50|\n|poke|p2|Scizor, L50, M|\n|teampreview|4\n|\n|t:|1683069498\n|start\n|switch|p1a: Ting-Lu|Ting-Lu, L50|100\/100\n|switch|p1b: Bronzong|Bronzong, L50, shiny|100\/100\n|switch|p2a: Flutter Mane|Flutter Mane, L50|100\/100\n|switch|p2b: Scizor|Scizor, L50, M|100\/100\n|-ability|p1a: Ting-Lu|Vessel of Ruin\n|-enditem|p2a: Flutter Mane|Booster Energy\n|-activate|p2a: Flutter Mane|ability: Protosynthesis|[fromitem]\n|-start|p2a: Flutter Mane|protosynthesisspe\n|turn|1\n|\n|t:|1683069537\n|-terastallize|p1a: Ting-Lu|Ground\n|move|p2a: Flutter Mane|Protect|p2a: Flutter Mane\n|-singleturn|p2a: Flutter Mane|Protect\n|move|p2b: Scizor|Close Combat|p1a: Ting-Lu\n|-damage|p1a: Ting-Lu|65\/100\n|-unboost|p2b: Scizor|def|1\n|-unboost|p2b: Scizor|spd|1\n|-damage|p2b: Scizor|91\/100|[from] item: Life Orb\n|move|p1a: Ting-Lu|Earthquake|p2b: Scizor|[spread] p2b\n|-activate|p2a: Flutter Mane|move: Protect\n|-immune|p1b: Bronzong|[from] ability: Levitate\n|-damage|p2b: Scizor|0 fnt\n|faint|p2b: Scizor\n|move|p1b: Bronzong|Gyro Ball|p2a: Flutter Mane\n|-activate|p2a: Flutter Mane|move: Protect\n|\n|upkeep\n|\n|t:|1683069547\n|switch|p2b: Iron Bundle|Iron Bundle, L50|100\/100\n|turn|2\n|\n|t:|1683069560\n|switch|p1a: Vivillon|Vivillon-Ocean, L50, F, shiny|100\/100\n|move|p2a: Flutter Mane|Shadow Ball|p1b: Bronzong\n|-supereffective|p1b: Bronzong\n|-damage|p1b: Bronzong|53\/100\n|move|p2b: Iron Bundle|Blizzard|p1b: Bronzong|[spread] p1b\n|-miss|p2b: Iron Bundle|p1a: Vivillon\n|-resisted|p1b: Bronzong\n|-damage|p1b: Bronzong|42\/100\n|move|p1b: Bronzong|Gyro Ball|p2a: Flutter Mane\n|-supereffective|p2a: Flutter Mane\n|-damage|p2a: Flutter Mane|0 fnt\n|faint|p2a: Flutter Mane\n|-end|p2a: Flutter Mane|Protosynthesis|[silent]\n|\n|upkeep\n|\n|t:|1683069573\n|switch|p2a: Amoonguss|Amoonguss, L50, M|100\/100\n|turn|3\n|\n|t:|1683069593\n|move|p1a: Vivillon|Rage Powder|p1a: Vivillon\n|-singleturn|p1a: Vivillon|move: Rage Powder\n|move|p2b: Iron Bundle|Blizzard|p1b: Bronzong|[spread] p1a,p1b\n|-supereffective|p1a: Vivillon\n|-resisted|p1b: Bronzong\n|-enditem|p1a: Vivillon|Focus Sash\n|-damage|p1a: Vivillon|1\/100\n|-damage|p1b: Bronzong|31\/100\n|move|p2a: Amoonguss|Spore|p1b: Bronzong\n|-activate|p1b: Bronzong|item: Safety Goggles|Spore\n|move|p1b: Bronzong|Gyro Ball|p2b: Iron Bundle\n|-damage|p2b: Iron Bundle|43\/100\n|\n|upkeep\n|turn|4\n|\n|t:|1683069637\n|move|p2b: Iron Bundle|Hydro Pump|p1b: Bronzong\n|-damage|p1b: Bronzong|0 fnt\n|faint|p1b: Bronzong\n|move|p1a: Vivillon|Safeguard|p1a: Vivillon\n|-sidestart|p1: IxLAMPxI|Safeguard\n|move|p2a: Amoonguss|Pollen Puff|p2b: Iron Bundle\n|-heal|p2b: Iron Bundle|93\/100\n|\n|upkeep\n|\n|t:|1683069649\n|switch|p1b: Ting-Lu|Ting-Lu, L50, tera:Ground|65\/100\n|-ability|p1b: Ting-Lu|Vessel of Ruin\n|turn|5\n|\n|t:|1683069675\n|-terastallize|p2b: Iron Bundle|Water\n|move|p1a: Vivillon|Rage Powder|p1a: Vivillon\n|-singleturn|p1a: Vivillon|move: Rage Powder\n|move|p2a: Amoonguss|Rage Powder|p2a: Amoonguss\n|-singleturn|p2a: Amoonguss|move: Rage Powder\n|move|p2b: Iron Bundle|Hydro Pump|p1a: Vivillon\n|-damage|p1a: Vivillon|0 fnt\n|faint|p1a: Vivillon\n|move|p1b: Ting-Lu|Earthquake|p2b: Iron Bundle|[spread] p2a,p2b\n|-damage|p2a: Amoonguss|46\/100\n|-damage|p2b: Iron Bundle|4\/100\n|-enditem|p2a: Amoonguss|Sitrus Berry|[eat]\n|-heal|p2a: Amoonguss|71\/100|[from] item: Sitrus Berry\n|\n|upkeep\n|\n|t:|1683069688\n|switch|p1a: Rotom|Rotom-Heat, L50|100\/100\n|turn|6\n|\n|t:|1683069713\n|move|p2b: Iron Bundle|Protect|p2b: Iron Bundle\n|-singleturn|p2b: Iron Bundle|Protect\n|move|p2a: Amoonguss|Rage Powder|p2a: Amoonguss\n|-singleturn|p2a: Amoonguss|move: Rage Powder\n|move|p1a: Rotom|Thunderbolt|p2a: Amoonguss\n|-resisted|p2a: Amoonguss\n|-damage|p2a: Amoonguss|50\/100\n|move|p1b: Ting-Lu|Earthquake|p2b: Iron Bundle|[spread] p2a\n|-activate|p2b: Iron Bundle|move: Protect\n|-immune|p1a: Rotom|[from] ability: Levitate\n|-damage|p2a: Amoonguss|0 fnt\n|faint|p2a: Amoonguss\n|\n|upkeep\n|turn|7\n|\n|t:|1683069733\n|move|p2b: Iron Bundle|Hydro Pump|p1b: Ting-Lu|[miss]\n|-miss|p2b: Iron Bundle|p1b: Ting-Lu\n|move|p1a: Rotom|Thunderbolt|p2b: Iron Bundle\n|-supereffective|p2b: Iron Bundle\n|-damage|p2b: Iron Bundle|0 fnt\n|faint|p2b: Iron Bundle\n|-end|p2b: Iron Bundle|Quark Drive|[silent]\n|\n|win|IxLAMPxI\n|raw|IxLAMPxI's rating: 1144 → 1170<\/strong> (+26 for winning)\n|raw|Sgargog's rating: 1155 → 1129<\/strong> (-26 for losing)\n|l|\u2606Sgargog\n","uploadtime":1683069742,"views":11,"p1id":"ixlampxi","p2id":"sgargog","formatid":"gen9vgc2023regulationc","rating":1129,"private":0,"password":""}