{"id":"gen9vgc2023regulationc-1846457804","p1":"Fatbet89","p2":"SakiVGC","format":"[Gen 9] VGC 2023 Regulation C","log":"|j|\u203dFatbet89\n|j|\u2606SakiVGC\n|t:|1681842459\n|gametype|doubles\n|player|p1|Fatbet89|101|1155\n|player|p2|SakiVGC|rosa|1081\n|teamsize|p1|6\n|teamsize|p2|6\n|gen|9\n|tier|[Gen 9] VGC 2023 Regulation C\n|rated|\n|rule|Species Clause: Limit one of each Pok\u00e9mon\n|rule|Item Clause: Limit one of each item\n|clearpoke\n|poke|p1|Baxcalibur, L50, M|\n|poke|p1|Iron Jugulis, L50|\n|poke|p1|Sylveon, L50, M|\n|poke|p1|Chien-Pao, L50|\n|poke|p1|Kingambit, L50, F|\n|poke|p1|Amoonguss, L50, M|\n|poke|p2|Gastrodon, L50, M|\n|poke|p2|Dragonite, L50, F|\n|poke|p2|Dondozo, L50, M|\n|poke|p2|Arcanine, L50, M|\n|poke|p2|Chien-Pao, L50|\n|poke|p2|Tatsugiri, L50, M|\n|teampreview|4\n|inactive|Battle timer is ON: inactive players will automatically lose when time's up. (requested by SakiVGC)\n|inactive|Fatbet89 also wants the timer to be on.\nSakiVGC has agreed to open team sheets.\n|inactive|Fatbet89 has 60 seconds left.\n|inactive|SakiVGC has 60 seconds left.\n|inactive|Fatbet89 has 30 seconds left.\n|\n|t:|1681842524\n|start\n|switch|p1a: Baxcalibur|Baxcalibur, L50, M, shiny|100\/100\n|switch|p1b: Iron Jugulis|Iron Jugulis, L50, shiny|100\/100\n|switch|p2a: Chien-Pao|Chien-Pao, L50|100\/100\n|switch|p2b: Dondozo|Dondozo, L50, M|100\/100\n|-ability|p2a: Chien-Pao|Sword of Ruin\n|-enditem|p1b: Iron Jugulis|Booster Energy\n|-activate|p1b: Iron Jugulis|ability: Quark Drive|[fromitem]\n|-start|p1b: Iron Jugulis|quarkdrivespe\n|turn|1\n|inactive|SakiVGC has 30 seconds left.\n|\n|t:|1681842551\n|-terastallize|p1a: Baxcalibur|Ground\n|move|p2b: Dondozo|Protect|p2b: Dondozo\n|-singleturn|p2b: Dondozo|Protect\n|move|p1b: Iron Jugulis|Air Slash|p2b: Dondozo\n|-activate|p2b: Dondozo|move: Protect\n|move|p2a: Chien-Pao|Sacred Sword|p1a: Baxcalibur\n|-damage|p1a: Baxcalibur|53\/100\n|move|p1a: Baxcalibur|Earthquake|p2a: Chien-Pao|[spread] p2a\n|-activate|p2b: Dondozo|move: Protect\n|-immune|p1b: Iron Jugulis\n|-damage|p2a: Chien-Pao|34\/100\n|\n|upkeep\n|turn|2\n|\n|t:|1681842564\n|switch|p2a: Tatsugiri|Tatsugiri, L50, M|100\/100\n|-activate|p2a: Tatsugiri|ability: Commander|[of] p2b: Dondozo\n|-boost|p2b: Dondozo|atk|2\n|-boost|p2b: Dondozo|spa|2\n|-boost|p2b: Dondozo|spe|2\n|-boost|p2b: Dondozo|def|2\n|-boost|p2b: Dondozo|spd|2\n|move|p1b: Iron Jugulis|Tailwind|p1b: Iron Jugulis\n|-sidestart|p1: Fatbet89|move: Tailwind\n|move|p1a: Baxcalibur|Earthquake|p2b: Dondozo|[spread] p2b\n|-miss|p1a: Baxcalibur|p2a: Tatsugiri\n|-immune|p1b: Iron Jugulis\n|-damage|p2b: Dondozo|84\/100\n|move|p2b: Dondozo|Surf|p1a: Baxcalibur|[spread] p1a,p1b\n|-miss|p2b: Dondozo|p2a: Tatsugiri\n|-supereffective|p1a: Baxcalibur\n|-damage|p1a: Baxcalibur|0 fnt\n|-damage|p1b: Iron Jugulis|53\/100\n|faint|p1a: Baxcalibur\n|\n|upkeep\n|\n|t:|1681842573\n|switch|p1a: Sylveon|Sylveon, L50, M, shiny|100\/100\n|turn|3\n|\n|t:|1681842581\n|move|p1b: Iron Jugulis|Air Slash|p2b: Dondozo\n|-damage|p2b: Dondozo|70\/100\n|move|p1a: Sylveon|Hyper Beam|p2b: Dondozo\n|-damage|p2b: Dondozo|23\/100\n|-mustrecharge|p1a: Sylveon\n|move|p2b: Dondozo|Surf|p1b: Iron Jugulis|[spread] p1a,p1b\n|-miss|p2b: Dondozo|p2a: Tatsugiri\n|-damage|p1a: Sylveon|58\/100\n|-damage|p1b: Iron Jugulis|6\/100\n|\n|upkeep\n|turn|4\n|\n|t:|1681842590\n|move|p1b: Iron Jugulis|Air Slash|p2b: Dondozo\n|-damage|p2b: Dondozo|9\/100\n|cant|p1a: Sylveon|recharge\n|move|p2b: Dondozo|Rest|p2b: Dondozo\n|-status|p2b: Dondozo|slp|[from] move: Rest\n|-enditem|p2b: Dondozo|Lum Berry|[eat]\n|-curestatus|p2b: Dondozo|slp|[msg]\n|-heal|p2b: Dondozo|100\/100|[silent]\n|\n|upkeep\n|turn|5\n|\n|t:|1681842598\n|move|p2b: Dondozo|Protect|p2b: Dondozo\n|-singleturn|p2b: Dondozo|Protect\n|move|p1b: Iron Jugulis|Air Slash|p2b: Dondozo\n|-activate|p2b: Dondozo|move: Protect\n|move|p1a: Sylveon|Hyper Beam|p2b: Dondozo\n|-activate|p2b: Dondozo|move: Protect\n|\n|-sideend|p1: Fatbet89|move: Tailwind\n|upkeep\n|turn|6\n|\n|t:|1681842603\n|move|p1b: Iron Jugulis|Air Slash|p2b: Dondozo\n|-damage|p2b: Dondozo|87\/100\n|cant|p2b: Dondozo|flinch\n|move|p1a: Sylveon|Hyper Beam|p2b: Dondozo\n|-damage|p2b: Dondozo|43\/100\n|-mustrecharge|p1a: Sylveon\n|\n|upkeep\n|turn|7\n|\n|t:|1681842611\n|move|p1b: Iron Jugulis|Air Slash|p2b: Dondozo\n|-damage|p2b: Dondozo|27\/100\n|move|p2b: Dondozo|Surf|p1b: Iron Jugulis|[spread] p1a,p1b\n|-miss|p2b: Dondozo|p2a: Tatsugiri\n|-damage|p1a: Sylveon|21\/100\n|-damage|p1b: Iron Jugulis|0 fnt\n|faint|p1b: Iron Jugulis\n|-end|p1b: Iron Jugulis|Quark Drive|[silent]\n|cant|p1a: Sylveon|recharge\n|\n|upkeep\n|\n|t:|1681842616\n|switch|p1b: Amoonguss|Amoonguss, L50, M, shiny|100\/100\n|turn|8\n|\n|t:|1681842624\n|move|p2b: Dondozo|Protect|p2b: Dondozo\n|-singleturn|p2b: Dondozo|Protect\n|move|p1a: Sylveon|Hyper Voice|p2a: Tatsugiri|[spread] \n|-miss|p1a: Sylveon|p2a: Tatsugiri\n|-activate|p2b: Dondozo|move: Protect\n|move|p1b: Amoonguss|Pollen Puff|p1a: Sylveon\n|-heal|p1a: Sylveon|71\/100\n|\n|upkeep\n|turn|9\n|\n|t:|1681842634\n|move|p2b: Dondozo|Rest|p2b: Dondozo\n|-status|p2b: Dondozo|slp|[from] move: Rest\n|-heal|p2b: Dondozo|100\/100 slp|[silent]\n|move|p1a: Sylveon|Hyper Voice|p2b: Dondozo|[spread] p2b\n|-miss|p1a: Sylveon|p2a: Tatsugiri\n|-damage|p2b: Dondozo|80\/100 slp\n|-enditem|p1a: Sylveon|Throat Spray\n|-boost|p1a: Sylveon|spa|1|[from] item: Throat Spray\n|move|p1b: Amoonguss|Pollen Puff|p1a: Sylveon\n|-heal|p1a: Sylveon|100\/100\n|\n|upkeep\n|turn|10\n|inactive|Fatbet89 has 30 seconds left.\n|\n|t:|1681842665\n|cant|p2b: Dondozo|slp\n|move|p2b: Dondozo|Sleep Talk|p2b: Dondozo\n|move|p2b: Dondozo|Surf|p1a: Sylveon|[from]move: Sleep Talk|[spread] p1a,p1b\n|-miss|p2b: Dondozo|p2a: Tatsugiri\n|-resisted|p1b: Amoonguss\n|-damage|p1a: Sylveon|59\/100\n|-damage|p1b: Amoonguss|81\/100\n|move|p1a: Sylveon|Hyper Beam|p2b: Dondozo\n|-damage|p2b: Dondozo|36\/100 slp\n|-mustrecharge|p1a: Sylveon\n|move|p1b: Amoonguss|Pollen Puff|p1a: Sylveon\n|-heal|p1a: Sylveon|100\/100\n|\n|upkeep\n|turn|11\n|inactive|Fatbet89 has 30 seconds left.\n|inactive|Fatbet89 has 20 seconds left.\n|inactive|Fatbet89 has 15 seconds left.\n|inactive|Fatbet89 has 10 seconds left.\n|\n|t:|1681842710\n|move|p1b: Amoonguss|Rage Powder|p1b: Amoonguss\n|-singleturn|p1b: Amoonguss|move: Rage Powder\n|cant|p2b: Dondozo|slp\n|move|p2b: Dondozo|Sleep Talk|p2b: Dondozo\n|move|p2b: Dondozo|Protect|p2b: Dondozo|[from]move: Sleep Talk\n|-singleturn|p2b: Dondozo|Protect\n|cant|p1a: Sylveon|recharge\n|\n|upkeep\n|turn|12\n|c|\u2606SakiVGC|i got enough rest pp to send you to struggle\n|\n|t:|1681842721\n|-curestatus|p2b: Dondozo|slp|[msg]\n|move|p2b: Dondozo|Rest|p2b: Dondozo\n|-status|p2b: Dondozo|slp|[from] move: Rest\n|-heal|p2b: Dondozo|100\/100 slp|[silent]\n|move|p1a: Sylveon|Hyper Beam|p2b: Dondozo|[miss]\n|-miss|p1a: Sylveon|p2b: Dondozo\n|move|p1b: Amoonguss|Spore|p2a: Tatsugiri|[miss]\n|-miss|p1b: Amoonguss|p2a: Tatsugiri\n|\n|upkeep\n|turn|13\n|\n|t:|1681842734\n|move|p1b: Amoonguss|Protect|p1b: Amoonguss\n|-singleturn|p1b: Amoonguss|Protect\n|cant|p2b: Dondozo|slp\n|move|p2b: Dondozo|Sleep Talk|p2b: Dondozo\n|move|p2b: Dondozo|Rest||[from]move: Sleep Talk|[still]\n|-fail|p2b: Dondozo\n|move|p1a: Sylveon|Hyper Beam|p2b: Dondozo|[miss]\n|-miss|p1a: Sylveon|p2b: Dondozo\n|\n|upkeep\n|turn|14\n|inactive|Fatbet89 has 30 seconds left.\n|\n|t:|1681842764\n|cant|p2b: Dondozo|slp\n|move|p2b: Dondozo|Sleep Talk|p2b: Dondozo\n|move|p2b: Dondozo|Rest||[from]move: Sleep Talk|[still]\n|-fail|p2b: Dondozo\n|move|p1a: Sylveon|Hyper Beam|p2b: Dondozo\n|-damage|p2b: Dondozo|60\/100 slp\n|-mustrecharge|p1a: Sylveon\n|move|p1b: Amoonguss|Pollen Puff|p1a: Sylveon\n|-immune|p1a: Sylveon\n|\n|upkeep\n|turn|15\n|\n|t:|1681842775\n|-curestatus|p2b: Dondozo|slp|[msg]\n|move|p2b: Dondozo|Protect|p2b: Dondozo\n|-singleturn|p2b: Dondozo|Protect\n|cant|p1a: Sylveon|recharge\n|move|p1b: Amoonguss|Pollen Puff|p1a: Sylveon\n|-immune|p1a: Sylveon\n|\n|upkeep\n|turn|16\n|\n|t:|1681842786\n|move|p2b: Dondozo|Rest|p2b: Dondozo\n|-status|p2b: Dondozo|slp|[from] move: Rest\n|-heal|p2b: Dondozo|100\/100 slp|[silent]\n|move|p1a: Sylveon|Hyper Beam|p2b: Dondozo\n|-damage|p2b: Dondozo|55\/100 slp\n|-mustrecharge|p1a: Sylveon\n|move|p1b: Amoonguss|Pollen Puff|p2b: Dondozo\n|-damage|p2b: Dondozo|47\/100 slp\n|\n|upkeep\n|turn|17\n|\n|t:|1681842794\n|cant|p2b: Dondozo|slp\n|move|p2b: Dondozo|Sleep Talk|p2b: Dondozo\n|move|p2b: Dondozo|Surf|p1b: Amoonguss|[from]move: Sleep Talk|[spread] p1a,p1b\n|-miss|p2b: Dondozo|p2a: Tatsugiri\n|-resisted|p1b: Amoonguss\n|-damage|p1a: Sylveon|58\/100\n|-damage|p1b: Amoonguss|59\/100\n|cant|p1a: Sylveon|recharge\n|move|p1b: Amoonguss|Pollen Puff|p1a: Sylveon\n|-heal|p1a: Sylveon|100\/100\n|\n|upkeep\n|turn|18\n|\n|t:|1681842817\n|cant|p2b: Dondozo|slp\n|move|p2b: Dondozo|Sleep Talk|p2b: Dondozo\n|move|p2b: Dondozo|Rest||[from]move: Sleep Talk|[still]\n|-fail|p2b: Dondozo\n|move|p1a: Sylveon|Hyper Voice|p2a: Tatsugiri|[spread] p2b\n|-miss|p1a: Sylveon|p2a: Tatsugiri\n|-damage|p2b: Dondozo|26\/100 slp\n|move|p1b: Amoonguss|Pollen Puff|p2b: Dondozo\n|-damage|p2b: Dondozo|17\/100 slp\n|\n|upkeep\n|turn|19\n|\n|t:|1681842829\n|-curestatus|p2b: Dondozo|slp|[msg]\n|move|p2b: Dondozo|Rest|p2b: Dondozo\n|-status|p2b: Dondozo|slp|[from] move: Rest\n|-heal|p2b: Dondozo|100\/100 slp|[silent]\n|move|p1a: Sylveon|Hyper Voice|p2b: Dondozo|[spread] p2b\n|-miss|p1a: Sylveon|p2a: Tatsugiri\n|-damage|p2b: Dondozo|81\/100 slp\n|move|p1b: Amoonguss|Pollen Puff|p2b: Dondozo\n|-damage|p2b: Dondozo|73\/100 slp\n|\n|upkeep\n|turn|20\n|\n|t:|1681842835\n|cant|p2b: Dondozo|slp\n|move|p2b: Dondozo|Sleep Talk|p2b: Dondozo\n|move|p2b: Dondozo|Surf|p1b: Amoonguss|[from]move: Sleep Talk|[spread] p1a,p1b\n|-miss|p2b: Dondozo|p2a: Tatsugiri\n|-resisted|p1b: Amoonguss\n|-damage|p1a: Sylveon|58\/100\n|-damage|p1b: Amoonguss|38\/100\n|-enditem|p1b: Amoonguss|Sitrus Berry|[eat]\n|-heal|p1b: Amoonguss|63\/100|[from] item: Sitrus Berry\n|move|p1a: Sylveon|Hyper Voice|p2b: Dondozo|[spread] p2b\n|-miss|p1a: Sylveon|p2a: Tatsugiri\n|-damage|p2b: Dondozo|53\/100 slp\n|move|p1b: Amoonguss|Pollen Puff|p2b: Dondozo\n|-damage|p2b: Dondozo|44\/100 slp\n|\n|upkeep\n|turn|21\n|\n|t:|1681842852\n|cant|p2b: Dondozo|slp\n|move|p2b: Dondozo|Sleep Talk|p2b: Dondozo\n|move|p2b: Dondozo|Protect|p2b: Dondozo|[from]move: Sleep Talk\n|-singleturn|p2b: Dondozo|Protect\n|move|p1a: Sylveon|Hyper Voice|p2b: Dondozo|[spread] \n|-miss|p1a: Sylveon|p2a: Tatsugiri\n|-activate|p2b: Dondozo|move: Protect\n|move|p1b: Amoonguss|Pollen Puff|p1a: Sylveon\n|-heal|p1a: Sylveon|100\/100\n|\n|upkeep\n|turn|22\n|\n|t:|1681842872\n|-curestatus|p2b: Dondozo|slp|[msg]\n|move|p2b: Dondozo|Surf|p1b: Amoonguss|[spread] p1a,p1b\n|-miss|p2b: Dondozo|p2a: Tatsugiri\n|-resisted|p1b: Amoonguss\n|-damage|p1a: Sylveon|59\/100\n|-damage|p1b: Amoonguss|43\/100\n|move|p1a: Sylveon|Hyper Voice|p2b: Dondozo|[spread] p2b\n|-miss|p1a: Sylveon|p2a: Tatsugiri\n|-damage|p2b: Dondozo|26\/100\n|move|p1b: Amoonguss|Pollen Puff|p2b: Dondozo\n|-damage|p2b: Dondozo|17\/100\n|\n|upkeep\n|turn|23\n|\n|t:|1681842889\n|move|p2b: Dondozo|Rest|p2b: Dondozo\n|-status|p2b: Dondozo|slp|[from] move: Rest\n|-heal|p2b: Dondozo|100\/100 slp|[silent]\n|move|p1a: Sylveon|Hyper Voice|p2b: Dondozo|[spread] p2b\n|-miss|p1a: Sylveon|p2a: Tatsugiri\n|-damage|p2b: Dondozo|79\/100 slp\n|move|p1b: Amoonguss|Pollen Puff|p1a: Sylveon\n|-heal|p1a: Sylveon|100\/100\n|\n|upkeep\n|turn|24\n|c|\u2606SakiVGC|I love Rest Sleep Talk Dondozo\n|\n|t:|1681842905\n|cant|p2b: Dondozo|slp\n|move|p2b: Dondozo|Sleep Talk|p2b: Dondozo\n|move|p2b: Dondozo|Protect|p2b: Dondozo|[from]move: Sleep Talk\n|-singleturn|p2b: Dondozo|Protect\n|move|p1a: Sylveon|Hyper Voice|p2a: Tatsugiri|[spread] \n|-miss|p1a: Sylveon|p2a: Tatsugiri\n|-activate|p2b: Dondozo|move: Protect\n|move|p1b: Amoonguss|Pollen Puff|p2b: Dondozo\n|-activate|p2b: Dondozo|move: Protect\n|\n|upkeep\n|turn|25\n|\n|t:|1681842912\n|cant|p2b: Dondozo|slp\n|move|p2b: Dondozo|Sleep Talk|p2b: Dondozo\n|move|p2b: Dondozo|Rest||[from]move: Sleep Talk|[still]\n|-fail|p2b: Dondozo\n|move|p1a: Sylveon|Hyper Voice|p2a: Tatsugiri|[spread] p2b\n|-miss|p1a: Sylveon|p2a: Tatsugiri\n|-damage|p2b: Dondozo|58\/100 slp\n|move|p1b: Amoonguss|Pollen Puff|p2b: Dondozo\n|-damage|p2b: Dondozo|50\/100 slp\n|\n|upkeep\n|turn|26\n|\n|t:|1681842931\n|-curestatus|p2b: Dondozo|slp|[msg]\n|move|p2b: Dondozo|Surf|p1a: Sylveon|[spread] p1a,p1b\n|-miss|p2b: Dondozo|p2a: Tatsugiri\n|-resisted|p1b: Amoonguss\n|-damage|p1a: Sylveon|62\/100\n|-damage|p1b: Amoonguss|20\/100\n|move|p1a: Sylveon|Hyper Voice|p2a: Tatsugiri|[spread] p2b\n|-miss|p1a: Sylveon|p2a: Tatsugiri\n|-damage|p2b: Dondozo|28\/100\n|move|p1b: Amoonguss|Pollen Puff|p2b: Dondozo\n|-damage|p2b: Dondozo|19\/100\n|\n|upkeep\n|turn|27\n|inactive|Fatbet89 has 30 seconds left.\n|\n|t:|1681842958\n|move|p2b: Dondozo|Rest|p2b: Dondozo\n|-status|p2b: Dondozo|slp|[from] move: Rest\n|-heal|p2b: Dondozo|100\/100 slp|[silent]\n|move|p1a: Sylveon|Hyper Voice|p2b: Dondozo|[spread] p2b\n|-miss|p1a: Sylveon|p2a: Tatsugiri\n|-damage|p2b: Dondozo|81\/100 slp\n|move|p1b: Amoonguss|Pollen Puff|p1a: Sylveon\n|-heal|p1a: Sylveon|100\/100\n|\n|upkeep\n|turn|28\n|\n|t:|1681842970\n|move|p1b: Amoonguss|Protect|p1b: Amoonguss\n|-singleturn|p1b: Amoonguss|Protect\n|cant|p2b: Dondozo|slp\n|move|p2b: Dondozo|Sleep Talk|p2b: Dondozo\n|move|p2b: Dondozo|Rest||[from]move: Sleep Talk|[still]\n|-fail|p2b: Dondozo\n|move|p1a: Sylveon|Hyper Voice|p2a: Tatsugiri|[spread] p2b\n|-miss|p1a: Sylveon|p2a: Tatsugiri\n|-damage|p2b: Dondozo|61\/100 slp\n|\n|upkeep\n|turn|29\n|\n|t:|1681842979\n|cant|p2b: Dondozo|slp\n|move|p2b: Dondozo|Sleep Talk|p2b: Dondozo\n|move|p2b: Dondozo|Protect|p2b: Dondozo|[from]move: Sleep Talk\n|-singleturn|p2b: Dondozo|Protect\n|move|p1a: Sylveon|Hyper Voice|p2a: Tatsugiri|[spread] \n|-miss|p1a: Sylveon|p2a: Tatsugiri\n|-activate|p2b: Dondozo|move: Protect\n|move|p1b: Amoonguss|Pollen Puff|p2b: Dondozo\n|-activate|p2b: Dondozo|move: Protect\n|\n|upkeep\n|turn|30\n|\n|t:|1681842985\n|move|p1b: Amoonguss|Protect|p1b: Amoonguss\n|-singleturn|p1b: Amoonguss|Protect\n|-curestatus|p2b: Dondozo|slp|[msg]\n|move|p2b: Dondozo|Surf|p1b: Amoonguss|[spread] p1a\n|-miss|p2b: Dondozo|p2a: Tatsugiri\n|-activate|p1b: Amoonguss|move: Protect\n|-damage|p1a: Sylveon|58\/100\n|move|p1a: Sylveon|Hyper Voice|p2a: Tatsugiri|[spread] p2b\n|-miss|p1a: Sylveon|p2a: Tatsugiri\n|-damage|p2b: Dondozo|40\/100\n|\n|upkeep\n|turn|31\n|\n|t:|1681842997\n|move|p2b: Dondozo|Surf|p1a: Sylveon|[spread] p1a,p1b\n|-miss|p2b: Dondozo|p2a: Tatsugiri\n|-resisted|p1b: Amoonguss\n|-damage|p1a: Sylveon|21\/100\n|-damage|p1b: Amoonguss|0 fnt\n|faint|p1b: Amoonguss\n|move|p1a: Sylveon|Hyper Voice|p2b: Dondozo|[spread] p2b\n|-miss|p1a: Sylveon|p2a: Tatsugiri\n|-damage|p2b: Dondozo|20\/100\n|\n|upkeep\n|turn|32\n|\n|t:|1681843007\n|move|p2b: Dondozo|Rest|p2b: Dondozo\n|-status|p2b: Dondozo|slp|[from] move: Rest\n|-heal|p2b: Dondozo|100\/100 slp|[silent]\n|move|p1a: Sylveon|Shadow Ball|p2b: Dondozo\n|-damage|p2b: Dondozo|86\/100 slp\n|\n|upkeep\n|turn|33\n|-message|Fatbet89 forfeited.\n|\n|win|SakiVGC\n|raw|Fatbet89's rating: 1155 → 1125<\/strong> (-30 for losing)\n|raw|SakiVGC's rating: 1081 → 1115<\/strong> (+34 for winning)\n|l|\u203dFatbet89\n|c|\u2606SakiVGC|Could've killed there\n|c|\u2606SakiVGC|THANK GOD\n|c|\u2606SakiVGC|Ciao Vale :)\n","uploadtime":1681843027,"views":16,"p1id":"fatbet89","p2id":"sakivgc","formatid":"gen9vgc2023regulationc","rating":1115,"private":0,"password":""}