{"id":"gen9vgc2023regulationc-1849209195","p1":"Siir Stiicky","p2":"MistressQueenM","format":"[Gen 9] VGC 2023 Regulation C","log":"|j|\u2606Siir Stiicky\n|j|\u2606MistressQueenM\n|t:|1682173014\n|gametype|doubles\n|player|p1|Siir Stiicky|266|1238\n|player|p2|MistressQueenM|veteranf|1313\n|teamsize|p1|6\n|teamsize|p2|6\n|gen|9\n|tier|[Gen 9] VGC 2023 Regulation C\n|rated|\n|rule|Species Clause: Limit one of each Pok\u00e9mon\n|rule|Item Clause: Limit one of each item\n|clearpoke\n|poke|p1|Dondozo, L50, M|\n|poke|p1|Tatsugiri, L50, M|\n|poke|p1|Glimmora, L50, M|\n|poke|p1|Great Tusk, L50|\n|poke|p1|Talonflame, L50, F|\n|poke|p1|Chi-Yu, L50|\n|poke|p2|Wo-Chien, L50|\n|poke|p2|Torkoal, L50, M|\n|poke|p2|Garganacl, L50, M|\n|poke|p2|Great Tusk, L50|\n|poke|p2|Murkrow, L50, M|\n|poke|p2|Farigiraf, L50, F|\n|teampreview|4\n|inactive|Battle timer is ON: inactive players will automatically lose when time's up. (requested by Siir Stiicky)\n|inactive|Siir Stiicky has 60 seconds left.\n|inactive|MistressQueenM has 60 seconds left.\nMistressQueenM rejected open team sheets.\n|\n|t:|1682173060\n|start\n|switch|p1a: Talonflame|Talonflame, L50, F|100\/100\n|switch|p1b: Chi-Yu|Chi-Yu, L50|100\/100\n|switch|p2a: Fool|Murkrow, L50, M|100\/100\n|switch|p2b: Freak|Farigiraf, L50, F|100\/100\n|-ability|p1b: Chi-Yu|Beads of Ruin\n|turn|1\n|c|\u2606MistressQueenM|tastu and dondozo in da back\n|\n|t:|1682173082\n|-terastallize|p1b: Chi-Yu|Fire\n|-terastallize|p2b: Freak|Normal\n|move|p2a: Fool|Thunder Wave|p1a: Talonflame\n|-status|p1a: Talonflame|par\n|move|p1b: Chi-Yu|Heat Wave|p2b: Freak|[spread] p2b\n|-miss|p1b: Chi-Yu|p2a: Fool\n|-damage|p2b: Freak|30\/100\n|cant|p1a: Talonflame|par\n|move|p2b: Freak|Trick Room|p2b: Freak\n|-fieldstart|move: Trick Room|[of] p2b: Freak\n|\n|upkeep\n|turn|2\n|\n|t:|1682173097\n|move|p2b: Freak|Hyper Voice|p1b: Chi-Yu|[spread] p1a,p1b\n|-enditem|p2b: Freak|Normal Gem|[from] gem\n|-damage|p1a: Talonflame|17\/100 par\n|-damage|p1b: Chi-Yu|52\/100\n|move|p1a: Talonflame|Sunny Day|p1a: Talonflame\n|-weather|SunnyDay\n|move|p2a: Fool|Foul Play|p1a: Talonflame\n|-damage|p1a: Talonflame|0 fnt\n|faint|p1a: Talonflame\n|move|p1b: Chi-Yu|Heat Wave|p2a: Fool|[spread] p2a,p2b\n|-damage|p2a: Fool|0 fnt\n|-damage|p2b: Freak|0 fnt\n|faint|p2a: Fool\n|faint|p2b: Freak\n|\n|-weather|SunnyDay|[upkeep]\n|upkeep\n|\n|t:|1682173116\n|switch|p2b: PageKnight|Wo-Chien, L50|100\/100\n|switch|p2a: Abrams|Torkoal, L50, M, shiny|100\/100\n|switch|p1a: Tatsugiri|Tatsugiri, L50, M|100\/100\n|-ability|p2b: PageKnight|Tablets of Ruin\n|turn|3\n|\n|t:|1682173131\n|move|p1a: Tatsugiri|Protect|p1a: Tatsugiri\n|-singleturn|p1a: Tatsugiri|Protect\n|move|p2a: Abrams|Eruption|p1a: Tatsugiri|[spread] p1b\n|-activate|p1a: Tatsugiri|move: Protect\n|-resisted|p1b: Chi-Yu\n|-damage|p1b: Chi-Yu|0 fnt\n|faint|p1b: Chi-Yu\n|move|p2b: PageKnight|Foul Play|p1a: Tatsugiri\n|-activate|p1a: Tatsugiri|move: Protect\n|\n|-weather|SunnyDay|[upkeep]\n|upkeep\n|\n|t:|1682173143\n|switch|p1b: Dondozo|Dondozo, L50, M|100\/100\n|-activate|p1a: Tatsugiri|ability: Commander|[of] p1b: Dondozo\n|-boost|p1b: Dondozo|atk|2\n|-boost|p1b: Dondozo|spa|2\n|-boost|p1b: Dondozo|spe|2\n|-boost|p1b: Dondozo|def|2\n|-boost|p1b: Dondozo|spd|2\n|turn|4\n|\n|t:|1682173152\n|move|p1b: Dondozo|Protect|p1b: Dondozo\n|-singleturn|p1b: Dondozo|Protect\n|move|p2a: Abrams|Clear Smog|p1b: Dondozo\n|-activate|p1b: Dondozo|move: Protect\n|move|p2b: PageKnight|Leech Seed|p1b: Dondozo\n|-activate|p1b: Dondozo|move: Protect\n|\n|-weather|SunnyDay|[upkeep]\n|upkeep\n|turn|5\n|c|\u2606MistressQueenM|lame\n|\n|t:|1682173164\n|move|p1b: Dondozo|Protect|p1b: Dondozo\n|-singleturn|p1b: Dondozo|Protect\n|move|p2a: Abrams|Clear Smog|p1b: Dondozo\n|-activate|p1b: Dondozo|move: Protect\n|move|p2b: PageKnight|Leech Seed|p1b: Dondozo\n|-activate|p1b: Dondozo|move: Protect\n|\n|-weather|SunnyDay|[upkeep]\n|-fieldend|move: Trick Room\n|upkeep\n|turn|6\n|c|\u2606MistressQueenM|CMOIN\n|c|\u2606MistressQueenM|AFEGSRGS\n|c|\u2606MistressQueenM|DAHD\n|c|\u2606MistressQueenM|HSD\n|c|\u2606MistressQueenM|BSB\n|c|\u2606MistressQueenM|GG\n|\n|t:|1682173176\n|move|p1b: Dondozo|Wave Crash|p2a: Abrams\n|-supereffective|p2a: Abrams\n|-damage|p2a: Abrams|39\/100\n|-damage|p1b: Dondozo|85\/100|[from] Recoil\n|move|p2b: PageKnight|Foul Play|p1b: Dondozo\n|-damage|p1b: Dondozo|68\/100\n|move|p2a: Abrams|Clear Smog|p1b: Dondozo\n|-damage|p1b: Dondozo|59\/100\n|-clearboost|p1b: Dondozo\n|\n|-weather|none\n|-heal|p1b: Dondozo|65\/100|[from] item: Leftovers\n|upkeep\n|turn|7\n|\n|t:|1682173191\n|move|p1b: Dondozo|Protect|p1b: Dondozo\n|-singleturn|p1b: Dondozo|Protect\n|move|p2a: Abrams|Protect|p2a: Abrams\n|-singleturn|p2a: Abrams|Protect\n|move|p2b: PageKnight|Leech Seed|p1b: Dondozo\n|-activate|p1b: Dondozo|move: Protect\n|\n|-heal|p1b: Dondozo|72\/100|[from] item: Leftovers\n|upkeep\n|turn|8\n|\n|t:|1682173202\n|move|p2b: PageKnight|Leech Seed|p1b: Dondozo\n|-start|p1b: Dondozo|move: Leech Seed\n|move|p1b: Dondozo|Earthquake|p2b: PageKnight|[spread] p2a,p2b\n|-miss|p1b: Dondozo|p1a: Tatsugiri\n|-supereffective|p2a: Abrams\n|-resisted|p2b: PageKnight\n|-damage|p2a: Abrams|12\/100\n|-damage|p2b: PageKnight|93\/100\n|move|p2a: Abrams|Heat Wave|p1a: Tatsugiri|[spread] p1b\n|-miss|p2a: Abrams|p1a: Tatsugiri\n|-resisted|p1b: Dondozo\n|-damage|p1b: Dondozo|50\/100\n|\n|-heal|p1b: Dondozo|56\/100|[from] item: Leftovers\n|-damage|p1b: Dondozo|43\/100|[from] Leech Seed|[of] p2b: PageKnight\n|-heal|p2b: PageKnight|100\/100|[silent]\n|upkeep\n|turn|9\n|c|\u2606MistressQueenM|please just give up\n|c|\u2606MistressQueenM|i hate losing\n|\n|t:|1682173218\n|move|p2a: Abrams|Protect|p2a: Abrams\n|-singleturn|p2a: Abrams|Protect\n|move|p2b: PageKnight|Giga Drain|p1b: Dondozo\n|-supereffective|p1b: Dondozo\n|-damage|p1b: Dondozo|0 fnt\n|faint|p1b: Dondozo\n|\n|upkeep\n|turn|10\n|\n|t:|1682173241\n|move|p1a: Tatsugiri|Muddy Water|p2a: Abrams|[spread] p2b\n|-miss|p1a: Tatsugiri|p2a: Abrams\n|-resisted|p2b: PageKnight\n|-damage|p2b: PageKnight|92\/100\n|move|p2b: PageKnight|Leech Seed|p1a: Tatsugiri\n|-start|p1a: Tatsugiri|move: Leech Seed\n|move|p2a: Abrams|Heat Wave|p1a: Tatsugiri\n|-resisted|p1a: Tatsugiri\n|-damage|p1a: Tatsugiri|85\/100\n|\n|-damage|p1a: Tatsugiri|73\/100|[from] Leech Seed|[of] p2b: PageKnight\n|-heal|p2b: PageKnight|100\/100|[silent]\n|upkeep\n|turn|11\n|\n|t:|1682173260\n|move|p2a: Abrams|Protect|p2a: Abrams\n|-singleturn|p2a: Abrams|Protect\n|move|p1a: Tatsugiri|Draco Meteor|p2b: PageKnight\n|-damage|p2b: PageKnight|66\/100\n|-unboost|p1a: Tatsugiri|spa|2\n|move|p2b: PageKnight|Giga Drain|p1a: Tatsugiri\n|-damage|p1a: Tatsugiri|39\/100\n|-heal|p2b: PageKnight|79\/100|[from] drain|[of] p1a: Tatsugiri\n|\n|-damage|p1a: Tatsugiri|26\/100|[from] Leech Seed|[of] p2b: PageKnight\n|-heal|p2b: PageKnight|88\/100|[silent]\n|upkeep\n|turn|12\n|c|\u2606MistressQueenM|im GONNA WIN\n|c|\u2606MistressQueenM|YES\n|c|\u2606MistressQueenM|YES\n|c|\u2606MistressQueenM|YES\n|c|\u2606MistressQueenM|ME\n|c|\u2606MistressQueenM|ME\n|c|\u2606MistressQueenM|ME\n|l|\u2606Siir Stiicky\n|inactive|Siir Stiicky disconnected and has a minute to reconnect!\n|player|p1|\n|inactive|Siir Stiicky has 30 seconds left.\n|inactive|Siir Stiicky has 20 seconds left.\n|inactive|Siir Stiicky has 15 seconds left.\n|inactive|Siir Stiicky has 10 seconds left.\n|inactive|Siir Stiicky has 5 seconds left.\n|-message|Siir Stiicky lost due to inactivity.\n|\n|win|MistressQueenM\n|raw|Siir Stiicky's rating: 1238 → 1218<\/strong> (-20 for losing)\n|raw|MistressQueenM's rating: 1313 → 1329<\/strong> (+16 for winning)\n","uploadtime":1682173320,"views":8,"p1id":"siirstiicky","p2id":"mistressqueenm","formatid":"gen9vgc2023regulationc","rating":1218,"private":0,"password":""}