{"id":"gen9vgc2023regulationc-1850271229","p1":"Devilstar424","p2":"megaprawn","format":"[Gen 9] VGC 2023 Regulation C","log":"|j|\u2606Devilstar424\n|j|\u2606megaprawn\n|t:|1682308814\n|gametype|doubles\n|player|p1|Devilstar424|102|1185\n|player|p2|megaprawn|brycen|1239\n|teamsize|p1|6\n|teamsize|p2|6\n|gen|9\n|tier|[Gen 9] VGC 2023 Regulation C\n|rated|\n|rule|Species Clause: Limit one of each Pok\u00e9mon\n|rule|Item Clause: Limit one of each item\n|clearpoke\n|poke|p1|Tinkaton, L50, F|\n|poke|p1|Iron Hands, L50|\n|poke|p1|Iron Bundle, L50|\n|poke|p1|Gholdengo, L50|\n|poke|p1|Arcanine, L50, M|\n|poke|p1|Roaring Moon, L50|\n|poke|p2|Armarouge, L50, F|\n|poke|p2|Great Tusk, L50|\n|poke|p2|Talonflame, L50, M|\n|poke|p2|Indeedee-F, L50, F|\n|poke|p2|Gyarados, L50, F|\n|poke|p2|Flutter Mane, L50|\n|teampreview|4\n|inactive|Battle timer is ON: inactive players will automatically lose when time's up. (requested by Devilstar424)\nmegaprawn has agreed to open team sheets.\n|inactive|Devilstar424 has 60 seconds left.\n|inactive|megaprawn has 60 seconds left.\n|\n|t:|1682308870\n|start\n|switch|p1a: Iron Bundle|Iron Bundle, L50|100\/100\n|switch|p1b: Roaring Moon|Roaring Moon, L50|100\/100\n|switch|p2a: Great Tusk|Great Tusk, L50|100\/100\n|switch|p2b: Talonflame|Talonflame, L50, M|100\/100\n|-enditem|p1b: Roaring Moon|Booster Energy\n|-activate|p1b: Roaring Moon|ability: Protosynthesis|[fromitem]\n|-start|p1b: Roaring Moon|protosynthesisatk\n|turn|1\n|inactive|Devilstar424 has 30 seconds left.\n|inactive|megaprawn has 30 seconds left.\n|inactive|Devilstar424 has 20 seconds left.\n|inactive|Devilstar424 has 15 seconds left.\n|\n|t:|1682308914\n|-terastallize|p2a: Great Tusk|Rock\n|move|p2b: Talonflame|Brave Bird|p1a: Iron Bundle\n|-damage|p1a: Iron Bundle|57\/100\n|-damage|p2b: Talonflame|90\/100|[from] Recoil\n|move|p2a: Great Tusk|Close Combat|p1a: Iron Bundle\n|-supereffective|p1a: Iron Bundle\n|-damage|p1a: Iron Bundle|0 fnt\n|-unboost|p2a: Great Tusk|def|1\n|-unboost|p2a: Great Tusk|spd|1\n|faint|p1a: Iron Bundle\n|-end|p1a: Iron Bundle|Quark Drive|[silent]\n|move|p1b: Roaring Moon|Dragon Dance|p1b: Roaring Moon\n|-boost|p1b: Roaring Moon|atk|1\n|-boost|p1b: Roaring Moon|spe|1\n|\n|upkeep\n|\n|t:|1682308926\n|switch|p1a: Tinkaton|Tinkaton, L50, F|100\/100\n|-ability|p1a: Tinkaton|Mold Breaker\n|turn|2\n|\n|t:|1682308941\n|move|p1a: Tinkaton|Fake Out|p2a: Great Tusk\n|-resisted|p2a: Great Tusk\n|-damage|p2a: Great Tusk|96\/100\n|move|p1b: Roaring Moon|Throat Chop|p2a: Great Tusk\n|-damage|p2a: Great Tusk|0 fnt\n|faint|p2a: Great Tusk\n|-end|p2a: Great Tusk|Protosynthesis|[silent]\n|move|p2b: Talonflame|Tailwind|p2b: Talonflame\n|-sidestart|p2: megaprawn|move: Tailwind\n|\n|upkeep\n|inactive|megaprawn has 30 seconds left.\n|inactive|megaprawn has 20 seconds left.\n|inactive|megaprawn has 15 seconds left.\n|inactive|megaprawn has 10 seconds left.\n|\n|t:|1682308988\n|switch|p2a: Armarouge|Armarouge, L50, F|100\/100\n|turn|3\n|\n|t:|1682309009\n|-terastallize|p1a: Tinkaton|Water\n|move|p2b: Talonflame|Will-O-Wisp|p1b: Roaring Moon\n|-status|p1b: Roaring Moon|brn\n|move|p2a: Armarouge|Heat Wave|p1b: Roaring Moon|[spread] p1a,p1b\n|-resisted|p1a: Tinkaton\n|-resisted|p1b: Roaring Moon\n|-damage|p1a: Tinkaton|85\/100\n|-damage|p1b: Roaring Moon|84\/100 brn\n|move|p1b: Roaring Moon|Throat Chop|p2a: Armarouge\n|-supereffective|p2a: Armarouge\n|-damage|p2a: Armarouge|0 fnt\n|faint|p2a: Armarouge\n|move|p1a: Tinkaton|Thunder Wave|p2b: Talonflame\n|-status|p2b: Talonflame|par\n|\n|-damage|p1b: Roaring Moon|77\/100 brn|[from] brn\n|upkeep\n|\n|t:|1682309021\n|switch|p2a: Indeedee|Indeedee-F, L50, F|100\/100\n|-fieldstart|move: Psychic Terrain|[from] ability: Psychic Surge|[of] p2a: Indeedee\n|turn|4\n|\n|t:|1682309040\n|move|p2a: Indeedee|Dazzling Gleam|p1b: Roaring Moon|[spread] p1a,p1b\n|-supereffective|p1b: Roaring Moon\n|-damage|p1a: Tinkaton|74\/100\n|-damage|p1b: Roaring Moon|30\/100 brn\n|move|p1b: Roaring Moon|Throat Chop|p2a: Indeedee\n|-supereffective|p2a: Indeedee\n|-crit|p2a: Indeedee\n|-damage|p2a: Indeedee|0 fnt\n|faint|p2a: Indeedee\n|move|p2b: Talonflame|Brave Bird|p1b: Roaring Moon\n|-damage|p1b: Roaring Moon|0 fnt\n|faint|p1b: Roaring Moon\n|-end|p1b: Roaring Moon|Protosynthesis|[silent]\n|-damage|p2b: Talonflame|79\/100 par|[from] Recoil\n|move|p1a: Tinkaton|Gigaton Hammer|p2b: Talonflame\n|-resisted|p2b: Talonflame\n|-damage|p2b: Talonflame|50\/100 par\n|\n|upkeep\n|\n|t:|1682309050\n|switch|p1b: Iron Hands|Iron Hands, L50|100\/100\n|turn|5\n|\n|t:|1682309063\n|move|p1a: Tinkaton|Helping Hand|p1b: Iron Hands\n|-singleturn|p1b: Iron Hands|Helping Hand|[of] p1a: Tinkaton\n|cant|p2b: Talonflame|par\n|move|p1b: Iron Hands|Wild Charge|p2b: Talonflame\n|-supereffective|p2b: Talonflame\n|-damage|p2b: Talonflame|0 fnt\n|faint|p2b: Talonflame\n|-damage|p1b: Iron Hands|90\/100|[from] Recoil\n|\n|win|Devilstar424\n|raw|Devilstar424's rating: 1185 → 1214<\/strong> (+29 for winning)\n|raw|megaprawn's rating: 1239 → 1210<\/strong> (-29 for losing)\n|l|\u2606Devilstar424\n|l|\u2606megaprawn\n|j|\u2606megaprawn\n|player|p2|megaprawn|brycen\n","uploadtime":1682309070,"views":39,"p1id":"devilstar424","p2id":"megaprawn","formatid":"gen9vgc2023regulationc","rating":1210,"private":0,"password":""}