{"id":"gen9vgc2023regulationc-1846964819","p1":"200 routes","p2":"kokonat58","format":"[Gen 9] VGC 2023 Regulation C","log":"|j|\u2606200 routes\n|j|\u2606kokonat58\n|t:|1681906837\n|gametype|doubles\n|player|p1|200 routes|102|1389\n|player|p2|kokonat58|170|1307\n|teamsize|p1|6\n|teamsize|p2|6\n|gen|9\n|tier|[Gen 9] VGC 2023 Regulation C\n|rated|\n|rule|Species Clause: Limit one of each Pok\u00e9mon\n|rule|Item Clause: Limit one of each item\n|clearpoke\n|poke|p1|Scizor, L50, M|\n|poke|p1|Iron Bundle, L50|\n|poke|p1|Iron Hands, L50|\n|poke|p1|Baxcalibur, L50, F|\n|poke|p1|Amoonguss, L50, F|\n|poke|p1|Flutter Mane, L50|\n|poke|p2|Ting-Lu, L50|\n|poke|p2|Baxcalibur, L50, M|\n|poke|p2|Amoonguss, L50, F|\n|poke|p2|Flutter Mane, L50|\n|poke|p2|Gyarados, L50, M|\n|poke|p2|Chi-Yu, L50|\n|teampreview|4\n|inactive|Battle timer is ON: inactive players will automatically lose when time's up. (requested by 200 routes)\n|inactive|200 routes has 60 seconds left.\n|inactive|kokonat58 has 60 seconds left.\n|inactive|kokonat58 has 30 seconds left.\n|inactive|kokonat58 has 20 seconds left.\n|inactive|kokonat58 has 15 seconds left.\n|inactive|kokonat58 has 10 seconds left.\n|\n|t:|1681906930\n|start\n|switch|p1a: Scizor|Scizor, L50, M|100\/100\n|switch|p1b: Iron Hands|Iron Hands, L50|100\/100\n|switch|p2a: Gyarados|Gyarados, L50, M|100\/100\n|switch|p2b: Ting-Lu|Ting-Lu, L50|100\/100\n|-ability|p2a: Gyarados|Intimidate|boost\n|-unboost|p1a: Scizor|atk|1\n|-unboost|p1b: Iron Hands|atk|1\n|-ability|p2b: Ting-Lu|Vessel of Ruin\n|turn|1\n|inactive|200 routes has 30 seconds left.\n|inactive|kokonat58 has 30 seconds left.\n|\n|t:|1681906961\n|switch|p2b: Amoonguss|Amoonguss, L50, F|100\/100\n|-terastallize|p2a: Gyarados|Ground\n|move|p1b: Iron Hands|Fake Out|p2a: Gyarados\n|-damage|p2a: Gyarados|91\/100\n|cant|p2a: Gyarados|flinch\n|move|p1a: Scizor|Pounce|p2b: Amoonguss\n|-damage|p2b: Amoonguss|79\/100\n|-unboost|p2b: Amoonguss|spe|1\n|\n|upkeep\n|turn|2\n|inactive|200 routes has 30 seconds left.\n|inactive|kokonat58 has 30 seconds left.\n|inactive|200 routes has 20 seconds left.\n|inactive|200 routes has 15 seconds left.\n|inactive|200 routes has 10 seconds left.\n|\n|t:|1681907008\n|-terastallize|p1b: Iron Hands|Grass\n|move|p1a: Scizor|Protect|p1a: Scizor\n|-singleturn|p1a: Scizor|Protect\n|move|p2a: Gyarados|Thunder Wave|p1a: Scizor\n|-activate|p1a: Scizor|move: Protect\n|move|p1b: Iron Hands|Drain Punch|p2a: Gyarados\n|-damage|p2a: Gyarados|60\/100\n|move|p2b: Amoonguss|Spore|p1b: Iron Hands\n|-immune|p1b: Iron Hands\n|\n|upkeep\n|turn|3\n|inactive|200 routes has 30 seconds left.\n|\n|t:|1681907037\n|move|p2a: Gyarados|Thunder Wave|p1a: Scizor\n|-status|p1a: Scizor|par\n|-enditem|p1a: Scizor|Lum Berry|[eat]\n|-curestatus|p1a: Scizor|par|[msg]\n|move|p1a: Scizor|Trailblaze|p2a: Gyarados\n|-supereffective|p2a: Gyarados\n|-damage|p2a: Gyarados|13\/100\n|-boost|p1a: Scizor|spe|1\n|move|p1b: Iron Hands|Drain Punch|p2a: Gyarados\n|-damage|p2a: Gyarados|0 fnt\n|faint|p2a: Gyarados\n|move|p2b: Amoonguss|Pollen Puff|p2: Gyarados|[notarget]\n|-fail|p2b: Amoonguss\n|\n|upkeep\n|inactive|kokonat58 has 30 seconds left.\n|\n|t:|1681907065\n|switch|p2a: Ting-Lu|Ting-Lu, L50|100\/100\n|-ability|p2a: Ting-Lu|Vessel of Ruin\n|turn|4\n|inactive|200 routes has 30 seconds left.\n|inactive|200 routes has 20 seconds left.\n|\n|t:|1681907105\n|-end|p1b: Iron Hands|Quark Drive|[silent]\n|switch|p1b: Baxcalibur|Baxcalibur, L50, F|100\/100\n|move|p1a: Scizor|Protect|p1a: Scizor\n|-singleturn|p1a: Scizor|Protect\n|move|p2a: Ting-Lu|Ruination|p1b: Baxcalibur\n|-damage|p1b: Baxcalibur|51\/100\n|move|p2b: Amoonguss|Spore|p1a: Scizor\n|-activate|p1a: Scizor|move: Protect\n|\n|upkeep\n|turn|5\n|inactive|200 routes has 30 seconds left.\n|inactive|kokonat58 has 30 seconds left.\n|\n|t:|1681907137\n|switch|p1a: Iron Hands|Iron Hands, L50, tera:Grass|100\/100\n|move|p1b: Baxcalibur|Protect|p1b: Baxcalibur\n|-singleturn|p1b: Baxcalibur|Protect\n|move|p2b: Amoonguss|Protect|p2b: Amoonguss\n|-singleturn|p2b: Amoonguss|Protect\n|move|p2a: Ting-Lu|Heavy Slam|p1b: Baxcalibur\n|-activate|p1b: Baxcalibur|move: Protect\n|\n|upkeep\n|turn|6\n|inactive|200 routes has 30 seconds left.\n|inactive|kokonat58 has 30 seconds left.\n|\n|t:|1681907171\n|move|p2b: Amoonguss|Protect||[still]\n|-fail|p2b: Amoonguss\n|move|p1a: Iron Hands|Fake Out|p2a: Ting-Lu\n|-damage|p2a: Ting-Lu|92\/100\n|move|p1b: Baxcalibur|Icicle Crash|p2b: Amoonguss|[miss]\n|-miss|p1b: Baxcalibur|p2b: Amoonguss\n|cant|p2a: Ting-Lu|flinch\n|\n|upkeep\n|turn|7\n|inactive|kokonat58 has 30 seconds left.\n|\n|t:|1681907198\n|move|p1b: Baxcalibur|Protect|p1b: Baxcalibur\n|-singleturn|p1b: Baxcalibur|Protect\n|move|p2b: Amoonguss|Protect|p2b: Amoonguss\n|-singleturn|p2b: Amoonguss|Protect\n|move|p1a: Iron Hands|Drain Punch|p2a: Ting-Lu\n|-supereffective|p2a: Ting-Lu\n|-damage|p2a: Ting-Lu|41\/100\n|move|p2a: Ting-Lu|Fissure|p1a: Iron Hands|[miss]\n|-miss|p2a: Ting-Lu|p1a: Iron Hands\n|\n|upkeep\n|turn|8\n|inactive|200 routes has 30 seconds left.\n|inactive|kokonat58 has 30 seconds left.\n|inactive|200 routes has 20 seconds left.\n|\n|t:|1681907236\n|switch|p2a: Flutter Mane|Flutter Mane, L50|100\/100\n|move|p1b: Baxcalibur|Icicle Crash|p2a: Flutter Mane|[miss]\n|-miss|p1b: Baxcalibur|p2a: Flutter Mane\n|move|p1a: Iron Hands|Heavy Slam|p2a: Flutter Mane\n|-supereffective|p2a: Flutter Mane\n|-enditem|p2a: Flutter Mane|Focus Sash\n|-damage|p2a: Flutter Mane|1\/100\n|move|p2b: Amoonguss|Spore|p1b: Baxcalibur\n|-status|p1b: Baxcalibur|slp|[from] move: Spore\n|\n|upkeep\n|turn|9\n|inactive|200 routes has 30 seconds left.\n|inactive|kokonat58 has 30 seconds left.\n|inactive|200 routes has 20 seconds left.\n|inactive|200 routes has 15 seconds left.\n|\n|t:|1681907281\n|move|p2a: Flutter Mane|Dazzling Gleam|p1a: Iron Hands|[spread] p1a,p1b\n|-supereffective|p1b: Baxcalibur\n|-damage|p1a: Iron Hands|87\/100\n|-damage|p1b: Baxcalibur|0 fnt\n|faint|p1b: Baxcalibur\n|move|p1a: Iron Hands|Heavy Slam|p2a: Flutter Mane\n|-supereffective|p2a: Flutter Mane\n|-damage|p2a: Flutter Mane|0 fnt\n|faint|p2a: Flutter Mane\n|-end|p2a: Flutter Mane|Protosynthesis|[silent]\n|move|p2b: Amoonguss|Spore|p1a: Iron Hands\n|-immune|p1a: Iron Hands\n|\n|upkeep\n|\n|t:|1681907295\n|switch|p2a: Ting-Lu|Ting-Lu, L50|41\/100\n|switch|p1b: Flutter Mane|Flutter Mane, L50|100\/100\n|-ability|p2a: Ting-Lu|Vessel of Ruin\n|turn|10\n|\n|t:|1681907312\n|move|p2b: Amoonguss|Rage Powder|p2b: Amoonguss\n|-singleturn|p2b: Amoonguss|move: Rage Powder\n|move|p1b: Flutter Mane|Shadow Ball|p2b: Amoonguss\n|-damage|p2b: Amoonguss|40\/100\n|-unboost|p2b: Amoonguss|spd|1\n|-enditem|p2b: Amoonguss|Sitrus Berry|[eat]\n|-heal|p2b: Amoonguss|65\/100|[from] item: Sitrus Berry\n|move|p1a: Iron Hands|Drain Punch|p2a: Ting-Lu\n|-supereffective|p2a: Ting-Lu\n|-damage|p2a: Ting-Lu|0 fnt\n|-heal|p1a: Iron Hands|100\/100|[from] drain|[of] p2a: Ting-Lu\n|faint|p2a: Ting-Lu\n|\n|upkeep\n|turn|11\n|-message|kokonat58 forfeited.\n|\n|win|200 routes\n|raw|200 routes's rating: 1389 → 1404<\/strong> (+15 for winning)\n|raw|kokonat58's rating: 1307 → 1292<\/strong> (-15 for losing)\n|l|\u2606kokonat58\n","uploadtime":1681907330,"views":6,"p1id":"200routes","p2id":"kokonat58","formatid":"gen9vgc2023regulationc","rating":1292,"private":0,"password":""}