{"id":"gen9vgc2023regulationc-1863609481","p1":"Strauchanie","p2":"XinBluQAQ","format":"[Gen 9] VGC 2023 Regulation C","log":"|j|\u2606Strauchanie\n|j|\u2606XinBluQAQ\n|t:|1684042657\n|gametype|doubles\n|player|p1|Strauchanie|crasherwake|1359\n|player|p2|XinBluQAQ|shadowtriad|1314\n|teamsize|p1|6\n|teamsize|p2|6\n|gen|9\n|tier|[Gen 9] VGC 2023 Regulation C\n|rated|\n|rule|Species Clause: Limit one of each Pok\u00e9mon\n|rule|Item Clause: Limit one of each item\n|clearpoke\n|poke|p1|Indeedee-F, L50, F|\n|poke|p1|Armarouge, L50, M|\n|poke|p1|Palafin, L50, F|\n|poke|p1|Chien-Pao, L50|\n|poke|p1|Hawlucha, L50, M|\n|poke|p1|Sandy Shocks, L50|\n|poke|p2|Iron Bundle, L50|\n|poke|p2|Dondozo, L50, M|\n|poke|p2|Tatsugiri, L50, F|\n|poke|p2|Glimmora, L50, M|\n|poke|p2|Dragonite, L50, M|\n|poke|p2|Chi-Yu, L50|\n|teampreview|4\n|inactive|Battle timer is ON: inactive players will automatically lose when time's up. (requested by Strauchanie)\n|\n|t:|1684042678\n|start\n|switch|p1a: Palafin|Palafin, L50, F, shiny|100\/100\n|switch|p1b: Hawlucha|Hawlucha, L50, M, shiny|100\/100\n|switch|p2a: Glimmora|Glimmora, L50, M|100\/100\n|switch|p2b: Dondozo|Dondozo, L50, M|100\/100\n|turn|1\n|inactive|Strauchanie has 30 seconds left.\n|inactive|Strauchanie has 20 seconds left.\n|inactive|Strauchanie has 15 seconds left.\n|inactive|Strauchanie has 10 seconds left.\n|inactive|Strauchanie has 5 seconds left.\n|\n|t:|1684042731\n|move|p1b: Hawlucha|Acrobatics|p2b: Dondozo\n|-damage|p2b: Dondozo|82\/100\n|move|p1a: Palafin|Close Combat|p2b: Dondozo\n|-crit|p2b: Dondozo\n|-damage|p2b: Dondozo|47\/100\n|-unboost|p1a: Palafin|def|1\n|-unboost|p1a: Palafin|spd|1\n|-enditem|p1a: Palafin|Eject Pack\n|\n|t:|1684042742\n|detailschange|p1a: Palafin|Palafin-Hero, L50, F, shiny\n|switch|p1a: Indeedee|Indeedee-F, L50, F|100\/100\n|-fieldstart|move: Psychic Terrain|[from] ability: Psychic Surge|[of] p1a: Indeedee\n|-enditem|p1b: Hawlucha|Psychic Seed\n|-boost|p1b: Hawlucha|spd|1|[from] item: Psychic Seed\n|move|p2a: Glimmora|Energy Ball|p1a: Indeedee\n|-damage|p1a: Indeedee|73\/100\n|move|p2b: Dondozo|Wave Crash|p1a: Indeedee\n|-damage|p1a: Indeedee|20\/100\n|-damage|p2b: Dondozo|33\/100|[from] Recoil\n|\n|-heal|p2b: Dondozo|40\/100|[from] item: Leftovers\n|upkeep\n|turn|2\n|j| forever16\n|inactive|Strauchanie has 30 seconds left.\n|inactive|Strauchanie has 20 seconds left.\n|inactive|Strauchanie has 15 seconds left.\n|\n|t:|1684042783\n|move|p2b: Dondozo|Protect|p2b: Dondozo\n|-singleturn|p2b: Dondozo|Protect\n|move|p1b: Hawlucha|Acrobatics|p2b: Dondozo\n|-activate|p2b: Dondozo|move: Protect\n|move|p2a: Glimmora|Mortal Spin|p1b: Hawlucha|[spread] p1a,p1b\n|-damage|p1a: Indeedee|16\/100\n|-damage|p1b: Hawlucha|94\/100\n|-status|p1a: Indeedee|psn\n|-status|p1b: Hawlucha|psn\n|move|p1a: Indeedee|Psychic|p2b: Dondozo\n|-activate|p2b: Dondozo|move: Protect\n|\n|-heal|p2b: Dondozo|46\/100|[from] item: Leftovers\n|-damage|p1b: Hawlucha|82\/100 psn|[from] psn\n|-damage|p1a: Indeedee|4\/100 psn|[from] psn\n|upkeep\n|turn|3\n|inactive|XinBluQAQ has 30 seconds left.\n|\n|t:|1684042811\n|switch|p1a: Palafin|Palafin-Hero, L50, F, shiny|100\/100\n|-activate|p1a: Palafin|ability: Zero to Hero\n|move|p1b: Hawlucha|Acrobatics|p2b: Dondozo\n|-damage|p2b: Dondozo|10\/100\n|move|p2a: Glimmora|Power Gem|p1b: Hawlucha\n|-damage|p1b: Hawlucha|46\/100 psn\n|move|p2b: Dondozo|Wave Crash|p1b: Hawlucha\n|-damage|p1b: Hawlucha|0 fnt\n|faint|p1b: Hawlucha\n|-damage|p2b: Dondozo|0 fnt|[from] Recoil\n|faint|p2b: Dondozo\n|\n|upkeep\n|\n|t:|1684042823\n|switch|p1b: Chien-Pao|Chien-Pao, L50|100\/100\n|switch|p2b: Iron Bundle|Iron Bundle, L50|100\/100\n|-ability|p1b: Chien-Pao|Sword of Ruin\n|-enditem|p2b: Iron Bundle|Booster Energy\n|-activate|p2b: Iron Bundle|ability: Quark Drive|[fromitem]\n|-start|p2b: Iron Bundle|quarkdrivespe\n|turn|4\n|\n|t:|1684042841\n|move|p1b: Chien-Pao|Protect|p1b: Chien-Pao\n|-singleturn|p1b: Chien-Pao|Protect\n|move|p1a: Palafin|Protect|p1a: Palafin\n|-singleturn|p1a: Palafin|Protect\n|move|p2b: Iron Bundle|Freeze-Dry|p1a: Palafin\n|-activate|p1a: Palafin|move: Protect\n|move|p2a: Glimmora|Mortal Spin|p1a: Palafin|[spread] \n|-activate|p1a: Palafin|move: Protect\n|-activate|p1b: Chien-Pao|move: Protect\n|\n|upkeep\n|turn|5\n|inactive|Strauchanie has 30 seconds left.\n|inactive|Strauchanie has 20 seconds left.\n|\n|t:|1684042877\n|switch|p1a: Indeedee|Indeedee-F, L50, F|4\/100 psn\n|move|p2b: Iron Bundle|Protect|p2b: Iron Bundle\n|-singleturn|p2b: Iron Bundle|Protect\n|move|p1b: Chien-Pao|Throat Chop|p2a: Glimmora\n|-damage|p2a: Glimmora|42\/100\n|-start|p2a: Glimmora|Throat Chop|[silent]\n|-activate|p2a: Glimmora|ability: Toxic Debris\n|-sidestart|p1: Strauchanie|move: Toxic Spikes\n|move|p2a: Glimmora|Mortal Spin|p1a: Indeedee|[spread] p1a,p1b\n|-damage|p1a: Indeedee|0 fnt\n|-damage|p1b: Chien-Pao|95\/100\n|-status|p1b: Chien-Pao|psn\n|faint|p1a: Indeedee\n|\n|-damage|p1b: Chien-Pao|83\/100 psn|[from] psn\n|-fieldend|move: Psychic Terrain\n|upkeep\n|\n|t:|1684042889\n|switch|p1a: Palafin|Palafin-Hero, L50, F, shiny|100\/100\n|-status|p1a: Palafin|psn\n|turn|6\n|\n|t:|1684042899\n|-terastallize|p2b: Iron Bundle|Ice\n|move|p2b: Iron Bundle|Freeze-Dry|p1a: Palafin\n|-supereffective|p1a: Palafin\n|-damage|p1a: Palafin|14\/100 psn\n|move|p1b: Chien-Pao|Throat Chop|p2a: Glimmora\n|-damage|p2a: Glimmora|0 fnt\n|-activate|p2a: Glimmora|ability: Toxic Debris\n|-sidestart|p1: Strauchanie|move: Toxic Spikes\n|faint|p2a: Glimmora\n|move|p1a: Palafin|Close Combat|p2b: Iron Bundle\n|-supereffective|p2b: Iron Bundle\n|-damage|p2b: Iron Bundle|0 fnt\n|-unboost|p1a: Palafin|def|1\n|-unboost|p1a: Palafin|spd|1\n|faint|p2b: Iron Bundle\n|-end|p2b: Iron Bundle|Quark Drive|[silent]\n|\n|-damage|p1b: Chien-Pao|70\/100 psn|[from] psn\n|-damage|p1a: Palafin|2\/100 psn|[from] psn\n|upkeep\n|\n|t:|1684042903\n|switch|p2a: Chi-Yu|Chi-Yu, L50|100\/100\n|-ability|p2a: Chi-Yu|Beads of Ruin\n|turn|7\n|\n|t:|1684042927\n|move|p2a: Chi-Yu|Protect|p2a: Chi-Yu\n|-singleturn|p2a: Chi-Yu|Protect\n|move|p1a: Palafin|Jet Punch|p2a: Chi-Yu\n|-activate|p2a: Chi-Yu|move: Protect\n|move|p1b: Chien-Pao|Throat Chop|p2a: Chi-Yu\n|-activate|p2a: Chi-Yu|move: Protect\n|\n|-damage|p1b: Chien-Pao|58\/100 psn|[from] psn\n|-damage|p1a: Palafin|0 fnt|[from] psn\n|faint|p1a: Palafin\n|upkeep\n|turn|8\n|\n|t:|1684042943\n|-terastallize|p1b: Chien-Pao|Dark\n|move|p1b: Chien-Pao|Throat Chop|p2a: Chi-Yu\n|-resisted|p2a: Chi-Yu\n|-damage|p2a: Chi-Yu|39\/100\n|-start|p2a: Chi-Yu|Throat Chop|[silent]\n|move|p2a: Chi-Yu|Heat Wave|p1b: Chien-Pao\n|-damage|p1b: Chien-Pao|0 fnt\n|faint|p1b: Chien-Pao\n|\n|win|XinBluQAQ\n|raw|Strauchanie's rating: 1359 → 1336<\/strong> (-23 for losing)\n|raw|XinBluQAQ's rating: 1314 → 1337<\/strong> (+23 for winning)\n|l|\u2606Strauchanie\n","uploadtime":1684042951,"views":12,"p1id":"strauchanie","p2id":"xinbluqaq","formatid":"gen9vgc2023regulationc","rating":1336,"private":0,"password":""}