{"id":"gen9vgc2023regulationc-1846205090","p1":"kookui","p2":"FlutterMalmo","format":"[Gen 9] VGC 2023 Regulation C","log":"|j|\u2606kookui\n|j|\u2606FlutterMalmo\n|t:|1681820986\n|gametype|doubles\n|player|p1|kookui|1|1055\n|player|p2|FlutterMalmo|1|1122\n|teamsize|p1|6\n|teamsize|p2|6\n|gen|9\n|tier|[Gen 9] VGC 2023 Regulation C\n|rated|\n|rule|Species Clause: Limit one of each Pok\u00e9mon\n|rule|Item Clause: Limit one of each item\n|clearpoke\n|poke|p1|Gyarados, L50, F|\n|poke|p1|Annihilape, L50, M|\n|poke|p1|Maushold-Four, L50|\n|poke|p1|Scream Tail, L50|\n|poke|p1|Amoonguss, L50, F|\n|poke|p1|Ting-Lu, L50|\n|poke|p2|Flutter Mane, L50|\n|poke|p2|Torkoal, L50, F|\n|poke|p2|Farigiraf, L50, F|\n|poke|p2|Abomasnow, L50, F|\n|poke|p2|Chien-Pao, L50|\n|poke|p2|Chi-Yu, L50|\n|teampreview|4\nFlutterMalmo has agreed to open team sheets.\n|\n|t:|1681821015\n|start\n|switch|p1a: Scream Tail|Scream Tail, L50|100\/100\n|switch|p1b: Gyarados|Gyarados, L50, F|100\/100\n|switch|p2a: Torkoal|Torkoal, L50, F|100\/100\n|switch|p2b: Farigiraf|Farigiraf, L50, F|100\/100\n|-ability|p1b: Gyarados|Intimidate|boost\n|-unboost|p2a: Torkoal|atk|1\n|-unboost|p2b: Farigiraf|atk|1\n|-weather|SunnyDay|[from] ability: Drought|[of] p2a: Torkoal\n|-activate|p1a: Scream Tail|ability: Protosynthesis\n|-start|p1a: Scream Tail|protosynthesisspe\n|turn|1\n|\n|t:|1681821040\n|move|p2a: Torkoal|Protect|p2a: Torkoal\n|-singleturn|p2a: Torkoal|Protect\n|move|p1a: Scream Tail|Light Screen|p1a: Scream Tail\n|-sidestart|p1: kookui|move: Light Screen\n|move|p1b: Gyarados|Taunt|p2b: Farigiraf\n|-start|p2b: Farigiraf|move: Taunt\n|cant|p2b: Farigiraf|move: Taunt|Trick Room\n|\n|-weather|SunnyDay|[upkeep]\n|upkeep\n|turn|2\n|\n|t:|1681821057\n|move|p1a: Scream Tail|Thunder Wave|p2b: Farigiraf\n|-status|p2b: Farigiraf|par\n|move|p1b: Gyarados|Thunder Wave|p2a: Torkoal\n|-status|p2a: Torkoal|par\n|cant|p2b: Farigiraf|par\n|move|p2a: Torkoal|Solar Beam||[still]\n|-prepare|p2a: Torkoal|Solar Beam\n|-anim|p2a: Torkoal|Solar Beam|p1b: Gyarados\n|-damage|p1b: Gyarados|81\/100\n|\n|-weather|SunnyDay|[upkeep]\n|upkeep\n|turn|3\n|\n|t:|1681821082\n|switch|p1b: Annihilape|Annihilape, L50, M|100\/100\n|move|p1a: Scream Tail|Howl|p1a: Scream Tail|[spread] p1a,p1b\n|-boost|p1a: Scream Tail|atk|1\n|-boost|p1b: Annihilape|atk|1\n|move|p2b: Farigiraf|Hyper Voice|p1b: Annihilape|[spread] p1a\n|-immune|p1b: Annihilape\n|-damage|p1a: Scream Tail|88\/100\n|-enditem|p2b: Farigiraf|Throat Spray\n|-boost|p2b: Farigiraf|spa|1|[from] item: Throat Spray\n|move|p2a: Torkoal|Eruption|p1b: Annihilape|[spread] p1a,p1b\n|-damage|p1a: Scream Tail|48\/100\n|-damage|p1b: Annihilape|60\/100\n|\n|-weather|SunnyDay|[upkeep]\n|-end|p2b: Farigiraf|move: Taunt\n|upkeep\n|turn|4\n|\n|t:|1681821111\n|cant|p2a: Torkoal|par\n|move|p1a: Scream Tail|Howl|p1a: Scream Tail|[spread] p1a,p1b\n|-boost|p1a: Scream Tail|atk|1\n|-boost|p1b: Annihilape|atk|1\n|move|p1b: Annihilape|Drain Punch|p2a: Torkoal\n|-damage|p2a: Torkoal|54\/100 par\n|-heal|p1b: Annihilape|79\/100|[from] drain|[of] p2a: Torkoal\n|cant|p2b: Farigiraf|par\n|\n|-weather|SunnyDay|[upkeep]\n|upkeep\n|turn|5\n|\n|t:|1681821143\n|-end|p1a: Scream Tail|Protosynthesis|[silent]\n|switch|p1a: Gyarados|Gyarados, L50, F|81\/100\n|-ability|p1a: Gyarados|Intimidate|boost\n|-unboost|p2a: Torkoal|atk|1\n|-unboost|p2b: Farigiraf|atk|1\n|switch|p2a: Flutter Mane|Flutter Mane, L50|100\/100\n|-activate|p2a: Flutter Mane|ability: Protosynthesis\n|-start|p2a: Flutter Mane|protosynthesisspa\n|cant|p2b: Farigiraf|par\n|move|p1b: Annihilape|Bulk Up|p1b: Annihilape\n|-boost|p1b: Annihilape|atk|1\n|-boost|p1b: Annihilape|def|1\n|\n|-weather|none\n|-end|p2a: Flutter Mane|Protosynthesis\n|-sideend|p1: kookui|move: Light Screen\n|upkeep\n|turn|6\n|\n|t:|1681821170\n|switch|p2b: Torkoal|Torkoal, L50, F|54\/100 par\n|-weather|SunnyDay|[from] ability: Drought|[of] p2b: Torkoal\n|-activate|p2a: Flutter Mane|ability: Protosynthesis\n|-start|p2a: Flutter Mane|protosynthesisspa\n|-terastallize|p2a: Flutter Mane|Fairy\n|move|p2a: Flutter Mane|Dazzling Gleam|p1a: Gyarados|[spread] p1a,p1b\n|-supereffective|p1b: Annihilape\n|-damage|p1a: Gyarados|31\/100\n|-damage|p1b: Annihilape|0 fnt\n|-enditem|p1a: Gyarados|Sitrus Berry|[eat]\n|-heal|p1a: Gyarados|56\/100|[from] item: Sitrus Berry\n|faint|p1b: Annihilape\n|move|p1a: Gyarados|Thunder Wave|p2a: Flutter Mane\n|-status|p2a: Flutter Mane|par\n|\n|-weather|SunnyDay|[upkeep]\n|upkeep\n|l|\u2606kookui\n|player|p1|\n|inactive|Battle timer is ON: inactive players will automatically lose when time's up. (requested by FlutterMalmo)\n|inactive|kookui has 30 seconds to reconnect!\n|inactive|kookui has 20 seconds to reconnect!\n|inactive|kookui has 15 seconds to reconnect!\n|inactive|kookui has 10 seconds to reconnect!\n|inactive|kookui has 5 seconds to reconnect!\n|-message|kookui lost due to inactivity.\n|\n|win|FlutterMalmo\n|raw|kookui's rating: 1055 → 1040<\/strong> (-15 for losing)\n|raw|FlutterMalmo's rating: 1122 → 1142<\/strong> (+20 for winning)\n|l|\u2606FlutterMalmo\n|j|\u2606kookui\n|player|p1|kookui|1\n|l|\u2606kookui\n|player|p1|\n|j|\u2606kookui\n|player|p1|kookui|1\n","uploadtime":1681821744,"views":8,"p1id":"kookui","p2id":"fluttermalmo","formatid":"gen9vgc2023regulationc","rating":1040,"private":0,"password":""}