{"id":"gen9vgc2023regulationc-1862404839","p1":"pieno vivace","p2":"ralle13","format":"[Gen 9] VGC 2023 Regulation C","log":"|j|\u2606pieno vivace\n|j|\u2606ralle13\n|t:|1683880592\n|gametype|doubles\n|player|p1|pieno vivace|170|1155\n|player|p2|ralle13|266|1067\n|teamsize|p1|6\n|teamsize|p2|6\n|gen|9\n|tier|[Gen 9] VGC 2023 Regulation C\n|rated|\n|rule|Species Clause: Limit one of each Pok\u00e9mon\n|rule|Item Clause: Limit one of each item\n|clearpoke\n|poke|p1|Orthworm, L50, F|\n|poke|p1|Dragonite, L50, F|\n|poke|p1|Ting-Lu, L50|\n|poke|p1|Gyarados, L50, F|\n|poke|p1|Flutter Mane, L50|\n|poke|p1|Chien-Pao, L50|\n|poke|p2|Torkoal, L50, F|\n|poke|p2|Roaring Moon, L50|\n|poke|p2|Tropius, L50, M|\n|poke|p2|Jumpluff, L50, M|\n|poke|p2|Arcanine, L50, F|\n|poke|p2|Alomomola, L50, M|\n|teampreview|4\n|inactive|Battle timer is ON: inactive players will automatically lose when time's up. (requested by ralle13)\n|inactive|pieno vivace has 60 seconds left.\n|\n|t:|1683880625\n|start\n|switch|p1a: Gyarados|Gyarados, L50, F|100\/100\n|switch|p1b: Flutter Mane|Flutter Mane, L50|100\/100\n|switch|p2a: Tropius|Tropius, L50, M|100\/100\n|switch|p2b: Roaring Moon|Roaring Moon, L50|100\/100\n|-ability|p1a: Gyarados|Intimidate|boost\n|-unboost|p2a: Tropius|atk|1\n|-unboost|p2b: Roaring Moon|atk|1\n|turn|1\n|\n|t:|1683880641\n|-end|p2b: Roaring Moon|Protosynthesis|[silent]\n|switch|p2b: Torkoal|Torkoal, L50, F|100\/100\n|-weather|SunnyDay|[from] ability: Drought|[of] p2b: Torkoal\n|-activate|p1b: Flutter Mane|ability: Protosynthesis\n|-start|p1b: Flutter Mane|protosynthesisspe\n|move|p1b: Flutter Mane|Dazzling Gleam|p2a: Tropius|[spread] p2a,p2b\n|-resisted|p2b: Torkoal\n|-damage|p2a: Tropius|66\/100\n|-damage|p2b: Torkoal|78\/100\n|move|p1a: Gyarados|Taunt|p2a: Tropius\n|-start|p2a: Tropius|move: Taunt\n|cant|p2a: Tropius|move: Taunt|Leech Seed\n|\n|-weather|SunnyDay|[upkeep]\n|-heal|p2b: Torkoal|84\/100|[from] item: Leftovers\n|upkeep\n|turn|2\n|\n|t:|1683880663\n|switch|p2a: Arcanine|Arcanine, L50, F|100\/100\n|-ability|p2a: Arcanine|Intimidate|boost\n|-unboost|p1a: Gyarados|atk|1\n|-unboost|p1b: Flutter Mane|atk|1\n|move|p1b: Flutter Mane|Dazzling Gleam|p2a: Arcanine|[spread] p2a,p2b\n|-resisted|p2a: Arcanine\n|-resisted|p2b: Torkoal\n|-damage|p2a: Arcanine|84\/100\n|-damage|p2b: Torkoal|62\/100\n|move|p1a: Gyarados|Waterfall|p2b: Torkoal\n|-supereffective|p2b: Torkoal\n|-damage|p2b: Torkoal|46\/100\n|move|p2b: Torkoal|Heat Wave|p1a: Gyarados|[spread] p1a,p1b\n|-resisted|p1a: Gyarados\n|-damage|p1a: Gyarados|87\/100\n|-damage|p1b: Flutter Mane|72\/100\n|\n|-weather|SunnyDay|[upkeep]\n|-heal|p2b: Torkoal|52\/100|[from] item: Leftovers\n|upkeep\n|turn|3\n|inactive|ralle13 has 30 seconds left.\n|\n|t:|1683880690\n|move|p1b: Flutter Mane|Dazzling Gleam|p2a: Arcanine|[spread] p2a,p2b\n|-resisted|p2a: Arcanine\n|-resisted|p2b: Torkoal\n|-damage|p2a: Arcanine|70\/100\n|-damage|p2b: Torkoal|27\/100\n|move|p1a: Gyarados|Thunder Wave|p2a: Arcanine\n|-status|p2a: Arcanine|par\n|move|p2a: Arcanine|Wild Charge|p1a: Gyarados\n|-supereffective|p1a: Gyarados\n|-damage|p1a: Gyarados|0 fnt\n|faint|p1a: Gyarados\n|-damage|p2a: Arcanine|48\/100 par|[from] Recoil\n|move|p2b: Torkoal|Solar Beam||[still]\n|-prepare|p2b: Torkoal|Solar Beam\n|-anim|p2b: Torkoal|Solar Beam|p1b: Flutter Mane\n|-damage|p1b: Flutter Mane|49\/100\n|\n|-weather|SunnyDay|[upkeep]\n|-heal|p2b: Torkoal|33\/100|[from] item: Leftovers\n|upkeep\n|\n|t:|1683880699\n|switch|p1a: Dragonite|Dragonite, L50, F|100\/100\n|turn|4\n|\n|t:|1683880708\n|move|p1b: Flutter Mane|Dazzling Gleam|p2a: Arcanine|[spread] p2a,p2b\n|-resisted|p2a: Arcanine\n|-resisted|p2b: Torkoal\n|-damage|p2a: Arcanine|31\/100 par\n|-damage|p2b: Torkoal|9\/100\n|move|p1a: Dragonite|Dragon Dance|p1a: Dragonite\n|-boost|p1a: Dragonite|atk|1\n|-boost|p1a: Dragonite|spe|1\n|move|p2a: Arcanine|Play Rough|p1a: Dragonite\n|-supereffective|p1a: Dragonite\n|-damage|p1a: Dragonite|66\/100\n|-unboost|p1a: Dragonite|atk|1\n|move|p2b: Torkoal|Heat Wave|p1a: Dragonite|[spread] p1a,p1b\n|-resisted|p1a: Dragonite\n|-damage|p1a: Dragonite|48\/100\n|-damage|p1b: Flutter Mane|17\/100\n|\n|-weather|SunnyDay|[upkeep]\n|-heal|p2b: Torkoal|15\/100|[from] item: Leftovers\n|upkeep\n|turn|5\n|\n|t:|1683880727\n|-end|p1b: Flutter Mane|Protosynthesis|[silent]\n|switch|p1b: Orthworm|Orthworm, L50, F|100\/100\n|move|p1a: Dragonite|Earthquake|p2a: Arcanine|[spread] p2a,p2b\n|-immune|p1b: Orthworm|[from] ability: Earth Eater\n|-supereffective|p2a: Arcanine\n|-supereffective|p2b: Torkoal\n|-damage|p2a: Arcanine|0 fnt\n|-damage|p2b: Torkoal|0 fnt\n|faint|p2a: Arcanine\n|faint|p2b: Torkoal\n|\n|-weather|none\n|upkeep\n|\n|t:|1683880734\n|switch|p2a: Tropius|Tropius, L50, M|66\/100\n|switch|p2b: Roaring Moon|Roaring Moon, L50|100\/100\n|turn|6\n|\n|t:|1683880743\n|-terastallize|p1a: Dragonite|Flying\n|-terastallize|p2b: Roaring Moon|Steel\n|move|p1a: Dragonite|Tera Blast|p2a: Tropius\n|-supereffective|p2a: Tropius\n|-damage|p2a: Tropius|0 fnt\n|faint|p2a: Tropius\n|move|p2b: Roaring Moon|Iron Head|p1a: Dragonite\n|-damage|p1a: Dragonite|0 fnt\n|faint|p1a: Dragonite\n|-damage|p2b: Roaring Moon|91\/100|[from] item: Life Orb\n|move|p1b: Orthworm|Shed Tail|p1b: Orthworm\n|-start|p1b: Orthworm|Substitute|[from] move: Shed Tail\n|-damage|p1b: Orthworm|50\/100\n|-enditem|p1b: Orthworm|Sitrus Berry|[eat]\n|-heal|p1b: Orthworm|75\/100|[from] item: Sitrus Berry\n|\n|t:|1683880749\n|switch|p1b: Flutter Mane|Flutter Mane, L50|17\/100|[from] Shed Tail\n|\n|upkeep\n|\n|t:|1683880751\n|switch|p1a: Orthworm|Orthworm, L50, F|75\/100\n|turn|7\n|\n|t:|1683880763\n|move|p1b: Flutter Mane|Icy Wind|p2b: Roaring Moon\n|-resisted|p2b: Roaring Moon\n|-damage|p2b: Roaring Moon|77\/100\n|-unboost|p2b: Roaring Moon|spe|1\n|move|p2b: Roaring Moon|Iron Head|p1b: Flutter Mane\n|-supereffective|p1b: Flutter Mane\n|-end|p1b: Flutter Mane|Substitute\n|-damage|p2b: Roaring Moon|67\/100|[from] item: Life Orb\n|move|p1a: Orthworm|Iron Defense|p1a: Orthworm\n|-boost|p1a: Orthworm|def|2\n|\n|upkeep\n|turn|8\n|\n|t:|1683880774\n|move|p1b: Flutter Mane|Icy Wind|p2b: Roaring Moon\n|-resisted|p2b: Roaring Moon\n|-damage|p2b: Roaring Moon|55\/100\n|-unboost|p2b: Roaring Moon|spe|1\n|move|p1a: Orthworm|Iron Defense|p1a: Orthworm\n|-boost|p1a: Orthworm|def|2\n|move|p2b: Roaring Moon|Iron Head|p1b: Flutter Mane\n|-supereffective|p1b: Flutter Mane\n|-damage|p1b: Flutter Mane|0 fnt\n|faint|p1b: Flutter Mane\n|-end|p1b: Flutter Mane|Protosynthesis|[silent]\n|-damage|p2b: Roaring Moon|45\/100|[from] item: Life Orb\n|\n|upkeep\n|turn|9\n|\n|t:|1683880783\n|move|p1a: Orthworm|Body Press|p2b: Roaring Moon\n|-supereffective|p2b: Roaring Moon\n|-damage|p2b: Roaring Moon|0 fnt\n|faint|p2b: Roaring Moon\n|-end|p2b: Roaring Moon|Protosynthesis|[silent]\n|\n|win|pieno vivace\n|raw|pieno vivace's rating: 1155 → 1174<\/strong> (+19 for winning)\n|raw|ralle13's rating: 1067 → 1052<\/strong> (-15 for losing)\n|l|\u2606ralle13\n","uploadtime":1683880789,"views":9,"p1id":"pienovivace","p2id":"ralle13","formatid":"gen9vgc2023regulationc","rating":1052,"private":0,"password":""}