{"id":"gen9vgc2023regulationc-1858069800","p1":"Skarmory324","p2":"Ricardo Randorez","format":"[Gen 9] VGC 2023 Regulation C","log":"|j|\u2606Skarmory324\n|j|\u2606Ricardo Randorez\n|t:|1683270452\n|gametype|doubles\n|player|p1|Skarmory324|n|1053\n|player|p2|Ricardo Randorez|102|1147\n|teamsize|p1|6\n|teamsize|p2|6\n|gen|9\n|tier|[Gen 9] VGC 2023 Regulation C\n|rated|\n|rule|Species Clause: Limit one of each Pok\u00e9mon\n|rule|Item Clause: Limit one of each item\n|clearpoke\n|poke|p1|Garganacl, L50, F|\n|poke|p1|Flutter Mane, L50|\n|poke|p1|Maushold-Four, L50|\n|poke|p1|Noivern, L50, M|\n|poke|p1|Great Tusk, L50|\n|poke|p1|Arcanine, L50, F|\n|poke|p2|Glimmora, L50, M|\n|poke|p2|Maushold-Four, L50|\n|poke|p2|Dondozo, L50, M|\n|poke|p2|Tatsugiri, L50, F|\n|poke|p2|Garganacl, L50, M|\n|poke|p2|Wo-Chien, L50|\n|teampreview|4\n|inactive|Battle timer is ON: inactive players will automatically lose when time's up. (requested by Skarmory324)\n|\n|t:|1683270475\n|start\n|switch|p1a: Killer Queen|Garganacl, L50, F|100\/100\n|switch|p1b: Scary Monster|Noivern, L50, M, shiny|100\/100\n|switch|p2a: Garganacl|Garganacl, L50, M|100\/100\n|switch|p2b: Wo-Chien|Wo-Chien, L50|100\/100\n|-item|p2a: Garganacl|Sitrus Berry|[from] ability: Frisk|[of] p1b: Scary Monster|[identify]\n|-item|p2b: Wo-Chien|Leftovers|[from] ability: Frisk|[of] p1b: Scary Monster|[identify]\n|-ability|p2b: Wo-Chien|Tablets of Ruin\n|turn|1\n|\n|t:|1683270497\n|-terastallize|p1a: Killer Queen|Normal\n|move|p1b: Scary Monster|U-turn|p2b: Wo-Chien\n|-supereffective|p2b: Wo-Chien\n|-crit|p2b: Wo-Chien\n|-damage|p2b: Wo-Chien|56\/100\n|\n|t:|1683270501\n|switch|p1b: Black Sabbath|Flutter Mane, L50|100\/100|[from] U-turn\n|-enditem|p1b: Black Sabbath|Booster Energy\n|-activate|p1b: Black Sabbath|ability: Protosynthesis|[fromitem]\n|-start|p1b: Black Sabbath|protosynthesisspe\n|move|p2b: Wo-Chien|Leech Seed|p1b: Black Sabbath\n|-start|p1b: Black Sabbath|move: Leech Seed\n|move|p1a: Killer Queen|Explosion|p2a: Garganacl|[spread] p2a,p2b\n|-immune|p1b: Black Sabbath\n|-resisted|p2a: Garganacl\n|-damage|p2a: Garganacl|73\/100\n|-damage|p2b: Wo-Chien|0 fnt\n|faint|p1a: Killer Queen\n|faint|p2b: Wo-Chien\n|move|p2a: Garganacl|Salt Cure|p1b: Black Sabbath\n|-damage|p1b: Black Sabbath|70\/100\n|-start|p1b: Black Sabbath|Salt Cure\n|\n|-damage|p1b: Black Sabbath|58\/100|[from] Salt Cure\n|upkeep\n|\n|t:|1683270524\n|switch|p2b: Dondozo|Dondozo, L50, M|100\/100\n|switch|p1a: Harvest|Maushold-Four, L50|100\/100\n|turn|2\n|\n|t:|1683270534\n|move|p2b: Dondozo|Protect|p2b: Dondozo\n|-singleturn|p2b: Dondozo|Protect\n|move|p1b: Black Sabbath|Moonblast|p2a: Garganacl\n|-damage|p2a: Garganacl|27\/100\n|-unboost|p2a: Garganacl|spa|1\n|-enditem|p2a: Garganacl|Sitrus Berry|[eat]\n|-heal|p2a: Garganacl|51\/100|[from] item: Sitrus Berry\n|move|p1a: Harvest|Population Bomb|p2b: Dondozo\n|-activate|p2b: Dondozo|move: Protect\n|move|p2a: Garganacl|Salt Cure|p1a: Harvest\n|-damage|p1a: Harvest|78\/100\n|-start|p1a: Harvest|Salt Cure\n|\n|-damage|p1b: Black Sabbath|46\/100|[from] Leech Seed|[of] p2b: Dondozo\n|-damage|p1b: Black Sabbath|34\/100|[from] Salt Cure\n|-damage|p1a: Harvest|66\/100|[from] Salt Cure\n|upkeep\n|turn|3\n|inactive|Ricardo Randorez has 30 seconds left.\n|\n|t:|1683270562\n|switch|p2a: Tatsugiri|Tatsugiri, L50, F|100\/100\n|-activate|p2a: Tatsugiri|ability: Commander|[of] p2b: Dondozo\n|-boost|p2b: Dondozo|atk|2\n|-boost|p2b: Dondozo|spa|2\n|-boost|p2b: Dondozo|spe|2\n|-boost|p2b: Dondozo|def|2\n|-boost|p2b: Dondozo|spd|2\n|-terastallize|p2b: Dondozo|Steel\n|move|p1b: Black Sabbath|Dazzling Gleam|p2b: Dondozo|[spread] p2b\n|-miss|p1b: Black Sabbath|p2a: Tatsugiri\n|-resisted|p2b: Dondozo\n|-damage|p2b: Dondozo|93\/100\n|move|p1a: Harvest|Population Bomb|p2b: Dondozo\n|-resisted|p2b: Dondozo\n|-damage|p2b: Dondozo|91\/100\n|-resisted|p2b: Dondozo\n|-damage|p2b: Dondozo|89\/100\n|-resisted|p2b: Dondozo\n|-damage|p2b: Dondozo|86\/100\n|-resisted|p2b: Dondozo\n|-damage|p2b: Dondozo|85\/100\n|-resisted|p2b: Dondozo\n|-damage|p2b: Dondozo|82\/100\n|-resisted|p2b: Dondozo\n|-damage|p2b: Dondozo|81\/100\n|-resisted|p2b: Dondozo\n|-damage|p2b: Dondozo|78\/100\n|-resisted|p2b: Dondozo\n|-damage|p2b: Dondozo|76\/100\n|-resisted|p2b: Dondozo\n|-damage|p2b: Dondozo|74\/100\n|-resisted|p2b: Dondozo\n|-damage|p2b: Dondozo|72\/100\n|-hitcount|p2b: Dondozo|10\n|move|p2b: Dondozo|Earthquake|p1a: Harvest|[spread] p1a,p1b\n|-miss|p2b: Dondozo|p2a: Tatsugiri\n|-damage|p1a: Harvest|0 fnt\n|-damage|p1b: Black Sabbath|0 fnt\n|faint|p1a: Harvest\n|faint|p1b: Black Sabbath\n|-end|p1b: Black Sabbath|Protosynthesis|[silent]\n|\n|upkeep\n|\n|t:|1683270579\n|switch|p1b: Scary Monster|Noivern, L50, M, shiny|100\/100\n|-item|p2a: Tatsugiri|Choice Scarf|[from] ability: Frisk|[of] p1b: Scary Monster|[identify]\n|-item|p2b: Dondozo|Chesto Berry|[from] ability: Frisk|[of] p1b: Scary Monster|[identify]\n|turn|4\n|inactive|Ricardo Randorez has 30 seconds left.\n|\n|t:|1683270605\n|move|p1b: Scary Monster|Draco Meteor|p2b: Dondozo\n|-resisted|p2b: Dondozo\n|-damage|p2b: Dondozo|59\/100\n|-unboost|p1b: Scary Monster|spa|2\n|move|p2b: Dondozo|Wave Crash|p1b: Scary Monster\n|-resisted|p1b: Scary Monster\n|-damage|p1b: Scary Monster|23\/100\n|-damage|p2b: Dondozo|41\/100|[from] Recoil\n|\n|upkeep\n|turn|5\n|-message|Skarmory324 forfeited.\n|\n|win|Ricardo Randorez\n|raw|Skarmory324's rating: 1053 → 1040<\/strong> (-13 for losing)\n|raw|Ricardo Randorez's rating: 1147 → 1165<\/strong> (+18 for winning)\n|l|\u2606Skarmory324\n","uploadtime":1683270630,"views":4,"p1id":"skarmory324","p2id":"ricardorandorez","formatid":"gen9vgc2023regulationc","rating":1040,"private":0,"password":""}