{"id":"gen9vgc2023regulationc-1849698172","p1":"Topperlecat","p2":"Dennisyan","format":"[Gen 9] VGC 2023 Regulation C","log":"|j|\u2606Topperlecat\n|j|\u2606Dennisyan\n|t:|1682234625\n|gametype|doubles\n|player|p1|Topperlecat|n|1119\n|player|p2|Dennisyan|blackbelt-gen4dp|1209\n|teamsize|p1|6\n|teamsize|p2|6\n|gen|9\n|tier|[Gen 9] VGC 2023 Regulation C\n|rated|\n|rule|Species Clause: Limit one of each Pok\u00e9mon\n|rule|Item Clause: Limit one of each item\n|clearpoke\n|poke|p1|Pelipper, L50, M|\n|poke|p1|Barraskewda, L50, M|\n|poke|p1|Chien-Pao, L50|\n|poke|p1|Flutter Mane, L50|\n|poke|p1|Garchomp, L50, F|\n|poke|p1|Orthworm, L50, M|\n|poke|p2|Amoonguss, L50, F|\n|poke|p2|Baxcalibur, L50, M|\n|poke|p2|Iron Bundle, L50|\n|poke|p2|Abomasnow, L50, F|\n|poke|p2|Gyarados, L50, M|\n|poke|p2|Ting-Lu, L50|\n|teampreview|4\n|inactive|Battle timer is ON: inactive players will automatically lose when time's up. (requested by Dennisyan)\n|\n|t:|1682234647\n|start\n|switch|p1a: Orthworm|Orthworm, L50, M|100\/100\n|switch|p1b: Pelipper|Pelipper, L50, M|100\/100\n|switch|p2a: Iron Bundle|Iron Bundle, L50|100\/100\n|switch|p2b: Abomasnow|Abomasnow, L50, F|100\/100\n|-weather|Snow|[from] ability: Snow Warning|[of] p2b: Abomasnow\n|-weather|RainDance|[from] ability: Drizzle|[of] p1b: Pelipper\n|-enditem|p2a: Iron Bundle|Booster Energy\n|-activate|p2a: Iron Bundle|ability: Quark Drive|[fromitem]\n|-start|p2a: Iron Bundle|quarkdrivespe\n|turn|1\n|inactive|Dennisyan has 30 seconds left.\n|\n|t:|1682234674\n|-terastallize|p2b: Abomasnow|Fire\n|move|p2a: Iron Bundle|Blizzard|p1a: Orthworm|[spread] p1a,p1b\n|-resisted|p1a: Orthworm\n|-damage|p1a: Orthworm|76\/100\n|-damage|p1b: Pelipper|51\/100\n|-status|p1b: Pelipper|frz\n|move|p2b: Abomasnow|Aurora Veil||[still]\n|-fail|p2b: Abomasnow\n|move|p1a: Orthworm|Shed Tail|p1a: Orthworm\n|-start|p1a: Orthworm|Substitute|[from] move: Shed Tail\n|-damage|p1a: Orthworm|25\/100\n|\n|t:|1682234690\n|switch|p1a: Garchomp|Garchomp, L50, F|100\/100|[from] Shed Tail\n|cant|p1b: Pelipper|frz\n|\n|-weather|RainDance|[upkeep]\n|upkeep\n|turn|2\n|\n|t:|1682234699\n|move|p2a: Iron Bundle|Blizzard|p1a: Garchomp|[spread] p1a\n|-miss|p2a: Iron Bundle|p1b: Pelipper\n|-supereffective|p1a: Garchomp\n|-end|p1a: Garchomp|Substitute\n|move|p1a: Garchomp|Rock Slide|p2b: Abomasnow|[spread] p2a,p2b\n|-supereffective|p2a: Iron Bundle\n|-supereffective|p2b: Abomasnow\n|-damage|p2a: Iron Bundle|56\/100\n|-damage|p2b: Abomasnow|46\/100\n|cant|p2b: Abomasnow|flinch\n|cant|p1b: Pelipper|frz\n|\n|-weather|RainDance|[upkeep]\n|upkeep\n|turn|3\n|inactive|Topperlecat has 30 seconds left.\n|\n|t:|1682234724\n|switch|p2b: Amoonguss|Amoonguss, L50, F|100\/100\n|-terastallize|p1a: Garchomp|Fire\n|move|p2a: Iron Bundle|Icy Wind|p1a: Garchomp|[spread] p1a,p1b\n|-resisted|p1a: Garchomp\n|-damage|p1a: Garchomp|90\/100\n|-damage|p1b: Pelipper|29\/100 frz\n|-unboost|p1a: Garchomp|spe|1\n|-unboost|p1b: Pelipper|spe|1\n|move|p1a: Garchomp|Rock Slide|p2b: Amoonguss|[spread] p2a,p2b\n|-supereffective|p2a: Iron Bundle\n|-damage|p2a: Iron Bundle|13\/100\n|-damage|p2b: Amoonguss|85\/100\n|cant|p1b: Pelipper|frz\n|\n|-weather|RainDance|[upkeep]\n|upkeep\n|turn|4\n|\n|t:|1682234743\n|move|p2a: Iron Bundle|Hydro Pump|p1a: Garchomp\n|-supereffective|p1a: Garchomp\n|-damage|p1a: Garchomp|0 fnt\n|faint|p1a: Garchomp\n|cant|p1b: Pelipper|frz\n|move|p2b: Amoonguss|Spore||[still]\n|-fail|p2b: Amoonguss\n|\n|-weather|RainDance|[upkeep]\n|upkeep\n|inactive|Topperlecat has 30 seconds left.\n|\n|t:|1682234768\n|switch|p1a: Barraskewda|Barraskewda, L50, M|100\/100\n|turn|5\n|\n|t:|1682234788\n|move|p2b: Amoonguss|Rage Powder|p2b: Amoonguss\n|-singleturn|p2b: Amoonguss|move: Rage Powder\n|move|p1a: Barraskewda|Psychic Fangs|p2b: Amoonguss\n|-supereffective|p2b: Amoonguss\n|-damage|p2b: Amoonguss|6\/100\n|-enditem|p2b: Amoonguss|Sitrus Berry|[eat]\n|-heal|p2b: Amoonguss|31\/100|[from] item: Sitrus Berry\n|move|p2a: Iron Bundle|Icy Wind|p1a: Barraskewda|[spread] p1a,p1b\n|-resisted|p1a: Barraskewda\n|-damage|p1a: Barraskewda|80\/100\n|-damage|p1b: Pelipper|5\/100 frz\n|-unboost|p1a: Barraskewda|spe|1\n|-unboost|p1b: Pelipper|spe|1\n|cant|p1b: Pelipper|frz\n|\n|-weather|RainDance|[upkeep]\n|upkeep\n|turn|6\n|inactive|Topperlecat has 30 seconds left.\n|\n|t:|1682234816\n|move|p2b: Amoonguss|Protect|p2b: Amoonguss\n|-singleturn|p2b: Amoonguss|Protect\n|move|p2a: Iron Bundle|Icy Wind|p1b: Pelipper|[spread] p1a,p1b\n|-resisted|p1a: Barraskewda\n|-damage|p1a: Barraskewda|60\/100\n|-damage|p1b: Pelipper|0 fnt\n|-unboost|p1a: Barraskewda|spe|1\n|faint|p1b: Pelipper\n|move|p1a: Barraskewda|Psychic Fangs|p2a: Iron Bundle\n|-damage|p2a: Iron Bundle|0 fnt\n|faint|p2a: Iron Bundle\n|-end|p2a: Iron Bundle|Quark Drive|[silent]\n|\n|-weather|RainDance|[upkeep]\n|upkeep\n|\n|t:|1682234828\n|switch|p2a: Abomasnow|Abomasnow, L50, F, tera:Fire|46\/100\n|switch|p1b: Orthworm|Orthworm, L50, M|25\/100\n|-weather|Snow|[from] ability: Snow Warning|[of] p2a: Abomasnow\n|turn|7\n|\n|t:|1682234839\n|move|p1b: Orthworm|Protect|p1b: Orthworm\n|-singleturn|p1b: Orthworm|Protect\n|move|p2a: Abomasnow|Tera Blast|p1b: Orthworm\n|-activate|p1b: Orthworm|move: Protect\n|move|p1a: Barraskewda|Psychic Fangs|p2b: Amoonguss\n|-supereffective|p2b: Amoonguss\n|-damage|p2b: Amoonguss|0 fnt\n|faint|p2b: Amoonguss\n|\n|-weather|Snow|[upkeep]\n|upkeep\n|\n|t:|1682234848\n|switch|p2b: Baxcalibur|Baxcalibur, L50, M|100\/100\n|turn|8\n|\n|t:|1682234855\n|move|p2b: Baxcalibur|Glaive Rush|p1b: Orthworm\n|-resisted|p1b: Orthworm\n|-damage|p1b: Orthworm|1\/100\n|-singlemove|p2b: Baxcalibur|Glaive Rush|[silent]\n|move|p2a: Abomasnow|Energy Ball|p1a: Barraskewda\n|-supereffective|p1a: Barraskewda\n|-damage|p1a: Barraskewda|0 fnt\n|faint|p1a: Barraskewda\n|move|p1b: Orthworm|Body Press|p2b: Baxcalibur\n|-supereffective|p2b: Baxcalibur\n|-damage|p2b: Baxcalibur|29\/100\n|\n|-weather|Snow|[upkeep]\n|upkeep\n|turn|9\n|\n|t:|1682234871\n|move|p2b: Baxcalibur|Dragon Dance|p2b: Baxcalibur\n|-boost|p2b: Baxcalibur|atk|1\n|-boost|p2b: Baxcalibur|spe|1\n|move|p2a: Abomasnow|Tera Blast|p1b: Orthworm\n|-supereffective|p1b: Orthworm\n|-damage|p1b: Orthworm|0 fnt\n|faint|p1b: Orthworm\n|\n|win|Dennisyan\n|raw|Topperlecat's rating: 1119 → 1100<\/strong> (-19 for losing)\n|raw|Dennisyan's rating: 1209 → 1228<\/strong> (+19 for winning)\n","uploadtime":1682234874,"views":10,"p1id":"topperlecat","p2id":"dennisyan","formatid":"gen9vgc2023regulationc","rating":1100,"private":0,"password":""}