{"id":"gen9vgc2023regulationc-1858479800","p1":"OlloDaru","p2":"OznerolVGC","format":"[Gen 9] VGC 2023 Regulation C","log":"|j|\u2606OlloDaru\n|j|\u2606OznerolVGC\n|t:|1683316399\n|gametype|doubles\n|player|p1|OlloDaru|akari|1362\n|player|p2|OznerolVGC|170|1288\n|teamsize|p1|6\n|teamsize|p2|6\n|gen|9\n|tier|[Gen 9] VGC 2023 Regulation C\n|rated|\n|rule|Species Clause: Limit one of each Pok\u00e9mon\n|rule|Item Clause: Limit one of each item\n|clearpoke\n|poke|p1|Chien-Pao, L50|\n|poke|p1|Dragonite, L50, F|\n|poke|p1|Garchomp, L50, F|\n|poke|p1|Talonflame, L50, M|\n|poke|p1|Flutter Mane, L50|\n|poke|p1|Amoonguss, L50, M|\n|poke|p2|Orthworm, L50, F|\n|poke|p2|Dragonite, L50, M|\n|poke|p2|Ting-Lu, L50|\n|poke|p2|Flutter Mane, L50|\n|poke|p2|Chi-Yu, L50|\n|poke|p2|Gyarados, L50, F|\n|teampreview|4\n|inactive|Battle timer is ON: inactive players will automatically lose when time's up. (requested by OznerolVGC)\n|\n|t:|1683316427\n|start\n|switch|p1a: Talonflame|Talonflame, L50, M|100\/100\n|switch|p1b: Flutter Mane|Flutter Mane, L50|100\/100\n|switch|p2a: Ting-Lu|Ting-Lu, L50|100\/100\n|switch|p2b: Orthworm|Orthworm, L50, F|100\/100\n|-ability|p2a: Ting-Lu|Vessel of Ruin\n|-enditem|p1b: Flutter Mane|Booster Energy\n|-activate|p1b: Flutter Mane|ability: Protosynthesis|[fromitem]\n|-start|p1b: Flutter Mane|protosynthesisspa\n|turn|1\n|inactive|OznerolVGC has 30 seconds left.\n|inactive|OznerolVGC has 20 seconds left.\n|\n|t:|1683316466\n|move|p1b: Flutter Mane|Protect|p1b: Flutter Mane\n|-singleturn|p1b: Flutter Mane|Protect\n|move|p1a: Talonflame|Will-O-Wisp|p2a: Ting-Lu\n|-status|p2a: Ting-Lu|brn\n|move|p2a: Ting-Lu|Earthquake|p1a: Talonflame|[spread] \n|-activate|p1b: Flutter Mane|move: Protect\n|-immune|p2b: Orthworm|[from] ability: Earth Eater\n|-immune|p1a: Talonflame\n|move|p2b: Orthworm|Shed Tail|p2b: Orthworm\n|-start|p2b: Orthworm|Substitute|[from] move: Shed Tail\n|-damage|p2b: Orthworm|50\/100\n|-enditem|p2b: Orthworm|Sitrus Berry|[eat]\n|-heal|p2b: Orthworm|75\/100|[from] item: Sitrus Berry\n|\n|t:|1683316486\n|switch|p2b: Dragonite|Dragonite, L50, M|100\/100|[from] Shed Tail\n|\n|-damage|p2a: Ting-Lu|94\/100 brn|[from] brn\n|upkeep\n|turn|2\n|inactive|OlloDaru has 30 seconds left.\n|inactive|OlloDaru has 20 seconds left.\n|\n|t:|1683316524\n|switch|p2a: Orthworm|Orthworm, L50, F|75\/100\n|-terastallize|p2b: Dragonite|Flying\n|move|p1a: Talonflame|Brave Bird|p2b: Dragonite\n|-activate|p2b: Dragonite|move: Substitute|[damage]\n|-damage|p1a: Talonflame|94\/100|[from] Recoil|[of] p2b: Dragonite\n|move|p1b: Flutter Mane|Moonblast|p2a: Orthworm\n|-resisted|p2a: Orthworm\n|-damage|p2a: Orthworm|43\/100\n|move|p2b: Dragonite|Dragon Dance|p2b: Dragonite\n|-boost|p2b: Dragonite|atk|1\n|-boost|p2b: Dragonite|spe|1\n|\n|upkeep\n|turn|3\n|\n|t:|1683316546\n|move|p1b: Flutter Mane|Protect|p1b: Flutter Mane\n|-singleturn|p1b: Flutter Mane|Protect\n|move|p2b: Dragonite|Earthquake|p1b: Flutter Mane|[spread] \n|-activate|p1b: Flutter Mane|move: Protect\n|-heal|p2a: Orthworm|68\/100|[from] ability: Earth Eater|[of] p2b: Dragonite\n|-immune|p1a: Talonflame\n|move|p1a: Talonflame|Tailwind|p1a: Talonflame\n|-sidestart|p1: OlloDaru|move: Tailwind\n|move|p2a: Orthworm|Shed Tail|p2a: Orthworm\n|-start|p2a: Orthworm|Substitute|[from] move: Shed Tail\n|-damage|p2a: Orthworm|18\/100\n|\n|t:|1683316561\n|switch|p2a: Gyarados|Gyarados, L50, F|100\/100|[from] Shed Tail\n|-ability|p2a: Gyarados|Intimidate|boost\n|-unboost|p1a: Talonflame|atk|1\n|-unboost|p1b: Flutter Mane|atk|1\n|\n|upkeep\n|turn|4\n|\n|t:|1683316579\n|move|p1a: Talonflame|Brave Bird|p2b: Dragonite\n|-end|p2b: Dragonite|Substitute\n|-damage|p1a: Talonflame|92\/100|[from] Recoil|[of] p2b: Dragonite\n|move|p1b: Flutter Mane|Moonblast|p2b: Dragonite\n|-damage|p2b: Dragonite|69\/100\n|-unboost|p2b: Dragonite|spa|1\n|move|p2b: Dragonite|Tera Blast|p1a: Talonflame\n|-damage|p1a: Talonflame|0 fnt\n|faint|p1a: Talonflame\n|move|p2a: Gyarados|Bulldoze|p1b: Flutter Mane|[spread] p1b\n|-immune|p2b: Dragonite\n|-damage|p1b: Flutter Mane|80\/100\n|-unboost|p1b: Flutter Mane|spe|1\n|\n|upkeep\n|\n|t:|1683316600\n|switch|p1a: Chien-Pao|Chien-Pao, L50|100\/100\n|-ability|p1a: Chien-Pao|Sword of Ruin\n|turn|5\n|\n|t:|1683316622\n|move|p2b: Dragonite|Extreme Speed|p1a: Chien-Pao\n|-damage|p1a: Chien-Pao|37\/100\n|move|p1a: Chien-Pao|Ice Spinner|p2b: Dragonite\n|-supereffective|p2b: Dragonite\n|-damage|p2b: Dragonite|0 fnt\n|faint|p2b: Dragonite\n|move|p1b: Flutter Mane|Dazzling Gleam|p2a: Gyarados\n|-end|p2a: Gyarados|Substitute\n|move|p2a: Gyarados|Bulldoze|p1b: Flutter Mane|[spread] p1a,p1b\n|-damage|p1a: Chien-Pao|18\/100\n|-damage|p1b: Flutter Mane|54\/100\n|-unboost|p1a: Chien-Pao|spe|1\n|-unboost|p1b: Flutter Mane|spe|1\n|\n|upkeep\n|\n|t:|1683316635\n|switch|p2b: Ting-Lu|Ting-Lu, L50|94\/100 brn\n|-ability|p2b: Ting-Lu|Vessel of Ruin\n|turn|6\n|\n|t:|1683316650\n|switch|p1a: Dragonite|Dragonite, L50, F|100\/100\n|move|p1b: Flutter Mane|Dazzling Gleam|p2a: Gyarados|[spread] p2a,p2b\n|-supereffective|p2b: Ting-Lu\n|-damage|p2a: Gyarados|72\/100\n|-damage|p2b: Ting-Lu|43\/100 brn\n|move|p2a: Gyarados|Bulldoze|p1a: Dragonite|[spread] p2b,p1b\n|-immune|p1a: Dragonite\n|-damage|p2b: Ting-Lu|36\/100 brn\n|-damage|p1b: Flutter Mane|33\/100\n|-unboost|p2b: Ting-Lu|spe|1\n|-unboost|p1b: Flutter Mane|spe|1\n|move|p2b: Ting-Lu|Earthquake|p1b: Flutter Mane|[spread] p1b\n|-immune|p2a: Gyarados\n|-immune|p1a: Dragonite\n|-damage|p1b: Flutter Mane|0 fnt\n|faint|p1b: Flutter Mane\n|-end|p1b: Flutter Mane|Protosynthesis|[silent]\n|\n|-damage|p2b: Ting-Lu|30\/100 brn|[from] brn\n|-sideend|p1: OlloDaru|move: Tailwind\n|upkeep\n|\n|t:|1683316663\n|switch|p1b: Chien-Pao|Chien-Pao, L50|18\/100\n|-ability|p1b: Chien-Pao|Sword of Ruin\n|turn|7\n|inactive|OlloDaru has 30 seconds left.\n|\n|t:|1683316696\n|switch|p2a: Orthworm|Orthworm, L50, F|18\/100\n|move|p1b: Chien-Pao|Protect|p1b: Chien-Pao\n|-singleturn|p1b: Chien-Pao|Protect\n|move|p1a: Dragonite|Low Kick|p2b: Ting-Lu\n|-supereffective|p2b: Ting-Lu\n|-damage|p2b: Ting-Lu|0 fnt\n|faint|p2b: Ting-Lu\n|\n|upkeep\n|\n|t:|1683316707\n|switch|p2b: Gyarados|Gyarados, L50, F|72\/100\n|-ability|p2b: Gyarados|Intimidate|boost\n|-fail|p1a: Dragonite|unboost|Attack|[from] ability: Inner Focus|[of] p1a: Dragonite\n|-unboost|p1b: Chien-Pao|atk|1\n|turn|8\n|\n|t:|1683316727\n|move|p1b: Chien-Pao|Ice Spinner|p2b: Gyarados\n|-damage|p2b: Gyarados|45\/100\n|move|p1a: Dragonite|Low Kick|p2a: Orthworm\n|-supereffective|p2a: Orthworm\n|-damage|p2a: Orthworm|0 fnt\n|faint|p2a: Orthworm\n|move|p2b: Gyarados|Thunder Wave|p1a: Dragonite\n|-status|p1a: Dragonite|par\n|\n|upkeep\n|turn|9\n|\n|t:|1683316745\n|move|p1b: Chien-Pao|Protect|p1b: Chien-Pao\n|-singleturn|p1b: Chien-Pao|Protect\n|move|p2b: Gyarados|Bulldoze|p1a: Dragonite|[spread] \n|-activate|p1b: Chien-Pao|move: Protect\n|-immune|p1a: Dragonite\n|move|p1a: Dragonite|Low Kick|p2b: Gyarados\n|-resisted|p2b: Gyarados\n|-damage|p2b: Gyarados|5\/100\n|\n|upkeep\n|turn|10\n|-message|OznerolVGC forfeited.\n|\n|win|OlloDaru\n|raw|OlloDaru's rating: 1362 → 1378<\/strong> (+16 for winning)\n|raw|OznerolVGC's rating: 1288 → 1268<\/strong> (-20 for losing)\n|l|\u2606OznerolVGC\n","uploadtime":1683316755,"views":11,"p1id":"ollodaru","p2id":"oznerolvgc","formatid":"gen9vgc2023regulationc","rating":1268,"private":0,"password":""}