{"id":"gen9vgc2023regulationc-1850009382","p1":"JayVolver","p2":"king kuang","format":"[Gen 9] VGC 2023 Regulation C","log":"|j|\u2606JayVolver\n|j|\u2606king kuang\n|t:|1682277568\n|gametype|doubles\n|player|p1|JayVolver|2|1142\n|player|p2|king kuang|palmer|1174\n|teamsize|p1|6\n|teamsize|p2|6\n|gen|9\n|tier|[Gen 9] VGC 2023 Regulation C\n|rated|\n|rule|Species Clause: Limit one of each Pok\u00e9mon\n|rule|Item Clause: Limit one of each item\n|clearpoke\n|poke|p1|Ting-Lu, L50|\n|poke|p1|Amoonguss, L50, M|\n|poke|p1|Flutter Mane, L50|\n|poke|p1|Dragonite, L50, F|\n|poke|p1|Chien-Pao, L50|\n|poke|p1|Corviknight, L50, M|\n|poke|p2|Tatsugiri, L50, M|\n|poke|p2|Orthworm, L50, F|\n|poke|p2|Volcarona, L50, F|\n|poke|p2|Wo-Chien, L50|\n|poke|p2|Flutter Mane, L50|\n|poke|p2|Iron Hands, L50|\n|teampreview|4\n|inactive|Battle timer is ON: inactive players will automatically lose when time's up. (requested by king kuang)\n|inactive|JayVolver has 60 seconds left.\n|\n|t:|1682277622\n|start\n|switch|p1a: Amoonguss|Amoonguss, L50, M, shiny|100\/100\n|switch|p1b: Corviknight|Corviknight, L50, M, shiny|100\/100\n|switch|p2a: Tatsugiri|Tatsugiri, L50, M|100\/100\n|switch|p2b: Orthworm|Orthworm, L50, F|100\/100\n|turn|1\n|inactive|king kuang has 30 seconds left.\n|\n|t:|1682277649\n|-terastallize|p2a: Tatsugiri|Grass\n|move|p2a: Tatsugiri|Muddy Water|p1b: Corviknight|[spread] p1a,p1b\n|-resisted|p1a: Amoonguss\n|-crit|p1a: Amoonguss\n|-damage|p1a: Amoonguss|79\/100\n|-damage|p1b: Corviknight|68\/100\n|move|p1b: Corviknight|Bulk Up|p1b: Corviknight\n|-boost|p1b: Corviknight|atk|1\n|-boost|p1b: Corviknight|def|1\n|move|p2b: Orthworm|Shed Tail|p2b: Orthworm\n|-start|p2b: Orthworm|Substitute|[from] move: Shed Tail\n|-damage|p2b: Orthworm|50\/100\n|-enditem|p2b: Orthworm|Sitrus Berry|[eat]\n|-heal|p2b: Orthworm|75\/100|[from] item: Sitrus Berry\n|\n|t:|1682277660\n|switch|p2b: Volcarona|Volcarona, L50, F|100\/100|[from] Shed Tail\n|move|p1a: Amoonguss|Spore||[still]\n|-fail|p1a: Amoonguss\n|\n|upkeep\n|turn|2\n|inactive|JayVolver has 30 seconds left.\n|inactive|king kuang has 30 seconds left.\n|inactive|king kuang has 20 seconds left.\n|\n|t:|1682277698\n|-terastallize|p1b: Corviknight|Dragon\n|move|p2a: Tatsugiri|Muddy Water|p1b: Corviknight|[spread] p1a,p1b\n|-resisted|p1a: Amoonguss\n|-resisted|p1b: Corviknight\n|-damage|p1a: Amoonguss|66\/100\n|-damage|p1b: Corviknight|53\/100\n|-ability|p1b: Corviknight|Mirror Armor\n|-unboost|p2a: Tatsugiri|accuracy|1\n|move|p2b: Volcarona|Quiver Dance|p2b: Volcarona\n|-boost|p2b: Volcarona|spa|1\n|-boost|p2b: Volcarona|spd|1\n|-boost|p2b: Volcarona|spe|1\n|move|p1b: Corviknight|Brave Bird|p2b: Volcarona\n|-supereffective|p2b: Volcarona\n|-end|p2b: Volcarona|Substitute\n|-damage|p1b: Corviknight|46\/100|[from] Recoil|[of] p2b: Volcarona\n|move|p1a: Amoonguss|Pollen Puff|p1b: Corviknight\n|-heal|p1b: Corviknight|96\/100\n|\n|upkeep\n|turn|3\n|\n|t:|1682277721\n|switch|p2a: Orthworm|Orthworm, L50, F|75\/100\n|move|p1a: Amoonguss|Protect|p1a: Amoonguss\n|-singleturn|p1a: Amoonguss|Protect\n|move|p2b: Volcarona|Flamethrower|p1a: Amoonguss\n|-activate|p1a: Amoonguss|move: Protect\n|move|p1b: Corviknight|Tailwind|p1b: Corviknight\n|-sidestart|p1: JayVolver|move: Tailwind\n|\n|upkeep\n|turn|4\n|\n|t:|1682277738\n|move|p2b: Volcarona|Flamethrower|p1a: Amoonguss\n|-supereffective|p1a: Amoonguss\n|-damage|p1a: Amoonguss|0 fnt\n|faint|p1a: Amoonguss\n|move|p1b: Corviknight|Brave Bird|p2b: Volcarona\n|-supereffective|p2b: Volcarona\n|-damage|p2b: Volcarona|0 fnt\n|faint|p2b: Volcarona\n|-damage|p1b: Corviknight|65\/100|[from] Recoil\n|move|p2a: Orthworm|Iron Defense|p2a: Orthworm\n|-boost|p2a: Orthworm|def|2\n|\n|upkeep\n|\n|t:|1682277754\n|switch|p2b: Tatsugiri|Tatsugiri, L50, M, tera:Grass|100\/100\n|switch|p1a: Chien-Pao|Chien-Pao, L50|100\/100\n|-ability|p1a: Chien-Pao|Sword of Ruin\n|turn|5\n|\n|t:|1682277777\n|move|p1a: Chien-Pao|Ice Spinner|p2b: Tatsugiri\n|-supereffective|p2b: Tatsugiri\n|-damage|p2b: Tatsugiri|0 fnt\n|faint|p2b: Tatsugiri\n|move|p1b: Corviknight|Bulk Up|p1b: Corviknight\n|-boost|p1b: Corviknight|atk|1\n|-boost|p1b: Corviknight|def|1\n|move|p2a: Orthworm|Body Press|p1a: Chien-Pao\n|-supereffective|p1a: Chien-Pao\n|-enditem|p1a: Chien-Pao|Focus Sash\n|-damage|p1a: Chien-Pao|1\/100\n|\n|upkeep\n|\n|t:|1682277786\n|switch|p2b: Iron Hands|Iron Hands, L50|100\/100\n|turn|6\n|inactive|king kuang has 30 seconds left.\n|\n|t:|1682277812\n|move|p2b: Iron Hands|Fake Out|p1b: Corviknight\n|-damage|p1b: Corviknight|56\/100\n|move|p1a: Chien-Pao|Ice Spinner|p2b: Iron Hands\n|-damage|p2b: Iron Hands|62\/100\n|cant|p1b: Corviknight|flinch\n|move|p2a: Orthworm|Heavy Slam|p1b: Corviknight\n|-damage|p1b: Corviknight|39\/100\n|\n|-sideend|p1: JayVolver|move: Tailwind\n|upkeep\n|turn|7\n|inactive|king kuang has 30 seconds left.\n|\n|t:|1682277843\n|move|p1a: Chien-Pao|Protect|p1a: Chien-Pao\n|-singleturn|p1a: Chien-Pao|Protect\n|move|p1b: Corviknight|Tailwind|p1b: Corviknight\n|-sidestart|p1: JayVolver|move: Tailwind\n|move|p2a: Orthworm|Heavy Slam|p1a: Chien-Pao\n|-activate|p1a: Chien-Pao|move: Protect\n|move|p2b: Iron Hands|Drain Punch|p1a: Chien-Pao\n|-activate|p1a: Chien-Pao|move: Protect\n|\n|upkeep\n|turn|8\n|\n|t:|1682277858\n|move|p1a: Chien-Pao|Ice Spinner|p2b: Iron Hands\n|-damage|p2b: Iron Hands|21\/100\n|move|p1b: Corviknight|Brave Bird|p2b: Iron Hands\n|-damage|p2b: Iron Hands|0 fnt\n|faint|p2b: Iron Hands\n|-end|p2b: Iron Hands|Quark Drive|[silent]\n|-damage|p1b: Corviknight|31\/100|[from] Recoil\n|move|p2a: Orthworm|Heavy Slam|p1a: Chien-Pao\n|-supereffective|p1a: Chien-Pao\n|-damage|p1a: Chien-Pao|0 fnt\n|faint|p1a: Chien-Pao\n|\n|upkeep\n|\n|t:|1682277869\n|switch|p1a: Dragonite|Dragonite, L50, F|100\/100\n|turn|9\n|\n|t:|1682277883\n|move|p1a: Dragonite|Ice Spinner|p2a: Orthworm\n|-resisted|p2a: Orthworm\n|-damage|p2a: Orthworm|69\/100\n|move|p1b: Corviknight|Iron Head|p2a: Orthworm\n|-resisted|p2a: Orthworm\n|-damage|p2a: Orthworm|58\/100\n|move|p2a: Orthworm|Body Press|p1b: Corviknight\n|-damage|p1b: Corviknight|10\/100\n|\n|upkeep\n|turn|10\n|inactive|JayVolver has 30 seconds left.\n|\n|t:|1682277911\n|move|p1a: Dragonite|Ice Spinner|p2a: Orthworm\n|-resisted|p2a: Orthworm\n|-damage|p2a: Orthworm|52\/100\n|move|p1b: Corviknight|Iron Head|p2a: Orthworm\n|-resisted|p2a: Orthworm\n|-damage|p2a: Orthworm|40\/100\n|cant|p2a: Orthworm|flinch\n|\n|-sideend|p1: JayVolver|move: Tailwind\n|upkeep\n|turn|11\n|inactive|JayVolver has 30 seconds left.\n|\n|t:|1682277942\n|move|p1a: Dragonite|Ice Spinner|p2a: Orthworm\n|-resisted|p2a: Orthworm\n|-damage|p2a: Orthworm|34\/100\n|move|p1b: Corviknight|Iron Head|p2a: Orthworm\n|-resisted|p2a: Orthworm\n|-damage|p2a: Orthworm|22\/100\n|move|p2a: Orthworm|Body Press|p1b: Corviknight\n|-damage|p1b: Corviknight|0 fnt\n|faint|p1b: Corviknight\n|\n|upkeep\n|turn|12\n|\n|t:|1682277962\n|move|p1a: Dragonite|Ice Spinner|p2a: Orthworm\n|-resisted|p2a: Orthworm\n|-crit|p2a: Orthworm\n|-damage|p2a: Orthworm|5\/100\n|move|p2a: Orthworm|Body Press|p1a: Dragonite\n|-resisted|p1a: Dragonite\n|-damage|p1a: Dragonite|88\/100\n|\n|upkeep\n|turn|13\n|\n|t:|1682277969\n|move|p1a: Dragonite|Ice Spinner|p2a: Orthworm\n|-resisted|p2a: Orthworm\n|-damage|p2a: Orthworm|0 fnt\n|faint|p2a: Orthworm\n|\n|win|JayVolver\n|raw|JayVolver's rating: 1142 → 1169<\/strong> (+27 for winning)\n|raw|king kuang's rating: 1174 → 1147<\/strong> (-27 for losing)\n|l|\u2606king kuang\n","uploadtime":1682277975,"views":7,"p1id":"jayvolver","p2id":"kingkuang","formatid":"gen9vgc2023regulationc","rating":1147,"private":0,"password":""}