{"id":"gen9vgc2023regulationc-1849450108","p1":"Slugma Guts","p2":"Pizzarcato","format":"[Gen 9] VGC 2023 Regulation C","log":"|j|\u2606Slugma Guts\n|j|\u2606Pizzarcato\n|t:|1682199837\n|gametype|doubles\n|player|p1|Slugma Guts|swimmer|1000\n|player|p2|Pizzarcato|workerice|1075\n|teamsize|p1|6\n|teamsize|p2|6\n|gen|9\n|tier|[Gen 9] VGC 2023 Regulation C\n|rated|\n|rule|Species Clause: Limit one of each Pok\u00e9mon\n|rule|Item Clause: Limit one of each item\n|clearpoke\n|poke|p1|Ting-Lu, L50|\n|poke|p1|Annihilape, L50, M|\n|poke|p1|Kingambit, L50, F|\n|poke|p1|Amoonguss, L50, M|\n|poke|p1|Cloyster, L50, M|\n|poke|p1|Flutter Mane, L50|\n|poke|p2|Amoonguss, L50, M|\n|poke|p2|Talonflame, L50, M|\n|poke|p2|Wo-Chien, L50|\n|poke|p2|Great Tusk, L50|\n|poke|p2|Rotom-Wash, L50|\n|poke|p2|Cloyster, L50, F|\n|teampreview|4\n|inactive|Battle timer is ON: inactive players will automatically lose when time's up. (requested by Slugma Guts)\n|c|\u2606Pizzarcato|GLHF\n|c|\u2606Slugma Guts|glhf\n|inactive|Pizzarcato has 60 seconds left.\n|\n|t:|1682199875\n|start\n|switch|p1a: Ting-Lu|Ting-Lu, L50|100\/100\n|switch|p1b: Cloyster|Cloyster, L50, M|100\/100\n|switch|p2a: Talonflame|Talonflame, L50, M, shiny|100\/100\n|switch|p2b: Amoonguss|Amoonguss, L50, M|100\/100\n|-ability|p1a: Ting-Lu|Vessel of Ruin\n|turn|1\n|\n|t:|1682199900\n|-terastallize|p2a: Talonflame|Ground\n|move|p2a: Talonflame|Tailwind|p2a: Talonflame\n|-sidestart|p2: Pizzarcato|move: Tailwind\n|move|p1b: Cloyster|Rock Blast|p2a: Talonflame\n|-resisted|p2a: Talonflame\n|-damage|p2a: Talonflame|96\/100\n|-resisted|p2a: Talonflame\n|-damage|p2a: Talonflame|92\/100\n|-resisted|p2a: Talonflame\n|-damage|p2a: Talonflame|88\/100\n|-resisted|p2a: Talonflame\n|-damage|p2a: Talonflame|84\/100\n|-resisted|p2a: Talonflame\n|-damage|p2a: Talonflame|80\/100\n|-hitcount|p2a: Talonflame|5\n|move|p2b: Amoonguss|Spore|p1a: Ting-Lu\n|-status|p1a: Ting-Lu|slp|[from] move: Spore\n|cant|p1a: Ting-Lu|slp\n|\n|upkeep\n|turn|2\n|inactive|Pizzarcato has 30 seconds left.\n|\n|t:|1682199930\n|switch|p2b: Rotom|Rotom-Wash, L50|100\/100\n|move|p2a: Talonflame|Will-O-Wisp|p1b: Cloyster\n|-status|p1b: Cloyster|brn\n|move|p1b: Cloyster|Icicle Spear|p2b: Rotom\n|-resisted|p2b: Rotom\n|-damage|p2b: Rotom|98\/100\n|-resisted|p2b: Rotom\n|-damage|p2b: Rotom|95\/100\n|-resisted|p2b: Rotom\n|-damage|p2b: Rotom|93\/100\n|-resisted|p2b: Rotom\n|-damage|p2b: Rotom|90\/100\n|-resisted|p2b: Rotom\n|-damage|p2b: Rotom|88\/100\n|-hitcount|p2b: Rotom|5\n|cant|p1a: Ting-Lu|slp\n|\n|-damage|p1b: Cloyster|95\/100 brn|[from] brn\n|upkeep\n|turn|3\n|\n|t:|1682199953\n|switch|p2a: Amoonguss|Amoonguss, L50, M|100\/100\n|switch|p1b: Amoonguss|Amoonguss, L50, M|100\/100\n|move|p2b: Rotom|Trick|p1a: Ting-Lu\n|-activate|p2b: Rotom|move: Trick|[of] p1a: Ting-Lu\n|-item|p1a: Ting-Lu|Choice Specs|[from] move: Trick\n|-item|p2b: Rotom|Assault Vest|[from] move: Trick\n|cant|p1a: Ting-Lu|slp\n|\n|upkeep\n|turn|4\n|inactive|Pizzarcato has 30 seconds left.\n|inactive|Pizzarcato has 20 seconds left.\n|inactive|Slugma Guts has 30 seconds left.\n|\n|t:|1682200000\n|-terastallize|p1a: Ting-Lu|Steel\n|move|p2a: Amoonguss|Rage Powder|p2a: Amoonguss\n|-singleturn|p2a: Amoonguss|move: Rage Powder\n|move|p2b: Rotom|Hydro Pump|p1a: Ting-Lu\n|-damage|p1a: Ting-Lu|84\/100 slp\n|-curestatus|p1a: Ting-Lu|slp|[msg]\n|move|p1a: Ting-Lu|Fissure|p2a: Amoonguss\n|-damage|p2a: Amoonguss|0 fnt\n|faint|p2a: Amoonguss\n|-ohko\n|move|p1b: Amoonguss|Spore|p2b: Rotom\n|-status|p2b: Rotom|slp|[from] move: Spore\n|\n|-sideend|p2: Pizzarcato|move: Tailwind\n|upkeep\n|\n|t:|1682200007\n|switch|p2a: Great Tusk|Great Tusk, L50|100\/100\n|turn|5\n|inactive|Pizzarcato has 30 seconds left.\n|\n|t:|1682200033\n|switch|p2b: Talonflame|Talonflame, L50, M, shiny, tera:Ground|80\/100\n|move|p2a: Great Tusk|Earthquake|p1a: Ting-Lu|[spread] p2b,p1a,p1b\n|-supereffective|p1a: Ting-Lu\n|-damage|p2b: Talonflame|37\/100\n|-damage|p1a: Ting-Lu|43\/100\n|-damage|p1b: Amoonguss|61\/100\n|move|p1a: Ting-Lu|Fissure|p2a: Great Tusk|[miss]\n|-miss|p1a: Ting-Lu|p2a: Great Tusk\n|move|p1b: Amoonguss|Spore|p2a: Great Tusk\n|-status|p2a: Great Tusk|slp|[from] move: Spore\n|\n|upkeep\n|turn|6\n|\n|t:|1682200057\n|move|p1b: Amoonguss|Rage Powder|p1b: Amoonguss\n|-singleturn|p1b: Amoonguss|move: Rage Powder\n|move|p2b: Talonflame|Taunt|p1b: Amoonguss\n|-start|p1b: Amoonguss|move: Taunt\n|cant|p2a: Great Tusk|slp\n|move|p1a: Ting-Lu|Fissure|p2a: Great Tusk|[miss]\n|-miss|p1a: Ting-Lu|p2a: Great Tusk\n|\n|upkeep\n|turn|7\n|inactive|Pizzarcato has 30 seconds left.\n|\n|t:|1682200092\n|move|p2b: Talonflame|Brave Bird|p1b: Amoonguss\n|-supereffective|p1b: Amoonguss\n|-damage|p1b: Amoonguss|0 fnt\n|faint|p1b: Amoonguss\n|-damage|p2b: Talonflame|12\/100|[from] Recoil\n|cant|p2a: Great Tusk|slp\n|move|p1a: Ting-Lu|Fissure|p2a: Great Tusk\n|-enditem|p2a: Great Tusk|Focus Sash\n|-damage|p2a: Great Tusk|1\/100 slp\n|\n|upkeep\n|\n|t:|1682200104\n|switch|p1b: Flutter Mane|Flutter Mane, L50|100\/100\n|turn|8\n|\n|t:|1682200124\n|move|p1b: Flutter Mane|Moonblast|p2b: Talonflame\n|-damage|p2b: Talonflame|0 fnt\n|faint|p2b: Talonflame\n|-curestatus|p2a: Great Tusk|slp|[msg]\n|move|p2a: Great Tusk|Headlong Rush|p1b: Flutter Mane\n|-damage|p1b: Flutter Mane|0 fnt\n|-unboost|p2a: Great Tusk|def|1\n|-unboost|p2a: Great Tusk|spd|1\n|faint|p1b: Flutter Mane\n|-end|p1b: Flutter Mane|Protosynthesis|[silent]\n|move|p1a: Ting-Lu|Fissure|p2a: Great Tusk\n|-damage|p2a: Great Tusk|0 fnt\n|faint|p2a: Great Tusk\n|-end|p2a: Great Tusk|Protosynthesis|[silent]\n|-ohko\n|\n|upkeep\n|\n|t:|1682200131\n|switch|p1b: Cloyster|Cloyster, L50, M|95\/100 brn\n|switch|p2b: Rotom|Rotom-Wash, L50|88\/100 slp\n|turn|9\n|\n|t:|1682200138\n|cant|p2b: Rotom|slp\n|move|p1b: Cloyster|Shell Smash|p1b: Cloyster\n|-unboost|p1b: Cloyster|def|1\n|-unboost|p1b: Cloyster|spd|1\n|-boost|p1b: Cloyster|atk|2\n|-boost|p1b: Cloyster|spa|2\n|-boost|p1b: Cloyster|spe|2\n|-enditem|p1b: Cloyster|White Herb\n|-clearnegativeboost|p1b: Cloyster|[silent]\n|move|p1a: Ting-Lu|Fissure|p2b: Rotom\n|-immune|p2b: Rotom|[from] ability: Levitate\n|\n|-damage|p1b: Cloyster|89\/100 brn|[from] brn\n|upkeep\n|turn|10\n|\n|t:|1682200155\n|move|p1b: Cloyster|Rock Blast|p2b: Rotom\n|-damage|p2b: Rotom|81\/100 slp\n|-damage|p2b: Rotom|75\/100 slp\n|-damage|p2b: Rotom|68\/100 slp\n|-damage|p2b: Rotom|62\/100 slp\n|-damage|p2b: Rotom|55\/100 slp\n|-hitcount|p2b: Rotom|5\n|cant|p2b: Rotom|slp\n|move|p1a: Ting-Lu|Fissure|p2b: Rotom\n|-immune|p2b: Rotom|[from] ability: Levitate\n|\n|-damage|p1b: Cloyster|84\/100 brn|[from] brn\n|upkeep\n|turn|11\n|\n|t:|1682200165\n|move|p1b: Cloyster|Rock Blast|p2b: Rotom\n|-damage|p2b: Rotom|48\/100 slp\n|-damage|p2b: Rotom|41\/100 slp\n|-damage|p2b: Rotom|34\/100 slp\n|-damage|p2b: Rotom|27\/100 slp\n|-damage|p2b: Rotom|20\/100 slp\n|-hitcount|p2b: Rotom|5\n|cant|p2b: Rotom|slp\n|move|p1a: Ting-Lu|Fissure|p2b: Rotom\n|-immune|p2b: Rotom|[from] ability: Levitate\n|\n|-damage|p1b: Cloyster|78\/100 brn|[from] brn\n|upkeep\n|turn|12\n|\n|t:|1682200171\n|move|p1b: Cloyster|Rock Blast|p2b: Rotom\n|-damage|p2b: Rotom|13\/100 slp\n|-damage|p2b: Rotom|6\/100 slp\n|-damage|p2b: Rotom|0 fnt\n|faint|p2b: Rotom\n|-hitcount|p2: Rotom|3\n|\n|win|Slugma Guts\n|raw|Slugma Guts's rating: 1000 → 1049<\/strong> (+49 for winning)\n|raw|Pizzarcato's rating: 1075 → 1049<\/strong> (-26 for losing)\n|c|\u2606Pizzarcato|Damn, gg lol\n|c|\u2606Slugma Guts|gg\n|c|\u2606Pizzarcato|Bad sleep luck\n|c|\u2606Slugma Guts|ty for the luck\n|c|\u2606Pizzarcato|nw\n|l|\u2606Pizzarcato\n","uploadtime":1682200195,"views":5,"p1id":"slugmaguts","p2id":"pizzarcato","formatid":"gen9vgc2023regulationc","rating":1049,"private":0,"password":""}