{"id":"gen9vgc2023regulationc-1846677290","p1":"Gateishion","p2":"Sutadasuto","format":"[Gen 9] VGC 2023 Regulation C","log":"|j|\u2606Gateishion\n|j|\u2606Sutadasuto\n|t:|1681864732\n|gametype|doubles\n|player|p1|Gateishion|veteran|\n|player|p2|Sutadasuto|169|\n|teamsize|p1|6\n|teamsize|p2|6\n|gen|9\n|tier|[Gen 9] VGC 2023 Regulation C\n|rule|Species Clause: Limit one of each Pok\u00e9mon\n|rule|Item Clause: Limit one of each item\n|clearpoke\n|poke|p1|Iron Hands, L50|\n|poke|p1|Torkoal, L50, M|\n|poke|p1|Lilligant, L50, F|\n|poke|p1|Mimikyu, L50, M|\n|poke|p1|Farigiraf, L50, M|\n|poke|p1|Chien-Pao, L50|\n|poke|p2|Garganacl, L50, M|\n|poke|p2|Wo-Chien, L50|\n|poke|p2|Gyarados, L50, M|\n|poke|p2|Ting-Lu, L50|\n|poke|p2|Glimmora, L50, M|\n|poke|p2|Iron Hands, L50|\n|teampreview|4\nSutadasuto has agreed to open team sheets.\nGateishion has agreed to open team sheets.\n|\n|t:|1681864843\n|start\n|switch|p1a: Iron Hands|Iron Hands, L50|100\/100\n|switch|p1b: Farigiraf|Farigiraf, L50, M|100\/100\n|switch|p2a: Gyarados|Gyarados, L50, M, shiny|100\/100\n|switch|p2b: Glimmora|Glimmora, L50, M|100\/100\n|-ability|p2a: Gyarados|Intimidate|boost\n|-unboost|p1a: Iron Hands|atk|1\n|-unboost|p1b: Farigiraf|atk|1\n|turn|1\n|\n|t:|1681864879\n|-end|p1a: Iron Hands|Quark Drive|[silent]\n|switch|p1a: Chien-Pao|Chien-Pao, L50|100\/100\n|-ability|p1a: Chien-Pao|Sword of Ruin\n|move|p2b: Glimmora|Mortal Spin|p1b: Farigiraf|[spread] p1a,p1b\n|-damage|p1a: Chien-Pao|95\/100\n|-damage|p1b: Farigiraf|95\/100\n|-status|p1a: Chien-Pao|psn\n|-status|p1b: Farigiraf|psn\n|move|p1b: Farigiraf|Psyshock|p2b: Glimmora\n|-supereffective|p2b: Glimmora\n|-damage|p2b: Glimmora|22\/100\n|-enditem|p2b: Glimmora|Aguav Berry|[eat]\n|-heal|p2b: Glimmora|55\/100|[from] item: Aguav Berry\n|move|p2a: Gyarados|Dragon Tail|p1a: Chien-Pao\n|-damage|p1a: Chien-Pao|68\/100 psn\n|drag|p1a: Mimikyu|Mimikyu, L50, M|100\/100\n|\n|-damage|p1b: Farigiraf|83\/100 psn|[from] psn\n|upkeep\n|turn|2\n|\n|t:|1681864921\n|switch|p2b: Wo-Chien|Wo-Chien, L50|100\/100\n|-ability|p2b: Wo-Chien|Tablets of Ruin\n|move|p2a: Gyarados|Waterfall|p1b: Farigiraf\n|-damage|p1b: Farigiraf|58\/100 psn\n|move|p1b: Farigiraf|Hyper Voice|p2b: Wo-Chien|[spread] p2a,p2b\n|-damage|p2a: Gyarados|72\/100\n|-damage|p2b: Wo-Chien|83\/100\n|move|p1a: Mimikyu|Trick Room|p1a: Mimikyu\n|-fieldstart|move: Trick Room|[of] p1a: Mimikyu\n|\n|-heal|p2b: Wo-Chien|90\/100|[from] item: Leftovers\n|-damage|p1b: Farigiraf|45\/100 psn|[from] psn\n|upkeep\n|turn|3\n|\n|t:|1681864952\n|switch|p2b: Garganacl|Garganacl, L50, M, shiny|100\/100\n|move|p1b: Farigiraf|Hyper Voice|p2b: Garganacl|[spread] p2a,p2b\n|-resisted|p2b: Garganacl\n|-damage|p2a: Gyarados|46\/100\n|-damage|p2b: Garganacl|90\/100\n|move|p1a: Mimikyu|Play Rough|p2b: Garganacl\n|-damage|p2b: Garganacl|57\/100\n|-damage|p1a: Mimikyu|84\/100|[from] item: Rocky Helmet|[of] p2b: Garganacl\n|-damage|p1a: Mimikyu|74\/100|[from] item: Life Orb\n|move|p2a: Gyarados|Chilling Water|p1a: Mimikyu\n|-activate|p1a: Mimikyu|ability: Disguise\n|-damage|p1a: Mimikyu|74\/100\n|-unboost|p1a: Mimikyu|atk|1\n|detailschange|p1a: Mimikyu|Mimikyu-Busted, L50, M\n|-damage|p1a: Mimikyu|62\/100|[from] pokemon: Mimikyu-Busted\n|\n|-damage|p1b: Farigiraf|33\/100 psn|[from] psn\n|upkeep\n|turn|4\n|\n|t:|1681864978\n|move|p2b: Garganacl|Recover|p2b: Garganacl\n|-heal|p2b: Garganacl|100\/100\n|move|p1b: Farigiraf|Hyper Voice|p2b: Garganacl|[spread] p2a,p2b\n|-resisted|p2b: Garganacl\n|-damage|p2a: Gyarados|20\/100\n|-damage|p2b: Garganacl|91\/100\n|move|p1a: Mimikyu|Swords Dance|p1a: Mimikyu\n|-boost|p1a: Mimikyu|atk|2\n|move|p2a: Gyarados|Waterfall|p1b: Farigiraf\n|-damage|p1b: Farigiraf|0 fnt\n|faint|p1b: Farigiraf\n|\n|upkeep\n|\n|t:|1681864990\n|switch|p1b: Iron Hands|Iron Hands, L50|100\/100\n|turn|5\n|\n|t:|1681865006\n|switch|p2a: Glimmora|Glimmora, L50, M|55\/100\n|-terastallize|p2b: Garganacl|Water\n|move|p2b: Garganacl|Salt Cure|p1a: Mimikyu\n|-damage|p1a: Mimikyu|43\/100\n|-start|p1a: Mimikyu|Salt Cure\n|move|p1b: Iron Hands|Belly Drum|p1b: Iron Hands\n|-damage|p1b: Iron Hands|50\/100\n|-setboost|p1b: Iron Hands|atk|6|[from] move: Belly Drum\n|-enditem|p1b: Iron Hands|Sitrus Berry|[eat]\n|-heal|p1b: Iron Hands|75\/100|[from] item: Sitrus Berry\n|move|p1a: Mimikyu|Play Rough|p2a: Glimmora\n|-resisted|p2a: Glimmora\n|-damage|p2a: Glimmora|23\/100\n|-activate|p2a: Glimmora|ability: Toxic Debris\n|-sidestart|p1: Gateishion|move: Toxic Spikes\n|-damage|p1a: Mimikyu|33\/100|[from] item: Life Orb\n|\n|-damage|p1a: Mimikyu|21\/100|[from] Salt Cure\n|upkeep\n|turn|6\n|\n|t:|1681865044\n|move|p1a: Mimikyu|Shadow Sneak|p2a: Glimmora\n|-damage|p2a: Glimmora|0 fnt\n|-activate|p2a: Glimmora|ability: Toxic Debris\n|-sidestart|p1: Gateishion|move: Toxic Spikes\n|faint|p2a: Glimmora\n|-damage|p1a: Mimikyu|11\/100|[from] item: Life Orb\n|move|p2b: Garganacl|Salt Cure|p1b: Iron Hands\n|-resisted|p1b: Iron Hands\n|-damage|p1b: Iron Hands|71\/100\n|-start|p1b: Iron Hands|Salt Cure\n|move|p1b: Iron Hands|Drain Punch|p2b: Garganacl\n|-damage|p2b: Garganacl|0 fnt\n|-heal|p1b: Iron Hands|100\/100|[from] drain|[of] p2b: Garganacl\n|-damage|p1b: Iron Hands|84\/100|[from] item: Rocky Helmet|[of] p2b: Garganacl\n|faint|p2b: Garganacl\n|\n|-damage|p1b: Iron Hands|72\/100|[from] Salt Cure\n|-damage|p1a: Mimikyu|0 fnt|[from] Salt Cure\n|faint|p1a: Mimikyu\n|-fieldend|move: Trick Room\n|upkeep\n|\n|t:|1681865063\n|switch|p1a: Chien-Pao|Chien-Pao, L50|68\/100 psn\n|switch|p2a: Gyarados|Gyarados, L50, M, shiny|20\/100\n|switch|p2b: Wo-Chien|Wo-Chien, L50|90\/100\n|-ability|p1a: Chien-Pao|Sword of Ruin\n|-ability|p2a: Gyarados|Intimidate|boost\n|-unboost|p1a: Chien-Pao|atk|1\n|-unboost|p1b: Iron Hands|atk|1\n|-ability|p2b: Wo-Chien|Tablets of Ruin\n|turn|7\n|\n|t:|1681865088\n|-terastallize|p1b: Iron Hands|Grass\n|move|p2a: Gyarados|Protect|p2a: Gyarados\n|-singleturn|p2a: Gyarados|Protect\n|move|p2b: Wo-Chien|Protect|p2b: Wo-Chien\n|-singleturn|p2b: Wo-Chien|Protect\n|move|p1a: Chien-Pao|Ice Spinner|p2a: Gyarados\n|-activate|p2a: Gyarados|move: Protect\n|move|p1b: Iron Hands|Drain Punch|p2b: Wo-Chien\n|-activate|p2b: Wo-Chien|move: Protect\n|\n|-heal|p2b: Wo-Chien|96\/100|[from] item: Leftovers\n|-damage|p1a: Chien-Pao|55\/100 psn|[from] psn\n|-damage|p1b: Iron Hands|60\/100|[from] Salt Cure\n|upkeep\n|turn|8\n|\n|t:|1681865114\n|move|p1a: Chien-Pao|Ice Spinner|p2a: Gyarados\n|-damage|p2a: Gyarados|0 fnt\n|faint|p2a: Gyarados\n|move|p2b: Wo-Chien|Pollen Puff|p1b: Iron Hands\n|-supereffective|p1b: Iron Hands\n|-damage|p1b: Iron Hands|32\/100\n|move|p1b: Iron Hands|Drain Punch|p2b: Wo-Chien\n|-supereffective|p2b: Wo-Chien\n|-damage|p2b: Wo-Chien|0 fnt\n|-heal|p1b: Iron Hands|69\/100|[from] drain|[of] p2b: Wo-Chien\n|faint|p2b: Wo-Chien\n|\n|win|Gateishion\n","uploadtime":1681865132,"views":10,"p1id":"gateishion","p2id":"sutadasuto","formatid":"gen9vgc2023regulationc","rating":0,"private":0,"password":""}