{"id":"gen9vgc2023regulationc-1847281648","p1":"Torrain","p2":"Quetzalo","format":"[Gen 9] VGC 2023 Regulation C","log":"|j|\u2606Torrain\n|j|\u2606Quetzalo\n|t:|1681934377\n|gametype|doubles\n|player|p1|Torrain|169|1343\n|player|p2|Quetzalo|266|1271\n|teamsize|p1|6\n|teamsize|p2|6\n|gen|9\n|tier|[Gen 9] VGC 2023 Regulation C\n|rated|\n|rule|Species Clause: Limit one of each Pok\u00e9mon\n|rule|Item Clause: Limit one of each item\n|clearpoke\n|poke|p1|Tyranitar, L50, F|\n|poke|p1|Flutter Mane, L50|\n|poke|p1|Garganacl, L50, M|\n|poke|p1|Ting-Lu, L50|\n|poke|p1|Wo-Chien, L50|\n|poke|p1|Gholdengo, L50|\n|poke|p2|Palafin, L50, F|\n|poke|p2|Ting-Lu, L50|\n|poke|p2|Amoonguss, L50, M|\n|poke|p2|Flutter Mane, L50|\n|poke|p2|Arcanine, L50, F|\n|poke|p2|Baxcalibur, L50, M|\n|teampreview|4\n|inactive|Battle timer is ON: inactive players will automatically lose when time's up. (requested by Torrain)\n|inactive|Quetzalo has 60 seconds left.\nTorrain has agreed to open team sheets.\n|\n|t:|1681934416\n|start\n|switch|p1a: Tyranitar|Tyranitar, L50, F|100\/100\n|switch|p1b: Garganacl|Garganacl, L50, M|100\/100\n|switch|p2a: Palafin|Palafin, L50, F|100\/100\n|switch|p2b: Ting-Lu|Ting-Lu, L50|100\/100\n|-weather|Sandstorm|[from] ability: Sand Stream|[of] p1a: Tyranitar\n|-ability|p2b: Ting-Lu|Vessel of Ruin\n|turn|1\n|inactive|Quetzalo has 30 seconds left.\n|\n|t:|1681934448\n|detailschange|p2a: Palafin|Palafin-Hero, L50, F\n|switch|p2a: Arcanine|Arcanine, L50, F|100\/100\n|-ability|p2a: Arcanine|Intimidate|boost\n|-unboost|p1a: Tyranitar|atk|1\n|-unboost|p1b: Garganacl|atk|1\n|-terastallize|p1b: Garganacl|Flying\n|move|p1a: Tyranitar|Thunder Wave|p2a: Arcanine\n|-status|p2a: Arcanine|par\n|move|p2b: Ting-Lu|Fissure|p1b: Garganacl\n|-immune|p1b: Garganacl\n|move|p1b: Garganacl|Iron Defense|p1b: Garganacl\n|-boost|p1b: Garganacl|def|2\n|\n|-weather|Sandstorm|[upkeep]\n|-damage|p1b: Garganacl|95\/100|[from] Sandstorm\n|upkeep\n|turn|2\n|inactive|Torrain has 30 seconds left.\n|\n|t:|1681934474\n|switch|p1a: Wo-Chien|Wo-Chien, L50|100\/100\n|-ability|p1a: Wo-Chien|Tablets of Ruin\n|switch|p2a: Amoonguss|Amoonguss, L50, M|100\/100\n|move|p2b: Ting-Lu|Fissure|p1a: Wo-Chien|[miss]\n|-miss|p2b: Ting-Lu|p1a: Wo-Chien\n|move|p1b: Garganacl|Body Press|p2b: Ting-Lu\n|-supereffective|p2b: Ting-Lu\n|-crit|p2b: Ting-Lu\n|-damage|p2b: Ting-Lu|25\/100\n|\n|-weather|Sandstorm|[upkeep]\n|-damage|p1a: Wo-Chien|95\/100|[from] Sandstorm\n|-damage|p1b: Garganacl|89\/100|[from] Sandstorm\n|-damage|p2a: Amoonguss|95\/100|[from] Sandstorm\n|upkeep\n|turn|3\n|inactive|Torrain has 30 seconds left.\n|inactive|Quetzalo has 30 seconds left.\n|inactive|Torrain has 20 seconds left.\n|\n|t:|1681934510\n|move|p1a: Wo-Chien|Leech Seed|p2b: Ting-Lu\n|-start|p2b: Ting-Lu|move: Leech Seed\n|move|p2b: Ting-Lu|Fissure|p1a: Wo-Chien\n|-damage|p1a: Wo-Chien|0 fnt\n|faint|p1a: Wo-Chien\n|-ohko\n|move|p1b: Garganacl|Iron Defense|p1b: Garganacl\n|-boost|p1b: Garganacl|def|2\n|move|p2a: Amoonguss|Clear Smog|p1b: Garganacl\n|-damage|p1b: Garganacl|77\/100\n|-clearboost|p1b: Garganacl\n|\n|-weather|Sandstorm|[upkeep]\n|-damage|p1b: Garganacl|72\/100|[from] Sandstorm\n|-damage|p2a: Amoonguss|89\/100|[from] Sandstorm\n|upkeep\n|\n|t:|1681934528\n|switch|p1a: Primus|Gholdengo, L50|100\/100\n|turn|4\n|\n|t:|1681934537\n|switch|p2b: Arcanine|Arcanine, L50, F|100\/100 par\n|-ability|p2b: Arcanine|Intimidate|boost\n|-unboost|p1a: Primus|atk|1\n|-unboost|p1b: Garganacl|atk|1\n|move|p1a: Primus|Make It Rain|p2a: Amoonguss|[spread] p2a,p2b\n|-resisted|p2b: Arcanine\n|-damage|p2a: Amoonguss|31\/100\n|-damage|p2b: Arcanine|71\/100 par\n|-unboost|p1a: Primus|spa|1\n|-enditem|p2a: Amoonguss|Sitrus Berry|[eat]\n|-heal|p2a: Amoonguss|56\/100|[from] item: Sitrus Berry\n|-damage|p1a: Primus|91\/100|[from] item: Life Orb\n|move|p1b: Garganacl|Iron Defense|p1b: Garganacl\n|-boost|p1b: Garganacl|def|2\n|move|p2a: Amoonguss|Spore|p1b: Garganacl\n|-immune|p1b: Garganacl|[from] ability: Purifying Salt\n|\n|-weather|Sandstorm|[upkeep]\n|-damage|p1b: Garganacl|66\/100|[from] Sandstorm\n|-damage|p2a: Amoonguss|50\/100|[from] Sandstorm\n|upkeep\n|turn|5\n|inactive|Torrain has 30 seconds left.\n|inactive|Quetzalo has 30 seconds left.\n|inactive|Quetzalo has 20 seconds left.\n|inactive|Quetzalo has 15 seconds left.\n|\n|t:|1681934578\n|switch|p1a: Tyranitar|Tyranitar, L50, F|100\/100\n|switch|p2a: Palafin|Palafin-Hero, L50, F|100\/100\n|-activate|p2a: Palafin|ability: Zero to Hero\n|move|p2b: Arcanine|Will-O-Wisp|p1a: Tyranitar|[miss]\n|-miss|p2b: Arcanine|p1a: Tyranitar\n|move|p1b: Garganacl|Body Press|p2b: Arcanine\n|-damage|p2b: Arcanine|15\/100 par\n|\n|-weather|none\n|upkeep\n|turn|6\n|inactive|Quetzalo has 30 seconds left.\n|\n|t:|1681934610\n|switch|p2b: Amoonguss|Amoonguss, L50, M|83\/100\n|move|p2a: Palafin|Wave Crash|p1a: Tyranitar\n|-supereffective|p1a: Tyranitar\n|-damage|p1a: Tyranitar|0 fnt\n|faint|p1a: Tyranitar\n|-damage|p2a: Palafin|65\/100|[from] Recoil\n|move|p1b: Garganacl|Body Press|p2a: Palafin\n|-damage|p2a: Palafin|12\/100\n|\n|upkeep\n|\n|t:|1681934622\n|switch|p1a: Primus|Gholdengo, L50|91\/100\n|turn|7\n|\n|t:|1681934641\n|move|p2a: Palafin|Protect|p2a: Palafin\n|-singleturn|p2a: Palafin|Protect\n|move|p1a: Primus|Make It Rain|p2a: Palafin|[spread] p2b\n|-activate|p2a: Palafin|move: Protect\n|-damage|p2b: Amoonguss|30\/100\n|-unboost|p1a: Primus|spa|1\n|-damage|p1a: Primus|81\/100|[from] item: Life Orb\n|move|p1b: Garganacl|Recover|p1b: Garganacl\n|-heal|p1b: Garganacl|100\/100\n|move|p2b: Amoonguss|Spore|p1b: Garganacl\n|-immune|p1b: Garganacl|[from] ability: Purifying Salt\n|\n|upkeep\n|turn|8\n|inactive|Quetzalo has 30 seconds left.\n|inactive|Torrain has 30 seconds left.\n|\n|t:|1681934675\n|switch|p2b: Arcanine|Arcanine, L50, F|15\/100 par\n|-ability|p2b: Arcanine|Intimidate|boost\n|-unboost|p1a: Primus|atk|1\n|-unboost|p1b: Garganacl|atk|1\n|move|p2a: Palafin|Jet Punch|p1a: Primus\n|-damage|p1a: Primus|46\/100\n|move|p1a: Primus|Make It Rain|p2b: Arcanine|[spread] p2a,p2b\n|-resisted|p2a: Palafin\n|-resisted|p2b: Arcanine\n|-damage|p2a: Palafin|0 fnt\n|-damage|p2b: Arcanine|0 fnt\n|-unboost|p1a: Primus|spa|1\n|faint|p2a: Palafin\n|faint|p2b: Arcanine\n|-damage|p1a: Primus|36\/100|[from] item: Life Orb\n|move|p1b: Garganacl|Body Press|p2: Palafin|[notarget]\n|-fail|p1b: Garganacl\n|\n|upkeep\n|\n|t:|1681934692\n|switch|p2a: Amoonguss|Amoonguss, L50, M|63\/100\n|switch|p2b: Ting-Lu|Ting-Lu, L50|25\/100\n|-ability|p2b: Ting-Lu|Vessel of Ruin\n|turn|9\n|inactive|Quetzalo has 30 seconds left.\n|\n|t:|1681934720\n|-terastallize|p2b: Ting-Lu|Poison\n|move|p1a: Primus|Protect|p1a: Primus\n|-singleturn|p1a: Primus|Protect\n|move|p2b: Ting-Lu|Stomping Tantrum|p1a: Primus\n|-activate|p1a: Primus|move: Protect\n|move|p1b: Garganacl|Body Press|p2b: Ting-Lu\n|-resisted|p2b: Ting-Lu\n|-damage|p2b: Ting-Lu|9\/100\n|move|p2a: Amoonguss|Pollen Puff|p2b: Ting-Lu\n|-heal|p2b: Ting-Lu|59\/100\n|\n|upkeep\n|turn|10\n|inactive|Torrain has 30 seconds left.\n|inactive|Torrain has 20 seconds left.\n|\n|t:|1681934756\n|move|p1a: Primus|Recover|p1a: Primus\n|-heal|p1a: Primus|87\/100\n|move|p2b: Ting-Lu|Stomping Tantrum|p1a: Primus\n|-supereffective|p1a: Primus\n|-damage|p1a: Primus|29\/100\n|move|p1b: Garganacl|Body Press|p2b: Ting-Lu\n|-resisted|p2b: Ting-Lu\n|-damage|p2b: Ting-Lu|42\/100\n|move|p2a: Amoonguss|Pollen Puff|p2b: Ting-Lu\n|-heal|p2b: Ting-Lu|92\/100\n|\n|upkeep\n|turn|11\n|-message|Torrain forfeited.\n|\n|win|Quetzalo\n|raw|Torrain's rating: 1343 → 1319<\/strong> (-24 for losing)\n|raw|Quetzalo's rating: 1271 → 1301<\/strong> (+30 for winning)\n|l|\u2606Torrain\n","uploadtime":1681934775,"views":16,"p1id":"torrain","p2id":"quetzalo","formatid":"gen9vgc2023regulationc","rating":1301,"private":0,"password":""}