{"id":"gen9vgc2023regulationc-1854743627","p1":"Vitalis24","p2":"oscraft89","format":"[Gen 9] VGC 2023 Regulation C","log":"|j|\u2606Vitalis24\n|j|\u2606oscraft89\n|t:|1682860173\n|gametype|doubles\n|player|p1|Vitalis24|ethan|1241\n|player|p2|oscraft89|102|1232\n|teamsize|p1|6\n|teamsize|p2|6\n|gen|9\n|tier|[Gen 9] VGC 2023 Regulation C\n|rated|\n|rule|Species Clause: Limit one of each Pok\u00e9mon\n|rule|Item Clause: Limit one of each item\n|clearpoke\n|poke|p1|Kingambit, L50, M|\n|poke|p1|Flutter Mane, L50|\n|poke|p1|Amoonguss, L50, M|\n|poke|p1|Great Tusk, L50|\n|poke|p1|Iron Bundle, L50|\n|poke|p1|Chi-Yu, L50|\n|poke|p2|Amoonguss, L50, F|\n|poke|p2|Arcanine, L50, M|\n|poke|p2|Ting-Lu, L50|\n|poke|p2|Roaring Moon, L50|\n|poke|p2|Palafin, L50, M|\n|poke|p2|Flutter Mane, L50|\n|teampreview|4\n|\n|t:|1682860231\n|start\n|switch|p1a: Iron Bundle|Iron Bundle, L50|100\/100\n|switch|p1b: Flutter Mane|Flutter Mane, L50|100\/100\n|switch|p2a: Palafin|Palafin, L50, M, shiny|100\/100\n|switch|p2b: Roaring Moon|Roaring Moon, L50, shiny|100\/100\n|-enditem|p1a: Iron Bundle|Booster Energy\n|-activate|p1a: Iron Bundle|ability: Quark Drive|[fromitem]\n|-start|p1a: Iron Bundle|quarkdrivespe\n|-enditem|p2b: Roaring Moon|Booster Energy\n|-activate|p2b: Roaring Moon|ability: Protosynthesis|[fromitem]\n|-start|p2b: Roaring Moon|protosynthesisspe\n|turn|1\n|\n|t:|1682860259\n|detailschange|p2a: Palafin|Palafin-Hero, L50, M, shiny\n|switch|p2a: Ting-Lu|Ting-Lu, L50|100\/100\n|-ability|p2a: Ting-Lu|Vessel of Ruin\n|-terastallize|p2b: Roaring Moon|Flying\n|move|p1a: Iron Bundle|Icy Wind|p2a: Ting-Lu|[spread] p2a,p2b\n|-supereffective|p2a: Ting-Lu\n|-supereffective|p2b: Roaring Moon\n|-damage|p2a: Ting-Lu|83\/100\n|-damage|p2b: Roaring Moon|70\/100\n|-unboost|p2a: Ting-Lu|spe|1\n|-unboost|p2b: Roaring Moon|spe|1\n|move|p1b: Flutter Mane|Dazzling Gleam|p2b: Roaring Moon|[spread] p2a,p2b\n|-supereffective|p2a: Ting-Lu\n|-damage|p2a: Ting-Lu|42\/100\n|-damage|p2b: Roaring Moon|36\/100\n|move|p2b: Roaring Moon|Acrobatics|p1b: Flutter Mane\n|-damage|p1b: Flutter Mane|0 fnt\n|faint|p1b: Flutter Mane\n|-end|p1b: Flutter Mane|Protosynthesis|[silent]\n|\n|upkeep\n|\n|t:|1682860300\n|switch|p1b: Amoonguss|Amoonguss, L50, M|100\/100\n|turn|2\n|\n|t:|1682860326\n|move|p2b: Roaring Moon|Protect|p2b: Roaring Moon\n|-singleturn|p2b: Roaring Moon|Protect\n|move|p1b: Amoonguss|Rage Powder|p1b: Amoonguss\n|-singleturn|p1b: Amoonguss|move: Rage Powder\n|move|p1a: Iron Bundle|Freeze-Dry|p2b: Roaring Moon\n|-activate|p2b: Roaring Moon|move: Protect\n|move|p2a: Ting-Lu|Ruination|p1b: Amoonguss\n|-damage|p1b: Amoonguss|51\/100\n|\n|upkeep\n|turn|3\n|\n|t:|1682860365\n|-end|p2b: Roaring Moon|Protosynthesis|[silent]\n|switch|p2b: Flutter Mane|Flutter Mane, L50, shiny|100\/100\n|move|p1b: Amoonguss|Rage Powder|p1b: Amoonguss\n|-singleturn|p1b: Amoonguss|move: Rage Powder\n|move|p1a: Iron Bundle|Freeze-Dry|p2b: Flutter Mane\n|-damage|p2b: Flutter Mane|71\/100\n|move|p2a: Ting-Lu|Stomping Tantrum|p1b: Amoonguss\n|-damage|p1b: Amoonguss|17\/100\n|-enditem|p1b: Amoonguss|Aguav Berry|[eat]\n|-heal|p1b: Amoonguss|50\/100|[from] item: Aguav Berry\n|\n|upkeep\n|turn|4\n|\n|t:|1682860402\n|move|p1a: Iron Bundle|Protect|p1a: Iron Bundle\n|-singleturn|p1a: Iron Bundle|Protect\n|move|p2b: Flutter Mane|Shadow Ball|p1a: Iron Bundle\n|-activate|p1a: Iron Bundle|move: Protect\n|move|p1b: Amoonguss|Spore|p2b: Flutter Mane\n|-status|p2b: Flutter Mane|slp|[from] move: Spore\n|move|p2a: Ting-Lu|Stomping Tantrum|p1a: Iron Bundle\n|-activate|p1a: Iron Bundle|move: Protect\n|\n|upkeep\n|turn|5\n|\n|t:|1682860432\n|move|p1a: Iron Bundle|Hydro Pump|p2a: Ting-Lu\n|-supereffective|p2a: Ting-Lu\n|-damage|p2a: Ting-Lu|0 fnt\n|faint|p2a: Ting-Lu\n|cant|p2b: Flutter Mane|slp\n|move|p1b: Amoonguss|Spore|p2b: Flutter Mane\n|-fail|p2b: Flutter Mane|slp\n|\n|upkeep\n|\n|t:|1682860446\n|switch|p2a: Roaring Moon|Roaring Moon, L50, shiny, tera:Flying|36\/100\n|turn|6\n|\n|t:|1682860471\n|move|p2a: Roaring Moon|Protect|p2a: Roaring Moon\n|-singleturn|p2a: Roaring Moon|Protect\n|move|p1b: Amoonguss|Rage Powder|p1b: Amoonguss\n|-singleturn|p1b: Amoonguss|move: Rage Powder\n|move|p1a: Iron Bundle|Icy Wind|p2a: Roaring Moon|[spread] p2b\n|-activate|p2a: Roaring Moon|move: Protect\n|-damage|p2b: Flutter Mane|52\/100 slp\n|-unboost|p2b: Flutter Mane|spe|1\n|-curestatus|p2b: Flutter Mane|slp|[msg]\n|move|p2b: Flutter Mane|Shadow Ball|p1b: Amoonguss\n|-damage|p1b: Amoonguss|3\/100\n|\n|upkeep\n|turn|7\n|\n|t:|1682860497\n|-end|p2a: Roaring Moon|Protosynthesis|[silent]\n|switch|p2a: Palafin|Palafin-Hero, L50, M, shiny|100\/100\n|-activate|p2a: Palafin|ability: Zero to Hero\n|move|p1b: Amoonguss|Rage Powder|p1b: Amoonguss\n|-singleturn|p1b: Amoonguss|move: Rage Powder\n|move|p1a: Iron Bundle|Freeze-Dry|p2a: Palafin\n|-supereffective|p2a: Palafin\n|-damage|p2a: Palafin|27\/100\n|move|p2b: Flutter Mane|Shadow Ball|p1b: Amoonguss\n|-damage|p1b: Amoonguss|0 fnt\n|faint|p1b: Amoonguss\n|\n|upkeep\n|\n|t:|1682860510\n|switch|p1b: Great Tusk|Great Tusk, L50|100\/100\n|turn|8\n|\n|t:|1682860527\n|-end|p2b: Flutter Mane|Protosynthesis|[silent]\n|switch|p2b: Roaring Moon|Roaring Moon, L50, shiny, tera:Flying|36\/100\n|-terastallize|p1b: Great Tusk|Steel\n|move|p2a: Palafin|Protect|p2a: Palafin\n|-singleturn|p2a: Palafin|Protect\n|move|p1a: Iron Bundle|Freeze-Dry|p2a: Palafin\n|-activate|p2a: Palafin|move: Protect\n|move|p1b: Great Tusk|Iron Head|p2b: Roaring Moon\n|-damage|p2b: Roaring Moon|0 fnt\n|faint|p2b: Roaring Moon\n|-end|p2b: Roaring Moon|Protosynthesis|[silent]\n|\n|upkeep\n|\n|t:|1682860537\n|switch|p2b: Flutter Mane|Flutter Mane, L50, shiny|52\/100\n|turn|9\n|\n|t:|1682860550\n|move|p1a: Iron Bundle|Freeze-Dry|p2a: Palafin\n|-supereffective|p2a: Palafin\n|-damage|p2a: Palafin|0 fnt\n|faint|p2a: Palafin\n|move|p2b: Flutter Mane|Moonblast|p1a: Iron Bundle\n|-damage|p1a: Iron Bundle|0 fnt\n|faint|p1a: Iron Bundle\n|-end|p1a: Iron Bundle|Quark Drive|[silent]\n|move|p1b: Great Tusk|Iron Head|p2b: Flutter Mane\n|-supereffective|p2b: Flutter Mane\n|-damage|p2b: Flutter Mane|0 fnt\n|faint|p2b: Flutter Mane\n|-end|p2b: Flutter Mane|Protosynthesis|[silent]\n|\n|win|Vitalis24\n|raw|Vitalis24's rating: 1241 → 1265<\/strong> (+24 for winning)\n|raw|oscraft89's rating: 1232 → 1208<\/strong> (-24 for losing)\n|l|\u2606oscraft89\n","uploadtime":1682860575,"views":9,"p1id":"vitalis24","p2id":"oscraft89","formatid":"gen9vgc2023regulationc","rating":1208,"private":0,"password":""}