{"id":"gen9vgc2023regulationc-1846196609","p1":"BlindMagneton","p2":"Gorkanonymous","format":"[Gen 9] VGC 2023 Regulation C","log":"|j|\u2606BlindMagneton\n|j|\u2606Gorkanonymous\n|t:|1681820052\n|gametype|doubles\n|player|p1|BlindMagneton|wattson|1246\n|player|p2|Gorkanonymous|flannery|1302\n|teamsize|p1|6\n|teamsize|p2|6\n|gen|9\n|tier|[Gen 9] VGC 2023 Regulation C\n|rated|\n|rule|Species Clause: Limit one of each Pok\u00e9mon\n|rule|Item Clause: Limit one of each item\n|clearpoke\n|poke|p1|Iron Bundle, L50|\n|poke|p1|Palafin, L50, M|\n|poke|p1|Ceruledge, L50, M|\n|poke|p1|Grimmsnarl, L50, M|\n|poke|p1|Dachsbun, L50, F|\n|poke|p1|Dragapult, L50, M|\n|poke|p2|Kingambit, L50, M|\n|poke|p2|Amoonguss, L50, F|\n|poke|p2|Ting-Lu, L50|\n|poke|p2|Arcanine, L50, F|\n|poke|p2|Palafin, L50, M|\n|poke|p2|Flutter Mane, L50|\n|teampreview|4\n|inactive|Battle timer is ON: inactive players will automatically lose when time's up. (requested by Gorkanonymous)\n|inactive|BlindMagneton has 60 seconds left.\n|inactive|Gorkanonymous has 60 seconds left.\n|inactive|BlindMagneton has 30 seconds left.\n|inactive|BlindMagneton has 20 seconds left.\n|\n|t:|1681820126\n|start\n|switch|p1a: Grimmsnarl|Grimmsnarl, L50, M|100\/100\n|switch|p1b: Dragapult|Dragapult, L50, M|100\/100\n|switch|p2a: Kingambit|Kingambit, L50, M, shiny|100\/100\n|switch|p2b: Flutter Mane|Flutter Mane, L50, shiny|100\/100\n|-enditem|p2b: Flutter Mane|Booster Energy\n|-activate|p2b: Flutter Mane|ability: Protosynthesis|[fromitem]\n|-start|p2b: Flutter Mane|protosynthesisspa\n|turn|1\n|inactive|BlindMagneton has 30 seconds left.\n|inactive|Gorkanonymous has 30 seconds left.\n|inactive|BlindMagneton has 20 seconds left.\n|\n|t:|1681820164\n|move|p2b: Flutter Mane|Protect|p2b: Flutter Mane\n|-singleturn|p2b: Flutter Mane|Protect\n|move|p1a: Grimmsnarl|Fake Out|p2a: Kingambit\n|-resisted|p2a: Kingambit\n|-damage|p2a: Kingambit|95\/100\n|move|p1b: Dragapult|Phantom Force||[still]\n|-prepare|p1b: Dragapult|Phantom Force\n|cant|p2a: Kingambit|flinch\n|\n|upkeep\n|turn|2\n|\n|t:|1681820182\n|-end|p2b: Flutter Mane|Protosynthesis|[silent]\n|switch|p2b: Amoonguss|Amoonguss, L50, F, shiny|100\/100\n|move|p1a: Grimmsnarl|Swagger|p2b: Amoonguss\n|-boost|p2b: Amoonguss|atk|2\n|-enditem|p1b: Dragapult|Mirror Herb\n|-boost|p1b: Dragapult|atk|2|[from] item: Mirror Herb\n|-start|p2b: Amoonguss|confusion\n|move|p1b: Dragapult|Phantom Force|p2b: Amoonguss|[from]lockedmove\n|-damage|p2b: Amoonguss|23\/100\n|-enditem|p2b: Amoonguss|Sitrus Berry|[eat]\n|-heal|p2b: Amoonguss|48\/100|[from] item: Sitrus Berry\n|move|p2a: Kingambit|Swords Dance|p2a: Kingambit\n|-boost|p2a: Kingambit|atk|2\n|\n|upkeep\n|turn|3\n|inactive|BlindMagneton has 30 seconds left.\n|inactive|BlindMagneton has 20 seconds left.\n|inactive|BlindMagneton has 15 seconds left.\n|inactive|BlindMagneton has 10 seconds left.\n|\n|t:|1681820231\n|switch|p2b: Arcanine|Arcanine, L50, F|100\/100\n|-ability|p2b: Arcanine|Intimidate|boost\n|-unboost|p1a: Grimmsnarl|atk|1\n|-fail|p1b: Dragapult|unboost|[from] ability: Clear Body|[of] p1b: Dragapult\n|-terastallize|p1b: Dragapult|Dark\n|move|p1a: Grimmsnarl|Sucker Punch|p2a: Kingambit\n|-resisted|p2a: Kingambit\n|-crit|p2a: Kingambit\n|-damage|p2a: Kingambit|73\/100\n|move|p2a: Kingambit|Sucker Punch|p1b: Dragapult\n|-resisted|p1b: Dragapult\n|-damage|p1b: Dragapult|48\/100\n|move|p1b: Dragapult|Acrobatics|p2b: Arcanine\n|-crit|p2b: Arcanine\n|-damage|p2b: Arcanine|0 fnt\n|faint|p2b: Arcanine\n|\n|upkeep\n|\n|t:|1681820250\n|switch|p2b: Amoonguss|Amoonguss, L50, F, shiny|81\/100\n|turn|4\n|\n|t:|1681820270\n|move|p2a: Kingambit|Protect|p2a: Kingambit\n|-singleturn|p2a: Kingambit|Protect\n|move|p1a: Grimmsnarl|Swagger|p2b: Amoonguss|[miss]\n|-miss|p1a: Grimmsnarl|p2b: Amoonguss\n|move|p1b: Dragapult|Will-O-Wisp|p2a: Kingambit\n|-activate|p2a: Kingambit|move: Protect\n|move|p2b: Amoonguss|Spore|p1b: Dragapult\n|-status|p1b: Dragapult|slp|[from] move: Spore\n|\n|upkeep\n|turn|5\n|inactive|BlindMagneton has 30 seconds left.\n|inactive|Gorkanonymous has 30 seconds left.\n|inactive|BlindMagneton has 20 seconds left.\n|inactive|BlindMagneton has 15 seconds left.\n|inactive|BlindMagneton has 10 seconds left.\n|inactive|BlindMagneton has 5 seconds left.\n|\n|t:|1681820327\n|switch|p1b: Dachsbun|Dachsbun, L50, F|100\/100\n|move|p2b: Amoonguss|Rage Powder|p2b: Amoonguss\n|-singleturn|p2b: Amoonguss|move: Rage Powder\n|move|p1a: Grimmsnarl|Swagger|p2b: Amoonguss\n|-boost|p2b: Amoonguss|atk|2\n|-start|p2b: Amoonguss|confusion\n|move|p2a: Kingambit|Iron Head|p1a: Grimmsnarl\n|-supereffective|p1a: Grimmsnarl\n|-enditem|p1a: Grimmsnarl|Focus Sash\n|-damage|p1a: Grimmsnarl|1\/100\n|\n|upkeep\n|turn|6\n|inactive|BlindMagneton has 30 seconds left.\n|\n|t:|1681820358\n|-terastallize|p2a: Kingambit|Flying\n|move|p1a: Grimmsnarl|Thunder Wave|p2b: Amoonguss|[miss]\n|-miss|p1a: Grimmsnarl|p2b: Amoonguss\n|move|p1b: Dachsbun|Body Press|p2a: Kingambit\n|-resisted|p2a: Kingambit\n|-damage|p2a: Kingambit|65\/100\n|move|p2a: Kingambit|Iron Head|p1b: Dachsbun\n|-supereffective|p1b: Dachsbun\n|-damage|p1b: Dachsbun|0 fnt\n|faint|p1b: Dachsbun\n|-activate|p2b: Amoonguss|confusion\n|move|p2b: Amoonguss|Spore|p1a: Grimmsnarl\n|-status|p1a: Grimmsnarl|slp|[from] move: Spore\n|\n|upkeep\n|\n|t:|1681820376\n|switch|p1b: Palafin|Palafin, L50, M|100\/100\n|turn|7\n|\n|t:|1681820390\n|cant|p1a: Grimmsnarl|slp\n|move|p2a: Kingambit|Sucker Punch||[still]\n|-fail|p2a: Kingambit\n|move|p1b: Palafin|Haze|p1b: Palafin\n|-clearallboost\n|-activate|p2b: Amoonguss|confusion\n|move|p2b: Amoonguss|Pollen Puff|p2a: Kingambit\n|-heal|p2a: Kingambit|100\/100\n|\n|upkeep\n|turn|8\n|inactive|BlindMagneton has 30 seconds left.\n|inactive|BlindMagneton has 20 seconds left.\n|inactive|BlindMagneton has 15 seconds left.\n|inactive|Gorkanonymous has 30 seconds left.\n|\n|t:|1681820436\n|detailschange|p1b: Palafin|Palafin-Hero, L50, M\n|switch|p1b: Dragapult|Dragapult, L50, M, tera:Dark|48\/100 slp\n|cant|p1a: Grimmsnarl|slp\n|move|p2a: Kingambit|Swords Dance|p2a: Kingambit\n|-boost|p2a: Kingambit|atk|2\n|-activate|p2b: Amoonguss|confusion\n|-damage|p2b: Amoonguss|75\/100|[from] confusion\n|\n|upkeep\n|turn|9\n|inactive|BlindMagneton has 30 seconds left.\n|\n|t:|1681820466\n|cant|p1a: Grimmsnarl|slp\n|move|p2a: Kingambit|Sucker Punch||[still]\n|-fail|p2a: Kingambit\n|cant|p1b: Dragapult|slp\n|-activate|p2b: Amoonguss|confusion\n|-damage|p2b: Amoonguss|69\/100|[from] confusion\n|\n|upkeep\n|turn|10\n|\n|t:|1681820486\n|-end|p2b: Amoonguss|confusion\n|move|p2b: Amoonguss|Rage Powder|p2b: Amoonguss\n|-singleturn|p2b: Amoonguss|move: Rage Powder\n|-curestatus|p1a: Grimmsnarl|slp|[msg]\n|move|p1a: Grimmsnarl|Thunder Wave|p2b: Amoonguss|[miss]\n|-miss|p1a: Grimmsnarl|p2b: Amoonguss\n|move|p2a: Kingambit|Sucker Punch||[still]\n|-fail|p2a: Kingambit\n|-curestatus|p1b: Dragapult|slp|[msg]\n|move|p1b: Dragapult|Will-O-Wisp|p2b: Amoonguss\n|-status|p2b: Amoonguss|brn\n|\n|-damage|p2b: Amoonguss|63\/100 brn|[from] brn\n|upkeep\n|turn|11\n|inactive|BlindMagneton has 30 seconds left.\n|\n|t:|1681820517\n|switch|p1b: Palafin|Palafin-Hero, L50, M|100\/100\n|-activate|p1b: Palafin|ability: Zero to Hero\n|move|p2b: Amoonguss|Rage Powder|p2b: Amoonguss\n|-singleturn|p2b: Amoonguss|move: Rage Powder\n|move|p1a: Grimmsnarl|Swagger|p2b: Amoonguss\n|-boost|p2b: Amoonguss|atk|2\n|-start|p2b: Amoonguss|confusion\n|move|p2a: Kingambit|Sucker Punch||[still]\n|-fail|p2a: Kingambit\n|\n|-damage|p2b: Amoonguss|57\/100 brn|[from] brn\n|upkeep\n|turn|12\n|inactive|BlindMagneton has 30 seconds left.\n|inactive|BlindMagneton has 20 seconds left.\n|inactive|BlindMagneton has 15 seconds left.\n|\n|t:|1681820560\n|move|p1a: Grimmsnarl|Swagger|p1b: Palafin\n|-boost|p1b: Palafin|atk|2\n|-start|p1b: Palafin|confusion\n|-enditem|p1b: Palafin|Lum Berry|[eat]\n|-end|p1b: Palafin|confusion\n|move|p1b: Palafin|Acrobatics|p2b: Amoonguss\n|-supereffective|p2b: Amoonguss\n|-damage|p2b: Amoonguss|0 fnt\n|faint|p2b: Amoonguss\n|move|p2a: Kingambit|Iron Head|p1a: Grimmsnarl\n|-supereffective|p1a: Grimmsnarl\n|-damage|p1a: Grimmsnarl|0 fnt\n|faint|p1a: Grimmsnarl\n|\n|upkeep\n|\n|t:|1681820572\n|switch|p1a: Dragapult|Dragapult, L50, M, tera:Dark|48\/100\n|switch|p2b: Flutter Mane|Flutter Mane, L50, shiny|100\/100\n|turn|13\n|inactive|BlindMagneton has 30 seconds left.\n|inactive|BlindMagneton has 20 seconds left.\n|\n|t:|1681820600\n|move|p2b: Flutter Mane|Protect|p2b: Flutter Mane\n|-singleturn|p2b: Flutter Mane|Protect\n|move|p1b: Palafin|Jet Punch|p2b: Flutter Mane\n|-activate|p2b: Flutter Mane|move: Protect\n|move|p2a: Kingambit|Sucker Punch||[still]\n|-fail|p2a: Kingambit\n|move|p1a: Dragapult|Will-O-Wisp|p2a: Kingambit\n|-status|p2a: Kingambit|brn\n|-enditem|p2a: Kingambit|Lum Berry|[eat]\n|-curestatus|p2a: Kingambit|brn|[msg]\n|\n|upkeep\n|turn|14\n|inactive|BlindMagneton has 20 seconds left this turn.\n|inactive|BlindMagneton has 15 seconds left.\n|inactive|BlindMagneton has 10 seconds left.\n|inactive|BlindMagneton has 5 seconds left.\n|inactive|Gorkanonymous has 30 seconds left.\n|\n|t:|1681820627\n|move|p1a: Dragapult|Phantom Force||[still]\n|-prepare|p1a: Dragapult|Phantom Force\n|move|p2b: Flutter Mane|Dazzling Gleam|p1b: Palafin|[spread] p1b\n|-miss|p2b: Flutter Mane|p1a: Dragapult\n|-damage|p1b: Palafin|70\/100\n|move|p1b: Palafin|Wave Crash|p2a: Kingambit\n|-damage|p2a: Kingambit|0 fnt\n|faint|p2a: Kingambit\n|-damage|p1b: Palafin|38\/100|[from] Recoil\n|\n|upkeep\n|turn|15\n|inactive|BlindMagneton has 5 seconds left this turn.\n|-message|BlindMagneton lost due to inactivity.\n|\n|win|Gorkanonymous\n|raw|BlindMagneton's rating: 1246 → 1225<\/strong> (-21 for losing)\n|raw|Gorkanonymous's rating: 1302 → 1319<\/strong> (+17 for winning)\n","uploadtime":1681820645,"views":8,"p1id":"blindmagneton","p2id":"gorkanonymous","formatid":"gen9vgc2023regulationc","rating":1225,"private":0,"password":""}