{"id":"gen9vgc2023regulationc-1857894870","p1":"caiobarbalho","p2":"Darnaim","format":"[Gen 9] VGC 2023 Regulation C","log":"|j|\u2606caiobarbalho\n|j|\u2606Darnaim\n|t:|1683244235\n|gametype|doubles\n|player|p1|caiobarbalho|rosa|1120\n|player|p2|Darnaim|bellelba|1000\n|teamsize|p1|6\n|teamsize|p2|6\n|gen|9\n|tier|[Gen 9] VGC 2023 Regulation C\n|rated|\n|rule|Species Clause: Limit one of each Pok\u00e9mon\n|rule|Item Clause: Limit one of each item\n|clearpoke\n|poke|p1|Palafin, L50, F|\n|poke|p1|Flutter Mane, L50|\n|poke|p1|Arcanine, L50, M|\n|poke|p1|Amoonguss, L50, M|\n|poke|p1|Corviknight, L50, M|\n|poke|p1|Baxcalibur, L50, F|\n|poke|p2|Lilligant, L50, F|\n|poke|p2|Torkoal, L50, F|\n|poke|p2|Flutter Mane, L50|\n|poke|p2|Kingambit, L50, F|\n|poke|p2|Dragonite, L50, F|\n|poke|p2|Great Tusk, L50|\n|teampreview|4\n|inactive|Battle timer is ON: inactive players will automatically lose when time's up. (requested by caiobarbalho)\n|\n|t:|1683244263\n|start\n|switch|p1a: Baxcalibur|Baxcalibur, L50, F|100\/100\n|switch|p1b: Arcanine|Arcanine, L50, M|100\/100\n|switch|p2a: Breakthrough|Torkoal, L50, F, shiny|100\/100\n|switch|p2b: TT|Lilligant, L50, F, shiny|100\/100\n|-ability|p1b: Arcanine|Intimidate|boost\n|-unboost|p2a: Breakthrough|atk|1\n|-unboost|p2b: TT|atk|1\n|-weather|SunnyDay|[from] ability: Drought|[of] p2a: Breakthrough\n|turn|1\n|inactive|Darnaim has 30 seconds left.\n|\n|t:|1683244290\n|-terastallize|p1a: Baxcalibur|Ground\n|move|p2b: TT|Protect|p2b: TT\n|-singleturn|p2b: TT|Protect\n|move|p1b: Arcanine|Howl|p1b: Arcanine|[spread] p1a,p1b\n|-boost|p1a: Baxcalibur|atk|1\n|-boost|p1b: Arcanine|atk|1\n|move|p1a: Baxcalibur|Earthquake|p2b: TT|[spread] p1b,p2a\n|-activate|p2b: TT|move: Protect\n|-supereffective|p1b: Arcanine\n|-supereffective|p2a: Breakthrough\n|-damage|p1b: Arcanine|0 fnt\n|-damage|p2a: Breakthrough|12\/100\n|faint|p1b: Arcanine\n|move|p2a: Breakthrough|Earth Power|p1a: Baxcalibur\n|-damage|p1a: Baxcalibur|86\/100\n|\n|-weather|SunnyDay|[upkeep]\n|upkeep\n|\n|t:|1683244306\n|switch|p1b: Corviknight|Corviknight, L50, M, shiny|100\/100\n|turn|2\n|\n|t:|1683244319\n|move|p1a: Baxcalibur|Ice Shard|p2b: TT\n|-supereffective|p2b: TT\n|-enditem|p2b: TT|Focus Sash\n|-damage|p2b: TT|1\/100\n|move|p2b: TT|Leaf Storm|p1a: Baxcalibur\n|-supereffective|p1a: Baxcalibur\n|-damage|p1a: Baxcalibur|10\/100\n|-unboost|p2b: TT|spa|2\n|move|p1b: Corviknight|Brave Bird|p2a: Breakthrough\n|-damage|p2a: Breakthrough|0 fnt\n|faint|p2a: Breakthrough\n|-damage|p1b: Corviknight|97\/100|[from] Recoil\n|\n|-weather|SunnyDay|[upkeep]\n|-heal|p1b: Corviknight|100\/100|[from] item: Leftovers\n|upkeep\n|\n|t:|1683244336\n|switch|p2a: Trouble|Great Tusk, L50, shiny|100\/100\n|-activate|p2a: Trouble|ability: Protosynthesis\n|-start|p2a: Trouble|protosynthesisatk\n|turn|3\n|\n|t:|1683244346\n|move|p2b: TT|Protect|p2b: TT\n|-singleturn|p2b: TT|Protect\n|move|p1a: Baxcalibur|Ice Shard|p2a: Trouble\n|-supereffective|p2a: Trouble\n|-damage|p2a: Trouble|47\/100\n|move|p2a: Trouble|Rock Slide|p1b: Corviknight|[spread] p1a,p1b\n|-resisted|p1a: Baxcalibur\n|-damage|p1a: Baxcalibur|0 fnt\n|-damage|p1b: Corviknight|78\/100\n|faint|p1a: Baxcalibur\n|cant|p1b: Corviknight|flinch\n|\n|-weather|SunnyDay|[upkeep]\n|-heal|p1b: Corviknight|84\/100|[from] item: Leftovers\n|upkeep\n|\n|t:|1683244358\n|switch|p1a: Flutter Mane|Flutter Mane, L50|100\/100\n|-activate|p1a: Flutter Mane|ability: Protosynthesis\n|-start|p1a: Flutter Mane|protosynthesisspe\n|turn|4\n|\n|t:|1683244376\n|move|p2b: TT|Leaf Storm|p1a: Flutter Mane\n|-damage|p1a: Flutter Mane|71\/100\n|-unboost|p2b: TT|spa|2\n|move|p1a: Flutter Mane|Moonblast|p2a: Trouble\n|-supereffective|p2a: Trouble\n|-damage|p2a: Trouble|0 fnt\n|faint|p2a: Trouble\n|-end|p2a: Trouble|Protosynthesis|[silent]\n|move|p1b: Corviknight|Brave Bird|p2b: TT\n|-supereffective|p2b: TT\n|-damage|p2b: TT|0 fnt\n|faint|p2b: TT\n|-damage|p1b: Corviknight|84\/100|[from] Recoil\n|\n|-weather|SunnyDay|[upkeep]\n|-heal|p1b: Corviknight|90\/100|[from] item: Leftovers\n|upkeep\n|\n|t:|1683244393\n|switch|p2a: HOT|Kingambit, L50, F, shiny|100\/100\n|turn|5\n|\n|t:|1683244402\n|-terastallize|p2a: HOT|Fire\n|move|p1a: Flutter Mane|Substitute|p1a: Flutter Mane\n|-start|p1a: Flutter Mane|Substitute\n|-damage|p1a: Flutter Mane|46\/100\n|move|p1b: Corviknight|Bulk Up|p1b: Corviknight\n|-boost|p1b: Corviknight|atk|1\n|-boost|p1b: Corviknight|def|1\n|move|p2a: HOT|Tera Blast|p1b: Corviknight\n|-supereffective|p1b: Corviknight\n|-damage|p1b: Corviknight|15\/100\n|\n|-weather|none\n|-end|p1a: Flutter Mane|Protosynthesis\n|-heal|p1b: Corviknight|21\/100|[from] item: Leftovers\n|upkeep\n|-enditem|p1a: Flutter Mane|Booster Energy\n|-activate|p1a: Flutter Mane|ability: Protosynthesis|[fromitem]\n|-start|p1a: Flutter Mane|protosynthesisspe\n|turn|6\n|\n|t:|1683244423\n|move|p1a: Flutter Mane|Shadow Ball|p2a: HOT\n|-damage|p2a: HOT|73\/100\n|move|p1b: Corviknight|Brave Bird|p2a: HOT\n|-damage|p2a: HOT|12\/100\n|-damage|p1b: Corviknight|0 fnt|[from] Recoil\n|faint|p1b: Corviknight\n|move|p2a: HOT|Tera Blast|p1a: Flutter Mane\n|-end|p1a: Flutter Mane|Substitute\n|\n|upkeep\n|turn|7\n|\n|t:|1683244440\n|move|p1a: Flutter Mane|Protect|p1a: Flutter Mane\n|-singleturn|p1a: Flutter Mane|Protect\n|move|p2a: HOT|Sucker Punch||[still]\n|-fail|p2a: HOT\n|\n|upkeep\n|turn|8\n|\n|t:|1683244447\n|move|p1a: Flutter Mane|Substitute|p1a: Flutter Mane\n|-start|p1a: Flutter Mane|Substitute\n|-damage|p1a: Flutter Mane|22\/100\n|move|p2a: HOT|Kowtow Cleave|p1a: Flutter Mane\n|-end|p1a: Flutter Mane|Substitute\n|\n|upkeep\n|turn|9\n|\n|t:|1683244455\n|move|p1a: Flutter Mane|Protect|p1a: Flutter Mane\n|-singleturn|p1a: Flutter Mane|Protect\n|move|p2a: HOT|Sucker Punch||[still]\n|-fail|p2a: HOT\n|\n|upkeep\n|turn|10\n|\n|t:|1683244462\n|move|p1a: Flutter Mane|Protect|p1a: Flutter Mane\n|-singleturn|p1a: Flutter Mane|Protect\n|move|p2a: HOT|Sucker Punch||[still]\n|-fail|p2a: HOT\n|\n|upkeep\n|turn|11\n|\n|t:|1683244472\n|move|p1a: Flutter Mane|Shadow Ball|p2a: HOT\n|-damage|p2a: HOT|0 fnt\n|faint|p2a: HOT\n|\n|win|caiobarbalho\n|raw|caiobarbalho's rating: 1120 → 1137<\/strong> (+17 for winning)\n|raw|Darnaim's rating: 1000 → 1000<\/strong> (+0 for losing)\n|l|\u2606Darnaim\n","uploadtime":1683244487,"views":13,"p1id":"caiobarbalho","p2id":"darnaim","formatid":"gen9vgc2023regulationc","rating":1000,"private":0,"password":""}