{"id":"gen9vgc2023regulationc-1849795073","p1":"NemesisRider","p2":"BlindMagneton","format":"[Gen 9] VGC 2023 Regulation C","log":"|j|\u2606NemesisRider\n|j|\u2606BlindMagneton\n|t:|1682252895\n|gametype|doubles\n|player|p1|NemesisRider|102|1430\n|player|p2|BlindMagneton|wattson|1339\n|teamsize|p1|6\n|teamsize|p2|6\n|gen|9\n|tier|[Gen 9] VGC 2023 Regulation C\n|rated|\n|rule|Species Clause: Limit one of each Pok\u00e9mon\n|rule|Item Clause: Limit one of each item\n|clearpoke\n|poke|p1|Flutter Mane, L50|\n|poke|p1|Amoonguss, L50, M|\n|poke|p1|Baxcalibur, L50, M|\n|poke|p1|Talonflame, L50, F|\n|poke|p1|Bruxish, L50, F|\n|poke|p1|Iron Hands, L50|\n|poke|p2|Scream Tail, L50|\n|poke|p2|Wo-Chien, L50|\n|poke|p2|Maushold, L50|\n|poke|p2|Grimmsnarl, L50, M|\n|poke|p2|Chien-Pao, L50|\n|poke|p2|Dragapult, L50, F|\n|teampreview|4\n|inactive|Battle timer is ON: inactive players will automatically lose when time's up. (requested by NemesisRider)\nNemesisRider has agreed to open team sheets.\n|inactive|BlindMagneton has 60 seconds left.\n|inactive|BlindMagneton has 30 seconds left.\n|\n|t:|1682252999\n|start\n|switch|p1a: Smogon Bird|Talonflame, L50, F|100\/100\n|switch|p1b: Lando-T|Flutter Mane, L50|100\/100\n|switch|p2a: Grimmsnarl|Grimmsnarl, L50, M|100\/100\n|switch|p2b: Maushold|Maushold, L50|100\/100\n|turn|1\n|inactive|BlindMagneton has 30 seconds left.\n|\n|t:|1682253029\n|-end|p1b: Lando-T|Protosynthesis|[silent]\n|switch|p1b: WTF|Bruxish, L50, F, shiny|100\/100\n|move|p2a: Grimmsnarl|Thunder Wave||[still]\n|cant|p1b: WTF|ability: Dazzling|Thunder Wave|[of] p2a: Grimmsnarl\n|move|p1a: Smogon Bird|Will-O-Wisp|p2b: Maushold\n|-status|p2b: Maushold|brn\n|move|p2b: Maushold|Population Bomb|p1b: WTF\n|-damage|p1b: WTF|93\/100\n|-damage|p1b: WTF|86\/100\n|-damage|p1b: WTF|79\/100\n|-damage|p1b: WTF|72\/100\n|-damage|p1b: WTF|64\/100\n|-damage|p1b: WTF|57\/100\n|-damage|p1b: WTF|50\/100\n|-damage|p1b: WTF|43\/100\n|-damage|p1b: WTF|35\/100\n|-damage|p1b: WTF|28\/100\n|-hitcount|p1b: WTF|10\n|\n|-damage|p2b: Maushold|94\/100 brn|[from] brn\n|upkeep\n|turn|2\n|inactive|BlindMagneton has 30 seconds left.\n|inactive|BlindMagneton has 20 seconds left.\n|inactive|BlindMagneton has 15 seconds left.\n|inactive|BlindMagneton has 10 seconds left.\n|\n|t:|1682253076\n|switch|p2a: Wo-Chien|Wo-Chien, L50|100\/100\n|-ability|p2a: Wo-Chien|Tablets of Ruin\n|move|p1b: WTF|Protect|p1b: WTF\n|-singleturn|p1b: WTF|Protect\n|move|p1a: Smogon Bird|Taunt|p2a: Wo-Chien\n|-start|p2a: Wo-Chien|move: Taunt\n|move|p2b: Maushold|Encore|p1a: Smogon Bird\n|-start|p1a: Smogon Bird|Encore\n|\n|-damage|p2b: Maushold|88\/100 brn|[from] brn\n|upkeep\n|turn|3\n|inactive|NemesisRider has 30 seconds left.\n|inactive|BlindMagneton has 30 seconds left.\n|inactive|BlindMagneton has 20 seconds left.\n|\n|t:|1682253112\n|switch|p1a: Godzilla 2|Baxcalibur, L50, M|100\/100\n|switch|p1b: Lando-T|Flutter Mane, L50|100\/100\n|move|p2b: Maushold|Population Bomb|p1a: Godzilla 2\n|-damage|p1a: Godzilla 2|98\/100\n|-damage|p1a: Godzilla 2|94\/100\n|-damage|p1a: Godzilla 2|91\/100\n|-damage|p1a: Godzilla 2|88\/100\n|-damage|p1a: Godzilla 2|84\/100\n|-damage|p1a: Godzilla 2|81\/100\n|-damage|p1a: Godzilla 2|78\/100\n|-damage|p1a: Godzilla 2|74\/100\n|-damage|p1a: Godzilla 2|71\/100\n|-damage|p1a: Godzilla 2|68\/100\n|-hitcount|p1a: Godzilla 2|10\n|move|p2a: Wo-Chien|Foul Play|p1b: Lando-T\n|-crit|p1b: Lando-T\n|-damage|p1b: Lando-T|60\/100\n|\n|-damage|p2b: Maushold|82\/100 brn|[from] brn\n|upkeep\n|turn|4\n|inactive|BlindMagneton has 30 seconds left.\n|inactive|NemesisRider has 30 seconds left.\n|inactive|BlindMagneton has 20 seconds left.\n|inactive|BlindMagneton has 15 seconds left.\n|inactive|NemesisRider has 20 seconds left.\n|inactive|BlindMagneton has 10 seconds left.\n|inactive|BlindMagneton has 5 seconds left.\n|\n|t:|1682253164\n|-terastallize|p1b: Lando-T|Fairy\n|-terastallize|p2a: Wo-Chien|Fire\n|move|p2b: Maushold|Follow Me|p2b: Maushold\n|-singleturn|p2b: Maushold|move: Follow Me\n|move|p1b: Lando-T|Moonblast|p2b: Maushold\n|-damage|p2b: Maushold|0 fnt\n|faint|p2b: Maushold\n|move|p1a: Godzilla 2|Swords Dance|p1a: Godzilla 2\n|-boost|p1a: Godzilla 2|atk|2\n|move|p2a: Wo-Chien|Giga Drain|p1b: Lando-T\n|-damage|p1b: Lando-T|35\/100\n|\n|-end|p2a: Wo-Chien|move: Taunt\n|upkeep\n|\n|t:|1682253179\n|switch|p2b: Grimmsnarl|Grimmsnarl, L50, M|100\/100\n|turn|5\n|inactive|BlindMagneton has 30 seconds left.\n|inactive|BlindMagneton has 20 seconds left.\n|\n|t:|1682253214\n|switch|p1a: WTF|Bruxish, L50, F, shiny|28\/100\n|move|p1b: Lando-T|Moonblast|p2b: Grimmsnarl\n|-supereffective|p2b: Grimmsnarl\n|-enditem|p2b: Grimmsnarl|Focus Sash\n|-damage|p2b: Grimmsnarl|1\/100\n|move|p2b: Grimmsnarl|Drain Punch|p1a: WTF\n|-resisted|p1a: WTF\n|-damage|p1a: WTF|14\/100\n|-heal|p2b: Grimmsnarl|8\/100|[from] drain|[of] p1a: WTF\n|move|p2a: Wo-Chien|Foul Play|p1a: WTF\n|-supereffective|p1a: WTF\n|-damage|p1a: WTF|0 fnt\n|faint|p1a: WTF\n|\n|upkeep\n|inactive|NemesisRider has 30 seconds left.\n|\n|t:|1682253240\n|switch|p1a: Smogon Bird|Talonflame, L50, F|100\/100\n|turn|6\n|inactive|BlindMagneton has 30 seconds left.\n|\n|t:|1682253267\n|-end|p1b: Lando-T|Protosynthesis|[silent]\n|switch|p1b: Godzilla 2|Baxcalibur, L50, M|68\/100\n|move|p1a: Smogon Bird|Brave Bird|p2b: Grimmsnarl\n|-damage|p2b: Grimmsnarl|0 fnt\n|faint|p2b: Grimmsnarl\n|-damage|p1a: Smogon Bird|98\/100|[from] Recoil\n|move|p2a: Wo-Chien|Leech Seed|p1a: Smogon Bird\n|-start|p1a: Smogon Bird|move: Leech Seed\n|\n|-damage|p1a: Smogon Bird|86\/100|[from] Leech Seed|[of] p2a: Wo-Chien\n|upkeep\n|\n|t:|1682253277\n|switch|p2b: Dragapult|Dragapult, L50, F|100\/100\n|turn|7\n|\n|t:|1682253295\n|move|p1b: Godzilla 2|Protect|p1b: Godzilla 2\n|-singleturn|p1b: Godzilla 2|Protect\n|move|p2b: Dragapult|Dragon Darts|p1a: Smogon Bird\n|-damage|p1a: Smogon Bird|60\/100\n|-anim|p2b: Dragapult|Dragon Darts|p1a: Smogon Bird\n|-damage|p1a: Smogon Bird|36\/100\n|move|p1a: Smogon Bird|Will-O-Wisp|p2b: Dragapult\n|-status|p2b: Dragapult|brn\n|move|p2a: Wo-Chien|Leech Seed||[still]\n|-fail|p2a: Wo-Chien\n|\n|-damage|p1a: Smogon Bird|24\/100|[from] Leech Seed|[of] p2a: Wo-Chien\n|-damage|p2b: Dragapult|94\/100 brn|[from] brn\n|upkeep\n|turn|8\n|inactive|BlindMagneton has 30 seconds left.\n|\n|t:|1682253320\n|move|p2b: Dragapult|Dragon Darts|p1a: Smogon Bird\n|-damage|p1a: Smogon Bird|10\/100\n|-anim|p2b: Dragapult|Dragon Darts|p1b: Godzilla 2\n|-supereffective|p1b: Godzilla 2\n|-damage|p1b: Godzilla 2|53\/100\n|move|p1a: Smogon Bird|Taunt|p2a: Wo-Chien\n|-start|p2a: Wo-Chien|move: Taunt\n|move|p1b: Godzilla 2|Glaive Rush|p2b: Dragapult\n|-supereffective|p2b: Dragapult\n|-damage|p2b: Dragapult|0 fnt\n|-singlemove|p1b: Godzilla 2|Glaive Rush|[silent]\n|faint|p2b: Dragapult\n|move|p2a: Wo-Chien|Foul Play|p1b: Godzilla 2\n|-damage|p1b: Godzilla 2|0 fnt\n|faint|p1b: Godzilla 2\n|\n|-damage|p1a: Smogon Bird|0 fnt|[from] Leech Seed|[of] p2a: Wo-Chien\n|faint|p1a: Smogon Bird\n|upkeep\n|\n|t:|1682253331\n|switch|p1b: Lando-T|Flutter Mane, L50, tera:Fairy|35\/100\n|turn|9\n|\n|t:|1682253340\n|move|p1b: Lando-T|Shadow Ball|p2a: Wo-Chien\n|-damage|p2a: Wo-Chien|61\/100\n|-unboost|p2a: Wo-Chien|spd|1\n|move|p2a: Wo-Chien|Giga Drain|p1b: Lando-T\n|-crit|p1b: Lando-T\n|-damage|p1b: Lando-T|0 fnt\n|-heal|p2a: Wo-Chien|78\/100|[from] drain|[of] p1b: Lando-T\n|faint|p1b: Lando-T\n|-end|p1b: Lando-T|Protosynthesis|[silent]\n|\n|win|BlindMagneton\n|raw|NemesisRider's rating: 1430 → 1405<\/strong> (-25 for losing)\n|raw|BlindMagneton's rating: 1339 → 1364<\/strong> (+25 for winning)\n","uploadtime":1682253351,"views":17,"p1id":"nemesisrider","p2id":"blindmagneton","formatid":"gen9vgc2023regulationc","rating":1364,"private":0,"password":""}