{"id":"gen9vgc2023regulationc-1857073284","p1":"W0Ch3in","p2":"TrainerDylan24","format":"[Gen 9] VGC 2023 Regulation C","log":"|j|\u2606W0Ch3in\n|j|\u2606TrainerDylan24\n|t:|1683143147\n|gametype|doubles\n|player|p1|W0Ch3in|clown|1206\n|player|p2|TrainerDylan24|grimsley|1224\n|teamsize|p1|6\n|teamsize|p2|6\n|gen|9\n|tier|[Gen 9] VGC 2023 Regulation C\n|rated|\n|rule|Species Clause: Limit one of each Pok\u00e9mon\n|rule|Item Clause: Limit one of each item\n|clearpoke\n|poke|p1|Orthworm, L50, F|\n|poke|p1|Great Tusk, L50|\n|poke|p1|Talonflame, L50, F|\n|poke|p1|Dragonite, L50, F|\n|poke|p1|Chien-Pao, L50|\n|poke|p1|Annihilape, L50, M|\n|poke|p2|Pincurchin, L50, F|\n|poke|p2|Iron Moth, L50|\n|poke|p2|Rotom-Wash, L50|\n|poke|p2|Baxcalibur, L50, F|\n|poke|p2|Wo-Chien, L50|\n|poke|p2|Iron Treads, L50|\n|teampreview|4\n|inactive|Battle timer is ON: inactive players will automatically lose when time's up. (requested by W0Ch3in)\n|\n|t:|1683143189\n|start\n|switch|p1a: Annihilape|Annihilape, L50, M|100\/100\n|switch|p1b: Orthworm|Orthworm, L50, F|100\/100\n|switch|p2a: Rotom|Rotom-Wash, L50|100\/100\n|switch|p2b: Wo-Chien|Wo-Chien, L50|100\/100\n|-ability|p2b: Wo-Chien|Tablets of Ruin\n|turn|1\n|\n|t:|1683143206\n|-terastallize|p1b: Orthworm|Electric\n|move|p1a: Annihilape|Final Gambit|p2a: Rotom\n|-damage|p2a: Rotom|0 fnt\n|faint|p1a: Annihilape\n|faint|p2a: Rotom\n|move|p2b: Wo-Chien|Leech Seed|p1b: Orthworm\n|-start|p1b: Orthworm|move: Leech Seed\n|move|p1b: Orthworm|Body Press|p2b: Wo-Chien\n|-supereffective|p2b: Wo-Chien\n|-damage|p2b: Wo-Chien|68\/100\n|\n|-heal|p2b: Wo-Chien|74\/100|[from] item: Leftovers\n|-damage|p1b: Orthworm|88\/100|[from] Leech Seed|[of] p2b: Wo-Chien\n|-heal|p2b: Wo-Chien|88\/100|[silent]\n|upkeep\n|\n|t:|1683143219\n|switch|p2a: Iron Treads|Iron Treads, L50|100\/100\n|switch|p1a: Great Tusk|Great Tusk, L50|100\/100\n|-enditem|p2a: Iron Treads|Booster Energy\n|-activate|p2a: Iron Treads|ability: Quark Drive|[fromitem]\n|-start|p2a: Iron Treads|quarkdrivespe\n|turn|2\n|\n|t:|1683143231\n|move|p2a: Iron Treads|Stomping Tantrum|p1b: Orthworm\n|-heal|p1b: Orthworm|100\/100|[from] ability: Earth Eater|[of] p2a: Iron Treads\n|move|p1a: Great Tusk|Earthquake|p2a: Iron Treads|[spread] p2a,p2b\n|-immune|p1b: Orthworm|[from] ability: Earth Eater\n|-supereffective|p2a: Iron Treads\n|-resisted|p2b: Wo-Chien\n|-damage|p2a: Iron Treads|24\/100\n|-damage|p2b: Wo-Chien|71\/100\n|-damage|p1a: Great Tusk|90\/100|[from] item: Life Orb\n|move|p2b: Wo-Chien|Giga Drain|p1a: Great Tusk\n|-supereffective|p1a: Great Tusk\n|-damage|p1a: Great Tusk|0 fnt\n|-heal|p2b: Wo-Chien|100\/100|[from] drain|[of] p1a: Great Tusk\n|faint|p1a: Great Tusk\n|-end|p1a: Great Tusk|Protosynthesis|[silent]\n|move|p1b: Orthworm|Body Press|p2b: Wo-Chien\n|-supereffective|p2b: Wo-Chien\n|-damage|p2b: Wo-Chien|68\/100\n|\n|-heal|p2b: Wo-Chien|74\/100|[from] item: Leftovers\n|-damage|p1b: Orthworm|88\/100|[from] Leech Seed|[of] p2b: Wo-Chien\n|-heal|p2b: Wo-Chien|88\/100|[silent]\n|upkeep\n|\n|t:|1683143242\n|switch|p1a: Dragonite|Dragonite, L50, F|100\/100\n|turn|3\n|\n|t:|1683143250\n|move|p2a: Iron Treads|Ice Spinner|p1a: Dragonite\n|-supereffective|p1a: Dragonite\n|-damage|p1a: Dragonite|54\/100\n|move|p1a: Dragonite|Ice Spinner|p2b: Wo-Chien\n|-supereffective|p2b: Wo-Chien\n|-damage|p2b: Wo-Chien|31\/100\n|move|p2b: Wo-Chien|Ruination|p1b: Orthworm\n|-damage|p1b: Orthworm|44\/100\n|move|p1b: Orthworm|Earthquake|p2b: Wo-Chien|[spread] p2a,p2b\n|-immune|p1a: Dragonite\n|-supereffective|p2a: Iron Treads\n|-resisted|p2b: Wo-Chien\n|-damage|p2a: Iron Treads|0 fnt\n|-damage|p2b: Wo-Chien|25\/100\n|faint|p2a: Iron Treads\n|-end|p2a: Iron Treads|Quark Drive|[silent]\n|\n|-heal|p2b: Wo-Chien|31\/100|[from] item: Leftovers\n|-damage|p1b: Orthworm|32\/100|[from] Leech Seed|[of] p2b: Wo-Chien\n|-heal|p2b: Wo-Chien|45\/100|[silent]\n|upkeep\n|\n|t:|1683143254\n|switch|p2a: Iron Moth|Iron Moth, L50|100\/100\n|turn|4\n|\n|t:|1683143273\n|move|p2b: Wo-Chien|Protect|p2b: Wo-Chien\n|-singleturn|p2b: Wo-Chien|Protect\n|move|p2a: Iron Moth|Dazzling Gleam|p1b: Orthworm|[spread] p1a,p1b\n|-supereffective|p1a: Dragonite\n|-damage|p1a: Dragonite|0 fnt\n|-damage|p1b: Orthworm|14\/100\n|faint|p1a: Dragonite\n|move|p1b: Orthworm|Earthquake|p2b: Wo-Chien|[spread] p2a\n|-activate|p2b: Wo-Chien|move: Protect\n|-supereffective|p2a: Iron Moth\n|-damage|p2a: Iron Moth|7\/100\n|\n|-heal|p2b: Wo-Chien|51\/100|[from] item: Leftovers\n|-damage|p1b: Orthworm|2\/100|[from] Leech Seed|[of] p2b: Wo-Chien\n|-heal|p2b: Wo-Chien|64\/100|[silent]\n|upkeep\n|turn|5\n|\n|t:|1683143287\n|move|p2a: Iron Moth|Fiery Dance|p1b: Orthworm\n|-damage|p1b: Orthworm|0 fnt\n|-boost|p2a: Iron Moth|spa|1\n|faint|p1b: Orthworm\n|\n|win|TrainerDylan24\n|raw|W0Ch3in's rating: 1206 → 1182<\/strong> (-24 for losing)\n|raw|TrainerDylan24's rating: 1224 → 1248<\/strong> (+24 for winning)\n|l|\u2606W0Ch3in\n","uploadtime":1683143294,"views":7,"p1id":"w0ch3in","p2id":"trainerdylan24","formatid":"gen9vgc2023regulationc","rating":1182,"private":0,"password":""}