{"id":"gen9vgc2023regulationc-1859085744","p1":"Dynamo22","p2":"GamerShawty","format":"[Gen 9] VGC 2023 Regulation C","log":"|j|\u2606Dynamo22\n|j|\u2606GamerShawty\n|t:|1683402702\n|gametype|doubles\n|player|p1|Dynamo22|169|1323\n|player|p2|GamerShawty|1|1254\n|teamsize|p1|6\n|teamsize|p2|6\n|gen|9\n|tier|[Gen 9] VGC 2023 Regulation C\n|rated|\n|rule|Species Clause: Limit one of each Pok\u00e9mon\n|rule|Item Clause: Limit one of each item\n|clearpoke\n|poke|p1|Seviper, L50, F|\n|poke|p1|Wo-Chien, L50|\n|poke|p1|Flutter Mane, L50|\n|poke|p1|Gyarados, L50, M|\n|poke|p1|Rabsca, L50, F|\n|poke|p1|Klefki, L50, M|\n|poke|p2|Dragonite, L50, M|\n|poke|p2|Bronzong, L50|\n|poke|p2|Ting-Lu, L50|\n|poke|p2|Amoonguss, L50, M|\n|poke|p2|Flutter Mane, L50|\n|poke|p2|Arcanine, L50, M|\n|teampreview|4\n|\n|t:|1683402743\n|start\n|switch|p1a: Seviper|Seviper, L50, F|100\/100\n|switch|p1b: Wo-Chien|Wo-Chien, L50|100\/100\n|switch|p2a: Ting-Lu|Ting-Lu, L50|100\/100\n|switch|p2b: Dragonite|Dragonite, L50, M|100\/100\n|-ability|p1b: Wo-Chien|Tablets of Ruin\n|-ability|p2a: Ting-Lu|Vessel of Ruin\n|turn|1\n|\n|t:|1683402759\n|switch|p1a: Gyarados|Gyarados, L50, M|100\/100\n|-ability|p1a: Gyarados|Intimidate|boost\n|-unboost|p2a: Ting-Lu|atk|1\n|-unboost|p2b: Dragonite|atk|1\n|move|p2b: Dragonite|Low Kick|p1b: Wo-Chien\n|-supereffective|p1b: Wo-Chien\n|-damage|p1b: Wo-Chien|55\/100\n|move|p1b: Wo-Chien|Leech Seed|p2b: Dragonite\n|-start|p2b: Dragonite|move: Leech Seed\n|move|p2a: Ting-Lu|Earthquake|p1a: Gyarados|[spread] p1b\n|-immune|p2b: Dragonite\n|-immune|p1a: Gyarados\n|-resisted|p1b: Wo-Chien\n|-damage|p1b: Wo-Chien|47\/100\n|\n|-heal|p1b: Wo-Chien|53\/100|[from] item: Leftovers\n|-damage|p2b: Dragonite|88\/100|[from] Leech Seed|[of] p1b: Wo-Chien\n|-heal|p1b: Wo-Chien|66\/100|[silent]\n|upkeep\n|turn|2\n|\n|t:|1683402781\n|switch|p2b: Bronzong|Bronzong, L50|100\/100\n|move|p1a: Gyarados|Dragon Dance|p1a: Gyarados\n|-boost|p1a: Gyarados|atk|1\n|-boost|p1a: Gyarados|spe|1\n|move|p1b: Wo-Chien|Leech Seed|p2a: Ting-Lu|[miss]\n|-miss|p1b: Wo-Chien|p2a: Ting-Lu\n|move|p2a: Ting-Lu|Ruination|p1a: Gyarados|[miss]\n|-miss|p2a: Ting-Lu|p1a: Gyarados\n|\n|-heal|p1b: Wo-Chien|72\/100|[from] item: Leftovers\n|upkeep\n|turn|3\n|\n|t:|1683402805\n|move|p1a: Gyarados|Waterfall|p2a: Ting-Lu\n|-supereffective|p2a: Ting-Lu\n|-damage|p2a: Ting-Lu|48\/100\n|move|p1b: Wo-Chien|Leech Seed|p2b: Bronzong\n|-start|p2b: Bronzong|move: Leech Seed\n|move|p2a: Ting-Lu|Ruination|p1a: Gyarados\n|-damage|p1a: Gyarados|51\/100\n|move|p2b: Bronzong|Iron Defense|p2b: Bronzong\n|-boost|p2b: Bronzong|def|2\n|-enditem|p1a: Gyarados|Mirror Herb\n|-boost|p1a: Gyarados|def|2|[from] item: Mirror Herb\n|\n|-heal|p1b: Wo-Chien|78\/100|[from] item: Leftovers\n|-damage|p2b: Bronzong|88\/100|[from] Leech Seed|[of] p1b: Wo-Chien\n|-heal|p1b: Wo-Chien|89\/100|[silent]\n|upkeep\n|turn|4\n|\n|t:|1683402831\n|move|p1a: Gyarados|Waterfall|p2a: Ting-Lu\n|-supereffective|p2a: Ting-Lu\n|-damage|p2a: Ting-Lu|0 fnt\n|faint|p2a: Ting-Lu\n|move|p1b: Wo-Chien|Pollen Puff|p1a: Gyarados\n|-heal|p1a: Gyarados|100\/100\n|move|p2b: Bronzong|Body Press|p1a: Gyarados\n|-resisted|p1a: Gyarados\n|-damage|p1a: Gyarados|88\/100\n|\n|-heal|p1b: Wo-Chien|95\/100|[from] item: Leftovers\n|-heal|p2b: Bronzong|94\/100|[from] item: Leftovers\n|-damage|p2b: Bronzong|82\/100|[from] Leech Seed|[of] p1b: Wo-Chien\n|-heal|p1b: Wo-Chien|100\/100|[silent]\n|upkeep\n|\n|t:|1683402839\n|switch|p2a: Amoonguss|Amoonguss, L50, M|100\/100\n|turn|5\n|\n|t:|1683402851\n|move|p1a: Gyarados|Ice Fang|p2a: Amoonguss\n|-supereffective|p2a: Amoonguss\n|-damage|p2a: Amoonguss|59\/100\n|-status|p2a: Amoonguss|frz\n|move|p1b: Wo-Chien|Snarl|p2a: Amoonguss|[spread] p2a,p2b\n|-supereffective|p2b: Bronzong\n|-damage|p2a: Amoonguss|46\/100 frz\n|-damage|p2b: Bronzong|51\/100\n|-unboost|p2a: Amoonguss|spa|1\n|-unboost|p2b: Bronzong|spa|1\n|-enditem|p2a: Amoonguss|Sitrus Berry|[eat]\n|-heal|p2a: Amoonguss|71\/100 frz|[from] item: Sitrus Berry\n|cant|p2a: Amoonguss|frz\n|move|p2b: Bronzong|Trick Room|p2b: Bronzong\n|-fieldstart|move: Trick Room|[of] p2b: Bronzong\n|\n|-heal|p2b: Bronzong|57\/100|[from] item: Leftovers\n|-damage|p2b: Bronzong|45\/100|[from] Leech Seed|[of] p1b: Wo-Chien\n|upkeep\n|turn|6\n|\n|t:|1683402873\n|-curestatus|p2a: Amoonguss|frz|[msg]\n|move|p2a: Amoonguss|Spore|p1a: Gyarados\n|-status|p1a: Gyarados|slp|[from] move: Spore\n|move|p2b: Bronzong|Body Press|p1b: Wo-Chien\n|-supereffective|p1b: Wo-Chien\n|-damage|p1b: Wo-Chien|22\/100\n|move|p1b: Wo-Chien|Snarl|p2a: Amoonguss|[spread] p2a,p2b\n|-supereffective|p2b: Bronzong\n|-damage|p2a: Amoonguss|58\/100\n|-damage|p2b: Bronzong|16\/100\n|-unboost|p2a: Amoonguss|spa|1\n|-unboost|p2b: Bronzong|spa|1\n|cant|p1a: Gyarados|slp\n|\n|-heal|p2b: Bronzong|22\/100|[from] item: Leftovers\n|-heal|p1b: Wo-Chien|29\/100|[from] item: Leftovers\n|-damage|p2b: Bronzong|10\/100|[from] Leech Seed|[of] p1b: Wo-Chien\n|-heal|p1b: Wo-Chien|40\/100|[silent]\n|upkeep\n|turn|7\n|\n|t:|1683402897\n|move|p1b: Wo-Chien|Protect|p1b: Wo-Chien\n|-singleturn|p1b: Wo-Chien|Protect\n|move|p2a: Amoonguss|Pollen Puff|p2b: Bronzong\n|-heal|p2b: Bronzong|60\/100\n|move|p2b: Bronzong|Body Press|p1b: Wo-Chien\n|-activate|p1b: Wo-Chien|move: Protect\n|cant|p1a: Gyarados|slp\n|\n|-heal|p2b: Bronzong|65\/100|[from] item: Leftovers\n|-heal|p1b: Wo-Chien|46\/100|[from] item: Leftovers\n|-damage|p2b: Bronzong|53\/100|[from] Leech Seed|[of] p1b: Wo-Chien\n|-heal|p1b: Wo-Chien|57\/100|[silent]\n|upkeep\n|turn|8\n|\n|t:|1683402914\n|switch|p1b: Seviper|Seviper, L50, F|100\/100\n|move|p2a: Amoonguss|Pollen Puff|p2b: Bronzong\n|-heal|p2b: Bronzong|100\/100\n|move|p2b: Bronzong|Body Press|p1b: Seviper\n|-resisted|p1b: Seviper\n|-damage|p1b: Seviper|62\/100\n|-curestatus|p1a: Gyarados|slp|[msg]\n|move|p1a: Gyarados|Ice Fang|p2a: Amoonguss\n|-supereffective|p2a: Amoonguss\n|-damage|p2a: Amoonguss|2\/100\n|\n|-damage|p2b: Bronzong|88\/100|[from] Leech Seed|[of] p1b: Seviper\n|-heal|p1b: Seviper|74\/100|[silent]\n|upkeep\n|turn|9\n|\n|t:|1683402936\n|move|p2a: Amoonguss|Clear Smog|p1a: Gyarados\n|-damage|p1a: Gyarados|82\/100\n|-clearboost|p1a: Gyarados\n|move|p2b: Bronzong|Iron Defense|p2b: Bronzong\n|-boost|p2b: Bronzong|def|2\n|move|p1b: Seviper|Poison Fang|p2a: Amoonguss\n|-damage|p2a: Amoonguss|0 fnt\n|faint|p2a: Amoonguss\n|move|p1a: Gyarados|Waterfall|p2b: Bronzong\n|-damage|p2b: Bronzong|78\/100\n|\n|-heal|p2b: Bronzong|84\/100|[from] item: Leftovers\n|-damage|p2b: Bronzong|72\/100|[from] Leech Seed|[of] p1b: Seviper\n|-heal|p1b: Seviper|85\/100|[silent]\n|-fieldend|move: Trick Room\n|upkeep\n|\n|t:|1683402938\n|switch|p2a: Dragonite|Dragonite, L50, M|88\/100\n|turn|10\n|\n|t:|1683402962\n|-terastallize|p2a: Dragonite|Flying\n|move|p1a: Gyarados|Ice Fang|p2a: Dragonite\n|-supereffective|p2a: Dragonite\n|-damage|p2a: Dragonite|45\/100\n|move|p2a: Dragonite|Tera Blast|p1a: Gyarados\n|-damage|p1a: Gyarados|0 fnt\n|faint|p1a: Gyarados\n|move|p1b: Seviper|Wrap|p2b: Bronzong\n|-resisted|p2b: Bronzong\n|-damage|p2b: Bronzong|71\/100\n|-activate|p2b: Bronzong|move: Wrap|[of] p1b: Seviper\n|move|p2b: Bronzong|Body Press|p1b: Seviper\n|-resisted|p1b: Seviper\n|-damage|p1b: Seviper|30\/100\n|\n|-heal|p2b: Bronzong|77\/100|[from] item: Leftovers\n|-damage|p2b: Bronzong|65\/100|[from] Leech Seed|[of] p1b: Seviper\n|-heal|p1b: Seviper|42\/100|[silent]\n|-damage|p2b: Bronzong|53\/100|[from] move: Wrap|[partiallytrapped]\n|upkeep\n|\n|t:|1683402982\n|switch|p1a: Flutter Mane|Flutter Mane, L50|100\/100\n|-enditem|p1a: Flutter Mane|Booster Energy\n|-activate|p1a: Flutter Mane|ability: Protosynthesis|[fromitem]\n|-start|p1a: Flutter Mane|protosynthesisspa\n|turn|11\n|\n|t:|1683402998\n|move|p1a: Flutter Mane|Shadow Ball|p2a: Dragonite\n|-damage|p2a: Dragonite|0 fnt\n|faint|p2a: Dragonite\n|move|p1b: Seviper|Snarl|p2b: Bronzong\n|-supereffective|p2b: Bronzong\n|-damage|p2b: Bronzong|31\/100\n|-unboost|p2b: Bronzong|spa|1\n|move|p2b: Bronzong|Body Press|p1b: Seviper\n|-resisted|p1b: Seviper\n|-damage|p1b: Seviper|0 fnt\n|faint|p1b: Seviper\n|\n|-heal|p2b: Bronzong|37\/100|[from] item: Leftovers\n|-end|p2b: Bronzong|Wrap|[partiallytrapped]|[silent]\n|upkeep\n|-message|GamerShawty forfeited.\n|\n|win|Dynamo22\n|raw|Dynamo22's rating: 1323 → 1339<\/strong> (+16 for winning)\n|raw|GamerShawty's rating: 1254 → 1234<\/strong> (-20 for losing)\n|l|\u2606GamerShawty\n","uploadtime":1683403017,"views":12,"p1id":"dynamo22","p2id":"gamershawty","formatid":"gen9vgc2023regulationc","rating":1234,"private":0,"password":""}