{"id":"gen9vgc2023regulationc-1860123751","p1":"callmerocco75","p2":"DrChocolateMD","format":"[Gen 9] VGC 2023 Regulation C","log":"|j|\u2606callmerocco75\n|j|\u2606DrChocolateMD\n|t:|1683598003\n|gametype|doubles\n|player|p1|callmerocco75|firebreather|\n|player|p2|DrChocolateMD|cyrus|\n|teamsize|p1|6\n|teamsize|p2|6\n|gen|9\n|tier|[Gen 9] VGC 2023 Regulation C\n|rule|Species Clause: Limit one of each Pok\u00e9mon\n|rule|Item Clause: Limit one of each item\n|clearpoke\n|poke|p1|Garganacl, L50, F|\n|poke|p1|Tyranitar, L50, F|\n|poke|p1|Gastrodon, L50, M|\n|poke|p1|Rotom-Heat, L50|\n|poke|p1|Toxapex, L50, M|\n|poke|p1|Houndstone, L50, F|\n|poke|p2|Iron Bundle, L50|\n|poke|p2|Baxcalibur, L50, M|\n|poke|p2|Hydreigon, L50, F|\n|poke|p2|Gengar, L50, F|\n|poke|p2|Lucario, L50, M|\n|poke|p2|Kingambit, L50, F|\n|teampreview|4\n|j| Pinapplehead\nDrChocolateMD rejected open team sheets.\n|l| Pinapplehead\n|\n|t:|1683598074\n|start\n|switch|p1a: Garganacl|Garganacl, L50, F|100\/100\n|switch|p1b: Rotom|Rotom-Heat, L50|100\/100\n|switch|p2a: Iron Bundle|Iron Bundle, L50|100\/100\n|switch|p2b: Lucario|Lucario, L50, M|100\/100\n|-enditem|p2a: Iron Bundle|Booster Energy\n|-activate|p2a: Iron Bundle|ability: Quark Drive|[fromitem]\n|-start|p2a: Iron Bundle|quarkdrivespe\n|turn|1\n|\n|t:|1683598116\n|switch|p1a: Tyranitar|Tyranitar, L50, F|100\/100\n|-weather|Sandstorm|[from] ability: Sand Stream|[of] p1a: Tyranitar\n|move|p2a: Iron Bundle|Hydro Pump|p1b: Rotom\n|-supereffective|p1b: Rotom\n|-damage|p1b: Rotom|0 fnt\n|faint|p1b: Rotom\n|move|p2b: Lucario|Drain Punch|p1a: Tyranitar\n|-supereffective|p1a: Tyranitar\n|-damage|p1a: Tyranitar|0 fnt\n|faint|p1a: Tyranitar\n|\n|-weather|Sandstorm|[upkeep]\n|-damage|p2a: Iron Bundle|94\/100|[from] Sandstorm\n|upkeep\n|c|\u2606callmerocco75|that was good\n|\n|t:|1683598130\n|switch|p1b: Garganacl|Garganacl, L50, F|100\/100\n|switch|p1a: Gastrodon|Gastrodon, L50, M|100\/100\n|turn|2\n|c|\u2606DrChocolateMD|Rough on the Ttar though\n|\n|t:|1683598163\n|move|p2a: Iron Bundle|Protect|p2a: Iron Bundle\n|-singleturn|p2a: Iron Bundle|Protect\n|move|p1b: Garganacl|Protect|p1b: Garganacl\n|-singleturn|p1b: Garganacl|Protect\n|move|p2b: Lucario|Drain Punch|p1b: Garganacl\n|-activate|p1b: Garganacl|move: Protect\n|move|p1a: Gastrodon|Earth Power|p2b: Lucario\n|-supereffective|p2b: Lucario\n|-damage|p2b: Lucario|0 fnt\n|faint|p2b: Lucario\n|\n|-weather|Sandstorm|[upkeep]\n|-damage|p2a: Iron Bundle|88\/100|[from] Sandstorm\n|upkeep\n|j| Pinapplehead\n|\n|t:|1683598199\n|switch|p2b: Hydreigon|Hydreigon, L50, F|100\/100\n|turn|3\n|\n|t:|1683598217\n|-terastallize|p1b: Garganacl|Steel\n|move|p2a: Iron Bundle|Freeze-Dry|p1a: Gastrodon\n|-supereffective|p1a: Gastrodon\n|-damage|p1a: Gastrodon|0 fnt\n|faint|p1a: Gastrodon\n|move|p2b: Hydreigon|Draco Meteor|p1b: Garganacl\n|-resisted|p1b: Garganacl\n|-damage|p1b: Garganacl|68\/100\n|-unboost|p2b: Hydreigon|spa|2\n|-damage|p2b: Hydreigon|91\/100|[from] item: Life Orb\n|move|p1b: Garganacl|Salt Cure|p2a: Iron Bundle\n|-supereffective|p2a: Iron Bundle\n|-damage|p2a: Iron Bundle|55\/100\n|-start|p2a: Iron Bundle|Salt Cure\n|\n|-weather|Sandstorm|[upkeep]\n|-damage|p2a: Iron Bundle|49\/100|[from] Sandstorm\n|-damage|p2b: Hydreigon|85\/100|[from] Sandstorm\n|-heal|p1b: Garganacl|73\/100|[from] item: Leftovers\n|-damage|p2a: Iron Bundle|24\/100|[from] Salt Cure\n|upkeep\n|turn|4\n|\n|t:|1683598242\n|switch|p2b: Baxcalibur|Baxcalibur, L50, M|100\/100\n|move|p1b: Garganacl|Protect|p1b: Garganacl\n|-singleturn|p1b: Garganacl|Protect\n|move|p2a: Iron Bundle|Hydro Pump|p1b: Garganacl\n|-activate|p1b: Garganacl|move: Protect\n|\n|-weather|Sandstorm|[upkeep]\n|-damage|p2a: Iron Bundle|18\/100|[from] Sandstorm\n|-damage|p2b: Baxcalibur|95\/100|[from] Sandstorm\n|-heal|p1b: Garganacl|79\/100|[from] item: Leftovers\n|-damage|p2a: Iron Bundle|0 fnt|[from] Salt Cure\n|faint|p2a: Iron Bundle\n|-end|p2a: Iron Bundle|Quark Drive|[silent]\n|upkeep\n|\n|t:|1683598256\n|switch|p2a: Hydreigon|Hydreigon, L50, F|85\/100\n|turn|5\n|c| Pinapplehead|Salty worm\n|\n|t:|1683598282\n|-terastallize|p2b: Baxcalibur|Ground\n|move|p2a: Hydreigon|Heat Wave|p1b: Garganacl\n|-supereffective|p1b: Garganacl\n|-damage|p1b: Garganacl|8\/100\n|-damage|p2a: Hydreigon|75\/100|[from] item: Life Orb\n|move|p2b: Baxcalibur|Earthquake|p1b: Garganacl|[spread] p1b\n|-immune|p2a: Hydreigon|[from] ability: Levitate\n|-supereffective|p1b: Garganacl\n|-damage|p1b: Garganacl|0 fnt\n|faint|p1b: Garganacl\n|\n|win|DrChocolateMD\n|c|\u2606DrChocolateMD|GG!\n|c|\u2606callmerocco75|gg\n","uploadtime":1683598293,"views":13,"p1id":"callmerocco75","p2id":"drchocolatemd","formatid":"gen9vgc2023regulationc","rating":0,"private":0,"password":""}