{"id":"gen9vgc2023regulationc-1858559735","p1":"grwfd","p2":"Jnof","format":"[Gen 9] VGC 2023 Regulation C","log":"|j|\u2606grwfd\n|j|\u2606Jnof\n|t:|1683325361\n|gametype|doubles\n|player|p1|grwfd|elesa|1472\n|player|p2|Jnof|n|1364\n|teamsize|p1|6\n|teamsize|p2|6\n|gen|9\n|tier|[Gen 9] VGC 2023 Regulation C\n|rated|\n|rule|Species Clause: Limit one of each Pok\u00e9mon\n|rule|Item Clause: Limit one of each item\n|clearpoke\n|poke|p1|Iron Hands, L50|\n|poke|p1|Chien-Pao, L50|\n|poke|p1|Corviknight, L50, F|\n|poke|p1|Ting-Lu, L50|\n|poke|p1|Flutter Mane, L50|\n|poke|p1|Gyarados, L50, M|\n|poke|p2|Goodra, L50, M|\n|poke|p2|Meowscarada, L50, M|\n|poke|p2|Ting-Lu, L50|\n|poke|p2|Arcanine, L50, M|\n|poke|p2|Flutter Mane, L50|\n|poke|p2|Farigiraf, L50, F|\n|teampreview|4\n|inactive|Battle timer is ON: inactive players will automatically lose when time's up. (requested by grwfd)\n|\n|t:|1683325430\n|start\n|switch|p1a: Iron Hands|Iron Hands, L50|100\/100\n|switch|p1b: Ting-Lu|Ting-Lu, L50|100\/100\n|switch|p2a: Goodra|Goodra, L50, M|100\/100\n|switch|p2b: Arcanine|Arcanine, L50, M|100\/100\n|-ability|p2b: Arcanine|Intimidate|boost\n|-unboost|p1a: Iron Hands|atk|1\n|-unboost|p1b: Ting-Lu|atk|1\n|-ability|p1b: Ting-Lu|Vessel of Ruin\n|turn|1\n|\n|t:|1683325455\n|move|p2b: Arcanine|Protect|p2b: Arcanine\n|-singleturn|p2b: Arcanine|Protect\n|move|p1a: Iron Hands|Fake Out|p2b: Arcanine\n|-activate|p2b: Arcanine|move: Protect\n|move|p2a: Goodra|Curse|p2a: Goodra\n|-unboost|p2a: Goodra|spe|1\n|-boost|p2a: Goodra|atk|1\n|-boost|p2a: Goodra|def|1\n|move|p1b: Ting-Lu|Stomping Tantrum|p2b: Arcanine\n|-activate|p2b: Arcanine|move: Protect\n|\n|upkeep\n|turn|2\n|inactive|Jnof has 30 seconds left.\n|inactive|Jnof has 20 seconds left.\n|\n|t:|1683325491\n|move|p2b: Arcanine|Howl|p2b: Arcanine|[spread] p2a,p2b\n|-boost|p2a: Goodra|atk|1\n|-boost|p2b: Arcanine|atk|1\n|move|p1a: Iron Hands|Drain Punch|p2b: Arcanine\n|-damage|p2b: Arcanine|70\/100\n|move|p1b: Ting-Lu|Stomping Tantrum|p2b: Arcanine\n|-supereffective|p2b: Arcanine\n|-damage|p2b: Arcanine|7\/100\n|-enditem|p2b: Arcanine|Sitrus Berry|[eat]\n|-heal|p2b: Arcanine|32\/100|[from] item: Sitrus Berry\n|move|p2a: Goodra|Dragon Claw|p1a: Iron Hands\n|-damage|p1a: Iron Hands|53\/100\n|\n|upkeep\n|turn|3\n|\n|t:|1683325510\n|move|p2b: Arcanine|Protect|p2b: Arcanine\n|-singleturn|p2b: Arcanine|Protect\n|move|p1a: Iron Hands|Drain Punch|p2b: Arcanine\n|-activate|p2b: Arcanine|move: Protect\n|move|p2a: Goodra|Dragon Claw|p1a: Iron Hands\n|-damage|p1a: Iron Hands|10\/100\n|move|p1b: Ting-Lu|Stomping Tantrum|p2b: Arcanine\n|-activate|p2b: Arcanine|move: Protect\n|\n|upkeep\n|turn|4\n|\n|t:|1683325530\n|-end|p1a: Iron Hands|Quark Drive|[silent]\n|switch|p1a: Corviknight|Corviknight, L50, F|100\/100\n|-terastallize|p2a: Goodra|Water\n|move|p2b: Arcanine|Flare Blitz|p1a: Corviknight\n|-supereffective|p1a: Corviknight\n|-damage|p1a: Corviknight|0 fnt\n|faint|p1a: Corviknight\n|-damage|p2b: Arcanine|0 fnt|[from] Recoil\n|faint|p2b: Arcanine\n|move|p1b: Ting-Lu|Stomping Tantrum|p2a: Goodra\n|-damage|p2a: Goodra|84\/100\n|move|p2a: Goodra|Aqua Tail|p1b: Ting-Lu\n|-supereffective|p1b: Ting-Lu\n|-damage|p1b: Ting-Lu|3\/100\n|-enditem|p1b: Ting-Lu|Sitrus Berry|[eat]\n|-heal|p1b: Ting-Lu|28\/100|[from] item: Sitrus Berry\n|\n|upkeep\n|\n|t:|1683325550\n|switch|p2b: Flutter Mane|Flutter Mane, L50|100\/100\n|switch|p1a: Iron Hands|Iron Hands, L50|10\/100\n|-enditem|p2b: Flutter Mane|Booster Energy\n|-activate|p2b: Flutter Mane|ability: Protosynthesis|[fromitem]\n|-start|p2b: Flutter Mane|protosynthesisspe\n|turn|5\n|\n|t:|1683325564\n|move|p2b: Flutter Mane|Dazzling Gleam|p1b: Ting-Lu|[spread] p1a,p1b\n|-supereffective|p1a: Iron Hands\n|-supereffective|p1b: Ting-Lu\n|-damage|p1a: Iron Hands|0 fnt\n|-damage|p1b: Ting-Lu|0 fnt\n|faint|p1a: Iron Hands\n|-end|p1a: Iron Hands|Quark Drive|[silent]\n|faint|p1b: Ting-Lu\n|move|p2a: Goodra|Dragon Claw|p1: Iron Hands|[notarget]\n|-fail|p2a: Goodra\n|\n|upkeep\n|-message|grwfd forfeited.\n|\n|win|Jnof\n|raw|grwfd's rating: 1472 → 1446<\/strong> (-26 for losing)\n|raw|Jnof's rating: 1364 → 1390<\/strong> (+26 for winning)\n|l|\u2606grwfd\n|c|\u2606Jnof|gg\n","uploadtime":1683325578,"views":7,"p1id":"grwfd","p2id":"jnof","formatid":"gen9vgc2023regulationc","rating":1390,"private":0,"password":""}