{"id":"gen9vgc2023regulationc-1851544810","p1":"N3rdSl4y3r","p2":"Nehzzy","format":"[Gen 9] VGC 2023 Regulation C","log":"|j|\u2606N3rdSl4y3r\n|j|\u2606Nehzzy\n|t:|1682454310\n|gametype|doubles\n|player|p1|N3rdSl4y3r|rika|\n|player|p2|Nehzzy|steven|\n|teamsize|p1|6\n|teamsize|p2|6\n|gen|9\n|tier|[Gen 9] VGC 2023 Regulation C\n|rule|Species Clause: Limit one of each Pok\u00e9mon\n|rule|Item Clause: Limit one of each item\n|clearpoke\n|poke|p1|Breloom, L50, F|\n|poke|p1|Chi-Yu, L50|\n|poke|p1|Azumarill, L50, M|\n|poke|p1|Baxcalibur, L50, F|\n|poke|p1|Flutter Mane, L50|\n|poke|p1|Maushold-Four, L50|\n|poke|p2|Palafin, L50, F|\n|poke|p2|Arcanine, L50, M|\n|poke|p2|Flutter Mane, L50|\n|poke|p2|Amoonguss, L50, F|\n|poke|p2|Ting-Lu, L50|\n|poke|p2|Baxcalibur, L50, F|\n|teampreview|4\nNehzzy has agreed to open team sheets.\nN3rdSl4y3r has agreed to open team sheets.\n|c|\u2606N3rdSl4y3r|glhf!\n|c|\u2606Nehzzy|You too!\n|\n|t:|1682454384\n|start\n|switch|p1a: GOAT|Breloom, L50, F, shiny|100\/100\n|switch|p1b: Chi-Nuke|Chi-Yu, L50|100\/100\n|switch|p2a: Flutter Mane|Flutter Mane, L50|100\/100\n|switch|p2b: Baxcalibur|Baxcalibur, L50, F|100\/100\n|-ability|p1b: Chi-Nuke|Beads of Ruin\n|turn|1\n|\n|t:|1682454421\n|switch|p2b: Arcanine|Arcanine, L50, M|100\/100\n|-ability|p2b: Arcanine|Intimidate|boost\n|-unboost|p1a: GOAT|atk|1\n|-unboost|p1b: Chi-Nuke|atk|1\n|-terastallize|p2a: Flutter Mane|Fairy\n|-terastallize|p1b: Chi-Nuke|Fire\n|move|p1a: GOAT|Protect|p1a: GOAT\n|-singleturn|p1a: GOAT|Protect\n|move|p2a: Flutter Mane|Dazzling Gleam|p1b: Chi-Nuke|[spread] p1b\n|-activate|p1a: GOAT|move: Protect\n|-resisted|p1b: Chi-Nuke\n|-damage|p1b: Chi-Nuke|65\/100\n|move|p1b: Chi-Nuke|Heat Wave|p2b: Arcanine|[spread] p2a,p2b\n|-resisted|p2b: Arcanine\n|-damage|p2a: Flutter Mane|0 fnt\n|-damage|p2b: Arcanine|44\/100\n|faint|p2a: Flutter Mane\n|-end|p2a: Flutter Mane|Protosynthesis|[silent]\n|\n|upkeep\n|\n|t:|1682454449\n|switch|p2a: Ting-Lu|Ting-Lu, L50|100\/100\n|-ability|p2a: Ting-Lu|Vessel of Ruin\n|turn|2\n|\n|t:|1682454486\n|move|p1a: GOAT|Mach Punch|p2b: Arcanine\n|-damage|p2b: Arcanine|21\/100\n|move|p1b: Chi-Nuke|Heat Wave|p2a: Ting-Lu|[spread] p2a,p2b\n|-resisted|p2b: Arcanine\n|-damage|p2a: Ting-Lu|61\/100\n|-damage|p2b: Arcanine|0 fnt\n|faint|p2b: Arcanine\n|move|p2a: Ting-Lu|Stomping Tantrum|p1b: Chi-Nuke\n|-supereffective|p1b: Chi-Nuke\n|-damage|p1b: Chi-Nuke|0 fnt\n|faint|p1b: Chi-Nuke\n|\n|upkeep\n|\n|t:|1682454497\n|switch|p1b: Cryolophosaurus|Baxcalibur, L50, F|100\/100\n|switch|p2b: Baxcalibur|Baxcalibur, L50, F|100\/100\n|turn|3\n|\n|t:|1682454516\n|switch|p1a: Jorunna Parva|Azumarill, L50, M, shiny|100\/100\n|move|p1b: Cryolophosaurus|Protect|p1b: Cryolophosaurus\n|-singleturn|p1b: Cryolophosaurus|Protect\n|move|p2b: Baxcalibur|Protect|p2b: Baxcalibur\n|-singleturn|p2b: Baxcalibur|Protect\n|move|p2a: Ting-Lu|Heavy Slam|p1b: Cryolophosaurus\n|-activate|p1b: Cryolophosaurus|move: Protect\n|\n|upkeep\n|turn|4\n|\n|t:|1682454529\n|move|p1b: Cryolophosaurus|Icicle Crash|p2a: Ting-Lu\n|-supereffective|p2a: Ting-Lu\n|-damage|p2a: Ting-Lu|3\/100\n|move|p2b: Baxcalibur|Icicle Crash|p1a: Jorunna Parva\n|-resisted|p1a: Jorunna Parva\n|-damage|p1a: Jorunna Parva|75\/100\n|move|p1a: Jorunna Parva|Play Rough|p2b: Baxcalibur\n|-supereffective|p2b: Baxcalibur\n|-damage|p2b: Baxcalibur|0 fnt\n|faint|p2b: Baxcalibur\n|move|p2a: Ting-Lu|Heavy Slam|p1a: Jorunna Parva\n|-damage|p1a: Jorunna Parva|30\/100\n|-enditem|p1a: Jorunna Parva|Sitrus Berry|[eat]\n|-heal|p1a: Jorunna Parva|56\/100|[from] item: Sitrus Berry\n|\n|upkeep\n|turn|5\n|\n|t:|1682454545\n|move|p1b: Cryolophosaurus|Ice Shard|p2a: Ting-Lu\n|-supereffective|p2a: Ting-Lu\n|-damage|p2a: Ting-Lu|0 fnt\n|faint|p2a: Ting-Lu\n|\n|win|N3rdSl4y3r\n|c|\u2606Nehzzy|Gg\n|c|\u2606N3rdSl4y3r|gg\n|l|\u2606N3rdSl4y3r\n|l|\u2606Nehzzy\n|j|\u2606N3rdSl4y3r\n|player|p1|N3rdSl4y3r|rika\n","uploadtime":1682454570,"views":16,"p1id":"n3rdsl4y3r","p2id":"nehzzy","formatid":"gen9vgc2023regulationc","rating":0,"private":0,"password":""}