{"id":"gen9vgc2023regulationc-1852380296","p1":"GholDenko","p2":"Ayabe0119","format":"[Gen 9] VGC 2023 Regulation C","log":"|j|\u2606GholDenko\n|j|\u2606Ayabe0119\n|t:|1682550489\n|gametype|doubles\n|player|p1|GholDenko|drayden|\n|player|p2|Ayabe0119|2|\n|teamsize|p1|6\n|teamsize|p2|6\n|gen|9\n|tier|[Gen 9] VGC 2023 Regulation C\n|rule|Species Clause: Limit one of each Pok\u00e9mon\n|rule|Item Clause: Limit one of each item\n|clearpoke\n|poke|p1|Chien-Pao, L50|\n|poke|p1|Palafin, L50, M|\n|poke|p1|Corviknight, L50, F|\n|poke|p1|Volcarona, L50, F|\n|poke|p1|Gothitelle, L50, M|\n|poke|p1|Iron Hands, L50|\n|poke|p2|Glimmora, L50, M|\n|poke|p2|Dragonite, L50, M|\n|poke|p2|Dondozo, L50, M|\n|poke|p2|Tatsugiri, L50, F|\n|poke|p2|Chi-Yu, L50|\n|poke|p2|Iron Bundle, L50|\n|teampreview|4\n|inactive|Battle timer is ON: inactive players will automatically lose when time's up. (requested by GholDenko)\nAyabe0119 has agreed to open team sheets.\n|inactive|GholDenko has 60 seconds left.\n|inactive|Ayabe0119 has 60 seconds left.\n|inactiveoff|Battle timer is now OFF.\n|c|\u2606GholDenko|G1\nGholDenko has agreed to open team sheets.\n|c|\u2606GholDenko|And back to G1\n|c|\u2606GholDenko|GL HF!\n|c|\u2606Ayabe0119|GLHF\n|\n|t:|1682550655\n|start\n|switch|p1a: Gothitelle|Gothitelle, L50, M|100\/100\n|switch|p1b: Iron Hands|Iron Hands, L50|100\/100\n|switch|p2a: Iron Bundle|Iron Bundle, L50, shiny|100\/100\n|switch|p2b: Chi-Yu|Chi-Yu, L50|100\/100\n|-ability|p2b: Chi-Yu|Beads of Ruin\n|-enditem|p2a: Iron Bundle|Booster Energy\n|-activate|p2a: Iron Bundle|ability: Quark Drive|[fromitem]\n|-start|p2a: Iron Bundle|quarkdrivespe\n|turn|1\n|\n|t:|1682550696\n|-terastallize|p2b: Chi-Yu|Ghost\n|move|p1a: Gothitelle|Protect|p1a: Gothitelle\n|-singleturn|p1a: Gothitelle|Protect\n|move|p2a: Iron Bundle|Freeze-Dry|p1a: Gothitelle\n|-activate|p1a: Gothitelle|move: Protect\n|move|p2b: Chi-Yu|Dark Pulse|p1a: Gothitelle\n|-activate|p1a: Gothitelle|move: Protect\n|move|p1b: Iron Hands|Drain Punch|p2a: Iron Bundle\n|-supereffective|p2a: Iron Bundle\n|-damage|p2a: Iron Bundle|0 fnt\n|faint|p2a: Iron Bundle\n|-end|p2a: Iron Bundle|Quark Drive|[silent]\n|\n|upkeep\n|\n|t:|1682550706\n|switch|p2a: Dondozo|Dondozo, L50, M|100\/100\n|turn|2\n|\n|t:|1682550737\n|switch|p2b: Tatsugiri|Tatsugiri, L50, F|100\/100\n|-activate|p2b: Tatsugiri|ability: Commander|[of] p2a: Dondozo\n|-boost|p2a: Dondozo|atk|2\n|-boost|p2a: Dondozo|spa|2\n|-boost|p2a: Dondozo|spe|2\n|-boost|p2a: Dondozo|def|2\n|-boost|p2a: Dondozo|spd|2\n|-terastallize|p1a: Gothitelle|Normal\n|move|p2a: Dondozo|Earthquake|p1b: Iron Hands|[spread] p1a,p1b\n|-miss|p2a: Dondozo|p2b: Tatsugiri\n|-supereffective|p1b: Iron Hands\n|-damage|p1a: Gothitelle|65\/100\n|-damage|p1b: Iron Hands|46\/100\n|move|p1b: Iron Hands|Wild Charge|p2a: Dondozo\n|-supereffective|p2a: Dondozo\n|-damage|p2a: Dondozo|68\/100\n|-damage|p1b: Iron Hands|39\/100|[from] Recoil\n|move|p1a: Gothitelle|Trick Room|p1a: Gothitelle\n|-fieldstart|move: Trick Room|[of] p1a: Gothitelle\n|\n|-heal|p2a: Dondozo|74\/100|[from] item: Leftovers\n|upkeep\n|turn|3\n|\n|t:|1682550767\n|move|p2a: Dondozo|Protect|p2a: Dondozo\n|-singleturn|p2a: Dondozo|Protect\n|move|p1b: Iron Hands|Volt Switch|p2a: Dondozo\n|-activate|p2a: Dondozo|move: Protect\n|move|p1a: Gothitelle|Psychic|p2a: Dondozo\n|-activate|p2a: Dondozo|move: Protect\n|\n|-heal|p2a: Dondozo|80\/100|[from] item: Leftovers\n|upkeep\n|turn|4\n|\n|t:|1682550780\n|move|p1b: Iron Hands|Volt Switch|p2a: Dondozo\n|-supereffective|p2a: Dondozo\n|-crit|p2a: Dondozo\n|-damage|p2a: Dondozo|43\/100\n|\n|t:|1682550784\n|-end|p1b: Iron Hands|Quark Drive|[silent]\n|switch|p1b: Corviknight|Corviknight, L50, F|100\/100|[from] Volt Switch\n|move|p1a: Gothitelle|Psychic|p2a: Dondozo\n|-damage|p2a: Dondozo|30\/100\n|move|p2a: Dondozo|Earthquake|p1b: Corviknight|[spread] p1a\n|-miss|p2a: Dondozo|p2b: Tatsugiri\n|-immune|p1b: Corviknight\n|-damage|p1a: Gothitelle|23\/100\n|-enditem|p1a: Gothitelle|Sitrus Berry|[eat]\n|-heal|p1a: Gothitelle|48\/100|[from] item: Sitrus Berry\n|\n|-heal|p2a: Dondozo|36\/100|[from] item: Leftovers\n|upkeep\n|turn|5\n|\n|t:|1682550811\n|move|p1a: Gothitelle|Psychic|p2a: Dondozo\n|-damage|p2a: Dondozo|21\/100\n|move|p1b: Corviknight|Bulk Up|p1b: Corviknight\n|-boost|p1b: Corviknight|atk|1\n|-boost|p1b: Corviknight|def|1\n|move|p2a: Dondozo|Wave Crash|p1b: Corviknight\n|-damage|p1b: Corviknight|55\/100\n|-damage|p2a: Dondozo|8\/100|[from] Recoil\n|\n|-heal|p2a: Dondozo|14\/100|[from] item: Leftovers\n|upkeep\n|turn|6\n|\n|t:|1682550828\n|move|p1a: Gothitelle|Protect|p1a: Gothitelle\n|-singleturn|p1a: Gothitelle|Protect\n|move|p2a: Dondozo|Protect|p2a: Dondozo\n|-singleturn|p2a: Dondozo|Protect\n|move|p1b: Corviknight|Roost|p1b: Corviknight\n|-heal|p1b: Corviknight|100\/100\n|-singleturn|p1b: Corviknight|move: Roost\n|\n|-heal|p2a: Dondozo|20\/100|[from] item: Leftovers\n|-fieldend|move: Trick Room\n|upkeep\n|turn|7\n|\n|t:|1682550860\n|move|p2a: Dondozo|Wave Crash|p1a: Gothitelle\n|-damage|p1a: Gothitelle|0 fnt\n|faint|p1a: Gothitelle\n|-damage|p2a: Dondozo|8\/100|[from] Recoil\n|move|p1b: Corviknight|Brave Bird|p2a: Dondozo\n|-damage|p2a: Dondozo|0 fnt\n|faint|p2a: Dondozo\n|-damage|p1b: Corviknight|98\/100|[from] Recoil\n|\n|upkeep\n|\n|t:|1682550900\n|switch|p2a: Chi-Yu|Chi-Yu, L50, tera:Ghost|100\/100\n|switch|p1a: Iron Hands|Iron Hands, L50|39\/100\n|-ability|p2a: Chi-Yu|Beads of Ruin\n|turn|8\n|\n|t:|1682550935\n|move|p2b: Tatsugiri|Muddy Water|p1b: Corviknight|[spread] p1a,p1b\n|-damage|p1a: Iron Hands|16\/100\n|-damage|p1b: Corviknight|62\/100\n|move|p2a: Chi-Yu|Heat Wave|p1a: Iron Hands|[spread] p1a\n|-miss|p2a: Chi-Yu|p1b: Corviknight\n|-damage|p1a: Iron Hands|0 fnt\n|faint|p1a: Iron Hands\n|-end|p1a: Iron Hands|Quark Drive|[silent]\n|move|p1b: Corviknight|Brave Bird|p2a: Chi-Yu\n|-enditem|p2a: Chi-Yu|Focus Sash\n|-damage|p2a: Chi-Yu|1\/100\n|-damage|p1b: Corviknight|41\/100|[from] Recoil\n|\n|upkeep\n|\n|t:|1682550947\n|switch|p1a: Volcarona|Volcarona, L50, F|100\/100\n|turn|9\n|\n|t:|1682550956\n|move|p2b: Tatsugiri|Muddy Water|p1b: Corviknight|[spread] p1a,p1b\n|-supereffective|p1a: Volcarona\n|-crit|p1b: Corviknight\n|-damage|p1a: Volcarona|21\/100\n|-damage|p1b: Corviknight|0 fnt\n|-unboost|p1a: Volcarona|accuracy|1\n|faint|p1b: Corviknight\n|move|p2a: Chi-Yu|Heat Wave|p1a: Volcarona\n|-damage|p1a: Volcarona|0 fnt\n|faint|p1a: Volcarona\n|\n|win|Ayabe0119\n|c|\u2606GholDenko|GG\n|c|\u2606Ayabe0119|gg\n","uploadtime":1682550969,"views":14,"p1id":"gholdenko","p2id":"ayabe0119","formatid":"gen9vgc2023regulationc","rating":0,"private":0,"password":""}