{"id":"gen9vgc2023regulationc-1863059085","p1":"Pa1800","p2":"marioman6444","format":"[Gen 9] VGC 2023 Regulation C","log":"|j|\u2606Pa1800\n|j|\u2606marioman6444\n|t:|1683961217\n|gametype|doubles\n|player|p1|Pa1800|steven|1075\n|player|p2|marioman6444|hoopster|1149\n|teamsize|p1|6\n|teamsize|p2|6\n|gen|9\n|tier|[Gen 9] VGC 2023 Regulation C\n|rated|\n|rule|Species Clause: Limit one of each Pok\u00e9mon\n|rule|Item Clause: Limit one of each item\n|clearpoke\n|poke|p1|Dondozo, L50, F|\n|poke|p1|Tatsugiri-Droopy, L50, F|\n|poke|p1|Pawmot, L50, F|\n|poke|p1|Amoonguss, L50, M|\n|poke|p1|Iron Moth, L50|\n|poke|p1|Garganacl, L50, M|\n|poke|p2|Flutter Mane, L50|\n|poke|p2|Torkoal, L50, M|\n|poke|p2|Jumpluff, L50, F|\n|poke|p2|Great Tusk, L50|\n|poke|p2|Kingambit, L50, F|\n|poke|p2|Corviknight, L50, M|\n|teampreview|4\n|inactive|Battle timer is ON: inactive players will automatically lose when time's up. (requested by marioman6444)\n|inactive|Pa1800 also wants the timer to be on.\n|inactive|marioman6444 has 60 seconds left.\n|\n|t:|1683961249\n|start\n|switch|p1a: Iron Moth|Iron Moth, L50, shiny|100\/100\n|switch|p1b: Garganacl|Garganacl, L50, M|100\/100\n|switch|p2a: Dog|Torkoal, L50, M, shiny|100\/100\n|switch|p2b: Corviknight|Corviknight, L50, M, shiny|100\/100\n|-weather|SunnyDay|[from] ability: Drought|[of] p2a: Dog\n|-enditem|p1a: Iron Moth|Booster Energy\n|-activate|p1a: Iron Moth|ability: Quark Drive|[fromitem]\n|-start|p1a: Iron Moth|quarkdrivespa\n|turn|1\n|\n|t:|1683961265\n|move|p1a: Iron Moth|Fiery Dance|p2b: Corviknight\n|-supereffective|p2b: Corviknight\n|-damage|p2b: Corviknight|0 fnt\n|-boost|p1a: Iron Moth|spa|1\n|faint|p2b: Corviknight\n|move|p1b: Garganacl|Salt Cure|p2a: Dog\n|-supereffective|p2a: Dog\n|-damage|p2a: Dog|77\/100\n|-start|p2a: Dog|Salt Cure\n|move|p2a: Dog|Fire Blast|p1a: Iron Moth\n|-resisted|p1a: Iron Moth\n|-damage|p1a: Iron Moth|77\/100\n|\n|-weather|SunnyDay|[upkeep]\n|-damage|p2a: Dog|64\/100|[from] Salt Cure\n|upkeep\n|\n|t:|1683961268\n|switch|p2b: T.U.S.K|Great Tusk, L50|100\/100\n|-activate|p2b: T.U.S.K|ability: Protosynthesis\n|-start|p2b: T.U.S.K|protosynthesisatk\n|turn|2\n|inactive|marioman6444 has 30 seconds left.\n|\n|t:|1683961293\n|-terastallize|p2a: Dog|Flying\n|move|p2b: T.U.S.K|Earthquake|p1b: Garganacl|[spread] p1a,p1b\n|-immune|p2a: Dog\n|-supereffective|p1a: Iron Moth\n|-supereffective|p1b: Garganacl\n|-damage|p1a: Iron Moth|0 fnt\n|-damage|p1b: Garganacl|41\/100\n|faint|p1a: Iron Moth\n|-end|p1a: Iron Moth|Quark Drive|[silent]\n|move|p1b: Garganacl|Salt Cure|p2b: T.U.S.K\n|-resisted|p2b: T.U.S.K\n|-damage|p2b: T.U.S.K|98\/100\n|-start|p2b: T.U.S.K|Salt Cure\n|move|p2a: Dog|Earth Power|p1b: Garganacl\n|-supereffective|p1b: Garganacl\n|-damage|p1b: Garganacl|10\/100\n|\n|-weather|SunnyDay|[upkeep]\n|-damage|p2b: T.U.S.K|86\/100|[from] Salt Cure\n|-damage|p2a: Dog|52\/100|[from] Salt Cure\n|upkeep\n|\n|t:|1683961304\n|switch|p1a: Tatsugiri|Tatsugiri-Droopy, L50, F, shiny|100\/100\n|turn|3\n|\n|t:|1683961316\n|move|p2b: T.U.S.K|Earthquake|p1b: Garganacl|[spread] p1a,p1b\n|-immune|p2a: Dog\n|-supereffective|p1b: Garganacl\n|-damage|p1a: Tatsugiri|3\/100\n|-damage|p1b: Garganacl|0 fnt\n|faint|p1b: Garganacl\n|move|p1a: Tatsugiri|Surf|p2b: T.U.S.K|[spread] p2a,p2b\n|-supereffective|p2b: T.U.S.K\n|-damage|p2a: Dog|33\/100\n|-damage|p2b: T.U.S.K|35\/100\n|move|p2a: Dog|Clear Smog|p1a: Tatsugiri\n|-damage|p1a: Tatsugiri|0 fnt\n|-clearboost|p1a: Tatsugiri\n|faint|p1a: Tatsugiri\n|\n|-weather|SunnyDay|[upkeep]\n|-damage|p2b: T.U.S.K|22\/100|[from] Salt Cure\n|-damage|p2a: Dog|21\/100|[from] Salt Cure\n|upkeep\n|\n|t:|1683961324\n|switch|p1b: Dondozo|Dondozo, L50, F, shiny|100\/100\n|turn|4\n|\n|t:|1683961338\n|move|p1b: Dondozo|Protect|p1b: Dondozo\n|-singleturn|p1b: Dondozo|Protect\n|move|p2b: T.U.S.K|Earthquake|p1b: Dondozo|[spread] \n|-activate|p1b: Dondozo|move: Protect\n|-immune|p2a: Dog\n|move|p2a: Dog|Fire Blast|p1b: Dondozo\n|-activate|p1b: Dondozo|move: Protect\n|\n|-weather|SunnyDay|[upkeep]\n|-damage|p2b: T.U.S.K|10\/100|[from] Salt Cure\n|-damage|p2a: Dog|8\/100|[from] Salt Cure\n|upkeep\n|turn|5\n|\n|t:|1683961363\n|-end|p2b: T.U.S.K|Protosynthesis|[silent]\n|switch|p2b: Take Cake|Kingambit, L50, F, shiny|100\/100\n|move|p1b: Dondozo|Protect|p1b: Dondozo\n|-singleturn|p1b: Dondozo|Protect\n|move|p2a: Dog|Fire Blast|p1b: Dondozo\n|-activate|p1b: Dondozo|move: Protect\n|\n|-weather|none\n|-damage|p2a: Dog|0 fnt|[from] Salt Cure\n|faint|p2a: Dog\n|upkeep\n|\n|t:|1683961367\n|switch|p2a: T.U.S.K|Great Tusk, L50|10\/100\n|turn|6\n|\n|t:|1683961387\n|move|p2a: T.U.S.K|Close Combat|p1b: Dondozo\n|-damage|p1b: Dondozo|62\/100\n|-unboost|p2a: T.U.S.K|def|1\n|-unboost|p2a: T.U.S.K|spd|1\n|move|p2b: Take Cake|Low Kick|p1b: Dondozo\n|-damage|p1b: Dondozo|35\/100\n|move|p1b: Dondozo|Body Press|p2b: Take Cake\n|-supereffective|p2b: Take Cake\n|-damage|p2b: Take Cake|15\/100\n|-damage|p1b: Dondozo|25\/100|[from] item: Life Orb\n|\n|upkeep\n|turn|7\n|\n|t:|1683961402\n|move|p1b: Dondozo|Protect|p1b: Dondozo\n|-singleturn|p1b: Dondozo|Protect\n|move|p2b: Take Cake|Sucker Punch||[still]\n|-fail|p2b: Take Cake\n|move|p2a: T.U.S.K|Close Combat|p1b: Dondozo\n|-activate|p1b: Dondozo|move: Protect\n|\n|upkeep\n|turn|8\n|c|\u2606marioman6444|Gg\n|\n|t:|1683961414\n|move|p2b: Take Cake|Sucker Punch|p1b: Dondozo\n|-damage|p1b: Dondozo|0 fnt\n|faint|p1b: Dondozo\n|\n|win|marioman6444\n|raw|Pa1800's rating: 1075 → 1058<\/strong> (-17 for losing)\n|raw|marioman6444's rating: 1149 → 1169<\/strong> (+20 for winning)\n|l|\u2606Pa1800\n|l|\u2606marioman6444\n|j|\u2606marioman6444\n|player|p2|marioman6444|hoopster\n","uploadtime":1683961423,"views":7,"p1id":"pa1800","p2id":"marioman6444","formatid":"gen9vgc2023regulationc","rating":1058,"private":0,"password":""}