{"id":"gen9vgc2023regulationc-1858050180","p1":"Sa7tia","p2":"Unvirgining Oil","format":"[Gen 9] VGC 2023 Regulation C","log":"|j|\u2606Sa7tia\n|j|\u2606Unvirgining Oil\n|t:|1683266876\n|gametype|doubles\n|player|p1|Sa7tia|pokemonranger-gen4|1432\n|player|p2|Unvirgining Oil|blackbelt-gen4dp|1360\n|teamsize|p1|6\n|teamsize|p2|6\n|gen|9\n|tier|[Gen 9] VGC 2023 Regulation C\n|rated|\n|rule|Species Clause: Limit one of each Pok\u00e9mon\n|rule|Item Clause: Limit one of each item\n|clearpoke\n|poke|p1|Scream Tail, L50|\n|poke|p1|Indeedee-F, L50, F|\n|poke|p1|Armarouge, L50, M|\n|poke|p1|Dragapult, L50, F|\n|poke|p1|Chien-Pao, L50|\n|poke|p1|Iron Hands, L50|\n|poke|p2|Dachsbun, L50, F|\n|poke|p2|Chi-Yu, L50|\n|poke|p2|Iron Hands, L50|\n|poke|p2|Amoonguss, L50, M|\n|poke|p2|Palafin, L50, M|\n|poke|p2|Flutter Mane, L50|\n|teampreview|4\n|inactive|Battle timer is ON: inactive players will automatically lose when time's up. (requested by Unvirgining Oil)\n|inactive|Sa7tia also wants the timer to be on.\n|inactive|Sa7tia has 60 seconds left.\n|\n|t:|1683266936\n|start\n|switch|p1a: Armarouge|Armarouge, L50, M|100\/100\n|switch|p1b: Indeedee|Indeedee-F, L50, F|100\/100\n|switch|p2a: Chi-Yu|Chi-Yu, L50|100\/100\n|switch|p2b: Stella|Dachsbun, L50, F|100\/100\n|-ability|p2a: Chi-Yu|Beads of Ruin\n|-fieldstart|move: Psychic Terrain|[from] ability: Psychic Surge|[of] p1b: Indeedee\n|turn|1\n|inactive|Sa7tia has 30 seconds left.\n|inactive|Sa7tia has 20 seconds left.\n|\n|t:|1683266974\n|-terastallize|p1b: Indeedee|Dark\n|move|p1b: Indeedee|Follow Me|p1b: Indeedee\n|-singleturn|p1b: Indeedee|move: Follow Me\n|move|p1a: Armarouge|Aura Sphere|p2a: Chi-Yu\n|-supereffective|p2a: Chi-Yu\n|-damage|p2a: Chi-Yu|30\/100\n|move|p2a: Chi-Yu|Dark Pulse|p1b: Indeedee\n|-resisted|p1b: Indeedee\n|-damage|p1b: Indeedee|81\/100\n|move|p2b: Stella|Snarl|p1a: Armarouge|[spread] p1a\n|-miss|p2b: Stella|p1b: Indeedee\n|-supereffective|p1a: Armarouge\n|-damage|p1a: Armarouge|84\/100\n|-unboost|p1a: Armarouge|spa|1\n|\n|upkeep\n|turn|2\n|inactive|Sa7tia has 30 seconds left.\n|inactive|Sa7tia has 20 seconds left.\n|inactive|Sa7tia has 15 seconds left.\n|\n|t:|1683267017\n|switch|p1a: Dragapult|Dragapult, L50, F|100\/100\n|move|p1b: Indeedee|Follow Me|p1b: Indeedee\n|-singleturn|p1b: Indeedee|move: Follow Me\n|move|p2a: Chi-Yu|Lava Plume|p1b: Indeedee|[spread] p1a,p1b\n|-ability|p2b: Stella|Well-Baked Body|boost\n|-boost|p2b: Stella|def|2\n|-resisted|p1a: Dragapult\n|-damage|p1a: Dragapult|72\/100\n|-damage|p1b: Indeedee|50\/100\n|-enditem|p1b: Indeedee|Sitrus Berry|[eat]\n|-heal|p1b: Indeedee|75\/100|[from] item: Sitrus Berry\n|move|p2b: Stella|Snarl|p1b: Indeedee|[spread] p1a,p1b\n|-supereffective|p1a: Dragapult\n|-resisted|p1b: Indeedee\n|-damage|p1a: Dragapult|52\/100\n|-damage|p1b: Indeedee|72\/100\n|-unboost|p1b: Indeedee|spa|1\n|\n|upkeep\n|turn|3\n|inactive|Sa7tia has 30 seconds left.\n|inactive|Unvirgining Oil has 30 seconds left.\n|\n|t:|1683267047\n|move|p1b: Indeedee|Follow Me|p1b: Indeedee\n|-singleturn|p1b: Indeedee|move: Follow Me\n|move|p1a: Dragapult|Dragon Darts|p2a: Chi-Yu\n|-damage|p2a: Chi-Yu|0 fnt\n|faint|p2a: Chi-Yu\n|-damage|p1a: Dragapult|42\/100|[from] item: Life Orb\n|move|p2b: Stella|Snarl|p1a: Dragapult|[spread] p1a,p1b\n|-supereffective|p1a: Dragapult\n|-resisted|p1b: Indeedee\n|-damage|p1a: Dragapult|29\/100\n|-damage|p1b: Indeedee|71\/100\n|-unboost|p1b: Indeedee|spa|1\n|\n|upkeep\n|\n|t:|1683267061\n|switch|p2a: Flutter Mane|Flutter Mane, L50|100\/100\n|-enditem|p2a: Flutter Mane|Booster Energy\n|-activate|p2a: Flutter Mane|ability: Protosynthesis|[fromitem]\n|-start|p2a: Flutter Mane|protosynthesisspa\n|turn|4\n|\n|t:|1683267080\n|move|p2a: Flutter Mane|Protect|p2a: Flutter Mane\n|-singleturn|p2a: Flutter Mane|Protect\n|move|p1b: Indeedee|Protect|p1b: Indeedee\n|-singleturn|p1b: Indeedee|Protect\n|move|p1a: Dragapult|Phantom Force||[still]\n|-prepare|p1a: Dragapult|Phantom Force\n|move|p2b: Stella|Play Rough|p1a: Dragapult|[miss]\n|-miss|p2b: Stella|p1a: Dragapult\n|\n|upkeep\n|turn|5\n|inactive|Sa7tia has 30 seconds left.\n|\n|t:|1683267106\n|-end|p2a: Flutter Mane|Protosynthesis|[silent]\n|switch|p2a: Amoonguss|Amoonguss, L50, M, shiny|100\/100\n|move|p1b: Indeedee|Follow Me|p1b: Indeedee\n|-singleturn|p1b: Indeedee|move: Follow Me\n|move|p1a: Dragapult|Phantom Force|p2a: Amoonguss|[from]lockedmove\n|-damage|p2a: Amoonguss|49\/100\n|-enditem|p2a: Amoonguss|Sitrus Berry|[eat]\n|-heal|p2a: Amoonguss|74\/100|[from] item: Sitrus Berry\n|-damage|p1a: Dragapult|19\/100|[from] item: Life Orb\n|move|p2b: Stella|Snarl|p1a: Dragapult|[spread] p1a,p1b\n|-supereffective|p1a: Dragapult\n|-resisted|p1b: Indeedee\n|-damage|p1a: Dragapult|5\/100\n|-damage|p1b: Indeedee|69\/100\n|-unboost|p1b: Indeedee|spa|1\n|\n|-fieldend|move: Psychic Terrain\n|upkeep\n|turn|6\n|inactive|Sa7tia has 30 seconds left.\n|\n|t:|1683267133\n|-terastallize|p2a: Amoonguss|Steel\n|move|p1b: Indeedee|Helping Hand|p1a: Dragapult\n|-singleturn|p1a: Dragapult|Helping Hand|[of] p1b: Indeedee\n|move|p2a: Amoonguss|Rage Powder|p2a: Amoonguss\n|-singleturn|p2a: Amoonguss|move: Rage Powder\n|move|p1a: Dragapult|Dragon Darts|p2a: Amoonguss\n|-resisted|p2a: Amoonguss\n|-damage|p2a: Amoonguss|52\/100\n|-anim|p1a: Dragapult|Dragon Darts|p2a: Amoonguss\n|-resisted|p2a: Amoonguss\n|-damage|p2a: Amoonguss|29\/100\n|-damage|p1a: Dragapult|0 fnt|[from] item: Life Orb\n|faint|p1a: Dragapult\n|move|p2b: Stella|Snarl|p1b: Indeedee\n|-resisted|p1b: Indeedee\n|-damage|p1b: Indeedee|67\/100\n|-unboost|p1b: Indeedee|spa|1\n|\n|upkeep\n|\n|t:|1683267143\n|switch|p1a: Chien-Pao|Chien-Pao, L50|100\/100\n|-ability|p1a: Chien-Pao|Sword of Ruin\n|turn|7\n|\n|t:|1683267160\n|switch|p1b: Armarouge|Armarouge, L50, M|84\/100\n|move|p1a: Chien-Pao|Protect|p1a: Chien-Pao\n|-singleturn|p1a: Chien-Pao|Protect\n|move|p2a: Amoonguss|Protect|p2a: Amoonguss\n|-singleturn|p2a: Amoonguss|Protect\n|move|p2b: Stella|Body Press|p1a: Chien-Pao\n|-activate|p1a: Chien-Pao|move: Protect\n|\n|upkeep\n|turn|8\n|\n|t:|1683267180\n|switch|p1a: Indeedee|Indeedee-F, L50, F, tera:Dark|67\/100\n|-fieldstart|move: Psychic Terrain|[from] ability: Psychic Surge|[of] p1a: Indeedee\n|move|p2a: Amoonguss|Rage Powder|p2a: Amoonguss\n|-singleturn|p2a: Amoonguss|move: Rage Powder\n|move|p1b: Armarouge|Expanding Force|p2a: Amoonguss|[spread] p2a,p2b\n|-resisted|p2a: Amoonguss\n|-damage|p2a: Amoonguss|4\/100\n|-damage|p2b: Stella|29\/100\n|move|p2b: Stella|Snarl|p1a: Indeedee|[spread] p1a,p1b\n|-resisted|p1a: Indeedee\n|-supereffective|p1b: Armarouge\n|-damage|p1a: Indeedee|64\/100\n|-damage|p1b: Armarouge|69\/100\n|-unboost|p1a: Indeedee|spa|1\n|-unboost|p1b: Armarouge|spa|1\n|\n|-heal|p2b: Stella|35\/100|[from] item: Leftovers\n|upkeep\n|turn|9\n|inactive|Unvirgining Oil has 30 seconds left.\n|\n|t:|1683267206\n|move|p1a: Indeedee|Helping Hand|p1b: Armarouge\n|-singleturn|p1b: Armarouge|Helping Hand|[of] p1a: Indeedee\n|move|p2b: Stella|Protect|p2b: Stella\n|-singleturn|p2b: Stella|Protect\n|move|p2a: Amoonguss|Protect|p2a: Amoonguss\n|-singleturn|p2a: Amoonguss|Protect\n|move|p1b: Armarouge|Expanding Force|p2a: Amoonguss|[spread] \n|-activate|p2a: Amoonguss|move: Protect\n|-activate|p2b: Stella|move: Protect\n|\n|-heal|p2b: Stella|41\/100|[from] item: Leftovers\n|upkeep\n|turn|10\n|\n|t:|1683267221\n|switch|p2a: Flutter Mane|Flutter Mane, L50|100\/100\n|move|p1a: Indeedee|Helping Hand|p1b: Armarouge\n|-singleturn|p1b: Armarouge|Helping Hand|[of] p1a: Indeedee\n|move|p1b: Armarouge|Expanding Force|p2b: Stella|[spread] p2a,p2b\n|-damage|p2a: Flutter Mane|43\/100\n|-damage|p2b: Stella|0 fnt\n|faint|p2b: Stella\n|\n|upkeep\n|\n|t:|1683267229\n|switch|p2b: Amoonguss|Amoonguss, L50, M, shiny, tera:Steel|37\/100\n|turn|11\n|\n|t:|1683267237\n|move|p1a: Indeedee|Follow Me|p1a: Indeedee\n|-singleturn|p1a: Indeedee|move: Follow Me\n|move|p1b: Armarouge|Expanding Force|p2a: Flutter Mane|[spread] p2a,p2b\n|-resisted|p2b: Amoonguss\n|-damage|p2a: Flutter Mane|7\/100\n|-damage|p2b: Amoonguss|20\/100\n|move|p2a: Flutter Mane|Dazzling Gleam|p1a: Indeedee|[spread] p1a,p1b\n|-supereffective|p1a: Indeedee\n|-resisted|p1b: Armarouge\n|-damage|p1a: Indeedee|19\/100\n|-damage|p1b: Armarouge|49\/100\n|move|p2b: Amoonguss|Spore|p1a: Indeedee\n|-status|p1a: Indeedee|slp|[from] move: Spore\n|\n|upkeep\n|turn|12\n|inactive|Sa7tia has 30 seconds left.\n|inactive|Sa7tia has 20 seconds left.\n|\n|t:|1683267276\n|move|p2a: Flutter Mane|Protect|p2a: Flutter Mane\n|-singleturn|p2a: Flutter Mane|Protect\n|move|p1b: Armarouge|Expanding Force|p2a: Flutter Mane|[spread] p2b\n|-activate|p2a: Flutter Mane|move: Protect\n|-resisted|p2b: Amoonguss\n|-damage|p2b: Amoonguss|5\/100\n|cant|p1a: Indeedee|slp\n|move|p2b: Amoonguss|Spore|p1b: Armarouge\n|-status|p1b: Armarouge|slp|[from] move: Spore\n|\n|-fieldend|move: Psychic Terrain\n|upkeep\n|turn|13\n|\n|t:|1683267286\n|cant|p1b: Armarouge|slp\n|move|p2a: Flutter Mane|Shadow Ball|p1b: Armarouge\n|-supereffective|p1b: Armarouge\n|-damage|p1b: Armarouge|0 fnt\n|faint|p1b: Armarouge\n|-curestatus|p1a: Indeedee|slp|[msg]\n|move|p1a: Indeedee|Psychic|p2b: Amoonguss\n|-resisted|p2b: Amoonguss\n|-damage|p2b: Amoonguss|0 fnt\n|faint|p2b: Amoonguss\n|\n|upkeep\n|\n|t:|1683267290\n|switch|p1b: Chien-Pao|Chien-Pao, L50|100\/100\n|-ability|p1b: Chien-Pao|Sword of Ruin\n|turn|14\n|-message|Unvirgining Oil forfeited.\n|\n|win|Sa7tia\n|raw|Sa7tia's rating: 1432 → 1448<\/strong> (+16 for winning)\n|raw|Unvirgining Oil's rating: 1360 → 1344<\/strong> (-16 for losing)\n|l|\u2606Unvirgining Oil\n","uploadtime":1683267310,"views":10,"p1id":"sa7tia","p2id":"unvirginingoil","formatid":"gen9vgc2023regulationc","rating":1344,"private":0,"password":""}