{"id":"gen9vgc2023regulationc-1856840327","p1":"Stallionty-09","p2":"Vengeful potato","format":"[Gen 9] VGC 2023 Regulation C","log":"|j|\u2606Stallionty-09\n|j|\u2606Vengeful potato\n|t:|1683118166\n|gametype|doubles\n|player|p1|Stallionty-09|169|1205\n|player|p2|Vengeful potato|swimmer-gen4|1260\n|teamsize|p1|6\n|teamsize|p2|6\n|gen|9\n|tier|[Gen 9] VGC 2023 Regulation C\n|rated|\n|rule|Species Clause: Limit one of each Pok\u00e9mon\n|rule|Item Clause: Limit one of each item\n|clearpoke\n|poke|p1|Flutter Mane, L50|\n|poke|p1|Chi-Yu, L50|\n|poke|p1|Dragonite, L50, M|\n|poke|p1|Iron Bundle, L50|\n|poke|p1|Dondozo, L50, F|\n|poke|p1|Tatsugiri-Stretchy, L50, F|\n|poke|p2|Dudunsparce-*, L50, M|\n|poke|p2|Hariyama, L50, M|\n|poke|p2|Gholdengo, L50|\n|poke|p2|Salamence, L50, F|\n|poke|p2|Toedscruel, L50, F|\n|poke|p2|Rotom-Wash, L50|\n|teampreview|4\n|inactive|Battle timer is ON: inactive players will automatically lose when time's up. (requested by Stallionty-09)\n|\n|t:|1683118185\n|start\n|switch|p1a: Chi-Yu|Chi-Yu, L50|100\/100\n|switch|p1b: Iron Bundle|Iron Bundle, L50|100\/100\n|switch|p2a: Double Down|Dudunsparce, L50, M|100\/100\n|switch|p2b: THICC|Hariyama, L50, M, shiny|100\/100\n|-ability|p1a: Chi-Yu|Beads of Ruin\n|-enditem|p1b: Iron Bundle|Booster Energy\n|-activate|p1b: Iron Bundle|ability: Quark Drive|[fromitem]\n|-start|p1b: Iron Bundle|quarkdrivespe\n|turn|1\n|inactive|Stallionty-09 has 30 seconds left.\n|inactive|Stallionty-09 has 20 seconds left.\n|inactive|Stallionty-09 has 15 seconds left.\n|inactive|Stallionty-09 has 10 seconds left.\n|\n|t:|1683118233\n|-terastallize|p1a: Chi-Yu|Ghost\n|move|p2b: THICC|Fake Out|p1b: Iron Bundle\n|-damage|p1b: Iron Bundle|86\/100\n|cant|p1b: Iron Bundle|flinch\n|move|p1a: Chi-Yu|Heat Wave|p2a: Double Down|[spread] p2a,p2b\n|-damage|p2a: Double Down|54\/100\n|-damage|p2b: THICC|80\/100\n|-status|p2b: THICC|brn\n|move|p2a: Double Down|Glare|p1b: Iron Bundle\n|-status|p1b: Iron Bundle|par\n|\n|-damage|p2b: THICC|74\/100 brn|[from] brn\n|upkeep\n|turn|2\n|\n|t:|1683118254\n|move|p2b: THICC|Wide Guard|p2b: THICC\n|-singleturn|p2b: THICC|Wide Guard\n|move|p1a: Chi-Yu|Heat Wave|p2b: THICC|[spread] \n|-activate|p2a: Double Down|move: Wide Guard\n|-activate|p2b: THICC|move: Wide Guard\n|cant|p1b: Iron Bundle|par\n|move|p2a: Double Down|Glare|p1a: Chi-Yu\n|-status|p1a: Chi-Yu|par\n|\n|-damage|p2b: THICC|68\/100 brn|[from] brn\n|upkeep\n|turn|3\n|inactive|Vengeful potato has 30 seconds left.\n|\n|t:|1683118281\n|cant|p1b: Iron Bundle|par\n|cant|p1a: Chi-Yu|par\n|move|p2a: Double Down|Roost|p2a: Double Down\n|-heal|p2a: Double Down|100\/100\n|-singleturn|p2a: Double Down|move: Roost\n|move|p2b: THICC|Drain Punch|p1b: Iron Bundle\n|-supereffective|p1b: Iron Bundle\n|-damage|p1b: Iron Bundle|42\/100 par\n|-heal|p2b: THICC|81\/100 brn|[from] drain|[of] p1b: Iron Bundle\n|\n|-damage|p2b: THICC|75\/100 brn|[from] brn\n|upkeep\n|turn|4\n|\n|t:|1683118296\n|switch|p2a: MENACING|Salamence, L50, F|100\/100\n|-ability|p2a: MENACING|Intimidate|boost\n|-unboost|p1a: Chi-Yu|atk|1\n|-unboost|p1b: Iron Bundle|atk|1\n|cant|p1b: Iron Bundle|par\n|cant|p1a: Chi-Yu|par\n|move|p2b: THICC|Drain Punch|p1b: Iron Bundle\n|-supereffective|p1b: Iron Bundle\n|-damage|p1b: Iron Bundle|0 fnt\n|-heal|p2b: THICC|88\/100 brn|[from] drain|[of] p1b: Iron Bundle\n|faint|p1b: Iron Bundle\n|-end|p1b: Iron Bundle|Quark Drive|[silent]\n|\n|-damage|p2b: THICC|82\/100 brn|[from] brn\n|upkeep\n|\n|t:|1683118314\n|switch|p1b: Dondozo|Dondozo, L50, F|100\/100\n|turn|5\n|\n|t:|1683118326\n|switch|p1a: Tatsugiri|Tatsugiri-Stretchy, L50, F|100\/100\n|-activate|p1a: Tatsugiri|ability: Commander|[of] p1b: Dondozo\n|-boost|p1b: Dondozo|atk|2\n|-boost|p1b: Dondozo|spa|2\n|-boost|p1b: Dondozo|spe|2\n|-boost|p1b: Dondozo|def|2\n|-boost|p1b: Dondozo|spd|2\n|switch|p2b: Double Down|Dudunsparce, L50, M|100\/100\n|move|p1b: Dondozo|Order Up|p2a: MENACING\n|-supereffective|p2a: MENACING\n|-damage|p2a: MENACING|0 fnt\n|faint|p2a: MENACING\n|-boost|p1b: Dondozo|spe|1\n|\n|upkeep\n|\n|t:|1683118339\n|switch|p2a: THICC|Hariyama, L50, M, shiny|82\/100 brn\n|turn|6\n|\n|t:|1683118346\n|move|p2a: THICC|Fake Out|p1b: Dondozo\n|-damage|p1b: Dondozo|98\/100\n|cant|p1b: Dondozo|flinch\n|move|p2b: Double Down|Glare|p1b: Dondozo\n|-status|p1b: Dondozo|par\n|\n|-heal|p1b: Dondozo|100\/100 par|[from] item: Leftovers\n|-damage|p2a: THICC|76\/100 brn|[from] brn\n|upkeep\n|turn|7\n|\n|t:|1683118358\n|switch|p2a: Big Stonks|Gholdengo, L50|100\/100\n|move|p1b: Dondozo|Order Up|p2b: Double Down\n|-damage|p2b: Double Down|59\/100\n|-boost|p1b: Dondozo|spe|1\n|move|p2b: Double Down|Rock Slide|p1b: Dondozo|[spread] p1b\n|-miss|p2b: Double Down|p1a: Tatsugiri\n|-damage|p1b: Dondozo|96\/100 par\n|\n|-heal|p1b: Dondozo|100\/100 par|[from] item: Leftovers\n|upkeep\n|turn|8\n|inactive|Stallionty-09 has 30 seconds left.\n|\n|t:|1683118384\n|move|p1b: Dondozo|Order Up|p2b: Double Down\n|-damage|p2b: Double Down|21\/100\n|-enditem|p2b: Double Down|Sitrus Berry|[eat]\n|-heal|p2b: Double Down|46\/100|[from] item: Sitrus Berry\n|-boost|p1b: Dondozo|spe|1\n|move|p2b: Double Down|Rock Slide|p1b: Dondozo|[spread] \n|-miss|p2b: Double Down|p1a: Tatsugiri\n|-miss|p2b: Double Down|p1b: Dondozo\n|move|p2a: Big Stonks|Hex|p1b: Dondozo\n|-damage|p1b: Dondozo|43\/100 par\n|\n|-heal|p1b: Dondozo|49\/100 par|[from] item: Leftovers\n|upkeep\n|turn|9\n|\n|t:|1683118402\n|switch|p2a: THICC|Hariyama, L50, M, shiny|76\/100 brn\n|move|p1b: Dondozo|Wave Crash|p2a: THICC\n|-damage|p2a: THICC|0 fnt\n|faint|p2a: THICC\n|-damage|p1b: Dondozo|26\/100 par|[from] Recoil\n|move|p2b: Double Down|Roost|p2b: Double Down\n|-heal|p2b: Double Down|96\/100\n|-singleturn|p2b: Double Down|move: Roost\n|\n|-heal|p1b: Dondozo|32\/100 par|[from] item: Leftovers\n|upkeep\n|\n|t:|1683118406\n|switch|p2a: Big Stonks|Gholdengo, L50|100\/100\n|turn|10\n|\n|t:|1683118421\n|cant|p1b: Dondozo|par\n|move|p2b: Double Down|Rock Slide|p1b: Dondozo|[spread] p1b\n|-miss|p2b: Double Down|p1a: Tatsugiri\n|-damage|p1b: Dondozo|28\/100 par\n|move|p2a: Big Stonks|Hex|p1b: Dondozo\n|-damage|p1b: Dondozo|0 fnt\n|faint|p1b: Dondozo\n|\n|upkeep\n|\n|t:|1683118432\n|switch|p1b: Chi-Yu|Chi-Yu, L50, tera:Ghost|100\/100 par\n|-ability|p1b: Chi-Yu|Beads of Ruin\n|turn|11\n|\n|t:|1683118451\n|-terastallize|p2a: Big Stonks|Fairy\n|move|p1a: Tatsugiri|Helping Hand|p1b: Chi-Yu\n|-singleturn|p1b: Chi-Yu|Helping Hand|[of] p1a: Tatsugiri\n|cant|p1b: Chi-Yu|par\n|move|p2b: Double Down|Glare|p1a: Tatsugiri\n|-status|p1a: Tatsugiri|par\n|move|p2a: Big Stonks|Hex|p1b: Chi-Yu\n|-supereffective|p1b: Chi-Yu\n|-damage|p1b: Chi-Yu|0 fnt\n|faint|p1b: Chi-Yu\n|\n|upkeep\n|turn|12\n|\n|t:|1683118467\n|move|p2b: Double Down|Rock Slide|p1a: Tatsugiri\n|-damage|p1a: Tatsugiri|68\/100 par\n|move|p2a: Big Stonks|Hex|p1a: Tatsugiri\n|-damage|p1a: Tatsugiri|0 fnt\n|faint|p1a: Tatsugiri\n|\n|win|Vengeful potato\n|raw|Stallionty-09's rating: 1205 → 1184<\/strong> (-21 for losing)\n|raw|Vengeful potato's rating: 1260 → 1281<\/strong> (+21 for winning)\n|c|\u2606Vengeful potato|Ggs\n|l|\u2606Stallionty-09\n","uploadtime":1683118475,"views":7,"p1id":"stallionty09","p2id":"vengefulpotato","formatid":"gen9vgc2023regulationc","rating":1184,"private":0,"password":""}