{"id":"gen9vgc2023regulationc-1852882794","p1":"Xqxq","p2":"Disobedient_vgc","format":"[Gen 9] VGC 2023 Regulation C","log":"|j|\u2606Xqxq\n|j|\u2606Disobedient_vgc\n|t:|1682614240\n|gametype|doubles\n|player|p1|Xqxq|grimsley|1176\n|player|p2|Disobedient_vgc|palmer|1211\n|teamsize|p1|6\n|teamsize|p2|6\n|gen|9\n|tier|[Gen 9] VGC 2023 Regulation C\n|rated|\n|rule|Species Clause: Limit one of each Pok\u00e9mon\n|rule|Item Clause: Limit one of each item\n|clearpoke\n|poke|p1|Tyranitar, L50, F|\n|poke|p1|Lycanroc, L50, F|\n|poke|p1|Gholdengo, L50|\n|poke|p1|Meowscarada, L50, M|\n|poke|p1|Tauros-Paldea-Aqua, L50, M|\n|poke|p1|Garchomp, L50, F|\n|poke|p2|Palafin, L50, M|\n|poke|p2|Arcanine, L50, M|\n|poke|p2|Amoonguss, L50, M|\n|poke|p2|Dragapult, L50, M|\n|poke|p2|Flutter Mane, L50|\n|poke|p2|Chien-Pao, L50|\n|teampreview|4\nDisobedient_vgc rejected open team sheets.\n|\n|t:|1682614273\n|start\n|switch|p1a: Tyranitar|Tyranitar, L50, F|100\/100\n|switch|p1b: Lycanroc|Lycanroc, L50, F|100\/100\n|switch|p2a: Palafin|Palafin, L50, M, shiny|100\/100\n|switch|p2b: Amoonguss|Amoonguss, L50, M, shiny|100\/100\n|-weather|Sandstorm|[from] ability: Sand Stream|[of] p1a: Tyranitar\n|turn|1\n|inactive|Battle timer is ON: inactive players will automatically lose when time's up. (requested by Disobedient_vgc)\n|\n|t:|1682614292\n|detailschange|p2a: Palafin|Palafin-Hero, L50, M, shiny\n|switch|p2a: Arcanine|Arcanine, L50, M, shiny|100\/100\n|-ability|p2a: Arcanine|Intimidate|boost\n|-unboost|p1a: Tyranitar|atk|1\n|-unboost|p1b: Lycanroc|atk|1\n|-terastallize|p1a: Tyranitar|Flying\n|-terastallize|p2b: Amoonguss|Water\n|move|p1b: Lycanroc|Zen Headbutt|p2b: Amoonguss|[miss]\n|-miss|p1b: Lycanroc|p2b: Amoonguss\n|move|p1a: Tyranitar|Tera Blast|p2b: Amoonguss\n|-damage|p2b: Amoonguss|78\/100\n|move|p2b: Amoonguss|Spore|p1b: Lycanroc\n|-status|p1b: Lycanroc|slp|[from] move: Spore\n|\n|-weather|Sandstorm|[upkeep]\n|-damage|p2a: Arcanine|94\/100|[from] Sandstorm\n|-damage|p1a: Tyranitar|95\/100|[from] Sandstorm\n|-damage|p2b: Amoonguss|72\/100|[from] Sandstorm\n|upkeep\n|turn|2\n|inactive|Xqxq has 30 seconds left.\n|inactive|Disobedient_vgc has 30 seconds left.\n|inactive|Xqxq has 20 seconds left.\n|\n|t:|1682614329\n|switch|p1b: Meowscarada|Meowscarada, L50, M|100\/100\n|switch|p2a: Palafin|Palafin-Hero, L50, M, shiny|100\/100\n|-activate|p2a: Palafin|ability: Zero to Hero\n|move|p1a: Tyranitar|Rock Slide|p2b: Amoonguss|[spread] p2a,p2b\n|-crit|p2a: Palafin\n|-damage|p2a: Palafin|56\/100\n|-damage|p2b: Amoonguss|57\/100\n|move|p2b: Amoonguss|Spore|p1a: Tyranitar\n|-status|p1a: Tyranitar|slp|[from] move: Spore\n|\n|-weather|Sandstorm|[upkeep]\n|-damage|p1b: Meowscarada|95\/100|[from] Sandstorm\n|-damage|p2a: Palafin|50\/100|[from] Sandstorm\n|-damage|p1a: Tyranitar|89\/100 slp|[from] Sandstorm\n|-damage|p2b: Amoonguss|51\/100|[from] Sandstorm\n|upkeep\n|turn|3\n|inactive|Disobedient_vgc has 30 seconds left.\n|\n|t:|1682614355\n|move|p2a: Palafin|Protect|p2a: Palafin\n|-singleturn|p2a: Palafin|Protect\n|move|p1b: Meowscarada|Flower Trick|p2a: Palafin\n|-start|p1b: Meowscarada|typechange|Grass|[from] ability: Protean\n|-activate|p2a: Palafin|move: Protect\n|cant|p1a: Tyranitar|slp\n|move|p2b: Amoonguss|Pollen Puff|p1b: Meowscarada\n|-supereffective|p1b: Meowscarada\n|-damage|p1b: Meowscarada|36\/100\n|\n|-weather|Sandstorm|[upkeep]\n|-damage|p1b: Meowscarada|30\/100|[from] Sandstorm\n|-damage|p2a: Palafin|44\/100|[from] Sandstorm\n|-damage|p1a: Tyranitar|83\/100 slp|[from] Sandstorm\n|-damage|p2b: Amoonguss|45\/100|[from] Sandstorm\n|upkeep\n|turn|4\n|\n|t:|1682614375\n|switch|p2a: Arcanine|Arcanine, L50, M, shiny|94\/100\n|-ability|p2a: Arcanine|Intimidate|boost\n|-unboost|p1a: Tyranitar|atk|1\n|-unboost|p1b: Meowscarada|atk|1\n|move|p1b: Meowscarada|Flower Trick|p2a: Arcanine\n|-resisted|p2a: Arcanine\n|-crit|p2a: Arcanine\n|-damage|p2a: Arcanine|71\/100\n|cant|p1a: Tyranitar|slp\n|move|p2b: Amoonguss|Pollen Puff|p1b: Meowscarada\n|-supereffective|p1b: Meowscarada\n|-damage|p1b: Meowscarada|0 fnt\n|faint|p1b: Meowscarada\n|\n|-weather|Sandstorm|[upkeep]\n|-damage|p2a: Arcanine|64\/100|[from] Sandstorm\n|-damage|p1a: Tyranitar|77\/100 slp|[from] Sandstorm\n|-damage|p2b: Amoonguss|39\/100|[from] Sandstorm\n|upkeep\n|\n|t:|1682614387\n|switch|p1b: Lycanroc|Lycanroc, L50, F|100\/100 slp\n|turn|5\n|\n|t:|1682614401\n|switch|p2b: Palafin|Palafin-Hero, L50, M, shiny|44\/100\n|cant|p1b: Lycanroc|slp\n|move|p2a: Arcanine|Flare Blitz|p1a: Tyranitar\n|-damage|p1a: Tyranitar|37\/100 slp\n|-damage|p2a: Arcanine|50\/100|[from] Recoil\n|-enditem|p2a: Arcanine|Sitrus Berry|[eat]\n|-heal|p2a: Arcanine|75\/100|[from] item: Sitrus Berry\n|cant|p1a: Tyranitar|slp\n|\n|-weather|Sandstorm|[upkeep]\n|-damage|p2b: Palafin|38\/100|[from] Sandstorm\n|-damage|p2a: Arcanine|69\/100|[from] Sandstorm\n|-damage|p1a: Tyranitar|31\/100 slp|[from] Sandstorm\n|upkeep\n|turn|6\n|\n|t:|1682614422\n|-curestatus|p1b: Lycanroc|slp|[msg]\n|move|p1b: Lycanroc|Stone Edge|p2b: Palafin\n|-damage|p2b: Palafin|0 fnt\n|faint|p2b: Palafin\n|move|p2a: Arcanine|Flare Blitz|p1a: Tyranitar\n|-damage|p1a: Tyranitar|0 fnt\n|faint|p1a: Tyranitar\n|-damage|p2a: Arcanine|58\/100|[from] Recoil\n|\n|-weather|Sandstorm|[upkeep]\n|-damage|p2a: Arcanine|52\/100|[from] Sandstorm\n|upkeep\n|\n|t:|1682614432\n|switch|p2b: Amoonguss|Amoonguss, L50, M, shiny, tera:Water|72\/100\n|switch|p1a: Gholdengo|Gholdengo, L50|100\/100\n|turn|7\n|\n|t:|1682614443\n|move|p2a: Arcanine|Protect|p2a: Arcanine\n|-singleturn|p2a: Arcanine|Protect\n|move|p1b: Lycanroc|Stone Edge|p2a: Arcanine\n|-activate|p2a: Arcanine|move: Protect\n|move|p1a: Gholdengo|Trick|p2b: Amoonguss\n|-activate|p1a: Gholdengo|move: Trick|[of] p2b: Amoonguss\n|-item|p2b: Amoonguss|Choice Specs|[from] move: Trick\n|-item|p1a: Gholdengo|Wiki Berry|[from] move: Trick\n|move|p2b: Amoonguss|Spore|p1b: Lycanroc\n|-status|p1b: Lycanroc|slp|[from] move: Spore\n|\n|-weather|Sandstorm|[upkeep]\n|-damage|p2a: Arcanine|46\/100|[from] Sandstorm\n|-damage|p2b: Amoonguss|66\/100|[from] Sandstorm\n|upkeep\n|turn|8\n|\n|t:|1682614464\n|switch|p2b: Flutter Mane|Flutter Mane, L50, shiny|100\/100\n|cant|p1b: Lycanroc|slp\n|move|p1a: Gholdengo|Shadow Ball|p2a: Arcanine\n|-damage|p2a: Arcanine|11\/100\n|move|p2a: Arcanine|Flare Blitz|p1a: Gholdengo\n|-supereffective|p1a: Gholdengo\n|-damage|p1a: Gholdengo|0 fnt\n|faint|p1a: Gholdengo\n|-damage|p2a: Arcanine|0 fnt|[from] Recoil\n|faint|p2a: Arcanine\n|\n|-weather|none\n|upkeep\n|\n|t:|1682614477\n|switch|p2a: Amoonguss|Amoonguss, L50, M, shiny, tera:Water|99\/100\n|turn|9\n|\n|t:|1682614485\n|move|p2b: Flutter Mane|Protect|p2b: Flutter Mane\n|-singleturn|p2b: Flutter Mane|Protect\n|-curestatus|p1b: Lycanroc|slp|[msg]\n|move|p1b: Lycanroc|Stone Edge|p2b: Flutter Mane\n|-activate|p2b: Flutter Mane|move: Protect\n|move|p2a: Amoonguss|Leaf Storm|p1b: Lycanroc\n|-supereffective|p1b: Lycanroc\n|-damage|p1b: Lycanroc|0 fnt\n|-unboost|p2a: Amoonguss|spa|2\n|faint|p1b: Lycanroc\n|\n|win|Disobedient_vgc\n|raw|Xqxq's rating: 1176 → 1154<\/strong> (-22 for losing)\n|raw|Disobedient_vgc's rating: 1211 → 1233<\/strong> (+22 for winning)\n|c|\u2606Xqxq|Gg wp\n|l|\u2606Xqxq\n|c|\u2606Disobedient_vgc|gg\n","uploadtime":1682614509,"views":13,"p1id":"xqxq","p2id":"disobedientvgc","formatid":"gen9vgc2023regulationc","rating":1154,"private":0,"password":""}