{"id":"gen9vgc2023regulationc-1855320274","p1":"PrismaAce","p2":"Aboogaboogaboo","format":"[Gen 9] VGC 2023 Regulation C","log":"|j|\u2606PrismaAce\n|j|\u2606Aboogaboogaboo\n|t:|1682936438\n|gametype|doubles\n|player|p1|PrismaAce|akari|1132\n|player|p2|Aboogaboogaboo|doubleteam|1203\n|teamsize|p1|6\n|teamsize|p2|6\n|gen|9\n|tier|[Gen 9] VGC 2023 Regulation C\n|rated|\n|rule|Species Clause: Limit one of each Pok\u00e9mon\n|rule|Item Clause: Limit one of each item\n|clearpoke\n|poke|p1|Ting-Lu, L50|\n|poke|p1|Wo-Chien, L50|\n|poke|p1|Gothitelle, L50, M|\n|poke|p1|Arcanine, L50, F|\n|poke|p1|Palafin, L50, F|\n|poke|p1|Chi-Yu, L50|\n|poke|p2|Pelipper, L50, M|\n|poke|p2|Iron Moth, L50|\n|poke|p2|Amoonguss, L50, F|\n|poke|p2|Beartic, L50, F|\n|poke|p2|Barraskewda, L50, F|\n|poke|p2|Polteageist, L50|\n|teampreview|4\n|inactive|Battle timer is ON: inactive players will automatically lose when time's up. (requested by Aboogaboogaboo)\n|inactive|Aboogaboogaboo has 60 seconds left.\n|\n|t:|1682936471\n|start\n|switch|p1a: Palafin|Palafin, L50, F|100\/100\n|switch|p1b: pre-record|Gothitelle, L50, M|100\/100\n|switch|p2a: Barraskewda|Barraskewda, L50, F|100\/100\n|switch|p2b: Amoonguss|Amoonguss, L50, F, shiny|100\/100\n|turn|1\n|\n|t:|1682936484\n|detailschange|p1a: Palafin|Palafin-Hero, L50, F\n|switch|p1a: live reaction|Wo-Chien, L50|100\/100\n|-ability|p1a: live reaction|Tablets of Ruin\n|move|p1b: pre-record|Fake Out|p2b: Amoonguss\n|-damage|p2b: Amoonguss|97\/100\n|move|p2a: Barraskewda|Liquidation|p1b: pre-record\n|-damage|p1b: pre-record|52\/100\n|cant|p2b: Amoonguss|flinch\n|\n|-heal|p1b: pre-record|58\/100|[from] item: Leftovers\n|upkeep\n|turn|2\n|inactive|Aboogaboogaboo has 30 seconds left.\n|inactive|Aboogaboogaboo has 20 seconds left.\n|inactive|Aboogaboogaboo has 15 seconds left.\n|inactive|Aboogaboogaboo has 10 seconds left.\n|\n|t:|1682936530\n|move|p2a: Barraskewda|Liquidation|p1b: pre-record\n|-damage|p1b: pre-record|3\/100\n|-unboost|p1b: pre-record|def|1\n|move|p1a: live reaction|Pollen Puff|p1b: pre-record\n|-heal|p1b: pre-record|53\/100\n|move|p1b: pre-record|Thunder Wave|p2a: Barraskewda\n|-status|p2a: Barraskewda|par\n|move|p2b: Amoonguss|Clear Smog|p1b: pre-record\n|-damage|p1b: pre-record|41\/100\n|-clearboost|p1b: pre-record\n|\n|-heal|p1b: pre-record|47\/100|[from] item: Leftovers\n|upkeep\n|turn|3\n|\n|t:|1682936544\n|move|p1a: live reaction|Pollen Puff|p1b: pre-record\n|-heal|p1b: pre-record|96\/100\n|move|p1b: pre-record|Thunder Wave|p2b: Amoonguss\n|-status|p2b: Amoonguss|par\n|cant|p2a: Barraskewda|par\n|cant|p2b: Amoonguss|par\n|\n|-heal|p1b: pre-record|100\/100|[from] item: Leftovers\n|upkeep\n|turn|4\n|\n|t:|1682936568\n|move|p1a: live reaction|Leech Seed|p2a: Barraskewda\n|-start|p2a: Barraskewda|move: Leech Seed\n|move|p1b: pre-record|Psychic|p2b: Amoonguss\n|-supereffective|p2b: Amoonguss\n|-damage|p2b: Amoonguss|43\/100 par\n|move|p2a: Barraskewda|Liquidation|p1b: pre-record\n|-damage|p1b: pre-record|51\/100\n|-unboost|p1b: pre-record|def|1\n|cant|p2b: Amoonguss|par\n|\n|-heal|p1b: pre-record|57\/100|[from] item: Leftovers\n|-damage|p2a: Barraskewda|88\/100 par|[from] Leech Seed|[of] p1a: live reaction\n|upkeep\n|turn|5\n|\n|t:|1682936588\n|move|p1a: live reaction|Pollen Puff|p1b: pre-record\n|-heal|p1b: pre-record|100\/100\n|move|p1b: pre-record|Psychic|p2b: Amoonguss\n|-supereffective|p2b: Amoonguss\n|-damage|p2b: Amoonguss|0 fnt\n|faint|p2b: Amoonguss\n|move|p2a: Barraskewda|Liquidation|p1b: pre-record\n|-damage|p1b: pre-record|30\/100\n|\n|-heal|p1b: pre-record|35\/100|[from] item: Leftovers\n|-damage|p2a: Barraskewda|76\/100 par|[from] Leech Seed|[of] p1a: live reaction\n|upkeep\n|\n|t:|1682936592\n|switch|p2b: Pelipper|Pelipper, L50, M|100\/100\n|-weather|RainDance|[from] ability: Drizzle|[of] p2b: Pelipper\n|turn|6\n|\n|t:|1682936601\n|move|p2a: Barraskewda|Liquidation|p1b: pre-record\n|-damage|p1b: pre-record|0 fnt\n|faint|p1b: pre-record\n|move|p1a: live reaction|Leech Seed|p2b: Pelipper\n|-start|p2b: Pelipper|move: Leech Seed\n|move|p2b: Pelipper|Hurricane|p1a: live reaction\n|-supereffective|p1a: live reaction\n|-damage|p1a: live reaction|32\/100\n|-start|p1a: live reaction|confusion\n|\n|-weather|RainDance|[upkeep]\n|-damage|p2a: Barraskewda|64\/100 par|[from] Leech Seed|[of] p1a: live reaction\n|-heal|p1a: live reaction|45\/100|[silent]\n|-damage|p2b: Pelipper|88\/100|[from] Leech Seed|[of] p1a: live reaction\n|-heal|p1a: live reaction|56\/100|[silent]\n|upkeep\n|\n|t:|1682936607\n|switch|p1b: Palafin|Palafin-Hero, L50, F|100\/100\n|-activate|p1b: Palafin|ability: Zero to Hero\n|turn|7\n|\n|t:|1682936621\n|switch|p1a: high skill gaming|Ting-Lu, L50|100\/100\n|-ability|p1a: high skill gaming|Vessel of Ruin\n|-terastallize|p1b: Palafin|Water\n|move|p1b: Palafin|Jet Punch|p2a: Barraskewda\n|-resisted|p2a: Barraskewda\n|-damage|p2a: Barraskewda|0 fnt\n|faint|p2a: Barraskewda\n|move|p2b: Pelipper|Hurricane|p1b: Palafin\n|-damage|p1b: Palafin|63\/100\n|-start|p1b: Palafin|confusion\n|\n|-weather|RainDance|[upkeep]\n|-damage|p2b: Pelipper|76\/100|[from] Leech Seed|[of] p1a: high skill gaming\n|upkeep\n|\n|t:|1682936629\n|switch|p2a: Polteageist|Polteageist, L50|100\/100\n|turn|8\n|\n|t:|1682936642\n|switch|p1b: live reaction|Wo-Chien, L50|56\/100\n|-ability|p1b: live reaction|Tablets of Ruin\n|-terastallize|p2b: Pelipper|Flying\n|move|p1a: high skill gaming|Mud-Slap|p2a: Polteageist\n|-damage|p2a: Polteageist|95\/100\n|-unboost|p2a: Polteageist|accuracy|1\n|move|p2b: Pelipper|Hurricane|p1b: live reaction\n|-supereffective|p1b: live reaction\n|-damage|p1b: live reaction|0 fnt\n|faint|p1b: live reaction\n|move|p2a: Polteageist|Trick Room|p2a: Polteageist\n|-fieldstart|move: Trick Room|[of] p2a: Polteageist\n|-enditem|p2a: Polteageist|Room Service\n|-unboost|p2a: Polteageist|spe|1|[from] item: Room Service\n|\n|-weather|RainDance|[upkeep]\n|-damage|p2b: Pelipper|64\/100|[from] Leech Seed|[of] p1a: high skill gaming\n|upkeep\n|\n|t:|1682936652\n|switch|p1b: Palafin|Palafin-Hero, L50, F, tera:Water|63\/100\n|turn|9\n|\n|t:|1682936667\n|move|p1b: Palafin|Jet Punch|p2a: Polteageist\n|-damage|p2a: Polteageist|0 fnt\n|faint|p2a: Polteageist\n|move|p2b: Pelipper|Hurricane|p1b: Palafin\n|-damage|p1b: Palafin|16\/100\n|move|p1a: high skill gaming|Heavy Slam|p2b: Pelipper\n|-damage|p2b: Pelipper|21\/100\n|\n|-weather|RainDance|[upkeep]\n|-damage|p2b: Pelipper|8\/100|[from] Leech Seed|[of] p1a: high skill gaming\n|upkeep\n|turn|10\n|-message|Aboogaboogaboo forfeited.\n|\n|win|PrismaAce\n|raw|PrismaAce's rating: 1132 → 1162<\/strong> (+30 for winning)\n|raw|Aboogaboogaboo's rating: 1203 → 1173<\/strong> (-30 for losing)\n|l|\u2606Aboogaboogaboo\n","uploadtime":1682936681,"views":25,"p1id":"prismaace","p2id":"aboogaboogaboo","formatid":"gen9vgc2023regulationc","rating":1162,"private":0,"password":""}