{"id":"gen9vgc2023regulationc-1848541450","p1":"waluigiest","p2":"BlindMagneton","format":"[Gen 9] VGC 2023 Regulation C","log":"|j|\u2606waluigiest\n|j|\u2606BlindMagneton\n|t:|1682088522\n|gametype|doubles\n|player|p1|waluigiest|cameraman|1288\n|player|p2|BlindMagneton|wattson|1267\n|teamsize|p1|6\n|teamsize|p2|6\n|gen|9\n|tier|[Gen 9] VGC 2023 Regulation C\n|rated|\n|rule|Species Clause: Limit one of each Pok\u00e9mon\n|rule|Item Clause: Limit one of each item\n|clearpoke\n|poke|p1|Misdreavus, L50, M|\n|poke|p1|Flutter Mane, L50|\n|poke|p1|Ting-Lu, L50|\n|poke|p1|Gyarados, L50, M|\n|poke|p1|Amoonguss, L50, M|\n|poke|p1|Hariyama, L50, M|\n|poke|p2|Florges-White, L50, F|\n|poke|p2|Wo-Chien, L50|\n|poke|p2|Ceruledge, L50, M|\n|poke|p2|Grimmsnarl, L50, M|\n|poke|p2|Chien-Pao, L50|\n|poke|p2|Dragapult, L50, F|\n|teampreview|4\n|inactive|Battle timer is ON: inactive players will automatically lose when time's up. (requested by waluigiest)\n|\n|t:|1682088618\n|start\n|switch|p1a: Hariyama|Hariyama, L50, M|100\/100\n|switch|p1b: Misdreavus|Misdreavus, L50, M|100\/100\n|switch|p2a: Grimmsnarl|Grimmsnarl, L50, M|100\/100\n|switch|p2b: Ceruledge|Ceruledge, L50, M|100\/100\n|turn|1\n|\n|t:|1682088633\n|move|p2a: Grimmsnarl|Fake Out|p1a: Hariyama\n|-damage|p1a: Hariyama|83\/100\n|cant|p1a: Hariyama|flinch\n|move|p2b: Ceruledge|Bulk Up|p2b: Ceruledge\n|-boost|p2b: Ceruledge|atk|1\n|-boost|p2b: Ceruledge|def|1\n|move|p1b: Misdreavus|Trick Room|p1b: Misdreavus\n|-fieldstart|move: Trick Room|[of] p1b: Misdreavus\n|\n|-status|p1a: Hariyama|brn|[from] item: Flame Orb\n|upkeep\n|turn|2\n|inactive|BlindMagneton has 30 seconds left.\n|inactive|waluigiest has 30 seconds left.\n|inactive|BlindMagneton has 20 seconds left.\n|inactive|BlindMagneton has 15 seconds left.\n|inactive|BlindMagneton has 10 seconds left.\n|\n|t:|1682088682\n|switch|p1b: Ting-Lu|Ting-Lu, L50|100\/100\n|-ability|p1b: Ting-Lu|Vessel of Ruin\n|move|p1a: Hariyama|Bullet Punch|p2a: Grimmsnarl\n|-supereffective|p2a: Grimmsnarl\n|-damage|p2a: Grimmsnarl|40\/100\n|move|p2a: Grimmsnarl|Swagger|p1b: Ting-Lu\n|-hint|Since gen 7, Dark is immune to Prankster moves.\n|-immune|p1b: Ting-Lu\n|move|p2b: Ceruledge|Bitter Blade|p1a: Hariyama\n|-damage|p1a: Hariyama|0 fnt\n|faint|p1a: Hariyama\n|\n|upkeep\n|\n|t:|1682088695\n|switch|p1a: Gyarados|Gyarados, L50, M|100\/100\n|-ability|p1a: Gyarados|Intimidate|boost\n|-unboost|p2a: Grimmsnarl|atk|1\n|-fail|p2b: Ceruledge|unboost|[from] item: Clear Amulet|[of] p2b: Ceruledge\n|turn|3\n|\n|t:|1682088712\n|switch|p2a: Wo-Chien|Wo-Chien, L50|100\/100\n|-ability|p2a: Wo-Chien|Tablets of Ruin\n|switch|p1a: Misdreavus|Misdreavus, L50, M|100\/100\n|move|p2b: Ceruledge|Protect|p2b: Ceruledge\n|-singleturn|p2b: Ceruledge|Protect\n|move|p1b: Ting-Lu|Earthquake|p2b: Ceruledge|[spread] p2a\n|-activate|p2b: Ceruledge|move: Protect\n|-immune|p1a: Misdreavus|[from] ability: Levitate\n|-resisted|p2a: Wo-Chien\n|-damage|p2a: Wo-Chien|89\/100\n|\n|-heal|p2a: Wo-Chien|95\/100|[from] item: Leftovers\n|upkeep\n|turn|4\n|inactive|BlindMagneton has 30 seconds left.\n|inactive|BlindMagneton has 20 seconds left.\n|inactive|BlindMagneton has 15 seconds left.\n|\n|t:|1682088753\n|-terastallize|p2b: Ceruledge|Grass\n|move|p1b: Ting-Lu|Protect|p1b: Ting-Lu\n|-singleturn|p1b: Ting-Lu|Protect\n|move|p2a: Wo-Chien|Taunt|p1a: Misdreavus\n|-start|p1a: Misdreavus|move: Taunt\n|cant|p1a: Misdreavus|move: Taunt|Will-O-Wisp\n|move|p2b: Ceruledge|Bulk Up|p2b: Ceruledge\n|-boost|p2b: Ceruledge|atk|1\n|-boost|p2b: Ceruledge|def|1\n|\n|-heal|p2a: Wo-Chien|100\/100|[from] item: Leftovers\n|upkeep\n|turn|5\n|inactive|BlindMagneton has 30 seconds left.\n|\n|t:|1682088781\n|switch|p1a: Gyarados|Gyarados, L50, M|100\/100\n|-ability|p1a: Gyarados|Intimidate|boost\n|-unboost|p2a: Wo-Chien|atk|1\n|-fail|p2b: Ceruledge|unboost|[from] item: Clear Amulet|[of] p2b: Ceruledge\n|move|p1b: Ting-Lu|Heavy Slam|p2b: Ceruledge\n|-crit|p2b: Ceruledge\n|-damage|p2b: Ceruledge|49\/100\n|move|p2a: Wo-Chien|Pollen Puff|p2b: Ceruledge\n|-heal|p2b: Ceruledge|99\/100\n|move|p2b: Ceruledge|Bitter Blade|p1a: Gyarados\n|-resisted|p1a: Gyarados\n|-damage|p1a: Gyarados|57\/100\n|-heal|p2b: Ceruledge|100\/100|[from] drain|[of] p1a: Gyarados\n|\n|-fieldend|move: Trick Room\n|upkeep\n|turn|6\n|\n|t:|1682088802\n|-terastallize|p1a: Gyarados|Flying\n|move|p2b: Ceruledge|Protect|p2b: Ceruledge\n|-singleturn|p2b: Ceruledge|Protect\n|move|p1a: Gyarados|Tera Blast|p2b: Ceruledge\n|-activate|p2b: Ceruledge|move: Protect\n|move|p2a: Wo-Chien|Taunt|p1a: Gyarados\n|-start|p1a: Gyarados|move: Taunt\n|move|p1b: Ting-Lu|Heavy Slam|p2b: Ceruledge\n|-activate|p2b: Ceruledge|move: Protect\n|\n|upkeep\n|turn|7\n|\n|t:|1682088818\n|move|p1a: Gyarados|Tera Blast|p2a: Wo-Chien\n|-supereffective|p2a: Wo-Chien\n|-damage|p2a: Wo-Chien|38\/100\n|move|p2b: Ceruledge|Bitter Blade|p1a: Gyarados\n|-damage|p1a: Gyarados|0 fnt\n|faint|p1a: Gyarados\n|move|p2a: Wo-Chien|Pollen Puff|p2b: Ceruledge\n|-immune|p2b: Ceruledge\n|move|p1b: Ting-Lu|Rock Slide|p2a: Wo-Chien|[spread] p2a,p2b\n|-damage|p2a: Wo-Chien|27\/100\n|-damage|p2b: Ceruledge|92\/100\n|\n|-heal|p2a: Wo-Chien|33\/100|[from] item: Leftovers\n|upkeep\n|-message|waluigiest forfeited.\n|\n|win|BlindMagneton\n|raw|waluigiest's rating: 1288 → 1261<\/strong> (-27 for losing)\n|raw|BlindMagneton's rating: 1267 → 1294<\/strong> (+27 for winning)\n|l|\u2606waluigiest\n","uploadtime":1682088839,"views":8,"p1id":"waluigiest","p2id":"blindmagneton","formatid":"gen9vgc2023regulationc","rating":1261,"private":0,"password":""}