{"id":"gen9vgc2023regulationc-1846444624","p1":"GoldenPants03","p2":"Tempesthydrox","format":"[Gen 9] VGC 2023 Regulation C","log":"|j|\u2606GoldenPants03\n|j|\u2606Tempesthydrox\n|t:|1681841386\n|gametype|doubles\n|player|p1|GoldenPants03|red|1165\n|player|p2|Tempesthydrox|265|1209\n|teamsize|p1|6\n|teamsize|p2|6\n|gen|9\n|tier|[Gen 9] VGC 2023 Regulation C\n|rated|\n|rule|Species Clause: Limit one of each Pok\u00e9mon\n|rule|Item Clause: Limit one of each item\n|clearpoke\n|poke|p1|Palafin, L50, F|\n|poke|p1|Arcanine, L50, M|\n|poke|p1|Dragapult, L50, M|\n|poke|p1|Chien-Pao, L50|\n|poke|p1|Amoonguss, L50, M|\n|poke|p1|Klefki, L50, M|\n|poke|p2|Baxcalibur, L50, M|\n|poke|p2|Tinkaton, L50, F|\n|poke|p2|Meowscarada, L50, M|\n|poke|p2|Skeledirge, L50, F|\n|poke|p2|Tauros-Paldea-Aqua, L50, M|\n|poke|p2|Salamence, L50, M|\n|teampreview|4\n|\n|t:|1681841416\n|start\n|switch|p1a: Arcanine|Arcanine, L50, M|100\/100\n|switch|p1b: Chien-Pao|Chien-Pao, L50|100\/100\n|switch|p2a: Salamence|Salamence, L50, M|100\/100\n|switch|p2b: Tinkaton|Tinkaton, L50, F|100\/100\n|-ability|p1b: Chien-Pao|Sword of Ruin\n|-ability|p2a: Salamence|Intimidate|boost\n|-unboost|p1a: Arcanine|atk|1\n|-unboost|p1b: Chien-Pao|atk|1\n|-ability|p2b: Tinkaton|Mold Breaker\n|-ability|p1a: Arcanine|Intimidate|boost\n|-unboost|p2a: Salamence|atk|1\n|-unboost|p2b: Tinkaton|atk|1\n|turn|1\n|\n|t:|1681841442\n|move|p1b: Chien-Pao|Protect|p1b: Chien-Pao\n|-singleturn|p1b: Chien-Pao|Protect\n|move|p2b: Tinkaton|Fake Out|p1b: Chien-Pao\n|-activate|p1b: Chien-Pao|move: Protect\n|move|p2a: Salamence|Tailwind|p2a: Salamence\n|-sidestart|p2: Tempesthydrox|move: Tailwind\n|move|p1a: Arcanine|Howl|p1a: Arcanine|[spread] p1a,p1b\n|-boost|p1a: Arcanine|atk|1\n|-boost|p1b: Chien-Pao|atk|1\n|\n|upkeep\n|turn|2\n|\n|t:|1681841473\n|-terastallize|p2a: Salamence|Dragon\n|move|p2a: Salamence|Draco Meteor|p1a: Arcanine\n|-damage|p1a: Arcanine|36\/100\n|-unboost|p2a: Salamence|spa|2\n|-enditem|p1a: Arcanine|Sitrus Berry|[eat]\n|-heal|p1a: Arcanine|61\/100|[from] item: Sitrus Berry\n|move|p2b: Tinkaton|Encore|p1b: Chien-Pao\n|-start|p1b: Chien-Pao|Encore\n|move|p1b: Chien-Pao|Protect|p1b: Chien-Pao\n|-singleturn|p1b: Chien-Pao|Protect\n|move|p1a: Arcanine|Will-O-Wisp|p2b: Tinkaton\n|-status|p2b: Tinkaton|brn\n|\n|-damage|p2b: Tinkaton|94\/100 brn|[from] brn\n|upkeep\n|turn|3\n|\n|t:|1681841495\n|switch|p1b: Dragapult|Dragapult, L50, M|100\/100\n|move|p2a: Salamence|Draco Meteor|p1a: Arcanine\n|-damage|p1a: Arcanine|26\/100\n|-unboost|p2a: Salamence|spa|2\n|move|p2b: Tinkaton|Encore|p1a: Arcanine\n|-start|p1a: Arcanine|Encore\n|move|p1a: Arcanine|Will-O-Wisp|p2a: Salamence\n|-status|p2a: Salamence|brn\n|\n|-damage|p2a: Salamence|95\/100 brn|[from] brn\n|-damage|p2b: Tinkaton|88\/100 brn|[from] brn\n|upkeep\n|turn|4\n|\n|t:|1681841520\n|switch|p2b: Baxcalibur|Baxcalibur, L50, M|100\/100\n|switch|p1a: Palafin|Palafin, L50, F|100\/100\n|move|p2a: Salamence|Protect|p2a: Salamence\n|-singleturn|p2a: Salamence|Protect\n|move|p1b: Dragapult|Protect||[still]\n|-fail|p1b: Dragapult\n|\n|-damage|p2a: Salamence|89\/100 brn|[from] brn\n|-sideend|p2: Tempesthydrox|move: Tailwind\n|upkeep\n|turn|5\n|\n|t:|1681841551\n|detailschange|p1a: Palafin|Palafin-Hero, L50, F\n|switch|p1a: Arcanine|Arcanine, L50, M|26\/100\n|-ability|p1a: Arcanine|Intimidate|boost\n|-unboost|p2a: Salamence|atk|1\n|-fail|p2b: Baxcalibur|unboost|[from] item: Clear Amulet|[of] p2b: Baxcalibur\n|-terastallize|p1b: Dragapult|Steel\n|move|p1b: Dragapult|Dragon Darts|p2a: Salamence\n|-supereffective|p2a: Salamence\n|-damage|p2a: Salamence|0 fnt\n|-anim|p1b: Dragapult|Dragon Darts|p2b: Baxcalibur\n|-supereffective|p2b: Baxcalibur\n|-damage|p2b: Baxcalibur|44\/100\n|faint|p2a: Salamence\n|-damage|p1b: Dragapult|91\/100|[from] item: Life Orb\n|move|p2b: Baxcalibur|Dragon Dance|p2b: Baxcalibur\n|-boost|p2b: Baxcalibur|atk|1\n|-boost|p2b: Baxcalibur|spe|1\n|\n|upkeep\n|\n|t:|1681841567\n|switch|p2a: Skeledirge|Skeledirge, L50, F|100\/100\n|turn|6\n|\n|t:|1681841598\n|move|p1b: Dragapult|Protect|p1b: Dragapult\n|-singleturn|p1b: Dragapult|Protect\n|move|p2b: Baxcalibur|Earthquake|p1b: Dragapult|[spread] p2a,p1a\n|-activate|p1b: Dragapult|move: Protect\n|-supereffective|p2a: Skeledirge\n|-supereffective|p1a: Arcanine\n|-damage|p2a: Skeledirge|16\/100\n|-damage|p1a: Arcanine|0 fnt\n|faint|p1a: Arcanine\n|move|p2a: Skeledirge|Torch Song|p1b: Dragapult\n|-activate|p1b: Dragapult|move: Protect\n|\n|upkeep\n|\n|t:|1681841608\n|switch|p1a: Palafin|Palafin-Hero, L50, F|100\/100\n|-activate|p1a: Palafin|ability: Zero to Hero\n|turn|7\n|\n|t:|1681841642\n|switch|p1b: Chien-Pao|Chien-Pao, L50|100\/100\n|-ability|p1b: Chien-Pao|Sword of Ruin\n|switch|p2a: Tinkaton|Tinkaton, L50, F|88\/100 brn\n|-ability|p2a: Tinkaton|Mold Breaker\n|move|p2b: Baxcalibur|Glaive Rush|p1a: Palafin\n|-damage|p1a: Palafin|0 fnt\n|-singlemove|p2b: Baxcalibur|Glaive Rush|[silent]\n|faint|p1a: Palafin\n|\n|-damage|p2a: Tinkaton|82\/100 brn|[from] brn\n|upkeep\n|\n|t:|1681841655\n|switch|p1a: Dragapult|Dragapult, L50, M, tera:Steel|91\/100\n|turn|8\n|\n|t:|1681841679\n|move|p1a: Dragapult|Protect|p1a: Dragapult\n|-singleturn|p1a: Dragapult|Protect\n|move|p1b: Chien-Pao|Protect|p1b: Chien-Pao\n|-singleturn|p1b: Chien-Pao|Protect\n|move|p2a: Tinkaton|Fake Out|p1a: Dragapult\n|-activate|p1a: Dragapult|move: Protect\n|move|p2b: Baxcalibur|Dragon Dance|p2b: Baxcalibur\n|-boost|p2b: Baxcalibur|atk|1\n|-boost|p2b: Baxcalibur|spe|1\n|\n|-damage|p2a: Tinkaton|75\/100 brn|[from] brn\n|upkeep\n|turn|9\n|\n|t:|1681841696\n|move|p2a: Tinkaton|Protect|p2a: Tinkaton\n|-singleturn|p2a: Tinkaton|Protect\n|move|p1b: Chien-Pao|Sucker Punch|p2b: Baxcalibur\n|-damage|p2b: Baxcalibur|6\/100\n|move|p2b: Baxcalibur|Earthquake|p1a: Dragapult|[spread] p1a,p1b\n|-activate|p2a: Tinkaton|move: Protect\n|-supereffective|p1a: Dragapult\n|-damage|p1a: Dragapult|0 fnt\n|-damage|p1b: Chien-Pao|22\/100\n|faint|p1a: Dragapult\n|\n|-damage|p2a: Tinkaton|69\/100 brn|[from] brn\n|upkeep\n|turn|10\n|-message|GoldenPants03 forfeited.\n|\n|win|Tempesthydrox\n|raw|GoldenPants03's rating: 1165 → 1143<\/strong> (-22 for losing)\n|raw|Tempesthydrox's rating: 1209 → 1231<\/strong> (+22 for winning)\n|l|\u2606GoldenPants03\n","uploadtime":1681841716,"views":13,"p1id":"goldenpants03","p2id":"tempesthydrox","formatid":"gen9vgc2023regulationc","rating":1143,"private":0,"password":""}