{"id":"gen9vgc2023regulationc-1848990153","p1":"zek123","p2":"w11map","format":"[Gen 9] VGC 2023 Regulation C","log":"|j|\u2606zek123\n|j|\u2606w11map\n|t:|1682135442\n|gametype|doubles\n|player|p1|zek123|blaine|1154\n|player|p2|w11map|skyla|1135\n|teamsize|p1|6\n|teamsize|p2|6\n|gen|9\n|tier|[Gen 9] VGC 2023 Regulation C\n|rated|\n|rule|Species Clause: Limit one of each Pok\u00e9mon\n|rule|Item Clause: Limit one of each item\n|clearpoke\n|poke|p1|Torkoal, L50, F|\n|poke|p1|Great Tusk, L50|\n|poke|p1|Rotom-Wash, L50|\n|poke|p1|Gengar, L50, M|\n|poke|p1|Dragonite, L50, M|\n|poke|p1|Garchomp, L50, M|\n|poke|p2|Muk, L50, M|\n|poke|p2|Sandaconda, L50, F|\n|poke|p2|Lurantis, L50, F|\n|poke|p2|Indeedee-F, L50, F|\n|poke|p2|Zoroark, L50, M|\n|poke|p2|Volcarona, L50, M|\n|teampreview|4\n|inactive|Battle timer is ON: inactive players will automatically lose when time's up. (requested by w11map)\n|inactive|w11map has 60 seconds left.\n|\n|t:|1682135484\n|start\n|switch|p1a: Dragonite|Dragonite, L50, M|100\/100\n|switch|p1b: Garchomp|Garchomp, L50, M|100\/100\n|switch|p2a: Lurantis|Lurantis, L50, F|100\/100\n|switch|p2b: Indeedee|Indeedee-F, L50, F|100\/100\n|-fieldstart|move: Psychic Terrain|[from] ability: Psychic Surge|[of] p2b: Indeedee\n|-enditem|p2b: Indeedee|Psychic Seed\n|-boost|p2b: Indeedee|spd|1|[from] item: Psychic Seed\n|turn|1\n|inactive|w11map has 30 seconds left.\n|\n|t:|1682135512\n|move|p1b: Garchomp|Swords Dance|p1b: Garchomp\n|-boost|p1b: Garchomp|atk|2\n|move|p1a: Dragonite|Ice Spinner|p2a: Lurantis\n|-supereffective|p2a: Lurantis\n|-damage|p2a: Lurantis|11\/100\n|-fieldend|move: Psychic Terrain\n|move|p2a: Lurantis|Leaf Storm|p1b: Garchomp\n|-damage|p1b: Garchomp|51\/100\n|-boost|p2a: Lurantis|spa|2\n|move|p2b: Indeedee|Trick Room|p2b: Indeedee\n|-fieldstart|move: Trick Room|[of] p2b: Indeedee\n|\n|upkeep\n|turn|2\n|\n|t:|1682135531\n|move|p1b: Garchomp|Protect|p1b: Garchomp\n|-singleturn|p1b: Garchomp|Protect\n|move|p2b: Indeedee|Follow Me|p2b: Indeedee\n|-singleturn|p2b: Indeedee|move: Follow Me\n|move|p2a: Lurantis|Giga Drain|p1b: Garchomp\n|-activate|p1b: Garchomp|move: Protect\n|move|p1a: Dragonite|Ice Spinner|p2b: Indeedee\n|-damage|p2b: Indeedee|49\/100\n|\n|upkeep\n|turn|3\n|inactive|w11map has 30 seconds left.\n|inactive|w11map has 20 seconds left.\n|\n|t:|1682135569\n|move|p2a: Lurantis|Leaf Storm|p1b: Garchomp\n|-damage|p1b: Garchomp|0 fnt\n|-boost|p2a: Lurantis|spa|2\n|faint|p1b: Garchomp\n|move|p2b: Indeedee|Psychic|p1a: Dragonite\n|-damage|p1a: Dragonite|85\/100\n|move|p1a: Dragonite|Ice Spinner|p2a: Lurantis\n|-supereffective|p2a: Lurantis\n|-damage|p2a: Lurantis|0 fnt\n|faint|p2a: Lurantis\n|\n|upkeep\n|inactive|zek123 has 30 seconds left.\n|\n|t:|1682135600\n|switch|p2a: Muk|Muk, L50, M|100\/100\n|switch|p1b: Rotom|Rotom-Wash, L50|100\/100\n|turn|4\n|\n|t:|1682135619\n|switch|p1a: Gengar|Gengar, L50, M|100\/100\n|move|p2a: Muk|Minimize|p2a: Muk\n|-boost|p2a: Muk|evasion|2\n|move|p2b: Indeedee|Psychic|p1b: Rotom\n|-damage|p1b: Rotom|60\/100\n|move|p1b: Rotom|Hydro Pump|p2b: Indeedee|[miss]\n|-miss|p1b: Rotom|p2b: Indeedee\n|\n|upkeep\n|turn|5\n|inactive|zek123 has 30 seconds left.\n|\n|t:|1682135659\n|-terastallize|p1a: Gengar|Normal\n|move|p2a: Muk|Curse|p2a: Muk\n|-unboost|p2a: Muk|spe|1\n|-boost|p2a: Muk|atk|1\n|-boost|p2a: Muk|def|1\n|move|p2b: Indeedee|Psychic|p1a: Gengar\n|-damage|p1a: Gengar|51\/100\n|-unboost|p1a: Gengar|spd|1\n|move|p1b: Rotom|Will-O-Wisp|p2a: Muk\n|-status|p2a: Muk|brn\n|move|p1a: Gengar|Sludge Bomb|p2b: Indeedee\n|-damage|p2b: Indeedee|25\/100\n|\n|-damage|p2a: Muk|94\/100 brn|[from] brn\n|-fieldend|move: Trick Room\n|upkeep\n|turn|6\n|inactive|w11map has 30 seconds left.\n|inactive|zek123 has 30 seconds left.\n|inactive|zek123 has 20 seconds left.\n|inactive|zek123 has 15 seconds left.\n|\n|t:|1682135705\n|move|p1a: Gengar|Sludge Bomb|p2b: Indeedee\n|-damage|p2b: Indeedee|0 fnt\n|faint|p2b: Indeedee\n|move|p1b: Rotom|Discharge|p2a: Muk|[spread] p1a\n|-miss|p1b: Rotom|p2a: Muk\n|-damage|p1a: Gengar|0 fnt\n|faint|p1a: Gengar\n|move|p2a: Muk|Curse|p2a: Muk\n|-unboost|p2a: Muk|spe|1\n|-boost|p2a: Muk|atk|1\n|-boost|p2a: Muk|def|1\n|\n|-heal|p2a: Muk|100\/100 brn|[from] item: Leftovers\n|-damage|p2a: Muk|94\/100 brn|[from] brn\n|upkeep\n|\n|t:|1682135718\n|switch|p1a: Dragonite|Dragonite, L50, M|85\/100\n|switch|p2b: Volcarona|Volcarona, L50, M, shiny|100\/100\n|turn|7\n|\n|t:|1682135732\n|move|p2b: Volcarona|Rage Powder|p2b: Volcarona\n|-singleturn|p2b: Volcarona|move: Rage Powder\n|move|p1a: Dragonite|Outrage|p2b: Volcarona\n|-damage|p2b: Volcarona|3\/100\n|-status|p1a: Dragonite|brn|[from] ability: Flame Body|[of] p2b: Volcarona\n|move|p1b: Rotom|Hydro Pump|p2b: Volcarona\n|-supereffective|p2b: Volcarona\n|-damage|p2b: Volcarona|0 fnt\n|faint|p2b: Volcarona\n|move|p2a: Muk|Poison Jab|p1a: Dragonite\n|-damage|p1a: Dragonite|49\/100 brn\n|\n|-heal|p2a: Muk|100\/100 brn|[from] item: Leftovers\n|-damage|p1a: Dragonite|43\/100 brn|[from] brn\n|-damage|p2a: Muk|94\/100 brn|[from] brn\n|upkeep\n|turn|8\n|\n|t:|1682135748\n|move|p1a: Dragonite|Outrage|p2a: Muk|[from]lockedmove\n|-damage|p2a: Muk|74\/100 brn\n|move|p1b: Rotom|Hydro Pump|p2a: Muk\n|-damage|p2a: Muk|37\/100 brn\n|move|p2a: Muk|Minimize|p2a: Muk\n|-boost|p2a: Muk|evasion|2\n|\n|-heal|p2a: Muk|43\/100 brn|[from] item: Leftovers\n|-damage|p1a: Dragonite|37\/100 brn|[from] brn\n|-damage|p2a: Muk|37\/100 brn|[from] brn\n|upkeep\n|turn|9\n|\n|t:|1682135762\n|move|p1a: Dragonite|Outrage|p2a: Muk|[from]lockedmove\n|-damage|p2a: Muk|17\/100 brn\n|-start|p1a: Dragonite|confusion|[fatigue]\n|move|p1b: Rotom|Hydro Pump|p2a: Muk|[miss]\n|-miss|p1b: Rotom|p2a: Muk\n|move|p2a: Muk|Poison Jab|p1a: Dragonite\n|-damage|p1a: Dragonite|0 fnt\n|faint|p1a: Dragonite\n|\n|-heal|p2a: Muk|24\/100 brn|[from] item: Leftovers\n|-damage|p2a: Muk|17\/100 brn|[from] brn\n|upkeep\n|turn|10\n|\n|t:|1682135775\n|move|p1b: Rotom|Discharge|p2a: Muk|[miss]\n|-miss|p1b: Rotom|p2a: Muk\n|move|p2a: Muk|Poison Jab|p1b: Rotom\n|-damage|p1b: Rotom|18\/100\n|-status|p1b: Rotom|psn\n|-enditem|p1b: Rotom|Mago Berry|[eat]\n|-heal|p1b: Rotom|52\/100 psn|[from] item: Mago Berry\n|\n|-heal|p2a: Muk|24\/100 brn|[from] item: Leftovers\n|-damage|p1b: Rotom|39\/100 psn|[from] psn\n|-damage|p2a: Muk|17\/100 brn|[from] brn\n|upkeep\n|turn|11\n|\n|t:|1682135788\n|move|p1b: Rotom|Discharge|p2a: Muk\n|-damage|p2a: Muk|0 fnt\n|faint|p2a: Muk\n|\n|win|zek123\n|raw|zek123's rating: 1154 → 1178<\/strong> (+24 for winning)\n|raw|w11map's rating: 1135 → 1111<\/strong> (-24 for losing)\n|l|\u2606w11map\n","uploadtime":1682135968,"views":12,"p1id":"zek123","p2id":"w11map","formatid":"gen9vgc2023regulationc","rating":1111,"private":0,"password":""}