{"id":"gen9vgc2023regulationc-1852098888","p1":"Mollusck","p2":"Jasmeat2983","format":"[Gen 9] VGC 2023 Regulation C","log":"|j|\u2606Mollusck\n|j|\u2606Jasmeat2983\n|t:|1682524012\n|gametype|doubles\n|player|p1|Mollusck|hiker-gen4|1344\n|player|p2|Jasmeat2983|blue|1384\n|teamsize|p1|6\n|teamsize|p2|6\n|gen|9\n|tier|[Gen 9] VGC 2023 Regulation C\n|rated|\n|rule|Species Clause: Limit one of each Pok\u00e9mon\n|rule|Item Clause: Limit one of each item\n|clearpoke\n|poke|p1|Maushold-Four, L50|\n|poke|p1|Annihilape, L50, F|\n|poke|p1|Gholdengo, L50|\n|poke|p1|Wo-Chien, L50|\n|poke|p1|Chi-Yu, L50|\n|poke|p1|Iron Bundle, L50|\n|poke|p2|Abomasnow, L50, M|\n|poke|p2|Iron Bundle, L50|\n|poke|p2|Dragonite, L50, M|\n|poke|p2|Chien-Pao, L50|\n|poke|p2|Wo-Chien, L50|\n|poke|p2|Flutter Mane, L50|\n|teampreview|4\n|inactive|Battle timer is ON: inactive players will automatically lose when time's up. (requested by Jasmeat2983)\n|inactive|Mollusck has 60 seconds left.\n|\n|t:|1682524055\n|start\n|switch|p1a: Chi-Yu|Chi-Yu, L50|100\/100\n|switch|p1b: Iron Bundle|Iron Bundle, L50|100\/100\n|switch|p2a: Dragonite|Dragonite, L50, M|100\/100\n|switch|p2b: Chien-Pao|Chien-Pao, L50|100\/100\n|-ability|p2b: Chien-Pao|Sword of Ruin\n|-ability|p1a: Chi-Yu|Beads of Ruin\n|-enditem|p1b: Iron Bundle|Booster Energy\n|-activate|p1b: Iron Bundle|ability: Quark Drive|[fromitem]\n|-start|p1b: Iron Bundle|quarkdrivespe\n|turn|1\n|inactive|Mollusck has 30 seconds left.\n|inactive|Jasmeat2983 has 30 seconds left.\n|\n|t:|1682524089\n|-terastallize|p2a: Dragonite|Normal\n|move|p2a: Dragonite|Extreme Speed|p1a: Chi-Yu\n|-crit|p1a: Chi-Yu\n|-damage|p1a: Chi-Yu|0 fnt\n|faint|p1a: Chi-Yu\n|move|p2b: Chien-Pao|Sucker Punch|p1b: Iron Bundle\n|-damage|p1b: Iron Bundle|43\/100\n|move|p1b: Iron Bundle|Freeze-Dry|p2a: Dragonite\n|-damage|p2a: Dragonite|64\/100\n|-status|p2a: Dragonite|frz\n|\n|upkeep\n|\n|t:|1682524103\n|switch|p1a: Annihilape|Annihilape, L50, F|100\/100\n|turn|2\n|\n|t:|1682524114\n|move|p1b: Iron Bundle|Protect|p1b: Iron Bundle\n|-singleturn|p1b: Iron Bundle|Protect\n|-curestatus|p2a: Dragonite|frz|[msg]\n|move|p2a: Dragonite|Extreme Speed|p1b: Iron Bundle\n|-activate|p1b: Iron Bundle|move: Protect\n|move|p2b: Chien-Pao|Ice Spinner|p1a: Annihilape\n|-damage|p1a: Annihilape|39\/100\n|-enditem|p1a: Annihilape|Sitrus Berry|[eat]\n|-heal|p1a: Annihilape|63\/100|[from] item: Sitrus Berry\n|move|p1a: Annihilape|Bulk Up|p1a: Annihilape\n|-boost|p1a: Annihilape|atk|1\n|-boost|p1a: Annihilape|def|1\n|\n|upkeep\n|turn|3\n|\n|t:|1682524138\n|-end|p1b: Iron Bundle|Quark Drive|[silent]\n|switch|p1b: Maushold|Maushold-Four, L50|100\/100\n|-terastallize|p1a: Annihilape|Fire\n|move|p2a: Dragonite|Extreme Speed|p1b: Maushold\n|-damage|p1b: Maushold|0 fnt\n|faint|p1b: Maushold\n|move|p2b: Chien-Pao|Ice Spinner|p1a: Annihilape\n|-resisted|p1a: Annihilape\n|-damage|p1a: Annihilape|45\/100\n|move|p1a: Annihilape|Drain Punch|p2a: Dragonite\n|-supereffective|p2a: Dragonite\n|-damage|p2a: Dragonite|0 fnt\n|-heal|p1a: Annihilape|75\/100|[from] drain|[of] p2a: Dragonite\n|faint|p2a: Dragonite\n|\n|upkeep\n|inactive|Jasmeat2983 has 30 seconds left.\n|inactive|Jasmeat2983 has 20 seconds left.\n|inactive|Jasmeat2983 has 15 seconds left.\n|inactive|Jasmeat2983 has 10 seconds left.\n|\n|t:|1682524184\n|switch|p1b: Iron Bundle|Iron Bundle, L50|43\/100\n|switch|p2a: Iron Bundle|Iron Bundle, L50|100\/100\n|turn|4\n|\n|t:|1682524205\n|switch|p2b: Abomasnow|Abomasnow, L50, M|100\/100\n|-weather|Snow|[from] ability: Snow Warning|[of] p2b: Abomasnow\n|move|p2a: Iron Bundle|Aurora Veil|p2a: Iron Bundle\n|-sidestart|p2: Jasmeat2983|move: Aurora Veil\n|move|p1b: Iron Bundle|Icy Wind|p2a: Iron Bundle|[spread] p2a,p2b\n|-resisted|p2a: Iron Bundle\n|-crit|p2b: Abomasnow\n|-damage|p2a: Iron Bundle|94\/100\n|-damage|p2b: Abomasnow|70\/100\n|-unboost|p2a: Iron Bundle|spe|1\n|-unboost|p2b: Abomasnow|spe|1\n|move|p1a: Annihilape|Drain Punch|p2a: Iron Bundle\n|-supereffective|p2a: Iron Bundle\n|-damage|p2a: Iron Bundle|45\/100\n|-heal|p1a: Annihilape|92\/100|[from] drain|[of] p2a: Iron Bundle\n|\n|-weather|Snow|[upkeep]\n|upkeep\n|turn|5\n|inactive|Mollusck has 30 seconds left.\n|inactive|Mollusck has 20 seconds left.\n|inactive|Mollusck has 15 seconds left.\n|\n|t:|1682524248\n|move|p1b: Iron Bundle|Freeze-Dry|p2b: Abomasnow\n|-damage|p2b: Abomasnow|46\/100\n|move|p1a: Annihilape|Drain Punch|p2b: Abomasnow\n|-supereffective|p2b: Abomasnow\n|-damage|p2b: Abomasnow|1\/100\n|-heal|p1a: Annihilape|100\/100|[from] drain|[of] p2b: Abomasnow\n|move|p2a: Iron Bundle|Blizzard|p1a: Annihilape|[spread] p1a,p1b\n|-resisted|p1a: Annihilape\n|-resisted|p1b: Iron Bundle\n|-damage|p1a: Annihilape|81\/100\n|-damage|p1b: Iron Bundle|20\/100\n|move|p2b: Abomasnow|Blizzard|p1a: Annihilape|[spread] p1a,p1b\n|-resisted|p1a: Annihilape\n|-resisted|p1b: Iron Bundle\n|-damage|p1a: Annihilape|67\/100\n|-damage|p1b: Iron Bundle|2\/100\n|\n|-weather|Snow|[upkeep]\n|upkeep\n|turn|6\n|inactive|Jasmeat2983 has 30 seconds left.\n|\n|t:|1682524274\n|move|p1b: Iron Bundle|Icy Wind|p2b: Abomasnow|[spread] p2a\n|-miss|p1b: Iron Bundle|p2b: Abomasnow\n|-resisted|p2a: Iron Bundle\n|-damage|p2a: Iron Bundle|38\/100\n|-unboost|p2a: Iron Bundle|spe|1\n|move|p1a: Annihilape|Drain Punch|p2a: Iron Bundle\n|-supereffective|p2a: Iron Bundle\n|-crit|p2a: Iron Bundle\n|-damage|p2a: Iron Bundle|0 fnt\n|-heal|p1a: Annihilape|81\/100|[from] drain|[of] p2a: Iron Bundle\n|faint|p2a: Iron Bundle\n|-end|p2a: Iron Bundle|Quark Drive|[silent]\n|move|p2b: Abomasnow|Blizzard|p1a: Annihilape|[spread] p1a,p1b\n|-resisted|p1a: Annihilape\n|-resisted|p1b: Iron Bundle\n|-damage|p1a: Annihilape|66\/100\n|-damage|p1b: Iron Bundle|0 fnt\n|-status|p1a: Annihilape|frz\n|faint|p1b: Iron Bundle\n|-end|p1b: Iron Bundle|Quark Drive|[silent]\n|\n|-weather|Snow|[upkeep]\n|upkeep\n|\n|t:|1682524291\n|switch|p2a: Chien-Pao|Chien-Pao, L50|100\/100\n|-ability|p2a: Chien-Pao|Sword of Ruin\n|turn|7\n|c|\u2606Mollusck|Alrighty then lol\n|\n|t:|1682524311\n|move|p2a: Chien-Pao|Sacred Sword|p1a: Annihilape\n|-damage|p1a: Annihilape|25\/100 frz\n|cant|p1a: Annihilape|frz\n|move|p2b: Abomasnow|Blizzard|p1a: Annihilape\n|-resisted|p1a: Annihilape\n|-damage|p1a: Annihilape|7\/100 frz\n|\n|-weather|Snow|[upkeep]\n|upkeep\n|turn|8\n|\n|t:|1682524326\n|move|p2a: Chien-Pao|Sacred Sword|p1a: Annihilape\n|-damage|p1a: Annihilape|0 fnt\n|faint|p1a: Annihilape\n|\n|win|Jasmeat2983\n|raw|Mollusck's rating: 1344 → 1326<\/strong> (-18 for losing)\n|raw|Jasmeat2983's rating: 1384 → 1402<\/strong> (+18 for winning)\n","uploadtime":1682524336,"views":16,"p1id":"mollusck","p2id":"jasmeat2983","formatid":"gen9vgc2023regulationc","rating":1326,"private":0,"password":""}