{"id":"gen9vgc2023regulationc-1855710386","p1":"Kyogre33","p2":"Jbenn","format":"[Gen 9] VGC 2023 Regulation C","log":"|j|\u2606Kyogre33\n|j|\u2606Jbenn\n|t:|1682975569\n|gametype|doubles\n|player|p1|Kyogre33|steven|\n|player|p2|Jbenn|steven|\n|teamsize|p1|6\n|teamsize|p2|6\n|gen|9\n|tier|[Gen 9] VGC 2023 Regulation C\n|rule|Species Clause: Limit one of each Pok\u00e9mon\n|rule|Item Clause: Limit one of each item\n|clearpoke\n|poke|p1|Baxcalibur, L50, F|\n|poke|p1|Ting-Lu, L50|\n|poke|p1|Palafin, L50, M|\n|poke|p1|Amoonguss, L50, F|\n|poke|p1|Arcanine, L50, F|\n|poke|p1|Flutter Mane, L50|\n|poke|p2|Roaring Moon, L50|\n|poke|p2|Great Tusk, L50|\n|poke|p2|Gholdengo, L50|\n|poke|p2|Hariyama, L50, F|\n|poke|p2|Mimikyu, L50, F|\n|poke|p2|Gyarados, L50, F|\n|teampreview|4\nKyogre33 has agreed to open team sheets.\nJbenn has agreed to open team sheets.\n|inactive|Battle timer is ON: inactive players will automatically lose when time's up. (requested by Kyogre33)\n|inactive|Kyogre33 has 60 seconds left.\n|inactive|Jbenn has 60 seconds left.\n|\n|t:|1682975631\n|start\n|switch|p1a: Flutter Mane|Flutter Mane, L50|100\/100\n|switch|p1b: Palafin|Palafin, L50, M|100\/100\n|switch|p2a: Hariyama|Hariyama, L50, F, shiny|100\/100\n|switch|p2b: Gholdengo|Gholdengo, L50|100\/100\n|turn|1\n|inactive|Jbenn has 30 seconds left.\n|inactive|Jbenn has 20 seconds left.\n|\n|t:|1682975671\n|detailschange|p1b: Palafin|Palafin-Hero, L50, M\n|switch|p1b: Arcanine|Arcanine, L50, F|100\/100\n|-ability|p1b: Arcanine|Intimidate|boost\n|-unboost|p2a: Hariyama|atk|1\n|-unboost|p2b: Gholdengo|atk|1\n|move|p2b: Gholdengo|Protect|p2b: Gholdengo\n|-singleturn|p2b: Gholdengo|Protect\n|move|p1a: Flutter Mane|Shadow Ball|p2b: Gholdengo\n|-activate|p2b: Gholdengo|move: Protect\n|move|p2a: Hariyama|Iron Head|p1a: Flutter Mane\n|-supereffective|p1a: Flutter Mane\n|-damage|p1a: Flutter Mane|48\/100\n|\n|upkeep\n|turn|2\n|\n|t:|1682975687\n|-end|p1a: Flutter Mane|Protosynthesis|[silent]\n|switch|p1a: Palafin|Palafin-Hero, L50, M|100\/100\n|-activate|p1a: Palafin|ability: Zero to Hero\n|switch|p2b: Roaring Moon|Roaring Moon, L50|100\/100\n|-enditem|p2b: Roaring Moon|Booster Energy\n|-activate|p2b: Roaring Moon|ability: Protosynthesis|[fromitem]\n|-start|p2b: Roaring Moon|protosynthesisspe\n|move|p1b: Arcanine|Flare Blitz|p2b: Roaring Moon\n|-resisted|p2b: Roaring Moon\n|-damage|p2b: Roaring Moon|72\/100\n|-damage|p1b: Arcanine|92\/100|[from] Recoil\n|move|p2a: Hariyama|Iron Head|p1a: Palafin\n|-resisted|p1a: Palafin\n|-damage|p1a: Palafin|92\/100\n|\n|upkeep\n|turn|3\n|inactive|Kyogre33 has 30 seconds left.\n|\n|t:|1682975717\n|switch|p2a: Gyarados|Gyarados, L50, F|100\/100\n|-ability|p2a: Gyarados|Intimidate|boost\n|-unboost|p1a: Palafin|atk|1\n|-unboost|p1b: Arcanine|atk|1\n|-terastallize|p1a: Palafin|Water\n|move|p2b: Roaring Moon|Jaw Lock|p1a: Palafin\n|-damage|p1a: Palafin|56\/100\n|-activate|p2b: Roaring Moon|trapped\n|-activate|p1a: Palafin|trapped\n|move|p1a: Palafin|Wave Crash|p2b: Roaring Moon\n|-resisted|p2b: Roaring Moon\n|-damage|p2b: Roaring Moon|24\/100\n|-damage|p1a: Palafin|42\/100|[from] Recoil\n|move|p1b: Arcanine|Howl|p1b: Arcanine|[spread] p1a,p1b\n|-boost|p1a: Palafin|atk|1\n|-boost|p1b: Arcanine|atk|1\n|\n|upkeep\n|turn|4\n|\n|t:|1682975735\n|move|p2b: Roaring Moon|Protect|p2b: Roaring Moon\n|-singleturn|p2b: Roaring Moon|Protect\n|move|p1a: Palafin|Protect|p1a: Palafin\n|-singleturn|p1a: Palafin|Protect\n|move|p1b: Arcanine|Howl|p1b: Arcanine|[spread] p1a,p1b\n|-boost|p1a: Palafin|atk|1\n|-boost|p1b: Arcanine|atk|1\n|move|p2a: Gyarados|Taunt|p1b: Arcanine\n|-start|p1b: Arcanine|move: Taunt\n|\n|upkeep\n|turn|5\n|\n|t:|1682975754\n|switch|p1b: Amoonguss|Amoonguss, L50, F|100\/100\n|move|p1a: Palafin|Jet Punch|p2b: Roaring Moon\n|-resisted|p2b: Roaring Moon\n|-damage|p2b: Roaring Moon|0 fnt\n|faint|p2b: Roaring Moon\n|-end|p2b: Roaring Moon|Protosynthesis|[silent]\n|move|p2a: Gyarados|Waterfall|p1b: Amoonguss\n|-resisted|p1b: Amoonguss\n|-damage|p1b: Amoonguss|86\/100\n|\n|upkeep\n|\n|t:|1682975779\n|switch|p2b: Hariyama|Hariyama, L50, F, shiny|100\/100\n|turn|6\n|\n|t:|1682975795\n|switch|p2a: Gholdengo|Gholdengo, L50|100\/100\n|move|p1a: Palafin|Protect|p1a: Palafin\n|-singleturn|p1a: Palafin|Protect\n|move|p1b: Amoonguss|Protect|p1b: Amoonguss\n|-singleturn|p1b: Amoonguss|Protect\n|move|p2b: Hariyama|Fake Out|p1a: Palafin\n|-activate|p1a: Palafin|move: Protect\n|\n|upkeep\n|turn|7\n|\n|t:|1682975819\n|switch|p1a: Arcanine|Arcanine, L50, F|92\/100\n|-ability|p1a: Arcanine|Intimidate|boost\n|-unboost|p2a: Gholdengo|atk|1\n|-unboost|p2b: Hariyama|atk|1\n|switch|p2b: Gyarados|Gyarados, L50, F|100\/100\n|-ability|p2b: Gyarados|Intimidate|boost\n|-unboost|p1a: Arcanine|atk|1\n|-unboost|p1b: Amoonguss|atk|1\n|move|p2a: Gholdengo|Protect|p2a: Gholdengo\n|-singleturn|p2a: Gholdengo|Protect\n|move|p1b: Amoonguss|Spore|p2b: Gyarados\n|-status|p2b: Gyarados|slp|[from] move: Spore\n|-enditem|p2b: Gyarados|Lum Berry|[eat]\n|-curestatus|p2b: Gyarados|slp|[msg]\n|\n|upkeep\n|turn|8\n|\n|t:|1682975840\n|-terastallize|p2a: Gholdengo|Water\n|move|p1b: Amoonguss|Protect|p1b: Amoonguss\n|-singleturn|p1b: Amoonguss|Protect\n|move|p1a: Arcanine|Flare Blitz|p2a: Gholdengo\n|-resisted|p2a: Gholdengo\n|-damage|p2a: Gholdengo|85\/100\n|-damage|p1a: Arcanine|87\/100|[from] Recoil\n|move|p2b: Gyarados|Taunt|p1b: Amoonguss\n|-activate|p1b: Amoonguss|move: Protect\n|move|p2a: Gholdengo|Nasty Plot|p2a: Gholdengo\n|-boost|p2a: Gholdengo|spa|2\n|\n|-heal|p2a: Gholdengo|91\/100|[from] item: Leftovers\n|upkeep\n|turn|9\n|inactive|Jbenn has 30 seconds left.\n|\n|t:|1682975871\n|switch|p1a: Palafin|Palafin-Hero, L50, M, tera:Water|42\/100\n|switch|p2b: Hariyama|Hariyama, L50, F, shiny|100\/100\n|move|p2a: Gholdengo|Protect|p2a: Gholdengo\n|-singleturn|p2a: Gholdengo|Protect\n|move|p1b: Amoonguss|Pollen Puff|p1a: Palafin\n|-heal|p1a: Palafin|92\/100\n|\n|-heal|p2a: Gholdengo|97\/100|[from] item: Leftovers\n|upkeep\n|turn|10\n|\n|t:|1682975888\n|switch|p2b: Gyarados|Gyarados, L50, F|100\/100\n|-ability|p2b: Gyarados|Intimidate|boost\n|-unboost|p1a: Palafin|atk|1\n|-unboost|p1b: Amoonguss|atk|1\n|move|p1a: Palafin|Haze|p1a: Palafin\n|-clearallboost\n|move|p2a: Gholdengo|Make It Rain|p1b: Amoonguss|[spread] p1a,p1b\n|-resisted|p1a: Palafin\n|-damage|p1a: Palafin|67\/100\n|-damage|p1b: Amoonguss|38\/100\n|-unboost|p2a: Gholdengo|spa|1\n|-enditem|p1b: Amoonguss|Sitrus Berry|[eat]\n|-heal|p1b: Amoonguss|63\/100|[from] item: Sitrus Berry\n|move|p1b: Amoonguss|Spore|p2b: Gyarados\n|-status|p2b: Gyarados|slp|[from] move: Spore\n|\n|-heal|p2a: Gholdengo|100\/100|[from] item: Leftovers\n|upkeep\n|turn|11\n|inactive|Kyogre33 has 30 seconds left.\n|inactive|Jbenn has 30 seconds left.\n|inactive|Jbenn has 20 seconds left.\n|inactive|Jbenn has 15 seconds left.\n|\n|t:|1682975933\n|switch|p2b: Hariyama|Hariyama, L50, F, shiny|100\/100\n|switch|p1b: Arcanine|Arcanine, L50, F|87\/100\n|-ability|p1b: Arcanine|Intimidate|boost\n|-unboost|p2a: Gholdengo|atk|1\n|-unboost|p2b: Hariyama|atk|1\n|move|p1a: Palafin|Protect|p1a: Palafin\n|-singleturn|p1a: Palafin|Protect\n|move|p2a: Gholdengo|Protect||[still]\n|-fail|p2a: Gholdengo\n|\n|upkeep\n|turn|12\n|\n|t:|1682975950\n|move|p2b: Hariyama|Fake Out|p1b: Arcanine\n|-crit|p1b: Arcanine\n|-damage|p1b: Arcanine|64\/100\n|move|p1a: Palafin|Jet Punch|p2b: Hariyama\n|-damage|p2b: Hariyama|38\/100\n|cant|p1b: Arcanine|flinch\n|move|p2a: Gholdengo|Thunderbolt|p1a: Palafin\n|-supereffective|p1a: Palafin\n|-damage|p1a: Palafin|23\/100\n|\n|upkeep\n|turn|13\n|\n|t:|1682975966\n|switch|p2b: Gyarados|Gyarados, L50, F|100\/100 slp\n|-ability|p2b: Gyarados|Intimidate|boost\n|-unboost|p1a: Palafin|atk|1\n|-unboost|p1b: Arcanine|atk|1\n|move|p1a: Palafin|Protect|p1a: Palafin\n|-singleturn|p1a: Palafin|Protect\n|move|p1b: Arcanine|Flare Blitz|p2b: Gyarados\n|-resisted|p2b: Gyarados\n|-damage|p2b: Gyarados|86\/100 slp\n|-damage|p1b: Arcanine|60\/100|[from] Recoil\n|move|p2a: Gholdengo|Nasty Plot|p2a: Gholdengo\n|-boost|p2a: Gholdengo|spa|2\n|\n|upkeep\n|turn|14\n|\n|t:|1682975977\n|switch|p1a: Amoonguss|Amoonguss, L50, F|96\/100\n|switch|p1b: Flutter Mane|Flutter Mane, L50|48\/100\n|cant|p2b: Gyarados|slp\n|move|p2a: Gholdengo|Make It Rain|p1a: Amoonguss|[spread] p1a,p1b\n|-supereffective|p1b: Flutter Mane\n|-damage|p1a: Amoonguss|35\/100\n|-damage|p1b: Flutter Mane|0 fnt\n|-unboost|p2a: Gholdengo|spa|1\n|faint|p1b: Flutter Mane\n|-end|p1b: Flutter Mane|Protosynthesis|[silent]\n|\n|upkeep\n|\n|t:|1682976000\n|switch|p1b: Arcanine|Arcanine, L50, F|60\/100\n|-ability|p1b: Arcanine|Intimidate|boost\n|-unboost|p2a: Gholdengo|atk|1\n|-unboost|p2b: Gyarados|atk|1\n|turn|15\n|\n|t:|1682976024\n|switch|p1b: Palafin|Palafin-Hero, L50, M, tera:Water|23\/100\n|cant|p2b: Gyarados|slp\n|move|p2a: Gholdengo|Nasty Plot|p2a: Gholdengo\n|-boost|p2a: Gholdengo|spa|2\n|move|p1a: Amoonguss|Pollen Puff|p1b: Palafin\n|-heal|p1b: Palafin|73\/100\n|\n|upkeep\n|turn|16\n|\n|t:|1682976044\n|switch|p2b: Hariyama|Hariyama, L50, F, shiny|38\/100\n|switch|p1a: Arcanine|Arcanine, L50, F|60\/100\n|-ability|p1a: Arcanine|Intimidate|boost\n|-unboost|p2a: Gholdengo|atk|1\n|-unboost|p2b: Hariyama|atk|1\n|move|p1b: Palafin|Haze|p1b: Palafin\n|-clearallboost\n|move|p2a: Gholdengo|Make It Rain|p1b: Palafin|[spread] p1a,p1b\n|-resisted|p1a: Arcanine\n|-resisted|p1b: Palafin\n|-damage|p1a: Arcanine|37\/100\n|-damage|p1b: Palafin|47\/100\n|-unboost|p2a: Gholdengo|spa|1\n|\n|upkeep\n|turn|17\n|inactive|Kyogre33 has 30 seconds left.\n|\n|t:|1682976070\n|switch|p1a: Amoonguss|Amoonguss, L50, F|68\/100\n|move|p2b: Hariyama|Fake Out|p1b: Palafin\n|-damage|p1b: Palafin|35\/100\n|cant|p1b: Palafin|flinch\n|move|p2a: Gholdengo|Nasty Plot|p2a: Gholdengo\n|-boost|p2a: Gholdengo|spa|2\n|\n|upkeep\n|turn|18\n|inactive|Jbenn has 30 seconds left.\n|\n|t:|1682976102\n|move|p1b: Palafin|Protect|p1b: Palafin\n|-singleturn|p1b: Palafin|Protect\n|move|p2a: Gholdengo|Thunderbolt|p1b: Palafin\n|-activate|p1b: Palafin|move: Protect\n|move|p2b: Hariyama|Iron Head|p1a: Amoonguss\n|-damage|p1a: Amoonguss|44\/100\n|move|p1a: Amoonguss|Spore|p2b: Hariyama\n|-status|p2b: Hariyama|slp|[from] move: Spore\n|\n|upkeep\n|turn|19\n|\n|t:|1682976120\n|switch|p2b: Gyarados|Gyarados, L50, F|86\/100 slp\n|-ability|p2b: Gyarados|Intimidate|boost\n|-unboost|p1a: Amoonguss|atk|1\n|-unboost|p1b: Palafin|atk|1\n|move|p1a: Amoonguss|Rage Powder|p1a: Amoonguss\n|-singleturn|p1a: Amoonguss|move: Rage Powder\n|move|p1b: Palafin|Haze|p1b: Palafin\n|-clearallboost\n|move|p2a: Gholdengo|Make It Rain|p1a: Amoonguss|[spread] p1a,p1b\n|-resisted|p1b: Palafin\n|-damage|p1a: Amoonguss|0 fnt\n|-damage|p1b: Palafin|9\/100\n|-unboost|p2a: Gholdengo|spa|1\n|faint|p1a: Amoonguss\n|\n|upkeep\n|\n|t:|1682976127\n|switch|p1a: Arcanine|Arcanine, L50, F|37\/100\n|-ability|p1a: Arcanine|Intimidate|boost\n|-unboost|p2a: Gholdengo|atk|1\n|-unboost|p2b: Gyarados|atk|1\n|turn|20\n|\n|t:|1682976134\n|move|p1b: Palafin|Protect|p1b: Palafin\n|-singleturn|p1b: Palafin|Protect\n|move|p1a: Arcanine|Howl|p1a: Arcanine|[spread] p1a,p1b\n|-boost|p1a: Arcanine|atk|1\n|-boost|p1b: Palafin|atk|1\n|-curestatus|p2b: Gyarados|slp|[msg]\n|move|p2b: Gyarados|Waterfall|p1a: Arcanine\n|-supereffective|p1a: Arcanine\n|-damage|p1a: Arcanine|0 fnt\n|faint|p1a: Arcanine\n|move|p2a: Gholdengo|Make It Rain|p1b: Palafin\n|-activate|p1b: Palafin|move: Protect\n|\n|upkeep\n|turn|21\n|c|\u2606Kyogre33|gg\n|\n|t:|1682976144\n|move|p1b: Palafin|Wave Crash|p2a: Gholdengo\n|-resisted|p2a: Gholdengo\n|-damage|p2a: Gholdengo|8\/100\n|-damage|p1b: Palafin|0 fnt|[from] Recoil\n|faint|p1b: Palafin\n|\n|win|Jbenn\n|c|\u2606Jbenn|ggs\n|l|\u2606Kyogre33\n","uploadtime":1682976152,"views":14,"p1id":"kyogre33","p2id":"jbenn","formatid":"gen9vgc2023regulationc","rating":0,"private":0,"password":""}