{"id":"gen9vgc2023regulationc-1854325038","p1":"VS3119vgc._.","p2":"Modern2","format":"[Gen 9] VGC 2023 Regulation C","log":"|j|\u2606VS3119vgc._.\n|j|\u2606Modern2\n|t:|1682797182\n|gametype|doubles\n|player|p1|VS3119vgc._.|raihan|\n|player|p2|Modern2|101|\n|teamsize|p1|6\n|teamsize|p2|6\n|gen|9\n|tier|[Gen 9] VGC 2023 Regulation C\n|rated|Tournament battle\n|rule|Species Clause: Limit one of each Pok\u00e9mon\n|rule|Item Clause: Limit one of each item\n|clearpoke\n|poke|p1|Great Tusk, L50|\n|poke|p1|Flutter Mane, L50|\n|poke|p1|Kingambit, L50, F|\n|poke|p1|Torkoal, L50, M|\n|poke|p1|Lilligant, L50, F|\n|poke|p1|Roaring Moon, L50|\n|poke|p2|Dondozo, L50, M|\n|poke|p2|Tatsugiri-Stretchy, L50, F|\n|poke|p2|Glimmora, L50, F|\n|poke|p2|Iron Bundle, L50|\n|poke|p2|Chi-Yu, L50|\n|poke|p2|Pelipper, L50, M|\n|teampreview|4\n|raw| Open Team Sheet for VS3119vgc._.<\/summary>Great Tusk @ Focus Sash Ability: Protosynthesis Level: 50 Hidden Power: Fighting Tera Type: Ground - Headlong Rush - Close Combat - Protect - Earthquake Flutter Mane @ Choice Specs Ability: Protosynthesis Level: 50 Tera Type: Fairy - Shadow Ball - Moonblast - Dazzling Gleam - Protect Kingambit @ Assault Vest Ability: Defiant Level: 50 Tera Type: Flying - Sucker Punch - Iron Head - Kowtow Cleave - Tera Blast Torkoal @ Charcoal Ability: Drought Level: 50 Tera Type: Fire - Eruption - Earth Power - Flamethrower - Protect Lilligant (F) @ Wide Lens Ability: Chlorophyll Level: 50 Tera Type: Ghost - Leaf Storm - Sleep Powder - After You - Protect Roaring Moon @ Booster Energy Ability: Protosynthesis Level: 50 Tera Type: Flying - Protect - Throat Chop - Acrobatics - Tailwind <\/details><\/div> Open Team Sheet for Modern2<\/summary>Dondozo @ Life Orb Ability: Unaware Level: 50 Shiny: Yes Tera Type: Water - Surf - Wave Crash - Sleep Talk - Protect Tatsugiri (Tatsugiri-Stretchy) @ Choice Scarf Ability: Commander Level: 50 Tera Type: Steel - Muddy Water - Draco Meteor - Icy Wind - Sleep Talk Glimmora @ Assault Vest Ability: Corrosion Level: 50 Tera Type: Grass - Sludge Bomb - Earth Power - Energy Ball - Mortal Spin Iron Bundle @ Booster Energy Ability: Quark Drive Level: 50 Shiny: Yes Tera Type: Steel - Freeze-Dry - Icy Wind - Hydro Pump - Protect Chi-Yu @ Choice Specs Ability: Beads of Ruin Level: 50 Tera Type: Grass - Heat Wave - Overheat - Dark Pulse - Tera Blast Pelipper @ Focus Sash Ability: Drizzle Level: 50 Shiny: Yes Tera Type: Ghost - Hurricane - Quick Attack - Tailwind - Protect <\/details><\/div>\n|inactive|Battle timer is ON: inactive players will automatically lose when time's up. (requested by VS3119vgc._.)\n|inactive|Modern2 has 60 seconds left.\n|\n|t:|1682797215\n|start\n|switch|p1a: Torkoal|Torkoal, L50, M|100\/100\n|switch|p1b: Lilligant|Lilligant, L50, F|100\/100\n|switch|p2a: Dondozo|Dondozo, L50, M, shiny|100\/100\n|switch|p2b: Chi-Yu|Chi-Yu, L50|100\/100\n|-ability|p2b: Chi-Yu|Beads of Ruin\n|-weather|SunnyDay|[from] ability: Drought|[of] p1a: Torkoal\n|turn|1\n|\n|t:|1682797235\n|switch|p2b: Pelipper|Pelipper, L50, M, shiny|100\/100\n|-weather|RainDance|[from] ability: Drizzle|[of] p2b: Pelipper\n|move|p2a: Dondozo|Protect|p2a: Dondozo\n|-singleturn|p2a: Dondozo|Protect\n|move|p1b: Lilligant|Sleep Powder|p2a: Dondozo\n|-activate|p2a: Dondozo|move: Protect\n|move|p1a: Torkoal|Eruption|p2a: Dondozo|[spread] p2b\n|-activate|p2a: Dondozo|move: Protect\n|-resisted|p2b: Pelipper\n|-damage|p2b: Pelipper|72\/100\n|\n|-weather|RainDance|[upkeep]\n|upkeep\n|turn|2\n|\n|t:|1682797264\n|move|p1b: Lilligant|Sleep Powder|p2a: Dondozo\n|-status|p2a: Dondozo|slp|[from] move: Sleep Powder\n|move|p2b: Pelipper|Tailwind|p2b: Pelipper\n|-sidestart|p2: Modern2|move: Tailwind\n|cant|p2a: Dondozo|slp\n|move|p1a: Torkoal|Eruption|p2a: Dondozo|[spread] p2a,p2b\n|-resisted|p2a: Dondozo\n|-resisted|p2b: Pelipper\n|-damage|p2a: Dondozo|84\/100 slp\n|-damage|p2b: Pelipper|46\/100\n|\n|-weather|RainDance|[upkeep]\n|upkeep\n|turn|3\n|\n|t:|1682797278\n|switch|p1a: Great Tusk|Great Tusk, L50|100\/100\n|move|p2b: Pelipper|Hurricane|p1b: Lilligant\n|-supereffective|p1b: Lilligant\n|-damage|p1b: Lilligant|0 fnt\n|faint|p1b: Lilligant\n|-curestatus|p2a: Dondozo|slp|[msg]\n|move|p2a: Dondozo|Wave Crash|p1a: Great Tusk\n|-supereffective|p1a: Great Tusk\n|-enditem|p1a: Great Tusk|Focus Sash\n|-damage|p1a: Great Tusk|1\/100\n|-damage|p2a: Dondozo|57\/100|[from] Recoil\n|-damage|p2a: Dondozo|47\/100|[from] item: Life Orb\n|\n|-weather|RainDance|[upkeep]\n|upkeep\n|\n|t:|1682797283\n|switch|p1b: Torkoal|Torkoal, L50, M|100\/100\n|-weather|SunnyDay|[from] ability: Drought|[of] p1b: Torkoal\n|-activate|p1a: Great Tusk|ability: Protosynthesis\n|-start|p1a: Great Tusk|protosynthesisatk\n|turn|4\n|\n|t:|1682797308\n|switch|p2b: Tatsugiri|Tatsugiri-Stretchy, L50, F|100\/100\n|-activate|p2b: Tatsugiri|ability: Commander|[of] p2a: Dondozo\n|-boost|p2a: Dondozo|atk|2\n|-boost|p2a: Dondozo|spa|2\n|-boost|p2a: Dondozo|spe|2\n|-boost|p2a: Dondozo|def|2\n|-boost|p2a: Dondozo|spd|2\n|move|p2a: Dondozo|Surf|p1b: Torkoal|[spread] p1a,p1b\n|-miss|p2a: Dondozo|p2b: Tatsugiri\n|-supereffective|p1a: Great Tusk\n|-supereffective|p1b: Torkoal\n|-damage|p1a: Great Tusk|0 fnt\n|-damage|p1b: Torkoal|29\/100\n|faint|p1a: Great Tusk\n|-end|p1a: Great Tusk|Protosynthesis|[silent]\n|-damage|p2a: Dondozo|37\/100|[from] item: Life Orb\n|move|p1b: Torkoal|Eruption|p2a: Dondozo|[spread] p2a\n|-miss|p1b: Torkoal|p2b: Tatsugiri\n|-resisted|p2a: Dondozo\n|-damage|p2a: Dondozo|30\/100\n|\n|-weather|SunnyDay|[upkeep]\n|upkeep\n|\n|t:|1682797325\n|switch|p1a: Flutter Mane|Flutter Mane, L50|100\/100\n|-activate|p1a: Flutter Mane|ability: Protosynthesis\n|-start|p1a: Flutter Mane|protosynthesisspe\n|turn|5\n|\n|t:|1682797336\n|-terastallize|p1a: Flutter Mane|Fairy\n|move|p2a: Dondozo|Surf|p1b: Torkoal|[spread] p1a,p1b\n|-miss|p2a: Dondozo|p2b: Tatsugiri\n|-supereffective|p1b: Torkoal\n|-damage|p1a: Flutter Mane|70\/100\n|-damage|p1b: Torkoal|0 fnt\n|faint|p1b: Torkoal\n|-damage|p2a: Dondozo|20\/100|[from] item: Life Orb\n|move|p1a: Flutter Mane|Moonblast|p2a: Dondozo\n|-damage|p2a: Dondozo|0 fnt\n|faint|p2a: Dondozo\n|\n|-weather|SunnyDay|[upkeep]\n|-sideend|p2: Modern2|move: Tailwind\n|upkeep\n|\n|t:|1682797354\n|switch|p2a: Chi-Yu|Chi-Yu, L50|100\/100\n|-ability|p2a: Chi-Yu|Beads of Ruin\n|turn|6\n|\n|t:|1682797369\n|-terastallize|p2b: Tatsugiri|Steel\n|move|p1a: Flutter Mane|Moonblast|p2a: Chi-Yu\n|-damage|p2a: Chi-Yu|1\/100\n|move|p2b: Tatsugiri|Muddy Water|p1a: Flutter Mane\n|-damage|p1a: Flutter Mane|41\/100\n|move|p2a: Chi-Yu|Overheat|p1a: Flutter Mane\n|-damage|p1a: Flutter Mane|0 fnt\n|-unboost|p2a: Chi-Yu|spa|2\n|faint|p1a: Flutter Mane\n|-end|p1a: Flutter Mane|Protosynthesis|[silent]\n|\n|win|Modern2\n|n|\u2606VS3119vgc._.|vs3119vgc\n|n|\u2606Modern2|modern2\n|l|\u2606VS3119vgc._.\n|j|\u2606VS3119vgc._.\n|player|p1|VS3119vgc._.|raihan\n|l|\u2606VS3119vgc._.\n|player|p1|\n","uploadtime":1682797378,"views":16,"p1id":"vs3119vgc","p2id":"modern2","formatid":"gen9vgc2023regulationc","rating":0,"private":0,"password":""}