{"id":"gen9vgc2023regulationc-1853281126","p1":"actuary97","p2":"shiro07","format":"[Gen 9] VGC 2023 Regulation C","log":"|j|\u2606actuary97\n|j|\u2606shiro07\n|t:|1682660245\n|gametype|doubles\n|player|p1|actuary97|sabrina-lgpe|1528\n|player|p2|shiro07|kris-masters|1449\n|teamsize|p1|6\n|teamsize|p2|6\n|gen|9\n|tier|[Gen 9] VGC 2023 Regulation C\n|rated|\n|rule|Species Clause: Limit one of each Pok\u00e9mon\n|rule|Item Clause: Limit one of each item\n|clearpoke\n|poke|p1|Tauros-Paldea-Blaze, L50, M|\n|poke|p1|Kingambit, L50, M|\n|poke|p1|Armarouge, L50, F|\n|poke|p1|Gallade, L50, M|\n|poke|p1|Indeedee, L50, M|\n|poke|p1|Drifblim, L50, M|\n|poke|p2|Wo-Chien, L50|\n|poke|p2|Great Tusk, L50|\n|poke|p2|Murkrow, L50, M|\n|poke|p2|Arcanine, L50, F|\n|poke|p2|Flutter Mane, L50|\n|poke|p2|Bellibolt, L50, M|\n|teampreview|4\n|\n|t:|1682660271\n|start\n|switch|p1a: Indeedee|Indeedee, L50, M, shiny|100\/100\n|switch|p1b: Balloon Boi|Drifblim, L50, M, shiny|100\/100\n|switch|p2a: Wo-Chien|Wo-Chien, L50|100\/100\n|switch|p2b: Bellibolt|Bellibolt, L50, M|100\/100\n|-fieldstart|move: Psychic Terrain|[from] ability: Psychic Surge|[of] p1a: Indeedee\n|-enditem|p1b: Balloon Boi|Psychic Seed\n|-boost|p1b: Balloon Boi|spd|1|[from] item: Psychic Seed\n|-ability|p2a: Wo-Chien|Tablets of Ruin\n|turn|1\n|c|\u2606actuary97|I love BELLIBOLT glhf\n|\n|t:|1682660297\n|switch|p1a: Armarouge|Armarouge, L50, F, shiny|100\/100\n|switch|p2b: Murkrow|Murkrow, L50, M|100\/100\n|move|p1b: Balloon Boi|Acrobatics|p2a: Wo-Chien\n|-supereffective|p2a: Wo-Chien\n|-damage|p2a: Wo-Chien|52\/100\n|move|p2a: Wo-Chien|Snarl|p1b: Balloon Boi|[spread] p1a,p1b\n|-supereffective|p1a: Armarouge\n|-supereffective|p1b: Balloon Boi\n|-damage|p1a: Armarouge|62\/100\n|-damage|p1b: Balloon Boi|70\/100\n|-unboost|p1a: Armarouge|spa|1\n|-unboost|p1b: Balloon Boi|spa|1\n|\n|-heal|p2a: Wo-Chien|58\/100|[from] item: Leftovers\n|upkeep\n|turn|2\n|\n|t:|1682660325\n|switch|p2a: Bellibolt|Bellibolt, L50, M|100\/100\n|move|p1b: Balloon Boi|Tailwind|p1b: Balloon Boi\n|-sidestart|p1: actuary97|move: Tailwind\n|move|p1a: Armarouge|Armor Cannon|p2a: Bellibolt\n|-damage|p2a: Bellibolt|67\/100\n|-unboost|p1a: Armarouge|def|1\n|-unboost|p1a: Armarouge|spd|1\n|-start|p2a: Bellibolt|Charge|Armor Cannon|[from] ability: Electromorphosis\n|-damage|p1a: Armarouge|52\/100|[from] item: Life Orb\n|move|p2b: Murkrow|Foul Play|p1b: Balloon Boi\n|-supereffective|p1b: Balloon Boi\n|-damage|p1b: Balloon Boi|22\/100\n|\n|upkeep\n|turn|3\n|\n|t:|1682660355\n|switch|p1a: Indeedee|Indeedee, L50, M, shiny|100\/100\n|move|p2b: Murkrow|Tailwind|p2b: Murkrow\n|-sidestart|p2: shiro07|move: Tailwind\n|move|p1b: Balloon Boi|Destiny Bond|p1b: Balloon Boi\n|-singlemove|p1b: Balloon Boi|Destiny Bond\n|move|p2a: Bellibolt|Muddy Water|p1b: Balloon Boi|[spread] p1a,p1b\n|-damage|p1a: Indeedee|73\/100\n|-damage|p1b: Balloon Boi|5\/100\n|-unboost|p1b: Balloon Boi|accuracy|1\n|\n|upkeep\n|turn|4\n|\n|t:|1682660380\n|move|p1b: Balloon Boi|Acrobatics|p2b: Murkrow|[miss]\n|-miss|p1b: Balloon Boi|p2b: Murkrow\n|move|p1a: Indeedee|Psychic|p2a: Bellibolt\n|-damage|p2a: Bellibolt|11\/100\n|-start|p2a: Bellibolt|Charge|Psychic|[from] ability: Electromorphosis\n|move|p2b: Murkrow|Foul Play|p1b: Balloon Boi\n|-supereffective|p1b: Balloon Boi\n|-damage|p1b: Balloon Boi|0 fnt\n|faint|p1b: Balloon Boi\n|move|p2a: Bellibolt|Thunderbolt|p1a: Indeedee\n|-damage|p1a: Indeedee|0 fnt\n|faint|p1a: Indeedee\n|-end|p2a: Bellibolt|Charge|[silent]\n|\n|upkeep\n|\n|t:|1682660395\n|switch|p1a: King|Gallade, L50, M, shiny|100\/100\n|switch|p1b: Armarouge|Armarouge, L50, F, shiny|52\/100\n|turn|5\n|\n|t:|1682660406\n|-terastallize|p1a: King|Water\n|move|p1a: King|Aqua Cutter|p2b: Murkrow\n|-crit|p2b: Murkrow\n|-damage|p2b: Murkrow|0 fnt\n|faint|p2b: Murkrow\n|move|p1b: Armarouge|Expanding Force|p2a: Bellibolt\n|-damage|p2a: Bellibolt|0 fnt\n|faint|p2a: Bellibolt\n|-damage|p1b: Armarouge|42\/100|[from] item: Life Orb\n|\n|-sideend|p1: actuary97|move: Tailwind\n|-fieldend|move: Psychic Terrain\n|upkeep\n|\n|t:|1682660416\n|switch|p2b: Wo-Chien|Wo-Chien, L50|58\/100\n|switch|p2a: Great Tusk|Great Tusk, L50|100\/100\n|-ability|p2b: Wo-Chien|Tablets of Ruin\n|turn|6\n|\n|t:|1682660457\n|-terastallize|p2a: Great Tusk|Steel\n|move|p1a: King|Protect|p1a: King\n|-singleturn|p1a: King|Protect\n|move|p2a: Great Tusk|Headlong Rush|p1a: King\n|-activate|p1a: King|move: Protect\n|move|p2b: Wo-Chien|Snarl|p1b: Armarouge|[spread] p1b\n|-activate|p1a: King|move: Protect\n|-supereffective|p1b: Armarouge\n|-damage|p1b: Armarouge|2\/100\n|-unboost|p1b: Armarouge|spa|1\n|move|p1b: Armarouge|Expanding Force|p2a: Great Tusk\n|-resisted|p2a: Great Tusk\n|-damage|p2a: Great Tusk|73\/100\n|-damage|p1b: Armarouge|0 fnt|[from] item: Life Orb\n|faint|p1b: Armarouge\n|\n|-heal|p2b: Wo-Chien|64\/100|[from] item: Leftovers\n|-sideend|p2: shiro07|move: Tailwind\n|upkeep\n|turn|7\n|\n|t:|1682660479\n|move|p2a: Great Tusk|Headlong Rush|p1a: King\n|-damage|p1a: King|8\/100\n|-unboost|p2a: Great Tusk|def|1\n|-unboost|p2a: Great Tusk|spd|1\n|move|p1a: King|Sacred Sword|p2a: Great Tusk\n|-supereffective|p2a: Great Tusk\n|-damage|p2a: Great Tusk|0 fnt\n|faint|p2a: Great Tusk\n|-end|p2a: Great Tusk|Protosynthesis|[silent]\n|move|p2b: Wo-Chien|Giga Drain|p1a: King\n|-supereffective|p1a: King\n|-damage|p1a: King|0 fnt\n|-heal|p2b: Wo-Chien|68\/100|[from] drain|[of] p1a: King\n|faint|p1a: King\n|\n|win|shiro07\n|raw|actuary97's rating: 1528 → 1504<\/strong> (-24 for losing)\n|raw|shiro07's rating: 1449 → 1473<\/strong> (+24 for winning)\n|c|\u2606actuary97|gg\n|c|\u2606shiro07|Gg\n","uploadtime":1682660501,"views":17,"p1id":"actuary97","p2id":"shiro07","formatid":"gen9vgc2023regulationc","rating":1473,"private":0,"password":""}