{"id":"gen9vgc2023regulationc-1858321615","p1":"extrafabulous","p2":"Mavrjce","format":"[Gen 9] VGC 2023 Regulation C","log":"|j|\u2606extrafabulous\n|j|\u2606Mavrjce\n|t:|1683301787\n|gametype|doubles\n|player|p1|extrafabulous|102|1183\n|player|p2|Mavrjce|101|1062\n|teamsize|p1|6\n|teamsize|p2|6\n|gen|9\n|tier|[Gen 9] VGC 2023 Regulation C\n|rated|\n|rule|Species Clause: Limit one of each Pok\u00e9mon\n|rule|Item Clause: Limit one of each item\n|clearpoke\n|poke|p1|Amoonguss, L50, M|\n|poke|p1|Palafin, L50, M|\n|poke|p1|Pelipper, L50, M|\n|poke|p1|Gholdengo, L50|\n|poke|p1|Kingambit, L50, F|\n|poke|p1|Drednaw, L50, F|\n|poke|p2|Ceruledge, L50, M|\n|poke|p2|Orthworm, L50, M|\n|poke|p2|Garchomp, L50, F|\n|poke|p2|Talonflame, L50, M|\n|poke|p2|Gastrodon, L50, F|\n|poke|p2|Scizor, L50, M|\n|teampreview|4\n|inactive|Battle timer is ON: inactive players will automatically lose when time's up. (requested by extrafabulous)\n|inactive|Mavrjce has 60 seconds left.\n|inactive|Mavrjce has 30 seconds left.\n|\n|t:|1683301853\n|start\n|switch|p1a: Palafin|Palafin, L50, M, shiny|100\/100\n|switch|p1b: Pelipper|Pelipper, L50, M|100\/100\n|switch|p2a: Talonflame|Talonflame, L50, M|100\/100\n|switch|p2b: Orthworm|Orthworm, L50, M|100\/100\n|-weather|RainDance|[from] ability: Drizzle|[of] p1b: Pelipper\n|turn|1\n|inactive|Mavrjce has 30 seconds left.\n|\n|t:|1683301884\n|detailschange|p1a: Palafin|Palafin-Hero, L50, M, shiny\n|switch|p1a: Amoonguss|Amoonguss, L50, M, shiny|100\/100\n|move|p2a: Talonflame|Will-O-Wisp|p1a: Amoonguss\n|-status|p1a: Amoonguss|brn\n|move|p2b: Orthworm|Shed Tail|p2b: Orthworm\n|-start|p2b: Orthworm|Substitute|[from] move: Shed Tail\n|-damage|p2b: Orthworm|50\/100\n|\n|t:|1683301895\n|switch|p2b: Scizor|Scizor, L50, M|100\/100|[from] Shed Tail\n|move|p1b: Pelipper|Tailwind|p1b: Pelipper\n|-sidestart|p1: extrafabulous|move: Tailwind\n|\n|-weather|RainDance|[upkeep]\n|-damage|p1a: Amoonguss|95\/100 brn|[from] brn\n|upkeep\n|turn|2\n|\n|t:|1683301908\n|move|p2a: Talonflame|Taunt|p1a: Amoonguss\n|-start|p1a: Amoonguss|move: Taunt\n|move|p1b: Pelipper|Hydro Pump|p2a: Talonflame\n|-supereffective|p2a: Talonflame\n|-enditem|p2a: Talonflame|Focus Sash\n|-damage|p2a: Talonflame|1\/100\n|move|p1a: Amoonguss|Pollen Puff|p2b: Scizor\n|-resisted|p2b: Scizor\n|-activate|p2b: Scizor|move: Substitute|[damage]\n|move|p2b: Scizor|Swords Dance|p2b: Scizor\n|-boost|p2b: Scizor|atk|2\n|\n|-weather|RainDance|[upkeep]\n|-heal|p1a: Amoonguss|100\/100 brn|[from] item: Leftovers\n|-damage|p1a: Amoonguss|95\/100 brn|[from] brn\n|upkeep\n|turn|3\n|inactive|Mavrjce has 30 seconds left.\n|inactive|Mavrjce has 20 seconds left.\n|\n|t:|1683301944\n|-terastallize|p2b: Scizor|Steel\n|move|p2b: Scizor|Bullet Punch|p1a: Amoonguss\n|-damage|p1a: Amoonguss|14\/100 brn\n|move|p2a: Talonflame|Tailwind|p2a: Talonflame\n|-sidestart|p2: Mavrjce|move: Tailwind\n|move|p1b: Pelipper|Hurricane|p2a: Talonflame\n|-damage|p2a: Talonflame|0 fnt\n|faint|p2a: Talonflame\n|move|p1a: Amoonguss|Clear Smog|p2b: Scizor\n|-immune|p2b: Scizor\n|\n|-weather|RainDance|[upkeep]\n|-heal|p1a: Amoonguss|20\/100 brn|[from] item: Leftovers\n|-damage|p1a: Amoonguss|14\/100 brn|[from] brn\n|upkeep\n|\n|t:|1683301967\n|switch|p2a: Orthworm|Orthworm, L50, M|50\/100\n|turn|4\n|\n|t:|1683301988\n|switch|p1a: Palafin|Palafin-Hero, L50, M, shiny|100\/100\n|-activate|p1a: Palafin|ability: Zero to Hero\n|move|p2a: Orthworm|Helping Hand|p2b: Scizor\n|-singleturn|p2b: Scizor|Helping Hand|[of] p2a: Orthworm\n|move|p2b: Scizor|Bullet Punch|p1a: Palafin\n|-resisted|p1a: Palafin\n|-damage|p1a: Palafin|26\/100\n|move|p1b: Pelipper|Hydro Pump|p2a: Orthworm\n|-damage|p2a: Orthworm|0 fnt\n|faint|p2a: Orthworm\n|\n|-weather|RainDance|[upkeep]\n|-sideend|p1: extrafabulous|move: Tailwind\n|upkeep\n|\n|t:|1683302002\n|switch|p2a: Garchomp|Garchomp, L50, F|100\/100\n|turn|5\n|\n|t:|1683302012\n|move|p2a: Garchomp|Protect|p2a: Garchomp\n|-singleturn|p2a: Garchomp|Protect\n|move|p2b: Scizor|Bullet Punch|p1a: Palafin\n|-resisted|p1a: Palafin\n|-damage|p1a: Palafin|0 fnt\n|faint|p1a: Palafin\n|move|p1b: Pelipper|Tailwind|p1b: Pelipper\n|-sidestart|p1: extrafabulous|move: Tailwind\n|\n|-weather|none\n|upkeep\n|\n|t:|1683302024\n|switch|p1a: Gholdengo|Gholdengo, L50|100\/100\n|turn|6\n|\n|t:|1683302044\n|switch|p1b: Amoonguss|Amoonguss, L50, M, shiny|47\/100 brn\n|-terastallize|p1a: Gholdengo|Steel\n|move|p2b: Scizor|Protect|p2b: Scizor\n|-singleturn|p2b: Scizor|Protect\n|move|p2a: Garchomp|Earthquake|p1b: Amoonguss|[spread] p1a,p1b\n|-activate|p2b: Scizor|move: Protect\n|-supereffective|p1a: Gholdengo\n|-damage|p1a: Gholdengo|0 fnt\n|-damage|p1b: Amoonguss|5\/100 brn\n|faint|p1a: Gholdengo\n|-damage|p2a: Garchomp|91\/100|[from] item: Life Orb\n|\n|-heal|p1b: Amoonguss|10\/100 brn|[from] item: Leftovers\n|-damage|p1b: Amoonguss|5\/100 brn|[from] brn\n|-sideend|p2: Mavrjce|move: Tailwind\n|upkeep\n|-message|extrafabulous forfeited.\n|\n|win|Mavrjce\n|raw|extrafabulous's rating: 1183 → 1150<\/strong> (-33 for losing)\n|raw|Mavrjce's rating: 1062 → 1103<\/strong> (+41 for winning)\n|l|\u2606extrafabulous\n","uploadtime":1683302086,"views":11,"p1id":"extrafabulous","p2id":"mavrjce","formatid":"gen9vgc2023regulationc","rating":1103,"private":0,"password":""}