{"id":"gen9vgc2023regulationc-1848209042","p1":"mirrorcardneko","p2":"SoggyWaffles35","format":"[Gen 9] VGC 2023 Regulation C","log":"|j|\u2606mirrorcardneko\n|j|\u2606SoggyWaffles35\n|t:|1682042732\n|gametype|doubles\n|player|p1|mirrorcardneko|169|1163\n|player|p2|SoggyWaffles35|265|1275\n|teamsize|p1|6\n|teamsize|p2|6\n|gen|9\n|tier|[Gen 9] VGC 2023 Regulation C\n|rated|\n|rule|Species Clause: Limit one of each Pok\u00e9mon\n|rule|Item Clause: Limit one of each item\n|clearpoke\n|poke|p1|Grafaiai, L50, M|\n|poke|p1|Arcanine, L50, M|\n|poke|p1|Sylveon, L50, M|\n|poke|p1|Wo-Chien, L50|\n|poke|p1|Iron Jugulis, L50|\n|poke|p1|Iron Treads, L50|\n|poke|p2|Orthworm, L50, M|\n|poke|p2|Ting-Lu, L50|\n|poke|p2|Chien-Pao, L50|\n|poke|p2|Dragonite, L50, F|\n|poke|p2|Gyarados, L50, F|\n|poke|p2|Flutter Mane, L50|\n|teampreview|4\nSoggyWaffles35 has agreed to open team sheets.\n|inactive|Battle timer is ON: inactive players will automatically lose when time's up. (requested by mirrorcardneko)\n|\n|t:|1682042796\n|start\n|switch|p1a: Iron Treads|Iron Treads, L50|100\/100\n|switch|p1b: Iron Jugulis|Iron Jugulis, L50|100\/100\n|switch|p2a: Ting-Lu|Ting-Lu, L50|100\/100\n|switch|p2b: Gyarados|Gyarados, L50, F|100\/100\n|-ability|p2b: Gyarados|Intimidate|boost\n|-unboost|p1a: Iron Treads|atk|1\n|-unboost|p1b: Iron Jugulis|atk|1\n|-ability|p2a: Ting-Lu|Vessel of Ruin\n|turn|1\n|inactive|mirrorcardneko has 30 seconds left.\n|\n|t:|1682042821\n|move|p1a: Iron Treads|Protect|p1a: Iron Treads\n|-singleturn|p1a: Iron Treads|Protect\n|move|p1b: Iron Jugulis|Tri Attack|p2b: Gyarados\n|-damage|p2b: Gyarados|84\/100\n|move|p2b: Gyarados|Waterfall|p1a: Iron Treads\n|-activate|p1a: Iron Treads|move: Protect\n|move|p2a: Ting-Lu|Earthquake|p1b: Iron Jugulis|[spread] \n|-activate|p1a: Iron Treads|move: Protect\n|-immune|p2b: Gyarados\n|-immune|p1b: Iron Jugulis\n|\n|upkeep\n|turn|2\n|\n|t:|1682042838\n|-end|p1a: Iron Treads|Quark Drive|[silent]\n|switch|p1a: Wo-Chien|Wo-Chien, L50|100\/100\n|-ability|p1a: Wo-Chien|Tablets of Ruin\n|move|p1b: Iron Jugulis|Tri Attack|p2b: Gyarados\n|-damage|p2b: Gyarados|69\/100\n|-status|p2b: Gyarados|par\n|move|p2a: Ting-Lu|Rock Slide|p1a: Wo-Chien|[spread] p1a,p1b\n|-supereffective|p1b: Iron Jugulis\n|-damage|p1a: Wo-Chien|88\/100\n|-damage|p1b: Iron Jugulis|67\/100\n|move|p2b: Gyarados|Waterfall|p1a: Wo-Chien\n|-resisted|p1a: Wo-Chien\n|-damage|p1a: Wo-Chien|79\/100\n|\n|upkeep\n|turn|3\n|inactive|SoggyWaffles35 has 30 seconds left.\n|inactive|SoggyWaffles35 has 20 seconds left.\n|inactive|SoggyWaffles35 has 15 seconds left.\n|\n|t:|1682042880\n|move|p1b: Iron Jugulis|Air Slash|p2b: Gyarados\n|-damage|p2b: Gyarados|45\/100 par\n|move|p1a: Wo-Chien|Leech Seed|p2a: Ting-Lu\n|-start|p2a: Ting-Lu|move: Leech Seed\n|move|p2a: Ting-Lu|Rock Slide|p1a: Wo-Chien|[spread] p1a\n|-miss|p2a: Ting-Lu|p1b: Iron Jugulis\n|-damage|p1a: Wo-Chien|66\/100\n|cant|p2b: Gyarados|par\n|\n|-damage|p2a: Ting-Lu|88\/100|[from] Leech Seed|[of] p1a: Wo-Chien\n|-heal|p1a: Wo-Chien|82\/100|[silent]\n|upkeep\n|turn|4\n|inactive|mirrorcardneko has 30 seconds left.\n|\n|t:|1682042913\n|switch|p2a: Dragonite|Dragonite, L50, F|100\/100\n|move|p1b: Iron Jugulis|Air Slash|p2b: Gyarados\n|-damage|p2b: Gyarados|15\/100 par\n|move|p1a: Wo-Chien|Leech Seed|p2b: Gyarados\n|-start|p2b: Gyarados|move: Leech Seed\n|cant|p2b: Gyarados|flinch\n|\n|-damage|p2b: Gyarados|3\/100 par|[from] Leech Seed|[of] p1a: Wo-Chien\n|-heal|p1a: Wo-Chien|95\/100|[silent]\n|upkeep\n|turn|5\n|\n|t:|1682042936\n|-end|p1b: Iron Jugulis|Quark Drive|[silent]\n|switch|p1b: Arcanine|Arcanine, L50, M|100\/100\n|-ability|p1b: Arcanine|Intimidate|boost\n|-unboost|p2a: Dragonite|atk|1\n|-unboost|p2b: Gyarados|atk|1\n|-terastallize|p1a: Wo-Chien|Poison\n|move|p2a: Dragonite|Thunder Punch|p1b: Arcanine\n|-damage|p1b: Arcanine|90\/100\n|-status|p1b: Arcanine|par\n|-damage|p2a: Dragonite|84\/100|[from] item: Rocky Helmet|[of] p1b: Arcanine\n|move|p1a: Wo-Chien|Leech Seed|p2a: Dragonite\n|-start|p2a: Dragonite|move: Leech Seed\n|move|p2b: Gyarados|Bulldoze|p1a: Wo-Chien|[spread] p1a,p1b\n|-immune|p2a: Dragonite\n|-supereffective|p1a: Wo-Chien\n|-supereffective|p1b: Arcanine\n|-damage|p1a: Wo-Chien|85\/100\n|-damage|p1b: Arcanine|81\/100 par\n|-unboost|p1a: Wo-Chien|spe|1\n|-unboost|p1b: Arcanine|spe|1\n|\n|-damage|p2a: Dragonite|71\/100|[from] Leech Seed|[of] p1a: Wo-Chien\n|-heal|p1a: Wo-Chien|96\/100|[silent]\n|-damage|p2b: Gyarados|0 fnt|[from] Leech Seed|[of] p1a: Wo-Chien\n|-heal|p1a: Wo-Chien|98\/100|[silent]\n|faint|p2b: Gyarados\n|upkeep\n|\n|t:|1682042954\n|switch|p2b: Ting-Lu|Ting-Lu, L50|88\/100\n|-ability|p2b: Ting-Lu|Vessel of Ruin\n|turn|6\n|\n|t:|1682042975\n|switch|p2a: Chien-Pao|Chien-Pao, L50|100\/100\n|-ability|p2a: Chien-Pao|Sword of Ruin\n|move|p1a: Wo-Chien|Protect|p1a: Wo-Chien\n|-singleturn|p1a: Wo-Chien|Protect\n|move|p2b: Ting-Lu|Earthquake|p1b: Arcanine|[spread] p2a,p1b\n|-activate|p1a: Wo-Chien|move: Protect\n|-supereffective|p1b: Arcanine\n|-damage|p2a: Chien-Pao|62\/100\n|-damage|p1b: Arcanine|20\/100 par\n|cant|p1b: Arcanine|par\n|\n|upkeep\n|turn|7\n|\n|t:|1682042993\n|switch|p1b: Iron Jugulis|Iron Jugulis, L50|67\/100\n|move|p2a: Chien-Pao|Protect|p2a: Chien-Pao\n|-singleturn|p2a: Chien-Pao|Protect\n|move|p2b: Ting-Lu|Earthquake|p1b: Iron Jugulis|[spread] p1a\n|-activate|p2a: Chien-Pao|move: Protect\n|-immune|p1b: Iron Jugulis\n|-supereffective|p1a: Wo-Chien\n|-damage|p1a: Wo-Chien|36\/100\n|-enditem|p1a: Wo-Chien|Sitrus Berry|[eat]\n|-heal|p1a: Wo-Chien|61\/100|[from] item: Sitrus Berry\n|move|p1a: Wo-Chien|Leech Seed|p2b: Ting-Lu\n|-start|p2b: Ting-Lu|move: Leech Seed\n|\n|-damage|p2b: Ting-Lu|76\/100|[from] Leech Seed|[of] p1a: Wo-Chien\n|-heal|p1a: Wo-Chien|78\/100|[silent]\n|upkeep\n|turn|8\n|\n|t:|1682043016\n|switch|p2b: Dragonite|Dragonite, L50, F|71\/100\n|move|p2a: Chien-Pao|Ice Spinner|p1b: Iron Jugulis\n|-supereffective|p1b: Iron Jugulis\n|-damage|p1b: Iron Jugulis|0 fnt\n|faint|p1b: Iron Jugulis\n|-end|p1b: Iron Jugulis|Quark Drive|[silent]\n|move|p1a: Wo-Chien|Leech Seed|p2a: Chien-Pao\n|-start|p2a: Chien-Pao|move: Leech Seed\n|\n|-damage|p2a: Chien-Pao|50\/100|[from] Leech Seed|[of] p1a: Wo-Chien\n|-heal|p1a: Wo-Chien|87\/100|[silent]\n|upkeep\n|\n|t:|1682043027\n|switch|p1b: Arcanine|Arcanine, L50, M|20\/100 par\n|-ability|p1b: Arcanine|Intimidate|boost\n|-unboost|p2a: Chien-Pao|atk|1\n|-unboost|p2b: Dragonite|atk|1\n|turn|9\n|\n|t:|1682043042\n|move|p2a: Chien-Pao|Sacred Sword|p1b: Arcanine\n|-crit|p1b: Arcanine\n|-damage|p1b: Arcanine|0 fnt\n|-damage|p2a: Chien-Pao|33\/100|[from] item: Rocky Helmet|[of] p1b: Arcanine\n|faint|p1b: Arcanine\n|move|p2b: Dragonite|Dragon Dance|p2b: Dragonite\n|-boost|p2b: Dragonite|atk|1\n|-boost|p2b: Dragonite|spe|1\n|move|p1a: Wo-Chien|Leech Seed|p2b: Dragonite\n|-start|p2b: Dragonite|move: Leech Seed\n|\n|-damage|p2b: Dragonite|59\/100|[from] Leech Seed|[of] p1a: Wo-Chien\n|-heal|p1a: Wo-Chien|98\/100|[silent]\n|-damage|p2a: Chien-Pao|21\/100|[from] Leech Seed|[of] p1a: Wo-Chien\n|-heal|p1a: Wo-Chien|100\/100|[silent]\n|upkeep\n|\n|t:|1682043054\n|switch|p1b: Iron Treads|Iron Treads, L50|100\/100\n|turn|10\n|inactive|SoggyWaffles35 has 30 seconds left.\n|inactive|SoggyWaffles35 has 20 seconds left.\n|\n|t:|1682043090\n|move|p2a: Chien-Pao|Protect|p2a: Chien-Pao\n|-singleturn|p2a: Chien-Pao|Protect\n|move|p1a: Wo-Chien|Protect|p1a: Wo-Chien\n|-singleturn|p1a: Wo-Chien|Protect\n|move|p2b: Dragonite|Earthquake|p1b: Iron Treads|[spread] p1b\n|-activate|p2a: Chien-Pao|move: Protect\n|-activate|p1a: Wo-Chien|move: Protect\n|-supereffective|p1b: Iron Treads\n|-damage|p1b: Iron Treads|51\/100\n|move|p1b: Iron Treads|Ice Spinner|p2b: Dragonite\n|-supereffective|p2b: Dragonite\n|-damage|p2b: Dragonite|0 fnt\n|faint|p2b: Dragonite\n|\n|-damage|p2a: Chien-Pao|9\/100|[from] Leech Seed|[of] p1a: Wo-Chien\n|upkeep\n|\n|t:|1682043101\n|switch|p2b: Ting-Lu|Ting-Lu, L50|76\/100\n|-ability|p2b: Ting-Lu|Vessel of Ruin\n|turn|11\n|inactive|SoggyWaffles35 has 30 seconds left.\n|\n|t:|1682043128\n|move|p1b: Iron Treads|Protect|p1b: Iron Treads\n|-singleturn|p1b: Iron Treads|Protect\n|move|p2a: Chien-Pao|Ice Spinner|p1b: Iron Treads\n|-activate|p1b: Iron Treads|move: Protect\n|move|p2b: Ting-Lu|Earthquake|p1a: Wo-Chien|[spread] p2a,p1a\n|-activate|p1b: Iron Treads|move: Protect\n|-supereffective|p1a: Wo-Chien\n|-damage|p2a: Chien-Pao|0 fnt\n|-damage|p1a: Wo-Chien|32\/100\n|faint|p2a: Chien-Pao\n|move|p1a: Wo-Chien|Leech Seed|p2b: Ting-Lu|[miss]\n|-miss|p1a: Wo-Chien|p2b: Ting-Lu\n|\n|upkeep\n|turn|12\n|\n|t:|1682043150\n|-terastallize|p2b: Ting-Lu|Water\n|move|p1a: Wo-Chien|Protect|p1a: Wo-Chien\n|-singleturn|p1a: Wo-Chien|Protect\n|move|p1b: Iron Treads|Ice Spinner|p2b: Ting-Lu\n|-resisted|p2b: Ting-Lu\n|-damage|p2b: Ting-Lu|71\/100\n|move|p2b: Ting-Lu|Earthquake|p1b: Iron Treads|[spread] p1b\n|-activate|p1a: Wo-Chien|move: Protect\n|-supereffective|p1b: Iron Treads\n|-damage|p1b: Iron Treads|0 fnt\n|faint|p1b: Iron Treads\n|-end|p1b: Iron Treads|Quark Drive|[silent]\n|\n|upkeep\n|turn|13\n|\n|t:|1682043163\n|move|p2b: Ting-Lu|Earthquake|p1a: Wo-Chien\n|-supereffective|p1a: Wo-Chien\n|-damage|p1a: Wo-Chien|0 fnt\n|faint|p1a: Wo-Chien\n|\n|win|SoggyWaffles35\n|raw|mirrorcardneko's rating: 1163 → 1146<\/strong> (-17 for losing)\n|raw|SoggyWaffles35's rating: 1275 → 1292<\/strong> (+17 for winning)\n|l|\u2606mirrorcardneko\n","uploadtime":1682043174,"views":13,"p1id":"mirrorcardneko","p2id":"soggywaffles35","formatid":"gen9vgc2023regulationc","rating":1146,"private":0,"password":""}