{"id":"gen9vgc2023regulationc-1863999867","p1":"f0r3v3r","p2":"DarthIgnus","format":"[Gen 9] VGC 2023 Regulation C","log":"|j|\u2606f0r3v3r\n|j|\u2606DarthIgnus\n|t:|1684103384\n|gametype|doubles\n|player|p1|f0r3v3r|burglar|1250\n|player|p2|DarthIgnus|dragontamer|1334\n|teamsize|p1|6\n|teamsize|p2|6\n|gen|9\n|tier|[Gen 9] VGC 2023 Regulation C\n|rated|\n|rule|Species Clause: Limit one of each Pok\u00e9mon\n|rule|Item Clause: Limit one of each item\n|clearpoke\n|poke|p1|Bronzong, L50|\n|poke|p1|Ting-Lu, L50|\n|poke|p1|Slowpoke, L50, M|\n|poke|p1|Gholdengo, L50|\n|poke|p1|Murkrow, L50, M|\n|poke|p1|Iron Hands, L50|\n|poke|p2|Chien-Pao, L50|\n|poke|p2|Dragonite, L50, F|\n|poke|p2|Talonflame, L50, F|\n|poke|p2|Great Tusk, L50|\n|poke|p2|Flutter Mane, L50|\n|poke|p2|Iron Bundle, L50|\n|teampreview|4\nDarthIgnus has agreed to open team sheets.\nf0r3v3r has agreed to open team sheets.\n|inactive|Battle timer is ON: inactive players will automatically lose when time's up. (requested by f0r3v3r)\n|\n|t:|1684103456\n|start\n|switch|p1a: Murkrow|Murkrow, L50, M|100\/100\n|switch|p1b: Iron Hands|Iron Hands, L50|100\/100\n|switch|p2a: Talonflame|Talonflame, L50, F|100\/100\n|switch|p2b: Flutter Mane|Flutter Mane, L50|100\/100\n|turn|1\n|inactive|f0r3v3r has 30 seconds left.\n|\n|t:|1684103483\n|-terastallize|p2a: Talonflame|Ghost\n|move|p1b: Iron Hands|Fake Out|p2a: Talonflame\n|-immune|p2a: Talonflame\n|move|p2a: Talonflame|Taunt|p1a: Murkrow\n|-start|p1a: Murkrow|move: Taunt\n|move|p2b: Flutter Mane|Dazzling Gleam|p1b: Iron Hands|[spread] p1a,p1b\n|-supereffective|p1a: Murkrow\n|-supereffective|p1b: Iron Hands\n|-damage|p1a: Murkrow|0 fnt\n|-damage|p1b: Iron Hands|57\/100\n|faint|p1a: Murkrow\n|\n|upkeep\n|\n|t:|1684103496\n|switch|p1a: Slowpoke|Slowpoke, L50, M|100\/100\n|turn|2\n|\n|t:|1684103517\n|-end|p2b: Flutter Mane|Protosynthesis|[silent]\n|switch|p2b: Dragonite|Dragonite, L50, F|100\/100\n|-terastallize|p1a: Slowpoke|Flying\n|move|p2a: Talonflame|Will-O-Wisp|p1b: Iron Hands\n|-status|p1b: Iron Hands|brn\n|move|p1b: Iron Hands|Volt Switch|p2a: Talonflame\n|-damage|p2a: Talonflame|83\/100\n|\n|t:|1684103528\n|-end|p1b: Iron Hands|Quark Drive|[silent]\n|switch|p1b: Ting-Lu|Ting-Lu, L50|100\/100|[from] Volt Switch\n|-ability|p1b: Ting-Lu|Vessel of Ruin\n|move|p1a: Slowpoke|Trick Room|p1a: Slowpoke\n|-fieldstart|move: Trick Room|[of] p1a: Slowpoke\n|\n|upkeep\n|turn|3\n|inactive|DarthIgnus has 30 seconds left.\n|\n|t:|1684103560\n|move|p2b: Dragonite|Aqua Jet|p1b: Ting-Lu\n|-supereffective|p1b: Ting-Lu\n|-damage|p1b: Ting-Lu|75\/100\n|-enditem|p1b: Ting-Lu|Weakness Policy\n|-boost|p1b: Ting-Lu|atk|2|[from] item: Weakness Policy\n|-boost|p1b: Ting-Lu|spa|2|[from] item: Weakness Policy\n|move|p1a: Slowpoke|Surf|p2b: Dragonite|[spread] p1b,p2a,p2b\n|-supereffective|p1b: Ting-Lu\n|-resisted|p2b: Dragonite\n|-damage|p1b: Ting-Lu|64\/100\n|-damage|p2a: Talonflame|72\/100\n|-damage|p2b: Dragonite|96\/100\n|move|p1b: Ting-Lu|Rock Slide|p2b: Dragonite|[spread] p2a\n|-miss|p1b: Ting-Lu|p2b: Dragonite\n|-damage|p2a: Talonflame|26\/100\n|move|p2a: Talonflame|Will-O-Wisp|p1b: Ting-Lu\n|-status|p1b: Ting-Lu|brn\n|\n|-damage|p1b: Ting-Lu|58\/100 brn|[from] brn\n|upkeep\n|turn|4\n|\n|t:|1684103583\n|switch|p2a: Great Tusk|Great Tusk, L50|100\/100\n|move|p2b: Dragonite|Aqua Jet|p1b: Ting-Lu\n|-supereffective|p1b: Ting-Lu\n|-damage|p1b: Ting-Lu|31\/100 brn\n|move|p1a: Slowpoke|Heal Pulse|p1b: Ting-Lu\n|-heal|p1b: Ting-Lu|81\/100 brn\n|move|p1b: Ting-Lu|Rock Slide|p2a: Great Tusk|[spread] p2a,p2b\n|-resisted|p2a: Great Tusk\n|-supereffective|p2b: Dragonite\n|-damage|p2a: Great Tusk|97\/100\n|-damage|p2b: Dragonite|60\/100\n|\n|-damage|p1b: Ting-Lu|75\/100 brn|[from] brn\n|upkeep\n|turn|5\n|\n|t:|1684103601\n|move|p2b: Dragonite|Aqua Jet|p1b: Ting-Lu\n|-supereffective|p1b: Ting-Lu\n|-damage|p1b: Ting-Lu|46\/100 brn\n|move|p1a: Slowpoke|Yawn|p2a: Great Tusk\n|-start|p2a: Great Tusk|move: Yawn|[of] p1a: Slowpoke\n|move|p1b: Ting-Lu|Rock Slide|p2b: Dragonite|[spread] \n|-miss|p1b: Ting-Lu|p2a: Great Tusk\n|-miss|p1b: Ting-Lu|p2b: Dragonite\n|move|p2a: Great Tusk|Close Combat|p1b: Ting-Lu\n|-supereffective|p1b: Ting-Lu\n|-damage|p1b: Ting-Lu|0 fnt\n|-unboost|p2a: Great Tusk|def|1\n|-unboost|p2a: Great Tusk|spd|1\n|faint|p1b: Ting-Lu\n|-damage|p2a: Great Tusk|87\/100|[from] item: Life Orb\n|\n|upkeep\n|-message|f0r3v3r forfeited.\n|\n|win|DarthIgnus\n|raw|f0r3v3r's rating: 1250 → 1231<\/strong> (-19 for losing)\n|raw|DarthIgnus's rating: 1334 → 1349<\/strong> (+15 for winning)\n|l|\u2606f0r3v3r\n","uploadtime":1684103630,"views":5,"p1id":"f0r3v3r","p2id":"darthignus","formatid":"gen9vgc2023regulationc","rating":1231,"private":0,"password":""}