{"id":"gen9vgc2023regulationc-1849434846","p1":"PowerLoveMind","p2":"SpadesHS","format":"[Gen 9] VGC 2023 Regulation C","log":"|j|\u2606PowerLoveMind\n|j|\u2606SpadesHS\n|t:|1682198115\n|gametype|doubles\n|player|p1|PowerLoveMind|brock-gen2|\n|player|p2|SpadesHS|n|\n|teamsize|p1|6\n|teamsize|p2|6\n|gen|9\n|tier|[Gen 9] VGC 2023 Regulation C\n|rated|Tournament battle\n|rule|Species Clause: Limit one of each Pok\u00e9mon\n|rule|Item Clause: Limit one of each item\n|clearpoke\n|poke|p1|Farigiraf, L50, F|\n|poke|p1|Tauros-Paldea-Aqua, L50, M|\n|poke|p1|Sylveon, L50, F|\n|poke|p1|Rotom-Heat, L50|\n|poke|p1|Kingambit, L50, M|\n|poke|p1|Amoonguss, L50, F|\n|poke|p2|Flutter Mane, L50|\n|poke|p2|Amoonguss, L50, F|\n|poke|p2|Palafin, L50, M|\n|poke|p2|Arcanine, L50, M|\n|poke|p2|Ting-Lu, L50|\n|poke|p2|Kingambit, L50, F|\n|teampreview|4\n|raw| Open Team Sheet for PowerLoveMind<\/summary>Farigiraf (F) @ Mental Herb Ability: Armor Tail Level: 50 Tera Type: Dark - Psychic - Foul Play - Helping Hand - Trick Room Tauros (Tauros-Paldea-Aqua) (M) @ Sitrus Berry Ability: Intimidate Level: 50 Tera Type: Steel - Close Combat - Raging Bull - Aqua Jet - Protect Sylveon (F) @ Throat Spray Ability: Pixilate Level: 50 Tera Type: Ground - Hyper Voice - Tera Blast - Yawn - Protect Rotom (Rotom-Heat) @ Safety Goggles Ability: Levitate Level: 50 Tera Type: Poison - Thunderbolt - Overheat - Will-O-Wisp - Protect Kingambit (M) @ Lum Berry Ability: Defiant Level: 50 Tera Type: Bug - Kowtow Cleave - Iron Head - Swords Dance - Protect Amoonguss (F) @ Leftovers Ability: Regenerator Level: 50 Tera Type: Rock - Pollen Puff - Clear Smog - Spore - Rage Powder <\/details><\/div> Open Team Sheet for SpadesHS<\/summary>Timeline (Flutter Mane) @ Booster Energy Ability: Protosynthesis Level: 50 Tera Type: Fairy - Shadow Ball - Moonblast - Dazzling Gleam - Protect Imposter (Amoonguss) @ Rocky Helmet Ability: Regenerator Level: 50 Tera Type: Water - Spore - Rage Powder - Pollen Puff - Protect Marino (Palafin) @ Mystic Water Ability: Zero to Hero Level: 50 Tera Type: Water - Protect - Jet Punch - Haze - Wave Crash Fun Police (Arcanine) @ Safety Goggles Ability: Intimidate Level: 50 Tera Type: Flying - Flare Blitz - Extreme Speed - Will-O-Wisp - Howl Tiki (Ting-Lu) @ Assault Vest Ability: Vessel of Ruin Level: 50 Tera Type: Poison - Stomping Tantrum - Earthquake - Heavy Slam - Ruination Magnus (Kingambit) @ Black Glasses Ability: Defiant Level: 50 Tera Type: Dark - Sucker Punch - Kowtow Cleave - Protect - Quick Guard <\/details><\/div>\n|j| WeirdPolyCouple\n|j| Mewapoptosis\n|inactive|Battle timer is ON: inactive players will automatically lose when time's up. (requested by SpadesHS)\n|j| Privnoval016\n|l| Privnoval016\n|inactive|PowerLoveMind has 60 seconds left.\n|\n|t:|1682198237\n|start\n|switch|p1a: Tauros|Tauros-Paldea-Aqua, L50, M|100\/100\n|switch|p1b: Farigiraf|Farigiraf, L50, F|100\/100\n|switch|p2a: Fun Police|Arcanine, L50, M|100\/100\n|switch|p2b: Magnus|Kingambit, L50, F|100\/100\n|-ability|p1a: Tauros|Intimidate|boost\n|-unboost|p2a: Fun Police|atk|1\n|-unboost|p2b: Magnus|atk|1\n|-ability|p2b: Magnus|Defiant|boost\n|-boost|p2b: Magnus|atk|2\n|-ability|p2a: Fun Police|Intimidate|boost\n|-unboost|p1a: Tauros|atk|1\n|-unboost|p1b: Farigiraf|atk|1\n|turn|1\n|\n|t:|1682198259\n|move|p2b: Magnus|Protect|p2b: Magnus\n|-singleturn|p2b: Magnus|Protect\n|move|p1a: Tauros|Close Combat|p2b: Magnus\n|-activate|p2b: Magnus|move: Protect\n|move|p2a: Fun Police|Will-O-Wisp|p1a: Tauros\n|-status|p1a: Tauros|brn\n|move|p1b: Farigiraf|Trick Room|p1b: Farigiraf\n|-fieldstart|move: Trick Room|[of] p1b: Farigiraf\n|\n|-damage|p1a: Tauros|95\/100 brn|[from] brn\n|upkeep\n|turn|2\n|inactive|PowerLoveMind has 30 seconds left.\n|inactive|SpadesHS has 30 seconds left.\n|\n|t:|1682198294\n|-terastallize|p2b: Magnus|Dark\n|move|p1b: Farigiraf|Helping Hand|p1a: Tauros\n|-singleturn|p1a: Tauros|Helping Hand|[of] p1b: Farigiraf\n|move|p2b: Magnus|Kowtow Cleave|p1b: Farigiraf\n|-supereffective|p1b: Farigiraf\n|-damage|p1b: Farigiraf|0 fnt\n|faint|p1b: Farigiraf\n|move|p2a: Fun Police|Flare Blitz|p1a: Tauros\n|-resisted|p1a: Tauros\n|-damage|p1a: Tauros|79\/100 brn\n|-damage|p2a: Fun Police|96\/100|[from] Recoil\n|move|p1a: Tauros|Close Combat|p2b: Magnus\n|-supereffective|p2b: Magnus\n|-damage|p2b: Magnus|64\/100\n|-unboost|p1a: Tauros|def|1\n|-unboost|p1a: Tauros|spd|1\n|\n|-damage|p1a: Tauros|73\/100 brn|[from] brn\n|upkeep\n|\n|t:|1682198304\n|switch|p1b: Sylveon|Sylveon, L50, F|100\/100\n|turn|3\n|inactive|PowerLoveMind has 30 seconds left.\n|\n|t:|1682198331\n|move|p1b: Sylveon|Protect|p1b: Sylveon\n|-singleturn|p1b: Sylveon|Protect\n|move|p2b: Magnus|Sucker Punch||[still]\n|-fail|p2b: Magnus\n|move|p2a: Fun Police|Flare Blitz|p1b: Sylveon\n|-activate|p1b: Sylveon|move: Protect\n|move|p1a: Tauros|Raging Bull|p2a: Fun Police\n|-supereffective|p2a: Fun Police\n|-damage|p2a: Fun Police|70\/100\n|\n|-damage|p1a: Tauros|67\/100 brn|[from] brn\n|upkeep\n|turn|4\n|\n|t:|1682198352\n|move|p2b: Magnus|Sucker Punch|p1b: Sylveon\n|-resisted|p1b: Sylveon\n|-damage|p1b: Sylveon|51\/100\n|move|p1b: Sylveon|Hyper Voice|p2b: Magnus|[spread] p2a,p2b\n|-resisted|p2a: Fun Police\n|-supereffective|p2b: Magnus\n|-damage|p2a: Fun Police|51\/100\n|-damage|p2b: Magnus|0 fnt\n|faint|p2b: Magnus\n|-enditem|p1b: Sylveon|Throat Spray\n|-boost|p1b: Sylveon|spa|1|[from] item: Throat Spray\n|move|p2a: Fun Police|Flare Blitz|p1b: Sylveon\n|-damage|p1b: Sylveon|17\/100\n|-damage|p2a: Fun Police|40\/100|[from] Recoil\n|move|p1a: Tauros|Raging Bull|p2a: Fun Police\n|-supereffective|p2a: Fun Police\n|-damage|p2a: Fun Police|15\/100\n|\n|-damage|p1a: Tauros|62\/100 brn|[from] brn\n|upkeep\n|\n|t:|1682198369\n|switch|p2b: Timeline|Flutter Mane, L50|100\/100\n|-enditem|p2b: Timeline|Booster Energy\n|-activate|p2b: Timeline|ability: Protosynthesis|[fromitem]\n|-start|p2b: Timeline|protosynthesisspa\n|turn|5\n|\n|t:|1682198392\n|move|p1b: Sylveon|Protect|p1b: Sylveon\n|-singleturn|p1b: Sylveon|Protect\n|move|p2a: Fun Police|Extreme Speed|p1b: Sylveon\n|-activate|p1b: Sylveon|move: Protect\n|move|p1a: Tauros|Raging Bull|p2a: Fun Police\n|-supereffective|p2a: Fun Police\n|-damage|p2a: Fun Police|0 fnt\n|faint|p2a: Fun Police\n|move|p2b: Timeline|Moonblast|p1a: Tauros\n|-supereffective|p1a: Tauros\n|-damage|p1a: Tauros|0 fnt\n|faint|p1a: Tauros\n|\n|-fieldend|move: Trick Room\n|upkeep\n|\n|t:|1682198402\n|switch|p1a: Kingambit|Kingambit, L50, M|100\/100\n|switch|p2a: Tiki|Ting-Lu, L50|100\/100\n|-ability|p2a: Tiki|Vessel of Ruin\n|turn|6\n|inactive|PowerLoveMind has 30 seconds left.\n|\n|t:|1682198429\n|-terastallize|p1a: Kingambit|Bug\n|move|p2b: Timeline|Moonblast|p1a: Kingambit\n|-damage|p1a: Kingambit|54\/100\n|move|p2a: Tiki|Heavy Slam|p1b: Sylveon\n|-supereffective|p1b: Sylveon\n|-damage|p1b: Sylveon|0 fnt\n|faint|p1b: Sylveon\n|move|p1a: Kingambit|Swords Dance|p1a: Kingambit\n|-boost|p1a: Kingambit|atk|2\n|\n|upkeep\n|turn|7\n|\n|t:|1682198443\n|move|p2b: Timeline|Moonblast|p1a: Kingambit\n|-damage|p1a: Kingambit|8\/100\n|move|p2a: Tiki|Heavy Slam|p1a: Kingambit\n|-damage|p1a: Kingambit|0 fnt\n|faint|p1a: Kingambit\n|\n|win|SpadesHS\n|n|\u2606PowerLoveMind|powerlovemind\n|n|\u2606SpadesHS|spadeshs\n|n| WeirdPolyCouple|weirdpolycouple\n|n| Mewapoptosis|mewapoptosis\n","uploadtime":1682198445,"views":11,"p1id":"powerlovemind","p2id":"spadeshs","formatid":"gen9vgc2023regulationc","rating":0,"private":0,"password":""}