{"id":"gen9vgc2023regulationc-1857265205","p1":"aaduvgc","p2":"BIGHAXORUSFAN147","format":"[Gen 9] VGC 2023 Regulation C","log":"|j|\u2606aaduvgc\n|j|\u2606BIGHAXORUSFAN147\n|t:|1683165275\n|gametype|doubles\n|player|p1|aaduvgc|169|1512\n|player|p2|BIGHAXORUSFAN147|grimsley-masters|1534\n|teamsize|p1|6\n|teamsize|p2|6\n|gen|9\n|tier|[Gen 9] VGC 2023 Regulation C\n|rated|\n|rule|Species Clause: Limit one of each Pok\u00e9mon\n|rule|Item Clause: Limit one of each item\n|clearpoke\n|poke|p1|Maushold, L50|\n|poke|p1|Annihilape, L50, M|\n|poke|p1|Flutter Mane, L50|\n|poke|p1|Chien-Pao, L50|\n|poke|p1|Dragonite, L50, F|\n|poke|p1|Murkrow, L50, F|\n|poke|p2|Kingambit, L50, M|\n|poke|p2|Dragonite, L50, M|\n|poke|p2|Palafin, L50, M|\n|poke|p2|Amoonguss, L50, M|\n|poke|p2|Arcanine, L50, M|\n|poke|p2|Flutter Mane, L50|\n|teampreview|4\nBIGHAXORUSFAN147 has agreed to open team sheets.\n|j| lczsb8\naaduvgc rejected open team sheets.\n|inactive|Battle timer is ON: inactive players will automatically lose when time's up. (requested by aaduvgc)\n|\n|t:|1683165321\n|start\n|switch|p1a: Annihilape|Annihilape, L50, M|100\/100\n|switch|p1b: Maushold|Maushold, L50|100\/100\n|switch|p2a: Zoro|Dragonite, L50, M, shiny|100\/100\n|switch|p2b: Jinbe|Palafin, L50, M, shiny|100\/100\n|turn|1\n|\n|t:|1683165335\n|detailschange|p2b: Jinbe|Palafin-Hero, L50, M, shiny\n|switch|p2b: Aramaki|Amoonguss, L50, M|100\/100\n|-terastallize|p2a: Zoro|Flying\n|move|p1a: Annihilape|Final Gambit|p2a: Zoro\n|-damage|p2a: Zoro|0 fnt\n|faint|p1a: Annihilape\n|faint|p2a: Zoro\n|move|p1b: Maushold|Population Bomb|p2b: Aramaki\n|-damage|p2b: Aramaki|92\/100\n|-damage|p2b: Aramaki|84\/100\n|-damage|p2b: Aramaki|75\/100\n|-damage|p2b: Aramaki|66\/100\n|-damage|p2b: Aramaki|58\/100\n|-damage|p2b: Aramaki|49\/100\n|-enditem|p2b: Aramaki|Sitrus Berry|[eat]\n|-heal|p2b: Aramaki|74\/100|[from] item: Sitrus Berry\n|-damage|p2b: Aramaki|64\/100\n|-damage|p2b: Aramaki|55\/100\n|-damage|p2b: Aramaki|46\/100\n|-damage|p2b: Aramaki|36\/100\n|-hitcount|p2b: Aramaki|10\n|\n|upkeep\n|\n|t:|1683165346\n|switch|p1a: Chien-Pao|Chien-Pao, L50|100\/100\n|switch|p2a: Sakazuki|Arcanine, L50, M|100\/100\n|-ability|p1a: Chien-Pao|Sword of Ruin\n|-ability|p2a: Sakazuki|Intimidate|boost\n|-unboost|p1a: Chien-Pao|atk|1\n|-unboost|p1b: Maushold|atk|1\n|turn|2\n|j| A Borygon\n|inactive|BIGHAXORUSFAN147 has 30 seconds left.\n|\n|t:|1683165379\n|switch|p1a: Dragonite|Dragonite, L50, F|100\/100\n|move|p2b: Aramaki|Protect|p2b: Aramaki\n|-singleturn|p2b: Aramaki|Protect\n|move|p1b: Maushold|Population Bomb|p2b: Aramaki\n|-activate|p2b: Aramaki|move: Protect\n|move|p2a: Sakazuki|Will-O-Wisp|p1a: Dragonite\n|-status|p1a: Dragonite|brn\n|\n|-damage|p1a: Dragonite|94\/100 brn|[from] brn\n|upkeep\n|turn|3\n|\n|t:|1683165399\n|-terastallize|p1b: Maushold|Normal\n|move|p2b: Aramaki|Rage Powder|p2b: Aramaki\n|-singleturn|p2b: Aramaki|move: Rage Powder\n|move|p1b: Maushold|Population Bomb|p2b: Aramaki\n|-damage|p2b: Aramaki|27\/100\n|-damage|p2b: Aramaki|18\/100\n|-damage|p2b: Aramaki|10\/100\n|-damage|p2b: Aramaki|0 fnt\n|faint|p2b: Aramaki\n|-hitcount|p2: Aramaki|4\n|move|p2a: Sakazuki|Will-O-Wisp|p1b: Maushold\n|-status|p1b: Maushold|brn\n|move|p1a: Dragonite|Stomping Tantrum|p2a: Sakazuki\n|-supereffective|p2a: Sakazuki\n|-damage|p2a: Sakazuki|56\/100\n|\n|-damage|p1b: Maushold|94\/100 brn|[from] brn\n|-damage|p1a: Dragonite|88\/100 brn|[from] brn\n|upkeep\n|\n|t:|1683165413\n|switch|p2b: Jinbe|Palafin-Hero, L50, M, shiny|100\/100\n|-activate|p2b: Jinbe|ability: Zero to Hero\n|turn|4\n|\n|t:|1683165433\n|switch|p1b: Chien-Pao|Chien-Pao, L50|100\/100\n|-ability|p1b: Chien-Pao|Sword of Ruin\n|move|p2a: Sakazuki|Extreme Speed|p1b: Chien-Pao\n|-damage|p1b: Chien-Pao|70\/100\n|move|p2b: Jinbe|Jet Punch|p1b: Chien-Pao\n|-damage|p1b: Chien-Pao|10\/100\n|move|p1a: Dragonite|Stomping Tantrum|p2a: Sakazuki\n|-supereffective|p2a: Sakazuki\n|-damage|p2a: Sakazuki|0 fnt\n|faint|p2a: Sakazuki\n|\n|-damage|p1a: Dragonite|82\/100 brn|[from] brn\n|upkeep\n|turn|5\n|\n|t:|1683165450\n|move|p1b: Chien-Pao|Protect|p1b: Chien-Pao\n|-singleturn|p1b: Chien-Pao|Protect\n|move|p2b: Jinbe|Protect|p2b: Jinbe\n|-singleturn|p2b: Jinbe|Protect\n|move|p1a: Dragonite|Stomping Tantrum|p2b: Jinbe\n|-activate|p2b: Jinbe|move: Protect\n|\n|-damage|p1a: Dragonite|76\/100 brn|[from] brn\n|upkeep\n|turn|6\n|\n|t:|1683165458\n|move|p1b: Chien-Pao|Sucker Punch|p2b: Jinbe\n|-damage|p2b: Jinbe|55\/100\n|move|p2b: Jinbe|Jet Punch|p1b: Chien-Pao\n|-damage|p1b: Chien-Pao|0 fnt\n|faint|p1b: Chien-Pao\n|move|p1a: Dragonite|Stomping Tantrum|p2b: Jinbe\n|-damage|p2b: Jinbe|36\/100\n|\n|-damage|p1a: Dragonite|70\/100 brn|[from] brn\n|upkeep\n|\n|t:|1683165460\n|switch|p1b: Maushold|Maushold, L50, tera:Normal|94\/100 brn\n|turn|7\n|\n|t:|1683165467\n|move|p2b: Jinbe|Protect|p2b: Jinbe\n|-singleturn|p2b: Jinbe|Protect\n|move|p1b: Maushold|Population Bomb|p2b: Jinbe\n|-activate|p2b: Jinbe|move: Protect\n|move|p1a: Dragonite|Stomping Tantrum|p2b: Jinbe\n|-activate|p2b: Jinbe|move: Protect\n|\n|-damage|p1b: Maushold|88\/100 brn|[from] brn\n|-damage|p1a: Dragonite|64\/100 brn|[from] brn\n|upkeep\n|turn|8\n|\n|t:|1683165476\n|move|p2b: Jinbe|Jet Punch|p1b: Maushold\n|-damage|p1b: Maushold|18\/100 brn\n|move|p1b: Maushold|Population Bomb|p2b: Jinbe\n|-damage|p2b: Jinbe|28\/100\n|-damage|p2b: Jinbe|21\/100\n|-damage|p2b: Jinbe|14\/100\n|-damage|p2b: Jinbe|7\/100\n|-damage|p2b: Jinbe|0 fnt\n|faint|p2b: Jinbe\n|-hitcount|p2: Jinbe|5\n|\n|win|aaduvgc\n|raw|aaduvgc's rating: 1512 → 1533<\/strong> (+21 for winning)\n|raw|BIGHAXORUSFAN147's rating: 1534 → 1513<\/strong> (-21 for losing)\n","uploadtime":1683165481,"views":10,"p1id":"aaduvgc","p2id":"bighaxorusfan147","formatid":"gen9vgc2023regulationc","rating":1513,"private":0,"password":""}