{"id":"gen9vgc2023regulationc-1850272720","p1":"Braix2570","p2":"shenroud","format":"[Gen 9] VGC 2023 Regulation C","log":"|j|\u2606Braix2570\n|j|\u2606shenroud\n|t:|1682309041\n|gametype|doubles\n|player|p1|Braix2570|candice|1285\n|player|p2|shenroud|102|1313\n|teamsize|p1|6\n|teamsize|p2|6\n|gen|9\n|tier|[Gen 9] VGC 2023 Regulation C\n|rated|\n|rule|Species Clause: Limit one of each Pok\u00e9mon\n|rule|Item Clause: Limit one of each item\n|clearpoke\n|poke|p1|Chien-Pao, L50|\n|poke|p1|Dragapult, L50, F|\n|poke|p1|Flutter Mane, L50|\n|poke|p1|Amoonguss, L50, M|\n|poke|p1|Palafin, L50, M|\n|poke|p1|Arcanine, L50, M|\n|poke|p2|Palafin, L50, M|\n|poke|p2|Chien-Pao, L50|\n|poke|p2|Dragapult, L50, M|\n|poke|p2|Amoonguss, L50, M|\n|poke|p2|Arcanine, L50, F|\n|poke|p2|Flutter Mane, L50|\n|teampreview|4\n|inactive|Battle timer is ON: inactive players will automatically lose when time's up. (requested by Braix2570)\n|c|\u2606Braix2570|oh\n|c|\u2606Braix2570|nice\n|inactive|Braix2570 has 60 seconds left.\n|inactive|shenroud has 60 seconds left.\n|\n|t:|1682309089\n|start\n|switch|p1a: Palafin|Palafin, L50, M, shiny|100\/100\n|switch|p1b: Flutter Mane|Flutter Mane, L50, shiny|100\/100\n|switch|p2a: Bundle|Chien-Pao, L50|100\/100\n|switch|p2b: Dnite|Dragapult, L50, M|100\/100\n|-ability|p2a: Bundle|Sword of Ruin\n|-enditem|p1b: Flutter Mane|Booster Energy\n|-activate|p1b: Flutter Mane|ability: Protosynthesis|[fromitem]\n|-start|p1b: Flutter Mane|protosynthesisspa\n|turn|1\n|\n|t:|1682309106\n|detailschange|p1a: Palafin|Palafin-Hero, L50, M, shiny\n|switch|p1a: Arcanine|Arcanine, L50, M|100\/100\n|-ability|p1a: Arcanine|Intimidate|boost\n|-unboost|p2a: Bundle|atk|1\n|-fail|p2b: Dnite|unboost|[from] ability: Clear Body|[of] p2b: Dnite\n|move|p1b: Flutter Mane|Protect|p1b: Flutter Mane\n|-singleturn|p1b: Flutter Mane|Protect\n|move|p2a: Bundle|Sucker Punch||[still]\n|-fail|p2a: Bundle\n|move|p2b: Dnite|Phantom Force||[still]\n|-prepare|p2b: Dnite|Phantom Force\n|\n|upkeep\n|turn|2\n|\n|t:|1682309131\n|-end|p1b: Flutter Mane|Protosynthesis|[silent]\n|switch|p1b: Amoonguss|Amoonguss, L50, M|100\/100\n|move|p2a: Bundle|Sucker Punch||[still]\n|-fail|p2a: Bundle\n|move|p2b: Dnite|Phantom Force|p1b: Amoonguss|[from]lockedmove\n|-damage|p1b: Amoonguss|28\/100\n|-enditem|p1b: Amoonguss|Sitrus Berry|[eat]\n|-heal|p1b: Amoonguss|53\/100|[from] item: Sitrus Berry\n|move|p1a: Arcanine|Flare Blitz|p2a: Bundle\n|-supereffective|p2a: Bundle\n|-enditem|p2a: Bundle|Focus Sash\n|-damage|p2a: Bundle|1\/100\n|-damage|p1a: Arcanine|75\/100|[from] Recoil\n|\n|upkeep\n|turn|3\n|\n|t:|1682309152\n|switch|p2b: ChiYu|Arcanine, L50, F|100\/100\n|-ability|p2b: ChiYu|Intimidate|boost\n|-unboost|p1a: Arcanine|atk|1\n|-unboost|p1b: Amoonguss|atk|1\n|move|p1b: Amoonguss|Protect|p1b: Amoonguss\n|-singleturn|p1b: Amoonguss|Protect\n|move|p2a: Bundle|Ice Spinner|p1b: Amoonguss\n|-activate|p1b: Amoonguss|move: Protect\n|move|p1a: Arcanine|Snarl|p2b: ChiYu|[spread] p2a,p2b\n|-resisted|p2a: Bundle\n|-crit|p2b: ChiYu\n|-damage|p2a: Bundle|0 fnt\n|-damage|p2b: ChiYu|85\/100\n|-unboost|p2b: ChiYu|spa|1\n|faint|p2a: Bundle\n|\n|upkeep\n|\n|t:|1682309163\n|switch|p2a: Dnite|Dragapult, L50, M|100\/100\n|turn|4\n|\n|t:|1682309186\n|switch|p1b: Palafin|Palafin-Hero, L50, M, shiny|100\/100\n|-activate|p1b: Palafin|ability: Zero to Hero\n|move|p2a: Dnite|Dragon Darts|p1b: Palafin\n|-damage|p1b: Palafin|64\/100\n|-anim|p2a: Dnite|Dragon Darts|p1a: Arcanine\n|-damage|p1a: Arcanine|32\/100\n|move|p2b: ChiYu|Flare Blitz|p1b: Palafin\n|-resisted|p1b: Palafin\n|-damage|p1b: Palafin|42\/100\n|-damage|p2b: ChiYu|77\/100|[from] Recoil\n|move|p1a: Arcanine|Will-O-Wisp|p2a: Dnite\n|-status|p2a: Dnite|brn\n|\n|-damage|p2a: Dnite|95\/100 brn|[from] brn\n|upkeep\n|turn|5\n|inactive|Braix2570 has 30 seconds left.\n|inactive|shenroud has 30 seconds left.\n|\n|t:|1682309215\n|move|p1b: Palafin|Protect|p1b: Palafin\n|-singleturn|p1b: Palafin|Protect\n|move|p2a: Dnite|Dragon Darts|p1a: Arcanine\n|-damage|p1a: Arcanine|10\/100\n|-anim|p2a: Dnite|Dragon Darts|p1a: Arcanine\n|-damage|p1a: Arcanine|0 fnt\n|faint|p1a: Arcanine\n|move|p2b: ChiYu|Will-O-Wisp|p1b: Palafin\n|-activate|p1b: Palafin|move: Protect\n|\n|-damage|p2a: Dnite|89\/100 brn|[from] brn\n|upkeep\n|\n|t:|1682309223\n|switch|p1a: Amoonguss|Amoonguss, L50, M|86\/100\n|turn|6\n|\n|t:|1682309247\n|move|p2b: ChiYu|Protect|p2b: ChiYu\n|-singleturn|p2b: ChiYu|Protect\n|move|p1a: Amoonguss|Rage Powder|p1a: Amoonguss\n|-singleturn|p1a: Amoonguss|move: Rage Powder\n|move|p1b: Palafin|Jet Punch|p2b: ChiYu\n|-activate|p2b: ChiYu|move: Protect\n|move|p2a: Dnite|Dragon Darts|p1a: Amoonguss\n|-damage|p1a: Amoonguss|69\/100\n|-anim|p2a: Dnite|Dragon Darts|p1a: Amoonguss\n|-damage|p1a: Amoonguss|54\/100\n|\n|-damage|p2a: Dnite|83\/100 brn|[from] brn\n|upkeep\n|turn|7\n|inactive|shenroud has 30 seconds left.\n|inactive|shenroud has 20 seconds left.\n|\n|t:|1682309285\n|-terastallize|p1b: Palafin|Water\n|move|p2b: ChiYu|Extreme Speed|p1b: Palafin\n|-damage|p1b: Palafin|24\/100\n|move|p1a: Amoonguss|Rage Powder|p1a: Amoonguss\n|-singleturn|p1a: Amoonguss|move: Rage Powder\n|move|p1b: Palafin|Jet Punch|p2b: ChiYu\n|-supereffective|p2b: ChiYu\n|-damage|p2b: ChiYu|0 fnt\n|faint|p2b: ChiYu\n|move|p2a: Dnite|Dragon Darts|p1a: Amoonguss\n|-damage|p1a: Amoonguss|36\/100\n|-anim|p2a: Dnite|Dragon Darts|p1a: Amoonguss\n|-damage|p1a: Amoonguss|20\/100\n|\n|-damage|p2a: Dnite|77\/100 brn|[from] brn\n|upkeep\n|\n|t:|1682309302\n|switch|p2b: Mimi|Flutter Mane, L50|100\/100\n|-enditem|p2b: Mimi|Booster Energy\n|-activate|p2b: Mimi|ability: Protosynthesis|[fromitem]\n|-start|p2b: Mimi|protosynthesisspa\n|turn|8\n|\n|t:|1682309317\n|move|p2b: Mimi|Protect|p2b: Mimi\n|-singleturn|p2b: Mimi|Protect\n|move|p1a: Amoonguss|Rage Powder|p1a: Amoonguss\n|-singleturn|p1a: Amoonguss|move: Rage Powder\n|move|p1b: Palafin|Jet Punch|p2b: Mimi\n|-activate|p2b: Mimi|move: Protect\n|move|p2a: Dnite|Dragon Darts|p1a: Amoonguss\n|-damage|p1a: Amoonguss|4\/100\n|-anim|p2a: Dnite|Dragon Darts|p1a: Amoonguss\n|-damage|p1a: Amoonguss|0 fnt\n|faint|p1a: Amoonguss\n|\n|-damage|p2a: Dnite|71\/100 brn|[from] brn\n|upkeep\n|\n|t:|1682309321\n|switch|p1a: Flutter Mane|Flutter Mane, L50, shiny|100\/100\n|turn|9\n|\n|t:|1682309344\n|move|p2b: Mimi|Protect||[still]\n|-fail|p2b: Mimi\n|move|p1b: Palafin|Jet Punch|p2b: Mimi\n|-damage|p2b: Mimi|15\/100\n|move|p2a: Dnite|Dragon Darts|p1b: Palafin\n|-damage|p1b: Palafin|6\/100\n|-anim|p2a: Dnite|Dragon Darts|p1b: Palafin\n|-damage|p1b: Palafin|0 fnt\n|faint|p1b: Palafin\n|move|p1a: Flutter Mane|Moonblast|p2a: Dnite\n|-supereffective|p2a: Dnite\n|-damage|p2a: Dnite|0 fnt\n|faint|p2a: Dnite\n|\n|upkeep\n|turn|10\n|inactive|Braix2570 has 30 seconds left.\n|\n|t:|1682309375\n|move|p1a: Flutter Mane|Dazzling Gleam|p2b: Mimi\n|-damage|p2b: Mimi|0 fnt\n|faint|p2b: Mimi\n|-end|p2b: Mimi|Protosynthesis|[silent]\n|\n|win|Braix2570\n|raw|Braix2570's rating: 1285 → 1312<\/strong> (+27 for winning)\n|raw|shenroud's rating: 1313 → 1291<\/strong> (-22 for losing)\n|l|\u2606shenroud\n","uploadtime":1682309436,"views":28,"p1id":"braix2570","p2id":"shenroud","formatid":"gen9vgc2023regulationc","rating":1291,"private":0,"password":""}