{"id":"gen9vgc2023regulationc-1854521737","p1":"ShaytheFair","p2":"ShyDude","format":"[Gen 9] VGC 2023 Regulation C","log":"|j|\u2606ShaytheFair\n|j|\u2606ShyDude\n|t:|1682821768\n|gametype|doubles\n|player|p1|ShaytheFair|veteranf|\n|player|p2|ShyDude|cynthia-gen4|\n|teamsize|p1|6\n|teamsize|p2|6\n|gen|9\n|tier|[Gen 9] VGC 2023 Regulation C\n|rule|Species Clause: Limit one of each Pok\u00e9mon\n|rule|Item Clause: Limit one of each item\n|clearpoke\n|poke|p1|Palafin, L50, M|\n|poke|p1|Flutter Mane, L50|\n|poke|p1|Arcanine, L50, F|\n|poke|p1|Ting-Lu, L50|\n|poke|p1|Amoonguss, L50, M|\n|poke|p1|Kingambit, L50, F|\n|poke|p2|Dondozo, L50, M|\n|poke|p2|Tatsugiri-Droopy, L50, F|\n|poke|p2|Chien-Pao, L50|\n|poke|p2|Chi-Yu, L50|\n|poke|p2|Flutter Mane, L50|\n|poke|p2|Tarountula, L50, M|\n|teampreview|4\nShyDude has agreed to open team sheets.\n|c|\u2606ShyDude|g3\nShaytheFair has agreed to open team sheets.\n|\n|t:|1682822356\n|start\n|switch|p1a: Fish Food|Palafin, L50, M|100\/100\n|switch|p1b: Cookies n Cream|Amoonguss, L50, M|100\/100\n|switch|p2a: Freddy|Tarountula, L50, M, shiny|100\/100\n|switch|p2b: Juandozo|Dondozo, L50, M|100\/100\n|turn|1\n|\n|t:|1682822383\n|move|p1a: Fish Food|Protect|p1a: Fish Food\n|-singleturn|p1a: Fish Food|Protect\n|move|p2b: Juandozo|Yawn|p1b: Cookies n Cream\n|-start|p1b: Cookies n Cream|move: Yawn|[of] p2b: Juandozo\n|move|p1b: Cookies n Cream|Spore|p2a: Freddy\n|-immune|p2a: Freddy|[from] ability: Insomnia\n|move|p2a: Freddy|Sticky Web|p1b: Cookies n Cream\n|-sidestart|p1: ShaytheFair|move: Sticky Web\n|\n|upkeep\n|turn|2\n|\n|t:|1682822429\n|detailschange|p1a: Fish Food|Palafin-Hero, L50, M\n|switch|p1a: Chocolate Cherry|Flutter Mane, L50|100\/100\n|-enditem|p1a: Chocolate Cherry|Booster Energy\n|-activate|p1a: Chocolate Cherry|ability: Protosynthesis|[fromitem]\n|-start|p1a: Chocolate Cherry|protosynthesisspa\n|-activate|p1a: Chocolate Cherry|move: Sticky Web\n|-unboost|p1a: Chocolate Cherry|spe|1\n|-terastallize|p2b: Juandozo|Grass\n|move|p1b: Cookies n Cream|Rage Powder|p1b: Cookies n Cream\n|-singleturn|p1b: Cookies n Cream|move: Rage Powder\n|move|p2b: Juandozo|Heavy Slam|p1a: Chocolate Cherry\n|-supereffective|p1a: Chocolate Cherry\n|-damage|p1a: Chocolate Cherry|0 fnt\n|faint|p1a: Chocolate Cherry\n|-end|p1a: Chocolate Cherry|Protosynthesis|[silent]\n|move|p2a: Freddy|Struggle Bug|p1b: Cookies n Cream\n|-damage|p1b: Cookies n Cream|94\/100\n|-unboost|p1b: Cookies n Cream|spa|1\n|\n|-end|p1b: Cookies n Cream|move: Yawn|[silent]\n|-status|p1b: Cookies n Cream|slp\n|upkeep\n|\n|t:|1682822446\n|switch|p1a: Fish Food|Palafin-Hero, L50, M|100\/100\n|-activate|p1a: Fish Food|move: Sticky Web\n|-unboost|p1a: Fish Food|spe|1\n|-activate|p1a: Fish Food|ability: Zero to Hero\n|turn|3\n|\n|t:|1682822470\n|switch|p2b: Tatsugiri|Tatsugiri-Droopy, L50, F|100\/100\n|move|p1a: Fish Food|Jet Punch|p2b: Tatsugiri\n|-activate|p2b: Tatsugiri|ability: Storm Drain\n|-ability|p2b: Tatsugiri|Storm Drain|boost\n|-boost|p2b: Tatsugiri|spa|1\n|cant|p1b: Cookies n Cream|slp\n|move|p2a: Freddy|Counter||[still]\n|-fail|p2a: Freddy\n|\n|upkeep\n|turn|4\n|\n|t:|1682822496\n|switch|p1b: Moose Tracks|Ting-Lu, L50|100\/100\n|-activate|p1b: Moose Tracks|move: Sticky Web\n|-unboost|p1b: Moose Tracks|spe|1\n|-ability|p1b: Moose Tracks|Vessel of Ruin\n|move|p2b: Tatsugiri|Muddy Water|p1b: Moose Tracks|[spread] p1a,p1b\n|-resisted|p1a: Fish Food\n|-supereffective|p1b: Moose Tracks\n|-crit|p1b: Moose Tracks\n|-damage|p1a: Fish Food|72\/100\n|-damage|p1b: Moose Tracks|23\/100\n|-unboost|p1b: Moose Tracks|accuracy|1\n|move|p1a: Fish Food|Substitute|p1a: Fish Food\n|-start|p1a: Fish Food|Substitute\n|-damage|p1a: Fish Food|48\/100\n|move|p2a: Freddy|Struggle Bug|p1b: Moose Tracks|[spread] p1a,p1b\n|-activate|p1a: Fish Food|move: Substitute|[damage]\n|-supereffective|p1b: Moose Tracks\n|-damage|p1b: Moose Tracks|19\/100\n|-unboost|p1b: Moose Tracks|spa|1\n|\n|upkeep\n|turn|5\n|\n|t:|1682822515\n|move|p1a: Fish Food|Protect|p1a: Fish Food\n|-singleturn|p1a: Fish Food|Protect\n|move|p2b: Tatsugiri|Muddy Water|p1b: Moose Tracks|[spread] p1b\n|-activate|p1a: Fish Food|move: Protect\n|-supereffective|p1b: Moose Tracks\n|-damage|p1b: Moose Tracks|0 fnt\n|faint|p1b: Moose Tracks\n|move|p2a: Freddy|Struggle Bug|p1a: Fish Food\n|-activate|p1a: Fish Food|move: Protect\n|\n|upkeep\n|c|\u2606ShyDude|Ggs\n|\n|t:|1682822525\n|switch|p1b: Cookies n Cream|Amoonguss, L50, M|100\/100 slp\n|-activate|p1b: Cookies n Cream|move: Sticky Web\n|-unboost|p1b: Cookies n Cream|spe|1\n|turn|6\n|\n|t:|1682822543\n|move|p1a: Fish Food|Protect||[still]\n|-fail|p1a: Fish Food\n|move|p2b: Tatsugiri|Muddy Water|p1b: Cookies n Cream|[spread] p1a,p1b\n|-resisted|p1a: Fish Food\n|-end|p1a: Fish Food|Substitute\n|-resisted|p1b: Cookies n Cream\n|-damage|p1b: Cookies n Cream|66\/100 slp\n|-unboost|p1b: Cookies n Cream|accuracy|1\n|move|p2a: Freddy|Struggle Bug|p1a: Fish Food|[spread] p1a,p1b\n|-damage|p1a: Fish Food|43\/100\n|-damage|p1b: Cookies n Cream|62\/100 slp\n|-unboost|p1a: Fish Food|spa|1\n|-unboost|p1b: Cookies n Cream|spa|1\n|cant|p1b: Cookies n Cream|slp\n|\n|upkeep\n|turn|7\n|c|\u2606ShyDude|Oh shoot sorry i forgot Amoongus was alive\n|c|\u2606ShaytheFair|Sorry? Dude you are kicking my butt right now. Don't be sorry\n|\n|t:|1682822581\n|move|p1a: Fish Food|Protect|p1a: Fish Food\n|-singleturn|p1a: Fish Food|Protect\n|move|p2b: Tatsugiri|Muddy Water|p1b: Cookies n Cream|[spread] p1b\n|-activate|p1a: Fish Food|move: Protect\n|-resisted|p1b: Cookies n Cream\n|-crit|p1b: Cookies n Cream\n|-damage|p1b: Cookies n Cream|11\/100 slp\n|move|p2a: Freddy|Struggle Bug|p1a: Fish Food|[spread] p1b\n|-activate|p1a: Fish Food|move: Protect\n|-damage|p1b: Cookies n Cream|6\/100 slp\n|-unboost|p1b: Cookies n Cream|spa|1\n|cant|p1b: Cookies n Cream|slp\n|\n|upkeep\n|turn|8\n|c|\u2606ShyDude|I didnt want to BM you lol\n|c|\u2606ShaytheFair|Ah\n|c|\u2606ShaytheFair|Well thank you\n|c|\u2606ShyDude|For sure\n|\n|t:|1682822632\n|move|p1a: Fish Food|Protect||[still]\n|-fail|p1a: Fish Food\n|move|p2b: Tatsugiri|Muddy Water|p1a: Fish Food|[spread] p1a,p1b\n|-resisted|p1a: Fish Food\n|-resisted|p1b: Cookies n Cream\n|-damage|p1a: Fish Food|9\/100\n|-damage|p1b: Cookies n Cream|0 fnt\n|faint|p1b: Cookies n Cream\n|move|p2a: Freddy|Struggle Bug|p1a: Fish Food\n|-damage|p1a: Fish Food|2\/100\n|-unboost|p1a: Fish Food|spa|1\n|\n|upkeep\n|turn|9\n|\n|t:|1682822648\n|move|p2b: Tatsugiri|Muddy Water|p1a: Fish Food\n|-resisted|p1a: Fish Food\n|-damage|p1a: Fish Food|0 fnt\n|faint|p1a: Fish Food\n|\n|win|ShyDude\n|c|\u2606ShaytheFair|Well, I tip my hat to you\n|c|\u2606ShaytheFair|I lost to the cute spider dude\n|c|\u2606ShaytheFair|That was really clever by the way\n|c|\u2606ShaytheFair|I should have brought my Kingambit to that\n|c|\u2606ShaytheFair|In hindsight, that might have given me a chance\n|l|\u2606ShaytheFair\n|player|p2|ShyDude|cynthia-gen4\n","uploadtime":1682822682,"views":14,"p1id":"shaythefair","p2id":"shydude","formatid":"gen9vgc2023regulationc","rating":0,"private":0,"password":""}