{"id":"gen9vgc2023regulationc-1857277786","p1":"MooGee 2","p2":"NicoHaxVGC","format":"[Gen 9] VGC 2023 Regulation C","log":"|j|\u2606MooGee 2\n|j|\u2606NicoHaxVGC\n|t:|1683166886\n|gametype|doubles\n|player|p1|MooGee 2|1|1286\n|player|p2|NicoHaxVGC|red|1302\n|teamsize|p1|6\n|teamsize|p2|6\n|gen|9\n|tier|[Gen 9] VGC 2023 Regulation C\n|rated|\n|rule|Species Clause: Limit one of each Pok\u00e9mon\n|rule|Item Clause: Limit one of each item\n|clearpoke\n|poke|p1|Amoonguss, L50, F|\n|poke|p1|Chien-Pao, L50|\n|poke|p1|Scream Tail, L50|\n|poke|p1|Palafin, L50, F|\n|poke|p1|Iron Hands, L50|\n|poke|p1|Arcanine, L50, F|\n|poke|p2|Corviknight, L50, F|\n|poke|p2|Ting-Lu, L50|\n|poke|p2|Annihilape, L50, M|\n|poke|p2|Maushold, L50|\n|poke|p2|Iron Bundle, L50|\n|poke|p2|Flutter Mane, L50|\n|teampreview|4\n|inactive|Battle timer is ON: inactive players will automatically lose when time's up. (requested by NicoHaxVGC)\n|inactive|MooGee 2 has 60 seconds left.\n|\n|t:|1683166919\n|start\n|switch|p1a: Scream Tail|Scream Tail, L50, shiny|100\/100\n|switch|p1b: Chien-Pao|Chien-Pao, L50|100\/100\n|switch|p2a: Raven|Corviknight, L50, F|100\/100\n|switch|p2b: Beast boy|Ting-Lu, L50|100\/100\n|-ability|p1b: Chien-Pao|Sword of Ruin\n|-ability|p2b: Beast boy|Vessel of Ruin\n|-enditem|p1a: Scream Tail|Booster Energy\n|-activate|p1a: Scream Tail|ability: Protosynthesis|[fromitem]\n|-start|p1a: Scream Tail|protosynthesisspe\n|turn|1\n|\n|t:|1683166933\n|move|p1b: Chien-Pao|Protect|p1b: Chien-Pao\n|-singleturn|p1b: Chien-Pao|Protect\n|move|p1a: Scream Tail|Howl|p1a: Scream Tail|[spread] p1a,p1b\n|-boost|p1a: Scream Tail|atk|1\n|-boost|p1b: Chien-Pao|atk|1\n|move|p2a: Raven|Iron Head|p1b: Chien-Pao\n|-activate|p1b: Chien-Pao|move: Protect\n|move|p2b: Beast boy|Rock Slide|p1b: Chien-Pao|[spread] p1a\n|-activate|p1b: Chien-Pao|move: Protect\n|-damage|p1a: Scream Tail|84\/100\n|\n|upkeep\n|turn|2\n|inactive|MooGee 2 has 30 seconds left.\n|\n|t:|1683166963\n|switch|p2b: Robin|Annihilape, L50, M|100\/100\n|-terastallize|p2a: Raven|Fire\n|move|p1a: Scream Tail|Howl|p1a: Scream Tail|[spread] p1a,p1b\n|-boost|p1a: Scream Tail|atk|1\n|-boost|p1b: Chien-Pao|atk|1\n|move|p1b: Chien-Pao|Ice Spinner|p2b: Robin\n|-damage|p2b: Robin|1\/100\n|move|p2a: Raven|Iron Head|p1b: Chien-Pao\n|-supereffective|p1b: Chien-Pao\n|-damage|p1b: Chien-Pao|26\/100\n|\n|-heal|p2b: Robin|7\/100|[from] item: Leftovers\n|upkeep\n|turn|3\n|\n|t:|1683166981\n|move|p2b: Robin|Protect|p2b: Robin\n|-singleturn|p2b: Robin|Protect\n|move|p1a: Scream Tail|Psychic Fangs|p2b: Robin\n|-activate|p2b: Robin|move: Protect\n|move|p1b: Chien-Pao|Throat Chop|p2a: Raven\n|-damage|p2a: Raven|9\/100\n|-start|p2a: Raven|Throat Chop|[silent]\n|move|p2a: Raven|Tailwind|p2a: Raven\n|-sidestart|p2: NicoHaxVGC|move: Tailwind\n|\n|-heal|p2b: Robin|13\/100|[from] item: Leftovers\n|upkeep\n|turn|4\n|\n|t:|1683167006\n|-terastallize|p1a: Scream Tail|Water\n|move|p2b: Robin|Rage Fist|p1a: Scream Tail\n|-damage|p1a: Scream Tail|37\/100\n|move|p1a: Scream Tail|Psychic Fangs|p2b: Robin\n|-supereffective|p2b: Robin\n|-damage|p2b: Robin|0 fnt\n|faint|p2b: Robin\n|move|p2a: Raven|Roost|p2a: Raven\n|-heal|p2a: Raven|59\/100\n|move|p1b: Chien-Pao|Throat Chop|p2a: Raven\n|-damage|p2a: Raven|0 fnt\n|faint|p2a: Raven\n|\n|upkeep\n|\n|t:|1683167017\n|switch|p2b: Beast boy|Ting-Lu, L50|100\/100\n|switch|p2a: Star fire|Flutter Mane, L50|100\/100\n|-ability|p2b: Beast boy|Vessel of Ruin\n|turn|5\n|\n|t:|1683167036\n|move|p1b: Chien-Pao|Protect|p1b: Chien-Pao\n|-singleturn|p1b: Chien-Pao|Protect\n|move|p2a: Star fire|Dazzling Gleam|p1a: Scream Tail|[spread] p1a\n|-activate|p1b: Chien-Pao|move: Protect\n|-damage|p1a: Scream Tail|13\/100\n|move|p1a: Scream Tail|Psychic Fangs|p2a: Star fire\n|-damage|p2a: Star fire|0 fnt\n|faint|p2a: Star fire\n|-end|p2a: Star fire|Protosynthesis|[silent]\n|move|p2b: Beast boy|Stomping Tantrum|p1a: Scream Tail\n|-damage|p1a: Scream Tail|0 fnt\n|faint|p1a: Scream Tail\n|-end|p1a: Scream Tail|Protosynthesis|[silent]\n|\n|upkeep\n|c|\u2606NicoHaxVGC|gg\n|\n|t:|1683167053\n|switch|p1a: Arcanine|Arcanine, L50, F|100\/100\n|-ability|p1a: Arcanine|Intimidate|boost\n|-unboost|p2b: Beast boy|atk|1\n|turn|6\n|\n|t:|1683167059\n|move|p1a: Arcanine|Protect|p1a: Arcanine\n|-singleturn|p1a: Arcanine|Protect\n|move|p1b: Chien-Pao|Ice Spinner|p2b: Beast boy\n|-supereffective|p2b: Beast boy\n|-damage|p2b: Beast boy|0 fnt\n|faint|p2b: Beast boy\n|\n|win|MooGee 2\n|raw|MooGee 2's rating: 1286 → 1312<\/strong> (+26 for winning)\n|raw|NicoHaxVGC's rating: 1302 → 1281<\/strong> (-21 for losing)\n","uploadtime":1683167065,"views":10,"p1id":"moogee2","p2id":"nicohaxvgc","formatid":"gen9vgc2023regulationc","rating":1281,"private":0,"password":""}