{"id":"gen9vgc2023regulationc-1857843019","p1":"santi_SBA","p2":"RenVGC_2X","format":"[Gen 9] VGC 2023 Regulation C","log":"|j|\u2606santi_SBA\n|j|\u2606RenVGC_2X\n|t:|1683237810\n|gametype|doubles\n|player|p1|santi_SBA|1|1150\n|player|p2|RenVGC_2X|drayden|1134\n|teamsize|p1|6\n|teamsize|p2|6\n|gen|9\n|tier|[Gen 9] VGC 2023 Regulation C\n|rated|\n|rule|Species Clause: Limit one of each Pok\u00e9mon\n|rule|Item Clause: Limit one of each item\n|clearpoke\n|poke|p1|Arcanine, L50, F|\n|poke|p1|Kingambit, L50, M|\n|poke|p1|Palafin, L50, F|\n|poke|p1|Brute Bonnet, L50|\n|poke|p1|Ting-Lu, L50|\n|poke|p1|Dragonite, L50, M|\n|poke|p2|Dondozo, L50, M|\n|poke|p2|Tatsugiri, L50, M|\n|poke|p2|Palafin, L50, F|\n|poke|p2|Amoonguss, L50, F|\n|poke|p2|Espathra, L50, M|\n|poke|p2|Chi-Yu, L50|\n|teampreview|4\n|inactive|Battle timer is ON: inactive players will automatically lose when time's up. (requested by RenVGC_2X)\nRenVGC_2X rejected open team sheets.\n|\n|t:|1683237854\n|start\n|switch|p1a: Arcanine|Arcanine, L50, F|100\/100\n|switch|p1b: Palafin|Palafin, L50, F|100\/100\n|switch|p2a: Vince|Palafin, L50, F|100\/100\n|switch|p2b: Noah|Dondozo, L50, M|100\/100\n|-ability|p1a: Arcanine|Intimidate|boost\n|-unboost|p2a: Vince|atk|1\n|-unboost|p2b: Noah|atk|1\n|turn|1\n|inactive|santi_SBA has 30 seconds left.\n|inactive|santi_SBA has 20 seconds left.\n|inactive|santi_SBA has 15 seconds left.\n|\n|t:|1683237896\n|detailschange|p2a: Vince|Palafin-Hero, L50, F\n|switch|p2a: Althea|Tatsugiri, L50, M|100\/100\n|-activate|p2a: Althea|ability: Commander|[of] p2b: Noah\n|-boost|p2b: Noah|atk|2\n|-boost|p2b: Noah|spa|2\n|-boost|p2b: Noah|spe|2\n|-boost|p2b: Noah|def|2\n|-boost|p2b: Noah|spd|2\n|detailschange|p1b: Palafin|Palafin-Hero, L50, F\n|switch|p1b: Brute Bonnet|Brute Bonnet, L50|100\/100\n|move|p1a: Arcanine|Protect|p1a: Arcanine\n|-singleturn|p1a: Arcanine|Protect\n|move|p2b: Noah|Order Up|p1b: Brute Bonnet\n|-damage|p1b: Brute Bonnet|79\/100\n|-boost|p2b: Noah|atk|1\n|\n|-status|p2a: Althea|tox|[from] item: Toxic Orb\n|upkeep\n|turn|2\n|inactive|santi_SBA has 30 seconds left.\n|\n|t:|1683237928\n|move|p2b: Noah|Protect|p2b: Noah\n|-singleturn|p2b: Noah|Protect\n|move|p1b: Brute Bonnet|Rage Powder|p1b: Brute Bonnet\n|-singleturn|p1b: Brute Bonnet|move: Rage Powder\n|move|p1a: Arcanine|Will-O-Wisp|p2b: Noah\n|-activate|p2b: Noah|move: Protect\n|\n|-damage|p2a: Althea|94\/100 tox|[from] psn\n|upkeep\n|turn|3\n|\n|t:|1683237945\n|move|p1b: Brute Bonnet|Rage Powder|p1b: Brute Bonnet\n|-singleturn|p1b: Brute Bonnet|move: Rage Powder\n|move|p1a: Arcanine|Will-O-Wisp|p2b: Noah|[miss]\n|-miss|p1a: Arcanine|p2b: Noah\n|move|p2b: Noah|Earthquake|p1a: Arcanine|[spread] p1a,p1b\n|-miss|p2b: Noah|p2a: Althea\n|-supereffective|p1a: Arcanine\n|-resisted|p1b: Brute Bonnet\n|-damage|p1a: Arcanine|25\/100\n|-damage|p1b: Brute Bonnet|64\/100\n|-enditem|p1a: Arcanine|Sitrus Berry|[eat]\n|-heal|p1a: Arcanine|49\/100|[from] item: Sitrus Berry\n|\n|-damage|p2a: Althea|82\/100 tox|[from] psn\n|upkeep\n|turn|4\n|\n|t:|1683237969\n|move|p2b: Noah|Protect|p2b: Noah\n|-singleturn|p2b: Noah|Protect\n|move|p1a: Arcanine|Will-O-Wisp|p2b: Noah\n|-activate|p2b: Noah|move: Protect\n|move|p1b: Brute Bonnet|Bullet Seed|p2b: Noah\n|-activate|p2b: Noah|move: Protect\n|\n|-damage|p2a: Althea|63\/100 tox|[from] psn\n|upkeep\n|turn|5\n|inactive|santi_SBA has 30 seconds left.\n|\n|t:|1683237995\n|move|p1a: Arcanine|Will-O-Wisp|p2b: Noah\n|-status|p2b: Noah|brn\n|move|p2b: Noah|Earthquake|p1a: Arcanine|[spread] p1a,p1b\n|-miss|p2b: Noah|p2a: Althea\n|-supereffective|p1a: Arcanine\n|-resisted|p1b: Brute Bonnet\n|-damage|p1a: Arcanine|11\/100\n|-damage|p1b: Brute Bonnet|57\/100\n|move|p1b: Brute Bonnet|Bullet Seed|p2b: Noah\n|-supereffective|p2b: Noah\n|-damage|p2b: Noah|91\/100 brn\n|-supereffective|p2b: Noah\n|-damage|p2b: Noah|82\/100 brn\n|-supereffective|p2b: Noah\n|-damage|p2b: Noah|72\/100 brn\n|-supereffective|p2b: Noah\n|-damage|p2b: Noah|62\/100 brn\n|-hitcount|p2b: Noah|4\n|\n|-heal|p2b: Noah|69\/100 brn|[from] item: Leftovers\n|-damage|p2a: Althea|38\/100 tox|[from] psn\n|-damage|p2b: Noah|62\/100 brn|[from] brn\n|upkeep\n|turn|6\n|inactive|santi_SBA has 30 seconds left.\n|inactive|santi_SBA has 20 seconds left.\n|inactive|santi_SBA has 15 seconds left.\n|\n|t:|1683238039\n|-terastallize|p2b: Noah|Dragon\n|move|p1a: Arcanine|Extreme Speed|p2b: Noah\n|-damage|p2b: Noah|55\/100 brn\n|move|p2b: Noah|Order Up|p1b: Brute Bonnet\n|-damage|p1b: Brute Bonnet|34\/100\n|-boost|p2b: Noah|atk|1\n|move|p1b: Brute Bonnet|Bullet Seed|p2b: Noah\n|-resisted|p2b: Noah\n|-damage|p2b: Noah|52\/100 brn\n|-resisted|p2b: Noah\n|-damage|p2b: Noah|50\/100 brn\n|-resisted|p2b: Noah\n|-damage|p2b: Noah|48\/100 brn\n|-resisted|p2b: Noah\n|-damage|p2b: Noah|45\/100 brn\n|-hitcount|p2b: Noah|4\n|\n|-heal|p2b: Noah|51\/100 brn|[from] item: Leftovers\n|-damage|p2a: Althea|7\/100 tox|[from] psn\n|-damage|p2b: Noah|45\/100 brn|[from] brn\n|upkeep\n|turn|7\n|inactive|santi_SBA has 30 seconds left.\n|\n|t:|1683238064\n|switch|p1a: Palafin|Palafin-Hero, L50, F|100\/100\n|-activate|p1a: Palafin|ability: Zero to Hero\n|move|p2b: Noah|Protect|p2b: Noah\n|-singleturn|p2b: Noah|Protect\n|move|p1b: Brute Bonnet|Rage Powder|p1b: Brute Bonnet\n|-singleturn|p1b: Brute Bonnet|move: Rage Powder\n|\n|-heal|p2b: Noah|51\/100 brn|[from] item: Leftovers\n|-damage|p2a: Althea|0 fnt|[from] psn\n|faint|p2a: Althea\n|-damage|p2b: Noah|45\/100 brn|[from] brn\n|upkeep\n|\n|t:|1683238068\n|switch|p2a: Josef|Amoonguss, L50, F|100\/100\n|turn|8\n|inactive|santi_SBA has 30 seconds left.\n|\n|t:|1683238096\n|move|p1b: Brute Bonnet|Rage Powder|p1b: Brute Bonnet\n|-singleturn|p1b: Brute Bonnet|move: Rage Powder\n|move|p1a: Palafin|Haze|p1a: Palafin\n|-clearallboost\n|move|p2b: Noah|Order Up|p1b: Brute Bonnet\n|-damage|p1b: Brute Bonnet|24\/100\n|-boost|p2b: Noah|atk|1\n|move|p2a: Josef|Pollen Puff|p2b: Noah\n|-heal|p2b: Noah|95\/100 brn\n|\n|-heal|p2b: Noah|100\/100 brn|[from] item: Leftovers\n|-damage|p2b: Noah|94\/100 brn|[from] brn\n|upkeep\n|turn|9\n|c|\u2606RenVGC_2X|Bruh\n|inactive|santi_SBA has 30 seconds left.\n|c|\u2606RenVGC_2X|Who tf carries haze on lalafin\n|inactive|santi_SBA has 20 seconds left.\n|c|\u2606RenVGC_2X|Fucking ass weirdo\n|inactive|santi_SBA has 15 seconds left.\n|inactive|santi_SBA has 10 seconds left.\n|inactive|santi_SBA has 5 seconds left.\n|\n|t:|1683238150\n|move|p1a: Palafin|Wave Crash|p2b: Noah\n|-resisted|p2b: Noah\n|-damage|p2b: Noah|70\/100 brn\n|-damage|p1a: Palafin|90\/100|[from] Recoil\n|move|p1b: Brute Bonnet|Bullet Seed|p2b: Noah\n|-resisted|p2b: Noah\n|-damage|p2b: Noah|65\/100 brn\n|-resisted|p2b: Noah\n|-damage|p2b: Noah|62\/100 brn\n|-resisted|p2b: Noah\n|-damage|p2b: Noah|58\/100 brn\n|-resisted|p2b: Noah\n|-damage|p2b: Noah|54\/100 brn\n|-resisted|p2b: Noah\n|-damage|p2b: Noah|51\/100 brn\n|-hitcount|p2b: Noah|5\n|move|p2b: Noah|Order Up|p1b: Brute Bonnet\n|-damage|p1b: Brute Bonnet|8\/100\n|-boost|p2b: Noah|atk|1\n|move|p2a: Josef|Spore|p1a: Palafin\n|-status|p1a: Palafin|slp|[from] move: Spore\n|\n|-heal|p2b: Noah|57\/100 brn|[from] item: Leftovers\n|-damage|p2b: Noah|51\/100 brn|[from] brn\n|upkeep\n|turn|10\n|inactive|santi_SBA has 30 seconds left.\n|inactive|santi_SBA has 20 seconds left.\n|inactive|santi_SBA has 15 seconds left.\n|inactive|santi_SBA has 10 seconds left.\n|inactive|santi_SBA has 5 seconds left.\n|\n|t:|1683238202\n|move|p1b: Brute Bonnet|Sucker Punch|p2b: Noah\n|-damage|p2b: Noah|30\/100 brn\n|cant|p1a: Palafin|slp\n|move|p2b: Noah|Earthquake|p1a: Palafin|[spread] p2a,p1a,p1b\n|-resisted|p1b: Brute Bonnet\n|-damage|p2a: Josef|84\/100\n|-damage|p1a: Palafin|76\/100 slp\n|-damage|p1b: Brute Bonnet|0 fnt\n|faint|p1b: Brute Bonnet\n|-end|p1b: Brute Bonnet|Protosynthesis|[silent]\n|move|p2a: Josef|Pollen Puff|p2b: Noah\n|-heal|p2b: Noah|79\/100 brn\n|\n|-heal|p2b: Noah|86\/100 brn|[from] item: Leftovers\n|-damage|p2b: Noah|79\/100 brn|[from] brn\n|upkeep\n|\n|t:|1683238218\n|switch|p1b: Dragonite|Dragonite, L50, M|100\/100\n|turn|11\n|inactive|santi_SBA has 30 seconds left.\n|\n|t:|1683238245\n|-terastallize|p1b: Dragonite|Normal\n|move|p2a: Josef|Rage Powder|p2a: Josef\n|-singleturn|p2a: Josef|move: Rage Powder\n|cant|p1a: Palafin|slp\n|move|p1b: Dragonite|Ice Spinner|p2a: Josef\n|-supereffective|p2a: Josef\n|-damage|p2a: Josef|0 fnt\n|faint|p2a: Josef\n|move|p2b: Noah|Order Up|p1b: Dragonite\n|-damage|p1b: Dragonite|87\/100\n|-boost|p2b: Noah|atk|1\n|\n|-heal|p2b: Noah|86\/100 brn|[from] item: Leftovers\n|-damage|p2b: Noah|79\/100 brn|[from] brn\n|upkeep\n|\n|t:|1683238256\n|switch|p2a: Vince|Palafin-Hero, L50, F|100\/100\n|-activate|p2a: Vince|ability: Zero to Hero\n|turn|12\n|\n|t:|1683238265\n|move|p2a: Vince|Drain Punch|p1b: Dragonite\n|-supereffective|p1b: Dragonite\n|-damage|p1b: Dragonite|30\/100\n|-curestatus|p1a: Palafin|slp|[msg]\n|move|p1a: Palafin|Haze|p1a: Palafin\n|-clearallboost\n|move|p1b: Dragonite|Ice Spinner|p2b: Noah\n|-supereffective|p2b: Noah\n|-damage|p2b: Noah|30\/100 brn\n|move|p2b: Noah|Order Up|p1b: Dragonite\n|-damage|p1b: Dragonite|17\/100\n|-boost|p2b: Noah|atk|1\n|\n|-heal|p2b: Noah|37\/100 brn|[from] item: Leftovers\n|-damage|p2b: Noah|30\/100 brn|[from] brn\n|upkeep\n|turn|13\n|inactive|santi_SBA has 30 seconds left.\n|\n|t:|1683238294\n|switch|p1b: Arcanine|Arcanine, L50, F|11\/100\n|-ability|p1b: Arcanine|Intimidate|boost\n|-unboost|p2a: Vince|atk|1\n|-unboost|p2b: Noah|atk|1\n|move|p2b: Noah|Protect|p2b: Noah\n|-singleturn|p2b: Noah|Protect\n|move|p2a: Vince|Drain Punch|p1b: Arcanine\n|-damage|p1b: Arcanine|0 fnt\n|faint|p1b: Arcanine\n|move|p1a: Palafin|Wave Crash|p2b: Noah\n|-activate|p2b: Noah|move: Protect\n|\n|-heal|p2b: Noah|37\/100 brn|[from] item: Leftovers\n|-damage|p2b: Noah|30\/100 brn|[from] brn\n|upkeep\n|inactive|santi_SBA has 30 seconds left.\n|\n|t:|1683238308\n|switch|p1b: Dragonite|Dragonite, L50, M, tera:Normal|17\/100\n|turn|14\n|inactive|santi_SBA has 25 seconds left this turn.\n|inactive|santi_SBA has 20 seconds left.\n|inactive|santi_SBA has 15 seconds left.\n|\n|t:|1683238322\n|move|p1b: Dragonite|Extreme Speed|p2b: Noah\n|-damage|p2b: Noah|0 fnt\n|faint|p2b: Noah\n|move|p2a: Vince|Jet Punch|p1b: Dragonite\n|-damage|p1b: Dragonite|0 fnt\n|faint|p1b: Dragonite\n|move|p1a: Palafin|Wave Crash|p2a: Vince\n|-resisted|p2a: Vince\n|-damage|p2a: Vince|61\/100\n|-damage|p1a: Palafin|63\/100|[from] Recoil\n|\n|upkeep\n|turn|15\n|inactive|santi_SBA has 15 seconds left this turn.\n|inactive|santi_SBA has 10 seconds left.\n|inactive|santi_SBA has 5 seconds left.\n|\n|t:|1683238336\n|move|p2a: Vince|Drain Punch|p1a: Palafin\n|-damage|p1a: Palafin|46\/100\n|-heal|p2a: Vince|69\/100|[from] drain|[of] p1a: Palafin\n|move|p1a: Palafin|Wave Crash|p2a: Vince\n|-resisted|p2a: Vince\n|-damage|p2a: Vince|29\/100\n|-damage|p1a: Palafin|33\/100|[from] Recoil\n|\n|upkeep\n|turn|16\n|inactive|santi_SBA has 5 seconds left this turn.\n|\n|t:|1683238346\n|move|p2a: Vince|Wave Crash|p1a: Palafin\n|-resisted|p1a: Palafin\n|-damage|p1a: Palafin|7\/100\n|-damage|p2a: Vince|20\/100|[from] Recoil\n|move|p1a: Palafin|Wave Crash|p2a: Vince\n|-resisted|p2a: Vince\n|-damage|p2a: Vince|0 fnt\n|faint|p2a: Vince\n|-damage|p1a: Palafin|0 fnt|[from] Recoil\n|faint|p1a: Palafin\n|\n|win|santi_SBA\n|inactive|santi_SBA has 5 seconds left this turn.\n|raw|santi_SBA's rating: 1150 → 1174<\/strong> (+24 for winning)\n|raw|RenVGC_2X's rating: 1134 → 1110<\/strong> (-24 for losing)\n|l|\u2606RenVGC_2X\n","uploadtime":1683238134,"views":11,"p1id":"santisba","p2id":"renvgc2x","formatid":"gen9vgc2023regulationc","rating":1110,"private":0,"password":""}