{"id":"gen9vgc2023regulationc-1856830895","p1":"Tas87","p2":"pardosimmia","format":"[Gen 9] VGC 2023 Regulation C","log":"|j|\u2606Tas87\n|j|\u2606pardosimmia\n|t:|1683117093\n|gametype|doubles\n|player|p1|Tas87|266|1319\n|player|p2|pardosimmia|265|1311\n|teamsize|p1|6\n|teamsize|p2|6\n|gen|9\n|tier|[Gen 9] VGC 2023 Regulation C\n|rated|\n|rule|Species Clause: Limit one of each Pok\u00e9mon\n|rule|Item Clause: Limit one of each item\n|clearpoke\n|poke|p1|Kilowattrel, L50, F|\n|poke|p1|Garchomp, L50, M|\n|poke|p1|Tyranitar, L50, F|\n|poke|p1|Orthworm, L50, F|\n|poke|p1|Medicham, L50, F|\n|poke|p1|Chien-Pao, L50|\n|poke|p2|Annihilape, L50, F|\n|poke|p2|Maushold-Four, L50|\n|poke|p2|Flutter Mane, L50|\n|poke|p2|Gyarados, L50, M|\n|poke|p2|Amoonguss, L50, M|\n|poke|p2|Iron Bundle, L50|\n|teampreview|4\n|inactive|Battle timer is ON: inactive players will automatically lose when time's up. (requested by Tas87)\n|inactive|pardosimmia has 60 seconds left.\n|\n|t:|1683117153\n|start\n|switch|p1a: Kilowattrel|Kilowattrel, L50, F|100\/100\n|switch|p1b: Garchomp|Garchomp, L50, M|100\/100\n|switch|p2a: Annihilape|Annihilape, L50, F, shiny|100\/100\n|switch|p2b: Maushold|Maushold-Four, L50|100\/100\n|turn|1\n|inactive|pardosimmia has 30 seconds left.\n|inactive|pardosimmia has 20 seconds left.\n|inactive|pardosimmia has 15 seconds left.\n|inactive|pardosimmia has 10 seconds left.\n|inactive|pardosimmia has 5 seconds left.\n|\n|t:|1683117207\n|move|p1a: Kilowattrel|Air Cutter|p2a: Annihilape|[spread] p2a,p2b\n|-supereffective|p2a: Annihilape\n|-crit|p2a: Annihilape\n|-crit|p2b: Maushold\n|-damage|p2a: Annihilape|68\/100\n|-damage|p2b: Maushold|72\/100\n|move|p2b: Maushold|Beat Up|p2a: Annihilape\n|-damage|p2a: Annihilape|66\/100\n|-damage|p2a: Annihilape|64\/100\n|-damage|p2a: Annihilape|62\/100\n|-damage|p2a: Annihilape|61\/100\n|-hitcount|p2a: Annihilape|4\n|move|p1b: Garchomp|Earthquake|p2a: Annihilape|[spread] p2a,p2b\n|-immune|p1a: Kilowattrel\n|-damage|p2a: Annihilape|35\/100\n|-damage|p2b: Maushold|23\/100\n|move|p2a: Annihilape|Rage Fist|p1a: Kilowattrel\n|-enditem|p1a: Kilowattrel|Focus Sash\n|-damage|p1a: Kilowattrel|1\/100\n|\n|-heal|p2a: Annihilape|41\/100|[from] item: Leftovers\n|upkeep\n|turn|2\n|inactive|Tas87 has 30 seconds left.\n|inactive|pardosimmia has 30 seconds left.\n|inactive|Tas87 has 20 seconds left.\n|\n|t:|1683117242\n|move|p2a: Annihilape|Protect|p2a: Annihilape\n|-singleturn|p2a: Annihilape|Protect\n|move|p1a: Kilowattrel|Discharge|p2b: Maushold|[spread] p2b\n|-activate|p2a: Annihilape|move: Protect\n|-immune|p1b: Garchomp\n|-damage|p2b: Maushold|0 fnt\n|faint|p2b: Maushold\n|move|p1b: Garchomp|Earthquake|p2a: Annihilape|[spread] \n|-activate|p2a: Annihilape|move: Protect\n|-immune|p1a: Kilowattrel\n|\n|-heal|p2a: Annihilape|48\/100|[from] item: Leftovers\n|upkeep\n|inactive|pardosimmia has 30 seconds left.\n|\n|t:|1683117276\n|switch|p2b: Flutter Mane|Flutter Mane, L50|100\/100\n|turn|3\n|\n|t:|1683117300\n|-terastallize|p2b: Flutter Mane|Fairy\n|move|p1b: Garchomp|Protect|p1b: Garchomp\n|-singleturn|p1b: Garchomp|Protect\n|move|p1a: Kilowattrel|Tailwind|p1a: Kilowattrel\n|-sidestart|p1: Tas87|move: Tailwind\n|move|p2b: Flutter Mane|Dazzling Gleam|p1b: Garchomp|[spread] p1a\n|-activate|p1b: Garchomp|move: Protect\n|-damage|p1a: Kilowattrel|0 fnt\n|faint|p1a: Kilowattrel\n|move|p2a: Annihilape|Rage Fist|p1b: Garchomp\n|-activate|p1b: Garchomp|move: Protect\n|\n|-heal|p2a: Annihilape|54\/100|[from] item: Leftovers\n|upkeep\n|\n|t:|1683117314\n|switch|p1a: Tyranitar|Tyranitar, L50, F|100\/100\n|-weather|Sandstorm|[from] ability: Sand Stream|[of] p1a: Tyranitar\n|turn|4\n|inactive|Tas87 has 30 seconds left.\n|\n|t:|1683117348\n|switch|p2a: Gyarados|Gyarados, L50, M, shiny|100\/100\n|-ability|p2a: Gyarados|Intimidate|boost\n|-unboost|p1a: Tyranitar|atk|1\n|-unboost|p1b: Garchomp|atk|1\n|-terastallize|p1a: Tyranitar|Flying\n|move|p1b: Garchomp|Earthquake|p2a: Gyarados|[spread] p2b\n|-immune|p1a: Tyranitar\n|-immune|p2a: Gyarados\n|-damage|p2b: Flutter Mane|51\/100\n|move|p2b: Flutter Mane|Dazzling Gleam|p1b: Garchomp|[spread] p1a,p1b\n|-supereffective|p1b: Garchomp\n|-damage|p1a: Tyranitar|66\/100\n|-damage|p1b: Garchomp|0 fnt\n|faint|p1b: Garchomp\n|move|p1a: Tyranitar|Rock Slide|p2b: Flutter Mane|[spread] p2b\n|-miss|p1a: Tyranitar|p2a: Gyarados\n|-damage|p2b: Flutter Mane|11\/100\n|\n|-weather|Sandstorm|[upkeep]\n|-damage|p2b: Flutter Mane|5\/100|[from] Sandstorm\n|-damage|p1a: Tyranitar|60\/100|[from] Sandstorm\n|-damage|p2a: Gyarados|95\/100|[from] Sandstorm\n|upkeep\n|\n|t:|1683117361\n|switch|p1b: Orthworm|Orthworm, L50, F, shiny|100\/100\n|turn|5\n|inactive|Tas87 has 30 seconds left.\n|inactive|Tas87 has 20 seconds left.\n|\n|t:|1683117401\n|move|p2b: Flutter Mane|Dazzling Gleam|p1a: Tyranitar|[spread] p1a,p1b\n|-resisted|p1b: Orthworm\n|-damage|p1a: Tyranitar|21\/100\n|-damage|p1b: Orthworm|45\/100\n|-enditem|p1b: Orthworm|Sitrus Berry|[eat]\n|-heal|p1b: Orthworm|69\/100|[from] item: Sitrus Berry\n|move|p1b: Orthworm|Iron Defense|p1b: Orthworm\n|-boost|p1b: Orthworm|def|2\n|move|p1a: Tyranitar|Rock Slide|p2b: Flutter Mane|[spread] p2a,p2b\n|-supereffective|p2a: Gyarados\n|-crit|p2b: Flutter Mane\n|-damage|p2a: Gyarados|53\/100\n|-damage|p2b: Flutter Mane|0 fnt\n|faint|p2b: Flutter Mane\n|-end|p2b: Flutter Mane|Protosynthesis|[silent]\n|cant|p2a: Gyarados|flinch\n|\n|-weather|Sandstorm|[upkeep]\n|-damage|p1a: Tyranitar|15\/100|[from] Sandstorm\n|-damage|p2a: Gyarados|48\/100|[from] Sandstorm\n|upkeep\n|\n|t:|1683117421\n|switch|p2b: Annihilape|Annihilape, L50, F, shiny|54\/100\n|turn|6\n|\n|t:|1683117440\n|move|p2a: Gyarados|Protect|p2a: Gyarados\n|-singleturn|p2a: Gyarados|Protect\n|move|p2b: Annihilape|Protect|p2b: Annihilape\n|-singleturn|p2b: Annihilape|Protect\n|move|p1b: Orthworm|Iron Defense|p1b: Orthworm\n|-boost|p1b: Orthworm|def|2\n|move|p1a: Tyranitar|Tera Blast|p2b: Annihilape\n|-activate|p2b: Annihilape|move: Protect\n|\n|-weather|Sandstorm|[upkeep]\n|-damage|p1a: Tyranitar|10\/100|[from] Sandstorm\n|-damage|p2a: Gyarados|42\/100|[from] Sandstorm\n|-damage|p2b: Annihilape|48\/100|[from] Sandstorm\n|-heal|p2b: Annihilape|54\/100|[from] item: Leftovers\n|-sideend|p1: Tas87|move: Tailwind\n|upkeep\n|turn|7\n|\n|t:|1683117463\n|move|p2a: Gyarados|Thunder Wave|p1b: Orthworm\n|-status|p1b: Orthworm|par\n|move|p2b: Annihilape|Rage Fist|p1a: Tyranitar\n|-damage|p1a: Tyranitar|0 fnt\n|faint|p1a: Tyranitar\n|move|p1b: Orthworm|Body Press|p2a: Gyarados\n|-resisted|p2a: Gyarados\n|-damage|p2a: Gyarados|0 fnt\n|faint|p2a: Gyarados\n|\n|-weather|Sandstorm|[upkeep]\n|-damage|p2b: Annihilape|48\/100|[from] Sandstorm\n|-heal|p2b: Annihilape|54\/100|[from] item: Leftovers\n|upkeep\n|turn|8\n|\n|t:|1683117479\n|move|p2b: Annihilape|Bulk Up|p2b: Annihilape\n|-boost|p2b: Annihilape|atk|1\n|-boost|p2b: Annihilape|def|1\n|cant|p1b: Orthworm|par\n|\n|-weather|none\n|-heal|p2b: Annihilape|60\/100|[from] item: Leftovers\n|upkeep\n|turn|9\n|-message|Tas87 forfeited.\n|\n|win|pardosimmia\n|raw|Tas87's rating: 1319 → 1299<\/strong> (-20 for losing)\n|raw|pardosimmia's rating: 1311 → 1331<\/strong> (+20 for winning)\n|l|\u2606Tas87\n","uploadtime":1683117528,"views":10,"p1id":"tas87","p2id":"pardosimmia","formatid":"gen9vgc2023regulationc","rating":1299,"private":0,"password":""}