{"id":"gen9vgc2023regulationc-1851820195","p1":"haha u rage quit","p2":"aoi9876","format":"[Gen 9] VGC 2023 Regulation C","log":"|j|\u2606haha u rage quit\n|j|\u2606aoi9876\n|t:|1682489680\n|gametype|doubles\n|player|p1|haha u rage quit|pokemaniac|1257\n|player|p2|aoi9876|hilda|1327\n|teamsize|p1|6\n|teamsize|p2|6\n|gen|9\n|tier|[Gen 9] VGC 2023 Regulation C\n|rated|\n|rule|Species Clause: Limit one of each Pok\u00e9mon\n|rule|Item Clause: Limit one of each item\n|clearpoke\n|poke|p1|Glimmora, L50, M|\n|poke|p1|Iron Bundle, L50|\n|poke|p1|Dondozo, L50, M|\n|poke|p1|Dragonite, L50, M|\n|poke|p1|Tatsugiri-Droopy, L50, M|\n|poke|p1|Chi-Yu, L50|\n|poke|p2|Abomasnow, L50, M|\n|poke|p2|Iron Bundle, L50|\n|poke|p2|Flutter Mane, L50|\n|poke|p2|Chi-Yu, L50|\n|poke|p2|Baxcalibur, L50, F|\n|poke|p2|Talonflame, L50, F|\n|teampreview|4\n|inactive|Battle timer is ON: inactive players will automatically lose when time's up. (requested by aoi9876)\n|\n|t:|1682489723\n|start\n|switch|p1a: Iron Bundle|Iron Bundle, L50, shiny|100\/100\n|switch|p1b: Dragonite|Dragonite, L50, M|100\/100\n|switch|p2a: Baxcalibur|Baxcalibur, L50, F|100\/100\n|switch|p2b: Talonflame|Talonflame, L50, F|100\/100\n|-enditem|p1a: Iron Bundle|Booster Energy\n|-activate|p1a: Iron Bundle|ability: Quark Drive|[fromitem]\n|-start|p1a: Iron Bundle|quarkdrivespe\n|turn|1\n|\n|t:|1682489740\n|move|p1a: Iron Bundle|Protect|p1a: Iron Bundle\n|-singleturn|p1a: Iron Bundle|Protect\n|move|p1b: Dragonite|Extreme Speed|p2b: Talonflame\n|-damage|p2b: Talonflame|36\/100\n|move|p2b: Talonflame|Tailwind|p2b: Talonflame\n|-sidestart|p2: aoi9876|move: Tailwind\n|move|p2a: Baxcalibur|Icicle Spear|p1b: Dragonite\n|-supereffective|p1b: Dragonite\n|-damage|p1b: Dragonite|69\/100\n|-supereffective|p1b: Dragonite\n|-damage|p1b: Dragonite|6\/100\n|-supereffective|p1b: Dragonite\n|-damage|p1b: Dragonite|0 fnt\n|faint|p1b: Dragonite\n|-hitcount|p1: Dragonite|3\n|\n|upkeep\n|\n|t:|1682489754\n|switch|p1b: Dondozo|Dondozo, L50, M|100\/100\n|turn|2\n|inactive|haha u rage quit has 30 seconds left.\n|\n|t:|1682489786\n|-end|p1a: Iron Bundle|Quark Drive|[silent]\n|switch|p1a: Tatsugiri|Tatsugiri-Droopy, L50, M|100\/100\n|-activate|p1a: Tatsugiri|ability: Commander|[of] p1b: Dondozo\n|-boost|p1b: Dondozo|atk|2\n|-boost|p1b: Dondozo|spa|2\n|-boost|p1b: Dondozo|spe|2\n|-boost|p1b: Dondozo|def|2\n|-boost|p1b: Dondozo|spd|2\n|-terastallize|p2a: Baxcalibur|Ground\n|move|p1b: Dondozo|Protect|p1b: Dondozo\n|-singleturn|p1b: Dondozo|Protect\n|move|p2b: Talonflame|Feint|p1b: Dondozo\n|-activate|p1b: Dondozo|move: Feint\n|-damage|p1b: Dondozo|97\/100\n|move|p2a: Baxcalibur|Earthquake|p1b: Dondozo|[spread] p1b\n|-miss|p2a: Baxcalibur|p1a: Tatsugiri\n|-immune|p2b: Talonflame\n|-damage|p1b: Dondozo|82\/100\n|\n|-heal|p1b: Dondozo|89\/100|[from] item: Leftovers\n|upkeep\n|turn|3\n|\n|t:|1682489808\n|switch|p2b: Iron Bundle|Iron Bundle, L50|100\/100\n|-enditem|p2b: Iron Bundle|Booster Energy\n|-activate|p2b: Iron Bundle|ability: Quark Drive|[fromitem]\n|-start|p2b: Iron Bundle|quarkdrivespe\n|switch|p2a: Abomasnow|Abomasnow, L50, M|100\/100\n|-weather|Snow|[from] ability: Snow Warning|[of] p2a: Abomasnow\n|move|p1b: Dondozo|Wave Crash|p2a: Abomasnow\n|-resisted|p2a: Abomasnow\n|-damage|p2a: Abomasnow|63\/100\n|-damage|p1b: Dondozo|78\/100|[from] Recoil\n|\n|-weather|Snow|[upkeep]\n|-heal|p1b: Dondozo|84\/100|[from] item: Leftovers\n|upkeep\n|turn|4\n|inactive|aoi9876 has 30 seconds left.\n|\n|t:|1682489834\n|-terastallize|p1b: Dondozo|Grass\n|move|p2b: Iron Bundle|Freeze-Dry|p1b: Dondozo\n|-supereffective|p1b: Dondozo\n|-damage|p1b: Dondozo|54\/100\n|move|p2a: Abomasnow|Giga Drain|p1b: Dondozo\n|-resisted|p1b: Dondozo\n|-damage|p1b: Dondozo|47\/100\n|-heal|p2a: Abomasnow|67\/100|[from] drain|[of] p1b: Dondozo\n|move|p1b: Dondozo|Tera Blast|p2b: Iron Bundle\n|-supereffective|p2b: Iron Bundle\n|-damage|p2b: Iron Bundle|0 fnt\n|faint|p2b: Iron Bundle\n|-end|p2b: Iron Bundle|Quark Drive|[silent]\n|\n|-weather|Snow|[upkeep]\n|-heal|p1b: Dondozo|54\/100|[from] item: Leftovers\n|-sideend|p2: aoi9876|move: Tailwind\n|upkeep\n|\n|t:|1682489848\n|switch|p2b: Baxcalibur|Baxcalibur, L50, F, tera:Ground|100\/100\n|turn|5\n|\n|t:|1682489857\n|move|p1b: Dondozo|Wave Crash|p2b: Baxcalibur\n|-supereffective|p2b: Baxcalibur\n|-damage|p2b: Baxcalibur|0 fnt\n|faint|p2b: Baxcalibur\n|-damage|p1b: Dondozo|26\/100|[from] Recoil\n|move|p2a: Abomasnow|Blizzard|p1b: Dondozo|[spread] p1b\n|-miss|p2a: Abomasnow|p1a: Tatsugiri\n|-supereffective|p1b: Dondozo\n|-damage|p1b: Dondozo|0 fnt\n|faint|p1b: Dondozo\n|\n|-weather|Snow|[upkeep]\n|upkeep\n|\n|t:|1682489867\n|switch|p2b: Talonflame|Talonflame, L50, F|36\/100\n|switch|p1b: Iron Bundle|Iron Bundle, L50, shiny|100\/100\n|turn|6\n|\n|t:|1682489876\n|move|p1a: Tatsugiri|Muddy Water|p2b: Talonflame|[spread] p2a,p2b\n|-resisted|p2a: Abomasnow\n|-supereffective|p2b: Talonflame\n|-damage|p2a: Abomasnow|54\/100\n|-damage|p2b: Talonflame|0 fnt\n|-unboost|p2a: Abomasnow|accuracy|1\n|faint|p2b: Talonflame\n|move|p1b: Iron Bundle|Freeze-Dry|p2a: Abomasnow\n|-crit|p2a: Abomasnow\n|-damage|p2a: Abomasnow|16\/100\n|move|p2a: Abomasnow|Blizzard|p1b: Iron Bundle|[spread] p1a,p1b\n|-resisted|p1b: Iron Bundle\n|-damage|p1a: Tatsugiri|53\/100\n|-damage|p1b: Iron Bundle|83\/100\n|-status|p1a: Tatsugiri|frz\n|\n|-weather|Snow|[upkeep]\n|upkeep\n|turn|7\n|-message|aoi9876 forfeited.\n|\n|win|haha u rage quit\n|raw|haha u rage quit's rating: 1257 → 1287<\/strong> (+30 for winning)\n|raw|aoi9876's rating: 1327 → 1303<\/strong> (-24 for losing)\n|l|\u2606aoi9876\n","uploadtime":1682489896,"views":17,"p1id":"hahauragequit","p2id":"aoi9876","formatid":"gen9vgc2023regulationc","rating":1287,"private":0,"password":""}