{"id":"gen9vgc2023regulationc-1860364536","p1":"KyogreBoii","p2":"AlmondsVGC","format":"[Gen 9] VGC 2023 Regulation C","log":"|j|\u2606KyogreBoii\n|j|\u2606AlmondsVGC\n|t:|1683637480\n|gametype|doubles\n|player|p1|KyogreBoii|crasherwake|1417\n|player|p2|AlmondsVGC|170|1350\n|teamsize|p1|6\n|teamsize|p2|6\n|gen|9\n|tier|[Gen 9] VGC 2023 Regulation C\n|rated|\n|rule|Species Clause: Limit one of each Pok\u00e9mon\n|rule|Item Clause: Limit one of each item\n|clearpoke\n|poke|p1|Lurantis, L50, F|\n|poke|p1|Iron Hands, L50|\n|poke|p1|Flutter Mane, L50|\n|poke|p1|Torkoal, L50, M|\n|poke|p1|Indeedee-F, L50, F|\n|poke|p1|Armarouge, L50, F|\n|poke|p2|Iron Hands, L50|\n|poke|p2|Goodra, L50, F|\n|poke|p2|Flutter Mane, L50|\n|poke|p2|Pelipper, L50, F|\n|poke|p2|Palafin, L50, F|\n|poke|p2|Amoonguss, L50, F|\n|teampreview|4\n|c|\u2606AlmondsVGC|lurantis losing superpower is so sad\n|\n|t:|1683637526\n|start\n|switch|p1a: Indeedee|Indeedee-F, L50, F|100\/100\n|switch|p1b: Armarouge|Armarouge, L50, F|100\/100\n|switch|p2a: boulevardier|Goodra, L50, F|100\/100\n|switch|p2b: lowball|Palafin, L50, F|100\/100\n|-fieldstart|move: Psychic Terrain|[from] ability: Psychic Surge|[of] p1a: Indeedee\n|-enditem|p1a: Indeedee|Psychic Seed\n|-boost|p1a: Indeedee|spd|1|[from] item: Psychic Seed\n|turn|1\n|c|\u2606KyogreBoii|I know\n|c|\u2606KyogreBoii|its criminal\n|c|\u2606KyogreBoii|but I love lurantis its just a silly lil goober with cool ass pjs, so I'm trying to make it work\n|\n|t:|1683637564\n|detailschange|p2b: lowball|Palafin-Hero, L50, F\n|switch|p2b: highball|Pelipper, L50, F|100\/100\n|-weather|RainDance|[from] ability: Drizzle|[of] p2b: highball\n|move|p1a: Indeedee|Follow Me|p1a: Indeedee\n|-singleturn|p1a: Indeedee|move: Follow Me\n|move|p2a: boulevardier|Muddy Water|p1b: Armarouge|[spread] p1a,p1b\n|-supereffective|p1b: Armarouge\n|-damage|p1a: Indeedee|85\/100\n|-damage|p1b: Armarouge|22\/100\n|-unboost|p1b: Armarouge|accuracy|1\n|move|p1b: Armarouge|Trick Room|p1b: Armarouge\n|-fieldstart|move: Trick Room|[of] p1b: Armarouge\n|\n|-weather|RainDance|[upkeep]\n|upkeep\n|turn|2\n|\n|t:|1683637589\n|switch|p2b: lowball|Palafin-Hero, L50, F|100\/100\n|-activate|p2b: lowball|ability: Zero to Hero\n|move|p1b: Armarouge|Armor Cannon|p2a: boulevardier\n|-resisted|p2a: boulevardier\n|-damage|p2a: boulevardier|90\/100\n|-unboost|p1b: Armarouge|def|1\n|-unboost|p1b: Armarouge|spd|1\n|move|p1a: Indeedee|Psychic|p2a: boulevardier\n|-damage|p2a: boulevardier|65\/100\n|move|p2a: boulevardier|Muddy Water|p1a: Indeedee|[spread] p1a,p1b\n|-supereffective|p1b: Armarouge\n|-damage|p1a: Indeedee|68\/100\n|-damage|p1b: Armarouge|0 fnt\n|faint|p1b: Armarouge\n|\n|-weather|RainDance|[upkeep]\n|-heal|p2a: boulevardier|72\/100|[from] item: Leftovers\n|upkeep\n|\n|t:|1683637595\n|switch|p1b: Torkoal|Torkoal, L50, M|100\/100\n|-weather|SunnyDay|[from] ability: Drought|[of] p1b: Torkoal\n|turn|3\n|\n|t:|1683637607\n|switch|p2b: highball|Pelipper, L50, F|100\/100\n|-weather|RainDance|[from] ability: Drizzle|[of] p2b: highball\n|move|p1b: Torkoal|Eruption|p2a: boulevardier|[spread] p2a,p2b\n|-resisted|p2a: boulevardier\n|-resisted|p2b: highball\n|-damage|p2a: boulevardier|62\/100\n|-damage|p2b: highball|77\/100\n|move|p1a: Indeedee|Dazzling Gleam|p2a: boulevardier|[spread] p2a,p2b\n|-supereffective|p2a: boulevardier\n|-damage|p2a: boulevardier|46\/100\n|-damage|p2b: highball|54\/100\n|move|p2a: boulevardier|Muddy Water|p1a: Indeedee|[spread] p1a\n|-miss|p2a: boulevardier|p1b: Torkoal\n|-damage|p1a: Indeedee|52\/100\n|-unboost|p1a: Indeedee|accuracy|1\n|\n|-weather|RainDance|[upkeep]\n|-heal|p2a: boulevardier|52\/100|[from] item: Leftovers\n|upkeep\n|turn|4\n|\n|t:|1683637626\n|switch|p1b: Flutter Mane|Flutter Mane, L50|100\/100\n|move|p2b: highball|Protect|p2b: highball\n|-singleturn|p2b: highball|Protect\n|move|p1a: Indeedee|Psychic|p2b: highball\n|-activate|p2b: highball|move: Protect\n|move|p2a: boulevardier|Muddy Water|p1a: Indeedee|[spread] p1a,p1b\n|-damage|p1a: Indeedee|34\/100\n|-damage|p1b: Flutter Mane|75\/100\n|-unboost|p1b: Flutter Mane|accuracy|1\n|\n|-weather|RainDance|[upkeep]\n|-heal|p2a: boulevardier|58\/100|[from] item: Leftovers\n|upkeep\n|turn|5\n|\n|t:|1683637652\n|move|p1a: Indeedee|Helping Hand|p1b: Flutter Mane\n|-singleturn|p1b: Flutter Mane|Helping Hand|[of] p1a: Indeedee\n|move|p1b: Flutter Mane|Dazzling Gleam|p2a: boulevardier|[spread] p2a,p2b\n|-supereffective|p2a: boulevardier\n|-damage|p2a: boulevardier|10\/100\n|-damage|p2b: highball|0 fnt\n|faint|p2b: highball\n|move|p2a: boulevardier|Life Dew|p2a: boulevardier\n|-heal|p2a: boulevardier|35\/100\n|\n|-weather|RainDance|[upkeep]\n|-heal|p2a: boulevardier|41\/100|[from] item: Leftovers\n|-fieldend|move: Trick Room\n|-fieldend|move: Psychic Terrain\n|upkeep\n|\n|t:|1683637658\n|switch|p2b: lowball|Palafin-Hero, L50, F|100\/100\n|turn|6\n|\n|t:|1683637670\n|switch|p1a: Torkoal|Torkoal, L50, M|100\/100\n|-weather|SunnyDay|[from] ability: Drought|[of] p1a: Torkoal\n|-activate|p1b: Flutter Mane|ability: Protosynthesis\n|-start|p1b: Flutter Mane|protosynthesisspd\n|move|p1b: Flutter Mane|Protect|p1b: Flutter Mane\n|-singleturn|p1b: Flutter Mane|Protect\n|move|p2b: lowball|Jet Punch|p1b: Flutter Mane\n|-activate|p1b: Flutter Mane|move: Protect\n|move|p2a: boulevardier|Life Dew||[still]|[spread] p2a,p2b\n|-heal|p2a: boulevardier|65\/100\n|-fail|p2b: lowball|heal\n|\n|-weather|SunnyDay|[upkeep]\n|-heal|p2a: boulevardier|72\/100|[from] item: Leftovers\n|upkeep\n|turn|7\n|\n|t:|1683637687\n|move|p2b: lowball|Wave Crash|p1b: Flutter Mane\n|-damage|p1b: Flutter Mane|0 fnt\n|faint|p1b: Flutter Mane\n|-end|p1b: Flutter Mane|Protosynthesis|[silent]\n|-damage|p2b: lowball|83\/100|[from] Recoil\n|move|p2a: boulevardier|Life Dew|p2a: boulevardier|[spread] p2a,p2b\n|-heal|p2a: boulevardier|96\/100\n|-heal|p2b: lowball|100\/100\n|move|p1a: Torkoal|Solar Beam||[still]\n|-prepare|p1a: Torkoal|Solar Beam\n|-anim|p1a: Torkoal|Solar Beam|p2b: lowball\n|-supereffective|p2b: lowball\n|-damage|p2b: lowball|31\/100\n|\n|-weather|SunnyDay|[upkeep]\n|-heal|p2a: boulevardier|100\/100|[from] item: Leftovers\n|upkeep\n|\n|t:|1683637690\n|switch|p1b: Indeedee|Indeedee-F, L50, F|34\/100\n|-fieldstart|move: Psychic Terrain|[from] ability: Psychic Surge|[of] p1b: Indeedee\n|turn|8\n|\n|t:|1683637703\n|-terastallize|p1a: Torkoal|Fire\n|move|p2b: lowball|Protect|p2b: lowball\n|-singleturn|p2b: lowball|Protect\n|move|p2a: boulevardier|Life Dew||[still]|[spread] p2a,p2b\n|-fail|p2a: boulevardier|heal\n|-heal|p2b: lowball|56\/100\n|move|p1b: Indeedee|Dazzling Gleam|p2a: boulevardier|[spread] p2a\n|-activate|p2b: lowball|move: Protect\n|-supereffective|p2a: boulevardier\n|-damage|p2a: boulevardier|83\/100\n|move|p1a: Torkoal|Eruption|p2b: lowball|[spread] p2a\n|-activate|p2b: lowball|move: Protect\n|-resisted|p2a: boulevardier\n|-damage|p2a: boulevardier|46\/100\n|\n|-weather|SunnyDay|[upkeep]\n|-heal|p2a: boulevardier|52\/100|[from] item: Leftovers\n|upkeep\n|turn|9\n|\n|t:|1683637722\n|move|p2b: lowball|Wave Crash|p1a: Torkoal\n|-supereffective|p1a: Torkoal\n|-damage|p1a: Torkoal|23\/100\n|-damage|p2b: lowball|34\/100|[from] Recoil\n|move|p2a: boulevardier|Life Dew|p2a: boulevardier|[spread] p2a,p2b\n|-heal|p2a: boulevardier|77\/100\n|-heal|p2b: lowball|59\/100\n|move|p1b: Indeedee|Dazzling Gleam|p2a: boulevardier|[spread] p2a,p2b\n|-supereffective|p2a: boulevardier\n|-crit|p2a: boulevardier\n|-damage|p2a: boulevardier|52\/100\n|-damage|p2b: lowball|46\/100\n|move|p1a: Torkoal|Solar Beam||[still]\n|-prepare|p1a: Torkoal|Solar Beam\n|-anim|p1a: Torkoal|Solar Beam|p2b: lowball\n|-supereffective|p2b: lowball\n|-damage|p2b: lowball|0 fnt\n|faint|p2b: lowball\n|\n|-weather|SunnyDay|[upkeep]\n|-heal|p2a: boulevardier|58\/100|[from] item: Leftovers\n|upkeep\n|\n|t:|1683637725\n|switch|p2b: sazerac|Iron Hands, L50, shiny|100\/100\n|turn|10\n|\n|t:|1683637741\n|move|p2a: boulevardier|Life Dew||[still]|[spread] p2a,p2b\n|-heal|p2a: boulevardier|83\/100\n|-fail|p2b: sazerac|heal\n|move|p1b: Indeedee|Psychic|p2b: sazerac\n|-supereffective|p2b: sazerac\n|-damage|p2b: sazerac|64\/100\n|move|p2b: sazerac|Wild Charge|p1b: Indeedee\n|-damage|p1b: Indeedee|0 fnt\n|faint|p1b: Indeedee\n|-damage|p2b: sazerac|58\/100|[from] Recoil\n|move|p1a: Torkoal|Flamethrower|p2b: sazerac\n|-damage|p2b: sazerac|12\/100\n|\n|-weather|none\n|-heal|p2a: boulevardier|89\/100|[from] item: Leftovers\n|upkeep\n|turn|11\n|c|\u2606KyogreBoii|ggs\n|\n|t:|1683637749\n|move|p2a: boulevardier|Muddy Water|p1a: Torkoal\n|-supereffective|p1a: Torkoal\n|-damage|p1a: Torkoal|0 fnt\n|faint|p1a: Torkoal\n|\n|win|AlmondsVGC\n|raw|KyogreBoii's rating: 1417 → 1393<\/strong> (-24 for losing)\n|raw|AlmondsVGC's rating: 1350 → 1374<\/strong> (+24 for winning)\n|c|\u2606AlmondsVGC|gg\n|c|\u2606KyogreBoii|goodra was annoying af\n|c|\u2606KyogreBoii|made good use of it tho\n|c|\u2606AlmondsVGC|ty ty'I'm really trying to make it work\n|c|\u2606KyogreBoii|shows that any mon can be viable, it just has to be tested with\n|c|\u2606KyogreBoii|gl on your future matches\n|c|\u2606AlmondsVGC|u2 homie\n|l|\u2606KyogreBoii\n","uploadtime":1683637793,"views":14,"p1id":"kyogreboii","p2id":"almondsvgc","formatid":"gen9vgc2023regulationc","rating":1374,"private":0,"password":""}