{"id":"gen9vgc2023regulationc-1855056648","p1":"ballin on deez","p2":"General66","format":"[Gen 9] VGC 2023 Regulation C","log":"|j|\u2606ballin on deez\n|j|\u2606General66\n|t:|1682896023\n|gametype|doubles\n|player|p1|ballin on deez|psychic-gen4|1267\n|player|p2|General66|jasmine|1191\n|teamsize|p1|6\n|teamsize|p2|6\n|gen|9\n|tier|[Gen 9] VGC 2023 Regulation C\n|rated|\n|rule|Species Clause: Limit one of each Pok\u00e9mon\n|rule|Item Clause: Limit one of each item\n|clearpoke\n|poke|p1|Tinkaton, L50, F|\n|poke|p1|Gyarados, L50, F|\n|poke|p1|Iron Bundle, L50|\n|poke|p1|Great Tusk, L50|\n|poke|p1|Amoonguss, L50, F|\n|poke|p1|Flutter Mane, L50|\n|poke|p2|Arcanine, L50, F|\n|poke|p2|Amoonguss, L50, M|\n|poke|p2|Flutter Mane, L50|\n|poke|p2|Ting-Lu, L50|\n|poke|p2|Dragonite, L50, F|\n|poke|p2|Iron Bundle, L50|\n|teampreview|4\n|inactive|Battle timer is ON: inactive players will automatically lose when time's up. (requested by ballin on deez)\n|\n|t:|1682896078\n|start\n|switch|p1a: Tinkaton|Tinkaton, L50, F|100\/100\n|switch|p1b: Flutter Mane|Flutter Mane, L50|100\/100\n|switch|p2a: Ting-Lu|Ting-Lu, L50|100\/100\n|switch|p2b: Dragonite|Dragonite, L50, F|100\/100\n|-ability|p2a: Ting-Lu|Vessel of Ruin\n|turn|1\n|inactive|ballin on deez has 30 seconds left.\n|inactive|ballin on deez has 20 seconds left.\n|\n|t:|1682896118\n|move|p1a: Tinkaton|Fake Out|p2a: Ting-Lu\n|-damage|p2a: Ting-Lu|95\/100\n|move|p1b: Flutter Mane|Dazzling Gleam|p2a: Ting-Lu|[spread] p2a,p2b\n|-supereffective|p2a: Ting-Lu\n|-supereffective|p2b: Dragonite\n|-damage|p2a: Ting-Lu|74\/100\n|-damage|p2b: Dragonite|79\/100\n|move|p2b: Dragonite|Tailwind|p2b: Dragonite\n|-sidestart|p2: General66|move: Tailwind\n|cant|p2a: Ting-Lu|flinch\n|\n|upkeep\n|turn|2\n|inactive|ballin on deez has 30 seconds left.\n|\n|t:|1682896144\n|-end|p1b: Flutter Mane|Protosynthesis|[silent]\n|switch|p1b: Gyarados|Gyarados, L50, F|100\/100\n|-ability|p1b: Gyarados|Intimidate|boost\n|-unboost|p2a: Ting-Lu|atk|1\n|-unboost|p2b: Dragonite|atk|1\n|switch|p2b: Arcanine|Arcanine, L50, F|100\/100\n|-ability|p2b: Arcanine|Intimidate|boost\n|-fail|p1a: Tinkaton|unboost|Attack|[from] ability: Own Tempo|[of] p1a: Tinkaton\n|-unboost|p1b: Gyarados|atk|1\n|move|p2a: Ting-Lu|Heavy Slam|p1b: Gyarados\n|-resisted|p1b: Gyarados\n|-damage|p1b: Gyarados|95\/100\n|move|p1a: Tinkaton|Gigaton Hammer|p2b: Arcanine\n|-resisted|p2b: Arcanine\n|-damage|p2b: Arcanine|68\/100\n|\n|upkeep\n|turn|3\n|inactive|ballin on deez has 30 seconds left.\n|\n|t:|1682896175\n|move|p1a: Tinkaton|Feint|p2b: Arcanine\n|-damage|p2b: Arcanine|60\/100\n|move|p2b: Arcanine|Flare Blitz|p1a: Tinkaton\n|-supereffective|p1a: Tinkaton\n|-damage|p1a: Tinkaton|0 fnt\n|faint|p1a: Tinkaton\n|-damage|p2b: Arcanine|31\/100|[from] Recoil\n|move|p2a: Ting-Lu|Ruination|p1b: Gyarados\n|-damage|p1b: Gyarados|48\/100\n|move|p1b: Gyarados|Waterfall|p2b: Arcanine\n|-supereffective|p2b: Arcanine\n|-damage|p2b: Arcanine|0 fnt\n|faint|p2b: Arcanine\n|\n|upkeep\n|\n|t:|1682896189\n|switch|p2b: Dragonite|Dragonite, L50, F|79\/100\n|switch|p1a: Iron Bundle|Iron Bundle, L50|100\/100\n|-enditem|p1a: Iron Bundle|Booster Energy\n|-activate|p1a: Iron Bundle|ability: Quark Drive|[fromitem]\n|-start|p1a: Iron Bundle|quarkdrivespe\n|turn|4\n|\n|t:|1682896209\n|switch|p1b: Flutter Mane|Flutter Mane, L50|100\/100\n|-terastallize|p2b: Dragonite|Normal\n|move|p1a: Iron Bundle|Freeze-Dry|p2b: Dragonite\n|-damage|p2b: Dragonite|55\/100\n|move|p2b: Dragonite|Low Kick|p1a: Iron Bundle\n|-supereffective|p1a: Iron Bundle\n|-damage|p1a: Iron Bundle|61\/100\n|move|p2a: Ting-Lu|Heavy Slam|p1a: Iron Bundle\n|-damage|p1a: Iron Bundle|32\/100\n|\n|-sideend|p2: General66|move: Tailwind\n|upkeep\n|turn|5\n|inactive|ballin on deez has 30 seconds left.\n|inactive|General66 has 30 seconds left.\n|inactive|ballin on deez has 20 seconds left.\n|inactive|ballin on deez has 15 seconds left.\n|inactive|ballin on deez has 10 seconds left.\n|\n|t:|1682896255\n|move|p1a: Iron Bundle|Protect|p1a: Iron Bundle\n|-singleturn|p1a: Iron Bundle|Protect\n|move|p1b: Flutter Mane|Protect|p1b: Flutter Mane\n|-singleturn|p1b: Flutter Mane|Protect\n|move|p2b: Dragonite|Extreme Speed|p1a: Iron Bundle\n|-activate|p1a: Iron Bundle|move: Protect\n|move|p2a: Ting-Lu|Heavy Slam|p1b: Flutter Mane\n|-activate|p1b: Flutter Mane|move: Protect\n|\n|upkeep\n|turn|6\n|\n|t:|1682896276\n|-end|p1a: Iron Bundle|Quark Drive|[silent]\n|switch|p1a: Gyarados|Gyarados, L50, F|48\/100\n|-ability|p1a: Gyarados|Intimidate|boost\n|-unboost|p2a: Ting-Lu|atk|1\n|-unboost|p2b: Dragonite|atk|1\n|-terastallize|p1b: Flutter Mane|Steel\n|move|p2b: Dragonite|Extreme Speed|p1a: Gyarados\n|-damage|p1a: Gyarados|16\/100\n|move|p1b: Flutter Mane|Dazzling Gleam|p2a: Ting-Lu|[spread] p2a,p2b\n|-supereffective|p2a: Ting-Lu\n|-damage|p2a: Ting-Lu|53\/100\n|-damage|p2b: Dragonite|34\/100\n|move|p2a: Ting-Lu|Snarl|p1a: Gyarados|[spread] p1a,p1b\n|-damage|p1a: Gyarados|11\/100\n|-damage|p1b: Flutter Mane|91\/100\n|-unboost|p1a: Gyarados|spa|1\n|-unboost|p1b: Flutter Mane|spa|1\n|\n|upkeep\n|turn|7\n|inactive|ballin on deez has 30 seconds left.\n|inactive|General66 has 30 seconds left.\n|inactive|ballin on deez has 20 seconds left.\n|inactive|ballin on deez has 15 seconds left.\n|inactive|ballin on deez has 10 seconds left.\n|inactive|ballin on deez has 5 seconds left.\n|\n|t:|1682896329\n|move|p2b: Dragonite|Extreme Speed|p1a: Gyarados\n|-damage|p1a: Gyarados|0 fnt\n|faint|p1a: Gyarados\n|move|p1b: Flutter Mane|Dazzling Gleam|p2b: Dragonite|[spread] p2a,p2b\n|-supereffective|p2a: Ting-Lu\n|-damage|p2a: Ting-Lu|40\/100\n|-damage|p2b: Dragonite|20\/100\n|move|p2a: Ting-Lu|Stomping Tantrum|p1b: Flutter Mane\n|-supereffective|p1b: Flutter Mane\n|-damage|p1b: Flutter Mane|17\/100\n|\n|upkeep\n|\n|t:|1682896338\n|switch|p1a: Iron Bundle|Iron Bundle, L50|32\/100\n|turn|8\n|\n|t:|1682896347\n|move|p1a: Iron Bundle|Protect|p1a: Iron Bundle\n|-singleturn|p1a: Iron Bundle|Protect\n|move|p1b: Flutter Mane|Thunderbolt|p2b: Dragonite\n|-damage|p2b: Dragonite|5\/100\n|move|p2b: Dragonite|Tailwind|p2b: Dragonite\n|-sidestart|p2: General66|move: Tailwind\n|move|p2a: Ting-Lu|Stomping Tantrum|p1b: Flutter Mane\n|-supereffective|p1b: Flutter Mane\n|-damage|p1b: Flutter Mane|0 fnt\n|faint|p1b: Flutter Mane\n|-end|p1b: Flutter Mane|Protosynthesis|[silent]\n|\n|upkeep\n|turn|9\n|\n|t:|1682896364\n|move|p2b: Dragonite|Extreme Speed|p1a: Iron Bundle\n|-damage|p1a: Iron Bundle|0 fnt\n|faint|p1a: Iron Bundle\n|-end|p1a: Iron Bundle|Quark Drive|[silent]\n|\n|win|General66\n|raw|ballin on deez's rating: 1267 → 1237<\/strong> (-30 for losing)\n|raw|General66's rating: 1191 → 1221<\/strong> (+30 for winning)\n|l|\u2606ballin on deez\n|c|\u2606General66|gg\n","uploadtime":1682896414,"views":12,"p1id":"ballinondeez","p2id":"general66","formatid":"gen9vgc2023regulationc","rating":1221,"private":0,"password":""}