{"id":"gen9vgc2023regulationc-1845612421","p1":"MyAlt1911","p2":"MistressQueenM","format":"[Gen 9] VGC 2023 Regulation C","log":"|j|\u2606MyAlt1911\n|j|\u203dMistressQueenM\n|t:|1681749415\n|gametype|doubles\n|player|p1|MyAlt1911|clown|1314\n|player|p2|MistressQueenM|veteranf|1337\n|teamsize|p1|6\n|teamsize|p2|6\n|gen|9\n|tier|[Gen 9] VGC 2023 Regulation C\n|rated|\n|rule|Species Clause: Limit one of each Pok\u00e9mon\n|rule|Item Clause: Limit one of each item\n|clearpoke\n|poke|p1|Dondozo, L50, M|\n|poke|p1|Tatsugiri-Droopy, L50, M|\n|poke|p1|Pelipper, L50, M|\n|poke|p1|Drednaw, L50, M|\n|poke|p1|Dragonite, L50, M|\n|poke|p1|Chien-Pao, L50|\n|poke|p2|Wo-Chien, L50|\n|poke|p2|Torkoal, L50, M|\n|poke|p2|Garganacl, L50, M|\n|poke|p2|Great Tusk, L50|\n|poke|p2|Murkrow, L50, M|\n|poke|p2|Farigiraf, L50, M|\n|teampreview|4\n|inactive|Battle timer is ON: inactive players will automatically lose when time's up. (requested by MistressQueenM)\nMistressQueenM rejected open team sheets.\n|\n|t:|1681749437\n|start\n|switch|p1a: Pelipper|Pelipper, L50, M|100\/100\n|switch|p1b: Drednaw|Drednaw, L50, M|100\/100\n|switch|p2a: Murkrow|Murkrow, L50, M|100\/100\n|switch|p2b: Farigiraf|Farigiraf, L50, M|100\/100\n|-weather|RainDance|[from] ability: Drizzle|[of] p1a: Pelipper\n|turn|1\n|\n|t:|1681749450\n|move|p2a: Murkrow|Thunder Wave|p1b: Drednaw\n|-status|p1b: Drednaw|par\n|cant|p1b: Drednaw|par\n|move|p1a: Pelipper|Tailwind|p1a: Pelipper\n|-sidestart|p1: MyAlt1911|move: Tailwind\n|move|p2b: Farigiraf|Trick Room|p2b: Farigiraf\n|-fieldstart|move: Trick Room|[of] p2b: Farigiraf\n|\n|-weather|RainDance|[upkeep]\n|upkeep\n|turn|2\n|\n|t:|1681749473\n|move|p2a: Murkrow|Thunder Wave|p1a: Pelipper\n|-status|p1a: Pelipper|par\n|move|p2b: Farigiraf|Hyper Voice|p1a: Pelipper|[spread] p1a,p1b\n|-enditem|p2b: Farigiraf|Normal Gem|[from] gem\n|-resisted|p1b: Drednaw\n|-damage|p1a: Pelipper|53\/100 par\n|-damage|p1b: Drednaw|75\/100 par\n|move|p1a: Pelipper|Hurricane|p2b: Farigiraf\n|-damage|p2b: Farigiraf|63\/100\n|-start|p2b: Farigiraf|confusion\n|move|p1b: Drednaw|Rock Slide|p2b: Farigiraf|[spread] p2a,p2b\n|-supereffective|p2a: Murkrow\n|-damage|p2a: Murkrow|0 fnt\n|-damage|p2b: Farigiraf|13\/100\n|faint|p2a: Murkrow\n|\n|-weather|RainDance|[upkeep]\n|upkeep\n|\n|t:|1681749478\n|switch|p2a: Torkoal|Torkoal, L50, M, shiny|100\/100\n|-weather|SunnyDay|[from] ability: Drought|[of] p2a: Torkoal\n|turn|3\n|\n|t:|1681749493\n|move|p1a: Pelipper|Protect|p1a: Pelipper\n|-singleturn|p1a: Pelipper|Protect\n|move|p2a: Torkoal|Eruption|p1b: Drednaw|[spread] p1b\n|-activate|p1a: Pelipper|move: Protect\n|-resisted|p1b: Drednaw\n|-crit|p1b: Drednaw\n|-damage|p1b: Drednaw|31\/100 par\n|-activate|p2b: Farigiraf|confusion\n|move|p2b: Farigiraf|Foul Play|p1b: Drednaw\n|-damage|p1b: Drednaw|0 fnt\n|faint|p1b: Drednaw\n|\n|-weather|SunnyDay|[upkeep]\n|upkeep\n|\n|t:|1681749508\n|switch|p1b: Dondozo|Dondozo, L50, M|100\/100\n|turn|4\n|\n|t:|1681749517\n|switch|p1a: Tatsugiri|Tatsugiri-Droopy, L50, M, shiny|100\/100\n|-activate|p1a: Tatsugiri|ability: Commander|[of] p1b: Dondozo\n|-boost|p1b: Dondozo|atk|2\n|-boost|p1b: Dondozo|spa|2\n|-boost|p1b: Dondozo|spe|2\n|-boost|p1b: Dondozo|def|2\n|-boost|p1b: Dondozo|spd|2\n|-terastallize|p1b: Dondozo|Water\n|move|p2a: Torkoal|Clear Smog|p1b: Dondozo\n|-damage|p1b: Dondozo|92\/100\n|-clearboost|p1b: Dondozo\n|-end|p2b: Farigiraf|confusion\n|move|p2b: Farigiraf|Hyper Voice|p1b: Dondozo|[spread] p1b\n|-miss|p2b: Farigiraf|p1a: Tatsugiri\n|-damage|p1b: Dondozo|65\/100\n|move|p1b: Dondozo|Surf|p2a: Torkoal|[spread] p2a,p2b\n|-miss|p1b: Dondozo|p1a: Tatsugiri\n|-supereffective|p2a: Torkoal\n|-damage|p2a: Torkoal|53\/100\n|-damage|p2b: Farigiraf|0 fnt\n|faint|p2b: Farigiraf\n|-damage|p1b: Dondozo|55\/100|[from] item: Life Orb\n|\n|-weather|SunnyDay|[upkeep]\n|-sideend|p1: MyAlt1911|move: Tailwind\n|upkeep\n|\n|t:|1681749520\n|switch|p2b: Garganacl|Garganacl, L50, M, shiny|100\/100\n|turn|5\n|\n|t:|1681749530\n|move|p2b: Garganacl|Wide Guard|p2b: Garganacl\n|-singleturn|p2b: Garganacl|Wide Guard\n|move|p2a: Torkoal|Heat Wave|p1a: Tatsugiri|[spread] p1b\n|-miss|p2a: Torkoal|p1a: Tatsugiri\n|-resisted|p1b: Dondozo\n|-damage|p1b: Dondozo|25\/100\n|move|p1b: Dondozo|Surf|p2b: Garganacl|[spread] \n|-miss|p1b: Dondozo|p1a: Tatsugiri\n|-activate|p2a: Torkoal|move: Wide Guard\n|-activate|p2b: Garganacl|move: Wide Guard\n|\n|-weather|SunnyDay|[upkeep]\n|-fieldend|move: Trick Room\n|upkeep\n|turn|6\n|\n|t:|1681749542\n|-terastallize|p2b: Garganacl|Flying\n|move|p2a: Torkoal|Protect|p2a: Torkoal\n|-singleturn|p2a: Torkoal|Protect\n|move|p1b: Dondozo|Wave Crash|p2a: Torkoal\n|-activate|p2a: Torkoal|move: Protect\n|move|p2b: Garganacl|Iron Defense|p2b: Garganacl\n|-boost|p2b: Garganacl|def|2\n|\n|-weather|SunnyDay|[upkeep]\n|upkeep\n|turn|7\n|\n|t:|1681749550\n|move|p1b: Dondozo|Wave Crash|p2a: Torkoal\n|-supereffective|p2a: Torkoal\n|-damage|p2a: Torkoal|3\/100\n|-damage|p1b: Dondozo|12\/100|[from] Recoil\n|-damage|p1b: Dondozo|3\/100|[from] item: Life Orb\n|move|p2b: Garganacl|Salt Cure|p1b: Dondozo\n|-crit|p1b: Dondozo\n|-damage|p1b: Dondozo|0 fnt\n|faint|p1b: Dondozo\n|move|p2a: Torkoal|Heat Wave|p1a: Tatsugiri\n|-resisted|p1a: Tatsugiri\n|-damage|p1a: Tatsugiri|75\/100\n|\n|-weather|none\n|upkeep\n|\n|t:|1681749552\n|switch|p1b: Pelipper|Pelipper, L50, M|53\/100 par\n|-weather|RainDance|[from] ability: Drizzle|[of] p1b: Pelipper\n|turn|8\n|\n|t:|1681749566\n|move|p2a: Torkoal|Protect|p2a: Torkoal\n|-singleturn|p2a: Torkoal|Protect\n|move|p1a: Tatsugiri|Muddy Water|p2a: Torkoal|[spread] \n|-activate|p2a: Torkoal|move: Protect\n|-miss|p1a: Tatsugiri|p2b: Garganacl\n|move|p2b: Garganacl|Salt Cure|p1a: Tatsugiri\n|-damage|p1a: Tatsugiri|48\/100\n|-start|p1a: Tatsugiri|Salt Cure\n|move|p1b: Pelipper|Hydro Pump|p2b: Garganacl\n|-damage|p2b: Garganacl|48\/100\n|\n|-weather|RainDance|[upkeep]\n|-heal|p2b: Garganacl|54\/100|[from] item: Leftovers\n|-damage|p1a: Tatsugiri|23\/100|[from] Salt Cure\n|upkeep\n|turn|9\n|\n|t:|1681749578\n|move|p2b: Garganacl|Wide Guard|p2b: Garganacl\n|-singleturn|p2b: Garganacl|Wide Guard\n|move|p1a: Tatsugiri|Muddy Water|p2b: Garganacl|[spread] \n|-activate|p2a: Torkoal|move: Wide Guard\n|-activate|p2b: Garganacl|move: Wide Guard\n|move|p1b: Pelipper|Hydro Pump|p2a: Torkoal\n|-supereffective|p2a: Torkoal\n|-damage|p2a: Torkoal|0 fnt\n|faint|p2a: Torkoal\n|\n|-weather|RainDance|[upkeep]\n|-heal|p2b: Garganacl|60\/100|[from] item: Leftovers\n|-damage|p1a: Tatsugiri|0 fnt|[from] Salt Cure\n|faint|p1a: Tatsugiri\n|upkeep\n|turn|10\n|\n|t:|1681749593\n|move|p2b: Garganacl|Salt Cure|p1b: Pelipper\n|-supereffective|p1b: Pelipper\n|-damage|p1b: Pelipper|21\/100 par\n|-start|p1b: Pelipper|Salt Cure\n|move|p1b: Pelipper|Hydro Pump|p2b: Garganacl\n|-damage|p2b: Garganacl|7\/100\n|\n|-weather|RainDance|[upkeep]\n|-heal|p2b: Garganacl|13\/100|[from] item: Leftovers\n|-damage|p1b: Pelipper|0 fnt|[from] Salt Cure\n|faint|p1b: Pelipper\n|\n|win|MistressQueenM\n|upkeep\n|raw|MyAlt1911's rating: 1314 → 1295<\/strong> (-19 for losing)\n|raw|MistressQueenM's rating: 1337 → 1356<\/strong> (+19 for winning)\n","uploadtime":1681749600,"views":12,"p1id":"myalt1911","p2id":"mistressqueenm","formatid":"gen9vgc2023regulationc","rating":1295,"private":0,"password":""}