{"id":"gen9vgc2023regulationc-1845901883","p1":"shaboogles","p2":"Flutter Higher","format":"[Gen 9] VGC 2023 Regulation C","log":"|j|\u2606shaboogles\n|j|\u2606Flutter Higher\n|t:|1681777250\n|gametype|doubles\n|player|p1|shaboogles|skyla|1236\n|player|p2|Flutter Higher|mina|1149\n|teamsize|p1|6\n|teamsize|p2|6\n|gen|9\n|tier|[Gen 9] VGC 2023 Regulation C\n|rated|\n|rule|Species Clause: Limit one of each Pok\u00e9mon\n|rule|Item Clause: Limit one of each item\n|clearpoke\n|poke|p1|Torkoal, L50, F|\n|poke|p1|Gholdengo, L50|\n|poke|p1|Gyarados, L50, F|\n|poke|p1|Jumpluff, L50, M|\n|poke|p1|Flutter Mane, L50|\n|poke|p1|Great Tusk, L50|\n|poke|p2|Floatzel, L50, F|\n|poke|p2|Pelipper, L50, M|\n|poke|p2|Iron Hands, L50|\n|poke|p2|Chien-Pao, L50|\n|poke|p2|Flutter Mane, L50|\n|poke|p2|Amoonguss, L50, M|\n|teampreview|4\n|inactive|Battle timer is ON: inactive players will automatically lose when time's up. (requested by Flutter Higher)\n|\n|t:|1681777278\n|start\n|switch|p1a: Jumpluff|Jumpluff, L50, M, shiny|100\/100\n|switch|p1b: Torkoal|Torkoal, L50, F|100\/100\n|switch|p2a: Chien-Pao|Chien-Pao, L50|100\/100\n|switch|p2b: Flutter Mane|Flutter Mane, L50|100\/100\n|-ability|p2a: Chien-Pao|Sword of Ruin\n|-weather|SunnyDay|[from] ability: Drought|[of] p1b: Torkoal\n|-activate|p2b: Flutter Mane|ability: Protosynthesis\n|-start|p2b: Flutter Mane|protosynthesisspe\n|turn|1\n|\n|t:|1681777297\n|-end|p2b: Flutter Mane|Protosynthesis|[silent]\n|switch|p2b: Pelipper|Pelipper, L50, M|100\/100\n|-weather|RainDance|[from] ability: Drizzle|[of] p2b: Pelipper\n|-terastallize|p1a: Jumpluff|Water\n|move|p2a: Chien-Pao|Ice Spinner|p1a: Jumpluff\n|-resisted|p1a: Jumpluff\n|-damage|p1a: Jumpluff|68\/100\n|move|p1a: Jumpluff|Sleep Powder|p2b: Pelipper\n|-status|p2b: Pelipper|slp|[from] move: Sleep Powder\n|move|p1b: Torkoal|Overheat|p2a: Chien-Pao\n|-supereffective|p2a: Chien-Pao\n|-damage|p2a: Chien-Pao|39\/100\n|-unboost|p1b: Torkoal|spa|2\n|-enditem|p1b: Torkoal|Eject Pack\n|\n|t:|1681777321\n|switch|p1b: Great Tusk|Great Tusk, L50|100\/100\n|\n|-weather|RainDance|[upkeep]\n|upkeep\n|turn|2\n|\n|t:|1681777334\n|move|p2a: Chien-Pao|Protect|p2a: Chien-Pao\n|-singleturn|p2a: Chien-Pao|Protect\n|move|p1a: Jumpluff|Rage Powder|p1a: Jumpluff\n|-singleturn|p1a: Jumpluff|move: Rage Powder\n|move|p1b: Great Tusk|Rock Slide|p2a: Chien-Pao|[spread] p2b\n|-activate|p2a: Chien-Pao|move: Protect\n|-supereffective|p2b: Pelipper\n|-damage|p2b: Pelipper|13\/100 slp\n|cant|p2b: Pelipper|slp\n|\n|-weather|RainDance|[upkeep]\n|upkeep\n|turn|3\n|\n|t:|1681777348\n|move|p2a: Chien-Pao|Ice Spinner|p1b: Great Tusk\n|-supereffective|p1b: Great Tusk\n|-damage|p1b: Great Tusk|22\/100\n|move|p1a: Jumpluff|Tailwind|p1a: Jumpluff\n|-sidestart|p1: shaboogles|move: Tailwind\n|move|p1b: Great Tusk|Rock Slide|p2a: Chien-Pao|[spread] p2a,p2b\n|-supereffective|p2a: Chien-Pao\n|-supereffective|p2b: Pelipper\n|-damage|p2a: Chien-Pao|0 fnt\n|-damage|p2b: Pelipper|0 fnt\n|faint|p2a: Chien-Pao\n|faint|p2b: Pelipper\n|\n|-weather|RainDance|[upkeep]\n|upkeep\n|\n|t:|1681777353\n|switch|p2a: Flutter Mane|Flutter Mane, L50|100\/100\n|switch|p2b: Palafin (real)|Floatzel, L50, F|100\/100\n|-enditem|p2a: Flutter Mane|Booster Energy\n|-activate|p2a: Flutter Mane|ability: Protosynthesis|[fromitem]\n|-start|p2a: Flutter Mane|protosynthesisspe\n|turn|4\n|\n|t:|1681777364\n|-terastallize|p2b: Palafin (real)|Water\n|move|p1a: Jumpluff|Pollen Puff|p1b: Great Tusk\n|-heal|p1b: Great Tusk|72\/100\n|move|p2b: Palafin (real)|Wave Crash|p1b: Great Tusk\n|-supereffective|p1b: Great Tusk\n|-damage|p1b: Great Tusk|0 fnt\n|faint|p1b: Great Tusk\n|-end|p1b: Great Tusk|Protosynthesis|[silent]\n|-damage|p2b: Palafin (real)|72\/100|[from] Recoil\n|move|p2a: Flutter Mane|Moonblast|p1a: Jumpluff\n|-damage|p1a: Jumpluff|12\/100\n|\n|-weather|RainDance|[upkeep]\n|upkeep\n|\n|t:|1681777376\n|switch|p1b: Torkoal|Torkoal, L50, F|100\/100\n|-weather|SunnyDay|[from] ability: Drought|[of] p1b: Torkoal\n|turn|5\n|\n|t:|1681777387\n|move|p1b: Torkoal|Protect|p1b: Torkoal\n|-singleturn|p1b: Torkoal|Protect\n|move|p2b: Palafin (real)|Aqua Jet|p1a: Jumpluff\n|-resisted|p1a: Jumpluff\n|-damage|p1a: Jumpluff|3\/100\n|move|p1a: Jumpluff|Sleep Powder|p2a: Flutter Mane|[miss]\n|-miss|p1a: Jumpluff|p2a: Flutter Mane\n|move|p2a: Flutter Mane|Power Gem|p1b: Torkoal\n|-activate|p1b: Torkoal|move: Protect\n|\n|-weather|SunnyDay|[upkeep]\n|upkeep\n|turn|6\n|inactive|shaboogles has 30 seconds left.\n|\n|t:|1681777413\n|move|p2b: Palafin (real)|Aqua Jet|p1a: Jumpluff\n|-resisted|p1a: Jumpluff\n|-damage|p1a: Jumpluff|0 fnt\n|faint|p1a: Jumpluff\n|move|p2a: Flutter Mane|Power Gem|p1b: Torkoal\n|-supereffective|p1b: Torkoal\n|-damage|p1b: Torkoal|47\/100\n|move|p1b: Torkoal|Yawn|p2a: Flutter Mane\n|-start|p2a: Flutter Mane|move: Yawn|[of] p1b: Torkoal\n|\n|-weather|SunnyDay|[upkeep]\n|-sideend|p1: shaboogles|move: Tailwind\n|upkeep\n|\n|t:|1681777415\n|switch|p1a: Flutter Mane|Flutter Mane, L50|100\/100\n|-activate|p1a: Flutter Mane|ability: Protosynthesis\n|-start|p1a: Flutter Mane|protosynthesisspe\n|turn|7\n|\n|t:|1681777437\n|move|p1b: Torkoal|Protect|p1b: Torkoal\n|-singleturn|p1b: Torkoal|Protect\n|move|p2a: Flutter Mane|Power Gem|p1b: Torkoal\n|-activate|p1b: Torkoal|move: Protect\n|move|p1a: Flutter Mane|Thunderbolt|p2b: Palafin (real)\n|-supereffective|p2b: Palafin (real)\n|-damage|p2b: Palafin (real)|0 fnt\n|faint|p2b: Palafin (real)\n|\n|-weather|SunnyDay|[upkeep]\n|-end|p2a: Flutter Mane|move: Yawn|[silent]\n|-status|p2a: Flutter Mane|slp\n|upkeep\n|turn|8\n|-message|Flutter Higher forfeited.\n|\n|win|shaboogles\n|raw|shaboogles's rating: 1236 → 1255<\/strong> (+19 for winning)\n|raw|Flutter Higher's rating: 1149 → 1130<\/strong> (-19 for losing)\n|l|\u2606Flutter Higher\n","uploadtime":1681777459,"views":5,"p1id":"shaboogles","p2id":"flutterhigher","formatid":"gen9vgc2023regulationc","rating":1130,"private":0,"password":""}