{"id":"gen9vgc2023regulationc-1862925495","p1":"Frozen_ATM","p2":"WaffleMoo","format":"[Gen 9] VGC 2023 Regulation C","log":"|j|\u2606Frozen_ATM\n|j|\u2606WaffleMoo\n|t:|1683939265\n|gametype|doubles\n|player|p1|Frozen_ATM|boarder|\n|player|p2|WaffleMoo|riley|\n|teamsize|p1|6\n|teamsize|p2|6\n|gen|9\n|tier|[Gen 9] VGC 2023 Regulation C\n|rule|Species Clause: Limit one of each Pok\u00e9mon\n|rule|Item Clause: Limit one of each item\n|clearpoke\n|poke|p1|Iron Bundle, L50|\n|poke|p1|Bellibolt, L50, M|\n|poke|p1|Toxicroak, L50, F|\n|poke|p1|Pyroar, L50, F|\n|poke|p1|Kingambit, L50, M|\n|poke|p1|Rotom-Fan, L50|\n|poke|p2|Palafin, L50, F|\n|poke|p2|Salamence, L50, F|\n|poke|p2|Tinkaton, L50, F|\n|poke|p2|Pelipper, L50, F|\n|poke|p2|Raichu, L50, M|\n|poke|p2|Florges, L50, F|\n|teampreview|4\n|c|\u2606WaffleMoo|G2\n|c|\u2606Frozen_ATM|G2\n|j| thefriending\n|j| GuardianofL1ght\n|j| Memebasedgod\n|j| Toronto 6ix\n|c|\u2606WaffleMoo|Glhf\n|c|\u2606Frozen_ATM|glhf\n|\n|t:|1683939713\n|start\n|switch|p1a: Toxicroak|Toxicroak, L50, F|100\/100\n|switch|p1b: Kingambit|Kingambit, L50, M|100\/100\n|switch|p2a: Salamence|Salamence, L50, F, shiny|100\/100\n|switch|p2b: Palafin|Palafin, L50, F|100\/100\n|-ability|p2a: Salamence|Intimidate|boost\n|-unboost|p1a: Toxicroak|atk|1\n|-unboost|p1b: Kingambit|atk|1\n|-ability|p1b: Kingambit|Defiant|boost\n|-boost|p1b: Kingambit|atk|2\n|turn|1\n|j| noahthenumbat\n|\n|t:|1683939762\n|detailschange|p2b: Palafin|Palafin-Hero, L50, F\n|switch|p2b: Pelipper|Pelipper, L50, F|100\/100\n|-weather|RainDance|[from] ability: Drizzle|[of] p2b: Pelipper\n|-terastallize|p2a: Salamence|Electric\n|-terastallize|p1b: Kingambit|Dark\n|move|p1a: Toxicroak|Fake Out|p2a: Salamence\n|-damage|p2a: Salamence|91\/100\n|cant|p2a: Salamence|flinch\n|move|p1b: Kingambit|Kowtow Cleave|p2a: Salamence\n|-damage|p2a: Salamence|0 fnt\n|faint|p2a: Salamence\n|\n|-weather|RainDance|[upkeep]\n|upkeep\n|c| noahthenumbat|s m oo\n|\n|t:|1683939786\n|switch|p2a: Palafin|Palafin-Hero, L50, F|100\/100\n|-activate|p2a: Palafin|ability: Zero to Hero\n|turn|2\n|\n|t:|1683939803\n|switch|p1a: Bellibolt|Bellibolt, L50, M|100\/100\n|move|p1b: Kingambit|Sucker Punch|p2a: Palafin\n|-damage|p2a: Palafin|13\/100\n|move|p2a: Palafin|Close Combat|p1b: Kingambit\n|-supereffective|p1b: Kingambit\n|-damage|p1b: Kingambit|23\/100\n|-unboost|p2a: Palafin|def|1\n|-unboost|p2a: Palafin|spd|1\n|move|p2b: Pelipper|Hurricane|p1a: Bellibolt\n|-resisted|p1a: Bellibolt\n|-damage|p1a: Bellibolt|82\/100\n|-start|p1a: Bellibolt|Charge|Hurricane|[from] ability: Electromorphosis\n|\n|-weather|RainDance|[upkeep]\n|-heal|p1b: Kingambit|29\/100|[from] item: Leftovers\n|upkeep\n|turn|3\n|\n|t:|1683939831\n|move|p2a: Palafin|Protect|p2a: Palafin\n|-singleturn|p2a: Palafin|Protect\n|move|p1b: Kingambit|Protect|p1b: Kingambit\n|-singleturn|p1b: Kingambit|Protect\n|move|p2b: Pelipper|Hurricane|p1b: Kingambit\n|-activate|p1b: Kingambit|move: Protect\n|move|p1a: Bellibolt|Discharge|p2b: Pelipper|[spread] p2b\n|-activate|p1b: Kingambit|move: Protect\n|-activate|p2a: Palafin|move: Protect\n|-supereffective|p2b: Pelipper\n|-enditem|p2b: Pelipper|Wacan Berry|[eat]\n|-enditem|p2b: Pelipper|Wacan Berry|[weaken]\n|-damage|p2b: Pelipper|0 fnt\n|faint|p2b: Pelipper\n|-end|p1a: Bellibolt|Charge|[silent]\n|\n|-weather|RainDance|[upkeep]\n|-heal|p1b: Kingambit|35\/100|[from] item: Leftovers\n|upkeep\n|\n|t:|1683939837\n|switch|p2b: Tinkaton|Tinkaton, L50, F, shiny|100\/100\n|-ability|p2b: Tinkaton|Mold Breaker\n|turn|4\n|c|\u2606WaffleMoo|Ggs frozen\n|\n|t:|1683939867\n|move|p2b: Tinkaton|Fake Out|p1a: Bellibolt\n|-damage|p1a: Bellibolt|77\/100\n|-start|p1a: Bellibolt|Charge|Fake Out|[from] ability: Electromorphosis\n|move|p1b: Kingambit|Sucker Punch|p2a: Palafin\n|-damage|p2a: Palafin|0 fnt\n|faint|p2a: Palafin\n|cant|p1a: Bellibolt|flinch\n|-end|p1a: Bellibolt|Charge|[silent]\n|\n|-weather|RainDance|[upkeep]\n|-heal|p1b: Kingambit|41\/100|[from] item: Leftovers\n|upkeep\n|turn|5\n|l| Toronto 6ix\n|c|\u2606Frozen_ATM|gg\n|l| thefriending\n|\n|t:|1683939879\n|move|p1b: Kingambit|Protect|p1b: Kingambit\n|-singleturn|p1b: Kingambit|Protect\n|move|p2b: Tinkaton|Gigaton Hammer|p1a: Bellibolt\n|-resisted|p1a: Bellibolt\n|-damage|p1a: Bellibolt|63\/100\n|-start|p1a: Bellibolt|Charge|Gigaton Hammer|[from] ability: Electromorphosis\n|move|p1a: Bellibolt|Discharge|p2b: Tinkaton|[spread] p2b\n|-activate|p1b: Kingambit|move: Protect\n|-damage|p2b: Tinkaton|66\/100\n|-end|p1a: Bellibolt|Charge|[silent]\n|\n|-weather|none\n|-heal|p1b: Kingambit|46\/100|[from] item: Leftovers\n|upkeep\n|turn|6\n|l| noahthenumbat\n|\n|t:|1683939895\n|move|p2b: Tinkaton|Knock Off|p1a: Bellibolt\n|-damage|p1a: Bellibolt|51\/100\n|-start|p1a: Bellibolt|Charge|Knock Off|[from] ability: Electromorphosis\n|-enditem|p1a: Bellibolt|Magnet|[from] move: Knock Off|[of] p2b: Tinkaton\n|move|p1b: Kingambit|Iron Head|p2b: Tinkaton\n|-damage|p2b: Tinkaton|0 fnt\n|faint|p2b: Tinkaton\n|\n|win|Frozen_ATM\n","uploadtime":1683939925,"views":7,"p1id":"frozenatm","p2id":"wafflemoo","formatid":"gen9vgc2023regulationc","rating":0,"private":0,"password":""}