{"id":"gen9vgc2023regulationc-1862236875","p1":"Aliva1","p2":"stack of pancake","format":"[Gen 9] VGC 2023 Regulation C","log":"|j|\u2606Aliva1\n|j|\u2606stack of pancake\n|t:|1683853266\n|gametype|doubles\n|player|p1|Aliva1|lance|1154\n|player|p2|stack of pancake|steven|1130\n|teamsize|p1|6\n|teamsize|p2|6\n|gen|9\n|tier|[Gen 9] VGC 2023 Regulation C\n|rated|\n|rule|Species Clause: Limit one of each Pok\u00e9mon\n|rule|Item Clause: Limit one of each item\n|clearpoke\n|poke|p1|Kilowattrel, L50, M|\n|poke|p1|Pincurchin, L50, M|\n|poke|p1|Iron Hands, L50|\n|poke|p1|Sandy Shocks, L50|\n|poke|p1|Eelektross, L50, M|\n|poke|p1|Rotom-Wash, L50|\n|poke|p2|Murkrow, L50, F|\n|poke|p2|Flutter Mane, L50|\n|poke|p2|Great Tusk, L50|\n|poke|p2|Amoonguss, L50, F|\n|poke|p2|Kingambit, L50, M|\n|poke|p2|Chien-Pao, L50|\n|teampreview|4\nstack of pancake has agreed to open team sheets.\n|inactive|Battle timer is ON: inactive players will automatically lose when time's up. (requested by Aliva1)\n|\n|t:|1683853310\n|start\n|switch|p1a: Kilowattrel|Kilowattrel, L50, M|100\/100\n|switch|p1b: Pincurchin|Pincurchin, L50, M|100\/100\n|switch|p2a: Flutter Mane|Flutter Mane, L50|100\/100\n|switch|p2b: Murkrow|Murkrow, L50, F|100\/100\n|-fieldstart|move: Electric Terrain|[from] ability: Electric Surge|[of] p1b: Pincurchin\n|turn|1\n|\n|t:|1683853331\n|-terastallize|p2a: Flutter Mane|Fairy\n|move|p2b: Murkrow|Sunny Day|p2b: Murkrow\n|-weather|SunnyDay\n|-activate|p2a: Flutter Mane|ability: Protosynthesis\n|-start|p2a: Flutter Mane|protosynthesisspa\n|move|p1a: Kilowattrel|Hurricane|p2a: Flutter Mane|[miss]\n|-miss|p1a: Kilowattrel|p2a: Flutter Mane\n|move|p2a: Flutter Mane|Dazzling Gleam|p1b: Pincurchin|[spread] p1a,p1b\n|-enditem|p1a: Kilowattrel|Focus Sash\n|-damage|p1a: Kilowattrel|1\/100\n|-damage|p1b: Pincurchin|0 fnt\n|faint|p1b: Pincurchin\n|\n|-weather|SunnyDay|[upkeep]\n|upkeep\n|\n|t:|1683853350\n|switch|p1b: Sandy Shocks|Sandy Shocks, L50|100\/100\n|-activate|p1b: Sandy Shocks|ability: Protosynthesis\n|-start|p1b: Sandy Shocks|protosynthesisspe\n|turn|2\n|\n|t:|1683853365\n|move|p2b: Murkrow|Tailwind|p2b: Murkrow\n|-sidestart|p2: stack of pancake|move: Tailwind\n|move|p2a: Flutter Mane|Dazzling Gleam|p1b: Sandy Shocks|[spread] p1a,p1b\n|-damage|p1a: Kilowattrel|0 fnt\n|-damage|p1b: Sandy Shocks|11\/100\n|faint|p1a: Kilowattrel\n|move|p1b: Sandy Shocks|Thunderbolt|p2a: Flutter Mane\n|-damage|p2a: Flutter Mane|49\/100\n|\n|-weather|SunnyDay|[upkeep]\n|upkeep\n|\n|t:|1683853374\n|switch|p1a: Iron Hands|Iron Hands, L50|100\/100\n|-activate|p1a: Iron Hands|ability: Quark Drive\n|-start|p1a: Iron Hands|quarkdriveatk\n|turn|3\n|\n|t:|1683853387\n|-end|p2a: Flutter Mane|Protosynthesis|[silent]\n|switch|p2a: Great Tusk|Great Tusk, L50|100\/100\n|-activate|p2a: Great Tusk|ability: Protosynthesis\n|-start|p2a: Great Tusk|protosynthesisatk\n|-terastallize|p1a: Iron Hands|Flying\n|move|p2b: Murkrow|Brave Bird|p1b: Sandy Shocks\n|-resisted|p1b: Sandy Shocks\n|-damage|p1b: Sandy Shocks|0 fnt\n|faint|p1b: Sandy Shocks\n|-end|p1b: Sandy Shocks|Protosynthesis|[silent]\n|-damage|p2b: Murkrow|96\/100|[from] Recoil\n|move|p1a: Iron Hands|Wild Charge|p2a: Great Tusk\n|-immune|p2a: Great Tusk\n|\n|-weather|SunnyDay|[upkeep]\n|upkeep\n|turn|4\n|inactive|Aliva1 has 30 seconds left.\n|inactive|stack of pancake has 30 seconds left.\n|\n|t:|1683853415\n|move|p2a: Great Tusk|Rock Slide|p1a: Iron Hands\n|-supereffective|p1a: Iron Hands\n|-damage|p1a: Iron Hands|52\/100\n|move|p2b: Murkrow|Brave Bird|p1a: Iron Hands\n|-damage|p1a: Iron Hands|23\/100\n|-enditem|p1a: Iron Hands|Sitrus Berry|[eat]\n|-heal|p1a: Iron Hands|48\/100|[from] item: Sitrus Berry\n|-damage|p2b: Murkrow|78\/100|[from] Recoil\n|cant|p1a: Iron Hands|flinch\n|\n|-weather|SunnyDay|[upkeep]\n|upkeep\n|turn|5\n|-message|Aliva1 forfeited.\n|\n|win|stack of pancake\n|raw|Aliva1's rating: 1154 → 1127<\/strong> (-27 for losing)\n|raw|stack of pancake's rating: 1130 → 1157<\/strong> (+27 for winning)\n|l|\u2606Aliva1\n","uploadtime":1683853431,"views":9,"p1id":"aliva1","p2id":"stackofpancake","formatid":"gen9vgc2023regulationc","rating":1127,"private":0,"password":""}