{"id":"gen9vgc2023regulationc-1854308370","p1":"ChorusFruitFarmer","p2":"MAJOLION","format":"[Gen 9] VGC 2023 Regulation C","log":"|j|\u2606ChorusFruitFarmer\n|j|\u2606MAJOLION\n|t:|1682795260\n|gametype|doubles\n|player|p1|ChorusFruitFarmer|penny|1000\n|player|p2|MAJOLION|170|1018\n|teamsize|p1|6\n|teamsize|p2|6\n|gen|9\n|tier|[Gen 9] VGC 2023 Regulation C\n|rated|\n|rule|Species Clause: Limit one of each Pok\u00e9mon\n|rule|Item Clause: Limit one of each item\n|clearpoke\n|poke|p1|Roaring Moon, L50|\n|poke|p1|Kilowattrel, L50, F|\n|poke|p1|Amoonguss, L50, F|\n|poke|p1|Arcanine, L50, F|\n|poke|p1|Iron Hands, L50|\n|poke|p1|Clawitzer, L50, F|\n|poke|p2|Palafin, L50, M|\n|poke|p2|Amoonguss, L50, M|\n|poke|p2|Arcanine, L50, M|\n|poke|p2|Flutter Mane, L50|\n|poke|p2|Ting-Lu, L50|\n|poke|p2|Torkoal, L50, F|\n|teampreview|4\n|inactive|Battle timer is ON: inactive players will automatically lose when time's up. (requested by ChorusFruitFarmer)\n|\n|t:|1682795273\n|start\n|switch|p1a: Bloodmoon|Roaring Moon, L50|100\/100\n|switch|p1b: Goose|Kilowattrel, L50, F, shiny|100\/100\n|switch|p2a: Ting-Lu|Ting-Lu, L50|100\/100\n|switch|p2b: Amoonguss|Amoonguss, L50, M|100\/100\n|-ability|p2a: Ting-Lu|Vessel of Ruin\n|-enditem|p1a: Bloodmoon|Booster Energy\n|-activate|p1a: Bloodmoon|ability: Protosynthesis|[fromitem]\n|-start|p1a: Bloodmoon|protosynthesisspe\n|turn|1\n|\n|t:|1682795281\n|move|p1a: Bloodmoon|Tailwind|p1a: Bloodmoon\n|-sidestart|p1: ChorusFruitFarmer|move: Tailwind\n|-start|p1b: Goose|Charge|Tailwind|[from] ability: Wind Power\n|move|p1b: Goose|Hurricane|p2b: Amoonguss\n|-supereffective|p2b: Amoonguss\n|-damage|p2b: Amoonguss|11\/100\n|-start|p2b: Amoonguss|confusion\n|-enditem|p2b: Amoonguss|Sitrus Berry|[eat]\n|-heal|p2b: Amoonguss|36\/100|[from] item: Sitrus Berry\n|-damage|p1b: Goose|91\/100|[from] item: Life Orb\n|move|p2a: Ting-Lu|Fissure|p1a: Bloodmoon|[miss]\n|-miss|p2a: Ting-Lu|p1a: Bloodmoon\n|-activate|p2b: Amoonguss|confusion\n|move|p2b: Amoonguss|Sludge Bomb|p1b: Goose\n|-damage|p1b: Goose|46\/100\n|\n|upkeep\n|turn|2\n|c|\u2606ChorusFruitFarmer|Good luck, have fun.\n|\n|t:|1682795305\n|-activate|p2b: Amoonguss|confusion\n|-damage|p2b: Amoonguss|29\/100|[from] confusion\n|move|p1a: Bloodmoon|Iron Head|p2a: Ting-Lu\n|-damage|p2a: Ting-Lu|84\/100\n|move|p1b: Goose|Hurricane|p2b: Amoonguss|[miss]\n|-miss|p1b: Goose|p2b: Amoonguss\n|cant|p2a: Ting-Lu|flinch\n|\n|upkeep\n|turn|3\n|\n|t:|1682795317\n|-activate|p2b: Amoonguss|confusion\n|-damage|p2b: Amoonguss|22\/100|[from] confusion\n|move|p1a: Bloodmoon|Iron Head|p2a: Ting-Lu\n|-damage|p2a: Ting-Lu|66\/100\n|move|p1b: Goose|Hurricane|p2b: Amoonguss|[miss]\n|-miss|p1b: Goose|p2b: Amoonguss\n|move|p2a: Ting-Lu|Fissure|p1a: Bloodmoon|[miss]\n|-miss|p2a: Ting-Lu|p1a: Bloodmoon\n|\n|upkeep\n|turn|4\n|\n|t:|1682795324\n|move|p1a: Bloodmoon|Iron Head|p2a: Ting-Lu\n|-damage|p2a: Ting-Lu|48\/100\n|move|p1b: Goose|Hurricane|p2b: Amoonguss|[miss]\n|-miss|p1b: Goose|p2b: Amoonguss\n|move|p2a: Ting-Lu|Stomping Tantrum|p1a: Bloodmoon\n|-damage|p1a: Bloodmoon|15\/100\n|-end|p2b: Amoonguss|confusion\n|move|p2b: Amoonguss|Sludge Bomb|p1b: Goose\n|-damage|p1b: Goose|1\/100\n|-status|p1b: Goose|psn\n|\n|-damage|p1b: Goose|0 fnt|[from] psn\n|faint|p1b: Goose\n|-sideend|p1: ChorusFruitFarmer|move: Tailwind\n|upkeep\n|\n|t:|1682795335\n|switch|p1b: Niceman|Iron Hands, L50|100\/100\n|turn|5\n|inactive|ChorusFruitFarmer has 30 seconds left.\n|\n|t:|1682795361\n|move|p1a: Bloodmoon|Jaw Lock|p2b: Amoonguss\n|-damage|p2b: Amoonguss|0 fnt\n|faint|p2b: Amoonguss\n|move|p2a: Ting-Lu|Fissure|p1b: Niceman|[miss]\n|-miss|p2a: Ting-Lu|p1b: Niceman\n|move|p1b: Niceman|Drain Punch|p2a: Ting-Lu\n|-supereffective|p2a: Ting-Lu\n|-damage|p2a: Ting-Lu|0 fnt\n|faint|p2a: Ting-Lu\n|\n|upkeep\n|c|\u2606ChorusFruitFarmer|G.g.w p.\n|c|\u2606ChorusFruitFarmer|Actually, not yet. My fault.\n|inactive|MAJOLION has 30 seconds left.\n|inactive|MAJOLION has 20 seconds left.\n|inactive|MAJOLION has 15 seconds left.\n|inactive|MAJOLION has 10 seconds left.\n|\n|t:|1682795407\n|switch|p2a: Torkoal|Torkoal, L50, F|100\/100\n|switch|p2b: Palafin|Palafin, L50, M|100\/100\n|-weather|SunnyDay|[from] ability: Drought|[of] p2a: Torkoal\n|turn|6\n|\n|t:|1682795417\n|-terastallize|p2a: Torkoal|Flying\n|move|p1a: Bloodmoon|Tailwind|p1a: Bloodmoon\n|-sidestart|p1: ChorusFruitFarmer|move: Tailwind\n|move|p2b: Palafin|Boomburst|p1b: Niceman|[spread] p2a,p1a,p1b\n|-damage|p2a: Torkoal|79\/100\n|-damage|p1a: Bloodmoon|0 fnt\n|-damage|p1b: Niceman|87\/100\n|faint|p1a: Bloodmoon\n|-end|p1a: Bloodmoon|Protosynthesis|[silent]\n|-enditem|p2b: Palafin|Throat Spray\n|-boost|p2b: Palafin|spa|1|[from] item: Throat Spray\n|move|p1b: Niceman|Thunder Punch|p2b: Palafin\n|-supereffective|p2b: Palafin\n|-damage|p2b: Palafin|0 fnt\n|faint|p2b: Palafin\n|move|p2a: Torkoal|Overheat|p1b: Niceman\n|-damage|p1b: Niceman|51\/100\n|-unboost|p2a: Torkoal|spa|2\n|\n|-weather|SunnyDay|[upkeep]\n|upkeep\n|\n|t:|1682795430\n|switch|p1a: AmberGoop|Amoonguss, L50, F, shiny|100\/100\n|turn|7\n|c|\u2606ChorusFruitFarmer|Nah, g.g.w.p.\n|l|\u2606MAJOLION\n|inactive|MAJOLION disconnected and has a minute to reconnect!\n|player|p2|\n|c|\u2606ChorusFruitFarmer|Interesting tech.\n|inactive|MAJOLION has 30 seconds left.\n|inactive|MAJOLION has 20 seconds left.\n|inactive|MAJOLION has 15 seconds left.\n|inactive|MAJOLION has 10 seconds left.\n|inactive|MAJOLION has 5 seconds left.\n|-message|MAJOLION lost due to inactivity.\n|\n|win|ChorusFruitFarmer\n|raw|ChorusFruitFarmer's rating: 1000 → 1042<\/strong> (+42 for winning)\n|raw|MAJOLION's rating: 1018 → 1005<\/strong> (-13 for losing)\n","uploadtime":1682795495,"views":14,"p1id":"chorusfruitfarmer","p2id":"majolion","formatid":"gen9vgc2023regulationc","rating":1005,"private":0,"password":""}