{"id":"gen9vgc2023regulationc-1860757505","p1":"RushXCalibur","p2":"aoelusvgc","format":"[Gen 9] VGC 2023 Regulation C","log":"|j|\u2606RushXCalibur\n|j|\u2606aoelusvgc\n|t:|1683674233\n|gametype|doubles\n|player|p1|RushXCalibur|drayden|1198\n|player|p2|aoelusvgc|266|1249\n|teamsize|p1|6\n|teamsize|p2|6\n|gen|9\n|tier|[Gen 9] VGC 2023 Regulation C\n|rated|\n|rule|Species Clause: Limit one of each Pok\u00e9mon\n|rule|Item Clause: Limit one of each item\n|clearpoke\n|poke|p1|Hawlucha, L50, M|\n|poke|p1|Indeedee-F, L50, F|\n|poke|p1|Armarouge, L50, F|\n|poke|p1|Baxcalibur, L50, M|\n|poke|p1|Murkrow, L50, F|\n|poke|p1|Ting-Lu, L50|\n|poke|p2|Orthworm, L50, M|\n|poke|p2|Dragonite, L50, M|\n|poke|p2|Ting-Lu, L50|\n|poke|p2|Gyarados, L50, M|\n|poke|p2|Flutter Mane, L50|\n|poke|p2|Chien-Pao, L50|\n|teampreview|4\n|inactive|Battle timer is ON: inactive players will automatically lose when time's up. (requested by aoelusvgc)\n|inactive|RushXCalibur has 60 seconds left.\n|inactive|aoelusvgc has 60 seconds left.\n|\n|t:|1683674288\n|start\n|switch|p1a: Murkrow|Murkrow, L50, F|100\/100\n|switch|p1b: Armarouge|Armarouge, L50, F|100\/100\n|switch|p2a: Orthworm|Orthworm, L50, M|100\/100\n|switch|p2b: Ting-Lu|Ting-Lu, L50|100\/100\n|-ability|p2b: Ting-Lu|Vessel of Ruin\n|turn|1\n|inactive|aoelusvgc has 30 seconds left.\n|inactive|aoelusvgc has 20 seconds left.\n|\n|t:|1683674323\n|move|p1b: Armarouge|Protect|p1b: Armarouge\n|-singleturn|p1b: Armarouge|Protect\n|move|p1a: Murkrow|Tailwind|p1a: Murkrow\n|-sidestart|p1: RushXCalibur|move: Tailwind\n|move|p2b: Ting-Lu|Earthquake|p1a: Murkrow|[spread] \n|-activate|p1b: Armarouge|move: Protect\n|-immune|p2a: Orthworm|[from] ability: Earth Eater\n|-immune|p1a: Murkrow\n|move|p2a: Orthworm|Shed Tail|p2a: Orthworm\n|-start|p2a: Orthworm|Substitute|[from] move: Shed Tail\n|-damage|p2a: Orthworm|50\/100\n|-enditem|p2a: Orthworm|Sitrus Berry|[eat]\n|-heal|p2a: Orthworm|75\/100|[from] item: Sitrus Berry\n|\n|t:|1683674338\n|switch|p2a: Dragonite|Dragonite, L50, M|100\/100|[from] Shed Tail\n|\n|upkeep\n|turn|2\n|\n|t:|1683674351\n|switch|p1b: Hawlucha|Hawlucha, L50, M|100\/100\n|move|p1a: Murkrow|Foul Play|p2a: Dragonite\n|-activate|p2a: Dragonite|move: Substitute|[damage]\n|move|p2a: Dragonite|Dragon Dance|p2a: Dragonite\n|-boost|p2a: Dragonite|atk|1\n|-boost|p2a: Dragonite|spe|1\n|move|p2b: Ting-Lu|Earthquake|p1b: Hawlucha|[spread] \n|-immune|p2a: Dragonite\n|-immune|p1a: Murkrow\n|-immune|p1b: Hawlucha\n|\n|upkeep\n|turn|3\n|\n|t:|1683674370\n|switch|p2b: Orthworm|Orthworm, L50, M|75\/100\n|move|p1a: Murkrow|Haze|p1a: Murkrow\n|-clearallboost\n|move|p1b: Hawlucha|Acrobatics|p2a: Dragonite\n|-end|p2a: Dragonite|Substitute\n|move|p2a: Dragonite|Dragon Dance|p2a: Dragonite\n|-boost|p2a: Dragonite|atk|1\n|-boost|p2a: Dragonite|spe|1\n|\n|upkeep\n|turn|4\n|inactive|RushXCalibur has 30 seconds left.\n|inactive|RushXCalibur has 20 seconds left.\n|inactive|RushXCalibur has 15 seconds left.\n|\n|t:|1683674410\n|move|p2a: Dragonite|Extreme Speed|p1b: Hawlucha\n|-damage|p1b: Hawlucha|43\/100\n|move|p1a: Murkrow|Haze|p1a: Murkrow\n|-clearallboost\n|move|p1b: Hawlucha|Close Combat|p2b: Orthworm\n|-supereffective|p2b: Orthworm\n|-damage|p2b: Orthworm|1\/100\n|-unboost|p1b: Hawlucha|def|1\n|-unboost|p1b: Hawlucha|spd|1\n|move|p2b: Orthworm|Iron Defense|p2b: Orthworm\n|-boost|p2b: Orthworm|def|2\n|\n|-sideend|p1: RushXCalibur|move: Tailwind\n|upkeep\n|turn|5\n|inactive|aoelusvgc has 30 seconds left.\n|\n|t:|1683674441\n|switch|p1b: Indeedee|Indeedee-F, L50, F|100\/100\n|-fieldstart|move: Psychic Terrain|[from] ability: Psychic Surge|[of] p1b: Indeedee\n|move|p2a: Dragonite|Extreme Speed|p1b: Indeedee\n|-activate|p1b: Indeedee|move: Psychic Terrain\n|move|p1a: Murkrow|Foul Play|p2b: Orthworm\n|-damage|p2b: Orthworm|0 fnt\n|faint|p2b: Orthworm\n|\n|upkeep\n|\n|t:|1683674455\n|switch|p2b: Ting-Lu|Ting-Lu, L50|100\/100\n|-ability|p2b: Ting-Lu|Vessel of Ruin\n|turn|6\n|\n|t:|1683674470\n|move|p1a: Murkrow|Tailwind|p1a: Murkrow\n|-sidestart|p1: RushXCalibur|move: Tailwind\n|move|p1b: Indeedee|Dazzling Gleam|p2b: Ting-Lu|[spread] p2a,p2b\n|-supereffective|p2a: Dragonite\n|-supereffective|p2b: Ting-Lu\n|-damage|p2a: Dragonite|90\/100\n|-damage|p2b: Ting-Lu|87\/100\n|move|p2a: Dragonite|Dragon Dance|p2a: Dragonite\n|-boost|p2a: Dragonite|atk|1\n|-boost|p2a: Dragonite|spe|1\n|move|p2b: Ting-Lu|Rock Slide|p1b: Indeedee|[spread] p1a\n|-miss|p2b: Ting-Lu|p1b: Indeedee\n|-supereffective|p1a: Murkrow\n|-damage|p1a: Murkrow|37\/100\n|\n|upkeep\n|turn|7\n|inactive|aoelusvgc has 30 seconds left.\n|\n|t:|1683674496\n|-terastallize|p2a: Dragonite|Flying\n|move|p1a: Murkrow|Haze|p1a: Murkrow\n|-clearallboost\n|move|p1b: Indeedee|Dazzling Gleam|p2b: Ting-Lu|[spread] p2a,p2b\n|-supereffective|p2b: Ting-Lu\n|-damage|p2a: Dragonite|80\/100\n|-damage|p2b: Ting-Lu|73\/100\n|move|p2a: Dragonite|Tera Blast|p1b: Indeedee\n|-damage|p1b: Indeedee|46\/100\n|move|p2b: Ting-Lu|Rock Slide|p1a: Murkrow|[spread] p1a\n|-miss|p2b: Ting-Lu|p1b: Indeedee\n|-supereffective|p1a: Murkrow\n|-damage|p1a: Murkrow|0 fnt\n|faint|p1a: Murkrow\n|\n|upkeep\n|\n|t:|1683674510\n|switch|p1a: Armarouge|Armarouge, L50, F|100\/100\n|turn|8\n|\n|t:|1683674525\n|move|p1b: Indeedee|Helping Hand|p1a: Armarouge\n|-singleturn|p1a: Armarouge|Helping Hand|[of] p1b: Indeedee\n|move|p1a: Armarouge|Aura Sphere|p2b: Ting-Lu\n|-supereffective|p2b: Ting-Lu\n|-damage|p2b: Ting-Lu|4\/100\n|-damage|p1a: Armarouge|91\/100|[from] item: Life Orb\n|move|p2a: Dragonite|Tera Blast|p1b: Indeedee\n|-damage|p1b: Indeedee|0 fnt\n|faint|p1b: Indeedee\n|move|p2b: Ting-Lu|Rock Slide|p1a: Armarouge|[miss]\n|-miss|p2b: Ting-Lu|p1a: Armarouge\n|\n|upkeep\n|\n|t:|1683674536\n|switch|p1b: Hawlucha|Hawlucha, L50, M|43\/100\n|-enditem|p1b: Hawlucha|Psychic Seed\n|-boost|p1b: Hawlucha|spd|1|[from] item: Psychic Seed\n|turn|9\n|\n|t:|1683674554\n|-terastallize|p1b: Hawlucha|Fire\n|move|p1b: Hawlucha|Acrobatics|p2b: Ting-Lu\n|-damage|p2b: Ting-Lu|0 fnt\n|faint|p2b: Ting-Lu\n|move|p1a: Armarouge|Expanding Force|p2a: Dragonite\n|-damage|p2a: Dragonite|0 fnt\n|faint|p2a: Dragonite\n|-damage|p1a: Armarouge|81\/100|[from] item: Life Orb\n|\n|-sideend|p1: RushXCalibur|move: Tailwind\n|-fieldend|move: Psychic Terrain\n|upkeep\n|\n|t:|1683674569\n|switch|p2b: Flutter Mane|Flutter Mane, L50|100\/100\n|turn|10\n|\n|t:|1683674585\n|move|p1b: Hawlucha|Acrobatics|p2b: Flutter Mane\n|-damage|p2b: Flutter Mane|23\/100\n|move|p2b: Flutter Mane|Moonblast|p1a: Armarouge\n|-resisted|p1a: Armarouge\n|-damage|p1a: Armarouge|42\/100\n|move|p1a: Armarouge|Expanding Force|p2b: Flutter Mane\n|-damage|p2b: Flutter Mane|0 fnt\n|faint|p2b: Flutter Mane\n|-end|p2b: Flutter Mane|Protosynthesis|[silent]\n|-damage|p1a: Armarouge|32\/100|[from] item: Life Orb\n|\n|win|RushXCalibur\n|raw|RushXCalibur's rating: 1198 → 1227<\/strong> (+29 for winning)\n|raw|aoelusvgc's rating: 1249 → 1220<\/strong> (-29 for losing)\n|l|\u2606aoelusvgc\n","uploadtime":1683674658,"views":18,"p1id":"rushxcalibur","p2id":"aoelusvgc","formatid":"gen9vgc2023regulationc","rating":1220,"private":0,"password":""}