{"id":"gen9vgc2023regulationc-1846793772","p1":"Sailsun","p2":"Tubasinger1992","format":"[Gen 9] VGC 2023 Regulation C","log":"|j|\u2606Sailsun\n|j|\u2606Tubasinger1992\n|t:|1681880389\n|gametype|doubles\n|player|p1|Sailsun|2|1119\n|player|p2|Tubasinger1992|2|1042\n|teamsize|p1|6\n|teamsize|p2|6\n|gen|9\n|tier|[Gen 9] VGC 2023 Regulation C\n|rated|\n|rule|Species Clause: Limit one of each Pok\u00e9mon\n|rule|Item Clause: Limit one of each item\n|clearpoke\n|poke|p1|Palafin, L50, M|\n|poke|p1|Chien-Pao, L50|\n|poke|p1|Dragapult, L50, F|\n|poke|p1|Amoonguss, L50, F|\n|poke|p1|Arcanine, L50, M|\n|poke|p1|Flutter Mane, L50|\n|poke|p2|Jigglypuff, L50, F|\n|poke|p2|Ting-Lu, L50|\n|poke|p2|Wo-Chien, L50|\n|poke|p2|Gothitelle, L50, F|\n|poke|p2|Palafin, L50, M|\n|poke|p2|Amoonguss, L50, M|\n|teampreview|4\n|inactive|Battle timer is ON: inactive players will automatically lose when time's up. (requested by Tubasinger1992)\nTubasinger1992 rejected open team sheets.\n|\n|t:|1681880417\n|start\n|switch|p1a: Dnite|Dragapult, L50, F|100\/100\n|switch|p1b: Bundle|Chien-Pao, L50|100\/100\n|switch|p2a: Ting-Lu|Ting-Lu, L50|100\/100\n|switch|p2b: Wo-Chien|Wo-Chien, L50|100\/100\n|-ability|p1b: Bundle|Sword of Ruin\n|-ability|p2b: Wo-Chien|Tablets of Ruin\n|-ability|p2a: Ting-Lu|Vessel of Ruin\n|turn|1\n|inactive|Sailsun has 30 seconds left.\n|inactive|Sailsun has 20 seconds left.\n|inactive|Sailsun has 15 seconds left.\n|inactive|Sailsun has 10 seconds left.\n|\n|t:|1681880464\n|move|p2b: Wo-Chien|Protect|p2b: Wo-Chien\n|-singleturn|p2b: Wo-Chien|Protect\n|move|p1a: Dnite|U-turn|p2b: Wo-Chien\n|-activate|p2b: Wo-Chien|move: Protect\n|move|p1b: Bundle|Ice Spinner|p2a: Ting-Lu\n|-supereffective|p2a: Ting-Lu\n|-damage|p2a: Ting-Lu|62\/100\n|move|p2a: Ting-Lu|Heavy Slam|p1b: Bundle\n|-supereffective|p1b: Bundle\n|-damage|p1b: Bundle|50\/100\n|\n|upkeep\n|turn|2\n|\n|t:|1681880488\n|switch|p2a: Jigglypuff|Jigglypuff, L50, F|100\/100\n|-terastallize|p2b: Wo-Chien|Grass\n|move|p1a: Dnite|U-turn|p2b: Wo-Chien\n|-supereffective|p2b: Wo-Chien\n|-damage|p2b: Wo-Chien|55\/100\n|\n|t:|1681880498\n|switch|p1a: ChiYu|Arcanine, L50, M|100\/100|[from] U-turn\n|-ability|p1a: ChiYu|Intimidate|boost\n|-unboost|p2a: Jigglypuff|atk|1\n|-unboost|p2b: Wo-Chien|atk|1\n|move|p1b: Bundle|Ice Spinner|p2a: Jigglypuff\n|-damage|p2a: Jigglypuff|62\/100\n|move|p2b: Wo-Chien|Giga Drain|p1b: Bundle\n|-damage|p1b: Bundle|0 fnt\n|-heal|p2b: Wo-Chien|75\/100|[from] drain|[of] p1b: Bundle\n|faint|p1b: Bundle\n|\n|-heal|p2b: Wo-Chien|81\/100|[from] item: Leftovers\n|upkeep\n|\n|t:|1681880515\n|switch|p1b: Dnite|Dragapult, L50, F|100\/100\n|turn|3\n|c|\u2606Tubasinger1992|Nice choice band dragapuly\n|\n|t:|1681880538\n|switch|p2a: Amoonguss|Amoonguss, L50, M|100\/100\n|-terastallize|p1b: Dnite|Steel\n|move|p2b: Wo-Chien|Protect|p2b: Wo-Chien\n|-singleturn|p2b: Wo-Chien|Protect\n|move|p1b: Dnite|Tera Blast|p2a: Amoonguss\n|-damage|p2a: Amoonguss|64\/100\n|move|p1a: ChiYu|Will-O-Wisp|p2b: Wo-Chien\n|-activate|p2b: Wo-Chien|move: Protect\n|\n|-heal|p2b: Wo-Chien|87\/100|[from] item: Leftovers\n|-heal|p2a: Amoonguss|70\/100|[from] item: Black Sludge\n|upkeep\n|turn|4\n|inactive|Sailsun has 30 seconds left.\n|\n|t:|1681880563\n|switch|p1b: WoChien|Amoonguss, L50, F|100\/100\n|move|p2a: Amoonguss|Protect|p2a: Amoonguss\n|-singleturn|p2a: Amoonguss|Protect\n|move|p1a: ChiYu|Flare Blitz|p2a: Amoonguss\n|-activate|p2a: Amoonguss|move: Protect\n|move|p2b: Wo-Chien|Leech Seed|p1a: ChiYu\n|-start|p1a: ChiYu|move: Leech Seed\n|\n|-heal|p2b: Wo-Chien|94\/100|[from] item: Leftovers\n|-heal|p2a: Amoonguss|76\/100|[from] item: Black Sludge\n|-damage|p1a: ChiYu|88\/100|[from] Leech Seed|[of] p2b: Wo-Chien\n|-heal|p2b: Wo-Chien|100\/100|[silent]\n|upkeep\n|turn|5\n|\n|t:|1681880582\n|switch|p1a: Dnite|Dragapult, L50, F, tera:Steel|100\/100\n|switch|p2a: Jigglypuff|Jigglypuff, L50, F|62\/100\n|move|p1b: WoChien|Rage Powder|p1b: WoChien\n|-singleturn|p1b: WoChien|move: Rage Powder\n|move|p2b: Wo-Chien|Taunt|p1b: WoChien\n|-start|p1b: WoChien|move: Taunt\n|\n|upkeep\n|turn|6\n|\n|t:|1681880606\n|switch|p1b: ChiYu|Arcanine, L50, M|88\/100\n|-ability|p1b: ChiYu|Intimidate|boost\n|-unboost|p2a: Jigglypuff|atk|1\n|-unboost|p2b: Wo-Chien|atk|1\n|move|p2a: Jigglypuff|Protect|p2a: Jigglypuff\n|-singleturn|p2a: Jigglypuff|Protect\n|move|p1a: Dnite|Tera Blast|p2a: Jigglypuff\n|-activate|p2a: Jigglypuff|move: Protect\n|move|p2b: Wo-Chien|Leech Seed|p1a: Dnite\n|-start|p1a: Dnite|move: Leech Seed\n|\n|-damage|p1a: Dnite|88\/100|[from] Leech Seed|[of] p2b: Wo-Chien\n|upkeep\n|turn|7\n|\n|t:|1681880631\n|switch|p1a: WoChien|Amoonguss, L50, F|100\/100\n|switch|p2a: Amoonguss|Amoonguss, L50, M|100\/100\n|move|p1b: ChiYu|Flare Blitz|p2b: Wo-Chien\n|-supereffective|p2b: Wo-Chien\n|-crit|p2b: Wo-Chien\n|-damage|p2b: Wo-Chien|10\/100\n|-damage|p1b: ChiYu|59\/100|[from] Recoil\n|move|p2b: Wo-Chien|Leech Seed|p1b: ChiYu\n|-start|p1b: ChiYu|move: Leech Seed\n|\n|-heal|p2b: Wo-Chien|16\/100|[from] item: Leftovers\n|-damage|p1b: ChiYu|47\/100|[from] Leech Seed|[of] p2b: Wo-Chien\n|-heal|p2b: Wo-Chien|29\/100|[silent]\n|upkeep\n|turn|8\n|\n|t:|1681880651\n|switch|p1b: Dnite|Dragapult, L50, F, tera:Steel|88\/100\n|switch|p2b: Jigglypuff|Jigglypuff, L50, F|62\/100\n|move|p1a: WoChien|Rage Powder|p1a: WoChien\n|-singleturn|p1a: WoChien|move: Rage Powder\n|move|p2a: Amoonguss|Pollen Puff|p2b: Jigglypuff\n|-heal|p2b: Jigglypuff|100\/100\n|\n|upkeep\n|turn|9\n|\n|t:|1681880675\n|move|p2b: Jigglypuff|Protect|p2b: Jigglypuff\n|-singleturn|p2b: Jigglypuff|Protect\n|move|p1b: Dnite|Tera Blast|p2b: Jigglypuff\n|-activate|p2b: Jigglypuff|move: Protect\n|move|p2a: Amoonguss|Pollen Puff|p1b: Dnite\n|-resisted|p1b: Dnite\n|-damage|p1b: Dnite|75\/100\n|move|p1a: WoChien|Spore|p2b: Jigglypuff\n|-activate|p2b: Jigglypuff|move: Protect\n|\n|upkeep\n|turn|10\n|\n|t:|1681880692\n|switch|p1b: ChiYu|Arcanine, L50, M|47\/100\n|-ability|p1b: ChiYu|Intimidate|boost\n|-unboost|p2a: Amoonguss|atk|1\n|-unboost|p2b: Jigglypuff|atk|1\n|switch|p2b: Wo-Chien|Wo-Chien, L50, tera:Grass|29\/100\n|-ability|p2b: Wo-Chien|Tablets of Ruin\n|move|p2a: Amoonguss|Rage Powder|p2a: Amoonguss\n|-singleturn|p2a: Amoonguss|move: Rage Powder\n|move|p1a: WoChien|Pollen Puff|p1b: ChiYu\n|-heal|p1b: ChiYu|96\/100\n|\n|-heal|p2b: Wo-Chien|35\/100|[from] item: Leftovers\n|upkeep\n|turn|11\n|\n|t:|1681880715\n|switch|p1a: Dnite|Dragapult, L50, F, tera:Steel|75\/100\n|move|p2a: Amoonguss|Rage Powder|p2a: Amoonguss\n|-singleturn|p2a: Amoonguss|move: Rage Powder\n|move|p1b: ChiYu|Flare Blitz|p2a: Amoonguss\n|-supereffective|p2a: Amoonguss\n|-damage|p2a: Amoonguss|37\/100\n|-status|p2a: Amoonguss|brn\n|-damage|p1b: ChiYu|73\/100|[from] Recoil\n|move|p2b: Wo-Chien|Leech Seed|p1b: ChiYu\n|-start|p1b: ChiYu|move: Leech Seed\n|\n|-heal|p2b: Wo-Chien|41\/100|[from] item: Leftovers\n|-heal|p2a: Amoonguss|43\/100 brn|[from] item: Black Sludge\n|-damage|p1b: ChiYu|60\/100|[from] Leech Seed|[of] p2b: Wo-Chien\n|-heal|p2b: Wo-Chien|54\/100|[silent]\n|-damage|p2a: Amoonguss|37\/100 brn|[from] brn\n|upkeep\n|turn|12\n|inactive|Sailsun has 30 seconds left.\n|\n|t:|1681880744\n|switch|p1b: WoChien|Amoonguss, L50, F|100\/100\n|switch|p2a: Jigglypuff|Jigglypuff, L50, F|100\/100\n|move|p1a: Dnite|U-turn|p2b: Wo-Chien\n|-supereffective|p2b: Wo-Chien\n|-damage|p2b: Wo-Chien|22\/100\n|\n|t:|1681880754\n|switch|p1a: ChiYu|Arcanine, L50, M|60\/100|[from] U-turn\n|-ability|p1a: ChiYu|Intimidate|boost\n|-unboost|p2a: Jigglypuff|atk|1\n|-unboost|p2b: Wo-Chien|atk|1\n|move|p2b: Wo-Chien|Leech Seed|p1a: ChiYu|[miss]\n|-miss|p2b: Wo-Chien|p1a: ChiYu\n|\n|-heal|p2b: Wo-Chien|28\/100|[from] item: Leftovers\n|upkeep\n|turn|13\n|\n|t:|1681880772\n|move|p2b: Wo-Chien|Protect|p2b: Wo-Chien\n|-singleturn|p2b: Wo-Chien|Protect\n|move|p1a: ChiYu|Flare Blitz|p2b: Wo-Chien\n|-activate|p2b: Wo-Chien|move: Protect\n|move|p1b: WoChien|Spore|p2a: Jigglypuff\n|-status|p2a: Jigglypuff|slp|[from] move: Spore\n|cant|p2a: Jigglypuff|slp\n|\n|-heal|p2b: Wo-Chien|34\/100|[from] item: Leftovers\n|upkeep\n|turn|14\n|\n|t:|1681880788\n|switch|p2b: Amoonguss|Amoonguss, L50, M|70\/100 brn\n|switch|p2a: Ting-Lu|Ting-Lu, L50|62\/100\n|-ability|p2a: Ting-Lu|Vessel of Ruin\n|move|p1a: ChiYu|Flare Blitz|p2b: Amoonguss\n|-supereffective|p2b: Amoonguss\n|-damage|p2b: Amoonguss|0 fnt\n|faint|p2b: Amoonguss\n|-damage|p1a: ChiYu|34\/100|[from] Recoil\n|move|p1b: WoChien|Pollen Puff|p1a: ChiYu\n|-heal|p1a: ChiYu|84\/100\n|\n|upkeep\n|\n|t:|1681880793\n|switch|p2b: Wo-Chien|Wo-Chien, L50, tera:Grass|34\/100\n|-ability|p2b: Wo-Chien|Tablets of Ruin\n|turn|15\n|\n|t:|1681880811\n|move|p2b: Wo-Chien|Protect|p2b: Wo-Chien\n|-singleturn|p2b: Wo-Chien|Protect\n|move|p1a: ChiYu|Flare Blitz|p2b: Wo-Chien\n|-activate|p2b: Wo-Chien|move: Protect\n|move|p2a: Ting-Lu|Fissure|p1b: WoChien|[miss]\n|-miss|p2a: Ting-Lu|p1b: WoChien\n|move|p1b: WoChien|Spore|p2a: Ting-Lu\n|-status|p2a: Ting-Lu|slp|[from] move: Spore\n|\n|-heal|p2b: Wo-Chien|41\/100|[from] item: Leftovers\n|upkeep\n|turn|16\n|-message|Tubasinger1992 forfeited.\n|\n|win|Sailsun\n|raw|Sailsun's rating: 1119 → 1139<\/strong> (+20 for winning)\n|raw|Tubasinger1992's rating: 1042 → 1029<\/strong> (-13 for losing)\n|l|\u2606Tubasinger1992\n","uploadtime":1681880856,"views":8,"p1id":"sailsun","p2id":"tubasinger1992","formatid":"gen9vgc2023regulationc","rating":1029,"private":0,"password":""}