{"id":"gen9vgc2023regulationc-1863461142","p1":"AndrwApple","p2":"LameLiarLeo","format":"[Gen 9] VGC 2023 Regulation C","log":"|j|\u2606AndrwApple\n|j|\u2606LameLiarLeo\n|t:|1684020351\n|gametype|doubles\n|player|p1|AndrwApple|mina|\n|player|p2|LameLiarLeo|clair|\n|teamsize|p1|6\n|teamsize|p2|6\n|gen|9\n|tier|[Gen 9] VGC 2023 Regulation C\n|rule|Species Clause: Limit one of each Pok\u00e9mon\n|rule|Item Clause: Limit one of each item\n|clearpoke\n|poke|p1|Baxcalibur, L50, F|\n|poke|p1|Iron Bundle, L50|\n|poke|p1|Flutter Mane, L50|\n|poke|p1|Annihilape, L50, M|\n|poke|p1|Arcanine, L50, M|\n|poke|p1|Abomasnow, L50, M|\n|poke|p2|Chien-Pao, L50|\n|poke|p2|Iron Valiant, L50|\n|poke|p2|Arcanine, L50, F|\n|poke|p2|Iron Hands, L50|\n|poke|p2|Iron Bundle, L50|\n|poke|p2|Chi-Yu, L50|\n|teampreview|4\n|inactive|Battle timer is ON: inactive players will automatically lose when time's up. (requested by LameLiarLeo)\nLameLiarLeo has agreed to open team sheets.\n|c|\u2606AndrwApple|Glhf\nAndrwApple has agreed to open team sheets.\n|c|\u2606LameLiarLeo|You too!\n|\n|t:|1684020371\n|start\n|switch|p1a: Arcanine|Arcanine, L50, M|100\/100\n|switch|p1b: Baxcalibur|Baxcalibur, L50, F|100\/100\n|switch|p2a: Arcanine|Arcanine, L50, F|100\/100\n|switch|p2b: Iron Bundle|Iron Bundle, L50|100\/100\n|-ability|p2a: Arcanine|Intimidate|boost\n|-unboost|p1a: Arcanine|atk|1\n|-unboost|p1b: Baxcalibur|atk|1\n|-ability|p1a: Arcanine|Intimidate|boost\n|-unboost|p2a: Arcanine|atk|1\n|-unboost|p2b: Iron Bundle|atk|1\n|-enditem|p2b: Iron Bundle|Booster Energy\n|-activate|p2b: Iron Bundle|ability: Quark Drive|[fromitem]\n|-start|p2b: Iron Bundle|quarkdrivespe\n|turn|1\n|inactive|LameLiarLeo has 30 seconds left.\n|\n|t:|1684020400\n|move|p1a: Arcanine|Protect|p1a: Arcanine\n|-singleturn|p1a: Arcanine|Protect\n|move|p2b: Iron Bundle|Hydro Pump|p1a: Arcanine\n|-activate|p1a: Arcanine|move: Protect\n|move|p2a: Arcanine|Will-O-Wisp|p1a: Arcanine\n|-activate|p1a: Arcanine|move: Protect\n|move|p1b: Baxcalibur|Earthquake|p2b: Iron Bundle|[spread] p2a,p2b\n|-activate|p1a: Arcanine|move: Protect\n|-supereffective|p2a: Arcanine\n|-damage|p2a: Arcanine|59\/100\n|-damage|p2b: Iron Bundle|76\/100\n|\n|upkeep\n|turn|2\n|\n|t:|1684020420\n|switch|p1a: Flutter Mane|Flutter Mane, L50|100\/100\n|-enditem|p1a: Flutter Mane|Booster Energy\n|-activate|p1a: Flutter Mane|ability: Protosynthesis|[fromitem]\n|-start|p1a: Flutter Mane|protosynthesisspa\n|move|p2b: Iron Bundle|Hydro Pump|p1a: Flutter Mane\n|-crit|p1a: Flutter Mane\n|-damage|p1a: Flutter Mane|24\/100\n|move|p2a: Arcanine|Will-O-Wisp|p1a: Flutter Mane\n|-status|p1a: Flutter Mane|brn\n|move|p1b: Baxcalibur|Glaive Rush|p2b: Iron Bundle\n|-damage|p2b: Iron Bundle|21\/100\n|-singlemove|p1b: Baxcalibur|Glaive Rush|[silent]\n|\n|-damage|p1a: Flutter Mane|18\/100 brn|[from] brn\n|upkeep\n|turn|3\n|\n|t:|1684020432\n|switch|p1b: Arcanine|Arcanine, L50, M|100\/100\n|-ability|p1b: Arcanine|Intimidate|boost\n|-unboost|p2a: Arcanine|atk|1\n|-unboost|p2b: Iron Bundle|atk|1\n|move|p1a: Flutter Mane|Protect|p1a: Flutter Mane\n|-singleturn|p1a: Flutter Mane|Protect\n|move|p2a: Arcanine|Protect|p2a: Arcanine\n|-singleturn|p2a: Arcanine|Protect\n|move|p2b: Iron Bundle|Icy Wind|p1b: Arcanine|[spread] \n|-activate|p1a: Flutter Mane|move: Protect\n|-miss|p2b: Iron Bundle|p1b: Arcanine\n|\n|-damage|p1a: Flutter Mane|12\/100 brn|[from] brn\n|upkeep\n|turn|4\n|\n|t:|1684020446\n|switch|p2a: Chien-Pao|Chien-Pao, L50|100\/100\n|-ability|p2a: Chien-Pao|Sword of Ruin\n|move|p1b: Arcanine|Extreme Speed|p2b: Iron Bundle\n|-damage|p2b: Iron Bundle|0 fnt\n|faint|p2b: Iron Bundle\n|-end|p2b: Iron Bundle|Quark Drive|[silent]\n|move|p1a: Flutter Mane|Shadow Ball|p2a: Chien-Pao\n|-resisted|p2a: Chien-Pao\n|-damage|p2a: Chien-Pao|56\/100\n|-unboost|p2a: Chien-Pao|spd|1\n|\n|-damage|p1a: Flutter Mane|5\/100 brn|[from] brn\n|upkeep\n|\n|t:|1684020456\n|switch|p2b: Arcanine|Arcanine, L50, F|59\/100\n|-ability|p2b: Arcanine|Intimidate|boost\n|-unboost|p1a: Flutter Mane|atk|1\n|-unboost|p1b: Arcanine|atk|1\n|turn|5\n|\n|t:|1684020465\n|move|p2a: Chien-Pao|Protect|p2a: Chien-Pao\n|-singleturn|p2a: Chien-Pao|Protect\n|move|p2b: Arcanine|Protect|p2b: Arcanine\n|-singleturn|p2b: Arcanine|Protect\n|move|p1a: Flutter Mane|Shadow Ball|p2b: Arcanine\n|-activate|p2b: Arcanine|move: Protect\n|move|p1b: Arcanine|Flare Blitz|p2a: Chien-Pao\n|-activate|p2a: Chien-Pao|move: Protect\n|\n|-damage|p1a: Flutter Mane|0 fnt|[from] brn\n|faint|p1a: Flutter Mane\n|-end|p1a: Flutter Mane|Protosynthesis|[silent]\n|upkeep\n|\n|t:|1684020473\n|switch|p1a: Baxcalibur|Baxcalibur, L50, F|100\/100\n|turn|6\n|\n|t:|1684020495\n|move|p2a: Chien-Pao|Sucker Punch|p1a: Baxcalibur\n|-damage|p1a: Baxcalibur|64\/100\n|move|p2b: Arcanine|Flare Blitz|p1a: Baxcalibur\n|-damage|p1a: Baxcalibur|14\/100\n|-ability|p1a: Baxcalibur|Thermal Exchange|boost\n|-boost|p1a: Baxcalibur|atk|1\n|-damage|p2b: Arcanine|39\/100|[from] Recoil\n|move|p1b: Arcanine|Howl|p1b: Arcanine|[spread] p1a,p1b\n|-boost|p1a: Baxcalibur|atk|1\n|-boost|p1b: Arcanine|atk|1\n|move|p1a: Baxcalibur|Earthquake|p2a: Chien-Pao|[spread] p1b,p2a,p2b\n|-supereffective|p1b: Arcanine\n|-supereffective|p2b: Arcanine\n|-crit|p2b: Arcanine\n|-damage|p1b: Arcanine|0 fnt\n|-damage|p2a: Chien-Pao|0 fnt\n|-damage|p2b: Arcanine|0 fnt\n|faint|p1b: Arcanine\n|faint|p2a: Chien-Pao\n|faint|p2b: Arcanine\n|\n|upkeep\n|\n|t:|1684020504\n|switch|p2b: Iron Valiant|Iron Valiant, L50|100\/100\n|switch|p1b: Iron Bundle|Iron Bundle, L50|100\/100\n|turn|7\n|c|\u2606AndrwApple|I always wanted to do that\n|\n|t:|1684020522\n|-terastallize|p1b: Iron Bundle|Ice\n|-terastallize|p2b: Iron Valiant|Fire\n|move|p1a: Baxcalibur|Ice Shard|p2b: Iron Valiant\n|-resisted|p2b: Iron Valiant\n|-damage|p2b: Iron Valiant|66\/100\n|move|p1b: Iron Bundle|Freeze-Dry|p2b: Iron Valiant\n|-resisted|p2b: Iron Valiant\n|-damage|p2b: Iron Valiant|32\/100\n|move|p2b: Iron Valiant|Close Combat|p1b: Iron Bundle\n|-supereffective|p1b: Iron Bundle\n|-damage|p1b: Iron Bundle|0 fnt\n|-unboost|p2b: Iron Valiant|def|1\n|-unboost|p2b: Iron Valiant|spd|1\n|faint|p1b: Iron Bundle\n|-end|p1b: Iron Bundle|Quark Drive|[silent]\n|\n|upkeep\n|turn|8\n|\n|t:|1684020528\n|move|p2b: Iron Valiant|Shadow Sneak|p1a: Baxcalibur\n|-damage|p1a: Baxcalibur|2\/100\n|move|p1a: Baxcalibur|Ice Shard|p2b: Iron Valiant\n|-resisted|p2b: Iron Valiant\n|-damage|p2b: Iron Valiant|0 fnt\n|faint|p2b: Iron Valiant\n|-end|p2b: Iron Valiant|Quark Drive|[silent]\n|\n|win|AndrwApple\n|c|\u2606LameLiarLeo|gg\n|c|\u2606AndrwApple|gg\n|l|\u2606AndrwApple\n","uploadtime":1684022299,"views":10,"p1id":"andrwapple","p2id":"lameliarleo","formatid":"gen9vgc2023regulationc","rating":0,"private":0,"password":""}