{"id":"gen9vgc2023regulationc-1861894920","p1":"DragonairJordan23","p2":"Amazingcatman87","format":"[Gen 9] VGC 2023 Regulation C","log":"|j|\u2606DragonairJordan23\n|j|\u2606Amazingcatman87\n|t:|1683818697\n|gametype|doubles\n|player|p1|DragonairJordan23|kiawe|1096\n|player|p2|Amazingcatman87|hilbert|1061\n|teamsize|p1|4\n|teamsize|p2|6\n|gen|9\n|tier|[Gen 9] VGC 2023 Regulation C\n|rated|\n|rule|Species Clause: Limit one of each Pok\u00e9mon\n|rule|Item Clause: Limit one of each item\n|clearpoke\n|poke|p1|Slither Wing, L50|\n|poke|p1|Ting-Lu, L50|\n|poke|p1|Amoonguss, L50, F|\n|poke|p1|Klefki, L50, M|\n|poke|p2|Volcarona, L50, M|\n|poke|p2|Amoonguss, L50, M|\n|poke|p2|Tinkaton, L50, F|\n|poke|p2|Kilowattrel, L50, F|\n|poke|p2|Palafin, L50, F|\n|poke|p2|Great Tusk, L50|\n|teampreview|4\n|c|\u2606DragonairJordan23|glhf\n|\n|t:|1683818721\n|start\n|switch|p1a: Slither Wing|Slither Wing, L50|100\/100\n|switch|p1b: Klefki|Klefki, L50, M|100\/100\n|switch|p2a: Kilowattrel|Kilowattrel, L50, F|100\/100\n|switch|p2b: Palafin|Palafin, L50, F|100\/100\n|turn|1\n|\n|t:|1683818733\n|move|p1b: Klefki|Sunny Day|p1b: Klefki\n|-weather|SunnyDay\n|-activate|p1a: Slither Wing|ability: Protosynthesis\n|-start|p1a: Slither Wing|protosynthesisspe\n|move|p1a: Slither Wing|Will-O-Wisp|p2b: Palafin\n|-status|p2b: Palafin|brn\n|move|p2a: Kilowattrel|Tailwind|p2a: Kilowattrel\n|-sidestart|p2: Amazingcatman87|move: Tailwind\n|-start|p2a: Kilowattrel|Charge|Tailwind|[from] ability: Wind Power\n|move|p2b: Palafin|Flip Turn|p1b: Klefki\n|-damage|p1b: Klefki|93\/100\n|\n|t:|1683818744\n|detailschange|p2b: Palafin|Palafin-Hero, L50, F\n|switch|p2b: Volcarona|Volcarona, L50, M, shiny|100\/100|[from] Flip Turn\n|\n|-weather|SunnyDay|[upkeep]\n|upkeep\n|turn|2\n|\n|t:|1683818753\n|-terastallize|p1a: Slither Wing|Fire\n|move|p1b: Klefki|Light Screen|p1b: Klefki\n|-sidestart|p1: DragonairJordan23|move: Light Screen\n|move|p2a: Kilowattrel|Air Slash|p1a: Slither Wing\n|-damage|p1a: Slither Wing|81\/100\n|move|p2b: Volcarona|Quiver Dance|p2b: Volcarona\n|-boost|p2b: Volcarona|spa|1\n|-boost|p2b: Volcarona|spd|1\n|-boost|p2b: Volcarona|spe|1\n|move|p1a: Slither Wing|Flare Blitz|p2b: Volcarona\n|-damage|p2b: Volcarona|13\/100\n|-damage|p1a: Slither Wing|49\/100|[from] Recoil\n|\n|-weather|SunnyDay|[upkeep]\n|-heal|p1a: Slither Wing|55\/100|[from] item: Leftovers\n|upkeep\n|turn|3\n|\n|t:|1683818793\n|switch|p1b: Ting-Lu|Ting-Lu, L50|100\/100\n|-ability|p1b: Ting-Lu|Vessel of Ruin\n|move|p2b: Volcarona|Fiery Dance|p1b: Ting-Lu\n|-crit|p1b: Ting-Lu\n|-damage|p1b: Ting-Lu|52\/100\n|move|p2a: Kilowattrel|Thunderbolt|p1a: Slither Wing\n|-damage|p1a: Slither Wing|22\/100\n|-end|p2a: Kilowattrel|Charge|[silent]\n|move|p1a: Slither Wing|Leech Life|p2b: Volcarona\n|-resisted|p2b: Volcarona\n|-damage|p2b: Volcarona|0 fnt\n|-heal|p1a: Slither Wing|29\/100|[from] drain|[of] p2b: Volcarona\n|faint|p2b: Volcarona\n|\n|-weather|SunnyDay|[upkeep]\n|-heal|p1a: Slither Wing|35\/100|[from] item: Leftovers\n|upkeep\n|\n|t:|1683818810\n|switch|p2b: Palafin|Palafin-Hero, L50, F|100\/100 brn\n|-activate|p2b: Palafin|ability: Zero to Hero\n|turn|4\n|\n|t:|1683818838\n|-end|p1a: Slither Wing|Protosynthesis|[silent]\n|switch|p1a: Klefki|Klefki, L50, M|93\/100\n|move|p2b: Palafin|Jet Punch|p1a: Klefki\n|-damage|p1a: Klefki|82\/100\n|move|p2a: Kilowattrel|Thunderbolt|p1a: Klefki\n|-damage|p1a: Klefki|59\/100\n|move|p1b: Ting-Lu|Sand Tomb|p2b: Palafin\n|-damage|p2b: Palafin|86\/100 brn\n|-activate|p2b: Palafin|move: Sand Tomb|[of] p1b: Ting-Lu\n|\n|-weather|SunnyDay|[upkeep]\n|-damage|p2b: Palafin|80\/100 brn|[from] brn\n|-damage|p2b: Palafin|67\/100 brn|[from] move: Sand Tomb|[partiallytrapped]\n|-sideend|p2: Amazingcatman87|move: Tailwind\n|upkeep\n|turn|5\n|\n|t:|1683818874\n|move|p2a: Kilowattrel|Thunderbolt|p1a: Klefki\n|-damage|p1a: Klefki|37\/100\n|move|p2b: Palafin|Drain Punch|p1b: Ting-Lu\n|-supereffective|p1b: Ting-Lu\n|-damage|p1b: Ting-Lu|31\/100\n|-heal|p2b: Palafin|80\/100 brn|[from] drain|[of] p1b: Ting-Lu\n|move|p1a: Klefki|Play Rough|p2a: Kilowattrel\n|-damage|p2a: Kilowattrel|40\/100\n|move|p1b: Ting-Lu|Ruination|p2a: Kilowattrel\n|-damage|p2a: Kilowattrel|20\/100\n|\n|-weather|none\n|-damage|p2b: Palafin|74\/100 brn|[from] brn\n|-damage|p2b: Palafin|62\/100 brn|[from] move: Sand Tomb|[partiallytrapped]\n|upkeep\n|turn|6\n|\n|t:|1683818894\n|move|p1a: Klefki|Sunny Day|p1a: Klefki\n|-weather|SunnyDay\n|move|p2a: Kilowattrel|Thunderbolt|p1a: Klefki\n|-damage|p1a: Klefki|13\/100\n|move|p2b: Palafin|Drain Punch|p1b: Ting-Lu\n|-supereffective|p1b: Ting-Lu\n|-damage|p1b: Ting-Lu|10\/100\n|-heal|p2b: Palafin|75\/100 brn|[from] drain|[of] p1b: Ting-Lu\n|move|p1b: Ting-Lu|Ruination|p2b: Palafin\n|-damage|p2b: Palafin|38\/100 brn\n|\n|-weather|SunnyDay|[upkeep]\n|-damage|p2b: Palafin|32\/100 brn|[from] brn\n|-damage|p2b: Palafin|19\/100 brn|[from] move: Sand Tomb|[partiallytrapped]\n|upkeep\n|turn|7\n|\n|t:|1683818915\n|switch|p1b: Amoonguss|Amoonguss, L50, F|100\/100\n|-terastallize|p2b: Palafin|Fighting\n|move|p1a: Klefki|Reflect|p1a: Klefki\n|-sidestart|p1: DragonairJordan23|Reflect\n|move|p2a: Kilowattrel|Thunderbolt|p1a: Klefki\n|-damage|p1a: Klefki|0 fnt\n|faint|p1a: Klefki\n|move|p2b: Palafin|Drain Punch|p1b: Amoonguss\n|-resisted|p1b: Amoonguss\n|-damage|p1b: Amoonguss|93\/100\n|-heal|p2b: Palafin|23\/100 brn|[from] drain|[of] p1b: Amoonguss\n|-damage|p2b: Palafin|7\/100 brn|[from] item: Rocky Helmet|[of] p1b: Amoonguss\n|\n|-weather|SunnyDay|[upkeep]\n|-damage|p2b: Palafin|1\/100 brn|[from] brn\n|-end|p2b: Palafin|Sand Tomb|[partiallytrapped]|[silent]\n|upkeep\n|\n|t:|1683818929\n|switch|p1a: Slither Wing|Slither Wing, L50, tera:Fire|35\/100\n|-activate|p1a: Slither Wing|ability: Protosynthesis\n|-start|p1a: Slither Wing|protosynthesisspe\n|turn|8\n|\n|t:|1683818946\n|move|p2b: Palafin|Jet Punch|p1a: Slither Wing\n|-supereffective|p1a: Slither Wing\n|-damage|p1a: Slither Wing|16\/100\n|move|p1a: Slither Wing|Flare Blitz|p2a: Kilowattrel\n|-damage|p2a: Kilowattrel|0 fnt\n|faint|p2a: Kilowattrel\n|-damage|p1a: Slither Wing|10\/100|[from] Recoil\n|move|p1b: Amoonguss|Pollen Puff|p1a: Slither Wing\n|-heal|p1a: Slither Wing|60\/100\n|\n|-weather|SunnyDay|[upkeep]\n|-heal|p1a: Slither Wing|66\/100|[from] item: Leftovers\n|-damage|p2b: Palafin|0 fnt|[from] brn\n|faint|p2b: Palafin\n|upkeep\n|-message|Amazingcatman87 forfeited.\n|\n|win|DragonairJordan23\n|raw|DragonairJordan23's rating: 1096 → 1119<\/strong> (+23 for winning)\n|raw|Amazingcatman87's rating: 1061 → 1044<\/strong> (-17 for losing)\n|l|\u2606Amazingcatman87\n","uploadtime":1683818995,"views":8,"p1id":"dragonairjordan23","p2id":"amazingcatman87","formatid":"gen9vgc2023regulationc","rating":1044,"private":0,"password":""}