{"id":"gen9vgc2023regulationc-1845037022","p1":"H2obama","p2":"trhsgsw","format":"[Gen 9] VGC 2023 Regulation C","log":"|j|\u2606H2obama\n|j|\u2606trhsgsw\n|t:|1681676540\n|gametype|doubles\n|player|p1|H2obama|drayden|1047\n|player|p2|trhsgsw|hilbert|1125\n|teamsize|p1|6\n|teamsize|p2|6\n|gen|9\n|tier|[Gen 9] VGC 2023 Regulation C\n|rated|\n|rule|Species Clause: Limit one of each Pok\u00e9mon\n|rule|Item Clause: Limit one of each item\n|clearpoke\n|poke|p1|Amoonguss, L50, M|\n|poke|p1|Ceruledge, L50, F|\n|poke|p1|Palafin, L50, M|\n|poke|p1|Sandy Shocks, L50|\n|poke|p1|Corviknight, L50, M|\n|poke|p1|Baxcalibur, L50, F|\n|poke|p2|Amoonguss, L50, F|\n|poke|p2|Flutter Mane, L50|\n|poke|p2|Roaring Moon, L50|\n|poke|p2|Palafin, L50, M|\n|poke|p2|Iron Hands, L50|\n|poke|p2|Arcanine, L50, M|\n|teampreview|4\n|inactive|Battle timer is ON: inactive players will automatically lose when time's up. (requested by trhsgsw)\n|inactive|trhsgsw has 60 seconds left.\n|\n|t:|1681676583\n|start\n|switch|p1a: Corviknight|Corviknight, L50, M|100\/100\n|switch|p1b: Ceruledge|Ceruledge, L50, F|100\/100\n|switch|p2a: Palafin|Palafin, L50, M|100\/100\n|switch|p2b: Iron Hands|Iron Hands, L50|100\/100\n|turn|1\n|\n|t:|1681676603\n|detailschange|p2a: Palafin|Palafin-Hero, L50, M\n|switch|p2a: Amoonguss|Amoonguss, L50, F|100\/100\n|move|p1b: Ceruledge|Protect|p1b: Ceruledge\n|-singleturn|p1b: Ceruledge|Protect\n|move|p1a: Corviknight|Tailwind|p1a: Corviknight\n|-sidestart|p1: H2obama|move: Tailwind\n|move|p2b: Iron Hands|Wild Charge|p1a: Corviknight\n|-supereffective|p1a: Corviknight\n|-damage|p1a: Corviknight|12\/100\n|-damage|p2b: Iron Hands|81\/100|[from] Recoil\n|\n|upkeep\n|turn|2\n|inactive|H2obama has 30 seconds left.\n|\n|t:|1681676633\n|-terastallize|p1a: Corviknight|Dragon\n|move|p2a: Amoonguss|Protect|p2a: Amoonguss\n|-singleturn|p2a: Amoonguss|Protect\n|move|p1b: Ceruledge|Bitter Blade|p2a: Amoonguss\n|-activate|p2a: Amoonguss|move: Protect\n|move|p1a: Corviknight|Roost|p1a: Corviknight\n|-heal|p1a: Corviknight|62\/100\n|move|p2b: Iron Hands|Drain Punch|p1a: Corviknight\n|-damage|p1a: Corviknight|25\/100\n|-heal|p2b: Iron Hands|97\/100|[from] drain|[of] p1a: Corviknight\n|\n|upkeep\n|turn|3\n|\n|t:|1681676653\n|-terastallize|p2a: Amoonguss|Water\n|move|p1b: Ceruledge|Bitter Blade|p2a: Amoonguss\n|-resisted|p2a: Amoonguss\n|-crit|p2a: Amoonguss\n|-damage|p2a: Amoonguss|68\/100\n|-damage|p1b: Ceruledge|84\/100|[from] item: Rocky Helmet|[of] p2a: Amoonguss\n|move|p1a: Corviknight|Roost|p1a: Corviknight\n|-heal|p1a: Corviknight|76\/100\n|move|p2b: Iron Hands|Volt Switch|p1b: Ceruledge\n|-damage|p1b: Ceruledge|71\/100\n|\n|t:|1681676663\n|-end|p2b: Iron Hands|Quark Drive|[silent]\n|switch|p2b: Palafin|Palafin-Hero, L50, M|100\/100|[from] Volt Switch\n|-activate|p2b: Palafin|ability: Zero to Hero\n|move|p2a: Amoonguss|Spore|p1a: Corviknight\n|-activate|p1a: Corviknight|item: Safety Goggles|Spore\n|\n|upkeep\n|turn|4\n|\n|t:|1681676681\n|switch|p1b: Baxcalibur|Baxcalibur, L50, F|100\/100\n|move|p1a: Corviknight|Taunt|p2a: Amoonguss\n|-start|p2a: Amoonguss|move: Taunt\n|move|p2b: Palafin|Wave Crash|p1b: Baxcalibur\n|-resisted|p1b: Baxcalibur\n|-damage|p1b: Baxcalibur|57\/100\n|-damage|p2b: Palafin|87\/100|[from] Recoil\n|cant|p2a: Amoonguss|move: Taunt|Spore\n|\n|-sideend|p1: H2obama|move: Tailwind\n|upkeep\n|turn|5\n|\n|t:|1681676704\n|move|p1b: Baxcalibur|Dragon Dance|p1b: Baxcalibur\n|-boost|p1b: Baxcalibur|atk|1\n|-boost|p1b: Baxcalibur|spe|1\n|move|p2b: Palafin|Wave Crash|p1b: Baxcalibur\n|-resisted|p1b: Baxcalibur\n|-damage|p1b: Baxcalibur|9\/100\n|-damage|p2b: Palafin|72\/100|[from] Recoil\n|move|p1a: Corviknight|Brave Bird|p2b: Palafin\n|-crit|p2b: Palafin\n|-damage|p2b: Palafin|15\/100\n|-damage|p1a: Corviknight|57\/100|[from] Recoil\n|move|p2a: Amoonguss|Pollen Puff|p2b: Palafin\n|-heal|p2b: Palafin|65\/100\n|\n|upkeep\n|turn|6\n|inactive|H2obama has 30 seconds left.\n|inactive|H2obama has 20 seconds left.\n|\n|t:|1681676743\n|move|p1b: Baxcalibur|Protect|p1b: Baxcalibur\n|-singleturn|p1b: Baxcalibur|Protect\n|move|p2b: Palafin|Jet Punch|p1b: Baxcalibur\n|-activate|p1b: Baxcalibur|move: Protect\n|move|p1a: Corviknight|Brave Bird|p2b: Palafin\n|-damage|p2b: Palafin|27\/100\n|-damage|p1a: Corviknight|45\/100|[from] Recoil\n|move|p2a: Amoonguss|Pollen Puff|p2b: Palafin\n|-heal|p2b: Palafin|77\/100\n|\n|-end|p2a: Amoonguss|move: Taunt\n|upkeep\n|turn|7\n|inactive|H2obama has 30 seconds left.\n|\n|t:|1681676772\n|move|p2b: Palafin|Jet Punch|p1b: Baxcalibur\n|-resisted|p1b: Baxcalibur\n|-damage|p1b: Baxcalibur|0 fnt\n|faint|p1b: Baxcalibur\n|move|p1a: Corviknight|Brave Bird|p2a: Amoonguss\n|-damage|p2a: Amoonguss|37\/100\n|-damage|p1a: Corviknight|28\/100|[from] item: Rocky Helmet|[of] p2a: Amoonguss\n|-damage|p1a: Corviknight|18\/100|[from] Recoil\n|move|p2a: Amoonguss|Pollen Puff|p2b: Palafin\n|-heal|p2b: Palafin|100\/100\n|\n|upkeep\n|\n|t:|1681676776\n|switch|p1b: Ceruledge|Ceruledge, L50, F|71\/100\n|turn|8\n|\n|t:|1681676799\n|move|p2a: Amoonguss|Rage Powder|p2a: Amoonguss\n|-singleturn|p2a: Amoonguss|move: Rage Powder\n|move|p2b: Palafin|Jet Punch|p1a: Corviknight\n|-resisted|p1a: Corviknight\n|-damage|p1a: Corviknight|0 fnt\n|faint|p1a: Corviknight\n|move|p1b: Ceruledge|Shadow Sneak|p2a: Amoonguss\n|-damage|p2a: Amoonguss|19\/100\n|-damage|p1b: Ceruledge|54\/100|[from] item: Rocky Helmet|[of] p2a: Amoonguss\n|\n|upkeep\n|\n|t:|1681676805\n|switch|p1a: Sandy Shocks|Sandy Shocks, L50|100\/100\n|turn|9\n|-message|H2obama forfeited.\n|\n|win|trhsgsw\n|raw|H2obama's rating: 1047 → 1034<\/strong> (-13 for losing)\n|raw|trhsgsw's rating: 1125 → 1144<\/strong> (+19 for winning)\n|l|\u2606H2obama\n","uploadtime":1681676843,"views":8,"p1id":"h2obama","p2id":"trhsgsw","formatid":"gen9vgc2023regulationc","rating":1034,"private":0,"password":""}