{"id":"gen9vgc2023regulationc-1856145887","p1":"Skh11","p2":"Trullisimo","format":"[Gen 9] VGC 2023 Regulation C","log":"|j|\u2606Skh11\n|j|\u2606Trullisimo\n|t:|1683034867\n|gametype|doubles\n|player|p1|Skh11|bruno|1422\n|player|p2|Trullisimo|265|1409\n|teamsize|p1|6\n|teamsize|p2|6\n|gen|9\n|tier|[Gen 9] VGC 2023 Regulation C\n|rated|\n|rule|Species Clause: Limit one of each Pok\u00e9mon\n|rule|Item Clause: Limit one of each item\n|clearpoke\n|poke|p1|Ting-Lu, L50|\n|poke|p1|Abomasnow, L50, F|\n|poke|p1|Flutter Mane, L50|\n|poke|p1|Iron Hands, L50|\n|poke|p1|Bronzong, L50|\n|poke|p1|Arcanine, L50, M|\n|poke|p2|Glimmora, L50, M|\n|poke|p2|Dragonite, L50, M|\n|poke|p2|Dondozo, L50, M|\n|poke|p2|Tatsugiri, L50, F|\n|poke|p2|Chi-Yu, L50|\n|poke|p2|Iron Bundle, L50|\n|teampreview|4\n|inactive|Battle timer is ON: inactive players will automatically lose when time's up. (requested by Skh11)\nTrullisimo has agreed to open team sheets.\n|c|\u2606Trullisimo|OTS please\n|inactive|Skh11 has 60 seconds left.\n|inactive|Trullisimo has 60 seconds left.\nSkh11 has agreed to open team sheets.\n|\n|t:|1683034920\n|start\n|switch|p1a: Ting-Lu|Ting-Lu, L50|100\/100\n|switch|p1b: Bronzong|Bronzong, L50|100\/100\n|switch|p2a: Dondozo|Dondozo, L50, M|100\/100\n|switch|p2b: Glimmora|Glimmora, L50, M, shiny|100\/100\n|-ability|p1a: Ting-Lu|Vessel of Ruin\n|turn|1\n|inactive|Skh11 has 30 seconds left.\n|\n|t:|1683034954\n|switch|p2b: Tatsugiri|Tatsugiri, L50, F|100\/100\n|-activate|p2b: Tatsugiri|ability: Commander|[of] p2a: Dondozo\n|-boost|p2a: Dondozo|atk|2\n|-boost|p2a: Dondozo|spa|2\n|-boost|p2a: Dondozo|spe|2\n|-boost|p2a: Dondozo|def|2\n|-boost|p2a: Dondozo|spd|2\n|move|p2a: Dondozo|Wave Crash|p1a: Ting-Lu\n|-supereffective|p1a: Ting-Lu\n|-crit|p1a: Ting-Lu\n|-damage|p1a: Ting-Lu|0 fnt\n|faint|p1a: Ting-Lu\n|-damage|p2a: Dondozo|65\/100|[from] Recoil\n|move|p1b: Bronzong|Trick Room|p1b: Bronzong\n|-fieldstart|move: Trick Room|[of] p1b: Bronzong\n|\n|-heal|p2a: Dondozo|71\/100|[from] item: Leftovers\n|upkeep\n|\n|t:|1683034967\n|switch|p1a: Arcanine|Arcanine, L50, M|100\/100\n|-ability|p1a: Arcanine|Intimidate|boost\n|-fail|p2a: Dondozo|unboost|Attack|[from] ability: Oblivious|[of] p2a: Dondozo\n|-unboost|p2b: Tatsugiri|atk|1\n|turn|2\n|\n|t:|1683034987\n|move|p2a: Dondozo|Protect|p2a: Dondozo\n|-singleturn|p2a: Dondozo|Protect\n|move|p1b: Bronzong|Safeguard|p1b: Bronzong\n|-sidestart|p1: Skh11|Safeguard\n|move|p1a: Arcanine|Will-O-Wisp|p2a: Dondozo\n|-activate|p2a: Dondozo|move: Protect\n|\n|-heal|p2a: Dondozo|77\/100|[from] item: Leftovers\n|upkeep\n|turn|3\n|\n|t:|1683035004\n|move|p1b: Bronzong|Protect|p1b: Bronzong\n|-singleturn|p1b: Bronzong|Protect\n|move|p1a: Arcanine|Will-O-Wisp|p2a: Dondozo|[miss]\n|-miss|p1a: Arcanine|p2a: Dondozo\n|move|p2a: Dondozo|Wave Crash|p1b: Bronzong\n|-activate|p1b: Bronzong|move: Protect\n|\n|-heal|p2a: Dondozo|84\/100|[from] item: Leftovers\n|upkeep\n|turn|4\n|\n|t:|1683035017\n|move|p2a: Dondozo|Protect|p2a: Dondozo\n|-singleturn|p2a: Dondozo|Protect\n|move|p1b: Bronzong|Gyro Ball|p2a: Dondozo\n|-activate|p2a: Dondozo|move: Protect\n|move|p1a: Arcanine|Will-O-Wisp|p2a: Dondozo\n|-activate|p2a: Dondozo|move: Protect\n|\n|-heal|p2a: Dondozo|90\/100|[from] item: Leftovers\n|upkeep\n|turn|5\n|\n|t:|1683035025\n|move|p1b: Bronzong|Gyro Ball|p2a: Dondozo\n|-resisted|p2a: Dondozo\n|-damage|p2a: Dondozo|83\/100\n|move|p1a: Arcanine|Will-O-Wisp|p2a: Dondozo\n|-status|p2a: Dondozo|brn\n|move|p2a: Dondozo|Wave Crash|p1a: Arcanine\n|-supereffective|p1a: Arcanine\n|-damage|p1a: Arcanine|0 fnt\n|faint|p1a: Arcanine\n|-damage|p2a: Dondozo|55\/100 brn|[from] Recoil\n|\n|-heal|p2a: Dondozo|62\/100 brn|[from] item: Leftovers\n|-damage|p2a: Dondozo|55\/100 brn|[from] brn\n|-fieldend|move: Trick Room\n|upkeep\n|\n|t:|1683035035\n|switch|p1a: Flutter Mane|Flutter Mane, L50|100\/100\n|turn|6\n|\n|t:|1683035053\n|-terastallize|p1a: Flutter Mane|Fairy\n|move|p1b: Bronzong|Protect|p1b: Bronzong\n|-singleturn|p1b: Bronzong|Protect\n|move|p2a: Dondozo|Wave Crash|p1a: Flutter Mane\n|-damage|p1a: Flutter Mane|28\/100\n|-damage|p2a: Dondozo|39\/100 brn|[from] Recoil\n|move|p1a: Flutter Mane|Shadow Ball|p2a: Dondozo\n|-damage|p2a: Dondozo|11\/100 brn\n|\n|-heal|p2a: Dondozo|17\/100 brn|[from] item: Leftovers\n|-damage|p2a: Dondozo|11\/100 brn|[from] brn\n|-sideend|p1: Skh11|Safeguard\n|upkeep\n|turn|7\n|-message|Skh11 forfeited.\n|\n|win|Trullisimo\n|raw|Skh11's rating: 1422 → 1401<\/strong> (-21 for losing)\n|raw|Trullisimo's rating: 1409 → 1430<\/strong> (+21 for winning)\n|l|\u2606Skh11\n","uploadtime":1683035082,"views":5,"p1id":"skh11","p2id":"trullisimo","formatid":"gen9vgc2023regulationc","rating":1401,"private":0,"password":""}