{"id":"gen9vgc2023regulationc-1851910051","p1":"mait27","p2":"corrrcrcrcrc","format":"[Gen 9] VGC 2023 Regulation C","log":"|j|\u2606mait27\n|j|\u2606corrrcrcrcrc\n|t:|1682504477\n|gametype|doubles\n|player|p1|mait27|265|1188\n|player|p2|corrrcrcrcrc|1|1125\n|teamsize|p1|6\n|teamsize|p2|6\n|gen|9\n|tier|[Gen 9] VGC 2023 Regulation C\n|rated|\n|rule|Species Clause: Limit one of each Pok\u00e9mon\n|rule|Item Clause: Limit one of each item\n|clearpoke\n|poke|p1|Ting-Lu, L50|\n|poke|p1|Grimmsnarl, L50, M|\n|poke|p1|Tauros-Paldea-Blaze, L50, M|\n|poke|p1|Dragonite, L50, F|\n|poke|p1|Palafin, L50, M|\n|poke|p1|Flutter Mane, L50|\n|poke|p2|Wo-Chien, L50|\n|poke|p2|Ting-Lu, L50|\n|poke|p2|Flutter Mane, L50|\n|poke|p2|Glimmora, L50, M|\n|poke|p2|Arcanine, L50, F|\n|poke|p2|Gyarados, L50, F|\n|teampreview|4\n|\n|t:|1682504509\n|start\n|switch|p1a: Palafin|Palafin, L50, M|100\/100\n|switch|p1b: Dragonite|Dragonite, L50, F|100\/100\n|switch|p2a: Gyarados|Gyarados, L50, F|100\/100\n|switch|p2b: Arcanine|Arcanine, L50, F|100\/100\n|-ability|p2b: Arcanine|Intimidate|boost\n|-unboost|p1a: Palafin|atk|1\n|-unboost|p1b: Dragonite|atk|1\n|-ability|p2a: Gyarados|Intimidate|boost\n|-unboost|p1a: Palafin|atk|1\n|-unboost|p1b: Dragonite|atk|1\n|turn|1\n|\n|t:|1682504529\n|detailschange|p1a: Palafin|Palafin-Hero, L50, M\n|switch|p1a: Ting-Lu|Ting-Lu, L50|100\/100\n|-ability|p1a: Ting-Lu|Vessel of Ruin\n|switch|p1b: Tauros|Tauros-Paldea-Blaze, L50, M|100\/100\n|-ability|p1b: Tauros|Intimidate|boost\n|-unboost|p2a: Gyarados|atk|1\n|-unboost|p2b: Arcanine|atk|1\n|move|p2b: Arcanine|Will-O-Wisp|p1b: Tauros\n|-immune|p1b: Tauros\n|move|p2a: Gyarados|Thunder Wave|p1a: Ting-Lu\n|-immune|p1a: Ting-Lu\n|\n|upkeep\n|turn|2\n|\n|t:|1682504559\n|move|p2b: Arcanine|Protect|p2b: Arcanine\n|-singleturn|p2b: Arcanine|Protect\n|move|p1b: Tauros|Will-O-Wisp|p2a: Gyarados\n|-status|p2a: Gyarados|brn\n|move|p2a: Gyarados|Waterfall|p1b: Tauros\n|-supereffective|p1b: Tauros\n|-damage|p1b: Tauros|72\/100\n|move|p1a: Ting-Lu|Rock Slide|p2a: Gyarados|[spread] p2a\n|-activate|p2b: Arcanine|move: Protect\n|-supereffective|p2a: Gyarados\n|-damage|p2a: Gyarados|72\/100 brn\n|\n|-damage|p2a: Gyarados|66\/100 brn|[from] brn\n|upkeep\n|turn|3\n|\n|t:|1682504586\n|switch|p2b: Flutter Mane|Flutter Mane, L50|100\/100\n|move|p1b: Tauros|Protect|p1b: Tauros\n|-singleturn|p1b: Tauros|Protect\n|move|p2a: Gyarados|Waterfall|p1a: Ting-Lu\n|-supereffective|p1a: Ting-Lu\n|-damage|p1a: Ting-Lu|91\/100\n|cant|p1a: Ting-Lu|flinch\n|\n|-damage|p2a: Gyarados|60\/100 brn|[from] brn\n|upkeep\n|turn|4\n|\n|t:|1682504612\n|switch|p2a: Arcanine|Arcanine, L50, F|100\/100\n|-ability|p2a: Arcanine|Intimidate|boost\n|-unboost|p1a: Ting-Lu|atk|1\n|-unboost|p1b: Tauros|atk|1\n|move|p2b: Flutter Mane|Moonblast|p1b: Tauros\n|-crit|p1b: Tauros\n|-damage|p1b: Tauros|0 fnt\n|faint|p1b: Tauros\n|move|p1a: Ting-Lu|Heavy Slam|p2b: Flutter Mane\n|-supereffective|p2b: Flutter Mane\n|-damage|p2b: Flutter Mane|45\/100\n|\n|upkeep\n|\n|t:|1682504626\n|switch|p1b: Palafin|Palafin-Hero, L50, M|100\/100\n|-activate|p1b: Palafin|ability: Zero to Hero\n|turn|5\n|\n|t:|1682504636\n|-end|p2b: Flutter Mane|Protosynthesis|[silent]\n|switch|p2b: Gyarados|Gyarados, L50, F|60\/100 brn\n|-ability|p2b: Gyarados|Intimidate|boost\n|-unboost|p1a: Ting-Lu|atk|1\n|-unboost|p1b: Palafin|atk|1\n|-terastallize|p2a: Arcanine|Grass\n|move|p1b: Palafin|Protect|p1b: Palafin\n|-singleturn|p1b: Palafin|Protect\n|move|p2a: Arcanine|Will-O-Wisp|p1b: Palafin\n|-activate|p1b: Palafin|move: Protect\n|move|p1a: Ting-Lu|Earthquake|p2a: Arcanine|[spread] p2a\n|-activate|p1b: Palafin|move: Protect\n|-immune|p2b: Gyarados\n|-resisted|p2a: Arcanine\n|-damage|p2a: Arcanine|93\/100\n|\n|-damage|p2b: Gyarados|54\/100 brn|[from] brn\n|upkeep\n|turn|6\n|\n|t:|1682504670\n|switch|p1a: Dragonite|Dragonite, L50, F|100\/100\n|move|p1b: Palafin|Bulk Up|p1b: Palafin\n|-boost|p1b: Palafin|atk|1\n|-boost|p1b: Palafin|def|1\n|move|p2a: Arcanine|Will-O-Wisp|p1b: Palafin\n|-status|p1b: Palafin|brn\n|move|p2b: Gyarados|Waterfall|p1a: Dragonite\n|-resisted|p1a: Dragonite\n|-damage|p1a: Dragonite|96\/100\n|\n|-damage|p1b: Palafin|95\/100 brn|[from] brn\n|-damage|p2b: Gyarados|48\/100 brn|[from] brn\n|upkeep\n|turn|7\n|\n|t:|1682504703\n|switch|p2b: Glimmora|Glimmora, L50, M|100\/100\n|move|p1b: Palafin|Bulk Up|p1b: Palafin\n|-boost|p1b: Palafin|atk|1\n|-boost|p1b: Palafin|def|1\n|move|p2a: Arcanine|Will-O-Wisp|p1a: Dragonite\n|-status|p1a: Dragonite|brn\n|move|p1a: Dragonite|Dragon Dance|p1a: Dragonite\n|-boost|p1a: Dragonite|atk|1\n|-boost|p1a: Dragonite|spe|1\n|\n|-heal|p1b: Palafin|100\/100 brn|[from] item: Leftovers\n|-damage|p1a: Dragonite|90\/100 brn|[from] brn\n|-damage|p1b: Palafin|95\/100 brn|[from] brn\n|upkeep\n|turn|8\n|\n|t:|1682504720\n|switch|p2a: Gyarados|Gyarados, L50, F|48\/100 brn\n|-ability|p2a: Gyarados|Intimidate|boost\n|-unboost|p1a: Dragonite|atk|1\n|-unboost|p1b: Palafin|atk|1\n|move|p1a: Dragonite|Dragon Dance|p1a: Dragonite\n|-boost|p1a: Dragonite|atk|1\n|-boost|p1a: Dragonite|spe|1\n|move|p1b: Palafin|Bulk Up|p1b: Palafin\n|-boost|p1b: Palafin|atk|1\n|-boost|p1b: Palafin|def|1\n|move|p2b: Glimmora|Energy Ball|p1b: Palafin\n|-supereffective|p1b: Palafin\n|-damage|p1b: Palafin|35\/100 brn\n|\n|-heal|p1b: Palafin|41\/100 brn|[from] item: Leftovers\n|-damage|p1a: Dragonite|84\/100 brn|[from] brn\n|-damage|p1b: Palafin|35\/100 brn|[from] brn\n|-damage|p2a: Gyarados|42\/100 brn|[from] brn\n|upkeep\n|turn|9\n|\n|t:|1682504749\n|switch|p2a: Arcanine|Arcanine, L50, F, tera:Grass|93\/100\n|-ability|p2a: Arcanine|Intimidate|boost\n|-unboost|p1a: Dragonite|atk|1\n|-unboost|p1b: Palafin|atk|1\n|move|p1b: Palafin|Protect|p1b: Palafin\n|-singleturn|p1b: Palafin|Protect\n|move|p1a: Dragonite|Extreme Speed|p2a: Arcanine\n|-damage|p2a: Arcanine|80\/100\n|move|p2b: Glimmora|Energy Ball|p1b: Palafin\n|-activate|p1b: Palafin|move: Protect\n|\n|-heal|p1b: Palafin|41\/100 brn|[from] item: Leftovers\n|-damage|p1a: Dragonite|78\/100 brn|[from] brn\n|-damage|p1b: Palafin|35\/100 brn|[from] brn\n|upkeep\n|turn|10\n|\n|t:|1682504772\n|switch|p2a: Gyarados|Gyarados, L50, F|42\/100 brn\n|-ability|p2a: Gyarados|Intimidate|boost\n|-unboost|p1a: Dragonite|atk|1\n|-unboost|p1b: Palafin|atk|1\n|-terastallize|p1a: Dragonite|Flying\n|move|p1b: Palafin|Jet Punch|p2b: Glimmora\n|-supereffective|p2b: Glimmora\n|-damage|p2b: Glimmora|75\/100\n|-activate|p2b: Glimmora|ability: Toxic Debris\n|-sidestart|p1: mait27|move: Toxic Spikes\n|move|p1a: Dragonite|Tera Blast|p2a: Gyarados\n|-damage|p2a: Gyarados|17\/100 brn\n|-enditem|p2a: Gyarados|Aguav Berry|[eat]\n|-heal|p2a: Gyarados|50\/100 brn|[from] item: Aguav Berry\n|move|p2b: Glimmora|Energy Ball|p1b: Palafin\n|-supereffective|p1b: Palafin\n|-damage|p1b: Palafin|0 fnt\n|faint|p1b: Palafin\n|\n|-damage|p1a: Dragonite|72\/100 brn|[from] brn\n|-damage|p2a: Gyarados|45\/100 brn|[from] brn\n|upkeep\n|-message|mait27 forfeited.\n|\n|win|corrrcrcrcrc\n|raw|mait27's rating: 1188 → 1159<\/strong> (-29 for losing)\n|raw|corrrcrcrcrc's rating: 1125 → 1154<\/strong> (+29 for winning)\n|l|\u2606mait27\n","uploadtime":1682504821,"views":9,"p1id":"mait27","p2id":"corrrcrcrcrc","formatid":"gen9vgc2023regulationc","rating":1154,"private":0,"password":""}