{"id":"gen9vgc2023regulationc-1859055784","p1":"PhantomAizen","p2":"aizakkoo","format":"[Gen 9] VGC 2023 Regulation C","log":"|j|\u2606PhantomAizen\n|j|\u2606aizakkoo\n|t:|1683399225\n|gametype|doubles\n|player|p1|PhantomAizen|hoopster|1203\n|player|p2|aizakkoo|#vgcwliikilowattrels|1239\n|teamsize|p1|6\n|teamsize|p2|6\n|gen|9\n|tier|[Gen 9] VGC 2023 Regulation C\n|rated|\n|rule|Species Clause: Limit one of each Pok\u00e9mon\n|rule|Item Clause: Limit one of each item\n|clearpoke\n|poke|p1|Great Tusk, L50|\n|poke|p1|Tyranitar, L50, F|\n|poke|p1|Dragapult, L50, M|\n|poke|p1|Amoonguss, L50, F|\n|poke|p1|Arcanine, L50, F|\n|poke|p1|Gyarados, L50, M|\n|poke|p2|Roaring Moon, L50|\n|poke|p2|Flutter Mane, L50|\n|poke|p2|Ting-Lu, L50|\n|poke|p2|Arcanine, L50, M|\n|poke|p2|Amoonguss, L50, F|\n|poke|p2|Palafin, L50, M|\n|teampreview|4\n|c|\u2606PhantomAizen|glhf\n|inactive|Battle timer is ON: inactive players will automatically lose when time's up. (requested by PhantomAizen)\nPhantomAizen rejected open team sheets.\n|\n|t:|1683399259\n|start\n|switch|p1a: Gyarados|Gyarados, L50, M|100\/100\n|switch|p1b: Amoonguss|Amoonguss, L50, F|100\/100\n|switch|p2a: Flutter Mane|Flutter Mane, L50|100\/100\n|switch|p2b: Palafin|Palafin, L50, M, shiny|100\/100\n|-ability|p1a: Gyarados|Intimidate|boost\n|-unboost|p2a: Flutter Mane|atk|1\n|-unboost|p2b: Palafin|atk|1\n|turn|1\n|inactive|PhantomAizen has 30 seconds left.\n|\n|t:|1683399285\n|detailschange|p2b: Palafin|Palafin-Hero, L50, M, shiny\n|switch|p2b: Amoonguss|Amoonguss, L50, F, shiny|100\/100\n|move|p1a: Gyarados|Protect|p1a: Gyarados\n|-singleturn|p1a: Gyarados|Protect\n|move|p2a: Flutter Mane|Thunderbolt|p1a: Gyarados\n|-activate|p1a: Gyarados|move: Protect\n|move|p1b: Amoonguss|Spore|p2a: Flutter Mane\n|-status|p2a: Flutter Mane|slp|[from] move: Spore\n|\n|upkeep\n|turn|2\n|inactive|PhantomAizen has 30 seconds left.\n|\n|t:|1683399312\n|-end|p2a: Flutter Mane|Protosynthesis|[silent]\n|switch|p2a: Arcanine|Arcanine, L50, M|100\/100\n|-ability|p2a: Arcanine|Intimidate|boost\n|-fail|p1a: Gyarados|unboost|[from] item: Clear Amulet|[of] p1a: Gyarados\n|-unboost|p1b: Amoonguss|atk|1\n|move|p1a: Gyarados|Waterfall|p2a: Arcanine\n|-supereffective|p2a: Arcanine\n|-damage|p2a: Arcanine|14\/100\n|move|p2b: Amoonguss|Spore|p1a: Gyarados\n|-status|p1a: Gyarados|slp|[from] move: Spore\n|move|p1b: Amoonguss|Giga Drain|p2a: Arcanine\n|-resisted|p2a: Arcanine\n|-damage|p2a: Arcanine|1\/100\n|\n|upkeep\n|turn|3\n|inactive|aizakkoo has 30 seconds left.\n|\n|t:|1683399338\n|-terastallize|p1b: Amoonguss|Fire\n|cant|p1a: Gyarados|slp\n|move|p2a: Arcanine|Will-O-Wisp|p1b: Amoonguss\n|-immune|p1b: Amoonguss\n|move|p2b: Amoonguss|Pollen Puff|p2a: Arcanine\n|-heal|p2a: Arcanine|51\/100\n|move|p1b: Amoonguss|Giga Drain|p2a: Arcanine\n|-resisted|p2a: Arcanine\n|-damage|p2a: Arcanine|37\/100\n|\n|upkeep\n|turn|4\n|\n|t:|1683399357\n|move|p2a: Arcanine|Protect|p2a: Arcanine\n|-singleturn|p2a: Arcanine|Protect\n|cant|p1a: Gyarados|slp\n|move|p2b: Amoonguss|Pollen Puff|p1a: Gyarados\n|-resisted|p1a: Gyarados\n|-damage|p1a: Gyarados|91\/100 slp\n|move|p1b: Amoonguss|Spore|p2a: Arcanine\n|-activate|p2a: Arcanine|move: Protect\n|\n|upkeep\n|turn|5\n|inactive|aizakkoo has 30 seconds left.\n|inactive|PhantomAizen has 30 seconds left.\n|inactive|aizakkoo has 20 seconds left.\n|\n|t:|1683399396\n|move|p2a: Arcanine|Extreme Speed|p1a: Gyarados\n|-damage|p1a: Gyarados|62\/100 slp\n|cant|p1a: Gyarados|slp\n|move|p2b: Amoonguss|Spore|p1a: Gyarados\n|-fail|p1a: Gyarados|slp\n|move|p1b: Amoonguss|Pollen Puff|p2b: Amoonguss\n|-damage|p2b: Amoonguss|84\/100\n|\n|upkeep\n|turn|6\n|\n|t:|1683399413\n|move|p2a: Arcanine|Protect|p2a: Arcanine\n|-singleturn|p2a: Arcanine|Protect\n|-curestatus|p1a: Gyarados|slp|[msg]\n|move|p1a: Gyarados|Waterfall|p2a: Arcanine\n|-activate|p2a: Arcanine|move: Protect\n|move|p2b: Amoonguss|Spore|p1a: Gyarados\n|-status|p1a: Gyarados|slp|[from] move: Spore\n|move|p1b: Amoonguss|Pollen Puff|p2b: Amoonguss\n|-damage|p2b: Amoonguss|65\/100\n|\n|upkeep\n|turn|7\n|\n|t:|1683399429\n|switch|p1a: Tyranitar|Tyranitar, L50, F|100\/100\n|-weather|Sandstorm|[from] ability: Sand Stream|[of] p1a: Tyranitar\n|move|p2a: Arcanine|Extreme Speed|p1a: Tyranitar\n|-resisted|p1a: Tyranitar\n|-damage|p1a: Tyranitar|91\/100\n|move|p2b: Amoonguss|Spore|p1b: Amoonguss\n|-status|p1b: Amoonguss|slp|[from] move: Spore\n|cant|p1b: Amoonguss|slp\n|\n|-weather|Sandstorm|[upkeep]\n|-damage|p2b: Amoonguss|60\/100|[from] Sandstorm\n|-damage|p1b: Amoonguss|94\/100 slp|[from] Sandstorm\n|upkeep\n|turn|8\n|\n|t:|1683399453\n|switch|p1a: Gyarados|Gyarados, L50, M|62\/100 slp\n|-ability|p1a: Gyarados|Intimidate|boost\n|-unboost|p2a: Arcanine|atk|1\n|-unboost|p2b: Amoonguss|atk|1\n|switch|p1b: Great Tusk|Great Tusk, L50|100\/100\n|move|p2a: Arcanine|Protect|p2a: Arcanine\n|-singleturn|p2a: Arcanine|Protect\n|move|p2b: Amoonguss|Spore|p1a: Gyarados\n|-fail|p1a: Gyarados|slp\n|\n|-weather|Sandstorm|[upkeep]\n|-damage|p1a: Gyarados|56\/100 slp|[from] Sandstorm\n|-damage|p2b: Amoonguss|54\/100|[from] Sandstorm\n|upkeep\n|turn|9\n|\n|t:|1683399471\n|switch|p2a: Palafin|Palafin-Hero, L50, M, shiny|100\/100\n|-activate|p2a: Palafin|ability: Zero to Hero\n|move|p1b: Great Tusk|Ice Spinner|p2b: Amoonguss\n|-supereffective|p2b: Amoonguss\n|-damage|p2b: Amoonguss|12\/100\n|-enditem|p2b: Amoonguss|Sitrus Berry|[eat]\n|-heal|p2b: Amoonguss|37\/100|[from] item: Sitrus Berry\n|cant|p1a: Gyarados|slp\n|move|p2b: Amoonguss|Spore|p1b: Great Tusk\n|-status|p1b: Great Tusk|slp|[from] move: Spore\n|\n|-weather|Sandstorm|[upkeep]\n|-damage|p1a: Gyarados|50\/100 slp|[from] Sandstorm\n|-damage|p2a: Palafin|95\/100|[from] Sandstorm\n|-damage|p2b: Amoonguss|31\/100|[from] Sandstorm\n|upkeep\n|turn|10\n|\n|t:|1683399489\n|-end|p1b: Great Tusk|Protosynthesis|[silent]\n|switch|p1b: Amoonguss|Amoonguss, L50, F, tera:Fire|100\/100 slp\n|switch|p2b: Arcanine|Arcanine, L50, M|37\/100\n|-ability|p2b: Arcanine|Intimidate|boost\n|-fail|p1a: Gyarados|unboost|[from] item: Clear Amulet|[of] p1a: Gyarados\n|-unboost|p1b: Amoonguss|atk|1\n|-terastallize|p2a: Palafin|Water\n|-curestatus|p1a: Gyarados|slp|[msg]\n|move|p1a: Gyarados|Protect|p1a: Gyarados\n|-singleturn|p1a: Gyarados|Protect\n|move|p2a: Palafin|Jet Punch|p1b: Amoonguss\n|-supereffective|p1b: Amoonguss\n|-damage|p1b: Amoonguss|0 fnt\n|faint|p1b: Amoonguss\n|\n|-weather|Sandstorm|[upkeep]\n|-damage|p1a: Gyarados|44\/100|[from] Sandstorm\n|-damage|p2a: Palafin|89\/100|[from] Sandstorm\n|upkeep\n|\n|t:|1683399508\n|switch|p1b: Great Tusk|Great Tusk, L50|100\/100 slp\n|turn|11\n|\n|t:|1683399519\n|move|p2b: Arcanine|Extreme Speed|p1b: Great Tusk\n|-damage|p1b: Great Tusk|83\/100 slp\n|move|p2a: Palafin|Jet Punch|p1a: Gyarados\n|-resisted|p1a: Gyarados\n|-damage|p1a: Gyarados|6\/100\n|cant|p1b: Great Tusk|slp\n|move|p1a: Gyarados|Dragon Dance|p1a: Gyarados\n|-boost|p1a: Gyarados|atk|1\n|-boost|p1a: Gyarados|spe|1\n|\n|-weather|none\n|upkeep\n|turn|12\n|\n|t:|1683399531\n|move|p1a: Gyarados|Protect|p1a: Gyarados\n|-singleturn|p1a: Gyarados|Protect\n|move|p2b: Arcanine|Extreme Speed|p1a: Gyarados\n|-activate|p1a: Gyarados|move: Protect\n|move|p2a: Palafin|Jet Punch|p1b: Great Tusk\n|-supereffective|p1b: Great Tusk\n|-damage|p1b: Great Tusk|0 fnt\n|faint|p1b: Great Tusk\n|-end|p1b: Great Tusk|Protosynthesis|[silent]\n|\n|upkeep\n|-message|PhantomAizen forfeited.\n|\n|win|aizakkoo\n|raw|PhantomAizen's rating: 1203 → 1181<\/strong> (-22 for losing)\n|raw|aizakkoo's rating: 1239 → 1261<\/strong> (+22 for winning)\n|l|\u2606PhantomAizen\n","uploadtime":1683399548,"views":15,"p1id":"phantomaizen","p2id":"aizakkoo","formatid":"gen9vgc2023regulationc","rating":1181,"private":0,"password":""}