{"id":"gen9vgc2023regulationc-1860431976","p1":"AirForestOne","p2":"xiaoven","format":"[Gen 9] VGC 2023 Regulation C","log":"|j|\u2606AirForestOne\n|j|\u2606xiaoven\n|t:|1683643698\n|gametype|doubles\n|player|p1|AirForestOne|pokemonbreeder-gen4|1072\n|player|p2|xiaoven|iono|1115\n|teamsize|p1|6\n|teamsize|p2|6\n|gen|9\n|tier|[Gen 9] VGC 2023 Regulation C\n|rated|\n|rule|Species Clause: Limit one of each Pok\u00e9mon\n|rule|Item Clause: Limit one of each item\n|clearpoke\n|poke|p1|Glimmora, L50, M|\n|poke|p1|Amoonguss, L50, M|\n|poke|p1|Dondozo, L50, M|\n|poke|p1|Tatsugiri, L50, F|\n|poke|p1|Flutter Mane, L50|\n|poke|p1|Arcanine, L50, M|\n|poke|p2|Glimmora, L50, M|\n|poke|p2|Wo-Chien, L50|\n|poke|p2|Baxcalibur, L50, M|\n|poke|p2|Salamence, L50, M|\n|poke|p2|Great Tusk, L50|\n|poke|p2|Flutter Mane, L50|\n|teampreview|4\n|inactive|Battle timer is ON: inactive players will automatically lose when time's up. (requested by xiaoven)\n|\n|t:|1683643747\n|start\n|switch|p1a: DONBOZO|Dondozo, L50, M|100\/100\n|switch|p1b: Glimmora|Glimmora, L50, M, shiny|100\/100\n|switch|p2a: dante|Salamence, L50, M|100\/100\n|switch|p2b: tuskothy|Great Tusk, L50, shiny|100\/100\n|-ability|p2a: dante|Intimidate|boost\n|-fail|p1a: DONBOZO|unboost|Attack|[from] ability: Oblivious|[of] p1a: DONBOZO\n|-unboost|p1b: Glimmora|atk|1\n|turn|1\n|inactive|AirForestOne has 30 seconds left.\n|inactive|AirForestOne has 20 seconds left.\n|inactive|xiaoven has 30 seconds left.\n|\n|t:|1683643787\n|move|p2b: tuskothy|Protect|p2b: tuskothy\n|-singleturn|p2b: tuskothy|Protect\n|move|p1a: DONBOZO|Protect|p1a: DONBOZO\n|-singleturn|p1a: DONBOZO|Protect\n|move|p2a: dante|Tailwind|p2a: dante\n|-sidestart|p2: xiaoven|move: Tailwind\n|move|p1b: Glimmora|Mortal Spin|p2a: dante|[spread] p2a\n|-activate|p2b: tuskothy|move: Protect\n|-damage|p2a: dante|96\/100\n|-status|p2a: dante|psn\n|\n|-damage|p2a: dante|84\/100 psn|[from] psn\n|upkeep\n|turn|2\n|inactive|AirForestOne has 30 seconds left.\n|inactive|xiaoven has 30 seconds left.\n|inactive|AirForestOne has 20 seconds left.\n|inactive|AirForestOne has 15 seconds left.\n|\n|t:|1683643828\n|-end|p2b: tuskothy|Protosynthesis|[silent]\n|switch|p2b: snail gaming|Wo-Chien, L50|100\/100\n|-ability|p2b: snail gaming|Tablets of Ruin\n|move|p2a: dante|Earthquake|p1b: Glimmora|[spread] p2b,p1a,p1b\n|-resisted|p2b: snail gaming\n|-supereffective|p1b: Glimmora\n|-damage|p2b: snail gaming|94\/100\n|-damage|p1a: DONBOZO|90\/100\n|-damage|p1b: Glimmora|0 fnt\n|faint|p1b: Glimmora\n|move|p1a: DONBOZO|Wave Crash|p2b: snail gaming\n|-resisted|p2b: snail gaming\n|-damage|p2b: snail gaming|82\/100\n|-damage|p1a: DONBOZO|88\/100|[from] Recoil\n|\n|-heal|p2b: snail gaming|88\/100|[from] item: Leftovers\n|-heal|p1a: DONBOZO|94\/100|[from] item: Leftovers\n|-damage|p2a: dante|72\/100 psn|[from] psn\n|upkeep\n|\n|t:|1683643843\n|switch|p1b: Flutter Mane|Flutter Mane, L50, shiny|100\/100\n|-enditem|p1b: Flutter Mane|Booster Energy\n|-activate|p1b: Flutter Mane|ability: Protosynthesis|[fromitem]\n|-start|p1b: Flutter Mane|protosynthesisspe\n|turn|3\n|inactive|xiaoven has 30 seconds left.\n|inactive|xiaoven has 20 seconds left.\n|inactive|xiaoven has 15 seconds left.\n|\n|t:|1683643888\n|-terastallize|p1b: Flutter Mane|Fairy\n|move|p2b: snail gaming|Protect|p2b: snail gaming\n|-singleturn|p2b: snail gaming|Protect\n|move|p1a: DONBOZO|Protect|p1a: DONBOZO\n|-singleturn|p1a: DONBOZO|Protect\n|move|p2a: dante|Earthquake|p1b: Flutter Mane|[spread] p1b\n|-activate|p2b: snail gaming|move: Protect\n|-activate|p1a: DONBOZO|move: Protect\n|-damage|p1b: Flutter Mane|54\/100\n|move|p1b: Flutter Mane|Dazzling Gleam|p2b: snail gaming|[spread] p2a\n|-activate|p2b: snail gaming|move: Protect\n|-supereffective|p2a: dante\n|-damage|p2a: dante|0 fnt\n|faint|p2a: dante\n|\n|-heal|p2b: snail gaming|94\/100|[from] item: Leftovers\n|-heal|p1a: DONBOZO|99\/100|[from] item: Leftovers\n|upkeep\n|inactive|xiaoven has 30 seconds left.\n|\n|t:|1683643914\n|switch|p2a: tuskothy|Great Tusk, L50, shiny|100\/100\n|turn|4\n|inactive|AirForestOne has 30 seconds left.\n|inactive|AirForestOne has 20 seconds left.\n|inactive|AirForestOne has 15 seconds left.\n|\n|t:|1683643958\n|move|p1b: Flutter Mane|Dazzling Gleam|p2a: tuskothy|[spread] p2a,p2b\n|-supereffective|p2a: tuskothy\n|-supereffective|p2b: snail gaming\n|-damage|p2a: tuskothy|0 fnt\n|-damage|p2b: snail gaming|35\/100\n|faint|p2a: tuskothy\n|-end|p2a: tuskothy|Protosynthesis|[silent]\n|move|p2b: snail gaming|Leech Seed|p1a: DONBOZO\n|-start|p1a: DONBOZO|move: Leech Seed\n|move|p1a: DONBOZO|Wave Crash|p2b: snail gaming\n|-resisted|p2b: snail gaming\n|-damage|p2b: snail gaming|24\/100\n|-damage|p1a: DONBOZO|97\/100|[from] Recoil\n|\n|-heal|p2b: snail gaming|30\/100|[from] item: Leftovers\n|-heal|p1a: DONBOZO|100\/100|[from] item: Leftovers\n|-damage|p1a: DONBOZO|88\/100|[from] Leech Seed|[of] p2b: snail gaming\n|-heal|p2b: snail gaming|47\/100|[silent]\n|-sideend|p2: xiaoven|move: Tailwind\n|upkeep\n|\n|t:|1683643962\n|switch|p2a: violencia|Flutter Mane, L50|100\/100\n|turn|5\n|inactive|AirForestOne has 30 seconds left.\n|inactive|xiaoven has 30 seconds left.\n|inactive|xiaoven has 20 seconds left.\n|inactive|xiaoven has 15 seconds left.\n|\n|t:|1683644007\n|-terastallize|p2b: snail gaming|Poison\n|move|p1a: DONBOZO|Protect|p1a: DONBOZO\n|-singleturn|p1a: DONBOZO|Protect\n|move|p1b: Flutter Mane|Dazzling Gleam|p2b: snail gaming|[spread] p2a,p2b\n|-resisted|p2b: snail gaming\n|-damage|p2a: violencia|52\/100\n|-damage|p2b: snail gaming|33\/100\n|move|p2a: violencia|Shadow Ball|p1b: Flutter Mane\n|-damage|p1b: Flutter Mane|0 fnt\n|faint|p1b: Flutter Mane\n|-end|p1b: Flutter Mane|Protosynthesis|[silent]\n|move|p2b: snail gaming|Pollen Puff|p2a: violencia\n|-heal|p2a: violencia|100\/100\n|\n|-heal|p2b: snail gaming|39\/100|[from] item: Leftovers\n|-heal|p1a: DONBOZO|94\/100|[from] item: Leftovers\n|-damage|p1a: DONBOZO|82\/100|[from] Leech Seed|[of] p2b: snail gaming\n|-heal|p2b: snail gaming|55\/100|[silent]\n|upkeep\n|\n|t:|1683644031\n|switch|p1b: Tatsugiri|Tatsugiri, L50, F, shiny|100\/100\n|-activate|p1b: Tatsugiri|ability: Commander|[of] p1a: DONBOZO\n|-boost|p1a: DONBOZO|atk|2\n|-boost|p1a: DONBOZO|spa|2\n|-boost|p1a: DONBOZO|spe|2\n|-boost|p1a: DONBOZO|def|2\n|-boost|p1a: DONBOZO|spd|2\n|turn|6\n|\n|t:|1683644041\n|move|p2a: violencia|Shadow Ball|p1a: DONBOZO\n|-damage|p1a: DONBOZO|50\/100\n|-unboost|p1a: DONBOZO|spd|1\n|move|p1a: DONBOZO|Earthquake|p2b: snail gaming|[spread] p2a,p2b\n|-miss|p1a: DONBOZO|p1b: Tatsugiri\n|-supereffective|p2b: snail gaming\n|-damage|p2a: violencia|48\/100\n|-damage|p2b: snail gaming|19\/100\n|move|p2b: snail gaming|Ruination|p1a: DONBOZO\n|-damage|p1a: DONBOZO|25\/100\n|\n|-heal|p1a: DONBOZO|32\/100|[from] item: Leftovers\n|-heal|p2b: snail gaming|25\/100|[from] item: Leftovers\n|-damage|p1a: DONBOZO|19\/100|[from] Leech Seed|[of] p2b: snail gaming\n|-heal|p2b: snail gaming|41\/100|[silent]\n|upkeep\n|turn|7\n|\n|t:|1683644060\n|move|p2a: violencia|Shadow Ball|p1a: DONBOZO\n|-damage|p1a: DONBOZO|0 fnt\n|faint|p1a: DONBOZO\n|move|p2b: snail gaming|Pollen Puff|p2a: violencia\n|-heal|p2a: violencia|97\/100\n|\n|-heal|p2b: snail gaming|47\/100|[from] item: Leftovers\n|upkeep\n|turn|8\n|\n|t:|1683644081\n|move|p1b: Tatsugiri|Surf|p2b: snail gaming|[spread] p2a,p2b\n|-damage|p2a: violencia|59\/100\n|-damage|p2b: snail gaming|23\/100\n|move|p2a: violencia|Shadow Ball|p1b: Tatsugiri\n|-damage|p1b: Tatsugiri|12\/100\n|move|p2b: snail gaming|Pollen Puff|p1b: Tatsugiri\n|-damage|p1b: Tatsugiri|0 fnt\n|faint|p1b: Tatsugiri\n|\n|win|xiaoven\n|raw|AirForestOne's rating: 1072 → 1054<\/strong> (-18 for losing)\n|raw|xiaoven's rating: 1115 → 1137<\/strong> (+22 for winning)\n","uploadtime":1683644246,"views":9,"p1id":"airforestone","p2id":"xiaoven","formatid":"gen9vgc2023regulationc","rating":1054,"private":0,"password":""}