{"id":"gen9vgc2023regulationc-1859799083","p1":"TrendanBrendan","p2":"doctorblubblubs","format":"[Gen 9] VGC 2023 Regulation C","log":"|j|\u2606TrendanBrendan\n|j|\u2606doctorblubblubs\n|t:|1683565500\n|gametype|doubles\n|player|p1|TrendanBrendan|2|1168\n|player|p2|doctorblubblubs|battlegirl-gen4|1177\n|teamsize|p1|6\n|teamsize|p2|6\n|gen|9\n|tier|[Gen 9] VGC 2023 Regulation C\n|rated|\n|rule|Species Clause: Limit one of each Pok\u00e9mon\n|rule|Item Clause: Limit one of each item\n|clearpoke\n|poke|p1|Corviknight, L50, F|\n|poke|p1|Amoonguss, L50, F|\n|poke|p1|Arcanine, L50, M|\n|poke|p1|Palafin, L50, F|\n|poke|p1|Flutter Mane, L50|\n|poke|p1|Ting-Lu, L50|\n|poke|p2|Grimmsnarl, L50, M|\n|poke|p2|Sylveon, L50, M|\n|poke|p2|Kingambit, L50, F|\n|poke|p2|Rotom-Wash, L50|\n|poke|p2|Iron Bundle, L50|\n|poke|p2|Skeledirge, L50, M|\n|teampreview|4\n|c|\u2606TrendanBrendan|glhf\nTrendanBrendan has agreed to open team sheets.\n|c|\u2606doctorblubblubs|u2 :)\ndoctorblubblubs has agreed to open team sheets.\n|inactive|Battle timer is ON: inactive players will automatically lose when time's up. (requested by doctorblubblubs)\n|\n|t:|1683565574\n|start\n|switch|p1a: Gillie|Amoonguss, L50, F|100\/100\n|switch|p1b: Wispa|Flutter Mane, L50|100\/100\n|switch|p2a: Grimmsnarl|Grimmsnarl, L50, M|100\/100\n|switch|p2b: Skeledirge|Skeledirge, L50, M|100\/100\n|turn|1\n|inactive|TrendanBrendan has 30 seconds left.\n|inactive|TrendanBrendan has 20 seconds left.\n|\n|t:|1683565613\n|move|p2a: Grimmsnarl|Light Screen|p2a: Grimmsnarl\n|-sidestart|p2: doctorblubblubs|move: Light Screen\n|move|p1b: Wispa|Shadow Ball|p2b: Skeledirge\n|-supereffective|p2b: Skeledirge\n|-damage|p2b: Skeledirge|17\/100\n|move|p2b: Skeledirge|Torch Song|p1a: Gillie\n|-supereffective|p1a: Gillie\n|-damage|p1a: Gillie|39\/100\n|-boost|p2b: Skeledirge|spa|1\n|-enditem|p1a: Gillie|Sitrus Berry|[eat]\n|-heal|p1a: Gillie|64\/100|[from] item: Sitrus Berry\n|move|p1a: Gillie|Spore|p2a: Grimmsnarl\n|-status|p2a: Grimmsnarl|slp|[from] move: Spore\n|\n|-heal|p2b: Skeledirge|23\/100|[from] item: Leftovers\n|upkeep\n|turn|2\n|\n|t:|1683565635\n|switch|p1a: Mooshold|Ting-Lu, L50|100\/100\n|-ability|p1a: Mooshold|Vessel of Ruin\n|move|p2b: Skeledirge|Protect|p2b: Skeledirge\n|-singleturn|p2b: Skeledirge|Protect\n|move|p1b: Wispa|Shadow Ball|p2b: Skeledirge\n|-activate|p2b: Skeledirge|move: Protect\n|cant|p2a: Grimmsnarl|slp\n|\n|-heal|p2b: Skeledirge|29\/100|[from] item: Leftovers\n|upkeep\n|turn|3\n|\n|t:|1683565655\n|switch|p2b: Rotom|Rotom-Wash, L50|100\/100\n|move|p1b: Wispa|Shadow Ball|p2b: Rotom\n|-damage|p2b: Rotom|66\/100\n|-curestatus|p2a: Grimmsnarl|slp|[msg]\n|move|p2a: Grimmsnarl|Spirit Break|p1b: Wispa\n|-damage|p1b: Wispa|39\/100\n|-unboost|p1b: Wispa|spa|1\n|move|p1a: Mooshold|Heavy Slam|p2a: Grimmsnarl\n|-supereffective|p2a: Grimmsnarl\n|-damage|p2a: Grimmsnarl|7\/100\n|\n|upkeep\n|turn|4\n|\n|t:|1683565679\n|-end|p1b: Wispa|Protosynthesis|[silent]\n|switch|p1b: Gillie|Amoonguss, L50, F|97\/100\n|-terastallize|p1a: Mooshold|Poison\n|move|p2a: Grimmsnarl|Reflect|p2a: Grimmsnarl\n|-sidestart|p2: doctorblubblubs|Reflect\n|move|p2b: Rotom|Will-O-Wisp|p1a: Mooshold\n|-status|p1a: Mooshold|brn\n|move|p1a: Mooshold|Ruination|p2b: Rotom\n|-damage|p2b: Rotom|34\/100\n|-enditem|p2b: Rotom|Sitrus Berry|[eat]\n|-heal|p2b: Rotom|58\/100|[from] item: Sitrus Berry\n|\n|-damage|p1a: Mooshold|95\/100 brn|[from] brn\n|upkeep\n|turn|5\n|\n|t:|1683565704\n|move|p2b: Rotom|Hydro Pump|p1b: Gillie\n|-resisted|p1b: Gillie\n|-damage|p1b: Gillie|85\/100\n|move|p2a: Grimmsnarl|False Surrender|p1b: Gillie\n|-damage|p1b: Gillie|43\/100\n|move|p1a: Mooshold|Heavy Slam|p2a: Grimmsnarl\n|-supereffective|p2a: Grimmsnarl\n|-damage|p2a: Grimmsnarl|0 fnt\n|faint|p2a: Grimmsnarl\n|move|p1b: Gillie|Spore|p2b: Rotom\n|-status|p2b: Rotom|slp|[from] move: Spore\n|\n|-damage|p1a: Mooshold|89\/100 brn|[from] brn\n|upkeep\n|\n|t:|1683565721\n|switch|p2a: Skeledirge|Skeledirge, L50, M|29\/100\n|turn|6\n|\n|t:|1683565741\n|move|p2a: Skeledirge|Protect|p2a: Skeledirge\n|-singleturn|p2a: Skeledirge|Protect\n|move|p1b: Gillie|Protect|p1b: Gillie\n|-singleturn|p1b: Gillie|Protect\n|cant|p2b: Rotom|slp\n|move|p1a: Mooshold|Stomping Tantrum|p2a: Skeledirge\n|-activate|p2a: Skeledirge|move: Protect\n|\n|-heal|p2a: Skeledirge|36\/100|[from] item: Leftovers\n|-damage|p1a: Mooshold|83\/100 brn|[from] brn\n|upkeep\n|turn|7\n|\n|t:|1683565760\n|cant|p2b: Rotom|slp\n|move|p2a: Skeledirge|Torch Song|p1b: Gillie\n|-supereffective|p1b: Gillie\n|-damage|p1b: Gillie|0 fnt\n|-boost|p2a: Skeledirge|spa|1\n|faint|p1b: Gillie\n|move|p1a: Mooshold|Stomping Tantrum|p2a: Skeledirge\n|-supereffective|p2a: Skeledirge\n|-damage|p2a: Skeledirge|14\/100\n|\n|-heal|p2a: Skeledirge|20\/100|[from] item: Leftovers\n|-damage|p1a: Mooshold|77\/100 brn|[from] brn\n|upkeep\n|\n|t:|1683565772\n|switch|p1b: Wispa|Flutter Mane, L50|39\/100\n|turn|8\n|\n|t:|1683565784\n|move|p2a: Skeledirge|Protect|p2a: Skeledirge\n|-singleturn|p2a: Skeledirge|Protect\n|move|p1b: Wispa|Dazzling Gleam|p2a: Skeledirge|[spread] p2b\n|-activate|p2a: Skeledirge|move: Protect\n|-damage|p2b: Rotom|36\/100 slp\n|-curestatus|p2b: Rotom|slp|[msg]\n|move|p2b: Rotom|Hydro Pump|p1b: Wispa\n|-damage|p1b: Wispa|7\/100\n|move|p1a: Mooshold|Ruination|p2b: Rotom\n|-damage|p2b: Rotom|18\/100\n|\n|-heal|p2a: Skeledirge|26\/100|[from] item: Leftovers\n|-damage|p1a: Mooshold|71\/100 brn|[from] brn\n|-sideend|p2: doctorblubblubs|move: Light Screen\n|upkeep\n|turn|9\n|\n|t:|1683565806\n|move|p1b: Wispa|Dazzling Gleam|p2b: Rotom|[spread] p2a,p2b\n|-resisted|p2a: Skeledirge\n|-crit|p2a: Skeledirge\n|-damage|p2a: Skeledirge|0 fnt\n|-damage|p2b: Rotom|0 fnt\n|faint|p2a: Skeledirge\n|faint|p2b: Rotom\n|move|p1a: Mooshold|Stomping Tantrum|p2: Skeledirge|[notarget]\n|-fail|p1a: Mooshold\n|\n|-damage|p1a: Mooshold|65\/100 brn|[from] brn\n|upkeep\n|-message|doctorblubblubs forfeited.\n|\n|win|TrendanBrendan\n|raw|TrendanBrendan's rating: 1168 → 1194<\/strong> (+26 for winning)\n|raw|doctorblubblubs's rating: 1177 → 1151<\/strong> (-26 for losing)\n|l|\u2606doctorblubblubs\n","uploadtime":1683565817,"views":5,"p1id":"trendanbrendan","p2id":"doctorblubblubs","formatid":"gen9vgc2023regulationc","rating":1151,"private":0,"password":""}