{"id":"gen9vgc2023regulationc-1847171026","p1":"babiwi bewey\u2714\ufe0f","p2":"nathanv2121","format":"[Gen 9] VGC 2023 Regulation C","log":"|j|\u2606babiwi bewey\u2714\ufe0f\n|j|\u2606nathanv2121\n|t:|1681924896\n|gametype|doubles\n|player|p1|babiwi bewey\u2714\ufe0f|elesa-masters|1394\n|player|p2|nathanv2121|101|1485\n|teamsize|p1|6\n|teamsize|p2|6\n|gen|9\n|tier|[Gen 9] VGC 2023 Regulation C\n|rated|\n|rule|Species Clause: Limit one of each Pok\u00e9mon\n|rule|Item Clause: Limit one of each item\n|clearpoke\n|poke|p1|Flutter Mane, L50|\n|poke|p1|Kingambit, L50, F|\n|poke|p1|Brute Bonnet, L50|\n|poke|p1|Volcarona, L50, M|\n|poke|p1|Iron Bundle, L50|\n|poke|p1|Dragonite, L50, M|\n|poke|p2|Talonflame, L50, M|\n|poke|p2|Garchomp, L50, F|\n|poke|p2|Flutter Mane, L50|\n|poke|p2|Iron Bundle, L50|\n|poke|p2|Kingambit, L50, M|\n|poke|p2|Amoonguss, L50, M|\n|teampreview|4\n|inactive|Battle timer is ON: inactive players will automatically lose when time's up. (requested by nathanv2121)\n|inactive|babiwi bewey\u2714\ufe0f has 60 seconds left.\n|\n|t:|1681924955\n|start\n|switch|p1a: Dragonite|Dragonite, L50, M|100\/100\n|switch|p1b: Brute Bonnet|Brute Bonnet, L50|100\/100\n|switch|p2a: Talonflame|Talonflame, L50, M|100\/100\n|switch|p2b: Garchomp|Garchomp, L50, F|100\/100\n|turn|1\n|inactive|nathanv2121 has 30 seconds left.\n|\n|t:|1681924990\n|move|p2b: Garchomp|Protect|p2b: Garchomp\n|-singleturn|p2b: Garchomp|Protect\n|move|p1a: Dragonite|Protect|p1a: Dragonite\n|-singleturn|p1a: Dragonite|Protect\n|move|p2a: Talonflame|Brave Bird|p1b: Brute Bonnet\n|-supereffective|p1b: Brute Bonnet\n|-damage|p1b: Brute Bonnet|23\/100\n|-damage|p2a: Talonflame|65\/100|[from] Recoil\n|move|p1b: Brute Bonnet|Spore|p2a: Talonflame\n|-status|p2a: Talonflame|slp|[from] move: Spore\n|\n|upkeep\n|turn|2\n|\n|t:|1681925013\n|-terastallize|p2b: Garchomp|Fire\n|-terastallize|p1a: Dragonite|Flying\n|move|p1b: Brute Bonnet|Protect|p1b: Brute Bonnet\n|-singleturn|p1b: Brute Bonnet|Protect\n|cant|p2a: Talonflame|slp\n|move|p2b: Garchomp|Stomping Tantrum|p1b: Brute Bonnet\n|-activate|p1b: Brute Bonnet|move: Protect\n|move|p1a: Dragonite|Tera Blast|p2b: Garchomp\n|-damage|p2b: Garchomp|39\/100\n|\n|upkeep\n|turn|3\n|j| Risenoni\n|\n|t:|1681925031\n|move|p1b: Brute Bonnet|Sucker Punch|p2b: Garchomp\n|-damage|p2b: Garchomp|0 fnt\n|-damage|p1b: Brute Bonnet|11\/100|[from] ability: Rough Skin|[of] p2b: Garchomp\n|faint|p2b: Garchomp\n|cant|p2a: Talonflame|slp\n|move|p1a: Dragonite|Tera Blast|p2a: Talonflame\n|-damage|p2a: Talonflame|0 fnt\n|faint|p2a: Talonflame\n|\n|upkeep\n|\n|t:|1681925034\n|switch|p2a: Iron Bundle|Iron Bundle, L50|100\/100\n|switch|p2b: Kingambit|Kingambit, L50, M|100\/100\n|-enditem|p2a: Iron Bundle|Booster Energy\n|-activate|p2a: Iron Bundle|ability: Quark Drive|[fromitem]\n|-start|p2a: Iron Bundle|quarkdrivespe\n|turn|4\n|\n|t:|1681925056\n|move|p1a: Dragonite|Protect|p1a: Dragonite\n|-singleturn|p1a: Dragonite|Protect\n|move|p2a: Iron Bundle|Icy Wind|p1b: Brute Bonnet|[spread] p1b\n|-activate|p1a: Dragonite|move: Protect\n|-supereffective|p1b: Brute Bonnet\n|-damage|p1b: Brute Bonnet|0 fnt\n|faint|p1b: Brute Bonnet\n|-end|p1b: Brute Bonnet|Protosynthesis|[silent]\n|move|p2b: Kingambit|Kowtow Cleave|p1a: Dragonite\n|-activate|p1a: Dragonite|move: Protect\n|\n|upkeep\n|\n|t:|1681925063\n|switch|p1b: Volcarona|Volcarona, L50, M|100\/100\n|turn|5\n|\n|t:|1681925073\n|move|p1b: Volcarona|Rage Powder|p1b: Volcarona\n|-singleturn|p1b: Volcarona|move: Rage Powder\n|move|p2a: Iron Bundle|Hydro Pump|p1b: Volcarona\n|-supereffective|p1b: Volcarona\n|-damage|p1b: Volcarona|0 fnt\n|faint|p1b: Volcarona\n|move|p1a: Dragonite|Tera Blast|p2a: Iron Bundle\n|-damage|p2a: Iron Bundle|28\/100\n|move|p2b: Kingambit|Kowtow Cleave|p1a: Dragonite\n|-damage|p1a: Dragonite|78\/100\n|\n|upkeep\n|\n|t:|1681925082\n|switch|p1b: Kingambit|Kingambit, L50, F|100\/100\n|turn|6\n|inactive|nathanv2121 has 30 seconds left.\n|\n|t:|1681925117\n|move|p2a: Iron Bundle|Protect|p2a: Iron Bundle\n|-singleturn|p2a: Iron Bundle|Protect\n|move|p1a: Dragonite|Extreme Speed|p2a: Iron Bundle\n|-activate|p2a: Iron Bundle|move: Protect\n|move|p1b: Kingambit|Iron Head|p2b: Kingambit\n|-resisted|p2b: Kingambit\n|-damage|p2b: Kingambit|82\/100\n|move|p2b: Kingambit|Kowtow Cleave|p1a: Dragonite\n|-damage|p1a: Dragonite|34\/100\n|\n|upkeep\n|turn|7\n|\n|t:|1681925135\n|move|p2a: Iron Bundle|Protect||[still]\n|-fail|p2a: Iron Bundle\n|move|p1a: Dragonite|Extreme Speed|p2a: Iron Bundle\n|-damage|p2a: Iron Bundle|0 fnt\n|faint|p2a: Iron Bundle\n|-end|p2a: Iron Bundle|Quark Drive|[silent]\n|move|p2b: Kingambit|Kowtow Cleave|p1a: Dragonite\n|-damage|p1a: Dragonite|0 fnt\n|faint|p1a: Dragonite\n|move|p1b: Kingambit|Iron Head|p2b: Kingambit\n|-resisted|p2b: Kingambit\n|-damage|p2b: Kingambit|65\/100\n|\n|upkeep\n|turn|8\n|\n|t:|1681925147\n|move|p2b: Kingambit|Iron Head|p1b: Kingambit\n|-resisted|p1b: Kingambit\n|-damage|p1b: Kingambit|84\/100\n|cant|p1b: Kingambit|flinch\n|\n|upkeep\n|turn|9\n|\n|t:|1681925155\n|move|p1b: Kingambit|Iron Head|p2b: Kingambit\n|-resisted|p2b: Kingambit\n|-damage|p2b: Kingambit|48\/100\n|move|p2b: Kingambit|Iron Head|p1b: Kingambit\n|-resisted|p1b: Kingambit\n|-damage|p1b: Kingambit|66\/100\n|\n|upkeep\n|turn|10\n|\n|t:|1681925165\n|move|p1b: Kingambit|Iron Head|p2b: Kingambit\n|-resisted|p2b: Kingambit\n|-damage|p2b: Kingambit|30\/100\n|cant|p2b: Kingambit|flinch\n|\n|upkeep\n|turn|11\n|\n|t:|1681925174\n|move|p2b: Kingambit|Iron Head|p1b: Kingambit\n|-resisted|p1b: Kingambit\n|-damage|p1b: Kingambit|47\/100\n|move|p1b: Kingambit|Iron Head|p2b: Kingambit\n|-resisted|p2b: Kingambit\n|-damage|p2b: Kingambit|14\/100\n|\n|upkeep\n|turn|12\n|\n|t:|1681925181\n|move|p2b: Kingambit|Iron Head|p1b: Kingambit\n|-resisted|p1b: Kingambit\n|-damage|p1b: Kingambit|29\/100\n|move|p1b: Kingambit|Iron Head|p2b: Kingambit\n|-resisted|p2b: Kingambit\n|-damage|p2b: Kingambit|0 fnt\n|faint|p2b: Kingambit\n|\n|win|babiwi bewey\u2714\ufe0f\n|raw|babiwi bewey\u2714\ufe0f's rating: 1394 → 1419<\/strong> (+25 for winning)\n|raw|nathanv2121's rating: 1485 → 1460<\/strong> (-25 for losing)\n|l|\u2606nathanv2121\n","uploadtime":1681925188,"views":7,"p1id":"babiwibewey","p2id":"nathanv2121","formatid":"gen9vgc2023regulationc","rating":1419,"private":0,"password":""}