{"id":"gen9vgc2023regulationc-1854861808","p1":"Duke311","p2":"Elbiogolo","format":"[Gen 9] VGC 2023 Regulation C","log":"|j|\u2606Duke311\n|j|\u2606Elbiogolo\n|t:|1682874439\n|gametype|doubles\n|player|p1|Duke311|flannery|1003\n|player|p2|Elbiogolo|102|1071\n|teamsize|p1|6\n|teamsize|p2|6\n|gen|9\n|tier|[Gen 9] VGC 2023 Regulation C\n|rated|\n|rule|Species Clause: Limit one of each Pok\u00e9mon\n|rule|Item Clause: Limit one of each item\n|clearpoke\n|poke|p1|Ting-Lu, L50|\n|poke|p1|Amoonguss, L50, M|\n|poke|p1|Gothitelle, L50, F|\n|poke|p1|Dragonite, L50, F|\n|poke|p1|Scream Tail, L50|\n|poke|p1|Tauros-Paldea-Aqua, L50, M|\n|poke|p2|Tyranitar, L50, M|\n|poke|p2|Chien-Pao, L50|\n|poke|p2|Gholdengo, L50|\n|poke|p2|Dragonite, L50, F|\n|poke|p2|Roaring Moon, L50|\n|poke|p2|Lycanroc, L50, M|\n|teampreview|4\nDuke311 has agreed to open team sheets.\n|\n|t:|1682874461\n|start\n|switch|p1a: Scream Tail|Scream Tail, L50, shiny|100\/100\n|switch|p1b: Gothitelle|Gothitelle, L50, F|100\/100\n|switch|p2a: Titi|Tyranitar, L50, M|100\/100\n|switch|p2b: Dragonite|Dragonite, L50, F|100\/100\n|-weather|Sandstorm|[from] ability: Sand Stream|[of] p2a: Titi\n|-enditem|p1a: Scream Tail|Booster Energy\n|-activate|p1a: Scream Tail|ability: Protosynthesis|[fromitem]\n|-start|p1a: Scream Tail|protosynthesisspd\n|turn|1\n|\n|t:|1682874494\n|-terastallize|p2a: Titi|Ghost\n|move|p2b: Dragonite|Aqua Jet|p2a: Titi\n|-damage|p2a: Titi|87\/100\n|move|p1a: Scream Tail|Perish Song|p1a: Scream Tail\n|-start|p1a: Scream Tail|perish3|[silent]\n|-start|p1b: Gothitelle|perish3|[silent]\n|-start|p2a: Titi|perish3|[silent]\n|-start|p2b: Dragonite|perish3|[silent]\n|-fieldactivate|move: Perish Song\n|move|p2a: Titi|Tera Blast|p1b: Gothitelle\n|-supereffective|p1b: Gothitelle\n|-damage|p1b: Gothitelle|11\/100\n|-enditem|p1b: Gothitelle|Wiki Berry|[eat]\n|-heal|p1b: Gothitelle|45\/100|[from] item: Wiki Berry\n|move|p1b: Gothitelle|Thunder Wave|p2b: Dragonite\n|-status|p2b: Dragonite|par\n|\n|-weather|Sandstorm|[upkeep]\n|-damage|p1a: Scream Tail|95\/100|[from] Sandstorm\n|-damage|p2a: Titi|81\/100|[from] Sandstorm\n|-damage|p1b: Gothitelle|38\/100|[from] Sandstorm\n|-start|p1a: Scream Tail|perish3\n|-start|p2a: Titi|perish3\n|-start|p1b: Gothitelle|perish3\n|-start|p2b: Dragonite|perish3\n|upkeep\n|turn|2\n|\n|t:|1682874532\n|-end|p1a: Scream Tail|Protosynthesis|[silent]\n|switch|p1a: Amoonguss|Amoonguss, L50, M|100\/100\n|move|p1b: Gothitelle|Protect|p1b: Gothitelle\n|-singleturn|p1b: Gothitelle|Protect\n|move|p2a: Titi|Tera Blast|p1b: Gothitelle\n|-activate|p1b: Gothitelle|move: Protect\n|move|p2b: Dragonite|Waterfall|p1a: Amoonguss\n|-resisted|p1a: Amoonguss\n|-damage|p1a: Amoonguss|88\/100\n|\n|-weather|Sandstorm|[upkeep]\n|-damage|p2a: Titi|75\/100|[from] Sandstorm\n|-damage|p1b: Gothitelle|32\/100|[from] Sandstorm\n|-damage|p1a: Amoonguss|82\/100|[from] Sandstorm\n|-start|p2a: Titi|perish2\n|-start|p1b: Gothitelle|perish2\n|-start|p2b: Dragonite|perish2\n|upkeep\n|turn|3\n|\n|t:|1682874558\n|move|p1a: Amoonguss|Rage Powder|p1a: Amoonguss\n|-singleturn|p1a: Amoonguss|move: Rage Powder\n|move|p2a: Titi|Rock Slide|p1b: Gothitelle|[spread] p1b\n|-miss|p2a: Titi|p1a: Amoonguss\n|-damage|p1b: Gothitelle|3\/100\n|move|p1b: Gothitelle|Thunder Wave|p2a: Titi\n|-status|p2a: Titi|par\n|move|p2b: Dragonite|Waterfall|p1a: Amoonguss\n|-resisted|p1a: Amoonguss\n|-damage|p1a: Amoonguss|70\/100\n|\n|-weather|Sandstorm|[upkeep]\n|-damage|p1b: Gothitelle|0 fnt|[from] Sandstorm\n|-damage|p2a: Titi|70\/100 par|[from] Sandstorm\n|-damage|p1a: Amoonguss|64\/100|[from] Sandstorm\n|faint|p1b: Gothitelle\n|-start|p2b: Dragonite|perish1\n|-start|p2a: Titi|perish1\n|upkeep\n|\n|t:|1682874581\n|switch|p1b: Scream Tail|Scream Tail, L50, shiny|95\/100\n|turn|4\n|\n|t:|1682874600\n|move|p1a: Amoonguss|Rage Powder|p1a: Amoonguss\n|-singleturn|p1a: Amoonguss|move: Rage Powder\n|move|p1b: Scream Tail|Calm Mind|p1b: Scream Tail\n|-boost|p1b: Scream Tail|spa|1\n|-boost|p1b: Scream Tail|spd|1\n|cant|p2b: Dragonite|par\n|move|p2a: Titi|Rock Slide|p1b: Scream Tail|[spread] p1a,p1b\n|-damage|p1a: Amoonguss|39\/100\n|-damage|p1b: Scream Tail|73\/100\n|-enditem|p1a: Amoonguss|Sitrus Berry|[eat]\n|-heal|p1a: Amoonguss|64\/100|[from] item: Sitrus Berry\n|\n|-weather|Sandstorm|[upkeep]\n|-damage|p1b: Scream Tail|67\/100|[from] Sandstorm\n|-damage|p2a: Titi|64\/100 par|[from] Sandstorm\n|-damage|p1a: Amoonguss|58\/100|[from] Sandstorm\n|-start|p2b: Dragonite|perish0\n|-start|p2a: Titi|perish0\n|upkeep\n|faint|p2b: Dragonite\n|faint|p2a: Titi\n|\n|t:|1682874615\n|switch|p2b: Gholdengo|Gholdengo, L50|100\/100\n|switch|p2a: Chien-Pao|Chien-Pao, L50|100\/100\n|-ability|p2a: Chien-Pao|Sword of Ruin\n|turn|5\n|\n|t:|1682874635\n|move|p1a: Amoonguss|Protect|p1a: Amoonguss\n|-singleturn|p1a: Amoonguss|Protect\n|move|p2a: Chien-Pao|Ice Spinner|p1a: Amoonguss\n|-activate|p1a: Amoonguss|move: Protect\n|move|p1b: Scream Tail|Perish Song|p1b: Scream Tail\n|-start|p1a: Amoonguss|perish3|[silent]\n|-start|p1b: Scream Tail|perish3|[silent]\n|-start|p2a: Chien-Pao|perish3|[silent]\n|-immune|p2b: Gholdengo|[from] ability: Good as Gold\n|-fieldactivate|move: Perish Song\n|move|p2b: Gholdengo|Make It Rain|p1a: Amoonguss|[spread] p1b\n|-activate|p1a: Amoonguss|move: Protect\n|-supereffective|p1b: Scream Tail\n|-damage|p1b: Scream Tail|0 fnt\n|-unboost|p2b: Gholdengo|spa|1\n|faint|p1b: Scream Tail\n|-end|p1b: Scream Tail|Protosynthesis|[silent]\n|\n|-weather|none\n|-start|p2a: Chien-Pao|perish3\n|-start|p1a: Amoonguss|perish3\n|upkeep\n|\n|t:|1682874654\n|switch|p1b: Ting-Lu|Ting-Lu, L50|100\/100\n|-ability|p1b: Ting-Lu|Vessel of Ruin\n|turn|6\n|\n|t:|1682874676\n|move|p2a: Chien-Pao|Ice Spinner|p1a: Amoonguss\n|-supereffective|p1a: Amoonguss\n|-damage|p1a: Amoonguss|0 fnt\n|faint|p1a: Amoonguss\n|move|p2b: Gholdengo|Make It Rain|p1b: Ting-Lu\n|-damage|p1b: Ting-Lu|58\/100\n|-unboost|p2b: Gholdengo|spa|1\n|move|p1b: Ting-Lu|Ruination|p2b: Gholdengo\n|-damage|p2b: Gholdengo|50\/100\n|\n|-heal|p1b: Ting-Lu|64\/100|[from] item: Leftovers\n|-start|p2a: Chien-Pao|perish2\n|upkeep\n|turn|7\n|\n|t:|1682874692\n|-terastallize|p1b: Ting-Lu|Electric\n|move|p1b: Ting-Lu|Protect|p1b: Ting-Lu\n|-singleturn|p1b: Ting-Lu|Protect\n|move|p2a: Chien-Pao|Ice Spinner|p1b: Ting-Lu\n|-activate|p1b: Ting-Lu|move: Protect\n|move|p2b: Gholdengo|Make It Rain|p1b: Ting-Lu\n|-activate|p1b: Ting-Lu|move: Protect\n|\n|-heal|p1b: Ting-Lu|70\/100|[from] item: Leftovers\n|-start|p2a: Chien-Pao|perish1\n|upkeep\n|turn|8\n|\n|t:|1682874709\n|move|p2a: Chien-Pao|Ice Spinner|p1b: Ting-Lu\n|-damage|p1b: Ting-Lu|35\/100\n|move|p2b: Gholdengo|Make It Rain|p1b: Ting-Lu\n|-resisted|p1b: Ting-Lu\n|-damage|p1b: Ting-Lu|20\/100\n|-unboost|p2b: Gholdengo|spa|1\n|move|p1b: Ting-Lu|Stone Edge|p2b: Gholdengo\n|-resisted|p2b: Gholdengo\n|-damage|p2b: Gholdengo|35\/100\n|\n|-heal|p1b: Ting-Lu|26\/100|[from] item: Leftovers\n|-start|p2a: Chien-Pao|perish0\n|upkeep\n|faint|p2a: Chien-Pao\n|turn|9\n|\n|t:|1682874728\n|move|p2b: Gholdengo|Make It Rain|p1b: Ting-Lu\n|-resisted|p1b: Ting-Lu\n|-damage|p1b: Ting-Lu|14\/100\n|-unboost|p2b: Gholdengo|spa|1\n|move|p1b: Ting-Lu|Stone Edge|p2b: Gholdengo\n|-resisted|p2b: Gholdengo\n|-damage|p2b: Gholdengo|23\/100\n|\n|-heal|p1b: Ting-Lu|20\/100|[from] item: Leftovers\n|upkeep\n|turn|10\n|\n|t:|1682874738\n|move|p2b: Gholdengo|Make It Rain|p1b: Ting-Lu\n|-resisted|p1b: Ting-Lu\n|-damage|p1b: Ting-Lu|9\/100\n|-unboost|p2b: Gholdengo|spa|1\n|move|p1b: Ting-Lu|Stone Edge|p2b: Gholdengo\n|-resisted|p2b: Gholdengo\n|-crit|p2b: Gholdengo\n|-damage|p2b: Gholdengo|5\/100\n|\n|-heal|p1b: Ting-Lu|15\/100|[from] item: Leftovers\n|upkeep\n|turn|11\n|\n|t:|1682874751\n|move|p2b: Gholdengo|Make It Rain|p1b: Ting-Lu\n|-resisted|p1b: Ting-Lu\n|-damage|p1b: Ting-Lu|6\/100\n|-unboost|p2b: Gholdengo|spa|1\n|move|p1b: Ting-Lu|Stone Edge|p2b: Gholdengo\n|-resisted|p2b: Gholdengo\n|-damage|p2b: Gholdengo|0 fnt\n|faint|p2b: Gholdengo\n|\n|win|Duke311\n|raw|Duke311's rating: 1003 → 1050<\/strong> (+47 for winning)\n|raw|Elbiogolo's rating: 1071 → 1046<\/strong> (-25 for losing)\n|l|\u2606Elbiogolo\n","uploadtime":1682874764,"views":7,"p1id":"duke311","p2id":"elbiogolo","formatid":"gen9vgc2023regulationc","rating":1046,"private":0,"password":""}