{"id":"gen9vgc2023regulationc-1859616956","p1":"lin7482","p2":"LXF pokemon","format":"[Gen 9] VGC 2023 Regulation C","log":"|j|\u2606lin7482\n|j|\u2606LXF pokemon\n|t:|1683549272\n|gametype|doubles\n|player|p1|lin7482|265|1757\n|player|p2|LXF pokemon|hilbert|1765\n|teamsize|p1|6\n|teamsize|p2|6\n|gen|9\n|tier|[Gen 9] VGC 2023 Regulation C\n|rated|\n|rule|Species Clause: Limit one of each Pok\u00e9mon\n|rule|Item Clause: Limit one of each item\n|clearpoke\n|poke|p1|Dondozo, L50, F|\n|poke|p1|Ting-Lu, L50|\n|poke|p1|Arcanine, L50, F|\n|poke|p1|Tatsugiri, L50, M|\n|poke|p1|Flutter Mane, L50|\n|poke|p1|Maushold, L50|\n|poke|p2|Flutter Mane, L50|\n|poke|p2|Talonflame, L50, M|\n|poke|p2|Chien-Pao, L50|\n|poke|p2|Dragonite, L50, M|\n|poke|p2|Great Tusk, L50|\n|poke|p2|Arcanine, L50, F|\n|teampreview|4\n|j| Blind Theta\n|inactive|Battle timer is ON: inactive players will automatically lose when time's up. (requested by LXF pokemon)\n|j| Matteopez\n|\n|t:|1683549305\n|start\n|switch|p1a: Arcanine|Arcanine, L50, F|100\/100\n|switch|p1b: Dondozo|Dondozo, L50, F|100\/100\n|switch|p2a: Flutter Mane|Flutter Mane, L50|100\/100\n|switch|p2b: Arcanine|Arcanine, L50, F|100\/100\n|-ability|p1a: Arcanine|Intimidate|boost\n|-unboost|p2a: Flutter Mane|atk|1\n|-unboost|p2b: Arcanine|atk|1\n|-ability|p2b: Arcanine|Intimidate|boost\n|-unboost|p1a: Arcanine|atk|1\n|-unboost|p1b: Dondozo|atk|1\n|-enditem|p2a: Flutter Mane|Booster Energy\n|-activate|p2a: Flutter Mane|ability: Protosynthesis|[fromitem]\n|-start|p2a: Flutter Mane|protosynthesisspa\n|turn|1\n|\n|t:|1683549326\n|switch|p1a: Maushold|Maushold, L50|100\/100\n|move|p2a: Flutter Mane|Thunderbolt|p1b: Dondozo\n|-supereffective|p1b: Dondozo\n|-damage|p1b: Dondozo|48\/100\n|move|p2b: Arcanine|Will-O-Wisp|p1b: Dondozo\n|-status|p1b: Dondozo|brn\n|move|p1b: Dondozo|Heavy Slam|p2a: Flutter Mane\n|-supereffective|p2a: Flutter Mane\n|-damage|p2a: Flutter Mane|64\/100\n|\n|-heal|p1b: Dondozo|54\/100 brn|[from] item: Leftovers\n|-damage|p1b: Dondozo|48\/100 brn|[from] brn\n|upkeep\n|turn|2\n|inactive|lin7482 has 30 seconds left.\n|inactive|LXF pokemon has 30 seconds left.\n|\n|t:|1683549354\n|move|p2b: Arcanine|Protect|p2b: Arcanine\n|-singleturn|p2b: Arcanine|Protect\n|move|p2a: Flutter Mane|Dazzling Gleam|p1a: Maushold|[spread] p1a,p1b\n|-damage|p1a: Maushold|34\/100\n|-damage|p1b: Dondozo|22\/100 brn\n|move|p1a: Maushold|Population Bomb|p2b: Arcanine\n|-activate|p2b: Arcanine|move: Protect\n|move|p1b: Dondozo|Yawn|p2a: Flutter Mane\n|-start|p2a: Flutter Mane|move: Yawn|[of] p1b: Dondozo\n|\n|-heal|p1b: Dondozo|28\/100 brn|[from] item: Leftovers\n|-damage|p1b: Dondozo|22\/100 brn|[from] brn\n|upkeep\n|turn|3\n|j| EnrolledAgent\n|inactive|LXF pokemon has 30 seconds left.\n|j| shanehuang99\n|\n|t:|1683549393\n|-terastallize|p1a: Maushold|Ghost\n|move|p2b: Arcanine|Extreme Speed|p1b: Dondozo\n|-damage|p1b: Dondozo|6\/100 brn\n|move|p2a: Flutter Mane|Dazzling Gleam|p1a: Maushold|[spread] p1a,p1b\n|-damage|p1a: Maushold|0 fnt\n|-damage|p1b: Dondozo|0 fnt\n|faint|p1a: Maushold\n|faint|p1b: Dondozo\n|\n|-end|p2a: Flutter Mane|move: Yawn|[silent]\n|-status|p2a: Flutter Mane|slp\n|upkeep\n|\n|t:|1683549398\n|switch|p1a: Flutter Mane|Flutter Mane, L50|100\/100\n|switch|p1b: Arcanine|Arcanine, L50, F|100\/100\n|-ability|p1b: Arcanine|Intimidate|boost\n|-unboost|p2a: Flutter Mane|atk|1\n|-unboost|p2b: Arcanine|atk|1\n|-enditem|p1a: Flutter Mane|Booster Energy\n|-activate|p1a: Flutter Mane|ability: Protosynthesis|[fromitem]\n|-start|p1a: Flutter Mane|protosynthesisspe\n|turn|4\n|\n|t:|1683549420\n|move|p1a: Flutter Mane|Shadow Ball|p2a: Flutter Mane\n|-supereffective|p2a: Flutter Mane\n|-damage|p2a: Flutter Mane|0 fnt\n|faint|p2a: Flutter Mane\n|-end|p2a: Flutter Mane|Protosynthesis|[silent]\n|move|p1b: Arcanine|Flare Blitz|p2b: Arcanine\n|-resisted|p2b: Arcanine\n|-damage|p2b: Arcanine|76\/100\n|-damage|p1b: Arcanine|92\/100|[from] Recoil\n|move|p2b: Arcanine|Flare Blitz|p1a: Flutter Mane\n|-damage|p1a: Flutter Mane|25\/100\n|-damage|p2b: Arcanine|58\/100|[from] Recoil\n|\n|upkeep\n|\n|t:|1683549440\n|switch|p2a: Great Tusk|Great Tusk, L50|100\/100\n|turn|5\n|\n|t:|1683549457\n|-terastallize|p2a: Great Tusk|Ground\n|move|p1a: Flutter Mane|Moonblast|p2a: Great Tusk\n|-damage|p2a: Great Tusk|22\/100\n|move|p2a: Great Tusk|Headlong Rush|p1b: Arcanine\n|-supereffective|p1b: Arcanine\n|-damage|p1b: Arcanine|0 fnt\n|-unboost|p2a: Great Tusk|def|1\n|-unboost|p2a: Great Tusk|spd|1\n|faint|p1b: Arcanine\n|move|p2b: Arcanine|Flare Blitz|p1a: Flutter Mane\n|-damage|p1a: Flutter Mane|0 fnt\n|faint|p1a: Flutter Mane\n|-end|p1a: Flutter Mane|Protosynthesis|[silent]\n|-damage|p2b: Arcanine|53\/100|[from] Recoil\n|\n|win|LXF pokemon\n|raw|lin7482's rating: 1757 → 1737<\/strong> (-20 for losing)\n|raw|LXF pokemon's rating: 1765 → 1785<\/strong> (+20 for winning)\n|l|\u2606lin7482\n|l| Blind Theta\n|l| shanehuang99\n|l|\u2606LXF pokemon\n","uploadtime":1683549597,"views":11,"p1id":"lin7482","p2id":"lxfpokemon","formatid":"gen9vgc2023regulationc","rating":1737,"private":0,"password":""}