{"id":"gen9vgc2023regulationc-1854750565","p1":"mysafewordisharder","p2":"repete64","format":"[Gen 9] VGC 2023 Regulation C","log":"|j|\u2606mysafewordisharder\n|j|\u2606repete64\n|t:|1682861179\n|gametype|doubles\n|player|p1|mysafewordisharder|milo|1213\n|player|p2|repete64|bruno|1281\n|teamsize|p1|6\n|teamsize|p2|6\n|gen|9\n|tier|[Gen 9] VGC 2023 Regulation C\n|rated|\n|rule|Species Clause: Limit one of each Pok\u00e9mon\n|rule|Item Clause: Limit one of each item\n|clearpoke\n|poke|p1|Garganacl, L50, M|\n|poke|p1|Arcanine, L50, M|\n|poke|p1|Amoonguss, L50, F|\n|poke|p1|Palafin, L50, F|\n|poke|p1|Flutter Mane, L50|\n|poke|p1|Baxcalibur, L50, M|\n|poke|p2|Talonflame, L50, M|\n|poke|p2|Espathra, L50, F|\n|poke|p2|Iron Bundle, L50|\n|poke|p2|Hydreigon, L50, F|\n|poke|p2|Sandy Shocks, L50|\n|poke|p2|Tsareena, L50, F|\n|teampreview|4\nmysafewordisharder has agreed to open team sheets.\n|c|\u2606mysafewordisharder|glhf\nrepete64 has agreed to open team sheets.\n|\n|t:|1682861249\n|start\n|switch|p1a: Tucker|Arcanine, L50, M|100\/100\n|switch|p1b: Chest Day|Palafin, L50, F|100\/100\n|switch|p2a: \u2605Rigel\u2605|Talonflame, L50, M, shiny|100\/100\n|switch|p2b: \u2605Vega\u2605|Tsareena, L50, F|100\/100\n|-ability|p1a: Tucker|Intimidate|boost\n|-unboost|p2a: \u2605Rigel\u2605|atk|1\n|-unboost|p2b: \u2605Vega\u2605|atk|1\n|turn|1\n|\n|t:|1682861271\n|detailschange|p1b: Chest Day|Palafin-Hero, L50, F\n|switch|p1b: Sus|Amoonguss, L50, F|100\/100\n|move|p2a: \u2605Rigel\u2605|Tailwind|p2a: \u2605Rigel\u2605\n|-sidestart|p2: repete64|move: Tailwind\n|move|p2b: \u2605Vega\u2605|Power Whip|p1b: Sus|[miss]\n|-miss|p2b: \u2605Vega\u2605|p1b: Sus\n|move|p1a: Tucker|Flare Blitz|p2a: \u2605Rigel\u2605\n|-resisted|p2a: \u2605Rigel\u2605\n|-damage|p2a: \u2605Rigel\u2605|62\/100\n|-damage|p1a: Tucker|90\/100|[from] Recoil\n|\n|upkeep\n|turn|2\n|\n|t:|1682861283\n|move|p2a: \u2605Rigel\u2605|Protect|p2a: \u2605Rigel\u2605\n|-singleturn|p2a: \u2605Rigel\u2605|Protect\n|move|p1b: Sus|Protect|p1b: Sus\n|-singleturn|p1b: Sus|Protect\n|move|p2b: \u2605Vega\u2605|Taunt|p1b: Sus\n|-activate|p1b: Sus|move: Protect\n|move|p1a: Tucker|Flare Blitz|p2b: \u2605Vega\u2605\n|-supereffective|p2b: \u2605Vega\u2605\n|-damage|p2b: \u2605Vega\u2605|2\/100\n|-enditem|p2b: \u2605Vega\u2605|Sitrus Berry|[eat]\n|-heal|p2b: \u2605Vega\u2605|27\/100|[from] item: Sitrus Berry\n|-damage|p1a: Tucker|60\/100|[from] Recoil\n|\n|upkeep\n|turn|3\n|\n|t:|1682861301\n|switch|p2a: \u2605Antares\u2605|Hydreigon, L50, F|100\/100\n|move|p2b: \u2605Vega\u2605|U-turn|p1a: Tucker\n|-resisted|p1a: Tucker\n|-damage|p1a: Tucker|51\/100\n|\n|t:|1682861306\n|switch|p2b: \u2605Rigel\u2605|Talonflame, L50, M, shiny|62\/100|[from] U-turn\n|move|p1a: Tucker|Flare Blitz|p2b: \u2605Rigel\u2605\n|-resisted|p2b: \u2605Rigel\u2605\n|-damage|p2b: \u2605Rigel\u2605|17\/100\n|-damage|p1a: Tucker|40\/100|[from] Recoil\n|move|p1b: Sus|Pollen Puff|p1a: Tucker\n|-heal|p1a: Tucker|90\/100\n|\n|upkeep\n|turn|4\n|\n|t:|1682861322\n|-terastallize|p2a: \u2605Antares\u2605|Fire\n|move|p1a: Tucker|Extreme Speed|p2b: \u2605Rigel\u2605\n|-damage|p2b: \u2605Rigel\u2605|0 fnt\n|faint|p2b: \u2605Rigel\u2605\n|move|p2a: \u2605Antares\u2605|Heat Wave|p1b: Sus|[spread] p1b\n|-miss|p2a: \u2605Antares\u2605|p1a: Tucker\n|-supereffective|p1b: Sus\n|-damage|p1b: Sus|43\/100\n|-enditem|p1b: Sus|Sitrus Berry|[eat]\n|-heal|p1b: Sus|67\/100|[from] item: Sitrus Berry\n|move|p1b: Sus|Spore|p2a: \u2605Antares\u2605\n|-status|p2a: \u2605Antares\u2605|slp|[from] move: Spore\n|\n|-sideend|p2: repete64|move: Tailwind\n|upkeep\n|c|\u2606repete64|gg\n|\n|t:|1682861333\n|switch|p2b: \u2605Aldebran\u2605|Sandy Shocks, L50, shiny|100\/100\n|-enditem|p2b: \u2605Aldebran\u2605|Booster Energy\n|-activate|p2b: \u2605Aldebran\u2605|ability: Protosynthesis|[fromitem]\n|-start|p2b: \u2605Aldebran\u2605|protosynthesisspe\n|turn|5\n|\n|t:|1682861357\n|switch|p1b: Chest Day|Palafin-Hero, L50, F|100\/100\n|-activate|p1b: Chest Day|ability: Zero to Hero\n|move|p2b: \u2605Aldebran\u2605|Protect|p2b: \u2605Aldebran\u2605\n|-singleturn|p2b: \u2605Aldebran\u2605|Protect\n|move|p1a: Tucker|Protect|p1a: Tucker\n|-singleturn|p1a: Tucker|Protect\n|cant|p2a: \u2605Antares\u2605|slp\n|\n|upkeep\n|turn|6\n|\n|t:|1682861384\n|switch|p1a: Sus|Amoonguss, L50, F|100\/100\n|move|p1b: Chest Day|Protect|p1b: Chest Day\n|-singleturn|p1b: Chest Day|Protect\n|move|p2b: \u2605Aldebran\u2605|Thunder|p1b: Chest Day\n|-activate|p1b: Chest Day|move: Protect\n|cant|p2a: \u2605Antares\u2605|slp\n|\n|upkeep\n|turn|7\n|\n|t:|1682861400\n|-terastallize|p1b: Chest Day|Water\n|move|p2b: \u2605Aldebran\u2605|Protect|p2b: \u2605Aldebran\u2605\n|-singleturn|p2b: \u2605Aldebran\u2605|Protect\n|move|p1a: Sus|Rage Powder|p1a: Sus\n|-singleturn|p1a: Sus|move: Rage Powder\n|cant|p2a: \u2605Antares\u2605|slp\n|move|p1b: Chest Day|Wave Crash|p2b: \u2605Aldebran\u2605\n|-activate|p2b: \u2605Aldebran\u2605|move: Protect\n|\n|upkeep\n|turn|8\n|\n|t:|1682861432\n|move|p1a: Sus|Rage Powder|p1a: Sus\n|-singleturn|p1a: Sus|move: Rage Powder\n|move|p2b: \u2605Aldebran\u2605|Thunder|p1a: Sus|[miss]\n|-miss|p2b: \u2605Aldebran\u2605|p1a: Sus\n|-curestatus|p2a: \u2605Antares\u2605|slp|[msg]\n|move|p2a: \u2605Antares\u2605|Heat Wave|p1a: Sus|[spread] p1a,p1b\n|-supereffective|p1a: Sus\n|-resisted|p1b: Chest Day\n|-damage|p1a: Sus|37\/100\n|-damage|p1b: Chest Day|83\/100\n|move|p1b: Chest Day|Wave Crash|p2a: \u2605Antares\u2605\n|-supereffective|p2a: \u2605Antares\u2605\n|-damage|p2a: \u2605Antares\u2605|0 fnt\n|faint|p2a: \u2605Antares\u2605\n|-damage|p1b: Chest Day|51\/100|[from] Recoil\n|\n|upkeep\n|\n|t:|1682861441\n|switch|p2a: \u2605Vega\u2605|Tsareena, L50, F|27\/100\n|turn|9\n|\n|t:|1682861448\n|move|p2b: \u2605Aldebran\u2605|Protect|p2b: \u2605Aldebran\u2605\n|-singleturn|p2b: \u2605Aldebran\u2605|Protect\n|move|p1b: Chest Day|Protect|p1b: Chest Day\n|-singleturn|p1b: Chest Day|Protect\n|move|p2a: \u2605Vega\u2605|Power Whip|p1b: Chest Day\n|-activate|p1b: Chest Day|move: Protect\n|move|p1a: Sus|Pollen Puff|p2a: \u2605Vega\u2605\n|-supereffective|p2a: \u2605Vega\u2605\n|-damage|p2a: \u2605Vega\u2605|0 fnt\n|faint|p2a: \u2605Vega\u2605\n|\n|upkeep\n|turn|10\n|-message|repete64 forfeited.\n|\n|win|mysafewordisharder\n|raw|mysafewordisharder's rating: 1213 → 1243<\/strong> (+30 for winning)\n|raw|repete64's rating: 1281 → 1251<\/strong> (-30 for losing)\n|l|\u2606repete64\n|c|\u2606mysafewordisharder|gg\n","uploadtime":1682861466,"views":14,"p1id":"mysafewordisharder","p2id":"repete64","formatid":"gen9vgc2023regulationc","rating":1243,"private":0,"password":""}