{"id":"gen9vgc2023regulationc-1860537327","p1":"Sans45910","p2":"Mythical weavile","format":"[Gen 9] VGC 2023 Regulation C","log":"|j|\u2606Sans45910\n|j|\u2606Mythical weavile\n|t:|1683652663\n|gametype|doubles\n|player|p1|Sans45910|nate|1338\n|player|p2|Mythical weavile|170|1357\n|teamsize|p1|6\n|teamsize|p2|6\n|gen|9\n|tier|[Gen 9] VGC 2023 Regulation C\n|rated|\n|rule|Species Clause: Limit one of each Pok\u00e9mon\n|rule|Item Clause: Limit one of each item\n|clearpoke\n|poke|p1|Torkoal, L50, M|\n|poke|p1|Scizor, L50, F|\n|poke|p1|Sandy Shocks, L50|\n|poke|p1|Chi-Yu, L50|\n|poke|p1|Noivern, L50, F|\n|poke|p1|Flutter Mane, L50|\n|poke|p2|Dondozo, L50, F|\n|poke|p2|Tatsugiri, L50, F|\n|poke|p2|Flutter Mane, L50|\n|poke|p2|Chi-Yu, L50|\n|poke|p2|Iron Bundle, L50|\n|poke|p2|Tinkaton, L50, F|\n|teampreview|4\n|inactive|Battle timer is ON: inactive players will automatically lose when time's up. (requested by Mythical weavile)\nSans45910 has agreed to open team sheets.\n|\n|t:|1683652690\n|start\n|switch|p1a: Sandy Shocks|Sandy Shocks, L50|100\/100\n|switch|p1b: Torkoal|Torkoal, L50, M|100\/100\n|switch|p2a: Chi-Yu|Chi-Yu, L50|100\/100\n|switch|p2b: Iron Bundle|Iron Bundle, L50|100\/100\n|-ability|p2a: Chi-Yu|Beads of Ruin\n|-weather|SunnyDay|[from] ability: Drought|[of] p1b: Torkoal\n|-activate|p1a: Sandy Shocks|ability: Protosynthesis\n|-start|p1a: Sandy Shocks|protosynthesisspa\n|-enditem|p2b: Iron Bundle|Booster Energy\n|-activate|p2b: Iron Bundle|ability: Quark Drive|[fromitem]\n|-start|p2b: Iron Bundle|quarkdrivespe\n|turn|1\n|inactive|Mythical weavile has 30 seconds left.\n|inactive|Mythical weavile has 20 seconds left.\n|inactive|Mythical weavile has 15 seconds left.\n|\n|t:|1683652735\n|-terastallize|p1b: Torkoal|Water\n|move|p1a: Sandy Shocks|Protect|p1a: Sandy Shocks\n|-singleturn|p1a: Sandy Shocks|Protect\n|move|p2a: Chi-Yu|Protect|p2a: Chi-Yu\n|-singleturn|p2a: Chi-Yu|Protect\n|move|p2b: Iron Bundle|Hydro Pump|p1b: Torkoal\n|-resisted|p1b: Torkoal\n|-damage|p1b: Torkoal|76\/100\n|move|p1b: Torkoal|Earth Power|p2a: Chi-Yu\n|-activate|p2a: Chi-Yu|move: Protect\n|\n|-weather|SunnyDay|[upkeep]\n|upkeep\n|turn|2\n|inactive|Mythical weavile has 30 seconds left.\n|\n|t:|1683652762\n|move|p2b: Iron Bundle|Freeze-Dry|p1b: Torkoal\n|-supereffective|p1b: Torkoal\n|-damage|p1b: Torkoal|0 fnt\n|faint|p1b: Torkoal\n|move|p1a: Sandy Shocks|Thunderbolt|p2b: Iron Bundle\n|-supereffective|p2b: Iron Bundle\n|-crit|p2b: Iron Bundle\n|-damage|p2b: Iron Bundle|0 fnt\n|faint|p2b: Iron Bundle\n|-end|p2b: Iron Bundle|Quark Drive|[silent]\n|move|p2a: Chi-Yu|Overheat|p1a: Sandy Shocks\n|-enditem|p1a: Sandy Shocks|Focus Sash\n|-damage|p1a: Sandy Shocks|1\/100\n|-unboost|p2a: Chi-Yu|spa|2\n|\n|-weather|SunnyDay|[upkeep]\n|upkeep\n|\n|t:|1683652778\n|switch|p2b: Tatsugiri|Tatsugiri, L50, F|100\/100\n|switch|p1b: Flutter Mane|Flutter Mane, L50|100\/100\n|-activate|p1b: Flutter Mane|ability: Protosynthesis\n|-start|p1b: Flutter Mane|protosynthesisspe\n|turn|3\n|\n|t:|1683652799\n|switch|p2a: Dondozo|Dondozo, L50, F|100\/100\n|-activate|p2b: Tatsugiri|ability: Commander|[of] p2a: Dondozo\n|-boost|p2a: Dondozo|atk|2\n|-boost|p2a: Dondozo|spa|2\n|-boost|p2a: Dondozo|spe|2\n|-boost|p2a: Dondozo|def|2\n|-boost|p2a: Dondozo|spd|2\n|move|p1b: Flutter Mane|Dazzling Gleam|p2a: Dondozo|[spread] p2a\n|-miss|p1b: Flutter Mane|p2b: Tatsugiri\n|-damage|p2a: Dondozo|86\/100\n|move|p1a: Sandy Shocks|Earth Power|p2a: Dondozo\n|-damage|p2a: Dondozo|57\/100\n|\n|-weather|SunnyDay|[upkeep]\n|-heal|p2a: Dondozo|63\/100|[from] item: Leftovers\n|upkeep\n|turn|4\n|inactive|Sans45910 has 30 seconds left.\n|\n|t:|1683652826\n|-terastallize|p2a: Dondozo|Grass\n|move|p1b: Flutter Mane|Protect|p1b: Flutter Mane\n|-singleturn|p1b: Flutter Mane|Protect\n|move|p2a: Dondozo|Earthquake|p1b: Flutter Mane|[spread] p1a\n|-miss|p2a: Dondozo|p2b: Tatsugiri\n|-activate|p1b: Flutter Mane|move: Protect\n|-supereffective|p1a: Sandy Shocks\n|-damage|p1a: Sandy Shocks|0 fnt\n|faint|p1a: Sandy Shocks\n|-end|p1a: Sandy Shocks|Protosynthesis|[silent]\n|\n|-weather|SunnyDay|[upkeep]\n|-heal|p2a: Dondozo|69\/100|[from] item: Leftovers\n|upkeep\n|\n|t:|1683652835\n|switch|p1a: Noivern|Noivern, L50, F, shiny|100\/100\n|turn|5\n|\n|t:|1683652848\n|move|p1b: Flutter Mane|Shadow Ball|p2a: Dondozo\n|-crit|p2a: Dondozo\n|-damage|p2a: Dondozo|12\/100\n|move|p1a: Noivern|Super Fang|p2a: Dondozo\n|-damage|p2a: Dondozo|6\/100\n|move|p2a: Dondozo|Earthquake|p1b: Flutter Mane|[spread] p1b\n|-miss|p2a: Dondozo|p2b: Tatsugiri\n|-immune|p1a: Noivern\n|-damage|p1b: Flutter Mane|8\/100\n|\n|-weather|none\n|-end|p1b: Flutter Mane|Protosynthesis\n|-heal|p2a: Dondozo|12\/100|[from] item: Leftovers\n|upkeep\n|-enditem|p1b: Flutter Mane|Booster Energy\n|-activate|p1b: Flutter Mane|ability: Protosynthesis|[fromitem]\n|-start|p1b: Flutter Mane|protosynthesisspe\n|turn|6\n|inactive|Mythical weavile has 30 seconds left.\n|\n|t:|1683652878\n|move|p1b: Flutter Mane|Protect|p1b: Flutter Mane\n|-singleturn|p1b: Flutter Mane|Protect\n|move|p2a: Dondozo|Protect|p2a: Dondozo\n|-singleturn|p2a: Dondozo|Protect\n|move|p1a: Noivern|Dragon Pulse|p2a: Dondozo\n|-activate|p2a: Dondozo|move: Protect\n|\n|-heal|p2a: Dondozo|19\/100|[from] item: Leftovers\n|upkeep\n|turn|7\n|\n|t:|1683652890\n|move|p1b: Flutter Mane|Shadow Ball|p2a: Dondozo\n|-damage|p2a: Dondozo|0 fnt\n|faint|p2a: Dondozo\n|move|p1a: Noivern|Dragon Pulse|p2b: Tatsugiri\n|-supereffective|p2b: Tatsugiri\n|-damage|p2b: Tatsugiri|17\/100\n|\n|upkeep\n|\n|t:|1683652895\n|switch|p2a: Chi-Yu|Chi-Yu, L50|100\/100\n|-ability|p2a: Chi-Yu|Beads of Ruin\n|turn|8\n|\n|t:|1683652919\n|move|p1b: Flutter Mane|Protect|p1b: Flutter Mane\n|-singleturn|p1b: Flutter Mane|Protect\n|move|p2b: Tatsugiri|Icy Wind|p1a: Noivern|[spread] \n|-activate|p1b: Flutter Mane|move: Protect\n|-miss|p2b: Tatsugiri|p1a: Noivern\n|move|p1a: Noivern|Super Fang|p2a: Chi-Yu\n|-damage|p2a: Chi-Yu|50\/100\n|move|p2a: Chi-Yu|Heat Wave|p1b: Flutter Mane|[spread] p1a\n|-activate|p1b: Flutter Mane|move: Protect\n|-resisted|p1a: Noivern\n|-damage|p1a: Noivern|71\/100\n|\n|-heal|p1a: Noivern|78\/100|[from] item: Leftovers\n|upkeep\n|turn|9\n|\n|t:|1683652935\n|move|p1b: Flutter Mane|Dazzling Gleam|p2a: Chi-Yu|[spread] p2a,p2b\n|-supereffective|p2b: Tatsugiri\n|-damage|p2a: Chi-Yu|14\/100\n|-damage|p2b: Tatsugiri|0 fnt\n|faint|p2b: Tatsugiri\n|move|p1a: Noivern|Dragon Pulse|p2a: Chi-Yu\n|-damage|p2a: Chi-Yu|0 fnt\n|faint|p2a: Chi-Yu\n|\n|win|Sans45910\n|raw|Sans45910's rating: 1338 → 1359<\/strong> (+21 for winning)\n|raw|Mythical weavile's rating: 1357 → 1336<\/strong> (-21 for losing)\n","uploadtime":1683652941,"views":7,"p1id":"sans45910","p2id":"mythicalweavile","formatid":"gen9vgc2023regulationc","rating":1336,"private":0,"password":""}