{"id":"gen9vgc2023regulationc-1849649348","p1":"InfoWeeb","p2":"snowymonkey","format":"[Gen 9] VGC 2023 Regulation C","log":"|j|\u2606InfoWeeb\n|j|\u2606snowymonkey\n|t:|1682225584\n|gametype|doubles\n|player|p1|InfoWeeb|veteranf|1125\n|player|p2|snowymonkey|169|1108\n|teamsize|p1|6\n|teamsize|p2|6\n|gen|9\n|tier|[Gen 9] VGC 2023 Regulation C\n|rated|\n|rule|Species Clause: Limit one of each Pok\u00e9mon\n|rule|Item Clause: Limit one of each item\n|clearpoke\n|poke|p1|Dragonite, L50, F|\n|poke|p1|Pelipper, L50, M|\n|poke|p1|Iron Hands, L50|\n|poke|p1|Palafin, L50, M|\n|poke|p1|Krookodile, L50, F|\n|poke|p1|Flutter Mane, L50|\n|poke|p2|Kilowattrel, L50, M|\n|poke|p2|Pelipper, L50, F|\n|poke|p2|Palafin, L50, M|\n|poke|p2|Chien-Pao, L50|\n|poke|p2|Tinkaton, L50, F|\n|poke|p2|Flutter Mane, L50|\n|teampreview|4\n|c|\u2606InfoWeeb|this gruiol;eedc shbeese burrito delishis\nInfoWeeb rejected open team sheets.\n|inactive|Battle timer is ON: inactive players will automatically lose when time's up. (requested by InfoWeeb)\n|inactive|snowymonkey also wants the timer to be on.\n|\n|t:|1682225611\n|start\n|switch|p1a: Dragonite|Dragonite, L50, F|100\/100\n|switch|p1b: Pelipper|Pelipper, L50, M|100\/100\n|switch|p2a: Kilowattrel|Kilowattrel, L50, M|100\/100\n|switch|p2b: Palafin|Palafin, L50, M|100\/100\n|-weather|RainDance|[from] ability: Drizzle|[of] p1b: Pelipper\n|turn|1\n|\n|t:|1682225630\n|detailschange|p2b: Palafin|Palafin-Hero, L50, M\n|switch|p2b: Flutter Mane|Flutter Mane, L50|100\/100\n|-enditem|p2b: Flutter Mane|Booster Energy\n|-activate|p2b: Flutter Mane|ability: Protosynthesis|[fromitem]\n|-start|p2b: Flutter Mane|protosynthesisspe\n|move|p1b: Pelipper|Protect|p1b: Pelipper\n|-singleturn|p1b: Pelipper|Protect\n|move|p2a: Kilowattrel|Thunder|p1a: Dragonite\n|-damage|p1a: Dragonite|86\/100\n|-status|p1a: Dragonite|par\n|cant|p1a: Dragonite|par\n|\n|-weather|RainDance|[upkeep]\n|upkeep\n|turn|2\n|inactive|InfoWeeb has 30 seconds left.\n|inactive|snowymonkey has 30 seconds left.\n|\n|t:|1682225659\n|switch|p1b: Krookodile|Krookodile, L50, F|100\/100\n|-ability|p1b: Krookodile|Intimidate|boost\n|-unboost|p2a: Kilowattrel|atk|1\n|-ability|p2a: Kilowattrel|Competitive|boost\n|-boost|p2a: Kilowattrel|spa|2\n|-unboost|p2b: Flutter Mane|atk|1\n|move|p2b: Flutter Mane|Moonblast|p1a: Dragonite\n|-supereffective|p1a: Dragonite\n|-damage|p1a: Dragonite|33\/100 par\n|move|p2a: Kilowattrel|Thunder|p1b: Krookodile\n|-immune|p1b: Krookodile\n|move|p1a: Dragonite|Thunder|p2a: Kilowattrel\n|-damage|p2a: Kilowattrel|38\/100\n|\n|-weather|RainDance|[upkeep]\n|upkeep\n|turn|3\n|n|!InfoWeeb|infoweeb\n|inactive|InfoWeeb has 30 seconds left.\n|\n|t:|1682225684\n|move|p1a: Dragonite|Extreme Speed|p2a: Kilowattrel\n|-damage|p2a: Kilowattrel|0 fnt\n|faint|p2a: Kilowattrel\n|move|p2b: Flutter Mane|Dazzling Gleam|p1b: Krookodile|[spread] p1a,p1b\n|-supereffective|p1a: Dragonite\n|-supereffective|p1b: Krookodile\n|-damage|p1a: Dragonite|0 fnt\n|-damage|p1b: Krookodile|26\/100\n|faint|p1a: Dragonite\n|move|p1b: Krookodile|Rock Slide|p2b: Flutter Mane|[miss]\n|-miss|p1b: Krookodile|p2b: Flutter Mane\n|\n|-weather|RainDance|[upkeep]\n|upkeep\n|\n|t:|1682225704\n|switch|p2a: Pelipper|Pelipper, L50, F|100\/100\n|switch|p1a: Pelipper|Pelipper, L50, M|100\/100\n|turn|4\n|\n|t:|1682225711\n|move|p2b: Flutter Mane|Dazzling Gleam|p1b: Krookodile|[spread] p1a,p1b\n|-supereffective|p1b: Krookodile\n|-damage|p1a: Pelipper|62\/100\n|-damage|p1b: Krookodile|0 fnt\n|faint|p1b: Krookodile\n|move|p1a: Pelipper|Tailwind|p1a: Pelipper\n|-sidestart|p1: InfoWeeb|move: Tailwind\n|move|p2a: Pelipper|Tailwind|p2a: Pelipper\n|-sidestart|p2: snowymonkey|move: Tailwind\n|\n|-weather|RainDance|[upkeep]\n|upkeep\n|\n|t:|1682225717\n|switch|p1b: Iron Hands|Iron Hands, L50|100\/100\n|-enditem|p1b: Iron Hands|Booster Energy\n|-activate|p1b: Iron Hands|ability: Quark Drive|[fromitem]\n|-start|p1b: Iron Hands|quarkdriveatk\n|turn|5\n|\n|t:|1682225730\n|move|p2b: Flutter Mane|Protect|p2b: Flutter Mane\n|-singleturn|p2b: Flutter Mane|Protect\n|move|p1a: Pelipper|Icy Wind|p2a: Pelipper|[spread] p2a\n|-activate|p2b: Flutter Mane|move: Protect\n|-damage|p2a: Pelipper|90\/100\n|-unboost|p2a: Pelipper|spe|1\n|move|p1b: Iron Hands|Wild Charge|p2b: Flutter Mane\n|-activate|p2b: Flutter Mane|move: Protect\n|move|p2a: Pelipper|Hurricane|p1b: Iron Hands\n|-damage|p1b: Iron Hands|62\/100\n|\n|-weather|none\n|upkeep\n|turn|6\n|inactive|InfoWeeb has 30 seconds left.\n|inactive|snowymonkey has 30 seconds left.\n|\n|t:|1682225765\n|move|p2b: Flutter Mane|Moonblast|p1b: Iron Hands\n|-supereffective|p1b: Iron Hands\n|-damage|p1b: Iron Hands|0 fnt\n|faint|p1b: Iron Hands\n|-end|p1b: Iron Hands|Quark Drive|[silent]\n|move|p1a: Pelipper|Hydro Pump|p2b: Flutter Mane\n|-damage|p2b: Flutter Mane|70\/100\n|move|p2a: Pelipper|Hydro Pump|p1a: Pelipper\n|-resisted|p1a: Pelipper\n|-damage|p1a: Pelipper|32\/100\n|-enditem|p1a: Pelipper|Sitrus Berry|[eat]\n|-heal|p1a: Pelipper|56\/100|[from] item: Sitrus Berry\n|\n|upkeep\n|turn|7\n|\n|t:|1682225785\n|move|p2b: Flutter Mane|Moonblast|p1a: Pelipper\n|-damage|p1a: Pelipper|0 fnt\n|faint|p1a: Pelipper\n|\n|win|snowymonkey\n|raw|InfoWeeb's rating: 1125 → 1099<\/strong> (-26 for losing)\n|raw|snowymonkey's rating: 1108 → 1134<\/strong> (+26 for winning)\n","uploadtime":1682225683,"views":14,"p1id":"infoweeb","p2id":"snowymonkey","formatid":"gen9vgc2023regulationc","rating":1099,"private":0,"password":""}