{"id":"gen9vgc2023regulationc-1857824978","p1":"mathtass","p2":"vanwinya","format":"[Gen 9] VGC 2023 Regulation C","log":"|j|\u2606mathtass\n|j|\u2606vanwinya\n|t:|1683235752\n|gametype|doubles\n|player|p1|mathtass|265|1322\n|player|p2|vanwinya|266|1292\n|teamsize|p1|6\n|teamsize|p2|6\n|gen|9\n|tier|[Gen 9] VGC 2023 Regulation C\n|rated|\n|rule|Species Clause: Limit one of each Pok\u00e9mon\n|rule|Item Clause: Limit one of each item\n|clearpoke\n|poke|p1|Amoonguss, L50, F|\n|poke|p1|Chi-Yu, L50|\n|poke|p1|Arcanine, L50, F|\n|poke|p1|Dragonite, L50, M|\n|poke|p1|Flutter Mane, L50|\n|poke|p1|Iron Hands, L50|\n|poke|p2|Garchomp, L50, F|\n|poke|p2|Garganacl, L50, M|\n|poke|p2|Amoonguss, L50, M|\n|poke|p2|Chi-Yu, L50|\n|poke|p2|Iron Bundle, L50|\n|poke|p2|Gholdengo, L50|\n|teampreview|4\nvanwinya has agreed to open team sheets.\n|j| qAndoo\nmathtass has agreed to open team sheets.\n|\n|t:|1683235790\n|start\n|switch|p1a: Simba|Arcanine, L50, F, shiny|100\/100\n|switch|p1b: Iron Man|Iron Hands, L50, shiny|100\/100\n|switch|p2a: Garchomp|Garchomp, L50, F|100\/100\n|switch|p2b: Garganacl|Garganacl, L50, M|100\/100\n|-ability|p1a: Simba|Intimidate|boost\n|-unboost|p2a: Garchomp|atk|1\n|-unboost|p2b: Garganacl|atk|1\n|turn|1\n|\n|t:|1683235826\n|switch|p2a: Iron Bundle|Iron Bundle, L50|100\/100\n|-enditem|p2a: Iron Bundle|Booster Energy\n|-activate|p2a: Iron Bundle|ability: Quark Drive|[fromitem]\n|-start|p2a: Iron Bundle|quarkdrivespe\n|move|p1b: Iron Man|Protect|p1b: Iron Man\n|-singleturn|p1b: Iron Man|Protect\n|move|p1a: Simba|Howl|p1a: Simba|[spread] p1a,p1b\n|-boost|p1a: Simba|atk|1\n|-boost|p1b: Iron Man|atk|1\n|move|p2b: Garganacl|Salt Cure|p1a: Simba\n|-supereffective|p1a: Simba\n|-damage|p1a: Simba|82\/100\n|-start|p1a: Simba|Salt Cure\n|\n|-damage|p1a: Simba|70\/100|[from] Salt Cure\n|upkeep\n|turn|2\n|l| qAndoo\n|\n|t:|1683235852\n|switch|p1a: Titan|Dragonite, L50, M, shiny|100\/100\n|move|p2a: Iron Bundle|Encore|p1b: Iron Man\n|-start|p1b: Iron Man|Encore\n|move|p1b: Iron Man|Protect|p1b: Iron Man\n|-singleturn|p1b: Iron Man|Protect\n|move|p2b: Garganacl|Salt Cure|p1b: Iron Man\n|-activate|p1b: Iron Man|move: Protect\n|\n|upkeep\n|turn|3\n|\n|t:|1683235868\n|switch|p1a: Simba|Arcanine, L50, F, shiny|70\/100\n|-ability|p1a: Simba|Intimidate|boost\n|-unboost|p2a: Iron Bundle|atk|1\n|-unboost|p2b: Garganacl|atk|1\n|move|p1b: Iron Man|Protect|p1b: Iron Man\n|-singleturn|p1b: Iron Man|Protect\n|move|p2a: Iron Bundle|Freeze-Dry|p1a: Simba\n|-resisted|p1a: Simba\n|-damage|p1a: Simba|53\/100\n|move|p2b: Garganacl|Salt Cure|p1a: Simba\n|-supereffective|p1a: Simba\n|-damage|p1a: Simba|38\/100\n|-start|p1a: Simba|Salt Cure\n|-enditem|p1a: Simba|Sitrus Berry|[eat]\n|-heal|p1a: Simba|63\/100|[from] item: Sitrus Berry\n|\n|-damage|p1a: Simba|51\/100|[from] Salt Cure\n|upkeep\n|turn|4\n|\n|t:|1683235924\n|-end|p1b: Iron Man|Quark Drive|[silent]\n|switch|p1b: Titan|Dragonite, L50, M, shiny|100\/100\n|move|p2a: Iron Bundle|Freeze-Dry|p1b: Titan\n|-supereffective|p1b: Titan\n|-damage|p1b: Titan|42\/100\n|move|p1a: Simba|Howl|p1a: Simba|[spread] p1a,p1b\n|-boost|p1a: Simba|atk|1\n|-boost|p1b: Titan|atk|1\n|move|p2b: Garganacl|Salt Cure|p1a: Simba\n|-supereffective|p1a: Simba\n|-damage|p1a: Simba|38\/100\n|\n|-damage|p1a: Simba|25\/100|[from] Salt Cure\n|upkeep\n|turn|5\n|\n|t:|1683235970\n|switch|p1a: Iron Man|Iron Hands, L50, shiny|100\/100\n|-terastallize|p1b: Titan|Flying\n|-terastallize|p2b: Garganacl|Flying\n|move|p2a: Iron Bundle|Protect|p2a: Iron Bundle\n|-singleturn|p2a: Iron Bundle|Protect\n|move|p1b: Titan|Extreme Speed|p2a: Iron Bundle\n|-activate|p2a: Iron Bundle|move: Protect\n|move|p2b: Garganacl|Salt Cure|p1b: Titan\n|-supereffective|p1b: Titan\n|-damage|p1b: Titan|27\/100\n|-start|p1b: Titan|Salt Cure\n|\n|-damage|p1b: Titan|15\/100|[from] Salt Cure\n|upkeep\n|turn|6\n|\n|t:|1683236013\n|-end|p2a: Iron Bundle|Quark Drive|[silent]\n|switch|p2a: Gholdengo|Gholdengo, L50|100\/100\n|switch|p1b: Simba|Arcanine, L50, F, shiny|25\/100\n|-ability|p1b: Simba|Intimidate|boost\n|-unboost|p2a: Gholdengo|atk|1\n|-unboost|p2b: Garganacl|atk|1\n|move|p2b: Garganacl|Protect|p2b: Garganacl\n|-singleturn|p2b: Garganacl|Protect\n|move|p1a: Iron Man|Drain Punch|p2a: Gholdengo\n|-immune|p2a: Gholdengo\n|\n|upkeep\n|turn|7\n|\n|t:|1683236048\n|move|p2a: Gholdengo|Protect|p2a: Gholdengo\n|-singleturn|p2a: Gholdengo|Protect\n|move|p1b: Simba|Flare Blitz|p2a: Gholdengo\n|-activate|p2a: Gholdengo|move: Protect\n|move|p1a: Iron Man|Wild Charge|p2b: Garganacl\n|-supereffective|p2b: Garganacl\n|-damage|p2b: Garganacl|36\/100\n|-damage|p1a: Iron Man|86\/100|[from] Recoil\n|move|p2b: Garganacl|Salt Cure|p1b: Simba\n|-supereffective|p1b: Simba\n|-damage|p1b: Simba|15\/100\n|-start|p1b: Simba|Salt Cure\n|\n|-heal|p2b: Garganacl|42\/100|[from] item: Leftovers\n|-damage|p1b: Simba|3\/100|[from] Salt Cure\n|upkeep\n|turn|8\n|\n|t:|1683236072\n|switch|p2a: Garchomp|Garchomp, L50, F|100\/100\n|move|p2b: Garganacl|Protect|p2b: Garganacl\n|-singleturn|p2b: Garganacl|Protect\n|move|p1b: Simba|Flare Blitz|p2a: Garchomp\n|-resisted|p2a: Garchomp\n|-damage|p2a: Garchomp|79\/100\n|-damage|p1b: Simba|0 fnt|[from] ability: Rough Skin|[of] p2a: Garchomp\n|faint|p1b: Simba\n|move|p1a: Iron Man|Wild Charge|p2a: Garchomp\n|-immune|p2a: Garchomp\n|\n|-heal|p2b: Garganacl|47\/100|[from] item: Leftovers\n|upkeep\n|\n|t:|1683236080\n|switch|p1b: Titan|Dragonite, L50, M, shiny, tera:Flying|15\/100\n|turn|9\n|\n|t:|1683236092\n|switch|p2b: Gholdengo|Gholdengo, L50|100\/100\n|move|p2a: Garchomp|Rock Slide|p1a: Iron Man|[spread] p1a,p1b\n|-resisted|p1a: Iron Man\n|-supereffective|p1b: Titan\n|-damage|p1a: Iron Man|80\/100\n|-damage|p1b: Titan|0 fnt\n|faint|p1b: Titan\n|move|p1a: Iron Man|Wild Charge|p2b: Gholdengo\n|-damage|p2b: Gholdengo|57\/100\n|-damage|p1a: Iron Man|72\/100|[from] Recoil\n|\n|upkeep\n|\n|t:|1683236098\n|switch|p1b: Blaze|Chi-Yu, L50|100\/100\n|-ability|p1b: Blaze|Beads of Ruin\n|turn|10\n|\n|t:|1683236134\n|move|p2b: Gholdengo|Protect|p2b: Gholdengo\n|-singleturn|p2b: Gholdengo|Protect\n|move|p1b: Blaze|Heat Wave|p2b: Gholdengo|[spread] p2a\n|-activate|p2b: Gholdengo|move: Protect\n|-resisted|p2a: Garchomp\n|-damage|p2a: Garchomp|51\/100\n|-damage|p1b: Blaze|90\/100|[from] item: Life Orb\n|move|p2a: Garchomp|Sand Tomb|p1a: Iron Man|[miss]\n|-miss|p2a: Garchomp|p1a: Iron Man\n|move|p1a: Iron Man|Drain Punch|p2a: Garchomp\n|-damage|p2a: Garchomp|18\/100\n|-heal|p1a: Iron Man|86\/100|[from] drain|[of] p2a: Garchomp\n|-damage|p1a: Iron Man|74\/100|[from] ability: Rough Skin|[of] p2a: Garchomp\n|\n|upkeep\n|turn|11\n|\n|t:|1683236158\n|switch|p2b: Garganacl|Garganacl, L50, M, tera:Flying|47\/100\n|move|p2a: Garchomp|Protect|p2a: Garchomp\n|-singleturn|p2a: Garchomp|Protect\n|move|p1b: Blaze|Heat Wave|p2a: Garchomp|[spread] p2b\n|-activate|p2a: Garchomp|move: Protect\n|-damage|p2b: Garganacl|1\/100\n|-damage|p1b: Blaze|80\/100|[from] item: Life Orb\n|move|p1a: Iron Man|Swords Dance|p1a: Iron Man\n|-boost|p1a: Iron Man|atk|2\n|\n|-heal|p2b: Garganacl|7\/100|[from] item: Leftovers\n|upkeep\n|turn|12\n|\n|t:|1683236176\n|switch|p2a: Iron Bundle|Iron Bundle, L50|100\/100\n|move|p2b: Garganacl|Wide Guard|p2b: Garganacl\n|-singleturn|p2b: Garganacl|Wide Guard\n|move|p1b: Blaze|Dark Pulse|p2a: Iron Bundle\n|-damage|p2a: Iron Bundle|0 fnt\n|faint|p2a: Iron Bundle\n|-end|p2a: Iron Bundle|Quark Drive|[silent]\n|-damage|p1b: Blaze|70\/100|[from] item: Life Orb\n|move|p1a: Iron Man|Wild Charge|p2b: Garganacl\n|-supereffective|p2b: Garganacl\n|-damage|p2b: Garganacl|0 fnt\n|faint|p2b: Garganacl\n|-damage|p1a: Iron Man|72\/100|[from] Recoil\n|\n|upkeep\n|\n|t:|1683236184\n|switch|p2a: Gholdengo|Gholdengo, L50|57\/100\n|switch|p2b: Garchomp|Garchomp, L50, F|18\/100\n|turn|13\n|-message|vanwinya forfeited.\n|\n|win|mathtass\n|raw|mathtass's rating: 1322 → 1340<\/strong> (+18 for winning)\n|raw|vanwinya's rating: 1292 → 1269<\/strong> (-23 for losing)\n|l|\u2606vanwinya\n","uploadtime":1683236200,"views":10,"p1id":"mathtass","p2id":"vanwinya","formatid":"gen9vgc2023regulationc","rating":1269,"private":0,"password":""}