{"id":"gen9vgc2023regulationc-1854954666","p1":"MarcoPiero","p2":"LeeGengarBR","format":"[Gen 9] VGC 2023 Regulation C","log":"|j|\u2606MarcoPiero\n|j|\u2606LeeGengarBR\n|t:|1682884600\n|gametype|doubles\n|player|p1|MarcoPiero|dancer|1243\n|player|p2|LeeGengarBR|red|1250\n|teamsize|p1|6\n|teamsize|p2|6\n|gen|9\n|tier|[Gen 9] VGC 2023 Regulation C\n|rated|\n|rule|Species Clause: Limit one of each Pok\u00e9mon\n|rule|Item Clause: Limit one of each item\n|clearpoke\n|poke|p1|Arcanine, L50, M|\n|poke|p1|Chien-Pao, L50|\n|poke|p1|Dragapult, L50, M|\n|poke|p1|Flutter Mane, L50|\n|poke|p1|Amoonguss, L50, F|\n|poke|p1|Palafin, L50, M|\n|poke|p2|Annihilape, L50, M|\n|poke|p2|Glimmora, L50, F|\n|poke|p2|Grimmsnarl, L50, M|\n|poke|p2|Chien-Pao, L50|\n|poke|p2|Gastrodon-East, L50, F|\n|poke|p2|Garganacl, L50, M|\n|teampreview|4\n|inactive|Battle timer is ON: inactive players will automatically lose when time's up. (requested by MarcoPiero)\n|j| Cogao\nLeeGengarBR has agreed to open team sheets.\n|inactive|MarcoPiero has 60 seconds left.\n|inactive|LeeGengarBR has 60 seconds left.\n|inactive|LeeGengarBR has 30 seconds left.\n|inactive|LeeGengarBR has 20 seconds left.\n|\n|t:|1682884674\n|start\n|switch|p1a: Chien-Pao|Chien-Pao, L50|100\/100\n|switch|p1b: Dragapult|Dragapult, L50, M|100\/100\n|switch|p2a: Grimmsnarl|Grimmsnarl, L50, M, shiny|100\/100\n|switch|p2b: Glimmora|Glimmora, L50, F, shiny|100\/100\n|-ability|p1a: Chien-Pao|Sword of Ruin\n|turn|1\n|inactive|MarcoPiero has 30 seconds left.\n|inactive|LeeGengarBR has 30 seconds left.\n|\n|t:|1682884708\n|-terastallize|p1b: Dragapult|Steel\n|move|p2b: Glimmora|Spiky Shield|p2b: Glimmora\n|-singleturn|p2b: Glimmora|move: Protect\n|move|p1b: Dragapult|Tera Blast|p2a: Grimmsnarl\n|-supereffective|p2a: Grimmsnarl\n|-damage|p2a: Grimmsnarl|0 fnt\n|faint|p2a: Grimmsnarl\n|move|p1a: Chien-Pao|Ice Spinner|p2b: Glimmora\n|-activate|p2b: Glimmora|move: Protect\n|-damage|p1a: Chien-Pao|88\/100|[from] Spiky Shield|[of] p2b: Glimmora\n|\n|upkeep\n|\n|t:|1682884726\n|switch|p2a: Gastrodon|Gastrodon-East, L50, F, shiny|100\/100\n|turn|2\n|\n|t:|1682884739\n|move|p1a: Chien-Pao|Sucker Punch|p2b: Glimmora\n|-damage|p2b: Glimmora|48\/100\n|-enditem|p2b: Glimmora|Red Card|[of] p1a: Chien-Pao\n|drag|p1a: Flutter Mane|Flutter Mane, L50|100\/100\n|move|p1b: Dragapult|Tera Blast|p2b: Glimmora\n|-supereffective|p2b: Glimmora\n|-damage|p2b: Glimmora|0 fnt\n|faint|p2b: Glimmora\n|move|p2a: Gastrodon|Earth Power|p1b: Dragapult\n|-supereffective|p1b: Dragapult\n|-damage|p1b: Dragapult|0 fnt\n|faint|p1b: Dragapult\n|\n|upkeep\n|\n|t:|1682884756\n|switch|p1b: Amoonguss|Amoonguss, L50, F|100\/100\n|switch|p2b: Chien-Pao|Chien-Pao, L50|100\/100\n|-ability|p2b: Chien-Pao|Sword of Ruin\n|turn|3\n|inactive|LeeGengarBR has 30 seconds left.\n|\n|t:|1682884788\n|-terastallize|p2a: Gastrodon|Fire\n|move|p1b: Amoonguss|Rage Powder|p1b: Amoonguss\n|-singleturn|p1b: Amoonguss|move: Rage Powder\n|move|p2b: Chien-Pao|Ice Spinner|p1b: Amoonguss\n|-supereffective|p1b: Amoonguss\n|-crit|p1b: Amoonguss\n|-damage|p1b: Amoonguss|0 fnt\n|faint|p1b: Amoonguss\n|move|p1a: Flutter Mane|Dazzling Gleam|p2b: Chien-Pao|[spread] p2a,p2b\n|-resisted|p2a: Gastrodon\n|-supereffective|p2b: Chien-Pao\n|-damage|p2a: Gastrodon|77\/100\n|-enditem|p2b: Chien-Pao|Focus Sash\n|-damage|p2b: Chien-Pao|1\/100\n|move|p2a: Gastrodon|Ice Beam|p1a: Flutter Mane\n|-damage|p1a: Flutter Mane|71\/100\n|\n|-heal|p2a: Gastrodon|83\/100|[from] item: Leftovers\n|upkeep\n|\n|t:|1682884796\n|switch|p1b: Chien-Pao|Chien-Pao, L50|88\/100\n|-ability|p1b: Chien-Pao|Sword of Ruin\n|turn|4\n|\n|t:|1682884819\n|move|p2b: Chien-Pao|Protect|p2b: Chien-Pao\n|-singleturn|p2b: Chien-Pao|Protect\n|move|p1b: Chien-Pao|Sucker Punch||[still]\n|-fail|p1b: Chien-Pao\n|move|p1a: Flutter Mane|Dazzling Gleam|p2b: Chien-Pao|[spread] p2a\n|-activate|p2b: Chien-Pao|move: Protect\n|-resisted|p2a: Gastrodon\n|-damage|p2a: Gastrodon|60\/100\n|move|p2a: Gastrodon|Earth Power|p1b: Chien-Pao\n|-damage|p1b: Chien-Pao|32\/100\n|\n|-heal|p2a: Gastrodon|67\/100|[from] item: Leftovers\n|upkeep\n|turn|5\n|inactive|LeeGengarBR has 30 seconds left.\n|inactive|LeeGengarBR has 20 seconds left.\n|inactive|LeeGengarBR has 15 seconds left.\n|inactive|LeeGengarBR has 10 seconds left.\n|\n|t:|1682884865\n|move|p1b: Chien-Pao|Sucker Punch|p2b: Chien-Pao\n|-resisted|p2b: Chien-Pao\n|-damage|p2b: Chien-Pao|0 fnt\n|faint|p2b: Chien-Pao\n|move|p1a: Flutter Mane|Dazzling Gleam|p2a: Gastrodon\n|-resisted|p2a: Gastrodon\n|-damage|p2a: Gastrodon|35\/100\n|move|p2a: Gastrodon|Earth Power|p1b: Chien-Pao\n|-damage|p1b: Chien-Pao|0 fnt\n|faint|p1b: Chien-Pao\n|\n|-heal|p2a: Gastrodon|41\/100|[from] item: Leftovers\n|upkeep\n|turn|6\n|\n|t:|1682884876\n|move|p2a: Gastrodon|Protect|p2a: Gastrodon\n|-singleturn|p2a: Gastrodon|Protect\n|move|p1a: Flutter Mane|Dazzling Gleam|p2a: Gastrodon\n|-activate|p2a: Gastrodon|move: Protect\n|\n|-heal|p2a: Gastrodon|47\/100|[from] item: Leftovers\n|upkeep\n|turn|7\n|\n|t:|1682884883\n|move|p1a: Flutter Mane|Dazzling Gleam|p2a: Gastrodon\n|-resisted|p2a: Gastrodon\n|-damage|p2a: Gastrodon|14\/100\n|move|p2a: Gastrodon|Recover|p2a: Gastrodon\n|-heal|p2a: Gastrodon|65\/100\n|\n|-heal|p2a: Gastrodon|71\/100|[from] item: Leftovers\n|upkeep\n|turn|8\n|\n|t:|1682884891\n|move|p2a: Gastrodon|Protect|p2a: Gastrodon\n|-singleturn|p2a: Gastrodon|Protect\n|move|p1a: Flutter Mane|Dazzling Gleam|p2a: Gastrodon\n|-activate|p2a: Gastrodon|move: Protect\n|\n|-heal|p2a: Gastrodon|77\/100|[from] item: Leftovers\n|upkeep\n|turn|9\n|\n|t:|1682884900\n|move|p1a: Flutter Mane|Dazzling Gleam|p2a: Gastrodon\n|-resisted|p2a: Gastrodon\n|-damage|p2a: Gastrodon|44\/100\n|move|p2a: Gastrodon|Earth Power|p1a: Flutter Mane\n|-damage|p1a: Flutter Mane|30\/100\n|\n|-heal|p2a: Gastrodon|50\/100|[from] item: Leftovers\n|upkeep\n|turn|10\n|\n|t:|1682884908\n|move|p2a: Gastrodon|Protect|p2a: Gastrodon\n|-singleturn|p2a: Gastrodon|Protect\n|move|p1a: Flutter Mane|Dazzling Gleam|p2a: Gastrodon\n|-activate|p2a: Gastrodon|move: Protect\n|\n|-heal|p2a: Gastrodon|56\/100|[from] item: Leftovers\n|upkeep\n|turn|11\n|\n|t:|1682884915\n|move|p1a: Flutter Mane|Dazzling Gleam|p2a: Gastrodon\n|-resisted|p2a: Gastrodon\n|-damage|p2a: Gastrodon|22\/100\n|move|p2a: Gastrodon|Recover|p2a: Gastrodon\n|-heal|p2a: Gastrodon|72\/100\n|\n|-heal|p2a: Gastrodon|78\/100|[from] item: Leftovers\n|upkeep\n|turn|12\n|\n|t:|1682884922\n|move|p2a: Gastrodon|Protect|p2a: Gastrodon\n|-singleturn|p2a: Gastrodon|Protect\n|move|p1a: Flutter Mane|Dazzling Gleam|p2a: Gastrodon\n|-activate|p2a: Gastrodon|move: Protect\n|\n|-heal|p2a: Gastrodon|85\/100|[from] item: Leftovers\n|upkeep\n|turn|13\n|\n|t:|1682884928\n|move|p1a: Flutter Mane|Dazzling Gleam|p2a: Gastrodon\n|-resisted|p2a: Gastrodon\n|-damage|p2a: Gastrodon|50\/100\n|move|p2a: Gastrodon|Recover|p2a: Gastrodon\n|-heal|p2a: Gastrodon|99\/100\n|\n|-heal|p2a: Gastrodon|100\/100|[from] item: Leftovers\n|upkeep\n|turn|14\n|\n|t:|1682884937\n|move|p1a: Flutter Mane|Dazzling Gleam|p2a: Gastrodon\n|-resisted|p2a: Gastrodon\n|-damage|p2a: Gastrodon|69\/100\n|move|p2a: Gastrodon|Earth Power|p1a: Flutter Mane\n|-damage|p1a: Flutter Mane|0 fnt\n|faint|p1a: Flutter Mane\n|-end|p1a: Flutter Mane|Protosynthesis|[silent]\n|\n|win|LeeGengarBR\n|raw|MarcoPiero's rating: 1243 → 1219<\/strong> (-24 for losing)\n|raw|LeeGengarBR's rating: 1250 → 1274<\/strong> (+24 for winning)\n|l|\u2606MarcoPiero\n|l|\u2606LeeGengarBR\n","uploadtime":1682884945,"views":4,"p1id":"marcopiero","p2id":"leegengarbr","formatid":"gen9vgc2023regulationc","rating":1219,"private":0,"password":""}