{"id":"gen9vgc2023regulationc-1860610367","p1":"NooobGuy","p2":"zlint","format":"[Gen 9] VGC 2023 Regulation C","log":"|j|\u2606NooobGuy\n|j|\u2606zlint\n|t:|1683658802\n|gametype|doubles\n|player|p1|NooobGuy|gambler|1335\n|player|p2|zlint|may|1346\n|teamsize|p1|6\n|teamsize|p2|6\n|gen|9\n|tier|[Gen 9] VGC 2023 Regulation C\n|rated|\n|rule|Species Clause: Limit one of each Pok\u00e9mon\n|rule|Item Clause: Limit one of each item\n|clearpoke\n|poke|p1|Annihilape, L50, M|\n|poke|p1|Maushold, L50|\n|poke|p1|Chien-Pao, L50|\n|poke|p1|Dragonite, L50, M|\n|poke|p1|Grimmsnarl, L50, M|\n|poke|p1|Tauros-Paldea-Blaze, L50, M|\n|poke|p2|Scream Tail, L50|\n|poke|p2|Baxcalibur, L50, F|\n|poke|p2|Corviknight, L50, F|\n|poke|p2|Rotom-Wash, L50|\n|poke|p2|Flutter Mane, L50|\n|poke|p2|Tyranitar, L50, F|\n|teampreview|4\nzlint has agreed to open team sheets.\nNooobGuy rejected open team sheets.\n|inactive|Battle timer is ON: inactive players will automatically lose when time's up. (requested by zlint)\n|\n|t:|1683658886\n|start\n|switch|p1a: Annihilape|Annihilape, L50, M|100\/100\n|switch|p1b: Maushold|Maushold, L50|100\/100\n|switch|p2a: Flutter Mane|Flutter Mane, L50|100\/100\n|switch|p2b: Baxcalibur|Baxcalibur, L50, F|100\/100\n|turn|1\n|inactive|zlint has 30 seconds left.\n|\n|t:|1683658917\n|move|p1b: Maushold|Protect|p1b: Maushold\n|-singleturn|p1b: Maushold|Protect\n|move|p1a: Annihilape|Phantom Force||[still]\n|-prepare|p1a: Annihilape|Phantom Force\n|move|p2a: Flutter Mane|Substitute|p2a: Flutter Mane\n|-start|p2a: Flutter Mane|Substitute\n|-damage|p2a: Flutter Mane|76\/100\n|move|p2b: Baxcalibur|Icicle Spear|p1b: Maushold\n|-activate|p1b: Maushold|move: Protect\n|\n|upkeep\n|turn|2\n|\n|t:|1683658940\n|switch|p1b: Tauros|Tauros-Paldea-Blaze, L50, M|100\/100\n|-ability|p1b: Tauros|Intimidate|boost\n|-immune|p2a: Flutter Mane\n|-unboost|p2b: Baxcalibur|atk|1\n|-terastallize|p2a: Flutter Mane|Fairy\n|move|p1a: Annihilape|Phantom Force|p2a: Flutter Mane|[from]lockedmove\n|-end|p2a: Flutter Mane|Substitute\n|move|p2a: Flutter Mane|Moonblast|p1a: Annihilape\n|-supereffective|p1a: Annihilape\n|-damage|p1a: Annihilape|0 fnt\n|faint|p1a: Annihilape\n|-damage|p2a: Flutter Mane|67\/100|[from] item: Life Orb\n|move|p2b: Baxcalibur|Glaive Rush|p1b: Tauros\n|-damage|p1b: Tauros|44\/100\n|-singlemove|p2b: Baxcalibur|Glaive Rush|[silent]\n|\n|upkeep\n|\n|t:|1683658959\n|switch|p1a: Maushold|Maushold, L50|100\/100\n|turn|3\n|inactive|NooobGuy has 30 seconds left.\n|\n|t:|1683658988\n|switch|p2b: Scream Tail|Scream Tail, L50, shiny|100\/100\n|-enditem|p2b: Scream Tail|Booster Energy\n|-activate|p2b: Scream Tail|ability: Protosynthesis|[fromitem]\n|-start|p2b: Scream Tail|protosynthesisspe\n|move|p2a: Flutter Mane|Protect|p2a: Flutter Mane\n|-singleturn|p2a: Flutter Mane|Protect\n|move|p1a: Maushold|Population Bomb|p2a: Flutter Mane\n|-activate|p2a: Flutter Mane|move: Protect\n|move|p1b: Tauros|Close Combat|p2a: Flutter Mane\n|-activate|p2a: Flutter Mane|move: Protect\n|\n|upkeep\n|turn|4\n|inactive|NooobGuy has 30 seconds left.\n|\n|t:|1683659022\n|move|p2b: Scream Tail|Disable|p1a: Maushold\n|-start|p1a: Maushold|Disable|Population Bomb\n|move|p2a: Flutter Mane|Moonblast|p1b: Tauros\n|-damage|p1b: Tauros|0 fnt\n|faint|p1b: Tauros\n|-damage|p2a: Flutter Mane|57\/100|[from] item: Life Orb\n|cant|p1a: Maushold|Disable|Population Bomb\n|\n|upkeep\n|\n|t:|1683659030\n|switch|p1b: Chien-Pao|Chien-Pao, L50|100\/100\n|-ability|p1b: Chien-Pao|Sword of Ruin\n|turn|5\n|\n|t:|1683659054\n|move|p2a: Flutter Mane|Protect|p2a: Flutter Mane\n|-singleturn|p2a: Flutter Mane|Protect\n|move|p2b: Scream Tail|Play Rough|p1b: Chien-Pao\n|-supereffective|p1b: Chien-Pao\n|-damage|p1b: Chien-Pao|39\/100\n|move|p1b: Chien-Pao|Ice Spinner|p2a: Flutter Mane\n|-activate|p2a: Flutter Mane|move: Protect\n|move|p1a: Maushold|Bite|p2b: Scream Tail\n|-damage|p2b: Scream Tail|78\/100\n|\n|upkeep\n|turn|6\n|c|\u2606NooobGuy|gg\n|-message|NooobGuy forfeited.\n|\n|win|zlint\n|raw|NooobGuy's rating: 1335 → 1316<\/strong> (-19 for losing)\n|raw|zlint's rating: 1346 → 1365<\/strong> (+19 for winning)\n|l|\u2606NooobGuy\n","uploadtime":1683659084,"views":21,"p1id":"nooobguy","p2id":"zlint","formatid":"gen9vgc2023regulationc","rating":1316,"private":0,"password":""}