{"id":"gen9vgc2023regulationc-1854142948","p1":"Botamochiiii","p2":"KinimaP","format":"[Gen 9] VGC 2023 Regulation C","log":"|j|\u2606Botamochiiii\n|j|\u2606KinimaP\n|t:|1682775735\n|gametype|doubles\n|player|p1|Botamochiiii|266|1500\n|player|p2|KinimaP|cameraman|1589\n|teamsize|p1|6\n|teamsize|p2|6\n|gen|9\n|tier|[Gen 9] VGC 2023 Regulation C\n|rated|\n|rule|Species Clause: Limit one of each Pok\u00e9mon\n|rule|Item Clause: Limit one of each item\n|clearpoke\n|poke|p1|Sableye, L50, F|\n|poke|p1|Volcarona, L50, F|\n|poke|p1|Sylveon, L50, F|\n|poke|p1|Chien-Pao, L50|\n|poke|p1|Ting-Lu, L50|\n|poke|p1|Orthworm, L50, M|\n|poke|p2|Vivillon-Fancy, L50, F|\n|poke|p2|Chi-Yu, L50|\n|poke|p2|Abomasnow, L50, M|\n|poke|p2|Iron Bundle, L50|\n|poke|p2|Ting-Lu, L50|\n|poke|p2|Baxcalibur, L50, F|\n|teampreview|4\n|j| Braindeadmeta\n|\n|t:|1682775797\n|start\n|switch|p1a: Sableye|Sableye, L50, F|100\/100\n|switch|p1b: Sylveon|Sylveon, L50, F|100\/100\n|switch|p2a: Vivillon|Vivillon-Fancy, L50, F|100\/100\n|switch|p2b: Chi-Yu|Chi-Yu, L50|100\/100\n|-ability|p2b: Chi-Yu|Beads of Ruin\n|turn|1\n|inactive|Battle timer is ON: inactive players will automatically lose when time's up. (requested by Botamochiiii)\n|j| stevelacyfan\n|inactive|Botamochiiii has 60 seconds left.\n|\n|t:|1682775830\n|switch|p1b: Ting-Lu|Ting-Lu, L50|100\/100\n|-ability|p1b: Ting-Lu|Vessel of Ruin\n|move|p2a: Vivillon|Protect|p2a: Vivillon\n|-singleturn|p2a: Vivillon|Protect\n|move|p1a: Sableye|Taunt|p2a: Vivillon\n|-activate|p2a: Vivillon|move: Protect\n|move|p2b: Chi-Yu|Nasty Plot|p2b: Chi-Yu\n|-boost|p2b: Chi-Yu|spa|2\n|\n|upkeep\n|turn|2\n|inactive|Botamochiiii has 30 seconds left.\n|j| AguaSteppin'\n|inactive|Botamochiiii has 20 seconds left.\n|inactive|Botamochiiii has 15 seconds left.\n|\n|t:|1682775873\n|-terastallize|p2b: Chi-Yu|Water\n|-terastallize|p1b: Ting-Lu|Water\n|move|p1a: Sableye|Encore|p2a: Vivillon\n|-start|p2a: Vivillon|Encore\n|move|p2a: Vivillon|Protect||[still]\n|-fail|p2a: Vivillon\n|move|p2b: Chi-Yu|Tera Blast|p1b: Ting-Lu\n|-resisted|p1b: Ting-Lu\n|-damage|p1b: Ting-Lu|79\/100\n|move|p1b: Ting-Lu|Stomping Tantrum|p2b: Chi-Yu\n|-damage|p2b: Chi-Yu|57\/100\n|\n|upkeep\n|turn|3\n|j| Rihito11\n|inactive|Botamochiiii has 30 seconds left.\n|\n|t:|1682775900\n|switch|p2a: Ting-Lu|Ting-Lu, L50|100\/100\n|-ability|p2a: Ting-Lu|Vessel of Ruin\n|move|p1a: Sableye|Encore|p2b: Chi-Yu\n|-start|p2b: Chi-Yu|Encore\n|move|p2b: Chi-Yu|Tera Blast|p1a: Sableye\n|-damage|p1a: Sableye|0 fnt\n|faint|p1a: Sableye\n|move|p1b: Ting-Lu|Rock Slide|p2a: Ting-Lu|[spread] p2a,p2b\n|-resisted|p2a: Ting-Lu\n|-damage|p2a: Ting-Lu|95\/100\n|-damage|p2b: Chi-Yu|30\/100\n|-enditem|p2b: Chi-Yu|Sitrus Berry|[eat]\n|-heal|p2b: Chi-Yu|55\/100|[from] item: Sitrus Berry\n|\n|upkeep\n|\n|t:|1682775915\n|switch|p1a: Orthworm|Orthworm, L50, M|100\/100\n|turn|4\n|\n|t:|1682775932\n|switch|p2b: Vivillon|Vivillon-Fancy, L50, F|100\/100\n|move|p2a: Ting-Lu|Stomping Tantrum|p1b: Ting-Lu\n|-damage|p1b: Ting-Lu|41\/100\n|move|p1a: Orthworm|Metal Burst||[still]\n|-fail|p1a: Orthworm\n|move|p1b: Ting-Lu|Earthquake|p2b: Vivillon|[spread] p2a\n|-immune|p1a: Orthworm|[from] ability: Earth Eater\n|-immune|p2b: Vivillon\n|-damage|p2a: Ting-Lu|79\/100\n|\n|upkeep\n|turn|5\n|\n|t:|1682775952\n|move|p2b: Vivillon|Tailwind|p2b: Vivillon\n|-sidestart|p2: KinimaP|move: Tailwind\n|move|p2a: Ting-Lu|Stomping Tantrum|p1b: Ting-Lu\n|-damage|p1b: Ting-Lu|7\/100\n|move|p1a: Orthworm|Body Press|p2a: Ting-Lu\n|-supereffective|p2a: Ting-Lu\n|-damage|p2a: Ting-Lu|50\/100\n|move|p1b: Ting-Lu|Rock Slide|p2a: Ting-Lu|[spread] p2a,p2b\n|-resisted|p2a: Ting-Lu\n|-supereffective|p2b: Vivillon\n|-damage|p2a: Ting-Lu|46\/100\n|-enditem|p2b: Vivillon|Focus Sash\n|-damage|p2b: Vivillon|1\/100\n|\n|upkeep\n|turn|6\n|inactive|Botamochiiii has 30 seconds left.\n|\n|t:|1682775980\n|move|p2b: Vivillon|Rage Powder|p2b: Vivillon\n|-singleturn|p2b: Vivillon|move: Rage Powder\n|move|p2a: Ting-Lu|Stomping Tantrum|p1b: Ting-Lu\n|-damage|p1b: Ting-Lu|0 fnt\n|faint|p1b: Ting-Lu\n|move|p1a: Orthworm|Body Press|p2b: Vivillon\n|-resisted|p2b: Vivillon\n|-damage|p2b: Vivillon|0 fnt\n|faint|p2b: Vivillon\n|\n|upkeep\n|\n|t:|1682775991\n|switch|p2b: Chi-Yu|Chi-Yu, L50, tera:Water|55\/100\n|switch|p1b: Sylveon|Sylveon, L50, F|100\/100\n|-ability|p2b: Chi-Yu|Beads of Ruin\n|turn|7\n|\n|t:|1682775999\n|move|p2b: Chi-Yu|Heat Wave|p1a: Orthworm|[spread] p1a,p1b\n|-supereffective|p1a: Orthworm\n|-damage|p1a: Orthworm|0 fnt\n|-damage|p1b: Sylveon|70\/100\n|faint|p1a: Orthworm\n|move|p2a: Ting-Lu|Stomping Tantrum|p1b: Sylveon\n|-damage|p1b: Sylveon|15\/100\n|move|p1b: Sylveon|Hyper Voice|p2a: Ting-Lu|[spread] p2a,p2b\n|-supereffective|p2a: Ting-Lu\n|-damage|p2a: Ting-Lu|0 fnt\n|-damage|p2b: Chi-Yu|28\/100\n|faint|p2a: Ting-Lu\n|-enditem|p1b: Sylveon|Throat Spray\n|-boost|p1b: Sylveon|spa|1|[from] item: Throat Spray\n|\n|upkeep\n|\n|t:|1682776012\n|switch|p2a: Abomasnow|Abomasnow, L50, M|100\/100\n|-weather|Snow|[from] ability: Snow Warning|[of] p2a: Abomasnow\n|turn|8\n|l| Rihito11\n|-message|Botamochiiii forfeited.\n|\n|win|KinimaP\n|raw|Botamochiiii's rating: 1500 → 1485<\/strong> (-15 for losing)\n|raw|KinimaP's rating: 1589 → 1604<\/strong> (+15 for winning)\n|l|\u2606Botamochiiii\n|l| Braindeadmeta\n","uploadtime":1682776033,"views":28,"p1id":"botamochiiii","p2id":"kinimap","formatid":"gen9vgc2023regulationc","rating":1485,"private":0,"password":""}