{"id":"gen9vgc2023regulationc-1852734322","p1":"Crusaderofni","p2":"WonkyWill","format":"[Gen 9] VGC 2023 Regulation C","log":"|j|\u2606Crusaderofni\n|j|\u2606WonkyWill\n|t:|1682601508\n|gametype|doubles\n|player|p1|Crusaderofni|170|1271\n|player|p2|WonkyWill|1|1213\n|teamsize|p1|6\n|teamsize|p2|6\n|gen|9\n|tier|[Gen 9] VGC 2023 Regulation C\n|rated|\n|rule|Species Clause: Limit one of each Pok\u00e9mon\n|rule|Item Clause: Limit one of each item\n|clearpoke\n|poke|p1|Ting-Lu, L50|\n|poke|p1|Iron Bundle, L50|\n|poke|p1|Arcanine, L50, M|\n|poke|p1|Amoonguss, L50, M|\n|poke|p1|Annihilape, L50, F|\n|poke|p1|Maushold, L50|\n|poke|p2|Ting-Lu, L50|\n|poke|p2|Chien-Pao, L50|\n|poke|p2|Garganacl, L50, F|\n|poke|p2|Palafin, L50, F|\n|poke|p2|Hydreigon, L50, F|\n|poke|p2|Amoonguss, L50, M|\n|teampreview|4\n|inactive|Battle timer is ON: inactive players will automatically lose when time's up. (requested by WonkyWill)\n|\n|t:|1682601555\n|start\n|switch|p1a: Annihilape|Annihilape, L50, F|100\/100\n|switch|p1b: Maushold|Maushold, L50|100\/100\n|switch|p2a: Hydreigon|Hydreigon, L50, F|100\/100\n|switch|p2b: Palafin|Palafin, L50, F|100\/100\n|turn|1\n|inactive|Crusaderofni has 30 seconds left.\n|\n|t:|1682601588\n|detailschange|p2b: Palafin|Palafin-Hero, L50, F\n|switch|p2b: Amoonguss|Amoonguss, L50, M|100\/100\n|move|p2a: Hydreigon|Dark Pulse|p1a: Annihilape\n|-damage|p1a: Annihilape|72\/100\n|move|p1b: Maushold|Population Bomb|p2a: Hydreigon\n|-damage|p2a: Hydreigon|91\/100\n|-damage|p2a: Hydreigon|82\/100\n|-damage|p2a: Hydreigon|71\/100\n|-damage|p2a: Hydreigon|62\/100\n|-damage|p2a: Hydreigon|52\/100\n|-damage|p2a: Hydreigon|43\/100\n|-damage|p2a: Hydreigon|34\/100\n|-damage|p2a: Hydreigon|24\/100\n|-damage|p2a: Hydreigon|15\/100\n|-damage|p2a: Hydreigon|6\/100\n|-hitcount|p2a: Hydreigon|10\n|move|p1a: Annihilape|Bulk Up|p1a: Annihilape\n|-boost|p1a: Annihilape|atk|1\n|-boost|p1a: Annihilape|def|1\n|\n|-heal|p1a: Annihilape|78\/100|[from] item: Leftovers\n|upkeep\n|turn|2\n|inactive|Crusaderofni has 30 seconds left.\n|inactive|WonkyWill has 30 seconds left.\n|inactive|WonkyWill has 20 seconds left.\n|inactive|WonkyWill has 15 seconds left.\n|\n|t:|1682601632\n|move|p2a: Hydreigon|Dark Pulse|p1b: Maushold\n|-damage|p1b: Maushold|35\/100\n|move|p1b: Maushold|Population Bomb|p2b: Amoonguss\n|-damage|p2b: Amoonguss|94\/100\n|-damage|p2b: Amoonguss|88\/100\n|-damage|p2b: Amoonguss|81\/100\n|-damage|p2b: Amoonguss|74\/100\n|-damage|p2b: Amoonguss|67\/100\n|-damage|p2b: Amoonguss|60\/100\n|-damage|p2b: Amoonguss|53\/100\n|-damage|p2b: Amoonguss|47\/100\n|-enditem|p2b: Amoonguss|Sitrus Berry|[eat]\n|-heal|p2b: Amoonguss|72\/100|[from] item: Sitrus Berry\n|-damage|p2b: Amoonguss|65\/100\n|-damage|p2b: Amoonguss|59\/100\n|-hitcount|p2b: Amoonguss|10\n|move|p1a: Annihilape|Rage Fist|p2b: Amoonguss\n|-damage|p2b: Amoonguss|0 fnt\n|faint|p2b: Amoonguss\n|\n|-heal|p1a: Annihilape|84\/100|[from] item: Leftovers\n|upkeep\n|inactive|WonkyWill has 30 seconds left.\n|\n|t:|1682601663\n|switch|p2b: Chien-Pao|Chien-Pao, L50|100\/100\n|-ability|p2b: Chien-Pao|Sword of Ruin\n|turn|3\n|\n|t:|1682601681\n|move|p2b: Chien-Pao|Protect|p2b: Chien-Pao\n|-singleturn|p2b: Chien-Pao|Protect\n|move|p1b: Maushold|Protect|p1b: Maushold\n|-singleturn|p1b: Maushold|Protect\n|move|p2a: Hydreigon|Dark Pulse|p1b: Maushold\n|-activate|p1b: Maushold|move: Protect\n|move|p1a: Annihilape|Drain Punch|p2b: Chien-Pao\n|-activate|p2b: Chien-Pao|move: Protect\n|\n|-heal|p1a: Annihilape|90\/100|[from] item: Leftovers\n|upkeep\n|turn|4\n|\n|t:|1682601706\n|switch|p1b: Arcanine|Arcanine, L50, M|100\/100\n|-ability|p1b: Arcanine|Intimidate|boost\n|-unboost|p2a: Hydreigon|atk|1\n|-unboost|p2b: Chien-Pao|atk|1\n|move|p2a: Hydreigon|Dark Pulse|p1b: Arcanine\n|-damage|p1b: Arcanine|59\/100\n|move|p2b: Chien-Pao|Ice Spinner|p1a: Annihilape\n|-crit|p1a: Annihilape\n|-damage|p1a: Annihilape|6\/100\n|move|p1a: Annihilape|Drain Punch|p2b: Chien-Pao\n|-supereffective|p2b: Chien-Pao\n|-enditem|p2b: Chien-Pao|Focus Sash\n|-damage|p2b: Chien-Pao|1\/100\n|-heal|p1a: Annihilape|42\/100|[from] drain|[of] p2b: Chien-Pao\n|\n|-heal|p1a: Annihilape|48\/100|[from] item: Leftovers\n|upkeep\n|turn|5\n|inactive|WonkyWill has 30 seconds left.\n|\n|t:|1682601736\n|move|p2b: Chien-Pao|Protect|p2b: Chien-Pao\n|-singleturn|p2b: Chien-Pao|Protect\n|move|p1a: Annihilape|Protect|p1a: Annihilape\n|-singleturn|p1a: Annihilape|Protect\n|move|p1b: Arcanine|Extreme Speed|p2b: Chien-Pao\n|-activate|p2b: Chien-Pao|move: Protect\n|move|p2a: Hydreigon|Dark Pulse|p1a: Annihilape\n|-activate|p1a: Annihilape|move: Protect\n|\n|-heal|p1a: Annihilape|53\/100|[from] item: Leftovers\n|upkeep\n|turn|6\n|inactive|WonkyWill has 30 seconds left.\n|\n|t:|1682601769\n|switch|p2b: Palafin|Palafin-Hero, L50, F|100\/100\n|-activate|p2b: Palafin|ability: Zero to Hero\n|move|p1b: Arcanine|Extreme Speed|p2b: Palafin\n|-damage|p2b: Palafin|76\/100\n|move|p2a: Hydreigon|Dark Pulse|p1a: Annihilape\n|-damage|p1a: Annihilape|18\/100\n|cant|p1a: Annihilape|flinch\n|\n|-heal|p1a: Annihilape|24\/100|[from] item: Leftovers\n|upkeep\n|turn|7\n|\n|t:|1682601791\n|-terastallize|p2b: Palafin|Water\n|-terastallize|p1b: Arcanine|Grass\n|move|p1a: Annihilape|Protect|p1a: Annihilape\n|-singleturn|p1a: Annihilape|Protect\n|move|p1b: Arcanine|Extreme Speed|p2a: Hydreigon\n|-damage|p2a: Hydreigon|0 fnt\n|faint|p2a: Hydreigon\n|move|p2b: Palafin|Jet Punch|p1b: Arcanine\n|-resisted|p1b: Arcanine\n|-damage|p1b: Arcanine|7\/100\n|\n|-heal|p1a: Annihilape|30\/100|[from] item: Leftovers\n|upkeep\n|\n|t:|1682601806\n|switch|p2a: Chien-Pao|Chien-Pao, L50|1\/100\n|-ability|p2a: Chien-Pao|Sword of Ruin\n|turn|8\n|\n|t:|1682601815\n|move|p2a: Chien-Pao|Protect|p2a: Chien-Pao\n|-singleturn|p2a: Chien-Pao|Protect\n|move|p2b: Palafin|Jet Punch|p1a: Annihilape\n|-damage|p1a: Annihilape|0 fnt\n|faint|p1a: Annihilape\n|move|p1b: Arcanine|Flare Blitz|p2b: Palafin\n|-resisted|p2b: Palafin\n|-damage|p2b: Palafin|43\/100\n|-damage|p1b: Arcanine|0 fnt|[from] Recoil\n|faint|p1b: Arcanine\n|\n|upkeep\n|\n|t:|1682601821\n|switch|p1b: Maushold|Maushold, L50|35\/100\n|switch|p1a: Ting-Lu|Ting-Lu, L50|100\/100\n|-ability|p1a: Ting-Lu|Vessel of Ruin\n|turn|9\n|\n|t:|1682601843\n|move|p1b: Maushold|Protect|p1b: Maushold\n|-singleturn|p1b: Maushold|Protect\n|move|p2a: Chien-Pao|Sucker Punch||[still]\n|-fail|p2a: Chien-Pao\n|move|p2b: Palafin|Jet Punch|p1a: Ting-Lu\n|-supereffective|p1a: Ting-Lu\n|-damage|p1a: Ting-Lu|20\/100\n|move|p1a: Ting-Lu|Stomping Tantrum|p2a: Chien-Pao\n|-damage|p2a: Chien-Pao|0 fnt\n|faint|p2a: Chien-Pao\n|\n|upkeep\n|turn|10\n|\n|t:|1682601856\n|move|p2b: Palafin|Jet Punch|p1b: Maushold\n|-damage|p1b: Maushold|0 fnt\n|faint|p1b: Maushold\n|move|p1a: Ting-Lu|Fissure|p2b: Palafin|[miss]\n|-miss|p1a: Ting-Lu|p2b: Palafin\n|\n|upkeep\n|turn|11\n|\n|t:|1682601864\n|move|p2b: Palafin|Jet Punch|p1a: Ting-Lu\n|-supereffective|p1a: Ting-Lu\n|-damage|p1a: Ting-Lu|0 fnt\n|faint|p1a: Ting-Lu\n|\n|win|WonkyWill\n|raw|Crusaderofni's rating: 1271 → 1242<\/strong> (-29 for losing)\n|raw|WonkyWill's rating: 1213 → 1242<\/strong> (+29 for winning)\n|l|\u2606Crusaderofni\n","uploadtime":1682601879,"views":11,"p1id":"crusaderofni","p2id":"wonkywill","formatid":"gen9vgc2023regulationc","rating":1242,"private":0,"password":""}