{"id":"gen9vgc2023regulationc-1845698866","p1":"luckythelamb","p2":"testsur0u","format":"[Gen 9] VGC 2023 Regulation C","log":"|j|\u2606luckythelamb\n|j|\u2606testsur0u\n|t:|1681756569\n|gametype|doubles\n|player|p1|luckythelamb|2|1119\n|player|p2|testsur0u|266|1131\n|teamsize|p1|6\n|teamsize|p2|6\n|gen|9\n|tier|[Gen 9] VGC 2023 Regulation C\n|rated|\n|rule|Species Clause: Limit one of each Pok\u00e9mon\n|rule|Item Clause: Limit one of each item\n|clearpoke\n|poke|p1|Ting-Lu, L50|\n|poke|p1|Ceruledge, L50, F|\n|poke|p1|Brute Bonnet, L50|\n|poke|p1|Flutter Mane, L50|\n|poke|p1|Pawmot, L50, F|\n|poke|p1|Arcanine, L50, M|\n|poke|p2|Arcanine, L50, F|\n|poke|p2|Dragapult, L50, F|\n|poke|p2|Palafin, L50, M|\n|poke|p2|Chien-Pao, L50|\n|poke|p2|Abomasnow, L50, F|\n|poke|p2|Baxcalibur, L50, M|\n|teampreview|4\n|inactive|Battle timer is ON: inactive players will automatically lose when time's up. (requested by luckythelamb)\ntestsur0u has agreed to open team sheets.\nluckythelamb has agreed to open team sheets.\n|inactive|luckythelamb has 60 seconds left.\n|\n|t:|1681756613\n|start\n|switch|p1a: Flutter Mane|Flutter Mane, L50|100\/100\n|switch|p1b: Ting-Lu|Ting-Lu, L50|100\/100\n|switch|p2a: Abomasnow|Abomasnow, L50, F|100\/100\n|switch|p2b: Palafin|Palafin, L50, M|100\/100\n|-weather|Snow|[from] ability: Snow Warning|[of] p2a: Abomasnow\n|-ability|p1b: Ting-Lu|Vessel of Ruin\n|turn|1\n|\n|t:|1681756636\n|detailschange|p2b: Palafin|Palafin-Hero, L50, M\n|switch|p2b: Arcanine|Arcanine, L50, F|100\/100\n|-ability|p2b: Arcanine|Intimidate|boost\n|-unboost|p1a: Flutter Mane|atk|1\n|-unboost|p1b: Ting-Lu|atk|1\n|move|p1a: Flutter Mane|Moonblast|p2b: Arcanine\n|-resisted|p2b: Arcanine\n|-damage|p2b: Arcanine|70\/100\n|move|p2a: Abomasnow|Aurora Veil|p2a: Abomasnow\n|-sidestart|p2: testsur0u|move: Aurora Veil\n|move|p1b: Ting-Lu|Heavy Slam|p2a: Abomasnow\n|-supereffective|p2a: Abomasnow\n|-damage|p2a: Abomasnow|78\/100\n|\n|-weather|Snow|[upkeep]\n|upkeep\n|turn|2\n|\n|t:|1681756654\n|switch|p1b: Ceruledge|Ceruledge, L50, F|100\/100\n|move|p1a: Flutter Mane|Moonblast|p2a: Abomasnow\n|-damage|p2a: Abomasnow|33\/100\n|move|p2b: Arcanine|Flare Blitz|p1a: Flutter Mane\n|-damage|p1a: Flutter Mane|26\/100\n|-damage|p2b: Arcanine|51\/100|[from] Recoil\n|move|p2a: Abomasnow|Sheer Cold|p1b: Ceruledge\n|-damage|p1b: Ceruledge|0 fnt\n|faint|p1b: Ceruledge\n|-ohko\n|\n|-weather|Snow|[upkeep]\n|upkeep\n|\n|t:|1681756668\n|switch|p1b: Cherri|Pawmot, L50, F, shiny|100\/100\n|turn|3\n|\n|t:|1681756677\n|move|p1b: Cherri|Fake Out|p2b: Arcanine\n|-damage|p2b: Arcanine|42\/100\n|move|p1a: Flutter Mane|Moonblast|p2a: Abomasnow\n|-damage|p2a: Abomasnow|0 fnt\n|faint|p2a: Abomasnow\n|cant|p2b: Arcanine|flinch\n|\n|-weather|Snow|[upkeep]\n|upkeep\n|\n|t:|1681756683\n|switch|p2a: Baxcalibur|Baxcalibur, L50, M|100\/100\n|turn|4\n|\n|t:|1681756692\n|-terastallize|p2a: Baxcalibur|Fire\n|move|p2a: Baxcalibur|Ice Shard|p1a: Flutter Mane\n|-damage|p1a: Flutter Mane|0 fnt\n|faint|p1a: Flutter Mane\n|-end|p1a: Flutter Mane|Protosynthesis|[silent]\n|move|p1b: Cherri|Revival Blessing|p1b: Cherri\n|\n|t:|1681756704\n|-heal|p1: Ceruledge|50\/100|[from] move: Revival Blessing\n|move|p2b: Arcanine|Will-O-Wisp|p1b: Cherri\n|-status|p1b: Cherri|brn\n|\n|-weather|Snow|[upkeep]\n|-damage|p1b: Cherri|94\/100 brn|[from] brn\n|upkeep\n|\n|t:|1681756709\n|switch|p1a: Ting-Lu|Ting-Lu, L50|100\/100\n|-ability|p1a: Ting-Lu|Vessel of Ruin\n|turn|5\n|\n|t:|1681756719\n|move|p2b: Arcanine|Protect|p2b: Arcanine\n|-singleturn|p2b: Arcanine|Protect\n|move|p1b: Cherri|Double Shock|p2a: Baxcalibur\n|-damage|p2a: Baxcalibur|83\/100\n|-start|p1b: Cherri|typechange|???\/Fighting|[from] move: Double Shock\n|move|p2a: Baxcalibur|Icicle Crash|p1a: Ting-Lu|[miss]\n|-miss|p2a: Baxcalibur|p1a: Ting-Lu\n|move|p1a: Ting-Lu|Earthquake|p2a: Baxcalibur|[spread] p1b,p2a\n|-activate|p2b: Arcanine|move: Protect\n|-supereffective|p2a: Baxcalibur\n|-damage|p1b: Cherri|49\/100 brn\n|-damage|p2a: Baxcalibur|49\/100\n|\n|-weather|none\n|-damage|p1b: Cherri|43\/100 brn|[from] brn\n|-sideend|p2: testsur0u|move: Aurora Veil\n|upkeep\n|turn|6\n|inactive|testsur0u has 30 seconds left.\n|\n|t:|1681756750\n|move|p1b: Cherri|Close Combat|p2a: Baxcalibur\n|-damage|p2a: Baxcalibur|22\/100\n|-unboost|p1b: Cherri|def|1\n|-unboost|p1b: Cherri|spd|1\n|move|p2b: Arcanine|Flare Blitz|p1a: Ting-Lu\n|-damage|p1a: Ting-Lu|76\/100\n|-damage|p2b: Arcanine|31\/100|[from] Recoil\n|move|p2a: Baxcalibur|Icicle Crash|p1a: Ting-Lu\n|-supereffective|p1a: Ting-Lu\n|-damage|p1a: Ting-Lu|26\/100\n|cant|p1a: Ting-Lu|flinch\n|\n|-damage|p1b: Cherri|37\/100 brn|[from] brn\n|upkeep\n|turn|7\n|inactive|luckythelamb has 30 seconds left.\n|\n|t:|1681756784\n|switch|p1b: Ceruledge|Ceruledge, L50, F|50\/100\n|move|p2b: Arcanine|Protect|p2b: Arcanine\n|-singleturn|p2b: Arcanine|Protect\n|move|p2a: Baxcalibur|Protect|p2a: Baxcalibur\n|-singleturn|p2a: Baxcalibur|Protect\n|move|p1a: Ting-Lu|Stomping Tantrum|p2a: Baxcalibur\n|-activate|p2a: Baxcalibur|move: Protect\n|\n|-heal|p1b: Ceruledge|57\/100|[from] item: Leftovers\n|upkeep\n|turn|8\n|\n|t:|1681756798\n|switch|p2b: Palafin|Palafin-Hero, L50, M|100\/100\n|-activate|p2b: Palafin|ability: Zero to Hero\n|move|p1b: Ceruledge|Protect|p1b: Ceruledge\n|-singleturn|p1b: Ceruledge|Protect\n|move|p2a: Baxcalibur|Glaive Rush|p1b: Ceruledge\n|-activate|p1b: Ceruledge|move: Protect\n|move|p1a: Ting-Lu|Earthquake|p2b: Palafin|[spread] p2a,p2b\n|-activate|p1b: Ceruledge|move: Protect\n|-supereffective|p2a: Baxcalibur\n|-damage|p2a: Baxcalibur|0 fnt\n|-damage|p2b: Palafin|68\/100\n|faint|p2a: Baxcalibur\n|\n|-heal|p1b: Ceruledge|63\/100|[from] item: Leftovers\n|upkeep\n|\n|t:|1681756803\n|switch|p2a: Arcanine|Arcanine, L50, F|31\/100\n|-ability|p2a: Arcanine|Intimidate|boost\n|-unboost|p1a: Ting-Lu|atk|1\n|-unboost|p1b: Ceruledge|atk|1\n|turn|9\n|\n|t:|1681756819\n|-terastallize|p1b: Ceruledge|Grass\n|move|p2a: Arcanine|Flare Blitz|p1a: Ting-Lu\n|-damage|p1a: Ting-Lu|2\/100\n|-damage|p2a: Arcanine|20\/100|[from] Recoil\n|move|p2b: Palafin|Wave Crash|p1b: Ceruledge\n|-resisted|p1b: Ceruledge\n|-damage|p1b: Ceruledge|11\/100\n|-damage|p2b: Palafin|50\/100|[from] Recoil\n|move|p1b: Ceruledge|Bulk Up|p1b: Ceruledge\n|-boost|p1b: Ceruledge|atk|1\n|-boost|p1b: Ceruledge|def|1\n|-enditem|p2a: Arcanine|Mirror Herb\n|-boost|p2a: Arcanine|atk|1|[from] item: Mirror Herb\n|-boost|p2a: Arcanine|def|1|[from] item: Mirror Herb\n|move|p1a: Ting-Lu|Earthquake|p2a: Arcanine|[spread] p1b,p2a,p2b\n|-resisted|p1b: Ceruledge\n|-supereffective|p2a: Arcanine\n|-damage|p1b: Ceruledge|4\/100\n|-damage|p2a: Arcanine|0 fnt\n|-damage|p2b: Palafin|29\/100\n|faint|p2a: Arcanine\n|\n|-heal|p1b: Ceruledge|10\/100|[from] item: Leftovers\n|upkeep\n|turn|10\n|\n|t:|1681756843\n|move|p2b: Palafin|Jet Punch|p2: Arcanine|[notarget]\n|-fail|p2b: Palafin\n|move|p1b: Ceruledge|Shadow Sneak|p2b: Palafin\n|-damage|p2b: Palafin|10\/100\n|move|p1a: Ting-Lu|Heavy Slam|p2b: Palafin\n|-resisted|p2b: Palafin\n|-damage|p2b: Palafin|0 fnt\n|faint|p2b: Palafin\n|\n|win|luckythelamb\n|raw|luckythelamb's rating: 1119 → 1145<\/strong> (+26 for winning)\n|raw|testsur0u's rating: 1131 → 1105<\/strong> (-26 for losing)\n|c|\u2606luckythelamb|gg?\n|c|\u2606luckythelamb|what was that\n|c|\u2606luckythelamb|how did it fail\n|c|\u2606testsur0u|not sure\n|c|\u2606testsur0u|shadow sneak?\n","uploadtime":1681756872,"views":7,"p1id":"luckythelamb","p2id":"testsur0u","formatid":"gen9vgc2023regulationc","rating":1105,"private":0,"password":""}