{"id":"gen9vgc2023regulationc-1851040849","p1":"magicwombat7778","p2":"ermegar","format":"[Gen 9] VGC 2023 Regulation C","log":"|j|\u2606magicwombat7778\n|j|\u2606ermegar\n|t:|1682398419\n|gametype|doubles\n|player|p1|magicwombat7778|volo-ginkgo|1070\n|player|p2|ermegar|buck|1087\n|teamsize|p1|6\n|teamsize|p2|6\n|gen|9\n|tier|[Gen 9] VGC 2023 Regulation C\n|rated|\n|rule|Species Clause: Limit one of each Pok\u00e9mon\n|rule|Item Clause: Limit one of each item\n|clearpoke\n|poke|p1|Chi-Yu, L50|\n|poke|p1|Gholdengo, L50|\n|poke|p1|Maushold, L50|\n|poke|p1|Meowscarada, L50, M|\n|poke|p1|Flutter Mane, L50|\n|poke|p1|Garchomp, L50, M|\n|poke|p2|Flutter Mane, L50|\n|poke|p2|Amoonguss, L50, M|\n|poke|p2|Palafin, L50, M|\n|poke|p2|Arcanine, L50, F|\n|poke|p2|Ting-Lu, L50|\n|poke|p2|Iron Hands, L50|\n|teampreview|4\n|inactive|Battle timer is ON: inactive players will automatically lose when time's up. (requested by ermegar)\n|\n|t:|1682398459\n|start\n|switch|p1a: Maushold|Maushold, L50|100\/100\n|switch|p1b: Chi-Yu|Chi-Yu, L50|100\/100\n|switch|p2a: Arcanine|Arcanine, L50, F|100\/100\n|switch|p2b: Iron Hands|Iron Hands, L50|100\/100\n|-ability|p1b: Chi-Yu|Beads of Ruin\n|-ability|p2a: Arcanine|Intimidate|boost\n|-unboost|p1a: Maushold|atk|1\n|-unboost|p1b: Chi-Yu|atk|1\n|-enditem|p2b: Iron Hands|Booster Energy\n|-activate|p2b: Iron Hands|ability: Quark Drive|[fromitem]\n|-start|p2b: Iron Hands|quarkdriveatk\n|turn|1\n|inactive|ermegar has 30 seconds left.\n|inactive|ermegar has 20 seconds left.\n|inactive|ermegar has 15 seconds left.\n|\n|t:|1682398501\n|move|p2b: Iron Hands|Fake Out|p1b: Chi-Yu\n|-damage|p1b: Chi-Yu|74\/100\n|move|p1a: Maushold|Follow Me|p1a: Maushold\n|-singleturn|p1a: Maushold|move: Follow Me\n|cant|p1b: Chi-Yu|flinch\n|move|p2a: Arcanine|Flare Blitz|p1a: Maushold\n|-damage|p1a: Maushold|25\/100\n|-damage|p2a: Arcanine|75\/100|[from] Recoil\n|\n|upkeep\n|turn|2\n|\n|t:|1682398521\n|-end|p2b: Iron Hands|Quark Drive|[silent]\n|switch|p2b: Ting-Lu|Ting-Lu, L50|100\/100\n|-ability|p2b: Ting-Lu|Vessel of Ruin\n|-terastallize|p1a: Maushold|Ghost\n|move|p1a: Maushold|Follow Me|p1a: Maushold\n|-singleturn|p1a: Maushold|move: Follow Me\n|move|p2a: Arcanine|Extreme Speed|p1a: Maushold\n|-immune|p1a: Maushold\n|move|p1b: Chi-Yu|Nasty Plot|p1b: Chi-Yu\n|-boost|p1b: Chi-Yu|spa|2\n|\n|upkeep\n|turn|3\n|inactive|magicwombat7778 has 30 seconds left.\n|inactive|ermegar has 30 seconds left.\n|\n|t:|1682398551\n|move|p1a: Maushold|Protect|p1a: Maushold\n|-singleturn|p1a: Maushold|Protect\n|move|p1b: Chi-Yu|Psychic|p2a: Arcanine\n|-damage|p2a: Arcanine|0 fnt\n|faint|p2a: Arcanine\n|-damage|p1b: Chi-Yu|64\/100|[from] item: Life Orb\n|move|p2b: Ting-Lu|Payback|p1b: Chi-Yu\n|-resisted|p1b: Chi-Yu\n|-damage|p1b: Chi-Yu|36\/100\n|\n|upkeep\n|\n|t:|1682398555\n|switch|p2a: Palafin|Palafin, L50, M|100\/100\n|turn|4\n|\n|t:|1682398568\n|-terastallize|p2a: Palafin|Water\n|move|p1a: Maushold|Follow Me|p1a: Maushold\n|-singleturn|p1a: Maushold|move: Follow Me\n|move|p2a: Palafin|Jet Punch|p1a: Maushold\n|-damage|p1a: Maushold|0 fnt\n|faint|p1a: Maushold\n|move|p1b: Chi-Yu|Overheat|p2b: Ting-Lu\n|-damage|p2b: Ting-Lu|0 fnt\n|-unboost|p1b: Chi-Yu|spa|2\n|faint|p2b: Ting-Lu\n|-damage|p1b: Chi-Yu|26\/100|[from] item: Life Orb\n|\n|upkeep\n|\n|t:|1682398583\n|switch|p1a: Flutter Mane|Flutter Mane, L50|100\/100\n|switch|p2b: Iron Hands|Iron Hands, L50|100\/100\n|-enditem|p1a: Flutter Mane|Booster Energy\n|-activate|p1a: Flutter Mane|ability: Protosynthesis|[fromitem]\n|-start|p1a: Flutter Mane|protosynthesisspe\n|turn|5\n|\n|t:|1682398599\n|move|p2b: Iron Hands|Fake Out|p1b: Chi-Yu\n|-damage|p1b: Chi-Yu|0 fnt\n|faint|p1b: Chi-Yu\n|move|p2a: Palafin|Jet Punch|p1a: Flutter Mane\n|-damage|p1a: Flutter Mane|27\/100\n|move|p1a: Flutter Mane|Dazzling Gleam|p2b: Iron Hands|[spread] p2a,p2b\n|-supereffective|p2b: Iron Hands\n|-damage|p2a: Palafin|53\/100\n|-damage|p2b: Iron Hands|40\/100\n|\n|upkeep\n|\n|t:|1682398607\n|switch|p1b: Meowscarada|Meowscarada, L50, M|100\/100\n|turn|6\n|\n|t:|1682398619\n|move|p2a: Palafin|Jet Punch|p1a: Flutter Mane\n|-damage|p1a: Flutter Mane|0 fnt\n|faint|p1a: Flutter Mane\n|-end|p1a: Flutter Mane|Protosynthesis|[silent]\n|move|p1b: Meowscarada|Flower Trick|p2a: Palafin\n|-supereffective|p2a: Palafin\n|-crit|p2a: Palafin\n|-damage|p2a: Palafin|0 fnt\n|faint|p2a: Palafin\n|move|p2b: Iron Hands|Close Combat|p1b: Meowscarada\n|-supereffective|p1b: Meowscarada\n|-enditem|p1b: Meowscarada|Focus Sash\n|-damage|p1b: Meowscarada|1\/100\n|-unboost|p2b: Iron Hands|def|1\n|-unboost|p2b: Iron Hands|spd|1\n|\n|upkeep\n|turn|7\n|\n|t:|1682398638\n|move|p1b: Meowscarada|Protect|p1b: Meowscarada\n|-singleturn|p1b: Meowscarada|Protect\n|move|p2b: Iron Hands|Detect||[still]\n|-fail|p2b: Iron Hands\n|\n|upkeep\n|turn|8\n|inactive|magicwombat7778 has 30 seconds left.\n|\n|t:|1682398664\n|move|p1b: Meowscarada|Play Rough|p2b: Iron Hands\n|-supereffective|p2b: Iron Hands\n|-damage|p2b: Iron Hands|0 fnt\n|faint|p2b: Iron Hands\n|-end|p2b: Iron Hands|Quark Drive|[silent]\n|\n|win|magicwombat7778\n|raw|magicwombat7778's rating: 1070 → 1101<\/strong> (+31 for winning)\n|raw|ermegar's rating: 1087 → 1063<\/strong> (-24 for losing)\n|l|\u2606ermegar\n","uploadtime":1682398682,"views":13,"p1id":"magicwombat7778","p2id":"ermegar","formatid":"gen9vgc2023regulationc","rating":1063,"private":0,"password":""}