{"id":"gen9vgc2023regulationc-1848829566","p1":"Gadiel_VaStar","p2":"TheAvatar77","format":"[Gen 9] VGC 2023 Regulation C","log":"|j|\u2606Gadiel_VaStar\n|j|\u2606TheAvatar77\n|t:|1682114958\n|gametype|doubles\n|player|p1|Gadiel_VaStar|sabrina|1138\n|player|p2|TheAvatar77|winona|1230\n|teamsize|p1|6\n|teamsize|p2|6\n|gen|9\n|tier|[Gen 9] VGC 2023 Regulation C\n|rated|\n|rule|Species Clause: Limit one of each Pok\u00e9mon\n|rule|Item Clause: Limit one of each item\n|clearpoke\n|poke|p1|Flamigo, L50, M|\n|poke|p1|Dondozo, L50, M|\n|poke|p1|Tatsugiri, L50, M|\n|poke|p1|Murkrow, L50, M|\n|poke|p1|Cyclizar, L50, M|\n|poke|p1|Sandaconda, L50, M|\n|poke|p2|Ting-Lu, L50|\n|poke|p2|Hydreigon, L50, F|\n|poke|p2|Amoonguss, L50, M|\n|poke|p2|Arcanine, L50, F|\n|poke|p2|Dondozo, L50, F|\n|poke|p2|Tatsugiri, L50, M|\n|teampreview|4\n|l|\u2606Gadiel_VaStar\n|player|p1|\n|\n|t:|1682115023\n|start\n|switch|p1a: Tatsugiri|Tatsugiri, L50, M|100\/100\n|switch|p1b: Murkrow|Murkrow, L50, M, shiny|100\/100\n|switch|p2a: Amoonguss|Amoonguss, L50, M|100\/100\n|switch|p2b: Hydreigon|Hydreigon, L50, F|100\/100\n|turn|1\n|j|\u2606Gadiel_VaStar\n|player|p1|Gadiel_VaStar|sabrina\n|\n|t:|1682115070\n|switch|p2b: Ting-Lu|Ting-Lu, L50|100\/100\n|-ability|p2b: Ting-Lu|Vessel of Ruin\n|move|p1b: Murkrow|Perish Song|p1b: Murkrow\n|-start|p1a: Tatsugiri|perish3|[silent]\n|-start|p1b: Murkrow|perish3|[silent]\n|-start|p2a: Amoonguss|perish3|[silent]\n|-start|p2b: Ting-Lu|perish3|[silent]\n|-fieldactivate|move: Perish Song\n|move|p1a: Tatsugiri|Dragon Pulse|p2b: Ting-Lu\n|-damage|p2b: Ting-Lu|83\/100\n|move|p2a: Amoonguss|Spore|p1b: Murkrow\n|-status|p1b: Murkrow|slp|[from] move: Spore\n|\n|-start|p1a: Tatsugiri|perish3\n|-start|p1b: Murkrow|perish3\n|-start|p2b: Ting-Lu|perish3\n|-start|p2a: Amoonguss|perish3\n|upkeep\n|turn|2\n|\n|t:|1682115103\n|switch|p2a: Hydreigon|Hydreigon, L50, F|100\/100\n|move|p1a: Tatsugiri|Protect|p1a: Tatsugiri\n|-singleturn|p1a: Tatsugiri|Protect\n|cant|p1b: Murkrow|slp\n|move|p2b: Ting-Lu|Earthquake|p1a: Tatsugiri|[spread] \n|-activate|p1a: Tatsugiri|move: Protect\n|-immune|p2a: Hydreigon|[from] ability: Levitate\n|-immune|p1b: Murkrow\n|\n|-start|p1a: Tatsugiri|perish2\n|-start|p1b: Murkrow|perish2\n|-start|p2b: Ting-Lu|perish2\n|upkeep\n|turn|3\n|\n|t:|1682115138\n|switch|p2a: Amoonguss|Amoonguss, L50, M|100\/100\n|switch|p1b: Dondozo|Dondozo, L50, M|100\/100\n|-activate|p1a: Tatsugiri|ability: Commander|[of] p1b: Dondozo\n|-boost|p1b: Dondozo|atk|2\n|-boost|p1b: Dondozo|spa|2\n|-boost|p1b: Dondozo|spe|2\n|-boost|p1b: Dondozo|def|2\n|-boost|p1b: Dondozo|spd|2\n|move|p2b: Ting-Lu|Rock Slide|p1b: Dondozo|[spread] p1b\n|-miss|p2b: Ting-Lu|p1a: Tatsugiri\n|-damage|p1b: Dondozo|94\/100\n|\n|-heal|p1b: Dondozo|99\/100|[from] item: Leftovers\n|-start|p1a: Tatsugiri|perish1\n|-start|p2b: Ting-Lu|perish1\n|upkeep\n|turn|4\n|\n|t:|1682115161\n|switch|p2b: Arcanine|Arcanine, L50, F|100\/100\n|-ability|p2b: Arcanine|Intimidate|boost\n|-unboost|p1a: Tatsugiri|atk|1\n|-fail|p1b: Dondozo|unboost|Attack|[from] ability: Oblivious|[of] p1b: Dondozo\n|move|p1b: Dondozo|Protect|p1b: Dondozo\n|-singleturn|p1b: Dondozo|Protect\n|move|p2a: Amoonguss|Clear Smog|p1b: Dondozo\n|-activate|p1b: Dondozo|move: Protect\n|\n|-heal|p1b: Dondozo|100\/100|[from] item: Leftovers\n|-start|p1a: Tatsugiri|perish0\n|faint|p1a: Tatsugiri\n|upkeep\n|\n|t:|1682115179\n|switch|p1a: Flamigo|Flamigo, L50, M, shiny|100\/100\n|-copyboost|p1a: Flamigo|p1b: Dondozo|[from] ability: Costar\n|turn|5\n|\n|t:|1682115212\n|-terastallize|p2a: Amoonguss|Dark\n|move|p2b: Arcanine|Protect|p2b: Arcanine\n|-singleturn|p2b: Arcanine|Protect\n|move|p1a: Flamigo|Fling|p2a: Amoonguss\n|-resisted|p2a: Amoonguss\n|-damage|p2a: Amoonguss|92\/100\n|-enditem|p1a: Flamigo|King's Rock|[from] move: Fling\n|move|p1b: Dondozo|Wave Crash|p2b: Arcanine\n|-activate|p2b: Arcanine|move: Protect\n|cant|p2a: Amoonguss|flinch\n|\n|upkeep\n|turn|6\n|l|\u2606Gadiel_VaStar\n|player|p1|\n|\n|t:|1682115252\n|switch|p2b: Ting-Lu|Ting-Lu, L50|83\/100\n|-ability|p2b: Ting-Lu|Vessel of Ruin\n|move|p1a: Flamigo|Acrobatics|p2a: Amoonguss\n|-damage|p2a: Amoonguss|1\/100\n|move|p1b: Dondozo|Earthquake|p2b: Ting-Lu|[spread] p2a,p2b\n|-immune|p1a: Flamigo\n|-damage|p2a: Amoonguss|0 fnt\n|-damage|p2b: Ting-Lu|59\/100\n|faint|p2a: Amoonguss\n|\n|upkeep\n|j|\u2606Gadiel_VaStar\n|player|p1|Gadiel_VaStar|sabrina\n|\n|t:|1682115263\n|switch|p2a: Arcanine|Arcanine, L50, F|100\/100\n|-ability|p2a: Arcanine|Intimidate|boost\n|-unboost|p1a: Flamigo|atk|1\n|-fail|p1b: Dondozo|unboost|Attack|[from] ability: Oblivious|[of] p1b: Dondozo\n|turn|7\n|\n|t:|1682115286\n|move|p2a: Arcanine|Protect|p2a: Arcanine\n|-singleturn|p2a: Arcanine|Protect\n|move|p1a: Flamigo|Acrobatics|p2b: Ting-Lu\n|-damage|p2b: Ting-Lu|14\/100\n|move|p1b: Dondozo|Wave Crash|p2b: Ting-Lu\n|-supereffective|p2b: Ting-Lu\n|-damage|p2b: Ting-Lu|0 fnt\n|faint|p2b: Ting-Lu\n|-damage|p1b: Dondozo|95\/100|[from] Recoil\n|\n|-heal|p1b: Dondozo|100\/100|[from] item: Leftovers\n|upkeep\n|\n|t:|1682115294\n|switch|p2b: Hydreigon|Hydreigon, L50, F|100\/100\n|turn|8\n|\n|t:|1682115320\n|move|p1a: Flamigo|Detect|p1a: Flamigo\n|-singleturn|p1a: Flamigo|Protect\n|move|p2b: Hydreigon|Draco Meteor|p1a: Flamigo\n|-activate|p1a: Flamigo|move: Protect\n|move|p2a: Arcanine|Flare Blitz|p1a: Flamigo\n|-activate|p1a: Flamigo|move: Protect\n|move|p1b: Dondozo|Order Up|p2b: Hydreigon\n|-supereffective|p2b: Hydreigon\n|-damage|p2b: Hydreigon|0 fnt\n|faint|p2b: Hydreigon\n|-boost|p1b: Dondozo|atk|1\n|\n|upkeep\n|turn|9\n|-message|TheAvatar77 forfeited.\n|\n|win|Gadiel_VaStar\n|raw|Gadiel_VaStar's rating: 1138 → 1169<\/strong> (+31 for winning)\n|raw|TheAvatar77's rating: 1230 → 1199<\/strong> (-31 for losing)\n|l|\u2606TheAvatar77\n","uploadtime":1682115364,"views":9,"p1id":"gadielvastar","p2id":"theavatar77","formatid":"gen9vgc2023regulationc","rating":1169,"private":0,"password":""}