{"id":"gen9vgc2023regulationc-1847008107","p1":"NoSugo","p2":"Lorge Coffee","format":"[Gen 9] VGC 2023 Regulation C","log":"|j|\u2606NoSugo\n|j|\u2606Lorge Coffee\n|t:|1681911222\n|gametype|doubles\n|player|p1|NoSugo|janitor|1110\n|player|p2|Lorge Coffee|shauntal|1129\n|teamsize|p1|6\n|teamsize|p2|6\n|gen|9\n|tier|[Gen 9] VGC 2023 Regulation C\n|rated|\n|rule|Species Clause: Limit one of each Pok\u00e9mon\n|rule|Item Clause: Limit one of each item\n|clearpoke\n|poke|p1|Murkrow, L50, M|\n|poke|p1|Flutter Mane, L50|\n|poke|p1|Corviknight, L50, M|\n|poke|p1|Gyarados, L50, F|\n|poke|p1|Great Tusk, L50|\n|poke|p1|Ting-Lu, L50|\n|poke|p2|Iron Bundle, L50|\n|poke|p2|Iron Treads, L50|\n|poke|p2|Iron Thorns, L50|\n|poke|p2|Amoonguss, L50, M|\n|poke|p2|Talonflame, L50, M|\n|poke|p2|Annihilape, L50, M|\n|teampreview|4\n|inactive|Battle timer is ON: inactive players will automatically lose when time's up. (requested by Lorge Coffee)\n|inactive|NoSugo has 60 seconds left.\n|inactive|Lorge Coffee has 60 seconds left.\n|inactive|NoSugo has 30 seconds left.\nLorge Coffee has agreed to open team sheets.\n|inactive|NoSugo has 20 seconds left.\n|inactive|NoSugo has 15 seconds left.\n|inactive|NoSugo has 10 seconds left.\n|inactive|NoSugo has 5 seconds left.\n|\n|t:|1681911313\n|start\n|switch|p1a: Murkrow|Murkrow, L50, M|100\/100\n|switch|p1b: Flutter Mane|Flutter Mane, L50|100\/100\n|switch|p2a: Talonflame|Talonflame, L50, M|100\/100\n|switch|p2b: Annihilape|Annihilape, L50, M|100\/100\n|turn|1\n|c|\u2606Lorge Coffee|No Sauce? Nice name LOL.\n|inactive|NoSugo has 30 seconds left.\n|inactive|NoSugo has 20 seconds left.\n|inactive|NoSugo has 15 seconds left.\n|inactive|NoSugo has 10 seconds left.\n|inactive|NoSugo has 5 seconds left.\n|\n|t:|1681911368\n|-terastallize|p2b: Annihilape|Fire\n|move|p2a: Talonflame|Tailwind|p2a: Talonflame\n|-sidestart|p2: Lorge Coffee|move: Tailwind\n|move|p1a: Murkrow|Tailwind|p1a: Murkrow\n|-sidestart|p1: NoSugo|move: Tailwind\n|move|p1b: Flutter Mane|Moonblast|p2a: Talonflame\n|-resisted|p2a: Talonflame\n|-damage|p2a: Talonflame|54\/100\n|-enditem|p2a: Talonflame|Red Card|[of] p1b: Flutter Mane\n|-end|p1b: Flutter Mane|Protosynthesis|[silent]\n|drag|p1b: Corviknight|Corviknight, L50, M|100\/100\n|move|p2b: Annihilape|Bulk Up|p2b: Annihilape\n|-boost|p2b: Annihilape|atk|1\n|-boost|p2b: Annihilape|def|1\n|\n|upkeep\n|turn|2\n|c|\u2606Lorge Coffee|Sugo is sauce in Italian in the event you were not aware\n|inactive|NoSugo has 30 seconds left.\n|inactive|NoSugo has 20 seconds left.\n|inactive|NoSugo has 15 seconds left.\n|inactive|NoSugo has 10 seconds left.\n|inactive|NoSugo has 5 seconds left.\n|\n|t:|1681911423\n|move|p1a: Murkrow|Tailwind||[still]\n|-fail|p1a: Murkrow\n|move|p2a: Talonflame|Overheat|p1b: Corviknight\n|-supereffective|p1b: Corviknight\n|-damage|p1b: Corviknight|20\/100\n|-unboost|p2a: Talonflame|spa|2\n|-enditem|p1b: Corviknight|Sitrus Berry|[eat]\n|-heal|p1b: Corviknight|45\/100|[from] item: Sitrus Berry\n|move|p2b: Annihilape|Drain Punch|p1a: Murkrow\n|-damage|p1a: Murkrow|50\/100\n|move|p1b: Corviknight|Tailwind||[still]\n|-fail|p1b: Corviknight\n|\n|upkeep\n|turn|3\n|inactive|NoSugo has 30 seconds left.\n|inactive|Lorge Coffee has 30 seconds left.\n|inactive|NoSugo has 20 seconds left.\n|inactive|NoSugo has 15 seconds left.\n|inactive|NoSugo has 10 seconds left.\n|inactive|NoSugo has 5 seconds left.\n|\n|t:|1681911478\n|switch|p2a: Iron Thorns|Iron Thorns, L50|100\/100\n|-enditem|p2a: Iron Thorns|Booster Energy\n|-activate|p2a: Iron Thorns|ability: Quark Drive|[fromitem]\n|-start|p2a: Iron Thorns|quarkdriveatk\n|move|p1a: Murkrow|Tailwind||[still]\n|-fail|p1a: Murkrow\n|move|p2b: Annihilape|Bulk Up|p2b: Annihilape\n|-boost|p2b: Annihilape|atk|1\n|-boost|p2b: Annihilape|def|1\n|move|p1b: Corviknight|Tailwind||[still]\n|-fail|p1b: Corviknight\n|\n|upkeep\n|turn|4\n|inactive|NoSugo has 30 seconds left.\n|inactive|NoSugo has 20 seconds left.\n|inactive|NoSugo has 15 seconds left.\n|inactive|NoSugo has 10 seconds left.\n|inactive|NoSugo has 5 seconds left.\n|\n|t:|1681911533\n|move|p1a: Murkrow|Tailwind||[still]\n|-fail|p1a: Murkrow\n|move|p2a: Iron Thorns|Rock Slide|p1a: Murkrow|[spread] p1a,p1b\n|-supereffective|p1a: Murkrow\n|-damage|p1a: Murkrow|0 fnt\n|-damage|p1b: Corviknight|14\/100\n|faint|p1a: Murkrow\n|move|p2b: Annihilape|Rage Fist|p1b: Corviknight\n|-damage|p1b: Corviknight|0 fnt\n|faint|p1b: Corviknight\n|\n|-sideend|p1: NoSugo|move: Tailwind\n|-sideend|p2: Lorge Coffee|move: Tailwind\n|upkeep\n|inactive|NoSugo has 30 seconds left.\n|inactive|NoSugo has 20 seconds left.\n|inactive|NoSugo has 15 seconds left.\n|inactive|NoSugo has 10 seconds left.\n|inactive|NoSugo has 5 seconds left.\n|\n|t:|1681911588\n|switch|p1a: Flutter Mane|Flutter Mane, L50|100\/100\n|switch|p1b: Gyarados|Gyarados, L50, F|100\/100\n|-ability|p1b: Gyarados|Intimidate|boost\n|-unboost|p2a: Iron Thorns|atk|1\n|-unboost|p2b: Annihilape|atk|1\n|-ability|p2b: Annihilape|Defiant|boost\n|-boost|p2b: Annihilape|atk|2\n|turn|5\n|inactive|NoSugo has 30 seconds left.\n|inactive|NoSugo has 20 seconds left.\n|inactive|Lorge Coffee has 30 seconds left.\n|inactive|NoSugo has 15 seconds left.\n|inactive|NoSugo has 10 seconds left.\n|inactive|Lorge Coffee has 20 seconds left.\n|inactive|NoSugo has 5 seconds left.\n|\n|t:|1681911643\n|-end|p2a: Iron Thorns|Quark Drive|[silent]\n|switch|p2a: Iron Bundle|Iron Bundle, L50|100\/100\n|move|p1a: Flutter Mane|Moonblast|p2a: Iron Bundle\n|-enditem|p2a: Iron Bundle|Focus Sash\n|-damage|p2a: Iron Bundle|1\/100\n|move|p2b: Annihilape|Rage Fist|p1a: Flutter Mane\n|-supereffective|p1a: Flutter Mane\n|-enditem|p1a: Flutter Mane|Focus Sash\n|-damage|p1a: Flutter Mane|1\/100\n|move|p1b: Gyarados|Waterfall|p2b: Annihilape\n|-supereffective|p2b: Annihilape\n|-damage|p2b: Annihilape|65\/100\n|\n|-heal|p2b: Annihilape|71\/100|[from] item: Leftovers\n|upkeep\n|turn|6\n|inactive|NoSugo has 30 seconds left.\n|inactive|NoSugo has 20 seconds left.\n|inactive|NoSugo has 15 seconds left.\n|inactive|NoSugo has 10 seconds left.\n|inactive|NoSugo has 5 seconds left.\n|\n|t:|1681911698\n|move|p2a: Iron Bundle|Icy Wind|p1b: Gyarados|[spread] p1a,p1b\n|-damage|p1a: Flutter Mane|0 fnt\n|-damage|p1b: Gyarados|87\/100\n|-unboost|p1b: Gyarados|spe|1\n|faint|p1a: Flutter Mane\n|-end|p1a: Flutter Mane|Protosynthesis|[silent]\n|move|p2b: Annihilape|Rage Fist|p1b: Gyarados\n|-damage|p1b: Gyarados|0 fnt\n|faint|p1b: Gyarados\n|\n|win|Lorge Coffee\n|raw|NoSugo's rating: 1110 → 1086<\/strong> (-24 for losing)\n|raw|Lorge Coffee's rating: 1129 → 1153<\/strong> (+24 for winning)\n|c|\u2606Lorge Coffee|GG\n","uploadtime":1681911730,"views":11,"p1id":"nosugo","p2id":"lorgecoffee","formatid":"gen9vgc2023regulationc","rating":1086,"private":0,"password":""}