{"id":"gen9vgc2023regulationc-1863852237","p1":"TGH_sr","p2":"FallenTurtlle","format":"[Gen 9] VGC 2023 Regulation C","log":"|j|\u2606TGH_sr\n|j|\u2606FallenTurtlle\n|t:|1684085503\n|gametype|doubles\n|player|p1|TGH_sr|steven|1151\n|player|p2|FallenTurtlle|janitor|1109\n|teamsize|p1|6\n|teamsize|p2|6\n|gen|9\n|tier|[Gen 9] VGC 2023 Regulation C\n|rated|\n|rule|Species Clause: Limit one of each Pok\u00e9mon\n|rule|Item Clause: Limit one of each item\n|clearpoke\n|poke|p1|Ting-Lu, L50|\n|poke|p1|Arcanine, L50, F|\n|poke|p1|Kingambit, L50, M|\n|poke|p1|Amoonguss, L50, F|\n|poke|p1|Palafin, L50, F|\n|poke|p1|Flutter Mane, L50|\n|poke|p2|Happiny, L50, F|\n|poke|p2|Stonjourner, L50, M|\n|poke|p2|Sandy Shocks, L50|\n|poke|p2|Rabsca, L50, F|\n|poke|p2|Chi-Yu, L50|\n|poke|p2|Crabominable, L50, F|\n|teampreview|4\nTGH_sr has agreed to open team sheets.\n|\n|t:|1684085589\n|start\n|switch|p1a: Palafin|Palafin, L50, F|100\/100\n|switch|p1b: Kingambit|Kingambit, L50, M|100\/100\n|switch|p2a: Stonjourner|Stonjourner, L50, M|100\/100\n|switch|p2b: Sandy Shocks|Sandy Shocks, L50|100\/100\n|turn|1\n|\n|t:|1684085611\n|-terastallize|p2a: Stonjourner|Ground\n|move|p1a: Palafin|Protect|p1a: Palafin\n|-singleturn|p1a: Palafin|Protect\n|move|p1b: Kingambit|Protect|p1b: Kingambit\n|-singleturn|p1b: Kingambit|Protect\n|move|p2b: Sandy Shocks|Discharge|p1b: Kingambit|[spread] \n|-activate|p1a: Palafin|move: Protect\n|-activate|p1b: Kingambit|move: Protect\n|-immune|p2a: Stonjourner\n|move|p2a: Stonjourner|Gravity|p2a: Stonjourner\n|-fieldstart|move: Gravity\n|\n|upkeep\n|turn|2\n|\n|t:|1684085665\n|detailschange|p1a: Palafin|Palafin-Hero, L50, F\n|switch|p1a: Ting-Lu|Ting-Lu, L50|100\/100\n|-ability|p1a: Ting-Lu|Vessel of Ruin\n|move|p2a: Stonjourner|Protect|p2a: Stonjourner\n|-singleturn|p2a: Stonjourner|Protect\n|move|p2b: Sandy Shocks|Discharge|p1a: Ting-Lu|[spread] p1b\n|-activate|p2a: Stonjourner|move: Protect\n|-immune|p1a: Ting-Lu\n|-damage|p1b: Kingambit|72\/100\n|move|p1b: Kingambit|Swords Dance|p1b: Kingambit\n|-boost|p1b: Kingambit|atk|2\n|\n|upkeep\n|turn|3\n|\n|t:|1684085696\n|move|p1b: Kingambit|Protect|p1b: Kingambit\n|-singleturn|p1b: Kingambit|Protect\n|move|p2b: Sandy Shocks|Earth Power|p1b: Kingambit\n|-activate|p1b: Kingambit|move: Protect\n|move|p2a: Stonjourner|Mega Kick|p1a: Ting-Lu\n|-damage|p1a: Ting-Lu|80\/100\n|move|p1a: Ting-Lu|Earthquake|p2b: Sandy Shocks|[spread] p2a,p2b\n|-activate|p1b: Kingambit|move: Protect\n|-supereffective|p2b: Sandy Shocks\n|-damage|p2a: Stonjourner|82\/100\n|-damage|p2b: Sandy Shocks|31\/100\n|\n|upkeep\n|turn|4\n|\n|t:|1684085735\n|move|p1b: Kingambit|Sucker Punch|p2b: Sandy Shocks\n|-damage|p2b: Sandy Shocks|0 fnt\n|faint|p2b: Sandy Shocks\n|-end|p2b: Sandy Shocks|Protosynthesis|[silent]\n|move|p2a: Stonjourner|Mega Kick|p1a: Ting-Lu\n|-damage|p1a: Ting-Lu|61\/100\n|move|p1a: Ting-Lu|Ruination|p2a: Stonjourner\n|-damage|p2a: Stonjourner|41\/100\n|\n|upkeep\n|\n|t:|1684085747\n|switch|p2b: Crabominable|Crabominable, L50, F|100\/100\n|turn|5\n|\n|t:|1684085777\n|switch|p1a: Amoonguss|Amoonguss, L50, F|100\/100\n|move|p2a: Stonjourner|Protect|p2a: Stonjourner\n|-singleturn|p2a: Stonjourner|Protect\n|move|p1b: Kingambit|Protect|p1b: Kingambit\n|-singleturn|p1b: Kingambit|Protect\n|move|p2b: Crabominable|Dynamic Punch|p1b: Kingambit\n|-activate|p1b: Kingambit|move: Protect\n|\n|-fieldend|move: Gravity\n|upkeep\n|turn|6\n|\n|t:|1684085820\n|move|p1b: Kingambit|Sucker Punch|p2b: Crabominable\n|-resisted|p2b: Crabominable\n|-damage|p2b: Crabominable|53\/100\n|move|p2a: Stonjourner|Gravity|p2a: Stonjourner\n|-fieldstart|move: Gravity\n|move|p2b: Crabominable|Ice Hammer|p1a: Amoonguss\n|-supereffective|p1a: Amoonguss\n|-damage|p1a: Amoonguss|0 fnt\n|-unboost|p2b: Crabominable|spe|1\n|faint|p1a: Amoonguss\n|\n|upkeep\n|\n|t:|1684085836\n|switch|p1a: Palafin|Palafin-Hero, L50, F|100\/100\n|-activate|p1a: Palafin|ability: Zero to Hero\n|turn|7\n|\n|t:|1684085866\n|-terastallize|p1b: Kingambit|Dark\n|move|p1a: Palafin|Jet Punch|p2a: Stonjourner\n|-supereffective|p2a: Stonjourner\n|-damage|p2a: Stonjourner|0 fnt\n|faint|p2a: Stonjourner\n|move|p1b: Kingambit|Sucker Punch|p2b: Crabominable\n|-resisted|p2b: Crabominable\n|-damage|p2b: Crabominable|0 fnt\n|faint|p2b: Crabominable\n|\n|upkeep\n|\n|t:|1684085874\n|switch|p2a: Chi-Yu|Chi-Yu, L50|100\/100\n|-ability|p2a: Chi-Yu|Beads of Ruin\n|turn|8\n|\n|t:|1684085884\n|move|p1a: Palafin|Jet Punch|p2a: Chi-Yu\n|-supereffective|p2a: Chi-Yu\n|-damage|p2a: Chi-Yu|0 fnt\n|faint|p2a: Chi-Yu\n|\n|win|TGH_sr\n|raw|TGH_sr's rating: 1151 → 1173<\/strong> (+22 for winning)\n|raw|FallenTurtlle's rating: 1109 → 1087<\/strong> (-22 for losing)\n|c|\u2606FallenTurtlle|Gg\n|l|\u2606FallenTurtlle\n|c|\u2606TGH_sr|ggs\n","uploadtime":1684085893,"views":17,"p1id":"tghsr","p2id":"fallenturtlle","formatid":"gen9vgc2023regulationc","rating":1087,"private":0,"password":""}