{"id":"gen9vgc2023regulationc-1852875776","p1":"Frankie Chess","p2":"Yhhgggtgf","format":"[Gen 9] VGC 2023 Regulation C","log":"|j|\u2606Frankie Chess\n|j|\u203dYhhgggtgf\n|t:|1682613654\n|gametype|doubles\n|player|p1|Frankie Chess|170|1051\n|player|p2|Yhhgggtgf|266|1000\n|teamsize|p1|6\n|teamsize|p2|6\n|gen|9\n|tier|[Gen 9] VGC 2023 Regulation C\n|rated|\n|rule|Species Clause: Limit one of each Pok\u00e9mon\n|rule|Item Clause: Limit one of each item\n|clearpoke\n|poke|p1|Pelipper, L50, M|\n|poke|p1|Floatzel, L50, F|\n|poke|p1|Chien-Pao, L50|\n|poke|p1|Brute Bonnet, L50|\n|poke|p1|Gholdengo, L50|\n|poke|p1|Iron Hands, L50|\n|poke|p2|Orthworm, L50, F|\n|poke|p2|Dondozo, L50, F|\n|poke|p2|Tatsugiri, L50, F|\n|poke|p2|Iron Hands, L50|\n|poke|p2|Pelipper, L50, F|\n|poke|p2|Scream Tail, L50|\n|teampreview|4\n|\n|t:|1682613713\n|start\n|switch|p1a: Pelipper|Pelipper, L50, M|100\/100\n|switch|p1b: Gholdengo|Gholdengo, L50|100\/100\n|switch|p2a: Dondozo|Dondozo, L50, F|100\/100\n|switch|p2b: Orthworm|Orthworm, L50, F, shiny|100\/100\n|-weather|RainDance|[from] ability: Drizzle|[of] p1a: Pelipper\n|turn|1\n|\n|t:|1682613735\n|-terastallize|p2a: Dondozo|Grass\n|move|p1b: Gholdengo|Thunder|p2a: Dondozo\n|-resisted|p2a: Dondozo\n|-damage|p2a: Dondozo|74\/100\n|move|p1a: Pelipper|Tailwind|p1a: Pelipper\n|-sidestart|p1: Frankie Chess|move: Tailwind\n|move|p2b: Orthworm|Iron Defense|p2b: Orthworm\n|-boost|p2b: Orthworm|def|2\n|move|p2a: Dondozo|Earthquake|p1b: Gholdengo|[spread] p1b\n|-immune|p2b: Orthworm|[from] ability: Earth Eater\n|-immune|p1a: Pelipper\n|-supereffective|p1b: Gholdengo\n|-damage|p1b: Gholdengo|29\/100\n|-damage|p2a: Dondozo|65\/100|[from] item: Life Orb\n|\n|-weather|RainDance|[upkeep]\n|upkeep\n|turn|2\n|\n|t:|1682613766\n|switch|p1b: Brute Bonnet|Brute Bonnet, L50|100\/100\n|switch|p2b: Tatsugiri|Tatsugiri, L50, F|100\/100\n|-activate|p2b: Tatsugiri|ability: Commander|[of] p2a: Dondozo\n|-boost|p2a: Dondozo|atk|2\n|-boost|p2a: Dondozo|spa|2\n|-boost|p2a: Dondozo|spe|2\n|-boost|p2a: Dondozo|def|2\n|-boost|p2a: Dondozo|spd|2\n|move|p1a: Pelipper|Hurricane|p2a: Dondozo\n|-supereffective|p2a: Dondozo\n|-damage|p2a: Dondozo|20\/100\n|move|p2a: Dondozo|Earthquake|p1a: Pelipper|[spread] p1b\n|-miss|p2a: Dondozo|p2b: Tatsugiri\n|-immune|p1a: Pelipper\n|-resisted|p1b: Brute Bonnet\n|-damage|p1b: Brute Bonnet|83\/100\n|-damage|p2a: Dondozo|10\/100|[from] item: Life Orb\n|\n|-weather|RainDance|[upkeep]\n|upkeep\n|turn|3\n|\n|t:|1682613797\n|-end|p1b: Brute Bonnet|Protosynthesis|[silent]\n|switch|p1b: Iron Hands|Iron Hands, L50|100\/100\n|move|p1a: Pelipper|Hurricane|p2a: Dondozo\n|-supereffective|p2a: Dondozo\n|-damage|p2a: Dondozo|0 fnt\n|faint|p2a: Dondozo\n|\n|-weather|RainDance|[upkeep]\n|upkeep\n|\n|t:|1682613813\n|switch|p2a: Iron Hands|Iron Hands, L50|100\/100\n|turn|4\n|\n|t:|1682613839\n|move|p1a: Pelipper|Protect|p1a: Pelipper\n|-singleturn|p1a: Pelipper|Protect\n|move|p2b: Tatsugiri|Icy Wind|p1a: Pelipper|[spread] p1b\n|-activate|p1a: Pelipper|move: Protect\n|-damage|p1b: Iron Hands|92\/100\n|-unboost|p1b: Iron Hands|spe|1\n|move|p1b: Iron Hands|Wild Charge|p2b: Tatsugiri\n|-damage|p2b: Tatsugiri|0 fnt\n|faint|p2b: Tatsugiri\n|-damage|p1b: Iron Hands|78\/100|[from] Recoil\n|move|p2a: Iron Hands|Wild Charge|p1a: Pelipper\n|-activate|p1a: Pelipper|move: Protect\n|\n|-weather|RainDance|[upkeep]\n|-sideend|p1: Frankie Chess|move: Tailwind\n|upkeep\n|\n|t:|1682613857\n|switch|p2b: Orthworm|Orthworm, L50, F, shiny|100\/100\n|turn|5\n|\n|t:|1682613876\n|switch|p1a: Brute Bonnet|Brute Bonnet, L50|83\/100\n|-terastallize|p1b: Iron Hands|Grass\n|move|p2b: Orthworm|Iron Defense|p2b: Orthworm\n|-boost|p2b: Orthworm|def|2\n|move|p2a: Iron Hands|Wild Charge|p1a: Brute Bonnet\n|-resisted|p1a: Brute Bonnet\n|-damage|p1a: Brute Bonnet|65\/100\n|-damage|p2a: Iron Hands|97\/100|[from] Recoil\n|move|p1b: Iron Hands|Drain Punch|p2b: Orthworm\n|-supereffective|p2b: Orthworm\n|-damage|p2b: Orthworm|65\/100\n|-heal|p1b: Iron Hands|90\/100|[from] drain|[of] p2b: Orthworm\n|\n|-weather|RainDance|[upkeep]\n|-heal|p2b: Orthworm|72\/100|[from] item: Leftovers\n|upkeep\n|turn|6\n|\n|t:|1682613914\n|move|p2b: Orthworm|Iron Defense|p2b: Orthworm\n|-boost|p2b: Orthworm|def|2\n|move|p1a: Brute Bonnet|Spore|p2b: Orthworm\n|-status|p2b: Orthworm|slp|[from] move: Spore\n|move|p2a: Iron Hands|Heavy Slam|p1a: Brute Bonnet\n|-damage|p1a: Brute Bonnet|36\/100\n|move|p1b: Iron Hands|Drain Punch|p2b: Orthworm\n|-supereffective|p2b: Orthworm\n|-damage|p2b: Orthworm|50\/100 slp\n|-heal|p1b: Iron Hands|97\/100|[from] drain|[of] p2b: Orthworm\n|\n|-weather|RainDance|[upkeep]\n|-heal|p2b: Orthworm|56\/100 slp|[from] item: Leftovers\n|upkeep\n|turn|7\n|\n|t:|1682613940\n|move|p1a: Brute Bonnet|Protect|p1a: Brute Bonnet\n|-singleturn|p1a: Brute Bonnet|Protect\n|cant|p2b: Orthworm|slp\n|move|p2a: Iron Hands|Drain Punch|p1a: Brute Bonnet\n|-activate|p1a: Brute Bonnet|move: Protect\n|move|p1b: Iron Hands|Drain Punch|p2b: Orthworm\n|-supereffective|p2b: Orthworm\n|-damage|p2b: Orthworm|35\/100 slp\n|-heal|p1b: Iron Hands|100\/100|[from] drain|[of] p2b: Orthworm\n|\n|-weather|RainDance|[upkeep]\n|-heal|p2b: Orthworm|41\/100 slp|[from] item: Leftovers\n|upkeep\n|turn|8\n|\n|t:|1682613978\n|-end|p1a: Brute Bonnet|Protosynthesis|[silent]\n|switch|p1a: Gholdengo|Gholdengo, L50|29\/100\n|cant|p2b: Orthworm|slp\n|move|p2a: Iron Hands|Drain Punch|p1a: Gholdengo\n|-immune|p1a: Gholdengo\n|move|p1b: Iron Hands|Drain Punch|p2b: Orthworm\n|-supereffective|p2b: Orthworm\n|-damage|p2b: Orthworm|20\/100 slp\n|\n|-weather|none\n|-heal|p2b: Orthworm|26\/100 slp|[from] item: Leftovers\n|upkeep\n|turn|9\n|\n|t:|1682614010\n|move|p1a: Gholdengo|Shadow Ball|p2b: Orthworm\n|-damage|p2b: Orthworm|0 fnt\n|faint|p2b: Orthworm\n|move|p2a: Iron Hands|Heavy Slam|p1a: Gholdengo\n|-resisted|p1a: Gholdengo\n|-damage|p1a: Gholdengo|1\/100\n|move|p1b: Iron Hands|Drain Punch|p2a: Iron Hands\n|-damage|p2a: Iron Hands|70\/100\n|\n|upkeep\n|turn|10\n|-message|Yhhgggtgf forfeited.\n|\n|win|Frankie Chess\n|raw|Frankie Chess's rating: 1051 → 1079<\/strong> (+28 for winning)\n|raw|Yhhgggtgf's rating: 1000 → 1000<\/strong> (+0 for losing)\n|l|\u203dYhhgggtgf\n","uploadtime":1682614034,"views":6,"p1id":"frankiechess","p2id":"yhhgggtgf","formatid":"gen9vgc2023regulationc","rating":1000,"private":0,"password":""}