{"id":"gen9vgc2023regulationc-1861550460","p1":"japo_dalcofu","p2":"RonJohn","format":"[Gen 9] VGC 2023 Regulation C","log":"|j|\u2606japo_dalcofu\n|j|\u2606RonJohn\n|t:|1683771966\n|gametype|doubles\n|player|p1|japo_dalcofu|acetrainer-gen4dp|1038\n|player|p2|RonJohn|266|1124\n|teamsize|p1|6\n|teamsize|p2|6\n|gen|9\n|tier|[Gen 9] VGC 2023 Regulation C\n|rated|\n|rule|Species Clause: Limit one of each Pok\u00e9mon\n|rule|Item Clause: Limit one of each item\n|clearpoke\n|poke|p1|Brute Bonnet, L50|\n|poke|p1|Gastrodon, L50, F|\n|poke|p1|Ting-Lu, L50|\n|poke|p1|Maushold, L50|\n|poke|p1|Slither Wing, L50|\n|poke|p1|Ceruledge, L50, M|\n|poke|p2|Flutter Mane, L50|\n|poke|p2|Orthworm, L50, M|\n|poke|p2|Dragonite, L50, F|\n|poke|p2|Amoonguss, L50, M|\n|poke|p2|Gyarados, L50, F|\n|poke|p2|Ting-Lu, L50|\n|teampreview|4\nRonJohn has agreed to open team sheets.\n|\n|t:|1683772002\n|start\n|switch|p1a: Maushold|Maushold, L50|100\/100\n|switch|p1b: Ting-Lu|Ting-Lu, L50|100\/100\n|switch|p2a: Orthworm|Orthworm, L50, M|100\/100\n|switch|p2b: Ting-Lu|Ting-Lu, L50|100\/100\n|-ability|p2b: Ting-Lu|Vessel of Ruin\n|-ability|p1b: Ting-Lu|Vessel of Ruin\n|turn|1\n|\n|t:|1683772031\n|move|p1a: Maushold|Protect|p1a: Maushold\n|-singleturn|p1a: Maushold|Protect\n|move|p1b: Ting-Lu|Protect|p1b: Ting-Lu\n|-singleturn|p1b: Ting-Lu|Protect\n|move|p2b: Ting-Lu|Earthquake|p1b: Ting-Lu|[spread] \n|-activate|p1a: Maushold|move: Protect\n|-activate|p1b: Ting-Lu|move: Protect\n|-immune|p2a: Orthworm|[from] ability: Earth Eater\n|move|p2a: Orthworm|Body Press|p1a: Maushold\n|-activate|p1a: Maushold|move: Protect\n|\n|upkeep\n|turn|2\n|\n|t:|1683772087\n|move|p1a: Maushold|Super Fang|p2a: Orthworm\n|-damage|p2a: Orthworm|50\/100\n|-enditem|p2a: Orthworm|Sitrus Berry|[eat]\n|-heal|p2a: Orthworm|75\/100|[from] item: Sitrus Berry\n|move|p2b: Ting-Lu|Earthquake|p1a: Maushold|[spread] p1a,p1b\n|-heal|p2a: Orthworm|100\/100|[from] ability: Earth Eater|[of] p2b: Ting-Lu\n|-damage|p1a: Maushold|58\/100\n|-damage|p1b: Ting-Lu|85\/100\n|move|p2a: Orthworm|Shed Tail|p2a: Orthworm\n|-start|p2a: Orthworm|Substitute|[from] move: Shed Tail\n|-damage|p2a: Orthworm|50\/100\n|\n|t:|1683772104\n|switch|p2a: Dragonite|Dragonite, L50, F|100\/100|[from] Shed Tail\n|move|p1b: Ting-Lu|Ruination|p2a: Dragonite\n|-end|p2a: Dragonite|Substitute\n|\n|-heal|p1b: Ting-Lu|91\/100|[from] item: Leftovers\n|upkeep\n|turn|3\n|\n|t:|1683772142\n|switch|p2b: Orthworm|Orthworm, L50, M|50\/100\n|-terastallize|p1a: Maushold|Ghost\n|move|p1a: Maushold|Protect|p1a: Maushold\n|-singleturn|p1a: Maushold|Protect\n|move|p2a: Dragonite|Earthquake|p1a: Maushold|[spread] p1b\n|-activate|p1a: Maushold|move: Protect\n|-heal|p2b: Orthworm|75\/100|[from] ability: Earth Eater|[of] p2a: Dragonite\n|-damage|p1b: Ting-Lu|79\/100\n|move|p1b: Ting-Lu|Ruination|p2b: Orthworm\n|-damage|p2b: Orthworm|38\/100\n|\n|-heal|p1b: Ting-Lu|85\/100|[from] item: Leftovers\n|upkeep\n|turn|4\n|\n|t:|1683772178\n|switch|p1b: Gastrodon|Gastrodon, L50, F|100\/100\n|move|p1a: Maushold|Super Fang|p2a: Dragonite\n|-damage|p2a: Dragonite|50\/100\n|move|p2a: Dragonite|Earthquake|p1a: Maushold|[spread] p1a,p1b\n|-heal|p2b: Orthworm|63\/100|[from] ability: Earth Eater|[of] p2a: Dragonite\n|-damage|p1a: Maushold|27\/100\n|-damage|p1b: Gastrodon|82\/100\n|move|p2b: Orthworm|Heavy Slam|p1a: Maushold\n|-damage|p1a: Maushold|0 fnt\n|faint|p1a: Maushold\n|\n|upkeep\n|\n|t:|1683772196\n|switch|p1a: Slither Wing|Slither Wing, L50, shiny|100\/100\n|-enditem|p1a: Slither Wing|Booster Energy\n|-activate|p1a: Slither Wing|ability: Protosynthesis|[fromitem]\n|-start|p1a: Slither Wing|protosynthesisatk\n|turn|5\n|\n|t:|1683772236\n|move|p2a: Dragonite|Earthquake|p1b: Gastrodon|[spread] p1a,p1b\n|-heal|p2b: Orthworm|88\/100|[from] ability: Earth Eater|[of] p2a: Dragonite\n|-resisted|p1a: Slither Wing\n|-damage|p1a: Slither Wing|85\/100\n|-damage|p1b: Gastrodon|56\/100\n|move|p1a: Slither Wing|Bulk Up|p1a: Slither Wing\n|-boost|p1a: Slither Wing|atk|1\n|-boost|p1a: Slither Wing|def|1\n|move|p2b: Orthworm|Shed Tail|p2b: Orthworm\n|-start|p2b: Orthworm|Substitute|[from] move: Shed Tail\n|-damage|p2b: Orthworm|38\/100\n|\n|t:|1683772247\n|switch|p2b: Flutter Mane|Flutter Mane, L50|100\/100|[from] Shed Tail\n|move|p1b: Gastrodon|Muddy Water|p2a: Dragonite|[spread] p2a,p2b\n|-activate|p2b: Flutter Mane|move: Substitute|[damage]\n|-resisted|p2a: Dragonite\n|-damage|p2a: Dragonite|39\/100\n|\n|upkeep\n|turn|6\n|\n|t:|1683772281\n|-terastallize|p2a: Dragonite|Normal\n|move|p2a: Dragonite|Extreme Speed|p1b: Gastrodon\n|-damage|p1b: Gastrodon|14\/100\n|move|p2b: Flutter Mane|Dazzling Gleam|p1a: Slither Wing|[spread] p1a,p1b\n|-supereffective|p1a: Slither Wing\n|-crit|p1a: Slither Wing\n|-damage|p1a: Slither Wing|0 fnt\n|-damage|p1b: Gastrodon|0 fnt\n|faint|p1a: Slither Wing\n|-end|p1a: Slither Wing|Protosynthesis|[silent]\n|faint|p1b: Gastrodon\n|\n|upkeep\n|-message|japo_dalcofu forfeited.\n|\n|win|RonJohn\n|raw|japo_dalcofu's rating: 1038 → 1026<\/strong> (-12 for losing)\n|raw|RonJohn's rating: 1124 → 1143<\/strong> (+19 for winning)\n|l|\u2606japo_dalcofu\n","uploadtime":1683772301,"views":20,"p1id":"japodalcofu","p2id":"ronjohn","formatid":"gen9vgc2023regulationc","rating":1026,"private":0,"password":""}