{"id":"gen9vgc2023regulationc-1856464808","p1":"Heaven64","p2":"PurpleStyle","format":"[Gen 9] VGC 2023 Regulation C","log":"|j|\u2606Heaven64\n|j|\u2606PurpleStyle\n|t:|1683064402\n|gametype|doubles\n|player|p1|Heaven64|leaf-masters|\n|player|p2|PurpleStyle|pokefan|\n|teamsize|p1|6\n|teamsize|p2|6\n|gen|9\n|tier|[Gen 9] VGC 2023 Regulation C\n|rule|Species Clause: Limit one of each Pok\u00e9mon\n|rule|Item Clause: Limit one of each item\n|clearpoke\n|poke|p1|Klefki, L50, F|\n|poke|p1|Iron Thorns, L50|\n|poke|p1|Pelipper, L50, F|\n|poke|p1|Krookodile, L50, M|\n|poke|p1|Pincurchin, L50, M|\n|poke|p1|Floatzel, L50, F|\n|poke|p2|Chien-Pao, L50|\n|poke|p2|Kilowattrel, L50, M|\n|poke|p2|Slowbro, L50, M|\n|poke|p2|Haxorus, L50, M|\n|poke|p2|Arcanine, L50, M|\n|poke|p2|Donphan, L50, M|\n|teampreview|4\n|c|\u2606PurpleStyle|glhf\n|c|\u2606Heaven64|you too !\n|\n|t:|1683064481\n|start\n|switch|p1a: Vault-TEC|Klefki, L50, F|100\/100\n|switch|p1b: Dexter|Pincurchin, L50, M|100\/100\n|switch|p2a: Kilowattrel|Kilowattrel, L50, M|100\/100\n|switch|p2b: Donphan|Donphan, L50, M|100\/100\n|-fieldstart|move: Electric Terrain|[from] ability: Electric Surge|[of] p1b: Dexter\n|turn|1\n|\n|t:|1683064530\n|-terastallize|p1b: Dexter|Flying\n|move|p2a: Kilowattrel|Tailwind|p2a: Kilowattrel\n|-sidestart|p2: PurpleStyle|move: Tailwind\n|-start|p2a: Kilowattrel|Charge|Tailwind|[from] ability: Wind Power\n|move|p2b: Donphan|Earthquake|p1b: Dexter|[spread] p1a\n|-immune|p2a: Kilowattrel\n|-immune|p1b: Dexter\n|-supereffective|p1a: Vault-TEC\n|-enditem|p1a: Vault-TEC|Shuca Berry|[eat]\n|-enditem|p1a: Vault-TEC|Shuca Berry|[weaken]\n|-damage|p1a: Vault-TEC|64\/100\n|move|p1b: Dexter|Thunder|p2a: Kilowattrel|[miss]\n|-miss|p1b: Dexter|p2a: Kilowattrel\n|move|p1a: Vault-TEC|Trick Room|p1a: Vault-TEC\n|-fieldstart|move: Trick Room|[of] p1a: Vault-TEC\n|\n|upkeep\n|turn|2\n|c|\u2606Heaven64|hit once bro\n|\n|t:|1683064565\n|move|p1a: Vault-TEC|Reflect|p1a: Vault-TEC\n|-sidestart|p1: Heaven64|Reflect\n|move|p1b: Dexter|Hydro Pump|p2b: Donphan\n|-supereffective|p2b: Donphan\n|-damage|p2b: Donphan|52\/100\n|move|p2b: Donphan|Stone Edge|p1b: Dexter\n|-supereffective|p1b: Dexter\n|-damage|p1b: Dexter|51\/100\n|move|p2a: Kilowattrel|Discharge|p1a: Vault-TEC|[spread] p1a,p1b\n|-immune|p2b: Donphan\n|-supereffective|p1b: Dexter\n|-damage|p1a: Vault-TEC|0 fnt\n|-damage|p1b: Dexter|0 fnt\n|faint|p1a: Vault-TEC\n|faint|p1b: Dexter\n|-end|p2a: Kilowattrel|Charge|[silent]\n|\n|upkeep\n|\n|t:|1683064579\n|switch|p1b: Abstergo|Krookodile, L50, M, shiny|100\/100\n|switch|p1a: Shinra|Iron Thorns, L50|100\/100\n|-activate|p1a: Shinra|ability: Quark Drive\n|-start|p1a: Shinra|quarkdriveatk\n|-ability|p1b: Abstergo|Intimidate|boost\n|-unboost|p2a: Kilowattrel|atk|1\n|-unboost|p2b: Donphan|atk|1\n|turn|3\n|\n|t:|1683064602\n|move|p2a: Kilowattrel|Protect|p2a: Kilowattrel\n|-singleturn|p2a: Kilowattrel|Protect\n|move|p1a: Shinra|Ice Punch|p2b: Donphan\n|-supereffective|p2b: Donphan\n|-damage|p2b: Donphan|1\/100\n|-status|p2b: Donphan|frz\n|cant|p2b: Donphan|frz\n|move|p1b: Abstergo|Rock Slide|p2a: Kilowattrel|[spread] p2b\n|-activate|p2a: Kilowattrel|move: Protect\n|-resisted|p2b: Donphan\n|-damage|p2b: Donphan|0 fnt\n|faint|p2b: Donphan\n|-damage|p1b: Abstergo|91\/100|[from] item: Life Orb\n|\n|upkeep\n|\n|t:|1683064616\n|switch|p2b: Arcanine|Arcanine, L50, M|100\/100\n|-ability|p2b: Arcanine|Intimidate|boost\n|-fail|p1a: Shinra|unboost|[from] item: Clear Amulet|[of] p1a: Shinra\n|-unboost|p1b: Abstergo|atk|1\n|turn|4\n|\n|t:|1683064646\n|move|p1a: Shinra|Rock Slide|p2a: Kilowattrel|[spread] p2a,p2b\n|-supereffective|p2a: Kilowattrel\n|-supereffective|p2b: Arcanine\n|-enditem|p2a: Kilowattrel|Focus Sash\n|-damage|p2a: Kilowattrel|1\/100\n|-damage|p2b: Arcanine|12\/100\n|-enditem|p2b: Arcanine|Sitrus Berry|[eat]\n|-heal|p2b: Arcanine|37\/100|[from] item: Sitrus Berry\n|move|p1b: Abstergo|Rock Slide|p2b: Arcanine|[spread] p2b\n|-miss|p1b: Abstergo|p2a: Kilowattrel\n|-supereffective|p2b: Arcanine\n|-damage|p2b: Arcanine|6\/100\n|-damage|p1b: Abstergo|81\/100|[from] item: Life Orb\n|move|p2b: Arcanine|Will-O-Wisp|p1a: Shinra\n|-status|p1a: Shinra|brn\n|cant|p2a: Kilowattrel|flinch\n|\n|-damage|p1a: Shinra|95\/100 brn|[from] brn\n|-sideend|p2: PurpleStyle|move: Tailwind\n|upkeep\n|turn|5\n|\n|t:|1683064671\n|move|p2b: Arcanine|Protect|p2b: Arcanine\n|-singleturn|p2b: Arcanine|Protect\n|move|p2a: Kilowattrel|Protect|p2a: Kilowattrel\n|-singleturn|p2a: Kilowattrel|Protect\n|move|p1a: Shinra|Rock Slide|p2b: Arcanine|[spread] \n|-activate|p2a: Kilowattrel|move: Protect\n|-activate|p2b: Arcanine|move: Protect\n|move|p1b: Abstergo|Rock Slide|p2a: Kilowattrel|[spread] \n|-activate|p2a: Kilowattrel|move: Protect\n|-activate|p2b: Arcanine|move: Protect\n|\n|-damage|p1a: Shinra|89\/100 brn|[from] brn\n|-fieldend|move: Trick Room\n|-fieldend|move: Electric Terrain\n|-end|p1a: Shinra|Quark Drive\n|upkeep\n|turn|6\n|\n|t:|1683064689\n|move|p2a: Kilowattrel|Hurricane|p1b: Abstergo|[miss]\n|-miss|p2a: Kilowattrel|p1b: Abstergo\n|move|p1b: Abstergo|Rock Slide|p2a: Kilowattrel|[spread] p2a,p2b\n|-supereffective|p2a: Kilowattrel\n|-supereffective|p2b: Arcanine\n|-damage|p2a: Kilowattrel|0 fnt\n|-damage|p2b: Arcanine|0 fnt\n|faint|p2a: Kilowattrel\n|faint|p2b: Arcanine\n|-damage|p1b: Abstergo|71\/100|[from] item: Life Orb\n|move|p1a: Shinra|Rock Slide|p2: Kilowattrel|[notarget]\n|-fail|p1a: Shinra\n|\n|-damage|p1a: Shinra|83\/100 brn|[from] brn\n|-sideend|p1: Heaven64|Reflect\n|upkeep\n|\n|t:|1683064693\n|switch|p2b: Slowbro|Slowbro, L50, M|100\/100\n|turn|7\n|\n|t:|1683064708\n|-terastallize|p2b: Slowbro|Electric\n|move|p1b: Abstergo|Crunch|p2b: Slowbro\n|-damage|p2b: Slowbro|72\/100\n|-unboost|p2b: Slowbro|def|1\n|-damage|p1b: Abstergo|61\/100|[from] item: Life Orb\n|move|p1a: Shinra|Wild Charge|p2b: Slowbro\n|-resisted|p2b: Slowbro\n|-damage|p2b: Slowbro|57\/100\n|-damage|p1a: Shinra|80\/100 brn|[from] Recoil\n|move|p2b: Slowbro|Hydro Pump|p1b: Abstergo\n|-supereffective|p1b: Abstergo\n|-damage|p1b: Abstergo|0 fnt\n|faint|p1b: Abstergo\n|\n|-heal|p2b: Slowbro|63\/100|[from] item: Leftovers\n|-damage|p1a: Shinra|74\/100 brn|[from] brn\n|upkeep\n|turn|8\n|\n|t:|1683064725\n|move|p2b: Slowbro|Protect|p2b: Slowbro\n|-singleturn|p2b: Slowbro|Protect\n|move|p1a: Shinra|Rock Slide|p2b: Slowbro\n|-activate|p2b: Slowbro|move: Protect\n|\n|-heal|p2b: Slowbro|69\/100|[from] item: Leftovers\n|-damage|p1a: Shinra|68\/100 brn|[from] brn\n|upkeep\n|turn|9\n|\n|t:|1683064730\n|move|p1a: Shinra|Rock Slide|p2b: Slowbro\n|-damage|p2b: Slowbro|44\/100\n|move|p2b: Slowbro|Hydro Pump|p1a: Shinra\n|-supereffective|p1a: Shinra\n|-damage|p1a: Shinra|0 fnt\n|faint|p1a: Shinra\n|-end|p1a: Shinra|Quark Drive|[silent]\n|\n|win|PurpleStyle\n|c|\u2606Heaven64|GG\n|c|\u2606PurpleStyle|gg\n","uploadtime":1683065570,"views":6,"p1id":"heaven64","p2id":"purplestyle","formatid":"gen9vgc2023regulationc","rating":0,"private":0,"password":""}