{"id":"gen9vgc2023regulationc-1857749016","p1":"Where is Jop","p2":"SanTonio00","format":"[Gen 9] VGC 2023 Regulation C","log":"|j|\u2606Where is Jop\n|j|\u2606SanTonio00\n|t:|1683228074\n|gametype|doubles\n|player|p1|Where is Jop|lillie|1056\n|player|p2|SanTonio00|ethan-gen2c|1103\n|teamsize|p1|6\n|teamsize|p2|6\n|gen|9\n|tier|[Gen 9] VGC 2023 Regulation C\n|rated|\n|rule|Species Clause: Limit one of each Pok\u00e9mon\n|rule|Item Clause: Limit one of each item\n|clearpoke\n|poke|p1|Palafin, L50, F|\n|poke|p1|Flutter Mane, L50|\n|poke|p1|Arcanine, L50, M|\n|poke|p1|Ting-Lu, L50|\n|poke|p1|Amoonguss, L50, F|\n|poke|p1|Kingambit, L50, M|\n|poke|p2|Iron Bundle, L50|\n|poke|p2|Chi-Yu, L50|\n|poke|p2|Roaring Moon, L50|\n|poke|p2|Amoonguss, L50, F|\n|poke|p2|Ting-Lu, L50|\n|poke|p2|Luxray, L50, F|\n|teampreview|4\n|inactive|Battle timer is ON: inactive players will automatically lose when time's up. (requested by SanTonio00)\n|\n|t:|1683228108\n|start\n|switch|p1a: Ting-Lu|Ting-Lu, L50|100\/100\n|switch|p1b: Arcanine|Arcanine, L50, M, shiny|100\/100\n|switch|p2a: Iron Bundle|Iron Bundle, L50|100\/100\n|switch|p2b: Luxray|Luxray, L50, F, shiny|100\/100\n|-ability|p1b: Arcanine|Intimidate|boost\n|-unboost|p2a: Iron Bundle|atk|1\n|-fail|p2b: Luxray|unboost|[from] item: Clear Amulet|[of] p2b: Luxray\n|-ability|p2b: Luxray|Intimidate|boost\n|-unboost|p1a: Ting-Lu|atk|1\n|-unboost|p1b: Arcanine|atk|1\n|-ability|p1a: Ting-Lu|Vessel of Ruin\n|turn|1\n|\n|t:|1683228130\n|switch|p1b: Amoonguss|Amoonguss, L50, F, shiny|100\/100\n|move|p2b: Luxray|Protect|p2b: Luxray\n|-singleturn|p2b: Luxray|Protect\n|move|p2a: Iron Bundle|Hydro Pump|p1b: Amoonguss\n|-resisted|p1b: Amoonguss\n|-damage|p1b: Amoonguss|84\/100\n|move|p1a: Ting-Lu|Ruination|p2a: Iron Bundle\n|-damage|p2a: Iron Bundle|51\/100\n|\n|upkeep\n|turn|2\n|\n|t:|1683228153\n|switch|p1b: Arcanine|Arcanine, L50, M, shiny|100\/100\n|-ability|p1b: Arcanine|Intimidate|boost\n|-unboost|p2a: Iron Bundle|atk|1\n|-fail|p2b: Luxray|unboost|[from] item: Clear Amulet|[of] p2b: Luxray\n|move|p2a: Iron Bundle|Protect|p2a: Iron Bundle\n|-singleturn|p2a: Iron Bundle|Protect\n|move|p2b: Luxray|Electric Terrain|p2b: Luxray\n|-fieldstart|move: Electric Terrain\n|-activate|p2a: Iron Bundle|ability: Quark Drive\n|-start|p2a: Iron Bundle|quarkdrivespe\n|move|p1a: Ting-Lu|Stomping Tantrum|p2a: Iron Bundle\n|-activate|p2a: Iron Bundle|move: Protect\n|\n|upkeep\n|turn|3\n|\n|t:|1683228170\n|move|p2a: Iron Bundle|Hydro Pump|p1a: Ting-Lu\n|-supereffective|p1a: Ting-Lu\n|-damage|p1a: Ting-Lu|58\/100\n|move|p1b: Arcanine|Howl|p1b: Arcanine|[spread] p1a,p1b\n|-boost|p1a: Ting-Lu|atk|1\n|-boost|p1b: Arcanine|atk|1\n|move|p2b: Luxray|Play Rough|p1a: Ting-Lu\n|-supereffective|p1a: Ting-Lu\n|-damage|p1a: Ting-Lu|16\/100\n|move|p1a: Ting-Lu|Stomping Tantrum|p2a: Iron Bundle\n|-damage|p2a: Iron Bundle|10\/100\n|\n|upkeep\n|turn|4\n|\n|t:|1683228184\n|move|p1b: Arcanine|Extreme Speed|p2a: Iron Bundle\n|-damage|p2a: Iron Bundle|0 fnt\n|faint|p2a: Iron Bundle\n|-end|p2a: Iron Bundle|Quark Drive|[silent]\n|move|p2b: Luxray|Play Rough|p1a: Ting-Lu\n|-supereffective|p1a: Ting-Lu\n|-damage|p1a: Ting-Lu|0 fnt\n|faint|p1a: Ting-Lu\n|\n|upkeep\n|\n|t:|1683228200\n|switch|p2a: Roaring Moon|Roaring Moon, L50|100\/100\n|switch|p1a: Kingambit|Kingambit, L50, M, shiny|100\/100\n|-enditem|p2a: Roaring Moon|Booster Energy\n|-activate|p2a: Roaring Moon|ability: Protosynthesis|[fromitem]\n|-start|p2a: Roaring Moon|protosynthesisspe\n|turn|5\n|\n|t:|1683228216\n|-terastallize|p2a: Roaring Moon|Flying\n|move|p2a: Roaring Moon|Acrobatics|p1b: Arcanine\n|-damage|p1b: Arcanine|45\/100\n|move|p1b: Arcanine|Will-O-Wisp|p2a: Roaring Moon\n|-status|p2a: Roaring Moon|brn\n|move|p2b: Luxray|Wild Charge|p1b: Arcanine\n|-damage|p1b: Arcanine|0 fnt\n|faint|p1b: Arcanine\n|-damage|p2b: Luxray|89\/100|[from] Recoil\n|move|p1a: Kingambit|Swords Dance|p1a: Kingambit\n|-boost|p1a: Kingambit|atk|2\n|\n|-damage|p2a: Roaring Moon|95\/100 brn|[from] brn\n|upkeep\n|\n|t:|1683228228\n|switch|p1b: Amoonguss|Amoonguss, L50, F, shiny|100\/100\n|turn|6\n|\n|t:|1683228253\n|-end|p2a: Roaring Moon|Protosynthesis|[silent]\n|switch|p2a: Amoonguss|Amoonguss, L50, F, shiny|100\/100\n|-terastallize|p1a: Kingambit|Dark\n|move|p2b: Luxray|Protect|p2b: Luxray\n|-singleturn|p2b: Luxray|Protect\n|move|p1a: Kingambit|Sucker Punch||[still]\n|-fail|p1a: Kingambit\n|move|p1b: Amoonguss|Pollen Puff|p1a: Kingambit\n|-immune|p1a: Kingambit\n|\n|-fieldend|move: Electric Terrain\n|upkeep\n|turn|7\n|\n|t:|1683228276\n|move|p2b: Luxray|Protect|p2b: Luxray\n|-singleturn|p2b: Luxray|Protect\n|move|p1a: Kingambit|Kowtow Cleave|p2a: Amoonguss\n|-damage|p2a: Amoonguss|0 fnt\n|faint|p2a: Amoonguss\n|move|p1b: Amoonguss|Pollen Puff|p1a: Kingambit\n|-immune|p1a: Kingambit\n|\n|upkeep\n|\n|t:|1683228285\n|switch|p2a: Roaring Moon|Roaring Moon, L50, tera:Flying|95\/100 brn\n|turn|8\n|\n|t:|1683228295\n|move|p2a: Roaring Moon|Protect|p2a: Roaring Moon\n|-singleturn|p2a: Roaring Moon|Protect\n|move|p2b: Luxray|Electric Terrain|p2b: Luxray\n|-fieldstart|move: Electric Terrain\n|move|p1a: Kingambit|Kowtow Cleave|p2b: Luxray\n|-damage|p2b: Luxray|0 fnt\n|faint|p2b: Luxray\n|move|p1b: Amoonguss|Pollen Puff|p1a: Kingambit\n|-immune|p1a: Kingambit\n|\n|-damage|p2a: Roaring Moon|89\/100 brn|[from] brn\n|upkeep\n|turn|9\n|-message|SanTonio00 forfeited.\n|\n|win|Where is Jop\n|raw|Where is Jop's rating: 1056 → 1092<\/strong> (+36 for winning)\n|raw|SanTonio00's rating: 1103 → 1075<\/strong> (-28 for losing)\n|l|\u2606SanTonio00\n","uploadtime":1683228310,"views":11,"p1id":"whereisjop","p2id":"santonio00","formatid":"gen9vgc2023regulationc","rating":1075,"private":0,"password":""}