{"id":"gen9vgc2023regulationc-1860682516","p1":"xb4d_pokemonx","p2":"wennoboi","format":"[Gen 9] VGC 2023 Regulation C","log":"|j|\u2606xb4d_pokemonx\n|j|\u2606wennoboi\n|t:|1683665790\n|gametype|doubles\n|player|p1|xb4d_pokemonx|169|1194\n|player|p2|wennoboi|backpacker|1112\n|teamsize|p1|6\n|teamsize|p2|6\n|gen|9\n|tier|[Gen 9] VGC 2023 Regulation C\n|rated|\n|rule|Species Clause: Limit one of each Pok\u00e9mon\n|rule|Item Clause: Limit one of each item\n|clearpoke\n|poke|p1|Dragapult, L50, F|\n|poke|p1|Murkrow, L50, F|\n|poke|p1|Iron Moth, L50|\n|poke|p1|Maushold, L50|\n|poke|p1|Baxcalibur, L50, M|\n|poke|p1|Rotom-Wash, L50|\n|poke|p2|Torkoal, L50, M|\n|poke|p2|Scizor, L50, M|\n|poke|p2|Chi-Yu, L50|\n|poke|p2|Gyarados, L50, M|\n|poke|p2|Amoonguss, L50, F|\n|poke|p2|Talonflame, L50, M|\n|teampreview|4\n|\n|t:|1683665830\n|start\n|switch|p1a: Spin Cycle|Rotom-Wash, L50, shiny|100\/100\n|switch|p1b: Sol|Iron Moth, L50|100\/100\n|switch|p2a: Talonflame|Talonflame, L50, M|100\/100\n|switch|p2b: Chi-Yu|Chi-Yu, L50|100\/100\n|-ability|p2b: Chi-Yu|Beads of Ruin\n|-enditem|p1b: Sol|Booster Energy\n|-activate|p1b: Sol|ability: Quark Drive|[fromitem]\n|-start|p1b: Sol|quarkdrivespa\n|turn|1\n|inactive|Battle timer is ON: inactive players will automatically lose when time's up. (requested by xb4d_pokemonx)\n|\n|t:|1683665881\n|switch|p2b: Scizor|Scizor, L50, M|100\/100\n|move|p1b: Sol|Protect|p1b: Sol\n|-singleturn|p1b: Sol|Protect\n|move|p2a: Talonflame|Tailwind|p2a: Talonflame\n|-sidestart|p2: wennoboi|move: Tailwind\n|move|p1a: Spin Cycle|Thunderbolt|p2a: Talonflame\n|-supereffective|p2a: Talonflame\n|-damage|p2a: Talonflame|25\/100\n|\n|upkeep\n|turn|2\n|\n|t:|1683665903\n|move|p1a: Spin Cycle|Protect|p1a: Spin Cycle\n|-singleturn|p1a: Spin Cycle|Protect\n|move|p2a: Talonflame|Brave Bird|p1b: Sol\n|-damage|p1b: Sol|11\/100\n|-damage|p2a: Talonflame|0 fnt|[from] Recoil\n|faint|p2a: Talonflame\n|move|p1b: Sol|Heat Wave|p2b: Scizor\n|-supereffective|p2b: Scizor\n|-damage|p2b: Scizor|0 fnt\n|faint|p2b: Scizor\n|\n|upkeep\n|\n|t:|1683665916\n|switch|p2a: Chi-Yu|Chi-Yu, L50|100\/100\n|switch|p2b: Torkoal|Torkoal, L50, M|100\/100\n|-ability|p2a: Chi-Yu|Beads of Ruin\n|-weather|SunnyDay|[from] ability: Drought|[of] p2b: Torkoal\n|turn|3\n|\n|t:|1683665935\n|-terastallize|p2a: Chi-Yu|Fire\n|move|p2b: Torkoal|Helping Hand|p2a: Chi-Yu\n|-singleturn|p2a: Chi-Yu|Helping Hand|[of] p2b: Torkoal\n|move|p1b: Sol|Protect|p1b: Sol\n|-singleturn|p1b: Sol|Protect\n|move|p2a: Chi-Yu|Heat Wave|p1b: Sol|[spread] \n|-activate|p1b: Sol|move: Protect\n|-miss|p2a: Chi-Yu|p1a: Spin Cycle\n|move|p1a: Spin Cycle|Hydro Pump|p2b: Torkoal\n|-supereffective|p2b: Torkoal\n|-damage|p2b: Torkoal|31\/100\n|-enditem|p2b: Torkoal|Sitrus Berry|[eat]\n|-heal|p2b: Torkoal|55\/100|[from] item: Sitrus Berry\n|\n|-weather|SunnyDay|[upkeep]\n|upkeep\n|turn|4\n|inactive|xb4d_pokemonx has 30 seconds left.\n|\n|t:|1683665965\n|move|p2a: Chi-Yu|Heat Wave|p1b: Sol|[spread] p1a,p1b\n|-resisted|p1a: Spin Cycle\n|-resisted|p1b: Sol\n|-crit|p1b: Sol\n|-damage|p1a: Spin Cycle|60\/100\n|-damage|p1b: Sol|0 fnt\n|faint|p1b: Sol\n|-end|p1b: Sol|Quark Drive|[silent]\n|move|p1a: Spin Cycle|Hydro Pump|p2a: Chi-Yu\n|-supereffective|p2a: Chi-Yu\n|-damage|p2a: Chi-Yu|57\/100\n|move|p2b: Torkoal|Heat Wave|p1a: Spin Cycle|[miss]\n|-miss|p2b: Torkoal|p1a: Spin Cycle\n|\n|-weather|SunnyDay|[upkeep]\n|-heal|p1a: Spin Cycle|65\/100|[from] item: Leftovers\n|-sideend|p2: wennoboi|move: Tailwind\n|upkeep\n|\n|t:|1683665975\n|switch|p1b: Frog Pseudo|Baxcalibur, L50, M|100\/100\n|turn|5\n|\n|t:|1683665989\n|-terastallize|p1b: Frog Pseudo|Dragon\n|move|p2a: Chi-Yu|Heat Wave|p1b: Frog Pseudo|[spread] p1a,p1b\n|-resisted|p1a: Spin Cycle\n|-resisted|p1b: Frog Pseudo\n|-damage|p1a: Spin Cycle|24\/100\n|-damage|p1b: Frog Pseudo|69\/100\n|-ability|p1b: Frog Pseudo|Thermal Exchange|boost\n|-boost|p1b: Frog Pseudo|atk|1\n|move|p1b: Frog Pseudo|Earthquake|p2b: Torkoal|[spread] p2a,p2b\n|-immune|p1a: Spin Cycle|[from] ability: Levitate\n|-supereffective|p2a: Chi-Yu\n|-supereffective|p2b: Torkoal\n|-damage|p2a: Chi-Yu|0 fnt\n|-damage|p2b: Torkoal|0 fnt\n|faint|p2a: Chi-Yu\n|faint|p2b: Torkoal\n|\n|win|xb4d_pokemonx\n|raw|xb4d_pokemonx's rating: 1194 → 1213<\/strong> (+19 for winning)\n|raw|wennoboi's rating: 1112 → 1093<\/strong> (-19 for losing)\n","uploadtime":1683666005,"views":15,"p1id":"xb4dpokemonx","p2id":"wennoboi","formatid":"gen9vgc2023regulationc","rating":1093,"private":0,"password":""}