{"id":"gen9vgc2023regulationc-1850292570","p1":"Tempo18","p2":"ee2eee3","format":"[Gen 9] VGC 2023 Regulation C","log":"|j|\u2606Tempo18\n|j|\u2606ee2eee3\n|t:|1682312343\n|gametype|doubles\n|player|p1|Tempo18|266|1044\n|player|p2|ee2eee3|roxie|1000\n|teamsize|p1|6\n|teamsize|p2|4\n|gen|9\n|tier|[Gen 9] VGC 2023 Regulation C\n|rated|\n|rule|Species Clause: Limit one of each Pok\u00e9mon\n|rule|Item Clause: Limit one of each item\n|clearpoke\n|poke|p1|Dachsbun, L50, M|\n|poke|p1|Chi-Yu, L50|\n|poke|p1|Baxcalibur, L50, F|\n|poke|p1|Pelipper, L50, F|\n|poke|p1|Sandy Shocks, L50|\n|poke|p1|Beartic, L50, F|\n|poke|p2|Tatsugiri, L50, F|\n|poke|p2|Dondozo, L50, M|\n|poke|p2|Flamigo, L50, F|\n|poke|p2|Amoonguss, L50, F|\n|teampreview|4\nee2eee3 rejected open team sheets.\n|\n|t:|1682312367\n|start\n|switch|p1a: Glut-ton|Dachsbun, L50, M|100\/100\n|switch|p1b: Hell-Fish|Chi-Yu, L50|100\/100\n|switch|p2a: Tatsugiri|Tatsugiri, L50, F|100\/100\n|switch|p2b: Dondozo|Dondozo, L50, M|100\/100\n|-activate|p2a: Tatsugiri|ability: Commander|[of] p2b: Dondozo\n|-boost|p2b: Dondozo|atk|2\n|-boost|p2b: Dondozo|spa|2\n|-boost|p2b: Dondozo|spe|2\n|-boost|p2b: Dondozo|def|2\n|-boost|p2b: Dondozo|spd|2\n|-ability|p1b: Hell-Fish|Beads of Ruin\n|turn|1\n|\n|t:|1682312396\n|-terastallize|p1b: Hell-Fish|Steel\n|move|p1b: Hell-Fish|Lava Plume|p2a: Tatsugiri|[spread] p2b\n|-miss|p1b: Hell-Fish|p2a: Tatsugiri\n|-ability|p1a: Glut-ton|Well-Baked Body|boost\n|-boost|p1a: Glut-ton|def|2\n|-resisted|p2b: Dondozo\n|-damage|p2b: Dondozo|91\/100\n|-status|p2b: Dondozo|brn\n|move|p1a: Glut-ton|Wish|p1a: Glut-ton\n|move|p2b: Dondozo|Order Up|p1b: Hell-Fish\n|-resisted|p1b: Hell-Fish\n|-crit|p1b: Hell-Fish\n|-damage|p1b: Hell-Fish|73\/100\n|-boost|p2b: Dondozo|atk|1\n|\n|-damage|p2b: Dondozo|85\/100 brn|[from] brn\n|-status|p2a: Tatsugiri|tox|[from] item: Toxic Orb\n|upkeep\n|turn|2\n|\n|t:|1682312428\n|move|p1b: Hell-Fish|Lava Plume|p2a: Tatsugiri|[spread] p2b\n|-miss|p1b: Hell-Fish|p2a: Tatsugiri\n|-ability|p1a: Glut-ton|Well-Baked Body|boost\n|-boost|p1a: Glut-ton|def|2\n|-resisted|p2b: Dondozo\n|-damage|p2b: Dondozo|74\/100 brn\n|move|p1a: Glut-ton|Body Press|p2b: Dondozo\n|-crit|p2b: Dondozo\n|-damage|p2b: Dondozo|53\/100 brn\n|move|p2b: Dondozo|Order Up|p1b: Hell-Fish\n|-resisted|p1b: Hell-Fish\n|-damage|p1b: Hell-Fish|51\/100\n|-boost|p2b: Dondozo|atk|1\n|\n|-damage|p2a: Tatsugiri|95\/100 tox|[from] psn\n|-damage|p2b: Dondozo|47\/100 brn|[from] brn\n|upkeep\n|turn|3\n|\n|t:|1682312447\n|move|p1b: Hell-Fish|Lava Plume|p2b: Dondozo|[spread] p2b\n|-miss|p1b: Hell-Fish|p2a: Tatsugiri\n|-ability|p1a: Glut-ton|Well-Baked Body|boost\n|-boost|p1a: Glut-ton|def|2\n|-resisted|p2b: Dondozo\n|-damage|p2b: Dondozo|36\/100 brn\n|move|p1a: Glut-ton|Body Press|p2b: Dondozo\n|-damage|p2b: Dondozo|29\/100 brn\n|move|p2b: Dondozo|Rest|p2b: Dondozo\n|-status|p2b: Dondozo|slp|[from] move: Rest\n|-heal|p2b: Dondozo|100\/100 slp|[silent]\n|\n|-damage|p2a: Tatsugiri|84\/100 tox|[from] psn\n|upkeep\n|turn|4\n|\n|t:|1682312467\n|move|p1b: Hell-Fish|Dark Pulse|p2b: Dondozo\n|-damage|p2b: Dondozo|73\/100 slp\n|move|p1a: Glut-ton|Body Press|p2b: Dondozo\n|-damage|p2b: Dondozo|66\/100 slp\n|cant|p2b: Dondozo|slp\n|move|p2b: Dondozo|Sleep Talk|p2b: Dondozo\n|move|p2b: Dondozo|Order Up|p1b: Hell-Fish|[from]move: Sleep Talk\n|-resisted|p1b: Hell-Fish\n|-crit|p1b: Hell-Fish\n|-damage|p1b: Hell-Fish|0 fnt\n|faint|p1b: Hell-Fish\n|-boost|p2b: Dondozo|atk|1\n|\n|-damage|p2a: Tatsugiri|67\/100 tox|[from] psn\n|upkeep\n|\n|t:|1682312489\n|switch|p1b: Iron-Sands|Sandy Shocks, L50|100\/100\n|-enditem|p1b: Iron-Sands|Booster Energy\n|-activate|p1b: Iron-Sands|ability: Protosynthesis|[fromitem]\n|-start|p1b: Iron-Sands|protosynthesisspa\n|turn|5\n|\n|t:|1682312497\n|move|p1b: Iron-Sands|Charge Beam|p2b: Dondozo\n|-supereffective|p2b: Dondozo\n|-damage|p2b: Dondozo|36\/100 slp\n|move|p1a: Glut-ton|Body Press|p2b: Dondozo\n|-damage|p2b: Dondozo|28\/100 slp\n|cant|p2b: Dondozo|slp\n|move|p2b: Dondozo|Sleep Talk|p2b: Dondozo\n|move|p2b: Dondozo|Order Up|p1a: Glut-ton|[from]move: Sleep Talk\n|-immune|p1a: Glut-ton\n|\n|-damage|p2a: Tatsugiri|45\/100 tox|[from] psn\n|upkeep\n|turn|6\n|\n|t:|1682312532\n|move|p1b: Iron-Sands|Charge Beam|p2b: Dondozo|[miss]\n|-miss|p1b: Iron-Sands|p2b: Dondozo\n|move|p1a: Glut-ton|Body Press|p2b: Dondozo\n|-damage|p2b: Dondozo|21\/100 slp\n|-enditem|p2b: Dondozo|Aguav Berry|[eat]\n|-heal|p2b: Dondozo|54\/100 slp|[from] item: Aguav Berry\n|-curestatus|p2b: Dondozo|slp|[msg]\n|move|p2b: Dondozo|Rest|p2b: Dondozo\n|-status|p2b: Dondozo|slp|[from] move: Rest\n|-heal|p2b: Dondozo|100\/100 slp|[silent]\n|\n|-damage|p2a: Tatsugiri|17\/100 tox|[from] psn\n|upkeep\n|turn|7\n|\n|t:|1682312550\n|move|p1b: Iron-Sands|Charge Beam|p2b: Dondozo\n|-supereffective|p2b: Dondozo\n|-damage|p2b: Dondozo|68\/100 slp\n|-boost|p1b: Iron-Sands|spa|1\n|move|p1a: Glut-ton|Body Press|p2b: Dondozo\n|-damage|p2b: Dondozo|60\/100 slp\n|cant|p2b: Dondozo|slp\n|move|p2b: Dondozo|Sleep Talk|p2b: Dondozo\n|move|p2b: Dondozo|Rest||[from]move: Sleep Talk|[still]\n|-fail|p2b: Dondozo\n|\n|-damage|p2a: Tatsugiri|0 fnt|[from] psn\n|faint|p2a: Tatsugiri\n|upkeep\n|\n|t:|1682312558\n|switch|p2a: Flamigo|Flamigo, L50, F|100\/100\n|-copyboost|p2a: Flamigo|p2b: Dondozo|[from] ability: Costar\n|turn|8\n|\n|t:|1682312607\n|-terastallize|p2a: Flamigo|Flying\n|move|p2a: Flamigo|Acrobatics|p1a: Glut-ton\n|-damage|p1a: Glut-ton|44\/100\n|move|p1b: Iron-Sands|Charge Beam|p2a: Flamigo\n|-supereffective|p2a: Flamigo\n|-crit|p2a: Flamigo\n|-damage|p2a: Flamigo|0 fnt\n|faint|p2a: Flamigo\n|move|p1a: Glut-ton|Body Press|p2b: Dondozo\n|-damage|p2b: Dondozo|53\/100 slp\n|cant|p2b: Dondozo|slp\n|\n|-heal|p1a: Glut-ton|50\/100|[from] item: Leftovers\n|upkeep\n|\n|t:|1682312613\n|switch|p2a: Amoonguss|Amoonguss, L50, F|100\/100\n|turn|9\n|\n|t:|1682312640\n|move|p2a: Amoonguss|Rage Powder|p2a: Amoonguss\n|-singleturn|p2a: Amoonguss|move: Rage Powder\n|move|p1b: Iron-Sands|Earth Power|p2a: Amoonguss\n|-damage|p2a: Amoonguss|46\/100\n|move|p1a: Glut-ton|Body Press|p2a: Amoonguss\n|-resisted|p2a: Amoonguss\n|-damage|p2a: Amoonguss|0 fnt\n|faint|p2a: Amoonguss\n|-curestatus|p2b: Dondozo|slp|[msg]\n|move|p2b: Dondozo|Sleep Talk||[still]\n|-fail|p2b: Dondozo\n|\n|-heal|p1a: Glut-ton|57\/100|[from] item: Leftovers\n|upkeep\n|turn|10\n|\n|t:|1682312655\n|move|p1b: Iron-Sands|Charge Beam|p2b: Dondozo\n|-supereffective|p2b: Dondozo\n|-damage|p2b: Dondozo|22\/100\n|-boost|p1b: Iron-Sands|spa|1\n|move|p1a: Glut-ton|Body Press|p2b: Dondozo\n|-damage|p2b: Dondozo|15\/100\n|move|p2b: Dondozo|Liquidation|p1b: Iron-Sands\n|-supereffective|p1b: Iron-Sands\n|-damage|p1b: Iron-Sands|0 fnt\n|faint|p1b: Iron-Sands\n|-end|p1b: Iron-Sands|Protosynthesis|[silent]\n|\n|-heal|p1a: Glut-ton|63\/100|[from] item: Leftovers\n|upkeep\n|\n|t:|1682312667\n|switch|p1b: Exca-liber|Baxcalibur, L50, F|100\/100\n|turn|11\n|\n|t:|1682312683\n|move|p1b: Exca-liber|Glaive Rush|p2b: Dondozo\n|-damage|p2b: Dondozo|0 fnt\n|-singlemove|p1b: Exca-liber|Glaive Rush|[silent]\n|faint|p2b: Dondozo\n|-damage|p1b: Exca-liber|90\/100|[from] item: Life Orb\n|\n|win|Tempo18\n|raw|Tempo18's rating: 1044 → 1073<\/strong> (+29 for winning)\n|raw|ee2eee3's rating: 1000 → 1000<\/strong> (+0 for losing)\n|l|\u2606ee2eee3\n","uploadtime":1682312736,"views":32,"p1id":"tempo18","p2id":"ee2eee3","formatid":"gen9vgc2023regulationc","rating":1000,"private":0,"password":""}