{"id":"gen9vgc2023regulationc-1861625278","p1":"DBJONE03","p2":"CrunchGang","format":"[Gen 9] VGC 2023 Regulation C","log":"|j|\u2606DBJONE03\n|j|\u2606CrunchGang\n|t:|1683783703\n|gametype|doubles\n|player|p1|DBJONE03|101|1323\n|player|p2|CrunchGang|roughneck-gen4|1341\n|teamsize|p1|6\n|teamsize|p2|6\n|gen|9\n|tier|[Gen 9] VGC 2023 Regulation C\n|rated|\n|rule|Species Clause: Limit one of each Pok\u00e9mon\n|rule|Item Clause: Limit one of each item\n|clearpoke\n|poke|p1|Palafin, L50, F|\n|poke|p1|Arcanine, L50, M|\n|poke|p1|Ting-Lu, L50|\n|poke|p1|Amoonguss, L50, M|\n|poke|p1|Flutter Mane, L50|\n|poke|p1|Dragonite, L50, M|\n|poke|p2|Tyranitar, L50, M|\n|poke|p2|Breloom, L50, F|\n|poke|p2|Lycanroc, L50, M|\n|poke|p2|Gastrodon, L50, M|\n|poke|p2|Ceruledge, L50, F|\n|poke|p2|Flutter Mane, L50|\n|teampreview|4\n|\n|t:|1683783763\n|start\n|switch|p1a: Palafin|Palafin, L50, F|100\/100\n|switch|p1b: Ting-Lu|Ting-Lu, L50|100\/100\n|switch|p2a: Tyranitar|Tyranitar, L50, M, shiny|100\/100\n|switch|p2b: Breloom|Breloom, L50, F, shiny|100\/100\n|-weather|Sandstorm|[from] ability: Sand Stream|[of] p2a: Tyranitar\n|-ability|p1b: Ting-Lu|Vessel of Ruin\n|turn|1\n|\n|t:|1683783813\n|detailschange|p1a: Palafin|Palafin-Hero, L50, F\n|switch|p1a: Arcanine|Arcanine, L50, M|100\/100\n|-ability|p1a: Arcanine|Intimidate|boost\n|-unboost|p2a: Tyranitar|atk|1\n|-unboost|p2b: Breloom|atk|1\n|switch|p2a: Gastrodon|Gastrodon, L50, M|100\/100\n|switch|p1b: Amoonguss|Amoonguss, L50, M|100\/100\n|move|p2b: Breloom|Spore|p1b: Amoonguss\n|-immune|p1b: Amoonguss\n|\n|-weather|Sandstorm|[upkeep]\n|-damage|p2b: Breloom|95\/100|[from] Sandstorm\n|-damage|p1b: Amoonguss|95\/100|[from] Sandstorm\n|-status|p2b: Breloom|tox|[from] item: Toxic Orb\n|upkeep\n|turn|2\n|\n|t:|1683783867\n|switch|p2b: Ceruledge|Ceruledge, L50, F|100\/100\n|move|p2a: Gastrodon|Protect|p2a: Gastrodon\n|-singleturn|p2a: Gastrodon|Protect\n|move|p1a: Arcanine|Flare Blitz|p2b: Ceruledge\n|-start|p2b: Ceruledge|ability: Flash Fire\n|move|p1b: Amoonguss|Spore|p2a: Gastrodon\n|-activate|p2a: Gastrodon|move: Protect\n|\n|-weather|Sandstorm|[upkeep]\n|-damage|p2b: Ceruledge|94\/100|[from] Sandstorm\n|-damage|p1b: Amoonguss|89\/100|[from] Sandstorm\n|upkeep\n|turn|3\n|\n|t:|1683783900\n|switch|p1a: Palafin|Palafin-Hero, L50, F|100\/100\n|-activate|p1a: Palafin|ability: Zero to Hero\n|-terastallize|p2b: Ceruledge|Grass\n|move|p1b: Amoonguss|Protect|p1b: Amoonguss\n|-singleturn|p1b: Amoonguss|Protect\n|move|p2b: Ceruledge|Bulk Up|p2b: Ceruledge\n|-boost|p2b: Ceruledge|atk|1\n|-boost|p2b: Ceruledge|def|1\n|move|p2a: Gastrodon|Muddy Water|p1b: Amoonguss|[spread] p1a\n|-activate|p1b: Amoonguss|move: Protect\n|-resisted|p1a: Palafin\n|-damage|p1a: Palafin|87\/100\n|-unboost|p1a: Palafin|accuracy|1\n|\n|-weather|Sandstorm|[upkeep]\n|-damage|p1a: Palafin|82\/100|[from] Sandstorm\n|-damage|p2b: Ceruledge|88\/100|[from] Sandstorm\n|-damage|p1b: Amoonguss|83\/100|[from] Sandstorm\n|upkeep\n|turn|4\n|\n|t:|1683783936\n|move|p2a: Gastrodon|Protect|p2a: Gastrodon\n|-singleturn|p2a: Gastrodon|Protect\n|move|p1a: Palafin|Haze|p1a: Palafin\n|-clearallboost\n|move|p2b: Ceruledge|Bitter Blade|p1b: Amoonguss\n|-supereffective|p1b: Amoonguss\n|-damage|p1b: Amoonguss|0 fnt\n|-heal|p2b: Ceruledge|100\/100|[from] drain|[of] p1b: Amoonguss\n|-damage|p2b: Ceruledge|84\/100|[from] item: Rocky Helmet|[of] p1b: Amoonguss\n|faint|p1b: Amoonguss\n|\n|-weather|Sandstorm|[upkeep]\n|-damage|p1a: Palafin|76\/100|[from] Sandstorm\n|-damage|p2b: Ceruledge|78\/100|[from] Sandstorm\n|upkeep\n|\n|t:|1683783972\n|switch|p1b: Arcanine|Arcanine, L50, M|100\/100\n|-ability|p1b: Arcanine|Intimidate|boost\n|-unboost|p2a: Gastrodon|atk|1\n|-fail|p2b: Ceruledge|unboost|[from] item: Clear Amulet|[of] p2b: Ceruledge\n|turn|5\n|\n|t:|1683784016\n|move|p1a: Palafin|Protect|p1a: Palafin\n|-singleturn|p1a: Palafin|Protect\n|move|p1b: Arcanine|Howl|p1b: Arcanine|[spread] p1a,p1b\n|-boost|p1a: Palafin|atk|1\n|-boost|p1b: Arcanine|atk|1\n|move|p2b: Ceruledge|Bitter Blade|p1a: Palafin\n|-activate|p1a: Palafin|move: Protect\n|move|p2a: Gastrodon|Muddy Water|p1a: Palafin|[spread] p1b\n|-activate|p1a: Palafin|move: Protect\n|-supereffective|p1b: Arcanine\n|-damage|p1b: Arcanine|46\/100\n|\n|-weather|none\n|upkeep\n|turn|6\n|\n|t:|1683784059\n|move|p2a: Gastrodon|Protect|p2a: Gastrodon\n|-singleturn|p2a: Gastrodon|Protect\n|move|p1b: Arcanine|Extreme Speed|p2b: Ceruledge\n|-damage|p2b: Ceruledge|44\/100\n|move|p1a: Palafin|Wave Crash|p2a: Gastrodon\n|-activate|p2a: Gastrodon|ability: Storm Drain\n|-activate|p2a: Gastrodon|move: Protect\n|move|p2b: Ceruledge|Bitter Blade|p1a: Palafin\n|-resisted|p1a: Palafin\n|-damage|p1a: Palafin|49\/100\n|-heal|p2b: Ceruledge|59\/100|[from] drain|[of] p1a: Palafin\n|\n|upkeep\n|turn|7\n|\n|t:|1683784081\n|switch|p1a: Ting-Lu|Ting-Lu, L50|100\/100\n|-ability|p1a: Ting-Lu|Vessel of Ruin\n|move|p1b: Arcanine|Howl|p1b: Arcanine|[spread] p1a,p1b\n|-boost|p1a: Ting-Lu|atk|1\n|-boost|p1b: Arcanine|atk|1\n|move|p2b: Ceruledge|Bulk Up|p2b: Ceruledge\n|-boost|p2b: Ceruledge|atk|1\n|-boost|p2b: Ceruledge|def|1\n|move|p2a: Gastrodon|Muddy Water|p1a: Ting-Lu|[spread] \n|-miss|p2a: Gastrodon|p1a: Ting-Lu\n|-miss|p2a: Gastrodon|p1b: Arcanine\n|\n|upkeep\n|turn|8\n|\n|t:|1683784111\n|-terastallize|p1a: Ting-Lu|Poison\n|move|p2b: Ceruledge|Shadow Sneak|p1b: Arcanine\n|-damage|p1b: Arcanine|18\/100\n|move|p1b: Arcanine|Howl|p1b: Arcanine|[spread] p1a,p1b\n|-boost|p1a: Ting-Lu|atk|1\n|-boost|p1b: Arcanine|atk|1\n|move|p1a: Ting-Lu|Throat Chop|p2b: Ceruledge\n|-damage|p2b: Ceruledge|0 fnt\n|faint|p2b: Ceruledge\n|move|p2a: Gastrodon|Muddy Water|p1a: Ting-Lu|[spread] p1a,p1b\n|-supereffective|p1b: Arcanine\n|-damage|p1a: Ting-Lu|88\/100\n|-damage|p1b: Arcanine|0 fnt\n|-unboost|p1a: Ting-Lu|accuracy|1\n|faint|p1b: Arcanine\n|\n|upkeep\n|\n|t:|1683784128\n|switch|p1b: Palafin|Palafin-Hero, L50, F|49\/100\n|switch|p2b: Breloom|Breloom, L50, F, shiny|95\/100 tox\n|turn|9\n|\n|t:|1683784141\n|move|p1b: Palafin|Protect|p1b: Palafin\n|-singleturn|p1b: Palafin|Protect\n|move|p2b: Breloom|Leech Seed|p1a: Ting-Lu\n|-start|p1a: Ting-Lu|move: Leech Seed\n|move|p1a: Ting-Lu|Earthquake|p2b: Breloom|[spread] p2a,p2b\n|-activate|p1b: Palafin|move: Protect\n|-resisted|p2b: Breloom\n|-damage|p2a: Gastrodon|28\/100\n|-damage|p2b: Breloom|56\/100 tox\n|move|p2a: Gastrodon|Clear Smog|p1a: Ting-Lu\n|-resisted|p1a: Ting-Lu\n|-damage|p1a: Ting-Lu|85\/100\n|-clearboost|p1a: Ting-Lu\n|\n|-heal|p2a: Gastrodon|34\/100|[from] item: Leftovers\n|-damage|p1a: Ting-Lu|73\/100|[from] Leech Seed|[of] p2b: Breloom\n|-heal|p2b: Breloom|75\/100 tox|[silent]\n|-heal|p2b: Breloom|87\/100 tox|[from] ability: Poison Heal\n|upkeep\n|turn|10\n|\n|t:|1683784174\n|move|p2a: Gastrodon|Protect|p2a: Gastrodon\n|-singleturn|p2a: Gastrodon|Protect\n|move|p1b: Palafin|Jet Punch|p2a: Gastrodon\n|-activate|p2a: Gastrodon|ability: Storm Drain\n|-activate|p2a: Gastrodon|move: Protect\n|move|p2b: Breloom|Spore|p1b: Palafin\n|-status|p1b: Palafin|slp|[from] move: Spore\n|move|p1a: Ting-Lu|Throat Chop|p2a: Gastrodon\n|-activate|p2a: Gastrodon|move: Protect\n|\n|-heal|p2a: Gastrodon|41\/100|[from] item: Leftovers\n|-damage|p1a: Ting-Lu|60\/100|[from] Leech Seed|[of] p2b: Breloom\n|-heal|p2b: Breloom|100\/100 tox|[silent]\n|upkeep\n|turn|11\n|\n|t:|1683784196\n|switch|p2a: Tyranitar|Tyranitar, L50, M, shiny|100\/100\n|-weather|Sandstorm|[from] ability: Sand Stream|[of] p2a: Tyranitar\n|cant|p1b: Palafin|slp\n|move|p2b: Breloom|Drain Punch|p1b: Palafin\n|-damage|p1b: Palafin|17\/100 slp\n|move|p1a: Ting-Lu|Earthquake|p2a: Tyranitar|[spread] p1b,p2a,p2b\n|-supereffective|p2a: Tyranitar\n|-resisted|p2b: Breloom\n|-damage|p1b: Palafin|0 fnt\n|-damage|p2a: Tyranitar|37\/100\n|-damage|p2b: Breloom|83\/100 tox\n|faint|p1b: Palafin\n|\n|-weather|Sandstorm|[upkeep]\n|-damage|p2b: Breloom|77\/100 tox|[from] Sandstorm\n|-damage|p1a: Ting-Lu|54\/100|[from] Sandstorm\n|-damage|p1a: Ting-Lu|42\/100|[from] Leech Seed|[of] p2b: Breloom\n|-heal|p2b: Breloom|96\/100 tox|[silent]\n|-heal|p2b: Breloom|100\/100 tox|[from] ability: Poison Heal\n|upkeep\n|turn|12\n|\n|t:|1683784218\n|move|p2b: Breloom|Drain Punch|p1a: Ting-Lu\n|-resisted|p1a: Ting-Lu\n|-damage|p1a: Ting-Lu|32\/100\n|move|p2a: Tyranitar|Low Kick|p1a: Ting-Lu\n|-resisted|p1a: Ting-Lu\n|-damage|p1a: Ting-Lu|18\/100\n|move|p1a: Ting-Lu|Earthquake|p2b: Breloom|[spread] p2a,p2b\n|-supereffective|p2a: Tyranitar\n|-resisted|p2b: Breloom\n|-crit|p2b: Breloom\n|-damage|p2a: Tyranitar|0 fnt\n|-damage|p2b: Breloom|71\/100 tox\n|faint|p2a: Tyranitar\n|\n|-weather|Sandstorm|[upkeep]\n|-damage|p2b: Breloom|65\/100 tox|[from] Sandstorm\n|-damage|p1a: Ting-Lu|12\/100|[from] Sandstorm\n|-damage|p1a: Ting-Lu|0 fnt|[from] Leech Seed|[of] p2b: Breloom\n|-heal|p2b: Breloom|84\/100 tox|[silent]\n|faint|p1a: Ting-Lu\n|\n|win|CrunchGang\n|upkeep\n|raw|DBJONE03's rating: 1323 → 1304<\/strong> (-19 for losing)\n|raw|CrunchGang's rating: 1341 → 1360<\/strong> (+19 for winning)\n","uploadtime":1683784235,"views":15,"p1id":"dbjone03","p2id":"crunchgang","formatid":"gen9vgc2023regulationc","rating":1304,"private":0,"password":""}