{"id":"gen9vgc2023regulationc-1856806528","p1":"Test1911","p2":"myselfkula","format":"[Gen 9] VGC 2023 Regulation C","log":"|j|\u2606Test1911\n|j|\u2606myselfkula\n|t:|1683114119\n|gametype|doubles\n|player|p1|Test1911|clerk|1336\n|player|p2|myselfkula|101|1318\n|teamsize|p1|6\n|teamsize|p2|6\n|gen|9\n|tier|[Gen 9] VGC 2023 Regulation C\n|rated|\n|rule|Species Clause: Limit one of each Pok\u00e9mon\n|rule|Item Clause: Limit one of each item\n|clearpoke\n|poke|p1|Flutter Mane, L50|\n|poke|p1|Chi-Yu, L50|\n|poke|p1|Roaring Moon, L50|\n|poke|p1|Jumpluff, L50, F|\n|poke|p1|Wo-Chien, L50|\n|poke|p1|Torkoal, L50, M|\n|poke|p2|Flutter Mane, L50|\n|poke|p2|Chi-Yu, L50|\n|poke|p2|Roaring Moon, L50|\n|poke|p2|Jumpluff, L50, F|\n|poke|p2|Wo-Chien, L50|\n|poke|p2|Torkoal, L50, M|\n|teampreview|4\n|j| elmassa45\n|c|\u2606Test1911|lol\n|c|\u2606Test1911|nice team\n|inactive|Battle timer is ON: inactive players will automatically lose when time's up. (requested by Test1911)\n|\n|t:|1683114171\n|start\n|switch|p1a: Wo-Chien|Wo-Chien, L50|100\/100\n|switch|p1b: Flutter Mane|Flutter Mane, L50|100\/100\n|switch|p2a: Jumpluff|Jumpluff, L50, F|100\/100\n|switch|p2b: Torkoal|Torkoal, L50, M|100\/100\n|-ability|p1a: Wo-Chien|Tablets of Ruin\n|-weather|SunnyDay|[from] ability: Drought|[of] p2b: Torkoal\n|-activate|p1b: Flutter Mane|ability: Protosynthesis\n|-start|p1b: Flutter Mane|protosynthesisspa\n|turn|1\n|inactive|Test1911 has 30 seconds left.\n|inactive|myselfkula has 30 seconds left.\n|inactive|Test1911 has 20 seconds left.\n|inactive|myselfkula has 20 seconds left.\n|inactive|myselfkula has 15 seconds left.\n|inactive|myselfkula has 10 seconds left.\n|inactive|Test1911 has 15 seconds left.\n|inactive|myselfkula has 5 seconds left.\n|\n|t:|1683114223\n|move|p2a: Jumpluff|Sleep Powder|p1b: Flutter Mane\n|-status|p1b: Flutter Mane|slp|[from] move: Sleep Powder\n|move|p1a: Wo-Chien|Dark Pulse|p2b: Torkoal\n|-damage|p2b: Torkoal|54\/100\n|cant|p1b: Flutter Mane|slp\n|move|p2b: Torkoal|Eruption|p1b: Flutter Mane|[spread] p1a,p1b\n|-supereffective|p1a: Wo-Chien\n|-damage|p1a: Wo-Chien|15\/100\n|-damage|p1b: Flutter Mane|51\/100 slp\n|\n|-weather|SunnyDay|[upkeep]\n|upkeep\n|turn|2\n|inactive|myselfkula has 30 seconds left.\n|\n|t:|1683114253\n|move|p2a: Jumpluff|Rage Powder|p2a: Jumpluff\n|-singleturn|p2a: Jumpluff|move: Rage Powder\n|move|p1a: Wo-Chien|Leaf Storm|p2b: Torkoal|[miss]\n|-miss|p1a: Wo-Chien|p2b: Torkoal\n|-curestatus|p1b: Flutter Mane|slp|[msg]\n|move|p1b: Flutter Mane|Shadow Ball|p2a: Jumpluff\n|-damage|p2a: Jumpluff|49\/100\n|move|p2b: Torkoal|Eruption|p1b: Flutter Mane|[spread] p1a,p1b\n|-supereffective|p1a: Wo-Chien\n|-damage|p1a: Wo-Chien|0 fnt\n|-damage|p1b: Flutter Mane|2\/100\n|faint|p1a: Wo-Chien\n|\n|-weather|SunnyDay|[upkeep]\n|upkeep\n|\n|t:|1683114264\n|switch|p1a: Chi-Yu|Chi-Yu, L50|100\/100\n|-ability|p1a: Chi-Yu|Beads of Ruin\n|turn|3\n|\n|t:|1683114287\n|-terastallize|p1a: Chi-Yu|Grass\n|move|p2a: Jumpluff|Protect|p2a: Jumpluff\n|-singleturn|p2a: Jumpluff|Protect\n|move|p1a: Chi-Yu|Dark Pulse|p2b: Torkoal\n|-damage|p2b: Torkoal|0 fnt\n|faint|p2b: Torkoal\n|move|p1b: Flutter Mane|Dazzling Gleam|p2a: Jumpluff\n|-activate|p2a: Jumpluff|move: Protect\n|\n|-weather|SunnyDay|[upkeep]\n|upkeep\n|\n|t:|1683114299\n|switch|p2b: Roaring Moon|Roaring Moon, L50|100\/100\n|-activate|p2b: Roaring Moon|ability: Protosynthesis\n|-start|p2b: Roaring Moon|protosynthesisatk\n|turn|4\n|\n|t:|1683114308\n|-terastallize|p2b: Roaring Moon|Ground\n|move|p2a: Jumpluff|Absorb|p2b: Roaring Moon\n|-supereffective|p2b: Roaring Moon\n|-damage|p2b: Roaring Moon|87\/100\n|-heal|p2a: Jumpluff|56\/100|[from] drain|[of] p2b: Roaring Moon\n|-enditem|p2b: Roaring Moon|Weakness Policy\n|-boost|p2b: Roaring Moon|atk|2|[from] item: Weakness Policy\n|-boost|p2b: Roaring Moon|spa|2|[from] item: Weakness Policy\n|move|p2b: Roaring Moon|Earthquake|p1a: Chi-Yu|[spread] p1a,p1b\n|-immune|p2a: Jumpluff\n|-resisted|p1a: Chi-Yu\n|-damage|p1a: Chi-Yu|33\/100\n|-damage|p1b: Flutter Mane|0 fnt\n|faint|p1b: Flutter Mane\n|-end|p1b: Flutter Mane|Protosynthesis|[silent]\n|move|p1a: Chi-Yu|Flamethrower|p2b: Roaring Moon\n|-damage|p2b: Roaring Moon|5\/100\n|\n|-weather|SunnyDay|[upkeep]\n|upkeep\n|\n|t:|1683114319\n|switch|p1b: Torkoal|Torkoal, L50, M|100\/100\n|turn|5\n|\n|t:|1683114328\n|move|p2a: Jumpluff|Sleep Powder|p1b: Torkoal\n|-status|p1b: Torkoal|slp|[from] move: Sleep Powder\n|move|p2b: Roaring Moon|Earthquake|p1a: Chi-Yu|[spread] p1a,p1b\n|-immune|p2a: Jumpluff\n|-resisted|p1a: Chi-Yu\n|-supereffective|p1b: Torkoal\n|-damage|p1a: Chi-Yu|0 fnt\n|-damage|p1b: Torkoal|0 fnt\n|faint|p1a: Chi-Yu\n|faint|p1b: Torkoal\n|\n|win|myselfkula\n|raw|Test1911's rating: 1336 → 1315<\/strong> (-21 for losing)\n|raw|myselfkula's rating: 1318 → 1339<\/strong> (+21 for winning)\n|c|\u2606Test1911|gg\n|l|\u2606Test1911\n","uploadtime":1683114339,"views":15,"p1id":"test1911","p2id":"myselfkula","formatid":"gen9vgc2023regulationc","rating":1315,"private":0,"password":""}