{"id":"gen9vgc2023regulationc-1846374521","p1":"chebelcorgi","p2":"MyAlt1911","format":"[Gen 9] VGC 2023 Regulation C","log":"|j|\u2606chebelcorgi\n|j|\u2606MyAlt1911\n|t:|1681835767\n|gametype|doubles\n|player|p1|chebelcorgi|roughneck|1434\n|player|p2|MyAlt1911|clown|1429\n|teamsize|p1|6\n|teamsize|p2|6\n|gen|9\n|tier|[Gen 9] VGC 2023 Regulation C\n|rated|\n|rule|Species Clause: Limit one of each Pok\u00e9mon\n|rule|Item Clause: Limit one of each item\n|clearpoke\n|poke|p1|Dondozo, L50, M|\n|poke|p1|Tatsugiri-Droopy, L50, M|\n|poke|p1|Pelipper, L50, F|\n|poke|p1|Drednaw, L50, M|\n|poke|p1|Dragonite, L50, F|\n|poke|p1|Chien-Pao, L50|\n|poke|p2|Dondozo, L50, F|\n|poke|p2|Tatsugiri-Droopy, L50, F|\n|poke|p2|Pelipper, L50, M|\n|poke|p2|Drednaw, L50, F|\n|poke|p2|Dragonite, L50, M|\n|poke|p2|Chien-Pao, L50|\n|teampreview|4\n|inactive|Battle timer is ON: inactive players will automatically lose when time's up. (requested by MyAlt1911)\n|\n|t:|1681835777\n|start\n|switch|p1a: Pelipper|Pelipper, L50, F|100\/100\n|switch|p1b: Drednaw|Drednaw, L50, M|100\/100\n|switch|p2a: Pelipper|Pelipper, L50, M|100\/100\n|switch|p2b: Drednaw|Drednaw, L50, F|100\/100\n|-weather|RainDance|[from] ability: Drizzle|[of] p2a: Pelipper\n|turn|1\n|c|\u2606MyAlt1911|nice team\n|\n|t:|1681835797\n|-terastallize|p2b: Drednaw|Grass\n|move|p1b: Drednaw|Rock Slide|p2b: Drednaw|[spread] p2a,p2b\n|-supereffective|p2a: Pelipper\n|-damage|p2a: Pelipper|6\/100\n|-damage|p2b: Drednaw|48\/100\n|move|p2b: Drednaw|Tera Blast|p1b: Drednaw\n|-supereffective|p1b: Drednaw\n|-damage|p1b: Drednaw|0 fnt\n|faint|p1b: Drednaw\n|move|p2a: Pelipper|Tailwind|p2a: Pelipper\n|-sidestart|p2: MyAlt1911|move: Tailwind\n|move|p1a: Pelipper|Tailwind|p1a: Pelipper\n|-sidestart|p1: chebelcorgi|move: Tailwind\n|\n|-weather|RainDance|[upkeep]\n|upkeep\n|\n|t:|1681835806\n|switch|p1b: Dondozo|Dondozo, L50, M|100\/100\n|turn|2\n|\n|t:|1681835817\n|switch|p1a: Tatsugiri|Tatsugiri-Droopy, L50, M, shiny|100\/100\n|-activate|p1a: Tatsugiri|ability: Commander|[of] p1b: Dondozo\n|-boost|p1b: Dondozo|atk|2\n|-boost|p1b: Dondozo|spa|2\n|-boost|p1b: Dondozo|spe|2\n|-boost|p1b: Dondozo|def|2\n|-boost|p1b: Dondozo|spd|2\n|-terastallize|p1b: Dondozo|Water\n|move|p2b: Drednaw|Tera Blast|p1b: Dondozo\n|-supereffective|p1b: Dondozo\n|-damage|p1b: Dondozo|53\/100\n|move|p1b: Dondozo|Surf|p2b: Drednaw|[spread] p2a,p2b\n|-miss|p1b: Dondozo|p1a: Tatsugiri\n|-resisted|p2a: Pelipper\n|-resisted|p2b: Drednaw\n|-damage|p2a: Pelipper|0 fnt\n|-damage|p2b: Drednaw|0 fnt\n|faint|p2a: Pelipper\n|faint|p2b: Drednaw\n|-damage|p1b: Dondozo|43\/100|[from] item: Life Orb\n|\n|-weather|RainDance|[upkeep]\n|upkeep\n|\n|t:|1681835830\n|switch|p2b: Dondozo|Dondozo, L50, F|100\/100\n|switch|p2a: Tatsugiri|Tatsugiri-Droopy, L50, F, shiny|100\/100\n|-activate|p2a: Tatsugiri|ability: Commander|[of] p2b: Dondozo\n|-boost|p2b: Dondozo|atk|2\n|-boost|p2b: Dondozo|spa|2\n|-boost|p2b: Dondozo|spe|2\n|-boost|p2b: Dondozo|def|2\n|-boost|p2b: Dondozo|spd|2\n|turn|3\n|\n|t:|1681835839\n|move|p2b: Dondozo|Surf|p1b: Dondozo|[spread] p1b\n|-miss|p2b: Dondozo|p2a: Tatsugiri\n|-miss|p2b: Dondozo|p1a: Tatsugiri\n|-resisted|p1b: Dondozo\n|-damage|p1b: Dondozo|17\/100\n|-damage|p2b: Dondozo|91\/100|[from] item: Life Orb\n|move|p1b: Dondozo|Surf|p2a: Tatsugiri|[spread] p2b\n|-miss|p1b: Dondozo|p1a: Tatsugiri\n|-miss|p1b: Dondozo|p2a: Tatsugiri\n|-resisted|p2b: Dondozo\n|-damage|p2b: Dondozo|56\/100\n|-damage|p1b: Dondozo|8\/100|[from] item: Life Orb\n|\n|-weather|RainDance|[upkeep]\n|upkeep\n|turn|4\n|\n|t:|1681835858\n|move|p2b: Dondozo|Surf|p1a: Tatsugiri|[spread] p1b\n|-miss|p2b: Dondozo|p2a: Tatsugiri\n|-miss|p2b: Dondozo|p1a: Tatsugiri\n|-resisted|p1b: Dondozo\n|-damage|p1b: Dondozo|0 fnt\n|faint|p1b: Dondozo\n|-damage|p2b: Dondozo|46\/100|[from] item: Life Orb\n|\n|-weather|RainDance|[upkeep]\n|-sideend|p2: MyAlt1911|move: Tailwind\n|-sideend|p1: chebelcorgi|move: Tailwind\n|upkeep\n|\n|t:|1681835861\n|switch|p1b: Pelipper|Pelipper, L50, F|100\/100\n|turn|5\n|\n|t:|1681835877\n|move|p1a: Tatsugiri|Icy Wind|p2a: Tatsugiri|[spread] p2b\n|-miss|p1a: Tatsugiri|p2a: Tatsugiri\n|-resisted|p2b: Dondozo\n|-damage|p2b: Dondozo|43\/100\n|-unboost|p2b: Dondozo|spe|1\n|move|p2b: Dondozo|Surf|p1b: Pelipper|[spread] p1a,p1b\n|-miss|p2b: Dondozo|p2a: Tatsugiri\n|-resisted|p1a: Tatsugiri\n|-resisted|p1b: Pelipper\n|-damage|p1a: Tatsugiri|75\/100\n|-damage|p1b: Pelipper|39\/100\n|-damage|p2b: Dondozo|33\/100|[from] item: Life Orb\n|move|p1b: Pelipper|Hurricane|p2b: Dondozo\n|-damage|p2b: Dondozo|6\/100\n|\n|-weather|RainDance|[upkeep]\n|upkeep\n|turn|6\n|\n|t:|1681835898\n|move|p1a: Tatsugiri|Icy Wind|p2b: Dondozo|[spread] p2b\n|-miss|p1a: Tatsugiri|p2a: Tatsugiri\n|-resisted|p2b: Dondozo\n|-damage|p2b: Dondozo|2\/100\n|-unboost|p2b: Dondozo|spe|1\n|move|p2b: Dondozo|Wave Crash|p1a: Tatsugiri\n|-resisted|p1a: Tatsugiri\n|-damage|p1a: Tatsugiri|5\/100\n|-damage|p2b: Dondozo|0 fnt|[from] Recoil\n|faint|p2b: Dondozo\n|move|p1b: Pelipper|Hurricane|p2a: Tatsugiri\n|-damage|p2a: Tatsugiri|33\/100\n|\n|-weather|RainDance|[upkeep]\n|upkeep\n|turn|7\n|\n|t:|1681835919\n|move|p1a: Tatsugiri|Icy Wind|p2a: Tatsugiri\n|-damage|p2a: Tatsugiri|9\/100\n|-unboost|p2a: Tatsugiri|spe|1\n|move|p2a: Tatsugiri|Muddy Water|p1a: Tatsugiri|[spread] p1a,p1b\n|-resisted|p1a: Tatsugiri\n|-crit|p1a: Tatsugiri\n|-resisted|p1b: Pelipper\n|-damage|p1a: Tatsugiri|0 fnt\n|-damage|p1b: Pelipper|2\/100\n|faint|p1a: Tatsugiri\n|move|p1b: Pelipper|Hurricane|p2a: Tatsugiri\n|-damage|p2a: Tatsugiri|0 fnt\n|faint|p2a: Tatsugiri\n|\n|win|chebelcorgi\n|raw|chebelcorgi's rating: 1434 → 1454<\/strong> (+20 for winning)\n|raw|MyAlt1911's rating: 1429 → 1409<\/strong> (-20 for losing)\n|l|\u2606MyAlt1911\n|c|\u2606chebelcorgi|GG\n","uploadtime":1681835939,"views":4,"p1id":"chebelcorgi","p2id":"myalt1911","formatid":"gen9vgc2023regulationc","rating":1409,"private":0,"password":""}