{"id":"gen9vgc2023regulationc-1853432620","p1":"kajashi","p2":"Xiao Shi","format":"[Gen 9] VGC 2023 Regulation C","log":"|j|\u2606kajashi\n|j|\u2606Xiao Shi\n|t:|1682684493\n|gametype|doubles\n|player|p1|kajashi|n|1550\n|player|p2|Xiao Shi|bellelba|1506\n|teamsize|p1|6\n|teamsize|p2|6\n|gen|9\n|tier|[Gen 9] VGC 2023 Regulation C\n|rated|\n|rule|Species Clause: Limit one of each Pok\u00e9mon\n|rule|Item Clause: Limit one of each item\n|clearpoke\n|poke|p1|Gyarados, L50, M|\n|poke|p1|Chi-Yu, L50|\n|poke|p1|Iron Hands, L50|\n|poke|p1|Kingambit, L50, F|\n|poke|p1|Amoonguss, L50, F|\n|poke|p1|Flutter Mane, L50|\n|poke|p2|Dondozo, L50, F|\n|poke|p2|Tatsugiri-Stretchy, L50, M|\n|poke|p2|Chi-Yu, L50|\n|poke|p2|Glimmora, L50, F|\n|poke|p2|Maushold-Four, L50|\n|poke|p2|Flutter Mane, L50|\n|teampreview|4\nkajashi has agreed to open team sheets.\n|j| AcekingTesting\n|\n|t:|1682684530\n|start\n|switch|p1a: Gyarados|Gyarados, L50, M|100\/100\n|switch|p1b: Iron Hands|Iron Hands, L50|100\/100\n|switch|p2a: Tatsugiri|Tatsugiri-Stretchy, L50, M|100\/100\n|switch|p2b: Dondozo|Dondozo, L50, F|100\/100\n|-activate|p2a: Tatsugiri|ability: Commander|[of] p2b: Dondozo\n|-boost|p2b: Dondozo|atk|2\n|-boost|p2b: Dondozo|spa|2\n|-boost|p2b: Dondozo|spe|2\n|-boost|p2b: Dondozo|def|2\n|-boost|p2b: Dondozo|spd|2\n|-ability|p1a: Gyarados|Intimidate|boost\n|-unboost|p2a: Tatsugiri|atk|1\n|-unboost|p2b: Dondozo|atk|1\n|turn|1\n|j| MidenVGC\n|\n|t:|1682684558\n|-end|p1b: Iron Hands|Quark Drive|[silent]\n|switch|p1b: Amoonguss|Amoonguss, L50, F|100\/100\n|move|p2b: Dondozo|Protect|p2b: Dondozo\n|-singleturn|p2b: Dondozo|Protect\n|move|p1a: Gyarados|Thunder Wave|p2b: Dondozo\n|-activate|p2b: Dondozo|move: Protect\n|\n|upkeep\n|turn|2\n|\n|t:|1682684599\n|move|p2b: Dondozo|Earthquake|p1a: Gyarados|[spread] p1b\n|-miss|p2b: Dondozo|p2a: Tatsugiri\n|-immune|p1a: Gyarados\n|-damage|p1b: Amoonguss|60\/100\n|-damage|p2b: Dondozo|91\/100|[from] item: Life Orb\n|move|p1a: Gyarados|Taunt|p2b: Dondozo\n|-start|p2b: Dondozo|move: Taunt\n|move|p1b: Amoonguss|Clear Smog|p2b: Dondozo\n|-damage|p2b: Dondozo|83\/100\n|-clearboost|p2b: Dondozo\n|\n|upkeep\n|turn|3\n|\n|t:|1682684628\n|switch|p1a: Iron Hands|Iron Hands, L50|100\/100\n|move|p2b: Dondozo|Wave Crash|p1b: Amoonguss\n|-resisted|p1b: Amoonguss\n|-damage|p1b: Amoonguss|28\/100\n|-damage|p2b: Dondozo|66\/100|[from] item: Rocky Helmet|[of] p1b: Amoonguss\n|-damage|p2b: Dondozo|56\/100|[from] Recoil\n|-damage|p2b: Dondozo|46\/100|[from] item: Life Orb\n|move|p1b: Amoonguss|Spore|p2b: Dondozo\n|-status|p2b: Dondozo|slp|[from] move: Spore\n|\n|upkeep\n|turn|4\n|j| Withoutexcuse\n|\n|t:|1682684649\n|switch|p1b: Gyarados|Gyarados, L50, M|100\/100\n|-ability|p1b: Gyarados|Intimidate|boost\n|-unboost|p2a: Tatsugiri|atk|1\n|-unboost|p2b: Dondozo|atk|1\n|cant|p2b: Dondozo|slp\n|move|p1a: Iron Hands|Swords Dance|p1a: Iron Hands\n|-boost|p1a: Iron Hands|atk|2\n|\n|upkeep\n|turn|5\n|\n|t:|1682684677\n|switch|p1b: Amoonguss|Amoonguss, L50, F|61\/100\n|cant|p2b: Dondozo|slp\n|move|p1a: Iron Hands|Swords Dance|p1a: Iron Hands\n|-boost|p1a: Iron Hands|atk|2\n|\n|-end|p2b: Dondozo|move: Taunt\n|upkeep\n|turn|6\n|\n|t:|1682684695\n|-curestatus|p2b: Dondozo|slp|[msg]\n|move|p2b: Dondozo|Earthquake|p1b: Amoonguss|[spread] p1a,p1b\n|-miss|p2b: Dondozo|p2a: Tatsugiri\n|-supereffective|p1a: Iron Hands\n|-damage|p1a: Iron Hands|73\/100\n|-damage|p1b: Amoonguss|43\/100\n|-damage|p2b: Dondozo|36\/100|[from] item: Life Orb\n|move|p1a: Iron Hands|Wild Charge|p2b: Dondozo\n|-supereffective|p2b: Dondozo\n|-damage|p2b: Dondozo|0 fnt\n|faint|p2b: Dondozo\n|-damage|p1a: Iron Hands|65\/100|[from] Recoil\n|move|p1b: Amoonguss|Spore|p2a: Tatsugiri\n|-status|p2a: Tatsugiri|slp|[from] move: Spore\n|\n|upkeep\n|\n|t:|1682684705\n|switch|p2b: Chi-Yu|Chi-Yu, L50|100\/100\n|-ability|p2b: Chi-Yu|Beads of Ruin\n|turn|7\n|\n|t:|1682684723\n|switch|p1b: Gyarados|Gyarados, L50, M|100\/100\n|-ability|p1b: Gyarados|Intimidate|boost\n|-unboost|p2a: Tatsugiri|atk|1\n|-unboost|p2b: Chi-Yu|atk|1\n|-terastallize|p1a: Iron Hands|Fire\n|cant|p2a: Tatsugiri|slp\n|move|p2a: Tatsugiri|Sleep Talk|p2a: Tatsugiri\n|move|p2a: Tatsugiri|Muddy Water|p1a: Iron Hands|[from]move: Sleep Talk|[spread] p1a,p1b\n|-supereffective|p1a: Iron Hands\n|-resisted|p1b: Gyarados\n|-damage|p1a: Iron Hands|7\/100\n|-damage|p1b: Gyarados|81\/100\n|-unboost|p1b: Gyarados|accuracy|1\n|move|p2b: Chi-Yu|Heat Wave|p1a: Iron Hands|[spread] p1a\n|-miss|p2b: Chi-Yu|p1b: Gyarados\n|-resisted|p1a: Iron Hands\n|-damage|p1a: Iron Hands|0 fnt\n|faint|p1a: Iron Hands\n|-end|p1a: Iron Hands|Quark Drive|[silent]\n|\n|upkeep\n|\n|t:|1682684757\n|switch|p1a: Amoonguss|Amoonguss, L50, F|77\/100\n|turn|8\n|\n|t:|1682684775\n|move|p2b: Chi-Yu|Protect|p2b: Chi-Yu\n|-singleturn|p2b: Chi-Yu|Protect\n|cant|p2a: Tatsugiri|slp\n|move|p2a: Tatsugiri|Sleep Talk|p2a: Tatsugiri\n|move|p2a: Tatsugiri|Draco Meteor|p1a: Amoonguss|[from]move: Sleep Talk\n|-damage|p1a: Amoonguss|5\/100\n|-unboost|p2a: Tatsugiri|spa|2\n|move|p1b: Gyarados|Waterfall|p2b: Chi-Yu\n|-activate|p2b: Chi-Yu|move: Protect\n|move|p1a: Amoonguss|Spore|p2b: Chi-Yu\n|-activate|p2b: Chi-Yu|move: Protect\n|\n|upkeep\n|turn|9\n|\n|t:|1682684802\n|switch|p1a: Kingambit|Kingambit, L50, F|100\/100\n|-terastallize|p2b: Chi-Yu|Water\n|-curestatus|p2a: Tatsugiri|slp|[msg]\n|move|p2a: Tatsugiri|Sleep Talk||[still]\n|-fail|p2a: Tatsugiri\n|move|p2b: Chi-Yu|Heat Wave|p1a: Kingambit|[spread] p1a,p1b\n|-supereffective|p1a: Kingambit\n|-resisted|p1b: Gyarados\n|-damage|p1a: Kingambit|19\/100\n|-damage|p1b: Gyarados|53\/100\n|move|p1b: Gyarados|Thunder Wave|p2b: Chi-Yu\n|-status|p2b: Chi-Yu|par\n|\n|upkeep\n|turn|10\n|l| MidenVGC\n|j| MidenVGC\n|\n|t:|1682684836\n|switch|p2a: Flutter Mane|Flutter Mane, L50, shiny|100\/100\n|-enditem|p2a: Flutter Mane|Booster Energy\n|-activate|p2a: Flutter Mane|ability: Protosynthesis|[fromitem]\n|-start|p2a: Flutter Mane|protosynthesisspe\n|switch|p1b: Amoonguss|Amoonguss, L50, F|38\/100\n|move|p1a: Kingambit|Sucker Punch|p2b: Chi-Yu\n|-damage|p2b: Chi-Yu|53\/100 par\n|cant|p2b: Chi-Yu|par\n|\n|upkeep\n|turn|11\n|l| MidenVGC\n|\n|t:|1682684864\n|switch|p1b: Gyarados|Gyarados, L50, M|53\/100\n|-ability|p1b: Gyarados|Intimidate|boost\n|-unboost|p2a: Flutter Mane|atk|1\n|-unboost|p2b: Chi-Yu|atk|1\n|move|p1a: Kingambit|Sucker Punch|p2a: Flutter Mane\n|-damage|p2a: Flutter Mane|44\/100\n|move|p2a: Flutter Mane|Shadow Ball|p1b: Gyarados\n|-damage|p1b: Gyarados|0 fnt\n|faint|p1b: Gyarados\n|move|p2b: Chi-Yu|Heat Wave|p1a: Kingambit\n|-supereffective|p1a: Kingambit\n|-damage|p1a: Kingambit|0 fnt\n|faint|p1a: Kingambit\n|\n|upkeep\n|-message|kajashi forfeited.\n|\n|win|Xiao Shi\n|raw|kajashi's rating: 1550 → 1527<\/strong> (-23 for losing)\n|raw|Xiao Shi's rating: 1506 → 1529<\/strong> (+23 for winning)\n","uploadtime":1682684884,"views":14,"p1id":"kajashi","p2id":"xiaoshi","formatid":"gen9vgc2023regulationc","rating":1527,"private":0,"password":""}