{"id":"gen9vgc2023regulationc-1857967656","p1":"Rickpv","p2":"chi-yuonetrick","format":"[Gen 9] VGC 2023 Regulation C","log":"|j|\u2606Rickpv\n|j|\u2606chi-yuonetrick\n|t:|1683253595\n|gametype|doubles\n|player|p1|Rickpv|flint|1234\n|player|p2|chi-yuonetrick|acetrainer-gen6xy|1280\n|teamsize|p1|6\n|teamsize|p2|6\n|gen|9\n|tier|[Gen 9] VGC 2023 Regulation C\n|rated|\n|rule|Species Clause: Limit one of each Pok\u00e9mon\n|rule|Item Clause: Limit one of each item\n|clearpoke\n|poke|p1|Chi-Yu, L50|\n|poke|p1|Flutter Mane, L50|\n|poke|p1|Gyarados, L50, F|\n|poke|p1|Amoonguss, L50, F|\n|poke|p1|Iron Hands, L50|\n|poke|p1|Baxcalibur, L50, M|\n|poke|p2|Iron Hands, L50|\n|poke|p2|Gyarados, L50, M|\n|poke|p2|Flutter Mane, L50|\n|poke|p2|Chi-Yu, L50|\n|poke|p2|Amoonguss, L50, M|\n|poke|p2|Bronzong, L50|\n|teampreview|4\n|inactive|Battle timer is ON: inactive players will automatically lose when time's up. (requested by chi-yuonetrick)\n|inactive|Rickpv has 60 seconds left.\n|\n|t:|1683253661\n|start\n|switch|p1a: Flutter Mane|Flutter Mane, L50|100\/100\n|switch|p1b: Iron Hands|Iron Hands, L50|100\/100\n|switch|p2a: Flutter Mane|Flutter Mane, L50|100\/100\n|switch|p2b: Iron Hands|Iron Hands, L50|100\/100\n|-enditem|p1a: Flutter Mane|Booster Energy\n|-activate|p1a: Flutter Mane|ability: Protosynthesis|[fromitem]\n|-start|p1a: Flutter Mane|protosynthesisspa\n|turn|1\n|inactive|chi-yuonetrick has 30 seconds left.\n|\n|t:|1683253689\n|-terastallize|p1b: Iron Hands|Fire\n|move|p1a: Flutter Mane|Protect|p1a: Flutter Mane\n|-singleturn|p1a: Flutter Mane|Protect\n|move|p2b: Iron Hands|Fake Out|p1b: Iron Hands\n|-damage|p1b: Iron Hands|90\/100\n|move|p2a: Flutter Mane|Shadow Ball|p1a: Flutter Mane\n|-activate|p1a: Flutter Mane|move: Protect\n|cant|p1b: Iron Hands|flinch\n|\n|upkeep\n|turn|2\n|inactive|chi-yuonetrick has 30 seconds left.\n|\n|t:|1683253717\n|move|p2a: Flutter Mane|Shadow Ball|p1a: Flutter Mane\n|-supereffective|p1a: Flutter Mane\n|-damage|p1a: Flutter Mane|0 fnt\n|faint|p1a: Flutter Mane\n|-end|p1a: Flutter Mane|Protosynthesis|[silent]\n|move|p2b: Iron Hands|Wild Charge|p1b: Iron Hands\n|-damage|p1b: Iron Hands|55\/100\n|-damage|p2b: Iron Hands|91\/100|[from] Recoil\n|move|p1b: Iron Hands|Swords Dance|p1b: Iron Hands\n|-boost|p1b: Iron Hands|atk|2\n|\n|upkeep\n|\n|t:|1683253730\n|switch|p1a: Gyarados|Gyarados, L50, F|100\/100\n|-ability|p1a: Gyarados|Intimidate|boost\n|-unboost|p2a: Flutter Mane|atk|1\n|-unboost|p2b: Iron Hands|atk|1\n|turn|3\n|\n|t:|1683253743\n|switch|p1a: Amoonguss|Amoonguss, L50, F|100\/100\n|move|p1b: Iron Hands|Protect|p1b: Iron Hands\n|-singleturn|p1b: Iron Hands|Protect\n|move|p2a: Flutter Mane|Shadow Ball|p1b: Iron Hands\n|-activate|p1b: Iron Hands|move: Protect\n|move|p2b: Iron Hands|Wild Charge|p1a: Amoonguss\n|-resisted|p1a: Amoonguss\n|-damage|p1a: Amoonguss|86\/100\n|-damage|p2b: Iron Hands|87\/100|[from] Recoil\n|\n|upkeep\n|turn|4\n|\n|t:|1683253762\n|-end|p2a: Flutter Mane|Protosynthesis|[silent]\n|switch|p2a: Amoonguss|Amoonguss, L50, M|100\/100\n|move|p1a: Amoonguss|Rage Powder|p1a: Amoonguss\n|-singleturn|p1a: Amoonguss|move: Rage Powder\n|move|p2b: Iron Hands|Fire Punch|p1a: Amoonguss\n|-supereffective|p1a: Amoonguss\n|-damage|p1a: Amoonguss|52\/100\n|move|p1b: Iron Hands|Drain Punch|p2b: Iron Hands\n|-damage|p2b: Iron Hands|30\/100\n|-heal|p1b: Iron Hands|81\/100|[from] drain|[of] p2b: Iron Hands\n|\n|upkeep\n|turn|5\n|inactive|Rickpv has 30 seconds left.\n|\n|t:|1683253789\n|-end|p2b: Iron Hands|Quark Drive|[silent]\n|switch|p2b: Bronzong|Bronzong, L50|100\/100\n|move|p1b: Iron Hands|Drain Punch|p2a: Amoonguss\n|-resisted|p2a: Amoonguss\n|-damage|p2a: Amoonguss|71\/100\n|-heal|p1b: Iron Hands|94\/100|[from] drain|[of] p2a: Amoonguss\n|move|p2a: Amoonguss|Clear Smog|p1b: Iron Hands\n|-damage|p1b: Iron Hands|83\/100\n|-clearboost|p1b: Iron Hands\n|move|p1a: Amoonguss|Pollen Puff|p1b: Iron Hands\n|-heal|p1b: Iron Hands|100\/100\n|\n|upkeep\n|turn|6\n|inactive|Rickpv has 30 seconds left.\n|inactive|chi-yuonetrick has 30 seconds left.\n|\n|t:|1683253823\n|switch|p1a: Gyarados|Gyarados, L50, F|100\/100\n|-ability|p1a: Gyarados|Intimidate|boost\n|-unboost|p2a: Amoonguss|atk|1\n|-unboost|p2b: Bronzong|atk|1\n|move|p1b: Iron Hands|Drain Punch|p2b: Bronzong\n|-damage|p2b: Bronzong|71\/100\n|move|p2a: Amoonguss|Pollen Puff|p2b: Bronzong\n|-heal|p2b: Bronzong|100\/100\n|move|p2b: Bronzong|Trick Room|p2b: Bronzong\n|-fieldstart|move: Trick Room|[of] p2b: Bronzong\n|\n|upkeep\n|turn|7\n|\n|t:|1683253845\n|move|p1b: Iron Hands|Protect|p1b: Iron Hands\n|-singleturn|p1b: Iron Hands|Protect\n|move|p2a: Amoonguss|Spore|p1a: Gyarados\n|-status|p1a: Gyarados|slp|[from] move: Spore\n|-enditem|p1a: Gyarados|Lum Berry|[eat]\n|-curestatus|p1a: Gyarados|slp|[msg]\n|move|p2b: Bronzong|Iron Defense|p2b: Bronzong\n|-boost|p2b: Bronzong|def|2\n|move|p1a: Gyarados|Taunt|p2a: Amoonguss\n|-start|p2a: Amoonguss|move: Taunt\n|\n|upkeep\n|turn|8\n|inactive|Rickpv has 30 seconds left.\n|inactive|chi-yuonetrick has 30 seconds left.\n|inactive|chi-yuonetrick has 20 seconds left.\n|inactive|chi-yuonetrick has 15 seconds left.\n|\n|t:|1683253886\n|switch|p1a: Amoonguss|Amoonguss, L50, F|85\/100\n|move|p2a: Amoonguss|Clear Smog|p1b: Iron Hands\n|-damage|p1b: Iron Hands|88\/100\n|-clearboost|p1b: Iron Hands\n|move|p2b: Bronzong|Body Press|p1b: Iron Hands\n|-damage|p1b: Iron Hands|54\/100\n|move|p1b: Iron Hands|Drain Punch|p2a: Amoonguss\n|-resisted|p2a: Amoonguss\n|-damage|p2a: Amoonguss|58\/100\n|-heal|p1b: Iron Hands|60\/100|[from] drain|[of] p2a: Amoonguss\n|\n|upkeep\n|turn|9\n|inactive|Rickpv has 30 seconds left.\n|\n|t:|1683253914\n|move|p1b: Iron Hands|Protect|p1b: Iron Hands\n|-singleturn|p1b: Iron Hands|Protect\n|move|p1a: Amoonguss|Spore|p2b: Bronzong\n|-activate|p2b: Bronzong|item: Safety Goggles|Spore\n|move|p2a: Amoonguss|Pollen Puff|p1a: Amoonguss\n|-damage|p1a: Amoonguss|70\/100\n|move|p2b: Bronzong|Iron Defense|p2b: Bronzong\n|-boost|p2b: Bronzong|def|2\n|\n|upkeep\n|turn|10\n|\n|t:|1683253939\n|move|p1a: Amoonguss|Pollen Puff|p1b: Iron Hands\n|-heal|p1b: Iron Hands|100\/100\n|move|p2a: Amoonguss|Clear Smog|p1b: Iron Hands\n|-damage|p1b: Iron Hands|88\/100\n|-clearboost|p1b: Iron Hands\n|move|p2b: Bronzong|Body Press|p1b: Iron Hands\n|-damage|p1b: Iron Hands|35\/100\n|move|p1b: Iron Hands|Drain Punch|p2a: Amoonguss\n|-resisted|p2a: Amoonguss\n|-damage|p2a: Amoonguss|44\/100\n|-heal|p1b: Iron Hands|41\/100|[from] drain|[of] p2a: Amoonguss\n|-enditem|p2a: Amoonguss|Sitrus Berry|[eat]\n|-heal|p2a: Amoonguss|69\/100|[from] item: Sitrus Berry\n|\n|-end|p2a: Amoonguss|move: Taunt\n|-fieldend|move: Trick Room\n|upkeep\n|turn|11\n|inactive|Rickpv has 30 seconds left.\n|\n|t:|1683253964\n|move|p1a: Amoonguss|Rage Powder|p1a: Amoonguss\n|-singleturn|p1a: Amoonguss|move: Rage Powder\n|move|p1b: Iron Hands|Drain Punch|p2a: Amoonguss\n|-resisted|p2a: Amoonguss\n|-damage|p2a: Amoonguss|53\/100\n|-heal|p1b: Iron Hands|48\/100|[from] drain|[of] p2a: Amoonguss\n|move|p2a: Amoonguss|Clear Smog|p1b: Iron Hands\n|-damage|p1b: Iron Hands|37\/100\n|-clearboost|p1b: Iron Hands\n|move|p2b: Bronzong|Trick Room|p2b: Bronzong\n|-fieldstart|move: Trick Room|[of] p2b: Bronzong\n|\n|upkeep\n|turn|12\n|\n|t:|1683253984\n|move|p1a: Amoonguss|Pollen Puff|p1b: Iron Hands\n|-heal|p1b: Iron Hands|87\/100\n|move|p2a: Amoonguss|Pollen Puff|p1a: Amoonguss\n|-damage|p1a: Amoonguss|55\/100\n|move|p2b: Bronzong|Iron Defense|p2b: Bronzong\n|-boost|p2b: Bronzong|def|2\n|move|p1b: Iron Hands|Drain Punch|p2a: Amoonguss\n|-resisted|p2a: Amoonguss\n|-crit|p2a: Amoonguss\n|-damage|p2a: Amoonguss|32\/100\n|-heal|p1b: Iron Hands|97\/100|[from] drain|[of] p2a: Amoonguss\n|\n|upkeep\n|turn|13\n|\n|t:|1683254003\n|-end|p1b: Iron Hands|Quark Drive|[silent]\n|switch|p1b: Gyarados|Gyarados, L50, F|100\/100\n|-ability|p1b: Gyarados|Intimidate|boost\n|-unboost|p2a: Amoonguss|atk|1\n|-unboost|p2b: Bronzong|atk|1\n|move|p1a: Amoonguss|Pollen Puff|p1b: Gyarados\n|-immune|p1b: Gyarados\n|move|p2a: Amoonguss|Pollen Puff|p1a: Amoonguss\n|-damage|p1a: Amoonguss|41\/100\n|-enditem|p1a: Amoonguss|Sitrus Berry|[eat]\n|-heal|p1a: Amoonguss|66\/100|[from] item: Sitrus Berry\n|move|p2b: Bronzong|Body Press|p1a: Amoonguss\n|-resisted|p1a: Amoonguss\n|-damage|p1a: Amoonguss|19\/100\n|\n|upkeep\n|turn|14\n|\n|t:|1683254027\n|switch|p1a: Iron Hands|Iron Hands, L50, tera:Fire|97\/100\n|move|p2a: Amoonguss|Spore|p1b: Gyarados\n|-status|p1b: Gyarados|slp|[from] move: Spore\n|move|p2b: Bronzong|Body Press|p1a: Iron Hands\n|-damage|p1a: Iron Hands|25\/100\n|cant|p1b: Gyarados|slp\n|\n|upkeep\n|turn|15\n|\n|t:|1683254044\n|switch|p2a: Flutter Mane|Flutter Mane, L50|100\/100\n|move|p1a: Iron Hands|Protect|p1a: Iron Hands\n|-singleturn|p1a: Iron Hands|Protect\n|move|p2b: Bronzong|Body Press|p1a: Iron Hands\n|-activate|p1a: Iron Hands|move: Protect\n|cant|p1b: Gyarados|slp\n|\n|-fieldend|move: Trick Room\n|upkeep\n|turn|16\n|inactive|chi-yuonetrick has 30 seconds left.\n|inactive|chi-yuonetrick has 20 seconds left.\n|\n|t:|1683254080\n|-end|p1a: Iron Hands|Quark Drive|[silent]\n|switch|p1a: Amoonguss|Amoonguss, L50, F|52\/100\n|-terastallize|p2a: Flutter Mane|Fairy\n|move|p2a: Flutter Mane|Dazzling Gleam|p1b: Gyarados|[spread] p1a,p1b\n|-resisted|p1a: Amoonguss\n|-damage|p1a: Amoonguss|29\/100\n|-damage|p1b: Gyarados|59\/100 slp\n|cant|p1b: Gyarados|slp\n|move|p2b: Bronzong|Body Press|p1a: Amoonguss\n|-resisted|p1a: Amoonguss\n|-damage|p1a: Amoonguss|0 fnt\n|faint|p1a: Amoonguss\n|\n|upkeep\n|\n|t:|1683254092\n|switch|p1a: Iron Hands|Iron Hands, L50, tera:Fire|25\/100\n|turn|17\n|\n|t:|1683254099\n|move|p1a: Iron Hands|Protect|p1a: Iron Hands\n|-singleturn|p1a: Iron Hands|Protect\n|move|p2a: Flutter Mane|Dazzling Gleam|p1b: Gyarados|[spread] p1b\n|-activate|p1a: Iron Hands|move: Protect\n|-damage|p1b: Gyarados|11\/100 slp\n|-curestatus|p1b: Gyarados|slp|[msg]\n|move|p1b: Gyarados|Waterfall|p2a: Flutter Mane\n|-damage|p2a: Flutter Mane|36\/100\n|move|p2b: Bronzong|Trick Room|p2b: Bronzong\n|-fieldstart|move: Trick Room|[of] p2b: Bronzong\n|\n|upkeep\n|turn|18\n|c|\u2606chi-yuonetrick|gg\n|\n|t:|1683254123\n|-end|p2a: Flutter Mane|Protosynthesis|[silent]\n|switch|p2a: Amoonguss|Amoonguss, L50, M|65\/100\n|move|p2b: Bronzong|Body Press|p1a: Iron Hands\n|-damage|p1a: Iron Hands|0 fnt\n|faint|p1a: Iron Hands\n|-end|p1a: Iron Hands|Quark Drive|[silent]\n|move|p1b: Gyarados|Waterfall|p2a: Amoonguss\n|-resisted|p2a: Amoonguss\n|-damage|p2a: Amoonguss|53\/100\n|\n|upkeep\n|turn|19\n|-message|Rickpv forfeited.\n|\n|win|chi-yuonetrick\n|raw|Rickpv's rating: 1234 → 1212<\/strong> (-22 for losing)\n|raw|chi-yuonetrick's rating: 1280 → 1302<\/strong> (+22 for winning)\n|l|\u2606Rickpv\n","uploadtime":1683254137,"views":7,"p1id":"rickpv","p2id":"chiyuonetrick","formatid":"gen9vgc2023regulationc","rating":1212,"private":0,"password":""}