{"id":"gen9vgc2023regulationc-1846952385","p1":"redbullcyndaquil","p2":"haha u rage quit","format":"[Gen 9] VGC 2023 Regulation C","log":"|j|\u2606redbullcyndaquil\n|j|\u2606haha u rage quit\n|t:|1681905380\n|gametype|doubles\n|player|p1|redbullcyndaquil|170|1102\n|player|p2|haha u rage quit|pokemaniac|1098\n|teamsize|p1|6\n|teamsize|p2|6\n|gen|9\n|tier|[Gen 9] VGC 2023 Regulation C\n|rated|\n|rule|Species Clause: Limit one of each Pok\u00e9mon\n|rule|Item Clause: Limit one of each item\n|clearpoke\n|poke|p1|Scovillain, L50, F|\n|poke|p1|Murkrow, L50, F|\n|poke|p1|Chi-Yu, L50|\n|poke|p1|Roaring Moon, L50|\n|poke|p1|Armarouge, L50, F|\n|poke|p1|Indeedee-F, L50, F|\n|poke|p2|Amoonguss, L50, M|\n|poke|p2|Flutter Mane, L50|\n|poke|p2|Arcanine, L50, M|\n|poke|p2|Iron Bundle, L50|\n|poke|p2|Baxcalibur, L50, M|\n|poke|p2|Palafin, L50, M|\n|teampreview|4\n|inactive|Battle timer is ON: inactive players will automatically lose when time's up. (requested by redbullcyndaquil)\n|\n|t:|1681905393\n|start\n|switch|p1a: Scovillain|Scovillain, L50, F|100\/100\n|switch|p1b: Murkrow|Murkrow, L50, F|100\/100\n|switch|p2a: Flutter Mane|Flutter Mane, L50|100\/100\n|switch|p2b: Iron Bundle|Iron Bundle, L50, shiny|100\/100\n|-enditem|p2a: Flutter Mane|Booster Energy\n|-activate|p2a: Flutter Mane|ability: Protosynthesis|[fromitem]\n|-start|p2a: Flutter Mane|protosynthesisspe\n|turn|1\n|inactive|redbullcyndaquil has 30 seconds left.\n|inactive|redbullcyndaquil has 20 seconds left.\n|inactive|redbullcyndaquil has 15 seconds left.\n|inactive|redbullcyndaquil has 10 seconds left.\n|\n|t:|1681905440\n|move|p2a: Flutter Mane|Protect|p2a: Flutter Mane\n|-singleturn|p2a: Flutter Mane|Protect\n|move|p1b: Murkrow|Sunny Day|p1b: Murkrow\n|-weather|SunnyDay\n|move|p1a: Scovillain|Solar Beam||[still]\n|-prepare|p1a: Scovillain|Solar Beam\n|-anim|p1a: Scovillain|Solar Beam|p2b: Iron Bundle\n|-supereffective|p2b: Iron Bundle\n|-enditem|p2b: Iron Bundle|Focus Sash\n|-damage|p2b: Iron Bundle|1\/100\n|move|p2b: Iron Bundle|Icy Wind|p1a: Scovillain|[spread] p1b\n|-miss|p2b: Iron Bundle|p1a: Scovillain\n|-supereffective|p1b: Murkrow\n|-damage|p1b: Murkrow|67\/100\n|-unboost|p1b: Murkrow|spe|1\n|\n|-weather|SunnyDay|[upkeep]\n|upkeep\n|turn|2\n|\n|t:|1681905463\n|move|p1b: Murkrow|Tailwind|p1b: Murkrow\n|-sidestart|p1: redbullcyndaquil|move: Tailwind\n|move|p1a: Scovillain|Solar Beam||[still]\n|-prepare|p1a: Scovillain|Solar Beam\n|-anim|p1a: Scovillain|Solar Beam|p2a: Flutter Mane\n|-damage|p2a: Flutter Mane|11\/100\n|move|p2a: Flutter Mane|Shadow Ball|p1a: Scovillain\n|-damage|p1a: Scovillain|27\/100\n|move|p2b: Iron Bundle|Icy Wind|p1a: Scovillain|[spread] p1b\n|-miss|p2b: Iron Bundle|p1a: Scovillain\n|-supereffective|p1b: Murkrow\n|-damage|p1b: Murkrow|33\/100\n|-unboost|p1b: Murkrow|spe|1\n|\n|-weather|SunnyDay|[upkeep]\n|upkeep\n|turn|3\n|inactive|haha u rage quit has 30 seconds left.\n|\n|t:|1681905490\n|-end|p2a: Flutter Mane|Protosynthesis|[silent]\n|switch|p2a: Baxcalibur|Baxcalibur, L50, M|100\/100\n|-end|p2b: Iron Bundle|Quark Drive|[silent]\n|switch|p2b: Palafin|Palafin, L50, M|100\/100\n|move|p1a: Scovillain|Solar Beam||[still]\n|-prepare|p1a: Scovillain|Solar Beam\n|-anim|p1a: Scovillain|Solar Beam|p2a: Baxcalibur\n|-resisted|p2a: Baxcalibur\n|-damage|p2a: Baxcalibur|65\/100\n|move|p1b: Murkrow|Foul Play|p2b: Palafin\n|-damage|p2b: Palafin|59\/100\n|\n|-weather|SunnyDay|[upkeep]\n|upkeep\n|turn|4\n|inactive|haha u rage quit has 30 seconds left.\n|inactive|haha u rage quit has 20 seconds left.\n|inactive|haha u rage quit has 15 seconds left.\n|\n|t:|1681905532\n|detailschange|p2b: Palafin|Palafin-Hero, L50, M\n|switch|p2b: Iron Bundle|Iron Bundle, L50, shiny|1\/100\n|move|p2a: Baxcalibur|Protect|p2a: Baxcalibur\n|-singleturn|p2a: Baxcalibur|Protect\n|move|p1a: Scovillain|Solar Beam||[still]\n|-prepare|p1a: Scovillain|Solar Beam\n|-anim|p1a: Scovillain|Solar Beam|p2b: Iron Bundle\n|-supereffective|p2b: Iron Bundle\n|-damage|p2b: Iron Bundle|0 fnt\n|faint|p2b: Iron Bundle\n|-end|p2b: Iron Bundle|Quark Drive|[silent]\n|move|p1b: Murkrow|Foul Play|p2a: Baxcalibur\n|-activate|p2a: Baxcalibur|move: Protect\n|\n|-weather|SunnyDay|[upkeep]\n|upkeep\n|\n|t:|1681905545\n|switch|p2b: Palafin|Palafin-Hero, L50, M|59\/100\n|-activate|p2b: Palafin|ability: Zero to Hero\n|turn|5\n|\n|t:|1681905559\n|-terastallize|p2b: Palafin|Water\n|move|p2b: Palafin|Jet Punch|p1a: Scovillain\n|-damage|p1a: Scovillain|0 fnt\n|faint|p1a: Scovillain\n|move|p2a: Baxcalibur|Ice Shard|p1b: Murkrow\n|-supereffective|p1b: Murkrow\n|-damage|p1b: Murkrow|0 fnt\n|faint|p1b: Murkrow\n|\n|-weather|none\n|-sideend|p1: redbullcyndaquil|move: Tailwind\n|upkeep\n|\n|t:|1681905569\n|switch|p1a: Chi-Yu|Chi-Yu, L50|100\/100\n|switch|p1b: Roaring Moon|Roaring Moon, L50|100\/100\n|-ability|p1a: Chi-Yu|Beads of Ruin\n|turn|6\n|\n|t:|1681905588\n|-terastallize|p1a: Chi-Yu|Dark\n|move|p2b: Palafin|Protect|p2b: Palafin\n|-singleturn|p2b: Palafin|Protect\n|move|p2a: Baxcalibur|Protect|p2a: Baxcalibur\n|-singleturn|p2a: Baxcalibur|Protect\n|move|p1a: Chi-Yu|Snarl|p2a: Baxcalibur|[spread] \n|-activate|p2a: Baxcalibur|move: Protect\n|-activate|p2b: Palafin|move: Protect\n|move|p1b: Roaring Moon|Brick Break|p2a: Baxcalibur\n|-activate|p2a: Baxcalibur|move: Protect\n|\n|upkeep\n|turn|7\n|inactive|haha u rage quit has 30 seconds left.\n|\n|t:|1681905617\n|move|p2b: Palafin|Jet Punch|p1b: Roaring Moon\n|-resisted|p1b: Roaring Moon\n|-damage|p1b: Roaring Moon|57\/100\n|move|p2a: Baxcalibur|Ice Shard|p1b: Roaring Moon\n|-supereffective|p1b: Roaring Moon\n|-damage|p1b: Roaring Moon|0 fnt\n|faint|p1b: Roaring Moon\n|-end|p1b: Roaring Moon|Protosynthesis|[silent]\n|move|p1a: Chi-Yu|Snarl|p2b: Palafin|[spread] p2a,p2b\n|-damage|p2a: Baxcalibur|28\/100\n|-damage|p2b: Palafin|18\/100\n|-unboost|p2a: Baxcalibur|spa|1\n|-unboost|p2b: Palafin|spa|1\n|\n|upkeep\n|turn|8\n|\n|t:|1681905631\n|move|p2b: Palafin|Jet Punch|p1a: Chi-Yu\n|-damage|p1a: Chi-Yu|0 fnt\n|faint|p1a: Chi-Yu\n|\n|win|haha u rage quit\n|raw|redbullcyndaquil's rating: 1102 → 1077<\/strong> (-25 for losing)\n|raw|haha u rage quit's rating: 1098 → 1124<\/strong> (+26 for winning)\n|l|\u2606redbullcyndaquil\n|l|\u2606haha u rage quit\n|j|\u2606haha u rage quit\n|player|p2|haha u rage quit|pokemaniac\n","uploadtime":1681905642,"views":9,"p1id":"redbullcyndaquil","p2id":"hahauragequit","formatid":"gen9vgc2023regulationc","rating":1077,"private":0,"password":""}