{"id":"gen9vgc2023regulationc-1862541476","p1":"huangyuzhi","p2":"Tyxdqzg","format":"[Gen 9] VGC 2023 Regulation C","log":"|j|\u2606huangyuzhi\n|j|\u2606Tyxdqzg\n|t:|1683899039\n|gametype|doubles\n|player|p1|huangyuzhi|steven|1283\n|player|p2|Tyxdqzg|hilbert|1233\n|teamsize|p1|6\n|teamsize|p2|6\n|gen|9\n|tier|[Gen 9] VGC 2023 Regulation C\n|rated|\n|rule|Species Clause: Limit one of each Pok\u00e9mon\n|rule|Item Clause: Limit one of each item\n|clearpoke\n|poke|p1|Abomasnow, L50, F|\n|poke|p1|Flutter Mane, L50|\n|poke|p1|Chi-Yu, L50|\n|poke|p1|Glaceon, L50, M|\n|poke|p1|Iron Bundle, L50|\n|poke|p1|Lucario, L50, F|\n|poke|p2|Palafin, L50, F|\n|poke|p2|Chien-Pao, L50|\n|poke|p2|Dragapult, L50, F|\n|poke|p2|Amoonguss, L50, M|\n|poke|p2|Arcanine, L50, M|\n|poke|p2|Flutter Mane, L50|\n|teampreview|4\n|j| A Borygon\n|c|\u2606Tyxdqzg|\u9ec4\u5b87\u667a\n|c|\u2606huangyuzhi|\u56fd\u4eba\u554a\n|\n|t:|1683899090\n|start\n|switch|p1a: Abomasnow|Abomasnow, L50, F, shiny|100\/100\n|switch|p1b: Glaceon|Glaceon, L50, M, shiny|100\/100\n|switch|p2a: Dozo|Palafin, L50, F|100\/100\n|switch|p2b: Mimi|Flutter Mane, L50|100\/100\n|-weather|Snow|[from] ability: Snow Warning|[of] p1a: Abomasnow\n|-enditem|p2b: Mimi|Booster Energy\n|-activate|p2b: Mimi|ability: Protosynthesis|[fromitem]\n|-start|p2b: Mimi|protosynthesisspa\n|turn|1\n|l| A Borygon\n|\n|t:|1683899108\n|detailschange|p2a: Dozo|Palafin-Hero, L50, F\n|switch|p2a: ChiYu|Arcanine, L50, M|100\/100\n|-ability|p2a: ChiYu|Intimidate|boost\n|-unboost|p1a: Abomasnow|atk|1\n|-unboost|p1b: Glaceon|atk|1\n|-terastallize|p2b: Mimi|Fairy\n|move|p2b: Mimi|Moonblast|p1b: Glaceon\n|-damage|p1b: Glaceon|17\/100\n|move|p1b: Glaceon|Freeze-Dry|p2a: ChiYu\n|-resisted|p2a: ChiYu\n|-damage|p2a: ChiYu|82\/100\n|move|p1a: Abomasnow|Aurora Veil|p1a: Abomasnow\n|-sidestart|p1: huangyuzhi|move: Aurora Veil\n|\n|-weather|Snow|[upkeep]\n|upkeep\n|turn|2\n|c|\u2606Tyxdqzg|\u662f\u554a\n|\n|t:|1683899131\n|move|p1b: Glaceon|Detect|p1b: Glaceon\n|-singleturn|p1b: Glaceon|Protect\n|move|p1a: Abomasnow|Ice Shard|p2b: Mimi\n|-damage|p2b: Mimi|90\/100\n|move|p2b: Mimi|Dazzling Gleam|p1a: Abomasnow|[spread] p1a\n|-activate|p1b: Glaceon|move: Protect\n|-damage|p1a: Abomasnow|68\/100\n|move|p2a: ChiYu|Flare Blitz|p1b: Glaceon\n|-activate|p1b: Glaceon|move: Protect\n|\n|-weather|Snow|[upkeep]\n|upkeep\n|turn|3\n|\n|t:|1683899149\n|move|p1a: Abomasnow|Ice Shard|p2b: Mimi\n|-damage|p2b: Mimi|80\/100\n|move|p2b: Mimi|Dazzling Gleam|p1a: Abomasnow|[spread] p1a,p1b\n|-damage|p1a: Abomasnow|31\/100\n|-damage|p1b: Glaceon|0 fnt\n|faint|p1b: Glaceon\n|move|p2a: ChiYu|Flare Blitz|p1a: Abomasnow\n|-supereffective|p1a: Abomasnow\n|-damage|p1a: Abomasnow|0 fnt\n|faint|p1a: Abomasnow\n|-damage|p2a: ChiYu|71\/100|[from] Recoil\n|\n|-weather|Snow|[upkeep]\n|upkeep\n|\n|t:|1683899158\n|switch|p1b: Chi-Yu|Chi-Yu, L50|100\/100\n|switch|p1a: Lucario|Lucario, L50, F|100\/100\n|-ability|p1b: Chi-Yu|Beads of Ruin\n|turn|4\n|\n|t:|1683899174\n|-terastallize|p1a: Lucario|Steel\n|move|p2a: ChiYu|Extreme Speed|p1a: Lucario\n|-resisted|p1a: Lucario\n|-damage|p1a: Lucario|89\/100\n|move|p1a: Lucario|Bullet Punch|p2b: Mimi\n|-supereffective|p2b: Mimi\n|-damage|p2b: Mimi|4\/100\n|move|p1b: Chi-Yu|Dark Pulse|p2a: ChiYu\n|-damage|p2a: ChiYu|10\/100\n|move|p2b: Mimi|Dazzling Gleam|p1a: Lucario|[spread] p1a,p1b\n|-resisted|p1a: Lucario\n|-crit|p1b: Chi-Yu\n|-damage|p1a: Lucario|50\/100\n|-damage|p1b: Chi-Yu|17\/100\n|\n|-weather|Snow|[upkeep]\n|upkeep\n|turn|5\n|\n|t:|1683899192\n|move|p2a: ChiYu|Extreme Speed|p1b: Chi-Yu\n|-damage|p1b: Chi-Yu|0 fnt\n|faint|p1b: Chi-Yu\n|move|p1a: Lucario|Bullet Punch|p2a: ChiYu\n|-resisted|p2a: ChiYu\n|-damage|p2a: ChiYu|0 fnt\n|faint|p2a: ChiYu\n|move|p2b: Mimi|Moonblast|p1a: Lucario\n|-resisted|p1a: Lucario\n|-damage|p1a: Lucario|7\/100\n|\n|-weather|Snow|[upkeep]\n|-sideend|p1: huangyuzhi|move: Aurora Veil\n|upkeep\n|\n|t:|1683899198\n|switch|p2a: Dozo|Palafin-Hero, L50, F|100\/100\n|-activate|p2a: Dozo|ability: Zero to Hero\n|turn|6\n|\n|t:|1683899207\n|move|p1a: Lucario|Bullet Punch|p2b: Mimi\n|-supereffective|p2b: Mimi\n|-damage|p2b: Mimi|0 fnt\n|faint|p2b: Mimi\n|-end|p2b: Mimi|Protosynthesis|[silent]\n|move|p2a: Dozo|Jet Punch|p1a: Lucario\n|-damage|p1a: Lucario|0 fnt\n|faint|p1a: Lucario\n|\n|win|Tyxdqzg\n|raw|huangyuzhi's rating: 1283 → 1254<\/strong> (-29 for losing)\n|raw|Tyxdqzg's rating: 1233 → 1262<\/strong> (+29 for winning)\n|c|\u2606Tyxdqzg|\u6211\u75af\u72d7\u66f4\u5feb\n|c|\u2606huangyuzhi|+2\n","uploadtime":1683899220,"views":8,"p1id":"huangyuzhi","p2id":"tyxdqzg","formatid":"gen9vgc2023regulationc","rating":1254,"private":0,"password":""}