{"id":"gen9vgc2023regulationc-1846993172","p1":"ImAtWorkPlzGoEasy","p2":"Esspecialy","format":"[Gen 9] VGC 2023 Regulation C","log":"|j|\u2606ImAtWorkPlzGoEasy\n|j|\u2606Esspecialy\n|t:|1681909799\n|gametype|doubles\n|player|p1|ImAtWorkPlzGoEasy|larry|1481\n|player|p2|Esspecialy|roughneck|1475\n|teamsize|p1|6\n|teamsize|p2|6\n|gen|9\n|tier|[Gen 9] VGC 2023 Regulation C\n|rated|\n|rule|Species Clause: Limit one of each Pok\u00e9mon\n|rule|Item Clause: Limit one of each item\n|clearpoke\n|poke|p1|Glimmora, L50, F|\n|poke|p1|Dondozo, L50, F|\n|poke|p1|Tatsugiri, L50, M|\n|poke|p1|Arcanine, L50, M|\n|poke|p1|Flutter Mane, L50|\n|poke|p1|Hippowdon, L50, F|\n|poke|p2|Roaring Moon, L50|\n|poke|p2|Great Tusk, L50|\n|poke|p2|Chi-Yu, L50|\n|poke|p2|Gholdengo, L50|\n|poke|p2|Iron Bundle, L50|\n|poke|p2|Flutter Mane, L50|\n|teampreview|4\n|c|\u2606Esspecialy|hippowdown?\n|inactive|Battle timer is ON: inactive players will automatically lose when time's up. (requested by ImAtWorkPlzGoEasy)\n|c|\u2606ImAtWorkPlzGoEasy|I'M ABOUT TO TAKE YOU\n|c|\u2606ImAtWorkPlzGoEasy|TO HIPPOTOWN\n|\n|t:|1681909833\n|start\n|switch|p1a: Glimmora|Glimmora, L50, F|100\/100\n|switch|p1b: Hippowdon|Hippowdon, L50, F|100\/100\n|switch|p2a: Highdreigon|Roaring Moon, L50, shiny|100\/100\n|switch|p2b: 1OfAKind|Great Tusk, L50, shiny|100\/100\n|-weather|Sandstorm|[from] ability: Sand Stream|[of] p1b: Hippowdon\n|-enditem|p2a: Highdreigon|Booster Energy\n|-activate|p2a: Highdreigon|ability: Protosynthesis|[fromitem]\n|-start|p2a: Highdreigon|protosynthesisspe\n|turn|1\n|c|\u2606Esspecialy|it has sand stream?\n|c|\u2606Esspecialy|yooooooooo\n|inactive|Esspecialy has 30 seconds left.\n|c|\u2606ImAtWorkPlzGoEasy|yesss SIR\n|inactive|Esspecialy has 20 seconds left.\n|\n|t:|1681909871\n|-terastallize|p1a: Glimmora|Grass\n|move|p1b: Hippowdon|Protect|p1b: Hippowdon\n|-singleturn|p1b: Hippowdon|Protect\n|move|p2a: Highdreigon|Tailwind|p2a: Highdreigon\n|-sidestart|p2: Esspecialy|move: Tailwind\n|move|p2b: 1OfAKind|Headlong Rush|p1b: Hippowdon\n|-activate|p1b: Hippowdon|move: Protect\n|move|p1a: Glimmora|Mortal Spin|p2a: Highdreigon|[spread] p2a,p2b\n|-resisted|p2b: 1OfAKind\n|-damage|p2a: Highdreigon|95\/100\n|-damage|p2b: 1OfAKind|99\/100\n|-status|p2a: Highdreigon|psn\n|-status|p2b: 1OfAKind|psn\n|\n|-weather|Sandstorm|[upkeep]\n|-damage|p2a: Highdreigon|89\/100 psn|[from] Sandstorm\n|-damage|p1a: Glimmora|95\/100|[from] Sandstorm\n|-damage|p2a: Highdreigon|77\/100 psn|[from] psn\n|-damage|p2b: 1OfAKind|87\/100 psn|[from] psn\n|upkeep\n|turn|2\n|\n|t:|1681909890\n|-terastallize|p2a: Highdreigon|Flying\n|move|p2a: Highdreigon|Acrobatics|p1a: Glimmora\n|-supereffective|p1a: Glimmora\n|-damage|p1a: Glimmora|5\/100\n|-activate|p1a: Glimmora|ability: Toxic Debris\n|-sidestart|p2: Esspecialy|move: Toxic Spikes\n|move|p2b: 1OfAKind|Earthquake|p1b: Hippowdon|[spread] p1a,p1b\n|-immune|p2a: Highdreigon\n|-resisted|p1a: Glimmora\n|-damage|p1a: Glimmora|0 fnt\n|-damage|p1b: Hippowdon|74\/100\n|-activate|p1a: Glimmora|ability: Toxic Debris\n|-sidestart|p2: Esspecialy|move: Toxic Spikes\n|faint|p1a: Glimmora\n|move|p1b: Hippowdon|Stealth Rock|p2a: Highdreigon\n|-sidestart|p2: Esspecialy|move: Stealth Rock\n|\n|-weather|Sandstorm|[upkeep]\n|-damage|p2a: Highdreigon|71\/100 psn|[from] Sandstorm\n|-heal|p1b: Hippowdon|80\/100|[from] item: Leftovers\n|-damage|p2a: Highdreigon|58\/100 psn|[from] psn\n|-damage|p2b: 1OfAKind|75\/100 psn|[from] psn\n|upkeep\n|c|\u2606Esspecialy|dont tell me this is stall\n|\n|t:|1681909909\n|switch|p1a: Dondozo|Dondozo, L50, F|100\/100\n|turn|3\n|c|\u2606Esspecialy|yep this is stall\n|\n|t:|1681909920\n|move|p1a: Dondozo|Protect|p1a: Dondozo\n|-singleturn|p1a: Dondozo|Protect\n|move|p2a: Highdreigon|Acrobatics|p1a: Dondozo\n|-activate|p1a: Dondozo|move: Protect\n|move|p2b: 1OfAKind|Headlong Rush|p1a: Dondozo\n|-activate|p1a: Dondozo|move: Protect\n|move|p1b: Hippowdon|Sand Tomb|p2b: 1OfAKind\n|-damage|p2b: 1OfAKind|64\/100 psn\n|-activate|p2b: 1OfAKind|move: Sand Tomb|[of] p1b: Hippowdon\n|\n|-weather|Sandstorm|[upkeep]\n|-damage|p2a: Highdreigon|52\/100 psn|[from] Sandstorm\n|-damage|p1a: Dondozo|94\/100|[from] Sandstorm\n|-heal|p1b: Hippowdon|86\/100|[from] item: Leftovers\n|-damage|p2a: Highdreigon|40\/100 psn|[from] psn\n|-damage|p2b: 1OfAKind|52\/100 psn|[from] psn\n|-damage|p2b: 1OfAKind|39\/100 psn|[from] move: Sand Tomb|[partiallytrapped]\n|upkeep\n|turn|4\n|c|\u2606Esspecialy|great\n|c|\u2606ImAtWorkPlzGoEasy|to be fair\n|inactive|ImAtWorkPlzGoEasy has 30 seconds left.\n|c|\u2606ImAtWorkPlzGoEasy|hippos main goal\n|inactive|ImAtWorkPlzGoEasy has 20 seconds left.\n|c|\u2606ImAtWorkPlzGoEasy|is rocks and sand stream\n|inactive|ImAtWorkPlzGoEasy has 15 seconds left.\n|c|\u2606ImAtWorkPlzGoEasy|everything else\n|inactive|ImAtWorkPlzGoEasy has 10 seconds left.\n|c|\u2606ImAtWorkPlzGoEasy|she is just doing her best\n|inactive|ImAtWorkPlzGoEasy has 5 seconds left.\n|\n|t:|1681909971\n|switch|p1b: Tatsugiri|Tatsugiri, L50, M|100\/100\n|-activate|p1b: Tatsugiri|ability: Commander|[of] p1a: Dondozo\n|-boost|p1a: Dondozo|atk|2\n|-boost|p1a: Dondozo|spa|2\n|-boost|p1a: Dondozo|spe|2\n|-boost|p1a: Dondozo|def|2\n|-boost|p1a: Dondozo|spd|2\n|move|p2a: Highdreigon|Acrobatics|p1a: Dondozo\n|-damage|p1a: Dondozo|72\/100\n|move|p2b: 1OfAKind|Headlong Rush|p1a: Dondozo\n|-damage|p1a: Dondozo|50\/100\n|-unboost|p2b: 1OfAKind|def|1\n|-unboost|p2b: 1OfAKind|spd|1\n|move|p1a: Dondozo|Wave Crash|p2a: Highdreigon\n|-damage|p2a: Highdreigon|0 fnt\n|faint|p2a: Highdreigon\n|-end|p2a: Highdreigon|Protosynthesis|[silent]\n|-damage|p1a: Dondozo|40\/100|[from] Recoil\n|\n|-weather|Sandstorm|[upkeep]\n|-damage|p1b: Tatsugiri|95\/100|[from] Sandstorm\n|-damage|p1a: Dondozo|33\/100|[from] Sandstorm\n|-damage|p2b: 1OfAKind|27\/100 psn|[from] psn\n|-end|p2b: 1OfAKind|Sand Tomb|[partiallytrapped]|[silent]\n|-sideend|p2: Esspecialy|move: Tailwind\n|upkeep\n|c|\u2606Esspecialy|it looks like a OU stall set\n|\n|t:|1681909984\n|switch|p2a: Arctofish|Iron Bundle, L50|100\/100\n|-status|p2a: Arctofish|tox\n|-damage|p2a: Arctofish|76\/100 tox|[from] Stealth Rock\n|turn|5\n|\n|t:|1681909995\n|move|p1a: Dondozo|Protect|p1a: Dondozo\n|-singleturn|p1a: Dondozo|Protect\n|move|p2a: Arctofish|Freeze-Dry|p1a: Dondozo\n|-activate|p1a: Dondozo|move: Protect\n|move|p2b: 1OfAKind|Headlong Rush|p1a: Dondozo\n|-activate|p1a: Dondozo|move: Protect\n|\n|-weather|none\n|-damage|p2a: Arctofish|70\/100 tox|[from] psn\n|-damage|p2b: 1OfAKind|15\/100 psn|[from] psn\n|upkeep\n|turn|6\n|\n|t:|1681910006\n|move|p2a: Arctofish|Freeze-Dry|p1a: Dondozo\n|-supereffective|p1a: Dondozo\n|-crit|p1a: Dondozo\n|-damage|p1a: Dondozo|0 fnt\n|faint|p1a: Dondozo\n|move|p2b: 1OfAKind|Headlong Rush|p1b: Tatsugiri\n|-damage|p1b: Tatsugiri|0 fnt\n|-unboost|p2b: 1OfAKind|def|1\n|-unboost|p2b: 1OfAKind|spd|1\n|faint|p1b: Tatsugiri\n|\n|-damage|p2a: Arctofish|58\/100 tox|[from] psn\n|-damage|p2b: 1OfAKind|3\/100 psn|[from] psn\n|upkeep\n|\n|t:|1681910018\n|switch|p1b: Hippowdon|Hippowdon, L50, F|86\/100\n|-weather|Sandstorm|[from] ability: Sand Stream|[of] p1b: Hippowdon\n|turn|7\n|c|\u2606Esspecialy|it was nice battling u\n|c|\u2606ImAtWorkPlzGoEasy|hippo verse the world\n|\n|t:|1681910030\n|move|p1b: Hippowdon|Protect|p1b: Hippowdon\n|-singleturn|p1b: Hippowdon|Protect\n|move|p2a: Arctofish|Hydro Pump|p1b: Hippowdon\n|-activate|p1b: Hippowdon|move: Protect\n|move|p2b: 1OfAKind|Headlong Rush|p1b: Hippowdon\n|-activate|p1b: Hippowdon|move: Protect\n|\n|-weather|Sandstorm|[upkeep]\n|-damage|p2a: Arctofish|52\/100 tox|[from] Sandstorm\n|-heal|p1b: Hippowdon|92\/100|[from] item: Leftovers\n|-damage|p2a: Arctofish|33\/100 tox|[from] psn\n|-damage|p2b: 1OfAKind|0 fnt|[from] psn\n|faint|p2b: 1OfAKind\n|-end|p2b: 1OfAKind|Protosynthesis|[silent]\n|upkeep\n|\n|t:|1681910032\n|switch|p2b: Mimicyou|Flutter Mane, L50|100\/100\n|-status|p2b: Mimicyou|tox\n|-damage|p2b: Mimicyou|88\/100 tox|[from] Stealth Rock\n|turn|8\n|\n|t:|1681910048\n|move|p2a: Arctofish|Hydro Pump|p1b: Hippowdon\n|-supereffective|p1b: Hippowdon\n|-damage|p1b: Hippowdon|16\/100\n|move|p2b: Mimicyou|Moonblast|p1b: Hippowdon\n|-damage|p1b: Hippowdon|0 fnt\n|faint|p1b: Hippowdon\n|\n|win|Esspecialy\n|raw|ImAtWorkPlzGoEasy's rating: 1481 → 1461<\/strong> (-20 for losing)\n|raw|Esspecialy's rating: 1475 → 1495<\/strong> (+20 for winning)\n|c|\u2606ImAtWorkPlzGoEasy|:(\n|c|\u2606ImAtWorkPlzGoEasy|gg\n|c|\u2606Esspecialy|gg\n|l|\u2606ImAtWorkPlzGoEasy\n","uploadtime":1681910064,"views":12,"p1id":"imatworkplzgoeasy","p2id":"esspecialy","formatid":"gen9vgc2023regulationc","rating":1461,"private":0,"password":""}