{"id":"gen9vgc2023regulationc-1847446527","p1":"Realpokehrzz","p2":"NotNehzzy","format":"[Gen 9] VGC 2023 Regulation C","log":"|j|\u2606Realpokehrzz\n|j|\u2606NotNehzzy\n|t:|1681956133\n|gametype|doubles\n|player|p1|Realpokehrzz|101|1180\n|player|p2|NotNehzzy|steven|1197\n|teamsize|p1|6\n|teamsize|p2|6\n|gen|9\n|tier|[Gen 9] VGC 2023 Regulation C\n|rated|\n|rule|Species Clause: Limit one of each Pok\u00e9mon\n|rule|Item Clause: Limit one of each item\n|clearpoke\n|poke|p1|Palafin, L50, M|\n|poke|p1|Flutter Mane, L50|\n|poke|p1|Arcanine, L50, F|\n|poke|p1|Ting-Lu, L50|\n|poke|p1|Amoonguss, L50, M|\n|poke|p1|Kingambit, L50, F|\n|poke|p2|Flutter Mane, L50|\n|poke|p2|Iron Bundle, L50|\n|poke|p2|Tsareena, L50, F|\n|poke|p2|Baxcalibur, L50, M|\n|poke|p2|Maushold-Four, L50|\n|poke|p2|Iron Hands, L50|\n|teampreview|4\n|inactive|Battle timer is ON: inactive players will automatically lose when time's up. (requested by NotNehzzy)\n|\n|t:|1681956175\n|start\n|switch|p1a: Flutter Mane|Flutter Mane, L50|100\/100\n|switch|p1b: Palafin|Palafin, L50, M|100\/100\n|switch|p2a: Flutter Mane|Flutter Mane, L50|100\/100\n|switch|p2b: Iron Bundle|Iron Bundle, L50|100\/100\n|-enditem|p1a: Flutter Mane|Booster Energy\n|-activate|p1a: Flutter Mane|ability: Protosynthesis|[fromitem]\n|-start|p1a: Flutter Mane|protosynthesisspa\n|-enditem|p2b: Iron Bundle|Booster Energy\n|-activate|p2b: Iron Bundle|ability: Quark Drive|[fromitem]\n|-start|p2b: Iron Bundle|quarkdrivespe\n|turn|1\n|inactive|Realpokehrzz has 30 seconds left.\n|inactive|NotNehzzy has 30 seconds left.\n|\n|t:|1681956204\n|detailschange|p1b: Palafin|Palafin-Hero, L50, M\n|switch|p1b: Kingambit|Kingambit, L50, F|100\/100\n|move|p2b: Iron Bundle|Icy Wind|p1b: Kingambit|[spread] p1a,p1b\n|-resisted|p1b: Kingambit\n|-damage|p1a: Flutter Mane|80\/100\n|-damage|p1b: Kingambit|90\/100\n|-unboost|p1a: Flutter Mane|spe|1\n|-unboost|p1b: Kingambit|spe|1\n|-ability|p1b: Kingambit|Defiant|boost\n|-boost|p1b: Kingambit|atk|2\n|move|p2a: Flutter Mane|Shadow Ball|p1a: Flutter Mane\n|-supereffective|p1a: Flutter Mane\n|-damage|p1a: Flutter Mane|8\/100\n|move|p1a: Flutter Mane|Shadow Ball|p2a: Flutter Mane\n|-supereffective|p2a: Flutter Mane\n|-damage|p2a: Flutter Mane|0 fnt\n|faint|p2a: Flutter Mane\n|-end|p2a: Flutter Mane|Protosynthesis|[silent]\n|\n|upkeep\n|\n|t:|1681956223\n|switch|p2a: Maushold|Maushold-Four, L50|100\/100\n|turn|2\n|\n|t:|1681956240\n|move|p2b: Iron Bundle|Protect|p2b: Iron Bundle\n|-singleturn|p2b: Iron Bundle|Protect\n|move|p1b: Kingambit|Sucker Punch||[still]\n|-fail|p1b: Kingambit\n|move|p2a: Maushold|Super Fang|p1b: Kingambit\n|-damage|p1b: Kingambit|45\/100\n|move|p1a: Flutter Mane|Moonblast|p2a: Maushold\n|-damage|p2a: Maushold|24\/100\n|\n|upkeep\n|turn|3\n|inactive|Realpokehrzz has 30 seconds left.\n|\n|t:|1681956271\n|switch|p2a: Tsareena|Tsareena, L50, F|100\/100\n|move|p1a: Flutter Mane|Protect|p1a: Flutter Mane\n|-singleturn|p1a: Flutter Mane|Protect\n|move|p1b: Kingambit|Sucker Punch||[still]\n|cant|p2a: Tsareena|ability: Queenly Majesty|Sucker Punch|[of] p1b: Kingambit\n|move|p2b: Iron Bundle|Hydro Pump|p1b: Kingambit|[miss]\n|-miss|p2b: Iron Bundle|p1b: Kingambit\n|\n|upkeep\n|turn|4\n|inactive|Realpokehrzz has 30 seconds left.\n|inactive|NotNehzzy has 30 seconds left.\n|inactive|Realpokehrzz has 20 seconds left.\n|\n|t:|1681956310\n|-end|p1a: Flutter Mane|Protosynthesis|[silent]\n|switch|p1a: Amoonguss|Amoonguss, L50, M|100\/100\n|-terastallize|p2a: Tsareena|Fire\n|move|p2b: Iron Bundle|Icy Wind|p1b: Kingambit|[spread] p1b\n|-miss|p2b: Iron Bundle|p1a: Amoonguss\n|-resisted|p1b: Kingambit\n|-damage|p1b: Kingambit|35\/100\n|-unboost|p1b: Kingambit|spe|1\n|-ability|p1b: Kingambit|Defiant|boost\n|-boost|p1b: Kingambit|atk|2\n|move|p2a: Tsareena|Tera Blast|p1b: Kingambit\n|-supereffective|p1b: Kingambit\n|-damage|p1b: Kingambit|0 fnt\n|faint|p1b: Kingambit\n|\n|upkeep\n|\n|t:|1681956327\n|switch|p1b: Palafin|Palafin-Hero, L50, M|100\/100\n|-activate|p1b: Palafin|ability: Zero to Hero\n|turn|5\n|inactive|NotNehzzy has 30 seconds left.\n|inactive|NotNehzzy has 20 seconds left.\n|\n|t:|1681956364\n|-terastallize|p1b: Palafin|Water\n|move|p2a: Tsareena|Protect|p2a: Tsareena\n|-singleturn|p2a: Tsareena|Protect\n|move|p1a: Amoonguss|Protect|p1a: Amoonguss\n|-singleturn|p1a: Amoonguss|Protect\n|move|p2b: Iron Bundle|Freeze-Dry|p1b: Palafin\n|-supereffective|p1b: Palafin\n|-damage|p1b: Palafin|28\/100\n|move|p1b: Palafin|Wave Crash|p2a: Tsareena\n|-activate|p2a: Tsareena|move: Protect\n|\n|upkeep\n|turn|6\n|\n|t:|1681956386\n|switch|p2a: Maushold|Maushold-Four, L50|24\/100\n|move|p1b: Palafin|Protect|p1b: Palafin\n|-singleturn|p1b: Palafin|Protect\n|move|p2b: Iron Bundle|Icy Wind|p1b: Palafin|[spread] p1a\n|-activate|p1b: Palafin|move: Protect\n|-supereffective|p1a: Amoonguss\n|-damage|p1a: Amoonguss|67\/100\n|-unboost|p1a: Amoonguss|spe|1\n|move|p1a: Amoonguss|Spore|p2b: Iron Bundle\n|-status|p2b: Iron Bundle|slp|[from] move: Spore\n|\n|upkeep\n|turn|7\n|\n|t:|1681956407\n|cant|p2b: Iron Bundle|slp\n|move|p2a: Maushold|Baby-Doll Eyes|p1b: Palafin\n|-unboost|p1b: Palafin|atk|1\n|move|p1b: Palafin|Jet Punch|p2a: Maushold\n|-damage|p2a: Maushold|0 fnt\n|faint|p2a: Maushold\n|move|p1a: Amoonguss|Pollen Puff|p1b: Palafin\n|-heal|p1b: Palafin|78\/100\n|\n|upkeep\n|\n|t:|1681956413\n|switch|p2a: Tsareena|Tsareena, L50, F, tera:Fire|100\/100\n|turn|8\n|inactive|Realpokehrzz has 30 seconds left.\n|inactive|NotNehzzy has 30 seconds left.\n|\n|t:|1681956448\n|switch|p1b: Flutter Mane|Flutter Mane, L50|8\/100\n|-curestatus|p2b: Iron Bundle|slp|[msg]\n|move|p2b: Iron Bundle|Freeze-Dry|p1b: Flutter Mane\n|-damage|p1b: Flutter Mane|0 fnt\n|faint|p1b: Flutter Mane\n|-end|p1b: Flutter Mane|Protosynthesis|[silent]\n|move|p2a: Tsareena|Trop Kick|p1a: Amoonguss\n|-resisted|p1a: Amoonguss\n|-damage|p1a: Amoonguss|60\/100\n|-unboost|p1a: Amoonguss|atk|1\n|-damage|p2a: Tsareena|84\/100|[from] item: Rocky Helmet|[of] p1a: Amoonguss\n|move|p1a: Amoonguss|Pollen Puff|p1: Flutter Mane|[notarget]\n|-fail|p1a: Amoonguss\n|\n|upkeep\n|\n|t:|1681956456\n|switch|p1b: Palafin|Palafin-Hero, L50, M, tera:Water|78\/100\n|turn|9\n|\n|t:|1681956469\n|move|p2a: Tsareena|Protect|p2a: Tsareena\n|-singleturn|p2a: Tsareena|Protect\n|move|p1b: Palafin|Protect|p1b: Palafin\n|-singleturn|p1b: Palafin|Protect\n|move|p2b: Iron Bundle|Freeze-Dry|p1a: Amoonguss\n|-supereffective|p1a: Amoonguss\n|-damage|p1a: Amoonguss|0 fnt\n|faint|p1a: Amoonguss\n|\n|upkeep\n|turn|10\n|c|\u2606NotNehzzy|gg\n|-message|Realpokehrzz forfeited.\n|\n|win|NotNehzzy\n|raw|Realpokehrzz's rating: 1180 → 1156<\/strong> (-24 for losing)\n|raw|NotNehzzy's rating: 1197 → 1221<\/strong> (+24 for winning)\n|l|\u2606Realpokehrzz\n","uploadtime":1681956499,"views":10,"p1id":"realpokehrzz","p2id":"notnehzzy","formatid":"gen9vgc2023regulationc","rating":1156,"private":0,"password":""}