{"id":"gen9vgc2023regulationc-1852765867","p1":"Tawn","p2":"oujoio","format":"[Gen 9] VGC 2023 Regulation C","log":"|j|\u2606Tawn\n|j|\u2606oujoio\n|t:|1682604440\n|gametype|doubles\n|player|p1|Tawn|red|1115\n|player|p2|oujoio|gambler|1027\n|teamsize|p1|6\n|teamsize|p2|6\n|gen|9\n|tier|[Gen 9] VGC 2023 Regulation C\n|rated|\n|rule|Species Clause: Limit one of each Pok\u00e9mon\n|rule|Item Clause: Limit one of each item\n|clearpoke\n|poke|p1|Indeedee-F, L50, F|\n|poke|p1|Armarouge, L50, F|\n|poke|p1|Bisharp, L50, M|\n|poke|p1|Quaquaval, L50, F|\n|poke|p1|Chi-Yu, L50|\n|poke|p1|Murkrow, L50, M|\n|poke|p2|Dragapult, L50, F|\n|poke|p2|Indeedee-F, L50, F|\n|poke|p2|Gyarados, L50, F|\n|poke|p2|Armarouge, L50, F|\n|poke|p2|Garchomp, L50, F|\n|poke|p2|Chien-Pao, L50|\n|teampreview|4\n|inactive|Battle timer is ON: inactive players will automatically lose when time's up. (requested by Tawn)\n|\n|t:|1682604476\n|start\n|switch|p1a: Murkrow|Murkrow, L50, M|100\/100\n|switch|p1b: Bisharp|Bisharp, L50, M|100\/100\n|switch|p2a: Indeedee|Indeedee-F, L50, F|100\/100\n|switch|p2b: Dragapult|Dragapult, L50, F|100\/100\n|-fieldstart|move: Psychic Terrain|[from] ability: Psychic Surge|[of] p2a: Indeedee\n|-enditem|p2a: Indeedee|Psychic Seed\n|-boost|p2a: Indeedee|spd|1|[from] item: Psychic Seed\n|turn|1\n|\n|t:|1682604500\n|move|p2a: Indeedee|Helping Hand|p2b: Dragapult\n|-singleturn|p2b: Dragapult|Helping Hand|[of] p2a: Indeedee\n|move|p1a: Murkrow|Haze|p1a: Murkrow\n|-clearallboost\n|move|p2b: Dragapult|U-turn|p1a: Murkrow\n|-crit|p1a: Murkrow\n|-enditem|p1a: Murkrow|Focus Sash\n|-damage|p1a: Murkrow|1\/100\n|\n|t:|1682604513\n|switch|p2b: Gyarados|Gyarados, L50, F|100\/100|[from] U-turn\n|-ability|p2b: Gyarados|Intimidate|boost\n|-unboost|p1a: Murkrow|atk|1\n|-unboost|p1b: Bisharp|atk|1\n|-ability|p1b: Bisharp|Defiant|boost\n|-boost|p1b: Bisharp|atk|2\n|move|p1b: Bisharp|Iron Head|p2b: Gyarados\n|-resisted|p2b: Gyarados\n|-damage|p2b: Gyarados|70\/100\n|\n|upkeep\n|turn|2\n|\n|t:|1682604535\n|move|p2a: Indeedee|Follow Me|p2a: Indeedee\n|-singleturn|p2a: Indeedee|move: Follow Me\n|move|p1a: Murkrow|Tailwind|p1a: Murkrow\n|-sidestart|p1: Tawn|move: Tailwind\n|move|p1b: Bisharp|Iron Head|p2a: Indeedee\n|-damage|p2a: Indeedee|43\/100\n|move|p2b: Gyarados|Dragon Dance|p2b: Gyarados\n|-boost|p2b: Gyarados|atk|1\n|-boost|p2b: Gyarados|spe|1\n|\n|upkeep\n|turn|3\n|\n|t:|1682604559\n|move|p2a: Indeedee|Follow Me|p2a: Indeedee\n|-singleturn|p2a: Indeedee|move: Follow Me\n|move|p1a: Murkrow|Icy Wind|p2a: Indeedee|[spread] p2a,p2b\n|-damage|p2a: Indeedee|36\/100\n|-damage|p2b: Gyarados|62\/100\n|-unboost|p2a: Indeedee|spe|1\n|-unboost|p2b: Gyarados|spe|1\n|move|p1b: Bisharp|Iron Head|p2a: Indeedee\n|-damage|p2a: Indeedee|0 fnt\n|faint|p2a: Indeedee\n|move|p2b: Gyarados|Waterfall|p1a: Murkrow\n|-damage|p1a: Murkrow|0 fnt\n|faint|p1a: Murkrow\n|\n|upkeep\n|\n|t:|1682604575\n|switch|p1a: Chi-Yu|Chi-Yu, L50|100\/100\n|switch|p2a: Garchomp|Garchomp, L50, F|100\/100\n|-ability|p1a: Chi-Yu|Beads of Ruin\n|turn|4\n|\n|t:|1682604595\n|-terastallize|p1b: Bisharp|Flying\n|move|p1a: Chi-Yu|Dark Pulse|p2b: Gyarados\n|-damage|p2b: Gyarados|6\/100\n|-enditem|p2b: Gyarados|Sitrus Berry|[eat]\n|-heal|p2b: Gyarados|31\/100|[from] item: Sitrus Berry\n|move|p1b: Bisharp|Tera Blast|p2a: Garchomp\n|-damage|p2a: Garchomp|47\/100\n|move|p2a: Garchomp|Earthquake|p1a: Chi-Yu|[spread] p1a\n|-immune|p2b: Gyarados\n|-immune|p1b: Bisharp\n|-supereffective|p1a: Chi-Yu\n|-damage|p1a: Chi-Yu|0 fnt\n|faint|p1a: Chi-Yu\n|move|p2b: Gyarados|Earthquake|p1b: Bisharp|[spread] p2a\n|-immune|p1b: Bisharp\n|-damage|p2a: Garchomp|10\/100\n|\n|upkeep\n|\n|t:|1682604607\n|switch|p1a: Quaquaval|Quaquaval, L50, F|100\/100\n|turn|5\n|\n|t:|1682604622\n|move|p1a: Quaquaval|Aqua Step|p2a: Garchomp\n|-damage|p2a: Garchomp|0 fnt\n|-boost|p1a: Quaquaval|spe|1\n|-damage|p1a: Quaquaval|88\/100|[from] ability: Rough Skin|[of] p2a: Garchomp\n|faint|p2a: Garchomp\n|-ability|p1a: Quaquaval|Moxie|boost\n|-boost|p1a: Quaquaval|atk|1\n|move|p1b: Bisharp|Tera Blast|p2b: Gyarados\n|-damage|p2b: Gyarados|0 fnt\n|faint|p2b: Gyarados\n|\n|-sideend|p1: Tawn|move: Tailwind\n|-fieldend|move: Psychic Terrain\n|upkeep\n|\n|t:|1682604640\n|switch|p2b: Dragapult|Dragapult, L50, F|100\/100\n|turn|6\n|\n|t:|1682604653\n|-terastallize|p2b: Dragapult|Electric\n|move|p1b: Bisharp|Sucker Punch|p2b: Dragapult\n|-crit|p2b: Dragapult\n|-damage|p2b: Dragapult|5\/100\n|move|p2b: Dragapult|Psychic Fangs|p1a: Quaquaval\n|-supereffective|p1a: Quaquaval\n|-damage|p1a: Quaquaval|15\/100\n|move|p1a: Quaquaval|Brave Bird|p2b: Dragapult\n|-resisted|p2b: Dragapult\n|-damage|p2b: Dragapult|0 fnt\n|faint|p2b: Dragapult\n|-damage|p1a: Quaquaval|14\/100|[from] Recoil\n|\n|win|Tawn\n|raw|Tawn's rating: 1115 → 1134<\/strong> (+19 for winning)\n|raw|oujoio's rating: 1027 → 1016<\/strong> (-11 for losing)\n|c|\u2606oujoio|gg\n|l|\u2606oujoio\n|c|\u2606Tawn|gg\n","uploadtime":1682604675,"views":10,"p1id":"tawn","p2id":"oujoio","formatid":"gen9vgc2023regulationc","rating":1016,"private":0,"password":""}