{"id":"gen9vgc2023regulationc-1848408946","p1":"Andreabonfini","p2":"Ykrach","format":"[Gen 9] VGC 2023 Regulation C","log":"|j|\u2606Andreabonfini\n|j|\u2606Ykrach\n|t:|1682074040\n|gametype|doubles\n|player|p1|Andreabonfini|1|1088\n|player|p2|Ykrach|acetrainer-gen4dp|1000\n|teamsize|p1|6\n|teamsize|p2|6\n|gen|9\n|tier|[Gen 9] VGC 2023 Regulation C\n|rated|\n|rule|Species Clause: Limit one of each Pok\u00e9mon\n|rule|Item Clause: Limit one of each item\n|clearpoke\n|poke|p1|Flutter Mane, L50|\n|poke|p1|Chien-Pao, L50|\n|poke|p1|Palafin, L50, M|\n|poke|p1|Meowscarada, L50, M|\n|poke|p1|Ceruledge, L50, M|\n|poke|p1|Kilowattrel, L50, F|\n|poke|p2|Vigoroth, L50, F|\n|poke|p2|Gallade, L50, M|\n|poke|p2|Umbreon, L50, F|\n|poke|p2|Frosmoth, L50, F|\n|poke|p2|Talonflame, L50, F|\n|poke|p2|Arboliva, L50, F|\n|teampreview|4\n|\n|t:|1682074056\n|start\n|switch|p1a: Flutter Mane|Flutter Mane, L50|100\/100\n|switch|p1b: Palafin|Palafin, L50, M|100\/100\n|switch|p2a: Talonflame|Talonflame, L50, F|100\/100\n|switch|p2b: Gallade|Gallade, L50, M|100\/100\n|-enditem|p1a: Flutter Mane|Booster Energy\n|-activate|p1a: Flutter Mane|ability: Protosynthesis|[fromitem]\n|-start|p1a: Flutter Mane|protosynthesisspa\n|turn|1\n|inactive|Battle timer is ON: inactive players will automatically lose when time's up. (requested by Andreabonfini)\n|\n|t:|1682074072\n|move|p2a: Talonflame|Tailwind|p2a: Talonflame\n|-sidestart|p2: Ykrach|move: Tailwind\n|move|p1b: Palafin|Jet Punch|p2a: Talonflame\n|-supereffective|p2a: Talonflame\n|-damage|p2a: Talonflame|0 fnt\n|faint|p2a: Talonflame\n|move|p2b: Gallade|Shadow Claw|p1a: Flutter Mane\n|-supereffective|p1a: Flutter Mane\n|-damage|p1a: Flutter Mane|0 fnt\n|faint|p1a: Flutter Mane\n|-end|p1a: Flutter Mane|Protosynthesis|[silent]\n|\n|upkeep\n|\n|t:|1682074088\n|switch|p1a: Ceruledge|Ceruledge, L50, M|100\/100\n|switch|p2a: Arboliva|Arboliva, L50, F|100\/100\n|turn|2\n|\n|t:|1682074111\n|-terastallize|p1a: Ceruledge|Grass\n|move|p1b: Palafin|Jet Punch|p2b: Gallade\n|-damage|p2b: Gallade|49\/100\n|move|p2b: Gallade|Shadow Claw|p1a: Ceruledge\n|-crit|p1a: Ceruledge\n|-damage|p1a: Ceruledge|47\/100\n|move|p1a: Ceruledge|Bitter Blade|p2a: Arboliva|[miss]\n|-miss|p1a: Ceruledge|p2a: Arboliva\n|move|p2a: Arboliva|Giga Drain|p1b: Palafin\n|-supereffective|p1b: Palafin\n|-damage|p1b: Palafin|0 fnt\n|faint|p1b: Palafin\n|\n|upkeep\n|\n|t:|1682074127\n|switch|p1b: Kilowattrel|Kilowattrel, L50, F|100\/100\n|turn|3\n|\n|t:|1682074146\n|-terastallize|p2a: Arboliva|Ground\n|move|p1a: Ceruledge|Protect|p1a: Ceruledge\n|-singleturn|p1a: Ceruledge|Protect\n|move|p1b: Kilowattrel|Air Slash|p2b: Gallade\n|-supereffective|p2b: Gallade\n|-damage|p2b: Gallade|0 fnt\n|faint|p2b: Gallade\n|move|p2a: Arboliva|Dazzling Gleam|p1a: Ceruledge|[spread] p1b\n|-activate|p1a: Ceruledge|move: Protect\n|-damage|p1b: Kilowattrel|66\/100\n|\n|upkeep\n|\n|t:|1682074155\n|switch|p2b: Frosmoth|Frosmoth, L50, F|100\/100\n|turn|4\n|\n|t:|1682074174\n|move|p1b: Kilowattrel|Air Slash|p2a: Arboliva\n|-damage|p2a: Arboliva|68\/100\n|-fieldstart|move: Grassy Terrain|[from] ability: Seed Sower|[of] p2a: Arboliva\n|move|p2b: Frosmoth|Bug Buzz|p1a: Ceruledge\n|-supereffective|p1a: Ceruledge\n|-damage|p1a: Ceruledge|0 fnt\n|faint|p1a: Ceruledge\n|cant|p2a: Arboliva|flinch\n|\n|-heal|p2a: Arboliva|74\/100|[from] Grassy Terrain\n|-sideend|p2: Ykrach|move: Tailwind\n|upkeep\n|turn|5\n|-message|Andreabonfini forfeited.\n|\n|win|Ykrach\n|raw|Andreabonfini's rating: 1088 → 1059<\/strong> (-29 for losing)\n|raw|Ykrach's rating: 1000 → 1050<\/strong> (+50 for winning)\n|l|\u2606Andreabonfini\n","uploadtime":1682074190,"views":10,"p1id":"andreabonfini","p2id":"ykrach","formatid":"gen9vgc2023regulationc","rating":1050,"private":0,"password":""}