{"id":"gen9vgc2023regulationc-1852505851","p1":"B0bl0bla","p2":"FroggerKid77","format":"[Gen 9] VGC 2023 Regulation C","log":"|j|\u2606B0bl0bla\n|j|\u2606FroggerKid77\n|t:|1682566694\n|gametype|doubles\n|player|p1|B0bl0bla|101|1079\n|player|p2|FroggerKid77|1|1080\n|teamsize|p1|6\n|teamsize|p2|6\n|gen|9\n|tier|[Gen 9] VGC 2023 Regulation C\n|rated|\n|rule|Species Clause: Limit one of each Pok\u00e9mon\n|rule|Item Clause: Limit one of each item\n|clearpoke\n|poke|p1|Sylveon, L50, M|\n|poke|p1|Roaring Moon, L50|\n|poke|p1|Gastrodon, L50, M|\n|poke|p1|Arcanine, L50, F|\n|poke|p1|Glaceon, L50, F|\n|poke|p1|Rotom-Heat, L50|\n|poke|p2|Azumarill, L50, F|\n|poke|p2|Amoonguss, L50, M|\n|poke|p2|Tauros-Paldea-Blaze, L50, M|\n|poke|p2|Ting-Lu, L50|\n|poke|p2|Baxcalibur, L50, M|\n|poke|p2|Flutter Mane, L50|\n|teampreview|4\n|inactive|Battle timer is ON: inactive players will automatically lose when time's up. (requested by FroggerKid77)\nFroggerKid77 has agreed to open team sheets.\n|inactive|B0bl0bla has 60 seconds left.\n|inactive|FroggerKid77 has 60 seconds left.\n|\n|t:|1682566749\n|start\n|switch|p1a: Gastrosaurus|Gastrodon, L50, M, shiny|100\/100\n|switch|p1b: Rotom|Rotom-Heat, L50|100\/100\n|switch|p2a: Ting-Lu|Ting-Lu, L50|100\/100\n|switch|p2b: Azumarill|Azumarill, L50, F|100\/100\n|-ability|p2a: Ting-Lu|Vessel of Ruin\n|turn|1\n|inactive|B0bl0bla has 30 seconds left.\n|inactive|FroggerKid77 has 30 seconds left.\n|\n|t:|1682566783\n|move|p1b: Rotom|Thunderbolt|p2b: Azumarill\n|-supereffective|p2b: Azumarill\n|-damage|p2b: Azumarill|37\/100\n|-status|p2b: Azumarill|par\n|-enditem|p2b: Azumarill|Lum Berry|[eat]\n|-curestatus|p2b: Azumarill|par|[msg]\n|move|p2b: Azumarill|Play Rough|p1a: Gastrosaurus|[miss]\n|-miss|p2b: Azumarill|p1a: Gastrosaurus\n|move|p2a: Ting-Lu|Throat Chop|p1a: Gastrosaurus\n|-damage|p1a: Gastrosaurus|63\/100\n|move|p1a: Gastrosaurus|Muddy Water|p2b: Azumarill|[spread] p2a\n|-miss|p1a: Gastrosaurus|p2b: Azumarill\n|-supereffective|p2a: Ting-Lu\n|-damage|p2a: Ting-Lu|85\/100\n|-unboost|p2a: Ting-Lu|accuracy|1\n|\n|upkeep\n|turn|2\n|inactive|B0bl0bla has 30 seconds left.\n|\n|t:|1682566814\n|switch|p2b: Baxcalibur|Baxcalibur, L50, M|100\/100\n|move|p1b: Rotom|Thunderbolt|p2b: Baxcalibur\n|-resisted|p2b: Baxcalibur\n|-crit|p2b: Baxcalibur\n|-damage|p2b: Baxcalibur|75\/100\n|move|p2a: Ting-Lu|Throat Chop|p1a: Gastrosaurus|[miss]\n|-miss|p2a: Ting-Lu|p1a: Gastrosaurus\n|move|p1a: Gastrosaurus|Earthquake|p2b: Baxcalibur|[spread] p2a,p2b\n|-immune|p1b: Rotom|[from] ability: Levitate\n|-damage|p2a: Ting-Lu|71\/100\n|-damage|p2b: Baxcalibur|54\/100\n|\n|upkeep\n|turn|3\n|inactive|B0bl0bla has 30 seconds left.\n|inactive|FroggerKid77 has 30 seconds left.\n|inactive|B0bl0bla has 20 seconds left.\n|inactive|FroggerKid77 has 20 seconds left.\n|inactive|FroggerKid77 has 15 seconds left.\n|\n|t:|1682566854\n|move|p2b: Baxcalibur|Protect|p2b: Baxcalibur\n|-singleturn|p2b: Baxcalibur|Protect\n|move|p1b: Rotom|Overheat|p2b: Baxcalibur\n|-activate|p2b: Baxcalibur|move: Protect\n|move|p2a: Ting-Lu|Stomping Tantrum|p1a: Gastrosaurus|[miss]\n|-miss|p2a: Ting-Lu|p1a: Gastrosaurus\n|move|p1a: Gastrosaurus|Muddy Water|p2a: Ting-Lu|[spread] p2a\n|-activate|p2b: Baxcalibur|move: Protect\n|-supereffective|p2a: Ting-Lu\n|-damage|p2a: Ting-Lu|55\/100\n|\n|upkeep\n|turn|4\n|\n|t:|1682566876\n|switch|p2b: Azumarill|Azumarill, L50, F|37\/100\n|move|p1b: Rotom|Overheat|p2b: Azumarill\n|-resisted|p2b: Azumarill\n|-damage|p2b: Azumarill|14\/100\n|-unboost|p1b: Rotom|spa|2\n|move|p2a: Ting-Lu|Stomping Tantrum|p1a: Gastrosaurus\n|-damage|p1a: Gastrosaurus|2\/100\n|move|p1a: Gastrosaurus|Muddy Water|p2b: Azumarill|[spread] p2a,p2b\n|-supereffective|p2a: Ting-Lu\n|-resisted|p2b: Azumarill\n|-damage|p2a: Ting-Lu|41\/100\n|-damage|p2b: Azumarill|5\/100\n|\n|upkeep\n|turn|5\n|inactive|B0bl0bla has 30 seconds left.\n|inactive|FroggerKid77 has 30 seconds left.\n|inactive|B0bl0bla has 20 seconds left.\n|\n|t:|1682566912\n|move|p1b: Rotom|Thunderbolt|p2b: Azumarill\n|-supereffective|p2b: Azumarill\n|-damage|p2b: Azumarill|0 fnt\n|faint|p2b: Azumarill\n|move|p2a: Ting-Lu|Throat Chop|p1a: Gastrosaurus\n|-damage|p1a: Gastrosaurus|0 fnt\n|faint|p1a: Gastrosaurus\n|\n|upkeep\n|\n|t:|1682566922\n|switch|p2b: Baxcalibur|Baxcalibur, L50, M|54\/100\n|switch|p1a: Moaning Moon|Roaring Moon, L50|100\/100\n|-enditem|p1a: Moaning Moon|Booster Energy\n|-activate|p1a: Moaning Moon|ability: Protosynthesis|[fromitem]\n|-start|p1a: Moaning Moon|protosynthesisatk\n|turn|6\n|inactive|B0bl0bla has 30 seconds left.\n|\n|t:|1682566953\n|switch|p2a: Tauros|Tauros-Paldea-Blaze, L50, M|100\/100\n|-ability|p2a: Tauros|Intimidate|boost\n|-unboost|p1a: Moaning Moon|atk|1\n|-unboost|p1b: Rotom|atk|1\n|-terastallize|p1a: Moaning Moon|Flying\n|move|p2b: Baxcalibur|Protect|p2b: Baxcalibur\n|-singleturn|p2b: Baxcalibur|Protect\n|move|p1a: Moaning Moon|Acrobatics|p2a: Tauros\n|-supereffective|p2a: Tauros\n|-damage|p2a: Tauros|0 fnt\n|faint|p2a: Tauros\n|move|p1b: Rotom|Overheat|p2b: Baxcalibur\n|-activate|p2b: Baxcalibur|move: Protect\n|\n|upkeep\n|\n|t:|1682566966\n|switch|p2a: Ting-Lu|Ting-Lu, L50|41\/100\n|-ability|p2a: Ting-Lu|Vessel of Ruin\n|turn|7\n|\n|t:|1682566984\n|-terastallize|p2b: Baxcalibur|Electric\n|move|p1a: Moaning Moon|Acrobatics|p2a: Ting-Lu\n|-damage|p2a: Ting-Lu|11\/100\n|move|p2b: Baxcalibur|Dragon Dance|p2b: Baxcalibur\n|-boost|p2b: Baxcalibur|atk|1\n|-boost|p2b: Baxcalibur|spe|1\n|move|p1b: Rotom|Overheat|p2b: Baxcalibur\n|-damage|p2b: Baxcalibur|27\/100\n|-unboost|p1b: Rotom|spa|2\n|-ability|p2b: Baxcalibur|Thermal Exchange|boost\n|-boost|p2b: Baxcalibur|atk|1\n|move|p2a: Ting-Lu|Throat Chop|p1a: Moaning Moon\n|-damage|p1a: Moaning Moon|62\/100\n|-start|p1a: Moaning Moon|Throat Chop|[silent]\n|\n|upkeep\n|turn|8\n|inactive|B0bl0bla has 30 seconds left.\n|inactive|B0bl0bla has 20 seconds left.\n|inactive|B0bl0bla has 15 seconds left.\n|inactive|B0bl0bla has 10 seconds left.\n|inactive|B0bl0bla has 5 seconds left.\n|\n|t:|1682567034\n|move|p2b: Baxcalibur|Tera Blast|p1a: Moaning Moon\n|-supereffective|p1a: Moaning Moon\n|-damage|p1a: Moaning Moon|0 fnt\n|faint|p1a: Moaning Moon\n|-end|p1a: Moaning Moon|Protosynthesis|[silent]\n|move|p1b: Rotom|Overheat|p2b: Baxcalibur\n|-damage|p2b: Baxcalibur|9\/100\n|-unboost|p1b: Rotom|spa|2\n|-ability|p2b: Baxcalibur|Thermal Exchange|boost\n|-boost|p2b: Baxcalibur|atk|1\n|move|p2a: Ting-Lu|Throat Chop|p1b: Rotom\n|-damage|p1b: Rotom|57\/100\n|-start|p1b: Rotom|Throat Chop|[silent]\n|\n|upkeep\n|\n|t:|1682567046\n|switch|p1a: Ice Ice Eevee|Glaceon, L50, F|100\/100\n|turn|9\n|inactive|FroggerKid77 has 30 seconds left.\n|\n|t:|1682567077\n|move|p2b: Baxcalibur|Tera Blast|p1b: Rotom\n|-resisted|p1b: Rotom\n|-damage|p1b: Rotom|0 fnt\n|faint|p1b: Rotom\n|move|p1a: Ice Ice Eevee|Chilling Water|p2a: Ting-Lu\n|-supereffective|p2a: Ting-Lu\n|-damage|p2a: Ting-Lu|0 fnt\n|faint|p2a: Ting-Lu\n|\n|upkeep\n|turn|10\n|\n|t:|1682567089\n|move|p2b: Baxcalibur|Tera Blast|p1a: Ice Ice Eevee\n|-damage|p1a: Ice Ice Eevee|17\/100\n|move|p1a: Ice Ice Eevee|Freeze-Dry|p2b: Baxcalibur\n|-damage|p2b: Baxcalibur|0 fnt\n|faint|p2b: Baxcalibur\n|\n|win|B0bl0bla\n|raw|B0bl0bla's rating: 1079 → 1107<\/strong> (+28 for winning)\n|raw|FroggerKid77's rating: 1080 → 1058<\/strong> (-22 for losing)\n|l|\u2606B0bl0bla\n","uploadtime":1682567128,"views":8,"p1id":"b0bl0bla","p2id":"froggerkid77","formatid":"gen9vgc2023regulationc","rating":1058,"private":0,"password":""}