{"id":"gen9vgc2023regulationc-1846677445","p1":"Reggie Romano","p2":"Kenoko","format":"[Gen 9] VGC 2023 Regulation C","log":"|j|\u2606Reggie Romano\n|j|\u2606Kenoko\n|t:|1681864752\n|gametype|doubles\n|player|p1|Reggie Romano|lance-lgpe|1133\n|player|p2|Kenoko|scientist-gen4dp|1048\n|teamsize|p1|6\n|teamsize|p2|6\n|gen|9\n|tier|[Gen 9] VGC 2023 Regulation C\n|rated|\n|rule|Species Clause: Limit one of each Pok\u00e9mon\n|rule|Item Clause: Limit one of each item\n|clearpoke\n|poke|p1|Ting-Lu, L50|\n|poke|p1|Arcanine, L50, M|\n|poke|p1|Flutter Mane, L50|\n|poke|p1|Amoonguss, L50, M|\n|poke|p1|Dragonite, L50, M|\n|poke|p1|Iron Hands, L50|\n|poke|p2|Chien-Pao, L50|\n|poke|p2|Pelipper, L50, M|\n|poke|p2|Brute Bonnet, L50|\n|poke|p2|Dragonite, L50, M|\n|poke|p2|Tauros-Paldea-Aqua, L50, M|\n|poke|p2|Gothitelle, L50, F|\n|teampreview|4\nReggie Romano rejected open team sheets.\n|\n|t:|1681864782\n|start\n|switch|p1a: Snoop Dogg|Arcanine, L50, M|100\/100\n|switch|p1b: Robot Rock|Iron Hands, L50, shiny|100\/100\n|switch|p2a: tiger|Chien-Pao, L50|100\/100\n|switch|p2b: sexi|Gothitelle, L50, F|100\/100\n|-ability|p2a: tiger|Sword of Ruin\n|-ability|p1a: Snoop Dogg|Intimidate|boost\n|-unboost|p2a: tiger|atk|1\n|-unboost|p2b: sexi|atk|1\n|turn|1\n|inactive|Battle timer is ON: inactive players will automatically lose when time's up. (requested by Kenoko)\n|inactive|Kenoko has 60 seconds left.\n|\n|t:|1681864819\n|move|p2b: sexi|Fake Out|p1b: Robot Rock\n|-damage|p1b: Robot Rock|97\/100\n|cant|p1b: Robot Rock|flinch\n|move|p2a: tiger|Swords Dance|p2a: tiger\n|-boost|p2a: tiger|atk|2\n|move|p1a: Snoop Dogg|Flare Blitz|p2a: tiger\n|-supereffective|p2a: tiger\n|-enditem|p2a: tiger|Focus Sash\n|-damage|p2a: tiger|1\/100\n|-damage|p1a: Snoop Dogg|75\/100|[from] Recoil\n|\n|upkeep\n|turn|2\n|\n|t:|1681864840\n|move|p2a: tiger|Protect|p2a: tiger\n|-singleturn|p2a: tiger|Protect\n|move|p1a: Snoop Dogg|Snarl|p2b: sexi|[spread] p2b\n|-activate|p2a: tiger|move: Protect\n|-supereffective|p2b: sexi\n|-damage|p2b: sexi|87\/100\n|-unboost|p2b: sexi|spa|1\n|move|p2b: sexi|Fling|p1a: Snoop Dogg\n|-damage|p1a: Snoop Dogg|70\/100\n|-status|p1a: Snoop Dogg|par\n|-enditem|p2b: sexi|Light Ball|[from] move: Fling\n|move|p1b: Robot Rock|Wild Charge|p2b: sexi\n|-damage|p2b: sexi|33\/100\n|-damage|p1b: Robot Rock|87\/100|[from] Recoil\n|\n|upkeep\n|turn|3\n|\n|t:|1681864861\n|move|p2b: sexi|Helping Hand|p2a: tiger\n|-singleturn|p2a: tiger|Helping Hand|[of] p2b: sexi\n|move|p2a: tiger|Sucker Punch|p1a: Snoop Dogg\n|-damage|p1a: Snoop Dogg|0 fnt\n|faint|p1a: Snoop Dogg\n|move|p1b: Robot Rock|Wild Charge|p2b: sexi\n|-damage|p2b: sexi|0 fnt\n|faint|p2b: sexi\n|-damage|p1b: Robot Rock|81\/100|[from] Recoil\n|\n|upkeep\n|\n|t:|1681864870\n|switch|p1a: Misfits|Ting-Lu, L50|100\/100\n|switch|p2b: birb|Pelipper, L50, M|100\/100\n|-weather|RainDance|[from] ability: Drizzle|[of] p2b: birb\n|-ability|p1a: Misfits|Vessel of Ruin\n|turn|4\n|\n|t:|1681864888\n|-terastallize|p2b: birb|Grass\n|move|p2a: tiger|Icicle Crash|p1a: Misfits\n|-supereffective|p1a: Misfits\n|-damage|p1a: Misfits|31\/100\n|move|p2b: birb|Hurricane|p1b: Robot Rock\n|-damage|p1b: Robot Rock|68\/100\n|move|p1b: Robot Rock|Wild Charge|p2b: birb\n|-resisted|p2b: birb\n|-damage|p2b: birb|74\/100\n|-damage|p1b: Robot Rock|63\/100|[from] Recoil\n|cant|p1a: Misfits|flinch\n|\n|-weather|RainDance|[upkeep]\n|-heal|p1a: Misfits|37\/100|[from] item: Leftovers\n|upkeep\n|turn|5\n|\n|t:|1681864904\n|move|p1a: Misfits|Protect|p1a: Misfits\n|-singleturn|p1a: Misfits|Protect\n|move|p2a: tiger|Icicle Crash|p1a: Misfits\n|-activate|p1a: Misfits|move: Protect\n|move|p2b: birb|Surf|p1b: Robot Rock|[spread] p2a,p1b\n|-activate|p1a: Misfits|move: Protect\n|-damage|p2a: tiger|0 fnt\n|-damage|p1b: Robot Rock|51\/100\n|faint|p2a: tiger\n|move|p1b: Robot Rock|Wild Charge|p2b: birb\n|-resisted|p2b: birb\n|-damage|p2b: birb|55\/100\n|-damage|p1b: Robot Rock|48\/100|[from] Recoil\n|\n|-weather|RainDance|[upkeep]\n|-heal|p1a: Misfits|43\/100|[from] item: Leftovers\n|upkeep\n|\n|t:|1681864915\n|switch|p2a: bull|Tauros-Paldea-Aqua, L50, M|100\/100\n|-ability|p2a: bull|Intimidate|boost\n|-unboost|p1a: Misfits|atk|1\n|-unboost|p1b: Robot Rock|atk|1\n|turn|6\n|\n|t:|1681864925\n|move|p2a: bull|Raging Bull|p1b: Robot Rock\n|-damage|p1b: Robot Rock|2\/100\n|move|p2b: birb|Surf|p1b: Robot Rock|[spread] p2a,p1a,p1b\n|-resisted|p2a: bull\n|-supereffective|p1a: Misfits\n|-crit|p1b: Robot Rock\n|-damage|p2a: bull|81\/100\n|-damage|p1a: Misfits|0 fnt\n|-damage|p1b: Robot Rock|0 fnt\n|faint|p1a: Misfits\n|faint|p1b: Robot Rock\n|-end|p1b: Robot Rock|Quark Drive|[silent]\n|\n|-weather|RainDance|[upkeep]\n|upkeep\n|\n|t:|1681864930\n|switch|p1b: Best Boy :)|Dragonite, L50, M|100\/100\n|turn|7\n|\n|t:|1681864943\n|move|p2a: bull|Close Combat|p1b: Best Boy :)\n|-resisted|p1b: Best Boy :)\n|-damage|p1b: Best Boy :)|88\/100\n|-unboost|p2a: bull|def|1\n|-unboost|p2a: bull|spd|1\n|move|p1b: Best Boy :)|Ice Spinner|p2b: birb\n|-supereffective|p2b: birb\n|-damage|p2b: birb|7\/100\n|move|p2b: birb|Hurricane|p1b: Best Boy :)\n|-damage|p1b: Best Boy :)|56\/100\n|\n|-weather|RainDance|[upkeep]\n|upkeep\n|turn|8\n|\n|t:|1681864960\n|move|p1b: Best Boy :)|Extreme Speed|p2b: birb\n|-damage|p2b: birb|0 fnt\n|faint|p2b: birb\n|move|p2a: bull|Close Combat|p1b: Best Boy :)\n|-resisted|p1b: Best Boy :)\n|-damage|p1b: Best Boy :)|29\/100\n|-unboost|p2a: bull|def|1\n|-unboost|p2a: bull|spd|1\n|\n|-weather|RainDance|[upkeep]\n|upkeep\n|turn|9\n|\n|t:|1681864966\n|-terastallize|p1b: Best Boy :)|Flying\n|move|p2a: bull|Protect|p2a: bull\n|-singleturn|p2a: bull|Protect\n|move|p1b: Best Boy :)|Tera Blast|p2a: bull\n|-activate|p2a: bull|move: Protect\n|\n|-weather|RainDance|[upkeep]\n|upkeep\n|turn|10\n|\n|t:|1681864974\n|move|p2a: bull|Raging Bull|p1b: Best Boy :)\n|-damage|p1b: Best Boy :)|0 fnt\n|faint|p1b: Best Boy :)\n|\n|win|Kenoko\n|raw|Reggie Romano's rating: 1133 → 1102<\/strong> (-31 for losing)\n|raw|Kenoko's rating: 1048 → 1089<\/strong> (+41 for winning)\n","uploadtime":1681864978,"views":10,"p1id":"reggieromano","p2id":"kenoko","formatid":"gen9vgc2023regulationc","rating":1089,"private":0,"password":""}