{"id":"gen9vgc2023regulationc-1861769321","p1":"Linker55","p2":"pannnn","format":"[Gen 9] VGC 2023 Regulation C","log":"|j|\u2606Linker55\n|j|\u2606pannnn\n|t:|1683806623\n|gametype|doubles\n|player|p1|Linker55|2|1205\n|player|p2|pannnn|nurseryaide|1125\n|teamsize|p1|6\n|teamsize|p2|6\n|gen|9\n|tier|[Gen 9] VGC 2023 Regulation C\n|rated|\n|rule|Species Clause: Limit one of each Pok\u00e9mon\n|rule|Item Clause: Limit one of each item\n|clearpoke\n|poke|p1|Annihilape, L50, M|\n|poke|p1|Meowscarada, L50, M|\n|poke|p1|Armarouge, L50, F|\n|poke|p1|Flutter Mane, L50|\n|poke|p1|Gholdengo, L50|\n|poke|p1|Hatterene, L50, F|\n|poke|p2|Chi-Yu, L50|\n|poke|p2|Dachsbun, L50, F|\n|poke|p2|Dragonite, L50, F|\n|poke|p2|Flutter Mane, L50|\n|poke|p2|Azumarill, L50, M|\n|poke|p2|Chien-Pao, L50|\n|teampreview|4\n|inactive|Battle timer is ON: inactive players will automatically lose when time's up. (requested by Linker55)\n|\n|t:|1683806635\n|start\n|switch|p1a: Monke|Annihilape, L50, M, shiny|100\/100\n|switch|p1b: Jointcat|Meowscarada, L50, M|100\/100\n|switch|p2a: Chi-Yu|Chi-Yu, L50|100\/100\n|switch|p2b: Dachsbun|Dachsbun, L50, F|100\/100\n|-ability|p2a: Chi-Yu|Beads of Ruin\n|turn|1\n|inactive|Linker55 has 30 seconds left.\n|\n|t:|1683806662\n|move|p1b: Jointcat|Protect|p1b: Jointcat\n|-start|p1b: Jointcat|typechange|Normal|[from] ability: Protean\n|-singleturn|p1b: Jointcat|Protect\n|move|p2a: Chi-Yu|Lava Plume|p1b: Jointcat|[spread] p1a\n|-activate|p1b: Jointcat|move: Protect\n|-ability|p2b: Dachsbun|Well-Baked Body|boost\n|-boost|p2b: Dachsbun|def|2\n|-damage|p1a: Monke|65\/100\n|-status|p1a: Monke|brn\n|move|p1a: Monke|Close Combat|p2a: Chi-Yu\n|-supereffective|p2a: Chi-Yu\n|-damage|p2a: Chi-Yu|20\/100\n|-unboost|p1a: Monke|def|1\n|-unboost|p1a: Monke|spd|1\n|move|p2b: Dachsbun|Body Press|p1b: Jointcat\n|-activate|p1b: Jointcat|move: Protect\n|\n|-damage|p1a: Monke|59\/100 brn|[from] brn\n|upkeep\n|turn|2\n|inactive|Linker55 has 30 seconds left.\n|inactive|pannnn has 30 seconds left.\n|inactive|Linker55 has 20 seconds left.\n|inactive|Linker55 has 15 seconds left.\n|inactive|pannnn has 20 seconds left.\n|c|\u2606Linker55|!data chi yu\n|raw| DOU<\/span> <\/span> Chi-Yu<\/a><\/span> <\/span> Beads of Ruin<\/span><\/span><\/span>HP<\/em> 55<\/span> Atk<\/em> 80<\/span> Def<\/em> 80<\/span> SpA<\/em> 135<\/span> SpD<\/em> 120<\/span> Spe<\/em> 100<\/span> BST 570<\/em><\/span> <\/span><\/li> <\/li><\/ul><\/div>\n\n|inactive|Linker55 has 10 seconds left.\n|inactive|Linker55 has 5 seconds left.\n|\n|t:|1683806713\n|switch|p1a: Misdreavus?|Flutter Mane, L50|100\/100\n|-enditem|p1a: Misdreavus?|Booster Energy\n|-activate|p1a: Misdreavus?|ability: Protosynthesis|[fromitem]\n|-start|p1a: Misdreavus?|protosynthesisspa\n|move|p1b: Jointcat|Sucker Punch|p2a: Chi-Yu\n|-resisted|p2a: Chi-Yu\n|-damage|p2a: Chi-Yu|4\/100\n|move|p2a: Chi-Yu|Lava Plume|p1b: Jointcat|[spread] p1a,p1b\n|-ability|p2b: Dachsbun|Well-Baked Body|boost\n|-boost|p2b: Dachsbun|def|2\n|-damage|p1a: Misdreavus?|54\/100\n|-damage|p1b: Jointcat|33\/100\n|move|p2b: Dachsbun|Body Press|p1b: Jointcat\n|-supereffective|p1b: Jointcat\n|-damage|p1b: Jointcat|0 fnt\n|faint|p1b: Jointcat\n|\n|upkeep\n|\n|t:|1683806729\n|switch|p1b: r\/wallstreetbets|Gholdengo, L50|100\/100\n|turn|3\n|c|\u2606Linker55|!data lava plume\n|raw| Lava Plume<\/a><\/span> <\/span> Power<\/em> 80<\/span> Accuracy<\/em> 100%<\/span> PP<\/em> 24<\/span> 30% chance to burn adjacent Pokemon.<\/span> <\/li> <\/li><\/ul>\n\n|\n|t:|1683806751\n|switch|p2a: Azumarill|Azumarill, L50, M|100\/100\n|move|p1b: r\/wallstreetbets|Protect|p1b: r\/wallstreetbets\n|-singleturn|p1b: r\/wallstreetbets|Protect\n|move|p1a: Misdreavus?|Moonblast|p2a: Azumarill\n|-crit|p2a: Azumarill\n|-damage|p2a: Azumarill|0 fnt\n|faint|p2a: Azumarill\n|move|p2b: Dachsbun|Yawn|p1b: r\/wallstreetbets\n|-activate|p1b: r\/wallstreetbets|move: Protect\n|\n|upkeep\n|\n|t:|1683806766\n|switch|p2a: Flutter Mane|Flutter Mane, L50|100\/100\n|-enditem|p2a: Flutter Mane|Booster Energy\n|-activate|p2a: Flutter Mane|ability: Protosynthesis|[fromitem]\n|-start|p2a: Flutter Mane|protosynthesisspe\n|turn|4\n|\n|t:|1683806784\n|-terastallize|p2a: Flutter Mane|Fairy\n|-terastallize|p1b: r\/wallstreetbets|Steel\n|move|p2a: Flutter Mane|Shadow Ball|p1a: Misdreavus?\n|-supereffective|p1a: Misdreavus?\n|-damage|p1a: Misdreavus?|0 fnt\n|faint|p1a: Misdreavus?\n|-end|p1a: Misdreavus?|Protosynthesis|[silent]\n|move|p2b: Dachsbun|Yawn|p1b: r\/wallstreetbets\n|-immune|p1b: r\/wallstreetbets|[from] ability: Good as Gold\n|move|p1b: r\/wallstreetbets|Make It Rain|p2a: Flutter Mane|[spread] p2a,p2b\n|-supereffective|p2a: Flutter Mane\n|-supereffective|p2b: Dachsbun\n|-damage|p2a: Flutter Mane|0 fnt\n|-damage|p2b: Dachsbun|0 fnt\n|-unboost|p1b: r\/wallstreetbets|spa|1\n|faint|p2a: Flutter Mane\n|-end|p2a: Flutter Mane|Protosynthesis|[silent]\n|faint|p2b: Dachsbun\n|\n|upkeep\n|inactive|pannnn has 30 seconds left.\n|\n|t:|1683806810\n|switch|p1a: Monke|Annihilape, L50, M, shiny|59\/100 brn\n|switch|p2b: Chi-Yu|Chi-Yu, L50|4\/100\n|-ability|p2b: Chi-Yu|Beads of Ruin\n|turn|5\n|\n|t:|1683806823\n|move|p2b: Chi-Yu|Heat Wave|p1a: Monke|[spread] p1b\n|-miss|p2b: Chi-Yu|p1a: Monke\n|-supereffective|p1b: r\/wallstreetbets\n|-damage|p1b: r\/wallstreetbets|0 fnt\n|faint|p1b: r\/wallstreetbets\n|move|p1a: Monke|Close Combat|p2b: Chi-Yu\n|-supereffective|p2b: Chi-Yu\n|-damage|p2b: Chi-Yu|0 fnt\n|-unboost|p1a: Monke|def|1\n|-unboost|p1a: Monke|spd|1\n|faint|p2b: Chi-Yu\n|\n|win|Linker55\n|raw|Linker55's rating: 1205 → 1224<\/strong> (+19 for winning)\n|raw|pannnn's rating: 1125 → 1106<\/strong> (-19 for losing)\n|c|\u2606Linker55|gg\n","uploadtime":1683806835,"views":15,"p1id":"linker55","p2id":"pannnn","formatid":"gen9vgc2023regulationc","rating":1106,"private":0,"password":""}