{"id":"gen9vgc2023regulationc-1847458817","p1":"Jandriel","p2":"stemman","format":"[Gen 9] VGC 2023 Regulation C","log":"|j|\u2606Jandriel\n|j|\u2606stemman\n|t:|1681957638\n|gametype|doubles\n|player|p1|Jandriel|266|\n|player|p2|stemman|swimmerf|\n|teamsize|p1|6\n|teamsize|p2|6\n|gen|9\n|tier|[Gen 9] VGC 2023 Regulation C\n|rule|Species Clause: Limit one of each Pok\u00e9mon\n|rule|Item Clause: Limit one of each item\n|clearpoke\n|poke|p1|Lucario, L50, M|\n|poke|p1|Maushold, L50|\n|poke|p1|Amoonguss, L50, M|\n|poke|p1|Gastrodon-East, L50, M|\n|poke|p1|Arcanine, L50, M|\n|poke|p1|Blissey, L50, F|\n|poke|p2|Amoonguss, L50, M|\n|poke|p2|Roaring Moon, L50|\n|poke|p2|Maushold-Four, L50|\n|poke|p2|Arcanine, L50, M|\n|poke|p2|Gholdengo, L50|\n|poke|p2|Lilligant, L50, F|\n|teampreview|4\n|\n|t:|1681957658\n|start\n|switch|p1a: Goku|Lucario, L50, M, shiny|100\/100\n|switch|p1b: bussy|Blissey, L50, F, shiny|100\/100\n|switch|p2a: Char!zard|Amoonguss, L50, M, shiny|100\/100\n|switch|p2b: Charizard ky&s|Maushold-Four, L50|100\/100\n|turn|1\n|\n|t:|1681957677\n|move|p1b: bussy|Helping Hand|p1a: Goku\n|-singleturn|p1a: Goku|Helping Hand|[of] p1b: bussy\n|move|p2b: Charizard ky&s|Protect|p2b: Charizard ky&s\n|-singleturn|p2b: Charizard ky&s|Protect\n|move|p1a: Goku|Aura Sphere|p2b: Charizard ky&s\n|-activate|p2b: Charizard ky&s|move: Protect\n|move|p2a: Char!zard|Spore|p1a: Goku\n|-status|p1a: Goku|slp|[from] move: Spore\n|\n|upkeep\n|turn|2\n|j| LimeadeGuy\n|\n|t:|1681957695\n|cant|p1a: Goku|slp\n|move|p2b: Charizard ky&s|Population Bomb|p1a: Goku\n|-resisted|p1a: Goku\n|-damage|p1a: Goku|92\/100 slp\n|-resisted|p1a: Goku\n|-damage|p1a: Goku|81\/100 slp\n|-resisted|p1a: Goku\n|-crit|p1a: Goku\n|-damage|p1a: Goku|67\/100 slp\n|-resisted|p1a: Goku\n|-damage|p1a: Goku|57\/100 slp\n|-resisted|p1a: Goku\n|-damage|p1a: Goku|48\/100 slp\n|-resisted|p1a: Goku\n|-damage|p1a: Goku|40\/100 slp\n|-resisted|p1a: Goku\n|-damage|p1a: Goku|31\/100 slp\n|-resisted|p1a: Goku\n|-damage|p1a: Goku|23\/100 slp\n|-resisted|p1a: Goku\n|-damage|p1a: Goku|14\/100 slp\n|-resisted|p1a: Goku\n|-damage|p1a: Goku|5\/100 slp\n|-hitcount|p1a: Goku|10\n|move|p1b: bussy|Psychic|p2b: Charizard ky&s\n|-damage|p2b: Charizard ky&s|78\/100\n|-unboost|p2b: Charizard ky&s|spd|1\n|move|p2a: Char!zard|Spore|p1b: bussy\n|-status|p1b: bussy|slp|[from] move: Spore\n|\n|upkeep\n|turn|3\n|c| LimeadeGuy|K Y AND S\n|\n|t:|1681957733\n|switch|p1a: squeeky toy|Gastrodon-East, L50, M, shiny|100\/100\n|move|p2b: Charizard ky&s|Population Bomb|p1b: bussy\n|-damage|p1b: bussy|90\/100 slp\n|-damage|p2b: Charizard ky&s|62\/100|[from] item: Rocky Helmet|[of] p1b: bussy\n|-damage|p1b: bussy|80\/100 slp\n|-damage|p2b: Charizard ky&s|45\/100|[from] item: Rocky Helmet|[of] p1b: bussy\n|-damage|p1b: bussy|71\/100 slp\n|-damage|p2b: Charizard ky&s|29\/100|[from] item: Rocky Helmet|[of] p1b: bussy\n|-damage|p1b: bussy|61\/100 slp\n|-damage|p2b: Charizard ky&s|12\/100|[from] item: Rocky Helmet|[of] p1b: bussy\n|-damage|p1b: bussy|52\/100 slp\n|-damage|p2b: Charizard ky&s|0 fnt|[from] item: Rocky Helmet|[of] p1b: bussy\n|faint|p2b: Charizard ky&s\n|-hitcount|p1b: bussy|5\n|cant|p1b: bussy|slp\n|move|p2a: Char!zard|Pollen Puff|p1a: squeeky toy\n|-damage|p1a: squeeky toy|78\/100\n|\n|upkeep\n|\n|t:|1681957753\n|switch|p2b: heybrothahowsitgon|Gholdengo, L50|100\/100\n|turn|4\n|\n|t:|1681957768\n|-terastallize|p2b: heybrothahowsitgon|Steel\n|move|p2b: heybrothahowsitgon|Make It Rain|p1a: squeeky toy|[spread] p1a,p1b\n|-resisted|p1a: squeeky toy\n|-damage|p1a: squeeky toy|32\/100\n|-damage|p1b: bussy|11\/100 slp\n|-unboost|p2b: heybrothahowsitgon|spa|1\n|-enditem|p1a: squeeky toy|Sitrus Berry|[eat]\n|-heal|p1a: squeeky toy|56\/100|[from] item: Sitrus Berry\n|cant|p1b: bussy|slp\n|move|p1a: squeeky toy|Surf|p2a: Char!zard|[spread] p1b,p2a,p2b\n|-resisted|p2a: Char!zard\n|-damage|p1b: bussy|0 fnt\n|-damage|p2a: Char!zard|88\/100\n|-damage|p2b: heybrothahowsitgon|71\/100\n|faint|p1b: bussy\n|move|p2a: Char!zard|Spore|p1a: squeeky toy\n|-status|p1a: squeeky toy|slp|[from] move: Spore\n|\n|-heal|p2a: Char!zard|94\/100|[from] item: Black Sludge\n|upkeep\n|c|\u2606stemman|hey brotha howsit goin\n|\n|t:|1681957786\n|switch|p1b: venter|Amoonguss, L50, M, shiny|100\/100\n|turn|5\n|\n|t:|1681957801\n|move|p2b: heybrothahowsitgon|Make It Rain|p1b: venter|[spread] p1a,p1b\n|-resisted|p1a: squeeky toy\n|-damage|p1a: squeeky toy|22\/100 slp\n|-damage|p1b: venter|36\/100\n|-unboost|p2b: heybrothahowsitgon|spa|1\n|cant|p1a: squeeky toy|slp\n|move|p2a: Char!zard|Spore|p1b: venter\n|-immune|p1b: venter\n|move|p1b: venter|Pollen Puff|p1a: squeeky toy\n|-heal|p1a: squeeky toy|72\/100 slp\n|\n|-heal|p1b: venter|42\/100|[from] item: Leftovers\n|-heal|p2a: Char!zard|99\/100|[from] item: Black Sludge\n|upkeep\n|turn|6\n|\n|t:|1681957831\n|move|p2b: heybrothahowsitgon|Make It Rain|p1b: venter|[spread] p1a,p1b\n|-resisted|p1a: squeeky toy\n|-damage|p1a: squeeky toy|46\/100 slp\n|-damage|p1b: venter|0 fnt\n|-unboost|p2b: heybrothahowsitgon|spa|1\n|faint|p1b: venter\n|cant|p1a: squeeky toy|slp\n|move|p2a: Char!zard|Giga Drain|p1a: squeeky toy\n|-supereffective|p1a: squeeky toy\n|-damage|p1a: squeeky toy|0 fnt\n|-heal|p2a: Char!zard|100\/100|[from] drain|[of] p1a: squeeky toy\n|faint|p1a: squeeky toy\n|\n|upkeep\n|l| LimeadeGuy\n|\n|t:|1681957848\n|switch|p1b: Goku|Lucario, L50, M, shiny|5\/100 slp\n|turn|7\n|\n|t:|1681957857\n|cant|p1b: Goku|slp\n|move|p2b: heybrothahowsitgon|Make It Rain|p1b: Goku\n|-resisted|p1b: Goku\n|-damage|p1b: Goku|0 fnt\n|-unboost|p2b: heybrothahowsitgon|spa|1\n|faint|p1b: Goku\n|\n|win|stemman\n","uploadtime":1681957871,"views":5,"p1id":"jandriel","p2id":"stemman","formatid":"gen9vgc2023regulationc","rating":0,"private":0,"password":""}