{"id":"gen9vgc2023regulationc-1859490514","p1":"Potierb","p2":"AbstractPHF","format":"[Gen 9] VGC 2023 Regulation C","log":"|j|\u2606Potierb\n|j|\u2606AbstractPHF\n|t:|1683475104\n|gametype|doubles\n|player|p1|Potierb|102|1000\n|player|p2|AbstractPHF|shauntal|1054\n|teamsize|p1|6\n|teamsize|p2|6\n|gen|9\n|tier|[Gen 9] VGC 2023 Regulation C\n|rated|\n|rule|Species Clause: Limit one of each Pok\u00e9mon\n|rule|Item Clause: Limit one of each item\n|clearpoke\n|poke|p1|Dondozo, L50, F|\n|poke|p1|Tatsugiri-Droopy, L50, M|\n|poke|p1|Glimmora, L50, M|\n|poke|p1|Chi-Yu, L50|\n|poke|p1|Flutter Mane, L50|\n|poke|p1|Dragonite, L50, M|\n|poke|p2|Arcanine, L50, M|\n|poke|p2|Amoonguss, L50, F|\n|poke|p2|Palafin, L50, M|\n|poke|p2|Scizor, L50, M|\n|poke|p2|Flutter Mane, L50|\n|poke|p2|Ting-Lu, L50|\n|teampreview|4\n|\n|t:|1683475119\n|start\n|switch|p1a: Chi-Yu|Chi-Yu, L50|100\/100\n|switch|p1b: Glimmora|Glimmora, L50, M|100\/100\n|switch|p2a: Fun Guy|Amoonguss, L50, F|100\/100\n|switch|p2b: Neptune|Palafin, L50, M|100\/100\n|-ability|p1a: Chi-Yu|Beads of Ruin\n|turn|1\n|\n|t:|1683475139\n|move|p2a: Fun Guy|Rage Powder|p2a: Fun Guy\n|-singleturn|p2a: Fun Guy|move: Rage Powder\n|move|p2b: Neptune|Flip Turn|p1a: Chi-Yu\n|-supereffective|p1a: Chi-Yu\n|-damage|p1a: Chi-Yu|3\/100\n|\n|t:|1683475147\n|detailschange|p2b: Neptune|Palafin-Hero, L50, M\n|switch|p2b: Switchblade|Scizor, L50, M|100\/100|[from] Flip Turn\n|move|p1b: Glimmora|Mortal Spin|p2b: Switchblade|[spread] p2a\n|-immune|p2b: Switchblade\n|-damage|p2a: Fun Guy|96\/100\n|move|p1a: Chi-Yu|Flamethrower|p2a: Fun Guy\n|-supereffective|p2a: Fun Guy\n|-damage|p2a: Fun Guy|9\/100\n|\n|-heal|p2a: Fun Guy|15\/100|[from] item: Black Sludge\n|upkeep\n|turn|2\n|\n|t:|1683475175\n|move|p1a: Chi-Yu|Protect|p1a: Chi-Yu\n|-singleturn|p1a: Chi-Yu|Protect\n|move|p2a: Fun Guy|Protect|p2a: Fun Guy\n|-singleturn|p2a: Fun Guy|Protect\n|move|p2b: Switchblade|Bullet Punch|p1a: Chi-Yu\n|-activate|p1a: Chi-Yu|move: Protect\n|move|p1b: Glimmora|Earth Power|p2b: Switchblade\n|-damage|p2b: Switchblade|55\/100\n|\n|-heal|p2a: Fun Guy|21\/100|[from] item: Black Sludge\n|upkeep\n|turn|3\n|\n|t:|1683475212\n|move|p1a: Chi-Yu|Protect||[still]\n|-fail|p1a: Chi-Yu\n|move|p2a: Fun Guy|Rage Powder|p2a: Fun Guy\n|-singleturn|p2a: Fun Guy|move: Rage Powder\n|move|p2b: Switchblade|Bullet Punch|p1a: Chi-Yu\n|-resisted|p1a: Chi-Yu\n|-damage|p1a: Chi-Yu|0 fnt\n|faint|p1a: Chi-Yu\n|move|p1b: Glimmora|Earth Power|p2a: Fun Guy\n|-damage|p2a: Fun Guy|4\/100\n|\n|-heal|p2a: Fun Guy|10\/100|[from] item: Black Sludge\n|upkeep\n|\n|t:|1683475225\n|switch|p1a: Dragonite|Dragonite, L50, M|100\/100\n|turn|4\n|\n|t:|1683475270\n|-terastallize|p1a: Dragonite|Normal\n|move|p1a: Dragonite|Extreme Speed|p2a: Fun Guy\n|-damage|p2a: Fun Guy|0 fnt\n|faint|p2a: Fun Guy\n|move|p2b: Switchblade|Bullet Punch|p1a: Dragonite\n|-damage|p1a: Dragonite|84\/100\n|move|p1b: Glimmora|Earth Power|p2b: Switchblade\n|-damage|p2b: Switchblade|21\/100\n|\n|upkeep\n|\n|t:|1683475282\n|switch|p2a: Neptune|Palafin-Hero, L50, M|100\/100\n|-activate|p2a: Neptune|ability: Zero to Hero\n|turn|5\n|\n|t:|1683475299\n|switch|p1b: Tatsugiri|Tatsugiri-Droopy, L50, M|100\/100\n|move|p2b: Switchblade|Protect|p2b: Switchblade\n|-singleturn|p2b: Switchblade|Protect\n|move|p1a: Dragonite|Extreme Speed|p2a: Neptune\n|-damage|p2a: Neptune|28\/100\n|move|p2a: Neptune|Wave Crash|p1b: Tatsugiri\n|-activate|p1b: Tatsugiri|ability: Storm Drain\n|-ability|p1b: Tatsugiri|Storm Drain|boost\n|-boost|p1b: Tatsugiri|spa|1\n|\n|upkeep\n|turn|6\n|\n|t:|1683475318\n|switch|p2a: Reapette|Flutter Mane, L50|100\/100\n|move|p1a: Dragonite|Extreme Speed|p2a: Reapette\n|-immune|p2a: Reapette\n|move|p1b: Tatsugiri|Muddy Water|p2b: Switchblade|[spread] p2a\n|-miss|p1b: Tatsugiri|p2b: Switchblade\n|-damage|p2a: Reapette|24\/100\n|move|p2b: Switchblade|Acrobatics|p1a: Dragonite\n|-damage|p1a: Dragonite|56\/100\n|\n|upkeep\n|turn|7\n|\n|t:|1683475334\n|-terastallize|p2a: Reapette|Fairy\n|move|p1a: Dragonite|Extreme Speed|p2b: Switchblade\n|-resisted|p2b: Switchblade\n|-damage|p2b: Switchblade|0 fnt\n|faint|p2b: Switchblade\n|move|p2a: Reapette|Dazzling Gleam|p1b: Tatsugiri|[spread] p1a,p1b\n|-supereffective|p1b: Tatsugiri\n|-damage|p1a: Dragonite|0 fnt\n|-damage|p1b: Tatsugiri|0 fnt\n|faint|p1a: Dragonite\n|faint|p1b: Tatsugiri\n|\n|upkeep\n|\n|t:|1683475348\n|switch|p1b: Glimmora|Glimmora, L50, M|100\/100\n|switch|p2b: Neptune|Palafin-Hero, L50, M|28\/100\n|turn|8\n|\n|t:|1683475356\n|move|p2b: Neptune|Jet Punch|p1b: Glimmora\n|-supereffective|p1b: Glimmora\n|-damage|p1b: Glimmora|0 fnt\n|-activate|p1b: Glimmora|ability: Toxic Debris\n|-sidestart|p2: AbstractPHF|move: Toxic Spikes\n|faint|p1b: Glimmora\n|\n|win|AbstractPHF\n|raw|Potierb's rating: 1000 → 1000<\/strong> (+0 for losing)\n|raw|AbstractPHF's rating: 1054 → 1081<\/strong> (+27 for winning)\n","uploadtime":1683475365,"views":13,"p1id":"potierb","p2id":"abstractphf","formatid":"gen9vgc2023regulationc","rating":1000,"private":0,"password":""}