{"id":"gen9vgc2023regulationc-1854848246","p1":"mence x vgc","p2":"COSMONAUTA J","format":"[Gen 9] VGC 2023 Regulation C","log":"|j|\u2606mence x vgc\n|j|\u2606COSMONAUTA J\n|t:|1682872989\n|gametype|doubles\n|player|p1|mence x vgc|koga|1369\n|player|p2|COSMONAUTA J|cyrus|1275\n|teamsize|p1|6\n|teamsize|p2|6\n|gen|9\n|tier|[Gen 9] VGC 2023 Regulation C\n|rated|\n|rule|Species Clause: Limit one of each Pok\u00e9mon\n|rule|Item Clause: Limit one of each item\n|clearpoke\n|poke|p1|Amoonguss, L50, F|\n|poke|p1|Gyarados, L50, F|\n|poke|p1|Baxcalibur, L50, M|\n|poke|p1|Flutter Mane, L50|\n|poke|p1|Chi-Yu, L50|\n|poke|p1|Ting-Lu, L50|\n|poke|p2|Palafin, L50, M|\n|poke|p2|Arcanine, L50, M|\n|poke|p2|Baxcalibur, L50, M|\n|poke|p2|Amoonguss, L50, M|\n|poke|p2|Flutter Mane, L50|\n|poke|p2|Ting-Lu, L50|\n|teampreview|4\n|inactive|Battle timer is ON: inactive players will automatically lose when time's up. (requested by mence x vgc)\nCOSMONAUTA J has agreed to open team sheets.\n|inactive|mence x vgc has 60 seconds left.\n|inactive|mence x vgc has 30 seconds left.\n|inactive|mence x vgc has 20 seconds left.\n|inactive|mence x vgc has 15 seconds left.\n|inactive|mence x vgc has 10 seconds left.\n|\n|t:|1682873071\n|start\n|switch|p1a: Baxcalibur|Baxcalibur, L50, M|100\/100\n|switch|p1b: Amoonguss|Amoonguss, L50, F, shiny|100\/100\n|switch|p2a: t\u00f4bem|Ting-Lu, L50|100\/100\n|switch|p2b: O Cara de \u00d3culos|Arcanine, L50, M|100\/100\n|-ability|p2b: O Cara de \u00d3culos|Intimidate|boost\n|-fail|p1a: Baxcalibur|unboost|[from] item: Clear Amulet|[of] p1a: Baxcalibur\n|-unboost|p1b: Amoonguss|atk|1\n|-ability|p2a: t\u00f4bem|Vessel of Ruin\n|turn|1\n|\n|t:|1682873094\n|switch|p2a: bala fini|Amoonguss, L50, M, shiny|100\/100\n|switch|p1b: Gyarados|Gyarados, L50, F, shiny|100\/100\n|-ability|p1b: Gyarados|Intimidate|boost\n|-unboost|p2a: bala fini|atk|1\n|-unboost|p2b: O Cara de \u00d3culos|atk|1\n|move|p1a: Baxcalibur|Dragon Dance|p1a: Baxcalibur\n|-boost|p1a: Baxcalibur|atk|1\n|-boost|p1a: Baxcalibur|spe|1\n|move|p2b: O Cara de \u00d3culos|Flare Blitz|p1b: Gyarados\n|-resisted|p1b: Gyarados\n|-damage|p1b: Gyarados|86\/100\n|-damage|p2b: O Cara de \u00d3culos|95\/100|[from] Recoil\n|\n|upkeep\n|turn|2\n|\n|t:|1682873116\n|switch|p2b: penumbra|Flutter Mane, L50, shiny|100\/100\n|move|p1a: Baxcalibur|Dragon Dance|p1a: Baxcalibur\n|-boost|p1a: Baxcalibur|atk|1\n|-boost|p1a: Baxcalibur|spe|1\n|move|p1b: Gyarados|Taunt|p2a: bala fini\n|-start|p2a: bala fini|move: Taunt\n|cant|p2a: bala fini|move: Taunt|Spore\n|\n|upkeep\n|turn|3\n|\n|t:|1682873138\n|-end|p2b: penumbra|Protosynthesis|[silent]\n|switch|p2b: O Cara de \u00d3culos|Arcanine, L50, M|95\/100\n|-ability|p2b: O Cara de \u00d3culos|Intimidate|boost\n|-fail|p1a: Baxcalibur|unboost|[from] item: Clear Amulet|[of] p1a: Baxcalibur\n|-unboost|p1b: Gyarados|atk|1\n|switch|p1b: Amoonguss|Amoonguss, L50, F, shiny|100\/100\n|-terastallize|p2a: bala fini|Water\n|move|p1a: Baxcalibur|Icicle Crash|p2b: O Cara de \u00d3culos\n|-resisted|p2b: O Cara de \u00d3culos\n|-damage|p2b: O Cara de \u00d3culos|42\/100\n|move|p2a: bala fini|Clear Smog|p1a: Baxcalibur\n|-damage|p1a: Baxcalibur|84\/100\n|-clearboost|p1a: Baxcalibur\n|\n|upkeep\n|turn|4\n|inactive|mence x vgc has 30 seconds left.\n|\n|t:|1682873169\n|-terastallize|p1b: Amoonguss|Water\n|move|p1a: Baxcalibur|Dragon Dance|p1a: Baxcalibur\n|-boost|p1a: Baxcalibur|atk|1\n|-boost|p1a: Baxcalibur|spe|1\n|move|p2b: O Cara de \u00d3culos|Flare Blitz|p1b: Amoonguss\n|-resisted|p1b: Amoonguss\n|-damage|p1b: Amoonguss|76\/100\n|-damage|p2b: O Cara de \u00d3culos|32\/100|[from] Recoil\n|move|p1b: Amoonguss|Spore|p2a: bala fini\n|-status|p2a: bala fini|slp|[from] move: Spore\n|cant|p2a: bala fini|slp\n|\n|-end|p2a: bala fini|move: Taunt\n|upkeep\n|turn|5\n|inactive|mence x vgc has 30 seconds left.\n|\n|t:|1682873202\n|switch|p2a: penumbra|Flutter Mane, L50, shiny|100\/100\n|switch|p1b: Gyarados|Gyarados, L50, F, shiny|86\/100\n|-ability|p1b: Gyarados|Intimidate|boost\n|-unboost|p2a: penumbra|atk|1\n|-unboost|p2b: O Cara de \u00d3culos|atk|1\n|move|p2b: O Cara de \u00d3culos|Protect|p2b: O Cara de \u00d3culos\n|-singleturn|p2b: O Cara de \u00d3culos|Protect\n|move|p1a: Baxcalibur|Icicle Crash|p2b: O Cara de \u00d3culos\n|-activate|p2b: O Cara de \u00d3culos|move: Protect\n|\n|upkeep\n|turn|6\n|\n|t:|1682873221\n|switch|p2b: bala fini|Amoonguss, L50, M, shiny, tera:Water|100\/100 slp\n|move|p1a: Baxcalibur|Icicle Crash|p2a: penumbra\n|-damage|p2a: penumbra|0 fnt\n|faint|p2a: penumbra\n|-end|p2a: penumbra|Protosynthesis|[silent]\n|move|p1b: Gyarados|Waterfall|p2b: bala fini\n|-resisted|p2b: bala fini\n|-damage|p2b: bala fini|88\/100 slp\n|\n|upkeep\n|-message|COSMONAUTA J forfeited.\n|\n|win|mence x vgc\n|raw|mence x vgc's rating: 1369 → 1384<\/strong> (+15 for winning)\n|raw|COSMONAUTA J's rating: 1275 → 1257<\/strong> (-18 for losing)\n|l|\u2606COSMONAUTA J\n","uploadtime":1682873238,"views":14,"p1id":"mencexvgc","p2id":"cosmonautaj","formatid":"gen9vgc2023regulationc","rating":1257,"private":0,"password":""}