{"id":"gen9vgc2023regulationc-1845107403","p1":"Steakman5","p2":"jitler uwu","format":"[Gen 9] VGC 2023 Regulation C","log":"|j|\u2606Steakman5\n|j|\u2606jitler uwu\n|t:|1681684381\n|gametype|doubles\n|player|p1|Steakman5|tuber|1022\n|player|p2|jitler uwu|medium|1069\n|teamsize|p1|6\n|teamsize|p2|6\n|gen|9\n|tier|[Gen 9] VGC 2023 Regulation C\n|rated|\n|rule|Species Clause: Limit one of each Pok\u00e9mon\n|rule|Item Clause: Limit one of each item\n|clearpoke\n|poke|p1|Chi-Yu, L50|\n|poke|p1|Palafin, L50, M|\n|poke|p1|Maushold-Four, L50|\n|poke|p1|Annihilape, L50, M|\n|poke|p1|Brute Bonnet, L50|\n|poke|p1|Flutter Mane, L50|\n|poke|p2|Chien-Pao, L50|\n|poke|p2|Dragonite, L50, F|\n|poke|p2|Arcanine, L50, F|\n|poke|p2|Ceruledge, L50, F|\n|poke|p2|Palafin, L50, M|\n|poke|p2|Iron Hands, L50|\n|teampreview|4\n|\n|t:|1681684416\n|start\n|switch|p1a: Palafin|Palafin, L50, M|100\/100\n|switch|p1b: Maushold|Maushold-Four, L50|100\/100\n|switch|p2a: Ceruledge|Ceruledge, L50, F|100\/100\n|switch|p2b: Palafin|Palafin, L50, M|100\/100\n|turn|1\n|inactive|Battle timer is ON: inactive players will automatically lose when time's up. (requested by jitler uwu)\n|\n|t:|1681684441\n|detailschange|p2b: Palafin|Palafin-Hero, L50, M\n|switch|p2b: Arcanine|Arcanine, L50, F|100\/100\n|-ability|p2b: Arcanine|Intimidate|boost\n|-unboost|p1a: Palafin|atk|1\n|-unboost|p1b: Maushold|atk|1\n|-terastallize|p1a: Palafin|Water\n|move|p1b: Maushold|Follow Me|p1b: Maushold\n|-singleturn|p1b: Maushold|move: Follow Me\n|move|p1a: Palafin|Jet Punch|p2a: Ceruledge\n|-supereffective|p2a: Ceruledge\n|-damage|p2a: Ceruledge|50\/100\n|move|p2a: Ceruledge|Bitter Blade|p1b: Maushold\n|-damage|p1b: Maushold|43\/100\n|-heal|p2a: Ceruledge|81\/100|[from] drain|[of] p1b: Maushold\n|\n|upkeep\n|turn|2\n|inactive|jitler uwu has 30 seconds left.\n|\n|t:|1681684471\n|detailschange|p1a: Palafin|Palafin-Hero, L50, M, tera:Water\n|switch|p1a: Annihilape|Annihilape, L50, M|100\/100\n|move|p2b: Arcanine|Protect|p2b: Arcanine\n|-singleturn|p2b: Arcanine|Protect\n|move|p1b: Maushold|Beat Up|p1a: Annihilape\n|-damage|p1a: Annihilape|99\/100\n|-damage|p1a: Annihilape|97\/100\n|-damage|p1a: Annihilape|95\/100\n|-damage|p1a: Annihilape|94\/100\n|-hitcount|p1a: Annihilape|4\n|move|p2a: Ceruledge|Bitter Blade|p1b: Maushold\n|-damage|p1b: Maushold|0 fnt\n|-heal|p2a: Ceruledge|100\/100|[from] drain|[of] p1b: Maushold\n|faint|p1b: Maushold\n|\n|upkeep\n|\n|t:|1681684485\n|switch|p1b: Palafin|Palafin-Hero, L50, M, tera:Water|100\/100\n|-activate|p1b: Palafin|ability: Zero to Hero\n|turn|3\n|\n|t:|1681684498\n|move|p2b: Arcanine|Extreme Speed|p1b: Palafin\n|-damage|p1b: Palafin|74\/100\n|move|p1b: Palafin|Jet Punch|p2a: Ceruledge\n|-supereffective|p2a: Ceruledge\n|-damage|p2a: Ceruledge|0 fnt\n|faint|p2a: Ceruledge\n|move|p1a: Annihilape|Bulk Up|p1a: Annihilape\n|-boost|p1a: Annihilape|atk|1\n|-boost|p1a: Annihilape|def|1\n|\n|upkeep\n|\n|t:|1681684511\n|switch|p2a: Palafin|Palafin-Hero, L50, M|100\/100\n|-activate|p2a: Palafin|ability: Zero to Hero\n|turn|4\n|\n|t:|1681684535\n|move|p1b: Palafin|Jet Punch|p2b: Arcanine\n|-supereffective|p2b: Arcanine\n|-damage|p2b: Arcanine|0 fnt\n|faint|p2b: Arcanine\n|move|p2a: Palafin|Wave Crash|p1a: Annihilape\n|-damage|p1a: Annihilape|33\/100\n|-damage|p2a: Palafin|75\/100|[from] Recoil\n|move|p1a: Annihilape|Rage Fist|p2a: Palafin\n|-crit|p2a: Palafin\n|-damage|p2a: Palafin|0 fnt\n|faint|p2a: Palafin\n|\n|upkeep\n|\n|t:|1681684548\n|switch|p2b: Chien-Pao|Chien-Pao, L50|100\/100\n|-ability|p2b: Chien-Pao|Sword of Ruin\n|turn|5\n|\n|t:|1681684558\n|move|p2b: Chien-Pao|Protect|p2b: Chien-Pao\n|-singleturn|p2b: Chien-Pao|Protect\n|move|p1a: Annihilape|Protect|p1a: Annihilape\n|-singleturn|p1a: Annihilape|Protect\n|move|p1b: Palafin|Jet Punch|p2b: Chien-Pao\n|-activate|p2b: Chien-Pao|move: Protect\n|\n|upkeep\n|turn|6\n|\n|t:|1681684570\n|move|p1b: Palafin|Jet Punch|p2b: Chien-Pao\n|-damage|p2b: Chien-Pao|18\/100\n|move|p2b: Chien-Pao|Crunch|p1a: Annihilape\n|-damage|p1a: Annihilape|0 fnt\n|faint|p1a: Annihilape\n|\n|upkeep\n|\n|t:|1681684576\n|switch|p1a: Chi-Yu|Chi-Yu, L50|100\/100\n|-ability|p1a: Chi-Yu|Beads of Ruin\n|turn|7\n|\n|t:|1681684583\n|move|p2b: Chien-Pao|Protect|p2b: Chien-Pao\n|-singleturn|p2b: Chien-Pao|Protect\n|move|p1b: Palafin|Jet Punch|p2b: Chien-Pao\n|-activate|p2b: Chien-Pao|move: Protect\n|move|p1a: Chi-Yu|Heat Wave|p2b: Chien-Pao\n|-activate|p2b: Chien-Pao|move: Protect\n|\n|upkeep\n|turn|8\n|\n|t:|1681684596\n|-terastallize|p2b: Chien-Pao|Fighting\n|move|p1b: Palafin|Jet Punch|p2b: Chien-Pao\n|-damage|p2b: Chien-Pao|0 fnt\n|faint|p2b: Chien-Pao\n|\n|win|Steakman5\n|raw|Steakman5's rating: 1022 → 1064<\/strong> (+42 for winning)\n|raw|jitler uwu's rating: 1069 → 1046<\/strong> (-23 for losing)\n|c|\u2606Steakman5|gg\n|l|\u2606jitler uwu\n","uploadtime":1681684604,"views":7,"p1id":"steakman5","p2id":"jitleruwu","formatid":"gen9vgc2023regulationc","rating":1046,"private":0,"password":""}