{"id":"gen9vgc2023regulationc-1855755016","p1":"Felipe.Miller.V","p2":"rRedl","format":"[Gen 9] VGC 2023 Regulation C","log":"|j|\u2606Felipe.Miller.V\n|j|\u2606rRedl\n|t:|1682980349\n|gametype|doubles\n|player|p1|Felipe.Miller.V|170|1355\n|player|p2|rRedl|ethan|1329\n|teamsize|p1|6\n|teamsize|p2|6\n|gen|9\n|tier|[Gen 9] VGC 2023 Regulation C\n|rated|\n|rule|Species Clause: Limit one of each Pok\u00e9mon\n|rule|Item Clause: Limit one of each item\n|clearpoke\n|poke|p1|Bruxish, L50, F|\n|poke|p1|Copperajah, L50, M|\n|poke|p1|Sylveon, L50, F|\n|poke|p1|Appletun, L50, M|\n|poke|p1|Heracross, L50, F|\n|poke|p1|Oranguru, L50, M|\n|poke|p2|Flutter Mane, L50|\n|poke|p2|Chi-Yu, L50|\n|poke|p2|Tyranitar, L50, F|\n|poke|p2|Talonflame, L50, M|\n|poke|p2|Revavroom, L50, F|\n|poke|p2|Arcanine, L50, F|\n|teampreview|4\n|\n|t:|1682980380\n|start\n|switch|p1a: Bruxish|Bruxish, L50, F, shiny|100\/100\n|switch|p1b: Sylveon|Sylveon, L50, F, shiny|100\/100\n|switch|p2a: Revavroom|Revavroom, L50, F|100\/100\n|switch|p2b: Tyranitar|Tyranitar, L50, F|100\/100\n|-weather|Sandstorm|[from] ability: Sand Stream|[of] p2b: Tyranitar\n|turn|1\n|inactive|Battle timer is ON: inactive players will automatically lose when time's up. (requested by rRedl)\n|\n|t:|1682980399\n|-terastallize|p1b: Sylveon|Grass\n|move|p2a: Revavroom|Toxic Spikes|p1a: Bruxish\n|-sidestart|p1: Felipe.Miller.V|move: Toxic Spikes\n|move|p2b: Tyranitar|Rock Slide|p1a: Bruxish|[spread] p1b\n|-miss|p2b: Tyranitar|p1a: Bruxish\n|-damage|p1b: Sylveon|57\/100\n|move|p1b: Sylveon|Hyper Voice|p2a: Revavroom|[spread] p2a,p2b\n|-resisted|p2a: Revavroom\n|-supereffective|p2b: Tyranitar\n|-damage|p2a: Revavroom|83\/100\n|-damage|p2b: Tyranitar|42\/100\n|-enditem|p2a: Revavroom|Red Card|[of] p1b: Sylveon\n|drag|p1b: Copperajah|Copperajah, L50, M, shiny|100\/100\n|move|p1a: Bruxish|Trick Room|p1a: Bruxish\n|-fieldstart|move: Trick Room|[of] p1a: Bruxish\n|\n|-weather|Sandstorm|[upkeep]\n|-damage|p1a: Bruxish|95\/100|[from] Sandstorm\n|upkeep\n|turn|2\n|inactive|Felipe.Miller.V has 30 seconds left.\n|inactive|rRedl has 30 seconds left.\n|inactive|rRedl has 20 seconds left.\n|inactive|rRedl has 15 seconds left.\n|\n|t:|1682980441\n|switch|p2b: Arcanine|Arcanine, L50, F|100\/100\n|-ability|p2b: Arcanine|Intimidate|boost\n|-unboost|p1a: Bruxish|atk|1\n|-unboost|p1b: Copperajah|atk|1\n|move|p1b: Copperajah|Curse|p1b: Copperajah\n|-unboost|p1b: Copperajah|spe|1\n|-boost|p1b: Copperajah|atk|1\n|-boost|p1b: Copperajah|def|1\n|move|p1a: Bruxish|Wave Crash|p2b: Arcanine\n|-supereffective|p2b: Arcanine\n|-damage|p2b: Arcanine|22\/100\n|-damage|p1a: Bruxish|68\/100|[from] Recoil\n|move|p2a: Revavroom|Poison Jab|p1a: Bruxish\n|-damage|p1a: Bruxish|6\/100\n|\n|-weather|Sandstorm|[upkeep]\n|-damage|p1a: Bruxish|0 fnt|[from] Sandstorm\n|-damage|p2b: Arcanine|16\/100|[from] Sandstorm\n|faint|p1a: Bruxish\n|upkeep\n|\n|t:|1682980465\n|switch|p1a: Sylveon|Sylveon, L50, F, shiny, tera:Grass|57\/100\n|-status|p1a: Sylveon|psn\n|turn|3\n|\n|t:|1682980474\n|move|p2b: Arcanine|Protect|p2b: Arcanine\n|-singleturn|p2b: Arcanine|Protect\n|move|p1b: Copperajah|Zen Headbutt|p2a: Revavroom\n|-damage|p2a: Revavroom|23\/100\n|move|p1a: Sylveon|Hyper Voice|p2b: Arcanine|[spread] p2a\n|-activate|p2b: Arcanine|move: Protect\n|-resisted|p2a: Revavroom\n|-damage|p2a: Revavroom|5\/100\n|move|p2a: Revavroom|Poison Jab|p1a: Sylveon\n|-supereffective|p1a: Sylveon\n|-damage|p1a: Sylveon|0 fnt\n|faint|p1a: Sylveon\n|\n|-weather|Sandstorm|[upkeep]\n|-damage|p2b: Arcanine|9\/100|[from] Sandstorm\n|upkeep\n|\n|t:|1682980487\n|switch|p1a: Appletun|Appletun, L50, M, shiny|100\/100\n|-status|p1a: Appletun|psn\n|turn|4\n|\n|t:|1682980509\n|switch|p2b: Tyranitar|Tyranitar, L50, F|42\/100\n|move|p2a: Revavroom|Protect|p2a: Revavroom\n|-singleturn|p2a: Revavroom|Protect\n|move|p1b: Copperajah|Iron Head|p2a: Revavroom\n|-activate|p2a: Revavroom|move: Protect\n|move|p1a: Appletun|Dragon Pulse|p2b: Tyranitar\n|-damage|p2b: Tyranitar|22\/100\n|\n|-weather|Sandstorm|[upkeep]\n|-damage|p1a: Appletun|95\/100 psn|[from] Sandstorm\n|-damage|p1a: Appletun|82\/100 psn|[from] psn\n|upkeep\n|turn|5\n|\n|t:|1682980529\n|switch|p2a: Arcanine|Arcanine, L50, F|9\/100\n|-ability|p2a: Arcanine|Intimidate|boost\n|-unboost|p1a: Appletun|atk|1\n|-unboost|p1b: Copperajah|atk|1\n|move|p1b: Copperajah|Zen Headbutt|p2a: Arcanine\n|-damage|p2a: Arcanine|0 fnt\n|faint|p2a: Arcanine\n|move|p1a: Appletun|Apple Acid|p2b: Tyranitar\n|-supereffective|p2b: Tyranitar\n|-damage|p2b: Tyranitar|0 fnt\n|faint|p2b: Tyranitar\n|\n|-weather|none\n|-damage|p1a: Appletun|70\/100 psn|[from] psn\n|-fieldend|move: Trick Room\n|upkeep\n|\n|t:|1682980546\n|switch|p2a: Flutter Mane|Flutter Mane, L50|100\/100\n|switch|p2b: Revavroom|Revavroom, L50, F|5\/100\n|turn|6\n|\n|t:|1682980563\n|move|p1a: Appletun|Sucker Punch|p2b: Revavroom\n|-damage|p2b: Revavroom|0 fnt\n|faint|p2b: Revavroom\n|move|p2a: Flutter Mane|Shadow Ball|p1b: Copperajah\n|-damage|p1b: Copperajah|37\/100\n|move|p1b: Copperajah|Iron Head|p2a: Flutter Mane\n|-supereffective|p2a: Flutter Mane\n|-damage|p2a: Flutter Mane|0 fnt\n|faint|p2a: Flutter Mane\n|-end|p2a: Flutter Mane|Protosynthesis|[silent]\n|\n|win|Felipe.Miller.V\n|raw|Felipe.Miller.V's rating: 1355 → 1374<\/strong> (+19 for winning)\n|raw|rRedl's rating: 1329 → 1310<\/strong> (-19 for losing)\n","uploadtime":1682980575,"views":19,"p1id":"felipemillerv","p2id":"rredl","formatid":"gen9vgc2023regulationc","rating":1310,"private":0,"password":""}