{"id":"gen9vgc2023regulationc-1847243008","p1":"Slithy","p2":"KoramTrainer","format":"[Gen 9] VGC 2023 Regulation C","log":"|j|\u2606Slithy\n|j|\u2606KoramTrainer\n|t:|1681930809\n|gametype|doubles\n|player|p1|Slithy|palmer|1273\n|player|p2|KoramTrainer|hilbert|1344\n|teamsize|p1|6\n|teamsize|p2|6\n|gen|9\n|tier|[Gen 9] VGC 2023 Regulation C\n|rated|\n|rule|Species Clause: Limit one of each Pok\u00e9mon\n|rule|Item Clause: Limit one of each item\n|clearpoke\n|poke|p1|Palafin, L50, M|\n|poke|p1|Flutter Mane, L50|\n|poke|p1|Chi-Yu, L50|\n|poke|p1|Lurantis, L50, F|\n|poke|p1|Grimmsnarl, L50, M|\n|poke|p1|Scizor, L50, M|\n|poke|p2|Grimmsnarl, L50, M|\n|poke|p2|Tatsugiri, L50, F|\n|poke|p2|Dondozo, L50, F|\n|poke|p2|Gholdengo, L50|\n|poke|p2|Chi-Yu, L50|\n|poke|p2|Murkrow, L50, F|\n|teampreview|4\n|inactive|Battle timer is ON: inactive players will automatically lose when time's up. (requested by KoramTrainer)\n|\n|t:|1681930837\n|start\n|switch|p1a: Chi-Yu|Chi-Yu, L50|100\/100\n|switch|p1b: Flutter Mane|Flutter Mane, L50|100\/100\n|switch|p2a: Grimmsnarl|Grimmsnarl, L50, M|100\/100\n|switch|p2b: Dondozo|Dondozo, L50, F|100\/100\n|-ability|p1a: Chi-Yu|Beads of Ruin\n|turn|1\n|\n|t:|1681930859\n|switch|p1a: Grimmsnarl|Grimmsnarl, L50, M|100\/100\n|move|p2b: Dondozo|Protect|p2b: Dondozo\n|-singleturn|p2b: Dondozo|Protect\n|move|p2a: Grimmsnarl|Light Screen|p2a: Grimmsnarl\n|-sidestart|p2: KoramTrainer|move: Light Screen\n|move|p1b: Flutter Mane|Moonblast|p2a: Grimmsnarl\n|-supereffective|p2a: Grimmsnarl\n|-damage|p2a: Grimmsnarl|26\/100\n|-damage|p1b: Flutter Mane|91\/100|[from] item: Life Orb\n|\n|upkeep\n|turn|2\n|\n|t:|1681930876\n|move|p2a: Grimmsnarl|Parting Shot|p1b: Flutter Mane\n|-unboost|p1b: Flutter Mane|atk|1\n|-unboost|p1b: Flutter Mane|spa|1\n|\n|t:|1681930879\n|switch|p2a: Tatsugiri|Tatsugiri, L50, F|100\/100|[from] Parting Shot\n|-activate|p2a: Tatsugiri|ability: Commander|[of] p2b: Dondozo\n|-boost|p2b: Dondozo|atk|2\n|-boost|p2b: Dondozo|spa|2\n|-boost|p2b: Dondozo|spe|2\n|-boost|p2b: Dondozo|def|2\n|-boost|p2b: Dondozo|spd|2\n|move|p1a: Grimmsnarl|Reflect|p1a: Grimmsnarl\n|-sidestart|p1: Slithy|Reflect\n|move|p2b: Dondozo|Earthquake|p1a: Grimmsnarl|[spread] p1a,p1b\n|-miss|p2b: Dondozo|p2a: Tatsugiri\n|-damage|p1a: Grimmsnarl|71\/100\n|-damage|p1b: Flutter Mane|53\/100\n|move|p1b: Flutter Mane|Dazzling Gleam|p2b: Dondozo|[spread] p2b\n|-miss|p1b: Flutter Mane|p2a: Tatsugiri\n|-damage|p2b: Dondozo|89\/100\n|-damage|p1b: Flutter Mane|43\/100|[from] item: Life Orb\n|\n|upkeep\n|turn|3\n|inactive|Slithy has 30 seconds left.\n|inactive|KoramTrainer has 30 seconds left.\n|\n|t:|1681930909\n|-end|p1b: Flutter Mane|Protosynthesis|[silent]\n|switch|p1b: Lurantis|Lurantis, L50, F|100\/100\n|move|p1a: Grimmsnarl|Scary Face|p2b: Dondozo\n|-fail|p2b: Dondozo|unboost|[from] item: Clear Amulet|[of] p2b: Dondozo\n|move|p2b: Dondozo|Wave Crash|p1b: Lurantis\n|-resisted|p1b: Lurantis\n|-damage|p1b: Lurantis|58\/100\n|-damage|p2b: Dondozo|79\/100|[from] Recoil\n|\n|-heal|p1b: Lurantis|64\/100|[from] item: Leftovers\n|upkeep\n|turn|4\n|\n|t:|1681930929\n|-terastallize|p2b: Dondozo|Grass\n|move|p1a: Grimmsnarl|Light Screen|p1a: Grimmsnarl\n|-sidestart|p1: Slithy|move: Light Screen\n|move|p2b: Dondozo|Earthquake|p1a: Grimmsnarl|[spread] p1a,p1b\n|-miss|p2b: Dondozo|p2a: Tatsugiri\n|-resisted|p1b: Lurantis\n|-crit|p1b: Lurantis\n|-damage|p1a: Grimmsnarl|41\/100\n|-damage|p1b: Lurantis|25\/100\n|move|p1b: Lurantis|Leaf Storm|p2b: Dondozo\n|-resisted|p2b: Dondozo\n|-damage|p2b: Dondozo|71\/100\n|-boost|p1b: Lurantis|spa|2\n|\n|-heal|p1b: Lurantis|31\/100|[from] item: Leftovers\n|upkeep\n|turn|5\n|\n|t:|1681930950\n|move|p1a: Grimmsnarl|Scary Face|p1b: Lurantis\n|-boost|p1b: Lurantis|spe|2\n|move|p2b: Dondozo|Earthquake|p1a: Grimmsnarl|[spread] p1a,p1b\n|-miss|p2b: Dondozo|p2a: Tatsugiri\n|-resisted|p1b: Lurantis\n|-damage|p1a: Grimmsnarl|10\/100\n|-damage|p1b: Lurantis|13\/100\n|move|p1b: Lurantis|Pollen Puff|p2b: Dondozo\n|-supereffective|p2b: Dondozo\n|-damage|p2b: Dondozo|55\/100\n|\n|-heal|p1b: Lurantis|19\/100|[from] item: Leftovers\n|upkeep\n|turn|6\n|\n|t:|1681930971\n|move|p1a: Grimmsnarl|Scary Face|p1b: Lurantis\n|-boost|p1b: Lurantis|spe|2\n|move|p1b: Lurantis|Pollen Puff|p1a: Grimmsnarl\n|-heal|p1a: Grimmsnarl|60\/100\n|move|p2b: Dondozo|Earthquake|p1a: Grimmsnarl|[spread] p1a,p1b\n|-miss|p2b: Dondozo|p2a: Tatsugiri\n|-resisted|p1b: Lurantis\n|-damage|p1a: Grimmsnarl|33\/100\n|-damage|p1b: Lurantis|2\/100\n|\n|-heal|p1b: Lurantis|8\/100|[from] item: Leftovers\n|upkeep\n|turn|7\n|\n|t:|1681930993\n|move|p1b: Lurantis|Protect|p1b: Lurantis\n|-singleturn|p1b: Lurantis|Protect\n|move|p2b: Dondozo|Earthquake|p1b: Lurantis|[spread] p1a\n|-miss|p2b: Dondozo|p2a: Tatsugiri\n|-activate|p1b: Lurantis|move: Protect\n|-damage|p1a: Grimmsnarl|1\/100\n|move|p1a: Grimmsnarl|Spirit Break|p2b: Dondozo\n|-damage|p2b: Dondozo|45\/100\n|\n|-heal|p1b: Lurantis|14\/100|[from] item: Leftovers\n|upkeep\n|turn|8\n|inactive|Slithy has 30 seconds left.\n|\n|t:|1681931021\n|switch|p1a: Flutter Mane|Flutter Mane, L50|43\/100\n|move|p1b: Lurantis|Pollen Puff|p1a: Flutter Mane\n|-heal|p1a: Flutter Mane|93\/100\n|move|p2b: Dondozo|Earthquake|p1a: Flutter Mane|[spread] p1a,p1b\n|-miss|p2b: Dondozo|p2a: Tatsugiri\n|-resisted|p1b: Lurantis\n|-damage|p1a: Flutter Mane|58\/100\n|-damage|p1b: Lurantis|0 fnt\n|faint|p1b: Lurantis\n|\n|-sideend|p2: KoramTrainer|move: Light Screen\n|upkeep\n|\n|t:|1681931036\n|switch|p1b: Chi-Yu|Chi-Yu, L50|100\/100\n|-ability|p1b: Chi-Yu|Beads of Ruin\n|turn|9\n|\n|t:|1681931057\n|-terastallize|p1b: Chi-Yu|Water\n|move|p2b: Dondozo|Protect|p2b: Dondozo\n|-singleturn|p2b: Dondozo|Protect\n|move|p1a: Flutter Mane|Moonblast|p2b: Dondozo\n|-activate|p2b: Dondozo|move: Protect\n|move|p1b: Chi-Yu|Nasty Plot|p1b: Chi-Yu\n|-boost|p1b: Chi-Yu|spa|2\n|\n|-sideend|p1: Slithy|Reflect\n|upkeep\n|turn|10\n|inactive|Slithy has 30 seconds left.\n|\n|t:|1681931090\n|move|p1a: Flutter Mane|Protect|p1a: Flutter Mane\n|-singleturn|p1a: Flutter Mane|Protect\n|move|p2b: Dondozo|Tera Blast|p1b: Chi-Yu\n|-supereffective|p1b: Chi-Yu\n|-damage|p1b: Chi-Yu|0 fnt\n|faint|p1b: Chi-Yu\n|\n|upkeep\n|\n|t:|1681931098\n|switch|p1b: Grimmsnarl|Grimmsnarl, L50, M|1\/100\n|turn|11\n|\n|t:|1681931104\n|move|p2b: Dondozo|Earthquake|p1a: Flutter Mane|[spread] p1a,p1b\n|-miss|p2b: Dondozo|p2a: Tatsugiri\n|-damage|p1a: Flutter Mane|0 fnt\n|-damage|p1b: Grimmsnarl|0 fnt\n|faint|p1a: Flutter Mane\n|-end|p1a: Flutter Mane|Protosynthesis|[silent]\n|faint|p1b: Grimmsnarl\n|\n|win|KoramTrainer\n|raw|Slithy's rating: 1273 → 1253<\/strong> (-20 for losing)\n|raw|KoramTrainer's rating: 1344 → 1360<\/strong> (+16 for winning)\n|l|\u2606Slithy\n","uploadtime":1681931121,"views":18,"p1id":"slithy","p2id":"koramtrainer","formatid":"gen9vgc2023regulationc","rating":1253,"private":0,"password":""}