{"id":"gen9vgc2023regulationc-1852498230","p1":"RegulationD","p2":"mugiwaraLux","format":"[Gen 9] VGC 2023 Regulation C","log":"|j|\u2606RegulationD\n|j|\u2606mugiwaraLux\n|t:|1682565565\n|gametype|doubles\n|player|p1|RegulationD|psychic-lgpe|1421\n|player|p2|mugiwaraLux|265|1356\n|teamsize|p1|6\n|teamsize|p2|6\n|gen|9\n|tier|[Gen 9] VGC 2023 Regulation C\n|rated|\n|rule|Species Clause: Limit one of each Pok\u00e9mon\n|rule|Item Clause: Limit one of each item\n|clearpoke\n|poke|p1|Chi-Yu, L50|\n|poke|p1|Baxcalibur, L50, F|\n|poke|p1|Flutter Mane, L50|\n|poke|p1|Gyarados, L50, M|\n|poke|p1|Glimmora, L50, M|\n|poke|p1|Scizor, L50, F|\n|poke|p2|Palafin, L50, M|\n|poke|p2|Amoonguss, L50, F|\n|poke|p2|Flutter Mane, L50|\n|poke|p2|Arcanine, L50, M|\n|poke|p2|Chien-Pao, L50|\n|poke|p2|Roaring Moon, L50|\n|teampreview|4\n|inactive|Battle timer is ON: inactive players will automatically lose when time's up. (requested by mugiwaraLux)\nRegulationD has agreed to open team sheets.\nmugiwaraLux has agreed to open team sheets.\n|inactive|RegulationD has 60 seconds left.\n|inactive|mugiwaraLux has 60 seconds left.\n|inactive|RegulationD has 30 seconds left.\n|inactive|RegulationD has 20 seconds left.\n|\n|t:|1682565640\n|start\n|switch|p1a: Gyarados|Gyarados, L50, M, shiny|100\/100\n|switch|p1b: Flutter Mane|Flutter Mane, L50|100\/100\n|switch|p2a: Palafin|Palafin, L50, M|100\/100\n|switch|p2b: Chien-Pao|Chien-Pao, L50|100\/100\n|-ability|p2b: Chien-Pao|Sword of Ruin\n|-ability|p1a: Gyarados|Intimidate|boost\n|-unboost|p2a: Palafin|atk|1\n|-unboost|p2b: Chien-Pao|atk|1\n|-enditem|p1b: Flutter Mane|Booster Energy\n|-activate|p1b: Flutter Mane|ability: Protosynthesis|[fromitem]\n|-start|p1b: Flutter Mane|protosynthesisspa\n|turn|1\n|inactive|RegulationD has 30 seconds left.\n|inactive|mugiwaraLux has 30 seconds left.\n|inactive|RegulationD has 20 seconds left.\n|inactive|RegulationD has 15 seconds left.\n|inactive|RegulationD has 10 seconds left.\n|\n|t:|1682565688\n|detailschange|p2a: Palafin|Palafin-Hero, L50, M\n|switch|p2a: Arcanine|Arcanine, L50, M|100\/100\n|-ability|p2a: Arcanine|Intimidate|boost\n|-unboost|p1a: Gyarados|atk|1\n|-unboost|p1b: Flutter Mane|atk|1\n|move|p2b: Chien-Pao|Ice Spinner|p1b: Flutter Mane\n|-damage|p1b: Flutter Mane|43\/100\n|move|p1b: Flutter Mane|Substitute|p1b: Flutter Mane\n|-start|p1b: Flutter Mane|Substitute\n|-damage|p1b: Flutter Mane|19\/100\n|move|p1a: Gyarados|Thunder Wave|p2b: Chien-Pao|[miss]\n|-miss|p1a: Gyarados|p2b: Chien-Pao\n|\n|upkeep\n|turn|2\n|inactive|RegulationD has 30 seconds left.\n|\n|t:|1682565718\n|move|p2b: Chien-Pao|Protect|p2b: Chien-Pao\n|-singleturn|p2b: Chien-Pao|Protect\n|move|p1b: Flutter Mane|Protect|p1b: Flutter Mane\n|-singleturn|p1b: Flutter Mane|Protect\n|move|p1a: Gyarados|Thunder Wave|p2b: Chien-Pao\n|-activate|p2b: Chien-Pao|move: Protect\n|move|p2a: Arcanine|Flare Blitz|p1b: Flutter Mane\n|-activate|p1b: Flutter Mane|move: Protect\n|\n|upkeep\n|turn|3\n|inactive|RegulationD has 30 seconds left.\n|inactive|mugiwaraLux has 30 seconds left.\n|\n|t:|1682565751\n|move|p2b: Chien-Pao|Ice Spinner|p1b: Flutter Mane\n|-end|p1b: Flutter Mane|Substitute\n|move|p1b: Flutter Mane|Hex|p2a: Arcanine\n|-damage|p2a: Arcanine|65\/100\n|move|p1a: Gyarados|Waterfall|p2a: Arcanine\n|-supereffective|p2a: Arcanine\n|-damage|p2a: Arcanine|0 fnt\n|faint|p2a: Arcanine\n|\n|upkeep\n|\n|t:|1682565761\n|switch|p2a: Mimi|Flutter Mane, L50|100\/100\n|turn|4\n|\n|t:|1682565773\n|move|p1b: Flutter Mane|Protect|p1b: Flutter Mane\n|-singleturn|p1b: Flutter Mane|Protect\n|move|p2b: Chien-Pao|Ice Spinner|p1b: Flutter Mane\n|-activate|p1b: Flutter Mane|move: Protect\n|move|p2a: Mimi|Thunderbolt|p1a: Gyarados\n|-supereffective|p1a: Gyarados\n|-crit|p1a: Gyarados\n|-damage|p1a: Gyarados|0 fnt\n|faint|p1a: Gyarados\n|\n|upkeep\n|\n|t:|1682565783\n|switch|p1a: Scizor|Scizor, L50, F|100\/100\n|turn|5\n|inactive|RegulationD has 30 seconds left.\n|\n|t:|1682565812\n|-end|p1b: Flutter Mane|Protosynthesis|[silent]\n|switch|p1b: Glimmora|Glimmora, L50, M|100\/100\n|-end|p2a: Mimi|Protosynthesis|[silent]\n|switch|p2a: Palafin|Palafin-Hero, L50, M|100\/100\n|-activate|p2a: Palafin|ability: Zero to Hero\n|move|p2b: Chien-Pao|Ice Spinner|p1b: Glimmora\n|-damage|p1b: Glimmora|66\/100\n|-activate|p1b: Glimmora|ability: Toxic Debris\n|-sidestart|p2: mugiwaraLux|move: Toxic Spikes\n|move|p1a: Scizor|Pounce|p2b: Chien-Pao\n|-supereffective|p2b: Chien-Pao\n|-enditem|p2b: Chien-Pao|Focus Sash\n|-damage|p2b: Chien-Pao|1\/100\n|-unboost|p2b: Chien-Pao|spe|1\n|\n|upkeep\n|turn|6\n|inactive|RegulationD has 30 seconds left.\n|inactive|mugiwaraLux has 30 seconds left.\n|inactive|RegulationD has 20 seconds left.\n|inactive|RegulationD has 15 seconds left.\n|inactive|RegulationD has 10 seconds left.\n|\n|t:|1682565858\n|-terastallize|p2a: Palafin|Water\n|-terastallize|p1b: Glimmora|Grass\n|move|p2b: Chien-Pao|Protect|p2b: Chien-Pao\n|-singleturn|p2b: Chien-Pao|Protect\n|move|p1a: Scizor|Bullet Punch|p2b: Chien-Pao\n|-activate|p2b: Chien-Pao|move: Protect\n|move|p2a: Palafin|Wave Crash|p1a: Scizor\n|-damage|p1a: Scizor|0 fnt\n|faint|p1a: Scizor\n|-damage|p2a: Palafin|69\/100|[from] Recoil\n|move|p1b: Glimmora|Sludge Bomb|p2a: Palafin\n|-damage|p2a: Palafin|20\/100\n|\n|upkeep\n|\n|t:|1682565868\n|switch|p1a: Flutter Mane|Flutter Mane, L50|19\/100\n|turn|7\n|\n|t:|1682565890\n|move|p1a: Flutter Mane|Protect|p1a: Flutter Mane\n|-singleturn|p1a: Flutter Mane|Protect\n|move|p2a: Palafin|Jet Punch|p1a: Flutter Mane\n|-activate|p1a: Flutter Mane|move: Protect\n|move|p2b: Chien-Pao|Ice Spinner|p1b: Glimmora\n|-supereffective|p1b: Glimmora\n|-damage|p1b: Glimmora|0 fnt\n|-activate|p1b: Glimmora|ability: Toxic Debris\n|-sidestart|p2: mugiwaraLux|move: Toxic Spikes\n|faint|p1b: Glimmora\n|\n|upkeep\n|turn|8\n|-message|RegulationD forfeited.\n|\n|win|mugiwaraLux\n|raw|RegulationD's rating: 1421 → 1397<\/strong> (-24 for losing)\n|raw|mugiwaraLux's rating: 1356 → 1380<\/strong> (+24 for winning)\n","uploadtime":1682565899,"views":8,"p1id":"regulationd","p2id":"mugiwaralux","formatid":"gen9vgc2023regulationc","rating":1380,"private":0,"password":""}