{"id":"gen9vgc2023regulationc-1863462561","p1":"AndrwApple","p2":"LameLiarLeo","format":"[Gen 9] VGC 2023 Regulation C","log":"|j|\u2606AndrwApple\n|j|\u2606LameLiarLeo\n|t:|1684020548\n|gametype|doubles\n|player|p1|AndrwApple|mina|\n|player|p2|LameLiarLeo|clair|\n|teamsize|p1|6\n|teamsize|p2|6\n|gen|9\n|tier|[Gen 9] VGC 2023 Regulation C\n|rule|Species Clause: Limit one of each Pok\u00e9mon\n|rule|Item Clause: Limit one of each item\n|clearpoke\n|poke|p1|Baxcalibur, L50, F|\n|poke|p1|Iron Bundle, L50|\n|poke|p1|Flutter Mane, L50|\n|poke|p1|Annihilape, L50, M|\n|poke|p1|Arcanine, L50, M|\n|poke|p1|Abomasnow, L50, F|\n|poke|p2|Chien-Pao, L50|\n|poke|p2|Iron Valiant, L50|\n|poke|p2|Arcanine, L50, M|\n|poke|p2|Iron Hands, L50|\n|poke|p2|Iron Bundle, L50|\n|poke|p2|Chi-Yu, L50|\n|teampreview|4\n|inactive|Battle timer is ON: inactive players will automatically lose when time's up. (requested by LameLiarLeo)\nLameLiarLeo has agreed to open team sheets.\nAndrwApple has agreed to open team sheets.\n|inactive|LameLiarLeo has 60 seconds left.\n|c|\u2606AndrwApple|Hf\n|\n|t:|1684020582\n|start\n|switch|p1a: Annihilape|Annihilape, L50, M, shiny|100\/100\n|switch|p1b: Baxcalibur|Baxcalibur, L50, F|100\/100\n|switch|p2a: Chi-Yu|Chi-Yu, L50|100\/100\n|switch|p2b: Iron Valiant|Iron Valiant, L50|100\/100\n|-ability|p2a: Chi-Yu|Beads of Ruin\n|turn|1\n|c|\u2606LameLiarLeo|You too\n|inactive|LameLiarLeo has 30 seconds left.\n|inactive|AndrwApple has 30 seconds left.\n|inactive|LameLiarLeo has 20 seconds left.\n|\n|t:|1684020622\n|-terastallize|p2a: Chi-Yu|Water\n|-terastallize|p1b: Baxcalibur|Ground\n|move|p2a: Chi-Yu|Dark Pulse|p1b: Baxcalibur\n|-damage|p1b: Baxcalibur|63\/100\n|move|p2b: Iron Valiant|Moonblast|p1b: Baxcalibur\n|-damage|p1b: Baxcalibur|26\/100\n|move|p1a: Annihilape|Rage Fist|p2b: Iron Valiant\n|-damage|p2b: Iron Valiant|71\/100\n|move|p1b: Baxcalibur|Earthquake|p2a: Chi-Yu|[spread] p1a,p2a,p2b\n|-damage|p1a: Annihilape|55\/100\n|-damage|p2a: Chi-Yu|30\/100\n|-damage|p2b: Iron Valiant|10\/100\n|\n|upkeep\n|turn|2\n|\n|t:|1684020646\n|-end|p2b: Iron Valiant|Quark Drive|[silent]\n|switch|p2b: Arcanine|Arcanine, L50, M|100\/100\n|-ability|p2b: Arcanine|Intimidate|boost\n|-unboost|p1a: Annihilape|atk|1\n|-ability|p1a: Annihilape|Defiant|boost\n|-boost|p1a: Annihilape|atk|2\n|-unboost|p1b: Baxcalibur|atk|1\n|move|p1b: Baxcalibur|Ice Shard|p2b: Arcanine\n|-resisted|p2b: Arcanine\n|-damage|p2b: Arcanine|91\/100\n|move|p2a: Chi-Yu|Heat Wave|p1a: Annihilape|[spread] p1a,p1b\n|-damage|p1a: Annihilape|13\/100\n|-damage|p1b: Baxcalibur|0 fnt\n|-enditem|p1a: Annihilape|Sitrus Berry|[eat]\n|-heal|p1a: Annihilape|38\/100|[from] item: Sitrus Berry\n|faint|p1b: Baxcalibur\n|move|p1a: Annihilape|Bulk Up|p1a: Annihilape\n|-boost|p1a: Annihilape|atk|1\n|-boost|p1a: Annihilape|def|1\n|\n|upkeep\n|\n|t:|1684020654\n|switch|p1b: Arcanine|Arcanine, L50, M|100\/100\n|-ability|p1b: Arcanine|Intimidate|boost\n|-unboost|p2a: Chi-Yu|atk|1\n|-unboost|p2b: Arcanine|atk|1\n|turn|3\n|\n|t:|1684020671\n|move|p1b: Arcanine|Extreme Speed|p2a: Chi-Yu\n|-damage|p2a: Chi-Yu|0 fnt\n|faint|p2a: Chi-Yu\n|move|p2b: Arcanine|Will-O-Wisp|p1a: Annihilape|[miss]\n|-miss|p2b: Arcanine|p1a: Annihilape\n|move|p1a: Annihilape|Drain Punch|p2b: Arcanine\n|-damage|p2b: Arcanine|24\/100\n|-heal|p1a: Annihilape|69\/100|[from] drain|[of] p2b: Arcanine\n|-enditem|p2b: Arcanine|Iapapa Berry|[eat]\n|-heal|p2b: Arcanine|57\/100|[from] item: Iapapa Berry\n|\n|upkeep\n|\n|t:|1684020677\n|switch|p2a: Iron Bundle|Iron Bundle, L50|100\/100\n|-enditem|p2a: Iron Bundle|Booster Energy\n|-activate|p2a: Iron Bundle|ability: Quark Drive|[fromitem]\n|-start|p2a: Iron Bundle|quarkdrivespe\n|turn|4\n|\n|t:|1684020687\n|move|p2a: Iron Bundle|Hydro Pump|p1a: Annihilape\n|-damage|p1a: Annihilape|18\/100\n|move|p2b: Arcanine|Will-O-Wisp|p1a: Annihilape\n|-status|p1a: Annihilape|brn\n|move|p1b: Arcanine|Flare Blitz|p2a: Iron Bundle\n|-damage|p2a: Iron Bundle|33\/100\n|-damage|p1b: Arcanine|85\/100|[from] Recoil\n|move|p1a: Annihilape|Drain Punch|p2a: Iron Bundle\n|-supereffective|p2a: Iron Bundle\n|-damage|p2a: Iron Bundle|0 fnt\n|-heal|p1a: Annihilape|29\/100 brn|[from] drain|[of] p2a: Iron Bundle\n|faint|p2a: Iron Bundle\n|-end|p2a: Iron Bundle|Quark Drive|[silent]\n|\n|-damage|p1a: Annihilape|23\/100 brn|[from] brn\n|upkeep\n|\n|t:|1684020695\n|switch|p2a: Iron Valiant|Iron Valiant, L50|10\/100\n|turn|5\n|\n|t:|1684020706\n|move|p1b: Arcanine|Extreme Speed|p2a: Iron Valiant\n|-damage|p2a: Iron Valiant|0 fnt\n|faint|p2a: Iron Valiant\n|-end|p2a: Iron Valiant|Quark Drive|[silent]\n|move|p2b: Arcanine|Flare Blitz|p1a: Annihilape\n|-damage|p1a: Annihilape|2\/100 brn\n|-damage|p2b: Arcanine|49\/100|[from] Recoil\n|move|p1a: Annihilape|Rage Fist|p2b: Arcanine\n|-damage|p2b: Arcanine|0 fnt\n|faint|p2b: Arcanine\n|\n|win|AndrwApple\n|c|\u2606AndrwApple|Gg\n|c|\u2606LameLiarLeo|gg\n|l|\u2606AndrwApple\n","uploadtime":1684022324,"views":8,"p1id":"andrwapple","p2id":"lameliarleo","formatid":"gen9vgc2023regulationc","rating":0,"private":0,"password":""}