{"id":"gen9vgc2023regulationc-1858724313","p1":"Drop a Dunsparce","p2":"haha you rage quit","format":"[Gen 9] VGC 2023 Regulation C","log":"|j|\u2606Drop a Dunsparce\n|j|\u2606haha you rage quit\n|t:|1683348636\n|gametype|doubles\n|player|p1|Drop a Dunsparce|swimmer|1349\n|player|p2|haha you rage quit|266|1313\n|teamsize|p1|6\n|teamsize|p2|6\n|gen|9\n|tier|[Gen 9] VGC 2023 Regulation C\n|rated|\n|rule|Species Clause: Limit one of each Pok\u00e9mon\n|rule|Item Clause: Limit one of each item\n|clearpoke\n|poke|p1|Wo-Chien, L50|\n|poke|p1|Glimmora, L50, F|\n|poke|p1|Dondozo, L50, F|\n|poke|p1|Tatsugiri, L50, M|\n|poke|p1|Ceruledge, L50, M|\n|poke|p1|Chien-Pao, L50|\n|poke|p2|Murkrow, L50, M|\n|poke|p2|Flutter Mane, L50|\n|poke|p2|Great Tusk, L50|\n|poke|p2|Chi-Yu, L50|\n|poke|p2|Baxcalibur, L50, M|\n|poke|p2|Talonflame, L50, M|\n|teampreview|4\n|inactive|Battle timer is ON: inactive players will automatically lose when time's up. (requested by Drop a Dunsparce)\n|\n|t:|1683348678\n|start\n|switch|p1a: Wo-Chien|Wo-Chien, L50|100\/100\n|switch|p1b: Glimmora|Glimmora, L50, F|100\/100\n|switch|p2a: Talonflame|Talonflame, L50, M|100\/100\n|switch|p2b: Great Tusk|Great Tusk, L50, shiny|100\/100\n|-ability|p1a: Wo-Chien|Tablets of Ruin\n|turn|1\n|inactive|haha you rage quit has 30 seconds left.\n|\n|t:|1683348705\n|-terastallize|p1b: Glimmora|Grass\n|move|p2a: Talonflame|Tailwind|p2a: Talonflame\n|-sidestart|p2: haha you rage quit|move: Tailwind\n|move|p2b: Great Tusk|Close Combat|p1a: Wo-Chien\n|-supereffective|p1a: Wo-Chien\n|-damage|p1a: Wo-Chien|0 fnt\n|-unboost|p2b: Great Tusk|def|1\n|-unboost|p2b: Great Tusk|spd|1\n|faint|p1a: Wo-Chien\n|move|p1b: Glimmora|Power Gem|p2a: Talonflame\n|-supereffective|p2a: Talonflame\n|-damage|p2a: Talonflame|0 fnt\n|faint|p2a: Talonflame\n|\n|upkeep\n|\n|t:|1683348723\n|switch|p2a: Flutter Mane|Flutter Mane, L50, shiny|100\/100\n|switch|p1a: Dondozo|Dondozo, L50, F|100\/100\n|turn|2\n|inactive|haha you rage quit has 30 seconds left.\n|\n|t:|1683348757\n|-end|p2b: Great Tusk|Protosynthesis|[silent]\n|switch|p2b: Murkrow|Murkrow, L50, M|100\/100\n|-terastallize|p2a: Flutter Mane|Water\n|move|p1a: Dondozo|Protect|p1a: Dondozo\n|-singleturn|p1a: Dondozo|Protect\n|move|p2a: Flutter Mane|Thunderbolt|p1a: Dondozo\n|-activate|p1a: Dondozo|move: Protect\n|move|p1b: Glimmora|Earth Power|p2b: Murkrow\n|-immune|p2b: Murkrow\n|\n|upkeep\n|turn|3\n|\n|t:|1683348781\n|-end|p2a: Flutter Mane|Protosynthesis|[silent]\n|switch|p2a: Great Tusk|Great Tusk, L50, shiny|100\/100\n|move|p2b: Murkrow|Protect|p2b: Murkrow\n|-singleturn|p2b: Murkrow|Protect\n|move|p1b: Glimmora|Power Gem|p2a: Great Tusk\n|-resisted|p2a: Great Tusk\n|-damage|p2a: Great Tusk|90\/100\n|move|p1a: Dondozo|Wave Crash|p2a: Great Tusk\n|-supereffective|p2a: Great Tusk\n|-damage|p2a: Great Tusk|18\/100\n|-damage|p1a: Dondozo|78\/100|[from] Recoil\n|\n|upkeep\n|turn|4\n|inactive|haha you rage quit has 30 seconds left.\n|\n|t:|1683348814\n|switch|p2b: Flutter Mane|Flutter Mane, L50, shiny, tera:Water|100\/100\n|move|p1a: Dondozo|Protect|p1a: Dondozo\n|-singleturn|p1a: Dondozo|Protect\n|move|p2a: Great Tusk|Close Combat|p1b: Glimmora\n|-damage|p1b: Glimmora|23\/100\n|-unboost|p2a: Great Tusk|def|1\n|-unboost|p2a: Great Tusk|spd|1\n|-activate|p1b: Glimmora|ability: Toxic Debris\n|-sidestart|p2: haha you rage quit|move: Toxic Spikes\n|move|p1b: Glimmora|Mortal Spin|p2b: Flutter Mane|[spread] p2a,p2b\n|-resisted|p2a: Great Tusk\n|-damage|p2a: Great Tusk|16\/100\n|-damage|p2b: Flutter Mane|94\/100\n|-status|p2a: Great Tusk|psn\n|-status|p2b: Flutter Mane|psn\n|\n|-damage|p2b: Flutter Mane|82\/100 psn|[from] psn\n|-damage|p2a: Great Tusk|4\/100 psn|[from] psn\n|-sideend|p2: haha you rage quit|move: Tailwind\n|upkeep\n|turn|5\n|inactive|Drop a Dunsparce has 30 seconds left.\n|inactive|haha you rage quit has 30 seconds left.\n|inactive|haha you rage quit has 20 seconds left.\n|\n|t:|1683348853\n|-end|p2a: Great Tusk|Protosynthesis|[silent]\n|switch|p2a: Murkrow|Murkrow, L50, M|100\/100\n|move|p1a: Dondozo|Protect||[still]\n|-fail|p1a: Dondozo\n|move|p2b: Flutter Mane|Thunderbolt|p1a: Dondozo\n|-supereffective|p1a: Dondozo\n|-damage|p1a: Dondozo|0 fnt\n|faint|p1a: Dondozo\n|move|p1b: Glimmora|Power Gem|p2a: Murkrow\n|-supereffective|p2a: Murkrow\n|-enditem|p2a: Murkrow|Focus Sash\n|-damage|p2a: Murkrow|1\/100\n|\n|-damage|p2b: Flutter Mane|70\/100 psn|[from] psn\n|upkeep\n|\n|t:|1683348866\n|switch|p1a: Tatsugiri|Tatsugiri, L50, M|100\/100\n|turn|6\n|\n|t:|1683348889\n|move|p2a: Murkrow|Tailwind|p2a: Murkrow\n|-sidestart|p2: haha you rage quit|move: Tailwind\n|move|p2b: Flutter Mane|Thunderbolt|p1a: Tatsugiri\n|-damage|p1a: Tatsugiri|34\/100\n|move|p1a: Tatsugiri|Muddy Water|p2b: Flutter Mane|[spread] p2a,p2b\n|-resisted|p2b: Flutter Mane\n|-damage|p2a: Murkrow|0 fnt\n|-damage|p2b: Flutter Mane|53\/100 psn\n|faint|p2a: Murkrow\n|move|p1b: Glimmora|Power Gem|p2b: Flutter Mane\n|-damage|p2b: Flutter Mane|21\/100 psn\n|\n|-damage|p2b: Flutter Mane|10\/100 psn|[from] psn\n|upkeep\n|\n|t:|1683348892\n|switch|p2a: Great Tusk|Great Tusk, L50, shiny|4\/100 psn\n|turn|7\n|\n|t:|1683348909\n|move|p2b: Flutter Mane|Thunderbolt|p1a: Tatsugiri\n|-damage|p1a: Tatsugiri|0 fnt\n|faint|p1a: Tatsugiri\n|move|p2a: Great Tusk|Close Combat|p1b: Glimmora\n|-damage|p1b: Glimmora|0 fnt\n|-unboost|p2a: Great Tusk|def|1\n|-unboost|p2a: Great Tusk|spd|1\n|-activate|p1b: Glimmora|ability: Toxic Debris\n|-sidestart|p2: haha you rage quit|move: Toxic Spikes\n|faint|p1b: Glimmora\n|\n|win|haha you rage quit\n|raw|Drop a Dunsparce's rating: 1349 → 1327<\/strong> (-22 for losing)\n|raw|haha you rage quit's rating: 1313 → 1335<\/strong> (+22 for winning)\n|l|\u2606Drop a Dunsparce\n","uploadtime":1683348925,"views":9,"p1id":"dropadunsparce","p2id":"hahayouragequit","formatid":"gen9vgc2023regulationc","rating":1327,"private":0,"password":""}