{"id":"gen9vgc2023regulationc-1863240649","p1":"Icefanngs","p2":"zLenco","format":"[Gen 9] VGC 2023 Regulation C","log":"|j|\u2606Icefanngs\n|j|\u2606zLenco\n|t:|1683992538\n|gametype|doubles\n|player|p1|Icefanngs|2|1076\n|player|p2|zLenco|alder|1029\n|teamsize|p1|6\n|teamsize|p2|6\n|gen|9\n|tier|[Gen 9] VGC 2023 Regulation C\n|rated|\n|rule|Species Clause: Limit one of each Pok\u00e9mon\n|rule|Item Clause: Limit one of each item\n|clearpoke\n|poke|p1|Vaporeon, L50, F|\n|poke|p1|Jolteon, L50, M|\n|poke|p1|Flareon, L50, M|\n|poke|p1|Umbreon, L50, M|\n|poke|p1|Espeon, L50, F|\n|poke|p1|Sylveon, L50, F|\n|poke|p2|Scream Tail, L50|\n|poke|p2|Gothitelle, L50, M|\n|poke|p2|Ting-Lu, L50|\n|poke|p2|Ampharos, L50, M|\n|poke|p2|Iron Hands, L50|\n|poke|p2|Dragonair, L50, F|\n|teampreview|4\n|inactive|Battle timer is ON: inactive players will automatically lose when time's up. (requested by zLenco)\n|inactive|Icefanngs has 60 seconds left.\n|inactive|Icefanngs has 30 seconds left.\n|\n|t:|1683992606\n|start\n|switch|p1a: Jolteon|Jolteon, L50, M|100\/100\n|switch|p1b: Sylveon|Sylveon, L50, F|100\/100\n|switch|p2a: Scream Tail|Scream Tail, L50, shiny|100\/100\n|switch|p2b: Iron Hands|Iron Hands, L50|100\/100\n|turn|1\n|inactive|Icefanngs has 30 seconds left.\n|\n|t:|1683992635\n|-terastallize|p2b: Iron Hands|Grass\n|move|p1a: Jolteon|Hyper Voice|p2b: Iron Hands|[spread] p2a,p2b\n|-damage|p2a: Scream Tail|81\/100\n|-damage|p2b: Iron Hands|84\/100\n|-damage|p1a: Jolteon|90\/100|[from] item: Life Orb\n|move|p2a: Scream Tail|Perish Song|p2a: Scream Tail\n|-start|p1a: Jolteon|perish3|[silent]\n|-start|p1b: Sylveon|perish3|[silent]\n|-start|p2a: Scream Tail|perish3|[silent]\n|-start|p2b: Iron Hands|perish3|[silent]\n|-fieldactivate|move: Perish Song\n|move|p1b: Sylveon|Double-Edge|p2b: Iron Hands\n|-damage|p2b: Iron Hands|27\/100\n|-damage|p1b: Sylveon|73\/100|[from] Recoil\n|move|p2b: Iron Hands|Volt Switch|p1b: Sylveon\n|-damage|p1b: Sylveon|63\/100\n|\n|t:|1683992650\n|-end|p2b: Iron Hands|Quark Drive|[silent]\n|switch|p2b: Gothitelle|Gothitelle, L50, M|100\/100|[from] Volt Switch\n|\n|-start|p1a: Jolteon|perish3\n|-start|p2a: Scream Tail|perish3\n|-start|p1b: Sylveon|perish3\n|upkeep\n|turn|2\n|inactive|Icefanngs has 30 seconds left.\n|\n|t:|1683992681\n|move|p2b: Gothitelle|Protect|p2b: Gothitelle\n|-singleturn|p2b: Gothitelle|Protect\n|move|p1a: Jolteon|Volt Switch|p2a: Scream Tail\n|-damage|p2a: Scream Tail|49\/100\n|-enditem|p2a: Scream Tail|Sitrus Berry|[eat]\n|-heal|p2a: Scream Tail|74\/100|[from] item: Sitrus Berry\n|-damage|p1a: Jolteon|80\/100|[from] item: Life Orb\n|\n|t:|1683992694\n|switch|p1a: Umbreon|Umbreon, L50, M|100\/100|[from] Volt Switch\n|move|p2a: Scream Tail|Thunder Wave|p1b: Sylveon\n|-status|p1b: Sylveon|par\n|move|p1b: Sylveon|Double-Edge|p2a: Scream Tail\n|-damage|p2a: Scream Tail|15\/100\n|-damage|p1b: Sylveon|38\/100 par|[from] Recoil\n|\n|-start|p2a: Scream Tail|perish2\n|-start|p1b: Sylveon|perish2\n|upkeep\n|turn|3\n|\n|t:|1683992714\n|move|p2a: Scream Tail|Protect|p2a: Scream Tail\n|-singleturn|p2a: Scream Tail|Protect\n|move|p1a: Umbreon|Foul Play|p2b: Gothitelle\n|-supereffective|p2b: Gothitelle\n|-damage|p2b: Gothitelle|69\/100\n|move|p1b: Sylveon|Double-Edge|p2a: Scream Tail\n|-activate|p2a: Scream Tail|move: Protect\n|move|p2b: Gothitelle|Trick Room|p2b: Gothitelle\n|-fieldstart|move: Trick Room|[of] p2b: Gothitelle\n|\n|-start|p1b: Sylveon|perish1\n|-start|p2a: Scream Tail|perish1\n|upkeep\n|turn|4\n|\n|t:|1683992733\n|-end|p2a: Scream Tail|Protosynthesis|[silent]\n|switch|p2a: Iron Hands|Iron Hands, L50, tera:Grass|27\/100\n|move|p2b: Gothitelle|Protect|p2b: Gothitelle\n|-singleturn|p2b: Gothitelle|Protect\n|move|p1b: Sylveon|Double-Edge|p2a: Iron Hands\n|-damage|p2a: Iron Hands|0 fnt\n|faint|p2a: Iron Hands\n|-end|p2a: Iron Hands|Quark Drive|[silent]\n|-damage|p1b: Sylveon|25\/100 par|[from] Recoil\n|move|p1a: Umbreon|Foul Play|p2b: Gothitelle\n|-activate|p2b: Gothitelle|move: Protect\n|\n|-start|p1b: Sylveon|perish0\n|faint|p1b: Sylveon\n|upkeep\n|\n|t:|1683992754\n|switch|p2a: Scream Tail|Scream Tail, L50, shiny|15\/100\n|switch|p1b: Jolteon|Jolteon, L50, M|80\/100\n|turn|5\n|\n|t:|1683992777\n|move|p2b: Gothitelle|Psychic|p1b: Jolteon\n|-damage|p1b: Jolteon|43\/100\n|move|p1a: Umbreon|Foul Play|p2b: Gothitelle\n|-supereffective|p2b: Gothitelle\n|-damage|p2b: Gothitelle|41\/100\n|move|p2a: Scream Tail|Perish Song|p2a: Scream Tail\n|-start|p1a: Umbreon|perish3|[silent]\n|-start|p1b: Jolteon|perish3|[silent]\n|-start|p2a: Scream Tail|perish3|[silent]\n|-start|p2b: Gothitelle|perish3|[silent]\n|-fieldactivate|move: Perish Song\n|move|p1b: Jolteon|Discharge|p2b: Gothitelle|[spread] p1a,p2a,p2b\n|-damage|p1a: Umbreon|73\/100\n|-damage|p2a: Scream Tail|0 fnt\n|-damage|p2b: Gothitelle|13\/100\n|-status|p2b: Gothitelle|par\n|faint|p2a: Scream Tail\n|-end|p2a: Scream Tail|Protosynthesis|[silent]\n|-damage|p1b: Jolteon|33\/100|[from] item: Life Orb\n|\n|-start|p2b: Gothitelle|perish3\n|-start|p1a: Umbreon|perish3\n|-start|p1b: Jolteon|perish3\n|upkeep\n|\n|t:|1683992793\n|switch|p2a: King Lui|Ting-Lu, L50|100\/100\n|-ability|p2a: King Lui|Vessel of Ruin\n|turn|6\n|inactive|Icefanngs has 30 seconds left.\n|\n|t:|1683992827\n|cant|p2b: Gothitelle|par\n|move|p2a: King Lui|Protect|p2a: King Lui\n|-singleturn|p2a: King Lui|Protect\n|move|p1b: Jolteon|Protect|p1b: Jolteon\n|-singleturn|p1b: Jolteon|Protect\n|move|p1a: Umbreon|Foul Play|p2a: King Lui\n|-activate|p2a: King Lui|move: Protect\n|\n|-start|p2b: Gothitelle|perish2\n|-start|p1a: Umbreon|perish2\n|-start|p1b: Jolteon|perish2\n|upkeep\n|turn|7\n|inactive|zLenco has 30 seconds left.\n|inactive|zLenco has 20 seconds left.\n|\n|t:|1683992865\n|move|p2b: Gothitelle|Protect|p2b: Gothitelle\n|-singleturn|p2b: Gothitelle|Protect\n|move|p2a: King Lui|Protect|p2a: King Lui\n|-singleturn|p2a: King Lui|Protect\n|move|p1a: Umbreon|Foul Play|p2b: Gothitelle\n|-activate|p2b: Gothitelle|move: Protect\n|move|p1b: Jolteon|Hyper Voice|p2b: Gothitelle|[spread] \n|-activate|p2a: King Lui|move: Protect\n|-activate|p2b: Gothitelle|move: Protect\n|\n|-start|p2b: Gothitelle|perish1\n|-start|p1a: Umbreon|perish1\n|-start|p1b: Jolteon|perish1\n|-fieldend|move: Trick Room\n|upkeep\n|turn|8\n|inactive|zLenco has 30 seconds left.\n|\n|t:|1683992894\n|move|p1b: Jolteon|Volt Switch|p2b: Gothitelle\n|-damage|p2b: Gothitelle|0 fnt\n|faint|p2b: Gothitelle\n|-damage|p1b: Jolteon|23\/100|[from] item: Life Orb\n|\n|t:|1683992900\n|switch|p1b: Espeon|Espeon, L50, F|100\/100|[from] Volt Switch\n|move|p1a: Umbreon|Foul Play|p2a: King Lui\n|-resisted|p2a: King Lui\n|-damage|p2a: King Lui|93\/100\n|move|p2a: King Lui|Ruination|p1b: Espeon\n|-damage|p1b: Espeon|51\/100\n|\n|-heal|p1b: Espeon|57\/100|[from] item: Leftovers\n|-heal|p2a: King Lui|99\/100|[from] item: Leftovers\n|-start|p1a: Umbreon|perish0\n|upkeep\n|faint|p1a: Umbreon\n|\n|t:|1683992910\n|switch|p1a: Jolteon|Jolteon, L50, M|23\/100\n|turn|9\n|\n|t:|1683992928\n|-terastallize|p1a: Jolteon|Normal\n|move|p1a: Jolteon|Hyper Voice|p2a: King Lui\n|-damage|p2a: King Lui|65\/100\n|-damage|p1a: Jolteon|13\/100|[from] item: Life Orb\n|move|p1b: Espeon|Substitute|p1b: Espeon\n|-start|p1b: Espeon|Substitute\n|-damage|p1b: Espeon|32\/100\n|move|p2a: King Lui|Body Press|p1a: Jolteon\n|-supereffective|p1a: Jolteon\n|-damage|p1a: Jolteon|0 fnt\n|faint|p1a: Jolteon\n|\n|-heal|p1b: Espeon|38\/100|[from] item: Leftovers\n|-heal|p2a: King Lui|71\/100|[from] item: Leftovers\n|upkeep\n|turn|10\n|\n|t:|1683992943\n|move|p2a: King Lui|Protect|p2a: King Lui\n|-singleturn|p2a: King Lui|Protect\n|move|p1b: Espeon|Calm Mind|p1b: Espeon\n|-boost|p1b: Espeon|spa|1\n|-boost|p1b: Espeon|spd|1\n|\n|-heal|p1b: Espeon|44\/100|[from] item: Leftovers\n|-heal|p2a: King Lui|77\/100|[from] item: Leftovers\n|upkeep\n|turn|11\n|\n|t:|1683992953\n|move|p1b: Espeon|Protect|p1b: Espeon\n|-singleturn|p1b: Espeon|Protect\n|move|p2a: King Lui|Ruination|p1b: Espeon\n|-activate|p1b: Espeon|move: Protect\n|\n|-heal|p1b: Espeon|50\/100|[from] item: Leftovers\n|-heal|p2a: King Lui|83\/100|[from] item: Leftovers\n|upkeep\n|turn|12\n|\n|t:|1683992962\n|move|p1b: Espeon|Calm Mind|p1b: Espeon\n|-boost|p1b: Espeon|spa|1\n|-boost|p1b: Espeon|spd|1\n|move|p2a: King Lui|Ruination|p1b: Espeon\n|-activate|p1b: Espeon|move: Substitute|[damage]\n|\n|-heal|p1b: Espeon|55\/100|[from] item: Leftovers\n|-heal|p2a: King Lui|89\/100|[from] item: Leftovers\n|upkeep\n|turn|13\n|\n|t:|1683992971\n|move|p1b: Espeon|Protect|p1b: Espeon\n|-singleturn|p1b: Espeon|Protect\n|move|p2a: King Lui|Body Press|p1b: Espeon\n|-activate|p1b: Espeon|move: Protect\n|\n|-heal|p1b: Espeon|61\/100|[from] item: Leftovers\n|-heal|p2a: King Lui|96\/100|[from] item: Leftovers\n|upkeep\n|turn|14\n|\n|t:|1683992980\n|move|p1b: Espeon|Calm Mind|p1b: Espeon\n|-boost|p1b: Espeon|spa|1\n|-boost|p1b: Espeon|spd|1\n|move|p2a: King Lui|Body Press|p1b: Espeon\n|-resisted|p1b: Espeon\n|-crit|p1b: Espeon\n|-end|p1b: Espeon|Substitute\n|\n|-heal|p1b: Espeon|67\/100|[from] item: Leftovers\n|-heal|p2a: King Lui|100\/100|[from] item: Leftovers\n|upkeep\n|turn|15\n|\n|t:|1683992991\n|move|p1b: Espeon|Substitute|p1b: Espeon\n|-start|p1b: Espeon|Substitute\n|-damage|p1b: Espeon|42\/100\n|move|p2a: King Lui|Fissure|p1b: Espeon|[miss]\n|-miss|p2a: King Lui|p1b: Espeon\n|\n|-heal|p1b: Espeon|48\/100|[from] item: Leftovers\n|upkeep\n|turn|16\n|\n|t:|1683993014\n|move|p1b: Espeon|Protect|p1b: Espeon\n|-singleturn|p1b: Espeon|Protect\n|move|p2a: King Lui|Fissure|p1b: Espeon\n|-activate|p1b: Espeon|move: Protect\n|\n|-heal|p1b: Espeon|54\/100|[from] item: Leftovers\n|upkeep\n|turn|17\n|\n|t:|1683993022\n|move|p1b: Espeon|Calm Mind|p1b: Espeon\n|-boost|p1b: Espeon|spa|1\n|-boost|p1b: Espeon|spd|1\n|move|p2a: King Lui|Fissure|p1b: Espeon\n|-ohko\n|-end|p1b: Espeon|Substitute\n|\n|-heal|p1b: Espeon|60\/100|[from] item: Leftovers\n|upkeep\n|turn|18\n|\n|t:|1683993030\n|move|p1b: Espeon|Substitute|p1b: Espeon\n|-start|p1b: Espeon|Substitute\n|-damage|p1b: Espeon|35\/100\n|move|p2a: King Lui|Fissure|p1b: Espeon|[miss]\n|-miss|p2a: King Lui|p1b: Espeon\n|\n|-heal|p1b: Espeon|41\/100|[from] item: Leftovers\n|upkeep\n|turn|19\n|-message|zLenco forfeited.\n|\n|win|Icefanngs\n|raw|Icefanngs's rating: 1076 → 1101<\/strong> (+25 for winning)\n|raw|zLenco's rating: 1029 → 1017<\/strong> (-12 for losing)\n|l|\u2606zLenco\n|c|\u2606Icefanngs|Lmaooo\n|c|\u2606Icefanngs|i had stored power as my last move\n|c|\u2606Icefanngs|u would\u2019ve won\n|c|\u2606Icefanngs|\ud83d\ude06\ud83d\ude06\ud83d\ude06\ud83d\ude06\ud83d\ude06\n","uploadtime":1683993073,"views":3,"p1id":"icefanngs","p2id":"zlenco","formatid":"gen9vgc2023regulationc","rating":1017,"private":0,"password":""}