{"id":"gen9vgc2023regulationc-1852917799","p1":"Skypoke321","p2":"littlerootlessons","format":"[Gen 9] VGC 2023 Regulation C","log":"|j|\u2606Skypoke321\n|j|\u2606littlerootlessons\n|t:|1682617184\n|gametype|doubles\n|player|p1|Skypoke321|marshal|1046\n|player|p2|littlerootlessons|wattson|1128\n|teamsize|p1|6\n|teamsize|p2|6\n|gen|9\n|tier|[Gen 9] VGC 2023 Regulation C\n|rated|\n|rule|Species Clause: Limit one of each Pok\u00e9mon\n|rule|Item Clause: Limit one of each item\n|clearpoke\n|poke|p1|Annihilape, L50, M|\n|poke|p1|Quaquaval, L50, M|\n|poke|p1|Roaring Moon, L50|\n|poke|p1|Meowscarada, L50, F|\n|poke|p1|Maushold-Four, L50|\n|poke|p1|Armarouge, L50, M|\n|poke|p2|Scizor, L50, M|\n|poke|p2|Iron Bundle, L50|\n|poke|p2|Maushold-Four, L50|\n|poke|p2|Annihilape, L50, M|\n|poke|p2|Chien-Pao, L50|\n|poke|p2|Arcanine, L50, M|\n|teampreview|4\n|\n|t:|1682617203\n|start\n|switch|p1a: Armarouge|Armarouge, L50, M|100\/100\n|switch|p1b: Meowscarada|Meowscarada, L50, F|100\/100\n|switch|p2a: Maushold|Maushold-Four, L50|100\/100\n|switch|p2b: Annihilape|Annihilape, L50, M|100\/100\n|turn|1\n|inactive|Battle timer is ON: inactive players will automatically lose when time's up. (requested by Skypoke321)\n|\n|t:|1682617219\n|-terastallize|p1b: Meowscarada|Grass\n|move|p2a: Maushold|Follow Me|p2a: Maushold\n|-singleturn|p2a: Maushold|move: Follow Me\n|move|p1b: Meowscarada|Toxic Spikes|p2b: Annihilape\n|-sidestart|p2: littlerootlessons|move: Toxic Spikes\n|move|p2b: Annihilape|Bulk Up|p2b: Annihilape\n|-boost|p2b: Annihilape|atk|1\n|-boost|p2b: Annihilape|def|1\n|move|p1a: Armarouge|Light Screen|p1a: Armarouge\n|-sidestart|p1: Skypoke321|move: Light Screen\n|\n|upkeep\n|turn|2\n|inactive|littlerootlessons has 30 seconds left.\n|\n|t:|1682617246\n|-terastallize|p2b: Annihilape|Fire\n|move|p1b: Meowscarada|Flower Trick|p2a: Maushold\n|-crit|p2a: Maushold\n|-damage|p2a: Maushold|10\/100\n|move|p2a: Maushold|Beat Up|p2b: Annihilape\n|-damage|p2b: Annihilape|99\/100\n|-damage|p2b: Annihilape|97\/100\n|-damage|p2b: Annihilape|96\/100\n|-damage|p2b: Annihilape|94\/100\n|-hitcount|p2b: Annihilape|4\n|move|p2b: Annihilape|Rage Fist|p1a: Armarouge\n|-supereffective|p1a: Armarouge\n|-damage|p1a: Armarouge|0 fnt\n|faint|p1a: Armarouge\n|\n|upkeep\n|\n|t:|1682617268\n|switch|p1a: Roaring Moon|Roaring Moon, L50|100\/100\n|turn|3\n|\n|t:|1682617284\n|move|p2b: Annihilape|Protect|p2b: Annihilape\n|-singleturn|p2b: Annihilape|Protect\n|move|p1b: Meowscarada|Flower Trick|p2b: Annihilape\n|-activate|p2b: Annihilape|move: Protect\n|move|p1a: Roaring Moon|Earthquake|p2b: Annihilape|[spread] p1b,p2a\n|-activate|p2b: Annihilape|move: Protect\n|-resisted|p1b: Meowscarada\n|-damage|p1b: Meowscarada|75\/100\n|-damage|p2a: Maushold|0 fnt\n|faint|p2a: Maushold\n|\n|upkeep\n|\n|t:|1682617296\n|switch|p2a: Chien-Pao|Chien-Pao, L50|100\/100\n|-status|p2a: Chien-Pao|psn\n|-ability|p2a: Chien-Pao|Sword of Ruin\n|turn|4\n|\n|t:|1682617318\n|move|p2a: Chien-Pao|Ice Spinner|p1b: Meowscarada\n|-supereffective|p1b: Meowscarada\n|-damage|p1b: Meowscarada|0 fnt\n|faint|p1b: Meowscarada\n|move|p1a: Roaring Moon|Flamethrower|p2a: Chien-Pao\n|-supereffective|p2a: Chien-Pao\n|-damage|p2a: Chien-Pao|54\/100 psn\n|move|p2b: Annihilape|Drain Punch|p1a: Roaring Moon\n|-supereffective|p1a: Roaring Moon\n|-damage|p1a: Roaring Moon|0 fnt\n|-heal|p2b: Annihilape|100\/100|[from] drain|[of] p1a: Roaring Moon\n|-damage|p2b: Annihilape|84\/100|[from] item: Rocky Helmet|[of] p1a: Roaring Moon\n|faint|p1a: Roaring Moon\n|-end|p1a: Roaring Moon|Protosynthesis|[silent]\n|\n|-damage|p2a: Chien-Pao|42\/100 psn|[from] psn\n|upkeep\n|\n|t:|1682617334\n|switch|p1b: Maushold|Maushold-Four, L50|100\/100\n|turn|5\n|\n|t:|1682617340\n|move|p2a: Chien-Pao|Sacred Sword|p1b: Maushold\n|-supereffective|p1b: Maushold\n|-enditem|p1b: Maushold|Focus Sash\n|-damage|p1b: Maushold|1\/100\n|move|p1b: Maushold|Population Bomb|p2a: Chien-Pao\n|-damage|p2a: Chien-Pao|30\/100 psn\n|-damage|p2a: Chien-Pao|18\/100 psn\n|-crit|p2a: Chien-Pao\n|-damage|p2a: Chien-Pao|0 fnt\n|faint|p2a: Chien-Pao\n|-hitcount|p2: Chien-Pao|3\n|move|p2b: Annihilape|Drain Punch|p1b: Maushold\n|-supereffective|p1b: Maushold\n|-damage|p1b: Maushold|0 fnt\n|-heal|p2b: Annihilape|85\/100|[from] drain|[of] p1b: Maushold\n|faint|p1b: Maushold\n|\n|win|littlerootlessons\n|raw|Skypoke321's rating: 1046 → 1033<\/strong> (-13 for losing)\n|raw|littlerootlessons's rating: 1128 → 1147<\/strong> (+19 for winning)\n","uploadtime":1682617359,"views":12,"p1id":"skypoke321","p2id":"littlerootlessons","formatid":"gen9vgc2023regulationc","rating":1033,"private":0,"password":""}