{"id":"gen9vgc2023regulationc-1860798531","p1":"Lemurro","p2":"CameronBlzIt","format":"[Gen 9] VGC 2023 Regulation C","log":"|j|\u2606Lemurro\n|j|\u2606CameronBlzIt\n|t:|1683679221\n|gametype|doubles\n|player|p1|Lemurro|psychic-gen2|\n|player|p2|CameronBlzIt|skyla|\n|teamsize|p1|6\n|teamsize|p2|6\n|gen|9\n|tier|[Gen 9] VGC 2023 Regulation C\n|rule|Species Clause: Limit one of each Pok\u00e9mon\n|rule|Item Clause: Limit one of each item\n|clearpoke\n|poke|p1|Farigiraf, L50, F|\n|poke|p1|Gholdengo, L50|\n|poke|p1|Great Tusk, L50|\n|poke|p1|Talonflame, L50, M|\n|poke|p1|Iron Bundle, L50|\n|poke|p1|Tyranitar, L50, F|\n|poke|p2|Flutter Mane, L50|\n|poke|p2|Garchomp, L50, F|\n|poke|p2|Fletchling, L50, M|\n|poke|p2|Kingambit, L50, M|\n|poke|p2|Rotom-Heat, L50|\n|poke|p2|Tauros-Paldea-Aqua, L50, M|\n|teampreview|4\n|inactive|Battle timer is ON: inactive players will automatically lose when time's up. (requested by CameronBlzIt)\n|inactiveoff|Battle timer is now OFF.\n|c|\u2606Lemurro|glhf\n|c|\u2606Lemurro|g1\n|c|\u2606CameronBlzIt|gl brotjer\n|\n|t:|1683679306\n|start\n|switch|p1a: Cloud Minders|Talonflame, L50, M|100\/100\n|switch|p1b: Silicon Avatar|Gholdengo, L50|100\/100\n|switch|p2a: Kingambit|Kingambit, L50, M|100\/100\n|switch|p2b: Rotom|Rotom-Heat, L50|100\/100\n|turn|1\n|j| 1\/2chub\n|\n|t:|1683679324\n|-terastallize|p1b: Silicon Avatar|Water\n|-terastallize|p2a: Kingambit|Water\n|move|p1a: Cloud Minders|Will-O-Wisp|p2a: Kingambit\n|-status|p2a: Kingambit|brn\n|-enditem|p2a: Kingambit|Lum Berry|[eat]\n|-curestatus|p2a: Kingambit|brn|[msg]\n|move|p1b: Silicon Avatar|Tera Blast|p2b: Rotom\n|-supereffective|p2b: Rotom\n|-damage|p2b: Rotom|0 fnt\n|faint|p2b: Rotom\n|-damage|p1b: Silicon Avatar|91\/100|[from] item: Life Orb\n|move|p2a: Kingambit|Tera Blast|p1a: Cloud Minders\n|-supereffective|p1a: Cloud Minders\n|-enditem|p1a: Cloud Minders|Focus Sash\n|-damage|p1a: Cloud Minders|1\/100\n|\n|upkeep\n|j| Piglord2\n|j| 1\/4Chub\n|j| hoot42\n|j| SpadesHS\n|c| Piglord2|chill we got to link\n|j| Feyette\n|l| Piglord2\n|\n|t:|1683679375\n|switch|p2b: Garchomp|Garchomp, L50, F|100\/100\n|turn|2\n|j| Piglord2\n|\n|t:|1683679383\n|move|p2a: Kingambit|Protect|p2a: Kingambit\n|-singleturn|p2a: Kingambit|Protect\n|move|p1a: Cloud Minders|Tailwind|p1a: Cloud Minders\n|-sidestart|p1: Lemurro|move: Tailwind\n|move|p1b: Silicon Avatar|Shadow Ball|p2a: Kingambit\n|-activate|p2a: Kingambit|move: Protect\n|move|p2b: Garchomp|Rock Slide|p1b: Silicon Avatar|[spread] p1a,p1b\n|-supereffective|p1a: Cloud Minders\n|-damage|p1a: Cloud Minders|0 fnt\n|-damage|p1b: Silicon Avatar|69\/100\n|faint|p1a: Cloud Minders\n|\n|upkeep\n|j| EGAWalreins\n|\n|t:|1683679393\n|switch|p1a: 11001001|Iron Bundle, L50|100\/100\n|-enditem|p1a: 11001001|Booster Energy\n|-activate|p1a: 11001001|ability: Quark Drive|[fromitem]\n|-start|p1a: 11001001|quarkdrivespe\n|turn|3\n|\n|t:|1683679422\n|move|p2b: Garchomp|Protect|p2b: Garchomp\n|-singleturn|p2b: Garchomp|Protect\n|move|p2a: Kingambit|Sucker Punch|p1b: Silicon Avatar\n|-damage|p1b: Silicon Avatar|21\/100\n|move|p1a: 11001001|Freeze-Dry|p2a: Kingambit\n|-supereffective|p2a: Kingambit\n|-damage|p2a: Kingambit|30\/100\n|move|p1b: Silicon Avatar|Shadow Ball|p2a: Kingambit\n|-damage|p2a: Kingambit|0 fnt\n|faint|p2a: Kingambit\n|-damage|p1b: Silicon Avatar|11\/100|[from] item: Life Orb\n|\n|upkeep\n|\n|t:|1683679436\n|switch|p2a: Flutter Mane|Flutter Mane, L50|100\/100\n|-enditem|p2a: Flutter Mane|Booster Energy\n|-activate|p2a: Flutter Mane|ability: Protosynthesis|[fromitem]\n|-start|p2a: Flutter Mane|protosynthesisspe\n|turn|4\n|\n|t:|1683679456\n|move|p2a: Flutter Mane|Protect|p2a: Flutter Mane\n|-singleturn|p2a: Flutter Mane|Protect\n|move|p1a: 11001001|Icy Wind|p2a: Flutter Mane|[spread] p2b\n|-activate|p2a: Flutter Mane|move: Protect\n|-supereffective|p2b: Garchomp\n|-enditem|p2b: Garchomp|Yache Berry|[eat]\n|-enditem|p2b: Garchomp|Yache Berry|[weaken]\n|-damage|p2b: Garchomp|55\/100\n|-unboost|p2b: Garchomp|spe|1\n|move|p1b: Silicon Avatar|Make It Rain|p2b: Garchomp|[spread] p2b\n|-activate|p2a: Flutter Mane|move: Protect\n|-damage|p2b: Garchomp|0 fnt\n|-unboost|p1b: Silicon Avatar|spa|1\n|faint|p2b: Garchomp\n|-damage|p1b: Silicon Avatar|1\/100|[from] item: Life Orb\n|\n|upkeep\n|turn|5\n|j| Hiiya Papaya\n|j| vinithewini\n|j| Flipsicle\n|\n|t:|1683679530\n|move|p1a: 11001001|Icy Wind|p2a: Flutter Mane\n|-damage|p2a: Flutter Mane|72\/100\n|-unboost|p2a: Flutter Mane|spe|1\n|move|p1b: Silicon Avatar|Make It Rain|p2a: Flutter Mane\n|-supereffective|p2a: Flutter Mane\n|-damage|p2a: Flutter Mane|0 fnt\n|-unboost|p1b: Silicon Avatar|spa|1\n|faint|p2a: Flutter Mane\n|-end|p2a: Flutter Mane|Protosynthesis|[silent]\n|-damage|p1b: Silicon Avatar|0 fnt|[from] item: Life Orb\n|faint|p1b: Silicon Avatar\n|\n|win|Lemurro\n|c|\u2606CameronBlzIt|gg\n|j| Ciq108\n|c|\u2606Lemurro|gg\n|l| 1\/2chub\n|l| vinithewini\n|l| Flipsicle\n|j| Mr Doragon\n|j| DJSen\n|l|\u2606CameronBlzIt\n|l| Ciq108\n","uploadtime":1683679551,"views":27,"p1id":"lemurro","p2id":"cameronblzit","formatid":"gen9vgc2023regulationc","rating":0,"private":0,"password":""}