{"id":"gen9vgc2023regulationc-1853166206","p1":"anthonynn","p2":"Memebasedgod","format":"[Gen 9] VGC 2023 Regulation C","log":"|j|\u2606anthonynn\n|j|\u2606Memebasedgod\n|t:|1682643284\n|gametype|doubles\n|player|p1|anthonynn|1|\n|player|p2|Memebasedgod|nemona-v|\n|teamsize|p1|6\n|teamsize|p2|6\n|gen|9\n|tier|[Gen 9] VGC 2023 Regulation C\n|rule|Species Clause: Limit one of each Pok\u00e9mon\n|rule|Item Clause: Limit one of each item\n|clearpoke\n|poke|p1|Torkoal, L50, M|\n|poke|p1|Lilligant, L50, F|\n|poke|p1|Dachsbun, L50, M|\n|poke|p1|Palafin, L50, F|\n|poke|p1|Farigiraf, L50, M|\n|poke|p1|Eelektross, L50, F|\n|poke|p2|Skeledirge, L50, F|\n|poke|p2|Arboliva, L50, F|\n|poke|p2|Pikachu, L50, F|\n|poke|p2|Klefki, L50, F|\n|poke|p2|Floatzel, L50, M|\n|poke|p2|Heracross, L50, F|\n|teampreview|4\nanthonynn rejected open team sheets.\n|c|\u2606Memebasedgod|glhfilysm\n|c|\u2606anthonynn|omgilysmtaymmb\n|\n|t:|1682643336\n|start\n|switch|p1a: Torkoal|Torkoal, L50, M|100\/100\n|switch|p1b: Lilligant|Lilligant, L50, F|100\/100\n|switch|p2a: Best-o Friend-o|Pikachu, L50, F|100\/100\n|switch|p2b: Jingles|Klefki, L50, F|100\/100\n|-weather|SunnyDay|[from] ability: Drought|[of] p1a: Torkoal\n|turn|1\n|\n|t:|1682643362\n|-terastallize|p1b: Lilligant|Ghost\n|move|p1a: Torkoal|Protect|p1a: Torkoal\n|-singleturn|p1a: Torkoal|Protect\n|move|p2b: Jingles|Rain Dance|p2b: Jingles\n|-weather|RainDance\n|move|p2a: Best-o Friend-o|Nuzzle|p1b: Lilligant\n|-damage|p1b: Lilligant|93\/100\n|-status|p1b: Lilligant|par\n|move|p1b: Lilligant|Sleep Powder|p2b: Jingles|[miss]\n|-miss|p1b: Lilligant|p2b: Jingles\n|\n|-weather|RainDance|[upkeep]\n|upkeep\n|turn|2\n|\n|t:|1682643383\n|switch|p2b: Live Laugh Love|Heracross, L50, F, shiny|100\/100\n|switch|p1a: Farigiraf|Farigiraf, L50, M|100\/100\n|move|p2a: Best-o Friend-o|Encore||[still]\n|-fail|p2a: Best-o Friend-o\n|cant|p1b: Lilligant|par\n|\n|-weather|RainDance|[upkeep]\n|upkeep\n|turn|3\n|\n|t:|1682643402\n|move|p2a: Best-o Friend-o|Nuzzle|p1a: Farigiraf\n|-damage|p1a: Farigiraf|96\/100\n|-status|p1a: Farigiraf|par\n|move|p2b: Live Laugh Love|Pin Missile|p1b: Lilligant\n|-resisted|p1b: Lilligant\n|-damage|p1b: Lilligant|84\/100 par\n|-resisted|p1b: Lilligant\n|-damage|p1b: Lilligant|75\/100 par\n|-resisted|p1b: Lilligant\n|-damage|p1b: Lilligant|66\/100 par\n|-resisted|p1b: Lilligant\n|-damage|p1b: Lilligant|58\/100 par\n|-resisted|p1b: Lilligant\n|-damage|p1b: Lilligant|49\/100 par\n|-hitcount|p1b: Lilligant|5\n|cant|p1b: Lilligant|par\n|move|p1a: Farigiraf|Trick Room|p1a: Farigiraf\n|-fieldstart|move: Trick Room|[of] p1a: Farigiraf\n|\n|-weather|RainDance|[upkeep]\n|upkeep\n|turn|4\n|c|\u2606Memebasedgod|right\n|\n|t:|1682643427\n|switch|p1b: Torkoal|Torkoal, L50, M|100\/100\n|-weather|SunnyDay|[from] ability: Drought|[of] p1b: Torkoal\n|switch|p2b: Jingles|Klefki, L50, F|100\/100\n|move|p1a: Farigiraf|Dazzling Gleam|p2b: Jingles|[spread] p2a,p2b\n|-resisted|p2b: Jingles\n|-damage|p2a: Best-o Friend-o|48\/100\n|-damage|p2b: Jingles|91\/100\n|move|p2a: Best-o Friend-o|Encore|p1a: Farigiraf\n|-start|p1a: Farigiraf|Encore\n|\n|-weather|SunnyDay|[upkeep]\n|upkeep\n|turn|5\n|c|\u2606Memebasedgod|forgot abouit the resist lmao\n|\n|t:|1682643447\n|move|p2b: Jingles|Rain Dance|p2b: Jingles\n|-weather|RainDance\n|move|p1a: Farigiraf|Dazzling Gleam|p2b: Jingles|[spread] p2a,p2b\n|-resisted|p2b: Jingles\n|-damage|p2a: Best-o Friend-o|0 fnt\n|-damage|p2b: Jingles|81\/100\n|faint|p2a: Best-o Friend-o\n|move|p1b: Torkoal|Eruption|p2b: Jingles\n|-supereffective|p2b: Jingles\n|-damage|p2b: Jingles|7\/100\n|\n|-weather|RainDance|[upkeep]\n|upkeep\n|\n|t:|1682643458\n|switch|p2a: Live Laugh Love|Heracross, L50, F, shiny|100\/100\n|turn|6\n|\n|t:|1682643465\n|switch|p1b: Lilligant|Lilligant, L50, F, tera:Ghost|49\/100 par\n|move|p2b: Jingles|Light Screen|p2b: Jingles\n|-sidestart|p2: Memebasedgod|move: Light Screen\n|move|p1a: Farigiraf|Dazzling Gleam|p2b: Jingles|[spread] p2a,p2b\n|-supereffective|p2a: Live Laugh Love\n|-resisted|p2b: Jingles\n|-damage|p2a: Live Laugh Love|67\/100\n|-damage|p2b: Jingles|0 fnt\n|faint|p2b: Jingles\n|move|p2a: Live Laugh Love|Rock Blast|p1b: Lilligant|[miss]\n|-miss|p2a: Live Laugh Love|p1b: Lilligant\n|\n|-weather|RainDance|[upkeep]\n|upkeep\n|\n|t:|1682643474\n|switch|p2b: Un Poco Loco|Skeledirge, L50, F|100\/100\n|turn|7\n|\n|t:|1682643489\n|cant|p1a: Farigiraf|par\n|cant|p1b: Lilligant|par\n|move|p2b: Un Poco Loco|Shadow Ball|p1b: Lilligant\n|-supereffective|p1b: Lilligant\n|-damage|p1b: Lilligant|0 fnt\n|faint|p1b: Lilligant\n|move|p2a: Live Laugh Love|Pin Missile|p1a: Farigiraf\n|-supereffective|p1a: Farigiraf\n|-damage|p1a: Farigiraf|70\/100 par\n|-supereffective|p1a: Farigiraf\n|-damage|p1a: Farigiraf|40\/100 par\n|-enditem|p1a: Farigiraf|Sitrus Berry|[eat]\n|-heal|p1a: Farigiraf|64\/100 par|[from] item: Sitrus Berry\n|-supereffective|p1a: Farigiraf\n|-damage|p1a: Farigiraf|38\/100 par\n|-supereffective|p1a: Farigiraf\n|-damage|p1a: Farigiraf|11\/100 par\n|-supereffective|p1a: Farigiraf\n|-damage|p1a: Farigiraf|0 fnt\n|faint|p1a: Farigiraf\n|-ability|p2a: Live Laugh Love|Moxie|boost\n|-boost|p2a: Live Laugh Love|atk|1\n|-hitcount|p1: Farigiraf|5\n|\n|-weather|RainDance|[upkeep]\n|-fieldend|move: Trick Room\n|upkeep\n|\n|t:|1682643496\n|switch|p1b: Dachsbun|Dachsbun, L50, M|100\/100\n|switch|p1a: Torkoal|Torkoal, L50, M|100\/100\n|-weather|SunnyDay|[from] ability: Drought|[of] p1a: Torkoal\n|turn|8\n|c|\u2606Memebasedgod|damn forgot about another in the back\n|\n|t:|1682643523\n|move|p1a: Torkoal|Protect|p1a: Torkoal\n|-singleturn|p1a: Torkoal|Protect\n|move|p2a: Live Laugh Love|Rock Blast|p1a: Torkoal\n|-activate|p1a: Torkoal|move: Protect\n|move|p1b: Dachsbun|Play Rough|p2a: Live Laugh Love\n|-supereffective|p2a: Live Laugh Love\n|-damage|p2a: Live Laugh Love|0 fnt\n|faint|p2a: Live Laugh Love\n|move|p2b: Un Poco Loco|Torch Song|p1b: Dachsbun\n|-ability|p1b: Dachsbun|Well-Baked Body|boost\n|-boost|p1b: Dachsbun|def|2\n|\n|-weather|SunnyDay|[upkeep]\n|upkeep\n|turn|9\n|c|\u2606Memebasedgod|whoops\n|c|\u2606anthonynn|lmfao\n|\n|t:|1682643548\n|move|p1b: Dachsbun|Play Rough|p2b: Un Poco Loco\n|-resisted|p2b: Un Poco Loco\n|-damage|p2b: Un Poco Loco|90\/100\n|move|p2b: Un Poco Loco|Torch Song|p1a: Torkoal\n|-resisted|p1a: Torkoal\n|-damage|p1a: Torkoal|66\/100\n|-boost|p2b: Un Poco Loco|spa|1\n|move|p1a: Torkoal|Earth Power|p2b: Un Poco Loco\n|-supereffective|p2b: Un Poco Loco\n|-damage|p2b: Un Poco Loco|60\/100\n|\n|-weather|SunnyDay|[upkeep]\n|upkeep\n|turn|10\n|\n|t:|1682643562\n|-terastallize|p2b: Un Poco Loco|Grass\n|move|p1b: Dachsbun|Play Rough|p2b: Un Poco Loco\n|-damage|p2b: Un Poco Loco|37\/100\n|-enditem|p2b: Un Poco Loco|Sitrus Berry|[eat]\n|-heal|p2b: Un Poco Loco|62\/100|[from] item: Sitrus Berry\n|move|p2b: Un Poco Loco|Shadow Ball|p1a: Torkoal\n|-damage|p1a: Torkoal|0 fnt\n|faint|p1a: Torkoal\n|\n|-weather|SunnyDay|[upkeep]\n|upkeep\n|turn|11\n|\n|t:|1682643588\n|move|p1b: Dachsbun|Body Press|p2b: Un Poco Loco\n|-damage|p2b: Un Poco Loco|37\/100\n|move|p2b: Un Poco Loco|Shadow Ball|p1b: Dachsbun\n|-damage|p1b: Dachsbun|29\/100\n|\n|-weather|SunnyDay|[upkeep]\n|-heal|p1b: Dachsbun|35\/100|[from] item: Leftovers\n|upkeep\n|turn|12\n|\n|t:|1682643596\n|move|p1b: Dachsbun|Protect|p1b: Dachsbun\n|-singleturn|p1b: Dachsbun|Protect\n|move|p2b: Un Poco Loco|Slack Off|p2b: Un Poco Loco\n|-heal|p2b: Un Poco Loco|87\/100\n|\n|-weather|none\n|-heal|p1b: Dachsbun|41\/100|[from] item: Leftovers\n|upkeep\n|turn|13\n|\n|t:|1682643602\n|move|p1b: Dachsbun|Wish|p1b: Dachsbun\n|move|p2b: Un Poco Loco|Shadow Ball|p1b: Dachsbun\n|-damage|p1b: Dachsbun|0 fnt\n|faint|p1b: Dachsbun\n|\n|win|Memebasedgod\n|c|\u2606Memebasedgod|gg\n|c|\u2606anthonynn|gg hoe\n","uploadtime":1682643608,"views":9,"p1id":"anthonynn","p2id":"memebasedgod","formatid":"gen9vgc2023regulationc","rating":0,"private":0,"password":""}