{"id":"gen9vgc2023regulationc-1855039032","p1":"Angelowos","p2":"labiamg","format":"[Gen 9] VGC 2023 Regulation C","log":"|j|\u2606Angelowos\n|j|\u2606labiamg\n|t:|1682893932\n|gametype|doubles\n|player|p1|Angelowos|red|\n|player|p2|labiamg|266|\n|teamsize|p1|6\n|teamsize|p2|6\n|gen|9\n|tier|[Gen 9] VGC 2023 Regulation C\n|rule|Species Clause: Limit one of each Pok\u00e9mon\n|rule|Item Clause: Limit one of each item\n|clearpoke\n|poke|p1|Talonflame, L50, F|\n|poke|p1|Great Tusk, L50|\n|poke|p1|Rotom-Wash, L50|\n|poke|p1|Annihilape, L50, F|\n|poke|p1|Krookodile, L50, F|\n|poke|p1|Gengar, L50, M|\n|poke|p2|Dragonite, L50, M|\n|poke|p2|Lycanroc, L50, M|\n|poke|p2|Talonflame, L50, M|\n|poke|p2|Annihilape, L50, F|\n|poke|p2|Rotom-Wash, L50|\n|poke|p2|Garchomp, L50, F|\n|teampreview|4\n|l|\u2606labiamg\n|player|p2|\n|j|\u2606labiamg\n|player|p2|labiamg|266\n|\n|t:|1682894031\n|start\n|switch|p1a: Talonflame|Talonflame, L50, F|100\/100\n|switch|p1b: Gengar|Gengar, L50, M|100\/100\n|switch|p2a: Dragonite|Dragonite, L50, M|100\/100\n|switch|p2b: Talonflame|Talonflame, L50, M|100\/100\n|turn|1\n|\n|t:|1682894073\n|-terastallize|p1b: Gengar|Fairy\n|-terastallize|p2a: Dragonite|Normal\n|move|p2a: Dragonite|Extreme Speed|p1a: Talonflame\n|-damage|p1a: Talonflame|0 fnt\n|faint|p1a: Talonflame\n|move|p2b: Talonflame|Tailwind|p2b: Talonflame\n|-sidestart|p2: labiamg|move: Tailwind\n|move|p1b: Gengar|Dazzling Gleam|p2a: Dragonite|[spread] p2a,p2b\n|-resisted|p2b: Talonflame\n|-crit|p2b: Talonflame\n|-damage|p2a: Dragonite|60\/100\n|-damage|p2b: Talonflame|48\/100\n|\n|upkeep\n|\n|t:|1682894089\n|switch|p1a: Krookodile|Krookodile, L50, F|100\/100\n|-ability|p1a: Krookodile|Intimidate|boost\n|-fail|p2a: Dragonite|unboost|Attack|[from] ability: Inner Focus|[of] p2a: Dragonite\n|-unboost|p2b: Talonflame|atk|1\n|turn|2\n|\n|t:|1682894137\n|move|p2a: Dragonite|Extreme Speed|p1b: Gengar\n|-damage|p1b: Gengar|0 fnt\n|-start|p2a: Dragonite|Disable|Extreme Speed|[from] ability: Cursed Body|[of] p1b: Gengar\n|faint|p1b: Gengar\n|move|p2b: Talonflame|Flare Blitz|p1a: Krookodile\n|-damage|p1a: Krookodile|74\/100\n|-status|p1a: Krookodile|brn\n|-damage|p2b: Talonflame|36\/100|[from] Recoil\n|move|p1a: Krookodile|Foul Play|p2a: Dragonite\n|-damage|p2a: Dragonite|31\/100\n|\n|-damage|p1a: Krookodile|68\/100 brn|[from] brn\n|upkeep\n|\n|t:|1682894153\n|switch|p1b: Rotom|Rotom-Wash, L50|100\/100\n|turn|3\n|\n|t:|1682894178\n|switch|p2a: Lycanroc|Lycanroc, L50, M|100\/100\n|move|p1a: Krookodile|Helping Hand|p1b: Rotom\n|-singleturn|p1b: Rotom|Helping Hand|[of] p1a: Krookodile\n|move|p2b: Talonflame|Protect|p2b: Talonflame\n|-singleturn|p2b: Talonflame|Protect\n|move|p1b: Rotom|Discharge|p2a: Lycanroc|[spread] p2a\n|-activate|p2b: Talonflame|move: Protect\n|-immune|p1a: Krookodile\n|-damage|p2a: Lycanroc|24\/100\n|\n|-damage|p1a: Krookodile|62\/100 brn|[from] brn\n|upkeep\n|turn|4\n|\n|t:|1682894246\n|move|p1a: Krookodile|Helping Hand|p1b: Rotom\n|-singleturn|p1b: Rotom|Helping Hand|[of] p1a: Krookodile\n|move|p2b: Talonflame|Brave Bird|p1b: Rotom\n|-resisted|p1b: Rotom\n|-damage|p1b: Rotom|83\/100\n|-damage|p2b: Talonflame|31\/100|[from] Recoil\n|move|p2a: Lycanroc|Endeavor|p1b: Rotom\n|-damage|p1b: Rotom|23\/100\n|-enditem|p1b: Rotom|Sitrus Berry|[eat]\n|-heal|p1b: Rotom|48\/100|[from] item: Sitrus Berry\n|move|p1b: Rotom|Discharge|p2a: Lycanroc|[spread] p2a,p2b\n|-immune|p1a: Krookodile\n|-supereffective|p2b: Talonflame\n|-damage|p2a: Lycanroc|0 fnt\n|-damage|p2b: Talonflame|0 fnt\n|faint|p2a: Lycanroc\n|faint|p2b: Talonflame\n|\n|-damage|p1a: Krookodile|56\/100 brn|[from] brn\n|-sideend|p2: labiamg|move: Tailwind\n|upkeep\n|\n|t:|1682894267\n|switch|p2b: Dragonite|Dragonite, L50, M, tera:Normal|31\/100\n|switch|p2a: Annihilape|Annihilape, L50, F|100\/100\n|turn|5\n|\n|t:|1682894304\n|move|p1b: Rotom|Protect|p1b: Rotom\n|-singleturn|p1b: Rotom|Protect\n|move|p2b: Dragonite|Extreme Speed|p1b: Rotom\n|-activate|p1b: Rotom|move: Protect\n|move|p2a: Annihilape|Drain Punch|p1a: Krookodile\n|-supereffective|p1a: Krookodile\n|-damage|p1a: Krookodile|0 fnt\n|faint|p1a: Krookodile\n|\n|upkeep\n|turn|6\n|\n|t:|1682894318\n|move|p2b: Dragonite|Extreme Speed|p1b: Rotom\n|-damage|p1b: Rotom|0 fnt\n|faint|p1b: Rotom\n|\n|win|labiamg\n|c|\u2606Angelowos|Gg\n","uploadtime":1682894325,"views":4,"p1id":"angelowos","p2id":"labiamg","formatid":"gen9vgc2023regulationc","rating":0,"private":0,"password":""}