{"id":"gen9vgc2023regulationc-1855556603","p1":"Illthinkofitlater","p2":"lulvdisc","format":"[Gen 9] VGC 2023 Regulation C","log":"|j|\u2606Illthinkofitlater\n|j|\u2606lulvdisc\n|t:|1682961771\n|gametype|doubles\n|player|p1|Illthinkofitlater|boarder|1123\n|player|p2|lulvdisc|cueball-gen1rb|1111\n|teamsize|p1|6\n|teamsize|p2|6\n|gen|9\n|tier|[Gen 9] VGC 2023 Regulation C\n|rated|\n|rule|Species Clause: Limit one of each Pok\u00e9mon\n|rule|Item Clause: Limit one of each item\n|clearpoke\n|poke|p1|Ting-Lu, L50|\n|poke|p1|Abomasnow, L50, M|\n|poke|p1|Flutter Mane, L50|\n|poke|p1|Iron Hands, L50|\n|poke|p1|Bronzong, L50|\n|poke|p1|Arcanine, L50, F|\n|poke|p2|Ting-Lu, L50|\n|poke|p2|Vivillon-Fancy, L50, M|\n|poke|p2|Iron Bundle, L50|\n|poke|p2|Abomasnow, L50, M|\n|poke|p2|Annihilape, L50, F|\n|poke|p2|Chien-Pao, L50|\n|teampreview|4\n|inactive|Battle timer is ON: inactive players will automatically lose when time's up. (requested by lulvdisc)\n|\n|t:|1682961800\n|start\n|switch|p1a: Bronzong|Bronzong, L50|100\/100\n|switch|p1b: Ting-Lu|Ting-Lu, L50|100\/100\n|switch|p2a: Annihilape|Annihilape, L50, F|100\/100\n|switch|p2b: Vivillon|Vivillon-Fancy, L50, M|100\/100\n|-ability|p1b: Ting-Lu|Vessel of Ruin\n|turn|1\n|\n|t:|1682961823\n|-terastallize|p1b: Ting-Lu|Ground\n|move|p2b: Vivillon|Protect|p2b: Vivillon\n|-singleturn|p2b: Vivillon|Protect\n|move|p1a: Bronzong|Protect|p1a: Bronzong\n|-singleturn|p1a: Bronzong|Protect\n|move|p2a: Annihilape|Taunt|p1a: Bronzong\n|-activate|p1a: Bronzong|move: Protect\n|move|p1b: Ting-Lu|Stone Edge|p2b: Vivillon\n|-activate|p2b: Vivillon|move: Protect\n|\n|upkeep\n|turn|2\n|inactive|lulvdisc has 30 seconds left.\n|inactive|lulvdisc has 20 seconds left.\n|\n|t:|1682961861\n|switch|p1a: Arcanine|Arcanine, L50, F|100\/100\n|-ability|p1a: Arcanine|Intimidate|boost\n|-unboost|p2a: Annihilape|atk|1\n|-ability|p2a: Annihilape|Defiant|boost\n|-boost|p2a: Annihilape|atk|2\n|-enditem|p1a: Arcanine|Mirror Herb\n|-boost|p1a: Arcanine|atk|2|[from] item: Mirror Herb\n|-unboost|p2b: Vivillon|atk|1\n|move|p2b: Vivillon|Safeguard|p2b: Vivillon\n|-sidestart|p2: lulvdisc|Safeguard\n|move|p2a: Annihilape|Phantom Force||[still]\n|-prepare|p2a: Annihilape|Phantom Force\n|move|p1b: Ting-Lu|Stone Edge|p2b: Vivillon\n|-supereffective|p2b: Vivillon\n|-crit|p2b: Vivillon\n|-enditem|p2b: Vivillon|Focus Sash\n|-damage|p2b: Vivillon|1\/100\n|\n|upkeep\n|turn|3\n|inactive|Illthinkofitlater has 30 seconds left.\n|\n|t:|1682961886\n|move|p1a: Arcanine|Protect|p1a: Arcanine\n|-singleturn|p1a: Arcanine|Protect\n|move|p2b: Vivillon|Rage Powder|p2b: Vivillon\n|-singleturn|p2b: Vivillon|move: Rage Powder\n|move|p2a: Annihilape|Phantom Force|p1a: Arcanine|[from]lockedmove\n|-activate|p1a: Arcanine|move: Phantom Force|[broken]\n|-damage|p1a: Arcanine|24\/100\n|move|p1b: Ting-Lu|Stone Edge|p2b: Vivillon\n|-supereffective|p2b: Vivillon\n|-damage|p2b: Vivillon|0 fnt\n|faint|p2b: Vivillon\n|\n|upkeep\n|\n|t:|1682961902\n|switch|p2b: Iron Bundle|Iron Bundle, L50|100\/100\n|-enditem|p2b: Iron Bundle|Booster Energy\n|-activate|p2b: Iron Bundle|ability: Quark Drive|[fromitem]\n|-start|p2b: Iron Bundle|quarkdrivespe\n|turn|4\n|\n|t:|1682961925\n|move|p2b: Iron Bundle|Hydro Pump|p1b: Ting-Lu\n|-supereffective|p1b: Ting-Lu\n|-damage|p1b: Ting-Lu|43\/100\n|move|p1a: Arcanine|Will-O-Wisp|p2a: Annihilape\n|-activate|p2a: Annihilape|move: Safeguard\n|move|p2a: Annihilape|Close Combat|p1a: Arcanine\n|-damage|p1a: Arcanine|0 fnt\n|-unboost|p2a: Annihilape|def|1\n|-unboost|p2a: Annihilape|spd|1\n|faint|p1a: Arcanine\n|move|p1b: Ting-Lu|Stone Edge|p2b: Iron Bundle|[miss]\n|-miss|p1b: Ting-Lu|p2b: Iron Bundle\n|\n|upkeep\n|\n|t:|1682961938\n|switch|p1a: Flutter Mane|Flutter Mane, L50|100\/100\n|turn|5\n|\n|t:|1682961953\n|move|p2b: Iron Bundle|Hydro Pump|p1b: Ting-Lu\n|-supereffective|p1b: Ting-Lu\n|-damage|p1b: Ting-Lu|0 fnt\n|faint|p1b: Ting-Lu\n|move|p1a: Flutter Mane|Shadow Ball|p2a: Annihilape\n|-supereffective|p2a: Annihilape\n|-damage|p2a: Annihilape|0 fnt\n|faint|p2a: Annihilape\n|\n|upkeep\n|\n|t:|1682961961\n|switch|p2a: Abomasnow|Abomasnow, L50, M|100\/100\n|switch|p1b: Bronzong|Bronzong, L50|100\/100\n|-weather|Snow|[from] ability: Snow Warning|[of] p2a: Abomasnow\n|turn|6\n|\n|t:|1682961976\n|move|p2b: Iron Bundle|Aurora Veil|p2b: Iron Bundle\n|-sidestart|p2: lulvdisc|move: Aurora Veil\n|move|p1a: Flutter Mane|Shadow Ball|p2a: Abomasnow\n|-damage|p2a: Abomasnow|60\/100\n|move|p2a: Abomasnow|Blizzard|p1a: Flutter Mane|[spread] p1a,p1b\n|-resisted|p1b: Bronzong\n|-damage|p1a: Flutter Mane|57\/100\n|-damage|p1b: Bronzong|85\/100\n|-damage|p2a: Abomasnow|50\/100|[from] item: Life Orb\n|move|p1b: Bronzong|Safeguard|p1b: Bronzong\n|-sidestart|p1: Illthinkofitlater|Safeguard\n|\n|-weather|Snow|[upkeep]\n|-sideend|p2: lulvdisc|Safeguard\n|upkeep\n|turn|7\n|inactive|lulvdisc has 30 seconds left.\n|\n|t:|1682962002\n|move|p2b: Iron Bundle|Blizzard|p1a: Flutter Mane|[spread] p1a,p1b\n|-resisted|p1b: Bronzong\n|-damage|p1a: Flutter Mane|21\/100\n|-damage|p1b: Bronzong|69\/100\n|move|p1a: Flutter Mane|Shadow Ball|p2a: Abomasnow\n|-damage|p2a: Abomasnow|10\/100\n|move|p2a: Abomasnow|Blizzard|p1b: Bronzong|[spread] p1a,p1b\n|-resisted|p1b: Bronzong\n|-damage|p1a: Flutter Mane|0 fnt\n|-damage|p1b: Bronzong|52\/100\n|faint|p1a: Flutter Mane\n|-end|p1a: Flutter Mane|Protosynthesis|[silent]\n|-damage|p2a: Abomasnow|0 fnt|[from] item: Life Orb\n|faint|p2a: Abomasnow\n|move|p1b: Bronzong|Gyro Ball|p2b: Iron Bundle\n|-damage|p2b: Iron Bundle|78\/100\n|\n|-weather|Snow|[upkeep]\n|upkeep\n|turn|8\n|inactive|Illthinkofitlater has 30 seconds left.\n|inactive|Illthinkofitlater has 20 seconds left.\n|\n|t:|1682962039\n|move|p2b: Iron Bundle|Hydro Pump|p1b: Bronzong\n|-damage|p1b: Bronzong|15\/100\n|move|p1b: Bronzong|Gyro Ball|p2b: Iron Bundle\n|-damage|p2b: Iron Bundle|52\/100\n|\n|-weather|Snow|[upkeep]\n|upkeep\n|turn|9\n|\n|t:|1682962053\n|move|p2b: Iron Bundle|Blizzard|p1b: Bronzong\n|-resisted|p1b: Bronzong\n|-damage|p1b: Bronzong|0 fnt\n|faint|p1b: Bronzong\n|\n|win|lulvdisc\n|raw|Illthinkofitlater's rating: 1123 → 1097<\/strong> (-26 for losing)\n|raw|lulvdisc's rating: 1111 → 1137<\/strong> (+26 for winning)\n|l|\u2606Illthinkofitlater\n","uploadtime":1682962365,"views":23,"p1id":"illthinkofitlater","p2id":"lulvdisc","formatid":"gen9vgc2023regulationc","rating":1097,"private":0,"password":""}