{"id":"gen9vgc2023regulationc-1851675016","p1":"GobranJoe","p2":"The Hootie","format":"[Gen 9] VGC 2023 Regulation C","log":"|j|\u2606GobranJoe\n|j|\u2606The Hootie\n|t:|1682468509\n|gametype|doubles\n|player|p1|GobranJoe|gentleman-gen4dp|1627\n|player|p2|The Hootie|leon-tower|1577\n|teamsize|p1|6\n|teamsize|p2|6\n|gen|9\n|tier|[Gen 9] VGC 2023 Regulation C\n|rated|\n|rule|Species Clause: Limit one of each Pok\u00e9mon\n|rule|Item Clause: Limit one of each item\n|clearpoke\n|poke|p1|Murkrow, L50, M|\n|poke|p1|Flutter Mane, L50|\n|poke|p1|Electrode, L50|\n|poke|p1|Torkoal, L50, M|\n|poke|p1|Hypno, L50, M|\n|poke|p1|Dragonite, L50, F|\n|poke|p2|Murkrow, L50, F|\n|poke|p2|Great Tusk, L50|\n|poke|p2|Chi-Yu, L50|\n|poke|p2|Iron Bundle, L50|\n|poke|p2|Flutter Mane, L50|\n|poke|p2|Gothitelle, L50, M|\n|teampreview|4\n|inactive|Battle timer is ON: inactive players will automatically lose when time's up. (requested by GobranJoe)\nThe Hootie has agreed to open team sheets.\nGobranJoe has agreed to open team sheets.\n|inactive|The Hootie has 60 seconds left.\n|\n|t:|1682468557\n|start\n|switch|p1a: Hypno|Hypno, L50, M|100\/100\n|switch|p1b: Electrode|Electrode, L50|100\/100\n|switch|p2a: Gothitelle|Gothitelle, L50, M|100\/100\n|switch|p2b: Chi-Yu|Chi-Yu, L50|100\/100\n|-ability|p2b: Chi-Yu|Beads of Ruin\n|turn|1\n|inactive|The Hootie has 30 seconds left.\n|\n|t:|1682468583\n|move|p2a: Gothitelle|Fake Out|p1b: Electrode\n|-damage|p1b: Electrode|92\/100\n|cant|p1b: Electrode|flinch\n|move|p2b: Chi-Yu|Heat Wave|p1a: Hypno|[spread] p1a,p1b\n|-damage|p1a: Hypno|52\/100\n|-damage|p1b: Electrode|4\/100\n|move|p1a: Hypno|Trick Room|p1a: Hypno\n|-fieldstart|move: Trick Room|[of] p1a: Hypno\n|\n|upkeep\n|turn|2\n|\n|t:|1682468607\n|move|p1a: Hypno|Hypnosis|p2b: Chi-Yu\n|-status|p2b: Chi-Yu|slp|[from] move: Hypnosis\n|move|p2a: Gothitelle|Psychic|p1b: Electrode\n|-damage|p1b: Electrode|0 fnt\n|faint|p1b: Electrode\n|cant|p2b: Chi-Yu|slp\n|\n|upkeep\n|inactive|GobranJoe has 30 seconds left.\n|inactive|GobranJoe has 20 seconds left.\n|inactive|GobranJoe has 15 seconds left.\n|inactive|GobranJoe has 10 seconds left.\n|\n|t:|1682468653\n|switch|p1b: Torkoal|Torkoal, L50, M|100\/100\n|-weather|SunnyDay|[from] ability: Drought|[of] p1b: Torkoal\n|turn|3\n|\n|t:|1682468678\n|-terastallize|p1b: Torkoal|Fire\n|move|p1a: Hypno|Helping Hand|p1b: Torkoal\n|-singleturn|p1b: Torkoal|Helping Hand|[of] p1a: Hypno\n|move|p1b: Torkoal|Eruption|p2a: Gothitelle|[spread] p2a,p2b\n|-resisted|p2b: Chi-Yu\n|-damage|p2a: Gothitelle|0 fnt\n|-damage|p2b: Chi-Yu|11\/100 slp\n|faint|p2a: Gothitelle\n|-curestatus|p2b: Chi-Yu|slp|[msg]\n|move|p2b: Chi-Yu|Dark Pulse|p1a: Hypno\n|-supereffective|p1a: Hypno\n|-damage|p1a: Hypno|0 fnt\n|faint|p1a: Hypno\n|\n|-weather|SunnyDay|[upkeep]\n|upkeep\n|\n|t:|1682468693\n|switch|p1a: Dragonite|Dragonite, L50, F|100\/100\n|switch|p2a: Iron Bundle|Iron Bundle, L50|100\/100\n|turn|4\n|\n|t:|1682468711\n|move|p2b: Chi-Yu|Protect|p2b: Chi-Yu\n|-singleturn|p2b: Chi-Yu|Protect\n|move|p2a: Iron Bundle|Protect|p2a: Iron Bundle\n|-singleturn|p2a: Iron Bundle|Protect\n|move|p1b: Torkoal|Eruption|p2b: Chi-Yu|[spread] \n|-activate|p2a: Iron Bundle|move: Protect\n|-activate|p2b: Chi-Yu|move: Protect\n|move|p1a: Dragonite|Rock Slide|p2b: Chi-Yu|[spread] \n|-activate|p2a: Iron Bundle|move: Protect\n|-activate|p2b: Chi-Yu|move: Protect\n|\n|-weather|SunnyDay|[upkeep]\n|upkeep\n|turn|5\n|inactive|The Hootie has 30 seconds left.\n|\n|t:|1682468743\n|-end|p2a: Iron Bundle|Quark Drive|[silent]\n|switch|p2a: Flutter Mane|Flutter Mane, L50|100\/100\n|-activate|p2a: Flutter Mane|ability: Protosynthesis\n|-start|p2a: Flutter Mane|protosynthesisspa\n|move|p2b: Chi-Yu|Protect|p2b: Chi-Yu\n|-singleturn|p2b: Chi-Yu|Protect\n|move|p1b: Torkoal|Eruption|p2a: Flutter Mane|[spread] p2a\n|-activate|p2b: Chi-Yu|move: Protect\n|-damage|p2a: Flutter Mane|0 fnt\n|faint|p2a: Flutter Mane\n|-end|p2a: Flutter Mane|Protosynthesis|[silent]\n|move|p1a: Dragonite|Rock Slide|p2b: Chi-Yu\n|-activate|p2b: Chi-Yu|move: Protect\n|\n|-weather|SunnyDay|[upkeep]\n|-fieldend|move: Trick Room\n|upkeep\n|\n|t:|1682468757\n|switch|p2a: Iron Bundle|Iron Bundle, L50|100\/100\n|turn|6\n|inactive|The Hootie has 30 seconds left.\n|\n|t:|1682468787\n|move|p2b: Chi-Yu|Protect||[still]\n|-fail|p2b: Chi-Yu\n|move|p1a: Dragonite|Extreme Speed|p2b: Chi-Yu\n|-damage|p2b: Chi-Yu|0 fnt\n|faint|p2b: Chi-Yu\n|-damage|p1a: Dragonite|91\/100|[from] item: Life Orb\n|move|p2a: Iron Bundle|Icy Wind|p1b: Torkoal|[spread] p1a,p1b\n|-supereffective|p1a: Dragonite\n|-resisted|p1b: Torkoal\n|-damage|p1a: Dragonite|14\/100\n|-damage|p1b: Torkoal|87\/100\n|-unboost|p1a: Dragonite|spe|1\n|-unboost|p1b: Torkoal|spe|1\n|move|p1b: Torkoal|Flamethrower|p2a: Iron Bundle\n|-enditem|p2a: Iron Bundle|Focus Sash\n|-damage|p2a: Iron Bundle|1\/100\n|\n|-weather|SunnyDay|[upkeep]\n|upkeep\n|turn|7\n|\n|t:|1682468808\n|move|p2a: Iron Bundle|Protect|p2a: Iron Bundle\n|-singleturn|p2a: Iron Bundle|Protect\n|move|p1a: Dragonite|Extreme Speed|p2a: Iron Bundle\n|-activate|p2a: Iron Bundle|move: Protect\n|move|p1b: Torkoal|Flamethrower|p2a: Iron Bundle\n|-activate|p2a: Iron Bundle|move: Protect\n|\n|-weather|none\n|upkeep\n|turn|8\n|j| NotDaBoy\n|\n|t:|1682468817\n|-terastallize|p2a: Iron Bundle|Ghost\n|move|p1a: Dragonite|Extreme Speed|p2a: Iron Bundle\n|-immune|p2a: Iron Bundle\n|move|p2a: Iron Bundle|Hydro Pump|p1b: Torkoal\n|-supereffective|p1b: Torkoal\n|-damage|p1b: Torkoal|0 fnt\n|faint|p1b: Torkoal\n|\n|upkeep\n|turn|9\n|-message|GobranJoe forfeited.\n|\n|win|The Hootie\n|raw|GobranJoe's rating: 1627 → 1604<\/strong> (-23 for losing)\n|raw|The Hootie's rating: 1577 → 1600<\/strong> (+23 for winning)\n|l|\u2606GobranJoe\n","uploadtime":1682468834,"views":23,"p1id":"gobranjoe","p2id":"thehootie","formatid":"gen9vgc2023regulationc","rating":1600,"private":0,"password":""}