{"id":"gen9vgc2023regulationc-1856460714","p1":"HappyduckJJ","p2":"Keveloper","format":"[Gen 9] VGC 2023 Regulation C","log":"|j|\u2606HappyduckJJ\n|j|\u2606Keveloper\n|t:|1683063948\n|gametype|doubles\n|player|p1|HappyduckJJ|chase|\n|player|p2|Keveloper|lucas|\n|teamsize|p1|6\n|teamsize|p2|6\n|gen|9\n|tier|[Gen 9] VGC 2023 Regulation C\n|rule|Species Clause: Limit one of each Pok\u00e9mon\n|rule|Item Clause: Limit one of each item\n|clearpoke\n|poke|p1|Glimmora, L50, F|\n|poke|p1|Iron Bundle, L50|\n|poke|p1|Wo-Chien, L50|\n|poke|p1|Arcanine, L50, M|\n|poke|p1|Dondozo, L50, F|\n|poke|p1|Tatsugiri, L50, F|\n|poke|p2|Orthworm, L50, F|\n|poke|p2|Dragonite, L50, F|\n|poke|p2|Ting-Lu, L50|\n|poke|p2|Gyarados, L50, F|\n|poke|p2|Flutter Mane, L50|\n|poke|p2|Chien-Pao, L50|\n|teampreview|4\nKeveloper has agreed to open team sheets.\nHappyduckJJ has agreed to open team sheets.\n|inactive|Battle timer is ON: inactive players will automatically lose when time's up. (requested by HappyduckJJ)\n|\n|t:|1683064027\n|start\n|switch|p1a: Glimmora|Glimmora, L50, F|100\/100\n|switch|p1b: Woah-Chien|Wo-Chien, L50|100\/100\n|switch|p2a: Orthworm|Orthworm, L50, F|100\/100\n|switch|p2b: Ting-Lu|Ting-Lu, L50|100\/100\n|-ability|p2b: Ting-Lu|Vessel of Ruin\n|-ability|p1b: Woah-Chien|Tablets of Ruin\n|turn|1\n|inactiveoff|Battle timer is now OFF.\n|\n|t:|1683064053\n|-terastallize|p1a: Glimmora|Grass\n|move|p1a: Glimmora|Energy Ball|p2b: Ting-Lu\n|-supereffective|p2b: Ting-Lu\n|-damage|p2b: Ting-Lu|69\/100\n|move|p2b: Ting-Lu|Bulldoze|p1a: Glimmora|[spread] p1a,p1b\n|-immune|p2a: Orthworm|[from] ability: Earth Eater\n|-resisted|p1a: Glimmora\n|-resisted|p1b: Woah-Chien\n|-damage|p1a: Glimmora|93\/100\n|-damage|p1b: Woah-Chien|94\/100\n|-unboost|p1a: Glimmora|spe|1\n|-unboost|p1b: Woah-Chien|spe|1\n|-activate|p1a: Glimmora|ability: Toxic Debris\n|-sidestart|p2: Keveloper|move: Toxic Spikes\n|move|p2a: Orthworm|Body Press|p1b: Woah-Chien\n|-supereffective|p1b: Woah-Chien\n|-damage|p1b: Woah-Chien|63\/100\n|move|p1b: Woah-Chien|Leech Seed|p2b: Ting-Lu\n|-start|p2b: Ting-Lu|move: Leech Seed\n|\n|-damage|p2b: Ting-Lu|56\/100|[from] Leech Seed|[of] p1b: Woah-Chien\n|-heal|p1b: Woah-Chien|78\/100|[silent]\n|upkeep\n|turn|2\n|\n|t:|1683064080\n|move|p2b: Ting-Lu|Rock Slide|p1a: Glimmora|[spread] p1a\n|-miss|p2b: Ting-Lu|p1b: Woah-Chien\n|-damage|p1a: Glimmora|83\/100\n|-activate|p1a: Glimmora|ability: Toxic Debris\n|-sidestart|p2: Keveloper|move: Toxic Spikes\n|move|p2a: Orthworm|Iron Defense|p2a: Orthworm\n|-boost|p2a: Orthworm|def|2\n|cant|p1a: Glimmora|flinch\n|move|p1b: Woah-Chien|Foul Play|p2a: Orthworm\n|-damage|p2a: Orthworm|90\/100\n|\n|-damage|p2b: Ting-Lu|44\/100|[from] Leech Seed|[of] p1b: Woah-Chien\n|-heal|p1b: Woah-Chien|93\/100|[silent]\n|upkeep\n|turn|3\n|\n|t:|1683064109\n|switch|p2b: Gyarados|Gyarados, L50, F|100\/100\n|-ability|p2b: Gyarados|Intimidate|boost\n|-unboost|p1a: Glimmora|atk|1\n|-unboost|p1b: Woah-Chien|atk|1\n|switch|p1b: Dondozo|Dondozo, L50, F|100\/100\n|move|p2a: Orthworm|Body Press|p1a: Glimmora\n|-damage|p1a: Glimmora|38\/100\n|move|p1a: Glimmora|Energy Ball|p2b: Gyarados\n|-damage|p2b: Gyarados|70\/100\n|\n|upkeep\n|turn|4\n|\n|t:|1683064139\n|move|p1b: Dondozo|Protect|p1b: Dondozo\n|-singleturn|p1b: Dondozo|Protect\n|move|p2b: Gyarados|Thunder Wave|p1b: Dondozo\n|-activate|p1b: Dondozo|move: Protect\n|move|p2a: Orthworm|Shed Tail|p2a: Orthworm\n|-start|p2a: Orthworm|Substitute|[from] move: Shed Tail\n|-damage|p2a: Orthworm|40\/100\n|-enditem|p2a: Orthworm|Sitrus Berry|[eat]\n|-heal|p2a: Orthworm|65\/100|[from] item: Sitrus Berry\n|\n|t:|1683064150\n|switch|p2a: Flutter Mane|Flutter Mane, L50|100\/100|[from] Shed Tail\n|-status|p2a: Flutter Mane|tox\n|move|p1a: Glimmora|Mortal Spin|p2a: Flutter Mane|[spread] p2a,p2b\n|-activate|p2a: Flutter Mane|move: Substitute|[damage]\n|-damage|p2b: Gyarados|67\/100\n|-status|p2b: Gyarados|psn\n|\n|-damage|p2a: Flutter Mane|94\/100 tox|[from] psn\n|-damage|p2b: Gyarados|55\/100 psn|[from] psn\n|upkeep\n|turn|5\n|\n|t:|1683064192\n|switch|p1a: Tatsugiri|Tatsugiri, L50, F|100\/100\n|-activate|p1a: Tatsugiri|ability: Commander|[of] p1b: Dondozo\n|-boost|p1b: Dondozo|atk|2\n|-boost|p1b: Dondozo|spa|2\n|-boost|p1b: Dondozo|spe|2\n|-boost|p1b: Dondozo|def|2\n|-boost|p1b: Dondozo|spd|2\n|-terastallize|p2a: Flutter Mane|Fairy\n|move|p2a: Flutter Mane|Moonblast|p1b: Dondozo\n|-damage|p1b: Dondozo|62\/100\n|move|p1b: Dondozo|Order Up|p2b: Gyarados\n|-damage|p2b: Gyarados|13\/100 psn\n|-boost|p1b: Dondozo|atk|1\n|move|p2b: Gyarados|Thunder Wave|p1b: Dondozo\n|-status|p1b: Dondozo|par\n|\n|-heal|p1b: Dondozo|69\/100 par|[from] item: Leftovers\n|-damage|p2a: Flutter Mane|82\/100 tox|[from] psn\n|-damage|p2b: Gyarados|0 fnt|[from] psn\n|faint|p2b: Gyarados\n|upkeep\n|\n|t:|1683064214\n|switch|p2b: Orthworm|Orthworm, L50, F|65\/100\n|turn|6\n|\n|t:|1683064230\n|move|p2a: Flutter Mane|Moonblast|p1b: Dondozo\n|-damage|p1b: Dondozo|25\/100 par\n|-unboost|p1b: Dondozo|spa|1\n|cant|p1b: Dondozo|par\n|move|p2b: Orthworm|Shed Tail|p2b: Orthworm\n|-start|p2b: Orthworm|Substitute|[from] move: Shed Tail\n|-damage|p2b: Orthworm|15\/100\n|\n|t:|1683064239\n|switch|p2b: Ting-Lu|Ting-Lu, L50|44\/100|[from] Shed Tail\n|-status|p2b: Ting-Lu|tox\n|-ability|p2b: Ting-Lu|Vessel of Ruin\n|\n|-heal|p1b: Dondozo|31\/100 par|[from] item: Leftovers\n|-damage|p2a: Flutter Mane|64\/100 tox|[from] psn\n|-damage|p2b: Ting-Lu|38\/100 tox|[from] psn\n|upkeep\n|turn|7\n|\n|t:|1683064283\n|move|p1b: Dondozo|Protect|p1b: Dondozo\n|-singleturn|p1b: Dondozo|Protect\n|move|p2a: Flutter Mane|Moonblast|p1b: Dondozo\n|-activate|p1b: Dondozo|move: Protect\n|move|p2b: Ting-Lu|Throat Chop|p1b: Dondozo\n|-activate|p1b: Dondozo|move: Protect\n|\n|-heal|p1b: Dondozo|38\/100 par|[from] item: Leftovers\n|-damage|p2a: Flutter Mane|40\/100 tox|[from] psn\n|-damage|p2b: Ting-Lu|26\/100 tox|[from] psn\n|upkeep\n|turn|8\n|\n|t:|1683064293\n|move|p2a: Flutter Mane|Moonblast|p1b: Dondozo\n|-damage|p1b: Dondozo|8\/100 par\n|move|p2b: Ting-Lu|Throat Chop|p1b: Dondozo\n|-damage|p1b: Dondozo|0 fnt\n|faint|p1b: Dondozo\n|\n|-damage|p2a: Flutter Mane|10\/100 tox|[from] psn\n|-damage|p2b: Ting-Lu|8\/100 tox|[from] psn\n|upkeep\n|\n|t:|1683064304\n|switch|p1b: Woah-Chien|Wo-Chien, L50|93\/100\n|-ability|p1b: Woah-Chien|Tablets of Ruin\n|turn|9\n|\n|t:|1683064328\n|switch|p1a: Glimmora|Glimmora, L50, F, tera:Grass|38\/100\n|move|p1b: Woah-Chien|Protect|p1b: Woah-Chien\n|-singleturn|p1b: Woah-Chien|Protect\n|move|p2a: Flutter Mane|Moonblast|p1a: Glimmora\n|-damage|p1a: Glimmora|0 fnt\n|faint|p1a: Glimmora\n|move|p2b: Ting-Lu|Rock Slide|p1b: Woah-Chien\n|-activate|p1b: Woah-Chien|move: Protect\n|\n|-damage|p2a: Flutter Mane|0 fnt|[from] psn\n|faint|p2a: Flutter Mane\n|-end|p2a: Flutter Mane|Protosynthesis|[silent]\n|-damage|p2b: Ting-Lu|0 fnt|[from] psn\n|faint|p2b: Ting-Lu\n|upkeep\n|\n|t:|1683064336\n|switch|p1a: Tatsugiri|Tatsugiri, L50, F|100\/100\n|switch|p2b: Orthworm|Orthworm, L50, F|15\/100\n|turn|10\n|\n|t:|1683064352\n|move|p1a: Tatsugiri|Dragon Pulse|p2b: Orthworm\n|-resisted|p2b: Orthworm\n|-damage|p2b: Orthworm|0 fnt\n|faint|p2b: Orthworm\n|\n|win|HappyduckJJ\n|l|\u2606Keveloper\n|j|\u2606Keveloper\n|player|p2|Keveloper|lucas\n","uploadtime":1683064415,"views":6,"p1id":"happyduckjj","p2id":"keveloper","formatid":"gen9vgc2023regulationc","rating":0,"private":0,"password":""}