{"id":"gen9vgc2023regulationc-1860149581","p1":"dreameatergengar1","p2":"Wow_Yangg","format":"[Gen 9] VGC 2023 Regulation C","log":"|j|\u2606dreameatergengar1\n|j|\u2606Wow_Yangg\n|t:|1683601320\n|gametype|doubles\n|player|p1|dreameatergengar1|psychic-gen4|1372\n|player|p2|Wow_Yangg|fisherman-gen4|1453\n|teamsize|p1|6\n|teamsize|p2|6\n|gen|9\n|tier|[Gen 9] VGC 2023 Regulation C\n|rated|\n|rule|Species Clause: Limit one of each Pok\u00e9mon\n|rule|Item Clause: Limit one of each item\n|clearpoke\n|poke|p1|Chi-Yu, L50|\n|poke|p1|Flutter Mane, L50|\n|poke|p1|Gyarados, L50, F|\n|poke|p1|Amoonguss, L50, F|\n|poke|p1|Iron Hands, L50|\n|poke|p1|Scizor, L50, F|\n|poke|p2|Bellibolt, L50, M|\n|poke|p2|Scizor, L50, F|\n|poke|p2|Flutter Mane, L50|\n|poke|p2|Wo-Chien, L50|\n|poke|p2|Arcanine, L50, M|\n|poke|p2|Baxcalibur, L50, M|\n|teampreview|4\n|inactive|Battle timer is ON: inactive players will automatically lose when time's up. (requested by Wow_Yangg)\n|\n|t:|1683601364\n|start\n|switch|p1a: Chi-Yu|Chi-Yu, L50|100\/100\n|switch|p1b: Iron Hands|Iron Hands, L50|100\/100\n|switch|p2a: Bellibolt|Bellibolt, L50, M|100\/100\n|switch|p2b: Arcanine|Arcanine, L50, M|100\/100\n|-ability|p2b: Arcanine|Intimidate|boost\n|-unboost|p1a: Chi-Yu|atk|1\n|-unboost|p1b: Iron Hands|atk|1\n|-ability|p1a: Chi-Yu|Beads of Ruin\n|turn|1\n|\n|t:|1683601377\n|move|p2b: Arcanine|Protect|p2b: Arcanine\n|-singleturn|p2b: Arcanine|Protect\n|move|p1b: Iron Hands|Fake Out|p2a: Bellibolt\n|-damage|p2a: Bellibolt|93\/100\n|-start|p2a: Bellibolt|Charge|Fake Out|[from] ability: Electromorphosis\n|move|p1a: Chi-Yu|Nasty Plot|p1a: Chi-Yu\n|-boost|p1a: Chi-Yu|spa|2\n|cant|p2a: Bellibolt|flinch\n|-end|p2a: Bellibolt|Charge|[silent]\n|\n|upkeep\n|turn|2\n|\n|t:|1683601398\n|move|p2b: Arcanine|Will-O-Wisp|p1b: Iron Hands\n|-status|p1b: Iron Hands|brn\n|move|p1a: Chi-Yu|Dark Pulse|p2a: Bellibolt\n|-damage|p2a: Bellibolt|13\/100\n|-start|p2a: Bellibolt|Charge|Dark Pulse|[from] ability: Electromorphosis\n|move|p1b: Iron Hands|Volt Switch|p2b: Arcanine\n|-damage|p2b: Arcanine|78\/100\n|\n|t:|1683601412\n|-end|p1b: Iron Hands|Quark Drive|[silent]\n|switch|p1b: Scizor|Scizor, L50, F|100\/100|[from] Volt Switch\n|move|p2a: Bellibolt|Muddy Water|p1a: Chi-Yu|[spread] p1a,p1b\n|-supereffective|p1a: Chi-Yu\n|-damage|p1a: Chi-Yu|62\/100\n|-damage|p1b: Scizor|67\/100\n|\n|upkeep\n|turn|3\n|\n|t:|1683601422\n|-terastallize|p1b: Scizor|Water\n|move|p2a: Bellibolt|Sucker Punch|p1a: Chi-Yu\n|-resisted|p1a: Chi-Yu\n|-damage|p1a: Chi-Yu|56\/100\n|move|p2b: Arcanine|Will-O-Wisp|p1b: Scizor\n|-status|p1b: Scizor|brn\n|move|p1a: Chi-Yu|Heat Wave|p2b: Arcanine|[spread] p2a,p2b\n|-resisted|p2b: Arcanine\n|-damage|p2a: Bellibolt|0 fnt\n|-damage|p2b: Arcanine|14\/100\n|faint|p2a: Bellibolt\n|move|p1b: Scizor|Tera Blast|p2b: Arcanine\n|-supereffective|p2b: Arcanine\n|-damage|p2b: Arcanine|0 fnt\n|faint|p2b: Arcanine\n|\n|-damage|p1b: Scizor|60\/100 brn|[from] brn\n|upkeep\n|\n|t:|1683601431\n|switch|p2b: Flutter Mane|Flutter Mane, L50|100\/100\n|switch|p2a: Wo-Chien|Wo-Chien, L50|100\/100\n|-ability|p2a: Wo-Chien|Tablets of Ruin\n|turn|4\n|\n|t:|1683601450\n|switch|p1b: Gyarados|Gyarados, L50, F|100\/100\n|-ability|p1b: Gyarados|Intimidate|boost\n|-unboost|p2a: Wo-Chien|atk|1\n|-unboost|p2b: Flutter Mane|atk|1\n|-terastallize|p2a: Wo-Chien|Poison\n|move|p1a: Chi-Yu|Protect|p1a: Chi-Yu\n|-singleturn|p1a: Chi-Yu|Protect\n|move|p2b: Flutter Mane|Dazzling Gleam|p1a: Chi-Yu|[spread] p1b\n|-activate|p1a: Chi-Yu|move: Protect\n|-damage|p1b: Gyarados|55\/100\n|move|p2a: Wo-Chien|Foul Play|p1b: Gyarados\n|-crit|p1b: Gyarados\n|-damage|p1b: Gyarados|0 fnt\n|faint|p1b: Gyarados\n|\n|upkeep\n|\n|t:|1683601456\n|switch|p1b: Scizor|Scizor, L50, F, tera:Water|60\/100 brn\n|turn|5\n|\n|t:|1683601473\n|move|p1b: Scizor|Bullet Punch|p2b: Flutter Mane\n|-supereffective|p2b: Flutter Mane\n|-damage|p2b: Flutter Mane|19\/100\n|move|p2b: Flutter Mane|Dazzling Gleam|p1b: Scizor|[spread] p1a,p1b\n|-damage|p1a: Chi-Yu|13\/100\n|-damage|p1b: Scizor|0 fnt\n|faint|p1b: Scizor\n|move|p1a: Chi-Yu|Heat Wave|p2a: Wo-Chien|[spread] p2a,p2b\n|-crit|p2a: Wo-Chien\n|-damage|p2a: Wo-Chien|11\/100\n|-damage|p2b: Flutter Mane|0 fnt\n|faint|p2b: Flutter Mane\n|-end|p2b: Flutter Mane|Protosynthesis|[silent]\n|move|p2a: Wo-Chien|Leech Seed|p1a: Chi-Yu\n|-start|p1a: Chi-Yu|move: Leech Seed\n|\n|-heal|p2a: Wo-Chien|17\/100|[from] item: Leftovers\n|-damage|p1a: Chi-Yu|1\/100|[from] Leech Seed|[of] p2a: Wo-Chien\n|-heal|p2a: Wo-Chien|28\/100|[silent]\n|upkeep\n|\n|t:|1683601476\n|switch|p1b: Iron Hands|Iron Hands, L50|100\/100 brn\n|turn|6\n|\n|t:|1683601491\n|move|p2a: Wo-Chien|Protect|p2a: Wo-Chien\n|-singleturn|p2a: Wo-Chien|Protect\n|move|p1a: Chi-Yu|Heat Wave|p2a: Wo-Chien\n|-activate|p2a: Wo-Chien|move: Protect\n|move|p1b: Iron Hands|Drain Punch|p2a: Wo-Chien\n|-activate|p2a: Wo-Chien|move: Protect\n|\n|-heal|p2a: Wo-Chien|34\/100|[from] item: Leftovers\n|-damage|p1a: Chi-Yu|0 fnt|[from] Leech Seed|[of] p2a: Wo-Chien\n|-heal|p2a: Wo-Chien|34\/100|[silent]\n|faint|p1a: Chi-Yu\n|-damage|p1b: Iron Hands|94\/100 brn|[from] brn\n|upkeep\n|turn|7\n|\n|t:|1683601501\n|move|p2a: Wo-Chien|Leech Seed|p1b: Iron Hands\n|-start|p1b: Iron Hands|move: Leech Seed\n|move|p1b: Iron Hands|Wild Charge|p2a: Wo-Chien\n|-damage|p2a: Wo-Chien|18\/100\n|-damage|p1b: Iron Hands|91\/100 brn|[from] Recoil\n|\n|-heal|p2a: Wo-Chien|24\/100|[from] item: Leftovers\n|-damage|p1b: Iron Hands|79\/100 brn|[from] Leech Seed|[of] p2a: Wo-Chien\n|-heal|p2a: Wo-Chien|40\/100|[silent]\n|-damage|p1b: Iron Hands|72\/100 brn|[from] brn\n|upkeep\n|turn|8\n|-message|dreameatergengar1 forfeited.\n|\n|win|Wow_Yangg\n|raw|dreameatergengar1's rating: 1372 → 1357<\/strong> (-15 for losing)\n|raw|Wow_Yangg's rating: 1453 → 1468<\/strong> (+15 for winning)\n|l|\u2606dreameatergengar1\n","uploadtime":1683601518,"views":12,"p1id":"dreameatergengar1","p2id":"wowyangg","formatid":"gen9vgc2023regulationc","rating":1357,"private":0,"password":""}