{"id":"gen9vgc2023regulationc-1845609716","p1":"JT562","p2":"Lucawufflekinz","format":"[Gen 9] VGC 2023 Regulation C","log":"|j|\u2606JT562\n|j|\u2606Lucawufflekinz\n|t:|1681749190\n|gametype|doubles\n|player|p1|JT562|266|1194\n|player|p2|Lucawufflekinz|101|1303\n|teamsize|p1|6\n|teamsize|p2|6\n|gen|9\n|tier|[Gen 9] VGC 2023 Regulation C\n|rated|\n|rule|Species Clause: Limit one of each Pok\u00e9mon\n|rule|Item Clause: Limit one of each item\n|clearpoke\n|poke|p1|Iron Bundle, L50|\n|poke|p1|Chi-Yu, L50|\n|poke|p1|Murkrow, L50, M|\n|poke|p1|Great Tusk, L50|\n|poke|p1|Amoonguss, L50, M|\n|poke|p1|Palafin, L50, F|\n|poke|p2|Lucario, L50, M|\n|poke|p2|Chien-Pao, L50|\n|poke|p2|Wo-Chien, L50|\n|poke|p2|Flutter Mane, L50|\n|poke|p2|Gyarados, L50, F|\n|poke|p2|Arcanine, L50, F|\n|teampreview|4\n|\n|t:|1681749232\n|start\n|switch|p1a: Iron Bundle|Iron Bundle, L50|100\/100\n|switch|p1b: Chi-Yu|Chi-Yu, L50|100\/100\n|switch|p2a: Gyarados|Gyarados, L50, F|100\/100\n|switch|p2b: Arcanine|Arcanine, L50, F|100\/100\n|-ability|p2b: Arcanine|Intimidate|boost\n|-unboost|p1a: Iron Bundle|atk|1\n|-unboost|p1b: Chi-Yu|atk|1\n|-ability|p1b: Chi-Yu|Beads of Ruin\n|-enditem|p1a: Iron Bundle|Booster Energy\n|-activate|p1a: Iron Bundle|ability: Quark Drive|[fromitem]\n|-start|p1a: Iron Bundle|quarkdrivespe\n|turn|1\n|\n|t:|1681749264\n|-terastallize|p1b: Chi-Yu|Water\n|move|p2a: Gyarados|Protect|p2a: Gyarados\n|-singleturn|p2a: Gyarados|Protect\n|move|p1a: Iron Bundle|Freeze-Dry|p2a: Gyarados\n|-activate|p2a: Gyarados|move: Protect\n|move|p2b: Arcanine|Flare Blitz|p1a: Iron Bundle\n|-damage|p1a: Iron Bundle|42\/100\n|-damage|p2b: Arcanine|85\/100|[from] Recoil\n|move|p1b: Chi-Yu|Nasty Plot|p1b: Chi-Yu\n|-boost|p1b: Chi-Yu|spa|2\n|\n|upkeep\n|turn|2\n|\n|t:|1681749291\n|switch|p2a: Flutter Mane|Flutter Mane, L50|100\/100\n|move|p1a: Iron Bundle|Icy Wind|p2b: Arcanine|[spread] p2a,p2b\n|-resisted|p2b: Arcanine\n|-damage|p2a: Flutter Mane|77\/100\n|-damage|p2b: Arcanine|67\/100\n|-unboost|p2a: Flutter Mane|spe|1\n|-unboost|p2b: Arcanine|spe|1\n|move|p1b: Chi-Yu|Dark Pulse|p1a: Iron Bundle\n|-damage|p1a: Iron Bundle|0 fnt\n|faint|p1a: Iron Bundle\n|-end|p1a: Iron Bundle|Quark Drive|[silent]\n|move|p2b: Arcanine|Flare Blitz|p1b: Chi-Yu\n|-resisted|p1b: Chi-Yu\n|-damage|p1b: Chi-Yu|68\/100\n|-damage|p2b: Arcanine|57\/100|[from] Recoil\n|\n|-heal|p1b: Chi-Yu|74\/100|[from] item: Leftovers\n|upkeep\n|\n|t:|1681749321\n|switch|p1a: Great Tusk|Great Tusk, L50|100\/100\n|turn|3\n|\n|t:|1681749334\n|-terastallize|p2a: Flutter Mane|Fairy\n|move|p2b: Arcanine|Extreme Speed|p1b: Chi-Yu\n|-damage|p1b: Chi-Yu|45\/100\n|move|p1a: Great Tusk|Headlong Rush|p2a: Flutter Mane\n|-damage|p2a: Flutter Mane|0 fnt\n|-unboost|p1a: Great Tusk|def|1\n|-unboost|p1a: Great Tusk|spd|1\n|faint|p2a: Flutter Mane\n|-end|p2a: Flutter Mane|Protosynthesis|[silent]\n|move|p1b: Chi-Yu|Dark Pulse|p2b: Arcanine\n|-damage|p2b: Arcanine|0 fnt\n|faint|p2b: Arcanine\n|\n|-heal|p1b: Chi-Yu|52\/100|[from] item: Leftovers\n|upkeep\n|\n|t:|1681749352\n|switch|p2a: Gyarados|Gyarados, L50, F|100\/100\n|switch|p2b: Wo-Chien|Wo-Chien, L50|100\/100\n|-ability|p2b: Wo-Chien|Tablets of Ruin\n|turn|4\n|\n|t:|1681749371\n|-end|p1a: Great Tusk|Protosynthesis|[silent]\n|switch|p1a: Amoonguss|Amoonguss, L50, M|100\/100\n|move|p2b: Wo-Chien|Protect|p2b: Wo-Chien\n|-singleturn|p2b: Wo-Chien|Protect\n|move|p1b: Chi-Yu|Heat Wave|p2a: Gyarados|[spread] p2a\n|-activate|p2b: Wo-Chien|move: Protect\n|-resisted|p2a: Gyarados\n|-damage|p2a: Gyarados|56\/100\n|move|p2a: Gyarados|Waterfall|p1a: Amoonguss\n|-resisted|p1a: Amoonguss\n|-damage|p1a: Amoonguss|86\/100\n|-damage|p2a: Gyarados|39\/100|[from] item: Rocky Helmet|[of] p1a: Amoonguss\n|\n|-heal|p1b: Chi-Yu|58\/100|[from] item: Leftovers\n|upkeep\n|turn|5\n|\n|t:|1681749398\n|move|p1b: Chi-Yu|Protect|p1b: Chi-Yu\n|-singleturn|p1b: Chi-Yu|Protect\n|move|p2a: Gyarados|Protect|p2a: Gyarados\n|-singleturn|p2a: Gyarados|Protect\n|move|p2b: Wo-Chien|Leech Seed|p1b: Chi-Yu\n|-activate|p1b: Chi-Yu|move: Protect\n|move|p1a: Amoonguss|Spore|p2a: Gyarados\n|-activate|p2a: Gyarados|move: Protect\n|\n|-heal|p1b: Chi-Yu|64\/100|[from] item: Leftovers\n|upkeep\n|turn|6\n|\n|t:|1681749415\n|move|p1b: Chi-Yu|Dark Pulse|p2a: Gyarados\n|-damage|p2a: Gyarados|0 fnt\n|faint|p2a: Gyarados\n|move|p2b: Wo-Chien|Leech Seed|p1b: Chi-Yu\n|-start|p1b: Chi-Yu|move: Leech Seed\n|move|p1a: Amoonguss|Spore|p2b: Wo-Chien\n|-immune|p2b: Wo-Chien\n|\n|-heal|p1b: Chi-Yu|70\/100|[from] item: Leftovers\n|-damage|p1b: Chi-Yu|58\/100|[from] Leech Seed|[of] p2b: Wo-Chien\n|upkeep\n|turn|7\n|\n|t:|1681749433\n|move|p1b: Chi-Yu|Nasty Plot|p1b: Chi-Yu\n|-boost|p1b: Chi-Yu|spa|2\n|move|p2b: Wo-Chien|Leech Seed|p1a: Amoonguss\n|-immune|p1a: Amoonguss\n|move|p1a: Amoonguss|Pollen Puff|p1b: Chi-Yu\n|-heal|p1b: Chi-Yu|100\/100\n|\n|-damage|p1b: Chi-Yu|88\/100|[from] Leech Seed|[of] p2b: Wo-Chien\n|upkeep\n|turn|8\n|\n|t:|1681749449\n|move|p1b: Chi-Yu|Heat Wave|p2b: Wo-Chien\n|-supereffective|p2b: Wo-Chien\n|-damage|p2b: Wo-Chien|0 fnt\n|faint|p2b: Wo-Chien\n|\n|win|JT562\n|raw|JT562's rating: 1194 → 1227<\/strong> (+33 for winning)\n|raw|Lucawufflekinz's rating: 1303 → 1277<\/strong> (-26 for losing)\n|l|\u2606Lucawufflekinz\n","uploadtime":1681749458,"views":10,"p1id":"jt562","p2id":"lucawufflekinz","formatid":"gen9vgc2023regulationc","rating":1227,"private":0,"password":""}