{"id":"gen9vgc2023regulationc-1861615826","p1":"Stealyomunchlax","p2":"KillGore642","format":"[Gen 9] VGC 2023 Regulation C","log":"|j|\u2606Stealyomunchlax\n|j|\u2606KillGore642\n|t:|1683781977\n|gametype|doubles\n|player|p1|Stealyomunchlax|265|1084\n|player|p2|KillGore642|169|1040\n|teamsize|p1|6\n|teamsize|p2|6\n|gen|9\n|tier|[Gen 9] VGC 2023 Regulation C\n|rated|\n|rule|Species Clause: Limit one of each Pok\u00e9mon\n|rule|Item Clause: Limit one of each item\n|clearpoke\n|poke|p1|Tatsugiri-Droopy, L50, M|\n|poke|p1|Dondozo, L50, M|\n|poke|p1|Flutter Mane, L50|\n|poke|p1|Chi-Yu, L50|\n|poke|p1|Jumpluff, L50, M|\n|poke|p1|Gyarados, L50, M|\n|poke|p2|Torkoal, L50, F|\n|poke|p2|Arcanine, L50, M|\n|poke|p2|Sandy Shocks, L50|\n|poke|p2|Dachsbun, L50, F|\n|poke|p2|Arboliva, L50, F|\n|poke|p2|Chi-Yu, L50|\n|teampreview|4\n|\n|t:|1683782026\n|start\n|switch|p1a: Jumpluff|Jumpluff, L50, M|100\/100\n|switch|p1b: Chi-Yu|Chi-Yu, L50|100\/100\n|switch|p2a: Torkoal|Torkoal, L50, F|100\/100\n|switch|p2b: Arcanine|Arcanine, L50, M|100\/100\n|-ability|p1b: Chi-Yu|Beads of Ruin\n|-weather|SunnyDay|[from] ability: Drought|[of] p2a: Torkoal\n|turn|1\n|inactive|Battle timer is ON: inactive players will automatically lose when time's up. (requested by KillGore642)\n|\n|t:|1683782104\n|move|p1a: Jumpluff|Memento|p2a: Torkoal\n|-unboost|p2a: Torkoal|atk|2\n|-unboost|p2a: Torkoal|spa|2\n|faint|p1a: Jumpluff\n|move|p2b: Arcanine|Flare Blitz|p1b: Chi-Yu\n|-resisted|p1b: Chi-Yu\n|-damage|p1b: Chi-Yu|46\/100\n|-damage|p2b: Arcanine|86\/100|[from] Recoil\n|-damage|p2b: Arcanine|76\/100|[from] item: Life Orb\n|move|p1b: Chi-Yu|Nasty Plot|p1b: Chi-Yu\n|-boost|p1b: Chi-Yu|spa|2\n|move|p2a: Torkoal|Earth Power|p1b: Chi-Yu\n|-supereffective|p1b: Chi-Yu\n|-damage|p1b: Chi-Yu|19\/100\n|\n|-weather|SunnyDay|[upkeep]\n|upkeep\n|inactive|Stealyomunchlax has 30 seconds left.\n|\n|t:|1683782132\n|switch|p1a: Tatsugiri|Tatsugiri-Droopy, L50, M|100\/100\n|turn|2\n|\n|t:|1683782144\n|switch|p1b: Dondozo|Dondozo, L50, M|100\/100\n|-activate|p1a: Tatsugiri|ability: Commander|[of] p1b: Dondozo\n|-boost|p1b: Dondozo|atk|2\n|-boost|p1b: Dondozo|spa|2\n|-boost|p1b: Dondozo|spe|2\n|-boost|p1b: Dondozo|def|2\n|-boost|p1b: Dondozo|spd|2\n|move|p2b: Arcanine|Wild Charge|p1b: Dondozo\n|-supereffective|p1b: Dondozo\n|-damage|p1b: Dondozo|84\/100\n|-damage|p2b: Arcanine|60\/100|[from] item: Rocky Helmet|[of] p1b: Dondozo\n|-damage|p2b: Arcanine|55\/100|[from] Recoil\n|-damage|p2b: Arcanine|45\/100|[from] item: Life Orb\n|move|p2a: Torkoal|Earth Power|p1b: Dondozo\n|-damage|p1b: Dondozo|71\/100\n|-unboost|p1b: Dondozo|spd|1\n|\n|-weather|SunnyDay|[upkeep]\n|upkeep\n|turn|3\n|inactive|Stealyomunchlax has 30 seconds left.\n|\n|t:|1683782177\n|switch|p2a: Arboliva|Arboliva, L50, F|100\/100\n|move|p2b: Arcanine|Morning Sun|p2b: Arcanine\n|-heal|p2b: Arcanine|100\/100\n|move|p1b: Dondozo|Body Press|p2b: Arcanine\n|-damage|p2b: Arcanine|46\/100\n|\n|-weather|SunnyDay|[upkeep]\n|upkeep\n|turn|4\n|inactive|Stealyomunchlax has 30 seconds left.\n|inactive|Stealyomunchlax has 20 seconds left.\n|inactive|Stealyomunchlax has 15 seconds left.\n|inactive|Stealyomunchlax has 10 seconds left.\n|\n|t:|1683782223\n|-terastallize|p2a: Arboliva|Fairy\n|move|p2b: Arcanine|Morning Sun|p2b: Arcanine\n|-heal|p2b: Arcanine|100\/100\n|move|p1b: Dondozo|Body Press|p2a: Arboliva\n|-resisted|p2a: Arboliva\n|-damage|p2a: Arboliva|75\/100\n|move|p2a: Arboliva|Growth|p2a: Arboliva\n|-boost|p2a: Arboliva|atk|2\n|-boost|p2a: Arboliva|spa|2\n|\n|-weather|SunnyDay|[upkeep]\n|upkeep\n|turn|5\n|c|\u2606Stealyomunchlax|my tera button is not working\n|c|\u2606Stealyomunchlax|what the hell\n|inactive|Stealyomunchlax has 30 seconds left.\n|\n|t:|1683782257\n|move|p2b: Arcanine|Wild Charge|p1b: Dondozo\n|-supereffective|p1b: Dondozo\n|-damage|p1b: Dondozo|53\/100\n|-damage|p2b: Arcanine|84\/100|[from] item: Rocky Helmet|[of] p1b: Dondozo\n|-damage|p2b: Arcanine|79\/100|[from] Recoil\n|-damage|p2b: Arcanine|69\/100|[from] item: Life Orb\n|move|p1b: Dondozo|Order Up|p2b: Arcanine\n|-damage|p2b: Arcanine|25\/100\n|-boost|p1b: Dondozo|def|1\n|move|p2a: Arboliva|Giga Drain|p1b: Dondozo\n|-supereffective|p1b: Dondozo\n|-crit|p1b: Dondozo\n|-damage|p1b: Dondozo|0 fnt\n|-heal|p2a: Arboliva|100\/100|[from] drain|[of] p1b: Dondozo\n|faint|p1b: Dondozo\n|\n|-weather|none\n|upkeep\n|\n|t:|1683782269\n|switch|p1b: Chi-Yu|Chi-Yu, L50|19\/100\n|-ability|p1b: Chi-Yu|Beads of Ruin\n|turn|6\n|l|\u2606Stealyomunchlax\n|inactive|Stealyomunchlax disconnected and has a minute to reconnect!\n|player|p1|\n|inactive|Stealyomunchlax has 30 seconds left.\n|inactive|Stealyomunchlax has 20 seconds left.\n|inactive|Stealyomunchlax has 15 seconds left.\n|inactive|Stealyomunchlax has 10 seconds left.\n|inactive|Stealyomunchlax has 5 seconds left.\n|j|\u2606Stealyomunchlax\n|inactive|Stealyomunchlax reconnected and has 5 seconds left.\n|player|p1|Stealyomunchlax|265\n|\n|t:|1683782324\n|switch|p2b: Torkoal|Torkoal, L50, F|100\/100\n|-weather|SunnyDay|[from] ability: Drought|[of] p2b: Torkoal\n|move|p1b: Chi-Yu|Flamethrower|p2b: Torkoal\n|-resisted|p2b: Torkoal\n|-crit|p2b: Torkoal\n|-damage|p2b: Torkoal|3\/100\n|move|p1a: Tatsugiri|Draco Meteor|p2b: Torkoal\n|-damage|p2b: Torkoal|0 fnt\n|-unboost|p1a: Tatsugiri|spa|2\n|faint|p2b: Torkoal\n|move|p2a: Arboliva|Giga Drain|p1a: Tatsugiri\n|-damage|p1a: Tatsugiri|0 fnt\n|faint|p1a: Tatsugiri\n|\n|-weather|SunnyDay|[upkeep]\n|upkeep\n|\n|t:|1683782344\n|switch|p2b: Arcanine|Arcanine, L50, M|25\/100\n|turn|7\n|\n|t:|1683782354\n|-terastallize|p1b: Chi-Yu|Water\n|move|p2b: Arcanine|Flare Blitz|p1b: Chi-Yu\n|-resisted|p1b: Chi-Yu\n|-damage|p1b: Chi-Yu|0 fnt\n|faint|p1b: Chi-Yu\n|-damage|p2b: Arcanine|20\/100|[from] Recoil\n|-damage|p2b: Arcanine|10\/100|[from] item: Life Orb\n|\n|win|KillGore642\n|raw|Stealyomunchlax's rating: 1084 → 1059<\/strong> (-25 for losing)\n|raw|KillGore642's rating: 1040 → 1078<\/strong> (+38 for winning)\n|l|\u2606Stealyomunchlax\n","uploadtime":1683782366,"views":8,"p1id":"stealyomunchlax","p2id":"killgore642","formatid":"gen9vgc2023regulationc","rating":1059,"private":0,"password":""}