{"id":"gen9vgc2023regulationc-1864312449","p1":"baygaleo","p2":"coatesy92","format":"[Gen 9] VGC 2023 Regulation C","log":"|j|\u2606baygaleo\n|j|\u2606coatesy92\n|t:|1684153914\n|gametype|doubles\n|player|p1|baygaleo|roxie|1141\n|player|p2|coatesy92|steven|1132\n|teamsize|p1|6\n|teamsize|p2|6\n|gen|9\n|tier|[Gen 9] VGC 2023 Regulation C\n|rated|\n|rule|Species Clause: Limit one of each Pok\u00e9mon\n|rule|Item Clause: Limit one of each item\n|clearpoke\n|poke|p1|Oranguru, L50, F|\n|poke|p1|Iron Hands, L50|\n|poke|p1|Ting-Lu, L50|\n|poke|p1|Amoonguss, L50, F|\n|poke|p1|Grimmsnarl, L50, M|\n|poke|p1|Gholdengo, L50|\n|poke|p2|Breloom, L50, F|\n|poke|p2|Gyarados, L50, M|\n|poke|p2|Ting-Lu, L50|\n|poke|p2|Bombirdier, L50, M|\n|poke|p2|Flutter Mane, L50|\n|poke|p2|Maushold-Four, L50|\n|teampreview|4\n|\n|t:|1684153971\n|start\n|switch|p1a: Oranguru|Oranguru, L50, F, shiny|100\/100\n|switch|p1b: Iron Hands|Iron Hands, L50, shiny|100\/100\n|switch|p2a: Flutter Mane|Flutter Mane, L50|100\/100\n|switch|p2b: Maushold|Maushold-Four, L50|100\/100\n|-enditem|p2a: Flutter Mane|Booster Energy\n|-activate|p2a: Flutter Mane|ability: Protosynthesis|[fromitem]\n|-start|p2a: Flutter Mane|protosynthesisspe\n|turn|1\n|\n|t:|1684153989\n|-terastallize|p1b: Iron Hands|Fire\n|move|p2a: Flutter Mane|Taunt|p1a: Oranguru\n|-start|p1a: Oranguru|move: Taunt\n|-enditem|p1a: Oranguru|Mental Herb\n|-end|p1a: Oranguru|move: Taunt\n|move|p2b: Maushold|Taunt|p1a: Oranguru\n|-start|p1a: Oranguru|move: Taunt\n|move|p1b: Iron Hands|Swords Dance|p1b: Iron Hands\n|-boost|p1b: Iron Hands|atk|2\n|cant|p1a: Oranguru|move: Taunt|Trick Room\n|\n|upkeep\n|turn|2\n|\n|t:|1684154017\n|switch|p1a: Grimmsnarl|Grimmsnarl, L50, M, shiny|100\/100\n|-terastallize|p2a: Flutter Mane|Ghost\n|move|p2b: Maushold|Helping Hand|p2a: Flutter Mane\n|-singleturn|p2a: Flutter Mane|Helping Hand|[of] p2b: Maushold\n|move|p2a: Flutter Mane|Shadow Ball|p1b: Iron Hands\n|-damage|p1b: Iron Hands|24\/100\n|move|p1b: Iron Hands|Wild Charge|p2a: Flutter Mane\n|-damage|p2a: Flutter Mane|0 fnt\n|faint|p2a: Flutter Mane\n|-end|p2a: Flutter Mane|Protosynthesis|[silent]\n|-damage|p1b: Iron Hands|8\/100|[from] Recoil\n|\n|upkeep\n|\n|t:|1684154036\n|switch|p2a: Bombirdier|Bombirdier, L50, M|100\/100\n|turn|3\n|\n|t:|1684154057\n|-end|p1b: Iron Hands|Quark Drive|[silent]\n|switch|p1b: Gholdengo|Gholdengo, L50|100\/100\n|move|p2b: Maushold|Follow Me|p2b: Maushold\n|-singleturn|p2b: Maushold|move: Follow Me\n|move|p1a: Grimmsnarl|Parting Shot|p2b: Maushold\n|-unboost|p2b: Maushold|atk|1\n|-unboost|p2b: Maushold|spa|1\n|\n|t:|1684154073\n|switch|p1a: Iron Hands|Iron Hands, L50, shiny, tera:Fire|8\/100|[from] Parting Shot\n|move|p2a: Bombirdier|Rock Slide|p1b: Gholdengo|[spread] p1a,p1b\n|-supereffective|p1a: Iron Hands\n|-resisted|p1b: Gholdengo\n|-damage|p1a: Iron Hands|0 fnt\n|-damage|p1b: Gholdengo|84\/100\n|faint|p1a: Iron Hands\n|-end|p1a: Iron Hands|Quark Drive|[silent]\n|-damage|p2a: Bombirdier|91\/100|[from] item: Life Orb\n|\n|-heal|p1b: Gholdengo|90\/100|[from] item: Leftovers\n|upkeep\n|\n|t:|1684154082\n|switch|p1a: Oranguru|Oranguru, L50, F, shiny|100\/100\n|turn|4\n|\n|t:|1684154115\n|switch|p1a: Grimmsnarl|Grimmsnarl, L50, M, shiny|100\/100\n|move|p2b: Maushold|Helping Hand|p2a: Bombirdier\n|-singleturn|p2a: Bombirdier|Helping Hand|[of] p2b: Maushold\n|move|p1b: Gholdengo|Protect|p1b: Gholdengo\n|-singleturn|p1b: Gholdengo|Protect\n|move|p2a: Bombirdier|Brave Bird|p1a: Grimmsnarl\n|-damage|p1a: Grimmsnarl|0 fnt\n|faint|p1a: Grimmsnarl\n|-damage|p2a: Bombirdier|54\/100|[from] Recoil\n|-damage|p2a: Bombirdier|44\/100|[from] item: Life Orb\n|\n|-heal|p1b: Gholdengo|96\/100|[from] item: Leftovers\n|upkeep\n|\n|t:|1684154124\n|switch|p1a: Oranguru|Oranguru, L50, F, shiny|100\/100\n|turn|5\n|\n|t:|1684154135\n|move|p2b: Maushold|Helping Hand|p2a: Bombirdier\n|-singleturn|p2a: Bombirdier|Helping Hand|[of] p2b: Maushold\n|move|p2a: Bombirdier|Sucker Punch|p1b: Gholdengo\n|-supereffective|p1b: Gholdengo\n|-damage|p1b: Gholdengo|0 fnt\n|faint|p1b: Gholdengo\n|-damage|p2a: Bombirdier|34\/100|[from] item: Life Orb\n|move|p1a: Oranguru|Trick Room|p1a: Oranguru\n|-fieldstart|move: Trick Room|[of] p1a: Oranguru\n|\n|upkeep\n|turn|6\n|-message|baygaleo forfeited.\n|\n|win|coatesy92\n|raw|baygaleo's rating: 1169 → 1141<\/strong> (-28 for losing)\n|raw|coatesy92's rating: 1132 → 1160<\/strong> (+28 for winning)\n|l|\u2606baygaleo\n","uploadtime":1684154296,"views":15,"p1id":"baygaleo","p2id":"coatesy92","formatid":"gen9vgc2023regulationc","rating":1141,"private":0,"password":""}