{"id":"gen9vgc2023regulationc-1863345462","p1":"BenD870","p2":"SouthCroydonSaurs","format":"[Gen 9] VGC 2023 Regulation C","log":"|j|\u2606BenD870\n|j|\u2606SouthCroydonSaurs\n|t:|1684005230\n|gametype|doubles\n|player|p1|BenD870|169|\n|player|p2|SouthCroydonSaurs|1|\n|teamsize|p1|6\n|teamsize|p2|6\n|gen|9\n|tier|[Gen 9] VGC 2023 Regulation C\n|rule|Species Clause: Limit one of each Pok\u00e9mon\n|rule|Item Clause: Limit one of each item\n|clearpoke\n|poke|p1|Naclstack, L50, M|\n|poke|p1|Tsareena, L50, F|\n|poke|p1|Grafaiai, L50, F|\n|poke|p1|Iron Bundle, L50|\n|poke|p1|Chi-Yu, L50|\n|poke|p1|Haxorus, L50, F|\n|poke|p2|Hypno, L50, M|\n|poke|p2|Breloom, L50, M|\n|poke|p2|Flutter Mane, L50|\n|poke|p2|Pelipper, L50, M|\n|poke|p2|Golduck, L50, F|\n|poke|p2|Sandy Shocks, L50|\n|teampreview|4\n|c|\u2606BenD870|G2\nBenD870 rejected open team sheets.\n|j| Jay Jingles\n|c|\u2606SouthCroydonSaurs|glhf\n|j| anthonynn\n|c|\u2606BenD870|Glhf!\n|j| RylektVGC\n|c| RylektVGC|Glhf\n|\n|t:|1684005324\n|start\n|switch|p1a: Iron Bundle|Iron Bundle, L50|100\/100\n|switch|p1b: Chi-Yu|Chi-Yu, L50|100\/100\n|switch|p2a: Flutter Mane|Flutter Mane, L50|100\/100\n|switch|p2b: Sandy Shocks|Sandy Shocks, L50|100\/100\n|-ability|p1b: Chi-Yu|Beads of Ruin\n|-enditem|p1a: Iron Bundle|Booster Energy\n|-activate|p1a: Iron Bundle|ability: Quark Drive|[fromitem]\n|-start|p1a: Iron Bundle|quarkdrivespe\n|-enditem|p2a: Flutter Mane|Booster Energy\n|-activate|p2a: Flutter Mane|ability: Protosynthesis|[fromitem]\n|-start|p2a: Flutter Mane|protosynthesisspe\n|turn|1\n|j| thefriending\n|l|\u2606BenD870\n|player|p1|\n|j| HottieLamatie\n|j|\u2606BenD870\n|player|p1|BenD870|169\n|c|\u2606BenD870|Oh it was my internet\n|\n|t:|1684005453\n|move|p2b: Sandy Shocks|Protect|p2b: Sandy Shocks\n|-singleturn|p2b: Sandy Shocks|Protect\n|move|p1a: Iron Bundle|Freeze-Dry|p2b: Sandy Shocks\n|-activate|p2b: Sandy Shocks|move: Protect\n|move|p2a: Flutter Mane|Icy Wind|p1b: Chi-Yu|[spread] p1a,p1b\n|-resisted|p1a: Iron Bundle\n|-resisted|p1b: Chi-Yu\n|-damage|p1a: Iron Bundle|93\/100\n|-damage|p1b: Chi-Yu|93\/100\n|-unboost|p1a: Iron Bundle|spe|1\n|-unboost|p1b: Chi-Yu|spe|1\n|move|p1b: Chi-Yu|Overheat|p2a: Flutter Mane\n|-damage|p2a: Flutter Mane|0 fnt\n|-unboost|p1b: Chi-Yu|spa|2\n|faint|p2a: Flutter Mane\n|-end|p2a: Flutter Mane|Protosynthesis|[silent]\n|-damage|p1b: Chi-Yu|83\/100|[from] item: Life Orb\n|\n|upkeep\n|j| Memebasedgod\n|\n|t:|1684005470\n|switch|p2a: Pelipper|Pelipper, L50, M|100\/100\n|-weather|RainDance|[from] ability: Drizzle|[of] p2a: Pelipper\n|turn|2\n|\n|t:|1684005486\n|switch|p1b: Tsareena|Tsareena, L50, F|100\/100\n|move|p1a: Iron Bundle|Freeze-Dry|p2b: Sandy Shocks\n|-supereffective|p2b: Sandy Shocks\n|-damage|p2b: Sandy Shocks|19\/100\n|move|p2b: Sandy Shocks|Thunder|p1a: Iron Bundle\n|-supereffective|p1a: Iron Bundle\n|-damage|p1a: Iron Bundle|0 fnt\n|faint|p1a: Iron Bundle\n|-end|p1a: Iron Bundle|Quark Drive|[silent]\n|move|p2a: Pelipper|Tailwind|p2a: Pelipper\n|-sidestart|p2: SouthCroydonSaurs|move: Tailwind\n|\n|-weather|RainDance|[upkeep]\n|upkeep\n|\n|t:|1684005502\n|switch|p1a: Haxorus|Haxorus, L50, F|100\/100\n|-ability|p1a: Haxorus|Mold Breaker\n|turn|3\n|\n|t:|1684005540\n|-terastallize|p1a: Haxorus|Dragon\n|move|p2b: Sandy Shocks|Protect|p2b: Sandy Shocks\n|-singleturn|p2b: Sandy Shocks|Protect\n|move|p1a: Haxorus|Outrage|p2b: Sandy Shocks\n|-activate|p2b: Sandy Shocks|move: Protect\n|move|p2a: Pelipper|Hurricane|p1b: Tsareena\n|-supereffective|p1b: Tsareena\n|-damage|p1b: Tsareena|35\/100\n|move|p1b: Tsareena|Power Whip|p2b: Sandy Shocks\n|-activate|p2b: Sandy Shocks|move: Protect\n|\n|-weather|RainDance|[upkeep]\n|upkeep\n|turn|4\n|c|\u2606BenD870|Man\n|\n|t:|1684005567\n|move|p2b: Sandy Shocks|Earth Power|p1a: Haxorus\n|-damage|p1a: Haxorus|39\/100\n|move|p1a: Haxorus|Outrage|p2b: Sandy Shocks\n|-damage|p2b: Sandy Shocks|0 fnt\n|faint|p2b: Sandy Shocks\n|-end|p2b: Sandy Shocks|Protosynthesis|[silent]\n|move|p2a: Pelipper|Hurricane|p1b: Tsareena\n|-supereffective|p1b: Tsareena\n|-damage|p1b: Tsareena|0 fnt\n|faint|p1b: Tsareena\n|\n|-weather|RainDance|[upkeep]\n|upkeep\n|\n|t:|1684005579\n|switch|p2b: Breloom|Breloom, L50, M|100\/100\n|switch|p1b: Chi-Yu|Chi-Yu, L50|83\/100\n|-ability|p1b: Chi-Yu|Beads of Ruin\n|turn|5\n|\n|t:|1684005601\n|move|p1b: Chi-Yu|Protect|p1b: Chi-Yu\n|-singleturn|p1b: Chi-Yu|Protect\n|move|p2b: Breloom|Mach Punch|p1a: Haxorus\n|-damage|p1a: Haxorus|3\/100\n|move|p1a: Haxorus|Outrage|p2b: Breloom|[from]lockedmove\n|-enditem|p2b: Breloom|Focus Sash\n|-damage|p2b: Breloom|1\/100\n|-start|p1a: Haxorus|confusion|[fatigue]\n|move|p2a: Pelipper|Hydro Pump|p1b: Chi-Yu\n|-activate|p1b: Chi-Yu|move: Protect\n|\n|-weather|RainDance|[upkeep]\n|-sideend|p2: SouthCroydonSaurs|move: Tailwind\n|upkeep\n|turn|6\n|c|\u2606BenD870|Forgot it was sashed tbh\n|\n|t:|1684005629\n|-terastallize|p2a: Pelipper|Water\n|move|p1b: Chi-Yu|Protect||[still]\n|-fail|p1b: Chi-Yu\n|move|p2b: Breloom|Mach Punch|p1a: Haxorus\n|-damage|p1a: Haxorus|0 fnt\n|faint|p1a: Haxorus\n|move|p2a: Pelipper|Hydro Pump|p1b: Chi-Yu\n|-supereffective|p1b: Chi-Yu\n|-damage|p1b: Chi-Yu|0 fnt\n|faint|p1b: Chi-Yu\n|\n|win|SouthCroydonSaurs\n|l| HottieLamatie\n|l|\u2606BenD870\n","uploadtime":1684005656,"views":12,"p1id":"bend870","p2id":"southcroydonsaurs","formatid":"gen9vgc2023regulationc","rating":0,"private":0,"password":""}