{"id":"gen9vgc2023regulationc-1862315509","p1":"ZzamanN","p2":"Alexis_student","format":"[Gen 9] VGC 2023 Regulation C","log":"|j|\u2606ZzamanN\n|j|\u2606Alexis_student\n|t:|1683864350\n|gametype|doubles\n|player|p1|ZzamanN|ash|1148\n|player|p2|Alexis_student|170|1089\n|teamsize|p1|6\n|teamsize|p2|6\n|gen|9\n|tier|[Gen 9] VGC 2023 Regulation C\n|rated|\n|rule|Species Clause: Limit one of each Pok\u00e9mon\n|rule|Item Clause: Limit one of each item\n|clearpoke\n|poke|p1|Flutter Mane, L50|\n|poke|p1|Amoonguss, L50, F|\n|poke|p1|Ting-Lu, L50|\n|poke|p1|Arcanine, L50, M|\n|poke|p1|Palafin, L50, F|\n|poke|p1|Roaring Moon, L50|\n|poke|p2|Chi-Yu, L50|\n|poke|p2|Flutter Mane, L50|\n|poke|p2|Gyarados, L50, F|\n|poke|p2|Iron Hands, L50|\n|poke|p2|Dragonite, L50, M|\n|poke|p2|Amoonguss, L50, F|\n|teampreview|4\n|inactive|Battle timer is ON: inactive players will automatically lose when time's up. (requested by Alexis_student)\n|\n|t:|1683864399\n|start\n|switch|p1a: Flutter Mane|Flutter Mane, L50|100\/100\n|switch|p1b: Palafin|Palafin, L50, F|100\/100\n|switch|p2a: Iron Hands|Iron Hands, L50|100\/100\n|switch|p2b: Amoonguss|Amoonguss, L50, F|100\/100\n|turn|1\n|\n|t:|1683864423\n|-end|p1a: Flutter Mane|Protosynthesis|[silent]\n|switch|p1a: Arcanine|Arcanine, L50, M|100\/100\n|-ability|p1a: Arcanine|Intimidate|boost\n|-unboost|p2a: Iron Hands|atk|1\n|-unboost|p2b: Amoonguss|atk|1\n|move|p1b: Palafin|Protect|p1b: Palafin\n|-singleturn|p1b: Palafin|Protect\n|move|p2a: Iron Hands|Volt Switch|p1b: Palafin\n|-activate|p1b: Palafin|move: Protect\n|move|p2b: Amoonguss|Spore|p1a: Arcanine\n|-activate|p1a: Arcanine|item: Safety Goggles|Spore\n|\n|upkeep\n|turn|2\n|inactive|ZzamanN has 30 seconds left.\n|inactive|ZzamanN has 20 seconds left.\n|\n|t:|1683864460\n|detailschange|p1b: Palafin|Palafin-Hero, L50, F\n|switch|p1b: Ting-Lu|Ting-Lu, L50|100\/100\n|-ability|p1b: Ting-Lu|Vessel of Ruin\n|-end|p2a: Iron Hands|Quark Drive|[silent]\n|switch|p2a: Gyarados|Gyarados, L50, F|100\/100\n|-ability|p2a: Gyarados|Intimidate|boost\n|-unboost|p1a: Arcanine|atk|1\n|-unboost|p1b: Ting-Lu|atk|1\n|move|p2b: Amoonguss|Protect|p2b: Amoonguss\n|-singleturn|p2b: Amoonguss|Protect\n|move|p1a: Arcanine|Will-O-Wisp|p2a: Gyarados\n|-status|p2a: Gyarados|brn\n|\n|-damage|p2a: Gyarados|94\/100 brn|[from] brn\n|upkeep\n|turn|3\n|inactive|ZzamanN has 30 seconds left.\n|inactive|Alexis_student has 30 seconds left.\n|\n|t:|1683864489\n|move|p1a: Arcanine|Flare Blitz|p2b: Amoonguss\n|-supereffective|p2b: Amoonguss\n|-damage|p2b: Amoonguss|43\/100\n|-enditem|p2b: Amoonguss|Sitrus Berry|[eat]\n|-heal|p2b: Amoonguss|68\/100|[from] item: Sitrus Berry\n|-damage|p1a: Arcanine|79\/100|[from] Recoil\n|move|p2a: Gyarados|Thunder Wave|p1a: Arcanine\n|-status|p1a: Arcanine|par\n|move|p1b: Ting-Lu|Ruination|p2a: Gyarados\n|-damage|p2a: Gyarados|47\/100 brn\n|move|p2b: Amoonguss|Spore|p1b: Ting-Lu\n|-status|p1b: Ting-Lu|slp|[from] move: Spore\n|\n|-damage|p2a: Gyarados|41\/100 brn|[from] brn\n|upkeep\n|turn|4\n|inactive|ZzamanN has 30 seconds left.\n|\n|t:|1683864517\n|switch|p2a: Dragonite|Dragonite, L50, M|100\/100\n|move|p2b: Amoonguss|Protect|p2b: Amoonguss\n|-singleturn|p2b: Amoonguss|Protect\n|cant|p1a: Arcanine|par\n|cant|p1b: Ting-Lu|slp\n|\n|upkeep\n|turn|5\n|\n|t:|1683864540\n|switch|p2b: Gyarados|Gyarados, L50, F|41\/100 brn\n|-ability|p2b: Gyarados|Intimidate|boost\n|-unboost|p1a: Arcanine|atk|1\n|-unboost|p1b: Ting-Lu|atk|1\n|move|p2a: Dragonite|Low Kick|p1b: Ting-Lu\n|-supereffective|p1b: Ting-Lu\n|-damage|p1b: Ting-Lu|47\/100 slp\n|cant|p1a: Arcanine|par\n|cant|p1b: Ting-Lu|slp\n|\n|-damage|p2b: Gyarados|35\/100 brn|[from] brn\n|upkeep\n|turn|6\n|inactive|Alexis_student has 30 seconds left.\n|\n|t:|1683864568\n|switch|p1b: Flutter Mane|Flutter Mane, L50|100\/100\n|-terastallize|p2a: Dragonite|Flying\n|move|p2a: Dragonite|Tailwind|p2a: Dragonite\n|-sidestart|p2: Alexis_student|move: Tailwind\n|move|p2b: Gyarados|Waterfall|p1b: Flutter Mane\n|-damage|p1b: Flutter Mane|59\/100\n|move|p1a: Arcanine|Will-O-Wisp|p2a: Dragonite|[miss]\n|-miss|p1a: Arcanine|p2a: Dragonite\n|\n|-damage|p2b: Gyarados|29\/100 brn|[from] brn\n|upkeep\n|turn|7\n|\n|t:|1683864587\n|-end|p1b: Flutter Mane|Protosynthesis|[silent]\n|switch|p1b: Ting-Lu|Ting-Lu, L50|47\/100 slp\n|-ability|p1b: Ting-Lu|Vessel of Ruin\n|switch|p2b: Amoonguss|Amoonguss, L50, F|100\/100\n|move|p2a: Dragonite|Tera Blast|p1b: Ting-Lu\n|-damage|p1b: Ting-Lu|16\/100 slp\n|move|p1a: Arcanine|Will-O-Wisp|p2a: Dragonite\n|-status|p2a: Dragonite|brn\n|-enditem|p2a: Dragonite|Lum Berry|[eat]\n|-curestatus|p2a: Dragonite|brn|[msg]\n|\n|upkeep\n|turn|8\n|\n|t:|1683864609\n|move|p2a: Dragonite|Extreme Speed|p1b: Ting-Lu\n|-damage|p1b: Ting-Lu|0 fnt\n|faint|p1b: Ting-Lu\n|move|p2b: Amoonguss|Rage Powder|p2b: Amoonguss\n|-singleturn|p2b: Amoonguss|move: Rage Powder\n|move|p1a: Arcanine|Will-O-Wisp|p2a: Dragonite\n|-status|p2a: Dragonite|brn\n|\n|-damage|p2a: Dragonite|95\/100 brn|[from] brn\n|upkeep\n|\n|t:|1683864619\n|switch|p1b: Flutter Mane|Flutter Mane, L50|59\/100\n|turn|9\n|\n|t:|1683864638\n|switch|p1a: Palafin|Palafin-Hero, L50, F|100\/100\n|-activate|p1a: Palafin|ability: Zero to Hero\n|move|p2a: Dragonite|Tera Blast|p1b: Flutter Mane\n|-damage|p1b: Flutter Mane|0 fnt\n|faint|p1b: Flutter Mane\n|-end|p1b: Flutter Mane|Protosynthesis|[silent]\n|move|p2b: Amoonguss|Spore|p1a: Palafin\n|-status|p1a: Palafin|slp|[from] move: Spore\n|\n|-damage|p2a: Dragonite|89\/100 brn|[from] brn\n|-sideend|p2: Alexis_student|move: Tailwind\n|upkeep\n|\n|t:|1683864649\n|switch|p1b: Arcanine|Arcanine, L50, M|79\/100 par\n|-ability|p1b: Arcanine|Intimidate|boost\n|-unboost|p2a: Dragonite|atk|1\n|-unboost|p2b: Amoonguss|atk|1\n|turn|10\n|\n|t:|1683864658\n|switch|p2a: Gyarados|Gyarados, L50, F|29\/100 brn\n|-ability|p2a: Gyarados|Intimidate|boost\n|-unboost|p1a: Palafin|atk|1\n|-unboost|p1b: Arcanine|atk|1\n|cant|p1a: Palafin|slp\n|move|p2b: Amoonguss|Protect|p2b: Amoonguss\n|-singleturn|p2b: Amoonguss|Protect\n|move|p1b: Arcanine|Flare Blitz|p2b: Amoonguss\n|-activate|p2b: Amoonguss|move: Protect\n|\n|-damage|p2a: Gyarados|23\/100 brn|[from] brn\n|upkeep\n|turn|11\n|\n|t:|1683864690\n|switch|p2b: Iron Hands|Iron Hands, L50|100\/100\n|-terastallize|p1b: Arcanine|Grass\n|cant|p1a: Palafin|slp\n|move|p2a: Gyarados|Waterfall|p1b: Arcanine\n|-resisted|p1b: Arcanine\n|-damage|p1b: Arcanine|69\/100 par\n|move|p1b: Arcanine|Flare Blitz|p2b: Iron Hands\n|-damage|p2b: Iron Hands|79\/100\n|-damage|p1b: Arcanine|60\/100 par|[from] Recoil\n|\n|-damage|p2a: Gyarados|17\/100 brn|[from] brn\n|upkeep\n|turn|12\n|\n|t:|1683864713\n|switch|p2a: Dragonite|Dragonite, L50, M, tera:Flying|89\/100 brn\n|cant|p1a: Palafin|slp\n|move|p2b: Iron Hands|Fake Out|p1b: Arcanine\n|-damage|p1b: Arcanine|45\/100 par\n|cant|p1b: Arcanine|flinch\n|\n|-damage|p2a: Dragonite|83\/100 brn|[from] brn\n|upkeep\n|turn|13\n|\n|t:|1683864730\n|-end|p2b: Iron Hands|Quark Drive|[silent]\n|switch|p2b: Gyarados|Gyarados, L50, F|17\/100 brn\n|-ability|p2b: Gyarados|Intimidate|boost\n|-unboost|p1a: Palafin|atk|1\n|-unboost|p1b: Arcanine|atk|1\n|move|p1b: Arcanine|Extreme Speed|p2b: Gyarados\n|-damage|p2b: Gyarados|8\/100 brn\n|move|p2a: Dragonite|Tera Blast|p1b: Arcanine\n|-supereffective|p1b: Arcanine\n|-damage|p1b: Arcanine|0 fnt\n|faint|p1b: Arcanine\n|-curestatus|p1a: Palafin|slp|[msg]\n|move|p1a: Palafin|Wave Crash|p2b: Gyarados\n|-resisted|p2b: Gyarados\n|-damage|p2b: Gyarados|0 fnt\n|faint|p2b: Gyarados\n|-damage|p1a: Palafin|99\/100|[from] Recoil\n|\n|-damage|p2a: Dragonite|78\/100 brn|[from] brn\n|upkeep\n|\n|t:|1683864750\n|switch|p2b: Iron Hands|Iron Hands, L50|79\/100\n|turn|14\n|-message|ZzamanN forfeited.\n|\n|win|Alexis_student\n|raw|ZzamanN's rating: 1148 → 1119<\/strong> (-29 for losing)\n|raw|Alexis_student's rating: 1089 → 1120<\/strong> (+31 for winning)\n|l|\u2606ZzamanN\n","uploadtime":1683864760,"views":13,"p1id":"zzamann","p2id":"alexisstudent","formatid":"gen9vgc2023regulationc","rating":1119,"private":0,"password":""}