{"id":"gen9vgc2023regulationc-1857299108","p1":"Ricardo Randorez","p2":"qwilfishfan345","format":"[Gen 9] VGC 2023 Regulation C","log":"|j|\u2606Ricardo Randorez\n|j|\u2606qwilfishfan345\n|t:|1683169703\n|gametype|doubles\n|player|p1|Ricardo Randorez|265|1064\n|player|p2|qwilfishfan345|170|1000\n|teamsize|p1|6\n|teamsize|p2|6\n|gen|9\n|tier|[Gen 9] VGC 2023 Regulation C\n|rated|\n|rule|Species Clause: Limit one of each Pok\u00e9mon\n|rule|Item Clause: Limit one of each item\n|clearpoke\n|poke|p1|Glimmora, L50, M|\n|poke|p1|Maushold-Four, L50|\n|poke|p1|Dondozo, L50, M|\n|poke|p1|Tatsugiri, L50, F|\n|poke|p1|Garganacl, L50, F|\n|poke|p1|Wo-Chien, L50|\n|poke|p2|Flutter Mane, L50|\n|poke|p2|Pyroar, L50, M|\n|poke|p2|Appletun, L50, F|\n|poke|p2|Pincurchin, L50, F|\n|poke|p2|Iron Bundle, L50|\n|poke|p2|Iron Hands, L50|\n|teampreview|4\n|inactive|Battle timer is ON: inactive players will automatically lose when time's up. (requested by Ricardo Randorez)\n|\n|t:|1683169726\n|start\n|switch|p1a: Maushold|Maushold-Four, L50|100\/100\n|switch|p1b: Glimmora|Glimmora, L50, M, shiny|100\/100\n|switch|p2a: Pincurchin|Pincurchin, L50, F|100\/100\n|switch|p2b: Iron Bundle|Iron Bundle, L50|100\/100\n|-fieldstart|move: Electric Terrain|[from] ability: Electric Surge|[of] p2a: Pincurchin\n|-activate|p2b: Iron Bundle|ability: Quark Drive\n|-start|p2b: Iron Bundle|quarkdrivespe\n|turn|1\n|l|\u2606Ricardo Randorez\n|inactive|Ricardo Randorez disconnected and has a minute to reconnect!\n|player|p1|\n|j|\u2606Ricardo Randorez\n|inactive|Ricardo Randorez reconnected and has 50 seconds left.\n|player|p1|Ricardo Randorez|265\n|\n|t:|1683169749\n|move|p1a: Maushold|Feint|p1b: Glimmora\n|-resisted|p1b: Glimmora\n|-damage|p1b: Glimmora|98\/100\n|-activate|p1b: Glimmora|ability: Toxic Debris\n|-sidestart|p2: qwilfishfan345|move: Toxic Spikes\n|move|p2b: Iron Bundle|Hydro Pump|p1b: Glimmora\n|-supereffective|p1b: Glimmora\n|-damage|p1b: Glimmora|10\/100\n|move|p1b: Glimmora|Mortal Spin|p2b: Iron Bundle|[spread] p2a,p2b\n|-damage|p2a: Pincurchin|96\/100\n|-damage|p2b: Iron Bundle|95\/100\n|-status|p2a: Pincurchin|psn\n|-status|p2b: Iron Bundle|psn\n|move|p2a: Pincurchin|Zing Zap|p1b: Glimmora\n|-damage|p1b: Glimmora|0 fnt\n|-activate|p1b: Glimmora|ability: Toxic Debris\n|-sidestart|p2: qwilfishfan345|move: Toxic Spikes\n|faint|p1b: Glimmora\n|\n|-damage|p2b: Iron Bundle|83\/100 psn|[from] psn\n|-damage|p2a: Pincurchin|84\/100 psn|[from] psn\n|upkeep\n|\n|t:|1683169774\n|switch|p1b: Garganacl|Garganacl, L50, F|100\/100\n|turn|2\n|\n|t:|1683169781\n|move|p1a: Maushold|Follow Me|p1a: Maushold\n|-singleturn|p1a: Maushold|move: Follow Me\n|move|p2b: Iron Bundle|Hydro Pump|p1a: Maushold\n|-crit|p1a: Maushold\n|-damage|p1a: Maushold|0 fnt\n|faint|p1a: Maushold\n|move|p1b: Garganacl|Salt Cure|p2b: Iron Bundle\n|-supereffective|p2b: Iron Bundle\n|-damage|p2b: Iron Bundle|49\/100 psn\n|-start|p2b: Iron Bundle|Salt Cure\n|move|p2a: Pincurchin|Zing Zap|p1b: Garganacl\n|-damage|p1b: Garganacl|64\/100\n|\n|-damage|p2b: Iron Bundle|37\/100 psn|[from] psn\n|-damage|p2a: Pincurchin|72\/100 psn|[from] psn\n|-damage|p2b: Iron Bundle|13\/100 psn|[from] Salt Cure\n|upkeep\n|\n|t:|1683169797\n|switch|p1a: Wo-Chien|Wo-Chien, L50|100\/100\n|-ability|p1a: Wo-Chien|Tablets of Ruin\n|turn|3\n|\n|t:|1683169812\n|-end|p2b: Iron Bundle|Quark Drive|[silent]\n|switch|p2b: Appletun|Appletun, L50, F|100\/100\n|-status|p2b: Appletun|tox\n|move|p1a: Wo-Chien|Leech Seed|p2a: Pincurchin\n|-start|p2a: Pincurchin|move: Leech Seed\n|move|p1b: Garganacl|Recover|p1b: Garganacl\n|-heal|p1b: Garganacl|100\/100\n|move|p2a: Pincurchin|Zing Zap|p1b: Garganacl\n|-damage|p1b: Garganacl|70\/100\n|\n|-damage|p2a: Pincurchin|60\/100 psn|[from] Leech Seed|[of] p1a: Wo-Chien\n|-damage|p2b: Appletun|95\/100 tox|[from] psn\n|-damage|p2a: Pincurchin|48\/100 psn|[from] psn\n|upkeep\n|turn|4\n|\n|t:|1683169832\n|move|p1a: Wo-Chien|Pollen Puff|p1b: Garganacl\n|-heal|p1b: Garganacl|100\/100\n|move|p2b: Appletun|Leech Seed|p1b: Garganacl\n|-start|p1b: Garganacl|move: Leech Seed\n|move|p1b: Garganacl|Salt Cure|p2b: Appletun\n|-damage|p2b: Appletun|83\/100 tox\n|-start|p2b: Appletun|Salt Cure\n|move|p2a: Pincurchin|Zing Zap|p1b: Garganacl\n|-crit|p1b: Garganacl\n|-damage|p1b: Garganacl|56\/100\n|\n|-damage|p1b: Garganacl|43\/100|[from] Leech Seed|[of] p2b: Appletun\n|-heal|p2b: Appletun|95\/100 tox|[silent]\n|-damage|p2a: Pincurchin|36\/100 psn|[from] Leech Seed|[of] p1a: Wo-Chien\n|-damage|p2b: Appletun|83\/100 tox|[from] psn\n|-damage|p2a: Pincurchin|24\/100 psn|[from] psn\n|-damage|p2b: Appletun|71\/100 tox|[from] Salt Cure\n|upkeep\n|-enditem|p1b: Garganacl|Sitrus Berry|[eat]\n|-heal|p1b: Garganacl|68\/100|[from] item: Sitrus Berry\n|turn|5\n|inactive|Ricardo Randorez has 30 seconds left.\n|\n|t:|1683169860\n|move|p1a: Wo-Chien|Snarl|p2b: Appletun|[spread] p2a,p2b\n|-damage|p2a: Pincurchin|9\/100 psn\n|-damage|p2b: Appletun|60\/100 tox\n|-unboost|p2a: Pincurchin|spa|1\n|-unboost|p2b: Appletun|spa|1\n|move|p2b: Appletun|Iron Defense|p2b: Appletun\n|-boost|p2b: Appletun|def|2\n|move|p1b: Garganacl|Recover|p1b: Garganacl\n|-heal|p1b: Garganacl|100\/100\n|move|p2a: Pincurchin|Zing Zap|p1b: Garganacl\n|-damage|p1b: Garganacl|74\/100\n|\n|-damage|p1b: Garganacl|62\/100|[from] Leech Seed|[of] p2b: Appletun\n|-heal|p2b: Appletun|72\/100 tox|[silent]\n|-damage|p2a: Pincurchin|0 fnt|[from] Leech Seed|[of] p1a: Wo-Chien\n|faint|p2a: Pincurchin\n|-damage|p2b: Appletun|54\/100 tox|[from] psn\n|-damage|p2b: Appletun|42\/100 tox|[from] Salt Cure\n|-fieldend|move: Electric Terrain\n|upkeep\n|-activate|p2b: Appletun|ability: Ripen\n|-enditem|p2b: Appletun|Sitrus Berry|[eat]\n|-heal|p2b: Appletun|91\/100 tox|[from] item: Sitrus Berry\n|\n|t:|1683169868\n|switch|p2a: Flutter Mane|Flutter Mane, L50|100\/100\n|-status|p2a: Flutter Mane|tox\n|turn|6\n|inactive|Ricardo Randorez has 30 seconds left.\n|\n|t:|1683169895\n|-terastallize|p1a: Wo-Chien|Fairy\n|move|p2a: Flutter Mane|Energy Ball|p1b: Garganacl\n|-supereffective|p1b: Garganacl\n|-damage|p1b: Garganacl|0 fnt\n|faint|p1b: Garganacl\n|move|p1a: Wo-Chien|Leech Seed|p2a: Flutter Mane\n|-start|p2a: Flutter Mane|move: Leech Seed\n|move|p2b: Appletun|Recycle|p2b: Appletun\n|-item|p2b: Appletun|Sitrus Berry|[from] move: Recycle\n|\n|-damage|p2a: Flutter Mane|88\/100 tox|[from] Leech Seed|[of] p1a: Wo-Chien\n|-damage|p2a: Flutter Mane|82\/100 tox|[from] psn\n|-damage|p2b: Appletun|67\/100 tox|[from] psn\n|-damage|p2b: Appletun|55\/100 tox|[from] Salt Cure\n|upkeep\n|turn|7\n|\n|t:|1683169913\n|-terastallize|p2a: Flutter Mane|Ghost\n|move|p1a: Wo-Chien|Protect|p1a: Wo-Chien\n|-singleturn|p1a: Wo-Chien|Protect\n|move|p2a: Flutter Mane|Shadow Ball|p1a: Wo-Chien\n|-activate|p1a: Wo-Chien|move: Protect\n|move|p2b: Appletun|Body Press|p1a: Wo-Chien\n|-activate|p1a: Wo-Chien|move: Protect\n|\n|-damage|p2a: Flutter Mane|70\/100 tox|[from] Leech Seed|[of] p1a: Wo-Chien\n|-damage|p2a: Flutter Mane|57\/100 tox|[from] psn\n|-damage|p2b: Appletun|25\/100 tox|[from] psn\n|-damage|p2b: Appletun|12\/100 tox|[from] Salt Cure\n|upkeep\n|-activate|p2b: Appletun|ability: Ripen\n|-enditem|p2b: Appletun|Sitrus Berry|[eat]\n|-heal|p2b: Appletun|62\/100 tox|[from] item: Sitrus Berry\n|turn|8\n|\n|t:|1683169938\n|move|p2a: Flutter Mane|Shadow Ball|p1a: Wo-Chien\n|-damage|p1a: Wo-Chien|66\/100\n|move|p1a: Wo-Chien|Snarl|p2b: Appletun|[spread] p2a,p2b\n|-supereffective|p2a: Flutter Mane\n|-damage|p2a: Flutter Mane|30\/100 tox\n|-damage|p2b: Appletun|52\/100 tox\n|-unboost|p2a: Flutter Mane|spa|1\n|-unboost|p2b: Appletun|spa|1\n|move|p2b: Appletun|Body Press|p1a: Wo-Chien\n|-resisted|p1a: Wo-Chien\n|-damage|p1a: Wo-Chien|57\/100\n|\n|-heal|p1a: Wo-Chien|63\/100|[from] item: Leftovers\n|-damage|p2a: Flutter Mane|17\/100 tox|[from] Leech Seed|[of] p1a: Wo-Chien\n|-heal|p1a: Wo-Chien|71\/100|[silent]\n|-damage|p2a: Flutter Mane|0 fnt|[from] psn\n|faint|p2a: Flutter Mane\n|-end|p2a: Flutter Mane|Protosynthesis|[silent]\n|-damage|p2b: Appletun|16\/100 tox|[from] psn\n|-damage|p2b: Appletun|4\/100 tox|[from] Salt Cure\n|upkeep\n|\n|t:|1683169943\n|switch|p2a: Iron Bundle|Iron Bundle, L50|13\/100 psn\n|turn|9\n|\n|t:|1683169959\n|move|p1a: Wo-Chien|Protect|p1a: Wo-Chien\n|-singleturn|p1a: Wo-Chien|Protect\n|move|p2a: Iron Bundle|Hydro Pump|p1a: Wo-Chien\n|-activate|p1a: Wo-Chien|move: Protect\n|move|p2b: Appletun|Body Press|p1a: Wo-Chien\n|-activate|p1a: Wo-Chien|move: Protect\n|\n|-heal|p1a: Wo-Chien|77\/100|[from] item: Leftovers\n|-damage|p2a: Iron Bundle|0 fnt|[from] psn\n|faint|p2a: Iron Bundle\n|-end|p2a: Iron Bundle|Quark Drive|[silent]\n|-damage|p2b: Appletun|0 fnt|[from] psn\n|faint|p2b: Appletun\n|\n|win|Ricardo Randorez\n|upkeep\n|raw|Ricardo Randorez's rating: 1064 → 1089<\/strong> (+25 for winning)\n|raw|qwilfishfan345's rating: 1000 → 1000<\/strong> (+0 for losing)\n|l|\u2606qwilfishfan345\n","uploadtime":1683169976,"views":10,"p1id":"ricardorandorez","p2id":"qwilfishfan345","formatid":"gen9vgc2023regulationc","rating":1000,"private":0,"password":""}