{"id":"gen9vgc2023regulationc-1849027409","p1":"kinohara","p2":"leafyarrow","format":"[Gen 9] VGC 2023 Regulation C","log":"|j|\u2606kinohara\n|j|\u2606leafyarrow\n|t:|1682141320\n|gametype|doubles\n|player|p1|kinohara|acetrainerf|\n|player|p2|leafyarrow|leaf-masters|\n|teamsize|p1|6\n|teamsize|p2|6\n|gen|9\n|tier|[Gen 9] VGC 2023 Regulation C\n|rule|Species Clause: Limit one of each Pok\u00e9mon\n|rule|Item Clause: Limit one of each item\n|clearpoke\n|poke|p1|Glimmora, L50, M|\n|poke|p1|Iron Bundle, L50|\n|poke|p1|Scream Tail, L50|\n|poke|p1|Baxcalibur, L50, M|\n|poke|p1|Arcanine, L50, F|\n|poke|p1|Amoonguss, L50, M|\n|poke|p2|Flutter Mane, L50|\n|poke|p2|Palafin, L50, M|\n|poke|p2|Amoonguss, L50, M|\n|poke|p2|Ting-Lu, L50|\n|poke|p2|Arcanine, L50, F|\n|poke|p2|Jolteon, L50, M|\n|teampreview|4\nkinohara has agreed to open team sheets.\nleafyarrow has agreed to open team sheets.\n|\n|t:|1682141362\n|start\n|switch|p1a: Glimmora|Glimmora, L50, M|100\/100\n|switch|p1b: Scream Tail|Scream Tail, L50|100\/100\n|switch|p2a: Jolteon|Jolteon, L50, M|100\/100\n|switch|p2b: Flutter Mane|Flutter Mane, L50|100\/100\n|turn|1\n|\n|t:|1682141379\n|move|p1a: Glimmora|Spiky Shield|p1a: Glimmora\n|-singleturn|p1a: Glimmora|move: Protect\n|move|p2a: Jolteon|Fake Tears|p1b: Scream Tail\n|-unboost|p1b: Scream Tail|spd|2\n|move|p2b: Flutter Mane|Shadow Ball|p1b: Scream Tail\n|-supereffective|p1b: Scream Tail\n|-crit|p1b: Scream Tail\n|-damage|p1b: Scream Tail|0 fnt\n|faint|p1b: Scream Tail\n|-end|p1b: Scream Tail|Protosynthesis|[silent]\n|\n|upkeep\n|\n|t:|1682141389\n|switch|p1b: Baxcalibur|Baxcalibur, L50, M|100\/100\n|turn|2\n|\n|t:|1682141410\n|switch|p1b: Iron Bundle|Iron Bundle, L50|100\/100\n|-enditem|p1b: Iron Bundle|Booster Energy\n|-activate|p1b: Iron Bundle|ability: Quark Drive|[fromitem]\n|-start|p1b: Iron Bundle|quarkdrivespe\n|move|p2a: Jolteon|Fake Tears|p1b: Iron Bundle\n|-unboost|p1b: Iron Bundle|spd|2\n|move|p2b: Flutter Mane|Shadow Ball|p1b: Iron Bundle\n|-damage|p1b: Iron Bundle|0 fnt\n|faint|p1b: Iron Bundle\n|-end|p1b: Iron Bundle|Quark Drive|[silent]\n|move|p1a: Glimmora|Mortal Spin|p2a: Jolteon|[spread] p2a,p2b\n|-damage|p2a: Jolteon|92\/100\n|-damage|p2b: Flutter Mane|90\/100\n|-status|p2a: Jolteon|psn\n|-status|p2b: Flutter Mane|psn\n|\n|-damage|p2a: Jolteon|80\/100 psn|[from] psn\n|-damage|p2b: Flutter Mane|78\/100 psn|[from] psn\n|upkeep\n|\n|t:|1682141418\n|switch|p1b: Baxcalibur|Baxcalibur, L50, M|100\/100\n|turn|3\n|\n|t:|1682141438\n|move|p1a: Glimmora|Spiky Shield|p1a: Glimmora\n|-singleturn|p1a: Glimmora|move: Protect\n|move|p2a: Jolteon|Fake Tears|p1b: Baxcalibur\n|-unboost|p1b: Baxcalibur|spd|2\n|move|p2b: Flutter Mane|Shadow Ball|p1b: Baxcalibur\n|-damage|p1b: Baxcalibur|34\/100\n|move|p1b: Baxcalibur|Earthquake|p2b: Flutter Mane|[spread] p2a,p2b\n|-activate|p1a: Glimmora|move: Protect\n|-supereffective|p2a: Jolteon\n|-damage|p2a: Jolteon|0 fnt\n|-damage|p2b: Flutter Mane|24\/100 psn\n|faint|p2a: Jolteon\n|\n|-damage|p2b: Flutter Mane|12\/100 psn|[from] psn\n|upkeep\n|\n|t:|1682141457\n|switch|p2a: Arcanine|Arcanine, L50, F|100\/100\n|-ability|p2a: Arcanine|Intimidate|boost\n|-unboost|p1a: Glimmora|atk|1\n|-unboost|p1b: Baxcalibur|atk|1\n|turn|4\n|\n|t:|1682141470\n|-terastallize|p1b: Baxcalibur|Water\n|move|p2b: Flutter Mane|Shadow Ball|p1b: Baxcalibur\n|-damage|p1b: Baxcalibur|0 fnt\n|faint|p1b: Baxcalibur\n|move|p2a: Arcanine|Will-O-Wisp|p1a: Glimmora|[miss]\n|-miss|p2a: Arcanine|p1a: Glimmora\n|move|p1a: Glimmora|Earth Power|p2a: Arcanine\n|-supereffective|p2a: Arcanine\n|-damage|p2a: Arcanine|31\/100\n|\n|-damage|p2b: Flutter Mane|0 fnt|[from] psn\n|faint|p2b: Flutter Mane\n|-end|p2b: Flutter Mane|Protosynthesis|[silent]\n|upkeep\n|\n|t:|1682141482\n|switch|p2b: Amoonguss|Amoonguss, L50, M|100\/100\n|turn|5\n|\n|t:|1682141492\n|-terastallize|p2a: Arcanine|Grass\n|move|p1a: Glimmora|Spiky Shield|p1a: Glimmora\n|-singleturn|p1a: Glimmora|move: Protect\n|move|p2a: Arcanine|Flare Blitz|p1a: Glimmora\n|-activate|p1a: Glimmora|move: Protect\n|-damage|p2a: Arcanine|19\/100|[from] Spiky Shield|[of] p1a: Glimmora\n|move|p2b: Amoonguss|Pollen Puff|p2a: Arcanine\n|-heal|p2a: Arcanine|69\/100\n|\n|upkeep\n|turn|6\n|\n|t:|1682141509\n|move|p2a: Arcanine|Protect|p2a: Arcanine\n|-singleturn|p2a: Arcanine|Protect\n|move|p1a: Glimmora|Mortal Spin|p2a: Arcanine|[spread] p2b\n|-activate|p2a: Arcanine|move: Protect\n|-damage|p2b: Amoonguss|99\/100\n|move|p2b: Amoonguss|Spore|p1a: Glimmora\n|-status|p1a: Glimmora|slp|[from] move: Spore\n|\n|upkeep\n|turn|7\n|\n|t:|1682141519\n|move|p2a: Arcanine|Flare Blitz|p1a: Glimmora\n|-resisted|p1a: Glimmora\n|-damage|p1a: Glimmora|73\/100 slp\n|-activate|p1a: Glimmora|ability: Toxic Debris\n|-sidestart|p2: leafyarrow|move: Toxic Spikes\n|-damage|p2a: Arcanine|62\/100|[from] Recoil\n|cant|p1a: Glimmora|slp\n|move|p2b: Amoonguss|Pollen Puff|p2a: Arcanine\n|-heal|p2a: Arcanine|100\/100\n|\n|upkeep\n|turn|8\n|\n|t:|1682141536\n|move|p2a: Arcanine|Flare Blitz|p1a: Glimmora\n|-resisted|p1a: Glimmora\n|-damage|p1a: Glimmora|45\/100 slp\n|-activate|p1a: Glimmora|ability: Toxic Debris\n|-sidestart|p2: leafyarrow|move: Toxic Spikes\n|-damage|p2a: Arcanine|93\/100|[from] Recoil\n|cant|p1a: Glimmora|slp\n|move|p2b: Amoonguss|Spore|p1a: Glimmora\n|-fail|p1a: Glimmora|slp\n|\n|upkeep\n|turn|9\n|\n|t:|1682141557\n|move|p2a: Arcanine|Flare Blitz|p1a: Glimmora\n|-resisted|p1a: Glimmora\n|-damage|p1a: Glimmora|16\/100 slp\n|-damage|p2a: Arcanine|85\/100|[from] Recoil\n|cant|p1a: Glimmora|slp\n|move|p2b: Amoonguss|Spore|p1a: Glimmora\n|-fail|p1a: Glimmora|slp\n|\n|upkeep\n|turn|10\n|\n|t:|1682141569\n|move|p2a: Arcanine|Protect|p2a: Arcanine\n|-singleturn|p2a: Arcanine|Protect\n|-curestatus|p1a: Glimmora|slp|[msg]\n|move|p1a: Glimmora|Earth Power|p2a: Arcanine\n|-activate|p2a: Arcanine|move: Protect\n|move|p2b: Amoonguss|Spore|p1a: Glimmora\n|-status|p1a: Glimmora|slp|[from] move: Spore\n|\n|upkeep\n|turn|11\n|\n|t:|1682141580\n|move|p2a: Arcanine|Flare Blitz|p1a: Glimmora\n|-resisted|p1a: Glimmora\n|-damage|p1a: Glimmora|0 fnt\n|faint|p1a: Glimmora\n|-damage|p2a: Arcanine|81\/100|[from] Recoil\n|\n|win|leafyarrow\n","uploadtime":1682141589,"views":14,"p1id":"kinohara","p2id":"leafyarrow","formatid":"gen9vgc2023regulationc","rating":0,"private":0,"password":""}