{"id":"gen9vgc2023regulationc-1847997371","p1":"Treshole","p2":"hulksmash91","format":"[Gen 9] VGC 2023 Regulation C","log":"|j|\u2606Treshole\n|j|\u2606hulksmash91\n|t:|1682019240\n|gametype|doubles\n|player|p1|Treshole|ethan|\n|player|p2|hulksmash91|2|\n|teamsize|p1|6\n|teamsize|p2|6\n|gen|9\n|tier|[Gen 9] VGC 2023 Regulation C\n|rule|Species Clause: Limit one of each Pok\u00e9mon\n|rule|Item Clause: Limit one of each item\n|clearpoke\n|poke|p1|Ting-Lu, L50|\n|poke|p1|Amoonguss, L50, F|\n|poke|p1|Arcanine, L50, M|\n|poke|p1|Flutter Mane, L50|\n|poke|p1|Palafin, L50, F|\n|poke|p1|Baxcalibur, L50, F|\n|poke|p2|Palafin, L50, M|\n|poke|p2|Arcanine, L50, F|\n|poke|p2|Amoonguss, L50, F|\n|poke|p2|Kingambit, L50, M|\n|poke|p2|Flutter Mane, L50|\n|poke|p2|Dragonite, L50, M|\n|teampreview|4\nTreshole has agreed to open team sheets.\n|c|\u2606hulksmash91|G3\nhulksmash91 has agreed to open team sheets.\n|c|\u2606Treshole|mae\n|c|\u2606Treshole|deme un toque que tengo que pedir un uber\n|c|\u2606Treshole|no ponga el timer\n|c|\u2606hulksmash91|Ok\n|c|\u2606Treshole|ya\n|c|\u2606hulksmash91|Listo\n|\n|t:|1682020299\n|start\n|switch|p1a: Soul Fist|Flutter Mane, L50|100\/100\n|switch|p1b: Totsugeki|Palafin, L50, F|100\/100\n|switch|p2a: Kingambit|Kingambit, L50, M, shiny|100\/100\n|switch|p2b: Amoonguss|Amoonguss, L50, F, shiny|100\/100\n|-enditem|p1a: Soul Fist|Booster Energy\n|-activate|p1a: Soul Fist|ability: Protosynthesis|[fromitem]\n|-start|p1a: Soul Fist|protosynthesisspa\n|turn|1\n|\n|t:|1682020320\n|detailschange|p1b: Totsugeki|Palafin-Hero, L50, F\n|switch|p1b: Kikoken|Amoonguss, L50, F|100\/100\n|-terastallize|p2a: Kingambit|Dark\n|move|p1a: Soul Fist|Substitute|p1a: Soul Fist\n|-start|p1a: Soul Fist|Substitute\n|-damage|p1a: Soul Fist|76\/100\n|move|p2a: Kingambit|Swords Dance|p2a: Kingambit\n|-boost|p2a: Kingambit|atk|2\n|move|p2b: Amoonguss|Spore||[still]\n|-fail|p2b: Amoonguss\n|\n|upkeep\n|turn|2\n|\n|t:|1682020344\n|move|p2b: Amoonguss|Rage Powder|p2b: Amoonguss\n|-singleturn|p2b: Amoonguss|move: Rage Powder\n|move|p1a: Soul Fist|Shadow Ball|p2b: Amoonguss\n|-damage|p2b: Amoonguss|53\/100\n|move|p2a: Kingambit|Kowtow Cleave|p1b: Kikoken\n|-damage|p1b: Kikoken|3\/100\n|-enditem|p1b: Kikoken|Sitrus Berry|[eat]\n|-heal|p1b: Kikoken|28\/100|[from] item: Sitrus Berry\n|move|p1b: Kikoken|Spore|p2a: Kingambit\n|-status|p2a: Kingambit|slp|[from] move: Spore\n|-enditem|p2a: Kingambit|Lum Berry|[eat]\n|-curestatus|p2a: Kingambit|slp|[msg]\n|\n|upkeep\n|turn|3\n|\n|t:|1682020390\n|switch|p2b: Arcanine|Arcanine, L50, F|100\/100\n|-ability|p2b: Arcanine|Intimidate|boost\n|-immune|p1a: Soul Fist\n|-unboost|p1b: Kikoken|atk|1\n|move|p2a: Kingambit|Protect|p2a: Kingambit\n|-singleturn|p2a: Kingambit|Protect\n|move|p1b: Kikoken|Protect|p1b: Kikoken\n|-singleturn|p1b: Kikoken|Protect\n|move|p1a: Soul Fist|Shadow Ball|p2b: Arcanine\n|-damage|p2b: Arcanine|39\/100\n|\n|upkeep\n|turn|4\n|\n|t:|1682020446\n|move|p1b: Kikoken|Protect||[still]\n|-fail|p1b: Kikoken\n|move|p1a: Soul Fist|Moonblast|p2a: Kingambit\n|-supereffective|p2a: Kingambit\n|-damage|p2a: Kingambit|0 fnt\n|faint|p2a: Kingambit\n|move|p2b: Arcanine|Flare Blitz|p1a: Soul Fist\n|-end|p1a: Soul Fist|Substitute\n|-damage|p2b: Arcanine|33\/100|[from] Recoil|[of] p1a: Soul Fist\n|\n|upkeep\n|\n|t:|1682020454\n|switch|p2a: Palafin|Palafin, L50, M|100\/100\n|turn|5\n|\n|t:|1682020471\n|detailschange|p2a: Palafin|Palafin-Hero, L50, M\n|switch|p2a: Amoonguss|Amoonguss, L50, F, shiny|86\/100\n|switch|p1b: Falcon Punch|Arcanine, L50, M|100\/100\n|-ability|p1b: Falcon Punch|Intimidate|boost\n|-unboost|p2a: Amoonguss|atk|1\n|-unboost|p2b: Arcanine|atk|1\n|move|p1a: Soul Fist|Substitute|p1a: Soul Fist\n|-start|p1a: Soul Fist|Substitute\n|-damage|p1a: Soul Fist|51\/100\n|move|p2b: Arcanine|Flare Blitz|p1b: Falcon Punch\n|-resisted|p1b: Falcon Punch\n|-damage|p1b: Falcon Punch|85\/100\n|-damage|p2b: Arcanine|28\/100|[from] Recoil\n|\n|upkeep\n|turn|6\n|-message|hulksmash91 forfeited.\n|\n|win|Treshole\n|l|\u2606hulksmash91\n|c|\u2606Treshole|ggs jaja\n","uploadtime":1682021240,"views":11,"p1id":"treshole","p2id":"hulksmash91","formatid":"gen9vgc2023regulationc","rating":0,"private":0,"password":""}