{"id":"gen9vgc2023regulationc-1855144875","p1":"T8XICIDAD","p2":"fgbhgd","format":"[Gen 9] VGC 2023 Regulation C","log":"|j|\u2606T8XICIDAD\n|j|\u2606fgbhgd\n|t:|1682906766\n|gametype|doubles\n|player|p1|T8XICIDAD|clair|1132\n|player|p2|fgbhgd|266|1106\n|teamsize|p1|6\n|teamsize|p2|6\n|gen|9\n|tier|[Gen 9] VGC 2023 Regulation C\n|rated|\n|rule|Species Clause: Limit one of each Pok\u00e9mon\n|rule|Item Clause: Limit one of each item\n|clearpoke\n|poke|p1|Amoonguss, L50, M|\n|poke|p1|Palafin, L50, M|\n|poke|p1|Arcanine, L50, M|\n|poke|p1|Flutter Mane, L50|\n|poke|p1|Ting-Lu, L50|\n|poke|p1|Kingambit, L50, M|\n|poke|p2|Torkoal, L50, F|\n|poke|p2|Great Tusk, L50|\n|poke|p2|Chi-Yu, L50|\n|poke|p2|Flutter Mane, L50|\n|poke|p2|Jumpluff, L50, F|\n|poke|p2|Dragonite, L50, M|\n|teampreview|4\n|\n|t:|1682906799\n|start\n|switch|p1a: Palafin|Palafin, L50, M|100\/100\n|switch|p1b: Arcanine|Arcanine, L50, M|100\/100\n|switch|p2a: Torkoal|Torkoal, L50, F|100\/100\n|switch|p2b: Jumpluff|Jumpluff, L50, F|100\/100\n|-ability|p1b: Arcanine|Intimidate|boost\n|-unboost|p2a: Torkoal|atk|1\n|-enditem|p2a: Torkoal|Eject Pack\n|-unboost|p2b: Jumpluff|atk|1\n|\n|t:|1682906815\n|switch|p2a: Flutter Mane|Flutter Mane, L50|100\/100\n|turn|1\n|\n|t:|1682906845\n|detailschange|p1a: Palafin|Palafin-Hero, L50, M\n|switch|p1a: Ting-Lu|Ting-Lu, L50|100\/100\n|-ability|p1a: Ting-Lu|Vessel of Ruin\n|move|p2a: Flutter Mane|Shadow Ball|p1b: Arcanine\n|-damage|p1b: Arcanine|56\/100\n|-damage|p2a: Flutter Mane|91\/100|[from] item: Life Orb\n|move|p2b: Jumpluff|Sleep Powder|p1a: Ting-Lu\n|-status|p1a: Ting-Lu|slp|[from] move: Sleep Powder\n|move|p1b: Arcanine|Flare Blitz|p2a: Flutter Mane\n|-damage|p2a: Flutter Mane|0 fnt\n|faint|p2a: Flutter Mane\n|-end|p2a: Flutter Mane|Protosynthesis|[silent]\n|-damage|p1b: Arcanine|31\/100|[from] Recoil\n|\n|upkeep\n|\n|t:|1682906863\n|switch|p2a: Chi-Yu|Chi-Yu, L50|100\/100\n|-ability|p2a: Chi-Yu|Beads of Ruin\n|turn|2\n|\n|t:|1682906878\n|move|p2b: Jumpluff|Tailwind|p2b: Jumpluff\n|-sidestart|p2: fgbhgd|move: Tailwind\n|move|p2a: Chi-Yu|Dark Pulse|p1b: Arcanine\n|-damage|p1b: Arcanine|0 fnt\n|faint|p1b: Arcanine\n|cant|p1a: Ting-Lu|slp\n|\n|upkeep\n|\n|t:|1682906885\n|switch|p1b: Palafin|Palafin-Hero, L50, M|100\/100\n|-activate|p1b: Palafin|ability: Zero to Hero\n|turn|3\n|\n|t:|1682906902\n|switch|p2b: Torkoal|Torkoal, L50, F|100\/100\n|-weather|SunnyDay|[from] ability: Drought|[of] p2b: Torkoal\n|switch|p1a: Flutter Mane|Flutter Mane, L50|100\/100\n|-activate|p1a: Flutter Mane|ability: Protosynthesis\n|-start|p1a: Flutter Mane|protosynthesisspe\n|-terastallize|p2a: Chi-Yu|Grass\n|move|p1b: Palafin|Protect|p1b: Palafin\n|-singleturn|p1b: Palafin|Protect\n|move|p2a: Chi-Yu|Tera Blast|p1b: Palafin\n|-activate|p1b: Palafin|move: Protect\n|\n|-weather|SunnyDay|[upkeep]\n|upkeep\n|turn|4\n|\n|t:|1682906934\n|switch|p1b: Ting-Lu|Ting-Lu, L50|100\/100 slp\n|-ability|p1b: Ting-Lu|Vessel of Ruin\n|-terastallize|p1a: Flutter Mane|Fairy\n|move|p2a: Chi-Yu|Tera Blast|p1b: Ting-Lu\n|-supereffective|p1b: Ting-Lu\n|-damage|p1b: Ting-Lu|56\/100 slp\n|move|p1a: Flutter Mane|Dazzling Gleam|p2a: Chi-Yu|[spread] p2a,p2b\n|-resisted|p2b: Torkoal\n|-crit|p2b: Torkoal\n|-damage|p2a: Chi-Yu|68\/100\n|-damage|p2b: Torkoal|65\/100\n|move|p2b: Torkoal|Yawn|p1a: Flutter Mane\n|-start|p1a: Flutter Mane|move: Yawn|[of] p2b: Torkoal\n|\n|-weather|SunnyDay|[upkeep]\n|upkeep\n|turn|5\n|\n|t:|1682906969\n|-end|p1a: Flutter Mane|Protosynthesis|[silent]\n|switch|p1a: Palafin|Palafin-Hero, L50, M|100\/100\n|move|p2b: Torkoal|Helping Hand|p2a: Chi-Yu\n|-singleturn|p2a: Chi-Yu|Helping Hand|[of] p2b: Torkoal\n|move|p2a: Chi-Yu|Tera Blast|p1b: Ting-Lu\n|-supereffective|p1b: Ting-Lu\n|-damage|p1b: Ting-Lu|0 fnt\n|faint|p1b: Ting-Lu\n|\n|-weather|SunnyDay|[upkeep]\n|-sideend|p2: fgbhgd|move: Tailwind\n|upkeep\n|\n|t:|1682906978\n|switch|p1b: Flutter Mane|Flutter Mane, L50, tera:Fairy|100\/100\n|-activate|p1b: Flutter Mane|ability: Protosynthesis\n|-start|p1b: Flutter Mane|protosynthesisspe\n|turn|6\n|\n|t:|1682906989\n|move|p1b: Flutter Mane|Protect|p1b: Flutter Mane\n|-singleturn|p1b: Flutter Mane|Protect\n|move|p2a: Chi-Yu|Protect|p2a: Chi-Yu\n|-singleturn|p2a: Chi-Yu|Protect\n|move|p1a: Palafin|Protect|p1a: Palafin\n|-singleturn|p1a: Palafin|Protect\n|move|p2b: Torkoal|Yawn|p1b: Flutter Mane\n|-activate|p1b: Flutter Mane|move: Protect\n|\n|-weather|SunnyDay|[upkeep]\n|upkeep\n|turn|7\n|\n|t:|1682907011\n|switch|p2a: Jumpluff|Jumpluff, L50, F|100\/100\n|move|p1a: Palafin|Jet Punch|p2b: Torkoal\n|-supereffective|p2b: Torkoal\n|-damage|p2b: Torkoal|37\/100\n|move|p1b: Flutter Mane|Moonblast|p2a: Jumpluff\n|-damage|p2a: Jumpluff|38\/100\n|move|p2b: Torkoal|Yawn|p1a: Palafin\n|-start|p1a: Palafin|move: Yawn|[of] p2b: Torkoal\n|\n|-weather|none\n|-end|p1b: Flutter Mane|Protosynthesis\n|upkeep\n|-enditem|p1b: Flutter Mane|Booster Energy\n|-activate|p1b: Flutter Mane|ability: Protosynthesis|[fromitem]\n|-start|p1b: Flutter Mane|protosynthesisspe\n|turn|8\n|\n|t:|1682907030\n|move|p2a: Jumpluff|Protect|p2a: Jumpluff\n|-singleturn|p2a: Jumpluff|Protect\n|move|p2b: Torkoal|Protect|p2b: Torkoal\n|-singleturn|p2b: Torkoal|Protect\n|move|p1a: Palafin|Jet Punch|p2b: Torkoal\n|-activate|p2b: Torkoal|move: Protect\n|move|p1b: Flutter Mane|Moonblast|p2a: Jumpluff\n|-activate|p2a: Jumpluff|move: Protect\n|\n|-end|p1a: Palafin|move: Yawn|[silent]\n|-status|p1a: Palafin|slp\n|upkeep\n|turn|9\n|\n|t:|1682907046\n|switch|p2b: Chi-Yu|Chi-Yu, L50, tera:Grass|68\/100\n|-ability|p2b: Chi-Yu|Beads of Ruin\n|move|p1b: Flutter Mane|Protect|p1b: Flutter Mane\n|-singleturn|p1b: Flutter Mane|Protect\n|cant|p1a: Palafin|slp\n|move|p2a: Jumpluff|Sleep Powder|p1b: Flutter Mane\n|-activate|p1b: Flutter Mane|move: Protect\n|\n|upkeep\n|turn|10\n|\n|t:|1682907069\n|cant|p1a: Palafin|slp\n|move|p1b: Flutter Mane|Moonblast|p2b: Chi-Yu\n|-damage|p2b: Chi-Yu|0 fnt\n|faint|p2b: Chi-Yu\n|move|p2a: Jumpluff|Sleep Powder|p1b: Flutter Mane\n|-status|p1b: Flutter Mane|slp|[from] move: Sleep Powder\n|\n|upkeep\n|\n|t:|1682907078\n|switch|p2b: Torkoal|Torkoal, L50, F|37\/100\n|-weather|SunnyDay|[from] ability: Drought|[of] p2b: Torkoal\n|turn|11\n|inactive|Battle timer is ON: inactive players will automatically lose when time's up. (requested by T8XICIDAD)\n|inactive|fgbhgd has 60 seconds left.\n|l|\u2606T8XICIDAD\n|inactive|T8XICIDAD disconnected and has a minute to reconnect!\n|player|p1|\n|j|\u2606T8XICIDAD\n|inactive|T8XICIDAD reconnected.\n|player|p1|T8XICIDAD|clair\n|inactive|fgbhgd has 30 seconds left.\n|inactive|fgbhgd has 20 seconds left.\n|inactive|fgbhgd has 15 seconds left.\n|inactive|fgbhgd has 10 seconds left.\n|inactive|fgbhgd has 5 seconds left.\n|\n|t:|1682907244\n|-curestatus|p1a: Palafin|slp|[msg]\n|move|p1a: Palafin|Jet Punch|p2b: Torkoal\n|-supereffective|p2b: Torkoal\n|-crit|p2b: Torkoal\n|-damage|p2b: Torkoal|0 fnt\n|faint|p2b: Torkoal\n|move|p2a: Jumpluff|Sleep Powder|p1a: Palafin\n|-status|p1a: Palafin|slp|[from] move: Sleep Powder\n|cant|p1b: Flutter Mane|slp\n|\n|-weather|SunnyDay|[upkeep]\n|upkeep\n|turn|12\n|inactive|fgbhgd has 30 seconds left.\n|inactive|fgbhgd has 20 seconds left.\n|inactive|fgbhgd has 15 seconds left.\n|inactive|fgbhgd has 10 seconds left.\n|inactive|fgbhgd has 5 seconds left.\n|\n|t:|1682907299\n|cant|p1a: Palafin|slp\n|move|p2a: Jumpluff|Sleep Powder|p1a: Palafin|[miss]\n|-miss|p2a: Jumpluff|p1a: Palafin\n|cant|p1b: Flutter Mane|slp\n|\n|-weather|SunnyDay|[upkeep]\n|upkeep\n|turn|13\n|inactive|fgbhgd has 30 seconds left.\n|inactive|fgbhgd has 20 seconds left.\n|inactive|fgbhgd has 15 seconds left.\n|inactive|fgbhgd has 10 seconds left.\n|inactive|fgbhgd has 5 seconds left.\n|\n|t:|1682907354\n|cant|p1a: Palafin|slp\n|move|p2a: Jumpluff|Sleep Powder|p1b: Flutter Mane\n|-fail|p1b: Flutter Mane|slp\n|-curestatus|p1b: Flutter Mane|slp|[msg]\n|move|p1b: Flutter Mane|Moonblast|p2a: Jumpluff\n|-damage|p2a: Jumpluff|0 fnt\n|faint|p2a: Jumpluff\n|\n|win|T8XICIDAD\n|raw|T8XICIDAD's rating: 1132 → 1153<\/strong> (+21 for winning)\n|raw|fgbhgd's rating: 1080 → 1061<\/strong> (-19 for losing)\n|c|\u2606T8XICIDAD|Gg\n","uploadtime":1682907369,"views":12,"p1id":"t8xicidad","p2id":"fgbhgd","formatid":"gen9vgc2023regulationc","rating":1061,"private":0,"password":""}