{"id":"gen9vgc2023regulationc-1861512013","p1":"qaq jj","p2":"RonJohn","format":"[Gen 9] VGC 2023 Regulation C","log":"|j|\u2606qaq jj\n|j|\u2606RonJohn\n|t:|1683767015\n|gametype|doubles\n|player|p1|qaq jj|102|1162\n|player|p2|RonJohn|266|1224\n|teamsize|p1|6\n|teamsize|p2|6\n|gen|9\n|tier|[Gen 9] VGC 2023 Regulation C\n|rated|\n|rule|Species Clause: Limit one of each Pok\u00e9mon\n|rule|Item Clause: Limit one of each item\n|clearpoke\n|poke|p1|Slaking, L50, F|\n|poke|p1|Medicham, L50, F|\n|poke|p1|Oranguru, L50, F|\n|poke|p1|Amoonguss, L50, F|\n|poke|p1|Corviknight, L50, M|\n|poke|p1|Chien-Pao, L50|\n|poke|p2|Flutter Mane, L50|\n|poke|p2|Orthworm, L50, F|\n|poke|p2|Dragonite, L50, F|\n|poke|p2|Amoonguss, L50, F|\n|poke|p2|Gyarados, L50, F|\n|poke|p2|Ting-Lu, L50|\n|teampreview|4\n|\n|t:|1683767045\n|start\n|switch|p1a: Slaking|Slaking, L50, F|100\/100\n|switch|p1b: Medicham|Medicham, L50, F|100\/100\n|switch|p2a: Amoonguss|Amoonguss, L50, F|100\/100\n|switch|p2b: Orthworm|Orthworm, L50, F|100\/100\n|turn|1\n|\n|t:|1683767079\n|move|p1b: Medicham|Skill Swap|p1a: Slaking\n|-activate|p1b: Medicham|move: Skill Swap|||[of] p1a: Slaking\n|move|p1a: Slaking|Ice Punch|p2a: Amoonguss\n|-supereffective|p2a: Amoonguss\n|-damage|p2a: Amoonguss|2\/100\n|move|p2b: Orthworm|Body Press|p1a: Slaking\n|-supereffective|p1a: Slaking\n|-damage|p1a: Slaking|62\/100\n|move|p2a: Amoonguss|Spore|p1b: Medicham\n|-status|p1b: Medicham|slp|[from] move: Spore\n|\n|-heal|p2a: Amoonguss|8\/100|[from] item: Leftovers\n|-status|p1a: Slaking|tox|[from] item: Toxic Orb\n|upkeep\n|turn|2\n|\n|t:|1683767115\n|switch|p2a: Ting-Lu|Ting-Lu, L50|100\/100\n|-ability|p2a: Ting-Lu|Vessel of Ruin\n|-terastallize|p1a: Slaking|Normal\n|cant|p1b: Medicham|slp\n|move|p1a: Slaking|Facade|p2b: Orthworm\n|-resisted|p2b: Orthworm\n|-damage|p2b: Orthworm|16\/100\n|-enditem|p2b: Orthworm|Sitrus Berry|[eat]\n|-heal|p2b: Orthworm|41\/100|[from] item: Sitrus Berry\n|move|p2b: Orthworm|Shed Tail|p2b: Orthworm\n|-fail|p2b: Orthworm|move: Shed Tail|[weak]\n|\n|-damage|p1a: Slaking|56\/100 tox|[from] psn\n|upkeep\n|turn|3\n|\n|t:|1683767165\n|cant|p1b: Medicham|slp\n|move|p1a: Slaking|Facade|p2b: Orthworm\n|-resisted|p2b: Orthworm\n|-damage|p2b: Orthworm|0 fnt\n|faint|p2b: Orthworm\n|move|p2a: Ting-Lu|Earthquake|p1b: Medicham|[spread] p1a,p1b\n|-damage|p1a: Slaking|31\/100 tox\n|-damage|p1b: Medicham|34\/100 slp\n|\n|-damage|p1a: Slaking|18\/100 tox|[from] psn\n|upkeep\n|\n|t:|1683767184\n|switch|p2b: Dragonite|Dragonite, L50, F|100\/100\n|turn|4\n|\n|t:|1683767209\n|-terastallize|p2b: Dragonite|Normal\n|move|p2b: Dragonite|Extreme Speed|p1a: Slaking\n|-damage|p1a: Slaking|0 fnt\n|faint|p1a: Slaking\n|cant|p1b: Medicham|slp\n|move|p2a: Ting-Lu|Earthquake|p1b: Medicham|[spread] p2b,p1b\n|-damage|p2b: Dragonite|81\/100\n|-damage|p1b: Medicham|0 fnt\n|faint|p1b: Medicham\n|\n|upkeep\n|\n|t:|1683767219\n|switch|p1a: Oranguru|Oranguru, L50, F|100\/100\n|switch|p1b: Corviknight|Corviknight, L50, M|100\/100\n|turn|5\n|inactive|Battle timer is ON: inactive players will automatically lose when time's up. (requested by qaq jj)\n|\n|t:|1683767259\n|switch|p2b: Amoonguss|Amoonguss, L50, F|41\/100\n|move|p1b: Corviknight|Iron Defense|p1b: Corviknight\n|-boost|p1b: Corviknight|def|2\n|move|p2a: Ting-Lu|Stomping Tantrum|p1a: Oranguru\n|-damage|p1a: Oranguru|64\/100\n|move|p1a: Oranguru|Instruct|p1b: Corviknight\n|-singleturn|p1b: Corviknight|move: Instruct|[of] p1a: Oranguru\n|move|p1b: Corviknight|Iron Defense|p1b: Corviknight\n|-boost|p1b: Corviknight|def|2\n|\n|-heal|p2b: Amoonguss|47\/100|[from] item: Leftovers\n|upkeep\n|turn|6\n|inactive|qaq jj has 30 seconds left.\n|inactive|RonJohn has 30 seconds left.\n|inactive|RonJohn has 20 seconds left.\n|\n|t:|1683767295\n|move|p1b: Corviknight|Brave Bird|p2b: Amoonguss\n|-supereffective|p2b: Amoonguss\n|-damage|p2b: Amoonguss|0 fnt\n|faint|p2b: Amoonguss\n|-damage|p1b: Corviknight|84\/100|[from] Recoil\n|move|p2a: Ting-Lu|Stomping Tantrum|p1a: Oranguru\n|-damage|p1a: Oranguru|22\/100\n|move|p1a: Oranguru|Instruct|p1b: Corviknight\n|-singleturn|p1b: Corviknight|move: Instruct|[of] p1a: Oranguru\n|move|p1b: Corviknight|Brave Bird|p2a: Ting-Lu\n|-damage|p2a: Ting-Lu|79\/100\n|-damage|p1b: Corviknight|76\/100|[from] Recoil\n|\n|upkeep\n|\n|t:|1683767308\n|switch|p2b: Dragonite|Dragonite, L50, F, tera:Normal|81\/100\n|turn|7\n|inactive|RonJohn has 30 seconds left.\n|\n|t:|1683767340\n|move|p2b: Dragonite|Dragon Dance|p2b: Dragonite\n|-boost|p2b: Dragonite|atk|1\n|-boost|p2b: Dragonite|spe|1\n|move|p1b: Corviknight|Iron Defense|p1b: Corviknight\n|-boost|p1b: Corviknight|def|2\n|move|p2a: Ting-Lu|Stomping Tantrum|p1a: Oranguru\n|-damage|p1a: Oranguru|0 fnt\n|faint|p1a: Oranguru\n|\n|upkeep\n|turn|8\n|\n|t:|1683767357\n|move|p2b: Dragonite|Dragon Dance|p2b: Dragonite\n|-boost|p2b: Dragonite|atk|1\n|-boost|p2b: Dragonite|spe|1\n|move|p1b: Corviknight|Body Press|p2b: Dragonite\n|-supereffective|p2b: Dragonite\n|-crit|p2b: Dragonite\n|-damage|p2b: Dragonite|0 fnt\n|faint|p2b: Dragonite\n|move|p2a: Ting-Lu|Rock Slide|p1b: Corviknight\n|-damage|p1b: Corviknight|72\/100\n|\n|upkeep\n|turn|9\n|\n|t:|1683767367\n|move|p1b: Corviknight|Roost|p1b: Corviknight\n|-heal|p1b: Corviknight|100\/100\n|-singleturn|p1b: Corviknight|move: Roost\n|move|p2a: Ting-Lu|Rock Slide|p1b: Corviknight\n|-resisted|p1b: Corviknight\n|-damage|p1b: Corviknight|99\/100\n|\n|upkeep\n|turn|10\n|\n|t:|1683767378\n|move|p1b: Corviknight|Body Press|p2a: Ting-Lu\n|-supereffective|p2a: Ting-Lu\n|-crit|p2a: Ting-Lu\n|-damage|p2a: Ting-Lu|0 fnt\n|faint|p2a: Ting-Lu\n|\n|win|qaq jj\n|raw|qaq jj's rating: 1162 → 1191<\/strong> (+29 for winning)\n|raw|RonJohn's rating: 1224 → 1195<\/strong> (-29 for losing)\n","uploadtime":1683767387,"views":17,"p1id":"qaqjj","p2id":"ronjohn","formatid":"gen9vgc2023regulationc","rating":1191,"private":0,"password":""}