{"id":"gen9vgc2023regulationc-1850948162","p1":"Pigeon3.0","p2":"numelfan100","format":"[Gen 9] VGC 2023 Regulation C","log":"|j|\u2606Pigeon3.0\n|j|\u2606numelfan100\n|t:|1682385735\n|gametype|doubles\n|player|p1|Pigeon3.0|unknown|1019\n|player|p2|numelfan100|ingo|1000\n|teamsize|p1|6\n|teamsize|p2|6\n|gen|9\n|tier|[Gen 9] VGC 2023 Regulation C\n|rated|\n|rule|Species Clause: Limit one of each Pok\u00e9mon\n|rule|Item Clause: Limit one of each item\n|clearpoke\n|poke|p1|Dragonite, L50, M|\n|poke|p1|Grimmsnarl, L50, M|\n|poke|p1|Ting-Lu, L50|\n|poke|p1|Amoonguss, L50, M|\n|poke|p1|Palafin, L50, M|\n|poke|p1|Flutter Mane, L50|\n|poke|p2|Chi-Yu, L50|\n|poke|p2|Flutter Mane, L50|\n|poke|p2|Camerupt, L50, F|\n|poke|p2|Klefki, L50, M|\n|poke|p2|Torkoal, L50, F|\n|poke|p2|Amoonguss, L50, M|\n|teampreview|4\nPigeon3.0 rejected open team sheets.\n|inactive|Battle timer is ON: inactive players will automatically lose when time's up. (requested by Pigeon3.0)\n|c|\u2606numelfan100|hmmmm\n|c|\u2606numelfan100|i think i will kill myself\n|inactive|numelfan100 has 60 seconds left.\n|c|\u2606Pigeon3.0|?\n|c|\u2606numelfan100|im not winning this\n|\n|t:|1682385794\n|start\n|switch|p1a: Amoonguss|Amoonguss, L50, M|100\/100\n|switch|p1b: Palafin|Palafin, L50, M|100\/100\n|switch|p2a: Torkoal|Torkoal, L50, F|100\/100\n|switch|p2b: Amoonguss|Amoonguss, L50, M|100\/100\n|-weather|SunnyDay|[from] ability: Drought|[of] p2a: Torkoal\n|turn|1\n|c|\u2606Pigeon3.0|believe in your self\n|\n|t:|1682385813\n|move|p1b: Palafin|Protect|p1b: Palafin\n|-singleturn|p1b: Palafin|Protect\n|move|p2a: Torkoal|Protect|p2a: Torkoal\n|-singleturn|p2a: Torkoal|Protect\n|move|p1a: Amoonguss|Spore|p2a: Torkoal\n|-activate|p2a: Torkoal|move: Protect\n|move|p2b: Amoonguss|Spore|p1b: Palafin\n|-activate|p1b: Palafin|move: Protect\n|\n|-weather|SunnyDay|[upkeep]\n|upkeep\n|turn|2\n|\n|t:|1682385847\n|detailschange|p1b: Palafin|Palafin-Hero, L50, M\n|switch|p1b: Ting-Lu|Ting-Lu, L50|100\/100\n|-ability|p1b: Ting-Lu|Vessel of Ruin\n|move|p1a: Amoonguss|Spore|p2a: Torkoal\n|-status|p2a: Torkoal|slp|[from] move: Spore\n|move|p2b: Amoonguss|Spore|p1b: Ting-Lu\n|-status|p1b: Ting-Lu|slp|[from] move: Spore\n|cant|p2a: Torkoal|slp\n|\n|-weather|SunnyDay|[upkeep]\n|upkeep\n|turn|3\n|inactive|Pigeon3.0 has 30 seconds left.\n|inactive|numelfan100 has 30 seconds left.\n|\n|t:|1682385877\n|switch|p2a: Camerupt|Camerupt, L50, F, shiny|100\/100\n|move|p2b: Amoonguss|Protect|p2b: Amoonguss\n|-singleturn|p2b: Amoonguss|Protect\n|cant|p1b: Ting-Lu|slp\n|move|p1a: Amoonguss|Pollen Puff|p1b: Ting-Lu\n|-immune|p1b: Ting-Lu\n|\n|-weather|SunnyDay|[upkeep]\n|upkeep\n|turn|4\n|\n|t:|1682385901\n|-terastallize|p2a: Camerupt|Fire\n|move|p1a: Amoonguss|Rage Powder|p1a: Amoonguss\n|-singleturn|p1a: Amoonguss|move: Rage Powder\n|move|p2b: Amoonguss|Rage Powder|p2b: Amoonguss\n|-singleturn|p2b: Amoonguss|move: Rage Powder\n|cant|p1b: Ting-Lu|slp\n|move|p2a: Camerupt|Eruption|p1b: Ting-Lu|[spread] p1a,p1b\n|-supereffective|p1a: Amoonguss\n|-damage|p1a: Amoonguss|0 fnt\n|-damage|p1b: Ting-Lu|59\/100 slp\n|faint|p1a: Amoonguss\n|\n|-weather|SunnyDay|[upkeep]\n|upkeep\n|\n|t:|1682385912\n|switch|p1a: Palafin|Palafin-Hero, L50, M|100\/100\n|-activate|p1a: Palafin|ability: Zero to Hero\n|turn|5\n|\n|t:|1682385925\n|move|p1a: Palafin|Protect|p1a: Palafin\n|-singleturn|p1a: Palafin|Protect\n|move|p2a: Camerupt|Protect|p2a: Camerupt\n|-singleturn|p2a: Camerupt|Protect\n|-curestatus|p1b: Ting-Lu|slp|[msg]\n|move|p1b: Ting-Lu|Stomping Tantrum|p2a: Camerupt\n|-activate|p2a: Camerupt|move: Protect\n|move|p2b: Amoonguss|Spore|p1a: Palafin\n|-activate|p1a: Palafin|move: Protect\n|\n|-weather|none\n|upkeep\n|turn|6\n|\n|t:|1682385944\n|-terastallize|p1a: Palafin|Water\n|move|p2b: Amoonguss|Rage Powder|p2b: Amoonguss\n|-singleturn|p2b: Amoonguss|move: Rage Powder\n|move|p1a: Palafin|Wave Crash|p2b: Amoonguss\n|-resisted|p2b: Amoonguss\n|-damage|p2b: Amoonguss|53\/100\n|-damage|p1a: Palafin|84\/100|[from] item: Rocky Helmet|[of] p2b: Amoonguss\n|-damage|p1a: Palafin|64\/100|[from] Recoil\n|move|p1b: Ting-Lu|Stomping Tantrum|p2b: Amoonguss\n|-damage|p2b: Amoonguss|31\/100\n|-damage|p1b: Ting-Lu|42\/100|[from] item: Rocky Helmet|[of] p2b: Amoonguss\n|move|p2a: Camerupt|Eruption|p1b: Ting-Lu|[spread] p1a,p1b\n|-resisted|p1a: Palafin\n|-damage|p1a: Palafin|30\/100\n|-damage|p1b: Ting-Lu|18\/100\n|\n|upkeep\n|turn|7\n|\n|t:|1682385967\n|switch|p2b: Torkoal|Torkoal, L50, F|100\/100 slp\n|-weather|SunnyDay|[from] ability: Drought|[of] p2b: Torkoal\n|move|p1a: Palafin|Protect|p1a: Palafin\n|-singleturn|p1a: Palafin|Protect\n|move|p2a: Camerupt|Protect|p2a: Camerupt\n|-singleturn|p2a: Camerupt|Protect\n|move|p1b: Ting-Lu|Stomping Tantrum|p2a: Camerupt\n|-activate|p2a: Camerupt|move: Protect\n|\n|-weather|SunnyDay|[upkeep]\n|upkeep\n|turn|8\n|\n|t:|1682385989\n|switch|p1b: Dragonite|Dragonite, L50, M|100\/100\n|-curestatus|p2b: Torkoal|slp|[msg]\n|move|p2b: Torkoal|Helping Hand|p2a: Camerupt\n|-singleturn|p2a: Camerupt|Helping Hand|[of] p2b: Torkoal\n|move|p1a: Palafin|Wave Crash|p2a: Camerupt\n|-supereffective|p2a: Camerupt\n|-damage|p2a: Camerupt|0 fnt\n|faint|p2a: Camerupt\n|-damage|p1a: Palafin|0 fnt|[from] Recoil\n|faint|p1a: Palafin\n|\n|-weather|SunnyDay|[upkeep]\n|upkeep\n|\n|t:|1682386006\n|switch|p1a: Ting-Lu|Ting-Lu, L50|18\/100\n|switch|p2a: Amoonguss|Amoonguss, L50, M|64\/100\n|-ability|p1a: Ting-Lu|Vessel of Ruin\n|turn|9\n|inactive|Pigeon3.0 has 30 seconds left.\n|\n|t:|1682386032\n|move|p2a: Amoonguss|Protect|p2a: Amoonguss\n|-singleturn|p2a: Amoonguss|Protect\n|move|p2b: Torkoal|Protect|p2b: Torkoal\n|-singleturn|p2b: Torkoal|Protect\n|move|p1b: Dragonite|Extreme Speed|p2a: Amoonguss\n|-activate|p2a: Amoonguss|move: Protect\n|move|p1a: Ting-Lu|Ruination|p2a: Amoonguss\n|-activate|p2a: Amoonguss|move: Protect\n|\n|-weather|SunnyDay|[upkeep]\n|upkeep\n|turn|10\n|inactive|Pigeon3.0 has 30 seconds left.\n|inactive|numelfan100 has 30 seconds left.\n|inactive|Pigeon3.0 has 20 seconds left.\n|inactive|numelfan100 has 20 seconds left.\n|inactive|Pigeon3.0 has 15 seconds left.\n|inactive|numelfan100 has 15 seconds left.\n|\n|t:|1682386076\n|switch|p2a: Flutter Mane|Flutter Mane, L50|100\/100\n|-activate|p2a: Flutter Mane|ability: Protosynthesis\n|-start|p2a: Flutter Mane|protosynthesisspa\n|move|p1b: Dragonite|Dragon Claw|p2a: Flutter Mane\n|-immune|p2a: Flutter Mane\n|move|p1a: Ting-Lu|Ruination|p2a: Flutter Mane|[miss]\n|-miss|p1a: Ting-Lu|p2a: Flutter Mane\n|move|p2b: Torkoal|Heat Wave|p1b: Dragonite|[spread] p1a,p1b\n|-resisted|p1b: Dragonite\n|-damage|p1a: Ting-Lu|7\/100\n|-damage|p1b: Dragonite|94\/100\n|\n|-weather|SunnyDay|[upkeep]\n|upkeep\n|turn|11\n|c|\u2606numelfan100|holy fuck\n|c|\u2606Pigeon3.0|gg\n|inactive|numelfan100 has 30 seconds left.\n|\n|t:|1682386111\n|move|p2b: Torkoal|Helping Hand|p2a: Flutter Mane\n|-singleturn|p2a: Flutter Mane|Helping Hand|[of] p2b: Torkoal\n|move|p1b: Dragonite|Protect|p1b: Dragonite\n|-singleturn|p1b: Dragonite|Protect\n|move|p2a: Flutter Mane|Dazzling Gleam|p1b: Dragonite|[spread] p1a\n|-activate|p1b: Dragonite|move: Protect\n|-supereffective|p1a: Ting-Lu\n|-damage|p1a: Ting-Lu|0 fnt\n|faint|p1a: Ting-Lu\n|\n|-weather|none\n|-end|p2a: Flutter Mane|Protosynthesis\n|upkeep\n|turn|12\n|\n|t:|1682386133\n|move|p2b: Torkoal|Helping Hand|p2a: Flutter Mane\n|-singleturn|p2a: Flutter Mane|Helping Hand|[of] p2b: Torkoal\n|move|p1b: Dragonite|Extreme Speed|p2b: Torkoal\n|-damage|p2b: Torkoal|79\/100\n|move|p2a: Flutter Mane|Dazzling Gleam|p1b: Dragonite\n|-supereffective|p1b: Dragonite\n|-damage|p1b: Dragonite|0 fnt\n|faint|p1b: Dragonite\n|\n|win|numelfan100\n|raw|Pigeon3.0's rating: 1019 → 1005<\/strong> (-14 for losing)\n|raw|numelfan100's rating: 1000 → 1042<\/strong> (+42 for winning)\n|l|\u2606Pigeon3.0\n","uploadtime":1682386270,"views":15,"p1id":"pigeon30","p2id":"numelfan100","formatid":"gen9vgc2023regulationc","rating":1005,"private":0,"password":""}