{"id":"gen9vgc2023regulationc-1860812880","p1":"LucaSnivy","p2":"zzzcvbn","format":"[Gen 9] VGC 2023 Regulation C","log":"|j|\u2606LucaSnivy\n|j|\u2606zzzcvbn\n|t:|1683680944\n|gametype|doubles\n|player|p1|LucaSnivy|guitarist|1022\n|player|p2|zzzcvbn|1|1000\n|teamsize|p1|6\n|teamsize|p2|6\n|gen|9\n|tier|[Gen 9] VGC 2023 Regulation C\n|rated|\n|rule|Species Clause: Limit one of each Pok\u00e9mon\n|rule|Item Clause: Limit one of each item\n|clearpoke\n|poke|p1|Dragonite, L50, F|\n|poke|p1|Hydreigon, L50, F|\n|poke|p1|Salamence, L50, M|\n|poke|p1|Tatsugiri, L50, M|\n|poke|p1|Cyclizar, L50, F|\n|poke|p1|Garchomp, L50, F|\n|poke|p2|Tyranitar, L50, F|\n|poke|p2|Heracross, L50, F|\n|poke|p2|Gyarados, L50, F|\n|poke|p2|Arcanine, L50, F|\n|poke|p2|Flutter Mane, L50|\n|poke|p2|Masquerain, L50, M|\n|teampreview|4\n|inactive|Battle timer is ON: inactive players will automatically lose when time's up. (requested by zzzcvbn)\n|\n|t:|1683680988\n|start\n|switch|p1a: Salamence|Salamence, L50, M|100\/100\n|switch|p1b: Cyclizar|Cyclizar, L50, F, shiny|100\/100\n|switch|p2a: Masquerain|Masquerain, L50, M|100\/100\n|switch|p2b: Gyarados|Gyarados, L50, F|100\/100\n|-ability|p2a: Masquerain|Intimidate|boost\n|-unboost|p1a: Salamence|atk|1\n|-unboost|p1b: Cyclizar|atk|1\n|-ability|p1a: Salamence|Intimidate|boost\n|-unboost|p2a: Masquerain|atk|1\n|-unboost|p2b: Gyarados|atk|1\n|-ability|p2b: Gyarados|Intimidate|boost\n|-unboost|p1a: Salamence|atk|1\n|-unboost|p1b: Cyclizar|atk|1\n|turn|1\n|\n|t:|1683681009\n|move|p2a: Masquerain|Sticky Web|p1a: Salamence\n|-sidestart|p1: LucaSnivy|move: Sticky Web\n|move|p1b: Cyclizar|Shed Tail|p1b: Cyclizar\n|-start|p1b: Cyclizar|Substitute|[from] move: Shed Tail\n|-damage|p1b: Cyclizar|50\/100\n|\n|t:|1683681014\n|switch|p1b: Dragonite|Dragonite, L50, F|100\/100|[from] Shed Tail\n|move|p1a: Salamence|Tailwind|p1a: Salamence\n|-sidestart|p1: LucaSnivy|move: Tailwind\n|move|p2b: Gyarados|Dragon Dance|p2b: Gyarados\n|-boost|p2b: Gyarados|atk|1\n|-boost|p2b: Gyarados|spe|1\n|\n|upkeep\n|turn|2\n|inactive|zzzcvbn has 30 seconds left.\n|\n|t:|1683681047\n|switch|p2a: Teracross|Heracross, L50, F|100\/100\n|move|p1a: Salamence|Protect|p1a: Salamence\n|-singleturn|p1a: Salamence|Protect\n|move|p1b: Dragonite|Dragon Dance|p1b: Dragonite\n|-boost|p1b: Dragonite|atk|1\n|-boost|p1b: Dragonite|spe|1\n|move|p2b: Gyarados|Dragon Dance|p2b: Gyarados\n|-boost|p2b: Gyarados|atk|1\n|-boost|p2b: Gyarados|spe|1\n|\n|upkeep\n|turn|3\n|inactive|LucaSnivy has 30 seconds left.\n|j| Peach Pit\n|\n|t:|1683681080\n|move|p1b: Dragonite|Protect|p1b: Dragonite\n|-singleturn|p1b: Dragonite|Protect\n|move|p1a: Salamence|Protect|p1a: Salamence\n|-singleturn|p1a: Salamence|Protect\n|move|p2b: Gyarados|Waterfall|p1b: Dragonite\n|-activate|p1b: Dragonite|move: Protect\n|move|p2a: Teracross|Rock Blast|p1b: Dragonite\n|-activate|p1b: Dragonite|move: Protect\n|\n|upkeep\n|turn|4\n|inactive|LucaSnivy has 30 seconds left.\n|inactive|LucaSnivy has 20 seconds left.\n|\n|t:|1683681118\n|switch|p1a: Cyclizar|Cyclizar, L50, F, shiny|83\/100\n|-activate|p1a: Cyclizar|move: Sticky Web\n|-unboost|p1a: Cyclizar|spe|1\n|move|p1b: Dragonite|Dragon Dance|p1b: Dragonite\n|-boost|p1b: Dragonite|atk|1\n|-boost|p1b: Dragonite|spe|1\n|move|p2b: Gyarados|Waterfall|p1b: Dragonite\n|-resisted|p1b: Dragonite\n|-activate|p1b: Dragonite|move: Substitute|[damage]\n|move|p2a: Teracross|Rock Blast|p1b: Dragonite\n|-supereffective|p1b: Dragonite\n|-end|p1b: Dragonite|Substitute\n|-supereffective|p1b: Dragonite\n|-damage|p1b: Dragonite|92\/100\n|-supereffective|p1b: Dragonite\n|-damage|p1b: Dragonite|75\/100\n|-supereffective|p1b: Dragonite\n|-crit|p1b: Dragonite\n|-damage|p1b: Dragonite|51\/100\n|-hitcount|p1b: Dragonite|4\n|\n|-heal|p1a: Cyclizar|90\/100|[from] item: Leftovers\n|-sideend|p1: LucaSnivy|move: Tailwind\n|upkeep\n|turn|5\n|inactive|zzzcvbn has 30 seconds left.\n|inactive|LucaSnivy has 30 seconds left.\n|inactive|zzzcvbn has 20 seconds left.\n|\n|t:|1683681156\n|-terastallize|p1b: Dragonite|Normal\n|move|p1b: Dragonite|Extreme Speed|p2b: Gyarados\n|-damage|p2b: Gyarados|0 fnt\n|faint|p2b: Gyarados\n|move|p2a: Teracross|Rock Blast|p1b: Dragonite\n|-damage|p1b: Dragonite|43\/100\n|-damage|p1b: Dragonite|35\/100\n|-damage|p1b: Dragonite|26\/100\n|-damage|p1b: Dragonite|17\/100\n|-hitcount|p1b: Dragonite|4\n|move|p1a: Cyclizar|Shed Tail|p1a: Cyclizar\n|-start|p1a: Cyclizar|Substitute|[from] move: Shed Tail\n|-damage|p1a: Cyclizar|40\/100\n|\n|t:|1683681175\n|switch|p1a: Tatsugiri|Tatsugiri, L50, M, shiny|100\/100|[from] Shed Tail\n|-activate|p1a: Tatsugiri|move: Sticky Web\n|-unboost|p1a: Tatsugiri|spe|1\n|\n|upkeep\n|-message|zzzcvbn forfeited.\n|\n|win|LucaSnivy\n|raw|LucaSnivy's rating: 1022 → 1056<\/strong> (+34 for winning)\n|raw|zzzcvbn's rating: 1000 → 1000<\/strong> (+0 for losing)\n|l|\u2606zzzcvbn\n|l| Peach Pit\n","uploadtime":1683682680,"views":12,"p1id":"lucasnivy","p2id":"zzzcvbn","formatid":"gen9vgc2023regulationc","rating":1000,"private":0,"password":""}