{"id":"gen9vgc2023regulationc-1855588515","p1":"Dragonitekid157","p2":"Brawlicjon","format":"[Gen 9] VGC 2023 Regulation C","log":"|j|\u2606Dragonitekid157\n|j|\u2606Brawlicjon\n|t:|1682964472\n|gametype|doubles\n|player|p1|Dragonitekid157|pokemonbreederf|\n|player|p2|Brawlicjon|169|\n|teamsize|p1|6\n|teamsize|p2|6\n|gen|9\n|tier|[Gen 9] VGC 2023 Regulation C\n|rule|Species Clause: Limit one of each Pok\u00e9mon\n|rule|Item Clause: Limit one of each item\n|clearpoke\n|poke|p1|Salamence, L50, M|\n|poke|p1|Lokix, L50, M|\n|poke|p1|Pelipper, L50, M|\n|poke|p1|Floatzel, L50, M|\n|poke|p1|Breloom, L50, M|\n|poke|p1|Rotom, L50|\n|poke|p2|Maushold-Four, L50|\n|poke|p2|Annihilape, L50, F|\n|poke|p2|Flutter Mane, L50|\n|poke|p2|Amoonguss, L50, M|\n|poke|p2|Tatsugiri, L50, M|\n|poke|p2|Scizor, L50, M|\n|teampreview|4\n|c|\u2606Brawlicjon|ok sorry\n|c|\u2606Brawlicjon|told u i suck at this lmaoo\n|c|\u2606Brawlicjon|im here tho\n|c|\u2606Dragonitekid157|Lol it\u2019s fine\n|\n|t:|1682964510\n|start\n|switch|p1a: Salamence|Salamence, L50, M|100\/100\n|switch|p1b: Lokix|Lokix, L50, M|100\/100\n|switch|p2a: HE HOLDS|Maushold-Four, L50|100\/100\n|switch|p2b: KONG|Annihilape, L50, F|100\/100\n|-ability|p1a: Salamence|Intimidate|boost\n|-unboost|p2a: HE HOLDS|atk|1\n|-unboost|p2b: KONG|atk|1\n|-ability|p2b: KONG|Defiant|boost\n|-boost|p2b: KONG|atk|2\n|turn|1\n|\n|t:|1682964557\n|switch|p1a: Rotom|Rotom, L50|100\/100\n|-terastallize|p2a: HE HOLDS|Ghost\n|move|p1b: Lokix|First Impression|p2a: HE HOLDS\n|-resisted|p2a: HE HOLDS\n|-damage|p2a: HE HOLDS|24\/100\n|move|p2b: KONG|Final Gambit|p1a: Rotom\n|-immune|p1a: Rotom\n|move|p2a: HE HOLDS|Population Bomb|p1b: Lokix\n|-damage|p1b: Lokix|92\/100\n|-damage|p1b: Lokix|83\/100\n|-damage|p1b: Lokix|74\/100\n|-damage|p1b: Lokix|65\/100\n|-damage|p1b: Lokix|56\/100\n|-damage|p1b: Lokix|47\/100\n|-damage|p1b: Lokix|38\/100\n|-damage|p1b: Lokix|29\/100\n|-crit|p1b: Lokix\n|-damage|p1b: Lokix|8\/100\n|-crit|p1b: Lokix\n|-damage|p1b: Lokix|0 fnt\n|faint|p1b: Lokix\n|-hitcount|p1: Lokix|10\n|\n|upkeep\n|\n|t:|1682964566\n|switch|p1b: Breloom|Breloom, L50, M, shiny|100\/100\n|turn|2\n|\n|t:|1682964597\n|move|p2a: HE HOLDS|Protect|p2a: HE HOLDS\n|-singleturn|p2a: HE HOLDS|Protect\n|move|p1b: Breloom|Mach Punch|p2a: HE HOLDS\n|-activate|p2a: HE HOLDS|move: Protect\n|move|p1a: Rotom|Will-O-Wisp|p2b: KONG\n|-status|p2b: KONG|brn\n|move|p2b: KONG|Final Gambit|p1b: Breloom\n|-damage|p1b: Breloom|0 fnt\n|faint|p2b: KONG\n|faint|p1b: Breloom\n|\n|upkeep\n|\n|t:|1682964612\n|switch|p2b: #7 lol|Flutter Mane, L50|100\/100\n|switch|p1b: Salamence|Salamence, L50, M|100\/100\n|-ability|p1b: Salamence|Intimidate|boost\n|-unboost|p2a: HE HOLDS|atk|1\n|-unboost|p2b: #7 lol|atk|1\n|-enditem|p2b: #7 lol|Booster Energy\n|-activate|p2b: #7 lol|ability: Protosynthesis|[fromitem]\n|-start|p2b: #7 lol|protosynthesisspe\n|turn|3\n|\n|t:|1682964657\n|-terastallize|p1b: Salamence|Steel\n|move|p2a: HE HOLDS|Follow Me|p2a: HE HOLDS\n|-singleturn|p2a: HE HOLDS|move: Follow Me\n|move|p2b: #7 lol|Shadow Ball|p1a: Rotom\n|-supereffective|p1a: Rotom\n|-damage|p1a: Rotom|0 fnt\n|faint|p1a: Rotom\n|move|p1b: Salamence|Dragon Dance|p1b: Salamence\n|-boost|p1b: Salamence|atk|1\n|-boost|p1b: Salamence|spe|1\n|\n|upkeep\n|turn|4\n|c|\u2606Brawlicjon|ur mence supposed to be fire lol\n|\n|t:|1682964693\n|move|p2a: HE HOLDS|Follow Me|p2a: HE HOLDS\n|-singleturn|p2a: HE HOLDS|move: Follow Me\n|move|p2b: #7 lol|Shadow Ball|p1b: Salamence\n|-damage|p1b: Salamence|51\/100\n|move|p1b: Salamence|Earthquake|p2b: #7 lol|[spread] p2a,p2b\n|-damage|p2a: HE HOLDS|0 fnt\n|-damage|p2b: #7 lol|57\/100\n|faint|p2a: HE HOLDS\n|\n|upkeep\n|\n|t:|1682964701\n|switch|p2a: Tatsugiri|Tatsugiri, L50, M|100\/100\n|turn|5\n|\n|t:|1682964716\n|move|p1b: Salamence|Protect|p1b: Salamence\n|-singleturn|p1b: Salamence|Protect\n|move|p2b: #7 lol|Shadow Ball|p1b: Salamence\n|-activate|p1b: Salamence|move: Protect\n|move|p2a: Tatsugiri|Muddy Water|p1b: Salamence\n|-activate|p1b: Salamence|move: Protect\n|\n|upkeep\n|turn|6\n|\n|t:|1682964739\n|move|p2b: #7 lol|Shadow Ball|p1b: Salamence\n|-damage|p1b: Salamence|3\/100\n|-unboost|p1b: Salamence|spd|1\n|move|p1b: Salamence|Earthquake|p2b: #7 lol|[spread] p2a,p2b\n|-damage|p2a: Tatsugiri|55\/100\n|-damage|p2b: #7 lol|0 fnt\n|faint|p2b: #7 lol\n|-end|p2b: #7 lol|Protosynthesis|[silent]\n|move|p2a: Tatsugiri|Dragon Pulse|p1b: Salamence\n|-resisted|p1b: Salamence\n|-damage|p1b: Salamence|0 fnt\n|faint|p1b: Salamence\n|\n|win|Brawlicjon\n|c|\u2606Dragonitekid157|Ggs\n|c|\u2606Brawlicjon|gg bro\n|l|\u2606Dragonitekid157\n|c|\u2606Brawlicjon|my son cheated too lmaoo\n","uploadtime":1682964784,"views":22,"p1id":"dragonitekid157","p2id":"brawlicjon","formatid":"gen9vgc2023regulationc","rating":0,"private":0,"password":""}