{"id":"gen9vgc2023regulationc-1860015704","p1":"luisleos","p2":"hddscc","format":"[Gen 9] VGC 2023 Regulation C","log":"|j|\u2606luisleos\n|j|\u2606hddscc\n|t:|1683585374\n|gametype|doubles\n|player|p1|luisleos|266|1000\n|player|p2|hddscc|265|1000\n|teamsize|p1|6\n|teamsize|p2|6\n|gen|9\n|tier|[Gen 9] VGC 2023 Regulation C\n|rated|\n|rule|Species Clause: Limit one of each Pok\u00e9mon\n|rule|Item Clause: Limit one of each item\n|clearpoke\n|poke|p1|Electrode, L50|\n|poke|p1|Gardevoir, L50, F|\n|poke|p1|Farigiraf, L50, M|\n|poke|p1|Ceruledge, L50, M|\n|poke|p1|Iron Hands, L50|\n|poke|p1|Torkoal, L50, M|\n|poke|p2|Flutter Mane, L50|\n|poke|p2|Garganacl, L50, M|\n|poke|p2|Annihilape, L50, M|\n|poke|p2|Palafin, L50, F|\n|poke|p2|Gothitelle, L50, F|\n|poke|p2|Volcarona, L50, M|\n|teampreview|4\n|\n|t:|1683585400\n|start\n|switch|p1a: Gardevoir|Gardevoir, L50, F, shiny|100\/100\n|switch|p1b: Electrode|Electrode, L50, shiny|100\/100\n|switch|p2a: Margot|Gothitelle, L50, F, shiny|100\/100\n|switch|p2b: Palafin|Palafin, L50, F|100\/100\n|turn|1\n|\n|t:|1683585420\n|detailschange|p2b: Palafin|Palafin-Hero, L50, F\n|switch|p2b: Volcarona|Volcarona, L50, M, shiny|100\/100\n|move|p1a: Gardevoir|Helping Hand|p1b: Electrode\n|-singleturn|p1b: Electrode|Helping Hand|[of] p1a: Gardevoir\n|move|p2a: Margot|Fake Out|p1a: Gardevoir\n|-damage|p1a: Gardevoir|93\/100\n|move|p1b: Electrode|Explosion|p2b: Volcarona|[spread] p2a,p2b\n|-activate|p1a: Gardevoir|ability: Telepathy\n|-crit|p2b: Volcarona\n|-damage|p2a: Margot|20\/100\n|-damage|p2b: Volcarona|0 fnt\n|-enditem|p2a: Margot|Sitrus Berry|[eat]\n|-heal|p2a: Margot|45\/100|[from] item: Sitrus Berry\n|faint|p1b: Electrode\n|faint|p2b: Volcarona\n|\n|upkeep\n|\n|t:|1683585438\n|switch|p1b: Ceruledge|Ceruledge, L50, M, shiny|100\/100\n|switch|p2b: Garganacl|Garganacl, L50, M, shiny|100\/100\n|turn|2\n|\n|t:|1683585456\n|-terastallize|p1b: Ceruledge|Grass\n|move|p2a: Margot|Protect|p2a: Margot\n|-singleturn|p2a: Margot|Protect\n|move|p1b: Ceruledge|Bitter Blade|p2b: Garganacl\n|-resisted|p2b: Garganacl\n|-damage|p2b: Garganacl|85\/100\n|move|p1a: Gardevoir|Moonblast|p2b: Garganacl\n|-damage|p2b: Garganacl|43\/100\n|move|p2b: Garganacl|Salt Cure|p1b: Ceruledge\n|-damage|p1b: Ceruledge|82\/100\n|-start|p1b: Ceruledge|Salt Cure\n|\n|-heal|p2b: Garganacl|49\/100|[from] item: Leftovers\n|-damage|p1b: Ceruledge|70\/100|[from] Salt Cure\n|upkeep\n|turn|3\n|\n|t:|1683585485\n|switch|p2a: Palafin|Palafin-Hero, L50, F|100\/100\n|-activate|p2a: Palafin|ability: Zero to Hero\n|move|p2b: Garganacl|Protect|p2b: Garganacl\n|-singleturn|p2b: Garganacl|Protect\n|move|p1b: Ceruledge|Bitter Blade|p2a: Palafin\n|-resisted|p2a: Palafin\n|-crit|p2a: Palafin\n|-damage|p2a: Palafin|67\/100\n|-heal|p1b: Ceruledge|88\/100|[from] drain|[of] p2a: Palafin\n|move|p1a: Gardevoir|Moonblast|p2b: Garganacl\n|-activate|p2b: Garganacl|move: Protect\n|\n|-heal|p2b: Garganacl|55\/100|[from] item: Leftovers\n|-damage|p1b: Ceruledge|76\/100|[from] Salt Cure\n|upkeep\n|turn|4\n|\n|t:|1683585515\n|move|p2a: Palafin|Protect|p2a: Palafin\n|-singleturn|p2a: Palafin|Protect\n|move|p1b: Ceruledge|Shadow Sneak|p2a: Palafin\n|-activate|p2a: Palafin|move: Protect\n|move|p1a: Gardevoir|Moonblast|p2b: Garganacl\n|-damage|p2b: Garganacl|14\/100\n|move|p2b: Garganacl|Recover|p2b: Garganacl\n|-heal|p2b: Garganacl|64\/100\n|\n|-heal|p2b: Garganacl|70\/100|[from] item: Leftovers\n|-damage|p1b: Ceruledge|64\/100|[from] Salt Cure\n|upkeep\n|turn|5\n|\n|t:|1683585538\n|move|p1b: Ceruledge|Shadow Sneak|p2a: Palafin\n|-crit|p2a: Palafin\n|-damage|p2a: Palafin|33\/100\n|move|p2a: Palafin|Wave Crash|p1b: Ceruledge\n|-resisted|p1b: Ceruledge\n|-damage|p1b: Ceruledge|11\/100\n|-damage|p2a: Palafin|17\/100|[from] Recoil\n|move|p1a: Gardevoir|Moonblast|p2a: Palafin\n|-damage|p2a: Palafin|0 fnt\n|faint|p2a: Palafin\n|move|p2b: Garganacl|Salt Cure|p1a: Gardevoir\n|-damage|p1a: Gardevoir|74\/100\n|-start|p1a: Gardevoir|Salt Cure\n|\n|-heal|p2b: Garganacl|75\/100|[from] item: Leftovers\n|-damage|p1b: Ceruledge|0 fnt|[from] Salt Cure\n|faint|p1b: Ceruledge\n|-damage|p1a: Gardevoir|62\/100|[from] Salt Cure\n|upkeep\n|\n|t:|1683585557\n|switch|p2a: Margot|Gothitelle, L50, F, shiny|45\/100\n|switch|p1b: Torkoal|Torkoal, L50, M, shiny|100\/100\n|-weather|SunnyDay|[from] ability: Drought|[of] p1b: Torkoal\n|turn|6\n|\n|t:|1683585573\n|move|p2a: Margot|Fake Out|p1b: Torkoal\n|-damage|p1b: Torkoal|95\/100\n|move|p1a: Gardevoir|Moonblast|p2a: Margot\n|-damage|p2a: Margot|0 fnt\n|faint|p2a: Margot\n|move|p2b: Garganacl|Salt Cure|p1b: Torkoal\n|-supereffective|p1b: Torkoal\n|-damage|p1b: Torkoal|74\/100\n|-start|p1b: Torkoal|Salt Cure\n|cant|p1b: Torkoal|flinch\n|\n|-weather|SunnyDay|[upkeep]\n|-heal|p2b: Garganacl|81\/100|[from] item: Leftovers\n|-damage|p1a: Gardevoir|50\/100|[from] Salt Cure\n|-damage|p1b: Torkoal|62\/100|[from] Salt Cure\n|upkeep\n|-enditem|p1a: Gardevoir|Sitrus Berry|[eat]\n|-heal|p1a: Gardevoir|75\/100|[from] item: Sitrus Berry\n|turn|7\n|\n|t:|1683585598\n|move|p2b: Garganacl|Protect|p2b: Garganacl\n|-singleturn|p2b: Garganacl|Protect\n|move|p1a: Gardevoir|Moonblast|p2b: Garganacl\n|-activate|p2b: Garganacl|move: Protect\n|move|p1b: Torkoal|Earth Power|p2b: Garganacl\n|-activate|p2b: Garganacl|move: Protect\n|\n|-weather|SunnyDay|[upkeep]\n|-heal|p2b: Garganacl|87\/100|[from] item: Leftovers\n|-damage|p1a: Gardevoir|63\/100|[from] Salt Cure\n|-damage|p1b: Torkoal|49\/100|[from] Salt Cure\n|upkeep\n|turn|8\n|\n|t:|1683585615\n|-terastallize|p2b: Garganacl|Poison\n|move|p1a: Gardevoir|Moonblast|p2b: Garganacl\n|-resisted|p2b: Garganacl\n|-damage|p2b: Garganacl|69\/100\n|move|p2b: Garganacl|Recover|p2b: Garganacl\n|-heal|p2b: Garganacl|100\/100\n|move|p1b: Torkoal|Earth Power|p2b: Garganacl\n|-supereffective|p2b: Garganacl\n|-damage|p2b: Garganacl|62\/100\n|-unboost|p2b: Garganacl|spd|1\n|\n|-weather|SunnyDay|[upkeep]\n|-heal|p2b: Garganacl|68\/100|[from] item: Leftovers\n|-damage|p1a: Gardevoir|51\/100|[from] Salt Cure\n|-damage|p1b: Torkoal|37\/100|[from] Salt Cure\n|upkeep\n|turn|9\n|\n|t:|1683585635\n|move|p1a: Gardevoir|Helping Hand|p1b: Torkoal\n|-singleturn|p1b: Torkoal|Helping Hand|[of] p1a: Gardevoir\n|move|p2b: Garganacl|Protect|p2b: Garganacl\n|-singleturn|p2b: Garganacl|Protect\n|move|p1b: Torkoal|Earth Power|p2b: Garganacl\n|-activate|p2b: Garganacl|move: Protect\n|\n|-weather|SunnyDay|[upkeep]\n|-heal|p2b: Garganacl|73\/100|[from] item: Leftovers\n|-damage|p1a: Gardevoir|39\/100|[from] Salt Cure\n|-damage|p1b: Torkoal|24\/100|[from] Salt Cure\n|upkeep\n|turn|10\n|\n|t:|1683585648\n|move|p1a: Gardevoir|Helping Hand|p1b: Torkoal\n|-singleturn|p1b: Torkoal|Helping Hand|[of] p1a: Gardevoir\n|move|p2b: Garganacl|Recover|p2b: Garganacl\n|-heal|p2b: Garganacl|100\/100\n|move|p1b: Torkoal|Earth Power|p2b: Garganacl\n|-supereffective|p2b: Garganacl\n|-damage|p2b: Garganacl|11\/100\n|-unboost|p2b: Garganacl|spd|1\n|\n|-weather|none\n|-heal|p2b: Garganacl|16\/100|[from] item: Leftovers\n|-damage|p1a: Gardevoir|27\/100|[from] Salt Cure\n|-damage|p1b: Torkoal|12\/100|[from] Salt Cure\n|upkeep\n|turn|11\n|\n|t:|1683585665\n|move|p2b: Garganacl|Protect|p2b: Garganacl\n|-singleturn|p2b: Garganacl|Protect\n|move|p1a: Gardevoir|Moonblast|p2b: Garganacl\n|-activate|p2b: Garganacl|move: Protect\n|move|p1b: Torkoal|Earth Power|p2b: Garganacl\n|-activate|p2b: Garganacl|move: Protect\n|\n|-heal|p2b: Garganacl|22\/100|[from] item: Leftovers\n|-damage|p1a: Gardevoir|15\/100|[from] Salt Cure\n|-damage|p1b: Torkoal|0 fnt|[from] Salt Cure\n|faint|p1b: Torkoal\n|upkeep\n|turn|12\n|\n|t:|1683585679\n|move|p1a: Gardevoir|Moonblast|p2b: Garganacl\n|-resisted|p2b: Garganacl\n|-damage|p2b: Garganacl|0 fnt\n|faint|p2b: Garganacl\n|\n|win|luisleos\n|raw|luisleos's rating: 1000 → 1040<\/strong> (+40 for winning)\n|raw|hddscc's rating: 1000 → 1000<\/strong> (+0 for losing)\n|l|\u2606hddscc\n","uploadtime":1683585688,"views":8,"p1id":"luisleos","p2id":"hddscc","formatid":"gen9vgc2023regulationc","rating":1000,"private":0,"password":""}