{"id":"gen9vgc2023regulationc-1847204304","p1":"lbnjhkjhgjvmj","p2":"pokeguillem","format":"[Gen 9] VGC 2023 Regulation C","log":"|j|\u2606lbnjhkjhgjvmj\n|j|\u2606pokeguillem\n|t:|1681927587\n|gametype|doubles\n|player|p1|lbnjhkjhgjvmj|170|1045\n|player|p2|pokeguillem|101|1030\n|teamsize|p1|6\n|teamsize|p2|6\n|gen|9\n|tier|[Gen 9] VGC 2023 Regulation C\n|rated|\n|rule|Species Clause: Limit one of each Pok\u00e9mon\n|rule|Item Clause: Limit one of each item\n|clearpoke\n|poke|p1|Corviknight, L50, F|\n|poke|p1|Garchomp, L50, M|\n|poke|p1|Salazzle, L50, F|\n|poke|p1|Flutter Mane, L50|\n|poke|p1|Wo-Chien, L50|\n|poke|p1|Pachirisu, L50, F|\n|poke|p2|Torkoal, L50, F|\n|poke|p2|Lilligant, L50, F|\n|poke|p2|Chi-Yu, L50|\n|poke|p2|Indeedee-F, L50, F|\n|poke|p2|Hatterene, L50, F|\n|poke|p2|Iron Hands, L50|\n|teampreview|4\n|\n|t:|1681927636\n|start\n|switch|p1a: Garchomp|Garchomp, L50, M|100\/100\n|switch|p1b: Corviknight|Corviknight, L50, F, shiny|100\/100\n|switch|p2a: Torkoal|Torkoal, L50, F|100\/100\n|switch|p2b: Lilligant|Lilligant, L50, F|100\/100\n|-weather|SunnyDay|[from] ability: Drought|[of] p2a: Torkoal\n|turn|1\n|\n|t:|1681927665\n|-terastallize|p1b: Corviknight|Fire\n|move|p2b: Lilligant|After You|p2a: Torkoal\n|-activate|p2a: Torkoal|move: After You\n|move|p2a: Torkoal|Eruption|p1a: Garchomp|[spread] p1a,p1b\n|-resisted|p1a: Garchomp\n|-resisted|p1b: Corviknight\n|-damage|p1a: Garchomp|56\/100\n|-damage|p1b: Corviknight|59\/100\n|move|p1a: Garchomp|Rock Slide|p2a: Torkoal|[spread] p2a,p2b\n|-supereffective|p2a: Torkoal\n|-damage|p2a: Torkoal|69\/100\n|-damage|p2b: Lilligant|70\/100\n|move|p1b: Corviknight|U-turn|p2b: Lilligant\n|-supereffective|p2b: Lilligant\n|-damage|p2b: Lilligant|0 fnt\n|faint|p2b: Lilligant\n|\n|t:|1681927689\n|switch|p1b: Wo-Chien|Wo-Chien, L50|100\/100|[from] U-turn\n|-ability|p1b: Wo-Chien|Tablets of Ruin\n|\n|-weather|SunnyDay|[upkeep]\n|upkeep\n|\n|t:|1681927697\n|switch|p2b: Iron Hands|Iron Hands, L50|100\/100\n|turn|2\n|\n|t:|1681927717\n|move|p2b: Iron Hands|Fake Out|p1a: Garchomp\n|-damage|p1a: Garchomp|44\/100\n|-damage|p2b: Iron Hands|88\/100|[from] ability: Rough Skin|[of] p1a: Garchomp\n|cant|p1a: Garchomp|flinch\n|move|p1b: Wo-Chien|Leech Seed|p2a: Torkoal\n|-start|p2a: Torkoal|move: Leech Seed\n|move|p2a: Torkoal|Flamethrower|p1b: Wo-Chien\n|-supereffective|p1b: Wo-Chien\n|-damage|p1b: Wo-Chien|14\/100\n|\n|-weather|SunnyDay|[upkeep]\n|-heal|p1b: Wo-Chien|20\/100|[from] item: Leftovers\n|-damage|p2a: Torkoal|56\/100|[from] Leech Seed|[of] p1b: Wo-Chien\n|-heal|p1b: Wo-Chien|32\/100|[silent]\n|upkeep\n|turn|3\n|\n|t:|1681927744\n|switch|p1a: Corviknight|Corviknight, L50, F, shiny, tera:Fire|59\/100\n|move|p1b: Wo-Chien|Protect|p1b: Wo-Chien\n|-singleturn|p1b: Wo-Chien|Protect\n|move|p2a: Torkoal|Protect|p2a: Torkoal\n|-singleturn|p2a: Torkoal|Protect\n|move|p2b: Iron Hands|Drain Punch|p1b: Wo-Chien\n|-activate|p1b: Wo-Chien|move: Protect\n|\n|-weather|SunnyDay|[upkeep]\n|-heal|p1b: Wo-Chien|38\/100|[from] item: Leftovers\n|-damage|p2a: Torkoal|44\/100|[from] Leech Seed|[of] p1b: Wo-Chien\n|-heal|p1b: Wo-Chien|50\/100|[silent]\n|upkeep\n|turn|4\n|inactive|Battle timer is ON: inactive players will automatically lose when time's up. (requested by lbnjhkjhgjvmj)\n|inactive|lbnjhkjhgjvmj has 60 seconds left.\n|\n|t:|1681927786\n|switch|p1b: Flutter Mane|Flutter Mane, L50|100\/100\n|-activate|p1b: Flutter Mane|ability: Protosynthesis\n|-start|p1b: Flutter Mane|protosynthesisspa\n|move|p1a: Corviknight|Brave Bird|p2a: Torkoal\n|-damage|p2a: Torkoal|0 fnt\n|faint|p2a: Torkoal\n|-damage|p1a: Corviknight|47\/100|[from] Recoil\n|move|p2b: Iron Hands|Drain Punch|p1b: Flutter Mane\n|-immune|p1b: Flutter Mane\n|\n|-weather|SunnyDay|[upkeep]\n|upkeep\n|\n|t:|1681927798\n|switch|p2a: Chi-Yu|Chi-Yu, L50|100\/100\n|-ability|p2a: Chi-Yu|Beads of Ruin\n|turn|5\n|\n|t:|1681927817\n|-terastallize|p2a: Chi-Yu|Grass\n|move|p1b: Flutter Mane|Dazzling Gleam|p2a: Chi-Yu|[spread] p2a,p2b\n|-supereffective|p2b: Iron Hands\n|-damage|p2a: Chi-Yu|49\/100\n|-damage|p2b: Iron Hands|16\/100\n|-damage|p1b: Flutter Mane|91\/100|[from] item: Life Orb\n|move|p2a: Chi-Yu|Dark Pulse|p1a: Corviknight\n|-damage|p1a: Corviknight|0 fnt\n|faint|p1a: Corviknight\n|move|p2b: Iron Hands|Wild Charge|p1b: Flutter Mane\n|-damage|p1b: Flutter Mane|0 fnt\n|faint|p1b: Flutter Mane\n|-end|p1b: Flutter Mane|Protosynthesis|[silent]\n|-damage|p2b: Iron Hands|3\/100|[from] Recoil\n|\n|-weather|none\n|upkeep\n|\n|t:|1681927833\n|switch|p1b: Garchomp|Garchomp, L50, M|44\/100\n|switch|p1a: Wo-Chien|Wo-Chien, L50|50\/100\n|-ability|p1a: Wo-Chien|Tablets of Ruin\n|turn|6\n|inactive|lbnjhkjhgjvmj has 30 seconds left.\n|inactive|lbnjhkjhgjvmj has 20 seconds left.\n|\n|t:|1681927871\n|move|p1b: Garchomp|Dragon Claw|p2a: Chi-Yu\n|-damage|p2a: Chi-Yu|5\/100\n|-enditem|p2a: Chi-Yu|Wiki Berry|[eat]\n|-heal|p2a: Chi-Yu|38\/100|[from] item: Wiki Berry\n|move|p2a: Chi-Yu|Heat Wave|p1a: Wo-Chien|[spread] p1a,p1b\n|-supereffective|p1a: Wo-Chien\n|-crit|p1a: Wo-Chien\n|-resisted|p1b: Garchomp\n|-damage|p1a: Wo-Chien|0 fnt\n|-damage|p1b: Garchomp|18\/100\n|faint|p1a: Wo-Chien\n|move|p2b: Iron Hands|Drain Punch|p1b: Garchomp\n|-damage|p1b: Garchomp|0 fnt\n|-heal|p2b: Iron Hands|9\/100|[from] drain|[of] p1b: Garchomp\n|-damage|p2b: Iron Hands|0 fnt|[from] ability: Rough Skin|[of] p1b: Garchomp\n|faint|p1b: Garchomp\n|faint|p2b: Iron Hands\n|-end|p2b: Iron Hands|Quark Drive|[silent]\n|\n|win|pokeguillem\n|raw|lbnjhkjhgjvmj's rating: 1045 → 1028<\/strong> (-17 for losing)\n|raw|pokeguillem's rating: 1030 → 1067<\/strong> (+37 for winning)\n|l|\u2606lbnjhkjhgjvmj\n|c|\u2606pokeguillem|gg!\n","uploadtime":1681928403,"views":13,"p1id":"lbnjhkjhgjvmj","p2id":"pokeguillem","formatid":"gen9vgc2023regulationc","rating":1028,"private":0,"password":""}