{"id":"gen9vgc2023regulationc-1860375411","p1":"Trying365","p2":"Ricardo Randorez","format":"[Gen 9] VGC 2023 Regulation C","log":"|j|\u2606Trying365\n|j|\u2606Ricardo Randorez\n|t:|1683638547\n|gametype|doubles\n|player|p1|Trying365|1|1461\n|player|p2|Ricardo Randorez|169|1522\n|teamsize|p1|6\n|teamsize|p2|6\n|gen|9\n|tier|[Gen 9] VGC 2023 Regulation C\n|rated|\n|rule|Species Clause: Limit one of each Pok\u00e9mon\n|rule|Item Clause: Limit one of each item\n|clearpoke\n|poke|p1|Ting-Lu, L50|\n|poke|p1|Arcanine, L50, M|\n|poke|p1|Amoonguss, L50, M|\n|poke|p1|Flutter Mane, L50|\n|poke|p1|Iron Bundle, L50|\n|poke|p1|Annihilape, L50, F|\n|poke|p2|Dondozo, L50, M|\n|poke|p2|Tatsugiri-Droopy, L50, F|\n|poke|p2|Pelipper, L50, F|\n|poke|p2|Drednaw, L50, F|\n|poke|p2|Dragonite, L50, F|\n|poke|p2|Chien-Pao, L50|\n|teampreview|4\n|j| vhruhgkok\n|inactive|Battle timer is ON: inactive players will automatically lose when time's up. (requested by Ricardo Randorez)\n|inactive|Trying365 has 60 seconds left.\n|\n|t:|1683638610\n|start\n|switch|p1a: Annihilape|Annihilape, L50, F|100\/100\n|switch|p1b: Arcanine|Arcanine, L50, M|100\/100\n|switch|p2a: Pelipper|Pelipper, L50, F|100\/100\n|switch|p2b: Drednaw|Drednaw, L50, F|100\/100\n|-ability|p1b: Arcanine|Intimidate|boost\n|-unboost|p2a: Pelipper|atk|1\n|-unboost|p2b: Drednaw|atk|1\n|-weather|RainDance|[from] ability: Drizzle|[of] p2a: Pelipper\n|turn|1\n|\n|t:|1683638630\n|-terastallize|p1b: Arcanine|Flying\n|move|p2b: Drednaw|Rock Slide|p1b: Arcanine|[spread] p1a,p1b\n|-resisted|p1a: Annihilape\n|-supereffective|p1b: Arcanine\n|-damage|p1a: Annihilape|88\/100\n|-damage|p1b: Arcanine|49\/100\n|-enditem|p1b: Arcanine|Sitrus Berry|[eat]\n|-heal|p1b: Arcanine|74\/100|[from] item: Sitrus Berry\n|move|p1b: Arcanine|Will-O-Wisp|p2b: Drednaw\n|-status|p2b: Drednaw|brn\n|cant|p1a: Annihilape|flinch\n|move|p2a: Pelipper|Hurricane|p1a: Annihilape\n|-supereffective|p1a: Annihilape\n|-damage|p1a: Annihilape|14\/100\n|\n|-weather|RainDance|[upkeep]\n|-heal|p1a: Annihilape|21\/100|[from] item: Leftovers\n|-damage|p2b: Drednaw|94\/100 brn|[from] brn\n|upkeep\n|turn|2\n|\n|t:|1683638651\n|move|p1a: Annihilape|Protect|p1a: Annihilape\n|-singleturn|p1a: Annihilape|Protect\n|move|p2b: Drednaw|Rock Slide|p1b: Arcanine|[spread] p1b\n|-activate|p1a: Annihilape|move: Protect\n|-supereffective|p1b: Arcanine\n|-damage|p1b: Arcanine|45\/100\n|move|p1b: Arcanine|Howl|p1b: Arcanine|[spread] p1a,p1b\n|-boost|p1a: Annihilape|atk|1\n|-boost|p1b: Arcanine|atk|1\n|move|p2a: Pelipper|Tailwind|p2a: Pelipper\n|-sidestart|p2: Ricardo Randorez|move: Tailwind\n|\n|-weather|RainDance|[upkeep]\n|-heal|p1a: Annihilape|27\/100|[from] item: Leftovers\n|-damage|p2b: Drednaw|88\/100 brn|[from] brn\n|upkeep\n|turn|3\n|\n|t:|1683638673\n|move|p1b: Arcanine|Extreme Speed|p2a: Pelipper\n|-damage|p2a: Pelipper|65\/100\n|move|p2b: Drednaw|Rock Slide|p1b: Arcanine|[spread] p1a,p1b\n|-resisted|p1a: Annihilape\n|-supereffective|p1b: Arcanine\n|-damage|p1a: Annihilape|21\/100\n|-damage|p1b: Arcanine|17\/100\n|move|p2a: Pelipper|Hurricane|p1a: Annihilape\n|-supereffective|p1a: Annihilape\n|-damage|p1a: Annihilape|0 fnt\n|faint|p1a: Annihilape\n|\n|-weather|RainDance|[upkeep]\n|-damage|p2b: Drednaw|82\/100 brn|[from] brn\n|upkeep\n|\n|t:|1683638684\n|switch|p1a: Iron Bundle|Iron Bundle, L50|100\/100\n|-enditem|p1a: Iron Bundle|Booster Energy\n|-activate|p1a: Iron Bundle|ability: Quark Drive|[fromitem]\n|-start|p1a: Iron Bundle|quarkdrivespe\n|turn|4\n|\n|t:|1683638694\n|move|p1b: Arcanine|Extreme Speed|p2b: Drednaw\n|-resisted|p2b: Drednaw\n|-damage|p2b: Drednaw|62\/100 brn\n|move|p2b: Drednaw|Rock Slide|p1a: Iron Bundle|[spread] p1a\n|-miss|p2b: Drednaw|p1b: Arcanine\n|-supereffective|p1a: Iron Bundle\n|-damage|p1a: Iron Bundle|72\/100\n|cant|p1a: Iron Bundle|flinch\n|move|p2a: Pelipper|Hurricane|p1a: Iron Bundle\n|-damage|p1a: Iron Bundle|0 fnt\n|faint|p1a: Iron Bundle\n|-end|p1a: Iron Bundle|Quark Drive|[silent]\n|\n|-weather|RainDance|[upkeep]\n|-damage|p2b: Drednaw|56\/100 brn|[from] brn\n|upkeep\n|c|\u2606Trying365|Well\n|c|\u2606Trying365|The flinches\n|c|\u2606Trying365|Fucking\n|\n|t:|1683638718\n|switch|p1a: Flutter Mane|Flutter Mane, L50|100\/100\n|turn|5\n|\n|t:|1683638724\n|move|p1a: Flutter Mane|Protect|p1a: Flutter Mane\n|-singleturn|p1a: Flutter Mane|Protect\n|move|p1b: Arcanine|Extreme Speed|p2a: Pelipper\n|-damage|p2a: Pelipper|27\/100\n|move|p2b: Drednaw|Rock Slide|p1b: Arcanine|[spread] \n|-activate|p1a: Flutter Mane|move: Protect\n|-miss|p2b: Drednaw|p1b: Arcanine\n|move|p2a: Pelipper|Hurricane|p1a: Flutter Mane\n|-activate|p1a: Flutter Mane|move: Protect\n|\n|-weather|RainDance|[upkeep]\n|-damage|p2b: Drednaw|50\/100 brn|[from] brn\n|-sideend|p2: Ricardo Randorez|move: Tailwind\n|upkeep\n|turn|6\n|c|\u2606Trying365|Should have addressed it\n|\n|t:|1683638741\n|move|p1b: Arcanine|Extreme Speed|p2a: Pelipper\n|-damage|p2a: Pelipper|0 fnt\n|faint|p2a: Pelipper\n|move|p2b: Drednaw|Rock Slide|p1a: Flutter Mane|[spread] p1a,p1b\n|-supereffective|p1b: Arcanine\n|-damage|p1a: Flutter Mane|66\/100\n|-damage|p1b: Arcanine|0 fnt\n|faint|p1b: Arcanine\n|cant|p1a: Flutter Mane|flinch\n|\n|-weather|RainDance|[upkeep]\n|-damage|p2b: Drednaw|44\/100 brn|[from] brn\n|upkeep\n|c|\u2606Trying365|Hahaha\n|\n|t:|1683638754\n|switch|p2a: Dondozo|Dondozo, L50, M|100\/100\n|turn|7\n|\n|t:|1683638760\n|move|p2a: Dondozo|Protect|p2a: Dondozo\n|-singleturn|p2a: Dondozo|Protect\n|move|p2b: Drednaw|Rock Slide|p1a: Flutter Mane\n|-damage|p1a: Flutter Mane|23\/100\n|move|p1a: Flutter Mane|Shadow Ball|p2b: Drednaw\n|-damage|p2b: Drednaw|0 fnt\n|faint|p2b: Drednaw\n|\n|-weather|RainDance|[upkeep]\n|upkeep\n|c|\u2606Trying365|Gg\n|\n|t:|1683638771\n|switch|p2b: Tatsugiri|Tatsugiri-Droopy, L50, F, shiny|100\/100\n|-activate|p2b: Tatsugiri|ability: Commander|[of] p2a: Dondozo\n|-boost|p2a: Dondozo|atk|2\n|-boost|p2a: Dondozo|spa|2\n|-boost|p2a: Dondozo|spe|2\n|-boost|p2a: Dondozo|def|2\n|-boost|p2a: Dondozo|spd|2\n|turn|8\n|\n|t:|1683638780\n|-terastallize|p2a: Dondozo|Water\n|move|p1a: Flutter Mane|Shadow Ball|p2a: Dondozo\n|-damage|p2a: Dondozo|76\/100\n|move|p2a: Dondozo|Wave Crash|p1a: Flutter Mane\n|-damage|p1a: Flutter Mane|0 fnt\n|faint|p1a: Flutter Mane\n|-end|p1a: Flutter Mane|Protosynthesis|[silent]\n|-damage|p2a: Dondozo|72\/100|[from] Recoil\n|-damage|p2a: Dondozo|62\/100|[from] item: Life Orb\n|\n|win|Ricardo Randorez\n|raw|Trying365's rating: 1461 → 1444<\/strong> (-17 for losing)\n|raw|Ricardo Randorez's rating: 1522 → 1539<\/strong> (+17 for winning)\n|l|\u2606Trying365\n","uploadtime":1683638793,"views":10,"p1id":"trying365","p2id":"ricardorandorez","formatid":"gen9vgc2023regulationc","rating":1444,"private":0,"password":""}