{"id":"gen9vgc2023regulationc-1846694882","p1":"JayVGC YT","p2":"hash brown enjoyer","format":"[Gen 9] VGC 2023 Regulation C","log":"|j|\u2606JayVGC YT\n|j|\u2606hash brown enjoyer\n|t:|1681866835\n|gametype|doubles\n|player|p1|JayVGC YT|102|\n|player|p2|hash brown enjoyer|steven|\n|teamsize|p1|6\n|teamsize|p2|6\n|gen|9\n|tier|[Gen 9] VGC 2023 Regulation C\n|rule|Species Clause: Limit one of each Pok\u00e9mon\n|rule|Item Clause: Limit one of each item\n|clearpoke\n|poke|p1|Maushold-Four, L50|\n|poke|p1|Annihilape, L50, M|\n|poke|p1|Gholdengo, L50|\n|poke|p1|Iron Bundle, L50|\n|poke|p1|Arcanine, L50, M|\n|poke|p1|Roaring Moon, L50|\n|poke|p2|Garchomp, L50, F|\n|poke|p2|Rotom-Wash, L50|\n|poke|p2|Amoonguss, L50, M|\n|poke|p2|Talonflame, L50, F|\n|poke|p2|Flutter Mane, L50|\n|poke|p2|Chien-Pao, L50|\n|teampreview|4\n|c|\u2606JayVGC YT|g2\n|\n|t:|1681867244\n|start\n|switch|p1a: Peaceful Moon|Roaring Moon, L50|100\/100\n|switch|p1b: Pancakes|Maushold-Four, L50|100\/100\n|switch|p2a: Talonflame|Talonflame, L50, F|100\/100\n|switch|p2b: Flutter Mane|Flutter Mane, L50|100\/100\n|-enditem|p1a: Peaceful Moon|Booster Energy\n|-activate|p1a: Peaceful Moon|ability: Protosynthesis|[fromitem]\n|-start|p1a: Peaceful Moon|protosynthesisspe\n|-enditem|p2b: Flutter Mane|Booster Energy\n|-activate|p2b: Flutter Mane|ability: Protosynthesis|[fromitem]\n|-start|p2b: Flutter Mane|protosynthesisspa\n|turn|1\n|\n|t:|1681867301\n|move|p1b: Pancakes|Follow Me|p1b: Pancakes\n|-singleturn|p1b: Pancakes|move: Follow Me\n|move|p2a: Talonflame|Tailwind|p2a: Talonflame\n|-sidestart|p2: hash brown enjoyer|move: Tailwind\n|move|p2b: Flutter Mane|Moonblast|p1b: Pancakes\n|-damage|p1b: Pancakes|38\/100\n|-unboost|p1b: Pancakes|spa|1\n|move|p1a: Peaceful Moon|Throat Chop|p2a: Talonflame\n|-damage|p2a: Talonflame|43\/100\n|\n|upkeep\n|turn|2\n|\n|t:|1681867334\n|switch|p2a: Chien-Pao|Chien-Pao, L50|100\/100\n|-ability|p2a: Chien-Pao|Sword of Ruin\n|-terastallize|p1a: Peaceful Moon|Flying\n|move|p1b: Pancakes|Follow Me|p1b: Pancakes\n|-singleturn|p1b: Pancakes|move: Follow Me\n|move|p2b: Flutter Mane|Moonblast|p1b: Pancakes\n|-damage|p1b: Pancakes|0 fnt\n|faint|p1b: Pancakes\n|move|p1a: Peaceful Moon|Acrobatics|p2b: Flutter Mane\n|-damage|p2b: Flutter Mane|0 fnt\n|faint|p2b: Flutter Mane\n|-end|p2b: Flutter Mane|Protosynthesis|[silent]\n|\n|upkeep\n|\n|t:|1681867348\n|switch|p2b: Garchomp|Garchomp, L50, F|100\/100\n|switch|p1b: \"Incineroar\"|Arcanine, L50, M|100\/100\n|-ability|p1b: \"Incineroar\"|Intimidate|boost\n|-unboost|p2a: Chien-Pao|atk|1\n|-unboost|p2b: Garchomp|atk|1\n|turn|3\n|\n|t:|1681867370\n|-terastallize|p2b: Garchomp|Fire\n|move|p1a: Peaceful Moon|Protect|p1a: Peaceful Moon\n|-singleturn|p1a: Peaceful Moon|Protect\n|move|p2a: Chien-Pao|Ice Spinner|p1a: Peaceful Moon\n|-activate|p1a: Peaceful Moon|move: Protect\n|move|p2b: Garchomp|Rock Slide|p1a: Peaceful Moon|[spread] p1b\n|-activate|p1a: Peaceful Moon|move: Protect\n|-supereffective|p1b: \"Incineroar\"\n|-damage|p1b: \"Incineroar\"|43\/100\n|move|p1b: \"Incineroar\"|Flare Blitz|p2a: Chien-Pao\n|-supereffective|p2a: Chien-Pao\n|-enditem|p2a: Chien-Pao|Focus Sash\n|-damage|p2a: Chien-Pao|1\/100\n|-status|p2a: Chien-Pao|brn\n|-damage|p1b: \"Incineroar\"|17\/100|[from] Recoil\n|\n|-damage|p2a: Chien-Pao|0 fnt|[from] brn\n|faint|p2a: Chien-Pao\n|upkeep\n|\n|t:|1681867388\n|switch|p2a: Talonflame|Talonflame, L50, F|43\/100\n|turn|4\n|\n|t:|1681867409\n|move|p1b: \"Incineroar\"|Extreme Speed|p2a: Talonflame\n|-damage|p2a: Talonflame|10\/100\n|move|p2b: Garchomp|Rock Slide|p1a: Peaceful Moon|[spread] p1a,p1b\n|-supereffective|p1a: Peaceful Moon\n|-supereffective|p1b: \"Incineroar\"\n|-damage|p1a: Peaceful Moon|54\/100\n|-damage|p1b: \"Incineroar\"|0 fnt\n|faint|p1b: \"Incineroar\"\n|move|p2a: Talonflame|Brave Bird|p1a: Peaceful Moon\n|-damage|p1a: Peaceful Moon|9\/100\n|-damage|p2a: Talonflame|0 fnt|[from] Recoil\n|faint|p2a: Talonflame\n|move|p1a: Peaceful Moon|Acrobatics|p2b: Garchomp\n|-damage|p2b: Garchomp|38\/100\n|-damage|p1a: Peaceful Moon|0 fnt|[from] ability: Rough Skin|[of] p2b: Garchomp\n|faint|p1a: Peaceful Moon\n|-end|p1a: Peaceful Moon|Protosynthesis|[silent]\n|\n|-sideend|p2: hash brown enjoyer|move: Tailwind\n|upkeep\n|\n|t:|1681867416\n|switch|p1b: Iron Sack|Iron Bundle, L50|100\/100\n|turn|5\n|\n|t:|1681867421\n|move|p1b: Iron Sack|Hydro Pump|p2b: Garchomp\n|-supereffective|p2b: Garchomp\n|-damage|p2b: Garchomp|0 fnt\n|faint|p2b: Garchomp\n|\n|win|JayVGC YT\n","uploadtime":1681867680,"views":9,"p1id":"jayvgcyt","p2id":"hashbrownenjoyer","formatid":"gen9vgc2023regulationc","rating":0,"private":0,"password":""}