{"id":"gen9vgc2023regulationc-1856496830","p1":"quick222","p2":"Slim Reaper 69","format":"[Gen 9] VGC 2023 Regulation C","log":"|j|\u2606quick222\n|j|\u2606Slim Reaper 69\n|t:|1683068145\n|gametype|doubles\n|player|p1|quick222|cynthia-gen4|\n|player|p2|Slim Reaper 69|rood|\n|teamsize|p1|6\n|teamsize|p2|6\n|gen|9\n|tier|[Gen 9] VGC 2023 Regulation C\n|rule|Species Clause: Limit one of each Pok\u00e9mon\n|rule|Item Clause: Limit one of each item\n|clearpoke\n|poke|p1|Great Tusk, L50|\n|poke|p1|Iron Jugulis, L50|\n|poke|p1|Slither Wing, L50|\n|poke|p1|Iron Thorns, L50|\n|poke|p1|Chien-Pao, L50|\n|poke|p1|Arcanine, L50, F|\n|poke|p2|Pelipper, L50, M|\n|poke|p2|Palafin, L50, F|\n|poke|p2|Azumarill, L50, F|\n|poke|p2|Barraskewda, L50, M|\n|poke|p2|Dondozo, L50, M|\n|poke|p2|Tatsugiri-Stretchy, L50, F|\n|teampreview|4\n|c|\u2606quick222|glhf!\n|c|\u2606Slim Reaper 69|u2! Can you grab link?\n|c|\u2606quick222|yup done\n|j| Nightfront\n|c| Nightfront|Talk about aggressive HO\n|l| Nightfront\n|\n|t:|1683068272\n|start\n|switch|p1a: Iron Jugulis|Iron Jugulis, L50|100\/100\n|switch|p1b: Slither Wing|Slither Wing, L50|100\/100\n|switch|p2a: Barraskewda|Barraskewda, L50, M|100\/100\n|switch|p2b: Palafin|Palafin, L50, F|100\/100\n|-enditem|p1a: Iron Jugulis|Booster Energy\n|-activate|p1a: Iron Jugulis|ability: Quark Drive|[fromitem]\n|-start|p1a: Iron Jugulis|quarkdrivespe\n|turn|1\n|j| Nightfront\n|c|\u2606Slim Reaper 69|u know no tera right?\n|c|\u2606quick222|yup\n|\n|t:|1683068301\n|detailschange|p2b: Palafin|Palafin-Hero, L50, F\n|switch|p2b: Pelipper|Pelipper, L50, M|100\/100\n|-weather|RainDance|[from] ability: Drizzle|[of] p2b: Pelipper\n|move|p1b: Slither Wing|First Impression|p2a: Barraskewda\n|-damage|p2a: Barraskewda|0 fnt\n|faint|p2a: Barraskewda\n|-damage|p1b: Slither Wing|91\/100|[from] item: Life Orb\n|move|p1a: Iron Jugulis|Tailwind|p1a: Iron Jugulis\n|-sidestart|p1: quick222|move: Tailwind\n|\n|-weather|RainDance|[upkeep]\n|upkeep\n|\n|t:|1683068313\n|switch|p2a: Palafin|Palafin-Hero, L50, F|100\/100\n|-activate|p2a: Palafin|ability: Zero to Hero\n|turn|2\n|\n|t:|1683068373\n|-end|p1b: Slither Wing|Protosynthesis|[silent]\n|switch|p1b: Arcanine|Arcanine, L50, F|100\/100\n|-ability|p1b: Arcanine|Intimidate|boost\n|-unboost|p2a: Palafin|atk|1\n|-unboost|p2b: Pelipper|atk|1\n|move|p2a: Palafin|Protect|p2a: Palafin\n|-singleturn|p2a: Palafin|Protect\n|move|p1a: Iron Jugulis|Hurricane|p2a: Palafin\n|-activate|p2a: Palafin|move: Protect\n|move|p2b: Pelipper|Hurricane|p1b: Arcanine\n|-damage|p1b: Arcanine|38\/100\n|\n|-weather|RainDance|[upkeep]\n|upkeep\n|turn|3\n|\n|t:|1683068395\n|switch|p2a: Azumarill|Azumarill, L50, F|100\/100\n|move|p1a: Iron Jugulis|Hurricane|p2a: Azumarill\n|-damage|p2a: Azumarill|48\/100\n|move|p1b: Arcanine|Wild Charge|p2a: Azumarill\n|-supereffective|p2a: Azumarill\n|-damage|p2a: Azumarill|0 fnt\n|faint|p2a: Azumarill\n|-damage|p1b: Arcanine|24\/100|[from] Recoil\n|move|p2b: Pelipper|Hurricane|p1b: Arcanine\n|-damage|p1b: Arcanine|0 fnt\n|faint|p1b: Arcanine\n|\n|-weather|RainDance|[upkeep]\n|upkeep\n|\n|t:|1683068413\n|switch|p1b: Chien-Pao|Chien-Pao, L50|100\/100\n|switch|p2a: Palafin|Palafin-Hero, L50, F|100\/100\n|-ability|p1b: Chien-Pao|Sword of Ruin\n|turn|4\n|\n|t:|1683068423\n|move|p2a: Palafin|Protect|p2a: Palafin\n|-singleturn|p2a: Palafin|Protect\n|move|p1a: Iron Jugulis|Hurricane|p2b: Pelipper\n|-damage|p2b: Pelipper|14\/100\n|move|p1b: Chien-Pao|Crunch|p2b: Pelipper\n|-damage|p2b: Pelipper|0 fnt\n|faint|p2b: Pelipper\n|\n|-weather|RainDance|[upkeep]\n|-sideend|p1: quick222|move: Tailwind\n|upkeep\n|turn|5\n|\n|t:|1683068434\n|-terastallize|p2a: Palafin|Water\n|move|p1a: Iron Jugulis|Hurricane|p2a: Palafin\n|-damage|p2a: Palafin|48\/100\n|-start|p2a: Palafin|confusion\n|move|p1b: Chien-Pao|Crunch|p2a: Palafin\n|-damage|p2a: Palafin|0 fnt\n|faint|p2a: Palafin\n|\n|win|quick222\n|c|\u2606Slim Reaper 69|sheeeit\n|c|\u2606quick222|dang\n|c|\u2606quick222|gg\n|c|\u2606Slim Reaper 69|gg!\n","uploadtime":1683068445,"views":9,"p1id":"quick222","p2id":"slimreaper69","formatid":"gen9vgc2023regulationc","rating":0,"private":0,"password":""}