{"id":"gen9vgc2023regulationc-1854146270","p1":"Scyth3z","p2":"playroughbulu","format":"[Gen 9] VGC 2023 Regulation C","log":"|j|\u2606Scyth3z\n|j|\u2606playroughbulu\n|t:|1682776183\n|gametype|doubles\n|player|p1|Scyth3z|grimsley-gen7|1166\n|player|p2|playroughbulu|fantina|1257\n|teamsize|p1|6\n|teamsize|p2|6\n|gen|9\n|tier|[Gen 9] VGC 2023 Regulation C\n|rated|\n|rule|Species Clause: Limit one of each Pok\u00e9mon\n|rule|Item Clause: Limit one of each item\n|clearpoke\n|poke|p1|Palafin, L50, F|\n|poke|p1|Chien-Pao, L50|\n|poke|p1|Dragapult, L50, M|\n|poke|p1|Amoonguss, L50, M|\n|poke|p1|Arcanine, L50, F|\n|poke|p1|Flutter Mane, L50|\n|poke|p2|Iron Bundle, L50|\n|poke|p2|Farigiraf, L50, M|\n|poke|p2|Talonflame, L50, F|\n|poke|p2|Wo-Chien, L50|\n|poke|p2|Chi-Yu, L50|\n|poke|p2|Flutter Mane, L50|\n|teampreview|4\nplayroughbulu has agreed to open team sheets.\n|inactive|Battle timer is ON: inactive players will automatically lose when time's up. (requested by Scyth3z)\n|inactive|Scyth3z has 60 seconds left.\n|inactive|playroughbulu has 60 seconds left.\n|inactive|playroughbulu has 30 seconds left.\n|\n|t:|1682776253\n|start\n|switch|p1a: BungLao|Amoonguss, L50, M|100\/100\n|switch|p1b: MVP|Dragapult, L50, M|100\/100\n|switch|p2a: Talonflame|Talonflame, L50, F|100\/100\n|switch|p2b: Chi-Yu|Chi-Yu, L50|100\/100\n|-ability|p2b: Chi-Yu|Beads of Ruin\n|turn|1\n|\n|t:|1682776277\n|-terastallize|p2b: Chi-Yu|Grass\n|move|p1a: BungLao|Rage Powder|p1a: BungLao\n|-singleturn|p1a: BungLao|move: Rage Powder\n|move|p1b: MVP|U-turn|p2b: Chi-Yu\n|-supereffective|p2b: Chi-Yu\n|-damage|p2b: Chi-Yu|16\/100\n|\n|t:|1682776285\n|switch|p1b: Nifilap|Palafin, L50, F, shiny|100\/100|[from] U-turn\n|move|p2a: Talonflame|Will-O-Wisp|p1a: BungLao\n|-status|p1a: BungLao|brn\n|move|p2b: Chi-Yu|Heat Wave|p1a: BungLao|[spread] p1a,p1b\n|-supereffective|p1a: BungLao\n|-resisted|p1b: Nifilap\n|-damage|p1a: BungLao|0 fnt\n|-damage|p1b: Nifilap|60\/100\n|faint|p1a: BungLao\n|\n|upkeep\n|\n|t:|1682776290\n|switch|p1a: Woof|Arcanine, L50, F|100\/100\n|-ability|p1a: Woof|Intimidate|boost\n|-unboost|p2a: Talonflame|atk|1\n|-unboost|p2b: Chi-Yu|atk|1\n|turn|2\n|\n|t:|1682776306\n|detailschange|p1b: Nifilap|Palafin-Hero, L50, F, shiny\n|switch|p1b: MVP|Dragapult, L50, M|100\/100\n|move|p2a: Talonflame|Quick Guard|p2a: Talonflame\n|-singleturn|p2a: Talonflame|Quick Guard\n|move|p1a: Woof|Extreme Speed|p2b: Chi-Yu\n|-activate|p2b: Chi-Yu|move: Quick Guard\n|move|p2b: Chi-Yu|Heat Wave|p1a: Woof|[spread] p1a\n|-miss|p2b: Chi-Yu|p1b: MVP\n|-resisted|p1a: Woof\n|-damage|p1a: Woof|65\/100\n|\n|upkeep\n|turn|3\n|\n|t:|1682776319\n|move|p1a: Woof|Protect|p1a: Woof\n|-singleturn|p1a: Woof|Protect\n|move|p2a: Talonflame|Tailwind|p2a: Talonflame\n|-sidestart|p2: playroughbulu|move: Tailwind\n|move|p2b: Chi-Yu|Heat Wave|p1b: MVP|[spread] p1b\n|-activate|p1a: Woof|move: Protect\n|-resisted|p1b: MVP\n|-damage|p1b: MVP|55\/100\n|move|p1b: MVP|Dragon Darts|p2b: Chi-Yu\n|-damage|p2b: Chi-Yu|0 fnt\n|-anim|p1b: MVP|Dragon Darts|p2a: Talonflame\n|-damage|p2a: Talonflame|50\/100\n|faint|p2b: Chi-Yu\n|\n|upkeep\n|inactive|playroughbulu has 30 seconds left.\n|\n|t:|1682776344\n|switch|p2b: Iron Bundle|Iron Bundle, L50|100\/100\n|turn|4\n|\n|t:|1682776360\n|-terastallize|p1b: MVP|Steel\n|move|p1a: Woof|Extreme Speed|p2a: Talonflame\n|-damage|p2a: Talonflame|21\/100\n|move|p2b: Iron Bundle|Hydro Pump|p1a: Woof\n|-supereffective|p1a: Woof\n|-damage|p1a: Woof|0 fnt\n|faint|p1a: Woof\n|move|p2a: Talonflame|Will-O-Wisp|p1b: MVP\n|-status|p1b: MVP|brn\n|move|p1b: MVP|Dragon Darts|p2a: Talonflame\n|-damage|p2a: Talonflame|0 fnt\n|-anim|p1b: MVP|Dragon Darts|p2b: Iron Bundle\n|-damage|p2b: Iron Bundle|78\/100\n|faint|p2a: Talonflame\n|\n|-damage|p1b: MVP|49\/100 brn|[from] brn\n|upkeep\n|\n|t:|1682776373\n|switch|p2a: Wo-Chien|Wo-Chien, L50|100\/100\n|switch|p1a: Nifilap|Palafin-Hero, L50, F, shiny|60\/100\n|-ability|p2a: Wo-Chien|Tablets of Ruin\n|-activate|p1a: Nifilap|ability: Zero to Hero\n|turn|5\n|\n|t:|1682776388\n|move|p2b: Iron Bundle|Protect|p2b: Iron Bundle\n|-singleturn|p2b: Iron Bundle|Protect\n|move|p2a: Wo-Chien|Protect|p2a: Wo-Chien\n|-singleturn|p2a: Wo-Chien|Protect\n|move|p1b: MVP|Dragon Darts|p2b: Iron Bundle\n|-activate|p2a: Wo-Chien|move: Protect\n|move|p1a: Nifilap|Wave Crash|p2b: Iron Bundle\n|-activate|p2b: Iron Bundle|move: Protect\n|\n|-damage|p1b: MVP|43\/100 brn|[from] brn\n|upkeep\n|turn|6\n|\n|t:|1682776401\n|move|p2b: Iron Bundle|Freeze-Dry|p1a: Nifilap\n|-supereffective|p1a: Nifilap\n|-damage|p1a: Nifilap|0 fnt\n|faint|p1a: Nifilap\n|move|p1b: MVP|Dragon Darts|p2b: Iron Bundle\n|-damage|p2b: Iron Bundle|60\/100\n|-anim|p1b: MVP|Dragon Darts|p2a: Wo-Chien\n|-damage|p2a: Wo-Chien|90\/100\n|move|p2a: Wo-Chien|Leech Seed|p1b: MVP\n|-start|p1b: MVP|move: Leech Seed\n|\n|-heal|p2a: Wo-Chien|96\/100|[from] item: Leftovers\n|-damage|p1b: MVP|31\/100 brn|[from] Leech Seed|[of] p2a: Wo-Chien\n|-heal|p2a: Wo-Chien|100\/100|[silent]\n|-damage|p1b: MVP|25\/100 brn|[from] brn\n|-sideend|p2: playroughbulu|move: Tailwind\n|upkeep\n|turn|7\n|-message|Scyth3z forfeited.\n|\n|win|playroughbulu\n|raw|Scyth3z's rating: 1166 → 1147<\/strong> (-19 for losing)\n|raw|playroughbulu's rating: 1257 → 1276<\/strong> (+19 for winning)\n|l|\u2606Scyth3z\n","uploadtime":1682776423,"views":27,"p1id":"scyth3z","p2id":"playroughbulu","formatid":"gen9vgc2023regulationc","rating":1147,"private":0,"password":""}