{"id":"gen9vgc2023regulationc-1860883211","p1":"RonJohn","p2":"Audiomedix","format":"[Gen 9] VGC 2023 Regulation C","log":"|j|\u2606RonJohn\n|j|\u2606Audiomedix\n|t:|1683690094\n|gametype|doubles\n|player|p1|RonJohn|169|1246\n|player|p2|Audiomedix|2|1318\n|teamsize|p1|6\n|teamsize|p2|6\n|gen|9\n|tier|[Gen 9] VGC 2023 Regulation C\n|rated|\n|rule|Species Clause: Limit one of each Pok\u00e9mon\n|rule|Item Clause: Limit one of each item\n|clearpoke\n|poke|p1|Flutter Mane, L50|\n|poke|p1|Orthworm, L50, M|\n|poke|p1|Dragonite, L50, F|\n|poke|p1|Amoonguss, L50, F|\n|poke|p1|Gyarados, L50, F|\n|poke|p1|Ting-Lu, L50|\n|poke|p2|Ting-Lu, L50|\n|poke|p2|Dragonite, L50, M|\n|poke|p2|Dondozo, L50, F|\n|poke|p2|Chien-Pao, L50|\n|poke|p2|Tatsugiri-Stretchy, L50, F|\n|poke|p2|Glimmora, L50, M|\n|teampreview|4\n|inactive|Battle timer is ON: inactive players will automatically lose when time's up. (requested by Audiomedix)\n|c|\u2606Audiomedix|Gl hf\nAudiomedix rejected open team sheets.\n|\n|t:|1683690132\n|start\n|switch|p1a: Ting-Lu|Ting-Lu, L50|100\/100\n|switch|p1b: Gyarados|Gyarados, L50, F|100\/100\n|switch|p2a: Dondozo|Dondozo, L50, F|100\/100\n|switch|p2b: Ting-Lu|Ting-Lu, L50|100\/100\n|-ability|p1b: Gyarados|Intimidate|boost\n|-unboost|p2a: Dondozo|atk|1\n|-unboost|p2b: Ting-Lu|atk|1\n|-ability|p1a: Ting-Lu|Vessel of Ruin\n|-ability|p2b: Ting-Lu|Vessel of Ruin\n|turn|1\n|c|\u2606RonJohn|glhf!\n|inactive|RonJohn has 30 seconds left.\n|inactive|Audiomedix has 30 seconds left.\n|inactive|RonJohn has 20 seconds left.\n|inactive|RonJohn has 15 seconds left.\n|inactive|RonJohn has 10 seconds left.\n|\n|t:|1683690178\n|switch|p1a: Amoonguss|Amoonguss, L50, F|100\/100\n|move|p2a: Dondozo|Protect|p2a: Dondozo\n|-singleturn|p2a: Dondozo|Protect\n|move|p1b: Gyarados|Thunder Wave|p2a: Dondozo\n|-activate|p2a: Dondozo|move: Protect\n|move|p2b: Ting-Lu|Taunt|p1b: Gyarados\n|-start|p1b: Gyarados|move: Taunt\n|\n|upkeep\n|turn|2\n|inactive|RonJohn has 30 seconds left.\n|inactive|Audiomedix has 30 seconds left.\n|inactive|RonJohn has 20 seconds left.\n|inactive|Audiomedix has 20 seconds left.\n|inactive|Audiomedix has 15 seconds left.\n|\n|t:|1683690221\n|switch|p1b: Flutter Mane|Flutter Mane, L50|100\/100\n|move|p2a: Dondozo|Yawn|p1b: Flutter Mane\n|-start|p1b: Flutter Mane|move: Yawn|[of] p2a: Dondozo\n|move|p2b: Ting-Lu|Taunt|p1a: Amoonguss\n|-start|p1a: Amoonguss|move: Taunt\n|move|p1a: Amoonguss|Pollen Puff|p1b: Flutter Mane\n|-immune|p1b: Flutter Mane\n|\n|upkeep\n|turn|3\n|inactive|RonJohn has 30 seconds left.\n|inactive|Audiomedix has 30 seconds left.\n|inactive|Audiomedix has 20 seconds left.\n|\n|t:|1683690257\n|move|p1b: Flutter Mane|Thunderbolt|p2a: Dondozo\n|-supereffective|p2a: Dondozo\n|-damage|p2a: Dondozo|42\/100\n|move|p2a: Dondozo|Yawn|p1a: Amoonguss\n|-start|p1a: Amoonguss|move: Yawn|[of] p2a: Dondozo\n|move|p2b: Ting-Lu|Stealth Rock|p1a: Amoonguss\n|-sidestart|p1: RonJohn|move: Stealth Rock\n|move|p1a: Amoonguss|Clear Smog|p2a: Dondozo\n|-damage|p2a: Dondozo|32\/100\n|-clearboost|p2a: Dondozo\n|\n|-heal|p2a: Dondozo|38\/100|[from] item: Leftovers\n|-end|p1b: Flutter Mane|move: Yawn|[silent]\n|-status|p1b: Flutter Mane|slp\n|upkeep\n|turn|4\n|inactive|RonJohn has 30 seconds left.\n|inactive|Audiomedix has 30 seconds left.\n|inactive|RonJohn has 20 seconds left.\n|\n|t:|1683690292\n|-end|p1b: Flutter Mane|Protosynthesis|[silent]\n|switch|p1b: Gyarados|Gyarados, L50, F|100\/100\n|-damage|p1b: Gyarados|76\/100|[from] Stealth Rock\n|-ability|p1b: Gyarados|Intimidate|boost\n|-unboost|p2a: Dondozo|atk|1\n|-unboost|p2b: Ting-Lu|atk|1\n|move|p2a: Dondozo|Wave Crash|p1b: Gyarados\n|-resisted|p1b: Gyarados\n|-damage|p1b: Gyarados|60\/100\n|-damage|p2a: Dondozo|33\/100|[from] Recoil\n|move|p2b: Ting-Lu|Ruination|p1a: Amoonguss\n|-damage|p1a: Amoonguss|51\/100\n|move|p1a: Amoonguss|Clear Smog|p2a: Dondozo\n|-damage|p2a: Dondozo|24\/100\n|-clearboost|p2a: Dondozo\n|\n|-heal|p2a: Dondozo|30\/100|[from] item: Leftovers\n|-end|p1a: Amoonguss|move: Taunt\n|-end|p1a: Amoonguss|move: Yawn|[silent]\n|-status|p1a: Amoonguss|slp\n|upkeep\n|turn|5\n|inactive|RonJohn has 30 seconds left.\n|inactive|Audiomedix has 30 seconds left.\n|inactive|RonJohn has 20 seconds left.\n|inactive|RonJohn has 15 seconds left.\n|inactive|RonJohn has 10 seconds left.\n|\n|t:|1683690342\n|move|p2a: Dondozo|Protect|p2a: Dondozo\n|-singleturn|p2a: Dondozo|Protect\n|move|p1b: Gyarados|Taunt|p2b: Ting-Lu\n|-start|p2b: Ting-Lu|move: Taunt\n|cant|p2b: Ting-Lu|move: Taunt|Taunt\n|cant|p1a: Amoonguss|slp\n|\n|-heal|p2a: Dondozo|36\/100|[from] item: Leftovers\n|upkeep\n|turn|6\n|inactive|RonJohn has 30 seconds left.\n|\n|t:|1683690368\n|move|p1b: Gyarados|Thunder Wave|p2a: Dondozo\n|-status|p2a: Dondozo|par\n|move|p2b: Ting-Lu|Ruination|p1b: Gyarados\n|-damage|p1b: Gyarados|30\/100\n|cant|p1a: Amoonguss|slp\n|cant|p2a: Dondozo|par\n|\n|-heal|p2a: Dondozo|42\/100 par|[from] item: Leftovers\n|upkeep\n|turn|7\n|\n|t:|1683690390\n|move|p1b: Gyarados|Waterfall|p2b: Ting-Lu\n|-supereffective|p2b: Ting-Lu\n|-crit|p2b: Ting-Lu\n|-damage|p2b: Ting-Lu|42\/100\n|move|p2b: Ting-Lu|Ruination|p1b: Gyarados\n|-damage|p1b: Gyarados|15\/100\n|-curestatus|p1a: Amoonguss|slp|[msg]\n|move|p1a: Amoonguss|Pollen Puff|p1b: Gyarados\n|-heal|p1b: Gyarados|65\/100\n|move|p2a: Dondozo|Yawn|p1b: Gyarados\n|-start|p1b: Gyarados|move: Yawn|[of] p2a: Dondozo\n|\n|-heal|p2a: Dondozo|49\/100 par|[from] item: Leftovers\n|-end|p2b: Ting-Lu|move: Taunt\n|upkeep\n|turn|8\n|inactive|RonJohn has 30 seconds left.\n|inactive|Audiomedix has 30 seconds left.\n|inactive|RonJohn has 20 seconds left.\n|inactive|Audiomedix has 20 seconds left.\n|inactive|RonJohn has 15 seconds left.\n|inactive|RonJohn has 10 seconds left.\n|\n|t:|1683690437\n|move|p1b: Gyarados|Taunt|p2b: Ting-Lu\n|-start|p2b: Ting-Lu|move: Taunt\n|move|p2b: Ting-Lu|Earthquake|p1a: Amoonguss|[spread] p2a,p1a\n|-immune|p1b: Gyarados\n|-damage|p2a: Dondozo|30\/100 par\n|-damage|p1a: Amoonguss|40\/100\n|-enditem|p1a: Amoonguss|Sitrus Berry|[eat]\n|-heal|p1a: Amoonguss|65\/100|[from] item: Sitrus Berry\n|move|p1a: Amoonguss|Pollen Puff|p1b: Gyarados\n|-heal|p1b: Gyarados|100\/100\n|move|p2a: Dondozo|Wave Crash|p1a: Amoonguss\n|-resisted|p1a: Amoonguss\n|-damage|p1a: Amoonguss|46\/100\n|-damage|p2a: Dondozo|24\/100 par|[from] Recoil\n|\n|-heal|p2a: Dondozo|30\/100 par|[from] item: Leftovers\n|-end|p1b: Gyarados|move: Yawn|[silent]\n|-status|p1b: Gyarados|slp\n|upkeep\n|turn|9\n|inactive|RonJohn has 30 seconds left.\n|inactive|RonJohn has 20 seconds left.\n|\n|t:|1683690473\n|cant|p1b: Gyarados|slp\n|move|p2b: Ting-Lu|Ruination|p1b: Gyarados|[miss]\n|-miss|p2b: Ting-Lu|p1b: Gyarados\n|move|p1a: Amoonguss|Pollen Puff|p1b: Gyarados\n|-immune|p1b: Gyarados\n|move|p2a: Dondozo|Yawn|p1a: Amoonguss\n|-start|p1a: Amoonguss|move: Yawn|[of] p2a: Dondozo\n|\n|-heal|p2a: Dondozo|36\/100 par|[from] item: Leftovers\n|upkeep\n|turn|10\n|\n|t:|1683690496\n|switch|p1a: Flutter Mane|Flutter Mane, L50|100\/100 slp\n|-damage|p1a: Flutter Mane|88\/100 slp|[from] Stealth Rock\n|cant|p1b: Gyarados|slp\n|move|p2b: Ting-Lu|Ruination|p1b: Gyarados\n|-damage|p1b: Gyarados|50\/100 slp\n|move|p2a: Dondozo|Wave Crash|p1b: Gyarados\n|-resisted|p1b: Gyarados\n|-damage|p1b: Gyarados|27\/100 slp\n|-damage|p2a: Dondozo|29\/100 par|[from] Recoil\n|\n|-heal|p2a: Dondozo|35\/100 par|[from] item: Leftovers\n|-end|p2b: Ting-Lu|move: Taunt\n|upkeep\n|turn|11\n|\n|t:|1683690517\n|cant|p1a: Flutter Mane|slp\n|-curestatus|p1b: Gyarados|slp|[msg]\n|move|p1b: Gyarados|Waterfall|p2b: Ting-Lu\n|-supereffective|p2b: Ting-Lu\n|-damage|p2b: Ting-Lu|4\/100\n|-enditem|p2b: Ting-Lu|Iapapa Berry|[eat]\n|-heal|p2b: Ting-Lu|37\/100|[from] item: Iapapa Berry\n|move|p2b: Ting-Lu|Ruination|p1a: Flutter Mane\n|-damage|p1a: Flutter Mane|44\/100 slp\n|move|p2a: Dondozo|Wave Crash|p1a: Flutter Mane\n|-damage|p1a: Flutter Mane|0 fnt\n|faint|p1a: Flutter Mane\n|-end|p1a: Flutter Mane|Protosynthesis|[silent]\n|-damage|p2a: Dondozo|27\/100 par|[from] Recoil\n|\n|-heal|p2a: Dondozo|33\/100 par|[from] item: Leftovers\n|upkeep\n|\n|t:|1683690534\n|switch|p1a: Amoonguss|Amoonguss, L50, F|79\/100\n|-damage|p1a: Amoonguss|67\/100|[from] Stealth Rock\n|turn|12\n|\n|t:|1683690548\n|move|p1b: Gyarados|Taunt|p2b: Ting-Lu\n|-start|p2b: Ting-Lu|move: Taunt\n|cant|p2b: Ting-Lu|move: Taunt|Taunt\n|move|p1a: Amoonguss|Pollen Puff|p1b: Gyarados\n|-heal|p1b: Gyarados|77\/100\n|move|p2a: Dondozo|Yawn|p1b: Gyarados\n|-start|p1b: Gyarados|move: Yawn|[of] p2a: Dondozo\n|\n|-heal|p2a: Dondozo|39\/100 par|[from] item: Leftovers\n|upkeep\n|turn|13\n|inactive|RonJohn has 30 seconds left.\n|inactive|RonJohn has 20 seconds left.\n|\n|t:|1683690580\n|switch|p1b: Ting-Lu|Ting-Lu, L50|100\/100\n|-damage|p1b: Ting-Lu|95\/100|[from] Stealth Rock\n|-ability|p1b: Ting-Lu|Vessel of Ruin\n|move|p2a: Dondozo|Protect|p2a: Dondozo\n|-singleturn|p2a: Dondozo|Protect\n|move|p2b: Ting-Lu|Ruination|p1a: Amoonguss\n|-damage|p1a: Amoonguss|34\/100\n|move|p1a: Amoonguss|Spore|p2b: Ting-Lu\n|-status|p2b: Ting-Lu|slp|[from] move: Spore\n|\n|-heal|p2a: Dondozo|45\/100 par|[from] item: Leftovers\n|upkeep\n|turn|14\n|inactive|RonJohn has 20 seconds left this turn.\n|inactive|RonJohn has 15 seconds left.\n|inactive|RonJohn has 10 seconds left.\n|inactive|RonJohn has 5 seconds left.\n|-message|RonJohn lost due to inactivity.\n|\n|win|Audiomedix\n|raw|RonJohn's rating: 1246 → 1226<\/strong> (-20 for losing)\n|raw|Audiomedix's rating: 1318 → 1334<\/strong> (+16 for winning)\n|c|\u2606Audiomedix|Gg\n","uploadtime":1683690633,"views":20,"p1id":"ronjohn","p2id":"audiomedix","formatid":"gen9vgc2023regulationc","rating":1226,"private":0,"password":""}