{"id":"gen9vgc2023regulationc-1862352460","p1":"yohjek","p2":"yy20041025","format":"[Gen 9] VGC 2023 Regulation C","log":"|j|\u2606yohjek\n|j|\u2606yy20041025\n|t:|1683871306\n|gametype|doubles\n|player|p1|yohjek|maylene|1137\n|player|p2|yy20041025|lyra|1042\n|teamsize|p1|6\n|teamsize|p2|6\n|gen|9\n|tier|[Gen 9] VGC 2023 Regulation C\n|rated|\n|rule|Species Clause: Limit one of each Pok\u00e9mon\n|rule|Item Clause: Limit one of each item\n|clearpoke\n|poke|p1|Baxcalibur, L50, M|\n|poke|p1|Volcarona, L50, M|\n|poke|p1|Glimmora, L50, M|\n|poke|p1|Great Tusk, L50|\n|poke|p1|Flutter Mane, L50|\n|poke|p1|Gholdengo, L50|\n|poke|p2|Annihilape, L50, M|\n|poke|p2|Maushold-Four, L50|\n|poke|p2|Arcanine, L50, M|\n|poke|p2|Amoonguss, L50, M|\n|poke|p2|Ting-Lu, L50|\n|poke|p2|Flutter Mane, L50|\n|teampreview|4\n|\n|t:|1683871355\n|start\n|switch|p1a: Great Tusk|Great Tusk, L50|100\/100\n|switch|p1b: Glimmora|Glimmora, L50, M|100\/100\n|switch|p2a: Maushold|Maushold-Four, L50, shiny|100\/100\n|switch|p2b: Annihilape|Annihilape, L50, M, shiny|100\/100\n|turn|1\n|\n|t:|1683871383\n|switch|p2a: Arcanine|Arcanine, L50, M, shiny|100\/100\n|-ability|p2a: Arcanine|Intimidate|boost\n|-unboost|p1a: Great Tusk|atk|1\n|-unboost|p1b: Glimmora|atk|1\n|move|p1b: Glimmora|Spiky Shield|p1b: Glimmora\n|-singleturn|p1b: Glimmora|move: Protect\n|move|p1a: Great Tusk|Earthquake|p2b: Annihilape|[spread] p2a,p2b\n|-activate|p1b: Glimmora|move: Protect\n|-supereffective|p2a: Arcanine\n|-damage|p2a: Arcanine|27\/100\n|-damage|p2b: Annihilape|60\/100\n|-enditem|p2a: Arcanine|Sitrus Berry|[eat]\n|-heal|p2a: Arcanine|52\/100|[from] item: Sitrus Berry\n|move|p2b: Annihilape|Bulk Up|p2b: Annihilape\n|-boost|p2b: Annihilape|atk|1\n|-boost|p2b: Annihilape|def|1\n|\n|-heal|p2b: Annihilape|66\/100|[from] item: Leftovers\n|upkeep\n|turn|2\n|\n|t:|1683871410\n|-end|p1a: Great Tusk|Protosynthesis|[silent]\n|switch|p1a: Volcarona|Volcarona, L50, M|100\/100\n|switch|p2a: Maushold|Maushold-Four, L50, shiny|100\/100\n|-terastallize|p1b: Glimmora|Grass\n|move|p2b: Annihilape|Drain Punch|p1b: Glimmora\n|-damage|p1b: Glimmora|59\/100\n|-heal|p2b: Annihilape|85\/100|[from] drain|[of] p1b: Glimmora\n|-activate|p1b: Glimmora|ability: Toxic Debris\n|-sidestart|p2: yy20041025|move: Toxic Spikes\n|move|p1b: Glimmora|Ancient Power|p2a: Maushold\n|-damage|p2a: Maushold|74\/100\n|\n|-heal|p2b: Annihilape|91\/100|[from] item: Leftovers\n|upkeep\n|turn|3\n|\n|t:|1683871441\n|move|p2a: Maushold|Beat Up|p2b: Annihilape\n|-damage|p2b: Annihilape|90\/100\n|-damage|p2b: Annihilape|89\/100\n|-damage|p2b: Annihilape|87\/100\n|-damage|p2b: Annihilape|86\/100\n|-hitcount|p2b: Annihilape|4\n|move|p1a: Volcarona|Heat Wave|p2a: Maushold|[spread] p2a,p2b\n|-damage|p2a: Maushold|44\/100\n|-damage|p2b: Annihilape|70\/100\n|move|p2b: Annihilape|Rage Fist|p1a: Volcarona\n|-damage|p1a: Volcarona|0 fnt\n|-damage|p2b: Annihilape|53\/100|[from] item: Rocky Helmet|[of] p1a: Volcarona\n|faint|p1a: Volcarona\n|move|p1b: Glimmora|Mortal Spin|p2b: Annihilape|[spread] p2a,p2b\n|-crit|p2a: Maushold\n|-resisted|p2b: Annihilape\n|-damage|p2a: Maushold|36\/100\n|-damage|p2b: Annihilape|53\/100\n|-status|p2a: Maushold|psn\n|-status|p2b: Annihilape|psn\n|\n|-heal|p2b: Annihilape|59\/100 psn|[from] item: Leftovers\n|-damage|p2a: Maushold|24\/100 psn|[from] psn\n|-damage|p2b: Annihilape|47\/100 psn|[from] psn\n|upkeep\n|\n|t:|1683871482\n|switch|p1a: Gholdengo|Gholdengo, L50|100\/100\n|turn|4\n|\n|t:|1683871501\n|-terastallize|p2b: Annihilape|Fire\n|move|p2a: Maushold|Follow Me|p2a: Maushold\n|-singleturn|p2a: Maushold|move: Follow Me\n|move|p1a: Gholdengo|Make It Rain|p2b: Annihilape|[spread] p2a,p2b\n|-resisted|p2b: Annihilape\n|-damage|p2a: Maushold|0 fnt\n|-damage|p2b: Annihilape|27\/100 psn\n|-unboost|p1a: Gholdengo|spa|1\n|faint|p2a: Maushold\n|move|p2b: Annihilape|Rage Fist|p1a: Gholdengo\n|-supereffective|p1a: Gholdengo\n|-damage|p1a: Gholdengo|0 fnt\n|faint|p1a: Gholdengo\n|move|p1b: Glimmora|Stealth Rock|p2b: Annihilape\n|-sidestart|p2: yy20041025|move: Stealth Rock\n|\n|-heal|p2b: Annihilape|33\/100 psn|[from] item: Leftovers\n|-damage|p2b: Annihilape|21\/100 psn|[from] psn\n|upkeep\n|\n|t:|1683871518\n|switch|p1a: Great Tusk|Great Tusk, L50|100\/100\n|switch|p2a: Amoonguss|Amoonguss, L50, M, shiny|100\/100\n|-sideend|p2: yy20041025|move: Toxic Spikes|[of] p2a: Amoonguss\n|-damage|p2a: Amoonguss|88\/100|[from] Stealth Rock\n|turn|5\n|\n|t:|1683871538\n|move|p1a: Great Tusk|Knock Off|p2a: Amoonguss\n|-damage|p2a: Amoonguss|42\/100\n|-damage|p1a: Great Tusk|84\/100|[from] item: Rocky Helmet|[of] p2a: Amoonguss\n|-enditem|p2a: Amoonguss|Rocky Helmet|[from] move: Knock Off|[of] p1a: Great Tusk\n|move|p2b: Annihilape|Rage Fist|p1b: Glimmora\n|-damage|p1b: Glimmora|0 fnt\n|-activate|p1b: Glimmora|ability: Toxic Debris\n|-sidestart|p2: yy20041025|move: Toxic Spikes\n|faint|p1b: Glimmora\n|move|p2a: Amoonguss|Spore|p1a: Great Tusk\n|-status|p1a: Great Tusk|slp|[from] move: Spore\n|\n|-heal|p2b: Annihilape|27\/100 psn|[from] item: Leftovers\n|-damage|p2b: Annihilape|14\/100 psn|[from] psn\n|upkeep\n|turn|6\n|\n|t:|1683871557\n|cant|p1a: Great Tusk|slp\n|move|p2b: Annihilape|Rage Fist|p1a: Great Tusk\n|-damage|p1a: Great Tusk|0 fnt\n|faint|p1a: Great Tusk\n|-end|p1a: Great Tusk|Protosynthesis|[silent]\n|\n|win|yy20041025\n|raw|yohjek's rating: 1137 → 1105<\/strong> (-32 for losing)\n|raw|yy20041025's rating: 1042 → 1085<\/strong> (+43 for winning)\n|l|\u2606yohjek\n","uploadtime":1683871564,"views":10,"p1id":"yohjek","p2id":"yy20041025","formatid":"gen9vgc2023regulationc","rating":1085,"private":0,"password":""}