{"id":"gen9vgc2023regulationc-1856234050","p1":"Ambitious_Bear","p2":"tezminator","format":"[Gen 9] VGC 2023 Regulation C","log":"|j|\u2606Ambitious_Bear\n|j|\u2606tezminator\n|t:|1683043181\n|gametype|doubles\n|player|p1|Ambitious_Bear|veteran-gen4|1296\n|player|p2|tezminator|266|1265\n|teamsize|p1|6\n|teamsize|p2|6\n|gen|9\n|tier|[Gen 9] VGC 2023 Regulation C\n|rated|\n|rule|Species Clause: Limit one of each Pok\u00e9mon\n|rule|Item Clause: Limit one of each item\n|clearpoke\n|poke|p1|Palafin, L50, F|\n|poke|p1|Arcanine, L50, M|\n|poke|p1|Amoonguss, L50, F|\n|poke|p1|Ting-Lu, L50|\n|poke|p1|Flutter Mane, L50|\n|poke|p1|Gothitelle, L50, F|\n|poke|p2|Volcarona, L50, M|\n|poke|p2|Golduck, L50, F|\n|poke|p2|Scream Tail, L50|\n|poke|p2|Staraptor, L50, M|\n|poke|p2|Tsareena, L50, F|\n|poke|p2|Mudsdale, L50, M|\n|teampreview|4\n|inactive|Battle timer is ON: inactive players will automatically lose when time's up. (requested by tezminator)\ntezminator has agreed to open team sheets.\nAmbitious_Bear has agreed to open team sheets.\n|inactive|Ambitious_Bear has 60 seconds left.\n|inactive|tezminator has 60 seconds left.\n|\n|t:|1683043216\n|start\n|switch|p1a: Palafin|Palafin, L50, F|100\/100\n|switch|p1b: Gothitelle|Gothitelle, L50, F|100\/100\n|switch|p2a: Scream Tail|Scream Tail, L50|100\/100\n|switch|p2b: Ian Anderson|Mudsdale, L50, M|100\/100\n|turn|1\n|\n|t:|1683043237\n|detailschange|p1a: Palafin|Palafin-Hero, L50, F\n|switch|p1a: Ting-Lu|Ting-Lu, L50|100\/100\n|-ability|p1a: Ting-Lu|Vessel of Ruin\n|move|p1b: Gothitelle|Fake Out|p2a: Scream Tail\n|-damage|p2a: Scream Tail|97\/100\n|-damage|p1b: Gothitelle|84\/100|[from] item: Rocky Helmet|[of] p2a: Scream Tail\n|cant|p2a: Scream Tail|flinch\n|move|p2b: Ian Anderson|Heavy Slam|p1a: Ting-Lu\n|-damage|p1a: Ting-Lu|93\/100\n|\n|upkeep\n|turn|2\n|inactive|tezminator has 30 seconds left.\n|\n|t:|1683043265\n|switch|p1b: Palafin|Palafin-Hero, L50, F|100\/100\n|-activate|p1b: Palafin|ability: Zero to Hero\n|move|p2a: Scream Tail|Reflect|p2a: Scream Tail\n|-sidestart|p2: tezminator|Reflect\n|move|p1a: Ting-Lu|Heavy Slam|p2a: Scream Tail\n|-supereffective|p2a: Scream Tail\n|-damage|p2a: Scream Tail|57\/100\n|-damage|p1a: Ting-Lu|77\/100|[from] item: Rocky Helmet|[of] p2a: Scream Tail\n|move|p2b: Ian Anderson|Heavy Slam|p1b: Palafin\n|-resisted|p1b: Palafin\n|-damage|p1b: Palafin|84\/100\n|\n|upkeep\n|turn|3\n|\n|t:|1683043283\n|switch|p2b: Tsareena|Tsareena, L50, F|100\/100\n|move|p2a: Scream Tail|Disable|p1a: Ting-Lu\n|-start|p1a: Ting-Lu|Disable|Heavy Slam\n|move|p1b: Palafin|Substitute|p1b: Palafin\n|-start|p1b: Palafin|Substitute\n|-damage|p1b: Palafin|59\/100\n|cant|p1a: Ting-Lu|Disable|Heavy Slam\n|\n|upkeep\n|turn|4\n|\n|t:|1683043307\n|-terastallize|p1b: Palafin|Water\n|move|p2a: Scream Tail|Rock Tomb|p1a: Ting-Lu\n|-resisted|p1a: Ting-Lu\n|-damage|p1a: Ting-Lu|74\/100\n|-unboost|p1a: Ting-Lu|spe|1\n|move|p1b: Palafin|Wave Crash|p2b: Tsareena\n|-resisted|p2b: Tsareena\n|-damage|p2b: Tsareena|63\/100\n|-damage|p1b: Palafin|48\/100|[from] Recoil\n|move|p2b: Tsareena|Trop Kick|p1b: Palafin\n|-supereffective|p1b: Palafin\n|-end|p1b: Palafin|Substitute\n|move|p1a: Ting-Lu|Stomping Tantrum|p2b: Tsareena\n|-resisted|p2b: Tsareena\n|-damage|p2b: Tsareena|41\/100\n|\n|upkeep\n|turn|5\n|\n|t:|1683043330\n|move|p1b: Palafin|Protect|p1b: Palafin\n|-singleturn|p1b: Palafin|Protect\n|move|p2a: Scream Tail|Rock Tomb|p1b: Palafin\n|-activate|p1b: Palafin|move: Protect\n|move|p2b: Tsareena|Trop Kick|p1b: Palafin\n|-activate|p1b: Palafin|move: Protect\n|move|p1a: Ting-Lu|Stomping Tantrum|p2b: Tsareena\n|-resisted|p2b: Tsareena\n|-damage|p2b: Tsareena|31\/100\n|\n|upkeep\n|turn|6\n|\n|t:|1683043349\n|switch|p1a: Flutter Mane|Flutter Mane, L50|100\/100\n|move|p2a: Scream Tail|Rock Tomb|p1b: Palafin\n|-damage|p1b: Palafin|39\/100\n|-unboost|p1b: Palafin|spe|1\n|move|p2b: Tsareena|Trop Kick|p1b: Palafin\n|-supereffective|p1b: Palafin\n|-damage|p1b: Palafin|0 fnt\n|faint|p1b: Palafin\n|\n|-sideend|p2: tezminator|Reflect\n|upkeep\n|\n|t:|1683043355\n|switch|p1b: Gothitelle|Gothitelle, L50, F|84\/100\n|turn|7\n|\n|t:|1683043366\n|move|p2b: Tsareena|Protect|p2b: Tsareena\n|-singleturn|p2b: Tsareena|Protect\n|move|p1b: Gothitelle|Fake Out||[still]\n|cant|p2b: Tsareena|ability: Queenly Majesty|Fake Out|[of] p1b: Gothitelle\n|move|p1a: Flutter Mane|Moonblast|p2a: Scream Tail\n|-damage|p2a: Scream Tail|7\/100\n|-unboost|p2a: Scream Tail|spa|1\n|move|p2a: Scream Tail|Rock Tomb|p1a: Flutter Mane\n|-damage|p1a: Flutter Mane|82\/100\n|-unboost|p1a: Flutter Mane|spe|1\n|\n|upkeep\n|turn|8\n|\n|t:|1683043383\n|move|p2a: Scream Tail|Disable|p1a: Flutter Mane\n|-start|p1a: Flutter Mane|Disable|Moonblast\n|cant|p1a: Flutter Mane|Disable|Moonblast\n|move|p2b: Tsareena|Taunt|p1b: Gothitelle\n|-start|p1b: Gothitelle|move: Taunt\n|move|p1b: Gothitelle|Psychic|p2a: Scream Tail\n|-resisted|p2a: Scream Tail\n|-damage|p2a: Scream Tail|0 fnt\n|faint|p2a: Scream Tail\n|-end|p2a: Scream Tail|Protosynthesis|[silent]\n|\n|upkeep\n|\n|t:|1683043393\n|switch|p2a: Volcarona|Volcarona, L50, M|100\/100\n|turn|9\n|\n|t:|1683043400\n|-end|p1a: Flutter Mane|Protosynthesis|[silent]\n|switch|p1a: Ting-Lu|Ting-Lu, L50|74\/100\n|-ability|p1a: Ting-Lu|Vessel of Ruin\n|move|p2a: Volcarona|Quiver Dance|p2a: Volcarona\n|-boost|p2a: Volcarona|spa|1\n|-boost|p2a: Volcarona|spd|1\n|-boost|p2a: Volcarona|spe|1\n|move|p2b: Tsareena|Trop Kick|p1a: Ting-Lu\n|-supereffective|p1a: Ting-Lu\n|-damage|p1a: Ting-Lu|38\/100\n|-unboost|p1a: Ting-Lu|atk|1\n|move|p1b: Gothitelle|Psychic|p2b: Tsareena\n|-damage|p2b: Tsareena|10\/100\n|\n|upkeep\n|turn|10\n|inactive|tezminator has 30 seconds left.\n|\n|t:|1683043426\n|switch|p1a: Flutter Mane|Flutter Mane, L50|82\/100\n|move|p2a: Volcarona|Quiver Dance|p2a: Volcarona\n|-boost|p2a: Volcarona|spa|1\n|-boost|p2a: Volcarona|spd|1\n|-boost|p2a: Volcarona|spe|1\n|move|p2b: Tsareena|Trop Kick|p1a: Flutter Mane\n|-damage|p1a: Flutter Mane|22\/100\n|-unboost|p1a: Flutter Mane|atk|1\n|move|p1b: Gothitelle|Psychic|p2b: Tsareena\n|-crit|p2b: Tsareena\n|-damage|p2b: Tsareena|0 fnt\n|faint|p2b: Tsareena\n|\n|-end|p1b: Gothitelle|move: Taunt\n|upkeep\n|\n|t:|1683043440\n|switch|p2b: Ian Anderson|Mudsdale, L50, M|100\/100\n|turn|11\n|\n|t:|1683043448\n|-end|p1a: Flutter Mane|Protosynthesis|[silent]\n|switch|p1a: Ting-Lu|Ting-Lu, L50|38\/100\n|-ability|p1a: Ting-Lu|Vessel of Ruin\n|move|p2a: Volcarona|Fiery Dance|p1a: Ting-Lu\n|-damage|p1a: Ting-Lu|6\/100\n|move|p1b: Gothitelle|Heal Pulse|p1a: Ting-Lu\n|-heal|p1a: Ting-Lu|56\/100\n|move|p2b: Ian Anderson|Heavy Slam|p1b: Gothitelle\n|-damage|p1b: Gothitelle|52\/100\n|\n|upkeep\n|turn|12\n|\n|t:|1683043466\n|move|p2a: Volcarona|Quiver Dance|p2a: Volcarona\n|-boost|p2a: Volcarona|spa|1\n|-boost|p2a: Volcarona|spd|1\n|-boost|p2a: Volcarona|spe|1\n|move|p1b: Gothitelle|Psychic|p2b: Ian Anderson\n|-damage|p2b: Ian Anderson|87\/100\n|-ability|p2b: Ian Anderson|Stamina|boost\n|-boost|p2b: Ian Anderson|def|1\n|move|p1a: Ting-Lu|Stone Edge|p2a: Volcarona\n|-supereffective|p2a: Volcarona\n|-damage|p2a: Volcarona|0 fnt\n|faint|p2a: Volcarona\n|move|p2b: Ian Anderson|Body Press|p1a: Ting-Lu\n|-supereffective|p1a: Ting-Lu\n|-damage|p1a: Ting-Lu|18\/100\n|\n|upkeep\n|turn|13\n|c|\u2606tezminator|forgot about that\n|c|\u2606Ambitious_Bear|read the team sheet for fucks sake\n|c|\u2606tezminator|:\/\n|c|\u2606tezminator|i did\n|inactive|tezminator has 30 seconds left.\n|c|\u2606tezminator|it's just that it's not that common on ting-lu\n|inactive|tezminator has 20 seconds left.\n|inactive|tezminator has 15 seconds left.\n|\n|t:|1683043508\n|move|p1b: Gothitelle|Heal Pulse|p1a: Ting-Lu\n|-heal|p1a: Ting-Lu|68\/100\n|move|p1a: Ting-Lu|Ruination|p2b: Ian Anderson|[miss]\n|-miss|p1a: Ting-Lu|p2b: Ian Anderson\n|move|p2b: Ian Anderson|Heavy Slam|p1a: Ting-Lu\n|-damage|p1a: Ting-Lu|61\/100\n|\n|upkeep\n|turn|14\n|c|\u2606Ambitious_Bear|just have the team sheet infront of you\n|c|\u2606Ambitious_Bear|its not that hard\n|c|\u2606tezminator|i know\n|c|\u2606tezminator|i read it\n|c|\u2606tezminator|that's why i only brought volcarona in after palafin was down\n|inactive|tezminator has 30 seconds left.\n|\n|t:|1683043541\n|move|p1b: Gothitelle|Psychic|p2b: Ian Anderson\n|-damage|p2b: Ian Anderson|75\/100\n|-ability|p2b: Ian Anderson|Stamina|boost\n|-boost|p2b: Ian Anderson|def|1\n|move|p1a: Ting-Lu|Stomping Tantrum|p2b: Ian Anderson\n|-damage|p2b: Ian Anderson|48\/100\n|-ability|p2b: Ian Anderson|Stamina|boost\n|-boost|p2b: Ian Anderson|def|1\n|move|p2b: Ian Anderson|Heavy Slam|p1b: Gothitelle\n|-damage|p1b: Gothitelle|17\/100\n|-enditem|p1b: Gothitelle|Figy Berry|[eat]\n|-heal|p1b: Gothitelle|51\/100|[from] item: Figy Berry\n|-start|p1b: Gothitelle|confusion\n|\n|upkeep\n|turn|15\n|\n|t:|1683043567\n|-activate|p1b: Gothitelle|confusion\n|-damage|p1b: Gothitelle|46\/100|[from] confusion\n|move|p1a: Ting-Lu|Stomping Tantrum|p2b: Ian Anderson\n|-damage|p2b: Ian Anderson|36\/100\n|-ability|p2b: Ian Anderson|Stamina|boost\n|-boost|p2b: Ian Anderson|def|1\n|move|p2b: Ian Anderson|Heavy Slam|p1a: Ting-Lu\n|-damage|p1a: Ting-Lu|53\/100\n|\n|upkeep\n|turn|16\n|c|\u2606tezminator|lol that was a missclick\n|c|\u2606tezminator|but i dont think it would matter\n|\n|t:|1683043589\n|-activate|p1b: Gothitelle|confusion\n|-damage|p1b: Gothitelle|40\/100|[from] confusion\n|move|p1a: Ting-Lu|Stomping Tantrum|p2b: Ian Anderson\n|-damage|p2b: Ian Anderson|27\/100\n|-ability|p2b: Ian Anderson|Stamina|boost\n|-boost|p2b: Ian Anderson|def|1\n|move|p2b: Ian Anderson|Heavy Slam|p1b: Gothitelle\n|-crit|p1b: Gothitelle\n|-damage|p1b: Gothitelle|0 fnt\n|faint|p1b: Gothitelle\n|\n|upkeep\n|\n|t:|1683043591\n|switch|p1b: Flutter Mane|Flutter Mane, L50|22\/100\n|turn|17\n|c|\u2606Ambitious_Bear|ggs\n|\n|t:|1683043609\n|move|p1b: Flutter Mane|Moonblast|p2b: Ian Anderson\n|-crit|p2b: Ian Anderson\n|-damage|p2b: Ian Anderson|0 fnt\n|faint|p2b: Ian Anderson\n|\n|win|Ambitious_Bear\n|raw|Ambitious_Bear's rating: 1296 → 1319<\/strong> (+23 for winning)\n|raw|tezminator's rating: 1265 → 1242<\/strong> (-23 for losing)\n","uploadtime":1683043612,"views":9,"p1id":"ambitiousbear","p2id":"tezminator","formatid":"gen9vgc2023regulationc","rating":1242,"private":0,"password":""}