{"id":"gen9vgc2023regulationc-1854325389","p1":"Jscoot12","p2":"MRX009PsychoGundam","format":"[Gen 9] VGC 2023 Regulation C","log":"|j|\u2606Jscoot12\n|j|\u2606MRX009PsychoGundam\n|t:|1682797223\n|gametype|doubles\n|player|p1|Jscoot12|265|1223\n|player|p2|MRX009PsychoGundam|roark|1162\n|teamsize|p1|6\n|teamsize|p2|6\n|gen|9\n|tier|[Gen 9] VGC 2023 Regulation C\n|rated|\n|rule|Species Clause: Limit one of each Pok\u00e9mon\n|rule|Item Clause: Limit one of each item\n|clearpoke\n|poke|p1|Orthworm, L50, M|\n|poke|p1|Dragonite, L50, F|\n|poke|p1|Flutter Mane, L50|\n|poke|p1|Chi-Yu, L50|\n|poke|p1|Gastrodon-East, L50, F|\n|poke|p1|Baxcalibur, L50, F|\n|poke|p2|Iron Thorns, L50|\n|poke|p2|Maushold, L50|\n|poke|p2|Scream Tail, L50|\n|poke|p2|Gyarados, L50, M|\n|poke|p2|Ting-Lu, L50|\n|poke|p2|Annihilape, L50, F|\n|teampreview|4\nJscoot12 has agreed to open team sheets.\n|\n|t:|1682797292\n|start\n|switch|p1a: Flutter Mane|Flutter Mane, L50|100\/100\n|switch|p1b: Chi-Yu|Chi-Yu, L50|100\/100\n|switch|p2a: Scream Tail|Scream Tail, L50|100\/100\n|switch|p2b: Maushold|Maushold, L50|100\/100\n|-ability|p1b: Chi-Yu|Beads of Ruin\n|-enditem|p1a: Flutter Mane|Booster Energy\n|-activate|p1a: Flutter Mane|ability: Protosynthesis|[fromitem]\n|-start|p1a: Flutter Mane|protosynthesisspe\n|turn|1\n|\n|t:|1682797321\n|-terastallize|p1b: Chi-Yu|Grass\n|move|p2b: Maushold|Protect|p2b: Maushold\n|-singleturn|p2b: Maushold|Protect\n|move|p1a: Flutter Mane|Shadow Ball|p2a: Scream Tail\n|-supereffective|p2a: Scream Tail\n|-damage|p2a: Scream Tail|32\/100\n|move|p1b: Chi-Yu|Dark Pulse|p2b: Maushold\n|-activate|p2b: Maushold|move: Protect\n|move|p2a: Scream Tail|Howl|p2a: Scream Tail|[spread] p2a,p2b\n|-boost|p2a: Scream Tail|atk|1\n|-boost|p2b: Maushold|atk|1\n|\n|upkeep\n|turn|2\n|\n|t:|1682797341\n|move|p1a: Flutter Mane|Dazzling Gleam|p2b: Maushold|[spread] p2a,p2b\n|-damage|p2a: Scream Tail|3\/100\n|-damage|p2b: Maushold|49\/100\n|move|p2b: Maushold|Population Bomb|p1b: Chi-Yu\n|-damage|p1b: Chi-Yu|80\/100\n|-damage|p1b: Chi-Yu|59\/100\n|-damage|p1b: Chi-Yu|38\/100\n|-damage|p1b: Chi-Yu|15\/100\n|-damage|p1b: Chi-Yu|0 fnt\n|faint|p1b: Chi-Yu\n|-hitcount|p1: Chi-Yu|5\n|move|p2a: Scream Tail|Trick Room|p2a: Scream Tail\n|-fieldstart|move: Trick Room|[of] p2a: Scream Tail\n|\n|upkeep\n|\n|t:|1682797373\n|switch|p1b: Orthworm|Orthworm, L50, M|100\/100\n|turn|3\n|\n|t:|1682797395\n|-end|p2a: Scream Tail|Protosynthesis|[silent]\n|switch|p2a: Gyarados|Gyarados, L50, M|100\/100\n|-ability|p2a: Gyarados|Intimidate|boost\n|-unboost|p1a: Flutter Mane|atk|1\n|-unboost|p1b: Orthworm|atk|1\n|-terastallize|p2b: Maushold|Ghost\n|move|p1b: Orthworm|Shed Tail|p1b: Orthworm\n|-start|p1b: Orthworm|Substitute|[from] move: Shed Tail\n|-damage|p1b: Orthworm|50\/100\n|\n|t:|1682797407\n|switch|p1b: Baxcalibur|Baxcalibur, L50, F|100\/100|[from] Shed Tail\n|move|p2b: Maushold|Bite|p1a: Flutter Mane\n|-damage|p1a: Flutter Mane|54\/100\n|move|p1a: Flutter Mane|Dazzling Gleam|p2a: Gyarados|[spread] p2a,p2b\n|-damage|p2a: Gyarados|79\/100\n|-damage|p2b: Maushold|7\/100\n|\n|upkeep\n|turn|4\n|\n|t:|1682797421\n|move|p2b: Maushold|Protect|p2b: Maushold\n|-singleturn|p2b: Maushold|Protect\n|move|p1b: Baxcalibur|Ice Shard|p2b: Maushold\n|-activate|p2b: Maushold|move: Protect\n|move|p2a: Gyarados|Waterfall|p1a: Flutter Mane\n|-damage|p1a: Flutter Mane|2\/100\n|move|p1a: Flutter Mane|Thunderbolt|p2a: Gyarados\n|-supereffective|p2a: Gyarados\n|-damage|p2a: Gyarados|0 fnt\n|faint|p2a: Gyarados\n|\n|upkeep\n|\n|t:|1682797432\n|switch|p2a: Scream Tail|Scream Tail, L50|3\/100\n|turn|5\n|\n|t:|1682797442\n|move|p1a: Flutter Mane|Protect|p1a: Flutter Mane\n|-singleturn|p1a: Flutter Mane|Protect\n|move|p2b: Maushold|Follow Me|p2b: Maushold\n|-singleturn|p2b: Maushold|move: Follow Me\n|move|p1b: Baxcalibur|Ice Shard|p2b: Maushold\n|-damage|p2b: Maushold|0 fnt\n|faint|p2b: Maushold\n|-damage|p1b: Baxcalibur|91\/100|[from] item: Life Orb\n|move|p2a: Scream Tail|Play Rough|p1b: Baxcalibur\n|-supereffective|p1b: Baxcalibur\n|-end|p1b: Baxcalibur|Substitute\n|\n|upkeep\n|\n|t:|1682797451\n|switch|p2b: Annihilape|Annihilape, L50, F|100\/100\n|turn|6\n|\n|t:|1682797475\n|move|p1b: Baxcalibur|Protect|p1b: Baxcalibur\n|-singleturn|p1b: Baxcalibur|Protect\n|move|p2a: Scream Tail|Play Rough|p1b: Baxcalibur\n|-activate|p1b: Baxcalibur|move: Protect\n|move|p2b: Annihilape|Shadow Claw|p1a: Flutter Mane\n|-supereffective|p1a: Flutter Mane\n|-damage|p1a: Flutter Mane|0 fnt\n|faint|p1a: Flutter Mane\n|-end|p1a: Flutter Mane|Protosynthesis|[silent]\n|\n|-fieldend|move: Trick Room\n|upkeep\n|\n|t:|1682797489\n|switch|p1a: Orthworm|Orthworm, L50, M|50\/100\n|turn|7\n|\n|t:|1682797496\n|move|p2b: Annihilape|Shadow Claw|p1a: Orthworm\n|-crit|p1a: Orthworm\n|-damage|p1a: Orthworm|14\/100\n|move|p2a: Scream Tail|Howl|p2a: Scream Tail|[spread] p2a,p2b\n|-boost|p2a: Scream Tail|atk|1\n|-boost|p2b: Annihilape|atk|1\n|move|p1b: Baxcalibur|Earthquake|p2a: Scream Tail|[spread] p2a,p2b\n|-heal|p1a: Orthworm|39\/100|[from] ability: Earth Eater|[of] p1b: Baxcalibur\n|-damage|p2a: Scream Tail|0 fnt\n|-damage|p2b: Annihilape|49\/100\n|faint|p2a: Scream Tail\n|-end|p2a: Scream Tail|Protosynthesis|[silent]\n|-damage|p1b: Baxcalibur|81\/100|[from] item: Life Orb\n|move|p1a: Orthworm|Heavy Slam|p2b: Annihilape\n|-damage|p2b: Annihilape|4\/100\n|\n|-heal|p1a: Orthworm|45\/100|[from] item: Leftovers\n|upkeep\n|turn|8\n|-message|MRX009PsychoGundam forfeited.\n|\n|win|Jscoot12\n|raw|Jscoot12's rating: 1223 → 1244<\/strong> (+21 for winning)\n|raw|MRX009PsychoGundam's rating: 1162 → 1141<\/strong> (-21 for losing)\n|l|\u2606MRX009PsychoGundam\n","uploadtime":1682797525,"views":23,"p1id":"jscoot12","p2id":"mrx009psychogundam","formatid":"gen9vgc2023regulationc","rating":1141,"private":0,"password":""}