{"id":"gen9vgc2023regulationc-1854617610","p1":"Munchnie","p2":"PooOnMeOften","format":"[Gen 9] VGC 2023 Regulation C","log":"|j|\u2606Munchnie\n|j|\u2606PooOnMeOften\n|t:|1682836915\n|gametype|doubles\n|player|p1|Munchnie|maid|1121\n|player|p2|PooOnMeOften|ash-kalos|1104\n|teamsize|p1|6\n|teamsize|p2|6\n|gen|9\n|tier|[Gen 9] VGC 2023 Regulation C\n|rated|\n|rule|Species Clause: Limit one of each Pok\u00e9mon\n|rule|Item Clause: Limit one of each item\n|clearpoke\n|poke|p1|Indeedee-F, L50, F|\n|poke|p1|Armarouge, L50, F|\n|poke|p1|Gholdengo, L50|\n|poke|p1|Sunflora, L50, F|\n|poke|p1|Maushold, L50|\n|poke|p1|Iron Hands, L50|\n|poke|p2|Chien-Pao, L50|\n|poke|p2|Flutter Mane, L50|\n|poke|p2|Arcanine, L50, M|\n|poke|p2|Annihilape, L50, M|\n|poke|p2|Scizor, L50, M|\n|poke|p2|Palafin, L50, M|\n|teampreview|4\n|inactive|Battle timer is ON: inactive players will automatically lose when time's up. (requested by PooOnMeOften)\n|inactive|Munchnie has 60 seconds left.\n|inactive|PooOnMeOften has 60 seconds left.\nMunchnie rejected open team sheets.\n|c|\u2606Munchnie|GLHF\n|inactive|PooOnMeOften has 30 seconds left.\n|c|\u2606PooOnMeOften|glhf\n|inactive|PooOnMeOften has 20 seconds left.\n|inactive|PooOnMeOften has 15 seconds left.\n|inactive|PooOnMeOften has 10 seconds left.\n|inactive|PooOnMeOften has 5 seconds left.\n|\n|t:|1682837001\n|start\n|switch|p1a: Maushold|Maushold, L50|100\/100\n|switch|p1b: Armarouge|Armarouge, L50, F|100\/100\n|switch|p2a: Arcanine|Arcanine, L50, M|100\/100\n|switch|p2b: Palafin|Palafin, L50, M|100\/100\n|-ability|p2a: Arcanine|Intimidate|boost\n|-unboost|p1a: Maushold|atk|1\n|-unboost|p1b: Armarouge|atk|1\n|turn|1\n|inactive|PooOnMeOften has 30 seconds left.\n|inactive|PooOnMeOften has 20 seconds left.\n|inactive|PooOnMeOften has 15 seconds left.\n|\n|t:|1682837044\n|detailschange|p2b: Palafin|Palafin-Hero, L50, M\n|switch|p2b: Annihilape|Annihilape, L50, M|100\/100\n|move|p1a: Maushold|Follow Me|p1a: Maushold\n|-singleturn|p1a: Maushold|move: Follow Me\n|move|p2a: Arcanine|Will-O-Wisp|p1a: Maushold\n|-status|p1a: Maushold|brn\n|move|p1b: Armarouge|Trick Room|p1b: Armarouge\n|-fieldstart|move: Trick Room|[of] p1b: Armarouge\n|\n|-damage|p1a: Maushold|94\/100 brn|[from] brn\n|upkeep\n|turn|2\n|\n|t:|1682837066\n|switch|p1a: Indeedee|Indeedee-F, L50, F|100\/100\n|-fieldstart|move: Psychic Terrain|[from] ability: Psychic Surge|[of] p1a: Indeedee\n|move|p2b: Annihilape|Protect|p2b: Annihilape\n|-singleturn|p2b: Annihilape|Protect\n|move|p1b: Armarouge|Expanding Force|p2b: Annihilape|[spread] p2a\n|-activate|p2b: Annihilape|move: Protect\n|-damage|p2a: Arcanine|39\/100\n|move|p2a: Arcanine|Snarl|p1b: Armarouge|[spread] p1a,p1b\n|-supereffective|p1a: Indeedee\n|-supereffective|p1b: Armarouge\n|-damage|p1a: Indeedee|84\/100\n|-damage|p1b: Armarouge|82\/100\n|-unboost|p1a: Indeedee|spa|1\n|-unboost|p1b: Armarouge|spa|1\n|\n|-heal|p2a: Arcanine|45\/100|[from] item: Leftovers\n|upkeep\n|turn|3\n|inactive|PooOnMeOften has 30 seconds left.\n|\n|t:|1682837096\n|switch|p2b: Scizor|Scizor, L50, M|100\/100\n|move|p1a: Indeedee|Helping Hand|p1b: Armarouge\n|-singleturn|p1b: Armarouge|Helping Hand|[of] p1a: Indeedee\n|move|p2a: Arcanine|Protect|p2a: Arcanine\n|-singleturn|p2a: Arcanine|Protect\n|move|p1b: Armarouge|Expanding Force|p2a: Arcanine|[spread] p2b\n|-activate|p2a: Arcanine|move: Protect\n|-resisted|p2b: Scizor\n|-damage|p2b: Scizor|58\/100\n|\n|-heal|p2a: Arcanine|51\/100|[from] item: Leftovers\n|upkeep\n|turn|4\n|\n|t:|1682837115\n|move|p2b: Scizor|Protect|p2b: Scizor\n|-singleturn|p2b: Scizor|Protect\n|move|p1a: Indeedee|Follow Me|p1a: Indeedee\n|-singleturn|p1a: Indeedee|move: Follow Me\n|move|p1b: Armarouge|Armor Cannon|p2b: Scizor\n|-activate|p2b: Scizor|move: Protect\n|move|p2a: Arcanine|Snarl|p1a: Indeedee|[spread] p1a,p1b\n|-supereffective|p1a: Indeedee\n|-supereffective|p1b: Armarouge\n|-damage|p1a: Indeedee|68\/100\n|-damage|p1b: Armarouge|65\/100\n|-unboost|p1a: Indeedee|spa|1\n|-unboost|p1b: Armarouge|spa|1\n|\n|-heal|p2a: Arcanine|57\/100|[from] item: Leftovers\n|upkeep\n|turn|5\n|inactive|PooOnMeOften has 30 seconds left.\n|\n|t:|1682837146\n|switch|p2b: Palafin|Palafin-Hero, L50, M|100\/100\n|-activate|p2b: Palafin|ability: Zero to Hero\n|move|p1a: Indeedee|Helping Hand|p1b: Armarouge\n|-singleturn|p1b: Armarouge|Helping Hand|[of] p1a: Indeedee\n|move|p1b: Armarouge|Armor Cannon|p2b: Palafin\n|-resisted|p2b: Palafin\n|-damage|p2b: Palafin|75\/100\n|-unboost|p1b: Armarouge|def|1\n|-unboost|p1b: Armarouge|spd|1\n|move|p2a: Arcanine|Snarl|p1a: Indeedee|[spread] p1a,p1b\n|-supereffective|p1a: Indeedee\n|-supereffective|p1b: Armarouge\n|-damage|p1a: Indeedee|52\/100\n|-damage|p1b: Armarouge|37\/100\n|-unboost|p1a: Indeedee|spa|1\n|-unboost|p1b: Armarouge|spa|1\n|\n|-heal|p2a: Arcanine|63\/100|[from] item: Leftovers\n|-fieldend|move: Trick Room\n|upkeep\n|turn|6\n|inactive|PooOnMeOften has 30 seconds left.\n|\n|t:|1682837180\n|switch|p1b: Maushold|Maushold, L50|94\/100 brn\n|move|p2b: Palafin|Jet Punch|p1b: Maushold\n|-activate|p1b: Maushold|move: Psychic Terrain\n|move|p2a: Arcanine|Snarl|p1a: Indeedee|[spread] p1a,p1b\n|-supereffective|p1a: Indeedee\n|-damage|p1a: Indeedee|38\/100\n|-damage|p1b: Maushold|85\/100 brn\n|-unboost|p1a: Indeedee|spa|1\n|-unboost|p1b: Maushold|spa|1\n|-enditem|p1a: Indeedee|Sitrus Berry|[eat]\n|-heal|p1a: Indeedee|63\/100|[from] item: Sitrus Berry\n|move|p1a: Indeedee|Trick Room|p1a: Indeedee\n|-fieldstart|move: Trick Room|[of] p1a: Indeedee\n|\n|-heal|p2a: Arcanine|70\/100|[from] item: Leftovers\n|-damage|p1b: Maushold|79\/100 brn|[from] brn\n|-fieldend|move: Psychic Terrain\n|upkeep\n|turn|7\n|inactive|PooOnMeOften has 30 seconds left.\n|inactive|PooOnMeOften has 20 seconds left.\n|inactive|PooOnMeOften has 15 seconds left.\n|\n|t:|1682837222\n|switch|p1a: Gholdengo|Gholdengo, L50|100\/100\n|move|p2b: Palafin|Jet Punch|p1a: Gholdengo\n|-damage|p1a: Gholdengo|64\/100\n|move|p1b: Maushold|Super Fang|p2a: Arcanine\n|-damage|p2a: Arcanine|35\/100\n|move|p2a: Arcanine|Snarl|p1b: Maushold|[spread] p1a,p1b\n|-supereffective|p1a: Gholdengo\n|-damage|p1a: Gholdengo|51\/100\n|-damage|p1b: Maushold|69\/100 brn\n|-unboost|p1a: Gholdengo|spa|1\n|-unboost|p1b: Maushold|spa|1\n|\n|-heal|p1a: Gholdengo|57\/100|[from] item: Leftovers\n|-heal|p2a: Arcanine|41\/100|[from] item: Leftovers\n|-damage|p1b: Maushold|63\/100 brn|[from] brn\n|upkeep\n|turn|8\n|\n|t:|1682837244\n|move|p1b: Maushold|Helping Hand|p1a: Gholdengo\n|-immune|p1a: Gholdengo|[from] ability: Good as Gold\n|move|p1a: Gholdengo|Make It Rain|p2b: Palafin|[spread] p2a,p2b\n|-resisted|p2a: Arcanine\n|-resisted|p2b: Palafin\n|-damage|p2a: Arcanine|26\/100\n|-damage|p2b: Palafin|56\/100\n|-unboost|p1a: Gholdengo|spa|1\n|move|p2a: Arcanine|Snarl|p1a: Gholdengo|[spread] p1a,p1b\n|-supereffective|p1a: Gholdengo\n|-damage|p1a: Gholdengo|46\/100\n|-damage|p1b: Maushold|53\/100 brn\n|-unboost|p1a: Gholdengo|spa|1\n|-unboost|p1b: Maushold|spa|1\n|move|p2b: Palafin|Wave Crash|p1a: Gholdengo\n|-damage|p1a: Gholdengo|0 fnt\n|faint|p1a: Gholdengo\n|-damage|p2b: Palafin|42\/100|[from] Recoil\n|\n|-heal|p2a: Arcanine|32\/100|[from] item: Leftovers\n|-damage|p1b: Maushold|47\/100 brn|[from] brn\n|upkeep\n|\n|t:|1682837262\n|switch|p1a: Indeedee|Indeedee-F, L50, F|63\/100\n|-fieldstart|move: Psychic Terrain|[from] ability: Psychic Surge|[of] p1a: Indeedee\n|turn|9\n|\n|t:|1682837284\n|switch|p1b: Armarouge|Armarouge, L50, F|37\/100\n|move|p1a: Indeedee|Heal Pulse|p1b: Armarouge\n|-heal|p1b: Armarouge|87\/100\n|move|p2a: Arcanine|Snarl|p1a: Indeedee|[spread] p1a,p1b\n|-supereffective|p1a: Indeedee\n|-supereffective|p1b: Armarouge\n|-damage|p1a: Indeedee|49\/100\n|-damage|p1b: Armarouge|71\/100\n|-unboost|p1a: Indeedee|spa|1\n|-unboost|p1b: Armarouge|spa|1\n|move|p2b: Palafin|Wave Crash|p1b: Armarouge\n|-supereffective|p1b: Armarouge\n|-damage|p1b: Armarouge|0 fnt\n|faint|p1b: Armarouge\n|-damage|p2b: Palafin|21\/100|[from] Recoil\n|\n|-heal|p2a: Arcanine|38\/100|[from] item: Leftovers\n|upkeep\n|\n|t:|1682837289\n|switch|p1b: Maushold|Maushold, L50|47\/100 brn\n|turn|10\n|c|\u2606Munchnie|Gg\n|c|\u2606Munchnie|Nice predicts\n|c|\u2606PooOnMeOften|gg ty. love your team\n|inactive|Munchnie has 30 seconds left.\n|inactive|PooOnMeOften has 30 seconds left.\n|inactive|Munchnie has 20 seconds left.\n|c|\u2606Munchnie|Thanks^^ You too\n|inactive|Munchnie has 15 seconds left.\n|-message|Munchnie forfeited.\n|\n|win|PooOnMeOften\n|raw|Munchnie's rating: 1121 → 1095<\/strong> (-26 for losing)\n|raw|PooOnMeOften's rating: 1104 → 1130<\/strong> (+26 for winning)\n|l|\u2606Munchnie\n","uploadtime":1682837337,"views":16,"p1id":"munchnie","p2id":"pooonmeoften","formatid":"gen9vgc2023regulationc","rating":1095,"private":0,"password":""}