{"id":"gen9vgc2023regulationc-1857694524","p1":"the20%er","p2":"2knight","format":"[Gen 9] VGC 2023 Regulation C","log":"|j|\u2606the20%er\n|j|\u26062knight\n|t:|1683222925\n|gametype|doubles\n|player|p1|the20%er|169|1156\n|player|p2|2knight|brock|1181\n|teamsize|p1|6\n|teamsize|p2|6\n|gen|9\n|tier|[Gen 9] VGC 2023 Regulation C\n|rated|\n|rule|Species Clause: Limit one of each Pok\u00e9mon\n|rule|Item Clause: Limit one of each item\n|clearpoke\n|poke|p1|Ting-Lu, L50|\n|poke|p1|Forretress, L50, F|\n|poke|p1|Gyarados, L50, F|\n|poke|p1|Flutter Mane, L50|\n|poke|p1|Baxcalibur, L50, F|\n|poke|p1|Grimmsnarl, L50, M|\n|poke|p2|Ditto, L50|\n|poke|p2|Iron Bundle, L50|\n|poke|p2|Grimmsnarl, L50, M|\n|poke|p2|Garganacl, L50, F|\n|poke|p2|Armarouge, L50, F|\n|poke|p2|Palafin, L50, M|\n|teampreview|4\n|inactive|Battle timer is ON: inactive players will automatically lose when time's up. (requested by 2knight)\nthe20%er has agreed to open team sheets.\n2knight has agreed to open team sheets.\n|inactive|the20%er has 60 seconds left.\n|inactive|2knight has 60 seconds left.\n|\n|t:|1683222973\n|start\n|switch|p1a: Gyarados|Gyarados, L50, F|100\/100\n|switch|p1b: Flutter Mane|Flutter Mane, L50|100\/100\n|switch|p2a: Tumor|Ditto, L50|100\/100\n|switch|p2b: Micheal Jackson|Grimmsnarl, L50, M, shiny|100\/100\n|-ability|p1a: Gyarados|Intimidate|boost\n|-unboost|p2a: Tumor|atk|1\n|-unboost|p2b: Micheal Jackson|atk|1\n|-transform|p2a: Tumor|p1b: Flutter Mane|[from] ability: Imposter\n|turn|1\n|\n|t:|1683222996\n|-end|p1b: Flutter Mane|Protosynthesis|[silent]\n|switch|p1b: Grimmsnarl|Grimmsnarl, L50, M|100\/100\n|-terastallize|p2a: Tumor|Normal\n|move|p1a: Gyarados|Protect|p1a: Gyarados\n|-singleturn|p1a: Gyarados|Protect\n|move|p2b: Micheal Jackson|Fake Out|p1a: Gyarados\n|-activate|p1a: Gyarados|move: Protect\n|move|p2a: Tumor|Shadow Ball|p1b: Grimmsnarl\n|-resisted|p1b: Grimmsnarl\n|-damage|p1b: Grimmsnarl|83\/100\n|\n|upkeep\n|turn|2\n|inactive|2knight has 30 seconds left.\n|inactive|2knight has 20 seconds left.\n|\n|t:|1683223032\n|-end|p2a: Tumor|Protosynthesis|[silent]\n|switch|p2a: The Thing|Garganacl, L50, F|100\/100\n|switch|p1a: Flutter Mane|Flutter Mane, L50|100\/100\n|move|p1b: Grimmsnarl|Spirit Break|p2a: The Thing\n|-damage|p2a: The Thing|79\/100\n|-unboost|p2a: The Thing|spa|1\n|move|p2b: Micheal Jackson|Spirit Break|p1b: Grimmsnarl\n|-supereffective|p1b: Grimmsnarl\n|-damage|p1b: Grimmsnarl|23\/100\n|-unboost|p1b: Grimmsnarl|spa|1\n|\n|-heal|p2a: The Thing|85\/100|[from] item: Leftovers\n|upkeep\n|turn|3\n|inactive|the20%er has 30 seconds left.\n|inactive|2knight has 30 seconds left.\n|inactive|the20%er has 20 seconds left.\n|inactive|2knight has 20 seconds left.\n|inactive|the20%er has 15 seconds left.\n|inactive|2knight has 15 seconds left.\n|inactive|the20%er has 10 seconds left.\n|\n|t:|1683223078\n|move|p1a: Flutter Mane|Moonblast|p2a: The Thing\n|-damage|p2a: The Thing|34\/100\n|move|p1b: Grimmsnarl|Spirit Break|p2b: Micheal Jackson\n|-supereffective|p2b: Micheal Jackson\n|-damage|p2b: Micheal Jackson|34\/100\n|-unboost|p2b: Micheal Jackson|spa|1\n|move|p2b: Micheal Jackson|Spirit Break|p1a: Flutter Mane\n|-damage|p1a: Flutter Mane|59\/100\n|-unboost|p1a: Flutter Mane|spa|1\n|move|p2a: The Thing|Curse|p2a: The Thing\n|-unboost|p2a: The Thing|spe|1\n|-boost|p2a: The Thing|atk|1\n|-boost|p2a: The Thing|def|1\n|\n|-heal|p2a: The Thing|40\/100|[from] item: Leftovers\n|upkeep\n|turn|4\n|\n|t:|1683223096\n|move|p2b: Micheal Jackson|Thunder Wave|p1a: Flutter Mane\n|-status|p1a: Flutter Mane|par\n|move|p1a: Flutter Mane|Moonblast|p2a: The Thing\n|-damage|p2a: The Thing|8\/100\n|move|p1b: Grimmsnarl|Spirit Break|p2a: The Thing\n|-damage|p2a: The Thing|0 fnt\n|faint|p2a: The Thing\n|\n|upkeep\n|\n|t:|1683223118\n|switch|p2a: Hobo Bird|Iron Bundle, L50|100\/100\n|-enditem|p2a: Hobo Bird|Booster Energy\n|-activate|p2a: Hobo Bird|ability: Quark Drive|[fromitem]\n|-start|p2a: Hobo Bird|quarkdrivespe\n|turn|5\n|inactive|2knight has 30 seconds left.\n|\n|t:|1683223151\n|-end|p1a: Flutter Mane|Protosynthesis|[silent]\n|switch|p1a: Gyarados|Gyarados, L50, F|100\/100\n|-ability|p1a: Gyarados|Intimidate|boost\n|-unboost|p2a: Hobo Bird|atk|1\n|-unboost|p2b: Micheal Jackson|atk|1\n|switch|p2b: Tumor|Ditto, L50, tera:Normal|100\/100\n|-transform|p2b: Tumor|p1a: Gyarados|[from] ability: Imposter\n|-ability|p2b: Tumor|Intimidate|boost\n|-unboost|p1a: Gyarados|atk|1\n|-unboost|p1b: Grimmsnarl|atk|1\n|move|p1b: Grimmsnarl|Light Screen|p1b: Grimmsnarl\n|-sidestart|p1: the20%er|move: Light Screen\n|move|p2a: Hobo Bird|Icy Wind|p1a: Gyarados|[spread] p1a,p1b\n|-damage|p1a: Gyarados|87\/100\n|-damage|p1b: Grimmsnarl|10\/100\n|-unboost|p1a: Gyarados|spe|1\n|-unboost|p1b: Grimmsnarl|spe|1\n|\n|upkeep\n|turn|6\n|inactive|2knight has 30 seconds left.\n|-activate|p2b: Tumor|item: Quick Claw\n|\n|t:|1683223184\n|move|p1a: Gyarados|Protect|p1a: Gyarados\n|-singleturn|p1a: Gyarados|Protect\n|move|p1b: Grimmsnarl|Thunder Wave|p2a: Hobo Bird\n|-status|p2a: Hobo Bird|par\n|move|p2b: Tumor|Dragon Dance|p2b: Tumor\n|-boost|p2b: Tumor|atk|1\n|-boost|p2b: Tumor|spe|1\n|cant|p2a: Hobo Bird|par\n|\n|upkeep\n|turn|7\n|\n|t:|1683223203\n|switch|p1a: Ting-Lu|Ting-Lu, L50|100\/100\n|-ability|p1a: Ting-Lu|Vessel of Ruin\n|move|p2b: Tumor|Protect|p2b: Tumor\n|-singleturn|p2b: Tumor|Protect\n|move|p1b: Grimmsnarl|Thunder Wave|p2b: Tumor\n|-activate|p2b: Tumor|move: Protect\n|move|p2a: Hobo Bird|Freeze-Dry|p1a: Ting-Lu\n|-supereffective|p1a: Ting-Lu\n|-damage|p1a: Ting-Lu|85\/100\n|\n|upkeep\n|turn|8\n|-activate|p2b: Tumor|item: Quick Claw\n|\n|t:|1683223224\n|-terastallize|p1a: Ting-Lu|Poison\n|move|p1b: Grimmsnarl|Thunder Wave|p2b: Tumor\n|-status|p2b: Tumor|par\n|move|p2b: Tumor|Dragon Dance|p2b: Tumor\n|-boost|p2b: Tumor|atk|1\n|-boost|p2b: Tumor|spe|1\n|move|p2a: Hobo Bird|Hydro Pump|p1a: Ting-Lu\n|-damage|p1a: Ting-Lu|73\/100\n|move|p1a: Ting-Lu|Body Press|p2b: Tumor\n|-supereffective|p2b: Tumor\n|-damage|p2b: Tumor|17\/100 par\n|\n|upkeep\n|turn|9\n|inactive|2knight has 30 seconds left.\n|\n|t:|1683223249\n|move|p1b: Grimmsnarl|Reflect|p1b: Grimmsnarl\n|-sidestart|p1: the20%er|Reflect\n|move|p2a: Hobo Bird|Encore|p1b: Grimmsnarl\n|-start|p1b: Grimmsnarl|Encore\n|move|p2b: Tumor|Iron Head|p1a: Ting-Lu\n|-damage|p1a: Ting-Lu|53\/100\n|cant|p1a: Ting-Lu|flinch\n|\n|upkeep\n|turn|10\n|-activate|p2b: Tumor|item: Quick Claw\n|\n|t:|1683223267\n|switch|p1b: Gyarados|Gyarados, L50, F|87\/100\n|-ability|p1b: Gyarados|Intimidate|boost\n|-unboost|p2a: Hobo Bird|atk|1\n|-unboost|p2b: Tumor|atk|1\n|move|p2b: Tumor|Iron Head|p1a: Ting-Lu\n|-damage|p1a: Ting-Lu|38\/100\n|move|p2a: Hobo Bird|Hydro Pump|p1a: Ting-Lu\n|-damage|p1a: Ting-Lu|24\/100\n|cant|p1a: Ting-Lu|flinch\n|\n|upkeep\n|turn|11\n|\n|t:|1683223291\n|move|p2a: Hobo Bird|Freeze-Dry|p1b: Gyarados\n|-supereffective|p1b: Gyarados\n|-damage|p1b: Gyarados|23\/100\n|move|p2b: Tumor|Waterfall|p1a: Ting-Lu\n|-damage|p1a: Ting-Lu|1\/100\n|move|p1b: Gyarados|Waterfall|p2b: Tumor\n|-damage|p2b: Tumor|0 fnt\n|faint|p2b: Tumor\n|move|p1a: Ting-Lu|Body Press|p2a: Hobo Bird\n|-supereffective|p2a: Hobo Bird\n|-damage|p2a: Hobo Bird|41\/100 par\n|\n|upkeep\n|\n|t:|1683223297\n|switch|p2b: Micheal Jackson|Grimmsnarl, L50, M, shiny|34\/100\n|turn|12\n|\n|t:|1683223307\n|move|p2b: Micheal Jackson|Fake Out|p1b: Gyarados\n|-damage|p1b: Gyarados|12\/100\n|move|p2a: Hobo Bird|Icy Wind|p1b: Gyarados|[spread] p1a,p1b\n|-damage|p1a: Ting-Lu|0 fnt\n|-damage|p1b: Gyarados|3\/100\n|-unboost|p1b: Gyarados|spe|1\n|faint|p1a: Ting-Lu\n|cant|p1b: Gyarados|flinch\n|\n|-sideend|p1: the20%er|move: Light Screen\n|upkeep\n|\n|t:|1683223320\n|switch|p1a: Grimmsnarl|Grimmsnarl, L50, M|10\/100\n|turn|13\n|\n|t:|1683223333\n|move|p2a: Hobo Bird|Icy Wind|p1a: Grimmsnarl|[spread] p1a,p1b\n|-damage|p1a: Grimmsnarl|0 fnt\n|-damage|p1b: Gyarados|0 fnt\n|faint|p1a: Grimmsnarl\n|faint|p1b: Gyarados\n|move|p2b: Micheal Jackson|Spirit Break|p1: Grimmsnarl|[notarget]\n|-fail|p2b: Micheal Jackson\n|\n|upkeep\n|\n|t:|1683223341\n|switch|p1a: Flutter Mane|Flutter Mane, L50|59\/100 par\n|turn|14\n|\n|t:|1683223349\n|move|p2a: Hobo Bird|Freeze-Dry|p1a: Flutter Mane\n|-damage|p1a: Flutter Mane|28\/100 par\n|cant|p1a: Flutter Mane|par\n|move|p2b: Micheal Jackson|Spirit Break|p1a: Flutter Mane\n|-damage|p1a: Flutter Mane|0 fnt\n|faint|p1a: Flutter Mane\n|-end|p1a: Flutter Mane|Protosynthesis|[silent]\n|\n|win|2knight\n|raw|the20%er's rating: 1156 → 1133<\/strong> (-23 for losing)\n|raw|2knight's rating: 1181 → 1204<\/strong> (+23 for winning)\n|l|\u2606the20%er\n","uploadtime":1683223363,"views":11,"p1id":"the20er","p2id":"2knight","formatid":"gen9vgc2023regulationc","rating":1133,"private":0,"password":""}