{"id":"gen9vgc2023regulationc-1854445748","p1":"NicoHaxVGC","p2":"WheresWally2241","format":"[Gen 9] VGC 2023 Regulation C","log":"|j|\u2606NicoHaxVGC\n|j|\u2606WheresWally2241\n|t:|1682811862\n|gametype|doubles\n|player|p1|NicoHaxVGC|red|1328\n|player|p2|WheresWally2241|lucas-gen4pt|1229\n|teamsize|p1|6\n|teamsize|p2|6\n|gen|9\n|tier|[Gen 9] VGC 2023 Regulation C\n|rated|\n|rule|Species Clause: Limit one of each Pok\u00e9mon\n|rule|Item Clause: Limit one of each item\n|clearpoke\n|poke|p1|Corviknight, L50, F|\n|poke|p1|Ting-Lu, L50|\n|poke|p1|Annihilape, L50, M|\n|poke|p1|Iron Bundle, L50|\n|poke|p1|Flutter Mane, L50|\n|poke|p1|Maushold, L50|\n|poke|p2|Mudsdale, L50, M|\n|poke|p2|Grimmsnarl, L50, M|\n|poke|p2|Arcanine, L50, F|\n|poke|p2|Annihilape, L50, F|\n|poke|p2|Gastrodon, L50, F|\n|poke|p2|Rotom-Wash, L50|\n|teampreview|4\n|inactive|Battle timer is ON: inactive players will automatically lose when time's up. (requested by NicoHaxVGC)\n|inactive|WheresWally2241 has 60 seconds left.\nWheresWally2241 has agreed to open team sheets.\n|inactive|WheresWally2241 has 30 seconds left.\n|inactive|WheresWally2241 has 20 seconds left.\n|inactive|WheresWally2241 has 15 seconds left.\n|inactive|WheresWally2241 has 10 seconds left.\n|inactive|WheresWally2241 has 5 seconds left.\n|\n|t:|1682811953\n|start\n|switch|p1a: Robin|Annihilape, L50, M|100\/100\n|switch|p1b: ICBF|Maushold, L50|100\/100\n|switch|p2a: Mudsdale|Mudsdale, L50, M|100\/100\n|switch|p2b: Grimmsnarl|Grimmsnarl, L50, M|100\/100\n|turn|1\n|inactive|WheresWally2241 has 30 seconds left.\n|inactive|WheresWally2241 has 20 seconds left.\n|\n|t:|1682811988\n|move|p2b: Grimmsnarl|Reflect|p2b: Grimmsnarl\n|-sidestart|p2: WheresWally2241|Reflect\n|move|p1b: ICBF|Beat Up|p1a: Robin\n|-damage|p1a: Robin|98\/100\n|-damage|p1a: Robin|96\/100\n|-damage|p1a: Robin|94\/100\n|-damage|p1a: Robin|92\/100\n|-hitcount|p1a: Robin|4\n|move|p1a: Robin|Drain Punch|p2a: Mudsdale\n|-damage|p2a: Mudsdale|80\/100\n|-heal|p1a: Robin|100\/100|[from] drain|[of] p2a: Mudsdale\n|-ability|p2a: Mudsdale|Stamina|boost\n|-boost|p2a: Mudsdale|def|1\n|move|p2a: Mudsdale|Heavy Slam|p1a: Robin\n|-damage|p1a: Robin|68\/100\n|\n|-heal|p1a: Robin|75\/100|[from] item: Leftovers\n|upkeep\n|turn|2\n|inactive|NicoHaxVGC has 30 seconds left.\n|inactive|WheresWally2241 has 30 seconds left.\n|\n|t:|1682812016\n|move|p1b: ICBF|Baby-Doll Eyes|p2a: Mudsdale\n|-unboost|p2a: Mudsdale|atk|1\n|move|p1a: Robin|Rage Fist|p2b: Grimmsnarl\n|-resisted|p2b: Grimmsnarl\n|-damage|p2b: Grimmsnarl|42\/100\n|move|p2b: Grimmsnarl|Spirit Break|p1a: Robin\n|-supereffective|p1a: Robin\n|-damage|p1a: Robin|24\/100\n|-unboost|p1a: Robin|spa|1\n|-ability|p1a: Robin|Defiant|boost\n|-boost|p1a: Robin|atk|2\n|move|p2a: Mudsdale|Body Press|p1b: ICBF\n|-supereffective|p1b: ICBF\n|-damage|p1b: ICBF|39\/100\n|\n|-heal|p1a: Robin|30\/100|[from] item: Leftovers\n|upkeep\n|turn|3\n|inactive|NicoHaxVGC has 30 seconds left.\n|inactive|WheresWally2241 has 30 seconds left.\n|inactive|NicoHaxVGC has 20 seconds left.\n|\n|t:|1682812053\n|-terastallize|p1a: Robin|Fire\n|move|p1b: ICBF|Baby-Doll Eyes|p2a: Mudsdale\n|-unboost|p2a: Mudsdale|atk|1\n|move|p1a: Robin|Drain Punch|p2b: Grimmsnarl\n|-damage|p2b: Grimmsnarl|0 fnt\n|-heal|p1a: Robin|50\/100|[from] drain|[of] p2b: Grimmsnarl\n|faint|p2b: Grimmsnarl\n|move|p2a: Mudsdale|Body Press|p1b: ICBF\n|-supereffective|p1b: ICBF\n|-damage|p1b: ICBF|0 fnt\n|faint|p1b: ICBF\n|\n|-heal|p1a: Robin|57\/100|[from] item: Leftovers\n|upkeep\n|inactive|NicoHaxVGC has 30 seconds left.\n|\n|t:|1682812079\n|switch|p1b: Cyborg|Iron Bundle, L50|100\/100\n|switch|p2b: Annihilape|Annihilape, L50, F|100\/100\n|-enditem|p1b: Cyborg|Booster Energy\n|-activate|p1b: Cyborg|ability: Quark Drive|[fromitem]\n|-start|p1b: Cyborg|quarkdrivespe\n|turn|4\n|\n|t:|1682812097\n|-terastallize|p2a: Mudsdale|Grass\n|move|p1b: Cyborg|Icy Wind|p2a: Mudsdale|[spread] p2a,p2b\n|-supereffective|p2a: Mudsdale\n|-damage|p2a: Mudsdale|56\/100\n|-damage|p2b: Annihilape|82\/100\n|-unboost|p2a: Mudsdale|spe|1\n|-unboost|p2b: Annihilape|spe|1\n|-ability|p2b: Annihilape|Defiant|boost\n|-boost|p2b: Annihilape|atk|2\n|-ability|p2a: Mudsdale|Stamina|boost\n|-boost|p2a: Mudsdale|def|1\n|move|p1a: Robin|Rage Fist|p2b: Annihilape\n|-supereffective|p2b: Annihilape\n|-damage|p2b: Annihilape|0 fnt\n|faint|p2b: Annihilape\n|move|p2a: Mudsdale|Body Press|p1a: Robin\n|-damage|p1a: Robin|20\/100\n|\n|-heal|p1a: Robin|26\/100|[from] item: Leftovers\n|upkeep\n|\n|t:|1682812110\n|switch|p2b: Arcanine|Arcanine, L50, F|100\/100\n|-ability|p2b: Arcanine|Intimidate|boost\n|-unboost|p1a: Robin|atk|1\n|-ability|p1a: Robin|Defiant|boost\n|-boost|p1a: Robin|atk|2\n|-unboost|p1b: Cyborg|atk|1\n|turn|5\n|\n|t:|1682812130\n|move|p1a: Robin|Protect|p1a: Robin\n|-singleturn|p1a: Robin|Protect\n|move|p2b: Arcanine|Extreme Speed|p1a: Robin\n|-activate|p1a: Robin|move: Protect\n|move|p1b: Cyborg|Hydro Pump|p2b: Arcanine\n|-supereffective|p2b: Arcanine\n|-damage|p2b: Arcanine|0 fnt\n|faint|p2b: Arcanine\n|move|p2a: Mudsdale|Body Press|p1b: Cyborg\n|-supereffective|p1b: Cyborg\n|-damage|p1b: Cyborg|19\/100\n|\n|-heal|p1a: Robin|32\/100|[from] item: Leftovers\n|upkeep\n|turn|6\n|\n|t:|1682812147\n|move|p1b: Cyborg|Freeze-Dry|p2a: Mudsdale\n|-supereffective|p2a: Mudsdale\n|-damage|p2a: Mudsdale|12\/100\n|-ability|p2a: Mudsdale|Stamina|boost\n|-boost|p2a: Mudsdale|def|1\n|move|p1a: Robin|Rage Fist|p2a: Mudsdale\n|-damage|p2a: Mudsdale|0 fnt\n|faint|p2a: Mudsdale\n|\n|win|NicoHaxVGC\n|raw|NicoHaxVGC's rating: 1328 → 1342<\/strong> (+14 for winning)\n|raw|WheresWally2241's rating: 1229 → 1211<\/strong> (-18 for losing)\n|l|\u2606WheresWally2241\n","uploadtime":1682812154,"views":17,"p1id":"nicohaxvgc","p2id":"whereswally2241","formatid":"gen9vgc2023regulationc","rating":1211,"private":0,"password":""}