{"id":"gen9vgc2023regulationc-1861053209","p1":"lelanth","p2":"bpinela","format":"[Gen 9] VGC 2023 Regulation C","log":"|j|\u2606lelanth\n|j|\u2606bpinela\n|t:|1683721335\n|gametype|doubles\n|player|p1|lelanth|depotagent|1103\n|player|p2|bpinela|kimonogirl|1082\n|teamsize|p1|6\n|teamsize|p2|6\n|gen|9\n|tier|[Gen 9] VGC 2023 Regulation C\n|rated|\n|rule|Species Clause: Limit one of each Pok\u00e9mon\n|rule|Item Clause: Limit one of each item\n|clearpoke\n|poke|p1|Lilligant, L50, F|\n|poke|p1|Torkoal, L50, M|\n|poke|p1|Orthworm, L50, F|\n|poke|p1|Ting-Lu, L50|\n|poke|p1|Iron Moth, L50|\n|poke|p1|Murkrow, L50, M|\n|poke|p2|Pincurchin, L50, M|\n|poke|p2|Iron Bundle, L50|\n|poke|p2|Iron Valiant, L50|\n|poke|p2|Wo-Chien, L50|\n|poke|p2|Grafaiai, L50, F|\n|poke|p2|Chi-Yu, L50|\n|teampreview|4\nlelanth has agreed to open team sheets.\n|inactive|Battle timer is ON: inactive players will automatically lose when time's up. (requested by bpinela)\n|\n|t:|1683721410\n|start\n|switch|p1a: Murkrow|Murkrow, L50, M|100\/100\n|switch|p1b: Iron Moth|Iron Moth, L50|100\/100\n|switch|p2a: Pincurchin|Pincurchin, L50, M|100\/100\n|switch|p2b: Chi-Yu|Chi-Yu, L50|100\/100\n|-ability|p2b: Chi-Yu|Beads of Ruin\n|-fieldstart|move: Electric Terrain|[from] ability: Electric Surge|[of] p2a: Pincurchin\n|-activate|p1b: Iron Moth|ability: Quark Drive\n|-start|p1b: Iron Moth|quarkdrivespa\n|turn|1\n|inactive|lelanth has 30 seconds left.\n|inactive|bpinela has 30 seconds left.\n|inactive|lelanth has 20 seconds left.\n|\n|t:|1683721445\n|move|p1a: Murkrow|Tailwind|p1a: Murkrow\n|-sidestart|p1: lelanth|move: Tailwind\n|move|p1b: Iron Moth|Heat Wave|p2a: Pincurchin|[spread] p2a,p2b\n|-resisted|p2b: Chi-Yu\n|-damage|p2a: Pincurchin|27\/100\n|-damage|p2b: Chi-Yu|68\/100\n|move|p2b: Chi-Yu|Dark Pulse|p1b: Iron Moth\n|-damage|p1b: Iron Moth|64\/100\n|move|p2a: Pincurchin|Acupressure|p2b: Chi-Yu\n|-boost|p2b: Chi-Yu|evasion|2\n|\n|upkeep\n|turn|2\n|\n|t:|1683721462\n|switch|p1a: Torkoal|Torkoal, L50, M|100\/100\n|-weather|SunnyDay|[from] ability: Drought|[of] p1a: Torkoal\n|move|p1b: Iron Moth|Heat Wave|p2a: Pincurchin|[spread] p2a,p2b\n|-crit|p2a: Pincurchin\n|-resisted|p2b: Chi-Yu\n|-damage|p2a: Pincurchin|0 fnt\n|-damage|p2b: Chi-Yu|18\/100\n|faint|p2a: Pincurchin\n|move|p2b: Chi-Yu|Dark Pulse|p1b: Iron Moth\n|-damage|p1b: Iron Moth|27\/100\n|\n|-weather|SunnyDay|[upkeep]\n|upkeep\n|\n|t:|1683721476\n|switch|p2a: Iron Valiant|Iron Valiant, L50|100\/100\n|-activate|p2a: Iron Valiant|ability: Quark Drive\n|-start|p2a: Iron Valiant|quarkdriveatk\n|turn|3\n|\n|t:|1683721485\n|move|p2a: Iron Valiant|Shadow Sneak|p1b: Iron Moth\n|-damage|p1b: Iron Moth|0 fnt\n|faint|p1b: Iron Moth\n|-end|p1b: Iron Moth|Quark Drive|[silent]\n|move|p2b: Chi-Yu|Dark Pulse|p1a: Torkoal\n|-damage|p1a: Torkoal|11\/100\n|move|p1a: Torkoal|Heat Wave|p2a: Iron Valiant|[spread] p2b\n|-miss|p1a: Torkoal|p2a: Iron Valiant\n|-resisted|p2b: Chi-Yu\n|-damage|p2b: Chi-Yu|0 fnt\n|faint|p2b: Chi-Yu\n|\n|-weather|SunnyDay|[upkeep]\n|upkeep\n|\n|t:|1683721505\n|switch|p2b: Wo-Chien|Wo-Chien, L50|100\/100\n|switch|p1b: Murkrow|Murkrow, L50, M|100\/100\n|-ability|p2b: Wo-Chien|Tablets of Ruin\n|turn|4\n|inactive|bpinela has 30 seconds left.\n|\n|t:|1683721532\n|move|p1a: Torkoal|Protect|p1a: Torkoal\n|-singleturn|p1a: Torkoal|Protect\n|move|p1b: Murkrow|Foul Play|p2a: Iron Valiant\n|-resisted|p2a: Iron Valiant\n|-damage|p2a: Iron Valiant|88\/100\n|move|p2a: Iron Valiant|Spirit Break|p1b: Murkrow\n|-supereffective|p1b: Murkrow\n|-damage|p1b: Murkrow|38\/100\n|-unboost|p1b: Murkrow|spa|1\n|move|p2b: Wo-Chien|Foul Play|p1a: Torkoal\n|-activate|p1a: Torkoal|move: Protect\n|\n|-weather|SunnyDay|[upkeep]\n|-sideend|p1: lelanth|move: Tailwind\n|upkeep\n|turn|5\n|inactive|bpinela has 30 seconds left.\n|\n|t:|1683721560\n|move|p2a: Iron Valiant|Psycho Cut|p1a: Torkoal\n|-damage|p1a: Torkoal|0 fnt\n|faint|p1a: Torkoal\n|move|p1b: Murkrow|Foul Play|p2a: Iron Valiant\n|-resisted|p2a: Iron Valiant\n|-damage|p2a: Iron Valiant|76\/100\n|move|p2b: Wo-Chien|Leech Seed|p1b: Murkrow\n|-start|p1b: Murkrow|move: Leech Seed\n|\n|-weather|SunnyDay|[upkeep]\n|-damage|p1b: Murkrow|26\/100|[from] Leech Seed|[of] p2b: Wo-Chien\n|-fieldend|move: Electric Terrain\n|-end|p2a: Iron Valiant|Quark Drive\n|upkeep\n|\n|t:|1683721570\n|switch|p1a: Ting-Lu|Ting-Lu, L50|100\/100\n|-ability|p1a: Ting-Lu|Vessel of Ruin\n|turn|6\n|\n|t:|1683721583\n|move|p1b: Murkrow|Tailwind|p1b: Murkrow\n|-sidestart|p1: lelanth|move: Tailwind\n|move|p2a: Iron Valiant|Close Combat|p1a: Ting-Lu\n|-supereffective|p1a: Ting-Lu\n|-damage|p1a: Ting-Lu|50\/100\n|-unboost|p2a: Iron Valiant|def|1\n|-unboost|p2a: Iron Valiant|spd|1\n|move|p1a: Ting-Lu|Earthquake|p2b: Wo-Chien|[spread] p2a,p2b\n|-immune|p1b: Murkrow\n|-resisted|p2b: Wo-Chien\n|-damage|p2a: Iron Valiant|25\/100\n|-damage|p2b: Wo-Chien|89\/100\n|move|p2b: Wo-Chien|Leech Seed|p1a: Ting-Lu\n|-start|p1a: Ting-Lu|move: Leech Seed\n|\n|-weather|none\n|-heal|p2b: Wo-Chien|95\/100|[from] item: Leftovers\n|-damage|p1b: Murkrow|14\/100|[from] Leech Seed|[of] p2b: Wo-Chien\n|-heal|p2b: Wo-Chien|100\/100|[silent]\n|-damage|p1a: Ting-Lu|38\/100|[from] Leech Seed|[of] p2b: Wo-Chien\n|upkeep\n|turn|7\n|\n|t:|1683721608\n|move|p2a: Iron Valiant|Shadow Sneak|p1b: Murkrow\n|-resisted|p1b: Murkrow\n|-damage|p1b: Murkrow|9\/100\n|move|p1b: Murkrow|Foul Play|p2a: Iron Valiant\n|-resisted|p2a: Iron Valiant\n|-damage|p2a: Iron Valiant|8\/100\n|move|p1a: Ting-Lu|Body Press|p2b: Wo-Chien\n|-supereffective|p2b: Wo-Chien\n|-damage|p2b: Wo-Chien|70\/100\n|move|p2b: Wo-Chien|Foul Play|p1a: Ting-Lu\n|-resisted|p1a: Ting-Lu\n|-damage|p1a: Ting-Lu|25\/100\n|-enditem|p1a: Ting-Lu|Aguav Berry|[eat]\n|-heal|p1a: Ting-Lu|59\/100|[from] item: Aguav Berry\n|\n|-heal|p2b: Wo-Chien|77\/100|[from] item: Leftovers\n|-damage|p1b: Murkrow|0 fnt|[from] Leech Seed|[of] p2b: Wo-Chien\n|-heal|p2b: Wo-Chien|84\/100|[silent]\n|faint|p1b: Murkrow\n|-damage|p1a: Ting-Lu|46\/100|[from] Leech Seed|[of] p2b: Wo-Chien\n|-heal|p2b: Wo-Chien|100\/100|[silent]\n|upkeep\n|turn|8\n|-message|lelanth forfeited.\n|\n|win|bpinela\n|raw|lelanth's rating: 1103 → 1076<\/strong> (-27 for losing)\n|raw|bpinela's rating: 1082 → 1111<\/strong> (+29 for winning)\n|l|\u2606lelanth\n","uploadtime":1683721637,"views":10,"p1id":"lelanth","p2id":"bpinela","formatid":"gen9vgc2023regulationc","rating":1076,"private":0,"password":""}