{"id":"gen9vgc2023regulationc-1851111999","p1":"McPborn","p2":"ChiangWu","format":"[Gen 9] VGC 2023 Regulation C","log":"|j|\u2606McPborn\n|j|\u2606ChiangWu\n|t:|1682411246\n|gametype|doubles\n|player|p1|McPborn|265|1365\n|player|p2|ChiangWu|170|1462\n|teamsize|p1|6\n|teamsize|p2|6\n|gen|9\n|tier|[Gen 9] VGC 2023 Regulation C\n|rated|\n|rule|Species Clause: Limit one of each Pok\u00e9mon\n|rule|Item Clause: Limit one of each item\n|clearpoke\n|poke|p1|Iron Bundle, L50|\n|poke|p1|Scizor, L50, F|\n|poke|p1|Chi-Yu, L50|\n|poke|p1|Dachsbun, L50, M|\n|poke|p1|Flutter Mane, L50|\n|poke|p1|Wo-Chien, L50|\n|poke|p2|Grimmsnarl, L50, M|\n|poke|p2|Vaporeon, L50, F|\n|poke|p2|Annihilape, L50, F|\n|poke|p2|Flutter Mane, L50|\n|poke|p2|Goodra, L50, M|\n|poke|p2|Scizor, L50, F|\n|teampreview|4\n|\n|t:|1682411303\n|start\n|switch|p1a: Chi-Yu|Chi-Yu, L50|100\/100\n|switch|p1b: Scizor|Scizor, L50, F|100\/100\n|switch|p2a: Grimmsnarl|Grimmsnarl, L50, M, shiny|100\/100\n|switch|p2b: Vaporeon|Vaporeon, L50, F, shiny|100\/100\n|-ability|p1a: Chi-Yu|Beads of Ruin\n|turn|1\n|\n|t:|1682411333\n|switch|p1a: Wo-Chien|Wo-Chien, L50|100\/100\n|-ability|p1a: Wo-Chien|Tablets of Ruin\n|-terastallize|p2a: Grimmsnarl|Steel\n|move|p1b: Scizor|Bullet Punch|p2a: Grimmsnarl\n|-resisted|p2a: Grimmsnarl\n|-damage|p2a: Grimmsnarl|87\/100\n|move|p2a: Grimmsnarl|Light Screen|p2a: Grimmsnarl\n|-sidestart|p2: ChiangWu|move: Light Screen\n|move|p2b: Vaporeon|Calm Mind|p2b: Vaporeon\n|-boost|p2b: Vaporeon|spa|1\n|-boost|p2b: Vaporeon|spd|1\n|\n|upkeep\n|turn|2\n|inactive|Battle timer is ON: inactive players will automatically lose when time's up. (requested by McPborn)\n|j| MondayXyz\n|\n|t:|1682411358\n|switch|p2a: Goodra|Goodra, L50, M, shiny|100\/100\n|move|p2b: Vaporeon|Protect|p2b: Vaporeon\n|-singleturn|p2b: Vaporeon|Protect\n|move|p1a: Wo-Chien|Leech Seed|p2b: Vaporeon\n|-activate|p2b: Vaporeon|move: Protect\n|move|p1b: Scizor|Close Combat|p2a: Goodra\n|-damage|p2a: Goodra|67\/100\n|-unboost|p1b: Scizor|def|1\n|-unboost|p1b: Scizor|spd|1\n|\n|upkeep\n|turn|3\n|inactive|ChiangWu has 30 seconds left.\n|\n|t:|1682411385\n|switch|p1b: Dachsbun|Dachsbun, L50, M|100\/100\n|move|p2a: Goodra|Sludge Bomb|p1a: Wo-Chien\n|-supereffective|p1a: Wo-Chien\n|-damage|p1a: Wo-Chien|71\/100\n|move|p1a: Wo-Chien|Leech Seed|p2b: Vaporeon\n|-start|p2b: Vaporeon|move: Leech Seed\n|move|p2b: Vaporeon|Muddy Water|p1a: Wo-Chien|[spread] p1a\n|-miss|p2b: Vaporeon|p1b: Dachsbun\n|-resisted|p1a: Wo-Chien\n|-damage|p1a: Wo-Chien|55\/100\n|-unboost|p1a: Wo-Chien|accuracy|1\n|\n|-damage|p2b: Vaporeon|88\/100|[from] Leech Seed|[of] p1a: Wo-Chien\n|-heal|p1a: Wo-Chien|75\/100|[silent]\n|upkeep\n|turn|4\n|inactive|McPborn has 30 seconds left.\n|\n|t:|1682411420\n|move|p1b: Dachsbun|Yawn|p2b: Vaporeon\n|-start|p2b: Vaporeon|move: Yawn|[of] p1b: Dachsbun\n|move|p2a: Goodra|Surf|p1b: Dachsbun|[spread] p1a,p1b\n|-heal|p2b: Vaporeon|100\/100|[from] ability: Water Absorb|[of] p2a: Goodra\n|-resisted|p1a: Wo-Chien\n|-damage|p1a: Wo-Chien|69\/100\n|-damage|p1b: Dachsbun|68\/100\n|move|p1a: Wo-Chien|Leech Seed|p2a: Goodra\n|-ability|p2a: Goodra|Sap Sipper|boost\n|-boost|p2a: Goodra|atk|1\n|move|p2b: Vaporeon|Muddy Water|p1a: Wo-Chien|[spread] p1a,p1b\n|-resisted|p1a: Wo-Chien\n|-damage|p1a: Wo-Chien|54\/100\n|-damage|p1b: Dachsbun|0 fnt\n|-unboost|p1a: Wo-Chien|accuracy|1\n|faint|p1b: Dachsbun\n|\n|-damage|p2b: Vaporeon|88\/100|[from] Leech Seed|[of] p1a: Wo-Chien\n|-heal|p1a: Wo-Chien|74\/100|[silent]\n|upkeep\n|\n|t:|1682411441\n|switch|p1b: Scizor|Scizor, L50, F|100\/100\n|turn|5\n|inactive|McPborn has 30 seconds left.\n|\n|t:|1682411468\n|move|p2a: Goodra|Surf|p1a: Wo-Chien|[spread] p1a,p1b\n|-heal|p2b: Vaporeon|100\/100|[from] ability: Water Absorb|[of] p2a: Goodra\n|-resisted|p1a: Wo-Chien\n|-damage|p1a: Wo-Chien|68\/100\n|-damage|p1b: Scizor|85\/100\n|move|p1a: Wo-Chien|Leech Seed|p2a: Goodra\n|-ability|p2a: Goodra|Sap Sipper|boost\n|-boost|p2a: Goodra|atk|1\n|move|p1b: Scizor|X-Scissor|p2a: Goodra\n|-damage|p2a: Goodra|38\/100\n|-enditem|p2a: Goodra|Sitrus Berry|[eat]\n|-heal|p2a: Goodra|63\/100|[from] item: Sitrus Berry\n|move|p2b: Vaporeon|Muddy Water|p1b: Scizor|[spread] \n|-miss|p2b: Vaporeon|p1a: Wo-Chien\n|-miss|p2b: Vaporeon|p1b: Scizor\n|\n|-damage|p2b: Vaporeon|88\/100|[from] Leech Seed|[of] p1a: Wo-Chien\n|-heal|p1a: Wo-Chien|88\/100|[silent]\n|-end|p2b: Vaporeon|move: Yawn|[silent]\n|-status|p2b: Vaporeon|slp\n|upkeep\n|turn|6\n|inactive|McPborn has 30 seconds left.\n|inactive|ChiangWu has 30 seconds left.\n|\n|t:|1682411499\n|move|p2a: Goodra|Protect|p2a: Goodra\n|-singleturn|p2a: Goodra|Protect\n|move|p1b: Scizor|Bullet Punch|p2a: Goodra\n|-activate|p2a: Goodra|move: Protect\n|move|p1a: Wo-Chien|Foul Play|p2a: Goodra\n|-activate|p2a: Goodra|move: Protect\n|cant|p2b: Vaporeon|slp\n|\n|-damage|p2b: Vaporeon|76\/100 slp|[from] Leech Seed|[of] p1a: Wo-Chien\n|-heal|p1a: Wo-Chien|100\/100|[silent]\n|upkeep\n|turn|7\n|\n|t:|1682411517\n|move|p1b: Scizor|Bullet Punch|p2a: Goodra\n|-damage|p2a: Goodra|39\/100\n|move|p2a: Goodra|Surf|p1b: Scizor|[spread] p1a,p1b\n|-heal|p2b: Vaporeon|100\/100 slp|[from] ability: Water Absorb|[of] p2a: Goodra\n|-resisted|p1a: Wo-Chien\n|-damage|p1a: Wo-Chien|94\/100\n|-damage|p1b: Scizor|70\/100\n|move|p1a: Wo-Chien|Foul Play|p2a: Goodra\n|-damage|p2a: Goodra|0 fnt\n|faint|p2a: Goodra\n|cant|p2b: Vaporeon|slp\n|\n|-damage|p2b: Vaporeon|88\/100 slp|[from] Leech Seed|[of] p1a: Wo-Chien\n|-heal|p1a: Wo-Chien|100\/100|[silent]\n|upkeep\n|\n|t:|1682411535\n|switch|p2a: Annihilape|Annihilape, L50, F|100\/100\n|turn|8\n|\n|t:|1682411558\n|switch|p1a: Chi-Yu|Chi-Yu, L50|100\/100\n|-ability|p1a: Chi-Yu|Beads of Ruin\n|move|p2a: Annihilape|Bulk Up|p2a: Annihilape\n|-boost|p2a: Annihilape|atk|1\n|-boost|p2a: Annihilape|def|1\n|move|p1b: Scizor|X-Scissor|p2b: Vaporeon\n|-damage|p2b: Vaporeon|52\/100 slp\n|-curestatus|p2b: Vaporeon|slp|[msg]\n|move|p2b: Vaporeon|Muddy Water|p1a: Chi-Yu|[spread] p1a,p1b\n|-supereffective|p1a: Chi-Yu\n|-enditem|p1a: Chi-Yu|Focus Sash\n|-damage|p1a: Chi-Yu|1\/100\n|-damage|p1b: Scizor|15\/100\n|-unboost|p1a: Chi-Yu|accuracy|1\n|\n|-damage|p2b: Vaporeon|40\/100|[from] Leech Seed|[of] p1a: Chi-Yu\n|-heal|p1a: Chi-Yu|23\/100|[silent]\n|-sideend|p2: ChiangWu|move: Light Screen\n|upkeep\n|turn|9\n|inactive|McPborn has 30 seconds left.\n|inactive|ChiangWu has 30 seconds left.\n|inactive|McPborn has 20 seconds left.\n|\n|t:|1682411595\n|move|p1a: Chi-Yu|Dark Pulse|p2a: Annihilape\n|-damage|p2a: Annihilape|63\/100\n|move|p2a: Annihilape|Drain Punch|p1a: Chi-Yu\n|-supereffective|p1a: Chi-Yu\n|-damage|p1a: Chi-Yu|0 fnt\n|-heal|p2a: Annihilape|70\/100|[from] drain|[of] p1a: Chi-Yu\n|faint|p1a: Chi-Yu\n|move|p1b: Scizor|Close Combat|p2a: Annihilape\n|-immune|p2a: Annihilape\n|move|p2b: Vaporeon|Muddy Water|p1b: Scizor\n|-damage|p1b: Scizor|0 fnt\n|faint|p1b: Scizor\n|\n|-heal|p2a: Annihilape|76\/100|[from] item: Leftovers\n|upkeep\n|\n|t:|1682411611\n|switch|p1a: Wo-Chien|Wo-Chien, L50|100\/100\n|-ability|p1a: Wo-Chien|Tablets of Ruin\n|turn|10\n|\n|t:|1682411630\n|-terastallize|p1a: Wo-Chien|Poison\n|move|p2a: Annihilape|Drain Punch|p1a: Wo-Chien\n|-resisted|p1a: Wo-Chien\n|-damage|p1a: Wo-Chien|87\/100\n|-heal|p2a: Annihilape|82\/100|[from] drain|[of] p1a: Wo-Chien\n|move|p1a: Wo-Chien|Leech Seed|p2a: Annihilape\n|-start|p2a: Annihilape|move: Leech Seed\n|move|p2b: Vaporeon|Muddy Water|p1a: Wo-Chien\n|-damage|p1a: Wo-Chien|42\/100\n|-unboost|p1a: Wo-Chien|accuracy|1\n|\n|-heal|p2a: Annihilape|88\/100|[from] item: Leftovers\n|-damage|p2a: Annihilape|75\/100|[from] Leech Seed|[of] p1a: Wo-Chien\n|-heal|p1a: Wo-Chien|60\/100|[silent]\n|-damage|p2b: Vaporeon|28\/100|[from] Leech Seed|[of] p1a: Wo-Chien\n|-heal|p1a: Wo-Chien|80\/100|[silent]\n|upkeep\n|turn|11\n|\n|t:|1682411651\n|move|p1a: Wo-Chien|Protect|p1a: Wo-Chien\n|-singleturn|p1a: Wo-Chien|Protect\n|move|p2a: Annihilape|Rage Fist|p1a: Wo-Chien\n|-activate|p1a: Wo-Chien|move: Protect\n|move|p2b: Vaporeon|Muddy Water|p1a: Wo-Chien\n|-activate|p1a: Wo-Chien|move: Protect\n|\n|-heal|p2a: Annihilape|81\/100|[from] item: Leftovers\n|-damage|p2a: Annihilape|69\/100|[from] Leech Seed|[of] p1a: Wo-Chien\n|-heal|p1a: Wo-Chien|98\/100|[silent]\n|-damage|p2b: Vaporeon|16\/100|[from] Leech Seed|[of] p1a: Wo-Chien\n|-heal|p1a: Wo-Chien|100\/100|[silent]\n|upkeep\n|turn|12\n|\n|t:|1682411670\n|move|p2a: Annihilape|Rage Fist|p1a: Wo-Chien\n|-damage|p1a: Wo-Chien|60\/100\n|move|p1a: Wo-Chien|Foul Play|p2b: Vaporeon\n|-damage|p2b: Vaporeon|1\/100\n|move|p2b: Vaporeon|Muddy Water|p1a: Wo-Chien\n|-damage|p1a: Wo-Chien|17\/100\n|\n|-heal|p2a: Annihilape|75\/100|[from] item: Leftovers\n|-damage|p2a: Annihilape|62\/100|[from] Leech Seed|[of] p1a: Wo-Chien\n|-heal|p1a: Wo-Chien|36\/100|[silent]\n|-damage|p2b: Vaporeon|0 fnt|[from] Leech Seed|[of] p1a: Wo-Chien\n|-heal|p1a: Wo-Chien|37\/100|[silent]\n|faint|p2b: Vaporeon\n|upkeep\n|\n|t:|1682411685\n|switch|p2b: Grimmsnarl|Grimmsnarl, L50, M, shiny, tera:Steel|87\/100\n|turn|13\n|\n|t:|1682411701\n|move|p1a: Wo-Chien|Protect|p1a: Wo-Chien\n|-singleturn|p1a: Wo-Chien|Protect\n|move|p2a: Annihilape|Bulk Up|p2a: Annihilape\n|-boost|p2a: Annihilape|atk|1\n|-boost|p2a: Annihilape|def|1\n|move|p2b: Grimmsnarl|Spirit Break|p1a: Wo-Chien\n|-activate|p1a: Wo-Chien|move: Protect\n|\n|-heal|p2a: Annihilape|68\/100|[from] item: Leftovers\n|-damage|p2a: Annihilape|56\/100|[from] Leech Seed|[of] p1a: Wo-Chien\n|-heal|p1a: Wo-Chien|55\/100|[silent]\n|upkeep\n|turn|14\n|j| andretsai0706\n|\n|t:|1682411721\n|move|p2a: Annihilape|Rage Fist|p1a: Wo-Chien\n|-damage|p1a: Wo-Chien|5\/100\n|move|p1a: Wo-Chien|Foul Play|p2a: Annihilape|[miss]\n|-miss|p1a: Wo-Chien|p2a: Annihilape\n|move|p2b: Grimmsnarl|Spirit Break|p1a: Wo-Chien\n|-resisted|p1a: Wo-Chien\n|-damage|p1a: Wo-Chien|0 fnt\n|faint|p1a: Wo-Chien\n|\n|win|ChiangWu\n|raw|McPborn's rating: 1365 → 1350<\/strong> (-15 for losing)\n|raw|ChiangWu's rating: 1462 → 1477<\/strong> (+15 for winning)\n|l|\u2606McPborn\n","uploadtime":1682411742,"views":16,"p1id":"mcpborn","p2id":"chiangwu","formatid":"gen9vgc2023regulationc","rating":1350,"private":0,"password":""}