{"id":"gen9vgc2023regulationc-1862187574","p1":"qu4xly","p2":"reeeeeeloluwuwhi","format":"[Gen 9] VGC 2023 Regulation C","log":"|j|\u2606qu4xly\n|j|\u2606reeeeeeloluwuwhi\n|t:|1683847002\n|gametype|doubles\n|player|p1|qu4xly|ethan|1078\n|player|p2|reeeeeeloluwuwhi|2|1060\n|teamsize|p1|6\n|teamsize|p2|6\n|gen|9\n|tier|[Gen 9] VGC 2023 Regulation C\n|rated|\n|rule|Species Clause: Limit one of each Pok\u00e9mon\n|rule|Item Clause: Limit one of each item\n|clearpoke\n|poke|p1|Ting-Lu, L50|\n|poke|p1|Abomasnow, L50, M|\n|poke|p1|Flutter Mane, L50|\n|poke|p1|Iron Hands, L50|\n|poke|p1|Bronzong, L50|\n|poke|p1|Arcanine, L50, F|\n|poke|p2|Maushold-Four, L50|\n|poke|p2|Arcanine, L50, F|\n|poke|p2|Annihilape, L50, M|\n|poke|p2|Ting-Lu, L50|\n|poke|p2|Palafin, L50, M|\n|poke|p2|Brute Bonnet, L50|\n|teampreview|4\nqu4xly rejected open team sheets.\n|inactive|Battle timer is ON: inactive players will automatically lose when time's up. (requested by reeeeeeloluwuwhi)\n|\n|t:|1683847093\n|start\n|switch|p1a: Iron Hands|Iron Hands, L50|100\/100\n|switch|p1b: Flutter Mane|Flutter Mane, L50|100\/100\n|switch|p2a: Ube|Palafin, L50, M, shiny|100\/100\n|switch|p2b: Arcanine|Arcanine, L50, F|100\/100\n|-ability|p2b: Arcanine|Intimidate|boost\n|-unboost|p1a: Iron Hands|atk|1\n|-unboost|p1b: Flutter Mane|atk|1\n|turn|1\n|inactive|qu4xly has 30 seconds left.\n|inactive|reeeeeeloluwuwhi has 30 seconds left.\n|inactive|qu4xly has 20 seconds left.\n|inactive|qu4xly has 15 seconds left.\n|\n|t:|1683847138\n|detailschange|p2a: Ube|Palafin-Hero, L50, M, shiny\n|switch|p2a: Ting-Lu|Ting-Lu, L50|100\/100\n|-ability|p2a: Ting-Lu|Vessel of Ruin\n|move|p1a: Iron Hands|Fake Out|p2b: Arcanine\n|-damage|p2b: Arcanine|90\/100\n|move|p1b: Flutter Mane|Power Gem|p2b: Arcanine\n|-supereffective|p2b: Arcanine\n|-damage|p2b: Arcanine|36\/100\n|cant|p2b: Arcanine|flinch\n|\n|upkeep\n|turn|2\n|inactive|reeeeeeloluwuwhi has 30 seconds left.\n|\n|t:|1683847170\n|switch|p2b: Wardyceps|Brute Bonnet, L50, shiny|100\/100\n|-end|p1a: Iron Hands|Quark Drive|[silent]\n|switch|p1a: Abomasnow|Abomasnow, L50, M|100\/100\n|-weather|Snow|[from] ability: Snow Warning|[of] p1a: Abomasnow\n|move|p1b: Flutter Mane|Power Gem|p2b: Wardyceps\n|-crit|p2b: Wardyceps\n|-damage|p2b: Wardyceps|66\/100\n|move|p2a: Ting-Lu|Heavy Slam|p1b: Flutter Mane\n|-supereffective|p1b: Flutter Mane\n|-damage|p1b: Flutter Mane|8\/100\n|\n|-weather|Snow|[upkeep]\n|upkeep\n|turn|3\n|\n|t:|1683847192\n|-end|p1b: Flutter Mane|Protosynthesis|[silent]\n|switch|p1b: Iron Hands|Iron Hands, L50|100\/100\n|move|p2b: Wardyceps|Protect|p2b: Wardyceps\n|-singleturn|p2b: Wardyceps|Protect\n|move|p2a: Ting-Lu|Snarl|p1b: Iron Hands|[spread] p1a,p1b\n|-resisted|p1b: Iron Hands\n|-damage|p1a: Abomasnow|91\/100\n|-damage|p1b: Iron Hands|98\/100\n|-unboost|p1a: Abomasnow|spa|1\n|-unboost|p1b: Iron Hands|spa|1\n|move|p1a: Abomasnow|Blizzard|p2a: Ting-Lu|[spread] p2a\n|-activate|p2b: Wardyceps|move: Protect\n|-supereffective|p2a: Ting-Lu\n|-damage|p2a: Ting-Lu|82\/100\n|-status|p2a: Ting-Lu|frz\n|\n|-weather|Snow|[upkeep]\n|upkeep\n|turn|4\n|inactive|reeeeeeloluwuwhi has 30 seconds left.\n|\n|t:|1683847225\n|-end|p2b: Wardyceps|Protosynthesis|[silent]\n|switch|p2b: Arcanine|Arcanine, L50, F|36\/100\n|-ability|p2b: Arcanine|Intimidate|boost\n|-unboost|p1a: Abomasnow|atk|1\n|-unboost|p1b: Iron Hands|atk|1\n|switch|p1a: Arcanine|Arcanine, L50, F|100\/100\n|-ability|p1a: Arcanine|Intimidate|boost\n|-unboost|p2a: Ting-Lu|atk|1\n|-unboost|p2b: Arcanine|atk|1\n|cant|p2a: Ting-Lu|frz\n|move|p1b: Iron Hands|Close Combat|p2a: Ting-Lu\n|-supereffective|p2a: Ting-Lu\n|-damage|p2a: Ting-Lu|41\/100 frz\n|-unboost|p1b: Iron Hands|def|1\n|-unboost|p1b: Iron Hands|spd|1\n|\n|-weather|Snow|[upkeep]\n|upkeep\n|turn|5\n|inactive|qu4xly has 30 seconds left.\n|inactive|qu4xly has 20 seconds left.\n|inactive|qu4xly has 15 seconds left.\n|inactive|qu4xly has 10 seconds left.\n|inactive|qu4xly has 5 seconds left.\n|\n|t:|1683847280\n|switch|p2b: Ube|Palafin-Hero, L50, M, shiny|100\/100\n|-activate|p2b: Ube|ability: Zero to Hero\n|move|p1b: Iron Hands|Fake Out||[still]\n|-hint|Fake Out only works on your first turn out.\n|-fail|p1b: Iron Hands\n|move|p1a: Arcanine|Flare Blitz|p2b: Ube\n|-resisted|p2b: Ube\n|-damage|p2b: Ube|76\/100\n|-status|p2b: Ube|brn\n|-damage|p1a: Arcanine|92\/100|[from] Recoil\n|-curestatus|p2a: Ting-Lu|frz|[msg]\n|move|p2a: Ting-Lu|Snarl|p1b: Iron Hands|[spread] p1a,p1b\n|-resisted|p1b: Iron Hands\n|-crit|p1b: Iron Hands\n|-damage|p1a: Arcanine|82\/100\n|-damage|p1b: Iron Hands|94\/100\n|-unboost|p1a: Arcanine|spa|1\n|-unboost|p1b: Iron Hands|spa|1\n|\n|-weather|Snow|[upkeep]\n|-damage|p2b: Ube|70\/100 brn|[from] brn\n|upkeep\n|turn|6\n|inactive|qu4xly has 30 seconds left.\n|inactive|reeeeeeloluwuwhi has 30 seconds left.\n|inactive|reeeeeeloluwuwhi has 20 seconds left.\n|inactive|reeeeeeloluwuwhi has 15 seconds left.\n|\n|t:|1683847323\n|-end|p1b: Iron Hands|Quark Drive|[silent]\n|switch|p1b: Flutter Mane|Flutter Mane, L50|8\/100\n|-terastallize|p2b: Ube|Fighting\n|move|p1a: Arcanine|Protect|p1a: Arcanine\n|-singleturn|p1a: Arcanine|Protect\n|move|p2b: Ube|Drain Punch|p1a: Arcanine\n|-activate|p1a: Arcanine|move: Protect\n|move|p2a: Ting-Lu|Fissure|p1b: Flutter Mane\n|-damage|p1b: Flutter Mane|0 fnt\n|faint|p1b: Flutter Mane\n|-end|p1b: Flutter Mane|Protosynthesis|[silent]\n|-ohko\n|\n|-weather|none\n|-damage|p2b: Ube|64\/100 brn|[from] brn\n|upkeep\n|\n|t:|1683847338\n|switch|p1b: Iron Hands|Iron Hands, L50|94\/100\n|turn|7\n|\n|t:|1683847349\n|move|p2b: Ube|Protect|p2b: Ube\n|-singleturn|p2b: Ube|Protect\n|move|p1b: Iron Hands|Fake Out|p2b: Ube\n|-activate|p2b: Ube|move: Protect\n|move|p1a: Arcanine|Flare Blitz|p2a: Ting-Lu\n|-damage|p2a: Ting-Lu|12\/100\n|-damage|p1a: Arcanine|68\/100|[from] Recoil\n|move|p2a: Ting-Lu|Fissure|p1b: Iron Hands|[miss]\n|-miss|p2a: Ting-Lu|p1b: Iron Hands\n|\n|-damage|p2b: Ube|58\/100 brn|[from] brn\n|upkeep\n|turn|8\n|inactive|reeeeeeloluwuwhi has 30 seconds left.\n|\n|t:|1683847377\n|switch|p2a: Arcanine|Arcanine, L50, F|36\/100\n|-ability|p2a: Arcanine|Intimidate|boost\n|-unboost|p1a: Arcanine|atk|1\n|-unboost|p1b: Iron Hands|atk|1\n|move|p1a: Arcanine|Protect|p1a: Arcanine\n|-singleturn|p1a: Arcanine|Protect\n|move|p2b: Ube|Jet Punch|p1a: Arcanine\n|-activate|p1a: Arcanine|move: Protect\n|move|p1b: Iron Hands|Close Combat|p2a: Arcanine\n|-damage|p2a: Arcanine|0 fnt\n|-unboost|p1b: Iron Hands|def|1\n|-unboost|p1b: Iron Hands|spd|1\n|faint|p2a: Arcanine\n|\n|-damage|p2b: Ube|53\/100 brn|[from] brn\n|upkeep\n|\n|t:|1683847400\n|switch|p2a: Wardyceps|Brute Bonnet, L50, shiny|66\/100\n|turn|9\n|inactive|qu4xly has 30 seconds left.\n|\n|t:|1683847427\n|-end|p1b: Iron Hands|Quark Drive|[silent]\n|switch|p1b: Abomasnow|Abomasnow, L50, M|91\/100\n|-weather|Snow|[from] ability: Snow Warning|[of] p1b: Abomasnow\n|-terastallize|p1a: Arcanine|Flying\n|move|p1a: Arcanine|Flare Blitz|p2a: Wardyceps\n|-supereffective|p2a: Wardyceps\n|-damage|p2a: Wardyceps|1\/100\n|-damage|p1a: Arcanine|44\/100|[from] Recoil\n|move|p2b: Ube|Drain Punch|p1b: Abomasnow\n|-supereffective|p1b: Abomasnow\n|-damage|p1b: Abomasnow|56\/100\n|-heal|p2b: Ube|70\/100 brn|[from] drain|[of] p1b: Abomasnow\n|-enditem|p1b: Abomasnow|Weakness Policy\n|-boost|p1b: Abomasnow|atk|2|[from] item: Weakness Policy\n|-boost|p1b: Abomasnow|spa|2|[from] item: Weakness Policy\n|move|p2a: Wardyceps|Bullet Seed|p1b: Abomasnow\n|-resisted|p1b: Abomasnow\n|-damage|p1b: Abomasnow|51\/100\n|-resisted|p1b: Abomasnow\n|-damage|p1b: Abomasnow|46\/100\n|-resisted|p1b: Abomasnow\n|-damage|p1b: Abomasnow|41\/100\n|-resisted|p1b: Abomasnow\n|-damage|p1b: Abomasnow|37\/100\n|-hitcount|p1b: Abomasnow|4\n|\n|-weather|Snow|[upkeep]\n|-damage|p2b: Ube|64\/100 brn|[from] brn\n|upkeep\n|turn|10\n|inactive|qu4xly has 30 seconds left.\n|inactive|reeeeeeloluwuwhi has 30 seconds left.\n|inactive|reeeeeeloluwuwhi has 20 seconds left.\n|inactive|qu4xly has 20 seconds left.\n|inactive|reeeeeeloluwuwhi has 15 seconds left.\n|inactive|qu4xly has 15 seconds left.\n|\n|t:|1683847474\n|switch|p1a: Iron Hands|Iron Hands, L50|94\/100\n|move|p2a: Wardyceps|Protect|p2a: Wardyceps\n|-singleturn|p2a: Wardyceps|Protect\n|move|p1b: Abomasnow|Protect|p1b: Abomasnow\n|-singleturn|p1b: Abomasnow|Protect\n|move|p2b: Ube|Jet Punch|p1a: Iron Hands\n|-damage|p1a: Iron Hands|80\/100\n|\n|-weather|Snow|[upkeep]\n|-damage|p2b: Ube|58\/100 brn|[from] brn\n|upkeep\n|turn|11\n|inactive|reeeeeeloluwuwhi has 30 seconds left.\n|\n|t:|1683847503\n|move|p1a: Iron Hands|Fake Out|p2a: Wardyceps\n|-damage|p2a: Wardyceps|0 fnt\n|faint|p2a: Wardyceps\n|-end|p2a: Wardyceps|Protosynthesis|[silent]\n|move|p2b: Ube|Drain Punch|p1b: Abomasnow\n|-supereffective|p1b: Abomasnow\n|-damage|p1b: Abomasnow|1\/100\n|-heal|p2b: Ube|75\/100 brn|[from] drain|[of] p1b: Abomasnow\n|move|p1b: Abomasnow|Giga Drain|p2b: Ube\n|-damage|p2b: Ube|14\/100 brn\n|-heal|p1b: Abomasnow|33\/100|[from] drain|[of] p2b: Ube\n|-enditem|p2b: Ube|Figy Berry|[eat]\n|-heal|p2b: Ube|47\/100 brn|[from] item: Figy Berry\n|\n|-weather|Snow|[upkeep]\n|-damage|p2b: Ube|42\/100 brn|[from] brn\n|upkeep\n|\n|t:|1683847519\n|switch|p2a: Ting-Lu|Ting-Lu, L50|12\/100\n|-ability|p2a: Ting-Lu|Vessel of Ruin\n|turn|12\n|inactive|qu4xly has 30 seconds left.\n|\n|t:|1683847548\n|-end|p1a: Iron Hands|Quark Drive|[silent]\n|switch|p1a: Arcanine|Arcanine, L50, F, tera:Flying|44\/100\n|-ability|p1a: Arcanine|Intimidate|boost\n|-unboost|p2a: Ting-Lu|atk|1\n|-unboost|p2b: Ube|atk|1\n|move|p2b: Ube|Wave Crash|p1b: Abomasnow\n|-resisted|p1b: Abomasnow\n|-damage|p1b: Abomasnow|23\/100\n|-damage|p2b: Ube|38\/100 brn|[from] Recoil\n|move|p2a: Ting-Lu|Snarl|p1a: Arcanine|[spread] p1a,p1b\n|-damage|p1a: Arcanine|36\/100\n|-damage|p1b: Abomasnow|14\/100\n|-unboost|p1a: Arcanine|spa|1\n|-unboost|p1b: Abomasnow|spa|1\n|move|p1b: Abomasnow|Giga Drain|p2a: Ting-Lu\n|-supereffective|p2a: Ting-Lu\n|-crit|p2a: Ting-Lu\n|-damage|p2a: Ting-Lu|0 fnt\n|-heal|p1b: Abomasnow|21\/100|[from] drain|[of] p2a: Ting-Lu\n|faint|p2a: Ting-Lu\n|\n|-weather|Snow|[upkeep]\n|-damage|p2b: Ube|32\/100 brn|[from] brn\n|upkeep\n|turn|13\n|\n|t:|1683847573\n|move|p1a: Arcanine|Extreme Speed|p2b: Ube\n|-damage|p2b: Ube|6\/100 brn\n|move|p2b: Ube|Drain Punch|p1b: Abomasnow\n|-supereffective|p1b: Abomasnow\n|-damage|p1b: Abomasnow|0 fnt\n|-heal|p2b: Ube|16\/100 brn|[from] drain|[of] p1b: Abomasnow\n|faint|p1b: Abomasnow\n|\n|-weather|none\n|-damage|p2b: Ube|11\/100 brn|[from] brn\n|upkeep\n|\n|t:|1683847580\n|switch|p1b: Iron Hands|Iron Hands, L50|80\/100\n|turn|14\n|\n|t:|1683847587\n|move|p2b: Ube|Protect|p2b: Ube\n|-singleturn|p2b: Ube|Protect\n|move|p1b: Iron Hands|Fake Out|p2b: Ube\n|-activate|p2b: Ube|move: Protect\n|move|p1a: Arcanine|Extreme Speed|p2b: Ube\n|-activate|p2b: Ube|move: Protect\n|\n|-damage|p2b: Ube|5\/100 brn|[from] brn\n|upkeep\n|turn|15\n|-message|reeeeeeloluwuwhi forfeited.\n|\n|win|qu4xly\n|raw|qu4xly's rating: 1078 → 1105<\/strong> (+27 for winning)\n|raw|reeeeeeloluwuwhi's rating: 1060 → 1042<\/strong> (-18 for losing)\n|l|\u2606reeeeeeloluwuwhi\n","uploadtime":1683847613,"views":9,"p1id":"qu4xly","p2id":"reeeeeeloluwuwhi","formatid":"gen9vgc2023regulationc","rating":1042,"private":0,"password":""}