{"id":"gen9vgc2023regulationc-1857892718","p1":"Determewnation","p2":"KennyJ","format":"[Gen 9] VGC 2023 Regulation C","log":"|j|\u2606Determewnation\n|j|\u2606KennyJ\n|t:|1683243967\n|gametype|doubles\n|player|p1|Determewnation|akari-isekai|1411\n|player|p2|KennyJ|bianca-pwt|1509\n|teamsize|p1|6\n|teamsize|p2|6\n|gen|9\n|tier|[Gen 9] VGC 2023 Regulation C\n|rated|\n|rule|Species Clause: Limit one of each Pok\u00e9mon\n|rule|Item Clause: Limit one of each item\n|clearpoke\n|poke|p1|Goodra, L50, F|\n|poke|p1|Murkrow, L50, M|\n|poke|p1|Meowscarada, L50, M|\n|poke|p1|Gholdengo, L50|\n|poke|p1|Indeedee-F, L50, F|\n|poke|p1|Iron Treads, L50|\n|poke|p2|Dragonite, L50, F|\n|poke|p2|Scream Tail, L50|\n|poke|p2|Ting-Lu, L50|\n|poke|p2|Arcanine, L50, M|\n|poke|p2|Iron Bundle, L50|\n|poke|p2|Gholdengo, L50|\n|teampreview|4\nKennyJ has agreed to open team sheets.\nDetermewnation has agreed to open team sheets.\n|\n|t:|1683244131\n|start\n|switch|p1a: Murkrow|Murkrow, L50, M|100\/100\n|switch|p1b: Gholdengo|Gholdengo, L50|100\/100\n|switch|p2a: Iron Bundle|Iron Bundle, L50|100\/100\n|switch|p2b: Arcanine|Arcanine, L50, M|100\/100\n|-ability|p2b: Arcanine|Intimidate|boost\n|-unboost|p1a: Murkrow|atk|1\n|-unboost|p1b: Gholdengo|atk|1\n|turn|1\n|\n|t:|1683244162\n|move|p1b: Gholdengo|Protect|p1b: Gholdengo\n|-singleturn|p1b: Gholdengo|Protect\n|move|p2a: Iron Bundle|Icy Wind|p1b: Gholdengo|[spread] \n|-activate|p1b: Gholdengo|move: Protect\n|-miss|p2a: Iron Bundle|p1a: Murkrow\n|move|p2b: Arcanine|Flare Blitz|p1b: Gholdengo\n|-activate|p1b: Gholdengo|move: Protect\n|move|p1a: Murkrow|Foul Play|p2a: Iron Bundle\n|-damage|p2a: Iron Bundle|75\/100\n|\n|upkeep\n|turn|2\n|\n|t:|1683244185\n|switch|p1b: Goodra|Goodra, L50, F, shiny|100\/100\n|move|p2a: Iron Bundle|Protect|p2a: Iron Bundle\n|-singleturn|p2a: Iron Bundle|Protect\n|move|p1a: Murkrow|Tailwind|p1a: Murkrow\n|-sidestart|p1: Determewnation|move: Tailwind\n|move|p2b: Arcanine|Flare Blitz|p1b: Goodra\n|-resisted|p1b: Goodra\n|-damage|p1b: Goodra|76\/100\n|-damage|p2b: Arcanine|93\/100|[from] Recoil\n|\n|upkeep\n|turn|3\n|\n|t:|1683244224\n|-end|p2a: Iron Bundle|Quark Drive|[silent]\n|switch|p2a: Ting-Lu|Ting-Lu, L50|100\/100\n|-ability|p2a: Ting-Lu|Vessel of Ruin\n|move|p1a: Murkrow|Foul Play|p2b: Arcanine\n|-damage|p2b: Arcanine|58\/100\n|move|p1b: Goodra|Thunderbolt|p2a: Ting-Lu\n|-immune|p2a: Ting-Lu\n|move|p2b: Arcanine|Flare Blitz|p1a: Murkrow\n|-damage|p1a: Murkrow|52\/100\n|-damage|p2b: Arcanine|44\/100|[from] Recoil\n|\n|upkeep\n|turn|4\n|\n|t:|1683244254\n|move|p2b: Arcanine|Extreme Speed|p1a: Murkrow\n|-crit|p1a: Murkrow\n|-damage|p1a: Murkrow|20\/100\n|move|p1a: Murkrow|Foul Play|p2a: Ting-Lu\n|-resisted|p2a: Ting-Lu\n|-damage|p2a: Ting-Lu|88\/100\n|move|p1b: Goodra|Hydro Pump|p2a: Ting-Lu\n|-supereffective|p2a: Ting-Lu\n|-damage|p2a: Ting-Lu|67\/100\n|move|p2a: Ting-Lu|Rock Slide|p1a: Murkrow|[spread] p1a,p1b\n|-supereffective|p1a: Murkrow\n|-damage|p1a: Murkrow|0 fnt\n|-damage|p1b: Goodra|60\/100\n|faint|p1a: Murkrow\n|\n|upkeep\n|\n|t:|1683244293\n|switch|p1a: Meowscarada|Meowscarada, L50, M|100\/100\n|turn|5\n|\n|t:|1683244384\n|-terastallize|p2a: Ting-Lu|Fire\n|move|p2b: Arcanine|Extreme Speed|p1a: Meowscarada\n|-damage|p1a: Meowscarada|66\/100\n|move|p1a: Meowscarada|Knock Off|p2a: Ting-Lu\n|-start|p1a: Meowscarada|typechange|Dark|[from] ability: Protean\n|-damage|p2a: Ting-Lu|27\/100\n|-enditem|p2a: Ting-Lu|Assault Vest|[from] move: Knock Off|[of] p1a: Meowscarada\n|move|p1b: Goodra|Hydro Pump|p2a: Ting-Lu\n|-supereffective|p2a: Ting-Lu\n|-damage|p2a: Ting-Lu|0 fnt\n|faint|p2a: Ting-Lu\n|\n|-sideend|p1: Determewnation|move: Tailwind\n|upkeep\n|\n|t:|1683244411\n|switch|p2a: Iron Bundle|Iron Bundle, L50|75\/100\n|turn|6\n|\n|t:|1683244431\n|move|p2a: Iron Bundle|Protect|p2a: Iron Bundle\n|-singleturn|p2a: Iron Bundle|Protect\n|move|p2b: Arcanine|Extreme Speed|p1a: Meowscarada\n|-damage|p1a: Meowscarada|33\/100\n|move|p1a: Meowscarada|Knock Off|p2b: Arcanine\n|-damage|p2b: Arcanine|0 fnt\n|-enditem|p2b: Arcanine|Safety Goggles|[from] move: Knock Off|[of] p1a: Meowscarada\n|faint|p2b: Arcanine\n|move|p1b: Goodra|Thunderbolt|p2a: Iron Bundle\n|-activate|p2a: Iron Bundle|move: Protect\n|\n|upkeep\n|\n|t:|1683244438\n|switch|p2b: Dragonite|Dragonite, L50, F|100\/100\n|turn|7\n|-message|KennyJ forfeited.\n|\n|win|Determewnation\n|raw|Determewnation's rating: 1411 → 1436<\/strong> (+25 for winning)\n|raw|KennyJ's rating: 1509 → 1484<\/strong> (-25 for losing)\n|l|\u2606KennyJ\n","uploadtime":1683244481,"views":10,"p1id":"determewnation","p2id":"kennyj","formatid":"gen9vgc2023regulationc","rating":1436,"private":0,"password":""}