{"id":"gen9vgc2023regulationc-1857773947","p1":"KoramTrainer","p2":"dirty fork","format":"[Gen 9] VGC 2023 Regulation C","log":"|j|\u2606KoramTrainer\n|j|\u2606dirty fork\n|t:|1683230405\n|gametype|doubles\n|player|p1|KoramTrainer|hilbert|\n|player|p2|dirty fork|265|\n|teamsize|p1|6\n|teamsize|p2|6\n|gen|9\n|tier|[Gen 9] VGC 2023 Regulation C\n|rated|Tournament battle\n|rule|Species Clause: Limit one of each Pok\u00e9mon\n|rule|Item Clause: Limit one of each item\n|clearpoke\n|poke|p1|Palafin, L50, M|\n|poke|p1|Arcanine, L50, M|\n|poke|p1|Amoonguss, L50, M|\n|poke|p1|Dragapult, L50, M|\n|poke|p1|Chien-Pao, L50|\n|poke|p1|Flutter Mane, L50|\n|poke|p2|Abomasnow, L50, M|\n|poke|p2|Iron Bundle, L50|\n|poke|p2|Flutter Mane, L50|\n|poke|p2|Arcanine, L50, F|\n|poke|p2|Iron Hands, L50|\n|poke|p2|Amoonguss, L50, M|\n|teampreview|4\n|inactive|Battle timer is ON: inactive players will automatically lose when time's up. (requested by KoramTrainer)\nKoramTrainer has agreed to open team sheets.\ndirty fork has agreed to open team sheets.\n|inactive|KoramTrainer has 60 seconds left.\n|inactive|dirty fork has 60 seconds left.\n|\n|t:|1683230457\n|start\n|switch|p1a: Dragapult|Dragapult, L50, M, shiny|100\/100\n|switch|p1b: Chien-Pao|Chien-Pao, L50|100\/100\n|switch|p2a: Abomasnow|Abomasnow, L50, M|100\/100\n|switch|p2b: Iron Bundle|Iron Bundle, L50|100\/100\n|-ability|p1b: Chien-Pao|Sword of Ruin\n|-weather|Snow|[from] ability: Snow Warning|[of] p2a: Abomasnow\n|-enditem|p2b: Iron Bundle|Booster Energy\n|-activate|p2b: Iron Bundle|ability: Quark Drive|[fromitem]\n|-start|p2b: Iron Bundle|quarkdrivespe\n|turn|1\n|inactive|KoramTrainer has 30 seconds left.\n|inactive|dirty fork has 30 seconds left.\n|inactive|KoramTrainer has 20 seconds left.\n|inactive|KoramTrainer has 15 seconds left.\n|inactive|KoramTrainer has 10 seconds left.\n|\n|t:|1683230506\n|-terastallize|p1a: Dragapult|Steel\n|move|p2b: Iron Bundle|Blizzard|p1a: Dragapult|[spread] p1a,p1b\n|-resisted|p1a: Dragapult\n|-resisted|p1b: Chien-Pao\n|-damage|p1a: Dragapult|73\/100\n|-damage|p1b: Chien-Pao|68\/100\n|move|p1a: Dragapult|Tera Blast|p2a: Abomasnow\n|-supereffective|p2a: Abomasnow\n|-enditem|p2a: Abomasnow|Focus Sash\n|-damage|p2a: Abomasnow|1\/100\n|move|p1b: Chien-Pao|Sacred Sword|p2a: Abomasnow\n|-supereffective|p2a: Abomasnow\n|-damage|p2a: Abomasnow|0 fnt\n|faint|p2a: Abomasnow\n|\n|-weather|Snow|[upkeep]\n|upkeep\n|\n|t:|1683230520\n|switch|p2a: Arcanine|Arcanine, L50, F|100\/100\n|-ability|p2a: Arcanine|Intimidate|boost\n|-fail|p1a: Dragapult|unboost|[from] ability: Clear Body|[of] p1a: Dragapult\n|-unboost|p1b: Chien-Pao|atk|1\n|turn|2\n|inactive|KoramTrainer has 30 seconds left.\n|inactive|dirty fork has 30 seconds left.\n|inactive|dirty fork has 20 seconds left.\n|inactive|dirty fork has 15 seconds left.\n|\n|t:|1683230567\n|move|p1b: Chien-Pao|Sucker Punch|p2b: Iron Bundle\n|-damage|p2b: Iron Bundle|80\/100\n|move|p2b: Iron Bundle|Hydro Pump|p1b: Chien-Pao|[miss]\n|-miss|p2b: Iron Bundle|p1b: Chien-Pao\n|move|p1a: Dragapult|Tera Blast|p2b: Iron Bundle\n|-damage|p2b: Iron Bundle|25\/100\n|move|p2a: Arcanine|Will-O-Wisp|p1a: Dragapult\n|-status|p1a: Dragapult|brn\n|\n|-weather|Snow|[upkeep]\n|-damage|p1a: Dragapult|67\/100 brn|[from] brn\n|upkeep\n|turn|3\n|\n|t:|1683230585\n|-end|p2b: Iron Bundle|Quark Drive|[silent]\n|switch|p2b: Amoonguss|Amoonguss, L50, M|100\/100\n|move|p1a: Dragapult|Tera Blast|p2b: Amoonguss\n|-damage|p2b: Amoonguss|60\/100\n|move|p1b: Chien-Pao|Sacred Sword|p2a: Arcanine\n|-damage|p2a: Arcanine|73\/100\n|move|p2a: Arcanine|Flare Blitz|p1b: Chien-Pao\n|-supereffective|p1b: Chien-Pao\n|-damage|p1b: Chien-Pao|0 fnt\n|faint|p1b: Chien-Pao\n|-damage|p2a: Arcanine|55\/100|[from] Recoil\n|\n|-weather|Snow|[upkeep]\n|-damage|p1a: Dragapult|61\/100 brn|[from] brn\n|upkeep\n|\n|t:|1683230603\n|switch|p1b: Arcanine|Arcanine, L50, M|100\/100\n|-ability|p1b: Arcanine|Intimidate|boost\n|-unboost|p2a: Arcanine|atk|1\n|-unboost|p2b: Amoonguss|atk|1\n|turn|4\n|inactive|KoramTrainer has 30 seconds left.\n|\n|t:|1683230634\n|switch|p2a: Iron Bundle|Iron Bundle, L50|25\/100\n|-terastallize|p2b: Amoonguss|Water\n|move|p1a: Dragapult|Tera Blast|p2b: Amoonguss\n|-resisted|p2b: Amoonguss\n|-damage|p2b: Amoonguss|43\/100\n|-enditem|p2b: Amoonguss|Sitrus Berry|[eat]\n|-heal|p2b: Amoonguss|68\/100|[from] item: Sitrus Berry\n|move|p1b: Arcanine|Flare Blitz|p2b: Amoonguss\n|-resisted|p2b: Amoonguss\n|-damage|p2b: Amoonguss|42\/100\n|-damage|p1b: Arcanine|91\/100|[from] Recoil\n|move|p2b: Amoonguss|Pollen Puff|p2a: Iron Bundle\n|-heal|p2a: Iron Bundle|75\/100\n|\n|-weather|Snow|[upkeep]\n|-damage|p1a: Dragapult|55\/100 brn|[from] brn\n|upkeep\n|turn|5\n|j| CatCookie01\n|inactive|dirty fork has 30 seconds left.\n|\n|t:|1683230659\n|switch|p2b: Arcanine|Arcanine, L50, F|55\/100\n|-ability|p2b: Arcanine|Intimidate|boost\n|-fail|p1a: Dragapult|unboost|[from] ability: Clear Body|[of] p1a: Dragapult\n|-unboost|p1b: Arcanine|atk|1\n|move|p1b: Arcanine|Extreme Speed|p2a: Iron Bundle\n|-damage|p2a: Iron Bundle|64\/100\n|move|p1a: Dragapult|Tera Blast|p2a: Iron Bundle\n|-damage|p2a: Iron Bundle|43\/100\n|move|p2a: Iron Bundle|Hydro Pump|p1a: Dragapult\n|-damage|p1a: Dragapult|0 fnt\n|faint|p1a: Dragapult\n|\n|-weather|none\n|upkeep\n|\n|t:|1683230673\n|switch|p1a: Flutter Mane|Flutter Mane, L50|100\/100\n|-enditem|p1a: Flutter Mane|Booster Energy\n|-activate|p1a: Flutter Mane|ability: Protosynthesis|[fromitem]\n|-start|p1a: Flutter Mane|protosynthesisspa\n|turn|6\n|l| CatCookie01\n|inactive|KoramTrainer has 30 seconds left.\n|\n|t:|1683230705\n|move|p2a: Iron Bundle|Icy Wind|p1a: Flutter Mane|[spread] p1a,p1b\n|-resisted|p1b: Arcanine\n|-damage|p1a: Flutter Mane|79\/100\n|-damage|p1b: Arcanine|80\/100\n|-unboost|p1a: Flutter Mane|spe|1\n|-unboost|p1b: Arcanine|spe|1\n|move|p2b: Arcanine|Flare Blitz|p1a: Flutter Mane\n|-damage|p1a: Flutter Mane|12\/100\n|-damage|p2b: Arcanine|39\/100|[from] Recoil\n|move|p1a: Flutter Mane|Moonblast|p2a: Iron Bundle\n|-damage|p2a: Iron Bundle|0 fnt\n|faint|p2a: Iron Bundle\n|-end|p2a: Iron Bundle|Quark Drive|[silent]\n|move|p1b: Arcanine|Flare Blitz|p2b: Arcanine\n|-resisted|p2b: Arcanine\n|-damage|p2b: Arcanine|21\/100\n|-damage|p1b: Arcanine|74\/100|[from] Recoil\n|\n|upkeep\n|c|\u2606dirty fork|no way i miss that ko\n|\n|t:|1683230722\n|switch|p2a: Amoonguss|Amoonguss, L50, M, tera:Water|75\/100\n|turn|7\n|\n|t:|1683230739\n|move|p1b: Arcanine|Extreme Speed|p2b: Arcanine\n|-damage|p2b: Arcanine|5\/100\n|move|p2a: Amoonguss|Rage Powder|p2a: Amoonguss\n|-singleturn|p2a: Amoonguss|move: Rage Powder\n|move|p2b: Arcanine|Flare Blitz|p1a: Flutter Mane\n|-damage|p1a: Flutter Mane|0 fnt\n|faint|p1a: Flutter Mane\n|-end|p1a: Flutter Mane|Protosynthesis|[silent]\n|-damage|p2b: Arcanine|2\/100|[from] Recoil\n|\n|upkeep\n|turn|8\n|\n|t:|1683230755\n|move|p2b: Arcanine|Extreme Speed|p1b: Arcanine\n|-damage|p1b: Arcanine|52\/100\n|move|p1b: Arcanine|Extreme Speed|p2b: Arcanine\n|-damage|p2b: Arcanine|0 fnt\n|faint|p2b: Arcanine\n|move|p2a: Amoonguss|Spore|p1b: Arcanine\n|-activate|p1b: Arcanine|item: Safety Goggles|Spore\n|\n|upkeep\n|turn|9\n|\n|t:|1683230768\n|move|p1b: Arcanine|Extreme Speed|p2a: Amoonguss\n|-damage|p2a: Amoonguss|59\/100\n|move|p2a: Amoonguss|Clear Smog|p1b: Arcanine\n|-damage|p1b: Arcanine|34\/100\n|-clearboost|p1b: Arcanine\n|\n|upkeep\n|turn|10\n|\n|t:|1683230776\n|move|p1b: Arcanine|Extreme Speed|p2a: Amoonguss\n|-damage|p2a: Amoonguss|35\/100\n|move|p2a: Amoonguss|Clear Smog|p1b: Arcanine\n|-damage|p1b: Arcanine|17\/100\n|-clearboost|p1b: Arcanine\n|\n|upkeep\n|turn|11\n|\n|t:|1683230784\n|move|p1b: Arcanine|Extreme Speed|p2a: Amoonguss\n|-damage|p2a: Amoonguss|14\/100\n|move|p2a: Amoonguss|Clear Smog|p1b: Arcanine\n|-damage|p1b: Arcanine|1\/100\n|-clearboost|p1b: Arcanine\n|\n|upkeep\n|turn|12\n|c|\u2606dirty fork|no way\n|c|\u2606dirty fork|gg\n|\n|t:|1683230796\n|move|p1b: Arcanine|Extreme Speed|p2a: Amoonguss\n|-damage|p2a: Amoonguss|0 fnt\n|faint|p2a: Amoonguss\n|\n|win|KoramTrainer\n|n|\u2606KoramTrainer|koramtrainer\n|n|\u2606dirty fork|dirtyfork\n|c|\u2606KoramTrainer|gg\n|c|\u2606dirty fork|lost by 1% lmao\n|l|\u2606KoramTrainer\n","uploadtime":1683230807,"views":7,"p1id":"koramtrainer","p2id":"dirtyfork","formatid":"gen9vgc2023regulationc","rating":0,"private":0,"password":""}