{"id":"gen9vgc2023regulationc-1845065790","p1":"Ultrabook 1000","p2":"AcariciamEsta","format":"[Gen 9] VGC 2023 Regulation C","log":"|j|\u2606Ultrabook 1000\n|j|\u2606AcariciamEsta\n|t:|1681679616\n|gametype|doubles\n|player|p1|Ultrabook 1000|hilda-wonderlauncher|1134\n|player|p2|AcariciamEsta|bruno|1152\n|teamsize|p1|6\n|teamsize|p2|6\n|gen|9\n|tier|[Gen 9] VGC 2023 Regulation C\n|rated|\n|rule|Species Clause: Limit one of each Pok\u00e9mon\n|rule|Item Clause: Limit one of each item\n|clearpoke\n|poke|p1|Torkoal, L50, M|\n|poke|p1|Lilligant, L50, F|\n|poke|p1|Chi-Yu, L50|\n|poke|p1|Great Tusk, L50|\n|poke|p1|Flutter Mane, L50|\n|poke|p1|Maushold, L50|\n|poke|p2|Arcanine, L50, M|\n|poke|p2|Ting-Lu, L50|\n|poke|p2|Amoonguss, L50, M|\n|poke|p2|Palafin, L50, M|\n|poke|p2|Dragonite, L50, F|\n|poke|p2|Flutter Mane, L50|\n|teampreview|4\n|inactive|Battle timer is ON: inactive players will automatically lose when time's up. (requested by AcariciamEsta)\n|\n|t:|1681679642\n|start\n|switch|p1a: Torkoal|Torkoal, L50, M|100\/100\n|switch|p1b: Lilligant|Lilligant, L50, F|100\/100\n|switch|p2a: INCI|Arcanine, L50, M, shiny|100\/100\n|switch|p2b: Palafin|Palafin, L50, M|100\/100\n|-ability|p2a: INCI|Intimidate|boost\n|-unboost|p1a: Torkoal|atk|1\n|-unboost|p1b: Lilligant|atk|1\n|-weather|SunnyDay|[from] ability: Drought|[of] p1a: Torkoal\n|turn|1\n|inactive|Ultrabook 1000 has 30 seconds left.\n|\n|t:|1681679672\n|detailschange|p2b: Palafin|Palafin-Hero, L50, M\n|switch|p2b: Amoonguss|Amoonguss, L50, M, shiny|100\/100\n|move|p1a: Torkoal|Protect|p1a: Torkoal\n|-singleturn|p1a: Torkoal|Protect\n|move|p1b: Lilligant|Sleep Powder|p2a: INCI\n|-activate|p2a: INCI|item: Safety Goggles|Sleep Powder\n|move|p2a: INCI|Flare Blitz|p1b: Lilligant\n|-supereffective|p1b: Lilligant\n|-enditem|p1b: Lilligant|Focus Sash\n|-damage|p1b: Lilligant|1\/100\n|-damage|p2a: INCI|71\/100|[from] Recoil\n|\n|-weather|SunnyDay|[upkeep]\n|upkeep\n|turn|2\n|inactive|AcariciamEsta has 30 seconds left.\n|\n|t:|1681679700\n|move|p2b: Amoonguss|Protect|p2b: Amoonguss\n|-singleturn|p2b: Amoonguss|Protect\n|move|p2a: INCI|Extreme Speed|p1b: Lilligant\n|-damage|p1b: Lilligant|0 fnt\n|faint|p1b: Lilligant\n|move|p1a: Torkoal|Eruption|p2b: Amoonguss|[spread] p2a\n|-activate|p2b: Amoonguss|move: Protect\n|-resisted|p2a: INCI\n|-damage|p2a: INCI|22\/100\n|\n|-weather|SunnyDay|[upkeep]\n|upkeep\n|\n|t:|1681679715\n|switch|p1b: Great Tusk|Great Tusk, L50|100\/100\n|-activate|p1b: Great Tusk|ability: Protosynthesis\n|-start|p1b: Great Tusk|protosynthesisatk\n|turn|3\n|inactive|AcariciamEsta has 30 seconds left.\n|inactive|AcariciamEsta has 20 seconds left.\n|\n|t:|1681679752\n|move|p2a: INCI|Extreme Speed|p1a: Torkoal\n|-damage|p1a: Torkoal|81\/100\n|move|p1b: Great Tusk|Close Combat|p2a: INCI\n|-damage|p2a: INCI|0 fnt\n|-unboost|p1b: Great Tusk|def|1\n|-unboost|p1b: Great Tusk|spd|1\n|faint|p2a: INCI\n|move|p1a: Torkoal|Heat Wave|p2b: Amoonguss\n|-supereffective|p2b: Amoonguss\n|-enditem|p2b: Amoonguss|Occa Berry|[eat]\n|-enditem|p2b: Amoonguss|Occa Berry|[weaken]\n|-damage|p2b: Amoonguss|39\/100\n|move|p2b: Amoonguss|Spore|p1b: Great Tusk\n|-status|p1b: Great Tusk|slp|[from] move: Spore\n|\n|-weather|SunnyDay|[upkeep]\n|upkeep\n|\n|t:|1681679769\n|switch|p2a: Flutter Mane|Flutter Mane, L50|100\/100\n|-activate|p2a: Flutter Mane|ability: Protosynthesis\n|-start|p2a: Flutter Mane|protosynthesisspe\n|turn|4\n|\n|t:|1681679788\n|move|p2b: Amoonguss|Protect|p2b: Amoonguss\n|-singleturn|p2b: Amoonguss|Protect\n|move|p2a: Flutter Mane|Dazzling Gleam|p1b: Great Tusk|[spread] p1a,p1b\n|-resisted|p1a: Torkoal\n|-supereffective|p1b: Great Tusk\n|-damage|p1a: Torkoal|47\/100\n|-damage|p1b: Great Tusk|0 fnt\n|faint|p1b: Great Tusk\n|-end|p1b: Great Tusk|Protosynthesis|[silent]\n|move|p1a: Torkoal|Heat Wave|p2a: Flutter Mane|[spread] p2a\n|-activate|p2b: Amoonguss|move: Protect\n|-damage|p2a: Flutter Mane|39\/100\n|-status|p2a: Flutter Mane|brn\n|\n|-weather|SunnyDay|[upkeep]\n|-damage|p2a: Flutter Mane|33\/100 brn|[from] brn\n|upkeep\n|\n|t:|1681679801\n|switch|p1b: Flutter Mane|Flutter Mane, L50|100\/100\n|-activate|p1b: Flutter Mane|ability: Protosynthesis\n|-start|p1b: Flutter Mane|protosynthesisspa\n|turn|5\n|\n|t:|1681679816\n|move|p2b: Amoonguss|Rage Powder|p2b: Amoonguss\n|-singleturn|p2b: Amoonguss|move: Rage Powder\n|move|p2a: Flutter Mane|Dazzling Gleam|p1a: Torkoal|[spread] p1a,p1b\n|-resisted|p1a: Torkoal\n|-damage|p1a: Torkoal|15\/100\n|-damage|p1b: Flutter Mane|61\/100\n|move|p1b: Flutter Mane|Thunderbolt|p2b: Amoonguss\n|-resisted|p2b: Amoonguss\n|-damage|p2b: Amoonguss|14\/100\n|move|p1a: Torkoal|Heat Wave|p2a: Flutter Mane|[spread] p2a,p2b\n|-supereffective|p2b: Amoonguss\n|-damage|p2a: Flutter Mane|0 fnt\n|-damage|p2b: Amoonguss|0 fnt\n|faint|p2a: Flutter Mane\n|-end|p2a: Flutter Mane|Protosynthesis|[silent]\n|faint|p2b: Amoonguss\n|\n|-weather|none\n|-end|p1b: Flutter Mane|Protosynthesis\n|upkeep\n|\n|t:|1681679832\n|switch|p2a: Palafin|Palafin-Hero, L50, M|100\/100\n|-activate|p2a: Palafin|ability: Zero to Hero\n|turn|6\n|\n|t:|1681679841\n|-terastallize|p2a: Palafin|Ice\n|move|p1b: Flutter Mane|Thunderbolt|p2a: Palafin\n|-damage|p2a: Palafin|58\/100\n|move|p2a: Palafin|Ice Punch|p1b: Flutter Mane\n|-damage|p1b: Flutter Mane|0 fnt\n|faint|p1b: Flutter Mane\n|-end|p1b: Flutter Mane|Protosynthesis|[silent]\n|move|p1a: Torkoal|Earth Power|p2a: Palafin\n|-damage|p2a: Palafin|32\/100\n|\n|upkeep\n|turn|7\n|\n|t:|1681679853\n|move|p1a: Torkoal|Protect|p1a: Torkoal\n|-singleturn|p1a: Torkoal|Protect\n|move|p2a: Palafin|Jet Punch|p1a: Torkoal\n|-activate|p1a: Torkoal|move: Protect\n|\n|upkeep\n|turn|8\n|\n|t:|1681679860\n|move|p2a: Palafin|Jet Punch|p1a: Torkoal\n|-supereffective|p1a: Torkoal\n|-damage|p1a: Torkoal|0 fnt\n|faint|p1a: Torkoal\n|\n|win|AcariciamEsta\n|raw|Ultrabook 1000's rating: 1134 → 1110<\/strong> (-24 for losing)\n|raw|AcariciamEsta's rating: 1152 → 1176<\/strong> (+24 for winning)\n|l|\u2606Ultrabook 1000\n","uploadtime":1681679873,"views":8,"p1id":"ultrabook1000","p2id":"acariciamesta","formatid":"gen9vgc2023regulationc","rating":1110,"private":0,"password":""}