{"id":"gen9vgc2023regulationc-1861781503","p1":"RonJohn","p2":"drakmoore","format":"[Gen 9] VGC 2023 Regulation C","log":"|j|\u2606RonJohn\n|j|\u2606drakmoore\n|t:|1683807995\n|gametype|doubles\n|player|p1|RonJohn|1|1177\n|player|p2|drakmoore|265|1134\n|teamsize|p1|6\n|teamsize|p2|6\n|gen|9\n|tier|[Gen 9] VGC 2023 Regulation C\n|rated|\n|rule|Species Clause: Limit one of each Pok\u00e9mon\n|rule|Item Clause: Limit one of each item\n|clearpoke\n|poke|p1|Flutter Mane, L50|\n|poke|p1|Orthworm, L50, F|\n|poke|p1|Dragonite, L50, M|\n|poke|p1|Amoonguss, L50, F|\n|poke|p1|Gyarados, L50, M|\n|poke|p1|Ting-Lu, L50|\n|poke|p2|Amoonguss, L50, M|\n|poke|p2|Palafin, L50, M|\n|poke|p2|Arcanine, L50, F|\n|poke|p2|Flutter Mane, L50|\n|poke|p2|Chien-Pao, L50|\n|poke|p2|Dragonite, L50, M|\n|teampreview|4\nRonJohn has agreed to open team sheets.\n|inactive|Battle timer is ON: inactive players will automatically lose when time's up. (requested by drakmoore)\n|\n|t:|1683808024\n|start\n|switch|p1a: Gyarados|Gyarados, L50, M|100\/100\n|switch|p1b: Ting-Lu|Ting-Lu, L50|100\/100\n|switch|p2a: Arcanine|Arcanine, L50, F|100\/100\n|switch|p2b: Palafin|Palafin, L50, M|100\/100\n|-ability|p1a: Gyarados|Intimidate|boost\n|-unboost|p2a: Arcanine|atk|1\n|-unboost|p2b: Palafin|atk|1\n|-ability|p2a: Arcanine|Intimidate|boost\n|-unboost|p1a: Gyarados|atk|1\n|-unboost|p1b: Ting-Lu|atk|1\n|-ability|p1b: Ting-Lu|Vessel of Ruin\n|turn|1\n|inactive|RonJohn has 30 seconds left.\n|inactive|drakmoore has 30 seconds left.\n|inactive|RonJohn has 20 seconds left.\n|\n|t:|1683808062\n|move|p2b: Palafin|Protect|p2b: Palafin\n|-singleturn|p2b: Palafin|Protect\n|move|p1a: Gyarados|Thunder Wave|p2a: Arcanine\n|-status|p2a: Arcanine|par\n|move|p1b: Ting-Lu|Earthquake|p2a: Arcanine|[spread] p2a\n|-activate|p2b: Palafin|move: Protect\n|-immune|p1a: Gyarados\n|-supereffective|p2a: Arcanine\n|-crit|p2a: Arcanine\n|-damage|p2a: Arcanine|0 fnt\n|faint|p2a: Arcanine\n|\n|upkeep\n|\n|t:|1683808080\n|switch|p2a: Chien-Pao|Chien-Pao, L50|100\/100\n|-ability|p2a: Chien-Pao|Sword of Ruin\n|turn|2\n|inactive|RonJohn has 30 seconds left.\n|\n|t:|1683808113\n|detailschange|p2b: Palafin|Palafin-Hero, L50, M\n|switch|p2b: Flutter Mane|Flutter Mane, L50|100\/100\n|-enditem|p2b: Flutter Mane|Booster Energy\n|-activate|p2b: Flutter Mane|ability: Protosynthesis|[fromitem]\n|-start|p2b: Flutter Mane|protosynthesisspe\n|move|p2a: Chien-Pao|Ice Spinner|p1b: Ting-Lu\n|-supereffective|p1b: Ting-Lu\n|-damage|p1b: Ting-Lu|33\/100\n|move|p1a: Gyarados|Thunder Wave|p2b: Flutter Mane\n|-status|p2b: Flutter Mane|par\n|move|p1b: Ting-Lu|Heavy Slam|p2a: Chien-Pao\n|-supereffective|p2a: Chien-Pao\n|-damage|p2a: Chien-Pao|44\/100\n|\n|upkeep\n|turn|3\n|inactive|RonJohn has 30 seconds left.\n|inactive|RonJohn has 20 seconds left.\n|inactive|RonJohn has 15 seconds left.\n|\n|t:|1683808154\n|switch|p1b: Amoonguss|Amoonguss, L50, F|100\/100\n|move|p2a: Chien-Pao|Ice Spinner|p1b: Amoonguss\n|-supereffective|p1b: Amoonguss\n|-crit|p1b: Amoonguss\n|-damage|p1b: Amoonguss|0 fnt\n|faint|p1b: Amoonguss\n|move|p2b: Flutter Mane|Dazzling Gleam|p1a: Gyarados\n|-damage|p1a: Gyarados|60\/100\n|move|p1a: Gyarados|Thunder Wave|p2a: Chien-Pao\n|-status|p2a: Chien-Pao|par\n|\n|upkeep\n|\n|t:|1683808172\n|switch|p1b: Dragonite|Dragonite, L50, M|100\/100\n|turn|4\n|inactive|RonJohn has 30 seconds left.\n|\n|t:|1683808197\n|-terastallize|p1b: Dragonite|Normal\n|move|p2b: Flutter Mane|Dazzling Gleam|p1b: Dragonite|[spread] p1a,p1b\n|-damage|p1a: Gyarados|33\/100\n|-damage|p1b: Dragonite|84\/100\n|move|p1b: Dragonite|Earthquake|p2a: Chien-Pao|[spread] p2a,p2b\n|-immune|p1a: Gyarados\n|-damage|p2a: Chien-Pao|5\/100 par\n|-damage|p2b: Flutter Mane|7\/100 par\n|move|p1a: Gyarados|Waterfall|p2b: Flutter Mane\n|-damage|p2b: Flutter Mane|0 fnt\n|faint|p2b: Flutter Mane\n|-end|p2b: Flutter Mane|Protosynthesis|[silent]\n|cant|p2a: Chien-Pao|par\n|\n|upkeep\n|\n|t:|1683808210\n|switch|p2b: Palafin|Palafin-Hero, L50, M|100\/100\n|-activate|p2b: Palafin|ability: Zero to Hero\n|turn|5\n|\n|t:|1683808232\n|-terastallize|p2b: Palafin|Water\n|move|p1b: Dragonite|Earthquake|p2b: Palafin|[spread] p2a,p2b\n|-immune|p1a: Gyarados\n|-damage|p2a: Chien-Pao|0 fnt\n|-damage|p2b: Palafin|65\/100\n|faint|p2a: Chien-Pao\n|move|p1a: Gyarados|Thunder Wave|p2b: Palafin\n|-status|p2b: Palafin|par\n|cant|p2b: Palafin|par\n|\n|upkeep\n|turn|6\n|-message|drakmoore forfeited.\n|\n|win|RonJohn\n|raw|RonJohn's rating: 1177 → 1199<\/strong> (+22 for winning)\n|raw|drakmoore's rating: 1134 → 1112<\/strong> (-22 for losing)\n|l|\u2606drakmoore\n","uploadtime":1683808248,"views":46,"p1id":"ronjohn","p2id":"drakmoore","formatid":"gen9vgc2023regulationc","rating":1112,"private":0,"password":""}