{"id":"gen9vgc2023regulationc-1853485390","p1":"Reduxlemon","p2":"haha u rage quit","format":"[Gen 9] VGC 2023 Regulation C","log":"|j|\u2606Reduxlemon\n|j|\u2606haha u rage quit\n|t:|1682689847\n|gametype|doubles\n|player|p1|Reduxlemon|red|1218\n|player|p2|haha u rage quit|pokemaniac|1307\n|teamsize|p1|6\n|teamsize|p2|6\n|gen|9\n|tier|[Gen 9] VGC 2023 Regulation C\n|rated|\n|rule|Species Clause: Limit one of each Pok\u00e9mon\n|rule|Item Clause: Limit one of each item\n|clearpoke\n|poke|p1|Chien-Pao, L50|\n|poke|p1|Dragapult, L50, F|\n|poke|p1|Dondozo, L50, M|\n|poke|p1|Tatsugiri, L50, F|\n|poke|p1|Iron Moth, L50|\n|poke|p1|Kingambit, L50, F|\n|poke|p2|Roaring Moon, L50|\n|poke|p2|Hippowdon, L50, M|\n|poke|p2|Tyranitar, L50, M|\n|poke|p2|Great Tusk, L50|\n|poke|p2|Garchomp, L50, M|\n|poke|p2|Lycanroc, L50, M|\n|teampreview|4\n|\n|t:|1682689880\n|start\n|switch|p1a: Chien-Pao|Chien-Pao, L50|100\/100\n|switch|p1b: Dragapult|Dragapult, L50, F, shiny|100\/100\n|switch|p2a: Roaring Moon|Roaring Moon, L50|100\/100\n|switch|p2b: Great Tusk|Great Tusk, L50, shiny|100\/100\n|-ability|p1a: Chien-Pao|Sword of Ruin\n|-enditem|p2a: Roaring Moon|Booster Energy\n|-activate|p2a: Roaring Moon|ability: Protosynthesis|[fromitem]\n|-start|p2a: Roaring Moon|protosynthesisspe\n|turn|1\n|inactive|Battle timer is ON: inactive players will automatically lose when time's up. (requested by Reduxlemon)\n|inactiveoff|Battle timer is now OFF.\n|\n|t:|1682689984\n|-terastallize|p1b: Dragapult|Dragon\n|move|p2a: Roaring Moon|Tailwind|p2a: Roaring Moon\n|-sidestart|p2: haha u rage quit|move: Tailwind\n|move|p2b: Great Tusk|Ice Spinner|p1b: Dragapult\n|-supereffective|p1b: Dragapult\n|-damage|p1b: Dragapult|0 fnt\n|faint|p1b: Dragapult\n|move|p1a: Chien-Pao|Sacred Sword|p2b: Great Tusk\n|-damage|p2b: Great Tusk|75\/100\n|\n|upkeep\n|\n|t:|1682689996\n|switch|p1b: Dondozo|Dondozo, L50, M|100\/100\n|turn|2\n|\n|t:|1682690039\n|-end|p2b: Great Tusk|Protosynthesis|[silent]\n|switch|p2b: Lycanroc|Lycanroc, L50, M|100\/100\n|move|p1b: Dondozo|Protect|p1b: Dondozo\n|-singleturn|p1b: Dondozo|Protect\n|move|p2a: Roaring Moon|Breaking Swipe|p1a: Chien-Pao|[spread] p1a\n|-activate|p1b: Dondozo|move: Protect\n|-damage|p1a: Chien-Pao|73\/100\n|-unboost|p1a: Chien-Pao|atk|1\n|move|p1a: Chien-Pao|Sacred Sword|p2a: Roaring Moon\n|-supereffective|p2a: Roaring Moon\n|-damage|p2a: Roaring Moon|40\/100\n|\n|upkeep\n|turn|3\n|inactive|Battle timer is ON: inactive players will automatically lose when time's up. (requested by haha u rage quit)\n|inactive|Reduxlemon has 30 seconds left.\n|inactive|Reduxlemon has 20 seconds left.\n|inactive|Reduxlemon has 15 seconds left.\n|inactive|Reduxlemon has 10 seconds left.\n|inactive|Reduxlemon has 5 seconds left.\n|\n|t:|1682690164\n|switch|p2b: Great Tusk|Great Tusk, L50, shiny|75\/100\n|-terastallize|p2a: Roaring Moon|Ghost\n|move|p2a: Roaring Moon|Roost|p2a: Roaring Moon\n|-heal|p2a: Roaring Moon|90\/100\n|move|p1a: Chien-Pao|Sacred Sword|p2a: Roaring Moon\n|-immune|p2a: Roaring Moon\n|move|p1b: Dondozo|Wave Crash|p2a: Roaring Moon\n|-damage|p2a: Roaring Moon|7\/100\n|-damage|p1b: Dondozo|75\/100|[from] Recoil\n|\n|-heal|p1b: Dondozo|81\/100|[from] item: Leftovers\n|upkeep\n|turn|4\n|\n|t:|1682690185\n|switch|p1a: Tatsugiri|Tatsugiri, L50, F|100\/100\n|-activate|p1a: Tatsugiri|ability: Commander|[of] p1b: Dondozo\n|-boost|p1b: Dondozo|atk|2\n|-boost|p1b: Dondozo|spa|2\n|-boost|p1b: Dondozo|spe|2\n|-boost|p1b: Dondozo|def|2\n|-boost|p1b: Dondozo|spd|2\n|move|p1b: Dondozo|Protect|p1b: Dondozo\n|-singleturn|p1b: Dondozo|Protect\n|move|p2a: Roaring Moon|Roost|p2a: Roaring Moon\n|-heal|p2a: Roaring Moon|57\/100\n|move|p2b: Great Tusk|Close Combat|p1a: Tatsugiri|[miss]\n|-miss|p2b: Great Tusk|p1a: Tatsugiri\n|\n|-heal|p1b: Dondozo|87\/100|[from] item: Leftovers\n|-sideend|p2: haha u rage quit|move: Tailwind\n|upkeep\n|turn|5\n|inactive|haha u rage quit has 30 seconds left.\n|inactive|haha u rage quit has 20 seconds left.\n|inactive|haha u rage quit has 15 seconds left.\n|inactive|haha u rage quit has 10 seconds left.\n|\n|t:|1682690234\n|-end|p2a: Roaring Moon|Protosynthesis|[silent]\n|switch|p2a: Lycanroc|Lycanroc, L50, M|100\/100\n|move|p1b: Dondozo|Earthquake|p2b: Great Tusk|[spread] p2a,p2b\n|-miss|p1b: Dondozo|p1a: Tatsugiri\n|-supereffective|p2a: Lycanroc\n|-enditem|p2a: Lycanroc|Focus Sash\n|-damage|p2a: Lycanroc|1\/100\n|-damage|p2b: Great Tusk|42\/100\n|move|p2b: Great Tusk|Rock Slide|p1a: Tatsugiri|[spread] p1b\n|-miss|p2b: Great Tusk|p1a: Tatsugiri\n|-damage|p1b: Dondozo|80\/100\n|\n|-heal|p1b: Dondozo|86\/100|[from] item: Leftovers\n|upkeep\n|turn|6\n|j| MidenVGC\n|l| MidenVGC\n|\n|t:|1682690258\n|-end|p2b: Great Tusk|Protosynthesis|[silent]\n|switch|p2b: Tyranitar|Tyranitar, L50, M|100\/100\n|-weather|Sandstorm|[from] ability: Sand Stream|[of] p2b: Tyranitar\n|move|p1b: Dondozo|Protect|p1b: Dondozo\n|-singleturn|p1b: Dondozo|Protect\n|move|p2a: Lycanroc|Endeavor|p1b: Dondozo\n|-activate|p1b: Dondozo|move: Protect\n|\n|-weather|Sandstorm|[upkeep]\n|-damage|p1a: Tatsugiri|95\/100|[from] Sandstorm\n|-damage|p1b: Dondozo|80\/100|[from] Sandstorm\n|-heal|p1b: Dondozo|86\/100|[from] item: Leftovers\n|upkeep\n|turn|7\n|\n|t:|1682690281\n|switch|p2b: Great Tusk|Great Tusk, L50, shiny|42\/100\n|move|p2a: Lycanroc|Endeavor|p1b: Dondozo\n|-damage|p1b: Dondozo|1\/100\n|move|p1b: Dondozo|Wave Crash|p2b: Great Tusk\n|-supereffective|p2b: Great Tusk\n|-damage|p2b: Great Tusk|0 fnt\n|faint|p2b: Great Tusk\n|-end|p2b: Great Tusk|Protosynthesis|[silent]\n|-damage|p1b: Dondozo|0 fnt|[from] Recoil\n|faint|p1b: Dondozo\n|\n|-weather|Sandstorm|[upkeep]\n|-damage|p1a: Tatsugiri|89\/100|[from] Sandstorm\n|upkeep\n|\n|t:|1682690304\n|switch|p2b: Roaring Moon|Roaring Moon, L50, tera:Ghost|57\/100\n|switch|p1b: Chien-Pao|Chien-Pao, L50|73\/100\n|-ability|p1b: Chien-Pao|Sword of Ruin\n|turn|8\n|inactive|haha u rage quit has 30 seconds left.\n|\n|t:|1682690330\n|move|p2a: Lycanroc|Close Combat|p1b: Chien-Pao\n|-supereffective|p1b: Chien-Pao\n|-damage|p1b: Chien-Pao|0 fnt\n|-unboost|p2a: Lycanroc|def|1\n|-unboost|p2a: Lycanroc|spd|1\n|faint|p1b: Chien-Pao\n|move|p1a: Tatsugiri|Icy Wind|p2a: Lycanroc|[spread] p2a,p2b\n|-damage|p2a: Lycanroc|0 fnt\n|-damage|p2b: Roaring Moon|44\/100\n|-unboost|p2b: Roaring Moon|spe|1\n|faint|p2a: Lycanroc\n|move|p2b: Roaring Moon|Tailwind|p2b: Roaring Moon\n|-sidestart|p2: haha u rage quit|move: Tailwind\n|\n|-weather|Sandstorm|[upkeep]\n|-damage|p2b: Roaring Moon|38\/100|[from] Sandstorm\n|-damage|p1a: Tatsugiri|84\/100|[from] Sandstorm\n|upkeep\n|\n|t:|1682690334\n|switch|p2a: Tyranitar|Tyranitar, L50, M|100\/100\n|turn|9\n|\n|t:|1682690345\n|move|p2b: Roaring Moon|Roost|p2b: Roaring Moon\n|-heal|p2b: Roaring Moon|88\/100\n|move|p1a: Tatsugiri|Icy Wind|p2b: Roaring Moon|[spread] p2a,p2b\n|-damage|p2a: Tyranitar|95\/100\n|-damage|p2b: Roaring Moon|76\/100\n|-unboost|p2a: Tyranitar|spe|1\n|-unboost|p2b: Roaring Moon|spe|1\n|move|p2a: Tyranitar|Rock Slide|p1a: Tatsugiri\n|-damage|p1a: Tatsugiri|4\/100\n|\n|-weather|Sandstorm|[upkeep]\n|-damage|p1a: Tatsugiri|0 fnt|[from] Sandstorm\n|-damage|p2b: Roaring Moon|70\/100|[from] Sandstorm\n|faint|p1a: Tatsugiri\n|\n|win|haha u rage quit\n|upkeep\n|raw|Reduxlemon's rating: 1218 → 1199<\/strong> (-19 for losing)\n|raw|haha u rage quit's rating: 1307 → 1322<\/strong> (+15 for winning)\n","uploadtime":1682690378,"views":7,"p1id":"reduxlemon","p2id":"hahauragequit","formatid":"gen9vgc2023regulationc","rating":1199,"private":0,"password":""}