{"id":"gen9vgc2023regulationc-1857974813","p1":"gs wendigo","p2":"neukorn","format":"[Gen 9] VGC 2023 Regulation C","log":"|j|\u2606gs wendigo\n|j|\u2606neukorn\n|t:|1683254557\n|gametype|doubles\n|player|p1|gs wendigo|266|\n|player|p2|neukorn|flint|\n|teamsize|p1|6\n|teamsize|p2|6\n|gen|9\n|tier|[Gen 9] VGC 2023 Regulation C\n|rule|Species Clause: Limit one of each Pok\u00e9mon\n|rule|Item Clause: Limit one of each item\n|clearpoke\n|poke|p1|Dondozo, L50, M|\n|poke|p1|Tatsugiri, L50, M|\n|poke|p1|Chi-Yu, L50|\n|poke|p1|Flutter Mane, L50|\n|poke|p1|Pawmot, L50, F|\n|poke|p1|Dragonite, L50, M|\n|poke|p2|Ting-Lu, L50|\n|poke|p2|Flutter Mane, L50|\n|poke|p2|Indeedee-F, L50, F|\n|poke|p2|Armarouge, L50, M|\n|poke|p2|Annihilape, L50, F|\n|poke|p2|Palafin, L50, F|\n|teampreview|4\ngs wendigo has agreed to open team sheets.\n|j| IUXCelestialQueen\nneukorn has agreed to open team sheets.\n|\n|t:|1683254614\n|start\n|switch|p1a: Chi-Yu|Chi-Yu, L50|100\/100\n|switch|p1b: Dragonite|Dragonite, L50, M|100\/100\n|switch|p2a: Indeedee|Indeedee-F, L50, F|100\/100\n|switch|p2b: Armarouge|Armarouge, L50, M|100\/100\n|-ability|p1a: Chi-Yu|Beads of Ruin\n|-fieldstart|move: Psychic Terrain|[from] ability: Psychic Surge|[of] p2a: Indeedee\n|-enditem|p2a: Indeedee|Psychic Seed\n|-boost|p2a: Indeedee|spd|1|[from] item: Psychic Seed\n|turn|1\n|\n|t:|1683254642\n|-terastallize|p2b: Armarouge|Grass\n|move|p2a: Indeedee|Follow Me|p2a: Indeedee\n|-singleturn|p2a: Indeedee|move: Follow Me\n|move|p1a: Chi-Yu|Snarl|p2a: Indeedee|[spread] p2a,p2b\n|-supereffective|p2a: Indeedee\n|-damage|p2a: Indeedee|62\/100\n|-damage|p2b: Armarouge|61\/100\n|-unboost|p2a: Indeedee|spa|1\n|-unboost|p2b: Armarouge|spa|1\n|move|p1b: Dragonite|Ice Spinner|p2a: Indeedee\n|-damage|p2a: Indeedee|16\/100\n|-fieldend|move: Psychic Terrain\n|move|p2b: Armarouge|Trick Room|p2b: Armarouge\n|-fieldstart|move: Trick Room|[of] p2b: Armarouge\n|\n|upkeep\n|turn|2\n|\n|t:|1683254680\n|switch|p2b: Annihilape|Annihilape, L50, F|100\/100\n|switch|p2a: Ting-Lu|Ting-Lu, L50|100\/100\n|-ability|p2a: Ting-Lu|Vessel of Ruin\n|move|p1b: Dragonite|Ice Spinner|p2b: Annihilape\n|-damage|p2b: Annihilape|62\/100\n|move|p1a: Chi-Yu|Snarl|p2b: Annihilape|[spread] p2a,p2b\n|-resisted|p2a: Ting-Lu\n|-damage|p2a: Ting-Lu|95\/100\n|-damage|p2b: Annihilape|41\/100\n|-unboost|p2a: Ting-Lu|spa|1\n|-unboost|p2b: Annihilape|spa|1\n|-ability|p2b: Annihilape|Defiant|boost\n|-boost|p2b: Annihilape|atk|2\n|\n|-heal|p2b: Annihilape|47\/100|[from] item: Leftovers\n|upkeep\n|turn|3\n|\n|t:|1683254710\n|switch|p1b: Dondozo|Dondozo, L50, M|100\/100\n|switch|p1a: Tatsugiri|Tatsugiri, L50, M|100\/100\n|-activate|p1a: Tatsugiri|ability: Commander|[of] p1b: Dondozo\n|-boost|p1b: Dondozo|atk|2\n|-boost|p1b: Dondozo|spa|2\n|-boost|p1b: Dondozo|spe|2\n|-boost|p1b: Dondozo|def|2\n|-boost|p1b: Dondozo|spd|2\n|move|p2a: Ting-Lu|Ruination|p1b: Dondozo\n|-damage|p1b: Dondozo|50\/100\n|move|p2b: Annihilape|Drain Punch|p1a: Tatsugiri|[miss]\n|-miss|p2b: Annihilape|p1a: Tatsugiri\n|\n|-heal|p2b: Annihilape|53\/100|[from] item: Leftovers\n|-heal|p1b: Dondozo|57\/100|[from] item: Leftovers\n|upkeep\n|turn|4\n|\n|t:|1683254739\n|move|p1b: Dondozo|Protect|p1b: Dondozo\n|-singleturn|p1b: Dondozo|Protect\n|move|p2a: Ting-Lu|Fissure|p1b: Dondozo\n|-activate|p1b: Dondozo|move: Protect\n|move|p2b: Annihilape|Drain Punch|p1b: Dondozo\n|-activate|p1b: Dondozo|move: Protect\n|\n|-heal|p2b: Annihilape|59\/100|[from] item: Leftovers\n|-heal|p1b: Dondozo|63\/100|[from] item: Leftovers\n|upkeep\n|turn|5\n|\n|t:|1683254755\n|move|p2a: Ting-Lu|Ruination|p1b: Dondozo\n|-damage|p1b: Dondozo|32\/100\n|move|p2b: Annihilape|Drain Punch|p1b: Dondozo\n|-damage|p1b: Dondozo|21\/100\n|-heal|p2b: Annihilape|64\/100|[from] drain|[of] p1b: Dondozo\n|move|p1b: Dondozo|Wave Crash|p2b: Annihilape\n|-damage|p2b: Annihilape|0 fnt\n|faint|p2b: Annihilape\n|-damage|p1b: Dondozo|1\/100|[from] Recoil\n|\n|-heal|p1b: Dondozo|7\/100|[from] item: Leftovers\n|-fieldend|move: Trick Room\n|upkeep\n|\n|t:|1683254767\n|switch|p2b: Indeedee|Indeedee-F, L50, F|16\/100\n|-fieldstart|move: Psychic Terrain|[from] ability: Psychic Surge|[of] p2b: Indeedee\n|turn|6\n|\n|t:|1683254782\n|move|p1b: Dondozo|Earthquake|p2a: Ting-Lu|[spread] p2a,p2b\n|-miss|p1b: Dondozo|p1a: Tatsugiri\n|-damage|p2a: Ting-Lu|71\/100\n|-damage|p2b: Indeedee|0 fnt\n|faint|p2b: Indeedee\n|move|p2a: Ting-Lu|Stomping Tantrum|p1b: Dondozo\n|-damage|p1b: Dondozo|0 fnt\n|faint|p1b: Dondozo\n|\n|upkeep\n|\n|t:|1683254791\n|switch|p2b: Armarouge|Armarouge, L50, M, tera:Grass|61\/100\n|switch|p1b: Dragonite|Dragonite, L50, M|100\/100\n|turn|7\n|\n|t:|1683254815\n|move|p1b: Dragonite|Ice Spinner|p2b: Armarouge\n|-supereffective|p2b: Armarouge\n|-damage|p2b: Armarouge|0 fnt\n|-fieldend|move: Psychic Terrain\n|faint|p2b: Armarouge\n|move|p1a: Tatsugiri|Muddy Water|p2a: Ting-Lu\n|-supereffective|p2a: Ting-Lu\n|-crit|p2a: Ting-Lu\n|-damage|p2a: Ting-Lu|23\/100\n|move|p2a: Ting-Lu|Ruination|p1b: Dragonite\n|-damage|p1b: Dragonite|50\/100\n|\n|upkeep\n|turn|8\n|\n|t:|1683254844\n|move|p1b: Dragonite|Ice Spinner|p2a: Ting-Lu\n|-supereffective|p2a: Ting-Lu\n|-damage|p2a: Ting-Lu|0 fnt\n|faint|p2a: Ting-Lu\n|\n|win|gs wendigo\n","uploadtime":1683254874,"views":11,"p1id":"gswendigo","p2id":"neukorn","formatid":"gen9vgc2023regulationc","rating":0,"private":0,"password":""}