{"id":"gen9vgc2023regulationc-1845453800","p1":"DanMarkSof2015","p2":"Citoraptor","format":"[Gen 9] VGC 2023 Regulation C","log":"|j|\u2606DanMarkSof2015\n|j|\u2606Citoraptor\n|t:|1681735098\n|gametype|doubles\n|player|p1|DanMarkSof2015|2|1114\n|player|p2|Citoraptor|265|1100\n|teamsize|p1|6\n|teamsize|p2|6\n|gen|9\n|tier|[Gen 9] VGC 2023 Regulation C\n|rated|\n|rule|Species Clause: Limit one of each Pok\u00e9mon\n|rule|Item Clause: Limit one of each item\n|clearpoke\n|poke|p1|Dondozo, L50, F|\n|poke|p1|Flamigo, L50, F|\n|poke|p1|Tatsugiri, L50, F|\n|poke|p1|Annihilape, L50, M|\n|poke|p1|Cetitan, L50, F|\n|poke|p1|Maushold-Four, L50|\n|poke|p2|Blissey, L50, F|\n|poke|p2|Roaring Moon, L50|\n|poke|p2|Talonflame, L50, F|\n|poke|p2|Gholdengo, L50|\n|poke|p2|Chien-Pao, L50|\n|poke|p2|Wo-Chien, L50|\n|teampreview|4\n|\n|t:|1681735128\n|start\n|switch|p1a: Tatsugiri|Tatsugiri, L50, F|100\/100\n|switch|p1b: Annihilape|Annihilape, L50, M|100\/100\n|switch|p2a: Talonflame|Talonflame, L50, F|100\/100\n|switch|p2b: Chien-Pao|Chien-Pao, L50|100\/100\n|-ability|p2b: Chien-Pao|Sword of Ruin\n|turn|1\n|inactive|Battle timer is ON: inactive players will automatically lose when time's up. (requested by Citoraptor)\n|\n|t:|1681735149\n|move|p1a: Tatsugiri|Endure|p1a: Tatsugiri\n|-singleturn|p1a: Tatsugiri|move: Endure\n|move|p2b: Chien-Pao|Sucker Punch|p1b: Annihilape\n|-damage|p1b: Annihilape|58\/100\n|move|p2a: Talonflame|Brave Bird|p1b: Annihilape\n|-supereffective|p1b: Annihilape\n|-damage|p1b: Annihilape|0 fnt\n|faint|p1b: Annihilape\n|-damage|p2a: Talonflame|78\/100|[from] Recoil\n|\n|-status|p1a: Tatsugiri|tox|[from] item: Toxic Orb\n|upkeep\n|\n|t:|1681735161\n|switch|p1b: Dondozo|Dondozo, L50, F|100\/100\n|-activate|p1a: Tatsugiri|ability: Commander|[of] p1b: Dondozo\n|-boost|p1b: Dondozo|atk|2\n|-boost|p1b: Dondozo|spa|2\n|-boost|p1b: Dondozo|spe|2\n|-boost|p1b: Dondozo|def|2\n|-boost|p1b: Dondozo|spd|2\n|turn|2\n|\n|t:|1681735179\n|move|p2b: Chien-Pao|Sacred Sword|p1b: Dondozo\n|-damage|p1b: Dondozo|72\/100\n|move|p2a: Talonflame|Will-O-Wisp|p1b: Dondozo\n|-status|p1b: Dondozo|brn\n|move|p1b: Dondozo|Substitute|p1b: Dondozo\n|-start|p1b: Dondozo|Substitute\n|-damage|p1b: Dondozo|47\/100 brn\n|\n|-heal|p1b: Dondozo|53\/100 brn|[from] item: Leftovers\n|-damage|p1a: Tatsugiri|94\/100 tox|[from] psn\n|-damage|p1b: Dondozo|47\/100 brn|[from] brn\n|upkeep\n|turn|3\n|\n|t:|1681735200\n|move|p2b: Chien-Pao|Sacred Sword|p1b: Dondozo\n|-end|p1b: Dondozo|Substitute\n|move|p2a: Talonflame|Taunt|p1b: Dondozo\n|-start|p1b: Dondozo|move: Taunt\n|move|p1b: Dondozo|Order Up|p2b: Chien-Pao\n|-damage|p2b: Chien-Pao|63\/100\n|-boost|p1b: Dondozo|atk|1\n|\n|-heal|p1b: Dondozo|53\/100 brn|[from] item: Leftovers\n|-damage|p1a: Tatsugiri|82\/100 tox|[from] psn\n|-damage|p1b: Dondozo|47\/100 brn|[from] brn\n|upkeep\n|turn|4\n|\n|t:|1681735217\n|move|p2b: Chien-Pao|Haze|p2b: Chien-Pao\n|-clearallboost\n|move|p2a: Talonflame|Tailwind|p2a: Talonflame\n|-sidestart|p2: Citoraptor|move: Tailwind\n|move|p1b: Dondozo|Wave Crash|p2a: Talonflame\n|-supereffective|p2a: Talonflame\n|-damage|p2a: Talonflame|0 fnt\n|faint|p2a: Talonflame\n|-damage|p1b: Dondozo|25\/100 brn|[from] Recoil\n|\n|-heal|p1b: Dondozo|32\/100 brn|[from] item: Leftovers\n|-damage|p1a: Tatsugiri|63\/100 tox|[from] psn\n|-damage|p1b: Dondozo|25\/100 brn|[from] brn\n|upkeep\n|\n|t:|1681735233\n|switch|p2a: Gholdengo|Gholdengo, L50|100\/100\n|turn|5\n|\n|t:|1681735245\n|move|p2b: Chien-Pao|Sucker Punch|p1b: Dondozo\n|-damage|p1b: Dondozo|0 fnt\n|faint|p1b: Dondozo\n|move|p2a: Gholdengo|Thunderbolt|p1a: Tatsugiri\n|-damage|p1a: Tatsugiri|0 fnt\n|faint|p1a: Tatsugiri\n|\n|upkeep\n|-message|DanMarkSof2015 forfeited.\n|\n|win|Citoraptor\n|raw|DanMarkSof2015's rating: 1114 → 1088<\/strong> (-26 for losing)\n|raw|Citoraptor's rating: 1100 → 1126<\/strong> (+26 for winning)\n|l|\u2606DanMarkSof2015\n","uploadtime":1681735261,"views":10,"p1id":"danmarksof2015","p2id":"citoraptor","formatid":"gen9vgc2023regulationc","rating":1088,"private":0,"password":""}