{"id":"gen9vgc2023regulationc-1853126138","p1":"Yuni Sensei","p2":"dadarvin","format":"[Gen 9] VGC 2023 Regulation C","log":"|j|\u2606Yuni Sensei\n|j|\u2606dadarvin\n|t:|1682638314\n|gametype|doubles\n|player|p1|Yuni Sensei|ninjaboy|1384\n|player|p2|dadarvin|170|1357\n|teamsize|p1|6\n|teamsize|p2|6\n|gen|9\n|tier|[Gen 9] VGC 2023 Regulation C\n|rated|\n|rule|Species Clause: Limit one of each Pok\u00e9mon\n|rule|Item Clause: Limit one of each item\n|clearpoke\n|poke|p1|Glimmora, L50, M|\n|poke|p1|Flutter Mane, L50|\n|poke|p1|Gothitelle, L50, F|\n|poke|p1|Palafin, L50, M|\n|poke|p1|Corviknight, L50, F|\n|poke|p1|Great Tusk, L50|\n|poke|p2|Torkoal, L50, M|\n|poke|p2|Armarouge, L50, M|\n|poke|p2|Gothitelle, L50, M|\n|poke|p2|Indeedee, L50, M|\n|poke|p2|Gallade, L50, M|\n|poke|p2|Flutter Mane, L50|\n|teampreview|4\n|inactive|Battle timer is ON: inactive players will automatically lose when time's up. (requested by dadarvin)\n|\n|t:|1682638339\n|start\n|switch|p1a: Great Tusk|Great Tusk, L50|100\/100\n|switch|p1b: Palafin|Palafin, L50, M|100\/100\n|switch|p2a: Torkoal|Torkoal, L50, M|100\/100\n|switch|p2b: Armarouge|Armarouge, L50, M|100\/100\n|-weather|SunnyDay|[from] ability: Drought|[of] p2a: Torkoal\n|-activate|p1a: Great Tusk|ability: Protosynthesis\n|-start|p1a: Great Tusk|protosynthesisatk\n|turn|1\n|\n|t:|1682638357\n|detailschange|p1b: Palafin|Palafin-Hero, L50, M\n|switch|p1b: Corviknight|Corviknight, L50, F|100\/100\n|-terastallize|p1a: Great Tusk|Ground\n|-terastallize|p2a: Torkoal|Grass\n|move|p2b: Armarouge|Protect|p2b: Armarouge\n|-singleturn|p2b: Armarouge|Protect\n|move|p1a: Great Tusk|Earthquake|p2a: Torkoal|[spread] p2a\n|-activate|p2b: Armarouge|move: Protect\n|-immune|p1b: Corviknight\n|-resisted|p2a: Torkoal\n|-damage|p2a: Torkoal|69\/100\n|move|p2a: Torkoal|Solar Beam||[still]\n|-prepare|p2a: Torkoal|Solar Beam\n|-anim|p2a: Torkoal|Solar Beam|p1a: Great Tusk\n|-supereffective|p1a: Great Tusk\n|-damage|p1a: Great Tusk|0 fnt\n|faint|p1a: Great Tusk\n|-end|p1a: Great Tusk|Protosynthesis|[silent]\n|\n|-weather|SunnyDay|[upkeep]\n|upkeep\n|\n|t:|1682638376\n|switch|p1a: Palafin|Palafin-Hero, L50, M|100\/100\n|-activate|p1a: Palafin|ability: Zero to Hero\n|turn|2\n|\n|t:|1682638392\n|move|p2a: Torkoal|Protect|p2a: Torkoal\n|-singleturn|p2a: Torkoal|Protect\n|move|p1a: Palafin|Wave Crash|p2a: Torkoal\n|-activate|p2a: Torkoal|move: Protect\n|move|p1b: Corviknight|Brave Bird|p2a: Torkoal\n|-activate|p2a: Torkoal|move: Protect\n|move|p2b: Armarouge|Trick Room|p2b: Armarouge\n|-fieldstart|move: Trick Room|[of] p2b: Armarouge\n|\n|-weather|SunnyDay|[upkeep]\n|upkeep\n|turn|3\n|\n|t:|1682638408\n|switch|p2a: Indeedee|Indeedee, L50, M|100\/100\n|-fieldstart|move: Psychic Terrain|[from] ability: Psychic Surge|[of] p2a: Indeedee\n|move|p1a: Palafin|Protect|p1a: Palafin\n|-singleturn|p1a: Palafin|Protect\n|move|p2b: Armarouge|Expanding Force|p1a: Palafin|[spread] p1b\n|-activate|p1a: Palafin|move: Protect\n|-resisted|p1b: Corviknight\n|-damage|p1b: Corviknight|83\/100\n|move|p1b: Corviknight|Brave Bird|p2a: Indeedee\n|-damage|p2a: Indeedee|18\/100\n|-damage|p1b: Corviknight|65\/100|[from] Recoil\n|\n|-weather|SunnyDay|[upkeep]\n|upkeep\n|turn|4\n|\n|t:|1682638429\n|move|p2b: Armarouge|Expanding Force|p1a: Palafin|[spread] p1a,p1b\n|-crit|p1a: Palafin\n|-resisted|p1b: Corviknight\n|-damage|p1a: Palafin|25\/100\n|-damage|p1b: Corviknight|48\/100\n|move|p1b: Corviknight|Roost|p1b: Corviknight\n|-heal|p1b: Corviknight|98\/100\n|-singleturn|p1b: Corviknight|move: Roost\n|move|p1a: Palafin|Wave Crash|p2b: Armarouge\n|-supereffective|p2b: Armarouge\n|-damage|p2b: Armarouge|18\/100\n|-enditem|p2b: Armarouge|Weakness Policy\n|-boost|p2b: Armarouge|atk|2|[from] item: Weakness Policy\n|-boost|p2b: Armarouge|spa|2|[from] item: Weakness Policy\n|-damage|p1a: Palafin|0 fnt|[from] Recoil\n|faint|p1a: Palafin\n|move|p2a: Indeedee|Trick|p1b: Corviknight\n|-activate|p2a: Indeedee|move: Trick|[of] p1b: Corviknight\n|-item|p1b: Corviknight|Choice Scarf|[from] move: Trick\n|-item|p2a: Indeedee|Safety Goggles|[from] move: Trick\n|\n|-weather|SunnyDay|[upkeep]\n|upkeep\n|\n|t:|1682638449\n|switch|p1a: Glimmora|Glimmora, L50, M|100\/100\n|turn|5\n|\n|t:|1682638462\n|move|p2b: Armarouge|Expanding Force|p1a: Glimmora|[spread] p1a,p1b\n|-supereffective|p1a: Glimmora\n|-resisted|p1b: Corviknight\n|-damage|p1a: Glimmora|0 fnt\n|-damage|p1b: Corviknight|61\/100\n|faint|p1a: Glimmora\n|move|p1b: Corviknight|Brave Bird|p2a: Indeedee\n|-damage|p2a: Indeedee|0 fnt\n|faint|p2a: Indeedee\n|-damage|p1b: Corviknight|58\/100|[from] Recoil\n|\n|-weather|none\n|upkeep\n|\n|t:|1682638474\n|switch|p2a: Torkoal|Torkoal, L50, M, tera:Grass|69\/100\n|-weather|SunnyDay|[from] ability: Drought|[of] p2a: Torkoal\n|turn|6\n|\n|t:|1682638480\n|move|p2a: Torkoal|Eruption|p1b: Corviknight\n|-supereffective|p1b: Corviknight\n|-crit|p1b: Corviknight\n|-damage|p1b: Corviknight|0 fnt\n|faint|p1b: Corviknight\n|\n|win|dadarvin\n|raw|Yuni Sensei's rating: 1384 → 1362<\/strong> (-22 for losing)\n|raw|dadarvin's rating: 1357 → 1379<\/strong> (+22 for winning)\n|l|\u2606Yuni Sensei\n","uploadtime":1682638488,"views":6,"p1id":"yunisensei","p2id":"dadarvin","formatid":"gen9vgc2023regulationc","rating":1362,"private":0,"password":""}