{"id":"gen9vgc2023regulationc-1860111215","p1":"Elphaba Thropp","p2":"ShaytheFair","format":"[Gen 9] VGC 2023 Regulation C","log":"|j|\u2606Elphaba Thropp\n|j|\u2606ShaytheFair\n|t:|1683596488\n|gametype|doubles\n|player|p1|Elphaba Thropp|bellelba|\n|player|p2|ShaytheFair|veteranf|\n|teamsize|p1|6\n|teamsize|p2|6\n|gen|9\n|tier|[Gen 9] VGC 2023 Regulation C\n|rule|Species Clause: Limit one of each Pok\u00e9mon\n|rule|Item Clause: Limit one of each item\n|clearpoke\n|poke|p1|Flutter Mane, L50|\n|poke|p1|Amoonguss, L50, F|\n|poke|p1|Iron Bundle, L50|\n|poke|p1|Palafin, L50, M|\n|poke|p1|Chi-Yu, L50|\n|poke|p1|Arcanine, L50, F|\n|poke|p2|Palafin, L50, F|\n|poke|p2|Flutter Mane, L50|\n|poke|p2|Arcanine, L50, F|\n|poke|p2|Ting-Lu, L50|\n|poke|p2|Amoonguss, L50, M|\n|poke|p2|Kingambit, L50, M|\n|teampreview|4\n|c|\u2606Elphaba Thropp|G3\nElphaba Thropp has agreed to open team sheets.\nShaytheFair has agreed to open team sheets.\n|c|\u2606Elphaba Thropp|glhf\n|c|\u2606ShaytheFair|likewise\n|\n|t:|1683597724\n|start\n|switch|p1a: Chi-Yu|Chi-Yu, L50|100\/100\n|switch|p1b: Amoonguss|Amoonguss, L50, F|100\/100\n|switch|p2a: Chocolate Cherry|Flutter Mane, L50|100\/100\n|switch|p2b: Cookies n Cream|Amoonguss, L50, M|100\/100\n|-ability|p1a: Chi-Yu|Beads of Ruin\n|-enditem|p2a: Chocolate Cherry|Booster Energy\n|-activate|p2a: Chocolate Cherry|ability: Protosynthesis|[fromitem]\n|-start|p2a: Chocolate Cherry|protosynthesisspa\n|turn|1\n|\n|t:|1683597742\n|switch|p2b: Moose Tracks|Ting-Lu, L50|100\/100\n|-ability|p2b: Moose Tracks|Vessel of Ruin\n|move|p2a: Chocolate Cherry|Protect|p2a: Chocolate Cherry\n|-singleturn|p2a: Chocolate Cherry|Protect\n|move|p1a: Chi-Yu|Protect|p1a: Chi-Yu\n|-singleturn|p1a: Chi-Yu|Protect\n|move|p1b: Amoonguss|Spore|p2a: Chocolate Cherry\n|-activate|p2a: Chocolate Cherry|move: Protect\n|\n|upkeep\n|turn|2\n|\n|t:|1683597803\n|-terastallize|p2a: Chocolate Cherry|Fairy\n|move|p1b: Amoonguss|Rage Powder|p1b: Amoonguss\n|-singleturn|p1b: Amoonguss|move: Rage Powder\n|move|p2a: Chocolate Cherry|Shadow Ball|p1b: Amoonguss\n|-damage|p1b: Amoonguss|44\/100\n|-enditem|p1b: Amoonguss|Sitrus Berry|[eat]\n|-heal|p1b: Amoonguss|69\/100|[from] item: Sitrus Berry\n|move|p1a: Chi-Yu|Heat Wave|p2b: Moose Tracks|[spread] p2a,p2b\n|-crit|p2b: Moose Tracks\n|-damage|p2a: Chocolate Cherry|64\/100\n|-damage|p2b: Moose Tracks|73\/100\n|-status|p2b: Moose Tracks|brn\n|move|p2b: Moose Tracks|Stomping Tantrum|p1b: Amoonguss\n|-damage|p1b: Amoonguss|57\/100\n|\n|-damage|p2b: Moose Tracks|67\/100 brn|[from] brn\n|upkeep\n|turn|3\n|c|\u2606ShaytheFair|Well damn\n|c|\u2606Elphaba Thropp|crazy burn\n|c|\u2606Elphaba Thropp|also i only did 36% geez\n|c|\u2606Elphaba Thropp|Ting-Lu doing work\n|c|\u2606ShaytheFair|Yeah, I freaking love this thing\n|c|\u2606ShaytheFair|The bulk is fantastic\n|\n|t:|1683597885\n|move|p1a: Chi-Yu|Protect|p1a: Chi-Yu\n|-singleturn|p1a: Chi-Yu|Protect\n|move|p2a: Chocolate Cherry|Dazzling Gleam|p1a: Chi-Yu|[spread] p1b\n|-activate|p1a: Chi-Yu|move: Protect\n|-resisted|p1b: Amoonguss\n|-damage|p1b: Amoonguss|30\/100\n|move|p2b: Moose Tracks|Ruination|p1b: Amoonguss\n|-damage|p1b: Amoonguss|15\/100\n|move|p1b: Amoonguss|Spore|p2a: Chocolate Cherry\n|-status|p2a: Chocolate Cherry|slp|[from] move: Spore\n|\n|-damage|p2b: Moose Tracks|61\/100 brn|[from] brn\n|upkeep\n|turn|4\n|c|\u2606Elphaba Thropp|oh nice that worked out well\n|\n|t:|1683597908\n|-end|p2a: Chocolate Cherry|Protosynthesis|[silent]\n|switch|p2a: Butter Pecan|Arcanine, L50, F|100\/100\n|-ability|p2a: Butter Pecan|Intimidate|boost\n|-unboost|p1a: Chi-Yu|atk|1\n|-unboost|p1b: Amoonguss|atk|1\n|move|p1b: Amoonguss|Rage Powder|p1b: Amoonguss\n|-singleturn|p1b: Amoonguss|move: Rage Powder\n|move|p1a: Chi-Yu|Heat Wave|p2b: Moose Tracks|[spread] p2a,p2b\n|-resisted|p2a: Butter Pecan\n|-damage|p2a: Butter Pecan|81\/100\n|-damage|p2b: Moose Tracks|42\/100 brn\n|move|p2b: Moose Tracks|Stomping Tantrum|p1b: Amoonguss\n|-damage|p1b: Amoonguss|3\/100\n|\n|-damage|p2b: Moose Tracks|36\/100 brn|[from] brn\n|upkeep\n|turn|5\n|\n|t:|1683597954\n|move|p1b: Amoonguss|Rage Powder|p1b: Amoonguss\n|-singleturn|p1b: Amoonguss|move: Rage Powder\n|move|p1a: Chi-Yu|Dark Pulse|p2a: Butter Pecan\n|-damage|p2a: Butter Pecan|39\/100\n|cant|p2a: Butter Pecan|flinch\n|move|p2b: Moose Tracks|Heavy Slam|p1b: Amoonguss\n|-damage|p1b: Amoonguss|0 fnt\n|faint|p1b: Amoonguss\n|\n|-damage|p2b: Moose Tracks|30\/100 brn|[from] brn\n|upkeep\n|\n|t:|1683597969\n|switch|p1b: Flutter Mane|Flutter Mane, L50|100\/100\n|turn|6\n|\n|t:|1683597992\n|-terastallize|p1a: Chi-Yu|Ghost\n|move|p1b: Flutter Mane|Moonblast|p2b: Moose Tracks\n|-supereffective|p2b: Moose Tracks\n|-damage|p2b: Moose Tracks|0 fnt\n|faint|p2b: Moose Tracks\n|move|p1a: Chi-Yu|Dark Pulse|p2a: Butter Pecan\n|-damage|p2a: Butter Pecan|0 fnt\n|faint|p2a: Butter Pecan\n|\n|upkeep\n|c|\u2606ShaytheFair|oh crap\n|\n|t:|1683598004\n|switch|p2a: Chocolate Cherry|Flutter Mane, L50, tera:Fairy|64\/100 slp\n|switch|p2b: Cookies n Cream|Amoonguss, L50, M|100\/100\n|turn|7\n|\n|t:|1683598017\n|move|p1b: Flutter Mane|Moonblast|p2a: Chocolate Cherry\n|-damage|p2a: Chocolate Cherry|0 fnt\n|faint|p2a: Chocolate Cherry\n|-end|p2a: Chocolate Cherry|Protosynthesis|[silent]\n|move|p1a: Chi-Yu|Heat Wave|p2b: Cookies n Cream\n|-supereffective|p2b: Cookies n Cream\n|-damage|p2b: Cookies n Cream|0 fnt\n|faint|p2b: Cookies n Cream\n|\n|win|Elphaba Thropp\n|c|\u2606Elphaba Thropp|gg\n|c|\u2606ShaytheFair|yeah there was no contest there\n|c|\u2606Elphaba Thropp|hyper offense is so scary to play against\n|c|\u2606ShaytheFair|you can say that again\n|c|\u2606Elphaba Thropp|Wanna review the games?\n|c|\u2606ShaytheFair|yeah, I could use some pointers\n|c|\u2606Elphaba Thropp|We can go over it together on voice chat, or I can type notes on Discord\n|c|\u2606Elphaba Thropp|Pros to voice chat: easier, faster\n|c|\u2606Elphaba Thropp|Pros to Discord text: you can keep it saved for future reference\n|c|\u2606ShaytheFair|hmm, I think VC works best for me. I can always type up notes too\n","uploadtime":1683598036,"views":12,"p1id":"elphabathropp","p2id":"shaythefair","formatid":"gen9vgc2023regulationc","rating":0,"private":0,"password":""}