{"id":"gen9vgc2023regulationc-1854078147","p1":"St3lar","p2":"haha u rage quit","format":"[Gen 9] VGC 2023 Regulation C","log":"|j|\u2606St3lar\n|j|\u2606haha u rage quit\n|t:|1682765236\n|gametype|doubles\n|player|p1|St3lar|2|1328\n|player|p2|haha u rage quit|pokemaniac|1291\n|teamsize|p1|6\n|teamsize|p2|6\n|gen|9\n|tier|[Gen 9] VGC 2023 Regulation C\n|rated|\n|rule|Species Clause: Limit one of each Pok\u00e9mon\n|rule|Item Clause: Limit one of each item\n|clearpoke\n|poke|p1|Dragonite, L50, M|\n|poke|p1|Maushold-Four, L50|\n|poke|p1|Sylveon, L50, M|\n|poke|p1|Arcanine, L50, F|\n|poke|p1|Palafin, L50, M|\n|poke|p1|Gholdengo, L50|\n|poke|p2|Amoonguss, L50, M|\n|poke|p2|Bronzong, L50|\n|poke|p2|Armarouge, L50, M|\n|poke|p2|Ting-Lu, L50|\n|poke|p2|Indeedee-F, L50, F|\n|poke|p2|Iron Hands, L50|\n|teampreview|4\n|\n|t:|1682765295\n|start\n|switch|p1a: Arcanine|Arcanine, L50, F|100\/100\n|switch|p1b: Gholdengo|Gholdengo, L50|100\/100\n|switch|p2a: Indeedee|Indeedee-F, L50, F, shiny|100\/100\n|switch|p2b: Armarouge|Armarouge, L50, M|100\/100\n|-ability|p1a: Arcanine|Intimidate|boost\n|-unboost|p2a: Indeedee|atk|1\n|-unboost|p2b: Armarouge|atk|1\n|-fieldstart|move: Psychic Terrain|[from] ability: Psychic Surge|[of] p2a: Indeedee\n|turn|1\n|\n|t:|1682765333\n|move|p2b: Armarouge|Protect|p2b: Armarouge\n|-singleturn|p2b: Armarouge|Protect\n|move|p1a: Arcanine|Snarl|p2b: Armarouge|[spread] p2a\n|-activate|p2b: Armarouge|move: Protect\n|-supereffective|p2a: Indeedee\n|-damage|p2a: Indeedee|88\/100\n|-unboost|p2a: Indeedee|spa|1\n|move|p1b: Gholdengo|Nasty Plot|p1b: Gholdengo\n|-boost|p1b: Gholdengo|spa|2\n|move|p2a: Indeedee|Trick Room|p2a: Indeedee\n|-fieldstart|move: Trick Room|[of] p2a: Indeedee\n|\n|upkeep\n|turn|2\n|\n|t:|1682765351\n|-terastallize|p1b: Gholdengo|Dark\n|move|p2a: Indeedee|Helping Hand|p2b: Armarouge\n|-singleturn|p2b: Armarouge|Helping Hand|[of] p2a: Indeedee\n|move|p2b: Armarouge|Expanding Force|p1b: Gholdengo|[spread] p1a\n|-immune|p1b: Gholdengo\n|-damage|p1a: Arcanine|0 fnt\n|faint|p1a: Arcanine\n|-damage|p2b: Armarouge|91\/100|[from] item: Life Orb\n|move|p1b: Gholdengo|Thunderbolt|p2b: Armarouge\n|-damage|p2b: Armarouge|23\/100\n|\n|upkeep\n|\n|t:|1682765371\n|switch|p1a: Dragonite|Dragonite, L50, M|100\/100\n|turn|3\n|\n|t:|1682765389\n|move|p2b: Armarouge|Expanding Force|p1a: Dragonite|[spread] p1a\n|-immune|p1b: Gholdengo\n|-damage|p1a: Dragonite|61\/100\n|-damage|p2b: Armarouge|13\/100|[from] item: Life Orb\n|move|p2a: Indeedee|Dazzling Gleam|p1a: Dragonite|[spread] p1a,p1b\n|-supereffective|p1a: Dragonite\n|-supereffective|p1b: Gholdengo\n|-damage|p1a: Dragonite|43\/100\n|-damage|p1b: Gholdengo|82\/100\n|move|p1a: Dragonite|Ice Spinner|p2b: Armarouge\n|-resisted|p2b: Armarouge\n|-damage|p2b: Armarouge|0 fnt\n|-fieldend|move: Psychic Terrain\n|faint|p2b: Armarouge\n|move|p1b: Gholdengo|Make It Rain|p2a: Indeedee\n|-crit|p2a: Indeedee\n|-damage|p2a: Indeedee|0 fnt\n|-unboost|p1b: Gholdengo|spa|1\n|faint|p2a: Indeedee\n|\n|upkeep\n|\n|t:|1682765407\n|switch|p2b: Amoonguss|Amoonguss, L50, M|100\/100\n|switch|p2a: Iron Hands|Iron Hands, L50, shiny|100\/100\n|turn|4\n|\n|t:|1682765435\n|switch|p1a: Maushold|Maushold-Four, L50|100\/100\n|move|p1b: Gholdengo|Protect|p1b: Gholdengo\n|-singleturn|p1b: Gholdengo|Protect\n|move|p2b: Amoonguss|Spore|p1a: Maushold\n|-status|p1a: Maushold|slp|[from] move: Spore\n|move|p2a: Iron Hands|Swords Dance|p2a: Iron Hands\n|-boost|p2a: Iron Hands|atk|2\n|\n|upkeep\n|turn|5\n|\n|t:|1682765465\n|switch|p1b: Dragonite|Dragonite, L50, M|43\/100\n|move|p2b: Amoonguss|Pollen Puff|p1b: Dragonite\n|-resisted|p1b: Dragonite\n|-damage|p1b: Dragonite|37\/100\n|move|p2a: Iron Hands|Drain Punch|p1b: Dragonite\n|-resisted|p1b: Dragonite\n|-damage|p1b: Dragonite|6\/100\n|cant|p1a: Maushold|slp\n|\n|-fieldend|move: Trick Room\n|upkeep\n|turn|6\n|\n|t:|1682765498\n|-terastallize|p2b: Amoonguss|Water\n|cant|p1a: Maushold|slp\n|move|p1b: Dragonite|Ice Spinner|p2b: Amoonguss\n|-resisted|p2b: Amoonguss\n|-damage|p2b: Amoonguss|80\/100\n|move|p2a: Iron Hands|Drain Punch|p1a: Maushold\n|-supereffective|p1a: Maushold\n|-enditem|p1a: Maushold|Focus Sash\n|-damage|p1a: Maushold|1\/100 slp\n|move|p2b: Amoonguss|Pollen Puff|p1b: Dragonite\n|-resisted|p1b: Dragonite\n|-damage|p1b: Dragonite|0 fnt\n|faint|p1b: Dragonite\n|\n|upkeep\n|\n|t:|1682765511\n|switch|p1b: Gholdengo|Gholdengo, L50, tera:Dark|82\/100\n|turn|7\n|\n|t:|1682765542\n|cant|p1a: Maushold|slp\n|move|p1b: Gholdengo|Make It Rain|p2b: Amoonguss|[spread] p2a,p2b\n|-resisted|p2a: Iron Hands\n|-resisted|p2b: Amoonguss\n|-damage|p2a: Iron Hands|86\/100\n|-damage|p2b: Amoonguss|64\/100\n|-unboost|p1b: Gholdengo|spa|1\n|-enditem|p1b: Gholdengo|White Herb\n|-clearnegativeboost|p1b: Gholdengo|[silent]\n|move|p2a: Iron Hands|Drain Punch|p1b: Gholdengo\n|-supereffective|p1b: Gholdengo\n|-damage|p1b: Gholdengo|0 fnt\n|-heal|p2a: Iron Hands|100\/100|[from] drain|[of] p1b: Gholdengo\n|faint|p1b: Gholdengo\n|move|p2b: Amoonguss|Pollen Puff|p2a: Iron Hands\n|-immune|p2a: Iron Hands\n|\n|upkeep\n|turn|8\n|-message|St3lar forfeited.\n|\n|win|haha u rage quit\n|raw|St3lar's rating: 1328 → 1306<\/strong> (-22 for losing)\n|raw|haha u rage quit's rating: 1291 → 1319<\/strong> (+28 for winning)\n|l|\u2606St3lar\n","uploadtime":1682765579,"views":14,"p1id":"st3lar","p2id":"hahauragequit","formatid":"gen9vgc2023regulationc","rating":1306,"private":0,"password":""}