{"id":"gen9vgc2023regulationc-1855757156","p1":"SpadesHS","p2":"Substitute_Dino","format":"[Gen 9] VGC 2023 Regulation C","log":"|j|\u2606SpadesHS\n|j|\u2606Substitute_Dino\n|t:|1682980593\n|gametype|doubles\n|player|p1|SpadesHS|n|\n|player|p2|Substitute_Dino|n|\n|teamsize|p1|6\n|teamsize|p2|6\n|gen|9\n|tier|[Gen 9] VGC 2023 Regulation C\n|rule|Species Clause: Limit one of each Pok\u00e9mon\n|rule|Item Clause: Limit one of each item\n|clearpoke\n|poke|p1|Amoonguss, L50, M|\n|poke|p1|Palafin, L50, M|\n|poke|p1|Arcanine, L50, F|\n|poke|p1|Ting-Lu, L50|\n|poke|p1|Kingambit, L50, M|\n|poke|p1|Flutter Mane, L50|\n|poke|p2|Tsareena, L50, F|\n|poke|p2|Kilowattrel, L50, M|\n|poke|p2|Hydreigon, L50, F|\n|poke|p2|Skeledirge, L50, F|\n|poke|p2|Slowbro, L50, F|\n|poke|p2|Iron Treads, L50|\n|teampreview|4\n|c|\u2606Substitute_Dino|Rematch?\n|c|\u2606SpadesHS|It's bo3\n|c|\u2606Substitute_Dino|Was it that pathetic?\n|c|\u2606Substitute_Dino|Ohhhh\n|\n|t:|1682980640\n|start\n|switch|p1a: Timeline|Flutter Mane, L50|100\/100\n|switch|p1b: Fun Police|Arcanine, L50, F|100\/100\n|switch|p2a: Skeledirge|Skeledirge, L50, F|100\/100\n|switch|p2b: Tsareena|Tsareena, L50, F|100\/100\n|-ability|p1b: Fun Police|Intimidate|boost\n|-unboost|p2a: Skeledirge|atk|1\n|-unboost|p2b: Tsareena|atk|1\n|turn|1\n|\n|t:|1682980656\n|move|p1a: Timeline|Shadow Ball|p2a: Skeledirge\n|-supereffective|p2a: Skeledirge\n|-damage|p2a: Skeledirge|0 fnt\n|faint|p2a: Skeledirge\n|move|p2b: Tsareena|U-turn|p1b: Fun Police\n|-resisted|p1b: Fun Police\n|-damage|p1b: Fun Police|91\/100\n|-damage|p2b: Tsareena|91\/100|[from] item: Life Orb\n|\n|t:|1682980660\n|switch|p2b: Slowbro|Slowbro, L50, F|100\/100|[from] U-turn\n|move|p1b: Fun Police|Flare Blitz|p2b: Slowbro\n|-resisted|p2b: Slowbro\n|-damage|p2b: Slowbro|86\/100\n|-damage|p1b: Fun Police|86\/100|[from] Recoil\n|\n|upkeep\n|\n|t:|1682980662\n|switch|p2a: Hydreigon|Hydreigon, L50, F|100\/100\n|turn|2\n|\n|t:|1682980676\n|-end|p1a: Timeline|Protosynthesis|[silent]\n|switch|p1a: Magnus|Kingambit, L50, M|100\/100\n|move|p2a: Hydreigon|Dark Pulse|p1a: Magnus\n|-resisted|p1a: Magnus\n|-damage|p1a: Magnus|80\/100\n|move|p1b: Fun Police|Howl|p1b: Fun Police|[spread] p1a,p1b\n|-boost|p1a: Magnus|atk|1\n|-boost|p1b: Fun Police|atk|1\n|move|p2b: Slowbro|Light Screen|p2b: Slowbro\n|-sidestart|p2: Substitute_Dino|move: Light Screen\n|\n|upkeep\n|turn|3\n|\n|t:|1682980702\n|move|p1b: Fun Police|Extreme Speed|p2a: Hydreigon\n|-crit|p2a: Hydreigon\n|-damage|p2a: Hydreigon|35\/100\n|move|p2a: Hydreigon|Focus Energy|p2a: Hydreigon\n|-start|p2a: Hydreigon|move: Focus Energy\n|move|p1a: Magnus|Kowtow Cleave|p2b: Slowbro\n|-supereffective|p2b: Slowbro\n|-damage|p2b: Slowbro|0 fnt\n|faint|p2b: Slowbro\n|\n|upkeep\n|\n|t:|1682980704\n|switch|p2b: Tsareena|Tsareena, L50, F|91\/100\n|turn|4\n|\n|t:|1682980720\n|move|p2b: Tsareena|Helping Hand|p2a: Hydreigon\n|-singleturn|p2a: Hydreigon|Helping Hand|[of] p2b: Tsareena\n|move|p2a: Hydreigon|Draco Meteor|p1b: Fun Police\n|-crit|p1b: Fun Police\n|-damage|p1b: Fun Police|0 fnt\n|-unboost|p2a: Hydreigon|spa|2\n|faint|p1b: Fun Police\n|move|p1a: Magnus|Kowtow Cleave|p2b: Tsareena\n|-damage|p2b: Tsareena|0 fnt\n|faint|p2b: Tsareena\n|\n|upkeep\n|\n|t:|1682980730\n|switch|p1b: Timeline|Flutter Mane, L50|100\/100\n|turn|5\n|\n|t:|1682980737\n|-terastallize|p1a: Magnus|Dark\n|move|p1a: Magnus|Sucker Punch|p2a: Hydreigon\n|-resisted|p2a: Hydreigon\n|-damage|p2a: Hydreigon|0 fnt\n|faint|p2a: Hydreigon\n|\n|win|SpadesHS\n","uploadtime":1682980743,"views":19,"p1id":"spadeshs","p2id":"substitutedino","formatid":"gen9vgc2023regulationc","rating":0,"private":0,"password":""}