{"id":"gen9vgc2023regulationc-1864272110","p1":"Molot0vs","p2":"oojclops","format":"[Gen 9] VGC 2023 Regulation C","log":"|j|\u2606Molot0vs\n|j|\u2606oojclops\n|t:|1684148230\n|gametype|doubles\n|player|p1|Molot0vs|veteran|1121\n|player|p2|oojclops|rocketgruntf|1042\n|teamsize|p1|6\n|teamsize|p2|6\n|gen|9\n|tier|[Gen 9] VGC 2023 Regulation C\n|rated|\n|rule|Species Clause: Limit one of each Pok\u00e9mon\n|rule|Item Clause: Limit one of each item\n|clearpoke\n|poke|p1|Gyarados, L50, M|\n|poke|p1|Flutter Mane, L50|\n|poke|p1|Dragonite, L50, M|\n|poke|p1|Scizor, L50, M|\n|poke|p1|Ting-Lu, L50|\n|poke|p1|Arcanine, L50, F|\n|poke|p2|Arcanine, L50, M|\n|poke|p2|Flutter Mane, L50|\n|poke|p2|Kingambit, L50, F|\n|poke|p2|Gothitelle, L50, M|\n|poke|p2|Breloom, L50, M|\n|poke|p2|Palafin, L50, M|\n|teampreview|4\n|inactive|Battle timer is ON: inactive players will automatically lose when time's up. (requested by oojclops)\nMolot0vs rejected open team sheets.\n|inactive|Molot0vs has 60 seconds left.\n|inactive|Molot0vs has 30 seconds left.\n|inactive|Molot0vs has 20 seconds left.\n|inactive|Molot0vs has 15 seconds left.\n|\n|t:|1684148308\n|start\n|switch|p1a: Arcanine|Arcanine, L50, F|100\/100\n|switch|p1b: Ting-Lu|Ting-Lu, L50|100\/100\n|switch|p2a: Palafin|Palafin, L50, M|100\/100\n|switch|p2b: Arcanine|Arcanine, L50, M|100\/100\n|-ability|p2b: Arcanine|Intimidate|boost\n|-unboost|p1a: Arcanine|atk|1\n|-unboost|p1b: Ting-Lu|atk|1\n|-ability|p1a: Arcanine|Intimidate|boost\n|-unboost|p2a: Palafin|atk|1\n|-unboost|p2b: Arcanine|atk|1\n|-ability|p1b: Ting-Lu|Vessel of Ruin\n|turn|1\n|inactive|Molot0vs has 30 seconds left.\n|inactive|Molot0vs has 20 seconds left.\n|inactive|Molot0vs has 15 seconds left.\n|\n|t:|1684148348\n|-terastallize|p1b: Ting-Lu|Flying\n|move|p2a: Palafin|Protect|p2a: Palafin\n|-singleturn|p2a: Palafin|Protect\n|move|p1a: Arcanine|Protect|p1a: Arcanine\n|-singleturn|p1a: Arcanine|Protect\n|move|p2b: Arcanine|Will-O-Wisp|p1b: Ting-Lu\n|-status|p1b: Ting-Lu|brn\n|move|p1b: Ting-Lu|Ruination|p2a: Palafin\n|-activate|p2a: Palafin|move: Protect\n|\n|-damage|p1b: Ting-Lu|95\/100 brn|[from] brn\n|upkeep\n|turn|2\n|\n|t:|1684148373\n|detailschange|p2a: Palafin|Palafin-Hero, L50, M\n|switch|p2a: Flutter Mane|Flutter Mane, L50|100\/100\n|-enditem|p2a: Flutter Mane|Booster Energy\n|-activate|p2a: Flutter Mane|ability: Protosynthesis|[fromitem]\n|-start|p2a: Flutter Mane|protosynthesisspe\n|move|p1a: Arcanine|Will-O-Wisp|p2a: Flutter Mane\n|-status|p2a: Flutter Mane|brn\n|move|p2b: Arcanine|Flare Blitz|p1b: Ting-Lu\n|-damage|p1b: Ting-Lu|75\/100 brn\n|-damage|p2b: Arcanine|93\/100|[from] Recoil\n|move|p1b: Ting-Lu|Ruination|p2a: Flutter Mane\n|-damage|p2a: Flutter Mane|50\/100 brn\n|\n|-heal|p1b: Ting-Lu|81\/100 brn|[from] item: Leftovers\n|-damage|p2a: Flutter Mane|45\/100 brn|[from] brn\n|-damage|p1b: Ting-Lu|75\/100 brn|[from] brn\n|upkeep\n|turn|3\n|inactive|Molot0vs has 30 seconds left.\n|inactive|oojclops has 30 seconds left.\n|inactive|oojclops has 20 seconds left.\n|inactive|oojclops has 15 seconds left.\n|inactive|oojclops has 10 seconds left.\n|\n|t:|1684148422\n|switch|p2b: Breloom|Breloom, L50, M|100\/100\n|move|p2a: Flutter Mane|Substitute|p2a: Flutter Mane\n|-start|p2a: Flutter Mane|Substitute\n|-damage|p2a: Flutter Mane|20\/100 brn\n|move|p1a: Arcanine|Flare Blitz|p2a: Flutter Mane\n|-end|p2a: Flutter Mane|Substitute\n|-damage|p1a: Arcanine|94\/100|[from] Recoil|[of] p2a: Flutter Mane\n|move|p1b: Ting-Lu|Ruination|p2b: Breloom\n|-damage|p2b: Breloom|51\/100\n|\n|-heal|p1b: Ting-Lu|81\/100 brn|[from] item: Leftovers\n|-damage|p2a: Flutter Mane|14\/100 brn|[from] brn\n|-damage|p1b: Ting-Lu|75\/100 brn|[from] brn\n|upkeep\n|turn|4\n|\n|t:|1684148445\n|move|p2b: Breloom|Protect|p2b: Breloom\n|-singleturn|p2b: Breloom|Protect\n|move|p2a: Flutter Mane|Icy Wind|p1b: Ting-Lu|[spread] p1a,p1b\n|-resisted|p1a: Arcanine\n|-supereffective|p1b: Ting-Lu\n|-damage|p1a: Arcanine|89\/100\n|-damage|p1b: Ting-Lu|62\/100 brn\n|-unboost|p1a: Arcanine|spe|1\n|-unboost|p1b: Ting-Lu|spe|1\n|move|p1a: Arcanine|Flare Blitz|p2b: Breloom\n|-activate|p2b: Breloom|move: Protect\n|move|p1b: Ting-Lu|Stomping Tantrum|p2a: Flutter Mane\n|-damage|p2a: Flutter Mane|1\/100 brn\n|\n|-heal|p1b: Ting-Lu|68\/100 brn|[from] item: Leftovers\n|-damage|p2a: Flutter Mane|0 fnt|[from] brn\n|faint|p2a: Flutter Mane\n|-end|p2a: Flutter Mane|Protosynthesis|[silent]\n|-damage|p1b: Ting-Lu|62\/100 brn|[from] brn\n|upkeep\n|inactive|oojclops has 30 seconds left.\n|\n|t:|1684148479\n|switch|p2a: Palafin|Palafin-Hero, L50, M|100\/100\n|-activate|p2a: Palafin|ability: Zero to Hero\n|turn|5\n|inactive|oojclops has 30 seconds left.\n|inactive|oojclops has 20 seconds left.\n|\n|t:|1684148516\n|move|p2a: Palafin|Protect|p2a: Palafin\n|-singleturn|p2a: Palafin|Protect\n|move|p1a: Arcanine|Protect|p1a: Arcanine\n|-singleturn|p1a: Arcanine|Protect\n|move|p2b: Breloom|Spore|p1a: Arcanine\n|-activate|p1a: Arcanine|move: Protect\n|move|p1b: Ting-Lu|Fissure|p2a: Palafin\n|-activate|p2a: Palafin|move: Protect\n|\n|-heal|p1b: Ting-Lu|68\/100 brn|[from] item: Leftovers\n|-damage|p1b: Ting-Lu|62\/100 brn|[from] brn\n|upkeep\n|turn|6\n|inactive|Molot0vs has 30 seconds left.\n|inactive|oojclops has 30 seconds left.\n|inactive|Molot0vs has 20 seconds left.\n|\n|t:|1684148554\n|switch|p2a: Arcanine|Arcanine, L50, M|93\/100\n|-ability|p2a: Arcanine|Intimidate|boost\n|-unboost|p1a: Arcanine|atk|1\n|-unboost|p1b: Ting-Lu|atk|1\n|move|p1a: Arcanine|Extreme Speed|p2a: Arcanine\n|-damage|p2a: Arcanine|79\/100\n|move|p2b: Breloom|Spore|p1a: Arcanine\n|-activate|p1a: Arcanine|item: Safety Goggles|Spore\n|move|p1b: Ting-Lu|Stomping Tantrum|p2a: Arcanine\n|-supereffective|p2a: Arcanine\n|-damage|p2a: Arcanine|65\/100\n|\n|-heal|p1b: Ting-Lu|68\/100 brn|[from] item: Leftovers\n|-damage|p1b: Ting-Lu|62\/100 brn|[from] brn\n|upkeep\n|turn|7\n|inactive|Molot0vs has 30 seconds left.\n|inactive|oojclops has 30 seconds left.\n|\n|t:|1684148581\n|switch|p1a: Flutter Mane|Flutter Mane, L50|100\/100\n|-enditem|p1a: Flutter Mane|Booster Energy\n|-activate|p1a: Flutter Mane|ability: Protosynthesis|[fromitem]\n|-start|p1a: Flutter Mane|protosynthesisspe\n|move|p2a: Arcanine|Protect|p2a: Arcanine\n|-singleturn|p2a: Arcanine|Protect\n|move|p2b: Breloom|Mach Punch|p1a: Flutter Mane\n|-immune|p1a: Flutter Mane\n|move|p1b: Ting-Lu|Ruination|p2b: Breloom\n|-damage|p2b: Breloom|26\/100\n|\n|-heal|p1b: Ting-Lu|68\/100 brn|[from] item: Leftovers\n|-damage|p1b: Ting-Lu|62\/100 brn|[from] brn\n|upkeep\n|turn|8\n|\n|t:|1684148604\n|switch|p1b: Arcanine|Arcanine, L50, F|89\/100\n|-ability|p1b: Arcanine|Intimidate|boost\n|-unboost|p2a: Arcanine|atk|1\n|-unboost|p2b: Breloom|atk|1\n|move|p1a: Flutter Mane|Dazzling Gleam|p2a: Arcanine|[spread] p2a,p2b\n|-resisted|p2a: Arcanine\n|-supereffective|p2b: Breloom\n|-damage|p2a: Arcanine|49\/100\n|-damage|p2b: Breloom|0 fnt\n|faint|p2b: Breloom\n|move|p2a: Arcanine|Flare Blitz|p1b: Arcanine\n|-resisted|p1b: Arcanine\n|-damage|p1b: Arcanine|72\/100\n|-damage|p2a: Arcanine|44\/100|[from] Recoil\n|\n|upkeep\n|\n|t:|1684148615\n|switch|p2b: Palafin|Palafin-Hero, L50, M|100\/100\n|turn|9\n|\n|t:|1684148638\n|-terastallize|p2b: Palafin|Water\n|move|p2a: Arcanine|Protect|p2a: Arcanine\n|-singleturn|p2a: Arcanine|Protect\n|move|p1b: Arcanine|Protect|p1b: Arcanine\n|-singleturn|p1b: Arcanine|Protect\n|move|p2b: Palafin|Jet Punch|p1a: Flutter Mane\n|-damage|p1a: Flutter Mane|0 fnt\n|faint|p1a: Flutter Mane\n|-end|p1a: Flutter Mane|Protosynthesis|[silent]\n|\n|upkeep\n|\n|t:|1684148648\n|switch|p1a: Ting-Lu|Ting-Lu, L50, tera:Flying|62\/100 brn\n|-ability|p1a: Ting-Lu|Vessel of Ruin\n|turn|10\n|\n|t:|1684148661\n|move|p2b: Palafin|Jet Punch|p1b: Arcanine\n|-supereffective|p1b: Arcanine\n|-damage|p1b: Arcanine|0 fnt\n|faint|p1b: Arcanine\n|move|p2a: Arcanine|Flare Blitz|p1a: Ting-Lu\n|-damage|p1a: Ting-Lu|45\/100 brn\n|-damage|p2a: Arcanine|37\/100|[from] Recoil\n|move|p1a: Ting-Lu|Ruination|p2b: Palafin\n|-damage|p2b: Palafin|51\/100\n|\n|-heal|p1a: Ting-Lu|51\/100 brn|[from] item: Leftovers\n|-damage|p1a: Ting-Lu|45\/100 brn|[from] brn\n|upkeep\n|\n|t:|1684148664\n|switch|p1b: Scizor|Scizor, L50, M|100\/100\n|turn|11\n|\n|t:|1684148681\n|move|p1b: Scizor|Bullet Punch|p2b: Palafin\n|-resisted|p2b: Palafin\n|-damage|p2b: Palafin|30\/100\n|-damage|p1b: Scizor|91\/100|[from] item: Life Orb\n|move|p2b: Palafin|Wave Crash|p1a: Ting-Lu\n|-damage|p1a: Ting-Lu|0 fnt\n|faint|p1a: Ting-Lu\n|-damage|p2b: Palafin|14\/100|[from] Recoil\n|move|p2a: Arcanine|Flare Blitz|p1b: Scizor\n|-supereffective|p1b: Scizor\n|-damage|p1b: Scizor|0 fnt\n|faint|p1b: Scizor\n|-damage|p2a: Arcanine|9\/100|[from] Recoil\n|\n|win|oojclops\n|raw|Molot0vs's rating: 1121 → 1090<\/strong> (-31 for losing)\n|raw|oojclops's rating: 1042 → 1083<\/strong> (+41 for winning)\n|l|\u2606Molot0vs\n|c|\u2606oojclops|Gg\n","uploadtime":1684148697,"views":6,"p1id":"molot0vs","p2id":"oojclops","formatid":"gen9vgc2023regulationc","rating":1083,"private":0,"password":""}