{"id":"gen9vgc2023regulationc-1860364898","p1":"GameSpear","p2":"Asd4321","format":"[Gen 9] VGC 2023 Regulation C","log":"|j|\u2606GameSpear\n|j|\u2606Asd4321\n|t:|1683637514\n|gametype|doubles\n|player|p1|GameSpear|medium|1318\n|player|p2|Asd4321|supernerd|1257\n|teamsize|p1|6\n|teamsize|p2|6\n|gen|9\n|tier|[Gen 9] VGC 2023 Regulation C\n|rated|\n|rule|Species Clause: Limit one of each Pok\u00e9mon\n|rule|Item Clause: Limit one of each item\n|clearpoke\n|poke|p1|Flutter Mane, L50|\n|poke|p1|Scizor, L50, F|\n|poke|p1|Chi-Yu, L50|\n|poke|p1|Chien-Pao, L50|\n|poke|p1|Toedscruel, L50, F|\n|poke|p1|Glimmora, L50, F|\n|poke|p2|Chi-Yu, L50|\n|poke|p2|Flutter Mane, L50|\n|poke|p2|Great Tusk, L50|\n|poke|p2|Corviknight, L50, M|\n|poke|p2|Palafin, L50, F|\n|poke|p2|Amoonguss, L50, F|\n|teampreview|4\n|inactive|Battle timer is ON: inactive players will automatically lose when time's up. (requested by GameSpear)\n|\n|t:|1683637538\n|start\n|switch|p1a: Chi-Yu|Chi-Yu, L50|100\/100\n|switch|p1b: Glimmora|Glimmora, L50, F, shiny|100\/100\n|switch|p2a: Corviknight|Corviknight, L50, M|100\/100\n|switch|p2b: Palafin|Palafin, L50, F|100\/100\n|-ability|p1a: Chi-Yu|Beads of Ruin\n|turn|1\n|\n|t:|1683637556\n|-terastallize|p2b: Palafin|Water\n|move|p2b: Palafin|Jet Punch|p1a: Chi-Yu\n|-supereffective|p1a: Chi-Yu\n|-damage|p1a: Chi-Yu|0 fnt\n|faint|p1a: Chi-Yu\n|move|p1b: Glimmora|Power Gem|p2a: Corviknight\n|-damage|p2a: Corviknight|64\/100\n|move|p2a: Corviknight|Brave Bird|p1b: Glimmora\n|-resisted|p1b: Glimmora\n|-damage|p1b: Glimmora|78\/100\n|-activate|p1b: Glimmora|ability: Toxic Debris\n|-sidestart|p2: Asd4321|move: Toxic Spikes\n|-damage|p2a: Corviknight|58\/100|[from] Recoil\n|\n|upkeep\n|\n|t:|1683637565\n|switch|p1a: Chien-Pao|Chien-Pao, L50|100\/100\n|-ability|p1a: Chien-Pao|Sword of Ruin\n|turn|2\n|\n|t:|1683637582\n|-terastallize|p1b: Glimmora|Grass\n|move|p2b: Palafin|Protect|p2b: Palafin\n|-singleturn|p2b: Palafin|Protect\n|move|p1a: Chien-Pao|Ice Spinner|p2a: Corviknight\n|-damage|p2a: Corviknight|2\/100\n|-enditem|p2a: Corviknight|Sitrus Berry|[eat]\n|-heal|p2a: Corviknight|27\/100|[from] item: Sitrus Berry\n|-damage|p1a: Chien-Pao|91\/100|[from] item: Life Orb\n|move|p1b: Glimmora|Power Gem|p2b: Palafin\n|-activate|p2b: Palafin|move: Protect\n|move|p2a: Corviknight|Tailwind|p2a: Corviknight\n|-sidestart|p2: Asd4321|move: Tailwind\n|\n|upkeep\n|turn|3\n|\n|t:|1683637603\n|move|p1b: Glimmora|Spiky Shield|p1b: Glimmora\n|-singleturn|p1b: Glimmora|move: Protect\n|move|p1a: Chien-Pao|Sucker Punch|p2b: Palafin\n|-damage|p2b: Palafin|32\/100\n|-damage|p1a: Chien-Pao|81\/100|[from] item: Life Orb\n|move|p2b: Palafin|Wave Crash|p1a: Chien-Pao\n|-damage|p1a: Chien-Pao|0 fnt\n|faint|p1a: Chien-Pao\n|-damage|p2b: Palafin|11\/100|[from] Recoil\n|move|p2a: Corviknight|Roost|p2a: Corviknight\n|-heal|p2a: Corviknight|78\/100\n|-singleturn|p2a: Corviknight|move: Roost\n|\n|upkeep\n|\n|t:|1683637612\n|switch|p1a: Scizor|Scizor, L50, F, shiny|100\/100\n|turn|4\n|\n|t:|1683637624\n|move|p2b: Palafin|Protect|p2b: Palafin\n|-singleturn|p2b: Palafin|Protect\n|move|p1a: Scizor|Bullet Punch|p2b: Palafin\n|-activate|p2b: Palafin|move: Protect\n|move|p2a: Corviknight|Brave Bird|p1b: Glimmora\n|-supereffective|p1b: Glimmora\n|-crit|p1b: Glimmora\n|-damage|p1b: Glimmora|0 fnt\n|-activate|p1b: Glimmora|ability: Toxic Debris\n|-sidestart|p2: Asd4321|move: Toxic Spikes\n|faint|p1b: Glimmora\n|-damage|p2a: Corviknight|56\/100|[from] Recoil\n|\n|upkeep\n|turn|5\n|-message|GameSpear forfeited.\n|\n|win|Asd4321\n|raw|GameSpear's rating: 1318 → 1295<\/strong> (-23 for losing)\n|raw|Asd4321's rating: 1257 → 1286<\/strong> (+29 for winning)\n|l|\u2606GameSpear\n","uploadtime":1683637645,"views":9,"p1id":"gamespear","p2id":"asd4321","formatid":"gen9vgc2023regulationc","rating":1286,"private":0,"password":""}