{"id":"gen9vgc2023regulationc-1848758895","p1":"dunsparcedingo","p2":"Duckmastermlg","format":"[Gen 9] VGC 2023 Regulation C","log":"|j|\u2606dunsparcedingo\n|j|\u2606Duckmastermlg\n|t:|1682107517\n|gametype|doubles\n|player|p1|dunsparcedingo|zinnia|1125\n|player|p2|Duckmastermlg|169|1140\n|teamsize|p1|6\n|teamsize|p2|6\n|gen|9\n|tier|[Gen 9] VGC 2023 Regulation C\n|rated|\n|rule|Species Clause: Limit one of each Pok\u00e9mon\n|rule|Item Clause: Limit one of each item\n|clearpoke\n|poke|p1|Torkoal, L50, M|\n|poke|p1|Jumpluff, L50, F|\n|poke|p1|Chi-Yu, L50|\n|poke|p1|Sandy Shocks, L50|\n|poke|p1|Iron Bundle, L50|\n|poke|p1|Slither Wing, L50|\n|poke|p2|Chi-Yu, L50|\n|poke|p2|Flutter Mane, L50|\n|poke|p2|Gyarados, L50, F|\n|poke|p2|Roaring Moon, L50|\n|poke|p2|Magnezone, L50|\n|poke|p2|Breloom, L50, M|\n|teampreview|4\ndunsparcedingo has agreed to open team sheets.\n|\n|t:|1682107566\n|start\n|switch|p1a: Torkoal|Torkoal, L50, M|100\/100\n|switch|p1b: Sandy Shocks|Sandy Shocks, L50|100\/100\n|switch|p2a: Gyarados|Gyarados, L50, F|100\/100\n|switch|p2b: Chi-Yu|Chi-Yu, L50|100\/100\n|-ability|p2b: Chi-Yu|Beads of Ruin\n|-ability|p2a: Gyarados|Intimidate|boost\n|-unboost|p1a: Torkoal|atk|1\n|-unboost|p1b: Sandy Shocks|atk|1\n|-weather|SunnyDay|[from] ability: Drought|[of] p1a: Torkoal\n|-activate|p1b: Sandy Shocks|ability: Protosynthesis\n|-start|p1b: Sandy Shocks|protosynthesisspe\n|turn|1\n|\n|t:|1682107606\n|switch|p2a: Flutter Mane|Flutter Mane, L50|100\/100\n|-activate|p2a: Flutter Mane|ability: Protosynthesis\n|-start|p2a: Flutter Mane|protosynthesisspe\n|-terastallize|p2b: Chi-Yu|Fire\n|move|p1a: Torkoal|Helping Hand|p1b: Sandy Shocks\n|-singleturn|p1b: Sandy Shocks|Helping Hand|[of] p1a: Torkoal\n|move|p1b: Sandy Shocks|Earth Power|p2b: Chi-Yu\n|-supereffective|p2b: Chi-Yu\n|-damage|p2b: Chi-Yu|0 fnt\n|faint|p2b: Chi-Yu\n|\n|-weather|SunnyDay|[upkeep]\n|upkeep\n|\n|t:|1682107617\n|switch|p2b: Breloom|Breloom, L50, M|100\/100\n|turn|2\n|\n|t:|1682107628\n|move|p2a: Flutter Mane|Shadow Ball|p1a: Torkoal\n|-damage|p1a: Torkoal|36\/100\n|move|p1b: Sandy Shocks|Flash Cannon|p2a: Flutter Mane\n|-supereffective|p2a: Flutter Mane\n|-damage|p2a: Flutter Mane|51\/100\n|move|p2b: Breloom|Bullet Seed|p1b: Sandy Shocks\n|-supereffective|p1b: Sandy Shocks\n|-damage|p1b: Sandy Shocks|50\/100\n|-supereffective|p1b: Sandy Shocks\n|-damage|p1b: Sandy Shocks|7\/100\n|-hitcount|p1b: Sandy Shocks|2\n|move|p1a: Torkoal|Overheat|p2b: Breloom\n|-supereffective|p2b: Breloom\n|-enditem|p2b: Breloom|Focus Sash\n|-damage|p2b: Breloom|1\/100\n|-unboost|p1a: Torkoal|spa|2\n|\n|-weather|SunnyDay|[upkeep]\n|-heal|p1a: Torkoal|42\/100|[from] item: Leftovers\n|upkeep\n|turn|3\n|\n|t:|1682107674\n|-end|p1b: Sandy Shocks|Protosynthesis|[silent]\n|switch|p1b: Slither Wing|Slither Wing, L50|100\/100\n|-activate|p1b: Slither Wing|ability: Protosynthesis\n|-start|p1b: Slither Wing|protosynthesisatk\n|move|p2b: Breloom|Mach Punch|p1b: Slither Wing\n|-resisted|p1b: Slither Wing\n|-damage|p1b: Slither Wing|80\/100\n|move|p2a: Flutter Mane|Shadow Ball|p1a: Torkoal\n|-damage|p1a: Torkoal|0 fnt\n|faint|p1a: Torkoal\n|\n|-weather|SunnyDay|[upkeep]\n|upkeep\n|\n|t:|1682107688\n|switch|p1a: Chi-Yu|Chi-Yu, L50|100\/100\n|-ability|p1a: Chi-Yu|Beads of Ruin\n|turn|4\n|\n|t:|1682107734\n|-end|p2a: Flutter Mane|Protosynthesis|[silent]\n|switch|p2a: Gyarados|Gyarados, L50, F|100\/100\n|-ability|p2a: Gyarados|Intimidate|boost\n|-unboost|p1a: Chi-Yu|atk|1\n|-unboost|p1b: Slither Wing|atk|1\n|move|p2b: Breloom|Mach Punch|p1a: Chi-Yu\n|-supereffective|p1a: Chi-Yu\n|-damage|p1a: Chi-Yu|10\/100\n|move|p1a: Chi-Yu|Dark Pulse|p2a: Gyarados\n|-damage|p2a: Gyarados|57\/100\n|move|p1b: Slither Wing|Earthquake|p2a: Gyarados|[spread] p1a,p2b\n|-immune|p2a: Gyarados\n|-supereffective|p1a: Chi-Yu\n|-resisted|p2b: Breloom\n|-damage|p1a: Chi-Yu|0 fnt\n|-damage|p2b: Breloom|0 fnt\n|faint|p1a: Chi-Yu\n|faint|p2b: Breloom\n|-damage|p1b: Slither Wing|70\/100|[from] item: Life Orb\n|\n|-weather|SunnyDay|[upkeep]\n|upkeep\n|\n|t:|1682107757\n|switch|p2b: Flutter Mane|Flutter Mane, L50|51\/100\n|switch|p1a: Sandy Shocks|Sandy Shocks, L50|7\/100\n|-activate|p2b: Flutter Mane|ability: Protosynthesis\n|-start|p2b: Flutter Mane|protosynthesisspe\n|-activate|p1a: Sandy Shocks|ability: Protosynthesis\n|-start|p1a: Sandy Shocks|protosynthesisspe\n|turn|5\n|\n|t:|1682107804\n|move|p1b: Slither Wing|First Impression||[still]\n|-hint|First Impression only works on your first turn out.\n|-fail|p1b: Slither Wing\n|move|p2b: Flutter Mane|Dazzling Gleam|p1b: Slither Wing|[spread] p1a,p1b\n|-supereffective|p1b: Slither Wing\n|-damage|p1a: Sandy Shocks|0 fnt\n|-damage|p1b: Slither Wing|0 fnt\n|faint|p1a: Sandy Shocks\n|-end|p1a: Sandy Shocks|Protosynthesis|[silent]\n|faint|p1b: Slither Wing\n|-end|p1b: Slither Wing|Protosynthesis|[silent]\n|\n|win|Duckmastermlg\n|raw|dunsparcedingo's rating: 1125 → 1101<\/strong> (-24 for losing)\n|raw|Duckmastermlg's rating: 1140 → 1164<\/strong> (+24 for winning)\n|l|\u2606Duckmastermlg\n","uploadtime":1682107814,"views":10,"p1id":"dunsparcedingo","p2id":"duckmastermlg","formatid":"gen9vgc2023regulationc","rating":1101,"private":0,"password":""}