{"id":"gen9vgc2023regulationc-1855052357","p1":"vgcproto","p2":"DinoMike130","format":"[Gen 9] VGC 2023 Regulation C","log":"|j|\u2606vgcproto\n|j|\u2606DinoMike130\n|t:|1682895512\n|gametype|doubles\n|player|p1|vgcproto|lucas|1464\n|player|p2|DinoMike130|veteran|1472\n|teamsize|p1|6\n|teamsize|p2|6\n|gen|9\n|tier|[Gen 9] VGC 2023 Regulation C\n|rated|\n|rule|Species Clause: Limit one of each Pok\u00e9mon\n|rule|Item Clause: Limit one of each item\n|clearpoke\n|poke|p1|Drednaw, L50, M|\n|poke|p1|Pelipper, L50, M|\n|poke|p1|Dondozo, L50, M|\n|poke|p1|Tatsugiri, L50, M|\n|poke|p1|Iron Hands, L50|\n|poke|p1|Bronzong, L50|\n|poke|p2|Torkoal, L50, M|\n|poke|p2|Flutter Mane, L50|\n|poke|p2|Orthworm, L50, M|\n|poke|p2|Murkrow, L50, F|\n|poke|p2|Garchomp, L50, F|\n|poke|p2|Iron Hands, L50|\n|teampreview|4\n|inactive|Battle timer is ON: inactive players will automatically lose when time's up. (requested by DinoMike130)\nDinoMike130 has agreed to open team sheets.\n|inactive|DinoMike130 has 60 seconds left.\n|\n|t:|1682895569\n|start\n|switch|p1a: Drednaw|Drednaw, L50, M|100\/100\n|switch|p1b: Dondozo|Dondozo, L50, M|100\/100\n|switch|p2a: Flutter Mane|Flutter Mane, L50|100\/100\n|switch|p2b: Torkoal|Torkoal, L50, M|100\/100\n|-weather|SunnyDay|[from] ability: Drought|[of] p2b: Torkoal\n|-activate|p2a: Flutter Mane|ability: Protosynthesis\n|-start|p2a: Flutter Mane|protosynthesisspa\n|turn|1\n|inactive|DinoMike130 has 30 seconds left.\n|\n|t:|1682895597\n|switch|p1b: Pelipper|Pelipper, L50, M|100\/100\n|-weather|RainDance|[from] ability: Drizzle|[of] p1b: Pelipper\n|-end|p2a: Flutter Mane|Protosynthesis\n|switch|p2b: Garchomp|Garchomp, L50, F|100\/100\n|move|p1a: Drednaw|Rock Slide|p2b: Garchomp|[spread] p2a,p2b\n|-resisted|p2b: Garchomp\n|-damage|p2a: Flutter Mane|50\/100\n|-damage|p2b: Garchomp|85\/100\n|cant|p2a: Flutter Mane|flinch\n|\n|-weather|RainDance|[upkeep]\n|upkeep\n|turn|2\n|inactive|DinoMike130 has 30 seconds left.\n|\n|t:|1682895627\n|switch|p2b: Torkoal|Torkoal, L50, M|100\/100\n|-weather|SunnyDay|[from] ability: Drought|[of] p2b: Torkoal\n|-activate|p2a: Flutter Mane|ability: Protosynthesis\n|-start|p2a: Flutter Mane|protosynthesisspa\n|switch|p1b: Dondozo|Dondozo, L50, M|100\/100\n|-terastallize|p1a: Drednaw|Grass\n|move|p1a: Drednaw|Rock Slide|p2a: Flutter Mane|[spread] p2a\n|-miss|p1a: Drednaw|p2b: Torkoal\n|-damage|p2a: Flutter Mane|0 fnt\n|faint|p2a: Flutter Mane\n|-end|p2a: Flutter Mane|Protosynthesis|[silent]\n|\n|-weather|SunnyDay|[upkeep]\n|upkeep\n|\n|t:|1682895642\n|switch|p2a: Garchomp|Garchomp, L50, F|85\/100\n|turn|3\n|\n|t:|1682895654\n|switch|p1b: Pelipper|Pelipper, L50, M|100\/100\n|-weather|RainDance|[from] ability: Drizzle|[of] p1b: Pelipper\n|move|p1a: Drednaw|Rock Slide|p2b: Torkoal|[spread] p2a\n|-miss|p1a: Drednaw|p2b: Torkoal\n|-resisted|p2a: Garchomp\n|-damage|p2a: Garchomp|70\/100\n|move|p2a: Garchomp|Rock Slide|p1a: Drednaw|[spread] p1a,p1b\n|-supereffective|p1b: Pelipper\n|-damage|p1a: Drednaw|69\/100\n|-damage|p1b: Pelipper|49\/100\n|-damage|p2a: Garchomp|60\/100|[from] item: Life Orb\n|move|p2b: Torkoal|Flamethrower|p1a: Drednaw\n|-supereffective|p1a: Drednaw\n|-damage|p1a: Drednaw|28\/100\n|\n|-weather|RainDance|[upkeep]\n|upkeep\n|turn|4\n|\n|t:|1682895681\n|switch|p1a: Dondozo|Dondozo, L50, M|100\/100\n|move|p2b: Torkoal|Protect|p2b: Torkoal\n|-singleturn|p2b: Torkoal|Protect\n|move|p2a: Garchomp|Rock Slide|p1b: Pelipper|[spread] p1a\n|-miss|p2a: Garchomp|p1b: Pelipper\n|-damage|p1a: Dondozo|82\/100\n|-damage|p2a: Garchomp|50\/100|[from] item: Life Orb\n|move|p1b: Pelipper|Tailwind|p1b: Pelipper\n|-sidestart|p1: vgcproto|move: Tailwind\n|\n|-weather|RainDance|[upkeep]\n|upkeep\n|turn|5\n|\n|t:|1682895703\n|switch|p1b: Tatsugiri|Tatsugiri, L50, M|100\/100\n|-activate|p1b: Tatsugiri|ability: Commander|[of] p1a: Dondozo\n|-boost|p1a: Dondozo|atk|2\n|-boost|p1a: Dondozo|spa|2\n|-boost|p1a: Dondozo|spe|2\n|-boost|p1a: Dondozo|def|2\n|-boost|p1a: Dondozo|spd|2\n|move|p1a: Dondozo|Surf|p2a: Garchomp|[spread] p2a,p2b\n|-miss|p1a: Dondozo|p1b: Tatsugiri\n|-supereffective|p2b: Torkoal\n|-damage|p2a: Garchomp|0 fnt\n|-damage|p2b: Torkoal|0 fnt\n|faint|p2a: Garchomp\n|faint|p2b: Torkoal\n|-damage|p1a: Dondozo|72\/100|[from] item: Life Orb\n|\n|-weather|RainDance|[upkeep]\n|upkeep\n|\n|t:|1682895717\n|switch|p2b: Murkrow|Murkrow, L50, F|100\/100\n|turn|6\n|\n|t:|1682895721\n|move|p2b: Murkrow|Haze|p2b: Murkrow\n|-clearallboost\n|move|p1a: Dondozo|Surf|p2b: Murkrow|[spread] p2b\n|-miss|p1a: Dondozo|p1b: Tatsugiri\n|-damage|p2b: Murkrow|30\/100\n|-damage|p1a: Dondozo|62\/100|[from] item: Life Orb\n|\n|-weather|RainDance|[upkeep]\n|upkeep\n|turn|7\n|c|\u2606DinoMike130|gg\n|\n|t:|1682895728\n|move|p1a: Dondozo|Surf|p2b: Murkrow|[spread] p2b\n|-miss|p1a: Dondozo|p1b: Tatsugiri\n|-damage|p2b: Murkrow|0 fnt\n|faint|p2b: Murkrow\n|-damage|p1a: Dondozo|53\/100|[from] item: Life Orb\n|\n|win|vgcproto\n|raw|vgcproto's rating: 1464 → 1484<\/strong> (+20 for winning)\n|raw|DinoMike130's rating: 1472 → 1452<\/strong> (-20 for losing)\n","uploadtime":1682895735,"views":11,"p1id":"vgcproto","p2id":"dinomike130","formatid":"gen9vgc2023regulationc","rating":1452,"private":0,"password":""}