{"id":"gen9vgc2023regulationc-1864098336","p1":"OneStrangeOnion","p2":"pitibaby","format":"[Gen 9] VGC 2023 Regulation C","log":"|j|\u2606OneStrangeOnion\n|j|\u2606pitibaby\n|t:|1684117103\n|gametype|doubles\n|player|p1|OneStrangeOnion|rosa|1057\n|player|p2|pitibaby|265|1090\n|teamsize|p1|6\n|teamsize|p2|6\n|gen|9\n|tier|[Gen 9] VGC 2023 Regulation C\n|rated|\n|rule|Species Clause: Limit one of each Pok\u00e9mon\n|rule|Item Clause: Limit one of each item\n|clearpoke\n|poke|p1|Polteageist-Antique, L50|\n|poke|p1|Appletun, L50, M|\n|poke|p1|Garganacl, L50, M|\n|poke|p1|Veluza, L50, F|\n|poke|p1|Chansey, L50, F|\n|poke|p1|Vespiquen, L50, F|\n|poke|p2|Ting-Lu, L50|\n|poke|p2|Ceruledge, L50, M|\n|poke|p2|Flutter Mane, L50|\n|poke|p2|Amoonguss, L50, F|\n|poke|p2|Gyarados, L50, F|\n|poke|p2|Iron Bundle, L50|\n|teampreview|4\n|inactive|Battle timer is ON: inactive players will automatically lose when time's up. (requested by OneStrangeOnion)\npitibaby rejected open team sheets.\n|inactive|pitibaby has 60 seconds left.\n|\n|t:|1684117141\n|start\n|switch|p1a: \u8336|Polteageist-Antique, L50, shiny|100\/100\n|switch|p1b: \u5869|Garganacl, L50, M|100\/100\n|switch|p2a: Sschneider|Flutter Mane, L50, shiny|100\/100\n|switch|p2b: Nathzinhax|Iron Bundle, L50, shiny|100\/100\n|-enditem|p2b: Nathzinhax|Booster Energy\n|-activate|p2b: Nathzinhax|ability: Quark Drive|[fromitem]\n|-start|p2b: Nathzinhax|quarkdrivespe\n|turn|1\n|inactive|pitibaby has 30 seconds left.\n|\n|t:|1684117171\n|-terastallize|p2a: Sschneider|Fairy\n|move|p2b: Nathzinhax|Hydro Pump|p1b: \u5869|[miss]\n|-miss|p2b: Nathzinhax|p1b: \u5869\n|move|p2a: Sschneider|Moonblast|p1b: \u5869\n|-damage|p1b: \u5869|33\/100\n|-unboost|p1b: \u5869|spa|1\n|move|p1b: \u5869|Salt Cure|p2b: Nathzinhax\n|-supereffective|p2b: Nathzinhax\n|-damage|p2b: Nathzinhax|70\/100\n|-start|p2b: Nathzinhax|Salt Cure\n|move|p1a: \u8336|Trick Room|p1a: \u8336\n|-fieldstart|move: Trick Room|[of] p1a: \u8336\n|\n|-damage|p2b: Nathzinhax|45\/100|[from] Salt Cure\n|upkeep\n|turn|2\n|inactive|OneStrangeOnion has 30 seconds left.\n|inactive|pitibaby has 30 seconds left.\n|\n|t:|1684117203\n|-end|p2b: Nathzinhax|Quark Drive|[silent]\n|switch|p2b: MysticChanse|Amoonguss, L50, F, shiny|100\/100\n|move|p1a: \u8336|Ally Switch|p1a: \u8336\n|swap|p1a: \u8336|1|[from] move: Ally Switch\n|move|p1a: \u5869|Salt Cure|p2a: Sschneider\n|-damage|p2a: Sschneider|76\/100\n|-start|p2a: Sschneider|Salt Cure\n|move|p2a: Sschneider|Moonblast|p1a: \u5869\n|-damage|p1a: \u5869|0 fnt\n|faint|p1a: \u5869\n|\n|-damage|p2a: Sschneider|64\/100|[from] Salt Cure\n|upkeep\n|\n|t:|1684117218\n|switch|p1a: \u5375|Chansey, L50, F|100\/100\n|turn|3\n|\n|t:|1684117230\n|switch|p1b: \u308a\u3093\u3054|Appletun, L50, M, shiny|100\/100\n|-end|p2a: Sschneider|Protosynthesis|[silent]\n|switch|p2a: Kaiorf|Ceruledge, L50, M, shiny|100\/100\n|move|p2b: MysticChanse|Spore|p1b: \u308a\u3093\u3054\n|-immune|p1b: \u308a\u3093\u3054\n|move|p1a: \u5375|Body Slam|p2b: MysticChanse\n|-damage|p2b: MysticChanse|95\/100\n|\n|upkeep\n|turn|4\n|\n|t:|1684117246\n|move|p1b: \u308a\u3093\u3054|Leech Seed|p2a: Kaiorf\n|-start|p2a: Kaiorf|move: Leech Seed\n|move|p2b: MysticChanse|Spore|p1a: \u5375\n|-status|p1a: \u5375|slp|[from] move: Spore\n|cant|p1a: \u5375|slp\n|move|p2a: Kaiorf|Bulk Up|p2a: Kaiorf\n|-boost|p2a: Kaiorf|atk|1\n|-boost|p2a: Kaiorf|def|1\n|\n|-damage|p2a: Kaiorf|88\/100|[from] Leech Seed|[of] p1b: \u308a\u3093\u3054\n|upkeep\n|turn|5\n|inactive|OneStrangeOnion has 30 seconds left.\n|\n|t:|1684117277\n|move|p1b: \u308a\u3093\u3054|Protect|p1b: \u308a\u3093\u3054\n|-singleturn|p1b: \u308a\u3093\u3054|Protect\n|move|p2b: MysticChanse|Pollen Puff|p2a: Kaiorf\n|-heal|p2a: Kaiorf|100\/100\n|-curestatus|p1a: \u5375|slp|[msg]\n|move|p1a: \u5375|Body Slam|p2b: MysticChanse\n|-damage|p2b: MysticChanse|89\/100\n|move|p2a: Kaiorf|Bulk Up|p2a: Kaiorf\n|-boost|p2a: Kaiorf|atk|1\n|-boost|p2a: Kaiorf|def|1\n|\n|-damage|p2a: Kaiorf|88\/100|[from] Leech Seed|[of] p1b: \u308a\u3093\u3054\n|-fieldend|move: Trick Room\n|upkeep\n|turn|6\n|\n|t:|1684117300\n|move|p2a: Kaiorf|Bitter Blade|p1b: \u308a\u3093\u3054\n|-damage|p1b: \u308a\u3093\u3054|57\/100\n|-heal|p2a: Kaiorf|100\/100|[from] drain|[of] p1b: \u308a\u3093\u3054\n|move|p1a: \u5375|Body Slam|p2b: MysticChanse\n|-damage|p2b: MysticChanse|83\/100\n|-status|p2b: MysticChanse|par\n|move|p1b: \u308a\u3093\u3054|Apple Acid|p2a: Kaiorf\n|-resisted|p2a: Kaiorf\n|-damage|p2a: Kaiorf|86\/100\n|move|p2b: MysticChanse|Spore|p1a: \u5375\n|-status|p1a: \u5375|slp|[from] move: Spore\n|\n|-heal|p1b: \u308a\u3093\u3054|63\/100|[from] item: Leftovers\n|-damage|p2a: Kaiorf|74\/100|[from] Leech Seed|[of] p1b: \u308a\u3093\u3054\n|-heal|p1b: \u308a\u3093\u3054|73\/100|[silent]\n|upkeep\n|turn|7\n|inactive|OneStrangeOnion has 30 seconds left.\n|inactive|OneStrangeOnion has 20 seconds left.\n|inactive|OneStrangeOnion has 15 seconds left.\n|\n|t:|1684117343\n|move|p2a: Kaiorf|Bulk Up|p2a: Kaiorf\n|-boost|p2a: Kaiorf|atk|1\n|-boost|p2a: Kaiorf|def|1\n|cant|p1a: \u5375|slp\n|move|p1b: \u308a\u3093\u3054|Dragon Pulse|p2a: Kaiorf\n|-damage|p2a: Kaiorf|47\/100\n|move|p2b: MysticChanse|Pollen Puff|p2a: Kaiorf\n|-heal|p2a: Kaiorf|96\/100\n|\n|-heal|p1b: \u308a\u3093\u3054|79\/100|[from] item: Leftovers\n|-damage|p2a: Kaiorf|84\/100|[from] Leech Seed|[of] p1b: \u308a\u3093\u3054\n|-heal|p1b: \u308a\u3093\u3054|89\/100|[silent]\n|upkeep\n|turn|8\n|\n|t:|1684117365\n|switch|p1a: \u8336|Polteageist-Antique, L50, shiny|100\/100\n|move|p2a: Kaiorf|Bulk Up|p2a: Kaiorf\n|-boost|p2a: Kaiorf|atk|1\n|-boost|p2a: Kaiorf|def|1\n|move|p1b: \u308a\u3093\u3054|Apple Acid|p2b: MysticChanse\n|-resisted|p2b: MysticChanse\n|-damage|p2b: MysticChanse|78\/100 par\n|-unboost|p2b: MysticChanse|spd|1\n|move|p2b: MysticChanse|Pollen Puff|p2a: Kaiorf\n|-heal|p2a: Kaiorf|100\/100\n|\n|-heal|p1b: \u308a\u3093\u3054|95\/100|[from] item: Leftovers\n|-damage|p2a: Kaiorf|88\/100|[from] Leech Seed|[of] p1b: \u308a\u3093\u3054\n|-heal|p1b: \u308a\u3093\u3054|100\/100|[silent]\n|upkeep\n|turn|9\n|inactive|pitibaby has 30 seconds left.\n|\n|t:|1684117398\n|move|p2b: MysticChanse|Rage Powder|p2b: MysticChanse\n|-singleturn|p2b: MysticChanse|move: Rage Powder\n|move|p2a: Kaiorf|Bitter Blade|p1b: \u308a\u3093\u3054\n|-damage|p1b: \u308a\u3093\u3054|27\/100\n|-heal|p2a: Kaiorf|100\/100|[from] drain|[of] p1b: \u308a\u3093\u3054\n|move|p1a: \u8336|Hex|p2b: MysticChanse\n|-damage|p2b: MysticChanse|0 fnt\n|faint|p2b: MysticChanse\n|move|p1b: \u308a\u3093\u3054|Dragon Pulse|p2a: Kaiorf\n|-damage|p2a: Kaiorf|73\/100\n|\n|-heal|p1b: \u308a\u3093\u3054|33\/100|[from] item: Leftovers\n|-damage|p2a: Kaiorf|61\/100|[from] Leech Seed|[of] p1b: \u308a\u3093\u3054\n|-heal|p1b: \u308a\u3093\u3054|43\/100|[silent]\n|upkeep\n|\n|t:|1684117411\n|switch|p2b: Sschneider|Flutter Mane, L50, shiny, tera:Fairy|64\/100\n|turn|10\n|inactive|pitibaby has 30 seconds left.\n|\n|t:|1684117442\n|move|p1b: \u308a\u3093\u3054|Protect|p1b: \u308a\u3093\u3054\n|-singleturn|p1b: \u308a\u3093\u3054|Protect\n|move|p2b: Sschneider|Dazzling Gleam|p1b: \u308a\u3093\u3054|[spread] p1a\n|-activate|p1b: \u308a\u3093\u3054|move: Protect\n|-damage|p1a: \u8336|53\/100\n|move|p2a: Kaiorf|Bitter Blade|p1b: \u308a\u3093\u3054\n|-activate|p1b: \u308a\u3093\u3054|move: Protect\n|move|p1a: \u8336|Trick Room|p1a: \u8336\n|-fieldstart|move: Trick Room|[of] p1a: \u8336\n|\n|-heal|p1b: \u308a\u3093\u3054|49\/100|[from] item: Leftovers\n|-damage|p2a: Kaiorf|49\/100|[from] Leech Seed|[of] p1b: \u308a\u3093\u3054\n|-heal|p1b: \u308a\u3093\u3054|59\/100|[silent]\n|upkeep\n|turn|11\n|\n|t:|1684117463\n|switch|p1b: \u5375|Chansey, L50, F|100\/100 slp\n|move|p1a: \u8336|Hex|p2a: Kaiorf\n|-supereffective|p2a: Kaiorf\n|-damage|p2a: Kaiorf|0 fnt\n|faint|p2a: Kaiorf\n|move|p2b: Sschneider|Dazzling Gleam|p1b: \u5375|[spread] p1a,p1b\n|-damage|p1a: \u8336|9\/100\n|-damage|p1b: \u5375|79\/100 slp\n|-start|p2b: Sschneider|Disable|Dazzling Gleam|[from] ability: Cursed Body|[of] p1a: \u8336\n|\n|upkeep\n|\n|t:|1684117473\n|switch|p2a: Nathzinhax|Iron Bundle, L50, shiny|45\/100\n|turn|12\n|\n|t:|1684117484\n|switch|p1a: \u308a\u3093\u3054|Appletun, L50, M, shiny|59\/100\n|cant|p1b: \u5375|slp\n|move|p2a: Nathzinhax|Icy Wind|p1b: \u5375|[spread] p1a,p1b\n|-supereffective|p1a: \u308a\u3093\u3054\n|-crit|p1a: \u308a\u3093\u3054\n|-damage|p1a: \u308a\u3093\u3054|14\/100\n|-damage|p1b: \u5375|72\/100 slp\n|-unboost|p1a: \u308a\u3093\u3054|spe|1\n|-unboost|p1b: \u5375|spe|1\n|-activate|p2b: Sschneider|move: Struggle\n|move|p2b: Sschneider|Struggle|p1a: \u308a\u3093\u3054\n|-damage|p1a: \u308a\u3093\u3054|9\/100\n|-damage|p2b: Sschneider|39\/100|[from] recoil\n|\n|-heal|p1a: \u308a\u3093\u3054|15\/100|[from] item: Leftovers\n|upkeep\n|turn|13\n|\n|t:|1684117507\n|switch|p1a: \u8336|Polteageist-Antique, L50, shiny|9\/100\n|move|p2a: Nathzinhax|Protect|p2a: Nathzinhax\n|-singleturn|p2a: Nathzinhax|Protect\n|-curestatus|p1b: \u5375|slp|[msg]\n|move|p1b: \u5375|Heal Pulse|p1a: \u8336\n|-heal|p1a: \u8336|60\/100\n|-activate|p2b: Sschneider|move: Struggle\n|move|p2b: Sschneider|Struggle|p1b: \u5375\n|-damage|p1b: \u5375|69\/100\n|-damage|p2b: Sschneider|13\/100|[from] recoil\n|\n|upkeep\n|turn|14\n|\n|t:|1684117526\n|move|p1b: \u5375|Rock Slide|p2a: Nathzinhax|[spread] p2a,p2b\n|-supereffective|p2a: Nathzinhax\n|-damage|p2a: Nathzinhax|38\/100\n|-damage|p2b: Sschneider|8\/100\n|move|p1a: \u8336|Will-O-Wisp|p2a: Nathzinhax\n|-status|p2a: Nathzinhax|brn\n|cant|p2a: Nathzinhax|flinch\n|cant|p2b: Sschneider|flinch\n|\n|-damage|p2a: Nathzinhax|32\/100 brn|[from] brn\n|-end|p2b: Sschneider|Disable\n|-fieldend|move: Trick Room\n|upkeep\n|turn|15\n|\n|t:|1684117549\n|move|p2b: Sschneider|Dazzling Gleam|p1b: \u5375|[spread] p1a,p1b\n|-damage|p1a: \u8336|12\/100\n|-damage|p1b: \u5375|48\/100\n|move|p2a: Nathzinhax|Freeze-Dry|p1b: \u5375\n|-damage|p1b: \u5375|36\/100\n|move|p1b: \u5375|Heal Pulse|p1a: \u8336\n|-heal|p1a: \u8336|62\/100\n|move|p1a: \u8336|Trick Room|p1a: \u8336\n|-fieldstart|move: Trick Room|[of] p1a: \u8336\n|\n|-damage|p2a: Nathzinhax|26\/100 brn|[from] brn\n|upkeep\n|turn|16\n|-message|pitibaby forfeited.\n|\n|win|OneStrangeOnion\n|raw|OneStrangeOnion's rating: 1057 → 1091<\/strong> (+34 for winning)\n|raw|pitibaby's rating: 1090 → 1064<\/strong> (-26 for losing)\n|l|\u2606pitibaby\n","uploadtime":1684117569,"views":11,"p1id":"onestrangeonion","p2id":"pitibaby","formatid":"gen9vgc2023regulationc","rating":1064,"private":0,"password":""}