{"id":"gen9vgc2023regulationc-1855174646","p1":"tunapretzels","p2":"penny my beloved","format":"[Gen 9] VGC 2023 Regulation C","log":"|j|\u2606tunapretzels\n|j|\u2606penny my beloved\n|t:|1682910566\n|gametype|doubles\n|player|p1|tunapretzels|n-masters|1399\n|player|p2|penny my beloved|penny|1413\n|teamsize|p1|6\n|teamsize|p2|6\n|gen|9\n|tier|[Gen 9] VGC 2023 Regulation C\n|rated|\n|rule|Species Clause: Limit one of each Pok\u00e9mon\n|rule|Item Clause: Limit one of each item\n|clearpoke\n|poke|p1|Armarouge, L50, M|\n|poke|p1|Indeedee-F, L50, F|\n|poke|p1|Torkoal, L50, F|\n|poke|p1|Chi-Yu, L50|\n|poke|p1|Talonflame, L50, F|\n|poke|p1|Kingambit, L50, F|\n|poke|p2|Palafin, L50, M|\n|poke|p2|Amoonguss, L50, M|\n|poke|p2|Arcanine, L50, M|\n|poke|p2|Flutter Mane, L50|\n|poke|p2|Dragapult, L50, M|\n|poke|p2|Ting-Lu, L50|\n|teampreview|4\n|inactive|Battle timer is ON: inactive players will automatically lose when time's up. (requested by tunapretzels)\npenny my beloved has agreed to open team sheets.\n|inactive|tunapretzels has 60 seconds left.\n|inactive|penny my beloved has 60 seconds left.\n|\n|t:|1682910605\n|start\n|switch|p1a: Talonflame|Talonflame, L50, F|100\/100\n|switch|p1b: Torkoal|Torkoal, L50, F|100\/100\n|switch|p2a: Amoonguss|Amoonguss, L50, M|100\/100\n|switch|p2b: Ting-Lu|Ting-Lu, L50|100\/100\n|-ability|p2b: Ting-Lu|Vessel of Ruin\n|-weather|SunnyDay|[from] ability: Drought|[of] p1b: Torkoal\n|turn|1\n|\n|t:|1682910630\n|-terastallize|p2a: Amoonguss|Water\n|move|p1a: Talonflame|Tailwind|p1a: Talonflame\n|-sidestart|p1: tunapretzels|move: Tailwind\n|move|p1b: Torkoal|Eruption|p2b: Ting-Lu|[spread] p2a,p2b\n|-resisted|p2a: Amoonguss\n|-crit|p2b: Ting-Lu\n|-damage|p2a: Amoonguss|72\/100\n|-damage|p2b: Ting-Lu|56\/100\n|move|p2b: Ting-Lu|Ruination|p1a: Talonflame\n|-damage|p1a: Talonflame|51\/100\n|move|p2a: Amoonguss|Spore|p1b: Torkoal\n|-status|p1b: Torkoal|slp|[from] move: Spore\n|\n|-weather|SunnyDay|[upkeep]\n|upkeep\n|turn|2\n|\n|t:|1682910650\n|switch|p1b: Chi-Yu|Chi-Yu, L50|100\/100\n|-ability|p1b: Chi-Yu|Beads of Ruin\n|move|p1a: Talonflame|Taunt|p2a: Amoonguss\n|-start|p2a: Amoonguss|move: Taunt\n|move|p2b: Ting-Lu|Fissure|p1b: Chi-Yu|[miss]\n|-miss|p2b: Ting-Lu|p1b: Chi-Yu\n|move|p2a: Amoonguss|Pollen Puff|p2b: Ting-Lu\n|-heal|p2b: Ting-Lu|100\/100\n|\n|-weather|SunnyDay|[upkeep]\n|upkeep\n|turn|3\n|\n|t:|1682910671\n|move|p1a: Talonflame|Brave Bird|p2b: Ting-Lu\n|-damage|p2b: Ting-Lu|78\/100\n|-damage|p1a: Talonflame|41\/100|[from] Recoil\n|move|p1b: Chi-Yu|Overheat|p2b: Ting-Lu\n|-damage|p2b: Ting-Lu|10\/100\n|-unboost|p1b: Chi-Yu|spa|2\n|move|p2b: Ting-Lu|Stomping Tantrum|p1b: Chi-Yu\n|-supereffective|p1b: Chi-Yu\n|-damage|p1b: Chi-Yu|0 fnt\n|faint|p1b: Chi-Yu\n|move|p2a: Amoonguss|Pollen Puff|p1a: Talonflame\n|-resisted|p1a: Talonflame\n|-damage|p1a: Talonflame|37\/100\n|\n|-weather|SunnyDay|[upkeep]\n|upkeep\n|\n|t:|1682910686\n|switch|p1b: Armarouge|Armarouge, L50, M|100\/100\n|turn|4\n|\n|t:|1682910708\n|switch|p2b: Dragapult|Dragapult, L50, M, shiny|100\/100\n|move|p1b: Armarouge|Protect|p1b: Armarouge\n|-singleturn|p1b: Armarouge|Protect\n|move|p1a: Talonflame|Brave Bird|p2b: Dragapult\n|-damage|p2b: Dragapult|54\/100\n|-damage|p1a: Talonflame|22\/100|[from] Recoil\n|move|p2a: Amoonguss|Pollen Puff|p2b: Dragapult\n|-heal|p2b: Dragapult|100\/100\n|\n|-weather|SunnyDay|[upkeep]\n|-end|p2a: Amoonguss|move: Taunt\n|-sideend|p1: tunapretzels|move: Tailwind\n|upkeep\n|turn|5\n|inactive|penny my beloved has 30 seconds left.\n|\n|t:|1682910739\n|move|p2b: Dragapult|Dragon Darts|p1a: Talonflame\n|-damage|p1a: Talonflame|0 fnt\n|-anim|p2b: Dragapult|Dragon Darts|p1b: Armarouge\n|-damage|p1b: Armarouge|73\/100\n|faint|p1a: Talonflame\n|-damage|p2b: Dragapult|91\/100|[from] item: Life Orb\n|move|p1b: Armarouge|Armor Cannon|p2b: Dragapult\n|-resisted|p2b: Dragapult\n|-damage|p2b: Dragapult|21\/100\n|-unboost|p1b: Armarouge|def|1\n|-unboost|p1b: Armarouge|spd|1\n|move|p2a: Amoonguss|Spore|p1b: Armarouge\n|-status|p1b: Armarouge|slp|[from] move: Spore\n|\n|-weather|none\n|upkeep\n|\n|t:|1682910752\n|switch|p1a: Torkoal|Torkoal, L50, F|100\/100 slp\n|-weather|SunnyDay|[from] ability: Drought|[of] p1a: Torkoal\n|turn|6\n|-message|tunapretzels forfeited.\n|\n|win|penny my beloved\n|raw|tunapretzels's rating: 1399 → 1380<\/strong> (-19 for losing)\n|raw|penny my beloved's rating: 1413 → 1432<\/strong> (+19 for winning)\n|l|\u2606tunapretzels\n","uploadtime":1682910768,"views":13,"p1id":"tunapretzels","p2id":"pennymybeloved","formatid":"gen9vgc2023regulationc","rating":1380,"private":0,"password":""}