{"id":"gen9vgc2023regulationc-1860226936","p1":"Rubins2812","p2":"Maywind","format":"[Gen 9] VGC 2023 Regulation C","log":"|j|\u2606Rubins2812\n|j|\u2606Maywind\n|t:|1683613820\n|gametype|doubles\n|player|p1|Rubins2812|emmet|1272\n|player|p2|Maywind|265|1344\n|teamsize|p1|6\n|teamsize|p2|6\n|gen|9\n|tier|[Gen 9] VGC 2023 Regulation C\n|rated|\n|rule|Species Clause: Limit one of each Pok\u00e9mon\n|rule|Item Clause: Limit one of each item\n|clearpoke\n|poke|p1|Palafin, L50, M|\n|poke|p1|Amoonguss, L50, M|\n|poke|p1|Arcanine, L50, M|\n|poke|p1|Ting-Lu, L50|\n|poke|p1|Flutter Mane, L50|\n|poke|p1|Baxcalibur, L50, M|\n|poke|p2|Palafin, L50, F|\n|poke|p2|Arcanine, L50, F|\n|poke|p2|Amoonguss, L50, F|\n|poke|p2|Ting-Lu, L50|\n|poke|p2|Baxcalibur, L50, M|\n|poke|p2|Flutter Mane, L50|\n|teampreview|4\n|\n|t:|1683613858\n|start\n|switch|p1a: Ting-Lu|Ting-Lu, L50|100\/100\n|switch|p1b: Palafin|Palafin, L50, M|100\/100\n|switch|p2a: Baxcalibur|Baxcalibur, L50, M|100\/100\n|switch|p2b: Flutter Mane|Flutter Mane, L50|100\/100\n|-ability|p1a: Ting-Lu|Vessel of Ruin\n|turn|1\n|inactive|Battle timer is ON: inactive players will automatically lose when time's up. (requested by Rubins2812)\n|inactive|Maywind has 60 seconds left.\n|\n|t:|1683613897\n|-end|p2b: Flutter Mane|Protosynthesis|[silent]\n|switch|p2b: Arcanine|Arcanine, L50, F|100\/100\n|-ability|p2b: Arcanine|Intimidate|boost\n|-unboost|p1a: Ting-Lu|atk|1\n|-unboost|p1b: Palafin|atk|1\n|detailschange|p1b: Palafin|Palafin-Hero, L50, M\n|switch|p1b: Amoonguss|Amoonguss, L50, M|100\/100\n|-terastallize|p1a: Ting-Lu|Poison\n|move|p2a: Baxcalibur|Icicle Crash|p1a: Ting-Lu\n|-damage|p1a: Ting-Lu|75\/100\n|cant|p1a: Ting-Lu|flinch\n|\n|upkeep\n|turn|2\n|inactive|Rubins2812 has 30 seconds left.\n|\n|t:|1683613926\n|switch|p1b: Arcanine|Arcanine, L50, M|100\/100\n|-ability|p1b: Arcanine|Intimidate|boost\n|-fail|p2a: Baxcalibur|unboost|[from] item: Clear Amulet|[of] p2a: Baxcalibur\n|-unboost|p2b: Arcanine|atk|1\n|move|p2a: Baxcalibur|Ice Shard|p1b: Arcanine\n|-resisted|p1b: Arcanine\n|-damage|p1b: Arcanine|88\/100\n|move|p2b: Arcanine|Flare Blitz|p1b: Arcanine\n|-resisted|p1b: Arcanine\n|-damage|p1b: Arcanine|74\/100\n|-damage|p2b: Arcanine|95\/100|[from] Recoil\n|move|p1a: Ting-Lu|Stomping Tantrum|p2b: Arcanine\n|-supereffective|p2b: Arcanine\n|-damage|p2b: Arcanine|16\/100\n|\n|upkeep\n|turn|3\n|inactive|Maywind has 30 seconds left.\n|inactive|Maywind has 20 seconds left.\n|\n|t:|1683613964\n|move|p1b: Arcanine|Extreme Speed|p2b: Arcanine\n|-damage|p2b: Arcanine|0 fnt\n|faint|p2b: Arcanine\n|move|p2a: Baxcalibur|Glaive Rush|p1b: Arcanine\n|-damage|p1b: Arcanine|0 fnt\n|-singlemove|p2a: Baxcalibur|Glaive Rush|[silent]\n|faint|p1b: Arcanine\n|move|p1a: Ting-Lu|Ruination|p2a: Baxcalibur\n|-damage|p2a: Baxcalibur|51\/100\n|\n|upkeep\n|\n|t:|1683613976\n|switch|p2b: Amoonguss|Amoonguss, L50, F|100\/100\n|switch|p1b: Amoonguss|Amoonguss, L50, M|100\/100\n|turn|4\n|\n|t:|1683613995\n|move|p2a: Baxcalibur|Protect|p2a: Baxcalibur\n|-singleturn|p2a: Baxcalibur|Protect\n|move|p1a: Ting-Lu|Ruination|p2b: Amoonguss\n|-damage|p2b: Amoonguss|51\/100\n|move|p1b: Amoonguss|Pollen Puff|p1a: Ting-Lu\n|-heal|p1a: Ting-Lu|100\/100\n|move|p2b: Amoonguss|Spore|p1a: Ting-Lu\n|-status|p1a: Ting-Lu|slp|[from] move: Spore\n|\n|upkeep\n|turn|5\n|inactive|Maywind has 30 seconds left.\n|\n|t:|1683614022\n|move|p1b: Amoonguss|Protect|p1b: Amoonguss\n|-singleturn|p1b: Amoonguss|Protect\n|move|p2a: Baxcalibur|Glaive Rush|p1b: Amoonguss\n|-activate|p1b: Amoonguss|move: Protect\n|cant|p1a: Ting-Lu|slp\n|move|p2b: Amoonguss|Pollen Puff|p2a: Baxcalibur\n|-heal|p2a: Baxcalibur|100\/100\n|\n|upkeep\n|turn|6\n|\n|t:|1683614040\n|move|p2a: Baxcalibur|Icicle Crash|p1b: Amoonguss|[miss]\n|-miss|p2a: Baxcalibur|p1b: Amoonguss\n|cant|p1a: Ting-Lu|slp\n|move|p1b: Amoonguss|Spore|p2a: Baxcalibur\n|-status|p2a: Baxcalibur|slp|[from] move: Spore\n|move|p2b: Amoonguss|Spore|p1b: Amoonguss\n|-immune|p1b: Amoonguss\n|\n|upkeep\n|turn|7\n|inactive|Maywind has 30 seconds left.\n|inactive|Rubins2812 has 30 seconds left.\n|\n|t:|1683614073\n|cant|p2a: Baxcalibur|slp\n|-curestatus|p1a: Ting-Lu|slp|[msg]\n|move|p1a: Ting-Lu|Heavy Slam|p2a: Baxcalibur\n|-supereffective|p2a: Baxcalibur\n|-damage|p2a: Baxcalibur|72\/100 slp\n|move|p1b: Amoonguss|Pollen Puff|p2b: Amoonguss\n|-damage|p2b: Amoonguss|39\/100\n|-enditem|p2b: Amoonguss|Sitrus Berry|[eat]\n|-heal|p2b: Amoonguss|64\/100|[from] item: Sitrus Berry\n|move|p2b: Amoonguss|Spore|p1a: Ting-Lu\n|-status|p1a: Ting-Lu|slp|[from] move: Spore\n|\n|upkeep\n|turn|8\n|\n|t:|1683614095\n|switch|p2b: Flutter Mane|Flutter Mane, L50|100\/100\n|-curestatus|p2a: Baxcalibur|slp|[msg]\n|move|p2a: Baxcalibur|Icicle Crash|p1b: Amoonguss\n|-supereffective|p1b: Amoonguss\n|-damage|p1b: Amoonguss|20\/100\n|cant|p1a: Ting-Lu|slp\n|move|p1b: Amoonguss|Pollen Puff|p2b: Flutter Mane\n|-resisted|p2b: Flutter Mane\n|-damage|p2b: Flutter Mane|98\/100\n|\n|upkeep\n|turn|9\n|inactive|Maywind has 30 seconds left.\n|\n|t:|1683614124\n|move|p1b: Amoonguss|Protect|p1b: Amoonguss\n|-singleturn|p1b: Amoonguss|Protect\n|move|p2b: Flutter Mane|Moonblast|p1b: Amoonguss\n|-activate|p1b: Amoonguss|move: Protect\n|move|p2a: Baxcalibur|Glaive Rush|p1a: Ting-Lu\n|-damage|p1a: Ting-Lu|62\/100 slp\n|-singlemove|p2a: Baxcalibur|Glaive Rush|[silent]\n|-curestatus|p1a: Ting-Lu|slp|[msg]\n|move|p1a: Ting-Lu|Tera Blast|p2b: Flutter Mane\n|-damage|p2b: Flutter Mane|66\/100\n|\n|upkeep\n|turn|10\n|\n|t:|1683614142\n|switch|p1b: Palafin|Palafin-Hero, L50, M|100\/100\n|-activate|p1b: Palafin|ability: Zero to Hero\n|move|p2b: Flutter Mane|Moonblast|p1b: Palafin\n|-damage|p1b: Palafin|46\/100\n|-unboost|p1b: Palafin|spa|1\n|move|p2a: Baxcalibur|Glaive Rush|p1a: Ting-Lu\n|-damage|p1a: Ting-Lu|27\/100\n|-singlemove|p2a: Baxcalibur|Glaive Rush|[silent]\n|move|p1a: Ting-Lu|Heavy Slam|p2b: Flutter Mane\n|-supereffective|p2b: Flutter Mane\n|-damage|p2b: Flutter Mane|3\/100\n|\n|upkeep\n|turn|11\n|\n|t:|1683614159\n|-end|p2b: Flutter Mane|Protosynthesis|[silent]\n|switch|p2b: Amoonguss|Amoonguss, L50, F|97\/100\n|move|p2a: Baxcalibur|Protect|p2a: Baxcalibur\n|-singleturn|p2a: Baxcalibur|Protect\n|move|p1b: Palafin|Jet Punch|p2b: Amoonguss\n|-resisted|p2b: Amoonguss\n|-damage|p2b: Amoonguss|78\/100\n|move|p1a: Ting-Lu|Heavy Slam|p2a: Baxcalibur\n|-activate|p2a: Baxcalibur|move: Protect\n|\n|upkeep\n|turn|12\n|\n|t:|1683614177\n|move|p1b: Palafin|Protect|p1b: Palafin\n|-singleturn|p1b: Palafin|Protect\n|move|p2b: Amoonguss|Rage Powder|p2b: Amoonguss\n|-singleturn|p2b: Amoonguss|move: Rage Powder\n|move|p2a: Baxcalibur|Glaive Rush|p1a: Ting-Lu\n|-damage|p1a: Ting-Lu|0 fnt\n|-singlemove|p2a: Baxcalibur|Glaive Rush|[silent]\n|faint|p1a: Ting-Lu\n|\n|upkeep\n|\n|t:|1683614184\n|switch|p1a: Amoonguss|Amoonguss, L50, M|53\/100\n|turn|13\n|\n|t:|1683614195\n|move|p1a: Amoonguss|Rage Powder|p1a: Amoonguss\n|-singleturn|p1a: Amoonguss|move: Rage Powder\n|move|p2b: Amoonguss|Rage Powder|p2b: Amoonguss\n|-singleturn|p2b: Amoonguss|move: Rage Powder\n|move|p1b: Palafin|Jet Punch|p2b: Amoonguss\n|-resisted|p2b: Amoonguss\n|-damage|p2b: Amoonguss|59\/100\n|move|p2a: Baxcalibur|Icicle Crash|p1a: Amoonguss\n|-supereffective|p1a: Amoonguss\n|-damage|p1a: Amoonguss|0 fnt\n|faint|p1a: Amoonguss\n|\n|upkeep\n|turn|14\n|-message|Rubins2812 forfeited.\n|\n|win|Maywind\n|raw|Rubins2812's rating: 1272 → 1252<\/strong> (-20 for losing)\n|raw|Maywind's rating: 1344 → 1360<\/strong> (+16 for winning)\n|l|\u2606Rubins2812\n","uploadtime":1683614220,"views":7,"p1id":"rubins2812","p2id":"maywind","formatid":"gen9vgc2023regulationc","rating":1252,"private":0,"password":""}