{"id":"gen9vgc2023regulationc-1855245553","p1":"pnutbutrsemicolon","p2":"Francine Fine","format":"[Gen 9] VGC 2023 Regulation C","log":"|j|\u2606pnutbutrsemicolon\n|j|\u2606Francine Fine\n|t:|1682921960\n|gametype|doubles\n|player|p1|pnutbutrsemicolon|iris|1000\n|player|p2|Francine Fine|aromalady|1042\n|teamsize|p1|6\n|teamsize|p2|6\n|gen|9\n|tier|[Gen 9] VGC 2023 Regulation C\n|rated|\n|rule|Species Clause: Limit one of each Pok\u00e9mon\n|rule|Item Clause: Limit one of each item\n|clearpoke\n|poke|p1|Scream Tail, L50|\n|poke|p1|Iron Hands, L50|\n|poke|p1|Arcanine, L50, F|\n|poke|p1|Amoonguss, L50, F|\n|poke|p1|Hydreigon, L50, M|\n|poke|p1|Pawmot, L50, M|\n|poke|p2|Espathra, L50, F|\n|poke|p2|Polteageist, L50|\n|poke|p2|Arcanine, L50, F|\n|poke|p2|Breloom, L50, F|\n|poke|p2|Dragonite, L50, F|\n|poke|p2|Murkrow, L50, F|\n|teampreview|4\n|\n|t:|1682921994\n|start\n|switch|p1a: Scream Tail|Scream Tail, L50|100\/100\n|switch|p1b: Iron Hands|Iron Hands, L50|100\/100\n|switch|p2a: Muffin|Arcanine, L50, F|100\/100\n|switch|p2b: Myrtle|Murkrow, L50, F, shiny|100\/100\n|-ability|p2a: Muffin|Intimidate|boost\n|-unboost|p1a: Scream Tail|atk|1\n|-unboost|p1b: Iron Hands|atk|1\n|turn|1\n|inactive|Battle timer is ON: inactive players will automatically lose when time's up. (requested by Francine Fine)\n|\n|t:|1682922017\n|switch|p2a: Dr. Pepper|Dragonite, L50, F|100\/100\n|move|p2b: Myrtle|Taunt|p1a: Scream Tail\n|-start|p1a: Scream Tail|move: Taunt\n|cant|p1a: Scream Tail|move: Taunt|Reflect\n|move|p1b: Iron Hands|Rock Slide|p2b: Myrtle|[spread] p2a,p2b\n|-supereffective|p2a: Dr. Pepper\n|-supereffective|p2b: Myrtle\n|-damage|p2a: Dr. Pepper|85\/100\n|-damage|p2b: Myrtle|60\/100\n|-enditem|p2a: Dr. Pepper|Weakness Policy\n|-boost|p2a: Dr. Pepper|atk|2|[from] item: Weakness Policy\n|-boost|p2a: Dr. Pepper|spa|2|[from] item: Weakness Policy\n|\n|upkeep\n|turn|2\n|inactive|Francine Fine has 30 seconds left.\n|inactive|Francine Fine has 20 seconds left.\n|\n|t:|1682922054\n|-end|p1b: Iron Hands|Quark Drive|[silent]\n|switch|p1b: Hydreigon|Hydreigon, L50, M|100\/100\n|move|p2a: Dr. Pepper|Extreme Speed|p1a: Scream Tail\n|-damage|p1a: Scream Tail|52\/100\n|move|p1a: Scream Tail|Dazzling Gleam|p2a: Dr. Pepper|[spread] p2a,p2b\n|-supereffective|p2a: Dr. Pepper\n|-supereffective|p2b: Myrtle\n|-damage|p2a: Dr. Pepper|52\/100\n|-damage|p2b: Myrtle|33\/100\n|move|p2b: Myrtle|Foul Play|p1b: Hydreigon\n|-resisted|p1b: Hydreigon\n|-damage|p1b: Hydreigon|84\/100\n|\n|-heal|p1a: Scream Tail|58\/100|[from] item: Leftovers\n|upkeep\n|turn|3\n|inactive|Francine Fine has 30 seconds left.\n|\n|t:|1682922088\n|-terastallize|p2a: Dr. Pepper|Normal\n|move|p2b: Myrtle|Tailwind|p2b: Myrtle\n|-sidestart|p2: Francine Fine|move: Tailwind\n|move|p2a: Dr. Pepper|Dragon Dance|p2a: Dr. Pepper\n|-boost|p2a: Dr. Pepper|atk|1\n|-boost|p2a: Dr. Pepper|spe|1\n|move|p1a: Scream Tail|Dazzling Gleam|p2b: Myrtle|[spread] p2a,p2b\n|-supereffective|p2b: Myrtle\n|-damage|p2a: Dr. Pepper|37\/100\n|-damage|p2b: Myrtle|8\/100\n|move|p1b: Hydreigon|Focus Energy|p1b: Hydreigon\n|-start|p1b: Hydreigon|move: Focus Energy\n|\n|-heal|p1a: Scream Tail|64\/100|[from] item: Leftovers\n|-end|p1a: Scream Tail|move: Taunt\n|upkeep\n|turn|4\n|\n|t:|1682922109\n|move|p1b: Hydreigon|Protect|p1b: Hydreigon\n|-singleturn|p1b: Hydreigon|Protect\n|move|p2b: Myrtle|Taunt|p1a: Scream Tail\n|-start|p1a: Scream Tail|move: Taunt\n|move|p2a: Dr. Pepper|Ice Spinner|p1b: Hydreigon\n|-activate|p1b: Hydreigon|move: Protect\n|move|p1a: Scream Tail|Dazzling Gleam|p2b: Myrtle|[spread] p2a,p2b\n|-supereffective|p2b: Myrtle\n|-damage|p2a: Dr. Pepper|22\/100\n|-damage|p2b: Myrtle|0 fnt\n|faint|p2b: Myrtle\n|\n|-heal|p1a: Scream Tail|69\/100|[from] item: Leftovers\n|upkeep\n|\n|t:|1682922121\n|switch|p2b: Muffin|Arcanine, L50, F|100\/100\n|-ability|p2b: Muffin|Intimidate|boost\n|-unboost|p1a: Scream Tail|atk|1\n|-unboost|p1b: Hydreigon|atk|1\n|turn|5\n|\n|t:|1682922139\n|move|p1b: Hydreigon|Protect|p1b: Hydreigon\n|-singleturn|p1b: Hydreigon|Protect\n|move|p2a: Dr. Pepper|Ice Spinner|p1b: Hydreigon\n|-activate|p1b: Hydreigon|move: Protect\n|move|p2b: Muffin|Iron Head|p1a: Scream Tail\n|-supereffective|p1a: Scream Tail\n|-damage|p1a: Scream Tail|32\/100\n|move|p1a: Scream Tail|Dazzling Gleam|p2b: Muffin|[spread] p2a,p2b\n|-resisted|p2b: Muffin\n|-damage|p2a: Dr. Pepper|5\/100\n|-damage|p2b: Muffin|90\/100\n|\n|-heal|p1a: Scream Tail|37\/100|[from] item: Leftovers\n|upkeep\n|turn|6\n|inactive|Francine Fine has 30 seconds left.\n|\n|t:|1682922174\n|move|p2a: Dr. Pepper|Ice Spinner|p1b: Hydreigon\n|-supereffective|p1b: Hydreigon\n|-damage|p1b: Hydreigon|0 fnt\n|faint|p1b: Hydreigon\n|move|p2b: Muffin|Iron Head|p1a: Scream Tail\n|-supereffective|p1a: Scream Tail\n|-damage|p1a: Scream Tail|0 fnt\n|faint|p1a: Scream Tail\n|-end|p1a: Scream Tail|Protosynthesis|[silent]\n|\n|-sideend|p2: Francine Fine|move: Tailwind\n|upkeep\n|\n|t:|1682922182\n|switch|p1a: Amoonguss|Amoonguss, L50, F|100\/100\n|switch|p1b: Iron Hands|Iron Hands, L50|100\/100\n|turn|7\n|\n|t:|1682922195\n|move|p1b: Iron Hands|Fake Out|p2a: Dr. Pepper\n|-damage|p2a: Dr. Pepper|0 fnt\n|faint|p2a: Dr. Pepper\n|move|p2b: Muffin|Flare Blitz|p1a: Amoonguss\n|-supereffective|p1a: Amoonguss\n|-damage|p1a: Amoonguss|0 fnt\n|-status|p2b: Muffin|par|[from] ability: Effect Spore|[of] p1a: Amoonguss\n|faint|p1a: Amoonguss\n|-damage|p2b: Muffin|46\/100 par|[from] Recoil\n|-enditem|p2b: Muffin|Sitrus Berry|[eat]\n|-heal|p2b: Muffin|71\/100 par|[from] item: Sitrus Berry\n|\n|upkeep\n|\n|t:|1682922206\n|switch|p2a: Madame|Espathra, L50, F|100\/100\n|turn|8\n|\n|t:|1682922219\n|move|p2a: Madame|Dazzling Gleam|p1b: Iron Hands\n|-supereffective|p1b: Iron Hands\n|-damage|p1b: Iron Hands|76\/100\n|cant|p2b: Muffin|par\n|move|p1b: Iron Hands|Rock Slide|p2a: Madame|[spread] p2a,p2b\n|-supereffective|p2b: Muffin\n|-damage|p2a: Madame|81\/100\n|-damage|p2b: Muffin|2\/100 par\n|\n|-heal|p2a: Madame|87\/100|[from] item: Leftovers\n|-ability|p2a: Madame|Speed Boost|boost\n|-boost|p2a: Madame|spe|1\n|upkeep\n|turn|9\n|\n|t:|1682922240\n|move|p2a: Madame|Calm Mind|p2a: Madame\n|-boost|p2a: Madame|spa|1\n|-boost|p2a: Madame|spd|1\n|cant|p2b: Muffin|par\n|move|p1b: Iron Hands|Wild Charge|p2a: Madame\n|-crit|p2a: Madame\n|-damage|p2a: Madame|21\/100\n|-damage|p1b: Iron Hands|63\/100|[from] Recoil\n|\n|-heal|p2a: Madame|27\/100|[from] item: Leftovers\n|-ability|p2a: Madame|Speed Boost|boost\n|-boost|p2a: Madame|spe|1\n|upkeep\n|turn|10\n|\n|t:|1682922253\n|move|p2a: Madame|Roost|p2a: Madame\n|-heal|p2a: Madame|77\/100\n|-singleturn|p2a: Madame|move: Roost\n|move|p2b: Muffin|Flare Blitz|p1b: Iron Hands\n|-damage|p1b: Iron Hands|30\/100\n|-damage|p2b: Muffin|0 fnt|[from] Recoil\n|faint|p2b: Muffin\n|move|p1b: Iron Hands|Rock Slide|p2a: Madame\n|-damage|p2a: Madame|50\/100\n|\n|-heal|p2a: Madame|55\/100|[from] item: Leftovers\n|-ability|p2a: Madame|Speed Boost|boost\n|-boost|p2a: Madame|spe|1\n|upkeep\n|turn|11\n|\n|t:|1682922276\n|move|p2a: Madame|Stored Power|p1b: Iron Hands\n|-supereffective|p1b: Iron Hands\n|-damage|p1b: Iron Hands|0 fnt\n|faint|p1b: Iron Hands\n|-end|p1b: Iron Hands|Quark Drive|[silent]\n|\n|win|Francine Fine\n|raw|pnutbutrsemicolon's rating: 1000 → 1000<\/strong> (+0 for losing)\n|raw|Francine Fine's rating: 1042 → 1072<\/strong> (+30 for winning)\n|l|\u2606Francine Fine\n","uploadtime":1682922281,"views":24,"p1id":"pnutbutrsemicolon","p2id":"francinefine","formatid":"gen9vgc2023regulationc","rating":1000,"private":0,"password":""}