{"id":"gen9vgc2023regulationc-1847941090","p1":"Felipe.Miller.V","p2":"DevilNeverCry89","format":"[Gen 9] VGC 2023 Regulation C","log":"|j|\u2606Felipe.Miller.V\n|j|\u2606DevilNeverCry89\n|t:|1682014447\n|gametype|doubles\n|player|p1|Felipe.Miller.V|169|1156\n|player|p2|DevilNeverCry89|ingo|1213\n|teamsize|p1|6\n|teamsize|p2|6\n|gen|9\n|tier|[Gen 9] VGC 2023 Regulation C\n|rated|\n|rule|Species Clause: Limit one of each Pok\u00e9mon\n|rule|Item Clause: Limit one of each item\n|clearpoke\n|poke|p1|Eiscue, L50, F|\n|poke|p1|Blissey, L50, F|\n|poke|p1|Beartic, L50, F|\n|poke|p1|Abomasnow, L50, F|\n|poke|p1|Iron Bundle, L50|\n|poke|p1|Bellibolt, L50, M|\n|poke|p2|Scizor, L50, F|\n|poke|p2|Pelipper, L50, F|\n|poke|p2|Glimmora, L50, F|\n|poke|p2|Tatsugiri, L50, F|\n|poke|p2|Iron Hands, L50|\n|poke|p2|Flutter Mane, L50|\n|teampreview|4\n|inactive|Battle timer is ON: inactive players will automatically lose when time's up. (requested by DevilNeverCry89)\n|\n|t:|1682014484\n|start\n|switch|p1a: Nhonho|Bellibolt, L50, M, shiny|100\/100\n|switch|p1b: DanoninhoIce|Eiscue, L50, F, shiny|100\/100\n|switch|p2a: Iron Hands|Iron Hands, L50|100\/100\n|switch|p2b: Scizor|Scizor, L50, F|100\/100\n|turn|1\n|\n|t:|1682014499\n|move|p1b: DanoninhoIce|Protect|p1b: DanoninhoIce\n|-singleturn|p1b: DanoninhoIce|Protect\n|move|p2a: Iron Hands|Fake Out|p1b: DanoninhoIce\n|-activate|p1b: DanoninhoIce|move: Protect\n|move|p2b: Scizor|Bullet Punch|p1b: DanoninhoIce\n|-activate|p1b: DanoninhoIce|move: Protect\n|move|p1a: Nhonho|Thunder Wave|p2b: Scizor\n|-status|p2b: Scizor|par\n|\n|upkeep\n|turn|2\n|\n|t:|1682014517\n|-terastallize|p1b: DanoninhoIce|Ground\n|cant|p2b: Scizor|par\n|move|p2a: Iron Hands|Drain Punch|p1a: Nhonho\n|-damage|p1a: Nhonho|64\/100\n|-start|p1a: Nhonho|Charge|Drain Punch|[from] ability: Electromorphosis\n|move|p1b: DanoninhoIce|Belly Drum|p1b: DanoninhoIce\n|-damage|p1b: DanoninhoIce|50\/100\n|-setboost|p1b: DanoninhoIce|atk|6|[from] move: Belly Drum\n|-enditem|p1b: DanoninhoIce|Sitrus Berry|[eat]\n|-heal|p1b: DanoninhoIce|75\/100|[from] item: Sitrus Berry\n|move|p1a: Nhonho|Parabolic Charge|p2a: Iron Hands|[spread] p2a,p2b\n|-immune|p1b: DanoninhoIce\n|-resisted|p2a: Iron Hands\n|-damage|p2a: Iron Hands|91\/100\n|-heal|p1a: Nhonho|69\/100|[from] drain|[of] p2a: Iron Hands\n|-damage|p2b: Scizor|59\/100 par\n|-heal|p1a: Nhonho|85\/100|[from] drain|[of] p2b: Scizor\n|-end|p1a: Nhonho|Charge|[silent]\n|\n|upkeep\n|turn|3\n|inactive|Felipe.Miller.V has 30 seconds left.\n|inactive|Felipe.Miller.V has 20 seconds left.\n|inactive|Felipe.Miller.V has 15 seconds left.\n|\n|t:|1682014557\n|move|p2b: Scizor|Bullet Punch|p1b: DanoninhoIce\n|-activate|p1b: DanoninhoIce|ability: Ice Face\n|-damage|p1b: DanoninhoIce|75\/100\n|detailschange|p1b: DanoninhoIce|Eiscue-Noice, L50, F, shiny, tera:Ground\n|move|p1b: DanoninhoIce|Tera Blast|p2a: Iron Hands\n|-supereffective|p2a: Iron Hands\n|-damage|p2a: Iron Hands|0 fnt\n|faint|p2a: Iron Hands\n|-end|p2a: Iron Hands|Quark Drive|[silent]\n|move|p1a: Nhonho|Soak|p2b: Scizor\n|-start|p2b: Scizor|typechange|Water\n|\n|upkeep\n|\n|t:|1682014570\n|switch|p2a: Pelipper|Pelipper, L50, F|100\/100\n|-weather|RainDance|[from] ability: Drizzle|[of] p2a: Pelipper\n|turn|4\n|\n|t:|1682014579\n|-terastallize|p2a: Pelipper|Ground\n|move|p1b: DanoninhoIce|Protect|p1b: DanoninhoIce\n|-singleturn|p1b: DanoninhoIce|Protect\n|move|p2b: Scizor|Bullet Punch|p1a: Nhonho\n|-resisted|p1a: Nhonho\n|-damage|p1a: Nhonho|71\/100\n|-start|p1a: Nhonho|Charge|Bullet Punch|[from] ability: Electromorphosis\n|move|p2a: Pelipper|Surf|p1b: DanoninhoIce|[spread] p2b,p1a\n|-activate|p1b: DanoninhoIce|move: Protect\n|-resisted|p2b: Scizor\n|-damage|p2b: Scizor|37\/100 par\n|-damage|p1a: Nhonho|42\/100\n|-start|p1a: Nhonho|Charge|Surf|[from] ability: Electromorphosis\n|move|p1a: Nhonho|Parabolic Charge|p2a: Pelipper|[spread] p2b\n|-activate|p1b: DanoninhoIce|move: Protect\n|-immune|p2a: Pelipper\n|-supereffective|p2b: Scizor\n|-damage|p2b: Scizor|0 fnt\n|-heal|p1a: Nhonho|56\/100|[from] drain|[of] p2b: Scizor\n|faint|p2b: Scizor\n|-end|p1a: Nhonho|Charge|[silent]\n|\n|-weather|RainDance|[upkeep]\n|upkeep\n|\n|t:|1682014599\n|switch|p2b: Glimmora|Glimmora, L50, F|100\/100\n|turn|5\n|-message|DevilNeverCry89 forfeited.\n|\n|win|Felipe.Miller.V\n|raw|Felipe.Miller.V's rating: 1156 → 1185<\/strong> (+29 for winning)\n|raw|DevilNeverCry89's rating: 1213 → 1184<\/strong> (-29 for losing)\n|l|\u2606DevilNeverCry89\n","uploadtime":1682014612,"views":14,"p1id":"felipemillerv","p2id":"devilnevercry89","formatid":"gen9vgc2023regulationc","rating":1184,"private":0,"password":""}