{"id":"gen9vgc2023regulationc-1849700055","p1":"ClessCL","p2":"pupulovessixsheep","format":"[Gen 9] VGC 2023 Regulation C","log":"|j|\u2606ClessCL\n|j|\u2606pupulovessixsheep\n|t:|1682234999\n|gametype|doubles\n|player|p1|ClessCL|lance|1401\n|player|p2|pupulovessixsheep|169|1339\n|teamsize|p1|6\n|teamsize|p2|6\n|gen|9\n|tier|[Gen 9] VGC 2023 Regulation C\n|rated|\n|rule|Species Clause: Limit one of each Pok\u00e9mon\n|rule|Item Clause: Limit one of each item\n|clearpoke\n|poke|p1|Gastrodon, L50, M|\n|poke|p1|Chien-Pao, L50|\n|poke|p1|Ting-Lu, L50|\n|poke|p1|Scream Tail, L50|\n|poke|p1|Flutter Mane, L50|\n|poke|p1|Talonflame, L50, M|\n|poke|p2|Talonflame, L50, M|\n|poke|p2|Chi-Yu, L50|\n|poke|p2|Flutter Mane, L50|\n|poke|p2|Amoonguss, L50, M|\n|poke|p2|Tyranitar, L50, F|\n|poke|p2|Houndstone, L50, M|\n|teampreview|4\n|inactive|Battle timer is ON: inactive players will automatically lose when time's up. (requested by ClessCL)\n|j| Mikhail97\n|inactive|ClessCL has 60 seconds left.\n|j| MatteoPezVGC\n|\n|t:|1682235050\n|start\n|switch|p1a: Flutter Mane|Flutter Mane, L50|100\/100\n|switch|p1b: Talonflame|Talonflame, L50, M|100\/100\n|switch|p2a: Tyranitar|Tyranitar, L50, F, shiny|100\/100\n|switch|p2b: Amoonguss|Amoonguss, L50, M|100\/100\n|-weather|Sandstorm|[from] ability: Sand Stream|[of] p2a: Tyranitar\n|turn|1\n|\n|t:|1682235071\n|move|p1a: Flutter Mane|Protect|p1a: Flutter Mane\n|-singleturn|p1a: Flutter Mane|Protect\n|move|p2b: Amoonguss|Rage Powder|p2b: Amoonguss\n|-singleturn|p2b: Amoonguss|move: Rage Powder\n|move|p1b: Talonflame|Will-O-Wisp|p2a: Tyranitar\n|-status|p2a: Tyranitar|brn\n|move|p2a: Tyranitar|Rock Slide|p1a: Flutter Mane|[spread] p1b\n|-activate|p1a: Flutter Mane|move: Protect\n|-supereffective|p1b: Talonflame\n|-damage|p1b: Talonflame|17\/100\n|\n|-weather|Sandstorm|[upkeep]\n|-damage|p1a: Flutter Mane|94\/100|[from] Sandstorm\n|-damage|p2b: Amoonguss|95\/100|[from] Sandstorm\n|-heal|p2b: Amoonguss|100\/100|[from] item: Leftovers\n|-damage|p2a: Tyranitar|95\/100 brn|[from] brn\n|upkeep\n|turn|2\n|\n|t:|1682235091\n|move|p2b: Amoonguss|Rage Powder|p2b: Amoonguss\n|-singleturn|p2b: Amoonguss|move: Rage Powder\n|move|p1a: Flutter Mane|Dazzling Gleam|p2a: Tyranitar|[spread] p2a,p2b\n|-supereffective|p2a: Tyranitar\n|-crit|p2a: Tyranitar\n|-resisted|p2b: Amoonguss\n|-damage|p2a: Tyranitar|12\/100 brn\n|-damage|p2b: Amoonguss|79\/100\n|-enditem|p2a: Tyranitar|Weakness Policy\n|-boost|p2a: Tyranitar|atk|2|[from] item: Weakness Policy\n|-boost|p2a: Tyranitar|spa|2|[from] item: Weakness Policy\n|-damage|p1a: Flutter Mane|84\/100|[from] item: Life Orb\n|move|p1b: Talonflame|Brave Bird|p2b: Amoonguss\n|-supereffective|p2b: Amoonguss\n|-damage|p2b: Amoonguss|9\/100\n|-damage|p1b: Talonflame|0 fnt|[from] Recoil\n|faint|p1b: Talonflame\n|move|p2a: Tyranitar|Rock Slide|p1a: Flutter Mane\n|-damage|p1a: Flutter Mane|0 fnt\n|faint|p1a: Flutter Mane\n|-end|p1a: Flutter Mane|Protosynthesis|[silent]\n|\n|-weather|Sandstorm|[upkeep]\n|-damage|p2b: Amoonguss|3\/100|[from] Sandstorm\n|-heal|p2b: Amoonguss|9\/100|[from] item: Leftovers\n|-damage|p2a: Tyranitar|6\/100 brn|[from] brn\n|upkeep\n|\n|t:|1682235111\n|switch|p1a: Ting-Lu|Ting-Lu, L50|100\/100\n|switch|p1b: Chien-Pao|Chien-Pao, L50|100\/100\n|-ability|p1b: Chien-Pao|Sword of Ruin\n|-ability|p1a: Ting-Lu|Vessel of Ruin\n|turn|3\n|\n|t:|1682235131\n|move|p1b: Chien-Pao|Protect|p1b: Chien-Pao\n|-singleturn|p1b: Chien-Pao|Protect\n|move|p2b: Amoonguss|Rage Powder|p2b: Amoonguss\n|-singleturn|p2b: Amoonguss|move: Rage Powder\n|move|p2a: Tyranitar|Rock Slide|p1b: Chien-Pao|[spread] p1a\n|-activate|p1b: Chien-Pao|move: Protect\n|-resisted|p1a: Ting-Lu\n|-damage|p1a: Ting-Lu|89\/100\n|move|p1a: Ting-Lu|Stomping Tantrum|p2b: Amoonguss\n|-damage|p2b: Amoonguss|0 fnt\n|faint|p2b: Amoonguss\n|\n|-weather|Sandstorm|[upkeep]\n|-damage|p1b: Chien-Pao|95\/100|[from] Sandstorm\n|-heal|p1a: Ting-Lu|95\/100|[from] item: Leftovers\n|-damage|p2a: Tyranitar|0 fnt|[from] brn\n|faint|p2a: Tyranitar\n|upkeep\n|\n|t:|1682235150\n|switch|p2a: Flutter Mane|Flutter Mane, L50|100\/100\n|switch|p2b: Chi-Yu|Chi-Yu, L50|100\/100\n|-ability|p2b: Chi-Yu|Beads of Ruin\n|-enditem|p2a: Flutter Mane|Booster Energy\n|-activate|p2a: Flutter Mane|ability: Protosynthesis|[fromitem]\n|-start|p2a: Flutter Mane|protosynthesisspa\n|turn|4\n|inactive|ClessCL has 30 seconds left.\n|\n|t:|1682235180\n|-terastallize|p2a: Flutter Mane|Fairy\n|-terastallize|p1a: Ting-Lu|Poison\n|move|p1b: Chien-Pao|Sucker Punch|p2a: Flutter Mane\n|-resisted|p2a: Flutter Mane\n|-damage|p2a: Flutter Mane|48\/100\n|move|p2b: Chi-Yu|Overheat|p1a: Ting-Lu\n|-damage|p1a: Ting-Lu|45\/100\n|-unboost|p2b: Chi-Yu|spa|2\n|move|p2a: Flutter Mane|Dazzling Gleam|p1b: Chien-Pao|[spread] p1a,p1b\n|-resisted|p1a: Ting-Lu\n|-supereffective|p1b: Chien-Pao\n|-damage|p1a: Ting-Lu|25\/100\n|-damage|p1b: Chien-Pao|0 fnt\n|faint|p1b: Chien-Pao\n|move|p1a: Ting-Lu|Stomping Tantrum|p2a: Flutter Mane\n|-damage|p2a: Flutter Mane|0 fnt\n|faint|p2a: Flutter Mane\n|-end|p2a: Flutter Mane|Protosynthesis|[silent]\n|\n|-weather|Sandstorm|[upkeep]\n|-damage|p2b: Chi-Yu|94\/100|[from] Sandstorm\n|-damage|p1a: Ting-Lu|19\/100|[from] Sandstorm\n|-heal|p1a: Ting-Lu|25\/100|[from] item: Leftovers\n|upkeep\n|turn|5\n|\n|t:|1682235203\n|move|p2b: Chi-Yu|Overheat|p1a: Ting-Lu\n|-damage|p1a: Ting-Lu|0 fnt\n|-unboost|p2b: Chi-Yu|spa|2\n|faint|p1a: Ting-Lu\n|\n|win|pupulovessixsheep\n|raw|ClessCL's rating: 1401 → 1377<\/strong> (-24 for losing)\n|raw|pupulovessixsheep's rating: 1339 → 1363<\/strong> (+24 for winning)\n|l|\u2606ClessCL\n","uploadtime":1682235220,"views":12,"p1id":"clesscl","p2id":"pupulovessixsheep","formatid":"gen9vgc2023regulationc","rating":1363,"private":0,"password":""}