{"id":"gen9vgc2023regulationc-1849437674","p1":"dogson5","p2":"xingtian666","format":"[Gen 9] VGC 2023 Regulation C","log":"|j|\u2606dogson5\n|j|\u2606xingtian666\n|t:|1682198436\n|gametype|doubles\n|player|p1|dogson5|nate|1456\n|player|p2|xingtian666|265|1468\n|teamsize|p1|6\n|teamsize|p2|6\n|gen|9\n|tier|[Gen 9] VGC 2023 Regulation C\n|rated|\n|rule|Species Clause: Limit one of each Pok\u00e9mon\n|rule|Item Clause: Limit one of each item\n|clearpoke\n|poke|p1|Orthworm, L50, F|\n|poke|p1|Dragonite, L50, M|\n|poke|p1|Ting-Lu, L50|\n|poke|p1|Gyarados, L50, M|\n|poke|p1|Flutter Mane, L50|\n|poke|p1|Chien-Pao, L50|\n|poke|p2|Dondozo, L50, M|\n|poke|p2|Ting-Lu, L50|\n|poke|p2|Garganacl, L50, M|\n|poke|p2|Wo-Chien, L50|\n|poke|p2|Glimmora, L50, F|\n|poke|p2|Toxapex, L50, M|\n|teampreview|4\n|inactive|Battle timer is ON: inactive players will automatically lose when time's up. (requested by xingtian666)\n|j| Braindeadmeta\n|inactive|xingtian666 has 60 seconds left.\n|\n|t:|1682198467\n|start\n|switch|p1a: Orthworm|Orthworm, L50, F|100\/100\n|switch|p1b: Gyarados|Gyarados, L50, M|100\/100\n|switch|p2a: Glimmora|Glimmora, L50, F|100\/100\n|switch|p2b: Garganacl|Garganacl, L50, M, shiny|100\/100\n|-ability|p1b: Gyarados|Intimidate|boost\n|-unboost|p2a: Glimmora|atk|1\n|-unboost|p2b: Garganacl|atk|1\n|turn|1\n|inactive|dogson5 has 30 seconds left.\n|inactive|xingtian666 has 30 seconds left.\n|\n|t:|1682198497\n|-terastallize|p2b: Garganacl|Ghost\n|move|p2a: Glimmora|Mortal Spin|p1a: Orthworm|[spread] p1b\n|-immune|p1a: Orthworm\n|-damage|p1b: Gyarados|97\/100\n|-status|p1b: Gyarados|psn\n|move|p1b: Gyarados|Waterfall|p2b: Garganacl\n|-damage|p2b: Garganacl|82\/100\n|move|p1a: Orthworm|Body Press|p2b: Garganacl\n|-immune|p2b: Garganacl\n|move|p2b: Garganacl|Salt Cure|p1b: Gyarados\n|-supereffective|p1b: Gyarados\n|-damage|p1b: Gyarados|79\/100 psn\n|-start|p1b: Gyarados|Salt Cure\n|\n|-damage|p1b: Gyarados|67\/100 psn|[from] psn\n|-damage|p1b: Gyarados|42\/100 psn|[from] Salt Cure\n|upkeep\n|turn|2\n|inactive|dogson5 has 30 seconds left.\n|\n|t:|1682198527\n|switch|p1b: Chien-Pao|Chien-Pao, L50|100\/100\n|-ability|p1b: Chien-Pao|Sword of Ruin\n|move|p2a: Glimmora|Reflect|p2a: Glimmora\n|-sidestart|p2: xingtian666|Reflect\n|move|p1a: Orthworm|Shed Tail|p1a: Orthworm\n|-start|p1a: Orthworm|Substitute|[from] move: Shed Tail\n|-damage|p1a: Orthworm|50\/100\n|-enditem|p1a: Orthworm|Sitrus Berry|[eat]\n|-heal|p1a: Orthworm|75\/100|[from] item: Sitrus Berry\n|\n|t:|1682198536\n|switch|p1a: Flutter Mane|Flutter Mane, L50|100\/100|[from] Shed Tail\n|move|p2b: Garganacl|Salt Cure|p1a: Flutter Mane\n|-activate|p1a: Flutter Mane|move: Substitute|[damage]\n|\n|upkeep\n|turn|3\n|inactive|dogson5 has 30 seconds left.\n|\n|t:|1682198562\n|switch|p1b: Orthworm|Orthworm, L50, F|75\/100\n|switch|p2b: Toxapex|Toxapex, L50, M|100\/100\n|move|p1a: Flutter Mane|Hex|p2b: Toxapex\n|-damage|p2b: Toxapex|62\/100\n|move|p2a: Glimmora|Toxic|p1b: Orthworm\n|-status|p1b: Orthworm|tox\n|\n|-damage|p1b: Orthworm|70\/100 tox|[from] psn\n|upkeep\n|turn|4\n|inactive|dogson5 has 30 seconds left.\n|inactive|xingtian666 has 30 seconds left.\n|inactive|dogson5 has 20 seconds left.\n|\n|t:|1682198598\n|move|p1a: Flutter Mane|Hex|p2b: Toxapex\n|-damage|p2b: Toxapex|23\/100\n|move|p2a: Glimmora|Mortal Spin|p1a: Flutter Mane|[spread] p1a\n|-immune|p1b: Orthworm\n|-activate|p1a: Flutter Mane|move: Substitute|[damage]\n|move|p1b: Orthworm|Heavy Slam|p2b: Toxapex\n|-resisted|p2b: Toxapex\n|-crit|p2b: Toxapex\n|-damage|p2b: Toxapex|6\/100\n|-damage|p1b: Orthworm|53\/100 tox|[from] item: Rocky Helmet|[of] p2b: Toxapex\n|move|p2b: Toxapex|Infestation|p1b: Orthworm\n|-resisted|p1b: Orthworm\n|-damage|p1b: Orthworm|52\/100 tox\n|-activate|p1b: Orthworm|move: Infestation|[of] p2b: Toxapex\n|\n|-damage|p1b: Orthworm|40\/100 tox|[from] psn\n|-damage|p1b: Orthworm|28\/100 tox|[from] move: Infestation|[partiallytrapped]\n|upkeep\n|turn|5\n|inactive|dogson5 has 30 seconds left.\n|inactive|xingtian666 has 30 seconds left.\n|\n|t:|1682198628\n|move|p2b: Toxapex|Baneful Bunker|p2b: Toxapex\n|-singleturn|p2b: Toxapex|move: Protect\n|move|p1a: Flutter Mane|Hex|p2a: Glimmora\n|-damage|p2a: Glimmora|49\/100\n|move|p2a: Glimmora|Mortal Spin|p1b: Orthworm|[spread] p1a\n|-immune|p1b: Orthworm\n|-end|p1a: Flutter Mane|Substitute\n|move|p1b: Orthworm|Heavy Slam|p2a: Glimmora\n|-supereffective|p2a: Glimmora\n|-damage|p2a: Glimmora|7\/100\n|\n|-damage|p1b: Orthworm|10\/100 tox|[from] psn\n|-damage|p1b: Orthworm|0 fnt|[from] move: Infestation|[partiallytrapped]\n|faint|p1b: Orthworm\n|upkeep\n|\n|t:|1682198645\n|switch|p1b: Chien-Pao|Chien-Pao, L50|100\/100\n|-ability|p1b: Chien-Pao|Sword of Ruin\n|turn|6\n|\n|t:|1682198667\n|move|p2a: Glimmora|Spiky Shield|p2a: Glimmora\n|-singleturn|p2a: Glimmora|move: Protect\n|move|p1b: Chien-Pao|Ice Spinner|p2b: Toxapex\n|-resisted|p2b: Toxapex\n|-damage|p2b: Toxapex|0 fnt\n|-damage|p1b: Chien-Pao|84\/100|[from] item: Rocky Helmet|[of] p2b: Toxapex\n|faint|p2b: Toxapex\n|move|p1a: Flutter Mane|Hex|p2a: Glimmora\n|-activate|p2a: Glimmora|move: Protect\n|\n|-sideend|p2: xingtian666|Reflect\n|upkeep\n|\n|t:|1682198680\n|switch|p2b: Dondozo|Dondozo, L50, M|100\/100\n|turn|7\n|\n|t:|1682198693\n|-end|p1a: Flutter Mane|Protosynthesis|[silent]\n|switch|p1a: Gyarados|Gyarados, L50, M|42\/100 psn\n|-ability|p1a: Gyarados|Intimidate|boost\n|-unboost|p2a: Glimmora|atk|1\n|-unboost|p2b: Dondozo|atk|1\n|move|p1b: Chien-Pao|Protect|p1b: Chien-Pao\n|-singleturn|p1b: Chien-Pao|Protect\n|move|p2b: Dondozo|Protect|p2b: Dondozo\n|-singleturn|p2b: Dondozo|Protect\n|move|p2a: Glimmora|Mortal Spin|p1a: Gyarados|[spread] p1a\n|-activate|p1b: Chien-Pao|move: Protect\n|-damage|p1a: Gyarados|39\/100 psn\n|\n|-damage|p1a: Gyarados|26\/100 psn|[from] psn\n|upkeep\n|turn|8\n|inactive|xingtian666 has 30 seconds left.\n|\n|t:|1682198720\n|move|p2a: Glimmora|Spiky Shield|p2a: Glimmora\n|-singleturn|p2a: Glimmora|move: Protect\n|move|p1b: Chien-Pao|Haze|p1b: Chien-Pao\n|-clearallboost\n|move|p1a: Gyarados|Waterfall|p2a: Glimmora\n|-activate|p2a: Glimmora|move: Protect\n|-damage|p1a: Gyarados|14\/100 psn|[from] Spiky Shield|[of] p2a: Glimmora\n|move|p2b: Dondozo|Fissure|p1b: Chien-Pao\n|-damage|p1b: Chien-Pao|0 fnt\n|faint|p1b: Chien-Pao\n|-ohko\n|\n|-damage|p1a: Gyarados|1\/100 psn|[from] psn\n|upkeep\n|\n|t:|1682198733\n|switch|p1b: Flutter Mane|Flutter Mane, L50|100\/100\n|turn|9\n|\n|t:|1682198757\n|-terastallize|p1b: Flutter Mane|Fairy\n|move|p1b: Flutter Mane|Moonblast|p2b: Dondozo\n|-damage|p2b: Dondozo|31\/100\n|move|p2a: Glimmora|Toxic|p1b: Flutter Mane\n|-status|p1b: Flutter Mane|tox\n|move|p1a: Gyarados|Waterfall|p2a: Glimmora\n|-supereffective|p2a: Glimmora\n|-damage|p2a: Glimmora|0 fnt\n|faint|p2a: Glimmora\n|move|p2b: Dondozo|Wave Crash|p1b: Flutter Mane\n|-damage|p1b: Flutter Mane|31\/100 tox\n|-damage|p2b: Dondozo|17\/100|[from] Recoil\n|-enditem|p2b: Dondozo|Mago Berry|[eat]\n|-heal|p2b: Dondozo|51\/100|[from] item: Mago Berry\n|\n|-damage|p1b: Flutter Mane|25\/100 tox|[from] psn\n|-damage|p1a: Gyarados|0 fnt|[from] psn\n|faint|p1a: Gyarados\n|upkeep\n|\n|t:|1682198777\n|switch|p2a: Garganacl|Garganacl, L50, M, shiny, tera:Ghost|82\/100\n|turn|10\n|j| RedCharonKnight\n|-message|dogson5 forfeited.\n|\n|win|xingtian666\n|raw|dogson5's rating: 1456 → 1437<\/strong> (-19 for losing)\n|raw|xingtian666's rating: 1468 → 1487<\/strong> (+19 for winning)\n","uploadtime":1682198798,"views":11,"p1id":"dogson5","p2id":"xingtian666","formatid":"gen9vgc2023regulationc","rating":1437,"private":0,"password":""}