{"id":"gen9vgc2023regulationc-1855813980","p1":"kylo_downstream","p2":"Starlord433176","format":"[Gen 9] VGC 2023 Regulation C","log":"|j|\u2606kylo_downstream\n|j|\u2606Starlord433176\n|t:|1682987271\n|gametype|doubles\n|player|p1|kylo_downstream|wallace|1000\n|player|p2|Starlord433176|170|1000\n|teamsize|p1|6\n|teamsize|p2|6\n|gen|9\n|tier|[Gen 9] VGC 2023 Regulation C\n|rated|\n|rule|Species Clause: Limit one of each Pok\u00e9mon\n|rule|Item Clause: Limit one of each item\n|clearpoke\n|poke|p1|Coalossal, L50, F|\n|poke|p1|Dragapult, L50, F|\n|poke|p1|Annihilape, L50, F|\n|poke|p1|Murkrow, L50, M|\n|poke|p1|Flutter Mane, L50|\n|poke|p1|Ting-Lu, L50|\n|poke|p2|Arcanine, L50, M|\n|poke|p2|Flutter Mane, L50|\n|poke|p2|Baxcalibur, L50, F|\n|poke|p2|Amoonguss, L50, M|\n|poke|p2|Palafin, L50, F|\n|poke|p2|Ting-Lu, L50|\n|teampreview|4\nkylo_downstream rejected open team sheets.\n|inactive|Battle timer is ON: inactive players will automatically lose when time's up. (requested by kylo_downstream)\n|\n|t:|1682987312\n|start\n|switch|p1a: Coalossal|Coalossal, L50, F|100\/100\n|switch|p1b: Dragapult|Dragapult, L50, F|100\/100\n|switch|p2a: Arcanine|Arcanine, L50, M|100\/100\n|switch|p2b: Flutter Mane|Flutter Mane, L50|100\/100\n|-ability|p2a: Arcanine|Intimidate|boost\n|-unboost|p1a: Coalossal|atk|1\n|-fail|p1b: Dragapult|unboost|[from] ability: Clear Body|[of] p1b: Dragapult\n|-enditem|p2b: Flutter Mane|Booster Energy\n|-activate|p2b: Flutter Mane|ability: Protosynthesis|[fromitem]\n|-start|p2b: Flutter Mane|protosynthesisspe\n|turn|1\n|inactive|Starlord433176 has 30 seconds left.\n|inactive|Starlord433176 has 20 seconds left.\n|\n|t:|1682987349\n|switch|p2a: Palafin|Palafin, L50, F|100\/100\n|-terastallize|p1a: Coalossal|Water\n|move|p2b: Flutter Mane|Shadow Ball|p1b: Dragapult\n|-supereffective|p1b: Dragapult\n|-damage|p1b: Dragapult|0 fnt\n|faint|p1b: Dragapult\n|move|p1a: Coalossal|Rock Slide|p2b: Flutter Mane|[spread] p2a,p2b\n|-damage|p2a: Palafin|81\/100\n|-damage|p2b: Flutter Mane|59\/100\n|-damage|p1a: Coalossal|91\/100|[from] item: Life Orb\n|\n|upkeep\n|inactive|kylo_downstream has 30 seconds left.\n|\n|t:|1682987376\n|switch|p1b: Annihilape|Annihilape, L50, F|100\/100\n|turn|2\n|inactive|Starlord433176 has 30 seconds left.\n|\n|t:|1682987411\n|move|p1b: Annihilape|Protect|p1b: Annihilape\n|-singleturn|p1b: Annihilape|Protect\n|move|p2b: Flutter Mane|Dazzling Gleam|p1b: Annihilape|[spread] p1a\n|-activate|p1b: Annihilape|move: Protect\n|-damage|p1a: Coalossal|61\/100\n|move|p2a: Palafin|Wave Crash|p1a: Coalossal\n|-resisted|p1a: Coalossal\n|-damage|p1a: Coalossal|38\/100\n|-ability|p1a: Coalossal|Steam Engine|boost\n|-boost|p1a: Coalossal|spe|6\n|-damage|p2a: Palafin|74\/100|[from] Recoil\n|move|p1a: Coalossal|Rock Slide|p2a: Palafin|[spread] p2a,p2b\n|-damage|p2a: Palafin|51\/100\n|-damage|p2b: Flutter Mane|19\/100\n|-damage|p1a: Coalossal|28\/100|[from] item: Life Orb\n|\n|upkeep\n|turn|3\n|inactive|Starlord433176 has 30 seconds left.\n|\n|t:|1682987442\n|detailschange|p2a: Palafin|Palafin-Hero, L50, F\n|switch|p2a: Arcanine|Arcanine, L50, M|100\/100\n|-ability|p2a: Arcanine|Intimidate|boost\n|-unboost|p1a: Coalossal|atk|1\n|-unboost|p1b: Annihilape|atk|1\n|-ability|p1b: Annihilape|Defiant|boost\n|-boost|p1b: Annihilape|atk|2\n|move|p1a: Coalossal|Protect|p1a: Coalossal\n|-singleturn|p1a: Coalossal|Protect\n|move|p2b: Flutter Mane|Dazzling Gleam|p1a: Coalossal|[spread] p1b\n|-activate|p1a: Coalossal|move: Protect\n|-supereffective|p1b: Annihilape\n|-damage|p1b: Annihilape|39\/100\n|move|p1b: Annihilape|Rage Fist|p2b: Flutter Mane\n|-supereffective|p2b: Flutter Mane\n|-damage|p2b: Flutter Mane|0 fnt\n|faint|p2b: Flutter Mane\n|-end|p2b: Flutter Mane|Protosynthesis|[silent]\n|\n|-heal|p1b: Annihilape|45\/100|[from] item: Leftovers\n|upkeep\n|\n|t:|1682987458\n|switch|p2b: Palafin|Palafin-Hero, L50, F|51\/100\n|-activate|p2b: Palafin|ability: Zero to Hero\n|turn|4\n|inactive|Starlord433176 has 30 seconds left.\n|\n|t:|1682987492\n|-terastallize|p2a: Arcanine|Grass\n|move|p1a: Coalossal|Rock Slide|p2a: Arcanine|[spread] p2a,p2b\n|-damage|p2a: Arcanine|85\/100\n|-damage|p2b: Palafin|38\/100\n|-damage|p1a: Coalossal|19\/100|[from] item: Life Orb\n|move|p2a: Arcanine|Will-O-Wisp|p1b: Annihilape\n|-status|p1b: Annihilape|brn\n|move|p1b: Annihilape|Drain Punch|p2b: Palafin\n|-damage|p2b: Palafin|16\/100\n|-heal|p1b: Annihilape|57\/100 brn|[from] drain|[of] p2b: Palafin\n|move|p2b: Palafin|Haze|p2b: Palafin\n|-clearallboost\n|\n|-heal|p1b: Annihilape|63\/100 brn|[from] item: Leftovers\n|-damage|p1b: Annihilape|57\/100 brn|[from] brn\n|upkeep\n|turn|5\n|inactive|kylo_downstream has 30 seconds left.\n|inactive|Starlord433176 has 30 seconds left.\n|inactive|kylo_downstream has 20 seconds left.\n|\n|t:|1682987528\n|switch|p1a: Ting-Lu|Ting-Lu, L50|100\/100\n|-ability|p1a: Ting-Lu|Vessel of Ruin\n|move|p1b: Annihilape|Protect|p1b: Annihilape\n|-singleturn|p1b: Annihilape|Protect\n|move|p2a: Arcanine|Extreme Speed|p1a: Ting-Lu\n|-damage|p1a: Ting-Lu|88\/100\n|move|p2b: Palafin|Jet Punch|p1b: Annihilape\n|-activate|p1b: Annihilape|move: Protect\n|\n|-heal|p1b: Annihilape|63\/100 brn|[from] item: Leftovers\n|-damage|p1b: Annihilape|57\/100 brn|[from] brn\n|upkeep\n|turn|6\n|inactive|Starlord433176 has 30 seconds left.\n|inactive|Starlord433176 has 20 seconds left.\n|inactive|Starlord433176 has 15 seconds left.\n|inactive|Starlord433176 has 10 seconds left.\n|\n|t:|1682987573\n|switch|p1a: Coalossal|Coalossal, L50, F, tera:Water|19\/100\n|move|p2a: Arcanine|Will-O-Wisp|p1a: Coalossal\n|-status|p1a: Coalossal|brn\n|move|p1b: Annihilape|Drain Punch|p2b: Palafin\n|-damage|p2b: Palafin|1\/100\n|-heal|p1b: Annihilape|65\/100 brn|[from] drain|[of] p2b: Palafin\n|move|p2b: Palafin|Wave Crash|p1b: Annihilape\n|-damage|p1b: Annihilape|0 fnt\n|faint|p1b: Annihilape\n|-damage|p2b: Palafin|0 fnt|[from] Recoil\n|faint|p2b: Palafin\n|\n|-damage|p1a: Coalossal|13\/100 brn|[from] brn\n|upkeep\n|\n|t:|1682987588\n|switch|p1b: Ting-Lu|Ting-Lu, L50|88\/100\n|switch|p2b: Baxcalibur|Baxcalibur, L50, F|100\/100\n|-ability|p1b: Ting-Lu|Vessel of Ruin\n|turn|7\n|inactive|Starlord433176 has 30 seconds left.\n|\n|t:|1682987616\n|move|p2b: Baxcalibur|Protect|p2b: Baxcalibur\n|-singleturn|p2b: Baxcalibur|Protect\n|move|p2a: Arcanine|Flare Blitz|p1a: Coalossal\n|-resisted|p1a: Coalossal\n|-damage|p1a: Coalossal|0 fnt\n|faint|p1a: Coalossal\n|-damage|p2a: Arcanine|80\/100|[from] Recoil\n|move|p1b: Ting-Lu|Heavy Slam|p2b: Baxcalibur\n|-activate|p2b: Baxcalibur|move: Protect\n|\n|upkeep\n|turn|8\n|\n|t:|1682987633\n|move|p2a: Arcanine|Will-O-Wisp|p1b: Ting-Lu\n|-status|p1b: Ting-Lu|brn\n|move|p2b: Baxcalibur|Icicle Crash|p1b: Ting-Lu\n|-supereffective|p1b: Ting-Lu\n|-damage|p1b: Ting-Lu|26\/100 brn\n|cant|p1b: Ting-Lu|flinch\n|\n|-damage|p1b: Ting-Lu|20\/100 brn|[from] brn\n|upkeep\n|turn|9\n|\n|t:|1682987648\n|move|p2a: Arcanine|Extreme Speed|p1b: Ting-Lu\n|-damage|p1b: Ting-Lu|8\/100 brn\n|move|p2b: Baxcalibur|Glaive Rush|p1b: Ting-Lu\n|-damage|p1b: Ting-Lu|0 fnt\n|-singlemove|p2b: Baxcalibur|Glaive Rush|[silent]\n|faint|p1b: Ting-Lu\n|\n|win|Starlord433176\n|raw|kylo_downstream's rating: 1000 → 1000<\/strong> (+0 for losing)\n|raw|Starlord433176's rating: 1000 → 1040<\/strong> (+40 for winning)\n|l|\u2606kylo_downstream\n","uploadtime":1682987664,"views":17,"p1id":"kylodownstream","p2id":"starlord433176","formatid":"gen9vgc2023regulationc","rating":1000,"private":0,"password":""}