{"id":"gen9vgc2023regulationc-1855454356","p1":"Renan 26","p2":"goatmilkin3d","format":"[Gen 9] VGC 2023 Regulation C","log":"|j|\u2606Renan 26\n|j|\u2606goatmilkin3d\n|t:|1682952945\n|gametype|doubles\n|player|p1|Renan 26|grimsley|1213\n|player|p2|goatmilkin3d|swimmer|1258\n|teamsize|p1|6\n|teamsize|p2|6\n|gen|9\n|tier|[Gen 9] VGC 2023 Regulation C\n|rated|\n|rule|Species Clause: Limit one of each Pok\u00e9mon\n|rule|Item Clause: Limit one of each item\n|clearpoke\n|poke|p1|Tsareena, L50, F|\n|poke|p1|Chi-Yu, L50|\n|poke|p1|Garchomp, L50, F|\n|poke|p1|Flutter Mane, L50|\n|poke|p1|Talonflame, L50, M|\n|poke|p1|Iron Bundle, L50|\n|poke|p2|Brute Bonnet, L50|\n|poke|p2|Torkoal, L50, F|\n|poke|p2|Ting-Lu, L50|\n|poke|p2|Farigiraf, L50, M|\n|poke|p2|Iron Bundle, L50|\n|poke|p2|Chi-Yu, L50|\n|teampreview|4\n|inactive|Battle timer is ON: inactive players will automatically lose when time's up. (requested by goatmilkin3d)\n|inactive|Renan 26 has 60 seconds left.\n|\n|t:|1682952996\n|start\n|switch|p1a: Tsareena|Tsareena, L50, F|100\/100\n|switch|p1b: Talonflame|Talonflame, L50, M|100\/100\n|switch|p2a: Iron Bundle|Iron Bundle, L50|100\/100\n|switch|p2b: Chi-Yu|Chi-Yu, L50|100\/100\n|-ability|p2b: Chi-Yu|Beads of Ruin\n|-enditem|p2a: Iron Bundle|Booster Energy\n|-activate|p2a: Iron Bundle|ability: Quark Drive|[fromitem]\n|-start|p2a: Iron Bundle|quarkdrivespe\n|turn|1\n|inactive|goatmilkin3d has 30 seconds left.\n|\n|t:|1682953026\n|-terastallize|p2a: Iron Bundle|Fire\n|move|p1a: Tsareena|Protect|p1a: Tsareena\n|-singleturn|p1a: Tsareena|Protect\n|move|p1b: Talonflame|Tailwind|p1b: Talonflame\n|-sidestart|p1: Renan 26|move: Tailwind\n|move|p2a: Iron Bundle|Freeze-Dry|p1a: Tsareena\n|-activate|p1a: Tsareena|move: Protect\n|move|p2b: Chi-Yu|Dark Pulse|p1b: Talonflame\n|-damage|p1b: Talonflame|22\/100\n|\n|upkeep\n|turn|2\n|inactive|Renan 26 has 30 seconds left.\n|inactive|goatmilkin3d has 30 seconds left.\n|\n|t:|1682953065\n|switch|p1a: Chi-Yu|Chi-Yu, L50|100\/100\n|-ability|p1a: Chi-Yu|Beads of Ruin\n|move|p1b: Talonflame|Brave Bird|p2b: Chi-Yu\n|-crit|p2b: Chi-Yu\n|-damage|p2b: Chi-Yu|6\/100\n|-damage|p1b: Talonflame|0 fnt|[from] Recoil\n|faint|p1b: Talonflame\n|move|p2a: Iron Bundle|Freeze-Dry|p1a: Chi-Yu\n|-resisted|p1a: Chi-Yu\n|-damage|p1a: Chi-Yu|77\/100\n|move|p2b: Chi-Yu|Dark Pulse|p1a: Chi-Yu\n|-resisted|p1a: Chi-Yu\n|-damage|p1a: Chi-Yu|50\/100\n|\n|upkeep\n|\n|t:|1682953082\n|switch|p1b: Garchomp|Garchomp, L50, F|100\/100\n|turn|3\n|\n|t:|1682953097\n|move|p2a: Iron Bundle|Protect|p2a: Iron Bundle\n|-singleturn|p2a: Iron Bundle|Protect\n|move|p1a: Chi-Yu|Snarl|p2a: Iron Bundle|[spread] p2b\n|-activate|p2a: Iron Bundle|move: Protect\n|-resisted|p2b: Chi-Yu\n|-damage|p2b: Chi-Yu|0 fnt\n|faint|p2b: Chi-Yu\n|move|p1b: Garchomp|Stomping Tantrum|p2a: Iron Bundle\n|-activate|p2a: Iron Bundle|move: Protect\n|\n|upkeep\n|\n|t:|1682953108\n|switch|p2b: Torkoal|Torkoal, L50, F|100\/100\n|-weather|SunnyDay|[from] ability: Drought|[of] p2b: Torkoal\n|turn|4\n|\n|t:|1682953124\n|-terastallize|p1b: Garchomp|Fire\n|move|p2a: Iron Bundle|Protect||[still]\n|-fail|p2a: Iron Bundle\n|move|p1a: Chi-Yu|Snarl|p2a: Iron Bundle|[spread] p2a,p2b\n|-damage|p2a: Iron Bundle|38\/100\n|-damage|p2b: Torkoal|62\/100\n|-unboost|p2a: Iron Bundle|spa|1\n|-unboost|p2b: Torkoal|spa|1\n|move|p1b: Garchomp|Stomping Tantrum|p2a: Iron Bundle\n|-supereffective|p2a: Iron Bundle\n|-damage|p2a: Iron Bundle|0 fnt\n|faint|p2a: Iron Bundle\n|-end|p2a: Iron Bundle|Quark Drive|[silent]\n|-damage|p1b: Garchomp|90\/100|[from] item: Life Orb\n|move|p2b: Torkoal|Earth Power|p1a: Chi-Yu\n|-supereffective|p1a: Chi-Yu\n|-damage|p1a: Chi-Yu|13\/100\n|\n|-weather|SunnyDay|[upkeep]\n|-sideend|p1: Renan 26|move: Tailwind\n|upkeep\n|\n|t:|1682953138\n|switch|p2a: Brute Bonnet|Brute Bonnet, L50|100\/100\n|-activate|p2a: Brute Bonnet|ability: Protosynthesis\n|-start|p2a: Brute Bonnet|protosynthesisatk\n|turn|5\n|inactive|goatmilkin3d has 30 seconds left.\n|inactive|goatmilkin3d has 20 seconds left.\n|inactive|goatmilkin3d has 15 seconds left.\n|\n|t:|1682953183\n|switch|p1a: Tsareena|Tsareena, L50, F|100\/100\n|move|p2a: Brute Bonnet|Sucker Punch||[still]\n|cant|p1a: Tsareena|ability: Queenly Majesty|Sucker Punch|[of] p2a: Brute Bonnet\n|move|p1b: Garchomp|Stomping Tantrum|p2b: Torkoal\n|-supereffective|p2b: Torkoal\n|-damage|p2b: Torkoal|0 fnt\n|faint|p2b: Torkoal\n|-damage|p1b: Garchomp|80\/100|[from] item: Life Orb\n|\n|-weather|SunnyDay|[upkeep]\n|upkeep\n|turn|6\n|\n|t:|1682953205\n|move|p1b: Garchomp|Dragon Claw|p2a: Brute Bonnet\n|-damage|p2a: Brute Bonnet|54\/100\n|-damage|p1b: Garchomp|70\/100|[from] item: Life Orb\n|move|p1a: Tsareena|Taunt|p2a: Brute Bonnet\n|-start|p2a: Brute Bonnet|move: Taunt\n|cant|p2a: Brute Bonnet|move: Taunt|Growth\n|\n|-weather|SunnyDay|[upkeep]\n|upkeep\n|turn|7\n|-message|goatmilkin3d forfeited.\n|\n|win|Renan 26\n|raw|Renan 26's rating: 1213 → 1241<\/strong> (+28 for winning)\n|raw|goatmilkin3d's rating: 1258 → 1230<\/strong> (-28 for losing)\n|l|\u2606goatmilkin3d\n","uploadtime":1682953221,"views":17,"p1id":"renan26","p2id":"goatmilkin3d","formatid":"gen9vgc2023regulationc","rating":1230,"private":0,"password":""}