{"id":"gen9vgc2023regulationc-1845595699","p1":"Zyros Phade","p2":"gholdjunge","format":"[Gen 9] VGC 2023 Regulation C","log":"|j|\u2606Zyros Phade\n|j|\u2606gholdjunge\n|t:|1681748022\n|gametype|doubles\n|player|p1|Zyros Phade|169|1386\n|player|p2|gholdjunge|youngster-gen2|1521\n|teamsize|p1|6\n|teamsize|p2|6\n|gen|9\n|tier|[Gen 9] VGC 2023 Regulation C\n|rated|\n|rule|Species Clause: Limit one of each Pok\u00e9mon\n|rule|Item Clause: Limit one of each item\n|clearpoke\n|poke|p1|Tinkaton, L50, F|\n|poke|p1|Gyarados, L50, M|\n|poke|p1|Flutter Mane, L50|\n|poke|p1|Baxcalibur, L50, M|\n|poke|p1|Grimmsnarl, L50, M|\n|poke|p1|Garchomp, L50, M|\n|poke|p2|Azumarill, L50, M|\n|poke|p2|Pelipper, L50, F|\n|poke|p2|Chien-Pao, L50|\n|poke|p2|Amoonguss, L50, F|\n|poke|p2|Iron Hands, L50|\n|poke|p2|Flutter Mane, L50|\n|teampreview|4\nZyros Phade has agreed to open team sheets.\n|\n|t:|1681748096\n|start\n|switch|p1a: Tinkaton|Tinkaton, L50, F|100\/100\n|switch|p1b: Grimmsnarl|Grimmsnarl, L50, M|100\/100\n|switch|p2a: Azumarill|Azumarill, L50, M|100\/100\n|switch|p2b: Flutter Mane|Flutter Mane, L50|100\/100\n|-ability|p1a: Tinkaton|Mold Breaker\n|turn|1\n|\n|t:|1681748140\n|-terastallize|p2b: Flutter Mane|Water\n|move|p1b: Grimmsnarl|Light Screen|p1b: Grimmsnarl\n|-sidestart|p1: Zyros Phade|move: Light Screen\n|move|p2b: Flutter Mane|Moonblast|p1b: Grimmsnarl\n|-supereffective|p1b: Grimmsnarl\n|-damage|p1b: Grimmsnarl|16\/100\n|move|p1a: Tinkaton|Gigaton Hammer|p2b: Flutter Mane\n|-resisted|p2b: Flutter Mane\n|-damage|p2b: Flutter Mane|60\/100\n|move|p2a: Azumarill|Play Rough|p1b: Grimmsnarl\n|-supereffective|p1b: Grimmsnarl\n|-damage|p1b: Grimmsnarl|0 fnt\n|faint|p1b: Grimmsnarl\n|\n|upkeep\n|\n|t:|1681748153\n|switch|p1b: Gyarados|Gyarados, L50, M|100\/100\n|-ability|p1b: Gyarados|Intimidate|boost\n|-unboost|p2a: Azumarill|atk|1\n|-unboost|p2b: Flutter Mane|atk|1\n|turn|2\n|\n|t:|1681748186\n|switch|p2a: Iron Hands|Iron Hands, L50|100\/100\n|move|p2b: Flutter Mane|Moonblast|p1b: Gyarados\n|-damage|p1b: Gyarados|59\/100\n|move|p1a: Tinkaton|Thunder Wave|p2b: Flutter Mane\n|-status|p2b: Flutter Mane|par\n|move|p1b: Gyarados|Taunt|p2a: Iron Hands\n|-start|p2a: Iron Hands|move: Taunt\n|\n|upkeep\n|turn|3\n|inactive|Battle timer is ON: inactive players will automatically lose when time's up. (requested by Zyros Phade)\n|\n|t:|1681748241\n|switch|p1a: Flutter Mane|Flutter Mane, L50|100\/100\n|-enditem|p1a: Flutter Mane|Booster Energy\n|-activate|p1a: Flutter Mane|ability: Protosynthesis|[fromitem]\n|-start|p1a: Flutter Mane|protosynthesisspe\n|move|p1b: Gyarados|Waterfall|p2a: Iron Hands\n|-damage|p2a: Iron Hands|74\/100\n|cant|p2b: Flutter Mane|par\n|move|p2a: Iron Hands|Wild Charge|p1a: Flutter Mane\n|-damage|p1a: Flutter Mane|43\/100\n|-damage|p2a: Iron Hands|64\/100|[from] Recoil\n|\n|upkeep\n|turn|4\n|inactive|Zyros Phade has 30 seconds left.\n|inactive|gholdjunge has 30 seconds left.\n|inactive|gholdjunge has 20 seconds left.\n|inactive|Zyros Phade has 20 seconds left.\n|inactive|gholdjunge has 15 seconds left.\n|inactive|gholdjunge has 10 seconds left.\n|\n|t:|1681748291\n|-end|p2a: Iron Hands|Quark Drive|[silent]\n|switch|p2a: Azumarill|Azumarill, L50, M|100\/100\n|move|p1b: Gyarados|Helping Hand|p1a: Flutter Mane\n|-singleturn|p1a: Flutter Mane|Helping Hand|[of] p1b: Gyarados\n|move|p1a: Flutter Mane|Dazzling Gleam|p2b: Flutter Mane|[spread] p2a,p2b\n|-damage|p2a: Azumarill|53\/100\n|-damage|p2b: Flutter Mane|20\/100 par\n|move|p2b: Flutter Mane|Moonblast|p1a: Flutter Mane\n|-damage|p1a: Flutter Mane|2\/100\n|\n|upkeep\n|turn|5\n|inactive|gholdjunge has 30 seconds left.\n|\n|t:|1681748316\n|-end|p1a: Flutter Mane|Protosynthesis|[silent]\n|switch|p1a: Tinkaton|Tinkaton, L50, F|100\/100\n|-ability|p1a: Tinkaton|Mold Breaker\n|move|p2a: Azumarill|Aqua Jet|p1a: Tinkaton\n|-damage|p1a: Tinkaton|65\/100\n|move|p1b: Gyarados|Thunder Wave|p2a: Azumarill\n|-status|p2a: Azumarill|par\n|-enditem|p2a: Azumarill|Lum Berry|[eat]\n|-curestatus|p2a: Azumarill|par|[msg]\n|move|p2b: Flutter Mane|Moonblast|p1b: Gyarados\n|-damage|p1b: Gyarados|20\/100\n|-unboost|p1b: Gyarados|spa|1\n|\n|upkeep\n|turn|6\n|inactive|gholdjunge has 30 seconds left.\n|\n|t:|1681748349\n|move|p1b: Gyarados|Helping Hand|p1a: Tinkaton\n|-singleturn|p1a: Tinkaton|Helping Hand|[of] p1b: Gyarados\n|move|p1a: Tinkaton|Gigaton Hammer|p2a: Azumarill\n|-damage|p2a: Azumarill|0 fnt\n|faint|p2a: Azumarill\n|move|p2b: Flutter Mane|Moonblast|p1b: Gyarados\n|-damage|p1b: Gyarados|0 fnt\n|faint|p1b: Gyarados\n|\n|upkeep\n|\n|t:|1681748363\n|switch|p1b: Flutter Mane|Flutter Mane, L50|2\/100\n|switch|p2a: Chien-Pao|Chien-Pao, L50|100\/100\n|-ability|p2a: Chien-Pao|Sword of Ruin\n|turn|7\n|inactive|Zyros Phade has 30 seconds left.\n|\n|t:|1681748394\n|move|p1a: Tinkaton|Feint|p2a: Chien-Pao\n|-crit|p2a: Chien-Pao\n|-damage|p2a: Chien-Pao|85\/100\n|move|p2a: Chien-Pao|Ice Spinner|p1b: Flutter Mane\n|-damage|p1b: Flutter Mane|0 fnt\n|faint|p1b: Flutter Mane\n|-end|p1b: Flutter Mane|Protosynthesis|[silent]\n|move|p2b: Flutter Mane|Moonblast|p1a: Tinkaton\n|-resisted|p1a: Tinkaton\n|-damage|p1a: Tinkaton|41\/100\n|-unboost|p1a: Tinkaton|spa|1\n|\n|upkeep\n|turn|8\n|-message|Zyros Phade forfeited.\n|\n|win|gholdjunge\n|raw|Zyros Phade's rating: 1386 → 1373<\/strong> (-13 for losing)\n|raw|gholdjunge's rating: 1521 → 1534<\/strong> (+13 for winning)\n|l|\u2606Zyros Phade\n","uploadtime":1681748413,"views":11,"p1id":"zyrosphade","p2id":"gholdjunge","formatid":"gen9vgc2023regulationc","rating":1373,"private":0,"password":""}