{"id":"gen9vgc2023regulationc-1862158919","p1":"TheNutmeg33","p2":"swaggymx","format":"[Gen 9] VGC 2023 Regulation C","log":"|j|\u2606TheNutmeg33\n|j|\u2606swaggymx\n|t:|1683843434\n|gametype|doubles\n|player|p1|TheNutmeg33|170|1277\n|player|p2|swaggymx|winona|1246\n|teamsize|p1|6\n|teamsize|p2|6\n|gen|9\n|tier|[Gen 9] VGC 2023 Regulation C\n|rated|\n|rule|Species Clause: Limit one of each Pok\u00e9mon\n|rule|Item Clause: Limit one of each item\n|clearpoke\n|poke|p1|Iron Bundle, L50|\n|poke|p1|Flutter Mane, L50|\n|poke|p1|Baxcalibur, L50, F|\n|poke|p1|Palafin, L50, M|\n|poke|p1|Abomasnow, L50, F|\n|poke|p1|Arcanine, L50, F|\n|poke|p2|Pelipper, L50, M|\n|poke|p2|Barraskewda, L50, M|\n|poke|p2|Palafin, L50, F|\n|poke|p2|Amoonguss, L50, F|\n|poke|p2|Kingambit, L50, F|\n|poke|p2|Ting-Lu, L50|\n|teampreview|4\nswaggymx has agreed to open team sheets.\n|inactive|Battle timer is ON: inactive players will automatically lose when time's up. (requested by swaggymx)\n|\n|t:|1683843443\n|start\n|switch|p1a: Palafin|Palafin, L50, M, shiny|100\/100\n|switch|p1b: Iron Bundle|Iron Bundle, L50, shiny|100\/100\n|switch|p2a: Barraskewda|Barraskewda, L50, M, shiny|100\/100\n|switch|p2b: Palafin|Palafin, L50, F, shiny|100\/100\n|turn|1\n|\n|t:|1683843461\n|detailschange|p2b: Palafin|Palafin-Hero, L50, F, shiny\n|switch|p2b: Pelipper|Pelipper, L50, M|100\/100\n|-weather|RainDance|[from] ability: Drizzle|[of] p2b: Pelipper\n|detailschange|p1a: Palafin|Palafin-Hero, L50, M, shiny\n|switch|p1a: Abomasnow|Abomasnow, L50, F, shiny|100\/100\n|-weather|Snow|[from] ability: Snow Warning|[of] p1a: Abomasnow\n|move|p1b: Iron Bundle|Freeze-Dry|p2a: Barraskewda\n|-supereffective|p2a: Barraskewda\n|-enditem|p2a: Barraskewda|Focus Sash\n|-damage|p2a: Barraskewda|1\/100\n|move|p2a: Barraskewda|Close Combat|p1b: Iron Bundle\n|-supereffective|p1b: Iron Bundle\n|-damage|p1b: Iron Bundle|29\/100\n|-unboost|p2a: Barraskewda|def|1\n|-unboost|p2a: Barraskewda|spd|1\n|\n|-weather|Snow|[upkeep]\n|upkeep\n|turn|2\n|inactive|TheNutmeg33 has 30 seconds left.\n|\n|t:|1683843487\n|switch|p2b: Amoonguss|Amoonguss, L50, F|100\/100\n|move|p2a: Barraskewda|Protect|p2a: Barraskewda\n|-singleturn|p2a: Barraskewda|Protect\n|move|p1b: Iron Bundle|Freeze-Dry|p2b: Amoonguss\n|-supereffective|p2b: Amoonguss\n|-damage|p2b: Amoonguss|35\/100\n|-enditem|p2b: Amoonguss|Sitrus Berry|[eat]\n|-heal|p2b: Amoonguss|59\/100|[from] item: Sitrus Berry\n|move|p1a: Abomasnow|Blizzard|p2a: Barraskewda|[spread] p2b\n|-activate|p2a: Barraskewda|move: Protect\n|-supereffective|p2b: Amoonguss\n|-damage|p2b: Amoonguss|0 fnt\n|faint|p2b: Amoonguss\n|\n|-weather|Snow|[upkeep]\n|upkeep\n|\n|t:|1683843502\n|switch|p2b: Pelipper|Pelipper, L50, M|100\/100\n|-weather|RainDance|[from] ability: Drizzle|[of] p2b: Pelipper\n|turn|3\n|\n|t:|1683843515\n|switch|p2b: Palafin|Palafin-Hero, L50, F, shiny|100\/100\n|-activate|p2b: Palafin|ability: Zero to Hero\n|switch|p1a: Baxcalibur|Baxcalibur, L50, F|100\/100\n|move|p2a: Barraskewda|Liquidation|p1b: Iron Bundle\n|-resisted|p1b: Iron Bundle\n|-damage|p1b: Iron Bundle|0 fnt\n|faint|p1b: Iron Bundle\n|-end|p1b: Iron Bundle|Quark Drive|[silent]\n|\n|-weather|RainDance|[upkeep]\n|upkeep\n|\n|t:|1683843525\n|switch|p1b: Abomasnow|Abomasnow, L50, F, shiny|100\/100\n|-weather|Snow|[from] ability: Snow Warning|[of] p1b: Abomasnow\n|turn|4\n|\n|t:|1683843550\n|switch|p2a: Pelipper|Pelipper, L50, M|100\/100\n|-weather|RainDance|[from] ability: Drizzle|[of] p2a: Pelipper\n|-terastallize|p2b: Palafin|Water\n|move|p2b: Palafin|Wave Crash|p1b: Abomasnow\n|-resisted|p1b: Abomasnow\n|-damage|p1b: Abomasnow|2\/100\n|-damage|p2b: Palafin|68\/100|[from] Recoil\n|move|p1a: Baxcalibur|Glaive Rush|p2b: Palafin\n|-damage|p2b: Palafin|0 fnt\n|-singlemove|p1a: Baxcalibur|Glaive Rush|[silent]\n|faint|p2b: Palafin\n|move|p1b: Abomasnow|Blizzard|p2a: Pelipper\n|-damage|p2a: Pelipper|30\/100\n|\n|-weather|RainDance|[upkeep]\n|-heal|p1b: Abomasnow|8\/100|[from] item: Leftovers\n|upkeep\n|\n|t:|1683843566\n|switch|p2b: Barraskewda|Barraskewda, L50, M, shiny|1\/100\n|turn|5\n|\n|t:|1683843587\n|move|p1a: Baxcalibur|Ice Shard|p2a: Pelipper\n|-damage|p2a: Pelipper|3\/100\n|move|p2b: Barraskewda|Close Combat|p1a: Baxcalibur\n|-supereffective|p1a: Baxcalibur\n|-damage|p1a: Baxcalibur|17\/100\n|-unboost|p2b: Barraskewda|def|1\n|-unboost|p2b: Barraskewda|spd|1\n|move|p2a: Pelipper|Hurricane|p1b: Abomasnow\n|-supereffective|p1b: Abomasnow\n|-damage|p1b: Abomasnow|0 fnt\n|faint|p1b: Abomasnow\n|\n|-weather|RainDance|[upkeep]\n|upkeep\n|\n|t:|1683843598\n|switch|p1b: Palafin|Palafin-Hero, L50, M, shiny|100\/100\n|-activate|p1b: Palafin|ability: Zero to Hero\n|turn|6\n|-message|swaggymx forfeited.\n|\n|win|TheNutmeg33\n|raw|TheNutmeg33's rating: 1277 → 1300<\/strong> (+23 for winning)\n|raw|swaggymx's rating: 1246 → 1223<\/strong> (-23 for losing)\n|l|\u2606swaggymx\n","uploadtime":1683843613,"views":9,"p1id":"thenutmeg33","p2id":"swaggymx","formatid":"gen9vgc2023regulationc","rating":1223,"private":0,"password":""}