{"id":"gen9vgc2023regulationc-1857552418","p1":"ggwalton","p2":"StVero","format":"[Gen 9] VGC 2023 Regulation C","log":"|j|\u2606ggwalton\n|j|\u2606StVero\n|t:|1683207561\n|gametype|doubles\n|player|p1|ggwalton|fisherman|1286\n|player|p2|StVero|170|1358\n|teamsize|p1|6\n|teamsize|p2|6\n|gen|9\n|tier|[Gen 9] VGC 2023 Regulation C\n|rated|\n|rule|Species Clause: Limit one of each Pok\u00e9mon\n|rule|Item Clause: Limit one of each item\n|clearpoke\n|poke|p1|Lilligant, L50, F|\n|poke|p1|Torkoal, L50, F|\n|poke|p1|Flutter Mane, L50|\n|poke|p1|Kingambit, L50, F|\n|poke|p1|Dragonite, L50, F|\n|poke|p1|Great Tusk, L50|\n|poke|p2|Flutter Mane, L50|\n|poke|p2|Chi-Yu, L50|\n|poke|p2|Iron Bundle, L50|\n|poke|p2|Amoonguss, L50, F|\n|poke|p2|Dondozo, L50, F|\n|poke|p2|Tatsugiri, L50, M|\n|teampreview|4\n|\n|t:|1683207576\n|start\n|switch|p1a: Torkoal|Torkoal, L50, F, shiny|100\/100\n|switch|p1b: Flutter|Flutter Mane, L50, shiny|100\/100\n|switch|p2a: Iron Bundle|Iron Bundle, L50|100\/100\n|switch|p2b: Dondozo|Dondozo, L50, F|100\/100\n|-weather|SunnyDay|[from] ability: Drought|[of] p1a: Torkoal\n|-activate|p1b: Flutter|ability: Protosynthesis\n|-start|p1b: Flutter|protosynthesisspa\n|-enditem|p2a: Iron Bundle|Booster Energy\n|-activate|p2a: Iron Bundle|ability: Quark Drive|[fromitem]\n|-start|p2a: Iron Bundle|quarkdrivespe\n|turn|1\n|inactive|Battle timer is ON: inactive players will automatically lose when time's up. (requested by StVero)\n|\n|t:|1683207599\n|-terastallize|p2b: Dondozo|Ground\n|move|p2a: Iron Bundle|Flip Turn|p2b: Dondozo\n|-supereffective|p2b: Dondozo\n|-damage|p2b: Dondozo|92\/100\n|-enditem|p2b: Dondozo|Weakness Policy\n|-boost|p2b: Dondozo|atk|2|[from] item: Weakness Policy\n|-boost|p2b: Dondozo|spa|2|[from] item: Weakness Policy\n|\n|t:|1683207606\n|-end|p2a: Iron Bundle|Quark Drive|[silent]\n|switch|p2a: Tatsugiri|Tatsugiri, L50, M|100\/100|[from] Flip Turn\n|-activate|p2a: Tatsugiri|ability: Commander|[of] p2b: Dondozo\n|-boost|p2b: Dondozo|atk|2\n|-boost|p2b: Dondozo|spa|2\n|-boost|p2b: Dondozo|spe|2\n|-boost|p2b: Dondozo|def|2\n|-boost|p2b: Dondozo|spd|2\n|move|p2b: Dondozo|Earthquake|p1a: Torkoal|[spread] p1a,p1b\n|-miss|p2b: Dondozo|p2a: Tatsugiri\n|-supereffective|p1a: Torkoal\n|-damage|p1a: Torkoal|0 fnt\n|-damage|p1b: Flutter|0 fnt\n|faint|p1a: Torkoal\n|faint|p1b: Flutter\n|-end|p1b: Flutter|Protosynthesis|[silent]\n|\n|-weather|SunnyDay|[upkeep]\n|upkeep\n|c|\u2606ggwalton|Lol cute\n|\n|t:|1683207622\n|switch|p1b: Dragonite|Dragonite, L50, F|100\/100\n|switch|p1a: Tusk|Great Tusk, L50, shiny|100\/100\n|-activate|p1a: Tusk|ability: Protosynthesis\n|-start|p1a: Tusk|protosynthesisatk\n|turn|2\n|\n|t:|1683207637\n|move|p1a: Tusk|Close Combat|p2b: Dondozo\n|-damage|p2b: Dondozo|63\/100\n|-unboost|p1a: Tusk|def|1\n|-unboost|p1a: Tusk|spd|1\n|move|p2b: Dondozo|Earthquake|p1a: Tusk|[spread] p1a\n|-miss|p2b: Dondozo|p2a: Tatsugiri\n|-immune|p1b: Dragonite\n|-damage|p1a: Tusk|29\/100\n|move|p1b: Dragonite|Ice Spinner|p2b: Dondozo\n|-supereffective|p2b: Dondozo\n|-damage|p2b: Dondozo|41\/100\n|\n|-weather|SunnyDay|[upkeep]\n|upkeep\n|turn|3\n|\n|t:|1683207655\n|move|p1b: Dragonite|Extreme Speed|p2b: Dondozo\n|-damage|p2b: Dondozo|29\/100\n|move|p1a: Tusk|Close Combat|p2b: Dondozo\n|-damage|p2b: Dondozo|0 fnt\n|-unboost|p1a: Tusk|def|1\n|-unboost|p1a: Tusk|spd|1\n|faint|p2b: Dondozo\n|\n|-weather|SunnyDay|[upkeep]\n|upkeep\n|\n|t:|1683207664\n|switch|p2b: Iron Bundle|Iron Bundle, L50|100\/100\n|turn|4\n|\n|t:|1683207680\n|move|p1a: Tusk|Close Combat|p2b: Iron Bundle\n|-supereffective|p2b: Iron Bundle\n|-damage|p2b: Iron Bundle|0 fnt\n|-unboost|p1a: Tusk|def|1\n|-unboost|p1a: Tusk|spd|1\n|faint|p2b: Iron Bundle\n|-end|p2b: Iron Bundle|Quark Drive|[silent]\n|move|p2a: Tatsugiri|Draco Meteor|p1b: Dragonite\n|-supereffective|p1b: Dragonite\n|-damage|p1b: Dragonite|35\/100\n|-unboost|p2a: Tatsugiri|spa|2\n|move|p1b: Dragonite|Ice Spinner|p2a: Tatsugiri\n|-damage|p2a: Tatsugiri|45\/100\n|\n|-weather|SunnyDay|[upkeep]\n|upkeep\n|\n|t:|1683207689\n|switch|p2b: Flutter Mane|Flutter Mane, L50|100\/100\n|-activate|p2b: Flutter Mane|ability: Protosynthesis\n|-start|p2b: Flutter Mane|protosynthesisspe\n|turn|5\n|\n|t:|1683207710\n|-terastallize|p1b: Dragonite|Flying\n|move|p2b: Flutter Mane|Moonblast|p1b: Dragonite\n|-damage|p1b: Dragonite|0 fnt\n|faint|p1b: Dragonite\n|-damage|p2b: Flutter Mane|90\/100|[from] item: Life Orb\n|move|p1a: Tusk|Close Combat|p2a: Tatsugiri\n|-damage|p2a: Tatsugiri|0 fnt\n|-unboost|p1a: Tusk|def|1\n|-unboost|p1a: Tusk|spd|1\n|faint|p2a: Tatsugiri\n|\n|-weather|none\n|-end|p2b: Flutter Mane|Protosynthesis\n|-end|p1a: Tusk|Protosynthesis\n|upkeep\n|turn|6\n|c|\u2606StVero|Ggs\n|c|\u2606ggwalton|Gg\n|-message|ggwalton forfeited.\n|\n|win|StVero\n|raw|ggwalton's rating: 1286 → 1266<\/strong> (-20 for losing)\n|raw|StVero's rating: 1358 → 1374<\/strong> (+16 for winning)\n|l|\u2606ggwalton\n","uploadtime":1683207737,"views":12,"p1id":"ggwalton","p2id":"stvero","formatid":"gen9vgc2023regulationc","rating":1266,"private":0,"password":""}