{"id":"gen9vgc2023regulationc-1856796415","p1":"pirruz","p2":"Chosentolose","format":"[Gen 9] VGC 2023 Regulation C","log":"|j|\u2606pirruz\n|j|\u2606Chosentolose\n|t:|1683112759\n|gametype|doubles\n|player|p1|pirruz|juan|1188\n|player|p2|Chosentolose|interviewers|1202\n|teamsize|p1|6\n|teamsize|p2|6\n|gen|9\n|tier|[Gen 9] VGC 2023 Regulation C\n|rated|\n|rule|Species Clause: Limit one of each Pok\u00e9mon\n|rule|Item Clause: Limit one of each item\n|clearpoke\n|poke|p1|Chi-Yu, L50|\n|poke|p1|Flutter Mane, L50|\n|poke|p1|Amoonguss, L50, M|\n|poke|p1|Gyarados, L50, M|\n|poke|p1|Dragonite, L50, M|\n|poke|p1|Kingambit, L50, M|\n|poke|p2|Annihilape, L50, F|\n|poke|p2|Maushold-Four, L50|\n|poke|p2|Amoonguss, L50, M|\n|poke|p2|Arcanine, L50, M|\n|poke|p2|Sylveon, L50, M|\n|poke|p2|Iron Bundle, L50|\n|teampreview|4\n|inactive|Battle timer is ON: inactive players will automatically lose when time's up. (requested by pirruz)\n|inactive|pirruz has 60 seconds left.\n|inactive|Chosentolose has 60 seconds left.\nChosentolose rejected open team sheets.\n|\n|t:|1683112816\n|start\n|switch|p1a: Flutter Mane|Flutter Mane, L50|100\/100\n|switch|p1b: Amoonguss|Amoonguss, L50, M|100\/100\n|switch|p2a: Arcanine|Arcanine, L50, M|100\/100\n|switch|p2b: Iron Bundle|Iron Bundle, L50|100\/100\n|-ability|p2a: Arcanine|Intimidate|boost\n|-unboost|p1a: Flutter Mane|atk|1\n|-unboost|p1b: Amoonguss|atk|1\n|-enditem|p2b: Iron Bundle|Booster Energy\n|-activate|p2b: Iron Bundle|ability: Quark Drive|[fromitem]\n|-start|p2b: Iron Bundle|quarkdrivespe\n|-enditem|p1a: Flutter Mane|Booster Energy\n|-activate|p1a: Flutter Mane|ability: Protosynthesis|[fromitem]\n|-start|p1a: Flutter Mane|protosynthesisspe\n|turn|1\n|inactive|pirruz has 30 seconds left.\n|inactive|pirruz has 20 seconds left.\n|\n|t:|1683112852\n|-terastallize|p1b: Amoonguss|Poison\n|move|p2b: Iron Bundle|Protect|p2b: Iron Bundle\n|-singleturn|p2b: Iron Bundle|Protect\n|move|p1a: Flutter Mane|Shadow Ball|p2a: Arcanine\n|-damage|p2a: Arcanine|53\/100\n|-unboost|p2a: Arcanine|spd|1\n|move|p2a: Arcanine|Flare Blitz|p1b: Amoonguss\n|-damage|p1b: Amoonguss|52\/100\n|-damage|p2a: Arcanine|35\/100|[from] Recoil\n|move|p1b: Amoonguss|Spore|p2b: Iron Bundle\n|-activate|p2b: Iron Bundle|move: Protect\n|\n|upkeep\n|turn|2\n|inactive|pirruz has 30 seconds left.\n|inactive|pirruz has 20 seconds left.\n|\n|t:|1683112889\n|move|p2b: Iron Bundle|Icy Wind|p1b: Amoonguss|[spread] p1b\n|-miss|p2b: Iron Bundle|p1a: Flutter Mane\n|-damage|p1b: Amoonguss|35\/100\n|-unboost|p1b: Amoonguss|spe|1\n|move|p1a: Flutter Mane|Shadow Ball|p2a: Arcanine\n|-damage|p2a: Arcanine|0 fnt\n|faint|p2a: Arcanine\n|move|p1b: Amoonguss|Spore|p2b: Iron Bundle\n|-status|p2b: Iron Bundle|slp|[from] move: Spore\n|\n|upkeep\n|\n|t:|1683112900\n|switch|p2a: Maushold|Maushold-Four, L50|100\/100\n|turn|3\n|\n|t:|1683112915\n|switch|p1b: Kingambit|Kingambit, L50, M|100\/100\n|cant|p2b: Iron Bundle|slp\n|move|p1a: Flutter Mane|Shadow Ball|p2b: Iron Bundle\n|-damage|p2b: Iron Bundle|30\/100 slp\n|move|p2a: Maushold|Taunt|p1b: Kingambit\n|-start|p1b: Kingambit|move: Taunt\n|\n|upkeep\n|turn|4\n|\n|t:|1683112933\n|move|p2a: Maushold|Protect|p2a: Maushold\n|-singleturn|p2a: Maushold|Protect\n|cant|p2b: Iron Bundle|slp\n|move|p1a: Flutter Mane|Shadow Ball|p2b: Iron Bundle\n|-damage|p2b: Iron Bundle|0 fnt\n|faint|p2b: Iron Bundle\n|-end|p2b: Iron Bundle|Quark Drive|[silent]\n|move|p1b: Kingambit|Kowtow Cleave|p2a: Maushold\n|-activate|p2a: Maushold|move: Protect\n|\n|upkeep\n|\n|t:|1683112940\n|switch|p2b: Annihilape|Annihilape, L50, F|100\/100\n|turn|5\n|\n|t:|1683112958\n|-terastallize|p2b: Annihilape|Steel\n|move|p1a: Flutter Mane|Moonblast|p2b: Annihilape\n|-resisted|p2b: Annihilape\n|-damage|p2b: Annihilape|85\/100\n|-unboost|p2b: Annihilape|spa|1\n|-ability|p2b: Annihilape|Defiant|boost\n|-boost|p2b: Annihilape|atk|2\n|move|p2a: Maushold|Population Bomb|p2b: Annihilape\n|-resisted|p2b: Annihilape\n|-damage|p2b: Annihilape|83\/100\n|-resisted|p2b: Annihilape\n|-damage|p2b: Annihilape|81\/100\n|-resisted|p2b: Annihilape\n|-damage|p2b: Annihilape|79\/100\n|-resisted|p2b: Annihilape\n|-damage|p2b: Annihilape|77\/100\n|-resisted|p2b: Annihilape\n|-damage|p2b: Annihilape|76\/100\n|-resisted|p2b: Annihilape\n|-damage|p2b: Annihilape|74\/100\n|-resisted|p2b: Annihilape\n|-crit|p2b: Annihilape\n|-damage|p2b: Annihilape|71\/100\n|-resisted|p2b: Annihilape\n|-damage|p2b: Annihilape|69\/100\n|-resisted|p2b: Annihilape\n|-damage|p2b: Annihilape|67\/100\n|-resisted|p2b: Annihilape\n|-damage|p2b: Annihilape|65\/100\n|-hitcount|p2b: Annihilape|10\n|move|p2b: Annihilape|Rage Fist|p1a: Flutter Mane\n|-supereffective|p1a: Flutter Mane\n|-damage|p1a: Flutter Mane|0 fnt\n|faint|p1a: Flutter Mane\n|-end|p1a: Flutter Mane|Protosynthesis|[silent]\n|move|p1b: Kingambit|Kowtow Cleave|p2a: Maushold\n|-damage|p2a: Maushold|36\/100\n|\n|-heal|p2b: Annihilape|71\/100|[from] item: Leftovers\n|-end|p1b: Kingambit|move: Taunt\n|upkeep\n|inactive|pirruz has 30 seconds left.\n|inactive|pirruz has 20 seconds left.\n|inactive|pirruz has 15 seconds left.\n|inactive|pirruz has 10 seconds left.\n|\n|t:|1683113007\n|switch|p1a: Dragonite|Dragonite, L50, M|100\/100\n|turn|6\n|\n|t:|1683113030\n|move|p2a: Maushold|Follow Me|p2a: Maushold\n|-singleturn|p2a: Maushold|move: Follow Me\n|move|p2b: Annihilape|Rage Fist|p1a: Dragonite\n|-damage|p1a: Dragonite|0 fnt\n|faint|p1a: Dragonite\n|move|p1b: Kingambit|Low Kick|p2a: Maushold\n|-supereffective|p2a: Maushold\n|-damage|p2a: Maushold|15\/100\n|\n|-heal|p2b: Annihilape|77\/100|[from] item: Leftovers\n|upkeep\n|\n|t:|1683113040\n|switch|p1a: Amoonguss|Amoonguss, L50, M, tera:Poison|68\/100\n|turn|7\n|\n|t:|1683113050\n|move|p1a: Amoonguss|Protect|p1a: Amoonguss\n|-singleturn|p1a: Amoonguss|Protect\n|move|p2a: Maushold|Taunt|p1a: Amoonguss\n|-activate|p1a: Amoonguss|move: Protect\n|move|p2b: Annihilape|Drain Punch|p1b: Kingambit\n|-supereffective|p1b: Kingambit\n|-damage|p1b: Kingambit|0 fnt\n|-heal|p2b: Annihilape|100\/100|[from] drain|[of] p1b: Kingambit\n|faint|p1b: Kingambit\n|\n|upkeep\n|turn|8\n|\n|t:|1683113063\n|move|p2a: Maushold|Taunt|p1a: Amoonguss\n|-start|p1a: Amoonguss|move: Taunt\n|move|p2b: Annihilape|Rage Fist|p1a: Amoonguss\n|-damage|p1a: Amoonguss|0 fnt\n|faint|p1a: Amoonguss\n|\n|win|Chosentolose\n|raw|pirruz's rating: 1188 → 1164<\/strong> (-24 for losing)\n|raw|Chosentolose's rating: 1202 → 1226<\/strong> (+24 for winning)\n|l|\u2606pirruz\n","uploadtime":1683113071,"views":16,"p1id":"pirruz","p2id":"chosentolose","formatid":"gen9vgc2023regulationc","rating":1164,"private":0,"password":""}