{"id":"gen9vgc2023regulationc-1847834679","p1":"knight8512","p2":"Yute","format":"[Gen 9] VGC 2023 Regulation C","log":"|j|\u2606knight8512\n|j|\u2606Yute\n|t:|1682005814\n|gametype|doubles\n|player|p1|knight8512|boarder|1151\n|player|p2|Yute|brock|1173\n|teamsize|p1|6\n|teamsize|p2|6\n|gen|9\n|tier|[Gen 9] VGC 2023 Regulation C\n|rated|\n|rule|Species Clause: Limit one of each Pok\u00e9mon\n|rule|Item Clause: Limit one of each item\n|clearpoke\n|poke|p1|Garchomp, L50, F|\n|poke|p1|Gyarados, L50, F|\n|poke|p1|Flutter Mane, L50|\n|poke|p1|Talonflame, L50, M|\n|poke|p1|Amoonguss, L50, M|\n|poke|p1|Chien-Pao, L50|\n|poke|p2|Tyranitar, L50, F|\n|poke|p2|Lycanroc, L50, F|\n|poke|p2|Ceruledge, L50, F|\n|poke|p2|Wo-Chien, L50|\n|poke|p2|Farigiraf, L50, F|\n|poke|p2|Corviknight, L50, M|\n|teampreview|4\n|\n|t:|1682005848\n|start\n|switch|p1a: Talonflame|Talonflame, L50, M|100\/100\n|switch|p1b: Garchomp|Garchomp, L50, F|100\/100\n|switch|p2a: Corviknight|Corviknight, L50, M|100\/100\n|switch|p2b: Wo-Chien|Wo-Chien, L50|100\/100\n|-ability|p2b: Wo-Chien|Tablets of Ruin\n|turn|1\n|\n|t:|1682005874\n|-terastallize|p1b: Garchomp|Fire\n|move|p1a: Talonflame|Taunt|p2b: Wo-Chien\n|-start|p2b: Wo-Chien|move: Taunt\n|move|p1b: Garchomp|Fire Fang|p2a: Corviknight\n|-supereffective|p2a: Corviknight\n|-damage|p2a: Corviknight|43\/100\n|-damage|p1b: Garchomp|91\/100|[from] item: Life Orb\n|cant|p2b: Wo-Chien|move: Taunt|Leech Seed\n|move|p2a: Corviknight|Bulk Up|p2a: Corviknight\n|-boost|p2a: Corviknight|atk|1\n|-boost|p2a: Corviknight|def|1\n|\n|-heal|p2a: Corviknight|49\/100|[from] item: Leftovers\n|upkeep\n|turn|2\n|\n|t:|1682005907\n|move|p1a: Talonflame|Will-O-Wisp|p2a: Corviknight|[miss]\n|-miss|p1a: Talonflame|p2a: Corviknight\n|move|p1b: Garchomp|Fire Fang|p2a: Corviknight\n|-supereffective|p2a: Corviknight\n|-damage|p2a: Corviknight|11\/100\n|-damage|p1b: Garchomp|81\/100|[from] item: Life Orb\n|move|p2b: Wo-Chien|Pollen Puff|p2a: Corviknight\n|-heal|p2a: Corviknight|61\/100\n|move|p2a: Corviknight|Bulk Up|p2a: Corviknight\n|-boost|p2a: Corviknight|atk|1\n|-boost|p2a: Corviknight|def|1\n|\n|-heal|p2a: Corviknight|67\/100|[from] item: Leftovers\n|upkeep\n|turn|3\n|\n|t:|1682005937\n|switch|p1b: Chien-Pao|Chien-Pao, L50|100\/100\n|-ability|p1b: Chien-Pao|Sword of Ruin\n|move|p1a: Talonflame|Taunt|p2a: Corviknight\n|-start|p2a: Corviknight|move: Taunt\n|move|p2b: Wo-Chien|Pollen Puff|p2a: Corviknight\n|-heal|p2a: Corviknight|100\/100\n|move|p2a: Corviknight|Brave Bird|p1a: Talonflame\n|-damage|p1a: Talonflame|0 fnt\n|faint|p1a: Talonflame\n|-damage|p2a: Corviknight|76\/100|[from] Recoil\n|\n|-heal|p2a: Corviknight|82\/100|[from] item: Leftovers\n|-end|p2b: Wo-Chien|move: Taunt\n|upkeep\n|\n|t:|1682005958\n|switch|p1a: Garchomp|Garchomp, L50, F, tera:Fire|81\/100\n|turn|4\n|\n|t:|1682005974\n|-terastallize|p2b: Wo-Chien|Poison\n|move|p1b: Chien-Pao|Haze|p1b: Chien-Pao\n|-clearallboost\n|move|p1a: Garchomp|Fire Fang|p2a: Corviknight\n|-supereffective|p2a: Corviknight\n|-damage|p2a: Corviknight|4\/100\n|-damage|p1a: Garchomp|72\/100|[from] item: Life Orb\n|move|p2b: Wo-Chien|Leech Seed|p1a: Garchomp\n|-start|p1a: Garchomp|move: Leech Seed\n|cant|p2a: Corviknight|flinch\n|\n|-heal|p2a: Corviknight|10\/100|[from] item: Leftovers\n|-damage|p1a: Garchomp|60\/100|[from] Leech Seed|[of] p2b: Wo-Chien\n|upkeep\n|turn|5\n|\n|t:|1682006008\n|switch|p1a: Flutter Mane|Flutter Mane, L50|100\/100\n|move|p1b: Chien-Pao|Ice Spinner|p2a: Corviknight\n|-damage|p2a: Corviknight|0 fnt\n|faint|p2a: Corviknight\n|move|p2b: Wo-Chien|Pollen Puff|p2: Corviknight|[notarget]\n|-fail|p2b: Wo-Chien\n|\n|upkeep\n|\n|t:|1682006019\n|switch|p2a: Lycanroc|Lycanroc, L50, F|100\/100\n|turn|6\n|\n|t:|1682006041\n|switch|p2b: Tyranitar|Tyranitar, L50, F|100\/100\n|-weather|Sandstorm|[from] ability: Sand Stream|[of] p2b: Tyranitar\n|move|p2a: Lycanroc|Rock Slide|p1b: Chien-Pao|[spread] p1a,p1b\n|-supereffective|p1b: Chien-Pao\n|-damage|p1a: Flutter Mane|45\/100\n|-damage|p1b: Chien-Pao|27\/100\n|move|p1b: Chien-Pao|Ice Spinner|p2a: Lycanroc\n|-damage|p2a: Lycanroc|14\/100\n|move|p1a: Flutter Mane|Psyshock|p2b: Tyranitar\n|-immune|p2b: Tyranitar\n|\n|-weather|Sandstorm|[upkeep]\n|-damage|p1b: Chien-Pao|22\/100|[from] Sandstorm\n|-damage|p1a: Flutter Mane|39\/100|[from] Sandstorm\n|upkeep\n|turn|7\n|\n|t:|1682006069\n|-end|p1a: Flutter Mane|Protosynthesis|[silent]\n|switch|p1a: Garchomp|Garchomp, L50, F, tera:Fire|60\/100\n|switch|p2b: Wo-Chien|Wo-Chien, L50, tera:Poison|100\/100\n|-ability|p2b: Wo-Chien|Tablets of Ruin\n|move|p1b: Chien-Pao|Sucker Punch|p2a: Lycanroc\n|-damage|p2a: Lycanroc|0 fnt\n|faint|p2a: Lycanroc\n|\n|-weather|Sandstorm|[upkeep]\n|-damage|p1b: Chien-Pao|16\/100|[from] Sandstorm\n|-damage|p1a: Garchomp|54\/100|[from] Sandstorm\n|-damage|p2b: Wo-Chien|95\/100|[from] Sandstorm\n|upkeep\n|\n|t:|1682006083\n|switch|p2a: Tyranitar|Tyranitar, L50, F|100\/100\n|turn|8\n|\n|t:|1682006097\n|move|p1b: Chien-Pao|Protect|p1b: Chien-Pao\n|-singleturn|p1b: Chien-Pao|Protect\n|move|p2b: Wo-Chien|Protect|p2b: Wo-Chien\n|-singleturn|p2b: Wo-Chien|Protect\n|move|p1a: Garchomp|Earthquake|p2a: Tyranitar|[spread] p2a\n|-activate|p1b: Chien-Pao|move: Protect\n|-activate|p2b: Wo-Chien|move: Protect\n|-supereffective|p2a: Tyranitar\n|-damage|p2a: Tyranitar|21\/100\n|-damage|p1a: Garchomp|44\/100|[from] item: Life Orb\n|move|p2a: Tyranitar|Rock Slide|p1b: Chien-Pao|[spread] p1a\n|-activate|p1b: Chien-Pao|move: Protect\n|-supereffective|p1a: Garchomp\n|-damage|p1a: Garchomp|0 fnt\n|faint|p1a: Garchomp\n|\n|-weather|Sandstorm|[upkeep]\n|-damage|p1b: Chien-Pao|10\/100|[from] Sandstorm\n|-damage|p2b: Wo-Chien|89\/100|[from] Sandstorm\n|upkeep\n|\n|t:|1682006118\n|switch|p1a: Flutter Mane|Flutter Mane, L50|39\/100\n|turn|9\n|\n|t:|1682006136\n|move|p1b: Chien-Pao|Ice Spinner|p2a: Tyranitar\n|-damage|p2a: Tyranitar|0 fnt\n|faint|p2a: Tyranitar\n|move|p1a: Flutter Mane|Psyshock|p2b: Wo-Chien\n|-supereffective|p2b: Wo-Chien\n|-damage|p2b: Wo-Chien|0 fnt\n|faint|p2b: Wo-Chien\n|\n|win|knight8512\n|raw|knight8512's rating: 1151 → 1178<\/strong> (+27 for winning)\n|raw|Yute's rating: 1173 → 1146<\/strong> (-27 for losing)\n|l|\u2606Yute\n","uploadtime":1682006183,"views":13,"p1id":"knight8512","p2id":"yute","formatid":"gen9vgc2023regulationc","rating":1146,"private":0,"password":""}