{"id":"gen9vgc2023regulationc-1848833651","p1":"MrChkn","p2":"Entrenador2806","format":"[Gen 9] VGC 2023 Regulation C","log":"|j|\u2606MrChkn\n|j|\u2606Entrenador2806\n|t:|1682115411\n|gametype|doubles\n|player|p1|MrChkn|101|1113\n|player|p2|Entrenador2806|2|1183\n|teamsize|p1|6\n|teamsize|p2|6\n|gen|9\n|tier|[Gen 9] VGC 2023 Regulation C\n|rated|\n|rule|Species Clause: Limit one of each Pok\u00e9mon\n|rule|Item Clause: Limit one of each item\n|clearpoke\n|poke|p1|Iron Moth, L50|\n|poke|p1|Flutter Mane, L50|\n|poke|p1|Farigiraf, L50, M|\n|poke|p1|Gothitelle, L50, F|\n|poke|p1|Palafin, L50, F|\n|poke|p1|Dragapult, L50, M|\n|poke|p2|Flutter Mane, L50|\n|poke|p2|Arcanine, L50, M|\n|poke|p2|Palafin, L50, F|\n|poke|p2|Amoonguss, L50, M|\n|poke|p2|Ting-Lu, L50|\n|poke|p2|Corviknight, L50, M|\n|teampreview|4\nEntrenador2806 has agreed to open team sheets.\nMrChkn has agreed to open team sheets.\n|inactive|Battle timer is ON: inactive players will automatically lose when time's up. (requested by MrChkn)\n|inactive|Entrenador2806 has 60 seconds left.\n|\n|t:|1682115623\n|start\n|switch|p1a: Gothitelle|Gothitelle, L50, F|100\/100\n|switch|p1b: Iron Moth|Iron Moth, L50|100\/100\n|switch|p2a: Flutter Mane|Flutter Mane, L50|100\/100\n|switch|p2b: Corviknight|Corviknight, L50, M|100\/100\n|-enditem|p2a: Flutter Mane|Booster Energy\n|-activate|p2a: Flutter Mane|ability: Protosynthesis|[fromitem]\n|-start|p2a: Flutter Mane|protosynthesisspa\n|-enditem|p1b: Iron Moth|Booster Energy\n|-activate|p1b: Iron Moth|ability: Quark Drive|[fromitem]\n|-start|p1b: Iron Moth|quarkdrivespa\n|turn|1\n|inactive|Entrenador2806 has 30 seconds left.\n|inactive|Entrenador2806 has 20 seconds left.\n|inactive|Entrenador2806 has 15 seconds left.\n|inactive|Entrenador2806 has 10 seconds left.\n|inactive|Entrenador2806 has 5 seconds left.\n|\n|t:|1682115675\n|-terastallize|p1b: Iron Moth|Fairy\n|-terastallize|p2b: Corviknight|Water\n|move|p1a: Gothitelle|Fake Out|p2b: Corviknight\n|-damage|p2b: Corviknight|95\/100\n|move|p2a: Flutter Mane|Shadow Ball|p1a: Gothitelle\n|-supereffective|p1a: Gothitelle\n|-damage|p1a: Gothitelle|0 fnt\n|faint|p1a: Gothitelle\n|move|p1b: Iron Moth|Fiery Dance|p2b: Corviknight\n|-resisted|p2b: Corviknight\n|-damage|p2b: Corviknight|66\/100\n|-boost|p1b: Iron Moth|spa|1\n|cant|p2b: Corviknight|flinch\n|\n|upkeep\n|\n|t:|1682115697\n|switch|p1a: Flutter Mane|Flutter Mane, L50|100\/100\n|turn|2\n|\n|t:|1682115714\n|move|p1a: Flutter Mane|Protect|p1a: Flutter Mane\n|-singleturn|p1a: Flutter Mane|Protect\n|move|p2a: Flutter Mane|Protect|p2a: Flutter Mane\n|-singleturn|p2a: Flutter Mane|Protect\n|move|p1b: Iron Moth|Discharge|p2a: Flutter Mane|[spread] p2b\n|-activate|p1a: Flutter Mane|move: Protect\n|-activate|p2a: Flutter Mane|move: Protect\n|-supereffective|p2b: Corviknight\n|-damage|p2b: Corviknight|0 fnt\n|faint|p2b: Corviknight\n|\n|upkeep\n|\n|t:|1682115731\n|switch|p2b: Ting-Lu|Ting-Lu, L50|100\/100\n|-ability|p2b: Ting-Lu|Vessel of Ruin\n|turn|3\n|inactive|Entrenador2806 has 30 seconds left.\n|inactive|Entrenador2806 has 20 seconds left.\n|inactive|Entrenador2806 has 15 seconds left.\n|inactive|Entrenador2806 has 10 seconds left.\n|\n|t:|1682115777\n|move|p1a: Flutter Mane|Shadow Ball|p2a: Flutter Mane\n|-supereffective|p2a: Flutter Mane\n|-damage|p2a: Flutter Mane|40\/100\n|move|p2a: Flutter Mane|Shadow Ball|p1a: Flutter Mane\n|-supereffective|p1a: Flutter Mane\n|-damage|p1a: Flutter Mane|11\/100\n|move|p1b: Iron Moth|Dazzling Gleam|p2b: Ting-Lu|[spread] p2a,p2b\n|-supereffective|p2b: Ting-Lu\n|-damage|p2a: Flutter Mane|0 fnt\n|-damage|p2b: Ting-Lu|44\/100\n|faint|p2a: Flutter Mane\n|-end|p2a: Flutter Mane|Protosynthesis|[silent]\n|move|p2b: Ting-Lu|Heavy Slam|p1b: Iron Moth\n|-supereffective|p1b: Iron Moth\n|-damage|p1b: Iron Moth|0 fnt\n|faint|p1b: Iron Moth\n|-end|p1b: Iron Moth|Quark Drive|[silent]\n|\n|upkeep\n|\n|t:|1682115794\n|switch|p2a: Arcanine|Arcanine, L50, M|100\/100\n|switch|p1b: Palafin|Palafin, L50, F|100\/100\n|-ability|p2a: Arcanine|Intimidate|boost\n|-unboost|p1a: Flutter Mane|atk|1\n|-unboost|p1b: Palafin|atk|1\n|turn|4\n|inactive|Entrenador2806 has 30 seconds left.\n|inactive|Entrenador2806 has 20 seconds left.\n|\n|t:|1682115831\n|move|p1a: Flutter Mane|Moonblast|p2b: Ting-Lu\n|-supereffective|p2b: Ting-Lu\n|-damage|p2b: Ting-Lu|4\/100\n|move|p1b: Palafin|Wave Crash|p2a: Arcanine\n|-supereffective|p2a: Arcanine\n|-damage|p2a: Arcanine|42\/100\n|-damage|p1b: Palafin|79\/100|[from] Recoil\n|move|p2a: Arcanine|Will-O-Wisp|p1b: Palafin\n|-status|p1b: Palafin|brn\n|-enditem|p1b: Palafin|Lum Berry|[eat]\n|-curestatus|p1b: Palafin|brn|[msg]\n|move|p2b: Ting-Lu|Heavy Slam|p1a: Flutter Mane\n|-supereffective|p1a: Flutter Mane\n|-damage|p1a: Flutter Mane|0 fnt\n|faint|p1a: Flutter Mane\n|-end|p1a: Flutter Mane|Protosynthesis|[silent]\n|\n|upkeep\n|turn|5\n|inactive|Entrenador2806 has 30 seconds left.\n|inactive|Entrenador2806 has 20 seconds left.\n|\n|t:|1682115866\n|move|p1b: Palafin|Wave Crash|p2a: Arcanine\n|-supereffective|p2a: Arcanine\n|-damage|p2a: Arcanine|0 fnt\n|faint|p2a: Arcanine\n|-damage|p1b: Palafin|63\/100|[from] Recoil\n|move|p2b: Ting-Lu|Stomping Tantrum|p1b: Palafin\n|-damage|p1b: Palafin|22\/100\n|\n|upkeep\n|turn|6\n|\n|t:|1682115877\n|move|p1b: Palafin|Jet Punch|p2b: Ting-Lu\n|-supereffective|p2b: Ting-Lu\n|-damage|p2b: Ting-Lu|0 fnt\n|faint|p2b: Ting-Lu\n|\n|win|MrChkn\n|raw|MrChkn's rating: 1113 → 1143<\/strong> (+30 for winning)\n|raw|Entrenador2806's rating: 1183 → 1153<\/strong> (-30 for losing)\n","uploadtime":1682115884,"views":8,"p1id":"mrchkn","p2id":"entrenador2806","formatid":"gen9vgc2023regulationc","rating":1143,"private":0,"password":""}