{"id":"gen9vgc2023regulationc-1845428857","p1":"Corvus731","p2":"99jiuli","format":"[Gen 9] VGC 2023 Regulation C","log":"|j|\u2606Corvus731\n|j|\u260699jiuli\n|t:|1681732084\n|gametype|doubles\n|player|p1|Corvus731|lyra|1137\n|player|p2|99jiuli|265|1045\n|teamsize|p1|6\n|teamsize|p2|6\n|gen|9\n|tier|[Gen 9] VGC 2023 Regulation C\n|rated|\n|rule|Species Clause: Limit one of each Pok\u00e9mon\n|rule|Item Clause: Limit one of each item\n|clearpoke\n|poke|p1|Chi-Yu, L50|\n|poke|p1|Flutter Mane, L50|\n|poke|p1|Kingambit, L50, M|\n|poke|p1|Amoonguss, L50, M|\n|poke|p1|Arcanine, L50, M|\n|poke|p1|Palafin, L50, F|\n|poke|p2|Torkoal, L50, F|\n|poke|p2|Lilligant, L50, F|\n|poke|p2|Dragonite, L50, M|\n|poke|p2|Chien-Pao, L50|\n|poke|p2|Great Tusk, L50|\n|poke|p2|Flutter Mane, L50|\n|teampreview|4\n|inactive|Battle timer is ON: inactive players will automatically lose when time's up. (requested by 99jiuli)\n|\n|t:|1681732117\n|start\n|switch|p1a: Arcanine|Arcanine, L50, M|100\/100\n|switch|p1b: Palafin|Palafin, L50, F|100\/100\n|switch|p2a: Lilligant|Lilligant, L50, F|100\/100\n|switch|p2b: Dragonite|Dragonite, L50, M|100\/100\n|-ability|p1a: Arcanine|Intimidate|boost\n|-unboost|p2a: Lilligant|atk|1\n|-unboost|p2b: Dragonite|atk|1\n|turn|1\n|\n|t:|1681732141\n|detailschange|p1b: Palafin|Palafin-Hero, L50, F\n|switch|p1b: Flutter Mane|Flutter Mane, L50|100\/100\n|switch|p2b: Torkoal|Torkoal, L50, F|100\/100\n|-weather|SunnyDay|[from] ability: Drought|[of] p2b: Torkoal\n|-activate|p1b: Flutter Mane|ability: Protosynthesis\n|-start|p1b: Flutter Mane|protosynthesisspe\n|move|p2a: Lilligant|Sleep Powder|p1a: Arcanine|[miss]\n|-miss|p2a: Lilligant|p1a: Arcanine\n|move|p1a: Arcanine|Will-O-Wisp|p2b: Torkoal\n|-immune|p2b: Torkoal\n|\n|-weather|SunnyDay|[upkeep]\n|upkeep\n|turn|2\n|inactive|99jiuli has 30 seconds left.\n|\n|t:|1681732167\n|-terastallize|p1b: Flutter Mane|Fairy\n|move|p2a: Lilligant|Sleep Powder|p1b: Flutter Mane\n|-status|p1b: Flutter Mane|slp|[from] move: Sleep Powder\n|cant|p1b: Flutter Mane|slp\n|move|p1a: Arcanine|Flare Blitz|p2a: Lilligant\n|-supereffective|p2a: Lilligant\n|-damage|p2a: Lilligant|0 fnt\n|faint|p2a: Lilligant\n|-damage|p1a: Arcanine|71\/100|[from] Recoil\n|move|p2b: Torkoal|Earth Power|p1a: Arcanine\n|-supereffective|p1a: Arcanine\n|-damage|p1a: Arcanine|30\/100\n|-enditem|p1a: Arcanine|Sitrus Berry|[eat]\n|-heal|p1a: Arcanine|55\/100|[from] item: Sitrus Berry\n|\n|-weather|SunnyDay|[upkeep]\n|upkeep\n|\n|t:|1681732185\n|switch|p2a: Dragonite|Dragonite, L50, M|100\/100\n|turn|3\n|\n|t:|1681732194\n|-end|p1b: Flutter Mane|Protosynthesis|[silent]\n|switch|p1b: Chi-Yu|Chi-Yu, L50|100\/100\n|-ability|p1b: Chi-Yu|Beads of Ruin\n|-terastallize|p2a: Dragonite|Flying\n|move|p1a: Arcanine|Protect|p1a: Arcanine\n|-singleturn|p1a: Arcanine|Protect\n|move|p2a: Dragonite|Tera Blast|p1a: Arcanine\n|-activate|p1a: Arcanine|move: Protect\n|move|p2b: Torkoal|Eruption|p1b: Chi-Yu|[spread] p1b\n|-activate|p1a: Arcanine|move: Protect\n|-resisted|p1b: Chi-Yu\n|-crit|p1b: Chi-Yu\n|-damage|p1b: Chi-Yu|23\/100\n|\n|-weather|SunnyDay|[upkeep]\n|upkeep\n|turn|4\n|inactive|99jiuli has 30 seconds left.\n|inactive|99jiuli has 20 seconds left.\n|\n|t:|1681732230\n|move|p1b: Chi-Yu|Dark Pulse|p2b: Torkoal\n|-damage|p2b: Torkoal|17\/100\n|move|p2a: Dragonite|Tera Blast|p1a: Arcanine\n|-damage|p1a: Arcanine|0 fnt\n|faint|p1a: Arcanine\n|cant|p2b: Torkoal|flinch\n|\n|-weather|SunnyDay|[upkeep]\n|upkeep\n|\n|t:|1681732239\n|switch|p1a: Palafin|Palafin-Hero, L50, F|100\/100\n|-activate|p1a: Palafin|ability: Zero to Hero\n|turn|5\n|\n|t:|1681732249\n|move|p2b: Torkoal|Protect|p2b: Torkoal\n|-singleturn|p2b: Torkoal|Protect\n|move|p1a: Palafin|Jet Punch|p2b: Torkoal\n|-activate|p2b: Torkoal|move: Protect\n|move|p1b: Chi-Yu|Dark Pulse|p2a: Dragonite\n|-damage|p2a: Dragonite|71\/100\n|move|p2a: Dragonite|Tera Blast|p1a: Palafin\n|-damage|p1a: Palafin|7\/100\n|\n|-weather|none\n|upkeep\n|turn|6\n|inactive|99jiuli has 30 seconds left.\n|\n|t:|1681732276\n|move|p1a: Palafin|Wave Crash|p2a: Dragonite\n|-damage|p2a: Dragonite|0 fnt\n|faint|p2a: Dragonite\n|-damage|p1a: Palafin|0 fnt|[from] Recoil\n|faint|p1a: Palafin\n|move|p1b: Chi-Yu|Dark Pulse|p2b: Torkoal\n|-damage|p2b: Torkoal|0 fnt\n|faint|p2b: Torkoal\n|\n|upkeep\n|\n|t:|1681732284\n|switch|p1a: Flutter Mane|Flutter Mane, L50, tera:Fairy|100\/100 slp\n|switch|p2b: Chien-Pao|Chien-Pao, L50|100\/100\n|-ability|p2b: Chien-Pao|Sword of Ruin\n|turn|7\n|\n|t:|1681732301\n|move|p2b: Chien-Pao|Icicle Crash|p1a: Flutter Mane\n|-damage|p1a: Flutter Mane|0 fnt\n|faint|p1a: Flutter Mane\n|-end|p1a: Flutter Mane|Protosynthesis|[silent]\n|move|p1b: Chi-Yu|Overheat|p2b: Chien-Pao\n|-supereffective|p2b: Chien-Pao\n|-enditem|p2b: Chien-Pao|Focus Sash\n|-damage|p2b: Chien-Pao|1\/100\n|-unboost|p1b: Chi-Yu|spa|2\n|\n|upkeep\n|turn|8\n|\n|t:|1681732312\n|move|p2b: Chien-Pao|Sacred Sword|p1b: Chi-Yu\n|-supereffective|p1b: Chi-Yu\n|-damage|p1b: Chi-Yu|0 fnt\n|faint|p1b: Chi-Yu\n|\n|win|99jiuli\n|raw|Corvus731's rating: 1137 → 1106<\/strong> (-31 for losing)\n|raw|99jiuli's rating: 1045 → 1087<\/strong> (+42 for winning)\n|c|\u2606Corvus731|gg\n","uploadtime":1681732319,"views":7,"p1id":"corvus731","p2id":"99jiuli","formatid":"gen9vgc2023regulationc","rating":1087,"private":0,"password":""}