{"id":"gen9vgc2023regulationc-1854684447","p1":"calouuu","p2":"refanner","format":"[Gen 9] VGC 2023 Regulation C","log":"|j|\u2606calouuu\n|j|\u2606refanner\n|t:|1682849980\n|gametype|doubles\n|player|p1|calouuu|lucian|1295\n|player|p2|refanner|1|1196\n|teamsize|p1|6\n|teamsize|p2|6\n|gen|9\n|tier|[Gen 9] VGC 2023 Regulation C\n|rated|\n|rule|Species Clause: Limit one of each Pok\u00e9mon\n|rule|Item Clause: Limit one of each item\n|clearpoke\n|poke|p1|Abomasnow, L50, M|\n|poke|p1|Chi-Yu, L50|\n|poke|p1|Iron Bundle, L50|\n|poke|p1|Iron Hands, L50|\n|poke|p1|Flutter Mane, L50|\n|poke|p1|Great Tusk, L50|\n|poke|p2|Kingambit, L50, F|\n|poke|p2|Dragapult, L50, F|\n|poke|p2|Flutter Mane, L50|\n|poke|p2|Gyarados, L50, F|\n|poke|p2|Volcarona, L50, M|\n|poke|p2|Ting-Lu, L50|\n|teampreview|4\n|inactive|Battle timer is ON: inactive players will automatically lose when time's up. (requested by calouuu)\n|inactive|refanner has 60 seconds left.\n|inactive|refanner has 30 seconds left.\n|inactive|refanner has 20 seconds left.\n|inactive|refanner has 15 seconds left.\n|inactive|refanner has 10 seconds left.\n|inactive|refanner has 5 seconds left.\n|\n|t:|1682850070\n|start\n|switch|p1a: Abomasnow|Abomasnow, L50, M, shiny|100\/100\n|switch|p1b: Iron Bundle|Iron Bundle, L50|100\/100\n|switch|p2a: Flutter Mane|Flutter Mane, L50|100\/100\n|switch|p2b: Dragapult|Dragapult, L50, F|100\/100\n|-weather|Snow|[from] ability: Snow Warning|[of] p1a: Abomasnow\n|-enditem|p2a: Flutter Mane|Booster Energy\n|-activate|p2a: Flutter Mane|ability: Protosynthesis|[fromitem]\n|-start|p2a: Flutter Mane|protosynthesisspa\n|turn|1\n|\n|t:|1682850093\n|-terastallize|p2b: Dragapult|Steel\n|move|p2b: Dragapult|Dragon Dance|p2b: Dragapult\n|-boost|p2b: Dragapult|atk|1\n|-boost|p2b: Dragapult|spe|1\n|move|p1b: Iron Bundle|Aurora Veil|p1b: Iron Bundle\n|-sidestart|p1: calouuu|move: Aurora Veil\n|move|p2a: Flutter Mane|Moonblast|p1b: Iron Bundle\n|-damage|p1b: Iron Bundle|10\/100\n|-unboost|p1b: Iron Bundle|spa|1\n|move|p1a: Abomasnow|Blizzard|p2b: Dragapult|[spread] p2a,p2b\n|-resisted|p2b: Dragapult\n|-damage|p2a: Flutter Mane|50\/100\n|-damage|p2b: Dragapult|73\/100\n|-damage|p1a: Abomasnow|91\/100|[from] item: Life Orb\n|\n|-weather|Snow|[upkeep]\n|upkeep\n|turn|2\n|inactive|calouuu has 30 seconds left.\n|inactive|refanner has 30 seconds left.\n|\n|t:|1682850118\n|move|p2b: Dragapult|Dragon Darts|p1a: Abomasnow\n|-damage|p1a: Abomasnow|67\/100\n|-anim|p2b: Dragapult|Dragon Darts|p1b: Iron Bundle\n|-damage|p1b: Iron Bundle|0 fnt\n|faint|p1b: Iron Bundle\n|-end|p1b: Iron Bundle|Quark Drive|[silent]\n|-damage|p2b: Dragapult|63\/100|[from] item: Life Orb\n|move|p2a: Flutter Mane|Moonblast|p1a: Abomasnow\n|-damage|p1a: Abomasnow|25\/100\n|move|p1a: Abomasnow|Blizzard|p2a: Flutter Mane|[spread] p2a,p2b\n|-resisted|p2b: Dragapult\n|-damage|p2a: Flutter Mane|6\/100\n|-damage|p2b: Dragapult|34\/100\n|-damage|p1a: Abomasnow|15\/100|[from] item: Life Orb\n|\n|-weather|Snow|[upkeep]\n|upkeep\n|\n|t:|1682850136\n|switch|p1b: Iron Hands|Iron Hands, L50|100\/100\n|turn|3\n|\n|t:|1682850150\n|move|p2b: Dragapult|Protect|p2b: Dragapult\n|-singleturn|p2b: Dragapult|Protect\n|move|p1a: Abomasnow|Protect|p1a: Abomasnow\n|-singleturn|p1a: Abomasnow|Protect\n|move|p2a: Flutter Mane|Moonblast|p1b: Iron Hands\n|-supereffective|p1b: Iron Hands\n|-damage|p1b: Iron Hands|48\/100\n|move|p1b: Iron Hands|Iron Head|p2a: Flutter Mane\n|-supereffective|p2a: Flutter Mane\n|-damage|p2a: Flutter Mane|0 fnt\n|faint|p2a: Flutter Mane\n|-end|p2a: Flutter Mane|Protosynthesis|[silent]\n|\n|-weather|Snow|[upkeep]\n|upkeep\n|inactive|refanner has 30 seconds left.\n|\n|t:|1682850177\n|switch|p2a: Volcarona|Volcarona, L50, M|100\/100\n|turn|4\n|inactive|calouuu has 30 seconds left.\n|inactive|refanner has 30 seconds left.\n|\n|t:|1682850206\n|move|p1a: Abomasnow|Ice Shard|p2b: Dragapult\n|-resisted|p2b: Dragapult\n|-damage|p2b: Dragapult|24\/100\n|-damage|p1a: Abomasnow|6\/100|[from] item: Life Orb\n|move|p2b: Dragapult|Phantom Force||[still]\n|-prepare|p2b: Dragapult|Phantom Force\n|move|p2a: Volcarona|Heat Wave|p1a: Abomasnow|[spread] p1a,p1b\n|-supereffective|p1a: Abomasnow\n|-damage|p1a: Abomasnow|0 fnt\n|-damage|p1b: Iron Hands|35\/100\n|faint|p1a: Abomasnow\n|move|p1b: Iron Hands|Drain Punch|p2a: Volcarona\n|-resisted|p2a: Volcarona\n|-damage|p2a: Volcarona|75\/100\n|-heal|p1b: Iron Hands|44\/100|[from] drain|[of] p2a: Volcarona\n|\n|-weather|Snow|[upkeep]\n|-heal|p2a: Volcarona|82\/100|[from] item: Leftovers\n|upkeep\n|\n|t:|1682850221\n|switch|p1a: Flutter Mane|Flutter Mane, L50|100\/100\n|-enditem|p1a: Flutter Mane|Booster Energy\n|-activate|p1a: Flutter Mane|ability: Protosynthesis|[fromitem]\n|-start|p1a: Flutter Mane|protosynthesisspe\n|turn|5\n|\n|t:|1682850236\n|-terastallize|p1a: Flutter Mane|Fairy\n|move|p2b: Dragapult|Phantom Force|p1a: Flutter Mane|[from]lockedmove\n|-damage|p1a: Flutter Mane|0 fnt\n|faint|p1a: Flutter Mane\n|-end|p1a: Flutter Mane|Protosynthesis|[silent]\n|-damage|p2b: Dragapult|14\/100|[from] item: Life Orb\n|move|p2a: Volcarona|Struggle Bug|p1b: Iron Hands\n|-resisted|p1b: Iron Hands\n|-damage|p1b: Iron Hands|39\/100\n|-unboost|p1b: Iron Hands|spa|1\n|move|p1b: Iron Hands|Drain Punch|p2b: Dragapult\n|-supereffective|p2b: Dragapult\n|-damage|p2b: Dragapult|0 fnt\n|-heal|p1b: Iron Hands|43\/100|[from] drain|[of] p2b: Dragapult\n|faint|p2b: Dragapult\n|\n|-weather|none\n|-heal|p2a: Volcarona|88\/100|[from] item: Leftovers\n|-sideend|p1: calouuu|move: Aurora Veil\n|upkeep\n|-message|calouuu forfeited.\n|\n|win|refanner\n|raw|calouuu's rating: 1295 → 1263<\/strong> (-32 for losing)\n|raw|refanner's rating: 1196 → 1228<\/strong> (+32 for winning)\n|l|\u2606calouuu\n","uploadtime":1682850254,"views":10,"p1id":"calouuu","p2id":"refanner","formatid":"gen9vgc2023regulationc","rating":1228,"private":0,"password":""}