{"id":"gen9vgc2023regulationc-1860020085","p1":"Titannexus","p2":"iraqanid","format":"[Gen 9] VGC 2023 Regulation C","log":"|j|\u2606Titannexus\n|j|\u2606iraqanid\n|t:|1683585874\n|gametype|doubles\n|player|p1|Titannexus|acetrainer-gen4|1357\n|player|p2|iraqanid|biker|1314\n|teamsize|p1|6\n|teamsize|p2|6\n|gen|9\n|tier|[Gen 9] VGC 2023 Regulation C\n|rated|\n|rule|Species Clause: Limit one of each Pok\u00e9mon\n|rule|Item Clause: Limit one of each item\n|clearpoke\n|poke|p1|Dondozo, L50, F|\n|poke|p1|Tatsugiri, L50, F|\n|poke|p1|Tyranitar, L50, F|\n|poke|p1|Lycanroc, L50, M|\n|poke|p1|Chi-Yu, L50|\n|poke|p1|Amoonguss, L50, M|\n|poke|p2|Chien-Pao, L50|\n|poke|p2|Breloom, L50, M|\n|poke|p2|Garganacl, L50, F|\n|poke|p2|Dondozo, L50, M|\n|poke|p2|Arcanine, L50, M|\n|poke|p2|Iron Bundle, L50|\n|teampreview|4\n|inactive|Battle timer is ON: inactive players will automatically lose when time's up. (requested by Titannexus)\n|\n|t:|1683585894\n|start\n|switch|p1a: Tyranitar|Tyranitar, L50, F|100\/100\n|switch|p1b: Lycanroc|Lycanroc, L50, M|100\/100\n|switch|p2a: Chien-Pao|Chien-Pao, L50|100\/100\n|switch|p2b: Breloom|Breloom, L50, M|100\/100\n|-ability|p2a: Chien-Pao|Sword of Ruin\n|-weather|Sandstorm|[from] ability: Sand Stream|[of] p1a: Tyranitar\n|turn|1\n|\n|t:|1683585912\n|-terastallize|p1a: Tyranitar|Flying\n|move|p2a: Chien-Pao|Protect|p2a: Chien-Pao\n|-singleturn|p2a: Chien-Pao|Protect\n|move|p1b: Lycanroc|Accelerock|p2a: Chien-Pao\n|-activate|p2a: Chien-Pao|move: Protect\n|move|p2b: Breloom|Mach Punch|p1b: Lycanroc\n|-supereffective|p1b: Lycanroc\n|-damage|p1b: Lycanroc|0 fnt\n|faint|p1b: Lycanroc\n|move|p1a: Tyranitar|Tera Blast|p2b: Breloom\n|-supereffective|p2b: Breloom\n|-enditem|p2b: Breloom|Focus Sash\n|-damage|p2b: Breloom|1\/100\n|\n|-weather|Sandstorm|[upkeep]\n|-damage|p2a: Chien-Pao|95\/100|[from] Sandstorm\n|-damage|p2b: Breloom|0 fnt|[from] Sandstorm\n|-damage|p1a: Tyranitar|95\/100|[from] Sandstorm\n|faint|p2b: Breloom\n|upkeep\n|\n|t:|1683585921\n|switch|p1b: Dondozo|Dondozo, L50, F|100\/100\n|switch|p2b: Garganacl|Garganacl, L50, F|100\/100\n|turn|2\n|\n|t:|1683585936\n|switch|p2a: Dondozo|Dondozo, L50, M|100\/100\n|-terastallize|p2b: Garganacl|Water\n|move|p1b: Dondozo|Protect|p1b: Dondozo\n|-singleturn|p1b: Dondozo|Protect\n|move|p1a: Tyranitar|Low Kick|p2b: Garganacl\n|-damage|p2b: Garganacl|72\/100\n|move|p2b: Garganacl|Stealth Rock|p1b: Dondozo\n|-sidestart|p1: Titannexus|move: Stealth Rock\n|\n|-weather|Sandstorm|[upkeep]\n|-damage|p1a: Tyranitar|89\/100|[from] Sandstorm\n|-damage|p1b: Dondozo|94\/100|[from] Sandstorm\n|-damage|p2a: Dondozo|95\/100|[from] Sandstorm\n|-damage|p2b: Garganacl|67\/100|[from] Sandstorm\n|-heal|p2a: Dondozo|100\/100|[from] item: Leftovers\n|upkeep\n|turn|3\n|inactive|Titannexus has 30 seconds left.\n|\n|t:|1683585962\n|move|p1a: Tyranitar|Rock Slide|p2b: Garganacl|[spread] p2a\n|-miss|p1a: Tyranitar|p2b: Garganacl\n|-damage|p2a: Dondozo|81\/100\n|move|p1b: Dondozo|Earthquake|p2a: Dondozo|[spread] p2a,p2b\n|-immune|p1a: Tyranitar\n|-damage|p2a: Dondozo|68\/100\n|-damage|p2b: Garganacl|53\/100\n|move|p2a: Dondozo|Yawn|p1b: Dondozo\n|-start|p1b: Dondozo|move: Yawn|[of] p2a: Dondozo\n|move|p2b: Garganacl|Recover|p2b: Garganacl\n|-heal|p2b: Garganacl|100\/100\n|\n|-weather|Sandstorm|[upkeep]\n|-damage|p1a: Tyranitar|83\/100|[from] Sandstorm\n|-damage|p1b: Dondozo|88\/100|[from] Sandstorm\n|-damage|p2a: Dondozo|62\/100|[from] Sandstorm\n|-damage|p2b: Garganacl|95\/100|[from] Sandstorm\n|-heal|p2a: Dondozo|68\/100|[from] item: Leftovers\n|upkeep\n|turn|4\n|\n|t:|1683585976\n|move|p1a: Tyranitar|Tera Blast|p2b: Garganacl\n|-damage|p2b: Garganacl|67\/100\n|move|p1b: Dondozo|Earthquake|p2b: Garganacl|[spread] p2a,p2b\n|-immune|p1a: Tyranitar\n|-damage|p2a: Dondozo|54\/100\n|-damage|p2b: Garganacl|54\/100\n|move|p2a: Dondozo|Yawn|p1a: Tyranitar\n|-start|p1a: Tyranitar|move: Yawn|[of] p2a: Dondozo\n|move|p2b: Garganacl|Salt Cure|p1b: Dondozo\n|-damage|p1b: Dondozo|79\/100\n|-start|p1b: Dondozo|Salt Cure\n|\n|-weather|Sandstorm|[upkeep]\n|-damage|p1a: Tyranitar|77\/100|[from] Sandstorm\n|-damage|p1b: Dondozo|73\/100|[from] Sandstorm\n|-damage|p2a: Dondozo|48\/100|[from] Sandstorm\n|-damage|p2b: Garganacl|48\/100|[from] Sandstorm\n|-enditem|p2b: Garganacl|Sitrus Berry|[eat]\n|-heal|p2b: Garganacl|73\/100|[from] item: Sitrus Berry\n|-heal|p2a: Dondozo|54\/100|[from] item: Leftovers\n|-damage|p1b: Dondozo|48\/100|[from] Salt Cure\n|-end|p1b: Dondozo|move: Yawn|[silent]\n|-status|p1b: Dondozo|slp\n|-enditem|p1b: Dondozo|Lum Berry|[eat]\n|-curestatus|p1b: Dondozo|slp|[msg]\n|upkeep\n|turn|5\n|\n|t:|1683585991\n|switch|p1b: Tatsugiri|Tatsugiri, L50, F|100\/100\n|-damage|p1b: Tatsugiri|89\/100|[from] Stealth Rock\n|move|p1a: Tyranitar|Tera Blast|p2a: Dondozo\n|-damage|p2a: Dondozo|28\/100\n|move|p2a: Dondozo|Yawn|p1b: Tatsugiri\n|-start|p1b: Tatsugiri|move: Yawn|[of] p2a: Dondozo\n|move|p2b: Garganacl|Recover|p2b: Garganacl\n|-heal|p2b: Garganacl|100\/100\n|\n|-weather|none\n|-heal|p2a: Dondozo|34\/100|[from] item: Leftovers\n|-end|p1a: Tyranitar|move: Yawn|[silent]\n|-status|p1a: Tyranitar|slp\n|upkeep\n|turn|6\n|\n|t:|1683586003\n|move|p2a: Dondozo|Protect|p2a: Dondozo\n|-singleturn|p2a: Dondozo|Protect\n|move|p1b: Tatsugiri|Icy Wind|p2b: Garganacl|[spread] p2b\n|-activate|p2a: Dondozo|move: Protect\n|-resisted|p2b: Garganacl\n|-damage|p2b: Garganacl|95\/100\n|-unboost|p2b: Garganacl|spe|1\n|cant|p1a: Tyranitar|slp\n|move|p2b: Garganacl|Salt Cure|p1b: Tatsugiri\n|-damage|p1b: Tatsugiri|61\/100\n|-start|p1b: Tatsugiri|Salt Cure\n|\n|-heal|p2a: Dondozo|40\/100|[from] item: Leftovers\n|-damage|p1b: Tatsugiri|37\/100|[from] Salt Cure\n|-end|p1b: Tatsugiri|move: Yawn|[silent]\n|-status|p1b: Tatsugiri|slp\n|upkeep\n|turn|7\n|\n|t:|1683586019\n|switch|p1b: Dondozo|Dondozo, L50, F|48\/100\n|-damage|p1b: Dondozo|35\/100|[from] Stealth Rock\n|cant|p1a: Tyranitar|slp\n|move|p2a: Dondozo|Substitute|p2a: Dondozo\n|-start|p2a: Dondozo|Substitute\n|-damage|p2a: Dondozo|15\/100\n|move|p2b: Garganacl|Salt Cure|p1a: Tyranitar\n|-supereffective|p1a: Tyranitar\n|-damage|p1a: Tyranitar|54\/100 slp\n|-start|p1a: Tyranitar|Salt Cure\n|\n|-heal|p2a: Dondozo|21\/100|[from] item: Leftovers\n|-damage|p1a: Tyranitar|41\/100 slp|[from] Salt Cure\n|upkeep\n|turn|8\n|\n|t:|1683586027\n|switch|p1a: Tatsugiri|Tatsugiri, L50, F|37\/100 slp\n|-activate|p1a: Tatsugiri|ability: Commander|[of] p1b: Dondozo\n|-boost|p1b: Dondozo|atk|2\n|-boost|p1b: Dondozo|spa|2\n|-boost|p1b: Dondozo|spe|2\n|-boost|p1b: Dondozo|def|2\n|-boost|p1b: Dondozo|spd|2\n|move|p1b: Dondozo|Earthquake|p2a: Dondozo|[spread] p2a,p2b\n|-miss|p1b: Dondozo|p1a: Tatsugiri\n|-activate|p2a: Dondozo|move: Substitute|[damage]\n|-damage|p2b: Garganacl|71\/100\n|move|p2a: Dondozo|Yawn|p1b: Dondozo\n|-start|p1b: Dondozo|move: Yawn|[of] p2a: Dondozo\n|move|p2b: Garganacl|Salt Cure|p1b: Dondozo\n|-damage|p1b: Dondozo|30\/100\n|-start|p1b: Dondozo|Salt Cure\n|\n|-heal|p2a: Dondozo|27\/100|[from] item: Leftovers\n|-damage|p1b: Dondozo|5\/100|[from] Salt Cure\n|upkeep\n|turn|9\n|\n|t:|1683586033\n|move|p2a: Dondozo|Protect|p2a: Dondozo\n|-singleturn|p2a: Dondozo|Protect\n|move|p2b: Garganacl|Protect|p2b: Garganacl\n|-singleturn|p2b: Garganacl|Protect\n|move|p1b: Dondozo|Earthquake|p2b: Garganacl|[spread] \n|-miss|p1b: Dondozo|p1a: Tatsugiri\n|-activate|p2a: Dondozo|move: Protect\n|-activate|p2b: Garganacl|move: Protect\n|\n|-heal|p2a: Dondozo|33\/100|[from] item: Leftovers\n|-damage|p1b: Dondozo|0 fnt|[from] Salt Cure\n|faint|p1b: Dondozo\n|upkeep\n|\n|t:|1683586037\n|switch|p1b: Tyranitar|Tyranitar, L50, F, tera:Flying|41\/100 slp\n|-damage|p1b: Tyranitar|16\/100 slp|[from] Stealth Rock\n|-weather|Sandstorm|[from] ability: Sand Stream|[of] p1b: Tyranitar\n|turn|10\n|-message|Titannexus forfeited.\n|\n|win|iraqanid\n|raw|Titannexus's rating: 1357 → 1335<\/strong> (-22 for losing)\n|raw|iraqanid's rating: 1314 → 1336<\/strong> (+22 for winning)\n|l|\u2606Titannexus\n","uploadtime":1683586045,"views":8,"p1id":"titannexus","p2id":"iraqanid","formatid":"gen9vgc2023regulationc","rating":1335,"private":0,"password":""}