{"id":"gen9vgc2023regulationc-1849740841","p1":"We_Love_The_Gong","p2":"XD VIRGO","format":"[Gen 9] VGC 2023 Regulation C","log":"|j|\u2606We_Love_The_Gong\n|j|\u2606XD VIRGO\n|t:|1682243157\n|gametype|doubles\n|player|p1|We_Love_The_Gong|fantina|\n|player|p2|XD VIRGO|depotagent|\n|teamsize|p1|6\n|teamsize|p2|6\n|gen|9\n|tier|[Gen 9] VGC 2023 Regulation C\n|rated|Tournament battle\n|rule|Species Clause: Limit one of each Pok\u00e9mon\n|rule|Item Clause: Limit one of each item\n|clearpoke\n|poke|p1|Gholdengo, L50|\n|poke|p1|Arcanine, L50, F|\n|poke|p1|Ting-Lu, L50|\n|poke|p1|Amoonguss, L50, M|\n|poke|p1|Scream Tail, L50|\n|poke|p1|Gyarados, L50, F|\n|poke|p2|Glimmora, L50, M|\n|poke|p2|Iron Hands, L50|\n|poke|p2|Flutter Mane, L50|\n|poke|p2|Ting-Lu, L50|\n|poke|p2|Palafin, L50, F|\n|poke|p2|Wo-Chien, L50|\n|teampreview|4\n|raw| Open Team Sheet for We_Love_The_Gong<\/summary>Gholdengo @ Leftovers Ability: Good as Gold Level: 50 Tera Type: Water - Make It Rain - Shadow Ball - Nasty Plot - Protect Arcanine @ Safety Goggles Ability: Intimidate Level: 50 Tera Type: Grass - Flare Blitz - Will-O-Wisp - Extreme Speed - Protect Ting-Lu @ Assault Vest Ability: Vessel of Ruin Level: 50 Tera Type: Grass - Heavy Slam - Ruination - Rock Slide - Stomping Tantrum Amoonguss @ Sitrus Berry Ability: Regenerator Level: 50 Tera Type: Water - Pollen Puff - Rage Powder - Spore - Protect Scream Tail @ Booster Energy Ability: Protosynthesis Level: 50 Tera Type: Steel - Play Rough - Light Screen - Thunder Wave - Protect Gyarados @ Lum Berry Ability: Intimidate Level: 50 Tera Type: Steel - Waterfall - Thunder Wave - Taunt - Icy Wind <\/details><\/div> Open Team Sheet for XD VIRGO<\/summary>Glimmora (M) @ Focus Sash Ability: Corrosion Level: 50 Tera Type: Grass - Toxic - Venoshock - Power Gem - Spiky Shield Iron Hands @ Assault Vest Ability: Quark Drive Level: 50 Tera Type: Fighting - Fake Out - Facade - Wild Charge - Drain Punch Flutter Mane @ Booster Energy Ability: Protosynthesis Level: 50 Tera Type: Water - Moonblast - Shadow Ball - Thunderbolt - Protect Ting-Lu @ Lum Berry Ability: Vessel of Ruin Level: 50 Tera Type: Water - Heavy Slam - Ruination - Stomping Tantrum - Protect Palafin @ Mystic Water Ability: Zero to Hero Level: 50 Tera Type: Water - Wave Crash - Jet Punch - Haze - Protect Wo-Chien @ Leftovers Ability: Tablets of Ruin Level: 50 Tera Type: Water - Leech Seed - Knock Off - Ingrain - Protect <\/details><\/div>\n|c|\u2606XD VIRGO|glhf\n|c|\u2606We_Love_The_Gong|u2\n|\n|t:|1682243207\n|start\n|switch|p1a: Arcanine|Arcanine, L50, F|100\/100\n|switch|p1b: Scream Tail|Scream Tail, L50|100\/100\n|switch|p2a: Wo-Chien|Wo-Chien, L50|100\/100\n|switch|p2b: Palafin|Palafin, L50, F|100\/100\n|-ability|p1a: Arcanine|Intimidate|boost\n|-unboost|p2a: Wo-Chien|atk|1\n|-unboost|p2b: Palafin|atk|1\n|-ability|p2a: Wo-Chien|Tablets of Ruin\n|-enditem|p1b: Scream Tail|Booster Energy\n|-activate|p1b: Scream Tail|ability: Protosynthesis|[fromitem]\n|-start|p1b: Scream Tail|protosynthesisspe\n|turn|1\n|\n|t:|1682243232\n|detailschange|p2b: Palafin|Palafin-Hero, L50, F\n|switch|p2b: Iron Hands|Iron Hands, L50|100\/100\n|-terastallize|p2a: Wo-Chien|Water\n|move|p1b: Scream Tail|Thunder Wave|p2b: Iron Hands\n|-immune|p2b: Iron Hands\n|move|p1a: Arcanine|Will-O-Wisp|p2a: Wo-Chien\n|-status|p2a: Wo-Chien|brn\n|move|p2a: Wo-Chien|Knock Off|p1b: Scream Tail\n|-damage|p1b: Scream Tail|96\/100\n|\n|-damage|p2a: Wo-Chien|94\/100 brn|[from] brn\n|upkeep\n|turn|2\n|\n|t:|1682243246\n|switch|p1a: Gyarados|Gyarados, L50, F|100\/100\n|-ability|p1a: Gyarados|Intimidate|boost\n|-unboost|p2a: Wo-Chien|atk|1\n|-unboost|p2b: Iron Hands|atk|1\n|move|p2b: Iron Hands|Fake Out|p1a: Gyarados\n|-damage|p1a: Gyarados|93\/100\n|move|p1b: Scream Tail|Play Rough|p2b: Iron Hands\n|-supereffective|p2b: Iron Hands\n|-damage|p2b: Iron Hands|80\/100\n|-unboost|p2b: Iron Hands|atk|1\n|move|p2a: Wo-Chien|Ingrain|p2a: Wo-Chien\n|-start|p2a: Wo-Chien|move: Ingrain\n|\n|-heal|p2a: Wo-Chien|100\/100 brn|[from] item: Leftovers\n|-damage|p2a: Wo-Chien|94\/100 brn|[from] brn\n|upkeep\n|turn|3\n|\n|t:|1682243270\n|switch|p1a: Arcanine|Arcanine, L50, F|100\/100\n|-ability|p1a: Arcanine|Intimidate|boost\n|-unboost|p2a: Wo-Chien|atk|1\n|-unboost|p2b: Iron Hands|atk|1\n|-end|p2b: Iron Hands|Quark Drive|[silent]\n|switch|p2b: Ting-Lu|Ting-Lu, L50|100\/100\n|-ability|p2b: Ting-Lu|Vessel of Ruin\n|move|p1b: Scream Tail|Play Rough|p2b: Ting-Lu\n|-supereffective|p2b: Ting-Lu\n|-damage|p2b: Ting-Lu|84\/100\n|move|p2a: Wo-Chien|Knock Off|p1a: Arcanine\n|-damage|p1a: Arcanine|96\/100\n|-enditem|p1a: Arcanine|Safety Goggles|[from] move: Knock Off|[of] p2a: Wo-Chien\n|\n|-heal|p2a: Wo-Chien|100\/100 brn|[from] item: Leftovers\n|-damage|p2a: Wo-Chien|94\/100 brn|[from] brn\n|upkeep\n|turn|4\n|\n|t:|1682243287\n|move|p1b: Scream Tail|Play Rough|p2b: Ting-Lu\n|-supereffective|p2b: Ting-Lu\n|-damage|p2b: Ting-Lu|69\/100\n|move|p1a: Arcanine|Will-O-Wisp|p2b: Ting-Lu\n|-status|p2b: Ting-Lu|brn\n|-enditem|p2b: Ting-Lu|Lum Berry|[eat]\n|-curestatus|p2b: Ting-Lu|brn|[msg]\n|move|p2a: Wo-Chien|Leech Seed|p1b: Scream Tail\n|-start|p1b: Scream Tail|move: Leech Seed\n|move|p2b: Ting-Lu|Heavy Slam|p1b: Scream Tail\n|-supereffective|p1b: Scream Tail\n|-damage|p1b: Scream Tail|60\/100\n|\n|-heal|p2a: Wo-Chien|100\/100 brn|[from] item: Leftovers\n|-damage|p1b: Scream Tail|47\/100|[from] Leech Seed|[of] p2a: Wo-Chien\n|-damage|p2a: Wo-Chien|94\/100 brn|[from] brn\n|upkeep\n|turn|5\n|\n|t:|1682243312\n|-end|p1b: Scream Tail|Protosynthesis|[silent]\n|switch|p1b: Gholdengo|Gholdengo, L50|100\/100\n|move|p2b: Ting-Lu|Protect|p2b: Ting-Lu\n|-singleturn|p2b: Ting-Lu|Protect\n|move|p1a: Arcanine|Will-O-Wisp|p2b: Ting-Lu\n|-activate|p2b: Ting-Lu|move: Protect\n|move|p2a: Wo-Chien|Leech Seed|p1a: Arcanine\n|-start|p1a: Arcanine|move: Leech Seed\n|\n|-heal|p2a: Wo-Chien|100\/100 brn|[from] item: Leftovers\n|-damage|p1a: Arcanine|84\/100|[from] Leech Seed|[of] p2a: Wo-Chien\n|-damage|p2a: Wo-Chien|94\/100 brn|[from] brn\n|upkeep\n|turn|6\n|\n|t:|1682243330\n|move|p1a: Arcanine|Will-O-Wisp|p2b: Ting-Lu\n|-status|p2b: Ting-Lu|brn\n|move|p1b: Gholdengo|Nasty Plot|p1b: Gholdengo\n|-boost|p1b: Gholdengo|spa|2\n|move|p2a: Wo-Chien|Knock Off|p1b: Gholdengo\n|-supereffective|p1b: Gholdengo\n|-damage|p1b: Gholdengo|87\/100\n|-enditem|p1b: Gholdengo|Leftovers|[from] move: Knock Off|[of] p2a: Wo-Chien\n|move|p2b: Ting-Lu|Ruination|p1a: Arcanine|[miss]\n|-miss|p2b: Ting-Lu|p1a: Arcanine\n|\n|-heal|p2a: Wo-Chien|100\/100 brn|[from] item: Leftovers\n|-damage|p1a: Arcanine|72\/100|[from] Leech Seed|[of] p2a: Wo-Chien\n|-damage|p2a: Wo-Chien|94\/100 brn|[from] brn\n|-damage|p2b: Ting-Lu|63\/100 brn|[from] brn\n|upkeep\n|turn|7\n|\n|t:|1682243352\n|switch|p1a: Gyarados|Gyarados, L50, F|93\/100\n|-ability|p1a: Gyarados|Intimidate|boost\n|-unboost|p2a: Wo-Chien|atk|1\n|-unboost|p2b: Ting-Lu|atk|1\n|move|p2a: Wo-Chien|Protect|p2a: Wo-Chien\n|-singleturn|p2a: Wo-Chien|Protect\n|move|p1b: Gholdengo|Shadow Ball|p2a: Wo-Chien\n|-activate|p2a: Wo-Chien|move: Protect\n|move|p2b: Ting-Lu|Ruination|p1b: Gholdengo\n|-damage|p1b: Gholdengo|44\/100\n|\n|-heal|p2a: Wo-Chien|100\/100 brn|[from] item: Leftovers\n|-damage|p2a: Wo-Chien|94\/100 brn|[from] brn\n|-damage|p2b: Ting-Lu|57\/100 brn|[from] brn\n|upkeep\n|turn|8\n|\n|t:|1682243380\n|move|p1b: Gholdengo|Shadow Ball|p2a: Wo-Chien\n|-damage|p2a: Wo-Chien|60\/100 brn\n|move|p1a: Gyarados|Waterfall|p2b: Ting-Lu\n|-supereffective|p2b: Ting-Lu\n|-damage|p2b: Ting-Lu|34\/100 brn\n|move|p2a: Wo-Chien|Knock Off|p1b: Gholdengo\n|-supereffective|p1b: Gholdengo\n|-damage|p1b: Gholdengo|38\/100\n|move|p2b: Ting-Lu|Stomping Tantrum|p1b: Gholdengo\n|-supereffective|p1b: Gholdengo\n|-crit|p1b: Gholdengo\n|-damage|p1b: Gholdengo|6\/100\n|\n|-heal|p2a: Wo-Chien|66\/100 brn|[from] item: Leftovers\n|-heal|p2a: Wo-Chien|72\/100 brn|[from] Ingrain\n|-damage|p2a: Wo-Chien|66\/100 brn|[from] brn\n|-damage|p2b: Ting-Lu|28\/100 brn|[from] brn\n|upkeep\n|turn|9\n|\n|t:|1682243403\n|switch|p1a: Arcanine|Arcanine, L50, F|72\/100\n|-ability|p1a: Arcanine|Intimidate|boost\n|-unboost|p2a: Wo-Chien|atk|1\n|-unboost|p2b: Ting-Lu|atk|1\n|move|p2a: Wo-Chien|Protect|p2a: Wo-Chien\n|-singleturn|p2a: Wo-Chien|Protect\n|move|p1b: Gholdengo|Make It Rain|p2b: Ting-Lu|[spread] p2b\n|-activate|p2a: Wo-Chien|move: Protect\n|-damage|p2b: Ting-Lu|0 fnt\n|-unboost|p1b: Gholdengo|spa|1\n|faint|p2b: Ting-Lu\n|\n|-heal|p2a: Wo-Chien|72\/100 brn|[from] item: Leftovers\n|-heal|p2a: Wo-Chien|79\/100 brn|[from] Ingrain\n|-damage|p2a: Wo-Chien|72\/100 brn|[from] brn\n|upkeep\n|\n|t:|1682243423\n|switch|p2b: Iron Hands|Iron Hands, L50|80\/100\n|turn|10\n|\n|t:|1682243449\n|switch|p1a: Scream Tail|Scream Tail, L50|47\/100\n|move|p2b: Iron Hands|Fake Out|p1a: Scream Tail\n|-damage|p1a: Scream Tail|37\/100\n|move|p1b: Gholdengo|Make It Rain|p2a: Wo-Chien|[spread] p2a,p2b\n|-resisted|p2a: Wo-Chien\n|-resisted|p2b: Iron Hands\n|-damage|p2a: Wo-Chien|54\/100 brn\n|-damage|p2b: Iron Hands|60\/100\n|-unboost|p1b: Gholdengo|spa|1\n|move|p2a: Wo-Chien|Knock Off|p1b: Gholdengo\n|-supereffective|p1b: Gholdengo\n|-damage|p1b: Gholdengo|0 fnt\n|faint|p1b: Gholdengo\n|\n|-heal|p2a: Wo-Chien|60\/100 brn|[from] item: Leftovers\n|-heal|p2a: Wo-Chien|66\/100 brn|[from] Ingrain\n|-damage|p2a: Wo-Chien|60\/100 brn|[from] brn\n|upkeep\n|\n|t:|1682243465\n|switch|p1b: Arcanine|Arcanine, L50, F|72\/100\n|-ability|p1b: Arcanine|Intimidate|boost\n|-unboost|p2a: Wo-Chien|atk|1\n|-unboost|p2b: Iron Hands|atk|1\n|turn|11\n|\n|t:|1682243481\n|-terastallize|p1b: Arcanine|Grass\n|move|p1a: Scream Tail|Play Rough|p2b: Iron Hands\n|-supereffective|p2b: Iron Hands\n|-damage|p2b: Iron Hands|41\/100\n|move|p1b: Arcanine|Will-O-Wisp|p2b: Iron Hands|[miss]\n|-miss|p1b: Arcanine|p2b: Iron Hands\n|move|p2a: Wo-Chien|Leech Seed|p1b: Arcanine\n|-immune|p1b: Arcanine\n|move|p2b: Iron Hands|Facade|p1a: Scream Tail\n|-damage|p1a: Scream Tail|25\/100\n|\n|-heal|p2a: Wo-Chien|66\/100 brn|[from] item: Leftovers\n|-heal|p2a: Wo-Chien|72\/100 brn|[from] Ingrain\n|-damage|p2a: Wo-Chien|66\/100 brn|[from] brn\n|upkeep\n|turn|12\n|\n|t:|1682243501\n|move|p1a: Scream Tail|Play Rough|p2b: Iron Hands\n|-supereffective|p2b: Iron Hands\n|-damage|p2b: Iron Hands|20\/100\n|move|p1b: Arcanine|Flare Blitz|p2b: Iron Hands\n|-damage|p2b: Iron Hands|0 fnt\n|faint|p2b: Iron Hands\n|-end|p2b: Iron Hands|Quark Drive|[silent]\n|-damage|p1b: Arcanine|64\/100|[from] Recoil\n|move|p2a: Wo-Chien|Leech Seed|p1a: Scream Tail\n|-start|p1a: Scream Tail|move: Leech Seed\n|\n|-heal|p2a: Wo-Chien|72\/100 brn|[from] item: Leftovers\n|-heal|p2a: Wo-Chien|79\/100 brn|[from] Ingrain\n|-damage|p1a: Scream Tail|13\/100|[from] Leech Seed|[of] p2a: Wo-Chien\n|-heal|p2a: Wo-Chien|93\/100 brn|[silent]\n|-damage|p2a: Wo-Chien|86\/100 brn|[from] brn\n|upkeep\n|\n|t:|1682243509\n|switch|p2b: Palafin|Palafin-Hero, L50, F|100\/100\n|-activate|p2b: Palafin|ability: Zero to Hero\n|turn|13\n|\n|t:|1682243531\n|-end|p1a: Scream Tail|Protosynthesis|[silent]\n|switch|p1a: Gyarados|Gyarados, L50, F|93\/100\n|-ability|p1a: Gyarados|Intimidate|boost\n|-unboost|p2a: Wo-Chien|atk|0\n|-unboost|p2b: Palafin|atk|1\n|move|p2b: Palafin|Jet Punch|p1a: Gyarados\n|-resisted|p1a: Gyarados\n|-damage|p1a: Gyarados|81\/100\n|move|p1b: Arcanine|Will-O-Wisp|p2b: Palafin|[miss]\n|-miss|p1b: Arcanine|p2b: Palafin\n|move|p2a: Wo-Chien|Knock Off|p1b: Arcanine\n|-damage|p1b: Arcanine|61\/100\n|\n|-heal|p2a: Wo-Chien|93\/100 brn|[from] item: Leftovers\n|-heal|p2a: Wo-Chien|99\/100 brn|[from] Ingrain\n|-damage|p2a: Wo-Chien|93\/100 brn|[from] brn\n|upkeep\n|turn|14\n|\n|t:|1682243553\n|move|p2b: Palafin|Protect|p2b: Palafin\n|-singleturn|p2b: Palafin|Protect\n|move|p1b: Arcanine|Will-O-Wisp|p2b: Palafin\n|-activate|p2b: Palafin|move: Protect\n|move|p1a: Gyarados|Waterfall|p2b: Palafin\n|-activate|p2b: Palafin|move: Protect\n|move|p2a: Wo-Chien|Leech Seed|p1a: Gyarados|[miss]\n|-miss|p2a: Wo-Chien|p1a: Gyarados\n|\n|-heal|p2a: Wo-Chien|99\/100 brn|[from] item: Leftovers\n|-heal|p2a: Wo-Chien|100\/100 brn|[from] Ingrain\n|-damage|p2a: Wo-Chien|94\/100 brn|[from] brn\n|upkeep\n|turn|15\n|\n|t:|1682243579\n|move|p1b: Arcanine|Will-O-Wisp|p2b: Palafin\n|-status|p2b: Palafin|brn\n|move|p2b: Palafin|Wave Crash|p1b: Arcanine\n|-resisted|p1b: Arcanine\n|-damage|p1b: Arcanine|51\/100\n|-damage|p2b: Palafin|97\/100 brn|[from] Recoil\n|move|p1a: Gyarados|Taunt|p2a: Wo-Chien\n|-start|p2a: Wo-Chien|move: Taunt\n|move|p2a: Wo-Chien|Knock Off|p1b: Arcanine\n|-damage|p1b: Arcanine|49\/100\n|\n|-heal|p2a: Wo-Chien|100\/100 brn|[from] item: Leftovers\n|-damage|p2b: Palafin|91\/100 brn|[from] brn\n|-damage|p2a: Wo-Chien|94\/100 brn|[from] brn\n|upkeep\n|turn|16\n|\n|t:|1682243591\n|move|p1b: Arcanine|Protect|p1b: Arcanine\n|-singleturn|p1b: Arcanine|Protect\n|move|p2b: Palafin|Haze|p2b: Palafin\n|-clearallboost\n|move|p1a: Gyarados|Waterfall|p2b: Palafin\n|-resisted|p2b: Palafin\n|-damage|p2b: Palafin|80\/100 brn\n|move|p2a: Wo-Chien|Knock Off|p1b: Arcanine\n|-activate|p1b: Arcanine|move: Protect\n|\n|-heal|p2a: Wo-Chien|100\/100 brn|[from] item: Leftovers\n|-damage|p2b: Palafin|74\/100 brn|[from] brn\n|-damage|p2a: Wo-Chien|94\/100 brn|[from] brn\n|upkeep\n|turn|17\n|\n|t:|1682243605\n|switch|p1b: Scream Tail|Scream Tail, L50|13\/100\n|move|p2b: Palafin|Wave Crash|p1b: Scream Tail\n|-damage|p1b: Scream Tail|0 fnt\n|faint|p1b: Scream Tail\n|-end|p1b: Scream Tail|Protosynthesis|[silent]\n|-damage|p2b: Palafin|70\/100 brn|[from] Recoil\n|move|p1a: Gyarados|Waterfall|p2b: Palafin\n|-resisted|p2b: Palafin\n|-damage|p2b: Palafin|59\/100 brn\n|move|p2a: Wo-Chien|Knock Off|p1a: Gyarados\n|-damage|p1a: Gyarados|66\/100\n|-enditem|p1a: Gyarados|Lum Berry|[from] move: Knock Off|[of] p2a: Wo-Chien\n|\n|-heal|p2a: Wo-Chien|100\/100 brn|[from] item: Leftovers\n|-damage|p2b: Palafin|53\/100 brn|[from] brn\n|-damage|p2a: Wo-Chien|94\/100 brn|[from] brn\n|-end|p2a: Wo-Chien|move: Taunt\n|upkeep\n|\n|t:|1682243617\n|switch|p1b: Arcanine|Arcanine, L50, F, tera:Grass|49\/100\n|-ability|p1b: Arcanine|Intimidate|boost\n|-unboost|p2a: Wo-Chien|atk|1\n|-unboost|p2b: Palafin|atk|1\n|turn|18\n|\n|t:|1682243631\n|move|p1b: Arcanine|Protect|p1b: Arcanine\n|-singleturn|p1b: Arcanine|Protect\n|move|p2b: Palafin|Protect|p2b: Palafin\n|-singleturn|p2b: Palafin|Protect\n|move|p1a: Gyarados|Taunt|p2a: Wo-Chien\n|-start|p2a: Wo-Chien|move: Taunt\n|cant|p2a: Wo-Chien|move: Taunt|Leech Seed\n|\n|-heal|p2a: Wo-Chien|100\/100 brn|[from] item: Leftovers\n|-damage|p2b: Palafin|47\/100 brn|[from] brn\n|-damage|p2a: Wo-Chien|94\/100 brn|[from] brn\n|upkeep\n|turn|19\n|\n|t:|1682243644\n|move|p1b: Arcanine|Extreme Speed|p2b: Palafin\n|-damage|p2b: Palafin|33\/100 brn\n|move|p2b: Palafin|Wave Crash|p1b: Arcanine\n|-resisted|p1b: Arcanine\n|-damage|p1b: Arcanine|39\/100\n|-damage|p2b: Palafin|29\/100 brn|[from] Recoil\n|move|p1a: Gyarados|Icy Wind|p2a: Wo-Chien|[spread] p2a,p2b\n|-resisted|p2a: Wo-Chien\n|-resisted|p2b: Palafin\n|-crit|p2b: Palafin\n|-damage|p2a: Wo-Chien|93\/100 brn\n|-damage|p2b: Palafin|26\/100 brn\n|-unboost|p2a: Wo-Chien|spe|1\n|-unboost|p2b: Palafin|spe|1\n|move|p2a: Wo-Chien|Knock Off|p1b: Arcanine\n|-damage|p1b: Arcanine|32\/100\n|\n|-heal|p2a: Wo-Chien|99\/100 brn|[from] item: Leftovers\n|-heal|p2a: Wo-Chien|100\/100 brn|[from] Ingrain\n|-damage|p2b: Palafin|20\/100 brn|[from] brn\n|-damage|p2a: Wo-Chien|94\/100 brn|[from] brn\n|upkeep\n|turn|20\n|\n|t:|1682243668\n|move|p1b: Arcanine|Protect|p1b: Arcanine\n|-singleturn|p1b: Arcanine|Protect\n|move|p1a: Gyarados|Icy Wind|p2a: Wo-Chien|[spread] p2a,p2b\n|-resisted|p2a: Wo-Chien\n|-resisted|p2b: Palafin\n|-damage|p2a: Wo-Chien|93\/100 brn\n|-damage|p2b: Palafin|17\/100 brn\n|-unboost|p2a: Wo-Chien|spe|1\n|-unboost|p2b: Palafin|spe|1\n|move|p2b: Palafin|Haze|p2b: Palafin\n|-clearallboost\n|move|p2a: Wo-Chien|Knock Off|p1b: Arcanine\n|-activate|p1b: Arcanine|move: Protect\n|\n|-heal|p2a: Wo-Chien|99\/100 brn|[from] item: Leftovers\n|-heal|p2a: Wo-Chien|100\/100 brn|[from] Ingrain\n|-damage|p2b: Palafin|12\/100 brn|[from] brn\n|-damage|p2a: Wo-Chien|94\/100 brn|[from] brn\n|-end|p2a: Wo-Chien|move: Taunt\n|upkeep\n|turn|21\n|\n|t:|1682243688\n|move|p1b: Arcanine|Extreme Speed|p2b: Palafin\n|-damage|p2b: Palafin|0 fnt\n|faint|p2b: Palafin\n|move|p1a: Gyarados|Taunt|p2a: Wo-Chien\n|-start|p2a: Wo-Chien|move: Taunt\n|move|p2a: Wo-Chien|Knock Off|p1a: Gyarados\n|-damage|p1a: Gyarados|54\/100\n|\n|-heal|p2a: Wo-Chien|100\/100 brn|[from] item: Leftovers\n|-damage|p2a: Wo-Chien|94\/100 brn|[from] brn\n|upkeep\n|turn|22\n|\n|t:|1682243702\n|move|p1b: Arcanine|Extreme Speed|p2a: Wo-Chien\n|-damage|p2a: Wo-Chien|81\/100 brn\n|move|p1a: Gyarados|Waterfall|p2a: Wo-Chien\n|-resisted|p2a: Wo-Chien\n|-damage|p2a: Wo-Chien|70\/100 brn\n|move|p2a: Wo-Chien|Knock Off|p1b: Arcanine\n|-damage|p1b: Arcanine|24\/100\n|\n|-heal|p2a: Wo-Chien|77\/100 brn|[from] item: Leftovers\n|-heal|p2a: Wo-Chien|83\/100 brn|[from] Ingrain\n|-damage|p2a: Wo-Chien|77\/100 brn|[from] brn\n|upkeep\n|turn|23\n|\n|t:|1682243716\n|move|p1b: Arcanine|Extreme Speed|p2a: Wo-Chien\n|-damage|p2a: Wo-Chien|62\/100 brn\n|move|p1a: Gyarados|Waterfall|p2a: Wo-Chien\n|-resisted|p2a: Wo-Chien\n|-damage|p2a: Wo-Chien|51\/100 brn\n|move|p2a: Wo-Chien|Knock Off|p1b: Arcanine\n|-damage|p1b: Arcanine|15\/100\n|\n|-heal|p2a: Wo-Chien|57\/100 brn|[from] item: Leftovers\n|-heal|p2a: Wo-Chien|64\/100 brn|[from] Ingrain\n|-damage|p2a: Wo-Chien|57\/100 brn|[from] brn\n|-end|p2a: Wo-Chien|move: Taunt\n|upkeep\n|turn|24\n|\n|t:|1682243731\n|move|p1b: Arcanine|Protect|p1b: Arcanine\n|-singleturn|p1b: Arcanine|Protect\n|move|p1a: Gyarados|Taunt|p2a: Wo-Chien\n|-start|p2a: Wo-Chien|move: Taunt\n|move|p2a: Wo-Chien|Knock Off|p1b: Arcanine\n|-activate|p1b: Arcanine|move: Protect\n|\n|-heal|p2a: Wo-Chien|64\/100 brn|[from] item: Leftovers\n|-heal|p2a: Wo-Chien|70\/100 brn|[from] Ingrain\n|-damage|p2a: Wo-Chien|64\/100 brn|[from] brn\n|upkeep\n|turn|25\n|\n|t:|1682243738\n|move|p1b: Arcanine|Extreme Speed|p2a: Wo-Chien\n|-damage|p2a: Wo-Chien|50\/100 brn\n|move|p1a: Gyarados|Waterfall|p2a: Wo-Chien\n|-resisted|p2a: Wo-Chien\n|-crit|p2a: Wo-Chien\n|-damage|p2a: Wo-Chien|31\/100 brn\n|move|p2a: Wo-Chien|Knock Off|p1b: Arcanine\n|-damage|p1b: Arcanine|6\/100\n|\n|-heal|p2a: Wo-Chien|37\/100 brn|[from] item: Leftovers\n|-heal|p2a: Wo-Chien|44\/100 brn|[from] Ingrain\n|-damage|p2a: Wo-Chien|37\/100 brn|[from] brn\n|upkeep\n|turn|26\n|\n|t:|1682243751\n|move|p1b: Arcanine|Protect|p1b: Arcanine\n|-singleturn|p1b: Arcanine|Protect\n|move|p1a: Gyarados|Waterfall|p2a: Wo-Chien\n|-resisted|p2a: Wo-Chien\n|-damage|p2a: Wo-Chien|27\/100 brn\n|move|p2a: Wo-Chien|Knock Off|p1b: Arcanine\n|-activate|p1b: Arcanine|move: Protect\n|\n|-heal|p2a: Wo-Chien|33\/100 brn|[from] item: Leftovers\n|-heal|p2a: Wo-Chien|39\/100 brn|[from] Ingrain\n|-damage|p2a: Wo-Chien|33\/100 brn|[from] brn\n|-end|p2a: Wo-Chien|move: Taunt\n|upkeep\n|turn|27\n|\n|t:|1682243762\n|move|p2a: Wo-Chien|Protect|p2a: Wo-Chien\n|-singleturn|p2a: Wo-Chien|Protect\n|move|p1b: Arcanine|Extreme Speed|p2a: Wo-Chien\n|-activate|p2a: Wo-Chien|move: Protect\n|move|p1a: Gyarados|Taunt|p2a: Wo-Chien\n|-activate|p2a: Wo-Chien|move: Protect\n|\n|-heal|p2a: Wo-Chien|39\/100 brn|[from] item: Leftovers\n|-heal|p2a: Wo-Chien|45\/100 brn|[from] Ingrain\n|-damage|p2a: Wo-Chien|39\/100 brn|[from] brn\n|upkeep\n|turn|28\n|\n|t:|1682243779\n|move|p1b: Arcanine|Extreme Speed|p2a: Wo-Chien\n|-damage|p2a: Wo-Chien|26\/100 brn\n|move|p1a: Gyarados|Waterfall|p2a: Wo-Chien\n|-resisted|p2a: Wo-Chien\n|-damage|p2a: Wo-Chien|14\/100 brn\n|move|p2a: Wo-Chien|Knock Off|p1a: Gyarados\n|-damage|p1a: Gyarados|44\/100\n|\n|-heal|p2a: Wo-Chien|20\/100 brn|[from] item: Leftovers\n|-heal|p2a: Wo-Chien|27\/100 brn|[from] Ingrain\n|-damage|p2a: Wo-Chien|20\/100 brn|[from] brn\n|upkeep\n|turn|29\n|\n|t:|1682243788\n|move|p2a: Wo-Chien|Protect|p2a: Wo-Chien\n|-singleturn|p2a: Wo-Chien|Protect\n|move|p1b: Arcanine|Extreme Speed|p2a: Wo-Chien\n|-activate|p2a: Wo-Chien|move: Protect\n|move|p1a: Gyarados|Taunt|p2a: Wo-Chien\n|-activate|p2a: Wo-Chien|move: Protect\n|\n|-heal|p2a: Wo-Chien|27\/100 brn|[from] item: Leftovers\n|-heal|p2a: Wo-Chien|33\/100 brn|[from] Ingrain\n|-damage|p2a: Wo-Chien|27\/100 brn|[from] brn\n|upkeep\n|turn|30\n|\n|t:|1682243798\n|move|p1b: Arcanine|Flare Blitz|p2a: Wo-Chien\n|-resisted|p2a: Wo-Chien\n|-damage|p2a: Wo-Chien|11\/100 brn\n|-damage|p1b: Arcanine|1\/100|[from] Recoil\n|move|p1a: Gyarados|Taunt|p2a: Wo-Chien\n|-start|p2a: Wo-Chien|move: Taunt\n|move|p2a: Wo-Chien|Knock Off|p1b: Arcanine\n|-damage|p1b: Arcanine|0 fnt\n|faint|p1b: Arcanine\n|\n|-heal|p2a: Wo-Chien|18\/100 brn|[from] item: Leftovers\n|-heal|p2a: Wo-Chien|24\/100 brn|[from] Ingrain\n|-damage|p2a: Wo-Chien|18\/100 brn|[from] brn\n|upkeep\n|turn|31\n|\n|t:|1682243810\n|move|p1a: Gyarados|Waterfall|p2a: Wo-Chien\n|-resisted|p2a: Wo-Chien\n|-damage|p2a: Wo-Chien|6\/100 brn\n|move|p2a: Wo-Chien|Knock Off|p1a: Gyarados\n|-damage|p1a: Gyarados|34\/100\n|\n|-heal|p2a: Wo-Chien|12\/100 brn|[from] item: Leftovers\n|-heal|p2a: Wo-Chien|19\/100 brn|[from] Ingrain\n|-damage|p2a: Wo-Chien|12\/100 brn|[from] brn\n|upkeep\n|turn|32\n|\n|t:|1682243815\n|move|p1a: Gyarados|Waterfall|p2a: Wo-Chien\n|-resisted|p2a: Wo-Chien\n|-damage|p2a: Wo-Chien|2\/100 brn\n|move|p2a: Wo-Chien|Knock Off|p1a: Gyarados\n|-damage|p1a: Gyarados|24\/100\n|\n|-heal|p2a: Wo-Chien|8\/100 brn|[from] item: Leftovers\n|-heal|p2a: Wo-Chien|14\/100 brn|[from] Ingrain\n|-damage|p2a: Wo-Chien|8\/100 brn|[from] brn\n|-end|p2a: Wo-Chien|move: Taunt\n|upkeep\n|turn|33\n|c|\u2606We_Love_The_Gong|ffs\n|c|\u2606We_Love_The_Gong|gg\n|c|\u2606We_Love_The_Gong|u win\n|\n|t:|1682243829\n|move|p2a: Wo-Chien|Protect|p2a: Wo-Chien\n|-singleturn|p2a: Wo-Chien|Protect\n|move|p1a: Gyarados|Waterfall|p2a: Wo-Chien\n|-activate|p2a: Wo-Chien|move: Protect\n|\n|-heal|p2a: Wo-Chien|14\/100 brn|[from] item: Leftovers\n|-heal|p2a: Wo-Chien|20\/100 brn|[from] Ingrain\n|-damage|p2a: Wo-Chien|14\/100 brn|[from] brn\n|upkeep\n|turn|34\n|c|\u2606XD VIRGO|no wait\n|c|\u2606We_Love_The_Gong|u win\n|c|\u2606We_Love_The_Gong|i low rolled\n|\n|t:|1682243853\n|move|p1a: Gyarados|Waterfall|p2a: Wo-Chien\n|-resisted|p2a: Wo-Chien\n|-damage|p2a: Wo-Chien|3\/100 brn\n|cant|p2a: Wo-Chien|flinch\n|\n|-heal|p2a: Wo-Chien|9\/100 brn|[from] item: Leftovers\n|-heal|p2a: Wo-Chien|16\/100 brn|[from] Ingrain\n|-damage|p2a: Wo-Chien|9\/100 brn|[from] brn\n|upkeep\n|turn|35\n|c|\u2606We_Love_The_Gong|and didn't get a single flinch till now\n|c|\u2606XD VIRGO|u dee\n|\n|t:|1682243866\n|move|p2a: Wo-Chien|Protect|p2a: Wo-Chien\n|-singleturn|p2a: Wo-Chien|Protect\n|move|p1a: Gyarados|Waterfall|p2a: Wo-Chien\n|-activate|p2a: Wo-Chien|move: Protect\n|\n|-heal|p2a: Wo-Chien|16\/100 brn|[from] item: Leftovers\n|-heal|p2a: Wo-Chien|22\/100 brn|[from] Ingrain\n|-damage|p2a: Wo-Chien|16\/100 brn|[from] brn\n|upkeep\n|turn|36\n|\n|t:|1682243877\n|move|p1a: Gyarados|Waterfall|p2a: Wo-Chien\n|-resisted|p2a: Wo-Chien\n|-damage|p2a: Wo-Chien|5\/100 brn\n|move|p2a: Wo-Chien|Knock Off|p1a: Gyarados\n|-damage|p1a: Gyarados|14\/100\n|\n|-heal|p2a: Wo-Chien|11\/100 brn|[from] item: Leftovers\n|-heal|p2a: Wo-Chien|17\/100 brn|[from] Ingrain\n|-damage|p2a: Wo-Chien|11\/100 brn|[from] brn\n|upkeep\n|turn|37\n|c|\u2606We_Love_The_Gong|u win\n|\n|t:|1682243889\n|move|p1a: Gyarados|Waterfall|p2a: Wo-Chien\n|-resisted|p2a: Wo-Chien\n|-damage|p2a: Wo-Chien|0 fnt\n|faint|p2a: Wo-Chien\n|\n|win|We_Love_The_Gong\n|n|\u2606We_Love_The_Gong|welovethegong\n|n|\u2606XD VIRGO|xdvirgo\n|c|\u2606We_Love_The_Gong|protect?\n|c|\u2606XD VIRGO|no\n|c|\u2606We_Love_The_Gong|no pp\n|c|\u2606We_Love_The_Gong|gg\n|c|\u2606We_Love_The_Gong|god this regulation sucks\n|c|\u2606XD VIRGO|gg yes it does\n|c|\u2606We_Love_The_Gong|gl\n|l|\u2606We_Love_The_Gong\n|c|\u2606XD VIRGO|u2\n","uploadtime":1682243930,"views":12,"p1id":"welovethegong","p2id":"xdvirgo","formatid":"gen9vgc2023regulationc","rating":0,"private":0,"password":""}