{"id":"gen9vgc2023regulationc-1847989299","p1":"WTFisThisEffinTeam","p2":"That_Leek","format":"[Gen 9] VGC 2023 Regulation C","log":"|j|\u2606WTFisThisEffinTeam\n|j|\u2606That_Leek\n|t:|1682018501\n|gametype|doubles\n|player|p1|WTFisThisEffinTeam|striker|1271\n|player|p2|That_Leek|blue-masters|1212\n|teamsize|p1|6\n|teamsize|p2|6\n|gen|9\n|tier|[Gen 9] VGC 2023 Regulation C\n|rated|\n|rule|Species Clause: Limit one of each Pok\u00e9mon\n|rule|Item Clause: Limit one of each item\n|clearpoke\n|poke|p1|Scream Tail, L50|\n|poke|p1|Arcanine, L50, F|\n|poke|p1|Gothitelle, L50, M|\n|poke|p1|Azumarill, L50, M|\n|poke|p1|Wo-Chien, L50|\n|poke|p1|Ting-Lu, L50|\n|poke|p2|Gholdengo, L50|\n|poke|p2|Gyarados, L50, M|\n|poke|p2|Tyranitar, L50, M|\n|poke|p2|Maushold-Four, L50|\n|poke|p2|Annihilape, L50, M|\n|poke|p2|Volcarona, L50, F|\n|teampreview|4\n|\n|t:|1682018527\n|start\n|switch|p1a: Azumarill|Azumarill, L50, M|100\/100\n|switch|p1b: Arcanine|Arcanine, L50, F|100\/100\n|switch|p2a: Annihilape|Annihilape, L50, M|100\/100\n|switch|p2b: Gholdengo|Gholdengo, L50|100\/100\n|-ability|p1b: Arcanine|Intimidate|boost\n|-unboost|p2a: Annihilape|atk|1\n|-ability|p2a: Annihilape|Defiant|boost\n|-boost|p2a: Annihilape|atk|2\n|-unboost|p2b: Gholdengo|atk|1\n|turn|1\n|\n|t:|1682018550\n|switch|p2a: Gyarados|Gyarados, L50, M|100\/100\n|-ability|p2a: Gyarados|Intimidate|boost\n|-unboost|p1a: Azumarill|atk|1\n|-unboost|p1b: Arcanine|atk|1\n|-enditem|p1b: Arcanine|Eject Pack\n|\n|t:|1682018555\n|switch|p1b: Gothitelle|Gothitelle, L50, M|100\/100\n|-terastallize|p2b: Gholdengo|Water\n|move|p2b: Gholdengo|Nasty Plot|p2b: Gholdengo\n|-boost|p2b: Gholdengo|spa|2\n|move|p1a: Azumarill|Perish Song|p1a: Azumarill\n|-start|p1a: Azumarill|perish3|[silent]\n|-start|p1b: Gothitelle|perish3|[silent]\n|-start|p2a: Gyarados|perish3|[silent]\n|-immune|p2b: Gholdengo|[from] ability: Good as Gold\n|-fieldactivate|move: Perish Song\n|\n|-start|p2a: Gyarados|perish3\n|-start|p1b: Gothitelle|perish3\n|-start|p1a: Azumarill|perish3\n|upkeep\n|turn|2\n|\n|t:|1682018581\n|move|p1b: Gothitelle|Fake Out|p2b: Gholdengo\n|-damage|p2b: Gholdengo|95\/100\n|cant|p2b: Gholdengo|flinch\n|move|p2a: Gyarados|Dragon Dance|p2a: Gyarados\n|-boost|p2a: Gyarados|atk|1\n|-boost|p2a: Gyarados|spe|1\n|move|p1a: Azumarill|Soak|p1b: Gothitelle\n|-start|p1b: Gothitelle|typechange|Water\n|\n|-start|p2a: Gyarados|perish2\n|-start|p1b: Gothitelle|perish2\n|-start|p1a: Azumarill|perish2\n|upkeep\n|turn|3\n|\n|t:|1682018600\n|move|p1b: Gothitelle|Protect|p1b: Gothitelle\n|-singleturn|p1b: Gothitelle|Protect\n|move|p1a: Azumarill|Protect|p1a: Azumarill\n|-singleturn|p1a: Azumarill|Protect\n|move|p2a: Gyarados|Waterfall|p1b: Gothitelle\n|-activate|p1b: Gothitelle|move: Protect\n|move|p2b: Gholdengo|Nasty Plot|p2b: Gholdengo\n|-boost|p2b: Gholdengo|spa|2\n|\n|-start|p2a: Gyarados|perish1\n|-start|p1b: Gothitelle|perish1\n|-start|p1a: Azumarill|perish1\n|upkeep\n|turn|4\n|\n|t:|1682018621\n|switch|p1b: Wo-Chien|Wo-Chien, L50|100\/100\n|-ability|p1b: Wo-Chien|Tablets of Ruin\n|switch|p1a: Arcanine|Arcanine, L50, F|100\/100\n|-ability|p1a: Arcanine|Intimidate|boost\n|-unboost|p2a: Gyarados|atk|1\n|-unboost|p2b: Gholdengo|atk|1\n|move|p2a: Gyarados|Waterfall|p1b: Wo-Chien\n|-resisted|p1b: Wo-Chien\n|-damage|p1b: Wo-Chien|83\/100\n|move|p2b: Gholdengo|Make It Rain|p1b: Wo-Chien|[spread] p1a,p1b\n|-resisted|p1a: Arcanine\n|-damage|p1a: Arcanine|0 fnt\n|-damage|p1b: Wo-Chien|0 fnt\n|-unboost|p2b: Gholdengo|spa|1\n|faint|p1a: Arcanine\n|faint|p1b: Wo-Chien\n|-damage|p2b: Gholdengo|86\/100|[from] item: Life Orb\n|\n|-start|p2a: Gyarados|perish0\n|upkeep\n|faint|p2a: Gyarados\n|\n|t:|1682018633\n|switch|p1a: Azumarill|Azumarill, L50, M|100\/100\n|switch|p2a: Annihilape|Annihilape, L50, M|100\/100\n|switch|p1b: Gothitelle|Gothitelle, L50, M|100\/100\n|turn|5\n|-message|WTFisThisEffinTeam forfeited.\n|\n|win|That_Leek\n|raw|WTFisThisEffinTeam's rating: 1271 → 1242<\/strong> (-29 for losing)\n|raw|That_Leek's rating: 1212 → 1241<\/strong> (+29 for winning)\n|l|\u2606WTFisThisEffinTeam\n","uploadtime":1682018643,"views":11,"p1id":"wtfisthiseffinteam","p2id":"thatleek","formatid":"gen9vgc2023regulationc","rating":1241,"private":0,"password":""}