{"id":"gen9vgc2023regulationc-1848927020","p1":"Spler","p2":"BoutEclipse","format":"[Gen 9] VGC 2023 Regulation C","log":"|j|\u2606Spler\n|j|\u2606BoutEclipse\n|t:|1682127121\n|gametype|doubles\n|player|p1|Spler|169|1165\n|player|p2|BoutEclipse|hilbert|1163\n|teamsize|p1|6\n|teamsize|p2|6\n|gen|9\n|tier|[Gen 9] VGC 2023 Regulation C\n|rated|\n|rule|Species Clause: Limit one of each Pok\u00e9mon\n|rule|Item Clause: Limit one of each item\n|clearpoke\n|poke|p1|Dondozo, L50, M|\n|poke|p1|Tatsugiri-Droopy, L50, F|\n|poke|p1|Wo-Chien, L50|\n|poke|p1|Flutter Mane, L50|\n|poke|p1|Arcanine, L50, M|\n|poke|p1|Glimmora, L50, M|\n|poke|p2|Ceruledge, L50, M|\n|poke|p2|Sableye, L50, F|\n|poke|p2|Iron Hands, L50|\n|poke|p2|Chien-Pao, L50|\n|poke|p2|Sylveon, L50, M|\n|poke|p2|Corviknight, L50, F|\n|teampreview|4\n|inactive|Battle timer is ON: inactive players will automatically lose when time's up. (requested by BoutEclipse)\n|\n|t:|1682127150\n|start\n|switch|p1a: Wo-Chien|Wo-Chien, L50|100\/100\n|switch|p1b: Glimmora|Glimmora, L50, M|100\/100\n|switch|p2a: Sableye|Sableye, L50, F|100\/100\n|switch|p2b: Ceruledge|Ceruledge, L50, M|100\/100\n|-ability|p1a: Wo-Chien|Tablets of Ruin\n|turn|1\n|\n|t:|1682127171\n|-terastallize|p1a: Wo-Chien|Poison\n|move|p2a: Sableye|Reflect|p2a: Sableye\n|-sidestart|p2: BoutEclipse|Reflect\n|move|p1b: Glimmora|Mortal Spin|p2a: Sableye|[spread] p2a,p2b\n|-resisted|p2a: Sableye\n|-resisted|p2b: Ceruledge\n|-damage|p2a: Sableye|99\/100\n|-damage|p2b: Ceruledge|99\/100\n|-status|p2a: Sableye|psn\n|-status|p2b: Ceruledge|psn\n|move|p2b: Ceruledge|Bulk Up|p2b: Ceruledge\n|-boost|p2b: Ceruledge|atk|1\n|-boost|p2b: Ceruledge|def|1\n|move|p1a: Wo-Chien|Leech Seed|p2b: Ceruledge\n|-start|p2b: Ceruledge|move: Leech Seed\n|\n|-heal|p2b: Ceruledge|100\/100 psn|[from] item: Leftovers\n|-damage|p2b: Ceruledge|88\/100 psn|[from] Leech Seed|[of] p1a: Wo-Chien\n|-damage|p2b: Ceruledge|76\/100 psn|[from] psn\n|-damage|p2a: Sableye|87\/100 psn|[from] psn\n|upkeep\n|turn|2\n|inactive|Spler has 30 seconds left.\n|inactive|BoutEclipse has 30 seconds left.\n|\n|t:|1682127200\n|move|p2a: Sableye|Will-O-Wisp|p2b: Ceruledge\n|-start|p2b: Ceruledge|ability: Flash Fire\n|move|p1b: Glimmora|Power Gem|p2b: Ceruledge\n|-supereffective|p2b: Ceruledge\n|-damage|p2b: Ceruledge|0 fnt\n|faint|p2b: Ceruledge\n|move|p1a: Wo-Chien|Leech Seed|p2a: Sableye\n|-start|p2a: Sableye|move: Leech Seed\n|\n|-damage|p2a: Sableye|75\/100 psn|[from] Leech Seed|[of] p1a: Wo-Chien\n|-damage|p2a: Sableye|63\/100 psn|[from] psn\n|upkeep\n|\n|t:|1682127216\n|switch|p2b: Iron Hands|Iron Hands, L50|100\/100\n|turn|3\n|\n|t:|1682127235\n|move|p2b: Iron Hands|Fake Out|p1a: Wo-Chien\n|-damage|p1a: Wo-Chien|93\/100\n|move|p2a: Sableye|Light Screen|p2a: Sableye\n|-sidestart|p2: BoutEclipse|move: Light Screen\n|move|p1b: Glimmora|Mortal Spin|p2a: Sableye|[spread] p2a,p2b\n|-resisted|p2a: Sableye\n|-damage|p2a: Sableye|62\/100 psn\n|-damage|p2b: Iron Hands|99\/100\n|-status|p2b: Iron Hands|psn\n|cant|p1a: Wo-Chien|flinch\n|\n|-heal|p1a: Wo-Chien|99\/100|[from] item: Leftovers\n|-damage|p2a: Sableye|50\/100 psn|[from] Leech Seed|[of] p1a: Wo-Chien\n|-heal|p1a: Wo-Chien|100\/100|[silent]\n|-damage|p2b: Iron Hands|87\/100 psn|[from] psn\n|-damage|p2a: Sableye|37\/100 psn|[from] psn\n|upkeep\n|turn|4\n|\n|t:|1682127259\n|move|p1b: Glimmora|Earth Power|p2b: Iron Hands\n|-supereffective|p2b: Iron Hands\n|-damage|p2b: Iron Hands|56\/100 psn\n|move|p1a: Wo-Chien|Leech Seed|p2b: Iron Hands\n|-start|p2b: Iron Hands|move: Leech Seed\n|move|p2b: Iron Hands|Swords Dance|p2b: Iron Hands\n|-boost|p2b: Iron Hands|atk|2\n|move|p2a: Sableye|Foul Play|p1a: Wo-Chien\n|-damage|p1a: Wo-Chien|87\/100\n|\n|-heal|p1a: Wo-Chien|94\/100|[from] item: Leftovers\n|-damage|p2b: Iron Hands|44\/100 psn|[from] Leech Seed|[of] p1a: Wo-Chien\n|-heal|p1a: Wo-Chien|100\/100|[silent]\n|-damage|p2a: Sableye|25\/100 psn|[from] Leech Seed|[of] p1a: Wo-Chien\n|-damage|p2a: Sableye|13\/100 psn|[from] psn\n|-damage|p2b: Iron Hands|32\/100 psn|[from] psn\n|upkeep\n|turn|5\n|inactive|Spler has 30 seconds left.\n|\n|t:|1682127286\n|move|p2a: Sableye|Will-O-Wisp|p1b: Glimmora\n|-status|p1b: Glimmora|brn\n|move|p1b: Glimmora|Earth Power|p2b: Iron Hands\n|-supereffective|p2b: Iron Hands\n|-damage|p2b: Iron Hands|2\/100 psn\n|move|p1a: Wo-Chien|Snarl|p2b: Iron Hands|[spread] p2a,p2b\n|-resisted|p2b: Iron Hands\n|-damage|p2a: Sableye|3\/100 psn\n|-damage|p2b: Iron Hands|0 fnt\n|-unboost|p2a: Sableye|spa|1\n|faint|p2b: Iron Hands\n|-end|p2b: Iron Hands|Quark Drive|[silent]\n|\n|-damage|p2a: Sableye|0 fnt|[from] Leech Seed|[of] p1a: Wo-Chien\n|faint|p2a: Sableye\n|-damage|p1b: Glimmora|95\/100 brn|[from] brn\n|upkeep\n|-message|BoutEclipse forfeited.\n|\n|win|Spler\n|raw|Spler's rating: 1165 → 1190<\/strong> (+25 for winning)\n|raw|BoutEclipse's rating: 1163 → 1138<\/strong> (-25 for losing)\n|l|\u2606BoutEclipse\n","uploadtime":1682127306,"views":5,"p1id":"spler","p2id":"bouteclipse","formatid":"gen9vgc2023regulationc","rating":1138,"private":0,"password":""}