{"id":"gen9vgc2023regulationc-1847418433","p1":"fatorangutannut69","p2":"Kiryae","format":"[Gen 9] VGC 2023 Regulation C","log":"|j|\u2606fatorangutannut69\n|j|\u2606Kiryae\n|t:|1681952783\n|gametype|doubles\n|player|p1|fatorangutannut69|madame|1128\n|player|p2|Kiryae|170|1201\n|teamsize|p1|6\n|teamsize|p2|6\n|gen|9\n|tier|[Gen 9] VGC 2023 Regulation C\n|rated|\n|rule|Species Clause: Limit one of each Pok\u00e9mon\n|rule|Item Clause: Limit one of each item\n|clearpoke\n|poke|p1|Grimmsnarl, L50, M|\n|poke|p1|Iron Hands, L50|\n|poke|p1|Sylveon, L50, M|\n|poke|p1|Iron Bundle, L50|\n|poke|p1|Houndstone, L50, M|\n|poke|p1|Dudunsparce-*, L50, M|\n|poke|p2|Gholdengo, L50|\n|poke|p2|Arcanine, L50, F|\n|poke|p2|Palafin, L50, M|\n|poke|p2|Roaring Moon, L50|\n|poke|p2|Amoonguss, L50, F|\n|poke|p2|Ting-Lu, L50|\n|teampreview|4\n|inactive|Battle timer is ON: inactive players will automatically lose when time's up. (requested by Kiryae)\n|inactive|Kiryae has 60 seconds left.\n|c|\u2606fatorangutannut69|glhf\n|\n|t:|1681952830\n|start\n|switch|p1a: goblin mode|Grimmsnarl, L50, M|100\/100\n|switch|p1b: santa birdy|Iron Bundle, L50|100\/100\n|switch|p2a: Gholdengo|Gholdengo, L50|100\/100\n|switch|p2b: Amoonguss|Amoonguss, L50, F|100\/100\n|turn|1\n|\n|t:|1681952847\n|-end|p1b: santa birdy|Quark Drive|[silent]\n|switch|p1b: my beloved|Iron Hands, L50|100\/100\n|-terastallize|p2b: Amoonguss|Water\n|move|p1a: goblin mode|Misty Terrain|p1a: goblin mode\n|-fieldstart|move: Misty Terrain\n|move|p2a: Gholdengo|Nasty Plot|p2a: Gholdengo\n|-boost|p2a: Gholdengo|spa|2\n|move|p2b: Amoonguss|Spore|p1b: my beloved\n|-activate|p1b: my beloved|move: Misty Terrain\n|\n|upkeep\n|turn|2\n|inactive|Kiryae has 30 seconds left.\n|\n|t:|1681952872\n|switch|p2b: Arcanine|Arcanine, L50, F|100\/100\n|-ability|p2b: Arcanine|Intimidate|boost\n|-unboost|p1a: goblin mode|atk|1\n|-unboost|p1b: my beloved|atk|1\n|move|p1a: goblin mode|Light Screen|p1a: goblin mode\n|-sidestart|p1: fatorangutannut69|move: Light Screen\n|move|p2a: Gholdengo|Nasty Plot|p2a: Gholdengo\n|-boost|p2a: Gholdengo|spa|2\n|move|p1b: my beloved|Thunder Punch|p2a: Gholdengo\n|-damage|p2a: Gholdengo|73\/100\n|\n|-heal|p2a: Gholdengo|80\/100|[from] item: Leftovers\n|upkeep\n|turn|3\n|\n|t:|1681952890\n|move|p2b: Arcanine|Flare Blitz|p1b: my beloved\n|-damage|p1b: my beloved|67\/100\n|-damage|p2b: Arcanine|85\/100|[from] Recoil\n|move|p2a: Gholdengo|Nasty Plot|p2a: Gholdengo\n|-boost|p2a: Gholdengo|spa|2\n|move|p1a: goblin mode|Spirit Break|p2a: Gholdengo\n|-resisted|p2a: Gholdengo\n|-damage|p2a: Gholdengo|70\/100\n|-unboost|p2a: Gholdengo|spa|1\n|move|p1b: my beloved|Thunder Punch|p2a: Gholdengo\n|-damage|p2a: Gholdengo|41\/100\n|\n|-heal|p2a: Gholdengo|47\/100|[from] item: Leftovers\n|upkeep\n|turn|4\n|\n|t:|1681952908\n|move|p2a: Gholdengo|Protect|p2a: Gholdengo\n|-singleturn|p2a: Gholdengo|Protect\n|move|p2b: Arcanine|Flare Blitz|p1a: goblin mode\n|-damage|p1a: goblin mode|38\/100\n|-damage|p2b: Arcanine|63\/100|[from] Recoil\n|move|p1a: goblin mode|Spirit Break|p2a: Gholdengo\n|-activate|p2a: Gholdengo|move: Protect\n|move|p1b: my beloved|Thunder Punch|p2a: Gholdengo\n|-activate|p2a: Gholdengo|move: Protect\n|\n|-heal|p2a: Gholdengo|54\/100|[from] item: Leftovers\n|upkeep\n|turn|5\n|\n|t:|1681952927\n|move|p1a: goblin mode|Reflect|p1a: goblin mode\n|-sidestart|p1: fatorangutannut69|Reflect\n|move|p2b: Arcanine|Flare Blitz|p1b: my beloved\n|-damage|p1b: my beloved|45\/100\n|-damage|p2b: Arcanine|54\/100|[from] Recoil\n|move|p2a: Gholdengo|Make It Rain|p1a: goblin mode|[spread] p1a,p1b\n|-supereffective|p1a: goblin mode\n|-resisted|p1b: my beloved\n|-damage|p1a: goblin mode|0 fnt\n|-damage|p1b: my beloved|0 fnt\n|-unboost|p2a: Gholdengo|spa|1\n|faint|p1a: goblin mode\n|faint|p1b: my beloved\n|-end|p1b: my beloved|Quark Drive|[silent]\n|\n|-heal|p2a: Gholdengo|60\/100|[from] item: Leftovers\n|-fieldend|Misty Terrain\n|upkeep\n|\n|t:|1681952944\n|switch|p1a: buppy|Houndstone, L50, M|100\/100\n|switch|p1b: santa birdy|Iron Bundle, L50|100\/100\n|turn|6\n|\n|t:|1681952960\n|switch|p2b: Amoonguss|Amoonguss, L50, F, tera:Water|100\/100\n|-terastallize|p1b: santa birdy|Water\n|move|p2a: Gholdengo|Protect|p2a: Gholdengo\n|-singleturn|p2a: Gholdengo|Protect\n|move|p1b: santa birdy|Chilling Water|p2a: Gholdengo\n|-activate|p2a: Gholdengo|move: Protect\n|move|p1a: buppy|Last Respects|p2a: Gholdengo\n|-activate|p2a: Gholdengo|move: Protect\n|\n|-heal|p2a: Gholdengo|66\/100|[from] item: Leftovers\n|upkeep\n|turn|7\n|\n|t:|1681952976\n|move|p2b: Amoonguss|Rage Powder|p2b: Amoonguss\n|-singleturn|p2b: Amoonguss|move: Rage Powder\n|move|p1b: santa birdy|Electric Terrain|p1b: santa birdy\n|-fieldstart|move: Electric Terrain\n|-activate|p1b: santa birdy|ability: Quark Drive\n|-start|p1b: santa birdy|quarkdrivespe\n|move|p2a: Gholdengo|Make It Rain|p1b: santa birdy|[spread] p1a,p1b\n|-resisted|p1b: santa birdy\n|-damage|p1a: buppy|0 fnt\n|-damage|p1b: santa birdy|13\/100\n|-unboost|p2a: Gholdengo|spa|1\n|faint|p1a: buppy\n|\n|-heal|p2a: Gholdengo|72\/100|[from] item: Leftovers\n|upkeep\n|turn|8\n|\n|t:|1681952997\n|move|p1b: santa birdy|Freeze-Dry|p2a: Gholdengo\n|-resisted|p2a: Gholdengo\n|-damage|p2a: Gholdengo|48\/100\n|-status|p2a: Gholdengo|frz\n|cant|p2a: Gholdengo|frz\n|move|p2b: Amoonguss|Pollen Puff|p1b: santa birdy\n|-damage|p1b: santa birdy|0 fnt\n|faint|p1b: santa birdy\n|-end|p1b: santa birdy|Quark Drive|[silent]\n|\n|win|Kiryae\n|raw|fatorangutannut69's rating: 1128 → 1108<\/strong> (-20 for losing)\n|raw|Kiryae's rating: 1201 → 1221<\/strong> (+20 for winning)\n|c|\u2606fatorangutannut69|wp\n|l|\u2606fatorangutannut69\n","uploadtime":1681953010,"views":3,"p1id":"fatorangutannut69","p2id":"kiryae","formatid":"gen9vgc2023regulationc","rating":1108,"private":0,"password":""}