{"id":"gen9vgc2023regulationc-1856598758","p1":"Gone2Flavortown","p2":"my form empties","format":"[Gen 9] VGC 2023 Regulation C","log":"|j|\u2606Gone2Flavortown\n|j|\u2606my form empties\n|t:|1683080629\n|gametype|doubles\n|player|p1|Gone2Flavortown|170|1320\n|player|p2|my form empties|unknownf|1312\n|teamsize|p1|6\n|teamsize|p2|6\n|gen|9\n|tier|[Gen 9] VGC 2023 Regulation C\n|rated|\n|rule|Species Clause: Limit one of each Pok\u00e9mon\n|rule|Item Clause: Limit one of each item\n|clearpoke\n|poke|p1|Klefki, L50, M|\n|poke|p1|Skeledirge, L50, F|\n|poke|p1|Great Tusk, L50|\n|poke|p1|Wo-Chien, L50|\n|poke|p1|Flutter Mane, L50|\n|poke|p1|Chien-Pao, L50|\n|poke|p2|Roaring Moon, L50|\n|poke|p2|Corviknight, L50, F|\n|poke|p2|Garchomp, L50, M|\n|poke|p2|Flutter Mane, L50|\n|poke|p2|Chi-Yu, L50|\n|poke|p2|Gyarados, L50, F|\n|teampreview|4\nmy form empties has agreed to open team sheets.\n|inactive|Battle timer is ON: inactive players will automatically lose when time's up. (requested by Gone2Flavortown)\n|inactive|my form empties has 60 seconds left.\n|\n|t:|1683080692\n|start\n|switch|p1a: Klefki|Klefki, L50, M|100\/100\n|switch|p1b: Flutter Mane|Flutter Mane, L50|100\/100\n|switch|p2a: MINT JAMS|Flutter Mane, L50|100\/100\n|switch|p2b: Chi-Yu|Chi-Yu, L50|100\/100\n|-ability|p2b: Chi-Yu|Beads of Ruin\n|turn|1\n|\n|t:|1683080717\n|-terastallize|p2a: MINT JAMS|Fairy\n|move|p1a: Klefki|Light Screen|p1a: Klefki\n|-sidestart|p1: Gone2Flavortown|move: Light Screen\n|move|p2b: Chi-Yu|Heat Wave|p1a: Klefki|[spread] p1a,p1b\n|-supereffective|p1a: Klefki\n|-crit|p1a: Klefki\n|-damage|p1a: Klefki|0 fnt\n|-damage|p1b: Flutter Mane|68\/100\n|faint|p1a: Klefki\n|move|p2a: MINT JAMS|Moonblast|p1b: Flutter Mane\n|-damage|p1b: Flutter Mane|0 fnt\n|faint|p1b: Flutter Mane\n|-end|p1b: Flutter Mane|Protosynthesis|[silent]\n|\n|upkeep\n|\n|t:|1683080729\n|switch|p1b: Wo-Chien|Wo-Chien, L50|100\/100\n|switch|p1a: Skeledirge|Skeledirge, L50, F|100\/100\n|-ability|p1b: Wo-Chien|Tablets of Ruin\n|turn|2\n|\n|t:|1683080743\n|switch|p2b: Roaring Moon|Roaring Moon, L50|100\/100\n|-enditem|p2b: Roaring Moon|Booster Energy\n|-activate|p2b: Roaring Moon|ability: Protosynthesis|[fromitem]\n|-start|p2b: Roaring Moon|protosynthesisspe\n|-end|p2a: MINT JAMS|Protosynthesis|[silent]\n|switch|p2a: Garchomp|Garchomp, L50, M|100\/100\n|-terastallize|p1b: Wo-Chien|Water\n|move|p1a: Skeledirge|Torch Song|p2a: Garchomp\n|-resisted|p2a: Garchomp\n|-damage|p2a: Garchomp|79\/100\n|-boost|p1a: Skeledirge|spa|1\n|move|p1b: Wo-Chien|Pollen Puff|p1a: Skeledirge\n|-immune|p1a: Skeledirge\n|\n|upkeep\n|turn|3\n|inactive|Gone2Flavortown has 30 seconds left.\n|\n|t:|1683080772\n|move|p2b: Roaring Moon|Protect|p2b: Roaring Moon\n|-singleturn|p2b: Roaring Moon|Protect\n|move|p2a: Garchomp|Substitute|p2a: Garchomp\n|-start|p2a: Garchomp|Substitute\n|-damage|p2a: Garchomp|55\/100\n|move|p1a: Skeledirge|Torch Song|p2a: Garchomp\n|-resisted|p2a: Garchomp\n|-damage|p2a: Garchomp|22\/100\n|-boost|p1a: Skeledirge|spa|1\n|move|p1b: Wo-Chien|Leech Seed|p2b: Roaring Moon\n|-activate|p2b: Roaring Moon|move: Protect\n|\n|upkeep\n|turn|4\n|\n|t:|1683080787\n|move|p2b: Roaring Moon|Throat Chop|p1a: Skeledirge\n|-supereffective|p1a: Skeledirge\n|-damage|p1a: Skeledirge|46\/100\n|-start|p1a: Skeledirge|Throat Chop|[silent]\n|move|p2a: Garchomp|Stomping Tantrum|p1a: Skeledirge\n|-supereffective|p1a: Skeledirge\n|-damage|p1a: Skeledirge|0 fnt\n|faint|p1a: Skeledirge\n|move|p1b: Wo-Chien|Foul Play|p2a: Garchomp\n|-end|p2a: Garchomp|Substitute\n|\n|upkeep\n|turn|5\n|-message|Gone2Flavortown forfeited.\n|\n|win|my form empties\n|raw|Gone2Flavortown's rating: 1320 → 1300<\/strong> (-20 for losing)\n|raw|my form empties's rating: 1312 → 1332<\/strong> (+20 for winning)\n|l|\u2606Gone2Flavortown\n","uploadtime":1683080796,"views":10,"p1id":"gone2flavortown","p2id":"myformempties","formatid":"gen9vgc2023regulationc","rating":1300,"private":0,"password":""}