{"id":"gen9vgc2023regulationc-1847465024","p1":"ultramandyna","p2":"Double Clxtch","format":"[Gen 9] VGC 2023 Regulation C","log":"|j|\u2606ultramandyna\n|j|\u2606Double Clxtch\n|t:|1681958416\n|gametype|doubles\n|player|p1|ultramandyna|2|1090\n|player|p2|Double Clxtch|blue|1175\n|teamsize|p1|6\n|teamsize|p2|6\n|gen|9\n|tier|[Gen 9] VGC 2023 Regulation C\n|rated|\n|rule|Species Clause: Limit one of each Pok\u00e9mon\n|rule|Item Clause: Limit one of each item\n|clearpoke\n|poke|p1|Palafin, L50, M|\n|poke|p1|Skeledirge, L50, F|\n|poke|p1|Flutter Mane, L50|\n|poke|p1|Chi-Yu, L50|\n|poke|p1|Amoonguss, L50, M|\n|poke|p1|Iron Bundle, L50|\n|poke|p2|Orthworm, L50, M|\n|poke|p2|Garchomp, L50, M|\n|poke|p2|Tyranitar, L50, M|\n|poke|p2|Gyarados, L50, M|\n|poke|p2|Ting-Lu, L50|\n|poke|p2|Chien-Pao, L50|\n|teampreview|4\n|\n|t:|1681958454\n|start\n|switch|p1a: Palafin|Palafin, L50, M|100\/100\n|switch|p1b: Amoonguss|Amoonguss, L50, M|100\/100\n|switch|p2a: Orthworm|Orthworm, L50, M, shiny|100\/100\n|switch|p2b: Tyranitar|Tyranitar, L50, M|100\/100\n|-weather|Sandstorm|[from] ability: Sand Stream|[of] p2b: Tyranitar\n|turn|1\n|\n|t:|1681958482\n|-terastallize|p1a: Palafin|Water\n|move|p1a: Palafin|Jet Punch|p2b: Tyranitar\n|-supereffective|p2b: Tyranitar\n|-damage|p2b: Tyranitar|48\/100\n|move|p2a: Orthworm|Iron Defense|p2a: Orthworm\n|-boost|p2a: Orthworm|def|2\n|move|p2b: Tyranitar|Thunderbolt|p1a: Palafin\n|-supereffective|p1a: Palafin\n|-damage|p1a: Palafin|30\/100\n|-status|p1a: Palafin|par\n|move|p1b: Amoonguss|Spore|p2a: Orthworm\n|-status|p2a: Orthworm|slp|[from] move: Spore\n|\n|-weather|Sandstorm|[upkeep]\n|-damage|p1a: Palafin|24\/100 par|[from] Sandstorm\n|-damage|p1b: Amoonguss|95\/100|[from] Sandstorm\n|upkeep\n|turn|2\n|\n|t:|1681958533\n|move|p1a: Palafin|Jet Punch|p2b: Tyranitar\n|-supereffective|p2b: Tyranitar\n|-damage|p2b: Tyranitar|0 fnt\n|faint|p2b: Tyranitar\n|cant|p2a: Orthworm|slp\n|move|p1b: Amoonguss|Pollen Puff|p1a: Palafin\n|-heal|p1a: Palafin|74\/100 par\n|\n|-weather|Sandstorm|[upkeep]\n|-damage|p1a: Palafin|69\/100 par|[from] Sandstorm\n|-damage|p1b: Amoonguss|89\/100|[from] Sandstorm\n|upkeep\n|\n|t:|1681958546\n|switch|p2b: Garchomp|Garchomp, L50, M|100\/100\n|turn|3\n|\n|t:|1681958569\n|move|p2b: Garchomp|Earthquake|p1b: Amoonguss|[spread] p1a,p1b\n|-immune|p2a: Orthworm|[from] ability: Earth Eater\n|-damage|p1a: Palafin|18\/100 par\n|-damage|p1b: Amoonguss|52\/100\n|-curestatus|p2a: Orthworm|slp|[msg]\n|move|p2a: Orthworm|Iron Defense|p2a: Orthworm\n|-boost|p2a: Orthworm|def|2\n|move|p1a: Palafin|Ice Punch|p2b: Garchomp\n|-supereffective|p2b: Garchomp\n|-damage|p2b: Garchomp|29\/100\n|move|p1b: Amoonguss|Spore|p2b: Garchomp\n|-activate|p2b: Garchomp|item: Safety Goggles|Spore\n|\n|-weather|Sandstorm|[upkeep]\n|-damage|p1a: Palafin|12\/100 par|[from] Sandstorm\n|-damage|p1b: Amoonguss|46\/100|[from] Sandstorm\n|-enditem|p1b: Amoonguss|Sitrus Berry|[eat]\n|-heal|p1b: Amoonguss|71\/100|[from] item: Sitrus Berry\n|upkeep\n|turn|4\n|\n|t:|1681958606\n|move|p2b: Garchomp|Protect|p2b: Garchomp\n|-singleturn|p2b: Garchomp|Protect\n|move|p1a: Palafin|Protect|p1a: Palafin\n|-singleturn|p1a: Palafin|Protect\n|move|p2a: Orthworm|Body Press|p1a: Palafin\n|-activate|p1a: Palafin|move: Protect\n|move|p1b: Amoonguss|Pollen Puff|p2b: Garchomp\n|-activate|p2b: Garchomp|move: Protect\n|\n|-weather|Sandstorm|[upkeep]\n|-damage|p1a: Palafin|6\/100 par|[from] Sandstorm\n|-damage|p1b: Amoonguss|65\/100|[from] Sandstorm\n|upkeep\n|turn|5\n|\n|t:|1681958625\n|switch|p2b: Ting-Lu|Ting-Lu, L50|100\/100\n|-ability|p2b: Ting-Lu|Vessel of Ruin\n|move|p2a: Orthworm|Protect|p2a: Orthworm\n|-singleturn|p2a: Orthworm|Protect\n|move|p1a: Palafin|Protect|p1a: Palafin\n|-singleturn|p1a: Palafin|Protect\n|move|p1b: Amoonguss|Pollen Puff|p1a: Palafin\n|-activate|p1a: Palafin|move: Protect\n|\n|-weather|none\n|upkeep\n|turn|6\n|\n|t:|1681958653\n|detailschange|p1a: Palafin|Palafin-Hero, L50, M, tera:Water\n|switch|p1a: Skeledirge|Skeledirge, L50, F|100\/100\n|move|p2a: Orthworm|Body Press|p1b: Amoonguss\n|-resisted|p1b: Amoonguss\n|-damage|p1b: Amoonguss|24\/100\n|move|p2b: Ting-Lu|Earthquake|p1a: Skeledirge|[spread] p1a,p1b\n|-immune|p2a: Orthworm|[from] ability: Earth Eater\n|-supereffective|p1a: Skeledirge\n|-crit|p1b: Amoonguss\n|-damage|p1a: Skeledirge|52\/100\n|-damage|p1b: Amoonguss|0 fnt\n|faint|p1b: Amoonguss\n|\n|-heal|p1a: Skeledirge|58\/100|[from] item: Leftovers\n|upkeep\n|\n|t:|1681958670\n|switch|p1b: Palafin|Palafin-Hero, L50, M, tera:Water|6\/100 par\n|-activate|p1b: Palafin|ability: Zero to Hero\n|turn|7\n|\n|t:|1681958683\n|-terastallize|p2a: Orthworm|Electric\n|move|p1a: Skeledirge|Torch Song|p2a: Orthworm\n|-damage|p2a: Orthworm|68\/100\n|-boost|p1a: Skeledirge|spa|1\n|move|p2a: Orthworm|Iron Head|p1a: Skeledirge\n|-resisted|p1a: Skeledirge\n|-damage|p1a: Skeledirge|48\/100\n|move|p1b: Palafin|Wave Crash|p2b: Ting-Lu\n|-supereffective|p2b: Ting-Lu\n|-damage|p2b: Ting-Lu|0 fnt\n|faint|p2b: Ting-Lu\n|-damage|p1b: Palafin|0 fnt|[from] Recoil\n|faint|p1b: Palafin\n|\n|-heal|p1a: Skeledirge|54\/100|[from] item: Leftovers\n|upkeep\n|\n|t:|1681958703\n|switch|p1b: Flutter Mane|Flutter Mane, L50|100\/100\n|switch|p2b: Garchomp|Garchomp, L50, M|29\/100\n|turn|8\n|\n|t:|1681958722\n|move|p1a: Skeledirge|Protect|p1a: Skeledirge\n|-singleturn|p1a: Skeledirge|Protect\n|move|p1b: Flutter Mane|Moonblast|p2b: Garchomp\n|-supereffective|p2b: Garchomp\n|-damage|p2b: Garchomp|0 fnt\n|faint|p2b: Garchomp\n|move|p2a: Orthworm|Iron Head|p1b: Flutter Mane\n|-supereffective|p1b: Flutter Mane\n|-damage|p1b: Flutter Mane|0 fnt\n|faint|p1b: Flutter Mane\n|-end|p1b: Flutter Mane|Protosynthesis|[silent]\n|\n|-heal|p1a: Skeledirge|60\/100|[from] item: Leftovers\n|upkeep\n|turn|9\n|\n|t:|1681958740\n|move|p1a: Skeledirge|Torch Song|p2a: Orthworm\n|-damage|p2a: Orthworm|0 fnt\n|-boost|p1a: Skeledirge|spa|1\n|faint|p2a: Orthworm\n|\n|win|ultramandyna\n|raw|ultramandyna's rating: 1090 → 1123<\/strong> (+33 for winning)\n|raw|Double Clxtch's rating: 1175 → 1144<\/strong> (-31 for losing)\n","uploadtime":1681958749,"views":3,"p1id":"ultramandyna","p2id":"doubleclxtch","formatid":"gen9vgc2023regulationc","rating":1123,"private":0,"password":""}