{"id":"gen9vgc2023regulationc-1844900715","p1":"Cerpin T","p2":"mharidain","format":"[Gen 9] VGC 2023 Regulation C","log":"|j|\u2606Cerpin T\n|j|\u2606mharidain\n|t:|1681662097\n|gametype|doubles\n|player|p1|Cerpin T|drayden|\n|player|p2|mharidain|guitarist-gen4|\n|teamsize|p1|6\n|teamsize|p2|6\n|gen|9\n|tier|[Gen 9] VGC 2023 Regulation C\n|rule|Species Clause: Limit one of each Pok\u00e9mon\n|rule|Item Clause: Limit one of each item\n|clearpoke\n|poke|p1|Zorua, L5, M|\n|poke|p1|Finneon, L5, M|\n|poke|p1|Cacnea, L5, M|\n|poke|p1|Numel, L5, M|\n|poke|p1|Shuppet, L5, M|\n|poke|p1|Pichu, L5, M|\n|poke|p2|Makuhita, L5, M|\n|poke|p2|Larvesta, L5, M|\n|poke|p2|Mareanie, L5, M|\n|poke|p2|Bagon, L5, F|\n|poke|p2|Charcadet, L5, M|\n|poke|p2|Surskit, L5, M|\n|teampreview|4\n|j| haydyg\n|j| H0p5t3r\n|c| H0p5t3r|Glhd lads\n|c| haydyg|have dreams\nCerpin T rejected open team sheets.\n|\n|t:|1681662161\n|start\n|switch|p1a: Ace Can|Cacnea, L5, M, shiny|100\/100\n|switch|p1b: Shet Pup|Shuppet, L5, M, shiny|100\/100\n|switch|p2a: Donttakemysta|Larvesta, L5, M, shiny|100\/100\n|switch|p2b: Stinker|Surskit, L5, M, shiny|100\/100\n|-item|p2a: Donttakemysta|Choice Band|[from] ability: Frisk|[of] p1b: Shet Pup|[identify]\n|-item|p2b: Stinker|Focus Sash|[from] ability: Frisk|[of] p1b: Shet Pup|[identify]\n|turn|1\n|\n|t:|1681662197\n|switch|p1a: If None N|Finneon, L5, M, shiny|100\/100\n|move|p2b: Stinker|Agility|p2b: Stinker\n|-boost|p2b: Stinker|spe|2\n|move|p2a: Donttakemysta|U-turn|p1a: If None N\n|-damage|p1a: If None N|55\/100\n|\n|t:|1681662205\n|switch|p2a: Bag on head|Bagon, L5, F, shiny|100\/100|[from] U-turn\n|move|p1b: Shet Pup|Trick|p2a: Bag on head\n|-activate|p1b: Shet Pup|move: Trick|[of] p2a: Bag on head\n|-item|p2a: Bag on head|Mental Herb|[from] move: Trick\n|-item|p1b: Shet Pup|Life Orb|[from] move: Trick\n|\n|upkeep\n|turn|2\n|c| H0p5t3r|That's a quick spider\n|c| haydyg|Don't be rude, spiders have 8 legs\n|c| haydyg|He's a lil bug guy\n|\n|t:|1681662243\n|move|p2a: Bag on head|Protect|p2a: Bag on head\n|-singleturn|p2a: Bag on head|Protect\n|move|p2b: Stinker|Baton Pass|p2b: Stinker\n|\n|t:|1681662247\n|switch|p2b: Makuhammad Ali|Makuhita, L5, M|100\/100|[from] Baton Pass\n|move|p1a: If None N|Tailwind|p1a: If None N\n|-sidestart|p1: Cerpin T|move: Tailwind\n|move|p1b: Shet Pup|Will-O-Wisp|p2a: Bag on head\n|-activate|p2a: Bag on head|move: Protect\n|\n|-status|p2b: Makuhammad Ali|brn|[from] item: Flame Orb\n|upkeep\n|turn|3\n|c| H0p5t3r|Uh oh\n|c| H0p5t3r|It's got guts this one\n|j| ZennN16\n|\n|t:|1681662298\n|move|p2b: Makuhammad Ali|Fake Out|p1a: If None N\n|-crit|p1a: If None N\n|-damage|p1a: If None N|23\/100\n|cant|p1a: If None N|flinch\n|move|p1b: Shet Pup|Will-O-Wisp|p2a: Bag on head\n|-status|p2a: Bag on head|brn\n|move|p2a: Bag on head|Rock Slide|p1b: Shet Pup|[spread] p1a,p1b\n|-damage|p1a: If None N|14\/100\n|-damage|p1b: Shet Pup|82\/100\n|\n|-damage|p2b: Makuhammad Ali|96\/100 brn|[from] brn\n|-damage|p2a: Bag on head|96\/100 brn|[from] brn\n|upkeep\n|turn|4\n|l| ZennN16\n|\n|t:|1681662349\n|move|p1b: Shet Pup|Helping Hand|p1a: If None N\n|-singleturn|p1a: If None N|Helping Hand|[of] p1b: Shet Pup\n|move|p1a: If None N|Dazzling Gleam|p2b: Makuhammad Ali|[spread] p2a,p2b\n|-supereffective|p2a: Bag on head\n|-supereffective|p2b: Makuhammad Ali\n|-damage|p2a: Bag on head|20\/100 brn\n|-damage|p2b: Makuhammad Ali|35\/100 brn\n|move|p2b: Makuhammad Ali|Knock Off|p1b: Shet Pup\n|-supereffective|p1b: Shet Pup\n|-damage|p1b: Shet Pup|0 fnt\n|-enditem|p1b: Shet Pup|Life Orb|[from] move: Knock Off|[of] p2b: Makuhammad Ali\n|faint|p1b: Shet Pup\n|move|p2a: Bag on head|Dragon Dance|p2a: Bag on head\n|-boost|p2a: Bag on head|atk|1\n|-boost|p2a: Bag on head|spe|1\n|\n|-damage|p2a: Bag on head|15\/100 brn|[from] brn\n|-damage|p2b: Makuhammad Ali|31\/100 brn|[from] brn\n|upkeep\n|\n|t:|1681662369\n|switch|p1b: Ace Can|Cacnea, L5, M, shiny|100\/100\n|turn|5\n|\n|t:|1681662437\n|move|p1b: Ace Can|Snarl|p2a: Bag on head|[spread] p2a,p2b\n|-resisted|p2b: Makuhammad Ali\n|-damage|p2a: Bag on head|0 fnt\n|-damage|p2b: Makuhammad Ali|14\/100 brn\n|-unboost|p2b: Makuhammad Ali|spa|1\n|faint|p2a: Bag on head\n|move|p1a: If None N|Dazzling Gleam|p2b: Makuhammad Ali\n|-supereffective|p2b: Makuhammad Ali\n|-damage|p2b: Makuhammad Ali|0 fnt\n|faint|p2b: Makuhammad Ali\n|\n|-sideend|p1: Cerpin T|move: Tailwind\n|upkeep\n|\n|t:|1681662446\n|switch|p2a: Stinker|Surskit, L5, M, shiny|100\/100\n|switch|p2b: Donttakemysta|Larvesta, L5, M, shiny|100\/100\n|turn|6\n|\n|t:|1681662508\n|switch|p1b: Ace Can|Cacnea, L5, M, shiny|100\/100\n|move|p2a: Stinker|Aqua Jet|p1a: If None N\n|-ability|p1a: If None N|Storm Drain|boost\n|-boost|p1a: If None N|spa|1\n|move|p2b: Donttakemysta|Flare Blitz|p1b: Ace Can\n|-supereffective|p1b: Ace Can\n|-damage|p1b: Ace Can|0 fnt\n|faint|p1b: Ace Can\n|-damage|p2b: Donttakemysta|64\/100|[from] Recoil\n|move|p1a: If None N|Tailwind|p1a: If None N\n|-sidestart|p1: Cerpin T|move: Tailwind\n|\n|upkeep\n|\n|t:|1681662519\n|switch|p1b: Arouz|Zorua, L5, M, shiny|100\/100\n|turn|7\n|\n|t:|1681662546\n|move|p1b: Arouz|Dark Pulse|p2b: Donttakemysta\n|-damage|p2b: Donttakemysta|0 fnt\n|faint|p2b: Donttakemysta\n|move|p1a: If None N|Dazzling Gleam|p2a: Stinker\n|-damage|p2a: Stinker|58\/100\n|move|p2a: Stinker|Haze|p2a: Stinker\n|-clearallboost\n|\n|upkeep\n|turn|8\n|\n|t:|1681662573\n|move|p1b: Arouz|Dark Pulse|p2a: Stinker\n|-damage|p2a: Stinker|0 fnt\n|faint|p2a: Stinker\n|\n|win|Cerpin T\n|c| haydyg|ggg\n","uploadtime":1681662582,"views":26,"p1id":"cerpint","p2id":"mharidain","formatid":"gen9vgc2023regulationc","rating":0,"private":0,"password":""}