{"id":"gen9vgc2023regulationc-1861753399","p1":"gesu1265","p2":"k58462312","format":"[Gen 9] VGC 2023 Regulation C","log":"|j|\u2606gesu1265\n|j|\u2606k58462312\n|t:|1683804625\n|gametype|doubles\n|player|p1|gesu1265|2|1158\n|player|p2|k58462312|riley|1152\n|teamsize|p1|6\n|teamsize|p2|6\n|gen|9\n|tier|[Gen 9] VGC 2023 Regulation C\n|rated|\n|rule|Species Clause: Limit one of each Pok\u00e9mon\n|rule|Item Clause: Limit one of each item\n|clearpoke\n|poke|p1|Kingambit, L50, F|\n|poke|p1|Annihilape, L50, M|\n|poke|p1|Flutter Mane, L50|\n|poke|p1|Roaring Moon, L50|\n|poke|p1|Gastrodon-East, L50, M|\n|poke|p1|Grimmsnarl, L50, M|\n|poke|p2|Corviknight, L50, M|\n|poke|p2|Vaporeon, L50, F|\n|poke|p2|Ting-Lu, L50|\n|poke|p2|Gallade, L50, M|\n|poke|p2|Eelektross, L50, F|\n|poke|p2|Grimmsnarl, L50, M|\n|teampreview|4\ngesu1265 has agreed to open team sheets.\n|inactive|Battle timer is ON: inactive players will automatically lose when time's up. (requested by k58462312)\n|inactive|gesu1265 has 60 seconds left.\n|\n|t:|1683804715\n|start\n|switch|p1a: Bambino|Annihilape, L50, M|100\/100\n|switch|p1b: Kingambit|Kingambit, L50, F|100\/100\n|switch|p2a: Gallade|Gallade, L50, M|100\/100\n|switch|p2b: Eelektross|Eelektross, L50, F|100\/100\n|turn|1\n|inactive|gesu1265 has 30 seconds left.\n|inactive|k58462312 has 30 seconds left.\n|inactive|gesu1265 has 20 seconds left.\n|\n|t:|1683804751\n|switch|p1b: Trinit\u00e0|Gastrodon-East, L50, M, shiny|100\/100\n|-terastallize|p1a: Bambino|Fire\n|move|p2a: Gallade|Sacred Sword|p1b: Trinit\u00e0\n|-damage|p1b: Trinit\u00e0|34\/100\n|-enditem|p1b: Trinit\u00e0|Sitrus Berry|[eat]\n|-heal|p1b: Trinit\u00e0|59\/100|[from] item: Sitrus Berry\n|move|p1a: Bambino|Rage Fist|p2a: Gallade\n|-supereffective|p2a: Gallade\n|-damage|p2a: Gallade|28\/100\n|move|p2b: Eelektross|Thunderbolt|p1b: Trinit\u00e0\n|-immune|p1b: Trinit\u00e0\n|\n|upkeep\n|turn|2\n|\n|t:|1683804775\n|move|p1b: Trinit\u00e0|Protect|p1b: Trinit\u00e0\n|-singleturn|p1b: Trinit\u00e0|Protect\n|move|p2a: Gallade|Sacred Sword|p1a: Bambino\n|-damage|p1a: Bambino|37\/100\n|move|p1a: Bambino|Rage Fist|p2a: Gallade\n|-supereffective|p2a: Gallade\n|-crit|p2a: Gallade\n|-damage|p2a: Gallade|0 fnt\n|faint|p2a: Gallade\n|move|p2b: Eelektross|Thunderbolt|p1a: Bambino\n|-damage|p1a: Bambino|0 fnt\n|faint|p1a: Bambino\n|\n|upkeep\n|\n|t:|1683804793\n|switch|p2a: Ting-Lu|Ting-Lu, L50|100\/100\n|switch|p1a: Kingambit|Kingambit, L50, F|100\/100\n|-ability|p2a: Ting-Lu|Vessel of Ruin\n|turn|3\n|\n|t:|1683804808\n|-terastallize|p2a: Ting-Lu|Water\n|move|p1a: Kingambit|Kowtow Cleave|p2a: Ting-Lu\n|-damage|p2a: Ting-Lu|60\/100\n|move|p2b: Eelektross|Flamethrower|p1a: Kingambit\n|-supereffective|p1a: Kingambit\n|-damage|p1a: Kingambit|54\/100\n|-status|p1a: Kingambit|brn\n|move|p2a: Ting-Lu|Throat Chop|p1b: Trinit\u00e0\n|-damage|p1b: Trinit\u00e0|23\/100\n|-start|p1b: Trinit\u00e0|Throat Chop|[silent]\n|move|p1b: Trinit\u00e0|Muddy Water|p2a: Ting-Lu|[spread] p2a\n|-miss|p1b: Trinit\u00e0|p2b: Eelektross\n|-resisted|p2a: Ting-Lu\n|-damage|p2a: Ting-Lu|55\/100\n|\n|-damage|p1a: Kingambit|48\/100 brn|[from] brn\n|upkeep\n|turn|4\n|inactive|gesu1265 has 30 seconds left.\n|\n|t:|1683804842\n|move|p1a: Kingambit|Kowtow Cleave|p2a: Ting-Lu\n|-damage|p2a: Ting-Lu|35\/100\n|move|p2b: Eelektross|Flamethrower|p1a: Kingambit\n|-supereffective|p1a: Kingambit\n|-damage|p1a: Kingambit|8\/100 brn\n|move|p2a: Ting-Lu|Throat Chop|p1b: Trinit\u00e0\n|-damage|p1b: Trinit\u00e0|0 fnt\n|faint|p1b: Trinit\u00e0\n|\n|-damage|p1a: Kingambit|2\/100 brn|[from] brn\n|upkeep\n|\n|t:|1683804851\n|switch|p1b: Flutter Mane|Flutter Mane, L50|100\/100\n|turn|5\n|\n|t:|1683804863\n|move|p1a: Kingambit|Sucker Punch|p2b: Eelektross\n|-damage|p2b: Eelektross|72\/100\n|move|p1b: Flutter Mane|Moonblast|p2a: Ting-Lu\n|-damage|p2a: Ting-Lu|17\/100\n|move|p2b: Eelektross|Thunderbolt|p1b: Flutter Mane\n|-damage|p1b: Flutter Mane|67\/100\n|move|p2a: Ting-Lu|Heavy Slam|p1b: Flutter Mane\n|-supereffective|p1b: Flutter Mane\n|-damage|p1b: Flutter Mane|0 fnt\n|faint|p1b: Flutter Mane\n|-end|p1b: Flutter Mane|Protosynthesis|[silent]\n|\n|-damage|p1a: Kingambit|0 fnt|[from] brn\n|faint|p1a: Kingambit\n|\n|win|k58462312\n|upkeep\n|raw|gesu1265's rating: 1158 → 1133<\/strong> (-25 for losing)\n|raw|k58462312's rating: 1152 → 1177<\/strong> (+25 for winning)\n|l|\u2606gesu1265\n","uploadtime":1683804883,"views":21,"p1id":"gesu1265","p2id":"k58462312","formatid":"gen9vgc2023regulationc","rating":1133,"private":0,"password":""}