{"id":"gen9vgc2023regulationc-1856577354","p1":"ReCapra","p2":"Matutinha","format":"[Gen 9] VGC 2023 Regulation C","log":"|j|\u2606ReCapra\n|j|\u2606Matutinha\n|t:|1683077889\n|gametype|doubles\n|player|p1|ReCapra|emmet|1509\n|player|p2|Matutinha|1|1626\n|teamsize|p1|6\n|teamsize|p2|6\n|gen|9\n|tier|[Gen 9] VGC 2023 Regulation C\n|rated|\n|rule|Species Clause: Limit one of each Pok\u00e9mon\n|rule|Item Clause: Limit one of each item\n|clearpoke\n|poke|p1|Flutter Mane, L50|\n|poke|p1|Gyarados, L50, M|\n|poke|p1|Abomasnow, L50, M|\n|poke|p1|Iron Bundle, L50|\n|poke|p1|Talonflame, L50, M|\n|poke|p1|Garchomp, L50, F|\n|poke|p2|Tyranitar, L50, M|\n|poke|p2|Lycanroc, L50, M|\n|poke|p2|Farigiraf, L50, F|\n|poke|p2|Flutter Mane, L50|\n|poke|p2|Annihilape, L50, M|\n|poke|p2|Amoonguss, L50, M|\n|teampreview|4\n|inactive|Battle timer is ON: inactive players will automatically lose when time's up. (requested by Matutinha)\n|\n|t:|1683077964\n|start\n|switch|p1a: Nicolas Cage|Flutter Mane, L50|100\/100\n|switch|p1b: Gyaragod|Gyarados, L50, M|100\/100\n|switch|p2a: Farigiraf|Farigiraf, L50, F|100\/100\n|switch|p2b: Annihilape|Annihilape, L50, M|100\/100\n|-ability|p1b: Gyaragod|Intimidate|boost\n|-unboost|p2a: Farigiraf|atk|1\n|-unboost|p2b: Annihilape|atk|1\n|turn|1\n|inactive|ReCapra has 30 seconds left.\n|\n|t:|1683077993\n|-terastallize|p1a: Nicolas Cage|Water\n|move|p2b: Annihilape|Protect|p2b: Annihilape\n|-singleturn|p2b: Annihilape|Protect\n|move|p1a: Nicolas Cage|Dazzling Gleam|p2b: Annihilape|[spread] p2a\n|-activate|p2b: Annihilape|move: Protect\n|-damage|p2a: Farigiraf|64\/100\n|move|p1b: Gyaragod|Taunt|p2a: Farigiraf\n|-start|p2a: Farigiraf|move: Taunt\n|-enditem|p2a: Farigiraf|Mental Herb\n|-end|p2a: Farigiraf|move: Taunt\n|move|p2a: Farigiraf|Trick Room|p2a: Farigiraf\n|-fieldstart|move: Trick Room|[of] p2a: Farigiraf\n|\n|upkeep\n|turn|2\n|j| merahmerona\n|\n|t:|1683078017\n|-terastallize|p2b: Annihilape|Fire\n|move|p2a: Farigiraf|Beat Up|p2b: Annihilape\n|-damage|p2b: Annihilape|99\/100\n|-damage|p2b: Annihilape|96\/100\n|-damage|p2b: Annihilape|94\/100\n|-damage|p2b: Annihilape|91\/100\n|-hitcount|p2b: Annihilape|4\n|move|p2b: Annihilape|Rage Fist|p1a: Nicolas Cage\n|-damage|p1a: Nicolas Cage|0 fnt\n|faint|p1a: Nicolas Cage\n|-end|p1a: Nicolas Cage|Protosynthesis|[silent]\n|move|p1b: Gyaragod|Waterfall|p2b: Annihilape\n|-supereffective|p2b: Annihilape\n|-damage|p2b: Annihilape|25\/100\n|\n|-heal|p2b: Annihilape|31\/100|[from] item: Leftovers\n|upkeep\n|\n|t:|1683078025\n|switch|p1a: Aaaboomaa|Abomasnow, L50, M, shiny|100\/100\n|-weather|Snow|[from] ability: Snow Warning|[of] p1a: Aaaboomaa\n|turn|3\n|inactive|ReCapra has 30 seconds left.\n|\n|t:|1683078058\n|switch|p2a: Tyranitar|Tyranitar, L50, M|100\/100\n|-weather|Sandstorm|[from] ability: Sand Stream|[of] p2a: Tyranitar\n|move|p1a: Aaaboomaa|Aurora Veil||[still]\n|-fail|p1a: Aaaboomaa\n|move|p2b: Annihilape|Rage Fist|p1b: Gyaragod\n|-damage|p1b: Gyaragod|8\/100\n|move|p1b: Gyaragod|Waterfall|p2b: Annihilape\n|-supereffective|p2b: Annihilape\n|-damage|p2b: Annihilape|0 fnt\n|faint|p2b: Annihilape\n|\n|-weather|Sandstorm|[upkeep]\n|-damage|p1a: Aaaboomaa|94\/100|[from] Sandstorm\n|-damage|p1b: Gyaragod|2\/100|[from] Sandstorm\n|-heal|p1a: Aaaboomaa|100\/100|[from] item: Leftovers\n|upkeep\n|\n|t:|1683078076\n|switch|p2b: Farigiraf|Farigiraf, L50, F|64\/100\n|turn|4\n|\n|t:|1683078096\n|move|p2b: Farigiraf|Twin Beam|p1a: Aaaboomaa\n|-damage|p1a: Aaaboomaa|85\/100\n|-damage|p1a: Aaaboomaa|68\/100\n|-hitcount|p1a: Aaaboomaa|2\n|move|p1a: Aaaboomaa|Leech Seed|p2a: Tyranitar\n|-start|p2a: Tyranitar|move: Leech Seed\n|move|p2a: Tyranitar|Rock Slide|p1a: Aaaboomaa|[spread] p1b\n|-miss|p2a: Tyranitar|p1a: Aaaboomaa\n|-supereffective|p1b: Gyaragod\n|-damage|p1b: Gyaragod|0 fnt\n|faint|p1b: Gyaragod\n|\n|-weather|Sandstorm|[upkeep]\n|-damage|p2b: Farigiraf|58\/100|[from] Sandstorm\n|-damage|p1a: Aaaboomaa|62\/100|[from] Sandstorm\n|-heal|p1a: Aaaboomaa|68\/100|[from] item: Leftovers\n|-damage|p2a: Tyranitar|88\/100|[from] Leech Seed|[of] p1a: Aaaboomaa\n|-heal|p1a: Aaaboomaa|81\/100|[silent]\n|upkeep\n|\n|t:|1683078114\n|switch|p1b: Kowalsky|Iron Bundle, L50, shiny|100\/100\n|turn|5\n|inactive|ReCapra has 30 seconds left.\n|inactive|ReCapra has 20 seconds left.\n|\n|t:|1683078152\n|move|p2b: Farigiraf|Twin Beam|p1a: Aaaboomaa\n|-damage|p1a: Aaaboomaa|65\/100\n|-crit|p1a: Aaaboomaa\n|-damage|p1a: Aaaboomaa|40\/100\n|-hitcount|p1a: Aaaboomaa|2\n|move|p1a: Aaaboomaa|Energy Ball|p2b: Farigiraf\n|-damage|p2b: Farigiraf|31\/100\n|move|p2a: Tyranitar|Rock Slide|p1b: Kowalsky|[spread] \n|-miss|p2a: Tyranitar|p1a: Aaaboomaa\n|-miss|p2a: Tyranitar|p1b: Kowalsky\n|move|p1b: Kowalsky|Hydro Pump|p2b: Farigiraf\n|-damage|p2b: Farigiraf|0 fnt\n|faint|p2b: Farigiraf\n|\n|-weather|Sandstorm|[upkeep]\n|-damage|p1a: Aaaboomaa|33\/100|[from] Sandstorm\n|-damage|p1b: Kowalsky|94\/100|[from] Sandstorm\n|-heal|p1a: Aaaboomaa|40\/100|[from] item: Leftovers\n|-damage|p2a: Tyranitar|76\/100|[from] Leech Seed|[of] p1a: Aaaboomaa\n|-heal|p1a: Aaaboomaa|52\/100|[silent]\n|-fieldend|move: Trick Room\n|upkeep\n|\n|t:|1683078163\n|switch|p2b: Lycanroc|Lycanroc, L50, M|100\/100\n|turn|6\n|-activate|p2a: Tyranitar|item: Quick Claw\n|\n|t:|1683078180\n|move|p2a: Tyranitar|Rock Slide|p1b: Kowalsky|[spread] p1a,p1b\n|-supereffective|p1a: Aaaboomaa\n|-supereffective|p1b: Kowalsky\n|-damage|p1a: Aaaboomaa|0 fnt\n|-damage|p1b: Kowalsky|13\/100\n|faint|p1a: Aaaboomaa\n|move|p2b: Lycanroc|Rock Slide|p1b: Kowalsky\n|-supereffective|p1b: Kowalsky\n|-damage|p1b: Kowalsky|0 fnt\n|faint|p1b: Kowalsky\n|-end|p1b: Kowalsky|Quark Drive|[silent]\n|-damage|p2b: Lycanroc|91\/100|[from] item: Life Orb\n|\n|win|Matutinha\n|raw|ReCapra's rating: 1509 → 1495<\/strong> (-14 for losing)\n|raw|Matutinha's rating: 1626 → 1640<\/strong> (+14 for winning)\n|l|\u2606ReCapra\n|l|\u2606Matutinha\n","uploadtime":1683078504,"views":10,"p1id":"recapra","p2id":"matutinha","formatid":"gen9vgc2023regulationc","rating":1495,"private":0,"password":""}