{"id":"gen9vgc2023regulationc-1857575527","p1":"D4nkw33b","p2":"Marzbar","format":"[Gen 9] VGC 2023 Regulation C","log":"|j|\u2606D4nkw33b\n|j|\u2606Marzbar\n|t:|1683209707\n|gametype|doubles\n|player|p1|D4nkw33b|266|\n|player|p2|Marzbar|parasollady|\n|teamsize|p1|6\n|teamsize|p2|6\n|gen|9\n|tier|[Gen 9] VGC 2023 Regulation C\n|rule|Species Clause: Limit one of each Pok\u00e9mon\n|rule|Item Clause: Limit one of each item\n|clearpoke\n|poke|p1|Indeedee-F, L50, F|\n|poke|p1|Chi-Yu, L50|\n|poke|p1|Honchkrow, L50, F|\n|poke|p1|Tyranitar, L50, M|\n|poke|p1|Garchomp, L50, M|\n|poke|p1|Lycanroc, L50, M|\n|poke|p2|Breloom, L50, M|\n|poke|p2|Armarouge, L50, F|\n|poke|p2|Palafin, L50, M|\n|poke|p2|Squawkabilly-White, L50, M|\n|poke|p2|Baxcalibur, L50, F|\n|poke|p2|Chien-Pao, L50|\n|teampreview|4\n|c|\u2606D4nkw33b|glhf!!\n|\n|t:|1683209802\n|start\n|switch|p1a: Indeedee|Indeedee-F, L50, F|100\/100\n|switch|p1b: Chi-Yu|Chi-Yu, L50|100\/100\n|switch|p2a: Palafin|Palafin, L50, M, shiny|100\/100\n|switch|p2b: Squawkabilly|Squawkabilly-White, L50, M, shiny|100\/100\n|-ability|p1b: Chi-Yu|Beads of Ruin\n|-ability|p2b: Squawkabilly|Intimidate|boost\n|-unboost|p1a: Indeedee|atk|1\n|-unboost|p1b: Chi-Yu|atk|1\n|-fieldstart|move: Psychic Terrain|[from] ability: Psychic Surge|[of] p1a: Indeedee\n|turn|1\n|\n|t:|1683209858\n|detailschange|p2a: Palafin|Palafin-Hero, L50, M, shiny\n|switch|p2a: Chien-Pao|Chien-Pao, L50|100\/100\n|-ability|p2a: Chien-Pao|Sword of Ruin\n|move|p1a: Indeedee|Follow Me|p1a: Indeedee\n|-singleturn|p1a: Indeedee|move: Follow Me\n|move|p1b: Chi-Yu|Overheat|p2b: Squawkabilly\n|-damage|p2b: Squawkabilly|0 fnt\n|-unboost|p1b: Chi-Yu|spa|2\n|faint|p2b: Squawkabilly\n|\n|upkeep\n|\n|t:|1683209873\n|switch|p2b: Palafin|Palafin-Hero, L50, M, shiny|100\/100\n|-activate|p2b: Palafin|ability: Zero to Hero\n|turn|2\n|\n|t:|1683209918\n|switch|p1b: Tyranitar|Tyranitar, L50, M|100\/100\n|-weather|Sandstorm|[from] ability: Sand Stream|[of] p1b: Tyranitar\n|-terastallize|p2a: Chien-Pao|Fighting\n|move|p1a: Indeedee|Follow Me|p1a: Indeedee\n|-singleturn|p1a: Indeedee|move: Follow Me\n|move|p2a: Chien-Pao|Throat Chop|p1a: Indeedee\n|-supereffective|p1a: Indeedee\n|-damage|p1a: Indeedee|4\/100\n|-start|p1a: Indeedee|Throat Chop|[silent]\n|move|p2b: Palafin|Close Combat|p1a: Indeedee\n|-damage|p1a: Indeedee|0 fnt\n|-unboost|p2b: Palafin|def|1\n|-unboost|p2b: Palafin|spd|1\n|faint|p1a: Indeedee\n|\n|-weather|Sandstorm|[upkeep]\n|-damage|p2a: Chien-Pao|95\/100|[from] Sandstorm\n|-damage|p2b: Palafin|94\/100|[from] Sandstorm\n|upkeep\n|\n|t:|1683209936\n|switch|p1a: Lycanroc|Lycanroc, L50, M|100\/100\n|turn|3\n|\n|t:|1683209963\n|move|p2b: Palafin|Protect|p2b: Palafin\n|-singleturn|p2b: Palafin|Protect\n|move|p1a: Lycanroc|Psychic Fangs|p2a: Chien-Pao\n|-supereffective|p2a: Chien-Pao\n|-damage|p2a: Chien-Pao|0 fnt\n|faint|p2a: Chien-Pao\n|move|p1b: Tyranitar|Body Press|p2b: Palafin\n|-activate|p2b: Palafin|move: Protect\n|\n|-weather|Sandstorm|[upkeep]\n|-damage|p2b: Palafin|88\/100|[from] Sandstorm\n|upkeep\n|\n|t:|1683209974\n|switch|p2a: Breloom|Breloom, L50, M, shiny|100\/100\n|turn|4\n|\n|t:|1683209992\n|move|p2a: Breloom|Protect|p2a: Breloom\n|-singleturn|p2a: Breloom|Protect\n|move|p1a: Lycanroc|Rock Slide|p2a: Breloom|[spread] p2b\n|-activate|p2a: Breloom|move: Protect\n|-damage|p2b: Palafin|46\/100\n|move|p2b: Palafin|Close Combat|p1b: Tyranitar\n|-supereffective|p1b: Tyranitar\n|-enditem|p1b: Tyranitar|Chople Berry|[eat]\n|-enditem|p1b: Tyranitar|Chople Berry|[weaken]\n|-damage|p1b: Tyranitar|0 fnt\n|-unboost|p2b: Palafin|def|1\n|-unboost|p2b: Palafin|spd|1\n|faint|p1b: Tyranitar\n|\n|-weather|Sandstorm|[upkeep]\n|-damage|p2b: Palafin|40\/100|[from] Sandstorm\n|-damage|p2a: Breloom|95\/100|[from] Sandstorm\n|upkeep\n|c|\u2606D4nkw33b|YOOOO\n|\n|t:|1683210007\n|switch|p1b: Chi-Yu|Chi-Yu, L50|100\/100\n|-ability|p1b: Chi-Yu|Beads of Ruin\n|turn|5\n|\n|t:|1683210041\n|-terastallize|p1b: Chi-Yu|Water\n|move|p2b: Palafin|Protect|p2b: Palafin\n|-singleturn|p2b: Palafin|Protect\n|move|p2a: Breloom|Protect||[still]\n|-fail|p2a: Breloom\n|move|p1a: Lycanroc|Rock Slide|p2b: Palafin|[spread] p2a\n|-activate|p2b: Palafin|move: Protect\n|-resisted|p2a: Breloom\n|-damage|p2a: Breloom|75\/100\n|move|p1b: Chi-Yu|Heat Wave|p2b: Palafin|[spread] p2a\n|-activate|p2b: Palafin|move: Protect\n|-supereffective|p2a: Breloom\n|-crit|p2a: Breloom\n|-damage|p2a: Breloom|0 fnt\n|faint|p2a: Breloom\n|\n|-weather|Sandstorm|[upkeep]\n|-damage|p1b: Chi-Yu|94\/100|[from] Sandstorm\n|-damage|p2b: Palafin|34\/100|[from] Sandstorm\n|-fieldend|move: Psychic Terrain\n|upkeep\n|turn|6\n|c|\u2606Marzbar|how come your attacks never miss. this would never happen if i ran that\n|c|\u2606D4nkw33b|ahhh fuck\n|\n|t:|1683210084\n|move|p2b: Palafin|Jet Punch|p1a: Lycanroc\n|-supereffective|p1a: Lycanroc\n|-enditem|p1a: Lycanroc|Focus Sash\n|-damage|p1a: Lycanroc|1\/100\n|move|p1a: Lycanroc|Psychic Fangs|p2b: Palafin\n|-damage|p2b: Palafin|0 fnt\n|faint|p2b: Palafin\n|\n|win|D4nkw33b\n|c|\u2606D4nkw33b|gg!\n|c|\u2606Marzbar|gg\n|c|\u2606Marzbar|squawkabilly confirmed trash\n|c|\u2606D4nkw33b|i was scared\n|c|\u2606D4nkw33b|wasnt sure if the hit would be enough\n","uploadtime":1683210096,"views":16,"p1id":"d4nkw33b","p2id":"marzbar","formatid":"gen9vgc2023regulationc","rating":0,"private":0,"password":""}