{"id":"gen9vgc2023regulationc-1863339684","p1":"ButtChuggr","p2":"godtech946","format":"[Gen 9] VGC 2023 Regulation C","log":"|j|\u2606ButtChuggr\n|j|\u2606godtech946\n|t:|1684004500\n|gametype|doubles\n|player|p1|ButtChuggr|steven|1007\n|player|p2|godtech946|veteran|1000\n|teamsize|p1|6\n|teamsize|p2|6\n|gen|9\n|tier|[Gen 9] VGC 2023 Regulation C\n|rated|\n|rule|Species Clause: Limit one of each Pok\u00e9mon\n|rule|Item Clause: Limit one of each item\n|clearpoke\n|poke|p1|Volcarona, L50, M|\n|poke|p1|Iron Hands, L50|\n|poke|p1|Jumpluff, L50, F|\n|poke|p1|Flutter Mane, L50|\n|poke|p1|Gyarados, L50, M|\n|poke|p1|Roaring Moon, L50|\n|poke|p2|Grimmsnarl, L50, M|\n|poke|p2|Azumarill, L50, F|\n|poke|p2|Dondozo, L50, F|\n|poke|p2|Ting-Lu, L50|\n|poke|p2|Annihilape, L50, F|\n|poke|p2|Dugtrio, L50, F|\n|teampreview|4\n|inactive|Battle timer is ON: inactive players will automatically lose when time's up. (requested by godtech946)\n|\n|t:|1684004585\n|start\n|switch|p1a: Volcarona|Volcarona, L50, M, shiny|100\/100\n|switch|p1b: Iron Hands|Iron Hands, L50, shiny|100\/100\n|switch|p2a: Azumarill|Azumarill, L50, F|100\/100\n|switch|p2b: Dondozo|Dondozo, L50, F|100\/100\n|turn|1\n|inactive|ButtChuggr has 30 seconds left.\n|inactive|ButtChuggr has 20 seconds left.\n|inactive|ButtChuggr has 15 seconds left.\n|inactive|ButtChuggr has 10 seconds left.\n|inactive|ButtChuggr has 5 seconds left.\n|\n|t:|1684004637\n|switch|p2b: Dugtrio|Dugtrio, L50, F|100\/100\n|-terastallize|p1a: Volcarona|Grass\n|move|p1b: Iron Hands|Fake Out|p2b: Dugtrio\n|-damage|p2b: Dugtrio|69\/100\n|move|p1a: Volcarona|Quiver Dance|p1a: Volcarona\n|-boost|p1a: Volcarona|spa|1\n|-boost|p1a: Volcarona|spd|1\n|-boost|p1a: Volcarona|spe|1\n|move|p2a: Azumarill|Perish Song|p2a: Azumarill\n|-start|p1a: Volcarona|perish3|[silent]\n|-start|p1b: Iron Hands|perish3|[silent]\n|-start|p2a: Azumarill|perish3|[silent]\n|-start|p2b: Dugtrio|perish3|[silent]\n|-fieldactivate|move: Perish Song\n|\n|-start|p1a: Volcarona|perish3\n|-start|p2b: Dugtrio|perish3\n|-start|p1b: Iron Hands|perish3\n|-start|p2a: Azumarill|perish3\n|upkeep\n|turn|2\n|inactive|ButtChuggr has 30 seconds left.\n|\n|t:|1684004669\n|move|p2b: Dugtrio|Protect|p2b: Dugtrio\n|-singleturn|p2b: Dugtrio|Protect\n|move|p2a: Azumarill|Protect|p2a: Azumarill\n|-singleturn|p2a: Azumarill|Protect\n|move|p1a: Volcarona|Giga Drain|p2b: Dugtrio\n|-activate|p2b: Dugtrio|move: Protect\n|move|p1b: Iron Hands|Wild Charge|p2a: Azumarill\n|-activate|p2a: Azumarill|move: Protect\n|\n|-start|p1a: Volcarona|perish2\n|-start|p2b: Dugtrio|perish2\n|-start|p1b: Iron Hands|perish2\n|-start|p2a: Azumarill|perish2\n|upkeep\n|turn|3\n|inactive|ButtChuggr has 30 seconds left.\n|inactive|godtech946 has 30 seconds left.\n|inactive|ButtChuggr has 20 seconds left.\n|\n|t:|1684004707\n|move|p2a: Azumarill|Protect||[still]\n|-fail|p2a: Azumarill\n|move|p1a: Volcarona|Giga Drain|p2a: Azumarill\n|-ability|p2a: Azumarill|Sap Sipper|boost\n|-boost|p2a: Azumarill|atk|1\n|move|p2b: Dugtrio|Substitute|p2b: Dugtrio\n|-start|p2b: Dugtrio|Substitute\n|-damage|p2b: Dugtrio|44\/100\n|move|p1b: Iron Hands|Drain Punch|p2b: Dugtrio\n|-end|p2b: Dugtrio|Substitute\n|\n|-start|p1a: Volcarona|perish1\n|-start|p2b: Dugtrio|perish1\n|-start|p1b: Iron Hands|perish1\n|-start|p2a: Azumarill|perish1\n|upkeep\n|turn|4\n|inactive|ButtChuggr has 30 seconds left.\n|inactive|ButtChuggr has 20 seconds left.\n|inactive|ButtChuggr has 15 seconds left.\n|inactive|ButtChuggr has 10 seconds left.\n|\n|t:|1684004755\n|switch|p2a: Ting-Lu|Ting-Lu, L50|100\/100\n|-ability|p2a: Ting-Lu|Vessel of Ruin\n|move|p2b: Dugtrio|Protect|p2b: Dugtrio\n|-singleturn|p2b: Dugtrio|Protect\n|move|p1a: Volcarona|Giga Drain|p2b: Dugtrio\n|-activate|p2b: Dugtrio|move: Protect\n|move|p1b: Iron Hands|Wild Charge|p2a: Ting-Lu\n|-immune|p2a: Ting-Lu\n|\n|-start|p1a: Volcarona|perish0\n|-start|p2b: Dugtrio|perish0\n|-start|p1b: Iron Hands|perish0\n|faint|p1a: Volcarona\n|faint|p2b: Dugtrio\n|faint|p1b: Iron Hands\n|-end|p1b: Iron Hands|Quark Drive|[silent]\n|upkeep\n|\n|t:|1684004772\n|switch|p2b: Dondozo|Dondozo, L50, F|100\/100\n|switch|p1a: Flutter Mane|Flutter Mane, L50, shiny|100\/100\n|switch|p1b: Gyarados|Gyarados, L50, M, shiny|100\/100\n|-ability|p1b: Gyarados|Intimidate|boost\n|-unboost|p2a: Ting-Lu|atk|1\n|-unboost|p2b: Dondozo|atk|1\n|turn|5\n|\n|t:|1684004796\n|move|p1a: Flutter Mane|Dazzling Gleam|p2b: Dondozo|[spread] p2a,p2b\n|-supereffective|p2a: Ting-Lu\n|-damage|p2a: Ting-Lu|64\/100\n|-damage|p2b: Dondozo|86\/100\n|-damage|p1a: Flutter Mane|91\/100|[from] item: Life Orb\n|move|p1b: Gyarados|Waterfall|p2a: Ting-Lu\n|-supereffective|p2a: Ting-Lu\n|-damage|p2a: Ting-Lu|16\/100\n|-enditem|p2a: Ting-Lu|Figy Berry|[eat]\n|-heal|p2a: Ting-Lu|49\/100|[from] item: Figy Berry\n|move|p2a: Ting-Lu|Stomping Tantrum|p1a: Flutter Mane\n|-damage|p1a: Flutter Mane|57\/100\n|move|p2b: Dondozo|Avalanche|p1b: Gyarados\n|-damage|p1b: Gyarados|91\/100\n|\n|upkeep\n|turn|6\n|inactive|ButtChuggr has 30 seconds left.\n|inactive|godtech946 has 30 seconds left.\n|inactive|ButtChuggr has 20 seconds left.\n|\n|t:|1684004833\n|move|p2a: Ting-Lu|Protect|p2a: Ting-Lu\n|-singleturn|p2a: Ting-Lu|Protect\n|move|p1a: Flutter Mane|Dazzling Gleam|p2a: Ting-Lu|[spread] p2b\n|-activate|p2a: Ting-Lu|move: Protect\n|-damage|p2b: Dondozo|70\/100\n|-damage|p1a: Flutter Mane|47\/100|[from] item: Life Orb\n|move|p1b: Gyarados|Waterfall|p2a: Ting-Lu\n|-activate|p2a: Ting-Lu|move: Protect\n|move|p2b: Dondozo|Fissure|p1a: Flutter Mane\n|-damage|p1a: Flutter Mane|0 fnt\n|faint|p1a: Flutter Mane\n|-end|p1a: Flutter Mane|Protosynthesis|[silent]\n|-ohko\n|\n|upkeep\n|turn|7\n|-message|ButtChuggr forfeited.\n|\n|win|godtech946\n|raw|ButtChuggr's rating: 1007 → 1000<\/strong> (-7 for losing)\n|raw|godtech946's rating: 1000 → 1041<\/strong> (+41 for winning)\n|l|\u2606ButtChuggr\n","uploadtime":1684004851,"views":3,"p1id":"buttchuggr","p2id":"godtech946","formatid":"gen9vgc2023regulationc","rating":1000,"private":0,"password":""}