{"id":"gen9vgc2023regulationc-1849474073","p1":"felipeand_VGC","p2":"r2vgc","format":"[Gen 9] VGC 2023 Regulation C","log":"|j|\u2606felipeand_VGC\n|j|\u2606r2vgc\n|t:|1682202662\n|gametype|doubles\n|player|p1|felipeand_VGC|265|1233\n|player|p2|r2vgc|265|1227\n|teamsize|p1|6\n|teamsize|p2|6\n|gen|9\n|tier|[Gen 9] VGC 2023 Regulation C\n|rated|\n|rule|Species Clause: Limit one of each Pok\u00e9mon\n|rule|Item Clause: Limit one of each item\n|clearpoke\n|poke|p1|Flutter Mane, L50|\n|poke|p1|Chi-Yu, L50|\n|poke|p1|Sableye, L50, M|\n|poke|p1|Amoonguss, L50, M|\n|poke|p1|Gastrodon, L50, F|\n|poke|p1|Scizor, L50, M|\n|poke|p2|Flutter Mane, L50|\n|poke|p2|Garganacl, L50, F|\n|poke|p2|Amoonguss, L50, M|\n|poke|p2|Palafin, L50, F|\n|poke|p2|Arcanine, L50, F|\n|poke|p2|Ting-Lu, L50|\n|teampreview|4\nr2vgc has agreed to open team sheets.\nfelipeand_VGC has agreed to open team sheets.\n|\n|t:|1682202736\n|start\n|switch|p1a: Sableye|Sableye, L50, M|100\/100\n|switch|p1b: Scizor|Scizor, L50, M|100\/100\n|switch|p2a: Garganacl|Garganacl, L50, F|100\/100\n|switch|p2b: Palafin|Palafin, L50, F|100\/100\n|turn|1\n|\n|t:|1682202765\n|detailschange|p2b: Palafin|Palafin-Hero, L50, F\n|switch|p2b: Ting-Lu|Ting-Lu, L50|100\/100\n|-ability|p2b: Ting-Lu|Vessel of Ruin\n|-terastallize|p2a: Garganacl|Ghost\n|move|p1b: Scizor|Protect|p1b: Scizor\n|-singleturn|p1b: Scizor|Protect\n|move|p1a: Sableye|Reflect|p1a: Sableye\n|-sidestart|p1: felipeand_VGC|Reflect\n|move|p2a: Garganacl|Stealth Rock|p1b: Scizor\n|-sidestart|p1: felipeand_VGC|move: Stealth Rock\n|\n|upkeep\n|turn|2\n|\n|t:|1682202829\n|switch|p1a: Chi-Yu|Chi-Yu, L50|100\/100\n|-damage|p1a: Chi-Yu|76\/100|[from] Stealth Rock\n|-ability|p1a: Chi-Yu|Beads of Ruin\n|move|p1b: Scizor|Swords Dance|p1b: Scizor\n|-boost|p1b: Scizor|atk|2\n|move|p2b: Ting-Lu|Ruination|p1b: Scizor\n|-damage|p1b: Scizor|51\/100\n|move|p2a: Garganacl|Salt Cure|p1b: Scizor\n|-damage|p1b: Scizor|42\/100\n|-start|p1b: Scizor|Salt Cure\n|\n|-damage|p1b: Scizor|17\/100|[from] Salt Cure\n|upkeep\n|turn|3\n|\n|t:|1682202867\n|-terastallize|p1a: Chi-Yu|Grass\n|move|p2a: Garganacl|Protect|p2a: Garganacl\n|-singleturn|p2a: Garganacl|Protect\n|move|p1a: Chi-Yu|Tera Blast|p2b: Ting-Lu\n|-supereffective|p2b: Ting-Lu\n|-damage|p2b: Ting-Lu|59\/100\n|move|p1b: Scizor|Pounce|p2b: Ting-Lu\n|-supereffective|p2b: Ting-Lu\n|-damage|p2b: Ting-Lu|0 fnt\n|faint|p2b: Ting-Lu\n|\n|-damage|p1b: Scizor|0 fnt|[from] Salt Cure\n|faint|p1b: Scizor\n|upkeep\n|\n|t:|1682202884\n|switch|p1b: Sableye|Sableye, L50, M|100\/100\n|switch|p2b: Flutter Mane|Flutter Mane, L50|100\/100\n|-damage|p1b: Sableye|88\/100|[from] Stealth Rock\n|turn|4\n|\n|t:|1682202922\n|move|p1b: Sableye|Light Screen|p1b: Sableye\n|-sidestart|p1: felipeand_VGC|move: Light Screen\n|move|p2b: Flutter Mane|Dazzling Gleam|p1b: Sableye|[spread] p1a,p1b\n|-supereffective|p1b: Sableye\n|-damage|p1a: Chi-Yu|33\/100\n|-damage|p1b: Sableye|0 fnt\n|faint|p1b: Sableye\n|move|p1a: Chi-Yu|Dark Pulse|p2b: Flutter Mane\n|-damage|p2b: Flutter Mane|42\/100\n|move|p2a: Garganacl|Salt Cure|p1a: Chi-Yu\n|-damage|p1a: Chi-Yu|19\/100\n|-start|p1a: Chi-Yu|Salt Cure\n|\n|-damage|p1a: Chi-Yu|7\/100|[from] Salt Cure\n|upkeep\n|\n|t:|1682202933\n|switch|p1b: Flutter Mane|Flutter Mane, L50|100\/100\n|-damage|p1b: Flutter Mane|88\/100|[from] Stealth Rock\n|turn|5\n|\n|t:|1682202943\n|move|p1b: Flutter Mane|Moonblast|p2b: Flutter Mane\n|-damage|p2b: Flutter Mane|0 fnt\n|faint|p2b: Flutter Mane\n|-end|p2b: Flutter Mane|Protosynthesis|[silent]\n|move|p1a: Chi-Yu|Dark Pulse|p2a: Garganacl\n|-supereffective|p2a: Garganacl\n|-damage|p2a: Garganacl|18\/100\n|move|p2a: Garganacl|Salt Cure|p1b: Flutter Mane\n|-damage|p1b: Flutter Mane|71\/100\n|-start|p1b: Flutter Mane|Salt Cure\n|\n|-heal|p2a: Garganacl|24\/100|[from] item: Leftovers\n|-damage|p1b: Flutter Mane|59\/100|[from] Salt Cure\n|-damage|p1a: Chi-Yu|0 fnt|[from] Salt Cure\n|faint|p1a: Chi-Yu\n|upkeep\n|\n|t:|1682202956\n|switch|p2b: Palafin|Palafin-Hero, L50, F|100\/100\n|-activate|p2b: Palafin|ability: Zero to Hero\n|turn|6\n|-message|felipeand_VGC forfeited.\n|\n|win|r2vgc\n|raw|felipeand_VGC's rating: 1233 → 1208<\/strong> (-25 for losing)\n|raw|r2vgc's rating: 1227 → 1252<\/strong> (+25 for winning)\n|l|\u2606felipeand_VGC\n","uploadtime":1682202967,"views":3,"p1id":"felipeandvgc","p2id":"r2vgc","formatid":"gen9vgc2023regulationc","rating":1208,"private":0,"password":""}