{"id":"gen9vgc2023regulationc-1850086028","p1":"Jalapeppah","p2":"marinkitagawa3","format":"[Gen 9] VGC 2023 Regulation C","log":"|j|\u2606Jalapeppah\n|j|\u2606marinkitagawa3\n|t:|1682285641\n|gametype|doubles\n|player|p1|Jalapeppah|flint|1551\n|player|p2|marinkitagawa3|beauty-gen4dp|1689\n|teamsize|p1|6\n|teamsize|p2|6\n|gen|9\n|tier|[Gen 9] VGC 2023 Regulation C\n|rated|\n|rule|Species Clause: Limit one of each Pok\u00e9mon\n|rule|Item Clause: Limit one of each item\n|clearpoke\n|poke|p1|Tyranitar, L50, M|\n|poke|p1|Lycanroc, L50, M|\n|poke|p1|Flutter Mane, L50|\n|poke|p1|Chi-Yu, L50|\n|poke|p1|Gastrodon-East, L50, F|\n|poke|p1|Salamence, L50, M|\n|poke|p2|Dondozo, L50, M|\n|poke|p2|Tatsugiri, L50, M|\n|poke|p2|Corviknight, L50, M|\n|poke|p2|Ting-Lu, L50|\n|poke|p2|Glimmora, L50, F|\n|poke|p2|Flutter Mane, L50|\n|teampreview|4\n|j| tarikgoesinsane\n|inactive|Battle timer is ON: inactive players will automatically lose when time's up. (requested by Jalapeppah)\n|\n|t:|1682285662\n|start\n|switch|p1a: Salamence|Salamence, L50, M|100\/100\n|switch|p1b: Flutter Mane|Flutter Mane, L50|100\/100\n|switch|p2a: Glimmora|Glimmora, L50, F|100\/100\n|switch|p2b: Corviknight|Corviknight, L50, M, shiny|100\/100\n|-ability|p1a: Salamence|Intimidate|boost\n|-unboost|p2a: Glimmora|atk|1\n|-ability|p2b: Corviknight|Mirror Armor\n|-fail|p1a: Salamence|unboost|[from] item: Clear Amulet|[of] p1a: Salamence\n|-enditem|p1b: Flutter Mane|Booster Energy\n|-activate|p1b: Flutter Mane|ability: Protosynthesis|[fromitem]\n|-start|p1b: Flutter Mane|protosynthesisspa\n|turn|1\n|j| ylmao\n|\n|t:|1682285679\n|move|p1b: Flutter Mane|Shadow Ball|p2a: Glimmora\n|-damage|p2a: Glimmora|61\/100\n|move|p1a: Salamence|Tailwind|p1a: Salamence\n|-sidestart|p1: Jalapeppah|move: Tailwind\n|move|p2a: Glimmora|Mortal Spin|p1b: Flutter Mane|[spread] p1a,p1b\n|-damage|p1a: Salamence|97\/100\n|-damage|p1b: Flutter Mane|96\/100\n|-status|p1a: Salamence|psn\n|-status|p1b: Flutter Mane|psn\n|move|p2b: Corviknight|Tailwind|p2b: Corviknight\n|-sidestart|p2: marinkitagawa3|move: Tailwind\n|\n|-damage|p1b: Flutter Mane|83\/100 psn|[from] psn\n|-damage|p1a: Salamence|85\/100 psn|[from] psn\n|upkeep\n|turn|2\n|\n|t:|1682285700\n|move|p1b: Flutter Mane|Shadow Ball|p2a: Glimmora\n|-damage|p2a: Glimmora|18\/100\n|-unboost|p2a: Glimmora|spd|1\n|move|p1a: Salamence|Iron Head|p2b: Corviknight\n|-resisted|p2b: Corviknight\n|-damage|p2b: Corviknight|90\/100\n|move|p2a: Glimmora|Venoshock|p1b: Flutter Mane\n|-damage|p1b: Flutter Mane|20\/100 psn\n|cant|p2b: Corviknight|flinch\n|\n|-damage|p1b: Flutter Mane|8\/100 psn|[from] psn\n|-damage|p1a: Salamence|72\/100 psn|[from] psn\n|upkeep\n|turn|3\n|\n|t:|1682285718\n|switch|p1a: Ttar|Tyranitar, L50, M|100\/100\n|-weather|Sandstorm|[from] ability: Sand Stream|[of] p1a: Ttar\n|move|p1b: Flutter Mane|Shadow Ball|p2a: Glimmora\n|-damage|p2a: Glimmora|0 fnt\n|faint|p2a: Glimmora\n|move|p2b: Corviknight|Brave Bird|p1a: Ttar\n|-resisted|p1a: Ttar\n|-damage|p1a: Ttar|86\/100\n|-damage|p2b: Corviknight|85\/100|[from] Recoil\n|\n|-weather|Sandstorm|[upkeep]\n|-damage|p1b: Flutter Mane|2\/100 psn|[from] Sandstorm\n|-damage|p1b: Flutter Mane|0 fnt|[from] psn\n|faint|p1b: Flutter Mane\n|-end|p1b: Flutter Mane|Protosynthesis|[silent]\n|upkeep\n|\n|t:|1682285731\n|switch|p1b: Gastrodon|Gastrodon-East, L50, F|100\/100\n|switch|p2a: Dondozo|Dondozo, L50, M|100\/100\n|turn|4\n|inactive|Jalapeppah has 30 seconds left.\n|inactive|Jalapeppah has 20 seconds left.\n|\n|t:|1682285768\n|-terastallize|p1a: Ttar|Flying\n|move|p1a: Ttar|Rock Slide|p2a: Dondozo|[spread] p2a,p2b\n|-damage|p2a: Dondozo|80\/100\n|-damage|p2b: Corviknight|65\/100\n|cant|p2b: Corviknight|flinch\n|move|p1b: Gastrodon|Earth Power|p2a: Dondozo\n|-damage|p2a: Dondozo|47\/100\n|move|p2a: Dondozo|Earthquake|p1b: Gastrodon|[spread] p1b\n|-immune|p2b: Corviknight\n|-immune|p1a: Ttar\n|-damage|p1b: Gastrodon|81\/100\n|\n|-weather|Sandstorm|[upkeep]\n|-damage|p1a: Ttar|80\/100|[from] Sandstorm\n|-damage|p2a: Dondozo|42\/100|[from] Sandstorm\n|-heal|p1b: Gastrodon|88\/100|[from] item: Leftovers\n|-heal|p2a: Dondozo|47\/100|[from] item: Leftovers\n|-sideend|p1: Jalapeppah|move: Tailwind\n|-sideend|p2: marinkitagawa3|move: Tailwind\n|upkeep\n|turn|5\n|\n|t:|1682285787\n|move|p2a: Dondozo|Protect|p2a: Dondozo\n|-singleturn|p2a: Dondozo|Protect\n|move|p1a: Ttar|Rock Slide|p2b: Corviknight|[spread] p2b\n|-activate|p2a: Dondozo|move: Protect\n|-damage|p2b: Corviknight|43\/100\n|move|p2b: Corviknight|Tailwind|p2b: Corviknight\n|-sidestart|p2: marinkitagawa3|move: Tailwind\n|move|p1b: Gastrodon|Earth Power|p2a: Dondozo\n|-activate|p2a: Dondozo|move: Protect\n|\n|-weather|Sandstorm|[upkeep]\n|-damage|p2a: Dondozo|42\/100|[from] Sandstorm\n|-damage|p1a: Ttar|74\/100|[from] Sandstorm\n|-heal|p2a: Dondozo|47\/100|[from] item: Leftovers\n|-heal|p1b: Gastrodon|94\/100|[from] item: Leftovers\n|upkeep\n|turn|6\n|\n|t:|1682285808\n|switch|p2b: Tatsugiri|Tatsugiri, L50, M|100\/100\n|-activate|p2b: Tatsugiri|ability: Commander|[of] p2a: Dondozo\n|-boost|p2a: Dondozo|atk|2\n|-boost|p2a: Dondozo|spa|2\n|-boost|p2a: Dondozo|spe|2\n|-boost|p2a: Dondozo|def|2\n|-boost|p2a: Dondozo|spd|2\n|move|p2a: Dondozo|Order Up|p1b: Gastrodon\n|-damage|p1b: Gastrodon|49\/100\n|-boost|p2a: Dondozo|atk|1\n|move|p1a: Ttar|Rock Slide|p2b: Tatsugiri|[spread] p2a\n|-miss|p1a: Ttar|p2b: Tatsugiri\n|-damage|p2a: Dondozo|37\/100\n|move|p1b: Gastrodon|Earth Power|p2a: Dondozo\n|-damage|p2a: Dondozo|21\/100\n|\n|-weather|Sandstorm|[upkeep]\n|-damage|p2b: Tatsugiri|95\/100|[from] Sandstorm\n|-damage|p2a: Dondozo|15\/100|[from] Sandstorm\n|-damage|p1a: Ttar|68\/100|[from] Sandstorm\n|-heal|p2a: Dondozo|21\/100|[from] item: Leftovers\n|-heal|p1b: Gastrodon|55\/100|[from] item: Leftovers\n|upkeep\n|turn|7\n|inactive|Jalapeppah has 30 seconds left.\n|\n|t:|1682285834\n|move|p2a: Dondozo|Order Up|p1b: Gastrodon\n|-crit|p1b: Gastrodon\n|-damage|p1b: Gastrodon|0 fnt\n|faint|p1b: Gastrodon\n|-boost|p2a: Dondozo|atk|1\n|move|p1a: Ttar|Tera Blast|p2a: Dondozo\n|-damage|p2a: Dondozo|5\/100\n|\n|-weather|none\n|-heal|p2a: Dondozo|11\/100|[from] item: Leftovers\n|upkeep\n|\n|t:|1682285838\n|switch|p1b: Salamence|Salamence, L50, M|72\/100 psn\n|-ability|p1b: Salamence|Intimidate|boost\n|-unboost|p2a: Dondozo|atk|1\n|-unboost|p2b: Tatsugiri|atk|1\n|turn|8\n|\n|t:|1682285846\n|move|p2a: Dondozo|Order Up|p1a: Ttar\n|-damage|p1a: Ttar|19\/100\n|-boost|p2a: Dondozo|atk|1\n|move|p1b: Salamence|Tailwind|p1b: Salamence\n|-sidestart|p1: Jalapeppah|move: Tailwind\n|move|p1a: Ttar|Tera Blast|p2a: Dondozo\n|-damage|p2a: Dondozo|0 fnt\n|faint|p2a: Dondozo\n|\n|-damage|p1b: Salamence|60\/100 psn|[from] psn\n|-sideend|p2: marinkitagawa3|move: Tailwind\n|upkeep\n|\n|t:|1682285855\n|switch|p2a: Corviknight|Corviknight, L50, M, shiny|43\/100\n|turn|9\n|\n|t:|1682285865\n|move|p1b: Salamence|Dual Wingbeat|p2b: Tatsugiri\n|-damage|p2b: Tatsugiri|55\/100\n|-damage|p2b: Tatsugiri|17\/100\n|-hitcount|p2b: Tatsugiri|2\n|move|p2b: Tatsugiri|Icy Wind|p1b: Salamence|[spread] p1a,p1b\n|-supereffective|p1a: Ttar\n|-supereffective|p1b: Salamence\n|-damage|p1a: Ttar|2\/100\n|-damage|p1b: Salamence|0 fnt\n|-unboost|p1a: Ttar|spe|1\n|faint|p1b: Salamence\n|move|p1a: Ttar|Rock Slide|p2b: Tatsugiri|[spread] p2a,p2b\n|-damage|p2a: Corviknight|22\/100\n|-damage|p2b: Tatsugiri|0 fnt\n|faint|p2b: Tatsugiri\n|move|p2a: Corviknight|Roost|p2a: Corviknight\n|-heal|p2a: Corviknight|72\/100\n|-singleturn|p2a: Corviknight|move: Roost\n|\n|upkeep\n|turn|10\n|\n|t:|1682285880\n|move|p1a: Ttar|Rock Slide|p2a: Corviknight\n|-damage|p2a: Corviknight|46\/100\n|cant|p2a: Corviknight|flinch\n|\n|upkeep\n|turn|11\n|\n|t:|1682285884\n|move|p1a: Ttar|Rock Slide|p2a: Corviknight\n|-damage|p2a: Corviknight|16\/100\n|cant|p2a: Corviknight|flinch\n|\n|-sideend|p1: Jalapeppah|move: Tailwind\n|upkeep\n|turn|12\n|l| tarikgoesinsane\n|\n|t:|1682285888\n|move|p2a: Corviknight|Brave Bird|p1a: Ttar\n|-damage|p1a: Ttar|0 fnt\n|faint|p1a: Ttar\n|-damage|p2a: Corviknight|16\/100|[from] Recoil\n|\n|win|marinkitagawa3\n|raw|Jalapeppah's rating: 1551 → 1539<\/strong> (-12 for losing)\n|raw|marinkitagawa3's rating: 1689 → 1701<\/strong> (+12 for winning)\n|l|\u2606Jalapeppah\n|l| ylmao\n","uploadtime":1682285908,"views":10,"p1id":"jalapeppah","p2id":"marinkitagawa3","formatid":"gen9vgc2023regulationc","rating":1539,"private":0,"password":""}