{"id":"gen9vgc2023regulationc-1863786432","p1":"Arcacagne","p2":"Gilgamish","format":"[Gen 9] VGC 2023 Regulation C","log":"|j|\u2606Arcacagne\n|j|\u2606Gilgamish\n|t:|1684077526\n|gametype|doubles\n|player|p1|Arcacagne|265|1306\n|player|p2|Gilgamish|2|1343\n|teamsize|p1|6\n|teamsize|p2|6\n|gen|9\n|tier|[Gen 9] VGC 2023 Regulation C\n|rated|\n|rule|Species Clause: Limit one of each Pok\u00e9mon\n|rule|Item Clause: Limit one of each item\n|clearpoke\n|poke|p1|Chi-Yu, L50|\n|poke|p1|Flutter Mane, L50|\n|poke|p1|Amoonguss, L50, M|\n|poke|p1|Ting-Lu, L50|\n|poke|p1|Iron Hands, L50|\n|poke|p1|Gyarados, L50, F|\n|poke|p2|Palafin, L50, M|\n|poke|p2|Arcanine, L50, M|\n|poke|p2|Flutter Mane, L50|\n|poke|p2|Dragonite, L50, F|\n|poke|p2|Amoonguss, L50, M|\n|poke|p2|Ting-Lu, L50|\n|teampreview|4\n|inactive|Battle timer is ON: inactive players will automatically lose when time's up. (requested by Gilgamish)\n|inactive|Arcacagne has 60 seconds left.\n|\n|t:|1684077566\n|start\n|switch|p1a: Chi-Yu|Chi-Yu, L50|100\/100\n|switch|p1b: Iron Hands|Iron Hands, L50|100\/100\n|switch|p2a: Palafin|Palafin, L50, M, shiny|100\/100\n|switch|p2b: Ting-Lu|Ting-Lu, L50|100\/100\n|-ability|p1a: Chi-Yu|Beads of Ruin\n|-ability|p2b: Ting-Lu|Vessel of Ruin\n|turn|1\n|inactive|Gilgamish has 30 seconds left.\n|inactive|Gilgamish has 20 seconds left.\n|inactive|Gilgamish has 15 seconds left.\n|inactive|Gilgamish has 10 seconds left.\n|inactive|Gilgamish has 5 seconds left.\n|\n|t:|1684077616\n|switch|p1a: Gyarados|Gyarados, L50, F|100\/100\n|-ability|p1a: Gyarados|Intimidate|boost\n|-unboost|p2a: Palafin|atk|1\n|-unboost|p2b: Ting-Lu|atk|1\n|detailschange|p2a: Palafin|Palafin-Hero, L50, M, shiny\n|switch|p2a: Arcanine|Arcanine, L50, M, shiny|100\/100\n|-ability|p2a: Arcanine|Intimidate|boost\n|-unboost|p1a: Gyarados|atk|1\n|-unboost|p1b: Iron Hands|atk|1\n|-terastallize|p1b: Iron Hands|Grass\n|-terastallize|p2b: Ting-Lu|Poison\n|move|p1b: Iron Hands|Swords Dance|p1b: Iron Hands\n|-boost|p1b: Iron Hands|atk|2\n|move|p2b: Ting-Lu|Stomping Tantrum|p1b: Iron Hands\n|-resisted|p1b: Iron Hands\n|-damage|p1b: Iron Hands|93\/100\n|\n|upkeep\n|turn|2\n|inactive|Gilgamish has 30 seconds left.\n|inactive|Gilgamish has 20 seconds left.\n|\n|t:|1684077651\n|switch|p2a: Amoonguss|Amoonguss, L50, M|100\/100\n|move|p1a: Gyarados|Thunder Wave|p2a: Amoonguss\n|-status|p2a: Amoonguss|par\n|move|p1b: Iron Hands|Swords Dance|p1b: Iron Hands\n|-boost|p1b: Iron Hands|atk|2\n|move|p2b: Ting-Lu|Ruination|p1b: Iron Hands\n|-damage|p1b: Iron Hands|47\/100\n|\n|upkeep\n|turn|3\n|\n|t:|1684077670\n|switch|p2b: Arcanine|Arcanine, L50, M, shiny|100\/100\n|-ability|p2b: Arcanine|Intimidate|boost\n|-unboost|p1a: Gyarados|atk|1\n|-unboost|p1b: Iron Hands|atk|1\n|move|p1a: Gyarados|Thunder Wave|p2b: Arcanine\n|-status|p2b: Arcanine|par\n|move|p1b: Iron Hands|Drain Punch|p2a: Amoonguss\n|-resisted|p2a: Amoonguss\n|-damage|p2a: Amoonguss|73\/100 par\n|-heal|p1b: Iron Hands|59\/100|[from] drain|[of] p2a: Amoonguss\n|move|p2a: Amoonguss|Spore|p1a: Gyarados\n|-status|p1a: Gyarados|slp|[from] move: Spore\n|\n|upkeep\n|turn|4\n|inactive|Gilgamish has 30 seconds left.\n|\n|t:|1684077695\n|switch|p1a: Chi-Yu|Chi-Yu, L50|100\/100\n|-ability|p1a: Chi-Yu|Beads of Ruin\n|switch|p2b: Ting-Lu|Ting-Lu, L50, tera:Poison|100\/100\n|-ability|p2b: Ting-Lu|Vessel of Ruin\n|move|p1b: Iron Hands|Drain Punch|p2b: Ting-Lu\n|-resisted|p2b: Ting-Lu\n|-damage|p2b: Ting-Lu|80\/100\n|-heal|p1b: Iron Hands|69\/100|[from] drain|[of] p2b: Ting-Lu\n|move|p2a: Amoonguss|Clear Smog|p1b: Iron Hands\n|-supereffective|p1b: Iron Hands\n|-damage|p1b: Iron Hands|50\/100\n|-clearboost|p1b: Iron Hands\n|\n|upkeep\n|turn|5\n|inactive|Arcacagne has 30 seconds left.\n|inactive|Gilgamish has 30 seconds left.\n|inactive|Gilgamish has 20 seconds left.\n|\n|t:|1684077731\n|switch|p1a: Gyarados|Gyarados, L50, F|100\/100 slp\n|-ability|p1a: Gyarados|Intimidate|boost\n|-unboost|p2a: Amoonguss|atk|1\n|-unboost|p2b: Ting-Lu|atk|1\n|move|p1b: Iron Hands|Drain Punch|p2a: Amoonguss\n|-resisted|p2a: Amoonguss\n|-damage|p2a: Amoonguss|61\/100 par\n|-heal|p1b: Iron Hands|55\/100|[from] drain|[of] p2a: Amoonguss\n|move|p2b: Ting-Lu|Stone Edge|p1a: Gyarados\n|-supereffective|p1a: Gyarados\n|-damage|p1a: Gyarados|59\/100 slp\n|move|p2a: Amoonguss|Pollen Puff|p2b: Ting-Lu\n|-heal|p2b: Ting-Lu|100\/100\n|\n|upkeep\n|turn|6\n|inactive|Arcacagne has 30 seconds left.\n|\n|t:|1684077757\n|switch|p2b: Palafin|Palafin-Hero, L50, M, shiny|100\/100\n|-activate|p2b: Palafin|ability: Zero to Hero\n|cant|p1a: Gyarados|slp\n|move|p1b: Iron Hands|Swords Dance|p1b: Iron Hands\n|-boost|p1b: Iron Hands|atk|2\n|cant|p2a: Amoonguss|par\n|\n|upkeep\n|turn|7\n|\n|t:|1684077777\n|switch|p2a: Arcanine|Arcanine, L50, M, shiny|100\/100 par\n|-ability|p2a: Arcanine|Intimidate|boost\n|-unboost|p1a: Gyarados|atk|1\n|-unboost|p1b: Iron Hands|atk|1\n|move|p2b: Palafin|Protect|p2b: Palafin\n|-singleturn|p2b: Palafin|Protect\n|-curestatus|p1a: Gyarados|slp|[msg]\n|move|p1a: Gyarados|Waterfall|p2a: Arcanine\n|-supereffective|p2a: Arcanine\n|-damage|p2a: Arcanine|56\/100 par\n|move|p1b: Iron Hands|Thunder Punch|p2b: Palafin\n|-activate|p2b: Palafin|move: Protect\n|\n|upkeep\n|turn|8\n|inactive|Arcacagne has 30 seconds left.\n|\n|t:|1684077806\n|switch|p2b: Amoonguss|Amoonguss, L50, M|94\/100 par\n|-end|p1b: Iron Hands|Quark Drive|[silent]\n|switch|p1b: Chi-Yu|Chi-Yu, L50|100\/100\n|-ability|p1b: Chi-Yu|Beads of Ruin\n|switch|p2a: Ting-Lu|Ting-Lu, L50, tera:Poison|100\/100\n|-ability|p2a: Ting-Lu|Vessel of Ruin\n|move|p1a: Gyarados|Waterfall|p2a: Ting-Lu\n|-damage|p2a: Ting-Lu|88\/100\n|\n|upkeep\n|turn|9\n|inactive|Gilgamish has 30 seconds left.\n|\n|t:|1684077833\n|move|p1b: Chi-Yu|Heat Wave|p2a: Ting-Lu|[spread] p2a,p2b\n|-supereffective|p2b: Amoonguss\n|-damage|p2a: Ting-Lu|72\/100\n|-damage|p2b: Amoonguss|29\/100 par\n|-enditem|p2b: Amoonguss|Sitrus Berry|[eat]\n|-heal|p2b: Amoonguss|54\/100 par|[from] item: Sitrus Berry\n|move|p1a: Gyarados|Thunder Wave|p2a: Ting-Lu\n|-status|p2a: Ting-Lu|par\n|move|p2a: Ting-Lu|Stomping Tantrum|p1b: Chi-Yu\n|-supereffective|p1b: Chi-Yu\n|-damage|p1b: Chi-Yu|4\/100\n|move|p2b: Amoonguss|Pollen Puff|p2a: Ting-Lu\n|-heal|p2a: Ting-Lu|100\/100 par\n|\n|upkeep\n|turn|10\n|inactive|Gilgamish has 30 seconds left.\n|inactive|Arcacagne has 30 seconds left.\n|inactive|Gilgamish has 20 seconds left.\n|inactive|Gilgamish has 15 seconds left.\n|\n|t:|1684077879\n|switch|p2b: Palafin|Palafin-Hero, L50, M, shiny|100\/100\n|move|p1b: Chi-Yu|Heat Wave|p2b: Palafin|[spread] p2a,p2b\n|-crit|p2a: Ting-Lu\n|-resisted|p2b: Palafin\n|-damage|p2a: Ting-Lu|77\/100 par\n|-damage|p2b: Palafin|86\/100\n|-status|p2b: Palafin|brn\n|move|p1a: Gyarados|Waterfall|p2a: Ting-Lu\n|-damage|p2a: Ting-Lu|65\/100 par\n|cant|p2a: Ting-Lu|flinch\n|\n|-damage|p2b: Palafin|80\/100 brn|[from] brn\n|upkeep\n|turn|11\n|inactive|Gilgamish has 30 seconds left.\n|inactive|Gilgamish has 20 seconds left.\n|\n|t:|1684077915\n|switch|p1a: Iron Hands|Iron Hands, L50, tera:Grass|55\/100\n|move|p1b: Chi-Yu|Protect|p1b: Chi-Yu\n|-singleturn|p1b: Chi-Yu|Protect\n|move|p2b: Palafin|Substitute|p2b: Palafin\n|-start|p2b: Palafin|Substitute\n|-damage|p2b: Palafin|56\/100 brn\n|move|p2a: Ting-Lu|Heavy Slam|p1b: Chi-Yu\n|-activate|p1b: Chi-Yu|move: Protect\n|\n|-damage|p2b: Palafin|50\/100 brn|[from] brn\n|upkeep\n|turn|12\n|inactive|Gilgamish has 30 seconds left.\n|\n|t:|1684077943\n|switch|p1b: Gyarados|Gyarados, L50, F|59\/100\n|-ability|p1b: Gyarados|Intimidate|boost\n|-unboost|p2a: Ting-Lu|atk|1\n|-immune|p2b: Palafin\n|switch|p2a: Arcanine|Arcanine, L50, M, shiny|56\/100 par\n|-ability|p2a: Arcanine|Intimidate|boost\n|-unboost|p1a: Iron Hands|atk|1\n|-unboost|p1b: Gyarados|atk|1\n|move|p2b: Palafin|Protect|p2b: Palafin\n|-singleturn|p2b: Palafin|Protect\n|move|p1a: Iron Hands|Thunder Punch|p2b: Palafin\n|-activate|p2b: Palafin|move: Protect\n|\n|-damage|p2b: Palafin|44\/100 brn|[from] brn\n|upkeep\n|turn|13\n|inactive|Gilgamish has 30 seconds left.\n|inactive|Gilgamish has 20 seconds left.\n|\n|t:|1684077982\n|move|p1b: Gyarados|Waterfall|p2a: Arcanine\n|-supereffective|p2a: Arcanine\n|-damage|p2a: Arcanine|10\/100 par\n|move|p2b: Palafin|Wave Crash|p1b: Gyarados\n|-resisted|p1b: Gyarados\n|-damage|p1b: Gyarados|36\/100\n|-enditem|p1b: Gyarados|Sitrus Berry|[eat]\n|-heal|p1b: Gyarados|61\/100|[from] item: Sitrus Berry\n|-damage|p2b: Palafin|37\/100 brn|[from] Recoil\n|move|p1a: Iron Hands|Swords Dance|p1a: Iron Hands\n|-boost|p1a: Iron Hands|atk|2\n|cant|p2a: Arcanine|flinch\n|\n|-damage|p2b: Palafin|31\/100 brn|[from] brn\n|upkeep\n|turn|14\n|-message|Gilgamish forfeited.\n|\n|win|Arcacagne\n|raw|Arcacagne's rating: 1306 → 1328<\/strong> (+22 for winning)\n|raw|Gilgamish's rating: 1343 → 1321<\/strong> (-22 for losing)\n|l|\u2606Gilgamish\n","uploadtime":1684078005,"views":17,"p1id":"arcacagne","p2id":"gilgamish","formatid":"gen9vgc2023regulationc","rating":1321,"private":0,"password":""}