{"id":"gen9vgc2023regulationc-1863553991","p1":"SM0KESgirl","p2":"Pokepinga2000","format":"[Gen 9] VGC 2023 Regulation C","log":"|j|\u2606SM0KESgirl\n|j|\u2606Pokepinga2000\n|t:|1684033416\n|gametype|doubles\n|player|p1|SM0KESgirl|rosa|1280\n|player|p2|Pokepinga2000|riley|1296\n|teamsize|p1|6\n|teamsize|p2|6\n|gen|9\n|tier|[Gen 9] VGC 2023 Regulation C\n|rated|\n|rule|Species Clause: Limit one of each Pok\u00e9mon\n|rule|Item Clause: Limit one of each item\n|clearpoke\n|poke|p1|Gholdengo, L50|\n|poke|p1|Murkrow, L50, F|\n|poke|p1|Baxcalibur, L50, F|\n|poke|p1|Annihilape, L50, F|\n|poke|p1|Flutter Mane, L50|\n|poke|p1|Amoonguss, L50, M|\n|poke|p2|Chi-Yu, L50|\n|poke|p2|Torkoal, L50, F|\n|poke|p2|Flutter Mane, L50|\n|poke|p2|Amoonguss, L50, F|\n|poke|p2|Gholdengo, L50|\n|poke|p2|Palafin, L50, M|\n|teampreview|4\n|inactive|Battle timer is ON: inactive players will automatically lose when time's up. (requested by Pokepinga2000)\n|\n|t:|1684033447\n|start\n|switch|p1a: Murkrow|Murkrow, L50, F|100\/100\n|switch|p1b: Baxcalibur|Baxcalibur, L50, F|100\/100\n|switch|p2a: Flutter Mane|Flutter Mane, L50|100\/100\n|switch|p2b: Amoonguss|Amoonguss, L50, F|100\/100\n|turn|1\n|\n|t:|1684033468\n|move|p2b: Amoonguss|Protect|p2b: Amoonguss\n|-singleturn|p2b: Amoonguss|Protect\n|move|p1a: Murkrow|Tailwind|p1a: Murkrow\n|-sidestart|p1: SM0KESgirl|move: Tailwind\n|move|p1b: Baxcalibur|Earthquake|p2b: Amoonguss|[spread] p2a\n|-activate|p2b: Amoonguss|move: Protect\n|-immune|p1a: Murkrow\n|-damage|p2a: Flutter Mane|38\/100\n|move|p2a: Flutter Mane|Trick Room|p2a: Flutter Mane\n|-fieldstart|move: Trick Room|[of] p2a: Flutter Mane\n|\n|upkeep\n|turn|2\n|inactive|SM0KESgirl has 30 seconds left.\n|\n|t:|1684033493\n|move|p1a: Murkrow|Thunder Wave|p2a: Flutter Mane\n|-status|p2a: Flutter Mane|par\n|move|p2b: Amoonguss|Spore|p1a: Murkrow\n|-status|p1a: Murkrow|slp|[from] move: Spore\n|move|p2a: Flutter Mane|Moonblast|p1b: Baxcalibur\n|-supereffective|p1b: Baxcalibur\n|-damage|p1b: Baxcalibur|23\/100\n|-unboost|p1b: Baxcalibur|spa|1\n|-damage|p2a: Flutter Mane|29\/100 par|[from] item: Life Orb\n|move|p1b: Baxcalibur|Earthquake|p2a: Flutter Mane|[spread] p2a,p2b\n|-immune|p1a: Murkrow\n|-damage|p2a: Flutter Mane|0 fnt\n|-damage|p2b: Amoonguss|67\/100\n|faint|p2a: Flutter Mane\n|-end|p2a: Flutter Mane|Protosynthesis|[silent]\n|\n|-heal|p2b: Amoonguss|73\/100|[from] item: Black Sludge\n|upkeep\n|\n|t:|1684033508\n|switch|p2a: Gholdengo|Gholdengo, L50|100\/100\n|turn|3\n|\n|t:|1684033526\n|cant|p1a: Murkrow|slp\n|move|p2b: Amoonguss|Spore|p1b: Baxcalibur\n|-status|p1b: Baxcalibur|slp|[from] move: Spore\n|move|p2a: Gholdengo|Trick|p1a: Murkrow\n|-activate|p2a: Gholdengo|move: Trick|[of] p1a: Murkrow\n|-item|p1a: Murkrow|Focus Sash|[from] move: Trick\n|-item|p2a: Gholdengo|Eviolite|[from] move: Trick\n|cant|p1b: Baxcalibur|slp\n|\n|-heal|p2b: Amoonguss|79\/100|[from] item: Black Sludge\n|upkeep\n|turn|4\n|\n|t:|1684033551\n|cant|p1a: Murkrow|slp\n|move|p2b: Amoonguss|Pollen Puff|p1a: Murkrow\n|-damage|p1a: Murkrow|72\/100 slp\n|move|p2a: Gholdengo|Make It Rain|p1a: Murkrow|[spread] p1a,p1b\n|-supereffective|p1b: Baxcalibur\n|-damage|p1a: Murkrow|0 fnt\n|-damage|p1b: Baxcalibur|0 fnt\n|-unboost|p2a: Gholdengo|spa|1\n|faint|p1a: Murkrow\n|faint|p1b: Baxcalibur\n|\n|-heal|p2b: Amoonguss|85\/100|[from] item: Black Sludge\n|-sideend|p1: SM0KESgirl|move: Tailwind\n|upkeep\n|\n|t:|1684033568\n|switch|p1b: Annihilape|Annihilape, L50, F|100\/100\n|switch|p1a: Gholdengo|Gholdengo, L50|100\/100\n|turn|5\n|\n|t:|1684033584\n|-terastallize|p1a: Gholdengo|Water\n|-terastallize|p2a: Gholdengo|Steel\n|move|p1b: Annihilape|Protect|p1b: Annihilape\n|-singleturn|p1b: Annihilape|Protect\n|move|p2b: Amoonguss|Spore|p1b: Annihilape\n|-activate|p1b: Annihilape|move: Protect\n|move|p1a: Gholdengo|Make It Rain|p2a: Gholdengo|[spread] p2a,p2b\n|-resisted|p2a: Gholdengo\n|-damage|p2a: Gholdengo|52\/100\n|-damage|p2b: Amoonguss|36\/100\n|-unboost|p1a: Gholdengo|spa|1\n|move|p2a: Gholdengo|Nasty Plot|p2a: Gholdengo\n|-boost|p2a: Gholdengo|spa|2\n|\n|-heal|p2b: Amoonguss|42\/100|[from] item: Black Sludge\n|-fieldend|move: Trick Room\n|upkeep\n|turn|6\n|inactive|SM0KESgirl has 30 seconds left.\n|\n|t:|1684033616\n|move|p2a: Gholdengo|Shadow Ball|p1b: Annihilape\n|-supereffective|p1b: Annihilape\n|-damage|p1b: Annihilape|23\/100\n|move|p1b: Annihilape|Drain Punch|p2a: Gholdengo\n|-supereffective|p2a: Gholdengo\n|-damage|p2a: Gholdengo|0 fnt\n|-heal|p1b: Annihilape|42\/100|[from] drain|[of] p2a: Gholdengo\n|faint|p2a: Gholdengo\n|move|p1a: Gholdengo|Make It Rain|p2b: Amoonguss\n|-damage|p2b: Amoonguss|0 fnt\n|-unboost|p1a: Gholdengo|spa|1\n|faint|p2b: Amoonguss\n|\n|-heal|p1b: Annihilape|48\/100|[from] item: Leftovers\n|upkeep\n|\n|t:|1684033633\n|switch|p2b: Chi-Yu|Chi-Yu, L50|100\/100\n|-ability|p2b: Chi-Yu|Beads of Ruin\n|turn|7\n|\n|t:|1684033653\n|move|p2b: Chi-Yu|Dark Pulse|p1a: Gholdengo\n|-damage|p1a: Gholdengo|39\/100\n|move|p1b: Annihilape|Rage Fist|p2b: Chi-Yu\n|-resisted|p2b: Chi-Yu\n|-damage|p2b: Chi-Yu|68\/100\n|move|p1a: Gholdengo|Make It Rain|p2b: Chi-Yu\n|-resisted|p2b: Chi-Yu\n|-damage|p2b: Chi-Yu|38\/100\n|-unboost|p1a: Gholdengo|spa|1\n|\n|-heal|p1b: Annihilape|54\/100|[from] item: Leftovers\n|upkeep\n|turn|8\n|inactive|SM0KESgirl has 30 seconds left.\n|\n|t:|1684033686\n|move|p2b: Chi-Yu|Dark Pulse|p1b: Annihilape\n|-damage|p1b: Annihilape|15\/100\n|move|p1b: Annihilape|Rage Fist|p2b: Chi-Yu\n|-resisted|p2b: Chi-Yu\n|-damage|p2b: Chi-Yu|0 fnt\n|faint|p2b: Chi-Yu\n|\n|win|SM0KESgirl\n|raw|SM0KESgirl's rating: 1280 → 1306<\/strong> (+26 for winning)\n|raw|Pokepinga2000's rating: 1296 → 1270<\/strong> (-26 for losing)\n|l|\u2606Pokepinga2000\n","uploadtime":1684033696,"views":13,"p1id":"sm0kesgirl","p2id":"pokepinga2000","formatid":"gen9vgc2023regulationc","rating":1270,"private":0,"password":""}