{"id":"gen9vgc2023regulationc-1846560424","p1":"The_Chauffeur","p2":"IsaacGR2006","format":"[Gen 9] VGC 2023 Regulation C","log":"|j|\u2606The_Chauffeur\n|j|\u2606IsaacGR2006\n|t:|1681851727\n|gametype|doubles\n|player|p1|The_Chauffeur|pokemonbreeder-gen4|1461\n|player|p2|IsaacGR2006|ghetsis|1441\n|teamsize|p1|6\n|teamsize|p2|6\n|gen|9\n|tier|[Gen 9] VGC 2023 Regulation C\n|rated|\n|rule|Species Clause: Limit one of each Pok\u00e9mon\n|rule|Item Clause: Limit one of each item\n|clearpoke\n|poke|p1|Palafin, L50, F|\n|poke|p1|Garchomp, L50, F|\n|poke|p1|Scream Tail, L50|\n|poke|p1|Corviknight, L50, M|\n|poke|p1|Gholdengo, L50|\n|poke|p1|Tyranitar, L50, M|\n|poke|p2|Amoonguss, L50, F|\n|poke|p2|Palafin, L50, F|\n|poke|p2|Arcanine, L50, F|\n|poke|p2|Flutter Mane, L50|\n|poke|p2|Ting-Lu, L50|\n|poke|p2|Kingambit, L50, M|\n|teampreview|4\nThe_Chauffeur rejected open team sheets.\n|inactive|Battle timer is ON: inactive players will automatically lose when time's up. (requested by The_Chauffeur)\n|inactive|The_Chauffeur has 60 seconds left.\n|inactive|IsaacGR2006 has 60 seconds left.\n|inactive|The_Chauffeur has 30 seconds left.\n|\n|t:|1681851793\n|start\n|switch|p1a: Roc|Corviknight, L50, M|100\/100\n|switch|p1b: Shimmer|Palafin, L50, F|100\/100\n|switch|p2a: Flutter Mane|Flutter Mane, L50|100\/100\n|switch|p2b: Palafin|Palafin, L50, F|100\/100\n|-enditem|p2a: Flutter Mane|Booster Energy\n|-activate|p2a: Flutter Mane|ability: Protosynthesis|[fromitem]\n|-start|p2a: Flutter Mane|protosynthesisspa\n|turn|1\n|\n|t:|1681851807\n|detailschange|p1b: Shimmer|Palafin-Hero, L50, F\n|switch|p1b: Tarrasque|Tyranitar, L50, M|100\/100\n|-weather|Sandstorm|[from] ability: Sand Stream|[of] p1b: Tarrasque\n|detailschange|p2b: Palafin|Palafin-Hero, L50, F\n|switch|p2b: Arcanine|Arcanine, L50, F|100\/100\n|-ability|p2b: Arcanine|Intimidate|boost\n|-ability|p1a: Roc|Mirror Armor\n|-unboost|p2b: Arcanine|atk|1\n|-unboost|p1b: Tarrasque|atk|1\n|move|p2a: Flutter Mane|Shadow Ball|p1a: Roc\n|-damage|p1a: Roc|50\/100\n|-ability|p1a: Roc|Mirror Armor\n|-unboost|p2a: Flutter Mane|spd|1\n|move|p1a: Roc|Iron Head|p2a: Flutter Mane\n|-supereffective|p2a: Flutter Mane\n|-damage|p2a: Flutter Mane|0 fnt\n|faint|p2a: Flutter Mane\n|-end|p2a: Flutter Mane|Protosynthesis|[silent]\n|\n|-weather|Sandstorm|[upkeep]\n|upkeep\n|inactive|IsaacGR2006 has 30 seconds left.\n|\n|t:|1681851832\n|switch|p2a: Palafin|Palafin-Hero, L50, F|100\/100\n|-activate|p2a: Palafin|ability: Zero to Hero\n|turn|2\n|inactive|The_Chauffeur has 30 seconds left.\n|\n|t:|1681851865\n|move|p2a: Palafin|Wave Crash|p1a: Roc\n|-damage|p1a: Roc|0 fnt\n|faint|p1a: Roc\n|-damage|p2a: Palafin|83\/100|[from] Recoil\n|move|p2b: Arcanine|Will-O-Wisp|p1b: Tarrasque\n|-status|p1b: Tarrasque|brn\n|move|p1b: Tarrasque|Rock Slide|p2a: Palafin|[spread] p2a,p2b\n|-supereffective|p2b: Arcanine\n|-damage|p2a: Palafin|74\/100\n|-damage|p2b: Arcanine|77\/100\n|\n|-weather|Sandstorm|[upkeep]\n|-damage|p2a: Palafin|68\/100|[from] Sandstorm\n|-damage|p1b: Tarrasque|94\/100 brn|[from] brn\n|upkeep\n|\n|t:|1681851882\n|switch|p1a: Mogaru|Garchomp, L50, F|100\/100\n|turn|3\n|\n|t:|1681851898\n|switch|p2b: Kingambit|Kingambit, L50, M|100\/100\n|move|p1a: Mogaru|Earthquake|p2a: Palafin|[spread] p1b,p2a,p2b\n|-supereffective|p1b: Tarrasque\n|-supereffective|p2b: Kingambit\n|-damage|p1b: Tarrasque|37\/100 brn\n|-damage|p2a: Palafin|36\/100\n|-damage|p2b: Kingambit|51\/100\n|-enditem|p1b: Tarrasque|Weakness Policy\n|-boost|p1b: Tarrasque|atk|2|[from] item: Weakness Policy\n|-boost|p1b: Tarrasque|spa|2|[from] item: Weakness Policy\n|move|p2a: Palafin|Wave Crash|p1a: Mogaru\n|-damage|p1a: Mogaru|12\/100\n|-damage|p2a: Palafin|7\/100|[from] Recoil\n|move|p1b: Tarrasque|Rock Slide|p2a: Palafin|[spread] p2a,p2b\n|-resisted|p2b: Kingambit\n|-damage|p2a: Palafin|0 fnt\n|-damage|p2b: Kingambit|43\/100\n|faint|p2a: Palafin\n|\n|-weather|Sandstorm|[upkeep]\n|-damage|p1b: Tarrasque|31\/100 brn|[from] brn\n|upkeep\n|\n|t:|1681851908\n|switch|p2a: Arcanine|Arcanine, L50, F|77\/100\n|-ability|p2a: Arcanine|Intimidate|boost\n|-unboost|p1a: Mogaru|atk|1\n|-unboost|p1b: Tarrasque|atk|1\n|turn|4\n|\n|t:|1681851924\n|move|p1a: Mogaru|Protect|p1a: Mogaru\n|-singleturn|p1a: Mogaru|Protect\n|move|p2a: Arcanine|Protect|p2a: Arcanine\n|-singleturn|p2a: Arcanine|Protect\n|move|p2b: Kingambit|Protect|p2b: Kingambit\n|-singleturn|p2b: Kingambit|Protect\n|move|p1b: Tarrasque|Rock Slide|p2b: Kingambit|[spread] \n|-activate|p2a: Arcanine|move: Protect\n|-activate|p2b: Kingambit|move: Protect\n|\n|-weather|Sandstorm|[upkeep]\n|-damage|p1b: Tarrasque|25\/100 brn|[from] brn\n|upkeep\n|turn|5\n|inactive|The_Chauffeur has 30 seconds left.\n|\n|t:|1681851950\n|-terastallize|p2a: Arcanine|Water\n|move|p2b: Kingambit|Sucker Punch|p1a: Mogaru|[miss]\n|-miss|p2b: Kingambit|p1a: Mogaru\n|move|p1a: Mogaru|Rock Slide|p2b: Kingambit|[spread] p2a,p2b\n|-resisted|p2b: Kingambit\n|-damage|p2a: Arcanine|64\/100\n|-damage|p2b: Kingambit|39\/100\n|cant|p2a: Arcanine|flinch\n|move|p1b: Tarrasque|Low Kick|p2b: Kingambit\n|-supereffective|p2b: Kingambit\n|-crit|p2b: Kingambit\n|-damage|p2b: Kingambit|0 fnt\n|faint|p2b: Kingambit\n|\n|-weather|none\n|-damage|p1b: Tarrasque|19\/100 brn|[from] brn\n|upkeep\n|turn|6\n|inactive|IsaacGR2006 has 30 seconds left.\n|-message|IsaacGR2006 forfeited.\n|\n|win|The_Chauffeur\n|raw|The_Chauffeur's rating: 1461 → 1480<\/strong> (+19 for winning)\n|raw|IsaacGR2006's rating: 1441 → 1422<\/strong> (-19 for losing)\n","uploadtime":1681851981,"views":3,"p1id":"thechauffeur","p2id":"isaacgr2006","formatid":"gen9vgc2023regulationc","rating":1422,"private":0,"password":""}