{"id":"gen9vgc2023regulationc-1856945782","p1":"MightyMudsdale","p2":"Jscoot12","format":"[Gen 9] VGC 2023 Regulation C","log":"|j|\u2606MightyMudsdale\n|j|\u2606Jscoot12\n|t:|1683128935\n|gametype|doubles\n|player|p1|MightyMudsdale|nessa-masters|1338\n|player|p2|Jscoot12|102|1338\n|teamsize|p1|6\n|teamsize|p2|6\n|gen|9\n|tier|[Gen 9] VGC 2023 Regulation C\n|rated|\n|rule|Species Clause: Limit one of each Pok\u00e9mon\n|rule|Item Clause: Limit one of each item\n|clearpoke\n|poke|p1|Flutter Mane, L50|\n|poke|p1|Chi-Yu, L50|\n|poke|p1|Gyarados, L50, M|\n|poke|p1|Orthworm, L50, M|\n|poke|p1|Glimmora, L50, M|\n|poke|p1|Amoonguss, L50, M|\n|poke|p2|Orthworm, L50, M|\n|poke|p2|Dragonite, L50, F|\n|poke|p2|Flutter Mane, L50|\n|poke|p2|Chi-Yu, L50|\n|poke|p2|Baxcalibur, L50, F|\n|poke|p2|Gyarados, L50, M|\n|teampreview|4\n|c|\u2606MightyMudsdale|gl hf\nMightyMudsdale has agreed to open team sheets.\n|c|\u2606MightyMudsdale|ah a fellow wurm enjoyer\n|c|\u2606MightyMudsdale|OUR BATTLE WILL BE LEGENDARY\n|\n|t:|1683128978\n|start\n|switch|p1a: Amoonguss|Amoonguss, L50, M|100\/100\n|switch|p1b: Unagi|Gyarados, L50, M|100\/100\n|switch|p2a: Chi-Yu|Chi-Yu, L50|100\/100\n|switch|p2b: Flutter Mane|Flutter Mane, L50|100\/100\n|-ability|p2a: Chi-Yu|Beads of Ruin\n|-ability|p1b: Unagi|Intimidate|boost\n|-unboost|p2a: Chi-Yu|atk|1\n|-unboost|p2b: Flutter Mane|atk|1\n|-enditem|p2b: Flutter Mane|Booster Energy\n|-activate|p2b: Flutter Mane|ability: Protosynthesis|[fromitem]\n|-start|p2b: Flutter Mane|protosynthesisspe\n|turn|1\n|\n|t:|1683128997\n|-terastallize|p2a: Chi-Yu|Grass\n|-terastallize|p1a: Amoonguss|Water\n|move|p1a: Amoonguss|Rage Powder|p1a: Amoonguss\n|-singleturn|p1a: Amoonguss|move: Rage Powder\n|move|p2b: Flutter Mane|Thunderbolt|p1a: Amoonguss\n|-supereffective|p1a: Amoonguss\n|-damage|p1a: Amoonguss|43\/100\n|move|p2a: Chi-Yu|Tera Blast|p1a: Amoonguss\n|-supereffective|p1a: Amoonguss\n|-damage|p1a: Amoonguss|0 fnt\n|faint|p1a: Amoonguss\n|-damage|p2a: Chi-Yu|91\/100|[from] item: Life Orb\n|move|p1b: Unagi|Thunder Wave|p2b: Flutter Mane\n|-status|p2b: Flutter Mane|par\n|\n|upkeep\n|\n|t:|1683129010\n|switch|p1a: Chi-Yu|Chi-Yu, L50|100\/100\n|-ability|p1a: Chi-Yu|Beads of Ruin\n|turn|2\n|\n|t:|1683129022\n|switch|p2a: Gyarados|Gyarados, L50, M|100\/100\n|-ability|p2a: Gyarados|Intimidate|boost\n|-unboost|p1a: Chi-Yu|atk|1\n|-unboost|p1b: Unagi|atk|1\n|move|p1a: Chi-Yu|Heat Wave|p2b: Flutter Mane|[spread] p2a,p2b\n|-resisted|p2a: Gyarados\n|-damage|p2a: Gyarados|81\/100\n|-damage|p2b: Flutter Mane|52\/100 par\n|move|p2b: Flutter Mane|Thunderbolt|p1b: Unagi\n|-supereffective|p1b: Unagi\n|-damage|p1b: Unagi|0 fnt\n|faint|p1b: Unagi\n|\n|upkeep\n|\n|t:|1683129033\n|switch|p1b: Flutter Mane|Flutter Mane, L50|100\/100\n|turn|3\n|\n|t:|1683129041\n|cant|p2b: Flutter Mane|par\n|move|p1a: Chi-Yu|Heat Wave|p2b: Flutter Mane|[spread] p2a,p2b\n|-resisted|p2a: Gyarados\n|-damage|p2a: Gyarados|61\/100\n|-damage|p2b: Flutter Mane|4\/100 par\n|move|p1b: Flutter Mane|Dazzling Gleam|p2a: Gyarados|[spread] p2a,p2b\n|-damage|p2a: Gyarados|9\/100\n|-damage|p2b: Flutter Mane|0 fnt\n|faint|p2b: Flutter Mane\n|-end|p2b: Flutter Mane|Protosynthesis|[silent]\n|move|p2a: Gyarados|Bulldoze|p1b: Flutter Mane|[spread] p1a,p1b\n|-supereffective|p1a: Chi-Yu\n|-damage|p1a: Chi-Yu|59\/100\n|-damage|p1b: Flutter Mane|79\/100\n|-unboost|p1a: Chi-Yu|spe|1\n|-unboost|p1b: Flutter Mane|spe|1\n|\n|upkeep\n|\n|t:|1683129057\n|switch|p2b: Orthworm|Orthworm, L50, M|100\/100\n|turn|4\n|\n|t:|1683129072\n|move|p1a: Chi-Yu|Heat Wave|p2b: Orthworm|[spread] p2a,p2b\n|-resisted|p2a: Gyarados\n|-supereffective|p2b: Orthworm\n|-damage|p2a: Gyarados|0 fnt\n|-damage|p2b: Orthworm|0 fnt\n|faint|p2a: Gyarados\n|faint|p2b: Orthworm\n|move|p1b: Flutter Mane|Dazzling Gleam|p2: Gyarados|[notarget]\n|-fail|p1b: Flutter Mane\n|\n|upkeep\n|\n|t:|1683129082\n|switch|p2a: Chi-Yu|Chi-Yu, L50, tera:Grass|91\/100\n|-ability|p2a: Chi-Yu|Beads of Ruin\n|turn|5\n|\n|t:|1683129088\n|move|p1a: Chi-Yu|Heat Wave|p2a: Chi-Yu\n|-supereffective|p2a: Chi-Yu\n|-damage|p2a: Chi-Yu|0 fnt\n|faint|p2a: Chi-Yu\n|\n|win|MightyMudsdale\n|raw|MightyMudsdale's rating: 1338 → 1358<\/strong> (+20 for winning)\n|raw|Jscoot12's rating: 1338 → 1318<\/strong> (-20 for losing)\n|c|\u2606MightyMudsdale|GG WP\n","uploadtime":1683129136,"views":17,"p1id":"mightymudsdale","p2id":"jscoot12","formatid":"gen9vgc2023regulationc","rating":1318,"private":0,"password":""}