{"id":"gen9vgc2023regulationc-1861802760","p1":"itay7689","p2":"RazorSquid","format":"[Gen 9] VGC 2023 Regulation C","log":"|j|\u2606itay7689\n|j|\u2606RazorSquid\n|t:|1683810234\n|gametype|doubles\n|player|p1|itay7689|gladion-stance|1128\n|player|p2|RazorSquid|roughneck-gen4|1162\n|teamsize|p1|6\n|teamsize|p2|6\n|gen|9\n|tier|[Gen 9] VGC 2023 Regulation C\n|rated|\n|rule|Species Clause: Limit one of each Pok\u00e9mon\n|rule|Item Clause: Limit one of each item\n|clearpoke\n|poke|p1|Gastrodon, L50, M|\n|poke|p1|Pelipper, L50, F|\n|poke|p1|Barraskewda, L50, M|\n|poke|p1|Grimmsnarl, L50, M|\n|poke|p1|Meowscarada, L50, M|\n|poke|p1|Tauros-Paldea-Blaze, L50, M|\n|poke|p2|Muk, L50, M|\n|poke|p2|Tyranitar, L50, F|\n|poke|p2|Lycanroc, L50, F|\n|poke|p2|Flutter Mane, L50|\n|poke|p2|Amoonguss, L50, F|\n|poke|p2|Gyarados, L50, M|\n|teampreview|4\n|inactive|Battle timer is ON: inactive players will automatically lose when time's up. (requested by RazorSquid)\n|inactive|itay7689 also wants the timer to be on.\n|inactive|RazorSquid has 60 seconds left.\n|\n|t:|1683810279\n|start\n|switch|p1a: Pelipper|Pelipper, L50, F|100\/100\n|switch|p1b: Barraskewda|Barraskewda, L50, M|100\/100\n|switch|p2a: Flutter Mane|Flutter Mane, L50|100\/100\n|switch|p2b: Amoonguss|Amoonguss, L50, F|100\/100\n|-weather|RainDance|[from] ability: Drizzle|[of] p1a: Pelipper\n|turn|1\n|inactive|itay7689 has 30 seconds left.\n|\n|t:|1683810309\n|-terastallize|p2a: Flutter Mane|Fairy\n|move|p2b: Amoonguss|Rage Powder|p2b: Amoonguss\n|-singleturn|p2b: Amoonguss|move: Rage Powder\n|move|p1b: Barraskewda|Psychic Fangs|p2b: Amoonguss\n|-supereffective|p2b: Amoonguss\n|-damage|p2b: Amoonguss|26\/100\n|-damage|p1b: Barraskewda|91\/100|[from] item: Life Orb\n|move|p2a: Flutter Mane|Moonblast|p1a: Pelipper\n|-damage|p1a: Pelipper|0 fnt\n|faint|p1a: Pelipper\n|\n|-weather|RainDance|[upkeep]\n|upkeep\n|\n|t:|1683810322\n|switch|p1a: Meowscarada|Meowscarada, L50, M|100\/100\n|turn|2\n|\n|t:|1683810333\n|switch|p2b: Gyarados|Gyarados, L50, M, shiny|100\/100\n|-ability|p2b: Gyarados|Intimidate|boost\n|-unboost|p1a: Meowscarada|atk|1\n|-unboost|p1b: Barraskewda|atk|1\n|move|p1a: Meowscarada|Sucker Punch||[still]\n|-fail|p1a: Meowscarada\n|move|p1b: Barraskewda|Liquidation|p2a: Flutter Mane\n|-damage|p2a: Flutter Mane|0 fnt\n|faint|p2a: Flutter Mane\n|-end|p2a: Flutter Mane|Protosynthesis|[silent]\n|-damage|p1b: Barraskewda|81\/100|[from] item: Life Orb\n|\n|-weather|RainDance|[upkeep]\n|upkeep\n|\n|t:|1683810343\n|switch|p2a: Muk|Muk, L50, M, shiny|100\/100\n|turn|3\n|\n|t:|1683810358\n|move|p1a: Meowscarada|Sucker Punch|p2a: Muk\n|-start|p1a: Meowscarada|typechange|Dark|[from] ability: Protean\n|-damage|p2a: Muk|84\/100\n|move|p1b: Barraskewda|Psychic Fangs|p2a: Muk\n|-supereffective|p2a: Muk\n|-damage|p2a: Muk|43\/100\n|-enditem|p2a: Muk|Sitrus Berry|[eat]\n|-heal|p2a: Muk|68\/100|[from] item: Sitrus Berry\n|-damage|p1b: Barraskewda|72\/100|[from] item: Life Orb\n|move|p2b: Gyarados|Thunder Wave|p1b: Barraskewda\n|-status|p1b: Barraskewda|par\n|move|p2a: Muk|Drain Punch|p1a: Meowscarada\n|-supereffective|p1a: Meowscarada\n|-damage|p1a: Meowscarada|42\/100\n|-heal|p2a: Muk|90\/100|[from] drain|[of] p1a: Meowscarada\n|\n|-weather|RainDance|[upkeep]\n|upkeep\n|turn|4\n|inactive|itay7689 has 30 seconds left.\n|inactive|RazorSquid has 30 seconds left.\n|\n|t:|1683810392\n|switch|p1b: Bobby|Gastrodon, L50, M|100\/100\n|switch|p2b: Amoonguss|Amoonguss, L50, F|59\/100\n|move|p1a: Meowscarada|Flower Trick|p2b: Amoonguss\n|-resisted|p2b: Amoonguss\n|-crit|p2b: Amoonguss\n|-damage|p2b: Amoonguss|52\/100\n|move|p2a: Muk|Drain Punch|p1a: Meowscarada\n|-supereffective|p1a: Meowscarada\n|-damage|p1a: Meowscarada|0 fnt\n|-heal|p2a: Muk|100\/100|[from] drain|[of] p1a: Meowscarada\n|faint|p1a: Meowscarada\n|\n|-weather|RainDance|[upkeep]\n|upkeep\n|\n|t:|1683810405\n|switch|p1a: Barraskewda|Barraskewda, L50, M|72\/100 par\n|turn|5\n|\n|t:|1683810425\n|switch|p2b: Gyarados|Gyarados, L50, M, shiny|100\/100\n|-ability|p2b: Gyarados|Intimidate|boost\n|-unboost|p1a: Barraskewda|atk|1\n|-unboost|p1b: Bobby|atk|1\n|-terastallize|p1b: Bobby|Fire\n|cant|p1a: Barraskewda|par\n|move|p2a: Muk|Drain Punch|p1a: Barraskewda\n|-damage|p1a: Barraskewda|39\/100 par\n|move|p1b: Bobby|Tera Blast|p2b: Gyarados\n|-resisted|p2b: Gyarados\n|-damage|p2b: Gyarados|94\/100\n|\n|-weather|none\n|upkeep\n|turn|6\n|\n|t:|1683810442\n|switch|p2b: Amoonguss|Amoonguss, L50, F|85\/100\n|move|p1a: Barraskewda|Liquidation|p1b: Bobby\n|-ability|p1b: Bobby|Storm Drain|boost\n|-boost|p1b: Bobby|spa|1\n|move|p2a: Muk|Drain Punch|p1a: Barraskewda\n|-damage|p1a: Barraskewda|9\/100 par\n|move|p1b: Bobby|Surf|p2b: Amoonguss|[spread] p1a,p2a,p2b\n|-resisted|p1a: Barraskewda\n|-resisted|p2b: Amoonguss\n|-damage|p1a: Barraskewda|0 fnt\n|-damage|p2a: Muk|71\/100\n|-damage|p2b: Amoonguss|74\/100\n|faint|p1a: Barraskewda\n|\n|upkeep\n|turn|7\n|\n|t:|1683810463\n|move|p2a: Muk|Drain Punch|p1b: Bobby\n|-damage|p1b: Bobby|82\/100\n|-heal|p2a: Muk|79\/100|[from] drain|[of] p1b: Bobby\n|move|p1b: Bobby|Tera Blast|p2b: Amoonguss\n|-supereffective|p2b: Amoonguss\n|-damage|p2b: Amoonguss|11\/100\n|-enditem|p2b: Amoonguss|Aguav Berry|[eat]\n|-heal|p2b: Amoonguss|44\/100|[from] item: Aguav Berry\n|move|p2b: Amoonguss|Spore|p1b: Bobby\n|-status|p1b: Bobby|slp|[from] move: Spore\n|\n|upkeep\n|turn|8\n|l|\u2606itay7689\n|inactive|itay7689 disconnected and has a minute to reconnect!\n|player|p1|\n|inactive|itay7689 has 30 seconds left.\n|c|\u2606RazorSquid|Ez\n|inactive|itay7689 has 20 seconds left.\n|inactive|itay7689 has 15 seconds left.\n|inactive|itay7689 has 10 seconds left.\n|inactive|itay7689 has 5 seconds left.\n|-message|itay7689 lost due to inactivity.\n|\n|win|RazorSquid\n|raw|itay7689's rating: 1128 → 1105<\/strong> (-23 for losing)\n|raw|RazorSquid's rating: 1162 → 1185<\/strong> (+23 for winning)\n|l|\u2606RazorSquid\n|j|\u2606RazorSquid\n|player|p2|RazorSquid|roughneck-gen4\n","uploadtime":1683810708,"views":19,"p1id":"itay7689","p2id":"razorsquid","formatid":"gen9vgc2023regulationc","rating":1105,"private":0,"password":""}