{"id":"gen9vgc2023regulationc-1864168099","p1":"yy20041025","p2":"bobs wife","format":"[Gen 9] VGC 2023 Regulation C","log":"|j|\u2606yy20041025\n|j|\u2606bobs wife\n|t:|1684128864\n|gametype|doubles\n|player|p1|yy20041025|lyra|1115\n|player|p2|bobs wife|clown|1105\n|teamsize|p1|6\n|teamsize|p2|6\n|gen|9\n|tier|[Gen 9] VGC 2023 Regulation C\n|rated|\n|rule|Species Clause: Limit one of each Pok\u00e9mon\n|rule|Item Clause: Limit one of each item\n|clearpoke\n|poke|p1|Torkoal, L50, M|\n|poke|p1|Jumpluff, L50, M|\n|poke|p1|Great Tusk, L50|\n|poke|p1|Flutter Mane, L50|\n|poke|p1|Chi-Yu, L50|\n|poke|p1|Roaring Moon, L50|\n|poke|p2|Palafin, L50, M|\n|poke|p2|Maushold, L50|\n|poke|p2|Dragonite, L50, F|\n|poke|p2|Espathra, L50, M|\n|poke|p2|Klefki, L50, M|\n|poke|p2|Ting-Lu, L50|\n|teampreview|4\n|inactive|Battle timer is ON: inactive players will automatically lose when time's up. (requested by bobs wife)\nbobs wife rejected open team sheets.\n|\n|t:|1684128882\n|start\n|switch|p1a: Jumpluff|Jumpluff, L50, M|100\/100\n|switch|p1b: Torkoal|Torkoal, L50, M, shiny|100\/100\n|switch|p2a: Palafin|Palafin, L50, M|100\/100\n|switch|p2b: Maushold|Maushold, L50|100\/100\n|-weather|SunnyDay|[from] ability: Drought|[of] p1b: Torkoal\n|turn|1\n|inactive|yy20041025 has 30 seconds left.\n|inactive|yy20041025 has 20 seconds left.\n|inactive|yy20041025 has 15 seconds left.\n|\n|t:|1684128923\n|detailschange|p2a: Palafin|Palafin-Hero, L50, M\n|switch|p2a: Klefki|Klefki, L50, M|100\/100\n|move|p1a: Jumpluff|Sleep Powder|p2a: Klefki\n|-status|p2a: Klefki|slp|[from] move: Sleep Powder\n|move|p2b: Maushold|Population Bomb|p1b: Torkoal\n|-damage|p1b: Torkoal|95\/100\n|-damage|p1b: Torkoal|90\/100\n|-damage|p1b: Torkoal|85\/100\n|-damage|p1b: Torkoal|80\/100\n|-damage|p1b: Torkoal|75\/100\n|-damage|p1b: Torkoal|70\/100\n|-damage|p1b: Torkoal|65\/100\n|-damage|p1b: Torkoal|60\/100\n|-damage|p1b: Torkoal|55\/100\n|-damage|p1b: Torkoal|50\/100\n|-hitcount|p1b: Torkoal|10\n|move|p1b: Torkoal|Overheat|p2b: Maushold\n|-damage|p2b: Maushold|40\/100\n|-unboost|p1b: Torkoal|spa|2\n|-enditem|p1b: Torkoal|Eject Pack\n|inactive|yy20041025 has 30 seconds left.\n|\n|t:|1684128953\n|switch|p1b: Roaring Moon|Roaring Moon, L50, shiny|100\/100\n|-activate|p1b: Roaring Moon|ability: Protosynthesis\n|-start|p1b: Roaring Moon|protosynthesisatk\n|\n|-weather|SunnyDay|[upkeep]\n|upkeep\n|turn|2\n|inactive|bobs wife has 30 seconds left.\n|\n|t:|1684128980\n|switch|p1a: Great Tusk|Great Tusk, L50, shiny|100\/100\n|-activate|p1a: Great Tusk|ability: Protosynthesis\n|-start|p1a: Great Tusk|protosynthesisatk\n|cant|p2a: Klefki|slp\n|move|p1b: Roaring Moon|Throat Chop|p2b: Maushold\n|-damage|p2b: Maushold|0 fnt\n|faint|p2b: Maushold\n|\n|-weather|SunnyDay|[upkeep]\n|upkeep\n|inactive|bobs wife has 30 seconds left.\n|inactive|bobs wife has 20 seconds left.\n|inactive|bobs wife has 15 seconds left.\n|inactive|bobs wife has 10 seconds left.\n|inactive|bobs wife has 5 seconds left.\n|\n|t:|1684129035\n|switch|p2b: Palafin|Palafin-Hero, L50, M|100\/100\n|-activate|p2b: Palafin|ability: Zero to Hero\n|turn|3\n|inactive|bobs wife has 30 seconds left.\n|inactive|bobs wife has 20 seconds left.\n|inactive|bobs wife has 15 seconds left.\n|inactive|bobs wife has 10 seconds left.\n|inactive|bobs wife has 5 seconds left.\n|\n|t:|1684129090\n|-end|p1b: Roaring Moon|Protosynthesis|[silent]\n|switch|p1b: Jumpluff|Jumpluff, L50, M|100\/100\n|-terastallize|p1a: Great Tusk|Ground\n|move|p2b: Palafin|Jet Punch|p1b: Jumpluff\n|-resisted|p1b: Jumpluff\n|-damage|p1b: Jumpluff|76\/100\n|move|p1a: Great Tusk|Earthquake|p2a: Klefki|[spread] p2a,p2b\n|-immune|p1b: Jumpluff\n|-supereffective|p2a: Klefki\n|-damage|p2a: Klefki|0 fnt\n|-damage|p2b: Palafin|38\/100\n|faint|p2a: Klefki\n|\n|-weather|SunnyDay|[upkeep]\n|upkeep\n|inactive|bobs wife has 30 seconds left.\n|inactive|bobs wife has 20 seconds left.\n|inactive|bobs wife has 15 seconds left.\n|inactive|bobs wife has 10 seconds left.\n|inactive|bobs wife has 5 seconds left.\n|\n|t:|1684129145\n|switch|p2a: Espathra|Espathra, L50, M|100\/100\n|turn|4\n|inactive|bobs wife has 30 seconds left.\n|inactive|bobs wife has 20 seconds left.\n|inactive|bobs wife has 15 seconds left.\n|inactive|bobs wife has 10 seconds left.\n|inactive|bobs wife has 5 seconds left.\n|\n|t:|1684129200\n|move|p2b: Palafin|Jet Punch|p1a: Great Tusk\n|-supereffective|p1a: Great Tusk\n|-damage|p1a: Great Tusk|53\/100\n|move|p1b: Jumpluff|Leaf Storm|p2b: Palafin\n|-supereffective|p2b: Palafin\n|-damage|p2b: Palafin|0 fnt\n|-unboost|p1b: Jumpluff|spa|2\n|faint|p2b: Palafin\n|move|p1a: Great Tusk|Earthquake|p2a: Espathra|[spread] p2a\n|-immune|p1b: Jumpluff\n|-damage|p2a: Espathra|4\/100\n|move|p2a: Espathra|Lumina Crash|p1b: Jumpluff\n|-damage|p1b: Jumpluff|34\/100\n|\n|-weather|SunnyDay|[upkeep]\n|-ability|p2a: Espathra|Speed Boost|boost\n|-boost|p2a: Espathra|spe|1\n|upkeep\n|turn|5\n|inactive|bobs wife has 30 seconds left.\n|inactive|bobs wife has 20 seconds left.\n|inactive|bobs wife has 15 seconds left.\n|inactive|bobs wife has 10 seconds left.\n|inactive|bobs wife has 5 seconds left.\n|\n|t:|1684129255\n|move|p1b: Jumpluff|Leaf Storm|p2a: Espathra\n|-damage|p2a: Espathra|0 fnt\n|-unboost|p1b: Jumpluff|spa|2\n|faint|p2a: Espathra\n|\n|win|yy20041025\n|raw|yy20041025's rating: 1115 → 1139<\/strong> (+24 for winning)\n|raw|bobs wife's rating: 1105 → 1081<\/strong> (-24 for losing)\n","uploadtime":1684129262,"views":7,"p1id":"yy20041025","p2id":"bobswife","formatid":"gen9vgc2023regulationc","rating":1081,"private":0,"password":""}