{"id":"gen9vgc2023regulationc-1846901722","p1":"RyokouTsuki","p2":"Wow_Yangg","format":"[Gen 9] VGC 2023 Regulation C","log":"|j|\u2606RyokouTsuki\n|j|\u2606Wow_Yangg\n|t:|1681898312\n|gametype|doubles\n|player|p1|RyokouTsuki|rosa|1268\n|player|p2|Wow_Yangg|fisherman-gen4|1168\n|teamsize|p1|6\n|teamsize|p2|6\n|gen|9\n|tier|[Gen 9] VGC 2023 Regulation C\n|rated|\n|rule|Species Clause: Limit one of each Pok\u00e9mon\n|rule|Item Clause: Limit one of each item\n|clearpoke\n|poke|p1|Arcanine, L50, M|\n|poke|p1|Iron Bundle, L50|\n|poke|p1|Volcarona, L50, F|\n|poke|p1|Abomasnow, L50, M|\n|poke|p1|Dondozo, L50, F|\n|poke|p1|Tatsugiri, L50, M|\n|poke|p2|Arcanine, L50, F|\n|poke|p2|Kingambit, L50, F|\n|poke|p2|Palafin, L50, M|\n|poke|p2|Amoonguss, L50, F|\n|poke|p2|Flutter Mane, L50|\n|poke|p2|Ting-Lu, L50|\n|teampreview|4\n|inactive|Battle timer is ON: inactive players will automatically lose when time's up. (requested by RyokouTsuki)\n|\n|t:|1681898335\n|start\n|switch|p1a: Iron Bundle|Iron Bundle, L50|100\/100\n|switch|p1b: Volcarona|Volcarona, L50, F|100\/100\n|switch|p2a: Palafin|Palafin, L50, M|100\/100\n|switch|p2b: Flutter Mane|Flutter Mane, L50|100\/100\n|-enditem|p1a: Iron Bundle|Booster Energy\n|-activate|p1a: Iron Bundle|ability: Quark Drive|[fromitem]\n|-start|p1a: Iron Bundle|quarkdrivespe\n|-enditem|p2b: Flutter Mane|Booster Energy\n|-activate|p2b: Flutter Mane|ability: Protosynthesis|[fromitem]\n|-start|p2b: Flutter Mane|protosynthesisspa\n|turn|1\n|\n|t:|1681898350\n|detailschange|p2a: Palafin|Palafin-Hero, L50, M\n|switch|p2a: Arcanine|Arcanine, L50, F|100\/100\n|-ability|p2a: Arcanine|Intimidate|boost\n|-unboost|p1a: Iron Bundle|atk|1\n|-unboost|p1b: Volcarona|atk|1\n|-terastallize|p1b: Volcarona|Grass\n|move|p1a: Iron Bundle|Blizzard|p2b: Flutter Mane|[spread] p2b\n|-miss|p1a: Iron Bundle|p2a: Arcanine\n|-damage|p2b: Flutter Mane|61\/100\n|move|p2b: Flutter Mane|Dazzling Gleam|p1a: Iron Bundle|[spread] p1a,p1b\n|-damage|p1a: Iron Bundle|13\/100\n|-damage|p1b: Volcarona|58\/100\n|move|p1b: Volcarona|Quiver Dance|p1b: Volcarona\n|-boost|p1b: Volcarona|spa|1\n|-boost|p1b: Volcarona|spd|1\n|-boost|p1b: Volcarona|spe|1\n|\n|upkeep\n|turn|2\n|\n|t:|1681898371\n|move|p2a: Arcanine|Extreme Speed|p1a: Iron Bundle\n|-damage|p1a: Iron Bundle|0 fnt\n|faint|p1a: Iron Bundle\n|-end|p1a: Iron Bundle|Quark Drive|[silent]\n|move|p1b: Volcarona|Giga Drain|p2b: Flutter Mane\n|-crit|p2b: Flutter Mane\n|-damage|p2b: Flutter Mane|0 fnt\n|-heal|p1b: Volcarona|82\/100|[from] drain|[of] p2b: Flutter Mane\n|faint|p2b: Flutter Mane\n|-end|p2b: Flutter Mane|Protosynthesis|[silent]\n|\n|upkeep\n|\n|t:|1681898380\n|switch|p1a: Abomasnow|Abomasnow, L50, M|100\/100\n|switch|p2b: Palafin|Palafin-Hero, L50, M|100\/100\n|-activate|p2b: Palafin|ability: Zero to Hero\n|-weather|Snow|[from] ability: Snow Warning|[of] p1a: Abomasnow\n|turn|3\n|\n|t:|1681898393\n|move|p2b: Palafin|Protect|p2b: Palafin\n|-singleturn|p2b: Palafin|Protect\n|move|p1b: Volcarona|Giga Drain|p2b: Palafin\n|-activate|p2b: Palafin|move: Protect\n|move|p2a: Arcanine|Flare Blitz|p1b: Volcarona\n|-supereffective|p1b: Volcarona\n|-damage|p1b: Volcarona|0 fnt\n|faint|p1b: Volcarona\n|-damage|p2a: Arcanine|76\/100|[from] Recoil\n|move|p1a: Abomasnow|Aurora Veil|p1a: Abomasnow\n|-sidestart|p1: RyokouTsuki|move: Aurora Veil\n|\n|-weather|Snow|[upkeep]\n|upkeep\n|\n|t:|1681898404\n|switch|p1b: Arcanine|Arcanine, L50, M|100\/100\n|-ability|p1b: Arcanine|Intimidate|boost\n|-unboost|p2a: Arcanine|atk|1\n|-unboost|p2b: Palafin|atk|1\n|turn|4\n|\n|t:|1681898422\n|switch|p2b: Amoonguss|Amoonguss, L50, F|100\/100\n|move|p1b: Arcanine|Will-O-Wisp|p2b: Amoonguss\n|-status|p2b: Amoonguss|brn\n|move|p2a: Arcanine|Flare Blitz|p1a: Abomasnow\n|-supereffective|p1a: Abomasnow\n|-damage|p1a: Abomasnow|36\/100\n|-damage|p2a: Arcanine|55\/100|[from] Recoil\n|move|p1a: Abomasnow|Earth Power|p2a: Arcanine\n|-supereffective|p2a: Arcanine\n|-damage|p2a: Arcanine|11\/100\n|\n|-weather|Snow|[upkeep]\n|-damage|p2b: Amoonguss|95\/100 brn|[from] brn\n|upkeep\n|turn|5\n|\n|t:|1681898446\n|switch|p2a: Palafin|Palafin-Hero, L50, M|100\/100\n|move|p1b: Arcanine|Extreme Speed|p2a: Palafin\n|-damage|p2a: Palafin|78\/100\n|move|p1a: Abomasnow|Blizzard|p2b: Amoonguss|[spread] p2a,p2b\n|-resisted|p2a: Palafin\n|-supereffective|p2b: Amoonguss\n|-damage|p2a: Palafin|62\/100\n|-damage|p2b: Amoonguss|33\/100 brn\n|-status|p2a: Palafin|frz\n|move|p2b: Amoonguss|Pollen Puff|p1a: Abomasnow\n|-supereffective|p1a: Abomasnow\n|-damage|p1a: Abomasnow|8\/100\n|\n|-weather|Snow|[upkeep]\n|-damage|p2b: Amoonguss|27\/100 brn|[from] brn\n|upkeep\n|turn|6\n|inactive|RyokouTsuki has 30 seconds left.\n|\n|t:|1681898473\n|switch|p2b: Arcanine|Arcanine, L50, F|11\/100\n|-ability|p2b: Arcanine|Intimidate|boost\n|-unboost|p1a: Abomasnow|atk|1\n|-unboost|p1b: Arcanine|atk|1\n|cant|p2a: Palafin|frz\n|move|p1b: Arcanine|Flare Blitz|p2b: Arcanine\n|-resisted|p2b: Arcanine\n|-damage|p2b: Arcanine|0 fnt\n|faint|p2b: Arcanine\n|-damage|p1b: Arcanine|96\/100|[from] Recoil\n|move|p1a: Abomasnow|Energy Ball|p2a: Palafin\n|-supereffective|p2a: Palafin\n|-damage|p2a: Palafin|0 fnt\n|faint|p2a: Palafin\n|\n|-weather|Snow|[upkeep]\n|upkeep\n|\n|t:|1681898477\n|switch|p2b: Amoonguss|Amoonguss, L50, F|61\/100 brn\n|turn|7\n|\n|t:|1681898491\n|-terastallize|p2b: Amoonguss|Water\n|move|p1b: Arcanine|Flare Blitz|p2b: Amoonguss\n|-resisted|p2b: Amoonguss\n|-damage|p2b: Amoonguss|46\/100 brn\n|-damage|p1b: Arcanine|80\/100|[from] item: Rocky Helmet|[of] p2b: Amoonguss\n|-damage|p1b: Arcanine|73\/100|[from] Recoil\n|move|p1a: Abomasnow|Blizzard|p2b: Amoonguss\n|-resisted|p2b: Amoonguss\n|-damage|p2b: Amoonguss|25\/100 brn\n|move|p2b: Amoonguss|Pollen Puff|p1a: Abomasnow\n|-supereffective|p1a: Abomasnow\n|-damage|p1a: Abomasnow|0 fnt\n|faint|p1a: Abomasnow\n|\n|-weather|none\n|-damage|p2b: Amoonguss|19\/100 brn|[from] brn\n|-sideend|p1: RyokouTsuki|move: Aurora Veil\n|upkeep\n|turn|8\n|inactive|RyokouTsuki has 30 seconds left.\n|\n|t:|1681898521\n|move|p1b: Arcanine|Extreme Speed|p2b: Amoonguss\n|-damage|p2b: Amoonguss|6\/100 brn\n|-damage|p1b: Arcanine|57\/100|[from] item: Rocky Helmet|[of] p2b: Amoonguss\n|move|p2b: Amoonguss|Spore|p1b: Arcanine\n|-status|p1b: Arcanine|slp|[from] move: Spore\n|\n|-damage|p2b: Amoonguss|0 fnt|[from] brn\n|faint|p2b: Amoonguss\n|\n|win|RyokouTsuki\n|upkeep\n|raw|RyokouTsuki's rating: 1268 → 1286<\/strong> (+18 for winning)\n|raw|Wow_Yangg's rating: 1168 → 1150<\/strong> (-18 for losing)\n","uploadtime":1681898530,"views":16,"p1id":"ryokoutsuki","p2id":"wowyangg","formatid":"gen9vgc2023regulationc","rating":1150,"private":0,"password":""}