{"id":"gen9vgc2023regulationc-1855847203","p1":"leafyarrow","p2":"BigE3L","format":"[Gen 9] VGC 2023 Regulation C","log":"|j|\u2606leafyarrow\n|j|\u2606BigE3L\n|t:|1682991255\n|gametype|doubles\n|player|p1|leafyarrow|leaf-gen3|1273\n|player|p2|BigE3L|crasherwake|1271\n|teamsize|p1|6\n|teamsize|p2|6\n|gen|9\n|tier|[Gen 9] VGC 2023 Regulation C\n|rated|\n|rule|Species Clause: Limit one of each Pok\u00e9mon\n|rule|Item Clause: Limit one of each item\n|clearpoke\n|poke|p1|Flutter Mane, L50|\n|poke|p1|Palafin, L50, M|\n|poke|p1|Amoonguss, L50, M|\n|poke|p1|Ting-Lu, L50|\n|poke|p1|Arcanine, L50, F|\n|poke|p1|Kingambit, L50, M|\n|poke|p2|Iron Treads, L50|\n|poke|p2|Rotom-Wash, L50|\n|poke|p2|Flutter Mane, L50|\n|poke|p2|Tropius, L50, F|\n|poke|p2|Klefki, L50, F|\n|poke|p2|Palafin, L50, F|\n|teampreview|4\nleafyarrow has agreed to open team sheets.\n|inactive|Battle timer is ON: inactive players will automatically lose when time's up. (requested by BigE3L)\nBigE3L has agreed to open team sheets.\n|inactive|leafyarrow has 60 seconds left.\n|inactive|leafyarrow has 30 seconds left.\n|inactive|leafyarrow has 20 seconds left.\n|\n|t:|1682991337\n|start\n|switch|p1a: Arcanine|Arcanine, L50, F|100\/100\n|switch|p1b: Palafin|Palafin, L50, M|100\/100\n|switch|p2a: Iron Treads|Iron Treads, L50|100\/100\n|switch|p2b: Rotom|Rotom-Wash, L50|100\/100\n|-ability|p1a: Arcanine|Intimidate|boost\n|-unboost|p2a: Iron Treads|atk|1\n|-unboost|p2b: Rotom|atk|1\n|turn|1\n|inactive|leafyarrow has 30 seconds left.\n|\n|t:|1682991369\n|move|p1a: Arcanine|Protect|p1a: Arcanine\n|-singleturn|p1a: Arcanine|Protect\n|move|p1b: Palafin|Protect|p1b: Palafin\n|-singleturn|p1b: Palafin|Protect\n|move|p2a: Iron Treads|Earthquake|p1a: Arcanine|[spread] \n|-activate|p1a: Arcanine|move: Protect\n|-activate|p1b: Palafin|move: Protect\n|-immune|p2b: Rotom|[from] ability: Levitate\n|move|p2b: Rotom|Discharge|p1b: Palafin|[spread] \n|-activate|p1a: Arcanine|move: Protect\n|-activate|p1b: Palafin|move: Protect\n|-immune|p2a: Iron Treads\n|\n|upkeep\n|turn|2\n|inactive|leafyarrow has 30 seconds left.\n|\n|t:|1682991398\n|detailschange|p1b: Palafin|Palafin-Hero, L50, M\n|switch|p1b: Amoonguss|Amoonguss, L50, M|100\/100\n|-terastallize|p1a: Arcanine|Grass\n|move|p2a: Iron Treads|Earthquake|p1b: Amoonguss|[spread] p1a,p1b\n|-immune|p2b: Rotom|[from] ability: Levitate\n|-resisted|p1a: Arcanine\n|-damage|p1a: Arcanine|85\/100\n|-damage|p1b: Amoonguss|75\/100\n|-damage|p2a: Iron Treads|91\/100|[from] item: Life Orb\n|move|p2b: Rotom|Discharge|p1a: Arcanine|[spread] p1a,p1b\n|-immune|p2a: Iron Treads\n|-resisted|p1a: Arcanine\n|-resisted|p1b: Amoonguss\n|-damage|p1a: Arcanine|64\/100\n|-damage|p1b: Amoonguss|59\/100\n|move|p1a: Arcanine|Will-O-Wisp|p2a: Iron Treads\n|-status|p2a: Iron Treads|brn\n|\n|-damage|p2a: Iron Treads|85\/100 brn|[from] brn\n|upkeep\n|turn|3\n|inactive|leafyarrow has 30 seconds left.\n|inactive|BigE3L has 30 seconds left.\n|inactive|leafyarrow has 20 seconds left.\n|\n|t:|1682991436\n|switch|p2b: Tropius|Tropius, L50, F|100\/100\n|move|p2a: Iron Treads|Earthquake|p1b: Amoonguss|[spread] p1a,p1b\n|-immune|p2b: Tropius\n|-resisted|p1a: Arcanine\n|-damage|p1a: Arcanine|56\/100\n|-damage|p1b: Amoonguss|48\/100\n|-enditem|p1b: Amoonguss|Sitrus Berry|[eat]\n|-heal|p1b: Amoonguss|73\/100|[from] item: Sitrus Berry\n|-damage|p2a: Iron Treads|75\/100 brn|[from] item: Life Orb\n|move|p1a: Arcanine|Flare Blitz|p2b: Tropius\n|-supereffective|p2b: Tropius\n|-damage|p2b: Tropius|15\/100\n|-enditem|p2b: Tropius|Sitrus Berry|[eat]\n|-heal|p2b: Tropius|40\/100|[from] item: Sitrus Berry\n|-damage|p1a: Arcanine|26\/100|[from] Recoil\n|move|p1b: Amoonguss|Pollen Puff|p1a: Arcanine\n|-heal|p1a: Arcanine|76\/100\n|\n|-damage|p2a: Iron Treads|69\/100 brn|[from] brn\n|-item|p2b: Tropius|Sitrus Berry|[from] ability: Harvest\n|upkeep\n|-enditem|p2b: Tropius|Sitrus Berry|[eat]\n|-heal|p2b: Tropius|65\/100|[from] item: Sitrus Berry\n|turn|4\n|inactive|leafyarrow has 30 seconds left.\n|inactive|BigE3L has 30 seconds left.\n|inactive|leafyarrow has 20 seconds left.\n|inactive|leafyarrow has 15 seconds left.\n|\n|t:|1682991479\n|switch|p1a: Flutter Mane|Flutter Mane, L50|100\/100\n|-terastallize|p2b: Tropius|Water\n|move|p2a: Iron Treads|Ice Spinner|p1a: Flutter Mane\n|-crit|p1a: Flutter Mane\n|-damage|p1a: Flutter Mane|53\/100\n|-damage|p2a: Iron Treads|59\/100 brn|[from] item: Life Orb\n|move|p2b: Tropius|Air Slash|p1a: Flutter Mane\n|-damage|p1a: Flutter Mane|33\/100\n|move|p1b: Amoonguss|Spore|p2b: Tropius\n|-status|p2b: Tropius|slp|[from] move: Spore\n|\n|-damage|p2a: Iron Treads|53\/100 brn|[from] brn\n|-item|p2b: Tropius|Sitrus Berry|[from] ability: Harvest\n|upkeep\n|turn|5\n|inactive|leafyarrow has 30 seconds left.\n|inactive|BigE3L has 30 seconds left.\n|\n|t:|1682991514\n|cant|p2b: Tropius|slp\n|move|p1a: Flutter Mane|Thunderbolt|p2b: Tropius\n|-supereffective|p2b: Tropius\n|-damage|p2b: Tropius|0 fnt\n|faint|p2b: Tropius\n|move|p2a: Iron Treads|Ice Spinner|p1b: Amoonguss\n|-supereffective|p1b: Amoonguss\n|-damage|p1b: Amoonguss|53\/100\n|-damage|p2a: Iron Treads|44\/100 brn|[from] item: Life Orb\n|move|p1b: Amoonguss|Pollen Puff|p1a: Flutter Mane\n|-heal|p1a: Flutter Mane|83\/100\n|\n|-damage|p2a: Iron Treads|37\/100 brn|[from] brn\n|upkeep\n|\n|t:|1682991526\n|switch|p2b: Rotom|Rotom-Wash, L50|100\/100\n|turn|6\n|\n|t:|1682991547\n|-end|p1a: Flutter Mane|Protosynthesis|[silent]\n|switch|p1a: Arcanine|Arcanine, L50, F, tera:Grass|76\/100\n|-ability|p1a: Arcanine|Intimidate|boost\n|-unboost|p2a: Iron Treads|atk|1\n|-unboost|p2b: Rotom|atk|1\n|-end|p2a: Iron Treads|Quark Drive|[silent]\n|switch|p2a: Flutter Mane|Flutter Mane, L50|100\/100\n|-enditem|p2a: Flutter Mane|Booster Energy\n|-activate|p2a: Flutter Mane|ability: Protosynthesis|[fromitem]\n|-start|p2a: Flutter Mane|protosynthesisspa\n|move|p2b: Rotom|Dark Pulse|p1b: Amoonguss\n|-damage|p1b: Amoonguss|23\/100\n|move|p1b: Amoonguss|Spore|p2b: Rotom\n|-status|p2b: Rotom|slp|[from] move: Spore\n|\n|upkeep\n|turn|7\n|inactive|leafyarrow has 30 seconds left.\n|inactive|BigE3L has 30 seconds left.\n|\n|t:|1682991579\n|switch|p1b: Palafin|Palafin-Hero, L50, M|100\/100\n|-activate|p1b: Palafin|ability: Zero to Hero\n|move|p2a: Flutter Mane|Dazzling Gleam|p1b: Palafin|[spread] p1a,p1b\n|-damage|p1a: Arcanine|33\/100\n|-damage|p1b: Palafin|63\/100\n|cant|p2b: Rotom|slp\n|move|p1a: Arcanine|Flare Blitz|p2a: Flutter Mane\n|-damage|p2a: Flutter Mane|24\/100\n|-damage|p1a: Arcanine|14\/100|[from] Recoil\n|\n|upkeep\n|turn|8\n|inactive|leafyarrow has 30 seconds left.\n|\n|t:|1682991613\n|move|p2a: Flutter Mane|Protect|p2a: Flutter Mane\n|-singleturn|p2a: Flutter Mane|Protect\n|move|p1a: Arcanine|Extreme Speed|p2b: Rotom\n|-damage|p2b: Rotom|67\/100 slp\n|move|p1b: Palafin|Jet Punch|p2a: Flutter Mane\n|-activate|p2a: Flutter Mane|move: Protect\n|-curestatus|p2b: Rotom|slp|[msg]\n|move|p2b: Rotom|Dark Pulse|p1b: Palafin\n|-damage|p1b: Palafin|28\/100\n|\n|upkeep\n|turn|9\n|\n|t:|1682991632\n|-end|p2a: Flutter Mane|Protosynthesis|[silent]\n|switch|p2a: Iron Treads|Iron Treads, L50|37\/100 brn\n|move|p1a: Arcanine|Extreme Speed|p2b: Rotom\n|-crit|p2b: Rotom\n|-damage|p2b: Rotom|17\/100\n|move|p1b: Palafin|Jet Punch|p2a: Iron Treads\n|-supereffective|p2a: Iron Treads\n|-damage|p2a: Iron Treads|0 fnt\n|faint|p2a: Iron Treads\n|-end|p2a: Iron Treads|Quark Drive|[silent]\n|move|p2b: Rotom|Dark Pulse|p1b: Palafin\n|-damage|p1b: Palafin|0 fnt\n|faint|p1b: Palafin\n|\n|upkeep\n|\n|t:|1682991645\n|switch|p2a: Flutter Mane|Flutter Mane, L50|24\/100\n|switch|p1b: Flutter Mane|Flutter Mane, L50|83\/100\n|turn|10\n|\n|t:|1682991660\n|move|p1a: Arcanine|Extreme Speed|p2b: Rotom\n|-damage|p2b: Rotom|0 fnt\n|faint|p2b: Rotom\n|move|p1b: Flutter Mane|Shadow Ball|p2a: Flutter Mane\n|-supereffective|p2a: Flutter Mane\n|-damage|p2a: Flutter Mane|0 fnt\n|faint|p2a: Flutter Mane\n|-end|p2a: Flutter Mane|Protosynthesis|[silent]\n|\n|win|leafyarrow\n|raw|leafyarrow's rating: 1273 → 1298<\/strong> (+25 for winning)\n|raw|BigE3L's rating: 1271 → 1246<\/strong> (-25 for losing)\n|l|\u2606BigE3L\n","uploadtime":1682991768,"views":14,"p1id":"leafyarrow","p2id":"bige3l","formatid":"gen9vgc2023regulationc","rating":1246,"private":0,"password":""}