{"id":"gen9vgc2023regulationc-1851039949","p1":"Oscarini","p2":"Emiker","format":"[Gen 9] VGC 2023 Regulation C","log":"|j|\u2606Oscarini\n|j|\u2606Emiker\n|t:|1682398267\n|gametype|doubles\n|player|p1|Oscarini|buck|1199\n|player|p2|Emiker|red|1286\n|teamsize|p1|6\n|teamsize|p2|6\n|gen|9\n|tier|[Gen 9] VGC 2023 Regulation C\n|rated|\n|rule|Species Clause: Limit one of each Pok\u00e9mon\n|rule|Item Clause: Limit one of each item\n|clearpoke\n|poke|p1|Palafin, L50, F|\n|poke|p1|Amoonguss, L50, M|\n|poke|p1|Arcanine, L50, F|\n|poke|p1|Ting-Lu, L50|\n|poke|p1|Flutter Mane, L50|\n|poke|p1|Baxcalibur, L50, M|\n|poke|p2|Ceruledge, L50, M|\n|poke|p2|Wo-Chien, L50|\n|poke|p2|Corviknight, L50, M|\n|poke|p2|Chi-Yu, L50|\n|poke|p2|Rotom-Wash, L50|\n|poke|p2|Sandy Shocks, L50|\n|teampreview|4\n|inactive|Battle timer is ON: inactive players will automatically lose when time's up. (requested by Oscarini)\n|inactive|Emiker has 60 seconds left.\n|inactive|Oscarini has 60 seconds left.\n|inactive|Emiker has 30 seconds left.\n|\n|t:|1682398335\n|start\n|switch|p1a: Dr Abracitos|Palafin, L50, F, shiny|100\/100\n|switch|p1b: TuMama|Ting-Lu, L50|100\/100\n|switch|p2a: Chi-Yu|Chi-Yu, L50|100\/100\n|switch|p2b: Rotom|Rotom-Wash, L50|100\/100\n|-ability|p2a: Chi-Yu|Beads of Ruin\n|-ability|p1b: TuMama|Vessel of Ruin\n|turn|1\n|inactive|Oscarini has 30 seconds left.\n|inactive|Emiker has 30 seconds left.\n|\n|t:|1682398367\n|switch|p2a: Wo-Chien|Wo-Chien, L50|100\/100\n|-ability|p2a: Wo-Chien|Tablets of Ruin\n|move|p1a: Dr Abracitos|Protect|p1a: Dr Abracitos\n|-singleturn|p1a: Dr Abracitos|Protect\n|move|p2b: Rotom|Will-O-Wisp|p1a: Dr Abracitos\n|-activate|p1a: Dr Abracitos|move: Protect\n|move|p1b: TuMama|Stomping Tantrum|p2a: Wo-Chien\n|-resisted|p2a: Wo-Chien\n|-damage|p2a: Wo-Chien|88\/100\n|\n|-heal|p2a: Wo-Chien|94\/100|[from] item: Leftovers\n|upkeep\n|turn|2\n|\n|t:|1682398392\n|detailschange|p1a: Dr Abracitos|Palafin-Hero, L50, F, shiny\n|switch|p1a: HotAss|Arcanine, L50, F|100\/100\n|-ability|p1a: HotAss|Intimidate|boost\n|-unboost|p2a: Wo-Chien|atk|1\n|-unboost|p2b: Rotom|atk|1\n|-terastallize|p1b: TuMama|Poison\n|move|p2b: Rotom|Will-O-Wisp|p1b: TuMama\n|-status|p1b: TuMama|brn\n|move|p2a: Wo-Chien|Leech Seed|p1a: HotAss\n|-start|p1a: HotAss|move: Leech Seed\n|move|p1b: TuMama|Tera Blast|p2b: Rotom\n|-damage|p2b: Rotom|85\/100\n|\n|-heal|p2a: Wo-Chien|100\/100|[from] item: Leftovers\n|-damage|p1a: HotAss|88\/100|[from] Leech Seed|[of] p2a: Wo-Chien\n|-damage|p1b: TuMama|94\/100 brn|[from] brn\n|upkeep\n|turn|3\n|inactive|Emiker has 30 seconds left.\n|\n|t:|1682398426\n|move|p1a: HotAss|Protect|p1a: HotAss\n|-singleturn|p1a: HotAss|Protect\n|move|p2b: Rotom|Hydro Pump|p1a: HotAss\n|-activate|p1a: HotAss|move: Protect\n|move|p2a: Wo-Chien|Leech Seed|p1b: TuMama\n|-start|p1b: TuMama|move: Leech Seed\n|move|p1b: TuMama|Fissure|p2a: Wo-Chien|[miss]\n|-miss|p1b: TuMama|p2a: Wo-Chien\n|\n|-damage|p1a: HotAss|75\/100|[from] Leech Seed|[of] p2a: Wo-Chien\n|-damage|p1b: TuMama|82\/100 brn|[from] Leech Seed|[of] p2a: Wo-Chien\n|-damage|p1b: TuMama|75\/100 brn|[from] brn\n|upkeep\n|turn|4\n|\n|t:|1682398442\n|switch|p1a: Dr Abracitos|Palafin-Hero, L50, F, shiny|100\/100\n|-activate|p1a: Dr Abracitos|ability: Zero to Hero\n|move|p2a: Wo-Chien|Protect|p2a: Wo-Chien\n|-singleturn|p2a: Wo-Chien|Protect\n|move|p2b: Rotom|Will-O-Wisp|p1a: Dr Abracitos\n|-status|p1a: Dr Abracitos|brn\n|move|p1b: TuMama|Fissure|p2a: Wo-Chien\n|-activate|p2a: Wo-Chien|move: Protect\n|\n|-damage|p1b: TuMama|63\/100 brn|[from] Leech Seed|[of] p2a: Wo-Chien\n|-damage|p1a: Dr Abracitos|95\/100 brn|[from] brn\n|-damage|p1b: TuMama|57\/100 brn|[from] brn\n|upkeep\n|turn|5\n|-message|Oscarini forfeited.\n|\n|win|Emiker\n|raw|Oscarini's rating: 1199 → 1180<\/strong> (-19 for losing)\n|raw|Emiker's rating: 1286 → 1305<\/strong> (+19 for winning)\n|l|\u2606Oscarini\n","uploadtime":1682398463,"views":12,"p1id":"oscarini","p2id":"emiker","formatid":"gen9vgc2023regulationc","rating":1180,"private":0,"password":""}