{"id":"gen9vgc2023regulationc-1857486832","p1":"noahthenumbat","p2":"gorilnx","format":"[Gen 9] VGC 2023 Regulation C","log":"|j|\u2606noahthenumbat\n|j|\u2606gorilnx\n|t:|1683200402\n|gametype|doubles\n|player|p1|noahthenumbat|backersf|1369\n|player|p2|gorilnx|dawn-gen4pt|1292\n|teamsize|p1|6\n|teamsize|p2|6\n|gen|9\n|tier|[Gen 9] VGC 2023 Regulation C\n|rated|\n|rule|Species Clause: Limit one of each Pok\u00e9mon\n|rule|Item Clause: Limit one of each item\n|clearpoke\n|poke|p1|Dragonite, L50, M|\n|poke|p1|Iron Jugulis, L50|\n|poke|p1|Sylveon, L50, F|\n|poke|p1|Blissey, L50, F|\n|poke|p1|Great Tusk, L50|\n|poke|p1|Iron Moth, L50|\n|poke|p2|Palafin, L50, M|\n|poke|p2|Amoonguss, L50, F|\n|poke|p2|Flutter Mane, L50|\n|poke|p2|Arcanine, L50, F|\n|poke|p2|Ting-Lu, L50|\n|poke|p2|Baxcalibur, L50, F|\n|teampreview|4\n|inactive|Battle timer is ON: inactive players will automatically lose when time's up. (requested by gorilnx)\n|inactive|noahthenumbat has 60 seconds left.\n|\n|t:|1683200450\n|start\n|switch|p1a: Blissey|Blissey, L50, F|100\/100\n|switch|p1b: Sylveon|Sylveon, L50, F|100\/100\n|switch|p2a: Palafin|Palafin, L50, M|100\/100\n|switch|p2b: Amoonguss|Amoonguss, L50, F|100\/100\n|turn|1\n|inactive|noahthenumbat has 30 seconds left.\n|\n|t:|1683200483\n|detailschange|p2a: Palafin|Palafin-Hero, L50, M\n|switch|p2a: Ting-Lu|Ting-Lu, L50|100\/100\n|-ability|p2a: Ting-Lu|Vessel of Ruin\n|move|p1b: Sylveon|Hyper Voice|p2a: Ting-Lu|[spread] p2a,p2b\n|-supereffective|p2a: Ting-Lu\n|-resisted|p2b: Amoonguss\n|-damage|p2a: Ting-Lu|64\/100\n|-damage|p2b: Amoonguss|81\/100\n|-damage|p1b: Sylveon|90\/100|[from] item: Life Orb\n|move|p1a: Blissey|Seismic Toss|p2b: Amoonguss\n|-damage|p2b: Amoonguss|59\/100\n|move|p2b: Amoonguss|Spore|p1a: Blissey\n|-status|p1a: Blissey|slp|[from] move: Spore\n|\n|upkeep\n|turn|2\n|\n|t:|1683200505\n|-curestatus|p1a: Blissey|slp|[from] ability: Natural Cure\n|switch|p1a: Dragonite|Dragonite, L50, M|100\/100\n|move|p1b: Sylveon|Hyper Beam|p2a: Ting-Lu\n|-supereffective|p2a: Ting-Lu\n|-damage|p2a: Ting-Lu|0 fnt\n|-mustrecharge|p1b: Sylveon\n|faint|p2a: Ting-Lu\n|-damage|p1b: Sylveon|80\/100|[from] item: Life Orb\n|move|p2b: Amoonguss|Pollen Puff|p2: Ting-Lu|[notarget]\n|-fail|p2b: Amoonguss\n|\n|upkeep\n|\n|t:|1683200517\n|switch|p2a: Flutter Mane|Flutter Mane, L50|100\/100\n|turn|3\n|\n|t:|1683200530\n|switch|p1a: Blissey|Blissey, L50, F|100\/100\n|move|p2a: Flutter Mane|Dazzling Gleam|p1b: Sylveon|[spread] p1a,p1b\n|-damage|p1a: Blissey|83\/100\n|-damage|p1b: Sylveon|40\/100\n|cant|p1b: Sylveon|recharge\n|move|p2b: Amoonguss|Spore|p1a: Blissey\n|-status|p1a: Blissey|slp|[from] move: Spore\n|\n|-heal|p1a: Blissey|89\/100 slp|[from] item: Leftovers\n|upkeep\n|turn|4\n|inactive|noahthenumbat has 30 seconds left.\n|inactive|noahthenumbat has 20 seconds left.\n|inactive|noahthenumbat has 15 seconds left.\n|inactive|noahthenumbat has 10 seconds left.\n|\n|t:|1683200576\n|-curestatus|p1a: Blissey|slp|[from] ability: Natural Cure\n|switch|p1a: Iron Jugulis|Iron Jugulis, L50|100\/100\n|move|p2a: Flutter Mane|Dazzling Gleam|p1b: Sylveon|[spread] p1a,p1b\n|-supereffective|p1a: Iron Jugulis\n|-damage|p1a: Iron Jugulis|0 fnt\n|-damage|p1b: Sylveon|0 fnt\n|faint|p1a: Iron Jugulis\n|-end|p1a: Iron Jugulis|Quark Drive|[silent]\n|faint|p1b: Sylveon\n|move|p2b: Amoonguss|Spore|p1: Iron Jugulis|[notarget]\n|-fail|p2b: Amoonguss\n|\n|upkeep\n|\n|t:|1683200582\n|switch|p1a: Dragonite|Dragonite, L50, M|100\/100\n|switch|p1b: Blissey|Blissey, L50, F|89\/100\n|turn|5\n|\n|t:|1683200605\n|-terastallize|p1a: Dragonite|Fairy\n|move|p2b: Amoonguss|Rage Powder|p2b: Amoonguss\n|-singleturn|p2b: Amoonguss|move: Rage Powder\n|move|p2a: Flutter Mane|Dazzling Gleam|p1b: Blissey|[spread] p1a,p1b\n|-damage|p1a: Dragonite|66\/100\n|-damage|p1b: Blissey|72\/100\n|move|p1a: Dragonite|Ice Spinner|p2b: Amoonguss\n|-supereffective|p2b: Amoonguss\n|-damage|p2b: Amoonguss|10\/100\n|-enditem|p2b: Amoonguss|Sitrus Berry|[eat]\n|-heal|p2b: Amoonguss|35\/100|[from] item: Sitrus Berry\n|move|p1b: Blissey|Gravity|p1b: Blissey\n|-fieldstart|move: Gravity\n|\n|-heal|p1b: Blissey|78\/100|[from] item: Leftovers\n|upkeep\n|turn|6\n|\n|t:|1683200626\n|move|p1a: Dragonite|Extreme Speed|p2b: Amoonguss\n|-damage|p2b: Amoonguss|13\/100\n|move|p2b: Amoonguss|Rage Powder|p2b: Amoonguss\n|-singleturn|p2b: Amoonguss|move: Rage Powder\n|move|p2a: Flutter Mane|Dazzling Gleam|p1a: Dragonite|[spread] p1a,p1b\n|-crit|p1a: Dragonite\n|-damage|p1a: Dragonite|16\/100\n|-damage|p1b: Blissey|63\/100\n|move|p1b: Blissey|Seismic Toss|p2b: Amoonguss\n|-damage|p2b: Amoonguss|0 fnt\n|faint|p2b: Amoonguss\n|\n|-heal|p1b: Blissey|69\/100|[from] item: Leftovers\n|upkeep\n|\n|t:|1683200637\n|switch|p2b: Palafin|Palafin-Hero, L50, M|100\/100\n|-activate|p2b: Palafin|ability: Zero to Hero\n|turn|7\n|c|\u2606noahthenumbat|gg\n|-message|noahthenumbat forfeited.\n|\n|win|gorilnx\n|raw|noahthenumbat's rating: 1369 → 1345<\/strong> (-24 for losing)\n|raw|gorilnx's rating: 1292 → 1322<\/strong> (+30 for winning)\n|l|\u2606noahthenumbat\n","uploadtime":1683200648,"views":7,"p1id":"noahthenumbat","p2id":"gorilnx","formatid":"gen9vgc2023regulationc","rating":1322,"private":0,"password":""}