{"id":"gen9vgc2023regulationc-1852362921","p1":"Spare me T-T)","p2":"anshar_training","format":"[Gen 9] VGC 2023 Regulation C","log":"|j|\u2606Spare me T-T)\n|j|\u2606anshar_training\n|t:|1682548413\n|gametype|doubles\n|player|p1|Spare me T-T)|266|1052\n|player|p2|anshar_training|colress|1031\n|teamsize|p1|6\n|teamsize|p2|6\n|gen|9\n|tier|[Gen 9] VGC 2023 Regulation C\n|rated|\n|rule|Species Clause: Limit one of each Pok\u00e9mon\n|rule|Item Clause: Limit one of each item\n|clearpoke\n|poke|p1|Brute Bonnet, L50|\n|poke|p1|Flutter Mane, L50|\n|poke|p1|Hydreigon, L50, F|\n|poke|p1|Quaquaval, L50, F|\n|poke|p1|Gholdengo, L50|\n|poke|p1|Arcanine, L50, M|\n|poke|p2|Palafin, L50, M|\n|poke|p2|Flutter Mane, L50|\n|poke|p2|Arcanine, L50, M|\n|poke|p2|Amoonguss, L50, M|\n|poke|p2|Ting-Lu, L50|\n|poke|p2|Roaring Moon, L50|\n|teampreview|4\n|\n|t:|1682548447\n|start\n|switch|p1a: Flutter Mane|Flutter Mane, L50|100\/100\n|switch|p1b: Hydreigon|Hydreigon, L50, F|100\/100\n|switch|p2a: Apolo|Arcanine, L50, M|100\/100\n|switch|p2b: PlusUltra|Palafin, L50, M|100\/100\n|-ability|p2a: Apolo|Intimidate|boost\n|-unboost|p1a: Flutter Mane|atk|1\n|-unboost|p1b: Hydreigon|atk|1\n|-enditem|p1a: Flutter Mane|Booster Energy\n|-activate|p1a: Flutter Mane|ability: Protosynthesis|[fromitem]\n|-start|p1a: Flutter Mane|protosynthesisspe\n|turn|1\n|\n|t:|1682548486\n|detailschange|p2b: PlusUltra|Palafin-Hero, L50, M\n|switch|p2b: Benito|Roaring Moon, L50|100\/100\n|-enditem|p2b: Benito|Booster Energy\n|-activate|p2b: Benito|ability: Protosynthesis|[fromitem]\n|-start|p2b: Benito|protosynthesisatk\n|move|p1a: Flutter Mane|Moonblast|p2b: Benito\n|-supereffective|p2b: Benito\n|-damage|p2b: Benito|0 fnt\n|faint|p2b: Benito\n|-end|p2b: Benito|Protosynthesis|[silent]\n|move|p1b: Hydreigon|Tailwind|p1b: Hydreigon\n|-sidestart|p1: Spare me T-T)|move: Tailwind\n|move|p2a: Apolo|Will-O-Wisp|p1b: Hydreigon|[miss]\n|-miss|p2a: Apolo|p1b: Hydreigon\n|\n|upkeep\n|\n|t:|1682548502\n|switch|p2b: Cornelia|Flutter Mane, L50|100\/100\n|turn|2\n|\n|t:|1682548536\n|-end|p1a: Flutter Mane|Protosynthesis|[silent]\n|switch|p1a: Brute Bonnet|Brute Bonnet, L50|100\/100\n|-terastallize|p2b: Cornelia|Fairy\n|move|p1b: Hydreigon|Protect|p1b: Hydreigon\n|-singleturn|p1b: Hydreigon|Protect\n|move|p2b: Cornelia|Dazzling Gleam|p1b: Hydreigon|[spread] p1a\n|-activate|p1b: Hydreigon|move: Protect\n|-supereffective|p1a: Brute Bonnet\n|-damage|p1a: Brute Bonnet|18\/100\n|move|p2a: Apolo|Will-O-Wisp|p1b: Hydreigon\n|-activate|p1b: Hydreigon|move: Protect\n|\n|upkeep\n|turn|3\n|\n|t:|1682548582\n|-terastallize|p1b: Hydreigon|Poison\n|move|p1b: Hydreigon|Dark Pulse|p2a: Apolo\n|-damage|p2a: Apolo|56\/100\n|move|p2b: Cornelia|Dazzling Gleam|p1a: Brute Bonnet|[spread] p1a,p1b\n|-supereffective|p1a: Brute Bonnet\n|-resisted|p1b: Hydreigon\n|-damage|p1a: Brute Bonnet|0 fnt\n|-damage|p1b: Hydreigon|68\/100\n|faint|p1a: Brute Bonnet\n|-end|p1a: Brute Bonnet|Protosynthesis|[silent]\n|move|p2a: Apolo|Will-O-Wisp|p1b: Hydreigon\n|-status|p1b: Hydreigon|brn\n|\n|-damage|p1b: Hydreigon|62\/100 brn|[from] brn\n|upkeep\n|\n|t:|1682548598\n|switch|p1a: Quaquaval|Quaquaval, L50, F|100\/100\n|turn|4\n|\n|t:|1682548640\n|switch|p2a: PlusUltra|Palafin-Hero, L50, M|100\/100\n|-activate|p2a: PlusUltra|ability: Zero to Hero\n|move|p1b: Hydreigon|Dark Pulse|p2a: PlusUltra\n|-damage|p2a: PlusUltra|58\/100\n|move|p1a: Quaquaval|Aqua Step|p2b: Cornelia\n|-damage|p2b: Cornelia|18\/100\n|-boost|p1a: Quaquaval|spe|1\n|-damage|p1a: Quaquaval|90\/100|[from] item: Life Orb\n|move|p2b: Cornelia|Dazzling Gleam|p1a: Quaquaval|[spread] p1a,p1b\n|-supereffective|p1a: Quaquaval\n|-resisted|p1b: Hydreigon\n|-damage|p1a: Quaquaval|0 fnt\n|-damage|p1b: Hydreigon|27\/100 brn\n|-enditem|p1b: Hydreigon|Sitrus Berry|[eat]\n|-heal|p1b: Hydreigon|51\/100 brn|[from] item: Sitrus Berry\n|faint|p1a: Quaquaval\n|\n|-damage|p1b: Hydreigon|45\/100 brn|[from] brn\n|-sideend|p1: Spare me T-T)|move: Tailwind\n|upkeep\n|\n|t:|1682548662\n|switch|p1a: Flutter Mane|Flutter Mane, L50|100\/100\n|turn|5\n|\n|t:|1682548684\n|move|p1a: Flutter Mane|Shadow Ball|p2b: Cornelia\n|-damage|p2b: Cornelia|0 fnt\n|faint|p2b: Cornelia\n|-end|p2b: Cornelia|Protosynthesis|[silent]\n|move|p1b: Hydreigon|Draco Meteor|p2a: PlusUltra\n|-damage|p2a: PlusUltra|0 fnt\n|-unboost|p1b: Hydreigon|spa|2\n|faint|p2a: PlusUltra\n|\n|-damage|p1b: Hydreigon|39\/100 brn|[from] brn\n|upkeep\n|\n|t:|1682548698\n|switch|p2a: Apolo|Arcanine, L50, M|56\/100\n|-ability|p2a: Apolo|Intimidate|boost\n|-unboost|p1a: Flutter Mane|atk|1\n|-unboost|p1b: Hydreigon|atk|1\n|turn|6\n|\n|t:|1682548711\n|move|p2a: Apolo|Protect|p2a: Apolo\n|-singleturn|p2a: Apolo|Protect\n|move|p1a: Flutter Mane|Shadow Ball|p2a: Apolo\n|-activate|p2a: Apolo|move: Protect\n|move|p1b: Hydreigon|Draco Meteor|p2a: Apolo\n|-activate|p2a: Apolo|move: Protect\n|\n|-damage|p1b: Hydreigon|33\/100 brn|[from] brn\n|upkeep\n|turn|7\n|\n|t:|1682548731\n|move|p2a: Apolo|Extreme Speed|p1b: Hydreigon\n|-crit|p1b: Hydreigon\n|-damage|p1b: Hydreigon|0 fnt\n|faint|p1b: Hydreigon\n|move|p1a: Flutter Mane|Shadow Ball|p2a: Apolo\n|-damage|p2a: Apolo|10\/100\n|\n|upkeep\n|turn|8\n|\n|t:|1682548742\n|move|p1a: Flutter Mane|Shadow Ball|p2a: Apolo\n|-damage|p2a: Apolo|0 fnt\n|faint|p2a: Apolo\n|\n|win|Spare me T-T)\n|raw|Spare me T-T)'s rating: 1052 → 1082<\/strong> (+30 for winning)\n|raw|anshar_training's rating: 1031 → 1017<\/strong> (-14 for losing)\n","uploadtime":1682548749,"views":13,"p1id":"sparemett","p2id":"anshartraining","formatid":"gen9vgc2023regulationc","rating":1017,"private":0,"password":""}