{"id":"gen9vgc2023regulationc-1845980377","p1":"Torrezinho10","p2":"Tairasan","format":"[Gen 9] VGC 2023 Regulation C","log":"|j|\u2606Torrezinho10\n|j|\u2606Tairasan\n|t:|1681786740\n|gametype|doubles\n|player|p1|Torrezinho10|265|1128\n|player|p2|Tairasan|janitor|1209\n|teamsize|p1|6\n|teamsize|p2|6\n|gen|9\n|tier|[Gen 9] VGC 2023 Regulation C\n|rated|\n|rule|Species Clause: Limit one of each Pok\u00e9mon\n|rule|Item Clause: Limit one of each item\n|clearpoke\n|poke|p1|Gholdengo, L50|\n|poke|p1|Toxapex, L50, M|\n|poke|p1|Gyarados, L50, F|\n|poke|p1|Arcanine, L50, F|\n|poke|p1|Flutter Mane, L50|\n|poke|p1|Ting-Lu, L50|\n|poke|p2|Amoonguss, L50, F|\n|poke|p2|Baxcalibur, L50, F|\n|poke|p2|Arcanine, L50, M|\n|poke|p2|Palafin, L50, M|\n|poke|p2|Flutter Mane, L50|\n|poke|p2|Ting-Lu, L50|\n|teampreview|4\nTairasan has agreed to open team sheets.\n|inactive|Battle timer is ON: inactive players will automatically lose when time's up. (requested by Tairasan)\nTorrezinho10 rejected open team sheets.\n|\n|t:|1681786824\n|start\n|switch|p1a: Toxapex|Toxapex, L50, M|100\/100\n|switch|p1b: Gyarados|Gyarados, L50, F|100\/100\n|switch|p2a: Palafin|Palafin, L50, M|100\/100\n|switch|p2b: Ting-Lu|Ting-Lu, L50|100\/100\n|-ability|p1b: Gyarados|Intimidate|boost\n|-unboost|p2a: Palafin|atk|1\n|-unboost|p2b: Ting-Lu|atk|1\n|-ability|p2b: Ting-Lu|Vessel of Ruin\n|turn|1\n|inactive|Torrezinho10 has 30 seconds left.\n|inactive|Tairasan has 30 seconds left.\n|\n|t:|1681786855\n|detailschange|p2a: Palafin|Palafin-Hero, L50, M\n|switch|p2a: Amoonguss|Amoonguss, L50, F, shiny|100\/100\n|move|p1b: Gyarados|Waterfall|p2b: Ting-Lu\n|-supereffective|p2b: Ting-Lu\n|-damage|p2b: Ting-Lu|60\/100\n|move|p2b: Ting-Lu|Stomping Tantrum|p1a: Toxapex\n|-supereffective|p1a: Toxapex\n|-damage|p1a: Toxapex|65\/100\n|move|p1a: Toxapex|Toxic Spikes|p2b: Ting-Lu\n|-sidestart|p2: Tairasan|move: Toxic Spikes\n|\n|-heal|p1a: Toxapex|71\/100|[from] item: Leftovers\n|upkeep\n|turn|2\n|inactive|Tairasan has 30 seconds left.\n|\n|t:|1681786886\n|move|p2a: Amoonguss|Rage Powder|p2a: Amoonguss\n|-singleturn|p2a: Amoonguss|move: Rage Powder\n|move|p1b: Gyarados|Taunt|p2a: Amoonguss\n|-start|p2a: Amoonguss|move: Taunt\n|move|p2b: Ting-Lu|Stone Edge|p1b: Gyarados|[miss]\n|-miss|p2b: Ting-Lu|p1b: Gyarados\n|move|p1a: Toxapex|Toxic Spikes|p2b: Ting-Lu\n|-sidestart|p2: Tairasan|move: Toxic Spikes\n|\n|-heal|p1a: Toxapex|76\/100|[from] item: Leftovers\n|upkeep\n|turn|3\n|inactive|Tairasan has 30 seconds left.\n|\n|t:|1681786920\n|move|p1b: Gyarados|Waterfall|p2b: Ting-Lu\n|-supereffective|p2b: Ting-Lu\n|-damage|p2b: Ting-Lu|22\/100\n|move|p2b: Ting-Lu|Stone Edge|p1b: Gyarados\n|-supereffective|p1b: Gyarados\n|-damage|p1b: Gyarados|63\/100\n|move|p1a: Toxapex|Ice Spinner|p2b: Ting-Lu\n|-supereffective|p2b: Ting-Lu\n|-damage|p2b: Ting-Lu|10\/100\n|move|p2a: Amoonguss|Pollen Puff|p2b: Ting-Lu\n|-heal|p2b: Ting-Lu|60\/100\n|\n|-heal|p1a: Toxapex|82\/100|[from] item: Leftovers\n|upkeep\n|turn|4\n|inactive|Torrezinho10 has 30 seconds left.\n|inactive|Tairasan has 30 seconds left.\n|\n|t:|1681786947\n|switch|p2b: Palafin|Palafin-Hero, L50, M|100\/100\n|-status|p2b: Palafin|tox\n|-activate|p2b: Palafin|ability: Zero to Hero\n|move|p1b: Gyarados|Waterfall|p2b: Palafin\n|-resisted|p2b: Palafin\n|-damage|p2b: Palafin|87\/100 tox\n|move|p1a: Toxapex|Ice Spinner|p2b: Palafin\n|-resisted|p2b: Palafin\n|-crit|p2b: Palafin\n|-damage|p2b: Palafin|78\/100 tox\n|move|p2a: Amoonguss|Pollen Puff|p2b: Palafin\n|-heal|p2b: Palafin|100\/100 tox\n|\n|-heal|p1a: Toxapex|88\/100|[from] item: Leftovers\n|-damage|p2b: Palafin|95\/100 tox|[from] psn\n|upkeep\n|turn|5\n|inactive|Torrezinho10 has 30 seconds left.\n|inactive|Tairasan has 30 seconds left.\n|\n|t:|1681786976\n|-terastallize|p2b: Palafin|Water\n|move|p2b: Palafin|Wave Crash|p1b: Gyarados\n|-resisted|p1b: Gyarados\n|-damage|p1b: Gyarados|11\/100\n|-enditem|p1b: Gyarados|Sitrus Berry|[eat]\n|-heal|p1b: Gyarados|36\/100|[from] item: Sitrus Berry\n|-damage|p2b: Palafin|77\/100 tox|[from] Recoil\n|move|p1b: Gyarados|Iron Head|p2a: Amoonguss\n|-crit|p2a: Amoonguss\n|-damage|p2a: Amoonguss|75\/100\n|-damage|p1b: Gyarados|19\/100|[from] item: Rocky Helmet|[of] p2a: Amoonguss\n|move|p1a: Toxapex|Ice Spinner|p2a: Amoonguss\n|-supereffective|p2a: Amoonguss\n|-damage|p2a: Amoonguss|56\/100\n|-damage|p1a: Toxapex|71\/100|[from] item: Rocky Helmet|[of] p2a: Amoonguss\n|move|p2a: Amoonguss|Pollen Puff|p1b: Gyarados\n|-resisted|p1b: Gyarados\n|-damage|p1b: Gyarados|11\/100\n|\n|-heal|p1a: Toxapex|77\/100|[from] item: Leftovers\n|-damage|p2b: Palafin|65\/100 tox|[from] psn\n|-end|p2a: Amoonguss|move: Taunt\n|upkeep\n|turn|6\n|inactive|Torrezinho10 has 30 seconds left.\n|inactive|Tairasan has 30 seconds left.\n|\n|t:|1681787010\n|move|p2a: Amoonguss|Protect|p2a: Amoonguss\n|-singleturn|p2a: Amoonguss|Protect\n|move|p2b: Palafin|Jet Punch|p1b: Gyarados\n|-resisted|p1b: Gyarados\n|-damage|p1b: Gyarados|0 fnt\n|faint|p1b: Gyarados\n|move|p1a: Toxapex|Ice Spinner|p2a: Amoonguss\n|-activate|p2a: Amoonguss|move: Protect\n|\n|-heal|p1a: Toxapex|83\/100|[from] item: Leftovers\n|-damage|p2b: Palafin|48\/100 tox|[from] psn\n|upkeep\n|inactive|Torrezinho10 has 30 seconds left.\n|\n|t:|1681787036\n|switch|p1b: Gholdengo|Gholdengo, L50|100\/100\n|turn|7\n|inactive|Torrezinho10 has 30 seconds left.\n|inactive|Tairasan has 30 seconds left.\n|inactive|Torrezinho10 has 20 seconds left.\n|\n|t:|1681787072\n|-terastallize|p1b: Gholdengo|Steel\n|move|p1b: Gholdengo|Thunderbolt|p2b: Palafin\n|-supereffective|p2b: Palafin\n|-damage|p2b: Palafin|0 fnt\n|faint|p2b: Palafin\n|move|p1a: Toxapex|Ice Spinner|p2a: Amoonguss\n|-supereffective|p2a: Amoonguss\n|-damage|p2a: Amoonguss|37\/100\n|-damage|p1a: Toxapex|66\/100|[from] item: Rocky Helmet|[of] p2a: Amoonguss\n|move|p2a: Amoonguss|Pollen Puff|p2: Palafin|[notarget]\n|-fail|p2a: Amoonguss\n|\n|-heal|p1a: Toxapex|72\/100|[from] item: Leftovers\n|upkeep\n|\n|t:|1681787086\n|switch|p2b: Ting-Lu|Ting-Lu, L50|60\/100\n|-status|p2b: Ting-Lu|tox\n|-ability|p2b: Ting-Lu|Vessel of Ruin\n|turn|8\n|\n|t:|1681787101\n|move|p1b: Gholdengo|Thunderbolt|p2a: Amoonguss\n|-resisted|p2a: Amoonguss\n|-damage|p2a: Amoonguss|21\/100\n|move|p2b: Ting-Lu|Stomping Tantrum|p1b: Gholdengo\n|-supereffective|p1b: Gholdengo\n|-damage|p1b: Gholdengo|18\/100\n|move|p1a: Toxapex|Recover|p1a: Toxapex\n|-heal|p1a: Toxapex|100\/100\n|move|p2a: Amoonguss|Spore|p1a: Toxapex\n|-status|p1a: Toxapex|slp|[from] move: Spore\n|\n|-damage|p2b: Ting-Lu|54\/100 tox|[from] psn\n|upkeep\n|turn|9\n|\n|t:|1681787121\n|switch|p2a: Arcanine|Arcanine, L50, M|100\/100\n|-status|p2a: Arcanine|tox\n|-ability|p2a: Arcanine|Intimidate|boost\n|-unboost|p1a: Toxapex|atk|1\n|-unboost|p1b: Gholdengo|atk|1\n|move|p1b: Gholdengo|Thunderbolt|p2a: Arcanine\n|-damage|p2a: Arcanine|68\/100 tox\n|move|p2b: Ting-Lu|Stomping Tantrum|p1b: Gholdengo\n|-supereffective|p1b: Gholdengo\n|-damage|p1b: Gholdengo|0 fnt\n|faint|p1b: Gholdengo\n|cant|p1a: Toxapex|slp\n|\n|-damage|p2a: Arcanine|61\/100 tox|[from] psn\n|-damage|p2b: Ting-Lu|41\/100 tox|[from] psn\n|upkeep\n|\n|t:|1681787135\n|switch|p1b: Flutter Mane|Flutter Mane, L50|100\/100\n|-enditem|p1b: Flutter Mane|Booster Energy\n|-activate|p1b: Flutter Mane|ability: Protosynthesis|[fromitem]\n|-start|p1b: Flutter Mane|protosynthesisspe\n|turn|10\n|inactive|Torrezinho10 has 30 seconds left.\n|inactive|Tairasan has 30 seconds left.\n|inactive|Torrezinho10 has 20 seconds left.\n|inactive|Tairasan has 20 seconds left.\n|inactive|Tairasan has 15 seconds left.\n|inactive|Tairasan has 10 seconds left.\n|\n|t:|1681787181\n|switch|p2b: Amoonguss|Amoonguss, L50, F, shiny|54\/100\n|-sideend|p2: Tairasan|move: Toxic Spikes|[of] p2b: Amoonguss\n|move|p1b: Flutter Mane|Moonblast|p2b: Amoonguss\n|-resisted|p2b: Amoonguss\n|-damage|p2b: Amoonguss|30\/100\n|-unboost|p2b: Amoonguss|spa|1\n|move|p2a: Arcanine|Flare Blitz|p1b: Flutter Mane\n|-damage|p1b: Flutter Mane|0 fnt\n|faint|p1b: Flutter Mane\n|-end|p1b: Flutter Mane|Protosynthesis|[silent]\n|-damage|p2a: Arcanine|40\/100 tox|[from] Recoil\n|cant|p1a: Toxapex|slp\n|\n|-damage|p2a: Arcanine|27\/100 tox|[from] psn\n|upkeep\n|turn|11\n|inactive|Tairasan has 30 seconds left.\n|\n|t:|1681787206\n|switch|p2b: Ting-Lu|Ting-Lu, L50|41\/100 tox\n|-ability|p2b: Ting-Lu|Vessel of Ruin\n|move|p2a: Arcanine|Howl|p2a: Arcanine|[spread] p2a,p2b\n|-boost|p2a: Arcanine|atk|1\n|-boost|p2b: Ting-Lu|atk|1\n|cant|p1a: Toxapex|slp\n|\n|-damage|p2a: Arcanine|9\/100 tox|[from] psn\n|-damage|p2b: Ting-Lu|35\/100 tox|[from] psn\n|upkeep\n|turn|12\n|\n|t:|1681787223\n|move|p2a: Arcanine|Flare Blitz|p1a: Toxapex\n|-resisted|p1a: Toxapex\n|-damage|p1a: Toxapex|76\/100 slp\n|-damage|p2a: Arcanine|3\/100 tox|[from] Recoil\n|move|p2b: Ting-Lu|Stomping Tantrum|p1a: Toxapex\n|-supereffective|p1a: Toxapex\n|-damage|p1a: Toxapex|0 fnt\n|faint|p1a: Toxapex\n|\n|win|Tairasan\n|raw|Torrezinho10's rating: 1128 → 1109<\/strong> (-19 for losing)\n|raw|Tairasan's rating: 1209 → 1228<\/strong> (+19 for winning)\n|l|\u2606Torrezinho10\n","uploadtime":1681787233,"views":5,"p1id":"torrezinho10","p2id":"tairasan","formatid":"gen9vgc2023regulationc","rating":1109,"private":0,"password":""}