{"id":"gen9vgc2023regulationc-1847529613","p1":"Sprye0216","p2":"Yute","format":"[Gen 9] VGC 2023 Regulation C","log":"|j|\u2606Sprye0216\n|j|\u2606Yute\n|t:|1681968001\n|gametype|doubles\n|player|p1|Sprye0216|skyla|1141\n|player|p2|Yute|brock|1185\n|teamsize|p1|6\n|teamsize|p2|6\n|gen|9\n|tier|[Gen 9] VGC 2023 Regulation C\n|rated|\n|rule|Species Clause: Limit one of each Pok\u00e9mon\n|rule|Item Clause: Limit one of each item\n|clearpoke\n|poke|p1|Talonflame, L50, M|\n|poke|p1|Garchomp, L50, F|\n|poke|p1|Gholdengo, L50|\n|poke|p1|Palafin, L50, M|\n|poke|p1|Amoonguss, L50, F|\n|poke|p1|Chien-Pao, L50|\n|poke|p2|Tyranitar, L50, M|\n|poke|p2|Lycanroc, L50, F|\n|poke|p2|Ceruledge, L50, F|\n|poke|p2|Wo-Chien, L50|\n|poke|p2|Farigiraf, L50, F|\n|poke|p2|Corviknight, L50, M|\n|teampreview|4\nSprye0216 has agreed to open team sheets.\n|\n|t:|1681968056\n|start\n|switch|p1a: Garchomp|Garchomp, L50, F|100\/100\n|switch|p1b: Palafin|Palafin, L50, M|100\/100\n|switch|p2a: Wo-Chien|Wo-Chien, L50|100\/100\n|switch|p2b: Farigiraf|Farigiraf, L50, F|100\/100\n|-ability|p2a: Wo-Chien|Tablets of Ruin\n|turn|1\n|\n|t:|1681968080\n|detailschange|p1b: Palafin|Palafin-Hero, L50, M\n|switch|p1b: Talonflame|Talonflame, L50, M|100\/100\n|-terastallize|p1a: Garchomp|Fire\n|move|p1a: Garchomp|Earthquake|p2a: Wo-Chien|[spread] p2a,p2b\n|-immune|p1b: Talonflame\n|-resisted|p2a: Wo-Chien\n|-damage|p2a: Wo-Chien|84\/100\n|-damage|p2b: Farigiraf|72\/100\n|move|p2a: Wo-Chien|Leech Seed|p1a: Garchomp\n|-start|p1a: Garchomp|move: Leech Seed\n|move|p2b: Farigiraf|Hyper Voice|p1a: Garchomp|[spread] p1a,p1b\n|-damage|p1a: Garchomp|74\/100\n|-damage|p1b: Talonflame|67\/100\n|-enditem|p2b: Farigiraf|Throat Spray\n|-boost|p2b: Farigiraf|spa|1|[from] item: Throat Spray\n|\n|-damage|p1a: Garchomp|62\/100|[from] Leech Seed|[of] p2a: Wo-Chien\n|-heal|p2a: Wo-Chien|95\/100|[silent]\n|upkeep\n|turn|2\n|\n|t:|1681968112\n|move|p1b: Talonflame|Brave Bird|p2a: Wo-Chien\n|-supereffective|p2a: Wo-Chien\n|-damage|p2a: Wo-Chien|47\/100\n|-damage|p1b: Talonflame|51\/100|[from] Recoil\n|move|p1a: Garchomp|Rock Slide|p2b: Farigiraf|[spread] p2a,p2b\n|-damage|p2a: Wo-Chien|33\/100\n|-damage|p2b: Farigiraf|59\/100\n|cant|p2a: Wo-Chien|flinch\n|move|p2b: Farigiraf|Hyper Voice|p1b: Talonflame|[spread] p1a,p1b\n|-damage|p1a: Garchomp|19\/100\n|-damage|p1b: Talonflame|0 fnt\n|faint|p1b: Talonflame\n|\n|-damage|p1a: Garchomp|7\/100|[from] Leech Seed|[of] p2a: Wo-Chien\n|-heal|p2a: Wo-Chien|44\/100|[silent]\n|upkeep\n|\n|t:|1681968127\n|switch|p1b: Palafin|Palafin-Hero, L50, M|100\/100\n|-activate|p1b: Palafin|ability: Zero to Hero\n|turn|3\n|\n|t:|1681968155\n|move|p2b: Farigiraf|Protect|p2b: Farigiraf\n|-singleturn|p2b: Farigiraf|Protect\n|move|p1a: Garchomp|Rock Slide|p2b: Farigiraf|[spread] p2a\n|-activate|p2b: Farigiraf|move: Protect\n|-damage|p2a: Wo-Chien|29\/100\n|move|p1b: Palafin|Wave Crash|p2b: Farigiraf\n|-activate|p2b: Farigiraf|move: Protect\n|move|p2a: Wo-Chien|Leech Seed|p1b: Palafin\n|-start|p1b: Palafin|move: Leech Seed\n|\n|-damage|p1a: Garchomp|0 fnt|[from] Leech Seed|[of] p2a: Wo-Chien\n|-heal|p2a: Wo-Chien|35\/100|[silent]\n|faint|p1a: Garchomp\n|-damage|p1b: Palafin|88\/100|[from] Leech Seed|[of] p2a: Wo-Chien\n|-heal|p2a: Wo-Chien|48\/100|[silent]\n|upkeep\n|\n|t:|1681968169\n|switch|p1a: Chien-Pao|Chien-Pao, L50|100\/100\n|-ability|p1a: Chien-Pao|Sword of Ruin\n|turn|4\n|\n|t:|1681968190\n|move|p2a: Wo-Chien|Protect|p2a: Wo-Chien\n|-singleturn|p2a: Wo-Chien|Protect\n|move|p1a: Chien-Pao|Ice Spinner|p2a: Wo-Chien\n|-activate|p2a: Wo-Chien|move: Protect\n|move|p1b: Palafin|Wave Crash|p2b: Farigiraf\n|-damage|p2b: Farigiraf|0 fnt\n|faint|p2b: Farigiraf\n|-damage|p1b: Palafin|69\/100|[from] Recoil\n|\n|-damage|p1b: Palafin|57\/100|[from] Leech Seed|[of] p2a: Wo-Chien\n|-heal|p2a: Wo-Chien|61\/100|[silent]\n|upkeep\n|\n|t:|1681968210\n|switch|p2b: Tyranitar|Tyranitar, L50, M|100\/100\n|-weather|Sandstorm|[from] ability: Sand Stream|[of] p2b: Tyranitar\n|turn|5\n|\n|t:|1681968237\n|-terastallize|p2b: Tyranitar|Flying\n|move|p1a: Chien-Pao|Ice Spinner|p2a: Wo-Chien\n|-supereffective|p2a: Wo-Chien\n|-damage|p2a: Wo-Chien|0 fnt\n|faint|p2a: Wo-Chien\n|move|p1b: Palafin|Wave Crash|p2b: Tyranitar\n|-damage|p2b: Tyranitar|3\/100\n|-damage|p1b: Palafin|24\/100|[from] Recoil\n|move|p2b: Tyranitar|Rock Slide|p1b: Palafin|[spread] p1a,p1b\n|-supereffective|p1a: Chien-Pao\n|-damage|p1a: Chien-Pao|2\/100\n|-damage|p1b: Palafin|0 fnt\n|faint|p1b: Palafin\n|\n|-weather|Sandstorm|[upkeep]\n|-damage|p1a: Chien-Pao|0 fnt|[from] Sandstorm\n|-damage|p2b: Tyranitar|0 fnt|[from] Sandstorm\n|faint|p1a: Chien-Pao\n|faint|p2b: Tyranitar\n|\n|win|Yute\n|upkeep\n|raw|Sprye0216's rating: 1141 → 1119<\/strong> (-22 for losing)\n|raw|Yute's rating: 1185 → 1207<\/strong> (+22 for winning)\n","uploadtime":1681968256,"views":6,"p1id":"sprye0216","p2id":"yute","formatid":"gen9vgc2023regulationc","rating":1119,"private":0,"password":""}