{"id":"gen9vgc2023regulationc-1853257395","p1":"anshar_training","p2":"Mortal-Presence","format":"[Gen 9] VGC 2023 Regulation C","log":"|j|\u2606anshar_training\n|j|\u2606Mortal-Presence\n|t:|1682656052\n|gametype|doubles\n|player|p1|anshar_training|colress|1168\n|player|p2|Mortal-Presence|veteran|1047\n|teamsize|p1|6\n|teamsize|p2|6\n|gen|9\n|tier|[Gen 9] VGC 2023 Regulation C\n|rated|\n|rule|Species Clause: Limit one of each Pok\u00e9mon\n|rule|Item Clause: Limit one of each item\n|clearpoke\n|poke|p1|Palafin, L50, M|\n|poke|p1|Flutter Mane, L50|\n|poke|p1|Arcanine, L50, M|\n|poke|p1|Amoonguss, L50, F|\n|poke|p1|Ting-Lu, L50|\n|poke|p1|Roaring Moon, L50|\n|poke|p2|Arboliva, L50, M|\n|poke|p2|Ceruledge, L50, M|\n|poke|p2|Kilowattrel, L50, M|\n|poke|p2|Rotom-Wash, L50|\n|poke|p2|Annihilape, L50, M|\n|poke|p2|Kingambit, L50, M|\n|teampreview|4\n|inactive|Battle timer is ON: inactive players will automatically lose when time's up. (requested by anshar_training)\n|\n|t:|1682656123\n|start\n|switch|p1a: Good Soup|Ting-Lu, L50|100\/100\n|switch|p1b: PlusUltra|Palafin, L50, M|100\/100\n|switch|p2a: Arboliva|Arboliva, L50, M|100\/100\n|switch|p2b: Rotom|Rotom-Wash, L50|100\/100\n|-ability|p1a: Good Soup|Vessel of Ruin\n|turn|1\n|\n|t:|1682656148\n|detailschange|p1b: PlusUltra|Palafin-Hero, L50, M\n|switch|p1b: Susy|Amoonguss, L50, F|100\/100\n|move|p2b: Rotom|Will-O-Wisp|p1b: Susy\n|-status|p1b: Susy|brn\n|move|p1a: Good Soup|Stomping Tantrum|p2b: Rotom\n|-immune|p2b: Rotom|[from] ability: Levitate\n|move|p2a: Arboliva|Substitute|p2a: Arboliva\n|-start|p2a: Arboliva|Substitute\n|-damage|p2a: Arboliva|76\/100\n|\n|-heal|p2a: Arboliva|82\/100|[from] item: Leftovers\n|-damage|p1b: Susy|95\/100 brn|[from] brn\n|upkeep\n|turn|2\n|inactive|Mortal-Presence has 30 seconds left.\n|\n|t:|1682656180\n|move|p2b: Rotom|Will-O-Wisp|p1a: Good Soup\n|-status|p1a: Good Soup|brn\n|move|p1a: Good Soup|Heavy Slam|p2b: Rotom\n|-resisted|p2b: Rotom\n|-damage|p2b: Rotom|96\/100\n|move|p1b: Susy|Spore|p2b: Rotom\n|-status|p2b: Rotom|slp|[from] move: Spore\n|move|p2a: Arboliva|Leech Seed|p1a: Good Soup|[miss]\n|-miss|p2a: Arboliva|p1a: Good Soup\n|\n|-heal|p2a: Arboliva|87\/100|[from] item: Leftovers\n|-damage|p1a: Good Soup|95\/100 brn|[from] brn\n|-damage|p1b: Susy|89\/100 brn|[from] brn\n|upkeep\n|turn|3\n|inactive|anshar_training has 30 seconds left.\n|inactive|Mortal-Presence has 30 seconds left.\n|\n|t:|1682656211\n|switch|p1b: PlusUltra|Palafin-Hero, L50, M|100\/100\n|-activate|p1b: PlusUltra|ability: Zero to Hero\n|cant|p2b: Rotom|slp\n|move|p1a: Good Soup|Ruination|p2b: Rotom\n|-damage|p2b: Rotom|49\/100 slp\n|move|p2a: Arboliva|Leech Seed|p1a: Good Soup\n|-start|p1a: Good Soup|move: Leech Seed\n|\n|-heal|p2a: Arboliva|93\/100|[from] item: Leftovers\n|-damage|p1a: Good Soup|83\/100 brn|[from] Leech Seed|[of] p2a: Arboliva\n|-heal|p2a: Arboliva|100\/100|[silent]\n|-damage|p1a: Good Soup|77\/100 brn|[from] brn\n|upkeep\n|turn|4\n|inactive|anshar_training has 30 seconds left.\n|\n|t:|1682656245\n|-terastallize|p1b: PlusUltra|Water\n|move|p1b: PlusUltra|Jet Punch|p2b: Rotom\n|-resisted|p2b: Rotom\n|-damage|p2b: Rotom|14\/100 slp\n|cant|p2b: Rotom|slp\n|move|p1a: Good Soup|Sand Tomb|p2a: Arboliva|[miss]\n|-miss|p1a: Good Soup|p2a: Arboliva\n|move|p2a: Arboliva|Strength Sap|p1b: PlusUltra\n|-unboost|p1b: PlusUltra|atk|1\n|\n|-damage|p1a: Good Soup|65\/100 brn|[from] Leech Seed|[of] p2a: Arboliva\n|-damage|p1a: Good Soup|59\/100 brn|[from] brn\n|upkeep\n|turn|5\n|\n|t:|1682656270\n|move|p1b: PlusUltra|Jet Punch|p2b: Rotom\n|-resisted|p2b: Rotom\n|-damage|p2b: Rotom|0 fnt\n|faint|p2b: Rotom\n|move|p1a: Good Soup|Heavy Slam|p2a: Arboliva\n|-activate|p2a: Arboliva|move: Substitute|[damage]\n|move|p2a: Arboliva|Strength Sap|p1b: PlusUltra\n|-unboost|p1b: PlusUltra|atk|1\n|\n|-damage|p1a: Good Soup|47\/100 brn|[from] Leech Seed|[of] p2a: Arboliva\n|-damage|p1a: Good Soup|41\/100 brn|[from] brn\n|upkeep\n|\n|t:|1682656285\n|switch|p2b: Kilowattrel|Kilowattrel, L50, M|100\/100\n|turn|6\n|\n|t:|1682656301\n|move|p2b: Kilowattrel|Tailwind|p2b: Kilowattrel\n|-sidestart|p2: Mortal-Presence|move: Tailwind\n|move|p1b: PlusUltra|Wave Crash|p2b: Kilowattrel\n|-enditem|p2b: Kilowattrel|Focus Sash\n|-damage|p2b: Kilowattrel|1\/100\n|-damage|p1b: PlusUltra|77\/100|[from] Recoil\n|move|p2a: Arboliva|Leech Seed|p1b: PlusUltra\n|-start|p1b: PlusUltra|move: Leech Seed\n|move|p1a: Good Soup|Heavy Slam|p2b: Kilowattrel\n|-resisted|p2b: Kilowattrel\n|-damage|p2b: Kilowattrel|0 fnt\n|faint|p2b: Kilowattrel\n|\n|-damage|p1b: PlusUltra|64\/100|[from] Leech Seed|[of] p2a: Arboliva\n|-damage|p1a: Good Soup|29\/100 brn|[from] Leech Seed|[of] p2a: Arboliva\n|-damage|p1a: Good Soup|23\/100 brn|[from] brn\n|upkeep\n|\n|t:|1682656316\n|switch|p2b: Ceruledge|Ceruledge, L50, M|100\/100\n|turn|7\n|inactive|Mortal-Presence has 30 seconds left.\n|\n|t:|1682656345\n|switch|p1b: Benito|Roaring Moon, L50|100\/100\n|-enditem|p1b: Benito|Booster Energy\n|-activate|p1b: Benito|ability: Protosynthesis|[fromitem]\n|-start|p1b: Benito|protosynthesisatk\n|-terastallize|p2b: Ceruledge|Grass\n|move|p2b: Ceruledge|Solar Blade||[still]\n|-prepare|p2b: Ceruledge|Solar Blade\n|move|p2a: Arboliva|Dazzling Gleam|p1a: Good Soup|[spread] p1a,p1b\n|-supereffective|p1a: Good Soup\n|-supereffective|p1b: Benito\n|-damage|p1a: Good Soup|8\/100 brn\n|-damage|p1b: Benito|58\/100\n|move|p1a: Good Soup|Ruination|p2b: Ceruledge\n|-damage|p2b: Ceruledge|51\/100\n|\n|-damage|p1a: Good Soup|0 fnt|[from] Leech Seed|[of] p2a: Arboliva\n|faint|p1a: Good Soup\n|upkeep\n|\n|t:|1682656362\n|switch|p1a: Susy|Amoonguss, L50, F|100\/100 brn\n|turn|8\n|\n|t:|1682656375\n|move|p2b: Ceruledge|Solar Blade|p1b: Benito|[from]lockedmove\n|-resisted|p1b: Benito\n|-damage|p1b: Benito|19\/100\n|move|p1b: Benito|Acrobatics|p2b: Ceruledge\n|-supereffective|p2b: Ceruledge\n|-damage|p2b: Ceruledge|0 fnt\n|faint|p2b: Ceruledge\n|move|p2a: Arboliva|Leech Seed|p1b: Benito\n|-start|p1b: Benito|move: Leech Seed\n|move|p1a: Susy|Spore|p2a: Arboliva\n|-immune|p2a: Arboliva\n|\n|-damage|p1b: Benito|7\/100|[from] Leech Seed|[of] p2a: Arboliva\n|-damage|p1a: Susy|95\/100 brn|[from] brn\n|upkeep\n|turn|9\n|\n|t:|1682656398\n|move|p1a: Susy|Rage Powder|p1a: Susy\n|-singleturn|p1a: Susy|move: Rage Powder\n|move|p1b: Benito|Acrobatics|p2a: Arboliva\n|-supereffective|p2a: Arboliva\n|-end|p2a: Arboliva|Substitute\n|move|p2a: Arboliva|Dazzling Gleam|p1a: Susy|[spread] p1a,p1b\n|-resisted|p1a: Susy\n|-supereffective|p1b: Benito\n|-damage|p1a: Susy|87\/100 brn\n|-damage|p1b: Benito|0 fnt\n|faint|p1b: Benito\n|-end|p1b: Benito|Protosynthesis|[silent]\n|\n|-damage|p1a: Susy|81\/100 brn|[from] brn\n|-sideend|p2: Mortal-Presence|move: Tailwind\n|upkeep\n|\n|t:|1682656409\n|switch|p1b: PlusUltra|Palafin-Hero, L50, M, tera:Water|64\/100\n|turn|10\n|\n|t:|1682656417\n|move|p1a: Susy|Rage Powder|p1a: Susy\n|-singleturn|p1a: Susy|move: Rage Powder\n|move|p1b: PlusUltra|Wave Crash|p2a: Arboliva\n|-resisted|p2a: Arboliva\n|-damage|p2a: Arboliva|42\/100\n|-fieldstart|move: Grassy Terrain|[from] ability: Seed Sower|[of] p2a: Arboliva\n|-damage|p1b: PlusUltra|49\/100|[from] Recoil\n|move|p2a: Arboliva|Substitute|p2a: Arboliva\n|-start|p2a: Arboliva|Substitute\n|-damage|p2a: Arboliva|17\/100\n|\n|-heal|p1b: PlusUltra|55\/100|[from] Grassy Terrain\n|-heal|p1a: Susy|87\/100 brn|[from] Grassy Terrain\n|-heal|p2a: Arboliva|23\/100|[from] Grassy Terrain\n|-heal|p2a: Arboliva|29\/100|[from] item: Leftovers\n|-damage|p1a: Susy|81\/100 brn|[from] brn\n|upkeep\n|turn|11\n|\n|t:|1682656437\n|move|p1b: PlusUltra|Wave Crash|p2a: Arboliva\n|-resisted|p2a: Arboliva\n|-end|p2a: Arboliva|Substitute\n|-damage|p1b: PlusUltra|49\/100|[from] Recoil|[of] p2a: Arboliva\n|move|p1a: Susy|Pollen Puff|p2a: Arboliva\n|-supereffective|p2a: Arboliva\n|-damage|p2a: Arboliva|0 fnt\n|faint|p2a: Arboliva\n|\n|win|anshar_training\n|raw|anshar_training's rating: 1168 → 1185<\/strong> (+17 for winning)\n|raw|Mortal-Presence's rating: 1047 → 1036<\/strong> (-11 for losing)\n","uploadtime":1682656449,"views":8,"p1id":"anshartraining","p2id":"mortalpresence","formatid":"gen9vgc2023regulationc","rating":1036,"private":0,"password":""}