{"id":"gen9vgc2023regulationc-1847461537","p1":"ultramandyna","p2":"penny my beloved","format":"[Gen 9] VGC 2023 Regulation C","log":"|j|\u2606ultramandyna\n|j|\u2606penny my beloved\n|t:|1681957977\n|gametype|doubles\n|player|p1|ultramandyna|2|1052\n|player|p2|penny my beloved|penny|1115\n|teamsize|p1|6\n|teamsize|p2|6\n|gen|9\n|tier|[Gen 9] VGC 2023 Regulation C\n|rated|\n|rule|Species Clause: Limit one of each Pok\u00e9mon\n|rule|Item Clause: Limit one of each item\n|clearpoke\n|poke|p1|Palafin, L50, M|\n|poke|p1|Skeledirge, L50, M|\n|poke|p1|Flutter Mane, L50|\n|poke|p1|Chi-Yu, L50|\n|poke|p1|Amoonguss, L50, M|\n|poke|p1|Iron Bundle, L50|\n|poke|p2|Palafin, L50, M|\n|poke|p2|Amoonguss, L50, M|\n|poke|p2|Arcanine, L50, M|\n|poke|p2|Flutter Mane, L50|\n|poke|p2|Ting-Lu, L50|\n|poke|p2|Roaring Moon, L50|\n|teampreview|4\n|inactive|Battle timer is ON: inactive players will automatically lose when time's up. (requested by penny my beloved)\n|inactive|penny my beloved has 60 seconds left.\n|\n|t:|1681958033\n|start\n|switch|p1a: Palafin|Palafin, L50, M|100\/100\n|switch|p1b: Skeledirge|Skeledirge, L50, M|100\/100\n|switch|p2a: Roaring Moon|Roaring Moon, L50|100\/100\n|switch|p2b: Palafin|Palafin, L50, M|100\/100\n|-enditem|p2a: Roaring Moon|Booster Energy\n|-activate|p2a: Roaring Moon|ability: Protosynthesis|[fromitem]\n|-start|p2a: Roaring Moon|protosynthesisspe\n|turn|1\n|inactive|ultramandyna has 30 seconds left.\n|inactive|penny my beloved has 30 seconds left.\n|\n|t:|1681958062\n|detailschange|p1a: Palafin|Palafin-Hero, L50, M\n|switch|p1a: Iron Bundle|Iron Bundle, L50|100\/100\n|-terastallize|p1b: Skeledirge|Water\n|move|p2a: Roaring Moon|Jaw Lock|p1b: Skeledirge\n|-damage|p1b: Skeledirge|61\/100\n|-activate|p2a: Roaring Moon|trapped\n|-activate|p1b: Skeledirge|trapped\n|move|p2b: Palafin|Wave Crash|p1b: Skeledirge\n|-resisted|p1b: Skeledirge\n|-damage|p1b: Skeledirge|37\/100\n|-damage|p2b: Palafin|93\/100|[from] Recoil\n|move|p1b: Skeledirge|Will-O-Wisp|p2a: Roaring Moon\n|-status|p2a: Roaring Moon|brn\n|\n|-heal|p1b: Skeledirge|43\/100|[from] item: Leftovers\n|-damage|p2a: Roaring Moon|95\/100 brn|[from] brn\n|upkeep\n|turn|2\n|inactive|ultramandyna has 30 seconds left.\n|inactive|penny my beloved has 30 seconds left.\n|inactive|penny my beloved has 20 seconds left.\n|\n|t:|1681958102\n|detailschange|p2b: Palafin|Palafin-Hero, L50, M\n|switch|p2b: Arcanine|Arcanine, L50, M|100\/100\n|-ability|p2b: Arcanine|Intimidate|boost\n|-unboost|p1a: Iron Bundle|atk|1\n|-unboost|p1b: Skeledirge|atk|1\n|move|p1a: Iron Bundle|Freeze-Dry|p2b: Arcanine\n|-resisted|p2b: Arcanine\n|-damage|p2b: Arcanine|85\/100\n|move|p2a: Roaring Moon|Acrobatics|p1a: Iron Bundle\n|-damage|p1a: Iron Bundle|80\/100\n|move|p1b: Skeledirge|Will-O-Wisp|p2b: Arcanine\n|-immune|p2b: Arcanine\n|\n|-heal|p1b: Skeledirge|49\/100|[from] item: Leftovers\n|-damage|p2a: Roaring Moon|89\/100 brn|[from] brn\n|upkeep\n|turn|3\n|inactive|ultramandyna has 30 seconds left.\n|inactive|penny my beloved has 30 seconds left.\n|inactive|penny my beloved has 20 seconds left.\n|inactive|penny my beloved has 15 seconds left.\n|inactive|penny my beloved has 10 seconds left.\n|\n|t:|1681958148\n|-end|p1a: Iron Bundle|Quark Drive|[silent]\n|switch|p1a: Palafin|Palafin-Hero, L50, M|100\/100\n|-activate|p1a: Palafin|ability: Zero to Hero\n|switch|p2b: Ting-Lu|Ting-Lu, L50|100\/100\n|-ability|p2b: Ting-Lu|Vessel of Ruin\n|move|p2a: Roaring Moon|Acrobatics|p1b: Skeledirge\n|-damage|p1b: Skeledirge|33\/100\n|move|p1b: Skeledirge|Earth Power|p2b: Ting-Lu\n|-damage|p2b: Ting-Lu|92\/100\n|\n|-heal|p1b: Skeledirge|39\/100|[from] item: Leftovers\n|-damage|p2a: Roaring Moon|83\/100 brn|[from] brn\n|upkeep\n|turn|4\n|inactive|ultramandyna has 30 seconds left.\n|inactive|penny my beloved has 30 seconds left.\n|inactive|penny my beloved has 20 seconds left.\n|\n|t:|1681958184\n|move|p2a: Roaring Moon|Dragon Dance|p2a: Roaring Moon\n|-boost|p2a: Roaring Moon|atk|1\n|-boost|p2a: Roaring Moon|spe|1\n|move|p1a: Palafin|Wave Crash|p2b: Ting-Lu\n|-supereffective|p2b: Ting-Lu\n|-damage|p2b: Ting-Lu|0 fnt\n|faint|p2b: Ting-Lu\n|-damage|p1a: Palafin|61\/100|[from] Recoil\n|move|p1b: Skeledirge|Torch Song|p2a: Roaring Moon\n|-resisted|p2a: Roaring Moon\n|-damage|p2a: Roaring Moon|65\/100 brn\n|-boost|p1b: Skeledirge|spa|1\n|\n|-heal|p1b: Skeledirge|45\/100|[from] item: Leftovers\n|-damage|p2a: Roaring Moon|59\/100 brn|[from] brn\n|upkeep\n|\n|t:|1681958199\n|switch|p2b: Arcanine|Arcanine, L50, M|85\/100\n|-ability|p2b: Arcanine|Intimidate|boost\n|-unboost|p1a: Palafin|atk|1\n|-unboost|p1b: Skeledirge|atk|1\n|turn|5\n|inactive|penny my beloved has 30 seconds left.\n|\n|t:|1681958233\n|-terastallize|p2b: Arcanine|Water\n|move|p1a: Palafin|Jet Punch|p2b: Arcanine\n|-resisted|p2b: Arcanine\n|-damage|p2b: Arcanine|68\/100\n|move|p2a: Roaring Moon|Jaw Lock|p1a: Palafin\n|-damage|p1a: Palafin|32\/100\n|-activate|p1a: Palafin|trapped\n|move|p2b: Arcanine|Howl|p2b: Arcanine|[spread] p2a,p2b\n|-boost|p2a: Roaring Moon|atk|1\n|-boost|p2b: Arcanine|atk|1\n|move|p1b: Skeledirge|Earth Power|p2b: Arcanine\n|-damage|p2b: Arcanine|22\/100\n|\n|-heal|p1b: Skeledirge|50\/100|[from] item: Leftovers\n|-damage|p2a: Roaring Moon|53\/100 brn|[from] brn\n|upkeep\n|turn|6\n|inactive|ultramandyna has 30 seconds left.\n|inactive|penny my beloved has 30 seconds left.\n|inactive|ultramandyna has 20 seconds left.\n|\n|t:|1681958269\n|move|p2b: Arcanine|Extreme Speed|p1a: Palafin\n|-damage|p1a: Palafin|1\/100\n|move|p2a: Roaring Moon|Acrobatics|p1a: Palafin\n|-damage|p1a: Palafin|0 fnt\n|faint|p1a: Palafin\n|move|p1b: Skeledirge|Earth Power|p2b: Arcanine\n|-damage|p2b: Arcanine|0 fnt\n|faint|p2b: Arcanine\n|\n|-heal|p1b: Skeledirge|56\/100|[from] item: Leftovers\n|-damage|p2a: Roaring Moon|47\/100 brn|[from] brn\n|upkeep\n|\n|t:|1681958285\n|switch|p2b: Palafin|Palafin-Hero, L50, M|93\/100\n|switch|p1a: Iron Bundle|Iron Bundle, L50|80\/100\n|-activate|p2b: Palafin|ability: Zero to Hero\n|turn|7\n|\n|t:|1681958303\n|move|p2a: Roaring Moon|Jaw Lock|p1a: Iron Bundle\n|-damage|p1a: Iron Bundle|33\/100\n|-activate|p1a: Iron Bundle|trapped\n|move|p1a: Iron Bundle|Freeze-Dry|p2b: Palafin\n|-supereffective|p2b: Palafin\n|-damage|p2b: Palafin|36\/100\n|move|p2b: Palafin|Wave Crash|p1a: Iron Bundle\n|-resisted|p1a: Iron Bundle\n|-damage|p1a: Iron Bundle|0 fnt\n|faint|p1a: Iron Bundle\n|-end|p1a: Iron Bundle|Quark Drive|[silent]\n|-damage|p2b: Palafin|29\/100|[from] Recoil\n|move|p1b: Skeledirge|Will-O-Wisp|p2b: Palafin|[miss]\n|-miss|p1b: Skeledirge|p2b: Palafin\n|\n|-heal|p1b: Skeledirge|62\/100|[from] item: Leftovers\n|-damage|p2a: Roaring Moon|41\/100 brn|[from] brn\n|upkeep\n|\n|t:|1681958322\n|switch|p1a: Amoonguss|Amoonguss, L50, M|100\/100\n|turn|8\n|\n|t:|1681958334\n|move|p2a: Roaring Moon|Acrobatics|p1a: Amoonguss\n|-supereffective|p1a: Amoonguss\n|-damage|p1a: Amoonguss|26\/100\n|-enditem|p1a: Amoonguss|Sitrus Berry|[eat]\n|-heal|p1a: Amoonguss|51\/100|[from] item: Sitrus Berry\n|move|p2b: Palafin|Wave Crash|p1a: Amoonguss\n|-resisted|p1a: Amoonguss\n|-damage|p1a: Amoonguss|10\/100\n|-damage|p2b: Palafin|14\/100|[from] Recoil\n|move|p1b: Skeledirge|Torch Song|p2a: Roaring Moon\n|-resisted|p2a: Roaring Moon\n|-damage|p2a: Roaring Moon|13\/100 brn\n|-boost|p1b: Skeledirge|spa|1\n|move|p1a: Amoonguss|Spore||[still]\n|-fail|p1a: Amoonguss\n|\n|-heal|p1b: Skeledirge|68\/100|[from] item: Leftovers\n|-damage|p2a: Roaring Moon|7\/100 brn|[from] brn\n|upkeep\n|turn|9\n|inactive|ultramandyna has 30 seconds left.\n|inactive|penny my beloved has 30 seconds left.\n|\n|t:|1681958366\n|move|p1a: Amoonguss|Protect|p1a: Amoonguss\n|-singleturn|p1a: Amoonguss|Protect\n|move|p2b: Palafin|Jet Punch|p1a: Amoonguss\n|-activate|p1a: Amoonguss|move: Protect\n|move|p2a: Roaring Moon|Jaw Lock|p1b: Skeledirge\n|-damage|p1b: Skeledirge|49\/100\n|move|p1b: Skeledirge|Torch Song|p2b: Palafin\n|-resisted|p2b: Palafin\n|-damage|p2b: Palafin|0 fnt\n|-boost|p1b: Skeledirge|spa|1\n|faint|p2b: Palafin\n|\n|-heal|p1b: Skeledirge|55\/100|[from] item: Leftovers\n|-damage|p2a: Roaring Moon|1\/100 brn|[from] brn\n|upkeep\n|turn|10\n|-message|penny my beloved forfeited.\n|\n|win|ultramandyna\n|raw|ultramandyna's rating: 1052 → 1090<\/strong> (+38 for winning)\n|raw|penny my beloved's rating: 1115 → 1086<\/strong> (-29 for losing)\n|l|\u2606penny my beloved\n","uploadtime":1681958407,"views":3,"p1id":"ultramandyna","p2id":"pennymybeloved","formatid":"gen9vgc2023regulationc","rating":1086,"private":0,"password":""}