{"id":"gen9vgc2023regulationc-1848211929","p1":"jamez10","p2":"SuperToad916","format":"[Gen 9] VGC 2023 Regulation C","log":"|j|\u2606jamez10\n|j|\u2606SuperToad916\n|t:|1682043095\n|gametype|doubles\n|player|p1|jamez10|170|\n|player|p2|SuperToad916|2|\n|teamsize|p1|6\n|teamsize|p2|6\n|gen|9\n|tier|[Gen 9] VGC 2023 Regulation C\n|rule|Species Clause: Limit one of each Pok\u00e9mon\n|rule|Item Clause: Limit one of each item\n|clearpoke\n|poke|p1|Iron Bundle, L50|\n|poke|p1|Brute Bonnet, L50|\n|poke|p1|Bronzong, L50|\n|poke|p1|Tauros-Paldea-Blaze, L50, M|\n|poke|p1|Iron Jugulis, L50|\n|poke|p1|Raichu, L50, F|\n|poke|p2|Torkoal, L50, M|\n|poke|p2|Ditto, L50|\n|poke|p2|Scovillain, L50, M|\n|poke|p2|Dragonite, L50, F|\n|poke|p2|Sylveon, L50, M|\n|poke|p2|Kingambit, L50, M|\n|teampreview|4\nSuperToad916 rejected open team sheets.\n|\n|t:|1682043148\n|start\n|switch|p1a: Raichu|Raichu, L50, F|100\/100\n|switch|p1b: Iron Bundle|Iron Bundle, L50|100\/100\n|switch|p2a: Shuckel|Torkoal, L50, M, shiny|100\/100\n|switch|p2b: Girlboss|Scovillain, L50, M, shiny|100\/100\n|-item|p1a: Raichu|Air Balloon\n|-weather|SunnyDay|[from] ability: Drought|[of] p2a: Shuckel\n|turn|1\n|\n|t:|1682043195\n|-terastallize|p2b: Girlboss|Ghost\n|-terastallize|p1b: Iron Bundle|Rock\n|move|p1a: Raichu|Fake Out|p2b: Girlboss\n|-immune|p2b: Girlboss\n|move|p2b: Girlboss|Solar Beam||[still]\n|-prepare|p2b: Girlboss|Solar Beam\n|-anim|p2b: Girlboss|Solar Beam|p1b: Iron Bundle\n|-supereffective|p1b: Iron Bundle\n|-damage|p1b: Iron Bundle|0 fnt\n|faint|p1b: Iron Bundle\n|-end|p1b: Iron Bundle|Quark Drive|[silent]\n|move|p2a: Shuckel|Solar Beam||[still]\n|-prepare|p2a: Shuckel|Solar Beam\n|-anim|p2a: Shuckel|Solar Beam|p1a: Raichu\n|-damage|p1a: Raichu|55\/100\n|-enditem|p1a: Raichu|Air Balloon\n|\n|-weather|SunnyDay|[upkeep]\n|upkeep\n|c|\u2606jamez10|fuck\n|\n|t:|1682043223\n|switch|p1b: Tauros|Tauros-Paldea-Blaze, L50, M|100\/100\n|turn|2\n|\n|t:|1682043313\n|move|p1a: Raichu|Protect|p1a: Raichu\n|-singleturn|p1a: Raichu|Protect\n|move|p2b: Girlboss|Solar Beam||[still]\n|-prepare|p2b: Girlboss|Solar Beam\n|-anim|p2b: Girlboss|Solar Beam|p1a: Raichu\n|-activate|p1a: Raichu|move: Protect\n|move|p1b: Tauros|Flare Blitz|p2b: Girlboss\n|-damage|p2b: Girlboss|0 fnt\n|faint|p2b: Girlboss\n|-damage|p1b: Tauros|75\/100|[from] Recoil\n|move|p2a: Shuckel|Yawn|p1b: Tauros\n|-start|p1b: Tauros|move: Yawn|[of] p2a: Shuckel\n|\n|-weather|SunnyDay|[upkeep]\n|upkeep\n|\n|t:|1682043333\n|switch|p2b: Michael|Dragonite, L50, F, shiny|100\/100\n|turn|3\n|\n|t:|1682043358\n|switch|p1b: Bronzong|Bronzong, L50|100\/100\n|move|p1a: Raichu|Volt Switch|p2b: Michael\n|-damage|p2b: Michael|91\/100\n|\n|t:|1682043363\n|switch|p1a: Tauros|Tauros-Paldea-Blaze, L50, M|75\/100|[from] Volt Switch\n|move|p2b: Michael|Stomping Tantrum|p1a: Tauros\n|-supereffective|p1a: Tauros\n|-damage|p1a: Tauros|20\/100\n|-enditem|p1a: Tauros|Sitrus Berry|[eat]\n|-heal|p1a: Tauros|44\/100|[from] item: Sitrus Berry\n|move|p2a: Shuckel|Yawn|p1b: Bronzong\n|-start|p1b: Bronzong|move: Yawn|[of] p2a: Shuckel\n|\n|-weather|SunnyDay|[upkeep]\n|upkeep\n|turn|4\n|\n|t:|1682043423\n|switch|p1a: Raichu|Raichu, L50, F|55\/100\n|move|p2b: Michael|Stomping Tantrum|p1b: Bronzong\n|-supereffective|p1b: Bronzong\n|-damage|p1b: Bronzong|49\/100\n|move|p2a: Shuckel|Overheat|p1b: Bronzong\n|-supereffective|p1b: Bronzong\n|-crit|p1b: Bronzong\n|-damage|p1b: Bronzong|0 fnt\n|-unboost|p2a: Shuckel|spa|2\n|faint|p1b: Bronzong\n|\n|-weather|SunnyDay|[upkeep]\n|upkeep\n|\n|t:|1682043437\n|switch|p1b: Tauros|Tauros-Paldea-Blaze, L50, M|44\/100\n|turn|5\n|\n|t:|1682043457\n|move|p1a: Raichu|Fake Out|p2b: Michael\n|-damage|p2b: Michael|79\/100\n|cant|p2b: Michael|flinch\n|move|p1b: Tauros|Will-O-Wisp|p2b: Michael|[miss]\n|-miss|p1b: Tauros|p2b: Michael\n|move|p2a: Shuckel|Yawn|p1a: Raichu\n|-start|p1a: Raichu|move: Yawn|[of] p2a: Shuckel\n|\n|-weather|SunnyDay|[upkeep]\n|upkeep\n|turn|6\n|j| tomciv20\n|c|\u2606jamez10|really?\n|\n|t:|1682043483\n|move|p2a: Shuckel|Protect|p2a: Shuckel\n|-singleturn|p2a: Shuckel|Protect\n|move|p1a: Raichu|Volt Switch|p2b: Michael\n|-damage|p2b: Michael|61\/100\n|move|p2b: Michael|Stomping Tantrum|p1b: Tauros\n|-supereffective|p1b: Tauros\n|-damage|p1b: Tauros|0 fnt\n|faint|p1b: Tauros\n|\n|-weather|SunnyDay|[upkeep]\n|-end|p1a: Raichu|move: Yawn|[silent]\n|-status|p1a: Raichu|slp\n|upkeep\n|turn|7\n|-message|jamez10 forfeited.\n|\n|win|SuperToad916\n|l|\u2606jamez10\n|j|\u2606jamez10\n|player|p1|jamez10|170\n","uploadtime":1682043499,"views":18,"p1id":"jamez10","p2id":"supertoad916","formatid":"gen9vgc2023regulationc","rating":0,"private":0,"password":""}