{"id":"gen9vgc2023regulationc-1847955189","p1":"RegiiiceSpice","p2":"noobtoprobuilder","format":"[Gen 9] VGC 2023 Regulation C","log":"|j|\u2606RegiiiceSpice\n|j|\u2606noobtoprobuilder\n|t:|1682015586\n|gametype|doubles\n|player|p1|RegiiiceSpice|cynthia|1118\n|player|p2|noobtoprobuilder|265|1117\n|teamsize|p1|6\n|teamsize|p2|6\n|gen|9\n|tier|[Gen 9] VGC 2023 Regulation C\n|rated|\n|rule|Species Clause: Limit one of each Pok\u00e9mon\n|rule|Item Clause: Limit one of each item\n|clearpoke\n|poke|p1|Baxcalibur, L50, F|\n|poke|p1|Chi-Yu, L50|\n|poke|p1|Flutter Mane, L50|\n|poke|p1|Gyarados, L50, F|\n|poke|p1|Ting-Lu, L50|\n|poke|p1|Amoonguss, L50, F|\n|poke|p2|Indeedee-F, L50, F|\n|poke|p2|Armarouge, L50, F|\n|poke|p2|Annihilape, L50, M|\n|poke|p2|Flutter Mane, L50|\n|poke|p2|Maushold, L50|\n|poke|p2|Chi-Yu, L50|\n|teampreview|4\n|inactive|Battle timer is ON: inactive players will automatically lose when time's up. (requested by noobtoprobuilder)\nRegiiiceSpice has agreed to open team sheets.\nnoobtoprobuilder has agreed to open team sheets.\n|inactive|RegiiiceSpice has 60 seconds left.\n|\n|t:|1682015632\n|start\n|switch|p1a: Ting-Lu|Ting-Lu, L50|100\/100\n|switch|p1b: Gyarados|Gyarados, L50, F, shiny|100\/100\n|switch|p2a: Indeedee|Indeedee-F, L50, F|100\/100\n|switch|p2b: Armarouge|Armarouge, L50, F|100\/100\n|-ability|p1b: Gyarados|Intimidate|boost\n|-unboost|p2a: Indeedee|atk|1\n|-unboost|p2b: Armarouge|atk|1\n|-fieldstart|move: Psychic Terrain|[from] ability: Psychic Surge|[of] p2a: Indeedee\n|-ability|p1a: Ting-Lu|Vessel of Ruin\n|turn|1\n|inactive|RegiiiceSpice has 30 seconds left.\n|inactive|noobtoprobuilder has 30 seconds left.\n|inactive|RegiiiceSpice has 20 seconds left.\n|inactive|noobtoprobuilder has 20 seconds left.\n|\n|t:|1682015670\n|move|p2a: Indeedee|Follow Me|p2a: Indeedee\n|-singleturn|p2a: Indeedee|move: Follow Me\n|move|p1b: Gyarados|Thunder Wave|p2a: Indeedee\n|-status|p2a: Indeedee|par\n|move|p2b: Armarouge|Expanding Force|p1b: Gyarados|[spread] p1b\n|-immune|p1a: Ting-Lu\n|-damage|p1b: Gyarados|57\/100\n|move|p1a: Ting-Lu|Earthquake|p2b: Armarouge|[spread] p2a,p2b\n|-immune|p1b: Gyarados\n|-supereffective|p2b: Armarouge\n|-damage|p2a: Indeedee|65\/100 par\n|-damage|p2b: Armarouge|29\/100\n|-enditem|p2b: Armarouge|Weakness Policy\n|-boost|p2b: Armarouge|atk|2|[from] item: Weakness Policy\n|-boost|p2b: Armarouge|spa|2|[from] item: Weakness Policy\n|\n|upkeep\n|turn|2\n|inactive|RegiiiceSpice has 30 seconds left.\n|inactive|noobtoprobuilder has 30 seconds left.\n|\n|t:|1682015698\n|move|p1b: Gyarados|Protect|p1b: Gyarados\n|-singleturn|p1b: Gyarados|Protect\n|move|p2b: Armarouge|Expanding Force|p1a: Ting-Lu|[spread] \n|-activate|p1b: Gyarados|move: Protect\n|-immune|p1a: Ting-Lu\n|move|p1a: Ting-Lu|Earthquake|p2a: Indeedee|[spread] p2a,p2b\n|-activate|p1b: Gyarados|move: Protect\n|-supereffective|p2b: Armarouge\n|-damage|p2a: Indeedee|29\/100 par\n|-damage|p2b: Armarouge|0 fnt\n|faint|p2b: Armarouge\n|cant|p2a: Indeedee|par\n|\n|upkeep\n|inactive|noobtoprobuilder has 30 seconds left.\n|inactive|noobtoprobuilder has 20 seconds left.\n|inactive|noobtoprobuilder has 15 seconds left.\n|inactive|noobtoprobuilder has 10 seconds left.\n|\n|t:|1682015746\n|switch|p2b: Flutter Mane|Flutter Mane, L50|100\/100\n|turn|3\n|inactive|RegiiiceSpice has 30 seconds left.\n|inactive|RegiiiceSpice has 20 seconds left.\n|\n|t:|1682015785\n|-terastallize|p1a: Ting-Lu|Water\n|cant|p2a: Indeedee|par\n|move|p2b: Flutter Mane|Dazzling Gleam|p1a: Ting-Lu|[spread] p1a,p1b\n|-damage|p1a: Ting-Lu|84\/100\n|-damage|p1b: Gyarados|25\/100\n|move|p1b: Gyarados|Iron Head|p2a: Indeedee\n|-damage|p2a: Indeedee|0 fnt\n|faint|p2a: Indeedee\n|move|p1a: Ting-Lu|Heavy Slam|p2b: Flutter Mane\n|-supereffective|p2b: Flutter Mane\n|-damage|p2b: Flutter Mane|0 fnt\n|faint|p2b: Flutter Mane\n|-end|p2b: Flutter Mane|Protosynthesis|[silent]\n|\n|upkeep\n|\n|t:|1682015799\n|switch|p2b: Annihilape|Annihilape, L50, M|100\/100\n|turn|4\n|\n|t:|1682015817\n|move|p1b: Gyarados|Thunder Wave|p2b: Annihilape\n|-status|p2b: Annihilape|par\n|move|p1a: Ting-Lu|Throat Chop|p2b: Annihilape\n|-damage|p2b: Annihilape|63\/100 par\n|-start|p2b: Annihilape|Throat Chop|[silent]\n|cant|p2b: Annihilape|par\n|\n|-heal|p2b: Annihilape|69\/100 par|[from] item: Leftovers\n|upkeep\n|turn|5\n|\n|t:|1682015836\n|-terastallize|p2b: Annihilape|Fighting\n|move|p1b: Gyarados|Protect|p1b: Gyarados\n|-singleturn|p1b: Gyarados|Protect\n|move|p1a: Ting-Lu|Heavy Slam|p2b: Annihilape\n|-damage|p2b: Annihilape|28\/100 par\n|move|p2b: Annihilape|Bulk Up|p2b: Annihilape\n|-boost|p2b: Annihilape|atk|1\n|-boost|p2b: Annihilape|def|1\n|\n|-heal|p2b: Annihilape|35\/100 par|[from] item: Leftovers\n|-end|p2b: Annihilape|Throat Chop|[silent]\n|-fieldend|move: Psychic Terrain\n|upkeep\n|turn|6\n|\n|t:|1682015860\n|move|p1b: Gyarados|Waterfall|p2b: Annihilape\n|-crit|p2b: Annihilape\n|-damage|p2b: Annihilape|0 fnt\n|faint|p2b: Annihilape\n|\n|win|RegiiiceSpice\n|raw|RegiiiceSpice's rating: 1118 → 1143<\/strong> (+25 for winning)\n|raw|noobtoprobuilder's rating: 1117 → 1092<\/strong> (-25 for losing)\n|l|\u2606noobtoprobuilder\n|c|\u2606RegiiiceSpice|gg\n","uploadtime":1682015878,"views":5,"p1id":"regiiicespice","p2id":"noobtoprobuilder","formatid":"gen9vgc2023regulationc","rating":1092,"private":0,"password":""}