{"id":"gen9vgc2023regulationc-1845196273","p1":"squidbear221","p2":"Zydroxequil","format":"[Gen 9] VGC 2023 Regulation C","log":"|j|\u2606squidbear221\n|j|\u2606Zydroxequil\n|t:|1681695083\n|gametype|doubles\n|player|p1|squidbear221|266|1183\n|player|p2|Zydroxequil|scientist-gen4dp|1195\n|teamsize|p1|6\n|teamsize|p2|6\n|gen|9\n|tier|[Gen 9] VGC 2023 Regulation C\n|rated|\n|rule|Species Clause: Limit one of each Pok\u00e9mon\n|rule|Item Clause: Limit one of each item\n|clearpoke\n|poke|p1|Garganacl, L50, M|\n|poke|p1|Tyranitar, L50, F|\n|poke|p1|Gastrodon, L50, F|\n|poke|p1|Tauros-Paldea-Aqua, L50, M|\n|poke|p1|Talonflame, L50, M|\n|poke|p1|Brute Bonnet, L50|\n|poke|p2|Corviknight, L50, F|\n|poke|p2|Tyranitar, L50, F|\n|poke|p2|Garchomp, L50, F|\n|poke|p2|Gyarados, L50, F|\n|poke|p2|Amoonguss, L50, M|\n|poke|p2|Iron Hands, L50|\n|teampreview|4\n|inactive|Battle timer is ON: inactive players will automatically lose when time's up. (requested by squidbear221)\n|inactive|Zydroxequil has 60 seconds left.\n|\n|t:|1681695132\n|start\n|switch|p1a: Talonflame|Talonflame, L50, M|100\/100\n|switch|p1b: Garganacl|Garganacl, L50, M|100\/100\n|switch|p2a: Corviknight|Corviknight, L50, F|100\/100\n|switch|p2b: Garchomp|Garchomp, L50, F|100\/100\n|turn|1\n|inactive|Zydroxequil has 30 seconds left.\n|inactive|Zydroxequil has 20 seconds left.\n|inactive|Zydroxequil has 15 seconds left.\n|\n|t:|1681695173\n|move|p1a: Talonflame|Will-O-Wisp|p2b: Garchomp|[miss]\n|-miss|p1a: Talonflame|p2b: Garchomp\n|move|p2b: Garchomp|Rock Slide|p1b: Garganacl|[spread] p1a,p1b\n|-supereffective|p1a: Talonflame\n|-damage|p1a: Talonflame|0 fnt\n|-damage|p1b: Garganacl|86\/100\n|faint|p1a: Talonflame\n|move|p2a: Corviknight|Iron Head|p1b: Garganacl\n|-supereffective|p1b: Garganacl\n|-crit|p1b: Garganacl\n|-damage|p1b: Garganacl|43\/100\n|move|p1b: Garganacl|Salt Cure|p2a: Corviknight\n|-damage|p2a: Corviknight|89\/100\n|-start|p2a: Corviknight|Salt Cure\n|\n|-heal|p1b: Garganacl|48\/100|[from] item: Leftovers\n|-damage|p2a: Corviknight|64\/100|[from] Salt Cure\n|upkeep\n|\n|t:|1681695188\n|switch|p1a: Gastrodon|Gastrodon, L50, F|100\/100\n|turn|2\n|inactive|Zydroxequil has 30 seconds left.\n|inactive|Zydroxequil has 20 seconds left.\n|\n|t:|1681695227\n|switch|p2b: Tyranitar|Tyranitar, L50, F, shiny|100\/100\n|-weather|Sandstorm|[from] ability: Sand Stream|[of] p2b: Tyranitar\n|move|p1b: Garganacl|Protect|p1b: Garganacl\n|-singleturn|p1b: Garganacl|Protect\n|move|p2a: Corviknight|Tailwind|p2a: Corviknight\n|-sidestart|p2: Zydroxequil|move: Tailwind\n|move|p1a: Gastrodon|Ice Beam|p2b: Tyranitar\n|-damage|p2b: Tyranitar|89\/100\n|\n|-weather|Sandstorm|[upkeep]\n|-heal|p1b: Garganacl|54\/100|[from] item: Leftovers\n|-damage|p2a: Corviknight|39\/100|[from] Salt Cure\n|upkeep\n|turn|3\n|inactive|Zydroxequil has 30 seconds left.\n|\n|t:|1681695257\n|move|p2a: Corviknight|Iron Head|p1b: Garganacl\n|-supereffective|p1b: Garganacl\n|-damage|p1b: Garganacl|27\/100\n|move|p2b: Tyranitar|Rock Slide|p1a: Gastrodon|[spread] p1a,p1b\n|-resisted|p1a: Gastrodon\n|-damage|p1a: Gastrodon|82\/100\n|-damage|p1b: Garganacl|12\/100\n|move|p1b: Garganacl|Salt Cure|p2b: Tyranitar\n|-damage|p2b: Tyranitar|77\/100\n|-start|p2b: Tyranitar|Salt Cure\n|move|p1a: Gastrodon|Hydro Pump|p2b: Tyranitar\n|-supereffective|p2b: Tyranitar\n|-damage|p2b: Tyranitar|32\/100\n|-enditem|p2b: Tyranitar|Weakness Policy\n|-boost|p2b: Tyranitar|atk|2|[from] item: Weakness Policy\n|-boost|p2b: Tyranitar|spa|2|[from] item: Weakness Policy\n|\n|-weather|Sandstorm|[upkeep]\n|-heal|p1b: Garganacl|18\/100|[from] item: Leftovers\n|-damage|p2a: Corviknight|15\/100|[from] Salt Cure\n|-damage|p2b: Tyranitar|20\/100|[from] Salt Cure\n|upkeep\n|turn|4\n|inactive|Zydroxequil has 30 seconds left.\n|\n|t:|1681695292\n|switch|p2a: Garchomp|Garchomp, L50, F|100\/100\n|-terastallize|p2b: Tyranitar|Flying\n|move|p1b: Garganacl|Protect|p1b: Garganacl\n|-singleturn|p1b: Garganacl|Protect\n|move|p2b: Tyranitar|Tera Blast|p1a: Gastrodon\n|-damage|p1a: Gastrodon|0 fnt\n|faint|p1a: Gastrodon\n|\n|-weather|Sandstorm|[upkeep]\n|-damage|p2b: Tyranitar|14\/100|[from] Sandstorm\n|-heal|p1b: Garganacl|24\/100|[from] item: Leftovers\n|-damage|p2b: Tyranitar|2\/100|[from] Salt Cure\n|upkeep\n|\n|t:|1681695304\n|switch|p1a: Brute Bonnet|Brute Bonnet, L50|100\/100\n|turn|5\n|\n|t:|1681695319\n|move|p1b: Garganacl|Protect||[still]\n|-fail|p1b: Garganacl\n|move|p2a: Garchomp|Earthquake|p1b: Garganacl|[spread] p1a,p1b\n|-immune|p2b: Tyranitar\n|-resisted|p1a: Brute Bonnet\n|-supereffective|p1b: Garganacl\n|-damage|p1a: Brute Bonnet|79\/100\n|-damage|p1b: Garganacl|0 fnt\n|faint|p1b: Garganacl\n|move|p2b: Tyranitar|Tera Blast|p1a: Brute Bonnet\n|-supereffective|p1a: Brute Bonnet\n|-damage|p1a: Brute Bonnet|0 fnt\n|faint|p1a: Brute Bonnet\n|-end|p1a: Brute Bonnet|Protosynthesis|[silent]\n|\n|win|Zydroxequil\n|raw|squidbear221's rating: 1183 → 1159<\/strong> (-24 for losing)\n|raw|Zydroxequil's rating: 1195 → 1219<\/strong> (+24 for winning)\n|l|\u2606squidbear221\n","uploadtime":1681695508,"views":7,"p1id":"squidbear221","p2id":"zydroxequil","formatid":"gen9vgc2023regulationc","rating":1159,"private":0,"password":""}