{"id":"gen9vgc2023regulationc-1863891691","p1":"wackomarko","p2":"Abadachi","format":"[Gen 9] VGC 2023 Regulation C","log":"|j|\u2606wackomarko\n|j|\u2606Abadachi\n|t:|1684090095\n|gametype|doubles\n|player|p1|wackomarko|hiker-gen4|1160\n|player|p2|Abadachi|266|1140\n|teamsize|p1|6\n|teamsize|p2|6\n|gen|9\n|tier|[Gen 9] VGC 2023 Regulation C\n|rated|\n|rule|Species Clause: Limit one of each Pok\u00e9mon\n|rule|Item Clause: Limit one of each item\n|clearpoke\n|poke|p1|Talonflame, L50, F|\n|poke|p1|Amoonguss, L50, F|\n|poke|p1|Flutter Mane, L50|\n|poke|p1|Chien-Pao, L50|\n|poke|p1|Gyarados, L50, M|\n|poke|p1|Dragapult, L50, M|\n|poke|p2|Gholdengo, L50|\n|poke|p2|Amoonguss, L50, F|\n|poke|p2|Glimmora, L50, F|\n|poke|p2|Garganacl, L50, F|\n|poke|p2|Iron Hands, L50|\n|poke|p2|Palafin, L50, F|\n|teampreview|4\nwackomarko has agreed to open team sheets.\n|inactive|Battle timer is ON: inactive players will automatically lose when time's up. (requested by Abadachi)\nAbadachi rejected open team sheets.\n|\n|t:|1684090147\n|start\n|switch|p1a: Amoonguss|Amoonguss, L50, F|100\/100\n|switch|p1b: Flutter Mane|Flutter Mane, L50, shiny|100\/100\n|switch|p2a: Gholdengo|Gholdengo, L50|100\/100\n|switch|p2b: Iron Hands|Iron Hands, L50|100\/100\n|turn|1\n|inactive|wackomarko has 30 seconds left.\n|\n|t:|1684090179\n|-end|p1b: Flutter Mane|Protosynthesis|[silent]\n|switch|p1b: Dragapult|Dragapult, L50, M, shiny|100\/100\n|-terastallize|p2a: Gholdengo|Water\n|move|p1a: Amoonguss|Protect|p1a: Amoonguss\n|-singleturn|p1a: Amoonguss|Protect\n|move|p2b: Iron Hands|Fake Out|p1a: Amoonguss\n|-activate|p1a: Amoonguss|move: Protect\n|move|p2a: Gholdengo|Nasty Plot|p2a: Gholdengo\n|-boost|p2a: Gholdengo|spa|2\n|\n|upkeep\n|turn|2\n|inactive|wackomarko has 30 seconds left.\n|inactive|Abadachi has 30 seconds left.\n|inactive|wackomarko has 20 seconds left.\n|\n|t:|1684090214\n|-terastallize|p1b: Dragapult|Dragon\n|move|p1b: Dragapult|Dragon Darts|p2a: Gholdengo\n|-damage|p2a: Gholdengo|51\/100\n|-anim|p1b: Dragapult|Dragon Darts|p2b: Iron Hands\n|-damage|p2b: Iron Hands|66\/100\n|move|p2a: Gholdengo|Make It Rain|p1a: Amoonguss|[spread] p1a,p1b\n|-damage|p1a: Amoonguss|18\/100\n|-damage|p1b: Dragapult|0 fnt\n|-unboost|p2a: Gholdengo|spa|1\n|-enditem|p1a: Amoonguss|Sitrus Berry|[eat]\n|-heal|p1a: Amoonguss|43\/100|[from] item: Sitrus Berry\n|faint|p1b: Dragapult\n|move|p2b: Iron Hands|Close Combat|p1a: Amoonguss\n|-resisted|p1a: Amoonguss\n|-damage|p1a: Amoonguss|8\/100\n|-unboost|p2b: Iron Hands|def|1\n|-unboost|p2b: Iron Hands|spd|1\n|-enditem|p2b: Iron Hands|Eject Pack\n|\n|t:|1684090232\n|-end|p2b: Iron Hands|Quark Drive|[silent]\n|switch|p2b: Glimmora|Glimmora, L50, F|100\/100\n|move|p1a: Amoonguss|Spore|p2b: Glimmora\n|-status|p2b: Glimmora|slp|[from] move: Spore\n|\n|upkeep\n|\n|t:|1684090238\n|switch|p1b: Flutter Mane|Flutter Mane, L50, shiny|100\/100\n|turn|3\n|\n|t:|1684090252\n|move|p2a: Gholdengo|Protect|p2a: Gholdengo\n|-singleturn|p2a: Gholdengo|Protect\n|move|p1a: Amoonguss|Protect|p1a: Amoonguss\n|-singleturn|p1a: Amoonguss|Protect\n|move|p1b: Flutter Mane|Thunderbolt|p2a: Gholdengo\n|-activate|p2a: Gholdengo|move: Protect\n|cant|p2b: Glimmora|slp\n|\n|upkeep\n|turn|4\n|\n|t:|1684090271\n|switch|p2a: Amoonguss|Amoonguss, L50, F|100\/100\n|switch|p1a: Chien-Pao|Chien-Pao, L50|100\/100\n|-ability|p1a: Chien-Pao|Sword of Ruin\n|move|p1b: Flutter Mane|Thunderbolt|p2a: Amoonguss\n|-resisted|p2a: Amoonguss\n|-damage|p2a: Amoonguss|83\/100\n|-damage|p1b: Flutter Mane|91\/100|[from] item: Life Orb\n|cant|p2b: Glimmora|slp\n|\n|upkeep\n|turn|5\n|\n|t:|1684090289\n|move|p2a: Amoonguss|Protect|p2a: Amoonguss\n|-singleturn|p2a: Amoonguss|Protect\n|move|p1a: Chien-Pao|Ice Spinner|p2a: Amoonguss\n|-activate|p2a: Amoonguss|move: Protect\n|move|p1b: Flutter Mane|Shadow Ball|p2b: Glimmora\n|-damage|p2b: Glimmora|44\/100 slp\n|-damage|p1b: Flutter Mane|81\/100|[from] item: Life Orb\n|-curestatus|p2b: Glimmora|slp|[msg]\n|move|p2b: Glimmora|Mortal Spin|p1a: Chien-Pao|[spread] p1a,p1b\n|-damage|p1a: Chien-Pao|94\/100\n|-damage|p1b: Flutter Mane|69\/100\n|-status|p1a: Chien-Pao|psn\n|-status|p1b: Flutter Mane|psn\n|\n|-damage|p1a: Chien-Pao|82\/100 psn|[from] psn\n|-damage|p1b: Flutter Mane|57\/100 psn|[from] psn\n|upkeep\n|turn|6\n|inactive|wackomarko has 30 seconds left.\n|inactive|Abadachi has 30 seconds left.\n|inactive|Abadachi has 20 seconds left.\n|inactive|Abadachi has 15 seconds left.\n|\n|t:|1684090330\n|move|p1a: Chien-Pao|Ice Spinner|p2a: Amoonguss\n|-supereffective|p2a: Amoonguss\n|-damage|p2a: Amoonguss|0 fnt\n|-damage|p1a: Chien-Pao|66\/100 psn|[from] item: Rocky Helmet|[of] p2a: Amoonguss\n|faint|p2a: Amoonguss\n|move|p1b: Flutter Mane|Shadow Ball|p2b: Glimmora\n|-damage|p2b: Glimmora|0 fnt\n|faint|p2b: Glimmora\n|-damage|p1b: Flutter Mane|47\/100 psn|[from] item: Life Orb\n|\n|-damage|p1a: Chien-Pao|53\/100 psn|[from] psn\n|-damage|p1b: Flutter Mane|35\/100 psn|[from] psn\n|upkeep\n|\n|t:|1684090343\n|switch|p2b: Gholdengo|Gholdengo, L50, tera:Water|51\/100\n|switch|p2a: Iron Hands|Iron Hands, L50|66\/100\n|turn|7\n|\n|t:|1684090355\n|move|p1a: Chien-Pao|Protect|p1a: Chien-Pao\n|-singleturn|p1a: Chien-Pao|Protect\n|move|p2b: Gholdengo|Protect|p2b: Gholdengo\n|-singleturn|p2b: Gholdengo|Protect\n|move|p2a: Iron Hands|Fake Out|p1a: Chien-Pao\n|-activate|p1a: Chien-Pao|move: Protect\n|move|p1b: Flutter Mane|Thunderbolt|p2b: Gholdengo\n|-activate|p2b: Gholdengo|move: Protect\n|\n|-damage|p1a: Chien-Pao|41\/100 psn|[from] psn\n|-damage|p1b: Flutter Mane|23\/100 psn|[from] psn\n|upkeep\n|turn|8\n|\n|t:|1684090375\n|move|p1a: Chien-Pao|Ice Spinner|p2a: Iron Hands\n|-damage|p2a: Iron Hands|27\/100\n|move|p1b: Flutter Mane|Thunderbolt|p2b: Gholdengo\n|-supereffective|p2b: Gholdengo\n|-damage|p2b: Gholdengo|0 fnt\n|faint|p2b: Gholdengo\n|-damage|p1b: Flutter Mane|13\/100 psn|[from] item: Life Orb\n|move|p2a: Iron Hands|Close Combat|p1a: Chien-Pao\n|-supereffective|p1a: Chien-Pao\n|-damage|p1a: Chien-Pao|0 fnt\n|-unboost|p2a: Iron Hands|def|1\n|-unboost|p2a: Iron Hands|spd|1\n|faint|p1a: Chien-Pao\n|\n|-damage|p1b: Flutter Mane|1\/100 psn|[from] psn\n|upkeep\n|\n|t:|1684090389\n|switch|p1a: Amoonguss|Amoonguss, L50, F|41\/100\n|turn|9\n|\n|t:|1684090395\n|move|p2a: Iron Hands|Detect|p2a: Iron Hands\n|-singleturn|p2a: Iron Hands|Protect\n|move|p1b: Flutter Mane|Dazzling Gleam|p2a: Iron Hands\n|-activate|p2a: Iron Hands|move: Protect\n|move|p1a: Amoonguss|Spore|p2a: Iron Hands\n|-activate|p2a: Iron Hands|move: Protect\n|\n|-damage|p1b: Flutter Mane|0 fnt|[from] psn\n|faint|p1b: Flutter Mane\n|-end|p1b: Flutter Mane|Protosynthesis|[silent]\n|upkeep\n|turn|10\n|c|\u2606wackomarko|gg\n|\n|t:|1684090408\n|move|p2a: Iron Hands|Close Combat|p1a: Amoonguss\n|-resisted|p1a: Amoonguss\n|-damage|p1a: Amoonguss|10\/100\n|-unboost|p2a: Iron Hands|def|1\n|-unboost|p2a: Iron Hands|spd|1\n|move|p1a: Amoonguss|Spore|p2a: Iron Hands\n|-status|p2a: Iron Hands|slp|[from] move: Spore\n|\n|upkeep\n|turn|11\n|\n|t:|1684090417\n|cant|p2a: Iron Hands|slp\n|move|p1a: Amoonguss|Pollen Puff|p2a: Iron Hands\n|-resisted|p2a: Iron Hands\n|-damage|p2a: Iron Hands|9\/100 slp\n|\n|upkeep\n|turn|12\n|\n|t:|1684090424\n|-curestatus|p2a: Iron Hands|slp|[msg]\n|move|p2a: Iron Hands|Detect|p2a: Iron Hands\n|-singleturn|p2a: Iron Hands|Protect\n|move|p1a: Amoonguss|Pollen Puff|p2a: Iron Hands\n|-activate|p2a: Iron Hands|move: Protect\n|\n|upkeep\n|turn|13\n|\n|t:|1684090433\n|move|p2a: Iron Hands|Close Combat|p1a: Amoonguss\n|-resisted|p1a: Amoonguss\n|-damage|p1a: Amoonguss|0 fnt\n|-unboost|p2a: Iron Hands|def|1\n|-unboost|p2a: Iron Hands|spd|1\n|faint|p1a: Amoonguss\n|\n|win|Abadachi\n|raw|wackomarko's rating: 1160 → 1134<\/strong> (-26 for losing)\n|raw|Abadachi's rating: 1140 → 1166<\/strong> (+26 for winning)\n|c|\u2606wackomarko|close game gg\n","uploadtime":1684090447,"views":6,"p1id":"wackomarko","p2id":"abadachi","formatid":"gen9vgc2023regulationc","rating":1134,"private":0,"password":""}