{"id":"gen9vgc2023regulationc-1847667868","p1":"Tilzy","p2":"eruption rush","format":"[Gen 9] VGC 2023 Regulation C","log":"|j|\u2606Tilzy\n|j|\u2606eruption rush\n|t:|1681990078\n|gametype|doubles\n|player|p1|Tilzy|morty|\n|player|p2|eruption rush|101|\n|teamsize|p1|6\n|teamsize|p2|6\n|gen|9\n|tier|[Gen 9] VGC 2023 Regulation C\n|rated|Tournament battle\n|rule|Species Clause: Limit one of each Pok\u00e9mon\n|rule|Item Clause: Limit one of each item\n|clearpoke\n|poke|p1|Dondozo, L50, M|\n|poke|p1|Tatsugiri, L50, M|\n|poke|p1|Pelipper, L50, F|\n|poke|p1|Drednaw, L50, M|\n|poke|p1|Chien-Pao, L50|\n|poke|p1|Dragonite, L50, F|\n|poke|p2|Baxcalibur, L50, M|\n|poke|p2|Amoonguss, L50, M|\n|poke|p2|Chi-Yu, L50|\n|poke|p2|Iron Hands, L50|\n|poke|p2|Flutter Mane, L50|\n|poke|p2|Gyarados, L50, M|\n|teampreview|4\nTilzy has agreed to open team sheets.\neruption rush has agreed to open team sheets.\n|j| CrowTechVGC\n|j| Ultrabook 1000\n|j|+HobbitVGC\n|inactive|Battle timer is ON: inactive players will automatically lose when time's up. (requested by Tilzy)\n|j| StarX99\n|\n|t:|1681990108\n|start\n|switch|p1a: Pelipper|Pelipper, L50, F|100\/100\n|switch|p1b: Dragonite|Dragonite, L50, F|100\/100\n|switch|p2a: BorseCalibro|Baxcalibur, L50, M, shiny|100\/100\n|switch|p2b: FineFerrea|Iron Hands, L50, shiny|100\/100\n|-weather|RainDance|[from] ability: Drizzle|[of] p1a: Pelipper\n|turn|1\n|inactive|Tilzy has 30 seconds left.\n|inactive|Tilzy has 20 seconds left.\n|\n|t:|1681990143\n|-terastallize|p1b: Dragonite|Normal\n|move|p1a: Pelipper|Protect|p1a: Pelipper\n|-singleturn|p1a: Pelipper|Protect\n|move|p2b: FineFerrea|Fake Out|p1a: Pelipper\n|-activate|p1a: Pelipper|move: Protect\n|move|p1b: Dragonite|Extreme Speed|p2a: BorseCalibro\n|-damage|p2a: BorseCalibro|59\/100\n|move|p2a: BorseCalibro|Dragon Dance|p2a: BorseCalibro\n|-boost|p2a: BorseCalibro|atk|1\n|-boost|p2a: BorseCalibro|spe|1\n|\n|-weather|RainDance|[upkeep]\n|upkeep\n|turn|2\n|l| Ultrabook 1000\n|inactive|eruption rush has 30 seconds left.\n|inactive|eruption rush has 20 seconds left.\n|\n|t:|1681990180\n|move|p1b: Dragonite|Protect|p1b: Dragonite\n|-singleturn|p1b: Dragonite|Protect\n|move|p2a: BorseCalibro|Glaive Rush|p1a: Pelipper\n|-damage|p1a: Pelipper|0 fnt\n|-singlemove|p2a: BorseCalibro|Glaive Rush|[silent]\n|faint|p1a: Pelipper\n|move|p2b: FineFerrea|Close Combat|p1b: Dragonite\n|-activate|p1b: Dragonite|move: Protect\n|\n|-weather|RainDance|[upkeep]\n|upkeep\n|\n|t:|1681990190\n|switch|p1a: Drednaw|Drednaw, L50, M|100\/100\n|turn|3\n|\n|t:|1681990203\n|-terastallize|p2b: FineFerrea|Grass\n|move|p2a: BorseCalibro|Protect|p2a: BorseCalibro\n|-singleturn|p2a: BorseCalibro|Protect\n|move|p1b: Dragonite|Extreme Speed|p2b: FineFerrea\n|-damage|p2b: FineFerrea|72\/100\n|move|p1a: Drednaw|Earthquake|p2a: BorseCalibro|[spread] p1b,p2b\n|-activate|p2a: BorseCalibro|move: Protect\n|-resisted|p2b: FineFerrea\n|-damage|p1b: Dragonite|65\/100\n|-damage|p2b: FineFerrea|60\/100\n|move|p2b: FineFerrea|Close Combat|p1a: Drednaw\n|-supereffective|p1a: Drednaw\n|-damage|p1a: Drednaw|0 fnt\n|-unboost|p2b: FineFerrea|def|1\n|-unboost|p2b: FineFerrea|spd|1\n|faint|p1a: Drednaw\n|\n|-weather|RainDance|[upkeep]\n|upkeep\n|\n|t:|1681990209\n|switch|p1a: Chien-Pao|Chien-Pao, L50|100\/100\n|-ability|p1a: Chien-Pao|Sword of Ruin\n|turn|4\n|inactive|eruption rush has 30 seconds left.\n|\n|t:|1681990238\n|-end|p2b: FineFerrea|Quark Drive|[silent]\n|switch|p2b: GiaraDue|Gyarados, L50, M, shiny|100\/100\n|-ability|p2b: GiaraDue|Intimidate|boost\n|-unboost|p1a: Chien-Pao|atk|1\n|-fail|p1b: Dragonite|unboost|Attack|[from] ability: Inner Focus|[of] p1b: Dragonite\n|move|p1b: Dragonite|Extreme Speed|p2a: BorseCalibro\n|-damage|p2a: BorseCalibro|4\/100\n|move|p1a: Chien-Pao|Ice Spinner|p2b: GiaraDue\n|-damage|p2b: GiaraDue|61\/100\n|move|p2a: BorseCalibro|Glaive Rush|p1b: Dragonite\n|-damage|p1b: Dragonite|0 fnt\n|-singlemove|p2a: BorseCalibro|Glaive Rush|[silent]\n|faint|p1b: Dragonite\n|\n|-weather|RainDance|[upkeep]\n|upkeep\n|turn|5\n|c|\u2606Tilzy|gg\n|\n|t:|1681990265\n|move|p1a: Chien-Pao|Sucker Punch|p2a: BorseCalibro\n|-damage|p2a: BorseCalibro|0 fnt\n|faint|p2a: BorseCalibro\n|move|p2b: GiaraDue|Waterfall|p1a: Chien-Pao\n|-damage|p1a: Chien-Pao|26\/100\n|\n|-weather|RainDance|[upkeep]\n|upkeep\n|\n|t:|1681990269\n|switch|p2a: TraDiNoi|Amoonguss, L50, M, shiny|100\/100\n|turn|6\n|\n|t:|1681990275\n|move|p2a: TraDiNoi|Protect|p2a: TraDiNoi\n|-singleturn|p2a: TraDiNoi|Protect\n|move|p1a: Chien-Pao|Ice Spinner|p2a: TraDiNoi\n|-activate|p2a: TraDiNoi|move: Protect\n|move|p2b: GiaraDue|Waterfall|p1a: Chien-Pao\n|-damage|p1a: Chien-Pao|0 fnt\n|faint|p1a: Chien-Pao\n|\n|win|eruption rush\n|n|\u2606Tilzy|tilzy\n|n|\u2606eruption rush|eruptionrush\n|n| CrowTechVGC|crowtechvgc\n|n| HobbitVGC|hobbitvgc\n|n| StarX99|starx99\n","uploadtime":1681990276,"views":12,"p1id":"tilzy","p2id":"eruptionrush","formatid":"gen9vgc2023regulationc","rating":0,"private":0,"password":""}