{"id":"gen9vgc2023regulationc-1853056461","p1":"tatovegap","p2":"Cyruno","format":"[Gen 9] VGC 2023 Regulation C","log":"|j|\u2606tatovegap\n|j|\u2606Cyruno\n|t:|1682630150\n|gametype|doubles\n|player|p1|tatovegap|169|1087\n|player|p2|Cyruno|blue|1159\n|teamsize|p1|6\n|teamsize|p2|6\n|gen|9\n|tier|[Gen 9] VGC 2023 Regulation C\n|rated|\n|rule|Species Clause: Limit one of each Pok\u00e9mon\n|rule|Item Clause: Limit one of each item\n|clearpoke\n|poke|p1|Chien-Pao, L50|\n|poke|p1|Dragonite, L50, M|\n|poke|p1|Torkoal, L50, M|\n|poke|p1|Flutter Mane, L50|\n|poke|p1|Lilligant, L50, F|\n|poke|p1|Great Tusk, L50|\n|poke|p2|Scizor, L50, M|\n|poke|p2|Flutter Mane, L50|\n|poke|p2|Chien-Pao, L50|\n|poke|p2|Arcanine, L50, F|\n|poke|p2|Azumarill, L50, F|\n|poke|p2|Amoonguss, L50, M|\n|teampreview|4\n|\n|t:|1682630211\n|start\n|switch|p1a: Chien-Pao|Chien-Pao, L50|100\/100\n|switch|p1b: Dragonite|Dragonite, L50, M|100\/100\n|switch|p2a: Lola|Azumarill, L50, F, shiny|100\/100\n|switch|p2b: Scissors|Scizor, L50, M|100\/100\n|-ability|p1a: Chien-Pao|Sword of Ruin\n|turn|1\n|\n|t:|1682630245\n|-terastallize|p1b: Dragonite|Flying\n|move|p1a: Chien-Pao|Protect|p1a: Chien-Pao\n|-singleturn|p1a: Chien-Pao|Protect\n|move|p2b: Scissors|Bullet Punch|p1a: Chien-Pao\n|-activate|p1a: Chien-Pao|move: Protect\n|move|p1b: Dragonite|Aerial Ace|p2a: Lola\n|-damage|p2a: Lola|7\/100\n|move|p2a: Lola|Play Rough|p1b: Dragonite\n|-crit|p1b: Dragonite\n|-damage|p1b: Dragonite|0 fnt\n|faint|p1b: Dragonite\n|\n|upkeep\n|\n|t:|1682630271\n|switch|p1b: Torkoal|Torkoal, L50, M, shiny|100\/100\n|-weather|SunnyDay|[from] ability: Drought|[of] p1b: Torkoal\n|turn|2\n|\n|t:|1682630293\n|switch|p2a: Fido|Arcanine, L50, F|100\/100\n|-ability|p2a: Fido|Intimidate|boost\n|-unboost|p1a: Chien-Pao|atk|1\n|-unboost|p1b: Torkoal|atk|1\n|-terastallize|p2b: Scissors|Fire\n|move|p1a: Chien-Pao|Sucker Punch||[still]\n|-fail|p1a: Chien-Pao\n|move|p2b: Scissors|Bullet Punch|p1a: Chien-Pao\n|-supereffective|p1a: Chien-Pao\n|-damage|p1a: Chien-Pao|6\/100\n|move|p1b: Torkoal|Eruption|p2b: Scissors|[spread] p2a,p2b\n|-resisted|p2a: Fido\n|-resisted|p2b: Scissors\n|-damage|p2a: Fido|51\/100\n|-damage|p2b: Scissors|47\/100\n|\n|-weather|SunnyDay|[upkeep]\n|upkeep\n|turn|3\n|\n|t:|1682630321\n|move|p1b: Torkoal|Protect|p1b: Torkoal\n|-singleturn|p1b: Torkoal|Protect\n|move|p2a: Fido|Extreme Speed|p1b: Torkoal\n|-activate|p1b: Torkoal|move: Protect\n|move|p1a: Chien-Pao|Sucker Punch|p2b: Scissors\n|-damage|p2b: Scissors|17\/100\n|move|p2b: Scissors|Bullet Punch|p1a: Chien-Pao\n|-supereffective|p1a: Chien-Pao\n|-crit|p1a: Chien-Pao\n|-damage|p1a: Chien-Pao|0 fnt\n|faint|p1a: Chien-Pao\n|\n|-weather|SunnyDay|[upkeep]\n|upkeep\n|\n|t:|1682630333\n|switch|p1a: Flutter Mane|Flutter Mane, L50|100\/100\n|-activate|p1a: Flutter Mane|ability: Protosynthesis\n|-start|p1a: Flutter Mane|protosynthesisspe\n|turn|4\n|inactive|Battle timer is ON: inactive players will automatically lose when time's up. (requested by tatovegap)\n|\n|t:|1682630369\n|move|p2b: Scissors|Protect|p2b: Scissors\n|-singleturn|p2b: Scissors|Protect\n|move|p2a: Fido|Extreme Speed|p1b: Torkoal\n|-damage|p1b: Torkoal|82\/100\n|move|p1a: Flutter Mane|Power Gem|p2a: Fido\n|-supereffective|p2a: Fido\n|-damage|p2a: Fido|0 fnt\n|faint|p2a: Fido\n|move|p1b: Torkoal|Eruption|p2b: Scissors\n|-activate|p2b: Scissors|move: Protect\n|\n|-weather|SunnyDay|[upkeep]\n|upkeep\n|\n|t:|1682630374\n|switch|p2a: Lola|Azumarill, L50, F, shiny|7\/100\n|turn|5\n|inactive|tatovegap has 30 seconds left.\n|\n|t:|1682630403\n|move|p2b: Scissors|Bullet Punch|p1a: Flutter Mane\n|-supereffective|p1a: Flutter Mane\n|-damage|p1a: Flutter Mane|0 fnt\n|faint|p1a: Flutter Mane\n|-end|p1a: Flutter Mane|Protosynthesis|[silent]\n|move|p2a: Lola|Liquidation|p1b: Torkoal\n|-supereffective|p1b: Torkoal\n|-damage|p1b: Torkoal|41\/100\n|move|p1b: Torkoal|Eruption|p2a: Lola|[spread] p2a,p2b\n|-resisted|p2a: Lola\n|-resisted|p2b: Scissors\n|-damage|p2a: Lola|0 fnt\n|-damage|p2b: Scissors|0 fnt\n|faint|p2a: Lola\n|faint|p2b: Scissors\n|\n|-weather|SunnyDay|[upkeep]\n|upkeep\n|\n|t:|1682630412\n|switch|p2b: Ice Weasel|Chien-Pao, L50|100\/100\n|-ability|p2b: Ice Weasel|Sword of Ruin\n|turn|6\n|\n|t:|1682630419\n|move|p2b: Ice Weasel|Sucker Punch|p1b: Torkoal\n|-damage|p1b: Torkoal|2\/100\n|move|p1b: Torkoal|Flamethrower|p2b: Ice Weasel\n|-supereffective|p2b: Ice Weasel\n|-enditem|p2b: Ice Weasel|Focus Sash\n|-damage|p2b: Ice Weasel|1\/100\n|\n|-weather|none\n|upkeep\n|turn|7\n|\n|t:|1682630430\n|move|p2b: Ice Weasel|Sucker Punch|p1b: Torkoal\n|-crit|p1b: Torkoal\n|-damage|p1b: Torkoal|0 fnt\n|faint|p1b: Torkoal\n|\n|win|Cyruno\n|raw|tatovegap's rating: 1087 → 1069<\/strong> (-18 for losing)\n|raw|Cyruno's rating: 1159 → 1179<\/strong> (+20 for winning)\n|l|\u2606tatovegap\n","uploadtime":1682630441,"views":14,"p1id":"tatovegap","p2id":"cyruno","formatid":"gen9vgc2023regulationc","rating":1069,"private":0,"password":""}