{"id":"gen9vgc2023regulationc-1859025302","p1":"Arcacagne","p2":"luckydan ita","format":"[Gen 9] VGC 2023 Regulation C","log":"|j|\u2606Arcacagne\n|j|\u2606luckydan ita\n|t:|1683395703\n|gametype|doubles\n|player|p1|Arcacagne|170|1321\n|player|p2|luckydan ita|266|1418\n|teamsize|p1|6\n|teamsize|p2|6\n|gen|9\n|tier|[Gen 9] VGC 2023 Regulation C\n|rated|\n|rule|Species Clause: Limit one of each Pok\u00e9mon\n|rule|Item Clause: Limit one of each item\n|clearpoke\n|poke|p1|Abomasnow, L50, F|\n|poke|p1|Iron Bundle, L50|\n|poke|p1|Chi-Yu, L50|\n|poke|p1|Amoonguss, L50, M|\n|poke|p1|Iron Hands, L50|\n|poke|p1|Flutter Mane, L50|\n|poke|p2|Great Tusk, L50|\n|poke|p2|Flutter Mane, L50|\n|poke|p2|Chien-Pao, L50|\n|poke|p2|Dragonite, L50, F|\n|poke|p2|Gyarados, L50, M|\n|poke|p2|Kingambit, L50, M|\n|teampreview|4\n|inactive|Battle timer is ON: inactive players will automatically lose when time's up. (requested by luckydan ita)\n|inactive|Arcacagne has 60 seconds left.\n|\n|t:|1683395750\n|start\n|switch|p1a: Abomasnow|Abomasnow, L50, F|100\/100\n|switch|p1b: Iron Hands|Iron Hands, L50|100\/100\n|switch|p2a: Flutter Mane|Flutter Mane, L50, shiny|100\/100\n|switch|p2b: Kingambit|Kingambit, L50, M|100\/100\n|-weather|Snow|[from] ability: Snow Warning|[of] p1a: Abomasnow\n|turn|1\n|inactive|Arcacagne has 30 seconds left.\n|inactive|luckydan ita has 30 seconds left.\n|inactive|Arcacagne has 20 seconds left.\n|inactive|luckydan ita has 20 seconds left.\n|inactive|Arcacagne has 15 seconds left.\n|inactive|luckydan ita has 15 seconds left.\n|\n|t:|1683395795\n|-terastallize|p1b: Iron Hands|Grass\n|move|p2a: Flutter Mane|Dazzling Gleam|p1a: Abomasnow|[spread] p1a,p1b\n|-damage|p1a: Abomasnow|56\/100\n|-damage|p1b: Iron Hands|66\/100\n|move|p1a: Abomasnow|Aurora Veil|p1a: Abomasnow\n|-sidestart|p1: Arcacagne|move: Aurora Veil\n|move|p2b: Kingambit|Iron Head|p1a: Abomasnow\n|-supereffective|p1a: Abomasnow\n|-damage|p1a: Abomasnow|13\/100\n|move|p1b: Iron Hands|Drain Punch|p2b: Kingambit\n|-supereffective|p2b: Kingambit\n|-damage|p2b: Kingambit|0 fnt\n|-heal|p1b: Iron Hands|100\/100|[from] drain|[of] p2b: Kingambit\n|faint|p2b: Kingambit\n|\n|-weather|Snow|[upkeep]\n|upkeep\n|\n|t:|1683395808\n|switch|p2b: Chien-Pao|Chien-Pao, L50|100\/100\n|-ability|p2b: Chien-Pao|Sword of Ruin\n|turn|2\n|\n|t:|1683395818\n|-terastallize|p2b: Chien-Pao|Ghost\n|move|p2b: Chien-Pao|Ice Spinner|p1b: Iron Hands\n|-supereffective|p1b: Iron Hands\n|-damage|p1b: Iron Hands|50\/100\n|move|p2a: Flutter Mane|Dazzling Gleam|p1b: Iron Hands|[spread] p1a,p1b\n|-damage|p1a: Abomasnow|0 fnt\n|-damage|p1b: Iron Hands|24\/100\n|faint|p1a: Abomasnow\n|move|p1b: Iron Hands|Drain Punch|p2b: Chien-Pao\n|-immune|p2b: Chien-Pao\n|\n|-weather|Snow|[upkeep]\n|upkeep\n|\n|t:|1683395831\n|switch|p1a: Iron Bundle|Iron Bundle, L50|100\/100\n|-enditem|p1a: Iron Bundle|Booster Energy\n|-activate|p1a: Iron Bundle|ability: Quark Drive|[fromitem]\n|-start|p1a: Iron Bundle|quarkdrivespe\n|turn|3\n|\n|t:|1683395849\n|move|p2b: Chien-Pao|Protect|p2b: Chien-Pao\n|-singleturn|p2b: Chien-Pao|Protect\n|move|p1a: Iron Bundle|Blizzard|p2a: Flutter Mane|[spread] p2a\n|-activate|p2b: Chien-Pao|move: Protect\n|-damage|p2a: Flutter Mane|71\/100\n|move|p2a: Flutter Mane|Dazzling Gleam|p1b: Iron Hands|[spread] p1a,p1b\n|-damage|p1a: Iron Bundle|53\/100\n|-damage|p1b: Iron Hands|0 fnt\n|faint|p1b: Iron Hands\n|-end|p1b: Iron Hands|Quark Drive|[silent]\n|\n|-weather|Snow|[upkeep]\n|upkeep\n|\n|t:|1683395860\n|switch|p1b: Amoonguss|Amoonguss, L50, M|100\/100\n|turn|4\n|\n|t:|1683395874\n|move|p1b: Amoonguss|Protect|p1b: Amoonguss\n|-singleturn|p1b: Amoonguss|Protect\n|move|p1a: Iron Bundle|Hydro Pump|p2b: Chien-Pao\n|-damage|p2b: Chien-Pao|21\/100\n|move|p2b: Chien-Pao|Sacred Sword|p1a: Iron Bundle\n|-supereffective|p1a: Iron Bundle\n|-damage|p1a: Iron Bundle|12\/100\n|move|p2a: Flutter Mane|Dazzling Gleam|p1a: Iron Bundle|[spread] p1a\n|-activate|p1b: Amoonguss|move: Protect\n|-damage|p1a: Iron Bundle|0 fnt\n|faint|p1a: Iron Bundle\n|-end|p1a: Iron Bundle|Quark Drive|[silent]\n|\n|-weather|Snow|[upkeep]\n|upkeep\n|turn|5\n|\n|t:|1683395889\n|move|p2b: Chien-Pao|Ice Spinner|p1b: Amoonguss\n|-supereffective|p1b: Amoonguss\n|-damage|p1b: Amoonguss|37\/100\n|-enditem|p1b: Amoonguss|Sitrus Berry|[eat]\n|-heal|p1b: Amoonguss|62\/100|[from] item: Sitrus Berry\n|move|p2a: Flutter Mane|Dazzling Gleam|p1b: Amoonguss\n|-resisted|p1b: Amoonguss\n|-damage|p1b: Amoonguss|45\/100\n|move|p1b: Amoonguss|Spore|p2a: Flutter Mane\n|-status|p2a: Flutter Mane|slp|[from] move: Spore\n|\n|-weather|none\n|-sideend|p1: Arcacagne|move: Aurora Veil\n|upkeep\n|turn|6\n|\n|t:|1683395902\n|-end|p2a: Flutter Mane|Protosynthesis|[silent]\n|switch|p2a: Great Tusk|Great Tusk, L50, shiny|100\/100\n|move|p2b: Chien-Pao|Ice Spinner|p1b: Amoonguss\n|-supereffective|p1b: Amoonguss\n|-damage|p1b: Amoonguss|0 fnt\n|faint|p1b: Amoonguss\n|\n|win|luckydan ita\n|raw|Arcacagne's rating: 1321 → 1306<\/strong> (-15 for losing)\n|raw|luckydan ita's rating: 1418 → 1433<\/strong> (+15 for winning)\n|l|\u2606luckydan ita\n","uploadtime":1683395910,"views":16,"p1id":"arcacagne","p2id":"luckydanita","formatid":"gen9vgc2023regulationc","rating":1306,"private":0,"password":""}