{"id":"gen9vgc2023regulationc-1854636284","p1":"Idk544","p2":"js19891007","format":"[Gen 9] VGC 2023 Regulation C","log":"|j|\u2606Idk544\n|j|\u2606js19891007\n|t:|1682840623\n|gametype|doubles\n|player|p1|Idk544|silver|1329\n|player|p2|js19891007|101|1292\n|teamsize|p1|6\n|teamsize|p2|6\n|gen|9\n|tier|[Gen 9] VGC 2023 Regulation C\n|rated|\n|rule|Species Clause: Limit one of each Pok\u00e9mon\n|rule|Item Clause: Limit one of each item\n|clearpoke\n|poke|p1|Orthworm, L50, M|\n|poke|p1|Iron Hands, L50|\n|poke|p1|Flutter Mane, L50|\n|poke|p1|Gholdengo, L50|\n|poke|p1|Gyarados, L50, M|\n|poke|p1|Ting-Lu, L50|\n|poke|p2|Abomasnow, L50, F|\n|poke|p2|Cetitan, L50, F|\n|poke|p2|Chien-Pao, L50|\n|poke|p2|Annihilape, L50, F|\n|poke|p2|Maushold-Four, L50|\n|poke|p2|Rotom-Wash, L50|\n|teampreview|4\n|inactive|Battle timer is ON: inactive players will automatically lose when time's up. (requested by js19891007)\nIdk544 has agreed to open team sheets.\n|inactive|Idk544 has 60 seconds left.\n|inactive|Idk544 has 30 seconds left.\n|\n|t:|1682840704\n|start\n|switch|p1a: Iron Hands|Iron Hands, L50|100\/100\n|switch|p1b: Orthworm|Orthworm, L50, M|100\/100\n|switch|p2a: Annihilape|Annihilape, L50, F|100\/100\n|switch|p2b: Maushold|Maushold-Four, L50|100\/100\n|turn|1\n|\n|t:|1682840728\n|-terastallize|p2b: Maushold|Ghost\n|move|p1a: Iron Hands|Fake Out|p2b: Maushold\n|-immune|p2b: Maushold\n|move|p2b: Maushold|Beat Up|p2a: Annihilape\n|-damage|p2a: Annihilape|98\/100\n|-damage|p2a: Annihilape|96\/100\n|-damage|p2a: Annihilape|94\/100\n|-damage|p2a: Annihilape|92\/100\n|-hitcount|p2a: Annihilape|4\n|move|p2a: Annihilape|Bulk Up|p2a: Annihilape\n|-boost|p2a: Annihilape|atk|1\n|-boost|p2a: Annihilape|def|1\n|move|p1b: Orthworm|Shed Tail|p1b: Orthworm\n|-start|p1b: Orthworm|Substitute|[from] move: Shed Tail\n|-damage|p1b: Orthworm|50\/100\n|-enditem|p1b: Orthworm|Sitrus Berry|[eat]\n|-heal|p1b: Orthworm|75\/100|[from] item: Sitrus Berry\n|inactive|Idk544 has 30 seconds left.\n|\n|t:|1682840757\n|switch|p1b: Flutter Mane|Flutter Mane, L50|100\/100|[from] Shed Tail\n|\n|-heal|p2a: Annihilape|98\/100|[from] item: Leftovers\n|upkeep\n|turn|2\n|\n|t:|1682840773\n|move|p1b: Flutter Mane|Protect|p1b: Flutter Mane\n|-singleturn|p1b: Flutter Mane|Protect\n|move|p2b: Maushold|Beat Up|p2a: Annihilape\n|-damage|p2a: Annihilape|96\/100\n|-damage|p2a: Annihilape|95\/100\n|-damage|p2a: Annihilape|93\/100\n|-damage|p2a: Annihilape|92\/100\n|-hitcount|p2a: Annihilape|4\n|move|p2a: Annihilape|Rage Fist|p1a: Iron Hands\n|-damage|p1a: Iron Hands|0 fnt\n|faint|p1a: Iron Hands\n|-end|p1a: Iron Hands|Quark Drive|[silent]\n|\n|-heal|p2a: Annihilape|98\/100|[from] item: Leftovers\n|upkeep\n|\n|t:|1682840791\n|switch|p1a: Orthworm|Orthworm, L50, M|75\/100\n|turn|3\n|\n|t:|1682840808\n|-terastallize|p1b: Flutter Mane|Fairy\n|move|p1a: Orthworm|Helping Hand|p1b: Flutter Mane\n|-singleturn|p1b: Flutter Mane|Helping Hand|[of] p1a: Orthworm\n|move|p2b: Maushold|Follow Me|p2b: Maushold\n|-singleturn|p2b: Maushold|move: Follow Me\n|move|p1b: Flutter Mane|Dazzling Gleam|p2b: Maushold|[spread] p2a,p2b\n|-supereffective|p2a: Annihilape\n|-damage|p2a: Annihilape|15\/100\n|-damage|p2b: Maushold|17\/100\n|move|p2a: Annihilape|Drain Punch|p1a: Orthworm\n|-supereffective|p1a: Orthworm\n|-damage|p1a: Orthworm|3\/100\n|-heal|p2a: Annihilape|45\/100|[from] drain|[of] p1a: Orthworm\n|\n|-heal|p2a: Annihilape|51\/100|[from] item: Leftovers\n|upkeep\n|turn|4\n|\n|t:|1682840832\n|move|p1a: Orthworm|Helping Hand|p1b: Flutter Mane\n|-singleturn|p1b: Flutter Mane|Helping Hand|[of] p1a: Orthworm\n|move|p2a: Annihilape|Protect|p2a: Annihilape\n|-singleturn|p2a: Annihilape|Protect\n|move|p1b: Flutter Mane|Dazzling Gleam|p2a: Annihilape|[spread] p2b\n|-activate|p2a: Annihilape|move: Protect\n|-damage|p2b: Maushold|0 fnt\n|faint|p2b: Maushold\n|\n|-heal|p2a: Annihilape|57\/100|[from] item: Leftovers\n|upkeep\n|\n|t:|1682840847\n|switch|p2b: Chien-Pao|Chien-Pao, L50|100\/100\n|-ability|p2b: Chien-Pao|Sword of Ruin\n|turn|5\n|\n|t:|1682840867\n|move|p1a: Orthworm|Protect|p1a: Orthworm\n|-singleturn|p1a: Orthworm|Protect\n|move|p2b: Chien-Pao|Sucker Punch|p1b: Flutter Mane\n|-resisted|p1b: Flutter Mane\n|-crit|p1b: Flutter Mane\n|-end|p1b: Flutter Mane|Substitute\n|-damage|p2b: Chien-Pao|91\/100|[from] item: Life Orb\n|move|p1b: Flutter Mane|Dazzling Gleam|p2a: Annihilape|[spread] p2a,p2b\n|-supereffective|p2a: Annihilape\n|-supereffective|p2b: Chien-Pao\n|-crit|p2b: Chien-Pao\n|-damage|p2a: Annihilape|0 fnt\n|-damage|p2b: Chien-Pao|0 fnt\n|faint|p2a: Annihilape\n|faint|p2b: Chien-Pao\n|\n|upkeep\n|-message|js19891007 forfeited.\n|\n|win|Idk544\n|raw|Idk544's rating: 1329 → 1347<\/strong> (+18 for winning)\n|raw|js19891007's rating: 1292 → 1270<\/strong> (-22 for losing)\n|l|\u2606js19891007\n","uploadtime":1682840884,"views":14,"p1id":"idk544","p2id":"js19891007","formatid":"gen9vgc2023regulationc","rating":1270,"private":0,"password":""}