{"id":"gen9vgc2023regulationc-1854926359","p1":"H2obama","p2":"Hol H0rse","format":"[Gen 9] VGC 2023 Regulation C","log":"|j|\u2606H2obama\n|j|\u2606Hol H0rse\n|t:|1682881524\n|gametype|doubles\n|player|p1|H2obama|drayden|1266\n|player|p2|Hol H0rse|2|1357\n|teamsize|p1|6\n|teamsize|p2|6\n|gen|9\n|tier|[Gen 9] VGC 2023 Regulation C\n|rated|\n|rule|Species Clause: Limit one of each Pok\u00e9mon\n|rule|Item Clause: Limit one of each item\n|clearpoke\n|poke|p1|Tyranitar, L50, M|\n|poke|p1|Scizor, L50, M|\n|poke|p1|Ceruledge, L50, F|\n|poke|p1|Lycanroc, L50, F|\n|poke|p1|Gastrodon, L50, M|\n|poke|p1|Amoonguss, L50, F|\n|poke|p2|Orthworm, L50, M|\n|poke|p2|Ting-Lu, L50|\n|poke|p2|Amoonguss, L50, F|\n|poke|p2|Dragonite, L50, F|\n|poke|p2|Iron Hands, L50|\n|poke|p2|Indeedee-F, L50, F|\n|teampreview|4\n|\n|t:|1682881586\n|start\n|switch|p1a: Lycanroc|Lycanroc, L50, F|100\/100\n|switch|p1b: Ceruledge|Ceruledge, L50, F|100\/100\n|switch|p2a: Orthworm|Orthworm, L50, M|100\/100\n|switch|p2b: Amoonguss|Amoonguss, L50, F|100\/100\n|turn|1\n|\n|t:|1682881629\n|-terastallize|p2b: Amoonguss|Rock\n|move|p2b: Amoonguss|Rage Powder|p2b: Amoonguss\n|-singleturn|p2b: Amoonguss|move: Rage Powder\n|move|p1a: Lycanroc|Rock Slide|p2b: Amoonguss|[spread] p2a,p2b\n|-resisted|p2a: Orthworm\n|-damage|p2a: Orthworm|94\/100\n|-damage|p2b: Amoonguss|78\/100\n|move|p1b: Ceruledge|Bitter Blade|p2b: Amoonguss\n|-resisted|p2b: Amoonguss\n|-damage|p2b: Amoonguss|61\/100\n|move|p2a: Orthworm|Shed Tail|p2a: Orthworm\n|-start|p2a: Orthworm|Substitute|[from] move: Shed Tail\n|-damage|p2a: Orthworm|43\/100\n|-enditem|p2a: Orthworm|Sitrus Berry|[eat]\n|-heal|p2a: Orthworm|68\/100|[from] item: Sitrus Berry\n|\n|t:|1682881644\n|switch|p2a: Iron Hands|Iron Hands, L50|100\/100|[from] Shed Tail\n|\n|upkeep\n|turn|2\n|\n|t:|1682881668\n|-terastallize|p1b: Ceruledge|Grass\n|move|p1a: Lycanroc|Protect|p1a: Lycanroc\n|-singleturn|p1a: Lycanroc|Protect\n|move|p1b: Ceruledge|Bulk Up|p1b: Ceruledge\n|-boost|p1b: Ceruledge|atk|1\n|-boost|p1b: Ceruledge|def|1\n|move|p2a: Iron Hands|Swords Dance|p2a: Iron Hands\n|-boost|p2a: Iron Hands|atk|2\n|move|p2b: Amoonguss|Spore|p1a: Lycanroc\n|-activate|p1a: Lycanroc|move: Protect\n|\n|upkeep\n|turn|3\n|\n|t:|1682881686\n|move|p1a: Lycanroc|Close Combat|p2b: Amoonguss\n|-supereffective|p2b: Amoonguss\n|-damage|p2b: Amoonguss|0 fnt\n|-unboost|p1a: Lycanroc|def|1\n|-unboost|p1a: Lycanroc|spd|1\n|faint|p2b: Amoonguss\n|move|p1b: Ceruledge|Bitter Blade|p2a: Iron Hands\n|-end|p2a: Iron Hands|Substitute\n|move|p2a: Iron Hands|Drain Punch|p1a: Lycanroc\n|-supereffective|p1a: Lycanroc\n|-enditem|p1a: Lycanroc|Focus Sash\n|-damage|p1a: Lycanroc|1\/100\n|\n|upkeep\n|\n|t:|1682881693\n|switch|p2b: Orthworm|Orthworm, L50, M|68\/100\n|turn|4\n|\n|t:|1682881706\n|move|p2b: Orthworm|Protect|p2b: Orthworm\n|-singleturn|p2b: Orthworm|Protect\n|move|p1a: Lycanroc|Howl|p1a: Lycanroc|[spread] p1a,p1b\n|-boost|p1a: Lycanroc|atk|1\n|-boost|p1b: Ceruledge|atk|1\n|move|p1b: Ceruledge|Bitter Blade|p2a: Iron Hands\n|-damage|p2a: Iron Hands|34\/100\n|move|p2a: Iron Hands|Drain Punch|p1b: Ceruledge\n|-damage|p1b: Ceruledge|34\/100\n|-heal|p2a: Iron Hands|60\/100|[from] drain|[of] p1b: Ceruledge\n|\n|upkeep\n|turn|5\n|\n|t:|1682881725\n|move|p2a: Iron Hands|Protect|p2a: Iron Hands\n|-singleturn|p2a: Iron Hands|Protect\n|move|p1a: Lycanroc|Rock Slide|p2a: Iron Hands|[spread] p2b\n|-activate|p2a: Iron Hands|move: Protect\n|-resisted|p2b: Orthworm\n|-damage|p2b: Orthworm|58\/100\n|move|p1b: Ceruledge|Bitter Blade|p2b: Orthworm\n|-supereffective|p2b: Orthworm\n|-damage|p2b: Orthworm|0 fnt\n|-heal|p1b: Ceruledge|62\/100|[from] drain|[of] p2b: Orthworm\n|faint|p2b: Orthworm\n|\n|upkeep\n|\n|t:|1682881728\n|switch|p2b: Ting-Lu|Ting-Lu, L50|100\/100\n|-ability|p2b: Ting-Lu|Vessel of Ruin\n|turn|6\n|\n|t:|1682881742\n|move|p1a: Lycanroc|Rock Slide|p2b: Ting-Lu|[spread] p2a,p2b\n|-resisted|p2a: Iron Hands\n|-crit|p2a: Iron Hands\n|-resisted|p2b: Ting-Lu\n|-damage|p2a: Iron Hands|36\/100\n|-damage|p2b: Ting-Lu|89\/100\n|move|p1b: Ceruledge|Bitter Blade|p2a: Iron Hands\n|-damage|p2a: Iron Hands|0 fnt\n|-heal|p1b: Ceruledge|85\/100|[from] drain|[of] p2a: Iron Hands\n|faint|p2a: Iron Hands\n|-end|p2a: Iron Hands|Quark Drive|[silent]\n|move|p2b: Ting-Lu|Heavy Slam|p1b: Ceruledge\n|-damage|p1b: Ceruledge|57\/100\n|\n|upkeep\n|turn|7\n|-message|Hol H0rse forfeited.\n|\n|win|H2obama\n|raw|H2obama's rating: 1266 → 1297<\/strong> (+31 for winning)\n|raw|Hol H0rse's rating: 1357 → 1332<\/strong> (-25 for losing)\n|l|\u2606Hol H0rse\n","uploadtime":1682881766,"views":8,"p1id":"h2obama","p2id":"holh0rse","formatid":"gen9vgc2023regulationc","rating":1297,"private":0,"password":""}