{"id":"gen9vgc2023regulationc-1845661428","p1":"LeafeonLou12","p2":"DaviRunde99","format":"[Gen 9] VGC 2023 Regulation C","log":"|j|\u2606LeafeonLou12\n|j|\u2606DaviRunde99\n|t:|1681753447\n|gametype|doubles\n|player|p1|LeafeonLou12|266|1216\n|player|p2|DaviRunde99|roark|1223\n|teamsize|p1|6\n|teamsize|p2|6\n|gen|9\n|tier|[Gen 9] VGC 2023 Regulation C\n|rated|\n|rule|Species Clause: Limit one of each Pok\u00e9mon\n|rule|Item Clause: Limit one of each item\n|clearpoke\n|poke|p1|Rotom-Fan, L50|\n|poke|p1|Torkoal, L50, F|\n|poke|p1|Indeedee, L50, M|\n|poke|p1|Drifblim, L50, F|\n|poke|p1|Chi-Yu, L50|\n|poke|p1|Great Tusk, L50|\n|poke|p2|Gyarados, L50, M|\n|poke|p2|Ting-Lu, L50|\n|poke|p2|Annihilape, L50, M|\n|poke|p2|Maushold-Four, L50|\n|poke|p2|Flutter Mane, L50|\n|poke|p2|Chi-Yu, L50|\n|teampreview|4\nDaviRunde99 has agreed to open team sheets.\n|inactive|Battle timer is ON: inactive players will automatically lose when time's up. (requested by DaviRunde99)\n|inactive|LeafeonLou12 has 60 seconds left.\n|\n|t:|1681753486\n|start\n|switch|p1a: Drifblim|Drifblim, L50, F|100\/100\n|switch|p1b: Indeedee|Indeedee, L50, M|100\/100\n|switch|p2a: Annihilape|Annihilape, L50, M|100\/100\n|switch|p2b: Maushold|Maushold-Four, L50|100\/100\n|-fieldstart|move: Psychic Terrain|[from] ability: Psychic Surge|[of] p1b: Indeedee\n|-enditem|p1a: Drifblim|Psychic Seed\n|-boost|p1a: Drifblim|spd|1|[from] item: Psychic Seed\n|turn|1\n|inactive|DaviRunde99 has 30 seconds left.\n|\n|t:|1681753516\n|switch|p2a: Ting-Lu|Ting-Lu, L50|100\/100\n|-ability|p2a: Ting-Lu|Vessel of Ruin\n|move|p1a: Drifblim|Acrobatics|p2b: Maushold\n|-damage|p2b: Maushold|52\/100\n|move|p1b: Indeedee|Psychic|p2b: Maushold\n|-damage|p2b: Maushold|10\/100\n|move|p2b: Maushold|Super Fang|p1b: Indeedee\n|-damage|p1b: Indeedee|50\/100\n|\n|upkeep\n|turn|2\n|\n|t:|1681753533\n|-terastallize|p1b: Indeedee|Fairy\n|move|p2b: Maushold|Protect|p2b: Maushold\n|-singleturn|p2b: Maushold|Protect\n|move|p1a: Drifblim|Acrobatics|p2a: Ting-Lu\n|-damage|p2a: Ting-Lu|83\/100\n|move|p1b: Indeedee|Psychic|p2b: Maushold\n|-activate|p2b: Maushold|move: Protect\n|move|p2a: Ting-Lu|Rock Tomb|p1a: Drifblim\n|-supereffective|p1a: Drifblim\n|-damage|p1a: Drifblim|55\/100\n|-unboost|p1a: Drifblim|spe|1\n|\n|upkeep\n|turn|3\n|\n|t:|1681753558\n|switch|p2b: Gyarados|Gyarados, L50, M|100\/100\n|-ability|p2b: Gyarados|Intimidate|boost\n|-unboost|p1a: Drifblim|atk|1\n|-unboost|p1b: Indeedee|atk|1\n|move|p1b: Indeedee|Psychic|p2b: Gyarados\n|-damage|p2b: Gyarados|69\/100\n|move|p1a: Drifblim|Tailwind|p1a: Drifblim\n|-sidestart|p1: LeafeonLou12|move: Tailwind\n|move|p2a: Ting-Lu|Heavy Slam|p1b: Indeedee\n|-supereffective|p1b: Indeedee\n|-damage|p1b: Indeedee|0 fnt\n|faint|p1b: Indeedee\n|\n|upkeep\n|\n|t:|1681753570\n|switch|p1b: Rotom|Rotom-Fan, L50|100\/100\n|turn|4\n|\n|t:|1681753590\n|-terastallize|p2b: Gyarados|Grass\n|move|p1b: Rotom|Protect|p1b: Rotom\n|-singleturn|p1b: Rotom|Protect\n|move|p1a: Drifblim|Acrobatics|p2a: Ting-Lu\n|-damage|p2a: Ting-Lu|68\/100\n|move|p2b: Gyarados|Taunt|p1a: Drifblim\n|-start|p1a: Drifblim|move: Taunt\n|move|p2a: Ting-Lu|Rock Tomb|p1b: Rotom\n|-activate|p1b: Rotom|move: Protect\n|\n|upkeep\n|turn|5\n|\n|t:|1681753609\n|switch|p2b: Maushold|Maushold-Four, L50|10\/100\n|move|p1a: Drifblim|Acrobatics|p2b: Maushold\n|-damage|p2b: Maushold|0 fnt\n|faint|p2b: Maushold\n|move|p1b: Rotom|Air Slash|p2a: Ting-Lu\n|-damage|p2a: Ting-Lu|57\/100\n|cant|p2a: Ting-Lu|flinch\n|\n|-fieldend|move: Psychic Terrain\n|upkeep\n|\n|t:|1681753620\n|switch|p2b: Annihilape|Annihilape, L50, M|100\/100\n|turn|6\n|\n|t:|1681753629\n|move|p1b: Rotom|Protect|p1b: Rotom\n|-singleturn|p1b: Rotom|Protect\n|move|p2b: Annihilape|Protect|p2b: Annihilape\n|-singleturn|p2b: Annihilape|Protect\n|move|p1a: Drifblim|Acrobatics|p2a: Ting-Lu\n|-damage|p2a: Ting-Lu|41\/100\n|move|p2a: Ting-Lu|Rock Tomb|p1a: Drifblim\n|-supereffective|p1a: Drifblim\n|-damage|p1a: Drifblim|10\/100\n|-unboost|p1a: Drifblim|spe|1\n|\n|-sideend|p1: LeafeonLou12|move: Tailwind\n|upkeep\n|turn|7\n|\n|t:|1681753649\n|move|p1a: Drifblim|Acrobatics|p2b: Annihilape\n|-supereffective|p2b: Annihilape\n|-damage|p2b: Annihilape|48\/100\n|move|p2b: Annihilape|Rage Fist|p1a: Drifblim\n|-supereffective|p1a: Drifblim\n|-damage|p1a: Drifblim|0 fnt\n|faint|p1a: Drifblim\n|move|p1b: Rotom|Air Slash|p2b: Annihilape\n|-supereffective|p2b: Annihilape\n|-damage|p2b: Annihilape|0 fnt\n|faint|p2b: Annihilape\n|move|p2a: Ting-Lu|Rock Tomb|p1b: Rotom\n|-supereffective|p1b: Rotom\n|-damage|p1b: Rotom|61\/100\n|-unboost|p1b: Rotom|spe|1\n|\n|upkeep\n|\n|t:|1681753662\n|switch|p1a: Great Tusk|Great Tusk, L50|100\/100\n|switch|p2b: Gyarados|Gyarados, L50, M, tera:Grass|69\/100\n|-ability|p2b: Gyarados|Intimidate|boost\n|-unboost|p1a: Great Tusk|atk|1\n|-unboost|p1b: Rotom|atk|1\n|turn|8\n|\n|t:|1681753681\n|move|p1a: Great Tusk|Close Combat|p2a: Ting-Lu\n|-supereffective|p2a: Ting-Lu\n|-damage|p2a: Ting-Lu|0 fnt\n|-unboost|p1a: Great Tusk|def|1\n|-unboost|p1a: Great Tusk|spd|1\n|faint|p2a: Ting-Lu\n|move|p2b: Gyarados|Whirlpool|p1a: Great Tusk\n|-supereffective|p1a: Great Tusk\n|-damage|p1a: Great Tusk|79\/100\n|-activate|p1a: Great Tusk|move: Whirlpool|[of] p2b: Gyarados\n|move|p1b: Rotom|Air Slash|p2b: Gyarados\n|-supereffective|p2b: Gyarados\n|-damage|p2b: Gyarados|16\/100\n|-enditem|p2b: Gyarados|Sitrus Berry|[eat]\n|-heal|p2b: Gyarados|41\/100|[from] item: Sitrus Berry\n|\n|-damage|p1a: Great Tusk|67\/100|[from] move: Whirlpool|[partiallytrapped]\n|upkeep\n|turn|9\n|\n|t:|1681753700\n|move|p1a: Great Tusk|Ice Spinner|p2b: Gyarados\n|-supereffective|p2b: Gyarados\n|-damage|p2b: Gyarados|7\/100\n|move|p2b: Gyarados|Waterfall|p1b: Rotom\n|-damage|p1b: Rotom|22\/100\n|-enditem|p1b: Rotom|Sitrus Berry|[eat]\n|-heal|p1b: Rotom|47\/100|[from] item: Sitrus Berry\n|move|p1b: Rotom|Air Slash|p2b: Gyarados\n|-supereffective|p2b: Gyarados\n|-damage|p2b: Gyarados|0 fnt\n|faint|p2b: Gyarados\n|\n|win|LeafeonLou12\n|raw|LeafeonLou12's rating: 1216 → 1242<\/strong> (+26 for winning)\n|raw|DaviRunde99's rating: 1223 → 1197<\/strong> (-26 for losing)\n|l|\u2606DaviRunde99\n","uploadtime":1681753713,"views":13,"p1id":"leafeonlou12","p2id":"davirunde99","formatid":"gen9vgc2023regulationc","rating":1197,"private":0,"password":""}