{"id":"gen9vgc2023regulationc-1856470771","p1":"I_steal_noses","p2":"Inwaves22","format":"[Gen 9] VGC 2023 Regulation C","log":"|j|\u2606I_steal_noses\n|j|\u2606Inwaves22\n|t:|1683065085\n|gametype|doubles\n|player|p1|I_steal_noses|2|1149\n|player|p2|Inwaves22|falkner|1252\n|teamsize|p1|6\n|teamsize|p2|6\n|gen|9\n|tier|[Gen 9] VGC 2023 Regulation C\n|rated|\n|rule|Species Clause: Limit one of each Pok\u00e9mon\n|rule|Item Clause: Limit one of each item\n|clearpoke\n|poke|p1|Rabsca, L50, M|\n|poke|p1|Kingambit, L50, M|\n|poke|p1|Iron Hands, L50|\n|poke|p1|Skeledirge, L50, F|\n|poke|p1|Amoonguss, L50, M|\n|poke|p1|Iron Bundle, L50|\n|poke|p2|Glimmora, L50, M|\n|poke|p2|Chi-Yu, L50|\n|poke|p2|Flutter Mane, L50|\n|poke|p2|Dragonite, L50, M|\n|poke|p2|Dondozo, L50, M|\n|poke|p2|Tatsugiri, L50, F|\n|teampreview|4\n|\n|t:|1683065094\n|start\n|switch|p1a: Rabsca|Rabsca, L50, M|100\/100\n|switch|p1b: Iron Hands|Iron Hands, L50|100\/100\n|switch|p2a: Glimmora|Glimmora, L50, M|100\/100\n|switch|p2b: Dondozo|Dondozo, L50, M|100\/100\n|turn|1\n|\n|t:|1683065156\n|-terastallize|p2a: Glimmora|Grass\n|move|p1b: Iron Hands|Fake Out|p2a: Glimmora\n|-damage|p2a: Glimmora|79\/100\n|-activate|p2a: Glimmora|ability: Toxic Debris\n|-sidestart|p1: I_steal_noses|move: Toxic Spikes\n|cant|p2a: Glimmora|flinch\n|move|p2b: Dondozo|Yawn|p1a: Rabsca\n|-start|p1a: Rabsca|move: Yawn|[of] p2b: Dondozo\n|move|p1a: Rabsca|Trick Room|p1a: Rabsca\n|-fieldstart|move: Trick Room|[of] p1a: Rabsca\n|\n|upkeep\n|turn|2\n|\n|t:|1683065177\n|move|p2b: Dondozo|Protect|p2b: Dondozo\n|-singleturn|p2b: Dondozo|Protect\n|move|p2a: Glimmora|Spiky Shield|p2a: Glimmora\n|-singleturn|p2a: Glimmora|move: Protect\n|move|p1a: Rabsca|Bug Buzz|p2a: Glimmora\n|-activate|p2a: Glimmora|move: Protect\n|move|p1b: Iron Hands|Thunder Punch|p2b: Dondozo\n|-activate|p2b: Dondozo|move: Protect\n|\n|-end|p1a: Rabsca|move: Yawn|[silent]\n|-status|p1a: Rabsca|slp\n|upkeep\n|turn|3\n|\n|t:|1683065209\n|move|p2b: Dondozo|Wave Crash|p1a: Rabsca\n|-damage|p1a: Rabsca|61\/100 slp\n|-damage|p2b: Dondozo|91\/100|[from] Recoil\n|cant|p1a: Rabsca|slp\n|move|p1b: Iron Hands|Thunder Punch|p2b: Dondozo\n|-supereffective|p2b: Dondozo\n|-crit|p2b: Dondozo\n|-damage|p2b: Dondozo|4\/100\n|-enditem|p2b: Dondozo|Sitrus Berry|[eat]\n|-heal|p2b: Dondozo|29\/100|[from] item: Sitrus Berry\n|move|p2a: Glimmora|Toxic|p1b: Iron Hands\n|-status|p1b: Iron Hands|tox\n|\n|-damage|p1b: Iron Hands|94\/100 tox|[from] psn\n|upkeep\n|turn|4\n|\n|t:|1683065235\n|move|p2b: Dondozo|Bulldoze|p1a: Rabsca|[spread] p2a,p1a,p1b\n|-resisted|p2a: Glimmora\n|-resisted|p1a: Rabsca\n|-supereffective|p1b: Iron Hands\n|-damage|p2a: Glimmora|73\/100\n|-damage|p1a: Rabsca|56\/100 slp\n|-damage|p1b: Iron Hands|81\/100 tox\n|-unboost|p2a: Glimmora|spe|1\n|-unboost|p1a: Rabsca|spe|1\n|-unboost|p1b: Iron Hands|spe|1\n|-activate|p2a: Glimmora|ability: Toxic Debris\n|-sidestart|p1: I_steal_noses|move: Toxic Spikes\n|cant|p1a: Rabsca|slp\n|move|p1b: Iron Hands|Ice Punch|p2a: Glimmora\n|-supereffective|p2a: Glimmora\n|-damage|p2a: Glimmora|0 fnt\n|faint|p2a: Glimmora\n|\n|-damage|p1b: Iron Hands|69\/100 tox|[from] psn\n|upkeep\n|\n|t:|1683065256\n|switch|p2a: Dragonite|Dragonite, L50, M|100\/100\n|turn|5\n|\n|t:|1683065273\n|move|p2a: Dragonite|Extreme Speed|p1a: Rabsca\n|-damage|p1a: Rabsca|6\/100 slp\n|cant|p1a: Rabsca|slp\n|move|p1b: Iron Hands|Ice Punch|p2a: Dragonite\n|-supereffective|p2a: Dragonite\n|-damage|p2a: Dragonite|27\/100\n|move|p2b: Dondozo|Wave Crash|p1b: Iron Hands\n|-damage|p1b: Iron Hands|41\/100 tox\n|-damage|p2b: Dondozo|19\/100|[from] Recoil\n|\n|-damage|p1b: Iron Hands|23\/100 tox|[from] psn\n|-fieldend|move: Trick Room\n|upkeep\n|turn|6\n|\n|t:|1683065290\n|move|p2a: Dragonite|Extreme Speed|p1b: Iron Hands\n|-damage|p1b: Iron Hands|0 fnt\n|faint|p1b: Iron Hands\n|-end|p1b: Iron Hands|Quark Drive|[silent]\n|move|p2b: Dondozo|Wave Crash|p1a: Rabsca\n|-damage|p1a: Rabsca|0 fnt\n|faint|p1a: Rabsca\n|-damage|p2b: Dondozo|18\/100|[from] Recoil\n|\n|upkeep\n|\n|t:|1683065303\n|switch|p1b: Skeledirge|Skeledirge, L50, F|100\/100\n|switch|p1a: Kingambit|Kingambit, L50, M|100\/100\n|-status|p1b: Skeledirge|tox\n|turn|7\n|\n|t:|1683065331\n|move|p2a: Dragonite|Extreme Speed|p1a: Kingambit\n|-resisted|p1a: Kingambit\n|-damage|p1a: Kingambit|82\/100\n|move|p1b: Skeledirge|Torch Song|p2a: Dragonite\n|-resisted|p2a: Dragonite\n|-damage|p2a: Dragonite|10\/100\n|-boost|p1b: Skeledirge|spa|1\n|-enditem|p1b: Skeledirge|Throat Spray\n|-boost|p1b: Skeledirge|spa|1|[from] item: Throat Spray\n|move|p1a: Kingambit|Retaliate|p2b: Dondozo\n|-damage|p2b: Dondozo|0 fnt\n|faint|p2b: Dondozo\n|\n|-damage|p1b: Skeledirge|94\/100 tox|[from] psn\n|upkeep\n|\n|t:|1683065344\n|switch|p2b: Flutter Mane|Flutter Mane, L50|100\/100\n|-enditem|p2b: Flutter Mane|Booster Energy\n|-activate|p2b: Flutter Mane|ability: Protosynthesis|[fromitem]\n|-start|p2b: Flutter Mane|protosynthesisspe\n|turn|8\n|\n|t:|1683065380\n|-terastallize|p1b: Skeledirge|Fairy\n|move|p2b: Flutter Mane|Protect|p2b: Flutter Mane\n|-singleturn|p2b: Flutter Mane|Protect\n|move|p2a: Dragonite|Extreme Speed|p1a: Kingambit\n|-resisted|p1a: Kingambit\n|-damage|p1a: Kingambit|64\/100\n|move|p1b: Skeledirge|Torch Song|p2a: Dragonite\n|-resisted|p2a: Dragonite\n|-damage|p2a: Dragonite|0 fnt\n|-boost|p1b: Skeledirge|spa|1\n|faint|p2a: Dragonite\n|move|p1a: Kingambit|Iron Head|p2b: Flutter Mane\n|-activate|p2b: Flutter Mane|move: Protect\n|\n|-damage|p1b: Skeledirge|82\/100 tox|[from] psn\n|upkeep\n|turn|9\n|\n|t:|1683065401\n|move|p2b: Flutter Mane|Moonblast|p1a: Kingambit\n|-crit|p1a: Kingambit\n|-damage|p1a: Kingambit|0 fnt\n|faint|p1a: Kingambit\n|move|p1b: Skeledirge|Hex|p2b: Flutter Mane\n|-supereffective|p2b: Flutter Mane\n|-damage|p2b: Flutter Mane|0 fnt\n|faint|p2b: Flutter Mane\n|-end|p2b: Flutter Mane|Protosynthesis|[silent]\n|\n|win|I_steal_noses\n|raw|I_steal_noses's rating: 1149 → 1181<\/strong> (+32 for winning)\n|raw|Inwaves22's rating: 1252 → 1220<\/strong> (-32 for losing)\n|l|\u2606I_steal_noses\n","uploadtime":1683065411,"views":7,"p1id":"istealnoses","p2id":"inwaves22","formatid":"gen9vgc2023regulationc","rating":1181,"private":0,"password":""}