{"id":"gen9vgc2023regulationc-1863762967","p1":"matthewssandslash","p2":"DonFuron","format":"[Gen 9] VGC 2023 Regulation C","log":"|j|\u2606matthewssandslash\n|j|\u2606DonFuron\n|t:|1684073515\n|gametype|doubles\n|player|p1|matthewssandslash|101|\n|player|p2|DonFuron|red|\n|teamsize|p1|6\n|teamsize|p2|6\n|gen|9\n|tier|[Gen 9] VGC 2023 Regulation C\n|rule|Species Clause: Limit one of each Pok\u00e9mon\n|rule|Item Clause: Limit one of each item\n|clearpoke\n|poke|p1|Rabsca, L50, F|\n|poke|p1|Whiscash, L50, F|\n|poke|p1|Pincurchin, L50, M|\n|poke|p1|Hawlucha, L50, M|\n|poke|p1|Wigglytuff, L50, M|\n|poke|p1|Bombirdier, L50, F|\n|poke|p2|Bronzor, L50|\n|poke|p2|Marill, L50, M|\n|poke|p2|Houndstone, L50, F|\n|poke|p2|Vaporeon, L50, F|\n|poke|p2|Crabominable, L50, F|\n|poke|p2|Coalossal, L50, M|\n|teampreview|4\nDonFuron rejected open team sheets.\n|c|\u2606DonFuron|game1\n|c|\u2606matthewssandslash|okay wow\n|c|\u2606matthewssandslash|showdown was weird for a second\n|c|\u2606matthewssandslash|okay\n|c|\u2606matthewssandslash|HEY\n|c|\u2606matthewssandslash|It's MARILL!\n|c|\u2606matthewssandslash|oh this is exciting\n|j| fizzywizzyglizzy\n|\n|t:|1684073726\n|start\n|switch|p1a: I still had outs|Pincurchin, L50, M|100\/100\n|switch|p1b: T2 Persian uses|Hawlucha, L50, M|100\/100\n|switch|p2a: hugmeirlmateo|Marill, L50, M|100\/100\n|switch|p2b: Moana|Coalossal, L50, M|100\/100\n|-fieldstart|move: Electric Terrain|[from] ability: Electric Surge|[of] p1a: I still had outs\n|-enditem|p1b: T2 Persian uses|Electric Seed\n|-boost|p1b: T2 Persian uses|def|1|[from] item: Electric Seed\n|turn|1\n|\n|t:|1684073777\n|move|p2a: hugmeirlmateo|Protect|p2a: hugmeirlmateo\n|-singleturn|p2a: hugmeirlmateo|Protect\n|move|p2b: Moana|Protect|p2b: Moana\n|-singleturn|p2b: Moana|Protect\n|move|p1b: T2 Persian uses|Acrobatics|p2a: hugmeirlmateo\n|-activate|p2a: hugmeirlmateo|move: Protect\n|move|p1a: I still had outs|Hydro Pump|p2b: Moana\n|-activate|p2b: Moana|move: Protect\n|\n|upkeep\n|turn|2\n|\n|t:|1684073819\n|-terastallize|p2b: Moana|Fire\n|move|p1b: T2 Persian uses|Close Combat|p2b: Moana\n|-damage|p2b: Moana|62\/100\n|-unboost|p1b: T2 Persian uses|def|1\n|-unboost|p1b: T2 Persian uses|spd|1\n|move|p2a: hugmeirlmateo|Play Rough|p1b: T2 Persian uses\n|-supereffective|p1b: T2 Persian uses\n|-damage|p1b: T2 Persian uses|0 fnt\n|faint|p1b: T2 Persian uses\n|move|p2b: Moana|Heat Wave|p1a: I still had outs\n|-damage|p1a: I still had outs|34\/100\n|move|p1a: I still had outs|Hydro Pump|p2b: Moana|[miss]\n|-miss|p1a: I still had outs|p2b: Moana\n|\n|upkeep\n|c|\u2606matthewssandslash|that wasn't fun\n|\n|t:|1684073839\n|switch|p1b: Hyper Voice|Wigglytuff, L50, M|100\/100\n|turn|3\n|\n|t:|1684073893\n|move|p1a: I still had outs|Protect|p1a: I still had outs\n|-singleturn|p1a: I still had outs|Protect\n|move|p2a: hugmeirlmateo|Aqua Jet|p2b: Moana\n|-supereffective|p2b: Moana\n|-damage|p2b: Moana|34\/100\n|-ability|p2b: Moana|Steam Engine|boost\n|-boost|p2b: Moana|spe|6\n|-enditem|p2b: Moana|Weakness Policy\n|-boost|p2b: Moana|atk|2|[from] item: Weakness Policy\n|-boost|p2b: Moana|spa|2|[from] item: Weakness Policy\n|move|p2b: Moana|Heat Wave|p1a: I still had outs|[spread] p1b\n|-activate|p1a: I still had outs|move: Protect\n|-damage|p1b: Hyper Voice|37\/100\n|-status|p1b: Hyper Voice|brn\n|move|p1b: Hyper Voice|Dazzling Gleam|p2a: hugmeirlmateo|[spread] p2a,p2b\n|-resisted|p2b: Moana\n|-damage|p2a: hugmeirlmateo|47\/100\n|-damage|p2b: Moana|22\/100\n|\n|-damage|p1b: Hyper Voice|31\/100 brn|[from] brn\n|upkeep\n|turn|4\n|\n|t:|1684073926\n|move|p1a: I still had outs|Sucker Punch|p2b: Moana\n|-damage|p2b: Moana|11\/100\n|move|p2b: Moana|Flamethrower|p1a: I still had outs\n|-damage|p1a: I still had outs|0 fnt\n|faint|p1a: I still had outs\n|move|p2a: hugmeirlmateo|Play Rough|p1b: Hyper Voice\n|-damage|p1b: Hyper Voice|0 fnt\n|faint|p1b: Hyper Voice\n|\n|upkeep\n|\n|t:|1684073936\n|switch|p1b: With King's Rock|Bombirdier, L50, F|100\/100\n|turn|5\n|\n|t:|1684073942\n|-terastallize|p1b: With King's Rock|Rock\n|move|p2b: Moana|Protect|p2b: Moana\n|-singleturn|p2b: Moana|Protect\n|move|p1b: With King's Rock|Rock Slide|p2b: Moana|[spread] p2a\n|-activate|p2b: Moana|move: Protect\n|-damage|p2a: hugmeirlmateo|0 fnt\n|faint|p2a: hugmeirlmateo\n|-damage|p1b: With King's Rock|91\/100|[from] item: Life Orb\n|\n|-fieldend|move: Electric Terrain\n|upkeep\n|\n|t:|1684073959\n|switch|p2a: Cher|Houndstone, L50, F, shiny|100\/100\n|turn|6\n|\n|t:|1684073969\n|move|p1b: With King's Rock|Protect|p1b: With King's Rock\n|-singleturn|p1b: With King's Rock|Protect\n|move|p2b: Moana|Earth Power|p1b: With King's Rock\n|-activate|p1b: With King's Rock|move: Protect\n|move|p2a: Cher|Will-O-Wisp|p1b: With King's Rock\n|-activate|p1b: With King's Rock|move: Protect\n|\n|upkeep\n|turn|7\n|\n|t:|1684073993\n|move|p2b: Moana|Earth Power|p1b: With King's Rock\n|-supereffective|p1b: With King's Rock\n|-damage|p1b: With King's Rock|0 fnt\n|faint|p1b: With King's Rock\n|\n|win|DonFuron\n|c|\u2606matthewssandslash|gg\n|c|\u2606DonFuron|gg\n|l| fizzywizzyglizzy\n|j| Yeetawheat\n|l| Yeetawheat\n|l|\u2606DonFuron\n","uploadtime":1684074004,"views":25,"p1id":"matthewssandslash","p2id":"donfuron","formatid":"gen9vgc2023regulationc","rating":0,"private":0,"password":""}