{"id":"gen9vgc2023regulationc-1861935950","p1":"SwampCorner","p2":"Buildozzo","format":"[Gen 9] VGC 2023 Regulation C","log":"|j|\u2606SwampCorner\n|j|\u2606Buildozzo\n|t:|1683822217\n|gametype|doubles\n|player|p1|SwampCorner|boarder|1321\n|player|p2|Buildozzo|cynthia|1382\n|teamsize|p1|6\n|teamsize|p2|6\n|gen|9\n|tier|[Gen 9] VGC 2023 Regulation C\n|rated|\n|rule|Species Clause: Limit one of each Pok\u00e9mon\n|rule|Item Clause: Limit one of each item\n|clearpoke\n|poke|p1|Flutter Mane, L50|\n|poke|p1|Iron Bundle, L50|\n|poke|p1|Abomasnow, L50, M|\n|poke|p1|Dragonite, L50, F|\n|poke|p1|Arcanine, L50, M|\n|poke|p1|Amoonguss, L50, M|\n|poke|p2|Flutter Mane, L50|\n|poke|p2|Glimmora, L50, F|\n|poke|p2|Wo-Chien, L50|\n|poke|p2|Iron Hands, L50|\n|poke|p2|Arcanine, L50, M|\n|poke|p2|Iron Bundle, L50|\n|teampreview|4\nBuildozzo has agreed to open team sheets.\n|\n|t:|1683822254\n|start\n|switch|p1a: Flutter Mane|Flutter Mane, L50|100\/100\n|switch|p1b: Amoonguss|Amoonguss, L50, M|100\/100\n|switch|p2a: Iron Hands|Iron Hands, L50|100\/100\n|switch|p2b: Arcanine|Arcanine, L50, M|100\/100\n|-ability|p2b: Arcanine|Intimidate|boost\n|-unboost|p1a: Flutter Mane|atk|1\n|-unboost|p1b: Amoonguss|atk|1\n|-enditem|p1a: Flutter Mane|Booster Energy\n|-activate|p1a: Flutter Mane|ability: Protosynthesis|[fromitem]\n|-start|p1a: Flutter Mane|protosynthesisspe\n|turn|1\n|c|\u2606SwampCorner|mb forgot to accept ots\n|c|\u2606Buildozzo|np\n|c|\u2606SwampCorner|!showteam hidestats\n|c| SwampCorner|\/raw View team<\/summary>Flutter Mane @ Booster Energy Ability: Protosynthesis Level: 50 Tera Type: Fairy - Moonblast - Dazzling Gleam - Shadow Ball - Protect Iron Bundle @ Choice Specs Ability: Quark Drive Level: 50 Tera Type: Ice - Blizzard - Freeze-Dry - Hydro Pump - Sleep Talk Abomasnow @ Focus Sash Ability: Snow Warning Level: 50 Tera Type: Water - Blizzard - Leaf Storm - Aurora Veil - Helping Hand Dragonite @ Choice Band Ability: Multiscale Level: 50 Tera Type: Normal - Extreme Speed - Facade - Aqua Jet - Outrage Arcanine @ Safety Goggles Ability: Intimidate Level: 50 Tera Type: Flying - Flare Blitz - Extreme Speed - Will-O-Wisp - Protect Amoonguss @ Sitrus Berry Ability: Regenerator Level: 50 Tera Type: Water - Spore - Rage Powder - Pollen Puff - Protect <\/details><\/div>\n|c|\u2606SwampCorner|just do that\n|\n|t:|1683822313\n|-terastallize|p1a: Flutter Mane|Fairy\n|-terastallize|p2a: Iron Hands|Fire\n|move|p1b: Amoonguss|Protect|p1b: Amoonguss\n|-singleturn|p1b: Amoonguss|Protect\n|move|p1a: Flutter Mane|Moonblast|p2a: Iron Hands\n|-resisted|p2a: Iron Hands\n|-damage|p2a: Iron Hands|86\/100\n|move|p2b: Arcanine|Flare Blitz|p1b: Amoonguss\n|-activate|p1b: Amoonguss|move: Protect\n|move|p2a: Iron Hands|Wild Charge|p1a: Flutter Mane\n|-damage|p1a: Flutter Mane|25\/100\n|-damage|p2a: Iron Hands|73\/100|[from] Recoil\n|\n|upkeep\n|turn|2\n|\n|t:|1683822337\n|move|p1a: Flutter Mane|Protect|p1a: Flutter Mane\n|-singleturn|p1a: Flutter Mane|Protect\n|move|p2b: Arcanine|Flare Blitz|p1b: Amoonguss\n|-supereffective|p1b: Amoonguss\n|-damage|p1b: Amoonguss|23\/100\n|-enditem|p1b: Amoonguss|Sitrus Berry|[eat]\n|-heal|p1b: Amoonguss|48\/100|[from] item: Sitrus Berry\n|-damage|p2b: Arcanine|70\/100|[from] Recoil\n|move|p2a: Iron Hands|Wild Charge|p1b: Amoonguss\n|-resisted|p1b: Amoonguss\n|-damage|p1b: Amoonguss|27\/100\n|-damage|p2a: Iron Hands|69\/100|[from] Recoil\n|move|p1b: Amoonguss|Spore|p2a: Iron Hands\n|-status|p2a: Iron Hands|slp|[from] move: Spore\n|\n|upkeep\n|turn|3\n|j| Litoo22\n|l| Litoo22\n|\n|t:|1683822371\n|-end|p1a: Flutter Mane|Protosynthesis|[silent]\n|switch|p1a: Iron Bundle|Iron Bundle, L50|100\/100\n|move|p2b: Arcanine|Extreme Speed|p1a: Iron Bundle\n|-crit|p1a: Iron Bundle\n|-damage|p1a: Iron Bundle|59\/100\n|cant|p2a: Iron Hands|slp\n|move|p1b: Amoonguss|Pollen Puff|p1a: Iron Bundle\n|-heal|p1a: Iron Bundle|100\/100\n|\n|upkeep\n|turn|4\n|\n|t:|1683822395\n|switch|p1b: Abomasnow|Abomasnow, L50, M|100\/100\n|-weather|Snow|[from] ability: Snow Warning|[of] p1b: Abomasnow\n|move|p2b: Arcanine|Protect|p2b: Arcanine\n|-singleturn|p2b: Arcanine|Protect\n|move|p1a: Iron Bundle|Hydro Pump|p2a: Iron Hands\n|-supereffective|p2a: Iron Hands\n|-damage|p2a: Iron Hands|0 fnt\n|faint|p2a: Iron Hands\n|-end|p2a: Iron Hands|Quark Drive|[silent]\n|\n|-weather|Snow|[upkeep]\n|upkeep\n|\n|t:|1683822410\n|switch|p2a: Iron Bundle|Iron Bundle, L50|100\/100\n|-enditem|p2a: Iron Bundle|Booster Energy\n|-activate|p2a: Iron Bundle|ability: Quark Drive|[fromitem]\n|-start|p2a: Iron Bundle|quarkdrivespe\n|turn|5\n|\n|t:|1683822420\n|move|p2a: Iron Bundle|Icy Wind|p1a: Iron Bundle|[spread] p1a,p1b\n|-resisted|p1a: Iron Bundle\n|-damage|p1a: Iron Bundle|91\/100\n|-damage|p1b: Abomasnow|79\/100\n|-unboost|p1a: Iron Bundle|spe|1\n|-unboost|p1b: Abomasnow|spe|1\n|move|p2b: Arcanine|Flare Blitz|p1b: Abomasnow\n|-supereffective|p1b: Abomasnow\n|-damage|p1b: Abomasnow|0 fnt\n|faint|p1b: Abomasnow\n|-damage|p2b: Arcanine|43\/100|[from] Recoil\n|move|p1a: Iron Bundle|Hydro Pump|p2b: Arcanine\n|-supereffective|p2b: Arcanine\n|-damage|p2b: Arcanine|0 fnt\n|faint|p2b: Arcanine\n|\n|-weather|Snow|[upkeep]\n|upkeep\n|\n|t:|1683822435\n|switch|p2b: Flutter Mane|Flutter Mane, L50|100\/100\n|switch|p1b: Amoonguss|Amoonguss, L50, M|60\/100\n|turn|6\n|\n|t:|1683822452\n|-end|p1a: Iron Bundle|Quark Drive|[silent]\n|switch|p1a: Flutter Mane|Flutter Mane, L50, tera:Fairy|25\/100\n|move|p1b: Amoonguss|Protect|p1b: Amoonguss\n|-singleturn|p1b: Amoonguss|Protect\n|move|p2a: Iron Bundle|Freeze-Dry|p1b: Amoonguss\n|-activate|p1b: Amoonguss|move: Protect\n|move|p2b: Flutter Mane|Power Gem|p1a: Flutter Mane\n|-damage|p1a: Flutter Mane|0 fnt\n|faint|p1a: Flutter Mane\n|-end|p1a: Flutter Mane|Protosynthesis|[silent]\n|\n|-weather|Snow|[upkeep]\n|upkeep\n|\n|t:|1683822461\n|switch|p1a: Iron Bundle|Iron Bundle, L50|91\/100\n|turn|7\n|\n|t:|1683822477\n|move|p1b: Amoonguss|Rage Powder|p1b: Amoonguss\n|-singleturn|p1b: Amoonguss|move: Rage Powder\n|move|p2a: Iron Bundle|Freeze-Dry|p1b: Amoonguss\n|-supereffective|p1b: Amoonguss\n|-damage|p1b: Amoonguss|0 fnt\n|faint|p1b: Amoonguss\n|move|p1a: Iron Bundle|Blizzard|p2b: Flutter Mane|[spread] p2a,p2b\n|-resisted|p2a: Iron Bundle\n|-damage|p2a: Iron Bundle|71\/100\n|-damage|p2b: Flutter Mane|39\/100\n|move|p2b: Flutter Mane|Power Gem|p1a: Iron Bundle\n|-supereffective|p1a: Iron Bundle\n|-damage|p1a: Iron Bundle|0 fnt\n|faint|p1a: Iron Bundle\n|-end|p1a: Iron Bundle|Quark Drive|[silent]\n|\n|win|Buildozzo\n|raw|SwampCorner's rating: 1321 → 1304<\/strong> (-17 for losing)\n|raw|Buildozzo's rating: 1382 → 1399<\/strong> (+17 for winning)\n","uploadtime":1683822490,"views":8,"p1id":"swampcorner","p2id":"buildozzo","formatid":"gen9vgc2023regulationc","rating":1304,"private":0,"password":""}