{"id":"gen9vgc2023regulationc-1845211342","p1":"Some_Nerd95","p2":"hydreigon_chelas","format":"[Gen 9] VGC 2023 Regulation C","log":"|j|\u2606Some_Nerd95\n|j|\u2606hydreigon_chelas\n|t:|1681696908\n|gametype|doubles\n|player|p1|Some_Nerd95|supernerd|1240\n|player|p2|hydreigon_chelas|iris-gen5bw2|1321\n|teamsize|p1|6\n|teamsize|p2|6\n|gen|9\n|tier|[Gen 9] VGC 2023 Regulation C\n|rated|\n|rule|Species Clause: Limit one of each Pok\u00e9mon\n|rule|Item Clause: Limit one of each item\n|clearpoke\n|poke|p1|Iron Bundle, L50|\n|poke|p1|Flutter Mane, L50|\n|poke|p1|Breloom, L50, F|\n|poke|p1|Maushold-Four, L50|\n|poke|p1|Roaring Moon, L50|\n|poke|p1|Scizor, L50, M|\n|poke|p2|Dragapult, L50, F|\n|poke|p2|Amoonguss, L50, M|\n|poke|p2|Chien-Pao, L50|\n|poke|p2|Flutter Mane, L50|\n|poke|p2|Arcanine, L50, F|\n|poke|p2|Palafin, L50, M|\n|teampreview|4\n|\n|t:|1681696932\n|start\n|switch|p1a: Iron Bundle|Iron Bundle, L50|100\/100\n|switch|p1b: Fruit of the Loom|Breloom, L50, F|100\/100\n|switch|p2a: Arcanine|Arcanine, L50, F|100\/100\n|switch|p2b: Palafin|Palafin, L50, M|100\/100\n|-ability|p2a: Arcanine|Intimidate|boost\n|-unboost|p1a: Iron Bundle|atk|1\n|-unboost|p1b: Fruit of the Loom|atk|1\n|turn|1\n|\n|t:|1681696965\n|-terastallize|p1b: Fruit of the Loom|Water\n|move|p2b: Palafin|Protect|p2b: Palafin\n|-singleturn|p2b: Palafin|Protect\n|move|p1a: Iron Bundle|Freeze-Dry|p2b: Palafin\n|-activate|p2b: Palafin|move: Protect\n|move|p2a: Arcanine|Snarl|p1b: Fruit of the Loom|[spread] p1a,p1b\n|-damage|p1a: Iron Bundle|83\/100\n|-damage|p1b: Fruit of the Loom|87\/100\n|-unboost|p1a: Iron Bundle|spa|1\n|-unboost|p1b: Fruit of the Loom|spa|1\n|move|p1b: Fruit of the Loom|Spore|p2b: Palafin\n|-activate|p2b: Palafin|move: Protect\n|\n|upkeep\n|turn|2\n|\n|t:|1681696985\n|detailschange|p2b: Palafin|Palafin-Hero, L50, M\n|switch|p2b: Amoonguss|Amoonguss, L50, M|100\/100\n|move|p1a: Iron Bundle|Freeze-Dry|p2b: Amoonguss\n|-supereffective|p2b: Amoonguss\n|-damage|p2b: Amoonguss|62\/100\n|move|p2a: Arcanine|Snarl|p1a: Iron Bundle|[spread] p1b\n|-miss|p2a: Arcanine|p1a: Iron Bundle\n|-damage|p1b: Fruit of the Loom|73\/100\n|-unboost|p1b: Fruit of the Loom|spa|1\n|move|p1b: Fruit of the Loom|Spore|p2b: Amoonguss\n|-immune|p2b: Amoonguss\n|\n|upkeep\n|turn|3\n|\n|t:|1681697021\n|move|p1b: Fruit of the Loom|Protect|p1b: Fruit of the Loom\n|-singleturn|p1b: Fruit of the Loom|Protect\n|move|p2b: Amoonguss|Protect|p2b: Amoonguss\n|-singleturn|p2b: Amoonguss|Protect\n|move|p1a: Iron Bundle|Icy Wind|p2b: Amoonguss|[spread] p2a\n|-activate|p2b: Amoonguss|move: Protect\n|-resisted|p2a: Arcanine\n|-damage|p2a: Arcanine|93\/100\n|-unboost|p2a: Arcanine|spe|1\n|move|p2a: Arcanine|Snarl|p1b: Fruit of the Loom|[spread] p1a\n|-activate|p1b: Fruit of the Loom|move: Protect\n|-damage|p1a: Iron Bundle|67\/100\n|-unboost|p1a: Iron Bundle|spa|1\n|\n|upkeep\n|turn|4\n|\n|t:|1681697055\n|-end|p1a: Iron Bundle|Quark Drive|[silent]\n|switch|p1a: Salamence Light|Roaring Moon, L50|100\/100\n|-enditem|p1a: Salamence Light|Booster Energy\n|-activate|p1a: Salamence Light|ability: Protosynthesis|[fromitem]\n|-start|p1a: Salamence Light|protosynthesisatk\n|move|p1b: Fruit of the Loom|Mach Punch|p2a: Arcanine\n|-damage|p2a: Arcanine|65\/100\n|move|p2a: Arcanine|Flare Blitz|p1a: Salamence Light\n|-resisted|p1a: Salamence Light\n|-damage|p1a: Salamence Light|72\/100\n|-damage|p2a: Arcanine|56\/100|[from] Recoil\n|move|p2b: Amoonguss|Spore|p1b: Fruit of the Loom\n|-status|p1b: Fruit of the Loom|slp|[from] move: Spore\n|\n|upkeep\n|turn|5\n|\n|t:|1681697100\n|-terastallize|p2b: Amoonguss|Water\n|cant|p1b: Fruit of the Loom|slp\n|move|p2b: Amoonguss|Rage Powder|p2b: Amoonguss\n|-singleturn|p2b: Amoonguss|move: Rage Powder\n|move|p1a: Salamence Light|Acrobatics|p2b: Amoonguss\n|-damage|p2b: Amoonguss|17\/100\n|-enditem|p2b: Amoonguss|Sitrus Berry|[eat]\n|-heal|p2b: Amoonguss|42\/100|[from] item: Sitrus Berry\n|move|p2a: Arcanine|Will-O-Wisp|p1a: Salamence Light\n|-status|p1a: Salamence Light|brn\n|\n|-damage|p1a: Salamence Light|66\/100 brn|[from] brn\n|upkeep\n|turn|6\n|\n|t:|1681697147\n|cant|p1b: Fruit of the Loom|slp\n|move|p1a: Salamence Light|Dragon Claw|p2b: Amoonguss\n|-damage|p2b: Amoonguss|16\/100\n|move|p2a: Arcanine|Flare Blitz|p1a: Salamence Light\n|-resisted|p1a: Salamence Light\n|-damage|p1a: Salamence Light|35\/100 brn\n|-damage|p2a: Arcanine|47\/100|[from] Recoil\n|move|p2b: Amoonguss|Pollen Puff|p2a: Arcanine\n|-heal|p2a: Arcanine|96\/100\n|\n|-damage|p1a: Salamence Light|29\/100 brn|[from] brn\n|upkeep\n|turn|7\n|\n|t:|1681697170\n|move|p2b: Amoonguss|Protect|p2b: Amoonguss\n|-singleturn|p2b: Amoonguss|Protect\n|-curestatus|p1b: Fruit of the Loom|slp|[msg]\n|move|p1b: Fruit of the Loom|Mach Punch|p2b: Amoonguss\n|-activate|p2b: Amoonguss|move: Protect\n|move|p1a: Salamence Light|Tailwind|p1a: Salamence Light\n|-sidestart|p1: Some_Nerd95|move: Tailwind\n|move|p2a: Arcanine|Flare Blitz|p1a: Salamence Light\n|-resisted|p1a: Salamence Light\n|-damage|p1a: Salamence Light|0 fnt\n|faint|p1a: Salamence Light\n|-end|p1a: Salamence Light|Protosynthesis|[silent]\n|-damage|p2a: Arcanine|88\/100|[from] Recoil\n|\n|upkeep\n|\n|t:|1681697186\n|switch|p1a: Iron Bundle|Iron Bundle, L50|67\/100\n|turn|8\n|\n|t:|1681697233\n|move|p2b: Amoonguss|Rage Powder|p2b: Amoonguss\n|-singleturn|p2b: Amoonguss|move: Rage Powder\n|move|p1b: Fruit of the Loom|Mach Punch|p2b: Amoonguss\n|-damage|p2b: Amoonguss|0 fnt\n|faint|p2b: Amoonguss\n|move|p1a: Iron Bundle|Hydro Pump|p2a: Arcanine\n|-supereffective|p2a: Arcanine\n|-damage|p2a: Arcanine|0 fnt\n|faint|p2a: Arcanine\n|\n|upkeep\n|\n|t:|1681697244\n|switch|p2a: Palafin|Palafin-Hero, L50, M|100\/100\n|switch|p2b: Chien-Pao|Chien-Pao, L50|100\/100\n|-ability|p2b: Chien-Pao|Sword of Ruin\n|-activate|p2a: Palafin|ability: Zero to Hero\n|turn|9\n|\n|t:|1681697265\n|move|p2b: Chien-Pao|Protect|p2b: Chien-Pao\n|-singleturn|p2b: Chien-Pao|Protect\n|move|p2a: Palafin|Protect|p2a: Palafin\n|-singleturn|p2a: Palafin|Protect\n|move|p1b: Fruit of the Loom|Mach Punch|p2b: Chien-Pao\n|-activate|p2b: Chien-Pao|move: Protect\n|move|p1a: Iron Bundle|Freeze-Dry|p2a: Palafin\n|-activate|p2a: Palafin|move: Protect\n|\n|upkeep\n|turn|10\n|\n|t:|1681697287\n|move|p1b: Fruit of the Loom|Mach Punch|p2b: Chien-Pao\n|-supereffective|p2b: Chien-Pao\n|-crit|p2b: Chien-Pao\n|-enditem|p2b: Chien-Pao|Focus Sash\n|-damage|p2b: Chien-Pao|1\/100\n|move|p1a: Iron Bundle|Freeze-Dry|p2a: Palafin\n|-supereffective|p2a: Palafin\n|-damage|p2a: Palafin|30\/100\n|move|p2b: Chien-Pao|Sacred Sword|p1a: Iron Bundle\n|-supereffective|p1a: Iron Bundle\n|-damage|p1a: Iron Bundle|0 fnt\n|faint|p1a: Iron Bundle\n|-end|p1a: Iron Bundle|Quark Drive|[silent]\n|move|p2a: Palafin|Wave Crash|p1b: Fruit of the Loom\n|-resisted|p1b: Fruit of the Loom\n|-damage|p1b: Fruit of the Loom|0 fnt\n|faint|p1b: Fruit of the Loom\n|-damage|p2a: Palafin|12\/100|[from] Recoil\n|\n|-sideend|p1: Some_Nerd95|move: Tailwind\n|upkeep\n|\n|t:|1681697307\n|switch|p1b: Skizor|Scizor, L50, M|100\/100\n|turn|11\n|\n|t:|1681697320\n|move|p2b: Chien-Pao|Sucker Punch|p1b: Skizor\n|-crit|p1b: Skizor\n|-damage|p1b: Skizor|23\/100\n|-enditem|p1b: Skizor|Iapapa Berry|[eat]\n|-heal|p1b: Skizor|56\/100|[from] item: Iapapa Berry\n|move|p1b: Skizor|Bullet Punch|p2a: Palafin\n|-resisted|p2a: Palafin\n|-damage|p2a: Palafin|0 fnt\n|faint|p2a: Palafin\n|\n|upkeep\n|turn|12\n|\n|t:|1681697332\n|move|p2b: Chien-Pao|Sucker Punch||[still]\n|-fail|p2b: Chien-Pao\n|move|p1b: Skizor|Swords Dance|p1b: Skizor\n|-boost|p1b: Skizor|atk|2\n|\n|upkeep\n|turn|13\n|\n|t:|1681697342\n|move|p2b: Chien-Pao|Sucker Punch||[still]\n|-fail|p2b: Chien-Pao\n|move|p1b: Skizor|Swords Dance|p1b: Skizor\n|-boost|p1b: Skizor|atk|2\n|\n|upkeep\n|turn|14\n|\n|t:|1681697354\n|move|p2b: Chien-Pao|Sacred Sword|p1b: Skizor\n|-damage|p1b: Skizor|17\/100\n|move|p1b: Skizor|Swords Dance|p1b: Skizor\n|-boost|p1b: Skizor|atk|2\n|\n|upkeep\n|turn|15\n|\n|t:|1681697374\n|move|p2b: Chien-Pao|Sucker Punch|p1b: Skizor\n|-damage|p1b: Skizor|0 fnt\n|faint|p1b: Skizor\n|\n|win|hydreigon_chelas\n|raw|Some_Nerd95's rating: 1240 → 1221<\/strong> (-19 for losing)\n|raw|hydreigon_chelas's rating: 1321 → 1336<\/strong> (+15 for winning)\n|c|\u2606Some_Nerd95|gg\n","uploadtime":1681697382,"views":10,"p1id":"somenerd95","p2id":"hydreigonchelas","formatid":"gen9vgc2023regulationc","rating":1221,"private":0,"password":""}