{"id":"gen9vgc2023regulationc-1859156778","p1":"BIGHAXORUSFAN147","p2":"XZacLee","format":"[Gen 9] VGC 2023 Regulation C","log":"|j|\u2606BIGHAXORUSFAN147\n|j|\u2606XZacLee\n|t:|1683411374\n|gametype|doubles\n|player|p1|BIGHAXORUSFAN147|grimsley-masters|1545\n|player|p2|XZacLee|larry|1531\n|teamsize|p1|6\n|teamsize|p2|6\n|gen|9\n|tier|[Gen 9] VGC 2023 Regulation C\n|rated|\n|rule|Species Clause: Limit one of each Pok\u00e9mon\n|rule|Item Clause: Limit one of each item\n|clearpoke\n|poke|p1|Kingambit, L50, M|\n|poke|p1|Dragonite, L50, M|\n|poke|p1|Palafin, L50, M|\n|poke|p1|Amoonguss, L50, M|\n|poke|p1|Arcanine, L50, M|\n|poke|p1|Flutter Mane, L50|\n|poke|p2|Flutter Mane, L50|\n|poke|p2|Murkrow, L50, M|\n|poke|p2|Great Tusk, L50|\n|poke|p2|Chi-Yu, L50|\n|poke|p2|Brute Bonnet, L50|\n|poke|p2|Gholdengo, L50|\n|teampreview|4\nXZacLee has agreed to open team sheets.\nBIGHAXORUSFAN147 has agreed to open team sheets.\n|\n|t:|1683411420\n|start\n|switch|p1a: Zoro|Dragonite, L50, M, shiny|100\/100\n|switch|p1b: Jinbe|Palafin, L50, M, shiny|100\/100\n|switch|p2a: Gholdengo|Gholdengo, L50|100\/100\n|switch|p2b: Murkrow|Murkrow, L50, M|100\/100\n|turn|1\n|\n|t:|1683411438\n|-terastallize|p1b: Jinbe|Water\n|move|p1a: Zoro|Extreme Speed|p2b: Murkrow\n|-damage|p2b: Murkrow|68\/100\n|move|p1b: Jinbe|Jet Punch|p2b: Murkrow\n|-damage|p2b: Murkrow|30\/100\n|move|p2b: Murkrow|Sunny Day|p2b: Murkrow\n|-weather|SunnyDay\n|move|p2a: Gholdengo|Nasty Plot|p2a: Gholdengo\n|-boost|p2a: Gholdengo|spa|2\n|\n|-weather|SunnyDay|[upkeep]\n|upkeep\n|turn|2\n|j| Therazer456\n|j| observ\n|\n|t:|1683411478\n|switch|p2b: Flutter Mane|Flutter Mane, L50|100\/100\n|-activate|p2b: Flutter Mane|ability: Protosynthesis\n|-start|p2b: Flutter Mane|protosynthesisspe\n|move|p1a: Zoro|Extreme Speed|p2b: Flutter Mane\n|-immune|p2b: Flutter Mane\n|move|p1b: Jinbe|Haze|p1b: Jinbe\n|-clearallboost\n|move|p2a: Gholdengo|Nasty Plot|p2a: Gholdengo\n|-boost|p2a: Gholdengo|spa|2\n|\n|-weather|SunnyDay|[upkeep]\n|upkeep\n|turn|3\n|\n|t:|1683411508\n|detailschange|p1b: Jinbe|Palafin-Hero, L50, M, shiny, tera:Water\n|switch|p1b: Sakazuki|Arcanine, L50, M|100\/100\n|-ability|p1b: Sakazuki|Intimidate|boost\n|-unboost|p2a: Gholdengo|atk|1\n|-unboost|p2b: Flutter Mane|atk|1\n|move|p2b: Flutter Mane|Dazzling Gleam|p1a: Zoro|[spread] p1a,p1b\n|-supereffective|p1a: Zoro\n|-resisted|p1b: Sakazuki\n|-damage|p1a: Zoro|72\/100\n|-damage|p1b: Sakazuki|78\/100\n|move|p1a: Zoro|Ice Spinner|p2b: Flutter Mane\n|-damage|p2b: Flutter Mane|45\/100\n|move|p2a: Gholdengo|Make It Rain|p1a: Zoro|[spread] p1a,p1b\n|-resisted|p1b: Sakazuki\n|-crit|p1b: Sakazuki\n|-damage|p1a: Zoro|8\/100\n|-damage|p1b: Sakazuki|2\/100\n|-unboost|p2a: Gholdengo|spa|1\n|\n|-weather|SunnyDay|[upkeep]\n|upkeep\n|turn|4\n|\n|t:|1683411542\n|switch|p2a: Murkrow|Murkrow, L50, M|30\/100\n|move|p2b: Flutter Mane|Dazzling Gleam|p1a: Zoro|[spread] p1a,p1b\n|-supereffective|p1a: Zoro\n|-resisted|p1b: Sakazuki\n|-damage|p1a: Zoro|0 fnt\n|-damage|p1b: Sakazuki|0 fnt\n|faint|p1a: Zoro\n|faint|p1b: Sakazuki\n|\n|-weather|SunnyDay|[upkeep]\n|upkeep\n|\n|t:|1683411548\n|switch|p1b: Mihawk|Kingambit, L50, M|100\/100\n|switch|p1a: Jinbe|Palafin-Hero, L50, M, shiny, tera:Water|100\/100\n|-activate|p1a: Jinbe|ability: Zero to Hero\n|turn|5\n|\n|t:|1683411562\n|move|p1a: Jinbe|Jet Punch|p2a: Murkrow\n|-damage|p2a: Murkrow|0 fnt\n|faint|p2a: Murkrow\n|move|p1b: Mihawk|Sucker Punch|p2b: Flutter Mane\n|-damage|p2b: Flutter Mane|0 fnt\n|faint|p2b: Flutter Mane\n|-end|p2b: Flutter Mane|Protosynthesis|[silent]\n|\n|-weather|none\n|upkeep\n|\n|t:|1683411566\n|switch|p2b: Gholdengo|Gholdengo, L50|100\/100\n|switch|p2a: Great Tusk|Great Tusk, L50|100\/100\n|turn|6\n|\n|t:|1683411626\n|-terastallize|p2a: Great Tusk|Steel\n|move|p1b: Mihawk|Protect|p1b: Mihawk\n|-singleturn|p1b: Mihawk|Protect\n|move|p2a: Great Tusk|Close Combat|p1b: Mihawk\n|-activate|p1b: Mihawk|move: Protect\n|move|p1a: Jinbe|Wave Crash|p2a: Great Tusk\n|-damage|p2a: Great Tusk|0 fnt\n|faint|p2a: Great Tusk\n|-end|p2a: Great Tusk|Protosynthesis|[silent]\n|-damage|p1a: Jinbe|69\/100|[from] Recoil\n|move|p2b: Gholdengo|Nasty Plot|p2b: Gholdengo\n|-boost|p2b: Gholdengo|spa|2\n|\n|upkeep\n|turn|7\n|\n|t:|1683411645\n|move|p1a: Jinbe|Haze|p1a: Jinbe\n|-clearallboost\n|move|p2b: Gholdengo|Make It Rain|p1a: Jinbe|[spread] p1a,p1b\n|-resisted|p1a: Jinbe\n|-resisted|p1b: Mihawk\n|-damage|p1a: Jinbe|43\/100\n|-damage|p1b: Mihawk|75\/100\n|-unboost|p2b: Gholdengo|spa|1\n|move|p1b: Mihawk|Kowtow Cleave|p2b: Gholdengo\n|-supereffective|p2b: Gholdengo\n|-crit|p2b: Gholdengo\n|-damage|p2b: Gholdengo|0 fnt\n|faint|p2b: Gholdengo\n|\n|win|BIGHAXORUSFAN147\n|raw|BIGHAXORUSFAN147's rating: 1545 → 1564<\/strong> (+19 for winning)\n|raw|XZacLee's rating: 1531 → 1512<\/strong> (-19 for losing)\n|l|\u2606XZacLee\n","uploadtime":1683411655,"views":11,"p1id":"bighaxorusfan147","p2id":"xzaclee","formatid":"gen9vgc2023regulationc","rating":1512,"private":0,"password":""}