{"id":"gen9vgc2023regulationc-1852588973","p1":"Ujujyhh","p2":"Just_SamueIe","format":"[Gen 9] VGC 2023 Regulation C","log":"|j|\u2606Ujujyhh\n|j|\u2606Just_SamueIe\n|t:|1682581292\n|gametype|doubles\n|player|p1|Ujujyhh|170|1311\n|player|p2|Just_SamueIe|chase|1286\n|teamsize|p1|6\n|teamsize|p2|6\n|gen|9\n|tier|[Gen 9] VGC 2023 Regulation C\n|rated|\n|rule|Species Clause: Limit one of each Pok\u00e9mon\n|rule|Item Clause: Limit one of each item\n|clearpoke\n|poke|p1|Amoonguss, L50, F|\n|poke|p1|Palafin, L50, M|\n|poke|p1|Arcanine, L50, M|\n|poke|p1|Flutter Mane, L50|\n|poke|p1|Ting-Lu, L50|\n|poke|p1|Kingambit, L50, F|\n|poke|p2|Ceruledge, L50, M|\n|poke|p2|Flutter Mane, L50|\n|poke|p2|Dragapult, L50, M|\n|poke|p2|Klefki, L50, M|\n|poke|p2|Chien-Pao, L50|\n|poke|p2|Arcanine, L50, F|\n|teampreview|4\n|\n|t:|1682581325\n|start\n|switch|p1a: Flutter Mane|Flutter Mane, L50, shiny|100\/100\n|switch|p1b: Amoonguss|Amoonguss, L50, F, shiny|100\/100\n|switch|p2a: Ceruledge|Ceruledge, L50, M, shiny|100\/100\n|switch|p2b: Klefki|Klefki, L50, M|100\/100\n|-enditem|p1a: Flutter Mane|Booster Energy\n|-activate|p1a: Flutter Mane|ability: Protosynthesis|[fromitem]\n|-start|p1a: Flutter Mane|protosynthesisspa\n|turn|1\n|inactive|Battle timer is ON: inactive players will automatically lose when time's up. (requested by Ujujyhh)\n|\n|t:|1682581341\n|switch|p2b: Chien-Pao|Chien-Pao, L50|100\/100\n|-ability|p2b: Chien-Pao|Sword of Ruin\n|-terastallize|p2a: Ceruledge|Grass\n|move|p1b: Amoonguss|Rage Powder|p1b: Amoonguss\n|-singleturn|p1b: Amoonguss|move: Rage Powder\n|move|p2a: Ceruledge|Shadow Sneak|p1a: Flutter Mane\n|-supereffective|p1a: Flutter Mane\n|-damage|p1a: Flutter Mane|0 fnt\n|faint|p1a: Flutter Mane\n|-end|p1a: Flutter Mane|Protosynthesis|[silent]\n|\n|upkeep\n|inactive|Ujujyhh has 30 seconds left.\n|\n|t:|1682581369\n|switch|p1a: Arcanine|Arcanine, L50, M, shiny|100\/100\n|-ability|p1a: Arcanine|Intimidate|boost\n|-fail|p2a: Ceruledge|unboost|[from] item: Clear Amulet|[of] p2a: Ceruledge\n|-unboost|p2b: Chien-Pao|atk|1\n|turn|2\n|inactive|Just_SamueIe has 30 seconds left.\n|\n|t:|1682581395\n|move|p2b: Chien-Pao|Ice Spinner|p1b: Amoonguss\n|-supereffective|p1b: Amoonguss\n|-damage|p1b: Amoonguss|46\/100\n|-enditem|p1b: Amoonguss|Sitrus Berry|[eat]\n|-heal|p1b: Amoonguss|70\/100|[from] item: Sitrus Berry\n|move|p1a: Arcanine|Flare Blitz|p2b: Chien-Pao\n|-supereffective|p2b: Chien-Pao\n|-enditem|p2b: Chien-Pao|Focus Sash\n|-damage|p2b: Chien-Pao|1\/100\n|-damage|p1a: Arcanine|75\/100|[from] Recoil\n|move|p2a: Ceruledge|Bulk Up|p2a: Ceruledge\n|-boost|p2a: Ceruledge|atk|1\n|-boost|p2a: Ceruledge|def|1\n|move|p1b: Amoonguss|Pollen Puff|p2b: Chien-Pao\n|-supereffective|p2b: Chien-Pao\n|-damage|p2b: Chien-Pao|0 fnt\n|faint|p2b: Chien-Pao\n|\n|upkeep\n|\n|t:|1682581412\n|switch|p2b: Klefki|Klefki, L50, M|100\/100\n|turn|3\n|\n|t:|1682581426\n|move|p2b: Klefki|Reflect|p2b: Klefki\n|-sidestart|p2: Just_SamueIe|Reflect\n|move|p1a: Arcanine|Howl|p1a: Arcanine|[spread] p1a,p1b\n|-boost|p1a: Arcanine|atk|1\n|-boost|p1b: Amoonguss|atk|1\n|move|p2a: Ceruledge|Bitter Blade|p1b: Amoonguss\n|-supereffective|p1b: Amoonguss\n|-damage|p1b: Amoonguss|0 fnt\n|faint|p1b: Amoonguss\n|\n|upkeep\n|\n|t:|1682581432\n|switch|p1b: Kingambit|Kingambit, L50, F|100\/100\n|turn|4\n|\n|t:|1682581444\n|-terastallize|p1b: Kingambit|Dark\n|move|p2b: Klefki|Thunder Wave|p1a: Arcanine\n|-status|p1a: Arcanine|par\n|move|p2a: Ceruledge|Bitter Blade|p1b: Kingambit\n|-damage|p1b: Kingambit|44\/100\n|move|p1b: Kingambit|Kowtow Cleave|p2a: Ceruledge\n|-damage|p2a: Ceruledge|61\/100\n|move|p1a: Arcanine|Howl|p1a: Arcanine|[spread] p1a,p1b\n|-boost|p1a: Arcanine|atk|1\n|-boost|p1b: Kingambit|atk|1\n|\n|upkeep\n|turn|5\n|inactive|Ujujyhh has 30 seconds left.\n|\n|t:|1682581469\n|move|p1b: Kingambit|Protect|p1b: Kingambit\n|-singleturn|p1b: Kingambit|Protect\n|move|p1a: Arcanine|Extreme Speed|p2a: Ceruledge\n|-damage|p2a: Ceruledge|37\/100\n|move|p2a: Ceruledge|Bitter Blade|p1b: Kingambit\n|-activate|p1b: Kingambit|move: Protect\n|move|p2b: Klefki|Foul Play|p1a: Arcanine\n|-damage|p1a: Arcanine|22\/100 par\n|\n|upkeep\n|turn|6\n|\n|t:|1682581485\n|move|p1a: Arcanine|Extreme Speed|p2a: Ceruledge\n|-damage|p2a: Ceruledge|12\/100\n|move|p1b: Kingambit|Sucker Punch|p2a: Ceruledge\n|-damage|p2a: Ceruledge|0 fnt\n|faint|p2a: Ceruledge\n|move|p2b: Klefki|Foul Play|p1a: Arcanine\n|-damage|p1a: Arcanine|0 fnt\n|faint|p1a: Arcanine\n|\n|upkeep\n|\n|t:|1682581493\n|switch|p2a: Flutter Mane|Flutter Mane, L50|100\/100\n|turn|7\n|\n|t:|1682581499\n|move|p1b: Kingambit|Protect|p1b: Kingambit\n|-singleturn|p1b: Kingambit|Protect\n|move|p2a: Flutter Mane|Moonblast|p1b: Kingambit\n|-activate|p1b: Kingambit|move: Protect\n|move|p2b: Klefki|Foul Play|p1b: Kingambit\n|-activate|p1b: Kingambit|move: Protect\n|\n|upkeep\n|turn|8\n|c|\u2606Just_SamueIe|gg :)\n|inactive|Ujujyhh has 30 seconds left.\n|inactive|Ujujyhh has 20 seconds left.\n|\n|t:|1682581539\n|move|p1b: Kingambit|Sucker Punch|p2a: Flutter Mane\n|-damage|p2a: Flutter Mane|0 fnt\n|faint|p2a: Flutter Mane\n|-end|p2a: Flutter Mane|Protosynthesis|[silent]\n|move|p2b: Klefki|Foul Play|p1b: Kingambit\n|-resisted|p1b: Kingambit\n|-damage|p1b: Kingambit|22\/100\n|\n|upkeep\n|turn|9\n|c|\u2606Ujujyhh|Bot\n|c|\u2606Ujujyhh|*not yet\n|\n|t:|1682581551\n|move|p1b: Kingambit|Protect|p1b: Kingambit\n|-singleturn|p1b: Kingambit|Protect\n|move|p2b: Klefki|Foul Play|p1b: Kingambit\n|-activate|p1b: Kingambit|move: Protect\n|\n|upkeep\n|turn|10\n|\n|t:|1682581555\n|move|p1b: Kingambit|Protect||[still]\n|-fail|p1b: Kingambit\n|move|p2b: Klefki|Foul Play|p1b: Kingambit\n|-resisted|p1b: Kingambit\n|-damage|p1b: Kingambit|3\/100\n|\n|-sideend|p2: Just_SamueIe|Reflect\n|upkeep\n|turn|11\n|\n|t:|1682581570\n|move|p2b: Klefki|Reflect|p2b: Klefki\n|-sidestart|p2: Just_SamueIe|Reflect\n|move|p1b: Kingambit|Iron Head|p2b: Klefki\n|-damage|p2b: Klefki|59\/100\n|\n|upkeep\n|turn|12\n|inactive|Ujujyhh has 30 seconds left.\n|\n|t:|1682581600\n|move|p1b: Kingambit|Sucker Punch|p2b: Klefki\n|-resisted|p2b: Klefki\n|-damage|p2b: Klefki|33\/100\n|move|p2b: Klefki|Foul Play|p1b: Kingambit\n|-resisted|p1b: Kingambit\n|-damage|p1b: Kingambit|0 fnt\n|faint|p1b: Kingambit\n|\n|win|Just_SamueIe\n|raw|Ujujyhh's rating: 1311 → 1290<\/strong> (-21 for losing)\n|raw|Just_SamueIe's rating: 1286 → 1313<\/strong> (+27 for winning)\n|l|\u2606Ujujyhh\n|c|\u2606Just_SamueIe|gg :)\n","uploadtime":1682581620,"views":11,"p1id":"ujujyhh","p2id":"justsamueie","formatid":"gen9vgc2023regulationc","rating":1290,"private":0,"password":""}