{"id":"gen9vgc2023regulationc-1857424718","p1":"zessozessozesso","p2":"Valency GL","format":"[Gen 9] VGC 2023 Regulation C","log":"|j|\u2606zessozessozesso\n|j|\u2606Valency GL\n|t:|1683191003\n|gametype|doubles\n|player|p1|zessozessozesso|170|1352\n|player|p2|Valency GL|266|1302\n|teamsize|p1|6\n|teamsize|p2|6\n|gen|9\n|tier|[Gen 9] VGC 2023 Regulation C\n|rated|\n|rule|Species Clause: Limit one of each Pok\u00e9mon\n|rule|Item Clause: Limit one of each item\n|clearpoke\n|poke|p1|Flutter Mane, L50|\n|poke|p1|Ting-Lu, L50|\n|poke|p1|Baxcalibur, L50, F|\n|poke|p1|Palafin, L50, F|\n|poke|p1|Arcanine, L50, M|\n|poke|p1|Amoonguss, L50, F|\n|poke|p2|Arcanine, L50, M|\n|poke|p2|Dragapult, L50, M|\n|poke|p2|Palafin, L50, M|\n|poke|p2|Ting-Lu, L50|\n|poke|p2|Ceruledge, L50, M|\n|poke|p2|Brute Bonnet, L50|\n|teampreview|4\n|inactive|Battle timer is ON: inactive players will automatically lose when time's up. (requested by zessozessozesso)\n|inactive|zessozessozesso has 60 seconds left.\n|\n|t:|1683191050\n|start\n|switch|p1a: Baxcalibur|Baxcalibur, L50, F|100\/100\n|switch|p1b: Amoonguss|Amoonguss, L50, F|100\/100\n|switch|p2a: Ceruledge|Ceruledge, L50, M, shiny|100\/100\n|switch|p2b: Brute Bonnet|Brute Bonnet, L50|100\/100\n|turn|1\n|inactive|Valency GL has 30 seconds left.\n|inactive|Valency GL has 20 seconds left.\n|inactive|Valency GL has 15 seconds left.\n|inactive|Valency GL has 10 seconds left.\n|\n|t:|1683191095\n|switch|p1b: Arcanine|Arcanine, L50, M|100\/100\n|-ability|p1b: Arcanine|Intimidate|boost\n|-fail|p2a: Ceruledge|unboost|[from] item: Clear Amulet|[of] p2a: Ceruledge\n|-unboost|p2b: Brute Bonnet|atk|1\n|-terastallize|p2a: Ceruledge|Steel\n|move|p1a: Baxcalibur|Protect|p1a: Baxcalibur\n|-singleturn|p1a: Baxcalibur|Protect\n|move|p2a: Ceruledge|Bulk Up|p2a: Ceruledge\n|-boost|p2a: Ceruledge|atk|1\n|-boost|p2a: Ceruledge|def|1\n|move|p2b: Brute Bonnet|Spore|p1b: Arcanine\n|-activate|p1b: Arcanine|item: Safety Goggles|Spore\n|\n|upkeep\n|turn|2\n|inactive|zessozessozesso has 30 seconds left.\n|inactive|Valency GL has 30 seconds left.\n|\n|t:|1683191129\n|-end|p2b: Brute Bonnet|Protosynthesis|[silent]\n|switch|p2b: Arcanine|Arcanine, L50, M|100\/100\n|-ability|p2b: Arcanine|Intimidate|boost\n|-fail|p1a: Baxcalibur|unboost|[from] item: Clear Amulet|[of] p1a: Baxcalibur\n|-unboost|p1b: Arcanine|atk|1\n|-terastallize|p1a: Baxcalibur|Water\n|move|p1b: Arcanine|Howl|p1b: Arcanine|[spread] p1a,p1b\n|-boost|p1a: Baxcalibur|atk|1\n|-boost|p1b: Arcanine|atk|1\n|move|p1a: Baxcalibur|Icicle Crash|p2b: Arcanine\n|-resisted|p2b: Arcanine\n|-damage|p2b: Arcanine|53\/100\n|move|p2a: Ceruledge|Bitter Blade|p1a: Baxcalibur\n|-resisted|p1a: Baxcalibur\n|-damage|p1a: Baxcalibur|72\/100\n|-ability|p1a: Baxcalibur|Thermal Exchange|boost\n|-boost|p1a: Baxcalibur|atk|1\n|\n|upkeep\n|turn|3\n|inactive|zessozessozesso has 30 seconds left.\n|inactive|Valency GL has 30 seconds left.\n|inactive|Valency GL has 20 seconds left.\n|inactive|Valency GL has 15 seconds left.\n|\n|t:|1683191173\n|move|p2b: Arcanine|Close Combat|p1a: Baxcalibur\n|-damage|p1a: Baxcalibur|40\/100\n|-unboost|p2b: Arcanine|def|1\n|-unboost|p2b: Arcanine|spd|1\n|move|p1b: Arcanine|Howl|p1b: Arcanine|[spread] p1a,p1b\n|-boost|p1a: Baxcalibur|atk|1\n|-boost|p1b: Arcanine|atk|1\n|move|p1a: Baxcalibur|Icicle Crash|p2a: Ceruledge\n|-resisted|p2a: Ceruledge\n|-damage|p2a: Ceruledge|46\/100\n|move|p2a: Ceruledge|Bitter Blade|p1b: Arcanine\n|-resisted|p1b: Arcanine\n|-damage|p1b: Arcanine|68\/100\n|-heal|p2a: Ceruledge|64\/100|[from] drain|[of] p1b: Arcanine\n|\n|upkeep\n|turn|4\n|\n|t:|1683191197\n|move|p1a: Baxcalibur|Protect|p1a: Baxcalibur\n|-singleturn|p1a: Baxcalibur|Protect\n|move|p2b: Arcanine|Close Combat|p1a: Baxcalibur\n|-activate|p1a: Baxcalibur|move: Protect\n|move|p1b: Arcanine|Flare Blitz|p2b: Arcanine\n|-resisted|p2b: Arcanine\n|-damage|p2b: Arcanine|0 fnt\n|faint|p2b: Arcanine\n|-damage|p1b: Arcanine|52\/100|[from] Recoil\n|move|p2a: Ceruledge|Bulk Up|p2a: Ceruledge\n|-boost|p2a: Ceruledge|atk|1\n|-boost|p2a: Ceruledge|def|1\n|\n|upkeep\n|\n|t:|1683191202\n|switch|p2b: Dragapult|Dragapult, L50, M, shiny|100\/100\n|turn|5\n|inactive|zessozessozesso has 30 seconds left.\n|\n|t:|1683191231\n|move|p1a: Baxcalibur|Ice Shard|p2b: Dragapult\n|-supereffective|p2b: Dragapult\n|-damage|p2b: Dragapult|0 fnt\n|faint|p2b: Dragapult\n|move|p2a: Ceruledge|Shadow Sneak|p1a: Baxcalibur\n|-damage|p1a: Baxcalibur|6\/100\n|move|p1b: Arcanine|Will-O-Wisp|p2a: Ceruledge\n|-start|p2a: Ceruledge|ability: Flash Fire\n|\n|upkeep\n|\n|t:|1683191240\n|switch|p2b: Brute Bonnet|Brute Bonnet, L50|100\/100\n|turn|6\n|\n|t:|1683191262\n|move|p1a: Baxcalibur|Protect|p1a: Baxcalibur\n|-singleturn|p1a: Baxcalibur|Protect\n|move|p2b: Brute Bonnet|Protect|p2b: Brute Bonnet\n|-singleturn|p2b: Brute Bonnet|Protect\n|move|p1b: Arcanine|Flare Blitz|p2b: Brute Bonnet\n|-activate|p2b: Brute Bonnet|move: Protect\n|move|p2a: Ceruledge|Bitter Blade|p1b: Arcanine\n|-resisted|p1b: Arcanine\n|-damage|p1b: Arcanine|0 fnt\n|-heal|p2a: Ceruledge|92\/100|[from] drain|[of] p1b: Arcanine\n|faint|p1b: Arcanine\n|\n|upkeep\n|\n|t:|1683191277\n|switch|p1b: Amoonguss|Amoonguss, L50, F|100\/100\n|turn|7\n|\n|t:|1683191287\n|move|p1a: Baxcalibur|Glaive Rush|p2a: Ceruledge\n|-resisted|p2a: Ceruledge\n|-damage|p2a: Ceruledge|40\/100\n|-singlemove|p1a: Baxcalibur|Glaive Rush|[silent]\n|move|p2a: Ceruledge|Bitter Blade|p1b: Amoonguss\n|-supereffective|p1b: Amoonguss\n|-damage|p1b: Amoonguss|0 fnt\n|-heal|p2a: Ceruledge|100\/100|[from] drain|[of] p1b: Amoonguss\n|faint|p1b: Amoonguss\n|move|p2b: Brute Bonnet|Tera Blast|p1a: Baxcalibur\n|-damage|p1a: Baxcalibur|0 fnt\n|faint|p1a: Baxcalibur\n|\n|upkeep\n|-message|zessozessozesso forfeited.\n|\n|win|Valency GL\n|raw|zessozessozesso's rating: 1352 → 1329<\/strong> (-23 for losing)\n|raw|Valency GL's rating: 1302 → 1325<\/strong> (+23 for winning)\n|l|\u2606zessozessozesso\n","uploadtime":1683191310,"views":5,"p1id":"zessozessozesso","p2id":"valencygl","formatid":"gen9vgc2023regulationc","rating":1325,"private":0,"password":""}