{"id":"gen9vgc2023regulationc-1854930560","p1":"awesome10billion","p2":"Rockayy","format":"[Gen 9] VGC 2023 Regulation C","log":"|j|\u2606awesome10billion\n|j|\u2606Rockayy\n|t:|1682881988\n|gametype|doubles\n|player|p1|awesome10billion|170|\n|player|p2|Rockayy|1|\n|teamsize|p1|6\n|teamsize|p2|6\n|gen|9\n|tier|[Gen 9] VGC 2023 Regulation C\n|rule|Species Clause: Limit one of each Pok\u00e9mon\n|rule|Item Clause: Limit one of each item\n|clearpoke\n|poke|p1|Iron Hands, L50|\n|poke|p1|Amoonguss, L50, F|\n|poke|p1|Pelipper, L50, M|\n|poke|p1|Palafin, L50, F|\n|poke|p1|Baxcalibur, L50, F|\n|poke|p1|Dragonite, L50, F|\n|poke|p2|Amoonguss, L50, F|\n|poke|p2|Salamence, L50, M|\n|poke|p2|Meowscarada, L50, M|\n|poke|p2|Annihilape, L50, M|\n|poke|p2|Kingambit, L50, M|\n|poke|p2|Skeledirge, L50, M|\n|teampreview|4\n|inactive|Battle timer is ON: inactive players will automatically lose when time's up. (requested by awesome10billion)\nawesome10billion has agreed to open team sheets.\n|inactive|awesome10billion has 60 seconds left.\n|\n|t:|1682882023\n|start\n|switch|p1a: Iron Hands|Iron Hands, L50|100\/100\n|switch|p1b: Palafin|Palafin, L50, F|100\/100\n|switch|p2a: Amoonguss|Amoonguss, L50, F|100\/100\n|switch|p2b: Kingambit|Kingambit, L50, M|100\/100\n|turn|1\n|inactive|Rockayy has 30 seconds left.\n|inactive|awesome10billion has 30 seconds left.\n|inactive|Rockayy has 20 seconds left.\n|inactive|Rockayy has 15 seconds left.\n|inactive|Rockayy has 10 seconds left.\n|\n|t:|1682882072\n|detailschange|p1b: Palafin|Palafin-Hero, L50, F\n|switch|p1b: Baxcalibur|Baxcalibur, L50, F|100\/100\n|-terastallize|p2b: Kingambit|Flying\n|move|p1a: Iron Hands|Close Combat|p2b: Kingambit\n|-resisted|p2b: Kingambit\n|-damage|p2b: Kingambit|76\/100\n|-unboost|p1a: Iron Hands|def|1\n|-unboost|p1a: Iron Hands|spd|1\n|move|p2b: Kingambit|Tera Blast|p1a: Iron Hands\n|-damage|p1a: Iron Hands|49\/100\n|move|p2a: Amoonguss|Spore|p1a: Iron Hands\n|-status|p1a: Iron Hands|slp|[from] move: Spore\n|\n|upkeep\n|turn|2\n|j| BumpyBumps\n|inactive|awesome10billion has 30 seconds left.\n|inactive|Rockayy has 30 seconds left.\n|\n|t:|1682882102\n|-terastallize|p1b: Baxcalibur|Poison\n|move|p2a: Amoonguss|Rage Powder|p2a: Amoonguss\n|-singleturn|p2a: Amoonguss|move: Rage Powder\n|move|p1b: Baxcalibur|Icicle Crash|p2a: Amoonguss\n|-supereffective|p2a: Amoonguss\n|-damage|p2a: Amoonguss|6\/100\n|cant|p1a: Iron Hands|slp\n|move|p2b: Kingambit|Iron Head|p1b: Baxcalibur\n|-damage|p1b: Baxcalibur|59\/100\n|\n|-heal|p2a: Amoonguss|12\/100|[from] item: Black Sludge\n|upkeep\n|turn|3\n|\n|t:|1682882119\n|move|p2a: Amoonguss|Rage Powder|p2a: Amoonguss\n|-singleturn|p2a: Amoonguss|move: Rage Powder\n|move|p1b: Baxcalibur|Ice Shard|p2a: Amoonguss\n|-supereffective|p2a: Amoonguss\n|-damage|p2a: Amoonguss|0 fnt\n|faint|p2a: Amoonguss\n|cant|p1a: Iron Hands|slp\n|move|p2b: Kingambit|Tera Blast|p1a: Iron Hands\n|-damage|p1a: Iron Hands|0 fnt\n|faint|p1a: Iron Hands\n|-end|p1a: Iron Hands|Quark Drive|[silent]\n|\n|upkeep\n|\n|t:|1682882130\n|switch|p1a: Pelipper|Pelipper, L50, M|100\/100\n|switch|p2a: Salamence|Salamence, L50, M|100\/100\n|-ability|p2a: Salamence|Intimidate|boost\n|-unboost|p1a: Pelipper|atk|1\n|-unboost|p1b: Baxcalibur|atk|1\n|-weather|RainDance|[from] ability: Drizzle|[of] p1a: Pelipper\n|turn|4\n|\n|t:|1682882151\n|move|p2a: Salamence|Protect|p2a: Salamence\n|-singleturn|p2a: Salamence|Protect\n|move|p1b: Baxcalibur|Ice Shard|p2a: Salamence\n|-activate|p2a: Salamence|move: Protect\n|move|p1a: Pelipper|Tailwind|p1a: Pelipper\n|-sidestart|p1: awesome10billion|move: Tailwind\n|move|p2b: Kingambit|Iron Head|p1b: Baxcalibur\n|-damage|p1b: Baxcalibur|14\/100\n|\n|-weather|RainDance|[upkeep]\n|upkeep\n|turn|5\n|\n|t:|1682882166\n|move|p2b: Kingambit|Sucker Punch|p1b: Baxcalibur\n|-damage|p1b: Baxcalibur|0 fnt\n|faint|p1b: Baxcalibur\n|move|p1a: Pelipper|Hurricane|p2b: Kingambit\n|-damage|p2b: Kingambit|29\/100\n|-start|p2b: Kingambit|confusion\n|-enditem|p2b: Kingambit|Sitrus Berry|[eat]\n|-heal|p2b: Kingambit|54\/100|[from] item: Sitrus Berry\n|move|p2a: Salamence|Tailwind|p2a: Salamence\n|-sidestart|p2: Rockayy|move: Tailwind\n|\n|-weather|RainDance|[upkeep]\n|upkeep\n|\n|t:|1682882177\n|switch|p1b: Palafin|Palafin-Hero, L50, F|100\/100\n|-activate|p1b: Palafin|ability: Zero to Hero\n|turn|6\n|\n|t:|1682882199\n|move|p2a: Salamence|Protect|p2a: Salamence\n|-singleturn|p2a: Salamence|Protect\n|-activate|p2b: Kingambit|confusion\n|move|p2b: Kingambit|Sucker Punch|p1b: Palafin\n|-damage|p1b: Palafin|67\/100\n|move|p1b: Palafin|Wave Crash|p2b: Kingambit\n|-damage|p2b: Kingambit|0 fnt\n|faint|p2b: Kingambit\n|-end|p2b: Kingambit|fallenundefined|[silent]\n|-damage|p1b: Palafin|49\/100|[from] Recoil\n|move|p1a: Pelipper|Hurricane|p2a: Salamence\n|-activate|p2a: Salamence|move: Protect\n|\n|-weather|RainDance|[upkeep]\n|upkeep\n|\n|t:|1682882211\n|switch|p2b: Meowscarada|Meowscarada, L50, M|100\/100\n|turn|7\n|inactive|Rockayy has 30 seconds left.\n|\n|t:|1682882241\n|move|p1b: Palafin|Protect|p1b: Palafin\n|-singleturn|p1b: Palafin|Protect\n|move|p2b: Meowscarada|Sucker Punch||[still]\n|-fail|p2b: Meowscarada\n|move|p2a: Salamence|Heat Wave|p1a: Pelipper|[spread] p1a\n|-activate|p1b: Palafin|move: Protect\n|-resisted|p1a: Pelipper\n|-damage|p1a: Pelipper|93\/100\n|move|p1a: Pelipper|Hurricane|p2b: Meowscarada\n|-supereffective|p2b: Meowscarada\n|-enditem|p2b: Meowscarada|Focus Sash\n|-damage|p2b: Meowscarada|1\/100\n|-start|p2b: Meowscarada|confusion\n|\n|-weather|RainDance|[upkeep]\n|-sideend|p1: awesome10billion|move: Tailwind\n|upkeep\n|turn|8\n|\n|t:|1682882261\n|move|p1b: Palafin|Jet Punch|p2b: Meowscarada\n|-resisted|p2b: Meowscarada\n|-damage|p2b: Meowscarada|0 fnt\n|faint|p2b: Meowscarada\n|move|p2a: Salamence|Heat Wave|p1a: Pelipper|[spread] p1a,p1b\n|-resisted|p1a: Pelipper\n|-resisted|p1b: Palafin\n|-damage|p1a: Pelipper|86\/100\n|-damage|p1b: Palafin|45\/100\n|move|p1a: Pelipper|Hurricane|p2a: Salamence\n|-damage|p2a: Salamence|45\/100\n|-start|p2a: Salamence|confusion\n|\n|-weather|none\n|-sideend|p2: Rockayy|move: Tailwind\n|upkeep\n|turn|9\n|\n|t:|1682882280\n|-activate|p2a: Salamence|confusion\n|move|p2a: Salamence|Heat Wave|p1a: Pelipper|[spread] p1a,p1b\n|-resisted|p1a: Pelipper\n|-resisted|p1b: Palafin\n|-damage|p1a: Pelipper|71\/100\n|-damage|p1b: Palafin|37\/100\n|-status|p1a: Pelipper|brn\n|move|p1b: Palafin|Wave Crash|p2a: Salamence\n|-resisted|p2a: Salamence\n|-damage|p2a: Salamence|5\/100\n|-enditem|p2a: Salamence|Aguav Berry|[eat]\n|-heal|p2a: Salamence|39\/100|[from] item: Aguav Berry\n|-damage|p1b: Palafin|25\/100|[from] Recoil\n|move|p1a: Pelipper|Hydro Pump|p2a: Salamence|[miss]\n|-miss|p1a: Pelipper|p2a: Salamence\n|\n|-damage|p1a: Pelipper|65\/100 brn|[from] brn\n|upkeep\n|turn|10\n|c|\u2606Rockayy|ggs\n|\n|t:|1682882298\n|-end|p2a: Salamence|confusion\n|move|p2a: Salamence|Roost|p2a: Salamence\n|-heal|p2a: Salamence|89\/100\n|-singleturn|p2a: Salamence|move: Roost\n|move|p1b: Palafin|Wave Crash|p2a: Salamence\n|-resisted|p2a: Salamence\n|-damage|p2a: Salamence|44\/100\n|-damage|p1b: Palafin|10\/100|[from] Recoil\n|move|p1a: Pelipper|Hydro Pump|p2a: Salamence\n|-resisted|p2a: Salamence\n|-damage|p2a: Salamence|16\/100\n|\n|-damage|p1a: Pelipper|59\/100 brn|[from] brn\n|upkeep\n|turn|11\n|\n|t:|1682882313\n|move|p1b: Palafin|Jet Punch|p2a: Salamence\n|-resisted|p2a: Salamence\n|-damage|p2a: Salamence|0 fnt\n|faint|p2a: Salamence\n|\n|win|awesome10billion\n|c|\u2606awesome10billion|gg\n|c|\u2606Rockayy|wp\n","uploadtime":1682882322,"views":7,"p1id":"awesome10billion","p2id":"rockayy","formatid":"gen9vgc2023regulationc","rating":0,"private":0,"password":""}