{"id":"gen9vgc2023regulationc-1847767787","p1":"Skottymon","p2":"Marzbar","format":"[Gen 9] VGC 2023 Regulation C","log":"|j|\u2606Skottymon\n|j|\u2606Marzbar\n|t:|1682000301\n|gametype|doubles\n|player|p1|Skottymon|102|\n|player|p2|Marzbar|parasollady|\n|teamsize|p1|6\n|teamsize|p2|6\n|gen|9\n|tier|[Gen 9] VGC 2023 Regulation C\n|rule|Species Clause: Limit one of each Pok\u00e9mon\n|rule|Item Clause: Limit one of each item\n|clearpoke\n|poke|p1|Annihilape, L50, F|\n|poke|p1|Maushold-Four, L50|\n|poke|p1|Talonflame, L50, M|\n|poke|p1|Klefki, L50, F|\n|poke|p1|Tsareena, L50, F|\n|poke|p1|Luxray, L50, F|\n|poke|p2|Impidimp, L50, M|\n|poke|p2|Armarouge, L50, F|\n|poke|p2|Palafin, L50, M|\n|poke|p2|Gogoat, L50, M|\n|poke|p2|Houndoom, L50, M|\n|poke|p2|Chien-Pao, L50|\n|teampreview|4\nSkottymon has agreed to open team sheets.\n|\n|t:|1682000398\n|start\n|switch|p1a: Annihilape|Annihilape, L50, F|100\/100\n|switch|p1b: Maushold|Maushold-Four, L50|100\/100\n|switch|p2a: Armarouge|Armarouge, L50, F, shiny|100\/100\n|switch|p2b: Houndoom|Houndoom, L50, M, shiny|100\/100\n|turn|1\n|\n|t:|1682000471\n|-terastallize|p2a: Armarouge|Grass\n|move|p1a: Annihilape|Protect|p1a: Annihilape\n|-singleturn|p1a: Annihilape|Protect\n|move|p2b: Houndoom|Flamethrower|p1b: Maushold\n|-damage|p1b: Maushold|53\/100\n|-damage|p2b: Houndoom|90\/100|[from] item: Life Orb\n|move|p1b: Maushold|Super Fang|p2a: Armarouge\n|-damage|p2a: Armarouge|51\/100\n|-ability|p2a: Armarouge|Weak Armor|boost\n|-unboost|p2a: Armarouge|def|1\n|-boost|p2a: Armarouge|spe|2\n|move|p2a: Armarouge|Lava Plume|p1b: Maushold|[spread] p1b\n|-activate|p1a: Annihilape|move: Protect\n|-start|p2b: Houndoom|ability: Flash Fire\n|-damage|p1b: Maushold|21\/100\n|-enditem|p1b: Maushold|Sitrus Berry|[eat]\n|-heal|p1b: Maushold|46\/100|[from] item: Sitrus Berry\n|\n|upkeep\n|turn|2\n|\n|t:|1682000520\n|move|p1b: Maushold|Protect|p1b: Maushold\n|-singleturn|p1b: Maushold|Protect\n|move|p2a: Armarouge|Lava Plume|p1b: Maushold|[spread] p1a\n|-activate|p1b: Maushold|move: Protect\n|-immune|p2b: Houndoom|[from] ability: Flash Fire\n|-damage|p1a: Annihilape|77\/100\n|move|p2b: Houndoom|Flamethrower|p1a: Annihilape\n|-damage|p1a: Annihilape|22\/100\n|-damage|p2b: Houndoom|80\/100|[from] item: Life Orb\n|move|p1a: Annihilape|Drain Punch|p2b: Houndoom\n|-supereffective|p2b: Houndoom\n|-damage|p2b: Houndoom|0 fnt\n|-heal|p1a: Annihilape|50\/100|[from] drain|[of] p2b: Houndoom\n|faint|p2b: Houndoom\n|\n|upkeep\n|\n|t:|1682000548\n|switch|p2b: Chien-Pao|Chien-Pao, L50|100\/100\n|-ability|p2b: Chien-Pao|Sword of Ruin\n|turn|3\n|\n|t:|1682000591\n|-terastallize|p1a: Annihilape|Fire\n|move|p1b: Maushold|Follow Me|p1b: Maushold\n|-singleturn|p1b: Maushold|move: Follow Me\n|move|p2b: Chien-Pao|Throat Chop|p1b: Maushold\n|-damage|p1b: Maushold|0 fnt\n|faint|p1b: Maushold\n|move|p2a: Armarouge|Psychic|p1a: Annihilape\n|-damage|p1a: Annihilape|6\/100\n|move|p1a: Annihilape|Fire Punch|p2a: Armarouge\n|-supereffective|p2a: Armarouge\n|-damage|p2a: Armarouge|0 fnt\n|faint|p2a: Armarouge\n|\n|upkeep\n|\n|t:|1682000607\n|switch|p1b: Talonflame|Talonflame, L50, M|100\/100\n|switch|p2a: Gogoat|Gogoat, L50, M, shiny|100\/100\n|turn|4\n|\n|t:|1682000663\n|move|p1b: Talonflame|Tailwind|p1b: Talonflame\n|-sidestart|p1: Skottymon|move: Tailwind\n|move|p1a: Annihilape|Drain Punch|p2b: Chien-Pao\n|-supereffective|p2b: Chien-Pao\n|-enditem|p2b: Chien-Pao|Focus Sash\n|-damage|p2b: Chien-Pao|1\/100\n|-heal|p1a: Annihilape|41\/100|[from] drain|[of] p2b: Chien-Pao\n|move|p2b: Chien-Pao|Throat Chop|p1b: Talonflame\n|-damage|p1b: Talonflame|24\/100\n|move|p2a: Gogoat|Aerial Ace|p1a: Annihilape\n|-damage|p1a: Annihilape|18\/100\n|\n|upkeep\n|turn|5\n|\n|t:|1682000698\n|move|p1b: Talonflame|Flare Blitz|p2b: Chien-Pao\n|-supereffective|p2b: Chien-Pao\n|-damage|p2b: Chien-Pao|0 fnt\n|faint|p2b: Chien-Pao\n|-damage|p1b: Talonflame|23\/100|[from] Recoil\n|move|p1a: Annihilape|Rage Fist|p2a: Gogoat\n|-damage|p2a: Gogoat|0 fnt\n|faint|p2a: Gogoat\n|\n|win|Skottymon\n|c|\u2606Skottymon|gg\n|c|\u2606Marzbar|well that's what i get for not having protect\n|l|\u2606Skottymon\n|l|\u2606Marzbar\n|j|\u2606Skottymon\n|player|p1|Skottymon|102\n","uploadtime":1682000734,"views":10,"p1id":"skottymon","p2id":"marzbar","formatid":"gen9vgc2023regulationc","rating":0,"private":0,"password":""}