{"id":"gen9vgc2023regulationc-1847799451","p1":"ididursis","p2":"SANGANO","format":"[Gen 9] VGC 2023 Regulation C","log":"|j|\u2606ididursis\n|j|\u2606SANGANO\n|t:|1682002971\n|gametype|doubles\n|player|p1|ididursis|102|1070\n|player|p2|SANGANO|102|1157\n|teamsize|p1|6\n|teamsize|p2|6\n|gen|9\n|tier|[Gen 9] VGC 2023 Regulation C\n|rated|\n|rule|Species Clause: Limit one of each Pok\u00e9mon\n|rule|Item Clause: Limit one of each item\n|clearpoke\n|poke|p1|Dachsbun, L50, M|\n|poke|p1|Chi-Yu, L50|\n|poke|p1|Dragonite, L50, F|\n|poke|p1|Flutter Mane, L50|\n|poke|p1|Azumarill, L50, F|\n|poke|p1|Chien-Pao, L50|\n|poke|p2|Chi-Yu, L50|\n|poke|p2|Flutter Mane, L50|\n|poke|p2|Gyarados, L50, F|\n|poke|p2|Garchomp, L50, M|\n|poke|p2|Amoonguss, L50, F|\n|poke|p2|Iron Hands, L50|\n|teampreview|4\n|inactive|Battle timer is ON: inactive players will automatically lose when time's up. (requested by ididursis)\nSANGANO has agreed to open team sheets.\nididursis rejected open team sheets.\n|inactive|SANGANO has 60 seconds left.\n|inactive|SANGANO has 30 seconds left.\n|\n|t:|1682003043\n|start\n|switch|p1a: cochina|Flutter Mane, L50, shiny|100\/100\n|switch|p1b: Azumarill|Azumarill, L50, F|100\/100\n|switch|p2a: Chi-Yu|Chi-Yu, L50|100\/100\n|switch|p2b: Iron Hands|Iron Hands, L50|100\/100\n|-ability|p2a: Chi-Yu|Beads of Ruin\n|-enditem|p1a: cochina|Booster Energy\n|-activate|p1a: cochina|ability: Protosynthesis|[fromitem]\n|-start|p1a: cochina|protosynthesisspe\n|turn|1\n|inactive|SANGANO has 30 seconds left.\n|inactive|SANGANO has 20 seconds left.\n|inactive|SANGANO has 15 seconds left.\n|inactive|SANGANO has 10 seconds left.\n|inactive|SANGANO has 5 seconds left.\n|\n|t:|1682003098\n|move|p1a: cochina|Protect|p1a: cochina\n|-singleturn|p1a: cochina|Protect\n|move|p2a: Chi-Yu|Heat Wave|p1a: cochina|[spread] p1b\n|-activate|p1a: cochina|move: Protect\n|-resisted|p1b: Azumarill\n|-damage|p1b: Azumarill|74\/100\n|move|p2b: Iron Hands|Wild Charge|p1a: cochina\n|-activate|p1a: cochina|move: Protect\n|move|p1b: Azumarill|Play Rough|p2b: Iron Hands\n|-supereffective|p2b: Iron Hands\n|-damage|p2b: Iron Hands|30\/100\n|-enditem|p2b: Iron Hands|Sitrus Berry|[eat]\n|-heal|p2b: Iron Hands|56\/100|[from] item: Sitrus Berry\n|\n|upkeep\n|turn|2\n|inactive|SANGANO has 30 seconds left.\n|inactive|SANGANO has 20 seconds left.\n|inactive|SANGANO has 15 seconds left.\n|inactive|SANGANO has 10 seconds left.\n|inactive|SANGANO has 5 seconds left.\n|\n|t:|1682003153\n|switch|p2a: Garchomp|Garchomp, L50, M|100\/100\n|-end|p2b: Iron Hands|Quark Drive|[silent]\n|switch|p2b: Flutter Mane|Flutter Mane, L50|100\/100\n|-terastallize|p1a: cochina|Fairy\n|move|p1b: Azumarill|Aqua Jet|p2a: Garchomp\n|-crit|p2a: Garchomp\n|-damage|p2a: Garchomp|65\/100\n|-damage|p1b: Azumarill|62\/100|[from] ability: Rough Skin|[of] p2a: Garchomp\n|move|p1a: cochina|Dazzling Gleam|p2a: Garchomp|[spread] p2a,p2b\n|-supereffective|p2a: Garchomp\n|-damage|p2a: Garchomp|5\/100\n|-damage|p2b: Flutter Mane|63\/100\n|\n|upkeep\n|turn|3\n|inactive|SANGANO has 30 seconds left.\n|inactive|SANGANO has 20 seconds left.\n|\n|t:|1682003191\n|move|p1a: cochina|Protect|p1a: cochina\n|-singleturn|p1a: cochina|Protect\n|move|p2b: Flutter Mane|Protect|p2b: Flutter Mane\n|-singleturn|p2b: Flutter Mane|Protect\n|move|p2a: Garchomp|Iron Head|p1a: cochina\n|-activate|p1a: cochina|move: Protect\n|move|p1b: Azumarill|Liquidation|p2b: Flutter Mane\n|-activate|p2b: Flutter Mane|move: Protect\n|\n|upkeep\n|turn|4\n|inactive|ididursis has 30 seconds left.\n|inactive|SANGANO has 30 seconds left.\n|inactive|ididursis has 20 seconds left.\n|inactive|SANGANO has 20 seconds left.\n|inactive|ididursis has 15 seconds left.\n|inactive|SANGANO has 15 seconds left.\n|inactive|SANGANO has 10 seconds left.\n|\n|t:|1682003240\n|-end|p1a: cochina|Protosynthesis|[silent]\n|switch|p1a: nemochad|Chi-Yu, L50|100\/100\n|-ability|p1a: nemochad|Beads of Ruin\n|-end|p2b: Flutter Mane|Protosynthesis|[silent]\n|switch|p2b: Iron Hands|Iron Hands, L50|56\/100\n|move|p1b: Azumarill|Aqua Jet|p2a: Garchomp\n|-damage|p2a: Garchomp|0 fnt\n|-damage|p1b: Azumarill|50\/100|[from] ability: Rough Skin|[of] p2a: Garchomp\n|faint|p2a: Garchomp\n|\n|upkeep\n|\n|t:|1682003254\n|switch|p2a: Flutter Mane|Flutter Mane, L50|63\/100\n|turn|5\n|\n|t:|1682003269\n|switch|p1a: doggomartinez|Dachsbun, L50, M|100\/100\n|-terastallize|p2a: Flutter Mane|Fairy\n|move|p1b: Azumarill|Protect|p1b: Azumarill\n|-singleturn|p1b: Azumarill|Protect\n|move|p2b: Iron Hands|Fake Out|p1b: Azumarill\n|-activate|p1b: Azumarill|move: Protect\n|move|p2a: Flutter Mane|Dazzling Gleam|p1b: Azumarill|[spread] p1a\n|-activate|p1b: Azumarill|move: Protect\n|-damage|p1a: doggomartinez|51\/100\n|-damage|p2a: Flutter Mane|54\/100|[from] item: Life Orb\n|\n|-heal|p1a: doggomartinez|57\/100|[from] item: Leftovers\n|upkeep\n|turn|6\n|inactive|SANGANO has 30 seconds left.\n|inactive|SANGANO has 20 seconds left.\n|inactive|SANGANO has 15 seconds left.\n|\n|t:|1682003310\n|-end|p2b: Iron Hands|Quark Drive|[silent]\n|switch|p2b: Chi-Yu|Chi-Yu, L50|100\/100\n|-ability|p2b: Chi-Yu|Beads of Ruin\n|switch|p1b: nemochad|Chi-Yu, L50|100\/100\n|-ability|p1b: nemochad|Beads of Ruin\n|move|p2a: Flutter Mane|Dazzling Gleam|p1a: doggomartinez|[spread] p1a,p1b\n|-damage|p1a: doggomartinez|0 fnt\n|-damage|p1b: nemochad|37\/100\n|faint|p1a: doggomartinez\n|-damage|p2a: Flutter Mane|44\/100|[from] item: Life Orb\n|\n|upkeep\n|\n|t:|1682003328\n|switch|p1a: Azumarill|Azumarill, L50, F|50\/100\n|turn|7\n|\n|t:|1682003358\n|move|p1b: nemochad|Lava Plume|p2b: Chi-Yu|[spread] p1a,p2a,p2b\n|-resisted|p1a: Azumarill\n|-resisted|p2b: Chi-Yu\n|-damage|p1a: Azumarill|28\/100\n|-damage|p2a: Flutter Mane|6\/100\n|-damage|p2b: Chi-Yu|83\/100\n|move|p2b: Chi-Yu|Heat Wave|p1b: nemochad|[spread] p1a,p1b\n|-resisted|p1a: Azumarill\n|-resisted|p1b: nemochad\n|-damage|p1a: Azumarill|1\/100\n|-damage|p1b: nemochad|11\/100\n|move|p2a: Flutter Mane|Dazzling Gleam|p1a: Azumarill|[spread] p1a,p1b\n|-damage|p1a: Azumarill|0 fnt\n|-damage|p1b: nemochad|0 fnt\n|faint|p1a: Azumarill\n|faint|p1b: nemochad\n|-damage|p2a: Flutter Mane|0 fnt|[from] item: Life Orb\n|faint|p2a: Flutter Mane\n|-end|p2a: Flutter Mane|Protosynthesis|[silent]\n|\n|upkeep\n|\n|t:|1682003377\n|switch|p2a: Iron Hands|Iron Hands, L50|56\/100\n|switch|p1b: cochina|Flutter Mane, L50, shiny, tera:Fairy|100\/100\n|turn|8\n|\n|t:|1682003383\n|move|p2a: Iron Hands|Fake Out|p1b: cochina\n|-damage|p1b: cochina|72\/100\n|move|p2b: Chi-Yu|Heat Wave|p1b: cochina\n|-damage|p1b: cochina|2\/100\n|cant|p1b: cochina|flinch\n|\n|upkeep\n|turn|9\n|\n|t:|1682003402\n|move|p1b: cochina|Protect|p1b: cochina\n|-singleturn|p1b: cochina|Protect\n|move|p2b: Chi-Yu|Heat Wave|p1b: cochina\n|-activate|p1b: cochina|move: Protect\n|move|p2a: Iron Hands|Wild Charge|p1b: cochina\n|-activate|p1b: cochina|move: Protect\n|\n|upkeep\n|turn|10\n|\n|t:|1682003410\n|move|p2b: Chi-Yu|Heat Wave|p1b: cochina\n|-damage|p1b: cochina|0 fnt\n|faint|p1b: cochina\n|-end|p1b: cochina|Protosynthesis|[silent]\n|\n|win|SANGANO\n|raw|ididursis's rating: 1070 → 1055<\/strong> (-15 for losing)\n|raw|SANGANO's rating: 1157 → 1176<\/strong> (+19 for winning)\n|l|\u2606ididursis\n","uploadtime":1682004893,"views":16,"p1id":"ididursis","p2id":"sangano","formatid":"gen9vgc2023regulationc","rating":1055,"private":0,"password":""}