{"id":"gen9vgc2023regulationc-1858773302","p1":"ascore3","p2":"FlockOfDeagles","format":"[Gen 9] VGC 2023 Regulation C","log":"|j|\u2606ascore3\n|j|\u2606FlockOfDeagles\n|t:|1683358195\n|gametype|doubles\n|player|p1|ascore3|170|1117\n|player|p2|FlockOfDeagles|chuck|1126\n|teamsize|p1|6\n|teamsize|p2|6\n|gen|9\n|tier|[Gen 9] VGC 2023 Regulation C\n|rated|\n|rule|Species Clause: Limit one of each Pok\u00e9mon\n|rule|Item Clause: Limit one of each item\n|clearpoke\n|poke|p1|Torkoal, L50, M|\n|poke|p1|Chi-Yu, L50|\n|poke|p1|Bronzong, L50|\n|poke|p1|Gastrodon, L50, F|\n|poke|p1|Grimmsnarl, L50, M|\n|poke|p1|Skeledirge, L50, F|\n|poke|p2|Abomasnow, L50, M|\n|poke|p2|Iron Bundle, L50|\n|poke|p2|Chi-Yu, L50|\n|poke|p2|Flutter Mane, L50|\n|poke|p2|Gyarados, L50, M|\n|poke|p2|Garchomp, L50, M|\n|teampreview|4\n|inactive|Battle timer is ON: inactive players will automatically lose when time's up. (requested by FlockOfDeagles)\n|inactive|FlockOfDeagles has 60 seconds left.\n|\n|t:|1683358247\n|start\n|switch|p1a: Grimmsnarl|Grimmsnarl, L50, M|100\/100\n|switch|p1b: Bronzong|Bronzong, L50|100\/100\n|switch|p2a: Flutter Mane|Flutter Mane, L50|100\/100\n|switch|p2b: Got In My Eyes|Chi-Yu, L50|100\/100\n|-ability|p2b: Got In My Eyes|Beads of Ruin\n|turn|1\n|\n|t:|1683358268\n|move|p1a: Grimmsnarl|Fake Out|p2b: Got In My Eyes\n|-damage|p2b: Got In My Eyes|77\/100\n|cant|p2b: Got In My Eyes|flinch\n|move|p2a: Flutter Mane|Shadow Ball|p1b: Bronzong\n|-supereffective|p1b: Bronzong\n|-enditem|p1b: Bronzong|Kasib Berry|[eat]\n|-enditem|p1b: Bronzong|Kasib Berry|[weaken]\n|-damage|p1b: Bronzong|24\/100\n|move|p1b: Bronzong|Trick Room|p1b: Bronzong\n|-fieldstart|move: Trick Room|[of] p1b: Bronzong\n|\n|upkeep\n|turn|2\n|inactive|ascore3 has 30 seconds left.\n|\n|t:|1683358295\n|move|p1a: Grimmsnarl|Sucker Punch|p2a: Flutter Mane\n|-damage|p2a: Flutter Mane|43\/100\n|move|p1b: Bronzong|Body Press|p2b: Got In My Eyes\n|-supereffective|p2b: Got In My Eyes\n|-damage|p2b: Got In My Eyes|0 fnt\n|faint|p2b: Got In My Eyes\n|move|p2a: Flutter Mane|Shadow Ball|p1b: Bronzong\n|-supereffective|p1b: Bronzong\n|-damage|p1b: Bronzong|0 fnt\n|faint|p1b: Bronzong\n|\n|upkeep\n|c|\u2606FlockOfDeagles|Every game is either trick room or perish trap. What the fuck is this shit\n|\n|t:|1683358306\n|switch|p1b: Skeledirge|Skeledirge, L50, F|100\/100\n|switch|p2b: Garchomp|Garchomp, L50, M|100\/100\n|turn|3\n|\n|t:|1683358322\n|-end|p2a: Flutter Mane|Protosynthesis|[silent]\n|switch|p2a: Gyarados|Gyarados, L50, M|100\/100\n|-ability|p2a: Gyarados|Intimidate|boost\n|-unboost|p1a: Grimmsnarl|atk|1\n|-unboost|p1b: Skeledirge|atk|1\n|-terastallize|p2b: Garchomp|Fire\n|move|p1b: Skeledirge|Protect|p1b: Skeledirge\n|-singleturn|p1b: Skeledirge|Protect\n|move|p1a: Grimmsnarl|Trick|p2b: Garchomp\n|-activate|p1a: Grimmsnarl|move: Trick|[of] p2b: Garchomp\n|-item|p2b: Garchomp|Lagging Tail|[from] move: Trick\n|-item|p1a: Grimmsnarl|Clear Amulet|[from] move: Trick\n|move|p2b: Garchomp|Swords Dance|p2b: Garchomp\n|-boost|p2b: Garchomp|atk|2\n|\n|upkeep\n|turn|4\n|inactive|ascore3 has 30 seconds left.\n|\n|t:|1683358348\n|switch|p1a: Torkoal|Torkoal, L50, M|100\/100\n|-weather|SunnyDay|[from] ability: Drought|[of] p1a: Torkoal\n|-terastallize|p1b: Skeledirge|Fairy\n|move|p1b: Skeledirge|Encore|p2b: Garchomp\n|-start|p2b: Garchomp|Encore\n|move|p2a: Gyarados|Waterfall|p1b: Skeledirge\n|-damage|p1b: Skeledirge|86\/100\n|move|p2b: Garchomp|Swords Dance|p2b: Garchomp\n|-boost|p2b: Garchomp|atk|2\n|\n|-weather|SunnyDay|[upkeep]\n|-heal|p1b: Skeledirge|92\/100|[from] item: Leftovers\n|upkeep\n|turn|5\n|\n|t:|1683358371\n|switch|p2b: Flutter Mane|Flutter Mane, L50|43\/100\n|-activate|p2b: Flutter Mane|ability: Protosynthesis\n|-start|p2b: Flutter Mane|protosynthesisspa\n|move|p1a: Torkoal|Eruption|p2a: Gyarados|[spread] p2a,p2b\n|-resisted|p2a: Gyarados\n|-damage|p2a: Gyarados|70\/100\n|-damage|p2b: Flutter Mane|0 fnt\n|faint|p2b: Flutter Mane\n|-end|p2b: Flutter Mane|Protosynthesis|[silent]\n|move|p1b: Skeledirge|Torch Song|p2a: Gyarados\n|-resisted|p2a: Gyarados\n|-damage|p2a: Gyarados|42\/100\n|-boost|p1b: Skeledirge|spa|1\n|-enditem|p2a: Gyarados|Sitrus Berry|[eat]\n|-heal|p2a: Gyarados|67\/100|[from] item: Sitrus Berry\n|move|p2a: Gyarados|Waterfall|p1a: Torkoal\n|-supereffective|p1a: Torkoal\n|-damage|p1a: Torkoal|80\/100\n|\n|-weather|SunnyDay|[upkeep]\n|-heal|p1b: Skeledirge|98\/100|[from] item: Leftovers\n|-fieldend|move: Trick Room\n|upkeep\n|c|\u2606FlockOfDeagles|Is this fun for you?\n|\n|t:|1683358390\n|switch|p2b: Garchomp|Garchomp, L50, M, tera:Fire|100\/100\n|turn|6\n|\n|t:|1683358397\n|move|p2a: Gyarados|Helping Hand|p2b: Garchomp\n|-singleturn|p2b: Garchomp|Helping Hand|[of] p2a: Gyarados\n|move|p1b: Skeledirge|Protect|p1b: Skeledirge\n|-singleturn|p1b: Skeledirge|Protect\n|move|p1a: Torkoal|Earth Power|p2b: Garchomp\n|-supereffective|p2b: Garchomp\n|-damage|p2b: Garchomp|49\/100\n|move|p2b: Garchomp|Earthquake|p1b: Skeledirge|[spread] p1a\n|-activate|p1b: Skeledirge|move: Protect\n|-immune|p2a: Gyarados\n|-supereffective|p1a: Torkoal\n|-damage|p1a: Torkoal|5\/100\n|\n|-weather|SunnyDay|[upkeep]\n|-heal|p1b: Skeledirge|100\/100|[from] item: Leftovers\n|upkeep\n|turn|7\n|\n|t:|1683358418\n|move|p2a: Gyarados|Waterfall|p1b: Skeledirge\n|-damage|p1b: Skeledirge|87\/100\n|move|p1b: Skeledirge|Torch Song|p2b: Garchomp\n|-resisted|p2b: Garchomp\n|-damage|p2b: Garchomp|0 fnt\n|-boost|p1b: Skeledirge|spa|1\n|faint|p2b: Garchomp\n|move|p1a: Torkoal|Earth Power|p2a: Gyarados\n|-immune|p2a: Gyarados\n|\n|-weather|SunnyDay|[upkeep]\n|-heal|p1b: Skeledirge|93\/100|[from] item: Leftovers\n|upkeep\n|turn|8\n|\n|t:|1683358432\n|switch|p1a: Grimmsnarl|Grimmsnarl, L50, M|100\/100\n|move|p2a: Gyarados|Waterfall|p1a: Grimmsnarl\n|-damage|p1a: Grimmsnarl|83\/100\n|move|p1b: Skeledirge|Torch Song|p2a: Gyarados\n|-resisted|p2a: Gyarados\n|-damage|p2a: Gyarados|15\/100\n|-boost|p1b: Skeledirge|spa|1\n|\n|-weather|none\n|-heal|p1b: Skeledirge|99\/100|[from] item: Leftovers\n|upkeep\n|turn|9\n|-message|FlockOfDeagles forfeited.\n|\n|win|ascore3\n|raw|ascore3's rating: 1117 → 1143<\/strong> (+26 for winning)\n|raw|FlockOfDeagles's rating: 1126 → 1100<\/strong> (-26 for losing)\n","uploadtime":1683358442,"views":11,"p1id":"ascore3","p2id":"flockofdeagles","formatid":"gen9vgc2023regulationc","rating":1100,"private":0,"password":""}