{"id":"gen9vgc2023regulationc-1854577112","p1":"zjwf","p2":"Evlers","format":"[Gen 9] VGC 2023 Regulation C","log":"|j|\u2606zjwf\n|j|\u2606Evlers\n|t:|1682829692\n|gametype|doubles\n|player|p1|zjwf|irida|\n|player|p2|Evlers|cynthia-gen7|\n|teamsize|p1|6\n|teamsize|p2|6\n|gen|9\n|tier|[Gen 9] VGC 2023 Regulation C\n|rule|Species Clause: Limit one of each Pok\u00e9mon\n|rule|Item Clause: Limit one of each item\n|clearpoke\n|poke|p1|Chien-Pao, L50|\n|poke|p1|Palafin, L50, M|\n|poke|p1|Arcanine, L50, M|\n|poke|p1|Amoonguss, L50, F|\n|poke|p1|Flutter Mane, L50|\n|poke|p1|Dragapult, L50, F|\n|poke|p2|Chien-Pao, L50|\n|poke|p2|Flutter Mane, L50|\n|poke|p2|Chi-Yu, L50|\n|poke|p2|Dragonite, L50, F|\n|poke|p2|Dondozo, L50, M|\n|poke|p2|Tatsugiri, L50, F|\n|teampreview|4\nzjwf has agreed to open team sheets.\n|c|\u2606zjwf|\u961f\u4f0d\u5c55\u793a\nEvlers has agreed to open team sheets.\n|\n|t:|1682829939\n|start\n|switch|p1a: \u5965\u897f\u91cc\u65af\u7684\u5929\u7a7a\u9f99|Dragapult, L50, F|100\/100\n|switch|p1b: \u57ce\u4e4b\u5185\u706b\u7130|Arcanine, L50, M|100\/100\n|switch|p2a: \u8c01\u5bf9\u738b\u5ea7\u9732\u51fa\u7360\u7259|Chien-Pao, L50|100\/100\n|switch|p2b: \u4e50\u8fea|Dragonite, L50, F|100\/100\n|-ability|p2a: \u8c01\u5bf9\u738b\u5ea7\u9732\u51fa\u7360\u7259|Sword of Ruin\n|-ability|p1b: \u57ce\u4e4b\u5185\u706b\u7130|Intimidate|boost\n|-unboost|p2a: \u8c01\u5bf9\u738b\u5ea7\u9732\u51fa\u7360\u7259|atk|1\n|-unboost|p2b: \u4e50\u8fea|atk|1\n|turn|1\n|\n|t:|1682829988\n|switch|p2b: \u538b\u8f74|Flutter Mane, L50|100\/100\n|-enditem|p2b: \u538b\u8f74|Booster Energy\n|-activate|p2b: \u538b\u8f74|ability: Protosynthesis|[fromitem]\n|-start|p2b: \u538b\u8f74|protosynthesisspa\n|move|p2a: \u8c01\u5bf9\u738b\u5ea7\u9732\u51fa\u7360\u7259|Protect|p2a: \u8c01\u5bf9\u738b\u5ea7\u9732\u51fa\u7360\u7259\n|-singleturn|p2a: \u8c01\u5bf9\u738b\u5ea7\u9732\u51fa\u7360\u7259|Protect\n|move|p1a: \u5965\u897f\u91cc\u65af\u7684\u5929\u7a7a\u9f99|Dragon Darts|p2b: \u538b\u8f74\n|-immune|p2b: \u538b\u8f74\n|move|p1b: \u57ce\u4e4b\u5185\u706b\u7130|Will-O-Wisp|p2b: \u538b\u8f74\n|-status|p2b: \u538b\u8f74|brn\n|\n|-damage|p2b: \u538b\u8f74|95\/100 brn|[from] brn\n|upkeep\n|turn|2\n|\n|t:|1682830032\n|switch|p2a: \u9526\u9ca4\u85cf\u4e8e\u707e\u7389|Chi-Yu, L50|100\/100\n|-ability|p2a: \u9526\u9ca4\u85cf\u4e8e\u707e\u7389|Beads of Ruin\n|-terastallize|p1a: \u5965\u897f\u91cc\u65af\u7684\u5929\u7a7a\u9f99|Steel\n|move|p1a: \u5965\u897f\u91cc\u65af\u7684\u5929\u7a7a\u9f99|Dragon Darts|p2a: \u9526\u9ca4\u85cf\u4e8e\u707e\u7389\n|-crit|p2a: \u9526\u9ca4\u85cf\u4e8e\u707e\u7389\n|-damage|p2a: \u9526\u9ca4\u85cf\u4e8e\u707e\u7389|15\/100\n|-anim|p1a: \u5965\u897f\u91cc\u65af\u7684\u5929\u7a7a\u9f99|Dragon Darts|p2a: \u9526\u9ca4\u85cf\u4e8e\u707e\u7389\n|-damage|p2a: \u9526\u9ca4\u85cf\u4e8e\u707e\u7389|0 fnt\n|faint|p2a: \u9526\u9ca4\u85cf\u4e8e\u707e\u7389\n|move|p2b: \u538b\u8f74|Shadow Ball|p1a: \u5965\u897f\u91cc\u65af\u7684\u5929\u7a7a\u9f99\n|-damage|p1a: \u5965\u897f\u91cc\u65af\u7684\u5929\u7a7a\u9f99|34\/100\n|move|p1b: \u57ce\u4e4b\u5185\u706b\u7130|Flare Blitz|p2b: \u538b\u8f74\n|-damage|p2b: \u538b\u8f74|25\/100 brn\n|-damage|p1b: \u57ce\u4e4b\u5185\u706b\u7130|84\/100|[from] Recoil\n|\n|-damage|p2b: \u538b\u8f74|19\/100 brn|[from] brn\n|upkeep\n|\n|t:|1682830051\n|switch|p2a: \u8c01\u5bf9\u738b\u5ea7\u9732\u51fa\u7360\u7259|Chien-Pao, L50|100\/100\n|-ability|p2a: \u8c01\u5bf9\u738b\u5ea7\u9732\u51fa\u7360\u7259|Sword of Ruin\n|turn|3\n|\n|t:|1682830073\n|switch|p1a: \u6817\u5b50\u7403|Amoonguss, L50, F|100\/100\n|move|p2a: \u8c01\u5bf9\u738b\u5ea7\u9732\u51fa\u7360\u7259|Sucker Punch||[still]\n|-fail|p2a: \u8c01\u5bf9\u738b\u5ea7\u9732\u51fa\u7360\u7259\n|move|p2b: \u538b\u8f74|Shadow Ball|p1b: \u57ce\u4e4b\u5185\u706b\u7130\n|-damage|p1b: \u57ce\u4e4b\u5185\u706b\u7130|31\/100\n|-unboost|p1b: \u57ce\u4e4b\u5185\u706b\u7130|spd|1\n|move|p1b: \u57ce\u4e4b\u5185\u706b\u7130|Flare Blitz|p2b: \u538b\u8f74\n|-damage|p2b: \u538b\u8f74|0 fnt\n|faint|p2b: \u538b\u8f74\n|-end|p2b: \u538b\u8f74|Protosynthesis|[silent]\n|-damage|p1b: \u57ce\u4e4b\u5185\u706b\u7130|27\/100|[from] Recoil\n|\n|upkeep\n|\n|t:|1682830085\n|switch|p2b: \u4e50\u8fea|Dragonite, L50, F|100\/100\n|turn|4\n|\n|t:|1682830113\n|switch|p1b: \u5965\u897f\u91cc\u65af\u7684\u5929\u7a7a\u9f99|Dragapult, L50, F, tera:Steel|34\/100\n|move|p1a: \u6817\u5b50\u7403|Protect|p1a: \u6817\u5b50\u7403\n|-singleturn|p1a: \u6817\u5b50\u7403|Protect\n|move|p2b: \u4e50\u8fea|Extreme Speed|p1b: \u5965\u897f\u91cc\u65af\u7684\u5929\u7a7a\u9f99\n|-resisted|p1b: \u5965\u897f\u91cc\u65af\u7684\u5929\u7a7a\u9f99\n|-damage|p1b: \u5965\u897f\u91cc\u65af\u7684\u5929\u7a7a\u9f99|8\/100\n|move|p2a: \u8c01\u5bf9\u738b\u5ea7\u9732\u51fa\u7360\u7259|Ice Spinner|p1a: \u6817\u5b50\u7403\n|-activate|p1a: \u6817\u5b50\u7403|move: Protect\n|\n|upkeep\n|turn|5\n|\n|t:|1682830140\n|switch|p1a: \u57ce\u4e4b\u5185\u706b\u7130|Arcanine, L50, M|27\/100\n|-ability|p1a: \u57ce\u4e4b\u5185\u706b\u7130|Intimidate|boost\n|-unboost|p2a: \u8c01\u5bf9\u738b\u5ea7\u9732\u51fa\u7360\u7259|atk|1\n|-unboost|p2b: \u4e50\u8fea|atk|1\n|-terastallize|p2b: \u4e50\u8fea|Flying\n|move|p1b: \u5965\u897f\u91cc\u65af\u7684\u5929\u7a7a\u9f99|Dragon Darts|p2a: \u8c01\u5bf9\u738b\u5ea7\u9732\u51fa\u7360\u7259\n|-damage|p2a: \u8c01\u5bf9\u738b\u5ea7\u9732\u51fa\u7360\u7259|53\/100\n|-anim|p1b: \u5965\u897f\u91cc\u65af\u7684\u5929\u7a7a\u9f99|Dragon Darts|p2b: \u4e50\u8fea\n|-damage|p2b: \u4e50\u8fea|78\/100\n|move|p2a: \u8c01\u5bf9\u738b\u5ea7\u9732\u51fa\u7360\u7259|Ice Spinner|p1a: \u57ce\u4e4b\u5185\u706b\u7130\n|-resisted|p1a: \u57ce\u4e4b\u5185\u706b\u7130\n|-damage|p1a: \u57ce\u4e4b\u5185\u706b\u7130|7\/100\n|move|p2b: \u4e50\u8fea|Tera Blast|p1a: \u57ce\u4e4b\u5185\u706b\u7130\n|-damage|p1a: \u57ce\u4e4b\u5185\u706b\u7130|0 fnt\n|faint|p1a: \u57ce\u4e4b\u5185\u706b\u7130\n|\n|upkeep\n|\n|t:|1682830155\n|switch|p1a: \u6697\u9ed1\u604b\u5c38\u72c2|Flutter Mane, L50|100\/100\n|-enditem|p1a: \u6697\u9ed1\u604b\u5c38\u72c2|Booster Energy\n|-activate|p1a: \u6697\u9ed1\u604b\u5c38\u72c2|ability: Protosynthesis|[fromitem]\n|-start|p1a: \u6697\u9ed1\u604b\u5c38\u72c2|protosynthesisspa\n|turn|6\n|\n|t:|1682830188\n|move|p2a: \u8c01\u5bf9\u738b\u5ea7\u9732\u51fa\u7360\u7259|Sucker Punch|p1b: \u5965\u897f\u91cc\u65af\u7684\u5929\u7a7a\u9f99\n|-damage|p1b: \u5965\u897f\u91cc\u65af\u7684\u5929\u7a7a\u9f99|0 fnt\n|faint|p1b: \u5965\u897f\u91cc\u65af\u7684\u5929\u7a7a\u9f99\n|move|p1a: \u6697\u9ed1\u604b\u5c38\u72c2|Moonblast|p2a: \u8c01\u5bf9\u738b\u5ea7\u9732\u51fa\u7360\u7259\n|-supereffective|p2a: \u8c01\u5bf9\u738b\u5ea7\u9732\u51fa\u7360\u7259\n|-damage|p2a: \u8c01\u5bf9\u738b\u5ea7\u9732\u51fa\u7360\u7259|0 fnt\n|faint|p2a: \u8c01\u5bf9\u738b\u5ea7\u9732\u51fa\u7360\u7259\n|move|p2b: \u4e50\u8fea|Tera Blast|p1a: \u6697\u9ed1\u604b\u5c38\u72c2\n|-damage|p1a: \u6697\u9ed1\u604b\u5c38\u72c2|28\/100\n|\n|upkeep\n|\n|t:|1682830191\n|switch|p1b: \u6817\u5b50\u7403|Amoonguss, L50, F|100\/100\n|turn|7\n|\n|t:|1682830201\n|move|p1b: \u6817\u5b50\u7403|Rage Powder|p1b: \u6817\u5b50\u7403\n|-singleturn|p1b: \u6817\u5b50\u7403|move: Rage Powder\n|move|p1a: \u6697\u9ed1\u604b\u5c38\u72c2|Thunderbolt|p2b: \u4e50\u8fea\n|-supereffective|p2b: \u4e50\u8fea\n|-damage|p2b: \u4e50\u8fea|7\/100\n|move|p2b: \u4e50\u8fea|Tera Blast|p1a: \u6697\u9ed1\u604b\u5c38\u72c2\n|-damage|p1a: \u6697\u9ed1\u604b\u5c38\u72c2|0 fnt\n|faint|p1a: \u6697\u9ed1\u604b\u5c38\u72c2\n|-end|p1a: \u6697\u9ed1\u604b\u5c38\u72c2|Protosynthesis|[silent]\n|\n|upkeep\n|turn|8\n|\n|t:|1682830215\n|move|p2b: \u4e50\u8fea|Tera Blast|p1b: \u6817\u5b50\u7403\n|-supereffective|p1b: \u6817\u5b50\u7403\n|-damage|p1b: \u6817\u5b50\u7403|29\/100\n|-enditem|p1b: \u6817\u5b50\u7403|Sitrus Berry|[eat]\n|-heal|p1b: \u6817\u5b50\u7403|54\/100|[from] item: Sitrus Berry\n|move|p1b: \u6817\u5b50\u7403|Spore|p2b: \u4e50\u8fea\n|-activate|p2b: \u4e50\u8fea|item: Safety Goggles|Spore\n|\n|upkeep\n|turn|9\n|\n|t:|1682830224\n|move|p2b: \u4e50\u8fea|Tera Blast|p1b: \u6817\u5b50\u7403\n|-supereffective|p1b: \u6817\u5b50\u7403\n|-damage|p1b: \u6817\u5b50\u7403|0 fnt\n|faint|p1b: \u6817\u5b50\u7403\n|\n|win|Evlers\n|l|\u2606Evlers\n|l|\u2606zjwf\n|j|\u2606Evlers\n|player|p2|Evlers|cynthia-gen7\n","uploadtime":1682830232,"views":25,"p1id":"zjwf","p2id":"evlers","formatid":"gen9vgc2023regulationc","rating":0,"private":0,"password":""}