{"id":"gen9vgc2023regulationc-1852425564","p1":"ChossyVGC","p2":"HoldaUno","format":"[Gen 9] VGC 2023 Regulation C","log":"|j|\u2606ChossyVGC\n|j|\u2606HoldaUno\n|t:|1682556066\n|gametype|doubles\n|player|p1|ChossyVGC|veteran|1073\n|player|p2|HoldaUno|102|1000\n|teamsize|p1|6\n|teamsize|p2|6\n|gen|9\n|tier|[Gen 9] VGC 2023 Regulation C\n|rated|\n|rule|Species Clause: Limit one of each Pok\u00e9mon\n|rule|Item Clause: Limit one of each item\n|clearpoke\n|poke|p1|Tatsugiri, L50, M|\n|poke|p1|Slowbro, L50, M|\n|poke|p1|Bronzong, L50|\n|poke|p1|Lycanroc-Midnight, L50, F|\n|poke|p1|Dondozo, L50, M|\n|poke|p1|Sableye, L50, M|\n|poke|p2|Mudbray, L50, M|\n|poke|p2|Gengar, L50, F|\n|poke|p2|Dugtrio, L50, F|\n|poke|p2|Lycanroc-Midnight, L50, M|\n|poke|p2|Indeedee-F, L50, F|\n|poke|p2|Sableye, L50, M|\n|teampreview|4\n|c|\u2606ChossyVGC|:)\n|c|\u2606ChossyVGC|nice team\n|\n|t:|1682556110\n|start\n|switch|p1a: Itzamna|Slowbro, L50, M, shiny|100\/100\n|switch|p1b: Ah-Puch|Lycanroc-Midnight, L50, F, shiny|100\/100\n|switch|p2a: Sableye|Sableye, L50, M, shiny|100\/100\n|switch|p2b: Indeedee|Indeedee-F, L50, F|100\/100\n|-fieldstart|move: Psychic Terrain|[from] ability: Psychic Surge|[of] p2b: Indeedee\n|turn|1\n|inactive|Battle timer is ON: inactive players will automatically lose when time's up. (requested by ChossyVGC)\n|inactive|HoldaUno has 60 seconds left.\n|inactive|ChossyVGC has 60 seconds left.\n|c|\u2606HoldaUno|Thx\n|\n|t:|1682556166\n|-terastallize|p1a: Itzamna|Normal\n|move|p2a: Sableye|Imprison|p2a: Sableye\n|-start|p2a: Sableye|move: Imprison\n|cant|p1b: Ah-Puch|move: Imprison|Taunt\n|move|p2b: Indeedee|Trick Room|p2b: Indeedee\n|-fieldstart|move: Trick Room|[of] p2b: Indeedee\n|move|p1a: Itzamna|Trick Room|p1a: Itzamna\n|-fieldend|move: Trick Room\n|\n|upkeep\n|turn|2\n|c|\u2606HoldaUno|Hehehe\n|c|\u2606ChossyVGC|lmao\n|inactive|ChossyVGC has 30 seconds left.\n|inactive|HoldaUno has 30 seconds left.\n|inactive|HoldaUno has 20 seconds left.\n|\n|t:|1682556201\n|switch|p1a: Tlacolotl|Dondozo, L50, M|100\/100\n|move|p2a: Sableye|Skill Swap|p1b: Ah-Puch\n|-activate|p1b: Ah-Puch|move: Psychic Terrain\n|move|p1b: Ah-Puch|Rock Slide|p2b: Indeedee|[spread] p2a,p2b\n|-crit|p2b: Indeedee\n|-damage|p2a: Sableye|72\/100\n|-damage|p2b: Indeedee|50\/100\n|move|p2b: Indeedee|Trick Room|p2b: Indeedee\n|-fieldstart|move: Trick Room|[of] p2b: Indeedee\n|\n|upkeep\n|turn|3\n|\n|t:|1682556223\n|switch|p2b: Lycanroc|Lycanroc-Midnight, L50, M, shiny|100\/100\n|move|p2a: Sableye|Skill Swap|p2b: Lycanroc\n|-activate|p2a: Sableye|move: Skill Swap|||[of] p2b: Lycanroc\n|move|p1a: Tlacolotl|Rock Slide|p2b: Lycanroc|[spread] p2a\n|-miss|p1a: Tlacolotl|p2b: Lycanroc\n|-damage|p2a: Sableye|60\/100\n|move|p1b: Ah-Puch|Rock Slide|p2a: Sableye|[spread] p2a,p2b\n|-damage|p2a: Sableye|35\/100\n|-damage|p2b: Lycanroc|74\/100\n|\n|-heal|p2b: Lycanroc|80\/100|[from] item: Leftovers\n|upkeep\n|turn|4\n|c|\u2606ChossyVGC|wait shouldn't you have done that on your dugtrio?\n|inactive|ChossyVGC has 30 seconds left.\n|inactive|ChossyVGC has 20 seconds left.\n|c|\u2606HoldaUno|?\n|\n|t:|1682556262\n|switch|p2b: Mudbray|Mudbray, L50, M, shiny|100\/100\n|move|p2a: Sableye|Skill Swap|p2b: Mudbray\n|-activate|p2a: Sableye|move: Skill Swap|||[of] p2b: Mudbray\n|move|p1a: Tlacolotl|Rock Slide|p2b: Mudbray|[spread] p2a,p2b\n|-resisted|p2b: Mudbray\n|-damage|p2a: Sableye|22\/100\n|-damage|p2b: Mudbray|95\/100\n|-ability|p2a: Sableye|Stamina|boost\n|-boost|p2a: Sableye|def|1\n|move|p1b: Ah-Puch|Rock Slide|p2a: Sableye|[spread] p2a,p2b\n|-resisted|p2b: Mudbray\n|-crit|p2b: Mudbray\n|-damage|p2a: Sableye|4\/100\n|-damage|p2b: Mudbray|78\/100\n|-ability|p2a: Sableye|Stamina|boost\n|-boost|p2a: Sableye|def|1\n|\n|upkeep\n|turn|5\n|c|\u2606ChossyVGC|I'm so confused rn lol\n|inactive|ChossyVGC has 30 seconds left.\n|inactive|HoldaUno has 30 seconds left.\n|inactive|HoldaUno has 20 seconds left.\n|\n|t:|1682556297\n|switch|p2a: Indeedee|Indeedee-F, L50, F|50\/100\n|move|p2b: Mudbray|Fissure|p1b: Ah-Puch\n|-enditem|p1b: Ah-Puch|Focus Sash\n|-damage|p1b: Ah-Puch|1\/100\n|move|p1a: Tlacolotl|Rock Slide|p2b: Mudbray|[spread] p2a,p2b\n|-resisted|p2b: Mudbray\n|-damage|p2a: Indeedee|32\/100\n|-damage|p2b: Mudbray|72\/100\n|move|p1b: Ah-Puch|Rock Slide|p2b: Mudbray|[spread] p2a,p2b\n|-resisted|p2b: Mudbray\n|-damage|p2a: Indeedee|0 fnt\n|-damage|p2b: Mudbray|59\/100\n|faint|p2a: Indeedee\n|\n|-fieldend|move: Psychic Terrain\n|upkeep\n|c|\u2606HoldaUno|Good\n|\n|t:|1682556316\n|switch|p2a: Sableye|Sableye, L50, M, shiny|4\/100\n|turn|6\n|c|\u2606ChossyVGC|I was trying to say you could've skill swapped a turn earlier\n|c|\u2606HoldaUno|Okay\n|c|\u2606ChossyVGC|cuz you still no guard from my lycanroc lol\n|inactive|ChossyVGC has 30 seconds left.\n|c|\u2606HoldaUno|Nah\n|\n|t:|1682556341\n|move|p1b: Ah-Puch|Protect|p1b: Ah-Puch\n|-singleturn|p1b: Ah-Puch|Protect\n|move|p2a: Sableye|Dazzling Gleam|p1b: Ah-Puch|[spread] p1a\n|-activate|p1b: Ah-Puch|move: Protect\n|-damage|p1a: Tlacolotl|92\/100\n|move|p2b: Mudbray|Fissure|p1a: Tlacolotl\n|-damage|p1a: Tlacolotl|0 fnt\n|faint|p1a: Tlacolotl\n|-ohko\n|\n|-fieldend|move: Trick Room\n|upkeep\n|c|\u2606HoldaUno|terrsin protected me\n|c|\u2606ChossyVGC|ohhh\n|c|\u2606ChossyVGC|ok\n|c|\u2606HoldaUno|I gooded\n|\n|t:|1682556359\n|switch|p1a: Ah-Hulneb|Tatsugiri, L50, M|100\/100\n|turn|7\n|c|\u2606HoldaUno|goofed*\n|c|\u2606ChossyVGC|gotcha\n|inactive|HoldaUno has 30 seconds left.\n|\n|t:|1682556388\n|move|p1a: Ah-Hulneb|Icy Wind|p2b: Mudbray|[spread] p2a,p2b\n|-supereffective|p2b: Mudbray\n|-damage|p2a: Sableye|0 fnt\n|-damage|p2b: Mudbray|30\/100\n|-unboost|p2b: Mudbray|spe|1\n|faint|p2a: Sableye\n|move|p1b: Ah-Puch|Rock Slide|p2b: Mudbray\n|-resisted|p2b: Mudbray\n|-damage|p2b: Mudbray|15\/100\n|cant|p2b: Mudbray|flinch\n|\n|upkeep\n|c|\u2606HoldaUno|Nooo\n|\n|t:|1682556404\n|switch|p2a: Lycanroc|Lycanroc-Midnight, L50, M, shiny|80\/100\n|turn|8\n|\n|t:|1682556412\n|-terastallize|p2a: Lycanroc|Fairy\n|move|p2b: Mudbray|Protect|p2b: Mudbray\n|-singleturn|p2b: Mudbray|Protect\n|move|p1a: Ah-Hulneb|Icy Wind|p2b: Mudbray|[spread] p2a\n|-activate|p2b: Mudbray|move: Protect\n|-damage|p2a: Lycanroc|67\/100\n|-unboost|p2a: Lycanroc|spe|1\n|move|p1b: Ah-Puch|Rock Slide|p2a: Lycanroc|[spread] p2a\n|-activate|p2b: Mudbray|move: Protect\n|-damage|p2a: Lycanroc|37\/100\n|move|p2a: Lycanroc|Play Rough|p1a: Ah-Hulneb\n|-supereffective|p1a: Ah-Hulneb\n|-damage|p1a: Ah-Hulneb|0 fnt\n|faint|p1a: Ah-Hulneb\n|\n|-heal|p2a: Lycanroc|44\/100|[from] item: Leftovers\n|upkeep\n|\n|t:|1682556430\n|switch|p1a: Itzamna|Slowbro, L50, M, shiny, tera:Normal|100\/100\n|turn|9\n|inactive|HoldaUno has 30 seconds left.\n|\n|t:|1682556457\n|move|p1b: Ah-Puch|Rock Slide|p2a: Lycanroc|[spread] p2a,p2b\n|-resisted|p2b: Mudbray\n|-damage|p2a: Lycanroc|15\/100\n|-damage|p2b: Mudbray|3\/100\n|move|p2a: Lycanroc|Stone Edge|p1b: Ah-Puch\n|-damage|p1b: Ah-Puch|0 fnt\n|faint|p1b: Ah-Puch\n|move|p1a: Itzamna|Heal Pulse|p1: Ah-Puch|[notarget]\n|-fail|p1a: Itzamna\n|move|p2b: Mudbray|Fissure|p1a: Itzamna\n|-damage|p1a: Itzamna|0 fnt\n|faint|p1a: Itzamna\n|-ohko\n|\n|win|HoldaUno\n|raw|ChossyVGC's rating: 1073 → 1048<\/strong> (-25 for losing)\n|raw|HoldaUno's rating: 1000 → 1048<\/strong> (+48 for winning)\n|c|\u2606ChossyVGC|ggs good sir\n|c|\u2606HoldaUno|Gg\n","uploadtime":1682556474,"views":14,"p1id":"chossyvgc","p2id":"holdauno","formatid":"gen9vgc2023regulationc","rating":1048,"private":0,"password":""}