{"id":"gen9vgc2023regulationc-1854850718","p1":"flameingpigey2","p2":"bennoVGC","format":"[Gen 9] VGC 2023 Regulation C","log":"|j|\u2606flameingpigey2\n|j|\u2606bennoVGC\n|t:|1682873255\n|gametype|doubles\n|player|p1|flameingpigey2|hilbert-wonderlauncher|\n|player|p2|bennoVGC|265|\n|teamsize|p1|6\n|teamsize|p2|6\n|gen|9\n|tier|[Gen 9] VGC 2023 Regulation C\n|rule|Species Clause: Limit one of each Pok\u00e9mon\n|rule|Item Clause: Limit one of each item\n|clearpoke\n|poke|p1|Garganacl, L50, F|\n|poke|p1|Arcanine, L50, M|\n|poke|p1|Iron Hands, L50|\n|poke|p1|Gothitelle, L50, M|\n|poke|p1|Amoonguss, L50, F|\n|poke|p1|Flutter Mane, L50|\n|poke|p2|Palafin, L50, M|\n|poke|p2|Arcanine, L50, F|\n|poke|p2|Flutter Mane, L50|\n|poke|p2|Amoonguss, L50, M|\n|poke|p2|Pawmot, L50, M|\n|poke|p2|Ting-Lu, L50|\n|teampreview|4\nbennoVGC has agreed to open team sheets.\nflameingpigey2 has agreed to open team sheets.\n|c|\u2606bennoVGC|gl hf :D\n|c|\u2606flameingpigey2|u2!\n|\n|t:|1682873385\n|start\n|switch|p1a: Gothitelle|Gothitelle, L50, M|100\/100\n|switch|p1b: Iron Hands|Iron Hands, L50|100\/100\n|switch|p2a: Flutter Mane|Flutter Mane, L50, shiny|100\/100\n|switch|p2b: Pawmot|Pawmot, L50, M, shiny|100\/100\n|turn|1\n|\n|t:|1682873437\n|-end|p1b: Iron Hands|Quark Drive|[silent]\n|switch|p1b: Arcanine|Arcanine, L50, M|100\/100\n|-ability|p1b: Arcanine|Intimidate|boost\n|-unboost|p2a: Flutter Mane|atk|1\n|-unboost|p2b: Pawmot|atk|1\n|move|p2b: Pawmot|Fake Out|p1b: Arcanine\n|-damage|p1b: Arcanine|91\/100\n|move|p2a: Flutter Mane|Shadow Ball|p1a: Gothitelle\n|-supereffective|p1a: Gothitelle\n|-damage|p1a: Gothitelle|18\/100\n|-enditem|p1a: Gothitelle|Sitrus Berry|[eat]\n|-heal|p1a: Gothitelle|43\/100|[from] item: Sitrus Berry\n|move|p1a: Gothitelle|Psychic|p2b: Pawmot\n|-supereffective|p2b: Pawmot\n|-enditem|p2b: Pawmot|Focus Sash\n|-damage|p2b: Pawmot|1\/100\n|\n|upkeep\n|turn|2\n|\n|t:|1682873478\n|move|p2a: Flutter Mane|Shadow Ball|p1b: Arcanine\n|-damage|p1b: Arcanine|32\/100\n|move|p2b: Pawmot|Double Shock|p1b: Arcanine\n|-damage|p1b: Arcanine|0 fnt\n|-start|p2b: Pawmot|typechange|???\/Fighting|[from] move: Double Shock\n|faint|p1b: Arcanine\n|move|p1a: Gothitelle|Psychic|p2b: Pawmot\n|-supereffective|p2b: Pawmot\n|-damage|p2b: Pawmot|0 fnt\n|faint|p2b: Pawmot\n|\n|upkeep\n|\n|t:|1682873493\n|switch|p2b: Ting-Lu|Ting-Lu, L50|100\/100\n|switch|p1b: Iron Hands|Iron Hands, L50|100\/100\n|-ability|p2b: Ting-Lu|Vessel of Ruin\n|turn|3\n|\n|t:|1682873565\n|-terastallize|p1b: Iron Hands|Fighting\n|-terastallize|p2b: Ting-Lu|Poison\n|move|p2a: Flutter Mane|Shadow Ball|p1a: Gothitelle\n|-supereffective|p1a: Gothitelle\n|-damage|p1a: Gothitelle|0 fnt\n|faint|p1a: Gothitelle\n|move|p1b: Iron Hands|Close Combat|p2b: Ting-Lu\n|-resisted|p2b: Ting-Lu\n|-damage|p2b: Ting-Lu|75\/100\n|-unboost|p1b: Iron Hands|def|1\n|-unboost|p1b: Iron Hands|spd|1\n|move|p2b: Ting-Lu|Fissure|p1b: Iron Hands|[miss]\n|-miss|p2b: Ting-Lu|p1b: Iron Hands\n|\n|upkeep\n|\n|t:|1682873577\n|switch|p1a: Garganacl|Garganacl, L50, F|100\/100\n|turn|4\n|\n|t:|1682873628\n|move|p2a: Flutter Mane|Shadow Ball|p1b: Iron Hands\n|-damage|p1b: Iron Hands|62\/100\n|move|p1b: Iron Hands|Wild Charge|p2b: Ting-Lu\n|-damage|p2b: Ting-Lu|46\/100\n|-damage|p1b: Iron Hands|54\/100|[from] Recoil\n|move|p2b: Ting-Lu|Stomping Tantrum|p1b: Iron Hands\n|-damage|p1b: Iron Hands|0 fnt\n|faint|p1b: Iron Hands\n|-end|p1b: Iron Hands|Quark Drive|[silent]\n|move|p1a: Garganacl|Salt Cure|p2b: Ting-Lu\n|-damage|p2b: Ting-Lu|39\/100\n|-start|p2b: Ting-Lu|Salt Cure\n|\n|-damage|p2b: Ting-Lu|26\/100|[from] Salt Cure\n|upkeep\n|turn|5\n|\n|t:|1682873650\n|switch|p2b: Amoonguss|Amoonguss, L50, M, shiny|100\/100\n|move|p1a: Garganacl|Protect|p1a: Garganacl\n|-singleturn|p1a: Garganacl|Protect\n|move|p2a: Flutter Mane|Shadow Ball|p1a: Garganacl\n|-activate|p1a: Garganacl|move: Protect\n|\n|upkeep\n|turn|6\n|\n|t:|1682873660\n|move|p2b: Amoonguss|Rage Powder|p2b: Amoonguss\n|-singleturn|p2b: Amoonguss|move: Rage Powder\n|move|p2a: Flutter Mane|Shadow Ball|p1a: Garganacl\n|-damage|p1a: Garganacl|82\/100\n|move|p1a: Garganacl|Salt Cure|p2b: Amoonguss\n|-damage|p2b: Amoonguss|88\/100\n|-start|p2b: Amoonguss|Salt Cure\n|\n|-heal|p1a: Garganacl|87\/100|[from] item: Leftovers\n|-damage|p2b: Amoonguss|76\/100|[from] Salt Cure\n|upkeep\n|turn|7\n|\n|t:|1682873665\n|-end|p2a: Flutter Mane|Protosynthesis|[silent]\n|switch|p2a: Ting-Lu|Ting-Lu, L50, tera:Poison|26\/100\n|-ability|p2a: Ting-Lu|Vessel of Ruin\n|move|p2b: Amoonguss|Rage Powder|p2b: Amoonguss\n|-singleturn|p2b: Amoonguss|move: Rage Powder\n|move|p1a: Garganacl|Salt Cure|p2b: Amoonguss\n|-damage|p2b: Amoonguss|65\/100\n|\n|-heal|p1a: Garganacl|93\/100|[from] item: Leftovers\n|-damage|p2b: Amoonguss|53\/100|[from] Salt Cure\n|upkeep\n|turn|8\n|\n|t:|1682873696\n|move|p2a: Ting-Lu|Fissure|p1a: Garganacl|[miss]\n|-miss|p2a: Ting-Lu|p1a: Garganacl\n|move|p1a: Garganacl|Salt Cure|p2a: Ting-Lu\n|-damage|p2a: Ting-Lu|18\/100\n|-start|p2a: Ting-Lu|Salt Cure\n|move|p2b: Amoonguss|Pollen Puff|p2a: Ting-Lu\n|-heal|p2a: Ting-Lu|68\/100\n|\n|-heal|p1a: Garganacl|99\/100|[from] item: Leftovers\n|-damage|p2a: Ting-Lu|56\/100|[from] Salt Cure\n|-damage|p2b: Amoonguss|40\/100|[from] Salt Cure\n|upkeep\n|-enditem|p2b: Amoonguss|Sitrus Berry|[eat]\n|-heal|p2b: Amoonguss|65\/100|[from] item: Sitrus Berry\n|turn|9\n|\n|t:|1682873707\n|move|p1a: Garganacl|Protect|p1a: Garganacl\n|-singleturn|p1a: Garganacl|Protect\n|move|p2b: Amoonguss|Rage Powder|p2b: Amoonguss\n|-singleturn|p2b: Amoonguss|move: Rage Powder\n|move|p2a: Ting-Lu|Stomping Tantrum|p1a: Garganacl\n|-activate|p1a: Garganacl|move: Protect\n|\n|-heal|p1a: Garganacl|100\/100|[from] item: Leftovers\n|-damage|p2a: Ting-Lu|44\/100|[from] Salt Cure\n|-damage|p2b: Amoonguss|53\/100|[from] Salt Cure\n|upkeep\n|turn|10\n|\n|t:|1682873714\n|move|p2a: Ting-Lu|Fissure|p1a: Garganacl|[miss]\n|-miss|p2a: Ting-Lu|p1a: Garganacl\n|move|p1a: Garganacl|Recover||[still]\n|-fail|p1a: Garganacl|heal\n|move|p2b: Amoonguss|Pollen Puff|p2a: Ting-Lu\n|-heal|p2a: Ting-Lu|94\/100\n|\n|-damage|p2a: Ting-Lu|82\/100|[from] Salt Cure\n|-damage|p2b: Amoonguss|41\/100|[from] Salt Cure\n|upkeep\n|turn|11\n|\n|t:|1682873737\n|move|p1a: Garganacl|Protect|p1a: Garganacl\n|-singleturn|p1a: Garganacl|Protect\n|move|p2a: Ting-Lu|Stomping Tantrum|p1a: Garganacl\n|-activate|p1a: Garganacl|move: Protect\n|move|p2b: Amoonguss|Pollen Puff|p2a: Ting-Lu\n|-heal|p2a: Ting-Lu|100\/100\n|\n|-damage|p2a: Ting-Lu|88\/100|[from] Salt Cure\n|-damage|p2b: Amoonguss|29\/100|[from] Salt Cure\n|upkeep\n|turn|12\n|\n|t:|1682873756\n|switch|p2b: Flutter Mane|Flutter Mane, L50, shiny|100\/100\n|move|p2a: Ting-Lu|Fissure|p1a: Garganacl|[miss]\n|-miss|p2a: Ting-Lu|p1a: Garganacl\n|move|p1a: Garganacl|Salt Cure|p2b: Flutter Mane\n|-damage|p2b: Flutter Mane|76\/100\n|-start|p2b: Flutter Mane|Salt Cure\n|\n|-damage|p2b: Flutter Mane|64\/100|[from] Salt Cure\n|-damage|p2a: Ting-Lu|76\/100|[from] Salt Cure\n|upkeep\n|turn|13\n|\n|t:|1682873769\n|-end|p2b: Flutter Mane|Protosynthesis|[silent]\n|switch|p2b: Amoonguss|Amoonguss, L50, M, shiny|62\/100\n|move|p1a: Garganacl|Protect|p1a: Garganacl\n|-singleturn|p1a: Garganacl|Protect\n|move|p2a: Ting-Lu|Stomping Tantrum|p1a: Garganacl\n|-activate|p1a: Garganacl|move: Protect\n|\n|-damage|p2a: Ting-Lu|64\/100|[from] Salt Cure\n|upkeep\n|turn|14\n|\n|t:|1682873780\n|move|p2a: Ting-Lu|Fissure|p1a: Garganacl|[miss]\n|-miss|p2a: Ting-Lu|p1a: Garganacl\n|move|p1a: Garganacl|Recover||[still]\n|-fail|p1a: Garganacl|heal\n|move|p2b: Amoonguss|Pollen Puff|p2a: Ting-Lu\n|-heal|p2a: Ting-Lu|100\/100\n|\n|-damage|p2a: Ting-Lu|88\/100|[from] Salt Cure\n|upkeep\n|turn|15\n|\n|t:|1682873792\n|move|p1a: Garganacl|Protect|p1a: Garganacl\n|-singleturn|p1a: Garganacl|Protect\n|move|p2a: Ting-Lu|Stomping Tantrum|p1a: Garganacl\n|-activate|p1a: Garganacl|move: Protect\n|move|p2b: Amoonguss|Pollen Puff|p2a: Ting-Lu\n|-heal|p2a: Ting-Lu|100\/100\n|\n|-damage|p2a: Ting-Lu|88\/100|[from] Salt Cure\n|upkeep\n|turn|16\n|\n|t:|1682873802\n|move|p2b: Amoonguss|Protect|p2b: Amoonguss\n|-singleturn|p2b: Amoonguss|Protect\n|move|p2a: Ting-Lu|Fissure|p1a: Garganacl\n|-damage|p1a: Garganacl|0 fnt\n|faint|p1a: Garganacl\n|-ohko\n|\n|win|bennoVGC\n|c|\u2606bennoVGC|gg\n|c|\u2606flameingpigey2|gg\n","uploadtime":1682873852,"views":8,"p1id":"flameingpigey2","p2id":"bennovgc","formatid":"gen9vgc2023regulationc","rating":0,"private":0,"password":""}