{"id":"gen9vgc2023regulationc-1863942051","p1":"kwikpanik","p2":"nickfang6","format":"[Gen 9] VGC 2023 Regulation C","log":"|j|\u2606kwikpanik\n|j|\u2606nickfang6\n|t:|1684096020\n|gametype|doubles\n|player|p1|kwikpanik|ethan|1409\n|player|p2|nickfang6|101|1427\n|teamsize|p1|6\n|teamsize|p2|6\n|gen|9\n|tier|[Gen 9] VGC 2023 Regulation C\n|rated|\n|rule|Species Clause: Limit one of each Pok\u00e9mon\n|rule|Item Clause: Limit one of each item\n|clearpoke\n|poke|p1|Iron Bundle, L50|\n|poke|p1|Flutter Mane, L50|\n|poke|p1|Dragonite, L50, M|\n|poke|p1|Annihilape, L50, F|\n|poke|p1|Abomasnow, L50, F|\n|poke|p1|Arcanine, L50, M|\n|poke|p2|Iron Bundle, L50|\n|poke|p2|Flutter Mane, L50|\n|poke|p2|Chien-Pao, L50|\n|poke|p2|Kingambit, L50, F|\n|poke|p2|Scizor, L50, F|\n|poke|p2|Great Tusk, L50|\n|teampreview|4\n|inactive|Battle timer is ON: inactive players will automatically lose when time's up. (requested by nickfang6)\nkwikpanik has agreed to open team sheets.\nnickfang6 has agreed to open team sheets.\n|inactive|kwikpanik has 60 seconds left.\n|inactive|nickfang6 has 60 seconds left.\n|inactive|kwikpanik has 30 seconds left.\n|inactive|kwikpanik has 20 seconds left.\n|inactive|kwikpanik has 15 seconds left.\n|inactive|kwikpanik has 10 seconds left.\n|inactive|kwikpanik has 5 seconds left.\n|\n|t:|1684096105\n|start\n|switch|p1a: Annihilape|Annihilape, L50, F, shiny|100\/100\n|switch|p1b: Iron Bundle|Iron Bundle, L50, shiny|100\/100\n|switch|p2a: Iron Bundle|Iron Bundle, L50|100\/100\n|switch|p2b: Flutter Mane|Flutter Mane, L50|100\/100\n|-enditem|p2a: Iron Bundle|Booster Energy\n|-activate|p2a: Iron Bundle|ability: Quark Drive|[fromitem]\n|-start|p2a: Iron Bundle|quarkdrivespe\n|-enditem|p1b: Iron Bundle|Booster Energy\n|-activate|p1b: Iron Bundle|ability: Quark Drive|[fromitem]\n|-start|p1b: Iron Bundle|quarkdrivespe\n|turn|1\n|inactive|kwikpanik has 30 seconds left.\n|inactive|nickfang6 has 30 seconds left.\n|inactive|kwikpanik has 20 seconds left.\n|\n|t:|1684096143\n|-terastallize|p1a: Annihilape|Fire\n|move|p1b: Iron Bundle|Protect|p1b: Iron Bundle\n|-singleturn|p1b: Iron Bundle|Protect\n|move|p2a: Iron Bundle|Freeze-Dry|p1b: Iron Bundle\n|-activate|p1b: Iron Bundle|move: Protect\n|move|p2b: Flutter Mane|Moonblast|p1a: Annihilape\n|-resisted|p1a: Annihilape\n|-damage|p1a: Annihilape|76\/100\n|-unboost|p1a: Annihilape|spa|1\n|-ability|p1a: Annihilape|Defiant|boost\n|-boost|p1a: Annihilape|atk|2\n|-damage|p2b: Flutter Mane|91\/100|[from] item: Life Orb\n|move|p1a: Annihilape|Phantom Force||[still]\n|-prepare|p1a: Annihilape|Phantom Force\n|\n|upkeep\n|turn|2\n|\n|t:|1684096168\n|-end|p1b: Iron Bundle|Quark Drive|[silent]\n|switch|p1b: Abomasnow|Abomasnow, L50, F, shiny|100\/100\n|-weather|Snow|[from] ability: Snow Warning|[of] p1b: Abomasnow\n|-end|p2b: Flutter Mane|Protosynthesis|[silent]\n|switch|p2b: Kingambit|Kingambit, L50, F|100\/100\n|move|p2a: Iron Bundle|Freeze-Dry|p1b: Abomasnow\n|-damage|p1b: Abomasnow|65\/100\n|move|p1a: Annihilape|Phantom Force|p2b: Kingambit|[from]lockedmove\n|-resisted|p2b: Kingambit\n|-damage|p2b: Kingambit|71\/100\n|\n|-weather|Snow|[upkeep]\n|upkeep\n|turn|3\n|inactive|kwikpanik has 30 seconds left.\n|inactive|nickfang6 has 30 seconds left.\n|inactive|nickfang6 has 20 seconds left.\n|\n|t:|1684096203\n|-terastallize|p2a: Iron Bundle|Ghost\n|move|p2a: Iron Bundle|Hydro Pump|p1a: Annihilape\n|-supereffective|p1a: Annihilape\n|-damage|p1a: Annihilape|0 fnt\n|faint|p1a: Annihilape\n|move|p1b: Abomasnow|Energy Ball|p2a: Iron Bundle\n|-damage|p2a: Iron Bundle|25\/100\n|move|p2b: Kingambit|Brick Break|p1b: Abomasnow\n|-supereffective|p1b: Abomasnow\n|-damage|p1b: Abomasnow|31\/100\n|\n|-weather|Snow|[upkeep]\n|upkeep\n|\n|t:|1684096214\n|switch|p1a: Iron Bundle|Iron Bundle, L50, shiny|100\/100\n|turn|4\n|\n|t:|1684096236\n|move|p2a: Iron Bundle|Icy Wind|p1b: Abomasnow|[spread] p1a,p1b\n|-resisted|p1a: Iron Bundle\n|-damage|p1a: Iron Bundle|92\/100\n|-damage|p1b: Abomasnow|8\/100\n|-unboost|p1a: Iron Bundle|spe|1\n|-unboost|p1b: Abomasnow|spe|1\n|move|p1a: Iron Bundle|Aurora Veil|p1a: Iron Bundle\n|-sidestart|p1: kwikpanik|move: Aurora Veil\n|move|p2b: Kingambit|Brick Break|p1a: Iron Bundle\n|-sideend|p1: kwikpanik|move: Aurora Veil\n|-supereffective|p1a: Iron Bundle\n|-damage|p1a: Iron Bundle|46\/100\n|move|p1b: Abomasnow|Blizzard|p2a: Iron Bundle|[spread] p2a,p2b\n|-resisted|p2b: Kingambit\n|-damage|p2a: Iron Bundle|0 fnt\n|-damage|p2b: Kingambit|61\/100\n|faint|p2a: Iron Bundle\n|-end|p2a: Iron Bundle|Quark Drive|[silent]\n|\n|-weather|Snow|[upkeep]\n|upkeep\n|\n|t:|1684096250\n|switch|p2a: Flutter Mane|Flutter Mane, L50|91\/100\n|turn|5\n|\n|t:|1684096259\n|move|p2b: Kingambit|Sucker Punch|p1a: Iron Bundle\n|-damage|p1a: Iron Bundle|10\/100\n|move|p1b: Abomasnow|Ice Shard|p2a: Flutter Mane\n|-damage|p2a: Flutter Mane|72\/100\n|move|p2a: Flutter Mane|Dazzling Gleam|p1a: Iron Bundle|[spread] p1a,p1b\n|-damage|p1a: Iron Bundle|0 fnt\n|-damage|p1b: Abomasnow|0 fnt\n|faint|p1a: Iron Bundle\n|-end|p1a: Iron Bundle|Quark Drive|[silent]\n|faint|p1b: Abomasnow\n|-damage|p2a: Flutter Mane|62\/100|[from] item: Life Orb\n|\n|-weather|Snow|[upkeep]\n|upkeep\n|\n|t:|1684096270\n|switch|p1b: Flutter Mane|Flutter Mane, L50, shiny|100\/100\n|turn|6\n|\n|t:|1684096283\n|move|p2a: Flutter Mane|Shadow Ball|p1b: Flutter Mane\n|-supereffective|p1b: Flutter Mane\n|-damage|p1b: Flutter Mane|17\/100\n|-damage|p2a: Flutter Mane|52\/100|[from] item: Life Orb\n|move|p1b: Flutter Mane|Moonblast|p2a: Flutter Mane\n|-damage|p2a: Flutter Mane|0 fnt\n|faint|p2a: Flutter Mane\n|-end|p2a: Flutter Mane|Protosynthesis|[silent]\n|move|p2b: Kingambit|Iron Head|p1b: Flutter Mane\n|-supereffective|p1b: Flutter Mane\n|-damage|p1b: Flutter Mane|0 fnt\n|faint|p1b: Flutter Mane\n|-end|p1b: Flutter Mane|Protosynthesis|[silent]\n|\n|win|nickfang6\n|raw|kwikpanik's rating: 1409 → 1390<\/strong> (-19 for losing)\n|raw|nickfang6's rating: 1427 → 1446<\/strong> (+19 for winning)\n|l|\u2606kwikpanik\n","uploadtime":1684096296,"views":12,"p1id":"kwikpanik","p2id":"nickfang6","formatid":"gen9vgc2023regulationc","rating":1390,"private":0,"password":""}