{"id":"gen9vgc2023regulationc-1857466552","p1":"Timo_0320","p2":"tadano-reol","format":"[Gen 9] VGC 2023 Regulation C","log":"|j|\u2606Timo_0320\n|j|\u2606tadano-reol\n|t:|1683197581\n|gametype|doubles\n|player|p1|Timo_0320|169|1222\n|player|p2|tadano-reol|red|1146\n|teamsize|p1|6\n|teamsize|p2|6\n|gen|9\n|tier|[Gen 9] VGC 2023 Regulation C\n|rated|\n|rule|Species Clause: Limit one of each Pok\u00e9mon\n|rule|Item Clause: Limit one of each item\n|clearpoke\n|poke|p1|Annihilape, L50, F|\n|poke|p1|Quaquaval, L50, M|\n|poke|p1|Amoonguss, L50, F|\n|poke|p1|Iron Hands, L50|\n|poke|p1|Iron Bundle, L50|\n|poke|p1|Volcarona, L50, F|\n|poke|p2|Armarouge, L50, M|\n|poke|p2|Indeedee-F, L50, F|\n|poke|p2|Roaring Moon, L50|\n|poke|p2|Corviknight, L50, M|\n|poke|p2|Garchomp, L50, F|\n|poke|p2|Flutter Mane, L50|\n|teampreview|4\n|inactive|Battle timer is ON: inactive players will automatically lose when time's up. (requested by tadano-reol)\n|j| hisanory\n|inactive|Timo_0320 has 60 seconds left.\n|\n|t:|1683197622\n|start\n|switch|p1a: Volcarona|Volcarona, L50, F|100\/100\n|switch|p1b: Quaquaval|Quaquaval, L50, M|100\/100\n|switch|p2a: Garchomp|Garchomp, L50, F|100\/100\n|switch|p2b: Roaring Moon|Roaring Moon, L50, shiny|100\/100\n|-enditem|p2b: Roaring Moon|Booster Energy\n|-activate|p2b: Roaring Moon|ability: Protosynthesis|[fromitem]\n|-start|p2b: Roaring Moon|protosynthesisspe\n|turn|1\n|inactive|Timo_0320 has 30 seconds left.\n|\n|t:|1683197652\n|-terastallize|p2b: Roaring Moon|Flying\n|move|p1a: Volcarona|Protect|p1a: Volcarona\n|-singleturn|p1a: Volcarona|Protect\n|move|p2b: Roaring Moon|Acrobatics|p1b: Quaquaval\n|-supereffective|p1b: Quaquaval\n|-damage|p1b: Quaquaval|0 fnt\n|faint|p1b: Quaquaval\n|move|p2a: Garchomp|Earthquake|p1a: Volcarona|[spread] \n|-activate|p1a: Volcarona|move: Protect\n|-immune|p2b: Roaring Moon\n|\n|upkeep\n|\n|t:|1683197663\n|switch|p1b: Amoonguss|Amoonguss, L50, F|100\/100\n|turn|2\n|inactive|Timo_0320 has 30 seconds left.\n|\n|t:|1683197690\n|move|p2b: Roaring Moon|Acrobatics|p1b: Amoonguss\n|-supereffective|p1b: Amoonguss\n|-damage|p1b: Amoonguss|0 fnt\n|-damage|p2b: Roaring Moon|84\/100|[from] item: Rocky Helmet|[of] p1b: Amoonguss\n|faint|p1b: Amoonguss\n|move|p2a: Garchomp|Earthquake|p1a: Volcarona|[spread] p1a\n|-immune|p2b: Roaring Moon\n|-damage|p1a: Volcarona|55\/100\n|move|p1a: Volcarona|Quiver Dance|p1a: Volcarona\n|-boost|p1a: Volcarona|spa|1\n|-boost|p1a: Volcarona|spd|1\n|-boost|p1a: Volcarona|spe|1\n|\n|upkeep\n|\n|t:|1683197701\n|switch|p1b: Iron Bundle|Iron Bundle, L50|100\/100\n|-enditem|p1b: Iron Bundle|Booster Energy\n|-activate|p1b: Iron Bundle|ability: Quark Drive|[fromitem]\n|-start|p1b: Iron Bundle|quarkdrivespe\n|turn|3\n|\n|t:|1683197721\n|move|p1a: Volcarona|Protect|p1a: Volcarona\n|-singleturn|p1a: Volcarona|Protect\n|move|p1b: Iron Bundle|Freeze-Dry|p2a: Garchomp\n|-supereffective|p2a: Garchomp\n|-damage|p2a: Garchomp|0 fnt\n|faint|p2a: Garchomp\n|move|p2b: Roaring Moon|Tailwind|p2b: Roaring Moon\n|-sidestart|p2: tadano-reol|move: Tailwind\n|\n|upkeep\n|\n|t:|1683197739\n|switch|p2a: Corviknight|Corviknight, L50, M|100\/100\n|turn|4\n|\n|t:|1683197753\n|-terastallize|p1a: Volcarona|Steel\n|move|p2b: Roaring Moon|Acrobatics|p1a: Volcarona\n|-resisted|p1a: Volcarona\n|-damage|p1a: Volcarona|25\/100\n|-status|p2b: Roaring Moon|brn|[from] ability: Flame Body|[of] p1a: Volcarona\n|-enditem|p1a: Volcarona|Wiki Berry|[eat]\n|-heal|p1a: Volcarona|58\/100|[from] item: Wiki Berry\n|move|p1b: Iron Bundle|Freeze-Dry|p2b: Roaring Moon\n|-supereffective|p2b: Roaring Moon\n|-damage|p2b: Roaring Moon|17\/100 brn\n|move|p2a: Corviknight|Iron Head|p1b: Iron Bundle\n|-damage|p1b: Iron Bundle|65\/100\n|move|p1a: Volcarona|Fiery Dance|p2b: Roaring Moon\n|-damage|p2b: Roaring Moon|0 fnt\n|faint|p2b: Roaring Moon\n|-end|p2b: Roaring Moon|Protosynthesis|[silent]\n|\n|upkeep\n|\n|t:|1683197767\n|switch|p2b: Flutter Mane|Flutter Mane, L50|100\/100\n|turn|5\n|\n|t:|1683197779\n|move|p2b: Flutter Mane|Thunderbolt|p1b: Iron Bundle\n|-supereffective|p1b: Iron Bundle\n|-damage|p1b: Iron Bundle|0 fnt\n|faint|p1b: Iron Bundle\n|-end|p1b: Iron Bundle|Quark Drive|[silent]\n|move|p2a: Corviknight|Brave Bird|p1a: Volcarona\n|-resisted|p1a: Volcarona\n|-damage|p1a: Volcarona|35\/100\n|-status|p2a: Corviknight|brn|[from] ability: Flame Body|[of] p1a: Volcarona\n|-damage|p2a: Corviknight|93\/100 brn|[from] Recoil\n|move|p1a: Volcarona|Fiery Dance|p2a: Corviknight\n|-supereffective|p2a: Corviknight\n|-damage|p2a: Corviknight|4\/100 brn\n|-enditem|p2a: Corviknight|Sitrus Berry|[eat]\n|-heal|p2a: Corviknight|29\/100 brn|[from] item: Sitrus Berry\n|\n|-damage|p2a: Corviknight|23\/100 brn|[from] brn\n|upkeep\n|turn|6\n|\n|t:|1683197801\n|move|p2b: Flutter Mane|Thunderbolt|p1a: Volcarona\n|-damage|p1a: Volcarona|12\/100\n|move|p2a: Corviknight|Iron Head|p1a: Volcarona\n|-resisted|p1a: Volcarona\n|-damage|p1a: Volcarona|5\/100\n|move|p1a: Volcarona|Fiery Dance|p2b: Flutter Mane\n|-damage|p2b: Flutter Mane|54\/100\n|-boost|p1a: Volcarona|spa|1\n|\n|-damage|p2a: Corviknight|18\/100 brn|[from] brn\n|-sideend|p2: tadano-reol|move: Tailwind\n|upkeep\n|turn|7\n|\n|t:|1683197818\n|move|p2b: Flutter Mane|Thunderbolt|p1a: Volcarona\n|-damage|p1a: Volcarona|0 fnt\n|faint|p1a: Volcarona\n|\n|win|tadano-reol\n|raw|Timo_0320's rating: 1222 → 1192<\/strong> (-30 for losing)\n|raw|tadano-reol's rating: 1146 → 1176<\/strong> (+30 for winning)\n|l|\u2606Timo_0320\n|l|\u2606tadano-reol\n|l| hisanory\n|j| hisanory\n","uploadtime":1683197833,"views":12,"p1id":"timo0320","p2id":"tadanoreol","formatid":"gen9vgc2023regulationc","rating":1176,"private":0,"password":""}