{"id":"gen9vgc2023regulationc-1859101270","p1":"VeryGayContentVGC","p2":"AshVGCMX","format":"[Gen 9] VGC 2023 Regulation C","log":"|j|\u2606VeryGayContentVGC\n|j|\u2606AshVGCMX\n|t:|1683404561\n|gametype|doubles\n|player|p1|VeryGayContentVGC|argenta|1532\n|player|p2|AshVGCMX|ash-capbackward|1507\n|teamsize|p1|6\n|teamsize|p2|6\n|gen|9\n|tier|[Gen 9] VGC 2023 Regulation C\n|rated|\n|rule|Species Clause: Limit one of each Pok\u00e9mon\n|rule|Item Clause: Limit one of each item\n|clearpoke\n|poke|p1|Abomasnow, L50, F|\n|poke|p1|Iron Bundle, L50|\n|poke|p1|Chien-Pao, L50|\n|poke|p1|Maushold, L50|\n|poke|p1|Annihilape, L50, F|\n|poke|p1|Palafin, L50, F|\n|poke|p2|Pikachu, L50, M|\n|poke|p2|Flutter Mane, L50|\n|poke|p2|Chi-Yu, L50|\n|poke|p2|Gholdengo, L50|\n|poke|p2|Murkrow, L50, M|\n|poke|p2|Great Tusk, L50|\n|teampreview|4\n|inactive|Battle timer is ON: inactive players will automatically lose when time's up. (requested by VeryGayContentVGC)\n|c|\u2606VeryGayContentVGC|pikachu\n|c|\u2606VeryGayContentVGC|please bring it\n|inactive|VeryGayContentVGC has 60 seconds left.\n|inactive|AshVGCMX has 60 seconds left.\n|\n|t:|1683404602\n|start\n|switch|p1a: Annihilape|Annihilape, L50, F|100\/100\n|switch|p1b: Maushold|Maushold, L50, shiny|100\/100\n|switch|p2a: Qu\u00edmichin|Pikachu, L50, M|100\/100\n|switch|p2b: Eh\u00e9catl|Murkrow, L50, M|100\/100\n|turn|1\n|j| MegaCLODSIRE\n|c|\u2606VeryGayContentVGC|yay\n|\n|t:|1683404614\n|move|p2b: Eh\u00e9catl|Tailwind|p2b: Eh\u00e9catl\n|-sidestart|p2: AshVGCMX|move: Tailwind\n|move|p2a: Qu\u00edmichin|Volt Switch|p1a: Annihilape\n|-damage|p1a: Annihilape|76\/100\n|\n|t:|1683404619\n|switch|p2a: Cihuac\u00f3atl|Flutter Mane, L50|100\/100|[from] Volt Switch\n|move|p1b: Maushold|Beat Up|p1a: Annihilape\n|-damage|p1a: Annihilape|74\/100\n|-damage|p1a: Annihilape|73\/100\n|-damage|p1a: Annihilape|71\/100\n|-damage|p1a: Annihilape|69\/100\n|-hitcount|p1a: Annihilape|4\n|move|p1a: Annihilape|Rage Fist|p2a: Cihuac\u00f3atl\n|-supereffective|p2a: Cihuac\u00f3atl\n|-enditem|p2a: Cihuac\u00f3atl|Focus Sash\n|-damage|p2a: Cihuac\u00f3atl|1\/100\n|\n|upkeep\n|turn|2\n|\n|t:|1683404631\n|move|p2a: Cihuac\u00f3atl|Protect|p2a: Cihuac\u00f3atl\n|-singleturn|p2a: Cihuac\u00f3atl|Protect\n|move|p1a: Annihilape|Protect|p1a: Annihilape\n|-singleturn|p1a: Annihilape|Protect\n|move|p2b: Eh\u00e9catl|Foul Play|p1a: Annihilape\n|-activate|p1a: Annihilape|move: Protect\n|move|p1b: Maushold|Beat Up|p2a: Cihuac\u00f3atl\n|-activate|p2a: Cihuac\u00f3atl|move: Protect\n|\n|upkeep\n|turn|3\n|\n|t:|1683404645\n|move|p2a: Cihuac\u00f3atl|Dazzling Gleam|p1b: Maushold|[spread] p1a,p1b\n|-supereffective|p1a: Annihilape\n|-crit|p1a: Annihilape\n|-enditem|p1a: Annihilape|Roseli Berry|[eat]\n|-enditem|p1a: Annihilape|Roseli Berry|[weaken]\n|-damage|p1a: Annihilape|41\/100\n|-damage|p1b: Maushold|70\/100\n|move|p2b: Eh\u00e9catl|Foul Play|p1a: Annihilape\n|-damage|p1a: Annihilape|8\/100\n|move|p1b: Maushold|Taunt|p2b: Eh\u00e9catl\n|-start|p2b: Eh\u00e9catl|move: Taunt\n|move|p1a: Annihilape|Rage Fist|p2a: Cihuac\u00f3atl\n|-supereffective|p2a: Cihuac\u00f3atl\n|-damage|p2a: Cihuac\u00f3atl|0 fnt\n|faint|p2a: Cihuac\u00f3atl\n|-end|p2a: Cihuac\u00f3atl|Protosynthesis|[silent]\n|\n|upkeep\n|\n|t:|1683404659\n|switch|p2a: Xiuhtecuhtli|Chi-Yu, L50|100\/100\n|-ability|p2a: Xiuhtecuhtli|Beads of Ruin\n|turn|4\n|\n|t:|1683404666\n|switch|p2b: Qu\u00edmichin|Pikachu, L50, M|100\/100\n|move|p1a: Annihilape|Protect|p1a: Annihilape\n|-singleturn|p1a: Annihilape|Protect\n|move|p2a: Xiuhtecuhtli|Heat Wave|p1a: Annihilape|[spread] p1b\n|-activate|p1a: Annihilape|move: Protect\n|-damage|p1b: Maushold|18\/100\n|-enditem|p1b: Maushold|Sitrus Berry|[eat]\n|-heal|p1b: Maushold|43\/100|[from] item: Sitrus Berry\n|move|p1b: Maushold|Super Fang|p2a: Xiuhtecuhtli\n|-damage|p2a: Xiuhtecuhtli|50\/100\n|\n|-sideend|p2: AshVGCMX|move: Tailwind\n|upkeep\n|turn|5\n|\n|t:|1683404683\n|move|p2a: Xiuhtecuhtli|Heat Wave|p1a: Annihilape|[spread] p1a,p1b\n|-damage|p1a: Annihilape|0 fnt\n|-damage|p1b: Maushold|0 fnt\n|faint|p1a: Annihilape\n|faint|p1b: Maushold\n|move|p2b: Qu\u00edmichin|Volt Switch|p1: Annihilape|[notarget]\n|-fail|p2b: Qu\u00edmichin\n|\n|upkeep\n|\n|t:|1683404686\n|switch|p1b: Abomasnow|Abomasnow, L50, F, shiny|100\/100\n|switch|p1a: Iron Bundle|Iron Bundle, L50, shiny|100\/100\n|-weather|Snow|[from] ability: Snow Warning|[of] p1b: Abomasnow\n|-enditem|p1a: Iron Bundle|Booster Energy\n|-activate|p1a: Iron Bundle|ability: Quark Drive|[fromitem]\n|-start|p1a: Iron Bundle|quarkdrivespe\n|turn|6\n|\n|t:|1683404695\n|-terastallize|p1a: Iron Bundle|Ice\n|move|p2b: Qu\u00edmichin|Protect|p2b: Qu\u00edmichin\n|-singleturn|p2b: Qu\u00edmichin|Protect\n|move|p1a: Iron Bundle|Blizzard|p2a: Xiuhtecuhtli|[spread] p2a\n|-activate|p2b: Qu\u00edmichin|move: Protect\n|-resisted|p2a: Xiuhtecuhtli\n|-damage|p2a: Xiuhtecuhtli|31\/100\n|move|p2a: Xiuhtecuhtli|Heat Wave|p1b: Abomasnow|[spread] p1a,p1b\n|-supereffective|p1a: Iron Bundle\n|-supereffective|p1b: Abomasnow\n|-damage|p1a: Iron Bundle|0 fnt\n|-damage|p1b: Abomasnow|0 fnt\n|faint|p1a: Iron Bundle\n|-end|p1a: Iron Bundle|Quark Drive|[silent]\n|faint|p1b: Abomasnow\n|\n|win|AshVGCMX\n|raw|VeryGayContentVGC's rating: 1532 → 1511<\/strong> (-21 for losing)\n|raw|AshVGCMX's rating: 1507 → 1528<\/strong> (+21 for winning)\n|l|\u2606VeryGayContentVGC\n|c|\u2606AshVGCMX|gg\n|l| MegaCLODSIRE\n","uploadtime":1683404743,"views":12,"p1id":"verygaycontentvgc","p2id":"ashvgcmx","formatid":"gen9vgc2023regulationc","rating":1511,"private":0,"password":""}