{"id":"gen9vgc2023regulationc-1851189650","p1":"Anzyll","p2":"Broskander","format":"[Gen 9] VGC 2023 Regulation C","log":"|j|\u2606Anzyll\n|j|\u2606Broskander\n|t:|1682422964\n|gametype|doubles\n|player|p1|Anzyll|clemont|1124\n|player|p2|Broskander|1|1163\n|teamsize|p1|6\n|teamsize|p2|6\n|gen|9\n|tier|[Gen 9] VGC 2023 Regulation C\n|rated|\n|rule|Species Clause: Limit one of each Pok\u00e9mon\n|rule|Item Clause: Limit one of each item\n|clearpoke\n|poke|p1|Azumarill, L50, M|\n|poke|p1|Flutter Mane, L50|\n|poke|p1|Chi-Yu, L50|\n|poke|p1|Iron Bundle, L50|\n|poke|p1|Dudunsparce-*, L50, M|\n|poke|p1|Maushold-Four, L50|\n|poke|p2|Wo-Chien, L50|\n|poke|p2|Gastrodon-East, L50, M|\n|poke|p2|Garganacl, L50, M|\n|poke|p2|Arcanine, L50, M|\n|poke|p2|Grimmsnarl, L50, M|\n|poke|p2|Annihilape, L50, F|\n|teampreview|4\n|inactive|Battle timer is ON: inactive players will automatically lose when time's up. (requested by Broskander)\n|\n|t:|1682423003\n|start\n|switch|p1a: Squeak Squad|Maushold-Four, L50|100\/100\n|switch|p1b: RNGesus|Dudunsparce-Three-Segment, L50, M|100\/100\n|switch|p2a: Garganacl|Garganacl, L50, M|100\/100\n|switch|p2b: Grimmsnarl|Grimmsnarl, L50, M|100\/100\n|turn|1\n|\n|t:|1682423020\n|move|p2b: Grimmsnarl|Reflect|p2b: Grimmsnarl\n|-sidestart|p2: Broskander|Reflect\n|move|p1a: Squeak Squad|Encore|p2b: Grimmsnarl\n|-start|p2b: Grimmsnarl|Encore\n|move|p1b: RNGesus|Rock Slide|p2b: Grimmsnarl|[spread] p2a,p2b\n|-damage|p2a: Garganacl|94\/100\n|-damage|p2b: Grimmsnarl|92\/100\n|cant|p2a: Garganacl|flinch\n|\n|upkeep\n|turn|2\n|\n|t:|1682423044\n|switch|p2b: Annihilape|Annihilape, L50, F|100\/100\n|move|p1a: Squeak Squad|Population Bomb|p2b: Annihilape\n|-immune|p2b: Annihilape\n|move|p1b: RNGesus|Glare|p2b: Annihilape\n|-status|p2b: Annihilape|par\n|-enditem|p2b: Annihilape|Lum Berry|[eat]\n|-curestatus|p2b: Annihilape|par|[msg]\n|move|p2a: Garganacl|Salt Cure|p1b: RNGesus\n|-damage|p1b: RNGesus|91\/100\n|-start|p1b: RNGesus|Salt Cure\n|\n|-damage|p1b: RNGesus|79\/100|[from] Salt Cure\n|upkeep\n|turn|3\n|\n|t:|1682423066\n|move|p1a: Squeak Squad|Population Bomb|p2a: Garganacl\n|-resisted|p2a: Garganacl\n|-damage|p2a: Garganacl|93\/100\n|-damage|p1a: Squeak Squad|84\/100|[from] item: Rocky Helmet|[of] p2a: Garganacl\n|-resisted|p2a: Garganacl\n|-damage|p2a: Garganacl|91\/100\n|-damage|p1a: Squeak Squad|67\/100|[from] item: Rocky Helmet|[of] p2a: Garganacl\n|-resisted|p2a: Garganacl\n|-damage|p2a: Garganacl|90\/100\n|-damage|p1a: Squeak Squad|51\/100|[from] item: Rocky Helmet|[of] p2a: Garganacl\n|-resisted|p2a: Garganacl\n|-damage|p2a: Garganacl|88\/100\n|-damage|p1a: Squeak Squad|34\/100|[from] item: Rocky Helmet|[of] p2a: Garganacl\n|-resisted|p2a: Garganacl\n|-damage|p2a: Garganacl|87\/100\n|-damage|p1a: Squeak Squad|18\/100|[from] item: Rocky Helmet|[of] p2a: Garganacl\n|-resisted|p2a: Garganacl\n|-damage|p2a: Garganacl|86\/100\n|-damage|p1a: Squeak Squad|1\/100|[from] item: Rocky Helmet|[of] p2a: Garganacl\n|-resisted|p2a: Garganacl\n|-damage|p2a: Garganacl|84\/100\n|-damage|p1a: Squeak Squad|0 fnt|[from] item: Rocky Helmet|[of] p2a: Garganacl\n|faint|p1a: Squeak Squad\n|-hitcount|p2a: Garganacl|7\n|move|p2b: Annihilape|Drain Punch|p1b: RNGesus\n|-supereffective|p1b: RNGesus\n|-damage|p1b: RNGesus|16\/100\n|move|p1b: RNGesus|Glare|p2b: Annihilape\n|-status|p2b: Annihilape|par\n|move|p2a: Garganacl|Body Press|p1b: RNGesus\n|-supereffective|p1b: RNGesus\n|-damage|p1b: RNGesus|0 fnt\n|faint|p1b: RNGesus\n|\n|upkeep\n|\n|t:|1682423073\n|switch|p1a: Delibot|Iron Bundle, L50|100\/100\n|switch|p1b: Karina|Flutter Mane, L50|100\/100\n|-enditem|p1b: Karina|Booster Energy\n|-activate|p1b: Karina|ability: Protosynthesis|[fromitem]\n|-start|p1b: Karina|protosynthesisspe\n|turn|4\n|inactive|Broskander has 30 seconds left.\n|inactive|Broskander has 20 seconds left.\n|inactive|Broskander has 15 seconds left.\n|inactive|Broskander has 10 seconds left.\n|\n|t:|1682423119\n|switch|p2a: Gastrodon|Gastrodon-East, L50, M|100\/100\n|-terastallize|p1a: Delibot|Ghost\n|-terastallize|p2b: Annihilape|Fire\n|move|p1b: Karina|Substitute|p1b: Karina\n|-start|p1b: Karina|Substitute\n|-damage|p1b: Karina|76\/100\n|move|p1a: Delibot|Encore||[still]\n|-fail|p1a: Delibot\n|cant|p2b: Annihilape|par\n|\n|upkeep\n|turn|5\n|c|\u2606Anzyll|quirky ass turn lmao\n|\n|t:|1682423140\n|switch|p2a: Grimmsnarl|Grimmsnarl, L50, M|92\/100\n|move|p1b: Karina|Calm Mind|p1b: Karina\n|-boost|p1b: Karina|spa|1\n|-boost|p1b: Karina|spd|1\n|move|p1a: Delibot|Freeze-Dry|p2a: Grimmsnarl\n|-damage|p2a: Grimmsnarl|61\/100\n|move|p2b: Annihilape|Rage Fist|p1a: Delibot\n|-supereffective|p1a: Delibot\n|-damage|p1a: Delibot|39\/100\n|\n|upkeep\n|turn|6\n|\n|t:|1682423159\n|move|p2b: Annihilape|Protect|p2b: Annihilape\n|-singleturn|p2b: Annihilape|Protect\n|move|p2a: Grimmsnarl|Light Screen|p2a: Grimmsnarl\n|-sidestart|p2: Broskander|move: Light Screen\n|move|p1b: Karina|Dazzling Gleam|p2a: Grimmsnarl|[spread] p2a\n|-activate|p2b: Annihilape|move: Protect\n|-supereffective|p2a: Grimmsnarl\n|-damage|p2a: Grimmsnarl|11\/100\n|move|p1a: Delibot|Hydro Pump|p2b: Annihilape\n|-activate|p2b: Annihilape|move: Protect\n|\n|upkeep\n|turn|7\n|\n|t:|1682423177\n|move|p2a: Grimmsnarl|Parting Shot|p1b: Karina\n|-unboost|p1b: Karina|atk|1\n|-unboost|p1b: Karina|spa|1\n|\n|t:|1682423180\n|switch|p2a: Gastrodon|Gastrodon-East, L50, M|100\/100|[from] Parting Shot\n|move|p1b: Karina|Calm Mind|p1b: Karina\n|-boost|p1b: Karina|spa|1\n|-boost|p1b: Karina|spd|1\n|move|p1a: Delibot|Encore||[still]\n|-fail|p1a: Delibot\n|move|p2b: Annihilape|Rage Fist|p1a: Delibot\n|-supereffective|p1a: Delibot\n|-damage|p1a: Delibot|0 fnt\n|faint|p1a: Delibot\n|-end|p1a: Delibot|Quark Drive|[silent]\n|\n|upkeep\n|turn|8\n|\n|t:|1682423202\n|move|p1b: Karina|Calm Mind|p1b: Karina\n|-boost|p1b: Karina|spa|1\n|-boost|p1b: Karina|spd|1\n|cant|p2b: Annihilape|par\n|move|p2a: Gastrodon|Earth Power|p1b: Karina\n|-activate|p1b: Karina|move: Substitute|[damage]\n|\n|-sideend|p2: Broskander|Reflect\n|upkeep\n|turn|9\n|\n|t:|1682423215\n|move|p1b: Karina|Shadow Ball|p2b: Annihilape\n|-damage|p2b: Annihilape|52\/100 par\n|-unboost|p2b: Annihilape|spd|1\n|-ability|p2b: Annihilape|Defiant|boost\n|-boost|p2b: Annihilape|atk|2\n|move|p2b: Annihilape|Rage Fist|p1b: Karina\n|-supereffective|p1b: Karina\n|-end|p1b: Karina|Substitute\n|move|p2a: Gastrodon|Earth Power|p1b: Karina\n|-damage|p1b: Karina|62\/100\n|\n|upkeep\n|turn|10\n|\n|t:|1682423231\n|move|p1b: Karina|Shadow Ball|p2b: Annihilape\n|-damage|p2b: Annihilape|0 fnt\n|faint|p2b: Annihilape\n|move|p2a: Gastrodon|Yawn|p1b: Karina\n|-start|p1b: Karina|move: Yawn|[of] p2a: Gastrodon\n|\n|upkeep\n|\n|t:|1682423241\n|switch|p2b: Garganacl|Garganacl, L50, M|84\/100\n|turn|11\n|\n|t:|1682423246\n|move|p2b: Garganacl|Protect|p2b: Garganacl\n|-singleturn|p2b: Garganacl|Protect\n|move|p1b: Karina|Substitute|p1b: Karina\n|-start|p1b: Karina|Substitute\n|-damage|p1b: Karina|37\/100\n|move|p2a: Gastrodon|Recover||[still]\n|-fail|p2a: Gastrodon|heal\n|\n|-end|p1b: Karina|move: Yawn|[silent]\n|-status|p1b: Karina|slp\n|upkeep\n|turn|12\n|\n|t:|1682423260\n|switch|p2a: Grimmsnarl|Grimmsnarl, L50, M|11\/100\n|cant|p1b: Karina|slp\n|move|p2b: Garganacl|Salt Cure|p1b: Karina\n|-end|p1b: Karina|Substitute\n|\n|upkeep\n|turn|13\n|\n|t:|1682423272\n|cant|p1b: Karina|slp\n|move|p2a: Grimmsnarl|Spirit Break|p1b: Karina\n|-damage|p1b: Karina|0 fnt\n|faint|p1b: Karina\n|-end|p1b: Karina|Protosynthesis|[silent]\n|\n|win|Broskander\n|raw|Anzyll's rating: 1124 → 1102<\/strong> (-22 for losing)\n|raw|Broskander's rating: 1163 → 1185<\/strong> (+22 for winning)\n|l|\u2606Anzyll\n|c|\u2606Broskander|Gg wp\n|l|\u2606Broskander\n|j|\u2606Broskander\n|player|p2|Broskander|1\n","uploadtime":1682423325,"views":9,"p1id":"anzyll","p2id":"broskander","formatid":"gen9vgc2023regulationc","rating":1102,"private":0,"password":""}