{"id":"gen9vgc2023regulationc-1857153499","p1":"SandyShocksCV","p2":"FlutterGAINZ","format":"[Gen 9] VGC 2023 Regulation C","log":"|j|\u2606SandyShocksCV\n|j|\u2606FlutterGAINZ\n|t:|1683151498\n|gametype|doubles\n|player|p1|SandyShocksCV|265|1327\n|player|p2|FlutterGAINZ|265|1395\n|teamsize|p1|6\n|teamsize|p2|6\n|gen|9\n|tier|[Gen 9] VGC 2023 Regulation C\n|rated|\n|rule|Species Clause: Limit one of each Pok\u00e9mon\n|rule|Item Clause: Limit one of each item\n|clearpoke\n|poke|p1|Dondozo, L50, F|\n|poke|p1|Tatsugiri, L50, F|\n|poke|p1|Glimmora, L50, F|\n|poke|p1|Iron Bundle, L50|\n|poke|p1|Chi-Yu, L50|\n|poke|p1|Dragonite, L50, M|\n|poke|p2|Chi-Yu, L50|\n|poke|p2|Flutter Mane, L50|\n|poke|p2|Gyarados, L50, F|\n|poke|p2|Corviknight, L50, M|\n|poke|p2|Klefki, L50, M|\n|poke|p2|Garchomp, L50, F|\n|teampreview|4\nFlutterGAINZ has agreed to open team sheets.\n|inactive|Battle timer is ON: inactive players will automatically lose when time's up. (requested by SandyShocksCV)\n|\n|t:|1683151547\n|start\n|switch|p1a: Iron Bundle|Iron Bundle, L50|100\/100\n|switch|p1b: Chi-Yu|Chi-Yu, L50|100\/100\n|switch|p2a: Corviknight|Corviknight, L50, M|100\/100\n|switch|p2b: Garchomp|Garchomp, L50, F|100\/100\n|-ability|p1b: Chi-Yu|Beads of Ruin\n|-enditem|p1a: Iron Bundle|Booster Energy\n|-activate|p1a: Iron Bundle|ability: Quark Drive|[fromitem]\n|-start|p1a: Iron Bundle|quarkdrivespe\n|turn|1\n|inactive|SandyShocksCV has 30 seconds left.\n|inactive|FlutterGAINZ has 30 seconds left.\n|inactive|SandyShocksCV has 20 seconds left.\n|inactive|SandyShocksCV has 15 seconds left.\n|inactive|FlutterGAINZ has 20 seconds left.\n|inactive|SandyShocksCV has 10 seconds left.\n|inactive|FlutterGAINZ has 15 seconds left.\n|inactive|SandyShocksCV has 5 seconds left.\n|inactive|FlutterGAINZ has 10 seconds left.\n|\n|t:|1683151602\n|switch|p2b: Gyarados|Gyarados, L50, F|100\/100\n|-ability|p2b: Gyarados|Intimidate|boost\n|-unboost|p1a: Iron Bundle|atk|1\n|-unboost|p1b: Chi-Yu|atk|1\n|-terastallize|p2a: Corviknight|Fire\n|move|p1a: Iron Bundle|Icy Wind|p2b: Gyarados|[spread] p2b\n|-miss|p1a: Iron Bundle|p2a: Corviknight\n|-damage|p2b: Gyarados|73\/100\n|-unboost|p2b: Gyarados|spe|1\n|move|p1b: Chi-Yu|Heat Wave|p2b: Gyarados|[spread] p2a\n|-miss|p1b: Chi-Yu|p2b: Gyarados\n|-resisted|p2a: Corviknight\n|-damage|p2a: Corviknight|82\/100\n|move|p2a: Corviknight|Body Press|p1a: Iron Bundle\n|-supereffective|p1a: Iron Bundle\n|-damage|p1a: Iron Bundle|55\/100\n|\n|upkeep\n|turn|2\n|inactive|SandyShocksCV has 30 seconds left.\n|\n|t:|1683151627\n|switch|p2a: Klefki|Klefki, L50, M|100\/100\n|move|p2b: Gyarados|Protect|p2b: Gyarados\n|-singleturn|p2b: Gyarados|Protect\n|move|p1a: Iron Bundle|Hydro Pump|p2a: Klefki\n|-damage|p2a: Klefki|18\/100\n|move|p1b: Chi-Yu|Dark Pulse|p2b: Gyarados\n|-activate|p2b: Gyarados|move: Protect\n|\n|upkeep\n|turn|3\n|\n|t:|1683151645\n|move|p2a: Klefki|Light Screen|p2a: Klefki\n|-sidestart|p2: FlutterGAINZ|move: Light Screen\n|move|p1a: Iron Bundle|Freeze-Dry|p2b: Gyarados\n|-supereffective|p2b: Gyarados\n|-damage|p2b: Gyarados|0 fnt\n|faint|p2b: Gyarados\n|move|p1b: Chi-Yu|Heat Wave|p2a: Klefki|[miss]\n|-miss|p1b: Chi-Yu|p2a: Klefki\n|\n|upkeep\n|c|\u2606SandyShocksCV|i stg\n|\n|t:|1683151656\n|switch|p2b: Garchomp|Garchomp, L50, F|100\/100\n|turn|4\n|\n|t:|1683151675\n|move|p1a: Iron Bundle|Protect|p1a: Iron Bundle\n|-singleturn|p1a: Iron Bundle|Protect\n|move|p2a: Klefki|Thunder Wave|p1a: Iron Bundle\n|-activate|p1a: Iron Bundle|move: Protect\n|move|p2b: Garchomp|Rock Slide|p1b: Chi-Yu|[spread] p1b\n|-activate|p1a: Iron Bundle|move: Protect\n|-supereffective|p1b: Chi-Yu\n|-damage|p1b: Chi-Yu|24\/100\n|cant|p1b: Chi-Yu|flinch\n|\n|upkeep\n|turn|5\n|c|\u2606SandyShocksCV|the luck you have\n|\n|t:|1683151699\n|move|p2a: Klefki|Thunder Wave|p1a: Iron Bundle\n|-status|p1a: Iron Bundle|par\n|move|p2b: Garchomp|Rock Slide|p1a: Iron Bundle|[spread] p1a,p1b\n|-supereffective|p1a: Iron Bundle\n|-supereffective|p1b: Chi-Yu\n|-damage|p1a: Iron Bundle|1\/100 par\n|-damage|p1b: Chi-Yu|0 fnt\n|faint|p1b: Chi-Yu\n|cant|p1a: Iron Bundle|par\n|\n|upkeep\n|c|\u2606SandyShocksCV|oh my god\n|c|\u2606SandyShocksCV|fuck this game\n|\n|t:|1683151713\n|switch|p1b: Dondozo|Dondozo, L50, F|100\/100\n|turn|6\n|\n|t:|1683151723\n|-end|p1a: Iron Bundle|Quark Drive|[silent]\n|switch|p1a: Tatsugiri|Tatsugiri, L50, F|100\/100\n|-activate|p1a: Tatsugiri|ability: Commander|[of] p1b: Dondozo\n|-boost|p1b: Dondozo|atk|2\n|-boost|p1b: Dondozo|spa|2\n|-boost|p1b: Dondozo|spe|2\n|-boost|p1b: Dondozo|def|2\n|-boost|p1b: Dondozo|spd|2\n|-terastallize|p1b: Dondozo|Grass\n|move|p2a: Klefki|Thunder Wave|p1b: Dondozo\n|-status|p1b: Dondozo|par\n|move|p2b: Garchomp|Rock Slide|p1a: Tatsugiri|[spread] \n|-miss|p2b: Garchomp|p1a: Tatsugiri\n|-miss|p2b: Garchomp|p1b: Dondozo\n|move|p1b: Dondozo|Earthquake|p2a: Klefki|[spread] p2a,p2b\n|-miss|p1b: Dondozo|p1a: Tatsugiri\n|-supereffective|p2a: Klefki\n|-crit|p2b: Garchomp\n|-damage|p2a: Klefki|0 fnt\n|-damage|p2b: Garchomp|35\/100\n|faint|p2a: Klefki\n|\n|upkeep\n|\n|t:|1683151738\n|switch|p2a: Corviknight|Corviknight, L50, M, tera:Fire|82\/100\n|turn|7\n|\n|t:|1683151744\n|move|p2b: Garchomp|Rock Slide|p1b: Dondozo|[spread] p1b\n|-miss|p2b: Garchomp|p1a: Tatsugiri\n|-damage|p1b: Dondozo|93\/100 par\n|move|p2a: Corviknight|Brave Bird|p1b: Dondozo\n|-supereffective|p1b: Dondozo\n|-crit|p1b: Dondozo\n|-damage|p1b: Dondozo|13\/100 par\n|-damage|p2a: Corviknight|53\/100|[from] Recoil\n|cant|p1b: Dondozo|flinch\n|\n|-heal|p1b: Dondozo|19\/100 par|[from] item: Leftovers\n|upkeep\n|turn|8\n|c|\u2606SandyShocksCV|and then you crit\n|c|\u2606SandyShocksCV|because why not at this point\n|\n|t:|1683151762\n|move|p2b: Garchomp|Rock Slide|p1b: Dondozo|[spread] \n|-miss|p2b: Garchomp|p1a: Tatsugiri\n|-miss|p2b: Garchomp|p1b: Dondozo\n|move|p2a: Corviknight|Brave Bird|p1b: Dondozo\n|-supereffective|p1b: Dondozo\n|-damage|p1b: Dondozo|0 fnt\n|faint|p1b: Dondozo\n|-damage|p2a: Corviknight|46\/100|[from] Recoil\n|\n|upkeep\n|\n|t:|1683151771\n|switch|p1b: Iron Bundle|Iron Bundle, L50|1\/100 par\n|turn|9\n|\n|t:|1683151786\n|move|p2b: Garchomp|Rock Slide|p1a: Tatsugiri|[spread] p1a,p1b\n|-supereffective|p1b: Iron Bundle\n|-damage|p1a: Tatsugiri|61\/100\n|-damage|p1b: Iron Bundle|0 fnt\n|faint|p1b: Iron Bundle\n|-end|p1b: Iron Bundle|Quark Drive|[silent]\n|move|p1a: Tatsugiri|Muddy Water|p2a: Corviknight|[spread] p2a,p2b\n|-supereffective|p2a: Corviknight\n|-damage|p2a: Corviknight|13\/100\n|-damage|p2b: Garchomp|11\/100\n|-unboost|p2b: Garchomp|accuracy|1\n|move|p2a: Corviknight|Brave Bird|p1a: Tatsugiri\n|-damage|p1a: Tatsugiri|0 fnt\n|faint|p1a: Tatsugiri\n|-damage|p2a: Corviknight|0 fnt|[from] Recoil\n|faint|p2a: Corviknight\n|\n|win|FlutterGAINZ\n|raw|SandyShocksCV's rating: 1327 → 1311<\/strong> (-16 for losing)\n|raw|FlutterGAINZ's rating: 1395 → 1411<\/strong> (+16 for winning)\n|c|\u2606SandyShocksCV|horrible game\n|c|\u2606FlutterGAINZ|ggwp\n","uploadtime":1683151831,"views":5,"p1id":"sandyshockscv","p2id":"fluttergainz","formatid":"gen9vgc2023regulationc","rating":1311,"private":0,"password":""}