{"id":"gen9vgc2023regulationc-1857417120","p1":"TrainerRYSA","p2":"FerdiVGC","format":"[Gen 9] VGC 2023 Regulation C","log":"|j|\u2606TrainerRYSA\n|j|\u2606FerdiVGC\n|t:|1683189732\n|gametype|doubles\n|player|p1|TrainerRYSA|169|1213\n|player|p2|FerdiVGC|1|1299\n|teamsize|p1|6\n|teamsize|p2|6\n|gen|9\n|tier|[Gen 9] VGC 2023 Regulation C\n|rated|\n|rule|Species Clause: Limit one of each Pok\u00e9mon\n|rule|Item Clause: Limit one of each item\n|clearpoke\n|poke|p1|Flutter Mane, L50|\n|poke|p1|Iron Hands, L50|\n|poke|p1|Dragonite, L50, M|\n|poke|p1|Umbreon, L50, M|\n|poke|p1|Gyarados, L50, F|\n|poke|p1|Palafin, L50, F|\n|poke|p2|Salamence, L50, F|\n|poke|p2|Clawitzer, L50, M|\n|poke|p2|Tinkaton, L50, F|\n|poke|p2|Flutter Mane, L50|\n|poke|p2|Houndstone, L50, M|\n|poke|p2|Tyranitar, L50, F|\n|teampreview|4\n|inactive|Battle timer is ON: inactive players will automatically lose when time's up. (requested by FerdiVGC)\n|\n|t:|1683189791\n|start\n|switch|p1a: Flutter Mane|Flutter Mane, L50|100\/100\n|switch|p1b: Dragonite|Dragonite, L50, M, shiny|100\/100\n|switch|p2a: Houndstone|Houndstone, L50, M|100\/100\n|switch|p2b: Tyranitar|Tyranitar, L50, F|100\/100\n|-weather|Sandstorm|[from] ability: Sand Stream|[of] p2b: Tyranitar\n|-enditem|p1a: Flutter Mane|Booster Energy\n|-activate|p1a: Flutter Mane|ability: Protosynthesis|[fromitem]\n|-start|p1a: Flutter Mane|protosynthesisspa\n|turn|1\n|\n|t:|1683189809\n|move|p1a: Flutter Mane|Protect|p1a: Flutter Mane\n|-singleturn|p1a: Flutter Mane|Protect\n|move|p2a: Houndstone|Will-O-Wisp|p1b: Dragonite\n|-status|p1b: Dragonite|brn\n|move|p1b: Dragonite|Low Kick|p2b: Tyranitar\n|-supereffective|p2b: Tyranitar\n|-damage|p2b: Tyranitar|0 fnt\n|faint|p2b: Tyranitar\n|\n|-weather|Sandstorm|[upkeep]\n|-damage|p1a: Flutter Mane|94\/100|[from] Sandstorm\n|-damage|p1b: Dragonite|95\/100 brn|[from] Sandstorm\n|-damage|p1b: Dragonite|89\/100 brn|[from] brn\n|upkeep\n|\n|t:|1683189829\n|switch|p2b: Salamence|Salamence, L50, F|100\/100\n|-ability|p2b: Salamence|Intimidate|boost\n|-unboost|p1a: Flutter Mane|atk|1\n|-unboost|p1b: Dragonite|atk|1\n|turn|2\n|\n|t:|1683189846\n|switch|p1b: Sasuke|Umbreon, L50, M, shiny|100\/100\n|-terastallize|p2b: Salamence|Steel\n|move|p2a: Houndstone|Howl|p2a: Houndstone|[spread] p2a,p2b\n|-boost|p2a: Houndstone|atk|1\n|-enditem|p1b: Sasuke|Mirror Herb\n|-boost|p1b: Sasuke|atk|1|[from] item: Mirror Herb\n|-boost|p2b: Salamence|atk|1\n|move|p1a: Flutter Mane|Dazzling Gleam|p2b: Salamence|[spread] p2a,p2b\n|-resisted|p2b: Salamence\n|-damage|p2a: Houndstone|66\/100\n|-damage|p2b: Salamence|83\/100\n|move|p2b: Salamence|Rock Slide|p1b: Sasuke|[spread] p1b\n|-miss|p2b: Salamence|p1a: Flutter Mane\n|-damage|p1b: Sasuke|79\/100\n|\n|-weather|Sandstorm|[upkeep]\n|-damage|p1a: Flutter Mane|88\/100|[from] Sandstorm\n|-damage|p1b: Sasuke|73\/100|[from] Sandstorm\n|upkeep\n|turn|3\n|inactive|TrainerRYSA has 30 seconds left.\n|\n|t:|1683189872\n|move|p2a: Houndstone|Last Respects|p1a: Flutter Mane\n|-supereffective|p1a: Flutter Mane\n|-damage|p1a: Flutter Mane|0 fnt\n|faint|p1a: Flutter Mane\n|-end|p1a: Flutter Mane|Protosynthesis|[silent]\n|move|p2b: Salamence|Dual Wingbeat|p1b: Sasuke\n|-damage|p1b: Sasuke|53\/100\n|-damage|p1b: Sasuke|31\/100\n|-hitcount|p1b: Sasuke|2\n|move|p1b: Sasuke|Foul Play|p2b: Salamence\n|-damage|p2b: Salamence|0 fnt\n|faint|p2b: Salamence\n|\n|-weather|Sandstorm|[upkeep]\n|-damage|p1b: Sasuke|25\/100|[from] Sandstorm\n|upkeep\n|\n|t:|1683189886\n|switch|p1a: Dragonite|Dragonite, L50, M, shiny|89\/100 brn\n|switch|p2b: Clawitzer|Clawitzer, L50, M|100\/100\n|turn|4\n|inactive|FerdiVGC has 30 seconds left.\n|inactive|FerdiVGC has 20 seconds left.\n|\n|t:|1683189921\n|move|p2a: Houndstone|Last Respects|p1a: Dragonite\n|-crit|p1a: Dragonite\n|-damage|p1a: Dragonite|0 fnt\n|faint|p1a: Dragonite\n|move|p1b: Sasuke|Moonlight|p1b: Sasuke\n|-heal|p1b: Sasuke|50\/100\n|move|p2b: Clawitzer|Water Pulse|p1b: Sasuke\n|-damage|p1b: Sasuke|20\/100\n|\n|-weather|Sandstorm|[upkeep]\n|-damage|p1b: Sasuke|14\/100|[from] Sandstorm\n|-damage|p2b: Clawitzer|94\/100|[from] Sandstorm\n|upkeep\n|\n|t:|1683189932\n|switch|p1a: Iron Hands|Iron Hands, L50|100\/100\n|turn|5\n|\n|t:|1683189945\n|move|p2a: Houndstone|Will-O-Wisp|p1a: Iron Hands\n|-status|p1a: Iron Hands|brn\n|move|p1b: Sasuke|Foul Play|p2a: Houndstone\n|-supereffective|p2a: Houndstone\n|-damage|p2a: Houndstone|0 fnt\n|faint|p2a: Houndstone\n|move|p2b: Clawitzer|Aura Sphere|p1b: Sasuke\n|-supereffective|p1b: Sasuke\n|-damage|p1b: Sasuke|0 fnt\n|faint|p1b: Sasuke\n|move|p1a: Iron Hands|Wild Charge|p2b: Clawitzer\n|-supereffective|p2b: Clawitzer\n|-damage|p2b: Clawitzer|44\/100\n|-enditem|p2b: Clawitzer|Sitrus Berry|[eat]\n|-heal|p2b: Clawitzer|68\/100|[from] item: Sitrus Berry\n|-damage|p1a: Iron Hands|91\/100 brn|[from] Recoil\n|\n|-weather|none\n|-damage|p1a: Iron Hands|85\/100 brn|[from] brn\n|upkeep\n|turn|6\n|inactive|TrainerRYSA has 30 seconds left.\n|\n|t:|1683189978\n|-terastallize|p1a: Iron Hands|Grass\n|move|p2b: Clawitzer|Protect|p2b: Clawitzer\n|-singleturn|p2b: Clawitzer|Protect\n|move|p1a: Iron Hands|Drain Punch|p2b: Clawitzer\n|-activate|p2b: Clawitzer|move: Protect\n|\n|-damage|p1a: Iron Hands|79\/100 brn|[from] brn\n|upkeep\n|turn|7\n|inactive|FerdiVGC has 30 seconds left.\n|\n|t:|1683190005\n|move|p2b: Clawitzer|Aura Sphere|p1a: Iron Hands\n|-damage|p1a: Iron Hands|60\/100 brn\n|move|p1a: Iron Hands|Drain Punch|p2b: Clawitzer\n|-damage|p2b: Clawitzer|45\/100\n|-heal|p1a: Iron Hands|68\/100 brn|[from] drain|[of] p2b: Clawitzer\n|\n|-damage|p1a: Iron Hands|62\/100 brn|[from] brn\n|upkeep\n|turn|8\n|\n|t:|1683190015\n|move|p2b: Clawitzer|Water Pulse|p1a: Iron Hands\n|-resisted|p1a: Iron Hands\n|-damage|p1a: Iron Hands|52\/100 brn\n|move|p1a: Iron Hands|Drain Punch|p2b: Clawitzer\n|-damage|p2b: Clawitzer|21\/100\n|-heal|p1a: Iron Hands|61\/100 brn|[from] drain|[of] p2b: Clawitzer\n|\n|-damage|p1a: Iron Hands|55\/100 brn|[from] brn\n|upkeep\n|turn|9\n|\n|t:|1683190024\n|move|p2b: Clawitzer|Protect|p2b: Clawitzer\n|-singleturn|p2b: Clawitzer|Protect\n|move|p1a: Iron Hands|Wild Charge|p2b: Clawitzer\n|-activate|p2b: Clawitzer|move: Protect\n|\n|-damage|p1a: Iron Hands|49\/100 brn|[from] brn\n|upkeep\n|turn|10\n|\n|t:|1683190031\n|move|p2b: Clawitzer|Water Pulse|p1a: Iron Hands\n|-resisted|p1a: Iron Hands\n|-damage|p1a: Iron Hands|39\/100 brn\n|move|p1a: Iron Hands|Wild Charge|p2b: Clawitzer\n|-supereffective|p2b: Clawitzer\n|-damage|p2b: Clawitzer|0 fnt\n|faint|p2b: Clawitzer\n|-damage|p1a: Iron Hands|35\/100 brn|[from] Recoil\n|\n|win|TrainerRYSA\n|raw|TrainerRYSA's rating: 1213 → 1244<\/strong> (+31 for winning)\n|raw|FerdiVGC's rating: 1299 → 1268<\/strong> (-31 for losing)\n|c|\u2606TrainerRYSA|gg\n","uploadtime":1683190041,"views":11,"p1id":"trainerrysa","p2id":"ferdivgc","formatid":"gen9vgc2023regulationc","rating":1244,"private":0,"password":""}