{"id":"gen9vgc2023regulationc-1851782101","p1":"StopTalkingandLose","p2":"Trapzelda","format":"[Gen 9] VGC 2023 Regulation C","log":"|j|\u2606StopTalkingandLose\n|j|\u2606Trapzelda\n|t:|1682482770\n|gametype|doubles\n|player|p1|StopTalkingandLose|maid|1337\n|player|p2|Trapzelda|265|1378\n|teamsize|p1|6\n|teamsize|p2|6\n|gen|9\n|tier|[Gen 9] VGC 2023 Regulation C\n|rated|\n|rule|Species Clause: Limit one of each Pok\u00e9mon\n|rule|Item Clause: Limit one of each item\n|clearpoke\n|poke|p1|Scream Tail, L50|\n|poke|p1|Gothitelle, L50, M|\n|poke|p1|Ting-Lu, L50|\n|poke|p1|Amoonguss, L50, F|\n|poke|p1|Maushold, L50|\n|poke|p1|Gholdengo, L50|\n|poke|p2|Murkrow, L50, M|\n|poke|p2|Chi-Yu, L50|\n|poke|p2|Flutter Mane, L50|\n|poke|p2|Garchomp, L50, M|\n|poke|p2|Scyther, L50, F|\n|poke|p2|Quaquaval, L50, M|\n|teampreview|4\n|inactive|Battle timer is ON: inactive players will automatically lose when time's up. (requested by StopTalkingandLose)\n|inactive|StopTalkingandLose has 60 seconds left.\n|\n|t:|1682482820\n|start\n|switch|p1a: Ting-Lu|Ting-Lu, L50|100\/100\n|switch|p1b: Maushold|Maushold, L50|100\/100\n|switch|p2a: Chi-Yu|Chi-Yu, L50|100\/100\n|switch|p2b: Flutter Mane|Flutter Mane, L50|100\/100\n|-ability|p2a: Chi-Yu|Beads of Ruin\n|-ability|p1a: Ting-Lu|Vessel of Ruin\n|turn|1\n|\n|t:|1682482838\n|-terastallize|p2b: Flutter Mane|Fairy\n|-terastallize|p1a: Ting-Lu|Poison\n|move|p1b: Maushold|Protect|p1b: Maushold\n|-singleturn|p1b: Maushold|Protect\n|move|p2b: Flutter Mane|Dazzling Gleam|p1a: Ting-Lu|[spread] p1a\n|-activate|p1b: Maushold|move: Protect\n|-resisted|p1a: Ting-Lu\n|-damage|p1a: Ting-Lu|85\/100\n|move|p2a: Chi-Yu|Heat Wave|p1b: Maushold|[spread] \n|-activate|p1b: Maushold|move: Protect\n|-miss|p2a: Chi-Yu|p1a: Ting-Lu\n|move|p1a: Ting-Lu|Stomping Tantrum|p2a: Chi-Yu\n|-supereffective|p2a: Chi-Yu\n|-damage|p2a: Chi-Yu|14\/100\n|\n|upkeep\n|turn|2\n|\n|t:|1682482861\n|-end|p2b: Flutter Mane|Protosynthesis|[silent]\n|switch|p2b: Garchomp|Garchomp, L50, M|100\/100\n|move|p1b: Maushold|Population Bomb|p2a: Chi-Yu\n|-damage|p2a: Chi-Yu|0 fnt\n|faint|p2a: Chi-Yu\n|-hitcount|p2: Chi-Yu|1\n|move|p1a: Ting-Lu|Heavy Slam|p2b: Garchomp\n|-damage|p2b: Garchomp|67\/100\n|-damage|p1a: Ting-Lu|72\/100|[from] ability: Rough Skin|[of] p2b: Garchomp\n|\n|upkeep\n|\n|t:|1682482868\n|switch|p2a: Scyther|Scyther, L50, F|100\/100\n|turn|3\n|\n|t:|1682482892\n|switch|p1a: Scream Tail|Scream Tail, L50|100\/100\n|move|p2a: Scyther|Close Combat|p1b: Maushold\n|-supereffective|p1b: Maushold\n|-damage|p1b: Maushold|0 fnt\n|-unboost|p2a: Scyther|def|1\n|-unboost|p2a: Scyther|spd|1\n|faint|p1b: Maushold\n|move|p2b: Garchomp|Earthquake|p1a: Scream Tail|[spread] p1a\n|-immune|p2a: Scyther\n|-damage|p1a: Scream Tail|74\/100\n|\n|upkeep\n|\n|t:|1682482905\n|switch|p1b: Ting-Lu|Ting-Lu, L50, tera:Poison|72\/100\n|-ability|p1b: Ting-Lu|Vessel of Ruin\n|turn|4\n|\n|t:|1682482918\n|switch|p2a: Flutter Mane|Flutter Mane, L50, tera:Fairy|100\/100\n|move|p1b: Ting-Lu|Protect|p1b: Ting-Lu\n|-singleturn|p1b: Ting-Lu|Protect\n|move|p2b: Garchomp|Poison Jab|p1a: Scream Tail\n|-supereffective|p1a: Scream Tail\n|-damage|p1a: Scream Tail|38\/100\n|move|p1a: Scream Tail|Disable|p2b: Garchomp\n|-start|p2b: Garchomp|Disable|Poison Jab\n|\n|upkeep\n|turn|5\n|inactive|Trapzelda has 30 seconds left.\n|inactive|Trapzelda has 20 seconds left.\n|\n|t:|1682482958\n|move|p2a: Flutter Mane|Protect|p2a: Flutter Mane\n|-singleturn|p2a: Flutter Mane|Protect\n|move|p1a: Scream Tail|Protect|p1a: Scream Tail\n|-singleturn|p1a: Scream Tail|Protect\n|move|p2b: Garchomp|Earthquake|p1a: Scream Tail|[spread] p1b\n|-activate|p2a: Flutter Mane|move: Protect\n|-activate|p1a: Scream Tail|move: Protect\n|-supereffective|p1b: Ting-Lu\n|-damage|p1b: Ting-Lu|19\/100\n|move|p1b: Ting-Lu|Heavy Slam|p2a: Flutter Mane\n|-activate|p2a: Flutter Mane|move: Protect\n|\n|upkeep\n|turn|6\n|inactive|StopTalkingandLose has 30 seconds left.\n|\n|t:|1682482983\n|-end|p2a: Flutter Mane|Protosynthesis|[silent]\n|switch|p2a: Scyther|Scyther, L50, F|100\/100\n|move|p1a: Scream Tail|Protect||[still]\n|-fail|p1a: Scream Tail\n|move|p2b: Garchomp|Earthquake|p1b: Ting-Lu|[spread] p1a,p1b\n|-immune|p2a: Scyther\n|-supereffective|p1b: Ting-Lu\n|-damage|p1a: Scream Tail|13\/100\n|-damage|p1b: Ting-Lu|0 fnt\n|faint|p1b: Ting-Lu\n|\n|upkeep\n|-message|StopTalkingandLose forfeited.\n|\n|win|Trapzelda\n|raw|StopTalkingandLose's rating: 1337 → 1319<\/strong> (-18 for losing)\n|raw|Trapzelda's rating: 1378 → 1396<\/strong> (+18 for winning)\n|l|\u2606StopTalkingandLose\n","uploadtime":1682483017,"views":10,"p1id":"stoptalkingandlose","p2id":"trapzelda","formatid":"gen9vgc2023regulationc","rating":1319,"private":0,"password":""}