{"id":"gen9vgc2023regulationc-1852282360","p1":"TGH_sr","p2":"redx50","format":"[Gen 9] VGC 2023 Regulation C","log":"|j|\u2606TGH_sr\n|j|\u2606redx50\n|t:|1682539803\n|gametype|doubles\n|player|p1|TGH_sr|steven|1360\n|player|p2|redx50|red|1316\n|teamsize|p1|6\n|teamsize|p2|6\n|gen|9\n|tier|[Gen 9] VGC 2023 Regulation C\n|rated|\n|rule|Species Clause: Limit one of each Pok\u00e9mon\n|rule|Item Clause: Limit one of each item\n|clearpoke\n|poke|p1|Gyarados, L50, M|\n|poke|p1|Flutter Mane, L50|\n|poke|p1|Garchomp, L50, F|\n|poke|p1|Talonflame, L50, M|\n|poke|p1|Azumarill, L50, F|\n|poke|p1|Chien-Pao, L50|\n|poke|p2|Maushold-Four, L50|\n|poke|p2|Mudsdale, L50, F|\n|poke|p2|Palafin, L50, F|\n|poke|p2|Chi-Yu, L50|\n|poke|p2|Flutter Mane, L50|\n|poke|p2|Wo-Chien, L50|\n|teampreview|4\n|inactive|Battle timer is ON: inactive players will automatically lose when time's up. (requested by redx50)\nredx50 has agreed to open team sheets.\nTGH_sr has agreed to open team sheets.\n|inactive|TGH_sr has 60 seconds left.\n|inactive|redx50 has 60 seconds left.\n|inactive|redx50 has 30 seconds left.\n|\n|t:|1682539867\n|start\n|switch|p1a: Azumarill|Azumarill, L50, F|100\/100\n|switch|p1b: Chien-Pao|Chien-Pao, L50|100\/100\n|switch|p2a: Flutter Mane|Flutter Mane, L50|100\/100\n|switch|p2b: Chi-Yu|Chi-Yu, L50|100\/100\n|-ability|p2b: Chi-Yu|Beads of Ruin\n|-ability|p1b: Chien-Pao|Sword of Ruin\n|-enditem|p2a: Flutter Mane|Booster Energy\n|-activate|p2a: Flutter Mane|ability: Protosynthesis|[fromitem]\n|-start|p2a: Flutter Mane|protosynthesisspe\n|turn|1\n|inactive|TGH_sr has 30 seconds left.\n|inactive|redx50 has 30 seconds left.\n|inactive|TGH_sr has 20 seconds left.\n|inactive|TGH_sr has 15 seconds left.\n|\n|t:|1682539908\n|move|p1a: Azumarill|Aqua Jet|p2b: Chi-Yu\n|-supereffective|p2b: Chi-Yu\n|-damage|p2b: Chi-Yu|0 fnt\n|faint|p2b: Chi-Yu\n|-damage|p1a: Azumarill|91\/100|[from] item: Life Orb\n|move|p2a: Flutter Mane|Dazzling Gleam|p1b: Chien-Pao|[spread] p1a,p1b\n|-supereffective|p1b: Chien-Pao\n|-damage|p1a: Azumarill|56\/100\n|-enditem|p1b: Chien-Pao|Focus Sash\n|-damage|p1b: Chien-Pao|1\/100\n|move|p1b: Chien-Pao|Ice Spinner|p2a: Flutter Mane\n|-damage|p2a: Flutter Mane|0 fnt\n|faint|p2a: Flutter Mane\n|-end|p2a: Flutter Mane|Protosynthesis|[silent]\n|\n|upkeep\n|\n|t:|1682539917\n|switch|p2a: Palafin|Palafin, L50, F|100\/100\n|switch|p2b: Wo-Chien|Wo-Chien, L50|100\/100\n|-ability|p2b: Wo-Chien|Tablets of Ruin\n|turn|2\n|inactive|TGH_sr has 30 seconds left.\n|inactive|TGH_sr has 20 seconds left.\n|inactive|TGH_sr has 15 seconds left.\n|inactive|TGH_sr has 10 seconds left.\n|\n|t:|1682539965\n|-terastallize|p2b: Wo-Chien|Water\n|move|p2a: Palafin|Jet Punch|p1b: Chien-Pao\n|-damage|p1b: Chien-Pao|0 fnt\n|faint|p1b: Chien-Pao\n|move|p2b: Wo-Chien|Leech Seed|p1a: Azumarill\n|-start|p1a: Azumarill|move: Leech Seed\n|move|p1a: Azumarill|Play Rough|p2b: Wo-Chien\n|-damage|p2b: Wo-Chien|64\/100\n|-damage|p1a: Azumarill|47\/100|[from] item: Life Orb\n|\n|-heal|p2b: Wo-Chien|70\/100|[from] item: Leftovers\n|-damage|p1a: Azumarill|35\/100|[from] Leech Seed|[of] p2b: Wo-Chien\n|-heal|p2b: Wo-Chien|83\/100|[silent]\n|upkeep\n|\n|t:|1682539989\n|switch|p1b: Garchomp|Garchomp, L50, F|100\/100\n|turn|3\n|inactive|TGH_sr has 30 seconds left.\n|inactive|TGH_sr has 20 seconds left.\n|inactive|TGH_sr has 15 seconds left.\n|inactive|TGH_sr has 10 seconds left.\n|inactive|TGH_sr has 5 seconds left.\n|\n|t:|1682540043\n|move|p2a: Palafin|Protect|p2a: Palafin\n|-singleturn|p2a: Palafin|Protect\n|move|p1b: Garchomp|Dragon Claw|p2b: Wo-Chien\n|-damage|p2b: Wo-Chien|51\/100\n|move|p2b: Wo-Chien|Leech Seed|p1b: Garchomp\n|-start|p1b: Garchomp|move: Leech Seed\n|move|p1a: Azumarill|Play Rough|p2b: Wo-Chien\n|-damage|p2b: Wo-Chien|12\/100\n|-damage|p1a: Azumarill|25\/100|[from] item: Life Orb\n|\n|-heal|p2b: Wo-Chien|19\/100|[from] item: Leftovers\n|-damage|p1b: Garchomp|88\/100|[from] Leech Seed|[of] p2b: Wo-Chien\n|-heal|p2b: Wo-Chien|32\/100|[silent]\n|-damage|p1a: Azumarill|13\/100|[from] Leech Seed|[of] p2b: Wo-Chien\n|-heal|p2b: Wo-Chien|45\/100|[silent]\n|upkeep\n|turn|4\n|inactive|TGH_sr has 30 seconds left.\n|\n|t:|1682540071\n|move|p2b: Wo-Chien|Protect|p2b: Wo-Chien\n|-singleturn|p2b: Wo-Chien|Protect\n|move|p1a: Azumarill|Protect|p1a: Azumarill\n|-singleturn|p1a: Azumarill|Protect\n|move|p2a: Palafin|Jet Punch|p1a: Azumarill\n|-activate|p1a: Azumarill|move: Protect\n|move|p1b: Garchomp|Dragon Claw|p2a: Palafin\n|-damage|p2a: Palafin|41\/100\n|\n|-heal|p2b: Wo-Chien|51\/100|[from] item: Leftovers\n|-damage|p1b: Garchomp|76\/100|[from] Leech Seed|[of] p2b: Wo-Chien\n|-heal|p2b: Wo-Chien|65\/100|[silent]\n|-damage|p1a: Azumarill|1\/100|[from] Leech Seed|[of] p2b: Wo-Chien\n|-heal|p2b: Wo-Chien|77\/100|[silent]\n|upkeep\n|turn|5\n|inactive|TGH_sr has 30 seconds left.\n|\n|t:|1682540100\n|move|p2a: Palafin|Jet Punch|p1a: Azumarill\n|-resisted|p1a: Azumarill\n|-damage|p1a: Azumarill|0 fnt\n|faint|p1a: Azumarill\n|move|p1b: Garchomp|Dragon Claw|p2a: Palafin\n|-damage|p2a: Palafin|0 fnt\n|faint|p2a: Palafin\n|move|p2b: Wo-Chien|Ruination|p1b: Garchomp\n|-damage|p1b: Garchomp|38\/100\n|\n|-heal|p2b: Wo-Chien|83\/100|[from] item: Leftovers\n|-damage|p1b: Garchomp|26\/100|[from] Leech Seed|[of] p2b: Wo-Chien\n|-heal|p2b: Wo-Chien|97\/100|[silent]\n|upkeep\n|\n|t:|1682540112\n|switch|p1a: Talonflame|Talonflame, L50, M|100\/100\n|turn|6\n|inactive|TGH_sr has 30 seconds left.\n|\n|t:|1682540141\n|move|p1a: Talonflame|Will-O-Wisp|p2b: Wo-Chien\n|-status|p2b: Wo-Chien|brn\n|move|p1b: Garchomp|Dragon Claw|p2b: Wo-Chien\n|-damage|p2b: Wo-Chien|65\/100 brn\n|move|p2b: Wo-Chien|Ruination|p1a: Talonflame\n|-damage|p1a: Talonflame|51\/100\n|\n|-heal|p2b: Wo-Chien|71\/100 brn|[from] item: Leftovers\n|-damage|p1b: Garchomp|14\/100|[from] Leech Seed|[of] p2b: Wo-Chien\n|-heal|p2b: Wo-Chien|85\/100 brn|[silent]\n|-damage|p2b: Wo-Chien|79\/100 brn|[from] brn\n|upkeep\n|turn|7\n|inactive|TGH_sr has 30 seconds left.\n|\n|t:|1682540169\n|move|p1a: Talonflame|Brave Bird|p2b: Wo-Chien\n|-damage|p2b: Wo-Chien|59\/100 brn\n|-damage|p1a: Talonflame|44\/100|[from] Recoil\n|move|p1b: Garchomp|Dragon Claw|p2b: Wo-Chien\n|-damage|p2b: Wo-Chien|24\/100 brn\n|move|p2b: Wo-Chien|Leech Seed|p1a: Talonflame\n|-start|p1a: Talonflame|move: Leech Seed\n|\n|-heal|p2b: Wo-Chien|31\/100 brn|[from] item: Leftovers\n|-damage|p1a: Talonflame|32\/100|[from] Leech Seed|[of] p2b: Wo-Chien\n|-heal|p2b: Wo-Chien|42\/100 brn|[silent]\n|-damage|p1b: Garchomp|1\/100|[from] Leech Seed|[of] p2b: Wo-Chien\n|-heal|p2b: Wo-Chien|55\/100 brn|[silent]\n|-damage|p2b: Wo-Chien|49\/100 brn|[from] brn\n|upkeep\n|turn|8\n|\n|t:|1682540188\n|move|p2b: Wo-Chien|Protect|p2b: Wo-Chien\n|-singleturn|p2b: Wo-Chien|Protect\n|move|p1a: Talonflame|Brave Bird|p2b: Wo-Chien\n|-activate|p2b: Wo-Chien|move: Protect\n|move|p1b: Garchomp|Dragon Claw|p2b: Wo-Chien\n|-activate|p2b: Wo-Chien|move: Protect\n|\n|-heal|p2b: Wo-Chien|55\/100 brn|[from] item: Leftovers\n|-damage|p1a: Talonflame|20\/100|[from] Leech Seed|[of] p2b: Wo-Chien\n|-heal|p2b: Wo-Chien|66\/100 brn|[silent]\n|-damage|p1b: Garchomp|0 fnt|[from] Leech Seed|[of] p2b: Wo-Chien\n|-heal|p2b: Wo-Chien|67\/100 brn|[silent]\n|faint|p1b: Garchomp\n|-damage|p2b: Wo-Chien|61\/100 brn|[from] brn\n|upkeep\n|turn|9\n|\n|t:|1682540204\n|move|p1a: Talonflame|Brave Bird|p2b: Wo-Chien\n|-damage|p2b: Wo-Chien|43\/100 brn\n|-damage|p1a: Talonflame|14\/100|[from] Recoil\n|move|p2b: Wo-Chien|Ruination|p1a: Talonflame\n|-damage|p1a: Talonflame|7\/100\n|\n|-heal|p2b: Wo-Chien|49\/100 brn|[from] item: Leftovers\n|-damage|p1a: Talonflame|0 fnt|[from] Leech Seed|[of] p2b: Wo-Chien\n|-heal|p2b: Wo-Chien|56\/100 brn|[silent]\n|faint|p1a: Talonflame\n|\n|win|redx50\n|upkeep\n|raw|TGH_sr's rating: 1360 → 1337<\/strong> (-23 for losing)\n|raw|redx50's rating: 1316 → 1339<\/strong> (+23 for winning)\n","uploadtime":1682540222,"views":9,"p1id":"tghsr","p2id":"redx50","formatid":"gen9vgc2023regulationc","rating":1337,"private":0,"password":""}