{"id":"gen9vgc2023regulationc-1848148964","p1":"HildaisViscous","p2":"Eselprimo","format":"[Gen 9] VGC 2023 Regulation C","log":"|j|\u203dHildaisViscous\n|j|\u2606Eselprimo\n|t:|1682035443\n|gametype|doubles\n|player|p1|HildaisViscous|hilda-wonderlauncher|1070\n|player|p2|Eselprimo|169|1065\n|teamsize|p1|6\n|teamsize|p2|6\n|gen|9\n|tier|[Gen 9] VGC 2023 Regulation C\n|rated|\n|rule|Species Clause: Limit one of each Pok\u00e9mon\n|rule|Item Clause: Limit one of each item\n|clearpoke\n|poke|p1|Garchomp, L50, M|\n|poke|p1|Salamence, L50, M|\n|poke|p1|Revavroom, L50, M|\n|poke|p1|Gyarados, L50, F|\n|poke|p1|Iron Valiant, L50|\n|poke|p1|Tinkaton, L50, F|\n|poke|p2|Maushold-Four, L50|\n|poke|p2|Goodra, L50, F|\n|poke|p2|Gyarados, L50, F|\n|poke|p2|Scizor, L50, F|\n|poke|p2|Honchkrow, L50, F|\n|poke|p2|Dragonite, L50, F|\n|teampreview|4\n|\n|t:|1682035483\n|start\n|switch|p1a: Garchomp|Garchomp, L50, M|100\/100\n|switch|p1b: Salamence|Salamence, L50, M|100\/100\n|switch|p2a: Gyarados|Gyarados, L50, F|100\/100\n|switch|p2b: Honchkrow|Honchkrow, L50, F|100\/100\n|-ability|p1b: Salamence|Intimidate|boost\n|-unboost|p2a: Gyarados|atk|1\n|-unboost|p2b: Honchkrow|atk|1\n|-ability|p2a: Gyarados|Intimidate|boost\n|-unboost|p1a: Garchomp|atk|1\n|-unboost|p1b: Salamence|atk|1\n|turn|1\n|\n|t:|1682035524\n|move|p1a: Garchomp|Rock Slide|p2b: Honchkrow|[spread] p2a,p2b\n|-supereffective|p2a: Gyarados\n|-supereffective|p2b: Honchkrow\n|-damage|p2a: Gyarados|76\/100\n|-damage|p2b: Honchkrow|60\/100\n|move|p1b: Salamence|Rock Slide|p2a: Gyarados|[spread] p2a,p2b\n|-supereffective|p2a: Gyarados\n|-supereffective|p2b: Honchkrow\n|-damage|p2a: Gyarados|48\/100\n|-damage|p2b: Honchkrow|18\/100\n|cant|p2a: Gyarados|flinch\n|move|p2b: Honchkrow|Night Slash|p1b: Salamence\n|-crit|p1b: Salamence\n|-damage|p1b: Salamence|31\/100\n|\n|-heal|p2a: Gyarados|54\/100|[from] item: Leftovers\n|upkeep\n|turn|2\n|\n|t:|1682035544\n|switch|p2b: Scizor|Scizor, L50, F|100\/100\n|move|p2a: Gyarados|Protect|p2a: Gyarados\n|-singleturn|p2a: Gyarados|Protect\n|move|p1a: Garchomp|Rock Slide|p2b: Scizor|[spread] p2b\n|-activate|p2a: Gyarados|move: Protect\n|-damage|p2b: Scizor|87\/100\n|move|p1b: Salamence|Rock Slide|p2a: Gyarados|[spread] p2b\n|-activate|p2a: Gyarados|move: Protect\n|-damage|p2b: Scizor|74\/100\n|\n|-heal|p2a: Gyarados|60\/100|[from] item: Leftovers\n|upkeep\n|turn|3\n|\n|t:|1682035578\n|move|p1b: Salamence|Protect|p1b: Salamence\n|-singleturn|p1b: Salamence|Protect\n|move|p2a: Gyarados|Protect||[still]\n|-fail|p2a: Gyarados\n|move|p2b: Scizor|Bullet Punch|p1b: Salamence\n|-activate|p1b: Salamence|move: Protect\n|move|p1a: Garchomp|Swords Dance|p1a: Garchomp\n|-boost|p1a: Garchomp|atk|2\n|\n|-heal|p2a: Gyarados|66\/100|[from] item: Leftovers\n|upkeep\n|turn|4\n|\n|t:|1682035598\n|switch|p2a: Honchkrow|Honchkrow, L50, F|18\/100\n|move|p2b: Scizor|Bullet Punch|p1b: Salamence\n|-damage|p1b: Salamence|0 fnt\n|faint|p1b: Salamence\n|-damage|p2b: Scizor|64\/100|[from] item: Life Orb\n|move|p1a: Garchomp|Rock Slide|p2b: Scizor|[spread] p2b\n|-miss|p1a: Garchomp|p2a: Honchkrow\n|-damage|p2b: Scizor|36\/100\n|\n|upkeep\n|\n|t:|1682035608\n|switch|p1b: Tinkaton|Tinkaton, L50, F|100\/100\n|-ability|p1b: Tinkaton|Mold Breaker\n|turn|5\n|\n|t:|1682035617\n|switch|p2a: Gyarados|Gyarados, L50, F|66\/100\n|-ability|p2a: Gyarados|Intimidate|boost\n|-unboost|p1a: Garchomp|atk|1\n|-fail|p1b: Tinkaton|unboost|[from] item: Clear Amulet|[of] p1b: Tinkaton\n|move|p2b: Scizor|Protect|p2b: Scizor\n|-singleturn|p2b: Scizor|Protect\n|move|p1b: Tinkaton|Fake Out|p2b: Scizor\n|-activate|p2b: Scizor|move: Protect\n|move|p1a: Garchomp|Rock Slide|p2a: Gyarados|[spread] p2a\n|-activate|p2b: Scizor|move: Protect\n|-supereffective|p2a: Gyarados\n|-damage|p2a: Gyarados|30\/100\n|\n|-heal|p2a: Gyarados|36\/100|[from] item: Leftovers\n|upkeep\n|turn|6\n|\n|t:|1682035646\n|move|p2a: Gyarados|Protect|p2a: Gyarados\n|-singleturn|p2a: Gyarados|Protect\n|move|p1a: Garchomp|Rock Slide|p2b: Scizor|[spread] p2b\n|-activate|p2a: Gyarados|move: Protect\n|-damage|p2b: Scizor|17\/100\n|move|p1b: Tinkaton|Rock Slide|p2b: Scizor|[spread] p2b\n|-activate|p2a: Gyarados|move: Protect\n|-damage|p2b: Scizor|6\/100\n|move|p2b: Scizor|Close Combat|p1a: Garchomp\n|-crit|p1a: Garchomp\n|-damage|p1a: Garchomp|30\/100\n|-unboost|p2b: Scizor|def|1\n|-unboost|p2b: Scizor|spd|1\n|-damage|p2b: Scizor|0 fnt|[from] ability: Rough Skin|[of] p1a: Garchomp\n|faint|p2b: Scizor\n|\n|-heal|p2a: Gyarados|42\/100|[from] item: Leftovers\n|upkeep\n|\n|t:|1682035667\n|switch|p2b: Honchkrow|Honchkrow, L50, F|18\/100\n|turn|7\n|\n|t:|1682035680\n|move|p2a: Gyarados|Protect|p2a: Gyarados\n|-singleturn|p2a: Gyarados|Protect\n|move|p1a: Garchomp|Rock Slide|p2a: Gyarados|[spread] p2b\n|-activate|p2a: Gyarados|move: Protect\n|-supereffective|p2b: Honchkrow\n|-damage|p2b: Honchkrow|0 fnt\n|faint|p2b: Honchkrow\n|move|p1b: Tinkaton|Rock Slide|p2a: Gyarados\n|-activate|p2a: Gyarados|move: Protect\n|\n|-heal|p2a: Gyarados|48\/100|[from] item: Leftovers\n|upkeep\n|\n|t:|1682035693\n|switch|p2b: Goodra|Goodra, L50, F|100\/100\n|turn|8\n|\n|t:|1682035717\n|-terastallize|p2a: Gyarados|Ground\n|move|p1a: Garchomp|Rock Slide|p2a: Gyarados|[spread] p2a,p2b\n|-resisted|p2a: Gyarados\n|-crit|p2b: Goodra\n|-damage|p2a: Gyarados|40\/100\n|-damage|p2b: Goodra|74\/100\n|move|p1b: Tinkaton|Rock Slide|p2a: Gyarados|[spread] p2a,p2b\n|-resisted|p2a: Gyarados\n|-damage|p2a: Gyarados|34\/100\n|-damage|p2b: Goodra|63\/100\n|cant|p2a: Gyarados|flinch\n|move|p2b: Goodra|Flamethrower|p1a: Garchomp\n|-resisted|p1a: Garchomp\n|-damage|p1a: Garchomp|17\/100\n|\n|-heal|p2a: Gyarados|40\/100|[from] item: Leftovers\n|upkeep\n|turn|9\n|\n|t:|1682035736\n|move|p2a: Gyarados|Protect|p2a: Gyarados\n|-singleturn|p2a: Gyarados|Protect\n|move|p1a: Garchomp|Rock Slide|p2a: Gyarados|[spread] p2b\n|-activate|p2a: Gyarados|move: Protect\n|-damage|p2b: Goodra|45\/100\n|move|p1b: Tinkaton|Gigaton Hammer|p2a: Gyarados\n|-activate|p2a: Gyarados|move: Protect\n|move|p2b: Goodra|Flamethrower|p1a: Garchomp\n|-resisted|p1a: Garchomp\n|-damage|p1a: Garchomp|2\/100\n|\n|-heal|p2a: Gyarados|46\/100|[from] item: Leftovers\n|upkeep\n|turn|10\n|\n|t:|1682035767\n|move|p1a: Garchomp|Rock Slide|p2a: Gyarados|[spread] p2a,p2b\n|-resisted|p2a: Gyarados\n|-damage|p2a: Gyarados|36\/100\n|-damage|p2b: Goodra|25\/100\n|move|p1b: Tinkaton|Fake Tears|p2b: Goodra\n|-unboost|p2b: Goodra|spd|2\n|cant|p2a: Gyarados|flinch\n|move|p2b: Goodra|Flamethrower|p1a: Garchomp\n|-resisted|p1a: Garchomp\n|-damage|p1a: Garchomp|0 fnt\n|faint|p1a: Garchomp\n|\n|-heal|p2a: Gyarados|42\/100|[from] item: Leftovers\n|upkeep\n|\n|t:|1682035776\n|switch|p1a: Iron Valiant|Iron Valiant, L50|100\/100\n|-enditem|p1a: Iron Valiant|Booster Energy\n|-activate|p1a: Iron Valiant|ability: Quark Drive|[fromitem]\n|-start|p1a: Iron Valiant|quarkdrivespe\n|turn|11\n|\n|t:|1682035791\n|move|p1a: Iron Valiant|Moonblast|p2b: Goodra\n|-supereffective|p2b: Goodra\n|-damage|p2b: Goodra|0 fnt\n|faint|p2b: Goodra\n|move|p1b: Tinkaton|Gigaton Hammer|p2a: Gyarados\n|-damage|p2a: Gyarados|0 fnt\n|faint|p2a: Gyarados\n|\n|win|HildaisViscous\n|raw|HildaisViscous's rating: 1070 → 1099<\/strong> (+29 for winning)\n|raw|Eselprimo's rating: 1065 → 1046<\/strong> (-19 for losing)\n","uploadtime":1682035799,"views":5,"p1id":"hildaisviscous","p2id":"eselprimo","formatid":"gen9vgc2023regulationc","rating":1046,"private":0,"password":""}