{"id":"gen9vgc2023regulationc-1853037348","p1":"Cyruno","p2":"Jscoot12","format":"[Gen 9] VGC 2023 Regulation C","log":"|j|\u2606Cyruno\n|j|\u2606Jscoot12\n|t:|1682628111\n|gametype|doubles\n|player|p1|Cyruno|blue|1212\n|player|p2|Jscoot12|2|1299\n|teamsize|p1|6\n|teamsize|p2|6\n|gen|9\n|tier|[Gen 9] VGC 2023 Regulation C\n|rated|\n|rule|Species Clause: Limit one of each Pok\u00e9mon\n|rule|Item Clause: Limit one of each item\n|clearpoke\n|poke|p1|Chien-Pao, L50|\n|poke|p1|Roaring Moon, L50|\n|poke|p1|Flutter Mane, L50|\n|poke|p1|Amoonguss, L50, F|\n|poke|p1|Gyarados, L50, M|\n|poke|p1|Scizor, L50, M|\n|poke|p2|Orthworm, L50, F|\n|poke|p2|Dragonite, L50, M|\n|poke|p2|Flutter Mane, L50|\n|poke|p2|Chi-Yu, L50|\n|poke|p2|Gastrodon-East, L50, M|\n|poke|p2|Baxcalibur, L50, M|\n|teampreview|4\nJscoot12 has agreed to open team sheets.\nCyruno has agreed to open team sheets.\n|\n|t:|1682628170\n|start\n|switch|p1a: Scizor|Scizor, L50, M|100\/100\n|switch|p1b: Chien-Pao|Chien-Pao, L50|100\/100\n|switch|p2a: Chi-Yu|Chi-Yu, L50|100\/100\n|switch|p2b: Flutter Mane|Flutter Mane, L50|100\/100\n|-ability|p1b: Chien-Pao|Sword of Ruin\n|-ability|p2a: Chi-Yu|Beads of Ruin\n|-enditem|p2b: Flutter Mane|Booster Energy\n|-activate|p2b: Flutter Mane|ability: Protosynthesis|[fromitem]\n|-start|p2b: Flutter Mane|protosynthesisspe\n|turn|1\n|\n|t:|1682628203\n|-terastallize|p2a: Chi-Yu|Grass\n|move|p1a: Scizor|Protect|p1a: Scizor\n|-singleturn|p1a: Scizor|Protect\n|move|p2b: Flutter Mane|Dazzling Gleam|p1b: Chien-Pao|[spread] p1b\n|-activate|p1a: Scizor|move: Protect\n|-supereffective|p1b: Chien-Pao\n|-enditem|p1b: Chien-Pao|Focus Sash\n|-damage|p1b: Chien-Pao|1\/100\n|move|p1b: Chien-Pao|Sacred Sword|p2a: Chi-Yu\n|-damage|p2a: Chi-Yu|45\/100\n|move|p2a: Chi-Yu|Dark Pulse|p1b: Chien-Pao\n|-resisted|p1b: Chien-Pao\n|-crit|p1b: Chien-Pao\n|-damage|p1b: Chien-Pao|0 fnt\n|faint|p1b: Chien-Pao\n|\n|upkeep\n|\n|t:|1682628212\n|switch|p1b: Gyarados|Gyarados, L50, M|100\/100\n|-ability|p1b: Gyarados|Intimidate|boost\n|-unboost|p2a: Chi-Yu|atk|1\n|-unboost|p2b: Flutter Mane|atk|1\n|turn|2\n|\n|t:|1682628228\n|switch|p2a: Orthworm|Orthworm, L50, F|100\/100\n|-terastallize|p1a: Scizor|Fire\n|move|p2b: Flutter Mane|Thunderbolt|p1a: Scizor\n|-damage|p1a: Scizor|65\/100\n|move|p1b: Gyarados|Iron Head|p2b: Flutter Mane\n|-supereffective|p2b: Flutter Mane\n|-damage|p2b: Flutter Mane|17\/100\n|move|p1a: Scizor|U-turn|p2a: Orthworm\n|-resisted|p2a: Orthworm\n|-damage|p2a: Orthworm|88\/100\n|\n|t:|1682628244\n|switch|p1a: Roaring Moon|Roaring Moon, L50|100\/100|[from] U-turn\n|-enditem|p1a: Roaring Moon|Booster Energy\n|-activate|p1a: Roaring Moon|ability: Protosynthesis|[fromitem]\n|-start|p1a: Roaring Moon|protosynthesisatk\n|\n|-heal|p2a: Orthworm|94\/100|[from] item: Leftovers\n|upkeep\n|turn|3\n|\n|t:|1682628263\n|move|p2b: Flutter Mane|Protect|p2b: Flutter Mane\n|-singleturn|p2b: Flutter Mane|Protect\n|move|p1a: Roaring Moon|Protect|p1a: Roaring Moon\n|-singleturn|p1a: Roaring Moon|Protect\n|move|p1b: Gyarados|Iron Head|p2b: Flutter Mane\n|-activate|p2b: Flutter Mane|move: Protect\n|move|p2a: Orthworm|Iron Defense|p2a: Orthworm\n|-boost|p2a: Orthworm|def|2\n|\n|-heal|p2a: Orthworm|99\/100|[from] item: Leftovers\n|upkeep\n|turn|4\n|\n|t:|1682628281\n|-end|p1a: Roaring Moon|Protosynthesis|[silent]\n|switch|p1a: Scizor|Scizor, L50, M, tera:Fire|65\/100\n|move|p2b: Flutter Mane|Thunderbolt|p1b: Gyarados\n|-supereffective|p1b: Gyarados\n|-damage|p1b: Gyarados|0 fnt\n|faint|p1b: Gyarados\n|move|p2a: Orthworm|Body Press|p1a: Scizor\n|-damage|p1a: Scizor|9\/100\n|\n|-heal|p2a: Orthworm|100\/100|[from] item: Leftovers\n|upkeep\n|\n|t:|1682628286\n|switch|p1b: Roaring Moon|Roaring Moon, L50|100\/100\n|turn|5\n|\n|t:|1682628306\n|move|p2b: Flutter Mane|Protect|p2b: Flutter Mane\n|-singleturn|p2b: Flutter Mane|Protect\n|move|p1a: Scizor|Bullet Punch|p2b: Flutter Mane\n|-activate|p2b: Flutter Mane|move: Protect\n|move|p1b: Roaring Moon|Breaking Swipe|p2a: Orthworm|[spread] p2a\n|-activate|p2b: Flutter Mane|move: Protect\n|-resisted|p2a: Orthworm\n|-damage|p2a: Orthworm|97\/100\n|-unboost|p2a: Orthworm|atk|1\n|move|p2a: Orthworm|Body Press|p1b: Roaring Moon\n|-supereffective|p1b: Roaring Moon\n|-damage|p1b: Roaring Moon|0 fnt\n|faint|p1b: Roaring Moon\n|-end|p1b: Roaring Moon|Protosynthesis|[silent]\n|\n|-heal|p2a: Orthworm|100\/100|[from] item: Leftovers\n|upkeep\n|turn|6\n|-message|Cyruno forfeited.\n|\n|win|Jscoot12\n|raw|Cyruno's rating: 1212 → 1193<\/strong> (-19 for losing)\n|raw|Jscoot12's rating: 1299 → 1318<\/strong> (+19 for winning)\n|l|\u2606Cyruno\n","uploadtime":1682628321,"views":18,"p1id":"cyruno","p2id":"jscoot12","formatid":"gen9vgc2023regulationc","rating":1193,"private":0,"password":""}