{"id":"gen9vgc2023regulationc-1859296303","p1":"hit my whip","p2":"marcelobg","format":"[Gen 9] VGC 2023 Regulation C","log":"|j|\u2606hit my whip\n|j|\u2606marcelobg\n|t:|1683430234\n|gametype|doubles\n|player|p1|hit my whip|acetrainerf-gen4dp|1375\n|player|p2|marcelobg|2|1331\n|teamsize|p1|6\n|teamsize|p2|6\n|gen|9\n|tier|[Gen 9] VGC 2023 Regulation C\n|rated|\n|rule|Species Clause: Limit one of each Pok\u00e9mon\n|rule|Item Clause: Limit one of each item\n|clearpoke\n|poke|p1|Pincurchin, L50, M|\n|poke|p1|Iron Jugulis, L50|\n|poke|p1|Tyranitar, L50, F|\n|poke|p1|Iron Thorns, L50|\n|poke|p1|Iron Bundle, L50|\n|poke|p1|Lycanroc, L50, M|\n|poke|p2|Great Tusk, L50|\n|poke|p2|Iron Bundle, L50|\n|poke|p2|Amoonguss, L50, M|\n|poke|p2|Talonflame, L50, F|\n|poke|p2|Flutter Mane, L50|\n|poke|p2|Iron Hands, L50|\n|teampreview|4\n|inactive|Battle timer is ON: inactive players will automatically lose when time's up. (requested by hit my whip)\n|inactive|hit my whip has 60 seconds left.\n|inactive|marcelobg has 60 seconds left.\n|inactive|marcelobg has 30 seconds left.\n|\n|t:|1683430304\n|start\n|switch|p1a: him|Pincurchin, L50, M|100\/100\n|switch|p1b: Iron Jugulis|Iron Jugulis, L50|100\/100\n|switch|p2a: Talonflame|Talonflame, L50, F|100\/100\n|switch|p2b: Iron Hands|Iron Hands, L50|100\/100\n|-fieldstart|move: Electric Terrain|[from] ability: Electric Surge|[of] p1a: him\n|-enditem|p1b: Iron Jugulis|Electric Seed\n|-boost|p1b: Iron Jugulis|def|1|[from] item: Electric Seed\n|-activate|p1b: Iron Jugulis|ability: Quark Drive\n|-start|p1b: Iron Jugulis|quarkdrivespe\n|-activate|p2b: Iron Hands|ability: Quark Drive\n|-start|p2b: Iron Hands|quarkdriveatk\n|turn|1\n|\n|t:|1683430326\n|move|p2b: Iron Hands|Fake Out|p1b: Iron Jugulis\n|-damage|p1b: Iron Jugulis|86\/100\n|move|p2a: Talonflame|Tailwind|p2a: Talonflame\n|-sidestart|p2: marcelobg|move: Tailwind\n|cant|p1b: Iron Jugulis|flinch\n|move|p1a: him|Memento|p2b: Iron Hands\n|-unboost|p2b: Iron Hands|atk|2\n|-unboost|p2b: Iron Hands|spa|2\n|faint|p1a: him\n|\n|upkeep\n|\n|t:|1683430332\n|switch|p1a: Iron Bundle|Iron Bundle, L50|100\/100\n|-activate|p1a: Iron Bundle|ability: Quark Drive\n|-start|p1a: Iron Bundle|quarkdrivespa\n|turn|2\n|inactive|marcelobg has 30 seconds left.\n|\n|t:|1683430363\n|-end|p2b: Iron Hands|Quark Drive|[silent]\n|switch|p2b: Amoonguss|Amoonguss, L50, M, shiny|100\/100\n|move|p2a: Talonflame|Brave Bird|p1a: Iron Bundle\n|-damage|p1a: Iron Bundle|52\/100\n|-damage|p2a: Talonflame|89\/100|[from] Recoil\n|move|p1b: Iron Jugulis|Tailwind|p1b: Iron Jugulis\n|-sidestart|p1: hit my whip|move: Tailwind\n|move|p1a: Iron Bundle|Ice Beam|p2b: Amoonguss\n|-supereffective|p2b: Amoonguss\n|-crit|p2b: Amoonguss\n|-damage|p2b: Amoonguss|0 fnt\n|faint|p2b: Amoonguss\n|\n|upkeep\n|\n|t:|1683430376\n|switch|p2b: Iron Hands|Iron Hands, L50|100\/100\n|-activate|p2b: Iron Hands|ability: Quark Drive\n|-start|p2b: Iron Hands|quarkdriveatk\n|turn|3\n|\n|t:|1683430400\n|move|p1b: Iron Jugulis|Dark Pulse|p2a: Talonflame\n|-damage|p2a: Talonflame|43\/100\n|move|p1a: Iron Bundle|Ice Beam|p2b: Iron Hands\n|-damage|p2b: Iron Hands|47\/100\n|move|p2a: Talonflame|Brave Bird|p1a: Iron Bundle\n|-damage|p1a: Iron Bundle|6\/100\n|-damage|p2a: Talonflame|32\/100|[from] Recoil\n|move|p2b: Iron Hands|Wild Charge|p1b: Iron Jugulis\n|-supereffective|p1b: Iron Jugulis\n|-crit|p1b: Iron Jugulis\n|-damage|p1b: Iron Jugulis|0 fnt\n|faint|p1b: Iron Jugulis\n|-end|p1b: Iron Jugulis|Quark Drive|[silent]\n|-damage|p2b: Iron Hands|29\/100|[from] Recoil\n|\n|upkeep\n|\n|t:|1683430412\n|switch|p1b: ROBOT ROCK|Iron Thorns, L50|100\/100\n|-activate|p1b: ROBOT ROCK|ability: Quark Drive\n|-start|p1b: ROBOT ROCK|quarkdriveatk\n|turn|4\n|inactive|marcelobg has 30 seconds left.\n|inactive|marcelobg has 20 seconds left.\n|inactive|marcelobg has 15 seconds left.\n|inactive|marcelobg has 10 seconds left.\n|inactive|marcelobg has 5 seconds left.\n|\n|t:|1683430463\n|move|p1a: Iron Bundle|Ice Beam|p2b: Iron Hands\n|-damage|p2b: Iron Hands|0 fnt\n|faint|p2b: Iron Hands\n|-end|p2b: Iron Hands|Quark Drive|[silent]\n|move|p2a: Talonflame|Will-O-Wisp|p1b: ROBOT ROCK\n|-status|p1b: ROBOT ROCK|brn\n|move|p1b: ROBOT ROCK|Thunder Punch|p2a: Talonflame\n|-supereffective|p2a: Talonflame\n|-damage|p2a: Talonflame|0 fnt\n|faint|p2a: Talonflame\n|-damage|p1b: ROBOT ROCK|91\/100 brn|[from] item: Life Orb\n|\n|-damage|p1b: ROBOT ROCK|85\/100 brn|[from] brn\n|-sideend|p2: marcelobg|move: Tailwind\n|upkeep\n|\n|t:|1683430477\n|switch|p2b: Flutter Mane|Flutter Mane, L50|100\/100\n|turn|5\n|\n|t:|1683430482\n|-terastallize|p2b: Flutter Mane|Fairy\n|move|p1a: Iron Bundle|Ice Beam|p2b: Flutter Mane\n|-damage|p2b: Flutter Mane|3\/100\n|move|p1b: ROBOT ROCK|Thunder Punch|p2b: Flutter Mane\n|-damage|p2b: Flutter Mane|0 fnt\n|faint|p2b: Flutter Mane\n|-end|p2b: Flutter Mane|Protosynthesis|[silent]\n|-damage|p1b: ROBOT ROCK|75\/100 brn|[from] item: Life Orb\n|\n|win|hit my whip\n|raw|hit my whip's rating: 1375 → 1392<\/strong> (+17 for winning)\n|raw|marcelobg's rating: 1331 → 1314<\/strong> (-17 for losing)\n|l|\u2606hit my whip\n","uploadtime":1683430499,"views":10,"p1id":"hitmywhip","p2id":"marcelobg","formatid":"gen9vgc2023regulationc","rating":1314,"private":0,"password":""}