{"id":"gen9vgc2023regulationc-1852479707","p1":"ItsStoize","p2":"major2klangz","format":"[Gen 9] VGC 2023 Regulation C","log":"|j|\u2606ItsStoize\n|j|\u2606major2klangz\n|t:|1682562931\n|gametype|doubles\n|player|p1|ItsStoize|benga|1149\n|player|p2|major2klangz|palmer|1051\n|teamsize|p1|6\n|teamsize|p2|6\n|gen|9\n|tier|[Gen 9] VGC 2023 Regulation C\n|rated|\n|rule|Species Clause: Limit one of each Pok\u00e9mon\n|rule|Item Clause: Limit one of each item\n|clearpoke\n|poke|p1|Chi-Yu, L50|\n|poke|p1|Flutter Mane, L50|\n|poke|p1|Chien-Pao, L50|\n|poke|p1|Gallade, L50, M|\n|poke|p1|Talonflame, L50, F|\n|poke|p1|Gyarados, L50, F|\n|poke|p2|Amoonguss, L50, F|\n|poke|p2|Pelipper, L50, M|\n|poke|p2|Palafin, L50, F|\n|poke|p2|Barraskewda, L50, F|\n|poke|p2|Chien-Pao, L50|\n|poke|p2|Gholdengo, L50|\n|teampreview|4\n|inactive|Battle timer is ON: inactive players will automatically lose when time's up. (requested by major2klangz)\n|\n|t:|1682563005\n|start\n|switch|p1a: Gyarados|Gyarados, L50, F|100\/100\n|switch|p1b: Talonflame|Talonflame, L50, F|100\/100\n|switch|p2a: Dad?!|Gholdengo, L50|100\/100\n|switch|p2b: GimmeAkiss|Amoonguss, L50, F|100\/100\n|-ability|p1a: Gyarados|Intimidate|boost\n|-unboost|p2a: Dad?!|atk|1\n|-unboost|p2b: GimmeAkiss|atk|1\n|turn|1\n|\n|t:|1682563024\n|switch|p2b: BigDuck|Pelipper, L50, M|100\/100\n|-weather|RainDance|[from] ability: Drizzle|[of] p2b: BigDuck\n|move|p1b: Talonflame|Tailwind|p1b: Talonflame\n|-sidestart|p1: ItsStoize|move: Tailwind\n|move|p1a: Gyarados|Taunt|p2b: BigDuck\n|-start|p2b: BigDuck|move: Taunt\n|move|p2a: Dad?!|Thunder|p1a: Gyarados\n|-supereffective|p1a: Gyarados\n|-damage|p1a: Gyarados|0 fnt\n|faint|p1a: Gyarados\n|\n|-weather|RainDance|[upkeep]\n|upkeep\n|inactive|ItsStoize has 30 seconds left.\n|\n|t:|1682563054\n|switch|p1a: Gallade|Gallade, L50, M|100\/100\n|turn|2\n|\n|t:|1682563071\n|switch|p2a: GimmeAkiss|Amoonguss, L50, F|100\/100\n|-terastallize|p1a: Gallade|Dark\n|move|p1a: Gallade|Night Slash|p2a: GimmeAkiss\n|-crit|p2a: GimmeAkiss\n|-damage|p2a: GimmeAkiss|63\/100\n|-damage|p1a: Gallade|84\/100|[from] item: Rocky Helmet|[of] p2a: GimmeAkiss\n|move|p1b: Talonflame|Will-O-Wisp|p2b: BigDuck\n|-status|p2b: BigDuck|brn\n|move|p2b: BigDuck|Hurricane|p1b: Talonflame\n|-damage|p1b: Talonflame|53\/100\n|\n|-weather|RainDance|[upkeep]\n|-damage|p2b: BigDuck|95\/100 brn|[from] brn\n|upkeep\n|turn|3\n|inactive|major2klangz has 30 seconds left.\n|\n|t:|1682563098\n|-terastallize|p2a: GimmeAkiss|Fire\n|move|p1a: Gallade|Night Slash|p2b: BigDuck\n|-damage|p2b: BigDuck|66\/100 brn\n|move|p1b: Talonflame|Taunt|p2a: GimmeAkiss\n|-start|p2a: GimmeAkiss|move: Taunt\n|move|p2b: BigDuck|Hurricane|p1b: Talonflame\n|-damage|p1b: Talonflame|0 fnt\n|faint|p1b: Talonflame\n|cant|p2a: GimmeAkiss|move: Taunt|Spore\n|\n|-weather|RainDance|[upkeep]\n|-damage|p2b: BigDuck|60\/100 brn|[from] brn\n|-end|p2b: BigDuck|move: Taunt\n|upkeep\n|\n|t:|1682563114\n|switch|p1b: Chien-Pao|Chien-Pao, L50|100\/100\n|-ability|p1b: Chien-Pao|Sword of Ruin\n|turn|4\n|\n|t:|1682563136\n|move|p1a: Gallade|Night Slash|p2a: GimmeAkiss\n|-damage|p2a: GimmeAkiss|27\/100\n|-damage|p1a: Gallade|68\/100|[from] item: Rocky Helmet|[of] p2a: GimmeAkiss\n|move|p1b: Chien-Pao|Ice Spinner|p2b: BigDuck\n|-damage|p2b: BigDuck|3\/100 brn\n|-damage|p1b: Chien-Pao|91\/100|[from] item: Life Orb\n|move|p2b: BigDuck|Hurricane|p1a: Gallade\n|-damage|p1a: Gallade|26\/100\n|-start|p1a: Gallade|confusion\n|move|p2a: GimmeAkiss|Pollen Puff|p1a: Gallade\n|-supereffective|p1a: Gallade\n|-damage|p1a: Gallade|0 fnt\n|faint|p1a: Gallade\n|\n|-weather|RainDance|[upkeep]\n|-damage|p2b: BigDuck|0 fnt|[from] brn\n|faint|p2b: BigDuck\n|-sideend|p1: ItsStoize|move: Tailwind\n|upkeep\n|\n|t:|1682563154\n|switch|p2b: Squelch|Barraskewda, L50, F|100\/100\n|turn|5\n|l|\u2606ItsStoize\n|inactive|ItsStoize disconnected and has a minute to reconnect!\n|player|p1|\n|inactive|ItsStoize has 30 seconds left.\n|inactive|ItsStoize has 20 seconds left.\n|inactive|ItsStoize has 15 seconds left.\n|inactive|ItsStoize has 10 seconds left.\n|inactive|ItsStoize has 5 seconds left.\n|-message|ItsStoize lost due to inactivity.\n|\n|win|major2klangz\n|raw|ItsStoize's rating: 1149 → 1117<\/strong> (-32 for losing)\n|raw|major2klangz's rating: 1051 → 1092<\/strong> (+41 for winning)\n","uploadtime":1682563215,"views":10,"p1id":"itsstoize","p2id":"major2klangz","formatid":"gen9vgc2023regulationc","rating":1092,"private":0,"password":""}