{"id":"gen9vgc2023regulationc-1849746890","p1":"nerve301","p2":"Uahhhh","format":"[Gen 9] VGC 2023 Regulation C","log":"|j|\u2606nerve301\n|j|\u2606Uahhhh\n|t:|1682244336\n|gametype|doubles\n|player|p1|nerve301|cilan|\n|player|p2|Uahhhh|lady|\n|teamsize|p1|6\n|teamsize|p2|6\n|gen|9\n|tier|[Gen 9] VGC 2023 Regulation C\n|rated|Tournament battle\n|rule|Species Clause: Limit one of each Pok\u00e9mon\n|rule|Item Clause: Limit one of each item\n|clearpoke\n|poke|p1|Flutter Mane, L50|\n|poke|p1|Kingambit, L50, F|\n|poke|p1|Great Tusk, L50|\n|poke|p1|Iron Bundle, L50|\n|poke|p1|Chien-Pao, L50|\n|poke|p1|Dragonite, L50, F|\n|poke|p2|Chi-Yu, L50|\n|poke|p2|Great Tusk, L50|\n|poke|p2|Iron Bundle, L50|\n|poke|p2|Murkrow, L50, M|\n|poke|p2|Abomasnow, L50, M|\n|poke|p2|Gholdengo, L50|\n|teampreview|4\n|raw| Open Team Sheet for nerve301<\/summary>Flutter Mane @ Choice Specs Ability: Protosynthesis Level: 50 Tera Type: Fairy - Moonblast - Dazzling Gleam - Shadow Ball - Power Gem Kingambit (F) @ Assault Vest Ability: Defiant Level: 50 Tera Type: Fire - Kowtow Cleave - Sucker Punch - Iron Head - Tera Blast Great Tusk @ Choice Scarf Ability: Protosynthesis Level: 50 Hidden Power: Fighting Tera Type: Steel - Headlong Rush - Earthquake - Close Combat - Rock Slide Iron Bundle @ Booster Energy Ability: Quark Drive Level: 50 Tera Type: Water - Freeze-Dry - Protect - Icy Wind - Hydro Pump Chien-Pao @ Focus Sash Ability: Sword of Ruin Level: 50 Tera Type: Fighting - Ice Spinner - Sucker Punch - Protect - Sacred Sword Dragonite @ Choice Band Ability: Multiscale Level: 50 Tera Type: Flying - Tera Blast - Extreme Speed - Ice Spinner - Tailwind <\/details><\/div> Open Team Sheet for Uahhhh<\/summary>Liyuu (Chi-Yu) @ Choice Specs Ability: Beads of Ruin Level: 50 Tera Type: Ghost - Heat Wave - Overheat - Dark Pulse - Psychic Great Tusk @ Choice Scarf Ability: Protosynthesis Level: 50 Hidden Power: Fighting Tera Type: Fire - Earthquake - Headlong Rush - Close Combat - Rock Slide \u5305\u88b1\u5305\u88b1 (Iron Bundle) @ Booster Energy Ability: Quark Drive Level: 50 Tera Type: Ice - Freeze-Dry - Blizzard - Hydro Pump - Protect Murkrow @ Eviolite Ability: Prankster Level: 50 Tera Type: Ghost - Foul Play - Tailwind - Haze - Sunny Day Abomasnow @ Light Clay Ability: Snow Warning Level: 50 Tera Type: Rock - Blizzard - Energy Ball - Helping Hand - Aurora Veil Gholdengo @ Sitrus Berry Ability: Good as Gold Level: 50 Tera Type: Water - Make It Rain - Shadow Ball - Nasty Plot - Protect <\/details><\/div>\n|inactive|Battle timer is ON: inactive players will automatically lose when time's up. (requested by nerve301)\n|c|\u2606nerve301|glhf\n|c|\u2606Uahhhh|glhf\n|c|\u2606nerve301|dont think he was very happy lol\n|inactive|nerve301 has 60 seconds left.\n|inactive|Uahhhh has 60 seconds left.\n|inactive|nerve301 has 30 seconds left.\n|inactive|Uahhhh has 30 seconds left.\n|inactive|nerve301 has 20 seconds left.\n|inactive|Uahhhh has 20 seconds left.\n|inactive|nerve301 has 15 seconds left.\n|inactive|Uahhhh has 15 seconds left.\n|inactive|Uahhhh has 10 seconds left.\n|inactive|Uahhhh has 5 seconds left.\n|\n|t:|1682244423\n|start\n|switch|p1a: Iron Bundle|Iron Bundle, L50|100\/100\n|switch|p1b: Great Tusk|Great Tusk, L50|100\/100\n|switch|p2a: Abomasnow|Abomasnow, L50, M|100\/100\n|switch|p2b: \u5305\u88b1\u5305\u88b1|Iron Bundle, L50|100\/100\n|-weather|Snow|[from] ability: Snow Warning|[of] p2a: Abomasnow\n|-enditem|p1a: Iron Bundle|Booster Energy\n|-activate|p1a: Iron Bundle|ability: Quark Drive|[fromitem]\n|-start|p1a: Iron Bundle|quarkdrivespe\n|-enditem|p2b: \u5305\u88b1\u5305\u88b1|Booster Energy\n|-activate|p2b: \u5305\u88b1\u5305\u88b1|ability: Quark Drive|[fromitem]\n|-start|p2b: \u5305\u88b1\u5305\u88b1|quarkdrivespa\n|turn|1\n|j| Albino Pinecone\n|inactive|nerve301 has 30 seconds left.\n|\n|t:|1682244453\n|move|p1a: Iron Bundle|Protect|p1a: Iron Bundle\n|-singleturn|p1a: Iron Bundle|Protect\n|move|p2b: \u5305\u88b1\u5305\u88b1|Protect|p2b: \u5305\u88b1\u5305\u88b1\n|-singleturn|p2b: \u5305\u88b1\u5305\u88b1|Protect\n|move|p1b: Great Tusk|Close Combat|p2b: \u5305\u88b1\u5305\u88b1\n|-activate|p2b: \u5305\u88b1\u5305\u88b1|move: Protect\n|move|p2a: Abomasnow|Aurora Veil|p2a: Abomasnow\n|-sidestart|p2: Uahhhh|move: Aurora Veil\n|\n|-weather|Snow|[upkeep]\n|upkeep\n|turn|2\n|j| XD VIRGO\n|\n|t:|1682244472\n|-terastallize|p2b: \u5305\u88b1\u5305\u88b1|Ice\n|move|p1a: Iron Bundle|Icy Wind|p2b: \u5305\u88b1\u5305\u88b1|[spread] p2a,p2b\n|-resisted|p2b: \u5305\u88b1\u5305\u88b1\n|-damage|p2a: Abomasnow|85\/100\n|-damage|p2b: \u5305\u88b1\u5305\u88b1|90\/100\n|-unboost|p2a: Abomasnow|spe|1\n|-unboost|p2b: \u5305\u88b1\u5305\u88b1|spe|1\n|move|p1b: Great Tusk|Close Combat|p2a: Abomasnow\n|-supereffective|p2a: Abomasnow\n|-damage|p2a: Abomasnow|20\/100\n|-unboost|p1b: Great Tusk|def|1\n|-unboost|p1b: Great Tusk|spd|1\n|move|p2b: \u5305\u88b1\u5305\u88b1|Blizzard|p1b: Great Tusk|[spread] p1a,p1b\n|-resisted|p1a: Iron Bundle\n|-supereffective|p1b: Great Tusk\n|-damage|p1a: Iron Bundle|61\/100\n|-damage|p1b: Great Tusk|0 fnt\n|faint|p1b: Great Tusk\n|-end|p1b: Great Tusk|Protosynthesis|[silent]\n|move|p2a: Abomasnow|Blizzard|p1a: Iron Bundle\n|-resisted|p1a: Iron Bundle\n|-damage|p1a: Iron Bundle|38\/100\n|\n|-weather|Snow|[upkeep]\n|upkeep\n|\n|t:|1682244489\n|switch|p1b: Chien-Pao|Chien-Pao, L50|100\/100\n|-ability|p1b: Chien-Pao|Sword of Ruin\n|turn|3\n|\n|t:|1682244504\n|-terastallize|p1b: Chien-Pao|Fighting\n|move|p2a: Abomasnow|Helping Hand|p2b: \u5305\u88b1\u5305\u88b1\n|-singleturn|p2b: \u5305\u88b1\u5305\u88b1|Helping Hand|[of] p2a: Abomasnow\n|move|p1a: Iron Bundle|Hydro Pump|p2a: Abomasnow|[miss]\n|-miss|p1a: Iron Bundle|p2a: Abomasnow\n|move|p1b: Chien-Pao|Sacred Sword|p2b: \u5305\u88b1\u5305\u88b1\n|-supereffective|p2b: \u5305\u88b1\u5305\u88b1\n|-damage|p2b: \u5305\u88b1\u5305\u88b1|28\/100\n|move|p2b: \u5305\u88b1\u5305\u88b1|Blizzard|p1a: Iron Bundle|[spread] p1a,p1b\n|-resisted|p1a: Iron Bundle\n|-damage|p1a: Iron Bundle|0 fnt\n|-enditem|p1b: Chien-Pao|Focus Sash\n|-damage|p1b: Chien-Pao|1\/100\n|faint|p1a: Iron Bundle\n|-end|p1a: Iron Bundle|Quark Drive|[silent]\n|\n|-weather|Snow|[upkeep]\n|upkeep\n|\n|t:|1682244517\n|switch|p1a: Kingambit|Kingambit, L50, F|100\/100\n|turn|4\n|\n|t:|1682244526\n|move|p1a: Kingambit|Sucker Punch|p2a: Abomasnow\n|-damage|p2a: Abomasnow|0 fnt\n|faint|p2a: Abomasnow\n|move|p1b: Chien-Pao|Sacred Sword|p2b: \u5305\u88b1\u5305\u88b1\n|-supereffective|p2b: \u5305\u88b1\u5305\u88b1\n|-damage|p2b: \u5305\u88b1\u5305\u88b1|0 fnt\n|faint|p2b: \u5305\u88b1\u5305\u88b1\n|-end|p2b: \u5305\u88b1\u5305\u88b1|Quark Drive|[silent]\n|\n|-weather|Snow|[upkeep]\n|upkeep\n|\n|t:|1682244535\n|switch|p2b: Gholdengo|Gholdengo, L50|100\/100\n|switch|p2a: Great Tusk|Great Tusk, L50|100\/100\n|turn|5\n|\n|t:|1682244551\n|move|p2b: Gholdengo|Protect|p2b: Gholdengo\n|-singleturn|p2b: Gholdengo|Protect\n|move|p1a: Kingambit|Sucker Punch||[still]\n|-fail|p1a: Kingambit\n|move|p2a: Great Tusk|Close Combat|p1a: Kingambit\n|-supereffective|p1a: Kingambit\n|-damage|p1a: Kingambit|0 fnt\n|-unboost|p2a: Great Tusk|def|1\n|-unboost|p2a: Great Tusk|spd|1\n|faint|p1a: Kingambit\n|move|p1b: Chien-Pao|Ice Spinner|p2a: Great Tusk\n|-supereffective|p2a: Great Tusk\n|-damage|p2a: Great Tusk|25\/100\n|\n|-weather|none\n|upkeep\n|turn|6\n|l| XD VIRGO\n|c|\u2606nerve301|gg\n|l| Albino Pinecone\n|c|\u2606Uahhhh|gg\n|-message|nerve301 forfeited.\n|\n|win|Uahhhh\n|n|\u2606nerve301|nerve301\n|n|\u2606Uahhhh|uahhhh\n","uploadtime":1682244571,"views":20,"p1id":"nerve301","p2id":"uahhhh","formatid":"gen9vgc2023regulationc","rating":0,"private":0,"password":""}