{"id":"gen9vgc2023regulationc-1847474122","p1":"darlingtonia","p2":"ModernNeesh","format":"[Gen 9] VGC 2023 Regulation C","log":"|j|\u2606darlingtonia\n|j|\u2606ModernNeesh\n|t:|1681959570\n|gametype|doubles\n|player|p1|darlingtonia|proton|\n|player|p2|ModernNeesh|hilbert|\n|teamsize|p1|6\n|teamsize|p2|6\n|gen|9\n|tier|[Gen 9] VGC 2023 Regulation C\n|rule|Species Clause: Limit one of each Pok\u00e9mon\n|rule|Item Clause: Limit one of each item\n|clearpoke\n|poke|p1|Chi-Yu, L50|\n|poke|p1|Palafin, L50, F|\n|poke|p1|Amoonguss, L50, F|\n|poke|p1|Glimmora, L50, M|\n|poke|p1|Flutter Mane, L50|\n|poke|p1|Dragonite, L50, M|\n|poke|p2|Talonflame, L50, F|\n|poke|p2|Flutter Mane, L50|\n|poke|p2|Dragonite, L50, F|\n|poke|p2|Amoonguss, L50, F|\n|poke|p2|Iron Bundle, L50|\n|poke|p2|Great Tusk, L50|\n|teampreview|4\nModernNeesh has agreed to open team sheets.\n|\n|t:|1681959602\n|start\n|switch|p1a: Palafin|Palafin, L50, F|100\/100\n|switch|p1b: Dragonite|Dragonite, L50, M|100\/100\n|switch|p2a: Iron Bundle|Iron Bundle, L50|100\/100\n|switch|p2b: Talonflame|Talonflame, L50, F|100\/100\n|-enditem|p2a: Iron Bundle|Booster Energy\n|-activate|p2a: Iron Bundle|ability: Quark Drive|[fromitem]\n|-start|p2a: Iron Bundle|quarkdrivespe\n|turn|1\n|c|\u2606darlingtonia|should we restart? i forgot to accept ots\n|c|\u2606ModernNeesh|we can look at the other games right\n|c|\u2606darlingtonia|like our other games this round or other peoples' games?\n|c|\u2606ModernNeesh|like to see team sheets\n|c|\u2606ModernNeesh|we can just look at our previous games\n|c|\u2606darlingtonia|i don't think team sheet works in replays\n|c|\u2606ModernNeesh|oh i have them still open\n|c|\u2606ModernNeesh|do u just want me to paste mine\n|c|\u2606darlingtonia|sure\n|c|\u2606darlingtonia|that works, thanks!\n|\n|t:|1681959772\n|detailschange|p1a: Palafin|Palafin-Hero, L50, F\n|switch|p1a: Chi-Yu|Chi-Yu, L50|100\/100\n|-ability|p1a: Chi-Yu|Beads of Ruin\n|-terastallize|p1b: Dragonite|Flying\n|move|p1b: Dragonite|Extreme Speed|p2a: Iron Bundle\n|-damage|p2a: Iron Bundle|46\/100\n|move|p2a: Iron Bundle|Freeze-Dry|p1a: Chi-Yu\n|-resisted|p1a: Chi-Yu\n|-damage|p1a: Chi-Yu|87\/100\n|-status|p1a: Chi-Yu|frz\n|move|p2b: Talonflame|Will-O-Wisp|p1b: Dragonite\n|-status|p1b: Dragonite|brn\n|\n|-damage|p1b: Dragonite|95\/100 brn|[from] brn\n|upkeep\n|turn|2\n|c|\u2606darlingtonia|AIN'T NO WAY\n|\n|t:|1681959830\n|move|p1b: Dragonite|Extreme Speed|p2a: Iron Bundle\n|-damage|p2a: Iron Bundle|16\/100\n|move|p2a: Iron Bundle|Hydro Pump|p1a: Chi-Yu\n|-supereffective|p1a: Chi-Yu\n|-damage|p1a: Chi-Yu|0 fnt\n|faint|p1a: Chi-Yu\n|move|p2b: Talonflame|Heat Wave|p1b: Dragonite\n|-damage|p1b: Dragonite|70\/100 brn\n|\n|-damage|p1b: Dragonite|65\/100 brn|[from] brn\n|upkeep\n|\n|t:|1681959844\n|switch|p1a: Palafin|Palafin-Hero, L50, F|100\/100\n|-activate|p1a: Palafin|ability: Zero to Hero\n|turn|3\n|\n|t:|1681959863\n|move|p2a: Iron Bundle|Protect|p2a: Iron Bundle\n|-singleturn|p2a: Iron Bundle|Protect\n|move|p1b: Dragonite|Extreme Speed|p2a: Iron Bundle\n|-activate|p2a: Iron Bundle|move: Protect\n|move|p1a: Palafin|Jet Punch|p2b: Talonflame\n|-supereffective|p2b: Talonflame\n|-damage|p2b: Talonflame|3\/100\n|move|p2b: Talonflame|Will-O-Wisp|p1a: Palafin\n|-status|p1a: Palafin|brn\n|\n|-damage|p1a: Palafin|95\/100 brn|[from] brn\n|-damage|p1b: Dragonite|59\/100 brn|[from] brn\n|upkeep\n|turn|4\n|\n|t:|1681959898\n|-end|p2a: Iron Bundle|Quark Drive|[silent]\n|switch|p2a: Amoonguss|Amoonguss, L50, F|100\/100\n|switch|p1b: Glimmora|Glimmora, L50, M|100\/100\n|move|p1a: Palafin|Jet Punch|p2a: Amoonguss\n|-resisted|p2a: Amoonguss\n|-damage|p2a: Amoonguss|94\/100\n|move|p2b: Talonflame|Heat Wave|p1b: Glimmora|[spread] p1b\n|-miss|p2b: Talonflame|p1a: Palafin\n|-resisted|p1b: Glimmora\n|-damage|p1b: Glimmora|87\/100\n|\n|-damage|p1a: Palafin|89\/100 brn|[from] brn\n|upkeep\n|turn|5\n|\n|t:|1681959922\n|move|p1b: Glimmora|Spiky Shield|p1b: Glimmora\n|-singleturn|p1b: Glimmora|move: Protect\n|move|p1a: Palafin|Jet Punch|p2b: Talonflame\n|-supereffective|p2b: Talonflame\n|-damage|p2b: Talonflame|0 fnt\n|faint|p2b: Talonflame\n|move|p2a: Amoonguss|Spore|p1b: Glimmora\n|-activate|p1b: Glimmora|move: Protect\n|\n|-damage|p1a: Palafin|83\/100 brn|[from] brn\n|upkeep\n|\n|t:|1681959938\n|switch|p2b: Flutter Mane|Flutter Mane, L50|100\/100\n|turn|6\n|\n|t:|1681959956\n|move|p2b: Flutter Mane|Protect|p2b: Flutter Mane\n|-singleturn|p2b: Flutter Mane|Protect\n|move|p1a: Palafin|Jet Punch|p2b: Flutter Mane\n|-activate|p2b: Flutter Mane|move: Protect\n|move|p1b: Glimmora|Sludge Bomb|p2b: Flutter Mane\n|-activate|p2b: Flutter Mane|move: Protect\n|move|p2a: Amoonguss|Spore|p1b: Glimmora\n|-status|p1b: Glimmora|slp|[from] move: Spore\n|\n|-damage|p1a: Palafin|78\/100 brn|[from] brn\n|upkeep\n|turn|7\n|\n|t:|1681959978\n|move|p2b: Flutter Mane|Shadow Ball|p1a: Palafin\n|-crit|p1a: Palafin\n|-damage|p1a: Palafin|0 fnt\n|faint|p1a: Palafin\n|-damage|p2b: Flutter Mane|91\/100|[from] item: Life Orb\n|cant|p1b: Glimmora|slp\n|move|p2a: Amoonguss|Pollen Puff|p1b: Glimmora\n|-resisted|p1b: Glimmora\n|-damage|p1b: Glimmora|75\/100 slp\n|\n|upkeep\n|\n|t:|1681959988\n|switch|p1a: Dragonite|Dragonite, L50, M, tera:Flying|59\/100 brn\n|turn|8\n|\n|t:|1681960024\n|move|p2a: Amoonguss|Rage Powder|p2a: Amoonguss\n|-singleturn|p2a: Amoonguss|move: Rage Powder\n|move|p2b: Flutter Mane|Shadow Ball|p1a: Dragonite\n|-damage|p1a: Dragonite|0 fnt\n|faint|p1a: Dragonite\n|-damage|p2b: Flutter Mane|81\/100|[from] item: Life Orb\n|cant|p1b: Glimmora|slp\n|\n|upkeep\n|turn|9\n|\n|t:|1681960036\n|move|p2a: Amoonguss|Rage Powder|p2a: Amoonguss\n|-singleturn|p2a: Amoonguss|move: Rage Powder\n|move|p2b: Flutter Mane|Shadow Ball|p1b: Glimmora\n|-damage|p1b: Glimmora|0 fnt\n|faint|p1b: Glimmora\n|-damage|p2b: Flutter Mane|71\/100|[from] item: Life Orb\n|\n|win|ModernNeesh\n|c|\u2606ModernNeesh|gg\n","uploadtime":1681960044,"views":9,"p1id":"darlingtonia","p2id":"modernneesh","formatid":"gen9vgc2023regulationc","rating":0,"private":0,"password":""}