{"id":"gen9vgc2023regulationc-1853534436","p1":"kkkdddsss","p2":"thrillowisp","format":"[Gen 9] VGC 2023 Regulation C","log":"|j|\u2606kkkdddsss\n|j|\u2606thrillowisp\n|t:|1682694172\n|gametype|doubles\n|player|p1|kkkdddsss|2|1380\n|player|p2|thrillowisp|red-masters2|1379\n|teamsize|p1|6\n|teamsize|p2|6\n|gen|9\n|tier|[Gen 9] VGC 2023 Regulation C\n|rated|\n|rule|Species Clause: Limit one of each Pok\u00e9mon\n|rule|Item Clause: Limit one of each item\n|clearpoke\n|poke|p1|Torkoal, L50, F|\n|poke|p1|Flutter Mane, L50|\n|poke|p1|Great Tusk, L50|\n|poke|p1|Jumpluff, L50, M|\n|poke|p1|Chi-Yu, L50|\n|poke|p1|Gholdengo, L50|\n|poke|p2|Arcanine, L50, F|\n|poke|p2|Amoonguss, L50, M|\n|poke|p2|Kingambit, L50, F|\n|poke|p2|Flutter Mane, L50|\n|poke|p2|Ting-Lu, L50|\n|poke|p2|Palafin, L50, F|\n|teampreview|4\nthrillowisp has agreed to open team sheets.\n|inactive|Battle timer is ON: inactive players will automatically lose when time's up. (requested by kkkdddsss)\n|inactive|thrillowisp has 60 seconds left.\n|\n|t:|1682694287\n|start\n|switch|p1a: Gholdengo|Gholdengo, L50|100\/100\n|switch|p1b: Jumpluff|Jumpluff, L50, M|100\/100\n|switch|p2a: Arcanine|Arcanine, L50, F|100\/100\n|switch|p2b: Ting-Lu|Ting-Lu, L50|100\/100\n|-item|p1a: Gholdengo|Air Balloon\n|-ability|p2a: Arcanine|Intimidate|boost\n|-unboost|p1a: Gholdengo|atk|1\n|-unboost|p1b: Jumpluff|atk|1\n|-ability|p2b: Ting-Lu|Vessel of Ruin\n|turn|1\n|inactive|thrillowisp has 30 seconds left.\n|inactive|thrillowisp has 20 seconds left.\n|inactive|thrillowisp has 15 seconds left.\n|inactive|thrillowisp has 10 seconds left.\n|inactive|thrillowisp has 5 seconds left.\n|\n|t:|1682694339\n|switch|p1b: Torkoal|Torkoal, L50, F|100\/100\n|-weather|SunnyDay|[from] ability: Drought|[of] p1b: Torkoal\n|-terastallize|p1a: Gholdengo|Water\n|move|p1a: Gholdengo|Nasty Plot|p1a: Gholdengo\n|-boost|p1a: Gholdengo|spa|2\n|move|p2a: Arcanine|Flare Blitz|p1a: Gholdengo\n|-resisted|p1a: Gholdengo\n|-damage|p1a: Gholdengo|58\/100\n|-enditem|p1a: Gholdengo|Air Balloon\n|-damage|p2a: Arcanine|89\/100|[from] Recoil\n|move|p2b: Ting-Lu|Stomping Tantrum|p1a: Gholdengo\n|-damage|p1a: Gholdengo|19\/100\n|\n|-weather|SunnyDay|[upkeep]\n|upkeep\n|turn|2\n|inactive|kkkdddsss has 30 seconds left.\n|inactive|thrillowisp has 30 seconds left.\n|inactive|thrillowisp has 20 seconds left.\n|inactive|thrillowisp has 15 seconds left.\n|inactive|thrillowisp has 10 seconds left.\n|\n|t:|1682694387\n|move|p1a: Gholdengo|Protect|p1a: Gholdengo\n|-singleturn|p1a: Gholdengo|Protect\n|move|p2a: Arcanine|Extreme Speed|p1a: Gholdengo\n|-activate|p1a: Gholdengo|move: Protect\n|move|p2b: Ting-Lu|Stomping Tantrum|p1b: Torkoal\n|-supereffective|p1b: Torkoal\n|-crit|p1b: Torkoal\n|-damage|p1b: Torkoal|25\/100\n|move|p1b: Torkoal|Overheat|p2a: Arcanine\n|-resisted|p2a: Arcanine\n|-damage|p2a: Arcanine|52\/100\n|-unboost|p1b: Torkoal|spa|2\n|-enditem|p1b: Torkoal|Eject Pack\n|\n|t:|1682694398\n|switch|p1b: Jumpluff|Jumpluff, L50, M|100\/100\n|\n|-weather|SunnyDay|[upkeep]\n|upkeep\n|turn|3\n|\n|t:|1682694422\n|move|p1b: Jumpluff|Rage Powder|p1b: Jumpluff\n|-singleturn|p1b: Jumpluff|move: Rage Powder\n|move|p1a: Gholdengo|Shadow Ball|p2a: Arcanine\n|-damage|p2a: Arcanine|0 fnt\n|faint|p2a: Arcanine\n|move|p2b: Ting-Lu|Stomping Tantrum|p1b: Jumpluff\n|-immune|p1b: Jumpluff\n|\n|-weather|SunnyDay|[upkeep]\n|upkeep\n|\n|t:|1682694444\n|switch|p2a: Amoonguss|Amoonguss, L50, M|100\/100\n|turn|4\n|inactive|thrillowisp has 30 seconds left.\n|inactive|thrillowisp has 20 seconds left.\n|\n|t:|1682694480\n|-terastallize|p2b: Ting-Lu|Grass\n|move|p2a: Amoonguss|Protect|p2a: Amoonguss\n|-singleturn|p2a: Amoonguss|Protect\n|move|p1b: Jumpluff|Encore|p2b: Ting-Lu\n|-start|p2b: Ting-Lu|Encore\n|move|p1a: Gholdengo|Shadow Ball|p2a: Amoonguss\n|-activate|p2a: Amoonguss|move: Protect\n|move|p2b: Ting-Lu|Stomping Tantrum|p1b: Jumpluff\n|-immune|p1b: Jumpluff\n|\n|-weather|SunnyDay|[upkeep]\n|upkeep\n|turn|5\n|inactive|thrillowisp has 30 seconds left.\n|inactive|thrillowisp has 20 seconds left.\n|inactive|thrillowisp has 15 seconds left.\n|\n|t:|1682694521\n|move|p1b: Jumpluff|Rage Powder|p1b: Jumpluff\n|-singleturn|p1b: Jumpluff|move: Rage Powder\n|move|p1a: Gholdengo|Shadow Ball|p2a: Amoonguss\n|-damage|p2a: Amoonguss|43\/100\n|-unboost|p2a: Amoonguss|spd|1\n|-enditem|p2a: Amoonguss|Sitrus Berry|[eat]\n|-heal|p2a: Amoonguss|68\/100|[from] item: Sitrus Berry\n|move|p2b: Ting-Lu|Stomping Tantrum|p1a: Gholdengo\n|-damage|p1a: Gholdengo|0 fnt\n|faint|p1a: Gholdengo\n|move|p2a: Amoonguss|Pollen Puff|p1b: Jumpluff\n|-crit|p1b: Jumpluff\n|-damage|p1b: Jumpluff|78\/100\n|\n|-weather|none\n|upkeep\n|\n|t:|1682694536\n|switch|p1a: Great Tusk|Great Tusk, L50|100\/100\n|turn|6\n|j| asiangirl99\n|inactive|thrillowisp has 30 seconds left.\n|inactive|thrillowisp has 20 seconds left.\n|inactive|thrillowisp has 15 seconds left.\n|\n|t:|1682694578\n|move|p1a: Great Tusk|Protect|p1a: Great Tusk\n|-singleturn|p1a: Great Tusk|Protect\n|move|p1b: Jumpluff|Tailwind|p1b: Jumpluff\n|-sidestart|p1: kkkdddsss|move: Tailwind\n|move|p2b: Ting-Lu|Stomping Tantrum|p1a: Great Tusk\n|-activate|p1a: Great Tusk|move: Protect\n|move|p2a: Amoonguss|Spore|p1a: Great Tusk\n|-activate|p1a: Great Tusk|move: Protect\n|\n|-end|p2b: Ting-Lu|Encore\n|upkeep\n|turn|7\n|inactive|thrillowisp has 30 seconds left.\n|inactive|thrillowisp has 20 seconds left.\n|inactive|thrillowisp has 15 seconds left.\n|\n|t:|1682694619\n|switch|p1b: Torkoal|Torkoal, L50, F|25\/100\n|-weather|SunnyDay|[from] ability: Drought|[of] p1b: Torkoal\n|-activate|p1a: Great Tusk|ability: Protosynthesis\n|-start|p1a: Great Tusk|protosynthesisatk\n|move|p1a: Great Tusk|Headlong Rush|p2a: Amoonguss\n|-damage|p2a: Amoonguss|0 fnt\n|-unboost|p1a: Great Tusk|def|1\n|-unboost|p1a: Great Tusk|spd|1\n|faint|p2a: Amoonguss\n|move|p2b: Ting-Lu|Heavy Slam|p1b: Torkoal\n|-resisted|p1b: Torkoal\n|-damage|p1b: Torkoal|11\/100\n|\n|-weather|SunnyDay|[upkeep]\n|upkeep\n|\n|t:|1682694640\n|switch|p2a: Flutter Mane|Flutter Mane, L50|100\/100\n|-activate|p2a: Flutter Mane|ability: Protosynthesis\n|-start|p2a: Flutter Mane|protosynthesisspa\n|turn|8\n|inactive|thrillowisp has 30 seconds left.\n|l| asiangirl99\n|\n|t:|1682694669\n|move|p1a: Great Tusk|Headlong Rush|p2a: Flutter Mane\n|-damage|p2a: Flutter Mane|0 fnt\n|-unboost|p1a: Great Tusk|def|1\n|-unboost|p1a: Great Tusk|spd|1\n|faint|p2a: Flutter Mane\n|-end|p2a: Flutter Mane|Protosynthesis|[silent]\n|move|p1b: Torkoal|Overheat|p2b: Ting-Lu\n|-supereffective|p2b: Ting-Lu\n|-damage|p2b: Ting-Lu|39\/100\n|-unboost|p1b: Torkoal|spa|2\n|move|p2b: Ting-Lu|Earthquake|p1b: Torkoal|[spread] p1a,p1b\n|-supereffective|p1b: Torkoal\n|-damage|p1a: Great Tusk|52\/100\n|-damage|p1b: Torkoal|0 fnt\n|faint|p1b: Torkoal\n|\n|-weather|SunnyDay|[upkeep]\n|upkeep\n|\n|t:|1682694682\n|switch|p1b: Jumpluff|Jumpluff, L50, M|78\/100\n|turn|9\n|inactive|thrillowisp has 30 seconds left.\n|inactive|thrillowisp has 20 seconds left.\n|\n|t:|1682694719\n|move|p1a: Great Tusk|Protect|p1a: Great Tusk\n|-singleturn|p1a: Great Tusk|Protect\n|move|p1b: Jumpluff|Rage Powder|p1b: Jumpluff\n|-singleturn|p1b: Jumpluff|move: Rage Powder\n|move|p2b: Ting-Lu|Heavy Slam|p1a: Great Tusk\n|-activate|p1a: Great Tusk|move: Protect\n|\n|-weather|SunnyDay|[upkeep]\n|-sideend|p1: kkkdddsss|move: Tailwind\n|upkeep\n|turn|10\n|inactive|thrillowisp has 30 seconds left.\n|inactive|thrillowisp has 20 seconds left.\n|inactive|thrillowisp has 15 seconds left.\n|\n|t:|1682694755\n|move|p1b: Jumpluff|Tailwind|p1b: Jumpluff\n|-sidestart|p1: kkkdddsss|move: Tailwind\n|move|p1a: Great Tusk|Close Combat|p2b: Ting-Lu\n|-damage|p2b: Ting-Lu|0 fnt\n|-unboost|p1a: Great Tusk|def|1\n|-unboost|p1a: Great Tusk|spd|1\n|faint|p2b: Ting-Lu\n|\n|win|kkkdddsss\n|inactive|thrillowisp has 15 seconds left this turn.\n|raw|kkkdddsss's rating: 1380 → 1400<\/strong> (+20 for winning)\n|raw|thrillowisp's rating: 1379 → 1359<\/strong> (-20 for losing)\n","uploadtime":1682694767,"views":10,"p1id":"kkkdddsss","p2id":"thrillowisp","formatid":"gen9vgc2023regulationc","rating":1359,"private":0,"password":""}