{"id":"gen9vgc2023regulationc-1847414358","p1":"Pro umper","p2":"JV08","format":"[Gen 9] VGC 2023 Regulation C","log":"|j|\u2606Pro umper\n|j|\u2606JV08\n|t:|1681952313\n|gametype|doubles\n|player|p1|Pro umper|265|1153\n|player|p2|JV08|nate|1068\n|teamsize|p1|6\n|teamsize|p2|6\n|gen|9\n|tier|[Gen 9] VGC 2023 Regulation C\n|rated|\n|rule|Species Clause: Limit one of each Pok\u00e9mon\n|rule|Item Clause: Limit one of each item\n|clearpoke\n|poke|p1|Brambleghast, L50, M|\n|poke|p1|Spiritomb, L50, M|\n|poke|p1|Lumineon, L50, M|\n|poke|p1|Sylveon, L50, F|\n|poke|p1|Salamence, L50, M|\n|poke|p1|Ting-Lu, L50|\n|poke|p2|Palafin, L50, F|\n|poke|p2|Grimmsnarl, L50, M|\n|poke|p2|Pelipper, L50, F|\n|poke|p2|Meowscarada, L50, F|\n|poke|p2|Arcanine, L50, M|\n|poke|p2|Ting-Lu, L50|\n|teampreview|4\n|\n|t:|1681952401\n|start\n|switch|p1a: Brambleghast|Brambleghast, L50, M|100\/100\n|switch|p1b: Salamence|Salamence, L50, M|100\/100\n|switch|p2a: Grimmsnarl|Grimmsnarl, L50, M|100\/100\n|switch|p2b: Arcanine|Arcanine, L50, M|100\/100\n|-ability|p1b: Salamence|Intimidate|boost\n|-unboost|p2a: Grimmsnarl|atk|1\n|-unboost|p2b: Arcanine|atk|1\n|-ability|p2b: Arcanine|Intimidate|boost\n|-unboost|p1a: Brambleghast|atk|1\n|-unboost|p1b: Salamence|atk|1\n|turn|1\n|\n|t:|1681952424\n|move|p1a: Brambleghast|Protect|p1a: Brambleghast\n|-singleturn|p1a: Brambleghast|Protect\n|move|p2a: Grimmsnarl|Reflect|p2a: Grimmsnarl\n|-sidestart|p2: JV08|Reflect\n|move|p1b: Salamence|Tailwind|p1b: Salamence\n|-sidestart|p1: Pro umper|move: Tailwind\n|-ability|p1a: Brambleghast|Wind Rider|boost\n|-boost|p1a: Brambleghast|atk|1\n|move|p2b: Arcanine|Will-O-Wisp|p1b: Salamence|[miss]\n|-miss|p2b: Arcanine|p1b: Salamence\n|\n|upkeep\n|turn|2\n|\n|t:|1681952457\n|switch|p1a: Sylveon|Sylveon, L50, F|100\/100\n|move|p2a: Grimmsnarl|Parting Shot|p1a: Sylveon\n|-unboost|p1a: Sylveon|atk|1\n|-unboost|p1a: Sylveon|spa|1\n|\n|t:|1681952465\n|switch|p2a: Palafin|Palafin, L50, F|100\/100|[from] Parting Shot\n|move|p1b: Salamence|Air Slash|p2b: Arcanine\n|-damage|p2b: Arcanine|65\/100\n|move|p2b: Arcanine|Will-O-Wisp|p1b: Salamence\n|-status|p1b: Salamence|brn\n|\n|-damage|p1b: Salamence|95\/100 brn|[from] brn\n|upkeep\n|turn|3\n|\n|t:|1681952482\n|detailschange|p2a: Palafin|Palafin-Hero, L50, F\n|switch|p2a: Grimmsnarl|Grimmsnarl, L50, M|100\/100\n|move|p1b: Salamence|Air Slash|p2b: Arcanine\n|-crit|p2b: Arcanine\n|-damage|p2b: Arcanine|10\/100\n|-enditem|p2b: Arcanine|Sitrus Berry|[eat]\n|-heal|p2b: Arcanine|35\/100|[from] item: Sitrus Berry\n|move|p1a: Sylveon|Calm Mind|p1a: Sylveon\n|-boost|p1a: Sylveon|spa|1\n|-boost|p1a: Sylveon|spd|1\n|move|p2b: Arcanine|Will-O-Wisp|p1a: Sylveon\n|-status|p1a: Sylveon|brn\n|\n|-damage|p1b: Salamence|89\/100 brn|[from] brn\n|-damage|p1a: Sylveon|95\/100 brn|[from] brn\n|upkeep\n|turn|4\n|\n|t:|1681952517\n|move|p2b: Arcanine|Extreme Speed|p1a: Sylveon\n|-damage|p1a: Sylveon|76\/100 brn\n|move|p2a: Grimmsnarl|Light Screen|p2a: Grimmsnarl\n|-sidestart|p2: JV08|move: Light Screen\n|move|p1b: Salamence|Air Slash|p2b: Arcanine\n|-damage|p2b: Arcanine|9\/100\n|move|p1a: Sylveon|Calm Mind|p1a: Sylveon\n|-boost|p1a: Sylveon|spa|1\n|-boost|p1a: Sylveon|spd|1\n|\n|-heal|p1a: Sylveon|82\/100 brn|[from] item: Leftovers\n|-damage|p1b: Salamence|83\/100 brn|[from] brn\n|-damage|p1a: Sylveon|76\/100 brn|[from] brn\n|-sideend|p1: Pro umper|move: Tailwind\n|upkeep\n|turn|5\n|\n|t:|1681952549\n|move|p1b: Salamence|Tailwind|p1b: Salamence\n|-sidestart|p1: Pro umper|move: Tailwind\n|move|p1a: Sylveon|Calm Mind|p1a: Sylveon\n|-boost|p1a: Sylveon|spa|1\n|-boost|p1a: Sylveon|spd|1\n|move|p2b: Arcanine|Flare Blitz|p1a: Sylveon\n|-damage|p1a: Sylveon|34\/100 brn\n|-damage|p2b: Arcanine|0 fnt|[from] Recoil\n|faint|p2b: Arcanine\n|move|p2a: Grimmsnarl|Spirit Break|p1b: Salamence\n|-supereffective|p1b: Salamence\n|-damage|p1b: Salamence|2\/100 brn\n|-unboost|p1b: Salamence|spa|1\n|\n|-heal|p1a: Sylveon|40\/100 brn|[from] item: Leftovers\n|-damage|p1b: Salamence|0 fnt|[from] brn\n|faint|p1b: Salamence\n|-damage|p1a: Sylveon|34\/100 brn|[from] brn\n|upkeep\n|\n|t:|1681952571\n|switch|p1b: Brambleghast|Brambleghast, L50, M|100\/100\n|switch|p2b: Palafin|Palafin-Hero, L50, F|100\/100\n|-ability|p1b: Brambleghast|Wind Rider|boost\n|-boost|p1b: Brambleghast|atk|1\n|-activate|p2b: Palafin|ability: Zero to Hero\n|turn|6\n|\n|t:|1681952593\n|switch|p1b: Lumineon|Lumineon, L50, M|100\/100\n|-terastallize|p2b: Palafin|Water\n|move|p2a: Grimmsnarl|Parting Shot|p1a: Sylveon\n|-unboost|p1a: Sylveon|atk|1\n|-unboost|p1a: Sylveon|spa|1\n|\n|t:|1681952601\n|switch|p2a: Pelipper|Pelipper, L50, F|100\/100|[from] Parting Shot\n|-weather|RainDance|[from] ability: Drizzle|[of] p2a: Pelipper\n|move|p1a: Sylveon|Substitute|p1a: Sylveon\n|-start|p1a: Sylveon|Substitute\n|-damage|p1a: Sylveon|9\/100 brn\n|move|p2b: Palafin|Wave Crash|p1b: Lumineon\n|-activate|p1b: Lumineon|ability: Storm Drain\n|-ability|p1b: Lumineon|Storm Drain|boost\n|-boost|p1b: Lumineon|spa|1\n|\n|-weather|RainDance|[upkeep]\n|-heal|p1a: Sylveon|15\/100 brn|[from] item: Leftovers\n|-damage|p1a: Sylveon|9\/100 brn|[from] brn\n|upkeep\n|turn|7\n|\n|t:|1681952629\n|move|p1b: Lumineon|Icy Wind|p2a: Pelipper|[spread] p2a,p2b\n|-resisted|p2b: Palafin\n|-damage|p2a: Pelipper|91\/100\n|-damage|p2b: Palafin|97\/100\n|-unboost|p2a: Pelipper|spe|1\n|-unboost|p2b: Palafin|spe|1\n|move|p1a: Sylveon|Hyper Voice|p2a: Pelipper|[spread] p2a,p2b\n|-damage|p2a: Pelipper|29\/100\n|-damage|p2b: Palafin|52\/100\n|move|p2b: Palafin|Haze|p2b: Palafin\n|-clearallboost\n|move|p2a: Pelipper|Hurricane|p1a: Sylveon\n|-end|p1a: Sylveon|Substitute\n|\n|-weather|RainDance|[upkeep]\n|-heal|p1a: Sylveon|15\/100 brn|[from] item: Leftovers\n|-heal|p2a: Pelipper|34\/100|[from] item: Leftovers\n|-damage|p1a: Sylveon|9\/100 brn|[from] brn\n|upkeep\n|turn|8\n|\n|t:|1681952657\n|switch|p1a: Brambleghast|Brambleghast, L50, M|100\/100\n|-ability|p1a: Brambleghast|Wind Rider|boost\n|-boost|p1a: Brambleghast|atk|1\n|move|p2b: Palafin|Protect|p2b: Palafin\n|-singleturn|p2b: Palafin|Protect\n|move|p1b: Lumineon|Encore|p2a: Pelipper\n|-start|p2a: Pelipper|Encore\n|move|p2a: Pelipper|Hurricane|p1a: Brambleghast\n|-ability|p1a: Brambleghast|Wind Rider|boost\n|-boost|p1a: Brambleghast|atk|1\n|\n|-weather|RainDance|[upkeep]\n|-heal|p2a: Pelipper|40\/100|[from] item: Leftovers\n|-sideend|p2: JV08|Reflect\n|-sideend|p1: Pro umper|move: Tailwind\n|upkeep\n|turn|9\n|\n|t:|1681952687\n|switch|p2a: Grimmsnarl|Grimmsnarl, L50, M|100\/100\n|move|p1b: Lumineon|Tailwind|p1b: Lumineon\n|-sidestart|p1: Pro umper|move: Tailwind\n|-ability|p1a: Brambleghast|Wind Rider|boost\n|-boost|p1a: Brambleghast|atk|1\n|move|p1a: Brambleghast|Bullet Seed|p2a: Grimmsnarl\n|-damage|p2a: Grimmsnarl|68\/100\n|-damage|p2a: Grimmsnarl|34\/100\n|-damage|p2a: Grimmsnarl|3\/100\n|-damage|p2a: Grimmsnarl|0 fnt\n|faint|p2a: Grimmsnarl\n|-hitcount|p2: Grimmsnarl|4\n|move|p2b: Palafin|Haze|p2b: Palafin\n|-clearallboost\n|\n|-weather|RainDance|[upkeep]\n|upkeep\n|\n|t:|1681952707\n|switch|p2a: Pelipper|Pelipper, L50, F|40\/100\n|turn|10\n|-message|JV08 forfeited.\n|\n|win|Pro umper\n|raw|Pro umper's rating: 1153 → 1172<\/strong> (+19 for winning)\n|raw|JV08's rating: 1068 → 1053<\/strong> (-15 for losing)\n|l|\u2606JV08\n","uploadtime":1681952731,"views":15,"p1id":"proumper","p2id":"jv08","formatid":"gen9vgc2023regulationc","rating":1053,"private":0,"password":""}