{"id":"gen9vgc2023regulationc-1862954755","p1":"Montztar","p2":"delyst","format":"[Gen 9] VGC 2023 Regulation C","log":"|j|\u2606Montztar\n|j|\u2606delyst\n|t:|1683943391\n|gametype|doubles\n|player|p1|Montztar|2|1091\n|player|p2|delyst|bugcatcher-gen4dp|1092\n|teamsize|p1|6\n|teamsize|p2|6\n|gen|9\n|tier|[Gen 9] VGC 2023 Regulation C\n|rated|\n|rule|Species Clause: Limit one of each Pok\u00e9mon\n|rule|Item Clause: Limit one of each item\n|clearpoke\n|poke|p1|Lycanroc, L50, F|\n|poke|p1|Corviknight, L50, M|\n|poke|p1|Iron Bundle, L50|\n|poke|p1|Tyranitar, L50, M|\n|poke|p1|Garchomp, L50, F|\n|poke|p1|Flutter Mane, L50|\n|poke|p2|Ting-Lu, L50|\n|poke|p2|Vivillon-Fancy, L50, M|\n|poke|p2|Iron Bundle, L50|\n|poke|p2|Abomasnow, L50, M|\n|poke|p2|Annihilape, L50, F|\n|poke|p2|Chien-Pao, L50|\n|teampreview|4\n|inactive|Battle timer is ON: inactive players will automatically lose when time's up. (requested by delyst)\n|inactive|Montztar has 60 seconds left.\n|inactive|Montztar has 30 seconds left.\n|inactive|Montztar has 20 seconds left.\n|inactive|Montztar has 15 seconds left.\n|inactive|Montztar has 10 seconds left.\n|inactive|Montztar has 5 seconds left.\n|\n|t:|1683943476\n|start\n|switch|p1a: Tyranitar|Tyranitar, L50, M|100\/100\n|switch|p1b: Corviknight|Corviknight, L50, M|100\/100\n|switch|p2a: Ting-Lu|Ting-Lu, L50|100\/100\n|switch|p2b: Vivillon|Vivillon-Fancy, L50, M|100\/100\n|-ability|p2a: Ting-Lu|Vessel of Ruin\n|-weather|Sandstorm|[from] ability: Sand Stream|[of] p1a: Tyranitar\n|turn|1\n|inactive|Montztar has 30 seconds left.\n|inactive|delyst has 30 seconds left.\n|inactive|Montztar has 20 seconds left.\n|\n|t:|1683943511\n|switch|p2b: Abomasnow|Abomasnow, L50, M|100\/100\n|-weather|Snow|[from] ability: Snow Warning|[of] p2b: Abomasnow\n|-terastallize|p2a: Ting-Lu|Ground\n|move|p1b: Corviknight|Tailwind|p1b: Corviknight\n|-sidestart|p1: Montztar|move: Tailwind\n|move|p1a: Tyranitar|Low Kick|p2a: Ting-Lu\n|-damage|p2a: Ting-Lu|73\/100\n|move|p2a: Ting-Lu|Stomping Tantrum|p1a: Tyranitar\n|-supereffective|p1a: Tyranitar\n|-damage|p1a: Tyranitar|0 fnt\n|faint|p1a: Tyranitar\n|\n|-weather|Snow|[upkeep]\n|upkeep\n|\n|t:|1683943528\n|switch|p1a: Iron Bundle|Iron Bundle, L50|100\/100\n|-enditem|p1a: Iron Bundle|Booster Energy\n|-activate|p1a: Iron Bundle|ability: Quark Drive|[fromitem]\n|-start|p1a: Iron Bundle|quarkdrivespe\n|turn|2\n|inactive|Montztar has 30 seconds left.\n|inactive|Montztar has 20 seconds left.\n|\n|t:|1683943566\n|move|p1a: Iron Bundle|Freeze-Dry|p2a: Ting-Lu\n|-supereffective|p2a: Ting-Lu\n|-damage|p2a: Ting-Lu|30\/100\n|-status|p2a: Ting-Lu|frz\n|move|p1b: Corviknight|Brave Bird|p2b: Abomasnow\n|-supereffective|p2b: Abomasnow\n|-damage|p2b: Abomasnow|50\/100\n|-damage|p1b: Corviknight|85\/100|[from] Recoil\n|move|p2b: Abomasnow|Energy Ball|p1a: Iron Bundle\n|-supereffective|p1a: Iron Bundle\n|-damage|p1a: Iron Bundle|0 fnt\n|faint|p1a: Iron Bundle\n|-end|p1a: Iron Bundle|Quark Drive|[silent]\n|-damage|p2b: Abomasnow|40\/100|[from] item: Life Orb\n|cant|p2a: Ting-Lu|frz\n|\n|-weather|Snow|[upkeep]\n|upkeep\n|\n|t:|1683943581\n|switch|p1a: Lycanroc|Lycanroc, L50, F|100\/100\n|turn|3\n|inactive|delyst has 30 seconds left.\n|inactive|delyst has 20 seconds left.\n|inactive|delyst has 15 seconds left.\n|\n|t:|1683943624\n|move|p1a: Lycanroc|Protect|p1a: Lycanroc\n|-singleturn|p1a: Lycanroc|Protect\n|move|p2b: Abomasnow|Ice Shard|p1a: Lycanroc\n|-activate|p1a: Lycanroc|move: Protect\n|move|p1b: Corviknight|Brave Bird|p2b: Abomasnow\n|-supereffective|p2b: Abomasnow\n|-damage|p2b: Abomasnow|0 fnt\n|faint|p2b: Abomasnow\n|-damage|p1b: Corviknight|73\/100|[from] Recoil\n|cant|p2a: Ting-Lu|frz\n|\n|-weather|Snow|[upkeep]\n|upkeep\n|\n|t:|1683943645\n|switch|p2b: Vivillon|Vivillon-Fancy, L50, M|100\/100\n|turn|4\n|inactive|Montztar has 30 seconds left.\n|\n|t:|1683943671\n|move|p2b: Vivillon|Protect|p2b: Vivillon\n|-singleturn|p2b: Vivillon|Protect\n|move|p1a: Lycanroc|Rock Slide|p2a: Ting-Lu|[spread] p2a\n|-activate|p2b: Vivillon|move: Protect\n|-resisted|p2a: Ting-Lu\n|-damage|p2a: Ting-Lu|24\/100 frz\n|move|p1b: Corviknight|Brave Bird|p2b: Vivillon\n|-activate|p2b: Vivillon|move: Protect\n|cant|p2a: Ting-Lu|frz\n|\n|-weather|Snow|[upkeep]\n|-sideend|p1: Montztar|move: Tailwind\n|upkeep\n|turn|5\n|\n|t:|1683943687\n|move|p1a: Lycanroc|Rock Slide|p2a: Ting-Lu|[spread] p2a\n|-miss|p1a: Lycanroc|p2b: Vivillon\n|-resisted|p2a: Ting-Lu\n|-damage|p2a: Ting-Lu|17\/100 frz\n|move|p2b: Vivillon|Pollen Puff|p2a: Ting-Lu\n|-heal|p2a: Ting-Lu|67\/100 frz\n|move|p1b: Corviknight|Brave Bird|p2b: Vivillon\n|-supereffective|p2b: Vivillon\n|-enditem|p2b: Vivillon|Focus Sash\n|-damage|p2b: Vivillon|1\/100\n|-damage|p1b: Corviknight|48\/100|[from] Recoil\n|-enditem|p1b: Corviknight|Sitrus Berry|[eat]\n|-heal|p1b: Corviknight|73\/100|[from] item: Sitrus Berry\n|cant|p2a: Ting-Lu|frz\n|\n|-weather|none\n|upkeep\n|turn|6\n|c|\u2606delyst|...\n|inactive|Montztar has 30 seconds left.\n|\n|t:|1683943715\n|move|p2b: Vivillon|Protect|p2b: Vivillon\n|-singleturn|p2b: Vivillon|Protect\n|move|p1a: Lycanroc|Rock Slide|p2a: Ting-Lu|[spread] p2a\n|-activate|p2b: Vivillon|move: Protect\n|-resisted|p2a: Ting-Lu\n|-damage|p2a: Ting-Lu|60\/100 frz\n|move|p1b: Corviknight|Tailwind|p1b: Corviknight\n|-sidestart|p1: Montztar|move: Tailwind\n|cant|p2a: Ting-Lu|frz\n|\n|upkeep\n|turn|7\n|\n|t:|1683943732\n|move|p1a: Lycanroc|Rock Slide|p2a: Ting-Lu|[spread] p2a,p2b\n|-resisted|p2a: Ting-Lu\n|-supereffective|p2b: Vivillon\n|-damage|p2a: Ting-Lu|53\/100 frz\n|-damage|p2b: Vivillon|0 fnt\n|faint|p2b: Vivillon\n|move|p1b: Corviknight|Body Press|p2a: Ting-Lu\n|-damage|p2a: Ting-Lu|38\/100 frz\n|cant|p2a: Ting-Lu|frz\n|\n|upkeep\n|c|\u2606delyst|okay\n|\n|t:|1683943742\n|switch|p2b: Annihilape|Annihilape, L50, F|100\/100\n|turn|8\n|inactive|Montztar has 30 seconds left.\n|inactive|Montztar has 20 seconds left.\n|inactive|Montztar has 15 seconds left.\n|\n|t:|1683943782\n|move|p1a: Lycanroc|Protect|p1a: Lycanroc\n|-singleturn|p1a: Lycanroc|Protect\n|move|p1b: Corviknight|Brave Bird|p2b: Annihilape\n|-supereffective|p2b: Annihilape\n|-damage|p2b: Annihilape|30\/100\n|-damage|p1b: Corviknight|48\/100|[from] Recoil\n|move|p2b: Annihilape|Phantom Force||[still]\n|-prepare|p2b: Annihilape|Phantom Force\n|cant|p2a: Ting-Lu|frz\n|\n|upkeep\n|turn|9\n|inactive|Montztar has 30 seconds left.\n|\n|t:|1683943808\n|move|p1a: Lycanroc|Rock Slide|p2b: Annihilape|[spread] p2a\n|-miss|p1a: Lycanroc|p2b: Annihilape\n|-resisted|p2a: Ting-Lu\n|-damage|p2a: Ting-Lu|28\/100 frz\n|move|p1b: Corviknight|Brave Bird|p2b: Annihilape|[miss]\n|-miss|p1b: Corviknight|p2b: Annihilape\n|move|p2b: Annihilape|Phantom Force|p1b: Corviknight|[from]lockedmove\n|-damage|p1b: Corviknight|21\/100\n|cant|p2a: Ting-Lu|frz\n|\n|-sideend|p1: Montztar|move: Tailwind\n|upkeep\n|turn|10\n|\n|t:|1683943826\n|move|p1a: Lycanroc|Close Combat|p2b: Annihilape\n|-immune|p2b: Annihilape\n|move|p2b: Annihilape|Close Combat|p1b: Corviknight\n|-damage|p1b: Corviknight|0 fnt\n|-unboost|p2b: Annihilape|def|1\n|-unboost|p2b: Annihilape|spd|1\n|faint|p1b: Corviknight\n|-curestatus|p2a: Ting-Lu|frz|[msg]\n|move|p2a: Ting-Lu|Stomping Tantrum|p1a: Lycanroc\n|-supereffective|p1a: Lycanroc\n|-enditem|p1a: Lycanroc|Focus Sash\n|-damage|p1a: Lycanroc|1\/100\n|\n|upkeep\n|turn|11\n|\n|t:|1683943851\n|-terastallize|p1a: Lycanroc|Ghost\n|move|p1a: Lycanroc|Rock Slide|p2a: Ting-Lu|[spread] p2a,p2b\n|-resisted|p2a: Ting-Lu\n|-crit|p2a: Ting-Lu\n|-resisted|p2b: Annihilape\n|-damage|p2a: Ting-Lu|15\/100\n|-damage|p2b: Annihilape|8\/100\n|move|p2b: Annihilape|Rage Fist|p1a: Lycanroc\n|-supereffective|p1a: Lycanroc\n|-damage|p1a: Lycanroc|0 fnt\n|faint|p1a: Lycanroc\n|\n|win|delyst\n|raw|Montztar's rating: 1091 → 1067<\/strong> (-24 for losing)\n|raw|delyst's rating: 1092 → 1118<\/strong> (+26 for winning)\n","uploadtime":1683943871,"views":11,"p1id":"montztar","p2id":"delyst","formatid":"gen9vgc2023regulationc","rating":1067,"private":0,"password":""}