{"id":"gen9vgc2023regulationc-1852547229","p1":"fsufan45","p2":"Valency GL","format":"[Gen 9] VGC 2023 Regulation C","log":"|j|\u2606fsufan45\n|j|\u2606Valency GL\n|t:|1682573779\n|gametype|doubles\n|player|p1|fsufan45|2|1424\n|player|p2|Valency GL|266|1418\n|teamsize|p1|6\n|teamsize|p2|6\n|gen|9\n|tier|[Gen 9] VGC 2023 Regulation C\n|rated|\n|rule|Species Clause: Limit one of each Pok\u00e9mon\n|rule|Item Clause: Limit one of each item\n|clearpoke\n|poke|p1|Torkoal, L50, F|\n|poke|p1|Chi-Yu, L50|\n|poke|p1|Roaring Moon, L50|\n|poke|p1|Great Tusk, L50|\n|poke|p1|Iron Bundle, L50|\n|poke|p1|Flutter Mane, L50|\n|poke|p2|Maushold-Four, L50|\n|poke|p2|Roaring Moon, L50|\n|poke|p2|Gyarados, L50, M|\n|poke|p2|Flutter Mane, L50|\n|poke|p2|Rotom-Wash, L50|\n|poke|p2|Great Tusk, L50|\n|teampreview|4\n|inactive|Battle timer is ON: inactive players will automatically lose when time's up. (requested by Valency GL)\n|\n|t:|1682573827\n|start\n|switch|p1a: Flutter Mane|Flutter Mane, L50|100\/100\n|switch|p1b: Iron Bundle|Iron Bundle, L50|100\/100\n|switch|p2a: Gyarados|Gyarados, L50, M|100\/100\n|switch|p2b: Great Tusk|Great Tusk, L50|100\/100\n|-ability|p2a: Gyarados|Intimidate|boost\n|-unboost|p1a: Flutter Mane|atk|1\n|-unboost|p1b: Iron Bundle|atk|1\n|-enditem|p1b: Iron Bundle|Booster Energy\n|-activate|p1b: Iron Bundle|ability: Quark Drive|[fromitem]\n|-start|p1b: Iron Bundle|quarkdrivespe\n|turn|1\n|inactive|fsufan45 has 30 seconds left.\n|\n|t:|1682573856\n|-terastallize|p2b: Great Tusk|Steel\n|move|p1b: Iron Bundle|Freeze-Dry|p2b: Great Tusk\n|-resisted|p2b: Great Tusk\n|-damage|p2b: Great Tusk|72\/100\n|move|p2b: Great Tusk|Rock Slide|p1a: Flutter Mane|[spread] p1a,p1b\n|-supereffective|p1b: Iron Bundle\n|-damage|p1a: Flutter Mane|67\/100\n|-damage|p1b: Iron Bundle|50\/100\n|move|p1a: Flutter Mane|Dazzling Gleam|p2b: Great Tusk|[spread] p2a,p2b\n|-resisted|p2b: Great Tusk\n|-damage|p2a: Gyarados|71\/100\n|-damage|p2b: Great Tusk|50\/100\n|move|p2a: Gyarados|Thunder Wave|p1b: Iron Bundle|[miss]\n|-miss|p2a: Gyarados|p1b: Iron Bundle\n|\n|upkeep\n|turn|2\n|\n|t:|1682573877\n|move|p1b: Iron Bundle|Freeze-Dry|p2a: Gyarados\n|-supereffective|p2a: Gyarados\n|-damage|p2a: Gyarados|0 fnt\n|faint|p2a: Gyarados\n|move|p2b: Great Tusk|Rock Slide|p1a: Flutter Mane|[spread] p1a,p1b\n|-supereffective|p1b: Iron Bundle\n|-damage|p1a: Flutter Mane|34\/100\n|-damage|p1b: Iron Bundle|0 fnt\n|faint|p1b: Iron Bundle\n|-end|p1b: Iron Bundle|Quark Drive|[silent]\n|cant|p1a: Flutter Mane|flinch\n|\n|upkeep\n|\n|t:|1682573893\n|switch|p1b: Roaring Moon|Roaring Moon, L50|100\/100\n|switch|p2a: Flutter Mane|Flutter Mane, L50|100\/100\n|turn|3\n|\n|t:|1682573918\n|-terastallize|p1b: Roaring Moon|Flying\n|move|p2b: Great Tusk|Rock Slide|p1a: Flutter Mane|[spread] p1a,p1b\n|-supereffective|p1b: Roaring Moon\n|-damage|p1a: Flutter Mane|2\/100\n|-damage|p1b: Roaring Moon|52\/100\n|-enditem|p1a: Flutter Mane|Wiki Berry|[eat]\n|-heal|p1a: Flutter Mane|35\/100|[from] item: Wiki Berry\n|move|p2a: Flutter Mane|Moonblast|p1b: Roaring Moon\n|-damage|p1b: Roaring Moon|13\/100\n|-unboost|p1b: Roaring Moon|spa|1\n|move|p1a: Flutter Mane|Dazzling Gleam|p2b: Great Tusk|[spread] p2a,p2b\n|-resisted|p2b: Great Tusk\n|-damage|p2a: Flutter Mane|73\/100\n|-damage|p2b: Great Tusk|26\/100\n|cant|p1b: Roaring Moon|flinch\n|\n|upkeep\n|turn|4\n|\n|t:|1682573938\n|move|p1b: Roaring Moon|Protect|p1b: Roaring Moon\n|-singleturn|p1b: Roaring Moon|Protect\n|move|p2b: Great Tusk|Rock Slide|p1b: Roaring Moon|[spread] p1a\n|-activate|p1b: Roaring Moon|move: Protect\n|-damage|p1a: Flutter Mane|0 fnt\n|faint|p1a: Flutter Mane\n|-end|p1a: Flutter Mane|Protosynthesis|[silent]\n|move|p2a: Flutter Mane|Dazzling Gleam|p1b: Roaring Moon\n|-activate|p1b: Roaring Moon|move: Protect\n|\n|upkeep\n|\n|t:|1682573947\n|switch|p1a: Chi-Yu|Chi-Yu, L50|100\/100\n|-ability|p1a: Chi-Yu|Beads of Ruin\n|turn|5\n|\n|t:|1682573959\n|move|p2b: Great Tusk|Rock Slide|p1a: Chi-Yu|[spread] p1a,p1b\n|-supereffective|p1a: Chi-Yu\n|-supereffective|p1b: Roaring Moon\n|-damage|p1a: Chi-Yu|35\/100\n|-damage|p1b: Roaring Moon|0 fnt\n|faint|p1b: Roaring Moon\n|-end|p1b: Roaring Moon|Protosynthesis|[silent]\n|move|p2a: Flutter Mane|Dazzling Gleam|p1a: Chi-Yu\n|-damage|p1a: Chi-Yu|0 fnt\n|faint|p1a: Chi-Yu\n|\n|win|Valency GL\n|raw|fsufan45's rating: 1424 → 1404<\/strong> (-20 for losing)\n|raw|Valency GL's rating: 1418 → 1438<\/strong> (+20 for winning)\n|l|\u2606fsufan45\n","uploadtime":1682573976,"views":10,"p1id":"fsufan45","p2id":"valencygl","formatid":"gen9vgc2023regulationc","rating":1404,"private":0,"password":""}