{"id":"gen9vgc2023regulationc-1863314021","p1":"MartinsA33","p2":"R2VGC","format":"[Gen 9] VGC 2023 Regulation C","log":"|j|\u2606MartinsA33\n|j|\u2606R2VGC\n|t:|1684001354\n|gametype|doubles\n|player|p1|MartinsA33|2|1170\n|player|p2|R2VGC|102|1228\n|teamsize|p1|6\n|teamsize|p2|6\n|gen|9\n|tier|[Gen 9] VGC 2023 Regulation C\n|rated|\n|rule|Species Clause: Limit one of each Pok\u00e9mon\n|rule|Item Clause: Limit one of each item\n|clearpoke\n|poke|p1|Dragapult, L50, F|\n|poke|p1|Grimmsnarl, L50, M|\n|poke|p1|Indeedee-F, L50, F|\n|poke|p1|Wo-Chien, L50|\n|poke|p1|Scizor, L50, M|\n|poke|p1|Armarouge, L50, M|\n|poke|p2|Amoonguss, L50, F|\n|poke|p2|Arcanine, L50, F|\n|poke|p2|Flutter Mane, L50|\n|poke|p2|Kingambit, L50, F|\n|poke|p2|Palafin, L50, M|\n|poke|p2|Baxcalibur, L50, M|\n|teampreview|4\nR2VGC has agreed to open team sheets.\n|\n|t:|1684001416\n|start\n|switch|p1a: Dragapult|Dragapult, L50, F|100\/100\n|switch|p1b: Grimmsnarl|Grimmsnarl, L50, M|100\/100\n|switch|p2a: Palafin|Palafin, L50, M|100\/100\n|switch|p2b: Kingambit|Kingambit, L50, F|100\/100\n|turn|1\n|inactive|Battle timer is ON: inactive players will automatically lose when time's up. (requested by R2VGC)\n|\n|t:|1684001457\n|detailschange|p2a: Palafin|Palafin-Hero, L50, M\n|switch|p2a: Flutter Mane|Flutter Mane, L50|100\/100\n|-enditem|p2a: Flutter Mane|Booster Energy\n|-activate|p2a: Flutter Mane|ability: Protosynthesis|[fromitem]\n|-start|p2a: Flutter Mane|protosynthesisspe\n|move|p2b: Kingambit|Protect|p2b: Kingambit\n|-singleturn|p2b: Kingambit|Protect\n|move|p1b: Grimmsnarl|Reflect|p1b: Grimmsnarl\n|-sidestart|p1: MartinsA33|Reflect\n|move|p1a: Dragapult|Flamethrower|p2b: Kingambit\n|-activate|p2b: Kingambit|move: Protect\n|\n|upkeep\n|turn|2\n|inactive|R2VGC has 30 seconds left.\n|inactive|R2VGC has 20 seconds left.\n|\n|t:|1684001494\n|-terastallize|p1a: Dragapult|Fire\n|-terastallize|p2b: Kingambit|Dark\n|move|p2b: Kingambit|Sucker Punch|p1a: Dragapult\n|-damage|p1a: Dragapult|37\/100\n|move|p1b: Grimmsnarl|Light Screen|p1b: Grimmsnarl\n|-sidestart|p1: MartinsA33|move: Light Screen\n|move|p2a: Flutter Mane|Moonblast|p1b: Grimmsnarl\n|-supereffective|p1b: Grimmsnarl\n|-damage|p1b: Grimmsnarl|49\/100\n|move|p1a: Dragapult|Flamethrower|p2b: Kingambit\n|-damage|p2b: Kingambit|63\/100\n|\n|upkeep\n|turn|3\n|\n|t:|1684001518\n|move|p2b: Kingambit|Sucker Punch|p1a: Dragapult\n|-damage|p1a: Dragapult|0 fnt\n|faint|p1a: Dragapult\n|move|p2a: Flutter Mane|Moonblast|p1b: Grimmsnarl\n|-supereffective|p1b: Grimmsnarl\n|-damage|p1b: Grimmsnarl|0 fnt\n|faint|p1b: Grimmsnarl\n|\n|upkeep\n|\n|t:|1684001526\n|switch|p1a: Scizor|Scizor, L50, M|100\/100\n|switch|p1b: Wo-Chien|Wo-Chien, L50|100\/100\n|-ability|p1b: Wo-Chien|Tablets of Ruin\n|turn|4\n|inactive|MartinsA33 has 30 seconds left.\n|inactive|MartinsA33 has 20 seconds left.\n|inactive|MartinsA33 has 15 seconds left.\n|inactive|R2VGC has 30 seconds left.\n|\n|t:|1684001570\n|move|p2a: Flutter Mane|Moonblast|p1b: Wo-Chien\n|-supereffective|p1b: Wo-Chien\n|-damage|p1b: Wo-Chien|53\/100\n|move|p1b: Wo-Chien|Leech Seed|p2b: Kingambit\n|-start|p2b: Kingambit|move: Leech Seed\n|move|p1a: Scizor|Iron Head|p2a: Flutter Mane\n|-supereffective|p2a: Flutter Mane\n|-crit|p2a: Flutter Mane\n|-damage|p2a: Flutter Mane|0 fnt\n|faint|p2a: Flutter Mane\n|-end|p2a: Flutter Mane|Protosynthesis|[silent]\n|move|p2b: Kingambit|Assurance|p1b: Wo-Chien\n|-resisted|p1b: Wo-Chien\n|-damage|p1b: Wo-Chien|29\/100\n|\n|-heal|p1b: Wo-Chien|35\/100|[from] item: Leftovers\n|-damage|p2b: Kingambit|51\/100|[from] Leech Seed|[of] p1b: Wo-Chien\n|-heal|p1b: Wo-Chien|49\/100|[silent]\n|upkeep\n|\n|t:|1684001589\n|switch|p2a: Arcanine|Arcanine, L50, F|100\/100\n|-ability|p2a: Arcanine|Intimidate|boost\n|-unboost|p1a: Scizor|atk|1\n|-unboost|p1b: Wo-Chien|atk|1\n|turn|5\n|\n|t:|1684001613\n|switch|p2b: Palafin|Palafin-Hero, L50, M|100\/100\n|-activate|p2b: Palafin|ability: Zero to Hero\n|move|p2a: Arcanine|Howl|p2a: Arcanine|[spread] p2a,p2b\n|-boost|p2a: Arcanine|atk|1\n|-boost|p2b: Palafin|atk|1\n|move|p1b: Wo-Chien|Giga Drain|p2b: Palafin\n|-supereffective|p2b: Palafin\n|-damage|p2b: Palafin|54\/100\n|-heal|p1b: Wo-Chien|79\/100|[from] drain|[of] p2b: Palafin\n|move|p1a: Scizor|Close Combat|p2a: Arcanine\n|-damage|p2a: Arcanine|76\/100\n|-unboost|p1a: Scizor|def|1\n|-unboost|p1a: Scizor|spd|1\n|\n|-heal|p1b: Wo-Chien|85\/100|[from] item: Leftovers\n|-sideend|p1: MartinsA33|Reflect\n|upkeep\n|turn|6\n|inactive|MartinsA33 has 30 seconds left.\n|\n|t:|1684001646\n|move|p2b: Palafin|Jet Punch|p1b: Wo-Chien\n|-resisted|p1b: Wo-Chien\n|-damage|p1b: Wo-Chien|59\/100\n|move|p2a: Arcanine|Flare Blitz|p1a: Scizor\n|-supereffective|p1a: Scizor\n|-damage|p1a: Scizor|0 fnt\n|faint|p1a: Scizor\n|-damage|p2a: Arcanine|52\/100|[from] Recoil\n|move|p1b: Wo-Chien|Energy Ball|p2b: Palafin\n|-supereffective|p2b: Palafin\n|-damage|p2b: Palafin|0 fnt\n|faint|p2b: Palafin\n|\n|-heal|p1b: Wo-Chien|65\/100|[from] item: Leftovers\n|-sideend|p1: MartinsA33|move: Light Screen\n|upkeep\n|\n|t:|1684001659\n|switch|p2b: Kingambit|Kingambit, L50, F, tera:Dark|51\/100\n|turn|7\n|\n|t:|1684001665\n|move|p2a: Arcanine|Flare Blitz|p1b: Wo-Chien\n|-supereffective|p1b: Wo-Chien\n|-damage|p1b: Wo-Chien|0 fnt\n|faint|p1b: Wo-Chien\n|-damage|p2a: Arcanine|35\/100|[from] Recoil\n|\n|win|R2VGC\n|raw|MartinsA33's rating: 1170 → 1149<\/strong> (-21 for losing)\n|raw|R2VGC's rating: 1228 → 1249<\/strong> (+21 for winning)\n|l|\u2606MartinsA33\n","uploadtime":1684001674,"views":11,"p1id":"martinsa33","p2id":"r2vgc","formatid":"gen9vgc2023regulationc","rating":1149,"private":0,"password":""}