{"id":"gen9vgc2023regulationc-1856480108","p1":"toucansoup","p2":"rina slaywayama","format":"[Gen 9] VGC 2023 Regulation C","log":"|j|\u2606toucansoup\n|j|\u2606rina slaywayama\n|t:|1683066144\n|gametype|doubles\n|player|p1|toucansoup|102|1693\n|player|p2|rina slaywayama|266|1603\n|teamsize|p1|6\n|teamsize|p2|6\n|gen|9\n|tier|[Gen 9] VGC 2023 Regulation C\n|rated|\n|rule|Species Clause: Limit one of each Pok\u00e9mon\n|rule|Item Clause: Limit one of each item\n|clearpoke\n|poke|p1|Chi-Yu, L50|\n|poke|p1|Scizor, L50, F|\n|poke|p1|Iron Bundle, L50|\n|poke|p1|Chien-Pao, L50|\n|poke|p1|Garchomp, L50, F|\n|poke|p1|Rotom-Wash, L50|\n|poke|p2|Palafin, L50, M|\n|poke|p2|Arcanine, L50, M|\n|poke|p2|Amoonguss, L50, M|\n|poke|p2|Kingambit, L50, F|\n|poke|p2|Flutter Mane, L50|\n|poke|p2|Dragonite, L50, F|\n|teampreview|4\nrina slaywayama has agreed to open team sheets.\n|j| Wyvern129\n|inactive|Battle timer is ON: inactive players will automatically lose when time's up. (requested by toucansoup)\n|inactive|rina slaywayama has 60 seconds left.\n|inactive|rina slaywayama has 30 seconds left.\ntoucansoup has agreed to open team sheets.\n|inactive|rina slaywayama has 20 seconds left.\n|\n|t:|1683066330\n|start\n|switch|p1a: Iron Bundle|Iron Bundle, L50|100\/100\n|switch|p1b: Garchomp|Garchomp, L50, F|100\/100\n|switch|p2a: Flutter Mane|Flutter Mane, L50|100\/100\n|switch|p2b: Palafin|Palafin, L50, M|100\/100\n|-enditem|p1a: Iron Bundle|Booster Energy\n|-activate|p1a: Iron Bundle|ability: Quark Drive|[fromitem]\n|-start|p1a: Iron Bundle|quarkdrivespe\n|-enditem|p2a: Flutter Mane|Booster Energy\n|-activate|p2a: Flutter Mane|ability: Protosynthesis|[fromitem]\n|-start|p2a: Flutter Mane|protosynthesisspa\n|turn|1\n|inactive|toucansoup has 30 seconds left.\n|inactive|rina slaywayama has 30 seconds left.\n|inactive|rina slaywayama has 20 seconds left.\n|inactive|rina slaywayama has 15 seconds left.\n|inactive|rina slaywayama has 10 seconds left.\n|\n|t:|1683066377\n|switch|p1b: Scizor|Scizor, L50, F|100\/100\n|detailschange|p2b: Palafin|Palafin-Hero, L50, M\n|switch|p2b: Dragonite|Dragonite, L50, F|100\/100\n|move|p2a: Flutter Mane|Protect|p2a: Flutter Mane\n|-singleturn|p2a: Flutter Mane|Protect\n|move|p1a: Iron Bundle|Substitute|p1a: Iron Bundle\n|-start|p1a: Iron Bundle|Substitute\n|-damage|p1a: Iron Bundle|76\/100\n|\n|upkeep\n|turn|2\n|inactive|toucansoup has 30 seconds left.\n|inactive|rina slaywayama has 30 seconds left.\n|inactive|rina slaywayama has 20 seconds left.\n|inactive|rina slaywayama has 15 seconds left.\n|inactive|rina slaywayama has 10 seconds left.\n|j| merahmerona\n|inactive|rina slaywayama has 5 seconds left.\n|\n|t:|1683066432\n|-end|p2a: Flutter Mane|Protosynthesis|[silent]\n|switch|p2a: Arcanine|Arcanine, L50, M|100\/100\n|-ability|p2a: Arcanine|Intimidate|boost\n|-immune|p1a: Iron Bundle\n|-unboost|p1b: Scizor|atk|1\n|move|p1b: Scizor|Bullet Punch|p2a: Arcanine\n|-resisted|p2a: Arcanine\n|-damage|p2a: Arcanine|91\/100\n|move|p1a: Iron Bundle|Freeze-Dry|p2b: Dragonite\n|-supereffective|p2b: Dragonite\n|-damage|p2b: Dragonite|57\/100\n|-status|p2b: Dragonite|frz\n|cant|p2b: Dragonite|frz\n|\n|upkeep\n|turn|3\n|c| Wyvern129|unlucky\n|inactive|rina slaywayama has 30 seconds left.\n|\n|t:|1683066458\n|switch|p1b: Garchomp|Garchomp, L50, F|100\/100\n|move|p1a: Iron Bundle|Freeze-Dry|p2b: Dragonite\n|-supereffective|p2b: Dragonite\n|-damage|p2b: Dragonite|0 fnt\n|faint|p2b: Dragonite\n|move|p2a: Arcanine|Flare Blitz|p1a: Iron Bundle\n|-end|p1a: Iron Bundle|Substitute\n|-damage|p2a: Arcanine|86\/100|[from] Recoil|[of] p1a: Iron Bundle\n|\n|upkeep\n|\n|t:|1683066470\n|switch|p2b: Flutter Mane|Flutter Mane, L50|100\/100\n|turn|4\n|inactive|rina slaywayama has 30 seconds left.\n|inactive|rina slaywayama has 20 seconds left.\n|inactive|rina slaywayama has 15 seconds left.\n|\n|t:|1683066511\n|-terastallize|p2b: Flutter Mane|Fairy\n|move|p2a: Arcanine|Extreme Speed|p1b: Garchomp\n|-damage|p1b: Garchomp|81\/100\n|move|p1a: Iron Bundle|Icy Wind|p2a: Arcanine|[spread] p2a,p2b\n|-resisted|p2a: Arcanine\n|-damage|p2a: Arcanine|75\/100\n|-damage|p2b: Flutter Mane|81\/100\n|-unboost|p2a: Arcanine|spe|1\n|-unboost|p2b: Flutter Mane|spe|1\n|move|p1b: Garchomp|Earthquake|p2b: Flutter Mane|[spread] p1a,p2a,p2b\n|-supereffective|p2a: Arcanine\n|-damage|p1a: Iron Bundle|30\/100\n|-damage|p2a: Arcanine|2\/100\n|-damage|p2b: Flutter Mane|20\/100\n|move|p2b: Flutter Mane|Dazzling Gleam|p1b: Garchomp|[spread] p1a,p1b\n|-supereffective|p1b: Garchomp\n|-damage|p1a: Iron Bundle|0 fnt\n|-damage|p1b: Garchomp|0 fnt\n|faint|p1a: Iron Bundle\n|-end|p1a: Iron Bundle|Quark Drive|[silent]\n|faint|p1b: Garchomp\n|\n|upkeep\n|\n|t:|1683066513\n|switch|p1a: Scizor|Scizor, L50, F|100\/100\n|switch|p1b: Rotom|Rotom-Wash, L50|100\/100\n|turn|5\n|inactive|rina slaywayama has 30 seconds left.\n|inactive|rina slaywayama has 20 seconds left.\n|inactive|rina slaywayama has 15 seconds left.\n|\n|t:|1683066558\n|-end|p2b: Flutter Mane|Protosynthesis|[silent]\n|switch|p2b: Palafin|Palafin-Hero, L50, M|100\/100\n|-activate|p2b: Palafin|ability: Zero to Hero\n|move|p2a: Arcanine|Extreme Speed|p1b: Rotom\n|-damage|p1b: Rotom|78\/100\n|move|p1a: Scizor|Bullet Punch|p2b: Palafin\n|-resisted|p2b: Palafin\n|-damage|p2b: Palafin|85\/100\n|move|p1b: Rotom|Thunderbolt|p2a: Arcanine\n|-damage|p2a: Arcanine|0 fnt\n|faint|p2a: Arcanine\n|\n|upkeep\n|\n|t:|1683066566\n|switch|p2a: Flutter Mane|Flutter Mane, L50, tera:Fairy|20\/100\n|turn|6\n|j| XZacLee\n|\n|t:|1683066582\n|-terastallize|p1a: Scizor|Water\n|move|p2a: Flutter Mane|Protect|p2a: Flutter Mane\n|-singleturn|p2a: Flutter Mane|Protect\n|move|p1a: Scizor|Feint|p2a: Flutter Mane\n|-activate|p2a: Flutter Mane|move: Feint\n|-damage|p2a: Flutter Mane|0 fnt\n|faint|p2a: Flutter Mane\n|-end|p2a: Flutter Mane|Protosynthesis|[silent]\n|move|p2b: Palafin|Wave Crash|p1a: Scizor\n|-resisted|p1a: Scizor\n|-damage|p1a: Scizor|56\/100\n|-damage|p2b: Palafin|72\/100|[from] Recoil\n|move|p1b: Rotom|Thunderbolt|p2b: Palafin\n|-supereffective|p2b: Palafin\n|-damage|p2b: Palafin|5\/100\n|\n|upkeep\n|turn|7\n|-message|rina slaywayama forfeited.\n|\n|win|toucansoup\n|raw|toucansoup's rating: 1693 → 1708<\/strong> (+15 for winning)\n|raw|rina slaywayama's rating: 1603 → 1588<\/strong> (-15 for losing)\n|l|\u2606rina slaywayama\n|c| Wyvern129|high ladder moment\n|l|\u2606toucansoup\n","uploadtime":1683066623,"views":6,"p1id":"toucansoup","p2id":"rinaslaywayama","formatid":"gen9vgc2023regulationc","rating":1588,"private":0,"password":""}