{"id":"gen9vgc2023regulationc-1859847110","p1":"Ciq108","p2":"SpaceCityVGC","format":"[Gen 9] VGC 2023 Regulation C","log":"|j|\u2606Ciq108\n|j|\u2606SpaceCityVGC\n|t:|1683569475\n|gametype|doubles\n|player|p1|Ciq108|266|\n|player|p2|SpaceCityVGC|nemona-v|\n|teamsize|p1|6\n|teamsize|p2|6\n|gen|9\n|tier|[Gen 9] VGC 2023 Regulation C\n|rule|Species Clause: Limit one of each Pok\u00e9mon\n|rule|Item Clause: Limit one of each item\n|clearpoke\n|poke|p1|Garchomp, L50, F|\n|poke|p1|Gardevoir, L50, M|\n|poke|p1|Tauros-Paldea-Blaze, L50, M|\n|poke|p1|Hydreigon, L50, M|\n|poke|p1|Orthworm, L50, M|\n|poke|p1|Kilowattrel, L50, M|\n|poke|p2|Annihilape, L50, M|\n|poke|p2|Arcanine, L50, M|\n|poke|p2|Meowscarada, L50, M|\n|poke|p2|Azumarill, L50, M|\n|poke|p2|Klefki, L50, M|\n|poke|p2|Espeon, L50, M|\n|teampreview|4\n|c|\u2606SpaceCityVGC|g2\n|j| Dogzie\n|c|\u2606Ciq108|Glhf\n|c|\u2606SpaceCityVGC|glhflmw\n|j| EncoreVGC\n|\n|t:|1683569854\n|start\n|switch|p1a: da chompy boi|Garchomp, L50, F|100\/100\n|switch|p1b: da birb boi|Kilowattrel, L50, M|100\/100\n|switch|p2a: WoofieVGC|Arcanine, L50, M|100\/100\n|switch|p2b: Mucho Angry|Annihilape, L50, M|100\/100\n|-ability|p2a: WoofieVGC|Intimidate|boost\n|-fail|p1a: da chompy boi|unboost|[from] item: Clear Amulet|[of] p1a: da chompy boi\n|-unboost|p1b: da birb boi|atk|1\n|-ability|p1b: da birb boi|Competitive|boost\n|-boost|p1b: da birb boi|spa|2\n|turn|1\n|c| Dogzie|Glhf QTs ilysm\n|l|\u2606Ciq108\n|player|p1|\n|c| EncoreVGC|Youre free on friday ciq?\n|c| EncoreVGC|Ow\n|c|\u2606SpaceCityVGC|:(\n|c| EncoreVGC|Guess ciq was so confident he already left\n|c| Dogzie|timer\n|c|\u2606SpaceCityVGC|lol\n|c| Dogzie|get the free win lol\n|c| Dogzie|Ciq throwing shade on your lead lol\n|c|\u2606SpaceCityVGC|yeah he said default lead wins\n|inactive|Battle timer is ON: inactive players will automatically lose when time's up. (requested by SpaceCityVGC)\n|inactiveoff|Battle timer is now OFF.\n|c|\u2606SpaceCityVGC|lol\n|c| EncoreVGC|Do it =,=\n|j|\u2606Ciq108\n|player|p1|Ciq108|266\n|c|\u2606Ciq108|Welp\n|c|\u2606SpaceCityVGC|tempting\n|c|\u2606Ciq108|Lightning strike\n|c|\u2606SpaceCityVGC|what are the rules\n|c| Dogzie|the rules are you win lol\n|c|\u2606SpaceCityVGC|f\n|c| Dogzie|if you had put timer on before lol\n|\n|t:|1683570060\n|move|p1b: da birb boi|Air Slash|p2b: Mucho Angry|[miss]\n|-miss|p1b: da birb boi|p2b: Mucho Angry\n|move|p1a: da chompy boi|Earthquake|p2b: Mucho Angry|[spread] p2a,p2b\n|-immune|p1b: da birb boi\n|-supereffective|p2a: WoofieVGC\n|-crit|p2a: WoofieVGC\n|-damage|p2a: WoofieVGC|0 fnt\n|-damage|p2b: Mucho Angry|60\/100\n|faint|p2a: WoofieVGC\n|move|p2b: Mucho Angry|Rage Fist|p1b: da birb boi\n|-damage|p1b: da birb boi|17\/100\n|\n|upkeep\n|c| EncoreVGC|\u201cLighting strike\u201d nah thats just competitive proccing on your bird\n|c|\u2606SpaceCityVGC|cool\n|c| Dogzie|imagine missing air slash\n|\n|t:|1683570070\n|switch|p2a: Playboy Bunny|Azumarill, L50, M|100\/100\n|turn|2\n|c|\u2606Ciq108|Damn\n|\n|t:|1683570092\n|switch|p1b: no burn neck boi|Hydreigon, L50, M|100\/100\n|-terastallize|p2b: Mucho Angry|Grass\n|move|p1a: da chompy boi|Protect|p1a: da chompy boi\n|-singleturn|p1a: da chompy boi|Protect\n|move|p2a: Playboy Bunny|Aqua Jet|p1b: no burn neck boi\n|-resisted|p1b: no burn neck boi\n|-damage|p1b: no burn neck boi|88\/100\n|move|p2b: Mucho Angry|Rage Fist|p1a: da chompy boi\n|-activate|p1a: da chompy boi|move: Protect\n|\n|upkeep\n|turn|3\n|\n|t:|1683570112\n|switch|p2b: Cocomelon|Klefki, L50, M|100\/100\n|-terastallize|p1b: no burn neck boi|Poison\n|move|p1a: da chompy boi|Substitute|p1a: da chompy boi\n|-start|p1a: da chompy boi|Substitute\n|-damage|p1a: da chompy boi|76\/100\n|move|p1b: no burn neck boi|Tera Blast|p2b: Cocomelon\n|-immune|p2b: Cocomelon\n|move|p2a: Playboy Bunny|Liquidation|p1b: no burn neck boi\n|-damage|p1b: no burn neck boi|37\/100\n|\n|upkeep\n|turn|4\n|\n|t:|1683570129\n|move|p2b: Cocomelon|Reflect|p2b: Cocomelon\n|-sidestart|p2: SpaceCityVGC|Reflect\n|move|p2a: Playboy Bunny|Aqua Jet|p1b: no burn neck boi\n|-damage|p1b: no burn neck boi|10\/100\n|move|p1a: da chompy boi|Earthquake|p2b: Cocomelon|[spread] p2a,p2b\n|-immune|p1b: no burn neck boi|[from] ability: Levitate\n|-supereffective|p2b: Cocomelon\n|-damage|p2a: Playboy Bunny|75\/100\n|-damage|p2b: Cocomelon|56\/100\n|move|p1b: no burn neck boi|Tera Blast|p2a: Playboy Bunny\n|-supereffective|p2a: Playboy Bunny\n|-damage|p2a: Playboy Bunny|24\/100\n|\n|upkeep\n|turn|5\n|\n|t:|1683570162\n|move|p1b: no burn neck boi|Protect|p1b: no burn neck boi\n|-singleturn|p1b: no burn neck boi|Protect\n|move|p2a: Playboy Bunny|Aqua Jet|p1a: da chompy boi\n|-activate|p1a: da chompy boi|move: Substitute|[damage]\n|move|p1a: da chompy boi|Earthquake|p2b: Cocomelon|[spread] p2a,p2b\n|-activate|p1b: no burn neck boi|move: Protect\n|-supereffective|p2b: Cocomelon\n|-damage|p2a: Playboy Bunny|0 fnt\n|-damage|p2b: Cocomelon|11\/100\n|faint|p2a: Playboy Bunny\n|move|p2b: Cocomelon|Foul Play|p1a: da chompy boi\n|-end|p1a: da chompy boi|Substitute\n|\n|upkeep\n|c|\u2606SpaceCityVGC|dang was hoping it would pick up the sub\n|c|\u2606SpaceCityVGC|gg\n|\n|t:|1683570186\n|switch|p2a: Mucho Angry|Annihilape, L50, M, tera:Grass|60\/100\n|turn|6\n|c|\u2606Ciq108|Ggs\n|c| EncoreVGC|Bulky boys here\n|\n|t:|1683570206\n|switch|p1b: da birb boi|Kilowattrel, L50, M|17\/100\n|move|p2b: Cocomelon|Thunder Wave|p1b: da birb boi\n|-immune|p1b: da birb boi\n|move|p1a: da chompy boi|Earthquake|p2b: Cocomelon|[spread] p2a,p2b\n|-immune|p1b: da birb boi\n|-resisted|p2a: Mucho Angry\n|-supereffective|p2b: Cocomelon\n|-damage|p2a: Mucho Angry|47\/100\n|-damage|p2b: Cocomelon|0 fnt\n|faint|p2b: Cocomelon\n|move|p2a: Mucho Angry|Rage Fist|p1b: da birb boi\n|-damage|p1b: da birb boi|0 fnt\n|faint|p1b: da birb boi\n|\n|upkeep\n|\n|t:|1683570220\n|switch|p1b: no burn neck boi|Hydreigon, L50, M, tera:Poison|10\/100\n|turn|7\n|\n|t:|1683570227\n|move|p1a: da chompy boi|Substitute|p1a: da chompy boi\n|-start|p1a: da chompy boi|Substitute\n|-damage|p1a: da chompy boi|51\/100\n|move|p1b: no burn neck boi|Tera Blast|p2a: Mucho Angry\n|-supereffective|p2a: Mucho Angry\n|-damage|p2a: Mucho Angry|0 fnt\n|faint|p2a: Mucho Angry\n|\n|win|Ciq108\n|c| Dogzie|Gee Gees\n|c|\u2606SpaceCityVGC|ggs\n|c| EncoreVGC|So ciq?\n|c|\u2606Ciq108|Ggs man\n|c|\u2606Ciq108|Ya?\n|l| Dogzie\n|c| EncoreVGC|Wanna game this friday?\n|c|\u2606Ciq108|Lets move to scheduling rq\n|l|\u2606SpaceCityVGC\n|c|\u2606Ciq108|Depends on time\n|c| EncoreVGC|;)\n","uploadtime":1683570235,"views":17,"p1id":"ciq108","p2id":"spacecityvgc","formatid":"gen9vgc2023regulationc","rating":0,"private":0,"password":""}