{"id":"gen9vgc2023regulationc-1860456210","p1":"TStorm","p2":"scoliPEDs 3.0","format":"[Gen 9] VGC 2023 Regulation C","log":"|j|\u2606TStorm\n|j|\u2606scoliPEDs 3.0\n|t:|1683645807\n|gametype|doubles\n|player|p1|TStorm|170|\n|player|p2|scoliPEDs 3.0|volkner|\n|teamsize|p1|6\n|teamsize|p2|6\n|gen|9\n|tier|[Gen 9] VGC 2023 Regulation C\n|rated|Tournament battle\n|rule|Species Clause: Limit one of each Pok\u00e9mon\n|rule|Item Clause: Limit one of each item\n|clearpoke\n|poke|p1|Flutter Mane, L50|\n|poke|p1|Ting-Lu, L50|\n|poke|p1|Kingambit, L50, F|\n|poke|p1|Arcanine, L50, M|\n|poke|p1|Palafin, L50, M|\n|poke|p1|Amoonguss, L50, M|\n|poke|p2|Glimmora, L50, M|\n|poke|p2|Tyranitar, L50, M|\n|poke|p2|Amoonguss, L50, M|\n|poke|p2|Gyarados, L50, M|\n|poke|p2|Chi-Yu, L50|\n|poke|p2|Flutter Mane, L50|\n|teampreview|4\n|raw| Open Team Sheet for TStorm<\/summary>Flutter Mane @ Choice Specs Ability: Protosynthesis Level: 50 Tera Type: Fairy - Shadow Ball - Dazzling Gleam - Thunderbolt - Moonblast Ting-Lu @ Assault Vest Ability: Vessel of Ruin Level: 50 Tera Type: Poison - Stomping Tantrum - Heavy Slam - Stone Edge - Ruination Kingambit @ Lum Berry Ability: Defiant Level: 50 Tera Type: Dark - Kowtow Cleave - Swords Dance - Sucker Punch - Protect Arcanine @ Safety Goggles Ability: Intimidate Level: 50 Tera Type: Flying - Flare Blitz - Will-O-Wisp - Howl - Protect Palafin @ Mystic Water Ability: Zero to Hero Level: 50 Tera Type: Water - Jet Punch - Wave Crash - Haze - Protect Amoonguss @ Sitrus Berry Ability: Regenerator Level: 50 Tera Type: Water - Pollen Puff - Rage Powder - Spore - Protect <\/details><\/div> Open Team Sheet for scoliPEDs 3.0<\/summary>Glimmora @ Focus Sash Ability: Toxic Debris Level: 50 Tera Type: Grass - Spiky Shield - Power Gem - Mortal Spin - Earth Power Tyranitar @ Assault Vest Ability: Sand Stream Level: 50 Tera Type: Flying - Rock Slide - Crunch - Tera Blast - Brick Break Amoonguss @ Rocky Helmet Ability: Regenerator Level: 50 Tera Type: Water - Protect - Spore - Rage Powder - Pollen Puff Gyarados @ Safety Goggles Ability: Intimidate Level: 50 Tera Type: Steel - Protect - Taunt - Waterfall - Thunder Wave Chi-Yu @ Sitrus Berry Ability: Beads of Ruin Level: 50 Tera Type: Water - Protect - Dark Pulse - Heat Wave - Flamethrower Flutter Mane @ Booster Energy Ability: Protosynthesis Level: 50 Tera Type: Ghost - Protect - Substitute - Hex - Moonblast <\/details><\/div>\n|j| Hamanathnath\n|j| TrueSunSeal\n|c|\u2606TStorm|glhf????\n|j| NeuroticTC\n|j| aaxtrm\n|c|\u2606scoliPEDs 3.0|gl hf\n|\n|t:|1683645919\n|start\n|switch|p1a: Palafin|Palafin, L50, M|100\/100\n|switch|p1b: Ting-Lu|Ting-Lu, L50|100\/100\n|switch|p2a: Glimmora|Glimmora, L50, M|100\/100\n|switch|p2b: Chi-Yu|Chi-Yu, L50|100\/100\n|-ability|p2b: Chi-Yu|Beads of Ruin\n|-ability|p1b: Ting-Lu|Vessel of Ruin\n|turn|1\n|j| IceColdGhost\n|l| IceColdGhost\n|\n|t:|1683645953\n|switch|p2b: Gyarados|Gyarados, L50, M|100\/100\n|-ability|p2b: Gyarados|Intimidate|boost\n|-unboost|p1a: Palafin|atk|1\n|-unboost|p1b: Ting-Lu|atk|1\n|-terastallize|p1b: Ting-Lu|Poison\n|move|p1a: Palafin|Protect|p1a: Palafin\n|-singleturn|p1a: Palafin|Protect\n|move|p2a: Glimmora|Mortal Spin|p1b: Ting-Lu|[spread] p1b\n|-activate|p1a: Palafin|move: Protect\n|-resisted|p1b: Ting-Lu\n|-damage|p1b: Ting-Lu|99\/100\n|move|p1b: Ting-Lu|Stomping Tantrum|p2b: Gyarados\n|-immune|p2b: Gyarados\n|\n|upkeep\n|turn|2\n|\n|t:|1683645981\n|detailschange|p1a: Palafin|Palafin-Hero, L50, M\n|switch|p1a: Kingambit|Kingambit, L50, F|100\/100\n|move|p2a: Glimmora|Spiky Shield|p2a: Glimmora\n|-singleturn|p2a: Glimmora|move: Protect\n|move|p2b: Gyarados|Thunder Wave|p1b: Ting-Lu|[miss]\n|-miss|p2b: Gyarados|p1b: Ting-Lu\n|move|p1b: Ting-Lu|Stomping Tantrum|p2a: Glimmora\n|-activate|p2a: Glimmora|move: Protect\n|-damage|p1b: Ting-Lu|87\/100|[from] Spiky Shield|[of] p2a: Glimmora\n|\n|upkeep\n|turn|3\n|\n|t:|1683645998\n|move|p2a: Glimmora|Earth Power|p1a: Kingambit\n|-supereffective|p1a: Kingambit\n|-damage|p1a: Kingambit|62\/100\n|move|p2b: Gyarados|Waterfall|p1a: Kingambit\n|-damage|p1a: Kingambit|38\/100\n|move|p1a: Kingambit|Swords Dance|p1a: Kingambit\n|-boost|p1a: Kingambit|atk|2\n|move|p1b: Ting-Lu|Stomping Tantrum|p2a: Glimmora\n|-supereffective|p2a: Glimmora\n|-damage|p2a: Glimmora|11\/100\n|-activate|p2a: Glimmora|ability: Toxic Debris\n|-sidestart|p1: TStorm|move: Toxic Spikes\n|\n|upkeep\n|turn|4\n|\n|t:|1683646023\n|switch|p1b: Amoonguss|Amoonguss, L50, M|100\/100\n|-sideend|p1: TStorm|move: Toxic Spikes|[of] p1b: Amoonguss\n|move|p1a: Kingambit|Protect|p1a: Kingambit\n|-singleturn|p1a: Kingambit|Protect\n|move|p2a: Glimmora|Earth Power|p1a: Kingambit\n|-activate|p1a: Kingambit|move: Protect\n|move|p2b: Gyarados|Thunder Wave|p1b: Amoonguss\n|-status|p1b: Amoonguss|par\n|\n|upkeep\n|turn|5\n|\n|t:|1683646041\n|move|p1a: Kingambit|Sucker Punch|p2a: Glimmora\n|-damage|p2a: Glimmora|0 fnt\n|-activate|p2a: Glimmora|ability: Toxic Debris\n|-sidestart|p1: TStorm|move: Toxic Spikes\n|faint|p2a: Glimmora\n|move|p2b: Gyarados|Taunt|p1b: Amoonguss\n|-start|p1b: Amoonguss|move: Taunt\n|cant|p1b: Amoonguss|par\n|\n|upkeep\n|\n|t:|1683646044\n|switch|p2a: Chi-Yu|Chi-Yu, L50|100\/100\n|-ability|p2a: Chi-Yu|Beads of Ruin\n|turn|6\n|\n|t:|1683646086\n|switch|p1b: Ting-Lu|Ting-Lu, L50, tera:Poison|87\/100\n|-sideend|p1: TStorm|move: Toxic Spikes|[of] p1b: Ting-Lu\n|-ability|p1b: Ting-Lu|Vessel of Ruin\n|move|p1a: Kingambit|Protect|p1a: Kingambit\n|-singleturn|p1a: Kingambit|Protect\n|move|p2a: Chi-Yu|Flamethrower|p1b: Ting-Lu\n|-crit|p1b: Ting-Lu\n|-damage|p1b: Ting-Lu|59\/100\n|move|p2b: Gyarados|Taunt|p1a: Kingambit\n|-activate|p1a: Kingambit|move: Protect\n|\n|upkeep\n|turn|7\n|\n|t:|1683646121\n|move|p2a: Chi-Yu|Protect|p2a: Chi-Yu\n|-singleturn|p2a: Chi-Yu|Protect\n|move|p1a: Kingambit|Sucker Punch||[still]\n|-fail|p1a: Kingambit\n|move|p2b: Gyarados|Thunder Wave|p1b: Ting-Lu\n|-status|p1b: Ting-Lu|par\n|move|p1b: Ting-Lu|Ruination|p2b: Gyarados|[miss]\n|-miss|p1b: Ting-Lu|p2b: Gyarados\n|\n|upkeep\n|turn|8\n|\n|t:|1683646137\n|switch|p2a: Flutter Mane|Flutter Mane, L50|100\/100\n|-enditem|p2a: Flutter Mane|Booster Energy\n|-activate|p2a: Flutter Mane|ability: Protosynthesis|[fromitem]\n|-start|p2a: Flutter Mane|protosynthesisspe\n|move|p1a: Kingambit|Protect|p1a: Kingambit\n|-singleturn|p1a: Kingambit|Protect\n|move|p2b: Gyarados|Waterfall|p1b: Ting-Lu\n|-damage|p1b: Ting-Lu|39\/100 par\n|cant|p1b: Ting-Lu|flinch\n|\n|upkeep\n|turn|9\n|\n|t:|1683646155\n|move|p1a: Kingambit|Sucker Punch|p2b: Gyarados\n|-damage|p2b: Gyarados|23\/100\n|move|p2a: Flutter Mane|Substitute|p2a: Flutter Mane\n|-start|p2a: Flutter Mane|Substitute\n|-damage|p2a: Flutter Mane|76\/100\n|move|p2b: Gyarados|Waterfall|p1a: Kingambit\n|-damage|p1a: Kingambit|15\/100\n|move|p1b: Ting-Lu|Heavy Slam|p2a: Flutter Mane\n|-supereffective|p2a: Flutter Mane\n|-end|p2a: Flutter Mane|Substitute\n|\n|upkeep\n|turn|10\n|j| IceColdGhost\n|\n|t:|1683646191\n|move|p2a: Flutter Mane|Protect|p2a: Flutter Mane\n|-singleturn|p2a: Flutter Mane|Protect\n|move|p2b: Gyarados|Waterfall|p1a: Kingambit\n|-damage|p1a: Kingambit|0 fnt\n|faint|p1a: Kingambit\n|move|p1b: Ting-Lu|Heavy Slam|p2a: Flutter Mane\n|-activate|p2a: Flutter Mane|move: Protect\n|\n|upkeep\n|\n|t:|1683646196\n|switch|p1a: Palafin|Palafin-Hero, L50, M|100\/100\n|-activate|p1a: Palafin|ability: Zero to Hero\n|turn|11\n|\n|t:|1683646213\n|move|p1a: Palafin|Jet Punch|p2a: Flutter Mane\n|-damage|p2a: Flutter Mane|0 fnt\n|faint|p2a: Flutter Mane\n|-end|p2a: Flutter Mane|Protosynthesis|[silent]\n|move|p2b: Gyarados|Taunt|p1a: Palafin\n|-start|p1a: Palafin|move: Taunt\n|move|p1b: Ting-Lu|Stone Edge|p2b: Gyarados\n|-supereffective|p2b: Gyarados\n|-crit|p2b: Gyarados\n|-damage|p2b: Gyarados|0 fnt\n|faint|p2b: Gyarados\n|\n|upkeep\n|\n|t:|1683646216\n|switch|p2a: Chi-Yu|Chi-Yu, L50|100\/100\n|-ability|p2a: Chi-Yu|Beads of Ruin\n|turn|12\n|\n|t:|1683646234\n|-terastallize|p2a: Chi-Yu|Water\n|move|p2a: Chi-Yu|Dark Pulse|p1b: Ting-Lu\n|-damage|p1b: Ting-Lu|22\/100 par\n|move|p1a: Palafin|Wave Crash|p2a: Chi-Yu\n|-resisted|p2a: Chi-Yu\n|-damage|p2a: Chi-Yu|39\/100\n|-enditem|p2a: Chi-Yu|Sitrus Berry|[eat]\n|-heal|p2a: Chi-Yu|64\/100|[from] item: Sitrus Berry\n|-damage|p1a: Palafin|85\/100|[from] Recoil\n|cant|p1b: Ting-Lu|par\n|\n|upkeep\n|turn|13\n|-message|scoliPEDs 3.0 forfeited.\n|\n|win|TStorm\n|n|\u2606TStorm|tstorm\n|n|\u2606scoliPEDs 3.0|scolipeds30\n|n| Hamanathnath|hamanathnath\n|n| TrueSunSeal|truesunseal\n|n| NeuroticTC|neurotictc\n|n| aaxtrm|aaxtrm\n|n| IceColdGhost|icecoldghost\n","uploadtime":1683646244,"views":7,"p1id":"tstorm","p2id":"scolipeds30","formatid":"gen9vgc2023regulationc","rating":0,"private":0,"password":""}