{"id":"gen9vgc2023regulationc-1858504717","p1":"esotilin123456","p2":"Jesuuuus","format":"[Gen 9] VGC 2023 Regulation C","log":"|j|\u2606esotilin123456\n|j|\u2606Jesuuuus\n|t:|1683319041\n|gametype|doubles\n|player|p1|esotilin123456|hilbert-wonderlauncher|\n|player|p2|Jesuuuus|lucas|\n|teamsize|p1|6\n|teamsize|p2|6\n|gen|9\n|tier|[Gen 9] VGC 2023 Regulation C\n|rated|Tournament battle\n|rule|Species Clause: Limit one of each Pok\u00e9mon\n|rule|Item Clause: Limit one of each item\n|clearpoke\n|poke|p1|Tyranitar, L50, M|\n|poke|p1|Corviknight, L50, F|\n|poke|p1|Salamence, L50, F|\n|poke|p1|Arcanine, L50, M|\n|poke|p1|Gastrodon, L50, F|\n|poke|p1|Rotom-Mow, L50|\n|poke|p2|Dondozo, L50, M|\n|poke|p2|Tatsugiri, L50, M|\n|poke|p2|Glimmora, L50, F|\n|poke|p2|Iron Jugulis, L50|\n|poke|p2|Iron Moth, L50|\n|poke|p2|Klefki, L50, M|\n|teampreview|4\n|raw| Open Team Sheet for esotilin123456<\/summary>Great Tyrant (Tyranitar) (M) @ Chople Berry Ability: Sand Stream Level: 50 Shiny: Yes Tera Type: Rock - Protect - Rock Slide - Crunch - Ice Punch IRON BIRD (Corviknight) @ Aguav Berry Ability: Mirror Armor Level: 50 Tera Type: Grass - Protect - Bulk Up - Brave Bird - Roost RORAAAHOHHHH (Salamence) @ Life Orb Ability: Intimidate Level: 50 Tera Type: Fire - Protect - Tailwind - Draco Meteor - Flamethrower good boi (Arcanine) (M) @ Assault Vest Ability: Intimidate Level: 50 Tera Type: Grass - Flare Blitz - Extreme Speed - Snarl - Close Combat GROHAHSHSHSH (Gastrodon) (F) @ Leftovers Ability: Storm Drain Level: 50 Tera Type: Fire - Protect - Yawn - Ice Beam - Earth Power IRON MUGULIS (Rotom-Mow) @ Sitrus Berry Ability: Levitate Level: 50 Tera Type: Electric - Protect - Will-O-Wisp - Thunderbolt - Leaf Storm <\/details><\/div> Open Team Sheet for Jesuuuus<\/summary>Dondozo @ Sitrus Berry Ability: Unaware Level: 50 Tera Type: Grass - Yawn - Wave Crash - Body Press - Protect Tatsugiri @ Choice Specs Ability: Storm Drain Level: 50 Tera Type: Ghost - Draco Meteor - Muddy Water - Dragon Pulse - Tera Blast Glimmora @ Assault Vest Ability: Toxic Debris Level: 50 Tera Type: Grass - Energy Ball - Mortal Spin - Power Gem - Earth Power Iron Jugulis @ Safety Goggles Ability: Quark Drive Level: 50 Tera Type: Flying - Hurricane - Dark Pulse - Tailwind - Protect Iron Moth @ Booster Energy Ability: Quark Drive Level: 50 Tera Type: Grass - Heat Wave - Energy Ball - Substitute - Protect Klefki @ Leftovers Ability: Prankster Level: 50 Tera Type: Water - Reflect - Light Screen - Thunder Wave - Dazzling Gleam <\/details><\/div>\n|inactive|Battle timer is ON: inactive players will automatically lose when time's up. (requested by Jesuuuus)\n|inactive|esotilin123456 has 60 seconds left.\n|inactive|Jesuuuus has 60 seconds left.\n|j| appokalypstik\n|\n|t:|1683319095\n|start\n|switch|p1a: good boi|Arcanine, L50, M|100\/100\n|switch|p1b: Great Tyrant|Tyranitar, L50, M, shiny|100\/100\n|switch|p2a: Glimmora|Glimmora, L50, F|100\/100\n|switch|p2b: Klefki|Klefki, L50, M|100\/100\n|-ability|p1a: good boi|Intimidate|boost\n|-unboost|p2a: Glimmora|atk|1\n|-unboost|p2b: Klefki|atk|1\n|-weather|Sandstorm|[from] ability: Sand Stream|[of] p1b: Great Tyrant\n|turn|1\n|j| SlowHomie\n|inactive|esotilin123456 has 30 seconds left.\n|l| SlowHomie\n|inactive|esotilin123456 has 20 seconds left.\n|\n|t:|1683319132\n|-terastallize|p1b: Great Tyrant|Rock\n|move|p2b: Klefki|Reflect|p2b: Klefki\n|-sidestart|p2: Jesuuuus|Reflect\n|move|p2a: Glimmora|Mortal Spin|p1a: good boi|[spread] p1a,p1b\n|-resisted|p1b: Great Tyrant\n|-damage|p1a: good boi|97\/100\n|-damage|p1b: Great Tyrant|99\/100\n|-status|p1a: good boi|psn\n|-status|p1b: Great Tyrant|psn\n|move|p1a: good boi|Flare Blitz|p2b: Klefki\n|-supereffective|p2b: Klefki\n|-damage|p2b: Klefki|32\/100\n|-damage|p1a: good boi|77\/100 psn|[from] Recoil\n|move|p1b: Great Tyrant|Rock Slide|p2b: Klefki|[spread] p2a,p2b\n|-crit|p2a: Glimmora\n|-resisted|p2b: Klefki\n|-damage|p2a: Glimmora|36\/100\n|-damage|p2b: Klefki|20\/100\n|-activate|p2a: Glimmora|ability: Toxic Debris\n|-sidestart|p1: esotilin123456|move: Toxic Spikes\n|\n|-weather|Sandstorm|[upkeep]\n|-damage|p1a: good boi|71\/100 psn|[from] Sandstorm\n|-heal|p2b: Klefki|26\/100|[from] item: Leftovers\n|-damage|p1a: good boi|58\/100 psn|[from] psn\n|-damage|p1b: Great Tyrant|87\/100 psn|[from] psn\n|upkeep\n|turn|2\n|inactive|Jesuuuus has 30 seconds left.\n|\n|t:|1683319164\n|move|p2b: Klefki|Light Screen|p2b: Klefki\n|-sidestart|p2: Jesuuuus|move: Light Screen\n|move|p2a: Glimmora|Power Gem|p1a: good boi\n|-supereffective|p1a: good boi\n|-damage|p1a: good boi|13\/100 psn\n|move|p1a: good boi|Close Combat|p2a: Glimmora\n|-damage|p2a: Glimmora|9\/100\n|-unboost|p1a: good boi|def|1\n|-unboost|p1a: good boi|spd|1\n|-activate|p2a: Glimmora|ability: Toxic Debris\n|-sidestart|p1: esotilin123456|move: Toxic Spikes\n|move|p1b: Great Tyrant|Rock Slide|p2a: Glimmora|[spread] p2a,p2b\n|-resisted|p2b: Klefki\n|-damage|p2a: Glimmora|0 fnt\n|-damage|p2b: Klefki|13\/100\n|faint|p2a: Glimmora\n|\n|-weather|Sandstorm|[upkeep]\n|-damage|p1a: good boi|7\/100 psn|[from] Sandstorm\n|-heal|p2b: Klefki|19\/100|[from] item: Leftovers\n|-damage|p1a: good boi|0 fnt|[from] psn\n|faint|p1a: good boi\n|-damage|p1b: Great Tyrant|74\/100 psn|[from] psn\n|upkeep\n|\n|t:|1683319187\n|switch|p2a: Tatsugiri|Tatsugiri, L50, M|100\/100\n|switch|p1a: GROHAHSHSHSH|Gastrodon, L50, F|100\/100\n|-status|p1a: GROHAHSHSHSH|tox\n|turn|3\n|\n|t:|1683319198\n|move|p2a: Tatsugiri|Draco Meteor|p1b: Great Tyrant\n|-damage|p1b: Great Tyrant|18\/100 psn\n|-unboost|p2a: Tatsugiri|spa|2\n|move|p2b: Klefki|Dazzling Gleam|p1a: GROHAHSHSHSH|[spread] p1a,p1b\n|-damage|p1a: GROHAHSHSHSH|86\/100 tox\n|-damage|p1b: Great Tyrant|10\/100 psn\n|move|p1b: Great Tyrant|Rock Slide|p2a: Tatsugiri|[spread] p2a,p2b\n|-resisted|p2b: Klefki\n|-crit|p2b: Klefki\n|-damage|p2a: Tatsugiri|63\/100\n|-damage|p2b: Klefki|0 fnt\n|faint|p2b: Klefki\n|move|p1a: GROHAHSHSHSH|Yawn|p2a: Tatsugiri\n|-start|p2a: Tatsugiri|move: Yawn|[of] p1a: GROHAHSHSHSH\n|\n|-weather|Sandstorm|[upkeep]\n|-damage|p2a: Tatsugiri|57\/100|[from] Sandstorm\n|-heal|p1a: GROHAHSHSHSH|92\/100 tox|[from] item: Leftovers\n|-damage|p1b: Great Tyrant|0 fnt|[from] psn\n|faint|p1b: Great Tyrant\n|-damage|p1a: GROHAHSHSHSH|86\/100 tox|[from] psn\n|upkeep\n|\n|t:|1683319218\n|switch|p2b: Iron Moth|Iron Moth, L50|100\/100\n|switch|p1b: IRON MUGULIS|Rotom-Mow, L50|100\/100\n|-enditem|p2b: Iron Moth|Booster Energy\n|-activate|p2b: Iron Moth|ability: Quark Drive|[fromitem]\n|-start|p2b: Iron Moth|quarkdrivespe\n|turn|4\n|inactive|esotilin123456 has 30 seconds left.\n|inactive|Jesuuuus has 30 seconds left.\n|inactive|esotilin123456 has 20 seconds left.\n|inactive|Jesuuuus has 20 seconds left.\n|inactive|esotilin123456 has 15 seconds left.\n|inactive|Jesuuuus has 15 seconds left.\n|inactive|Jesuuuus has 10 seconds left.\n|\n|t:|1683319268\n|move|p2b: Iron Moth|Energy Ball|p1a: GROHAHSHSHSH\n|-supereffective|p1a: GROHAHSHSHSH\n|-damage|p1a: GROHAHSHSHSH|0 fnt\n|faint|p1a: GROHAHSHSHSH\n|move|p1b: IRON MUGULIS|Thunderbolt|p2b: Iron Moth\n|-damage|p2b: Iron Moth|73\/100\n|move|p2a: Tatsugiri|Draco Meteor|p1b: IRON MUGULIS\n|-damage|p1b: IRON MUGULIS|49\/100\n|-unboost|p2a: Tatsugiri|spa|2\n|-enditem|p1b: IRON MUGULIS|Sitrus Berry|[eat]\n|-heal|p1b: IRON MUGULIS|74\/100|[from] item: Sitrus Berry\n|\n|-weather|Sandstorm|[upkeep]\n|-damage|p2b: Iron Moth|67\/100|[from] Sandstorm\n|-damage|p1b: IRON MUGULIS|68\/100|[from] Sandstorm\n|-damage|p2a: Tatsugiri|52\/100|[from] Sandstorm\n|-end|p2a: Tatsugiri|move: Yawn|[silent]\n|-status|p2a: Tatsugiri|slp\n|upkeep\n|turn|5\n|\n|t:|1683319281\n|-terastallize|p2b: Iron Moth|Grass\n|move|p2b: Iron Moth|Heat Wave|p1b: IRON MUGULIS|[miss]\n|-miss|p2b: Iron Moth|p1b: IRON MUGULIS\n|move|p1b: IRON MUGULIS|Thunderbolt|p2b: Iron Moth\n|-resisted|p2b: Iron Moth\n|-damage|p2b: Iron Moth|55\/100\n|cant|p2a: Tatsugiri|slp\n|\n|-weather|none\n|-sideend|p2: Jesuuuus|Reflect\n|upkeep\n|turn|6\n|-message|esotilin123456 forfeited.\n|\n|win|Jesuuuus\n|n|\u2606esotilin123456|esotilin123456\n|n|\u2606Jesuuuus|jesuuuus\n|n| appokalypstik|appokalypstik\n","uploadtime":1683319286,"views":7,"p1id":"esotilin123456","p2id":"jesuuuus","formatid":"gen9vgc2023regulationc","rating":0,"private":0,"password":""}