{"id":"gen9vgc2023regulationc-1847908506","p1":"Silver33534","p2":"De98","format":"[Gen 9] VGC 2023 Regulation C","log":"|j|\u2606Silver33534\n|j|\u2606De98\n|t:|1682011801\n|gametype|doubles\n|player|p1|Silver33534|gambler|1178\n|player|p2|De98|pokemonbreeder|1221\n|teamsize|p1|6\n|teamsize|p2|6\n|gen|9\n|tier|[Gen 9] VGC 2023 Regulation C\n|rated|\n|rule|Species Clause: Limit one of each Pok\u00e9mon\n|rule|Item Clause: Limit one of each item\n|clearpoke\n|poke|p1|Ceruledge, L50, F|\n|poke|p1|Brute Bonnet, L50|\n|poke|p1|Flutter Mane, L50|\n|poke|p1|Iron Bundle, L50|\n|poke|p1|Gastrodon-East, L50, M|\n|poke|p1|Garchomp, L50, M|\n|poke|p2|Palafin, L50, M|\n|poke|p2|Arcanine, L50, F|\n|poke|p2|Amoonguss, L50, M|\n|poke|p2|Ting-Lu, L50|\n|poke|p2|Kingambit, L50, M|\n|poke|p2|Flutter Mane, L50|\n|teampreview|4\n|inactive|Battle timer is ON: inactive players will automatically lose when time's up. (requested by De98)\nSilver33534 has agreed to open team sheets.\n|inactive|Silver33534 has 60 seconds left.\n|\n|t:|1682011850\n|start\n|switch|p1a: Gastrodon|Gastrodon-East, L50, M|100\/100\n|switch|p1b: Iron Bundle|Iron Bundle, L50|100\/100\n|switch|p2a: Flutter Mane|Flutter Mane, L50|100\/100\n|switch|p2b: Kingambit|Kingambit, L50, M|100\/100\n|turn|1\n|inactive|De98 has 30 seconds left.\n|\n|t:|1682011884\n|move|p1b: Iron Bundle|Protect|p1b: Iron Bundle\n|-singleturn|p1b: Iron Bundle|Protect\n|move|p2a: Flutter Mane|Dazzling Gleam|p1b: Iron Bundle|[spread] p1a\n|-activate|p1b: Iron Bundle|move: Protect\n|-damage|p1a: Gastrodon|56\/100\n|move|p2b: Kingambit|Swords Dance|p2b: Kingambit\n|-boost|p2b: Kingambit|atk|2\n|move|p1a: Gastrodon|Earth Power|p2b: Kingambit\n|-supereffective|p2b: Kingambit\n|-damage|p2b: Kingambit|26\/100\n|\n|-heal|p1a: Gastrodon|62\/100|[from] item: Leftovers\n|upkeep\n|turn|2\n|inactive|De98 has 30 seconds left.\n|\n|t:|1682011922\n|switch|p2b: Amoonguss|Amoonguss, L50, M|100\/100\n|move|p1b: Iron Bundle|Freeze-Dry|p2a: Flutter Mane\n|-damage|p2a: Flutter Mane|76\/100\n|move|p2a: Flutter Mane|Dazzling Gleam|p1a: Gastrodon|[spread] p1a,p1b\n|-damage|p1a: Gastrodon|18\/100\n|-damage|p1b: Iron Bundle|21\/100\n|move|p1a: Gastrodon|Earth Power|p2b: Amoonguss\n|-damage|p2b: Amoonguss|69\/100\n|\n|-heal|p1a: Gastrodon|24\/100|[from] item: Leftovers\n|upkeep\n|turn|3\n|inactive|De98 has 30 seconds left.\n|\n|t:|1682011947\n|move|p1b: Iron Bundle|Taunt|p2b: Amoonguss\n|-start|p2b: Amoonguss|move: Taunt\n|move|p2a: Flutter Mane|Dazzling Gleam|p1a: Gastrodon|[spread] p1a,p1b\n|-damage|p1a: Gastrodon|0 fnt\n|-damage|p1b: Iron Bundle|0 fnt\n|faint|p1a: Gastrodon\n|faint|p1b: Iron Bundle\n|-end|p1b: Iron Bundle|Quark Drive|[silent]\n|move|p2b: Amoonguss|Pollen Puff|p2a: Flutter Mane\n|-heal|p2a: Flutter Mane|100\/100\n|\n|upkeep\n|\n|t:|1682011955\n|switch|p1b: Ceruledge|Ceruledge, L50, F|100\/100\n|switch|p1a: Flutter Mane|Flutter Mane, L50|100\/100\n|turn|4\n|\n|t:|1682011970\n|move|p1a: Flutter Mane|Shadow Ball|p2a: Flutter Mane\n|-supereffective|p2a: Flutter Mane\n|-damage|p2a: Flutter Mane|4\/100\n|-unboost|p2a: Flutter Mane|spd|1\n|-damage|p1a: Flutter Mane|90\/100|[from] item: Life Orb\n|move|p2a: Flutter Mane|Dazzling Gleam|p1a: Flutter Mane|[spread] p1a,p1b\n|-resisted|p1b: Ceruledge\n|-damage|p1a: Flutter Mane|35\/100\n|-damage|p1b: Ceruledge|77\/100\n|move|p1b: Ceruledge|Bitter Blade|p2b: Amoonguss\n|-supereffective|p2b: Amoonguss\n|-damage|p2b: Amoonguss|0 fnt\n|-heal|p1b: Ceruledge|100\/100|[from] drain|[of] p2b: Amoonguss\n|faint|p2b: Amoonguss\n|\n|upkeep\n|\n|t:|1682011986\n|switch|p2b: Kingambit|Kingambit, L50, M|26\/100\n|turn|5\n|\n|t:|1682011993\n|move|p1a: Flutter Mane|Protect|p1a: Flutter Mane\n|-singleturn|p1a: Flutter Mane|Protect\n|move|p1b: Ceruledge|Shadow Sneak|p2a: Flutter Mane\n|-supereffective|p2a: Flutter Mane\n|-damage|p2a: Flutter Mane|0 fnt\n|faint|p2a: Flutter Mane\n|-end|p2a: Flutter Mane|Protosynthesis|[silent]\n|move|p2b: Kingambit|Sucker Punch||[still]\n|-fail|p2b: Kingambit\n|\n|upkeep\n|\n|t:|1682011998\n|switch|p2a: Ting-Lu|Ting-Lu, L50|100\/100\n|-ability|p2a: Ting-Lu|Vessel of Ruin\n|turn|6\n|\n|t:|1682012013\n|-terastallize|p1b: Ceruledge|Grass\n|-terastallize|p2a: Ting-Lu|Poison\n|move|p2b: Kingambit|Protect|p2b: Kingambit\n|-singleturn|p2b: Kingambit|Protect\n|move|p1a: Flutter Mane|Moonblast|p2b: Kingambit\n|-activate|p2b: Kingambit|move: Protect\n|move|p1b: Ceruledge|Bitter Blade|p2b: Kingambit\n|-activate|p2b: Kingambit|move: Protect\n|move|p2a: Ting-Lu|Tera Blast|p1b: Ceruledge\n|-supereffective|p1b: Ceruledge\n|-crit|p1b: Ceruledge\n|-damage|p1b: Ceruledge|2\/100\n|\n|upkeep\n|turn|7\n|\n|t:|1682012035\n|move|p2b: Kingambit|Sucker Punch|p1a: Flutter Mane\n|-damage|p1a: Flutter Mane|0 fnt\n|faint|p1a: Flutter Mane\n|-end|p1a: Flutter Mane|Protosynthesis|[silent]\n|move|p1b: Ceruledge|Bitter Blade|p2a: Ting-Lu\n|-damage|p2a: Ting-Lu|76\/100\n|-heal|p1b: Ceruledge|19\/100|[from] drain|[of] p2a: Ting-Lu\n|move|p2a: Ting-Lu|Tera Blast|p1b: Ceruledge\n|-supereffective|p1b: Ceruledge\n|-damage|p1b: Ceruledge|0 fnt\n|faint|p1b: Ceruledge\n|\n|win|De98\n|raw|Silver33534's rating: 1178 → 1156<\/strong> (-22 for losing)\n|raw|De98's rating: 1221 → 1243<\/strong> (+22 for winning)\n|l|\u2606Silver33534\n","uploadtime":1682012052,"views":12,"p1id":"silver33534","p2id":"de98","formatid":"gen9vgc2023regulationc","rating":1156,"private":0,"password":""}