{"id":"gen9vgc2023regulationc-1856474994","p1":"yokai19","p2":"yoiyyy","format":"[Gen 9] VGC 2023 Regulation C","log":"|j|\u2606yokai19\n|j|\u2606yoiyyy\n|t:|1683065565\n|gametype|doubles\n|player|p1|yokai19|102|1125\n|player|p2|yoiyyy|hilda-wonderlauncher|1118\n|teamsize|p1|6\n|teamsize|p2|6\n|gen|9\n|tier|[Gen 9] VGC 2023 Regulation C\n|rated|\n|rule|Species Clause: Limit one of each Pok\u00e9mon\n|rule|Item Clause: Limit one of each item\n|clearpoke\n|poke|p1|Flutter Mane, L50|\n|poke|p1|Arcanine, L50, F|\n|poke|p1|Palafin, L50, F|\n|poke|p1|Amoonguss, L50, M|\n|poke|p1|Ting-Lu, L50|\n|poke|p1|Corviknight, L50, F|\n|poke|p2|Glaceon, L50, F|\n|poke|p2|Abomasnow, L50, M|\n|poke|p2|Indeedee-F, L50, F|\n|poke|p2|Bombirdier, L50, F|\n|poke|p2|Ting-Lu, L50|\n|poke|p2|Roaring Moon, L50|\n|teampreview|4\n|inactive|Battle timer is ON: inactive players will automatically lose when time's up. (requested by yoiyyy)\n|inactive|yokai19 has 60 seconds left.\n|inactive|yoiyyy has 60 seconds left.\n|\n|t:|1683065622\n|start\n|switch|p1a: Corviknight|Corviknight, L50, F|100\/100\n|switch|p1b: Palafin|Palafin, L50, F|100\/100\n|switch|p2a: Glaceon|Glaceon, L50, F, shiny|100\/100\n|switch|p2b: Abomasnow|Abomasnow, L50, M, shiny|100\/100\n|-weather|Snow|[from] ability: Snow Warning|[of] p2b: Abomasnow\n|turn|1\n|inactive|yokai19 has 30 seconds left.\n|inactive|yoiyyy has 30 seconds left.\n|inactive|yoiyyy has 20 seconds left.\n|\n|t:|1683065662\n|detailschange|p1b: Palafin|Palafin-Hero, L50, F\n|switch|p1b: Arcanine|Arcanine, L50, F|100\/100\n|-ability|p1b: Arcanine|Intimidate|boost\n|-unboost|p2a: Glaceon|atk|1\n|-unboost|p2b: Abomasnow|atk|1\n|-terastallize|p1a: Corviknight|Fire\n|-terastallize|p2a: Glaceon|Water\n|move|p1a: Corviknight|Brave Bird|p2b: Abomasnow\n|-supereffective|p2b: Abomasnow\n|-damage|p2b: Abomasnow|33\/100\n|-damage|p1a: Corviknight|80\/100|[from] Recoil\n|move|p2b: Abomasnow|Aurora Veil|p2b: Abomasnow\n|-sidestart|p2: yoiyyy|move: Aurora Veil\n|move|p2a: Glaceon|Freeze-Dry|p1b: Arcanine\n|-resisted|p1b: Arcanine\n|-damage|p1b: Arcanine|79\/100\n|\n|-weather|Snow|[upkeep]\n|upkeep\n|turn|2\n|inactive|yokai19 has 30 seconds left.\n|inactive|yokai19 has 20 seconds left.\n|inactive|yokai19 has 15 seconds left.\n|\n|t:|1683065704\n|move|p2b: Abomasnow|Helping Hand|p2a: Glaceon\n|-singleturn|p2a: Glaceon|Helping Hand|[of] p2b: Abomasnow\n|move|p1b: Arcanine|Flare Blitz|p2b: Abomasnow\n|-supereffective|p2b: Abomasnow\n|-damage|p2b: Abomasnow|0 fnt\n|faint|p2b: Abomasnow\n|-damage|p1b: Arcanine|69\/100|[from] Recoil\n|move|p1a: Corviknight|Brave Bird|p2a: Glaceon\n|-damage|p2a: Glaceon|74\/100\n|-damage|p1a: Corviknight|73\/100|[from] Recoil\n|move|p2a: Glaceon|Tera Blast|p1b: Arcanine\n|-supereffective|p1b: Arcanine\n|-damage|p1b: Arcanine|0 fnt\n|faint|p1b: Arcanine\n|\n|-weather|Snow|[upkeep]\n|upkeep\n|inactive|yokai19 has 30 seconds left.\n|\n|t:|1683065734\n|switch|p1b: Flutter Mane|Flutter Mane, L50|100\/100\n|switch|p2b: Indeedee|Indeedee-F, L50, F, shiny|100\/100\n|-fieldstart|move: Psychic Terrain|[from] ability: Psychic Surge|[of] p2b: Indeedee\n|-enditem|p2b: Indeedee|Psychic Seed\n|-boost|p2b: Indeedee|spd|1|[from] item: Psychic Seed\n|-enditem|p1b: Flutter Mane|Booster Energy\n|-activate|p1b: Flutter Mane|ability: Protosynthesis|[fromitem]\n|-start|p1b: Flutter Mane|protosynthesisspa\n|turn|3\n|\n|t:|1683065755\n|switch|p1a: Palafin|Palafin-Hero, L50, F|100\/100\n|-activate|p1a: Palafin|ability: Zero to Hero\n|move|p1b: Flutter Mane|Moonblast|p2b: Indeedee\n|-crit|p2b: Indeedee\n|-damage|p2b: Indeedee|15\/100\n|move|p2a: Glaceon|Tera Blast|p1a: Palafin\n|-resisted|p1a: Palafin\n|-damage|p1a: Palafin|76\/100\n|move|p2b: Indeedee|Trick Room|p2b: Indeedee\n|-fieldstart|move: Trick Room|[of] p2b: Indeedee\n|\n|-weather|Snow|[upkeep]\n|upkeep\n|turn|4\n|inactive|yokai19 has 30 seconds left.\n|\n|t:|1683065782\n|move|p2b: Indeedee|Helping Hand|p2a: Glaceon\n|-singleturn|p2a: Glaceon|Helping Hand|[of] p2b: Indeedee\n|move|p2a: Glaceon|Freeze-Dry|p1a: Palafin\n|-supereffective|p1a: Palafin\n|-damage|p1a: Palafin|0 fnt\n|faint|p1a: Palafin\n|move|p1b: Flutter Mane|Moonblast|p2a: Glaceon|[miss]\n|-miss|p1b: Flutter Mane|p2a: Glaceon\n|\n|-weather|Snow|[upkeep]\n|upkeep\n|\n|t:|1683065794\n|switch|p1a: Corviknight|Corviknight, L50, F, tera:Fire|73\/100\n|turn|5\n|\n|t:|1683065812\n|move|p2b: Indeedee|Helping Hand|p2a: Glaceon\n|-singleturn|p2a: Glaceon|Helping Hand|[of] p2b: Indeedee\n|move|p2a: Glaceon|Blizzard|p1b: Flutter Mane|[spread] p1a,p1b\n|-resisted|p1a: Corviknight\n|-damage|p1a: Corviknight|36\/100\n|-damage|p1b: Flutter Mane|39\/100\n|move|p1a: Corviknight|Brave Bird|p2b: Indeedee\n|-damage|p2b: Indeedee|0 fnt\n|faint|p2b: Indeedee\n|-damage|p1a: Corviknight|32\/100|[from] Recoil\n|move|p1b: Flutter Mane|Moonblast|p2a: Glaceon\n|-damage|p2a: Glaceon|31\/100\n|-unboost|p2a: Glaceon|spa|1\n|\n|-weather|Snow|[upkeep]\n|-sideend|p2: yoiyyy|move: Aurora Veil\n|upkeep\n|\n|t:|1683065824\n|switch|p2b: Roaring Moon|Roaring Moon, L50, shiny|100\/100\n|-enditem|p2b: Roaring Moon|Booster Energy\n|-activate|p2b: Roaring Moon|ability: Protosynthesis|[fromitem]\n|-start|p2b: Roaring Moon|protosynthesisatk\n|turn|6\n|inactive|yokai19 has 30 seconds left.\n|inactive|yokai19 has 20 seconds left.\n|inactive|yokai19 has 15 seconds left.\n|\n|t:|1683065866\n|move|p2a: Glaceon|Blizzard|p1a: Corviknight|[spread] p1a,p1b\n|-resisted|p1a: Corviknight\n|-damage|p1a: Corviknight|15\/100\n|-damage|p1b: Flutter Mane|11\/100\n|move|p1a: Corviknight|Brave Bird|p2a: Glaceon|[miss]\n|-miss|p1a: Corviknight|p2a: Glaceon\n|move|p2b: Roaring Moon|Throat Chop|p1a: Corviknight\n|-damage|p1a: Corviknight|0 fnt\n|faint|p1a: Corviknight\n|move|p1b: Flutter Mane|Dazzling Gleam|p2a: Glaceon|[spread] p2a,p2b\n|-supereffective|p2b: Roaring Moon\n|-damage|p2a: Glaceon|0 fnt\n|-damage|p2b: Roaring Moon|0 fnt\n|faint|p2a: Glaceon\n|faint|p2b: Roaring Moon\n|-end|p2b: Roaring Moon|Protosynthesis|[silent]\n|\n|win|yokai19\n|raw|yokai19's rating: 1125 → 1149<\/strong> (+24 for winning)\n|raw|yoiyyy's rating: 1118 → 1094<\/strong> (-24 for losing)\n","uploadtime":1683065883,"views":10,"p1id":"yokai19","p2id":"yoiyyy","formatid":"gen9vgc2023regulationc","rating":1094,"private":0,"password":""}