{"id":"gen9vgc2023regulationc-1864175205","p1":"Geradifdorudini","p2":"littlemasteraik","format":"[Gen 9] VGC 2023 Regulation C","log":"|j|\u2606Geradifdorudini\n|j|\u2606littlemasteraik\n|t:|1684130325\n|gametype|doubles\n|player|p1|Geradifdorudini|lucas|1315\n|player|p2|littlemasteraik|1|1380\n|teamsize|p1|6\n|teamsize|p2|6\n|gen|9\n|tier|[Gen 9] VGC 2023 Regulation C\n|rated|\n|rule|Species Clause: Limit one of each Pok\u00e9mon\n|rule|Item Clause: Limit one of each item\n|clearpoke\n|poke|p1|Garchomp, L50, M|\n|poke|p1|Corviknight, L50, F|\n|poke|p1|Flutter Mane, L50|\n|poke|p1|Chi-Yu, L50|\n|poke|p1|Gyarados, L50, M|\n|poke|p1|Amoonguss, L50, M|\n|poke|p2|Talonflame, L50, M|\n|poke|p2|Amoonguss, L50, F|\n|poke|p2|Flutter Mane, L50|\n|poke|p2|Chi-Yu, L50|\n|poke|p2|Iron Bundle, L50|\n|poke|p2|Azumarill, L50, F|\n|teampreview|4\n|inactive|Battle timer is ON: inactive players will automatically lose when time's up. (requested by littlemasteraik)\n|\n|t:|1684130349\n|start\n|switch|p1a: Corviknight|Corviknight, L50, F|100\/100\n|switch|p1b: Gyarados|Gyarados, L50, M|100\/100\n|switch|p2a: Talonflame|Talonflame, L50, M|100\/100\n|switch|p2b: Flutter Mane|Flutter Mane, L50|100\/100\n|-ability|p1b: Gyarados|Intimidate|boost\n|-unboost|p2a: Talonflame|atk|1\n|-unboost|p2b: Flutter Mane|atk|1\n|turn|1\n|\n|t:|1684130373\n|move|p2a: Talonflame|Tailwind|p2a: Talonflame\n|-sidestart|p2: littlemasteraik|move: Tailwind\n|move|p2b: Flutter Mane|Thunderbolt|p1b: Gyarados\n|-supereffective|p1b: Gyarados\n|-damage|p1b: Gyarados|0 fnt\n|faint|p1b: Gyarados\n|move|p1a: Corviknight|Iron Head|p2b: Flutter Mane\n|-supereffective|p2b: Flutter Mane\n|-damage|p2b: Flutter Mane|7\/100\n|\n|upkeep\n|\n|t:|1684130387\n|switch|p1b: Chi-Yu|Chi-Yu, L50|100\/100\n|-ability|p1b: Chi-Yu|Beads of Ruin\n|turn|2\n|\n|t:|1684130407\n|switch|p1a: Garchomp|Garchomp, L50, M|100\/100\n|move|p2a: Talonflame|Brave Bird|p1b: Chi-Yu\n|-damage|p1b: Chi-Yu|66\/100\n|-damage|p2a: Talonflame|92\/100|[from] Recoil\n|move|p2b: Flutter Mane|Thunderbolt|p1a: Garchomp\n|-immune|p1a: Garchomp\n|move|p1b: Chi-Yu|Heat Wave|p2b: Flutter Mane|[spread] p2a,p2b\n|-resisted|p2a: Talonflame\n|-damage|p2a: Talonflame|56\/100\n|-damage|p2b: Flutter Mane|0 fnt\n|faint|p2b: Flutter Mane\n|-end|p2b: Flutter Mane|Protosynthesis|[silent]\n|-damage|p1b: Chi-Yu|57\/100|[from] item: Life Orb\n|\n|upkeep\n|\n|t:|1684130424\n|switch|p2b: Azumarill|Azumarill, L50, F|100\/100\n|turn|3\n|\n|t:|1684130448\n|switch|p1b: Corviknight|Corviknight, L50, F|100\/100\n|move|p1a: Garchomp|Protect|p1a: Garchomp\n|-singleturn|p1a: Garchomp|Protect\n|move|p2a: Talonflame|Will-O-Wisp|p1a: Garchomp\n|-activate|p1a: Garchomp|move: Protect\n|move|p2b: Azumarill|Liquidation|p1b: Corviknight\n|-damage|p1b: Corviknight|62\/100\n|\n|upkeep\n|turn|4\n|\n|t:|1684130468\n|switch|p1a: Chi-Yu|Chi-Yu, L50|57\/100\n|-ability|p1a: Chi-Yu|Beads of Ruin\n|move|p2a: Talonflame|Taunt|p1b: Corviknight\n|-start|p1b: Corviknight|move: Taunt\n|move|p2b: Azumarill|Ice Spinner|p1a: Chi-Yu\n|-resisted|p1a: Chi-Yu\n|-damage|p1a: Chi-Yu|32\/100\n|cant|p1b: Corviknight|move: Taunt|Tailwind\n|\n|-sideend|p2: littlemasteraik|move: Tailwind\n|upkeep\n|turn|5\n|\n|t:|1684130483\n|-terastallize|p1a: Chi-Yu|Grass\n|move|p2b: Azumarill|Aqua Jet|p1a: Chi-Yu\n|-resisted|p1a: Chi-Yu\n|-damage|p1a: Chi-Yu|14\/100\n|move|p2a: Talonflame|Tailwind|p2a: Talonflame\n|-sidestart|p2: littlemasteraik|move: Tailwind\n|move|p1a: Chi-Yu|Tera Blast|p2b: Azumarill\n|-supereffective|p2b: Azumarill\n|-damage|p2b: Azumarill|5\/100\n|-damage|p1a: Chi-Yu|5\/100|[from] item: Life Orb\n|move|p1b: Corviknight|Iron Head|p2b: Azumarill\n|-crit|p2b: Azumarill\n|-damage|p2b: Azumarill|0 fnt\n|faint|p2b: Azumarill\n|\n|upkeep\n|\n|t:|1684130499\n|switch|p2b: Chi-Yu|Chi-Yu, L50|100\/100\n|-ability|p2b: Chi-Yu|Beads of Ruin\n|turn|6\n|inactive|littlemasteraik has 30 seconds left.\n|\n|t:|1684130531\n|move|p2a: Talonflame|Brave Bird|p1a: Chi-Yu\n|-supereffective|p1a: Chi-Yu\n|-damage|p1a: Chi-Yu|0 fnt\n|faint|p1a: Chi-Yu\n|-damage|p2a: Talonflame|55\/100|[from] Recoil\n|move|p2b: Chi-Yu|Heat Wave|p1b: Corviknight\n|-supereffective|p1b: Corviknight\n|-damage|p1b: Corviknight|0 fnt\n|faint|p1b: Corviknight\n|\n|upkeep\n|\n|t:|1684130536\n|switch|p1a: Garchomp|Garchomp, L50, M|100\/100\n|turn|7\n|\n|t:|1684130545\n|-terastallize|p2b: Chi-Yu|Water\n|move|p2a: Talonflame|Will-O-Wisp|p1a: Garchomp\n|-status|p1a: Garchomp|brn\n|move|p2b: Chi-Yu|Nasty Plot|p2b: Chi-Yu\n|-boost|p2b: Chi-Yu|spa|2\n|move|p1a: Garchomp|Earthquake|p2a: Talonflame|[spread] p2b\n|-immune|p2a: Talonflame\n|-damage|p2b: Chi-Yu|80\/100\n|\n|-heal|p2b: Chi-Yu|86\/100|[from] item: Leftovers\n|-damage|p1a: Garchomp|95\/100 brn|[from] brn\n|upkeep\n|turn|8\n|\n|t:|1684130561\n|move|p2a: Talonflame|Taunt|p1a: Garchomp\n|-start|p1a: Garchomp|move: Taunt\n|move|p2b: Chi-Yu|Dark Pulse|p1a: Garchomp\n|-damage|p1a: Garchomp|0 fnt\n|faint|p1a: Garchomp\n|\n|win|littlemasteraik\n|raw|Geradifdorudini's rating: 1315 → 1299<\/strong> (-16 for losing)\n|raw|littlemasteraik's rating: 1380 → 1396<\/strong> (+16 for winning)\n|l|\u2606Geradifdorudini\n","uploadtime":1684130573,"views":11,"p1id":"geradifdorudini","p2id":"littlemasteraik","formatid":"gen9vgc2023regulationc","rating":1299,"private":0,"password":""}