{"id":"gen9vgc2023regulationc-1851314995","p1":"XxgamerthemanxX","p2":"hysaaron","format":"[Gen 9] VGC 2023 Regulation C","log":"|j|\u2606XxgamerthemanxX\n|j|\u2606hysaaron\n|t:|1682435112\n|gametype|doubles\n|player|p1|XxgamerthemanxX|n|1166\n|player|p2|hysaaron|2|1227\n|teamsize|p1|6\n|teamsize|p2|6\n|gen|9\n|tier|[Gen 9] VGC 2023 Regulation C\n|rated|\n|rule|Species Clause: Limit one of each Pok\u00e9mon\n|rule|Item Clause: Limit one of each item\n|clearpoke\n|poke|p1|Ting-Lu, L50|\n|poke|p1|Arcanine, L50, M|\n|poke|p1|Flutter Mane, L50|\n|poke|p1|Amoonguss, L50, M|\n|poke|p1|Palafin, L50, F|\n|poke|p1|Kingambit, L50, M|\n|poke|p2|Talonflame, L50, M|\n|poke|p2|Gholdengo, L50|\n|poke|p2|Great Tusk, L50|\n|poke|p2|Gyarados, L50, M|\n|poke|p2|Amoonguss, L50, F|\n|poke|p2|Ting-Lu, L50|\n|teampreview|4\n|inactive|Battle timer is ON: inactive players will automatically lose when time's up. (requested by hysaaron)\n|inactive|XxgamerthemanxX has 60 seconds left.\n|\n|t:|1682435158\n|start\n|switch|p1a: Palafin|Palafin, L50, F|100\/100\n|switch|p1b: Kingambit|Kingambit, L50, M|100\/100\n|switch|p2a: Talonflame|Talonflame, L50, M, shiny|100\/100\n|switch|p2b: Great Tusk|Great Tusk, L50, shiny|100\/100\n|turn|1\n|inactive|XxgamerthemanxX has 30 seconds left.\n|inactive|hysaaron has 30 seconds left.\n|inactive|hysaaron has 20 seconds left.\n|inactive|hysaaron has 15 seconds left.\n|inactive|hysaaron has 10 seconds left.\n|\n|t:|1682435205\n|move|p1b: Kingambit|Protect|p1b: Kingambit\n|-singleturn|p1b: Kingambit|Protect\n|move|p1a: Palafin|Jet Punch|p2a: Talonflame\n|-supereffective|p2a: Talonflame\n|-damage|p2a: Talonflame|25\/100\n|move|p2b: Great Tusk|Earthquake|p1b: Kingambit|[spread] p1a\n|-activate|p1b: Kingambit|move: Protect\n|-immune|p2a: Talonflame\n|-damage|p1a: Palafin|54\/100\n|move|p2a: Talonflame|Will-O-Wisp|p1b: Kingambit\n|-activate|p1b: Kingambit|move: Protect\n|\n|upkeep\n|turn|2\n|inactive|hysaaron has 30 seconds left.\n|inactive|hysaaron has 20 seconds left.\n|inactive|hysaaron has 15 seconds left.\n|inactive|hysaaron has 10 seconds left.\n|\n|t:|1682435251\n|switch|p2a: Gyarados|Gyarados, L50, M, shiny|100\/100\n|-ability|p2a: Gyarados|Intimidate|boost\n|-unboost|p1a: Palafin|atk|1\n|-unboost|p1b: Kingambit|atk|1\n|-ability|p1b: Kingambit|Defiant|boost\n|-boost|p1b: Kingambit|atk|2\n|switch|p1b: Flutter Mane|Flutter Mane, L50|100\/100\n|-enditem|p1b: Flutter Mane|Booster Energy\n|-activate|p1b: Flutter Mane|ability: Protosynthesis|[fromitem]\n|-start|p1b: Flutter Mane|protosynthesisspa\n|move|p1a: Palafin|Jet Punch|p2a: Gyarados\n|-resisted|p2a: Gyarados\n|-damage|p2a: Gyarados|90\/100\n|move|p2b: Great Tusk|Earthquake|p1b: Flutter Mane|[spread] p1a,p1b\n|-immune|p2a: Gyarados\n|-damage|p1a: Palafin|3\/100\n|-damage|p1b: Flutter Mane|23\/100\n|\n|upkeep\n|turn|3\n|inactive|hysaaron has 30 seconds left.\n|inactive|hysaaron has 20 seconds left.\n|\n|t:|1682435288\n|-terastallize|p2b: Great Tusk|Fire\n|move|p1a: Palafin|Jet Punch|p2b: Great Tusk\n|-supereffective|p2b: Great Tusk\n|-damage|p2b: Great Tusk|72\/100\n|move|p2b: Great Tusk|Earthquake|p1b: Flutter Mane|[spread] p1a,p1b\n|-immune|p2a: Gyarados\n|-crit|p1b: Flutter Mane\n|-damage|p1a: Palafin|0 fnt\n|-damage|p1b: Flutter Mane|0 fnt\n|faint|p1a: Palafin\n|faint|p1b: Flutter Mane\n|-end|p1b: Flutter Mane|Protosynthesis|[silent]\n|move|p2a: Gyarados|Iron Head|p1: Palafin|[notarget]\n|-fail|p2a: Gyarados\n|\n|upkeep\n|\n|t:|1682435297\n|switch|p1b: Arcanine|Arcanine, L50, M|100\/100\n|switch|p1a: Kingambit|Kingambit, L50, M|100\/100\n|-ability|p1b: Arcanine|Intimidate|boost\n|-unboost|p2a: Gyarados|atk|1\n|-unboost|p2b: Great Tusk|atk|1\n|turn|4\n|\n|t:|1682435321\n|-end|p2b: Great Tusk|Protosynthesis|[silent]\n|switch|p2b: Ting-Lu|Ting-Lu, L50|100\/100\n|-ability|p2b: Ting-Lu|Vessel of Ruin\n|-terastallize|p1a: Kingambit|Dark\n|move|p2a: Gyarados|Waterfall|p1b: Arcanine\n|-supereffective|p1b: Arcanine\n|-crit|p1b: Arcanine\n|-damage|p1b: Arcanine|2\/100\n|move|p1b: Arcanine|Will-O-Wisp|p2a: Gyarados\n|-status|p2a: Gyarados|brn\n|move|p1a: Kingambit|Swords Dance|p1a: Kingambit\n|-boost|p1a: Kingambit|atk|2\n|\n|-damage|p2a: Gyarados|84\/100 brn|[from] brn\n|upkeep\n|turn|5\n|inactive|XxgamerthemanxX has 30 seconds left.\n|inactive|hysaaron has 30 seconds left.\n|inactive|hysaaron has 20 seconds left.\n|inactive|hysaaron has 15 seconds left.\n|inactive|hysaaron has 10 seconds left.\n|\n|t:|1682435369\n|switch|p2b: Talonflame|Talonflame, L50, M, shiny|25\/100\n|move|p1b: Arcanine|Extreme Speed|p2a: Gyarados\n|-damage|p2a: Gyarados|61\/100 brn\n|move|p2a: Gyarados|Waterfall|p1a: Kingambit\n|-damage|p1a: Kingambit|93\/100\n|move|p1a: Kingambit|Kowtow Cleave|p2b: Talonflame\n|-damage|p2b: Talonflame|0 fnt\n|faint|p2b: Talonflame\n|\n|-damage|p2a: Gyarados|55\/100 brn|[from] brn\n|upkeep\n|\n|t:|1682435384\n|switch|p2b: Great Tusk|Great Tusk, L50, shiny, tera:Fire|72\/100\n|turn|6\n|\n|t:|1682435401\n|move|p1b: Arcanine|Extreme Speed|p2b: Great Tusk\n|-damage|p2b: Great Tusk|57\/100\n|move|p2b: Great Tusk|Earthquake|p1a: Kingambit|[spread] p1a,p1b\n|-immune|p2a: Gyarados\n|-supereffective|p1b: Arcanine\n|-damage|p1a: Kingambit|58\/100\n|-damage|p1b: Arcanine|0 fnt\n|faint|p1b: Arcanine\n|move|p2a: Gyarados|Waterfall|p1a: Kingambit\n|-damage|p1a: Kingambit|49\/100\n|move|p1a: Kingambit|Kowtow Cleave|p2b: Great Tusk\n|-damage|p2b: Great Tusk|0 fnt\n|faint|p2b: Great Tusk\n|-end|p2b: Great Tusk|Protosynthesis|[silent]\n|\n|-damage|p2a: Gyarados|49\/100 brn|[from] brn\n|upkeep\n|-enditem|p2a: Gyarados|Sitrus Berry|[eat]\n|-heal|p2a: Gyarados|74\/100 brn|[from] item: Sitrus Berry\n|\n|t:|1682435421\n|switch|p2b: Ting-Lu|Ting-Lu, L50|100\/100\n|-ability|p2b: Ting-Lu|Vessel of Ruin\n|turn|7\n|\n|t:|1682435442\n|move|p1a: Kingambit|Sucker Punch||[still]\n|-fail|p1a: Kingambit\n|move|p2a: Gyarados|Thunder Wave|p1a: Kingambit\n|-status|p1a: Kingambit|par\n|move|p2b: Ting-Lu|Ruination|p1a: Kingambit\n|-damage|p1a: Kingambit|25\/100 par\n|\n|-damage|p2a: Gyarados|68\/100 brn|[from] brn\n|upkeep\n|turn|8\n|\n|t:|1682435462\n|move|p2a: Gyarados|Waterfall|p1a: Kingambit\n|-damage|p1a: Kingambit|16\/100 par\n|move|p2b: Ting-Lu|Stomping Tantrum|p1a: Kingambit\n|-damage|p1a: Kingambit|0 fnt\n|faint|p1a: Kingambit\n|\n|win|hysaaron\n|raw|XxgamerthemanxX's rating: 1166 → 1145<\/strong> (-21 for losing)\n|raw|hysaaron's rating: 1227 → 1248<\/strong> (+21 for winning)\n|l|\u2606XxgamerthemanxX\n","uploadtime":1682435487,"views":12,"p1id":"xxgamerthemanxx","p2id":"hysaaron","formatid":"gen9vgc2023regulationc","rating":1145,"private":0,"password":""}