{"id":"gen9vgc2023regulationc-1856964465","p1":"Sunset Radiance","p2":"NicoHaxVGC","format":"[Gen 9] VGC 2023 Regulation C","log":"|j|\u2606Sunset Radiance\n|j|\u2606NicoHaxVGC\n|t:|1683131203\n|gametype|doubles\n|player|p1|Sunset Radiance|bellelba|1120\n|player|p2|NicoHaxVGC|red|1220\n|teamsize|p1|6\n|teamsize|p2|6\n|gen|9\n|tier|[Gen 9] VGC 2023 Regulation C\n|rated|\n|rule|Species Clause: Limit one of each Pok\u00e9mon\n|rule|Item Clause: Limit one of each item\n|clearpoke\n|poke|p1|Glimmora, L50, F|\n|poke|p1|Wo-Chien, L50|\n|poke|p1|Flutter Mane, L50|\n|poke|p1|Volcarona, L50, M|\n|poke|p1|Iron Bundle, L50|\n|poke|p1|Kingambit, L50, M|\n|poke|p2|Corviknight, L50, F|\n|poke|p2|Ting-Lu, L50|\n|poke|p2|Annihilape, L50, M|\n|poke|p2|Maushold, L50|\n|poke|p2|Iron Bundle, L50|\n|poke|p2|Flutter Mane, L50|\n|teampreview|4\n|inactive|Battle timer is ON: inactive players will automatically lose when time's up. (requested by NicoHaxVGC)\nNicoHaxVGC has agreed to open team sheets.\n|inactive|Sunset Radiance has 60 seconds left.\n|inactive|NicoHaxVGC has 60 seconds left.\n|\n|t:|1683131240\n|start\n|switch|p1a: Fluttershy|Flutter Mane, L50|100\/100\n|switch|p1b: Volcarona|Volcarona, L50, M, shiny|100\/100\n|switch|p2a: Cyborg|Iron Bundle, L50|100\/100\n|switch|p2b: Star fire|Flutter Mane, L50|100\/100\n|-enditem|p1a: Fluttershy|Booster Energy\n|-activate|p1a: Fluttershy|ability: Protosynthesis|[fromitem]\n|-start|p1a: Fluttershy|protosynthesisspe\n|turn|1\n|inactive|Sunset Radiance has 30 seconds left.\n|\n|t:|1683131275\n|-terastallize|p2b: Star fire|Fairy\n|-terastallize|p1b: Volcarona|Grass\n|move|p1a: Fluttershy|Shadow Ball|p2b: Star fire\n|-damage|p2b: Star fire|64\/100\n|move|p2a: Cyborg|Icy Wind|p1a: Fluttershy|[spread] p1a,p1b\n|-supereffective|p1b: Volcarona\n|-damage|p1a: Fluttershy|79\/100\n|-damage|p1b: Volcarona|62\/100\n|-unboost|p1a: Fluttershy|spe|1\n|-unboost|p1b: Volcarona|spe|1\n|move|p2b: Star fire|Shadow Ball|p1b: Volcarona\n|-damage|p1b: Volcarona|3\/100\n|move|p1b: Volcarona|Giga Drain|p2a: Cyborg\n|-supereffective|p2a: Cyborg\n|-enditem|p2a: Cyborg|Focus Sash\n|-damage|p2a: Cyborg|1\/100\n|-heal|p1b: Volcarona|40\/100|[from] drain|[of] p2a: Cyborg\n|\n|upkeep\n|turn|2\n|inactive|NicoHaxVGC has 30 seconds left.\n|\n|t:|1683131309\n|move|p2a: Cyborg|Icy Wind|p1a: Fluttershy|[spread] p1a,p1b\n|-supereffective|p1b: Volcarona\n|-damage|p1a: Fluttershy|57\/100\n|-damage|p1b: Volcarona|2\/100\n|-unboost|p1a: Fluttershy|spe|1\n|-unboost|p1b: Volcarona|spe|1\n|move|p2b: Star fire|Shadow Ball|p1a: Fluttershy\n|-supereffective|p1a: Fluttershy\n|-damage|p1a: Fluttershy|0 fnt\n|faint|p1a: Fluttershy\n|-end|p1a: Fluttershy|Protosynthesis|[silent]\n|move|p1b: Volcarona|Giga Drain|p2a: Cyborg\n|-supereffective|p2a: Cyborg\n|-damage|p2a: Cyborg|0 fnt\n|-heal|p1b: Volcarona|2\/100|[from] drain|[of] p2a: Cyborg\n|faint|p2a: Cyborg\n|-end|p2a: Cyborg|Quark Drive|[silent]\n|\n|upkeep\n|inactive|Sunset Radiance has 30 seconds left.\n|inactive|NicoHaxVGC has 30 seconds left.\n|inactive|Sunset Radiance has 20 seconds left.\n|\n|t:|1683131347\n|switch|p2a: Robin|Annihilape, L50, M|100\/100\n|switch|p1a: Iron Bundle|Iron Bundle, L50|100\/100\n|turn|3\n|\n|t:|1683131369\n|move|p1a: Iron Bundle|Freeze-Dry|p2a: Robin\n|-damage|p2a: Robin|69\/100\n|move|p2b: Star fire|Shadow Ball|p1a: Iron Bundle\n|-damage|p1a: Iron Bundle|0 fnt\n|faint|p1a: Iron Bundle\n|-end|p1a: Iron Bundle|Quark Drive|[silent]\n|move|p2a: Robin|Drain Punch|p1b: Volcarona\n|-damage|p1b: Volcarona|0 fnt\n|-heal|p2a: Robin|70\/100|[from] drain|[of] p1b: Volcarona\n|-damage|p2a: Robin|53\/100|[from] item: Rocky Helmet|[of] p1b: Volcarona\n|faint|p1b: Volcarona\n|\n|-heal|p2a: Robin|60\/100|[from] item: Leftovers\n|upkeep\n|\n|t:|1683131379\n|switch|p1b: Live Reaction|Wo-Chien, L50|100\/100\n|-ability|p1b: Live Reaction|Tablets of Ruin\n|turn|4\n|\n|t:|1683131390\n|-end|p2b: Star fire|Protosynthesis|[silent]\n|switch|p2b: Beast boy|Ting-Lu, L50|100\/100\n|-ability|p2b: Beast boy|Vessel of Ruin\n|move|p2a: Robin|Protect|p2a: Robin\n|-singleturn|p2a: Robin|Protect\n|move|p1b: Live Reaction|Leech Seed|p2b: Beast boy\n|-start|p2b: Beast boy|move: Leech Seed\n|\n|-heal|p2a: Robin|66\/100|[from] item: Leftovers\n|-damage|p2b: Beast boy|88\/100|[from] Leech Seed|[of] p1b: Live Reaction\n|upkeep\n|turn|5\n|\n|t:|1683131406\n|move|p2a: Robin|Bulk Up|p2a: Robin\n|-boost|p2a: Robin|atk|1\n|-boost|p2a: Robin|def|1\n|move|p1b: Live Reaction|Leech Seed|p2a: Robin\n|-start|p2a: Robin|move: Leech Seed\n|move|p2b: Beast boy|Ruination|p1b: Live Reaction\n|-damage|p1b: Live Reaction|50\/100\n|\n|-heal|p2a: Robin|72\/100|[from] item: Leftovers\n|-heal|p1b: Live Reaction|57\/100|[from] item: Leftovers\n|-damage|p2a: Robin|60\/100|[from] Leech Seed|[of] p1b: Live Reaction\n|-heal|p1b: Live Reaction|70\/100|[silent]\n|-damage|p2b: Beast boy|76\/100|[from] Leech Seed|[of] p1b: Live Reaction\n|-heal|p1b: Live Reaction|85\/100|[silent]\n|upkeep\n|turn|6\n|\n|t:|1683131421\n|switch|p2b: Star fire|Flutter Mane, L50, tera:Fairy|64\/100\n|move|p1b: Live Reaction|Protect|p1b: Live Reaction\n|-singleturn|p1b: Live Reaction|Protect\n|move|p2a: Robin|Bulk Up|p2a: Robin\n|-boost|p2a: Robin|atk|1\n|-boost|p2a: Robin|def|1\n|\n|-heal|p2a: Robin|66\/100|[from] item: Leftovers\n|-heal|p1b: Live Reaction|92\/100|[from] item: Leftovers\n|-damage|p2a: Robin|53\/100|[from] Leech Seed|[of] p1b: Live Reaction\n|-heal|p1b: Live Reaction|100\/100|[silent]\n|upkeep\n|turn|7\n|\n|t:|1683131431\n|move|p2b: Star fire|Moonblast|p1b: Live Reaction\n|-supereffective|p1b: Live Reaction\n|-damage|p1b: Live Reaction|0 fnt\n|faint|p1b: Live Reaction\n|\n|win|NicoHaxVGC\n|raw|Sunset Radiance's rating: 1120 → 1102<\/strong> (-18 for losing)\n|raw|NicoHaxVGC's rating: 1220 → 1238<\/strong> (+18 for winning)\n|l|\u2606Sunset Radiance\n","uploadtime":1683131467,"views":21,"p1id":"sunsetradiance","p2id":"nicohaxvgc","formatid":"gen9vgc2023regulationc","rating":1102,"private":0,"password":""}