{"id":"gen9vgc2023regulationc-1845783833","p1":"MightyMudsdale","p2":"Chaotic Raos","format":"[Gen 9] VGC 2023 Regulation C","log":"|j|\u2606MightyMudsdale\n|j|\u2606Chaotic Raos\n|t:|1681764209\n|gametype|doubles\n|player|p1|MightyMudsdale|nessa-masters|1401\n|player|p2|Chaotic Raos|bellelba|1367\n|teamsize|p1|5\n|teamsize|p2|6\n|gen|9\n|tier|[Gen 9] VGC 2023 Regulation C\n|rated|\n|rule|Species Clause: Limit one of each Pok\u00e9mon\n|rule|Item Clause: Limit one of each item\n|clearpoke\n|poke|p1|Flutter Mane, L50|\n|poke|p1|Baxcalibur, L50, F|\n|poke|p1|Gastrodon-East, L50, M|\n|poke|p1|Ting-Lu, L50|\n|poke|p1|Talonflame, L50, M|\n|poke|p2|Iron Moth, L50|\n|poke|p2|Florges, L50, F|\n|poke|p2|Talonflame, L50, M|\n|poke|p2|Azumarill, L50, F|\n|poke|p2|Garchomp, L50, F|\n|poke|p2|Iron Hands, L50|\n|teampreview|4\n|c|\u2606MightyMudsdale|gl hf\nMightyMudsdale has agreed to open team sheets.\nChaotic Raos has agreed to open team sheets.\n|\n|t:|1681764295\n|start\n|switch|p1a: MAXIMUM BIRD|Talonflame, L50, M|100\/100\n|switch|p1b: Hairspray|Flutter Mane, L50|100\/100\n|switch|p2a: Silver Wing|Iron Moth, L50, shiny|100\/100\n|switch|p2b: Iron Petals|Florges, L50, F|100\/100\n|-enditem|p1b: Hairspray|Booster Energy\n|-activate|p1b: Hairspray|ability: Protosynthesis|[fromitem]\n|-start|p1b: Hairspray|protosynthesisspa\n|-enditem|p2a: Silver Wing|Booster Energy\n|-activate|p2b: Iron Petals|ability: Symbiosis|Life Orb|[of] p2a: Silver Wing\n|-activate|p2a: Silver Wing|ability: Quark Drive|[fromitem]\n|-start|p2a: Silver Wing|quarkdrivespa\n|turn|1\n|\n|t:|1681764317\n|move|p1b: Hairspray|Protect|p1b: Hairspray\n|-singleturn|p1b: Hairspray|Protect\n|move|p2a: Silver Wing|Protect|p2a: Silver Wing\n|-singleturn|p2a: Silver Wing|Protect\n|move|p1a: MAXIMUM BIRD|Brave Bird|p2a: Silver Wing\n|-activate|p2a: Silver Wing|move: Protect\n|move|p2b: Iron Petals|Chilling Water|p1a: MAXIMUM BIRD\n|-supereffective|p1a: MAXIMUM BIRD\n|-damage|p1a: MAXIMUM BIRD|61\/100\n|-unboost|p1a: MAXIMUM BIRD|atk|1\n|\n|upkeep\n|turn|2\n|\n|t:|1681764349\n|-end|p1b: Hairspray|Protosynthesis|[silent]\n|switch|p1b: Aroostook|Ting-Lu, L50|100\/100\n|-ability|p1b: Aroostook|Vessel of Ruin\n|-terastallize|p2b: Iron Petals|Steel\n|move|p2b: Iron Petals|Helping Hand|p2a: Silver Wing\n|-singleturn|p2a: Silver Wing|Helping Hand|[of] p2b: Iron Petals\n|move|p1a: MAXIMUM BIRD|Brave Bird|p2a: Silver Wing\n|-damage|p2a: Silver Wing|23\/100\n|-damage|p1a: MAXIMUM BIRD|34\/100|[from] Recoil\n|-damage|p1a: MAXIMUM BIRD|24\/100|[from] item: Life Orb\n|move|p2a: Silver Wing|Sludge Wave|p1a: MAXIMUM BIRD|[spread] p1a,p1b\n|-immune|p2b: Iron Petals\n|-resisted|p1b: Aroostook\n|-damage|p1a: MAXIMUM BIRD|0 fnt\n|-damage|p1b: Aroostook|77\/100\n|faint|p1a: MAXIMUM BIRD\n|-damage|p2a: Silver Wing|13\/100|[from] item: Life Orb\n|\n|upkeep\n|\n|t:|1681764367\n|switch|p1a: Squishy|Gastrodon-East, L50, M|100\/100\n|turn|3\n|\n|t:|1681764380\n|-terastallize|p1a: Squishy|Fire\n|move|p2a: Silver Wing|Protect|p2a: Silver Wing\n|-singleturn|p2a: Silver Wing|Protect\n|move|p2b: Iron Petals|Chilling Water|p1a: Squishy\n|-activate|p1a: Squishy|ability: Storm Drain\n|-ability|p1a: Squishy|Storm Drain|boost\n|-boost|p1a: Squishy|spa|1\n|move|p1a: Squishy|Earth Power|p2a: Silver Wing\n|-activate|p2a: Silver Wing|move: Protect\n|move|p1b: Aroostook|Stomping Tantrum|p2b: Iron Petals\n|-supereffective|p2b: Iron Petals\n|-damage|p2b: Iron Petals|44\/100\n|\n|upkeep\n|turn|4\n|\n|t:|1681764394\n|move|p2b: Iron Petals|Helping Hand|p2a: Silver Wing\n|-singleturn|p2a: Silver Wing|Helping Hand|[of] p2b: Iron Petals\n|move|p2a: Silver Wing|Sludge Wave|p1b: Aroostook|[spread] p1a,p1b\n|-immune|p2b: Iron Petals\n|-resisted|p1b: Aroostook\n|-damage|p1a: Squishy|25\/100\n|-damage|p1b: Aroostook|56\/100\n|-damage|p2a: Silver Wing|4\/100|[from] item: Life Orb\n|move|p1a: Squishy|Earth Power|p2a: Silver Wing\n|-supereffective|p2a: Silver Wing\n|-crit|p2a: Silver Wing\n|-damage|p2a: Silver Wing|0 fnt\n|faint|p2a: Silver Wing\n|-end|p2a: Silver Wing|Quark Drive|[silent]\n|move|p1b: Aroostook|Stomping Tantrum|p2b: Iron Petals\n|-supereffective|p2b: Iron Petals\n|-damage|p2b: Iron Petals|0 fnt\n|faint|p2b: Iron Petals\n|\n|upkeep\n|\n|t:|1681764408\n|switch|p2a: Iron Hands|Iron Hands, L50|100\/100\n|switch|p2b: Raid Champion|Azumarill, L50, F|100\/100\n|turn|5\n|\n|t:|1681764427\n|switch|p1b: Hairspray|Flutter Mane, L50|100\/100\n|move|p2a: Iron Hands|Fake Out|p1a: Squishy\n|-damage|p1a: Squishy|12\/100\n|move|p2b: Raid Champion|Play Rough|p1b: Hairspray\n|-damage|p1b: Hairspray|26\/100\n|move|p1a: Squishy|Recover|p1a: Squishy\n|-heal|p1a: Squishy|63\/100\n|\n|upkeep\n|turn|6\n|\n|t:|1681764446\n|move|p1b: Hairspray|Moonblast|p2a: Iron Hands\n|-supereffective|p2a: Iron Hands\n|-damage|p2a: Iron Hands|9\/100\n|-enditem|p2a: Iron Hands|Sitrus Berry|[eat]\n|-heal|p2a: Iron Hands|33\/100|[from] item: Sitrus Berry\n|move|p2b: Raid Champion|Ice Spinner|p1b: Hairspray\n|-damage|p1b: Hairspray|0 fnt\n|faint|p1b: Hairspray\n|-end|p1b: Hairspray|Protosynthesis|[silent]\n|move|p2a: Iron Hands|Swords Dance|p2a: Iron Hands\n|-boost|p2a: Iron Hands|atk|2\n|move|p1a: Squishy|Earth Power|p2a: Iron Hands\n|-supereffective|p2a: Iron Hands\n|-damage|p2a: Iron Hands|0 fnt\n|faint|p2a: Iron Hands\n|-end|p2a: Iron Hands|Quark Drive|[silent]\n|\n|upkeep\n|\n|t:|1681764454\n|switch|p1b: Aroostook|Ting-Lu, L50|56\/100\n|-ability|p1b: Aroostook|Vessel of Ruin\n|turn|7\n|\n|t:|1681764463\n|move|p2b: Raid Champion|Play Rough|p1a: Squishy\n|-resisted|p1a: Squishy\n|-damage|p1a: Squishy|38\/100\n|move|p1a: Squishy|Earth Power|p2b: Raid Champion\n|-damage|p2b: Raid Champion|77\/100\n|-unboost|p2b: Raid Champion|spd|1\n|move|p1b: Aroostook|Fissure|p2b: Raid Champion|[miss]\n|-miss|p1b: Aroostook|p2b: Raid Champion\n|\n|upkeep\n|turn|8\n|\n|t:|1681764476\n|move|p2b: Raid Champion|Play Rough|p1b: Aroostook\n|-supereffective|p1b: Aroostook\n|-damage|p1b: Aroostook|0 fnt\n|faint|p1b: Aroostook\n|move|p1a: Squishy|Recover|p1a: Squishy\n|-heal|p1a: Squishy|89\/100\n|\n|upkeep\n|turn|9\n|\n|t:|1681764483\n|move|p2b: Raid Champion|Play Rough|p1a: Squishy\n|-resisted|p1a: Squishy\n|-damage|p1a: Squishy|67\/100\n|move|p1a: Squishy|Earth Power|p2b: Raid Champion\n|-damage|p2b: Raid Champion|29\/100\n|\n|upkeep\n|turn|10\n|\n|t:|1681764491\n|move|p2b: Raid Champion|Play Rough|p1a: Squishy\n|-resisted|p1a: Squishy\n|-damage|p1a: Squishy|44\/100\n|move|p1a: Squishy|Earth Power|p2b: Raid Champion\n|-damage|p2b: Raid Champion|0 fnt\n|faint|p2b: Raid Champion\n|\n|win|MightyMudsdale\n|raw|MightyMudsdale's rating: 1401 → 1419<\/strong> (+18 for winning)\n|raw|Chaotic Raos's rating: 1367 → 1349<\/strong> (-18 for losing)\n|c|\u2606MightyMudsdale|gg\n|c|\u2606Chaotic Raos|gg\n","uploadtime":1681764509,"views":7,"p1id":"mightymudsdale","p2id":"chaoticraos","formatid":"gen9vgc2023regulationc","rating":1349,"private":0,"password":""}