{"id":"gen9vgc2023regulationc-1861774832","p1":"Belluomo00","p2":"revocolombia","format":"[Gen 9] VGC 2023 Regulation C","log":"|j|\u2606Belluomo00\n|j|\u2606revocolombia\n|t:|1683807259\n|gametype|doubles\n|player|p1|Belluomo00|170|1332\n|player|p2|revocolombia|pokemonranger-gen4|1371\n|teamsize|p1|6\n|teamsize|p2|6\n|gen|9\n|tier|[Gen 9] VGC 2023 Regulation C\n|rated|\n|rule|Species Clause: Limit one of each Pok\u00e9mon\n|rule|Item Clause: Limit one of each item\n|clearpoke\n|poke|p1|Stantler, L50, F|\n|poke|p1|Wigglytuff, L50, M|\n|poke|p1|Torkoal, L50, F|\n|poke|p1|Hariyama, L50, F|\n|poke|p1|Chien-Pao, L50|\n|poke|p1|Dragonite, L50, F|\n|poke|p2|Flutter Mane, L50|\n|poke|p2|Great Tusk, L50|\n|poke|p2|Gholdengo, L50|\n|poke|p2|Chien-Pao, L50|\n|poke|p2|Murkrow, L50, F|\n|poke|p2|Baxcalibur, L50, M|\n|teampreview|4\n|inactive|Battle timer is ON: inactive players will automatically lose when time's up. (requested by Belluomo00)\n|inactive|Belluomo00 has 60 seconds left.\n|\n|t:|1683807304\n|start\n|switch|p1a: Stantler|Stantler, L50, F|100\/100\n|switch|p1b: Wigglytuff|Wigglytuff, L50, M|100\/100\n|switch|p2a: Murkrow|Murkrow, L50, F|100\/100\n|switch|p2b: Great Tusk|Great Tusk, L50|100\/100\n|-ability|p1a: Stantler|Intimidate|boost\n|-unboost|p2a: Murkrow|atk|1\n|-fail|p2b: Great Tusk|unboost|[from] item: Clear Amulet|[of] p2b: Great Tusk\n|turn|1\n|\n|t:|1683807325\n|move|p1b: Wigglytuff|Protect|p1b: Wigglytuff\n|-singleturn|p1b: Wigglytuff|Protect\n|move|p2a: Murkrow|Taunt|p1a: Stantler\n|-start|p1a: Stantler|move: Taunt\n|move|p2b: Great Tusk|Earthquake|p1a: Stantler|[spread] p1a\n|-activate|p1b: Wigglytuff|move: Protect\n|-immune|p2a: Murkrow\n|-damage|p1a: Stantler|70\/100\n|cant|p1a: Stantler|move: Taunt|Skill Swap\n|\n|upkeep\n|turn|2\n|\n|t:|1683807348\n|switch|p1a: Hariyama|Hariyama, L50, F|100\/100\n|move|p2a: Murkrow|Sunny Day|p2a: Murkrow\n|-weather|SunnyDay\n|-activate|p2b: Great Tusk|ability: Protosynthesis\n|-start|p2b: Great Tusk|protosynthesisatk\n|move|p2b: Great Tusk|Earthquake|p1a: Hariyama|[spread] p1a,p1b\n|-immune|p2a: Murkrow\n|-damage|p1a: Hariyama|42\/100\n|-damage|p1b: Wigglytuff|30\/100\n|move|p1b: Wigglytuff|Dazzling Gleam|p2b: Great Tusk|[spread] p2a,p2b\n|-supereffective|p2a: Murkrow\n|-supereffective|p2b: Great Tusk\n|-damage|p2a: Murkrow|30\/100\n|-damage|p2b: Great Tusk|12\/100\n|-damage|p1b: Wigglytuff|20\/100|[from] item: Life Orb\n|\n|-weather|SunnyDay|[upkeep]\n|-status|p1a: Hariyama|brn|[from] item: Flame Orb\n|upkeep\n|turn|3\n|inactive|revocolombia has 30 seconds left.\n|\n|t:|1683807377\n|move|p1a: Hariyama|Fake Out|p2b: Great Tusk\n|-damage|p2b: Great Tusk|0 fnt\n|faint|p2b: Great Tusk\n|-end|p2b: Great Tusk|Protosynthesis|[silent]\n|move|p2a: Murkrow|Sunny Day||[still]\n|-fail|p2a: Murkrow\n|move|p1b: Wigglytuff|Dazzling Gleam|p2a: Murkrow\n|-supereffective|p2a: Murkrow\n|-crit|p2a: Murkrow\n|-damage|p2a: Murkrow|0 fnt\n|faint|p2a: Murkrow\n|-damage|p1b: Wigglytuff|10\/100|[from] item: Life Orb\n|\n|-weather|SunnyDay|[upkeep]\n|-damage|p1a: Hariyama|36\/100 brn|[from] brn\n|upkeep\n|\n|t:|1683807394\n|switch|p2b: Chien-Pao|Chien-Pao, L50|100\/100\n|switch|p2a: Baxcalibur|Baxcalibur, L50, M|100\/100\n|-ability|p2b: Chien-Pao|Sword of Ruin\n|turn|4\n|\n|t:|1683807413\n|move|p2b: Chien-Pao|Ice Shard|p1b: Wigglytuff\n|-damage|p1b: Wigglytuff|0 fnt\n|faint|p1b: Wigglytuff\n|move|p2a: Baxcalibur|Ice Shard|p1a: Hariyama\n|-damage|p1a: Hariyama|0 fnt\n|faint|p1a: Hariyama\n|-damage|p2a: Baxcalibur|90\/100|[from] item: Life Orb\n|\n|-weather|SunnyDay|[upkeep]\n|upkeep\n|\n|t:|1683807420\n|switch|p1a: Stantler|Stantler, L50, F|70\/100\n|switch|p1b: Chien-Pao|Chien-Pao, L50|100\/100\n|-ability|p1b: Chien-Pao|Sword of Ruin\n|-ability|p1a: Stantler|Intimidate|boost\n|-unboost|p2a: Baxcalibur|atk|1\n|-unboost|p2b: Chien-Pao|atk|1\n|turn|5\n|inactive|revocolombia has 30 seconds left.\n|\n|t:|1683807449\n|move|p1b: Chien-Pao|Protect|p1b: Chien-Pao\n|-singleturn|p1b: Chien-Pao|Protect\n|move|p2b: Chien-Pao|Sacred Sword|p1b: Chien-Pao\n|-activate|p1b: Chien-Pao|move: Protect\n|move|p2a: Baxcalibur|Glaive Rush|p1a: Stantler\n|-damage|p1a: Stantler|0 fnt\n|-singlemove|p2a: Baxcalibur|Glaive Rush|[silent]\n|faint|p1a: Stantler\n|-damage|p2a: Baxcalibur|80\/100|[from] item: Life Orb\n|\n|-weather|SunnyDay|[upkeep]\n|upkeep\n|turn|6\n|\n|t:|1683807467\n|-terastallize|p1b: Chien-Pao|Ghost\n|move|p2a: Baxcalibur|Protect|p2a: Baxcalibur\n|-singleturn|p2a: Baxcalibur|Protect\n|move|p1b: Chien-Pao|Sacred Sword|p2b: Chien-Pao\n|-supereffective|p2b: Chien-Pao\n|-enditem|p2b: Chien-Pao|Focus Sash\n|-damage|p2b: Chien-Pao|1\/100\n|move|p2b: Chien-Pao|Sacred Sword|p1b: Chien-Pao\n|-immune|p1b: Chien-Pao\n|\n|-weather|none\n|upkeep\n|turn|7\n|\n|t:|1683807485\n|move|p2b: Chien-Pao|Ice Shard|p1b: Chien-Pao\n|-damage|p1b: Chien-Pao|81\/100\n|move|p1b: Chien-Pao|Sacred Sword|p2a: Baxcalibur\n|-supereffective|p2a: Baxcalibur\n|-damage|p2a: Baxcalibur|0 fnt\n|faint|p2a: Baxcalibur\n|\n|upkeep\n|turn|8\n|inactive|revocolombia has 30 seconds left.\n|\n|t:|1683807511\n|move|p1b: Chien-Pao|Sucker Punch|p2b: Chien-Pao\n|-resisted|p2b: Chien-Pao\n|-damage|p2b: Chien-Pao|0 fnt\n|faint|p2b: Chien-Pao\n|\n|win|Belluomo00\n|raw|Belluomo00's rating: 1332 → 1354<\/strong> (+22 for winning)\n|raw|revocolombia's rating: 1371 → 1349<\/strong> (-22 for losing)\n|l|\u2606Belluomo00\n|l|\u2606revocolombia\n|j|\u2606revocolombia\n|player|p2|revocolombia|pokemonranger-gen4\n","uploadtime":1683807962,"views":18,"p1id":"belluomo00","p2id":"revocolombia","formatid":"gen9vgc2023regulationc","rating":1349,"private":0,"password":""}