{"id":"gen9vgc2023regulationc-1848336843","p1":"Reloadset","p2":"Umbrakd","format":"[Gen 9] VGC 2023 Regulation C","log":"|j|\u2606Reloadset\n|j|\u2606Umbrakd\n|t:|1682062764\n|gametype|doubles\n|player|p1|Reloadset|266|1000\n|player|p2|Umbrakd|palmer|1000\n|teamsize|p1|6\n|teamsize|p2|6\n|gen|9\n|tier|[Gen 9] VGC 2023 Regulation C\n|rated|\n|rule|Species Clause: Limit one of each Pok\u00e9mon\n|rule|Item Clause: Limit one of each item\n|clearpoke\n|poke|p1|Meowscarada, L50, F|\n|poke|p1|Iron Bundle, L50|\n|poke|p1|Abomasnow, L50, M|\n|poke|p1|Cetitan, L50, M|\n|poke|p1|Chi-Yu, L50|\n|poke|p1|Garganacl, L50, M|\n|poke|p2|Cloyster, L50, F|\n|poke|p2|Heracross, L50, M|\n|poke|p2|Farigiraf, L50, M|\n|poke|p2|Roaring Moon, L50|\n|poke|p2|Dudunsparce-*, L50, M|\n|poke|p2|Arcanine, L50, F|\n|teampreview|4\n|\n|t:|1682062789\n|start\n|switch|p1a: Cetitan|Cetitan, L50, M|100\/100\n|switch|p1b: Abomasnow|Abomasnow, L50, M|100\/100\n|switch|p2a: Farigiraf|Farigiraf, L50, M|100\/100\n|switch|p2b: Cloyster|Cloyster, L50, F|100\/100\n|-weather|Snow|[from] ability: Snow Warning|[of] p1b: Abomasnow\n|turn|1\n|\n|t:|1682062804\n|move|p1a: Cetitan|Protect|p1a: Cetitan\n|-singleturn|p1a: Cetitan|Protect\n|move|p2b: Cloyster|Protect|p2b: Cloyster\n|-singleturn|p2b: Cloyster|Protect\n|move|p1b: Abomasnow|Aurora Veil|p1b: Abomasnow\n|-sidestart|p1: Reloadset|move: Aurora Veil\n|move|p2a: Farigiraf|Trick Room|p2a: Farigiraf\n|-fieldstart|move: Trick Room|[of] p2a: Farigiraf\n|\n|-weather|Snow|[upkeep]\n|upkeep\n|turn|2\n|\n|t:|1682062823\n|move|p2b: Cloyster|Rock Blast|p1a: Cetitan\n|-supereffective|p1a: Cetitan\n|-damage|p1a: Cetitan|94\/100\n|-supereffective|p1a: Cetitan\n|-damage|p1a: Cetitan|87\/100\n|-supereffective|p1a: Cetitan\n|-damage|p1a: Cetitan|80\/100\n|-supereffective|p1a: Cetitan\n|-damage|p1a: Cetitan|73\/100\n|-supereffective|p1a: Cetitan\n|-damage|p1a: Cetitan|66\/100\n|-hitcount|p1a: Cetitan|5\n|move|p1b: Abomasnow|Blizzard|p2b: Cloyster|[spread] p2a,p2b\n|-resisted|p2b: Cloyster\n|-damage|p2a: Farigiraf|77\/100\n|-damage|p2b: Cloyster|88\/100\n|move|p2a: Farigiraf|Foul Play|p1a: Cetitan\n|-damage|p1a: Cetitan|53\/100\n|move|p1a: Cetitan|Play Rough|p2b: Cloyster\n|-damage|p2b: Cloyster|73\/100\n|-damage|p1a: Cetitan|43\/100|[from] item: Life Orb\n|\n|-weather|Snow|[upkeep]\n|upkeep\n|turn|3\n|\n|t:|1682062859\n|move|p1a: Cetitan|Protect|p1a: Cetitan\n|-singleturn|p1a: Cetitan|Protect\n|move|p2b: Cloyster|Rock Blast|p1a: Cetitan\n|-activate|p1a: Cetitan|move: Protect\n|move|p1b: Abomasnow|Blizzard|p2b: Cloyster|[spread] p2a,p2b\n|-resisted|p2b: Cloyster\n|-damage|p2a: Farigiraf|55\/100\n|-damage|p2b: Cloyster|61\/100\n|move|p2a: Farigiraf|Foul Play|p1a: Cetitan\n|-activate|p1a: Cetitan|move: Protect\n|\n|-weather|Snow|[upkeep]\n|upkeep\n|turn|4\n|\n|t:|1682062888\n|switch|p1a: Garganacl|Garganacl, L50, M|100\/100\n|move|p2b: Cloyster|Rock Blast|p1a: Garganacl\n|-damage|p1a: Garganacl|98\/100\n|-damage|p1a: Garganacl|95\/100\n|-damage|p1a: Garganacl|92\/100\n|-damage|p1a: Garganacl|89\/100\n|-damage|p1a: Garganacl|86\/100\n|-hitcount|p1a: Garganacl|5\n|move|p1b: Abomasnow|Blizzard|p2a: Farigiraf|[spread] p2a,p2b\n|-resisted|p2b: Cloyster\n|-damage|p2a: Farigiraf|32\/100\n|-damage|p2b: Cloyster|48\/100\n|move|p2a: Farigiraf|Wish|p2a: Farigiraf\n|\n|-weather|Snow|[upkeep]\n|upkeep\n|turn|5\n|\n|t:|1682062922\n|switch|p2b: Arcanine|Arcanine, L50, F|100\/100\n|-ability|p2b: Arcanine|Intimidate|boost\n|-unboost|p1a: Garganacl|atk|1\n|-unboost|p1b: Abomasnow|atk|1\n|-terastallize|p1a: Garganacl|Ghost\n|move|p1b: Abomasnow|Helping Hand|p1a: Garganacl\n|-singleturn|p1a: Garganacl|Helping Hand|[of] p1b: Abomasnow\n|move|p1a: Garganacl|Salt Cure|p2b: Arcanine\n|-supereffective|p2b: Arcanine\n|-damage|p2b: Arcanine|67\/100\n|-start|p2b: Arcanine|Salt Cure\n|move|p2a: Farigiraf|Baton Pass|p2a: Farigiraf\n|\n|t:|1682062939\n|switch|p2a: Cloyster|Cloyster, L50, F|48\/100|[from] Baton Pass\n|\n|-weather|none\n|-heal|p2a: Cloyster|100\/100|[from] move: Wish|[wisher] Farigiraf\n|-damage|p2b: Arcanine|55\/100|[from] Salt Cure\n|-sideend|p1: Reloadset|move: Aurora Veil\n|-fieldend|move: Trick Room\n|upkeep\n|turn|6\n|\n|t:|1682062964\n|move|p1b: Abomasnow|Protect|p1b: Abomasnow\n|-singleturn|p1b: Abomasnow|Protect\n|move|p2b: Arcanine|Will-O-Wisp|p1a: Garganacl|[miss]\n|-miss|p2b: Arcanine|p1a: Garganacl\n|move|p2a: Cloyster|Waterfall|p1a: Garganacl\n|-damage|p1a: Garganacl|66\/100\n|move|p1a: Garganacl|Salt Cure|p2a: Cloyster\n|-supereffective|p2a: Cloyster\n|-damage|p2a: Cloyster|88\/100\n|-start|p2a: Cloyster|Salt Cure\n|\n|-damage|p2b: Arcanine|43\/100|[from] Salt Cure\n|-damage|p2a: Cloyster|63\/100|[from] Salt Cure\n|upkeep\n|turn|7\n|\n|t:|1682062989\n|switch|p1b: Cetitan|Cetitan, L50, M|43\/100\n|move|p1a: Garganacl|Protect|p1a: Garganacl\n|-singleturn|p1a: Garganacl|Protect\n|move|p2b: Arcanine|Will-O-Wisp|p1a: Garganacl\n|-activate|p1a: Garganacl|move: Protect\n|move|p2a: Cloyster|Icicle Spear|p1a: Garganacl\n|-activate|p1a: Garganacl|move: Protect\n|\n|-damage|p2b: Arcanine|30\/100|[from] Salt Cure\n|-damage|p2a: Cloyster|38\/100|[from] Salt Cure\n|upkeep\n|turn|8\n|\n|t:|1682063015\n|switch|p2b: Farigiraf|Farigiraf, L50, M|32\/100\n|move|p1b: Cetitan|Protect|p1b: Cetitan\n|-singleturn|p1b: Cetitan|Protect\n|move|p2a: Cloyster|Icicle Spear|p1a: Garganacl\n|-damage|p1a: Garganacl|59\/100\n|-damage|p1a: Garganacl|53\/100\n|-damage|p1a: Garganacl|47\/100\n|-enditem|p1a: Garganacl|Sitrus Berry|[eat]\n|-heal|p1a: Garganacl|72\/100|[from] item: Sitrus Berry\n|-damage|p1a: Garganacl|66\/100\n|-damage|p1a: Garganacl|59\/100\n|-hitcount|p1a: Garganacl|5\n|cant|p1a: Garganacl|flinch\n|\n|-damage|p2a: Cloyster|13\/100|[from] Salt Cure\n|upkeep\n|turn|9\n|\n|t:|1682063039\n|switch|p2a: Arcanine|Arcanine, L50, F|30\/100\n|-ability|p2a: Arcanine|Intimidate|boost\n|-unboost|p1a: Garganacl|atk|1\n|-unboost|p1b: Cetitan|atk|1\n|move|p1b: Cetitan|Ice Spinner|p2b: Farigiraf\n|-damage|p2b: Farigiraf|8\/100\n|-damage|p1b: Cetitan|27\/100|[from] item: Rocky Helmet|[of] p2b: Farigiraf\n|-damage|p1b: Cetitan|17\/100|[from] item: Life Orb\n|move|p1a: Garganacl|Recover|p1a: Garganacl\n|-heal|p1a: Garganacl|100\/100\n|move|p2b: Farigiraf|Trick Room|p2b: Farigiraf\n|-fieldstart|move: Trick Room|[of] p2b: Farigiraf\n|\n|upkeep\n|turn|10\n|\n|t:|1682063063\n|move|p1b: Cetitan|Protect|p1b: Cetitan\n|-singleturn|p1b: Cetitan|Protect\n|move|p1a: Garganacl|Body Press|p2a: Arcanine\n|-damage|p2a: Arcanine|0 fnt\n|faint|p2a: Arcanine\n|move|p2b: Farigiraf|Baton Pass|p2b: Farigiraf\n|\n|t:|1682063071\n|switch|p2b: Cloyster|Cloyster, L50, F|13\/100|[from] Baton Pass\n|\n|upkeep\n|\n|t:|1682063076\n|switch|p2a: Heracross|Heracross, L50, M|100\/100\n|turn|11\n|\n|t:|1682063109\n|move|p1a: Garganacl|Body Press|p2b: Cloyster\n|-supereffective|p2b: Cloyster\n|-damage|p2b: Cloyster|0 fnt\n|faint|p2b: Cloyster\n|move|p2a: Heracross|Arm Thrust|p1b: Cetitan\n|-supereffective|p1b: Cetitan\n|-damage|p1b: Cetitan|0 fnt\n|faint|p1b: Cetitan\n|-ability|p2a: Heracross|Moxie|boost\n|-boost|p2a: Heracross|atk|1\n|-hitcount|p1: Cetitan|1\n|\n|upkeep\n|\n|t:|1682063120\n|switch|p2b: Farigiraf|Farigiraf, L50, M|8\/100\n|switch|p1b: Chi-Yu|Chi-Yu, L50|100\/100\n|-ability|p1b: Chi-Yu|Beads of Ruin\n|turn|12\n|\n|t:|1682063137\n|move|p1b: Chi-Yu|Protect|p1b: Chi-Yu\n|-singleturn|p1b: Chi-Yu|Protect\n|move|p1a: Garganacl|Salt Cure|p2a: Heracross\n|-crit|p2a: Heracross\n|-damage|p2a: Heracross|72\/100\n|-start|p2a: Heracross|Salt Cure\n|move|p2b: Farigiraf|Wish|p2b: Farigiraf\n|move|p2a: Heracross|Arm Thrust|p1b: Chi-Yu\n|-activate|p1b: Chi-Yu|move: Protect\n|\n|-damage|p2a: Heracross|59\/100|[from] Salt Cure\n|upkeep\n|turn|13\n|\n|t:|1682063166\n|-terastallize|p2a: Heracross|Rock\n|move|p1b: Chi-Yu|Protect||[still]\n|-fail|p1b: Chi-Yu\n|move|p1a: Garganacl|Body Press|p2b: Farigiraf\n|-damage|p2b: Farigiraf|0 fnt\n|-damage|p1a: Garganacl|84\/100|[from] item: Rocky Helmet|[of] p2b: Farigiraf\n|faint|p2b: Farigiraf\n|move|p2a: Heracross|Rock Blast|p1b: Chi-Yu\n|-supereffective|p1b: Chi-Yu\n|-damage|p1b: Chi-Yu|30\/100\n|-supereffective|p1b: Chi-Yu\n|-damage|p1b: Chi-Yu|0 fnt\n|faint|p1b: Chi-Yu\n|-ability|p2a: Heracross|Moxie|boost\n|-boost|p2a: Heracross|atk|1\n|-hitcount|p1: Chi-Yu|2\n|\n|-damage|p2a: Heracross|47\/100|[from] Salt Cure\n|-fieldend|move: Trick Room\n|upkeep\n|\n|t:|1682063185\n|switch|p1b: Abomasnow|Abomasnow, L50, M|100\/100\n|-weather|Snow|[from] ability: Snow Warning|[of] p1b: Abomasnow\n|turn|14\n|\n|t:|1682063200\n|move|p2a: Heracross|Rock Blast|p1b: Abomasnow\n|-supereffective|p1b: Abomasnow\n|-damage|p1b: Abomasnow|54\/100\n|-supereffective|p1b: Abomasnow\n|-damage|p1b: Abomasnow|11\/100\n|-supereffective|p1b: Abomasnow\n|-damage|p1b: Abomasnow|0 fnt\n|faint|p1b: Abomasnow\n|-ability|p2a: Heracross|Moxie|boost\n|-boost|p2a: Heracross|atk|1\n|-hitcount|p1: Abomasnow|3\n|move|p1a: Garganacl|Body Press|p2a: Heracross\n|-supereffective|p2a: Heracross\n|-damage|p2a: Heracross|0 fnt\n|faint|p2a: Heracross\n|\n|win|Reloadset\n|raw|Reloadset's rating: 1000 → 1040<\/strong> (+40 for winning)\n|raw|Umbrakd's rating: 1000 → 1000<\/strong> (+0 for losing)\n|l|\u2606Umbrakd\n","uploadtime":1682063223,"views":7,"p1id":"reloadset","p2id":"umbrakd","formatid":"gen9vgc2023regulationc","rating":1000,"private":0,"password":""}