{"id":"gen9vgc2023regulationc-1854214280","p1":"PhillyDolph","p2":"Savage Red Sun","format":"[Gen 9] VGC 2023 Regulation C","log":"|j|\u2606PhillyDolph\n|j|\u2606Savage Red Sun\n|t:|1682784458\n|gametype|doubles\n|player|p1|PhillyDolph|steven|1425\n|player|p2|Savage Red Sun|unknown|1428\n|teamsize|p1|6\n|teamsize|p2|6\n|gen|9\n|tier|[Gen 9] VGC 2023 Regulation C\n|rated|\n|rule|Species Clause: Limit one of each Pok\u00e9mon\n|rule|Item Clause: Limit one of each item\n|clearpoke\n|poke|p1|Scizor, L50, M|\n|poke|p1|Iron Bundle, L50|\n|poke|p1|Gastrodon-East, L50, M|\n|poke|p1|Flutter Mane, L50|\n|poke|p1|Talonflame, L50, M|\n|poke|p1|Chi-Yu, L50|\n|poke|p2|Arcanine, L50, F|\n|poke|p2|Annihilape, L50, F|\n|poke|p2|Maushold-Four, L50|\n|poke|p2|Palafin, L50, F|\n|poke|p2|Klefki, L50, F|\n|poke|p2|Roaring Moon, L50|\n|teampreview|4\n|inactive|Battle timer is ON: inactive players will automatically lose when time's up. (requested by PhillyDolph)\nPhillyDolph has agreed to open team sheets.\n|inactive|PhillyDolph has 60 seconds left.\n|inactive|Savage Red Sun has 60 seconds left.\n|\n|t:|1682784509\n|start\n|switch|p1a: Chi-Yu|Chi-Yu, L50|100\/100\n|switch|p1b: Iron Bundle|Iron Bundle, L50, shiny|100\/100\n|switch|p2a: Annihilape|Annihilape, L50, F|100\/100\n|switch|p2b: Maushold|Maushold-Four, L50|100\/100\n|-ability|p1a: Chi-Yu|Beads of Ruin\n|-enditem|p1b: Iron Bundle|Booster Energy\n|-activate|p1b: Iron Bundle|ability: Quark Drive|[fromitem]\n|-start|p1b: Iron Bundle|quarkdrivespe\n|turn|1\n|inactive|PhillyDolph has 30 seconds left.\n|inactive|Savage Red Sun has 30 seconds left.\n|\n|t:|1682784536\n|move|p2b: Maushold|Protect|p2b: Maushold\n|-singleturn|p2b: Maushold|Protect\n|move|p1b: Iron Bundle|Hydro Pump|p2a: Annihilape|[miss]\n|-miss|p1b: Iron Bundle|p2a: Annihilape\n|move|p1a: Chi-Yu|Dark Pulse|p2a: Annihilape\n|-damage|p2a: Annihilape|40\/100\n|move|p2a: Annihilape|Bulk Up|p2a: Annihilape\n|-boost|p2a: Annihilape|atk|1\n|-boost|p2a: Annihilape|def|1\n|\n|-heal|p2a: Annihilape|47\/100|[from] item: Leftovers\n|upkeep\n|turn|2\n|inactive|PhillyDolph has 30 seconds left.\n|inactive|PhillyDolph has 20 seconds left.\n|inactive|PhillyDolph has 15 seconds left.\n|inactive|PhillyDolph has 10 seconds left.\n|\n|t:|1682784582\n|switch|p1a: Flutter Mane|Flutter Mane, L50|100\/100\n|-terastallize|p1b: Iron Bundle|Ghost\n|move|p2b: Maushold|Follow Me|p2b: Maushold\n|-singleturn|p2b: Maushold|move: Follow Me\n|move|p1b: Iron Bundle|Hydro Pump|p2b: Maushold\n|-damage|p2b: Maushold|39\/100\n|-enditem|p2b: Maushold|Sitrus Berry|[eat]\n|-heal|p2b: Maushold|63\/100|[from] item: Sitrus Berry\n|move|p2a: Annihilape|Drain Punch|p1b: Iron Bundle\n|-immune|p1b: Iron Bundle\n|\n|-heal|p2a: Annihilape|53\/100|[from] item: Leftovers\n|upkeep\n|turn|3\n|inactive|Savage Red Sun has 30 seconds left.\n|\n|t:|1682784613\n|move|p2b: Maushold|Follow Me|p2b: Maushold\n|-singleturn|p2b: Maushold|move: Follow Me\n|move|p1b: Iron Bundle|Hydro Pump|p2b: Maushold|[miss]\n|-miss|p1b: Iron Bundle|p2b: Maushold\n|move|p1a: Flutter Mane|Shadow Ball|p2b: Maushold\n|-immune|p2b: Maushold\n|move|p2a: Annihilape|Rage Fist|p1b: Iron Bundle\n|-supereffective|p1b: Iron Bundle\n|-damage|p1b: Iron Bundle|0 fnt\n|faint|p1b: Iron Bundle\n|-end|p1b: Iron Bundle|Quark Drive|[silent]\n|\n|-heal|p2a: Annihilape|59\/100|[from] item: Leftovers\n|upkeep\n|\n|t:|1682784620\n|switch|p1b: Chi-Yu|Chi-Yu, L50|100\/100\n|-ability|p1b: Chi-Yu|Beads of Ruin\n|turn|4\n|\n|t:|1682784634\n|move|p2b: Maushold|Follow Me|p2b: Maushold\n|-singleturn|p2b: Maushold|move: Follow Me\n|move|p1a: Flutter Mane|Dazzling Gleam|p2b: Maushold|[spread] p2a,p2b\n|-supereffective|p2a: Annihilape\n|-damage|p2a: Annihilape|0 fnt\n|-damage|p2b: Maushold|0 fnt\n|faint|p2a: Annihilape\n|faint|p2b: Maushold\n|-damage|p1a: Flutter Mane|90\/100|[from] item: Life Orb\n|move|p1b: Chi-Yu|Heat Wave|p2: Annihilape|[notarget]\n|-fail|p1b: Chi-Yu\n|\n|upkeep\n|\n|t:|1682784646\n|switch|p2b: Arcanine|Arcanine, L50, F|100\/100\n|switch|p2a: Roaring Moon|Roaring Moon, L50|100\/100\n|-enditem|p2a: Roaring Moon|Booster Energy\n|-activate|p2a: Roaring Moon|ability: Protosynthesis|[fromitem]\n|-start|p2a: Roaring Moon|protosynthesisatk\n|turn|5\n|\n|t:|1682784658\n|move|p2a: Roaring Moon|Protect|p2a: Roaring Moon\n|-singleturn|p2a: Roaring Moon|Protect\n|move|p1a: Flutter Mane|Protect|p1a: Flutter Mane\n|-singleturn|p1a: Flutter Mane|Protect\n|move|p1b: Chi-Yu|Heat Wave|p2b: Arcanine|[spread] p2b\n|-activate|p2a: Roaring Moon|move: Protect\n|-resisted|p2b: Arcanine\n|-damage|p2b: Arcanine|59\/100\n|move|p2b: Arcanine|Flare Blitz|p1a: Flutter Mane\n|-activate|p1a: Flutter Mane|move: Protect\n|\n|upkeep\n|turn|6\n|inactive|Savage Red Sun has 30 seconds left.\n|inactive|PhillyDolph has 30 seconds left.\n|inactive|PhillyDolph has 20 seconds left.\n|\n|t:|1682784706\n|switch|p1b: Gastrodon|Gastrodon-East, L50, M|100\/100\n|-terastallize|p2a: Roaring Moon|Flying\n|move|p2b: Arcanine|Extreme Speed|p1b: Gastrodon\n|-damage|p1b: Gastrodon|75\/100\n|move|p2a: Roaring Moon|Acrobatics|p1a: Flutter Mane\n|-damage|p1a: Flutter Mane|0 fnt\n|faint|p1a: Flutter Mane\n|-end|p1a: Flutter Mane|Protosynthesis|[silent]\n|\n|upkeep\n|\n|t:|1682784715\n|switch|p1a: Chi-Yu|Chi-Yu, L50|100\/100\n|-ability|p1a: Chi-Yu|Beads of Ruin\n|turn|7\n|inactive|PhillyDolph has 30 seconds left.\n|inactive|PhillyDolph has 20 seconds left.\n|inactive|PhillyDolph has 15 seconds left.\n|c|\u2606PhillyDolph|how\n|inactive|PhillyDolph has 10 seconds left.\n|inactive|PhillyDolph has 5 seconds left.\n|\n|t:|1682784766\n|move|p2b: Arcanine|Extreme Speed|p1a: Chi-Yu\n|-damage|p1a: Chi-Yu|61\/100\n|move|p2a: Roaring Moon|Acrobatics|p1a: Chi-Yu\n|-damage|p1a: Chi-Yu|0 fnt\n|faint|p1a: Chi-Yu\n|move|p1b: Gastrodon|Muddy Water|p2b: Arcanine|[spread] p2a,p2b\n|-supereffective|p2b: Arcanine\n|-damage|p2a: Roaring Moon|79\/100\n|-damage|p2b: Arcanine|4\/100\n|-unboost|p2a: Roaring Moon|accuracy|1\n|\n|upkeep\n|turn|8\n|inactive|PhillyDolph has 30 seconds left.\n|inactive|Savage Red Sun has 30 seconds left.\n|c|\u2606PhillyDolph|How is your roaring moon faster than my fluttermane without boost\n|inactive|PhillyDolph has 20 seconds left.\n|\n|t:|1682784801\n|move|p2b: Arcanine|Protect|p2b: Arcanine\n|-singleturn|p2b: Arcanine|Protect\n|move|p2a: Roaring Moon|Acrobatics|p1b: Gastrodon|[miss]\n|-miss|p2a: Roaring Moon|p1b: Gastrodon\n|move|p1b: Gastrodon|Muddy Water|p2b: Arcanine|[spread] \n|-activate|p2b: Arcanine|move: Protect\n|-miss|p1b: Gastrodon|p2a: Roaring Moon\n|\n|upkeep\n|turn|9\n|inactive|Savage Red Sun has 30 seconds left.\n|c|\u2606Savage Red Sun|188 Speed\n|c|\u2606PhillyDolph|I got 252\n|inactive|Savage Red Sun has 20 seconds left.\n|c|\u2606PhillyDolph|report lol\n|inactive|Savage Red Sun has 15 seconds left.\n|c|\u2606Savage Red Sun|?\n|inactive|Savage Red Sun has 10 seconds left.\n|inactive|Savage Red Sun has 5 seconds left.\n|\n|t:|1682784854\n|move|p2b: Arcanine|Extreme Speed|p1b: Gastrodon\n|-damage|p1b: Gastrodon|47\/100\n|-enditem|p1b: Gastrodon|Sitrus Berry|[eat]\n|-heal|p1b: Gastrodon|72\/100|[from] item: Sitrus Berry\n|move|p2a: Roaring Moon|Acrobatics|p1b: Gastrodon\n|-damage|p1b: Gastrodon|0 fnt\n|faint|p1b: Gastrodon\n|\n|win|Savage Red Sun\n|raw|PhillyDolph's rating: 1425 → 1405<\/strong> (-20 for losing)\n|raw|Savage Red Sun's rating: 1428 → 1448<\/strong> (+20 for winning)\n|c|\u2606PhillyDolph|my flutter mane 252 speed\n|c|\u2606Savage Red Sun|You sure?\n|c|\u2606PhillyDolph|ys\n|c|\u2606PhillyDolph|I just checked\n|c|\u2606Savage Red Sun|No way\n|c|\u2606PhillyDolph|Thats what I thought\n|c|\u2606PhillyDolph|I was shocked seeing your roaring moon outspeed mine\n|c|\u2606Savage Red Sun|You sure you are not checking the wrong team?\n|c|\u2606PhillyDolph|I'm pretty sure\n|c|\u2606PhillyDolph|100%\n|c|\u2606Savage Red Sun|Like, a different version of the same team? Because it does not make sense.\n|c|\u2606PhillyDolph|I got name for my teams\n|c|\u2606PhillyDolph|NVM wierd shit happens\n|c|\u2606PhillyDolph|gg\n|c|\u2606Savage Red Sun|Yeah\n|c|\u2606Savage Red Sun|Gg\n|l|\u2606Savage Red Sun\n|j|+Wrathoftheleopard\n","uploadtime":1682785198,"views":17,"p1id":"phillydolph","p2id":"savageredsun","formatid":"gen9vgc2023regulationc","rating":1405,"private":0,"password":""}