{"id":"gen9vgc2023regulationc-1845732903","p1":"PeRoPeRiCa","p2":"fo50","format":"[Gen 9] VGC 2023 Regulation C","log":"|j|\u2606PeRoPeRiCa\n|j|\u2606fo50\n|t:|1681759523\n|gametype|doubles\n|player|p1|PeRoPeRiCa|n|1077\n|player|p2|fo50|2|1092\n|teamsize|p1|6\n|teamsize|p2|6\n|gen|9\n|tier|[Gen 9] VGC 2023 Regulation C\n|rated|\n|rule|Species Clause: Limit one of each Pok\u00e9mon\n|rule|Item Clause: Limit one of each item\n|clearpoke\n|poke|p1|Maushold-Four, L50|\n|poke|p1|Gholdengo, L50|\n|poke|p1|Hydreigon, L50, F|\n|poke|p1|Armarouge, L50, M|\n|poke|p1|Indeedee-F, L50, F|\n|poke|p1|Meowscarada, L50, M|\n|poke|p2|Scovillain, L50, F|\n|poke|p2|Dragonite, L50, F|\n|poke|p2|Tinkaton, L50, F|\n|poke|p2|Garchomp, L50, F|\n|poke|p2|Torkoal, L50, M|\n|poke|p2|Scizor, L50, F|\n|teampreview|4\n|\n|t:|1681759563\n|start\n|switch|p1a: Hydreigon|Hydreigon, L50, F|100\/100\n|switch|p1b: Maushold|Maushold-Four, L50|100\/100\n|switch|p2a: Garchomp|Garchomp, L50, F|100\/100\n|switch|p2b: Dragonite|Dragonite, L50, F|100\/100\n|turn|1\n|\n|t:|1681759584\n|switch|p2a: Tinkaton|Tinkaton, L50, F|100\/100\n|switch|p2b: Scizor|Scizor, L50, F|100\/100\n|move|p1b: Maushold|Population Bomb|p2a: Tinkaton\n|-resisted|p2a: Tinkaton\n|-damage|p2a: Tinkaton|94\/100\n|-resisted|p2a: Tinkaton\n|-crit|p2a: Tinkaton\n|-damage|p2a: Tinkaton|84\/100\n|-resisted|p2a: Tinkaton\n|-damage|p2a: Tinkaton|78\/100\n|-resisted|p2a: Tinkaton\n|-damage|p2a: Tinkaton|71\/100\n|-resisted|p2a: Tinkaton\n|-damage|p2a: Tinkaton|65\/100\n|-resisted|p2a: Tinkaton\n|-damage|p2a: Tinkaton|58\/100\n|-resisted|p2a: Tinkaton\n|-damage|p2a: Tinkaton|52\/100\n|-resisted|p2a: Tinkaton\n|-damage|p2a: Tinkaton|46\/100\n|-resisted|p2a: Tinkaton\n|-damage|p2a: Tinkaton|40\/100\n|-resisted|p2a: Tinkaton\n|-damage|p2a: Tinkaton|33\/100\n|-hitcount|p2a: Tinkaton|10\n|move|p1a: Hydreigon|Draco Meteor|p2b: Scizor\n|-resisted|p2b: Scizor\n|-damage|p2b: Scizor|48\/100\n|-unboost|p1a: Hydreigon|spa|2\n|-enditem|p2b: Scizor|Sitrus Berry|[eat]\n|-heal|p2b: Scizor|72\/100|[from] item: Sitrus Berry\n|\n|-heal|p2a: Tinkaton|39\/100|[from] item: Leftovers\n|upkeep\n|turn|2\n|\n|t:|1681759642\n|move|p1a: Hydreigon|Protect|p1a: Hydreigon\n|-singleturn|p1a: Hydreigon|Protect\n|move|p2a: Tinkaton|Fake Out|p1b: Maushold\n|-damage|p1b: Maushold|88\/100\n|move|p2b: Scizor|Bullet Punch|p1b: Maushold\n|-damage|p1b: Maushold|30\/100\n|cant|p1b: Maushold|flinch\n|\n|-heal|p2a: Tinkaton|45\/100|[from] item: Leftovers\n|upkeep\n|turn|3\n|\n|t:|1681759661\n|move|p2b: Scizor|Bullet Punch|p1b: Maushold\n|-damage|p1b: Maushold|0 fnt\n|faint|p1b: Maushold\n|move|p1a: Hydreigon|Dark Pulse|p2b: Scizor\n|-damage|p2b: Scizor|39\/100\n|move|p2a: Tinkaton|Draining Kiss|p1a: Hydreigon\n|-supereffective|p1a: Hydreigon\n|-damage|p1a: Hydreigon|49\/100\n|-heal|p2a: Tinkaton|80\/100|[from] drain|[of] p1a: Hydreigon\n|\n|-heal|p2a: Tinkaton|86\/100|[from] item: Leftovers\n|upkeep\n|\n|t:|1681759674\n|switch|p1b: Armarouge|Armarouge, L50, M|100\/100\n|turn|4\n|\n|t:|1681759688\n|-terastallize|p2b: Scizor|Flying\n|move|p1a: Hydreigon|Dark Pulse|p2b: Scizor\n|-damage|p2b: Scizor|7\/100\n|move|p1b: Armarouge|Armor Cannon|p2a: Tinkaton\n|-supereffective|p2a: Tinkaton\n|-damage|p2a: Tinkaton|0 fnt\n|-unboost|p1b: Armarouge|def|1\n|-unboost|p1b: Armarouge|spd|1\n|faint|p2a: Tinkaton\n|-damage|p1b: Armarouge|91\/100|[from] item: Life Orb\n|move|p2b: Scizor|Acrobatics|p1b: Armarouge\n|-damage|p1b: Armarouge|0 fnt\n|faint|p1b: Armarouge\n|\n|upkeep\n|\n|t:|1681759708\n|switch|p1b: Indeedee|Indeedee-F, L50, F|100\/100\n|switch|p2a: Dragonite|Dragonite, L50, F|100\/100\n|-fieldstart|move: Psychic Terrain|[from] ability: Psychic Surge|[of] p1b: Indeedee\n|-enditem|p1b: Indeedee|Psychic Seed\n|-boost|p1b: Indeedee|spd|1|[from] item: Psychic Seed\n|turn|5\n|\n|t:|1681759723\n|move|p1a: Hydreigon|Draco Meteor|p2a: Dragonite\n|-supereffective|p2a: Dragonite\n|-damage|p2a: Dragonite|64\/100\n|-unboost|p1a: Hydreigon|spa|2\n|-enditem|p2a: Dragonite|Weakness Policy\n|-boost|p2a: Dragonite|atk|2|[from] item: Weakness Policy\n|-boost|p2a: Dragonite|spa|2|[from] item: Weakness Policy\n|move|p2a: Dragonite|Ice Spinner|p1a: Hydreigon\n|-supereffective|p1a: Hydreigon\n|-damage|p1a: Hydreigon|0 fnt\n|-fieldend|move: Psychic Terrain\n|faint|p1a: Hydreigon\n|move|p1b: Indeedee|Dazzling Gleam|p2a: Dragonite|[spread] p2a,p2b\n|-supereffective|p2a: Dragonite\n|-damage|p2a: Dragonite|37\/100\n|-damage|p2b: Scizor|0 fnt\n|faint|p2b: Scizor\n|\n|upkeep\n|\n|t:|1681759739\n|switch|p2b: Garchomp|Garchomp, L50, F|100\/100\n|turn|6\n|\n|t:|1681759746\n|-terastallize|p1b: Indeedee|Psychic\n|move|p2a: Dragonite|Extreme Speed|p1b: Indeedee\n|-damage|p1b: Indeedee|37\/100\n|move|p2b: Garchomp|Earthquake|p1b: Indeedee|[spread] p1b\n|-immune|p2a: Dragonite\n|-damage|p1b: Indeedee|0 fnt\n|faint|p1b: Indeedee\n|\n|win|fo50\n|raw|PeRoPeRiCa's rating: 1077 → 1056<\/strong> (-21 for losing)\n|raw|fo50's rating: 1092 → 1117<\/strong> (+25 for winning)\n","uploadtime":1681759758,"views":9,"p1id":"peroperica","p2id":"fo50","formatid":"gen9vgc2023regulationc","rating":1056,"private":0,"password":""}