{"id":"gen9vgc2023regulationc-1862479957","p1":"blondngt","p2":"k58462312","format":"[Gen 9] VGC 2023 Regulation C","log":"|j|\u2606blondngt\n|j|\u2606k58462312\n|t:|1683892283\n|gametype|doubles\n|player|p1|blondngt|red|1042\n|player|p2|k58462312|riley|1117\n|teamsize|p1|6\n|teamsize|p2|6\n|gen|9\n|tier|[Gen 9] VGC 2023 Regulation C\n|rated|\n|rule|Species Clause: Limit one of each Pok\u00e9mon\n|rule|Item Clause: Limit one of each item\n|clearpoke\n|poke|p1|Garchomp, L50, F|\n|poke|p1|Murkrow, L50, F|\n|poke|p1|Arcanine, L50, F|\n|poke|p1|Ting-Lu, L50|\n|poke|p1|Flutter Mane, L50|\n|poke|p1|Amoonguss, L50, M|\n|poke|p2|Corviknight, L50, M|\n|poke|p2|Vaporeon, L50, M|\n|poke|p2|Ting-Lu, L50|\n|poke|p2|Gallade, L50, M|\n|poke|p2|Grimmsnarl, L50, M|\n|poke|p2|Hydreigon, L50, M|\n|teampreview|4\n|inactive|Battle timer is ON: inactive players will automatically lose when time's up. (requested by k58462312)\n|\n|t:|1683892328\n|start\n|switch|p1a: Flutter Mane|Flutter Mane, L50|100\/100\n|switch|p1b: Arcanine|Arcanine, L50, F|100\/100\n|switch|p2a: Corviknight|Corviknight, L50, M|100\/100\n|switch|p2b: Vaporeon|Vaporeon, L50, M|100\/100\n|-ability|p1b: Arcanine|Intimidate|boost\n|-ability|p2a: Corviknight|Mirror Armor\n|-unboost|p1b: Arcanine|atk|1\n|-unboost|p2b: Vaporeon|atk|1\n|-enditem|p1a: Flutter Mane|Booster Energy\n|-activate|p1a: Flutter Mane|ability: Protosynthesis|[fromitem]\n|-start|p1a: Flutter Mane|protosynthesisspe\n|turn|1\n|inactive|blondngt has 30 seconds left.\n|inactive|blondngt has 20 seconds left.\n|inactive|blondngt has 15 seconds left.\n|inactive|blondngt has 10 seconds left.\n|\n|t:|1683892374\n|-terastallize|p2a: Corviknight|Fire\n|move|p1a: Flutter Mane|Thunderbolt|p2b: Vaporeon\n|-supereffective|p2b: Vaporeon\n|-damage|p2b: Vaporeon|51\/100\n|-status|p2b: Vaporeon|par\n|move|p1b: Arcanine|Flare Blitz|p2a: Corviknight\n|-resisted|p2a: Corviknight\n|-damage|p2a: Corviknight|83\/100\n|-damage|p1b: Arcanine|94\/100|[from] Recoil\n|move|p2a: Corviknight|Iron Head|p1a: Flutter Mane\n|-supereffective|p1a: Flutter Mane\n|-crit|p1a: Flutter Mane\n|-damage|p1a: Flutter Mane|0 fnt\n|faint|p1a: Flutter Mane\n|-end|p1a: Flutter Mane|Protosynthesis|[silent]\n|cant|p2b: Vaporeon|par\n|\n|upkeep\n|\n|t:|1683892394\n|switch|p1a: Murkrow|Murkrow, L50, F|100\/100\n|turn|2\n|\n|t:|1683892404\n|move|p1a: Murkrow|Haze|p1a: Murkrow\n|-clearallboost\n|move|p2b: Vaporeon|Baby-Doll Eyes|p1b: Arcanine\n|-unboost|p1b: Arcanine|atk|1\n|move|p1b: Arcanine|Will-O-Wisp|p2a: Corviknight\n|-immune|p2a: Corviknight\n|move|p2a: Corviknight|Iron Head|p1a: Murkrow\n|-damage|p1a: Murkrow|45\/100\n|\n|upkeep\n|turn|3\n|inactive|blondngt has 30 seconds left.\n|\n|t:|1683892429\n|move|p1b: Arcanine|Extreme Speed|p2b: Vaporeon\n|-damage|p2b: Vaporeon|35\/100 par\n|move|p1a: Murkrow|Haze|p1a: Murkrow\n|-clearallboost\n|move|p2a: Corviknight|Iron Head|p1a: Murkrow\n|-damage|p1a: Murkrow|0 fnt\n|faint|p1a: Murkrow\n|cant|p2b: Vaporeon|par\n|\n|upkeep\n|\n|t:|1683892452\n|switch|p1a: Garchomp|Garchomp, L50, F|100\/100\n|turn|4\n|inactive|blondngt has 30 seconds left.\n|inactive|blondngt has 20 seconds left.\n|\n|t:|1683892489\n|switch|p2a: Hydreigon|Hydreigon, L50, M|100\/100\n|-terastallize|p1a: Garchomp|Ground\n|move|p1a: Garchomp|Earthquake|p2a: Hydreigon|[spread] p1b,p2b\n|-immune|p2a: Hydreigon|[from] ability: Levitate\n|-supereffective|p1b: Arcanine\n|-damage|p1b: Arcanine|0 fnt\n|-damage|p2b: Vaporeon|0 fnt\n|faint|p1b: Arcanine\n|faint|p2b: Vaporeon\n|-damage|p1a: Garchomp|91\/100|[from] item: Life Orb\n|\n|upkeep\n|\n|t:|1683892504\n|switch|p2b: Gallade|Gallade, L50, M|100\/100\n|turn|5\n|\n|t:|1683892513\n|move|p1a: Garchomp|Earthquake|p2a: Hydreigon|[spread] p2b\n|-immune|p2a: Hydreigon|[from] ability: Levitate\n|-enditem|p2b: Gallade|Focus Sash\n|-damage|p2b: Gallade|1\/100\n|-damage|p1a: Garchomp|81\/100|[from] item: Life Orb\n|move|p2a: Hydreigon|Dark Pulse|p1a: Garchomp\n|-damage|p1a: Garchomp|27\/100\n|move|p2b: Gallade|Sacred Sword|p1a: Garchomp\n|-damage|p1a: Garchomp|0 fnt\n|-damage|p2b: Gallade|0 fnt|[from] ability: Rough Skin|[of] p1a: Garchomp\n|faint|p1a: Garchomp\n|faint|p2b: Gallade\n|\n|win|k58462312\n|raw|blondngt's rating: 1042 → 1029<\/strong> (-13 for losing)\n|raw|k58462312's rating: 1117 → 1137<\/strong> (+20 for winning)\n|l|\u2606blondngt\n","uploadtime":1683892532,"views":18,"p1id":"blondngt","p2id":"k58462312","formatid":"gen9vgc2023regulationc","rating":1029,"private":0,"password":""}