{"id":"gen9vgc2023regulationc-1855160108","p1":"As-fly-as-sly","p2":"BigStall2.0","format":"[Gen 9] VGC 2023 Regulation C","log":"|j|\u2606As-fly-as-sly\n|j|\u2606BigStall2.0\n|t:|1682908679\n|gametype|doubles\n|player|p1|As-fly-as-sly|palmer|\n|player|p2|BigStall2.0|grimsley-masters|\n|teamsize|p1|6\n|teamsize|p2|6\n|gen|9\n|tier|[Gen 9] VGC 2023 Regulation C\n|rule|Species Clause: Limit one of each Pok\u00e9mon\n|rule|Item Clause: Limit one of each item\n|clearpoke\n|poke|p1|Kilowattrel, L50, M|\n|poke|p1|Garchomp, L50, F|\n|poke|p1|Orthworm, L50, F|\n|poke|p1|Maushold, L50|\n|poke|p1|Annihilape, L50, M|\n|poke|p1|Gastrodon, L50, M|\n|poke|p2|Bronzong, L50|\n|poke|p2|Murkrow, L50, M|\n|poke|p2|Chi-Yu, L50|\n|poke|p2|Iron Valiant, L50|\n|poke|p2|Ampharos, L50, M|\n|poke|p2|Garchomp, L50, F|\n|teampreview|4\n|c|\u2606As-fly-as-sly|g2\nAs-fly-as-sly rejected open team sheets.\n|c|\u2606BigStall2.0|Glhf\n|c|\u2606As-fly-as-sly|hf\n|\n|t:|1682908998\n|start\n|switch|p1a: Maushold|Maushold, L50|100\/100\n|switch|p1b: Annihilape|Annihilape, L50, M|100\/100\n|switch|p2a: Chi-Yu|Chi-Yu, L50|100\/100\n|switch|p2b: Iron Valiant|Iron Valiant, L50|100\/100\n|-ability|p2a: Chi-Yu|Beads of Ruin\n|-enditem|p2b: Iron Valiant|Booster Energy\n|-activate|p2b: Iron Valiant|ability: Quark Drive|[fromitem]\n|-start|p2b: Iron Valiant|quarkdrivespe\n|turn|1\n|\n|t:|1682909015\n|move|p1a: Maushold|Follow Me|p1a: Maushold\n|-singleturn|p1a: Maushold|move: Follow Me\n|move|p2b: Iron Valiant|Moonblast|p1a: Maushold\n|-damage|p1a: Maushold|29\/100\n|-unboost|p1a: Maushold|spa|1\n|move|p2a: Chi-Yu|Heat Wave|p1a: Maushold|[spread] p1a,p1b\n|-damage|p1a: Maushold|0 fnt\n|-damage|p1b: Annihilape|78\/100\n|faint|p1a: Maushold\n|move|p1b: Annihilape|Drain Punch|p2a: Chi-Yu\n|-supereffective|p2a: Chi-Yu\n|-damage|p2a: Chi-Yu|0 fnt\n|-heal|p1b: Annihilape|100\/100|[from] drain|[of] p2a: Chi-Yu\n|faint|p2a: Chi-Yu\n|\n|upkeep\n|j| Hiiya Papaya\n|\n|t:|1682909029\n|switch|p1a: Gastrodon|Gastrodon, L50, M|100\/100\n|switch|p2a: Garchomp|Garchomp, L50, F|100\/100\n|turn|2\n|\n|t:|1682909042\n|-end|p2b: Iron Valiant|Quark Drive|[silent]\n|switch|p2b: Ampharos|Ampharos, L50, M|100\/100\n|-terastallize|p2a: Garchomp|Fairy\n|-terastallize|p1b: Annihilape|Flying\n|move|p2a: Garchomp|Tera Blast|p1b: Annihilape\n|-damage|p1b: Annihilape|80\/100\n|move|p1b: Annihilape|Rage Fist|p2b: Ampharos\n|-damage|p2b: Ampharos|6\/100\n|move|p1a: Gastrodon|Ice Beam|p2a: Garchomp\n|-damage|p2a: Garchomp|77\/100\n|\n|upkeep\n|turn|3\n|\n|t:|1682909073\n|move|p2a: Garchomp|Draco Meteor|p1a: Gastrodon\n|-damage|p1a: Gastrodon|70\/100\n|-unboost|p2a: Garchomp|spa|2\n|-enditem|p2a: Garchomp|White Herb\n|-clearnegativeboost|p2a: Garchomp|[silent]\n|move|p1b: Annihilape|Drain Punch|p2b: Ampharos\n|-damage|p2b: Ampharos|0 fnt\n|-heal|p1b: Annihilape|83\/100|[from] drain|[of] p2b: Ampharos\n|faint|p2b: Ampharos\n|move|p1a: Gastrodon|Muddy Water|p2a: Garchomp\n|-damage|p2a: Garchomp|45\/100\n|\n|upkeep\n|\n|t:|1682909080\n|switch|p2b: Iron Valiant|Iron Valiant, L50|100\/100\n|turn|4\n|\n|t:|1682909092\n|move|p2b: Iron Valiant|Moonblast|p1b: Annihilape\n|-crit|p1b: Annihilape\n|-damage|p1b: Annihilape|41\/100\n|move|p2a: Garchomp|Power Gem|p1b: Annihilape\n|-supereffective|p1b: Annihilape\n|-damage|p1b: Annihilape|18\/100\n|move|p1b: Annihilape|Rage Fist|p2b: Iron Valiant\n|-damage|p2b: Iron Valiant|0 fnt\n|faint|p2b: Iron Valiant\n|-end|p2b: Iron Valiant|Quark Drive|[silent]\n|move|p1a: Gastrodon|Muddy Water|p2a: Garchomp|[miss]\n|-miss|p1a: Gastrodon|p2a: Garchomp\n|\n|upkeep\n|turn|5\n|\n|t:|1682909111\n|move|p2a: Garchomp|Power Gem|p1b: Annihilape\n|-supereffective|p1b: Annihilape\n|-damage|p1b: Annihilape|0 fnt\n|faint|p1b: Annihilape\n|move|p1a: Gastrodon|Stockpile|p1a: Gastrodon\n|-start|p1a: Gastrodon|stockpile1\n|-boost|p1a: Gastrodon|def|1\n|-boost|p1a: Gastrodon|spd|1\n|\n|upkeep\n|c|\u2606BigStall2.0|Gg\n|\n|t:|1682909114\n|switch|p1b: Garchomp|Garchomp, L50, F|100\/100\n|turn|6\n|c|\u2606As-fly-as-sly|gg\n|\n|t:|1682909126\n|move|p1b: Garchomp|Protect|p1b: Garchomp\n|-singleturn|p1b: Garchomp|Protect\n|move|p2a: Garchomp|Tera Blast|p1b: Garchomp\n|-activate|p1b: Garchomp|move: Protect\n|move|p1a: Gastrodon|Ice Beam|p2a: Garchomp\n|-damage|p2a: Garchomp|23\/100\n|\n|upkeep\n|turn|7\n|\n|t:|1682909137\n|move|p2a: Garchomp|Tera Blast|p1b: Garchomp\n|-supereffective|p1b: Garchomp\n|-damage|p1b: Garchomp|28\/100\n|move|p1b: Garchomp|Stomping Tantrum|p2a: Garchomp\n|-damage|p2a: Garchomp|0 fnt\n|faint|p2a: Garchomp\n|-damage|p1b: Garchomp|19\/100|[from] item: Life Orb\n|\n|win|As-fly-as-sly\n|l| Hiiya Papaya\n","uploadtime":1682909185,"views":18,"p1id":"asflyassly","p2id":"bigstall20","formatid":"gen9vgc2023regulationc","rating":0,"private":0,"password":""}