{"id":"gen9vgc2023regulationc-1846678523","p1":"dekukraken","p2":"kople700","format":"[Gen 9] VGC 2023 Regulation C","log":"|j|\u2606dekukraken\n|j|\u2606kople700\n|t:|1681864876\n|gametype|doubles\n|player|p1|dekukraken|burglar|\n|player|p2|kople700|266|\n|teamsize|p1|6\n|teamsize|p2|6\n|gen|9\n|tier|[Gen 9] VGC 2023 Regulation C\n|rule|Species Clause: Limit one of each Pok\u00e9mon\n|rule|Item Clause: Limit one of each item\n|clearpoke\n|poke|p1|Glimmora, L50, M|\n|poke|p1|Iron Bundle, L50|\n|poke|p1|Dondozo, L50, F|\n|poke|p1|Dragonite, L50, F|\n|poke|p1|Tatsugiri-Droopy, L50, F|\n|poke|p1|Chi-Yu, L50|\n|poke|p2|Palafin, L50, F|\n|poke|p2|Flutter Mane, L50|\n|poke|p2|Arcanine, L50, M|\n|poke|p2|Ting-Lu, L50|\n|poke|p2|Amoonguss, L50, M|\n|poke|p2|Kingambit, L50, M|\n|teampreview|4\nkople700 has agreed to open team sheets.\ndekukraken has agreed to open team sheets.\n|\n|t:|1681864915\n|start\n|switch|p1a: Iron Bundle|Iron Bundle, L50, shiny|100\/100\n|switch|p1b: Chi-Yu|Chi-Yu, L50|100\/100\n|switch|p2a: Ting-Lu|Ting-Lu, L50|100\/100\n|switch|p2b: Amoonguss|Amoonguss, L50, M, shiny|100\/100\n|-ability|p1b: Chi-Yu|Beads of Ruin\n|-ability|p2a: Ting-Lu|Vessel of Ruin\n|-enditem|p1a: Iron Bundle|Booster Energy\n|-activate|p1a: Iron Bundle|ability: Quark Drive|[fromitem]\n|-start|p1a: Iron Bundle|quarkdrivespe\n|turn|1\n|\n|t:|1681864946\n|move|p2b: Amoonguss|Protect|p2b: Amoonguss\n|-singleturn|p2b: Amoonguss|Protect\n|move|p1a: Iron Bundle|Freeze-Dry|p2b: Amoonguss\n|-activate|p2b: Amoonguss|move: Protect\n|move|p1b: Chi-Yu|Overheat|p2b: Amoonguss\n|-activate|p2b: Amoonguss|move: Protect\n|move|p2a: Ting-Lu|Earthquake|p1b: Chi-Yu|[spread] p1a,p1b\n|-activate|p2b: Amoonguss|move: Protect\n|-supereffective|p1b: Chi-Yu\n|-damage|p1a: Iron Bundle|60\/100\n|-enditem|p1b: Chi-Yu|Focus Sash\n|-damage|p1b: Chi-Yu|1\/100\n|\n|upkeep\n|turn|2\n|\n|t:|1681865012\n|move|p1a: Iron Bundle|Freeze-Dry|p2b: Amoonguss\n|-supereffective|p2b: Amoonguss\n|-damage|p2b: Amoonguss|39\/100\n|move|p1b: Chi-Yu|Overheat|p2b: Amoonguss\n|-supereffective|p2b: Amoonguss\n|-damage|p2b: Amoonguss|0 fnt\n|-unboost|p1b: Chi-Yu|spa|2\n|faint|p2b: Amoonguss\n|move|p2a: Ting-Lu|Stomping Tantrum|p1b: Chi-Yu\n|-supereffective|p1b: Chi-Yu\n|-damage|p1b: Chi-Yu|0 fnt\n|faint|p1b: Chi-Yu\n|\n|upkeep\n|\n|t:|1681865039\n|switch|p1b: Dondozo|Dondozo, L50, F|100\/100\n|switch|p2b: Palafin|Palafin, L50, F|100\/100\n|turn|3\n|\n|t:|1681865092\n|move|p2b: Palafin|Protect|p2b: Palafin\n|-singleturn|p2b: Palafin|Protect\n|move|p1b: Dondozo|Protect|p1b: Dondozo\n|-singleturn|p1b: Dondozo|Protect\n|move|p1a: Iron Bundle|Freeze-Dry|p2b: Palafin\n|-activate|p2b: Palafin|move: Protect\n|move|p2a: Ting-Lu|Earthquake|p1b: Dondozo|[spread] p1a\n|-activate|p2b: Palafin|move: Protect\n|-activate|p1b: Dondozo|move: Protect\n|-damage|p1a: Iron Bundle|13\/100\n|\n|upkeep\n|turn|4\n|\n|t:|1681865128\n|-terastallize|p2b: Palafin|Water\n|move|p2b: Palafin|Jet Punch|p1a: Iron Bundle\n|-resisted|p1a: Iron Bundle\n|-crit|p1a: Iron Bundle\n|-damage|p1a: Iron Bundle|0 fnt\n|faint|p1a: Iron Bundle\n|-end|p1a: Iron Bundle|Quark Drive|[silent]\n|move|p1b: Dondozo|Wave Crash|p2a: Ting-Lu\n|-supereffective|p2a: Ting-Lu\n|-damage|p2a: Ting-Lu|30\/100\n|-damage|p1b: Dondozo|77\/100|[from] Recoil\n|move|p2a: Ting-Lu|Fissure|p1b: Dondozo|[miss]\n|-miss|p2a: Ting-Lu|p1b: Dondozo\n|\n|-heal|p1b: Dondozo|83\/100|[from] item: Leftovers\n|upkeep\n|\n|t:|1681865141\n|switch|p1a: Tatsugiri|Tatsugiri-Droopy, L50, F, shiny|100\/100\n|-activate|p1a: Tatsugiri|ability: Commander|[of] p1b: Dondozo\n|-boost|p1b: Dondozo|atk|2\n|-boost|p1b: Dondozo|spa|2\n|-boost|p1b: Dondozo|spe|2\n|-boost|p1b: Dondozo|def|2\n|-boost|p1b: Dondozo|spd|2\n|turn|5\n|\n|t:|1681865150\n|switch|p2a: Arcanine|Arcanine, L50, M, shiny|100\/100\n|-ability|p2a: Arcanine|Intimidate|boost\n|-unboost|p1a: Tatsugiri|atk|1\n|-unboost|p1b: Dondozo|atk|1\n|-terastallize|p1b: Dondozo|Grass\n|move|p1b: Dondozo|Tera Blast|p2b: Palafin\n|-supereffective|p2b: Palafin\n|-damage|p2b: Palafin|0 fnt\n|faint|p2b: Palafin\n|\n|-heal|p1b: Dondozo|89\/100|[from] item: Leftovers\n|upkeep\n|\n|t:|1681865157\n|switch|p2b: Ting-Lu|Ting-Lu, L50|30\/100\n|-ability|p2b: Ting-Lu|Vessel of Ruin\n|turn|6\n|\n|t:|1681865181\n|move|p1b: Dondozo|Protect|p1b: Dondozo\n|-singleturn|p1b: Dondozo|Protect\n|move|p2a: Arcanine|Will-O-Wisp|p1b: Dondozo\n|-activate|p1b: Dondozo|move: Protect\n|move|p2b: Ting-Lu|Fissure|p1b: Dondozo\n|-activate|p1b: Dondozo|move: Protect\n|\n|-heal|p1b: Dondozo|96\/100|[from] item: Leftovers\n|upkeep\n|turn|7\n|\n|t:|1681865204\n|move|p1b: Dondozo|Wave Crash|p2b: Ting-Lu\n|-supereffective|p2b: Ting-Lu\n|-damage|p2b: Ting-Lu|0 fnt\n|faint|p2b: Ting-Lu\n|-damage|p1b: Dondozo|85\/100|[from] Recoil\n|move|p2a: Arcanine|Will-O-Wisp|p1b: Dondozo\n|-status|p1b: Dondozo|brn\n|\n|-heal|p1b: Dondozo|92\/100 brn|[from] item: Leftovers\n|-damage|p1b: Dondozo|85\/100 brn|[from] brn\n|upkeep\n|turn|8\n|c|\u2606kople700|gg\n|\n|t:|1681865225\n|move|p1b: Dondozo|Wave Crash|p2a: Arcanine\n|-supereffective|p2a: Arcanine\n|-damage|p2a: Arcanine|28\/100\n|-damage|p1b: Dondozo|65\/100 brn|[from] Recoil\n|move|p2a: Arcanine|Flare Blitz|p1b: Dondozo\n|-supereffective|p1b: Dondozo\n|-crit|p1b: Dondozo\n|-damage|p1b: Dondozo|0 fnt\n|faint|p1b: Dondozo\n|-damage|p2a: Arcanine|4\/100|[from] Recoil\n|\n|upkeep\n|turn|9\n|c|\u2606dekukraken|gg\n|\n|t:|1681865243\n|move|p2a: Arcanine|Extreme Speed|p1a: Tatsugiri\n|-damage|p1a: Tatsugiri|61\/100\n|move|p1a: Tatsugiri|Draco Meteor|p2a: Arcanine\n|-damage|p2a: Arcanine|0 fnt\n|-unboost|p1a: Tatsugiri|spa|2\n|faint|p2a: Arcanine\n|\n|win|dekukraken\n|l|\u2606kople700\n","uploadtime":1681865278,"views":15,"p1id":"dekukraken","p2id":"kople700","formatid":"gen9vgc2023regulationc","rating":0,"private":0,"password":""}