{"id":"gen9vgc2023regulationc-1862951384","p1":"PONLO_A25PRUEBA","p2":"Igpvala","format":"[Gen 9] VGC 2023 Regulation C","log":"|j|\u2606PONLO_A25PRUEBA\n|j|\u2606Igpvala\n|t:|1683942916\n|gametype|doubles\n|player|p1|PONLO_A25PRUEBA|tate|1403\n|player|p2|Igpvala|hugh|1338\n|teamsize|p1|6\n|teamsize|p2|6\n|gen|9\n|tier|[Gen 9] VGC 2023 Regulation C\n|rated|\n|rule|Species Clause: Limit one of each Pok\u00e9mon\n|rule|Item Clause: Limit one of each item\n|clearpoke\n|poke|p1|Ting-Lu, L50|\n|poke|p1|Grimmsnarl, L50, M|\n|poke|p1|Iron Bundle, L50|\n|poke|p1|Annihilape, L50, F|\n|poke|p1|Arcanine, L50, F|\n|poke|p1|Flutter Mane, L50|\n|poke|p2|Vaporeon, L50, F|\n|poke|p2|Garganacl, L50, M|\n|poke|p2|Flutter Mane, L50|\n|poke|p2|Iron Bundle, L50|\n|poke|p2|Iron Hands, L50|\n|poke|p2|Great Tusk, L50|\n|teampreview|4\nIgpvala has agreed to open team sheets.\n|\n|t:|1683942952\n|start\n|switch|p1a: Grimmsnarl|Grimmsnarl, L50, M|100\/100\n|switch|p1b: Iron Bundle|Iron Bundle, L50|100\/100\n|switch|p2a: Flutter Mane|Flutter Mane, L50, shiny|100\/100\n|switch|p2b: Iron Hands|Iron Hands, L50, shiny|100\/100\n|turn|1\n|\n|t:|1683942981\n|move|p1b: Iron Bundle|Protect|p1b: Iron Bundle\n|-singleturn|p1b: Iron Bundle|Protect\n|move|p2b: Iron Hands|Fake Out|p1a: Grimmsnarl\n|-crit|p1a: Grimmsnarl\n|-damage|p1a: Grimmsnarl|73\/100\n|move|p2a: Flutter Mane|Dazzling Gleam|p1a: Grimmsnarl|[spread] p1a\n|-activate|p1b: Iron Bundle|move: Protect\n|-supereffective|p1a: Grimmsnarl\n|-enditem|p1a: Grimmsnarl|Roseli Berry|[eat]\n|-enditem|p1a: Grimmsnarl|Roseli Berry|[weaken]\n|-damage|p1a: Grimmsnarl|32\/100\n|cant|p1a: Grimmsnarl|flinch\n|\n|upkeep\n|turn|2\n|\n|t:|1683943002\n|-terastallize|p2a: Flutter Mane|Fairy\n|move|p1a: Grimmsnarl|Parting Shot|p2a: Flutter Mane\n|-unboost|p2a: Flutter Mane|atk|1\n|-unboost|p2a: Flutter Mane|spa|1\n|\n|t:|1683943006\n|switch|p1a: Arcanine|Arcanine, L50, F|100\/100|[from] Parting Shot\n|-ability|p1a: Arcanine|Intimidate|boost\n|-unboost|p2a: Flutter Mane|atk|1\n|-unboost|p2b: Iron Hands|atk|1\n|move|p1b: Iron Bundle|Icy Wind|p2b: Iron Hands|[spread] p2a,p2b\n|-damage|p2a: Flutter Mane|77\/100\n|-damage|p2b: Iron Hands|89\/100\n|-unboost|p2a: Flutter Mane|spe|1\n|-unboost|p2b: Iron Hands|spe|1\n|move|p2a: Flutter Mane|Dazzling Gleam|p1a: Arcanine|[spread] p1a,p1b\n|-resisted|p1a: Arcanine\n|-damage|p1a: Arcanine|76\/100\n|-damage|p1b: Iron Bundle|13\/100\n|move|p2b: Iron Hands|Wild Charge|p1b: Iron Bundle\n|-supereffective|p1b: Iron Bundle\n|-damage|p1b: Iron Bundle|0 fnt\n|faint|p1b: Iron Bundle\n|-end|p1b: Iron Bundle|Quark Drive|[silent]\n|-damage|p2b: Iron Hands|87\/100|[from] Recoil\n|\n|upkeep\n|\n|t:|1683943015\n|switch|p1b: Annihilape|Annihilape, L50, F|100\/100\n|turn|3\n|\n|t:|1683943050\n|-end|p2a: Flutter Mane|Protosynthesis|[silent]\n|switch|p2a: Great Tusk|Great Tusk, L50, shiny|100\/100\n|move|p1b: Annihilape|Bulk Up|p1b: Annihilape\n|-boost|p1b: Annihilape|atk|1\n|-boost|p1b: Annihilape|def|1\n|move|p1a: Arcanine|Flare Blitz|p2a: Great Tusk\n|-damage|p2a: Great Tusk|53\/100\n|-damage|p1a: Arcanine|60\/100|[from] Recoil\n|-damage|p1a: Arcanine|50\/100|[from] item: Life Orb\n|move|p2b: Iron Hands|Wild Charge|p1a: Arcanine\n|-damage|p1a: Arcanine|8\/100\n|-damage|p2b: Iron Hands|79\/100|[from] Recoil\n|\n|upkeep\n|turn|4\n|\n|t:|1683943082\n|move|p1b: Annihilape|Bulk Up|p1b: Annihilape\n|-boost|p1b: Annihilape|atk|1\n|-boost|p1b: Annihilape|def|1\n|move|p1a: Arcanine|Howl|p1a: Arcanine|[spread] p1a,p1b\n|-boost|p1a: Arcanine|atk|1\n|-boost|p1b: Annihilape|atk|1\n|move|p2a: Great Tusk|Headlong Rush|p1b: Annihilape\n|-damage|p1b: Annihilape|71\/100\n|-unboost|p2a: Great Tusk|def|1\n|-unboost|p2a: Great Tusk|spd|1\n|move|p2b: Iron Hands|Wild Charge|p1a: Arcanine\n|-damage|p1a: Arcanine|0 fnt\n|faint|p1a: Arcanine\n|-damage|p2b: Iron Hands|77\/100|[from] Recoil\n|\n|upkeep\n|\n|t:|1683943092\n|switch|p1a: Grimmsnarl|Grimmsnarl, L50, M|32\/100\n|turn|5\n|\n|t:|1683943117\n|-end|p2b: Iron Hands|Quark Drive|[silent]\n|switch|p2b: Garganacl|Garganacl, L50, M, shiny|100\/100\n|move|p1a: Grimmsnarl|Parting Shot|p2b: Garganacl\n|-unboost|p2b: Garganacl|atk|1\n|-unboost|p2b: Garganacl|spa|1\n|move|p1b: Annihilape|Drain Punch|p2a: Great Tusk\n|-damage|p2a: Great Tusk|0 fnt\n|-heal|p1b: Annihilape|95\/100|[from] drain|[of] p2a: Great Tusk\n|faint|p2a: Great Tusk\n|-end|p2a: Great Tusk|Protosynthesis|[silent]\n|\n|upkeep\n|\n|t:|1683943127\n|switch|p2a: Flutter Mane|Flutter Mane, L50, shiny, tera:Fairy|77\/100\n|turn|6\n|\n|t:|1683943141\n|-terastallize|p1b: Annihilape|Water\n|move|p1a: Grimmsnarl|Parting Shot|p2a: Flutter Mane\n|-unboost|p2a: Flutter Mane|atk|1\n|-unboost|p2a: Flutter Mane|spa|1\n|move|p2a: Flutter Mane|Shadow Ball|p1b: Annihilape\n|-damage|p1b: Annihilape|54\/100\n|-unboost|p1b: Annihilape|spd|1\n|-ability|p1b: Annihilape|Defiant|boost\n|-boost|p1b: Annihilape|atk|2\n|move|p1b: Annihilape|Rage Fist|p2a: Flutter Mane\n|-damage|p2a: Flutter Mane|0 fnt\n|faint|p2a: Flutter Mane\n|-end|p2a: Flutter Mane|Protosynthesis|[silent]\n|move|p2b: Garganacl|Salt Cure|p1a: Grimmsnarl\n|-damage|p1a: Grimmsnarl|21\/100\n|-start|p1a: Grimmsnarl|Salt Cure\n|\n|-damage|p1a: Grimmsnarl|9\/100|[from] Salt Cure\n|upkeep\n|\n|t:|1683943158\n|switch|p2a: Iron Hands|Iron Hands, L50, shiny|77\/100\n|turn|7\n|\n|t:|1683943164\n|move|p1b: Annihilape|Protect|p1b: Annihilape\n|-singleturn|p1b: Annihilape|Protect\n|move|p2a: Iron Hands|Fake Out|p1b: Annihilape\n|-activate|p1b: Annihilape|move: Protect\n|move|p1a: Grimmsnarl|Taunt|p2b: Garganacl\n|-start|p2b: Garganacl|move: Taunt\n|move|p2b: Garganacl|Salt Cure|p1b: Annihilape\n|-activate|p1b: Annihilape|move: Protect\n|\n|-damage|p1a: Grimmsnarl|0 fnt|[from] Salt Cure\n|faint|p1a: Grimmsnarl\n|upkeep\n|turn|8\n|\n|t:|1683943179\n|move|p1b: Annihilape|Drain Punch|p2b: Garganacl\n|-supereffective|p2b: Garganacl\n|-damage|p2b: Garganacl|0 fnt\n|-heal|p1b: Annihilape|100\/100|[from] drain|[of] p2b: Garganacl\n|faint|p2b: Garganacl\n|move|p2a: Iron Hands|Wild Charge|p1b: Annihilape\n|-supereffective|p1b: Annihilape\n|-damage|p1b: Annihilape|44\/100\n|-damage|p2a: Iron Hands|64\/100|[from] Recoil\n|\n|upkeep\n|turn|9\n|\n|t:|1683943189\n|move|p1b: Annihilape|Rage Fist|p2a: Iron Hands\n|-damage|p2a: Iron Hands|0 fnt\n|faint|p2a: Iron Hands\n|-end|p2a: Iron Hands|Quark Drive|[silent]\n|\n|win|PONLO_A25PRUEBA\n|raw|PONLO_A25PRUEBA's rating: 1403 → 1419<\/strong> (+16 for winning)\n|raw|Igpvala's rating: 1338 → 1322<\/strong> (-16 for losing)\n|l|\u2606PONLO_A25PRUEBA\n","uploadtime":1683943195,"views":8,"p1id":"ponloa25prueba","p2id":"igpvala","formatid":"gen9vgc2023regulationc","rating":1322,"private":0,"password":""}