{"id":"gen9vgc2023regulationc-1859200636","p1":"Jogmymind","p2":"Zydroxequil","format":"[Gen 9] VGC 2023 Regulation C","log":"|j|\u2606Jogmymind\n|j|\u2606Zydroxequil\n|t:|1683417088\n|gametype|doubles\n|player|p1|Jogmymind|ethan|1098\n|player|p2|Zydroxequil|psychic-gen4|1207\n|teamsize|p1|6\n|teamsize|p2|6\n|gen|9\n|tier|[Gen 9] VGC 2023 Regulation C\n|rated|\n|rule|Species Clause: Limit one of each Pok\u00e9mon\n|rule|Item Clause: Limit one of each item\n|clearpoke\n|poke|p1|Scovillain, L50, M|\n|poke|p1|Lurantis, L50, M|\n|poke|p1|Iron Bundle, L50|\n|poke|p1|Arcanine, L50, F|\n|poke|p1|Dragapult, L50, F|\n|poke|p1|Ting-Lu, L50|\n|poke|p2|Farigiraf, L50, M|\n|poke|p2|Tyranitar, L50, F|\n|poke|p2|Bronzong, L50|\n|poke|p2|Ting-Lu, L50|\n|poke|p2|Flutter Mane, L50|\n|poke|p2|Garganacl, L50, M|\n|teampreview|4\n|inactive|Battle timer is ON: inactive players will automatically lose when time's up. (requested by Jogmymind)\n|inactive|Zydroxequil has 60 seconds left.\nJogmymind has agreed to open team sheets.\n|\n|t:|1683417139\n|start\n|switch|p1a: Scovillain|Scovillain, L50, M|100\/100\n|switch|p1b: Dragapult|Dragapult, L50, F|100\/100\n|switch|p2a: Bronzong|Bronzong, L50|100\/100\n|switch|p2b: Flutter Mane|Flutter Mane, L50|100\/100\n|turn|1\n|inactive|Zydroxequil has 30 seconds left.\n|\n|t:|1683417169\n|-terastallize|p1b: Dragapult|Water\n|move|p1b: Dragapult|Phantom Force||[still]\n|-prepare|p1b: Dragapult|Phantom Force\n|move|p2b: Flutter Mane|Moonblast|p1b: Dragapult|[miss]\n|-miss|p2b: Flutter Mane|p1b: Dragapult\n|move|p1a: Scovillain|Spicy Extract|p2b: Flutter Mane\n|-boost|p2b: Flutter Mane|atk|2\n|-unboost|p2b: Flutter Mane|def|2\n|-enditem|p1b: Dragapult|Mirror Herb\n|-boost|p1b: Dragapult|atk|2|[from] item: Mirror Herb\n|move|p2a: Bronzong|Trick Room|p2a: Bronzong\n|-fieldstart|move: Trick Room|[of] p2a: Bronzong\n|\n|-ability|p1a: Scovillain|Moody|boost\n|-boost|p1a: Scovillain|spa|2\n|-unboost|p1a: Scovillain|spd|1\n|upkeep\n|turn|2\n|inactive|Jogmymind has 30 seconds left.\n|inactive|Zydroxequil has 30 seconds left.\n|\n|t:|1683417201\n|switch|p2a: Ting-Lu|Ting-Lu, L50|100\/100\n|-ability|p2a: Ting-Lu|Vessel of Ruin\n|move|p1a: Scovillain|Flamethrower|p2a: Ting-Lu\n|-damage|p2a: Ting-Lu|75\/100\n|-status|p2a: Ting-Lu|brn\n|move|p2b: Flutter Mane|Moonblast|p1a: Scovillain\n|-resisted|p1a: Scovillain\n|-damage|p1a: Scovillain|40\/100\n|-unboost|p1a: Scovillain|spa|1\n|move|p1b: Dragapult|Phantom Force|p2b: Flutter Mane|[from]lockedmove\n|-supereffective|p2b: Flutter Mane\n|-crit|p2b: Flutter Mane\n|-damage|p2b: Flutter Mane|0 fnt\n|faint|p2b: Flutter Mane\n|-end|p2b: Flutter Mane|Protosynthesis|[silent]\n|\n|-damage|p2a: Ting-Lu|69\/100 brn|[from] brn\n|-ability|p1a: Scovillain|Moody|boost\n|-boost|p1a: Scovillain|atk|2\n|-unboost|p1a: Scovillain|spa|1\n|upkeep\n|\n|t:|1683417204\n|switch|p2b: Tyranitar|Tyranitar, L50, F, shiny|100\/100\n|-weather|Sandstorm|[from] ability: Sand Stream|[of] p2b: Tyranitar\n|turn|3\n|inactive|Jogmymind has 30 seconds left.\n|\n|t:|1683417232\n|-terastallize|p2b: Tyranitar|Flying\n|move|p2a: Ting-Lu|Earthquake|p1a: Scovillain|[spread] p1a,p1b\n|-immune|p2b: Tyranitar\n|-damage|p1a: Scovillain|13\/100\n|-damage|p1b: Dragapult|73\/100\n|move|p2b: Tyranitar|Rock Slide|p1b: Dragapult|[spread] p1a,p1b\n|-supereffective|p1a: Scovillain\n|-damage|p1a: Scovillain|0 fnt\n|-damage|p1b: Dragapult|36\/100\n|faint|p1a: Scovillain\n|cant|p1b: Dragapult|flinch\n|\n|-weather|Sandstorm|[upkeep]\n|-damage|p2b: Tyranitar|95\/100|[from] Sandstorm\n|-damage|p1b: Dragapult|30\/100|[from] Sandstorm\n|-damage|p2a: Ting-Lu|63\/100 brn|[from] brn\n|upkeep\n|\n|t:|1683417246\n|switch|p1a: Arcanine|Arcanine, L50, F|100\/100\n|-ability|p1a: Arcanine|Intimidate|boost\n|-unboost|p2a: Ting-Lu|atk|1\n|-unboost|p2b: Tyranitar|atk|1\n|turn|4\n|\n|t:|1683417259\n|move|p2a: Ting-Lu|Earthquake|p1a: Arcanine|[spread] p1a,p1b\n|-immune|p2b: Tyranitar\n|-supereffective|p1a: Arcanine\n|-damage|p1a: Arcanine|74\/100\n|-damage|p1b: Dragapult|14\/100\n|move|p2b: Tyranitar|Rock Slide|p1a: Arcanine|[spread] p1a,p1b\n|-supereffective|p1a: Arcanine\n|-damage|p1a: Arcanine|33\/100\n|-damage|p1b: Dragapult|0 fnt\n|faint|p1b: Dragapult\n|move|p1a: Arcanine|Will-O-Wisp|p2b: Tyranitar\n|-status|p2b: Tyranitar|brn\n|\n|-weather|Sandstorm|[upkeep]\n|-damage|p2b: Tyranitar|89\/100 brn|[from] Sandstorm\n|-damage|p1a: Arcanine|27\/100|[from] Sandstorm\n|-heal|p1a: Arcanine|33\/100|[from] item: Leftovers\n|-damage|p2a: Ting-Lu|57\/100 brn|[from] brn\n|-damage|p2b: Tyranitar|83\/100 brn|[from] brn\n|upkeep\n|\n|t:|1683417266\n|switch|p1b: Iron Bundle|Iron Bundle, L50|100\/100\n|-enditem|p1b: Iron Bundle|Booster Energy\n|-activate|p1b: Iron Bundle|ability: Quark Drive|[fromitem]\n|-start|p1b: Iron Bundle|quarkdrivespa\n|turn|5\n|\n|t:|1683417278\n|switch|p2b: Bronzong|Bronzong, L50|100\/100\n|move|p1a: Arcanine|Protect|p1a: Arcanine\n|-singleturn|p1a: Arcanine|Protect\n|move|p2a: Ting-Lu|Stomping Tantrum|p1a: Arcanine\n|-activate|p1a: Arcanine|move: Protect\n|move|p1b: Iron Bundle|Ice Beam|p2b: Bronzong\n|-resisted|p2b: Bronzong\n|-damage|p2b: Bronzong|83\/100\n|-status|p2b: Bronzong|frz\n|-enditem|p2b: Bronzong|Lum Berry|[eat]\n|-curestatus|p2b: Bronzong|frz|[msg]\n|\n|-weather|Sandstorm|[upkeep]\n|-damage|p1a: Arcanine|27\/100|[from] Sandstorm\n|-damage|p1b: Iron Bundle|94\/100|[from] Sandstorm\n|-heal|p1a: Arcanine|33\/100|[from] item: Leftovers\n|-damage|p2a: Ting-Lu|51\/100 brn|[from] brn\n|-fieldend|move: Trick Room\n|upkeep\n|turn|6\n|\n|t:|1683417292\n|move|p2b: Bronzong|Protect|p2b: Bronzong\n|-singleturn|p2b: Bronzong|Protect\n|move|p1b: Iron Bundle|Hydro Pump|p2a: Ting-Lu|[miss]\n|-miss|p1b: Iron Bundle|p2a: Ting-Lu\n|move|p1a: Arcanine|Flare Blitz|p2b: Bronzong\n|-activate|p2b: Bronzong|move: Protect\n|move|p2a: Ting-Lu|Stomping Tantrum|p1a: Arcanine\n|-supereffective|p1a: Arcanine\n|-damage|p1a: Arcanine|4\/100\n|\n|-weather|Sandstorm|[upkeep]\n|-damage|p1b: Iron Bundle|88\/100|[from] Sandstorm\n|-damage|p1a: Arcanine|0 fnt|[from] Sandstorm\n|faint|p1a: Arcanine\n|-damage|p2a: Ting-Lu|45\/100 brn|[from] brn\n|upkeep\n|turn|7\n|\n|t:|1683417298\n|move|p1b: Iron Bundle|Hydro Pump|p2a: Ting-Lu\n|-supereffective|p2a: Ting-Lu\n|-damage|p2a: Ting-Lu|0 fnt\n|faint|p2a: Ting-Lu\n|move|p2b: Bronzong|Trick Room|p2b: Bronzong\n|-fieldstart|move: Trick Room|[of] p2b: Bronzong\n|\n|-weather|none\n|upkeep\n|\n|t:|1683417302\n|switch|p2a: Tyranitar|Tyranitar, L50, F, shiny, tera:Flying|83\/100 brn\n|-weather|Sandstorm|[from] ability: Sand Stream|[of] p2a: Tyranitar\n|turn|8\n|\n|t:|1683417311\n|move|p2b: Bronzong|Gyro Ball|p1b: Iron Bundle\n|-damage|p1b: Iron Bundle|32\/100\n|move|p2a: Tyranitar|Rock Slide|p1b: Iron Bundle\n|-supereffective|p1b: Iron Bundle\n|-damage|p1b: Iron Bundle|0 fnt\n|faint|p1b: Iron Bundle\n|-end|p1b: Iron Bundle|Quark Drive|[silent]\n|\n|win|Zydroxequil\n|raw|Jogmymind's rating: 1098 → 1081<\/strong> (-17 for losing)\n|raw|Zydroxequil's rating: 1207 → 1224<\/strong> (+17 for winning)\n|l|\u2606Jogmymind\n","uploadtime":1683417321,"views":11,"p1id":"jogmymind","p2id":"zydroxequil","formatid":"gen9vgc2023regulationc","rating":1081,"private":0,"password":""}