{"id":"gen9vgc2023regulationc-1847073812","p1":"ChiangWu","p2":"Kuantize","format":"[Gen 9] VGC 2023 Regulation C","log":"|j|\u2606ChiangWu\n|j|\u2606Kuantize\n|t:|1681916903\n|gametype|doubles\n|player|p1|ChiangWu|101|1376\n|player|p2|Kuantize|cynthia-gen4|1430\n|teamsize|p1|6\n|teamsize|p2|6\n|gen|9\n|tier|[Gen 9] VGC 2023 Regulation C\n|rated|\n|rule|Species Clause: Limit one of each Pok\u00e9mon\n|rule|Item Clause: Limit one of each item\n|clearpoke\n|poke|p1|Dragapult, L50, M|\n|poke|p1|Farigiraf, L50, M|\n|poke|p1|Torkoal, L50, M|\n|poke|p1|Hariyama, L50, M|\n|poke|p1|Glimmora, L50, M|\n|poke|p1|Chien-Pao, L50|\n|poke|p2|Dondozo, L50, F|\n|poke|p2|Tatsugiri-Droopy, L50, M|\n|poke|p2|Pelipper, L50, F|\n|poke|p2|Barraskewda, L50, M|\n|poke|p2|Palafin, L50, F|\n|poke|p2|Gyarados, L50, M|\n|teampreview|4\nChiangWu rejected open team sheets.\n|\n|t:|1681916947\n|start\n|switch|p1a: Hariyama|Hariyama, L50, M, shiny|100\/100\n|switch|p1b: Farigiraf|Farigiraf, L50, M|100\/100\n|switch|p2a: Gyarados|Gyarados, L50, M|100\/100\n|switch|p2b: Palafin|Palafin, L50, F|100\/100\n|-ability|p2a: Gyarados|Intimidate|boost\n|-unboost|p1a: Hariyama|atk|1\n|-unboost|p1b: Farigiraf|atk|1\n|turn|1\n|inactive|Battle timer is ON: inactive players will automatically lose when time's up. (requested by ChiangWu)\n|\n|t:|1681917000\n|detailschange|p2b: Palafin|Palafin-Hero, L50, F\n|switch|p2b: Barraskewda|Barraskewda, L50, M|100\/100\n|move|p1a: Hariyama|Fake Out|p2a: Gyarados\n|-damage|p2a: Gyarados|90\/100\n|cant|p2a: Gyarados|flinch\n|move|p1b: Farigiraf|Trick Room|p1b: Farigiraf\n|-fieldstart|move: Trick Room|[of] p1b: Farigiraf\n|\n|-status|p1a: Hariyama|brn|[from] item: Flame Orb\n|upkeep\n|turn|2\n|inactive|Kuantize has 30 seconds left.\n|\n|t:|1681917033\n|move|p2a: Gyarados|Protect|p2a: Gyarados\n|-singleturn|p2a: Gyarados|Protect\n|move|p1a: Hariyama|Close Combat|p2b: Barraskewda\n|-damage|p2b: Barraskewda|5\/100\n|-unboost|p1a: Hariyama|def|1\n|-unboost|p1a: Hariyama|spd|1\n|move|p1b: Farigiraf|Dazzling Gleam|p2a: Gyarados|[spread] p2b\n|-activate|p2a: Gyarados|move: Protect\n|-damage|p2b: Barraskewda|0 fnt\n|faint|p2b: Barraskewda\n|\n|-damage|p1a: Hariyama|95\/100 brn|[from] brn\n|upkeep\n|\n|t:|1681917049\n|switch|p2b: Palafin|Palafin-Hero, L50, F|100\/100\n|-activate|p2b: Palafin|ability: Zero to Hero\n|turn|3\n|\n|t:|1681917061\n|-terastallize|p1a: Hariyama|Steel\n|-terastallize|p2a: Gyarados|Flying\n|move|p2b: Palafin|Protect|p2b: Palafin\n|-singleturn|p2b: Palafin|Protect\n|move|p1a: Hariyama|Close Combat|p2b: Palafin\n|-activate|p2b: Palafin|move: Protect\n|move|p1b: Farigiraf|Dazzling Gleam|p2a: Gyarados|[spread] p2a\n|-activate|p2b: Palafin|move: Protect\n|-crit|p2a: Gyarados\n|-damage|p2a: Gyarados|75\/100\n|move|p2a: Gyarados|Tera Blast|p1a: Hariyama\n|-resisted|p1a: Hariyama\n|-damage|p1a: Hariyama|57\/100 brn\n|\n|-damage|p1a: Hariyama|51\/100 brn|[from] brn\n|upkeep\n|turn|4\n|inactive|Kuantize has 30 seconds left.\n|\n|t:|1681917089\n|switch|p2b: Pelipper|Pelipper, L50, F|100\/100\n|-weather|RainDance|[from] ability: Drizzle|[of] p2b: Pelipper\n|move|p1a: Hariyama|Close Combat|p2b: Pelipper\n|-resisted|p2b: Pelipper\n|-crit|p2b: Pelipper\n|-damage|p2b: Pelipper|24\/100\n|-unboost|p1a: Hariyama|def|1\n|-unboost|p1a: Hariyama|spd|1\n|move|p1b: Farigiraf|Psychic|p2a: Gyarados\n|-damage|p2a: Gyarados|50\/100\n|move|p2a: Gyarados|Waterfall|p1a: Hariyama\n|-damage|p1a: Hariyama|0 fnt\n|faint|p1a: Hariyama\n|\n|-weather|RainDance|[upkeep]\n|upkeep\n|\n|t:|1681917103\n|switch|p1a: Torkoal|Torkoal, L50, M, shiny|100\/100\n|-weather|SunnyDay|[from] ability: Drought|[of] p1a: Torkoal\n|turn|5\n|\n|t:|1681917113\n|switch|p2b: Palafin|Palafin-Hero, L50, F|100\/100\n|move|p2a: Gyarados|Protect|p2a: Gyarados\n|-singleturn|p2a: Gyarados|Protect\n|move|p1a: Torkoal|Flamethrower|p2a: Gyarados\n|-activate|p2a: Gyarados|move: Protect\n|move|p1b: Farigiraf|Psychic|p2b: Palafin\n|-damage|p2b: Palafin|68\/100\n|\n|-weather|SunnyDay|[upkeep]\n|-fieldend|move: Trick Room\n|upkeep\n|turn|6\n|\n|t:|1681917137\n|switch|p2a: Pelipper|Pelipper, L50, F|24\/100\n|-weather|RainDance|[from] ability: Drizzle|[of] p2a: Pelipper\n|switch|p1a: Chien-Pao|Chien-Pao, L50|100\/100\n|-ability|p1a: Chien-Pao|Sword of Ruin\n|move|p2b: Palafin|Drain Punch|p1a: Chien-Pao\n|-supereffective|p1a: Chien-Pao\n|-enditem|p1a: Chien-Pao|Focus Sash\n|-damage|p1a: Chien-Pao|1\/100\n|-heal|p2b: Palafin|100\/100|[from] drain|[of] p1a: Chien-Pao\n|move|p1b: Farigiraf|Psychic|p2b: Palafin\n|-damage|p2b: Palafin|64\/100\n|\n|-weather|RainDance|[upkeep]\n|upkeep\n|turn|7\n|inactive|Kuantize has 30 seconds left.\n|\n|t:|1681917167\n|switch|p2a: Gyarados|Gyarados, L50, M, tera:Flying|50\/100\n|-ability|p2a: Gyarados|Intimidate|boost\n|-unboost|p1a: Chien-Pao|atk|1\n|-unboost|p1b: Farigiraf|atk|1\n|move|p2b: Palafin|Protect|p2b: Palafin\n|-singleturn|p2b: Palafin|Protect\n|move|p1a: Chien-Pao|Sucker Punch||[still]\n|-fail|p1a: Chien-Pao\n|move|p1b: Farigiraf|Psychic|p2a: Gyarados\n|-damage|p2a: Gyarados|24\/100\n|-unboost|p2a: Gyarados|spd|1\n|\n|-weather|RainDance|[upkeep]\n|upkeep\n|turn|8\n|inactive|Kuantize has 30 seconds left.\n|inactive|Kuantize has 20 seconds left.\n|inactive|Kuantize has 15 seconds left.\n|inactive|Kuantize has 10 seconds left.\n|\n|t:|1681917213\n|switch|p1a: Torkoal|Torkoal, L50, M, shiny|100\/100\n|-weather|SunnyDay|[from] ability: Drought|[of] p1a: Torkoal\n|move|p2b: Palafin|Drain Punch|p1b: Farigiraf\n|-damage|p1b: Farigiraf|67\/100\n|-heal|p2b: Palafin|83\/100|[from] drain|[of] p1b: Farigiraf\n|move|p2a: Gyarados|Thunder Wave|p1b: Farigiraf\n|-status|p1b: Farigiraf|par\n|cant|p1b: Farigiraf|par\n|\n|-weather|SunnyDay|[upkeep]\n|upkeep\n|turn|9\n|\n|t:|1681917236\n|switch|p2a: Pelipper|Pelipper, L50, F|24\/100\n|-weather|RainDance|[from] ability: Drizzle|[of] p2a: Pelipper\n|switch|p1a: Chien-Pao|Chien-Pao, L50|1\/100\n|-ability|p1a: Chien-Pao|Sword of Ruin\n|move|p2b: Palafin|Drain Punch|p1a: Chien-Pao\n|-supereffective|p1a: Chien-Pao\n|-damage|p1a: Chien-Pao|0 fnt\n|-heal|p2b: Palafin|83\/100|[from] drain|[of] p1a: Chien-Pao\n|faint|p1a: Chien-Pao\n|move|p1b: Farigiraf|Trick Room|p1b: Farigiraf\n|-fieldstart|move: Trick Room|[of] p1b: Farigiraf\n|\n|-weather|RainDance|[upkeep]\n|upkeep\n|\n|t:|1681917249\n|switch|p1a: Torkoal|Torkoal, L50, M, shiny|100\/100\n|-weather|SunnyDay|[from] ability: Drought|[of] p1a: Torkoal\n|turn|10\n|\n|t:|1681917257\n|switch|p2a: Gyarados|Gyarados, L50, M, tera:Flying|24\/100\n|-ability|p2a: Gyarados|Intimidate|boost\n|-unboost|p1a: Torkoal|atk|1\n|-unboost|p1b: Farigiraf|atk|1\n|move|p2b: Palafin|Protect|p2b: Palafin\n|-singleturn|p2b: Palafin|Protect\n|move|p1a: Torkoal|Eruption|p2b: Palafin|[spread] p2a\n|-activate|p2b: Palafin|move: Protect\n|-damage|p2a: Gyarados|0 fnt\n|faint|p2a: Gyarados\n|move|p1b: Farigiraf|Psychic|p2b: Palafin\n|-activate|p2b: Palafin|move: Protect\n|\n|-weather|SunnyDay|[upkeep]\n|upkeep\n|\n|t:|1681917270\n|switch|p2a: Pelipper|Pelipper, L50, F|24\/100\n|-weather|RainDance|[from] ability: Drizzle|[of] p2a: Pelipper\n|turn|11\n|-message|ChiangWu forfeited.\n|\n|win|Kuantize\n|raw|ChiangWu's rating: 1376 → 1359<\/strong> (-17 for losing)\n|raw|Kuantize's rating: 1430 → 1447<\/strong> (+17 for winning)\n|l|\u2606ChiangWu\n","uploadtime":1681917308,"views":6,"p1id":"chiangwu","p2id":"kuantize","formatid":"gen9vgc2023regulationc","rating":1359,"private":0,"password":""}