{"id":"gen9vgc2023regulationc-1859878125","p1":"appokalypstik","p2":"Valquesse","format":"[Gen 9] VGC 2023 Regulation C","log":"|j|\u2606appokalypstik\n|j|\u2606Valquesse\n|t:|1683572098\n|gametype|doubles\n|player|p1|appokalypstik|roxie|1596\n|player|p2|Valquesse|roughneck-gen4|1683\n|teamsize|p1|6\n|teamsize|p2|6\n|gen|9\n|tier|[Gen 9] VGC 2023 Regulation C\n|rated|\n|rule|Species Clause: Limit one of each Pok\u00e9mon\n|rule|Item Clause: Limit one of each item\n|clearpoke\n|poke|p1|Wo-Chien, L50|\n|poke|p1|Farigiraf, L50, F|\n|poke|p1|Murkrow, L50, F|\n|poke|p1|Rotom-Wash, L50|\n|poke|p1|Great Tusk, L50|\n|poke|p1|Chi-Yu, L50|\n|poke|p2|Flutter Mane, L50|\n|poke|p2|Amoonguss, L50, M|\n|poke|p2|Ting-Lu, L50|\n|poke|p2|Maushold-Four, L50|\n|poke|p2|Annihilape, L50, M|\n|poke|p2|Arcanine, L50, F|\n|teampreview|4\n|inactive|Battle timer is ON: inactive players will automatically lose when time's up. (requested by appokalypstik)\n|\n|t:|1683572134\n|start\n|switch|p1a: Goobrow|Murkrow, L50, F|100\/100\n|switch|p1b: Great Goob|Great Tusk, L50|100\/100\n|switch|p2a: Maushold|Maushold-Four, L50|100\/100\n|switch|p2b: Annihilape|Annihilape, L50, M|100\/100\n|turn|1\n|\n|t:|1683572154\n|move|p2a: Maushold|Protect|p2a: Maushold\n|-singleturn|p2a: Maushold|Protect\n|move|p1a: Goobrow|Tailwind|p1a: Goobrow\n|-sidestart|p1: appokalypstik|move: Tailwind\n|move|p1b: Great Goob|Earthquake|p2b: Annihilape|[spread] p2b\n|-activate|p2a: Maushold|move: Protect\n|-immune|p1a: Goobrow\n|-damage|p2b: Annihilape|53\/100\n|move|p2b: Annihilape|Bulk Up|p2b: Annihilape\n|-boost|p2b: Annihilape|atk|1\n|-boost|p2b: Annihilape|def|1\n|\n|-heal|p2b: Annihilape|59\/100|[from] item: Leftovers\n|upkeep\n|turn|2\n|inactive|Valquesse has 30 seconds left.\n|\n|t:|1683572179\n|move|p2a: Maushold|Follow Me|p2a: Maushold\n|-singleturn|p2a: Maushold|move: Follow Me\n|move|p1a: Goobrow|Haze|p1a: Goobrow\n|-clearallboost\n|move|p1b: Great Goob|Earthquake|p2a: Maushold|[spread] p2a,p2b\n|-immune|p1a: Goobrow\n|-damage|p2a: Maushold|41\/100\n|-damage|p2b: Annihilape|15\/100\n|move|p2b: Annihilape|Drain Punch|p1a: Goobrow\n|-damage|p1a: Goobrow|10\/100\n|-heal|p2b: Annihilape|45\/100|[from] drain|[of] p1a: Goobrow\n|\n|-heal|p2b: Annihilape|51\/100|[from] item: Leftovers\n|upkeep\n|turn|3\n|\n|t:|1683572195\n|move|p2a: Maushold|Protect|p2a: Maushold\n|-singleturn|p2a: Maushold|Protect\n|move|p2b: Annihilape|Protect|p2b: Annihilape\n|-singleturn|p2b: Annihilape|Protect\n|move|p1a: Goobrow|Brave Bird|p2b: Annihilape\n|-activate|p2b: Annihilape|move: Protect\n|move|p1b: Great Goob|Earthquake|p2b: Annihilape|[spread] \n|-activate|p2a: Maushold|move: Protect\n|-activate|p2b: Annihilape|move: Protect\n|-immune|p1a: Goobrow\n|\n|-heal|p2b: Annihilape|57\/100|[from] item: Leftovers\n|upkeep\n|turn|4\n|j| TrendanBrendan\n|inactive|Valquesse has 30 seconds left.\n|\n|t:|1683572225\n|move|p2a: Maushold|Follow Me|p2a: Maushold\n|-singleturn|p2a: Maushold|move: Follow Me\n|move|p1a: Goobrow|Brave Bird|p2a: Maushold\n|-damage|p2a: Maushold|0 fnt\n|faint|p2a: Maushold\n|-damage|p1a: Goobrow|0 fnt|[from] Recoil\n|faint|p1a: Goobrow\n|move|p1b: Great Goob|Earthquake|p2b: Annihilape\n|-damage|p2b: Annihilape|0 fnt\n|faint|p2b: Annihilape\n|\n|-sideend|p1: appokalypstik|move: Tailwind\n|upkeep\n|\n|t:|1683572235\n|switch|p1a: Chi-Yu-Shamones|Chi-Yu, L50|100\/100\n|switch|p2a: Amoonguss|Amoonguss, L50, M|100\/100\n|switch|p2b: Flutter Mane|Flutter Mane, L50|100\/100\n|-ability|p1a: Chi-Yu-Shamones|Beads of Ruin\n|turn|5\n|inactive|Valquesse has 30 seconds left.\n|\n|t:|1683572261\n|-end|p1b: Great Goob|Protosynthesis|[silent]\n|switch|p1b: Wo-Chien-Goobs|Wo-Chien, L50|100\/100\n|-ability|p1b: Wo-Chien-Goobs|Tablets of Ruin\n|-terastallize|p1a: Chi-Yu-Shamones|Grass\n|-terastallize|p2a: Amoonguss|Water\n|move|p2b: Flutter Mane|Protect|p2b: Flutter Mane\n|-singleturn|p2b: Flutter Mane|Protect\n|move|p1a: Chi-Yu-Shamones|Snarl|p2a: Amoonguss|[spread] p2a\n|-activate|p2b: Flutter Mane|move: Protect\n|-damage|p2a: Amoonguss|74\/100\n|-unboost|p2a: Amoonguss|spa|1\n|move|p2a: Amoonguss|Spore|p1a: Chi-Yu-Shamones\n|-immune|p1a: Chi-Yu-Shamones\n|\n|upkeep\n|turn|6\n|j| Kariami\n|l| Kariami\n|\n|t:|1683572285\n|move|p2b: Flutter Mane|Moonblast|p1b: Wo-Chien-Goobs\n|-supereffective|p1b: Wo-Chien-Goobs\n|-damage|p1b: Wo-Chien-Goobs|4\/100\n|move|p1a: Chi-Yu-Shamones|Tera Blast|p2a: Amoonguss\n|-supereffective|p2a: Amoonguss\n|-damage|p2a: Amoonguss|0 fnt\n|faint|p2a: Amoonguss\n|move|p1b: Wo-Chien-Goobs|Leech Seed|p2b: Flutter Mane\n|-start|p2b: Flutter Mane|move: Leech Seed\n|\n|-heal|p1b: Wo-Chien-Goobs|10\/100|[from] item: Leftovers\n|-damage|p2b: Flutter Mane|88\/100|[from] Leech Seed|[of] p1b: Wo-Chien-Goobs\n|-heal|p1b: Wo-Chien-Goobs|18\/100|[silent]\n|upkeep\n|turn|7\n|\n|t:|1683572297\n|move|p1b: Wo-Chien-Goobs|Protect|p1b: Wo-Chien-Goobs\n|-singleturn|p1b: Wo-Chien-Goobs|Protect\n|move|p2b: Flutter Mane|Moonblast|p1a: Chi-Yu-Shamones\n|-damage|p1a: Chi-Yu-Shamones|71\/100\n|move|p1a: Chi-Yu-Shamones|Dark Pulse|p2b: Flutter Mane\n|-damage|p2b: Flutter Mane|27\/100\n|\n|-heal|p1b: Wo-Chien-Goobs|24\/100|[from] item: Leftovers\n|-damage|p2b: Flutter Mane|15\/100|[from] Leech Seed|[of] p1b: Wo-Chien-Goobs\n|-heal|p1b: Wo-Chien-Goobs|33\/100|[silent]\n|upkeep\n|turn|8\n|-message|Valquesse forfeited.\n|\n|win|appokalypstik\n|raw|appokalypstik's rating: 1596 → 1621<\/strong> (+25 for winning)\n|raw|Valquesse's rating: 1683 → 1658<\/strong> (-25 for losing)\n|l|\u2606Valquesse\n","uploadtime":1683572397,"views":8,"p1id":"appokalypstik","p2id":"valquesse","formatid":"gen9vgc2023regulationc","rating":1621,"private":0,"password":""}