{"id":"gen9vgc2023regulationc-1845690877","p1":"muddyswamppert","p2":"Keveloper","format":"[Gen 9] VGC 2023 Regulation C","log":"|j|\u2606muddyswamppert\n|j|\u2606Keveloper\n|t:|1681755901\n|gametype|doubles\n|player|p1|muddyswamppert|cynthia-gen4|\n|player|p2|Keveloper|ash|\n|teamsize|p1|6\n|teamsize|p2|6\n|gen|9\n|tier|[Gen 9] VGC 2023 Regulation C\n|rule|Species Clause: Limit one of each Pok\u00e9mon\n|rule|Item Clause: Limit one of each item\n|clearpoke\n|poke|p1|Dragonite, L50, F|\n|poke|p1|Chien-Pao, L50|\n|poke|p1|Scizor, L50, M|\n|poke|p1|Ting-Lu, L50|\n|poke|p1|Arcanine, L50, M|\n|poke|p1|Baxcalibur, L50, F|\n|poke|p2|Orthworm, L50, M|\n|poke|p2|Dragonite, L50, F|\n|poke|p2|Ting-Lu, L50|\n|poke|p2|Gyarados, L50, F|\n|poke|p2|Flutter Mane, L50|\n|poke|p2|Chien-Pao, L50|\n|teampreview|4\n|inactive|Battle timer is ON: inactive players will automatically lose when time's up. (requested by muddyswamppert)\n|c|\u2606muddyswamppert|glhf\n|c|\u2606Keveloper|u2\n|inactive|Keveloper has 60 seconds left.\nmuddyswamppert has agreed to open team sheets.\nKeveloper has agreed to open team sheets.\n|\n|t:|1681755959\n|start\n|switch|p1a: Chien-Pao|Chien-Pao, L50|100\/100\n|switch|p1b: Scizor|Scizor, L50, M|100\/100\n|switch|p2a: Orthworm|Orthworm, L50, M|100\/100\n|switch|p2b: Ting-Lu|Ting-Lu, L50|100\/100\n|-ability|p1a: Chien-Pao|Sword of Ruin\n|-ability|p2b: Ting-Lu|Vessel of Ruin\n|turn|1\n|inactive|muddyswamppert has 30 seconds left.\n|inactive|Keveloper has 30 seconds left.\n|inactive|muddyswamppert has 20 seconds left.\n|inactive|Keveloper has 20 seconds left.\n|inactive|muddyswamppert has 15 seconds left.\n|\n|t:|1681756001\n|-terastallize|p2b: Ting-Lu|Water\n|move|p1a: Chien-Pao|Sacred Sword|p2b: Ting-Lu\n|-damage|p2b: Ting-Lu|75\/100\n|move|p2b: Ting-Lu|Earthquake|p1b: Scizor|[spread] p1a,p1b\n|-immune|p2a: Orthworm|[from] ability: Earth Eater\n|-damage|p1a: Chien-Pao|33\/100\n|-damage|p1b: Scizor|34\/100\n|move|p2a: Orthworm|Shed Tail|p2a: Orthworm\n|-start|p2a: Orthworm|Substitute|[from] move: Shed Tail\n|-damage|p2a: Orthworm|50\/100\n|-enditem|p2a: Orthworm|Sitrus Berry|[eat]\n|-heal|p2a: Orthworm|75\/100|[from] item: Sitrus Berry\n|\n|t:|1681756021\n|switch|p2a: Dragonite|Dragonite, L50, F|100\/100|[from] Shed Tail\n|move|p1b: Scizor|Aerial Ace|p2a: Dragonite\n|-end|p2a: Dragonite|Substitute\n|\n|upkeep\n|turn|2\n|\n|t:|1681756033\n|switch|p1b: Dragonite|Dragonite, L50, F|100\/100\n|move|p2a: Dragonite|Extreme Speed|p1a: Chien-Pao\n|-damage|p1a: Chien-Pao|0 fnt\n|faint|p1a: Chien-Pao\n|move|p2b: Ting-Lu|Earthquake|p1b: Dragonite|[spread] \n|-immune|p2a: Dragonite\n|-immune|p1b: Dragonite\n|\n|upkeep\n|\n|t:|1681756037\n|switch|p1a: Arcanine|Arcanine, L50, M|100\/100\n|-ability|p1a: Arcanine|Intimidate|boost\n|-unboost|p2a: Dragonite|atk|1\n|-unboost|p2b: Ting-Lu|atk|1\n|turn|3\n|\n|t:|1681756051\n|switch|p2a: Orthworm|Orthworm, L50, M|75\/100\n|switch|p2b: Gyarados|Gyarados, L50, F|100\/100\n|-ability|p2b: Gyarados|Intimidate|boost\n|-unboost|p1a: Arcanine|atk|1\n|-unboost|p1b: Dragonite|atk|1\n|move|p1a: Arcanine|Will-O-Wisp|p2a: Orthworm|[miss]\n|-miss|p1a: Arcanine|p2a: Orthworm\n|move|p1b: Dragonite|Tailwind|p1b: Dragonite\n|-sidestart|p1: muddyswamppert|move: Tailwind\n|\n|upkeep\n|turn|4\n|inactive|Keveloper has 30 seconds left.\n|\n|t:|1681756085\n|-terastallize|p1b: Dragonite|Flying\n|move|p1a: Arcanine|Flare Blitz|p2a: Orthworm\n|-supereffective|p2a: Orthworm\n|-damage|p2a: Orthworm|25\/100\n|-damage|p1a: Arcanine|86\/100|[from] Recoil\n|move|p1b: Dragonite|Tera Blast|p2b: Gyarados\n|-damage|p2b: Gyarados|59\/100\n|move|p2b: Gyarados|Thunder Wave|p1b: Dragonite\n|-status|p1b: Dragonite|par\n|-enditem|p1b: Dragonite|Lum Berry|[eat]\n|-curestatus|p1b: Dragonite|par|[msg]\n|move|p2a: Orthworm|Heavy Slam|p1b: Dragonite\n|-damage|p1b: Dragonite|94\/100\n|\n|upkeep\n|turn|5\n|inactive|Keveloper has 30 seconds left.\n|\n|t:|1681756111\n|switch|p2a: Ting-Lu|Ting-Lu, L50, tera:Water|75\/100\n|-ability|p2a: Ting-Lu|Vessel of Ruin\n|move|p1a: Arcanine|Snarl|p2b: Gyarados|[spread] p2a,p2b\n|-crit|p2a: Ting-Lu\n|-damage|p2a: Ting-Lu|68\/100\n|-damage|p2b: Gyarados|54\/100\n|-unboost|p2a: Ting-Lu|spa|1\n|-unboost|p2b: Gyarados|spa|1\n|move|p1b: Dragonite|Tera Blast|p2b: Gyarados\n|-damage|p2b: Gyarados|14\/100\n|move|p2b: Gyarados|Bulldoze|p1a: Arcanine|[spread] p2a,p1a\n|-immune|p1b: Dragonite\n|-supereffective|p1a: Arcanine\n|-damage|p2a: Ting-Lu|61\/100\n|-damage|p1a: Arcanine|59\/100\n|-unboost|p2a: Ting-Lu|spe|1\n|-unboost|p1a: Arcanine|spe|1\n|\n|upkeep\n|turn|6\n|\n|t:|1681756135\n|switch|p2b: Orthworm|Orthworm, L50, M|25\/100\n|move|p1b: Dragonite|Extreme Speed|p2b: Orthworm\n|-resisted|p2b: Orthworm\n|-damage|p2b: Orthworm|19\/100\n|move|p1a: Arcanine|Snarl|p2b: Orthworm|[spread] p2a,p2b\n|-damage|p2a: Ting-Lu|55\/100\n|-damage|p2b: Orthworm|10\/100\n|-unboost|p2a: Ting-Lu|spa|1\n|-unboost|p2b: Orthworm|spa|1\n|move|p2a: Ting-Lu|Earthquake|p1b: Dragonite|[spread] p1a\n|-heal|p2b: Orthworm|35\/100|[from] ability: Earth Eater|[of] p2a: Ting-Lu\n|-immune|p1b: Dragonite\n|-supereffective|p1a: Arcanine\n|-damage|p1a: Arcanine|0 fnt\n|faint|p1a: Arcanine\n|\n|-sideend|p1: muddyswamppert|move: Tailwind\n|upkeep\n|\n|t:|1681756138\n|switch|p1a: Scizor|Scizor, L50, M|34\/100\n|turn|7\n|inactive|muddyswamppert has 30 seconds left.\n|\n|t:|1681756170\n|move|p1b: Dragonite|Tera Blast|p2a: Ting-Lu\n|-damage|p2a: Ting-Lu|30\/100\n|move|p2b: Orthworm|Shed Tail|p2b: Orthworm\n|-fail|p2b: Orthworm|move: Shed Tail|[weak]\n|move|p1a: Scizor|Aerial Ace|p2b: Orthworm\n|-resisted|p2b: Orthworm\n|-damage|p2b: Orthworm|18\/100\n|move|p2a: Ting-Lu|Earthquake|p1a: Scizor|[spread] p1a\n|-heal|p2b: Orthworm|43\/100|[from] ability: Earth Eater|[of] p2a: Ting-Lu\n|-immune|p1b: Dragonite\n|-damage|p1a: Scizor|0 fnt\n|faint|p1a: Scizor\n|\n|upkeep\n|turn|8\n|c|\u2606muddyswamppert|gg\n|inactive|Keveloper has 30 seconds left.\n|\n|t:|1681756204\n|switch|p2b: Gyarados|Gyarados, L50, F|14\/100\n|-ability|p2b: Gyarados|Intimidate|boost\n|-unboost|p1b: Dragonite|atk|1\n|switch|p2a: Dragonite|Dragonite, L50, F|100\/100\n|move|p1b: Dragonite|Tera Blast|p2a: Dragonite\n|-damage|p2a: Dragonite|81\/100\n|\n|upkeep\n|turn|9\n|\n|t:|1681756228\n|move|p2a: Dragonite|Extreme Speed|p1b: Dragonite\n|-damage|p1b: Dragonite|67\/100\n|move|p1b: Dragonite|Extreme Speed|p2b: Gyarados\n|-damage|p2b: Gyarados|0 fnt\n|faint|p2b: Gyarados\n|\n|upkeep\n|\n|t:|1681756245\n|switch|p2b: Ting-Lu|Ting-Lu, L50, tera:Water|30\/100\n|-ability|p2b: Ting-Lu|Vessel of Ruin\n|turn|10\n|\n|t:|1681756257\n|move|p2a: Dragonite|Extreme Speed|p1b: Dragonite\n|-damage|p1b: Dragonite|39\/100\n|move|p1b: Dragonite|Ice Spinner|p2a: Dragonite\n|-supereffective|p2a: Dragonite\n|-crit|p2a: Dragonite\n|-damage|p2a: Dragonite|0 fnt\n|faint|p2a: Dragonite\n|move|p2b: Ting-Lu|Rock Slide|p1b: Dragonite\n|-supereffective|p1b: Dragonite\n|-damage|p1b: Dragonite|0 fnt\n|faint|p1b: Dragonite\n|\n|win|Keveloper\n|c|\u2606muddyswamppert|my man your so good\n","uploadtime":1681756269,"views":9,"p1id":"muddyswamppert","p2id":"keveloper","formatid":"gen9vgc2023regulationc","rating":0,"private":0,"password":""}