{"id":"gen9vgc2023regulationc-1844827105","p1":"Geiler Buck","p2":"Testostrazone","format":"[Gen 9] VGC 2023 Regulation C","log":"|j|\u2606Geiler Buck\n|j|\u2606Testostrazone\n|t:|1681653415\n|gametype|doubles\n|player|p1|Geiler Buck|benga|1169\n|player|p2|Testostrazone|brycenman|1058\n|teamsize|p1|6\n|teamsize|p2|6\n|gen|9\n|tier|[Gen 9] VGC 2023 Regulation C\n|rated|\n|rule|Species Clause: Limit one of each Pok\u00e9mon\n|rule|Item Clause: Limit one of each item\n|clearpoke\n|poke|p1|Grimmsnarl, L50, M|\n|poke|p1|Arcanine, L50, F|\n|poke|p1|Iron Hands, L50|\n|poke|p1|Gastrodon-East, L50, F|\n|poke|p1|Sylveon, L50, M|\n|poke|p1|Corviknight, L50, F|\n|poke|p2|Wo-Chien, L50|\n|poke|p2|Gholdengo, L50|\n|poke|p2|Palafin, L50, M|\n|poke|p2|Arcanine, L50, F|\n|poke|p2|Iron Hands, L50|\n|poke|p2|Flutter Mane, L50|\n|teampreview|4\n|\n|t:|1681653474\n|start\n|switch|p1a: grime|Grimmsnarl, L50, M|100\/100\n|switch|p1b: soul|Arcanine, L50, F|100\/100\n|switch|p2a: Gholdengo|Gholdengo, L50|100\/100\n|switch|p2b: Iron Hands|Iron Hands, L50, shiny|100\/100\n|-ability|p1b: soul|Intimidate|boost\n|-unboost|p2a: Gholdengo|atk|1\n|-unboost|p2b: Iron Hands|atk|1\n|turn|1\n|\n|t:|1681653495\n|-terastallize|p2a: Gholdengo|Water\n|move|p2b: Iron Hands|Fake Out|p1a: grime\n|-damage|p1a: grime|90\/100\n|cant|p1a: grime|flinch\n|move|p1b: soul|Snarl|p2a: Gholdengo|[spread] p2a,p2b\n|-resisted|p2b: Iron Hands\n|-damage|p2a: Gholdengo|93\/100\n|-damage|p2b: Iron Hands|98\/100\n|-unboost|p2a: Gholdengo|spa|1\n|-unboost|p2b: Iron Hands|spa|1\n|move|p2a: Gholdengo|Nasty Plot|p2a: Gholdengo\n|-boost|p2a: Gholdengo|spa|2\n|\n|upkeep\n|turn|2\n|\n|t:|1681653517\n|move|p1a: grime|Light Screen|p1a: grime\n|-sidestart|p1: Geiler Buck|move: Light Screen\n|move|p1b: soul|Snarl|p2b: Iron Hands|[spread] p2b\n|-miss|p1b: soul|p2a: Gholdengo\n|-resisted|p2b: Iron Hands\n|-damage|p2b: Iron Hands|96\/100\n|-unboost|p2b: Iron Hands|spa|1\n|move|p2a: Gholdengo|Nasty Plot|p2a: Gholdengo\n|-boost|p2a: Gholdengo|spa|2\n|move|p2b: Iron Hands|Volt Switch|p1b: soul\n|-damage|p1b: soul|97\/100\n|\n|t:|1681653530\n|-end|p2b: Iron Hands|Quark Drive|[silent]\n|switch|p2b: Palafin|Palafin, L50, M|100\/100|[from] Volt Switch\n|\n|upkeep\n|turn|3\n|\n|t:|1681653545\n|detailschange|p2b: Palafin|Palafin-Hero, L50, M\n|switch|p2b: Iron Hands|Iron Hands, L50, shiny|96\/100\n|move|p1b: soul|Snarl|p2b: Iron Hands|[spread] p2a,p2b\n|-resisted|p2b: Iron Hands\n|-damage|p2a: Gholdengo|85\/100\n|-damage|p2b: Iron Hands|93\/100\n|-unboost|p2a: Gholdengo|spa|1\n|-unboost|p2b: Iron Hands|spa|1\n|move|p2a: Gholdengo|Make It Rain|p1a: grime|[spread] p1a,p1b\n|-supereffective|p1a: grime\n|-resisted|p1b: soul\n|-damage|p1a: grime|0 fnt\n|-damage|p1b: soul|76\/100\n|-unboost|p2a: Gholdengo|spa|1\n|faint|p1a: grime\n|\n|upkeep\n|\n|t:|1681653563\n|switch|p1a: trap|Iron Hands, L50|100\/100\n|turn|4\n|\n|t:|1681653571\n|move|p1a: trap|Protect|p1a: trap\n|-singleturn|p1a: trap|Protect\n|move|p2b: Iron Hands|Fake Out|p1a: trap\n|-activate|p1a: trap|move: Protect\n|move|p1b: soul|Extreme Speed|p2a: Gholdengo\n|-damage|p2a: Gholdengo|63\/100\n|move|p2a: Gholdengo|Nasty Plot|p2a: Gholdengo\n|-boost|p2a: Gholdengo|spa|2\n|\n|upkeep\n|turn|5\n|\n|t:|1681653607\n|move|p2a: Gholdengo|Protect|p2a: Gholdengo\n|-singleturn|p2a: Gholdengo|Protect\n|move|p1b: soul|Flare Blitz|p2b: Iron Hands\n|-damage|p2b: Iron Hands|53\/100\n|-damage|p1b: soul|60\/100|[from] Recoil\n|move|p1a: trap|Wild Charge|p2a: Gholdengo\n|-activate|p2a: Gholdengo|move: Protect\n|move|p2b: Iron Hands|Drain Punch|p1b: soul\n|-damage|p1b: soul|16\/100\n|-heal|p2b: Iron Hands|71\/100|[from] drain|[of] p1b: soul\n|\n|upkeep\n|turn|6\n|\n|t:|1681653640\n|switch|p2a: Wo-Chien|Wo-Chien, L50|100\/100\n|-ability|p2a: Wo-Chien|Tablets of Ruin\n|move|p1b: soul|Flare Blitz|p2b: Iron Hands\n|-damage|p2b: Iron Hands|44\/100\n|-damage|p1b: soul|5\/100|[from] Recoil\n|move|p1a: trap|Wild Charge|p2a: Wo-Chien\n|-resisted|p2a: Wo-Chien\n|-damage|p2a: Wo-Chien|86\/100\n|-damage|p1a: trap|98\/100|[from] Recoil\n|move|p2b: Iron Hands|Volt Switch|p1b: soul\n|-damage|p1b: soul|0 fnt\n|faint|p1b: soul\n|\n|t:|1681653660\n|-end|p2b: Iron Hands|Quark Drive|[silent]\n|switch|p2b: Palafin|Palafin-Hero, L50, M|100\/100|[from] Volt Switch\n|-activate|p2b: Palafin|ability: Zero to Hero\n|\n|-heal|p2a: Wo-Chien|93\/100|[from] item: Leftovers\n|upkeep\n|\n|t:|1681653664\n|switch|p1b: grunge|Corviknight, L50, F, shiny|100\/100\n|turn|7\n|\n|t:|1681653679\n|-terastallize|p1a: trap|Grass\n|move|p2b: Palafin|Protect|p2b: Palafin\n|-singleturn|p2b: Palafin|Protect\n|move|p1b: grunge|Bulk Up|p1b: grunge\n|-boost|p1b: grunge|atk|1\n|-boost|p1b: grunge|def|1\n|move|p2a: Wo-Chien|Leech Seed|p1b: grunge\n|-start|p1b: grunge|move: Leech Seed\n|move|p1a: trap|Swords Dance|p1a: trap\n|-boost|p1a: trap|atk|2\n|\n|-heal|p2a: Wo-Chien|99\/100|[from] item: Leftovers\n|-damage|p1b: grunge|88\/100|[from] Leech Seed|[of] p2a: Wo-Chien\n|-heal|p2a: Wo-Chien|100\/100|[silent]\n|upkeep\n|turn|8\n|\n|t:|1681653706\n|move|p2b: Palafin|Haze|p2b: Palafin\n|-clearallboost\n|move|p1b: grunge|Brave Bird|p2a: Wo-Chien\n|-supereffective|p2a: Wo-Chien\n|-damage|p2a: Wo-Chien|50\/100\n|-damage|p1b: grunge|73\/100|[from] Recoil\n|move|p2a: Wo-Chien|Stun Spore|p1a: trap\n|-immune|p1a: trap\n|move|p1a: trap|Drain Punch|p2b: Palafin\n|-damage|p2b: Palafin|73\/100\n|-heal|p1a: trap|100\/100|[from] drain|[of] p2b: Palafin\n|\n|-heal|p2a: Wo-Chien|57\/100|[from] item: Leftovers\n|-damage|p1b: grunge|60\/100|[from] Leech Seed|[of] p2a: Wo-Chien\n|-heal|p2a: Wo-Chien|70\/100|[silent]\n|upkeep\n|turn|9\n|\n|t:|1681653732\n|move|p2b: Palafin|Protect|p2b: Palafin\n|-singleturn|p2b: Palafin|Protect\n|move|p1b: grunge|Roost|p1b: grunge\n|-heal|p1b: grunge|100\/100\n|-singleturn|p1b: grunge|move: Roost\n|move|p2a: Wo-Chien|Pollen Puff|p1a: trap\n|-supereffective|p1a: trap\n|-damage|p1a: trap|82\/100\n|move|p1a: trap|Drain Punch|p2a: Wo-Chien\n|-supereffective|p2a: Wo-Chien\n|-damage|p2a: Wo-Chien|22\/100\n|-heal|p1a: trap|100\/100|[from] drain|[of] p2a: Wo-Chien\n|\n|-heal|p2a: Wo-Chien|28\/100|[from] item: Leftovers\n|-damage|p1b: grunge|88\/100|[from] Leech Seed|[of] p2a: Wo-Chien\n|-heal|p2a: Wo-Chien|41\/100|[silent]\n|-sideend|p1: Geiler Buck|move: Light Screen\n|upkeep\n|turn|10\n|\n|t:|1681653766\n|switch|p2a: Gholdengo|Gholdengo, L50, tera:Water|63\/100\n|move|p2b: Palafin|Wave Crash|p1b: grunge\n|-damage|p1b: grunge|10\/100\n|-damage|p2b: Palafin|47\/100|[from] Recoil\n|move|p1b: grunge|Bulk Up|p1b: grunge\n|-boost|p1b: grunge|atk|1\n|-boost|p1b: grunge|def|1\n|move|p1a: trap|Wild Charge|p2b: Palafin\n|-supereffective|p2b: Palafin\n|-damage|p2b: Palafin|0 fnt\n|faint|p2b: Palafin\n|-damage|p1a: trap|91\/100|[from] Recoil\n|\n|-damage|p1b: grunge|0 fnt|[from] Leech Seed|[of] p2a: Gholdengo\n|-heal|p2a: Gholdengo|74\/100|[silent]\n|faint|p1b: grunge\n|upkeep\n|\n|t:|1681653786\n|switch|p2b: Iron Hands|Iron Hands, L50, shiny|44\/100\n|turn|11\n|\n|t:|1681653794\n|move|p2b: Iron Hands|Fake Out|p1a: trap\n|-crit|p1a: trap\n|-damage|p1a: trap|76\/100\n|move|p2a: Gholdengo|Nasty Plot|p2a: Gholdengo\n|-boost|p2a: Gholdengo|spa|2\n|cant|p1a: trap|flinch\n|\n|upkeep\n|turn|12\n|\n|t:|1681653810\n|move|p2a: Gholdengo|Protect|p2a: Gholdengo\n|-singleturn|p2a: Gholdengo|Protect\n|move|p1a: trap|Swords Dance|p1a: trap\n|-boost|p1a: trap|atk|2\n|move|p2b: Iron Hands|Drain Punch|p1a: trap\n|-damage|p1a: trap|47\/100\n|-heal|p2b: Iron Hands|59\/100|[from] drain|[of] p1a: trap\n|-enditem|p1a: trap|Sitrus Berry|[eat]\n|-heal|p1a: trap|72\/100|[from] item: Sitrus Berry\n|\n|upkeep\n|turn|13\n|\n|t:|1681653853\n|move|p2a: Gholdengo|Make It Rain|p1a: trap\n|-damage|p1a: trap|0 fnt\n|-unboost|p2a: Gholdengo|spa|1\n|faint|p1a: trap\n|-end|p1a: trap|Quark Drive|[silent]\n|\n|win|Testostrazone\n|raw|Geiler Buck's rating: 1169 → 1136<\/strong> (-33 for losing)\n|raw|Testostrazone's rating: 1058 → 1099<\/strong> (+41 for winning)\n|l|\u2606Geiler Buck\n|c|\u2606Testostrazone|GG\n","uploadtime":1681653871,"views":8,"p1id":"geilerbuck","p2id":"testostrazone","formatid":"gen9vgc2023regulationc","rating":1099,"private":0,"password":""}