{"id":"gen9vgc2023regulationc-1851161640","p1":"Ladderen op werk","p2":"Sharpievgc","format":"[Gen 9] VGC 2023 Regulation C","log":"|j|\u2606Ladderen op werk\n|j|\u2606Sharpievgc\n|t:|1682419098\n|gametype|doubles\n|player|p1|Ladderen op werk|102|1631\n|player|p2|Sharpievgc|nate|1788\n|teamsize|p1|6\n|teamsize|p2|6\n|gen|9\n|tier|[Gen 9] VGC 2023 Regulation C\n|rated|\n|rule|Species Clause: Limit one of each Pok\u00e9mon\n|rule|Item Clause: Limit one of each item\n|clearpoke\n|poke|p1|Flutter Mane, L50|\n|poke|p1|Tauros-Paldea-Blaze, L50, M|\n|poke|p1|Iron Bundle, L50|\n|poke|p1|Amoonguss, L50, M|\n|poke|p1|Kingambit, L50, F|\n|poke|p1|Palafin, L50, F|\n|poke|p2|Armarouge, L50, M|\n|poke|p2|Iron Hands, L50|\n|poke|p2|Indeedee-F, L50, F|\n|poke|p2|Annihilape, L50, M|\n|poke|p2|Torkoal, L50, M|\n|poke|p2|Dragapult, L50, M|\n|teampreview|4\nSharpievgc has agreed to open team sheets.\n|inactive|Battle timer is ON: inactive players will automatically lose when time's up. (requested by Sharpievgc)\n|inactive|Ladderen op werk has 60 seconds left.\n|\n|t:|1682419176\n|start\n|switch|p1a: Flutter Mane|Flutter Mane, L50|100\/100\n|switch|p1b: Amoonguss|Amoonguss, L50, M|100\/100\n|switch|p2a: Indeedee|Indeedee-F, L50, F|100\/100\n|switch|p2b: Annihilape|Annihilape, L50, M|100\/100\n|-fieldstart|move: Psychic Terrain|[from] ability: Psychic Surge|[of] p2a: Indeedee\n|turn|1\n|\n|t:|1682419187\n|move|p1b: Amoonguss|Protect|p1b: Amoonguss\n|-singleturn|p1b: Amoonguss|Protect\n|move|p2b: Annihilape|Final Gambit|p1b: Amoonguss\n|-activate|p1b: Amoonguss|move: Protect\n|move|p1a: Flutter Mane|Moonblast|p2a: Indeedee\n|-damage|p2a: Indeedee|46\/100\n|move|p2a: Indeedee|Trick Room|p2a: Indeedee\n|-fieldstart|move: Trick Room|[of] p2a: Indeedee\n|\n|upkeep\n|turn|2\n|\n|t:|1682419203\n|move|p2a: Indeedee|Follow Me|p2a: Indeedee\n|-singleturn|p2a: Indeedee|move: Follow Me\n|move|p1b: Amoonguss|Spore|p2a: Indeedee\n|-activate|p2a: Indeedee|item: Safety Goggles|Spore\n|move|p1a: Flutter Mane|Moonblast|p2a: Indeedee\n|-damage|p2a: Indeedee|0 fnt\n|faint|p2a: Indeedee\n|move|p2b: Annihilape|Final Gambit|p1b: Amoonguss\n|-damage|p1b: Amoonguss|1\/100\n|-enditem|p1b: Amoonguss|Sitrus Berry|[eat]\n|-heal|p1b: Amoonguss|26\/100|[from] item: Sitrus Berry\n|faint|p2b: Annihilape\n|\n|upkeep\n|\n|t:|1682419213\n|switch|p2a: Torkoal|Torkoal, L50, M|100\/100\n|switch|p2b: Iron Hands|Iron Hands, L50|100\/100\n|-weather|SunnyDay|[from] ability: Drought|[of] p2a: Torkoal\n|-activate|p1a: Flutter Mane|ability: Protosynthesis\n|-start|p1a: Flutter Mane|protosynthesisspa\n|-enditem|p2b: Iron Hands|Booster Energy\n|-activate|p2b: Iron Hands|ability: Quark Drive|[fromitem]\n|-start|p2b: Iron Hands|quarkdriveatk\n|turn|3\n|inactive|Sharpievgc has 30 seconds left.\n|\n|t:|1682419243\n|-end|p1a: Flutter Mane|Protosynthesis|[silent]\n|switch|p1a: Iron Bundle|Iron Bundle, L50|100\/100\n|-enditem|p1a: Iron Bundle|Booster Energy\n|-activate|p1a: Iron Bundle|ability: Quark Drive|[fromitem]\n|-start|p1a: Iron Bundle|quarkdrivespe\n|-terastallize|p2a: Torkoal|Fire\n|move|p1b: Amoonguss|Protect|p1b: Amoonguss\n|-singleturn|p1b: Amoonguss|Protect\n|move|p2a: Torkoal|Eruption|p1b: Amoonguss|[spread] p1a\n|-activate|p1b: Amoonguss|move: Protect\n|-damage|p1a: Iron Bundle|0 fnt\n|faint|p1a: Iron Bundle\n|-end|p1a: Iron Bundle|Quark Drive|[silent]\n|move|p2b: Iron Hands|Stomping Tantrum|p1b: Amoonguss\n|-activate|p1b: Amoonguss|move: Protect\n|\n|-weather|SunnyDay|[upkeep]\n|upkeep\n|inactive|Ladderen op werk has 30 seconds left.\n|inactive|Ladderen op werk has 20 seconds left.\n|j| SocMaloVGC\n|inactive|Ladderen op werk has 15 seconds left.\n|inactive|Ladderen op werk has 10 seconds left.\n|l| SocMaloVGC\n|inactive|Ladderen op werk has 5 seconds left.\n|\n|t:|1682419298\n|switch|p1a: Flutter Mane|Flutter Mane, L50|100\/100\n|-activate|p1a: Flutter Mane|ability: Protosynthesis\n|-start|p1a: Flutter Mane|protosynthesisspa\n|turn|4\n|j| SocMaloVGC\n|l| SocMaloVGC\n|inactive|Ladderen op werk has 30 seconds left.\n|inactive|Ladderen op werk has 20 seconds left.\n|inactive|Ladderen op werk has 15 seconds left.\n|inactive|Ladderen op werk has 10 seconds left.\n|\n|t:|1682419345\n|move|p1b: Amoonguss|Protect||[still]\n|-fail|p1b: Amoonguss\n|move|p2a: Torkoal|Eruption|p1a: Flutter Mane|[spread] p1a,p1b\n|-supereffective|p1b: Amoonguss\n|-damage|p1a: Flutter Mane|0 fnt\n|-damage|p1b: Amoonguss|0 fnt\n|faint|p1a: Flutter Mane\n|-end|p1a: Flutter Mane|Protosynthesis|[silent]\n|faint|p1b: Amoonguss\n|move|p2b: Iron Hands|Stomping Tantrum|p1: Flutter Mane|[notarget]\n|-fail|p2b: Iron Hands\n|\n|-weather|SunnyDay|[upkeep]\n|upkeep\n|\n|t:|1682419348\n|switch|p1b: Kingambit|Kingambit, L50, F|100\/100\n|turn|5\n|-message|Ladderen op werk forfeited.\n|\n|win|Sharpievgc\n|raw|Ladderen op werk's rating: 1631 → 1619<\/strong> (-12 for losing)\n|raw|Sharpievgc's rating: 1788 → 1800<\/strong> (+12 for winning)\n|l|\u2606Ladderen op werk\n","uploadtime":1682419365,"views":13,"p1id":"ladderenopwerk","p2id":"sharpievgc","formatid":"gen9vgc2023regulationc","rating":1619,"private":0,"password":""}