{"id":"gen9vgc2023regulationc-1846425334","p1":"haha u rage quit","p2":"Hejejebev","format":"[Gen 9] VGC 2023 Regulation C","log":"|j|\u2606haha u rage quit\n|j|\u2606Hejejebev\n|t:|1681839854\n|gametype|doubles\n|player|p1|haha u rage quit|pokemaniac|1081\n|player|p2|Hejejebev|1|1000\n|teamsize|p1|6\n|teamsize|p2|6\n|gen|9\n|tier|[Gen 9] VGC 2023 Regulation C\n|rated|\n|rule|Species Clause: Limit one of each Pok\u00e9mon\n|rule|Item Clause: Limit one of each item\n|clearpoke\n|poke|p1|Amoonguss, L50, M|\n|poke|p1|Flutter Mane, L50|\n|poke|p1|Arcanine, L50, M|\n|poke|p1|Iron Bundle, L50|\n|poke|p1|Baxcalibur, L50, M|\n|poke|p1|Palafin, L50, M|\n|poke|p2|Chien-Pao, L50|\n|poke|p2|Roaring Moon, L50|\n|poke|p2|Iron Valiant, L50|\n|poke|p2|Kilowattrel, L50, M|\n|poke|p2|Lucario, L50, M|\n|poke|p2|Arcanine, L50, F|\n|teampreview|4\n|inactive|Battle timer is ON: inactive players will automatically lose when time's up. (requested by Hejejebev)\n|\n|t:|1681839881\n|start\n|switch|p1a: Arcanine|Arcanine, L50, M|100\/100\n|switch|p1b: Palafin|Palafin, L50, M|100\/100\n|switch|p2a: Lucario|Lucario, L50, M|100\/100\n|switch|p2b: Kilowattrel|Kilowattrel, L50, M|100\/100\n|-ability|p1a: Arcanine|Intimidate|boost\n|-fail|p2a: Lucario|unboost|Attack|[from] ability: Inner Focus|[of] p2a: Lucario\n|-unboost|p2b: Kilowattrel|atk|1\n|-ability|p2b: Kilowattrel|Competitive|boost\n|-boost|p2b: Kilowattrel|spa|2\n|turn|1\n|\n|t:|1681839903\n|switch|p2a: Arcanine|Arcanine, L50, F|100\/100\n|-ability|p2a: Arcanine|Intimidate|boost\n|-unboost|p1a: Arcanine|atk|1\n|-unboost|p1b: Palafin|atk|1\n|-terastallize|p1b: Palafin|Water\n|move|p1a: Arcanine|Extreme Speed|p2b: Kilowattrel\n|-damage|p2b: Kilowattrel|72\/100\n|move|p1b: Palafin|Jet Punch|p2b: Kilowattrel\n|-damage|p2b: Kilowattrel|25\/100\n|move|p2b: Kilowattrel|Tailwind|p2b: Kilowattrel\n|-sidestart|p2: Hejejebev|move: Tailwind\n|\n|upkeep\n|turn|2\n|\n|t:|1681839927\n|move|p2b: Kilowattrel|Protect|p2b: Kilowattrel\n|-singleturn|p2b: Kilowattrel|Protect\n|move|p1b: Palafin|Protect|p1b: Palafin\n|-singleturn|p1b: Palafin|Protect\n|move|p2a: Arcanine|Will-O-Wisp|p1b: Palafin\n|-activate|p1b: Palafin|move: Protect\n|move|p1a: Arcanine|Flare Blitz|p2b: Kilowattrel\n|-activate|p2b: Kilowattrel|move: Protect\n|\n|upkeep\n|turn|3\n|\n|t:|1681839943\n|switch|p2b: Lucario|Lucario, L50, M|100\/100\n|detailschange|p1b: Palafin|Palafin-Hero, L50, M, tera:Water\n|switch|p1b: Amoonguss|Amoonguss, L50, M|100\/100\n|move|p2a: Arcanine|Will-O-Wisp|p1b: Amoonguss\n|-status|p1b: Amoonguss|brn\n|move|p1a: Arcanine|Flare Blitz|p2b: Lucario\n|-supereffective|p2b: Lucario\n|-damage|p2b: Lucario|0 fnt\n|faint|p2b: Lucario\n|-damage|p1a: Arcanine|73\/100|[from] Recoil\n|\n|-damage|p1b: Amoonguss|95\/100 brn|[from] brn\n|upkeep\n|\n|t:|1681839958\n|switch|p2b: Kilowattrel|Kilowattrel, L50, M|25\/100\n|turn|4\n|\n|t:|1681839972\n|move|p2b: Kilowattrel|Protect|p2b: Kilowattrel\n|-singleturn|p2b: Kilowattrel|Protect\n|move|p1b: Amoonguss|Protect|p1b: Amoonguss\n|-singleturn|p1b: Amoonguss|Protect\n|move|p1a: Arcanine|Extreme Speed|p2b: Kilowattrel\n|-activate|p2b: Kilowattrel|move: Protect\n|move|p2a: Arcanine|Flare Blitz|p1b: Amoonguss\n|-activate|p1b: Amoonguss|move: Protect\n|\n|-damage|p1b: Amoonguss|89\/100 brn|[from] brn\n|-sideend|p2: Hejejebev|move: Tailwind\n|upkeep\n|turn|5\n|\n|t:|1681839984\n|switch|p1b: Palafin|Palafin-Hero, L50, M, tera:Water|100\/100\n|-activate|p1b: Palafin|ability: Zero to Hero\n|move|p1a: Arcanine|Extreme Speed|p2b: Kilowattrel\n|-damage|p2b: Kilowattrel|0 fnt\n|faint|p2b: Kilowattrel\n|move|p2a: Arcanine|Flare Blitz|p1b: Palafin\n|-resisted|p1b: Palafin\n|-damage|p1b: Palafin|78\/100\n|-damage|p2a: Arcanine|93\/100|[from] Recoil\n|\n|upkeep\n|\n|t:|1681839991\n|switch|p2b: Iron Valiant|Iron Valiant, L50|100\/100\n|-enditem|p2b: Iron Valiant|Booster Energy\n|-activate|p2b: Iron Valiant|ability: Quark Drive|[fromitem]\n|-start|p2b: Iron Valiant|quarkdrivespe\n|turn|6\n|\n|t:|1681840012\n|-terastallize|p2b: Iron Valiant|Fairy\n|move|p1a: Arcanine|Protect|p1a: Arcanine\n|-singleturn|p1a: Arcanine|Protect\n|move|p1b: Palafin|Protect|p1b: Palafin\n|-singleturn|p1b: Palafin|Protect\n|move|p2b: Iron Valiant|Liquidation|p1a: Arcanine\n|-activate|p1a: Arcanine|move: Protect\n|move|p2a: Arcanine|Will-O-Wisp|p1b: Palafin\n|-activate|p1b: Palafin|move: Protect\n|\n|upkeep\n|turn|7\n|\n|t:|1681840034\n|switch|p1a: Amoonguss|Amoonguss, L50, M|100\/100 brn\n|move|p1b: Palafin|Jet Punch|p2a: Arcanine\n|-supereffective|p2a: Arcanine\n|-damage|p2a: Arcanine|0 fnt\n|faint|p2a: Arcanine\n|move|p2b: Iron Valiant|Liquidation|p1a: Amoonguss\n|-resisted|p1a: Amoonguss\n|-damage|p1a: Amoonguss|89\/100 brn\n|\n|-damage|p1a: Amoonguss|83\/100 brn|[from] brn\n|upkeep\n|turn|8\n|-message|Hejejebev forfeited.\n|\n|win|haha u rage quit\n|raw|haha u rage quit's rating: 1081 → 1102<\/strong> (+21 for winning)\n|raw|Hejejebev's rating: 1000 → 1000<\/strong> (+0 for losing)\n|l|\u2606Hejejebev\n","uploadtime":1681840060,"views":13,"p1id":"hahauragequit","p2id":"hejejebev","formatid":"gen9vgc2023regulationc","rating":1000,"private":0,"password":""}