{"id":"gen9vgc2023regulationc-1861600812","p1":"GB Seraphix","p2":"MamaMiaKhalifa","format":"[Gen 9] VGC 2023 Regulation C","log":"|j|\u2606GB Seraphix\n|j|\u2606MamaMiaKhalifa\n|t:|1683779381\n|gametype|doubles\n|player|p1|GB Seraphix|rosa|1077\n|player|p2|MamaMiaKhalifa|lance|1036\n|teamsize|p1|6\n|teamsize|p2|6\n|gen|9\n|tier|[Gen 9] VGC 2023 Regulation C\n|rated|\n|rule|Species Clause: Limit one of each Pok\u00e9mon\n|rule|Item Clause: Limit one of each item\n|clearpoke\n|poke|p1|Flutter Mane, L50|\n|poke|p1|Scream Tail, L50|\n|poke|p1|Wo-Chien, L50|\n|poke|p1|Gyarados, L50, F|\n|poke|p1|Amoonguss, L50, M|\n|poke|p1|Arcanine, L50, F|\n|poke|p2|Wo-Chien, L50|\n|poke|p2|Glimmora, L50, F|\n|poke|p2|Flutter Mane, L50|\n|poke|p2|Gyarados, L50, M|\n|poke|p2|Indeedee-F, L50, F|\n|poke|p2|Armarouge, L50, M|\n|teampreview|4\n|\n|t:|1683779436\n|start\n|switch|p1a: Moises|Wo-Chien, L50|100\/100\n|switch|p1b: Maggie|Gyarados, L50, F|100\/100\n|switch|p2a: Armarouge|Armarouge, L50, M|100\/100\n|switch|p2b: Indeedee|Indeedee-F, L50, F|100\/100\n|-ability|p1b: Maggie|Intimidate|boost\n|-unboost|p2a: Armarouge|atk|1\n|-unboost|p2b: Indeedee|atk|1\n|-enditem|p2a: Armarouge|White Herb\n|-clearnegativeboost|p2a: Armarouge|[silent]\n|-fieldstart|move: Psychic Terrain|[from] ability: Psychic Surge|[of] p2b: Indeedee\n|-ability|p1a: Moises|Tablets of Ruin\n|turn|1\n|\n|t:|1683779465\n|-terastallize|p2a: Armarouge|Grass\n|move|p2b: Indeedee|Helping Hand|p2a: Armarouge\n|-singleturn|p2a: Armarouge|Helping Hand|[of] p2b: Indeedee\n|move|p1b: Maggie|Whirlpool|p2a: Armarouge|[miss]\n|-miss|p1b: Maggie|p2a: Armarouge\n|move|p2a: Armarouge|Expanding Force|p1a: Moises|[spread] p1b\n|-immune|p1a: Moises\n|-damage|p1b: Maggie|14\/100\n|move|p1a: Moises|Leech Seed|p2a: Armarouge\n|-immune|p2a: Armarouge\n|\n|upkeep\n|turn|2\n|\n|t:|1683779483\n|move|p2b: Indeedee|Follow Me|p2b: Indeedee\n|-singleturn|p2b: Indeedee|move: Follow Me\n|move|p1b: Maggie|Thunder Wave|p2b: Indeedee\n|-status|p2b: Indeedee|par\n|move|p2a: Armarouge|Expanding Force|p1a: Moises|[spread] p1b\n|-immune|p1a: Moises\n|-damage|p1b: Maggie|0 fnt\n|faint|p1b: Maggie\n|move|p1a: Moises|Leech Seed|p2b: Indeedee\n|-start|p2b: Indeedee|move: Leech Seed\n|\n|-damage|p2b: Indeedee|88\/100 par|[from] Leech Seed|[of] p1a: Moises\n|upkeep\n|\n|t:|1683779501\n|switch|p1b: Bubblegum|Scream Tail, L50|100\/100\n|-enditem|p1b: Bubblegum|Booster Energy\n|-activate|p1b: Bubblegum|ability: Protosynthesis|[fromitem]\n|-start|p1b: Bubblegum|protosynthesisspe\n|turn|3\n|\n|t:|1683779520\n|cant|p2b: Indeedee|par\n|move|p1b: Bubblegum|Disable|p2a: Armarouge\n|-start|p2a: Armarouge|Disable|Expanding Force\n|move|p2a: Armarouge|Armor Cannon|p1a: Moises\n|-supereffective|p1a: Moises\n|-damage|p1a: Moises|28\/100\n|-unboost|p2a: Armarouge|def|1\n|-unboost|p2a: Armarouge|spd|1\n|move|p1a: Moises|Ruination|p2a: Armarouge\n|-damage|p2a: Armarouge|51\/100\n|\n|-heal|p1a: Moises|34\/100|[from] item: Leftovers\n|-damage|p2b: Indeedee|76\/100 par|[from] Leech Seed|[of] p1a: Moises\n|-heal|p1a: Moises|45\/100|[silent]\n|upkeep\n|turn|4\n|\n|t:|1683779548\n|switch|p2a: Wo-Chien|Wo-Chien, L50|100\/100\n|-ability|p2a: Wo-Chien|Tablets of Ruin\n|switch|p2b: Flutter Mane|Flutter Mane, L50|100\/100\n|-enditem|p2b: Flutter Mane|Booster Energy\n|-activate|p2b: Flutter Mane|ability: Protosynthesis|[fromitem]\n|-start|p2b: Flutter Mane|protosynthesisspe\n|move|p1a: Moises|Protect|p1a: Moises\n|-singleturn|p1a: Moises|Protect\n|move|p1b: Bubblegum|Play Rough|p2a: Wo-Chien\n|-supereffective|p2a: Wo-Chien\n|-damage|p2a: Wo-Chien|72\/100\n|\n|-heal|p1a: Moises|52\/100|[from] item: Leftovers\n|-heal|p2a: Wo-Chien|79\/100|[from] item: Leftovers\n|upkeep\n|turn|5\n|\n|t:|1683779583\n|move|p2b: Flutter Mane|Moonblast|p1a: Moises\n|-supereffective|p1a: Moises\n|-damage|p1a: Moises|0 fnt\n|faint|p1a: Moises\n|move|p1b: Bubblegum|Play Rough|p2a: Wo-Chien|[miss]\n|-miss|p1b: Bubblegum|p2a: Wo-Chien\n|move|p2a: Wo-Chien|Pollen Puff|p1b: Bubblegum\n|-damage|p1b: Bubblegum|87\/100\n|\n|-heal|p2a: Wo-Chien|85\/100|[from] item: Leftovers\n|-fieldend|move: Psychic Terrain\n|upkeep\n|\n|t:|1683779595\n|switch|p1a: BB|Flutter Mane, L50|100\/100\n|turn|6\n|\n|t:|1683779607\n|move|p1b: Bubblegum|Protect|p1b: Bubblegum\n|-singleturn|p1b: Bubblegum|Protect\n|move|p1a: BB|Protect|p1a: BB\n|-singleturn|p1a: BB|Protect\n|move|p2a: Wo-Chien|Protect|p2a: Wo-Chien\n|-singleturn|p2a: Wo-Chien|Protect\n|move|p2b: Flutter Mane|Shadow Ball|p1a: BB\n|-activate|p1a: BB|move: Protect\n|\n|-heal|p2a: Wo-Chien|91\/100|[from] item: Leftovers\n|upkeep\n|turn|7\n|\n|t:|1683779629\n|switch|p2a: Indeedee|Indeedee-F, L50, F|76\/100 par\n|-fieldstart|move: Psychic Terrain|[from] ability: Psychic Surge|[of] p2a: Indeedee\n|-terastallize|p1a: BB|Grass\n|move|p2b: Flutter Mane|Shadow Ball|p1a: BB\n|-damage|p1a: BB|57\/100\n|move|p1b: Bubblegum|Disable|p2b: Flutter Mane\n|-start|p2b: Flutter Mane|Disable|Shadow Ball\n|move|p1a: BB|Shadow Ball|p2b: Flutter Mane\n|-supereffective|p2b: Flutter Mane\n|-damage|p2b: Flutter Mane|0 fnt\n|faint|p2b: Flutter Mane\n|-end|p2b: Flutter Mane|Protosynthesis|[silent]\n|-damage|p1a: BB|47\/100|[from] item: Life Orb\n|\n|upkeep\n|\n|t:|1683779652\n|switch|p2b: Armarouge|Armarouge, L50, M, tera:Grass|51\/100\n|turn|8\n|\n|t:|1683779687\n|switch|p2a: Wo-Chien|Wo-Chien, L50|91\/100\n|-ability|p2a: Wo-Chien|Tablets of Ruin\n|move|p1b: Bubblegum|Protect|p1b: Bubblegum\n|-singleturn|p1b: Bubblegum|Protect\n|move|p1a: BB|Protect|p1a: BB\n|-singleturn|p1a: BB|Protect\n|move|p2b: Armarouge|Energy Ball|p1b: Bubblegum\n|-activate|p1b: Bubblegum|move: Protect\n|\n|-heal|p2a: Wo-Chien|97\/100|[from] item: Leftovers\n|upkeep\n|turn|9\n|\n|t:|1683779708\n|move|p2b: Armarouge|Protect|p2b: Armarouge\n|-singleturn|p2b: Armarouge|Protect\n|move|p1b: Bubblegum|Play Rough|p2b: Armarouge\n|-activate|p2b: Armarouge|move: Protect\n|move|p1a: BB|Moonblast|p2b: Armarouge\n|-activate|p2b: Armarouge|move: Protect\n|move|p2a: Wo-Chien|Ruination|p1b: Bubblegum\n|-damage|p1b: Bubblegum|44\/100\n|\n|-heal|p2a: Wo-Chien|100\/100|[from] item: Leftovers\n|upkeep\n|turn|10\n|\n|t:|1683779734\n|switch|p2b: Indeedee|Indeedee-F, L50, F|76\/100 par\n|move|p1b: Bubblegum|Protect|p1b: Bubblegum\n|-singleturn|p1b: Bubblegum|Protect\n|move|p1a: BB|Protect|p1a: BB\n|-singleturn|p1a: BB|Protect\n|move|p2a: Wo-Chien|Pollen Puff|p1a: BB\n|-activate|p1a: BB|move: Protect\n|\n|upkeep\n|turn|11\n|\n|t:|1683779764\n|move|p2b: Indeedee|Helping Hand|p2a: Wo-Chien\n|-singleturn|p2a: Wo-Chien|Helping Hand|[of] p2b: Indeedee\n|move|p1b: Bubblegum|Disable|p2a: Wo-Chien\n|-start|p2a: Wo-Chien|Disable|Pollen Puff\n|move|p1a: BB|Moonblast|p2a: Wo-Chien\n|-supereffective|p2a: Wo-Chien\n|-damage|p2a: Wo-Chien|31\/100\n|-damage|p1a: BB|38\/100|[from] item: Life Orb\n|cant|p2a: Wo-Chien|Disable|Pollen Puff\n|\n|-heal|p2a: Wo-Chien|37\/100|[from] item: Leftovers\n|-fieldend|move: Psychic Terrain\n|upkeep\n|turn|12\n|\n|t:|1683779787\n|move|p1b: Bubblegum|Play Rough|p2a: Wo-Chien\n|-supereffective|p2a: Wo-Chien\n|-damage|p2a: Wo-Chien|11\/100\n|move|p1a: BB|Moonblast|p2a: Wo-Chien\n|-supereffective|p2a: Wo-Chien\n|-damage|p2a: Wo-Chien|0 fnt\n|faint|p2a: Wo-Chien\n|-damage|p1a: BB|28\/100|[from] item: Life Orb\n|move|p2b: Indeedee|Trick Room|p2b: Indeedee\n|-fieldstart|move: Trick Room|[of] p2b: Indeedee\n|\n|upkeep\n|\n|t:|1683779797\n|switch|p2a: Armarouge|Armarouge, L50, M, tera:Grass|51\/100\n|turn|13\n|\n|t:|1683779807\n|move|p1a: BB|Protect|p1a: BB\n|-singleturn|p1a: BB|Protect\n|move|p1b: Bubblegum|Protect|p1b: Bubblegum\n|-singleturn|p1b: Bubblegum|Protect\n|cant|p2b: Indeedee|par\n|move|p2a: Armarouge|Armor Cannon|p1a: BB\n|-activate|p1a: BB|move: Protect\n|\n|upkeep\n|turn|14\n|\n|t:|1683779823\n|move|p2b: Indeedee|Follow Me|p2b: Indeedee\n|-singleturn|p2b: Indeedee|move: Follow Me\n|move|p2a: Armarouge|Armor Cannon|p1a: BB\n|-supereffective|p1a: BB\n|-damage|p1a: BB|0 fnt\n|-unboost|p2a: Armarouge|def|1\n|-unboost|p2a: Armarouge|spd|1\n|faint|p1a: BB\n|-end|p1a: BB|Protosynthesis|[silent]\n|move|p1b: Bubblegum|Play Rough|p2b: Indeedee\n|-damage|p2b: Indeedee|50\/100 par\n|\n|upkeep\n|turn|15\n|\n|t:|1683779835\n|move|p1b: Bubblegum|Protect|p1b: Bubblegum\n|-singleturn|p1b: Bubblegum|Protect\n|move|p2b: Indeedee|Follow Me|p2b: Indeedee\n|-singleturn|p2b: Indeedee|move: Follow Me\n|move|p2a: Armarouge|Armor Cannon|p1b: Bubblegum\n|-activate|p1b: Bubblegum|move: Protect\n|\n|upkeep\n|turn|16\n|\n|t:|1683779844\n|move|p2b: Indeedee|Helping Hand|p2a: Armarouge\n|-singleturn|p2a: Armarouge|Helping Hand|[of] p2b: Indeedee\n|move|p2a: Armarouge|Armor Cannon|p1b: Bubblegum\n|-damage|p1b: Bubblegum|0 fnt\n|-unboost|p2a: Armarouge|def|1\n|-unboost|p2a: Armarouge|spd|1\n|faint|p1b: Bubblegum\n|-end|p1b: Bubblegum|Protosynthesis|[silent]\n|\n|win|MamaMiaKhalifa\n|raw|GB Seraphix's rating: 1077 → 1053<\/strong> (-24 for losing)\n|raw|MamaMiaKhalifa's rating: 1036 → 1075<\/strong> (+39 for winning)\n|l|\u2606GB Seraphix\n","uploadtime":1683779853,"views":19,"p1id":"gbseraphix","p2id":"mamamiakhalifa","formatid":"gen9vgc2023regulationc","rating":1053,"private":0,"password":""}