{"id":"gen9vgc2023regulationc-1859003053","p1":"KaesyGard","p2":"Kyle Carlx","format":"[Gen 9] VGC 2023 Regulation C","log":"|j|\u2606KaesyGard\n|j|\u2606Kyle Carlx\n|t:|1683393097\n|gametype|doubles\n|player|p1|KaesyGard|1|\n|player|p2|Kyle Carlx|clay|\n|teamsize|p1|6\n|teamsize|p2|6\n|gen|9\n|tier|[Gen 9] VGC 2023 Regulation C\n|rule|Species Clause: Limit one of each Pok\u00e9mon\n|rule|Item Clause: Limit one of each item\n|clearpoke\n|poke|p1|Ting-Lu, L50|\n|poke|p1|Corviknight, L50, F|\n|poke|p1|Klefki, L50, M|\n|poke|p1|Annihilape, L50, M|\n|poke|p1|Iron Bundle, L50|\n|poke|p1|Brute Bonnet, L50|\n|poke|p2|Flutter Mane, L50|\n|poke|p2|Dragonite, L50, F|\n|poke|p2|Chien-Pao, L50|\n|poke|p2|Dondozo, L50, M|\n|poke|p2|Tatsugiri, L50, F|\n|poke|p2|Iron Hands, L50|\n|teampreview|4\n|c|\u2606Kyle Carlx|Gl\n|c|\u2606KaesyGard|GL\n|\n|t:|1683393235\n|start\n|switch|p1a: Klefki|Klefki, L50, M|100\/100\n|switch|p1b: Ting-Lu|Ting-Lu, L50|100\/100\n|switch|p2a: Dondozo|Dondozo, L50, M|100\/100\n|switch|p2b: Flutter Mane|Flutter Mane, L50, shiny|100\/100\n|-ability|p1b: Ting-Lu|Vessel of Ruin\n|-enditem|p2b: Flutter Mane|Booster Energy\n|-activate|p2b: Flutter Mane|ability: Protosynthesis|[fromitem]\n|-start|p2b: Flutter Mane|protosynthesisspa\n|turn|1\n|\n|t:|1683393278\n|-end|p2b: Flutter Mane|Protosynthesis|[silent]\n|switch|p2b: Tatsugiri|Tatsugiri, L50, F|100\/100\n|-activate|p2b: Tatsugiri|ability: Commander|[of] p2a: Dondozo\n|-boost|p2a: Dondozo|atk|2\n|-boost|p2a: Dondozo|spa|2\n|-boost|p2a: Dondozo|spe|2\n|-boost|p2a: Dondozo|def|2\n|-boost|p2a: Dondozo|spd|2\n|move|p1a: Klefki|Thunder Wave|p2a: Dondozo\n|-status|p2a: Dondozo|par\n|move|p1b: Ting-Lu|Fissure|p2a: Dondozo|[miss]\n|-miss|p1b: Ting-Lu|p2a: Dondozo\n|move|p2a: Dondozo|Wave Crash|p1a: Klefki\n|-damage|p1a: Klefki|7\/100\n|-damage|p2a: Dondozo|81\/100 par|[from] Recoil\n|\n|-heal|p2a: Dondozo|87\/100 par|[from] item: Leftovers\n|upkeep\n|turn|2\n|j| AndrwApple\n|j| HazeOneTrick\n|l| HazeOneTrick\n|\n|t:|1683393326\n|move|p1a: Klefki|Reflect|p1a: Klefki\n|-sidestart|p1: KaesyGard|Reflect\n|move|p1b: Ting-Lu|Stomping Tantrum|p2a: Dondozo\n|-damage|p2a: Dondozo|65\/100 par\n|move|p2a: Dondozo|Wave Crash|p1b: Ting-Lu\n|-supereffective|p1b: Ting-Lu\n|-damage|p1b: Ting-Lu|34\/100\n|-damage|p2a: Dondozo|44\/100 par|[from] Recoil\n|\n|-heal|p2a: Dondozo|50\/100 par|[from] item: Leftovers\n|upkeep\n|turn|3\n|\n|t:|1683393355\n|move|p2a: Dondozo|Protect|p2a: Dondozo\n|-singleturn|p2a: Dondozo|Protect\n|move|p1a: Klefki|Play Rough|p2a: Dondozo\n|-activate|p2a: Dondozo|move: Protect\n|move|p1b: Ting-Lu|Fissure|p2a: Dondozo\n|-activate|p2a: Dondozo|move: Protect\n|\n|-heal|p2a: Dondozo|56\/100 par|[from] item: Leftovers\n|upkeep\n|turn|4\n|\n|t:|1683393379\n|move|p1a: Klefki|Light Screen|p1a: Klefki\n|-sidestart|p1: KaesyGard|move: Light Screen\n|move|p1b: Ting-Lu|Fissure|p2a: Dondozo|[miss]\n|-miss|p1b: Ting-Lu|p2a: Dondozo\n|move|p2a: Dondozo|Wave Crash|p1a: Klefki\n|-damage|p1a: Klefki|0 fnt\n|faint|p1a: Klefki\n|-damage|p2a: Dondozo|55\/100 par|[from] Recoil\n|\n|-heal|p2a: Dondozo|61\/100 par|[from] item: Leftovers\n|upkeep\n|\n|t:|1683393392\n|switch|p1a: Annihilape|Annihilape, L50, M|100\/100\n|turn|5\n|\n|t:|1683393400\n|move|p2a: Dondozo|Protect|p2a: Dondozo\n|-singleturn|p2a: Dondozo|Protect\n|move|p1a: Annihilape|Bulk Up|p1a: Annihilape\n|-boost|p1a: Annihilape|atk|1\n|-boost|p1a: Annihilape|def|1\n|move|p1b: Ting-Lu|Fissure|p2a: Dondozo\n|-activate|p2a: Dondozo|move: Protect\n|\n|-heal|p2a: Dondozo|67\/100 par|[from] item: Leftovers\n|upkeep\n|turn|6\n|\n|t:|1683393419\n|move|p1a: Annihilape|Bulk Up|p1a: Annihilape\n|-boost|p1a: Annihilape|atk|1\n|-boost|p1a: Annihilape|def|1\n|move|p1b: Ting-Lu|Fissure|p2a: Dondozo|[miss]\n|-miss|p1b: Ting-Lu|p2a: Dondozo\n|cant|p2a: Dondozo|par\n|\n|-heal|p2a: Dondozo|74\/100 par|[from] item: Leftovers\n|upkeep\n|turn|7\n|\n|t:|1683393444\n|move|p1a: Annihilape|Bulk Up|p1a: Annihilape\n|-boost|p1a: Annihilape|atk|1\n|-boost|p1a: Annihilape|def|1\n|move|p1b: Ting-Lu|Fissure|p2a: Dondozo|[miss]\n|-miss|p1b: Ting-Lu|p2a: Dondozo\n|move|p2a: Dondozo|Wave Crash|p1b: Ting-Lu\n|-supereffective|p1b: Ting-Lu\n|-damage|p1b: Ting-Lu|0 fnt\n|faint|p1b: Ting-Lu\n|-damage|p2a: Dondozo|62\/100 par|[from] Recoil\n|\n|-heal|p2a: Dondozo|69\/100 par|[from] item: Leftovers\n|upkeep\n|\n|t:|1683393455\n|switch|p1b: Corviknight|Corviknight, L50, F|100\/100\n|turn|8\n|\n|t:|1683393472\n|move|p1a: Annihilape|Drain Punch|p2a: Dondozo\n|-damage|p2a: Dondozo|59\/100 par\n|move|p1b: Corviknight|Tailwind|p1b: Corviknight\n|-sidestart|p1: KaesyGard|move: Tailwind\n|move|p2a: Dondozo|Wave Crash|p1b: Corviknight\n|-damage|p1b: Corviknight|55\/100\n|-damage|p2a: Dondozo|47\/100 par|[from] Recoil\n|\n|-heal|p2a: Dondozo|53\/100 par|[from] item: Leftovers\n|upkeep\n|turn|9\n|\n|t:|1683393543\n|-terastallize|p1a: Annihilape|Water\n|move|p1a: Annihilape|Rage Fist|p2a: Dondozo\n|-damage|p2a: Dondozo|46\/100 par\n|move|p1b: Corviknight|Brave Bird|p2a: Dondozo\n|-damage|p2a: Dondozo|33\/100 par\n|-damage|p1b: Corviknight|50\/100|[from] Recoil\n|-enditem|p1b: Corviknight|Sitrus Berry|[eat]\n|-heal|p1b: Corviknight|75\/100|[from] item: Sitrus Berry\n|cant|p2a: Dondozo|par\n|\n|-heal|p2a: Dondozo|39\/100 par|[from] item: Leftovers\n|-sideend|p1: KaesyGard|Reflect\n|upkeep\n|turn|10\n|\n|t:|1683393567\n|move|p1a: Annihilape|Drain Punch|p2a: Dondozo\n|-damage|p2a: Dondozo|28\/100 par\n|move|p1b: Corviknight|Brave Bird|p2a: Dondozo\n|-damage|p2a: Dondozo|15\/100 par\n|-damage|p1b: Corviknight|69\/100|[from] Recoil\n|move|p2a: Dondozo|Wave Crash|p1a: Annihilape\n|-resisted|p1a: Annihilape\n|-damage|p1a: Annihilape|62\/100\n|-damage|p2a: Dondozo|5\/100 par|[from] Recoil\n|\n|-heal|p2a: Dondozo|11\/100 par|[from] item: Leftovers\n|upkeep\n|turn|11\n|\n|t:|1683393600\n|move|p1a: Annihilape|Rage Fist|p2a: Dondozo\n|-crit|p2a: Dondozo\n|-damage|p2a: Dondozo|0 fnt\n|faint|p2a: Dondozo\n|move|p1b: Corviknight|Brave Bird|p2b: Tatsugiri\n|-damage|p2b: Tatsugiri|27\/100\n|-damage|p1b: Corviknight|52\/100|[from] Recoil\n|\n|-sideend|p1: KaesyGard|move: Light Screen\n|-sideend|p1: KaesyGard|move: Tailwind\n|upkeep\n|\n|t:|1683393613\n|switch|p2a: Iron Hands|Iron Hands, L50|100\/100\n|turn|12\n|\n|t:|1683393631\n|move|p1a: Annihilape|Protect|p1a: Annihilape\n|-singleturn|p1a: Annihilape|Protect\n|move|p2a: Iron Hands|Fake Out|p1a: Annihilape\n|-activate|p1a: Annihilape|move: Protect\n|move|p2b: Tatsugiri|Icy Wind|p1a: Annihilape|[spread] p1b\n|-activate|p1a: Annihilape|move: Protect\n|-damage|p1b: Corviknight|40\/100\n|-ability|p1b: Corviknight|Mirror Armor\n|-unboost|p2b: Tatsugiri|spe|1\n|move|p1b: Corviknight|Tailwind|p1b: Corviknight\n|-sidestart|p1: KaesyGard|move: Tailwind\n|\n|upkeep\n|turn|13\n|\n|t:|1683393667\n|switch|p2b: Flutter Mane|Flutter Mane, L50, shiny|100\/100\n|move|p1a: Annihilape|Rage Fist|p2a: Iron Hands\n|-damage|p2a: Iron Hands|34\/100\n|move|p1b: Corviknight|Brave Bird|p2a: Iron Hands\n|-damage|p2a: Iron Hands|8\/100\n|-damage|p1b: Corviknight|31\/100|[from] Recoil\n|move|p2a: Iron Hands|Wild Charge|p1a: Annihilape\n|-supereffective|p1a: Annihilape\n|-crit|p1a: Annihilape\n|-damage|p1a: Annihilape|0 fnt\n|faint|p1a: Annihilape\n|-damage|p2a: Iron Hands|0 fnt|[from] Recoil\n|faint|p2a: Iron Hands\n|-end|p2a: Iron Hands|Quark Drive|[silent]\n|\n|upkeep\n|\n|t:|1683393681\n|switch|p2a: Tatsugiri|Tatsugiri, L50, F|27\/100\n|turn|14\n|\n|t:|1683393716\n|move|p2b: Flutter Mane|Protect|p2b: Flutter Mane\n|-singleturn|p2b: Flutter Mane|Protect\n|move|p2a: Tatsugiri|Icy Wind|p1b: Corviknight\n|-damage|p1b: Corviknight|16\/100\n|-ability|p1b: Corviknight|Mirror Armor\n|-unboost|p2a: Tatsugiri|spe|1\n|move|p1b: Corviknight|Roost|p1b: Corviknight\n|-heal|p1b: Corviknight|66\/100\n|-singleturn|p1b: Corviknight|move: Roost\n|\n|upkeep\n|turn|15\n|\n|t:|1683393781\n|move|p1b: Corviknight|Roost|p1b: Corviknight\n|-heal|p1b: Corviknight|100\/100\n|-singleturn|p1b: Corviknight|move: Roost\n|move|p2b: Flutter Mane|Moonblast|p1b: Corviknight\n|-resisted|p1b: Corviknight\n|-damage|p1b: Corviknight|79\/100\n|move|p2a: Tatsugiri|Icy Wind|p1b: Corviknight\n|-resisted|p1b: Corviknight\n|-damage|p1b: Corviknight|70\/100\n|-ability|p1b: Corviknight|Mirror Armor\n|-unboost|p2a: Tatsugiri|spe|1\n|\n|-sideend|p1: KaesyGard|move: Tailwind\n|upkeep\n|turn|16\n|\n|t:|1683393843\n|move|p2b: Flutter Mane|Moonblast|p1b: Corviknight\n|-resisted|p1b: Corviknight\n|-damage|p1b: Corviknight|46\/100\n|move|p2a: Tatsugiri|Icy Wind|p1b: Corviknight\n|-damage|p1b: Corviknight|28\/100\n|-ability|p1b: Corviknight|Mirror Armor\n|-unboost|p2a: Tatsugiri|spe|1\n|move|p1b: Corviknight|Roost|p1b: Corviknight\n|-heal|p1b: Corviknight|79\/100\n|-singleturn|p1b: Corviknight|move: Roost\n|\n|upkeep\n|turn|17\n|\n|t:|1683393878\n|move|p2b: Flutter Mane|Protect|p2b: Flutter Mane\n|-singleturn|p2b: Flutter Mane|Protect\n|move|p1b: Corviknight|Brave Bird|p2a: Tatsugiri\n|-damage|p2a: Tatsugiri|0 fnt\n|faint|p2a: Tatsugiri\n|-damage|p1b: Corviknight|72\/100|[from] Recoil\n|\n|upkeep\n|turn|18\n|\n|t:|1683393889\n|move|p2b: Flutter Mane|Moonblast|p1b: Corviknight\n|-resisted|p1b: Corviknight\n|-damage|p1b: Corviknight|50\/100\n|move|p1b: Corviknight|Roost|p1b: Corviknight\n|-heal|p1b: Corviknight|100\/100\n|-singleturn|p1b: Corviknight|move: Roost\n|\n|upkeep\n|turn|19\n|\n|t:|1683393903\n|move|p2b: Flutter Mane|Protect|p2b: Flutter Mane\n|-singleturn|p2b: Flutter Mane|Protect\n|move|p1b: Corviknight|Tailwind|p1b: Corviknight\n|-sidestart|p1: KaesyGard|move: Tailwind\n|\n|upkeep\n|turn|20\n|c| AndrwApple|Xdddd\n|\n|t:|1683393921\n|-terastallize|p2b: Flutter Mane|Fairy\n|move|p1b: Corviknight|Brave Bird|p2b: Flutter Mane\n|-damage|p2b: Flutter Mane|31\/100\n|-damage|p1b: Corviknight|85\/100|[from] Recoil\n|move|p2b: Flutter Mane|Moonblast|p1b: Corviknight\n|-resisted|p1b: Corviknight\n|-damage|p1b: Corviknight|56\/100\n|\n|upkeep\n|turn|21\n|\n|t:|1683393937\n|move|p1b: Corviknight|Roost|p1b: Corviknight\n|-heal|p1b: Corviknight|100\/100\n|-singleturn|p1b: Corviknight|move: Roost\n|move|p2b: Flutter Mane|Substitute|p2b: Flutter Mane\n|-start|p2b: Flutter Mane|Substitute\n|-damage|p2b: Flutter Mane|7\/100\n|\n|upkeep\n|turn|22\n|\n|t:|1683393951\n|move|p1b: Corviknight|Brave Bird|p2b: Flutter Mane\n|-end|p2b: Flutter Mane|Substitute\n|-damage|p1b: Corviknight|95\/100|[from] Recoil|[of] p2b: Flutter Mane\n|move|p2b: Flutter Mane|Moonblast|p1b: Corviknight\n|-resisted|p1b: Corviknight\n|-damage|p1b: Corviknight|68\/100\n|\n|-sideend|p1: KaesyGard|move: Tailwind\n|upkeep\n|turn|23\n|\n|t:|1683393972\n|move|p2b: Flutter Mane|Moonblast|p1b: Corviknight\n|-resisted|p1b: Corviknight\n|-damage|p1b: Corviknight|40\/100\n|-ability|p1b: Corviknight|Mirror Armor\n|-unboost|p2b: Flutter Mane|spa|1\n|move|p1b: Corviknight|Brave Bird|p2b: Flutter Mane\n|-damage|p2b: Flutter Mane|0 fnt\n|faint|p2b: Flutter Mane\n|-end|p2b: Flutter Mane|Protosynthesis|[silent]\n|-damage|p1b: Corviknight|38\/100|[from] Recoil\n|\n|win|KaesyGard\n|l| AndrwApple\n|l|\u2606KaesyGard\n|j|\u2606KaesyGard\n|player|p1|KaesyGard|1\n","uploadtime":1683394057,"views":13,"p1id":"kaesygard","p2id":"kylecarlx","formatid":"gen9vgc2023regulationc","rating":0,"private":0,"password":""}