{"id":"gen9vgc2023regulationc-1859626015","p1":"hysaaron","p2":"magician42","format":"[Gen 9] VGC 2023 Regulation C","log":"|j|\u2606hysaaron\n|j|\u2606magician42\n|t:|1683550263\n|gametype|doubles\n|player|p1|hysaaron|169|1119\n|player|p2|magician42|169|1184\n|teamsize|p1|6\n|teamsize|p2|6\n|gen|9\n|tier|[Gen 9] VGC 2023 Regulation C\n|rated|\n|rule|Species Clause: Limit one of each Pok\u00e9mon\n|rule|Item Clause: Limit one of each item\n|clearpoke\n|poke|p1|Flutter Mane, L50|\n|poke|p1|Amoonguss, L50, F|\n|poke|p1|Ting-Lu, L50|\n|poke|p1|Arcanine, L50, F|\n|poke|p1|Palafin, L50, F|\n|poke|p1|Pelipper, L50, M|\n|poke|p2|Indeedee-F, L50, F|\n|poke|p2|Armarouge, L50, M|\n|poke|p2|Oranguru, L50, F|\n|poke|p2|Torkoal, L50, M|\n|poke|p2|Kingambit, L50, F|\n|poke|p2|Brute Bonnet, L50|\n|teampreview|4\n|inactive|Battle timer is ON: inactive players will automatically lose when time's up. (requested by hysaaron)\n|inactive|hysaaron has 60 seconds left.\n|inactive|magician42 has 60 seconds left.\n|\n|t:|1683550302\n|start\n|switch|p1a: Palafin|Palafin, L50, F|100\/100\n|switch|p1b: Flutter Mane|Flutter Mane, L50|100\/100\n|switch|p2a: Armarouge|Armarouge, L50, M|100\/100\n|switch|p2b: Indeedee|Indeedee-F, L50, F|100\/100\n|-fieldstart|move: Psychic Terrain|[from] ability: Psychic Surge|[of] p2b: Indeedee\n|turn|1\n|inactive|hysaaron has 30 seconds left.\n|inactive|hysaaron has 20 seconds left.\n|inactive|hysaaron has 15 seconds left.\n|\n|t:|1683550346\n|detailschange|p1a: Palafin|Palafin-Hero, L50, F\n|switch|p1a: Amoonguss|Amoonguss, L50, F, shiny|100\/100\n|move|p2b: Indeedee|Follow Me|p2b: Indeedee\n|-singleturn|p2b: Indeedee|move: Follow Me\n|move|p1b: Flutter Mane|Dazzling Gleam|p2b: Indeedee|[spread] p2a,p2b\n|-resisted|p2a: Armarouge\n|-damage|p2a: Armarouge|76\/100\n|-damage|p2b: Indeedee|55\/100\n|move|p2a: Armarouge|Trick Room|p2a: Armarouge\n|-fieldstart|move: Trick Room|[of] p2a: Armarouge\n|\n|upkeep\n|turn|2\n|inactive|hysaaron has 30 seconds left.\n|\n|t:|1683550374\n|-terastallize|p2a: Armarouge|Grass\n|move|p1a: Amoonguss|Protect|p1a: Amoonguss\n|-singleturn|p1a: Amoonguss|Protect\n|move|p2b: Indeedee|Protect|p2b: Indeedee\n|-singleturn|p2b: Indeedee|Protect\n|move|p2a: Armarouge|Expanding Force|p1a: Amoonguss|[spread] p1b\n|-activate|p1a: Amoonguss|move: Protect\n|-damage|p1b: Flutter Mane|22\/100\n|-damage|p2a: Armarouge|66\/100|[from] item: Life Orb\n|move|p1b: Flutter Mane|Dazzling Gleam|p2b: Indeedee|[spread] p2a\n|-activate|p2b: Indeedee|move: Protect\n|-damage|p2a: Armarouge|16\/100\n|\n|upkeep\n|turn|3\n|inactive|hysaaron has 30 seconds left.\n|inactive|hysaaron has 20 seconds left.\n|inactive|hysaaron has 15 seconds left.\n|\n|t:|1683550415\n|-end|p1b: Flutter Mane|Protosynthesis|[silent]\n|switch|p1b: Ting-Lu|Ting-Lu, L50|100\/100\n|-ability|p1b: Ting-Lu|Vessel of Ruin\n|move|p2b: Indeedee|Follow Me|p2b: Indeedee\n|-singleturn|p2b: Indeedee|move: Follow Me\n|move|p1a: Amoonguss|Spore|p2b: Indeedee\n|-status|p2b: Indeedee|slp|[from] move: Spore\n|move|p2a: Armarouge|Expanding Force|p1b: Ting-Lu|[spread] p1a\n|-immune|p1b: Ting-Lu\n|-supereffective|p1a: Amoonguss\n|-damage|p1a: Amoonguss|0 fnt\n|faint|p1a: Amoonguss\n|-damage|p2a: Armarouge|6\/100|[from] item: Life Orb\n|\n|upkeep\n|\n|t:|1683550431\n|switch|p1a: Palafin|Palafin-Hero, L50, F|100\/100\n|-activate|p1a: Palafin|ability: Zero to Hero\n|turn|4\n|\n|t:|1683550456\n|move|p1a: Palafin|Protect|p1a: Palafin\n|-singleturn|p1a: Palafin|Protect\n|move|p1b: Ting-Lu|Rock Slide|p2b: Indeedee|[spread] p2a,p2b\n|-damage|p2a: Armarouge|0 fnt\n|-damage|p2b: Indeedee|33\/100 slp\n|faint|p2a: Armarouge\n|cant|p2b: Indeedee|slp\n|\n|upkeep\n|\n|t:|1683550464\n|switch|p2a: Brute Bonnet|Brute Bonnet, L50|100\/100\n|turn|5\n|inactive|hysaaron has 30 seconds left.\n|inactive|hysaaron has 20 seconds left.\n|inactive|hysaaron has 15 seconds left.\n|\n|t:|1683550506\n|move|p1a: Palafin|Protect||[still]\n|-fail|p1a: Palafin\n|move|p2a: Brute Bonnet|Spore|p1a: Palafin\n|-status|p1a: Palafin|slp|[from] move: Spore\n|move|p1b: Ting-Lu|Stomping Tantrum|p2b: Indeedee\n|-damage|p2b: Indeedee|0 fnt\n|faint|p2b: Indeedee\n|\n|-fieldend|move: Trick Room\n|-fieldend|move: Psychic Terrain\n|upkeep\n|\n|t:|1683550515\n|switch|p2b: Kingambit|Kingambit, L50, F|100\/100\n|turn|6\n|inactive|hysaaron has 30 seconds left.\n|\n|t:|1683550547\n|cant|p1a: Palafin|slp\n|move|p1b: Ting-Lu|Stomping Tantrum|p2b: Kingambit\n|-supereffective|p2b: Kingambit\n|-damage|p2b: Kingambit|48\/100\n|move|p2a: Brute Bonnet|Seed Bomb|p1a: Palafin\n|-supereffective|p1a: Palafin\n|-damage|p1a: Palafin|25\/100 slp\n|move|p2b: Kingambit|Brick Break|p1b: Ting-Lu\n|-supereffective|p1b: Ting-Lu\n|-damage|p1b: Ting-Lu|62\/100\n|\n|upkeep\n|turn|7\n|\n|t:|1683550564\n|cant|p1a: Palafin|slp\n|move|p2b: Kingambit|Sucker Punch||[still]\n|-fail|p2b: Kingambit\n|move|p1b: Ting-Lu|Stomping Tantrum|p2b: Kingambit\n|-supereffective|p2b: Kingambit\n|-damage|p2b: Kingambit|0 fnt\n|faint|p2b: Kingambit\n|move|p2a: Brute Bonnet|Seed Bomb|p1b: Ting-Lu\n|-supereffective|p1b: Ting-Lu\n|-damage|p1b: Ting-Lu|3\/100\n|\n|upkeep\n|turn|8\n|inactive|hysaaron has 30 seconds left.\n|\n|t:|1683550591\n|-curestatus|p1a: Palafin|slp|[msg]\n|move|p1a: Palafin|Protect|p1a: Palafin\n|-singleturn|p1a: Palafin|Protect\n|move|p1b: Ting-Lu|Ruination|p2a: Brute Bonnet\n|-damage|p2a: Brute Bonnet|50\/100\n|move|p2a: Brute Bonnet|Seed Bomb|p1a: Palafin\n|-activate|p1a: Palafin|move: Protect\n|\n|-heal|p2a: Brute Bonnet|57\/100|[from] item: Leftovers\n|upkeep\n|turn|9\n|-message|magician42 forfeited.\n|\n|win|hysaaron\n|raw|hysaaron's rating: 1119 → 1149<\/strong> (+30 for winning)\n|raw|magician42's rating: 1184 → 1154<\/strong> (-30 for losing)\n|l|\u2606magician42\n","uploadtime":1683550612,"views":5,"p1id":"hysaaron","p2id":"magician42","formatid":"gen9vgc2023regulationc","rating":1149,"private":0,"password":""}