{"id":"gen9vgc2023regulationc-1862559099","p1":"Draven_07","p2":"eljulius","format":"[Gen 9] VGC 2023 Regulation C","log":"|j|\u2606Draven_07\n|j|\u2606eljulius\n|t:|1683900712\n|gametype|doubles\n|player|p1|Draven_07|morty|\n|player|p2|eljulius|2|\n|teamsize|p1|6\n|teamsize|p2|6\n|gen|9\n|tier|[Gen 9] VGC 2023 Regulation C\n|rule|Species Clause: Limit one of each Pok\u00e9mon\n|rule|Item Clause: Limit one of each item\n|clearpoke\n|poke|p1|Tsareena, L50, F|\n|poke|p1|Chien-Pao, L50|\n|poke|p1|Rotom-Heat, L50|\n|poke|p1|Volcarona, L50, F|\n|poke|p1|Braviary, L50, M|\n|poke|p1|Dragapult, L50, M|\n|poke|p2|Arcanine, L50, M|\n|poke|p2|Chi-Yu, L50|\n|poke|p2|Gengar, L50, M|\n|poke|p2|Armarouge, L50, M|\n|poke|p2|Breloom, L50, F|\n|poke|p2|Azumarill, L50, M|\n|teampreview|4\n|\n|t:|1683900766\n|start\n|switch|p1a: Dragapult|Dragapult, L50, M|100\/100\n|switch|p1b: Rotom|Rotom-Heat, L50|100\/100\n|switch|p2a: Arcanine|Arcanine, L50, M|100\/100\n|switch|p2b: Breloom|Breloom, L50, F|100\/100\n|-ability|p2a: Arcanine|Intimidate|boost\n|-fail|p1a: Dragapult|unboost|[from] ability: Clear Body|[of] p1a: Dragapult\n|-unboost|p1b: Rotom|atk|1\n|turn|1\n|\n|t:|1683900800\n|switch|p2b: Chi-Yu|Chi-Yu, L50|100\/100\n|-ability|p2b: Chi-Yu|Beads of Ruin\n|move|p1b: Rotom|Volt Switch|p2b: Chi-Yu\n|-damage|p2b: Chi-Yu|66\/100\n|\n|t:|1683900815\n|switch|p1b: Braviary|Braviary, L50, M|100\/100|[from] Volt Switch\n|move|p1a: Dragapult|Phantom Force||[still]\n|-prepare|p1a: Dragapult|Phantom Force\n|move|p2a: Arcanine|Will-O-Wisp|p1a: Dragapult|[miss]\n|-miss|p2a: Arcanine|p1a: Dragapult\n|\n|upkeep\n|turn|2\n|\n|t:|1683900857\n|move|p1a: Dragapult|Phantom Force|p2b: Chi-Yu|[from]lockedmove\n|-resisted|p2b: Chi-Yu\n|-damage|p2b: Chi-Yu|8\/100\n|move|p2b: Chi-Yu|Substitute|p2b: Chi-Yu\n|-fail|p2b: Chi-Yu|move: Substitute|[weak]\n|move|p2a: Arcanine|Will-O-Wisp|p1b: Braviary\n|-status|p1b: Braviary|brn\n|move|p1b: Braviary|Brave Bird|p2b: Chi-Yu\n|-damage|p2b: Chi-Yu|0 fnt\n|faint|p2b: Chi-Yu\n|-damage|p1b: Braviary|99\/100 brn|[from] Recoil\n|\n|-damage|p1b: Braviary|93\/100 brn|[from] brn\n|upkeep\n|\n|t:|1683900877\n|switch|p2b: Azumarill|Azumarill, L50, M|100\/100\n|turn|3\n|\n|t:|1683900885\n|move|p1a: Dragapult|Phantom Force||[still]\n|-prepare|p1a: Dragapult|Phantom Force\n|move|p2a: Arcanine|Flare Blitz|p1b: Braviary\n|-damage|p1b: Braviary|27\/100 brn\n|-damage|p2a: Arcanine|74\/100|[from] Recoil\n|move|p1b: Braviary|Tailwind|p1b: Braviary\n|-sidestart|p1: Draven_07|move: Tailwind\n|move|p2b: Azumarill|Play Rough|p1a: Dragapult|[miss]\n|-miss|p2b: Azumarill|p1a: Dragapult\n|\n|-damage|p1b: Braviary|21\/100 brn|[from] brn\n|upkeep\n|turn|4\n|\n|t:|1683900902\n|switch|p1b: Rotom|Rotom-Heat, L50|100\/100\n|move|p2a: Arcanine|Extreme Speed|p1b: Rotom\n|-damage|p1b: Rotom|71\/100\n|move|p1a: Dragapult|Phantom Force|p2a: Arcanine|[from]lockedmove\n|-damage|p2a: Arcanine|0 fnt\n|faint|p2a: Arcanine\n|move|p2b: Azumarill|Play Rough|p1a: Dragapult\n|-supereffective|p1a: Dragapult\n|-damage|p1a: Dragapult|0 fnt\n|faint|p1a: Dragapult\n|-damage|p2b: Azumarill|91\/100|[from] item: Life Orb\n|\n|upkeep\n|\n|t:|1683900932\n|switch|p1a: Tsareena|Tsareena, L50, F|100\/100\n|switch|p2a: Breloom|Breloom, L50, F|100\/100\n|turn|5\n|\n|t:|1683900970\n|move|p2b: Azumarill|Protect|p2b: Azumarill\n|-singleturn|p2b: Azumarill|Protect\n|move|p1b: Rotom|Volt Switch|p2b: Azumarill\n|-activate|p2b: Azumarill|move: Protect\n|move|p1a: Tsareena|Play Rough|p2a: Breloom\n|-supereffective|p2a: Breloom\n|-damage|p2a: Breloom|4\/100\n|move|p2a: Breloom|Rock Tomb|p1b: Rotom\n|-supereffective|p1b: Rotom\n|-damage|p1b: Rotom|1\/100\n|-unboost|p1b: Rotom|spe|1\n|\n|upkeep\n|turn|6\n|\n|t:|1683901022\n|move|p2a: Breloom|Mach Punch||[still]\n|cant|p1a: Tsareena|ability: Queenly Majesty|Mach Punch|[of] p2a: Breloom\n|move|p1b: Rotom|Volt Switch|p2b: Azumarill\n|-supereffective|p2b: Azumarill\n|-damage|p2b: Azumarill|26\/100\n|\n|t:|1683901029\n|switch|p1b: Braviary|Braviary, L50, M|21\/100 brn|[from] Volt Switch\n|move|p1a: Tsareena|Play Rough|p2a: Breloom\n|-supereffective|p2a: Breloom\n|-damage|p2a: Breloom|0 fnt\n|faint|p2a: Breloom\n|move|p2b: Azumarill|Play Rough|p1a: Tsareena\n|-damage|p1a: Tsareena|35\/100\n|-damage|p2b: Azumarill|16\/100|[from] item: Life Orb\n|\n|-damage|p1b: Braviary|15\/100 brn|[from] brn\n|-sideend|p1: Draven_07|move: Tailwind\n|upkeep\n|turn|7\n|\n|t:|1683901048\n|move|p1b: Braviary|Brave Bird|p2b: Azumarill\n|-damage|p2b: Azumarill|0 fnt\n|faint|p2b: Azumarill\n|-damage|p1b: Braviary|9\/100 brn|[from] Recoil\n|\n|win|Draven_07\n|c|\u2606eljulius|F\n|c|\u2606eljulius|GG\n","uploadtime":1683901095,"views":14,"p1id":"draven07","p2id":"eljulius","formatid":"gen9vgc2023regulationc","rating":0,"private":0,"password":""}