{"id":"gen9vgc2023regulationc-1856281137","p1":"Errorrss","p2":"Bout It 27","format":"[Gen 9] VGC 2023 Regulation C","log":"|j|\u2606Errorrss\n|j|\u2606Bout It 27\n|t:|1683047234\n|gametype|doubles\n|player|p1|Errorrss|101|1246\n|player|p2|Bout It 27|170|1299\n|teamsize|p1|6\n|teamsize|p2|6\n|gen|9\n|tier|[Gen 9] VGC 2023 Regulation C\n|rated|\n|rule|Species Clause: Limit one of each Pok\u00e9mon\n|rule|Item Clause: Limit one of each item\n|clearpoke\n|poke|p1|Chien-Pao, L50|\n|poke|p1|Hippowdon, L50, M|\n|poke|p1|Garganacl, L50, F|\n|poke|p1|Amoonguss, L50, M|\n|poke|p1|Tauros-Paldea-Blaze, L50, M|\n|poke|p1|Palafin, L50, F|\n|poke|p2|Torkoal, L50, F|\n|poke|p2|Hatterene, L50, F|\n|poke|p2|Indeedee-F, L50, F|\n|poke|p2|Great Tusk, L50|\n|poke|p2|Ting-Lu, L50|\n|poke|p2|Roaring Moon, L50|\n|teampreview|4\n|inactive|Battle timer is ON: inactive players will automatically lose when time's up. (requested by Errorrss)\n|inactive|Errorrss has 60 seconds left.\n|\n|t:|1683047268\n|start\n|switch|p1a: Garganacl|Garganacl, L50, F|100\/100\n|switch|p1b: Palafin|Palafin, L50, F, shiny|100\/100\n|switch|p2a: Roaring Moon|Roaring Moon, L50|100\/100\n|switch|p2b: Indeedee|Indeedee-F, L50, F|100\/100\n|-fieldstart|move: Psychic Terrain|[from] ability: Psychic Surge|[of] p2b: Indeedee\n|turn|1\n|\n|t:|1683047281\n|detailschange|p1b: Palafin|Palafin-Hero, L50, F, shiny\n|switch|p1b: Tauros|Tauros-Paldea-Blaze, L50, M|100\/100\n|-ability|p1b: Tauros|Intimidate|boost\n|-unboost|p2a: Roaring Moon|atk|1\n|-unboost|p2b: Indeedee|atk|1\n|move|p2a: Roaring Moon|Breaking Swipe|p1b: Tauros|[spread] p1a,p1b\n|-damage|p1a: Garganacl|87\/100\n|-damage|p1b: Tauros|84\/100\n|-unboost|p1a: Garganacl|atk|1\n|-unboost|p1b: Tauros|atk|1\n|move|p1a: Garganacl|Salt Cure|p2a: Roaring Moon\n|-damage|p2a: Roaring Moon|89\/100\n|-start|p2a: Roaring Moon|Salt Cure\n|move|p2b: Indeedee|Trick Room|p2b: Indeedee\n|-fieldstart|move: Trick Room|[of] p2b: Indeedee\n|\n|-heal|p1a: Garganacl|93\/100|[from] item: Leftovers\n|-damage|p2a: Roaring Moon|77\/100|[from] Salt Cure\n|upkeep\n|turn|2\n|inactive|Errorrss has 30 seconds left.\n|\n|t:|1683047308\n|-end|p2a: Roaring Moon|Protosynthesis|[silent]\n|switch|p2a: Hatterene|Hatterene, L50, F|100\/100\n|-enditem|p2a: Hatterene|Room Service\n|-unboost|p2a: Hatterene|spe|1|[from] item: Room Service\n|move|p1a: Garganacl|Salt Cure|p2b: Indeedee\n|-damage|p2b: Indeedee|90\/100\n|-start|p2b: Indeedee|Salt Cure\n|move|p2b: Indeedee|Psychic|p1b: Tauros\n|-supereffective|p1b: Tauros\n|-damage|p1b: Tauros|0 fnt\n|faint|p1b: Tauros\n|\n|-heal|p1a: Garganacl|99\/100|[from] item: Leftovers\n|-damage|p2b: Indeedee|78\/100|[from] Salt Cure\n|upkeep\n|\n|t:|1683047317\n|switch|p1b: Hippowdon|Hippowdon, L50, M|100\/100\n|-weather|Sandstorm|[from] ability: Sand Stream|[of] p1b: Hippowdon\n|turn|3\n|inactive|Errorrss has 30 seconds left.\n|\n|t:|1683047351\n|move|p1a: Garganacl|Protect|p1a: Garganacl\n|-singleturn|p1a: Garganacl|Protect\n|move|p2a: Hatterene|Psychic|p1b: Hippowdon\n|-damage|p1b: Hippowdon|48\/100\n|move|p1b: Hippowdon|Sand Tomb|p2a: Hatterene\n|-damage|p2a: Hatterene|84\/100\n|-activate|p2a: Hatterene|move: Sand Tomb|[of] p1b: Hippowdon\n|move|p2b: Indeedee|Psychic|p1b: Hippowdon\n|-damage|p1b: Hippowdon|20\/100\n|\n|-weather|Sandstorm|[upkeep]\n|-damage|p2a: Hatterene|78\/100|[from] Sandstorm\n|-damage|p2b: Indeedee|72\/100|[from] Sandstorm\n|-heal|p1a: Garganacl|100\/100|[from] item: Leftovers\n|-damage|p2a: Hatterene|61\/100|[from] move: Sand Tomb|[partiallytrapped]\n|-damage|p2b: Indeedee|59\/100|[from] Salt Cure\n|upkeep\n|turn|4\n|\n|t:|1683047373\n|move|p1b: Hippowdon|Protect|p1b: Hippowdon\n|-singleturn|p1b: Hippowdon|Protect\n|move|p2a: Hatterene|Psychic|p1a: Garganacl\n|-damage|p1a: Garganacl|69\/100\n|move|p1a: Garganacl|Salt Cure|p2a: Hatterene\n|-damage|p2a: Hatterene|50\/100\n|-start|p2a: Hatterene|Salt Cure\n|move|p2b: Indeedee|Psychic|p1b: Hippowdon\n|-activate|p1b: Hippowdon|move: Protect\n|\n|-weather|Sandstorm|[upkeep]\n|-damage|p2a: Hatterene|44\/100|[from] Sandstorm\n|-damage|p2b: Indeedee|53\/100|[from] Sandstorm\n|-heal|p1a: Garganacl|75\/100|[from] item: Leftovers\n|-damage|p2a: Hatterene|28\/100|[from] move: Sand Tomb|[partiallytrapped]\n|-damage|p2a: Hatterene|16\/100|[from] Salt Cure\n|-damage|p2b: Indeedee|41\/100|[from] Salt Cure\n|upkeep\n|turn|5\n|\n|t:|1683047398\n|move|p2a: Hatterene|Psychic|p1b: Hippowdon\n|-damage|p1b: Hippowdon|0 fnt\n|faint|p1b: Hippowdon\n|move|p1a: Garganacl|Salt Cure|p2b: Indeedee\n|-damage|p2b: Indeedee|30\/100\n|move|p2b: Indeedee|Psychic|p1a: Garganacl\n|-damage|p1a: Garganacl|56\/100\n|\n|-weather|Sandstorm|[upkeep]\n|-damage|p2a: Hatterene|10\/100|[from] Sandstorm\n|-damage|p2b: Indeedee|24\/100|[from] Sandstorm\n|-heal|p1a: Garganacl|62\/100|[from] item: Leftovers\n|-damage|p2a: Hatterene|0 fnt|[from] Salt Cure\n|faint|p2a: Hatterene\n|-damage|p2b: Indeedee|12\/100|[from] Salt Cure\n|-fieldend|move: Trick Room\n|-fieldend|move: Psychic Terrain\n|upkeep\n|\n|t:|1683047415\n|switch|p1b: Palafin|Palafin-Hero, L50, F, shiny|100\/100\n|switch|p2a: Roaring Moon|Roaring Moon, L50|77\/100\n|-activate|p1b: Palafin|ability: Zero to Hero\n|turn|6\n|\n|t:|1683047427\n|move|p1b: Palafin|Protect|p1b: Palafin\n|-singleturn|p1b: Palafin|Protect\n|move|p2b: Indeedee|Follow Me|p2b: Indeedee\n|-singleturn|p2b: Indeedee|move: Follow Me\n|move|p2a: Roaring Moon|Breaking Swipe|p1a: Garganacl|[spread] p1a\n|-activate|p1b: Palafin|move: Protect\n|-damage|p1a: Garganacl|42\/100\n|-unboost|p1a: Garganacl|atk|1\n|move|p1a: Garganacl|Salt Cure|p2b: Indeedee\n|-damage|p2b: Indeedee|3\/100\n|\n|-weather|Sandstorm|[upkeep]\n|-damage|p2a: Roaring Moon|71\/100|[from] Sandstorm\n|-damage|p1b: Palafin|95\/100|[from] Sandstorm\n|-damage|p2b: Indeedee|0 fnt|[from] Sandstorm\n|faint|p2b: Indeedee\n|-heal|p1a: Garganacl|48\/100|[from] item: Leftovers\n|upkeep\n|\n|t:|1683047446\n|switch|p2b: Torkoal|Torkoal, L50, F|100\/100\n|-weather|SunnyDay|[from] ability: Drought|[of] p2b: Torkoal\n|-activate|p2a: Roaring Moon|ability: Protosynthesis\n|-start|p2a: Roaring Moon|protosynthesisatk\n|turn|7\n|\n|t:|1683047459\n|-terastallize|p1b: Palafin|Water\n|move|p2b: Torkoal|Protect|p2b: Torkoal\n|-singleturn|p2b: Torkoal|Protect\n|move|p2a: Roaring Moon|Breaking Swipe|p1a: Garganacl|[spread] p1a,p1b\n|-damage|p1a: Garganacl|24\/100\n|-damage|p1b: Palafin|63\/100\n|-unboost|p1a: Garganacl|atk|1\n|-unboost|p1b: Palafin|atk|1\n|move|p1b: Palafin|Drain Punch|p2a: Roaring Moon\n|-supereffective|p2a: Roaring Moon\n|-damage|p2a: Roaring Moon|21\/100\n|-heal|p1b: Palafin|87\/100|[from] drain|[of] p2a: Roaring Moon\n|move|p1a: Garganacl|Recover|p1a: Garganacl\n|-heal|p1a: Garganacl|74\/100\n|\n|-weather|SunnyDay|[upkeep]\n|-heal|p1a: Garganacl|80\/100|[from] item: Leftovers\n|upkeep\n|turn|8\n|c|\u2606Errorrss|Gg\n|inactive|Bout It 27 has 30 seconds left.\n|\n|t:|1683047488\n|-terastallize|p2b: Torkoal|Fire\n|move|p1b: Palafin|Jet Punch|p2a: Roaring Moon\n|-resisted|p2a: Roaring Moon\n|-damage|p2a: Roaring Moon|8\/100\n|move|p2a: Roaring Moon|Breaking Swipe|p1a: Garganacl|[spread] p1a,p1b\n|-damage|p1a: Garganacl|56\/100\n|-damage|p1b: Palafin|53\/100\n|-unboost|p1a: Garganacl|atk|1\n|-unboost|p1b: Palafin|atk|1\n|move|p1a: Garganacl|Salt Cure|p2b: Torkoal\n|-supereffective|p2b: Torkoal\n|-damage|p2b: Torkoal|93\/100\n|-start|p2b: Torkoal|Salt Cure\n|move|p2b: Torkoal|Eruption|p1b: Palafin|[spread] p1a,p1b\n|-resisted|p1a: Garganacl\n|-resisted|p1b: Palafin\n|-damage|p1a: Garganacl|23\/100\n|-damage|p1b: Palafin|0 fnt\n|faint|p1b: Palafin\n|\n|-weather|SunnyDay|[upkeep]\n|-heal|p1a: Garganacl|29\/100|[from] item: Leftovers\n|-damage|p2b: Torkoal|80\/100|[from] Salt Cure\n|upkeep\n|turn|9\n|-message|Errorrss forfeited.\n|\n|win|Bout It 27\n|raw|Errorrss's rating: 1246 → 1225<\/strong> (-21 for losing)\n|raw|Bout It 27's rating: 1299 → 1320<\/strong> (+21 for winning)\n|l|\u2606Errorrss\n","uploadtime":1683047523,"views":6,"p1id":"errorrss","p2id":"boutit27","formatid":"gen9vgc2023regulationc","rating":1225,"private":0,"password":""}