{"id":"gen9vgc2023regulationc-1845462119","p1":"Saltii_Pokemon","p2":"Moonlight Flutter","format":"[Gen 9] VGC 2023 Regulation C","log":"|j|\u2606Saltii_Pokemon\n|j|\u2606Moonlight Flutter\n|t:|1681735996\n|gametype|doubles\n|player|p1|Saltii_Pokemon|pryce|1185\n|player|p2|Moonlight Flutter|dawn-masters2|1286\n|teamsize|p1|6\n|teamsize|p2|6\n|gen|9\n|tier|[Gen 9] VGC 2023 Regulation C\n|rated|\n|rule|Species Clause: Limit one of each Pok\u00e9mon\n|rule|Item Clause: Limit one of each item\n|clearpoke\n|poke|p1|Chien-Pao, L50|\n|poke|p1|Dragapult, L50, F|\n|poke|p1|Volcarona, L50, M|\n|poke|p1|Flutter Mane, L50|\n|poke|p1|Azumarill, L50, F|\n|poke|p1|Amoonguss, L50, M|\n|poke|p2|Flutter Mane, L50|\n|poke|p2|Chi-Yu, L50|\n|poke|p2|Meowscarada, L50, M|\n|poke|p2|Gyarados, L50, M|\n|poke|p2|Baxcalibur, L50, F|\n|poke|p2|Corviknight, L50, F|\n|teampreview|4\n|l|\u2606Moonlight Flutter\n|player|p2|\nSaltii_Pokemon rejected open team sheets.\n|inactive|Battle timer is ON: inactive players will automatically lose when time's up. (requested by Saltii_Pokemon)\n|inactive|Moonlight Flutter has 30 seconds to reconnect!\n|inactive|Moonlight Flutter has 20 seconds to reconnect!\n|inactive|Moonlight Flutter has 15 seconds to reconnect!\n|inactive|Moonlight Flutter has 10 seconds to reconnect!\n|inactive|Moonlight Flutter has 5 seconds to reconnect!\n|j|\u2606Moonlight Flutter\n|inactive|Moonlight Flutter reconnected and has 35 seconds left.\n|player|p2|Moonlight Flutter|dawn-masters2\n|inactive|Moonlight Flutter has 30 seconds left.\n|inactive|Moonlight Flutter has 20 seconds left.\n|inactive|Moonlight Flutter has 15 seconds left.\n|inactive|Moonlight Flutter has 10 seconds left.\n|inactive|Moonlight Flutter has 5 seconds left.\n|\n|t:|1681736105\n|start\n|switch|p1a: Volcarona|Volcarona, L50, M|100\/100\n|switch|p1b: Azumarill|Azumarill, L50, F|100\/100\n|switch|p2a: Corviknight|Corviknight, L50, F|100\/100\n|switch|p2b: Flutter Mane|Flutter Mane, L50|100\/100\n|-enditem|p2b: Flutter Mane|Booster Energy\n|-activate|p2b: Flutter Mane|ability: Protosynthesis|[fromitem]\n|-start|p2b: Flutter Mane|protosynthesisspa\n|turn|1\n|inactive|Saltii_Pokemon has 30 seconds left.\n|\n|t:|1681736133\n|switch|p2a: Gyarados|Gyarados, L50, M, shiny|100\/100\n|-ability|p2a: Gyarados|Intimidate|boost\n|-unboost|p1a: Volcarona|atk|1\n|-unboost|p1b: Azumarill|atk|1\n|move|p2b: Flutter Mane|Moonblast|p1b: Azumarill\n|-damage|p1b: Azumarill|58\/100\n|move|p1a: Volcarona|Heat Wave|p2a: Gyarados|[spread] p2a,p2b\n|-resisted|p2a: Gyarados\n|-damage|p2a: Gyarados|86\/100\n|-damage|p2b: Flutter Mane|69\/100\n|move|p1b: Azumarill|Liquidation|p2b: Flutter Mane\n|-damage|p2b: Flutter Mane|11\/100\n|-unboost|p2b: Flutter Mane|def|1\n|\n|upkeep\n|turn|2\n|\n|t:|1681736156\n|-end|p2b: Flutter Mane|Protosynthesis|[silent]\n|switch|p2b: Meowscarada|Meowscarada, L50, M|100\/100\n|move|p1b: Azumarill|Aqua Jet|p2b: Meowscarada\n|-resisted|p2b: Meowscarada\n|-crit|p2b: Meowscarada\n|-damage|p2b: Meowscarada|73\/100\n|move|p1a: Volcarona|Quiver Dance|p1a: Volcarona\n|-boost|p1a: Volcarona|spa|1\n|-boost|p1a: Volcarona|spd|1\n|-boost|p1a: Volcarona|spe|1\n|move|p2a: Gyarados|Thunder Wave|p1a: Volcarona\n|-status|p1a: Volcarona|par\n|\n|upkeep\n|turn|3\n|\n|t:|1681736178\n|-terastallize|p1a: Volcarona|Water\n|move|p2b: Meowscarada|Knock Off|p1a: Volcarona\n|-start|p2b: Meowscarada|typechange|Dark|[from] ability: Protean\n|-damage|p1a: Volcarona|40\/100 par\n|-enditem|p1a: Volcarona|Leftovers|[from] move: Knock Off|[of] p2b: Meowscarada\n|move|p1a: Volcarona|Heat Wave|p2a: Gyarados|[spread] p2a,p2b\n|-resisted|p2a: Gyarados\n|-damage|p2a: Gyarados|65\/100\n|-damage|p2b: Meowscarada|6\/100\n|-status|p2b: Meowscarada|brn\n|move|p2a: Gyarados|Waterfall|p1a: Volcarona\n|-resisted|p1a: Volcarona\n|-damage|p1a: Volcarona|17\/100 par\n|move|p1b: Azumarill|Ice Spinner|p2b: Meowscarada\n|-crit|p2b: Meowscarada\n|-damage|p2b: Meowscarada|0 fnt\n|faint|p2b: Meowscarada\n|\n|upkeep\n|\n|t:|1681736194\n|switch|p2b: Corviknight|Corviknight, L50, F|100\/100\n|turn|4\n|\n|t:|1681736207\n|cant|p1a: Volcarona|par\n|move|p2a: Gyarados|Waterfall|p1a: Volcarona\n|-resisted|p1a: Volcarona\n|-damage|p1a: Volcarona|0 fnt\n|faint|p1a: Volcarona\n|move|p2b: Corviknight|Bulk Up|p2b: Corviknight\n|-boost|p2b: Corviknight|atk|1\n|-boost|p2b: Corviknight|def|1\n|move|p1b: Azumarill|Liquidation|p2b: Corviknight\n|-damage|p2b: Corviknight|81\/100\n|-ability|p2b: Corviknight|Mirror Armor\n|-unboost|p1b: Azumarill|def|1\n|\n|upkeep\n|\n|t:|1681736220\n|switch|p1a: Chien-Pao|Chien-Pao, L50|100\/100\n|-ability|p1a: Chien-Pao|Sword of Ruin\n|turn|5\n|\n|t:|1681736239\n|move|p1a: Chien-Pao|Sacred Sword|p2b: Corviknight\n|-damage|p2b: Corviknight|49\/100\n|move|p2a: Gyarados|Thunder Wave|p1a: Chien-Pao\n|-status|p1a: Chien-Pao|par\n|move|p2b: Corviknight|Bulk Up|p2b: Corviknight\n|-boost|p2b: Corviknight|atk|1\n|-boost|p2b: Corviknight|def|1\n|move|p1b: Azumarill|Play Rough|p2a: Gyarados\n|-damage|p2a: Gyarados|22\/100\n|-enditem|p2a: Gyarados|Sitrus Berry|[eat]\n|-heal|p2a: Gyarados|47\/100|[from] item: Sitrus Berry\n|\n|upkeep\n|turn|6\n|inactive|Saltii_Pokemon has 30 seconds left.\n|\n|t:|1681736267\n|move|p2a: Gyarados|Waterfall|p1a: Chien-Pao\n|-damage|p1a: Chien-Pao|51\/100 par\n|move|p1a: Chien-Pao|Sacred Sword|p2b: Corviknight\n|-damage|p2b: Corviknight|15\/100\n|move|p2b: Corviknight|Roost|p2b: Corviknight\n|-heal|p2b: Corviknight|65\/100\n|-singleturn|p2b: Corviknight|move: Roost\n|move|p1b: Azumarill|Liquidation|p2b: Corviknight\n|-damage|p2b: Corviknight|43\/100\n|\n|upkeep\n|turn|7\n|inactive|Saltii_Pokemon has 30 seconds left.\n|\n|t:|1681736299\n|move|p2a: Gyarados|Waterfall|p1a: Chien-Pao\n|-damage|p1a: Chien-Pao|0 fnt\n|faint|p1a: Chien-Pao\n|move|p2b: Corviknight|Roost|p2b: Corviknight\n|-heal|p2b: Corviknight|94\/100\n|-singleturn|p2b: Corviknight|move: Roost\n|move|p1b: Azumarill|Liquidation|p2b: Corviknight\n|-damage|p2b: Corviknight|78\/100\n|\n|upkeep\n|\n|t:|1681736307\n|switch|p1a: Flutter Mane|Flutter Mane, L50|100\/100\n|-enditem|p1a: Flutter Mane|Booster Energy\n|-activate|p1a: Flutter Mane|ability: Protosynthesis|[fromitem]\n|-start|p1a: Flutter Mane|protosynthesisspe\n|turn|8\n|\n|t:|1681736315\n|move|p1a: Flutter Mane|Shadow Ball|p2b: Corviknight\n|-damage|p2b: Corviknight|45\/100\n|move|p2a: Gyarados|Thunder Wave|p1a: Flutter Mane\n|-status|p1a: Flutter Mane|par\n|move|p2b: Corviknight|Tailwind|p2b: Corviknight\n|-sidestart|p2: Moonlight Flutter|move: Tailwind\n|move|p1b: Azumarill|Play Rough|p2a: Gyarados\n|-damage|p2a: Gyarados|15\/100\n|\n|upkeep\n|turn|9\n|\n|t:|1681736331\n|move|p2a: Gyarados|Waterfall|p1a: Flutter Mane\n|-damage|p1a: Flutter Mane|37\/100 par\n|move|p2b: Corviknight|Brave Bird|p1b: Azumarill\n|-damage|p1b: Azumarill|0 fnt\n|faint|p1b: Azumarill\n|-damage|p2b: Corviknight|26\/100|[from] Recoil\n|move|p1a: Flutter Mane|Dazzling Gleam|p2b: Corviknight|[spread] p2a,p2b\n|-resisted|p2b: Corviknight\n|-damage|p2a: Gyarados|0 fnt\n|-damage|p2b: Corviknight|13\/100\n|faint|p2a: Gyarados\n|\n|upkeep\n|\n|t:|1681736340\n|switch|p2a: Flutter Mane|Flutter Mane, L50|11\/100\n|turn|10\n|\n|t:|1681736346\n|move|p2a: Flutter Mane|Shadow Ball|p1a: Flutter Mane\n|-supereffective|p1a: Flutter Mane\n|-damage|p1a: Flutter Mane|0 fnt\n|faint|p1a: Flutter Mane\n|-end|p1a: Flutter Mane|Protosynthesis|[silent]\n|\n|win|Moonlight Flutter\n|raw|Saltii_Pokemon's rating: 1185 → 1167<\/strong> (-18 for losing)\n|raw|Moonlight Flutter's rating: 1286 → 1304<\/strong> (+18 for winning)\n|l|\u2606Saltii_Pokemon\n","uploadtime":1681736372,"views":8,"p1id":"saltiipokemon","p2id":"moonlightflutter","formatid":"gen9vgc2023regulationc","rating":1167,"private":0,"password":""}