{"id":"gen9vgc2023regulationc-1850647365","p1":"TeamUNknownTesting","p2":"CGballin","format":"[Gen 9] VGC 2023 Regulation C","log":"|j|\u2606TeamUNknownTesting\n|j|\u2606CGballin\n|t:|1682355858\n|gametype|doubles\n|player|p1|TeamUNknownTesting|acetrainer-gen4dp|1419\n|player|p2|CGballin|doubleteam|1442\n|teamsize|p1|6\n|teamsize|p2|6\n|gen|9\n|tier|[Gen 9] VGC 2023 Regulation C\n|rated|\n|rule|Species Clause: Limit one of each Pok\u00e9mon\n|rule|Item Clause: Limit one of each item\n|clearpoke\n|poke|p1|Baxcalibur, L50, F|\n|poke|p1|Flutter Mane, L50|\n|poke|p1|Abomasnow, L50, F|\n|poke|p1|Chi-Yu, L50|\n|poke|p1|Palafin, L50, F|\n|poke|p1|Kingambit, L50, M|\n|poke|p2|Flutter Mane, L50|\n|poke|p2|Murkrow, L50, M|\n|poke|p2|Garchomp, L50, F|\n|poke|p2|Rotom-Heat, L50|\n|poke|p2|Garganacl, L50, F|\n|poke|p2|Tyranitar, L50, M|\n|teampreview|4\n|inactive|Battle timer is ON: inactive players will automatically lose when time's up. (requested by CGballin)\n|inactive|TeamUNknownTesting also wants the timer to be on.\n|inactive|CGballin has 60 seconds left.\n|\n|t:|1682355903\n|start\n|switch|p1a: Palafin|Palafin, L50, F|100\/100\n|switch|p1b: Flutter Mane|Flutter Mane, L50|100\/100\n|switch|p2a: Tyranitar|Tyranitar, L50, M|100\/100\n|switch|p2b: Garganacl|Garganacl, L50, F|100\/100\n|-weather|Sandstorm|[from] ability: Sand Stream|[of] p2a: Tyranitar\n|-enditem|p1b: Flutter Mane|Booster Energy\n|-activate|p1b: Flutter Mane|ability: Protosynthesis|[fromitem]\n|-start|p1b: Flutter Mane|protosynthesisspa\n|turn|1\n|\n|t:|1682355925\n|detailschange|p1a: Palafin|Palafin-Hero, L50, F\n|switch|p1a: Abomasnow|Abomasnow, L50, F|100\/100\n|-weather|Snow|[from] ability: Snow Warning|[of] p1a: Abomasnow\n|-terastallize|p1b: Flutter Mane|Fairy\n|move|p1b: Flutter Mane|Dazzling Gleam|p2b: Garganacl|[spread] p2a,p2b\n|-supereffective|p2a: Tyranitar\n|-damage|p2a: Tyranitar|36\/100\n|-damage|p2b: Garganacl|66\/100\n|move|p2a: Tyranitar|Rock Slide|p1a: Abomasnow|[spread] p1a,p1b\n|-supereffective|p1a: Abomasnow\n|-crit|p1a: Abomasnow\n|-damage|p1a: Abomasnow|18\/100\n|-damage|p1b: Flutter Mane|51\/100\n|move|p2b: Garganacl|Iron Defense|p2b: Garganacl\n|-boost|p2b: Garganacl|def|2\n|\n|-weather|Snow|[upkeep]\n|-heal|p2b: Garganacl|72\/100|[from] item: Leftovers\n|upkeep\n|turn|2\n|inactive|CGballin has 30 seconds left.\n|\n|t:|1682355956\n|move|p2b: Garganacl|Wide Guard|p2b: Garganacl\n|-singleturn|p2b: Garganacl|Wide Guard\n|move|p1b: Flutter Mane|Moonblast|p2a: Tyranitar\n|-supereffective|p2a: Tyranitar\n|-damage|p2a: Tyranitar|0 fnt\n|faint|p2a: Tyranitar\n|move|p1a: Abomasnow|Energy Ball|p2b: Garganacl\n|-supereffective|p2b: Garganacl\n|-damage|p2b: Garganacl|19\/100\n|\n|-weather|Snow|[upkeep]\n|-heal|p2b: Garganacl|25\/100|[from] item: Leftovers\n|upkeep\n|\n|t:|1682355972\n|switch|p2a: Garchomp|Garchomp, L50, F|100\/100\n|turn|3\n|\n|t:|1682355992\n|switch|p2b: Murkrow|Murkrow, L50, M|100\/100\n|-terastallize|p2a: Garchomp|Steel\n|move|p1b: Flutter Mane|Moonblast|p2b: Murkrow\n|-supereffective|p2b: Murkrow\n|-damage|p2b: Murkrow|0 fnt\n|faint|p2b: Murkrow\n|move|p2a: Garchomp|Swords Dance|p2a: Garchomp\n|-boost|p2a: Garchomp|atk|2\n|move|p1a: Abomasnow|Aurora Veil|p1a: Abomasnow\n|-sidestart|p1: TeamUNknownTesting|move: Aurora Veil\n|\n|-weather|Snow|[upkeep]\n|upkeep\n|\n|t:|1682356003\n|switch|p2b: Garganacl|Garganacl, L50, F|25\/100\n|turn|4\n|\n|t:|1682356009\n|move|p2b: Garganacl|Wide Guard|p2b: Garganacl\n|-singleturn|p2b: Garganacl|Wide Guard\n|move|p1b: Flutter Mane|Moonblast|p2b: Garganacl\n|-damage|p2b: Garganacl|0 fnt\n|faint|p2b: Garganacl\n|move|p2a: Garchomp|Earthquake|p1b: Flutter Mane|[spread] p1a,p1b\n|-resisted|p1a: Abomasnow\n|-damage|p1a: Abomasnow|0 fnt\n|-damage|p1b: Flutter Mane|0 fnt\n|faint|p1a: Abomasnow\n|faint|p1b: Flutter Mane\n|-end|p1b: Flutter Mane|Protosynthesis|[silent]\n|\n|-weather|Snow|[upkeep]\n|upkeep\n|\n|t:|1682356017\n|switch|p1b: Palafin|Palafin-Hero, L50, F|100\/100\n|switch|p1a: Baxcalibur|Baxcalibur, L50, F|100\/100\n|-activate|p1b: Palafin|ability: Zero to Hero\n|turn|5\n|\n|t:|1682356024\n|move|p2a: Garchomp|Earthquake|p1a: Baxcalibur|[spread] p1a,p1b\n|-damage|p1a: Baxcalibur|63\/100\n|-damage|p1b: Palafin|50\/100\n|move|p1b: Palafin|Wave Crash|p2a: Garchomp\n|-damage|p2a: Garchomp|10\/100\n|-damage|p1b: Palafin|38\/100|[from] ability: Rough Skin|[of] p2a: Garchomp\n|-damage|p1b: Palafin|10\/100|[from] Recoil\n|move|p1a: Baxcalibur|Glaive Rush|p2a: Garchomp\n|-resisted|p2a: Garchomp\n|-damage|p2a: Garchomp|0 fnt\n|-singlemove|p1a: Baxcalibur|Glaive Rush|[silent]\n|-damage|p1a: Baxcalibur|51\/100|[from] ability: Rough Skin|[of] p2a: Garchomp\n|faint|p2a: Garchomp\n|-damage|p1a: Baxcalibur|41\/100|[from] item: Life Orb\n|\n|win|TeamUNknownTesting\n|raw|TeamUNknownTesting's rating: 1419 → 1440<\/strong> (+21 for winning)\n|raw|CGballin's rating: 1442 → 1421<\/strong> (-21 for losing)\n|l|\u2606CGballin\n|c|\u2606TeamUNknownTesting|gg\n","uploadtime":1682356045,"views":21,"p1id":"teamunknowntesting","p2id":"cgballin","formatid":"gen9vgc2023regulationc","rating":1421,"private":0,"password":""}