{"id":"gen9vgc2023regulationc-1846007430","p1":"Jwalker5121","p2":"Peter Panshrew","format":"[Gen 9] VGC 2023 Regulation C","log":"|j|\u2606Jwalker5121\n|j|\u2606Peter Panshrew\n|t:|1681790487\n|gametype|doubles\n|player|p1|Jwalker5121|striker|\n|player|p2|Peter Panshrew|102|\n|teamsize|p1|6\n|teamsize|p2|6\n|gen|9\n|tier|[Gen 9] VGC 2023 Regulation C\n|rated|Tournament battle\n|rule|Species Clause: Limit one of each Pok\u00e9mon\n|rule|Item Clause: Limit one of each item\n|clearpoke\n|poke|p1|Wo-Chien, L50|\n|poke|p1|Ting-Lu, L50|\n|poke|p1|Glimmora, L50, M|\n|poke|p1|Arcanine, L50, F|\n|poke|p1|Flutter Mane, L50|\n|poke|p1|Gastrodon, L50, M|\n|poke|p2|Corviknight, L50, F|\n|poke|p2|Annihilape, L50, M|\n|poke|p2|Maushold, L50|\n|poke|p2|Roaring Moon, L50|\n|poke|p2|Palafin, L50, M|\n|poke|p2|Glimmora, L50, F|\n|teampreview|4\n|raw| Open Team Sheet for Jwalker5121<\/summary>Wo-Chien @ Leftovers Ability: Tablets of Ruin Level: 50 Tera Type: Poison - Pollen Puff - Leech Seed - Protect - Mean Look Ting-Lu @ Assault Vest Ability: Vessel of Ruin Level: 50 Tera Type: Fire - Fissure - Stomping Tantrum - Heavy Slam - Throat Chop Glimmora @ Safety Goggles Ability: Corrosion Level: 50 Tera Type: Ghost - Mortal Spin - Spiky Shield - Venoshock - Power Gem Arcanine @ Covert Cloak Ability: Intimidate Level: 50 Tera Type: Grass - Extreme Speed - Will-O-Wisp - Flare Blitz - Tera Blast Flutter Mane @ Focus Sash Ability: Protosynthesis Level: 50 Tera Type: Steel - Dazzling Gleam - Thunderbolt - Perish Song - Hex Gastrodon @ Sitrus Berry Ability: Storm Drain Level: 50 Tera Type: Fire - Ice Beam - Earth Power - Protect - Muddy Water <\/details><\/div> Open Team Sheet for Peter Panshrew<\/summary>Corviknight @ Leftovers Ability: Mirror Armor Level: 50 Tera Type: Flying - Bulk Up - Roost - Body Press - Brave Bird Annihilape @ Sitrus Berry Ability: Defiant Level: 50 Tera Type: Fire - Protect - Bulk Up - Rage Fist - Drain Punch Maushold @ Safety Goggles Ability: Friend Guard Level: 50 Tera Type: Ghost - Protect - Follow Me - Beat Up - Super Fang Roaring Moon @ Booster Energy Ability: Protosynthesis Level: 50 Tera Type: Fairy - Protect - Dragon Dance - Acrobatics - Throat Chop Palafin @ Eject Pack Ability: Zero to Hero Level: 50 Tera Type: Water - Tickle - Close Combat - Wave Crash - Jet Punch Glimmora @ Choice Scarf Ability: Toxic Debris Level: 50 Shiny: Yes Tera Type: Grass - Earth Power - Power Gem - Sludge Bomb - Energy Ball <\/details><\/div>\n|j| Radio Free C-Side\n|j|%Bright Size\n|j| WeirdPolyCouple\n|c|\u2606Jwalker5121|Where is your quilfish?\n|c|\u2606Peter Panshrew|now he is nap\n|c|\u2606Jwalker5121|alright lol. gl\n|c|\u2606Peter Panshrew|you too\n|l| WeirdPolyCouple\n|\n|t:|1681790572\n|start\n|switch|p1a: Flutter Mane|Flutter Mane, L50|100\/100\n|switch|p1b: Wo-Chien|Wo-Chien, L50|100\/100\n|switch|p2a: Maushold|Maushold, L50|100\/100\n|switch|p2b: Palafin|Palafin, L50, M|100\/100\n|-ability|p1b: Wo-Chien|Tablets of Ruin\n|turn|1\n|j| WeirdPolyCouple\n|\n|t:|1681790600\n|move|p2a: Maushold|Protect|p2a: Maushold\n|-singleturn|p2a: Maushold|Protect\n|move|p1a: Flutter Mane|Dazzling Gleam|p2a: Maushold|[spread] p2b\n|-activate|p2a: Maushold|move: Protect\n|-damage|p2b: Palafin|72\/100\n|move|p2b: Palafin|Close Combat|p1b: Wo-Chien\n|-supereffective|p1b: Wo-Chien\n|-damage|p1b: Wo-Chien|71\/100\n|-unboost|p2b: Palafin|def|1\n|-unboost|p2b: Palafin|spd|1\n|-enditem|p2b: Palafin|Eject Pack\n|\n|t:|1681790607\n|detailschange|p2b: Palafin|Palafin-Hero, L50, M\n|switch|p2b: Annihilape|Annihilape, L50, M|100\/100\n|move|p1b: Wo-Chien|Leech Seed|p2b: Annihilape\n|-start|p2b: Annihilape|move: Leech Seed\n|\n|-heal|p1b: Wo-Chien|78\/100|[from] item: Leftovers\n|-damage|p2b: Annihilape|88\/100|[from] Leech Seed|[of] p1b: Wo-Chien\n|-heal|p1b: Wo-Chien|92\/100|[silent]\n|upkeep\n|turn|2\n|\n|t:|1681790635\n|move|p1a: Flutter Mane|Perish Song|p1a: Flutter Mane\n|-start|p1a: Flutter Mane|perish3|[silent]\n|-start|p1b: Wo-Chien|perish3|[silent]\n|-start|p2a: Maushold|perish3|[silent]\n|-start|p2b: Annihilape|perish3|[silent]\n|-fieldactivate|move: Perish Song\n|move|p2a: Maushold|Beat Up|p2b: Annihilape\n|-damage|p2b: Annihilape|87\/100\n|-damage|p2b: Annihilape|85\/100\n|-damage|p2b: Annihilape|83\/100\n|-damage|p2b: Annihilape|82\/100\n|-hitcount|p2b: Annihilape|4\n|move|p2b: Annihilape|Rage Fist|p1a: Flutter Mane\n|-supereffective|p1a: Flutter Mane\n|-enditem|p1a: Flutter Mane|Focus Sash\n|-damage|p1a: Flutter Mane|1\/100\n|move|p1b: Wo-Chien|Mean Look||[still]\n|-fail|p1b: Wo-Chien\n|\n|-heal|p1b: Wo-Chien|98\/100|[from] item: Leftovers\n|-damage|p2b: Annihilape|69\/100|[from] Leech Seed|[of] p1b: Wo-Chien\n|-heal|p1b: Wo-Chien|100\/100|[silent]\n|-start|p1a: Flutter Mane|perish3\n|-start|p2a: Maushold|perish3\n|-start|p2b: Annihilape|perish3\n|-start|p1b: Wo-Chien|perish3\n|upkeep\n|turn|3\n|\n|t:|1681790653\n|move|p2b: Annihilape|Protect|p2b: Annihilape\n|-singleturn|p2b: Annihilape|Protect\n|move|p1a: Flutter Mane|Dazzling Gleam|p2a: Maushold|[spread] p2a\n|-activate|p2b: Annihilape|move: Protect\n|-damage|p2a: Maushold|59\/100\n|move|p2a: Maushold|Beat Up|p1a: Flutter Mane\n|-damage|p1a: Flutter Mane|0 fnt\n|faint|p1a: Flutter Mane\n|-end|p1a: Flutter Mane|Protosynthesis|[silent]\n|-hitcount|p1: Flutter Mane|1\n|move|p1b: Wo-Chien|Pollen Puff|p1: Flutter Mane|[notarget]\n|-fail|p1b: Wo-Chien\n|\n|-damage|p2b: Annihilape|57\/100|[from] Leech Seed|[of] p1b: Wo-Chien\n|-start|p2a: Maushold|perish2\n|-start|p2b: Annihilape|perish2\n|-start|p1b: Wo-Chien|perish2\n|upkeep\n|j|%Borghi\n|\n|t:|1681790665\n|switch|p1a: Glimmora|Glimmora, L50, M|100\/100\n|turn|4\n|j|+TheEeveeAnimations\n|j| 413XPlayz\n|\n|t:|1681790691\n|move|p1a: Glimmora|Spiky Shield|p1a: Glimmora\n|-singleturn|p1a: Glimmora|move: Protect\n|move|p2a: Maushold|Super Fang|p1a: Glimmora\n|-activate|p1a: Glimmora|move: Protect\n|-damage|p2a: Maushold|46\/100|[from] Spiky Shield|[of] p1a: Glimmora\n|move|p2b: Annihilape|Rage Fist|p1a: Glimmora\n|-activate|p1a: Glimmora|move: Protect\n|-damage|p2b: Annihilape|44\/100|[from] Spiky Shield|[of] p1a: Glimmora\n|-enditem|p2b: Annihilape|Sitrus Berry|[eat]\n|-heal|p2b: Annihilape|69\/100|[from] item: Sitrus Berry\n|move|p1b: Wo-Chien|Mean Look|p2a: Maushold\n|-activate|p2a: Maushold|trapped\n|\n|-damage|p2b: Annihilape|57\/100|[from] Leech Seed|[of] p1b: Wo-Chien\n|-start|p2a: Maushold|perish1\n|-start|p2b: Annihilape|perish1\n|-start|p1b: Wo-Chien|perish1\n|upkeep\n|turn|5\n|\n|t:|1681790711\n|switch|p2b: Corviknight|Corviknight, L50, F|100\/100\n|switch|p1b: Gastrodon|Gastrodon, L50, M|100\/100\n|move|p2a: Maushold|Follow Me|p2a: Maushold\n|-singleturn|p2a: Maushold|move: Follow Me\n|move|p1a: Glimmora|Mortal Spin|p2b: Corviknight|[spread] p2a\n|-immune|p2b: Corviknight\n|-damage|p2a: Maushold|41\/100\n|-status|p2a: Maushold|psn\n|\n|-damage|p2a: Maushold|29\/100 psn|[from] psn\n|-start|p2a: Maushold|perish0\n|upkeep\n|faint|p2a: Maushold\n|\n|t:|1681790722\n|switch|p2a: Annihilape|Annihilape, L50, M|57\/100\n|turn|6\n|j| Yekranad\n|c| Radio Free C-Side|mein gott he sent him to maushell\n|c|\u2606Peter Panshrew|rip maus\n|c|\u2606Peter Panshrew|jk\n|c|\u2606Peter Panshrew|fuk maus\n|\n|t:|1681790755\n|move|p1a: Glimmora|Spiky Shield|p1a: Glimmora\n|-singleturn|p1a: Glimmora|move: Protect\n|move|p2a: Annihilape|Rage Fist|p1a: Glimmora\n|-activate|p1a: Glimmora|move: Protect\n|-damage|p2a: Annihilape|44\/100|[from] Spiky Shield|[of] p1a: Glimmora\n|move|p2b: Corviknight|Bulk Up|p2b: Corviknight\n|-boost|p2b: Corviknight|atk|1\n|-boost|p2b: Corviknight|def|1\n|move|p1b: Gastrodon|Earth Power|p2a: Annihilape\n|-damage|p2a: Annihilape|18\/100\n|\n|upkeep\n|turn|7\n|\n|t:|1681790785\n|switch|p1a: Wo-Chien|Wo-Chien, L50|100\/100\n|-ability|p1a: Wo-Chien|Tablets of Ruin\n|move|p2a: Annihilape|Rage Fist|p1b: Gastrodon\n|-damage|p1b: Gastrodon|8\/100\n|-enditem|p1b: Gastrodon|Sitrus Berry|[eat]\n|-heal|p1b: Gastrodon|33\/100|[from] item: Sitrus Berry\n|move|p2b: Corviknight|Bulk Up|p2b: Corviknight\n|-boost|p2b: Corviknight|atk|1\n|-boost|p2b: Corviknight|def|1\n|move|p1b: Gastrodon|Muddy Water|p2b: Corviknight|[spread] p2a\n|-miss|p1b: Gastrodon|p2b: Corviknight\n|-damage|p2a: Annihilape|0 fnt\n|faint|p2a: Annihilape\n|\n|upkeep\n|\n|t:|1681790792\n|switch|p2a: Palafin|Palafin-Hero, L50, M|72\/100\n|-activate|p2a: Palafin|ability: Zero to Hero\n|turn|8\n|\n|t:|1681790817\n|-terastallize|p1a: Wo-Chien|Poison\n|move|p1b: Gastrodon|Protect|p1b: Gastrodon\n|-singleturn|p1b: Gastrodon|Protect\n|move|p2a: Palafin|Tickle|p1a: Wo-Chien\n|-unboost|p1a: Wo-Chien|atk|1\n|-unboost|p1a: Wo-Chien|def|1\n|move|p1a: Wo-Chien|Leech Seed|p2b: Corviknight\n|-start|p2b: Corviknight|move: Leech Seed\n|move|p2b: Corviknight|Brave Bird|p1a: Wo-Chien\n|-damage|p1a: Wo-Chien|30\/100\n|-damage|p2b: Corviknight|78\/100|[from] Recoil\n|\n|-heal|p1a: Wo-Chien|36\/100|[from] item: Leftovers\n|-heal|p2b: Corviknight|84\/100|[from] item: Leftovers\n|-damage|p2b: Corviknight|72\/100|[from] Leech Seed|[of] p1a: Wo-Chien\n|-heal|p1a: Wo-Chien|49\/100|[silent]\n|upkeep\n|turn|9\n|c| Radio Free C-Side|tickle palafin\n|c| Radio Free C-Side|is a tech\n|c|\u2606Jwalker5121|tickle is crazy\n|\n|t:|1681790845\n|move|p1a: Wo-Chien|Protect|p1a: Wo-Chien\n|-singleturn|p1a: Wo-Chien|Protect\n|move|p2a: Palafin|Close Combat|p1b: Gastrodon\n|-damage|p1b: Gastrodon|0 fnt\n|-unboost|p2a: Palafin|def|1\n|-unboost|p2a: Palafin|spd|1\n|faint|p1b: Gastrodon\n|move|p2b: Corviknight|Bulk Up|p2b: Corviknight\n|-boost|p2b: Corviknight|atk|1\n|-boost|p2b: Corviknight|def|1\n|\n|-heal|p1a: Wo-Chien|56\/100|[from] item: Leftovers\n|-heal|p2b: Corviknight|78\/100|[from] item: Leftovers\n|-damage|p2b: Corviknight|66\/100|[from] Leech Seed|[of] p1a: Wo-Chien\n|-heal|p1a: Wo-Chien|69\/100|[silent]\n|upkeep\n|c|\u2606Jwalker5121|gg\n|c|\u2606Peter Panshrew|gg\n|\n|t:|1681790853\n|switch|p1b: Glimmora|Glimmora, L50, M|100\/100\n|turn|10\n|j| kamusito98\n|c|\u2606Jwalker5121|tickle op\n|c|\u2606Peter Panshrew|true\n|\n|t:|1681790875\n|-terastallize|p2a: Palafin|Water\n|move|p2a: Palafin|Wave Crash|p1a: Wo-Chien\n|-damage|p1a: Wo-Chien|0 fnt\n|faint|p1a: Wo-Chien\n|-damage|p2a: Palafin|52\/100|[from] Recoil\n|move|p1b: Glimmora|Mortal Spin|p2b: Corviknight|[spread] p2a\n|-immune|p2b: Corviknight\n|-damage|p2a: Palafin|45\/100\n|-status|p2a: Palafin|psn\n|move|p2b: Corviknight|Brave Bird|p1b: Glimmora\n|-resisted|p1b: Glimmora\n|-damage|p1b: Glimmora|53\/100\n|-damage|p2b: Corviknight|51\/100|[from] Recoil\n|\n|-heal|p2b: Corviknight|57\/100|[from] item: Leftovers\n|-damage|p2a: Palafin|33\/100 psn|[from] psn\n|upkeep\n|turn|11\n|\n|t:|1681790883\n|move|p1b: Glimmora|Spiky Shield|p1b: Glimmora\n|-singleturn|p1b: Glimmora|move: Protect\n|move|p2a: Palafin|Jet Punch|p1b: Glimmora\n|-activate|p1b: Glimmora|move: Protect\n|-damage|p2a: Palafin|21\/100 psn|[from] Spiky Shield|[of] p1b: Glimmora\n|move|p2b: Corviknight|Body Press|p1b: Glimmora\n|-activate|p1b: Glimmora|move: Protect\n|-damage|p2b: Corviknight|45\/100|[from] Spiky Shield|[of] p1b: Glimmora\n|\n|-heal|p2b: Corviknight|50\/100|[from] item: Leftovers\n|-damage|p2a: Palafin|9\/100 psn|[from] psn\n|upkeep\n|turn|12\n|\n|t:|1681790888\n|move|p1b: Glimmora|Spiky Shield||[still]\n|-fail|p1b: Glimmora\n|move|p2a: Palafin|Jet Punch|p1b: Glimmora\n|-supereffective|p1b: Glimmora\n|-damage|p1b: Glimmora|0 fnt\n|faint|p1b: Glimmora\n|\n|win|Peter Panshrew\n|n|\u2606Jwalker5121|jwalker5121\n|n|\u2606Peter Panshrew|peterpanshrew\n|n| Radio Free C-Side|radiofreecside\n|n| Bright Size|brightsize\n|n| WeirdPolyCouple|weirdpolycouple\n|n| Borghi|borghi\n|n| TheEeveeAnimations|theeeveeanimations\n|n| 413XPlayz|413xplayz\n|n| Yekranad|yekranad\n|n| kamusito98|kamusito98\n","uploadtime":1681790889,"views":5,"p1id":"jwalker5121","p2id":"peterpanshrew","formatid":"gen9vgc2023regulationc","rating":0,"private":0,"password":""}