{"id":"gen9vgc2023regulationc-1853181608","p1":"Alexis_student","p2":"h13579","format":"[Gen 9] VGC 2023 Regulation C","log":"|j|\u2606Alexis_student\n|j|\u2606h13579\n|t:|1682645258\n|gametype|doubles\n|player|p1|Alexis_student|265|1097\n|player|p2|h13579|101|1160\n|teamsize|p1|6\n|teamsize|p2|6\n|gen|9\n|tier|[Gen 9] VGC 2023 Regulation C\n|rated|\n|rule|Species Clause: Limit one of each Pok\u00e9mon\n|rule|Item Clause: Limit one of each item\n|clearpoke\n|poke|p1|Grimmsnarl, L50, M|\n|poke|p1|Gholdengo, L50|\n|poke|p1|Flutter Mane, L50|\n|poke|p1|Amoonguss, L50, F|\n|poke|p1|Iron Bundle, L50|\n|poke|p1|Chi-Yu, L50|\n|poke|p2|Arcanine, L50, M|\n|poke|p2|Amoonguss, L50, M|\n|poke|p2|Flutter Mane, L50|\n|poke|p2|Iron Bundle, L50|\n|poke|p2|Roaring Moon, L50|\n|poke|p2|Abomasnow, L50, M|\n|teampreview|4\n|\n|t:|1682645285\n|start\n|switch|p1a: Gholdengo|Gholdengo, L50|100\/100\n|switch|p1b: Grimmsnarl|Grimmsnarl, L50, M|100\/100\n|switch|p2a: Abomasnow|Abomasnow, L50, M|100\/100\n|switch|p2b: Iron Bundle|Iron Bundle, L50|100\/100\n|-weather|Snow|[from] ability: Snow Warning|[of] p2a: Abomasnow\n|turn|1\n|\n|t:|1682645311\n|-end|p2b: Iron Bundle|Quark Drive|[silent]\n|switch|p2b: Arcanine|Arcanine, L50, M|100\/100\n|-ability|p2b: Arcanine|Intimidate|boost\n|-unboost|p1a: Gholdengo|atk|1\n|-unboost|p1b: Grimmsnarl|atk|1\n|-terastallize|p1a: Gholdengo|Steel\n|move|p1b: Grimmsnarl|Light Screen|p1b: Grimmsnarl\n|-sidestart|p1: Alexis_student|move: Light Screen\n|move|p1a: Gholdengo|Make It Rain|p2b: Arcanine|[spread] p2a,p2b\n|-supereffective|p2a: Abomasnow\n|-resisted|p2b: Arcanine\n|-damage|p2a: Abomasnow|9\/100\n|-damage|p2b: Arcanine|67\/100\n|-unboost|p1a: Gholdengo|spa|1\n|move|p2a: Abomasnow|Aurora Veil|p2a: Abomasnow\n|-sidestart|p2: h13579|move: Aurora Veil\n|\n|-weather|Snow|[upkeep]\n|upkeep\n|turn|2\n|\n|t:|1682645339\n|switch|p1a: Chi-Yu|Chi-Yu, L50|100\/100\n|-ability|p1a: Chi-Yu|Beads of Ruin\n|move|p1b: Grimmsnarl|Reflect|p1b: Grimmsnarl\n|-sidestart|p1: Alexis_student|Reflect\n|move|p2b: Arcanine|Snarl|p1a: Chi-Yu|[spread] p1a,p1b\n|-resisted|p1a: Chi-Yu\n|-resisted|p1b: Grimmsnarl\n|-damage|p1a: Chi-Yu|97\/100\n|-damage|p1b: Grimmsnarl|99\/100\n|-unboost|p1a: Chi-Yu|spa|1\n|-unboost|p1b: Grimmsnarl|spa|1\n|move|p2a: Abomasnow|Leech Seed|p1b: Grimmsnarl\n|-start|p1b: Grimmsnarl|move: Leech Seed\n|\n|-weather|Snow|[upkeep]\n|-damage|p1b: Grimmsnarl|86\/100|[from] Leech Seed|[of] p2a: Abomasnow\n|-heal|p2a: Abomasnow|22\/100|[silent]\n|upkeep\n|turn|3\n|\n|t:|1682645374\n|move|p2b: Arcanine|Snarl|p1b: Grimmsnarl|[spread] p1a,p1b\n|-resisted|p1a: Chi-Yu\n|-resisted|p1b: Grimmsnarl\n|-damage|p1a: Chi-Yu|94\/100\n|-damage|p1b: Grimmsnarl|84\/100\n|-unboost|p1a: Chi-Yu|spa|1\n|-unboost|p1b: Grimmsnarl|spa|1\n|move|p1a: Chi-Yu|Heat Wave|p2b: Arcanine|[spread] p2b\n|-miss|p1a: Chi-Yu|p2a: Abomasnow\n|-resisted|p2b: Arcanine\n|-damage|p2b: Arcanine|57\/100\n|move|p1b: Grimmsnarl|Spirit Break|p2b: Arcanine\n|-resisted|p2b: Arcanine\n|-damage|p2b: Arcanine|50\/100\n|-unboost|p2b: Arcanine|spa|1\n|-enditem|p2b: Arcanine|Sitrus Berry|[eat]\n|-heal|p2b: Arcanine|75\/100|[from] item: Sitrus Berry\n|move|p2a: Abomasnow|Icy Wind|p1a: Chi-Yu|[spread] p1a,p1b\n|-resisted|p1a: Chi-Yu\n|-damage|p1a: Chi-Yu|89\/100\n|-damage|p1b: Grimmsnarl|71\/100\n|-unboost|p1a: Chi-Yu|spe|1\n|-unboost|p1b: Grimmsnarl|spe|1\n|\n|-weather|Snow|[upkeep]\n|-damage|p1b: Grimmsnarl|58\/100|[from] Leech Seed|[of] p2a: Abomasnow\n|-heal|p2a: Abomasnow|35\/100|[silent]\n|upkeep\n|turn|4\n|\n|t:|1682645407\n|switch|p1a: Gholdengo|Gholdengo, L50, tera:Steel|100\/100\n|switch|p1b: Flutter Mane|Flutter Mane, L50|100\/100\n|move|p2b: Arcanine|Snarl|p1b: Flutter Mane|[spread] p1a,p1b\n|-damage|p1a: Gholdengo|96\/100\n|-damage|p1b: Flutter Mane|97\/100\n|-unboost|p1a: Gholdengo|spa|1\n|-unboost|p1b: Flutter Mane|spa|1\n|move|p2a: Abomasnow|Icy Wind|p1a: Gholdengo|[spread] p1a\n|-miss|p2a: Abomasnow|p1b: Flutter Mane\n|-resisted|p1a: Gholdengo\n|-damage|p1a: Gholdengo|92\/100\n|-unboost|p1a: Gholdengo|spe|1\n|\n|-weather|Snow|[upkeep]\n|-heal|p1a: Gholdengo|98\/100|[from] item: Leftovers\n|upkeep\n|turn|5\n|\n|t:|1682645436\n|move|p1b: Flutter Mane|Shadow Ball|p2b: Arcanine\n|-damage|p2b: Arcanine|41\/100\n|move|p2b: Arcanine|Snarl|p1b: Flutter Mane|[spread] p1a,p1b\n|-damage|p1a: Gholdengo|94\/100\n|-damage|p1b: Flutter Mane|93\/100\n|-unboost|p1a: Gholdengo|spa|1\n|-unboost|p1b: Flutter Mane|spa|1\n|move|p2a: Abomasnow|Leech Seed|p1b: Flutter Mane\n|-start|p1b: Flutter Mane|move: Leech Seed\n|move|p1a: Gholdengo|Nasty Plot|p1a: Gholdengo\n|-boost|p1a: Gholdengo|spa|2\n|\n|-weather|none\n|-heal|p1a: Gholdengo|99\/100|[from] item: Leftovers\n|-damage|p1b: Flutter Mane|81\/100|[from] Leech Seed|[of] p2a: Abomasnow\n|-heal|p2a: Abomasnow|43\/100|[silent]\n|upkeep\n|turn|6\n|\n|t:|1682645474\n|-end|p1b: Flutter Mane|Protosynthesis|[silent]\n|switch|p1b: Chi-Yu|Chi-Yu, L50|89\/100\n|-ability|p1b: Chi-Yu|Beads of Ruin\n|move|p2b: Arcanine|Snarl|p1a: Gholdengo|[spread] p1a,p1b\n|-resisted|p1b: Chi-Yu\n|-damage|p1a: Gholdengo|94\/100\n|-damage|p1b: Chi-Yu|87\/100\n|-unboost|p1a: Gholdengo|spa|1\n|-unboost|p1b: Chi-Yu|spa|1\n|move|p2a: Abomasnow|Icy Wind|p1a: Gholdengo|[spread] p1a,p1b\n|-resisted|p1a: Gholdengo\n|-resisted|p1b: Chi-Yu\n|-damage|p1a: Gholdengo|89\/100\n|-damage|p1b: Chi-Yu|82\/100\n|-unboost|p1a: Gholdengo|spe|1\n|-unboost|p1b: Chi-Yu|spe|1\n|move|p1a: Gholdengo|Nasty Plot|p1a: Gholdengo\n|-boost|p1a: Gholdengo|spa|2\n|\n|-heal|p1a: Gholdengo|95\/100|[from] item: Leftovers\n|upkeep\n|turn|7\n|\n|t:|1682645523\n|move|p2b: Arcanine|Heat Wave|p1a: Gholdengo|[spread] \n|-miss|p2b: Arcanine|p1a: Gholdengo\n|-miss|p2b: Arcanine|p1b: Chi-Yu\n|move|p1b: Chi-Yu|Flamethrower|p2a: Abomasnow\n|-supereffective|p2a: Abomasnow\n|-damage|p2a: Abomasnow|0 fnt\n|faint|p2a: Abomasnow\n|move|p1a: Gholdengo|Nasty Plot|p1a: Gholdengo\n|-boost|p1a: Gholdengo|spa|2\n|\n|-heal|p1a: Gholdengo|100\/100|[from] item: Leftovers\n|upkeep\n|-message|h13579 forfeited.\n|\n|win|Alexis_student\n|raw|Alexis_student's rating: 1097 → 1127<\/strong> (+30 for winning)\n|raw|h13579's rating: 1160 → 1131<\/strong> (-29 for losing)\n|l|\u2606h13579\n","uploadtime":1682645546,"views":9,"p1id":"alexisstudent","p2id":"h13579","formatid":"gen9vgc2023regulationc","rating":1127,"private":0,"password":""}