{"id":"gen9vgc2023regulationc-1850724306","p1":"simonxl","p2":"xAlber93","format":"[Gen 9] VGC 2023 Regulation C","log":"|j|\u2606simonxl\n|j|\u2606xAlber93\n|t:|1682362221\n|gametype|doubles\n|player|p1|simonxl|hiker|1305\n|player|p2|xAlber93|pokemaniac|1256\n|teamsize|p1|6\n|teamsize|p2|6\n|gen|9\n|tier|[Gen 9] VGC 2023 Regulation C\n|rated|\n|rule|Species Clause: Limit one of each Pok\u00e9mon\n|rule|Item Clause: Limit one of each item\n|clearpoke\n|poke|p1|Annihilape, L50, M|\n|poke|p1|Maushold, L50|\n|poke|p1|Corviknight, L50, F|\n|poke|p1|Arcanine, L50, M|\n|poke|p1|Rotom-Wash, L50|\n|poke|p1|Amoonguss, L50, F|\n|poke|p2|Garchomp, L50, F|\n|poke|p2|Gastrodon-East, L50, M|\n|poke|p2|Ting-Lu, L50|\n|poke|p2|Amoonguss, L50, F|\n|poke|p2|Arcanine, L50, M|\n|poke|p2|Flutter Mane, L50|\n|teampreview|4\nsimonxl has agreed to open team sheets.\n|\n|t:|1682362263\n|start\n|switch|p1a: Maushold|Maushold, L50|100\/100\n|switch|p1b: Annihilape|Annihilape, L50, M|100\/100\n|switch|p2a: ZASKO|Amoonguss, L50, F|100\/100\n|switch|p2b: ESPINETE|Flutter Mane, L50|100\/100\n|-enditem|p2b: ESPINETE|Booster Energy\n|-activate|p2b: ESPINETE|ability: Protosynthesis|[fromitem]\n|-start|p2b: ESPINETE|protosynthesisspe\n|turn|1\n|\n|t:|1682362291\n|-terastallize|p1b: Annihilape|Fire\n|move|p2a: ZASKO|Rage Powder|p2a: ZASKO\n|-singleturn|p2a: ZASKO|move: Rage Powder\n|move|p2b: ESPINETE|Shadow Ball|p1b: Annihilape\n|-damage|p1b: Annihilape|76\/100\n|move|p1a: Maushold|Beat Up|p1b: Annihilape\n|-damage|p1b: Annihilape|75\/100\n|-damage|p1b: Annihilape|72\/100\n|-damage|p1b: Annihilape|70\/100\n|-damage|p1b: Annihilape|68\/100\n|-hitcount|p1b: Annihilape|4\n|move|p1b: Annihilape|Rage Fist|p2a: ZASKO\n|-crit|p2a: ZASKO\n|-damage|p2a: ZASKO|0 fnt\n|faint|p2a: ZASKO\n|\n|-heal|p1b: Annihilape|75\/100|[from] item: Leftovers\n|upkeep\n|\n|t:|1682362312\n|switch|p2a: CHILENO|Garchomp, L50, F|100\/100\n|turn|2\n|\n|t:|1682362323\n|-end|p2b: ESPINETE|Protosynthesis|[silent]\n|switch|p2b: TURBO|Gastrodon-East, L50, M|100\/100\n|switch|p1b: Rotom|Rotom-Wash, L50|100\/100\n|move|p1a: Maushold|Protect|p1a: Maushold\n|-singleturn|p1a: Maushold|Protect\n|move|p2a: CHILENO|Earthquake|p1b: Rotom|[spread] p2b\n|-activate|p1a: Maushold|move: Protect\n|-immune|p1b: Rotom|[from] ability: Levitate\n|-damage|p2b: TURBO|67\/100\n|\n|-heal|p2b: TURBO|72\/100|[from] item: Leftovers\n|upkeep\n|turn|3\n|\n|t:|1682362347\n|switch|p1a: Corviknight|Corviknight, L50, F|100\/100\n|switch|p2a: ESPINETE|Flutter Mane, L50|100\/100\n|move|p2b: TURBO|Protect|p2b: TURBO\n|-singleturn|p2b: TURBO|Protect\n|move|p1b: Rotom|Will-O-Wisp|p2a: ESPINETE\n|-status|p2a: ESPINETE|brn\n|\n|-heal|p2b: TURBO|78\/100|[from] item: Leftovers\n|-damage|p2a: ESPINETE|94\/100 brn|[from] brn\n|upkeep\n|turn|4\n|\n|t:|1682362377\n|move|p2a: ESPINETE|Shadow Ball|p1b: Rotom\n|-damage|p1b: Rotom|62\/100\n|move|p1b: Rotom|Will-O-Wisp|p2a: ESPINETE|[miss]\n|-miss|p1b: Rotom|p2a: ESPINETE\n|move|p1a: Corviknight|Iron Head|p2a: ESPINETE\n|-supereffective|p2a: ESPINETE\n|-damage|p2a: ESPINETE|0 fnt\n|faint|p2a: ESPINETE\n|-end|p2a: ESPINETE|Protosynthesis|[silent]\n|move|p2b: TURBO|Muddy Water|p1a: Corviknight|[spread] p1a,p1b\n|-resisted|p1b: Rotom\n|-damage|p1a: Corviknight|84\/100\n|-damage|p1b: Rotom|52\/100\n|-ability|p1a: Corviknight|Mirror Armor\n|-unboost|p2b: TURBO|accuracy|1\n|-unboost|p1b: Rotom|accuracy|1\n|\n|-heal|p2b: TURBO|84\/100|[from] item: Leftovers\n|upkeep\n|\n|t:|1682362396\n|switch|p2a: CHILENO|Garchomp, L50, F|100\/100\n|turn|5\n|\n|t:|1682362407\n|switch|p1b: Maushold|Maushold, L50|100\/100\n|-terastallize|p2a: CHILENO|Fire\n|move|p2a: CHILENO|Tera Blast|p1a: Corviknight\n|-supereffective|p1a: Corviknight\n|-damage|p1a: Corviknight|34\/100\n|move|p1a: Corviknight|Tailwind|p1a: Corviknight\n|-sidestart|p1: simonxl|move: Tailwind\n|move|p2b: TURBO|Muddy Water|p1a: Corviknight|[spread] \n|-miss|p2b: TURBO|p1a: Corviknight\n|-miss|p2b: TURBO|p1b: Maushold\n|\n|-heal|p2b: TURBO|90\/100|[from] item: Leftovers\n|upkeep\n|turn|6\n|\n|t:|1682362431\n|switch|p1a: Annihilape|Annihilape, L50, M, tera:Fire|75\/100\n|move|p1b: Maushold|Encore|p2a: CHILENO\n|-start|p2a: CHILENO|Encore\n|move|p2a: CHILENO|Tera Blast|p1a: Annihilape\n|-resisted|p1a: Annihilape\n|-damage|p1a: Annihilape|59\/100\n|move|p2b: TURBO|Muddy Water|p1a: Annihilape|[spread] p1a,p1b\n|-supereffective|p1a: Annihilape\n|-damage|p1a: Annihilape|37\/100\n|-damage|p1b: Maushold|75\/100\n|-unboost|p1b: Maushold|accuracy|1\n|\n|-heal|p1a: Annihilape|43\/100|[from] item: Leftovers\n|-heal|p2b: TURBO|96\/100|[from] item: Leftovers\n|upkeep\n|turn|7\n|\n|t:|1682362449\n|move|p1b: Maushold|Follow Me|p1b: Maushold\n|-singleturn|p1b: Maushold|move: Follow Me\n|move|p1a: Annihilape|Rage Fist|p2b: TURBO\n|-damage|p2b: TURBO|0 fnt\n|faint|p2b: TURBO\n|move|p2a: CHILENO|Tera Blast|p1b: Maushold\n|-damage|p1b: Maushold|22\/100\n|\n|-heal|p1a: Annihilape|49\/100|[from] item: Leftovers\n|upkeep\n|turn|8\n|l|\u2606xAlber93\n|player|p2|\n|c|\u2606simonxl|GG\n|inactive|Battle timer is ON: inactive players will automatically lose when time's up. (requested by simonxl)\n|inactive|xAlber93 has 30 seconds to reconnect!\n|inactive|xAlber93 has 20 seconds to reconnect!\n|inactive|xAlber93 has 15 seconds to reconnect!\n|inactive|xAlber93 has 10 seconds to reconnect!\n|inactive|xAlber93 has 5 seconds to reconnect!\n|-message|xAlber93 lost due to inactivity.\n|\n|win|simonxl\n|raw|simonxl's rating: 1305 → 1322<\/strong> (+17 for winning)\n|raw|xAlber93's rating: 1256 → 1235<\/strong> (-21 for losing)\n","uploadtime":1682362538,"views":14,"p1id":"simonxl","p2id":"xalber93","formatid":"gen9vgc2023regulationc","rating":1235,"private":0,"password":""}