{"id":"gen9vgc2023regulationc-1862304339","p1":"The Spicy Cigar","p2":"ashXrozz1998","format":"[Gen 9] VGC 2023 Regulation C","log":"|j|\u2606The Spicy Cigar\n|j|\u2606ashXrozz1998\n|t:|1683862548\n|gametype|doubles\n|player|p1|The Spicy Cigar|smasher|1173\n|player|p2|ashXrozz1998|266|1214\n|teamsize|p1|6\n|teamsize|p2|4\n|gen|9\n|tier|[Gen 9] VGC 2023 Regulation C\n|rated|\n|rule|Species Clause: Limit one of each Pok\u00e9mon\n|rule|Item Clause: Limit one of each item\n|clearpoke\n|poke|p1|Bronzong, L50|\n|poke|p1|Ting-Lu, L50|\n|poke|p1|Iron Hands, L50|\n|poke|p1|Azumarill, L50, M|\n|poke|p1|Flutter Mane, L50|\n|poke|p1|Chi-Yu, L50|\n|poke|p2|Armarouge, L50, F|\n|poke|p2|Indeedee-F, L50, F|\n|poke|p2|Gyarados, L50, F|\n|poke|p2|Chi-Yu, L50|\n|teampreview|4\n|inactive|Battle timer is ON: inactive players will automatically lose when time's up. (requested by ashXrozz1998)\n|c|\u2606The Spicy Cigar|ayoooo youre cooking and i like it\n|c|\u2606ashXrozz1998|still cooking thou\n|inactive|The Spicy Cigar has 60 seconds left.\n|c|\u2606ashXrozz1998|thinking about 2 more mon\n|c|\u2606The Spicy Cigar|no worries, we all are good luck have fun!\n|c|\u2606The Spicy Cigar|im still working on my last two as well\n|inactive|The Spicy Cigar has 30 seconds left.\n|inactive|The Spicy Cigar has 20 seconds left.\n|inactive|The Spicy Cigar has 15 seconds left.\n|\n|t:|1683862629\n|start\n|switch|p1a: Big Ben|Bronzong, L50|100\/100\n|switch|p1b: Grand Canyon|Ting-Lu, L50|100\/100\n|switch|p2a: Armarouge|Armarouge, L50, F|100\/100\n|switch|p2b: Indeedee|Indeedee-F, L50, F|100\/100\n|-fieldstart|move: Psychic Terrain|[from] ability: Psychic Surge|[of] p2b: Indeedee\n|-ability|p1b: Grand Canyon|Vessel of Ruin\n|turn|1\n|inactive|The Spicy Cigar has 30 seconds left.\n|inactive|ashXrozz1998 has 30 seconds left.\n|inactive|The Spicy Cigar has 20 seconds left.\n|\n|t:|1683862668\n|-terastallize|p2a: Armarouge|Dark\n|-terastallize|p1a: Big Ben|Poison\n|move|p2b: Indeedee|Drain Punch|p2a: Armarouge\n|-supereffective|p2a: Armarouge\n|-damage|p2a: Armarouge|79\/100\n|-ability|p2a: Armarouge|Weak Armor|boost\n|-unboost|p2a: Armarouge|def|1\n|-boost|p2a: Armarouge|spe|2\n|-enditem|p2a: Armarouge|Weakness Policy\n|-boost|p2a: Armarouge|atk|2|[from] item: Weakness Policy\n|-boost|p2a: Armarouge|spa|2|[from] item: Weakness Policy\n|move|p2a: Armarouge|Heat Wave|p1b: Grand Canyon|[spread] p1a,p1b\n|-crit|p1a: Big Ben\n|-damage|p1a: Big Ben|41\/100\n|-damage|p1b: Grand Canyon|60\/100\n|-status|p1a: Big Ben|brn\n|move|p1b: Grand Canyon|Throat Chop|p2a: Armarouge\n|-resisted|p2a: Armarouge\n|-damage|p2a: Armarouge|48\/100\n|-start|p2a: Armarouge|Throat Chop|[silent]\n|-ability|p2a: Armarouge|Weak Armor|boost\n|-unboost|p2a: Armarouge|def|1\n|-boost|p2a: Armarouge|spe|2\n|move|p1a: Big Ben|Ice Spinner|p2b: Indeedee\n|-damage|p2b: Indeedee|88\/100\n|-fieldend|move: Psychic Terrain\n|\n|-damage|p1a: Big Ben|36\/100 brn|[from] brn\n|upkeep\n|turn|2\n|inactive|The Spicy Cigar has 30 seconds left.\n|inactive|ashXrozz1998 has 30 seconds left.\n|inactive|The Spicy Cigar has 20 seconds left.\n|\n|t:|1683862706\n|switch|p2b: Gyarados|Gyarados, L50, F|100\/100\n|-ability|p2b: Gyarados|Intimidate|boost\n|-unboost|p1a: Big Ben|atk|1\n|-unboost|p1b: Grand Canyon|atk|1\n|move|p1b: Grand Canyon|Protect|p1b: Grand Canyon\n|-singleturn|p1b: Grand Canyon|Protect\n|move|p2a: Armarouge|Stored Power|p1a: Big Ben\n|-supereffective|p1a: Big Ben\n|-damage|p1a: Big Ben|0 fnt\n|faint|p1a: Big Ben\n|\n|-end|p2a: Armarouge|Throat Chop|[silent]\n|upkeep\n|\n|t:|1683862709\n|switch|p1a: Florida Man|Azumarill, L50, M, shiny|100\/100\n|turn|3\n|\n|t:|1683862719\n|switch|p2b: Indeedee|Indeedee-F, L50, F|88\/100\n|-fieldstart|move: Psychic Terrain|[from] ability: Psychic Surge|[of] p2b: Indeedee\n|move|p2a: Armarouge|Stored Power|p1a: Florida Man\n|-crit|p1a: Florida Man\n|-damage|p1a: Florida Man|0 fnt\n|faint|p1a: Florida Man\n|move|p1b: Grand Canyon|Rock Slide|p2a: Armarouge|[spread] p2a,p2b\n|-damage|p2a: Armarouge|22\/100\n|-damage|p2b: Indeedee|69\/100\n|-ability|p2a: Armarouge|Weak Armor|boost\n|-unboost|p2a: Armarouge|def|1\n|-boost|p2a: Armarouge|spe|2\n|\n|upkeep\n|\n|t:|1683862725\n|switch|p1a: Tony Soprano|Iron Hands, L50|100\/100\n|turn|4\n|\n|t:|1683862738\n|switch|p2b: Gyarados|Gyarados, L50, F|100\/100\n|-ability|p2b: Gyarados|Intimidate|boost\n|-unboost|p1a: Tony Soprano|atk|1\n|-unboost|p1b: Grand Canyon|atk|1\n|move|p2a: Armarouge|Protect|p2a: Armarouge\n|-singleturn|p2a: Armarouge|Protect\n|move|p1a: Tony Soprano|Wild Charge|p2a: Armarouge\n|-activate|p2a: Armarouge|move: Protect\n|move|p1b: Grand Canyon|Rock Slide|p2a: Armarouge|[spread] p2b\n|-activate|p2a: Armarouge|move: Protect\n|-supereffective|p2b: Gyarados\n|-crit|p2b: Gyarados\n|-damage|p2b: Gyarados|45\/100\n|-enditem|p2b: Gyarados|Sitrus Berry|[eat]\n|-heal|p2b: Gyarados|70\/100|[from] item: Sitrus Berry\n|\n|upkeep\n|turn|5\n|\n|t:|1683862756\n|move|p2a: Armarouge|Stored Power|p1a: Tony Soprano\n|-supereffective|p1a: Tony Soprano\n|-damage|p1a: Tony Soprano|0 fnt\n|faint|p1a: Tony Soprano\n|-end|p1a: Tony Soprano|Quark Drive|[silent]\n|move|p2b: Gyarados|Waterfall|p1b: Grand Canyon\n|-supereffective|p1b: Grand Canyon\n|-damage|p1b: Grand Canyon|26\/100\n|-enditem|p1b: Grand Canyon|Weakness Policy\n|-boost|p1b: Grand Canyon|atk|2|[from] item: Weakness Policy\n|-boost|p1b: Grand Canyon|spa|2|[from] item: Weakness Policy\n|move|p1b: Grand Canyon|Rock Slide|p2a: Armarouge|[spread] p2a,p2b\n|-supereffective|p2b: Gyarados\n|-damage|p2a: Armarouge|0 fnt\n|-damage|p2b: Gyarados|30\/100\n|faint|p2a: Armarouge\n|\n|upkeep\n|c|\u2606The Spicy Cigar|gg!\n|c|\u2606ashXrozz1998|gg\n|\n|t:|1683862771\n|switch|p2a: Chi-Yu|Chi-Yu, L50|100\/100\n|-ability|p2a: Chi-Yu|Beads of Ruin\n|turn|6\n|\n|t:|1683862781\n|move|p2a: Chi-Yu|Overheat|p1b: Grand Canyon\n|-damage|p1b: Grand Canyon|0 fnt\n|-unboost|p2a: Chi-Yu|spa|2\n|faint|p1b: Grand Canyon\n|\n|win|ashXrozz1998\n|raw|The Spicy Cigar's rating: 1173 → 1151<\/strong> (-22 for losing)\n|raw|ashXrozz1998's rating: 1214 → 1236<\/strong> (+22 for winning)\n","uploadtime":1683862788,"views":11,"p1id":"thespicycigar","p2id":"ashxrozz1998","formatid":"gen9vgc2023regulationc","rating":1151,"private":0,"password":""}