{"id":"gen9vgc2023regulationc-1862721944","p1":"RIPTheDollarMenu","p2":"Fertu","format":"[Gen 9] VGC 2023 Regulation C","log":"|j|\u2606RIPTheDollarMenu\n|j|\u2606Fertu\n|t:|1683915366\n|gametype|doubles\n|player|p1|RIPTheDollarMenu|pokemonbreeder-gen4|1142\n|player|p2|Fertu|101|1080\n|teamsize|p1|6\n|teamsize|p2|6\n|gen|9\n|tier|[Gen 9] VGC 2023 Regulation C\n|rated|\n|rule|Species Clause: Limit one of each Pok\u00e9mon\n|rule|Item Clause: Limit one of each item\n|clearpoke\n|poke|p1|Tyranitar, L50, M|\n|poke|p1|Garchomp, L50, F|\n|poke|p1|Scream Tail, L50|\n|poke|p1|Corviknight, L50, M|\n|poke|p1|Iron Hands, L50|\n|poke|p1|Gyarados, L50, M|\n|poke|p2|Ting-Lu, L50|\n|poke|p2|Vivillon-Fancy, L50, M|\n|poke|p2|Iron Bundle, L50|\n|poke|p2|Abomasnow, L50, M|\n|poke|p2|Annihilape, L50, M|\n|poke|p2|Chien-Pao, L50|\n|teampreview|4\n|inactive|Battle timer is ON: inactive players will automatically lose when time's up. (requested by Fertu)\n|inactive|RIPTheDollarMenu has 60 seconds left.\n|inactive|RIPTheDollarMenu has 30 seconds left.\n|inactive|RIPTheDollarMenu has 20 seconds left.\n|inactive|RIPTheDollarMenu has 15 seconds left.\n|inactive|RIPTheDollarMenu has 10 seconds left.\n|\n|t:|1683915464\n|start\n|switch|p1a: Beholder|Scream Tail, L50, shiny|100\/100\n|switch|p1b: Genie|Iron Hands, L50, shiny|100\/100\n|switch|p2a: Abomasnow|Abomasnow, L50, M|100\/100\n|switch|p2b: Iron Bundle|Iron Bundle, L50|100\/100\n|-weather|Snow|[from] ability: Snow Warning|[of] p2a: Abomasnow\n|-enditem|p2b: Iron Bundle|Booster Energy\n|-activate|p2b: Iron Bundle|ability: Quark Drive|[fromitem]\n|-start|p2b: Iron Bundle|quarkdrivespe\n|-enditem|p1a: Beholder|Booster Energy\n|-activate|p1a: Beholder|ability: Protosynthesis|[fromitem]\n|-start|p1a: Beholder|protosynthesisspe\n|turn|1\n|\n|t:|1683915476\n|-end|p1b: Genie|Quark Drive|[silent]\n|switch|p1b: Tarrasque|Tyranitar, L50, M|100\/100\n|-weather|Sandstorm|[from] ability: Sand Stream|[of] p1b: Tarrasque\n|move|p2b: Iron Bundle|Aurora Veil||[still]\n|-fail|p2b: Iron Bundle\n|move|p1a: Beholder|Thunder Wave|p2b: Iron Bundle\n|-status|p2b: Iron Bundle|par\n|move|p2a: Abomasnow|Blizzard|p1b: Tarrasque|[spread] p1b\n|-miss|p2a: Abomasnow|p1a: Beholder\n|-damage|p1b: Tarrasque|72\/100\n|-damage|p2a: Abomasnow|91\/100|[from] item: Life Orb\n|\n|-weather|Sandstorm|[upkeep]\n|-damage|p1a: Beholder|95\/100|[from] Sandstorm\n|-damage|p2b: Iron Bundle|95\/100 par|[from] Sandstorm\n|-damage|p2a: Abomasnow|85\/100|[from] Sandstorm\n|upkeep\n|turn|2\n|inactive|RIPTheDollarMenu has 30 seconds left.\n|\n|t:|1683915502\n|switch|p2a: Annihilape|Annihilape, L50, M|100\/100\n|move|p1a: Beholder|Encore|p2b: Iron Bundle\n|-start|p2b: Iron Bundle|Encore\n|cant|p2b: Iron Bundle|par\n|move|p1b: Tarrasque|Rock Slide|p2b: Iron Bundle|[spread] p2a\n|-miss|p1b: Tarrasque|p2b: Iron Bundle\n|-resisted|p2a: Annihilape\n|-damage|p2a: Annihilape|87\/100\n|\n|-weather|Sandstorm|[upkeep]\n|-damage|p1a: Beholder|89\/100|[from] Sandstorm\n|-damage|p2b: Iron Bundle|89\/100 par|[from] Sandstorm\n|-damage|p2a: Annihilape|81\/100|[from] Sandstorm\n|upkeep\n|turn|3\n|inactive|Fertu has 30 seconds left.\n|\n|t:|1683915531\n|-end|p2b: Iron Bundle|Quark Drive|[silent]\n|switch|p2b: Abomasnow|Abomasnow, L50, M|85\/100\n|-weather|Snow|[from] ability: Snow Warning|[of] p2b: Abomasnow\n|switch|p1b: Roc|Corviknight, L50, M, shiny|100\/100\n|move|p1a: Beholder|Thunder Wave|p2a: Annihilape\n|-status|p2a: Annihilape|par\n|move|p2a: Annihilape|Taunt|p1a: Beholder\n|-start|p1a: Beholder|move: Taunt\n|\n|-weather|Snow|[upkeep]\n|upkeep\n|turn|4\n|inactive|Fertu has 30 seconds left.\n|\n|t:|1683915559\n|-end|p1a: Beholder|Protosynthesis|[silent]\n|switch|p1a: Tarrasque|Tyranitar, L50, M|72\/100\n|-weather|Sandstorm|[from] ability: Sand Stream|[of] p1a: Tarrasque\n|switch|p2b: Iron Bundle|Iron Bundle, L50|89\/100 par\n|move|p1b: Roc|Bulk Up|p1b: Roc\n|-boost|p1b: Roc|atk|1\n|-boost|p1b: Roc|def|1\n|move|p2a: Annihilape|Phantom Force||[still]\n|-prepare|p2a: Annihilape|Phantom Force\n|\n|-weather|Sandstorm|[upkeep]\n|-damage|p2b: Iron Bundle|83\/100 par|[from] Sandstorm\n|-damage|p2a: Annihilape|75\/100 par|[from] Sandstorm\n|upkeep\n|turn|5\n|inactive|RIPTheDollarMenu has 30 seconds left.\n|inactive|RIPTheDollarMenu has 20 seconds left.\n|\n|t:|1683915596\n|-end|p2b: Iron Bundle|Quark Drive|[silent]\n|switch|p2b: Abomasnow|Abomasnow, L50, M|85\/100\n|-weather|Snow|[from] ability: Snow Warning|[of] p2b: Abomasnow\n|move|p1a: Tarrasque|Protect|p1a: Tarrasque\n|-singleturn|p1a: Tarrasque|Protect\n|move|p1b: Roc|Brave Bird|p2b: Abomasnow\n|-supereffective|p2b: Abomasnow\n|-damage|p2b: Abomasnow|0 fnt\n|faint|p2b: Abomasnow\n|-damage|p1b: Roc|75\/100|[from] Recoil\n|move|p2a: Annihilape|Phantom Force|p1b: Roc|[from]lockedmove\n|-damage|p1b: Roc|51\/100\n|\n|-weather|Snow|[upkeep]\n|upkeep\n|\n|t:|1683915606\n|switch|p2b: Iron Bundle|Iron Bundle, L50|83\/100 par\n|turn|6\n|\n|t:|1683915621\n|move|p1a: Tarrasque|Rock Slide|p2a: Annihilape|[spread] p2a,p2b\n|-resisted|p2a: Annihilape\n|-supereffective|p2b: Iron Bundle\n|-damage|p2a: Annihilape|62\/100 par\n|-damage|p2b: Iron Bundle|35\/100 par\n|move|p2b: Iron Bundle|Aurora Veil|p2b: Iron Bundle\n|-sidestart|p2: Fertu|move: Aurora Veil\n|move|p1b: Roc|Roost|p1b: Roc\n|-heal|p1b: Roc|100\/100\n|-singleturn|p1b: Roc|move: Roost\n|move|p2a: Annihilape|Close Combat|p1a: Tarrasque\n|-supereffective|p1a: Tarrasque\n|-damage|p1a: Tarrasque|0 fnt\n|-unboost|p2a: Annihilape|def|1\n|-unboost|p2a: Annihilape|spd|1\n|faint|p1a: Tarrasque\n|\n|-weather|Snow|[upkeep]\n|upkeep\n|\n|t:|1683915636\n|switch|p1a: Beholder|Scream Tail, L50, shiny|89\/100\n|turn|7\n|\n|t:|1683915652\n|-end|p2b: Iron Bundle|Quark Drive|[silent]\n|switch|p2b: Chien-Pao|Chien-Pao, L50|100\/100\n|-ability|p2b: Chien-Pao|Sword of Ruin\n|move|p1a: Beholder|Encore||[still]\n|-fail|p1a: Beholder\n|move|p1b: Roc|Brave Bird|p2a: Annihilape\n|-supereffective|p2a: Annihilape\n|-damage|p2a: Annihilape|0 fnt\n|faint|p2a: Annihilape\n|-damage|p1b: Roc|79\/100|[from] Recoil\n|\n|-weather|Snow|[upkeep]\n|upkeep\n|\n|t:|1683915662\n|switch|p2a: Iron Bundle|Iron Bundle, L50|35\/100 par\n|turn|8\n|\n|t:|1683915677\n|move|p2b: Chien-Pao|Ice Spinner|p1b: Roc\n|-damage|p1b: Roc|52\/100\n|move|p1a: Beholder|Dazzling Gleam|p2b: Chien-Pao|[spread] p2a,p2b\n|-supereffective|p2b: Chien-Pao\n|-damage|p2a: Iron Bundle|20\/100 par\n|-damage|p2b: Chien-Pao|74\/100\n|move|p2a: Iron Bundle|Hydro Pump|p1b: Roc\n|-damage|p1b: Roc|8\/100\n|move|p1b: Roc|Iron Head|p2b: Chien-Pao\n|-supereffective|p2b: Chien-Pao\n|-damage|p2b: Chien-Pao|33\/100\n|-enditem|p2b: Chien-Pao|Sitrus Berry|[eat]\n|-heal|p2b: Chien-Pao|58\/100|[from] item: Sitrus Berry\n|\n|-weather|Snow|[upkeep]\n|upkeep\n|turn|9\n|inactive|RIPTheDollarMenu has 30 seconds left.\n|inactive|Fertu has 30 seconds left.\n|\n|t:|1683915712\n|move|p2b: Chien-Pao|Ice Spinner|p1b: Roc\n|-damage|p1b: Roc|0 fnt\n|faint|p1b: Roc\n|move|p1a: Beholder|Thunder Wave|p2b: Chien-Pao\n|-status|p2b: Chien-Pao|par\n|move|p2a: Iron Bundle|Blizzard|p1a: Beholder\n|-damage|p1a: Beholder|56\/100\n|\n|-weather|none\n|upkeep\n|\n|t:|1683915720\n|switch|p1b: Genie|Iron Hands, L50, shiny|100\/100\n|turn|10\n|\n|t:|1683915737\n|move|p1b: Genie|Fake Out|p2a: Iron Bundle\n|-damage|p2a: Iron Bundle|3\/100 par\n|move|p1a: Beholder|Disable|p2b: Chien-Pao\n|-start|p2b: Chien-Pao|Disable|Ice Spinner\n|cant|p2a: Iron Bundle|flinch\n|cant|p2b: Chien-Pao|Disable|Ice Spinner\n|\n|-sideend|p2: Fertu|move: Aurora Veil\n|upkeep\n|turn|11\n|inactive|Fertu has 30 seconds left.\n|\n|t:|1683915762\n|move|p2b: Chien-Pao|Sucker Punch|p1b: Genie\n|-resisted|p1b: Genie\n|-damage|p1b: Genie|87\/100\n|move|p1a: Beholder|Encore|p2b: Chien-Pao\n|-start|p2b: Chien-Pao|Encore\n|move|p2a: Iron Bundle|Hydro Pump|p1b: Genie\n|-damage|p1b: Genie|39\/100\n|-enditem|p1b: Genie|Sitrus Berry|[eat]\n|-heal|p1b: Genie|64\/100|[from] item: Sitrus Berry\n|move|p1b: Genie|Drain Punch|p2a: Iron Bundle\n|-supereffective|p2a: Iron Bundle\n|-damage|p2a: Iron Bundle|0 fnt\n|-heal|p1b: Genie|65\/100|[from] drain|[of] p2a: Iron Bundle\n|faint|p2a: Iron Bundle\n|-end|p2a: Iron Bundle|Quark Drive|[silent]\n|\n|upkeep\n|turn|12\n|-message|Fertu forfeited.\n|\n|win|RIPTheDollarMenu\n|raw|RIPTheDollarMenu's rating: 1142 → 1163<\/strong> (+21 for winning)\n|raw|Fertu's rating: 1080 → 1062<\/strong> (-18 for losing)\n|l|\u2606Fertu\n","uploadtime":1683915780,"views":20,"p1id":"ripthedollarmenu","p2id":"fertu","formatid":"gen9vgc2023regulationc","rating":1062,"private":0,"password":""}