{"id":"gen9vgc2023regulationc-1852619241","p1":"Prompto88","p2":"CarlettoJack","format":"[Gen 9] VGC 2023 Regulation C","log":"|j|\u2606Prompto88\n|j|\u2606CarlettoJack\n|t:|1682586277\n|gametype|doubles\n|player|p1|Prompto88|169|\n|player|p2|CarlettoJack|roughneck-gen4|\n|teamsize|p1|6\n|teamsize|p2|6\n|gen|9\n|tier|[Gen 9] VGC 2023 Regulation C\n|rule|Species Clause: Limit one of each Pok\u00e9mon\n|rule|Item Clause: Limit one of each item\n|clearpoke\n|poke|p1|Gyarados, L50, M|\n|poke|p1|Arcanine, L50, M|\n|poke|p1|Garganacl, L50, F|\n|poke|p1|Ting-Lu, L50|\n|poke|p1|Wo-Chien, L50|\n|poke|p1|Orthworm, L50, F|\n|poke|p2|Tyranitar, L50, F|\n|poke|p2|Lycanroc, L50, M|\n|poke|p2|Orthworm, L50, M|\n|poke|p2|Dragonite, L50, M|\n|poke|p2|Ting-Lu, L50|\n|poke|p2|Amoonguss, L50, M|\n|teampreview|4\n|inactive|Battle timer is ON: inactive players will automatically lose when time's up. (requested by Prompto88)\n|\n|t:|1682586306\n|start\n|switch|p1a: Arcanine|Arcanine, L50, M|100\/100\n|switch|p1b: Orthworm|Orthworm, L50, F|100\/100\n|switch|p2a: Orthworm|Orthworm, L50, M|100\/100\n|switch|p2b: Amoonguss|Amoonguss, L50, M, shiny|100\/100\n|-ability|p1a: Arcanine|Intimidate|boost\n|-unboost|p2a: Orthworm|atk|1\n|-unboost|p2b: Amoonguss|atk|1\n|turn|1\n|\n|t:|1682586321\n|switch|p1b: Wo-Chien|Wo-Chien, L50|100\/100\n|-ability|p1b: Wo-Chien|Tablets of Ruin\n|move|p2b: Amoonguss|Rage Powder|p2b: Amoonguss\n|-singleturn|p2b: Amoonguss|move: Rage Powder\n|move|p1a: Arcanine|Will-O-Wisp|p2a: Orthworm\n|-status|p2a: Orthworm|brn\n|move|p2a: Orthworm|Shed Tail|p2a: Orthworm\n|-start|p2a: Orthworm|Substitute|[from] move: Shed Tail\n|-damage|p2a: Orthworm|50\/100 brn\n|-enditem|p2a: Orthworm|Sitrus Berry|[eat]\n|-heal|p2a: Orthworm|75\/100 brn|[from] item: Sitrus Berry\n|\n|t:|1682586337\n|switch|p2a: Dragonite|Dragonite, L50, M|100\/100|[from] Shed Tail\n|\n|upkeep\n|turn|2\n|\n|t:|1682586350\n|move|p1a: Arcanine|Extreme Speed|p2a: Dragonite\n|-activate|p2a: Dragonite|move: Substitute|[damage]\n|move|p2a: Dragonite|Dragon Dance|p2a: Dragonite\n|-boost|p2a: Dragonite|atk|1\n|-boost|p2a: Dragonite|spe|1\n|move|p1b: Wo-Chien|Pollen Puff|p2a: Dragonite\n|-resisted|p2a: Dragonite\n|-activate|p2a: Dragonite|move: Substitute|[damage]\n|move|p2b: Amoonguss|Spore|p1a: Arcanine\n|-activate|p1a: Arcanine|item: Safety Goggles|Spore\n|\n|upkeep\n|turn|3\n|\n|t:|1682586372\n|switch|p1b: Gyarados|Gyarados, L50, M|100\/100\n|-ability|p1b: Gyarados|Intimidate|boost\n|-immune|p2a: Dragonite\n|-unboost|p2b: Amoonguss|atk|1\n|switch|p2b: Orthworm|Orthworm, L50, M|75\/100 brn\n|move|p1a: Arcanine|Extreme Speed|p2a: Dragonite\n|-activate|p2a: Dragonite|move: Substitute|[damage]\n|move|p2a: Dragonite|Earthquake|p1a: Arcanine|[spread] p1a\n|-heal|p2b: Orthworm|100\/100 brn|[from] ability: Earth Eater|[of] p2a: Dragonite\n|-immune|p1b: Gyarados\n|-supereffective|p1a: Arcanine\n|-damage|p1a: Arcanine|30\/100\n|\n|-damage|p2b: Orthworm|94\/100 brn|[from] brn\n|upkeep\n|turn|4\n|\n|t:|1682586393\n|switch|p1a: Orthworm|Orthworm, L50, F|100\/100\n|move|p2a: Dragonite|Earthquake|p1b: Gyarados|[spread] \n|-heal|p2b: Orthworm|100\/100 brn|[from] ability: Earth Eater|[of] p2a: Dragonite\n|-immune|p1a: Orthworm|[from] ability: Earth Eater\n|-immune|p1b: Gyarados\n|move|p1b: Gyarados|Waterfall|p2a: Dragonite\n|-resisted|p2a: Dragonite\n|-end|p2a: Dragonite|Substitute\n|move|p2b: Orthworm|Iron Defense|p2b: Orthworm\n|-boost|p2b: Orthworm|def|2\n|\n|-damage|p2b: Orthworm|94\/100 brn|[from] brn\n|upkeep\n|turn|5\n|\n|t:|1682586416\n|-terastallize|p1a: Orthworm|Ghost\n|move|p2a: Dragonite|Extreme Speed|p1b: Gyarados\n|-damage|p1b: Gyarados|55\/100\n|move|p1b: Gyarados|Thunder Wave|p2a: Dragonite\n|-status|p2a: Dragonite|par\n|-enditem|p2a: Dragonite|Lum Berry|[eat]\n|-curestatus|p2a: Dragonite|par|[msg]\n|move|p2b: Orthworm|Body Press|p1a: Orthworm\n|-immune|p1a: Orthworm\n|move|p1a: Orthworm|Iron Defense|p1a: Orthworm\n|-boost|p1a: Orthworm|def|2\n|\n|-damage|p2b: Orthworm|88\/100 brn|[from] brn\n|upkeep\n|turn|6\n|inactive|CarlettoJack has 30 seconds left.\n|\n|t:|1682586445\n|switch|p1b: Wo-Chien|Wo-Chien, L50|100\/100\n|-ability|p1b: Wo-Chien|Tablets of Ruin\n|move|p2a: Dragonite|Extreme Speed|p1b: Wo-Chien\n|-damage|p1b: Wo-Chien|73\/100\n|move|p2b: Orthworm|Body Press|p1b: Wo-Chien\n|-supereffective|p1b: Wo-Chien\n|-damage|p1b: Wo-Chien|38\/100\n|move|p1a: Orthworm|Iron Defense|p1a: Orthworm\n|-boost|p1a: Orthworm|def|2\n|\n|-damage|p2b: Orthworm|82\/100 brn|[from] brn\n|upkeep\n|turn|7\n|\n|t:|1682586462\n|switch|p1b: Gyarados|Gyarados, L50, M|55\/100\n|-ability|p1b: Gyarados|Intimidate|boost\n|-unboost|p2a: Dragonite|atk|1\n|-unboost|p2b: Orthworm|atk|1\n|move|p2a: Dragonite|Dragon Dance|p2a: Dragonite\n|-boost|p2a: Dragonite|atk|1\n|-boost|p2a: Dragonite|spe|1\n|move|p1a: Orthworm|Iron Defense|p1a: Orthworm\n|-boost|p1a: Orthworm|def|2\n|move|p2b: Orthworm|Body Press|p1b: Gyarados\n|-resisted|p1b: Gyarados\n|-damage|p1b: Gyarados|40\/100\n|\n|-damage|p2b: Orthworm|75\/100 brn|[from] brn\n|upkeep\n|turn|8\n|\n|t:|1682586485\n|-terastallize|p2a: Dragonite|Flying\n|move|p1b: Gyarados|Protect|p1b: Gyarados\n|-singleturn|p1b: Gyarados|Protect\n|move|p2a: Dragonite|Tera Blast|p1a: Orthworm\n|-damage|p1a: Orthworm|86\/100\n|move|p2b: Orthworm|Heavy Slam|p1b: Gyarados\n|-activate|p1b: Gyarados|move: Protect\n|move|p1a: Orthworm|Body Press|p2a: Dragonite\n|-resisted|p2a: Dragonite\n|-damage|p2a: Dragonite|75\/100\n|\n|-damage|p2b: Orthworm|69\/100 brn|[from] brn\n|upkeep\n|turn|9\n|\n|t:|1682586509\n|move|p2a: Dragonite|Tera Blast|p1a: Orthworm\n|-damage|p1a: Orthworm|71\/100\n|move|p1b: Gyarados|Thunder Wave|p2a: Dragonite\n|-status|p2a: Dragonite|par\n|move|p1a: Orthworm|Body Press|p2a: Dragonite\n|-resisted|p2a: Dragonite\n|-damage|p2a: Dragonite|25\/100 par\n|move|p2b: Orthworm|Body Press|p1b: Gyarados\n|-resisted|p1b: Gyarados\n|-damage|p1b: Gyarados|26\/100\n|\n|-damage|p2b: Orthworm|63\/100 brn|[from] brn\n|upkeep\n|turn|10\n|\n|t:|1682586528\n|move|p1b: Gyarados|Protect|p1b: Gyarados\n|-singleturn|p1b: Gyarados|Protect\n|move|p2a: Dragonite|Tera Blast|p1a: Orthworm\n|-damage|p1a: Orthworm|56\/100\n|move|p2b: Orthworm|Body Press|p1b: Gyarados\n|-activate|p1b: Gyarados|move: Protect\n|move|p1a: Orthworm|Body Press|p2a: Dragonite\n|-resisted|p2a: Dragonite\n|-damage|p2a: Dragonite|0 fnt\n|faint|p2a: Dragonite\n|\n|-damage|p2b: Orthworm|57\/100 brn|[from] brn\n|upkeep\n|\n|t:|1682586542\n|switch|p2a: Tyranitar|Tyranitar, L50, F|100\/100\n|-weather|Sandstorm|[from] ability: Sand Stream|[of] p2a: Tyranitar\n|turn|11\n|\n|t:|1682586552\n|move|p1b: Gyarados|Waterfall|p2a: Tyranitar\n|-supereffective|p2a: Tyranitar\n|-damage|p2a: Tyranitar|48\/100\n|move|p2a: Tyranitar|Rock Slide|p1a: Orthworm|[spread] p1a,p1b\n|-supereffective|p1b: Gyarados\n|-damage|p1a: Orthworm|49\/100\n|-damage|p1b: Gyarados|0 fnt\n|-enditem|p1a: Orthworm|Sitrus Berry|[eat]\n|-heal|p1a: Orthworm|74\/100|[from] item: Sitrus Berry\n|faint|p1b: Gyarados\n|-damage|p2a: Tyranitar|39\/100|[from] item: Life Orb\n|cant|p1a: Orthworm|flinch\n|move|p2b: Orthworm|Iron Defense|p2b: Orthworm\n|-boost|p2b: Orthworm|def|2\n|\n|-weather|Sandstorm|[upkeep]\n|-damage|p1a: Orthworm|68\/100|[from] Sandstorm\n|-damage|p2b: Orthworm|50\/100 brn|[from] brn\n|upkeep\n|\n|t:|1682586573\n|switch|p1b: Arcanine|Arcanine, L50, M|30\/100\n|-ability|p1b: Arcanine|Intimidate|boost\n|-unboost|p2a: Tyranitar|atk|1\n|-unboost|p2b: Orthworm|atk|1\n|turn|12\n|\n|t:|1682586580\n|switch|p2b: Amoonguss|Amoonguss, L50, M, shiny|100\/100\n|move|p1b: Arcanine|Protect|p1b: Arcanine\n|-singleturn|p1b: Arcanine|Protect\n|move|p2a: Tyranitar|Rock Slide|p1a: Orthworm|[spread] \n|-activate|p1b: Arcanine|move: Protect\n|-miss|p2a: Tyranitar|p1a: Orthworm\n|move|p1a: Orthworm|Body Press|p2b: Amoonguss\n|-resisted|p2b: Amoonguss\n|-damage|p2b: Amoonguss|53\/100\n|-damage|p1a: Orthworm|52\/100|[from] item: Rocky Helmet|[of] p2b: Amoonguss\n|\n|-weather|Sandstorm|[upkeep]\n|-damage|p1a: Orthworm|45\/100|[from] Sandstorm\n|-damage|p2b: Amoonguss|47\/100|[from] Sandstorm\n|upkeep\n|turn|13\n|\n|t:|1682586598\n|move|p1b: Arcanine|Will-O-Wisp|p2b: Amoonguss\n|-status|p2b: Amoonguss|brn\n|move|p2a: Tyranitar|Rock Slide|p1b: Arcanine|[spread] p1a,p1b\n|-supereffective|p1b: Arcanine\n|-damage|p1a: Orthworm|40\/100\n|-damage|p1b: Arcanine|0 fnt\n|faint|p1b: Arcanine\n|-damage|p2a: Tyranitar|29\/100|[from] item: Life Orb\n|cant|p1a: Orthworm|flinch\n|move|p2b: Amoonguss|Pollen Puff|p2a: Tyranitar\n|-heal|p2a: Tyranitar|79\/100\n|\n|-weather|Sandstorm|[upkeep]\n|-damage|p1a: Orthworm|34\/100|[from] Sandstorm\n|-damage|p2b: Amoonguss|41\/100 brn|[from] Sandstorm\n|-damage|p2b: Amoonguss|35\/100 brn|[from] brn\n|upkeep\n|c|\u2606Prompto88|se non flinchavo\n|\n|t:|1682586615\n|switch|p1b: Wo-Chien|Wo-Chien, L50|38\/100\n|-ability|p1b: Wo-Chien|Tablets of Ruin\n|turn|14\n|\n|t:|1682586623\n|move|p2a: Tyranitar|Protect|p2a: Tyranitar\n|-singleturn|p2a: Tyranitar|Protect\n|move|p1b: Wo-Chien|Pollen Puff|p1a: Orthworm\n|-heal|p1a: Orthworm|84\/100\n|move|p1a: Orthworm|Body Press|p2a: Tyranitar\n|-activate|p2a: Tyranitar|move: Protect\n|move|p2b: Amoonguss|Spore|p1a: Orthworm\n|-status|p1a: Orthworm|slp|[from] move: Spore\n|\n|-weather|Sandstorm|[upkeep]\n|-damage|p1b: Wo-Chien|32\/100|[from] Sandstorm\n|-damage|p1a: Orthworm|78\/100 slp|[from] Sandstorm\n|-damage|p2b: Amoonguss|30\/100 brn|[from] Sandstorm\n|-damage|p2b: Amoonguss|24\/100 brn|[from] brn\n|upkeep\n|turn|15\n|\n|t:|1682586642\n|move|p1b: Wo-Chien|Leech Seed|p2a: Tyranitar\n|-start|p2a: Tyranitar|move: Leech Seed\n|move|p2a: Tyranitar|Rock Slide|p1a: Orthworm|[spread] p1a,p1b\n|-damage|p1a: Orthworm|73\/100 slp\n|-damage|p1b: Wo-Chien|15\/100\n|-damage|p2a: Tyranitar|69\/100|[from] item: Life Orb\n|cant|p1a: Orthworm|slp\n|move|p2b: Amoonguss|Pollen Puff|p1b: Wo-Chien\n|-supereffective|p1b: Wo-Chien\n|-damage|p1b: Wo-Chien|0 fnt\n|faint|p1b: Wo-Chien\n|\n|-weather|none\n|-damage|p2b: Amoonguss|18\/100 brn|[from] brn\n|upkeep\n|turn|16\n|\n|t:|1682586663\n|switch|p2b: Orthworm|Orthworm, L50, M|50\/100 brn\n|move|p2a: Tyranitar|Rock Slide|p1a: Orthworm\n|-damage|p1a: Orthworm|66\/100 slp\n|-damage|p2a: Tyranitar|59\/100|[from] item: Life Orb\n|cant|p1a: Orthworm|slp\n|\n|-damage|p2b: Orthworm|44\/100 brn|[from] brn\n|upkeep\n|turn|17\n|\n|t:|1682586682\n|move|p2a: Tyranitar|Rock Slide|p1a: Orthworm\n|-damage|p1a: Orthworm|60\/100 slp\n|-damage|p2a: Tyranitar|50\/100|[from] item: Life Orb\n|move|p2b: Orthworm|Heavy Slam|p1a: Orthworm\n|-damage|p1a: Orthworm|58\/100 slp\n|-curestatus|p1a: Orthworm|slp|[msg]\n|move|p1a: Orthworm|Body Press|p2a: Tyranitar\n|-supereffective|p2a: Tyranitar\n|-damage|p2a: Tyranitar|0 fnt\n|faint|p2a: Tyranitar\n|\n|-damage|p2b: Orthworm|38\/100 brn|[from] brn\n|upkeep\n|c|\u2606CarlettoJack|gg\n|-message|CarlettoJack forfeited.\n|\n|win|Prompto88\n|c|\u2606Prompto88|perch\u00e8?\n","uploadtime":1682586707,"views":14,"p1id":"prompto88","p2id":"carlettojack","formatid":"gen9vgc2023regulationc","rating":0,"private":0,"password":""}