{"id":"gen9vgc2023regulationc-1858181326","p1":"Syimmy23","p2":"animegggg","format":"[Gen 9] VGC 2023 Regulation C","log":"|j|\u2606Syimmy23\n|j|\u203danimegggg\n|t:|1683288035\n|gametype|doubles\n|player|p1|Syimmy23|170|1088\n|player|p2|animegggg|1|1062\n|teamsize|p1|6\n|teamsize|p2|6\n|gen|9\n|tier|[Gen 9] VGC 2023 Regulation C\n|rated|\n|rule|Species Clause: Limit one of each Pok\u00e9mon\n|rule|Item Clause: Limit one of each item\n|clearpoke\n|poke|p1|Swalot, L50, M|\n|poke|p1|Palafin, L50, F|\n|poke|p1|Wo-Chien, L50|\n|poke|p1|Arcanine, L50, M|\n|poke|p1|Maushold-Four, L50|\n|poke|p1|Iron Hands, L50|\n|poke|p2|Armarouge, L50, M|\n|poke|p2|Indeedee, L50, M|\n|poke|p2|Hatterene, L50, F|\n|poke|p2|Amoonguss, L50, M|\n|poke|p2|Sylveon, L50, M|\n|poke|p2|Kingambit, L50, F|\n|teampreview|4\n|inactive|Battle timer is ON: inactive players will automatically lose when time's up. (requested by animegggg)\n|\n|t:|1683288066\n|start\n|switch|p1a: Iron Hands|Iron Hands, L50|100\/100\n|switch|p1b: Palafin|Palafin, L50, F, shiny|100\/100\n|switch|p2a: Armarouge|Armarouge, L50, M|100\/100\n|switch|p2b: Indeedee|Indeedee, L50, M|100\/100\n|-fieldstart|move: Psychic Terrain|[from] ability: Psychic Surge|[of] p2b: Indeedee\n|turn|1\n|\n|t:|1683288083\n|-terastallize|p2a: Armarouge|Grass\n|move|p2b: Indeedee|Helping Hand|p2a: Armarouge\n|-singleturn|p2a: Armarouge|Helping Hand|[of] p2b: Indeedee\n|move|p1b: Palafin|Flip Turn|p2a: Armarouge\n|-resisted|p2a: Armarouge\n|-damage|p2a: Armarouge|88\/100\n|\n|t:|1683288092\n|detailschange|p1b: Palafin|Palafin-Hero, L50, F, shiny\n|switch|p1b: Wo-Chien|Wo-Chien, L50|100\/100|[from] Flip Turn\n|-ability|p1b: Wo-Chien|Tablets of Ruin\n|move|p2a: Armarouge|Expanding Force|p1a: Iron Hands|[spread] p1a\n|-immune|p1b: Wo-Chien\n|-supereffective|p1a: Iron Hands\n|-damage|p1a: Iron Hands|4\/100\n|move|p1a: Iron Hands|Volt Switch|p2a: Armarouge\n|-resisted|p2a: Armarouge\n|-damage|p2a: Armarouge|83\/100\n|\n|t:|1683288110\n|-end|p1a: Iron Hands|Quark Drive|[silent]\n|switch|p1a: Swalot|Swalot, L50, M, shiny|100\/100|[from] Volt Switch\n|\n|upkeep\n|turn|2\n|inactive|Syimmy23 has 30 seconds left.\n|\n|t:|1683288137\n|-terastallize|p1a: Swalot|Flying\n|move|p2b: Indeedee|Draining Kiss|p1b: Wo-Chien\n|-supereffective|p1b: Wo-Chien\n|-damage|p1b: Wo-Chien|86\/100\n|move|p2a: Armarouge|Armor Cannon|p1b: Wo-Chien\n|-supereffective|p1b: Wo-Chien\n|-damage|p1b: Wo-Chien|8\/100\n|-unboost|p2a: Armarouge|def|1\n|-unboost|p2a: Armarouge|spd|1\n|-enditem|p1b: Wo-Chien|Sitrus Berry|[eat]\n|-heal|p1b: Wo-Chien|33\/100|[from] item: Sitrus Berry\n|move|p1b: Wo-Chien|Leech Seed|p2b: Indeedee\n|-start|p2b: Indeedee|move: Leech Seed\n|move|p1a: Swalot|Toxic|p2a: Armarouge\n|-status|p2a: Armarouge|tox\n|\n|-damage|p2b: Indeedee|89\/100|[from] Leech Seed|[of] p1b: Wo-Chien\n|-heal|p1b: Wo-Chien|43\/100|[silent]\n|-damage|p2a: Armarouge|77\/100 tox|[from] psn\n|upkeep\n|turn|3\n|\n|t:|1683288161\n|move|p2b: Indeedee|Helping Hand|p2a: Armarouge\n|-singleturn|p2a: Armarouge|Helping Hand|[of] p2b: Indeedee\n|move|p1b: Wo-Chien|Protect|p1b: Wo-Chien\n|-singleturn|p1b: Wo-Chien|Protect\n|move|p2a: Armarouge|Expanding Force|p1a: Swalot|[spread] p1a\n|-activate|p1b: Wo-Chien|move: Protect\n|-damage|p1a: Swalot|25\/100\n|move|p1a: Swalot|Acid Armor|p1a: Swalot\n|-boost|p1a: Swalot|def|2\n|\n|-heal|p1a: Swalot|31\/100|[from] item: Leftovers\n|-damage|p2b: Indeedee|77\/100|[from] Leech Seed|[of] p1b: Wo-Chien\n|-heal|p1b: Wo-Chien|54\/100|[silent]\n|-damage|p2a: Armarouge|66\/100 tox|[from] psn\n|upkeep\n|turn|4\n|\n|t:|1683288179\n|move|p1a: Swalot|Protect|p1a: Swalot\n|-singleturn|p1a: Swalot|Protect\n|move|p2b: Indeedee|Draining Kiss|p1a: Swalot\n|-activate|p1a: Swalot|move: Protect\n|move|p2a: Armarouge|Armor Cannon|p1b: Wo-Chien\n|-supereffective|p1b: Wo-Chien\n|-damage|p1b: Wo-Chien|0 fnt\n|-unboost|p2a: Armarouge|def|1\n|-unboost|p2a: Armarouge|spd|1\n|faint|p1b: Wo-Chien\n|\n|-heal|p1a: Swalot|37\/100|[from] item: Leftovers\n|-damage|p2a: Armarouge|49\/100 tox|[from] psn\n|upkeep\n|\n|t:|1683288195\n|switch|p1b: Palafin|Palafin-Hero, L50, F, shiny|100\/100\n|-activate|p1b: Palafin|ability: Zero to Hero\n|turn|5\n|\n|t:|1683288207\n|move|p2b: Indeedee|Helping Hand|p2a: Armarouge\n|-singleturn|p2a: Armarouge|Helping Hand|[of] p2b: Indeedee\n|move|p1b: Palafin|Wave Crash|p2a: Armarouge\n|-resisted|p2a: Armarouge\n|-damage|p2a: Armarouge|0 fnt\n|faint|p2a: Armarouge\n|-damage|p1b: Palafin|86\/100|[from] Recoil\n|move|p1a: Swalot|Body Press|p2b: Indeedee\n|-damage|p2b: Indeedee|12\/100\n|\n|-heal|p1a: Swalot|44\/100|[from] item: Leftovers\n|-damage|p2b: Indeedee|0 fnt|[from] Leech Seed|[of] p1b: Palafin\n|-heal|p1b: Palafin|96\/100|[silent]\n|faint|p2b: Indeedee\n|-fieldend|move: Psychic Terrain\n|upkeep\n|\n|t:|1683288222\n|switch|p2b: Kingambit|Kingambit, L50, F|100\/100\n|switch|p2a: Amoonguss|Amoonguss, L50, M|100\/100\n|turn|6\n|\n|t:|1683288238\n|move|p1b: Palafin|Wave Crash|p2b: Kingambit\n|-damage|p2b: Kingambit|35\/100\n|-damage|p1b: Palafin|74\/100|[from] Recoil\n|move|p1a: Swalot|Body Press|p2b: Kingambit\n|-supereffective|p2b: Kingambit\n|-damage|p2b: Kingambit|0 fnt\n|faint|p2b: Kingambit\n|move|p2a: Amoonguss|Spore|p1b: Palafin\n|-status|p1b: Palafin|slp|[from] move: Spore\n|\n|-heal|p1a: Swalot|50\/100|[from] item: Leftovers\n|upkeep\n|turn|7\n|\n|t:|1683288257\n|cant|p1b: Palafin|slp\n|move|p1a: Swalot|Acid Armor|p1a: Swalot\n|-boost|p1a: Swalot|def|2\n|move|p2a: Amoonguss|Spore|p1a: Swalot\n|-status|p1a: Swalot|slp|[from] move: Spore\n|\n|-heal|p1a: Swalot|56\/100 slp|[from] item: Leftovers\n|upkeep\n|turn|8\n|\n|t:|1683288271\n|-curestatus|p1b: Palafin|slp|[msg]\n|move|p1b: Palafin|Wave Crash|p2a: Amoonguss\n|-resisted|p2a: Amoonguss\n|-damage|p2a: Amoonguss|50\/100\n|-damage|p1b: Palafin|56\/100|[from] Recoil\n|cant|p1a: Swalot|slp\n|move|p2a: Amoonguss|Pollen Puff|p1b: Palafin\n|-damage|p1b: Palafin|31\/100\n|\n|-heal|p1a: Swalot|62\/100 slp|[from] item: Leftovers\n|upkeep\n|turn|9\n|\n|t:|1683288287\n|move|p1b: Palafin|Wave Crash|p2a: Amoonguss\n|-resisted|p2a: Amoonguss\n|-damage|p2a: Amoonguss|1\/100\n|-enditem|p2a: Amoonguss|Aguav Berry|[eat]\n|-heal|p2a: Amoonguss|34\/100|[from] item: Aguav Berry\n|-damage|p1b: Palafin|14\/100|[from] Recoil\n|-curestatus|p1a: Swalot|slp|[msg]\n|move|p1a: Swalot|Body Press|p2a: Amoonguss\n|-resisted|p2a: Amoonguss\n|-damage|p2a: Amoonguss|6\/100\n|move|p2a: Amoonguss|Spore|p1b: Palafin\n|-status|p1b: Palafin|slp|[from] move: Spore\n|\n|-heal|p1a: Swalot|69\/100|[from] item: Leftovers\n|upkeep\n|turn|10\n|\n|t:|1683288309\n|cant|p1b: Palafin|slp\n|move|p1a: Swalot|Body Press|p2a: Amoonguss\n|-resisted|p2a: Amoonguss\n|-damage|p2a: Amoonguss|0 fnt\n|faint|p2a: Amoonguss\n|\n|win|Syimmy23\n|raw|Syimmy23's rating: 1088 → 1113<\/strong> (+25 for winning)\n|raw|animegggg's rating: 1062 → 1044<\/strong> (-18 for losing)\n","uploadtime":1683288319,"views":7,"p1id":"syimmy23","p2id":"animegggg","formatid":"gen9vgc2023regulationc","rating":1044,"private":0,"password":""}