{"id":"gen9vgc2023regulationc-1848795247","p1":"1GoldenBoy","p2":"Sprye0216","format":"[Gen 9] VGC 2023 Regulation C","log":"|j|\u26061GoldenBoy\n|j|\u2606Sprye0216\n|t:|1682111188\n|gametype|doubles\n|player|p1|1GoldenBoy|lucas|1094\n|player|p2|Sprye0216|skyla|1187\n|teamsize|p1|6\n|teamsize|p2|6\n|gen|9\n|tier|[Gen 9] VGC 2023 Regulation C\n|rated|\n|rule|Species Clause: Limit one of each Pok\u00e9mon\n|rule|Item Clause: Limit one of each item\n|clearpoke\n|poke|p1|Murkrow, L50, F|\n|poke|p1|Great Tusk, L50|\n|poke|p1|Scream Tail, L50|\n|poke|p1|Tyranitar, L50, M|\n|poke|p1|Flutter Mane, L50|\n|poke|p1|Dragapult, L50, M|\n|poke|p2|Amoonguss, L50, F|\n|poke|p2|Gyarados, L50, M|\n|poke|p2|Talonflame, L50, M|\n|poke|p2|Garchomp, L50, M|\n|poke|p2|Flutter Mane, L50|\n|poke|p2|Ting-Lu, L50|\n|teampreview|4\nSprye0216 has agreed to open team sheets.\n|\n|t:|1682111273\n|start\n|switch|p1a: Great Tusk|Great Tusk, L50, shiny|100\/100\n|switch|p1b: Murkrow|Murkrow, L50, F, shiny|100\/100\n|switch|p2a: Talonflame|Talonflame, L50, M|100\/100\n|switch|p2b: Garchomp|Garchomp, L50, M|100\/100\n|turn|1\n|\n|t:|1682111311\n|move|p2b: Garchomp|Protect|p2b: Garchomp\n|-singleturn|p2b: Garchomp|Protect\n|move|p1b: Murkrow|Sunny Day|p1b: Murkrow\n|-weather|SunnyDay\n|-activate|p1a: Great Tusk|ability: Protosynthesis\n|-start|p1a: Great Tusk|protosynthesisatk\n|move|p1a: Great Tusk|Rock Slide|p2a: Talonflame|[spread] p2a\n|-activate|p2b: Garchomp|move: Protect\n|-supereffective|p2a: Talonflame\n|-damage|p2a: Talonflame|0 fnt\n|faint|p2a: Talonflame\n|\n|-weather|SunnyDay|[upkeep]\n|upkeep\n|\n|t:|1682111323\n|switch|p2a: Gyarados|Gyarados, L50, M|100\/100\n|-ability|p2a: Gyarados|Intimidate|boost\n|-unboost|p1a: Great Tusk|atk|1\n|-unboost|p1b: Murkrow|atk|1\n|turn|2\n|\n|t:|1682111355\n|move|p1b: Murkrow|Tailwind|p1b: Murkrow\n|-sidestart|p1: 1GoldenBoy|move: Tailwind\n|move|p1a: Great Tusk|Rock Slide|p2a: Gyarados|[spread] p2a,p2b\n|-supereffective|p2a: Gyarados\n|-resisted|p2b: Garchomp\n|-damage|p2a: Gyarados|56\/100\n|-damage|p2b: Garchomp|92\/100\n|move|p2b: Garchomp|Rock Slide|p1b: Murkrow|[spread] p1a,p1b\n|-resisted|p1a: Great Tusk\n|-supereffective|p1b: Murkrow\n|-damage|p1a: Great Tusk|96\/100\n|-damage|p1b: Murkrow|26\/100\n|-damage|p2b: Garchomp|82\/100|[from] item: Life Orb\n|cant|p2a: Gyarados|flinch\n|\n|-weather|SunnyDay|[upkeep]\n|upkeep\n|turn|3\n|\n|t:|1682111381\n|move|p1a: Great Tusk|Rock Slide|p2b: Garchomp|[spread] p2a,p2b\n|-supereffective|p2a: Gyarados\n|-resisted|p2b: Garchomp\n|-damage|p2a: Gyarados|14\/100\n|-damage|p2b: Garchomp|73\/100\n|move|p1b: Murkrow|U-turn|p2a: Gyarados\n|-resisted|p2a: Gyarados\n|-damage|p2a: Gyarados|9\/100\n|\n|t:|1682111397\n|switch|p1b: Flutter Mane|Flutter Mane, L50, shiny|100\/100|[from] U-turn\n|-activate|p1b: Flutter Mane|ability: Protosynthesis\n|-start|p1b: Flutter Mane|protosynthesisspa\n|move|p2b: Garchomp|Rock Slide|p1b: Flutter Mane|[spread] p1a,p1b\n|-resisted|p1a: Great Tusk\n|-crit|p1a: Great Tusk\n|-damage|p1a: Great Tusk|89\/100\n|-damage|p1b: Flutter Mane|65\/100\n|-damage|p2b: Garchomp|63\/100|[from] item: Life Orb\n|cant|p2a: Gyarados|flinch\n|\n|-weather|SunnyDay|[upkeep]\n|upkeep\n|turn|4\n|\n|t:|1682111414\n|move|p2b: Garchomp|Protect|p2b: Garchomp\n|-singleturn|p2b: Garchomp|Protect\n|move|p2a: Gyarados|Protect|p2a: Gyarados\n|-singleturn|p2a: Gyarados|Protect\n|move|p1a: Great Tusk|Rock Slide|p2a: Gyarados|[spread] \n|-activate|p2a: Gyarados|move: Protect\n|-activate|p2b: Garchomp|move: Protect\n|move|p1b: Flutter Mane|Dazzling Gleam|p2b: Garchomp|[spread] \n|-activate|p2a: Gyarados|move: Protect\n|-activate|p2b: Garchomp|move: Protect\n|\n|-weather|SunnyDay|[upkeep]\n|upkeep\n|turn|5\n|\n|t:|1682111434\n|switch|p2b: Amoonguss|Amoonguss, L50, F|100\/100\n|move|p1a: Great Tusk|Rock Slide|p2a: Gyarados|[spread] p2a,p2b\n|-supereffective|p2a: Gyarados\n|-damage|p2a: Gyarados|0 fnt\n|-damage|p2b: Amoonguss|84\/100\n|faint|p2a: Gyarados\n|move|p1b: Flutter Mane|Dazzling Gleam|p2b: Amoonguss\n|-resisted|p2b: Amoonguss\n|-damage|p2b: Amoonguss|53\/100\n|\n|-weather|none\n|-end|p1a: Great Tusk|Protosynthesis\n|-end|p1b: Flutter Mane|Protosynthesis\n|-sideend|p1: 1GoldenBoy|move: Tailwind\n|upkeep\n|\n|t:|1682111445\n|switch|p2a: Garchomp|Garchomp, L50, M|63\/100\n|turn|6\n|\n|t:|1682111458\n|-end|p1b: Flutter Mane|Protosynthesis|[silent]\n|switch|p1b: Murkrow|Murkrow, L50, F, shiny|26\/100\n|move|p2a: Garchomp|Protect|p2a: Garchomp\n|-singleturn|p2a: Garchomp|Protect\n|move|p1a: Great Tusk|Rock Slide|p2b: Amoonguss|[spread] p2b\n|-activate|p2a: Garchomp|move: Protect\n|-damage|p2b: Amoonguss|42\/100\n|-enditem|p2b: Amoonguss|Sitrus Berry|[eat]\n|-heal|p2b: Amoonguss|67\/100|[from] item: Sitrus Berry\n|cant|p2b: Amoonguss|flinch\n|\n|upkeep\n|turn|7\n|\n|t:|1682111476\n|move|p1b: Murkrow|Sunny Day|p1b: Murkrow\n|-weather|SunnyDay\n|-activate|p1a: Great Tusk|ability: Protosynthesis\n|-start|p1a: Great Tusk|protosynthesisdef\n|move|p1a: Great Tusk|Rock Slide|p2a: Garchomp|[spread] p2a\n|-miss|p1a: Great Tusk|p2b: Amoonguss\n|-resisted|p2a: Garchomp\n|-damage|p2a: Garchomp|56\/100\n|cant|p2a: Garchomp|flinch\n|move|p2b: Amoonguss|Spore|p1b: Murkrow\n|-status|p1b: Murkrow|slp|[from] move: Spore\n|\n|-weather|SunnyDay|[upkeep]\n|upkeep\n|turn|8\n|\n|t:|1682111499\n|-terastallize|p2b: Amoonguss|Water\n|cant|p1b: Murkrow|slp\n|move|p1a: Great Tusk|Rock Slide|p2b: Amoonguss|[spread] p2a,p2b\n|-resisted|p2a: Garchomp\n|-damage|p2a: Garchomp|49\/100\n|-damage|p2b: Amoonguss|55\/100\n|move|p2a: Garchomp|Rock Slide|p1a: Great Tusk|[spread] p1a\n|-miss|p2a: Garchomp|p1b: Murkrow\n|-resisted|p1a: Great Tusk\n|-damage|p1a: Great Tusk|86\/100\n|-damage|p2a: Garchomp|39\/100|[from] item: Life Orb\n|move|p2b: Amoonguss|Spore|p1a: Great Tusk\n|-status|p1a: Great Tusk|slp|[from] move: Spore\n|\n|-weather|SunnyDay|[upkeep]\n|upkeep\n|turn|9\n|\n|t:|1682111521\n|-curestatus|p1b: Murkrow|slp|[msg]\n|move|p1b: Murkrow|Taunt|p2b: Amoonguss\n|-start|p2b: Amoonguss|move: Taunt\n|cant|p1a: Great Tusk|slp\n|move|p2a: Garchomp|Rock Slide|p1a: Great Tusk|[spread] p1a,p1b\n|-resisted|p1a: Great Tusk\n|-supereffective|p1b: Murkrow\n|-damage|p1a: Great Tusk|83\/100 slp\n|-damage|p1b: Murkrow|0 fnt\n|faint|p1b: Murkrow\n|-damage|p2a: Garchomp|29\/100|[from] item: Life Orb\n|move|p2b: Amoonguss|Pollen Puff|p2a: Garchomp\n|-heal|p2a: Garchomp|79\/100\n|\n|-weather|SunnyDay|[upkeep]\n|upkeep\n|\n|t:|1682111539\n|switch|p1b: Flutter Mane|Flutter Mane, L50, shiny|65\/100\n|-activate|p1b: Flutter Mane|ability: Protosynthesis\n|-start|p1b: Flutter Mane|protosynthesisspa\n|turn|10\n|\n|t:|1682111548\n|move|p2a: Garchomp|Protect|p2a: Garchomp\n|-singleturn|p2a: Garchomp|Protect\n|cant|p1a: Great Tusk|slp\n|move|p1b: Flutter Mane|Energy Ball|p2b: Amoonguss\n|-supereffective|p2b: Amoonguss\n|-damage|p2b: Amoonguss|0 fnt\n|faint|p2b: Amoonguss\n|\n|-weather|SunnyDay|[upkeep]\n|upkeep\n|turn|11\n|\n|t:|1682111580\n|-curestatus|p1a: Great Tusk|slp|[msg]\n|move|p1a: Great Tusk|Rock Slide|p2a: Garchomp\n|-resisted|p2a: Garchomp\n|-damage|p2a: Garchomp|69\/100\n|move|p1b: Flutter Mane|Energy Ball|p2a: Garchomp\n|-damage|p2a: Garchomp|3\/100\n|move|p2a: Garchomp|Earthquake|p1b: Flutter Mane|[spread] p1a,p1b\n|-damage|p1a: Great Tusk|55\/100\n|-damage|p1b: Flutter Mane|0 fnt\n|faint|p1b: Flutter Mane\n|-end|p1b: Flutter Mane|Protosynthesis|[silent]\n|-damage|p2a: Garchomp|0 fnt|[from] item: Life Orb\n|faint|p2a: Garchomp\n|\n|win|1GoldenBoy\n|raw|1GoldenBoy's rating: 1094 → 1127<\/strong> (+33 for winning)\n|raw|Sprye0216's rating: 1187 → 1155<\/strong> (-32 for losing)\n","uploadtime":1682111596,"views":7,"p1id":"1goldenboy","p2id":"sprye0216","formatid":"gen9vgc2023regulationc","rating":1127,"private":0,"password":""}