{"id":"gen9vgc2023regulationc-1859905509","p1":"Garglesoc","p2":"Kwiper","format":"[Gen 9] VGC 2023 Regulation C","log":"|j|\u2606Garglesoc\n|j|\u2606Kwiper\n|t:|1683574517\n|gametype|doubles\n|player|p1|Garglesoc|2|1295\n|player|p2|Kwiper|thorton|1322\n|teamsize|p1|6\n|teamsize|p2|6\n|gen|9\n|tier|[Gen 9] VGC 2023 Regulation C\n|rated|\n|rule|Species Clause: Limit one of each Pok\u00e9mon\n|rule|Item Clause: Limit one of each item\n|clearpoke\n|poke|p1|Tyranitar, L50, M|\n|poke|p1|Lycanroc, L50, M|\n|poke|p1|Amoonguss, L50, F|\n|poke|p1|Gyarados, L50, F|\n|poke|p1|Flutter Mane, L50|\n|poke|p1|Iron Bundle, L50|\n|poke|p2|Gastrodon-East, L50, M|\n|poke|p2|Chi-Yu, L50|\n|poke|p2|Tyranitar, L50, M|\n|poke|p2|Iron Bundle, L50|\n|poke|p2|Dragapult, L50, M|\n|poke|p2|Amoonguss, L50, F|\n|teampreview|4\n|inactive|Battle timer is ON: inactive players will automatically lose when time's up. (requested by Kwiper)\n|\n|t:|1683574543\n|start\n|switch|p1a: Tyranitar|Tyranitar, L50, M|100\/100\n|switch|p1b: Lycanroc|Lycanroc, L50, M|100\/100\n|switch|p2a: Gastrodon|Gastrodon-East, L50, M|100\/100\n|switch|p2b: Tyranitar|Tyranitar, L50, M|100\/100\n|-weather|Sandstorm|[from] ability: Sand Stream|[of] p2b: Tyranitar\n|turn|1\n|\n|t:|1683574568\n|move|p1b: Lycanroc|Close Combat|p2a: Gastrodon\n|-damage|p2a: Gastrodon|66\/100\n|-unboost|p1b: Lycanroc|def|1\n|-unboost|p1b: Lycanroc|spd|1\n|move|p2b: Tyranitar|Low Kick|p1a: Tyranitar\n|-supereffective|p1a: Tyranitar\n|-damage|p1a: Tyranitar|0 fnt\n|faint|p1a: Tyranitar\n|move|p2a: Gastrodon|Muddy Water|p1b: Lycanroc\n|-supereffective|p1b: Lycanroc\n|-enditem|p1b: Lycanroc|Focus Sash\n|-damage|p1b: Lycanroc|1\/100\n|\n|-weather|Sandstorm|[upkeep]\n|-heal|p2a: Gastrodon|72\/100|[from] item: Leftovers\n|upkeep\n|\n|t:|1683574579\n|switch|p1a: Iron Bundle|Iron Bundle, L50|100\/100\n|-enditem|p1a: Iron Bundle|Booster Energy\n|-activate|p1a: Iron Bundle|ability: Quark Drive|[fromitem]\n|-start|p1a: Iron Bundle|quarkdrivespe\n|turn|2\n|\n|t:|1683574585\n|-terastallize|p2b: Tyranitar|Flying\n|move|p2a: Gastrodon|Protect|p2a: Gastrodon\n|-singleturn|p2a: Gastrodon|Protect\n|move|p1b: Lycanroc|Close Combat|p2b: Tyranitar\n|-resisted|p2b: Tyranitar\n|-damage|p2b: Tyranitar|84\/100\n|-unboost|p1b: Lycanroc|def|1\n|-unboost|p1b: Lycanroc|spd|1\n|move|p1a: Iron Bundle|Freeze-Dry|p2a: Gastrodon\n|-activate|p2a: Gastrodon|move: Protect\n|move|p2b: Tyranitar|Rock Slide|p1a: Iron Bundle|[spread] p1a,p1b\n|-supereffective|p1a: Iron Bundle\n|-damage|p1a: Iron Bundle|28\/100\n|-damage|p1b: Lycanroc|0 fnt\n|faint|p1b: Lycanroc\n|\n|-weather|Sandstorm|[upkeep]\n|-damage|p1a: Iron Bundle|22\/100|[from] Sandstorm\n|-damage|p2b: Tyranitar|78\/100|[from] Sandstorm\n|-heal|p2a: Gastrodon|78\/100|[from] item: Leftovers\n|upkeep\n|\n|t:|1683574589\n|switch|p1b: Flutter Mane|Flutter Mane, L50|100\/100\n|turn|3\n|\n|t:|1683574599\n|switch|p2a: Chi-Yu|Chi-Yu, L50|100\/100\n|-ability|p2a: Chi-Yu|Beads of Ruin\n|-terastallize|p1b: Flutter Mane|Fairy\n|move|p1a: Iron Bundle|Freeze-Dry|p2b: Tyranitar\n|-supereffective|p2b: Tyranitar\n|-damage|p2b: Tyranitar|25\/100\n|move|p1b: Flutter Mane|Moonblast|p2b: Tyranitar\n|-damage|p2b: Tyranitar|0 fnt\n|faint|p2b: Tyranitar\n|\n|-weather|Sandstorm|[upkeep]\n|-damage|p1a: Iron Bundle|16\/100|[from] Sandstorm\n|-damage|p1b: Flutter Mane|94\/100|[from] Sandstorm\n|-damage|p2a: Chi-Yu|94\/100|[from] Sandstorm\n|upkeep\n|\n|t:|1683574609\n|switch|p2b: Iron Bundle|Iron Bundle, L50|100\/100\n|-enditem|p2b: Iron Bundle|Booster Energy\n|-activate|p2b: Iron Bundle|ability: Quark Drive|[fromitem]\n|-start|p2b: Iron Bundle|quarkdrivespe\n|turn|4\n|\n|t:|1683574616\n|move|p2b: Iron Bundle|Freeze-Dry|p1a: Iron Bundle\n|-damage|p1a: Iron Bundle|0 fnt\n|faint|p1a: Iron Bundle\n|-end|p1a: Iron Bundle|Quark Drive|[silent]\n|move|p1b: Flutter Mane|Moonblast|p2a: Chi-Yu\n|-damage|p2a: Chi-Yu|0 fnt\n|faint|p2a: Chi-Yu\n|\n|-weather|Sandstorm|[upkeep]\n|-damage|p2b: Iron Bundle|94\/100|[from] Sandstorm\n|-damage|p1b: Flutter Mane|88\/100|[from] Sandstorm\n|upkeep\n|\n|t:|1683574622\n|switch|p2a: Gastrodon|Gastrodon-East, L50, M|78\/100\n|turn|5\n|\n|t:|1683574632\n|move|p2b: Iron Bundle|Hydro Pump|p2a: Gastrodon\n|-ability|p2a: Gastrodon|Storm Drain|boost\n|-boost|p2a: Gastrodon|spa|1\n|move|p1b: Flutter Mane|Moonblast|p2b: Iron Bundle\n|-crit|p2b: Iron Bundle\n|-damage|p2b: Iron Bundle|0 fnt\n|faint|p2b: Iron Bundle\n|-end|p2b: Iron Bundle|Quark Drive|[silent]\n|move|p2a: Gastrodon|Muddy Water|p1b: Flutter Mane\n|-damage|p1b: Flutter Mane|50\/100\n|\n|-weather|none\n|-heal|p2a: Gastrodon|84\/100|[from] item: Leftovers\n|upkeep\n|turn|6\n|\n|t:|1683574643\n|move|p2a: Gastrodon|Protect|p2a: Gastrodon\n|-singleturn|p2a: Gastrodon|Protect\n|move|p1b: Flutter Mane|Moonblast|p2a: Gastrodon\n|-activate|p2a: Gastrodon|move: Protect\n|\n|-heal|p2a: Gastrodon|90\/100|[from] item: Leftovers\n|upkeep\n|turn|7\n|\n|t:|1683574648\n|move|p1b: Flutter Mane|Moonblast|p2a: Gastrodon\n|-damage|p2a: Gastrodon|12\/100\n|-unboost|p2a: Gastrodon|spa|1\n|move|p2a: Gastrodon|Earth Power|p1b: Flutter Mane\n|-damage|p1b: Flutter Mane|24\/100\n|\n|-heal|p2a: Gastrodon|18\/100|[from] item: Leftovers\n|upkeep\n|turn|8\n|\n|t:|1683574657\n|move|p1b: Flutter Mane|Moonblast|p2a: Gastrodon\n|-damage|p2a: Gastrodon|0 fnt\n|faint|p2a: Gastrodon\n|\n|win|Garglesoc\n|raw|Garglesoc's rating: 1295 → 1322<\/strong> (+27 for winning)\n|raw|Kwiper's rating: 1322 → 1300<\/strong> (-22 for losing)\n|l|\u2606Kwiper\n","uploadtime":1683574698,"views":6,"p1id":"garglesoc","p2id":"kwiper","formatid":"gen9vgc2023regulationc","rating":1300,"private":0,"password":""}