{"id":"gen9vgc2023regulationc-1853272601","p1":"chenjiannian","p2":"SmeargleMyBeloved","format":"[Gen 9] VGC 2023 Regulation C","log":"|j|\u2606chenjiannian\n|j|\u2606SmeargleMyBeloved\n|t:|1682658686\n|gametype|doubles\n|player|p1|chenjiannian|101|1222\n|player|p2|SmeargleMyBeloved|170|1283\n|teamsize|p1|6\n|teamsize|p2|6\n|gen|9\n|tier|[Gen 9] VGC 2023 Regulation C\n|rated|\n|rule|Species Clause: Limit one of each Pok\u00e9mon\n|rule|Item Clause: Limit one of each item\n|clearpoke\n|poke|p1|Chi-Yu, L50|\n|poke|p1|Flutter Mane, L50|\n|poke|p1|Arcanine, L50, M|\n|poke|p1|Ting-Lu, L50|\n|poke|p1|Palafin, L50, F|\n|poke|p1|Amoonguss, L50, F|\n|poke|p2|Annihilape, L50, M|\n|poke|p2|Maushold, L50|\n|poke|p2|Iron Bundle, L50|\n|poke|p2|Gholdengo, L50|\n|poke|p2|Arcanine, L50, M|\n|poke|p2|Baxcalibur, L50, M|\n|teampreview|4\n|inactive|Battle timer is ON: inactive players will automatically lose when time's up. (requested by chenjiannian)\n|inactive|chenjiannian has 60 seconds left.\n|inactive|SmeargleMyBeloved has 60 seconds left.\n|inactive|SmeargleMyBeloved has 30 seconds left.\n|\n|t:|1682658749\n|start\n|switch|p1a: Flutter Mane|Flutter Mane, L50|100\/100\n|switch|p1b: Amoonguss|Amoonguss, L50, F|100\/100\n|switch|p2a: Waffle Man|Baxcalibur, L50, M|100\/100\n|switch|p2b: KeyLimePie|Maushold, L50|100\/100\n|-enditem|p1a: Flutter Mane|Booster Energy\n|-activate|p1a: Flutter Mane|ability: Protosynthesis|[fromitem]\n|-start|p1a: Flutter Mane|protosynthesisspa\n|turn|1\n|\n|t:|1682658774\n|move|p2b: KeyLimePie|Follow Me|p2b: KeyLimePie\n|-singleturn|p2b: KeyLimePie|move: Follow Me\n|move|p1b: Amoonguss|Rage Powder|p1b: Amoonguss\n|-singleturn|p1b: Amoonguss|move: Rage Powder\n|move|p1a: Flutter Mane|Moonblast|p2b: KeyLimePie\n|-damage|p2b: KeyLimePie|45\/100\n|move|p2a: Waffle Man|Icicle Crash|p1b: Amoonguss\n|-supereffective|p1b: Amoonguss\n|-damage|p1b: Amoonguss|24\/100\n|-enditem|p1b: Amoonguss|Sitrus Berry|[eat]\n|-heal|p1b: Amoonguss|48\/100|[from] item: Sitrus Berry\n|\n|upkeep\n|turn|2\n|inactive|SmeargleMyBeloved has 30 seconds left.\n|\n|t:|1682658803\n|move|p1b: Amoonguss|Protect|p1b: Amoonguss\n|-singleturn|p1b: Amoonguss|Protect\n|move|p2b: KeyLimePie|Follow Me|p2b: KeyLimePie\n|-singleturn|p2b: KeyLimePie|move: Follow Me\n|move|p1a: Flutter Mane|Moonblast|p2b: KeyLimePie\n|-damage|p2b: KeyLimePie|0 fnt\n|faint|p2b: KeyLimePie\n|move|p2a: Waffle Man|Glaive Rush|p1b: Amoonguss\n|-activate|p1b: Amoonguss|move: Protect\n|\n|upkeep\n|\n|t:|1682658816\n|switch|p2b: Vanilla Cake|Iron Bundle, L50|100\/100\n|-enditem|p2b: Vanilla Cake|Booster Energy\n|-activate|p2b: Vanilla Cake|ability: Quark Drive|[fromitem]\n|-start|p2b: Vanilla Cake|quarkdrivespe\n|turn|3\n|\n|t:|1682658838\n|-terastallize|p2a: Waffle Man|Poison\n|move|p2b: Vanilla Cake|Protect|p2b: Vanilla Cake\n|-singleturn|p2b: Vanilla Cake|Protect\n|move|p1b: Amoonguss|Rage Powder|p1b: Amoonguss\n|-singleturn|p1b: Amoonguss|move: Rage Powder\n|move|p1a: Flutter Mane|Moonblast|p2a: Waffle Man\n|-resisted|p2a: Waffle Man\n|-damage|p2a: Waffle Man|66\/100\n|move|p2a: Waffle Man|Glaive Rush|p1b: Amoonguss\n|-damage|p1b: Amoonguss|0 fnt\n|-singlemove|p2a: Waffle Man|Glaive Rush|[silent]\n|faint|p1b: Amoonguss\n|\n|upkeep\n|\n|t:|1682658850\n|switch|p1b: Chi-Yu|Chi-Yu, L50|100\/100\n|-ability|p1b: Chi-Yu|Beads of Ruin\n|turn|4\n|\n|t:|1682658868\n|-terastallize|p1b: Chi-Yu|Grass\n|move|p2b: Vanilla Cake|Icy Wind|p1b: Chi-Yu|[spread] p1a,p1b\n|-supereffective|p1b: Chi-Yu\n|-damage|p1a: Flutter Mane|75\/100\n|-damage|p1b: Chi-Yu|61\/100\n|-unboost|p1a: Flutter Mane|spe|1\n|-unboost|p1b: Chi-Yu|spe|1\n|move|p2a: Waffle Man|Glaive Rush|p1b: Chi-Yu\n|-damage|p1b: Chi-Yu|0 fnt\n|-singlemove|p2a: Waffle Man|Glaive Rush|[silent]\n|faint|p1b: Chi-Yu\n|move|p1a: Flutter Mane|Shadow Ball|p2a: Waffle Man\n|-damage|p2a: Waffle Man|0 fnt\n|faint|p2a: Waffle Man\n|\n|upkeep\n|\n|t:|1682658882\n|switch|p1b: Ting-Lu|Ting-Lu, L50|100\/100\n|switch|p2a: CheeseCake|Gholdengo, L50|100\/100\n|-ability|p1b: Ting-Lu|Vessel of Ruin\n|turn|5\n|\n|t:|1682658893\n|move|p1a: Flutter Mane|Protect|p1a: Flutter Mane\n|-singleturn|p1a: Flutter Mane|Protect\n|move|p2b: Vanilla Cake|Hydro Pump|p1b: Ting-Lu\n|-supereffective|p1b: Ting-Lu\n|-damage|p1b: Ting-Lu|59\/100\n|move|p2a: CheeseCake|Make It Rain|p1b: Ting-Lu|[spread] p1b\n|-activate|p1a: Flutter Mane|move: Protect\n|-damage|p1b: Ting-Lu|36\/100\n|-unboost|p2a: CheeseCake|spa|1\n|-damage|p2a: CheeseCake|91\/100|[from] item: Life Orb\n|move|p1b: Ting-Lu|Heavy Slam|p2b: Vanilla Cake\n|-damage|p2b: Vanilla Cake|66\/100\n|\n|upkeep\n|turn|6\n|\n|t:|1682658913\n|move|p2b: Vanilla Cake|Freeze-Dry|p1a: Flutter Mane\n|-damage|p1a: Flutter Mane|48\/100\n|move|p2a: CheeseCake|Make It Rain|p1b: Ting-Lu|[spread] p1a,p1b\n|-supereffective|p1a: Flutter Mane\n|-damage|p1a: Flutter Mane|0 fnt\n|-damage|p1b: Ting-Lu|23\/100\n|-unboost|p2a: CheeseCake|spa|1\n|faint|p1a: Flutter Mane\n|-end|p1a: Flutter Mane|Protosynthesis|[silent]\n|-damage|p2a: CheeseCake|81\/100|[from] item: Life Orb\n|move|p1b: Ting-Lu|Stomping Tantrum|p2a: CheeseCake\n|-supereffective|p2a: CheeseCake\n|-damage|p2a: CheeseCake|25\/100\n|\n|upkeep\n|turn|7\n|\n|t:|1682658927\n|move|p2b: Vanilla Cake|Freeze-Dry|p1b: Ting-Lu\n|-supereffective|p1b: Ting-Lu\n|-damage|p1b: Ting-Lu|0 fnt\n|faint|p1b: Ting-Lu\n|\n|win|SmeargleMyBeloved\n|raw|chenjiannian's rating: 1222 → 1201<\/strong> (-21 for losing)\n|raw|SmeargleMyBeloved's rating: 1283 → 1304<\/strong> (+21 for winning)\n|l|\u2606chenjiannian\n","uploadtime":1682658934,"views":4,"p1id":"chenjiannian","p2id":"smearglemybeloved","formatid":"gen9vgc2023regulationc","rating":1201,"private":0,"password":""}