{"id":"gen9vgc2023regulationc-1859151039","p1":"fangeddragon96","p2":"5ilver_F0x","format":"[Gen 9] VGC 2023 Regulation C","log":"|j|\u2606fangeddragon96\n|j|\u26065ilver_F0x\n|t:|1683410651\n|gametype|doubles\n|player|p1|fangeddragon96|170|\n|player|p2|5ilver_F0x|morty|\n|teamsize|p1|6\n|teamsize|p2|6\n|gen|9\n|tier|[Gen 9] VGC 2023 Regulation C\n|rule|Species Clause: Limit one of each Pok\u00e9mon\n|rule|Item Clause: Limit one of each item\n|clearpoke\n|poke|p1|Iron Hands, L50|\n|poke|p1|Espathra, L50, F|\n|poke|p1|Orthworm, L50, F|\n|poke|p1|Cyclizar, L50, F|\n|poke|p1|Rotom-Heat, L50|\n|poke|p1|Floatzel, L50, M|\n|poke|p2|Wo-Chien, L50|\n|poke|p2|Staraptor, L50, M|\n|poke|p2|Sylveon, L50, F|\n|poke|p2|Toxtricity-Low-Key, L50, F|\n|poke|p2|Iron Thorns, L50|\n|poke|p2|Houndoom, L50, F|\n|teampreview|4\n|c|\u26065ilver_F0x|glhf\n|c|\u2606fangeddragon96|glhf\n|\n|t:|1683411533\n|start\n|switch|p1a: Earthworm|Orthworm, L50, F, shiny|100\/100\n|switch|p1b: Thunder Thighs|Iron Hands, L50, shiny|100\/100\n|switch|p2a: Larry|Staraptor, L50, M, shiny|100\/100\n|switch|p2b: Opal|Sylveon, L50, F, shiny|100\/100\n|-ability|p2a: Larry|Intimidate|boost\n|-unboost|p1a: Earthworm|atk|1\n|-unboost|p1b: Thunder Thighs|atk|1\n|turn|1\n|c|\u2606fangeddragon96|This was the lead i was just dreading lmao\n|\n|t:|1683411610\n|switch|p2a: Ramos|Wo-Chien, L50|100\/100\n|-ability|p2a: Ramos|Tablets of Ruin\n|-terastallize|p1b: Thunder Thighs|Fire\n|move|p2b: Opal|Protect|p2b: Opal\n|-singleturn|p2b: Opal|Protect\n|move|p1b: Thunder Thighs|Fake Out|p2a: Ramos\n|-damage|p2a: Ramos|94\/100\n|move|p1a: Earthworm|Rock Slide|p2a: Ramos|[spread] p2a\n|-activate|p2b: Opal|move: Protect\n|-damage|p2a: Ramos|87\/100\n|\n|-heal|p2a: Ramos|93\/100|[from] item: Leftovers\n|upkeep\n|turn|2\n|\n|t:|1683411700\n|switch|p2a: Larry|Staraptor, L50, M, shiny|100\/100\n|-ability|p2a: Larry|Intimidate|boost\n|-unboost|p1a: Earthworm|atk|1\n|-unboost|p1b: Thunder Thighs|atk|1\n|switch|p2b: Roxie|Toxtricity-Low-Key, L50, F, shiny|100\/100\n|move|p1a: Earthworm|Heavy Slam|p2b: Roxie\n|-resisted|p2b: Roxie\n|-damage|p2b: Roxie|85\/100\n|move|p1b: Thunder Thighs|Earthquake|p2b: Roxie|[spread] p2b\n|-immune|p1a: Earthworm|[from] ability: Earth Eater\n|-immune|p2a: Larry\n|-supereffective|p2b: Roxie\n|-damage|p2b: Roxie|8\/100\n|\n|upkeep\n|turn|3\n|\n|t:|1683411860\n|move|p2a: Larry|Quick Attack|p1b: Thunder Thighs\n|-enditem|p2a: Larry|Normal Gem|[from] gem\n|-damage|p1b: Thunder Thighs|81\/100\n|move|p2b: Roxie|Overdrive|p1a: Earthworm|[spread] p1a,p1b\n|-damage|p1a: Earthworm|26\/100\n|-damage|p1b: Thunder Thighs|52\/100\n|-enditem|p1a: Earthworm|Sitrus Berry|[eat]\n|-heal|p1a: Earthworm|51\/100|[from] item: Sitrus Berry\n|move|p1a: Earthworm|Rock Slide|p2a: Larry|[spread] p2a,p2b\n|-supereffective|p2a: Larry\n|-crit|p2b: Roxie\n|-damage|p2a: Larry|80\/100\n|-damage|p2b: Roxie|0 fnt\n|faint|p2b: Roxie\n|move|p1b: Thunder Thighs|Wild Charge|p2a: Larry\n|-supereffective|p2a: Larry\n|-damage|p2a: Larry|17\/100\n|-damage|p1b: Thunder Thighs|41\/100|[from] Recoil\n|\n|upkeep\n|\n|t:|1683411888\n|switch|p2b: Opal|Sylveon, L50, F, shiny|100\/100\n|turn|4\n|\n|t:|1683411957\n|-terastallize|p2b: Opal|Fire\n|move|p2a: Larry|Acrobatics|p1b: Thunder Thighs\n|-damage|p1b: Thunder Thighs|2\/100\n|move|p2b: Opal|Tera Blast|p1a: Earthworm\n|-supereffective|p1a: Earthworm\n|-damage|p1a: Earthworm|0 fnt\n|faint|p1a: Earthworm\n|move|p1b: Thunder Thighs|Earthquake|p2b: Opal|[spread] p2b\n|-immune|p2a: Larry\n|-supereffective|p2b: Opal\n|-damage|p2b: Opal|64\/100\n|\n|upkeep\n|\n|t:|1683411983\n|switch|p1a: SilverSurfer|Floatzel, L50, M, shiny|100\/100\n|turn|5\n|\n|t:|1683412047\n|switch|p2b: Ramos|Wo-Chien, L50|93\/100\n|-ability|p2b: Ramos|Tablets of Ruin\n|move|p2a: Larry|Quick Attack|p1b: Thunder Thighs\n|-damage|p1b: Thunder Thighs|0 fnt\n|faint|p1b: Thunder Thighs\n|-end|p1b: Thunder Thighs|Quark Drive|[silent]\n|move|p1a: SilverSurfer|Wave Crash|p2b: Ramos\n|-resisted|p2b: Ramos\n|-damage|p2b: Ramos|67\/100\n|-damage|p1a: SilverSurfer|90\/100|[from] Recoil\n|\n|-heal|p2b: Ramos|73\/100|[from] item: Leftovers\n|upkeep\n|\n|t:|1683412060\n|switch|p1b: AngryMicrowave|Rotom-Heat, L50, shiny|100\/100\n|turn|6\n|\n|t:|1683412136\n|move|p1b: AngryMicrowave|Protect|p1b: AngryMicrowave\n|-singleturn|p1b: AngryMicrowave|Protect\n|move|p2b: Ramos|Protect|p2b: Ramos\n|-singleturn|p2b: Ramos|Protect\n|move|p1a: SilverSurfer|Wave Crash|p2a: Larry\n|-damage|p2a: Larry|0 fnt\n|faint|p2a: Larry\n|-damage|p1a: SilverSurfer|84\/100|[from] Recoil\n|\n|-heal|p2b: Ramos|80\/100|[from] item: Leftovers\n|upkeep\n|\n|t:|1683412151\n|switch|p2a: Opal|Sylveon, L50, F, shiny, tera:Fire|64\/100\n|turn|7\n|\n|t:|1683412166\n|move|p1a: SilverSurfer|Wave Crash|p2a: Opal\n|-supereffective|p2a: Opal\n|-damage|p2a: Opal|0 fnt\n|faint|p2a: Opal\n|-damage|p1a: SilverSurfer|60\/100|[from] Recoil\n|move|p1b: AngryMicrowave|Overheat|p2b: Ramos\n|-supereffective|p2b: Ramos\n|-damage|p2b: Ramos|0 fnt\n|-unboost|p1b: AngryMicrowave|spa|2\n|faint|p2b: Ramos\n|-damage|p1b: AngryMicrowave|91\/100|[from] item: Life Orb\n|\n|win|fangeddragon96\n|c|\u26065ilver_F0x|gg\n|c|\u2606fangeddragon96|ggs my dude\n","uploadtime":1683412180,"views":13,"p1id":"fangeddragon96","p2id":"5ilverf0x","formatid":"gen9vgc2023regulationc","rating":0,"private":0,"password":""}