{"id":"gen9vgc2023regulationc-1847055051","p1":"k58462312","p2":"supaflytnt","format":"[Gen 9] VGC 2023 Regulation C","log":"|j|\u2606k58462312\n|j|\u2606supaflytnt\n|t:|1681915311\n|gametype|doubles\n|player|p1|k58462312|riley|1256\n|player|p2|supaflytnt|2|1286\n|teamsize|p1|6\n|teamsize|p2|6\n|gen|9\n|tier|[Gen 9] VGC 2023 Regulation C\n|rated|\n|rule|Species Clause: Limit one of each Pok\u00e9mon\n|rule|Item Clause: Limit one of each item\n|clearpoke\n|poke|p1|Amoonguss, L50, F|\n|poke|p1|Iron Hands, L50|\n|poke|p1|Roaring Moon, L50|\n|poke|p1|Chien-Pao, L50|\n|poke|p1|Ting-Lu, L50|\n|poke|p1|Chi-Yu, L50|\n|poke|p2|Flutter Mane, L50|\n|poke|p2|Arcanine, L50, M|\n|poke|p2|Baxcalibur, L50, M|\n|poke|p2|Palafin, L50, F|\n|poke|p2|Amoonguss, L50, M|\n|poke|p2|Kingambit, L50, F|\n|teampreview|4\n|\n|t:|1681915342\n|start\n|switch|p1a: Ting-Lu|Ting-Lu, L50|100\/100\n|switch|p1b: Chien-Pao|Chien-Pao, L50|100\/100\n|switch|p2a: Noah\u2019s Ark|Arcanine, L50, M|100\/100\n|switch|p2b: Gucci Mane|Flutter Mane, L50, shiny|100\/100\n|-ability|p1b: Chien-Pao|Sword of Ruin\n|-ability|p2a: Noah\u2019s Ark|Intimidate|boost\n|-unboost|p1a: Ting-Lu|atk|1\n|-unboost|p1b: Chien-Pao|atk|1\n|-ability|p1a: Ting-Lu|Vessel of Ruin\n|turn|1\n|\n|t:|1681915361\n|-terastallize|p1a: Ting-Lu|Ground\n|move|p1b: Chien-Pao|Protect|p1b: Chien-Pao\n|-singleturn|p1b: Chien-Pao|Protect\n|move|p2b: Gucci Mane|Dazzling Gleam|p1a: Ting-Lu|[spread] p1a\n|-activate|p1b: Chien-Pao|move: Protect\n|-damage|p1a: Ting-Lu|82\/100\n|move|p2a: Noah\u2019s Ark|Flare Blitz|p1b: Chien-Pao\n|-activate|p1b: Chien-Pao|move: Protect\n|move|p1a: Ting-Lu|Earthquake|p2a: Noah\u2019s Ark|[spread] p2a,p2b\n|-activate|p1b: Chien-Pao|move: Protect\n|-supereffective|p2a: Noah\u2019s Ark\n|-damage|p2a: Noah\u2019s Ark|0 fnt\n|-damage|p2b: Gucci Mane|20\/100\n|faint|p2a: Noah\u2019s Ark\n|\n|upkeep\n|\n|t:|1681915383\n|switch|p2a: Among who?|Amoonguss, L50, M|100\/100\n|turn|2\n|\n|t:|1681915407\n|-end|p2b: Gucci Mane|Protosynthesis|[silent]\n|switch|p2b: Your boy|Palafin, L50, F|100\/100\n|-terastallize|p2a: Among who?|Water\n|move|p1b: Chien-Pao|Ice Spinner|p2a: Among who?\n|-resisted|p2a: Among who?\n|-damage|p2a: Among who?|84\/100\n|move|p1a: Ting-Lu|Earthquake|p2a: Among who?|[spread] p1b,p2a,p2b\n|-damage|p1b: Chien-Pao|49\/100\n|-damage|p2a: Among who?|44\/100\n|-damage|p2b: Your boy|53\/100\n|move|p2a: Among who?|Spore|p1a: Ting-Lu\n|-status|p1a: Ting-Lu|slp|[from] move: Spore\n|\n|upkeep\n|turn|3\n|\n|t:|1681915433\n|detailschange|p2b: Your boy|Palafin-Hero, L50, F\n|switch|p2b: Gucci Mane|Flutter Mane, L50, shiny|20\/100\n|move|p1b: Chien-Pao|Sucker Punch||[still]\n|-fail|p1b: Chien-Pao\n|cant|p1a: Ting-Lu|slp\n|move|p2a: Among who?|Spore|p1b: Chien-Pao\n|-status|p1b: Chien-Pao|slp|[from] move: Spore\n|\n|upkeep\n|turn|4\n|\n|t:|1681915452\n|cant|p1b: Chien-Pao|slp\n|move|p2b: Gucci Mane|Moonblast|p1a: Ting-Lu\n|-damage|p1a: Ting-Lu|51\/100 slp\n|cant|p1a: Ting-Lu|slp\n|move|p2a: Among who?|Pollen Puff|p2b: Gucci Mane\n|-heal|p2b: Gucci Mane|70\/100\n|\n|upkeep\n|turn|5\n|\n|t:|1681915467\n|cant|p1b: Chien-Pao|slp\n|move|p2b: Gucci Mane|Moonblast|p1b: Chien-Pao\n|-supereffective|p1b: Chien-Pao\n|-damage|p1b: Chien-Pao|0 fnt\n|faint|p1b: Chien-Pao\n|cant|p1a: Ting-Lu|slp\n|move|p2a: Among who?|Pollen Puff|p2b: Gucci Mane\n|-heal|p2b: Gucci Mane|100\/100\n|\n|upkeep\n|\n|t:|1681915480\n|switch|p1b: Amoonguss|Amoonguss, L50, F|100\/100\n|turn|6\n|inactive|Battle timer is ON: inactive players will automatically lose when time's up. (requested by k58462312)\n|\n|t:|1681915509\n|move|p2b: Gucci Mane|Moonblast|p1a: Ting-Lu\n|-damage|p1a: Ting-Lu|21\/100 slp\n|-unboost|p1a: Ting-Lu|spa|1\n|-curestatus|p1a: Ting-Lu|slp|[msg]\n|move|p1a: Ting-Lu|Earthquake|p2b: Gucci Mane|[spread] p1b,p2a,p2b\n|-damage|p1b: Amoonguss|72\/100\n|-damage|p2a: Among who?|15\/100\n|-damage|p2b: Gucci Mane|39\/100\n|move|p1b: Amoonguss|Spore|p2a: Among who?\n|-status|p2a: Among who?|slp|[from] move: Spore\n|cant|p2a: Among who?|slp\n|\n|-heal|p1b: Amoonguss|78\/100|[from] item: Leftovers\n|upkeep\n|turn|7\n|\n|t:|1681915532\n|move|p1b: Amoonguss|Rage Powder|p1b: Amoonguss\n|-singleturn|p1b: Amoonguss|move: Rage Powder\n|move|p2b: Gucci Mane|Moonblast|p1b: Amoonguss\n|-resisted|p1b: Amoonguss\n|-damage|p1b: Amoonguss|52\/100\n|move|p1a: Ting-Lu|Earthquake|p2b: Gucci Mane|[spread] p1b,p2a,p2b\n|-crit|p2b: Gucci Mane\n|-damage|p1b: Amoonguss|22\/100\n|-damage|p2a: Among who?|0 fnt\n|-damage|p2b: Gucci Mane|0 fnt\n|faint|p2a: Among who?\n|faint|p2b: Gucci Mane\n|-end|p2b: Gucci Mane|Protosynthesis|[silent]\n|\n|-heal|p1b: Amoonguss|28\/100|[from] item: Leftovers\n|upkeep\n|\n|t:|1681915543\n|switch|p2b: Your boy|Palafin-Hero, L50, F|53\/100\n|-activate|p2b: Your boy|ability: Zero to Hero\n|turn|8\n|\n|t:|1681915556\n|move|p1b: Amoonguss|Rage Powder|p1b: Amoonguss\n|-singleturn|p1b: Amoonguss|move: Rage Powder\n|move|p2b: Your boy|Jet Punch|p1b: Amoonguss\n|-resisted|p1b: Amoonguss\n|-damage|p1b: Amoonguss|7\/100\n|move|p1a: Ting-Lu|Earthquake|p2b: Your boy|[spread] p1b,p2b\n|-damage|p1b: Amoonguss|0 fnt\n|-damage|p2b: Your boy|20\/100\n|faint|p1b: Amoonguss\n|\n|upkeep\n|\n|t:|1681915567\n|switch|p1b: Chi-Yu|Chi-Yu, L50|100\/100\n|-ability|p1b: Chi-Yu|Beads of Ruin\n|turn|9\n|\n|t:|1681915580\n|move|p2b: Your boy|Protect|p2b: Your boy\n|-singleturn|p2b: Your boy|Protect\n|move|p1b: Chi-Yu|Dark Pulse|p2b: Your boy\n|-activate|p2b: Your boy|move: Protect\n|move|p1a: Ting-Lu|Stomping Tantrum|p2b: Your boy\n|-activate|p2b: Your boy|move: Protect\n|\n|upkeep\n|turn|10\n|\n|t:|1681915592\n|move|p2b: Your boy|Jet Punch|p1b: Chi-Yu\n|-supereffective|p1b: Chi-Yu\n|-damage|p1b: Chi-Yu|0 fnt\n|faint|p1b: Chi-Yu\n|move|p1a: Ting-Lu|Stomping Tantrum|p2b: Your boy\n|-crit|p2b: Your boy\n|-damage|p2b: Your boy|0 fnt\n|faint|p2b: Your boy\n|\n|win|k58462312\n|raw|k58462312's rating: 1256 → 1283<\/strong> (+27 for winning)\n|raw|supaflytnt's rating: 1286 → 1259<\/strong> (-27 for losing)\n","uploadtime":1681915603,"views":8,"p1id":"k58462312","p2id":"supaflytnt","formatid":"gen9vgc2023regulationc","rating":1259,"private":0,"password":""}