{"id":"gen9vgc2023regulationc-1860036340","p1":"sempr9","p2":"MikeTitan","format":"[Gen 9] VGC 2023 Regulation C","log":"|j|\u2606sempr9\n|j|\u2606MikeTitan\n|t:|1683587760\n|gametype|doubles\n|player|p1|sempr9|miriam|\n|player|p2|MikeTitan|roughneck|\n|teamsize|p1|6\n|teamsize|p2|6\n|gen|9\n|tier|[Gen 9] VGC 2023 Regulation C\n|rule|Species Clause: Limit one of each Pok\u00e9mon\n|rule|Item Clause: Limit one of each item\n|clearpoke\n|poke|p1|Flutter Mane, L50|\n|poke|p1|Gothorita, L50, F|\n|poke|p1|Dragonite, L50, F|\n|poke|p1|Bisharp, L50, F|\n|poke|p1|Glimmora, L50, F|\n|poke|p1|Tinkaton, L50, F|\n|poke|p2|Sandy Shocks, L50|\n|poke|p2|Annihilape, L50, M|\n|poke|p2|Muk, L50, M|\n|poke|p2|Hippowdon, L50, F|\n|poke|p2|Espathra, L50, F|\n|poke|p2|Houndstone, L50, M|\n|teampreview|4\n|j| Hera665\n|l|\u2606MikeTitan\n|player|p2|\n|j|\u2606MikeTitan\n|player|p2|MikeTitan|roughneck\n|c|\u2606MikeTitan|Glhf amigo!\n|j| thrillowisp\n|c|\u2606sempr9|glhf\n|j| Phelon\n|j| gooseiq\n|l| thrillowisp\n|j| Aox93\n|c| Phelon|Rngeezus was on the side of the titans but will the champion of the north prevail??\n|c| Phelon|Glhf!\n|l| Aox93\n|j| Pokemon_and_beer\n|j| Aox93\n|j| thrillowisp\n|\n|t:|1683587924\n|start\n|switch|p1a: Flutter Mane|Flutter Mane, L50, shiny|100\/100\n|switch|p1b: Bisharp|Bisharp, L50, F, shiny|100\/100\n|switch|p2a: A Taste|Hippowdon, L50, F, shiny|100\/100\n|switch|p2b: Of Your Own|Espathra, L50, F|100\/100\n|-weather|Sandstorm|[from] ability: Sand Stream|[of] p2a: A Taste\n|-enditem|p1a: Flutter Mane|Booster Energy\n|-activate|p1a: Flutter Mane|ability: Protosynthesis|[fromitem]\n|-start|p1a: Flutter Mane|protosynthesisspe\n|turn|1\n|c| Aox93|Here we go sand aids coming up!\n|c| Phelon|Sand aid the band aid that rubs in sand\n|\n|t:|1683587993\n|switch|p1b: Gothorita|Gothorita, L50, F, shiny|100\/100\n|move|p2b: Of Your Own|Protect|p2b: Of Your Own\n|-singleturn|p2b: Of Your Own|Protect\n|move|p1a: Flutter Mane|Perish Song|p1a: Flutter Mane\n|-start|p1a: Flutter Mane|perish3|[silent]\n|-start|p1b: Gothorita|perish3|[silent]\n|-start|p2a: A Taste|perish3|[silent]\n|-start|p2b: Of Your Own|perish3|[silent]\n|-fieldactivate|move: Perish Song\n|move|p2a: A Taste|Rock Tomb|p1a: Flutter Mane\n|-damage|p1a: Flutter Mane|79\/100\n|-unboost|p1a: Flutter Mane|spe|1\n|\n|-weather|Sandstorm|[upkeep]\n|-damage|p1a: Flutter Mane|73\/100|[from] Sandstorm\n|-damage|p2b: Of Your Own|94\/100|[from] Sandstorm\n|-damage|p1b: Gothorita|95\/100|[from] Sandstorm\n|-start|p1a: Flutter Mane|perish3\n|-start|p2b: Of Your Own|perish3\n|-start|p2a: A Taste|perish3\n|-start|p1b: Gothorita|perish3\n|-ability|p2b: Of Your Own|Speed Boost|boost\n|-boost|p2b: Of Your Own|spe|1\n|upkeep\n|turn|2\n|l| Hera665\n|j| Hera665\n|\n|t:|1683588096\n|-end|p1a: Flutter Mane|Protosynthesis|[silent]\n|switch|p1a: Bisharp|Bisharp, L50, F, shiny|100\/100\n|-terastallize|p2a: A Taste|Ghost\n|move|p1b: Gothorita|Fake Out|p2b: Of Your Own\n|-damage|p2b: Of Your Own|88\/100\n|move|p2b: Of Your Own|Lumina Crash|p1a: Bisharp\n|-immune|p1a: Bisharp\n|move|p2a: A Taste|Stomping Tantrum|p1a: Bisharp\n|-supereffective|p1a: Bisharp\n|-damage|p1a: Bisharp|33\/100\n|\n|-weather|Sandstorm|[upkeep]\n|-damage|p2b: Of Your Own|82\/100|[from] Sandstorm\n|-damage|p2a: A Taste|94\/100|[from] Sandstorm\n|-damage|p1b: Gothorita|89\/100|[from] Sandstorm\n|-heal|p2a: A Taste|100\/100|[from] item: Leftovers\n|-start|p2b: Of Your Own|perish2\n|-start|p2a: A Taste|perish2\n|-start|p1b: Gothorita|perish2\n|-ability|p2b: Of Your Own|Speed Boost|boost\n|-boost|p2b: Of Your Own|spe|1\n|upkeep\n|turn|3\n|\n|t:|1683588171\n|switch|p2a: Sempra|Sandy Shocks, L50|100\/100\n|-enditem|p2a: Sempra|Booster Energy\n|-activate|p2a: Sempra|ability: Protosynthesis|[fromitem]\n|-start|p2a: Sempra|protosynthesisspe\n|move|p2b: Of Your Own|Hypnosis|p1a: Bisharp\n|-status|p1a: Bisharp|slp|[from] move: Hypnosis\n|cant|p1a: Bisharp|slp\n|move|p1b: Gothorita|Heal Pulse|p1a: Bisharp\n|-heal|p1a: Bisharp|83\/100 slp\n|\n|-weather|Sandstorm|[upkeep]\n|-damage|p2b: Of Your Own|75\/100|[from] Sandstorm\n|-damage|p1b: Gothorita|83\/100|[from] Sandstorm\n|-start|p2b: Of Your Own|perish1\n|-start|p1b: Gothorita|perish1\n|-ability|p2b: Of Your Own|Speed Boost|boost\n|-boost|p2b: Of Your Own|spe|1\n|upkeep\n|turn|4\n|\n|t:|1683588208\n|switch|p1a: Dragonite|Dragonite, L50, F|100\/100\n|switch|p1b: Flutter Mane|Flutter Mane, L50, shiny|73\/100\n|move|p2b: Of Your Own|Lumina Crash|p1b: Flutter Mane\n|-damage|p1b: Flutter Mane|45\/100\n|-unboost|p1b: Flutter Mane|spd|2\n|move|p2a: Sempra|Earth Power|p1a: Dragonite\n|-immune|p1a: Dragonite\n|\n|-weather|Sandstorm|[upkeep]\n|-damage|p2b: Of Your Own|69\/100|[from] Sandstorm\n|-damage|p1b: Flutter Mane|39\/100|[from] Sandstorm\n|-damage|p1a: Dragonite|94\/100|[from] Sandstorm\n|-start|p2b: Of Your Own|perish0\n|faint|p2b: Of Your Own\n|upkeep\n|\n|t:|1683588221\n|switch|p2b: Medicine|Houndstone, L50, M|100\/100\n|turn|5\n|\n|t:|1683588258\n|-end|p1b: Flutter Mane|Protosynthesis|[silent]\n|switch|p1b: Gothorita|Gothorita, L50, F, shiny|83\/100\n|move|p2a: Sempra|Protect|p2a: Sempra\n|-singleturn|p2a: Sempra|Protect\n|move|p2b: Medicine|Substitute|p2b: Medicine\n|-start|p2b: Medicine|Substitute\n|-damage|p2b: Medicine|76\/100\n|move|p1a: Dragonite|Outrage|p2b: Medicine\n|-end|p2b: Medicine|Substitute\n|\n|-weather|none\n|upkeep\n|turn|6\n|\n|t:|1683588297\n|switch|p2b: A Taste|Hippowdon, L50, F, shiny, tera:Ghost|100\/100\n|-weather|Sandstorm|[from] ability: Sand Stream|[of] p2b: A Taste\n|move|p1b: Gothorita|Fake Out|p2a: Sempra\n|-damage|p2a: Sempra|96\/100\n|cant|p2a: Sempra|flinch\n|move|p1a: Dragonite|Outrage|p2b: A Taste|[from]lockedmove\n|-damage|p2b: A Taste|30\/100\n|\n|-weather|Sandstorm|[upkeep]\n|-damage|p1a: Dragonite|88\/100|[from] Sandstorm\n|-damage|p2b: A Taste|24\/100|[from] Sandstorm\n|-damage|p1b: Gothorita|77\/100|[from] Sandstorm\n|-heal|p2b: A Taste|30\/100|[from] item: Leftovers\n|upkeep\n|turn|7\n|\n|t:|1683588326\n|move|p2a: Sempra|Thunderbolt|p1a: Dragonite\n|-damage|p1a: Dragonite|52\/100\n|move|p1a: Dragonite|Outrage|p2a: Sempra|[from]lockedmove\n|-damage|p2a: Sempra|0 fnt\n|faint|p2a: Sempra\n|-end|p2a: Sempra|Protosynthesis|[silent]\n|-start|p1a: Dragonite|confusion|[fatigue]\n|move|p2b: A Taste|Slack Off|p2b: A Taste\n|-heal|p2b: A Taste|80\/100\n|move|p1b: Gothorita|Heal Pulse|p1a: Dragonite\n|-heal|p1a: Dragonite|100\/100\n|\n|-weather|Sandstorm|[upkeep]\n|-damage|p1a: Dragonite|94\/100|[from] Sandstorm\n|-damage|p2b: A Taste|74\/100|[from] Sandstorm\n|-damage|p1b: Gothorita|71\/100|[from] Sandstorm\n|-heal|p2b: A Taste|80\/100|[from] item: Leftovers\n|upkeep\n|j| DaGreedent+\n|\n|t:|1683588340\n|switch|p2a: Medicine|Houndstone, L50, M|76\/100\n|turn|8\n|l| DaGreedent+\n|\n|t:|1683588401\n|switch|p1a: Bisharp|Bisharp, L50, F, shiny|83\/100 slp\n|move|p2a: Medicine|Last Respects|p1b: Gothorita\n|-supereffective|p1b: Gothorita\n|-damage|p1b: Gothorita|0 fnt\n|faint|p1b: Gothorita\n|move|p2b: A Taste|Curse|p1a: Bisharp\n|-start|p1a: Bisharp|Curse|[of] p2b: A Taste\n|-damage|p2b: A Taste|31\/100\n|\n|-weather|Sandstorm|[upkeep]\n|-damage|p2b: A Taste|24\/100|[from] Sandstorm\n|-heal|p2b: A Taste|31\/100|[from] item: Leftovers\n|-damage|p1a: Bisharp|58\/100 slp|[from] Curse\n|upkeep\n|\n|t:|1683588413\n|switch|p1b: Dragonite|Dragonite, L50, F|94\/100\n|turn|9\n|\n|t:|1683588442\n|-terastallize|p1b: Dragonite|Normal\n|move|p2a: Medicine|Protect|p2a: Medicine\n|-singleturn|p2a: Medicine|Protect\n|move|p1b: Dragonite|Outrage|p2a: Medicine\n|-activate|p2a: Medicine|move: Protect\n|move|p2b: A Taste|Slack Off|p2b: A Taste\n|-heal|p2b: A Taste|81\/100\n|-curestatus|p1a: Bisharp|slp|[msg]\n|move|p1a: Bisharp|Assurance|p2b: A Taste\n|-supereffective|p2b: A Taste\n|-damage|p2b: A Taste|23\/100\n|\n|-weather|Sandstorm|[upkeep]\n|-damage|p1b: Dragonite|88\/100|[from] Sandstorm\n|-damage|p2b: A Taste|17\/100|[from] Sandstorm\n|-heal|p2b: A Taste|23\/100|[from] item: Leftovers\n|-damage|p1a: Bisharp|33\/100|[from] Curse\n|upkeep\n|turn|10\n|c| Aox93|This is tense af and I'm not even playing lol\n|l| Hera665\n|\n|t:|1683588497\n|move|p1a: Bisharp|Sucker Punch|p2b: A Taste\n|-supereffective|p2b: A Taste\n|-damage|p2b: A Taste|0 fnt\n|faint|p2b: A Taste\n|move|p2a: Medicine|Last Respects|p1a: Bisharp\n|-resisted|p1a: Bisharp\n|-damage|p1a: Bisharp|0 fnt\n|faint|p1a: Bisharp\n|move|p1b: Dragonite|Outrage|p2a: Medicine\n|-damage|p2a: Medicine|0 fnt\n|faint|p2a: Medicine\n|\n|win|sempr9\n|l|\u2606sempr9\n|l| thrillowisp\n|c|\u2606MikeTitan|Ggs! One more\n|l| Aox93\n|c| Pokemon_and_beer|Gg!\n|l| Phelon\n|l| gooseiq\n|j| Hera665\n|l|\u2606MikeTitan\n|l| Pokemon_and_beer\n|l| Hera665\n|j|\u2606sempr9\n|player|p1|sempr9|miriam\n|j|\u2606MikeTitan\n|player|p2|MikeTitan|roughneck\n|l|\u2606MikeTitan\n|player|p2|\n|j|\u2606MikeTitan\n|player|p2|MikeTitan|roughneck\n","uploadtime":1683589067,"views":16,"p1id":"sempr9","p2id":"miketitan","formatid":"gen9vgc2023regulationc","rating":0,"private":0,"password":""}