{"id":"gen9vgc2023regulationc-1855729498","p1":"Cosentino","p2":"mathismathin","format":"[Gen 9] VGC 2023 Regulation C","log":"|j|\u2606Cosentino\n|j|\u2606mathismathin\n|t:|1682977568\n|gametype|doubles\n|player|p1|Cosentino|266|1408\n|player|p2|mathismathin|102|1468\n|teamsize|p1|6\n|teamsize|p2|6\n|gen|9\n|tier|[Gen 9] VGC 2023 Regulation C\n|rated|\n|rule|Species Clause: Limit one of each Pok\u00e9mon\n|rule|Item Clause: Limit one of each item\n|clearpoke\n|poke|p1|Roaring Moon, L50|\n|poke|p1|Flutter Mane, L50|\n|poke|p1|Chi-Yu, L50|\n|poke|p1|Baxcalibur, L50, M|\n|poke|p1|Tsareena, L50, F|\n|poke|p1|Great Tusk, L50|\n|poke|p2|Tinkaton, L50, F|\n|poke|p2|Gholdengo, L50|\n|poke|p2|Vivillon, L50, F|\n|poke|p2|Gyarados, L50, F|\n|poke|p2|Great Tusk, L50|\n|poke|p2|Chien-Pao, L50|\n|teampreview|4\n|\n|t:|1682977593\n|start\n|switch|p1a: Nemo|Chi-Yu, L50|100\/100\n|switch|p1b: Specs|Flutter Mane, L50|100\/100\n|switch|p2a: Great Tusk|Great Tusk, L50|100\/100\n|switch|p2b: Vivillon|Vivillon, L50, F|100\/100\n|-ability|p1a: Nemo|Beads of Ruin\n|turn|1\n|\n|t:|1682977636\n|move|p2b: Vivillon|Protect|p2b: Vivillon\n|-singleturn|p2b: Vivillon|Protect\n|move|p1a: Nemo|Heat Wave|p2a: Great Tusk|[spread] p2a\n|-activate|p2b: Vivillon|move: Protect\n|-crit|p2a: Great Tusk\n|-damage|p2a: Great Tusk|63\/100\n|move|p1b: Specs|Dazzling Gleam|p2a: Great Tusk|[spread] p2a\n|-activate|p2b: Vivillon|move: Protect\n|-supereffective|p2a: Great Tusk\n|-damage|p2a: Great Tusk|20\/100\n|move|p2a: Great Tusk|Headlong Rush|p1b: Specs\n|-enditem|p1b: Specs|Focus Sash\n|-damage|p1b: Specs|1\/100\n|-unboost|p2a: Great Tusk|def|1\n|-unboost|p2a: Great Tusk|spd|1\n|\n|upkeep\n|turn|2\n|\n|t:|1682977667\n|move|p2b: Vivillon|Protect||[still]\n|-fail|p2b: Vivillon\n|move|p1a: Nemo|Heat Wave|p2b: Vivillon|[spread] p2a,p2b\n|-supereffective|p2b: Vivillon\n|-damage|p2a: Great Tusk|0 fnt\n|-enditem|p2b: Vivillon|Focus Sash\n|-damage|p2b: Vivillon|1\/100\n|faint|p2a: Great Tusk\n|-end|p2a: Great Tusk|Protosynthesis|[silent]\n|move|p1b: Specs|Dazzling Gleam|p2b: Vivillon\n|-damage|p2b: Vivillon|0 fnt\n|faint|p2b: Vivillon\n|\n|upkeep\n|\n|t:|1682977675\n|switch|p2b: Gyarados|Gyarados, L50, F|100\/100\n|switch|p2a: Chien-Pao|Chien-Pao, L50|100\/100\n|-ability|p2a: Chien-Pao|Sword of Ruin\n|-ability|p2b: Gyarados|Intimidate|boost\n|-unboost|p1a: Nemo|atk|1\n|-unboost|p1b: Specs|atk|1\n|turn|3\n|\n|t:|1682977687\n|-terastallize|p2a: Chien-Pao|Dark\n|move|p2a: Chien-Pao|Sucker Punch|p1b: Specs\n|-damage|p1b: Specs|0 fnt\n|faint|p1b: Specs\n|-end|p1b: Specs|Protosynthesis|[silent]\n|move|p1a: Nemo|Heat Wave|p2b: Gyarados|[spread] p2a,p2b\n|-resisted|p2b: Gyarados\n|-damage|p2a: Chien-Pao|20\/100\n|-damage|p2b: Gyarados|78\/100\n|move|p2b: Gyarados|Thunder Wave|p1a: Nemo\n|-status|p1a: Nemo|par\n|\n|upkeep\n|\n|t:|1682977702\n|switch|p1b: Osama|Baxcalibur, L50, M|100\/100\n|turn|4\n|\n|t:|1682977751\n|move|p2a: Chien-Pao|Protect|p2a: Chien-Pao\n|-singleturn|p2a: Chien-Pao|Protect\n|move|p1b: Osama|Ice Shard|p2a: Chien-Pao\n|-activate|p2a: Chien-Pao|move: Protect\n|move|p1a: Nemo|Heat Wave|p2b: Gyarados|[spread] p2b\n|-activate|p2a: Chien-Pao|move: Protect\n|-resisted|p2b: Gyarados\n|-damage|p2b: Gyarados|56\/100\n|-status|p2b: Gyarados|brn\n|move|p2b: Gyarados|Thunder Wave|p1b: Osama\n|-status|p1b: Osama|par\n|\n|-damage|p2b: Gyarados|50\/100 brn|[from] brn\n|upkeep\n|-enditem|p2b: Gyarados|Sitrus Berry|[eat]\n|-heal|p2b: Gyarados|74\/100 brn|[from] item: Sitrus Berry\n|turn|5\n|\n|t:|1682977765\n|move|p1b: Osama|Ice Shard|p2a: Chien-Pao\n|-damage|p2a: Chien-Pao|0 fnt\n|faint|p2a: Chien-Pao\n|move|p1a: Nemo|Heat Wave|p2b: Gyarados\n|-resisted|p2b: Gyarados\n|-damage|p2b: Gyarados|44\/100 brn\n|move|p2b: Gyarados|Waterfall|p1a: Nemo\n|-supereffective|p1a: Nemo\n|-damage|p1a: Nemo|44\/100 par\n|\n|-damage|p2b: Gyarados|38\/100 brn|[from] brn\n|upkeep\n|turn|6\n|-message|mathismathin forfeited.\n|\n|win|Cosentino\n|raw|Cosentino's rating: 1408 → 1431<\/strong> (+23 for winning)\n|raw|mathismathin's rating: 1468 → 1445<\/strong> (-23 for losing)\n|l|\u2606mathismathin\n","uploadtime":1682977780,"views":13,"p1id":"cosentino","p2id":"mathismathin","formatid":"gen9vgc2023regulationc","rating":1431,"private":0,"password":""}