{"id":"gen9vgc2023regulationc-1857762653","p1":"Yuhunglo","p2":"Piccolo Ruiz","format":"[Gen 9] VGC 2023 Regulation C","log":"|j|\u2606Yuhunglo\n|j|\u2606Piccolo Ruiz\n|t:|1683229350\n|gametype|doubles\n|player|p1|Yuhunglo|hilbert|1267\n|player|p2|Piccolo Ruiz|valerie|1367\n|teamsize|p1|6\n|teamsize|p2|6\n|gen|9\n|tier|[Gen 9] VGC 2023 Regulation C\n|rated|\n|rule|Species Clause: Limit one of each Pok\u00e9mon\n|rule|Item Clause: Limit one of each item\n|clearpoke\n|poke|p1|Lilligant, L50, F|\n|poke|p1|Torkoal, L50, F|\n|poke|p1|Flutter Mane, L50|\n|poke|p1|Kingambit, L50, F|\n|poke|p1|Dragonite, L50, F|\n|poke|p1|Great Tusk, L50|\n|poke|p2|Flutter Mane, L50|\n|poke|p2|Amoonguss, L50, F|\n|poke|p2|Gyarados, L50, F|\n|poke|p2|Chi-Yu, L50|\n|poke|p2|Ting-Lu, L50|\n|poke|p2|Baxcalibur, L50, F|\n|teampreview|4\n|inactive|Battle timer is ON: inactive players will automatically lose when time's up. (requested by Yuhunglo)\n|inactive|Yuhunglo has 60 seconds left.\n|inactive|Piccolo Ruiz has 60 seconds left.\n|inactive|Piccolo Ruiz has 30 seconds left.\n|inactive|Yuhunglo has 30 seconds left.\n|inactive|Piccolo Ruiz has 20 seconds left.\n|inactive|Piccolo Ruiz has 15 seconds left.\n|inactive|Piccolo Ruiz has 10 seconds left.\n|inactive|Piccolo Ruiz has 5 seconds left.\n|\n|t:|1683229441\n|start\n|switch|p1a: Great Tusk|Great Tusk, L50, shiny|100\/100\n|switch|p1b: Kingambit|Kingambit, L50, F, shiny|100\/100\n|switch|p2a: Mo Heart|Chi-Yu, L50|100\/100\n|switch|p2b: Katya|Baxcalibur, L50, F, shiny|100\/100\n|-ability|p2a: Mo Heart|Beads of Ruin\n|turn|1\n|inactive|Yuhunglo has 30 seconds left.\n|inactive|Yuhunglo has 20 seconds left.\n|inactive|Yuhunglo has 15 seconds left.\n|\n|t:|1683229485\n|-terastallize|p2a: Mo Heart|Water\n|move|p1b: Kingambit|Sucker Punch|p2b: Katya\n|-damage|p2b: Katya|67\/100\n|move|p1a: Great Tusk|Rock Slide|p2b: Katya|[spread] p2a\n|-miss|p1a: Great Tusk|p2b: Katya\n|-damage|p2a: Mo Heart|73\/100\n|cant|p2a: Mo Heart|flinch\n|move|p2b: Katya|Icicle Crash|p1a: Great Tusk\n|-supereffective|p1a: Great Tusk\n|-damage|p1a: Great Tusk|30\/100\n|\n|upkeep\n|turn|2\n|\n|t:|1683229509\n|move|p2b: Katya|Ice Shard|p1a: Great Tusk\n|-supereffective|p1a: Great Tusk\n|-damage|p1a: Great Tusk|0 fnt\n|faint|p1a: Great Tusk\n|-end|p1a: Great Tusk|Protosynthesis|[silent]\n|move|p1b: Kingambit|Sucker Punch|p2a: Mo Heart\n|-damage|p2a: Mo Heart|18\/100\n|move|p2a: Mo Heart|Flamethrower|p1b: Kingambit\n|-supereffective|p1b: Kingambit\n|-damage|p1b: Kingambit|28\/100\n|-status|p1b: Kingambit|brn\n|\n|-damage|p1b: Kingambit|22\/100 brn|[from] brn\n|upkeep\n|\n|t:|1683229521\n|switch|p1a: Flutter Mane|Flutter Mane, L50, shiny|100\/100\n|turn|3\n|\n|t:|1683229536\n|switch|p2a: Amoonguss|Amoonguss, L50, F, shiny|100\/100\n|-terastallize|p1a: Flutter Mane|Fairy\n|move|p2b: Katya|Ice Shard|p1a: Flutter Mane\n|-damage|p1a: Flutter Mane|59\/100\n|move|p1b: Kingambit|Sucker Punch||[still]\n|-fail|p1b: Kingambit\n|move|p1a: Flutter Mane|Dazzling Gleam|p2b: Katya|[spread] p2a,p2b\n|-resisted|p2a: Amoonguss\n|-supereffective|p2b: Katya\n|-crit|p2b: Katya\n|-damage|p2a: Amoonguss|69\/100\n|-damage|p2b: Katya|0 fnt\n|faint|p2b: Katya\n|\n|-damage|p1b: Kingambit|16\/100 brn|[from] brn\n|upkeep\n|\n|t:|1683229547\n|switch|p2b: Sasha Colby|Flutter Mane, L50|100\/100\n|-enditem|p2b: Sasha Colby|Booster Energy\n|-activate|p2b: Sasha Colby|ability: Protosynthesis|[fromitem]\n|-start|p2b: Sasha Colby|protosynthesisspa\n|turn|4\n|\n|t:|1683229570\n|-end|p1a: Flutter Mane|Protosynthesis|[silent]\n|switch|p1a: Dragonite|Dragonite, L50, F|100\/100\n|move|p2b: Sasha Colby|Protect|p2b: Sasha Colby\n|-singleturn|p2b: Sasha Colby|Protect\n|move|p1b: Kingambit|Iron Head|p2b: Sasha Colby\n|-activate|p2b: Sasha Colby|move: Protect\n|move|p2a: Amoonguss|Spore|p1a: Dragonite\n|-status|p1a: Dragonite|slp|[from] move: Spore\n|-enditem|p1a: Dragonite|Lum Berry|[eat]\n|-curestatus|p1a: Dragonite|slp|[msg]\n|\n|-damage|p1b: Kingambit|11\/100 brn|[from] brn\n|upkeep\n|turn|5\n|inactive|Yuhunglo has 30 seconds left.\n|\n|t:|1683229598\n|move|p2a: Amoonguss|Rage Powder|p2a: Amoonguss\n|-singleturn|p2a: Amoonguss|move: Rage Powder\n|move|p2b: Sasha Colby|Moonblast|p1a: Dragonite\n|-supereffective|p1a: Dragonite\n|-damage|p1a: Dragonite|40\/100\n|move|p1a: Dragonite|Ice Spinner|p2a: Amoonguss\n|-supereffective|p2a: Amoonguss\n|-damage|p2a: Amoonguss|14\/100\n|-enditem|p2a: Amoonguss|Sitrus Berry|[eat]\n|-heal|p2a: Amoonguss|39\/100|[from] item: Sitrus Berry\n|move|p1b: Kingambit|Iron Head|p2a: Amoonguss\n|-damage|p2a: Amoonguss|19\/100\n|\n|-damage|p1b: Kingambit|5\/100 brn|[from] brn\n|upkeep\n|turn|6\n|\n|t:|1683229614\n|move|p1a: Dragonite|Protect|p1a: Dragonite\n|-singleturn|p1a: Dragonite|Protect\n|move|p2a: Amoonguss|Rage Powder|p2a: Amoonguss\n|-singleturn|p2a: Amoonguss|move: Rage Powder\n|move|p2b: Sasha Colby|Moonblast|p1a: Dragonite\n|-activate|p1a: Dragonite|move: Protect\n|move|p1b: Kingambit|Kowtow Cleave|p2a: Amoonguss\n|-damage|p2a: Amoonguss|0 fnt\n|faint|p2a: Amoonguss\n|\n|-damage|p1b: Kingambit|0 fnt|[from] brn\n|faint|p1b: Kingambit\n|upkeep\n|\n|t:|1683229625\n|switch|p1b: Flutter Mane|Flutter Mane, L50, shiny, tera:Fairy|59\/100\n|switch|p2a: Mo Heart|Chi-Yu, L50, tera:Water|18\/100\n|-ability|p2a: Mo Heart|Beads of Ruin\n|turn|7\n|inactive|Piccolo Ruiz has 30 seconds left.\n|\n|t:|1683229651\n|move|p2a: Mo Heart|Protect|p2a: Mo Heart\n|-singleturn|p2a: Mo Heart|Protect\n|move|p1a: Dragonite|Extreme Speed|p2b: Sasha Colby\n|-immune|p2b: Sasha Colby\n|move|p2b: Sasha Colby|Dazzling Gleam|p1b: Flutter Mane|[spread] p1a,p1b\n|-supereffective|p1a: Dragonite\n|-damage|p1a: Dragonite|0 fnt\n|-damage|p1b: Flutter Mane|5\/100\n|faint|p1a: Dragonite\n|move|p1b: Flutter Mane|Dazzling Gleam|p2a: Mo Heart|[spread] p2b\n|-activate|p2a: Mo Heart|move: Protect\n|-damage|p2b: Sasha Colby|5\/100\n|\n|upkeep\n|turn|8\n|\n|t:|1683229665\n|move|p2b: Sasha Colby|Shadow Ball|p1b: Flutter Mane\n|-damage|p1b: Flutter Mane|0 fnt\n|faint|p1b: Flutter Mane\n|-end|p1b: Flutter Mane|Protosynthesis|[silent]\n|\n|win|Piccolo Ruiz\n|raw|Yuhunglo's rating: 1267 → 1249<\/strong> (-18 for losing)\n|raw|Piccolo Ruiz's rating: 1367 → 1381<\/strong> (+14 for winning)\n|l|\u2606Yuhunglo\n|c|\u2606Piccolo Ruiz|gg\n","uploadtime":1683229676,"views":5,"p1id":"yuhunglo","p2id":"piccoloruiz","formatid":"gen9vgc2023regulationc","rating":1249,"private":0,"password":""}