{"id":"gen9vgc2023regulationc-1847812918","p1":"Keveloper","p2":"babiwi bewey\u2714\ufe0f","format":"[Gen 9] VGC 2023 Regulation C","log":"|j|\u2606Keveloper\n|j|\u2606babiwi bewey\u2714\ufe0f\n|t:|1682004070\n|gametype|doubles\n|player|p1|Keveloper|lucas|1544\n|player|p2|babiwi bewey\u2714\ufe0f|elesa-masters|1523\n|teamsize|p1|6\n|teamsize|p2|6\n|gen|9\n|tier|[Gen 9] VGC 2023 Regulation C\n|rated|\n|rule|Species Clause: Limit one of each Pok\u00e9mon\n|rule|Item Clause: Limit one of each item\n|clearpoke\n|poke|p1|Orthworm, L50, M|\n|poke|p1|Dragonite, L50, M|\n|poke|p1|Ting-Lu, L50|\n|poke|p1|Gyarados, L50, M|\n|poke|p1|Flutter Mane, L50|\n|poke|p1|Chien-Pao, L50|\n|poke|p2|Dondozo, L50, M|\n|poke|p2|Tatsugiri, L50, F|\n|poke|p2|Pawmot, L50, M|\n|poke|p2|Baxcalibur, L50, M|\n|poke|p2|Flutter Mane, L50|\n|poke|p2|Chi-Yu, L50|\n|teampreview|4\n|c|\u2606Keveloper|yoooo you're the one always active in vgc chat\n|c|\u2606Keveloper|glhf\n|c|\u2606babiwi bewey\u2714\ufe0f|u2\nbabiwi bewey\u2714\ufe0f has agreed to open team sheets.\n|c|\u2606Keveloper|Sorry, practicing for the CTS GC\n|c|\u2606babiwi bewey\u2714\ufe0f|man\n|c|\u2606babiwi bewey\u2714\ufe0f|i hate cts\n|c|\u2606Keveloper|for you tho, sure\nKeveloper has agreed to open team sheets.\n|c|\u2606babiwi bewey\u2714\ufe0f|:D\n|c|\u2606babiwi bewey\u2714\ufe0f|ok i saw the one thing i needed\n|c|\u2606Keveloper|haze chien pao? lol\n|c|\u2606babiwi bewey\u2714\ufe0f|exactly\n|\n|t:|1682004197\n|start\n|switch|p1a: Orthworm|Orthworm, L50, M|100\/100\n|switch|p1b: Gyarados|Gyarados, L50, M|100\/100\n|switch|p2a: Pawmot|Pawmot, L50, M|100\/100\n|switch|p2b: Baxcalibur|Baxcalibur, L50, M|100\/100\n|-ability|p1b: Gyarados|Intimidate|boost\n|-unboost|p2a: Pawmot|atk|1\n|-unboost|p2b: Baxcalibur|atk|1\n|turn|1\n|j| Kupole\n|\n|t:|1682004222\n|switch|p1b: Ting-Lu|Ting-Lu, L50|100\/100\n|-ability|p1b: Ting-Lu|Vessel of Ruin\n|-terastallize|p2a: Pawmot|Electric\n|move|p2a: Pawmot|Double Shock|p1b: Ting-Lu\n|-immune|p1b: Ting-Lu\n|move|p2b: Baxcalibur|Glaive Rush|p1a: Orthworm\n|-resisted|p1a: Orthworm\n|-damage|p1a: Orthworm|80\/100\n|-singlemove|p2b: Baxcalibur|Glaive Rush|[silent]\n|move|p1a: Orthworm|Iron Defense|p1a: Orthworm\n|-boost|p1a: Orthworm|def|2\n|\n|upkeep\n|turn|2\n|\n|t:|1682004245\n|move|p2a: Pawmot|Close Combat|p1b: Ting-Lu\n|-supereffective|p1b: Ting-Lu\n|-damage|p1b: Ting-Lu|50\/100\n|-unboost|p2a: Pawmot|def|1\n|-unboost|p2a: Pawmot|spd|1\n|move|p2b: Baxcalibur|Icicle Crash|p1b: Ting-Lu\n|-supereffective|p1b: Ting-Lu\n|-damage|p1b: Ting-Lu|8\/100\n|move|p1b: Ting-Lu|Bulldoze|p2b: Baxcalibur|[spread] p2a,p2b\n|-heal|p1a: Orthworm|100\/100|[from] ability: Earth Eater|[of] p1b: Ting-Lu\n|-supereffective|p2a: Pawmot\n|-enditem|p2a: Pawmot|Focus Sash\n|-damage|p2a: Pawmot|1\/100\n|-damage|p2b: Baxcalibur|81\/100\n|-unboost|p2a: Pawmot|spe|1\n|-unboost|p2b: Baxcalibur|spe|1\n|move|p1a: Orthworm|Body Press|p2a: Pawmot\n|-damage|p2a: Pawmot|0 fnt\n|faint|p2a: Pawmot\n|\n|upkeep\n|\n|t:|1682004257\n|switch|p2a: Chi-Yu|Chi-Yu, L50|100\/100\n|-ability|p2a: Chi-Yu|Beads of Ruin\n|turn|3\n|\n|t:|1682004292\n|switch|p2a: Tatsugiri|Tatsugiri, L50, F|100\/100\n|-terastallize|p1a: Orthworm|Fire\n|move|p2b: Baxcalibur|Ice Shard|p1b: Ting-Lu\n|-supereffective|p1b: Ting-Lu\n|-damage|p1b: Ting-Lu|0 fnt\n|faint|p1b: Ting-Lu\n|move|p1a: Orthworm|Body Press|p2a: Tatsugiri\n|-damage|p2a: Tatsugiri|0 fnt\n|faint|p2a: Tatsugiri\n|\n|upkeep\n|c|\u2606babiwi bewey\u2714\ufe0f|tatsu is so shit wtf\n|\n|t:|1682004316\n|switch|p2a: Chi-Yu|Chi-Yu, L50|100\/100\n|switch|p1b: Gyarados|Gyarados, L50, M|100\/100\n|-ability|p2a: Chi-Yu|Beads of Ruin\n|-ability|p1b: Gyarados|Intimidate|boost\n|-unboost|p2a: Chi-Yu|atk|1\n|-unboost|p2b: Baxcalibur|atk|1\n|turn|4\n|c|\u2606Keveloper|I mean, you are taking a 376 atk body press\n|c|\u2606babiwi bewey\u2714\ufe0f|still tatsu is so shit\n|\n|t:|1682004338\n|move|p2a: Chi-Yu|Dark Pulse|p1a: Orthworm\n|-damage|p1a: Orthworm|0 fnt\n|faint|p1a: Orthworm\n|move|p1b: Gyarados|Bulldoze|p2a: Chi-Yu|[spread] p2a,p2b\n|-supereffective|p2a: Chi-Yu\n|-damage|p2a: Chi-Yu|56\/100\n|-damage|p2b: Baxcalibur|70\/100\n|-unboost|p2a: Chi-Yu|spe|1\n|-unboost|p2b: Baxcalibur|spe|1\n|move|p2b: Baxcalibur|Glaive Rush|p1b: Gyarados\n|-damage|p1b: Gyarados|59\/100\n|-singlemove|p2b: Baxcalibur|Glaive Rush|[silent]\n|\n|upkeep\n|\n|t:|1682004349\n|switch|p1a: Chien-Pao|Chien-Pao, L50|100\/100\n|-ability|p1a: Chien-Pao|Sword of Ruin\n|turn|5\n|\n|t:|1682004367\n|move|p1a: Chien-Pao|Protect|p1a: Chien-Pao\n|-singleturn|p1a: Chien-Pao|Protect\n|move|p1b: Gyarados|Waterfall|p2a: Chi-Yu\n|-supereffective|p2a: Chi-Yu\n|-damage|p2a: Chi-Yu|0 fnt\n|faint|p2a: Chi-Yu\n|move|p2b: Baxcalibur|Glaive Rush|p1a: Chien-Pao\n|-activate|p1a: Chien-Pao|move: Protect\n|\n|upkeep\n|turn|6\n|-message|babiwi bewey\u2714\ufe0f forfeited.\n|\n|win|Keveloper\n|raw|Keveloper's rating: 1544 → 1563<\/strong> (+19 for winning)\n|raw|babiwi bewey\u2714\ufe0f's rating: 1523 → 1504<\/strong> (-19 for losing)\n|l|\u2606babiwi bewey\u2714\ufe0f\n","uploadtime":1682004382,"views":7,"p1id":"keveloper","p2id":"babiwibewey","formatid":"gen9vgc2023regulationc","rating":1504,"private":0,"password":""}