{"id":"gen9vgc2023regulationc-1858106142","p1":"Joe870502","p2":"leoroop","format":"[Gen 9] VGC 2023 Regulation C","log":"|j|\u2606Joe870502\n|j|\u2606leoroop\n|t:|1683276610\n|gametype|doubles\n|player|p1|Joe870502|dawn|1439\n|player|p2|leoroop|backpacker|1349\n|teamsize|p1|6\n|teamsize|p2|6\n|gen|9\n|tier|[Gen 9] VGC 2023 Regulation C\n|rated|\n|rule|Species Clause: Limit one of each Pok\u00e9mon\n|rule|Item Clause: Limit one of each item\n|clearpoke\n|poke|p1|Roaring Moon, L50|\n|poke|p1|Ting-Lu, L50|\n|poke|p1|Palafin, L50, F|\n|poke|p1|Amoonguss, L50, M|\n|poke|p1|Flutter Mane, L50|\n|poke|p1|Arcanine, L50, F|\n|poke|p2|Gyarados, L50, M|\n|poke|p2|Amoonguss, L50, M|\n|poke|p2|Kingambit, L50, F|\n|poke|p2|Flutter Mane, L50|\n|poke|p2|Chi-Yu, L50|\n|poke|p2|Baxcalibur, L50, M|\n|teampreview|4\n|\n|t:|1683276660\n|start\n|switch|p1a: Palafin|Palafin, L50, F|100\/100\n|switch|p1b: Ting-Lu|Ting-Lu, L50|100\/100\n|switch|p2a: Baxcalibur|Baxcalibur, L50, M|100\/100\n|switch|p2b: Amoonguss|Amoonguss, L50, M|100\/100\n|-ability|p1b: Ting-Lu|Vessel of Ruin\n|turn|1\n|\n|t:|1683276672\n|detailschange|p1a: Palafin|Palafin-Hero, L50, F\n|switch|p1a: Amoonguss|Amoonguss, L50, M|100\/100\n|move|p2a: Baxcalibur|Icicle Crash|p1b: Ting-Lu|[miss]\n|-miss|p2a: Baxcalibur|p1b: Ting-Lu\n|move|p1b: Ting-Lu|Ruination|p2b: Amoonguss\n|-damage|p2b: Amoonguss|50\/100\n|-enditem|p2b: Amoonguss|Sitrus Berry|[eat]\n|-heal|p2b: Amoonguss|75\/100|[from] item: Sitrus Berry\n|move|p2b: Amoonguss|Spore|p1a: Amoonguss\n|-immune|p1a: Amoonguss\n|\n|upkeep\n|turn|2\n|\n|t:|1683276692\n|switch|p2a: Gyarados|Gyarados, L50, M|100\/100\n|-ability|p2a: Gyarados|Intimidate|boost\n|-unboost|p1a: Amoonguss|atk|1\n|-unboost|p1b: Ting-Lu|atk|1\n|move|p1b: Ting-Lu|Rock Slide|p2a: Gyarados|[spread] p2b\n|-miss|p1b: Ting-Lu|p2a: Gyarados\n|-damage|p2b: Amoonguss|66\/100\n|move|p1a: Amoonguss|Spore|p2a: Gyarados\n|-activate|p2a: Gyarados|item: Safety Goggles|Spore\n|cant|p2b: Amoonguss|flinch\n|\n|upkeep\n|turn|3\n|\n|t:|1683276711\n|move|p2a: Gyarados|Taunt|p1a: Amoonguss\n|-start|p1a: Amoonguss|move: Taunt\n|move|p1b: Ting-Lu|Stomping Tantrum|p2b: Amoonguss\n|-damage|p2b: Amoonguss|44\/100\n|move|p2b: Amoonguss|Spore|p1b: Ting-Lu\n|-status|p1b: Ting-Lu|slp|[from] move: Spore\n|move|p1a: Amoonguss|Pollen Puff|p2b: Amoonguss\n|-damage|p2b: Amoonguss|33\/100\n|\n|upkeep\n|turn|4\n|\n|t:|1683276729\n|switch|p2b: Baxcalibur|Baxcalibur, L50, M|100\/100\n|move|p2a: Gyarados|Thunder Wave|p1a: Amoonguss\n|-status|p1a: Amoonguss|par\n|cant|p1b: Ting-Lu|slp\n|move|p1a: Amoonguss|Pollen Puff|p2a: Gyarados\n|-resisted|p2a: Gyarados\n|-damage|p2a: Gyarados|95\/100\n|\n|upkeep\n|turn|5\n|\n|t:|1683276753\n|move|p2a: Gyarados|Waterfall|p1b: Ting-Lu\n|-supereffective|p1b: Ting-Lu\n|-damage|p1b: Ting-Lu|52\/100 slp\n|move|p2b: Baxcalibur|Icicle Crash|p1a: Amoonguss\n|-supereffective|p1a: Amoonguss\n|-damage|p1a: Amoonguss|19\/100 par\n|cant|p1b: Ting-Lu|slp\n|cant|p1a: Amoonguss|flinch\n|\n|-end|p1a: Amoonguss|move: Taunt\n|upkeep\n|turn|6\n|\n|t:|1683276771\n|move|p1a: Amoonguss|Rage Powder|p1a: Amoonguss\n|-singleturn|p1a: Amoonguss|move: Rage Powder\n|move|p2a: Gyarados|Waterfall|p1a: Amoonguss\n|-resisted|p1a: Amoonguss\n|-damage|p1a: Amoonguss|4\/100 par\n|-damage|p2a: Gyarados|79\/100|[from] item: Rocky Helmet|[of] p1a: Amoonguss\n|move|p2b: Baxcalibur|Icicle Crash|p1a: Amoonguss\n|-supereffective|p1a: Amoonguss\n|-damage|p1a: Amoonguss|0 fnt\n|faint|p1a: Amoonguss\n|cant|p1b: Ting-Lu|slp\n|\n|upkeep\n|\n|t:|1683276783\n|switch|p1a: Roaring Moon|Roaring Moon, L50|100\/100\n|-enditem|p1a: Roaring Moon|Booster Energy\n|-activate|p1a: Roaring Moon|ability: Protosynthesis|[fromitem]\n|-start|p1a: Roaring Moon|protosynthesisatk\n|turn|7\n|\n|t:|1683276802\n|-terastallize|p1a: Roaring Moon|Flying\n|-terastallize|p2b: Baxcalibur|Poison\n|move|p1a: Roaring Moon|Acrobatics|p2b: Baxcalibur\n|-damage|p2b: Baxcalibur|23\/100\n|move|p2a: Gyarados|Thunder Wave|p1a: Roaring Moon\n|-status|p1a: Roaring Moon|par\n|move|p2b: Baxcalibur|Icicle Crash|p1b: Ting-Lu\n|-supereffective|p1b: Ting-Lu\n|-damage|p1b: Ting-Lu|0 fnt\n|faint|p1b: Ting-Lu\n|\n|upkeep\n|\n|t:|1683276810\n|switch|p1b: Palafin|Palafin-Hero, L50, F|100\/100\n|-activate|p1b: Palafin|ability: Zero to Hero\n|turn|8\n|\n|t:|1683276823\n|move|p2b: Baxcalibur|Protect|p2b: Baxcalibur\n|-singleturn|p2b: Baxcalibur|Protect\n|move|p1b: Palafin|Jet Punch|p2b: Baxcalibur\n|-activate|p2b: Baxcalibur|move: Protect\n|move|p2a: Gyarados|Thunder Wave|p1b: Palafin\n|-status|p1b: Palafin|par\n|cant|p1a: Roaring Moon|par\n|\n|upkeep\n|turn|9\n|\n|t:|1683276850\n|switch|p2b: Amoonguss|Amoonguss, L50, M|66\/100\n|move|p1b: Palafin|Jet Punch|p2b: Amoonguss\n|-resisted|p2b: Amoonguss\n|-damage|p2b: Amoonguss|48\/100\n|move|p2a: Gyarados|Taunt|p1b: Palafin\n|-start|p1b: Palafin|move: Taunt\n|move|p1a: Roaring Moon|Dragon Dance|p1a: Roaring Moon\n|-boost|p1a: Roaring Moon|atk|1\n|-boost|p1a: Roaring Moon|spe|1\n|\n|upkeep\n|turn|10\n|\n|t:|1683276865\n|move|p1a: Roaring Moon|Acrobatics|p2b: Amoonguss\n|-supereffective|p2b: Amoonguss\n|-damage|p2b: Amoonguss|0 fnt\n|faint|p2b: Amoonguss\n|move|p2a: Gyarados|Taunt|p1a: Roaring Moon\n|-start|p1a: Roaring Moon|move: Taunt\n|cant|p1b: Palafin|par\n|\n|upkeep\n|\n|t:|1683276870\n|switch|p2b: Flutter Mane|Flutter Mane, L50|100\/100\n|-enditem|p2b: Flutter Mane|Booster Energy\n|-activate|p2b: Flutter Mane|ability: Protosynthesis|[fromitem]\n|-start|p2b: Flutter Mane|protosynthesisspa\n|turn|11\n|\n|t:|1683276881\n|switch|p2a: Baxcalibur|Baxcalibur, L50, M, tera:Poison|23\/100\n|move|p2b: Flutter Mane|Protect|p2b: Flutter Mane\n|-singleturn|p2b: Flutter Mane|Protect\n|move|p1b: Palafin|Jet Punch|p2b: Flutter Mane\n|-activate|p2b: Flutter Mane|move: Protect\n|move|p1a: Roaring Moon|Acrobatics|p2a: Baxcalibur\n|-damage|p2a: Baxcalibur|0 fnt\n|faint|p2a: Baxcalibur\n|\n|upkeep\n|\n|t:|1683276891\n|switch|p2a: Gyarados|Gyarados, L50, M|79\/100\n|-ability|p2a: Gyarados|Intimidate|boost\n|-unboost|p1a: Roaring Moon|atk|1\n|-unboost|p1b: Palafin|atk|1\n|turn|12\n|\n|t:|1683276911\n|move|p1b: Palafin|Jet Punch|p2b: Flutter Mane\n|-damage|p2b: Flutter Mane|41\/100\n|move|p2b: Flutter Mane|Hex|p1a: Roaring Moon\n|-damage|p1a: Roaring Moon|10\/100 par\n|cant|p1a: Roaring Moon|par\n|move|p2a: Gyarados|Waterfall|p1a: Roaring Moon\n|-damage|p1a: Roaring Moon|0 fnt\n|faint|p1a: Roaring Moon\n|-end|p1a: Roaring Moon|Protosynthesis|[silent]\n|\n|-end|p1b: Palafin|move: Taunt\n|upkeep\n|turn|13\n|-message|Joe870502 forfeited.\n|\n|win|leoroop\n|raw|Joe870502's rating: 1439 → 1414<\/strong> (-25 for losing)\n|raw|leoroop's rating: 1349 → 1374<\/strong> (+25 for winning)\n|l|\u2606Joe870502\n","uploadtime":1683276947,"views":18,"p1id":"joe870502","p2id":"leoroop","formatid":"gen9vgc2023regulationc","rating":1374,"private":0,"password":""}