{"id":"gen9vgc2023regulationc-1849645095","p1":"GgpkmnGaming","p2":"hugs1986","format":"[Gen 9] VGC 2023 Regulation C","log":"|j|\u2606GgpkmnGaming\n|j|\u2606hugs1986\n|t:|1682224905\n|gametype|doubles\n|player|p1|GgpkmnGaming|karen|1207\n|player|p2|hugs1986|101|1152\n|teamsize|p1|6\n|teamsize|p2|6\n|gen|9\n|tier|[Gen 9] VGC 2023 Regulation C\n|rated|\n|rule|Species Clause: Limit one of each Pok\u00e9mon\n|rule|Item Clause: Limit one of each item\n|clearpoke\n|poke|p1|Orthworm, L50, M|\n|poke|p1|Ting-Lu, L50|\n|poke|p1|Lilligant, L50, F|\n|poke|p1|Torkoal, L50, M|\n|poke|p1|Flutter Mane, L50|\n|poke|p1|Gothorita, L50, F|\n|poke|p2|Iron Valiant, L50|\n|poke|p2|Baxcalibur, L50, M|\n|poke|p2|Kilowattrel, L50, M|\n|poke|p2|Bellibolt, L50, F|\n|poke|p2|Iron Treads, L50|\n|poke|p2|Pincurchin, L50, M|\n|teampreview|4\n|\n|t:|1682224979\n|start\n|switch|p1a: Orthworm|Orthworm, L50, M|100\/100\n|switch|p1b: Gothorita|Gothorita, L50, F|100\/100\n|switch|p2a: Pincurchin|Pincurchin, L50, M|100\/100\n|switch|p2b: Bellibolt|Bellibolt, L50, F|100\/100\n|-fieldstart|move: Electric Terrain|[from] ability: Electric Surge|[of] p2a: Pincurchin\n|-enditem|p2b: Bellibolt|Electric Seed\n|-boost|p2b: Bellibolt|def|1|[from] item: Electric Seed\n|turn|1\n|\n|t:|1682225012\n|move|p1a: Orthworm|Shed Tail|p1a: Orthworm\n|-start|p1a: Orthworm|Substitute|[from] move: Shed Tail\n|-damage|p1a: Orthworm|50\/100\n|-enditem|p1a: Orthworm|Sitrus Berry|[eat]\n|-heal|p1a: Orthworm|75\/100|[from] item: Sitrus Berry\n|\n|t:|1682225019\n|switch|p1a: Torkoal|Torkoal, L50, M|100\/100|[from] Shed Tail\n|-weather|SunnyDay|[from] ability: Drought|[of] p1a: Torkoal\n|move|p2b: Bellibolt|Muddy Water|p1a: Torkoal|[spread] p1a\n|-miss|p2b: Bellibolt|p1b: Gothorita\n|-supereffective|p1a: Torkoal\n|-end|p1a: Torkoal|Substitute\n|move|p2a: Pincurchin|Liquidation|p1a: Torkoal\n|-supereffective|p1a: Torkoal\n|-damage|p1a: Torkoal|86\/100\n|move|p1b: Gothorita|Trick Room|p1b: Gothorita\n|-fieldstart|move: Trick Room|[of] p1b: Gothorita\n|\n|-weather|SunnyDay|[upkeep]\n|upkeep\n|turn|2\n|\n|t:|1682225047\n|-terastallize|p1a: Torkoal|Fire\n|move|p1b: Gothorita|Helping Hand|p1a: Torkoal\n|-singleturn|p1a: Torkoal|Helping Hand|[of] p1b: Gothorita\n|move|p2b: Bellibolt|Protect|p2b: Bellibolt\n|-singleturn|p2b: Bellibolt|Protect\n|move|p2a: Pincurchin|Memento|p1a: Torkoal\n|-unboost|p1a: Torkoal|atk|2\n|-unboost|p1a: Torkoal|spa|2\n|faint|p2a: Pincurchin\n|move|p1a: Torkoal|Eruption|p2b: Bellibolt\n|-activate|p2b: Bellibolt|move: Protect\n|\n|-weather|SunnyDay|[upkeep]\n|upkeep\n|\n|t:|1682225062\n|switch|p2a: Baxcalibur|Baxcalibur, L50, M|100\/100\n|turn|3\n|\n|t:|1682225078\n|-terastallize|p2a: Baxcalibur|Ground\n|move|p1b: Gothorita|Helping Hand|p1a: Torkoal\n|-singleturn|p1a: Torkoal|Helping Hand|[of] p1b: Gothorita\n|move|p1a: Torkoal|Eruption|p2b: Bellibolt|[spread] p2a,p2b\n|-damage|p2a: Baxcalibur|35\/100\n|-damage|p2b: Bellibolt|27\/100\n|-start|p2b: Bellibolt|Charge|Eruption|[from] ability: Electromorphosis\n|-ability|p2a: Baxcalibur|Thermal Exchange|boost\n|-boost|p2a: Baxcalibur|atk|1\n|move|p2b: Bellibolt|Parabolic Charge|p1b: Gothorita|[spread] p1a,p1b\n|-immune|p2a: Baxcalibur\n|-damage|p1a: Torkoal|7\/100\n|-heal|p2b: Bellibolt|63\/100|[from] drain|[of] p1a: Torkoal\n|-damage|p1b: Gothorita|61\/100\n|-heal|p2b: Bellibolt|80\/100|[from] drain|[of] p1b: Gothorita\n|-end|p2b: Bellibolt|Charge|[silent]\n|move|p2a: Baxcalibur|Icicle Spear|p1b: Gothorita\n|-damage|p1b: Gothorita|41\/100\n|-damage|p1b: Gothorita|21\/100\n|-damage|p1b: Gothorita|2\/100\n|-damage|p1b: Gothorita|0 fnt\n|faint|p1b: Gothorita\n|-hitcount|p1: Gothorita|4\n|\n|-weather|SunnyDay|[upkeep]\n|upkeep\n|\n|t:|1682225101\n|switch|p1b: Orthworm|Orthworm, L50, M|75\/100\n|turn|4\n|\n|t:|1682225138\n|move|p1a: Torkoal|Protect|p1a: Torkoal\n|-singleturn|p1a: Torkoal|Protect\n|move|p1b: Orthworm|Protect|p1b: Orthworm\n|-singleturn|p1b: Orthworm|Protect\n|move|p2a: Baxcalibur|Protect|p2a: Baxcalibur\n|-singleturn|p2a: Baxcalibur|Protect\n|move|p2b: Bellibolt|Parabolic Charge|p1b: Orthworm|[spread] \n|-activate|p2a: Baxcalibur|move: Protect\n|-activate|p1a: Torkoal|move: Protect\n|-activate|p1b: Orthworm|move: Protect\n|\n|-weather|SunnyDay|[upkeep]\n|upkeep\n|turn|5\n|\n|t:|1682225162\n|move|p2a: Baxcalibur|Ice Shard|p1a: Torkoal\n|-resisted|p1a: Torkoal\n|-damage|p1a: Torkoal|0 fnt\n|faint|p1a: Torkoal\n|move|p2b: Bellibolt|Parabolic Charge|p1b: Orthworm|[spread] p1b\n|-immune|p2a: Baxcalibur\n|-damage|p1b: Orthworm|41\/100\n|-heal|p2b: Bellibolt|95\/100|[from] drain|[of] p1b: Orthworm\n|move|p1b: Orthworm|Shed Tail|p1b: Orthworm\n|-fail|p1b: Orthworm|move: Shed Tail|[weak]\n|\n|-weather|none\n|-fieldend|move: Trick Room\n|upkeep\n|-message|GgpkmnGaming forfeited.\n|\n|win|hugs1986\n|raw|GgpkmnGaming's rating: 1207 → 1178<\/strong> (-29 for losing)\n|raw|hugs1986's rating: 1152 → 1181<\/strong> (+29 for winning)\n|l|\u2606GgpkmnGaming\n","uploadtime":1682225185,"views":16,"p1id":"ggpkmngaming","p2id":"hugs1986","formatid":"gen9vgc2023regulationc","rating":1178,"private":0,"password":""}