{"id":"gen9vgc2023regulationc-1858619808","p1":"MaxYoo","p2":"IAmAnissue","format":"[Gen 9] VGC 2023 Regulation C","log":"|j|\u2606MaxYoo\n|j|\u2606IAmAnissue\n|t:|1683333204\n|gametype|doubles\n|player|p1|MaxYoo|1|1327\n|player|p2|IAmAnissue|266|1250\n|teamsize|p1|6\n|teamsize|p2|6\n|gen|9\n|tier|[Gen 9] VGC 2023 Regulation C\n|rated|\n|rule|Species Clause: Limit one of each Pok\u00e9mon\n|rule|Item Clause: Limit one of each item\n|clearpoke\n|poke|p1|Gholdengo, L50|\n|poke|p1|Murkrow, L50, F|\n|poke|p1|Flutter Mane, L50|\n|poke|p1|Chi-Yu, L50|\n|poke|p1|Roaring Moon, L50|\n|poke|p1|Rotom-Wash, L50|\n|poke|p2|Mimikyu, L50, M|\n|poke|p2|Amoonguss, L50, F|\n|poke|p2|Gothitelle, L50, M|\n|poke|p2|Farigiraf, L50, M|\n|poke|p2|Azumarill, L50, F|\n|poke|p2|Ceruledge, L50, F|\n|teampreview|4\n|inactive|Battle timer is ON: inactive players will automatically lose when time's up. (requested by IAmAnissue)\n|inactive|MaxYoo has 60 seconds left.\n|\n|t:|1683333238\n|start\n|switch|p1a: Flutter Mane|Flutter Mane, L50|100\/100\n|switch|p1b: Gholdengo|Gholdengo, L50|100\/100\n|switch|p2a: Flame Body|Ceruledge, L50, F|100\/100\n|switch|p2b: Egg|Azumarill, L50, F, shiny|100\/100\n|turn|1\n|inactive|MaxYoo has 30 seconds left.\n|\n|t:|1683333270\n|-terastallize|p1a: Flutter Mane|Fairy\n|move|p2a: Flame Body|Protect|p2a: Flame Body\n|-singleturn|p2a: Flame Body|Protect\n|move|p1a: Flutter Mane|Moonblast|p2b: Egg\n|-damage|p2b: Egg|46\/100\n|-unboost|p2b: Egg|spa|1\n|move|p1b: Gholdengo|Power Gem|p2a: Flame Body\n|-activate|p2a: Flame Body|move: Protect\n|move|p2b: Egg|Play Rough|p1a: Flutter Mane\n|-enditem|p1a: Flutter Mane|Focus Sash\n|-damage|p1a: Flutter Mane|1\/100\n|\n|upkeep\n|turn|2\n|inactive|MaxYoo has 30 seconds left.\n|\n|t:|1683333296\n|-terastallize|p2a: Flame Body|Grass\n|move|p1a: Flutter Mane|Protect|p1a: Flutter Mane\n|-singleturn|p1a: Flutter Mane|Protect\n|move|p2b: Egg|Aqua Jet|p1a: Flutter Mane\n|-activate|p1a: Flutter Mane|move: Protect\n|move|p1b: Gholdengo|Make It Rain|p2b: Egg|[spread] p2a,p2b\n|-damage|p2a: Flame Body|44\/100\n|-damage|p2b: Egg|5\/100\n|-unboost|p1b: Gholdengo|spa|1\n|move|p2a: Flame Body|Bitter Blade|p1b: Gholdengo\n|-supereffective|p1b: Gholdengo\n|-damage|p1b: Gholdengo|11\/100\n|-heal|p2a: Flame Body|91\/100|[from] drain|[of] p1b: Gholdengo\n|\n|upkeep\n|turn|3\n|\n|t:|1683333318\n|-end|p1a: Flutter Mane|Protosynthesis|[silent]\n|switch|p1a: Rotom|Rotom-Wash, L50|100\/100\n|switch|p1b: Roaring Moon|Roaring Moon, L50|100\/100\n|move|p2b: Egg|Aqua Jet|p1a: Rotom\n|-resisted|p1a: Rotom\n|-damage|p1a: Rotom|87\/100\n|move|p2a: Flame Body|Bulk Up|p2a: Flame Body\n|-boost|p2a: Flame Body|atk|1\n|-boost|p2a: Flame Body|def|1\n|\n|upkeep\n|turn|4\n|inactive|MaxYoo has 30 seconds left.\n|\n|t:|1683333344\n|switch|p2b: Help|Amoonguss, L50, F|100\/100\n|move|p1b: Roaring Moon|Earthquake|p2a: Flame Body|[spread] p2a,p2b\n|-immune|p1a: Rotom|[from] ability: Levitate\n|-resisted|p2a: Flame Body\n|-damage|p2a: Flame Body|78\/100\n|-damage|p2b: Help|71\/100\n|-damage|p1b: Roaring Moon|91\/100|[from] item: Life Orb\n|move|p1a: Rotom|Foul Play|p2a: Flame Body\n|-damage|p2a: Flame Body|33\/100\n|move|p2a: Flame Body|Bitter Blade|p1b: Roaring Moon\n|-resisted|p1b: Roaring Moon\n|-damage|p1b: Roaring Moon|46\/100\n|-heal|p2a: Flame Body|55\/100|[from] drain|[of] p1b: Roaring Moon\n|\n|upkeep\n|turn|5\n|inactive|MaxYoo has 30 seconds left.\n|\n|t:|1683333370\n|move|p2b: Help|Rage Powder|p2b: Help\n|-singleturn|p2b: Help|move: Rage Powder\n|move|p1b: Roaring Moon|Acrobatics|p2b: Help\n|-supereffective|p2b: Help\n|-damage|p2b: Help|30\/100\n|-enditem|p2b: Help|Sitrus Berry|[eat]\n|-heal|p2b: Help|55\/100|[from] item: Sitrus Berry\n|-damage|p1b: Roaring Moon|36\/100|[from] item: Life Orb\n|move|p1a: Rotom|Foul Play|p2a: Flame Body\n|-damage|p2a: Flame Body|11\/100\n|move|p2a: Flame Body|Bitter Blade|p1b: Roaring Moon\n|-resisted|p1b: Roaring Moon\n|-damage|p1b: Roaring Moon|0 fnt\n|-heal|p2a: Flame Body|29\/100|[from] drain|[of] p1b: Roaring Moon\n|faint|p1b: Roaring Moon\n|-end|p1b: Roaring Moon|Protosynthesis|[silent]\n|\n|upkeep\n|\n|t:|1683333391\n|switch|p1b: Flutter Mane|Flutter Mane, L50, tera:Fairy|1\/100\n|turn|6\n|inactive|IAmAnissue has 30 seconds left.\n|\n|t:|1683333421\n|move|p2a: Flame Body|Protect|p2a: Flame Body\n|-singleturn|p2a: Flame Body|Protect\n|move|p1b: Flutter Mane|Shadow Ball|p2b: Help\n|-damage|p2b: Help|17\/100\n|move|p1a: Rotom|Foul Play|p2a: Flame Body\n|-activate|p2a: Flame Body|move: Protect\n|move|p2b: Help|Pollen Puff|p1b: Flutter Mane\n|-resisted|p1b: Flutter Mane\n|-damage|p1b: Flutter Mane|0 fnt\n|faint|p1b: Flutter Mane\n|-end|p1b: Flutter Mane|Protosynthesis|[silent]\n|\n|upkeep\n|\n|t:|1683333435\n|switch|p1b: Gholdengo|Gholdengo, L50|11\/100\n|turn|7\n|\n|t:|1683333449\n|switch|p2b: Egg|Azumarill, L50, F, shiny|5\/100\n|move|p2a: Flame Body|Shadow Sneak|p1b: Gholdengo\n|-supereffective|p1b: Gholdengo\n|-crit|p1b: Gholdengo\n|-damage|p1b: Gholdengo|0 fnt\n|faint|p1b: Gholdengo\n|move|p1a: Rotom|Foul Play|p2a: Flame Body\n|-damage|p2a: Flame Body|0 fnt\n|faint|p2a: Flame Body\n|\n|upkeep\n|\n|t:|1683333465\n|switch|p2a: Pikachoo|Mimikyu, L50, M|100\/100\n|turn|8\n|inactive|IAmAnissue has 30 seconds left.\n|inactive|IAmAnissue has 20 seconds left.\n|\n|t:|1683333504\n|switch|p2b: Help|Amoonguss, L50, F|50\/100\n|move|p2a: Pikachoo|Play Rough|p1a: Rotom\n|-damage|p1a: Rotom|45\/100\n|move|p1a: Rotom|Volt Switch|p2b: Help\n|-resisted|p2b: Help\n|-damage|p2b: Help|40\/100\n|\n|upkeep\n|turn|9\n|-message|MaxYoo forfeited.\n|\n|win|IAmAnissue\n|raw|MaxYoo's rating: 1327 → 1303<\/strong> (-24 for losing)\n|raw|IAmAnissue's rating: 1250 → 1280<\/strong> (+30 for winning)\n|l|\u2606MaxYoo\n","uploadtime":1683333721,"views":15,"p1id":"maxyoo","p2id":"iamanissue","formatid":"gen9vgc2023regulationc","rating":1280,"private":0,"password":""}