{"id":"gen9vgc2023regulationc-1857045708","p1":"HoldaUno","p2":"Stache_official","format":"[Gen 9] VGC 2023 Regulation C","log":"|j|\u2606HoldaUno\n|j|\u2606Stache_official\n|t:|1683140334\n|gametype|doubles\n|player|p1|HoldaUno|psychicf-gen3|1052\n|player|p2|Stache_official|102|1052\n|teamsize|p1|6\n|teamsize|p2|6\n|gen|9\n|tier|[Gen 9] VGC 2023 Regulation C\n|rated|\n|rule|Species Clause: Limit one of each Pok\u00e9mon\n|rule|Item Clause: Limit one of each item\n|clearpoke\n|poke|p1|Chansey, L50, F|\n|poke|p1|Ting-Lu, L50|\n|poke|p1|Lycanroc-Midnight, L50, M|\n|poke|p1|Oranguru, L50, F|\n|poke|p1|Sableye, L50, F|\n|poke|p1|Indeedee-F, L50, F|\n|poke|p2|Grafaiai, L50, M|\n|poke|p2|Slaking, L50, M|\n|poke|p2|Annihilape, L50, M|\n|poke|p2|Rotom-Wash, L50|\n|poke|p2|Tyranitar, L50, F|\n|poke|p2|Toedscruel, L50, F|\n|teampreview|4\n|inactive|Battle timer is ON: inactive players will automatically lose when time's up. (requested by Stache_official)\n|inactive|HoldaUno has 60 seconds left.\n|\n|t:|1683140378\n|start\n|switch|p1a: Chansey|Chansey, L50, F, shiny|100\/100\n|switch|p1b: Oranguru|Oranguru, L50, F, shiny|100\/100\n|switch|p2a: Grafaiai|Grafaiai, L50, M|100\/100\n|switch|p2b: Slaking|Slaking, L50, M|100\/100\n|turn|1\n|inactive|HoldaUno has 30 seconds left.\n|inactive|HoldaUno has 20 seconds left.\n|inactive|HoldaUno has 15 seconds left.\n|\n|t:|1683140423\n|move|p2a: Grafaiai|Doodle|p1a: Chansey\n|-endability|p2a: Grafaiai|Prankster|[from] move: Doodle\n|-ability|p2a: Grafaiai|Serene Grace|[from] move: Doodle\n|-endability|p2b: Slaking|Truant|[from] move: Doodle\n|-ability|p2b: Slaking|Serene Grace|[from] move: Doodle\n|move|p2b: Slaking|Bulk Up|p2b: Slaking\n|-boost|p2b: Slaking|atk|1\n|-boost|p2b: Slaking|def|1\n|move|p1a: Chansey|Skill Swap|p2a: Grafaiai\n|-activate|p1a: Chansey|move: Skill Swap|Serene Grace|Serene Grace|[of] p2a: Grafaiai\n|move|p1b: Oranguru|Trick Room|p1b: Oranguru\n|-fieldstart|move: Trick Room|[of] p1b: Oranguru\n|\n|upkeep\n|turn|2\n|inactive|HoldaUno has 30 seconds left.\n|inactive|Stache_official has 30 seconds left.\n|\n|t:|1683140454\n|move|p1a: Chansey|Gravity|p1a: Chansey\n|-fieldstart|move: Gravity\n|move|p1b: Oranguru|Taunt|p2b: Slaking\n|-start|p2b: Slaking|move: Taunt\n|cant|p2b: Slaking|move: Taunt|Bulk Up\n|move|p2a: Grafaiai|Scary Face|p2b: Slaking\n|-unboost|p2b: Slaking|spe|2\n|\n|upkeep\n|turn|3\n|inactive|HoldaUno has 30 seconds left.\n|\n|t:|1683140483\n|switch|p1a: Lycanroc|Lycanroc-Midnight, L50, M, shiny|100\/100\n|-terastallize|p1b: Oranguru|Fairy\n|move|p1b: Oranguru|Skill Swap|p1a: Lycanroc\n|-activate|p1b: Oranguru|move: Skill Swap|||[of] p1a: Lycanroc\n|move|p2b: Slaking|Facade|p1b: Oranguru\n|-damage|p1b: Oranguru|56\/100\n|move|p2a: Grafaiai|Super Fang|p1b: Oranguru\n|-damage|p1b: Oranguru|28\/100\n|\n|upkeep\n|turn|4\n|\n|t:|1683140508\n|switch|p1a: Ting-Lu|Ting-Lu, L50|100\/100\n|-ability|p1a: Ting-Lu|Vessel of Ruin\n|move|p1b: Oranguru|Skill Swap|p1a: Ting-Lu\n|-activate|p1b: Oranguru|move: Skill Swap|||[of] p1a: Ting-Lu\n|-ability|p1b: Oranguru|Vessel of Ruin\n|move|p2b: Slaking|Facade|p1a: Ting-Lu\n|-damage|p1a: Ting-Lu|71\/100\n|move|p2a: Grafaiai|Parting Shot|p1a: Ting-Lu\n|-unboost|p1a: Ting-Lu|atk|1\n|-unboost|p1a: Ting-Lu|spa|1\n|\n|t:|1683140522\n|switch|p2a: Rotom|Rotom-Wash, L50|100\/100|[from] Parting Shot\n|\n|-heal|p1a: Ting-Lu|77\/100|[from] item: Leftovers\n|-end|p2b: Slaking|move: Taunt\n|upkeep\n|turn|5\n|\n|t:|1683140541\n|move|p1a: Ting-Lu|Fissure|p2a: Rotom\n|-damage|p2a: Rotom|0 fnt\n|faint|p2a: Rotom\n|-ohko\n|move|p1b: Oranguru|Instruct|p1a: Ting-Lu\n|-singleturn|p1a: Ting-Lu|move: Instruct|[of] p1b: Oranguru\n|move|p1a: Ting-Lu|Fissure|p2b: Slaking\n|-damage|p2b: Slaking|0 fnt\n|faint|p2b: Slaking\n|-ohko\n|\n|-heal|p1a: Ting-Lu|83\/100|[from] item: Leftovers\n|-fieldend|move: Trick Room\n|upkeep\n|\n|t:|1683140555\n|switch|p2a: Toedscruel|Toedscruel, L50, F|100\/100\n|switch|p2b: Grafaiai|Grafaiai, L50, M|100\/100\n|turn|6\n|\n|t:|1683140573\n|move|p1a: Ting-Lu|Protect|p1a: Ting-Lu\n|-singleturn|p1a: Ting-Lu|Protect\n|move|p2b: Grafaiai|Doodle|p1a: Ting-Lu\n|-hint|Since gen 7, Dark is immune to Prankster moves.\n|-immune|p1a: Ting-Lu\n|move|p2a: Toedscruel|Spore|p1a: Ting-Lu\n|-activate|p1a: Ting-Lu|move: Protect\n|move|p1b: Oranguru|Trick Room|p1b: Oranguru\n|-fieldstart|move: Trick Room|[of] p1b: Oranguru\n|\n|-heal|p1a: Ting-Lu|89\/100|[from] item: Leftovers\n|-fieldend|move: Gravity\n|upkeep\n|turn|7\n|inactive|Stache_official has 30 seconds left.\n|\n|t:|1683140601\n|move|p2b: Grafaiai|Doodle|p1b: Oranguru\n|-endability|p2a: Toedscruel|Mycelium Might|[from] move: Doodle\n|-ability|p2a: Toedscruel|Vessel of Ruin\n|-ability|p2a: Toedscruel|Vessel of Ruin|[from] move: Doodle\n|-endability|p2b: Grafaiai|Prankster|[from] move: Doodle\n|-ability|p2b: Grafaiai|Vessel of Ruin\n|-ability|p2b: Grafaiai|Vessel of Ruin|[from] move: Doodle\n|move|p1a: Ting-Lu|Fissure|p2a: Toedscruel\n|-enditem|p2a: Toedscruel|Focus Sash\n|-damage|p2a: Toedscruel|1\/100\n|move|p1b: Oranguru|Instruct|p1a: Ting-Lu\n|-singleturn|p1a: Ting-Lu|move: Instruct|[of] p1b: Oranguru\n|move|p1a: Ting-Lu|Fissure|p2a: Toedscruel\n|-damage|p2a: Toedscruel|0 fnt\n|faint|p2a: Toedscruel\n|-ohko\n|\n|-heal|p1a: Ting-Lu|95\/100|[from] item: Leftovers\n|upkeep\n|turn|8\n|inactive|HoldaUno has 30 seconds left.\n|inactive|HoldaUno has 20 seconds left.\n|inactive|HoldaUno has 15 seconds left.\n|\n|t:|1683140646\n|move|p1a: Ting-Lu|Fissure|p2b: Grafaiai\n|-damage|p2b: Grafaiai|0 fnt\n|faint|p2b: Grafaiai\n|-ohko\n|\n|win|HoldaUno\n|raw|HoldaUno's rating: 1052 → 1084<\/strong> (+32 for winning)\n|raw|Stache_official's rating: 1052 → 1034<\/strong> (-18 for losing)\n|c|\u2606HoldaUno|Gg\n|l|\u2606Stache_official\n","uploadtime":1683140708,"views":11,"p1id":"holdauno","p2id":"stacheofficial","formatid":"gen9vgc2023regulationc","rating":1034,"private":0,"password":""}