{"id":"gen9vgc2023regulationc-1845225398","p1":"TAM1234","p2":"Gribbs","format":"[Gen 9] VGC 2023 Regulation C","log":"|j|\u2606TAM1234\n|j|\u2606Gribbs\n|t:|1681698690\n|gametype|doubles\n|player|p1|TAM1234|102|1149\n|player|p2|Gribbs|marlon|1218\n|teamsize|p1|6\n|teamsize|p2|6\n|gen|9\n|tier|[Gen 9] VGC 2023 Regulation C\n|rated|\n|rule|Species Clause: Limit one of each Pok\u00e9mon\n|rule|Item Clause: Limit one of each item\n|clearpoke\n|poke|p1|Arcanine, L50, F|\n|poke|p1|Chien-Pao, L50|\n|poke|p1|Dragapult, L50, M|\n|poke|p1|Annihilape, L50, M|\n|poke|p1|Gholdengo, L50|\n|poke|p1|Maushold-Four, L50|\n|poke|p2|Iron Bundle, L50|\n|poke|p2|Abomasnow, L50, M|\n|poke|p2|Arcanine, L50, F|\n|poke|p2|Rotom-Heat, L50|\n|poke|p2|Gholdengo, L50|\n|poke|p2|Dondozo, L50, F|\n|teampreview|4\n|inactive|Battle timer is ON: inactive players will automatically lose when time's up. (requested by TAM1234)\n|\n|t:|1681698708\n|start\n|switch|p1a: Annihilape|Annihilape, L50, M|100\/100\n|switch|p1b: Maushold|Maushold-Four, L50|100\/100\n|switch|p2a: Arcanine|Arcanine, L50, F|100\/100\n|switch|p2b: Rotom|Rotom-Heat, L50|100\/100\n|-ability|p2a: Arcanine|Intimidate|boost\n|-unboost|p1a: Annihilape|atk|1\n|-ability|p1a: Annihilape|Defiant|boost\n|-boost|p1a: Annihilape|atk|2\n|-unboost|p1b: Maushold|atk|1\n|turn|1\n|\n|t:|1681698730\n|move|p1b: Maushold|Beat Up|p1a: Annihilape\n|-damage|p1a: Annihilape|99\/100\n|-damage|p1a: Annihilape|97\/100\n|-damage|p1a: Annihilape|95\/100\n|-damage|p1a: Annihilape|94\/100\n|-hitcount|p1a: Annihilape|4\n|move|p2a: Arcanine|Will-O-Wisp|p1a: Annihilape\n|-status|p1a: Annihilape|brn\n|move|p1a: Annihilape|Bulk Up|p1a: Annihilape\n|-boost|p1a: Annihilape|atk|1\n|-boost|p1a: Annihilape|def|1\n|move|p2b: Rotom|Thunder Wave|p1b: Maushold\n|-status|p1b: Maushold|par\n|\n|-damage|p1a: Annihilape|88\/100 brn|[from] brn\n|upkeep\n|turn|2\n|inactive|TAM1234 has 30 seconds left.\n|inactive|Gribbs has 30 seconds left.\n|inactive|Gribbs has 20 seconds left.\n|inactive|Gribbs has 15 seconds left.\n|\n|t:|1681698775\n|move|p1b: Maushold|Follow Me|p1b: Maushold\n|-singleturn|p1b: Maushold|move: Follow Me\n|move|p2a: Arcanine|Flare Blitz|p1b: Maushold\n|-damage|p1b: Maushold|42\/100 par\n|-damage|p2a: Arcanine|83\/100|[from] Recoil\n|move|p1a: Annihilape|Bulk Up|p1a: Annihilape\n|-boost|p1a: Annihilape|atk|1\n|-boost|p1a: Annihilape|def|1\n|move|p2b: Rotom|Volt Switch|p1b: Maushold\n|-damage|p1b: Maushold|10\/100 par\n|\n|t:|1681698782\n|switch|p2b: Abomasnow|Abomasnow, L50, M|100\/100|[from] Volt Switch\n|-weather|Snow|[from] ability: Snow Warning|[of] p2b: Abomasnow\n|\n|-weather|Snow|[upkeep]\n|-damage|p1a: Annihilape|82\/100 brn|[from] brn\n|upkeep\n|turn|3\n|\n|t:|1681698799\n|move|p1b: Maushold|Follow Me|p1b: Maushold\n|-singleturn|p1b: Maushold|move: Follow Me\n|move|p2a: Arcanine|Flare Blitz|p1b: Maushold\n|-damage|p1b: Maushold|0 fnt\n|faint|p1b: Maushold\n|-damage|p2a: Arcanine|80\/100|[from] Recoil\n|move|p1a: Annihilape|Rage Fist|p2a: Arcanine\n|-damage|p2a: Arcanine|0 fnt\n|faint|p2a: Arcanine\n|move|p2b: Abomasnow|Aurora Veil|p2b: Abomasnow\n|-sidestart|p2: Gribbs|move: Aurora Veil\n|\n|-weather|Snow|[upkeep]\n|-damage|p1a: Annihilape|76\/100 brn|[from] brn\n|upkeep\n|\n|t:|1681698819\n|switch|p1b: Arcanine|Arcanine, L50, F|100\/100\n|switch|p2a: Iron Bundle|Iron Bundle, L50|100\/100\n|-ability|p1b: Arcanine|Intimidate|boost\n|-unboost|p2a: Iron Bundle|atk|1\n|-unboost|p2b: Abomasnow|atk|1\n|turn|4\n|inactive|Gribbs has 30 seconds left.\n|inactive|Gribbs has 20 seconds left.\n|\n|t:|1681698859\n|move|p1b: Arcanine|Protect|p1b: Arcanine\n|-singleturn|p1b: Arcanine|Protect\n|move|p2a: Iron Bundle|Hydro Pump|p1a: Annihilape\n|-damage|p1a: Annihilape|8\/100 brn\n|-enditem|p1a: Annihilape|Iapapa Berry|[eat]\n|-heal|p1a: Annihilape|42\/100 brn|[from] item: Iapapa Berry\n|-damage|p2a: Iron Bundle|91\/100|[from] item: Life Orb\n|move|p1a: Annihilape|Drain Punch|p2a: Iron Bundle\n|-supereffective|p2a: Iron Bundle\n|-crit|p2a: Iron Bundle\n|-damage|p2a: Iron Bundle|0 fnt\n|-heal|p1a: Annihilape|69\/100 brn|[from] drain|[of] p2a: Iron Bundle\n|faint|p2a: Iron Bundle\n|-end|p2a: Iron Bundle|Quark Drive|[silent]\n|move|p2b: Abomasnow|Blizzard|p1a: Annihilape|[spread] p1a\n|-activate|p1b: Arcanine|move: Protect\n|-damage|p1a: Annihilape|47\/100 brn\n|\n|-weather|Snow|[upkeep]\n|-damage|p1a: Annihilape|41\/100 brn|[from] brn\n|upkeep\n|c|\u2606Gribbs|...\n|\n|t:|1681698873\n|switch|p2a: Rotom|Rotom-Heat, L50|100\/100\n|turn|5\n|\n|t:|1681698885\n|move|p1b: Arcanine|Snarl|p2a: Rotom|[spread] p2a,p2b\n|-damage|p2a: Rotom|95\/100\n|-damage|p2b: Abomasnow|96\/100\n|-unboost|p2a: Rotom|spa|1\n|-unboost|p2b: Abomasnow|spa|1\n|move|p1a: Annihilape|Rage Fist|p2a: Rotom\n|-damage|p2a: Rotom|0 fnt\n|faint|p2a: Rotom\n|move|p2b: Abomasnow|Earth Power|p1b: Arcanine\n|-supereffective|p1b: Arcanine\n|-damage|p1b: Arcanine|64\/100\n|\n|-weather|Snow|[upkeep]\n|-damage|p1a: Annihilape|35\/100 brn|[from] brn\n|upkeep\n|turn|6\n|c|\u2606Gribbs|bad players getting lucky is such a shame\n|c|\u2606Gribbs|ggs\n|-message|Gribbs forfeited.\n|\n|win|TAM1234\n|raw|TAM1234's rating: 1149 → 1179<\/strong> (+30 for winning)\n|raw|Gribbs's rating: 1218 → 1188<\/strong> (-30 for losing)\n","uploadtime":1681698905,"views":5,"p1id":"tam1234","p2id":"gribbs","formatid":"gen9vgc2023regulationc","rating":1179,"private":0,"password":""}