{"id":"gen9vgc2023regulationc-1861594974","p1":"garfieldslaya","p2":"tatovegap","format":"[Gen 9] VGC 2023 Regulation C","log":"|j|\u2606garfieldslaya\n|j|\u2606tatovegap\n|t:|1683778426\n|gametype|doubles\n|player|p1|garfieldslaya|jasmine|1138\n|player|p2|tatovegap|iris|1154\n|teamsize|p1|6\n|teamsize|p2|6\n|gen|9\n|tier|[Gen 9] VGC 2023 Regulation C\n|rated|\n|rule|Species Clause: Limit one of each Pok\u00e9mon\n|rule|Item Clause: Limit one of each item\n|clearpoke\n|poke|p1|Amoonguss, L50, F|\n|poke|p1|Flutter Mane, L50|\n|poke|p1|Arcanine, L50, M|\n|poke|p1|Baxcalibur, L50, F|\n|poke|p1|Ting-Lu, L50|\n|poke|p1|Rotom-Wash, L50|\n|poke|p2|Palafin, L50, F|\n|poke|p2|Arcanine, L50, F|\n|poke|p2|Amoonguss, L50, F|\n|poke|p2|Flutter Mane, L50|\n|poke|p2|Ting-Lu, L50|\n|poke|p2|Dragonite, L50, F|\n|teampreview|4\n|inactive|Battle timer is ON: inactive players will automatically lose when time's up. (requested by tatovegap)\ngarfieldslaya has agreed to open team sheets.\n|\n|t:|1683778452\n|start\n|switch|p1a: Baxcalibur|Baxcalibur, L50, F|100\/100\n|switch|p1b: Flutter Mane|Flutter Mane, L50|100\/100\n|switch|p2a: Palafin|Palafin, L50, F, shiny|100\/100\n|switch|p2b: Flutter Mane|Flutter Mane, L50, shiny|100\/100\n|-enditem|p1b: Flutter Mane|Booster Energy\n|-activate|p1b: Flutter Mane|ability: Protosynthesis|[fromitem]\n|-start|p1b: Flutter Mane|protosynthesisspa\n|turn|1\n|inactive|tatovegap has 30 seconds left.\n|\n|t:|1683778486\n|-terastallize|p2b: Flutter Mane|Fairy\n|-terastallize|p1a: Baxcalibur|Poison\n|move|p1b: Flutter Mane|Protect|p1b: Flutter Mane\n|-singleturn|p1b: Flutter Mane|Protect\n|move|p2b: Flutter Mane|Shadow Ball|p1a: Baxcalibur\n|-damage|p1a: Baxcalibur|41\/100\n|move|p2a: Palafin|Wave Crash|p1a: Baxcalibur\n|-damage|p1a: Baxcalibur|0 fnt\n|faint|p1a: Baxcalibur\n|-damage|p2a: Palafin|84\/100|[from] Recoil\n|\n|upkeep\n|\n|t:|1683778496\n|switch|p1a: Amoonguss|Amoonguss, L50, F|100\/100\n|turn|2\n|\n|t:|1683778509\n|detailschange|p2a: Palafin|Palafin-Hero, L50, F, shiny\n|switch|p2a: Amoonguss|Amoonguss, L50, F|100\/100\n|move|p1a: Amoonguss|Rage Powder|p1a: Amoonguss\n|-singleturn|p1a: Amoonguss|move: Rage Powder\n|move|p2b: Flutter Mane|Shadow Ball|p1a: Amoonguss\n|-damage|p1a: Amoonguss|54\/100\n|move|p1b: Flutter Mane|Moonblast|p2b: Flutter Mane\n|-damage|p2b: Flutter Mane|27\/100\n|\n|upkeep\n|turn|3\n|inactive|garfieldslaya has 30 seconds left.\n|inactive|garfieldslaya has 20 seconds left.\n|\n|t:|1683778546\n|-end|p2b: Flutter Mane|Protosynthesis|[silent]\n|switch|p2b: Arcanine|Arcanine, L50, F|100\/100\n|-ability|p2b: Arcanine|Intimidate|boost\n|-unboost|p1a: Amoonguss|atk|1\n|-unboost|p1b: Flutter Mane|atk|1\n|move|p1b: Flutter Mane|Shadow Ball|p2a: Amoonguss\n|-damage|p2a: Amoonguss|43\/100\n|-enditem|p2a: Amoonguss|Sitrus Berry|[eat]\n|-heal|p2a: Amoonguss|68\/100|[from] item: Sitrus Berry\n|move|p2a: Amoonguss|Spore|p1b: Flutter Mane\n|-status|p1b: Flutter Mane|slp|[from] move: Spore\n|move|p1a: Amoonguss|Clear Smog|p2b: Arcanine\n|-damage|p2b: Arcanine|85\/100\n|-clearboost|p2b: Arcanine\n|\n|upkeep\n|turn|4\n|\n|t:|1683778570\n|-end|p1b: Flutter Mane|Protosynthesis|[silent]\n|switch|p1b: Rotom|Rotom-Wash, L50|100\/100\n|move|p2b: Arcanine|Flare Blitz|p1b: Rotom\n|-resisted|p1b: Rotom\n|-damage|p1b: Rotom|78\/100\n|-damage|p2b: Arcanine|78\/100|[from] Recoil\n|move|p2a: Amoonguss|Pollen Puff|p2b: Arcanine\n|-heal|p2b: Arcanine|100\/100\n|move|p1a: Amoonguss|Spore|p2b: Arcanine\n|-activate|p2b: Arcanine|item: Safety Goggles|Spore\n|\n|upkeep\n|turn|5\n|inactive|garfieldslaya has 30 seconds left.\n|\n|t:|1683778599\n|move|p2b: Arcanine|Protect|p2b: Arcanine\n|-singleturn|p2b: Arcanine|Protect\n|move|p1b: Rotom|Hydro Pump|p2b: Arcanine\n|-activate|p2b: Arcanine|move: Protect\n|move|p2a: Amoonguss|Spore|p1b: Rotom\n|-status|p1b: Rotom|slp|[from] move: Spore\n|move|p1a: Amoonguss|Pollen Puff|p1b: Rotom\n|-heal|p1b: Rotom|100\/100 slp\n|\n|upkeep\n|turn|6\n|\n|t:|1683778606\n|switch|p1a: Flutter Mane|Flutter Mane, L50|100\/100 slp\n|move|p2b: Arcanine|Flare Blitz|p1a: Flutter Mane\n|-damage|p1a: Flutter Mane|1\/100 slp\n|-damage|p2b: Arcanine|78\/100|[from] Recoil\n|cant|p1b: Rotom|slp\n|move|p2a: Amoonguss|Pollen Puff|p2b: Arcanine\n|-heal|p2b: Arcanine|100\/100\n|\n|upkeep\n|turn|7\n|\n|t:|1683778619\n|-end|p1a: Flutter Mane|Protosynthesis|[silent]\n|switch|p1a: Amoonguss|Amoonguss, L50, F|87\/100\n|move|p2b: Arcanine|Flare Blitz|p1a: Amoonguss\n|-supereffective|p1a: Amoonguss\n|-damage|p1a: Amoonguss|4\/100\n|-damage|p2b: Arcanine|84\/100|[from] item: Rocky Helmet|[of] p1a: Amoonguss\n|-damage|p2b: Arcanine|54\/100|[from] Recoil\n|-curestatus|p1b: Rotom|slp|[msg]\n|move|p1b: Rotom|Hydro Pump|p2b: Arcanine|[miss]\n|-miss|p1b: Rotom|p2b: Arcanine\n|move|p2a: Amoonguss|Pollen Puff|p2b: Arcanine\n|-heal|p2b: Arcanine|100\/100\n|\n|upkeep\n|turn|8\n|\n|t:|1683778627\n|switch|p1a: Flutter Mane|Flutter Mane, L50|1\/100 slp\n|move|p2b: Arcanine|Protect|p2b: Arcanine\n|-singleturn|p2b: Arcanine|Protect\n|move|p1b: Rotom|Hydro Pump|p2b: Arcanine\n|-activate|p2b: Arcanine|move: Protect\n|move|p2a: Amoonguss|Spore|p1b: Rotom\n|-status|p1b: Rotom|slp|[from] move: Spore\n|\n|upkeep\n|turn|9\n|-message|garfieldslaya forfeited.\n|\n|win|tatovegap\n|raw|garfieldslaya's rating: 1138 → 1114<\/strong> (-24 for losing)\n|raw|tatovegap's rating: 1154 → 1178<\/strong> (+24 for winning)\n","uploadtime":1683778637,"views":22,"p1id":"garfieldslaya","p2id":"tatovegap","formatid":"gen9vgc2023regulationc","rating":1114,"private":0,"password":""}