{"id":"gen9vgc2023regulationc-1859513977","p1":"Tilzy","p2":"Currololol","format":"[Gen 9] VGC 2023 Regulation C","log":"|j|\u2606Tilzy\n|j|\u2606Currololol\n|t:|1683533675\n|gametype|doubles\n|player|p1|Tilzy|101|\n|player|p2|Currololol|n|\n|teamsize|p1|6\n|teamsize|p2|6\n|gen|9\n|tier|[Gen 9] VGC 2023 Regulation C\n|rated|Tournament battle\n|rule|Species Clause: Limit one of each Pok\u00e9mon\n|rule|Item Clause: Limit one of each item\n|clearpoke\n|poke|p1|Flutter Mane, L50|\n|poke|p1|Chien-Pao, L50|\n|poke|p1|Dragonite, L50, F|\n|poke|p1|Palafin, L50, F|\n|poke|p1|Amoonguss, L50, M|\n|poke|p1|Arcanine, L50, F|\n|poke|p2|Dachsbun, L50, M|\n|poke|p2|Chi-Yu, L50|\n|poke|p2|Flutter Mane, L50|\n|poke|p2|Wo-Chien, L50|\n|poke|p2|Gyarados, L50, M|\n|poke|p2|Arcanine, L50, M|\n|teampreview|4\n|raw| Open Team Sheet for Tilzy<\/summary>Flutter Mane @ Choice Specs Ability: Protosynthesis Level: 50 Tera Type: Fairy - Moonblast - Dazzling Gleam - Shadow Ball - Thunderbolt Chien-Pao @ Focus Sash Ability: Sword of Ruin Level: 50 Tera Type: Ghost - Protect - Sucker Punch - Sacred Sword - Ice Spinner Dragonite @ Lum Berry Ability: Inner Focus Level: 50 Tera Type: Normal - Extreme Speed - Protect - Ice Spinner - Thunder Punch Palafin @ Mystic Water Ability: Zero to Hero Level: 50 Tera Type: Water - Haze - Jet Punch - Wave Crash - Protect Amoonguss @ Sitrus Berry Ability: Regenerator Level: 50 Tera Type: Water - Spore - Rage Powder - Pollen Puff - Protect Arcanine @ Safety Goggles Ability: Intimidate Level: 50 Tera Type: Water - Flare Blitz - Protect - Will-O-Wisp - Howl <\/details><\/div> Open Team Sheet for Currololol<\/summary>Dog on the oven (Dachsbun) @ Sitrus Berry Ability: Well-Baked Body Level: 50 Tera Type: Steel - Body Press - Protect - Yawn - Snarl Chi-Yu @ Focus Sash Ability: Beads of Ruin Level: 50 Tera Type: Grass - Lava Plume - Dark Pulse - Protect - Nasty Plot Why do I exist? (Flutter Mane) @ Choice Specs Ability: Protosynthesis Level: 50 Tera Type: Fairy - Shadow Ball - Dazzling Gleam - Power Gem - Thunderbolt Wo-Chien @ Leftovers Ability: Tablets of Ruin Level: 50 Tera Type: Poison - Protect - Leech Seed - Pollen Puff - Foul Play Gyarados @ Lum Berry Ability: Intimidate Level: 50 Shiny: Yes Tera Type: Ground - Waterfall - Thunder Wave - Taunt - Protect Arcanine @ Safety Goggles Ability: Intimidate Level: 50 Shiny: Yes Tera Type: Flying - Flare Blitz - Snarl - Protect - Will-O-Wisp <\/details><\/div>\n|inactive|Battle timer is ON: inactive players will automatically lose when time's up. (requested by Currololol)\n|c|\u2606Currololol|how am I here?\n|c|\u2606Currololol|glhf\n|inactive|Tilzy has 60 seconds left.\n|inactive|Currololol has 60 seconds left.\n|c|\u2606Tilzy|tempest had to leave so that's why I am here.. did only one real battle through winner bracket xD\n|c|\u2606Tilzy|glhf\n|j| Etamine\n|c|\u2606Currololol|i only did one on losers bracket lol\n|c|\u2606Tilzy|lol\n|inactive|Tilzy has 30 seconds left.\n|inactive|Currololol has 30 seconds left.\n|inactive|Tilzy has 20 seconds left.\n|\n|t:|1683533750\n|start\n|switch|p1a: Chien-Pao|Chien-Pao, L50|100\/100\n|switch|p1b: Dragonite|Dragonite, L50, F|100\/100\n|switch|p2a: Dog on the oven|Dachsbun, L50, M|100\/100\n|switch|p2b: Chi-Yu|Chi-Yu, L50|100\/100\n|-ability|p1a: Chien-Pao|Sword of Ruin\n|-ability|p2b: Chi-Yu|Beads of Ruin\n|turn|1\n|j| Think Storm\n|l| Etamine\n|inactive|Tilzy has 30 seconds left.\n|inactive|Currololol has 30 seconds left.\n|inactive|Currololol has 20 seconds left.\n|c| Think Storm|whos tempest\n|inactive|Currololol has 15 seconds left.\n|inactive|Currololol has 10 seconds left.\n|\n|t:|1683533797\n|-terastallize|p1a: Chien-Pao|Ghost\n|move|p1b: Dragonite|Extreme Speed|p2b: Chi-Yu\n|-damage|p2b: Chi-Yu|33\/100\n|move|p1a: Chien-Pao|Sacred Sword|p2b: Chi-Yu\n|-supereffective|p2b: Chi-Yu\n|-damage|p2b: Chi-Yu|0 fnt\n|faint|p2b: Chi-Yu\n|move|p2a: Dog on the oven|Body Press|p1a: Chien-Pao\n|-immune|p1a: Chien-Pao\n|\n|upkeep\n|c|\u2606Tilzy|idk\n|\n|t:|1683533805\n|switch|p2b: Wo-Chien|Wo-Chien, L50|100\/100\n|-ability|p2b: Wo-Chien|Tablets of Ruin\n|turn|2\n|c|\u2606Currololol|whoops\n|\n|t:|1683533821\n|move|p2b: Wo-Chien|Protect|p2b: Wo-Chien\n|-singleturn|p2b: Wo-Chien|Protect\n|move|p1a: Chien-Pao|Sacred Sword|p2b: Wo-Chien\n|-activate|p2b: Wo-Chien|move: Protect\n|move|p2a: Dog on the oven|Yawn|p1b: Dragonite\n|-start|p1b: Dragonite|move: Yawn|[of] p2a: Dog on the oven\n|move|p1b: Dragonite|Ice Spinner|p2a: Dog on the oven\n|-damage|p2a: Dog on the oven|72\/100\n|\n|upkeep\n|turn|3\n|inactive|Currololol has 30 seconds left.\n|\n|t:|1683533851\n|switch|p1b: Arcanine|Arcanine, L50, F|100\/100\n|-ability|p1b: Arcanine|Intimidate|boost\n|-unboost|p2a: Dog on the oven|atk|1\n|-unboost|p2b: Wo-Chien|atk|1\n|-terastallize|p2b: Wo-Chien|Poison\n|move|p1a: Chien-Pao|Protect|p1a: Chien-Pao\n|-singleturn|p1a: Chien-Pao|Protect\n|move|p2a: Dog on the oven|Protect|p2a: Dog on the oven\n|-singleturn|p2a: Dog on the oven|Protect\n|move|p2b: Wo-Chien|Leech Seed|p1a: Chien-Pao\n|-activate|p1a: Chien-Pao|move: Protect\n|\n|upkeep\n|turn|4\n|\n|t:|1683533877\n|move|p1a: Chien-Pao|Ice Spinner|p2a: Dog on the oven\n|-damage|p2a: Dog on the oven|39\/100\n|-enditem|p2a: Dog on the oven|Sitrus Berry|[eat]\n|-heal|p2a: Dog on the oven|64\/100|[from] item: Sitrus Berry\n|move|p2a: Dog on the oven|Yawn|p1a: Chien-Pao\n|-start|p1a: Chien-Pao|move: Yawn|[of] p2a: Dog on the oven\n|move|p1b: Arcanine|Howl|p1b: Arcanine|[spread] p1a,p1b\n|-boost|p1a: Chien-Pao|atk|1\n|-boost|p1b: Arcanine|atk|1\n|move|p2b: Wo-Chien|Leech Seed|p1a: Chien-Pao\n|-start|p1a: Chien-Pao|move: Leech Seed\n|\n|-damage|p1a: Chien-Pao|88\/100|[from] Leech Seed|[of] p2b: Wo-Chien\n|upkeep\n|turn|5\n|l| Think Storm\n|\n|t:|1683533896\n|switch|p1a: Dragonite|Dragonite, L50, F|100\/100\n|move|p2b: Wo-Chien|Protect|p2b: Wo-Chien\n|-singleturn|p2b: Wo-Chien|Protect\n|move|p2a: Dog on the oven|Body Press|p1b: Arcanine\n|-crit|p1b: Arcanine\n|-damage|p1b: Arcanine|76\/100\n|move|p1b: Arcanine|Flare Blitz|p2b: Wo-Chien\n|-activate|p2b: Wo-Chien|move: Protect\n|\n|upkeep\n|turn|6\n|\n|t:|1683533921\n|switch|p1b: Flutter Mane|Flutter Mane, L50|100\/100\n|move|p2a: Dog on the oven|Yawn|p1a: Dragonite\n|-start|p1a: Dragonite|move: Yawn|[of] p2a: Dog on the oven\n|move|p1a: Dragonite|Ice Spinner|p2a: Dog on the oven\n|-crit|p2a: Dog on the oven\n|-damage|p2a: Dog on the oven|35\/100\n|move|p2b: Wo-Chien|Leech Seed|p1b: Flutter Mane\n|-start|p1b: Flutter Mane|move: Leech Seed\n|\n|-damage|p1b: Flutter Mane|88\/100|[from] Leech Seed|[of] p2b: Wo-Chien\n|upkeep\n|turn|7\n|\n|t:|1683533942\n|-end|p1b: Flutter Mane|Protosynthesis|[silent]\n|switch|p1b: Arcanine|Arcanine, L50, F|76\/100\n|-ability|p1b: Arcanine|Intimidate|boost\n|-unboost|p2a: Dog on the oven|atk|1\n|-unboost|p2b: Wo-Chien|atk|1\n|move|p2a: Dog on the oven|Protect|p2a: Dog on the oven\n|-singleturn|p2a: Dog on the oven|Protect\n|move|p1a: Dragonite|Ice Spinner|p2a: Dog on the oven\n|-activate|p2a: Dog on the oven|move: Protect\n|move|p2b: Wo-Chien|Foul Play|p1a: Dragonite\n|-damage|p1a: Dragonite|48\/100\n|\n|-end|p1a: Dragonite|move: Yawn|[silent]\n|-status|p1a: Dragonite|slp\n|-enditem|p1a: Dragonite|Lum Berry|[eat]\n|-curestatus|p1a: Dragonite|slp|[msg]\n|upkeep\n|turn|8\n|j| aubert\n|inactive|Currololol has 30 seconds left.\n|l| aubert\n|\n|t:|1683533970\n|move|p2a: Dog on the oven|Yawn|p1a: Dragonite\n|-start|p1a: Dragonite|move: Yawn|[of] p2a: Dog on the oven\n|move|p1b: Arcanine|Howl|p1b: Arcanine|[spread] p1a,p1b\n|-boost|p1a: Dragonite|atk|1\n|-boost|p1b: Arcanine|atk|1\n|move|p1a: Dragonite|Ice Spinner|p2a: Dog on the oven\n|-damage|p2a: Dog on the oven|4\/100\n|move|p2b: Wo-Chien|Leech Seed|p1b: Arcanine\n|-start|p1b: Arcanine|move: Leech Seed\n|\n|-damage|p1b: Arcanine|63\/100|[from] Leech Seed|[of] p2b: Wo-Chien\n|upkeep\n|turn|9\n|\n|t:|1683533989\n|switch|p1b: Chien-Pao|Chien-Pao, L50, tera:Ghost|88\/100\n|-ability|p1b: Chien-Pao|Sword of Ruin\n|switch|p1a: Flutter Mane|Flutter Mane, L50|88\/100\n|move|p2a: Dog on the oven|Protect|p2a: Dog on the oven\n|-singleturn|p2a: Dog on the oven|Protect\n|move|p2b: Wo-Chien|Foul Play|p1a: Flutter Mane\n|-damage|p1a: Flutter Mane|44\/100\n|\n|upkeep\n|turn|10\n|\n|t:|1683534009\n|move|p1a: Flutter Mane|Shadow Ball|p2a: Dog on the oven\n|-damage|p2a: Dog on the oven|0 fnt\n|faint|p2a: Dog on the oven\n|move|p1b: Chien-Pao|Ice Spinner|p2b: Wo-Chien\n|-damage|p2b: Wo-Chien|66\/100\n|move|p2b: Wo-Chien|Leech Seed|p1b: Chien-Pao\n|-start|p1b: Chien-Pao|move: Leech Seed\n|\n|-heal|p2b: Wo-Chien|72\/100|[from] item: Leftovers\n|-damage|p1b: Chien-Pao|76\/100|[from] Leech Seed|[of] p2b: Wo-Chien\n|-heal|p2b: Wo-Chien|82\/100|[silent]\n|upkeep\n|j| WallyTryHard\n|\n|t:|1683534022\n|switch|p2a: Why do I exist?|Flutter Mane, L50|100\/100\n|turn|11\n|c|\u2606Tilzy|i hate grass snail\n|\n|t:|1683534039\n|move|p1b: Chien-Pao|Sucker Punch|p2a: Why do I exist?\n|-damage|p2a: Why do I exist?|31\/100\n|move|p1a: Flutter Mane|Shadow Ball|p2a: Why do I exist?\n|-supereffective|p2a: Why do I exist?\n|-damage|p2a: Why do I exist?|0 fnt\n|faint|p2a: Why do I exist?\n|-end|p2a: Why do I exist?|Protosynthesis|[silent]\n|move|p2b: Wo-Chien|Foul Play|p1a: Flutter Mane\n|-damage|p1a: Flutter Mane|0 fnt\n|faint|p1a: Flutter Mane\n|-end|p1a: Flutter Mane|Protosynthesis|[silent]\n|\n|-heal|p2b: Wo-Chien|88\/100|[from] item: Leftovers\n|-damage|p1b: Chien-Pao|64\/100|[from] Leech Seed|[of] p2b: Wo-Chien\n|-heal|p2b: Wo-Chien|98\/100|[silent]\n|upkeep\n|\n|t:|1683534048\n|switch|p1a: Arcanine|Arcanine, L50, F|63\/100\n|-ability|p1a: Arcanine|Intimidate|boost\n|-unboost|p2b: Wo-Chien|atk|1\n|turn|12\n|c|\u2606Currololol|casually stalling in vgc\n|c|\u2606Tilzy|ye\n|\n|t:|1683534056\n|switch|p1b: Dragonite|Dragonite, L50, F|48\/100\n|move|p1a: Arcanine|Flare Blitz|p2b: Wo-Chien\n|-damage|p2b: Wo-Chien|67\/100\n|-damage|p1a: Arcanine|53\/100|[from] Recoil\n|move|p2b: Wo-Chien|Leech Seed|p1a: Arcanine\n|-start|p1a: Arcanine|move: Leech Seed\n|\n|-heal|p2b: Wo-Chien|73\/100|[from] item: Leftovers\n|-damage|p1a: Arcanine|41\/100|[from] Leech Seed|[of] p2b: Wo-Chien\n|-heal|p2b: Wo-Chien|85\/100|[silent]\n|upkeep\n|turn|13\n|\n|t:|1683534069\n|switch|p1a: Chien-Pao|Chien-Pao, L50, tera:Ghost|64\/100\n|-ability|p1a: Chien-Pao|Sword of Ruin\n|move|p2b: Wo-Chien|Protect|p2b: Wo-Chien\n|-singleturn|p2b: Wo-Chien|Protect\n|move|p1b: Dragonite|Ice Spinner|p2b: Wo-Chien\n|-activate|p2b: Wo-Chien|move: Protect\n|\n|-heal|p2b: Wo-Chien|92\/100|[from] item: Leftovers\n|upkeep\n|turn|14\n|j| MyGFknowsSpanish\n|\n|t:|1683534085\n|move|p1a: Chien-Pao|Ice Spinner|p2b: Wo-Chien\n|-damage|p2b: Wo-Chien|58\/100\n|move|p1b: Dragonite|Ice Spinner|p2b: Wo-Chien\n|-damage|p2b: Wo-Chien|32\/100\n|move|p2b: Wo-Chien|Foul Play|p1b: Dragonite\n|-damage|p1b: Dragonite|0 fnt\n|faint|p1b: Dragonite\n|\n|-heal|p2b: Wo-Chien|39\/100|[from] item: Leftovers\n|upkeep\n|\n|t:|1683534106\n|switch|p1b: Arcanine|Arcanine, L50, F|41\/100\n|-ability|p1b: Arcanine|Intimidate|boost\n|-unboost|p2b: Wo-Chien|atk|1\n|turn|15\n|\n|t:|1683534112\n|move|p1a: Chien-Pao|Protect|p1a: Chien-Pao\n|-singleturn|p1a: Chien-Pao|Protect\n|move|p2b: Wo-Chien|Protect|p2b: Wo-Chien\n|-singleturn|p2b: Wo-Chien|Protect\n|move|p1b: Arcanine|Will-O-Wisp|p2b: Wo-Chien\n|-activate|p2b: Wo-Chien|move: Protect\n|\n|-heal|p2b: Wo-Chien|45\/100|[from] item: Leftovers\n|upkeep\n|turn|16\n|\n|t:|1683534121\n|move|p1a: Chien-Pao|Ice Spinner|p2b: Wo-Chien\n|-damage|p2b: Wo-Chien|14\/100\n|move|p1b: Arcanine|Flare Blitz|p2b: Wo-Chien\n|-damage|p2b: Wo-Chien|0 fnt\n|faint|p2b: Wo-Chien\n|-damage|p1b: Arcanine|37\/100|[from] Recoil\n|\n|win|Tilzy\n|n|\u2606Tilzy|tilzy\n|n|\u2606Currololol|currololol\n|n| WallyTryHard|wallytryhard\n|n| MyGFknowsSpanish|mygfknowsspanish\n","uploadtime":1683534122,"views":10,"p1id":"tilzy","p2id":"currololol","formatid":"gen9vgc2023regulationc","rating":0,"private":0,"password":""}