{"id":"gen9vgc2023regulationc-1850863958","p1":"jackiepeanuts","p2":"afinn21","format":"[Gen 9] VGC 2023 Regulation C","log":"|j|\u2606jackiepeanuts\n|j|\u2606afinn21\n|t:|1682375755\n|gametype|doubles\n|player|p1|jackiepeanuts|1|1305\n|player|p2|afinn21|linebacker|1447\n|teamsize|p1|6\n|teamsize|p2|6\n|gen|9\n|tier|[Gen 9] VGC 2023 Regulation C\n|rated|\n|rule|Species Clause: Limit one of each Pok\u00e9mon\n|rule|Item Clause: Limit one of each item\n|clearpoke\n|poke|p1|Lokix, L50, M|\n|poke|p1|Flutter Mane, L50|\n|poke|p1|Chien-Pao, L50|\n|poke|p1|Ting-Lu, L50|\n|poke|p1|Dragonite, L50, F|\n|poke|p1|Orthworm, L50, M|\n|poke|p2|Corviknight, L50, F|\n|poke|p2|Baxcalibur, L50, F|\n|poke|p2|Gyarados, L50, M|\n|poke|p2|Amoonguss, L50, M|\n|poke|p2|Flutter Mane, L50|\n|poke|p2|Chi-Yu, L50|\n|teampreview|4\n|inactive|Battle timer is ON: inactive players will automatically lose when time's up. (requested by afinn21)\n|inactive|afinn21 has 60 seconds left.\n|inactive|afinn21 has 30 seconds left.\n|\n|t:|1682375816\n|start\n|switch|p1a: Dragonite|Dragonite, L50, F|100\/100\n|switch|p1b: Orthworm|Orthworm, L50, M|100\/100\n|switch|p2a: Corviknight|Corviknight, L50, F|100\/100\n|switch|p2b: Gyarados|Gyarados, L50, M|100\/100\n|-ability|p2b: Gyarados|Intimidate|boost\n|-unboost|p1a: Dragonite|atk|1\n|-unboost|p1b: Orthworm|atk|1\n|turn|1\n|inactive|afinn21 has 30 seconds left.\n|\n|t:|1682375846\n|move|p1a: Dragonite|Dragon Dance|p1a: Dragonite\n|-boost|p1a: Dragonite|atk|1\n|-boost|p1a: Dragonite|spe|1\n|move|p2b: Gyarados|Taunt|p1b: Orthworm\n|-start|p1b: Orthworm|move: Taunt\n|move|p2a: Corviknight|Brave Bird|p1a: Dragonite\n|-damage|p1a: Dragonite|77\/100\n|-damage|p2a: Corviknight|94\/100|[from] Recoil\n|cant|p1b: Orthworm|move: Taunt|Shed Tail\n|\n|upkeep\n|turn|2\n|\n|t:|1682375866\n|switch|p1b: Chien-Pao|Chien-Pao, L50|100\/100\n|-ability|p1b: Chien-Pao|Sword of Ruin\n|move|p1a: Dragonite|Rock Slide|p2a: Corviknight|[spread] p2a,p2b\n|-supereffective|p2b: Gyarados\n|-damage|p2a: Corviknight|71\/100\n|-damage|p2b: Gyarados|37\/100\n|-enditem|p2b: Gyarados|Sitrus Berry|[eat]\n|-heal|p2b: Gyarados|62\/100|[from] item: Sitrus Berry\n|cant|p2b: Gyarados|flinch\n|move|p2a: Corviknight|Brave Bird|p1a: Dragonite\n|-damage|p1a: Dragonite|10\/100\n|-damage|p2a: Corviknight|53\/100|[from] Recoil\n|\n|upkeep\n|turn|3\n|inactive|afinn21 has 30 seconds left.\n|inactive|afinn21 has 20 seconds left.\n|\n|t:|1682375901\n|move|p2b: Gyarados|Protect|p2b: Gyarados\n|-singleturn|p2b: Gyarados|Protect\n|move|p1a: Dragonite|Rock Slide|p2a: Corviknight|[spread] p2a\n|-activate|p2b: Gyarados|move: Protect\n|-damage|p2a: Corviknight|29\/100\n|move|p1b: Chien-Pao|Ice Spinner|p2a: Corviknight\n|-damage|p2a: Corviknight|0 fnt\n|faint|p2a: Corviknight\n|\n|upkeep\n|\n|t:|1682375913\n|switch|p2a: Chi-Yu|Chi-Yu, L50|100\/100\n|-ability|p2a: Chi-Yu|Beads of Ruin\n|turn|4\n|\n|t:|1682375933\n|-terastallize|p2b: Gyarados|Steel\n|move|p1a: Dragonite|Rock Slide|p2a: Chi-Yu|[spread] p2a,p2b\n|-supereffective|p2a: Chi-Yu\n|-resisted|p2b: Gyarados\n|-damage|p2a: Chi-Yu|12\/100\n|-damage|p2b: Gyarados|47\/100\n|move|p1b: Chien-Pao|Ice Spinner|p2a: Chi-Yu\n|-resisted|p2a: Chi-Yu\n|-damage|p2a: Chi-Yu|0 fnt\n|faint|p2a: Chi-Yu\n|move|p2b: Gyarados|Waterfall|p1b: Chien-Pao\n|-crit|p1b: Chien-Pao\n|-damage|p1b: Chien-Pao|17\/100\n|\n|upkeep\n|\n|t:|1682375945\n|switch|p2a: Flutter Mane|Flutter Mane, L50|100\/100\n|turn|5\n|\n|t:|1682375960\n|move|p1b: Chien-Pao|Protect|p1b: Chien-Pao\n|-singleturn|p1b: Chien-Pao|Protect\n|move|p2b: Gyarados|Protect|p2b: Gyarados\n|-singleturn|p2b: Gyarados|Protect\n|move|p1a: Dragonite|Earthquake|p2a: Flutter Mane|[spread] p2a\n|-activate|p1b: Chien-Pao|move: Protect\n|-activate|p2b: Gyarados|move: Protect\n|-damage|p2a: Flutter Mane|41\/100\n|move|p2a: Flutter Mane|Dazzling Gleam|p1a: Dragonite|[spread] p1a\n|-activate|p1b: Chien-Pao|move: Protect\n|-supereffective|p1a: Dragonite\n|-damage|p1a: Dragonite|0 fnt\n|faint|p1a: Dragonite\n|\n|upkeep\n|\n|t:|1682375971\n|switch|p1a: Lokix|Lokix, L50, M, shiny|100\/100\n|turn|6\n|\n|t:|1682375981\n|-terastallize|p1a: Lokix|Bug\n|move|p1a: Lokix|First Impression|p2b: Gyarados\n|-resisted|p2b: Gyarados\n|-damage|p2b: Gyarados|0 fnt\n|faint|p2b: Gyarados\n|-damage|p1a: Lokix|91\/100|[from] item: Life Orb\n|move|p1b: Chien-Pao|Sucker Punch|p2a: Flutter Mane\n|-damage|p2a: Flutter Mane|0 fnt\n|faint|p2a: Flutter Mane\n|-end|p2a: Flutter Mane|Protosynthesis|[silent]\n|\n|win|jackiepeanuts\n|raw|jackiepeanuts's rating: 1305 → 1333<\/strong> (+28 for winning)\n|raw|afinn21's rating: 1447 → 1419<\/strong> (-28 for losing)\n","uploadtime":1682375993,"views":12,"p1id":"jackiepeanuts","p2id":"afinn21","formatid":"gen9vgc2023regulationc","rating":1333,"private":0,"password":""}