{"id":"gen9vgc2023regulationc-1863366376","p1":"Ciemmelle","p2":"calvonix","format":"[Gen 9] VGC 2023 Regulation C","log":"|j|\u2606Ciemmelle\n|j|\u2606calvonix\n|t:|1684007823\n|gametype|doubles\n|player|p1|Ciemmelle|musician|\n|player|p2|calvonix|hilbert-wonderlauncher|\n|teamsize|p1|6\n|teamsize|p2|6\n|gen|9\n|tier|[Gen 9] VGC 2023 Regulation C\n|rule|Species Clause: Limit one of each Pok\u00e9mon\n|rule|Item Clause: Limit one of each item\n|clearpoke\n|poke|p1|Flutter Mane, L50|\n|poke|p1|Tyranitar, L50, M|\n|poke|p1|Garchomp, L50, M|\n|poke|p1|Gyarados, L50, M|\n|poke|p1|Orthworm, L50, M|\n|poke|p1|Amoonguss, L50, M|\n|poke|p2|Kingambit, L50, F|\n|poke|p2|Dragonite, L50, F|\n|poke|p2|Abomasnow, L50, F|\n|poke|p2|Great Tusk, L50|\n|poke|p2|Iron Bundle, L50|\n|poke|p2|Flutter Mane, L50|\n|teampreview|4\n|c|\u2606Ciemmelle|g3\ncalvonix has agreed to open team sheets.\nCiemmelle has agreed to open team sheets.\n|j| Deemo Hyouryou\n|j| WH ceree\n|j| RK_pocoyo\n|c|\u2606Ciemmelle|glhf\n|c|\u2606calvonix|u2\n|j| iluvubb\n|j| I'm Beamed Up!\n|j| MichaelderBeste2\n|j| tyo\n|\n|t:|1684009137\n|start\n|switch|p1a: Orthworm|Orthworm, L50, M|100\/100\n|switch|p1b: Tyranitar|Tyranitar, L50, M|100\/100\n|switch|p2a: Iron Bundle|Iron Bundle, L50|100\/100\n|switch|p2b: Great Tusk|Great Tusk, L50|100\/100\n|-weather|Sandstorm|[from] ability: Sand Stream|[of] p1b: Tyranitar\n|turn|1\n|\n|t:|1684009208\n|switch|p1b: Gyarados|Gyarados, L50, M|100\/100\n|-ability|p1b: Gyarados|Intimidate|boost\n|-unboost|p2a: Iron Bundle|atk|1\n|-unboost|p2b: Great Tusk|atk|1\n|move|p2b: Great Tusk|Close Combat|p1b: Gyarados\n|-resisted|p1b: Gyarados\n|-damage|p1b: Gyarados|80\/100\n|-unboost|p2b: Great Tusk|def|1\n|-unboost|p2b: Great Tusk|spd|1\n|move|p2a: Iron Bundle|Freeze-Dry|p1b: Gyarados\n|-supereffective|p1b: Gyarados\n|-damage|p1b: Gyarados|0 fnt\n|faint|p1b: Gyarados\n|move|p1a: Orthworm|Body Press|p2a: Iron Bundle\n|-supereffective|p2a: Iron Bundle\n|-damage|p2a: Iron Bundle|28\/100\n|\n|-weather|Sandstorm|[upkeep]\n|-damage|p2a: Iron Bundle|22\/100|[from] Sandstorm\n|upkeep\n|\n|t:|1684009230\n|switch|p1b: Garchomp|Garchomp, L50, M|100\/100\n|turn|2\n|j| WillE_VGC\n|\n|t:|1684009357\n|-end|p2b: Great Tusk|Protosynthesis|[silent]\n|switch|p2b: Abomasnow|Abomasnow, L50, F, shiny|100\/100\n|-weather|Snow|[from] ability: Snow Warning|[of] p2b: Abomasnow\n|move|p1b: Garchomp|Protect|p1b: Garchomp\n|-singleturn|p1b: Garchomp|Protect\n|move|p2a: Iron Bundle|Freeze-Dry|p1b: Garchomp\n|-activate|p1b: Garchomp|move: Protect\n|move|p1a: Orthworm|Heavy Slam|p2a: Iron Bundle\n|-damage|p2a: Iron Bundle|0 fnt\n|faint|p2a: Iron Bundle\n|-end|p2a: Iron Bundle|Quark Drive|[silent]\n|\n|-weather|Snow|[upkeep]\n|upkeep\n|\n|t:|1684009374\n|switch|p2a: Great Tusk|Great Tusk, L50|100\/100\n|turn|3\n|l| MichaelderBeste2\n|\n|t:|1684009454\n|switch|p1b: Tyranitar|Tyranitar, L50, M|100\/100\n|-weather|Sandstorm|[from] ability: Sand Stream|[of] p1b: Tyranitar\n|-terastallize|p1a: Orthworm|Fire\n|move|p2a: Great Tusk|Close Combat|p1a: Orthworm\n|-damage|p1a: Orthworm|56\/100\n|-unboost|p2a: Great Tusk|def|1\n|-unboost|p2a: Great Tusk|spd|1\n|move|p1a: Orthworm|Shed Tail|p1a: Orthworm\n|-start|p1a: Orthworm|Substitute|[from] move: Shed Tail\n|-damage|p1a: Orthworm|6\/100\n|-enditem|p1a: Orthworm|Sitrus Berry|[eat]\n|-heal|p1a: Orthworm|31\/100|[from] item: Sitrus Berry\n|\n|t:|1684009467\n|switch|p1a: Garchomp|Garchomp, L50, M|100\/100|[from] Shed Tail\n|move|p2b: Abomasnow|Blizzard|p1a: Garchomp|[spread] p1a\n|-miss|p2b: Abomasnow|p1b: Tyranitar\n|-supereffective|p1a: Garchomp\n|-end|p1a: Garchomp|Substitute\n|\n|-weather|Sandstorm|[upkeep]\n|-damage|p2b: Abomasnow|94\/100|[from] Sandstorm\n|upkeep\n|turn|4\n|j| MichaelderBeste2\n|\n|t:|1684009545\n|switch|p1b: Orthworm|Orthworm, L50, M, tera:Fire|31\/100\n|switch|p2b: Dragonite|Dragonite, L50, F|100\/100\n|move|p2a: Great Tusk|Close Combat|p1b: Orthworm\n|-damage|p1b: Orthworm|0 fnt\n|-unboost|p2a: Great Tusk|def|1\n|-unboost|p2a: Great Tusk|spd|1\n|faint|p1b: Orthworm\n|move|p1a: Garchomp|Earthquake|p2b: Dragonite|[spread] p2a\n|-immune|p2b: Dragonite\n|-damage|p2a: Great Tusk|18\/100\n|-damage|p1a: Garchomp|91\/100|[from] item: Life Orb\n|\n|-weather|Sandstorm|[upkeep]\n|-damage|p2b: Dragonite|95\/100|[from] Sandstorm\n|upkeep\n|\n|t:|1684009560\n|switch|p1b: Tyranitar|Tyranitar, L50, M|100\/100\n|turn|5\n|j| Teres bahji\n|\n|t:|1684009620\n|-terastallize|p2b: Dragonite|Normal\n|move|p2b: Dragonite|Extreme Speed|p1a: Garchomp\n|-damage|p1a: Garchomp|28\/100\n|move|p2a: Great Tusk|Close Combat|p1b: Tyranitar\n|-supereffective|p1b: Tyranitar\n|-damage|p1b: Tyranitar|0 fnt\n|-unboost|p2a: Great Tusk|def|1\n|-unboost|p2a: Great Tusk|spd|1\n|faint|p1b: Tyranitar\n|move|p1a: Garchomp|Earthquake|p2b: Dragonite|[spread] p2a,p2b\n|-damage|p2a: Great Tusk|0 fnt\n|-damage|p2b: Dragonite|42\/100\n|faint|p2a: Great Tusk\n|-end|p2a: Great Tusk|Protosynthesis|[silent]\n|-damage|p1a: Garchomp|19\/100|[from] item: Life Orb\n|\n|-weather|Sandstorm|[upkeep]\n|-damage|p2b: Dragonite|36\/100|[from] Sandstorm\n|upkeep\n|\n|t:|1684009630\n|switch|p2a: Abomasnow|Abomasnow, L50, F, shiny|94\/100\n|-weather|Snow|[from] ability: Snow Warning|[of] p2a: Abomasnow\n|turn|6\n|l| MichaelderBeste2\n|c|\u2606Ciemmelle|ggwp\n|-message|Ciemmelle forfeited.\n|\n|win|calvonix\n|l|\u2606Ciemmelle\n|l| RK_pocoyo\n|c|\u2606calvonix|ggs\n|l| iluvubb\n|l| tyo\n|l| Deemo Hyouryou\n|j| Deemo Hyouryou\n|l| Deemo Hyouryou\n|l| WH ceree\n|l| Teres bahji\n|l| I'm Beamed Up!\n|j| Deemo Hyouryou\n|l| Deemo Hyouryou\n","uploadtime":1684009664,"views":13,"p1id":"ciemmelle","p2id":"calvonix","formatid":"gen9vgc2023regulationc","rating":0,"private":0,"password":""}