{"id":"gen9vgc2023regulationc-1857594671","p1":"Ryzell","p2":"GarchompExVgc","format":"[Gen 9] VGC 2023 Regulation C","log":"|j|\u2606Ryzell\n|j|\u2606GarchompExVgc\n|t:|1683211406\n|gametype|doubles\n|player|p1|Ryzell|gambler|1311\n|player|p2|GarchompExVgc|iris|1337\n|teamsize|p1|6\n|teamsize|p2|6\n|gen|9\n|tier|[Gen 9] VGC 2023 Regulation C\n|rated|\n|rule|Species Clause: Limit one of each Pok\u00e9mon\n|rule|Item Clause: Limit one of each item\n|clearpoke\n|poke|p1|Flutter Mane, L50|\n|poke|p1|Chi-Yu, L50|\n|poke|p1|Roaring Moon, L50|\n|poke|p1|Jumpluff, L50, M|\n|poke|p1|Wo-Chien, L50|\n|poke|p1|Torkoal, L50, M|\n|poke|p2|Indeedee-F, L50, F|\n|poke|p2|Iron Hands, L50|\n|poke|p2|Brute Bonnet, L50|\n|poke|p2|Armarouge, L50, F|\n|poke|p2|Hatterene, L50, F|\n|poke|p2|Ting-Lu, L50|\n|teampreview|4\n|inactive|Battle timer is ON: inactive players will automatically lose when time's up. (requested by Ryzell)\n|\n|t:|1683211440\n|start\n|switch|p1a: Roaring Moon|Roaring Moon, L50|100\/100\n|switch|p1b: Jumpluff|Jumpluff, L50, M|100\/100\n|switch|p2a: Haru|Iron Hands, L50, shiny|100\/100\n|switch|p2b: Futaba|Hatterene, L50, F, shiny|100\/100\n|turn|1\n|\n|t:|1683211461\n|-terastallize|p1a: Roaring Moon|Ground\n|move|p2a: Haru|Fake Out|p1b: Jumpluff\n|-damage|p1b: Jumpluff|83\/100\n|move|p1a: Roaring Moon|Earthquake|p2a: Haru|[spread] p2a,p2b\n|-immune|p1b: Jumpluff\n|-supereffective|p2a: Haru\n|-damage|p2a: Haru|49\/100\n|-damage|p2b: Futaba|58\/100\n|cant|p1b: Jumpluff|flinch\n|move|p2b: Futaba|Trick Room|p2b: Futaba\n|-fieldstart|move: Trick Room|[of] p2b: Futaba\n|\n|upkeep\n|turn|2\n|\n|t:|1683211485\n|-terastallize|p2a: Haru|Grass\n|move|p2b: Futaba|Psychic|p1a: Roaring Moon\n|-damage|p1a: Roaring Moon|50\/100\n|move|p2a: Haru|Ice Punch|p1b: Jumpluff\n|-supereffective|p1b: Jumpluff\n|-damage|p1b: Jumpluff|0 fnt\n|faint|p1b: Jumpluff\n|move|p1a: Roaring Moon|Earthquake|p2a: Haru|[spread] p2a,p2b\n|-resisted|p2a: Haru\n|-damage|p2a: Haru|35\/100\n|-damage|p2b: Futaba|11\/100\n|\n|upkeep\n|inactive|Ryzell has 30 seconds left.\n|\n|t:|1683211520\n|switch|p1b: Wo-Chien|Wo-Chien, L50|100\/100\n|-ability|p1b: Wo-Chien|Tablets of Ruin\n|turn|3\n|\n|t:|1683211538\n|move|p2b: Futaba|Protect|p2b: Futaba\n|-singleturn|p2b: Futaba|Protect\n|move|p1b: Wo-Chien|Pollen Puff|p1a: Roaring Moon\n|-heal|p1a: Roaring Moon|100\/100\n|move|p2a: Haru|Drain Punch|p1b: Wo-Chien\n|-supereffective|p1b: Wo-Chien\n|-damage|p1b: Wo-Chien|37\/100\n|-heal|p2a: Haru|61\/100|[from] drain|[of] p1b: Wo-Chien\n|move|p1a: Roaring Moon|Acrobatics|p2a: Haru\n|-supereffective|p2a: Haru\n|-damage|p2a: Haru|41\/100\n|\n|upkeep\n|turn|4\n|inactive|Ryzell has 30 seconds left.\n|\n|t:|1683211565\n|move|p1a: Roaring Moon|Protect|p1a: Roaring Moon\n|-singleturn|p1a: Roaring Moon|Protect\n|move|p2b: Futaba|Psychic|p1a: Roaring Moon\n|-activate|p1a: Roaring Moon|move: Protect\n|move|p1b: Wo-Chien|Pollen Puff|p2a: Haru\n|-supereffective|p2a: Haru\n|-damage|p2a: Haru|10\/100\n|move|p2a: Haru|Drain Punch|p1b: Wo-Chien\n|-supereffective|p1b: Wo-Chien\n|-damage|p1b: Wo-Chien|0 fnt\n|-heal|p2a: Haru|25\/100|[from] drain|[of] p1b: Wo-Chien\n|faint|p1b: Wo-Chien\n|\n|upkeep\n|\n|t:|1683211576\n|switch|p1b: Flutter Mane|Flutter Mane, L50|100\/100\n|turn|5\n|\n|t:|1683211595\n|move|p2b: Futaba|Psychic|p1a: Roaring Moon\n|-damage|p1a: Roaring Moon|49\/100\n|move|p1b: Flutter Mane|Shadow Ball|p2a: Haru\n|-damage|p2a: Haru|4\/100\n|move|p2a: Haru|Thunder Punch|p1b: Flutter Mane\n|-damage|p1b: Flutter Mane|55\/100\n|move|p1a: Roaring Moon|Acrobatics|p2b: Futaba\n|-damage|p2b: Futaba|0 fnt\n|faint|p2b: Futaba\n|\n|-fieldend|move: Trick Room\n|upkeep\n|\n|t:|1683211610\n|switch|p2b: Ann|Ting-Lu, L50|100\/100\n|-ability|p2b: Ann|Vessel of Ruin\n|turn|6\n|\n|t:|1683211621\n|move|p1a: Roaring Moon|Rock Slide|p2a: Haru|[spread] p2a,p2b\n|-resisted|p2b: Ann\n|-damage|p2a: Haru|0 fnt\n|-damage|p2b: Ann|96\/100\n|faint|p2a: Haru\n|-end|p2a: Haru|Quark Drive|[silent]\n|move|p2b: Ann|Heavy Slam|p1b: Flutter Mane\n|-supereffective|p1b: Flutter Mane\n|-damage|p1b: Flutter Mane|0 fnt\n|faint|p1b: Flutter Mane\n|-end|p1b: Flutter Mane|Protosynthesis|[silent]\n|\n|upkeep\n|\n|t:|1683211632\n|switch|p2a: Takemi|Brute Bonnet, L50, shiny|100\/100\n|-enditem|p2a: Takemi|Booster Energy\n|-activate|p2a: Takemi|ability: Protosynthesis|[fromitem]\n|-start|p2a: Takemi|protosynthesisatk\n|turn|7\n|-message|Ryzell forfeited.\n|\n|win|GarchompExVgc\n|raw|Ryzell's rating: 1311 → 1292<\/strong> (-19 for losing)\n|raw|GarchompExVgc's rating: 1337 → 1356<\/strong> (+19 for winning)\n|l|\u2606Ryzell\n","uploadtime":1683211653,"views":6,"p1id":"ryzell","p2id":"garchompexvgc","formatid":"gen9vgc2023regulationc","rating":1292,"private":0,"password":""}