{"id":"gen9vgc2023regulationc-1855045000","p1":"RitmanTesting1","p2":"nizlan","format":"[Gen 9] VGC 2023 Regulation C","log":"|j|\u2606RitmanTesting1\n|j|\u2606nizlan\n|t:|1682894633\n|gametype|doubles\n|player|p1|RitmanTesting1|byron|1479\n|player|p2|nizlan|giovanni|1383\n|teamsize|p1|6\n|teamsize|p2|6\n|gen|9\n|tier|[Gen 9] VGC 2023 Regulation C\n|rated|\n|rule|Species Clause: Limit one of each Pok\u00e9mon\n|rule|Item Clause: Limit one of each item\n|clearpoke\n|poke|p1|Arcanine, L50, F|\n|poke|p1|Flutter Mane, L50|\n|poke|p1|Rotom-Wash, L50|\n|poke|p1|Wo-Chien, L50|\n|poke|p1|Glimmora, L50, F|\n|poke|p1|Baxcalibur, L50, F|\n|poke|p2|Palafin, L50, M|\n|poke|p2|Ting-Lu, L50|\n|poke|p2|Garganacl, L50, F|\n|poke|p2|Flutter Mane, L50|\n|poke|p2|Arcanine, L50, M|\n|poke|p2|Gothitelle, L50, F|\n|teampreview|4\n|inactive|Battle timer is ON: inactive players will automatically lose when time's up. (requested by RitmanTesting1)\nRitmanTesting1 has agreed to open team sheets.\n|\n|t:|1682894665\n|start\n|switch|p1a: Rotom|Rotom-Wash, L50|100\/100\n|switch|p1b: Wo-Chien|Wo-Chien, L50|100\/100\n|switch|p2a: Flutter Mane|Flutter Mane, L50|100\/100\n|switch|p2b: Trap|Gothitelle, L50, F, shiny|100\/100\n|-ability|p1b: Wo-Chien|Tablets of Ruin\n|turn|1\n|\n|t:|1682894677\n|-terastallize|p2a: Flutter Mane|Fairy\n|-terastallize|p1b: Wo-Chien|Poison\n|move|p1a: Rotom|Protect|p1a: Rotom\n|-singleturn|p1a: Rotom|Protect\n|move|p2b: Trap|Fake Out|p1b: Wo-Chien\n|-damage|p1b: Wo-Chien|98\/100\n|move|p2a: Flutter Mane|Moonblast|p1b: Wo-Chien\n|-resisted|p1b: Wo-Chien\n|-damage|p1b: Wo-Chien|64\/100\n|cant|p1b: Wo-Chien|flinch\n|\n|-heal|p1b: Wo-Chien|70\/100|[from] item: Leftovers\n|upkeep\n|turn|2\n|\n|t:|1682894700\n|-end|p2a: Flutter Mane|Protosynthesis|[silent]\n|switch|p2a: Garganacl|Garganacl, L50, F|100\/100\n|move|p1b: Wo-Chien|Protect|p1b: Wo-Chien\n|-singleturn|p1b: Wo-Chien|Protect\n|move|p1a: Rotom|Nasty Plot|p1a: Rotom\n|-boost|p1a: Rotom|spa|2\n|move|p2b: Trap|Psychic|p1b: Wo-Chien\n|-activate|p1b: Wo-Chien|move: Protect\n|\n|-heal|p1b: Wo-Chien|77\/100|[from] item: Leftovers\n|upkeep\n|turn|3\n|\n|t:|1682894719\n|move|p1a: Rotom|Hydro Pump|p2a: Garganacl\n|-supereffective|p2a: Garganacl\n|-damage|p2a: Garganacl|0 fnt\n|faint|p2a: Garganacl\n|move|p1b: Wo-Chien|Leech Seed|p2b: Trap\n|-start|p2b: Trap|move: Leech Seed\n|move|p2b: Trap|Psychic|p1b: Wo-Chien\n|-supereffective|p1b: Wo-Chien\n|-damage|p1b: Wo-Chien|41\/100\n|\n|-heal|p1b: Wo-Chien|47\/100|[from] item: Leftovers\n|-damage|p2b: Trap|88\/100|[from] Leech Seed|[of] p1b: Wo-Chien\n|-heal|p1b: Wo-Chien|59\/100|[silent]\n|upkeep\n|\n|t:|1682894732\n|switch|p2a: Ting-Lu|Ting-Lu, L50|100\/100\n|-ability|p2a: Ting-Lu|Vessel of Ruin\n|turn|4\n|\n|t:|1682894741\n|move|p1b: Wo-Chien|Protect|p1b: Wo-Chien\n|-singleturn|p1b: Wo-Chien|Protect\n|move|p1a: Rotom|Hydro Pump|p2a: Ting-Lu\n|-supereffective|p2a: Ting-Lu\n|-damage|p2a: Ting-Lu|37\/100\n|move|p2b: Trap|Psychic|p1b: Wo-Chien\n|-activate|p1b: Wo-Chien|move: Protect\n|move|p2a: Ting-Lu|Fissure|p1b: Wo-Chien\n|-activate|p1b: Wo-Chien|move: Protect\n|\n|-heal|p1b: Wo-Chien|65\/100|[from] item: Leftovers\n|-damage|p2b: Trap|76\/100|[from] Leech Seed|[of] p1b: Wo-Chien\n|-heal|p1b: Wo-Chien|77\/100|[silent]\n|upkeep\n|turn|5\n|inactive|RitmanTesting1 has 30 seconds left.\n|\n|t:|1682894766\n|switch|p2b: Flutter Mane|Flutter Mane, L50, tera:Fairy|100\/100\n|move|p1a: Rotom|Hydro Pump|p2a: Ting-Lu\n|-supereffective|p2a: Ting-Lu\n|-damage|p2a: Ting-Lu|0 fnt\n|faint|p2a: Ting-Lu\n|move|p1b: Wo-Chien|Pollen Puff|p2b: Flutter Mane\n|-resisted|p2b: Flutter Mane\n|-damage|p2b: Flutter Mane|90\/100\n|\n|-heal|p1b: Wo-Chien|83\/100|[from] item: Leftovers\n|upkeep\n|-message|nizlan forfeited.\n|\n|win|RitmanTesting1\n|raw|RitmanTesting1's rating: 1479 → 1494<\/strong> (+15 for winning)\n|raw|nizlan's rating: 1383 → 1368<\/strong> (-15 for losing)\n|l|\u2606nizlan\n","uploadtime":1682894790,"views":4,"p1id":"ritmantesting1","p2id":"nizlan","formatid":"gen9vgc2023regulationc","rating":1368,"private":0,"password":""}