{"id":"gen9vgc2023regulationc-1852765257","p1":"C0sta96","p2":"bvfc11","format":"[Gen 9] VGC 2023 Regulation C","log":"|j|\u2606C0sta96\n|j|\u2606bvfc11\n|t:|1682604384\n|gametype|doubles\n|player|p1|C0sta96|sailor|1134\n|player|p2|bvfc11|1|1059\n|teamsize|p1|6\n|teamsize|p2|6\n|gen|9\n|tier|[Gen 9] VGC 2023 Regulation C\n|rated|\n|rule|Species Clause: Limit one of each Pok\u00e9mon\n|rule|Item Clause: Limit one of each item\n|clearpoke\n|poke|p1|Toedscruel, L50, M|\n|poke|p1|Dondozo, L50, F|\n|poke|p1|Tatsugiri, L50, M|\n|poke|p1|Indeedee-F, L50, F|\n|poke|p1|Armarouge, L50, F|\n|poke|p1|Ting-Lu, L50|\n|poke|p2|Amoonguss, L50, F|\n|poke|p2|Pelipper, L50, F|\n|poke|p2|Palafin, L50, F|\n|poke|p2|Barraskewda, L50, M|\n|poke|p2|Chien-Pao, L50|\n|poke|p2|Gholdengo, L50|\n|teampreview|4\n|\n|t:|1682604408\n|start\n|switch|p1a: Toedscruel|Toedscruel, L50, M|100\/100\n|switch|p1b: Kelvin|Armarouge, L50, F|100\/100\n|switch|p2a: Pelipper|Pelipper, L50, F|100\/100\n|switch|p2b: Barraskewda|Barraskewda, L50, M|100\/100\n|-weather|RainDance|[from] ability: Drizzle|[of] p2a: Pelipper\n|turn|1\n|\n|t:|1682604428\n|move|p1b: Kelvin|Protect|p1b: Kelvin\n|-singleturn|p1b: Kelvin|Protect\n|move|p2b: Barraskewda|Liquidation|p1b: Kelvin\n|-activate|p1b: Kelvin|move: Protect\n|move|p1a: Toedscruel|Power Whip|p2a: Pelipper\n|-damage|p2a: Pelipper|75\/100\n|move|p2a: Pelipper|Hurricane|p1a: Toedscruel\n|-supereffective|p1a: Toedscruel\n|-damage|p1a: Toedscruel|49\/100\n|\n|-weather|RainDance|[upkeep]\n|upkeep\n|turn|2\n|\n|t:|1682604446\n|switch|p1b: Caravela|Dondozo, L50, F|100\/100\n|move|p2b: Barraskewda|Liquidation|p1b: Caravela\n|-resisted|p1b: Caravela\n|-damage|p1b: Caravela|83\/100\n|move|p1a: Toedscruel|Power Whip|p2b: Barraskewda|[miss]\n|-miss|p1a: Toedscruel|p2b: Barraskewda\n|move|p2a: Pelipper|Hurricane|p1a: Toedscruel\n|-supereffective|p1a: Toedscruel\n|-damage|p1a: Toedscruel|0 fnt\n|faint|p1a: Toedscruel\n|\n|-weather|RainDance|[upkeep]\n|-heal|p1b: Caravela|90\/100|[from] item: Leftovers\n|upkeep\n|\n|t:|1682604461\n|switch|p1a: Kelvin|Armarouge, L50, F|100\/100\n|turn|3\n|\n|t:|1682604477\n|-terastallize|p2b: Barraskewda|Electric\n|move|p2a: Pelipper|Helping Hand|p2b: Barraskewda\n|-singleturn|p2b: Barraskewda|Helping Hand|[of] p2a: Pelipper\n|move|p1a: Kelvin|Protect|p1a: Kelvin\n|-singleturn|p1a: Kelvin|Protect\n|move|p2b: Barraskewda|Tera Blast|p1b: Caravela\n|-supereffective|p1b: Caravela\n|-damage|p1b: Caravela|33\/100\n|move|p1b: Caravela|Order Up|p2b: Barraskewda\n|-damage|p2b: Barraskewda|68\/100\n|\n|-weather|RainDance|[upkeep]\n|-heal|p1b: Caravela|39\/100|[from] item: Leftovers\n|upkeep\n|turn|4\n|\n|t:|1682604497\n|move|p2b: Barraskewda|Liquidation|p1b: Caravela\n|-resisted|p1b: Caravela\n|-damage|p1b: Caravela|22\/100\n|move|p1a: Kelvin|Expanding Force|p2b: Barraskewda\n|-damage|p2b: Barraskewda|0 fnt\n|faint|p2b: Barraskewda\n|-damage|p1a: Kelvin|90\/100|[from] item: Life Orb\n|move|p2a: Pelipper|Hurricane|p1b: Caravela\n|-damage|p1b: Caravela|0 fnt\n|faint|p1b: Caravela\n|\n|-weather|RainDance|[upkeep]\n|upkeep\n|\n|t:|1682604510\n|switch|p2b: Chien-Pao|Chien-Pao, L50|100\/100\n|switch|p1b: Magalh\u00e3es|Tatsugiri, L50, M|100\/100\n|-ability|p2b: Chien-Pao|Sword of Ruin\n|turn|5\n|\n|t:|1682604527\n|move|p2b: Chien-Pao|Ice Spinner|p1b: Magalh\u00e3es\n|-enditem|p1b: Magalh\u00e3es|Focus Sash\n|-damage|p1b: Magalh\u00e3es|1\/100\n|-damage|p2b: Chien-Pao|91\/100|[from] item: Life Orb\n|move|p1b: Magalh\u00e3es|Draco Meteor|p2a: Pelipper\n|-damage|p2a: Pelipper|0 fnt\n|-unboost|p1b: Magalh\u00e3es|spa|2\n|faint|p2a: Pelipper\n|move|p1a: Kelvin|Armor Cannon|p2b: Chien-Pao\n|-supereffective|p2b: Chien-Pao\n|-damage|p2b: Chien-Pao|0 fnt\n|-unboost|p1a: Kelvin|def|1\n|-unboost|p1a: Kelvin|spd|1\n|faint|p2b: Chien-Pao\n|-damage|p1a: Kelvin|80\/100|[from] item: Life Orb\n|\n|-weather|RainDance|[upkeep]\n|upkeep\n|-message|bvfc11 forfeited.\n|\n|win|C0sta96\n|raw|C0sta96's rating: 1134 → 1154<\/strong> (+20 for winning)\n|raw|bvfc11's rating: 1059 → 1044<\/strong> (-15 for losing)\n|l|\u2606bvfc11\n","uploadtime":1682604556,"views":11,"p1id":"c0sta96","p2id":"bvfc11","formatid":"gen9vgc2023regulationc","rating":1044,"private":0,"password":""}