{"id":"gen9vgc2023regulationc-1854724534","p1":"tadano-reol","p2":"brocksoup","format":"[Gen 9] VGC 2023 Regulation C","log":"|j|\u2606tadano-reol\n|j|\u2606brocksoup\n|t:|1682857183\n|gametype|doubles\n|player|p1|tadano-reol|red|1378\n|player|p2|brocksoup|unknown|1287\n|teamsize|p1|6\n|teamsize|p2|6\n|gen|9\n|tier|[Gen 9] VGC 2023 Regulation C\n|rated|\n|rule|Species Clause: Limit one of each Pok\u00e9mon\n|rule|Item Clause: Limit one of each item\n|clearpoke\n|poke|p1|Ting-Lu, L50|\n|poke|p1|Rotom-Wash, L50|\n|poke|p1|Amoonguss, L50, F|\n|poke|p1|Arcanine, L50, M|\n|poke|p1|Flutter Mane, L50|\n|poke|p1|Chien-Pao, L50|\n|poke|p2|Medicham, L50, M|\n|poke|p2|Iron Hands, L50|\n|poke|p2|Torkoal, L50, M|\n|poke|p2|Gyarados, L50, F|\n|poke|p2|Amoonguss, L50, M|\n|poke|p2|Chien-Pao, L50|\n|teampreview|4\n|j| hisanory\nbrocksoup rejected open team sheets.\n|inactive|Battle timer is ON: inactive players will automatically lose when time's up. (requested by tadano-reol)\n|\n|t:|1682857225\n|start\n|switch|p1a: Ting-Lu|Ting-Lu, L50|100\/100\n|switch|p1b: Rotom|Rotom-Wash, L50|100\/100\n|switch|p2a: Amoonguss|Amoonguss, L50, M|100\/100\n|switch|p2b: Medicham|Medicham, L50, M|100\/100\n|-ability|p1a: Ting-Lu|Vessel of Ruin\n|turn|1\n|\n|t:|1682857239\n|-terastallize|p1a: Ting-Lu|Fire\n|move|p1b: Rotom|Helping Hand|p1a: Ting-Lu\n|-singleturn|p1a: Ting-Lu|Helping Hand|[of] p1b: Rotom\n|move|p2b: Medicham|Fake Out|p1a: Ting-Lu\n|-damage|p1a: Ting-Lu|88\/100\n|cant|p1a: Ting-Lu|flinch\n|move|p2a: Amoonguss|Spore|p1b: Rotom\n|-activate|p1b: Rotom|item: Safety Goggles|Spore\n|\n|upkeep\n|turn|2\n|\n|t:|1682857252\n|switch|p2b: Gyarados|Gyarados, L50, F|100\/100\n|-ability|p2b: Gyarados|Intimidate|boost\n|-unboost|p1a: Ting-Lu|atk|1\n|-unboost|p1b: Rotom|atk|1\n|move|p1b: Rotom|Helping Hand|p1a: Ting-Lu\n|-singleturn|p1a: Ting-Lu|Helping Hand|[of] p1b: Rotom\n|move|p1a: Ting-Lu|Earthquake|p2a: Amoonguss|[spread] p2a\n|-immune|p1b: Rotom|[from] ability: Levitate\n|-immune|p2b: Gyarados\n|-damage|p2a: Amoonguss|56\/100\n|move|p2a: Amoonguss|Spore|p1a: Ting-Lu\n|-status|p1a: Ting-Lu|slp|[from] move: Spore\n|\n|-heal|p2a: Amoonguss|62\/100|[from] item: Leftovers\n|upkeep\n|turn|3\n|inactive|brocksoup has 30 seconds left.\n|\n|t:|1682857282\n|switch|p2a: Medicham|Medicham, L50, M|100\/100\n|move|p1b: Rotom|Thunderbolt|p2b: Gyarados\n|-supereffective|p2b: Gyarados\n|-damage|p2b: Gyarados|3\/100\n|move|p2b: Gyarados|Dragon Dance|p2b: Gyarados\n|-boost|p2b: Gyarados|atk|1\n|-boost|p2b: Gyarados|spe|1\n|cant|p1a: Ting-Lu|slp\n|\n|upkeep\n|turn|4\n|\n|t:|1682857302\n|move|p2a: Medicham|Fake Out|p1b: Rotom\n|-damage|p1b: Rotom|80\/100\n|move|p2b: Gyarados|Waterfall|p1a: Ting-Lu\n|-supereffective|p1a: Ting-Lu\n|-damage|p1a: Ting-Lu|10\/100 slp\n|cant|p1b: Rotom|flinch\n|cant|p1a: Ting-Lu|slp\n|\n|upkeep\n|turn|5\n|\n|t:|1682857319\n|switch|p1a: Arcanine|Arcanine, L50, M|100\/100\n|-ability|p1a: Arcanine|Intimidate|boost\n|-unboost|p2a: Medicham|atk|1\n|-unboost|p2b: Gyarados|atk|1\n|move|p2b: Gyarados|Waterfall|p1a: Arcanine\n|-supereffective|p1a: Arcanine\n|-crit|p1a: Arcanine\n|-damage|p1a: Arcanine|0 fnt\n|faint|p1a: Arcanine\n|move|p1b: Rotom|Thunderbolt|p2a: Medicham\n|-damage|p2a: Medicham|46\/100\n|move|p2a: Medicham|Trick Room|p2a: Medicham\n|-fieldstart|move: Trick Room|[of] p2a: Medicham\n|\n|upkeep\n|-message|tadano-reol forfeited.\n|\n|win|brocksoup\n|raw|tadano-reol's rating: 1378 → 1353<\/strong> (-25 for losing)\n|raw|brocksoup's rating: 1287 → 1318<\/strong> (+31 for winning)\n|l|\u2606tadano-reol\n|l|\u2606brocksoup\n","uploadtime":1682857448,"views":9,"p1id":"tadanoreol","p2id":"brocksoup","formatid":"gen9vgc2023regulationc","rating":1318,"private":0,"password":""}