{"id":"gen9vgc2023regulationc-1845970821","p1":"Matteo315","p2":"fo50","format":"[Gen 9] VGC 2023 Regulation C","log":"|j|\u2606Matteo315\n|j|\u2606fo50\n|t:|1681785485\n|gametype|doubles\n|player|p1|Matteo315|265|1041\n|player|p2|fo50|2|1082\n|teamsize|p1|6\n|teamsize|p2|6\n|gen|9\n|tier|[Gen 9] VGC 2023 Regulation C\n|rated|\n|rule|Species Clause: Limit one of each Pok\u00e9mon\n|rule|Item Clause: Limit one of each item\n|clearpoke\n|poke|p1|Baxcalibur, L50, F|\n|poke|p1|Abomasnow, L50, F|\n|poke|p1|Chien-Pao, L50|\n|poke|p1|Corviknight, L50, F|\n|poke|p1|Palafin, L50, F|\n|poke|p1|Houndstone, L50, F|\n|poke|p2|Scovillain, L50, F|\n|poke|p2|Dragonite, L50, M|\n|poke|p2|Tinkaton, L50, F|\n|poke|p2|Garchomp, L50, M|\n|poke|p2|Torkoal, L50, M|\n|poke|p2|Scizor, L50, F|\n|teampreview|4\n|inactive|Battle timer is ON: inactive players will automatically lose when time's up. (requested by Matteo315)\nMatteo315 rejected open team sheets.\n|inactive|fo50 has 60 seconds left.\n|\n|t:|1681785516\n|start\n|switch|p1a: Palafin|Palafin, L50, F, shiny|100\/100\n|switch|p1b: Abomasnow|Abomasnow, L50, F, shiny|100\/100\n|switch|p2a: Scizor|Scizor, L50, F|100\/100\n|switch|p2b: Tinkaton|Tinkaton, L50, F|100\/100\n|-weather|Snow|[from] ability: Snow Warning|[of] p1b: Abomasnow\n|turn|1\n|inactive|Matteo315 has 30 seconds left.\n|\n|t:|1681785541\n|move|p2b: Tinkaton|Fake Out|p1b: Abomasnow\n|-damage|p1b: Abomasnow|93\/100\n|move|p1a: Palafin|Blizzard|p2b: Tinkaton|[spread] p2a,p2b\n|-resisted|p2a: Scizor\n|-resisted|p2b: Tinkaton\n|-damage|p2a: Scizor|90\/100\n|-damage|p2b: Tinkaton|96\/100\n|move|p2a: Scizor|Swords Dance|p2a: Scizor\n|-boost|p2a: Scizor|atk|2\n|cant|p1b: Abomasnow|flinch\n|\n|-weather|Snow|[upkeep]\n|-heal|p2b: Tinkaton|100\/100|[from] item: Leftovers\n|-heal|p1b: Abomasnow|99\/100|[from] item: Leftovers\n|upkeep\n|turn|2\n|inactive|Matteo315 has 30 seconds left.\n|\n|t:|1681785568\n|move|p2a: Scizor|Bullet Punch|p1b: Abomasnow\n|-supereffective|p1b: Abomasnow\n|-damage|p1b: Abomasnow|0 fnt\n|faint|p1b: Abomasnow\n|move|p1a: Palafin|Flip Turn|p2b: Tinkaton\n|-damage|p2b: Tinkaton|84\/100\n|\n|t:|1681785575\n|detailschange|p1a: Palafin|Palafin-Hero, L50, F, shiny\n|switch|p1a: Baxcalibur|Baxcalibur, L50, F, shiny|100\/100|[from] Flip Turn\n|move|p2b: Tinkaton|Knock Off|p1a: Baxcalibur\n|-damage|p1a: Baxcalibur|88\/100\n|-enditem|p1a: Baxcalibur|Life Orb|[from] move: Knock Off|[of] p2b: Tinkaton\n|\n|-weather|Snow|[upkeep]\n|-heal|p1a: Baxcalibur|94\/100|[from] ability: Ice Body\n|-heal|p2b: Tinkaton|91\/100|[from] item: Leftovers\n|upkeep\n|\n|t:|1681785586\n|switch|p1b: Chien-Pao|Chien-Pao, L50|100\/100\n|-ability|p1b: Chien-Pao|Sword of Ruin\n|turn|3\n|inactive|Matteo315 has 30 seconds left.\n|\n|t:|1681785615\n|move|p2a: Scizor|Bullet Punch|p1a: Baxcalibur\n|-supereffective|p1a: Baxcalibur\n|-crit|p1a: Baxcalibur\n|-damage|p1a: Baxcalibur|0 fnt\n|faint|p1a: Baxcalibur\n|move|p1b: Chien-Pao|Brick Break|p2a: Scizor\n|-damage|p2a: Scizor|57\/100\n|move|p2b: Tinkaton|Gigaton Hammer|p1b: Chien-Pao\n|-supereffective|p1b: Chien-Pao\n|-damage|p1b: Chien-Pao|17\/100\n|-enditem|p1b: Chien-Pao|Wiki Berry|[eat]\n|-heal|p1b: Chien-Pao|50\/100|[from] item: Wiki Berry\n|\n|-weather|Snow|[upkeep]\n|-heal|p2b: Tinkaton|97\/100|[from] item: Leftovers\n|upkeep\n|\n|t:|1681785625\n|switch|p1a: Palafin|Palafin-Hero, L50, F, shiny|100\/100\n|-activate|p1a: Palafin|ability: Zero to Hero\n|turn|4\n|\n|t:|1681785636\n|move|p2a: Scizor|Bullet Punch|p1b: Chien-Pao\n|-supereffective|p1b: Chien-Pao\n|-crit|p1b: Chien-Pao\n|-damage|p1b: Chien-Pao|0 fnt\n|faint|p1b: Chien-Pao\n|move|p1a: Palafin|Blizzard|p2b: Tinkaton|[spread] p2a,p2b\n|-resisted|p2a: Scizor\n|-resisted|p2b: Tinkaton\n|-damage|p2a: Scizor|41\/100\n|-damage|p2b: Tinkaton|89\/100\n|-enditem|p2a: Scizor|Sitrus Berry|[eat]\n|-heal|p2a: Scizor|66\/100|[from] item: Sitrus Berry\n|move|p2b: Tinkaton|Knock Off|p1a: Palafin\n|-damage|p1a: Palafin|84\/100\n|-enditem|p1a: Palafin|Quick Claw|[from] move: Knock Off|[of] p2b: Tinkaton\n|\n|-weather|Snow|[upkeep]\n|-heal|p2b: Tinkaton|95\/100|[from] item: Leftovers\n|upkeep\n|turn|5\n|\n|t:|1681785657\n|move|p1a: Palafin|Blizzard|p2b: Tinkaton|[spread] p2a,p2b\n|-resisted|p2a: Scizor\n|-resisted|p2b: Tinkaton\n|-damage|p2a: Scizor|50\/100\n|-damage|p2b: Tinkaton|89\/100\n|-status|p2b: Tinkaton|frz\n|cant|p2b: Tinkaton|frz\n|move|p2a: Scizor|Trailblaze|p1a: Palafin\n|-supereffective|p1a: Palafin\n|-damage|p1a: Palafin|0 fnt\n|-boost|p2a: Scizor|spe|1\n|faint|p1a: Palafin\n|\n|win|fo50\n|raw|Matteo315's rating: 1041 → 1027<\/strong> (-14 for losing)\n|raw|fo50's rating: 1082 → 1106<\/strong> (+24 for winning)\n|l|\u2606Matteo315\n","uploadtime":1681785672,"views":8,"p1id":"matteo315","p2id":"fo50","formatid":"gen9vgc2023regulationc","rating":1027,"private":0,"password":""}