{"id":"gen9vgc2023regulationc-1860432636","p1":"qurby","p2":"PRANAVSHOWDOWN","format":"[Gen 9] VGC 2023 Regulation C","log":"|j|\u2606qurby\n|j|\u2606PRANAVSHOWDOWN\n|t:|1683643757\n|gametype|doubles\n|player|p1|qurby|1|1048\n|player|p2|PRANAVSHOWDOWN|flint|1067\n|teamsize|p1|6\n|teamsize|p2|6\n|gen|9\n|tier|[Gen 9] VGC 2023 Regulation C\n|rated|\n|rule|Species Clause: Limit one of each Pok\u00e9mon\n|rule|Item Clause: Limit one of each item\n|clearpoke\n|poke|p1|Scizor, L50, F|\n|poke|p1|Klefki, L50, F|\n|poke|p1|Volcarona, L50, M|\n|poke|p1|Haxorus, L50, M|\n|poke|p1|Tatsugiri, L50, F|\n|poke|p1|Pincurchin, L50, F|\n|poke|p2|Iron Moth, L50|\n|poke|p2|Staraptor, L50, F|\n|poke|p2|Iron Bundle, L50|\n|poke|p2|Sandy Shocks, L50|\n|poke|p2|Murkrow, L50, F|\n|poke|p2|Chi-Yu, L50|\n|teampreview|4\n|inactive|Battle timer is ON: inactive players will automatically lose when time's up. (requested by PRANAVSHOWDOWN)\n|inactive|qurby has 60 seconds left.\n|\n|t:|1683643789\n|start\n|switch|p1a: Scizor|Scizor, L50, F|100\/100\n|switch|p1b: Tatsugiri|Tatsugiri, L50, F|100\/100\n|switch|p2a: Chi-Yu|Chi-Yu, L50|100\/100\n|switch|p2b: Iron Moth|Iron Moth, L50|100\/100\n|-ability|p2a: Chi-Yu|Beads of Ruin\n|turn|1\n|inactive|PRANAVSHOWDOWN has 30 seconds left.\n|\n|t:|1683643814\n|switch|p1a: Haxorus|Haxorus, L50, M|100\/100\n|-ability|p1a: Haxorus|Mold Breaker\n|move|p2b: Iron Moth|Dazzling Gleam|p1b: Tatsugiri|[spread] p1a,p1b\n|-supereffective|p1a: Haxorus\n|-crit|p1a: Haxorus\n|-supereffective|p1b: Tatsugiri\n|-damage|p1a: Haxorus|0 fnt\n|-damage|p1b: Tatsugiri|26\/100\n|faint|p1a: Haxorus\n|move|p2a: Chi-Yu|Heat Wave|p1b: Tatsugiri\n|-resisted|p1b: Tatsugiri\n|-damage|p1b: Tatsugiri|3\/100\n|-status|p1b: Tatsugiri|brn\n|move|p1b: Tatsugiri|Muddy Water|p2a: Chi-Yu|[spread] p2a,p2b\n|-supereffective|p2a: Chi-Yu\n|-supereffective|p2b: Iron Moth\n|-damage|p2a: Chi-Yu|0 fnt\n|-enditem|p2b: Iron Moth|Focus Sash\n|-damage|p2b: Iron Moth|1\/100\n|faint|p2a: Chi-Yu\n|\n|-damage|p1b: Tatsugiri|0 fnt|[from] brn\n|faint|p1b: Tatsugiri\n|upkeep\n|inactive|PRANAVSHOWDOWN has 30 seconds left.\n|\n|t:|1683643840\n|switch|p1a: Scizor|Scizor, L50, F|100\/100\n|switch|p2a: Staraptor|Staraptor, L50, F|100\/100\n|switch|p1b: Pincurchin|Pincurchin, L50, F|100\/100\n|turn|2\n|\n|t:|1683643853\n|-terastallize|p2a: Staraptor|Normal\n|-terastallize|p1b: Pincurchin|Electric\n|move|p1a: Scizor|Bullet Punch|p2b: Iron Moth\n|-resisted|p2b: Iron Moth\n|-crit|p2b: Iron Moth\n|-damage|p2b: Iron Moth|0 fnt\n|faint|p2b: Iron Moth\n|-end|p2b: Iron Moth|Quark Drive|[silent]\n|move|p2a: Staraptor|Double-Edge|p1b: Pincurchin\n|-damage|p1b: Pincurchin|15\/100\n|-damage|p2a: Staraptor|73\/100|[from] Recoil\n|move|p1b: Pincurchin|Thunderbolt|p2a: Staraptor\n|-damage|p2a: Staraptor|5\/100\n|-enditem|p2a: Staraptor|Aguav Berry|[eat]\n|-heal|p2a: Staraptor|38\/100|[from] item: Aguav Berry\n|\n|-heal|p1b: Pincurchin|21\/100|[from] item: Leftovers\n|upkeep\n|\n|t:|1683643873\n|switch|p2b: Iron Bundle|Iron Bundle, L50|100\/100\n|turn|3\n|\n|t:|1683643883\n|move|p1b: Pincurchin|Protect|p1b: Pincurchin\n|-singleturn|p1b: Pincurchin|Protect\n|move|p1a: Scizor|Bullet Punch|p2a: Staraptor\n|-damage|p2a: Staraptor|0 fnt\n|faint|p2a: Staraptor\n|move|p2b: Iron Bundle|Blizzard|p1a: Scizor|[spread] p1a\n|-activate|p1b: Pincurchin|move: Protect\n|-resisted|p1a: Scizor\n|-crit|p1a: Scizor\n|-damage|p1a: Scizor|58\/100\n|\n|-heal|p1b: Pincurchin|27\/100|[from] item: Leftovers\n|upkeep\n|turn|4\n|\n|t:|1683643901\n|move|p1a: Scizor|Bullet Punch|p2b: Iron Bundle\n|-damage|p2b: Iron Bundle|74\/100\n|move|p2b: Iron Bundle|Blizzard|p1b: Pincurchin|[spread] p1a,p1b\n|-resisted|p1a: Scizor\n|-damage|p1a: Scizor|30\/100\n|-damage|p1b: Pincurchin|0 fnt\n|faint|p1b: Pincurchin\n|\n|upkeep\n|turn|5\n|\n|t:|1683643913\n|move|p2b: Iron Bundle|Icy Wind|p1a: Scizor\n|-resisted|p1a: Scizor\n|-damage|p1a: Scizor|10\/100\n|-unboost|p1a: Scizor|spe|1\n|move|p1a: Scizor|Close Combat|p2b: Iron Bundle\n|-supereffective|p2b: Iron Bundle\n|-damage|p2b: Iron Bundle|0 fnt\n|-unboost|p1a: Scizor|def|1\n|-unboost|p1a: Scizor|spd|1\n|faint|p2b: Iron Bundle\n|-end|p2b: Iron Bundle|Quark Drive|[silent]\n|\n|win|qurby\n|raw|qurby's rating: 1048 → 1083<\/strong> (+35 for winning)\n|raw|PRANAVSHOWDOWN's rating: 1067 → 1046<\/strong> (-21 for losing)\n","uploadtime":1683643927,"views":5,"p1id":"qurby","p2id":"pranavshowdown","formatid":"gen9vgc2023regulationc","rating":1046,"private":0,"password":""}