{"id":"gen9vgc2023regulationc-1845949824","p1":"anidiotnon","p2":"Avenger5","format":"[Gen 9] VGC 2023 Regulation C","log":"|j|\u2606anidiotnon\n|j|\u2606Avenger5\n|t:|1681782850\n|gametype|doubles\n|player|p1|anidiotnon|acetrainer-gen7|1148\n|player|p2|Avenger5|lucas|1147\n|teamsize|p1|6\n|teamsize|p2|6\n|gen|9\n|tier|[Gen 9] VGC 2023 Regulation C\n|rated|\n|rule|Species Clause: Limit one of each Pok\u00e9mon\n|rule|Item Clause: Limit one of each item\n|clearpoke\n|poke|p1|Flutter Mane, L50|\n|poke|p1|Tatsugiri, L50, F|\n|poke|p1|Dondozo, L50, F|\n|poke|p1|Flamigo, L50, M|\n|poke|p1|Murkrow, L50, M|\n|poke|p1|Sylveon, L50, F|\n|poke|p2|Chien-Pao, L50|\n|poke|p2|Hawlucha, L50, M|\n|poke|p2|Palafin, L50, M|\n|poke|p2|Arcanine, L50, M|\n|poke|p2|Tyranitar, L50, M|\n|poke|p2|Amoonguss, L50, M|\n|teampreview|4\n|inactive|Battle timer is ON: inactive players will automatically lose when time's up. (requested by anidiotnon)\nanidiotnon rejected open team sheets.\n|inactive|Avenger5 has 60 seconds left.\n|\n|t:|1681782898\n|start\n|switch|p1a: Murkrow|Murkrow, L50, M|100\/100\n|switch|p1b: Tatsugiri|Tatsugiri, L50, F|100\/100\n|switch|p2a: Chien-Pao|Chien-Pao, L50|100\/100\n|switch|p2b: Palafin|Palafin, L50, M|100\/100\n|-ability|p2a: Chien-Pao|Sword of Ruin\n|turn|1\n|\n|t:|1681782912\n|move|p1b: Tatsugiri|Protect|p1b: Tatsugiri\n|-singleturn|p1b: Tatsugiri|Protect\n|move|p1a: Murkrow|Perish Song|p1a: Murkrow\n|-start|p1a: Murkrow|perish3|[silent]\n|-start|p1b: Tatsugiri|perish3|[silent]\n|-start|p2a: Chien-Pao|perish3|[silent]\n|-start|p2b: Palafin|perish3|[silent]\n|-fieldactivate|move: Perish Song\n|move|p2a: Chien-Pao|Ice Spinner|p1a: Murkrow\n|-supereffective|p1a: Murkrow\n|-damage|p1a: Murkrow|17\/100\n|move|p2b: Palafin|Flip Turn|p1a: Murkrow\n|-damage|p1a: Murkrow|0 fnt\n|faint|p1a: Murkrow\n|\n|t:|1681782924\n|detailschange|p2b: Palafin|Palafin-Hero, L50, M\n|switch|p2b: Hawlucha|Hawlucha, L50, M|100\/100|[from] Flip Turn\n|\n|-start|p2a: Chien-Pao|perish3\n|-start|p1b: Tatsugiri|perish3\n|upkeep\n|\n|t:|1681782946\n|switch|p1a: Dondozo|Dondozo, L50, F|100\/100\n|-activate|p1b: Tatsugiri|ability: Commander|[of] p1a: Dondozo\n|-boost|p1a: Dondozo|atk|2\n|-boost|p1a: Dondozo|spa|2\n|-boost|p1a: Dondozo|spe|2\n|-boost|p1a: Dondozo|def|2\n|-boost|p1a: Dondozo|spd|2\n|-enditem|p2b: Hawlucha|Mirror Herb\n|-boost|p2b: Hawlucha|atk|2|[from] item: Mirror Herb\n|-boost|p2b: Hawlucha|spa|2|[from] item: Mirror Herb\n|-boost|p2b: Hawlucha|spe|2|[from] item: Mirror Herb\n|-boost|p2b: Hawlucha|def|2|[from] item: Mirror Herb\n|-boost|p2b: Hawlucha|spd|2|[from] item: Mirror Herb\n|turn|2\n|inactive|Avenger5 has 30 seconds left.\n|\n|t:|1681782975\n|move|p2b: Hawlucha|Helping Hand|p2a: Chien-Pao\n|-singleturn|p2a: Chien-Pao|Helping Hand|[of] p2b: Hawlucha\n|move|p1a: Dondozo|Protect|p1a: Dondozo\n|-singleturn|p1a: Dondozo|Protect\n|move|p2a: Chien-Pao|Sacred Sword|p1a: Dondozo\n|-activate|p1a: Dondozo|move: Protect\n|\n|-start|p2a: Chien-Pao|perish2\n|-start|p1b: Tatsugiri|perish2\n|upkeep\n|turn|3\n|\n|t:|1681782998\n|move|p2b: Hawlucha|Encore|p1a: Dondozo\n|-start|p1a: Dondozo|Encore\n|move|p2a: Chien-Pao|Sacred Sword|p1a: Dondozo\n|-damage|p1a: Dondozo|78\/100\n|move|p1a: Dondozo|Protect||[still]\n|-fail|p1a: Dondozo\n|\n|-heal|p1a: Dondozo|84\/100|[from] item: Leftovers\n|-start|p2a: Chien-Pao|perish1\n|-start|p1b: Tatsugiri|perish1\n|upkeep\n|turn|4\n|\n|t:|1681783012\n|move|p2b: Hawlucha|Helping Hand|p2a: Chien-Pao\n|-singleturn|p2a: Chien-Pao|Helping Hand|[of] p2b: Hawlucha\n|move|p1a: Dondozo|Protect|p1a: Dondozo\n|-singleturn|p1a: Dondozo|Protect\n|move|p2a: Chien-Pao|Sacred Sword|p1a: Dondozo\n|-activate|p1a: Dondozo|move: Protect\n|\n|-heal|p1a: Dondozo|90\/100|[from] item: Leftovers\n|-start|p2a: Chien-Pao|perish0\n|-start|p1b: Tatsugiri|perish0\n|faint|p2a: Chien-Pao\n|faint|p1b: Tatsugiri\n|upkeep\n|\n|t:|1681783023\n|switch|p2a: Palafin|Palafin-Hero, L50, M|100\/100\n|switch|p1b: Flamigo|Flamigo, L50, M|100\/100\n|-activate|p2a: Palafin|ability: Zero to Hero\n|-copyboost|p1b: Flamigo|p1a: Dondozo|[from] ability: Costar\n|turn|5\n|\n|t:|1681783037\n|move|p1a: Dondozo|Protect|p1a: Dondozo\n|-singleturn|p1a: Dondozo|Protect\n|move|p2a: Palafin|Jet Punch|p1b: Flamigo\n|-damage|p1b: Flamigo|72\/100\n|move|p2b: Hawlucha|Acrobatics|p1b: Flamigo\n|-supereffective|p1b: Flamigo\n|-damage|p1b: Flamigo|0 fnt\n|faint|p1b: Flamigo\n|\n|-heal|p1a: Dondozo|97\/100|[from] item: Leftovers\n|-end|p1a: Dondozo|Encore\n|upkeep\n|turn|6\n|\n|t:|1681783056\n|move|p2b: Hawlucha|Encore|p1a: Dondozo\n|-start|p1a: Dondozo|Encore\n|move|p2a: Palafin|Wave Crash|p1a: Dondozo\n|-resisted|p1a: Dondozo\n|-damage|p1a: Dondozo|82\/100\n|-damage|p2a: Palafin|95\/100|[from] Recoil\n|move|p1a: Dondozo|Protect||[still]\n|-fail|p1a: Dondozo\n|\n|-heal|p1a: Dondozo|88\/100|[from] item: Leftovers\n|upkeep\n|turn|7\n|\n|t:|1681783073\n|move|p1a: Dondozo|Protect|p1a: Dondozo\n|-singleturn|p1a: Dondozo|Protect\n|move|p2b: Hawlucha|Close Combat|p1a: Dondozo\n|-activate|p1a: Dondozo|move: Protect\n|move|p2a: Palafin|Wave Crash|p1a: Dondozo\n|-activate|p1a: Dondozo|move: Protect\n|\n|-heal|p1a: Dondozo|95\/100|[from] item: Leftovers\n|upkeep\n|turn|8\n|\n|t:|1681783088\n|-terastallize|p2b: Hawlucha|Flying\n|move|p1a: Dondozo|Protect||[still]\n|-fail|p1a: Dondozo\n|move|p2b: Hawlucha|Acrobatics|p1a: Dondozo\n|-damage|p1a: Dondozo|75\/100\n|move|p2a: Palafin|Wave Crash|p1a: Dondozo\n|-resisted|p1a: Dondozo\n|-damage|p1a: Dondozo|61\/100\n|-damage|p2a: Palafin|89\/100|[from] Recoil\n|\n|-heal|p1a: Dondozo|67\/100|[from] item: Leftovers\n|-end|p1a: Dondozo|Encore\n|upkeep\n|turn|9\n|\n|t:|1681783110\n|move|p1a: Dondozo|Protect|p1a: Dondozo\n|-singleturn|p1a: Dondozo|Protect\n|move|p2b: Hawlucha|Encore|p1a: Dondozo\n|-activate|p1a: Dondozo|move: Protect\n|move|p2a: Palafin|Wave Crash|p1a: Dondozo\n|-activate|p1a: Dondozo|move: Protect\n|\n|-heal|p1a: Dondozo|74\/100|[from] item: Leftovers\n|upkeep\n|turn|10\n|\n|t:|1681783122\n|move|p1a: Dondozo|Protect||[still]\n|-fail|p1a: Dondozo\n|move|p2b: Hawlucha|Encore|p1a: Dondozo\n|-start|p1a: Dondozo|Encore\n|move|p2a: Palafin|Wave Crash|p1a: Dondozo\n|-resisted|p1a: Dondozo\n|-damage|p1a: Dondozo|59\/100\n|-damage|p2a: Palafin|83\/100|[from] Recoil\n|\n|-heal|p1a: Dondozo|65\/100|[from] item: Leftovers\n|upkeep\n|turn|11\n|\n|t:|1681783135\n|move|p1a: Dondozo|Protect|p1a: Dondozo\n|-singleturn|p1a: Dondozo|Protect\n|move|p2b: Hawlucha|Acrobatics|p1a: Dondozo\n|-activate|p1a: Dondozo|move: Protect\n|move|p2a: Palafin|Wave Crash|p1a: Dondozo\n|-activate|p1a: Dondozo|move: Protect\n|\n|-heal|p1a: Dondozo|71\/100|[from] item: Leftovers\n|upkeep\n|turn|12\n|\n|t:|1681783146\n|move|p1a: Dondozo|Protect||[still]\n|-fail|p1a: Dondozo\n|move|p2b: Hawlucha|Acrobatics|p1a: Dondozo\n|-damage|p1a: Dondozo|53\/100\n|move|p2a: Palafin|Wave Crash|p1a: Dondozo\n|-resisted|p1a: Dondozo\n|-damage|p1a: Dondozo|39\/100\n|-damage|p2a: Palafin|77\/100|[from] Recoil\n|\n|-heal|p1a: Dondozo|45\/100|[from] item: Leftovers\n|upkeep\n|turn|13\n|\n|t:|1681783160\n|move|p1a: Dondozo|Protect|p1a: Dondozo\n|-singleturn|p1a: Dondozo|Protect\n|move|p2b: Hawlucha|Acrobatics|p1a: Dondozo\n|-activate|p1a: Dondozo|move: Protect\n|move|p2a: Palafin|Wave Crash|p1a: Dondozo\n|-activate|p1a: Dondozo|move: Protect\n|\n|-heal|p1a: Dondozo|51\/100|[from] item: Leftovers\n|-end|p1a: Dondozo|Encore\n|upkeep\n|turn|14\n|\n|t:|1681783175\n|move|p2b: Hawlucha|Encore|p1a: Dondozo\n|-start|p1a: Dondozo|Encore\n|move|p2a: Palafin|Wave Crash|p1a: Dondozo\n|-resisted|p1a: Dondozo\n|-damage|p1a: Dondozo|35\/100\n|-damage|p2a: Palafin|70\/100|[from] Recoil\n|move|p1a: Dondozo|Protect||[still]\n|-fail|p1a: Dondozo\n|\n|-heal|p1a: Dondozo|41\/100|[from] item: Leftovers\n|upkeep\n|turn|15\n|\n|t:|1681783187\n|move|p1a: Dondozo|Protect|p1a: Dondozo\n|-singleturn|p1a: Dondozo|Protect\n|move|p2b: Hawlucha|Acrobatics|p1a: Dondozo\n|-activate|p1a: Dondozo|move: Protect\n|move|p2a: Palafin|Wave Crash|p1a: Dondozo\n|-activate|p1a: Dondozo|move: Protect\n|\n|-heal|p1a: Dondozo|48\/100|[from] item: Leftovers\n|upkeep\n|turn|16\n|\n|t:|1681783198\n|move|p1a: Dondozo|Protect||[still]\n|-fail|p1a: Dondozo\n|move|p2b: Hawlucha|Acrobatics|p1a: Dondozo\n|-damage|p1a: Dondozo|27\/100\n|move|p2a: Palafin|Wave Crash|p1a: Dondozo\n|-resisted|p1a: Dondozo\n|-damage|p1a: Dondozo|11\/100\n|-damage|p2a: Palafin|63\/100|[from] Recoil\n|\n|-heal|p1a: Dondozo|18\/100|[from] item: Leftovers\n|-end|p1a: Dondozo|Encore\n|upkeep\n|turn|17\n|-message|anidiotnon forfeited.\n|\n|win|Avenger5\n|raw|anidiotnon's rating: 1148 → 1123<\/strong> (-25 for losing)\n|raw|Avenger5's rating: 1147 → 1172<\/strong> (+25 for winning)\n|l|\u2606anidiotnon\n","uploadtime":1681783217,"views":5,"p1id":"anidiotnon","p2id":"avenger5","formatid":"gen9vgc2023regulationc","rating":1123,"private":0,"password":""}