{"id":"gen9vgc2023regulationc-1851548536","p1":"Plondworm","p2":"Piccolo Ruiz","format":"[Gen 9] VGC 2023 Regulation C","log":"|j|\u2606Plondworm\n|j|\u2606Piccolo Ruiz\n|t:|1682454653\n|gametype|doubles\n|player|p1|Plondworm|swimmer|1264\n|player|p2|Piccolo Ruiz|valerie|1304\n|teamsize|p1|6\n|teamsize|p2|6\n|gen|9\n|tier|[Gen 9] VGC 2023 Regulation C\n|rated|\n|rule|Species Clause: Limit one of each Pok\u00e9mon\n|rule|Item Clause: Limit one of each item\n|clearpoke\n|poke|p1|Lycanroc-Midnight, L50, F|\n|poke|p1|Medicham, L50, F|\n|poke|p1|Dondozo, L50, M|\n|poke|p1|Tatsugiri-Stretchy, L50, F|\n|poke|p1|Mimikyu, L50, F|\n|poke|p1|Ting-Lu, L50|\n|poke|p2|Flutter Mane, L50|\n|poke|p2|Amoonguss, L50, F|\n|poke|p2|Gyarados, L50, F|\n|poke|p2|Arcanine, L50, F|\n|poke|p2|Ting-Lu, L50|\n|poke|p2|Baxcalibur, L50, F|\n|teampreview|4\n|inactive|Battle timer is ON: inactive players will automatically lose when time's up. (requested by Piccolo Ruiz)\n|inactive|Piccolo Ruiz has 60 seconds left.\nPlondworm rejected open team sheets.\n|inactive|Piccolo Ruiz has 30 seconds left.\n|inactive|Piccolo Ruiz has 20 seconds left.\n|inactive|Piccolo Ruiz has 15 seconds left.\n|inactive|Piccolo Ruiz has 10 seconds left.\n|inactive|Piccolo Ruiz has 5 seconds left.\n|\n|t:|1682454743\n|start\n|switch|p1a: Lycanroc|Lycanroc-Midnight, L50, F|100\/100\n|switch|p1b: Medicham|Medicham, L50, F|100\/100\n|switch|p2a: Sasha Colby|Flutter Mane, L50|100\/100\n|switch|p2b: Amoonguss|Amoonguss, L50, F, shiny|100\/100\n|-enditem|p2a: Sasha Colby|Booster Energy\n|-activate|p2a: Sasha Colby|ability: Protosynthesis|[fromitem]\n|-start|p2a: Sasha Colby|protosynthesisspa\n|turn|1\n|inactive|Piccolo Ruiz has 30 seconds left.\n|inactive|Piccolo Ruiz has 20 seconds left.\n|inactive|Piccolo Ruiz has 15 seconds left.\n|inactive|Piccolo Ruiz has 10 seconds left.\n|\n|t:|1682454790\n|move|p2b: Amoonguss|Rage Powder|p2b: Amoonguss\n|-singleturn|p2b: Amoonguss|move: Rage Powder\n|move|p2a: Sasha Colby|Shadow Ball|p1b: Medicham\n|-supereffective|p1b: Medicham\n|-enditem|p1b: Medicham|Focus Sash\n|-damage|p1b: Medicham|1\/100\n|move|p1a: Lycanroc|Stone Edge|p2b: Amoonguss\n|-damage|p2b: Amoonguss|62\/100\n|move|p1b: Medicham|Skill Swap|p2b: Amoonguss\n|-activate|p1b: Medicham|move: Skill Swap|Regenerator|Pure Power|[of] p2b: Amoonguss\n|\n|upkeep\n|turn|2\n|inactive|Piccolo Ruiz has 30 seconds left.\n|inactive|Piccolo Ruiz has 20 seconds left.\n|\n|t:|1682454829\n|move|p1b: Medicham|Detect|p1b: Medicham\n|-singleturn|p1b: Medicham|Protect\n|move|p2b: Amoonguss|Rage Powder|p2b: Amoonguss\n|-singleturn|p2b: Amoonguss|move: Rage Powder\n|move|p2a: Sasha Colby|Dazzling Gleam|p1a: Lycanroc|[spread] p1a\n|-activate|p1b: Medicham|move: Protect\n|-damage|p1a: Lycanroc|42\/100\n|move|p1a: Lycanroc|Stone Edge|p2b: Amoonguss\n|-damage|p2b: Amoonguss|18\/100\n|\n|upkeep\n|turn|3\n|inactive|Plondworm has 30 seconds left.\n|\n|t:|1682454854\n|switch|p2b: Raja|Arcanine, L50, F|100\/100\n|-ability|p2b: Raja|Intimidate|boost\n|-unboost|p1a: Lycanroc|atk|1\n|-unboost|p1b: Medicham|atk|1\n|move|p1b: Medicham|Detect||[still]\n|-fail|p1b: Medicham\n|move|p2a: Sasha Colby|Dazzling Gleam|p1a: Lycanroc|[spread] p1a,p1b\n|-supereffective|p1b: Medicham\n|-damage|p1a: Lycanroc|0 fnt\n|-damage|p1b: Medicham|0 fnt\n|faint|p1a: Lycanroc\n|faint|p1b: Medicham\n|\n|upkeep\n|inactive|Plondworm has 30 seconds left.\n|inactive|Plondworm has 20 seconds left.\n|inactive|Plondworm has 15 seconds left.\n|inactive|Plondworm has 10 seconds left.\n|inactive|Plondworm has 5 seconds left.\n|\n|t:|1682454909\n|switch|p1a: Dondozo|Dondozo, L50, M|100\/100\n|switch|p1b: Tatsugiri|Tatsugiri-Stretchy, L50, F|100\/100\n|-activate|p1b: Tatsugiri|ability: Commander|[of] p1a: Dondozo\n|-boost|p1a: Dondozo|atk|2\n|-boost|p1a: Dondozo|spa|2\n|-boost|p1a: Dondozo|spe|2\n|-boost|p1a: Dondozo|def|2\n|-boost|p1a: Dondozo|spd|2\n|turn|4\n|\n|t:|1682454920\n|switch|p2b: Ting-Lu|Ting-Lu, L50|100\/100\n|-ability|p2b: Ting-Lu|Vessel of Ruin\n|move|p2a: Sasha Colby|Protect|p2a: Sasha Colby\n|-singleturn|p2a: Sasha Colby|Protect\n|move|p1a: Dondozo|Wave Crash|p2b: Ting-Lu\n|-supereffective|p2b: Ting-Lu\n|-damage|p2b: Ting-Lu|17\/100\n|-damage|p1a: Dondozo|73\/100|[from] Recoil\n|\n|-heal|p1a: Dondozo|79\/100|[from] item: Leftovers\n|upkeep\n|turn|5\n|\n|t:|1682454942\n|switch|p2b: Raja|Arcanine, L50, F|100\/100\n|-ability|p2b: Raja|Intimidate|boost\n|-unboost|p1a: Dondozo|atk|1\n|-unboost|p1b: Tatsugiri|atk|1\n|-terastallize|p2a: Sasha Colby|Fairy\n|move|p1a: Dondozo|Protect|p1a: Dondozo\n|-singleturn|p1a: Dondozo|Protect\n|move|p2a: Sasha Colby|Moonblast|p1a: Dondozo\n|-activate|p1a: Dondozo|move: Protect\n|\n|-heal|p1a: Dondozo|86\/100|[from] item: Leftovers\n|upkeep\n|turn|6\n|\n|t:|1682454954\n|switch|p2b: Ting-Lu|Ting-Lu, L50|17\/100\n|-ability|p2b: Ting-Lu|Vessel of Ruin\n|move|p2a: Sasha Colby|Protect|p2a: Sasha Colby\n|-singleturn|p2a: Sasha Colby|Protect\n|move|p1a: Dondozo|Wave Crash|p2a: Sasha Colby\n|-activate|p2a: Sasha Colby|move: Protect\n|\n|-heal|p1a: Dondozo|92\/100|[from] item: Leftovers\n|upkeep\n|turn|7\n|\n|t:|1682454965\n|switch|p2b: Raja|Arcanine, L50, F|100\/100\n|-ability|p2b: Raja|Intimidate|boost\n|-unboost|p1a: Dondozo|atk|1\n|-unboost|p1b: Tatsugiri|atk|1\n|move|p1a: Dondozo|Wave Crash|p2a: Sasha Colby\n|-damage|p2a: Sasha Colby|32\/100\n|-damage|p1a: Dondozo|77\/100|[from] Recoil\n|move|p2a: Sasha Colby|Moonblast|p1a: Dondozo\n|-damage|p1a: Dondozo|37\/100\n|\n|-heal|p1a: Dondozo|43\/100|[from] item: Leftovers\n|upkeep\n|turn|8\n|\n|t:|1682454987\n|switch|p2b: Amoonguss|Amoonguss, L50, F, shiny|18\/100\n|move|p1a: Dondozo|Protect|p1a: Dondozo\n|-singleturn|p1a: Dondozo|Protect\n|move|p2a: Sasha Colby|Protect||[still]\n|-fail|p2a: Sasha Colby\n|\n|-heal|p1a: Dondozo|49\/100|[from] item: Leftovers\n|upkeep\n|turn|9\n|inactive|Plondworm has 30 seconds left.\n|\n|t:|1682455022\n|-end|p2a: Sasha Colby|Protosynthesis|[silent]\n|switch|p2a: Ting-Lu|Ting-Lu, L50|17\/100\n|-ability|p2a: Ting-Lu|Vessel of Ruin\n|switch|p2b: Raja|Arcanine, L50, F|100\/100\n|-ability|p2b: Raja|Intimidate|boost\n|-unboost|p1a: Dondozo|atk|1\n|-unboost|p1b: Tatsugiri|atk|1\n|move|p1a: Dondozo|Wave Crash|p2b: Raja\n|-supereffective|p2b: Raja\n|-damage|p2b: Raja|43\/100\n|-damage|p1a: Dondozo|34\/100|[from] Recoil\n|\n|-heal|p1a: Dondozo|40\/100|[from] item: Leftovers\n|upkeep\n|turn|10\n|\n|t:|1682455038\n|switch|p2a: Amoonguss|Amoonguss, L50, F, shiny|51\/100\n|move|p2b: Raja|Protect|p2b: Raja\n|-singleturn|p2b: Raja|Protect\n|move|p1a: Dondozo|Substitute|p1a: Dondozo\n|-start|p1a: Dondozo|Substitute\n|-damage|p1a: Dondozo|15\/100\n|\n|-heal|p1a: Dondozo|21\/100|[from] item: Leftovers\n|upkeep\n|turn|11\n|inactive|Piccolo Ruiz has 30 seconds left.\n|\n|t:|1682455065\n|move|p1a: Dondozo|Protect|p1a: Dondozo\n|-singleturn|p1a: Dondozo|Protect\n|move|p2b: Raja|Flare Blitz|p1a: Dondozo\n|-activate|p1a: Dondozo|move: Protect\n|move|p2a: Amoonguss|Pollen Puff|p1a: Dondozo\n|-activate|p1a: Dondozo|move: Protect\n|\n|-heal|p1a: Dondozo|27\/100|[from] item: Leftovers\n|upkeep\n|turn|12\n|\n|t:|1682455074\n|move|p1a: Dondozo|Fissure|p2a: Amoonguss|[miss]\n|-miss|p1a: Dondozo|p2a: Amoonguss\n|move|p2b: Raja|Flare Blitz|p1a: Dondozo\n|-resisted|p1a: Dondozo\n|-activate|p1a: Dondozo|move: Substitute|[damage]\n|-damage|p2b: Raja|40\/100|[from] Recoil|[of] p1a: Dondozo\n|move|p2a: Amoonguss|Pollen Puff|p1a: Dondozo\n|-activate|p1a: Dondozo|move: Substitute|[damage]\n|\n|-heal|p1a: Dondozo|34\/100|[from] item: Leftovers\n|upkeep\n|turn|13\n|\n|t:|1682455084\n|move|p1a: Dondozo|Protect|p1a: Dondozo\n|-singleturn|p1a: Dondozo|Protect\n|move|p2b: Raja|Flare Blitz|p1a: Dondozo\n|-activate|p1a: Dondozo|move: Protect\n|move|p2a: Amoonguss|Pollen Puff|p1a: Dondozo\n|-activate|p1a: Dondozo|move: Protect\n|\n|-heal|p1a: Dondozo|40\/100|[from] item: Leftovers\n|upkeep\n|turn|14\n|\n|t:|1682455093\n|move|p1a: Dondozo|Fissure|p2a: Amoonguss|[miss]\n|-miss|p1a: Dondozo|p2a: Amoonguss\n|move|p2b: Raja|Flare Blitz|p1a: Dondozo\n|-resisted|p1a: Dondozo\n|-activate|p1a: Dondozo|move: Substitute|[damage]\n|-damage|p2b: Raja|37\/100|[from] Recoil|[of] p1a: Dondozo\n|move|p2a: Amoonguss|Pollen Puff|p1a: Dondozo\n|-end|p1a: Dondozo|Substitute\n|\n|-heal|p1a: Dondozo|46\/100|[from] item: Leftovers\n|upkeep\n|turn|15\n|\n|t:|1682455109\n|switch|p2b: Ting-Lu|Ting-Lu, L50|17\/100\n|-ability|p2b: Ting-Lu|Vessel of Ruin\n|move|p1a: Dondozo|Protect|p1a: Dondozo\n|-singleturn|p1a: Dondozo|Protect\n|move|p2a: Amoonguss|Pollen Puff|p2b: Ting-Lu\n|-heal|p2b: Ting-Lu|67\/100\n|\n|-heal|p1a: Dondozo|52\/100|[from] item: Leftovers\n|upkeep\n|turn|16\n|inactive|Piccolo Ruiz has 30 seconds left.\n|\n|t:|1682455137\n|move|p1a: Dondozo|Substitute|p1a: Dondozo\n|-start|p1a: Dondozo|Substitute\n|-damage|p1a: Dondozo|27\/100\n|move|p2b: Ting-Lu|Ruination|p1a: Dondozo\n|-activate|p1a: Dondozo|move: Substitute|[damage]\n|move|p2a: Amoonguss|Pollen Puff|p2b: Ting-Lu\n|-heal|p2b: Ting-Lu|100\/100\n|\n|-heal|p1a: Dondozo|34\/100|[from] item: Leftovers\n|upkeep\n|turn|17\n|\n|t:|1682455146\n|move|p1a: Dondozo|Protect|p1a: Dondozo\n|-singleturn|p1a: Dondozo|Protect\n|move|p2b: Ting-Lu|Ruination|p1a: Dondozo\n|-activate|p1a: Dondozo|move: Protect\n|move|p2a: Amoonguss|Spore|p1a: Dondozo\n|-activate|p1a: Dondozo|move: Protect\n|\n|-heal|p1a: Dondozo|40\/100|[from] item: Leftovers\n|upkeep\n|turn|18\n|\n|t:|1682455151\n|move|p1a: Dondozo|Fissure|p2b: Ting-Lu|[miss]\n|-miss|p1a: Dondozo|p2b: Ting-Lu\n|move|p2b: Ting-Lu|Ruination|p1a: Dondozo\n|-end|p1a: Dondozo|Substitute\n|move|p2a: Amoonguss|Spore|p1a: Dondozo\n|-status|p1a: Dondozo|slp|[from] move: Spore\n|\n|-heal|p1a: Dondozo|46\/100 slp|[from] item: Leftovers\n|upkeep\n|turn|19\n|\n|t:|1682455157\n|switch|p2b: Sasha Colby|Flutter Mane, L50, tera:Fairy|32\/100\n|cant|p1a: Dondozo|slp\n|move|p2a: Amoonguss|Pollen Puff|p2b: Sasha Colby\n|-heal|p2b: Sasha Colby|82\/100\n|\n|-heal|p1a: Dondozo|52\/100 slp|[from] item: Leftovers\n|upkeep\n|turn|20\n|\n|t:|1682455167\n|move|p2a: Amoonguss|Rage Powder|p2a: Amoonguss\n|-singleturn|p2a: Amoonguss|move: Rage Powder\n|cant|p1a: Dondozo|slp\n|move|p2b: Sasha Colby|Moonblast|p1a: Dondozo\n|-damage|p1a: Dondozo|25\/100 slp\n|\n|-heal|p1a: Dondozo|31\/100 slp|[from] item: Leftovers\n|upkeep\n|turn|21\n|\n|t:|1682455175\n|cant|p1a: Dondozo|slp\n|move|p2b: Sasha Colby|Moonblast|p1a: Dondozo\n|-damage|p1a: Dondozo|5\/100 slp\n|move|p2a: Amoonguss|Spore|p1a: Dondozo\n|-fail|p1a: Dondozo|slp\n|\n|-heal|p1a: Dondozo|11\/100 slp|[from] item: Leftovers\n|upkeep\n|turn|22\n|\n|t:|1682455188\n|-curestatus|p1a: Dondozo|slp|[msg]\n|move|p1a: Dondozo|Protect|p1a: Dondozo\n|-singleturn|p1a: Dondozo|Protect\n|move|p2a: Amoonguss|Rage Powder|p2a: Amoonguss\n|-singleturn|p2a: Amoonguss|move: Rage Powder\n|move|p2b: Sasha Colby|Moonblast|p1a: Dondozo\n|-activate|p1a: Dondozo|move: Protect\n|\n|-heal|p1a: Dondozo|17\/100|[from] item: Leftovers\n|upkeep\n|turn|23\n|\n|t:|1682455199\n|-terastallize|p1a: Dondozo|Steel\n|move|p2a: Amoonguss|Rage Powder|p2a: Amoonguss\n|-singleturn|p2a: Amoonguss|move: Rage Powder\n|move|p1a: Dondozo|Fissure|p2a: Amoonguss\n|-damage|p2a: Amoonguss|0 fnt\n|faint|p2a: Amoonguss\n|-ohko\n|move|p2b: Sasha Colby|Moonblast|p1a: Dondozo\n|-resisted|p1a: Dondozo\n|-damage|p1a: Dondozo|3\/100\n|-unboost|p1a: Dondozo|spa|1\n|\n|-heal|p1a: Dondozo|9\/100|[from] item: Leftovers\n|upkeep\n|\n|t:|1682455207\n|switch|p2a: Ting-Lu|Ting-Lu, L50|100\/100\n|-ability|p2a: Ting-Lu|Vessel of Ruin\n|turn|24\n|\n|t:|1682455216\n|move|p1a: Dondozo|Protect|p1a: Dondozo\n|-singleturn|p1a: Dondozo|Protect\n|move|p2b: Sasha Colby|Shadow Ball|p1a: Dondozo\n|-activate|p1a: Dondozo|move: Protect\n|move|p2a: Ting-Lu|Stomping Tantrum|p1a: Dondozo\n|-activate|p1a: Dondozo|move: Protect\n|\n|-heal|p1a: Dondozo|15\/100|[from] item: Leftovers\n|upkeep\n|turn|25\n|\n|t:|1682455221\n|move|p1a: Dondozo|Fissure|p2a: Ting-Lu|[miss]\n|-miss|p1a: Dondozo|p2a: Ting-Lu\n|move|p2b: Sasha Colby|Shadow Ball|p1a: Dondozo\n|-damage|p1a: Dondozo|1\/100\n|move|p2a: Ting-Lu|Stomping Tantrum|p1a: Dondozo\n|-supereffective|p1a: Dondozo\n|-damage|p1a: Dondozo|0 fnt\n|faint|p1a: Dondozo\n|\n|upkeep\n|turn|26\n|-message|Plondworm forfeited.\n|\n|win|Piccolo Ruiz\n|raw|Plondworm's rating: 1244 → 1223<\/strong> (-21 for losing)\n|raw|Piccolo Ruiz's rating: 1304 → 1321<\/strong> (+17 for winning)\n|l|\u2606Plondworm\n","uploadtime":1682455229,"views":14,"p1id":"plondworm","p2id":"piccoloruiz","formatid":"gen9vgc2023regulationc","rating":1223,"private":0,"password":""}