{"id":"gen9vgc2023regulationc-1863400643","p1":"MammothBeast","p2":"Manuhker","format":"[Gen 9] VGC 2023 Regulation C","log":"|j|\u2606MammothBeast\n|j|\u2606Manuhker\n|t:|1684012210\n|gametype|doubles\n|player|p1|MammothBeast|linebacker|1096\n|player|p2|Manuhker|265|1186\n|teamsize|p1|6\n|teamsize|p2|6\n|gen|9\n|tier|[Gen 9] VGC 2023 Regulation C\n|rated|\n|rule|Species Clause: Limit one of each Pok\u00e9mon\n|rule|Item Clause: Limit one of each item\n|clearpoke\n|poke|p1|Grafaiai, L50, F|\n|poke|p1|Baxcalibur, L50, M|\n|poke|p1|Brute Bonnet, L50|\n|poke|p1|Gyarados, L50, F|\n|poke|p1|Toxicroak, L50, M|\n|poke|p1|Tauros-Paldea-Blaze, L50, M|\n|poke|p2|Abomasnow, L50, M|\n|poke|p2|Iron Bundle, L50|\n|poke|p2|Garchomp, L50, M|\n|poke|p2|Maushold, L50|\n|poke|p2|Amoonguss, L50, M|\n|poke|p2|Annihilape, L50, F|\n|teampreview|4\n|\n|t:|1684012242\n|start\n|switch|p1a: Tauros|Tauros-Paldea-Blaze, L50, M|100\/100\n|switch|p1b: Brute Bonnet|Brute Bonnet, L50|100\/100\n|switch|p2a: Abomasnow|Abomasnow, L50, M, shiny|100\/100\n|switch|p2b: Iron Bundle|Iron Bundle, L50, shiny|100\/100\n|-ability|p1a: Tauros|Intimidate|boost\n|-unboost|p2a: Abomasnow|atk|1\n|-unboost|p2b: Iron Bundle|atk|1\n|-weather|Snow|[from] ability: Snow Warning|[of] p2a: Abomasnow\n|-enditem|p2b: Iron Bundle|Booster Energy\n|-activate|p2b: Iron Bundle|ability: Quark Drive|[fromitem]\n|-start|p2b: Iron Bundle|quarkdrivespe\n|turn|1\n|\n|t:|1684012260\n|move|p2b: Iron Bundle|Protect|p2b: Iron Bundle\n|-singleturn|p2b: Iron Bundle|Protect\n|move|p1b: Brute Bonnet|Rage Powder|p1b: Brute Bonnet\n|-singleturn|p1b: Brute Bonnet|move: Rage Powder\n|move|p1a: Tauros|Raging Bull|p2a: Abomasnow\n|-supereffective|p2a: Abomasnow\n|-enditem|p2a: Abomasnow|Focus Sash\n|-damage|p2a: Abomasnow|1\/100\n|move|p2a: Abomasnow|Aurora Veil|p2a: Abomasnow\n|-sidestart|p2: Manuhker|move: Aurora Veil\n|\n|-weather|Snow|[upkeep]\n|upkeep\n|turn|2\n|\n|t:|1684012280\n|move|p1b: Brute Bonnet|Rage Powder|p1b: Brute Bonnet\n|-singleturn|p1b: Brute Bonnet|move: Rage Powder\n|move|p2b: Iron Bundle|Blizzard|p1a: Tauros|[spread] p1a,p1b\n|-resisted|p1a: Tauros\n|-supereffective|p1b: Brute Bonnet\n|-damage|p1a: Tauros|81\/100\n|-damage|p1b: Brute Bonnet|45\/100\n|-status|p1a: Tauros|frz\n|cant|p1a: Tauros|frz\n|move|p2a: Abomasnow|Blizzard|p1b: Brute Bonnet|[spread] p1a,p1b\n|-resisted|p1a: Tauros\n|-supereffective|p1b: Brute Bonnet\n|-damage|p1a: Tauros|64\/100 frz\n|-damage|p1b: Brute Bonnet|4\/100\n|\n|-weather|Snow|[upkeep]\n|-heal|p1a: Tauros|70\/100 frz|[from] item: Leftovers\n|upkeep\n|turn|3\n|c|\u2606MammothBeast|lovely\n|\n|t:|1684012307\n|move|p2b: Iron Bundle|Freeze-Dry|p1b: Brute Bonnet\n|-supereffective|p1b: Brute Bonnet\n|-crit|p1b: Brute Bonnet\n|-damage|p1b: Brute Bonnet|0 fnt\n|faint|p1b: Brute Bonnet\n|-end|p1b: Brute Bonnet|Protosynthesis|[silent]\n|cant|p1a: Tauros|frz\n|move|p2a: Abomasnow|Earth Power|p1a: Tauros\n|-supereffective|p1a: Tauros\n|-damage|p1a: Tauros|20\/100 frz\n|\n|-weather|Snow|[upkeep]\n|-heal|p1a: Tauros|26\/100 frz|[from] item: Leftovers\n|upkeep\n|\n|t:|1684012313\n|switch|p1b: Toxicroak|Toxicroak, L50, M|100\/100\n|-item|p1b: Toxicroak|Air Balloon\n|turn|4\n|\n|t:|1684012326\n|move|p1b: Toxicroak|Fake Out|p2b: Iron Bundle\n|-damage|p2b: Iron Bundle|94\/100\n|cant|p2b: Iron Bundle|flinch\n|cant|p1a: Tauros|frz\n|move|p2a: Abomasnow|Blizzard|p1b: Toxicroak|[spread] p1a,p1b\n|-resisted|p1a: Tauros\n|-damage|p1a: Tauros|9\/100 frz\n|-damage|p1b: Toxicroak|38\/100\n|-status|p1b: Toxicroak|frz\n|-enditem|p1b: Toxicroak|Air Balloon\n|\n|-weather|Snow|[upkeep]\n|-heal|p1a: Tauros|15\/100 frz|[from] item: Leftovers\n|upkeep\n|turn|5\n|-message|MammothBeast forfeited.\n|\n|win|Manuhker\n|raw|MammothBeast's rating: 1096 → 1078<\/strong> (-18 for losing)\n|raw|Manuhker's rating: 1186 → 1205<\/strong> (+19 for winning)\n|l|\u2606MammothBeast\n","uploadtime":1684012347,"views":13,"p1id":"mammothbeast","p2id":"manuhker","formatid":"gen9vgc2023regulationc","rating":1078,"private":0,"password":""}