{"id":"gen9vgc2023regulationc-1859081394","p1":"TGH_sr","p2":"Bicentenario","format":"[Gen 9] VGC 2023 Regulation C","log":"|j|\u2606TGH_sr\n|j|\u2606Bicentenario\n|t:|1683402174\n|gametype|doubles\n|player|p1|TGH_sr|steven|1325\n|player|p2|Bicentenario|hiker-gen4|1256\n|teamsize|p1|6\n|teamsize|p2|6\n|gen|9\n|tier|[Gen 9] VGC 2023 Regulation C\n|rated|\n|rule|Species Clause: Limit one of each Pok\u00e9mon\n|rule|Item Clause: Limit one of each item\n|clearpoke\n|poke|p1|Talonflame, L50, F|\n|poke|p1|Garchomp, L50, F|\n|poke|p1|Kingambit, L50, F|\n|poke|p1|Iron Bundle, L50|\n|poke|p1|Flutter Mane, L50|\n|poke|p1|Amoonguss, L50, M|\n|poke|p2|Indeedee-F, L50, F|\n|poke|p2|Armarouge, L50, M|\n|poke|p2|Amoonguss, L50, F|\n|poke|p2|Lurantis, L50, F|\n|poke|p2|Ting-Lu, L50|\n|poke|p2|Iron Thorns, L50|\n|teampreview|4\nTGH_sr has agreed to open team sheets.\n|inactive|Battle timer is ON: inactive players will automatically lose when time's up. (requested by Bicentenario)\nBicentenario rejected open team sheets.\n|inactive|TGH_sr has 60 seconds left.\n|inactive|TGH_sr has 30 seconds left.\n|\n|t:|1683402264\n|start\n|switch|p1a: Kingambit|Kingambit, L50, F|100\/100\n|switch|p1b: Talonflame|Talonflame, L50, F|100\/100\n|switch|p2a: Indeedee|Indeedee-F, L50, F|100\/100\n|switch|p2b: Armarouge|Armarouge, L50, M|100\/100\n|-fieldstart|move: Psychic Terrain|[from] ability: Psychic Surge|[of] p2a: Indeedee\n|-enditem|p2a: Indeedee|Psychic Seed\n|-boost|p2a: Indeedee|spd|1|[from] item: Psychic Seed\n|turn|1\n|inactive|TGH_sr has 30 seconds left.\n|\n|t:|1683402291\n|switch|p1b: Amoonguss|Amoonguss, L50, M|100\/100\n|move|p2a: Indeedee|Follow Me|p2a: Indeedee\n|-singleturn|p2a: Indeedee|move: Follow Me\n|move|p1a: Kingambit|Kowtow Cleave|p2a: Indeedee\n|-supereffective|p2a: Indeedee\n|-damage|p2a: Indeedee|0 fnt\n|faint|p2a: Indeedee\n|move|p2b: Armarouge|Trick Room|p2b: Armarouge\n|-fieldstart|move: Trick Room|[of] p2b: Armarouge\n|\n|upkeep\n|\n|t:|1683402300\n|switch|p2a: Lurantis|Lurantis, L50, F|100\/100\n|turn|2\n|inactive|TGH_sr has 30 seconds left.\n|\n|t:|1683402329\n|-terastallize|p1a: Kingambit|Dark\n|-terastallize|p2b: Armarouge|Grass\n|move|p1b: Amoonguss|Pollen Puff|p1a: Kingambit\n|-immune|p1a: Kingambit\n|move|p2a: Lurantis|Leaf Storm|p1a: Kingambit\n|-crit|p1a: Kingambit\n|-damage|p1a: Kingambit|19\/100\n|-boost|p2a: Lurantis|spa|2\n|move|p1a: Kingambit|Kowtow Cleave|p2b: Armarouge\n|-damage|p2b: Armarouge|24\/100\n|move|p2b: Armarouge|Expanding Force|p1b: Amoonguss|[spread] p1b\n|-immune|p1a: Kingambit\n|-supereffective|p1b: Amoonguss\n|-damage|p1b: Amoonguss|1\/100\n|-enditem|p1b: Amoonguss|Sitrus Berry|[eat]\n|-heal|p1b: Amoonguss|26\/100|[from] item: Sitrus Berry\n|\n|upkeep\n|turn|3\n|inactive|TGH_sr has 30 seconds left.\n|inactive|Bicentenario has 30 seconds left.\n|\n|t:|1683402360\n|move|p2b: Armarouge|Protect|p2b: Armarouge\n|-singleturn|p2b: Armarouge|Protect\n|move|p1b: Amoonguss|Pollen Puff|p1a: Kingambit\n|-heal|p1a: Kingambit|69\/100\n|move|p2a: Lurantis|Pollen Puff|p1a: Kingambit\n|-supereffective|p1a: Kingambit\n|-damage|p1a: Kingambit|0 fnt\n|faint|p1a: Kingambit\n|\n|upkeep\n|\n|t:|1683402377\n|switch|p1a: Iron Bundle|Iron Bundle, L50|100\/100\n|-enditem|p1a: Iron Bundle|Booster Energy\n|-activate|p1a: Iron Bundle|ability: Quark Drive|[fromitem]\n|-start|p1a: Iron Bundle|quarkdrivespe\n|turn|4\n|\n|t:|1683402392\n|move|p1a: Iron Bundle|Protect|p1a: Iron Bundle\n|-singleturn|p1a: Iron Bundle|Protect\n|move|p1b: Amoonguss|Pollen Puff|p2b: Armarouge\n|-supereffective|p2b: Armarouge\n|-damage|p2b: Armarouge|0 fnt\n|faint|p2b: Armarouge\n|move|p2a: Lurantis|Leaf Storm|p1a: Iron Bundle\n|-activate|p1a: Iron Bundle|move: Protect\n|\n|upkeep\n|\n|t:|1683402399\n|switch|p2b: Iron Thorns|Iron Thorns, L50|100\/100\n|-enditem|p2b: Iron Thorns|Booster Energy\n|-activate|p2b: Iron Thorns|ability: Quark Drive|[fromitem]\n|-start|p2b: Iron Thorns|quarkdriveatk\n|turn|5\n|\n|t:|1683402422\n|-end|p1a: Iron Bundle|Quark Drive|[silent]\n|switch|p1a: Talonflame|Talonflame, L50, F|100\/100\n|move|p1b: Amoonguss|Pollen Puff|p2a: Lurantis\n|-supereffective|p2a: Lurantis\n|-damage|p2a: Lurantis|60\/100\n|move|p2a: Lurantis|Pollen Puff|p1b: Amoonguss\n|-damage|p1b: Amoonguss|0 fnt\n|faint|p1b: Amoonguss\n|move|p2b: Iron Thorns|Wild Charge|p1a: Talonflame\n|-supereffective|p1a: Talonflame\n|-crit|p1a: Talonflame\n|-damage|p1a: Talonflame|0 fnt\n|-damage|p2b: Iron Thorns|84\/100|[from] item: Rocky Helmet|[of] p1a: Talonflame\n|faint|p1a: Talonflame\n|-damage|p2b: Iron Thorns|63\/100|[from] Recoil\n|\n|-fieldend|move: Trick Room\n|-fieldend|move: Psychic Terrain\n|upkeep\n|\n|t:|1683402441\n|switch|p1b: Iron Bundle|Iron Bundle, L50|100\/100\n|turn|6\n|\n|t:|1683402445\n|move|p1b: Iron Bundle|Freeze-Dry|p2a: Lurantis\n|-supereffective|p2a: Lurantis\n|-damage|p2a: Lurantis|0 fnt\n|faint|p2a: Lurantis\n|move|p2b: Iron Thorns|Wild Charge|p1b: Iron Bundle\n|-supereffective|p1b: Iron Bundle\n|-damage|p1b: Iron Bundle|0 fnt\n|faint|p1b: Iron Bundle\n|-end|p1b: Iron Bundle|Quark Drive|[silent]\n|-damage|p2b: Iron Thorns|46\/100|[from] Recoil\n|\n|win|Bicentenario\n|raw|TGH_sr's rating: 1325 → 1301<\/strong> (-24 for losing)\n|raw|Bicentenario's rating: 1256 → 1286<\/strong> (+30 for winning)\n|c|\u2606Bicentenario|gg\n|c|\u2606TGH_sr|gg\n|c|\u2606TGH_sr|i've legit never seen a lurantis in my life\n|c|\u2606TGH_sr|didn't even know it was a pokemon lmao\n","uploadtime":1683402458,"views":16,"p1id":"tghsr","p2id":"bicentenario","formatid":"gen9vgc2023regulationc","rating":1286,"private":0,"password":""}