{"id":"gen9vgc2023regulationc-1851614891","p1":"Pyte 17","p2":"BroDontFuckWithMe","format":"[Gen 9] VGC 2023 Regulation C","log":"|j|\u2606Pyte 17\n|j|\u2606BroDontFuckWithMe\n|t:|1682461454\n|gametype|doubles\n|player|p1|Pyte 17|1|1562\n|player|p2|BroDontFuckWithMe|265|1695\n|teamsize|p1|6\n|teamsize|p2|6\n|gen|9\n|tier|[Gen 9] VGC 2023 Regulation C\n|rated|\n|rule|Species Clause: Limit one of each Pok\u00e9mon\n|rule|Item Clause: Limit one of each item\n|clearpoke\n|poke|p1|Talonflame, L50, M|\n|poke|p1|Corviknight, L50, M|\n|poke|p1|Azumarill, L50, F|\n|poke|p1|Iron Hands, L50|\n|poke|p1|Scream Tail, L50|\n|poke|p1|Amoonguss, L50, F|\n|poke|p2|Great Tusk, L50|\n|poke|p2|Amoonguss, L50, F|\n|poke|p2|Tyranitar, L50, M|\n|poke|p2|Iron Bundle, L50|\n|poke|p2|Talonflame, L50, F|\n|poke|p2|Gholdengo, L50|\n|teampreview|4\n|inactive|Battle timer is ON: inactive players will automatically lose when time's up. (requested by BroDontFuckWithMe)\nBroDontFuckWithMe has agreed to open team sheets.\n|inactive|Pyte 17 has 60 seconds left.\n|\n|t:|1682461497\n|start\n|switch|p1a: Talonflame|Talonflame, L50, M|100\/100\n|switch|p1b: Azumarill|Azumarill, L50, F|100\/100\n|switch|p2a: Iron Bundle|Iron Bundle, L50|100\/100\n|switch|p2b: Gholdengo|Gholdengo, L50|100\/100\n|-enditem|p2a: Iron Bundle|Booster Energy\n|-activate|p2a: Iron Bundle|ability: Quark Drive|[fromitem]\n|-start|p2a: Iron Bundle|quarkdrivespe\n|turn|1\n|inactive|Pyte 17 has 30 seconds left.\n|\n|t:|1682461526\n|move|p1a: Talonflame|Tailwind|p1a: Talonflame\n|-sidestart|p1: Pyte 17|move: Tailwind\n|move|p2a: Iron Bundle|Freeze-Dry|p1b: Azumarill\n|-supereffective|p1b: Azumarill\n|-damage|p1b: Azumarill|47\/100\n|move|p1b: Azumarill|Liquidation|p2b: Gholdengo\n|-damage|p2b: Gholdengo|46\/100\n|move|p2b: Gholdengo|Nasty Plot|p2b: Gholdengo\n|-boost|p2b: Gholdengo|spa|2\n|\n|-heal|p2b: Gholdengo|52\/100|[from] item: Leftovers\n|upkeep\n|turn|2\n|inactive|Pyte 17 has 30 seconds left.\n|inactive|Pyte 17 has 20 seconds left.\n|\n|t:|1682461564\n|-terastallize|p2b: Gholdengo|Water\n|move|p1b: Azumarill|Aqua Jet|p2b: Gholdengo\n|-resisted|p2b: Gholdengo\n|-crit|p2b: Gholdengo\n|-damage|p2b: Gholdengo|33\/100\n|move|p1a: Talonflame|Flare Blitz|p2b: Gholdengo\n|-resisted|p2b: Gholdengo\n|-damage|p2b: Gholdengo|15\/100\n|-status|p2b: Gholdengo|brn\n|-damage|p1a: Talonflame|94\/100|[from] Recoil\n|move|p2a: Iron Bundle|Freeze-Dry|p1b: Azumarill\n|-supereffective|p1b: Azumarill\n|-damage|p1b: Azumarill|0 fnt\n|faint|p1b: Azumarill\n|move|p2b: Gholdengo|Shadow Ball|p1a: Talonflame\n|-damage|p1a: Talonflame|0 fnt\n|faint|p1a: Talonflame\n|\n|-heal|p2b: Gholdengo|21\/100 brn|[from] item: Leftovers\n|-damage|p2b: Gholdengo|15\/100 brn|[from] brn\n|upkeep\n|\n|t:|1682461581\n|switch|p1a: Corviknight|Corviknight, L50, M|100\/100\n|switch|p1b: Iron Hands|Iron Hands, L50|100\/100\n|turn|3\n|inactive|Pyte 17 has 30 seconds left.\n|\n|t:|1682461612\n|move|p2b: Gholdengo|Protect|p2b: Gholdengo\n|-singleturn|p2b: Gholdengo|Protect\n|move|p2a: Iron Bundle|Hydro Pump|p1b: Iron Hands\n|-damage|p1b: Iron Hands|47\/100\n|move|p1a: Corviknight|Brave Bird|p2b: Gholdengo\n|-activate|p2b: Gholdengo|move: Protect\n|move|p1b: Iron Hands|Drain Punch|p2a: Iron Bundle\n|-supereffective|p2a: Iron Bundle\n|-damage|p2a: Iron Bundle|3\/100\n|-heal|p1b: Iron Hands|73\/100|[from] drain|[of] p2a: Iron Bundle\n|\n|-heal|p2b: Gholdengo|21\/100 brn|[from] item: Leftovers\n|-damage|p2b: Gholdengo|15\/100 brn|[from] brn\n|upkeep\n|turn|4\n|inactive|Pyte 17 has 30 seconds left.\n|inactive|BroDontFuckWithMe has 30 seconds left.\n|inactive|Pyte 17 has 20 seconds left.\n|inactive|Pyte 17 has 15 seconds left.\n|inactive|Pyte 17 has 10 seconds left.\n|inactive|Pyte 17 has 5 seconds left.\n|\n|t:|1682461664\n|move|p2a: Iron Bundle|Hydro Pump|p1b: Iron Hands|[miss]\n|-miss|p2a: Iron Bundle|p1b: Iron Hands\n|move|p1a: Corviknight|Brave Bird|p2a: Iron Bundle\n|-damage|p2a: Iron Bundle|0 fnt\n|faint|p2a: Iron Bundle\n|-end|p2a: Iron Bundle|Quark Drive|[silent]\n|-damage|p1a: Corviknight|99\/100|[from] Recoil\n|move|p1b: Iron Hands|Drain Punch|p2b: Gholdengo\n|-damage|p2b: Gholdengo|0 fnt\n|-heal|p1b: Iron Hands|78\/100|[from] drain|[of] p2b: Gholdengo\n|faint|p2b: Gholdengo\n|\n|-sideend|p1: Pyte 17|move: Tailwind\n|upkeep\n|\n|t:|1682461666\n|switch|p2a: Talonflame|Talonflame, L50, F|100\/100\n|switch|p2b: Great Tusk|Great Tusk, L50|100\/100\n|turn|5\n|inactive|Pyte 17 has 30 seconds left.\n|inactive|Pyte 17 has 20 seconds left.\n|inactive|Pyte 17 has 15 seconds left.\n|j| Piccolo Ruiz\n|inactive|Pyte 17 has 10 seconds left.\n|\n|t:|1682461714\n|-terastallize|p1b: Iron Hands|Water\n|move|p1a: Corviknight|Protect|p1a: Corviknight\n|-singleturn|p1a: Corviknight|Protect\n|move|p2b: Great Tusk|Close Combat|p1b: Iron Hands\n|-damage|p1b: Iron Hands|36\/100\n|-unboost|p2b: Great Tusk|def|1\n|-unboost|p2b: Great Tusk|spd|1\n|move|p2a: Talonflame|Will-O-Wisp|p1a: Corviknight\n|-activate|p1a: Corviknight|move: Protect\n|move|p1b: Iron Hands|Wild Charge|p2a: Talonflame\n|-supereffective|p2a: Talonflame\n|-damage|p2a: Talonflame|0 fnt\n|faint|p2a: Talonflame\n|-damage|p1b: Iron Hands|20\/100|[from] Recoil\n|\n|upkeep\n|turn|6\n|-message|BroDontFuckWithMe forfeited.\n|\n|win|Pyte 17\n|raw|Pyte 17's rating: 1562 → 1589<\/strong> (+27 for winning)\n|raw|BroDontFuckWithMe's rating: 1695 → 1668<\/strong> (-27 for losing)\n|l|\u2606BroDontFuckWithMe\n","uploadtime":1682461724,"views":19,"p1id":"pyte17","p2id":"brodontfuckwithme","formatid":"gen9vgc2023regulationc","rating":1589,"private":0,"password":""}