{"id":"gen9vgc2023regulationc-1858171849","p1":"haha you rage quit","p2":"PITTOKIOTOMARE","format":"[Gen 9] VGC 2023 Regulation C","log":"|j|\u2606haha you rage quit\n|j|\u2606PITTOKIOTOMARE\n|t:|1683286826\n|gametype|doubles\n|player|p1|haha you rage quit|pokemaniac|1368\n|player|p2|PITTOKIOTOMARE|alder|1266\n|teamsize|p1|6\n|teamsize|p2|6\n|gen|9\n|tier|[Gen 9] VGC 2023 Regulation C\n|rated|\n|rule|Species Clause: Limit one of each Pok\u00e9mon\n|rule|Item Clause: Limit one of each item\n|clearpoke\n|poke|p1|Torkoal, L50, M|\n|poke|p1|Indeedee-F, L50, F|\n|poke|p1|Brute Bonnet, L50|\n|poke|p1|Great Tusk, L50|\n|poke|p1|Hatterene, L50, F|\n|poke|p1|Slither Wing, L50|\n|poke|p2|Garganacl, L50, M|\n|poke|p2|Chi-Yu, L50|\n|poke|p2|Tinkaton, L50, F|\n|poke|p2|Gastrodon, L50, F|\n|poke|p2|Talonflame, L50, F|\n|poke|p2|Gyarados, L50, M|\n|teampreview|4\nPITTOKIOTOMARE has agreed to open team sheets.\n|\n|t:|1683286865\n|start\n|switch|p1a: Indeedee|Indeedee-F, L50, F, shiny|100\/100\n|switch|p1b: Hatterene|Hatterene, L50, F|100\/100\n|switch|p2a: Chi-Yu|Chi-Yu, L50|100\/100\n|switch|p2b: Tinkaton|Tinkaton, L50, F|100\/100\n|-ability|p2a: Chi-Yu|Beads of Ruin\n|-fieldstart|move: Psychic Terrain|[from] ability: Psychic Surge|[of] p1a: Indeedee\n|-enditem|p1a: Indeedee|Psychic Seed\n|-boost|p1a: Indeedee|spd|1|[from] item: Psychic Seed\n|turn|1\n|inactive|Battle timer is ON: inactive players will automatically lose when time's up. (requested by PITTOKIOTOMARE)\n|\n|t:|1683286882\n|move|p1b: Hatterene|Protect|p1b: Hatterene\n|-singleturn|p1b: Hatterene|Protect\n|move|p2a: Chi-Yu|Heat Wave|p1b: Hatterene|[spread] p1a\n|-activate|p1b: Hatterene|move: Protect\n|-damage|p1a: Indeedee|72\/100\n|move|p2b: Tinkaton|Play Rough|p1b: Hatterene\n|-activate|p1b: Hatterene|move: Protect\n|move|p1a: Indeedee|Trick Room|p1a: Indeedee\n|-fieldstart|move: Trick Room|[of] p1a: Indeedee\n|\n|upkeep\n|turn|2\n|\n|t:|1683286906\n|-terastallize|p2a: Chi-Yu|Steel\n|move|p1a: Indeedee|Helping Hand|p1b: Hatterene\n|-singleturn|p1b: Hatterene|Helping Hand|[of] p1a: Indeedee\n|move|p1b: Hatterene|Dazzling Gleam|p2a: Chi-Yu|[spread] p2a,p2b\n|-resisted|p2a: Chi-Yu\n|-crit|p2a: Chi-Yu\n|-resisted|p2b: Tinkaton\n|-damage|p2a: Chi-Yu|50\/100\n|-damage|p2b: Tinkaton|78\/100\n|move|p2b: Tinkaton|Gigaton Hammer|p1b: Hatterene\n|-supereffective|p1b: Hatterene\n|-damage|p1b: Hatterene|0 fnt\n|faint|p1b: Hatterene\n|move|p2a: Chi-Yu|Dark Pulse|p1a: Indeedee\n|-supereffective|p1a: Indeedee\n|-damage|p1a: Indeedee|10\/100\n|\n|upkeep\n|\n|t:|1683286924\n|switch|p1b: Great Tusk|Great Tusk, L50, shiny|100\/100\n|turn|3\n|\n|t:|1683286932\n|switch|p2a: Gyarados|Gyarados, L50, M|100\/100\n|-ability|p2a: Gyarados|Intimidate|boost\n|-unboost|p1a: Indeedee|atk|1\n|-unboost|p1b: Great Tusk|atk|1\n|move|p1a: Indeedee|Helping Hand|p1b: Great Tusk\n|-singleturn|p1b: Great Tusk|Helping Hand|[of] p1a: Indeedee\n|move|p1b: Great Tusk|Earthquake|p2a: Gyarados|[spread] p1a,p2b\n|-immune|p2a: Gyarados\n|-supereffective|p2b: Tinkaton\n|-damage|p1a: Indeedee|0 fnt\n|-damage|p2b: Tinkaton|0 fnt\n|faint|p1a: Indeedee\n|faint|p2b: Tinkaton\n|-damage|p1b: Great Tusk|91\/100|[from] item: Life Orb\n|\n|upkeep\n|\n|t:|1683286948\n|switch|p1a: Brute Bonnet|Brute Bonnet, L50|100\/100\n|switch|p2b: Chi-Yu|Chi-Yu, L50, tera:Steel|50\/100\n|-ability|p2b: Chi-Yu|Beads of Ruin\n|turn|4\n|inactive|haha you rage quit has 30 seconds left.\n|inactive|haha you rage quit has 20 seconds left.\n|inactive|haha you rage quit has 15 seconds left.\n|inactive|haha you rage quit has 10 seconds left.\n|\n|t:|1683286996\n|-terastallize|p1b: Great Tusk|Water\n|move|p2b: Chi-Yu|Protect|p2b: Chi-Yu\n|-singleturn|p2b: Chi-Yu|Protect\n|move|p1a: Brute Bonnet|Bullet Seed|p2a: Gyarados\n|-damage|p2a: Gyarados|86\/100\n|-damage|p2a: Gyarados|71\/100\n|-damage|p2a: Gyarados|54\/100\n|-damage|p2a: Gyarados|38\/100\n|-hitcount|p2a: Gyarados|4\n|move|p1b: Great Tusk|Headlong Rush|p2b: Chi-Yu\n|-activate|p2b: Chi-Yu|move: Protect\n|move|p2a: Gyarados|Thunder Wave|p1a: Brute Bonnet\n|-status|p1a: Brute Bonnet|par\n|\n|upkeep\n|turn|5\n|\n|t:|1683287019\n|move|p2a: Gyarados|Protect|p2a: Gyarados\n|-singleturn|p2a: Gyarados|Protect\n|move|p1a: Brute Bonnet|Bullet Seed|p2a: Gyarados\n|-activate|p2a: Gyarados|move: Protect\n|move|p1b: Great Tusk|Headlong Rush|p2b: Chi-Yu\n|-supereffective|p2b: Chi-Yu\n|-damage|p2b: Chi-Yu|0 fnt\n|-unboost|p1b: Great Tusk|def|1\n|-unboost|p1b: Great Tusk|spd|1\n|faint|p2b: Chi-Yu\n|-damage|p1b: Great Tusk|81\/100|[from] item: Life Orb\n|\n|-fieldend|move: Trick Room\n|-fieldend|move: Psychic Terrain\n|upkeep\n|\n|t:|1683287031\n|switch|p2b: Garganacl|Garganacl, L50, M|100\/100\n|turn|6\n|\n|t:|1683287047\n|move|p1a: Brute Bonnet|Sucker Punch||[still]\n|-fail|p1a: Brute Bonnet\n|move|p2a: Gyarados|Thunder Wave|p1b: Great Tusk\n|-status|p1b: Great Tusk|par\n|move|p2b: Garganacl|Substitute|p2b: Garganacl\n|-start|p2b: Garganacl|Substitute\n|-damage|p2b: Garganacl|76\/100\n|move|p1b: Great Tusk|Headlong Rush|p2b: Garganacl\n|-supereffective|p2b: Garganacl\n|-end|p2b: Garganacl|Substitute\n|-unboost|p1b: Great Tusk|def|1\n|-unboost|p1b: Great Tusk|spd|1\n|-damage|p1b: Great Tusk|71\/100 par|[from] item: Life Orb\n|\n|-heal|p2b: Garganacl|82\/100|[from] item: Leftovers\n|upkeep\n|turn|7\n|inactive|PITTOKIOTOMARE has 30 seconds left.\n|\n|t:|1683287080\n|move|p2a: Gyarados|Waterfall|p1b: Great Tusk\n|-resisted|p1b: Great Tusk\n|-damage|p1b: Great Tusk|47\/100 par\n|move|p2b: Garganacl|Salt Cure|p1b: Great Tusk\n|-damage|p1b: Great Tusk|31\/100 par\n|-start|p1b: Great Tusk|Salt Cure\n|cant|p1b: Great Tusk|flinch\n|move|p1a: Brute Bonnet|Bullet Seed|p2b: Garganacl\n|-supereffective|p2b: Garganacl\n|-damage|p2b: Garganacl|64\/100\n|-supereffective|p2b: Garganacl\n|-damage|p2b: Garganacl|46\/100\n|-supereffective|p2b: Garganacl\n|-damage|p2b: Garganacl|29\/100\n|-supereffective|p2b: Garganacl\n|-damage|p2b: Garganacl|11\/100\n|-hitcount|p2b: Garganacl|4\n|\n|-heal|p2b: Garganacl|17\/100|[from] item: Leftovers\n|-damage|p1b: Great Tusk|6\/100 par|[from] Salt Cure\n|upkeep\n|turn|8\n|\n|t:|1683287102\n|move|p2b: Garganacl|Protect|p2b: Garganacl\n|-singleturn|p2b: Garganacl|Protect\n|move|p2a: Gyarados|Waterfall|p1a: Brute Bonnet\n|-resisted|p1a: Brute Bonnet\n|-damage|p1a: Brute Bonnet|84\/100 par\n|move|p1b: Great Tusk|Rock Slide|p2a: Gyarados|[spread] p2a\n|-activate|p2b: Garganacl|move: Protect\n|-supereffective|p2a: Gyarados\n|-damage|p2a: Gyarados|0 fnt\n|faint|p2a: Gyarados\n|-damage|p1b: Great Tusk|0 fnt|[from] item: Life Orb\n|faint|p1b: Great Tusk\n|-end|p1b: Great Tusk|Protosynthesis|[silent]\n|move|p1a: Brute Bonnet|Bullet Seed|p2b: Garganacl\n|-activate|p2b: Garganacl|move: Protect\n|\n|-heal|p2b: Garganacl|23\/100|[from] item: Leftovers\n|upkeep\n|turn|9\n|\n|t:|1683287120\n|move|p2b: Garganacl|Recover|p2b: Garganacl\n|-heal|p2b: Garganacl|73\/100\n|move|p1a: Brute Bonnet|Bullet Seed|p2b: Garganacl\n|-supereffective|p2b: Garganacl\n|-damage|p2b: Garganacl|55\/100\n|-supereffective|p2b: Garganacl\n|-damage|p2b: Garganacl|36\/100\n|-supereffective|p2b: Garganacl\n|-damage|p2b: Garganacl|18\/100\n|-supereffective|p2b: Garganacl\n|-damage|p2b: Garganacl|0 fnt\n|faint|p2b: Garganacl\n|-hitcount|p2: Garganacl|4\n|\n|win|haha you rage quit\n|raw|haha you rage quit's rating: 1368 → 1382<\/strong> (+14 for winning)\n|raw|PITTOKIOTOMARE's rating: 1266 → 1248<\/strong> (-18 for losing)\n|l|\u2606PITTOKIOTOMARE\n|l|\u2606haha you rage quit\n|j|\u2606haha you rage quit\n|player|p1|haha you rage quit|pokemaniac\n","uploadtime":1683287142,"views":12,"p1id":"hahayouragequit","p2id":"pittokiotomare","formatid":"gen9vgc2023regulationc","rating":1248,"private":0,"password":""}