{"id":"gen9vgc2023regulationc-1848025596","p1":"cinderacha","p2":"sleepyrhino1","format":"[Gen 9] VGC 2023 Regulation C","log":"|j|\u2606cinderacha\n|j|\u2606sleepyrhino1\n|t:|1682021844\n|gametype|doubles\n|player|p1|cinderacha|serena-masters3|1042\n|player|p2|sleepyrhino1|rood|1112\n|teamsize|p1|6\n|teamsize|p2|6\n|gen|9\n|tier|[Gen 9] VGC 2023 Regulation C\n|rated|\n|rule|Species Clause: Limit one of each Pok\u00e9mon\n|rule|Item Clause: Limit one of each item\n|clearpoke\n|poke|p1|Gallade, L50, M|\n|poke|p1|Gyarados, L50, M|\n|poke|p1|Flutter Mane, L50|\n|poke|p1|Ting-Lu, L50|\n|poke|p1|Amoonguss, L50, M|\n|poke|p1|Dragonite, L50, M|\n|poke|p2|Amoonguss, L50, F|\n|poke|p2|Dugtrio, L50, F|\n|poke|p2|Gothitelle, L50, F|\n|poke|p2|Scream Tail, L50|\n|poke|p2|Armarouge, L50, M|\n|poke|p2|Indeedee-F, L50, F|\n|teampreview|4\n|inactive|Battle timer is ON: inactive players will automatically lose when time's up. (requested by sleepyrhino1)\n|inactive|cinderacha has 60 seconds left.\n|\n|t:|1682021876\n|start\n|switch|p1a: Gyarados|Gyarados, L50, M|100\/100\n|switch|p1b: Ting-Lu|Ting-Lu, L50|100\/100\n|switch|p2a: Dugtrio|Dugtrio, L50, F|100\/100\n|switch|p2b: Scream Tail|Scream Tail, L50|100\/100\n|-ability|p1a: Gyarados|Intimidate|boost\n|-unboost|p2a: Dugtrio|atk|1\n|-unboost|p2b: Scream Tail|atk|1\n|-ability|p1b: Ting-Lu|Vessel of Ruin\n|turn|1\n|inactive|cinderacha has 30 seconds left.\n|\n|t:|1682021909\n|move|p2a: Dugtrio|Rock Slide|p1b: Ting-Lu|[spread] p1a,p1b\n|-supereffective|p1a: Gyarados\n|-resisted|p1b: Ting-Lu\n|-damage|p1a: Gyarados|78\/100\n|-damage|p1b: Ting-Lu|97\/100\n|move|p2b: Scream Tail|Perish Song|p2b: Scream Tail\n|-start|p1a: Gyarados|perish3|[silent]\n|-start|p1b: Ting-Lu|perish3|[silent]\n|-start|p2a: Dugtrio|perish3|[silent]\n|-start|p2b: Scream Tail|perish3|[silent]\n|-fieldactivate|move: Perish Song\n|move|p1a: Gyarados|Thunder Wave|p2b: Scream Tail|[miss]\n|-miss|p1a: Gyarados|p2b: Scream Tail\n|cant|p1b: Ting-Lu|flinch\n|\n|-start|p2a: Dugtrio|perish3\n|-start|p2b: Scream Tail|perish3\n|-start|p1a: Gyarados|perish3\n|-start|p1b: Ting-Lu|perish3\n|upkeep\n|turn|2\n|inactive|cinderacha has 30 seconds left.\n|\n|t:|1682021934\n|move|p2a: Dugtrio|Rock Slide|p1b: Ting-Lu|[spread] p1a,p1b\n|-supereffective|p1a: Gyarados\n|-resisted|p1b: Ting-Lu\n|-damage|p1a: Gyarados|54\/100\n|-damage|p1b: Ting-Lu|94\/100\n|move|p2b: Scream Tail|Noble Roar|p1b: Ting-Lu\n|-unboost|p1b: Ting-Lu|atk|1\n|-unboost|p1b: Ting-Lu|spa|1\n|move|p1a: Gyarados|Waterfall|p2a: Dugtrio\n|-supereffective|p2a: Dugtrio\n|-enditem|p2a: Dugtrio|Focus Sash\n|-damage|p2a: Dugtrio|1\/100\n|move|p1b: Ting-Lu|Earthquake|p2b: Scream Tail|[spread] p2a,p2b\n|-immune|p1a: Gyarados\n|-damage|p2a: Dugtrio|0 fnt\n|-damage|p2b: Scream Tail|68\/100\n|faint|p2a: Dugtrio\n|\n|-heal|p2b: Scream Tail|73\/100|[from] item: Leftovers\n|-start|p2b: Scream Tail|perish2\n|-start|p1a: Gyarados|perish2\n|-start|p1b: Ting-Lu|perish2\n|upkeep\n|\n|t:|1682021955\n|switch|p2a: Gothitelle|Gothitelle, L50, F|100\/100\n|turn|3\n|inactive|cinderacha has 30 seconds left.\n|\n|t:|1682021985\n|move|p2a: Gothitelle|Fake Out|p1b: Ting-Lu\n|-damage|p1b: Ting-Lu|91\/100\n|move|p2b: Scream Tail|Noble Roar|p1a: Gyarados\n|-unboost|p1a: Gyarados|atk|1\n|-unboost|p1a: Gyarados|spa|1\n|move|p1a: Gyarados|Taunt|p2b: Scream Tail\n|-start|p2b: Scream Tail|move: Taunt\n|cant|p1b: Ting-Lu|flinch\n|\n|-heal|p2b: Scream Tail|79\/100|[from] item: Leftovers\n|-start|p2b: Scream Tail|perish1\n|-start|p1a: Gyarados|perish1\n|-start|p1b: Ting-Lu|perish1\n|upkeep\n|turn|4\n|\n|t:|1682022005\n|-end|p2b: Scream Tail|Protosynthesis|[silent]\n|switch|p2b: Amoonguss|Amoonguss, L50, F|100\/100\n|move|p2a: Gothitelle|Protect|p2a: Gothitelle\n|-singleturn|p2a: Gothitelle|Protect\n|move|p1a: Gyarados|Thunder Wave|p2b: Amoonguss\n|-status|p2b: Amoonguss|par\n|move|p1b: Ting-Lu|Earthquake|p2a: Gothitelle|[spread] p2b\n|-activate|p2a: Gothitelle|move: Protect\n|-immune|p1a: Gyarados\n|-damage|p2b: Amoonguss|62\/100 par\n|\n|-start|p1a: Gyarados|perish0\n|-start|p1b: Ting-Lu|perish0\n|faint|p1a: Gyarados\n|faint|p1b: Ting-Lu\n|upkeep\n|\n|t:|1682022018\n|switch|p1a: Dragonite|Dragonite, L50, M|100\/100\n|switch|p1b: Flutter Mane|Flutter Mane, L50|100\/100\n|-enditem|p1b: Flutter Mane|Booster Energy\n|-activate|p1b: Flutter Mane|ability: Protosynthesis|[fromitem]\n|-start|p1b: Flutter Mane|protosynthesisspa\n|turn|5\n|\n|t:|1682022035\n|switch|p2a: Scream Tail|Scream Tail, L50|79\/100\n|-terastallize|p1a: Dragonite|Flying\n|move|p2b: Amoonguss|Rage Powder|p2b: Amoonguss\n|-singleturn|p2b: Amoonguss|move: Rage Powder\n|move|p1b: Flutter Mane|Shadow Ball|p2b: Amoonguss\n|-damage|p2b: Amoonguss|17\/100 par\n|move|p1a: Dragonite|Tera Blast|p2b: Amoonguss\n|-supereffective|p2b: Amoonguss\n|-damage|p2b: Amoonguss|0 fnt\n|faint|p2b: Amoonguss\n|\n|-heal|p2a: Scream Tail|85\/100|[from] item: Leftovers\n|upkeep\n|\n|t:|1682022049\n|switch|p2b: Gothitelle|Gothitelle, L50, F|100\/100\n|turn|6\n|\n|t:|1682022057\n|move|p2b: Gothitelle|Fake Out|p1a: Dragonite\n|-damage|p1a: Dragonite|97\/100\n|move|p1b: Flutter Mane|Shadow Ball|p2a: Scream Tail\n|-supereffective|p2a: Scream Tail\n|-damage|p2a: Scream Tail|17\/100\n|-unboost|p2a: Scream Tail|spd|1\n|cant|p1a: Dragonite|flinch\n|move|p2a: Scream Tail|Perish Song|p2a: Scream Tail\n|-start|p1a: Dragonite|perish3|[silent]\n|-start|p1b: Flutter Mane|perish3|[silent]\n|-start|p2a: Scream Tail|perish3|[silent]\n|-start|p2b: Gothitelle|perish3|[silent]\n|-fieldactivate|move: Perish Song\n|\n|-heal|p2a: Scream Tail|23\/100|[from] item: Leftovers\n|-start|p1b: Flutter Mane|perish3\n|-start|p1a: Dragonite|perish3\n|-start|p2a: Scream Tail|perish3\n|-start|p2b: Gothitelle|perish3\n|upkeep\n|turn|7\n|inactive|sleepyrhino1 has 30 seconds left.\n|\n|t:|1682022082\n|move|p2b: Gothitelle|Protect|p2b: Gothitelle\n|-singleturn|p2b: Gothitelle|Protect\n|move|p1b: Flutter Mane|Dazzling Gleam|p2a: Scream Tail|[spread] p2a\n|-activate|p2b: Gothitelle|move: Protect\n|-damage|p2a: Scream Tail|0 fnt\n|faint|p2a: Scream Tail\n|-end|p2a: Scream Tail|Protosynthesis|[silent]\n|move|p1a: Dragonite|Dragon Dance|p1a: Dragonite\n|-boost|p1a: Dragonite|atk|1\n|-boost|p1a: Dragonite|spe|1\n|\n|-start|p1a: Dragonite|perish2\n|-start|p1b: Flutter Mane|perish2\n|-start|p2b: Gothitelle|perish2\n|upkeep\n|turn|8\n|\n|t:|1682022100\n|move|p1a: Dragonite|Tera Blast|p2b: Gothitelle\n|-damage|p2b: Gothitelle|19\/100\n|-enditem|p2b: Gothitelle|Wiki Berry|[eat]\n|-heal|p2b: Gothitelle|52\/100|[from] item: Wiki Berry\n|move|p1b: Flutter Mane|Shadow Ball|p2b: Gothitelle\n|-supereffective|p2b: Gothitelle\n|-damage|p2b: Gothitelle|0 fnt\n|faint|p2b: Gothitelle\n|\n|win|cinderacha\n|raw|cinderacha's rating: 1042 → 1082<\/strong> (+40 for winning)\n|raw|sleepyrhino1's rating: 1112 → 1082<\/strong> (-30 for losing)\n|l|\u2606sleepyrhino1\n","uploadtime":1682022109,"views":11,"p1id":"cinderacha","p2id":"sleepyrhino1","formatid":"gen9vgc2023regulationc","rating":1082,"private":0,"password":""}