{"id":"gen9vgc2023regulationc-1850847536","p1":"jtriphole36","p2":"ljhartman","format":"[Gen 9] VGC 2023 Regulation C","log":"|j|\u2606jtriphole36\n|j|\u2606ljhartman\n|t:|1682373921\n|gametype|doubles\n|player|p1|jtriphole36|102|1049\n|player|p2|ljhartman|1|1044\n|teamsize|p1|6\n|teamsize|p2|6\n|gen|9\n|tier|[Gen 9] VGC 2023 Regulation C\n|rated|\n|rule|Species Clause: Limit one of each Pok\u00e9mon\n|rule|Item Clause: Limit one of each item\n|clearpoke\n|poke|p1|Dudunsparce-*, L50, M|\n|poke|p1|Amoonguss, L50, M|\n|poke|p1|Maushold, L50|\n|poke|p1|Chien-Pao, L50|\n|poke|p1|Flutter Mane, L50|\n|poke|p1|Espathra, L50, M|\n|poke|p2|Arcanine, L50, M|\n|poke|p2|Haxorus, L50, M|\n|poke|p2|Amoonguss, L50, F|\n|poke|p2|Flutter Mane, L50|\n|poke|p2|Gyarados, L50, F|\n|poke|p2|Vivillon-Fancy, L50, F|\n|teampreview|4\nljhartman has agreed to open team sheets.\n|inactive|Battle timer is ON: inactive players will automatically lose when time's up. (requested by ljhartman)\n|\n|t:|1682373978\n|start\n|switch|p1a: Amoonguss|Amoonguss, L50, M, shiny|100\/100\n|switch|p1b: Espathra|Espathra, L50, M|100\/100\n|switch|p2a: Gyarados|Gyarados, L50, F|100\/100\n|switch|p2b: Amoonguss|Amoonguss, L50, F|100\/100\n|-ability|p2a: Gyarados|Intimidate|boost\n|-unboost|p1a: Amoonguss|atk|1\n|-unboost|p1b: Espathra|atk|1\n|turn|1\n|\n|t:|1682373992\n|-terastallize|p2a: Gyarados|Flying\n|move|p2a: Gyarados|Tera Blast|p1a: Amoonguss\n|-supereffective|p1a: Amoonguss\n|-damage|p1a: Amoonguss|17\/100\n|move|p1b: Espathra|Calm Mind|p1b: Espathra\n|-boost|p1b: Espathra|spa|1\n|-boost|p1b: Espathra|spd|1\n|move|p1a: Amoonguss|Spore|p2a: Gyarados\n|-status|p2a: Gyarados|slp|[from] move: Spore\n|move|p2b: Amoonguss|Spore|p1b: Espathra\n|-status|p1b: Espathra|slp|[from] move: Spore\n|\n|-ability|p1b: Espathra|Speed Boost|boost\n|-boost|p1b: Espathra|spe|1\n|upkeep\n|turn|2\n|\n|t:|1682374012\n|cant|p1b: Espathra|slp\n|cant|p2a: Gyarados|slp\n|move|p1a: Amoonguss|Foul Play|p2a: Gyarados\n|-damage|p2a: Gyarados|61\/100 slp\n|move|p2b: Amoonguss|Pollen Puff|p1a: Amoonguss\n|-damage|p1a: Amoonguss|2\/100\n|\n|-ability|p1b: Espathra|Speed Boost|boost\n|-boost|p1b: Espathra|spe|1\n|upkeep\n|turn|3\n|inactive|ljhartman has 30 seconds left.\n|inactive|ljhartman has 20 seconds left.\n|\n|t:|1682374047\n|cant|p1b: Espathra|slp\n|cant|p2a: Gyarados|slp\n|move|p1a: Amoonguss|Foul Play|p2a: Gyarados\n|-damage|p2a: Gyarados|18\/100 slp\n|move|p2b: Amoonguss|Pollen Puff|p1a: Amoonguss\n|-damage|p1a: Amoonguss|0 fnt\n|faint|p1a: Amoonguss\n|\n|-ability|p1b: Espathra|Speed Boost|boost\n|-boost|p1b: Espathra|spe|1\n|upkeep\n|\n|t:|1682374064\n|switch|p1a: Maushold|Maushold, L50|100\/100\n|turn|4\n|inactive|ljhartman has 30 seconds left.\n|\n|t:|1682374097\n|cant|p1b: Espathra|slp\n|-curestatus|p2a: Gyarados|slp|[msg]\n|move|p2a: Gyarados|Tera Blast|p1b: Espathra\n|-damage|p1b: Espathra|42\/100 slp\n|move|p1a: Maushold|Population Bomb|p2a: Gyarados\n|-damage|p2a: Gyarados|8\/100\n|-damage|p2a: Gyarados|0 fnt\n|faint|p2a: Gyarados\n|-hitcount|p2: Gyarados|2\n|move|p2b: Amoonguss|Spore|p1b: Espathra\n|-fail|p1b: Espathra|slp\n|\n|-heal|p1b: Espathra|48\/100 slp|[from] item: Leftovers\n|-ability|p1b: Espathra|Speed Boost|boost\n|-boost|p1b: Espathra|spe|1\n|upkeep\n|\n|t:|1682374108\n|switch|p2a: Arcanine|Arcanine, L50, M|100\/100\n|-ability|p2a: Arcanine|Intimidate|boost\n|-unboost|p1a: Maushold|atk|1\n|-unboost|p1b: Espathra|atk|1\n|turn|5\n|\n|t:|1682374126\n|-curestatus|p1b: Espathra|slp|[msg]\n|move|p1b: Espathra|Stored Power|p2b: Amoonguss\n|-supereffective|p2b: Amoonguss\n|-damage|p2b: Amoonguss|0 fnt\n|faint|p2b: Amoonguss\n|move|p1a: Maushold|Population Bomb|p2a: Arcanine\n|-damage|p2a: Arcanine|95\/100\n|-damage|p2a: Arcanine|90\/100\n|-damage|p2a: Arcanine|85\/100\n|-damage|p2a: Arcanine|81\/100\n|-damage|p2a: Arcanine|76\/100\n|-damage|p2a: Arcanine|71\/100\n|-damage|p2a: Arcanine|66\/100\n|-damage|p2a: Arcanine|61\/100\n|-damage|p2a: Arcanine|56\/100\n|-damage|p2a: Arcanine|51\/100\n|-hitcount|p2a: Arcanine|10\n|cant|p2a: Arcanine|flinch\n|\n|-heal|p1b: Espathra|53\/100|[from] item: Leftovers\n|-ability|p1b: Espathra|Speed Boost|boost\n|-boost|p1b: Espathra|spe|1\n|upkeep\n|\n|t:|1682374136\n|switch|p2b: Flutter Mane|Flutter Mane, L50|100\/100\n|-enditem|p2b: Flutter Mane|Booster Energy\n|-activate|p2b: Flutter Mane|ability: Protosynthesis|[fromitem]\n|-start|p2b: Flutter Mane|protosynthesisspe\n|turn|6\n|inactive|jtriphole36 has 30 seconds left.\n|inactive|jtriphole36 has 20 seconds left.\n|\n|t:|1682374173\n|move|p2b: Flutter Mane|Protect|p2b: Flutter Mane\n|-singleturn|p2b: Flutter Mane|Protect\n|move|p1b: Espathra|Stored Power|p2b: Flutter Mane\n|-activate|p2b: Flutter Mane|move: Protect\n|move|p1a: Maushold|Population Bomb|p2a: Arcanine\n|-damage|p2a: Arcanine|46\/100\n|-enditem|p2a: Arcanine|Sitrus Berry|[eat]\n|-heal|p2a: Arcanine|71\/100|[from] item: Sitrus Berry\n|-damage|p2a: Arcanine|65\/100\n|-crit|p2a: Arcanine\n|-damage|p2a: Arcanine|53\/100\n|-damage|p2a: Arcanine|48\/100\n|-damage|p2a: Arcanine|43\/100\n|-damage|p2a: Arcanine|38\/100\n|-damage|p2a: Arcanine|32\/100\n|-damage|p2a: Arcanine|27\/100\n|-damage|p2a: Arcanine|22\/100\n|-damage|p2a: Arcanine|18\/100\n|-hitcount|p2a: Arcanine|10\n|move|p2a: Arcanine|Heat Wave|p1a: Maushold|[spread] p1a,p1b\n|-damage|p1a: Maushold|66\/100\n|-damage|p1b: Espathra|35\/100\n|\n|-heal|p1b: Espathra|41\/100|[from] item: Leftovers\n|-ability|p1b: Espathra|Speed Boost|boost\n|-boost|p1b: Espathra|spe|1\n|upkeep\n|turn|7\n|inactive|ljhartman has 30 seconds left.\n|\n|t:|1682374207\n|move|p1b: Espathra|Calm Mind|p1b: Espathra\n|-boost|p1b: Espathra|spa|1\n|-boost|p1b: Espathra|spd|1\n|move|p2b: Flutter Mane|Dazzling Gleam|p1b: Espathra|[spread] p1a,p1b\n|-damage|p1a: Maushold|21\/100\n|-damage|p1b: Espathra|24\/100\n|move|p1a: Maushold|Population Bomb|p2a: Arcanine\n|-damage|p2a: Arcanine|13\/100\n|-damage|p2a: Arcanine|7\/100\n|-hitcount|p2a: Arcanine|2\n|move|p2a: Arcanine|Will-O-Wisp|p1b: Espathra\n|-status|p1b: Espathra|brn\n|\n|-heal|p1b: Espathra|30\/100 brn|[from] item: Leftovers\n|-damage|p1b: Espathra|24\/100 brn|[from] brn\n|upkeep\n|turn|8\n|inactive|jtriphole36 has 30 seconds left.\n|inactive|ljhartman has 30 seconds left.\n|\n|t:|1682374239\n|move|p1b: Espathra|Baton Pass|p1b: Espathra\n|\n|t:|1682374242\n|switch|p1b: Flutter Mane|Flutter Mane, L50|100\/100|[from] Baton Pass\n|-enditem|p1b: Flutter Mane|Booster Energy\n|-activate|p1b: Flutter Mane|ability: Protosynthesis|[fromitem]\n|-start|p1b: Flutter Mane|protosynthesisspe\n|move|p2b: Flutter Mane|Dazzling Gleam|p1b: Flutter Mane|[spread] p1a,p1b\n|-damage|p1a: Maushold|0 fnt\n|-damage|p1b: Flutter Mane|87\/100\n|faint|p1a: Maushold\n|move|p2a: Arcanine|Snarl|p1b: Flutter Mane\n|-damage|p1b: Flutter Mane|79\/100\n|-unboost|p1b: Flutter Mane|spa|1\n|\n|upkeep\n|\n|t:|1682374247\n|switch|p1a: Espathra|Espathra, L50, M|24\/100 brn\n|turn|9\n|inactive|ljhartman has 30 seconds left.\n|inactive|ljhartman has 20 seconds left.\n|inactive|ljhartman has 15 seconds left.\n|inactive|ljhartman has 10 seconds left.\n|\n|t:|1682374296\n|move|p1a: Espathra|Protect|p1a: Espathra\n|-singleturn|p1a: Espathra|Protect\n|move|p1b: Flutter Mane|Dazzling Gleam|p2b: Flutter Mane|[spread] p2a,p2b\n|-resisted|p2a: Arcanine\n|-damage|p2a: Arcanine|0 fnt\n|-damage|p2b: Flutter Mane|53\/100\n|faint|p2a: Arcanine\n|move|p2b: Flutter Mane|Shadow Ball|p1b: Flutter Mane\n|-supereffective|p1b: Flutter Mane\n|-damage|p1b: Flutter Mane|36\/100\n|\n|-heal|p1a: Espathra|30\/100 brn|[from] item: Leftovers\n|-damage|p1a: Espathra|24\/100 brn|[from] brn\n|-ability|p1a: Espathra|Speed Boost|boost\n|-boost|p1a: Espathra|spe|1\n|upkeep\n|turn|10\n|\n|t:|1682374316\n|move|p1b: Flutter Mane|Protect|p1b: Flutter Mane\n|-singleturn|p1b: Flutter Mane|Protect\n|move|p2b: Flutter Mane|Dazzling Gleam|p1a: Espathra|[spread] p1a\n|-activate|p1b: Flutter Mane|move: Protect\n|-damage|p1a: Espathra|0 fnt\n|faint|p1a: Espathra\n|\n|upkeep\n|turn|11\n|\n|t:|1682374328\n|move|p1b: Flutter Mane|Shadow Ball|p2b: Flutter Mane\n|-supereffective|p2b: Flutter Mane\n|-damage|p2b: Flutter Mane|0 fnt\n|faint|p2b: Flutter Mane\n|-end|p2b: Flutter Mane|Protosynthesis|[silent]\n|\n|win|jtriphole36\n|raw|jtriphole36's rating: 1049 → 1081<\/strong> (+32 for winning)\n|raw|ljhartman's rating: 1044 → 1028<\/strong> (-16 for losing)\n|c|\u2606ljhartman|gg\n|l|\u2606jtriphole36\n","uploadtime":1682374341,"views":27,"p1id":"jtriphole36","p2id":"ljhartman","formatid":"gen9vgc2023regulationc","rating":1028,"private":0,"password":""}