{"id":"gen9vgc2023regulationc-1862863668","p1":"TGH_sr","p2":"pengwin694","format":"[Gen 9] VGC 2023 Regulation C","log":"|j|\u2606TGH_sr\n|j|\u2606pengwin694\n|t:|1683930827\n|gametype|doubles\n|player|p1|TGH_sr|steven|1333\n|player|p2|pengwin694|102|1302\n|teamsize|p1|6\n|teamsize|p2|6\n|gen|9\n|tier|[Gen 9] VGC 2023 Regulation C\n|rated|\n|rule|Species Clause: Limit one of each Pok\u00e9mon\n|rule|Item Clause: Limit one of each item\n|clearpoke\n|poke|p1|Talonflame, L50, F|\n|poke|p1|Garchomp, L50, M|\n|poke|p1|Kingambit, L50, F|\n|poke|p1|Amoonguss, L50, M|\n|poke|p1|Iron Bundle, L50|\n|poke|p1|Flutter Mane, L50|\n|poke|p2|Ting-Lu, L50|\n|poke|p2|Ceruledge, L50, M|\n|poke|p2|Flutter Mane, L50|\n|poke|p2|Amoonguss, L50, F|\n|poke|p2|Gyarados, L50, M|\n|poke|p2|Iron Bundle, L50|\n|teampreview|4\nTGH_sr has agreed to open team sheets.\n|\n|t:|1683930873\n|start\n|switch|p1a: Talonflame|Talonflame, L50, F|100\/100\n|switch|p1b: Garchomp|Garchomp, L50, M|100\/100\n|switch|p2a: Ceruledge|Ceruledge, L50, M|100\/100\n|switch|p2b: Ting-Lu|Ting-Lu, L50|100\/100\n|-ability|p2b: Ting-Lu|Vessel of Ruin\n|turn|1\n|\n|t:|1683930896\n|switch|p2a: Gyarados|Gyarados, L50, M|100\/100\n|-ability|p2a: Gyarados|Intimidate|boost\n|-unboost|p1a: Talonflame|atk|1\n|-unboost|p1b: Garchomp|atk|1\n|move|p1a: Talonflame|Brave Bird|p2a: Gyarados\n|-damage|p2a: Gyarados|63\/100\n|-damage|p1a: Talonflame|84\/100|[from] Recoil\n|move|p1b: Garchomp|Earthquake|p2a: Gyarados|[spread] p2b\n|-immune|p1a: Talonflame\n|-immune|p2a: Gyarados\n|-damage|p2b: Ting-Lu|80\/100\n|-damage|p1b: Garchomp|91\/100|[from] item: Life Orb\n|move|p2b: Ting-Lu|Stone Edge|p1a: Talonflame\n|-supereffective|p1a: Talonflame\n|-damage|p1a: Talonflame|0 fnt\n|faint|p1a: Talonflame\n|\n|upkeep\n|\n|t:|1683930934\n|switch|p1a: Iron Bundle|Iron Bundle, L50|100\/100\n|-enditem|p1a: Iron Bundle|Booster Energy\n|-activate|p1a: Iron Bundle|ability: Quark Drive|[fromitem]\n|-start|p1a: Iron Bundle|quarkdrivespe\n|turn|2\n|\n|t:|1683930969\n|switch|p2a: Ceruledge|Ceruledge, L50, M|100\/100\n|-terastallize|p2b: Ting-Lu|Water\n|move|p1a: Iron Bundle|Protect|p1a: Iron Bundle\n|-singleturn|p1a: Iron Bundle|Protect\n|move|p1b: Garchomp|Dragon Claw|p2b: Ting-Lu\n|-damage|p2b: Ting-Lu|58\/100\n|-damage|p1b: Garchomp|81\/100|[from] item: Life Orb\n|move|p2b: Ting-Lu|Stomping Tantrum|p1a: Iron Bundle\n|-activate|p1a: Iron Bundle|move: Protect\n|\n|upkeep\n|turn|3\n|\n|t:|1683931031\n|move|p1a: Iron Bundle|Freeze-Dry|p2b: Ting-Lu\n|-supereffective|p2b: Ting-Lu\n|-damage|p2b: Ting-Lu|29\/100\n|move|p1b: Garchomp|Dragon Claw|p2b: Ting-Lu\n|-damage|p2b: Ting-Lu|7\/100\n|-damage|p1b: Garchomp|72\/100|[from] item: Life Orb\n|move|p2a: Ceruledge|Bitter Blade|p1a: Iron Bundle\n|-damage|p1a: Iron Bundle|45\/100\n|move|p2b: Ting-Lu|Stone Edge|p1a: Iron Bundle|[miss]\n|-miss|p2b: Ting-Lu|p1a: Iron Bundle\n|\n|upkeep\n|turn|4\n|\n|t:|1683931062\n|move|p1a: Iron Bundle|Protect|p1a: Iron Bundle\n|-singleturn|p1a: Iron Bundle|Protect\n|move|p1b: Garchomp|Earthquake|p2b: Ting-Lu|[spread] p2a,p2b\n|-activate|p1a: Iron Bundle|move: Protect\n|-supereffective|p2a: Ceruledge\n|-damage|p2a: Ceruledge|23\/100\n|-damage|p2b: Ting-Lu|0 fnt\n|faint|p2b: Ting-Lu\n|-damage|p1b: Garchomp|62\/100|[from] item: Life Orb\n|move|p2a: Ceruledge|Bitter Blade|p1a: Iron Bundle\n|-activate|p1a: Iron Bundle|move: Protect\n|\n|upkeep\n|\n|t:|1683931072\n|switch|p2b: Flutter Mane|Flutter Mane, L50|100\/100\n|turn|5\n|\n|t:|1683931100\n|switch|p2a: Gyarados|Gyarados, L50, M|63\/100\n|-ability|p2a: Gyarados|Intimidate|boost\n|-unboost|p1a: Iron Bundle|atk|1\n|-unboost|p1b: Garchomp|atk|1\n|move|p1a: Iron Bundle|Icy Wind|p2a: Gyarados|[spread] p2a\n|-miss|p1a: Iron Bundle|p2b: Flutter Mane\n|-damage|p2a: Gyarados|47\/100\n|-unboost|p2a: Gyarados|spe|1\n|move|p2b: Flutter Mane|Dazzling Gleam|p1b: Garchomp|[spread] p1a,p1b\n|-supereffective|p1b: Garchomp\n|-damage|p1a: Iron Bundle|0 fnt\n|-damage|p1b: Garchomp|0 fnt\n|faint|p1a: Iron Bundle\n|-end|p1a: Iron Bundle|Quark Drive|[silent]\n|faint|p1b: Garchomp\n|\n|upkeep\n|\n|t:|1683931126\n|switch|p1b: Flutter Mane|Flutter Mane, L50|100\/100\n|turn|6\n|\n|t:|1683931137\n|-terastallize|p1b: Flutter Mane|Fairy\n|move|p2b: Flutter Mane|Dazzling Gleam|p1b: Flutter Mane\n|-damage|p1b: Flutter Mane|43\/100\n|move|p1b: Flutter Mane|Shadow Ball|p2b: Flutter Mane\n|-supereffective|p2b: Flutter Mane\n|-damage|p2b: Flutter Mane|0 fnt\n|faint|p2b: Flutter Mane\n|-end|p2b: Flutter Mane|Protosynthesis|[silent]\n|move|p2a: Gyarados|Thunder Wave|p1b: Flutter Mane\n|-status|p1b: Flutter Mane|par\n|\n|upkeep\n|\n|t:|1683931143\n|switch|p2b: Ceruledge|Ceruledge, L50, M|23\/100\n|turn|7\n|\n|t:|1683931153\n|move|p2b: Ceruledge|Bitter Blade|p1b: Flutter Mane\n|-damage|p1b: Flutter Mane|0 fnt\n|-heal|p2b: Ceruledge|41\/100|[from] drain|[of] p1b: Flutter Mane\n|faint|p1b: Flutter Mane\n|-end|p1b: Flutter Mane|Protosynthesis|[silent]\n|\n|win|pengwin694\n|raw|TGH_sr's rating: 1333 → 1311<\/strong> (-22 for losing)\n|raw|pengwin694's rating: 1302 → 1324<\/strong> (+22 for winning)\n","uploadtime":1683931160,"views":13,"p1id":"tghsr","p2id":"pengwin694","formatid":"gen9vgc2023regulationc","rating":1311,"private":0,"password":""}