{"id":"gen9vgc2023regulationc-1858292651","p1":"Camitest","p2":"Moonlight Flutter","format":"[Gen 9] VGC 2023 Regulation C","log":"|j|\u2606Camitest\n|j|\u2606Moonlight Flutter\n|t:|1683299193\n|gametype|doubles\n|player|p1|Camitest|gladion|1413\n|player|p2|Moonlight Flutter|dawn-masters2|1408\n|teamsize|p1|6\n|teamsize|p2|6\n|gen|9\n|tier|[Gen 9] VGC 2023 Regulation C\n|rated|\n|rule|Species Clause: Limit one of each Pok\u00e9mon\n|rule|Item Clause: Limit one of each item\n|clearpoke\n|poke|p1|Ting-Lu, L50|\n|poke|p1|Baxcalibur, L50, F|\n|poke|p1|Arcanine, L50, M|\n|poke|p1|Amoonguss, L50, M|\n|poke|p1|Palafin, L50, M|\n|poke|p1|Flutter Mane, L50|\n|poke|p2|Orthworm, L50, M|\n|poke|p2|Dragonite, L50, M|\n|poke|p2|Arcanine, L50, M|\n|poke|p2|Flutter Mane, L50|\n|poke|p2|Ting-Lu, L50|\n|poke|p2|Palafin, L50, M|\n|teampreview|4\n|\n|t:|1683299240\n|start\n|switch|p1a: Flutter Mane|Flutter Mane, L50|100\/100\n|switch|p1b: Arcanine|Arcanine, L50, M|100\/100\n|switch|p2a: Orthworm|Orthworm, L50, M|100\/100\n|switch|p2b: Arcanine|Arcanine, L50, M|100\/100\n|-ability|p1b: Arcanine|Intimidate|boost\n|-unboost|p2a: Orthworm|atk|1\n|-unboost|p2b: Arcanine|atk|1\n|-ability|p2b: Arcanine|Intimidate|boost\n|-unboost|p1a: Flutter Mane|atk|1\n|-unboost|p1b: Arcanine|atk|1\n|turn|1\n|\n|t:|1683299265\n|-terastallize|p2a: Orthworm|Fire\n|move|p1a: Flutter Mane|Shadow Ball|p2a: Orthworm\n|-damage|p2a: Orthworm|32\/100\n|-enditem|p2a: Orthworm|Sitrus Berry|[eat]\n|-heal|p2a: Orthworm|57\/100|[from] item: Sitrus Berry\n|move|p1b: Arcanine|Flare Blitz|p2a: Orthworm\n|-resisted|p2a: Orthworm\n|-damage|p2a: Orthworm|47\/100\n|-damage|p1b: Arcanine|97\/100|[from] Recoil\n|move|p2b: Arcanine|Howl|p2b: Arcanine|[spread] p2a,p2b\n|-boost|p2a: Orthworm|atk|1\n|-boost|p2b: Arcanine|atk|1\n|move|p2a: Orthworm|Heavy Slam|p1a: Flutter Mane\n|-supereffective|p1a: Flutter Mane\n|-damage|p1a: Flutter Mane|4\/100\n|\n|upkeep\n|turn|2\n|\n|t:|1683299295\n|switch|p1b: Ting-Lu|Ting-Lu, L50|100\/100\n|-ability|p1b: Ting-Lu|Vessel of Ruin\n|move|p1a: Flutter Mane|Shadow Ball|p2a: Orthworm\n|-damage|p2a: Orthworm|0 fnt\n|faint|p2a: Orthworm\n|move|p2b: Arcanine|Flare Blitz|p1a: Flutter Mane\n|-damage|p1a: Flutter Mane|0 fnt\n|faint|p1a: Flutter Mane\n|-end|p1a: Flutter Mane|Protosynthesis|[silent]\n|-damage|p2b: Arcanine|99\/100|[from] Recoil\n|\n|upkeep\n|\n|t:|1683299303\n|switch|p1a: Amoonguss|Amoonguss, L50, M|100\/100\n|switch|p2a: Flutter Mane|Flutter Mane, L50|100\/100\n|-enditem|p2a: Flutter Mane|Booster Energy\n|-activate|p2a: Flutter Mane|ability: Protosynthesis|[fromitem]\n|-start|p2a: Flutter Mane|protosynthesisspa\n|turn|3\n|\n|t:|1683299319\n|switch|p1a: Arcanine|Arcanine, L50, M|97\/100\n|-ability|p1a: Arcanine|Intimidate|boost\n|-unboost|p2a: Flutter Mane|atk|1\n|-unboost|p2b: Arcanine|atk|1\n|-terastallize|p1b: Ting-Lu|Water\n|move|p2a: Flutter Mane|Protect|p2a: Flutter Mane\n|-singleturn|p2a: Flutter Mane|Protect\n|move|p2b: Arcanine|Will-O-Wisp|p1b: Ting-Lu\n|-status|p1b: Ting-Lu|brn\n|move|p1b: Ting-Lu|Heavy Slam|p2a: Flutter Mane\n|-activate|p2a: Flutter Mane|move: Protect\n|\n|-damage|p1b: Ting-Lu|94\/100 brn|[from] brn\n|upkeep\n|turn|4\n|\n|t:|1683299348\n|-end|p2a: Flutter Mane|Protosynthesis|[silent]\n|switch|p2a: Dragonite|Dragonite, L50, M|100\/100\n|move|p1a: Arcanine|Flare Blitz|p2a: Dragonite\n|-resisted|p2a: Dragonite\n|-damage|p2a: Dragonite|88\/100\n|-damage|p1a: Arcanine|94\/100|[from] Recoil\n|move|p2b: Arcanine|Howl|p2b: Arcanine|[spread] p2a,p2b\n|-boost|p2a: Dragonite|atk|1\n|-boost|p2b: Arcanine|atk|1\n|move|p1b: Ting-Lu|Heavy Slam|p2a: Dragonite\n|-damage|p2a: Dragonite|75\/100\n|\n|-damage|p1b: Ting-Lu|88\/100 brn|[from] brn\n|upkeep\n|turn|5\n|\n|t:|1683299361\n|move|p1a: Arcanine|Will-O-Wisp|p2a: Dragonite|[miss]\n|-miss|p1a: Arcanine|p2a: Dragonite\n|move|p2a: Dragonite|Dragon Dance|p2a: Dragonite\n|-boost|p2a: Dragonite|atk|1\n|-boost|p2a: Dragonite|spe|1\n|move|p2b: Arcanine|Howl|p2b: Arcanine|[spread] p2a,p2b\n|-boost|p2a: Dragonite|atk|1\n|-boost|p2b: Arcanine|atk|1\n|move|p1b: Ting-Lu|Rock Slide|p2b: Arcanine|[spread] p2a,p2b\n|-supereffective|p2a: Dragonite\n|-supereffective|p2b: Arcanine\n|-damage|p2a: Dragonite|54\/100\n|-damage|p2b: Arcanine|83\/100\n|\n|-damage|p1b: Ting-Lu|82\/100 brn|[from] brn\n|upkeep\n|turn|6\n|\n|t:|1683299377\n|move|p2b: Arcanine|Protect|p2b: Arcanine\n|-singleturn|p2b: Arcanine|Protect\n|move|p2a: Dragonite|Earthquake|p1a: Arcanine|[spread] p1a,p1b\n|-activate|p2b: Arcanine|move: Protect\n|-supereffective|p1a: Arcanine\n|-damage|p1a: Arcanine|0 fnt\n|-damage|p1b: Ting-Lu|45\/100 brn\n|faint|p1a: Arcanine\n|move|p1b: Ting-Lu|Rock Slide|p2b: Arcanine|[spread] p2a\n|-activate|p2b: Arcanine|move: Protect\n|-supereffective|p2a: Dragonite\n|-damage|p2a: Dragonite|36\/100\n|\n|-damage|p1b: Ting-Lu|39\/100 brn|[from] brn\n|upkeep\n|\n|t:|1683299383\n|switch|p1a: Amoonguss|Amoonguss, L50, M|100\/100\n|turn|7\n|\n|t:|1683299392\n|move|p2a: Dragonite|Extreme Speed|p1b: Ting-Lu\n|-damage|p1b: Ting-Lu|0 fnt\n|faint|p1b: Ting-Lu\n|move|p2b: Arcanine|Flare Blitz|p1a: Amoonguss\n|-supereffective|p1a: Amoonguss\n|-damage|p1a: Amoonguss|0 fnt\n|faint|p1a: Amoonguss\n|-damage|p2b: Arcanine|46\/100|[from] Recoil\n|\n|win|Moonlight Flutter\n|raw|Camitest's rating: 1413 → 1393<\/strong> (-20 for losing)\n|raw|Moonlight Flutter's rating: 1408 → 1428<\/strong> (+20 for winning)\n","uploadtime":1683299404,"views":18,"p1id":"camitest","p2id":"moonlightflutter","formatid":"gen9vgc2023regulationc","rating":1393,"private":0,"password":""}