{"id":"gen9vgc2023regulationc-1856828075","p1":"Jscoot12","p2":"Sumovgc","format":"[Gen 9] VGC 2023 Regulation C","log":"|j|\u2606Jscoot12\n|j|\u2606Sumovgc\n|t:|1683116764\n|gametype|doubles\n|player|p1|Jscoot12|169|1275\n|player|p2|Sumovgc|169|1323\n|teamsize|p1|6\n|teamsize|p2|6\n|gen|9\n|tier|[Gen 9] VGC 2023 Regulation C\n|rated|\n|rule|Species Clause: Limit one of each Pok\u00e9mon\n|rule|Item Clause: Limit one of each item\n|clearpoke\n|poke|p1|Orthworm, L50, F|\n|poke|p1|Dragonite, L50, F|\n|poke|p1|Flutter Mane, L50|\n|poke|p1|Chi-Yu, L50|\n|poke|p1|Baxcalibur, L50, M|\n|poke|p1|Gyarados, L50, M|\n|poke|p2|Palafin, L50, F|\n|poke|p2|Amoonguss, L50, F|\n|poke|p2|Arcanine, L50, F|\n|poke|p2|Chien-Pao, L50|\n|poke|p2|Talonflame, L50, F|\n|poke|p2|Great Tusk, L50|\n|teampreview|4\n|inactive|Battle timer is ON: inactive players will automatically lose when time's up. (requested by Sumovgc)\nSumovgc has agreed to open team sheets.\n|\n|t:|1683116793\n|start\n|switch|p1a: Dragonite|Dragonite, L50, F|100\/100\n|switch|p1b: Flutter Mane|Flutter Mane, L50|100\/100\n|switch|p2a: Palafin|Palafin, L50, F|100\/100\n|switch|p2b: Talonflame|Talonflame, L50, F|100\/100\n|turn|1\n|\n|t:|1683116815\n|-terastallize|p2a: Palafin|Water\n|move|p1a: Dragonite|Extreme Speed|p2b: Talonflame\n|-damage|p2b: Talonflame|64\/100\n|move|p2b: Talonflame|Tailwind|p2b: Talonflame\n|-sidestart|p2: Sumovgc|move: Tailwind\n|move|p2a: Palafin|Wave Crash|p1b: Flutter Mane\n|-damage|p1b: Flutter Mane|3\/100\n|-damage|p2a: Palafin|78\/100|[from] Recoil\n|move|p1b: Flutter Mane|Thunderbolt|p2b: Talonflame\n|-supereffective|p2b: Talonflame\n|-damage|p2b: Talonflame|0 fnt\n|faint|p2b: Talonflame\n|\n|upkeep\n|\n|t:|1683116825\n|switch|p2b: Chien-Pao|Chien-Pao, L50|100\/100\n|-ability|p2b: Chien-Pao|Sword of Ruin\n|turn|2\n|inactive|Sumovgc has 30 seconds left.\n|inactive|Sumovgc has 20 seconds left.\n|\n|t:|1683116860\n|-end|p1b: Flutter Mane|Protosynthesis|[silent]\n|switch|p1b: Gyarados|Gyarados, L50, M|100\/100\n|-ability|p1b: Gyarados|Intimidate|boost\n|-unboost|p2a: Palafin|atk|1\n|-unboost|p2b: Chien-Pao|atk|1\n|-terastallize|p1a: Dragonite|Normal\n|move|p1a: Dragonite|Extreme Speed|p2a: Palafin\n|-damage|p2a: Palafin|5\/100\n|move|p2a: Palafin|Jet Punch|p1b: Gyarados\n|-resisted|p1b: Gyarados\n|-damage|p1b: Gyarados|84\/100\n|move|p2b: Chien-Pao|Ice Spinner|p1a: Dragonite\n|-damage|p1a: Dragonite|81\/100\n|\n|-heal|p1a: Dragonite|87\/100|[from] item: Leftovers\n|upkeep\n|turn|3\n|inactive|Jscoot12 has 30 seconds left.\n|\n|t:|1683116886\n|move|p2a: Palafin|Protect|p2a: Palafin\n|-singleturn|p2a: Palafin|Protect\n|move|p1a: Dragonite|Extreme Speed|p2b: Chien-Pao\n|-damage|p2b: Chien-Pao|35\/100\n|move|p2b: Chien-Pao|Sacred Sword|p1a: Dragonite\n|-supereffective|p1a: Dragonite\n|-damage|p1a: Dragonite|34\/100\n|move|p1b: Gyarados|Bulldoze|p2b: Chien-Pao|[spread] p1a,p2b\n|-activate|p2a: Palafin|move: Protect\n|-damage|p1a: Dragonite|20\/100\n|-damage|p2b: Chien-Pao|16\/100\n|-unboost|p1a: Dragonite|spe|1\n|-unboost|p2b: Chien-Pao|spe|1\n|\n|-heal|p1a: Dragonite|26\/100|[from] item: Leftovers\n|upkeep\n|turn|4\n|inactive|Jscoot12 has 30 seconds left.\n|\n|t:|1683116918\n|detailschange|p2a: Palafin|Palafin-Hero, L50, F, tera:Water\n|switch|p2a: Great Tusk|Great Tusk, L50|100\/100\n|move|p1a: Dragonite|Extreme Speed|p2a: Great Tusk\n|-damage|p2a: Great Tusk|55\/100\n|move|p2b: Chien-Pao|Sucker Punch||[still]\n|-fail|p2b: Chien-Pao\n|move|p1b: Gyarados|Waterfall|p2b: Chien-Pao\n|-damage|p2b: Chien-Pao|0 fnt\n|faint|p2b: Chien-Pao\n|\n|-heal|p1a: Dragonite|32\/100|[from] item: Leftovers\n|-sideend|p2: Sumovgc|move: Tailwind\n|upkeep\n|\n|t:|1683116936\n|switch|p2b: Palafin|Palafin-Hero, L50, F, tera:Water|5\/100\n|-activate|p2b: Palafin|ability: Zero to Hero\n|turn|5\n|\n|t:|1683116950\n|move|p2b: Palafin|Protect|p2b: Palafin\n|-singleturn|p2b: Palafin|Protect\n|move|p1a: Dragonite|Extreme Speed|p2b: Palafin\n|-activate|p2b: Palafin|move: Protect\n|move|p1b: Gyarados|Waterfall|p2a: Great Tusk\n|-supereffective|p2a: Great Tusk\n|-damage|p2a: Great Tusk|8\/100\n|cant|p2a: Great Tusk|flinch\n|\n|-heal|p1a: Dragonite|38\/100|[from] item: Leftovers\n|upkeep\n|turn|6\n|-message|Sumovgc forfeited.\n|\n|win|Jscoot12\n|raw|Jscoot12's rating: 1275 → 1303<\/strong> (+28 for winning)\n|raw|Sumovgc's rating: 1323 → 1300<\/strong> (-23 for losing)\n|l|\u2606Sumovgc\n","uploadtime":1683116964,"views":11,"p1id":"jscoot12","p2id":"sumovgc","formatid":"gen9vgc2023regulationc","rating":1300,"private":0,"password":""}