{"id":"gen9vgc2023regulationc-1860107524","p1":"gGusto","p2":"FanPoke2011","format":"[Gen 9] VGC 2023 Regulation C","log":"|j|\u2606gGusto\n|j|\u2606FanPoke2011\n|t:|1683596043\n|gametype|doubles\n|player|p1|gGusto|2|1337\n|player|p2|FanPoke2011|blackbelt-gen4dp|1429\n|teamsize|p1|6\n|teamsize|p2|6\n|gen|9\n|tier|[Gen 9] VGC 2023 Regulation C\n|rated|\n|rule|Species Clause: Limit one of each Pok\u00e9mon\n|rule|Item Clause: Limit one of each item\n|clearpoke\n|poke|p1|Flutter Mane, L50|\n|poke|p1|Arcanine, L50, M|\n|poke|p1|Amoonguss, L50, M|\n|poke|p1|Palafin, L50, F|\n|poke|p1|Ting-Lu, L50|\n|poke|p1|Baxcalibur, L50, M|\n|poke|p2|Chien-Pao, L50|\n|poke|p2|Dragonite, L50, F|\n|poke|p2|Flutter Mane, L50|\n|poke|p2|Volcarona, L50, F|\n|poke|p2|Gyarados, L50, M|\n|poke|p2|Garganacl, L50, F|\n|teampreview|4\n|inactive|Battle timer is ON: inactive players will automatically lose when time's up. (requested by gGusto)\ngGusto has agreed to open team sheets.\nFanPoke2011 has agreed to open team sheets.\n|inactive|gGusto has 60 seconds left.\n|inactive|gGusto has 30 seconds left.\n|\n|t:|1683596107\n|start\n|switch|p1a: Baxcalibur|Baxcalibur, L50, M|100\/100\n|switch|p1b: Palafin|Palafin, L50, F|100\/100\n|switch|p2a: Toxicidad|Flutter Mane, L50|100\/100\n|switch|p2b: Ronaldinho|Gyarados, L50, M, shiny|100\/100\n|-ability|p2b: Ronaldinho|Intimidate|boost\n|-unboost|p1a: Baxcalibur|atk|1\n|-unboost|p1b: Palafin|atk|1\n|-enditem|p2a: Toxicidad|Booster Energy\n|-activate|p2a: Toxicidad|ability: Protosynthesis|[fromitem]\n|-start|p2a: Toxicidad|protosynthesisspa\n|turn|1\n|inactive|FanPoke2011 has 30 seconds left.\n|\n|t:|1683596133\n|detailschange|p1b: Palafin|Palafin-Hero, L50, F\n|switch|p1b: Arcanine|Arcanine, L50, M|100\/100\n|-ability|p1b: Arcanine|Intimidate|boost\n|-unboost|p2a: Toxicidad|atk|1\n|-unboost|p2b: Ronaldinho|atk|1\n|move|p1a: Baxcalibur|Protect|p1a: Baxcalibur\n|-singleturn|p1a: Baxcalibur|Protect\n|move|p2a: Toxicidad|Substitute|p2a: Toxicidad\n|-start|p2a: Toxicidad|Substitute\n|-damage|p2a: Toxicidad|76\/100\n|move|p2b: Ronaldinho|Dragon Dance|p2b: Ronaldinho\n|-boost|p2b: Ronaldinho|atk|1\n|-boost|p2b: Ronaldinho|spe|1\n|\n|upkeep\n|turn|2\n|inactive|FanPoke2011 has 30 seconds left.\n|\n|t:|1683596168\n|-terastallize|p1a: Baxcalibur|Water\n|move|p2a: Toxicidad|Protect|p2a: Toxicidad\n|-singleturn|p2a: Toxicidad|Protect\n|move|p2b: Ronaldinho|Waterfall|p1b: Arcanine\n|-supereffective|p1b: Arcanine\n|-damage|p1b: Arcanine|27\/100\n|cant|p1b: Arcanine|flinch\n|move|p1a: Baxcalibur|Icicle Crash|p2a: Toxicidad\n|-activate|p2a: Toxicidad|move: Protect\n|\n|upkeep\n|turn|3\n|\n|t:|1683596184\n|switch|p1b: Palafin|Palafin-Hero, L50, F|100\/100\n|-activate|p1b: Palafin|ability: Zero to Hero\n|switch|p1a: Amoonguss|Amoonguss, L50, M|100\/100\n|move|p2b: Ronaldinho|Waterfall|p1b: Palafin\n|-resisted|p1b: Palafin\n|-damage|p1b: Palafin|82\/100\n|move|p2a: Toxicidad|Moonblast|p1a: Amoonguss\n|-resisted|p1a: Amoonguss\n|-damage|p1a: Amoonguss|67\/100\n|\n|upkeep\n|turn|4\n|inactive|FanPoke2011 has 30 seconds left.\n|\n|t:|1683596216\n|switch|p1a: Arcanine|Arcanine, L50, M|27\/100\n|-ability|p1a: Arcanine|Intimidate|boost\n|-immune|p2a: Toxicidad\n|-unboost|p2b: Ronaldinho|atk|1\n|move|p2a: Toxicidad|Protect|p2a: Toxicidad\n|-singleturn|p2a: Toxicidad|Protect\n|move|p1b: Palafin|Jet Punch|p2a: Toxicidad\n|-activate|p2a: Toxicidad|move: Protect\n|move|p2b: Ronaldinho|Waterfall|p1b: Palafin\n|-resisted|p1b: Palafin\n|-damage|p1b: Palafin|71\/100\n|\n|upkeep\n|turn|5\n|\n|t:|1683596239\n|switch|p1a: Baxcalibur|Baxcalibur, L50, M, tera:Water|100\/100\n|move|p1b: Palafin|Jet Punch|p2a: Toxicidad\n|-end|p2a: Toxicidad|Substitute\n|move|p2b: Ronaldinho|Waterfall|p1a: Baxcalibur\n|-resisted|p1a: Baxcalibur\n|-crit|p1a: Baxcalibur\n|-damage|p1a: Baxcalibur|70\/100\n|move|p2a: Toxicidad|Moonblast|p1b: Palafin\n|-damage|p1b: Palafin|9\/100\n|\n|upkeep\n|turn|6\n|\n|t:|1683596259\n|switch|p1b: Amoonguss|Amoonguss, L50, M|100\/100\n|move|p2a: Toxicidad|Protect|p2a: Toxicidad\n|-singleturn|p2a: Toxicidad|Protect\n|move|p1a: Baxcalibur|Ice Shard|p2a: Toxicidad\n|-activate|p2a: Toxicidad|move: Protect\n|move|p2b: Ronaldinho|Waterfall|p1b: Amoonguss\n|-resisted|p1b: Amoonguss\n|-damage|p1b: Amoonguss|91\/100\n|\n|upkeep\n|turn|7\n|\n|t:|1683596282\n|-end|p2a: Toxicidad|Protosynthesis|[silent]\n|switch|p2a: Diego|Chien-Pao, L50|100\/100\n|-ability|p2a: Diego|Sword of Ruin\n|move|p1a: Baxcalibur|Ice Shard|p2a: Diego\n|-resisted|p2a: Diego\n|-damage|p2a: Diego|78\/100\n|-damage|p1a: Baxcalibur|60\/100|[from] item: Life Orb\n|move|p2b: Ronaldinho|Dragon Dance|p2b: Ronaldinho\n|-boost|p2b: Ronaldinho|atk|1\n|-boost|p2b: Ronaldinho|spe|1\n|move|p1b: Amoonguss|Pollen Puff|p1a: Baxcalibur\n|-heal|p1a: Baxcalibur|100\/100\n|\n|upkeep\n|turn|8\n|\n|t:|1683596300\n|switch|p1b: Arcanine|Arcanine, L50, M|27\/100\n|-ability|p1b: Arcanine|Intimidate|boost\n|-unboost|p2a: Diego|atk|1\n|-unboost|p2b: Ronaldinho|atk|1\n|move|p2a: Diego|Protect|p2a: Diego\n|-singleturn|p2a: Diego|Protect\n|move|p2b: Ronaldinho|Waterfall|p1b: Arcanine\n|-supereffective|p1b: Arcanine\n|-damage|p1b: Arcanine|0 fnt\n|faint|p1b: Arcanine\n|move|p1a: Baxcalibur|Glaive Rush|p2b: Ronaldinho\n|-damage|p2b: Ronaldinho|0 fnt\n|-singlemove|p1a: Baxcalibur|Glaive Rush|[silent]\n|faint|p2b: Ronaldinho\n|-damage|p1a: Baxcalibur|91\/100|[from] item: Life Orb\n|\n|upkeep\n|\n|t:|1683596318\n|switch|p2b: Cecilia|Dragonite, L50, F, shiny|100\/100\n|switch|p1b: Amoonguss|Amoonguss, L50, M|100\/100\n|turn|9\n|\n|t:|1683596337\n|-terastallize|p2b: Cecilia|Normal\n|move|p2b: Cecilia|Extreme Speed|p1b: Amoonguss\n|-damage|p1b: Amoonguss|43\/100\n|-enditem|p1b: Amoonguss|Sitrus Berry|[eat]\n|-heal|p1b: Amoonguss|68\/100|[from] item: Sitrus Berry\n|-damage|p2b: Cecilia|90\/100|[from] item: Life Orb\n|move|p1b: Amoonguss|Rage Powder|p1b: Amoonguss\n|-singleturn|p1b: Amoonguss|move: Rage Powder\n|move|p2a: Diego|Ice Spinner|p1b: Amoonguss\n|-supereffective|p1b: Amoonguss\n|-damage|p1b: Amoonguss|11\/100\n|move|p1a: Baxcalibur|Glaive Rush|p2a: Diego\n|-damage|p2a: Diego|0 fnt\n|-singlemove|p1a: Baxcalibur|Glaive Rush|[silent]\n|faint|p2a: Diego\n|-damage|p1a: Baxcalibur|81\/100|[from] item: Life Orb\n|\n|upkeep\n|\n|t:|1683596347\n|switch|p2a: Toxicidad|Flutter Mane, L50|76\/100\n|turn|10\n|\n|t:|1683596368\n|switch|p1b: Palafin|Palafin-Hero, L50, F|9\/100\n|move|p1a: Baxcalibur|Protect|p1a: Baxcalibur\n|-singleturn|p1a: Baxcalibur|Protect\n|move|p2b: Cecilia|Extreme Speed|p1a: Baxcalibur\n|-activate|p1a: Baxcalibur|move: Protect\n|move|p2a: Toxicidad|Moonblast|p1a: Baxcalibur\n|-activate|p1a: Baxcalibur|move: Protect\n|\n|upkeep\n|turn|11\n|\n|t:|1683596381\n|move|p2b: Cecilia|Extreme Speed|p1b: Palafin\n|-damage|p1b: Palafin|0 fnt\n|faint|p1b: Palafin\n|-damage|p2b: Cecilia|80\/100|[from] item: Life Orb\n|move|p1a: Baxcalibur|Ice Shard|p2a: Toxicidad\n|-damage|p2a: Toxicidad|17\/100\n|-damage|p1a: Baxcalibur|72\/100|[from] item: Life Orb\n|move|p2a: Toxicidad|Substitute|p2a: Toxicidad\n|-fail|p2a: Toxicidad|move: Substitute|[weak]\n|\n|upkeep\n|\n|t:|1683596383\n|switch|p1b: Amoonguss|Amoonguss, L50, M|44\/100\n|turn|12\n|\n|t:|1683596398\n|move|p2a: Toxicidad|Moonblast|p1a: Baxcalibur\n|-damage|p1a: Baxcalibur|26\/100\n|-unboost|p1a: Baxcalibur|spa|1\n|move|p2b: Cecilia|Fire Punch|p1b: Amoonguss\n|-supereffective|p1b: Amoonguss\n|-damage|p1b: Amoonguss|0 fnt\n|faint|p1b: Amoonguss\n|-damage|p2b: Cecilia|70\/100|[from] item: Life Orb\n|move|p1a: Baxcalibur|Glaive Rush|p2b: Cecilia\n|-damage|p2b: Cecilia|0 fnt\n|-singlemove|p1a: Baxcalibur|Glaive Rush|[silent]\n|faint|p2b: Cecilia\n|-damage|p1a: Baxcalibur|17\/100|[from] item: Life Orb\n|\n|upkeep\n|turn|13\n|c|\u2606gGusto|ggs\n|\n|t:|1683596412\n|move|p1a: Baxcalibur|Ice Shard|p2a: Toxicidad\n|-damage|p2a: Toxicidad|0 fnt\n|faint|p2a: Toxicidad\n|-end|p2a: Toxicidad|Protosynthesis|[silent]\n|-damage|p1a: Baxcalibur|7\/100|[from] item: Life Orb\n|\n|win|gGusto\n|raw|gGusto's rating: 1337 → 1362<\/strong> (+25 for winning)\n|raw|FanPoke2011's rating: 1429 → 1404<\/strong> (-25 for losing)\n","uploadtime":1683596419,"views":7,"p1id":"ggusto","p2id":"fanpoke2011","formatid":"gen9vgc2023regulationc","rating":1362,"private":0,"password":""}