{"id":"gen9vgc2023regulationc-1860807772","p1":"Querney","p2":"ardiestheparty","format":"[Gen 9] VGC 2023 Regulation C","log":"|j|\u2606Querney\n|j|\u2606ardiestheparty\n|t:|1683680317\n|gametype|doubles\n|player|p1|Querney|blackbelt-gen4dp|1164\n|player|p2|ardiestheparty|beauty-gen4dp|1065\n|teamsize|p1|6\n|teamsize|p2|6\n|gen|9\n|tier|[Gen 9] VGC 2023 Regulation C\n|rated|\n|rule|Species Clause: Limit one of each Pok\u00e9mon\n|rule|Item Clause: Limit one of each item\n|clearpoke\n|poke|p1|Kingambit, L50, F|\n|poke|p1|Iron Bundle, L50|\n|poke|p1|Farigiraf, L50, M|\n|poke|p1|Mimikyu, L50, F|\n|poke|p1|Ting-Lu, L50|\n|poke|p1|Torkoal, L50, M|\n|poke|p2|Mimikyu, L50, F|\n|poke|p2|Goodra, L50, F|\n|poke|p2|Dragonite, L50, F|\n|poke|p2|Maushold-Four, L50|\n|poke|p2|Lucario, L50, M|\n|poke|p2|Blissey, L50, F|\n|teampreview|4\nQuerney has agreed to open team sheets.\n|\n|t:|1683680370\n|start\n|switch|p1a: Kingambit|Kingambit, L50, F|100\/100\n|switch|p1b: Farigiraf|Farigiraf, L50, M|100\/100\n|switch|p2a: Trophy Wife|Lucario, L50, M|100\/100\n|switch|p2b: poptart|Maushold-Four, L50|100\/100\n|turn|1\n|\n|t:|1683680399\n|-terastallize|p2a: Trophy Wife|Fairy\n|-terastallize|p1a: Kingambit|Water\n|move|p2b: poptart|Beat Up|p2a: Trophy Wife\n|-resisted|p2a: Trophy Wife\n|-damage|p2a: Trophy Wife|99\/100\n|-ability|p2a: Trophy Wife|Justified|boost\n|-boost|p2a: Trophy Wife|atk|1\n|-resisted|p2a: Trophy Wife\n|-damage|p2a: Trophy Wife|99\/100\n|-ability|p2a: Trophy Wife|Justified|boost\n|-boost|p2a: Trophy Wife|atk|1\n|-resisted|p2a: Trophy Wife\n|-damage|p2a: Trophy Wife|97\/100\n|-ability|p2a: Trophy Wife|Justified|boost\n|-boost|p2a: Trophy Wife|atk|1\n|-resisted|p2a: Trophy Wife\n|-damage|p2a: Trophy Wife|96\/100\n|-ability|p2a: Trophy Wife|Justified|boost\n|-boost|p2a: Trophy Wife|atk|1\n|-hitcount|p2a: Trophy Wife|4\n|move|p2a: Trophy Wife|Ice Punch|p1a: Kingambit\n|-resisted|p1a: Kingambit\n|-damage|p1a: Kingambit|79\/100\n|move|p1a: Kingambit|Brick Break|p2a: Trophy Wife\n|-resisted|p2a: Trophy Wife\n|-damage|p2a: Trophy Wife|81\/100\n|move|p1b: Farigiraf|Trick Room|p1b: Farigiraf\n|-fieldstart|move: Trick Room|[of] p1b: Farigiraf\n|\n|upkeep\n|turn|2\n|\n|t:|1683680447\n|move|p2a: Trophy Wife|Extreme Speed||[still]\n|cant|p1b: Farigiraf|ability: Armor Tail|Extreme Speed|[of] p2a: Trophy Wife\n|move|p1b: Farigiraf|Psychic|p2a: Trophy Wife\n|-damage|p2a: Trophy Wife|47\/100\n|move|p1a: Kingambit|Iron Head|p2a: Trophy Wife\n|-supereffective|p2a: Trophy Wife\n|-damage|p2a: Trophy Wife|0 fnt\n|faint|p2a: Trophy Wife\n|move|p2b: poptart|Encore|p1b: Farigiraf\n|-start|p1b: Farigiraf|Encore\n|\n|upkeep\n|\n|t:|1683680465\n|switch|p2a: Hamster|Goodra, L50, F|100\/100\n|turn|3\n|\n|t:|1683680487\n|move|p1b: Farigiraf|Psychic|p2a: Hamster\n|-damage|p2a: Hamster|77\/100\n|move|p1a: Kingambit|Kowtow Cleave|p2a: Hamster\n|-damage|p2a: Hamster|32\/100\n|move|p2a: Hamster|Thunderbolt|p1a: Kingambit\n|-supereffective|p1a: Kingambit\n|-damage|p1a: Kingambit|26\/100\n|move|p2b: poptart|Beat Up|p1b: Farigiraf\n|-supereffective|p1b: Farigiraf\n|-damage|p1b: Farigiraf|94\/100\n|-supereffective|p1b: Farigiraf\n|-damage|p1b: Farigiraf|89\/100\n|-supereffective|p1b: Farigiraf\n|-damage|p1b: Farigiraf|81\/100\n|-hitcount|p1b: Farigiraf|3\n|\n|-heal|p2a: Hamster|38\/100|[from] item: Leftovers\n|upkeep\n|turn|4\n|\n|t:|1683680513\n|move|p2b: poptart|Follow Me|p2b: poptart\n|-singleturn|p2b: poptart|move: Follow Me\n|move|p1b: Farigiraf|Psychic|p2b: poptart\n|-damage|p2b: poptart|45\/100\n|-unboost|p2b: poptart|spd|1\n|move|p1a: Kingambit|Kowtow Cleave|p2b: poptart\n|-damage|p2b: poptart|0 fnt\n|faint|p2b: poptart\n|move|p2a: Hamster|Thunderbolt|p1a: Kingambit\n|-supereffective|p1a: Kingambit\n|-damage|p1a: Kingambit|0 fnt\n|faint|p1a: Kingambit\n|\n|-heal|p2a: Hamster|44\/100|[from] item: Leftovers\n|upkeep\n|\n|t:|1683680531\n|switch|p1a: Torkoal|Torkoal, L50, M|100\/100\n|switch|p2b: daddy long-leg|Dragonite, L50, F|100\/100\n|-weather|SunnyDay|[from] ability: Drought|[of] p1a: Torkoal\n|turn|5\n|\n|t:|1683680548\n|move|p2a: Hamster|Protect|p2a: Hamster\n|-singleturn|p2a: Hamster|Protect\n|move|p1a: Torkoal|Eruption|p2b: daddy long-leg|[spread] p2b\n|-activate|p2a: Hamster|move: Protect\n|-resisted|p2b: daddy long-leg\n|-damage|p2b: daddy long-leg|82\/100\n|move|p1b: Farigiraf|Psychic|p2b: daddy long-leg\n|-damage|p2b: daddy long-leg|41\/100\n|move|p2b: daddy long-leg|Earthquake|p1a: Torkoal|[spread] p1a,p1b\n|-activate|p2a: Hamster|move: Protect\n|-supereffective|p1a: Torkoal\n|-crit|p1a: Torkoal\n|-damage|p1a: Torkoal|18\/100\n|-damage|p1b: Farigiraf|49\/100\n|\n|-weather|SunnyDay|[upkeep]\n|-heal|p2a: Hamster|50\/100|[from] item: Leftovers\n|-end|p1b: Farigiraf|Encore\n|-fieldend|move: Trick Room\n|upkeep\n|turn|6\n|\n|t:|1683680586\n|move|p1a: Torkoal|Protect|p1a: Torkoal\n|-singleturn|p1a: Torkoal|Protect\n|move|p2a: Hamster|Surf|p1b: Farigiraf|[spread] p2b,p1b\n|-activate|p1a: Torkoal|move: Protect\n|-resisted|p2b: daddy long-leg\n|-damage|p2b: daddy long-leg|36\/100\n|-damage|p1b: Farigiraf|37\/100\n|move|p2b: daddy long-leg|Roost|p2b: daddy long-leg\n|-heal|p2b: daddy long-leg|86\/100\n|-singleturn|p2b: daddy long-leg|move: Roost\n|move|p1b: Farigiraf|Trick Room|p1b: Farigiraf\n|-fieldstart|move: Trick Room|[of] p1b: Farigiraf\n|\n|-weather|SunnyDay|[upkeep]\n|-heal|p2a: Hamster|56\/100|[from] item: Leftovers\n|upkeep\n|turn|7\n|\n|t:|1683680642\n|move|p2a: Hamster|Protect|p2a: Hamster\n|-singleturn|p2a: Hamster|Protect\n|move|p1a: Torkoal|Earth Power|p2a: Hamster\n|-activate|p2a: Hamster|move: Protect\n|move|p1b: Farigiraf|Psychic|p2a: Hamster\n|-activate|p2a: Hamster|move: Protect\n|move|p2b: daddy long-leg|Earthquake|p1b: Farigiraf|[spread] p1a,p1b\n|-activate|p2a: Hamster|move: Protect\n|-supereffective|p1a: Torkoal\n|-damage|p1a: Torkoal|0 fnt\n|-damage|p1b: Farigiraf|6\/100\n|faint|p1a: Torkoal\n|\n|-weather|SunnyDay|[upkeep]\n|-heal|p2a: Hamster|62\/100|[from] item: Leftovers\n|upkeep\n|\n|t:|1683680655\n|switch|p1a: Ting-Lu|Ting-Lu, L50|100\/100\n|-ability|p1a: Ting-Lu|Vessel of Ruin\n|turn|8\n|\n|t:|1683680672\n|move|p1b: Farigiraf|Psychic|p2a: Hamster\n|-damage|p2a: Hamster|40\/100\n|move|p1a: Ting-Lu|Rock Slide|p2b: daddy long-leg|[spread] p2a,p2b\n|-supereffective|p2b: daddy long-leg\n|-damage|p2a: Hamster|17\/100\n|-damage|p2b: daddy long-leg|49\/100\n|cant|p2b: daddy long-leg|flinch\n|cant|p2a: Hamster|flinch\n|\n|-weather|SunnyDay|[upkeep]\n|-heal|p2a: Hamster|23\/100|[from] item: Leftovers\n|upkeep\n|turn|9\n|\n|t:|1683680693\n|move|p1b: Farigiraf|Hyper Voice|p2a: Hamster|[spread] p2a,p2b\n|-damage|p2a: Hamster|8\/100\n|-damage|p2b: daddy long-leg|23\/100\n|move|p1a: Ting-Lu|Rock Slide|p2a: Hamster|[spread] p2a,p2b\n|-supereffective|p2b: daddy long-leg\n|-damage|p2a: Hamster|0 fnt\n|-damage|p2b: daddy long-leg|0 fnt\n|faint|p2a: Hamster\n|faint|p2b: daddy long-leg\n|\n|win|Querney\n|raw|Querney's rating: 1164 → 1182<\/strong> (+18 for winning)\n|raw|ardiestheparty's rating: 1065 → 1051<\/strong> (-14 for losing)\n|l|\u2606ardiestheparty\n","uploadtime":1683680839,"views":21,"p1id":"querney","p2id":"ardiestheparty","formatid":"gen9vgc2023regulationc","rating":1051,"private":0,"password":""}