{"id":"gen9vgc2023regulationc-1855983445","p1":"StantlerGOAT","p2":"OwOPango","format":"[Gen 9] VGC 2023 Regulation C","log":"|j|\u2606StantlerGOAT\n|j|\u2606OwOPango\n|t:|1683011895\n|gametype|doubles\n|player|p1|StantlerGOAT|169|1157\n|player|p2|OwOPango|1|1111\n|teamsize|p1|6\n|teamsize|p2|6\n|gen|9\n|tier|[Gen 9] VGC 2023 Regulation C\n|rated|\n|rule|Species Clause: Limit one of each Pok\u00e9mon\n|rule|Item Clause: Limit one of each item\n|clearpoke\n|poke|p1|Crabominable, L50, M|\n|poke|p1|Farigiraf, L50, F|\n|poke|p1|Ting-Lu, L50|\n|poke|p1|Clawitzer, L50, F|\n|poke|p1|Indeedee-F, L50, F|\n|poke|p1|Abomasnow, L50, F|\n|poke|p2|Palafin, L50, F|\n|poke|p2|Flutter Mane, L50|\n|poke|p2|Arcanine, L50, M|\n|poke|p2|Amoonguss, L50, F|\n|poke|p2|Ting-Lu, L50|\n|poke|p2|Roaring Moon, L50|\n|teampreview|4\n|inactive|Battle timer is ON: inactive players will automatically lose when time's up. (requested by OwOPango)\n|\n|t:|1683011921\n|start\n|switch|p1a: Clawitzer|Clawitzer, L50, F|100\/100\n|switch|p1b: Farigiraf|Farigiraf, L50, F|100\/100\n|switch|p2a: Amoonguss|Amoonguss, L50, F|100\/100\n|switch|p2b: Roaring Moon|Roaring Moon, L50|100\/100\n|-enditem|p2b: Roaring Moon|Booster Energy\n|-activate|p2b: Roaring Moon|ability: Protosynthesis|[fromitem]\n|-start|p2b: Roaring Moon|protosynthesisatk\n|turn|1\n|\n|t:|1683011938\n|switch|p1b: Crabominable|Crabominable, L50, M|100\/100\n|move|p2b: Roaring Moon|Dragon Dance|p2b: Roaring Moon\n|-boost|p2b: Roaring Moon|atk|1\n|-boost|p2b: Roaring Moon|spe|1\n|move|p1a: Clawitzer|Aura Sphere|p2b: Roaring Moon\n|-supereffective|p2b: Roaring Moon\n|-damage|p2b: Roaring Moon|0 fnt\n|faint|p2b: Roaring Moon\n|-end|p2b: Roaring Moon|Protosynthesis|[silent]\n|-damage|p1a: Clawitzer|91\/100|[from] item: Life Orb\n|move|p2a: Amoonguss|Spore|p1a: Clawitzer\n|-status|p1a: Clawitzer|slp|[from] move: Spore\n|\n|upkeep\n|\n|t:|1683011956\n|switch|p2b: Flutter Mane|Flutter Mane, L50|100\/100\n|turn|2\n|\n|t:|1683011976\n|switch|p1a: Farigiraf|Farigiraf, L50, F|100\/100\n|-terastallize|p2b: Flutter Mane|Fairy\n|-terastallize|p1b: Crabominable|Fire\n|move|p2a: Amoonguss|Rage Powder|p2a: Amoonguss\n|-singleturn|p2a: Amoonguss|move: Rage Powder\n|move|p2b: Flutter Mane|Dazzling Gleam|p1b: Crabominable|[spread] p1a,p1b\n|-resisted|p1b: Crabominable\n|-damage|p1a: Farigiraf|49\/100\n|-damage|p1b: Crabominable|62\/100\n|move|p1b: Crabominable|Ice Punch|p2a: Amoonguss\n|-supereffective|p2a: Amoonguss\n|-damage|p2a: Amoonguss|0 fnt\n|faint|p2a: Amoonguss\n|\n|upkeep\n|\n|t:|1683011988\n|switch|p2a: Ting-Lu|Ting-Lu, L50|100\/100\n|-ability|p2a: Ting-Lu|Vessel of Ruin\n|turn|3\n|\n|t:|1683012004\n|move|p1b: Crabominable|Protect|p1b: Crabominable\n|-singleturn|p1b: Crabominable|Protect\n|move|p2b: Flutter Mane|Dazzling Gleam|p1b: Crabominable|[spread] p1a\n|-activate|p1b: Crabominable|move: Protect\n|-damage|p1a: Farigiraf|13\/100\n|move|p2a: Ting-Lu|Stomping Tantrum|p1b: Crabominable\n|-activate|p1b: Crabominable|move: Protect\n|move|p1a: Farigiraf|Trick Room|p1a: Farigiraf\n|-fieldstart|move: Trick Room|[of] p1a: Farigiraf\n|\n|upkeep\n|turn|4\n|inactive|StantlerGOAT has 30 seconds left.\n|\n|t:|1683012032\n|move|p1a: Farigiraf|Helping Hand|p1b: Crabominable\n|-singleturn|p1b: Crabominable|Helping Hand|[of] p1a: Farigiraf\n|move|p1b: Crabominable|Ice Punch|p2b: Flutter Mane\n|-damage|p2b: Flutter Mane|0 fnt\n|faint|p2b: Flutter Mane\n|-end|p2b: Flutter Mane|Protosynthesis|[silent]\n|move|p2a: Ting-Lu|Stomping Tantrum|p1b: Crabominable\n|-supereffective|p1b: Crabominable\n|-damage|p1b: Crabominable|0 fnt\n|faint|p1b: Crabominable\n|\n|upkeep\n|\n|t:|1683012042\n|switch|p1b: Clawitzer|Clawitzer, L50, F|91\/100 slp\n|turn|5\n|\n|t:|1683012055\n|move|p1a: Farigiraf|Protect|p1a: Farigiraf\n|-singleturn|p1a: Farigiraf|Protect\n|cant|p1b: Clawitzer|slp\n|move|p2a: Ting-Lu|Stomping Tantrum|p1a: Farigiraf\n|-activate|p1a: Farigiraf|move: Protect\n|\n|upkeep\n|turn|6\n|\n|t:|1683012062\n|move|p1a: Farigiraf|Helping Hand|p1b: Clawitzer\n|-singleturn|p1b: Clawitzer|Helping Hand|[of] p1a: Farigiraf\n|cant|p1b: Clawitzer|slp\n|move|p2a: Ting-Lu|Stomping Tantrum|p1a: Farigiraf\n|-damage|p1a: Farigiraf|0 fnt\n|faint|p1a: Farigiraf\n|\n|upkeep\n|\n|t:|1683012067\n|switch|p1a: Abomasnow|Abomasnow, L50, F|100\/100\n|-weather|Snow|[from] ability: Snow Warning|[of] p1a: Abomasnow\n|turn|7\n|inactive|StantlerGOAT has 30 seconds left.\n|\n|t:|1683012092\n|cant|p1b: Clawitzer|slp\n|move|p1a: Abomasnow|Aurora Veil|p1a: Abomasnow\n|-sidestart|p1: StantlerGOAT|move: Aurora Veil\n|move|p2a: Ting-Lu|Heavy Slam|p1a: Abomasnow\n|-supereffective|p1a: Abomasnow\n|-damage|p1a: Abomasnow|56\/100\n|\n|-weather|Snow|[upkeep]\n|-fieldend|move: Trick Room\n|upkeep\n|turn|8\n|-message|OwOPango forfeited.\n|\n|win|StantlerGOAT\n|raw|StantlerGOAT's rating: 1157 → 1179<\/strong> (+22 for winning)\n|raw|OwOPango's rating: 1111 → 1089<\/strong> (-22 for losing)\n|l|\u2606OwOPango\n","uploadtime":1683012106,"views":18,"p1id":"stantlergoat","p2id":"owopango","formatid":"gen9vgc2023regulationc","rating":1089,"private":0,"password":""}