{"id":"gen9vgc2023regulationc-1862219772","p1":"HiKraunty","p2":"AGSilver935","format":"[Gen 9] VGC 2023 Regulation C","log":"|j|\u2606HiKraunty\n|j|\u2606AGSilver935\n|t:|1683851098\n|gametype|doubles\n|player|p1|HiKraunty|hilda|\n|player|p2|AGSilver935|ghetsis|\n|teamsize|p1|6\n|teamsize|p2|6\n|gen|9\n|tier|[Gen 9] VGC 2023 Regulation C\n|rule|Species Clause: Limit one of each Pok\u00e9mon\n|rule|Item Clause: Limit one of each item\n|clearpoke\n|poke|p1|Flutter Mane, L50|\n|poke|p1|Murkrow, L50, F|\n|poke|p1|Great Tusk, L50|\n|poke|p1|Chi-Yu, L50|\n|poke|p1|Iron Bundle, L50|\n|poke|p1|Amoonguss, L50, M|\n|poke|p2|Baxcalibur, L50, F|\n|poke|p2|Flutter Mane, L50|\n|poke|p2|Chi-Yu, L50|\n|poke|p2|Iron Bundle, L50|\n|poke|p2|Amoonguss, L50, F|\n|poke|p2|Arcanine, L50, F|\n|teampreview|4\nHiKraunty has agreed to open team sheets.\nAGSilver935 has agreed to open team sheets.\n|c|\u2606AGSilver935|g1\n|c|\u2606AGSilver935|Good luck!\n|c|\u2606HiKraunty|glhf\n|\n|t:|1683851225\n|start\n|switch|p1a: Wisdom|Great Tusk, L50|100\/100\n|switch|p1b: Hax|Murkrow, L50, F|100\/100\n|switch|p2a: Iron Bundle|Iron Bundle, L50|100\/100\n|switch|p2b: Flutter Mane|Flutter Mane, L50|100\/100\n|-enditem|p2a: Iron Bundle|Booster Energy\n|-activate|p2a: Iron Bundle|ability: Quark Drive|[fromitem]\n|-start|p2a: Iron Bundle|quarkdrivespe\n|turn|1\n|\n|t:|1683851257\n|-terastallize|p1a: Wisdom|Fire\n|move|p2b: Flutter Mane|Protect|p2b: Flutter Mane\n|-singleturn|p2b: Flutter Mane|Protect\n|move|p1b: Hax|Sunny Day|p1b: Hax\n|-weather|SunnyDay\n|-activate|p2b: Flutter Mane|ability: Protosynthesis\n|-start|p2b: Flutter Mane|protosynthesisspe\n|-activate|p1a: Wisdom|ability: Protosynthesis\n|-start|p1a: Wisdom|protosynthesisatk\n|move|p2a: Iron Bundle|Icy Wind|p1b: Hax|[spread] p1a,p1b\n|-resisted|p1a: Wisdom\n|-supereffective|p1b: Hax\n|-damage|p1a: Wisdom|92\/100\n|-damage|p1b: Hax|54\/100\n|-unboost|p1a: Wisdom|spe|1\n|-unboost|p1b: Hax|spe|1\n|move|p1a: Wisdom|Earthquake|p2a: Iron Bundle|[spread] p2a\n|-activate|p2b: Flutter Mane|move: Protect\n|-immune|p1b: Hax\n|-damage|p2a: Iron Bundle|36\/100\n|\n|-weather|SunnyDay|[upkeep]\n|upkeep\n|turn|2\n|\n|t:|1683851292\n|-end|p2b: Flutter Mane|Protosynthesis|[silent]\n|switch|p2b: Arcanine|Arcanine, L50, F|100\/100\n|-ability|p2b: Arcanine|Intimidate|boost\n|-unboost|p1a: Wisdom|atk|1\n|-unboost|p1b: Hax|atk|1\n|move|p1b: Hax|Tailwind|p1b: Hax\n|-sidestart|p1: HiKraunty|move: Tailwind\n|move|p2a: Iron Bundle|Icy Wind|p1b: Hax|[spread] p1a,p1b\n|-resisted|p1a: Wisdom\n|-supereffective|p1b: Hax\n|-damage|p1a: Wisdom|83\/100\n|-damage|p1b: Hax|7\/100\n|-unboost|p1a: Wisdom|spe|1\n|-unboost|p1b: Hax|spe|1\n|move|p1a: Wisdom|Earthquake|p2a: Iron Bundle|[spread] p2a,p2b\n|-immune|p1b: Hax\n|-supereffective|p2b: Arcanine\n|-damage|p2a: Iron Bundle|0 fnt\n|-damage|p2b: Arcanine|23\/100\n|faint|p2a: Iron Bundle\n|-end|p2a: Iron Bundle|Quark Drive|[silent]\n|\n|-weather|SunnyDay|[upkeep]\n|upkeep\n|\n|t:|1683851316\n|switch|p2a: Chi-Yu|Chi-Yu, L50|100\/100\n|-ability|p2a: Chi-Yu|Beads of Ruin\n|turn|3\n|\n|t:|1683851334\n|move|p2b: Arcanine|Extreme Speed|p1b: Hax\n|-damage|p1b: Hax|0 fnt\n|faint|p1b: Hax\n|move|p2a: Chi-Yu|Dark Pulse|p1a: Wisdom\n|-damage|p1a: Wisdom|32\/100\n|cant|p1a: Wisdom|flinch\n|\n|-weather|SunnyDay|[upkeep]\n|upkeep\n|\n|t:|1683851345\n|switch|p1b: Overcooked|Chi-Yu, L50|100\/100\n|-ability|p1b: Overcooked|Beads of Ruin\n|turn|4\n|\n|t:|1683851364\n|move|p2a: Chi-Yu|Protect|p2a: Chi-Yu\n|-singleturn|p2a: Chi-Yu|Protect\n|move|p2b: Arcanine|Extreme Speed|p1b: Overcooked\n|-damage|p1b: Overcooked|67\/100\n|move|p1b: Overcooked|Nasty Plot|p1b: Overcooked\n|-boost|p1b: Overcooked|spa|2\n|move|p1a: Wisdom|Rock Slide|p2b: Arcanine|[spread] p2b\n|-activate|p2a: Chi-Yu|move: Protect\n|-supereffective|p2b: Arcanine\n|-damage|p2b: Arcanine|0 fnt\n|faint|p2b: Arcanine\n|\n|-weather|SunnyDay|[upkeep]\n|upkeep\n|\n|t:|1683851377\n|switch|p2b: Flutter Mane|Flutter Mane, L50|100\/100\n|-activate|p2b: Flutter Mane|ability: Protosynthesis\n|-start|p2b: Flutter Mane|protosynthesisspe\n|turn|5\n|\n|t:|1683851415\n|-terastallize|p2b: Flutter Mane|Fairy\n|move|p1b: Overcooked|Protect|p1b: Overcooked\n|-singleturn|p1b: Overcooked|Protect\n|move|p2b: Flutter Mane|Moonblast|p1b: Overcooked\n|-activate|p1b: Overcooked|move: Protect\n|move|p2a: Chi-Yu|Dark Pulse|p1a: Wisdom\n|-damage|p1a: Wisdom|0 fnt\n|faint|p1a: Wisdom\n|-end|p1a: Wisdom|Protosynthesis|[silent]\n|\n|-weather|none\n|-end|p2b: Flutter Mane|Protosynthesis\n|-sideend|p1: HiKraunty|move: Tailwind\n|upkeep\n|\n|t:|1683851424\n|switch|p1a: Iceki|Iron Bundle, L50|100\/100\n|-enditem|p1a: Iceki|Booster Energy\n|-activate|p1a: Iceki|ability: Quark Drive|[fromitem]\n|-start|p1a: Iceki|quarkdrivespe\n|turn|6\n|\n|t:|1683851464\n|move|p2a: Chi-Yu|Protect|p2a: Chi-Yu\n|-singleturn|p2a: Chi-Yu|Protect\n|move|p1a: Iceki|Hydro Pump|p2a: Chi-Yu\n|-activate|p2a: Chi-Yu|move: Protect\n|move|p2b: Flutter Mane|Dazzling Gleam|p1b: Overcooked|[spread] p1a,p1b\n|-damage|p1a: Iceki|0 fnt\n|-damage|p1b: Overcooked|7\/100\n|faint|p1a: Iceki\n|-end|p1a: Iceki|Quark Drive|[silent]\n|-damage|p2b: Flutter Mane|91\/100|[from] item: Life Orb\n|move|p1b: Overcooked|Heat Wave|p2a: Chi-Yu|[spread] \n|-activate|p2a: Chi-Yu|move: Protect\n|-miss|p1b: Overcooked|p2b: Flutter Mane\n|\n|upkeep\n|turn|7\n|\n|t:|1683851479\n|move|p2b: Flutter Mane|Moonblast|p1b: Overcooked\n|-crit|p1b: Overcooked\n|-damage|p1b: Overcooked|0 fnt\n|faint|p1b: Overcooked\n|-damage|p2b: Flutter Mane|81\/100|[from] item: Life Orb\n|\n|win|AGSilver935\n|c|\u2606AGSilver935|gg\n|c|\u2606HiKraunty|gg\n","uploadtime":1683851496,"views":10,"p1id":"hikraunty","p2id":"agsilver935","formatid":"gen9vgc2023regulationc","rating":0,"private":0,"password":""}