{"id":"gen9vgc2023regulationc-1848280646","p1":"marioman6444","p2":"fudii","format":"[Gen 9] VGC 2023 Regulation C","log":"|j|\u2606marioman6444\n|j|\u2606fudii\n|t:|1682052853\n|gametype|doubles\n|player|p1|marioman6444|hoopster|1328\n|player|p2|fudii|bellelba|1300\n|teamsize|p1|6\n|teamsize|p2|6\n|gen|9\n|tier|[Gen 9] VGC 2023 Regulation C\n|rated|\n|rule|Species Clause: Limit one of each Pok\u00e9mon\n|rule|Item Clause: Limit one of each item\n|clearpoke\n|poke|p1|Brute Bonnet, L50|\n|poke|p1|Garchomp, L50, F|\n|poke|p1|Murkrow, L50, M|\n|poke|p1|Iron Bundle, L50|\n|poke|p1|Maushold, L50|\n|poke|p1|Flutter Mane, L50|\n|poke|p2|Chien-Pao, L50|\n|poke|p2|Dragonite, L50, M|\n|poke|p2|Flutter Mane, L50|\n|poke|p2|Great Tusk, L50|\n|poke|p2|Lilligant, L50, F|\n|poke|p2|Torkoal, L50, F|\n|teampreview|4\n|inactive|Battle timer is ON: inactive players will automatically lose when time's up. (requested by marioman6444)\n|inactive|marioman6444 has 60 seconds left.\n|inactive|fudii has 60 seconds left.\n|inactive|marioman6444 has 30 seconds left.\n|\n|t:|1682052921\n|start\n|switch|p1a: Mutter Flane|Flutter Mane, L50, shiny|100\/100\n|switch|p1b: ourple bdir|Murkrow, L50, M, shiny|100\/100\n|switch|p2a: Great Tusk|Great Tusk, L50|100\/100\n|switch|p2b: Flutter Mane|Flutter Mane, L50|100\/100\n|turn|1\n|inactive|fudii has 30 seconds left.\n|c|\u2606marioman6444|Glhf!\n|inactive|fudii has 20 seconds left.\n|\n|t:|1682052960\n|-end|p2b: Flutter Mane|Protosynthesis|[silent]\n|switch|p2b: Dragonite|Dragonite, L50, M|100\/100\n|-terastallize|p2a: Great Tusk|Ground\n|-terastallize|p1a: Mutter Flane|Fairy\n|move|p1b: ourple bdir|Tailwind|p1b: ourple bdir\n|-sidestart|p1: marioman6444|move: Tailwind\n|move|p1a: Mutter Flane|Dazzling Gleam|p2a: Great Tusk|[spread] p2a,p2b\n|-supereffective|p2b: Dragonite\n|-damage|p2a: Great Tusk|14\/100\n|-damage|p2b: Dragonite|38\/100\n|move|p2a: Great Tusk|Headlong Rush|p1a: Mutter Flane\n|-damage|p1a: Mutter Flane|0 fnt\n|-unboost|p2a: Great Tusk|def|1\n|-unboost|p2a: Great Tusk|spd|1\n|faint|p1a: Mutter Flane\n|-end|p1a: Mutter Flane|Protosynthesis|[silent]\n|\n|upkeep\n|c|\u2606fudii|gl\n|inactive|marioman6444 has 30 seconds left.\n|\n|t:|1682052989\n|switch|p1a: G-Girl|Garchomp, L50, F, shiny|100\/100\n|turn|2\n|inactive|fudii has 30 seconds left.\n|\n|t:|1682053023\n|switch|p2b: Flutter Mane|Flutter Mane, L50|100\/100\n|move|p1a: G-Girl|Stomping Tantrum|p2a: Great Tusk\n|-damage|p2a: Great Tusk|0 fnt\n|faint|p2a: Great Tusk\n|-end|p2a: Great Tusk|Protosynthesis|[silent]\n|move|p1b: ourple bdir|Foul Play|p2b: Flutter Mane\n|-damage|p2b: Flutter Mane|75\/100\n|\n|upkeep\n|\n|t:|1682053038\n|switch|p2a: Chien-Pao|Chien-Pao, L50|100\/100\n|-ability|p2a: Chien-Pao|Sword of Ruin\n|turn|3\n|inactive|marioman6444 has 30 seconds left.\n|\n|t:|1682053064\n|-end|p2b: Flutter Mane|Protosynthesis|[silent]\n|switch|p2b: Dragonite|Dragonite, L50, M|38\/100\n|move|p1a: G-Girl|Protect|p1a: G-Girl\n|-singleturn|p1a: G-Girl|Protect\n|move|p1b: ourple bdir|Foul Play|p2a: Chien-Pao\n|-resisted|p2a: Chien-Pao\n|-damage|p2a: Chien-Pao|69\/100\n|move|p2a: Chien-Pao|Icicle Crash|p1a: G-Girl\n|-activate|p1a: G-Girl|move: Protect\n|\n|upkeep\n|turn|4\n|inactive|fudii has 30 seconds left.\n|inactive|fudii has 20 seconds left.\n|\n|t:|1682053103\n|switch|p1b: Happy Happy|Iron Bundle, L50|100\/100\n|-enditem|p1b: Happy Happy|Booster Energy\n|-activate|p1b: Happy Happy|ability: Quark Drive|[fromitem]\n|-start|p1b: Happy Happy|quarkdrivespe\n|move|p2a: Chien-Pao|Sucker Punch|p1a: G-Girl\n|-damage|p1a: G-Girl|50\/100\n|-damage|p2a: Chien-Pao|57\/100|[from] ability: Rough Skin|[of] p1a: G-Girl\n|move|p1a: G-Girl|Rock Slide|p2b: Dragonite|[spread] p2a,p2b\n|-supereffective|p2a: Chien-Pao\n|-supereffective|p2b: Dragonite\n|-damage|p2a: Chien-Pao|0 fnt\n|-damage|p2b: Dragonite|0 fnt\n|faint|p2a: Chien-Pao\n|faint|p2b: Dragonite\n|\n|-sideend|p1: marioman6444|move: Tailwind\n|upkeep\n|\n|t:|1682053120\n|switch|p2a: Flutter Mane|Flutter Mane, L50|75\/100\n|turn|5\n|c|\u2606marioman6444|Gooo chompy!\n|c|\u2606fudii|damn chomps\n|c|\u2606marioman6444|Gg\n|\n|t:|1682053137\n|move|p1b: Happy Happy|Icy Wind|p2a: Flutter Mane\n|-damage|p2a: Flutter Mane|50\/100\n|-unboost|p2a: Flutter Mane|spe|1\n|move|p1a: G-Girl|Iron Head|p2a: Flutter Mane\n|-supereffective|p2a: Flutter Mane\n|-damage|p2a: Flutter Mane|0 fnt\n|faint|p2a: Flutter Mane\n|-end|p2a: Flutter Mane|Protosynthesis|[silent]\n|\n|win|marioman6444\n|raw|marioman6444's rating: 1328 → 1346<\/strong> (+18 for winning)\n|raw|fudii's rating: 1300 → 1277<\/strong> (-23 for losing)\n|c|\u2606fudii|bruh\n|c|\u2606marioman6444|I did my homework\n|c|\u2606marioman6444|Lol\n|c|\u2606fudii|chomps got every super effective hitting move against my team\n|c|\u2606fudii|truly OP\n|c|\u2606marioman6444|Coverage be real\n|c|\u2606marioman6444|Ggwp\n|c|\u2606fudii|yeah, wp\n|l|\u2606fudii\n|c|\u2606marioman6444|Was planning on uesing tusk too\n","uploadtime":1682053225,"views":10,"p1id":"marioman6444","p2id":"fudii","formatid":"gen9vgc2023regulationc","rating":1277,"private":0,"password":""}