{"id":"gen9vgc2023regulationc-1854306093","p1":"DozoScarfTopTier","p2":"MIGUELIVGC","format":"[Gen 9] VGC 2023 Regulation C","log":"|j|\u2606DozoScarfTopTier\n|j|\u2606MIGUELIVGC\n|t:|1682794990\n|gametype|doubles\n|player|p1|DozoScarfTopTier|burglar|\n|player|p2|MIGUELIVGC|dragontamer|\n|teamsize|p1|6\n|teamsize|p2|6\n|gen|9\n|tier|[Gen 9] VGC 2023 Regulation C\n|rule|Species Clause: Limit one of each Pok\u00e9mon\n|rule|Item Clause: Limit one of each item\n|clearpoke\n|poke|p1|Chi-Yu, L50|\n|poke|p1|Flutter Mane, L50|\n|poke|p1|Great Tusk, L50|\n|poke|p1|Brute Bonnet, L50|\n|poke|p1|Corviknight, L50, F|\n|poke|p1|Murkrow, L50, F|\n|poke|p2|Ting-Lu, L50|\n|poke|p2|Mimikyu, L50, M|\n|poke|p2|Amoonguss, L50, F|\n|poke|p2|Baxcalibur, L50, M|\n|poke|p2|Gyarados, L50, M|\n|poke|p2|Kingambit, L50, M|\n|teampreview|4\n|c|\u2606MIGUELIVGC|g1\nMIGUELIVGC has agreed to open team sheets.\nDozoScarfTopTier has agreed to open team sheets.\n|c|\u2606MIGUELIVGC|estoy\n|c|\u2606MIGUELIVGC|jejjee\n|c|\u2606DozoScarfTopTier|Suerte tio\n|c|\u2606MIGUELIVGC|buena suerte y a divertirseee\n|\n|t:|1682795101\n|start\n|switch|p1a: Corviknight|Corviknight, L50, F, shiny|100\/100\n|switch|p1b: Great Tusk|Great Tusk, L50, shiny|100\/100\n|switch|p2a: Ting-Lu|Ting-Lu, L50|100\/100\n|switch|p2b: Mimikyu|Mimikyu, L50, M|100\/100\n|-ability|p2a: Ting-Lu|Vessel of Ruin\n|turn|1\n|l|\u2606DozoScarfTopTier\n|player|p1|\n|j|\u2606DozoScarfTopTier\n|player|p1|DozoScarfTopTier|burglar\n|\n|t:|1682795212\n|move|p1b: Great Tusk|Close Combat|p2a: Ting-Lu\n|-supereffective|p2a: Ting-Lu\n|-damage|p2a: Ting-Lu|39\/100\n|-unboost|p1b: Great Tusk|def|1\n|-unboost|p1b: Great Tusk|spd|1\n|move|p2b: Mimikyu|Play Rough|p1b: Great Tusk\n|-supereffective|p1b: Great Tusk\n|-damage|p1b: Great Tusk|0 fnt\n|faint|p1b: Great Tusk\n|-end|p1b: Great Tusk|Protosynthesis|[silent]\n|-damage|p2b: Mimikyu|91\/100|[from] item: Life Orb\n|move|p1a: Corviknight|U-turn|p2a: Ting-Lu\n|-supereffective|p2a: Ting-Lu\n|-damage|p2a: Ting-Lu|8\/100\n|\n|t:|1682795221\n|switch|p1a: Murkrow|Murkrow, L50, F, shiny|100\/100|[from] U-turn\n|move|p2a: Ting-Lu|Body Press|p1a: Murkrow\n|-damage|p1a: Murkrow|69\/100\n|\n|upkeep\n|\n|t:|1682795232\n|switch|p1b: Corviknight|Corviknight, L50, F, shiny|100\/100\n|turn|2\n|\n|t:|1682795264\n|move|p1a: Murkrow|Tailwind|p1a: Murkrow\n|-sidestart|p1: DozoScarfTopTier|move: Tailwind\n|move|p1b: Corviknight|U-turn|p2a: Ting-Lu\n|-supereffective|p2a: Ting-Lu\n|-damage|p2a: Ting-Lu|0 fnt\n|faint|p2a: Ting-Lu\n|\n|t:|1682795271\n|switch|p1b: Flutter Mane|Flutter Mane, L50, shiny|100\/100|[from] U-turn\n|move|p2b: Mimikyu|Play Rough|p1a: Murkrow\n|-supereffective|p1a: Murkrow\n|-damage|p1a: Murkrow|0 fnt\n|faint|p1a: Murkrow\n|-damage|p2b: Mimikyu|81\/100|[from] item: Life Orb\n|\n|upkeep\n|\n|t:|1682795283\n|switch|p1a: Corviknight|Corviknight, L50, F, shiny|100\/100\n|switch|p2a: Baxcalibur|Baxcalibur, L50, M|100\/100\n|turn|3\n|\n|t:|1682795300\n|-terastallize|p1b: Flutter Mane|Fairy\n|-terastallize|p2a: Baxcalibur|Poison\n|move|p1b: Flutter Mane|Dazzling Gleam|p2a: Baxcalibur|[spread] p2a,p2b\n|-resisted|p2a: Baxcalibur\n|-damage|p2a: Baxcalibur|71\/100\n|-activate|p2b: Mimikyu|ability: Disguise\n|-damage|p2b: Mimikyu|81\/100\n|detailschange|p2b: Mimikyu|Mimikyu-Busted, L50, M\n|-damage|p2b: Mimikyu|68\/100|[from] pokemon: Mimikyu-Busted\n|move|p1a: Corviknight|Iron Head|p2a: Baxcalibur\n|-damage|p2a: Baxcalibur|28\/100\n|move|p2a: Baxcalibur|Icicle Spear|p1b: Flutter Mane\n|-damage|p1b: Flutter Mane|73\/100\n|-damage|p1b: Flutter Mane|45\/100\n|-damage|p1b: Flutter Mane|16\/100\n|-damage|p1b: Flutter Mane|0 fnt\n|faint|p1b: Flutter Mane\n|-end|p1b: Flutter Mane|Protosynthesis|[silent]\n|-hitcount|p1: Flutter Mane|4\n|move|p2b: Mimikyu|Trick Room|p2b: Mimikyu\n|-fieldstart|move: Trick Room|[of] p2b: Mimikyu\n|\n|upkeep\n|turn|4\n|c|\u2606DozoScarfTopTier|Gg\n|\n|t:|1682795331\n|move|p2a: Baxcalibur|Icicle Spear|p1a: Corviknight\n|-damage|p1a: Corviknight|86\/100\n|-damage|p1a: Corviknight|72\/100\n|-damage|p1a: Corviknight|57\/100\n|-damage|p1a: Corviknight|42\/100\n|-damage|p1a: Corviknight|29\/100\n|-hitcount|p1a: Corviknight|5\n|move|p2b: Mimikyu|Curse|p1a: Corviknight\n|-start|p1a: Corviknight|Curse|[of] p2b: Mimikyu\n|-damage|p2b: Mimikyu|19\/100\n|move|p1a: Corviknight|Iron Head|p2a: Baxcalibur\n|-damage|p2a: Baxcalibur|0 fnt\n|faint|p2a: Baxcalibur\n|\n|-damage|p1a: Corviknight|4\/100|[from] Curse\n|upkeep\n|\n|t:|1682795346\n|switch|p2a: Gyarados|Gyarados, L50, M|100\/100\n|-ability|p2a: Gyarados|Intimidate|boost\n|-ability|p1a: Corviknight|Mirror Armor\n|-unboost|p2a: Gyarados|atk|1\n|turn|5\n|\n|t:|1682795353\n|move|p2b: Mimikyu|Play Rough|p1a: Corviknight\n|-resisted|p1a: Corviknight\n|-damage|p1a: Corviknight|0 fnt\n|faint|p1a: Corviknight\n|-damage|p2b: Mimikyu|9\/100|[from] item: Life Orb\n|\n|win|MIGUELIVGC\n","uploadtime":1682795362,"views":16,"p1id":"dozoscarftoptier","p2id":"miguelivgc","formatid":"gen9vgc2023regulationc","rating":0,"private":0,"password":""}