{"id":"gen9vgc2023regulationc-1856537201","p1":"Hinokami ascension","p2":"Daleseries3","format":"[Gen 9] VGC 2023 Regulation C","log":"|j|\u2606Hinokami ascension\n|j|\u2606Daleseries3\n|t:|1683073027\n|gametype|doubles\n|player|p1|Hinokami ascension|hilbert-wonderlauncher|1467\n|player|p2|Daleseries3|265|1509\n|teamsize|p1|6\n|teamsize|p2|6\n|gen|9\n|tier|[Gen 9] VGC 2023 Regulation C\n|rated|\n|rule|Species Clause: Limit one of each Pok\u00e9mon\n|rule|Item Clause: Limit one of each item\n|clearpoke\n|poke|p1|Great Tusk, L50|\n|poke|p1|Talonflame, L50, M|\n|poke|p1|Chi-Yu, L50|\n|poke|p1|Flutter Mane, L50|\n|poke|p1|Kingambit, L50, F|\n|poke|p1|Iron Bundle, L50|\n|poke|p2|Flutter Mane, L50|\n|poke|p2|Hariyama, L50, M|\n|poke|p2|Iron Bundle, L50|\n|poke|p2|Amoonguss, L50, F|\n|poke|p2|Tyranitar, L50, F|\n|poke|p2|Arcanine, L50, F|\n|teampreview|4\n|inactive|Battle timer is ON: inactive players will automatically lose when time's up. (requested by Daleseries3)\n|\n|t:|1683073074\n|start\n|switch|p1a: Tomioka|Iron Bundle, L50, shiny|100\/100\n|switch|p1b: Raven|Flutter Mane, L50, shiny|100\/100\n|switch|p2a: Tyranitar|Tyranitar, L50, F|100\/100\n|switch|p2b: Hariyama|Hariyama, L50, M|100\/100\n|-weather|Sandstorm|[from] ability: Sand Stream|[of] p2a: Tyranitar\n|-enditem|p1a: Tomioka|Booster Energy\n|-activate|p1a: Tomioka|ability: Quark Drive|[fromitem]\n|-start|p1a: Tomioka|quarkdrivespe\n|turn|1\n|\n|t:|1683073096\n|-terastallize|p1a: Tomioka|Ghost\n|-terastallize|p2b: Hariyama|Steel\n|move|p2b: Hariyama|Fake Out|p1a: Tomioka\n|-immune|p1a: Tomioka\n|move|p1a: Tomioka|Hydro Pump|p2a: Tyranitar|[miss]\n|-miss|p1a: Tomioka|p2a: Tyranitar\n|move|p1b: Raven|Moonblast|p2a: Tyranitar\n|-supereffective|p2a: Tyranitar\n|-damage|p2a: Tyranitar|2\/100\n|move|p2a: Tyranitar|Rock Slide|p1a: Tomioka|[spread] p1a,p1b\n|-damage|p1a: Tomioka|62\/100\n|-damage|p1b: Raven|47\/100\n|\n|-weather|Sandstorm|[upkeep]\n|-damage|p1a: Tomioka|56\/100|[from] Sandstorm\n|-damage|p1b: Raven|42\/100|[from] Sandstorm\n|-status|p2b: Hariyama|brn|[from] item: Flame Orb\n|upkeep\n|turn|2\n|inactive|Hinokami ascension has 30 seconds left.\n|inactive|Daleseries3 has 30 seconds left.\n|\n|t:|1683073130\n|-end|p1b: Raven|Protosynthesis|[silent]\n|switch|p1b: Daddy tusk|Great Tusk, L50, shiny|100\/100\n|move|p2b: Hariyama|Bullet Punch|p1b: Daddy tusk\n|-damage|p1b: Daddy tusk|76\/100\n|move|p1a: Tomioka|Icy Wind|p2a: Tyranitar|[spread] p2a,p2b\n|-crit|p2a: Tyranitar\n|-resisted|p2b: Hariyama\n|-damage|p2a: Tyranitar|0 fnt\n|-damage|p2b: Hariyama|92\/100 brn\n|-unboost|p2b: Hariyama|spe|1\n|faint|p2a: Tyranitar\n|\n|-weather|Sandstorm|[upkeep]\n|-damage|p1a: Tomioka|51\/100|[from] Sandstorm\n|-damage|p2b: Hariyama|86\/100 brn|[from] brn\n|upkeep\n|\n|t:|1683073137\n|switch|p2a: Arcanine|Arcanine, L50, F|100\/100\n|-ability|p2a: Arcanine|Intimidate|boost\n|-unboost|p1a: Tomioka|atk|1\n|-unboost|p1b: Daddy tusk|atk|1\n|turn|3\n|inactive|Daleseries3 has 30 seconds left.\n|\n|t:|1683073163\n|-end|p1b: Daddy tusk|Protosynthesis|[silent]\n|switch|p1b: Raven|Flutter Mane, L50, shiny|42\/100\n|move|p1a: Tomioka|Protect|p1a: Tomioka\n|-singleturn|p1a: Tomioka|Protect\n|move|p2a: Arcanine|Play Rough|p1b: Raven\n|-damage|p1b: Raven|0 fnt\n|faint|p1b: Raven\n|-end|p1b: Raven|Protosynthesis|[silent]\n|move|p2b: Hariyama|Headlong Rush|p1a: Tomioka\n|-activate|p1a: Tomioka|move: Protect\n|\n|-weather|Sandstorm|[upkeep]\n|-damage|p1a: Tomioka|45\/100|[from] Sandstorm\n|-damage|p2a: Arcanine|94\/100|[from] Sandstorm\n|-damage|p2b: Hariyama|80\/100 brn|[from] brn\n|upkeep\n|\n|t:|1683073171\n|switch|p1b: Daddy tusk|Great Tusk, L50, shiny|76\/100\n|turn|4\n|\n|t:|1683073181\n|switch|p2a: Iron Bundle|Iron Bundle, L50|100\/100\n|-enditem|p2a: Iron Bundle|Booster Energy\n|-activate|p2a: Iron Bundle|ability: Quark Drive|[fromitem]\n|-start|p2a: Iron Bundle|quarkdrivespe\n|move|p2b: Hariyama|Bullet Punch|p1a: Tomioka\n|-damage|p1a: Tomioka|7\/100\n|move|p1a: Tomioka|Hydro Pump|p2a: Iron Bundle|[miss]\n|-miss|p1a: Tomioka|p2a: Iron Bundle\n|move|p1b: Daddy tusk|Headlong Rush|p2b: Hariyama\n|-supereffective|p2b: Hariyama\n|-damage|p2b: Hariyama|0 fnt\n|-unboost|p1b: Daddy tusk|def|1\n|-unboost|p1b: Daddy tusk|spd|1\n|faint|p2b: Hariyama\n|\n|-weather|Sandstorm|[upkeep]\n|-damage|p1a: Tomioka|2\/100|[from] Sandstorm\n|-damage|p2a: Iron Bundle|94\/100|[from] Sandstorm\n|upkeep\n|\n|t:|1683073194\n|switch|p2b: Arcanine|Arcanine, L50, F|94\/100\n|-ability|p2b: Arcanine|Intimidate|boost\n|-unboost|p1a: Tomioka|atk|1\n|-unboost|p1b: Daddy tusk|atk|1\n|turn|5\n|\n|t:|1683073208\n|move|p1a: Tomioka|Protect|p1a: Tomioka\n|-singleturn|p1a: Tomioka|Protect\n|move|p2a: Iron Bundle|Icy Wind|p1b: Daddy tusk|[spread] p1b\n|-activate|p1a: Tomioka|move: Protect\n|-supereffective|p1b: Daddy tusk\n|-damage|p1b: Daddy tusk|0 fnt\n|faint|p1b: Daddy tusk\n|-end|p1b: Daddy tusk|Protosynthesis|[silent]\n|move|p2b: Arcanine|Play Rough|p1a: Tomioka\n|-activate|p1a: Tomioka|move: Protect\n|\n|-weather|none\n|upkeep\n|\n|t:|1683073210\n|switch|p1b: Ratchet|Kingambit, L50, F, shiny|100\/100\n|turn|6\n|\n|t:|1683073224\n|move|p2a: Iron Bundle|Freeze-Dry|p1a: Tomioka\n|-damage|p1a: Tomioka|0 fnt\n|faint|p1a: Tomioka\n|-end|p1a: Tomioka|Quark Drive|[silent]\n|move|p2b: Arcanine|Flare Blitz|p1b: Ratchet\n|-supereffective|p1b: Ratchet\n|-damage|p1b: Ratchet|13\/100\n|-damage|p2b: Arcanine|64\/100|[from] Recoil\n|move|p1b: Ratchet|Assurance|p2b: Arcanine\n|-damage|p2b: Arcanine|0 fnt\n|faint|p2b: Arcanine\n|\n|upkeep\n|turn|7\n|\n|t:|1683073236\n|move|p1b: Ratchet|Sucker Punch|p2a: Iron Bundle\n|-damage|p2a: Iron Bundle|42\/100\n|move|p2a: Iron Bundle|Freeze-Dry|p1b: Ratchet\n|-resisted|p1b: Ratchet\n|-damage|p1b: Ratchet|1\/100\n|\n|upkeep\n|turn|8\n|\n|t:|1683073248\n|move|p2a: Iron Bundle|Protect|p2a: Iron Bundle\n|-singleturn|p2a: Iron Bundle|Protect\n|move|p1b: Ratchet|Sucker Punch||[still]\n|-fail|p1b: Ratchet\n|\n|upkeep\n|turn|9\n|\n|t:|1683073251\n|move|p2a: Iron Bundle|Protect|p2a: Iron Bundle\n|-singleturn|p2a: Iron Bundle|Protect\n|move|p1b: Ratchet|Sucker Punch||[still]\n|-fail|p1b: Ratchet\n|\n|upkeep\n|turn|10\n|\n|t:|1683073259\n|move|p2a: Iron Bundle|Protect||[still]\n|-fail|p2a: Iron Bundle\n|move|p1b: Ratchet|Sucker Punch||[still]\n|-fail|p1b: Ratchet\n|\n|upkeep\n|turn|11\n|\n|t:|1683073263\n|move|p2a: Iron Bundle|Protect|p2a: Iron Bundle\n|-singleturn|p2a: Iron Bundle|Protect\n|move|p1b: Ratchet|Sucker Punch||[still]\n|-fail|p1b: Ratchet\n|\n|upkeep\n|turn|12\n|\n|t:|1683073269\n|move|p2a: Iron Bundle|Protect||[still]\n|-fail|p2a: Iron Bundle\n|move|p1b: Ratchet|Iron Head|p2a: Iron Bundle\n|-damage|p2a: Iron Bundle|0 fnt\n|faint|p2a: Iron Bundle\n|-end|p2a: Iron Bundle|Quark Drive|[silent]\n|\n|win|Hinokami ascension\n|raw|Hinokami ascension's rating: 1480 → 1502<\/strong> (+22 for winning)\n|raw|Daleseries3's rating: 1509 → 1487<\/strong> (-22 for losing)\n","uploadtime":1683073276,"views":12,"p1id":"hinokamiascension","p2id":"daleseries3","formatid":"gen9vgc2023regulationc","rating":1487,"private":0,"password":""}