{"id":"gen9vgc2023regulationc-1855046356","p1":"Flutterhawk","p2":"Sanghyeon","format":"[Gen 9] VGC 2023 Regulation C","log":"|j|\u2606Flutterhawk\n|j|\u2606Sanghyeon\n|t:|1682894789\n|gametype|doubles\n|player|p1|Flutterhawk|pokekid|1058\n|player|p2|Sanghyeon|blue|1146\n|teamsize|p1|6\n|teamsize|p2|6\n|gen|9\n|tier|[Gen 9] VGC 2023 Regulation C\n|rated|\n|rule|Species Clause: Limit one of each Pok\u00e9mon\n|rule|Item Clause: Limit one of each item\n|clearpoke\n|poke|p1|Meowscarada, L50, F|\n|poke|p1|Palafin, L50, F|\n|poke|p1|Dragapult, L50, F|\n|poke|p1|Armarouge, L50, M|\n|poke|p1|Chien-Pao, L50|\n|poke|p1|Toedscruel, L50, M|\n|poke|p2|Kingambit, L50, M|\n|poke|p2|Flutter Mane, L50|\n|poke|p2|Corviknight, L50, M|\n|poke|p2|Ting-Lu, L50|\n|poke|p2|Gastrodon, L50, M|\n|poke|p2|Ceruledge, L50, F|\n|teampreview|4\n|inactive|Battle timer is ON: inactive players will automatically lose when time's up. (requested by Sanghyeon)\n|\n|t:|1682894870\n|start\n|switch|p1a: Lockheed|Dragapult, L50, F|100\/100\n|switch|p1b: Sayaka|Palafin, L50, F|100\/100\n|switch|p2a: Ting-Lu|Ting-Lu, L50|100\/100\n|switch|p2b: Ceruledge|Ceruledge, L50, F|100\/100\n|-ability|p2a: Ting-Lu|Vessel of Ruin\n|turn|1\n|inactive|Flutterhawk has 30 seconds left.\n|inactive|Sanghyeon has 30 seconds left.\n|inactive|Flutterhawk has 20 seconds left.\n|inactive|Flutterhawk has 15 seconds left.\n|\n|t:|1682894914\n|move|p2b: Ceruledge|Protect|p2b: Ceruledge\n|-singleturn|p2b: Ceruledge|Protect\n|move|p1b: Sayaka|Jet Punch|p2b: Ceruledge\n|-activate|p2b: Ceruledge|move: Protect\n|move|p1a: Lockheed|Dragon Darts|p2a: Ting-Lu\n|-damage|p2a: Ting-Lu|85\/100\n|-anim|p1a: Lockheed|Dragon Darts|p2a: Ting-Lu\n|-damage|p2a: Ting-Lu|70\/100\n|move|p2a: Ting-Lu|Stealth Rock|p1a: Lockheed\n|-sidestart|p1: Flutterhawk|move: Stealth Rock\n|\n|upkeep\n|turn|2\n|inactive|Flutterhawk has 30 seconds left.\n|inactive|Sanghyeon has 30 seconds left.\n|inactive|Flutterhawk has 20 seconds left.\n|inactive|Flutterhawk has 15 seconds left.\n|\n|t:|1682894958\n|switch|p2b: Gastrodon|Gastrodon, L50, M|100\/100\n|move|p1a: Lockheed|Protect|p1a: Lockheed\n|-singleturn|p1a: Lockheed|Protect\n|move|p1b: Sayaka|Wave Crash|p2b: Gastrodon\n|-ability|p2b: Gastrodon|Storm Drain|boost\n|-boost|p2b: Gastrodon|spa|1\n|move|p2a: Ting-Lu|Heavy Slam|p1a: Lockheed\n|-activate|p1a: Lockheed|move: Protect\n|\n|upkeep\n|turn|3\n|inactive|Flutterhawk has 30 seconds left.\n|inactive|Sanghyeon has 30 seconds left.\n|inactive|Flutterhawk has 20 seconds left.\n|\n|t:|1682894997\n|detailschange|p1b: Sayaka|Palafin-Hero, L50, F\n|switch|p1b: Zuko|Armarouge, L50, M|100\/100\n|-damage|p1b: Zuko|75\/100|[from] Stealth Rock\n|move|p1a: Lockheed|Dragon Darts|p2b: Gastrodon\n|-damage|p2b: Gastrodon|75\/100\n|-anim|p1a: Lockheed|Dragon Darts|p2a: Ting-Lu\n|-damage|p2a: Ting-Lu|53\/100\n|move|p2a: Ting-Lu|Heavy Slam|p1a: Lockheed\n|-damage|p1a: Lockheed|54\/100\n|move|p2b: Gastrodon|Earth Power|p1a: Lockheed\n|-damage|p1a: Lockheed|0 fnt\n|faint|p1a: Lockheed\n|\n|-heal|p2b: Gastrodon|81\/100|[from] item: Leftovers\n|upkeep\n|inactive|Flutterhawk has 30 seconds left.\n|inactive|Flutterhawk has 20 seconds left.\n|inactive|Flutterhawk has 15 seconds left.\n|\n|t:|1682895040\n|switch|p1a: Yuuno|Chien-Pao, L50|100\/100\n|-damage|p1a: Yuuno|76\/100|[from] Stealth Rock\n|-ability|p1a: Yuuno|Sword of Ruin\n|turn|4\n|inactive|Flutterhawk has 30 seconds left.\n|inactive|Sanghyeon has 30 seconds left.\n|\n|t:|1682895067\n|switch|p2a: Ceruledge|Ceruledge, L50, F|100\/100\n|-terastallize|p1b: Zuko|Grass\n|move|p1a: Yuuno|Ice Spinner|p2a: Ceruledge\n|-resisted|p2a: Ceruledge\n|-damage|p2a: Ceruledge|75\/100\n|move|p1b: Zuko|Energy Ball|p2b: Gastrodon\n|-supereffective|p2b: Gastrodon\n|-damage|p2b: Gastrodon|0 fnt\n|faint|p2b: Gastrodon\n|\n|upkeep\n|\n|t:|1682895078\n|switch|p2b: Flutter Mane|Flutter Mane, L50|100\/100\n|-enditem|p2b: Flutter Mane|Booster Energy\n|-activate|p2b: Flutter Mane|ability: Protosynthesis|[fromitem]\n|-start|p2b: Flutter Mane|protosynthesisspe\n|turn|5\n|inactive|Flutterhawk has 30 seconds left.\n|inactive|Sanghyeon has 30 seconds left.\n|inactive|Flutterhawk has 20 seconds left.\n|inactive|Flutterhawk has 15 seconds left.\n|inactive|Flutterhawk has 10 seconds left.\n|\n|t:|1682895125\n|move|p2b: Flutter Mane|Dazzling Gleam|p1a: Yuuno|[spread] p1a,p1b\n|-supereffective|p1a: Yuuno\n|-crit|p1a: Yuuno\n|-damage|p1a: Yuuno|0 fnt\n|-damage|p1b: Zuko|38\/100\n|faint|p1a: Yuuno\n|move|p2a: Ceruledge|Bitter Blade|p1b: Zuko\n|-supereffective|p1b: Zuko\n|-damage|p1b: Zuko|0 fnt\n|-heal|p2a: Ceruledge|95\/100|[from] drain|[of] p1b: Zuko\n|faint|p1b: Zuko\n|\n|upkeep\n|\n|t:|1682895137\n|switch|p1b: Sayaka|Palafin-Hero, L50, F|100\/100\n|-damage|p1b: Sayaka|88\/100|[from] Stealth Rock\n|-activate|p1b: Sayaka|ability: Zero to Hero\n|turn|6\n|\n|t:|1682895148\n|move|p2a: Ceruledge|Protect|p2a: Ceruledge\n|-singleturn|p2a: Ceruledge|Protect\n|move|p1b: Sayaka|Jet Punch|p2a: Ceruledge\n|-activate|p2a: Ceruledge|move: Protect\n|move|p2b: Flutter Mane|Thunderbolt|p1b: Sayaka\n|-supereffective|p1b: Sayaka\n|-damage|p1b: Sayaka|24\/100\n|\n|upkeep\n|turn|7\n|\n|t:|1682895159\n|move|p1b: Sayaka|Jet Punch|p2a: Ceruledge\n|-supereffective|p2a: Ceruledge\n|-damage|p2a: Ceruledge|0 fnt\n|faint|p2a: Ceruledge\n|move|p2b: Flutter Mane|Thunderbolt|p1b: Sayaka\n|-supereffective|p1b: Sayaka\n|-damage|p1b: Sayaka|0 fnt\n|faint|p1b: Sayaka\n|\n|win|Sanghyeon\n|raw|Flutterhawk's rating: 1058 → 1044<\/strong> (-14 for losing)\n|raw|Sanghyeon's rating: 1146 → 1165<\/strong> (+19 for winning)\n|l|\u2606Sanghyeon\n","uploadtime":1682895167,"views":13,"p1id":"flutterhawk","p2id":"sanghyeon","formatid":"gen9vgc2023regulationc","rating":1044,"private":0,"password":""}