{"id":"gen9vgc2023regulationc-1850637721","p1":"Hadrian1917","p2":"F666999","format":"[Gen 9] VGC 2023 Regulation C","log":"|j|\u2606Hadrian1917\n|j|\u2606F666999\n|t:|1682355060\n|gametype|doubles\n|player|p1|Hadrian1917|brock|1167\n|player|p2|F666999|101|1193\n|teamsize|p1|6\n|teamsize|p2|6\n|gen|9\n|tier|[Gen 9] VGC 2023 Regulation C\n|rated|\n|rule|Species Clause: Limit one of each Pok\u00e9mon\n|rule|Item Clause: Limit one of each item\n|clearpoke\n|poke|p1|Flutter Mane, L50|\n|poke|p1|Arcanine, L50, F|\n|poke|p1|Baxcalibur, L50, M|\n|poke|p1|Ting-Lu, L50|\n|poke|p1|Gyarados, L50, M|\n|poke|p1|Amoonguss, L50, M|\n|poke|p2|Roaring Moon, L50|\n|poke|p2|Palafin, L50, F|\n|poke|p2|Chien-Pao, L50|\n|poke|p2|Iron Hands, L50|\n|poke|p2|Annihilape, L50, F|\n|poke|p2|Flutter Mane, L50|\n|teampreview|4\n|inactive|Battle timer is ON: inactive players will automatically lose when time's up. (requested by Hadrian1917)\n|\n|t:|1682355106\n|start\n|switch|p1a: Arcanine|Arcanine, L50, F|100\/100\n|switch|p1b: Baxcalibur|Baxcalibur, L50, M|100\/100\n|switch|p2a: Palafin|Palafin, L50, F|100\/100\n|switch|p2b: Flutter Mane|Flutter Mane, L50|100\/100\n|-ability|p1a: Arcanine|Intimidate|boost\n|-unboost|p2a: Palafin|atk|1\n|-unboost|p2b: Flutter Mane|atk|1\n|turn|1\n|inactive|Hadrian1917 has 30 seconds left.\n|inactive|F666999 has 30 seconds left.\n|\n|t:|1682355136\n|-terastallize|p1b: Baxcalibur|Poison\n|move|p2a: Palafin|Protect|p2a: Palafin\n|-singleturn|p2a: Palafin|Protect\n|move|p2b: Flutter Mane|Moonblast|p1b: Baxcalibur\n|-resisted|p1b: Baxcalibur\n|-damage|p1b: Baxcalibur|67\/100\n|move|p1a: Arcanine|Howl|p1a: Arcanine|[spread] p1a,p1b\n|-boost|p1a: Arcanine|atk|1\n|-boost|p1b: Baxcalibur|atk|1\n|move|p1b: Baxcalibur|Icicle Crash|p2b: Flutter Mane\n|-damage|p2b: Flutter Mane|0 fnt\n|faint|p2b: Flutter Mane\n|-end|p2b: Flutter Mane|Protosynthesis|[silent]\n|\n|upkeep\n|\n|t:|1682355156\n|switch|p2b: Annihilape|Annihilape, L50, F|100\/100\n|turn|2\n|\n|t:|1682355171\n|-terastallize|p2a: Palafin|Water\n|move|p1a: Arcanine|Flare Blitz|p2b: Annihilape\n|-damage|p2b: Annihilape|38\/100\n|-status|p2b: Annihilape|brn\n|-damage|p1a: Arcanine|79\/100|[from] Recoil\n|move|p2a: Palafin|Wave Crash|p1a: Arcanine\n|-supereffective|p1a: Arcanine\n|-damage|p1a: Arcanine|0 fnt\n|faint|p1a: Arcanine\n|-damage|p2a: Palafin|75\/100|[from] Recoil\n|move|p1b: Baxcalibur|Glaive Rush|p2b: Annihilape\n|-damage|p2b: Annihilape|0 fnt\n|-singlemove|p1b: Baxcalibur|Glaive Rush|[silent]\n|faint|p2b: Annihilape\n|\n|upkeep\n|\n|t:|1682355191\n|switch|p1a: Gyarados|Gyarados, L50, M|100\/100\n|switch|p2b: Iron Hands|Iron Hands, L50|100\/100\n|-ability|p1a: Gyarados|Intimidate|boost\n|-unboost|p2a: Palafin|atk|1\n|-unboost|p2b: Iron Hands|atk|1\n|turn|3\n|inactive|F666999 has 30 seconds left.\n|\n|t:|1682355225\n|move|p1b: Baxcalibur|Protect|p1b: Baxcalibur\n|-singleturn|p1b: Baxcalibur|Protect\n|move|p2a: Palafin|Jet Punch|p1b: Baxcalibur\n|-activate|p1b: Baxcalibur|move: Protect\n|move|p1a: Gyarados|Thunder Wave|p2b: Iron Hands|[miss]\n|-miss|p1a: Gyarados|p2b: Iron Hands\n|move|p2b: Iron Hands|Wild Charge|p1a: Gyarados\n|-supereffective|p1a: Gyarados\n|-damage|p1a: Gyarados|0 fnt\n|faint|p1a: Gyarados\n|-damage|p2b: Iron Hands|79\/100|[from] Recoil\n|\n|upkeep\n|\n|t:|1682355237\n|switch|p1a: Flutter Mane|Flutter Mane, L50|100\/100\n|turn|4\n|inactive|F666999 has 30 seconds left.\n|\n|t:|1682355265\n|move|p2a: Palafin|Protect|p2a: Palafin\n|-singleturn|p2a: Palafin|Protect\n|move|p1a: Flutter Mane|Moonblast|p2b: Iron Hands\n|-supereffective|p2b: Iron Hands\n|-damage|p2b: Iron Hands|3\/100\n|move|p1b: Baxcalibur|Glaive Rush|p2a: Palafin\n|-activate|p2a: Palafin|move: Protect\n|move|p2b: Iron Hands|Wild Charge|p1b: Baxcalibur\n|-damage|p1b: Baxcalibur|38\/100\n|-damage|p2b: Iron Hands|0 fnt|[from] Recoil\n|faint|p2b: Iron Hands\n|-end|p2b: Iron Hands|Quark Drive|[silent]\n|\n|upkeep\n|turn|5\n|\n|t:|1682355281\n|move|p2a: Palafin|Jet Punch|p1b: Baxcalibur\n|-damage|p1b: Baxcalibur|21\/100\n|move|p1a: Flutter Mane|Moonblast|p2a: Palafin\n|-damage|p2a: Palafin|0 fnt\n|faint|p2a: Palafin\n|\n|win|Hadrian1917\n|raw|Hadrian1917's rating: 1167 → 1194<\/strong> (+27 for winning)\n|raw|F666999's rating: 1193 → 1166<\/strong> (-27 for losing)\n","uploadtime":1682355290,"views":15,"p1id":"hadrian1917","p2id":"f666999","formatid":"gen9vgc2023regulationc","rating":1166,"private":0,"password":""}