{"id":"gen9vgc2023regulationc-1846877363","p1":"Spammm","p2":"M&M&M1mi","format":"[Gen 9] VGC 2023 Regulation C","log":"|j|\u2606Spammm\n|j|\u2606M&M&M1mi\n|t:|1681894603\n|gametype|doubles\n|player|p1|Spammm|ninjaboy|1312\n|player|p2|M&M&M1mi|hiker-gen4|1222\n|teamsize|p1|6\n|teamsize|p2|6\n|gen|9\n|tier|[Gen 9] VGC 2023 Regulation C\n|rated|\n|rule|Species Clause: Limit one of each Pok\u00e9mon\n|rule|Item Clause: Limit one of each item\n|clearpoke\n|poke|p1|Iron Valiant, L50|\n|poke|p1|Palafin, L50, M|\n|poke|p1|Pelipper, L50, F|\n|poke|p1|Tsareena, L50, F|\n|poke|p1|Chien-Pao, L50|\n|poke|p1|Iron Hands, L50|\n|poke|p2|Arcanine, L50, M|\n|poke|p2|Amoonguss, L50, M|\n|poke|p2|Flutter Mane, L50|\n|poke|p2|Palafin, L50, M|\n|poke|p2|Ting-Lu, L50|\n|poke|p2|Baxcalibur, L50, M|\n|teampreview|4\n|inactive|Battle timer is ON: inactive players will automatically lose when time's up. (requested by M&M&M1mi)\n|inactive|Spammm has 60 seconds left.\n|inactive|M&M&M1mi has 60 seconds left.\n|inactive|Spammm has 30 seconds left.\n|inactive|M&M&M1mi has 30 seconds left.\n|inactive|M&M&M1mi has 20 seconds left.\n|inactive|M&M&M1mi has 15 seconds left.\n|inactive|M&M&M1mi has 10 seconds left.\n|\n|t:|1681894688\n|start\n|switch|p1a: Thumperman|Palafin, L50, M|100\/100\n|switch|p1b: Frozone|Chien-Pao, L50|100\/100\n|switch|p2a: Baxcalibur|Baxcalibur, L50, M|100\/100\n|switch|p2b: Flutter Mane|Flutter Mane, L50|100\/100\n|-ability|p1b: Frozone|Sword of Ruin\n|turn|1\n|inactive|Spammm has 30 seconds left.\n|inactive|Spammm has 20 seconds left.\n|\n|t:|1681894726\n|move|p1a: Thumperman|Protect|p1a: Thumperman\n|-singleturn|p1a: Thumperman|Protect\n|move|p1b: Frozone|Ice Spinner|p2b: Flutter Mane\n|-crit|p2b: Flutter Mane\n|-damage|p2b: Flutter Mane|0 fnt\n|faint|p2b: Flutter Mane\n|-end|p2b: Flutter Mane|Protosynthesis|[silent]\n|move|p2a: Baxcalibur|Glaive Rush|p1b: Frozone\n|-enditem|p1b: Frozone|Focus Sash\n|-damage|p1b: Frozone|1\/100\n|-singlemove|p2a: Baxcalibur|Glaive Rush|[silent]\n|\n|upkeep\n|c|\u2606Spammm|Yikes sorry for crit\n|\n|t:|1681894746\n|switch|p2b: Amoonguss|Amoonguss, L50, M|100\/100\n|turn|2\n|\n|t:|1681894770\n|detailschange|p1a: Thumperman|Palafin-Hero, L50, M\n|switch|p1a: Thotiana|Tsareena, L50, F|100\/100\n|move|p2a: Baxcalibur|Ice Shard||[still]\n|cant|p1a: Thotiana|ability: Queenly Majesty|Ice Shard|[of] p2a: Baxcalibur\n|move|p1b: Frozone|Ice Spinner|p2b: Amoonguss\n|-supereffective|p2b: Amoonguss\n|-damage|p2b: Amoonguss|13\/100\n|-enditem|p2b: Amoonguss|Sitrus Berry|[eat]\n|-heal|p2b: Amoonguss|38\/100|[from] item: Sitrus Berry\n|move|p2b: Amoonguss|Spore|p1a: Thotiana\n|-immune|p1a: Thotiana\n|\n|upkeep\n|turn|3\n|c|\u2606M&M&M1mi|no worries it's the way it is\n|inactive|Spammm has 30 seconds left.\n|inactive|M&M&M1mi has 30 seconds left.\n|inactive|M&M&M1mi has 20 seconds left.\n|inactive|M&M&M1mi has 15 seconds left.\n|inactive|M&M&M1mi has 10 seconds left.\n|\n|t:|1681894820\n|switch|p1a: Iron Hands|Iron Hands, L50|100\/100\n|switch|p2b: Ting-Lu|Ting-Lu, L50|100\/100\n|-ability|p2b: Ting-Lu|Vessel of Ruin\n|move|p1b: Frozone|Ice Spinner|p2a: Baxcalibur\n|-damage|p2a: Baxcalibur|53\/100\n|move|p2a: Baxcalibur|Glaive Rush|p1a: Iron Hands\n|-damage|p1a: Iron Hands|32\/100\n|-singlemove|p2a: Baxcalibur|Glaive Rush|[silent]\n|\n|upkeep\n|turn|4\n|inactive|Spammm has 30 seconds left.\n|inactive|M&M&M1mi has 30 seconds left.\n|\n|t:|1681894856\n|switch|p2a: Amoonguss|Amoonguss, L50, M|71\/100\n|move|p1a: Iron Hands|Fake Out|p2a: Amoonguss\n|-damage|p2a: Amoonguss|53\/100\n|move|p1b: Frozone|Ice Spinner|p2b: Ting-Lu\n|-supereffective|p2b: Ting-Lu\n|-damage|p2b: Ting-Lu|44\/100\n|move|p2b: Ting-Lu|Heavy Slam|p1b: Frozone\n|-supereffective|p1b: Frozone\n|-damage|p1b: Frozone|0 fnt\n|faint|p1b: Frozone\n|\n|upkeep\n|\n|t:|1681894861\n|switch|p1b: Thotiana|Tsareena, L50, F|100\/100\n|turn|5\n|\n|t:|1681894883\n|switch|p2b: Baxcalibur|Baxcalibur, L50, M|53\/100\n|-terastallize|p1a: Iron Hands|Fire\n|move|p1b: Thotiana|Bullet Seed|p2b: Baxcalibur\n|-resisted|p2b: Baxcalibur\n|-damage|p2b: Baxcalibur|47\/100\n|-resisted|p2b: Baxcalibur\n|-damage|p2b: Baxcalibur|41\/100\n|-resisted|p2b: Baxcalibur\n|-damage|p2b: Baxcalibur|36\/100\n|-resisted|p2b: Baxcalibur\n|-damage|p2b: Baxcalibur|30\/100\n|-hitcount|p2b: Baxcalibur|4\n|move|p1a: Iron Hands|Fire Punch|p2a: Amoonguss\n|-supereffective|p2a: Amoonguss\n|-damage|p2a: Amoonguss|0 fnt\n|faint|p2a: Amoonguss\n|\n|upkeep\n|\n|t:|1681894898\n|switch|p2a: Ting-Lu|Ting-Lu, L50|44\/100\n|-ability|p2a: Ting-Lu|Vessel of Ruin\n|turn|6\n|\n|t:|1681894923\n|move|p1b: Thotiana|Protect|p1b: Thotiana\n|-singleturn|p1b: Thotiana|Protect\n|move|p2b: Baxcalibur|Icicle Crash|p1b: Thotiana\n|-activate|p1b: Thotiana|move: Protect\n|move|p1a: Iron Hands|Drain Punch|p2b: Baxcalibur\n|-supereffective|p2b: Baxcalibur\n|-damage|p2b: Baxcalibur|0 fnt\n|-heal|p1a: Iron Hands|46\/100|[from] drain|[of] p2b: Baxcalibur\n|faint|p2b: Baxcalibur\n|move|p2a: Ting-Lu|Stomping Tantrum|p1a: Iron Hands\n|-supereffective|p1a: Iron Hands\n|-damage|p1a: Iron Hands|0 fnt\n|faint|p1a: Iron Hands\n|-end|p1a: Iron Hands|Quark Drive|[silent]\n|\n|upkeep\n|\n|t:|1681894935\n|switch|p1a: Thumperman|Palafin-Hero, L50, M|100\/100\n|-activate|p1a: Thumperman|ability: Zero to Hero\n|turn|7\n|-message|M&M&M1mi forfeited.\n|\n|win|Spammm\n|raw|Spammm's rating: 1312 → 1327<\/strong> (+15 for winning)\n|raw|M&M&M1mi's rating: 1222 → 1203<\/strong> (-19 for losing)\n|l|\u2606M&M&M1mi\n","uploadtime":1681894951,"views":18,"p1id":"spammm","p2id":"mmm1mi","formatid":"gen9vgc2023regulationc","rating":1203,"private":0,"password":""}