{"id":"gen9vgc2023regulationc-1845464038","p1":"zortom","p2":"Hibu14","format":"[Gen 9] VGC 2023 Regulation C","log":"|j|\u2606zortom\n|j|\u2606Hibu14\n|t:|1681736205\n|gametype|doubles\n|player|p1|zortom|skyla|1318\n|player|p2|Hibu14|steven|1303\n|teamsize|p1|6\n|teamsize|p2|6\n|gen|9\n|tier|[Gen 9] VGC 2023 Regulation C\n|rated|\n|rule|Species Clause: Limit one of each Pok\u00e9mon\n|rule|Item Clause: Limit one of each item\n|clearpoke\n|poke|p1|Abomasnow, L50, F|\n|poke|p1|Iron Bundle, L50|\n|poke|p1|Ceruledge, L50, M|\n|poke|p1|Chi-Yu, L50|\n|poke|p1|Ting-Lu, L50|\n|poke|p1|Iron Hands, L50|\n|poke|p2|Dragonite, L50, F|\n|poke|p2|Lilligant, L50, F|\n|poke|p2|Great Tusk, L50|\n|poke|p2|Torkoal, L50, M|\n|poke|p2|Chien-Pao, L50|\n|poke|p2|Flutter Mane, L50|\n|teampreview|4\n|inactive|Battle timer is ON: inactive players will automatically lose when time's up. (requested by Hibu14)\nzortom has agreed to open team sheets.\n|inactive|zortom has 60 seconds left.\n|inactive|Hibu14 has 60 seconds left.\n|inactive|zortom has 30 seconds left.\n|inactive|zortom has 20 seconds left.\n|inactive|zortom has 15 seconds left.\n|inactive|zortom has 10 seconds left.\n|\n|t:|1681736289\n|start\n|switch|p1a: Ting-Lu|Ting-Lu, L50|100\/100\n|switch|p1b: Abomasnow|Abomasnow, L50, F|100\/100\n|switch|p2a: Torkoal|Torkoal, L50, M|100\/100\n|switch|p2b: Flutter Mane|Flutter Mane, L50|100\/100\n|-weather|Snow|[from] ability: Snow Warning|[of] p1b: Abomasnow\n|-ability|p1a: Ting-Lu|Vessel of Ruin\n|-weather|SunnyDay|[from] ability: Drought|[of] p2a: Torkoal\n|-activate|p2b: Flutter Mane|ability: Protosynthesis\n|-start|p2b: Flutter Mane|protosynthesisspe\n|turn|1\n|inactive|Hibu14 has 30 seconds left.\n|inactive|Hibu14 has 20 seconds left.\n|\n|t:|1681736329\n|switch|p1b: Ceruledge|Ceruledge, L50, M|100\/100\n|move|p2a: Torkoal|Helping Hand|p2b: Flutter Mane\n|-singleturn|p2b: Flutter Mane|Helping Hand|[of] p2a: Torkoal\n|move|p2b: Flutter Mane|Moonblast|p1a: Ting-Lu\n|-supereffective|p1a: Ting-Lu\n|-damage|p1a: Ting-Lu|0 fnt\n|faint|p1a: Ting-Lu\n|\n|-weather|SunnyDay|[upkeep]\n|upkeep\n|\n|t:|1681736339\n|switch|p1a: Abomasnow|Abomasnow, L50, F|100\/100\n|-weather|Snow|[from] ability: Snow Warning|[of] p1a: Abomasnow\n|-end|p2b: Flutter Mane|Protosynthesis\n|turn|2\n|inactive|zortom has 30 seconds left.\n|\n|t:|1681736366\n|move|p2b: Flutter Mane|Moonblast|p1a: Abomasnow\n|-damage|p1a: Abomasnow|30\/100\n|move|p1b: Ceruledge|Bitter Blade|p2b: Flutter Mane\n|-damage|p2b: Flutter Mane|0 fnt\n|faint|p2b: Flutter Mane\n|-end|p2b: Flutter Mane|Protosynthesis|[silent]\n|-damage|p1b: Ceruledge|91\/100|[from] item: Life Orb\n|move|p1a: Abomasnow|Aurora Veil|p1a: Abomasnow\n|-sidestart|p1: zortom|move: Aurora Veil\n|move|p2a: Torkoal|Flamethrower|p1a: Abomasnow\n|-supereffective|p1a: Abomasnow\n|-damage|p1a: Abomasnow|0 fnt\n|faint|p1a: Abomasnow\n|\n|-weather|Snow|[upkeep]\n|upkeep\n|\n|t:|1681736379\n|switch|p2b: Chien-Pao|Chien-Pao, L50|100\/100\n|switch|p1a: Iron Bundle|Iron Bundle, L50|100\/100\n|-ability|p2b: Chien-Pao|Sword of Ruin\n|-enditem|p1a: Iron Bundle|Booster Energy\n|-activate|p1a: Iron Bundle|ability: Quark Drive|[fromitem]\n|-start|p1a: Iron Bundle|quarkdrivespe\n|turn|3\n|inactive|zortom has 30 seconds left.\n|inactive|Hibu14 has 30 seconds left.\n|inactive|zortom has 20 seconds left.\n|\n|t:|1681736415\n|-terastallize|p2b: Chien-Pao|Dark\n|move|p2a: Torkoal|Helping Hand|p2b: Chien-Pao\n|-singleturn|p2b: Chien-Pao|Helping Hand|[of] p2a: Torkoal\n|move|p1b: Ceruledge|Shadow Sneak|p2a: Torkoal\n|-damage|p2a: Torkoal|73\/100\n|-damage|p1b: Ceruledge|81\/100|[from] item: Life Orb\n|move|p1a: Iron Bundle|Blizzard|p2a: Torkoal|[spread] p2a,p2b\n|-resisted|p2a: Torkoal\n|-damage|p2a: Torkoal|47\/100\n|-damage|p2b: Chien-Pao|34\/100\n|move|p2b: Chien-Pao|Crunch|p1b: Ceruledge\n|-supereffective|p1b: Ceruledge\n|-crit|p1b: Ceruledge\n|-damage|p1b: Ceruledge|0 fnt\n|faint|p1b: Ceruledge\n|\n|-weather|Snow|[upkeep]\n|upkeep\n|turn|4\n|inactive|Hibu14 has 30 seconds left.\n|\n|t:|1681736441\n|-terastallize|p1a: Iron Bundle|Ice\n|move|p2b: Chien-Pao|Protect|p2b: Chien-Pao\n|-singleturn|p2b: Chien-Pao|Protect\n|move|p2a: Torkoal|Protect|p2a: Torkoal\n|-singleturn|p2a: Torkoal|Protect\n|move|p1a: Iron Bundle|Blizzard|p2a: Torkoal|[spread] \n|-activate|p2a: Torkoal|move: Protect\n|-activate|p2b: Chien-Pao|move: Protect\n|\n|-weather|Snow|[upkeep]\n|upkeep\n|turn|5\n|\n|t:|1681736463\n|switch|p2a: Great Tusk|Great Tusk, L50|100\/100\n|move|p1a: Iron Bundle|Blizzard|p2b: Chien-Pao|[spread] p2a,p2b\n|-supereffective|p2a: Great Tusk\n|-damage|p2a: Great Tusk|0 fnt\n|-damage|p2b: Chien-Pao|0 fnt\n|faint|p2a: Great Tusk\n|-end|p2a: Great Tusk|Protosynthesis|[silent]\n|faint|p2b: Chien-Pao\n|\n|-weather|Snow|[upkeep]\n|upkeep\n|\n|t:|1681736469\n|switch|p2b: Torkoal|Torkoal, L50, M|47\/100\n|-weather|SunnyDay|[from] ability: Drought|[of] p2b: Torkoal\n|turn|6\n|\n|t:|1681736480\n|move|p1a: Iron Bundle|Hydro Pump|p2b: Torkoal\n|-supereffective|p2b: Torkoal\n|-damage|p2b: Torkoal|0 fnt\n|faint|p2b: Torkoal\n|\n|win|zortom\n|raw|zortom's rating: 1318 → 1337<\/strong> (+19 for winning)\n|raw|Hibu14's rating: 1303 → 1284<\/strong> (-19 for losing)\n|l|\u2606zortom\n","uploadtime":1681736617,"views":7,"p1id":"zortom","p2id":"hibu14","formatid":"gen9vgc2023regulationc","rating":1284,"private":0,"password":""}