{"id":"gen9vgc2023regulationc-1851747450","p1":"pchan1f","p2":"PotatoFoe11","format":"[Gen 9] VGC 2023 Regulation C","log":"|j|\u2606pchan1f\n|j|\u2606PotatoFoe11\n|t:|1682477573\n|gametype|doubles\n|player|p1|pchan1f|169|1117\n|player|p2|PotatoFoe11|2|1103\n|teamsize|p1|6\n|teamsize|p2|6\n|gen|9\n|tier|[Gen 9] VGC 2023 Regulation C\n|rated|\n|rule|Species Clause: Limit one of each Pok\u00e9mon\n|rule|Item Clause: Limit one of each item\n|clearpoke\n|poke|p1|Wo-Chien, L50|\n|poke|p1|Murkrow, L50, F|\n|poke|p1|Tsareena, L50, F|\n|poke|p1|Gholdengo, L50|\n|poke|p1|Iron Hands, L50|\n|poke|p1|Palafin, L50, F|\n|poke|p2|Rotom-Mow, L50|\n|poke|p2|Maushold-Four, L50|\n|poke|p2|Great Tusk, L50|\n|poke|p2|Chien-Pao, L50|\n|poke|p2|Flutter Mane, L50|\n|poke|p2|Arcanine, L50, M|\n|teampreview|4\n|j| Rckt_Monkiboy\n|l|\u2606PotatoFoe11\n|player|p2|\n|j|\u2606PotatoFoe11\n|player|p2|PotatoFoe11|2\n|inactive|Battle timer is ON: inactive players will automatically lose when time's up. (requested by PotatoFoe11)\n|inactive|pchan1f has 60 seconds left.\n|\n|t:|1682477662\n|start\n|switch|p1a: Fat Gum|Iron Hands, L50|100\/100\n|switch|p1b: Aquafino|Palafin, L50, F|100\/100\n|switch|p2a: Great Tusk|Great Tusk, L50|100\/100\n|switch|p2b: Maushold|Maushold-Four, L50|100\/100\n|turn|1\n|\n|t:|1682477683\n|detailschange|p1b: Aquafino|Palafin-Hero, L50, F\n|switch|p1b: The Woodsman|Wo-Chien, L50|100\/100\n|-ability|p1b: The Woodsman|Tablets of Ruin\n|move|p1a: Fat Gum|Fake Out|p2a: Great Tusk\n|-damage|p2a: Great Tusk|94\/100\n|move|p2b: Maushold|Follow Me|p2b: Maushold\n|-singleturn|p2b: Maushold|move: Follow Me\n|cant|p2a: Great Tusk|flinch\n|\n|upkeep\n|turn|2\n|inactive|pchan1f has 30 seconds left.\n|\n|t:|1682477712\n|move|p2b: Maushold|Follow Me|p2b: Maushold\n|-singleturn|p2b: Maushold|move: Follow Me\n|move|p2a: Great Tusk|Headlong Rush|p1a: Fat Gum\n|-supereffective|p1a: Fat Gum\n|-damage|p1a: Fat Gum|40\/100\n|-unboost|p2a: Great Tusk|def|1\n|-unboost|p2a: Great Tusk|spd|1\n|move|p1b: The Woodsman|Ruination|p2b: Maushold\n|-damage|p2b: Maushold|51\/100\n|move|p1a: Fat Gum|Close Combat|p2b: Maushold\n|-supereffective|p2b: Maushold\n|-crit|p2b: Maushold\n|-damage|p2b: Maushold|0 fnt\n|-unboost|p1a: Fat Gum|def|1\n|-unboost|p1a: Fat Gum|spd|1\n|faint|p2b: Maushold\n|\n|upkeep\n|\n|t:|1682477724\n|switch|p2b: Flutter Mane|Flutter Mane, L50|100\/100\n|-enditem|p2b: Flutter Mane|Booster Energy\n|-activate|p2b: Flutter Mane|ability: Protosynthesis|[fromitem]\n|-start|p2b: Flutter Mane|protosynthesisspa\n|turn|3\n|inactive|pchan1f has 30 seconds left.\n|\n|t:|1682477751\n|-terastallize|p2b: Flutter Mane|Fairy\n|move|p2a: Great Tusk|Headlong Rush|p1a: Fat Gum\n|-supereffective|p1a: Fat Gum\n|-damage|p1a: Fat Gum|0 fnt\n|-unboost|p2a: Great Tusk|def|1\n|-unboost|p2a: Great Tusk|spd|1\n|faint|p1a: Fat Gum\n|-end|p1a: Fat Gum|Quark Drive|[silent]\n|move|p2b: Flutter Mane|Dazzling Gleam|p1b: The Woodsman\n|-supereffective|p1b: The Woodsman\n|-damage|p1b: The Woodsman|19\/100\n|move|p1b: The Woodsman|Ruination|p2a: Great Tusk\n|-damage|p2a: Great Tusk|47\/100\n|\n|-heal|p1b: The Woodsman|25\/100|[from] item: Leftovers\n|upkeep\n|\n|t:|1682477773\n|switch|p1a: Aquafino|Palafin-Hero, L50, F|100\/100\n|-activate|p1a: Aquafino|ability: Zero to Hero\n|turn|4\n|inactive|pchan1f has 30 seconds left.\n|inactive|pchan1f has 20 seconds left.\n|\n|t:|1682477810\n|move|p2a: Great Tusk|Headlong Rush|p1b: The Woodsman\n|-resisted|p1b: The Woodsman\n|-damage|p1b: The Woodsman|5\/100\n|-unboost|p2a: Great Tusk|def|1\n|-unboost|p2a: Great Tusk|spd|1\n|move|p2b: Flutter Mane|Dazzling Gleam|p1b: The Woodsman|[spread] p1a,p1b\n|-supereffective|p1b: The Woodsman\n|-damage|p1a: Aquafino|45\/100\n|-damage|p1b: The Woodsman|0 fnt\n|faint|p1b: The Woodsman\n|move|p1a: Aquafino|Flip Turn|p2a: Great Tusk\n|-supereffective|p2a: Great Tusk\n|-damage|p2a: Great Tusk|0 fnt\n|faint|p2a: Great Tusk\n|-end|p2a: Great Tusk|Protosynthesis|[silent]\n|\n|t:|1682477823\n|switch|p1a: Metalico|Gholdengo, L50|100\/100|[from] Flip Turn\n|\n|upkeep\n|\n|t:|1682477830\n|switch|p2a: Chien-Pao|Chien-Pao, L50|100\/100\n|switch|p1b: Aquafino|Palafin-Hero, L50, F|45\/100\n|-ability|p2a: Chien-Pao|Sword of Ruin\n|turn|5\n|\n|t:|1682477853\n|-terastallize|p1a: Metalico|Steel\n|move|p2a: Chien-Pao|Sucker Punch|p1b: Aquafino\n|-damage|p1b: Aquafino|8\/100\n|move|p1b: Aquafino|Jet Punch|p2b: Flutter Mane\n|-damage|p2b: Flutter Mane|0 fnt\n|faint|p2b: Flutter Mane\n|-end|p2b: Flutter Mane|Protosynthesis|[silent]\n|move|p1a: Metalico|Make It Rain|p2a: Chien-Pao\n|-supereffective|p2a: Chien-Pao\n|-enditem|p2a: Chien-Pao|Focus Sash\n|-damage|p2a: Chien-Pao|1\/100\n|-unboost|p1a: Metalico|spa|1\n|\n|upkeep\n|turn|6\n|\n|t:|1682477870\n|move|p2a: Chien-Pao|Sucker Punch|p1a: Metalico\n|-damage|p1a: Metalico|52\/100\n|move|p1b: Aquafino|Jet Punch|p2a: Chien-Pao\n|-damage|p2a: Chien-Pao|0 fnt\n|faint|p2a: Chien-Pao\n|\n|win|pchan1f\n|raw|pchan1f's rating: 1117 → 1141<\/strong> (+24 for winning)\n|raw|PotatoFoe11's rating: 1103 → 1079<\/strong> (-24 for losing)\n|l|\u2606PotatoFoe11\n|l| Rckt_Monkiboy\n","uploadtime":1682477881,"views":8,"p1id":"pchan1f","p2id":"potatofoe11","formatid":"gen9vgc2023regulationc","rating":1079,"private":0,"password":""}