{"id":"gen9vgc2023regulationc-1847710919","p1":"bailandeshenzhu","p2":"sgsdfadfsd","format":"[Gen 9] VGC 2023 Regulation C","log":"|j|\u2606bailandeshenzhu\n|j|\u2606sgsdfadfsd\n|t:|1681995042\n|gametype|doubles\n|player|p1|bailandeshenzhu|101|1082\n|player|p2|sgsdfadfsd|102|1186\n|teamsize|p1|6\n|teamsize|p2|6\n|gen|9\n|tier|[Gen 9] VGC 2023 Regulation C\n|rated|\n|rule|Species Clause: Limit one of each Pok\u00e9mon\n|rule|Item Clause: Limit one of each item\n|clearpoke\n|poke|p1|Torkoal, L50, M|\n|poke|p1|Lilligant, L50, F|\n|poke|p1|Dragonite, L50, M|\n|poke|p1|Chi-Yu, L50|\n|poke|p1|Chien-Pao, L50|\n|poke|p1|Murkrow, L50, F|\n|poke|p2|Iron Hands, L50|\n|poke|p2|Pincurchin, L50, F|\n|poke|p2|Palafin, L50, M|\n|poke|p2|Indeedee-F, L50, F|\n|poke|p2|Armarouge, L50, M|\n|poke|p2|Sylveon, L50, F|\n|teampreview|4\n|inactive|Battle timer is ON: inactive players will automatically lose when time's up. (requested by bailandeshenzhu)\n|inactive|sgsdfadfsd has 60 seconds left.\n|inactive|bailandeshenzhu has 60 seconds left.\nsgsdfadfsd has agreed to open team sheets.\n|\n|t:|1681995083\n|start\n|switch|p1a: Lilligant|Lilligant, L50, F|100\/100\n|switch|p1b: Torkoal|Torkoal, L50, M|100\/100\n|switch|p2a: Iron Hands|Iron Hands, L50|100\/100\n|switch|p2b: Armarouge|Armarouge, L50, M|100\/100\n|-weather|SunnyDay|[from] ability: Drought|[of] p1b: Torkoal\n|turn|1\n|\n|t:|1681995098\n|move|p2a: Iron Hands|Fake Out|p1a: Lilligant\n|-damage|p1a: Lilligant|77\/100\n|cant|p1a: Lilligant|flinch\n|move|p1b: Torkoal|Earth Power|p2b: Armarouge\n|-supereffective|p2b: Armarouge\n|-damage|p2b: Armarouge|20\/100\n|move|p2b: Armarouge|Trick Room|p2b: Armarouge\n|-fieldstart|move: Trick Room|[of] p2b: Armarouge\n|\n|-weather|SunnyDay|[upkeep]\n|upkeep\n|turn|2\n|inactive|bailandeshenzhu has 30 seconds left.\n|\n|t:|1681995132\n|move|p1a: Lilligant|Helping Hand|p1b: Torkoal\n|-singleturn|p1b: Torkoal|Helping Hand|[of] p1a: Lilligant\n|move|p1b: Torkoal|Earth Power|p2a: Iron Hands\n|-supereffective|p2a: Iron Hands\n|-damage|p2a: Iron Hands|32\/100\n|move|p2a: Iron Hands|Close Combat|p1b: Torkoal\n|-crit|p1b: Torkoal\n|-damage|p1b: Torkoal|13\/100\n|-unboost|p2a: Iron Hands|def|1\n|-unboost|p2a: Iron Hands|spd|1\n|move|p2b: Armarouge|Armor Cannon|p1a: Lilligant\n|-supereffective|p1a: Lilligant\n|-damage|p1a: Lilligant|0 fnt\n|-unboost|p2b: Armarouge|def|1\n|-unboost|p2b: Armarouge|spd|1\n|faint|p1a: Lilligant\n|-damage|p2b: Armarouge|10\/100|[from] item: Life Orb\n|\n|-weather|SunnyDay|[upkeep]\n|upkeep\n|\n|t:|1681995145\n|switch|p1a: Chien-Pao|Chien-Pao, L50|100\/100\n|-ability|p1a: Chien-Pao|Sword of Ruin\n|turn|3\n|\n|t:|1681995164\n|-end|p2a: Iron Hands|Quark Drive|[silent]\n|switch|p2a: Palafin|Palafin, L50, M|100\/100\n|move|p1a: Chien-Pao|Sucker Punch|p2b: Armarouge\n|-supereffective|p2b: Armarouge\n|-damage|p2b: Armarouge|0 fnt\n|faint|p2b: Armarouge\n|move|p1b: Torkoal|Earth Power|p2a: Palafin\n|-damage|p2a: Palafin|43\/100\n|\n|-weather|SunnyDay|[upkeep]\n|upkeep\n|\n|t:|1681995173\n|switch|p2b: Pincurchin|Pincurchin, L50, F|100\/100\n|-fieldstart|move: Electric Terrain|[from] ability: Electric Surge|[of] p2b: Pincurchin\n|turn|4\n|\n|t:|1681995187\n|switch|p1b: Murkrow|Murkrow, L50, F|100\/100\n|-terastallize|p2b: Pincurchin|Electric\n|move|p1a: Chien-Pao|Sucker Punch|p2a: Palafin\n|-damage|p2a: Palafin|0 fnt\n|faint|p2a: Palafin\n|move|p2b: Pincurchin|Zing Zap|p1a: Chien-Pao\n|-enditem|p1a: Chien-Pao|Focus Sash\n|-damage|p1a: Chien-Pao|1\/100\n|\n|-weather|SunnyDay|[upkeep]\n|upkeep\n|\n|t:|1681995198\n|switch|p2a: Iron Hands|Iron Hands, L50|32\/100\n|-activate|p2a: Iron Hands|ability: Quark Drive\n|-start|p2a: Iron Hands|quarkdriveatk\n|turn|5\n|\n|t:|1681995209\n|switch|p1a: Torkoal|Torkoal, L50, M|13\/100\n|move|p2a: Iron Hands|Fake Out|p1a: Torkoal\n|-damage|p1a: Torkoal|0 fnt\n|faint|p1a: Torkoal\n|move|p2b: Pincurchin|Zing Zap|p1b: Murkrow\n|-supereffective|p1b: Murkrow\n|-damage|p1b: Murkrow|0 fnt\n|faint|p1b: Murkrow\n|\n|-weather|none\n|-fieldend|move: Trick Room\n|upkeep\n|\n|t:|1681995218\n|switch|p1b: Chien-Pao|Chien-Pao, L50|1\/100\n|-ability|p1b: Chien-Pao|Sword of Ruin\n|turn|6\n|-message|bailandeshenzhu forfeited.\n|\n|win|sgsdfadfsd\n|raw|bailandeshenzhu's rating: 1082 → 1066<\/strong> (-16 for losing)\n|raw|sgsdfadfsd's rating: 1186 → 1204<\/strong> (+18 for winning)\n|l|\u2606bailandeshenzhu\n","uploadtime":1681995228,"views":11,"p1id":"bailandeshenzhu","p2id":"sgsdfadfsd","formatid":"gen9vgc2023regulationc","rating":1066,"private":0,"password":""}