{"id":"gen9vgc2023regulationc-1861906157","p1":"Nehzzy","p2":"CCManny","format":"[Gen 9] VGC 2023 Regulation C","log":"|j|\u2606Nehzzy\n|j|\u2606CCManny\n|t:|1683819640\n|gametype|doubles\n|player|p1|Nehzzy|steven|1298\n|player|p2|CCManny|2|1396\n|teamsize|p1|6\n|teamsize|p2|6\n|gen|9\n|tier|[Gen 9] VGC 2023 Regulation C\n|rated|\n|rule|Species Clause: Limit one of each Pok\u00e9mon\n|rule|Item Clause: Limit one of each item\n|clearpoke\n|poke|p1|Amoonguss, L50, M|\n|poke|p1|Gyarados, L50, M|\n|poke|p1|Murkrow, L50, M|\n|poke|p1|Great Tusk, L50|\n|poke|p1|Flutter Mane, L50|\n|poke|p1|Gholdengo, L50|\n|poke|p2|Dragonite, L50, M|\n|poke|p2|Corviknight, L50, M|\n|poke|p2|Palafin, L50, M|\n|poke|p2|Flutter Mane, L50|\n|poke|p2|Umbreon, L50, F|\n|poke|p2|Kingambit, L50, M|\n|teampreview|4\nNehzzy has agreed to open team sheets.\n|inactive|Battle timer is ON: inactive players will automatically lose when time's up. (requested by CCManny)\n|\n|t:|1683819697\n|start\n|switch|p1a: Murkrow|Murkrow, L50, M|100\/100\n|switch|p1b: Great Tusk|Great Tusk, L50|100\/100\n|switch|p2a: Umbreon|Umbreon, L50, F, shiny|100\/100\n|switch|p2b: Flutter Mane|Flutter Mane, L50|100\/100\n|-enditem|p2b: Flutter Mane|Booster Energy\n|-activate|p2b: Flutter Mane|ability: Protosynthesis|[fromitem]\n|-start|p2b: Flutter Mane|protosynthesisspe\n|turn|1\n|\n|t:|1683819716\n|-terastallize|p2b: Flutter Mane|Fairy\n|-terastallize|p1b: Great Tusk|Ground\n|move|p1a: Murkrow|Tailwind|p1a: Murkrow\n|-sidestart|p1: Nehzzy|move: Tailwind\n|move|p1b: Great Tusk|Earthquake|p2a: Umbreon|[spread] p2a,p2b\n|-immune|p1a: Murkrow\n|-crit|p2b: Flutter Mane\n|-damage|p2a: Umbreon|68\/100\n|-damage|p2b: Flutter Mane|14\/100\n|move|p2b: Flutter Mane|Dazzling Gleam|p1a: Murkrow|[spread] p1a,p1b\n|-supereffective|p1a: Murkrow\n|-damage|p1a: Murkrow|29\/100\n|-damage|p1b: Great Tusk|49\/100\n|move|p2a: Umbreon|Skill Swap|p1a: Murkrow\n|-activate|p2a: Umbreon|move: Skill Swap|Prankster|Inner Focus|[of] p1a: Murkrow\n|\n|upkeep\n|turn|2\n|inactive|Nehzzy has 30 seconds left.\n|inactive|CCManny has 30 seconds left.\n|\n|t:|1683819745\n|move|p2b: Flutter Mane|Protect|p2b: Flutter Mane\n|-singleturn|p2b: Flutter Mane|Protect\n|move|p1b: Great Tusk|Earthquake|p2a: Umbreon|[spread] p2a\n|-activate|p2b: Flutter Mane|move: Protect\n|-immune|p1a: Murkrow\n|-damage|p2a: Umbreon|32\/100\n|move|p1a: Murkrow|Sunny Day|p1a: Murkrow\n|-weather|SunnyDay\n|-activate|p1b: Great Tusk|ability: Protosynthesis\n|-start|p1b: Great Tusk|protosynthesisatk\n|move|p2a: Umbreon|Foul Play|p1b: Great Tusk\n|-damage|p1b: Great Tusk|8\/100\n|\n|-weather|SunnyDay|[upkeep]\n|upkeep\n|turn|3\n|\n|t:|1683819765\n|-end|p2b: Flutter Mane|Protosynthesis|[silent]\n|switch|p2b: Corviknight|Corviknight, L50, M|100\/100\n|move|p2a: Umbreon|Moonlight|p2a: Umbreon\n|-heal|p2a: Umbreon|99\/100\n|move|p1b: Great Tusk|Earthquake|p2a: Umbreon|[spread] p2a\n|-immune|p1a: Murkrow\n|-immune|p2b: Corviknight\n|-damage|p2a: Umbreon|53\/100\n|move|p1a: Murkrow|Foul Play|p2b: Corviknight\n|-damage|p2b: Corviknight|64\/100\n|\n|-weather|SunnyDay|[upkeep]\n|-heal|p2b: Corviknight|70\/100|[from] item: Leftovers\n|upkeep\n|turn|4\n|inactive|Nehzzy has 30 seconds left.\n|inactive|CCManny has 30 seconds left.\n|\n|t:|1683819793\n|-end|p1b: Great Tusk|Protosynthesis|[silent]\n|switch|p1b: Gholdengo|Gholdengo, L50|100\/100\n|move|p1a: Murkrow|Foul Play|p2b: Corviknight\n|-damage|p2b: Corviknight|35\/100\n|move|p2b: Corviknight|Bulk Up|p2b: Corviknight\n|-boost|p2b: Corviknight|atk|1\n|-boost|p2b: Corviknight|def|1\n|move|p2a: Umbreon|Foul Play|p1b: Gholdengo\n|-supereffective|p1b: Gholdengo\n|-crit|p1b: Gholdengo\n|-damage|p1b: Gholdengo|53\/100\n|\n|-weather|SunnyDay|[upkeep]\n|-heal|p1b: Gholdengo|59\/100|[from] item: Leftovers\n|-heal|p2b: Corviknight|40\/100|[from] item: Leftovers\n|-sideend|p1: Nehzzy|move: Tailwind\n|upkeep\n|turn|5\n|\n|t:|1683819813\n|move|p1b: Gholdengo|Protect|p1b: Gholdengo\n|-singleturn|p1b: Gholdengo|Protect\n|move|p1a: Murkrow|Haze|p1a: Murkrow\n|-clearallboost\n|move|p2b: Corviknight|Brave Bird|p1a: Murkrow\n|-damage|p1a: Murkrow|0 fnt\n|faint|p1a: Murkrow\n|-damage|p2b: Corviknight|33\/100|[from] Recoil\n|move|p2a: Umbreon|Snarl|p1b: Gholdengo\n|-activate|p1b: Gholdengo|move: Protect\n|\n|-weather|SunnyDay|[upkeep]\n|-heal|p1b: Gholdengo|65\/100|[from] item: Leftovers\n|-heal|p2b: Corviknight|39\/100|[from] item: Leftovers\n|upkeep\n|\n|t:|1683819827\n|switch|p1a: Flutter Mane|Flutter Mane, L50|100\/100\n|-activate|p1a: Flutter Mane|ability: Protosynthesis\n|-start|p1a: Flutter Mane|protosynthesisspa\n|turn|6\n|\n|t:|1683819847\n|move|p1a: Flutter Mane|Dazzling Gleam|p2b: Corviknight|[spread] p2a,p2b\n|-supereffective|p2a: Umbreon\n|-resisted|p2b: Corviknight\n|-damage|p2a: Umbreon|0 fnt\n|-damage|p2b: Corviknight|6\/100\n|faint|p2a: Umbreon\n|move|p1b: Gholdengo|Shadow Ball|p2b: Corviknight\n|-damage|p2b: Corviknight|0 fnt\n|faint|p2b: Corviknight\n|\n|-weather|none\n|-end|p1a: Flutter Mane|Protosynthesis\n|-heal|p1b: Gholdengo|72\/100|[from] item: Leftovers\n|upkeep\n|\n|t:|1683819859\n|switch|p2b: Flutter Mane|Flutter Mane, L50, tera:Fairy|14\/100\n|switch|p2a: Kingambit|Kingambit, L50, M|100\/100\n|turn|7\n|inactive|Nehzzy has 30 seconds left.\n|inactive|Nehzzy has 20 seconds left.\n|inactive|Nehzzy has 15 seconds left.\n|\n|t:|1683819901\n|move|p1a: Flutter Mane|Dazzling Gleam|p2b: Flutter Mane|[spread] p2a,p2b\n|-damage|p2a: Kingambit|57\/100\n|-damage|p2b: Flutter Mane|0 fnt\n|faint|p2b: Flutter Mane\n|-end|p2b: Flutter Mane|Protosynthesis|[silent]\n|move|p1b: Gholdengo|Nasty Plot|p1b: Gholdengo\n|-boost|p1b: Gholdengo|spa|2\n|move|p2a: Kingambit|Swords Dance|p2a: Kingambit\n|-boost|p2a: Kingambit|atk|2\n|\n|-heal|p1b: Gholdengo|78\/100|[from] item: Leftovers\n|upkeep\n|turn|8\n|\n|t:|1683819915\n|move|p1b: Gholdengo|Protect|p1b: Gholdengo\n|-singleturn|p1b: Gholdengo|Protect\n|move|p2a: Kingambit|Sucker Punch|p1a: Flutter Mane\n|-damage|p1a: Flutter Mane|0 fnt\n|faint|p1a: Flutter Mane\n|-end|p1a: Flutter Mane|Protosynthesis|[silent]\n|\n|-heal|p1b: Gholdengo|84\/100|[from] item: Leftovers\n|upkeep\n|\n|t:|1683819920\n|switch|p1a: Great Tusk|Great Tusk, L50, tera:Ground|8\/100\n|turn|9\n|inactive|Nehzzy has 30 seconds left.\n|\n|t:|1683819945\n|move|p2a: Kingambit|Protect|p2a: Kingambit\n|-singleturn|p2a: Kingambit|Protect\n|move|p1a: Great Tusk|Close Combat|p2a: Kingambit\n|-activate|p2a: Kingambit|move: Protect\n|move|p1b: Gholdengo|Shadow Ball|p2a: Kingambit\n|-activate|p2a: Kingambit|move: Protect\n|\n|-heal|p1b: Gholdengo|90\/100|[from] item: Leftovers\n|upkeep\n|turn|10\n|\n|t:|1683819968\n|move|p2a: Kingambit|Sucker Punch|p1a: Great Tusk\n|-damage|p1a: Great Tusk|0 fnt\n|faint|p1a: Great Tusk\n|-end|p1a: Great Tusk|Protosynthesis|[silent]\n|move|p1b: Gholdengo|Shadow Ball|p2a: Kingambit\n|-resisted|p2a: Kingambit\n|-damage|p2a: Kingambit|9\/100\n|\n|-heal|p1b: Gholdengo|96\/100|[from] item: Leftovers\n|upkeep\n|turn|11\n|\n|t:|1683819979\n|move|p1b: Gholdengo|Protect|p1b: Gholdengo\n|-singleturn|p1b: Gholdengo|Protect\n|move|p2a: Kingambit|Sucker Punch||[still]\n|-fail|p2a: Kingambit\n|\n|-heal|p1b: Gholdengo|100\/100|[from] item: Leftovers\n|upkeep\n|turn|12\n|\n|t:|1683819997\n|move|p1b: Gholdengo|Protect|p1b: Gholdengo\n|-singleturn|p1b: Gholdengo|Protect\n|move|p2a: Kingambit|Sucker Punch||[still]\n|-fail|p2a: Kingambit\n|\n|upkeep\n|turn|13\n|\n|t:|1683820011\n|move|p2a: Kingambit|Sucker Punch|p1b: Gholdengo\n|-supereffective|p1b: Gholdengo\n|-damage|p1b: Gholdengo|0 fnt\n|faint|p1b: Gholdengo\n|\n|win|CCManny\n|raw|Nehzzy's rating: 1298 → 1280<\/strong> (-18 for losing)\n|raw|CCManny's rating: 1396 → 1411<\/strong> (+15 for winning)\n|l|\u2606CCManny\n|l|\u2606Nehzzy\n|j|\u2606Nehzzy\n|player|p1|Nehzzy|steven\n","uploadtime":1683820052,"views":12,"p1id":"nehzzy","p2id":"ccmanny","formatid":"gen9vgc2023regulationc","rating":1280,"private":0,"password":""}