{"id":"gen9vgc2023regulationc-1859092499","p1":"Atrix MJ","p2":"Mikunji19","format":"[Gen 9] VGC 2023 Regulation C","log":"|j|\u2606Atrix MJ\n|j|\u2606Mikunji19\n|t:|1683403498\n|gametype|doubles\n|player|p1|Atrix MJ|adaman|1381\n|player|p2|Mikunji19|marley|1380\n|teamsize|p1|6\n|teamsize|p2|6\n|gen|9\n|tier|[Gen 9] VGC 2023 Regulation C\n|rated|\n|rule|Species Clause: Limit one of each Pok\u00e9mon\n|rule|Item Clause: Limit one of each item\n|clearpoke\n|poke|p1|Chi-Yu, L50|\n|poke|p1|Amoonguss, L50, F|\n|poke|p1|Gyarados, L50, M|\n|poke|p1|Flutter Mane, L50|\n|poke|p1|Gothitelle, L50, M|\n|poke|p1|Roaring Moon, L50|\n|poke|p2|Orthworm, L50, F|\n|poke|p2|Dragonite, L50, F|\n|poke|p2|Ting-Lu, L50|\n|poke|p2|Gyarados, L50, M|\n|poke|p2|Chi-Yu, L50|\n|poke|p2|Flutter Mane, L50|\n|teampreview|4\n|inactive|Battle timer is ON: inactive players will automatically lose when time's up. (requested by Atrix MJ)\n|inactive|Atrix MJ has 60 seconds left.\n|inactive|Mikunji19 has 60 seconds left.\n|\n|t:|1683403549\n|start\n|switch|p1a: Roaring Moon|Roaring Moon, L50|100\/100\n|switch|p1b: Gothitelle|Gothitelle, L50, M|100\/100\n|switch|p2a: Chi-Yu|Chi-Yu, L50|100\/100\n|switch|p2b: Flutter Mane|Flutter Mane, L50|100\/100\n|-ability|p2a: Chi-Yu|Beads of Ruin\n|-enditem|p1a: Roaring Moon|Booster Energy\n|-activate|p1a: Roaring Moon|ability: Protosynthesis|[fromitem]\n|-start|p1a: Roaring Moon|protosynthesisspe\n|-enditem|p2b: Flutter Mane|Booster Energy\n|-activate|p2b: Flutter Mane|ability: Protosynthesis|[fromitem]\n|-start|p2b: Flutter Mane|protosynthesisspa\n|turn|1\n|\n|t:|1683403572\n|move|p1b: Gothitelle|Fake Out|p2a: Chi-Yu\n|-damage|p2a: Chi-Yu|94\/100\n|move|p1a: Roaring Moon|Iron Head|p2b: Flutter Mane\n|-supereffective|p2b: Flutter Mane\n|-damage|p2b: Flutter Mane|0 fnt\n|faint|p2b: Flutter Mane\n|-end|p2b: Flutter Mane|Protosynthesis|[silent]\n|cant|p2a: Chi-Yu|flinch\n|\n|upkeep\n|\n|t:|1683403588\n|switch|p2b: Orthworm|Orthworm, L50, F|100\/100\n|turn|2\n|\n|t:|1683403599\n|switch|p1b: Gyarados|Gyarados, L50, M, shiny|100\/100\n|-ability|p1b: Gyarados|Intimidate|boost\n|-unboost|p2a: Chi-Yu|atk|1\n|-unboost|p2b: Orthworm|atk|1\n|move|p1a: Roaring Moon|Snarl|p2a: Chi-Yu|[spread] p2a,p2b\n|-resisted|p2a: Chi-Yu\n|-damage|p2a: Chi-Yu|91\/100\n|-damage|p2b: Orthworm|90\/100\n|-unboost|p2a: Chi-Yu|spa|1\n|-unboost|p2b: Orthworm|spa|1\n|move|p2a: Chi-Yu|Nasty Plot|p2a: Chi-Yu\n|-boost|p2a: Chi-Yu|spa|2\n|move|p2b: Orthworm|Iron Defense|p2b: Orthworm\n|-boost|p2b: Orthworm|def|2\n|\n|upkeep\n|turn|3\n|inactive|Atrix MJ has 30 seconds left.\n|inactive|Mikunji19 has 30 seconds left.\n|\n|t:|1683403628\n|-terastallize|p1b: Gyarados|Flying\n|move|p2a: Chi-Yu|Protect|p2a: Chi-Yu\n|-singleturn|p2a: Chi-Yu|Protect\n|move|p1a: Roaring Moon|Snarl|p2b: Orthworm|[spread] p2b\n|-activate|p2a: Chi-Yu|move: Protect\n|-damage|p2b: Orthworm|78\/100\n|-unboost|p2b: Orthworm|spa|1\n|move|p1b: Gyarados|Tera Blast|p2a: Chi-Yu\n|-activate|p2a: Chi-Yu|move: Protect\n|move|p2b: Orthworm|Body Press|p1a: Roaring Moon\n|-supereffective|p1a: Roaring Moon\n|-damage|p1a: Roaring Moon|0 fnt\n|faint|p1a: Roaring Moon\n|-end|p1a: Roaring Moon|Protosynthesis|[silent]\n|\n|upkeep\n|\n|t:|1683403638\n|switch|p1a: Gothitelle|Gothitelle, L50, M|100\/100\n|turn|4\n|\n|t:|1683403659\n|-terastallize|p2a: Chi-Yu|Ghost\n|move|p1a: Gothitelle|Fake Out|p2a: Chi-Yu\n|-immune|p2a: Chi-Yu\n|move|p1b: Gyarados|Dragon Dance|p1b: Gyarados\n|-boost|p1b: Gyarados|atk|1\n|-boost|p1b: Gyarados|spe|1\n|move|p2a: Chi-Yu|Heat Wave|p1a: Gothitelle|[spread] p1a\n|-miss|p2a: Chi-Yu|p1b: Gyarados\n|-damage|p1a: Gothitelle|45\/100\n|move|p2b: Orthworm|Heavy Slam|p1a: Gothitelle\n|-damage|p1a: Gothitelle|20\/100\n|\n|upkeep\n|turn|5\n|inactive|Mikunji19 has 30 seconds left.\n|\n|t:|1683403686\n|switch|p1a: Flutter Mane|Flutter Mane, L50|100\/100\n|move|p1b: Gyarados|Tera Blast|p2a: Chi-Yu\n|-damage|p2a: Chi-Yu|0 fnt\n|faint|p2a: Chi-Yu\n|move|p2b: Orthworm|Iron Defense|p2b: Orthworm\n|-boost|p2b: Orthworm|def|2\n|\n|upkeep\n|\n|t:|1683403693\n|switch|p2a: Ting-Lu|Ting-Lu, L50|100\/100\n|-ability|p2a: Ting-Lu|Vessel of Ruin\n|turn|6\n|\n|t:|1683403712\n|switch|p1b: Gothitelle|Gothitelle, L50, M|20\/100\n|move|p1a: Flutter Mane|Perish Song|p1a: Flutter Mane\n|-start|p1a: Flutter Mane|perish3|[silent]\n|-start|p1b: Gothitelle|perish3|[silent]\n|-start|p2a: Ting-Lu|perish3|[silent]\n|-start|p2b: Orthworm|perish3|[silent]\n|-fieldactivate|move: Perish Song\n|move|p2b: Orthworm|Heavy Slam|p1a: Flutter Mane\n|-supereffective|p1a: Flutter Mane\n|-crit|p1a: Flutter Mane\n|-enditem|p1a: Flutter Mane|Focus Sash\n|-damage|p1a: Flutter Mane|1\/100\n|move|p2a: Ting-Lu|Ruination|p1b: Gothitelle\n|-damage|p1b: Gothitelle|11\/100\n|\n|-start|p1a: Flutter Mane|perish3\n|-start|p2b: Orthworm|perish3\n|-start|p1b: Gothitelle|perish3\n|-start|p2a: Ting-Lu|perish3\n|upkeep\n|turn|7\n|\n|t:|1683403731\n|move|p1a: Flutter Mane|Protect|p1a: Flutter Mane\n|-singleturn|p1a: Flutter Mane|Protect\n|move|p1b: Gothitelle|Protect|p1b: Gothitelle\n|-singleturn|p1b: Gothitelle|Protect\n|move|p2b: Orthworm|Heavy Slam|p1b: Gothitelle\n|-activate|p1b: Gothitelle|move: Protect\n|move|p2a: Ting-Lu|Earthquake|p1b: Gothitelle|[spread] \n|-activate|p1a: Flutter Mane|move: Protect\n|-activate|p1b: Gothitelle|move: Protect\n|-heal|p2b: Orthworm|100\/100|[from] ability: Earth Eater|[of] p2a: Ting-Lu\n|\n|-start|p1a: Flutter Mane|perish2\n|-start|p1b: Gothitelle|perish2\n|-start|p2b: Orthworm|perish2\n|-start|p2a: Ting-Lu|perish2\n|upkeep\n|turn|8\n|\n|t:|1683403740\n|-end|p1a: Flutter Mane|Protosynthesis|[silent]\n|switch|p1a: Gyarados|Gyarados, L50, M, shiny, tera:Flying|100\/100\n|-ability|p1a: Gyarados|Intimidate|boost\n|-unboost|p2a: Ting-Lu|atk|1\n|-unboost|p2b: Orthworm|atk|1\n|move|p1b: Gothitelle|Protect||[still]\n|-fail|p1b: Gothitelle\n|move|p2b: Orthworm|Heavy Slam|p1b: Gothitelle\n|-damage|p1b: Gothitelle|0 fnt\n|faint|p1b: Gothitelle\n|move|p2a: Ting-Lu|Earthquake|p1a: Gyarados|[spread] \n|-immune|p2b: Orthworm|[from] ability: Earth Eater\n|-immune|p1a: Gyarados\n|\n|-start|p2b: Orthworm|perish1\n|-start|p2a: Ting-Lu|perish1\n|upkeep\n|\n|t:|1683403742\n|switch|p1b: Flutter Mane|Flutter Mane, L50|1\/100\n|turn|9\n|c|\u2606Atrix MJ|Gg\n|\n|t:|1683403749\n|move|p1b: Flutter Mane|Protect|p1b: Flutter Mane\n|-singleturn|p1b: Flutter Mane|Protect\n|move|p1a: Gyarados|Protect|p1a: Gyarados\n|-singleturn|p1a: Gyarados|Protect\n|move|p2b: Orthworm|Body Press|p1a: Gyarados\n|-activate|p1a: Gyarados|move: Protect\n|move|p2a: Ting-Lu|Ruination|p1a: Gyarados\n|-activate|p1a: Gyarados|move: Protect\n|\n|-start|p2b: Orthworm|perish0\n|-start|p2a: Ting-Lu|perish0\n|faint|p2b: Orthworm\n|faint|p2a: Ting-Lu\n|\n|win|Atrix MJ\n|upkeep\n|raw|Atrix MJ's rating: 1381 → 1401<\/strong> (+20 for winning)\n|raw|Mikunji19's rating: 1380 → 1360<\/strong> (-20 for losing)\n|l|\u2606Mikunji19\n","uploadtime":1683403754,"views":10,"p1id":"atrixmj","p2id":"mikunji19","formatid":"gen9vgc2023regulationc","rating":1360,"private":0,"password":""}