{"id":"gen9vgc2023regulationc-1847402608","p1":"deadenne","p2":"Kiryae","format":"[Gen 9] VGC 2023 Regulation C","log":"|j|\u2606deadenne\n|j|\u2606Kiryae\n|t:|1681950957\n|gametype|doubles\n|player|p1|deadenne|ghetsis-gen5bw|1212\n|player|p2|Kiryae|170|1295\n|teamsize|p1|6\n|teamsize|p2|6\n|gen|9\n|tier|[Gen 9] VGC 2023 Regulation C\n|rated|\n|rule|Species Clause: Limit one of each Pok\u00e9mon\n|rule|Item Clause: Limit one of each item\n|clearpoke\n|poke|p1|Murkrow, L50, F|\n|poke|p1|Flutter Mane, L50|\n|poke|p1|Palafin, L50, F|\n|poke|p1|Indeedee-F, L50, F|\n|poke|p1|Armarouge, L50, M|\n|poke|p1|Hydreigon, L50, F|\n|poke|p2|Gholdengo, L50|\n|poke|p2|Arcanine, L50, F|\n|poke|p2|Palafin, L50, F|\n|poke|p2|Roaring Moon, L50|\n|poke|p2|Amoonguss, L50, F|\n|poke|p2|Ting-Lu, L50|\n|teampreview|4\n|inactive|Battle timer is ON: inactive players will automatically lose when time's up. (requested by Kiryae)\n|inactive|Kiryae has 60 seconds left.\n|\n|t:|1681951009\n|start\n|switch|p1a: Dark Magician|Flutter Mane, L50|100\/100\n|switch|p1b: Almight|Palafin, L50, F|100\/100\n|switch|p2a: Ting-Lu|Ting-Lu, L50|100\/100\n|switch|p2b: Palafin|Palafin, L50, F|100\/100\n|-ability|p2a: Ting-Lu|Vessel of Ruin\n|turn|1\n|\n|t:|1681951026\n|-end|p1a: Dark Magician|Protosynthesis|[silent]\n|switch|p1a: Rem|Indeedee-F, L50, F|100\/100\n|-fieldstart|move: Psychic Terrain|[from] ability: Psychic Surge|[of] p1a: Rem\n|-enditem|p1a: Rem|Psychic Seed\n|-boost|p1a: Rem|spd|1|[from] item: Psychic Seed\n|detailschange|p2b: Palafin|Palafin-Hero, L50, F\n|switch|p2b: Arcanine|Arcanine, L50, F|100\/100\n|-ability|p2b: Arcanine|Intimidate|boost\n|-unboost|p1a: Rem|atk|1\n|-unboost|p1b: Almight|atk|1\n|move|p1b: Almight|Flip Turn|p2a: Ting-Lu\n|-supereffective|p2a: Ting-Lu\n|-damage|p2a: Ting-Lu|83\/100\n|\n|t:|1681951040\n|detailschange|p1b: Almight|Palafin-Hero, L50, F\n|switch|p1b: 3 Heads|Hydreigon, L50, F|100\/100|[from] Flip Turn\n|move|p2a: Ting-Lu|Heavy Slam|p1a: Rem\n|-damage|p1a: Rem|69\/100\n|\n|upkeep\n|turn|2\n|inactive|Kiryae has 30 seconds left.\n|inactive|Kiryae has 20 seconds left.\n|inactive|Kiryae has 15 seconds left.\n|inactive|Kiryae has 10 seconds left.\n|\n|t:|1681951089\n|switch|p1a: Almight|Palafin-Hero, L50, F|100\/100\n|-activate|p1a: Almight|ability: Zero to Hero\n|move|p1b: 3 Heads|Focus Energy|p1b: 3 Heads\n|-start|p1b: 3 Heads|move: Focus Energy\n|move|p2b: Arcanine|Howl|p2b: Arcanine|[spread] p2a,p2b\n|-boost|p2a: Ting-Lu|atk|1\n|-boost|p2b: Arcanine|atk|1\n|move|p2a: Ting-Lu|Ruination|p1b: 3 Heads\n|-damage|p1b: 3 Heads|50\/100\n|\n|upkeep\n|turn|3\n|\n|t:|1681951111\n|-terastallize|p1a: Almight|Water\n|-terastallize|p2b: Arcanine|Grass\n|move|p1b: 3 Heads|Protect|p1b: 3 Heads\n|-singleturn|p1b: 3 Heads|Protect\n|move|p1a: Almight|Wave Crash|p2b: Arcanine\n|-resisted|p2b: Arcanine\n|-damage|p2b: Arcanine|43\/100\n|-damage|p1a: Almight|80\/100|[from] Recoil\n|move|p2b: Arcanine|Will-O-Wisp|p1a: Almight\n|-status|p1a: Almight|brn\n|move|p2a: Ting-Lu|Ruination|p1a: Almight\n|-damage|p1a: Almight|40\/100 brn\n|\n|-damage|p1a: Almight|35\/100 brn|[from] brn\n|upkeep\n|turn|4\n|\n|t:|1681951135\n|switch|p2b: Palafin|Palafin-Hero, L50, F|100\/100\n|-activate|p2b: Palafin|ability: Zero to Hero\n|move|p1a: Almight|Wave Crash|p2a: Ting-Lu\n|-supereffective|p2a: Ting-Lu\n|-damage|p2a: Ting-Lu|29\/100\n|-damage|p1a: Almight|10\/100 brn|[from] Recoil\n|move|p1b: 3 Heads|Draco Meteor|p2b: Palafin\n|-crit|p2b: Palafin\n|-damage|p2b: Palafin|28\/100\n|-unboost|p1b: 3 Heads|spa|2\n|move|p2a: Ting-Lu|Stomping Tantrum|p1a: Almight\n|-damage|p1a: Almight|0 fnt\n|faint|p1a: Almight\n|\n|upkeep\n|\n|t:|1681951147\n|switch|p1a: Dark Magician|Flutter Mane, L50|100\/100\n|turn|5\n|\n|t:|1681951158\n|move|p1b: 3 Heads|Protect|p1b: 3 Heads\n|-singleturn|p1b: 3 Heads|Protect\n|move|p2b: Palafin|Protect|p2b: Palafin\n|-singleturn|p2b: Palafin|Protect\n|move|p1a: Dark Magician|Shadow Ball|p2b: Palafin\n|-activate|p2b: Palafin|move: Protect\n|move|p2a: Ting-Lu|Sand Tomb|p1b: 3 Heads\n|-activate|p1b: 3 Heads|move: Protect\n|\n|-fieldend|move: Psychic Terrain\n|upkeep\n|turn|6\n|\n|t:|1681951170\n|-end|p1a: Dark Magician|Protosynthesis|[silent]\n|switch|p1a: Rem|Indeedee-F, L50, F|69\/100\n|-fieldstart|move: Psychic Terrain|[from] ability: Psychic Surge|[of] p1a: Rem\n|move|p2b: Palafin|Jet Punch|p1a: Rem\n|-activate|p1a: Rem|move: Psychic Terrain\n|move|p1b: 3 Heads|Draco Meteor|p2b: Palafin\n|-crit|p2b: Palafin\n|-damage|p2b: Palafin|0 fnt\n|-unboost|p1b: 3 Heads|spa|2\n|faint|p2b: Palafin\n|move|p2a: Ting-Lu|Heavy Slam|p1a: Rem\n|-damage|p1a: Rem|25\/100\n|\n|upkeep\n|\n|t:|1681951185\n|switch|p2b: Roaring Moon|Roaring Moon, L50|100\/100\n|-enditem|p2b: Roaring Moon|Booster Energy\n|-activate|p2b: Roaring Moon|ability: Protosynthesis|[fromitem]\n|-start|p2b: Roaring Moon|protosynthesisatk\n|turn|7\n|\n|t:|1681951191\n|move|p1a: Rem|Follow Me|p1a: Rem\n|-singleturn|p1a: Rem|move: Follow Me\n|move|p1b: 3 Heads|Draco Meteor|p2a: Ting-Lu\n|-crit|p2a: Ting-Lu\n|-damage|p2a: Ting-Lu|0 fnt\n|-unboost|p1b: 3 Heads|spa|2\n|faint|p2a: Ting-Lu\n|move|p2b: Roaring Moon|Acrobatics|p1a: Rem\n|-damage|p1a: Rem|0 fnt\n|faint|p1a: Rem\n|\n|upkeep\n|\n|t:|1681951201\n|switch|p1a: Dark Magician|Flutter Mane, L50|100\/100\n|switch|p2a: Arcanine|Arcanine, L50, F, tera:Grass|43\/100\n|-ability|p2a: Arcanine|Intimidate|boost\n|-unboost|p1a: Dark Magician|atk|1\n|-unboost|p1b: 3 Heads|atk|1\n|turn|8\n|\n|t:|1681951213\n|move|p2b: Roaring Moon|Protect|p2b: Roaring Moon\n|-singleturn|p2b: Roaring Moon|Protect\n|move|p1a: Dark Magician|Icy Wind|p2b: Roaring Moon|[spread] p2a\n|-activate|p2b: Roaring Moon|move: Protect\n|-supereffective|p2a: Arcanine\n|-damage|p2a: Arcanine|12\/100\n|-unboost|p2a: Arcanine|spe|1\n|move|p1b: 3 Heads|Draco Meteor|p2b: Roaring Moon\n|-activate|p2b: Roaring Moon|move: Protect\n|move|p2a: Arcanine|Flare Blitz|p1a: Dark Magician\n|-enditem|p1a: Dark Magician|Focus Sash\n|-damage|p1a: Dark Magician|1\/100\n|-damage|p2a: Arcanine|0 fnt|[from] Recoil\n|faint|p2a: Arcanine\n|\n|upkeep\n|turn|9\n|\n|t:|1681951231\n|move|p1a: Dark Magician|Dazzling Gleam|p2b: Roaring Moon\n|-supereffective|p2b: Roaring Moon\n|-damage|p2b: Roaring Moon|0 fnt\n|faint|p2b: Roaring Moon\n|-end|p2b: Roaring Moon|Protosynthesis|[silent]\n|\n|win|deadenne\n|raw|deadenne's rating: 1212 → 1243<\/strong> (+31 for winning)\n|raw|Kiryae's rating: 1295 → 1264<\/strong> (-31 for losing)\n|l|\u2606deadenne\n|c|\u2606Kiryae|na this is too much\n","uploadtime":1681951239,"views":6,"p1id":"deadenne","p2id":"kiryae","formatid":"gen9vgc2023regulationc","rating":1243,"private":0,"password":""}