{"id":"gen9vgc2023regulationc-1846375810","p1":"ArnavChawla","p2":"niceman_11","format":"[Gen 9] VGC 2023 Regulation C","log":"|j|\u2606ArnavChawla\n|j|\u2606niceman_11\n|t:|1681835873\n|gametype|doubles\n|player|p1|ArnavChawla|ingo|\n|player|p2|niceman_11|gambler|\n|teamsize|p1|6\n|teamsize|p2|6\n|gen|9\n|tier|[Gen 9] VGC 2023 Regulation C\n|rated|Tournament battle\n|rule|Species Clause: Limit one of each Pok\u00e9mon\n|rule|Item Clause: Limit one of each item\n|clearpoke\n|poke|p1|Ting-Lu, L50|\n|poke|p1|Arcanine, L50, M|\n|poke|p1|Chien-Pao, L50|\n|poke|p1|Amoonguss, L50, M|\n|poke|p1|Kingambit, L50, F|\n|poke|p1|Flutter Mane, L50|\n|poke|p2|Gyarados, L50, F|\n|poke|p2|Tinkaton, L50, F|\n|poke|p2|Ceruledge, L50, M|\n|poke|p2|Espathra, L50, M|\n|poke|p2|Garganacl, L50, M|\n|poke|p2|Rotom-Wash, L50|\n|teampreview|4\n|raw| Open Team Sheet for ArnavChawla<\/summary>Ting-Lu @ Leftovers Ability: Vessel of Ruin Level: 50 Tera Type: Water - Body Press - Protect - Heavy Slam - Ruination Arcanine @ Safety Goggles Ability: Intimidate Level: 50 Tera Type: Grass - Flare Blitz - Will-O-Wisp - Protect - Extreme Speed Chien-Pao @ Focus Sash Ability: Sword of Ruin Level: 50 Tera Type: Ghost - Icicle Crash - Sacred Sword - Sucker Punch - Protect Amoonguss @ Rocky Helmet Ability: Regenerator Level: 50 Tera Type: Fire - Pollen Puff - Rage Powder - Protect - Spore Kingambit @ Assault Vest Ability: Defiant Level: 50 Tera Type: Fairy - Kowtow Cleave - Sucker Punch - Tera Blast - Iron Head Flutter Mane @ Choice Specs Ability: Protosynthesis Level: 50 Tera Type: Fairy - Shadow Ball - Dazzling Gleam - Psyshock - Thunderbolt <\/details><\/div> Open Team Sheet for niceman_11<\/summary>Gyarados @ Lum Berry Ability: Intimidate Level: 50 Tera Type: Flying - Dragon Dance - Waterfall - Earthquake - Tera Blast Tinkaton (F) @ Sitrus Berry Ability: Mold Breaker Level: 50 Tera Type: Steel - Gigaton Hammer - Play Rough - Fake Out - Protect Ceruledge @ Leftovers Ability: Flash Fire Level: 50 Tera Type: Grass - Bitter Blade - Shadow Sneak - Protect - Tera Blast Espathra @ Focus Sash Ability: Speed Boost Level: 50 Tera Type: Fairy - Lumina Crash - Protect - Helping Hand - Dazzling Gleam Garganacl @ Rocky Helmet Ability: Purifying Salt Level: 50 Tera Type: Ghost - Salt Cure - Recover - Protect - Curse Rotom (Rotom-Wash) @ Wide Lens Ability: Levitate Level: 50 Tera Type: Grass - Hydro Pump - Volt Switch - Will-O-Wisp - Protect <\/details><\/div>\n|inactive|Battle timer is ON: inactive players will automatically lose when time's up. (requested by ArnavChawla)\n|inactive|niceman_11 also wants the timer to be on.\n|c|\u2606niceman_11|gl\n|j| Radio Free C-Side\n|j| AghastArcanine\n|c|\u2606ArnavChawla|u2\n|j| Bakonlikeswooper\n|\n|t:|1681835894\n|start\n|switch|p1a: Arcanine|Arcanine, L50, M|100\/100\n|switch|p1b: Kingambit|Kingambit, L50, F|100\/100\n|switch|p2a: Gyarados|Gyarados, L50, F|100\/100\n|switch|p2b: Espathra|Espathra, L50, M|100\/100\n|-ability|p2a: Gyarados|Intimidate|boost\n|-unboost|p1a: Arcanine|atk|1\n|-unboost|p1b: Kingambit|atk|1\n|-ability|p1b: Kingambit|Defiant|boost\n|-boost|p1b: Kingambit|atk|2\n|-ability|p1a: Arcanine|Intimidate|boost\n|-unboost|p2a: Gyarados|atk|1\n|-unboost|p2b: Espathra|atk|1\n|turn|1\n|j| akijuen\n|j| peppapigfan867\n|j| Eldegoss32\n|inactive|niceman_11 has 30 seconds left.\n|\n|t:|1681835921\n|switch|p2a: Tinkaton|Tinkaton, L50, F|100\/100\n|-ability|p2a: Tinkaton|Mold Breaker\n|switch|p1a: Ting-Lu|Ting-Lu, L50|100\/100\n|-ability|p1a: Ting-Lu|Vessel of Ruin\n|-terastallize|p1b: Kingambit|Fairy\n|move|p2b: Espathra|Lumina Crash|p1a: Ting-Lu\n|-immune|p1a: Ting-Lu\n|move|p1b: Kingambit|Kowtow Cleave|p2b: Espathra\n|-supereffective|p2b: Espathra\n|-enditem|p2b: Espathra|Focus Sash\n|-damage|p2b: Espathra|1\/100\n|\n|-ability|p2b: Espathra|Speed Boost|boost\n|-boost|p2b: Espathra|spe|1\n|upkeep\n|turn|2\n|inactive|ArnavChawla has 30 seconds left.\n|inactive|ArnavChawla has 20 seconds left.\n|\n|t:|1681835958\n|switch|p1b: Arcanine|Arcanine, L50, M|100\/100\n|-ability|p1b: Arcanine|Intimidate|boost\n|-unboost|p2a: Tinkaton|atk|1\n|-unboost|p2b: Espathra|atk|1\n|move|p2b: Espathra|Protect|p2b: Espathra\n|-singleturn|p2b: Espathra|Protect\n|move|p2a: Tinkaton|Gigaton Hammer|p1b: Arcanine\n|-resisted|p1b: Arcanine\n|-damage|p1b: Arcanine|79\/100\n|move|p1a: Ting-Lu|Ruination|p2a: Tinkaton\n|-damage|p2a: Tinkaton|50\/100\n|-enditem|p2a: Tinkaton|Sitrus Berry|[eat]\n|-heal|p2a: Tinkaton|75\/100|[from] item: Sitrus Berry\n|\n|-ability|p2b: Espathra|Speed Boost|boost\n|-boost|p2b: Espathra|spe|1\n|upkeep\n|turn|3\n|inactive|niceman_11 has 30 seconds left.\n|\n|t:|1681835983\n|switch|p2a: Ceruledge|Ceruledge, L50, M|100\/100\n|move|p1b: Arcanine|Extreme Speed|p2b: Espathra\n|-damage|p2b: Espathra|0 fnt\n|faint|p2b: Espathra\n|move|p1a: Ting-Lu|Ruination|p2a: Ceruledge\n|-damage|p2a: Ceruledge|50\/100\n|\n|-heal|p2a: Ceruledge|57\/100|[from] item: Leftovers\n|upkeep\n|\n|t:|1681835998\n|switch|p2b: Tinkaton|Tinkaton, L50, F|75\/100\n|-ability|p2b: Tinkaton|Mold Breaker\n|turn|4\n|\n|t:|1681836012\n|-terastallize|p2a: Ceruledge|Grass\n|move|p1b: Arcanine|Flare Blitz|p2b: Tinkaton\n|-supereffective|p2b: Tinkaton\n|-damage|p2b: Tinkaton|0 fnt\n|faint|p2b: Tinkaton\n|-damage|p1b: Arcanine|55\/100|[from] Recoil\n|move|p2a: Ceruledge|Tera Blast|p1a: Ting-Lu\n|-supereffective|p1a: Ting-Lu\n|-damage|p1a: Ting-Lu|64\/100\n|move|p1a: Ting-Lu|Heavy Slam|p2a: Ceruledge\n|-damage|p2a: Ceruledge|25\/100\n|\n|-heal|p2a: Ceruledge|31\/100|[from] item: Leftovers\n|-heal|p1a: Ting-Lu|70\/100|[from] item: Leftovers\n|upkeep\n|l| akijuen\n|\n|t:|1681836026\n|switch|p2b: Gyarados|Gyarados, L50, F|100\/100\n|-ability|p2b: Gyarados|Intimidate|boost\n|-unboost|p1a: Ting-Lu|atk|1\n|-unboost|p1b: Arcanine|atk|1\n|turn|5\n|j| CoachChris\n|\n|t:|1681836034\n|switch|p1b: Flutter Mane|Flutter Mane, L50|100\/100\n|move|p2a: Ceruledge|Protect|p2a: Ceruledge\n|-singleturn|p2a: Ceruledge|Protect\n|move|p1a: Ting-Lu|Protect|p1a: Ting-Lu\n|-singleturn|p1a: Ting-Lu|Protect\n|move|p2b: Gyarados|Waterfall|p1b: Flutter Mane\n|-damage|p1b: Flutter Mane|29\/100\n|\n|-heal|p2a: Ceruledge|37\/100|[from] item: Leftovers\n|-heal|p1a: Ting-Lu|76\/100|[from] item: Leftovers\n|upkeep\n|turn|6\n|\n|t:|1681836050\n|move|p2a: Ceruledge|Shadow Sneak|p1b: Flutter Mane\n|-supereffective|p1b: Flutter Mane\n|-damage|p1b: Flutter Mane|0 fnt\n|faint|p1b: Flutter Mane\n|-end|p1b: Flutter Mane|Protosynthesis|[silent]\n|move|p2b: Gyarados|Waterfall|p1a: Ting-Lu\n|-supereffective|p1a: Ting-Lu\n|-damage|p1a: Ting-Lu|34\/100\n|move|p1a: Ting-Lu|Ruination|p2b: Gyarados\n|-damage|p2b: Gyarados|51\/100\n|\n|-heal|p2a: Ceruledge|43\/100|[from] item: Leftovers\n|-heal|p1a: Ting-Lu|40\/100|[from] item: Leftovers\n|upkeep\n|\n|t:|1681836061\n|switch|p1b: Kingambit|Kingambit, L50, F, tera:Fairy|100\/100\n|turn|7\n|\n|t:|1681836073\n|switch|p1a: Arcanine|Arcanine, L50, M|55\/100\n|-ability|p1a: Arcanine|Intimidate|boost\n|-unboost|p2a: Ceruledge|atk|1\n|-unboost|p2b: Gyarados|atk|1\n|move|p1b: Kingambit|Sucker Punch|p2a: Ceruledge\n|-damage|p2a: Ceruledge|0 fnt\n|faint|p2a: Ceruledge\n|move|p2b: Gyarados|Waterfall|p1a: Arcanine\n|-supereffective|p1a: Arcanine\n|-damage|p1a: Arcanine|0 fnt\n|faint|p1a: Arcanine\n|\n|upkeep\n|\n|t:|1681836082\n|switch|p1a: Ting-Lu|Ting-Lu, L50|40\/100\n|-ability|p1a: Ting-Lu|Vessel of Ruin\n|turn|8\n|\n|t:|1681836088\n|move|p1a: Ting-Lu|Protect|p1a: Ting-Lu\n|-singleturn|p1a: Ting-Lu|Protect\n|move|p2b: Gyarados|Waterfall|p1a: Ting-Lu\n|-activate|p1a: Ting-Lu|move: Protect\n|move|p1b: Kingambit|Kowtow Cleave|p2b: Gyarados\n|-damage|p2b: Gyarados|0 fnt\n|faint|p2b: Gyarados\n|\n|win|ArnavChawla\n|n|\u2606ArnavChawla|arnavchawla\n|n|\u2606niceman_11|niceman11\n|n| Radio Free C-Side|radiofreecside\n|n| AghastArcanine|aghastarcanine\n|n| Bakonlikeswooper|bakonlikeswooper\n|n| peppapigfan867|peppapigfan867\n|n| Eldegoss32|eldegoss32\n|n| CoachChris|coachchris\n","uploadtime":1681836089,"views":7,"p1id":"arnavchawla","p2id":"niceman11","formatid":"gen9vgc2023regulationc","rating":0,"private":0,"password":""}