{"id":"gen9vgc2023regulationc-1859370299","p1":"Ytterby","p2":"Freischieb","format":"[Gen 9] VGC 2023 Regulation C","log":"|j|\u2606Ytterby\n|j|\u2606Freischieb\n|t:|1683449657\n|gametype|doubles\n|player|p1|Ytterby|brycenman|\n|player|p2|Freischieb|266|\n|teamsize|p1|6\n|teamsize|p2|6\n|gen|9\n|tier|[Gen 9] VGC 2023 Regulation C\n|rule|Species Clause: Limit one of each Pok\u00e9mon\n|rule|Item Clause: Limit one of each item\n|clearpoke\n|poke|p1|Murkrow, L50, M|\n|poke|p1|Garchomp, L50, F|\n|poke|p1|Barraskewda, L50, M|\n|poke|p1|Klefki, L50, M|\n|poke|p1|Salamence, L50, M|\n|poke|p1|Hariyama, L50, M|\n|poke|p2|Clodsire, L50, M|\n|poke|p2|Sableye, L50, M|\n|poke|p2|Sandy Shocks, L50|\n|poke|p2|Pachirisu, L50, M|\n|poke|p2|Tyranitar, L50, M|\n|poke|p2|Scizor, L50, F|\n|teampreview|4\nFreischieb has agreed to open team sheets.\nYtterby has agreed to open team sheets.\n|j| 252 accuracy\n|\n|t:|1683449784\n|start\n|switch|p1a: Murkrow|Murkrow, L50, M|100\/100\n|switch|p1b: Garchomp|Garchomp, L50, F|100\/100\n|switch|p2a: Salad Fingers|Sableye, L50, M|100\/100\n|switch|p2b: really fast|Scizor, L50, F|100\/100\n|turn|1\n|\n|t:|1683449845\n|switch|p1b: Hariyama|Hariyama, L50, M, shiny|100\/100\n|move|p2a: Salad Fingers|Fake Out|p1b: Hariyama\n|-damage|p1b: Hariyama|93\/100\n|move|p1a: Murkrow|Rain Dance|p1a: Murkrow\n|-weather|RainDance\n|move|p2b: really fast|Swords Dance|p2b: really fast\n|-boost|p2b: really fast|atk|2\n|\n|-weather|RainDance|[upkeep]\n|upkeep\n|turn|2\n|\n|t:|1683449876\n|switch|p2a: THICC BOI|Tyranitar, L50, M|100\/100\n|-ability|p2a: THICC BOI|Unnerve\n|-terastallize|p1b: Hariyama|Steel\n|move|p1a: Murkrow|Haze|p1a: Murkrow\n|-clearallboost\n|move|p2b: really fast|Acrobatics|p1b: Hariyama\n|-resisted|p1b: Hariyama\n|-damage|p1b: Hariyama|75\/100\n|move|p1b: Hariyama|Close Combat|p2b: really fast\n|-damage|p2b: really fast|49\/100\n|-unboost|p1b: Hariyama|def|1\n|-unboost|p1b: Hariyama|spd|1\n|\n|-weather|RainDance|[upkeep]\n|upkeep\n|turn|3\n|\n|t:|1683449918\n|-terastallize|p2a: THICC BOI|Flying\n|move|p1a: Murkrow|Tailwind|p1a: Murkrow\n|-sidestart|p1: Ytterby|move: Tailwind\n|move|p1b: Hariyama|Close Combat|p2b: really fast\n|-damage|p2b: really fast|3\/100\n|-unboost|p1b: Hariyama|def|1\n|-unboost|p1b: Hariyama|spd|1\n|move|p2b: really fast|Tailwind|p2b: really fast\n|-sidestart|p2: Freischieb|move: Tailwind\n|move|p2a: THICC BOI|Rock Slide|p1a: Murkrow|[spread] p1a,p1b\n|-supereffective|p1a: Murkrow\n|-resisted|p1b: Hariyama\n|-damage|p1a: Murkrow|0 fnt\n|-damage|p1b: Hariyama|42\/100\n|faint|p1a: Murkrow\n|\n|-weather|RainDance|[upkeep]\n|upkeep\n|\n|t:|1683449936\n|switch|p1a: 188\/206|Barraskewda, L50, M|100\/100\n|turn|4\n|\n|t:|1683449985\n|switch|p2b: Salad Fingers|Sableye, L50, M|100\/100\n|move|p1a: 188\/206|Liquidation|p2a: THICC BOI\n|-damage|p2a: THICC BOI|21\/100\n|move|p2a: THICC BOI|Rock Slide|p1a: 188\/206|[spread] p1a\n|-miss|p2a: THICC BOI|p1b: Hariyama\n|-damage|p1a: 188\/206|39\/100\n|move|p1b: Hariyama|Iron Head|p2b: Salad Fingers\n|-damage|p2b: Salad Fingers|60\/100\n|\n|-weather|RainDance|[upkeep]\n|upkeep\n|turn|5\n|\n|t:|1683450062\n|switch|p1b: Garchomp|Garchomp, L50, F|100\/100\n|move|p2b: Salad Fingers|Fake Out|p1a: 188\/206\n|-damage|p1a: 188\/206|25\/100\n|cant|p1a: 188\/206|flinch\n|move|p2a: THICC BOI|Rock Slide|p1b: Garchomp|[spread] p1a,p1b\n|-resisted|p1b: Garchomp\n|-damage|p1a: 188\/206|0 fnt\n|-damage|p1b: Garchomp|84\/100\n|faint|p1a: 188\/206\n|\n|-weather|none\n|upkeep\n|\n|t:|1683450077\n|switch|p1a: Hariyama|Hariyama, L50, M, shiny, tera:Steel|42\/100\n|turn|6\n|\n|t:|1683450119\n|move|p1b: Garchomp|Protect|p1b: Garchomp\n|-singleturn|p1b: Garchomp|Protect\n|move|p2b: Salad Fingers|Quash|p1b: Garchomp\n|-activate|p1b: Garchomp|move: Protect\n|move|p1a: Hariyama|Iron Head|p2b: Salad Fingers\n|-damage|p2b: Salad Fingers|22\/100\n|move|p2a: THICC BOI|Avalanche|p1b: Garchomp\n|-activate|p1b: Garchomp|move: Protect\n|\n|-sideend|p1: Ytterby|move: Tailwind\n|-sideend|p2: Freischieb|move: Tailwind\n|upkeep\n|turn|7\n|\n|t:|1683450175\n|move|p1b: Garchomp|Protect||[still]\n|-fail|p1b: Garchomp\n|move|p2a: THICC BOI|Protect|p2a: THICC BOI\n|-singleturn|p2a: THICC BOI|Protect\n|move|p2b: Salad Fingers|Will-O-Wisp|p1b: Garchomp\n|-status|p1b: Garchomp|brn\n|move|p1a: Hariyama|Iron Head|p2b: Salad Fingers\n|-damage|p2b: Salad Fingers|0 fnt\n|faint|p2b: Salad Fingers\n|\n|-damage|p1b: Garchomp|78\/100 brn|[from] brn\n|upkeep\n|\n|t:|1683450184\n|switch|p2b: Eleki after meth|Sandy Shocks, L50|100\/100\n|-enditem|p2b: Eleki after meth|Booster Energy\n|-activate|p2b: Eleki after meth|ability: Protosynthesis|[fromitem]\n|-start|p2b: Eleki after meth|protosynthesisspe\n|turn|8\n|\n|t:|1683450272\n|move|p2b: Eleki after meth|Earth Power|p1a: Hariyama\n|-supereffective|p1a: Hariyama\n|-damage|p1a: Hariyama|0 fnt\n|faint|p1a: Hariyama\n|move|p1b: Garchomp|Rock Slide|p2b: Eleki after meth|[spread] p2a,p2b\n|-supereffective|p2a: THICC BOI\n|-resisted|p2b: Eleki after meth\n|-damage|p2a: THICC BOI|5\/100\n|-damage|p2b: Eleki after meth|95\/100\n|move|p2a: THICC BOI|Avalanche|p1b: Garchomp\n|-supereffective|p1b: Garchomp\n|-crit|p1b: Garchomp\n|-damage|p1b: Garchomp|0 fnt\n|faint|p1b: Garchomp\n|\n|win|Freischieb\n|l|\u2606Ytterby\n","uploadtime":1683450291,"views":10,"p1id":"ytterby","p2id":"freischieb","formatid":"gen9vgc2023regulationc","rating":0,"private":0,"password":""}