{"id":"gen9vgc2023regulationc-1849346684","p1":"stev998","p2":"PianginaPardo","format":"[Gen 9] VGC 2023 Regulation C","log":"|j|\u2606stev998\n|j|\u2606PianginaPardo\n|t:|1682188380\n|gametype|doubles\n|player|p1|stev998|169|1122\n|player|p2|PianginaPardo|102|1104\n|teamsize|p1|6\n|teamsize|p2|6\n|gen|9\n|tier|[Gen 9] VGC 2023 Regulation C\n|rated|\n|rule|Species Clause: Limit one of each Pok\u00e9mon\n|rule|Item Clause: Limit one of each item\n|clearpoke\n|poke|p1|Gholdengo, L50|\n|poke|p1|Murkrow, L50, F|\n|poke|p1|Dragonite, L50, F|\n|poke|p1|Pawmot, L50, F|\n|poke|p1|Ting-Lu, L50|\n|poke|p1|Annihilape, L50, F|\n|poke|p2|Gholdengo, L50|\n|poke|p2|Gyarados, L50, F|\n|poke|p2|Ting-Lu, L50|\n|poke|p2|Iron Bundle, L50|\n|poke|p2|Maushold-Four, L50|\n|poke|p2|Annihilape, L50, M|\n|teampreview|4\nPianginaPardo has agreed to open team sheets.\n|inactive|Battle timer is ON: inactive players will automatically lose when time's up. (requested by stev998)\n|\n|t:|1682188431\n|start\n|switch|p1a: Gholdengo|Gholdengo, L50|100\/100\n|switch|p1b: Murkrow|Murkrow, L50, F|100\/100\n|switch|p2a: Maushold|Maushold-Four, L50|100\/100\n|switch|p2b: MankeyDlufy|Annihilape, L50, M|100\/100\n|turn|1\n|inactive|PianginaPardo has 30 seconds left.\n|inactive|PianginaPardo has 20 seconds left.\n|\n|t:|1682188470\n|-terastallize|p1a: Gholdengo|Steel\n|-terastallize|p2b: MankeyDlufy|Water\n|move|p1b: Murkrow|Tailwind|p1b: Murkrow\n|-sidestart|p1: stev998|move: Tailwind\n|move|p1a: Gholdengo|Make It Rain|p2b: MankeyDlufy|[spread] p2a,p2b\n|-resisted|p2b: MankeyDlufy\n|-damage|p2a: Maushold|0 fnt\n|-damage|p2b: MankeyDlufy|73\/100\n|-unboost|p1a: Gholdengo|spa|1\n|faint|p2a: Maushold\n|move|p2b: MankeyDlufy|Rage Fist|p1a: Gholdengo\n|-damage|p1a: Gholdengo|55\/100\n|\n|-heal|p2b: MankeyDlufy|79\/100|[from] item: Leftovers\n|upkeep\n|\n|t:|1682188491\n|switch|p2a: Iron Bundle|Iron Bundle, L50|100\/100\n|turn|2\n|\n|t:|1682188502\n|move|p2a: Iron Bundle|Protect|p2a: Iron Bundle\n|-singleturn|p2a: Iron Bundle|Protect\n|move|p1b: Murkrow|Haze|p1b: Murkrow\n|-clearallboost\n|move|p1a: Gholdengo|Make It Rain|p2b: MankeyDlufy|[spread] p2b\n|-activate|p2a: Iron Bundle|move: Protect\n|-resisted|p2b: MankeyDlufy\n|-damage|p2b: MankeyDlufy|38\/100\n|-unboost|p1a: Gholdengo|spa|1\n|move|p2b: MankeyDlufy|Drain Punch|p1a: Gholdengo\n|-supereffective|p1a: Gholdengo\n|-damage|p1a: Gholdengo|0 fnt\n|-heal|p2b: MankeyDlufy|60\/100|[from] drain|[of] p1a: Gholdengo\n|faint|p1a: Gholdengo\n|\n|-heal|p2b: MankeyDlufy|66\/100|[from] item: Leftovers\n|upkeep\n|\n|t:|1682188520\n|switch|p1a: Ting-Lu|Ting-Lu, L50|100\/100\n|-ability|p1a: Ting-Lu|Vessel of Ruin\n|turn|3\n|\n|t:|1682188531\n|-end|p2a: Iron Bundle|Quark Drive|[silent]\n|switch|p2a: Gyarados|Gyarados, L50, F|100\/100\n|-ability|p2a: Gyarados|Intimidate|boost\n|-unboost|p1a: Ting-Lu|atk|1\n|-unboost|p1b: Murkrow|atk|1\n|move|p2b: MankeyDlufy|Protect|p2b: MankeyDlufy\n|-singleturn|p2b: MankeyDlufy|Protect\n|move|p1b: Murkrow|Quash|p2b: MankeyDlufy\n|-activate|p2b: MankeyDlufy|move: Protect\n|move|p1a: Ting-Lu|Heavy Slam|p2a: Gyarados\n|-resisted|p2a: Gyarados\n|-damage|p2a: Gyarados|96\/100\n|\n|-heal|p2b: MankeyDlufy|72\/100|[from] item: Leftovers\n|upkeep\n|turn|4\n|\n|t:|1682188553\n|move|p1b: Murkrow|Haze|p1b: Murkrow\n|-clearallboost\n|move|p1a: Ting-Lu|Stone Edge|p2a: Gyarados\n|-supereffective|p2a: Gyarados\n|-damage|p2a: Gyarados|56\/100\n|move|p2b: MankeyDlufy|Bulk Up|p2b: MankeyDlufy\n|-boost|p2b: MankeyDlufy|atk|1\n|-boost|p2b: MankeyDlufy|def|1\n|move|p2a: Gyarados|Taunt|p1b: Murkrow\n|-start|p1b: Murkrow|move: Taunt\n|\n|-heal|p2b: MankeyDlufy|78\/100|[from] item: Leftovers\n|-sideend|p1: stev998|move: Tailwind\n|upkeep\n|turn|5\n|inactive|stev998 has 30 seconds left.\n|inactive|PianginaPardo has 30 seconds left.\n|\n|t:|1682188581\n|switch|p1b: Pawmot|Pawmot, L50, F|100\/100\n|move|p2b: MankeyDlufy|Drain Punch|p1a: Ting-Lu\n|-supereffective|p1a: Ting-Lu\n|-damage|p1a: Ting-Lu|46\/100\n|-heal|p2b: MankeyDlufy|100\/100|[from] drain|[of] p1a: Ting-Lu\n|move|p2a: Gyarados|Waterfall|p1a: Ting-Lu\n|-supereffective|p1a: Ting-Lu\n|-damage|p1a: Ting-Lu|8\/100\n|cant|p1a: Ting-Lu|flinch\n|\n|upkeep\n|turn|6\n|inactive|PianginaPardo has 30 seconds left.\n|\n|t:|1682188611\n|move|p1b: Pawmot|Double Shock|p2a: Gyarados\n|-supereffective|p2a: Gyarados\n|-crit|p2a: Gyarados\n|-damage|p2a: Gyarados|0 fnt\n|-start|p1b: Pawmot|typechange|???\/Fighting|[from] move: Double Shock\n|faint|p2a: Gyarados\n|move|p2b: MankeyDlufy|Bulk Up|p2b: MankeyDlufy\n|-boost|p2b: MankeyDlufy|atk|1\n|-boost|p2b: MankeyDlufy|def|1\n|move|p1a: Ting-Lu|Fissure|p2b: MankeyDlufy|[miss]\n|-miss|p1a: Ting-Lu|p2b: MankeyDlufy\n|\n|upkeep\n|\n|t:|1682188621\n|switch|p2a: Iron Bundle|Iron Bundle, L50|100\/100\n|turn|7\n|\n|t:|1682188638\n|move|p2a: Iron Bundle|Icy Wind|p1b: Pawmot|[spread] p1b\n|-miss|p2a: Iron Bundle|p1a: Ting-Lu\n|-damage|p1b: Pawmot|72\/100\n|-unboost|p1b: Pawmot|spe|1\n|move|p2b: MankeyDlufy|Rage Fist|p1b: Pawmot\n|-damage|p1b: Pawmot|0 fnt\n|faint|p1b: Pawmot\n|move|p1a: Ting-Lu|Fissure|p2b: MankeyDlufy|[miss]\n|-miss|p1a: Ting-Lu|p2b: MankeyDlufy\n|\n|upkeep\n|\n|t:|1682188650\n|switch|p1b: Murkrow|Murkrow, L50, F|100\/100\n|turn|8\n|\n|t:|1682188663\n|move|p2b: MankeyDlufy|Protect|p2b: MankeyDlufy\n|-singleturn|p2b: MankeyDlufy|Protect\n|move|p1b: Murkrow|Haze|p1b: Murkrow\n|-clearallboost\n|move|p2a: Iron Bundle|Freeze-Dry|p1a: Ting-Lu\n|-supereffective|p1a: Ting-Lu\n|-damage|p1a: Ting-Lu|0 fnt\n|faint|p1a: Ting-Lu\n|\n|upkeep\n|turn|9\n|\n|t:|1682188676\n|move|p2a: Iron Bundle|Freeze-Dry|p1b: Murkrow\n|-supereffective|p1b: Murkrow\n|-damage|p1b: Murkrow|31\/100\n|move|p2b: MankeyDlufy|Rage Fist|p1b: Murkrow\n|-resisted|p1b: Murkrow\n|-damage|p1b: Murkrow|0 fnt\n|faint|p1b: Murkrow\n|\n|win|PianginaPardo\n|raw|stev998's rating: 1122 → 1096<\/strong> (-26 for losing)\n|raw|PianginaPardo's rating: 1104 → 1130<\/strong> (+26 for winning)\n|l|\u2606stev998\n","uploadtime":1682188722,"views":6,"p1id":"stev998","p2id":"pianginapardo","formatid":"gen9vgc2023regulationc","rating":1096,"private":0,"password":""}