{"id":"gen9vgc2023regulationc-1861240428","p1":"chipndip","p2":"Mikeypipebomb","format":"[Gen 9] VGC 2023 Regulation C","log":"|j|\u2606chipndip\n|j|\u2606Mikeypipebomb\n|t:|1683738699\n|gametype|doubles\n|player|p1|chipndip|blackbelt-gen4dp|1473\n|player|p2|Mikeypipebomb|n|1551\n|teamsize|p1|6\n|teamsize|p2|6\n|gen|9\n|tier|[Gen 9] VGC 2023 Regulation C\n|rated|\n|rule|Species Clause: Limit one of each Pok\u00e9mon\n|rule|Item Clause: Limit one of each item\n|clearpoke\n|poke|p1|Annihilape, L50, F|\n|poke|p1|Garganacl, L50, M|\n|poke|p1|Amoonguss, L50, M|\n|poke|p1|Sylveon, L50, F|\n|poke|p1|Iron Moth, L50|\n|poke|p1|Chien-Pao, L50|\n|poke|p2|Palafin, L50, F|\n|poke|p2|Arcanine, L50, F|\n|poke|p2|Dragonite, L50, F|\n|poke|p2|Flutter Mane, L50|\n|poke|p2|Amoonguss, L50, M|\n|poke|p2|Kingambit, L50, M|\n|teampreview|4\nchipndip has agreed to open team sheets.\nMikeypipebomb has agreed to open team sheets.\n|inactive|Battle timer is ON: inactive players will automatically lose when time's up. (requested by Mikeypipebomb)\n|inactive|chipndip has 60 seconds left.\n|\n|t:|1683738785\n|start\n|switch|p1a: Sylveon|Sylveon, L50, F|100\/100\n|switch|p1b: Garganacl|Garganacl, L50, M|100\/100\n|switch|p2a: Palafin|Palafin, L50, F, shiny|100\/100\n|switch|p2b: Arcanine|Arcanine, L50, F|100\/100\n|-ability|p2b: Arcanine|Intimidate|boost\n|-unboost|p1a: Sylveon|atk|1\n|-unboost|p1b: Garganacl|atk|1\n|turn|1\n|inactive|chipndip has 30 seconds left.\n|inactive|Mikeypipebomb has 30 seconds left.\n|inactive|chipndip has 20 seconds left.\n|\n|t:|1683738821\n|switch|p2b: Flutter Mane|Flutter Mane, L50|100\/100\n|-enditem|p2b: Flutter Mane|Booster Energy\n|-activate|p2b: Flutter Mane|ability: Protosynthesis|[fromitem]\n|-start|p2b: Flutter Mane|protosynthesisspa\n|detailschange|p2a: Palafin|Palafin-Hero, L50, F, shiny\n|switch|p2a: Amoonguss|Amoonguss, L50, M, shiny|100\/100\n|move|p1a: Sylveon|Protect|p1a: Sylveon\n|-singleturn|p1a: Sylveon|Protect\n|move|p1b: Garganacl|Iron Defense|p1b: Garganacl\n|-boost|p1b: Garganacl|def|2\n|\n|upkeep\n|turn|2\n|inactive|chipndip has 30 seconds left.\n|inactive|chipndip has 20 seconds left.\n|\n|t:|1683738857\n|-terastallize|p1a: Sylveon|Fire\n|move|p2b: Flutter Mane|Protect|p2b: Flutter Mane\n|-singleturn|p2b: Flutter Mane|Protect\n|move|p1a: Sylveon|Tera Blast|p2a: Amoonguss\n|-supereffective|p2a: Amoonguss\n|-damage|p2a: Amoonguss|40\/100\n|-enditem|p2a: Amoonguss|Sitrus Berry|[eat]\n|-heal|p2a: Amoonguss|65\/100|[from] item: Sitrus Berry\n|move|p1b: Garganacl|Salt Cure|p2b: Flutter Mane\n|-activate|p2b: Flutter Mane|move: Protect\n|move|p2a: Amoonguss|Spore|p1a: Sylveon\n|-status|p1a: Sylveon|slp|[from] move: Spore\n|\n|upkeep\n|turn|3\n|\n|t:|1683738880\n|switch|p2a: Palafin|Palafin-Hero, L50, F, shiny|100\/100\n|-activate|p2a: Palafin|ability: Zero to Hero\n|-terastallize|p2b: Flutter Mane|Fairy\n|move|p2b: Flutter Mane|Moonblast|p1b: Garganacl\n|-damage|p1b: Garganacl|25\/100\n|cant|p1a: Sylveon|slp\n|move|p1b: Garganacl|Salt Cure|p2b: Flutter Mane\n|-damage|p2b: Flutter Mane|85\/100\n|-start|p2b: Flutter Mane|Salt Cure\n|\n|-heal|p1b: Garganacl|32\/100|[from] item: Leftovers\n|-damage|p2b: Flutter Mane|72\/100|[from] Salt Cure\n|upkeep\n|turn|4\n|\n|t:|1683738904\n|switch|p1a: Amoonguss|Amoonguss, L50, M|100\/100\n|move|p1b: Garganacl|Protect|p1b: Garganacl\n|-singleturn|p1b: Garganacl|Protect\n|move|p2b: Flutter Mane|Moonblast|p1b: Garganacl\n|-activate|p1b: Garganacl|move: Protect\n|move|p2a: Palafin|Wave Crash|p1a: Amoonguss\n|-resisted|p1a: Amoonguss\n|-damage|p1a: Amoonguss|64\/100\n|-damage|p2a: Palafin|84\/100|[from] item: Rocky Helmet|[of] p1a: Amoonguss\n|-damage|p2a: Palafin|71\/100|[from] Recoil\n|\n|-heal|p1b: Garganacl|38\/100|[from] item: Leftovers\n|-damage|p2b: Flutter Mane|60\/100|[from] Salt Cure\n|upkeep\n|turn|5\n|inactive|chipndip has 30 seconds left.\n|inactive|Mikeypipebomb has 30 seconds left.\n|inactive|Mikeypipebomb has 20 seconds left.\n|\n|t:|1683738943\n|switch|p2a: Amoonguss|Amoonguss, L50, M, shiny|98\/100\n|switch|p1b: Chien-Pao|Chien-Pao, L50|100\/100\n|-ability|p1b: Chien-Pao|Sword of Ruin\n|move|p2b: Flutter Mane|Shadow Ball|p1a: Amoonguss\n|-damage|p1a: Amoonguss|16\/100\n|move|p1a: Amoonguss|Spore|p2b: Flutter Mane\n|-status|p2b: Flutter Mane|slp|[from] move: Spore\n|\n|-damage|p2b: Flutter Mane|47\/100 slp|[from] Salt Cure\n|upkeep\n|turn|6\n|inactive|chipndip has 30 seconds left.\n|\n|t:|1683738970\n|switch|p1b: Garganacl|Garganacl, L50, M|38\/100\n|switch|p1a: Sylveon|Sylveon, L50, F, tera:Fire|100\/100 slp\n|cant|p2b: Flutter Mane|slp\n|move|p2a: Amoonguss|Spore|p1b: Garganacl\n|-immune|p1b: Garganacl|[from] ability: Purifying Salt\n|\n|-heal|p1b: Garganacl|44\/100|[from] item: Leftovers\n|-damage|p2b: Flutter Mane|35\/100 slp|[from] Salt Cure\n|upkeep\n|turn|7\n|\n|t:|1683738995\n|cant|p2b: Flutter Mane|slp\n|cant|p1a: Sylveon|slp\n|move|p1b: Garganacl|Iron Defense|p1b: Garganacl\n|-boost|p1b: Garganacl|def|2\n|move|p2a: Amoonguss|Pollen Puff|p2b: Flutter Mane\n|-heal|p2b: Flutter Mane|85\/100 slp\n|\n|-heal|p1b: Garganacl|50\/100|[from] item: Leftovers\n|-damage|p2b: Flutter Mane|72\/100 slp|[from] Salt Cure\n|upkeep\n|turn|8\n|\n|t:|1683739020\n|move|p1b: Garganacl|Protect|p1b: Garganacl\n|-singleturn|p1b: Garganacl|Protect\n|-curestatus|p2b: Flutter Mane|slp|[msg]\n|move|p2b: Flutter Mane|Moonblast|p1b: Garganacl\n|-activate|p1b: Garganacl|move: Protect\n|-curestatus|p1a: Sylveon|slp|[msg]\n|move|p1a: Sylveon|Hyper Voice|p2b: Flutter Mane|[spread] p2a,p2b\n|-resisted|p2a: Amoonguss\n|-damage|p2a: Amoonguss|81\/100\n|-damage|p2b: Flutter Mane|39\/100\n|-enditem|p1a: Sylveon|Throat Spray\n|-boost|p1a: Sylveon|spa|1|[from] item: Throat Spray\n|move|p2a: Amoonguss|Pollen Puff|p2b: Flutter Mane\n|-heal|p2b: Flutter Mane|89\/100\n|\n|-heal|p1b: Garganacl|57\/100|[from] item: Leftovers\n|-damage|p2b: Flutter Mane|76\/100|[from] Salt Cure\n|upkeep\n|turn|9\n|inactive|chipndip has 30 seconds left.\n|\n|t:|1683739051\n|switch|p1b: Amoonguss|Amoonguss, L50, M|49\/100\n|move|p2a: Amoonguss|Protect|p2a: Amoonguss\n|-singleturn|p2a: Amoonguss|Protect\n|move|p2b: Flutter Mane|Moonblast|p1b: Amoonguss\n|-resisted|p1b: Amoonguss\n|-damage|p1b: Amoonguss|9\/100\n|move|p1a: Sylveon|Tera Blast|p2a: Amoonguss\n|-activate|p2a: Amoonguss|move: Protect\n|\n|-damage|p2b: Flutter Mane|64\/100|[from] Salt Cure\n|upkeep\n|turn|10\n|inactive|chipndip has 30 seconds left.\n|\n|t:|1683739084\n|switch|p2a: Arcanine|Arcanine, L50, F|100\/100\n|-ability|p2a: Arcanine|Intimidate|boost\n|-unboost|p1a: Sylveon|atk|1\n|-unboost|p1b: Amoonguss|atk|1\n|move|p1b: Amoonguss|Protect|p1b: Amoonguss\n|-singleturn|p1b: Amoonguss|Protect\n|move|p2b: Flutter Mane|Dazzling Gleam|p1a: Sylveon|[spread] p1a\n|-activate|p1b: Amoonguss|move: Protect\n|-resisted|p1a: Sylveon\n|-damage|p1a: Sylveon|78\/100\n|move|p1a: Sylveon|Hyper Voice|p2b: Flutter Mane|[spread] p2a,p2b\n|-resisted|p2a: Arcanine\n|-damage|p2a: Arcanine|72\/100\n|-damage|p2b: Flutter Mane|9\/100\n|\n|-damage|p2b: Flutter Mane|0 fnt|[from] Salt Cure\n|faint|p2b: Flutter Mane\n|-end|p2b: Flutter Mane|Protosynthesis|[silent]\n|upkeep\n|\n|t:|1683739095\n|switch|p2b: Palafin|Palafin-Hero, L50, F, shiny|71\/100\n|turn|11\n|inactive|Mikeypipebomb has 30 seconds left.\n|\n|t:|1683739123\n|switch|p1b: Garganacl|Garganacl, L50, M|57\/100\n|move|p1a: Sylveon|Protect|p1a: Sylveon\n|-singleturn|p1a: Sylveon|Protect\n|move|p2b: Palafin|Jet Punch|p1a: Sylveon\n|-activate|p1a: Sylveon|move: Protect\n|move|p2a: Arcanine|Howl|p2a: Arcanine|[spread] p2a,p2b\n|-boost|p2a: Arcanine|atk|1\n|-boost|p2b: Palafin|atk|1\n|\n|-heal|p1b: Garganacl|63\/100|[from] item: Leftovers\n|upkeep\n|turn|12\n|inactive|chipndip has 30 seconds left.\n|inactive|Mikeypipebomb has 30 seconds left.\n|\n|t:|1683739154\n|switch|p2a: Amoonguss|Amoonguss, L50, M, shiny|100\/100\n|move|p2b: Palafin|Wave Crash|p1a: Sylveon\n|-supereffective|p1a: Sylveon\n|-damage|p1a: Sylveon|0 fnt\n|faint|p1a: Sylveon\n|-damage|p2b: Palafin|48\/100|[from] Recoil\n|move|p1b: Garganacl|Salt Cure|p2b: Palafin\n|-damage|p2b: Palafin|36\/100\n|-start|p2b: Palafin|Salt Cure\n|\n|-heal|p1b: Garganacl|69\/100|[from] item: Leftovers\n|-damage|p2b: Palafin|11\/100|[from] Salt Cure\n|upkeep\n|inactive|chipndip has 30 seconds left.\n|\n|t:|1683739183\n|switch|p1a: Amoonguss|Amoonguss, L50, M|42\/100\n|turn|13\n|\n|t:|1683739197\n|move|p1a: Amoonguss|Rage Powder|p1a: Amoonguss\n|-singleturn|p1a: Amoonguss|move: Rage Powder\n|move|p2b: Palafin|Drain Punch|p1a: Amoonguss\n|-resisted|p1a: Amoonguss\n|-crit|p1a: Amoonguss\n|-damage|p1a: Amoonguss|15\/100\n|-heal|p2b: Palafin|26\/100|[from] drain|[of] p1a: Amoonguss\n|-damage|p2b: Palafin|9\/100|[from] item: Rocky Helmet|[of] p1a: Amoonguss\n|move|p1b: Garganacl|Iron Defense|p1b: Garganacl\n|-boost|p1b: Garganacl|def|2\n|move|p2a: Amoonguss|Pollen Puff|p2b: Palafin\n|-heal|p2b: Palafin|59\/100\n|\n|-heal|p1b: Garganacl|75\/100|[from] item: Leftovers\n|-damage|p2b: Palafin|34\/100|[from] Salt Cure\n|upkeep\n|turn|14\n|\n|t:|1683739220\n|move|p1b: Garganacl|Protect|p1b: Garganacl\n|-singleturn|p1b: Garganacl|Protect\n|move|p1a: Amoonguss|Protect|p1a: Amoonguss\n|-singleturn|p1a: Amoonguss|Protect\n|move|p2b: Palafin|Jet Punch|p1a: Amoonguss\n|-activate|p1a: Amoonguss|move: Protect\n|move|p2a: Amoonguss|Pollen Puff|p2b: Palafin\n|-heal|p2b: Palafin|84\/100\n|\n|-heal|p1b: Garganacl|82\/100|[from] item: Leftovers\n|-damage|p2b: Palafin|60\/100|[from] Salt Cure\n|upkeep\n|turn|15\n|\n|t:|1683739240\n|move|p1a: Amoonguss|Rage Powder|p1a: Amoonguss\n|-singleturn|p1a: Amoonguss|move: Rage Powder\n|move|p2b: Palafin|Wave Crash|p1a: Amoonguss\n|-resisted|p1a: Amoonguss\n|-damage|p1a: Amoonguss|0 fnt\n|-damage|p2b: Palafin|43\/100|[from] item: Rocky Helmet|[of] p1a: Amoonguss\n|faint|p1a: Amoonguss\n|-damage|p2b: Palafin|38\/100|[from] Recoil\n|move|p1b: Garganacl|Iron Defense|p1b: Garganacl\n|-boost|p1b: Garganacl|def|2\n|move|p2a: Amoonguss|Pollen Puff|p2b: Palafin\n|-heal|p2b: Palafin|88\/100\n|\n|-heal|p1b: Garganacl|88\/100|[from] item: Leftovers\n|-damage|p2b: Palafin|63\/100|[from] Salt Cure\n|upkeep\n|\n|t:|1683739258\n|switch|p1a: Chien-Pao|Chien-Pao, L50|100\/100\n|-ability|p1a: Chien-Pao|Sword of Ruin\n|turn|16\n|\n|t:|1683739266\n|move|p1a: Chien-Pao|Protect|p1a: Chien-Pao\n|-singleturn|p1a: Chien-Pao|Protect\n|move|p2b: Palafin|Jet Punch|p1a: Chien-Pao\n|-activate|p1a: Chien-Pao|move: Protect\n|move|p1b: Garganacl|Body Press|p2b: Palafin\n|-damage|p2b: Palafin|0 fnt\n|faint|p2b: Palafin\n|move|p2a: Amoonguss|Spore|p1a: Chien-Pao\n|-activate|p1a: Chien-Pao|move: Protect\n|\n|-heal|p1b: Garganacl|94\/100|[from] item: Leftovers\n|upkeep\n|\n|t:|1683739268\n|switch|p2b: Arcanine|Arcanine, L50, F|72\/100\n|-ability|p2b: Arcanine|Intimidate|boost\n|-unboost|p1a: Chien-Pao|atk|1\n|-unboost|p1b: Garganacl|atk|1\n|turn|17\n|-message|Mikeypipebomb forfeited.\n|\n|win|chipndip\n|raw|chipndip's rating: 1473 → 1497<\/strong> (+24 for winning)\n|raw|Mikeypipebomb's rating: 1551 → 1527<\/strong> (-24 for losing)\n|l|\u2606Mikeypipebomb\n","uploadtime":1683739291,"views":13,"p1id":"chipndip","p2id":"mikeypipebomb","formatid":"gen9vgc2023regulationc","rating":1497,"private":0,"password":""}