{"id":"gen9vgc2023regulationc-1854747397","p1":"nemooooo","p2":"BlindMagneton","format":"[Gen 9] VGC 2023 Regulation C","log":"|j|\u2606nemooooo\n|j|\u2606BlindMagneton\n|t:|1682860726\n|gametype|doubles\n|player|p1|nemooooo|102|1086\n|player|p2|BlindMagneton|wattson|1081\n|teamsize|p1|6\n|teamsize|p2|6\n|gen|9\n|tier|[Gen 9] VGC 2023 Regulation C\n|rated|\n|rule|Species Clause: Limit one of each Pok\u00e9mon\n|rule|Item Clause: Limit one of each item\n|clearpoke\n|poke|p1|Maushold-Four, L50|\n|poke|p1|Chien-Pao, L50|\n|poke|p1|Floatzel, L50, F|\n|poke|p1|Pelipper, L50, M|\n|poke|p1|Rotom-Heat, L50|\n|poke|p1|Scream Tail, L50|\n|poke|p2|Iron Bundle, L50|\n|poke|p2|Sandy Shocks, L50|\n|poke|p2|Ceruledge, L50, M|\n|poke|p2|Pelipper, L50, F|\n|poke|p2|Chien-Pao, L50|\n|poke|p2|Scizor, L50, F|\n|teampreview|4\nnemooooo rejected open team sheets.\n|\n|t:|1682860806\n|start\n|switch|p1a: Floatzel|Floatzel, L50, F|100\/100\n|switch|p1b: Pelipper|Pelipper, L50, M|100\/100\n|switch|p2a: Iron Bundle|Iron Bundle, L50|100\/100\n|switch|p2b: Sandy Shocks|Sandy Shocks, L50|100\/100\n|-weather|RainDance|[from] ability: Drizzle|[of] p1b: Pelipper\n|-enditem|p2b: Sandy Shocks|Booster Energy\n|-activate|p2b: Sandy Shocks|ability: Protosynthesis|[fromitem]\n|-start|p2b: Sandy Shocks|protosynthesisspe\n|turn|1\n|\n|t:|1682860857\n|-terastallize|p2b: Sandy Shocks|Grass\n|move|p1a: Floatzel|Protect|p1a: Floatzel\n|-singleturn|p1a: Floatzel|Protect\n|move|p2b: Sandy Shocks|Thunder|p1a: Floatzel\n|-activate|p1a: Floatzel|move: Protect\n|move|p2a: Iron Bundle|Freeze-Dry|p1b: Pelipper\n|-supereffective|p1b: Pelipper\n|-damage|p1b: Pelipper|0 fnt\n|faint|p1b: Pelipper\n|\n|-weather|RainDance|[upkeep]\n|upkeep\n|\n|t:|1682860885\n|switch|p1b: Rotom|Rotom-Heat, L50|100\/100\n|turn|2\n|\n|t:|1682860914\n|-terastallize|p1b: Rotom|Steel\n|move|p1a: Floatzel|Ice Spinner|p2b: Sandy Shocks\n|-supereffective|p2b: Sandy Shocks\n|-damage|p2b: Sandy Shocks|25\/100\n|-damage|p1a: Floatzel|91\/100|[from] item: Life Orb\n|move|p2b: Sandy Shocks|Gravity|p2b: Sandy Shocks\n|-fieldstart|move: Gravity\n|move|p2a: Iron Bundle|Freeze-Dry|p1a: Floatzel\n|-supereffective|p1a: Floatzel\n|-damage|p1a: Floatzel|0 fnt\n|faint|p1a: Floatzel\n|move|p1b: Rotom|Thunder|p2a: Iron Bundle\n|-supereffective|p2a: Iron Bundle\n|-damage|p2a: Iron Bundle|0 fnt\n|faint|p2a: Iron Bundle\n|-end|p2a: Iron Bundle|Quark Drive|[silent]\n|\n|-weather|RainDance|[upkeep]\n|upkeep\n|\n|t:|1682860933\n|switch|p2a: Chien-Pao|Chien-Pao, L50|100\/100\n|switch|p1a: Maushold|Maushold-Four, L50|100\/100\n|-ability|p2a: Chien-Pao|Sword of Ruin\n|turn|3\n|\n|t:|1682860944\n|move|p2b: Sandy Shocks|Earth Power|p1b: Rotom\n|-supereffective|p1b: Rotom\n|-damage|p1b: Rotom|5\/100\n|move|p2a: Chien-Pao|Ice Spinner|p1a: Maushold\n|-damage|p1a: Maushold|13\/100\n|move|p1a: Maushold|Population Bomb|p2a: Chien-Pao\n|-damage|p2a: Chien-Pao|84\/100\n|-crit|p2a: Chien-Pao\n|-damage|p2a: Chien-Pao|59\/100\n|-damage|p2a: Chien-Pao|40\/100\n|-damage|p2a: Chien-Pao|24\/100\n|-damage|p2a: Chien-Pao|8\/100\n|-damage|p2a: Chien-Pao|0 fnt\n|faint|p2a: Chien-Pao\n|-hitcount|p2: Chien-Pao|6\n|move|p1b: Rotom|Thunder|p2b: Sandy Shocks\n|-resisted|p2b: Sandy Shocks\n|-damage|p2b: Sandy Shocks|0 fnt\n|faint|p2b: Sandy Shocks\n|-end|p2b: Sandy Shocks|Protosynthesis|[silent]\n|\n|-weather|RainDance|[upkeep]\n|upkeep\n|\n|t:|1682860964\n|switch|p2b: Scizor|Scizor, L50, F|100\/100\n|turn|4\n|\n|t:|1682860989\n|move|p2b: Scizor|Bullet Punch|p1b: Rotom\n|-resisted|p1b: Rotom\n|-damage|p1b: Rotom|0 fnt\n|faint|p1b: Rotom\n|move|p1a: Maushold|Population Bomb|p2b: Scizor\n|-resisted|p2b: Scizor\n|-damage|p2b: Scizor|94\/100\n|-resisted|p2b: Scizor\n|-damage|p2b: Scizor|87\/100\n|-resisted|p2b: Scizor\n|-damage|p2b: Scizor|80\/100\n|-resisted|p2b: Scizor\n|-damage|p2b: Scizor|73\/100\n|-resisted|p2b: Scizor\n|-damage|p2b: Scizor|67\/100\n|-resisted|p2b: Scizor\n|-damage|p2b: Scizor|60\/100\n|-resisted|p2b: Scizor\n|-damage|p2b: Scizor|54\/100\n|-resisted|p2b: Scizor\n|-damage|p2b: Scizor|48\/100\n|-resisted|p2b: Scizor\n|-damage|p2b: Scizor|41\/100\n|-resisted|p2b: Scizor\n|-damage|p2b: Scizor|34\/100\n|-hitcount|p2b: Scizor|10\n|\n|-weather|RainDance|[upkeep]\n|upkeep\n|turn|5\n|\n|t:|1682861017\n|move|p1a: Maushold|Protect|p1a: Maushold\n|-singleturn|p1a: Maushold|Protect\n|move|p2b: Scizor|Bullet Punch|p1a: Maushold\n|-activate|p1a: Maushold|move: Protect\n|\n|-weather|RainDance|[upkeep]\n|upkeep\n|turn|6\n|\n|t:|1682861024\n|move|p2b: Scizor|Bullet Punch|p1a: Maushold\n|-damage|p1a: Maushold|0 fnt\n|faint|p1a: Maushold\n|\n|win|BlindMagneton\n|raw|nemooooo's rating: 1063 → 1045<\/strong> (-18 for losing)\n|raw|BlindMagneton's rating: 1081 → 1107<\/strong> (+26 for winning)\n|l|\u2606nemooooo\n","uploadtime":1682861030,"views":13,"p1id":"nemooooo","p2id":"blindmagneton","formatid":"gen9vgc2023regulationc","rating":1045,"private":0,"password":""}