{"id":"gen9vgc2023regulationc-1859036420","p1":"KevinATL","p2":"CandiLeaF","format":"[Gen 9] VGC 2023 Regulation C","log":"|j|\u2606KevinATL\n|j|\u2606CandiLeaF\n|t:|1683396987\n|gametype|doubles\n|player|p1|KevinATL|2|1076\n|player|p2|CandiLeaF|cynthia-anime2|1000\n|teamsize|p1|6\n|teamsize|p2|6\n|gen|9\n|tier|[Gen 9] VGC 2023 Regulation C\n|rated|\n|rule|Species Clause: Limit one of each Pok\u00e9mon\n|rule|Item Clause: Limit one of each item\n|clearpoke\n|poke|p1|Palafin, L50, F|\n|poke|p1|Scream Tail, L50|\n|poke|p1|Flutter Mane, L50|\n|poke|p1|Amoonguss, L50, F|\n|poke|p1|Arcanine, L50, F|\n|poke|p1|Gothitelle, L50, F|\n|poke|p2|Dragalge, L50, M|\n|poke|p2|Torkoal, L50, F|\n|poke|p2|Scovillain, L50, M|\n|poke|p2|Klawf, L50, F|\n|poke|p2|Flutter Mane, L50|\n|poke|p2|Great Tusk, L50|\n|teampreview|4\n|inactive|Battle timer is ON: inactive players will automatically lose when time's up. (requested by CandiLeaF)\n|inactive|KevinATL has 60 seconds left.\n|\n|t:|1683397034\n|start\n|switch|p1a: INEEDAHERO|Palafin, L50, F|100\/100\n|switch|p1b: AMOGUS|Amoonguss, L50, F|100\/100\n|switch|p2a: Torkoal|Torkoal, L50, F|100\/100\n|switch|p2b: Scovillain|Scovillain, L50, M|100\/100\n|-weather|SunnyDay|[from] ability: Drought|[of] p2a: Torkoal\n|turn|1\n|inactive|KevinATL has 30 seconds left.\n|\n|t:|1683397060\n|detailschange|p1a: INEEDAHERO|Palafin-Hero, L50, F\n|switch|p1a: AWOOOOOOOOOO|Arcanine, L50, F|100\/100\n|-ability|p1a: AWOOOOOOOOOO|Intimidate|boost\n|-unboost|p2a: Torkoal|atk|1\n|-unboost|p2b: Scovillain|atk|1\n|move|p2a: Torkoal|Protect|p2a: Torkoal\n|-singleturn|p2a: Torkoal|Protect\n|move|p1b: AMOGUS|Protect|p1b: AMOGUS\n|-singleturn|p1b: AMOGUS|Protect\n|move|p2b: Scovillain|Growth|p2b: Scovillain\n|-boost|p2b: Scovillain|atk|2\n|-boost|p2b: Scovillain|spa|2\n|\n|-weather|SunnyDay|[upkeep]\n|upkeep\n|turn|2\n|inactive|KevinATL has 30 seconds left.\n|inactive|CandiLeaF has 30 seconds left.\n|\n|t:|1683397093\n|move|p1a: AWOOOOOOOOOO|Extreme Speed|p2b: Scovillain\n|-damage|p2b: Scovillain|52\/100\n|move|p2b: Scovillain|Flamethrower|p1b: AMOGUS\n|-supereffective|p1b: AMOGUS\n|-damage|p1b: AMOGUS|0 fnt\n|faint|p1b: AMOGUS\n|-damage|p2b: Scovillain|42\/100|[from] item: Life Orb\n|move|p2a: Torkoal|Yawn|p1a: AWOOOOOOOOOO\n|-start|p1a: AWOOOOOOOOOO|move: Yawn|[of] p2a: Torkoal\n|\n|-weather|SunnyDay|[upkeep]\n|upkeep\n|\n|t:|1683397106\n|switch|p1b: INEEDAHERO|Palafin-Hero, L50, F|100\/100\n|-activate|p1b: INEEDAHERO|ability: Zero to Hero\n|turn|3\n|\n|t:|1683397121\n|switch|p2b: Flutter Mane|Flutter Mane, L50|100\/100\n|-activate|p2b: Flutter Mane|ability: Protosynthesis\n|-start|p2b: Flutter Mane|protosynthesisspe\n|move|p1a: AWOOOOOOOOOO|Extreme Speed|p2b: Flutter Mane\n|-immune|p2b: Flutter Mane\n|move|p1b: INEEDAHERO|Jet Punch|p2b: Flutter Mane\n|-damage|p2b: Flutter Mane|47\/100\n|move|p2a: Torkoal|Lava Plume|p1b: INEEDAHERO|[spread] p2b,p1a,p1b\n|-resisted|p1a: AWOOOOOOOOOO\n|-resisted|p1b: INEEDAHERO\n|-damage|p2b: Flutter Mane|15\/100\n|-damage|p1a: AWOOOOOOOOOO|84\/100\n|-damage|p1b: INEEDAHERO|86\/100\n|\n|-weather|SunnyDay|[upkeep]\n|-end|p1a: AWOOOOOOOOOO|move: Yawn|[silent]\n|-status|p1a: AWOOOOOOOOOO|slp\n|upkeep\n|turn|4\n|\n|t:|1683397143\n|switch|p1a: AAAAAAAAAAAA|Scream Tail, L50, shiny|100\/100\n|-activate|p1a: AAAAAAAAAAAA|ability: Protosynthesis\n|-start|p1a: AAAAAAAAAAAA|protosynthesisspe\n|-terastallize|p1b: INEEDAHERO|Water\n|move|p2b: Flutter Mane|Shadow Ball|p1a: AAAAAAAAAAAA\n|-supereffective|p1a: AAAAAAAAAAAA\n|-damage|p1a: AAAAAAAAAAAA|32\/100\n|move|p1b: INEEDAHERO|Wave Crash|p2a: Torkoal\n|-supereffective|p2a: Torkoal\n|-damage|p2a: Torkoal|28\/100\n|-damage|p1b: INEEDAHERO|65\/100|[from] Recoil\n|move|p2a: Torkoal|Yawn|p1b: INEEDAHERO\n|-start|p1b: INEEDAHERO|move: Yawn|[of] p2a: Torkoal\n|\n|-weather|SunnyDay|[upkeep]\n|upkeep\n|turn|5\n|\n|t:|1683397168\n|move|p2a: Torkoal|Protect|p2a: Torkoal\n|-singleturn|p2a: Torkoal|Protect\n|move|p1b: INEEDAHERO|Jet Punch|p2a: Torkoal\n|-activate|p2a: Torkoal|move: Protect\n|move|p2b: Flutter Mane|Shadow Ball|p1a: AAAAAAAAAAAA\n|-supereffective|p1a: AAAAAAAAAAAA\n|-crit|p1a: AAAAAAAAAAAA\n|-damage|p1a: AAAAAAAAAAAA|0 fnt\n|faint|p1a: AAAAAAAAAAAA\n|-end|p1a: AAAAAAAAAAAA|Protosynthesis|[silent]\n|\n|-weather|SunnyDay|[upkeep]\n|-end|p1b: INEEDAHERO|move: Yawn|[silent]\n|-status|p1b: INEEDAHERO|slp\n|upkeep\n|\n|t:|1683397176\n|switch|p1a: AWOOOOOOOOOO|Arcanine, L50, F|84\/100 slp\n|-ability|p1a: AWOOOOOOOOOO|Intimidate|boost\n|-unboost|p2a: Torkoal|atk|1\n|-unboost|p2b: Flutter Mane|atk|1\n|turn|6\n|inactive|CandiLeaF has 30 seconds left.\n|inactive|CandiLeaF has 20 seconds left.\n|inactive|CandiLeaF has 15 seconds left.\n|inactive|CandiLeaF has 10 seconds left.\n|\n|t:|1683397223\n|cant|p1a: AWOOOOOOOOOO|slp\n|cant|p1b: INEEDAHERO|slp\n|move|p2b: Flutter Mane|Energy Ball|p1b: INEEDAHERO\n|-supereffective|p1b: INEEDAHERO\n|-damage|p1b: INEEDAHERO|0 fnt\n|faint|p1b: INEEDAHERO\n|move|p2a: Torkoal|Lava Plume|p1a: AWOOOOOOOOOO|[spread] p2b,p1a\n|-resisted|p1a: AWOOOOOOOOOO\n|-damage|p2b: Flutter Mane|0 fnt\n|-damage|p1a: AWOOOOOOOOOO|67\/100 slp\n|faint|p2b: Flutter Mane\n|-end|p2b: Flutter Mane|Protosynthesis|[silent]\n|\n|-weather|SunnyDay|[upkeep]\n|upkeep\n|\n|t:|1683397239\n|switch|p2b: Klawf|Klawf, L50, F|100\/100\n|turn|7\n|\n|t:|1683397249\n|-curestatus|p1a: AWOOOOOOOOOO|slp|[msg]\n|move|p1a: AWOOOOOOOOOO|Extreme Speed|p2a: Torkoal\n|-damage|p2a: Torkoal|13\/100\n|move|p2b: Klawf|Stone Edge|p1a: AWOOOOOOOOOO\n|-supereffective|p1a: AWOOOOOOOOOO\n|-damage|p1a: AWOOOOOOOOOO|0 fnt\n|faint|p1a: AWOOOOOOOOOO\n|\n|win|CandiLeaF\n|raw|KevinATL's rating: 1076 → 1050<\/strong> (-26 for losing)\n|raw|CandiLeaF's rating: 1000 → 1049<\/strong> (+49 for winning)\n|l|\u2606KevinATL\n","uploadtime":1683397302,"views":12,"p1id":"kevinatl","p2id":"candileaf","formatid":"gen9vgc2023regulationc","rating":1049,"private":0,"password":""}