{"id":"gen9vgc2023regulationc-1860292738","p1":"Ashenfield","p2":"fredo1994","format":"[Gen 9] VGC 2023 Regulation C","log":"|j|\u2606Ashenfield\n|j|\u2606fredo1994\n|t:|1683627140\n|gametype|doubles\n|player|p1|Ashenfield|benga|1060\n|player|p2|fredo1994|102|1146\n|teamsize|p1|6\n|teamsize|p2|6\n|gen|9\n|tier|[Gen 9] VGC 2023 Regulation C\n|rated|\n|rule|Species Clause: Limit one of each Pok\u00e9mon\n|rule|Item Clause: Limit one of each item\n|clearpoke\n|poke|p1|Chi-Yu, L50|\n|poke|p1|Flutter Mane, L50|\n|poke|p1|Kingambit, L50, F|\n|poke|p1|Iron Hands, L50|\n|poke|p1|Amoonguss, L50, M|\n|poke|p1|Gyarados, L50, F|\n|poke|p2|Palafin, L50, M|\n|poke|p2|Chien-Pao, L50|\n|poke|p2|Dragapult, L50, M|\n|poke|p2|Amoonguss, L50, M|\n|poke|p2|Arcanine, L50, M|\n|poke|p2|Flutter Mane, L50|\n|teampreview|4\n|inactive|Battle timer is ON: inactive players will automatically lose when time's up. (requested by Ashenfield)\n|inactive|Ashenfield has 60 seconds left.\n|\n|t:|1683627177\n|start\n|switch|p1a: Iron Hands|Iron Hands, L50|100\/100\n|switch|p1b: Kingambit|Kingambit, L50, F|100\/100\n|switch|p2a: Dragapult|Dragapult, L50, M|100\/100\n|switch|p2b: Palafin|Palafin, L50, M|100\/100\n|turn|1\n|inactive|fredo1994 has 30 seconds left.\n|inactive|fredo1994 has 20 seconds left.\n|inactive|fredo1994 has 15 seconds left.\n|inactive|fredo1994 has 10 seconds left.\n|inactive|fredo1994 has 5 seconds left.\n|\n|t:|1683627228\n|detailschange|p2b: Palafin|Palafin-Hero, L50, M\n|switch|p2b: Chien-Pao|Chien-Pao, L50|100\/100\n|-ability|p2b: Chien-Pao|Sword of Ruin\n|-terastallize|p2a: Dragapult|Steel\n|move|p1b: Kingambit|Sucker Punch|p2a: Dragapult\n|-damage|p2a: Dragapult|34\/100\n|move|p2a: Dragapult|U-turn|p1b: Kingambit\n|-damage|p1b: Kingambit|66\/100\n|\n|t:|1683627240\n|switch|p2a: Palafin|Palafin-Hero, L50, M|100\/100|[from] U-turn\n|-activate|p2a: Palafin|ability: Zero to Hero\n|move|p1a: Iron Hands|Swords Dance|p1a: Iron Hands\n|-boost|p1a: Iron Hands|atk|2\n|\n|upkeep\n|turn|2\n|inactive|fredo1994 has 30 seconds left.\n|\n|t:|1683627268\n|move|p2b: Chien-Pao|Sucker Punch|p1a: Iron Hands\n|-resisted|p1a: Iron Hands\n|-damage|p1a: Iron Hands|86\/100\n|move|p1b: Kingambit|Sucker Punch|p2a: Palafin\n|-damage|p2a: Palafin|54\/100\n|move|p2a: Palafin|Wave Crash|p1a: Iron Hands\n|-damage|p1a: Iron Hands|1\/100\n|-damage|p2a: Palafin|22\/100|[from] Recoil\n|move|p1a: Iron Hands|Thunder Punch|p2a: Palafin\n|-supereffective|p2a: Palafin\n|-damage|p2a: Palafin|0 fnt\n|faint|p2a: Palafin\n|\n|upkeep\n|\n|t:|1683627288\n|switch|p2a: Dragapult|Dragapult, L50, M, tera:Steel|34\/100\n|turn|3\n|\n|t:|1683627306\n|switch|p2a: Arcanine|Arcanine, L50, M|100\/100\n|-ability|p2a: Arcanine|Intimidate|boost\n|-unboost|p1a: Iron Hands|atk|1\n|-unboost|p1b: Kingambit|atk|1\n|-ability|p1b: Kingambit|Defiant|boost\n|-boost|p1b: Kingambit|atk|2\n|-terastallize|p1b: Kingambit|Flying\n|move|p1a: Iron Hands|Protect|p1a: Iron Hands\n|-singleturn|p1a: Iron Hands|Protect\n|move|p2b: Chien-Pao|Sacred Sword|p1b: Kingambit\n|-resisted|p1b: Kingambit\n|-damage|p1b: Kingambit|51\/100\n|move|p1b: Kingambit|Brick Break|p2b: Chien-Pao\n|-supereffective|p2b: Chien-Pao\n|-enditem|p2b: Chien-Pao|Focus Sash\n|-damage|p2b: Chien-Pao|1\/100\n|\n|upkeep\n|turn|4\n|inactive|Ashenfield has 30 seconds left.\n|inactive|fredo1994 has 30 seconds left.\n|\n|t:|1683627341\n|-end|p1a: Iron Hands|Quark Drive|[silent]\n|switch|p1a: Gyarados|Gyarados, L50, F|100\/100\n|-ability|p1a: Gyarados|Intimidate|boost\n|-unboost|p2a: Arcanine|atk|1\n|-unboost|p2b: Chien-Pao|atk|1\n|move|p2b: Chien-Pao|Protect|p2b: Chien-Pao\n|-singleturn|p2b: Chien-Pao|Protect\n|move|p2a: Arcanine|Extreme Speed|p1a: Gyarados\n|-damage|p1a: Gyarados|83\/100\n|move|p1b: Kingambit|Sucker Punch||[still]\n|-fail|p1b: Kingambit\n|\n|upkeep\n|turn|5\n|inactive|Ashenfield has 30 seconds left.\n|inactive|fredo1994 has 30 seconds left.\n|inactive|fredo1994 has 20 seconds left.\n|\n|t:|1683627378\n|move|p2b: Chien-Pao|Sucker Punch|p1a: Gyarados\n|-damage|p1a: Gyarados|55\/100\n|move|p2a: Arcanine|Flare Blitz|p1b: Kingambit\n|-damage|p1b: Kingambit|18\/100\n|-damage|p2a: Arcanine|89\/100|[from] Recoil\n|move|p1a: Gyarados|Waterfall|p2a: Arcanine\n|-supereffective|p2a: Arcanine\n|-damage|p2a: Arcanine|0 fnt\n|faint|p2a: Arcanine\n|move|p1b: Kingambit|Assurance|p2b: Chien-Pao\n|-resisted|p2b: Chien-Pao\n|-damage|p2b: Chien-Pao|0 fnt\n|faint|p2b: Chien-Pao\n|\n|upkeep\n|\n|t:|1683627393\n|switch|p2b: Dragapult|Dragapult, L50, M, tera:Steel|34\/100\n|turn|6\n|inactive|Ashenfield has 30 seconds left.\n|\n|t:|1683627421\n|move|p1b: Kingambit|Sucker Punch||[still]\n|-fail|p1b: Kingambit\n|move|p2b: Dragapult|Dragon Darts|p1a: Gyarados\n|-damage|p1a: Gyarados|23\/100\n|-enditem|p1a: Gyarados|Sitrus Berry|[eat]\n|-heal|p1a: Gyarados|48\/100|[from] item: Sitrus Berry\n|-anim|p2b: Dragapult|Dragon Darts|p1b: Kingambit\n|-damage|p1b: Kingambit|0 fnt\n|faint|p1b: Kingambit\n|move|p1a: Gyarados|Thunder Wave|p2b: Dragapult\n|-status|p2b: Dragapult|par\n|\n|upkeep\n|\n|t:|1683627433\n|switch|p1b: Amoonguss|Amoonguss, L50, M|100\/100\n|turn|7\n|\n|t:|1683627441\n|move|p1a: Gyarados|Waterfall|p2b: Dragapult\n|-damage|p2b: Dragapult|0 fnt\n|faint|p2b: Dragapult\n|\n|win|Ashenfield\n|raw|Ashenfield's rating: 1060 → 1099<\/strong> (+39 for winning)\n|raw|fredo1994's rating: 1146 → 1115<\/strong> (-31 for losing)\n|l|\u2606fredo1994\n||Ladder isn't responding, score probably updated but might not have (Request timeout).\n","uploadtime":1683627495,"views":11,"p1id":"ashenfield","p2id":"fredo1994","formatid":"gen9vgc2023regulationc","rating":1099,"private":0,"password":""}