{"id":"gen9vgc2023regulationc-1846704956","p1":"LDJorsy","p2":"Auraen","format":"[Gen 9] VGC 2023 Regulation C","log":"|j|\u2606LDJorsy\n|j|\u2606Auraen\n|t:|1681868041\n|gametype|doubles\n|player|p1|LDJorsy|shadowtriad|1277\n|player|p2|Auraen|flannery|1317\n|teamsize|p1|6\n|teamsize|p2|6\n|gen|9\n|tier|[Gen 9] VGC 2023 Regulation C\n|rated|\n|rule|Species Clause: Limit one of each Pok\u00e9mon\n|rule|Item Clause: Limit one of each item\n|clearpoke\n|poke|p1|Wo-Chien, L50|\n|poke|p1|Glimmora, L50, F|\n|poke|p1|Arcanine, L50, M|\n|poke|p1|Palafin, L50, M|\n|poke|p1|Chien-Pao, L50|\n|poke|p1|Dragapult, L50, F|\n|poke|p2|Rotom-Wash, L50|\n|poke|p2|Orthworm, L50, M|\n|poke|p2|Garchomp, L50, F|\n|poke|p2|Wo-Chien, L50|\n|poke|p2|Glimmora, L50, M|\n|poke|p2|Flutter Mane, L50|\n|teampreview|4\n|\n|t:|1681868080\n|start\n|switch|p1a: Arcanine|Arcanine, L50, M|100\/100\n|switch|p1b: Palafin|Palafin, L50, M|100\/100\n|switch|p2a: Wo-Chien|Wo-Chien, L50|100\/100\n|switch|p2b: Glimmora|Glimmora, L50, M|100\/100\n|-ability|p1a: Arcanine|Intimidate|boost\n|-unboost|p2a: Wo-Chien|atk|1\n|-unboost|p2b: Glimmora|atk|1\n|-ability|p2a: Wo-Chien|Tablets of Ruin\n|turn|1\n|\n|t:|1681868100\n|move|p1b: Palafin|Protect|p1b: Palafin\n|-singleturn|p1b: Palafin|Protect\n|move|p1a: Arcanine|Bulldoze|p2a: Wo-Chien|[spread] p2a,p2b\n|-activate|p1b: Palafin|move: Protect\n|-resisted|p2a: Wo-Chien\n|-supereffective|p2b: Glimmora\n|-damage|p2a: Wo-Chien|96\/100\n|-damage|p2b: Glimmora|65\/100\n|-unboost|p2a: Wo-Chien|spe|1\n|-unboost|p2b: Glimmora|spe|1\n|-activate|p2b: Glimmora|ability: Toxic Debris\n|-sidestart|p1: LDJorsy|move: Toxic Spikes\n|move|p2b: Glimmora|Mortal Spin|p1a: Arcanine|[spread] p1a\n|-activate|p1b: Palafin|move: Protect\n|-damage|p1a: Arcanine|98\/100\n|-status|p1a: Arcanine|psn\n|move|p2a: Wo-Chien|Leech Seed|p1a: Arcanine\n|-start|p1a: Arcanine|move: Leech Seed\n|\n|-heal|p2a: Wo-Chien|100\/100|[from] item: Leftovers\n|-damage|p1a: Arcanine|86\/100 psn|[from] Leech Seed|[of] p2a: Wo-Chien\n|-damage|p1a: Arcanine|74\/100 psn|[from] psn\n|upkeep\n|turn|2\n|\n|t:|1681868124\n|switch|p1a: Glimmora|Glimmora, L50, F|100\/100\n|-sideend|p1: LDJorsy|move: Toxic Spikes|[of] p1a: Glimmora\n|detailschange|p1b: Palafin|Palafin-Hero, L50, M\n|switch|p1b: Wo-Chien|Wo-Chien, L50|100\/100\n|-ability|p1b: Wo-Chien|Tablets of Ruin\n|switch|p2a: Orthworm|Orthworm, L50, M|100\/100\n|move|p2b: Glimmora|Power Gem|p1a: Glimmora\n|-damage|p1a: Glimmora|75\/100\n|\n|upkeep\n|turn|3\n|\n|t:|1681868151\n|switch|p1a: Arcanine|Arcanine, L50, M|74\/100 psn\n|-ability|p1a: Arcanine|Intimidate|boost\n|-unboost|p2a: Orthworm|atk|1\n|-unboost|p2b: Glimmora|atk|1\n|move|p1b: Wo-Chien|Substitute|p1b: Wo-Chien\n|-start|p1b: Wo-Chien|Substitute\n|-damage|p1b: Wo-Chien|76\/100\n|move|p2a: Orthworm|Shed Tail|p2a: Orthworm\n|-start|p2a: Orthworm|Substitute|[from] move: Shed Tail\n|-damage|p2a: Orthworm|50\/100\n|-enditem|p2a: Orthworm|Sitrus Berry|[eat]\n|-heal|p2a: Orthworm|75\/100|[from] item: Sitrus Berry\n|\n|t:|1681868162\n|switch|p2a: Garchomp|Garchomp, L50, F|100\/100|[from] Shed Tail\n|move|p2b: Glimmora|Mortal Spin|p1a: Arcanine|[spread] p1a,p1b\n|-supereffective|p1b: Wo-Chien\n|-activate|p1b: Wo-Chien|move: Substitute|[damage]\n|-damage|p1a: Arcanine|70\/100 psn\n|\n|-heal|p1b: Wo-Chien|82\/100|[from] item: Leftovers\n|-damage|p1a: Arcanine|58\/100 psn|[from] psn\n|upkeep\n|turn|4\n|\n|t:|1681868192\n|switch|p1a: Palafin|Palafin-Hero, L50, M|100\/100\n|-activate|p1a: Palafin|ability: Zero to Hero\n|move|p2a: Garchomp|Swords Dance|p2a: Garchomp\n|-boost|p2a: Garchomp|atk|2\n|move|p1b: Wo-Chien|Leech Seed|p2b: Glimmora\n|-start|p2b: Glimmora|move: Leech Seed\n|move|p2b: Glimmora|Sludge Bomb|p1b: Wo-Chien\n|-supereffective|p1b: Wo-Chien\n|-end|p1b: Wo-Chien|Substitute\n|\n|-heal|p1b: Wo-Chien|88\/100|[from] item: Leftovers\n|-damage|p2b: Glimmora|53\/100|[from] Leech Seed|[of] p1b: Wo-Chien\n|-heal|p1b: Wo-Chien|100\/100|[silent]\n|upkeep\n|turn|5\n|\n|t:|1681868206\n|switch|p2b: Orthworm|Orthworm, L50, M|75\/100\n|move|p1b: Wo-Chien|Protect|p1b: Wo-Chien\n|-singleturn|p1b: Wo-Chien|Protect\n|move|p2a: Garchomp|Earthquake|p1b: Wo-Chien|[spread] p1a\n|-activate|p1b: Wo-Chien|move: Protect\n|-heal|p2b: Orthworm|99\/100|[from] ability: Earth Eater|[of] p2a: Garchomp\n|-damage|p1a: Palafin|36\/100\n|-damage|p2a: Garchomp|91\/100|[from] item: Life Orb\n|move|p1a: Palafin|Haze|p1a: Palafin\n|-clearallboost\n|\n|upkeep\n|turn|6\n|\n|t:|1681868223\n|-terastallize|p1a: Palafin|Water\n|move|p1a: Palafin|Jet Punch|p2a: Garchomp\n|-end|p2a: Garchomp|Substitute\n|move|p2a: Garchomp|Swords Dance|p2a: Garchomp\n|-boost|p2a: Garchomp|atk|2\n|move|p1b: Wo-Chien|Leech Seed|p2a: Garchomp\n|-start|p2a: Garchomp|move: Leech Seed\n|move|p2b: Orthworm|Shed Tail|p2b: Orthworm\n|-start|p2b: Orthworm|Substitute|[from] move: Shed Tail\n|-damage|p2b: Orthworm|50\/100\n|\n|t:|1681868232\n|switch|p2b: Wo-Chien|Wo-Chien, L50|100\/100|[from] Shed Tail\n|-ability|p2b: Wo-Chien|Tablets of Ruin\n|\n|-damage|p2a: Garchomp|79\/100|[from] Leech Seed|[of] p1b: Wo-Chien\n|upkeep\n|turn|7\n|\n|t:|1681868247\n|move|p1a: Palafin|Jet Punch|p2a: Garchomp\n|-damage|p2a: Garchomp|35\/100\n|-damage|p1a: Palafin|23\/100|[from] ability: Rough Skin|[of] p2a: Garchomp\n|move|p2a: Garchomp|Dragon Claw|p1a: Palafin\n|-damage|p1a: Palafin|0 fnt\n|faint|p1a: Palafin\n|-damage|p2a: Garchomp|25\/100|[from] item: Life Orb\n|move|p1b: Wo-Chien|Pollen Puff|p2b: Wo-Chien\n|-supereffective|p2b: Wo-Chien\n|-end|p2b: Wo-Chien|Substitute\n|move|p2b: Wo-Chien|Pollen Puff|p2a: Garchomp\n|-heal|p2a: Garchomp|75\/100\n|\n|-damage|p2a: Garchomp|63\/100|[from] Leech Seed|[of] p1b: Wo-Chien\n|upkeep\n|\n|t:|1681868274\n|switch|p1a: Arcanine|Arcanine, L50, M|58\/100 psn\n|-ability|p1a: Arcanine|Intimidate|boost\n|-unboost|p2a: Garchomp|atk|1\n|-unboost|p2b: Wo-Chien|atk|1\n|turn|8\n|\n|t:|1681868281\n|switch|p2b: Orthworm|Orthworm, L50, M|50\/100\n|move|p1a: Arcanine|Flare Blitz|p2b: Orthworm\n|-supereffective|p2b: Orthworm\n|-damage|p2b: Orthworm|0 fnt\n|faint|p2b: Orthworm\n|-damage|p1a: Arcanine|41\/100 psn|[from] Recoil\n|move|p2a: Garchomp|Earthquake|p1b: Wo-Chien|[spread] p1a,p1b\n|-supereffective|p1a: Arcanine\n|-resisted|p1b: Wo-Chien\n|-damage|p1a: Arcanine|0 fnt\n|-damage|p1b: Wo-Chien|79\/100\n|faint|p1a: Arcanine\n|-damage|p2a: Garchomp|53\/100|[from] item: Life Orb\n|move|p1b: Wo-Chien|Substitute|p1b: Wo-Chien\n|-start|p1b: Wo-Chien|Substitute\n|-damage|p1b: Wo-Chien|54\/100\n|\n|-heal|p1b: Wo-Chien|60\/100|[from] item: Leftovers\n|-damage|p2a: Garchomp|41\/100|[from] Leech Seed|[of] p1b: Wo-Chien\n|-heal|p1b: Wo-Chien|75\/100|[silent]\n|upkeep\n|\n|t:|1681868305\n|switch|p1a: Glimmora|Glimmora, L50, F|75\/100\n|switch|p2b: Wo-Chien|Wo-Chien, L50|100\/100\n|-ability|p2b: Wo-Chien|Tablets of Ruin\n|turn|9\n|\n|t:|1681868315\n|move|p2a: Garchomp|Protect|p2a: Garchomp\n|-singleturn|p2a: Garchomp|Protect\n|move|p1a: Glimmora|Mortal Spin|p2b: Wo-Chien|[spread] p2b\n|-activate|p2a: Garchomp|move: Protect\n|-supereffective|p2b: Wo-Chien\n|-damage|p2b: Wo-Chien|96\/100\n|-status|p2b: Wo-Chien|psn\n|move|p1b: Wo-Chien|Pollen Puff|p2b: Wo-Chien\n|-supereffective|p2b: Wo-Chien\n|-damage|p2b: Wo-Chien|36\/100 psn\n|move|p2b: Wo-Chien|Leech Seed|p1a: Glimmora\n|-start|p1a: Glimmora|move: Leech Seed\n|\n|-heal|p1b: Wo-Chien|81\/100|[from] item: Leftovers\n|-heal|p2b: Wo-Chien|42\/100 psn|[from] item: Leftovers\n|-damage|p2a: Garchomp|29\/100|[from] Leech Seed|[of] p1b: Wo-Chien\n|-heal|p1b: Wo-Chien|95\/100|[silent]\n|-damage|p1a: Glimmora|62\/100|[from] Leech Seed|[of] p2b: Wo-Chien\n|-heal|p2b: Wo-Chien|54\/100 psn|[silent]\n|-damage|p2b: Wo-Chien|42\/100 psn|[from] psn\n|upkeep\n|turn|10\n|\n|t:|1681868350\n|switch|p2b: Glimmora|Glimmora, L50, M|53\/100\n|move|p2a: Garchomp|Dragon Claw|p1a: Glimmora\n|-damage|p1a: Glimmora|0 fnt\n|-activate|p1a: Glimmora|ability: Toxic Debris\n|-sidestart|p2: Auraen|move: Toxic Spikes\n|faint|p1a: Glimmora\n|-damage|p2a: Garchomp|19\/100|[from] item: Life Orb\n|move|p1b: Wo-Chien|Leech Seed|p2b: Glimmora\n|-start|p2b: Glimmora|move: Leech Seed\n|\n|-heal|p1b: Wo-Chien|100\/100|[from] item: Leftovers\n|-damage|p2a: Garchomp|7\/100|[from] Leech Seed|[of] p1b: Wo-Chien\n|-damage|p2b: Glimmora|40\/100|[from] Leech Seed|[of] p1b: Wo-Chien\n|upkeep\n|turn|11\n|\n|t:|1681868371\n|switch|p2a: Wo-Chien|Wo-Chien, L50|42\/100 psn\n|-ability|p2a: Wo-Chien|Tablets of Ruin\n|move|p2b: Glimmora|Sludge Bomb|p1b: Wo-Chien\n|-supereffective|p1b: Wo-Chien\n|-end|p1b: Wo-Chien|Substitute\n|move|p1b: Wo-Chien|Pollen Puff|p2a: Wo-Chien\n|-supereffective|p2a: Wo-Chien\n|-damage|p2a: Wo-Chien|0 fnt\n|faint|p2a: Wo-Chien\n|\n|-damage|p2b: Glimmora|28\/100|[from] Leech Seed|[of] p1b: Wo-Chien\n|upkeep\n|\n|t:|1681868383\n|switch|p2a: Garchomp|Garchomp, L50, F|7\/100\n|-status|p2a: Garchomp|psn\n|turn|12\n|c|\u2606LDJorsy|gg\n|\n|t:|1681868391\n|move|p1b: Wo-Chien|Protect|p1b: Wo-Chien\n|-singleturn|p1b: Wo-Chien|Protect\n|move|p2a: Garchomp|Swords Dance|p2a: Garchomp\n|-boost|p2a: Garchomp|atk|2\n|move|p2b: Glimmora|Sludge Bomb|p1b: Wo-Chien\n|-activate|p1b: Wo-Chien|move: Protect\n|\n|-damage|p2b: Glimmora|16\/100|[from] Leech Seed|[of] p1b: Wo-Chien\n|-damage|p2a: Garchomp|0 fnt|[from] psn\n|faint|p2a: Garchomp\n|upkeep\n|turn|13\n|-message|Auraen forfeited.\n|\n|win|LDJorsy\n|raw|LDJorsy's rating: 1277 → 1305<\/strong> (+28 for winning)\n|raw|Auraen's rating: 1317 → 1295<\/strong> (-22 for losing)\n|l|\u2606Auraen\n","uploadtime":1681868408,"views":9,"p1id":"ldjorsy","p2id":"auraen","formatid":"gen9vgc2023regulationc","rating":1295,"private":0,"password":""}