{"id":"gen9vgc2023regulationc-1853476396","p1":"parking2","p2":"Parr finch","format":"[Gen 9] VGC 2023 Regulation C","log":"|j|\u2606parking2\n|j|\u2606Parr finch\n|t:|1682689020\n|gametype|doubles\n|player|p1|parking2|101|1109\n|player|p2|Parr finch|266|1160\n|teamsize|p1|6\n|teamsize|p2|6\n|gen|9\n|tier|[Gen 9] VGC 2023 Regulation C\n|rated|\n|rule|Species Clause: Limit one of each Pok\u00e9mon\n|rule|Item Clause: Limit one of each item\n|clearpoke\n|poke|p1|Lilligant, L50, F|\n|poke|p1|Torkoal, L50, F|\n|poke|p1|Kingambit, L50, M|\n|poke|p1|Great Tusk, L50|\n|poke|p1|Palafin, L50, F|\n|poke|p1|Iron Hands, L50|\n|poke|p2|Flutter Mane, L50|\n|poke|p2|Chi-Yu, L50|\n|poke|p2|Gyarados, L50, F|\n|poke|p2|Baxcalibur, L50, M|\n|poke|p2|Amoonguss, L50, F|\n|poke|p2|Iron Thorns, L50|\n|teampreview|4\n|inactive|Battle timer is ON: inactive players will automatically lose when time's up. (requested by parking2)\n|\n|t:|1682689100\n|start\n|switch|p1a: Lilligant|Lilligant, L50, F|100\/100\n|switch|p1b: Torkoal|Torkoal, L50, F|100\/100\n|switch|p2a: Chi-Yu|Chi-Yu, L50|100\/100\n|switch|p2b: Gyarados|Gyarados, L50, F|100\/100\n|-ability|p2a: Chi-Yu|Beads of Ruin\n|-ability|p2b: Gyarados|Intimidate|boost\n|-unboost|p1a: Lilligant|atk|1\n|-unboost|p1b: Torkoal|atk|1\n|-weather|SunnyDay|[from] ability: Drought|[of] p1b: Torkoal\n|turn|1\n|\n|t:|1682689125\n|move|p2a: Chi-Yu|Protect|p2a: Chi-Yu\n|-singleturn|p2a: Chi-Yu|Protect\n|move|p1b: Torkoal|Protect|p1b: Torkoal\n|-singleturn|p1b: Torkoal|Protect\n|move|p1a: Lilligant|Sleep Powder|p2a: Chi-Yu\n|-activate|p2a: Chi-Yu|move: Protect\n|move|p2b: Gyarados|Thunder Wave|p1a: Lilligant\n|-status|p1a: Lilligant|par\n|\n|-weather|SunnyDay|[upkeep]\n|upkeep\n|turn|2\n|inactive|Parr finch has 30 seconds left.\n|\n|t:|1682689151\n|move|p1a: Lilligant|Leaf Storm|p2b: Gyarados\n|-damage|p2b: Gyarados|46\/100\n|-unboost|p1a: Lilligant|spa|2\n|move|p2a: Chi-Yu|Heat Wave|p1b: Torkoal|[spread] p1b\n|-miss|p2a: Chi-Yu|p1a: Lilligant\n|-resisted|p1b: Torkoal\n|-crit|p1b: Torkoal\n|-damage|p1b: Torkoal|10\/100\n|move|p2b: Gyarados|Waterfall|p1b: Torkoal\n|-supereffective|p1b: Torkoal\n|-damage|p1b: Torkoal|0 fnt\n|faint|p1b: Torkoal\n|\n|-weather|SunnyDay|[upkeep]\n|upkeep\n|\n|t:|1682689159\n|switch|p1b: Great Tusk|Great Tusk, L50|100\/100\n|-activate|p1b: Great Tusk|ability: Protosynthesis\n|-start|p1b: Great Tusk|protosynthesisatk\n|turn|3\n|\n|t:|1682689180\n|switch|p2b: Amoonguss|Amoonguss, L50, F|100\/100\n|move|p2a: Chi-Yu|Protect|p2a: Chi-Yu\n|-singleturn|p2a: Chi-Yu|Protect\n|move|p1b: Great Tusk|Rock Slide|p2b: Amoonguss|[spread] p2b\n|-activate|p2a: Chi-Yu|move: Protect\n|-damage|p2b: Amoonguss|76\/100\n|move|p1a: Lilligant|Sleep Powder|p2a: Chi-Yu\n|-activate|p2a: Chi-Yu|move: Protect\n|\n|-weather|SunnyDay|[upkeep]\n|upkeep\n|turn|4\n|\n|t:|1682689198\n|switch|p2b: Gyarados|Gyarados, L50, F|46\/100\n|-ability|p2b: Gyarados|Intimidate|boost\n|-unboost|p1a: Lilligant|atk|1\n|-unboost|p1b: Great Tusk|atk|1\n|-terastallize|p2a: Chi-Yu|Grass\n|move|p1b: Great Tusk|Rock Slide|p2b: Gyarados|[spread] p2a,p2b\n|-supereffective|p2b: Gyarados\n|-damage|p2a: Chi-Yu|78\/100\n|-damage|p2b: Gyarados|13\/100\n|move|p1a: Lilligant|Sleep Powder|p2a: Chi-Yu\n|-immune|p2a: Chi-Yu\n|move|p2a: Chi-Yu|Heat Wave|p1b: Great Tusk|[spread] p1a,p1b\n|-supereffective|p1a: Lilligant\n|-enditem|p1a: Lilligant|Focus Sash\n|-damage|p1a: Lilligant|1\/100 par\n|-damage|p1b: Great Tusk|0 fnt\n|faint|p1b: Great Tusk\n|-end|p1b: Great Tusk|Protosynthesis|[silent]\n|\n|-weather|SunnyDay|[upkeep]\n|upkeep\n|\n|t:|1682689207\n|switch|p1b: Kingambit|Kingambit, L50, M|100\/100\n|turn|5\n|inactive|Parr finch has 30 seconds left.\n|\n|t:|1682689233\n|-terastallize|p1b: Kingambit|Fire\n|move|p2a: Chi-Yu|Protect|p2a: Chi-Yu\n|-singleturn|p2a: Chi-Yu|Protect\n|move|p1a: Lilligant|Leaf Storm|p2b: Gyarados\n|-damage|p2b: Gyarados|0 fnt\n|-unboost|p1a: Lilligant|spa|2\n|faint|p2b: Gyarados\n|move|p1b: Kingambit|Tera Blast|p2a: Chi-Yu\n|-activate|p2a: Chi-Yu|move: Protect\n|\n|-weather|none\n|upkeep\n|\n|t:|1682689258\n|switch|p2b: Flutter Mane|Flutter Mane, L50|100\/100\n|-enditem|p2b: Flutter Mane|Booster Energy\n|-activate|p2b: Flutter Mane|ability: Protosynthesis|[fromitem]\n|-start|p2b: Flutter Mane|protosynthesisspe\n|turn|6\n|\n|t:|1682689275\n|move|p2b: Flutter Mane|Substitute|p2b: Flutter Mane\n|-start|p2b: Flutter Mane|Substitute\n|-damage|p2b: Flutter Mane|76\/100\n|move|p2a: Chi-Yu|Substitute|p2a: Chi-Yu\n|-start|p2a: Chi-Yu|Substitute\n|-damage|p2a: Chi-Yu|53\/100\n|cant|p1a: Lilligant|par\n|move|p1b: Kingambit|Tera Blast|p2a: Chi-Yu\n|-supereffective|p2a: Chi-Yu\n|-end|p2a: Chi-Yu|Substitute\n|\n|upkeep\n|turn|7\n|inactive|Parr finch has 30 seconds left.\n|\n|t:|1682689302\n|move|p1a: Lilligant|Protect|p1a: Lilligant\n|-singleturn|p1a: Lilligant|Protect\n|move|p2b: Flutter Mane|Hex|p1a: Lilligant\n|-activate|p1a: Lilligant|move: Protect\n|move|p2a: Chi-Yu|Substitute|p2a: Chi-Yu\n|-start|p2a: Chi-Yu|Substitute\n|-damage|p2a: Chi-Yu|28\/100\n|move|p1b: Kingambit|Tera Blast|p2b: Flutter Mane\n|-end|p2b: Flutter Mane|Substitute\n|\n|upkeep\n|turn|8\n|\n|t:|1682689317\n|move|p2b: Flutter Mane|Substitute|p2b: Flutter Mane\n|-start|p2b: Flutter Mane|Substitute\n|-damage|p2b: Flutter Mane|52\/100\n|move|p2a: Chi-Yu|Dark Pulse|p1a: Lilligant\n|-damage|p1a: Lilligant|0 fnt\n|faint|p1a: Lilligant\n|move|p1b: Kingambit|Tera Blast|p2a: Chi-Yu\n|-supereffective|p2a: Chi-Yu\n|-end|p2a: Chi-Yu|Substitute\n|\n|upkeep\n|turn|9\n|\n|t:|1682689332\n|move|p2b: Flutter Mane|Hex|p1b: Kingambit\n|-damage|p1b: Kingambit|73\/100\n|move|p2a: Chi-Yu|Substitute|p2a: Chi-Yu\n|-start|p2a: Chi-Yu|Substitute\n|-damage|p2a: Chi-Yu|3\/100\n|move|p1b: Kingambit|Tera Blast|p2b: Flutter Mane\n|-end|p2b: Flutter Mane|Substitute\n|\n|upkeep\n|turn|10\n|\n|t:|1682689342\n|move|p2b: Flutter Mane|Substitute|p2b: Flutter Mane\n|-start|p2b: Flutter Mane|Substitute\n|-damage|p2b: Flutter Mane|27\/100\n|move|p2a: Chi-Yu|Dark Pulse|p1b: Kingambit\n|-damage|p1b: Kingambit|38\/100\n|cant|p1b: Kingambit|flinch\n|\n|upkeep\n|turn|11\n|c|\u2606parking2|hahaha\n|c|\u2606parking2|lol\n|\n|t:|1682689351\n|move|p2b: Flutter Mane|Hex|p1b: Kingambit\n|-damage|p1b: Kingambit|8\/100\n|move|p2a: Chi-Yu|Dark Pulse|p1b: Kingambit\n|-damage|p1b: Kingambit|0 fnt\n|faint|p1b: Kingambit\n|\n|win|Parr finch\n|raw|parking2's rating: 1109 → 1088<\/strong> (-21 for losing)\n|raw|Parr finch's rating: 1160 → 1181<\/strong> (+21 for winning)\n|c|\u2606parking2|xd\n","uploadtime":1682689371,"views":8,"p1id":"parking2","p2id":"parrfinch","formatid":"gen9vgc2023regulationc","rating":1088,"private":0,"password":""}