{"id":"gen9vgc2023regulationc-1863301563","p1":"Barbie120","p2":"Dragonsheart1","format":"[Gen 9] VGC 2023 Regulation C","log":"|j|\u2606Barbie120\n|j|\u2606Dragonsheart1\n|t:|1683999847\n|gametype|doubles\n|player|p1|Barbie120|drayden|1226\n|player|p2|Dragonsheart1|265|1267\n|teamsize|p1|6\n|teamsize|p2|6\n|gen|9\n|tier|[Gen 9] VGC 2023 Regulation C\n|rated|\n|rule|Species Clause: Limit one of each Pok\u00e9mon\n|rule|Item Clause: Limit one of each item\n|clearpoke\n|poke|p1|Flutter Mane, L50|\n|poke|p1|Great Tusk, L50|\n|poke|p1|Murkrow, L50, F|\n|poke|p1|Chi-Yu, L50|\n|poke|p1|Kingambit, L50, M|\n|poke|p1|Gyarados, L50, M|\n|poke|p2|Clawitzer, L50, M|\n|poke|p2|Flutter Mane, L50|\n|poke|p2|Baxcalibur, L50, F|\n|poke|p2|Luxray, L50, M|\n|poke|p2|Scream Tail, L50|\n|poke|p2|Goodra, L50, F|\n|teampreview|4\n|\n|t:|1683999881\n|start\n|switch|p1a: Murkrow|Murkrow, L50, F|100\/100\n|switch|p1b: Great Tusk|Great Tusk, L50|100\/100\n|switch|p2a: Luxray|Luxray, L50, M|100\/100\n|switch|p2b: Baxcalibur|Baxcalibur, L50, F|100\/100\n|-ability|p2a: Luxray|Intimidate|boost\n|-unboost|p1a: Murkrow|atk|1\n|-unboost|p1b: Great Tusk|atk|1\n|turn|1\n|\n|t:|1683999905\n|-end|p1b: Great Tusk|Protosynthesis|[silent]\n|switch|p1b: Kingambit|Kingambit, L50, M|100\/100\n|move|p1a: Murkrow|Sunny Day|p1a: Murkrow\n|-weather|SunnyDay\n|move|p2a: Luxray|Volt Switch|p1a: Murkrow\n|-supereffective|p1a: Murkrow\n|-damage|p1a: Murkrow|50\/100\n|\n|t:|1683999913\n|switch|p2a: Clawitzer|Clawitzer, L50, M|100\/100|[from] Volt Switch\n|move|p2b: Baxcalibur|Icicle Spear|p1a: Murkrow\n|-supereffective|p1a: Murkrow\n|-damage|p1a: Murkrow|16\/100\n|-supereffective|p1a: Murkrow\n|-damage|p1a: Murkrow|0 fnt\n|faint|p1a: Murkrow\n|-hitcount|p1: Murkrow|2\n|\n|-weather|SunnyDay|[upkeep]\n|upkeep\n|\n|t:|1683999921\n|switch|p1a: Flutter Mane|Flutter Mane, L50|100\/100\n|-activate|p1a: Flutter Mane|ability: Protosynthesis\n|-start|p1a: Flutter Mane|protosynthesisspe\n|turn|2\n|\n|t:|1683999937\n|-terastallize|p1a: Flutter Mane|Fairy\n|-terastallize|p2b: Baxcalibur|Fire\n|move|p1b: Kingambit|Sucker Punch|p2b: Baxcalibur\n|-crit|p2b: Baxcalibur\n|-damage|p2b: Baxcalibur|48\/100\n|move|p1a: Flutter Mane|Dazzling Gleam|p2a: Clawitzer|[spread] p2a,p2b\n|-resisted|p2b: Baxcalibur\n|-damage|p2a: Clawitzer|60\/100\n|-damage|p2b: Baxcalibur|23\/100\n|move|p2b: Baxcalibur|Icicle Spear|p1a: Flutter Mane\n|-damage|p1a: Flutter Mane|73\/100\n|-damage|p1a: Flutter Mane|46\/100\n|-damage|p1a: Flutter Mane|22\/100\n|-damage|p1a: Flutter Mane|0 fnt\n|faint|p1a: Flutter Mane\n|-end|p1a: Flutter Mane|Protosynthesis|[silent]\n|-hitcount|p1: Flutter Mane|4\n|move|p2a: Clawitzer|Aura Sphere|p1b: Kingambit\n|-supereffective|p1b: Kingambit\n|-damage|p1b: Kingambit|0 fnt\n|faint|p1b: Kingambit\n|\n|-weather|SunnyDay|[upkeep]\n|upkeep\n|\n|t:|1683999947\n|switch|p1b: Great Tusk|Great Tusk, L50|100\/100\n|-activate|p1b: Great Tusk|ability: Protosynthesis\n|-start|p1b: Great Tusk|protosynthesisatk\n|turn|3\n|\n|t:|1683999979\n|switch|p2b: Luxray|Luxray, L50, M|100\/100\n|-ability|p2b: Luxray|Intimidate|boost\n|-unboost|p1b: Great Tusk|atk|1\n|move|p1b: Great Tusk|Earthquake|p2b: Luxray|[spread] p2a,p2b\n|-crit|p2a: Clawitzer\n|-supereffective|p2b: Luxray\n|-damage|p2a: Clawitzer|0 fnt\n|-damage|p2b: Luxray|19\/100\n|-enditem|p2b: Luxray|Sitrus Berry|[eat]\n|-heal|p2b: Luxray|44\/100|[from] item: Sitrus Berry\n|faint|p2a: Clawitzer\n|\n|-weather|SunnyDay|[upkeep]\n|upkeep\n|\n|t:|1683999992\n|switch|p2a: Goodra|Goodra, L50, F|100\/100\n|turn|4\n|\n|t:|1684000000\n|move|p2b: Luxray|Protect|p2b: Luxray\n|-singleturn|p2b: Luxray|Protect\n|move|p1b: Great Tusk|Earthquake|p2b: Luxray|[spread] p2a\n|-activate|p2b: Luxray|move: Protect\n|-crit|p2a: Goodra\n|-damage|p2a: Goodra|33\/100\n|move|p2a: Goodra|Bulldoze|p1b: Great Tusk|[spread] p1b\n|-activate|p2b: Luxray|move: Protect\n|-damage|p1b: Great Tusk|94\/100\n|-unboost|p1b: Great Tusk|spe|1\n|\n|-weather|SunnyDay|[upkeep]\n|upkeep\n|turn|5\n|\n|t:|1684000016\n|move|p2a: Goodra|Protect|p2a: Goodra\n|-singleturn|p2a: Goodra|Protect\n|move|p1b: Great Tusk|Earthquake|p2b: Luxray|[spread] p2b\n|-activate|p2a: Goodra|move: Protect\n|-supereffective|p2b: Luxray\n|-damage|p2b: Luxray|0 fnt\n|faint|p2b: Luxray\n|\n|-weather|none\n|-end|p1b: Great Tusk|Protosynthesis\n|upkeep\n|\n|t:|1684000026\n|switch|p2b: Baxcalibur|Baxcalibur, L50, F, tera:Fire|23\/100\n|turn|6\n|\n|t:|1684000031\n|move|p1b: Great Tusk|Earthquake|p2b: Baxcalibur|[spread] p2a,p2b\n|-supereffective|p2b: Baxcalibur\n|-damage|p2a: Goodra|12\/100\n|-damage|p2b: Baxcalibur|0 fnt\n|faint|p2b: Baxcalibur\n|move|p2a: Goodra|Muddy Water|p1b: Great Tusk\n|-supereffective|p1b: Great Tusk\n|-damage|p1b: Great Tusk|22\/100\n|\n|upkeep\n|turn|7\n|\n|t:|1684000041\n|move|p1b: Great Tusk|Earthquake|p2a: Goodra\n|-damage|p2a: Goodra|0 fnt\n|faint|p2a: Goodra\n|\n|win|Barbie120\n|raw|Barbie120's rating: 1226 → 1254<\/strong> (+28 for winning)\n|raw|Dragonsheart1's rating: 1267 → 1239<\/strong> (-28 for losing)\n","uploadtime":1684000049,"views":7,"p1id":"barbie120","p2id":"dragonsheart1","formatid":"gen9vgc2023regulationc","rating":1239,"private":0,"password":""}