{"id":"gen9vgc2023regulationc-1855358510","p1":"ShortbreadDread","p2":"GRIFFY98","format":"[Gen 9] VGC 2023 Regulation C","log":"|j|\u2606ShortbreadDread\n|j|\u2606GRIFFY98\n|t:|1682942618\n|gametype|doubles\n|player|p1|ShortbreadDread|dancer|1405\n|player|p2|GRIFFY98|steven|1494\n|teamsize|p1|6\n|teamsize|p2|6\n|gen|9\n|tier|[Gen 9] VGC 2023 Regulation C\n|rated|\n|rule|Species Clause: Limit one of each Pok\u00e9mon\n|rule|Item Clause: Limit one of each item\n|clearpoke\n|poke|p1|Chi-Yu, L50|\n|poke|p1|Flutter Mane, L50|\n|poke|p1|Amoonguss, L50, F|\n|poke|p1|Ceruledge, L50, M|\n|poke|p1|Iron Hands, L50|\n|poke|p1|Iron Bundle, L50|\n|poke|p2|Tatsugiri, L50, M|\n|poke|p2|Chi-Yu, L50|\n|poke|p2|Flutter Mane, L50|\n|poke|p2|Amoonguss, L50, M|\n|poke|p2|Farigiraf, L50, M|\n|poke|p2|Dondozo, L50, F|\n|teampreview|4\n|inactive|Battle timer is ON: inactive players will automatically lose when time's up. (requested by ShortbreadDread)\n|inactive|GRIFFY98 has 60 seconds left.\n|\n|t:|1682942651\n|start\n|switch|p1a: Nanao|Chi-Yu, L50|100\/100\n|switch|p1b: Maria Beetle|Flutter Mane, L50, shiny|100\/100\n|switch|p2a: Chi-Yu|Chi-Yu, L50|100\/100\n|switch|p2b: Farigiraf|Farigiraf, L50, M|100\/100\n|-ability|p1a: Nanao|Beads of Ruin\n|-ability|p2a: Chi-Yu|Beads of Ruin\n|turn|1\n|\n|t:|1682942664\n|-terastallize|p2a: Chi-Yu|Fire\n|move|p2b: Farigiraf|Helping Hand|p2a: Chi-Yu\n|-singleturn|p2a: Chi-Yu|Helping Hand|[of] p2b: Farigiraf\n|move|p1a: Nanao|Snarl|p2a: Chi-Yu|[spread] p2a,p2b\n|-supereffective|p2b: Farigiraf\n|-damage|p2a: Chi-Yu|75\/100\n|-damage|p2b: Farigiraf|47\/100\n|-unboost|p2a: Chi-Yu|spa|1\n|-unboost|p2b: Farigiraf|spa|1\n|move|p2a: Chi-Yu|Heat Wave|p1a: Nanao|[spread] p1a,p1b\n|-resisted|p1a: Nanao\n|-damage|p1a: Nanao|70\/100\n|-damage|p1b: Maria Beetle|37\/100\n|move|p1b: Maria Beetle|Dazzling Gleam|p2a: Chi-Yu|[spread] p2a,p2b\n|-resisted|p2a: Chi-Yu\n|-damage|p2a: Chi-Yu|47\/100\n|-damage|p2b: Farigiraf|0 fnt\n|faint|p2b: Farigiraf\n|\n|upkeep\n|\n|t:|1682942676\n|switch|p2b: Dondozo|Dondozo, L50, F|100\/100\n|turn|2\n|\n|t:|1682942684\n|switch|p2a: Tatsugiri|Tatsugiri, L50, M|100\/100\n|-activate|p2a: Tatsugiri|ability: Commander|[of] p2b: Dondozo\n|-boost|p2b: Dondozo|atk|2\n|-boost|p2b: Dondozo|spa|2\n|-boost|p2b: Dondozo|spe|2\n|-boost|p2b: Dondozo|def|2\n|-boost|p2b: Dondozo|spd|2\n|move|p1a: Nanao|Snarl|p2b: Dondozo|[spread] p2b\n|-miss|p1a: Nanao|p2a: Tatsugiri\n|-damage|p2b: Dondozo|85\/100\n|move|p1b: Maria Beetle|Dazzling Gleam|p2b: Dondozo|[spread] p2b\n|-miss|p1b: Maria Beetle|p2a: Tatsugiri\n|-damage|p2b: Dondozo|56\/100\n|move|p2b: Dondozo|Earthquake|p1a: Nanao|[spread] p1a,p1b\n|-miss|p2b: Dondozo|p2a: Tatsugiri\n|-supereffective|p1a: Nanao\n|-damage|p1a: Nanao|0 fnt\n|-damage|p1b: Maria Beetle|0 fnt\n|faint|p1a: Nanao\n|faint|p1b: Maria Beetle\n|-end|p1b: Maria Beetle|Protosynthesis|[silent]\n|\n|upkeep\n|\n|t:|1682942687\n|switch|p1b: Fiji|Iron Bundle, L50|100\/100\n|switch|p1a: White Death|Ceruledge, L50, M|100\/100\n|-enditem|p1b: Fiji|Booster Energy\n|-activate|p1b: Fiji|ability: Quark Drive|[fromitem]\n|-start|p1b: Fiji|quarkdrivespe\n|turn|3\n|\n|t:|1682942717\n|-terastallize|p1b: Fiji|Ice\n|move|p1a: White Death|Protect|p1a: White Death\n|-singleturn|p1a: White Death|Protect\n|move|p1b: Fiji|Freeze-Dry|p2b: Dondozo\n|-supereffective|p2b: Dondozo\n|-damage|p2b: Dondozo|9\/100\n|move|p2b: Dondozo|Wave Crash|p1a: White Death\n|-activate|p1a: White Death|move: Protect\n|\n|upkeep\n|turn|4\n|\n|t:|1682942727\n|move|p1b: Fiji|Freeze-Dry|p2b: Dondozo\n|-supereffective|p2b: Dondozo\n|-damage|p2b: Dondozo|0 fnt\n|faint|p2b: Dondozo\n|move|p1a: White Death|Bulk Up|p1a: White Death\n|-boost|p1a: White Death|atk|1\n|-boost|p1a: White Death|def|1\n|\n|upkeep\n|\n|t:|1682942730\n|switch|p2b: Chi-Yu|Chi-Yu, L50, tera:Fire|47\/100\n|-ability|p2b: Chi-Yu|Beads of Ruin\n|turn|5\n|\n|t:|1682942745\n|move|p1b: Fiji|Protect|p1b: Fiji\n|-singleturn|p1b: Fiji|Protect\n|move|p1a: White Death|Protect|p1a: White Death\n|-singleturn|p1a: White Death|Protect\n|move|p2b: Chi-Yu|Heat Wave|p1a: White Death|[spread] \n|-activate|p1a: White Death|move: Protect\n|-activate|p1b: Fiji|move: Protect\n|move|p2a: Tatsugiri|Muddy Water|p1a: White Death|[spread] \n|-activate|p1a: White Death|move: Protect\n|-activate|p1b: Fiji|move: Protect\n|\n|upkeep\n|turn|6\n|\n|t:|1682942765\n|move|p1a: White Death|Shadow Sneak|p2b: Chi-Yu\n|-damage|p2b: Chi-Yu|0 fnt\n|faint|p2b: Chi-Yu\n|move|p1b: Fiji|Freeze-Dry|p2a: Tatsugiri\n|-supereffective|p2a: Tatsugiri\n|-enditem|p2a: Tatsugiri|Focus Sash\n|-damage|p2a: Tatsugiri|1\/100\n|move|p2a: Tatsugiri|Muddy Water|p1b: Fiji|[spread] p1a,p1b\n|-supereffective|p1a: White Death\n|-damage|p1a: White Death|41\/100\n|-damage|p1b: Fiji|45\/100\n|\n|upkeep\n|turn|7\n|-message|GRIFFY98 forfeited.\n|\n|win|ShortbreadDread\n|raw|ShortbreadDread's rating: 1405 → 1430<\/strong> (+25 for winning)\n|raw|GRIFFY98's rating: 1494 → 1469<\/strong> (-25 for losing)\n|l|\u2606GRIFFY98\n","uploadtime":1682942786,"views":16,"p1id":"shortbreaddread","p2id":"griffy98","formatid":"gen9vgc2023regulationc","rating":1430,"private":0,"password":""}