{"id":"gen9vgc2023regulationc-1860288557","p1":"roobat","p2":"fgdfg54","format":"[Gen 9] VGC 2023 Regulation C","log":"|j|\u2606roobat\n|j|\u2606fgdfg54\n|t:|1683626350\n|gametype|doubles\n|player|p1|roobat|lucas-gen4pt|1124\n|player|p2|fgdfg54|169|1105\n|teamsize|p1|6\n|teamsize|p2|6\n|gen|9\n|tier|[Gen 9] VGC 2023 Regulation C\n|rated|\n|rule|Species Clause: Limit one of each Pok\u00e9mon\n|rule|Item Clause: Limit one of each item\n|clearpoke\n|poke|p1|Iron Moth, L50|\n|poke|p1|Dondozo, L50, F|\n|poke|p1|Tatsugiri, L50, F|\n|poke|p1|Flutter Mane, L50|\n|poke|p1|Meowscarada, L50, F|\n|poke|p1|Corviknight, L50, M|\n|poke|p2|Torkoal, L50, F|\n|poke|p2|Chi-Yu, L50|\n|poke|p2|Bronzong, L50|\n|poke|p2|Gastrodon, L50, F|\n|poke|p2|Grimmsnarl, L50, M|\n|poke|p2|Skeledirge, L50, M|\n|teampreview|4\n|inactive|Battle timer is ON: inactive players will automatically lose when time's up. (requested by fgdfg54)\n|\n|t:|1683626371\n|start\n|switch|p1a: Flutter Mane|Flutter Mane, L50|100\/100\n|switch|p1b: Tatsugiri|Tatsugiri, L50, F|100\/100\n|switch|p2a: Grimmsnarl|Grimmsnarl, L50, M|100\/100\n|switch|p2b: Gastrodon|Gastrodon, L50, F|100\/100\n|turn|1\n|\n|t:|1683626395\n|switch|p2a: Bronzong|Bronzong, L50|100\/100\n|move|p2b: Gastrodon|Protect|p2b: Gastrodon\n|-singleturn|p2b: Gastrodon|Protect\n|move|p1b: Tatsugiri|Draco Meteor|p2b: Gastrodon\n|-activate|p2b: Gastrodon|move: Protect\n|move|p1a: Flutter Mane|Moonblast|p2a: Bronzong\n|-resisted|p2a: Bronzong\n|-damage|p2a: Bronzong|68\/100\n|-unboost|p2a: Bronzong|spa|1\n|\n|upkeep\n|turn|2\n|\n|t:|1683626415\n|-end|p1a: Flutter Mane|Protosynthesis|[silent]\n|switch|p1a: Iron Moth|Iron Moth, L50|100\/100\n|-enditem|p1a: Iron Moth|Booster Energy\n|-activate|p1a: Iron Moth|ability: Quark Drive|[fromitem]\n|-start|p1a: Iron Moth|quarkdrivespa\n|switch|p2b: Grimmsnarl|Grimmsnarl, L50, M|100\/100\n|move|p1b: Tatsugiri|Draco Meteor|p2b: Grimmsnarl\n|-immune|p2b: Grimmsnarl\n|move|p2a: Bronzong|Iron Head|p1a: Iron Moth\n|-resisted|p1a: Iron Moth\n|-damage|p1a: Iron Moth|79\/100\n|\n|upkeep\n|turn|3\n|\n|t:|1683626432\n|switch|p1b: Flutter Mane|Flutter Mane, L50|100\/100\n|move|p2b: Grimmsnarl|Fake Out|p1a: Iron Moth\n|-damage|p1a: Iron Moth|54\/100\n|cant|p1a: Iron Moth|flinch\n|move|p2a: Bronzong|Trick Room|p2a: Bronzong\n|-fieldstart|move: Trick Room|[of] p2a: Bronzong\n|\n|upkeep\n|turn|4\n|\n|t:|1683626455\n|switch|p2b: Gastrodon|Gastrodon, L50, F|100\/100\n|move|p1a: Iron Moth|Protect|p1a: Iron Moth\n|-singleturn|p1a: Iron Moth|Protect\n|move|p2a: Bronzong|Stomping Tantrum|p1a: Iron Moth\n|-activate|p1a: Iron Moth|move: Protect\n|move|p1b: Flutter Mane|Moonblast|p2b: Gastrodon\n|-damage|p2b: Gastrodon|43\/100\n|\n|upkeep\n|turn|5\n|\n|t:|1683626475\n|-end|p1b: Flutter Mane|Protosynthesis|[silent]\n|switch|p1b: Dondozo|Dondozo, L50, F|100\/100\n|move|p2b: Gastrodon|Protect|p2b: Gastrodon\n|-singleturn|p2b: Gastrodon|Protect\n|move|p2a: Bronzong|Iron Head|p1b: Dondozo\n|-resisted|p1b: Dondozo\n|-damage|p1b: Dondozo|92\/100\n|move|p1a: Iron Moth|Energy Ball|p2b: Gastrodon\n|-activate|p2b: Gastrodon|move: Protect\n|\n|-heal|p1b: Dondozo|98\/100|[from] item: Leftovers\n|upkeep\n|turn|6\n|\n|t:|1683626487\n|move|p1b: Dondozo|Protect|p1b: Dondozo\n|-singleturn|p1b: Dondozo|Protect\n|move|p1a: Iron Moth|Protect|p1a: Iron Moth\n|-singleturn|p1a: Iron Moth|Protect\n|move|p2a: Bronzong|Stomping Tantrum|p1a: Iron Moth\n|-activate|p1a: Iron Moth|move: Protect\n|move|p2b: Gastrodon|Clear Smog|p1b: Dondozo\n|-activate|p1b: Dondozo|move: Protect\n|\n|-heal|p1b: Dondozo|100\/100|[from] item: Leftovers\n|upkeep\n|turn|7\n|inactive|roobat has 30 seconds left.\n|\n|t:|1683626519\n|switch|p2b: Grimmsnarl|Grimmsnarl, L50, M|100\/100\n|move|p2a: Bronzong|Stomping Tantrum|p1a: Iron Moth\n|-supereffective|p1a: Iron Moth\n|-damage|p1a: Iron Moth|0 fnt\n|faint|p1a: Iron Moth\n|-end|p1a: Iron Moth|Quark Drive|[silent]\n|move|p1b: Dondozo|Yawn|p2b: Grimmsnarl\n|-start|p2b: Grimmsnarl|move: Yawn|[of] p1b: Dondozo\n|\n|-fieldend|move: Trick Room\n|upkeep\n|\n|t:|1683626534\n|switch|p1a: Flutter Mane|Flutter Mane, L50|100\/100\n|turn|8\n|\n|t:|1683626549\n|move|p2b: Grimmsnarl|Trick|p1b: Dondozo\n|-activate|p2b: Grimmsnarl|move: Trick|[of] p1b: Dondozo\n|-item|p1b: Dondozo|Lagging Tail|[from] move: Trick\n|-item|p2b: Grimmsnarl|Leftovers|[from] move: Trick\n|move|p1a: Flutter Mane|Shadow Ball|p2a: Bronzong\n|-supereffective|p2a: Bronzong\n|-enditem|p2a: Bronzong|Kasib Berry|[eat]\n|-enditem|p2a: Bronzong|Kasib Berry|[weaken]\n|-damage|p2a: Bronzong|10\/100\n|move|p1b: Dondozo|Yawn||[still]\n|-fail|p1b: Dondozo\n|move|p2a: Bronzong|Trick Room|p2a: Bronzong\n|-fieldstart|move: Trick Room|[of] p2a: Bronzong\n|\n|-end|p2b: Grimmsnarl|move: Yawn|[silent]\n|-status|p2b: Grimmsnarl|slp\n|upkeep\n|turn|9\n|\n|t:|1683626569\n|move|p1b: Dondozo|Protect|p1b: Dondozo\n|-singleturn|p1b: Dondozo|Protect\n|move|p2a: Bronzong|Iron Head|p1a: Flutter Mane\n|-supereffective|p1a: Flutter Mane\n|-damage|p1a: Flutter Mane|0 fnt\n|faint|p1a: Flutter Mane\n|-end|p1a: Flutter Mane|Protosynthesis|[silent]\n|cant|p2b: Grimmsnarl|slp\n|\n|upkeep\n|\n|t:|1683626578\n|switch|p1a: Tatsugiri|Tatsugiri, L50, F|100\/100\n|-activate|p1a: Tatsugiri|ability: Commander|[of] p1b: Dondozo\n|-boost|p1b: Dondozo|atk|2\n|-boost|p1b: Dondozo|spa|2\n|-boost|p1b: Dondozo|spe|2\n|-boost|p1b: Dondozo|def|2\n|-boost|p1b: Dondozo|spd|2\n|turn|10\n|\n|t:|1683626587\n|-terastallize|p1b: Dondozo|Grass\n|move|p2a: Bronzong|Iron Head|p1b: Dondozo\n|-damage|p1b: Dondozo|91\/100\n|-curestatus|p2b: Grimmsnarl|slp|[msg]\n|move|p2b: Grimmsnarl|Spirit Break|p1b: Dondozo\n|-damage|p1b: Dondozo|77\/100\n|-unboost|p1b: Dondozo|spa|1\n|cant|p1b: Dondozo|flinch\n|\n|upkeep\n|turn|11\n|\n|t:|1683626600\n|move|p2a: Bronzong|Iron Head|p1b: Dondozo\n|-damage|p1b: Dondozo|68\/100\n|move|p2b: Grimmsnarl|Spirit Break|p1b: Dondozo\n|-damage|p1b: Dondozo|54\/100\n|-unboost|p1b: Dondozo|spa|1\n|move|p1b: Dondozo|Earthquake|p2b: Grimmsnarl|[spread] p2b\n|-miss|p1b: Dondozo|p1a: Tatsugiri\n|-immune|p2a: Bronzong|[from] ability: Levitate\n|-damage|p2b: Grimmsnarl|55\/100\n|\n|-heal|p2b: Grimmsnarl|61\/100|[from] item: Leftovers\n|upkeep\n|turn|12\n|\n|t:|1683626614\n|move|p2a: Bronzong|Iron Head|p1b: Dondozo\n|-damage|p1b: Dondozo|44\/100\n|move|p2b: Grimmsnarl|Spirit Break|p1b: Dondozo\n|-damage|p1b: Dondozo|31\/100\n|-unboost|p1b: Dondozo|spa|1\n|move|p1b: Dondozo|Wave Crash|p2a: Bronzong\n|-damage|p2a: Bronzong|0 fnt\n|faint|p2a: Bronzong\n|-damage|p1b: Dondozo|28\/100|[from] Recoil\n|\n|-heal|p2b: Grimmsnarl|66\/100|[from] item: Leftovers\n|-fieldend|move: Trick Room\n|upkeep\n|\n|t:|1683626623\n|switch|p2a: Gastrodon|Gastrodon, L50, F|43\/100\n|turn|13\n|\n|t:|1683626651\n|move|p2b: Grimmsnarl|Spirit Break|p1b: Dondozo\n|-damage|p1b: Dondozo|14\/100\n|-unboost|p1b: Dondozo|spa|1\n|move|p2a: Gastrodon|Clear Smog|p1b: Dondozo\n|-supereffective|p1b: Dondozo\n|-damage|p1b: Dondozo|1\/100\n|-clearboost|p1b: Dondozo\n|move|p1b: Dondozo|Earthquake|p2b: Grimmsnarl|[spread] p2a,p2b\n|-miss|p1b: Dondozo|p1a: Tatsugiri\n|-damage|p2a: Gastrodon|16\/100\n|-damage|p2b: Grimmsnarl|43\/100\n|\n|-heal|p2b: Grimmsnarl|49\/100|[from] item: Leftovers\n|upkeep\n|turn|14\n|\n|t:|1683626671\n|move|p2b: Grimmsnarl|Spirit Break|p1b: Dondozo\n|-damage|p1b: Dondozo|0 fnt\n|faint|p1b: Dondozo\n|move|p2a: Gastrodon|Clear Smog|p1a: Tatsugiri\n|-damage|p1a: Tatsugiri|82\/100\n|-clearboost|p1a: Tatsugiri\n|\n|-heal|p2b: Grimmsnarl|54\/100|[from] item: Leftovers\n|upkeep\n|turn|15\n|\n|t:|1683626685\n|move|p2a: Gastrodon|Protect|p2a: Gastrodon\n|-singleturn|p2a: Gastrodon|Protect\n|move|p1a: Tatsugiri|Icy Wind|p2b: Grimmsnarl|[spread] p2b\n|-activate|p2a: Gastrodon|move: Protect\n|-damage|p2b: Grimmsnarl|40\/100\n|-unboost|p2b: Grimmsnarl|spe|1\n|move|p2b: Grimmsnarl|Spirit Break|p1a: Tatsugiri\n|-supereffective|p1a: Tatsugiri\n|-damage|p1a: Tatsugiri|0 fnt\n|faint|p1a: Tatsugiri\n|\n|win|fgdfg54\n|raw|roobat's rating: 1124 → 1098<\/strong> (-26 for losing)\n|raw|fgdfg54's rating: 1105 → 1131<\/strong> (+26 for winning)\n","uploadtime":1683626690,"views":5,"p1id":"roobat","p2id":"fgdfg54","formatid":"gen9vgc2023regulationc","rating":1098,"private":0,"password":""}