{"id":"gen9vgc2023regulationc-1854300435","p1":"jaketopus","p2":"Cogenic","format":"[Gen 9] VGC 2023 Regulation C","log":"|j|\u2606jaketopus\n|j|\u2606Cogenic\n|t:|1682794327\n|gametype|doubles\n|player|p1|jaketopus|boarder|1298\n|player|p2|Cogenic|may-masters|1371\n|teamsize|p1|4\n|teamsize|p2|6\n|gen|9\n|tier|[Gen 9] VGC 2023 Regulation C\n|rated|\n|rule|Species Clause: Limit one of each Pok\u00e9mon\n|rule|Item Clause: Limit one of each item\n|clearpoke\n|poke|p1|Hawlucha, L50, F|\n|poke|p1|Sableye, L50, F|\n|poke|p1|Volcarona, L50, F|\n|poke|p1|Amoonguss, L50, M|\n|poke|p2|Dondozo, L50, F|\n|poke|p2|Tatsugiri, L50, M|\n|poke|p2|Corviknight, L50, M|\n|poke|p2|Garganacl, L50, M|\n|poke|p2|Flutter Mane, L50|\n|poke|p2|Iron Bundle, L50|\n|teampreview|4\nCogenic has agreed to open team sheets.\n|inactive|Battle timer is ON: inactive players will automatically lose when time's up. (requested by Cogenic)\n|inactive|Cogenic has 60 seconds left.\n|\n|t:|1682794373\n|start\n|switch|p1a: Hawlucha|Hawlucha, L50, F|100\/100\n|switch|p1b: Sableye|Sableye, L50, F|100\/100\n|switch|p2a: Dondozo|Dondozo, L50, F|100\/100\n|switch|p2b: Garganacl|Garganacl, L50, M|100\/100\n|turn|1\n|inactive|Cogenic has 30 seconds left.\n|\n|t:|1682794399\n|move|p1a: Hawlucha|Detect|p1a: Hawlucha\n|-singleturn|p1a: Hawlucha|Protect\n|move|p1b: Sableye|Reflect|p1b: Sableye\n|-sidestart|p1: jaketopus|Reflect\n|move|p2a: Dondozo|Wave Crash|p1a: Hawlucha\n|-activate|p1a: Hawlucha|move: Protect\n|move|p2b: Garganacl|Salt Cure|p1a: Hawlucha\n|-activate|p1a: Hawlucha|move: Protect\n|\n|upkeep\n|turn|2\n|inactive|jaketopus has 30 seconds left.\n|\n|t:|1682794426\n|-terastallize|p1a: Hawlucha|Ghost\n|move|p1b: Sableye|Shadow Sneak|p1a: Hawlucha\n|-supereffective|p1a: Hawlucha\n|-damage|p1a: Hawlucha|84\/100\n|-enditem|p1a: Hawlucha|Weakness Policy\n|-boost|p1a: Hawlucha|atk|2|[from] item: Weakness Policy\n|-boost|p1a: Hawlucha|spa|2|[from] item: Weakness Policy\n|move|p1a: Hawlucha|Close Combat|p2b: Garganacl\n|-supereffective|p2b: Garganacl\n|-damage|p2b: Garganacl|0 fnt\n|-unboost|p1a: Hawlucha|def|1\n|-unboost|p1a: Hawlucha|spd|1\n|faint|p2b: Garganacl\n|move|p2a: Dondozo|Wave Crash|p1a: Hawlucha\n|-damage|p1a: Hawlucha|4\/100\n|-damage|p2a: Dondozo|81\/100|[from] Recoil\n|\n|-heal|p2a: Dondozo|87\/100|[from] item: Leftovers\n|upkeep\n|\n|t:|1682794436\n|switch|p2b: Corviknight|Corviknight, L50, M|100\/100\n|turn|3\n|\n|t:|1682794454\n|switch|p2b: Tatsugiri|Tatsugiri, L50, M|100\/100\n|-activate|p2b: Tatsugiri|ability: Commander|[of] p2a: Dondozo\n|-boost|p2a: Dondozo|atk|2\n|-boost|p2a: Dondozo|spa|2\n|-boost|p2a: Dondozo|spe|2\n|-boost|p2a: Dondozo|def|2\n|-boost|p2a: Dondozo|spd|2\n|move|p1b: Sableye|Helping Hand|p1a: Hawlucha\n|-singleturn|p1a: Hawlucha|Helping Hand|[of] p1b: Sableye\n|move|p1a: Hawlucha|Close Combat|p2a: Dondozo\n|-damage|p2a: Dondozo|27\/100\n|-unboost|p1a: Hawlucha|def|1\n|-unboost|p1a: Hawlucha|spd|1\n|move|p2a: Dondozo|Earthquake|p1b: Sableye|[spread] p1a,p1b\n|-miss|p2a: Dondozo|p2b: Tatsugiri\n|-damage|p1a: Hawlucha|0 fnt\n|-damage|p1b: Sableye|53\/100\n|faint|p1a: Hawlucha\n|-enditem|p1b: Sableye|Eject Button\n|\n|t:|1682794471\n|switch|p1b: Amoonguss|Amoonguss, L50, M|100\/100\n|\n|-heal|p2a: Dondozo|33\/100|[from] item: Leftovers\n|upkeep\n|\n|t:|1682794483\n|switch|p1a: Volcarona|Volcarona, L50, F|100\/100\n|turn|4\n|\n|t:|1682794499\n|-terastallize|p2a: Dondozo|Grass\n|move|p1a: Volcarona|Protect|p1a: Volcarona\n|-singleturn|p1a: Volcarona|Protect\n|move|p2a: Dondozo|Wave Crash|p1a: Volcarona\n|-activate|p1a: Volcarona|move: Protect\n|move|p1b: Amoonguss|Spore|p2a: Dondozo\n|-immune|p2a: Dondozo\n|\n|-heal|p2a: Dondozo|40\/100|[from] item: Leftovers\n|upkeep\n|turn|5\n|inactive|jaketopus has 30 seconds left.\n|\n|t:|1682794524\n|move|p2a: Dondozo|Wave Crash|p1a: Volcarona\n|-supereffective|p1a: Volcarona\n|-damage|p1a: Volcarona|0 fnt\n|faint|p1a: Volcarona\n|-damage|p2a: Dondozo|12\/100|[from] Recoil\n|move|p1b: Amoonguss|Pollen Puff|p2a: Dondozo\n|-supereffective|p2a: Dondozo\n|-damage|p2a: Dondozo|0 fnt\n|faint|p2a: Dondozo\n|\n|-sideend|p1: jaketopus|Reflect\n|upkeep\n|\n|t:|1682794534\n|switch|p1a: Sableye|Sableye, L50, F|53\/100\n|switch|p2a: Corviknight|Corviknight, L50, M|100\/100\n|turn|6\n|\n|t:|1682794555\n|move|p1a: Sableye|Reflect|p1a: Sableye\n|-sidestart|p1: jaketopus|Reflect\n|move|p2b: Tatsugiri|Draco Meteor|p1a: Sableye\n|-damage|p1a: Sableye|0 fnt\n|-unboost|p2b: Tatsugiri|spa|2\n|faint|p1a: Sableye\n|move|p2a: Corviknight|Brave Bird|p1b: Amoonguss\n|-supereffective|p1b: Amoonguss\n|-damage|p1b: Amoonguss|57\/100\n|-damage|p2a: Corviknight|85\/100|[from] Recoil\n|move|p1b: Amoonguss|Spore|p2a: Corviknight\n|-status|p2a: Corviknight|slp|[from] move: Spore\n|\n|upkeep\n|turn|7\n|c|\u2606Cogenic|coincidentally\n|\n|t:|1682794573\n|move|p2b: Tatsugiri|Draco Meteor|p1b: Amoonguss\n|-damage|p1b: Amoonguss|33\/100\n|-unboost|p2b: Tatsugiri|spa|2\n|-enditem|p1b: Amoonguss|Sitrus Berry|[eat]\n|-heal|p1b: Amoonguss|58\/100|[from] item: Sitrus Berry\n|cant|p2a: Corviknight|slp\n|move|p1b: Amoonguss|Pollen Puff|p2b: Tatsugiri\n|-damage|p2b: Tatsugiri|76\/100\n|\n|upkeep\n|turn|8\n|c|\u2606Cogenic|i just removed goggles from this bird lol\n|inactive|jaketopus has 30 seconds left.\n|c|\u2606jaketopus|i tried the same but def needs goggles\n|\n|t:|1682794608\n|move|p1b: Amoonguss|Protect|p1b: Amoonguss\n|-singleturn|p1b: Amoonguss|Protect\n|move|p2b: Tatsugiri|Draco Meteor|p1b: Amoonguss\n|-activate|p1b: Amoonguss|move: Protect\n|-curestatus|p2a: Corviknight|slp|[msg]\n|move|p2a: Corviknight|Brave Bird|p1b: Amoonguss\n|-activate|p1b: Amoonguss|move: Protect\n|\n|upkeep\n|turn|9\n|c|\u2606Cogenic|nah its doing fine here\n|\n|t:|1682794619\n|move|p2b: Tatsugiri|Draco Meteor|p1b: Amoonguss\n|-damage|p1b: Amoonguss|42\/100\n|-unboost|p2b: Tatsugiri|spa|2\n|move|p2a: Corviknight|Brave Bird|p1b: Amoonguss\n|-supereffective|p1b: Amoonguss\n|-damage|p1b: Amoonguss|0 fnt\n|faint|p1b: Amoonguss\n|-damage|p2a: Corviknight|70\/100|[from] Recoil\n|\n|win|Cogenic\n|raw|jaketopus's rating: 1298 → 1278<\/strong> (-20 for losing)\n|raw|Cogenic's rating: 1371 → 1387<\/strong> (+16 for winning)\n|c|\u2606Cogenic|gg\n|c|\u2606jaketopus|gtg\n|l|\u2606jaketopus\n|c|\u2606Cogenic|gtg?\n","uploadtime":1682794636,"views":18,"p1id":"jaketopus","p2id":"cogenic","formatid":"gen9vgc2023regulationc","rating":1278,"private":0,"password":""}