{"id":"gen9vgc2023regulationc-1855989027","p1":"littlemagpie2","p2":"vgcclimber4","format":"[Gen 9] VGC 2023 Regulation C","log":"|j|\u2606littlemagpie2\n|j|\u2606vgcclimber4\n|t:|1683012874\n|gametype|doubles\n|player|p1|littlemagpie2|workerice|1118\n|player|p2|vgcclimber4|red|1118\n|teamsize|p1|6\n|teamsize|p2|6\n|gen|9\n|tier|[Gen 9] VGC 2023 Regulation C\n|rated|\n|rule|Species Clause: Limit one of each Pok\u00e9mon\n|rule|Item Clause: Limit one of each item\n|clearpoke\n|poke|p1|Tyranitar, L50, M|\n|poke|p1|Garchomp, L50, F|\n|poke|p1|Houndstone, L50, F|\n|poke|p1|Volcarona, L50, F|\n|poke|p1|Bronzong, L50|\n|poke|p1|Garganacl, L50, F|\n|poke|p2|Flutter Mane, L50|\n|poke|p2|Iron Moth, L50|\n|poke|p2|Dragonite, L50, M|\n|poke|p2|Arcanine, L50, M|\n|poke|p2|Tatsugiri-Stretchy, L50, F|\n|poke|p2|Dondozo, L50, M|\n|teampreview|4\nlittlemagpie2 has agreed to open team sheets.\n|\n|t:|1683012924\n|start\n|switch|p1a: Tyranitar|Tyranitar, L50, M|100\/100\n|switch|p1b: Garganacl|Garganacl, L50, F|100\/100\n|switch|p2a: Tatsugiri|Tatsugiri-Stretchy, L50, F|100\/100\n|switch|p2b: Dondozo|Dondozo, L50, M|100\/100\n|-activate|p2a: Tatsugiri|ability: Commander|[of] p2b: Dondozo\n|-boost|p2b: Dondozo|atk|2\n|-boost|p2b: Dondozo|spa|2\n|-boost|p2b: Dondozo|spe|2\n|-boost|p2b: Dondozo|def|2\n|-boost|p2b: Dondozo|spd|2\n|-weather|Sandstorm|[from] ability: Sand Stream|[of] p1a: Tyranitar\n|turn|1\n|\n|t:|1683012961\n|switch|p1a: Bronzong|Bronzong, L50|100\/100\n|-terastallize|p2b: Dondozo|Grass\n|move|p2b: Dondozo|Wave Crash|p1a: Bronzong\n|-damage|p1a: Bronzong|11\/100\n|-enditem|p1a: Bronzong|Sitrus Berry|[eat]\n|-heal|p1a: Bronzong|36\/100|[from] item: Sitrus Berry\n|-damage|p2b: Dondozo|78\/100|[from] Recoil\n|move|p1b: Garganacl|Salt Cure|p2b: Dondozo\n|-damage|p2b: Dondozo|73\/100\n|-start|p2b: Dondozo|Salt Cure\n|\n|-weather|Sandstorm|[upkeep]\n|-damage|p2a: Tatsugiri|95\/100|[from] Sandstorm\n|-damage|p2b: Dondozo|67\/100|[from] Sandstorm\n|-damage|p2b: Dondozo|55\/100|[from] Salt Cure\n|upkeep\n|turn|2\n|\n|t:|1683012985\n|move|p2b: Dondozo|Earthquake|p1b: Garganacl|[spread] p1b\n|-miss|p2b: Dondozo|p2a: Tatsugiri\n|-immune|p1a: Bronzong|[from] ability: Levitate\n|-supereffective|p1b: Garganacl\n|-damage|p1b: Garganacl|53\/100\n|move|p1b: Garganacl|Recover|p1b: Garganacl\n|-heal|p1b: Garganacl|100\/100\n|move|p1a: Bronzong|Trick Room|p1a: Bronzong\n|-fieldstart|move: Trick Room|[of] p1a: Bronzong\n|\n|-weather|Sandstorm|[upkeep]\n|-damage|p2b: Dondozo|48\/100|[from] Sandstorm\n|-damage|p2a: Tatsugiri|89\/100|[from] Sandstorm\n|-damage|p2b: Dondozo|36\/100|[from] Salt Cure\n|upkeep\n|turn|3\n|\n|t:|1683013008\n|move|p1a: Bronzong|Reflect|p1a: Bronzong\n|-sidestart|p1: littlemagpie2|Reflect\n|move|p1b: Garganacl|Body Press|p2b: Dondozo\n|-damage|p2b: Dondozo|25\/100\n|move|p2b: Dondozo|Rest|p2b: Dondozo\n|-status|p2b: Dondozo|slp|[from] move: Rest\n|-heal|p2b: Dondozo|100\/100 slp|[silent]\n|-enditem|p2b: Dondozo|Chesto Berry|[eat]\n|-curestatus|p2b: Dondozo|slp|[msg]\n|\n|-weather|Sandstorm|[upkeep]\n|-damage|p2b: Dondozo|94\/100|[from] Sandstorm\n|-damage|p2a: Tatsugiri|84\/100|[from] Sandstorm\n|-damage|p2b: Dondozo|82\/100|[from] Salt Cure\n|upkeep\n|turn|4\n|\n|t:|1683013027\n|move|p1a: Bronzong|Gyro Ball|p2b: Dondozo\n|-damage|p2b: Dondozo|68\/100\n|move|p1b: Garganacl|Body Press|p2b: Dondozo\n|-damage|p2b: Dondozo|58\/100\n|move|p2b: Dondozo|Wave Crash|p1b: Garganacl\n|-supereffective|p1b: Garganacl\n|-damage|p1b: Garganacl|33\/100\n|-damage|p2b: Dondozo|37\/100|[from] Recoil\n|\n|-weather|Sandstorm|[upkeep]\n|-damage|p2b: Dondozo|31\/100|[from] Sandstorm\n|-damage|p2a: Tatsugiri|78\/100|[from] Sandstorm\n|-heal|p1b: Garganacl|39\/100|[from] item: Leftovers\n|-damage|p2b: Dondozo|19\/100|[from] Salt Cure\n|upkeep\n|turn|5\n|\n|t:|1683013044\n|move|p1a: Bronzong|Gyro Ball|p2b: Dondozo\n|-damage|p2b: Dondozo|4\/100\n|move|p1b: Garganacl|Body Press|p2b: Dondozo\n|-damage|p2b: Dondozo|0 fnt\n|faint|p2b: Dondozo\n|\n|-weather|Sandstorm|[upkeep]\n|-damage|p2a: Tatsugiri|73\/100|[from] Sandstorm\n|-heal|p1b: Garganacl|44\/100|[from] item: Leftovers\n|upkeep\n|\n|t:|1683013059\n|switch|p2b: Flutter Mane|Flutter Mane, L50|100\/100\n|turn|6\n|\n|t:|1683013066\n|move|p2b: Flutter Mane|Protect|p2b: Flutter Mane\n|-singleturn|p2b: Flutter Mane|Protect\n|move|p1a: Bronzong|Gyro Ball|p2b: Flutter Mane\n|-activate|p2b: Flutter Mane|move: Protect\n|move|p1b: Garganacl|Salt Cure|p2a: Tatsugiri\n|-damage|p2a: Tatsugiri|47\/100\n|-start|p2a: Tatsugiri|Salt Cure\n|move|p2a: Tatsugiri|Muddy Water|p1b: Garganacl|[spread] p1b\n|-miss|p2a: Tatsugiri|p1a: Bronzong\n|-supereffective|p1b: Garganacl\n|-damage|p1b: Garganacl|4\/100\n|\n|-weather|Sandstorm|[upkeep]\n|-damage|p2b: Flutter Mane|95\/100|[from] Sandstorm\n|-damage|p2a: Tatsugiri|42\/100|[from] Sandstorm\n|-heal|p1b: Garganacl|10\/100|[from] item: Leftovers\n|-damage|p2a: Tatsugiri|17\/100|[from] Salt Cure\n|-fieldend|move: Trick Room\n|upkeep\n|turn|7\n|\n|t:|1683013089\n|move|p1b: Garganacl|Wide Guard|p1b: Garganacl\n|-singleturn|p1b: Garganacl|Wide Guard\n|move|p2a: Tatsugiri|Muddy Water|p1b: Garganacl|[spread] \n|-activate|p1a: Bronzong|move: Wide Guard\n|-activate|p1b: Garganacl|move: Wide Guard\n|move|p2b: Flutter Mane|Shadow Ball|p1a: Bronzong\n|-supereffective|p1a: Bronzong\n|-damage|p1a: Bronzong|0 fnt\n|faint|p1a: Bronzong\n|-damage|p2b: Flutter Mane|85\/100|[from] item: Life Orb\n|\n|-weather|Sandstorm|[upkeep]\n|-damage|p2a: Tatsugiri|12\/100|[from] Sandstorm\n|-damage|p2b: Flutter Mane|80\/100|[from] Sandstorm\n|-heal|p1b: Garganacl|15\/100|[from] item: Leftovers\n|-damage|p2a: Tatsugiri|0 fnt|[from] Salt Cure\n|faint|p2a: Tatsugiri\n|-sideend|p1: littlemagpie2|Reflect\n|upkeep\n|\n|t:|1683013106\n|switch|p2a: Dragonite|Dragonite, L50, M|100\/100\n|switch|p1a: Volcarona|Volcarona, L50, F|100\/100\n|turn|8\n|\n|t:|1683013147\n|move|p2b: Flutter Mane|Shadow Ball|p1a: Volcarona\n|-damage|p1a: Volcarona|62\/100\n|-damage|p2b: Flutter Mane|70\/100|[from] item: Life Orb\n|move|p1a: Volcarona|Struggle Bug|p2b: Flutter Mane|[spread] p2a,p2b\n|-resisted|p2a: Dragonite\n|-resisted|p2b: Flutter Mane\n|-damage|p2a: Dragonite|98\/100\n|-damage|p2b: Flutter Mane|67\/100\n|-unboost|p2a: Dragonite|spa|1\n|-unboost|p2b: Flutter Mane|spa|1\n|move|p2a: Dragonite|Outrage|p1a: Volcarona\n|-damage|p1a: Volcarona|0 fnt\n|faint|p1a: Volcarona\n|move|p1b: Garganacl|Salt Cure|p2a: Dragonite\n|-supereffective|p2a: Dragonite\n|-damage|p2a: Dragonite|69\/100\n|-start|p2a: Dragonite|Salt Cure\n|\n|-weather|none\n|-heal|p1b: Garganacl|21\/100|[from] item: Leftovers\n|-damage|p2a: Dragonite|57\/100|[from] Salt Cure\n|upkeep\n|\n|t:|1683013164\n|switch|p1a: Tyranitar|Tyranitar, L50, M|100\/100\n|-weather|Sandstorm|[from] ability: Sand Stream|[of] p1a: Tyranitar\n|turn|9\n|\n|t:|1683013178\n|-terastallize|p1a: Tyranitar|Flying\n|move|p2b: Flutter Mane|Shadow Ball|p1b: Garganacl\n|-damage|p1b: Garganacl|8\/100\n|-damage|p2b: Flutter Mane|57\/100|[from] item: Life Orb\n|move|p2a: Dragonite|Outrage|p1b: Garganacl|[from]lockedmove\n|-damage|p1b: Garganacl|0 fnt\n|faint|p1b: Garganacl\n|move|p1a: Tyranitar|Rock Slide|p2b: Flutter Mane|[spread] p2a,p2b\n|-supereffective|p2a: Dragonite\n|-damage|p2a: Dragonite|0 fnt\n|-damage|p2b: Flutter Mane|6\/100\n|faint|p2a: Dragonite\n|\n|-weather|Sandstorm|[upkeep]\n|-damage|p2b: Flutter Mane|0 fnt|[from] Sandstorm\n|-damage|p1a: Tyranitar|95\/100|[from] Sandstorm\n|faint|p2b: Flutter Mane\n|-end|p2b: Flutter Mane|Protosynthesis|[silent]\n|\n|win|littlemagpie2\n|upkeep\n|raw|littlemagpie2's rating: 1118 → 1143<\/strong> (+25 for winning)\n|raw|vgcclimber4's rating: 1118 → 1093<\/strong> (-25 for losing)\n|c|\u2606littlemagpie2|gg\n|l|\u2606vgcclimber4\n","uploadtime":1683013200,"views":15,"p1id":"littlemagpie2","p2id":"vgcclimber4","formatid":"gen9vgc2023regulationc","rating":1093,"private":0,"password":""}