{"id":"gen9vgc2023regulationc-1863730092","p1":"revocolombia","p2":"Bobeti","format":"[Gen 9] VGC 2023 Regulation C","log":"|j|\u2606revocolombia\n|j|\u2606Bobeti\n|t:|1684068546\n|gametype|doubles\n|player|p1|revocolombia|pokemonranger-gen4|1447\n|player|p2|Bobeti|1|1492\n|teamsize|p1|6\n|teamsize|p2|6\n|gen|9\n|tier|[Gen 9] VGC 2023 Regulation C\n|rated|\n|rule|Species Clause: Limit one of each Pok\u00e9mon\n|rule|Item Clause: Limit one of each item\n|clearpoke\n|poke|p1|Flutter Mane, L50|\n|poke|p1|Annihilape, L50, M|\n|poke|p1|Dragonite, L50, F|\n|poke|p1|Chien-Pao, L50|\n|poke|p1|Murkrow, L50, M|\n|poke|p1|Gholdengo, L50|\n|poke|p2|Orthworm, L50, M|\n|poke|p2|Dragonite, L50, F|\n|poke|p2|Ting-Lu, L50|\n|poke|p2|Gyarados, L50, M|\n|poke|p2|Flutter Mane, L50|\n|poke|p2|Chien-Pao, L50|\n|teampreview|4\n|\n|t:|1684068572\n|start\n|switch|p1a: Dragonite|Dragonite, L50, F|100\/100\n|switch|p1b: Chien-Pao|Chien-Pao, L50|100\/100\n|switch|p2a: Orthworm|Orthworm, L50, M|100\/100\n|switch|p2b: Ting-Lu|Ting-Lu, L50|100\/100\n|-ability|p1b: Chien-Pao|Sword of Ruin\n|-ability|p2b: Ting-Lu|Vessel of Ruin\n|turn|1\n|\n|t:|1684068588\n|-terastallize|p2a: Orthworm|Poison\n|move|p1b: Chien-Pao|Sacred Sword|p2a: Orthworm\n|-resisted|p2a: Orthworm\n|-damage|p2a: Orthworm|87\/100\n|move|p1a: Dragonite|Low Kick|p2a: Orthworm\n|-resisted|p2a: Orthworm\n|-damage|p2a: Orthworm|66\/100\n|move|p2b: Ting-Lu|Rock Slide|p1a: Dragonite|[spread] p1a,p1b\n|-supereffective|p1a: Dragonite\n|-supereffective|p1b: Chien-Pao\n|-damage|p1a: Dragonite|67\/100\n|-damage|p1b: Chien-Pao|34\/100\n|move|p2a: Orthworm|Heavy Slam|p1b: Chien-Pao\n|-supereffective|p1b: Chien-Pao\n|-damage|p1b: Chien-Pao|0 fnt\n|faint|p1b: Chien-Pao\n|\n|upkeep\n|\n|t:|1684068605\n|switch|p1b: Annihilape|Annihilape, L50, M, shiny|100\/100\n|turn|2\n|\n|t:|1684068616\n|move|p1a: Dragonite|Low Kick|p2b: Ting-Lu\n|-supereffective|p2b: Ting-Lu\n|-damage|p2b: Ting-Lu|38\/100\n|move|p1b: Annihilape|Bulk Up|p1b: Annihilape\n|-boost|p1b: Annihilape|atk|1\n|-boost|p1b: Annihilape|def|1\n|move|p2b: Ting-Lu|Rock Slide|p1a: Dragonite|[spread] p1a,p1b\n|-supereffective|p1a: Dragonite\n|-resisted|p1b: Annihilape\n|-damage|p1a: Dragonite|17\/100\n|-damage|p1b: Annihilape|92\/100\n|move|p2a: Orthworm|Shed Tail|p2a: Orthworm\n|-start|p2a: Orthworm|Substitute|[from] move: Shed Tail\n|-damage|p2a: Orthworm|16\/100\n|-enditem|p2a: Orthworm|Sitrus Berry|[eat]\n|-heal|p2a: Orthworm|41\/100|[from] item: Sitrus Berry\n|\n|t:|1684068634\n|switch|p2a: Flutter Mane|Flutter Mane, L50|100\/100|[from] Shed Tail\n|\n|-heal|p1b: Annihilape|99\/100|[from] item: Leftovers\n|upkeep\n|turn|3\n|\n|t:|1684068652\n|switch|p2b: Orthworm|Orthworm, L50, M, tera:Poison|41\/100\n|-terastallize|p1b: Annihilape|Fire\n|move|p2a: Flutter Mane|Dazzling Gleam|p1b: Annihilape|[spread] p1a,p1b\n|-supereffective|p1a: Dragonite\n|-resisted|p1b: Annihilape\n|-damage|p1a: Dragonite|0 fnt\n|-damage|p1b: Annihilape|80\/100\n|faint|p1a: Dragonite\n|move|p1b: Annihilape|Rage Fist|p2a: Flutter Mane\n|-supereffective|p2a: Flutter Mane\n|-end|p2a: Flutter Mane|Substitute\n|\n|-heal|p1b: Annihilape|87\/100|[from] item: Leftovers\n|upkeep\n|\n|t:|1684068668\n|switch|p1a: Murkrow|Murkrow, L50, M|100\/100\n|turn|4\n|\n|t:|1684068689\n|move|p1a: Murkrow|Tailwind|p1a: Murkrow\n|-sidestart|p1: revocolombia|move: Tailwind\n|move|p1b: Annihilape|Rage Fist|p2a: Flutter Mane\n|-supereffective|p2a: Flutter Mane\n|-damage|p2a: Flutter Mane|0 fnt\n|faint|p2a: Flutter Mane\n|-end|p2a: Flutter Mane|Protosynthesis|[silent]\n|move|p2b: Orthworm|Body Press|p1a: Murkrow\n|-damage|p1a: Murkrow|68\/100\n|\n|-heal|p1b: Annihilape|93\/100|[from] item: Leftovers\n|upkeep\n|\n|t:|1684068717\n|switch|p2a: Chien-Pao|Chien-Pao, L50|100\/100\n|-ability|p2a: Chien-Pao|Sword of Ruin\n|turn|5\n|\n|t:|1684068746\n|move|p1b: Annihilape|Bulk Up|p1b: Annihilape\n|-boost|p1b: Annihilape|atk|1\n|-boost|p1b: Annihilape|def|1\n|move|p1a: Murkrow|Foul Play|p2a: Chien-Pao\n|-resisted|p2a: Chien-Pao\n|-damage|p2a: Chien-Pao|70\/100\n|move|p2a: Chien-Pao|Ice Spinner|p1a: Murkrow\n|-supereffective|p1a: Murkrow\n|-damage|p1a: Murkrow|0 fnt\n|faint|p1a: Murkrow\n|move|p2b: Orthworm|Iron Defense|p2b: Orthworm\n|-boost|p2b: Orthworm|def|2\n|\n|-heal|p1b: Annihilape|99\/100|[from] item: Leftovers\n|upkeep\n|turn|6\n|\n|t:|1684068769\n|move|p1b: Annihilape|Rage Fist|p2a: Chien-Pao\n|-resisted|p2a: Chien-Pao\n|-damage|p2a: Chien-Pao|0 fnt\n|faint|p2a: Chien-Pao\n|move|p2b: Orthworm|Iron Defense|p2b: Orthworm\n|-boost|p2b: Orthworm|def|2\n|\n|-heal|p1b: Annihilape|100\/100|[from] item: Leftovers\n|upkeep\n|\n|t:|1684068772\n|switch|p2a: Ting-Lu|Ting-Lu, L50|38\/100\n|-ability|p2a: Ting-Lu|Vessel of Ruin\n|turn|7\n|\n|t:|1684068785\n|move|p1b: Annihilape|Drain Punch|p2a: Ting-Lu\n|-supereffective|p2a: Ting-Lu\n|-damage|p2a: Ting-Lu|0 fnt\n|faint|p2a: Ting-Lu\n|move|p2b: Orthworm|Body Press|p1b: Annihilape\n|-damage|p1b: Annihilape|56\/100\n|\n|-heal|p1b: Annihilape|62\/100|[from] item: Leftovers\n|-sideend|p1: revocolombia|move: Tailwind\n|upkeep\n|turn|8\n|\n|t:|1684068796\n|move|p1b: Annihilape|Rage Fist|p2b: Orthworm\n|-damage|p2b: Orthworm|1\/100\n|move|p2b: Orthworm|Body Press|p1b: Annihilape\n|-damage|p1b: Annihilape|20\/100\n|\n|-heal|p1b: Annihilape|26\/100|[from] item: Leftovers\n|upkeep\n|turn|9\n|\n|t:|1684068810\n|move|p1b: Annihilape|Rage Fist|p2b: Orthworm\n|-damage|p2b: Orthworm|0 fnt\n|faint|p2b: Orthworm\n|\n|win|revocolombia\n|raw|revocolombia's rating: 1447 → 1470<\/strong> (+23 for winning)\n|raw|Bobeti's rating: 1492 → 1469<\/strong> (-23 for losing)\n","uploadtime":1684068818,"views":10,"p1id":"revocolombia","p2id":"bobeti","formatid":"gen9vgc2023regulationc","rating":1469,"private":0,"password":""}