{"id":"gen9vgc2023regulationc-1846221934","p1":"DanielP4l4d1n0","p2":"ApoloVGCfumada","format":"[Gen 9] VGC 2023 Regulation C","log":"|j|\u2606DanielP4l4d1n0\n|j|\u2606ApoloVGCfumada\n|t:|1681822770\n|gametype|doubles\n|player|p1|DanielP4l4d1n0|will|1460\n|player|p2|ApoloVGCfumada|lucas|1390\n|teamsize|p1|6\n|teamsize|p2|6\n|gen|9\n|tier|[Gen 9] VGC 2023 Regulation C\n|rated|\n|rule|Species Clause: Limit one of each Pok\u00e9mon\n|rule|Item Clause: Limit one of each item\n|clearpoke\n|poke|p1|Dragapult, L50, M|\n|poke|p1|Chien-Pao, L50|\n|poke|p1|Gyarados, L50, M|\n|poke|p1|Glimmora, L50, M|\n|poke|p1|Flutter Mane, L50|\n|poke|p1|Ting-Lu, L50|\n|poke|p2|Orthworm, L50, M|\n|poke|p2|Dragonite, L50, M|\n|poke|p2|Ting-Lu, L50|\n|poke|p2|Gyarados, L50, M|\n|poke|p2|Flutter Mane, L50|\n|poke|p2|Chien-Pao, L50|\n|teampreview|4\nDanielP4l4d1n0 has agreed to open team sheets.\nApoloVGCfumada has agreed to open team sheets.\n|inactive|Battle timer is ON: inactive players will automatically lose when time's up. (requested by ApoloVGCfumada)\n|inactive|DanielP4l4d1n0 has 60 seconds left.\n|inactive|ApoloVGCfumada has 60 seconds left.\n|\n|t:|1681822821\n|start\n|switch|p1a: Dragapult|Dragapult, L50, M|100\/100\n|switch|p1b: Gyarados|Gyarados, L50, M|100\/100\n|switch|p2a: Orthworm|Orthworm, L50, M|100\/100\n|switch|p2b: Gyarados|Gyarados, L50, M|100\/100\n|-ability|p2b: Gyarados|Intimidate|boost\n|-fail|p1a: Dragapult|unboost|[from] ability: Clear Body|[of] p1a: Dragapult\n|-unboost|p1b: Gyarados|atk|1\n|-ability|p1b: Gyarados|Intimidate|boost\n|-unboost|p2a: Orthworm|atk|1\n|-unboost|p2b: Gyarados|atk|1\n|turn|1\n|inactive|DanielP4l4d1n0 has 30 seconds left.\n|inactive|ApoloVGCfumada has 30 seconds left.\n|inactive|DanielP4l4d1n0 has 20 seconds left.\n|inactive|DanielP4l4d1n0 has 15 seconds left.\n|\n|t:|1681822864\n|move|p1a: Dragapult|Dragon Darts|p2a: Orthworm\n|-resisted|p2a: Orthworm\n|-damage|p2a: Orthworm|88\/100\n|-anim|p1a: Dragapult|Dragon Darts|p2b: Gyarados\n|-damage|p2b: Gyarados|61\/100\n|move|p2b: Gyarados|Thunder Wave|p1b: Gyarados\n|-status|p1b: Gyarados|par\n|-enditem|p1b: Gyarados|Lum Berry|[eat]\n|-curestatus|p1b: Gyarados|par|[msg]\n|move|p1b: Gyarados|Taunt|p2a: Orthworm\n|-start|p2a: Orthworm|move: Taunt\n|cant|p2a: Orthworm|move: Taunt|Shed Tail\n|\n|upkeep\n|turn|2\n|\n|t:|1681822888\n|switch|p1a: Glimmora|Glimmora, L50, M|100\/100\n|move|p2b: Gyarados|Thunder Wave|p1a: Glimmora\n|-status|p1a: Glimmora|par\n|move|p1b: Gyarados|Thunder Wave|p2b: Gyarados\n|-status|p2b: Gyarados|par\n|move|p2a: Orthworm|Heavy Slam|p1a: Glimmora\n|-supereffective|p1a: Glimmora\n|-damage|p1a: Glimmora|48\/100 par\n|-activate|p1a: Glimmora|ability: Toxic Debris\n|-sidestart|p2: ApoloVGCfumada|move: Toxic Spikes\n|-enditem|p1a: Glimmora|Sitrus Berry|[eat]\n|-heal|p1a: Glimmora|72\/100 par|[from] item: Sitrus Berry\n|\n|upkeep\n|turn|3\n|inactive|ApoloVGCfumada has 30 seconds left.\n|\n|t:|1681822920\n|cant|p1a: Glimmora|par\n|move|p1b: Gyarados|Taunt|p2b: Gyarados\n|-start|p2b: Gyarados|move: Taunt\n|move|p2a: Orthworm|Heavy Slam|p1a: Glimmora\n|-supereffective|p1a: Glimmora\n|-damage|p1a: Glimmora|20\/100 par\n|-activate|p1a: Glimmora|ability: Toxic Debris\n|-sidestart|p2: ApoloVGCfumada|move: Toxic Spikes\n|cant|p2b: Gyarados|move: Taunt|Thunder Wave\n|\n|-end|p2a: Orthworm|move: Taunt\n|upkeep\n|turn|4\n|\n|t:|1681822940\n|switch|p1a: Dragapult|Dragapult, L50, M|100\/100\n|move|p1b: Gyarados|Taunt|p2a: Orthworm\n|-start|p2a: Orthworm|move: Taunt\n|move|p2a: Orthworm|Heavy Slam|p1b: Gyarados\n|-resisted|p1b: Gyarados\n|-damage|p1b: Gyarados|96\/100\n|move|p2b: Gyarados|Bulldoze|p1b: Gyarados|[spread] p1a\n|-heal|p2a: Orthworm|100\/100|[from] ability: Earth Eater|[of] p2b: Gyarados\n|-immune|p1b: Gyarados\n|-damage|p1a: Dragapult|89\/100\n|\n|upkeep\n|turn|5\n|inactive|ApoloVGCfumada has 30 seconds left.\n|inactive|ApoloVGCfumada has 20 seconds left.\n|inactive|ApoloVGCfumada has 15 seconds left.\n|\n|t:|1681822981\n|switch|p2a: Dragonite|Dragonite, L50, M|100\/100\n|move|p1a: Dragapult|Dragon Darts|p2b: Gyarados\n|-damage|p2b: Gyarados|26\/100 par\n|-anim|p1a: Dragapult|Dragon Darts|p2a: Dragonite\n|-supereffective|p2a: Dragonite\n|-damage|p2a: Dragonite|63\/100\n|move|p1b: Gyarados|Waterfall|p2b: Gyarados\n|-resisted|p2b: Gyarados\n|-damage|p2b: Gyarados|15\/100 par\n|move|p2b: Gyarados|Waterfall|p1a: Dragapult\n|-resisted|p1a: Dragapult\n|-damage|p1a: Dragapult|73\/100\n|\n|-end|p2b: Gyarados|move: Taunt\n|upkeep\n|turn|6\n|inactive|ApoloVGCfumada has 30 seconds left.\n|j| DondozoCrowned\n|l| DondozoCrowned\n|inactive|ApoloVGCfumada has 20 seconds left.\n|\n|t:|1681823018\n|switch|p1b: Chien-Pao|Chien-Pao, L50|100\/100\n|-ability|p1b: Chien-Pao|Sword of Ruin\n|-terastallize|p2a: Dragonite|Flying\n|move|p1a: Dragapult|Dragon Darts|p2b: Gyarados\n|-damage|p2b: Gyarados|0 fnt\n|-anim|p1a: Dragapult|Dragon Darts|p2a: Dragonite\n|-damage|p2a: Dragonite|14\/100\n|faint|p2b: Gyarados\n|move|p2a: Dragonite|Tera Blast|p1a: Dragapult\n|-damage|p1a: Dragapult|0 fnt\n|faint|p1a: Dragapult\n|\n|upkeep\n|\n|t:|1681823036\n|switch|p1a: Gyarados|Gyarados, L50, M|96\/100\n|switch|p2b: Orthworm|Orthworm, L50, M|100\/100\n|-ability|p1a: Gyarados|Intimidate|boost\n|-unboost|p2a: Dragonite|atk|1\n|-unboost|p2b: Orthworm|atk|1\n|turn|7\n|inactive|DanielP4l4d1n0 has 30 seconds left.\n|\n|t:|1681823061\n|move|p1b: Chien-Pao|Protect|p1b: Chien-Pao\n|-singleturn|p1b: Chien-Pao|Protect\n|move|p2a: Dragonite|Extreme Speed|p1b: Chien-Pao\n|-activate|p1b: Chien-Pao|move: Protect\n|move|p1a: Gyarados|Waterfall|p2a: Dragonite\n|-crit|p2a: Dragonite\n|-damage|p2a: Dragonite|0 fnt\n|faint|p2a: Dragonite\n|move|p2b: Orthworm|Iron Defense|p2b: Orthworm\n|-boost|p2b: Orthworm|def|2\n|\n|upkeep\n|\n|t:|1681823072\n|switch|p2a: Flutter Mane|Flutter Mane, L50|100\/100\n|-status|p2a: Flutter Mane|tox\n|turn|8\n|\n|t:|1681823089\n|switch|p1b: Glimmora|Glimmora, L50, M|20\/100 par\n|move|p2a: Flutter Mane|Dazzling Gleam|p1b: Glimmora|[spread] p1a,p1b\n|-resisted|p1b: Glimmora\n|-damage|p1a: Gyarados|65\/100\n|-damage|p1b: Glimmora|0 fnt\n|faint|p1b: Glimmora\n|move|p1a: Gyarados|Thunder Wave|p2b: Orthworm\n|-status|p2b: Orthworm|par\n|cant|p2b: Orthworm|par\n|\n|-damage|p2a: Flutter Mane|94\/100 tox|[from] psn\n|upkeep\n|\n|t:|1681823100\n|switch|p1b: Chien-Pao|Chien-Pao, L50|100\/100\n|-ability|p1b: Chien-Pao|Sword of Ruin\n|turn|9\n|\n|t:|1681823110\n|move|p1b: Chien-Pao|Protect|p1b: Chien-Pao\n|-singleturn|p1b: Chien-Pao|Protect\n|move|p2a: Flutter Mane|Dazzling Gleam|p1b: Chien-Pao|[spread] p1a\n|-activate|p1b: Chien-Pao|move: Protect\n|-damage|p1a: Gyarados|34\/100\n|move|p1a: Gyarados|Waterfall|p2a: Flutter Mane\n|-crit|p2a: Flutter Mane\n|-damage|p2a: Flutter Mane|0 fnt\n|faint|p2a: Flutter Mane\n|-end|p2a: Flutter Mane|Protosynthesis|[silent]\n|move|p2b: Orthworm|Body Press|p1b: Chien-Pao\n|-activate|p1b: Chien-Pao|move: Protect\n|\n|upkeep\n|turn|10\n|\n|t:|1681823125\n|-terastallize|p1b: Chien-Pao|Ghost\n|move|p1b: Chien-Pao|Sacred Sword|p2b: Orthworm\n|-supereffective|p2b: Orthworm\n|-damage|p2b: Orthworm|49\/100 par\n|-enditem|p2b: Orthworm|Sitrus Berry|[eat]\n|-heal|p2b: Orthworm|74\/100 par|[from] item: Sitrus Berry\n|move|p1a: Gyarados|Waterfall|p2b: Orthworm\n|-damage|p2b: Orthworm|59\/100 par\n|move|p2b: Orthworm|Body Press|p1b: Chien-Pao\n|-immune|p1b: Chien-Pao\n|\n|upkeep\n|turn|11\n|-message|ApoloVGCfumada forfeited.\n|\n|win|DanielP4l4d1n0\n|raw|DanielP4l4d1n0's rating: 1460 → 1476<\/strong> (+16 for winning)\n|raw|ApoloVGCfumada's rating: 1390 → 1374<\/strong> (-16 for losing)\n","uploadtime":1681823137,"views":8,"p1id":"danielp4l4d1n0","p2id":"apolovgcfumada","formatid":"gen9vgc2023regulationc","rating":1374,"private":0,"password":""}