{"id":"gen9vgc2023regulationc-1864134870","p1":"HardStark98","p2":"The Spicy Cigar","format":"[Gen 9] VGC 2023 Regulation C","log":"|j|\u2606HardStark98\n|j|\u2606The Spicy Cigar\n|t:|1684122675\n|gametype|doubles\n|player|p1|HardStark98|lucas|1166\n|player|p2|The Spicy Cigar|smasher|1134\n|teamsize|p1|6\n|teamsize|p2|6\n|gen|9\n|tier|[Gen 9] VGC 2023 Regulation C\n|rated|\n|rule|Species Clause: Limit one of each Pok\u00e9mon\n|rule|Item Clause: Limit one of each item\n|clearpoke\n|poke|p1|Abomasnow, L50, M|\n|poke|p1|Iron Bundle, L50|\n|poke|p1|Ting-Lu, L50|\n|poke|p1|Ceruledge, L50, M|\n|poke|p1|Gyarados, L50, F|\n|poke|p1|Amoonguss, L50, F|\n|poke|p2|Farigiraf, L50, M|\n|poke|p2|Iron Hands, L50|\n|poke|p2|Ting-Lu, L50|\n|poke|p2|Bronzong, L50|\n|poke|p2|Flutter Mane, L50|\n|poke|p2|Chi-Yu, L50|\n|teampreview|4\nHardStark98 has agreed to open team sheets.\n|\n|t:|1684122747\n|start\n|switch|p1a: Ceruledge|Ceruledge, L50, M|100\/100\n|switch|p1b: Gyarados|Gyarados, L50, F|100\/100\n|switch|p2a: Chi-Yu|Chi-Yu, L50|100\/100\n|switch|p2b: Flutter Mane|Flutter Mane, L50|100\/100\n|-ability|p2a: Chi-Yu|Beads of Ruin\n|-ability|p1b: Gyarados|Intimidate|boost\n|-unboost|p2a: Chi-Yu|atk|1\n|-unboost|p2b: Flutter Mane|atk|1\n|-enditem|p2b: Flutter Mane|Booster Energy\n|-activate|p2b: Flutter Mane|ability: Protosynthesis|[fromitem]\n|-start|p2b: Flutter Mane|protosynthesisspe\n|turn|1\n|\n|t:|1684122832\n|-terastallize|p2a: Chi-Yu|Water\n|-terastallize|p1a: Ceruledge|Grass\n|move|p2b: Flutter Mane|Protect|p2b: Flutter Mane\n|-singleturn|p2b: Flutter Mane|Protect\n|move|p2a: Chi-Yu|Dark Pulse|p1a: Ceruledge\n|-damage|p1a: Ceruledge|50\/100\n|move|p1b: Gyarados|Waterfall|p2a: Chi-Yu\n|-resisted|p2a: Chi-Yu\n|-damage|p2a: Chi-Yu|81\/100\n|cant|p1a: Ceruledge|flinch\n|\n|upkeep\n|turn|2\n|c|\u2606HardStark98|XD\n|c|\u2606HardStark98|nO f\n|c|\u2606The Spicy Cigar|lmaooooooo\n|c|\u2606The Spicy Cigar|damn\n|c|\u2606HardStark98|O sorry\n|\n|t:|1684122899\n|move|p1a: Ceruledge|Protect|p1a: Ceruledge\n|-singleturn|p1a: Ceruledge|Protect\n|move|p2b: Flutter Mane|Thunderbolt|p1b: Gyarados\n|-supereffective|p1b: Gyarados\n|-damage|p1b: Gyarados|0 fnt\n|faint|p1b: Gyarados\n|move|p2a: Chi-Yu|Heat Wave|p1a: Ceruledge\n|-activate|p1a: Ceruledge|move: Protect\n|\n|upkeep\n|c|\u2606HardStark98|I speak spanich\n|c|\u2606HardStark98|Spanish xd\n|c|\u2606The Spicy Cigar|ahhhh\n|c|\u2606HardStark98|That F means so sad\n|c|\u2606HardStark98|So bad\n|c|\u2606HardStark98|Sorry\n|c|\u2606HardStark98|I tought i was playing with a friend\n|c|\u2606The Spicy Cigar|Encantada de conocerte\n|c|\u2606HardStark98|XD\n|c|\u2606HardStark98|Mucho gusto\n|\n|t:|1684122960\n|switch|p1b: Iron Bundle|Iron Bundle, L50|100\/100\n|turn|3\n|\n|t:|1684122983\n|switch|p2a: Farigiraf|Farigiraf, L50, M|100\/100\n|switch|p1a: Abomasnow|Abomasnow, L50, M|100\/100\n|-weather|Snow|[from] ability: Snow Warning|[of] p1a: Abomasnow\n|move|p2b: Flutter Mane|Thunderbolt|p1b: Iron Bundle\n|-supereffective|p1b: Iron Bundle\n|-damage|p1b: Iron Bundle|0 fnt\n|faint|p1b: Iron Bundle\n|-end|p1b: Iron Bundle|Quark Drive|[silent]\n|\n|-weather|Snow|[upkeep]\n|upkeep\n|\n|t:|1684122995\n|switch|p1b: Ceruledge|Ceruledge, L50, M, tera:Grass|50\/100\n|turn|4\n|\n|t:|1684123024\n|move|p2b: Flutter Mane|Dazzling Gleam|p1a: Abomasnow|[spread] p1a,p1b\n|-damage|p1a: Abomasnow|67\/100\n|-damage|p1b: Ceruledge|18\/100\n|move|p1b: Ceruledge|Bitter Blade|p2b: Flutter Mane\n|-damage|p2b: Flutter Mane|7\/100\n|-heal|p1b: Ceruledge|51\/100|[from] drain|[of] p2b: Flutter Mane\n|move|p1a: Abomasnow|Blizzard|p2a: Farigiraf|[spread] p2a,p2b\n|-damage|p2a: Farigiraf|63\/100\n|-damage|p2b: Flutter Mane|0 fnt\n|-status|p2a: Farigiraf|frz\n|faint|p2b: Flutter Mane\n|-end|p2b: Flutter Mane|Protosynthesis|[silent]\n|cant|p2a: Farigiraf|frz\n|\n|-weather|Snow|[upkeep]\n|upkeep\n|\n|t:|1684123034\n|switch|p2b: Chi-Yu|Chi-Yu, L50, tera:Water|81\/100\n|-ability|p2b: Chi-Yu|Beads of Ruin\n|turn|5\n|c|\u2606HardStark98|Siuu\n|\n|t:|1684123064\n|move|p2b: Chi-Yu|Protect|p2b: Chi-Yu\n|-singleturn|p2b: Chi-Yu|Protect\n|move|p1b: Ceruledge|Bitter Blade|p2b: Chi-Yu\n|-activate|p2b: Chi-Yu|move: Protect\n|move|p1a: Abomasnow|Giga Drain|p2b: Chi-Yu\n|-activate|p2b: Chi-Yu|move: Protect\n|cant|p2a: Farigiraf|frz\n|\n|-weather|Snow|[upkeep]\n|upkeep\n|turn|6\n|\n|t:|1684123100\n|move|p2b: Chi-Yu|Dark Pulse|p1b: Ceruledge\n|-damage|p1b: Ceruledge|6\/100\n|move|p1b: Ceruledge|Bitter Blade|p2b: Chi-Yu\n|-resisted|p2b: Chi-Yu\n|-damage|p2b: Chi-Yu|56\/100\n|-heal|p1b: Ceruledge|17\/100|[from] drain|[of] p2b: Chi-Yu\n|move|p1a: Abomasnow|Giga Drain|p2b: Chi-Yu\n|-supereffective|p2b: Chi-Yu\n|-damage|p2b: Chi-Yu|0 fnt\n|-heal|p1a: Abomasnow|91\/100|[from] drain|[of] p2b: Chi-Yu\n|faint|p2b: Chi-Yu\n|cant|p2a: Farigiraf|frz\n|\n|-weather|Snow|[upkeep]\n|upkeep\n|\n|t:|1684123106\n|switch|p2b: Iron Hands|Iron Hands, L50|100\/100\n|turn|7\n|\n|t:|1684123128\n|move|p2b: Iron Hands|Fake Out|p1a: Abomasnow\n|-damage|p1a: Abomasnow|78\/100\n|move|p1b: Ceruledge|Bitter Blade|p2b: Iron Hands\n|-damage|p2b: Iron Hands|67\/100\n|-heal|p1b: Ceruledge|38\/100|[from] drain|[of] p2b: Iron Hands\n|cant|p1a: Abomasnow|flinch\n|cant|p2a: Farigiraf|frz\n|\n|-weather|none\n|upkeep\n|turn|8\n|\n|t:|1684123155\n|move|p1b: Ceruledge|Bitter Blade|p2b: Iron Hands\n|-damage|p2b: Iron Hands|34\/100\n|-heal|p1b: Ceruledge|59\/100|[from] drain|[of] p2b: Iron Hands\n|-enditem|p2b: Iron Hands|Sitrus Berry|[eat]\n|-heal|p2b: Iron Hands|58\/100|[from] item: Sitrus Berry\n|move|p1a: Abomasnow|Earth Power|p2b: Iron Hands\n|-supereffective|p2b: Iron Hands\n|-damage|p2b: Iron Hands|17\/100\n|cant|p2a: Farigiraf|frz\n|move|p2b: Iron Hands|Drain Punch|p1a: Abomasnow\n|-supereffective|p1a: Abomasnow\n|-damage|p1a: Abomasnow|0 fnt\n|-heal|p2b: Iron Hands|50\/100|[from] drain|[of] p1a: Abomasnow\n|faint|p1a: Abomasnow\n|\n|upkeep\n|turn|9\n|c|\u2606HardStark98|Fui muy suertudo\n|\n|t:|1684123175\n|move|p1b: Ceruledge|Bitter Blade|p2b: Iron Hands\n|-damage|p2b: Iron Hands|19\/100\n|-heal|p1b: Ceruledge|79\/100|[from] drain|[of] p2b: Iron Hands\n|cant|p2a: Farigiraf|frz\n|move|p2b: Iron Hands|Wild Charge|p1b: Ceruledge\n|-resisted|p1b: Ceruledge\n|-damage|p1b: Ceruledge|51\/100\n|-damage|p2b: Iron Hands|13\/100|[from] Recoil\n|\n|upkeep\n|turn|10\n|c|\u2606The Spicy Cigar|Sucede\n|\n|t:|1684123220\n|move|p1b: Ceruledge|Bitter Blade|p2b: Iron Hands\n|-damage|p2b: Iron Hands|0 fnt\n|-heal|p1b: Ceruledge|59\/100|[from] drain|[of] p2b: Iron Hands\n|faint|p2b: Iron Hands\n|-end|p2b: Iron Hands|Quark Drive|[silent]\n|cant|p2a: Farigiraf|frz\n|\n|upkeep\n|turn|11\n|\n|t:|1684123253\n|move|p1b: Ceruledge|Bulk Up|p1b: Ceruledge\n|-boost|p1b: Ceruledge|atk|1\n|-boost|p1b: Ceruledge|def|1\n|cant|p2a: Farigiraf|frz\n|\n|upkeep\n|turn|12\n|\n|t:|1684123263\n|move|p1b: Ceruledge|Bulk Up|p1b: Ceruledge\n|-boost|p1b: Ceruledge|atk|1\n|-boost|p1b: Ceruledge|def|1\n|-curestatus|p2a: Farigiraf|frz|[msg]\n|move|p2a: Farigiraf|Psychic|p1b: Ceruledge\n|-crit|p1b: Ceruledge\n|-damage|p1b: Ceruledge|0 fnt\n|faint|p1b: Ceruledge\n|-damage|p2a: Farigiraf|53\/100|[from] item: Life Orb\n|\n|win|The Spicy Cigar\n|raw|HardStark98's rating: 1166 → 1139<\/strong> (-27 for losing)\n|raw|The Spicy Cigar's rating: 1134 → 1161<\/strong> (+27 for winning)\n|c|\u2606HardStark98|XD\n|c|\u2606HardStark98|Nooo\n|c|\u2606HardStark98|lol\n|c|\u2606The Spicy Cigar|GG\n|c|\u2606HardStark98|gg\n","uploadtime":1684123286,"views":7,"p1id":"hardstark98","p2id":"thespicycigar","formatid":"gen9vgc2023regulationc","rating":1139,"private":0,"password":""}