{"id":"gen9vgc2023regulationc-1862535960","p1":"dmpape11","p2":"TeraPablo19","format":"[Gen 9] VGC 2023 Regulation C","log":"|j|\u2606dmpape11\n|j|\u2606TeraPablo19\n|t:|1683898504\n|gametype|doubles\n|player|p1|dmpape11|1|1062\n|player|p2|TeraPablo19|morty|1072\n|teamsize|p1|6\n|teamsize|p2|6\n|gen|9\n|tier|[Gen 9] VGC 2023 Regulation C\n|rated|\n|rule|Species Clause: Limit one of each Pok\u00e9mon\n|rule|Item Clause: Limit one of each item\n|clearpoke\n|poke|p1|Ting-Lu, L50|\n|poke|p1|Abomasnow, L50, M|\n|poke|p1|Flutter Mane, L50|\n|poke|p1|Iron Hands, L50|\n|poke|p1|Bronzong, L50|\n|poke|p1|Arcanine, L50, F|\n|poke|p2|Wo-Chien, L50|\n|poke|p2|Ting-Lu, L50|\n|poke|p2|Arcanine, L50, F|\n|poke|p2|Garganacl, L50, M|\n|poke|p2|Gothitelle, L50, M|\n|poke|p2|Scream Tail, L50|\n|teampreview|4\n|inactive|Battle timer is ON: inactive players will automatically lose when time's up. (requested by dmpape11)\n|\n|t:|1683898530\n|start\n|switch|p1a: Bronzong|Bronzong, L50|100\/100\n|switch|p1b: Ting-Lu|Ting-Lu, L50|100\/100\n|switch|p2a: Gothitelle|Gothitelle, L50, M|100\/100\n|switch|p2b: Scream Tail|Scream Tail, L50|100\/100\n|-ability|p1b: Ting-Lu|Vessel of Ruin\n|turn|1\n|\n|t:|1683898545\n|-terastallize|p1b: Ting-Lu|Ground\n|move|p2a: Gothitelle|Fake Out|p1b: Ting-Lu\n|-damage|p1b: Ting-Lu|97\/100\n|move|p2b: Scream Tail|Perish Song|p2b: Scream Tail\n|-start|p1a: Bronzong|perish3|[silent]\n|-start|p1b: Ting-Lu|perish3|[silent]\n|-start|p2a: Gothitelle|perish3|[silent]\n|-start|p2b: Scream Tail|perish3|[silent]\n|-fieldactivate|move: Perish Song\n|cant|p1b: Ting-Lu|flinch\n|move|p1a: Bronzong|Trick Room|p1a: Bronzong\n|-fieldstart|move: Trick Room|[of] p1a: Bronzong\n|\n|-start|p1a: Bronzong|perish3\n|-start|p1b: Ting-Lu|perish3\n|-start|p2a: Gothitelle|perish3\n|-start|p2b: Scream Tail|perish3\n|upkeep\n|turn|2\n|\n|t:|1683898566\n|move|p2a: Gothitelle|Protect|p2a: Gothitelle\n|-singleturn|p2a: Gothitelle|Protect\n|move|p1a: Bronzong|Gyro Ball|p2b: Scream Tail\n|-supereffective|p2b: Scream Tail\n|-damage|p2b: Scream Tail|41\/100\n|move|p1b: Ting-Lu|Earthquake|p2b: Scream Tail|[spread] p2b\n|-activate|p2a: Gothitelle|move: Protect\n|-immune|p1a: Bronzong|[from] ability: Levitate\n|-damage|p2b: Scream Tail|0 fnt\n|faint|p2b: Scream Tail\n|-end|p2b: Scream Tail|Protosynthesis|[silent]\n|\n|-start|p1a: Bronzong|perish2\n|-start|p1b: Ting-Lu|perish2\n|-start|p2a: Gothitelle|perish2\n|upkeep\n|\n|t:|1683898576\n|switch|p2b: Wo-Chien|Wo-Chien, L50|100\/100\n|-ability|p2b: Wo-Chien|Tablets of Ruin\n|turn|3\n|\n|t:|1683898593\n|move|p1a: Bronzong|Gyro Ball|p2a: Gothitelle\n|-damage|p2a: Gothitelle|86\/100\n|move|p1b: Ting-Lu|Earthquake|p2b: Wo-Chien|[spread] p2a,p2b\n|-immune|p1a: Bronzong|[from] ability: Levitate\n|-resisted|p2b: Wo-Chien\n|-damage|p2a: Gothitelle|33\/100\n|-damage|p2b: Wo-Chien|78\/100\n|move|p2b: Wo-Chien|Leech Seed|p1b: Ting-Lu\n|-start|p1b: Ting-Lu|move: Leech Seed\n|move|p2a: Gothitelle|Trick Room|p2a: Gothitelle\n|-fieldend|move: Trick Room\n|\n|-heal|p2b: Wo-Chien|84\/100|[from] item: Leftovers\n|-damage|p1b: Ting-Lu|85\/100|[from] Leech Seed|[of] p2b: Wo-Chien\n|-heal|p2b: Wo-Chien|99\/100|[silent]\n|-start|p2a: Gothitelle|perish1\n|-start|p1b: Ting-Lu|perish1\n|-start|p1a: Bronzong|perish1\n|upkeep\n|turn|4\n|\n|t:|1683898615\n|switch|p2a: Ting-Lu|Ting-Lu, L50|100\/100\n|-ability|p2a: Ting-Lu|Vessel of Ruin\n|move|p2b: Wo-Chien|Protect|p2b: Wo-Chien\n|-singleturn|p2b: Wo-Chien|Protect\n|move|p1b: Ting-Lu|Earthquake|p2b: Wo-Chien|[spread] p2a\n|-activate|p2b: Wo-Chien|move: Protect\n|-immune|p1a: Bronzong|[from] ability: Levitate\n|-damage|p2a: Ting-Lu|71\/100\n|move|p1a: Bronzong|Gyro Ball|p2a: Ting-Lu\n|-damage|p2a: Ting-Lu|65\/100\n|\n|-heal|p2b: Wo-Chien|100\/100|[from] item: Leftovers\n|-damage|p1b: Ting-Lu|73\/100|[from] Leech Seed|[of] p2b: Wo-Chien\n|-start|p1b: Ting-Lu|perish0\n|-start|p1a: Bronzong|perish0\n|faint|p1b: Ting-Lu\n|faint|p1a: Bronzong\n|upkeep\n|\n|t:|1683898627\n|switch|p1b: Abomasnow|Abomasnow, L50, M|100\/100\n|switch|p1a: Flutter Mane|Flutter Mane, L50|100\/100\n|-weather|Snow|[from] ability: Snow Warning|[of] p1b: Abomasnow\n|turn|5\n|\n|t:|1683898648\n|-terastallize|p2a: Ting-Lu|Poison\n|move|p1a: Flutter Mane|Dazzling Gleam|p2b: Wo-Chien|[spread] p2a,p2b\n|-resisted|p2a: Ting-Lu\n|-supereffective|p2b: Wo-Chien\n|-damage|p2a: Ting-Lu|58\/100\n|-damage|p2b: Wo-Chien|57\/100\n|move|p2b: Wo-Chien|Leech Seed|p1a: Flutter Mane\n|-start|p1a: Flutter Mane|move: Leech Seed\n|move|p2a: Ting-Lu|Fissure|p1b: Abomasnow\n|-damage|p1b: Abomasnow|0 fnt\n|faint|p1b: Abomasnow\n|-ohko\n|\n|-weather|Snow|[upkeep]\n|-heal|p2b: Wo-Chien|62\/100|[from] item: Leftovers\n|-damage|p1a: Flutter Mane|89\/100|[from] Leech Seed|[of] p2b: Wo-Chien\n|-heal|p2b: Wo-Chien|72\/100|[silent]\n|upkeep\n|turn|6\n|\n|t:|1683898664\n|move|p1a: Flutter Mane|Dazzling Gleam|p2b: Wo-Chien|[spread] p2a,p2b\n|-resisted|p2a: Ting-Lu\n|-supereffective|p2b: Wo-Chien\n|-damage|p2a: Ting-Lu|49\/100\n|-damage|p2b: Wo-Chien|28\/100\n|move|p2b: Wo-Chien|Pollen Puff|p2a: Ting-Lu\n|-heal|p2a: Ting-Lu|99\/100\n|move|p2a: Ting-Lu|Fissure|p1a: Flutter Mane|[miss]\n|-miss|p2a: Ting-Lu|p1a: Flutter Mane\n|\n|-weather|Snow|[upkeep]\n|-heal|p2b: Wo-Chien|33\/100|[from] item: Leftovers\n|-damage|p1a: Flutter Mane|77\/100|[from] Leech Seed|[of] p2b: Wo-Chien\n|-heal|p2b: Wo-Chien|43\/100|[silent]\n|upkeep\n|turn|7\n|-message|dmpape11 forfeited.\n|\n|win|TeraPablo19\n|raw|dmpape11's rating: 1062 → 1043<\/strong> (-19 for losing)\n|raw|TeraPablo19's rating: 1072 → 1100<\/strong> (+28 for winning)\n|l|\u2606dmpape11\n","uploadtime":1683898691,"views":8,"p1id":"dmpape11","p2id":"terapablo19","formatid":"gen9vgc2023regulationc","rating":1043,"private":0,"password":""}