{"id":"gen9vgc2023regulationc-1849917009","p1":"hsnsgs","p2":"logiwc","format":"[Gen 9] VGC 2023 Regulation C","log":"|j|\u2606hsnsgs\n|j|\u2606logiwc\n|t:|1682267865\n|gametype|doubles\n|player|p1|hsnsgs|cynthia-gen4|1000\n|player|p2|logiwc|266|1025\n|teamsize|p1|6\n|teamsize|p2|6\n|gen|9\n|tier|[Gen 9] VGC 2023 Regulation C\n|rated|\n|rule|Species Clause: Limit one of each Pok\u00e9mon\n|rule|Item Clause: Limit one of each item\n|clearpoke\n|poke|p1|Scream Tail, L50|\n|poke|p1|Roaring Moon, L50|\n|poke|p1|Oranguru, L50, F|\n|poke|p1|Palafin, L50, F|\n|poke|p1|Clodsire, L50, M|\n|poke|p1|Tyranitar, L50, M|\n|poke|p2|Ting-Lu, L50|\n|poke|p2|Grimmsnarl, L50, M|\n|poke|p2|Corviknight, L50, F|\n|poke|p2|Arcanine, L50, M|\n|poke|p2|Gastrodon, L50, F|\n|poke|p2|Gallade, L50, M|\n|teampreview|4\n|inactive|Battle timer is ON: inactive players will automatically lose when time's up. (requested by hsnsgs)\n|\n|t:|1682267889\n|start\n|switch|p1a: Palafin|Palafin, L50, F|100\/100\n|switch|p1b: Oranguru|Oranguru, L50, F|100\/100\n|switch|p2a: Ting-Lu|Ting-Lu, L50|100\/100\n|switch|p2b: Grimmsnarl|Grimmsnarl, L50, M|100\/100\n|-ability|p2a: Ting-Lu|Vessel of Ruin\n|turn|1\n|inactive|hsnsgs has 30 seconds left.\n|inactive|logiwc has 30 seconds left.\n|\n|t:|1682267919\n|detailschange|p1a: Palafin|Palafin-Hero, L50, F\n|switch|p1a: Clodsire|Clodsire, L50, M|100\/100\n|move|p2b: Grimmsnarl|Thunder Wave|p1a: Clodsire\n|-immune|p1a: Clodsire\n|move|p1b: Oranguru|Yawn|p2a: Ting-Lu\n|-start|p2a: Ting-Lu|move: Yawn|[of] p1b: Oranguru\n|move|p2a: Ting-Lu|Throat Chop|p1b: Oranguru\n|-supereffective|p1b: Oranguru\n|-damage|p1b: Oranguru|40\/100\n|-start|p1b: Oranguru|Throat Chop|[silent]\n|\n|upkeep\n|turn|2\n|inactive|hsnsgs has 30 seconds left.\n|inactive|logiwc has 30 seconds left.\n|\n|t:|1682267947\n|switch|p2a: Corviknight|Corviknight, L50, F|100\/100\n|move|p2b: Grimmsnarl|Protect|p2b: Grimmsnarl\n|-singleturn|p2b: Grimmsnarl|Protect\n|move|p1b: Oranguru|Psychic|p2b: Grimmsnarl\n|-activate|p2b: Grimmsnarl|move: Protect\n|move|p1a: Clodsire|Toxic|p2b: Grimmsnarl\n|-activate|p2b: Grimmsnarl|move: Protect\n|\n|-end|p1b: Oranguru|Throat Chop|[silent]\n|upkeep\n|turn|3\n|\n|t:|1682267971\n|switch|p1b: Palafin|Palafin-Hero, L50, F|100\/100\n|-activate|p1b: Palafin|ability: Zero to Hero\n|move|p2b: Grimmsnarl|Protect||[still]\n|-fail|p2b: Grimmsnarl\n|move|p2a: Corviknight|Air Slash|p1b: Palafin|[miss]\n|-miss|p2a: Corviknight|p1b: Palafin\n|move|p1a: Clodsire|Toxic|p2b: Grimmsnarl\n|-status|p2b: Grimmsnarl|tox\n|\n|-damage|p2b: Grimmsnarl|95\/100 tox|[from] psn\n|upkeep\n|turn|4\n|inactive|hsnsgs has 30 seconds left.\n|\n|t:|1682267996\n|switch|p2b: Gastrodon|Gastrodon, L50, F|100\/100\n|-terastallize|p1b: Palafin|Water\n|move|p1b: Palafin|Jet Punch|p2b: Gastrodon\n|-activate|p2b: Gastrodon|ability: Storm Drain\n|-ability|p2b: Gastrodon|Storm Drain|boost\n|-boost|p2b: Gastrodon|spa|1\n|move|p2a: Corviknight|Iron Defense|p2a: Corviknight\n|-boost|p2a: Corviknight|def|2\n|move|p1a: Clodsire|Poison Jab|p2b: Gastrodon\n|-resisted|p2b: Gastrodon\n|-damage|p2b: Gastrodon|91\/100\n|-damage|p1a: Clodsire|84\/100|[from] item: Rocky Helmet|[of] p2b: Gastrodon\n|\n|upkeep\n|turn|5\n|inactive|logiwc has 30 seconds left.\n|\n|t:|1682268024\n|move|p1b: Palafin|Protect|p1b: Palafin\n|-singleturn|p1b: Palafin|Protect\n|move|p2a: Corviknight|Air Slash|p1b: Palafin\n|-activate|p1b: Palafin|move: Protect\n|move|p2b: Gastrodon|Acid Armor|p2b: Gastrodon\n|-boost|p2b: Gastrodon|def|2\n|move|p1a: Clodsire|Toxic|p2b: Gastrodon\n|-status|p2b: Gastrodon|tox\n|\n|-damage|p2b: Gastrodon|85\/100 tox|[from] psn\n|upkeep\n|turn|6\n|inactive|hsnsgs has 30 seconds left.\n|\n|t:|1682268049\n|switch|p1b: Tyranitar|Tyranitar, L50, M|100\/100\n|-weather|Sandstorm|[from] ability: Sand Stream|[of] p1b: Tyranitar\n|move|p2a: Corviknight|Drill Peck|p1a: Clodsire\n|-damage|p1a: Clodsire|41\/100\n|-damage|p2a: Corviknight|84\/100|[from] item: Rocky Helmet|[of] p1a: Clodsire\n|move|p2b: Gastrodon|Ice Beam|p1a: Clodsire\n|-supereffective|p1a: Clodsire\n|-damage|p1a: Clodsire|11\/100\n|move|p1a: Clodsire|Recover|p1a: Clodsire\n|-heal|p1a: Clodsire|61\/100\n|\n|-weather|Sandstorm|[upkeep]\n|-heal|p2a: Corviknight|90\/100|[from] item: Leftovers\n|-damage|p2b: Gastrodon|73\/100 tox|[from] psn\n|upkeep\n|turn|7\n|inactive|logiwc has 30 seconds left.\n|inactive|logiwc has 20 seconds left.\n|inactive|logiwc has 15 seconds left.\n|\n|t:|1682268090\n|move|p1b: Tyranitar|Protect|p1b: Tyranitar\n|-singleturn|p1b: Tyranitar|Protect\n|move|p2a: Corviknight|Iron Defense|p2a: Corviknight\n|-boost|p2a: Corviknight|def|2\n|move|p2b: Gastrodon|Chilling Water|p1b: Tyranitar\n|-activate|p1b: Tyranitar|move: Protect\n|move|p1a: Clodsire|Recover|p1a: Clodsire\n|-heal|p1a: Clodsire|100\/100\n|\n|-weather|Sandstorm|[upkeep]\n|-heal|p2a: Corviknight|96\/100|[from] item: Leftovers\n|-damage|p2b: Gastrodon|55\/100 tox|[from] psn\n|upkeep\n|turn|8\n|inactive|hsnsgs has 30 seconds left.\n|\n|t:|1682268120\n|move|p2a: Corviknight|Air Slash|p1b: Tyranitar\n|-resisted|p1b: Tyranitar\n|-damage|p1b: Tyranitar|96\/100\n|move|p1b: Tyranitar|Assurance|p2b: Gastrodon\n|-damage|p2b: Gastrodon|39\/100 tox\n|-damage|p1b: Tyranitar|80\/100|[from] item: Rocky Helmet|[of] p2b: Gastrodon\n|move|p2b: Gastrodon|Ice Beam|p1b: Tyranitar\n|-damage|p1b: Tyranitar|62\/100\n|move|p1a: Clodsire|Poison Jab|p2b: Gastrodon\n|-resisted|p2b: Gastrodon\n|-damage|p2b: Gastrodon|33\/100 tox\n|-damage|p1a: Clodsire|84\/100|[from] item: Rocky Helmet|[of] p2b: Gastrodon\n|\n|-weather|Sandstorm|[upkeep]\n|-heal|p2a: Corviknight|100\/100|[from] item: Leftovers\n|-damage|p2b: Gastrodon|9\/100 tox|[from] psn\n|upkeep\n|turn|9\n|inactive|logiwc has 30 seconds left.\n|\n|t:|1682268149\n|switch|p2b: Ting-Lu|Ting-Lu, L50|100\/100\n|-ability|p2b: Ting-Lu|Vessel of Ruin\n|move|p1b: Tyranitar|Protect|p1b: Tyranitar\n|-singleturn|p1b: Tyranitar|Protect\n|move|p2a: Corviknight|Drill Peck|p1b: Tyranitar\n|-activate|p1b: Tyranitar|move: Protect\n|move|p1a: Clodsire|Haze|p1a: Clodsire\n|-clearallboost\n|\n|-weather|Sandstorm|[upkeep]\n|upkeep\n|turn|10\n|inactive|logiwc has 30 seconds left.\n|\n|t:|1682268181\n|switch|p1b: Palafin|Palafin-Hero, L50, F, tera:Water|100\/100\n|move|p2a: Corviknight|Iron Defense|p2a: Corviknight\n|-boost|p2a: Corviknight|def|2\n|move|p2b: Ting-Lu|Giga Impact|p1b: Palafin\n|-damage|p1b: Palafin|61\/100\n|-mustrecharge|p2b: Ting-Lu\n|move|p1a: Clodsire|Toxic|p2b: Ting-Lu\n|-status|p2b: Ting-Lu|tox\n|\n|-weather|none\n|-damage|p2b: Ting-Lu|94\/100 tox|[from] psn\n|upkeep\n|turn|11\n|inactive|logiwc has 30 seconds left.\n|\n|t:|1682268214\n|move|p1b: Palafin|Wave Crash|p2b: Ting-Lu\n|-supereffective|p2b: Ting-Lu\n|-damage|p2b: Ting-Lu|0 fnt\n|faint|p2b: Ting-Lu\n|-damage|p1b: Palafin|15\/100|[from] Recoil\n|move|p2a: Corviknight|Drill Peck|p1b: Palafin\n|-damage|p1b: Palafin|0 fnt\n|faint|p1b: Palafin\n|move|p1a: Clodsire|Haze|p1a: Clodsire\n|-clearallboost\n|\n|upkeep\n|\n|t:|1682268234\n|switch|p1b: Oranguru|Oranguru, L50, F|40\/100\n|switch|p2b: Grimmsnarl|Grimmsnarl, L50, M|95\/100 tox\n|turn|12\n|\n|t:|1682268257\n|move|p2a: Corviknight|Drill Peck|p1b: Oranguru\n|-damage|p1b: Oranguru|2\/100\n|move|p2b: Grimmsnarl|Low Kick|p1a: Clodsire\n|-resisted|p1a: Clodsire\n|-damage|p1a: Clodsire|66\/100\n|-damage|p2b: Grimmsnarl|78\/100 tox|[from] item: Rocky Helmet|[of] p1a: Clodsire\n|move|p1b: Oranguru|Instruct|p1a: Clodsire\n|-singleturn|p1a: Clodsire|move: Instruct|[of] p1b: Oranguru\n|move|p1a: Clodsire|Haze|p1a: Clodsire\n|-clearallboost\n|move|p1a: Clodsire|Poison Jab|p2b: Grimmsnarl\n|-supereffective|p2b: Grimmsnarl\n|-damage|p2b: Grimmsnarl|34\/100 tox\n|\n|-damage|p2b: Grimmsnarl|28\/100 tox|[from] psn\n|upkeep\n|turn|13\n|inactive|hsnsgs has 30 seconds left.\n|inactive|logiwc has 30 seconds left.\n|\n|t:|1682268289\n|move|p2a: Corviknight|Air Slash|p1a: Clodsire\n|-damage|p1a: Clodsire|58\/100\n|move|p2b: Grimmsnarl|Low Kick|p1b: Oranguru\n|-damage|p1b: Oranguru|0 fnt\n|faint|p1b: Oranguru\n|move|p1a: Clodsire|Recover|p1a: Clodsire\n|-heal|p1a: Clodsire|100\/100\n|\n|-damage|p2b: Grimmsnarl|16\/100 tox|[from] psn\n|upkeep\n|-enditem|p2b: Grimmsnarl|Aguav Berry|[eat]\n|-heal|p2b: Grimmsnarl|49\/100 tox|[from] item: Aguav Berry\n|\n|t:|1682268302\n|switch|p1b: Tyranitar|Tyranitar, L50, M|62\/100\n|-weather|Sandstorm|[from] ability: Sand Stream|[of] p1b: Tyranitar\n|turn|14\n|inactive|logiwc has 30 seconds left.\n|inactive|logiwc has 20 seconds left.\n|inactive|logiwc has 15 seconds left.\n|\n|t:|1682268347\n|-terastallize|p2a: Corviknight|Flying\n|move|p2b: Grimmsnarl|Protect|p2b: Grimmsnarl\n|-singleturn|p2b: Grimmsnarl|Protect\n|move|p1b: Tyranitar|Protect|p1b: Tyranitar\n|-singleturn|p1b: Tyranitar|Protect\n|move|p2a: Corviknight|Air Slash|p1b: Tyranitar\n|-activate|p1b: Tyranitar|move: Protect\n|move|p1a: Clodsire|Poison Jab|p2b: Grimmsnarl\n|-activate|p2b: Grimmsnarl|move: Protect\n|\n|-weather|Sandstorm|[upkeep]\n|-damage|p2a: Corviknight|95\/100|[from] Sandstorm\n|-damage|p2b: Grimmsnarl|43\/100 tox|[from] Sandstorm\n|-heal|p2a: Corviknight|100\/100|[from] item: Leftovers\n|-damage|p2b: Grimmsnarl|25\/100 tox|[from] psn\n|upkeep\n|turn|15\n|inactive|logiwc has 30 seconds left.\n|\n|t:|1682268371\n|move|p2b: Grimmsnarl|Thunder Wave|p1b: Tyranitar\n|-hint|Since gen 7, Dark is immune to Prankster moves.\n|-immune|p1b: Tyranitar\n|move|p2a: Corviknight|Air Slash|p1b: Tyranitar\n|-resisted|p1b: Tyranitar\n|-damage|p1b: Tyranitar|56\/100\n|move|p1b: Tyranitar|Rock Slide|p2a: Corviknight|[spread] p2a,p2b\n|-supereffective|p2a: Corviknight\n|-damage|p2a: Corviknight|20\/100\n|-damage|p2b: Grimmsnarl|0 fnt\n|faint|p2b: Grimmsnarl\n|move|p1a: Clodsire|Toxic|p2a: Corviknight\n|-status|p2a: Corviknight|tox\n|\n|-weather|Sandstorm|[upkeep]\n|-damage|p2a: Corviknight|14\/100 tox|[from] Sandstorm\n|-heal|p2a: Corviknight|20\/100 tox|[from] item: Leftovers\n|-damage|p2a: Corviknight|14\/100 tox|[from] psn\n|upkeep\n|inactive|logiwc has 25 seconds left this turn.\n|inactive|logiwc has 20 seconds left.\n|inactive|logiwc has 15 seconds left.\n|inactive|logiwc has 10 seconds left.\n|\n|t:|1682268390\n|switch|p2b: Gastrodon|Gastrodon, L50, F|9\/100 tox\n|turn|16\n|inactive|logiwc has 10 seconds left this turn.\n|inactive|logiwc has 5 seconds left.\n|\n|t:|1682268400\n|move|p2a: Corviknight|Air Slash|p1a: Clodsire\n|-damage|p1a: Clodsire|89\/100\n|move|p1b: Tyranitar|Rock Slide|p2a: Corviknight|[spread] p2a,p2b\n|-supereffective|p2a: Corviknight\n|-resisted|p2b: Gastrodon\n|-damage|p2a: Corviknight|0 fnt\n|-damage|p2b: Gastrodon|0 fnt\n|faint|p2a: Corviknight\n|faint|p2b: Gastrodon\n|\n|win|hsnsgs\n|inactive|logiwc has 5 seconds left this turn.\n|raw|hsnsgs's rating: 1000 → 1043<\/strong> (+43 for winning)\n|raw|logiwc's rating: 1025 → 1010<\/strong> (-15 for losing)\n|c|\u2606hsnsgs|GG\n|l|\u2606logiwc\n","uploadtime":1682268416,"views":4,"p1id":"hsnsgs","p2id":"logiwc","formatid":"gen9vgc2023regulationc","rating":1010,"private":0,"password":""}