{"id":"gen9vgc2023regulationc-1861968982","p1":"Tehspap","p2":"AlphaWolf67","format":"[Gen 9] VGC 2023 Regulation C","log":"|j|\u2606Tehspap\n|j|\u2606AlphaWolf67\n|t:|1683825036\n|gametype|doubles\n|player|p1|Tehspap|crasherwake|1074\n|player|p2|AlphaWolf67|n|1034\n|teamsize|p1|6\n|teamsize|p2|6\n|gen|9\n|tier|[Gen 9] VGC 2023 Regulation C\n|rated|\n|rule|Species Clause: Limit one of each Pok\u00e9mon\n|rule|Item Clause: Limit one of each item\n|clearpoke\n|poke|p1|Armarouge, L50, F|\n|poke|p1|Indeedee-F, L50, F|\n|poke|p1|Slowbro, L50, M|\n|poke|p1|Gastrodon-East, L50, M|\n|poke|p1|Iron Hands, L50|\n|poke|p1|Torkoal, L50, M|\n|poke|p2|Torkoal, L50, M|\n|poke|p2|Indeedee-F, L50, F|\n|poke|p2|Armarouge, L50, F|\n|poke|p2|Great Tusk, L50|\n|poke|p2|Brute Bonnet, L50|\n|poke|p2|Tinkaton, L50, F|\n|teampreview|4\n|c|\u2606Tehspap|Hf\n|\n|t:|1683825069\n|start\n|switch|p1a: Armarouge|Armarouge, L50, F|100\/100\n|switch|p1b: Indeedee|Indeedee-F, L50, F|100\/100\n|switch|p2a: Indeedee|Indeedee-F, L50, F|100\/100\n|switch|p2b: Brute Bonnet|Brute Bonnet, L50|100\/100\n|-fieldstart|move: Psychic Terrain|[from] ability: Psychic Surge|[of] p2a: Indeedee\n|-enditem|p1b: Indeedee|Psychic Seed\n|-boost|p1b: Indeedee|spd|1|[from] item: Psychic Seed\n|turn|1\n|\n|t:|1683825086\n|move|p1a: Armarouge|Protect|p1a: Armarouge\n|-singleturn|p1a: Armarouge|Protect\n|move|p2a: Indeedee|Follow Me|p2a: Indeedee\n|-singleturn|p2a: Indeedee|move: Follow Me\n|move|p2b: Brute Bonnet|Spore|p1a: Armarouge\n|-activate|p1a: Armarouge|move: Protect\n|move|p1b: Indeedee|Trick Room|p1b: Indeedee\n|-fieldstart|move: Trick Room|[of] p1b: Indeedee\n|\n|upkeep\n|turn|2\n|\n|t:|1683825111\n|switch|p2a: Great Tusk|Great Tusk, L50|100\/100\n|move|p1b: Indeedee|Follow Me|p1b: Indeedee\n|-singleturn|p1b: Indeedee|move: Follow Me\n|move|p2b: Brute Bonnet|Spore|p1b: Indeedee\n|-status|p1b: Indeedee|slp|[from] move: Spore\n|move|p1a: Armarouge|Armor Cannon|p2b: Brute Bonnet\n|-supereffective|p2b: Brute Bonnet\n|-damage|p2b: Brute Bonnet|0 fnt\n|-unboost|p1a: Armarouge|def|1\n|-unboost|p1a: Armarouge|spd|1\n|faint|p2b: Brute Bonnet\n|-end|p2b: Brute Bonnet|Protosynthesis|[silent]\n|-damage|p1a: Armarouge|91\/100|[from] item: Life Orb\n|\n|upkeep\n|\n|t:|1683825130\n|switch|p2b: Tinkaton|Tinkaton, L50, F|100\/100\n|-ability|p2b: Tinkaton|Mold Breaker\n|turn|3\n|\n|t:|1683825153\n|cant|p1b: Indeedee|slp\n|move|p1a: Armarouge|Expanding Force|p2b: Tinkaton|[spread] p2a,p2b\n|-supereffective|p2a: Great Tusk\n|-resisted|p2b: Tinkaton\n|-enditem|p2a: Great Tusk|Focus Sash\n|-damage|p2a: Great Tusk|1\/100\n|-damage|p2b: Tinkaton|72\/100\n|-damage|p1a: Armarouge|81\/100|[from] item: Life Orb\n|move|p2a: Great Tusk|Headlong Rush|p1b: Indeedee\n|-damage|p1b: Indeedee|33\/100 slp\n|-unboost|p2a: Great Tusk|def|1\n|-unboost|p2a: Great Tusk|spd|1\n|move|p2b: Tinkaton|Knock Off|p1b: Indeedee\n|-supereffective|p1b: Indeedee\n|-damage|p1b: Indeedee|3\/100 slp\n|\n|-heal|p2b: Tinkaton|78\/100|[from] item: Leftovers\n|upkeep\n|turn|4\n|\n|t:|1683825181\n|cant|p1b: Indeedee|slp\n|move|p2a: Great Tusk|Protect|p2a: Great Tusk\n|-singleturn|p2a: Great Tusk|Protect\n|move|p1a: Armarouge|Expanding Force|p2b: Tinkaton|[spread] p2b\n|-activate|p2a: Great Tusk|move: Protect\n|-resisted|p2b: Tinkaton\n|-damage|p2b: Tinkaton|48\/100\n|-damage|p1a: Armarouge|71\/100|[from] item: Life Orb\n|move|p2b: Tinkaton|Knock Off|p1b: Indeedee\n|-supereffective|p1b: Indeedee\n|-damage|p1b: Indeedee|0 fnt\n|faint|p1b: Indeedee\n|\n|-heal|p2b: Tinkaton|55\/100|[from] item: Leftovers\n|upkeep\n|\n|t:|1683825204\n|switch|p1b: soggy|Slowbro, L50, M, shiny|100\/100\n|turn|5\n|\n|t:|1683825229\n|switch|p1a: Gastrodon|Gastrodon-East, L50, M|100\/100\n|-end|p2a: Great Tusk|Protosynthesis|[silent]\n|switch|p2a: Indeedee|Indeedee-F, L50, F|100\/100\n|move|p1b: soggy|Surf|p2b: Tinkaton|[spread] p2a,p2b\n|-ability|p1a: Gastrodon|Storm Drain|boost\n|-boost|p1a: Gastrodon|spa|1\n|-crit|p2a: Indeedee\n|-damage|p2a: Indeedee|52\/100\n|-damage|p2b: Tinkaton|34\/100\n|move|p2b: Tinkaton|Knock Off|p1b: soggy\n|-supereffective|p1b: soggy\n|-damage|p1b: soggy|69\/100\n|-enditem|p1b: soggy|Sitrus Berry|[from] move: Knock Off|[of] p2b: Tinkaton\n|\n|-heal|p2b: Tinkaton|40\/100|[from] item: Leftovers\n|-fieldend|move: Trick Room\n|-fieldend|move: Psychic Terrain\n|upkeep\n|turn|6\n|\n|t:|1683825257\n|move|p2a: Indeedee|Follow Me|p2a: Indeedee\n|-singleturn|p2a: Indeedee|move: Follow Me\n|move|p2b: Tinkaton|Gigaton Hammer|p1a: Gastrodon\n|-resisted|p1a: Gastrodon\n|-damage|p1a: Gastrodon|79\/100\n|move|p1a: Gastrodon|Muddy Water|p2b: Tinkaton|[spread] p2a,p2b\n|-damage|p2a: Indeedee|15\/100\n|-damage|p2b: Tinkaton|10\/100\n|-unboost|p2b: Tinkaton|accuracy|1\n|move|p1b: soggy|Trick Room|p1b: soggy\n|-fieldstart|move: Trick Room|[of] p1b: soggy\n|\n|-heal|p2b: Tinkaton|17\/100|[from] item: Leftovers\n|upkeep\n|turn|7\n|\n|t:|1683825277\n|move|p1b: soggy|Surf|p2a: Indeedee|[spread] p2a,p2b\n|-ability|p1a: Gastrodon|Storm Drain|boost\n|-boost|p1a: Gastrodon|spa|1\n|-damage|p2a: Indeedee|0 fnt\n|-damage|p2b: Tinkaton|0 fnt\n|faint|p2a: Indeedee\n|faint|p2b: Tinkaton\n|move|p1a: Gastrodon|Muddy Water|p2: Indeedee|[notarget]\n|-fail|p1a: Gastrodon\n|\n|upkeep\n|\n|t:|1683825284\n|switch|p2a: Great Tusk|Great Tusk, L50|1\/100\n|turn|8\n|\n|t:|1683825289\n|-terastallize|p2a: Great Tusk|Ground\n|move|p1b: soggy|Surf|p2a: Great Tusk|[spread] p2a\n|-ability|p1a: Gastrodon|Storm Drain|boost\n|-boost|p1a: Gastrodon|spa|1\n|-supereffective|p2a: Great Tusk\n|-damage|p2a: Great Tusk|0 fnt\n|faint|p2a: Great Tusk\n|-end|p2a: Great Tusk|Protosynthesis|[silent]\n|\n|win|Tehspap\n|raw|Tehspap's rating: 1074 → 1100<\/strong> (+26 for winning)\n|raw|AlphaWolf67's rating: 1034 → 1021<\/strong> (-13 for losing)\n|c|\u2606Tehspap|Gg\n|l|\u2606AlphaWolf67\n|l|\u2606Tehspap\n|j|\u2606Tehspap\n|player|p1|Tehspap|crasherwake\n","uploadtime":1683825313,"views":15,"p1id":"tehspap","p2id":"alphawolf67","formatid":"gen9vgc2023regulationc","rating":1021,"private":0,"password":""}