{"id":"gen9vgc2023regulationc-1849691459","p1":"ErPaoletto","p2":"Giucastro","format":"[Gen 9] VGC 2023 Regulation C","log":"|j|\u2606ErPaoletto\n|j|\u2606Giucastro\n|t:|1682233277\n|gametype|doubles\n|player|p1|ErPaoletto|102|1073\n|player|p2|Giucastro|crasherwake|1118\n|teamsize|p1|6\n|teamsize|p2|6\n|gen|9\n|tier|[Gen 9] VGC 2023 Regulation C\n|rated|\n|rule|Species Clause: Limit one of each Pok\u00e9mon\n|rule|Item Clause: Limit one of each item\n|clearpoke\n|poke|p1|Abomasnow, L50, M|\n|poke|p1|Cetitan, L50, M|\n|poke|p1|Tauros-Paldea-Aqua, L50, M|\n|poke|p1|Gothorita, L50, F|\n|poke|p1|Rotom-Heat, L50|\n|poke|p1|Dragonite, L50, F|\n|poke|p2|Chi-Yu, L50|\n|poke|p2|Glimmora, L50, M|\n|poke|p2|Baxcalibur, L50, F|\n|poke|p2|Palafin, L50, F|\n|poke|p2|Amoonguss, L50, M|\n|poke|p2|Flutter Mane, L50|\n|teampreview|4\n|inactive|Battle timer is ON: inactive players will automatically lose when time's up. (requested by ErPaoletto)\n|inactive|ErPaoletto has 60 seconds left.\n|inactive|Giucastro has 60 seconds left.\n|inactive|Giucastro has 30 seconds left.\n|\n|t:|1682233347\n|start\n|switch|p1a: Dragonite|Dragonite, L50, F|100\/100\n|switch|p1b: Gothorita|Gothorita, L50, F|100\/100\n|switch|p2a: Chi-Yu|Chi-Yu, L50|100\/100\n|switch|p2b: Flutter Mane|Flutter Mane, L50|100\/100\n|-ability|p2a: Chi-Yu|Beads of Ruin\n|-enditem|p2b: Flutter Mane|Booster Energy\n|-activate|p2b: Flutter Mane|ability: Protosynthesis|[fromitem]\n|-start|p2b: Flutter Mane|protosynthesisspe\n|turn|1\n|inactive|Giucastro has 30 seconds left.\n|\n|t:|1682233379\n|-terastallize|p1a: Dragonite|Fire\n|move|p1b: Gothorita|Helping Hand|p1a: Dragonite\n|-singleturn|p1a: Dragonite|Helping Hand|[of] p1b: Gothorita\n|move|p2b: Flutter Mane|Protect|p2b: Flutter Mane\n|-singleturn|p2b: Flutter Mane|Protect\n|move|p2a: Chi-Yu|Dark Pulse|p1b: Gothorita\n|-supereffective|p1b: Gothorita\n|-damage|p1b: Gothorita|18\/100\n|move|p1a: Dragonite|Heat Wave|p2b: Flutter Mane|[spread] p2a\n|-activate|p2b: Flutter Mane|move: Protect\n|-resisted|p2a: Chi-Yu\n|-damage|p2a: Chi-Yu|67\/100\n|-damage|p1a: Dragonite|90\/100|[from] item: Life Orb\n|\n|upkeep\n|turn|2\n|inactive|ErPaoletto has 30 seconds left.\n|inactive|Giucastro has 30 seconds left.\n|inactive|ErPaoletto has 20 seconds left.\n|inactive|Giucastro has 20 seconds left.\n|inactive|ErPaoletto has 15 seconds left.\n|inactive|Giucastro has 15 seconds left.\n|inactive|ErPaoletto has 10 seconds left.\n|\n|t:|1682233424\n|-end|p2b: Flutter Mane|Protosynthesis|[silent]\n|switch|p2b: Baxcalibur|Baxcalibur, L50, F|100\/100\n|move|p1b: Gothorita|Helping Hand|p1a: Dragonite\n|-singleturn|p1a: Dragonite|Helping Hand|[of] p1b: Gothorita\n|move|p1a: Dragonite|Extreme Speed|p2a: Chi-Yu\n|-damage|p2a: Chi-Yu|0 fnt\n|faint|p2a: Chi-Yu\n|-damage|p1a: Dragonite|80\/100|[from] item: Life Orb\n|\n|upkeep\n|\n|t:|1682233443\n|switch|p2a: Glimmora|Glimmora, L50, M|100\/100\n|turn|3\n|inactive|ErPaoletto has 30 seconds left.\n|\n|t:|1682233476\n|move|p1b: Gothorita|Helping Hand|p1a: Dragonite\n|-singleturn|p1a: Dragonite|Helping Hand|[of] p1b: Gothorita\n|move|p2b: Baxcalibur|Protect|p2b: Baxcalibur\n|-singleturn|p2b: Baxcalibur|Protect\n|move|p1a: Dragonite|Dragon Pulse|p2b: Baxcalibur\n|-activate|p2b: Baxcalibur|move: Protect\n|move|p2a: Glimmora|Mortal Spin|p1a: Dragonite|[spread] p1a,p1b\n|-damage|p1a: Dragonite|75\/100\n|-damage|p1b: Gothorita|15\/100\n|-status|p1a: Dragonite|psn\n|-status|p1b: Gothorita|psn\n|\n|-damage|p1a: Dragonite|63\/100 psn|[from] psn\n|-damage|p1b: Gothorita|2\/100 psn|[from] psn\n|upkeep\n|turn|4\n|inactive|Giucastro has 30 seconds left.\n|\n|t:|1682233505\n|-terastallize|p2b: Baxcalibur|Poison\n|move|p1b: Gothorita|Helping Hand|p1a: Dragonite\n|-singleturn|p1a: Dragonite|Helping Hand|[of] p1b: Gothorita\n|move|p1a: Dragonite|Dragon Pulse|p2b: Baxcalibur\n|-damage|p2b: Baxcalibur|34\/100\n|-damage|p1a: Dragonite|53\/100 psn|[from] item: Life Orb\n|move|p2b: Baxcalibur|Dragon Dance|p2b: Baxcalibur\n|-boost|p2b: Baxcalibur|atk|1\n|-boost|p2b: Baxcalibur|spe|1\n|move|p2a: Glimmora|Power Gem|p1a: Dragonite\n|-supereffective|p1a: Dragonite\n|-damage|p1a: Dragonite|0 fnt\n|faint|p1a: Dragonite\n|\n|-damage|p1b: Gothorita|0 fnt|[from] psn\n|faint|p1b: Gothorita\n|upkeep\n|\n|t:|1682233521\n|switch|p1a: Abomasnow|Abomasnow, L50, M|100\/100\n|switch|p1b: Rotom|Rotom-Heat, L50|100\/100\n|-weather|Snow|[from] ability: Snow Warning|[of] p1a: Abomasnow\n|turn|5\n|inactive|ErPaoletto has 30 seconds left.\n|inactive|ErPaoletto has 20 seconds left.\n|\n|t:|1682233557\n|move|p2b: Baxcalibur|Protect|p2b: Baxcalibur\n|-singleturn|p2b: Baxcalibur|Protect\n|move|p1b: Rotom|Volt Switch|p2b: Baxcalibur\n|-activate|p2b: Baxcalibur|move: Protect\n|move|p2a: Glimmora|Mortal Spin|p1a: Abomasnow|[spread] p1a,p1b\n|-supereffective|p1a: Abomasnow\n|-damage|p1a: Abomasnow|94\/100\n|-damage|p1b: Rotom|95\/100\n|-status|p1a: Abomasnow|psn\n|-status|p1b: Rotom|psn\n|move|p1a: Abomasnow|Blizzard|p2b: Baxcalibur|[spread] p2a\n|-activate|p2b: Baxcalibur|move: Protect\n|-damage|p2a: Glimmora|75\/100\n|\n|-weather|Snow|[upkeep]\n|-damage|p1b: Rotom|83\/100 psn|[from] psn\n|-damage|p1a: Abomasnow|81\/100 psn|[from] psn\n|upkeep\n|turn|6\n|inactive|Giucastro has 30 seconds left.\n|\n|t:|1682233583\n|move|p2b: Baxcalibur|Glaive Rush|p1a: Abomasnow\n|-crit|p1a: Abomasnow\n|-damage|p1a: Abomasnow|0 fnt\n|-singlemove|p2b: Baxcalibur|Glaive Rush|[silent]\n|faint|p1a: Abomasnow\n|move|p1b: Rotom|Overheat|p2b: Baxcalibur\n|-damage|p2b: Baxcalibur|0 fnt\n|-unboost|p1b: Rotom|spa|2\n|faint|p2b: Baxcalibur\n|move|p2a: Glimmora|Power Gem|p1b: Rotom\n|-supereffective|p1b: Rotom\n|-damage|p1b: Rotom|0 fnt\n|faint|p1b: Rotom\n|\n|win|Giucastro\n|raw|ErPaoletto's rating: 1073 → 1055<\/strong> (-18 for losing)\n|raw|Giucastro's rating: 1118 → 1140<\/strong> (+22 for winning)\n|l|\u2606Giucastro\n|c|\u2606ErPaoletto|\/\/savebattle\n","uploadtime":1682233664,"views":11,"p1id":"erpaoletto","p2id":"giucastro","formatid":"gen9vgc2023regulationc","rating":1055,"private":0,"password":""}