{"id":"gen9vgc2023regulationc-1846756603","p1":"Cilan123","p2":"leafyarrow","format":"[Gen 9] VGC 2023 Regulation C","log":"|j|\u2606Cilan123\n|j|\u2606leafyarrow\n|t:|1681874670\n|gametype|doubles\n|player|p1|Cilan123|cilan|1373\n|player|p2|leafyarrow|leaf-gen3|1313\n|teamsize|p1|6\n|teamsize|p2|6\n|gen|9\n|tier|[Gen 9] VGC 2023 Regulation C\n|rated|\n|rule|Species Clause: Limit one of each Pok\u00e9mon\n|rule|Item Clause: Limit one of each item\n|clearpoke\n|poke|p1|Arboliva, L50, M|\n|poke|p1|Maushold, L50|\n|poke|p1|Annihilape, L50, M|\n|poke|p1|Iron Thorns, L50|\n|poke|p1|Talonflame, L50, M|\n|poke|p1|Gholdengo, L50|\n|poke|p2|Flutter Mane, L50|\n|poke|p2|Palafin, L50, F|\n|poke|p2|Amoonguss, L50, F|\n|poke|p2|Ting-Lu, L50|\n|poke|p2|Arcanine, L50, M|\n|poke|p2|Roaring Moon, L50|\n|teampreview|4\nCilan123 has agreed to open team sheets.\nleafyarrow has agreed to open team sheets.\n|inactive|Battle timer is ON: inactive players will automatically lose when time's up. (requested by Cilan123)\n|\n|t:|1681874738\n|start\n|switch|p1a: Iron Thorns|Iron Thorns, L50|100\/100\n|switch|p1b: Talonflame|Talonflame, L50, M|100\/100\n|switch|p2a: Palafin|Palafin, L50, F|100\/100\n|switch|p2b: Amoonguss|Amoonguss, L50, F|100\/100\n|turn|1\n|\n|t:|1681874759\n|detailschange|p2a: Palafin|Palafin-Hero, L50, F\n|switch|p2a: Arcanine|Arcanine, L50, M|100\/100\n|-ability|p2a: Arcanine|Intimidate|boost\n|-unboost|p1a: Iron Thorns|atk|1\n|-unboost|p1b: Talonflame|atk|1\n|-end|p1a: Iron Thorns|Quark Drive|[silent]\n|switch|p1a: Maushold|Maushold, L50|100\/100\n|move|p1b: Talonflame|Will-O-Wisp|p2a: Arcanine\n|-immune|p2a: Arcanine\n|move|p2b: Amoonguss|Spore|p1a: Maushold\n|-activate|p1a: Maushold|item: Safety Goggles|Spore\n|\n|upkeep\n|turn|2\n|inactive|leafyarrow has 30 seconds left.\n|inactive|Cilan123 has 30 seconds left.\n|inactive|leafyarrow has 20 seconds left.\n|\n|t:|1681874798\n|switch|p1b: Iron Thorns|Iron Thorns, L50|100\/100\n|move|p1a: Maushold|Taunt|p2b: Amoonguss\n|-start|p2b: Amoonguss|move: Taunt\n|move|p2a: Arcanine|Will-O-Wisp|p1b: Iron Thorns\n|-status|p1b: Iron Thorns|brn\n|move|p2b: Amoonguss|Pollen Puff|p2a: Arcanine\n|-immune|p2a: Arcanine\n|\n|-damage|p1b: Iron Thorns|95\/100 brn|[from] brn\n|upkeep\n|turn|3\n|c|\u2606Cilan123|Nice read\n|inactive|Cilan123 has 30 seconds left.\n|inactive|leafyarrow has 30 seconds left.\n|c|\u2606leafyarrow|thanks\n|inactive|leafyarrow has 20 seconds left.\n|inactive|leafyarrow has 15 seconds left.\n|\n|t:|1681874841\n|move|p1a: Maushold|Beat Up|p2a: Arcanine\n|-damage|p2a: Arcanine|98\/100\n|-damage|p2a: Arcanine|95\/100\n|-damage|p2a: Arcanine|92\/100\n|-hitcount|p2a: Arcanine|3\n|move|p2a: Arcanine|Flare Blitz|p1a: Maushold\n|-damage|p1a: Maushold|35\/100\n|-damage|p2a: Arcanine|72\/100|[from] Recoil\n|move|p1b: Iron Thorns|Dragon Dance|p1b: Iron Thorns\n|-boost|p1b: Iron Thorns|atk|1\n|-boost|p1b: Iron Thorns|spe|1\n|move|p2b: Amoonguss|Pollen Puff|p1a: Maushold\n|-damage|p1a: Maushold|14\/100\n|\n|-damage|p1b: Iron Thorns|89\/100 brn|[from] brn\n|upkeep\n|turn|4\n|inactive|Cilan123 has 30 seconds left.\n|\n|t:|1681874870\n|switch|p1a: Talonflame|Talonflame, L50, M|100\/100\n|switch|p2b: Palafin|Palafin-Hero, L50, F|100\/100\n|-activate|p2b: Palafin|ability: Zero to Hero\n|move|p2a: Arcanine|Extreme Speed|p1a: Talonflame\n|-damage|p1a: Talonflame|74\/100\n|move|p1b: Iron Thorns|Dragon Dance|p1b: Iron Thorns\n|-boost|p1b: Iron Thorns|atk|1\n|-boost|p1b: Iron Thorns|spe|1\n|\n|-damage|p1b: Iron Thorns|83\/100 brn|[from] brn\n|upkeep\n|turn|5\n|inactive|Cilan123 has 30 seconds left.\n|inactive|leafyarrow has 30 seconds left.\n|inactive|leafyarrow has 20 seconds left.\n|\n|t:|1681874908\n|switch|p1a: Maushold|Maushold, L50|14\/100\n|switch|p2a: Amoonguss|Amoonguss, L50, F|100\/100\n|-terastallize|p1b: Iron Thorns|Bug\n|move|p2b: Palafin|Jet Punch|p1a: Maushold\n|-damage|p1a: Maushold|0 fnt\n|faint|p1a: Maushold\n|move|p1b: Iron Thorns|Rock Blast|p2a: Amoonguss\n|-damage|p2a: Amoonguss|88\/100\n|-damage|p2a: Amoonguss|77\/100\n|-damage|p2a: Amoonguss|66\/100\n|-damage|p2a: Amoonguss|55\/100\n|-hitcount|p2a: Amoonguss|4\n|\n|-damage|p1b: Iron Thorns|77\/100 brn|[from] brn\n|upkeep\n|\n|t:|1681874925\n|switch|p1a: Super Happy Tree|Arboliva, L50, M|100\/100\n|turn|6\n|inactive|Cilan123 has 30 seconds left.\n|inactive|leafyarrow has 30 seconds left.\n|inactive|leafyarrow has 20 seconds left.\n|inactive|leafyarrow has 15 seconds left.\n|inactive|leafyarrow has 10 seconds left.\n|inactive|Cilan123 has 20 seconds left.\n|inactive|Cilan123 has 15 seconds left.\n|inactive|leafyarrow has 5 seconds left.\n|\n|t:|1681874982\n|move|p1b: Iron Thorns|Pin Missile|p2a: Amoonguss\n|-damage|p2a: Amoonguss|42\/100\n|-enditem|p2a: Amoonguss|Sitrus Berry|[eat]\n|-heal|p2a: Amoonguss|67\/100|[from] item: Sitrus Berry\n|-crit|p2a: Amoonguss\n|-damage|p2a: Amoonguss|50\/100\n|-damage|p2a: Amoonguss|40\/100\n|-damage|p2a: Amoonguss|26\/100\n|-hitcount|p2a: Amoonguss|4\n|move|p2b: Palafin|Haze|p2b: Palafin\n|-clearallboost\n|move|p1a: Super Happy Tree|Giga Drain|p2b: Palafin\n|-supereffective|p2b: Palafin\n|-damage|p2b: Palafin|14\/100\n|move|p2a: Amoonguss|Pollen Puff|p2b: Palafin\n|-heal|p2b: Palafin|64\/100\n|\n|-damage|p1b: Iron Thorns|71\/100 brn|[from] brn\n|upkeep\n|turn|7\n|inactive|leafyarrow has 30 seconds left.\n|\n|t:|1681875015\n|-end|p1b: Iron Thorns|Quark Drive|[silent]\n|switch|p1b: Talonflame|Talonflame, L50, M|74\/100\n|switch|p2a: Arcanine|Arcanine, L50, M|72\/100\n|-ability|p2a: Arcanine|Intimidate|boost\n|-unboost|p1a: Super Happy Tree|atk|1\n|-unboost|p1b: Talonflame|atk|1\n|move|p2b: Palafin|Wave Crash|p1b: Talonflame\n|-supereffective|p1b: Talonflame\n|-damage|p1b: Talonflame|0 fnt\n|faint|p1b: Talonflame\n|-damage|p2b: Palafin|42\/100|[from] Recoil\n|move|p1a: Super Happy Tree|Giga Drain|p2b: Palafin\n|-supereffective|p2b: Palafin\n|-damage|p2b: Palafin|0 fnt\n|faint|p2b: Palafin\n|\n|upkeep\n|\n|t:|1681875031\n|switch|p1b: Iron Thorns|Iron Thorns, L50, tera:Bug|71\/100 brn\n|switch|p2b: Flutter Mane|Flutter Mane, L50|100\/100\n|turn|8\n|\n|t:|1681875047\n|move|p2b: Flutter Mane|Moonblast|p1b: Iron Thorns\n|-damage|p1b: Iron Thorns|0 fnt\n|faint|p1b: Iron Thorns\n|-end|p1b: Iron Thorns|Quark Drive|[silent]\n|move|p2a: Arcanine|Flare Blitz|p1a: Super Happy Tree\n|-supereffective|p1a: Super Happy Tree\n|-damage|p1a: Super Happy Tree|0 fnt\n|-fieldstart|move: Grassy Terrain|[from] ability: Seed Sower|[of] p1a: Super Happy Tree\n|faint|p1a: Super Happy Tree\n|-damage|p2a: Arcanine|41\/100|[from] Recoil\n|\n|win|leafyarrow\n|raw|Cilan123's rating: 1373 → 1350<\/strong> (-23 for losing)\n|raw|leafyarrow's rating: 1313 → 1336<\/strong> (+23 for winning)\n","uploadtime":1681875058,"views":11,"p1id":"cilan123","p2id":"leafyarrow","formatid":"gen9vgc2023regulationc","rating":1336,"private":0,"password":""}