{"id":"gen9vgc2023regulationc-1861644002","p1":"Arcacagne","p2":"Le Dab","format":"[Gen 9] VGC 2023 Regulation C","log":"|j|\u2606Arcacagne\n|j|\u2606Le Dab\n|t:|1683787173\n|gametype|doubles\n|player|p1|Arcacagne|266|1311\n|player|p2|Le Dab|nate|1319\n|teamsize|p1|6\n|teamsize|p2|6\n|gen|9\n|tier|[Gen 9] VGC 2023 Regulation C\n|rated|\n|rule|Species Clause: Limit one of each Pok\u00e9mon\n|rule|Item Clause: Limit one of each item\n|clearpoke\n|poke|p1|Chi-Yu, L50|\n|poke|p1|Flutter Mane, L50|\n|poke|p1|Amoonguss, L50, M|\n|poke|p1|Ting-Lu, L50|\n|poke|p1|Iron Hands, L50|\n|poke|p1|Gyarados, L50, F|\n|poke|p2|Sandy Shocks, L50|\n|poke|p2|Iron Valiant, L50|\n|poke|p2|Murkrow, L50, M|\n|poke|p2|Pincurchin, L50, F|\n|poke|p2|Iron Bundle, L50|\n|poke|p2|Scovillain, L50, F|\n|teampreview|4\n|inactive|Battle timer is ON: inactive players will automatically lose when time's up. (requested by Le Dab)\n|inactive|Arcacagne has 60 seconds left.\n|\n|t:|1683787228\n|start\n|switch|p1a: Flutter Mane|Flutter Mane, L50|100\/100\n|switch|p1b: Iron Hands|Iron Hands, L50|100\/100\n|switch|p2a: Iron Valiant|Iron Valiant, L50|100\/100\n|switch|p2b: Murkrow|Murkrow, L50, M|100\/100\n|-enditem|p1a: Flutter Mane|Booster Energy\n|-activate|p1a: Flutter Mane|ability: Protosynthesis|[fromitem]\n|-start|p1a: Flutter Mane|protosynthesisspa\n|turn|1\n|\n|t:|1683787246\n|-terastallize|p2a: Iron Valiant|Fire\n|move|p1b: Iron Hands|Fake Out|p2a: Iron Valiant\n|-damage|p2a: Iron Valiant|84\/100\n|move|p2b: Murkrow|Tailwind|p2b: Murkrow\n|-sidestart|p2: Le Dab|move: Tailwind\n|cant|p2a: Iron Valiant|flinch\n|move|p1a: Flutter Mane|Substitute|p1a: Flutter Mane\n|-start|p1a: Flutter Mane|Substitute\n|-damage|p1a: Flutter Mane|76\/100\n|\n|upkeep\n|turn|2\n|\n|t:|1683787271\n|switch|p2b: Pincurchin|Pincurchin, L50, F|100\/100\n|-fieldstart|move: Electric Terrain|[from] ability: Electric Surge|[of] p2b: Pincurchin\n|-activate|p2a: Iron Valiant|ability: Quark Drive\n|-start|p2a: Iron Valiant|quarkdriveatk\n|-activate|p1b: Iron Hands|ability: Quark Drive\n|-start|p1b: Iron Hands|quarkdriveatk\n|-end|p1b: Iron Hands|Quark Drive|[silent]\n|switch|p1b: Ting-Lu|Ting-Lu, L50|100\/100\n|-ability|p1b: Ting-Lu|Vessel of Ruin\n|move|p2a: Iron Valiant|Spirit Break|p1b: Ting-Lu\n|-supereffective|p1b: Ting-Lu\n|-damage|p1b: Ting-Lu|45\/100\n|-unboost|p1b: Ting-Lu|spa|1\n|move|p1a: Flutter Mane|Shadow Ball|p2a: Iron Valiant\n|-damage|p2a: Iron Valiant|43\/100\n|\n|upkeep\n|turn|3\n|inactive|Arcacagne has 30 seconds left.\n|\n|t:|1683787299\n|-terastallize|p1b: Ting-Lu|Poison\n|move|p2a: Iron Valiant|Drain Punch|p1b: Ting-Lu\n|-resisted|p1b: Ting-Lu\n|-damage|p1b: Ting-Lu|32\/100\n|-heal|p2a: Iron Valiant|53\/100|[from] drain|[of] p1b: Ting-Lu\n|move|p1a: Flutter Mane|Shadow Ball|p2a: Iron Valiant\n|-damage|p2a: Iron Valiant|16\/100\n|move|p1b: Ting-Lu|Stomping Tantrum|p2b: Pincurchin\n|-supereffective|p2b: Pincurchin\n|-enditem|p2b: Pincurchin|Shuca Berry|[eat]\n|-enditem|p2b: Pincurchin|Shuca Berry|[weaken]\n|-damage|p2b: Pincurchin|58\/100\n|move|p2b: Pincurchin|Zing Zap|p1a: Flutter Mane\n|-end|p1a: Flutter Mane|Substitute\n|\n|upkeep\n|turn|4\n|\n|t:|1683787320\n|switch|p2b: Murkrow|Murkrow, L50, M|100\/100\n|move|p1a: Flutter Mane|Protect|p1a: Flutter Mane\n|-singleturn|p1a: Flutter Mane|Protect\n|move|p2a: Iron Valiant|Spirit Break|p1a: Flutter Mane\n|-activate|p1a: Flutter Mane|move: Protect\n|move|p1b: Ting-Lu|Stomping Tantrum|p2a: Iron Valiant\n|-supereffective|p2a: Iron Valiant\n|-damage|p2a: Iron Valiant|0 fnt\n|faint|p2a: Iron Valiant\n|-end|p2a: Iron Valiant|Quark Drive|[silent]\n|\n|-sideend|p2: Le Dab|move: Tailwind\n|upkeep\n|\n|t:|1683787326\n|switch|p2a: Sandy Shocks|Sandy Shocks, L50|100\/100\n|turn|5\n|\n|t:|1683787342\n|move|p2b: Murkrow|Taunt|p1a: Flutter Mane\n|-start|p1a: Flutter Mane|move: Taunt\n|cant|p1a: Flutter Mane|move: Taunt|Substitute\n|move|p2a: Sandy Shocks|Earth Power|p1b: Ting-Lu\n|-supereffective|p1b: Ting-Lu\n|-damage|p1b: Ting-Lu|0 fnt\n|faint|p1b: Ting-Lu\n|-damage|p2a: Sandy Shocks|91\/100|[from] item: Life Orb\n|\n|upkeep\n|l|\u2606Le Dab\n|inactive|Le Dab disconnected and has a minute to reconnect!\n|player|p2|\n|\n|t:|1683787352\n|switch|p1b: Amoonguss|Amoonguss, L50, M|100\/100\n|turn|6\n|j|\u2606Le Dab\n|inactive|Le Dab reconnected and has 35 seconds left.\n|player|p2|Le Dab|nate\n|inactive|Le Dab has 30 seconds left.\n|\n|t:|1683787382\n|move|p1b: Amoonguss|Rage Powder|p1b: Amoonguss\n|-singleturn|p1b: Amoonguss|move: Rage Powder\n|move|p2b: Murkrow|Taunt|p1b: Amoonguss\n|-start|p1b: Amoonguss|move: Taunt\n|move|p1a: Flutter Mane|Moonblast|p2b: Murkrow\n|-supereffective|p2b: Murkrow\n|-damage|p2b: Murkrow|0 fnt\n|faint|p2b: Murkrow\n|move|p2a: Sandy Shocks|Volt Switch|p1b: Amoonguss\n|-resisted|p1b: Amoonguss\n|-damage|p1b: Amoonguss|77\/100\n|-damage|p2a: Sandy Shocks|81\/100|[from] item: Life Orb\n|\n|t:|1683787385\n|-end|p2a: Sandy Shocks|Protosynthesis|[silent]\n|switch|p2a: Pincurchin|Pincurchin, L50, F|58\/100|[from] Volt Switch\n|\n|-fieldend|move: Electric Terrain\n|upkeep\n|\n|t:|1683787387\n|switch|p2b: Sandy Shocks|Sandy Shocks, L50|81\/100\n|turn|7\n|\n|t:|1683787405\n|-end|p1a: Flutter Mane|Protosynthesis|[silent]\n|switch|p1a: Iron Hands|Iron Hands, L50|100\/100\n|move|p2a: Pincurchin|Sucker Punch||[still]\n|-fail|p2a: Pincurchin\n|move|p2b: Sandy Shocks|Thunderbolt|p1a: Iron Hands\n|-resisted|p1a: Iron Hands\n|-damage|p1a: Iron Hands|80\/100\n|-damage|p2b: Sandy Shocks|72\/100|[from] item: Life Orb\n|move|p1b: Amoonguss|Pollen Puff|p1a: Iron Hands\n|-heal|p1a: Iron Hands|100\/100\n|\n|upkeep\n|turn|8\n|-message|Le Dab forfeited.\n|\n|win|Arcacagne\n|raw|Arcacagne's rating: 1311 → 1332<\/strong> (+21 for winning)\n|raw|Le Dab's rating: 1337 → 1316<\/strong> (-21 for losing)\n|l|\u2606Le Dab\n","uploadtime":1683787420,"views":22,"p1id":"arcacagne","p2id":"ledab","formatid":"gen9vgc2023regulationc","rating":1316,"private":0,"password":""}