{"id":"gen9vgc2023regulationc-1857843575","p1":"BenD870","p2":"Kyogre Canucks","format":"[Gen 9] VGC 2023 Regulation C","log":"|j|\u2606BenD870\n|j|\u2606Kyogre Canucks\n|t:|1683237878\n|gametype|doubles\n|player|p1|BenD870|170|\n|player|p2|Kyogre Canucks|flannery|\n|teamsize|p1|6\n|teamsize|p2|6\n|gen|9\n|tier|[Gen 9] VGC 2023 Regulation C\n|rule|Species Clause: Limit one of each Pok\u00e9mon\n|rule|Item Clause: Limit one of each item\n|clearpoke\n|poke|p1|Veluza, L50, F|\n|poke|p1|Vivillon-Fancy, L50, M|\n|poke|p1|Chi-Yu, L50|\n|poke|p1|Iron Bundle, L50|\n|poke|p1|Rotom, L50|\n|poke|p1|Flamigo, L50, F|\n|poke|p2|Sunflora, L50, F|\n|poke|p2|Torkoal, L50, M|\n|poke|p2|Oranguru, L50, F|\n|poke|p2|Toedscool, L50, F|\n|poke|p2|Great Tusk, L50|\n|poke|p2|Umbreon, L50, M|\n|teampreview|4\n|c|\u2606Kyogre Canucks|new g1\n|c|\u2606BenD870|G1 actually\nBenD870 rejected open team sheets.\n|j| sunnybunnybingbong\n|c|\u2606BenD870|Ok now\n|c|\u2606BenD870|glhf!\n|c|\u2606Kyogre Canucks|glhf\n|j| thedistortionzone\n|\n|t:|1683237995\n|start\n|switch|p1a: Veluza|Veluza, L50, F|100\/100\n|switch|p1b: Vivillon|Vivillon-Fancy, L50, M|100\/100\n|switch|p2a: Son of Man|Toedscool, L50, F|100\/100\n|switch|p2b: Before I Forget|Oranguru, L50, F|100\/100\n|turn|1\n|j| Memebasedgod\n|\n|t:|1683238019\n|move|p2a: Son of Man|Rage Powder|p2a: Son of Man\n|-singleturn|p2a: Son of Man|move: Rage Powder\n|move|p1b: Vivillon|Hurricane|p2a: Son of Man|[miss]\n|-miss|p1b: Vivillon|p2a: Son of Man\n|move|p1a: Veluza|Fillet Away|p1a: Veluza\n|-boost|p1a: Veluza|atk|2\n|-boost|p1a: Veluza|spa|2\n|-boost|p1a: Veluza|spe|2\n|-damage|p1a: Veluza|50\/100\n|-enditem|p1a: Veluza|Sitrus Berry|[eat]\n|-heal|p1a: Veluza|75\/100|[from] item: Sitrus Berry\n|move|p2b: Before I Forget|Trick Room|p2b: Before I Forget\n|-fieldstart|move: Trick Room|[of] p2b: Before I Forget\n|\n|upkeep\n|turn|2\n|\n|t:|1683238034\n|move|p1a: Veluza|Protect|p1a: Veluza\n|-singleturn|p1a: Veluza|Protect\n|move|p2b: Before I Forget|Instruct|p2a: Son of Man\n|-singleturn|p2a: Son of Man|move: Instruct|[of] p2b: Before I Forget\n|move|p2a: Son of Man|Rage Powder|p2a: Son of Man\n|-singleturn|p2a: Son of Man|move: Rage Powder\n|move|p2a: Son of Man|Earth Power|p1a: Veluza\n|-activate|p1a: Veluza|move: Protect\n|move|p1b: Vivillon|Sleep Powder|p2a: Son of Man\n|-immune|p2a: Son of Man\n|\n|upkeep\n|turn|3\n|\n|t:|1683238062\n|switch|p2b: Undefeatable|Torkoal, L50, M|100\/100\n|-weather|SunnyDay|[from] ability: Drought|[of] p2b: Undefeatable\n|move|p2a: Son of Man|Rage Powder|p2a: Son of Man\n|-singleturn|p2a: Son of Man|move: Rage Powder\n|move|p1b: Vivillon|Hurricane|p2a: Son of Man|[miss]\n|-miss|p1b: Vivillon|p2a: Son of Man\n|move|p1a: Veluza|Aqua Cutter|p2a: Son of Man\n|-damage|p2a: Son of Man|7\/100\n|\n|-weather|SunnyDay|[upkeep]\n|upkeep\n|turn|4\n|c|\u2606BenD870|How\n|c|\u2606BenD870|the fuck\n|c|\u2606BenD870|do I miss two compound eyes hurricanes in a row\n|c|\u2606Kyogre Canucks|Accuracy drop from sun\n|j| SusJingles\n|c|\u2606BenD870|Even then\n|c|\u2606BenD870|thats really bad luck\n|c| SusJingles|Sussy\n|c|\u2606Kyogre Canucks|I know it sucls\n|\n|t:|1683238106\n|-terastallize|p2b: Undefeatable|Fire\n|move|p1a: Veluza|Protect|p1a: Veluza\n|-singleturn|p1a: Veluza|Protect\n|move|p2a: Son of Man|Rage Powder|p2a: Son of Man\n|-singleturn|p2a: Son of Man|move: Rage Powder\n|move|p2b: Undefeatable|Eruption|p1b: Vivillon|[spread] p1b\n|-activate|p1a: Veluza|move: Protect\n|-supereffective|p1b: Vivillon\n|-enditem|p1b: Vivillon|Focus Sash\n|-damage|p1b: Vivillon|1\/100\n|move|p1b: Vivillon|Hurricane|p2a: Son of Man|[miss]\n|-miss|p1b: Vivillon|p2a: Son of Man\n|\n|-weather|SunnyDay|[upkeep]\n|upkeep\n|turn|5\n|c|\u2606BenD870|REALLY\n|\n|t:|1683238156\n|move|p2a: Son of Man|Rage Powder|p2a: Son of Man\n|-singleturn|p2a: Son of Man|move: Rage Powder\n|move|p2b: Undefeatable|Eruption|p1b: Vivillon|[spread] p1a,p1b\n|-resisted|p1a: Veluza\n|-supereffective|p1b: Vivillon\n|-damage|p1a: Veluza|0 fnt\n|-damage|p1b: Vivillon|0 fnt\n|faint|p1a: Veluza\n|faint|p1b: Vivillon\n|\n|-weather|SunnyDay|[upkeep]\n|-fieldend|move: Trick Room\n|upkeep\n|\n|t:|1683238162\n|switch|p1b: Chi-Yu|Chi-Yu, L50|100\/100\n|switch|p1a: Flamigo|Flamigo, L50, F|100\/100\n|-ability|p1b: Chi-Yu|Beads of Ruin\n|-copyboost|p1a: Flamigo|p1b: Chi-Yu|[from] ability: Costar\n|turn|6\n|\n|t:|1683238181\n|-terastallize|p1b: Chi-Yu|Fire\n|move|p2b: Undefeatable|Protect|p2b: Undefeatable\n|-singleturn|p2b: Undefeatable|Protect\n|move|p1b: Chi-Yu|Heat Wave|p2a: Son of Man|[spread] p2a\n|-activate|p2b: Undefeatable|move: Protect\n|-supereffective|p2a: Son of Man\n|-damage|p2a: Son of Man|0 fnt\n|faint|p2a: Son of Man\n|move|p1a: Flamigo|Close Combat|p2b: Undefeatable\n|-activate|p2b: Undefeatable|move: Protect\n|\n|-weather|SunnyDay|[upkeep]\n|upkeep\n|\n|t:|1683238192\n|switch|p2a: Before I Forget|Oranguru, L50, F|100\/100\n|turn|7\n|\n|t:|1683238209\n|move|p1b: Chi-Yu|Heat Wave|p2a: Before I Forget|[spread] p2a,p2b\n|-resisted|p2b: Undefeatable\n|-damage|p2a: Before I Forget|5\/100\n|-damage|p2b: Undefeatable|3\/100\n|move|p1a: Flamigo|Throat Chop|p2a: Before I Forget\n|-supereffective|p2a: Before I Forget\n|-damage|p2a: Before I Forget|0 fnt\n|faint|p2a: Before I Forget\n|-damage|p1a: Flamigo|91\/100|[from] item: Life Orb\n|move|p2b: Undefeatable|Flamethrower|p1a: Flamigo\n|-damage|p1a: Flamigo|0 fnt\n|faint|p1a: Flamigo\n|\n|-weather|none\n|upkeep\n|\n|t:|1683238215\n|switch|p2a: Shine Holder|Sunflora, L50, F|100\/100\n|turn|8\n|\n|t:|1683238219\n|move|p2b: Undefeatable|Protect|p2b: Undefeatable\n|-singleturn|p2b: Undefeatable|Protect\n|move|p1b: Chi-Yu|Heat Wave|p2a: Shine Holder|[spread] p2a\n|-activate|p2b: Undefeatable|move: Protect\n|-supereffective|p2a: Shine Holder\n|-damage|p2a: Shine Holder|0 fnt\n|faint|p2a: Shine Holder\n|\n|upkeep\n|turn|9\n|\n|t:|1683238226\n|move|p1b: Chi-Yu|Heat Wave|p2b: Undefeatable\n|-resisted|p2b: Undefeatable\n|-damage|p2b: Undefeatable|0 fnt\n|faint|p2b: Undefeatable\n|\n|win|BenD870\n|c|\u2606Kyogre Canucks|gg\n|c|\u2606BenD870|Gg\n|l| SusJingles\n","uploadtime":1683238231,"views":11,"p1id":"bend870","p2id":"kyogrecanucks","formatid":"gen9vgc2023regulationc","rating":0,"private":0,"password":""}