{"id":"gen9vgc2023regulationc-1858884203","p1":"LowQualityGaming","p2":"dewsteves","format":"[Gen 9] VGC 2023 Regulation C","log":"|j|\u2606LowQualityGaming\n|j|\u2606dewsteves\n|t:|1683378736\n|gametype|doubles\n|player|p1|LowQualityGaming|102|1070\n|player|p2|dewsteves|170|1000\n|teamsize|p1|6\n|teamsize|p2|6\n|gen|9\n|tier|[Gen 9] VGC 2023 Regulation C\n|rated|\n|rule|Species Clause: Limit one of each Pok\u00e9mon\n|rule|Item Clause: Limit one of each item\n|clearpoke\n|poke|p1|Ceruledge, L50, M|\n|poke|p1|Corviknight, L50, M|\n|poke|p1|Ting-Lu, L50|\n|poke|p1|Amoonguss, L50, M|\n|poke|p1|Iron Bundle, L50|\n|poke|p1|Flutter Mane, L50|\n|poke|p2|Dachsbun, L50, M|\n|poke|p2|Gastrodon, L50, M|\n|poke|p2|Hippowdon, L50, F|\n|poke|p2|Vivillon, L50, F|\n|poke|p2|Tyranitar, L50, F|\n|poke|p2|Glalie, L50, F|\n|teampreview|4\n|\n|t:|1683378802\n|start\n|switch|p1a: Ceruledge|Ceruledge, L50, M|100\/100\n|switch|p1b: Amoonguss|Amoonguss, L50, M|100\/100\n|switch|p2a: Dachsbun|Dachsbun, L50, M, shiny|100\/100\n|switch|p2b: Tyranitar|Tyranitar, L50, F, shiny|100\/100\n|-item|p2a: Dachsbun|Air Balloon\n|-weather|Sandstorm|[from] ability: Sand Stream|[of] p2b: Tyranitar\n|turn|1\n|\n|t:|1683378828\n|-terastallize|p2b: Tyranitar|Ground\n|move|p2a: Dachsbun|Protect|p2a: Dachsbun\n|-singleturn|p2a: Dachsbun|Protect\n|move|p1b: Amoonguss|Rage Powder|p1b: Amoonguss\n|-singleturn|p1b: Amoonguss|move: Rage Powder\n|move|p1a: Ceruledge|Swords Dance|p1a: Ceruledge\n|-boost|p1a: Ceruledge|atk|2\n|move|p2b: Tyranitar|Earthquake|p1b: Amoonguss|[spread] p1a,p1b\n|-activate|p2a: Dachsbun|move: Protect\n|-supereffective|p1a: Ceruledge\n|-enditem|p1a: Ceruledge|Focus Sash\n|-damage|p1a: Ceruledge|1\/100\n|-damage|p1b: Amoonguss|56\/100\n|-damage|p2b: Tyranitar|91\/100|[from] item: Life Orb\n|\n|-weather|Sandstorm|[upkeep]\n|-damage|p1a: Ceruledge|0 fnt|[from] Sandstorm\n|-damage|p2a: Dachsbun|94\/100|[from] Sandstorm\n|-damage|p1b: Amoonguss|50\/100|[from] Sandstorm\n|-enditem|p1b: Amoonguss|Sitrus Berry|[eat]\n|-heal|p1b: Amoonguss|75\/100|[from] item: Sitrus Berry\n|faint|p1a: Ceruledge\n|upkeep\n|\n|t:|1683378845\n|switch|p1a: Ting-Lu|Ting-Lu, L50|100\/100\n|-ability|p1a: Ting-Lu|Vessel of Ruin\n|turn|2\n|\n|t:|1683378872\n|-terastallize|p1a: Ting-Lu|Water\n|move|p2b: Tyranitar|Protect|p2b: Tyranitar\n|-singleturn|p2b: Tyranitar|Protect\n|move|p2a: Dachsbun|Body Press|p1a: Ting-Lu\n|-damage|p1a: Ting-Lu|85\/100\n|move|p1a: Ting-Lu|Ruination|p2b: Tyranitar\n|-activate|p2b: Tyranitar|move: Protect\n|move|p1b: Amoonguss|Spore|p2a: Dachsbun\n|-status|p2a: Dachsbun|slp|[from] move: Spore\n|\n|-weather|Sandstorm|[upkeep]\n|-damage|p2a: Dachsbun|88\/100 slp|[from] Sandstorm\n|-damage|p1a: Ting-Lu|79\/100|[from] Sandstorm\n|-damage|p1b: Amoonguss|69\/100|[from] Sandstorm\n|upkeep\n|turn|3\n|\n|t:|1683378894\n|cant|p2a: Dachsbun|slp\n|move|p2b: Tyranitar|Earthquake|p1a: Ting-Lu|[spread] p1a,p1b\n|-immune|p2a: Dachsbun\n|-damage|p1a: Ting-Lu|49\/100\n|-damage|p1b: Amoonguss|22\/100\n|-damage|p2b: Tyranitar|81\/100|[from] item: Life Orb\n|move|p1a: Ting-Lu|Ruination|p2b: Tyranitar\n|-damage|p2b: Tyranitar|41\/100\n|move|p1b: Amoonguss|Spore|p2a: Dachsbun\n|-fail|p2a: Dachsbun|slp\n|\n|-weather|Sandstorm|[upkeep]\n|-damage|p2a: Dachsbun|82\/100 slp|[from] Sandstorm\n|-damage|p1a: Ting-Lu|44\/100|[from] Sandstorm\n|-damage|p1b: Amoonguss|16\/100|[from] Sandstorm\n|upkeep\n|turn|4\n|\n|t:|1683378913\n|move|p1b: Amoonguss|Protect|p1b: Amoonguss\n|-singleturn|p1b: Amoonguss|Protect\n|-curestatus|p2a: Dachsbun|slp|[msg]\n|move|p2a: Dachsbun|Yawn|p1a: Ting-Lu\n|-start|p1a: Ting-Lu|move: Yawn|[of] p2a: Dachsbun\n|move|p2b: Tyranitar|Earthquake|p1a: Ting-Lu|[spread] p1a\n|-activate|p1b: Amoonguss|move: Protect\n|-immune|p2a: Dachsbun\n|-damage|p1a: Ting-Lu|12\/100\n|-damage|p2b: Tyranitar|31\/100|[from] item: Life Orb\n|move|p1a: Ting-Lu|Earthquake|p2a: Dachsbun|[spread] p2b\n|-activate|p1b: Amoonguss|move: Protect\n|-immune|p2a: Dachsbun\n|-damage|p2b: Tyranitar|0 fnt\n|faint|p2b: Tyranitar\n|\n|-weather|Sandstorm|[upkeep]\n|-damage|p2a: Dachsbun|76\/100|[from] Sandstorm\n|-damage|p1a: Ting-Lu|6\/100|[from] Sandstorm\n|-damage|p1b: Amoonguss|10\/100|[from] Sandstorm\n|upkeep\n|\n|t:|1683378935\n|switch|p2b: Hippowdon|Hippowdon, L50, F, shiny|100\/100\n|turn|5\n|\n|t:|1683378960\n|move|p2b: Hippowdon|Protect|p2b: Hippowdon\n|-singleturn|p2b: Hippowdon|Protect\n|move|p2a: Dachsbun|Substitute|p2a: Dachsbun\n|-start|p2a: Dachsbun|Substitute\n|-damage|p2a: Dachsbun|51\/100\n|move|p1a: Ting-Lu|Ruination|p2b: Hippowdon\n|-activate|p2b: Hippowdon|move: Protect\n|move|p1b: Amoonguss|Spore||[still]\n|-fail|p1b: Amoonguss\n|\n|-weather|none\n|-end|p1a: Ting-Lu|move: Yawn|[silent]\n|-status|p1a: Ting-Lu|slp\n|upkeep\n|turn|6\n|\n|t:|1683378990\n|move|p2a: Dachsbun|Body Press|p1b: Amoonguss\n|-resisted|p1b: Amoonguss\n|-damage|p1b: Amoonguss|0 fnt\n|faint|p1b: Amoonguss\n|move|p2b: Hippowdon|Earthquake|p1a: Ting-Lu|[spread] p1a\n|-immune|p2a: Dachsbun\n|-damage|p1a: Ting-Lu|0 fnt\n|faint|p1a: Ting-Lu\n|\n|upkeep\n|\n|t:|1683379000\n|switch|p1a: Iron Bundle|Iron Bundle, L50|100\/100\n|-enditem|p1a: Iron Bundle|Booster Energy\n|-activate|p1a: Iron Bundle|ability: Quark Drive|[fromitem]\n|-start|p1a: Iron Bundle|quarkdrivespe\n|turn|7\n|\n|t:|1683379012\n|move|p2b: Hippowdon|Protect|p2b: Hippowdon\n|-singleturn|p2b: Hippowdon|Protect\n|move|p1a: Iron Bundle|Hydro Pump|p2b: Hippowdon\n|-activate|p2b: Hippowdon|move: Protect\n|move|p2a: Dachsbun|Yawn|p1a: Iron Bundle\n|-start|p1a: Iron Bundle|move: Yawn|[of] p2a: Dachsbun\n|\n|upkeep\n|turn|8\n|\n|t:|1683379039\n|move|p2a: Dachsbun|Protect|p2a: Dachsbun\n|-singleturn|p2a: Dachsbun|Protect\n|move|p1a: Iron Bundle|Hydro Pump|p2b: Hippowdon\n|-supereffective|p2b: Hippowdon\n|-damage|p2b: Hippowdon|0 fnt\n|faint|p2b: Hippowdon\n|\n|-end|p1a: Iron Bundle|move: Yawn|[silent]\n|-status|p1a: Iron Bundle|slp\n|upkeep\n|\n|t:|1683379050\n|switch|p2b: Gastrodon|Gastrodon, L50, M, shiny|100\/100\n|turn|9\n|\n|t:|1683379060\n|cant|p1a: Iron Bundle|slp\n|move|p2a: Dachsbun|Body Press|p1a: Iron Bundle\n|-supereffective|p1a: Iron Bundle\n|-damage|p1a: Iron Bundle|42\/100 slp\n|move|p2b: Gastrodon|Hydro Pump|p1a: Iron Bundle\n|-resisted|p1a: Iron Bundle\n|-damage|p1a: Iron Bundle|7\/100 slp\n|\n|upkeep\n|turn|10\n|\n|t:|1683379078\n|-curestatus|p1a: Iron Bundle|slp|[msg]\n|move|p1a: Iron Bundle|Freeze-Dry|p2b: Gastrodon\n|-supereffective|p2b: Gastrodon\n|-damage|p2b: Gastrodon|7\/100\n|-enditem|p2b: Gastrodon|Sitrus Berry|[eat]\n|-heal|p2b: Gastrodon|32\/100|[from] item: Sitrus Berry\n|move|p2a: Dachsbun|Body Press|p1a: Iron Bundle\n|-supereffective|p1a: Iron Bundle\n|-damage|p1a: Iron Bundle|0 fnt\n|faint|p1a: Iron Bundle\n|-end|p1a: Iron Bundle|Quark Drive|[silent]\n|\n|win|dewsteves\n|raw|LowQualityGaming's rating: 1070 → 1045<\/strong> (-25 for losing)\n|raw|dewsteves's rating: 1000 → 1048<\/strong> (+48 for winning)\n|l|\u2606LowQualityGaming\n|c|\u2606dewsteves|gg\n","uploadtime":1683379114,"views":10,"p1id":"lowqualitygaming","p2id":"dewsteves","formatid":"gen9vgc2023regulationc","rating":1045,"private":0,"password":""}