{"id":"gen9vgc2023regulationc-1860891410","p1":"NutritiousLemon","p2":"NegligentWings","format":"[Gen 9] VGC 2023 Regulation C","log":"|j|\u2606NutritiousLemon\n|j|\u2606NegligentWings\n|t:|1683691309\n|gametype|doubles\n|player|p1|NutritiousLemon|170|1235\n|player|p2|NegligentWings|2|1149\n|teamsize|p1|6\n|teamsize|p2|6\n|gen|9\n|tier|[Gen 9] VGC 2023 Regulation C\n|rated|\n|rule|Species Clause: Limit one of each Pok\u00e9mon\n|rule|Item Clause: Limit one of each item\n|clearpoke\n|poke|p1|Hawlucha, L50, F|\n|poke|p1|Pincurchin, L50, M|\n|poke|p1|Iron Thorns, L50|\n|poke|p1|Ceruledge, L50, F|\n|poke|p1|Glimmora, L50, M|\n|poke|p1|Sandy Shocks, L50|\n|poke|p2|Ting-Lu, L50|\n|poke|p2|Flutter Mane, L50|\n|poke|p2|Arcanine, L50, F|\n|poke|p2|Amoonguss, L50, M|\n|poke|p2|Baxcalibur, L50, M|\n|poke|p2|Azumarill, L50, F|\n|teampreview|4\nNutritiousLemon rejected open team sheets.\n|inactive|Battle timer is ON: inactive players will automatically lose when time's up. (requested by NutritiousLemon)\n|\n|t:|1683691345\n|start\n|switch|p1a: Pincurchin|Pincurchin, L50, M|100\/100\n|switch|p1b: Glimmora|Glimmora, L50, M|100\/100\n|switch|p2a: Baxcalibur|Baxcalibur, L50, M|100\/100\n|switch|p2b: Flutter Mane|Flutter Mane, L50|100\/100\n|-fieldstart|move: Electric Terrain|[from] ability: Electric Surge|[of] p1a: Pincurchin\n|-enditem|p2b: Flutter Mane|Booster Energy\n|-activate|p2b: Flutter Mane|ability: Protosynthesis|[fromitem]\n|-start|p2b: Flutter Mane|protosynthesisspa\n|turn|1\n|inactive|NegligentWings has 30 seconds left.\n|inactive|NegligentWings has 20 seconds left.\n|inactive|NegligentWings has 15 seconds left.\n|\n|t:|1683691389\n|-terastallize|p2a: Baxcalibur|Poison\n|move|p2b: Flutter Mane|Dazzling Gleam|p1b: Glimmora|[spread] p1a,p1b\n|-resisted|p1b: Glimmora\n|-damage|p1a: Pincurchin|48\/100\n|-damage|p1b: Glimmora|83\/100\n|move|p1b: Glimmora|Mortal Spin|p2b: Flutter Mane|[spread] p2a,p2b\n|-resisted|p2a: Baxcalibur\n|-damage|p2a: Baxcalibur|98\/100\n|-damage|p2b: Flutter Mane|94\/100\n|-status|p2b: Flutter Mane|psn\n|move|p2a: Baxcalibur|Glaive Rush|p1b: Glimmora\n|-damage|p1b: Glimmora|0 fnt\n|-singlemove|p2a: Baxcalibur|Glaive Rush|[silent]\n|-activate|p1b: Glimmora|ability: Toxic Debris\n|-sidestart|p2: NegligentWings|move: Toxic Spikes\n|faint|p1b: Glimmora\n|move|p1a: Pincurchin|Zing Zap|p2b: Flutter Mane\n|-damage|p2b: Flutter Mane|19\/100 psn\n|\n|-damage|p2b: Flutter Mane|6\/100 psn|[from] psn\n|upkeep\n|\n|t:|1683691412\n|switch|p1b: Iron Thorns|Iron Thorns, L50|100\/100\n|-activate|p1b: Iron Thorns|ability: Quark Drive\n|-start|p1b: Iron Thorns|quarkdriveatk\n|turn|2\n|inactive|NegligentWings has 30 seconds left.\n|\n|t:|1683691440\n|-end|p2b: Flutter Mane|Protosynthesis|[silent]\n|switch|p2b: Ting-Lu|Ting-Lu, L50|100\/100\n|-status|p2b: Ting-Lu|psn\n|-ability|p2b: Ting-Lu|Vessel of Ruin\n|move|p2a: Baxcalibur|Protect|p2a: Baxcalibur\n|-singleturn|p2a: Baxcalibur|Protect\n|move|p1a: Pincurchin|Sucker Punch||[still]\n|-fail|p1a: Pincurchin\n|move|p1b: Iron Thorns|Rock Blast|p2a: Baxcalibur\n|-activate|p2a: Baxcalibur|move: Protect\n|\n|-damage|p2b: Ting-Lu|88\/100 psn|[from] psn\n|upkeep\n|turn|3\n|\n|t:|1683691458\n|-terastallize|p1b: Iron Thorns|Bug\n|move|p1b: Iron Thorns|Pin Missile|p2b: Ting-Lu\n|-supereffective|p2b: Ting-Lu\n|-damage|p2b: Ting-Lu|67\/100 psn\n|-supereffective|p2b: Ting-Lu\n|-damage|p2b: Ting-Lu|45\/100 psn\n|-supereffective|p2b: Ting-Lu\n|-damage|p2b: Ting-Lu|24\/100 psn\n|-supereffective|p2b: Ting-Lu\n|-damage|p2b: Ting-Lu|0 fnt\n|faint|p2b: Ting-Lu\n|-hitcount|p2: Ting-Lu|4\n|move|p2a: Baxcalibur|Icicle Spear|p1a: Pincurchin\n|-damage|p1a: Pincurchin|28\/100\n|-damage|p1a: Pincurchin|11\/100\n|-damage|p1a: Pincurchin|0 fnt\n|faint|p1a: Pincurchin\n|-hitcount|p1: Pincurchin|3\n|\n|upkeep\n|\n|t:|1683691473\n|switch|p2b: Amoonguss|Amoonguss, L50, M|100\/100\n|switch|p1a: Hawlucha|Hawlucha, L50, F|100\/100\n|-enditem|p1a: Hawlucha|Electric Seed\n|-boost|p1a: Hawlucha|def|1|[from] item: Electric Seed\n|-sideend|p2: NegligentWings|move: Toxic Spikes|[of] p2b: Amoonguss\n|turn|4\n|\n|t:|1683691484\n|move|p1a: Hawlucha|Acrobatics|p2b: Amoonguss\n|-supereffective|p2b: Amoonguss\n|-damage|p2b: Amoonguss|15\/100\n|-enditem|p2b: Amoonguss|Sitrus Berry|[eat]\n|-heal|p2b: Amoonguss|40\/100|[from] item: Sitrus Berry\n|move|p1b: Iron Thorns|Rock Blast|p2a: Baxcalibur\n|-damage|p2a: Baxcalibur|79\/100\n|-damage|p2a: Baxcalibur|62\/100\n|-damage|p2a: Baxcalibur|42\/100\n|-damage|p2a: Baxcalibur|25\/100\n|-hitcount|p2a: Baxcalibur|4\n|move|p2a: Baxcalibur|Icicle Spear|p1a: Hawlucha\n|-supereffective|p1a: Hawlucha\n|-damage|p1a: Hawlucha|68\/100\n|-supereffective|p1a: Hawlucha\n|-damage|p1a: Hawlucha|35\/100\n|-supereffective|p1a: Hawlucha\n|-damage|p1a: Hawlucha|6\/100\n|-supereffective|p1a: Hawlucha\n|-damage|p1a: Hawlucha|0 fnt\n|faint|p1a: Hawlucha\n|-hitcount|p1: Hawlucha|4\n|move|p2b: Amoonguss|Spore|p1b: Iron Thorns\n|-activate|p1b: Iron Thorns|move: Electric Terrain\n|\n|upkeep\n|turn|5\n|inactive|NegligentWings has 30 seconds left.\n|\n|t:|1683691513\n|move|p2a: Baxcalibur|Protect|p2a: Baxcalibur\n|-singleturn|p2a: Baxcalibur|Protect\n|move|p1b: Iron Thorns|Rock Blast|p2b: Amoonguss\n|-damage|p2b: Amoonguss|24\/100\n|-damage|p2b: Amoonguss|6\/100\n|-damage|p2b: Amoonguss|0 fnt\n|faint|p2b: Amoonguss\n|-hitcount|p2: Amoonguss|3\n|\n|upkeep\n|\n|t:|1683691521\n|switch|p2b: Flutter Mane|Flutter Mane, L50|6\/100 psn\n|turn|6\n|\n|t:|1683691537\n|move|p2b: Flutter Mane|Moonblast|p1b: Iron Thorns\n|-damage|p1b: Iron Thorns|43\/100\n|move|p1b: Iron Thorns|Rock Blast|p2a: Baxcalibur\n|-damage|p2a: Baxcalibur|7\/100\n|-damage|p2a: Baxcalibur|0 fnt\n|faint|p2a: Baxcalibur\n|-hitcount|p2: Baxcalibur|2\n|\n|-damage|p2b: Flutter Mane|0 fnt|[from] psn\n|faint|p2b: Flutter Mane\n|-end|p2b: Flutter Mane|Protosynthesis|[silent]\n|\n|win|NutritiousLemon\n|upkeep\n|raw|NutritiousLemon's rating: 1235 → 1254<\/strong> (+19 for winning)\n|raw|NegligentWings's rating: 1149 → 1130<\/strong> (-19 for losing)\n|c|\u2606NutritiousLemon|gg\n|l|\u2606NegligentWings\n","uploadtime":1683691560,"views":11,"p1id":"nutritiouslemon","p2id":"negligentwings","formatid":"gen9vgc2023regulationc","rating":1130,"private":0,"password":""}