{"id":"gen9vgc2023regulationc-1850031516","p1":"eshe0","p2":"exstraspaceDND","format":"[Gen 9] VGC 2023 Regulation C","log":"|j|\u2606eshe0\n|j|\u2606exstraspaceDND\n|t:|1682279844\n|gametype|doubles\n|player|p1|eshe0|101|\n|player|p2|exstraspaceDND|drayden|\n|teamsize|p1|6\n|teamsize|p2|6\n|gen|9\n|tier|[Gen 9] VGC 2023 Regulation C\n|rule|Species Clause: Limit one of each Pok\u00e9mon\n|rule|Item Clause: Limit one of each item\n|clearpoke\n|poke|p1|Iron Valiant, L50|\n|poke|p1|Pawmot, L50, M|\n|poke|p1|Kingambit, L50, F|\n|poke|p1|Stantler, L50, M|\n|poke|p1|Gengar, L50, M|\n|poke|p1|Dachsbun, L50, F|\n|poke|p2|Scizor, L50, F|\n|poke|p2|Qwilfish, L50, M|\n|poke|p2|Rotom-Heat, L50|\n|poke|p2|Garchomp, L50, F|\n|poke|p2|Jumpluff, L50, F|\n|poke|p2|Iron Bundle, L50|\n|teampreview|4\n|j| judevgc\n|\n|t:|1682279896\n|start\n|switch|p1a: Iron Valiant|Iron Valiant, L50|100\/100\n|switch|p1b: Pawmot|Pawmot, L50, M|100\/100\n|switch|p2a: Garchomp|Garchomp, L50, F|100\/100\n|switch|p2b: Rotom|Rotom-Heat, L50|100\/100\n|turn|1\n|\n|t:|1682279915\n|-terastallize|p2a: Garchomp|Fairy\n|move|p1b: Pawmot|Fake Out|p2b: Rotom\n|-damage|p2b: Rotom|81\/100\n|move|p1a: Iron Valiant|Moonblast|p2a: Garchomp\n|-damage|p2a: Garchomp|52\/100\n|-unboost|p2a: Garchomp|spa|1\n|move|p2a: Garchomp|Earthquake|p1a: Iron Valiant|[spread] p1a,p1b\n|-immune|p2b: Rotom|[from] ability: Levitate\n|-supereffective|p1b: Pawmot\n|-damage|p1a: Iron Valiant|56\/100\n|-enditem|p1b: Pawmot|Focus Sash\n|-damage|p1b: Pawmot|1\/100\n|cant|p2b: Rotom|flinch\n|\n|upkeep\n|turn|2\n|\n|t:|1682279948\n|move|p2a: Garchomp|Protect|p2a: Garchomp\n|-singleturn|p2a: Garchomp|Protect\n|move|p1b: Pawmot|Electric Terrain|p1b: Pawmot\n|-fieldstart|move: Electric Terrain\n|-activate|p1a: Iron Valiant|ability: Quark Drive\n|-start|p1a: Iron Valiant|quarkdrivespa\n|move|p1a: Iron Valiant|Aura Sphere|p2b: Rotom\n|-damage|p2b: Rotom|16\/100\n|move|p2b: Rotom|Discharge|p1a: Iron Valiant|[spread] p1a,p1b\n|-activate|p2a: Garchomp|move: Protect\n|-resisted|p1b: Pawmot\n|-damage|p1a: Iron Valiant|0 fnt\n|-damage|p1b: Pawmot|0 fnt\n|faint|p1a: Iron Valiant\n|-end|p1a: Iron Valiant|Quark Drive|[silent]\n|faint|p1b: Pawmot\n|-damage|p2b: Rotom|7\/100|[from] item: Life Orb\n|\n|upkeep\n|c|\u2606eshe0|how bulky\n|c|\u2606eshe0|is that thing?\n|\n|t:|1682279964\n|switch|p1b: Kingambit|Kingambit, L50, F|100\/100\n|switch|p1a: Stantler|Stantler, L50, M|100\/100\n|-ability|p1a: Stantler|Intimidate|boost\n|-unboost|p2a: Garchomp|atk|1\n|-unboost|p2b: Rotom|atk|1\n|turn|3\n|c| judevgc|nice tech though\n|c|\u2606exstraspaceDND|not at all\n|c|\u2606exstraspaceDND|like 4spd eves\n|c| judevgc|could have been useful vs jumpluff in g1 maybe\n|c|\u2606eshe0|oh, I see\n|c|\u2606eshe0|I am not modest\n|c|\u2606eshe0|lol\n|c| judevgc|to stop sleep\n|c|\u2606eshe0|it was a spatk boost\n|c|\u2606eshe0|not a speed b oost\n|\n|t:|1682280041\n|move|p1b: Kingambit|Sucker Punch|p2b: Rotom\n|-damage|p2b: Rotom|0 fnt\n|faint|p2b: Rotom\n|move|p2a: Garchomp|Earthquake|p1a: Stantler|[spread] p1a,p1b\n|-supereffective|p1b: Kingambit\n|-damage|p1a: Stantler|82\/100\n|-damage|p1b: Kingambit|65\/100\n|move|p1a: Stantler|Skill Swap|p2a: Garchomp\n|-activate|p1a: Stantler|move: Skill Swap|Rough Skin|Intimidate|[of] p2a: Garchomp\n|-ability|p2a: Garchomp|Intimidate|boost\n|-unboost|p1a: Stantler|atk|1\n|-unboost|p1b: Kingambit|atk|1\n|-ability|p1b: Kingambit|Defiant|boost\n|-boost|p1b: Kingambit|atk|2\n|\n|upkeep\n|\n|t:|1682280057\n|switch|p2b: Scizor|Scizor, L50, F|100\/100\n|turn|4\n|\n|t:|1682280067\n|move|p1b: Kingambit|Protect|p1b: Kingambit\n|-singleturn|p1b: Kingambit|Protect\n|move|p2a: Garchomp|Earthquake|p1b: Kingambit|[spread] p2b,p1a\n|-activate|p1b: Kingambit|move: Protect\n|-damage|p2b: Scizor|75\/100\n|-damage|p1a: Stantler|63\/100\n|move|p1a: Stantler|Skill Swap|p2a: Garchomp\n|-activate|p1a: Stantler|move: Skill Swap|Intimidate|Rough Skin|[of] p2a: Garchomp\n|-ability|p1a: Stantler|Intimidate|boost\n|-unboost|p2a: Garchomp|atk|1\n|-unboost|p2b: Scizor|atk|1\n|move|p2b: Scizor|Close Combat|p1b: Kingambit\n|-activate|p1b: Kingambit|move: Protect\n|\n|upkeep\n|turn|5\n|\n|t:|1682280092\n|move|p1a: Stantler|Helping Hand|p1b: Kingambit\n|-singleturn|p1b: Kingambit|Helping Hand|[of] p1a: Stantler\n|move|p1b: Kingambit|Sucker Punch|p2b: Scizor\n|-damage|p2b: Scizor|0 fnt\n|faint|p2b: Scizor\n|move|p2a: Garchomp|Earthquake|p1a: Stantler|[spread] p1a,p1b\n|-supereffective|p1b: Kingambit\n|-damage|p1a: Stantler|49\/100\n|-damage|p1b: Kingambit|36\/100\n|\n|upkeep\n|c|\u2606exstraspaceDND|pfffffffffffffffffff\n|c|\u2606exstraspaceDND|wtf\n|\n|t:|1682280104\n|switch|p2b: Jumpluff|Jumpluff, L50, F|100\/100\n|turn|6\n|\n|t:|1682280123\n|move|p2a: Garchomp|Protect|p2a: Garchomp\n|-singleturn|p2a: Garchomp|Protect\n|move|p1b: Kingambit|Protect|p1b: Kingambit\n|-singleturn|p1b: Kingambit|Protect\n|move|p2b: Jumpluff|Pollen Puff|p2a: Garchomp\n|-activate|p2a: Garchomp|move: Protect\n|move|p1a: Stantler|Trick Room|p1a: Stantler\n|-fieldstart|move: Trick Room|[of] p1a: Stantler\n|\n|-fieldend|move: Electric Terrain\n|upkeep\n|turn|7\n|c|\u2606eshe0|lol\n|c|\u2606eshe0|yeah, protect protects from pollen puff\n|c|\u2606exstraspaceDND|lol\n|c|\u2606exstraspaceDND|i did not know that\n|\n|t:|1682280162\n|move|p2a: Garchomp|Protect|p2a: Garchomp\n|-singleturn|p2a: Garchomp|Protect\n|move|p1b: Kingambit|Iron Head|p2a: Garchomp\n|-activate|p2a: Garchomp|move: Protect\n|move|p1a: Stantler|Skill Swap|p2b: Jumpluff\n|-activate|p1a: Stantler|move: Skill Swap|Chlorophyll|Intimidate|[of] p2b: Jumpluff\n|-ability|p2b: Jumpluff|Intimidate|boost\n|-unboost|p1a: Stantler|atk|1\n|-unboost|p1b: Kingambit|atk|1\n|-ability|p1b: Kingambit|Defiant|boost\n|-boost|p1b: Kingambit|atk|2\n|move|p2b: Jumpluff|Sleep Powder|p1b: Kingambit\n|-status|p1b: Kingambit|slp|[from] move: Sleep Powder\n|\n|upkeep\n|turn|8\n|c|\u2606eshe0|yea, you are technically attacking your own slot\n|\n|t:|1682280179\n|cant|p1b: Kingambit|slp\n|move|p1a: Stantler|Skill Swap|p2b: Jumpluff\n|-activate|p1a: Stantler|move: Skill Swap|Intimidate|Chlorophyll|[of] p2b: Jumpluff\n|-ability|p1a: Stantler|Intimidate|boost\n|-unboost|p2a: Garchomp|atk|1\n|-unboost|p2b: Jumpluff|atk|1\n|move|p2a: Garchomp|Earthquake|p1b: Kingambit|[spread] p1a,p1b\n|-immune|p2b: Jumpluff\n|-supereffective|p1b: Kingambit\n|-damage|p1a: Stantler|38\/100\n|-damage|p1b: Kingambit|15\/100 slp\n|-enditem|p1b: Kingambit|Iapapa Berry|[eat]\n|-heal|p1b: Kingambit|48\/100 slp|[from] item: Iapapa Berry\n|move|p2b: Jumpluff|Pollen Puff|p2a: Garchomp\n|-heal|p2a: Garchomp|100\/100\n|\n|upkeep\n|turn|9\n|\n|t:|1682280202\n|move|p2b: Jumpluff|Rage Powder|p2b: Jumpluff\n|-singleturn|p2b: Jumpluff|move: Rage Powder\n|cant|p1b: Kingambit|slp\n|move|p1a: Stantler|Skill Swap|p2b: Jumpluff\n|-activate|p1a: Stantler|move: Skill Swap|Chlorophyll|Intimidate|[of] p2b: Jumpluff\n|-ability|p2b: Jumpluff|Intimidate|boost\n|-unboost|p1a: Stantler|atk|1\n|-unboost|p1b: Kingambit|atk|1\n|-ability|p1b: Kingambit|Defiant|boost\n|-boost|p1b: Kingambit|atk|2\n|move|p2a: Garchomp|Earthquake|p1a: Stantler|[spread] p1a,p1b\n|-immune|p2b: Jumpluff\n|-supereffective|p1b: Kingambit\n|-crit|p1b: Kingambit\n|-damage|p1a: Stantler|25\/100\n|-damage|p1b: Kingambit|0 fnt\n|faint|p1b: Kingambit\n|\n|upkeep\n|turn|10\n|c|\u2606eshe0|na gg\n|c| judevgc|the crittt\n|\n|t:|1682280221\n|move|p1a: Stantler|Skill Swap|p2b: Jumpluff\n|-activate|p1a: Stantler|move: Skill Swap|Intimidate|Chlorophyll|[of] p2b: Jumpluff\n|-ability|p1a: Stantler|Intimidate|boost\n|-unboost|p2a: Garchomp|atk|1\n|-unboost|p2b: Jumpluff|atk|1\n|move|p2a: Garchomp|Earthquake|p1a: Stantler|[spread] p1a\n|-immune|p2b: Jumpluff\n|-damage|p1a: Stantler|17\/100\n|move|p2b: Jumpluff|Pollen Puff|p1a: Stantler\n|-crit|p1a: Stantler\n|-damage|p1a: Stantler|0 fnt\n|faint|p1a: Stantler\n|\n|win|exstraspaceDND\n|c| judevgc|oh nooo\n|c|\u2606exstraspaceDND|gg wp\n|c|\u2606eshe0|my brother in christ\n|c|\u2606eshe0|noted: I cannot not have an attacking ove on stantler\n|c|\u2606eshe0|was a cool game\n|c| judevgc|body slam is decent for para\n|c|\u2606exstraspaceDND|it was very fun\n|c| judevgc|i used it on a annihilape staltler team in series 1\n|c|\u2606eshe0|but I am dropping my own attack\n|c|\u2606exstraspaceDND|the crit was so huge\n|c|\u2606exstraspaceDND|its crazy\n|c|\u2606eshe0|and para was not precisely the problem\n","uploadtime":1682280331,"views":12,"p1id":"eshe0","p2id":"exstraspacednd","formatid":"gen9vgc2023regulationc","rating":0,"private":0,"password":""}