{"id":"gen9vgc2023regulationc-1845048165","p1":"IceBeam724","p2":"wesleihas","format":"[Gen 9] VGC 2023 Regulation C","log":"|j|\u2606IceBeam724\n|j|\u2606wesleihas\n|t:|1681677705\n|gametype|doubles\n|player|p1|IceBeam724|grimsley-masters|1521\n|player|p2|wesleihas|101|1503\n|teamsize|p1|6\n|teamsize|p2|6\n|gen|9\n|tier|[Gen 9] VGC 2023 Regulation C\n|rated|\n|rule|Species Clause: Limit one of each Pok\u00e9mon\n|rule|Item Clause: Limit one of each item\n|clearpoke\n|poke|p1|Ceruledge, L50, M|\n|poke|p1|Kingambit, L50, M|\n|poke|p1|Gyarados, L50, M|\n|poke|p1|Amoonguss, L50, F|\n|poke|p1|Ting-Lu, L50|\n|poke|p1|Flutter Mane, L50|\n|poke|p2|Ting-Lu, L50|\n|poke|p2|Corviknight, L50, F|\n|poke|p2|Scream Tail, L50|\n|poke|p2|Kingambit, L50, F|\n|poke|p2|Flutter Mane, L50|\n|poke|p2|Gyarados, L50, M|\n|teampreview|4\nIceBeam724 has agreed to open team sheets.\n|j| Riquelme14\n|inactive|Battle timer is ON: inactive players will automatically lose when time's up. (requested by wesleihas)\n|\n|t:|1681677749\n|start\n|switch|p1a: Mihawk|Kingambit, L50, M|100\/100\n|switch|p1b: Aramaki|Amoonguss, L50, F|100\/100\n|switch|p2a: Scream Tail|Scream Tail, L50|100\/100\n|switch|p2b: Kingambit|Kingambit, L50, F|100\/100\n|-enditem|p2a: Scream Tail|Booster Energy\n|-activate|p2a: Scream Tail|ability: Protosynthesis|[fromitem]\n|-start|p2a: Scream Tail|protosynthesisspe\n|turn|1\n|\n|t:|1681677766\n|move|p2b: Kingambit|Protect|p2b: Kingambit\n|-singleturn|p2b: Kingambit|Protect\n|move|p1b: Aramaki|Rage Powder|p1b: Aramaki\n|-singleturn|p1b: Aramaki|move: Rage Powder\n|move|p2a: Scream Tail|Howl|p2a: Scream Tail|[spread] p2a,p2b\n|-boost|p2a: Scream Tail|atk|1\n|-boost|p2b: Kingambit|atk|1\n|move|p1a: Mihawk|Iron Head|p2a: Scream Tail\n|-supereffective|p2a: Scream Tail\n|-damage|p2a: Scream Tail|25\/100\n|\n|upkeep\n|turn|2\n|inactive|wesleihas has 30 seconds left.\n|\n|t:|1681677797\n|-terastallize|p2b: Kingambit|Dark\n|move|p2a: Scream Tail|Encore|p1b: Aramaki\n|-start|p1b: Aramaki|Encore\n|move|p1a: Mihawk|Iron Head|p2a: Scream Tail\n|-supereffective|p2a: Scream Tail\n|-damage|p2a: Scream Tail|0 fnt\n|faint|p2a: Scream Tail\n|-end|p2a: Scream Tail|Protosynthesis|[silent]\n|move|p2b: Kingambit|Kowtow Cleave|p1b: Aramaki\n|-damage|p1b: Aramaki|11\/100\n|-enditem|p1b: Aramaki|Sitrus Berry|[eat]\n|-heal|p1b: Aramaki|36\/100|[from] item: Sitrus Berry\n|move|p1b: Aramaki|Rage Powder|p1b: Aramaki\n|-singleturn|p1b: Aramaki|move: Rage Powder\n|\n|upkeep\n|\n|t:|1681677810\n|switch|p2a: Corviknight|Corviknight, L50, F|100\/100\n|turn|3\n|\n|t:|1681677820\n|move|p1b: Aramaki|Rage Powder|p1b: Aramaki\n|-singleturn|p1b: Aramaki|move: Rage Powder\n|move|p2a: Corviknight|Bulk Up|p2a: Corviknight\n|-boost|p2a: Corviknight|atk|1\n|-boost|p2a: Corviknight|def|1\n|move|p1a: Mihawk|Iron Head|p2b: Kingambit\n|-damage|p2b: Kingambit|67\/100\n|move|p2b: Kingambit|Kowtow Cleave|p1b: Aramaki\n|-damage|p1b: Aramaki|0 fnt\n|faint|p1b: Aramaki\n|\n|upkeep\n|j| Sauromon\n|\n|t:|1681677833\n|switch|p1b: Perona|Flutter Mane, L50|100\/100\n|-enditem|p1b: Perona|Booster Energy\n|-activate|p1b: Perona|ability: Protosynthesis|[fromitem]\n|-start|p1b: Perona|protosynthesisspa\n|turn|4\n|\n|t:|1681677855\n|switch|p1a: Ryuma|Ceruledge, L50, M|100\/100\n|-terastallize|p1b: Perona|Water\n|move|p2b: Kingambit|Protect|p2b: Kingambit\n|-singleturn|p2b: Kingambit|Protect\n|move|p1b: Perona|Moonblast|p2b: Kingambit\n|-activate|p2b: Kingambit|move: Protect\n|move|p2a: Corviknight|Brave Bird|p1b: Perona\n|-damage|p1b: Perona|2\/100\n|-damage|p2a: Corviknight|78\/100|[from] Recoil\n|\n|upkeep\n|turn|5\n|\n|t:|1681677883\n|move|p1b: Perona|Protect|p1b: Perona\n|-singleturn|p1b: Perona|Protect\n|move|p2b: Kingambit|Sucker Punch||[still]\n|-fail|p2b: Kingambit\n|move|p1a: Ryuma|Bitter Blade|p2a: Corviknight\n|-supereffective|p2a: Corviknight\n|-crit|p2a: Corviknight\n|-damage|p2a: Corviknight|0 fnt\n|faint|p2a: Corviknight\n|\n|upkeep\n|\n|t:|1681677891\n|switch|p2a: Ting-Lu|Ting-Lu, L50|100\/100\n|-ability|p2a: Ting-Lu|Vessel of Ruin\n|turn|6\n|inactive|IceBeam724 has 30 seconds left.\n|\n|t:|1681677922\n|-end|p1b: Perona|Protosynthesis|[silent]\n|switch|p1b: Mihawk|Kingambit, L50, M|100\/100\n|move|p2b: Kingambit|Sucker Punch|p1a: Ryuma\n|-supereffective|p1a: Ryuma\n|-damage|p1a: Ryuma|0 fnt\n|faint|p1a: Ryuma\n|move|p2a: Ting-Lu|Rock Tomb|p1b: Mihawk\n|-resisted|p1b: Mihawk\n|-damage|p1b: Mihawk|93\/100\n|-unboost|p1b: Mihawk|spe|1\n|-ability|p1b: Mihawk|Defiant|boost\n|-boost|p1b: Mihawk|atk|2\n|\n|upkeep\n|\n|t:|1681677930\n|switch|p1a: Perona|Flutter Mane, L50, tera:Water|2\/100\n|turn|7\n|inactive|wesleihas has 30 seconds left.\n|\n|t:|1681677964\n|move|p1a: Perona|Protect|p1a: Perona\n|-singleturn|p1a: Perona|Protect\n|move|p2b: Kingambit|Sucker Punch||[still]\n|-fail|p2b: Kingambit\n|move|p2a: Ting-Lu|Rock Tomb|p1b: Mihawk\n|-resisted|p1b: Mihawk\n|-damage|p1b: Mihawk|85\/100\n|-unboost|p1b: Mihawk|spe|1\n|-ability|p1b: Mihawk|Defiant|boost\n|-boost|p1b: Mihawk|atk|2\n|move|p1b: Mihawk|Iron Head|p2b: Kingambit\n|-damage|p2b: Kingambit|0 fnt\n|faint|p2b: Kingambit\n|\n|upkeep\n|turn|8\n|\n|t:|1681677981\n|move|p1a: Perona|Moonblast|p2a: Ting-Lu\n|-supereffective|p2a: Ting-Lu\n|-damage|p2a: Ting-Lu|32\/100\n|move|p2a: Ting-Lu|Earthquake|p1a: Perona|[spread] p1a,p1b\n|-supereffective|p1b: Mihawk\n|-damage|p1a: Perona|0 fnt\n|-damage|p1b: Mihawk|21\/100\n|faint|p1a: Perona\n|-end|p1a: Perona|Protosynthesis|[silent]\n|move|p1b: Mihawk|Iron Head|p2a: Ting-Lu\n|-damage|p2a: Ting-Lu|0 fnt\n|faint|p2a: Ting-Lu\n|\n|win|IceBeam724\n|raw|IceBeam724's rating: 1521 → 1540<\/strong> (+19 for winning)\n|raw|wesleihas's rating: 1503 → 1484<\/strong> (-19 for losing)\n|l| Sauromon\n|l|\u2606wesleihas\n","uploadtime":1681678002,"views":11,"p1id":"icebeam724","p2id":"wesleihas","formatid":"gen9vgc2023regulationc","rating":1484,"private":0,"password":""}