{"id":"gen9vgc2023regulationc-1857041750","p1":"Fenomenez","p2":"Dryslide","format":"[Gen 9] VGC 2023 Regulation C","log":"|j|\u2606Fenomenez\n|j|\u2606Dryslide\n|t:|1683139884\n|gametype|doubles\n|player|p1|Fenomenez|2|1231\n|player|p2|Dryslide|169|1189\n|teamsize|p1|6\n|teamsize|p2|6\n|gen|9\n|tier|[Gen 9] VGC 2023 Regulation C\n|rated|\n|rule|Species Clause: Limit one of each Pok\u00e9mon\n|rule|Item Clause: Limit one of each item\n|clearpoke\n|poke|p1|Palafin, L50, M|\n|poke|p1|Iron Hands, L50|\n|poke|p1|Amoonguss, L50, F|\n|poke|p1|Flutter Mane, L50|\n|poke|p1|Arcanine, L50, M|\n|poke|p1|Ting-Lu, L50|\n|poke|p2|Dondozo, L50, M|\n|poke|p2|Tatsugiri-Droopy, L50, F|\n|poke|p2|Chi-Yu, L50|\n|poke|p2|Chien-Pao, L50|\n|poke|p2|Glimmora, L50, F|\n|poke|p2|Dragonite, L50, F|\n|teampreview|4\n|inactive|Battle timer is ON: inactive players will automatically lose when time's up. (requested by Dryslide)\nDryslide rejected open team sheets.\n|\n|t:|1683139914\n|start\n|switch|p1a: Arcanine|Arcanine, L50, M|100\/100\n|switch|p1b: Ting-Lu|Ting-Lu, L50|100\/100\n|switch|p2a: Deidara|Glimmora, L50, F, shiny|100\/100\n|switch|p2b: Itachi|Chi-Yu, L50|100\/100\n|-ability|p2b: Itachi|Beads of Ruin\n|-ability|p1a: Arcanine|Intimidate|boost\n|-unboost|p2a: Deidara|atk|1\n|-unboost|p2b: Itachi|atk|1\n|-item|p2a: Deidara|Air Balloon\n|-ability|p1b: Ting-Lu|Vessel of Ruin\n|turn|1\n|inactive|Dryslide has 30 seconds left.\n|inactive|Fenomenez has 30 seconds left.\n|inactive|Fenomenez has 20 seconds left.\n|\n|t:|1683139964\n|move|p1a: Arcanine|Protect|p1a: Arcanine\n|-singleturn|p1a: Arcanine|Protect\n|move|p2b: Itachi|Heat Wave|p1b: Ting-Lu|[spread] p1b\n|-activate|p1a: Arcanine|move: Protect\n|-crit|p1b: Ting-Lu\n|-damage|p1b: Ting-Lu|71\/100\n|move|p2a: Deidara|Mortal Spin|p1a: Arcanine|[spread] p1b\n|-activate|p1a: Arcanine|move: Protect\n|-resisted|p1b: Ting-Lu\n|-damage|p1b: Ting-Lu|71\/100\n|-status|p1b: Ting-Lu|psn\n|move|p1b: Ting-Lu|Earthquake|p2a: Deidara|[spread] p2b\n|-activate|p1a: Arcanine|move: Protect\n|-immune|p2a: Deidara\n|-supereffective|p2b: Itachi\n|-damage|p2b: Itachi|3\/100\n|\n|-damage|p1b: Ting-Lu|59\/100 psn|[from] psn\n|upkeep\n|turn|2\n|inactive|Fenomenez has 30 seconds left.\n|inactive|Dryslide has 30 seconds left.\n|inactive|Fenomenez has 20 seconds left.\n|inactive|Fenomenez has 15 seconds left.\n|\n|t:|1683140005\n|move|p2a: Deidara|Spiky Shield|p2a: Deidara\n|-singleturn|p2a: Deidara|move: Protect\n|move|p1a: Arcanine|Extreme Speed|p2b: Itachi\n|-damage|p2b: Itachi|0 fnt\n|faint|p2b: Itachi\n|move|p1b: Ting-Lu|Ruination|p2a: Deidara\n|-activate|p2a: Deidara|move: Protect\n|\n|-damage|p1b: Ting-Lu|46\/100 psn|[from] psn\n|upkeep\n|\n|t:|1683140030\n|switch|p2b: Sasori|Tatsugiri-Droopy, L50, F, shiny|100\/100\n|turn|3\n|\n|t:|1683140049\n|switch|p1b: Iron Hands|Iron Hands, L50|100\/100\n|move|p1a: Arcanine|Protect|p1a: Arcanine\n|-singleturn|p1a: Arcanine|Protect\n|move|p2b: Sasori|Muddy Water|p1b: Iron Hands|[spread] p1b\n|-activate|p1a: Arcanine|move: Protect\n|-damage|p1b: Iron Hands|75\/100\n|-unboost|p1b: Iron Hands|accuracy|1\n|move|p2a: Deidara|Mortal Spin|p1a: Arcanine|[spread] p1b\n|-activate|p1a: Arcanine|move: Protect\n|-damage|p1b: Iron Hands|73\/100\n|-status|p1b: Iron Hands|psn\n|\n|-heal|p1b: Iron Hands|79\/100 psn|[from] item: Leftovers\n|-damage|p1b: Iron Hands|67\/100 psn|[from] psn\n|upkeep\n|turn|4\n|inactive|Fenomenez has 30 seconds left.\n|inactive|Dryslide has 30 seconds left.\n|inactive|Fenomenez has 20 seconds left.\n|inactive|Dryslide has 20 seconds left.\n|inactive|Fenomenez has 15 seconds left.\n|inactive|Dryslide has 15 seconds left.\n|inactive|Dryslide has 10 seconds left.\n|\n|t:|1683140097\n|-terastallize|p2b: Sasori|Steel\n|move|p2b: Sasori|Muddy Water|p1b: Iron Hands|[spread] p1a\n|-miss|p2b: Sasori|p1b: Iron Hands\n|-supereffective|p1a: Arcanine\n|-damage|p1a: Arcanine|51\/100\n|-unboost|p1a: Arcanine|accuracy|1\n|move|p1a: Arcanine|Will-O-Wisp|p2a: Deidara\n|-status|p2a: Deidara|brn\n|move|p2a: Deidara|Earth Power|p1b: Iron Hands\n|-supereffective|p1b: Iron Hands\n|-damage|p1b: Iron Hands|19\/100 psn\n|move|p1b: Iron Hands|Wild Charge|p2b: Sasori|[miss]\n|-miss|p1b: Iron Hands|p2b: Sasori\n|\n|-heal|p1b: Iron Hands|25\/100 psn|[from] item: Leftovers\n|-damage|p1b: Iron Hands|13\/100 psn|[from] psn\n|-damage|p2a: Deidara|94\/100 brn|[from] brn\n|upkeep\n|turn|5\n|inactive|Fenomenez has 30 seconds left.\n|inactive|Dryslide has 30 seconds left.\n|c|\u2606Fenomenez|Some Luck\n|inactive|Fenomenez has 20 seconds left.\n|inactive|Fenomenez has 15 seconds left.\n|inactive|Fenomenez has 10 seconds left.\n|\n|t:|1683140145\n|move|p2b: Sasori|Muddy Water|p1b: Iron Hands|[spread] p1a,p1b\n|-supereffective|p1a: Arcanine\n|-damage|p1a: Arcanine|0 fnt\n|-damage|p1b: Iron Hands|0 fnt\n|faint|p1a: Arcanine\n|faint|p1b: Iron Hands\n|-end|p1b: Iron Hands|Quark Drive|[silent]\n|move|p2a: Deidara|Earth Power|p1: Arcanine|[notarget]\n|-fail|p2a: Deidara\n|\n|-damage|p2a: Deidara|88\/100 brn|[from] brn\n|upkeep\n|\n|t:|1683140155\n|switch|p1a: Ting-Lu|Ting-Lu, L50|46\/100 psn\n|switch|p1b: Amoonguss|Amoonguss, L50, F|100\/100\n|-ability|p1a: Ting-Lu|Vessel of Ruin\n|turn|6\n|inactive|Fenomenez has 30 seconds left.\n|inactive|Dryslide has 30 seconds left.\n|\n|t:|1683140188\n|switch|p2b: Kisame|Dondozo, L50, M, shiny|100\/100\n|-terastallize|p1a: Ting-Lu|Grass\n|move|p2a: Deidara|Earth Power|p1b: Amoonguss\n|-damage|p1b: Amoonguss|79\/100\n|-unboost|p1b: Amoonguss|spd|1\n|move|p1a: Ting-Lu|Earthquake|p2b: Kisame|[spread] p1b,p2b\n|-immune|p2a: Deidara\n|-damage|p1b: Amoonguss|55\/100\n|-damage|p2b: Kisame|84\/100\n|move|p1b: Amoonguss|Pollen Puff|p1a: Ting-Lu\n|-heal|p1a: Ting-Lu|96\/100 psn\n|\n|-heal|p2b: Kisame|90\/100|[from] item: Leftovers\n|-damage|p1a: Ting-Lu|84\/100 psn|[from] psn\n|-damage|p2a: Deidara|82\/100 brn|[from] brn\n|upkeep\n|turn|7\n|inactive|Fenomenez has 30 seconds left.\n|inactive|Dryslide has 30 seconds left.\n|inactive|Fenomenez has 20 seconds left.\n|inactive|Dryslide has 20 seconds left.\n|inactive|Fenomenez has 15 seconds left.\n|\n|t:|1683140231\n|switch|p2a: Sasori|Tatsugiri-Droopy, L50, F, shiny, tera:Steel|100\/100\n|-activate|p2a: Sasori|ability: Commander|[of] p2b: Kisame\n|-boost|p2b: Kisame|atk|2\n|-boost|p2b: Kisame|spa|2\n|-boost|p2b: Kisame|spe|2\n|-boost|p2b: Kisame|def|2\n|-boost|p2b: Kisame|spd|2\n|move|p2b: Kisame|Protect|p2b: Kisame\n|-singleturn|p2b: Kisame|Protect\n|move|p1a: Ting-Lu|Ruination|p2b: Kisame\n|-activate|p2b: Kisame|move: Protect\n|move|p1b: Amoonguss|Spore|p2b: Kisame\n|-activate|p2b: Kisame|move: Protect\n|\n|-heal|p2b: Kisame|97\/100|[from] item: Leftovers\n|-damage|p1a: Ting-Lu|72\/100 psn|[from] psn\n|upkeep\n|turn|8\n|inactive|Dryslide has 30 seconds left.\n|\n|t:|1683140258\n|move|p2b: Kisame|Rock Slide|p1a: Ting-Lu|[spread] p1a,p1b\n|-damage|p1a: Ting-Lu|56\/100 psn\n|-damage|p1b: Amoonguss|30\/100\n|-enditem|p1b: Amoonguss|Sitrus Berry|[eat]\n|-heal|p1b: Amoonguss|56\/100|[from] item: Sitrus Berry\n|cant|p1a: Ting-Lu|flinch\n|cant|p1b: Amoonguss|flinch\n|\n|-heal|p2b: Kisame|100\/100|[from] item: Leftovers\n|-damage|p1a: Ting-Lu|44\/100 psn|[from] psn\n|upkeep\n|turn|9\n|c|\u2606Fenomenez|Ahahahaha\n|inactive|Fenomenez has 30 seconds left.\n|\n|t:|1683140283\n|move|p2b: Kisame|Rock Slide|p1a: Ting-Lu|[spread] p1a,p1b\n|-damage|p1a: Ting-Lu|27\/100 psn\n|-damage|p1b: Amoonguss|31\/100\n|move|p1a: Ting-Lu|Ruination|p2b: Kisame\n|-damage|p2b: Kisame|51\/100\n|move|p1b: Amoonguss|Pollen Puff|p1a: Ting-Lu\n|-heal|p1a: Ting-Lu|77\/100 psn\n|\n|-heal|p2b: Kisame|57\/100|[from] item: Leftovers\n|-damage|p1a: Ting-Lu|65\/100 psn|[from] psn\n|upkeep\n|turn|10\n|inactive|Fenomenez has 30 seconds left.\n|\n|t:|1683140311\n|move|p2b: Kisame|Rock Slide|p1b: Amoonguss|[spread] p1b\n|-miss|p2b: Kisame|p1a: Ting-Lu\n|-damage|p1b: Amoonguss|8\/100\n|move|p1a: Ting-Lu|Ruination|p2b: Kisame\n|-damage|p2b: Kisame|29\/100\n|move|p1b: Amoonguss|Spore|p2b: Kisame\n|-status|p2b: Kisame|slp|[from] move: Spore\n|\n|-heal|p2b: Kisame|35\/100 slp|[from] item: Leftovers\n|-damage|p1a: Ting-Lu|53\/100 psn|[from] psn\n|upkeep\n|turn|11\n|inactive|Fenomenez has 30 seconds left.\n|\n|t:|1683140343\n|cant|p2b: Kisame|slp\n|move|p1a: Ting-Lu|Ruination|p2b: Kisame\n|-damage|p2b: Kisame|18\/100 slp\n|move|p1b: Amoonguss|Pollen Puff|p2b: Kisame\n|-damage|p2b: Kisame|12\/100 slp\n|\n|-heal|p2b: Kisame|18\/100 slp|[from] item: Leftovers\n|-damage|p1a: Ting-Lu|41\/100 psn|[from] psn\n|upkeep\n|turn|12\n|\n|t:|1683140360\n|cant|p2b: Kisame|slp\n|move|p1a: Ting-Lu|Ruination|p2b: Kisame\n|-damage|p2b: Kisame|9\/100 slp\n|move|p1b: Amoonguss|Pollen Puff|p2b: Kisame\n|-damage|p2b: Kisame|3\/100 slp\n|\n|-heal|p2b: Kisame|9\/100 slp|[from] item: Leftovers\n|-damage|p1a: Ting-Lu|28\/100 psn|[from] psn\n|upkeep\n|turn|13\n|inactive|Fenomenez has 30 seconds left.\n|\n|t:|1683140393\n|-curestatus|p2b: Kisame|slp|[msg]\n|move|p2b: Kisame|Rock Slide|p1a: Ting-Lu|[spread] p1a,p1b\n|-damage|p1a: Ting-Lu|12\/100 psn\n|-damage|p1b: Amoonguss|0 fnt\n|faint|p1b: Amoonguss\n|cant|p1a: Ting-Lu|flinch\n|\n|-heal|p2b: Kisame|16\/100|[from] item: Leftovers\n|-damage|p1a: Ting-Lu|0 fnt|[from] psn\n|faint|p1a: Ting-Lu\n|\n|win|Dryslide\n|upkeep\n|inactive|Fenomenez has 25 seconds left this turn.\n|raw|Fenomenez's rating: 1231 → 1203<\/strong> (-28 for losing)\n|raw|Dryslide's rating: 1189 → 1217<\/strong> (+28 for winning)\n|l|\u2606Fenomenez\n|c|\u2606Dryslide|Gg\n","uploadtime":1683140431,"views":12,"p1id":"fenomenez","p2id":"dryslide","formatid":"gen9vgc2023regulationc","rating":1203,"private":0,"password":""}