{"id":"gen9vgc2023regulationc-1857971355","p1":"RagnaC","p2":"Bdogplatinum","format":"[Gen 9] VGC 2023 Regulation C","log":"|j|\u2606RagnaC\n|j|\u2606Bdogplatinum\n|t:|1683254087\n|gametype|doubles\n|player|p1|RagnaC|red|\n|player|p2|Bdogplatinum|cress|\n|teamsize|p1|6\n|teamsize|p2|6\n|gen|9\n|tier|[Gen 9] VGC 2023 Regulation C\n|rule|Species Clause: Limit one of each Pok\u00e9mon\n|rule|Item Clause: Limit one of each item\n|clearpoke\n|poke|p1|Palafin, L50, F|\n|poke|p1|Flutter Mane, L50|\n|poke|p1|Amoonguss, L50, F|\n|poke|p1|Chi-Yu, L50|\n|poke|p1|Iron Hands, L50|\n|poke|p1|Corviknight, L50, M|\n|poke|p2|Palafin, L50, M|\n|poke|p2|Flutter Mane, L50|\n|poke|p2|Amoonguss, L50, M|\n|poke|p2|Ting-Lu, L50|\n|poke|p2|Arcanine, L50, F|\n|poke|p2|Baxcalibur, L50, M|\n|teampreview|4\n|inactive|Battle timer is ON: inactive players will automatically lose when time's up. (requested by RagnaC)\nBdogplatinum has agreed to open team sheets.\nRagnaC has agreed to open team sheets.\n|inactive|RagnaC has 60 seconds left.\n|inactive|Bdogplatinum has 60 seconds left.\n|\n|t:|1683254145\n|start\n|switch|p1a: Palafin|Palafin, L50, F|100\/100\n|switch|p1b: Iron Hands|Iron Hands, L50|100\/100\n|switch|p2a: Palafin|Palafin, L50, M|100\/100\n|switch|p2b: Arcanine|Arcanine, L50, F|100\/100\n|-ability|p2b: Arcanine|Intimidate|boost\n|-unboost|p1a: Palafin|atk|1\n|-unboost|p1b: Iron Hands|atk|1\n|turn|1\n|j| aberen\n|inactive|RagnaC has 30 seconds left.\n|inactive|RagnaC has 20 seconds left.\n|inactive|RagnaC has 15 seconds left.\n|inactive|RagnaC has 10 seconds left.\n|\n|t:|1683254191\n|switch|p2b: Baxcalibur|Baxcalibur, L50, M|100\/100\n|detailschange|p1a: Palafin|Palafin-Hero, L50, F\n|switch|p1a: Amoonguss|Amoonguss, L50, F|100\/100\n|detailschange|p2a: Palafin|Palafin-Hero, L50, M\n|switch|p2a: Ting-Lu|Ting-Lu, L50|100\/100\n|-ability|p2a: Ting-Lu|Vessel of Ruin\n|move|p1b: Iron Hands|Volt Switch|p2a: Ting-Lu\n|-immune|p2a: Ting-Lu\n|\n|upkeep\n|turn|2\n|inactive|RagnaC has 30 seconds left.\n|inactive|Bdogplatinum has 30 seconds left.\n|inactive|RagnaC has 20 seconds left.\n|inactive|Bdogplatinum has 20 seconds left.\n|inactive|RagnaC has 15 seconds left.\n|\n|t:|1683254236\n|switch|p2b: Arcanine|Arcanine, L50, F|100\/100\n|-ability|p2b: Arcanine|Intimidate|boost\n|-unboost|p1a: Amoonguss|atk|1\n|-unboost|p1b: Iron Hands|atk|1\n|-end|p1b: Iron Hands|Quark Drive|[silent]\n|switch|p1b: Corviknight|Corviknight, L50, M|100\/100\n|-terastallize|p1a: Amoonguss|Water\n|move|p2a: Ting-Lu|Ruination|p1a: Amoonguss\n|-damage|p1a: Amoonguss|50\/100\n|-enditem|p1a: Amoonguss|Sitrus Berry|[eat]\n|-heal|p1a: Amoonguss|75\/100|[from] item: Sitrus Berry\n|move|p1a: Amoonguss|Spore|p2a: Ting-Lu\n|-status|p2a: Ting-Lu|slp|[from] move: Spore\n|\n|upkeep\n|turn|3\n|inactive|RagnaC has 30 seconds left.\n|inactive|RagnaC has 20 seconds left.\n|\n|t:|1683254275\n|switch|p1b: Iron Hands|Iron Hands, L50|100\/100\n|switch|p1a: Palafin|Palafin-Hero, L50, F|100\/100\n|-activate|p1a: Palafin|ability: Zero to Hero\n|move|p2b: Arcanine|Will-O-Wisp|p1b: Iron Hands\n|-status|p1b: Iron Hands|brn\n|cant|p2a: Ting-Lu|slp\n|\n|-damage|p1b: Iron Hands|94\/100 brn|[from] brn\n|upkeep\n|turn|4\n|\n|t:|1683254288\n|switch|p1a: Corviknight|Corviknight, L50, M|100\/100\n|switch|p2a: Palafin|Palafin-Hero, L50, M|100\/100\n|-activate|p2a: Palafin|ability: Zero to Hero\n|-terastallize|p2b: Arcanine|Flying\n|move|p1b: Iron Hands|Fake Out|p2b: Arcanine\n|-damage|p2b: Arcanine|92\/100\n|cant|p2b: Arcanine|flinch\n|\n|-damage|p1b: Iron Hands|88\/100 brn|[from] brn\n|upkeep\n|turn|5\n|\n|t:|1683254312\n|move|p2b: Arcanine|Flare Blitz|p1b: Iron Hands\n|-damage|p1b: Iron Hands|56\/100 brn\n|-damage|p2b: Arcanine|79\/100|[from] Recoil\n|move|p2a: Palafin|Wave Crash|p1b: Iron Hands\n|-damage|p1b: Iron Hands|0 fnt\n|faint|p1b: Iron Hands\n|-end|p1b: Iron Hands|Quark Drive|[silent]\n|-damage|p2a: Palafin|78\/100|[from] Recoil\n|move|p1a: Corviknight|Brave Bird|p2b: Arcanine\n|-damage|p2b: Arcanine|25\/100\n|-damage|p1a: Corviknight|82\/100|[from] Recoil\n|\n|upkeep\n|\n|t:|1683254323\n|switch|p1b: Palafin|Palafin-Hero, L50, F|100\/100\n|turn|6\n|\n|t:|1683254339\n|move|p2b: Arcanine|Helping Hand|p2a: Palafin\n|-singleturn|p2a: Palafin|Helping Hand|[of] p2b: Arcanine\n|move|p1b: Palafin|Jet Punch|p2b: Arcanine\n|-damage|p2b: Arcanine|0 fnt\n|faint|p2b: Arcanine\n|move|p2a: Palafin|Wave Crash|p1a: Corviknight\n|-damage|p1a: Corviknight|0 fnt\n|faint|p1a: Corviknight\n|-damage|p2a: Palafin|54\/100|[from] Recoil\n|\n|upkeep\n|\n|t:|1683254346\n|switch|p2b: Baxcalibur|Baxcalibur, L50, M|100\/100\n|switch|p1a: Amoonguss|Amoonguss, L50, F, tera:Water|100\/100\n|turn|7\n|inactive|RagnaC has 30 seconds left.\n|\n|t:|1683254374\n|move|p1b: Palafin|Protect|p1b: Palafin\n|-singleturn|p1b: Palafin|Protect\n|move|p2a: Palafin|Wave Crash|p1a: Amoonguss\n|-resisted|p1a: Amoonguss\n|-damage|p1a: Amoonguss|56\/100\n|-damage|p2a: Palafin|38\/100|[from] Recoil\n|move|p2b: Baxcalibur|Glaive Rush|p1a: Amoonguss\n|-damage|p1a: Amoonguss|0 fnt\n|-singlemove|p2b: Baxcalibur|Glaive Rush|[silent]\n|faint|p1a: Amoonguss\n|\n|upkeep\n|turn|8\n|\n|t:|1683254384\n|switch|p2b: Ting-Lu|Ting-Lu, L50|100\/100 slp\n|-ability|p2b: Ting-Lu|Vessel of Ruin\n|move|p1b: Palafin|Wave Crash|p2a: Palafin\n|-resisted|p2a: Palafin\n|-damage|p2a: Palafin|0 fnt\n|faint|p2a: Palafin\n|-damage|p1b: Palafin|88\/100|[from] Recoil\n|\n|upkeep\n|\n|t:|1683254387\n|switch|p2a: Baxcalibur|Baxcalibur, L50, M|100\/100\n|turn|9\n|\n|t:|1683254397\n|move|p2a: Baxcalibur|Protect|p2a: Baxcalibur\n|-singleturn|p2a: Baxcalibur|Protect\n|move|p1b: Palafin|Wave Crash|p2a: Baxcalibur\n|-activate|p2a: Baxcalibur|move: Protect\n|-curestatus|p2b: Ting-Lu|slp|[msg]\n|move|p2b: Ting-Lu|Stomping Tantrum|p1b: Palafin\n|-damage|p1b: Palafin|56\/100\n|\n|upkeep\n|turn|10\n|\n|t:|1683254405\n|move|p1b: Palafin|Wave Crash|p2b: Ting-Lu\n|-supereffective|p2b: Ting-Lu\n|-damage|p2b: Ting-Lu|0 fnt\n|faint|p2b: Ting-Lu\n|-damage|p1b: Palafin|16\/100|[from] Recoil\n|move|p2a: Baxcalibur|Glaive Rush|p1b: Palafin\n|-damage|p1b: Palafin|0 fnt\n|-singlemove|p2a: Baxcalibur|Glaive Rush|[silent]\n|faint|p1b: Palafin\n|\n|win|Bdogplatinum\n|l|\u2606Bdogplatinum\n|l| aberen\n","uploadtime":1683255374,"views":4,"p1id":"ragnac","p2id":"bdogplatinum","formatid":"gen9vgc2023regulationc","rating":0,"private":0,"password":""}