{"id":"gen9vgc2023regulationc-1851604585","p1":"test team acct","p2":"interesting person","format":"[Gen 9] VGC 2023 Regulation C","log":"|j|\u2606test team acct\n|j|\u2606interesting person\n|t:|1682460300\n|gametype|doubles\n|player|p1|test team acct|266|1120\n|player|p2|interesting person|iris|1092\n|teamsize|p1|6\n|teamsize|p2|6\n|gen|9\n|tier|[Gen 9] VGC 2023 Regulation C\n|rated|\n|rule|Species Clause: Limit one of each Pok\u00e9mon\n|rule|Item Clause: Limit one of each item\n|clearpoke\n|poke|p1|Chi-Yu, L50|\n|poke|p1|Wo-Chien, L50|\n|poke|p1|Torkoal, L50, F|\n|poke|p1|Annihilape, L50, F|\n|poke|p1|Rabsca, L50, M|\n|poke|p1|Gothorita, L50, F|\n|poke|p2|Tyranitar, L50, M|\n|poke|p2|Houndstone, L50, M|\n|poke|p2|Lycanroc, L50, F|\n|poke|p2|Flutter Mane, L50|\n|poke|p2|Tatsugiri, L50, F|\n|poke|p2|Dondozo, L50, M|\n|teampreview|4\n|inactive|Battle timer is ON: inactive players will automatically lose when time's up. (requested by test team acct)\ntest team acct rejected open team sheets.\n|\n|t:|1682460330\n|start\n|switch|p1a: Wo-Chien|Wo-Chien, L50|100\/100\n|switch|p1b: Gothorita|Gothorita, L50, F|100\/100\n|switch|p2a: Houndstone|Houndstone, L50, M|100\/100\n|switch|p2b: Dondozo|Dondozo, L50, M|100\/100\n|-ability|p1a: Wo-Chien|Tablets of Ruin\n|turn|1\n|inactive|test team acct has 30 seconds left.\n|inactive|interesting person has 30 seconds left.\n|\n|t:|1682460364\n|move|p1b: Gothorita|Fake Out|p2b: Dondozo\n|-damage|p2b: Dondozo|97\/100\n|move|p2a: Houndstone|Scary Face|p2b: Dondozo\n|-unboost|p2b: Dondozo|spe|2\n|move|p1a: Wo-Chien|Leech Seed|p2b: Dondozo\n|-start|p2b: Dondozo|move: Leech Seed\n|cant|p2b: Dondozo|flinch\n|\n|-damage|p2b: Dondozo|85\/100|[from] Leech Seed|[of] p1a: Wo-Chien\n|upkeep\n|turn|2\n|inactive|interesting person has 30 seconds left.\n|\n|t:|1682460398\n|-terastallize|p2a: Houndstone|Grass\n|-terastallize|p1b: Gothorita|Steel\n|move|p2a: Houndstone|Howl|p2a: Houndstone|[spread] p2a,p2b\n|-boost|p2a: Houndstone|atk|1\n|-boost|p2b: Dondozo|atk|1\n|move|p1a: Wo-Chien|Leech Seed|p2a: Houndstone\n|-immune|p2a: Houndstone\n|move|p1b: Gothorita|Reflect|p1b: Gothorita\n|-sidestart|p1: test team acct|Reflect\n|move|p2b: Dondozo|Wave Crash|p1b: Gothorita\n|-damage|p1b: Gothorita|74\/100\n|-damage|p2b: Dondozo|79\/100|[from] Recoil\n|\n|-damage|p2b: Dondozo|66\/100|[from] Leech Seed|[of] p1a: Wo-Chien\n|upkeep\n|turn|3\n|inactive|test team acct has 30 seconds left.\n|\n|t:|1682460428\n|move|p2a: Houndstone|Howl|p2a: Houndstone|[spread] p2a,p2b\n|-boost|p2a: Houndstone|atk|1\n|-boost|p2b: Dondozo|atk|1\n|move|p1a: Wo-Chien|Pollen Puff|p2a: Houndstone\n|-supereffective|p2a: Houndstone\n|-damage|p2a: Houndstone|62\/100\n|move|p1b: Gothorita|Foul Play|p2a: Houndstone\n|-damage|p2a: Houndstone|31\/100\n|-enditem|p2a: Houndstone|Sitrus Berry|[eat]\n|-heal|p2a: Houndstone|56\/100|[from] item: Sitrus Berry\n|move|p2b: Dondozo|Yawn|p1a: Wo-Chien\n|-start|p1a: Wo-Chien|move: Yawn|[of] p2b: Dondozo\n|\n|-damage|p2b: Dondozo|54\/100|[from] Leech Seed|[of] p1a: Wo-Chien\n|upkeep\n|turn|4\n|\n|t:|1682460449\n|move|p2a: Houndstone|Last Respects|p1b: Gothorita\n|-damage|p1b: Gothorita|60\/100\n|move|p1a: Wo-Chien|Pollen Puff|p2a: Houndstone\n|-supereffective|p2a: Houndstone\n|-damage|p2a: Houndstone|16\/100\n|move|p1b: Gothorita|Foul Play|p2a: Houndstone\n|-damage|p2a: Houndstone|0 fnt\n|faint|p2a: Houndstone\n|move|p2b: Dondozo|Wave Crash|p1b: Gothorita\n|-damage|p1b: Gothorita|26\/100\n|-damage|p2b: Dondozo|46\/100|[from] Recoil\n|\n|-damage|p2b: Dondozo|33\/100|[from] Leech Seed|[of] p1a: Wo-Chien\n|-end|p1a: Wo-Chien|move: Yawn|[silent]\n|-status|p1a: Wo-Chien|slp\n|upkeep\n|\n|t:|1682460468\n|switch|p2a: Tyranitar|Tyranitar, L50, M|100\/100\n|-weather|Sandstorm|[from] ability: Sand Stream|[of] p2a: Tyranitar\n|turn|5\n|inactive|test team acct has 30 seconds left.\n|\n|t:|1682460494\n|move|p1b: Gothorita|Protect|p1b: Gothorita\n|-singleturn|p1b: Gothorita|Protect\n|move|p2a: Tyranitar|Low Kick|p1a: Wo-Chien\n|-supereffective|p1a: Wo-Chien\n|-damage|p1a: Wo-Chien|79\/100 slp\n|cant|p1a: Wo-Chien|slp\n|move|p2b: Dondozo|Wave Crash|p1b: Gothorita\n|-activate|p1b: Gothorita|move: Protect\n|\n|-weather|Sandstorm|[upkeep]\n|-damage|p1a: Wo-Chien|73\/100 slp|[from] Sandstorm\n|-damage|p2b: Dondozo|27\/100|[from] Sandstorm\n|-heal|p1a: Wo-Chien|79\/100 slp|[from] item: Leftovers\n|-damage|p2b: Dondozo|15\/100|[from] Leech Seed|[of] p1a: Wo-Chien\n|-heal|p1a: Wo-Chien|94\/100 slp|[silent]\n|upkeep\n|-enditem|p2b: Dondozo|Iapapa Berry|[eat]\n|-heal|p2b: Dondozo|48\/100|[from] item: Iapapa Berry\n|turn|6\n|\n|t:|1682460516\n|move|p1b: Gothorita|Protect|p1b: Gothorita\n|-singleturn|p1b: Gothorita|Protect\n|move|p2a: Tyranitar|Rock Slide|p1a: Wo-Chien|[spread] p1a\n|-activate|p1b: Gothorita|move: Protect\n|-damage|p1a: Wo-Chien|83\/100 slp\n|cant|p1a: Wo-Chien|slp\n|move|p2b: Dondozo|Wave Crash|p1b: Gothorita\n|-activate|p1b: Gothorita|move: Protect\n|\n|-weather|Sandstorm|[upkeep]\n|-damage|p1a: Wo-Chien|77\/100 slp|[from] Sandstorm\n|-damage|p2b: Dondozo|42\/100|[from] Sandstorm\n|-heal|p1a: Wo-Chien|83\/100 slp|[from] item: Leftovers\n|-damage|p2b: Dondozo|30\/100|[from] Leech Seed|[of] p1a: Wo-Chien\n|-heal|p1a: Wo-Chien|98\/100 slp|[silent]\n|-sideend|p1: test team acct|Reflect\n|upkeep\n|turn|7\n|\n|t:|1682460535\n|move|p2a: Tyranitar|Rock Slide|p1a: Wo-Chien|[spread] p1a,p1b\n|-resisted|p1b: Gothorita\n|-damage|p1a: Wo-Chien|81\/100 slp\n|-damage|p1b: Gothorita|18\/100\n|cant|p1a: Wo-Chien|slp\n|cant|p1b: Gothorita|flinch\n|move|p2b: Dondozo|Wave Crash|p1b: Gothorita\n|-damage|p1b: Gothorita|0 fnt\n|faint|p1b: Gothorita\n|-damage|p2b: Dondozo|25\/100|[from] Recoil\n|\n|-weather|Sandstorm|[upkeep]\n|-damage|p1a: Wo-Chien|74\/100 slp|[from] Sandstorm\n|-damage|p2b: Dondozo|19\/100|[from] Sandstorm\n|-heal|p1a: Wo-Chien|81\/100 slp|[from] item: Leftovers\n|-damage|p2b: Dondozo|7\/100|[from] Leech Seed|[of] p1a: Wo-Chien\n|-heal|p1a: Wo-Chien|95\/100 slp|[silent]\n|upkeep\n|\n|t:|1682460553\n|switch|p1b: Torkoal|Torkoal, L50, F|100\/100\n|-weather|SunnyDay|[from] ability: Drought|[of] p1b: Torkoal\n|turn|8\n|\n|t:|1682460574\n|switch|p2a: Lycanroc|Lycanroc, L50, F|100\/100\n|-curestatus|p1a: Wo-Chien|slp|[msg]\n|move|p1a: Wo-Chien|Leech Seed|p2a: Lycanroc\n|-start|p2a: Lycanroc|move: Leech Seed\n|move|p2b: Dondozo|Yawn|p1b: Torkoal\n|-start|p1b: Torkoal|move: Yawn|[of] p2b: Dondozo\n|move|p1b: Torkoal|Will-O-Wisp|p2a: Lycanroc\n|-status|p2a: Lycanroc|brn\n|\n|-weather|SunnyDay|[upkeep]\n|-heal|p1a: Wo-Chien|100\/100|[from] item: Leftovers\n|-damage|p2a: Lycanroc|89\/100 brn|[from] Leech Seed|[of] p1a: Wo-Chien\n|-damage|p2b: Dondozo|0 fnt|[from] Leech Seed|[of] p1a: Wo-Chien\n|faint|p2b: Dondozo\n|-damage|p2a: Lycanroc|83\/100 brn|[from] brn\n|upkeep\n|\n|t:|1682460577\n|switch|p2b: Tyranitar|Tyranitar, L50, M|100\/100\n|-weather|Sandstorm|[from] ability: Sand Stream|[of] p2b: Tyranitar\n|turn|9\n|\n|t:|1682460597\n|move|p2a: Lycanroc|Rock Slide|p1a: Wo-Chien|[spread] p1b\n|-miss|p2a: Lycanroc|p1a: Wo-Chien\n|-supereffective|p1b: Torkoal\n|-damage|p1b: Torkoal|84\/100\n|move|p2b: Tyranitar|Rock Slide|p1a: Wo-Chien|[spread] p1a,p1b\n|-supereffective|p1b: Torkoal\n|-damage|p1a: Wo-Chien|84\/100\n|-damage|p1b: Torkoal|49\/100\n|cant|p1a: Wo-Chien|flinch\n|move|p1b: Torkoal|Will-O-Wisp|p2b: Tyranitar\n|-status|p2b: Tyranitar|brn\n|\n|-weather|Sandstorm|[upkeep]\n|-damage|p1a: Wo-Chien|78\/100|[from] Sandstorm\n|-damage|p1b: Torkoal|42\/100|[from] Sandstorm\n|-heal|p1a: Wo-Chien|84\/100|[from] item: Leftovers\n|-damage|p2a: Lycanroc|71\/100 brn|[from] Leech Seed|[of] p1a: Wo-Chien\n|-heal|p1a: Wo-Chien|94\/100|[silent]\n|-damage|p2a: Lycanroc|65\/100 brn|[from] brn\n|-damage|p2b: Tyranitar|95\/100 brn|[from] brn\n|-end|p1b: Torkoal|move: Yawn|[silent]\n|-status|p1b: Torkoal|slp\n|upkeep\n|turn|10\n|\n|t:|1682460617\n|cant|p1b: Torkoal|slp\n|move|p2a: Lycanroc|Rock Slide|p1a: Wo-Chien|[spread] p1a,p1b\n|-supereffective|p1b: Torkoal\n|-damage|p1a: Wo-Chien|86\/100\n|-damage|p1b: Torkoal|27\/100 slp\n|move|p2b: Tyranitar|Rock Slide|p1a: Wo-Chien|[spread] p1a,p1b\n|-supereffective|p1b: Torkoal\n|-damage|p1a: Wo-Chien|78\/100\n|-damage|p1b: Torkoal|10\/100 slp\n|cant|p1a: Wo-Chien|flinch\n|\n|-weather|Sandstorm|[upkeep]\n|-damage|p1a: Wo-Chien|72\/100|[from] Sandstorm\n|-damage|p1b: Torkoal|4\/100 slp|[from] Sandstorm\n|-heal|p1a: Wo-Chien|78\/100|[from] item: Leftovers\n|-damage|p2a: Lycanroc|53\/100 brn|[from] Leech Seed|[of] p1a: Wo-Chien\n|-heal|p1a: Wo-Chien|87\/100|[silent]\n|-damage|p2a: Lycanroc|47\/100 brn|[from] brn\n|-damage|p2b: Tyranitar|89\/100 brn|[from] brn\n|upkeep\n|turn|11\n|\n|t:|1682460632\n|cant|p1b: Torkoal|slp\n|move|p2a: Lycanroc|Close Combat|p1a: Wo-Chien\n|-supereffective|p1a: Wo-Chien\n|-damage|p1a: Wo-Chien|66\/100\n|-unboost|p2a: Lycanroc|def|1\n|-unboost|p2a: Lycanroc|spd|1\n|move|p2b: Tyranitar|Low Kick|p1a: Wo-Chien\n|-supereffective|p1a: Wo-Chien\n|-damage|p1a: Wo-Chien|49\/100\n|move|p1a: Wo-Chien|Leech Seed|p2b: Tyranitar\n|-start|p2b: Tyranitar|move: Leech Seed\n|\n|-weather|Sandstorm|[upkeep]\n|-damage|p1a: Wo-Chien|43\/100|[from] Sandstorm\n|-damage|p1b: Torkoal|0 fnt|[from] Sandstorm\n|faint|p1b: Torkoal\n|-heal|p1a: Wo-Chien|49\/100|[from] item: Leftovers\n|-damage|p2a: Lycanroc|35\/100 brn|[from] Leech Seed|[of] p1a: Wo-Chien\n|-heal|p1a: Wo-Chien|59\/100|[silent]\n|-damage|p2b: Tyranitar|76\/100 brn|[from] Leech Seed|[of] p1a: Wo-Chien\n|-heal|p1a: Wo-Chien|71\/100|[silent]\n|-damage|p2a: Lycanroc|29\/100 brn|[from] brn\n|-damage|p2b: Tyranitar|70\/100 brn|[from] brn\n|upkeep\n|\n|t:|1682460647\n|switch|p1b: Chi-Yu|Chi-Yu, L50|100\/100\n|-ability|p1b: Chi-Yu|Beads of Ruin\n|turn|12\n|\n|t:|1682460655\n|move|p1a: Wo-Chien|Protect|p1a: Wo-Chien\n|-singleturn|p1a: Wo-Chien|Protect\n|move|p2a: Lycanroc|Rock Slide|p1a: Wo-Chien|[spread] p1b\n|-activate|p1a: Wo-Chien|move: Protect\n|-supereffective|p1b: Chi-Yu\n|-damage|p1b: Chi-Yu|65\/100\n|cant|p1b: Chi-Yu|flinch\n|move|p2b: Tyranitar|Rock Slide|p1b: Chi-Yu|[spread] p1b\n|-activate|p1a: Wo-Chien|move: Protect\n|-supereffective|p1b: Chi-Yu\n|-damage|p1b: Chi-Yu|30\/100\n|\n|-weather|Sandstorm|[upkeep]\n|-damage|p1b: Chi-Yu|24\/100|[from] Sandstorm\n|-damage|p1a: Wo-Chien|65\/100|[from] Sandstorm\n|-heal|p1a: Wo-Chien|71\/100|[from] item: Leftovers\n|-damage|p2a: Lycanroc|17\/100 brn|[from] Leech Seed|[of] p1a: Wo-Chien\n|-heal|p1a: Wo-Chien|80\/100|[silent]\n|-damage|p2b: Tyranitar|58\/100 brn|[from] Leech Seed|[of] p1a: Wo-Chien\n|-heal|p1a: Wo-Chien|92\/100|[silent]\n|-damage|p2a: Lycanroc|11\/100 brn|[from] brn\n|-damage|p2b: Tyranitar|52\/100 brn|[from] brn\n|upkeep\n|turn|13\n|\n|t:|1682460675\n|move|p2a: Lycanroc|Rock Slide|p1a: Wo-Chien|[spread] p1a\n|-miss|p2a: Lycanroc|p1b: Chi-Yu\n|-damage|p1a: Wo-Chien|85\/100\n|move|p1b: Chi-Yu|Heat Wave|p2b: Tyranitar|[spread] p2a,p2b\n|-resisted|p2a: Lycanroc\n|-resisted|p2b: Tyranitar\n|-damage|p2a: Lycanroc|0 fnt\n|-damage|p2b: Tyranitar|41\/100 brn\n|faint|p2a: Lycanroc\n|move|p2b: Tyranitar|Rock Slide|p1a: Wo-Chien|[spread] p1a,p1b\n|-supereffective|p1b: Chi-Yu\n|-damage|p1a: Wo-Chien|78\/100\n|-damage|p1b: Chi-Yu|0 fnt\n|faint|p1b: Chi-Yu\n|move|p1a: Wo-Chien|Ruination|p2b: Tyranitar|[miss]\n|-miss|p1a: Wo-Chien|p2b: Tyranitar\n|\n|-weather|none\n|-heal|p1a: Wo-Chien|84\/100|[from] item: Leftovers\n|-damage|p2b: Tyranitar|29\/100 brn|[from] Leech Seed|[of] p1a: Wo-Chien\n|-heal|p1a: Wo-Chien|96\/100|[silent]\n|-damage|p2b: Tyranitar|23\/100 brn|[from] brn\n|upkeep\n|turn|14\n|-message|interesting person forfeited.\n|\n|win|test team acct\n|raw|test team acct's rating: 1120 → 1143<\/strong> (+23 for winning)\n|raw|interesting person's rating: 1092 → 1070<\/strong> (-22 for losing)\n|l|\u2606interesting person\n","uploadtime":1682460695,"views":17,"p1id":"testteamacct","p2id":"interestingperson","formatid":"gen9vgc2023regulationc","rating":1070,"private":0,"password":""}