{"id":"gen9vgc2023regulationc-1862788667","p1":"leolc0926","p2":"tj18755","format":"[Gen 9] VGC 2023 Regulation C","log":"|j|\u2606leolc0926\n|j|\u2606tj18755\n|t:|1683922044\n|gametype|doubles\n|player|p1|leolc0926|steven|1253\n|player|p2|tj18755|169|1210\n|teamsize|p1|6\n|teamsize|p2|6\n|gen|9\n|tier|[Gen 9] VGC 2023 Regulation C\n|rated|\n|rule|Species Clause: Limit one of each Pok\u00e9mon\n|rule|Item Clause: Limit one of each item\n|clearpoke\n|poke|p1|Roaring Moon, L50|\n|poke|p1|Palafin, L50, F|\n|poke|p1|Flutter Mane, L50|\n|poke|p1|Arcanine, L50, M|\n|poke|p1|Ting-Lu, L50|\n|poke|p1|Amoonguss, L50, F|\n|poke|p2|Wo-Chien, L50|\n|poke|p2|Ting-Lu, L50|\n|poke|p2|Garganacl, L50, F|\n|poke|p2|Skeledirge, L50, F|\n|poke|p2|Arboliva, L50, M|\n|poke|p2|Orthworm, L50, F|\n|teampreview|4\n|\n|t:|1683922066\n|start\n|switch|p1a: Palafin|Palafin, L50, F|100\/100\n|switch|p1b: \u632f\u7ffc\u4fa0|Flutter Mane, L50, shiny|100\/100\n|switch|p2a: Orthworm|Orthworm, L50, F, shiny|100\/100\n|switch|p2b: Arboliva|Arboliva, L50, M, shiny|100\/100\n|turn|1\n|\n|t:|1683922083\n|move|p1a: Palafin|Jet Punch|p2a: Orthworm\n|-damage|p2a: Orthworm|80\/100\n|move|p1b: \u632f\u7ffc\u4fa0|Shadow Ball|p2a: Orthworm\n|-damage|p2a: Orthworm|7\/100\n|move|p2a: Orthworm|Coil|p2a: Orthworm\n|-boost|p2a: Orthworm|atk|1\n|-boost|p2a: Orthworm|def|1\n|-boost|p2a: Orthworm|accuracy|1\n|move|p2b: Arboliva|Giga Drain|p1b: \u632f\u7ffc\u4fa0\n|-damage|p1b: \u632f\u7ffc\u4fa0|72\/100\n|\n|upkeep\n|turn|2\n|\n|t:|1683922107\n|-end|p1b: \u632f\u7ffc\u4fa0|Protosynthesis|[silent]\n|switch|p1b: \u8f70\u9e23\u4fa0|Roaring Moon, L50|100\/100\n|-enditem|p1b: \u8f70\u9e23\u4fa0|Booster Energy\n|-activate|p1b: \u8f70\u9e23\u4fa0|ability: Protosynthesis|[fromitem]\n|-start|p1b: \u8f70\u9e23\u4fa0|protosynthesisatk\n|move|p1a: Palafin|Jet Punch|p2a: Orthworm\n|-damage|p2a: Orthworm|0 fnt\n|faint|p2a: Orthworm\n|move|p2b: Arboliva|Giga Drain|p1a: Palafin\n|-supereffective|p1a: Palafin\n|-damage|p1a: Palafin|21\/100\n|\n|upkeep\n|\n|t:|1683922121\n|switch|p2a: Ting-Lu|Ting-Lu, L50|100\/100\n|-ability|p2a: Ting-Lu|Vessel of Ruin\n|turn|3\n|\n|t:|1683922136\n|detailschange|p1a: Palafin|Palafin-Hero, L50, F\n|switch|p1a: \u53e4\u9f0e\u4fa0|Ting-Lu, L50|100\/100\n|-ability|p1a: \u53e4\u9f0e\u4fa0|Vessel of Ruin\n|-terastallize|p2b: Arboliva|Water\n|move|p1b: \u8f70\u9e23\u4fa0|Dragon Dance|p1b: \u8f70\u9e23\u4fa0\n|-boost|p1b: \u8f70\u9e23\u4fa0|atk|1\n|-boost|p1b: \u8f70\u9e23\u4fa0|spe|1\n|move|p2a: Ting-Lu|Heavy Slam|p1a: \u53e4\u9f0e\u4fa0\n|-damage|p1a: \u53e4\u9f0e\u4fa0|94\/100\n|move|p2b: Arboliva|Strength Sap|p1b: \u8f70\u9e23\u4fa0\n|-unboost|p1b: \u8f70\u9e23\u4fa0|atk|1\n|\n|upkeep\n|turn|4\n|\n|t:|1683922153\n|-terastallize|p1b: \u8f70\u9e23\u4fa0|Flying\n|move|p1b: \u8f70\u9e23\u4fa0|Acrobatics|p2b: Arboliva\n|-damage|p2b: Arboliva|29\/100\n|-fieldstart|move: Grassy Terrain|[from] ability: Seed Sower|[of] p2b: Arboliva\n|-enditem|p2b: Arboliva|Grassy Seed\n|-boost|p2b: Arboliva|def|1|[from] item: Grassy Seed\n|move|p1a: \u53e4\u9f0e\u4fa0|Ruination|p2a: Ting-Lu\n|-damage|p2a: Ting-Lu|50\/100\n|move|p2a: Ting-Lu|Fissure|p1a: \u53e4\u9f0e\u4fa0\n|-damage|p1a: \u53e4\u9f0e\u4fa0|0 fnt\n|faint|p1a: \u53e4\u9f0e\u4fa0\n|-ohko\n|move|p2b: Arboliva|Strength Sap|p1b: \u8f70\u9e23\u4fa0\n|-unboost|p1b: \u8f70\u9e23\u4fa0|atk|1\n|-heal|p2b: Arboliva|100\/100\n|\n|-heal|p2a: Ting-Lu|57\/100|[from] Grassy Terrain\n|upkeep\n|c|\u2606leolc0926|lol\n|\n|t:|1683922168\n|switch|p1a: \u632f\u7ffc\u4fa0|Flutter Mane, L50, shiny|72\/100\n|turn|5\n|\n|t:|1683922184\n|move|p2b: Arboliva|Protect|p2b: Arboliva\n|-singleturn|p2b: Arboliva|Protect\n|move|p1b: \u8f70\u9e23\u4fa0|Acrobatics|p2a: Ting-Lu\n|-damage|p2a: Ting-Lu|28\/100\n|move|p1a: \u632f\u7ffc\u4fa0|Moonblast|p2a: Ting-Lu\n|-supereffective|p2a: Ting-Lu\n|-damage|p2a: Ting-Lu|0 fnt\n|faint|p2a: Ting-Lu\n|\n|-heal|p1a: \u632f\u7ffc\u4fa0|78\/100|[from] Grassy Terrain\n|upkeep\n|\n|t:|1683922191\n|switch|p2a: Skeledirge|Skeledirge, L50, F, shiny|100\/100\n|turn|6\n|\n|t:|1683922212\n|move|p1b: \u8f70\u9e23\u4fa0|Throat Chop|p2a: Skeledirge\n|-supereffective|p2a: Skeledirge\n|-damage|p2a: Skeledirge|9\/100\n|-start|p2a: Skeledirge|Throat Chop|[silent]\n|move|p1a: \u632f\u7ffc\u4fa0|Moonblast|p2b: Arboliva\n|-damage|p2b: Arboliva|51\/100\n|-unboost|p2b: Arboliva|spa|1\n|cant|p2a: Skeledirge|move: Throat Chop\n|move|p2b: Arboliva|Giga Drain|p1a: \u632f\u7ffc\u4fa0\n|-damage|p1a: \u632f\u7ffc\u4fa0|54\/100\n|-heal|p2b: Arboliva|60\/100|[from] drain|[of] p1a: \u632f\u7ffc\u4fa0\n|\n|-heal|p1a: \u632f\u7ffc\u4fa0|59\/100|[from] Grassy Terrain\n|-heal|p2a: Skeledirge|15\/100|[from] Grassy Terrain\n|-heal|p2b: Arboliva|66\/100|[from] Grassy Terrain\n|upkeep\n|turn|7\n|\n|t:|1683922232\n|move|p2a: Skeledirge|Protect|p2a: Skeledirge\n|-singleturn|p2a: Skeledirge|Protect\n|move|p1b: \u8f70\u9e23\u4fa0|Acrobatics|p2b: Arboliva\n|-damage|p2b: Arboliva|33\/100\n|move|p1a: \u632f\u7ffc\u4fa0|Moonblast|p2a: Skeledirge\n|-activate|p2a: Skeledirge|move: Protect\n|move|p2b: Arboliva|Giga Drain|p1a: \u632f\u7ffc\u4fa0\n|-damage|p1a: \u632f\u7ffc\u4fa0|32\/100\n|-heal|p2b: Arboliva|44\/100|[from] drain|[of] p1a: \u632f\u7ffc\u4fa0\n|\n|-heal|p1a: \u632f\u7ffc\u4fa0|37\/100|[from] Grassy Terrain\n|-heal|p2a: Skeledirge|21\/100|[from] Grassy Terrain\n|-heal|p2b: Arboliva|50\/100|[from] Grassy Terrain\n|-end|p2a: Skeledirge|Throat Chop|[silent]\n|upkeep\n|turn|8\n|\n|t:|1683922245\n|move|p1b: \u8f70\u9e23\u4fa0|Dragon Dance|p1b: \u8f70\u9e23\u4fa0\n|-boost|p1b: \u8f70\u9e23\u4fa0|atk|1\n|-boost|p1b: \u8f70\u9e23\u4fa0|spe|1\n|move|p1a: \u632f\u7ffc\u4fa0|Moonblast|p2a: Skeledirge\n|-resisted|p2a: Skeledirge\n|-damage|p2a: Skeledirge|0 fnt\n|faint|p2a: Skeledirge\n|move|p2b: Arboliva|Strength Sap|p1b: \u8f70\u9e23\u4fa0\n|-unboost|p1b: \u8f70\u9e23\u4fa0|atk|1\n|-heal|p2b: Arboliva|100\/100\n|\n|-heal|p1a: \u632f\u7ffc\u4fa0|43\/100|[from] Grassy Terrain\n|-fieldend|move: Grassy Terrain\n|upkeep\n|turn|9\n|\n|t:|1683922258\n|move|p1b: \u8f70\u9e23\u4fa0|Dragon Dance|p1b: \u8f70\u9e23\u4fa0\n|-boost|p1b: \u8f70\u9e23\u4fa0|atk|1\n|-boost|p1b: \u8f70\u9e23\u4fa0|spe|1\n|move|p1a: \u632f\u7ffc\u4fa0|Moonblast|p2b: Arboliva\n|-damage|p2b: Arboliva|47\/100\n|-fieldstart|move: Grassy Terrain|[from] ability: Seed Sower|[of] p2b: Arboliva\n|move|p2b: Arboliva|Giga Drain|p1a: \u632f\u7ffc\u4fa0\n|-crit|p1a: \u632f\u7ffc\u4fa0\n|-damage|p1a: \u632f\u7ffc\u4fa0|0 fnt\n|-heal|p2b: Arboliva|63\/100|[from] drain|[of] p1a: \u632f\u7ffc\u4fa0\n|faint|p1a: \u632f\u7ffc\u4fa0\n|-end|p1a: \u632f\u7ffc\u4fa0|Protosynthesis|[silent]\n|\n|-heal|p2b: Arboliva|69\/100|[from] Grassy Terrain\n|upkeep\n|\n|t:|1683922270\n|switch|p1a: Palafin|Palafin-Hero, L50, F|21\/100\n|-activate|p1a: Palafin|ability: Zero to Hero\n|turn|10\n|\n|t:|1683922280\n|move|p1a: Palafin|Protect|p1a: Palafin\n|-singleturn|p1a: Palafin|Protect\n|move|p1b: \u8f70\u9e23\u4fa0|Acrobatics|p2b: Arboliva\n|-damage|p2b: Arboliva|20\/100\n|move|p2b: Arboliva|Strength Sap|p1b: \u8f70\u9e23\u4fa0\n|-unboost|p1b: \u8f70\u9e23\u4fa0|atk|1\n|-heal|p2b: Arboliva|100\/100\n|\n|-heal|p1a: Palafin|27\/100|[from] Grassy Terrain\n|upkeep\n|turn|11\n|\n|t:|1683922294\n|move|p1b: \u8f70\u9e23\u4fa0|Dragon Dance|p1b: \u8f70\u9e23\u4fa0\n|-boost|p1b: \u8f70\u9e23\u4fa0|atk|1\n|-boost|p1b: \u8f70\u9e23\u4fa0|spe|1\n|move|p1a: Palafin|Haze|p1a: Palafin\n|-clearallboost\n|move|p2b: Arboliva|Giga Drain|p1a: Palafin\n|-supereffective|p1a: Palafin\n|-damage|p1a: Palafin|0 fnt\n|faint|p1a: Palafin\n|\n|upkeep\n|turn|12\n|\n|t:|1683922303\n|move|p1b: \u8f70\u9e23\u4fa0|Dragon Dance|p1b: \u8f70\u9e23\u4fa0\n|-boost|p1b: \u8f70\u9e23\u4fa0|atk|1\n|-boost|p1b: \u8f70\u9e23\u4fa0|spe|1\n|move|p2b: Arboliva|Strength Sap|p1b: \u8f70\u9e23\u4fa0\n|-unboost|p1b: \u8f70\u9e23\u4fa0|atk|1\n|\n|upkeep\n|turn|13\n|\n|t:|1683922310\n|move|p1b: \u8f70\u9e23\u4fa0|Dragon Dance|p1b: \u8f70\u9e23\u4fa0\n|-boost|p1b: \u8f70\u9e23\u4fa0|atk|1\n|-boost|p1b: \u8f70\u9e23\u4fa0|spe|1\n|move|p2b: Arboliva|Strength Sap|p1b: \u8f70\u9e23\u4fa0\n|-unboost|p1b: \u8f70\u9e23\u4fa0|atk|1\n|\n|-fieldend|move: Grassy Terrain\n|upkeep\n|turn|14\n|\n|t:|1683922322\n|move|p1b: \u8f70\u9e23\u4fa0|Dragon Dance|p1b: \u8f70\u9e23\u4fa0\n|-boost|p1b: \u8f70\u9e23\u4fa0|atk|1\n|-boost|p1b: \u8f70\u9e23\u4fa0|spe|1\n|move|p2b: Arboliva|Strength Sap|p1b: \u8f70\u9e23\u4fa0\n|-unboost|p1b: \u8f70\u9e23\u4fa0|atk|1\n|\n|upkeep\n|turn|15\n|\n|t:|1683922328\n|move|p1b: \u8f70\u9e23\u4fa0|Dragon Dance|p1b: \u8f70\u9e23\u4fa0\n|-boost|p1b: \u8f70\u9e23\u4fa0|atk|1\n|-boost|p1b: \u8f70\u9e23\u4fa0|spe|1\n|move|p2b: Arboliva|Strength Sap|p1b: \u8f70\u9e23\u4fa0\n|-unboost|p1b: \u8f70\u9e23\u4fa0|atk|1\n|\n|upkeep\n|turn|16\n|\n|t:|1683922333\n|move|p1b: \u8f70\u9e23\u4fa0|Dragon Dance|p1b: \u8f70\u9e23\u4fa0\n|-boost|p1b: \u8f70\u9e23\u4fa0|atk|1\n|-boost|p1b: \u8f70\u9e23\u4fa0|spe|1\n|move|p2b: Arboliva|Giga Drain|p1b: \u8f70\u9e23\u4fa0\n|-resisted|p1b: \u8f70\u9e23\u4fa0\n|-damage|p1b: \u8f70\u9e23\u4fa0|87\/100\n|\n|upkeep\n|turn|17\n|\n|t:|1683922339\n|move|p1b: \u8f70\u9e23\u4fa0|Dragon Dance|p1b: \u8f70\u9e23\u4fa0\n|-boost|p1b: \u8f70\u9e23\u4fa0|atk|1\n|-boost|p1b: \u8f70\u9e23\u4fa0|spe|1\n|move|p2b: Arboliva|Strength Sap|p1b: \u8f70\u9e23\u4fa0\n|-unboost|p1b: \u8f70\u9e23\u4fa0|atk|1\n|\n|upkeep\n|turn|18\n|\n|t:|1683922348\n|move|p1b: \u8f70\u9e23\u4fa0|Dragon Dance|p1b: \u8f70\u9e23\u4fa0\n|-boost|p1b: \u8f70\u9e23\u4fa0|atk|1\n|-boost|p1b: \u8f70\u9e23\u4fa0|spe|0\n|move|p2b: Arboliva|Strength Sap|p1b: \u8f70\u9e23\u4fa0\n|-unboost|p1b: \u8f70\u9e23\u4fa0|atk|1\n|\n|upkeep\n|turn|19\n|\n|t:|1683922360\n|move|p1b: \u8f70\u9e23\u4fa0|Dragon Dance|p1b: \u8f70\u9e23\u4fa0\n|-boost|p1b: \u8f70\u9e23\u4fa0|atk|1\n|-boost|p1b: \u8f70\u9e23\u4fa0|spe|0\n|move|p2b: Arboliva|Tera Blast|p1b: \u8f70\u9e23\u4fa0\n|-damage|p1b: \u8f70\u9e23\u4fa0|57\/100\n|\n|upkeep\n|turn|20\n|\n|t:|1683922368\n|move|p1b: \u8f70\u9e23\u4fa0|Acrobatics|p2b: Arboliva\n|-damage|p2b: Arboliva|0 fnt\n|-fieldstart|move: Grassy Terrain|[from] ability: Seed Sower|[of] p2b: Arboliva\n|faint|p2b: Arboliva\n|\n|win|leolc0926\n|raw|leolc0926's rating: 1253 → 1275<\/strong> (+22 for winning)\n|raw|tj18755's rating: 1210 → 1188<\/strong> (-22 for losing)\n|l|\u2606tj18755\n|c|\u2606leolc0926|gg\n","uploadtime":1683922378,"views":18,"p1id":"leolc0926","p2id":"tj18755","formatid":"gen9vgc2023regulationc","rating":1188,"private":0,"password":""}