{"id":"gen9vgc2023regulationc-1846981430","p1":"Brierre","p2":"Alaskan_fisher","format":"[Gen 9] VGC 2023 Regulation C","log":"|j|\u2606Brierre\n|j|\u2606Alaskan_fisher\n|t:|1681908615\n|gametype|doubles\n|player|p1|Brierre|169|1162\n|player|p2|Alaskan_fisher|fisherman-gen4|1183\n|teamsize|p1|6\n|teamsize|p2|6\n|gen|9\n|tier|[Gen 9] VGC 2023 Regulation C\n|rated|\n|rule|Species Clause: Limit one of each Pok\u00e9mon\n|rule|Item Clause: Limit one of each item\n|clearpoke\n|poke|p1|Chi-Yu, L50|\n|poke|p1|Dachsbun, L50, M|\n|poke|p1|Amoonguss, L50, F|\n|poke|p1|Ceruledge, L50, M|\n|poke|p1|Gyarados, L50, F|\n|poke|p1|Garganacl, L50, M|\n|poke|p2|Maushold-Four, L50|\n|poke|p2|Iron Hands, L50|\n|poke|p2|Palafin, L50, F|\n|poke|p2|Ting-Lu, L50|\n|poke|p2|Flutter Mane, L50|\n|poke|p2|Arcanine, L50, F|\n|teampreview|4\nAlaskan_fisher has agreed to open team sheets.\n|inactive|Battle timer is ON: inactive players will automatically lose when time's up. (requested by Brierre)\n|\n|t:|1681908705\n|start\n|switch|p1a: Ceruledge|Ceruledge, L50, M|100\/100\n|switch|p1b: Gyarados|Gyarados, L50, F|100\/100\n|switch|p2a: Palafin|Palafin, L50, F|100\/100\n|switch|p2b: Maushold|Maushold-Four, L50|100\/100\n|-ability|p1b: Gyarados|Intimidate|boost\n|-unboost|p2a: Palafin|atk|1\n|-unboost|p2b: Maushold|atk|1\n|turn|1\n|\n|t:|1681908724\n|detailschange|p2a: Palafin|Palafin-Hero, L50, F\n|switch|p2a: Arcanine|Arcanine, L50, F|100\/100\n|-ability|p2a: Arcanine|Intimidate|boost\n|-unboost|p1a: Ceruledge|atk|1\n|-unboost|p1b: Gyarados|atk|1\n|-terastallize|p1a: Ceruledge|Grass\n|move|p2b: Maushold|Protect|p2b: Maushold\n|-singleturn|p2b: Maushold|Protect\n|move|p1a: Ceruledge|Bulk Up|p1a: Ceruledge\n|-boost|p1a: Ceruledge|atk|1\n|-boost|p1a: Ceruledge|def|1\n|move|p1b: Gyarados|Thunder Wave|p2b: Maushold\n|-activate|p2b: Maushold|move: Protect\n|\n|upkeep\n|turn|2\n|\n|t:|1681908749\n|-terastallize|p2a: Arcanine|Normal\n|move|p2b: Maushold|Helping Hand|p2a: Arcanine\n|-singleturn|p2a: Arcanine|Helping Hand|[of] p2b: Maushold\n|move|p2a: Arcanine|Extreme Speed|p1a: Ceruledge\n|-crit|p1a: Ceruledge\n|-damage|p1a: Ceruledge|0 fnt\n|faint|p1a: Ceruledge\n|move|p1b: Gyarados|Thunder Wave|p2a: Arcanine\n|-status|p2a: Arcanine|par\n|\n|upkeep\n|c|\u2606Alaskan_fisher|sorry\n|\n|t:|1681908760\n|switch|p1a: Amoonguss|Amoonguss, L50, F|100\/100\n|turn|3\n|\n|t:|1681908771\n|move|p2b: Maushold|Follow Me|p2b: Maushold\n|-singleturn|p2b: Maushold|move: Follow Me\n|move|p2a: Arcanine|Extreme Speed|p1b: Gyarados\n|-damage|p1b: Gyarados|27\/100\n|move|p1b: Gyarados|Waterfall|p2b: Maushold\n|-damage|p2b: Maushold|69\/100\n|move|p1a: Amoonguss|Spore|p2b: Maushold\n|-activate|p2b: Maushold|item: Safety Goggles|Spore\n|\n|upkeep\n|turn|4\n|c|\u2606Brierre|the crit was brutal\n|inactive|Brierre has 30 seconds left.\n|\n|t:|1681908798\n|switch|p2a: Flutter Mane|Flutter Mane, L50|100\/100\n|move|p2b: Maushold|Follow Me|p2b: Maushold\n|-singleturn|p2b: Maushold|move: Follow Me\n|move|p1a: Amoonguss|Rage Powder|p1a: Amoonguss\n|-singleturn|p1a: Amoonguss|move: Rage Powder\n|move|p1b: Gyarados|Thunder Wave|p2b: Maushold\n|-status|p2b: Maushold|par\n|\n|upkeep\n|turn|5\n|c|\u2606Alaskan_fisher|Well, things work like that in VGC\n|inactive|Alaskan_fisher has 30 seconds left.\n|c|\u2606Brierre|yeah i know, not salty or anything\n|inactive|Alaskan_fisher has 20 seconds left.\n|inactive|Alaskan_fisher has 15 seconds left.\n|\n|t:|1681908841\n|move|p1b: Gyarados|Protect|p1b: Gyarados\n|-singleturn|p1b: Gyarados|Protect\n|cant|p2b: Maushold|par\n|move|p2a: Flutter Mane|Mystical Fire|p1a: Amoonguss\n|-supereffective|p1a: Amoonguss\n|-damage|p1a: Amoonguss|45\/100\n|-unboost|p1a: Amoonguss|spa|1\n|move|p1a: Amoonguss|Spore|p2a: Flutter Mane\n|-status|p2a: Flutter Mane|slp|[from] move: Spore\n|\n|-heal|p1a: Amoonguss|51\/100|[from] item: Black Sludge\n|upkeep\n|turn|6\n|\n|t:|1681908858\n|-end|p2a: Flutter Mane|Protosynthesis|[silent]\n|switch|p2a: Arcanine|Arcanine, L50, F, tera:Normal|100\/100 par\n|-ability|p2a: Arcanine|Intimidate|boost\n|-unboost|p1a: Amoonguss|atk|1\n|-unboost|p1b: Gyarados|atk|1\n|switch|p1a: Chi-Yu|Chi-Yu, L50|100\/100\n|-ability|p1a: Chi-Yu|Beads of Ruin\n|move|p1b: Gyarados|Waterfall|p2a: Arcanine\n|-damage|p2a: Arcanine|88\/100 par\n|move|p2b: Maushold|Super Fang|p1a: Chi-Yu\n|-damage|p1a: Chi-Yu|50\/100\n|\n|upkeep\n|turn|7\n|\n|t:|1681908877\n|switch|p1b: Amoonguss|Amoonguss, L50, F|51\/100\n|move|p2b: Maushold|Helping Hand|p2a: Arcanine\n|-singleturn|p2a: Arcanine|Helping Hand|[of] p2b: Maushold\n|move|p2a: Arcanine|Extreme Speed|p1a: Chi-Yu\n|-damage|p1a: Chi-Yu|0 fnt\n|faint|p1a: Chi-Yu\n|\n|-heal|p1b: Amoonguss|57\/100|[from] item: Black Sludge\n|upkeep\n|-message|Brierre forfeited.\n|\n|win|Alaskan_fisher\n|raw|Brierre's rating: 1162 → 1139<\/strong> (-23 for losing)\n|raw|Alaskan_fisher's rating: 1183 → 1206<\/strong> (+23 for winning)\n|l|\u2606Brierre\n","uploadtime":1681908893,"views":7,"p1id":"brierre","p2id":"alaskanfisher","formatid":"gen9vgc2023regulationc","rating":1139,"private":0,"password":""}