{"id":"gen9vgc2023regulationc-1851496390","p1":"pppkudazai27__","p2":"joshdonnie","format":"[Gen 9] VGC 2023 Regulation C","log":"|j|\u2606pppkudazai27__\n|j|\u2606joshdonnie\n|t:|1682449974\n|gametype|doubles\n|player|p1|pppkudazai27__|101|1268\n|player|p2|joshdonnie|1|1298\n|teamsize|p1|6\n|teamsize|p2|6\n|gen|9\n|tier|[Gen 9] VGC 2023 Regulation C\n|rated|\n|rule|Species Clause: Limit one of each Pok\u00e9mon\n|rule|Item Clause: Limit one of each item\n|clearpoke\n|poke|p1|Dondozo, L50, M|\n|poke|p1|Tatsugiri, L50, M|\n|poke|p1|Dragonite, L50, M|\n|poke|p1|Chien-Pao, L50|\n|poke|p1|Glimmora, L50, M|\n|poke|p1|Maushold, L50|\n|poke|p2|Garchomp, L50, M|\n|poke|p2|Annihilape, L50, M|\n|poke|p2|Kingambit, L50, M|\n|poke|p2|Chien-Pao, L50|\n|poke|p2|Farigiraf, L50, M|\n|poke|p2|Rotom-Wash, L50|\n|teampreview|4\njoshdonnie has agreed to open team sheets.\n|inactive|Battle timer is ON: inactive players will automatically lose when time's up. (requested by joshdonnie)\n|inactive|pppkudazai27__ has 60 seconds left.\n|\n|t:|1682450028\n|start\n|switch|p1a: Glimmora|Glimmora, L50, M|100\/100\n|switch|p1b: Chien-Pao|Chien-Pao, L50|100\/100\n|switch|p2a: Garchomp|Garchomp, L50, M|100\/100\n|switch|p2b: Chien-Pao|Chien-Pao, L50|100\/100\n|-ability|p1b: Chien-Pao|Sword of Ruin\n|-ability|p2b: Chien-Pao|Sword of Ruin\n|turn|1\n|inactive|pppkudazai27__ has 30 seconds left.\n|inactive|pppkudazai27__ has 20 seconds left.\n|\n|t:|1682450065\n|-terastallize|p2a: Garchomp|Steel\n|-terastallize|p1a: Glimmora|Grass\n|move|p2b: Chien-Pao|Protect|p2b: Chien-Pao\n|-singleturn|p2b: Chien-Pao|Protect\n|move|p1b: Chien-Pao|Ice Spinner|p2a: Garchomp\n|-resisted|p2a: Garchomp\n|-damage|p2a: Garchomp|73\/100\n|-damage|p1b: Chien-Pao|88\/100|[from] ability: Rough Skin|[of] p2a: Garchomp\n|move|p2a: Garchomp|Earthquake|p1b: Chien-Pao|[spread] p1a,p1b\n|-activate|p2b: Chien-Pao|move: Protect\n|-resisted|p1a: Glimmora\n|-damage|p1a: Glimmora|68\/100\n|-damage|p1b: Chien-Pao|34\/100\n|-activate|p1a: Glimmora|ability: Toxic Debris\n|-sidestart|p2: joshdonnie|move: Toxic Spikes\n|move|p1a: Glimmora|Power Gem|p2b: Chien-Pao\n|-activate|p2b: Chien-Pao|move: Protect\n|\n|upkeep\n|turn|2\n|inactive|pppkudazai27__ has 30 seconds left.\n|\n|t:|1682450094\n|switch|p2a: Annihilape|Annihilape, L50, M|100\/100\n|-status|p2a: Annihilape|psn\n|move|p1b: Chien-Pao|Protect|p1b: Chien-Pao\n|-singleturn|p1b: Chien-Pao|Protect\n|move|p2b: Chien-Pao|Ice Spinner|p1a: Glimmora\n|-supereffective|p1a: Glimmora\n|-damage|p1a: Glimmora|0 fnt\n|-activate|p1a: Glimmora|ability: Toxic Debris\n|-sidestart|p2: joshdonnie|move: Toxic Spikes\n|faint|p1a: Glimmora\n|\n|-damage|p2a: Annihilape|88\/100 psn|[from] psn\n|upkeep\n|\n|t:|1682450103\n|switch|p1a: Dondozo|Dondozo, L50, M|100\/100\n|turn|3\n|\n|t:|1682450121\n|switch|p1b: Tatsugiri|Tatsugiri, L50, M|100\/100\n|-activate|p1b: Tatsugiri|ability: Commander|[of] p1a: Dondozo\n|-boost|p1a: Dondozo|atk|2\n|-boost|p1a: Dondozo|spa|2\n|-boost|p1a: Dondozo|spe|2\n|-boost|p1a: Dondozo|def|2\n|-boost|p1a: Dondozo|spd|2\n|move|p2b: Chien-Pao|Sacred Sword|p1a: Dondozo\n|-damage|p1a: Dondozo|74\/100\n|move|p1a: Dondozo|Substitute|p1a: Dondozo\n|-start|p1a: Dondozo|Substitute\n|-damage|p1a: Dondozo|50\/100\n|move|p2a: Annihilape|Drain Punch|p1b: Tatsugiri|[miss]\n|-miss|p2a: Annihilape|p1b: Tatsugiri\n|\n|-heal|p1a: Dondozo|56\/100|[from] item: Leftovers\n|-heal|p2a: Annihilape|94\/100 psn|[from] item: Leftovers\n|-damage|p2a: Annihilape|82\/100 psn|[from] psn\n|upkeep\n|turn|4\n|\n|t:|1682450141\n|move|p1a: Dondozo|Protect|p1a: Dondozo\n|-singleturn|p1a: Dondozo|Protect\n|move|p2b: Chien-Pao|Sacred Sword|p1a: Dondozo\n|-activate|p1a: Dondozo|move: Protect\n|move|p2a: Annihilape|Drain Punch|p1a: Dondozo\n|-activate|p1a: Dondozo|move: Protect\n|\n|-heal|p1a: Dondozo|62\/100|[from] item: Leftovers\n|-heal|p2a: Annihilape|88\/100 psn|[from] item: Leftovers\n|-damage|p2a: Annihilape|75\/100 psn|[from] psn\n|upkeep\n|turn|5\n|\n|t:|1682450158\n|switch|p2a: Rotom|Rotom-Wash, L50, shiny|100\/100\n|move|p2b: Chien-Pao|Sacred Sword|p1a: Dondozo\n|-end|p1a: Dondozo|Substitute\n|move|p1a: Dondozo|Earthquake|p2b: Chien-Pao|[spread] p2b\n|-miss|p1a: Dondozo|p1b: Tatsugiri\n|-immune|p2a: Rotom|[from] ability: Levitate\n|-damage|p2b: Chien-Pao|42\/100\n|\n|-heal|p1a: Dondozo|68\/100|[from] item: Leftovers\n|upkeep\n|turn|6\n|\n|t:|1682450171\n|move|p1a: Dondozo|Protect|p1a: Dondozo\n|-singleturn|p1a: Dondozo|Protect\n|move|p2b: Chien-Pao|Sacred Sword|p1a: Dondozo\n|-activate|p1a: Dondozo|move: Protect\n|move|p2a: Rotom|Reflect|p2a: Rotom\n|-sidestart|p2: joshdonnie|Reflect\n|\n|-heal|p1a: Dondozo|74\/100|[from] item: Leftovers\n|upkeep\n|turn|7\n|\n|t:|1682450194\n|move|p2b: Chien-Pao|Sacred Sword|p1a: Dondozo\n|-damage|p1a: Dondozo|49\/100\n|move|p1a: Dondozo|Earthquake|p2a: Rotom|[spread] p2b\n|-miss|p1a: Dondozo|p1b: Tatsugiri\n|-immune|p2a: Rotom|[from] ability: Levitate\n|-damage|p2b: Chien-Pao|5\/100\n|move|p2a: Rotom|Will-O-Wisp|p1a: Dondozo\n|-status|p1a: Dondozo|brn\n|\n|-heal|p1a: Dondozo|55\/100 brn|[from] item: Leftovers\n|-damage|p1a: Dondozo|49\/100 brn|[from] brn\n|upkeep\n|turn|8\n|\n|t:|1682450212\n|move|p1a: Dondozo|Protect|p1a: Dondozo\n|-singleturn|p1a: Dondozo|Protect\n|move|p2b: Chien-Pao|Sacred Sword|p1a: Dondozo\n|-activate|p1a: Dondozo|move: Protect\n|move|p2a: Rotom|Thunderbolt|p1a: Dondozo\n|-activate|p1a: Dondozo|move: Protect\n|\n|-heal|p1a: Dondozo|55\/100 brn|[from] item: Leftovers\n|-damage|p1a: Dondozo|49\/100 brn|[from] brn\n|upkeep\n|turn|9\n|\n|t:|1682450231\n|move|p2b: Chien-Pao|Protect|p2b: Chien-Pao\n|-singleturn|p2b: Chien-Pao|Protect\n|move|p1a: Dondozo|Earthquake|p2a: Rotom|[spread] \n|-miss|p1a: Dondozo|p1b: Tatsugiri\n|-activate|p2b: Chien-Pao|move: Protect\n|-immune|p2a: Rotom|[from] ability: Levitate\n|move|p2a: Rotom|Thunderbolt|p1a: Dondozo\n|-supereffective|p1a: Dondozo\n|-damage|p1a: Dondozo|17\/100 brn\n|\n|-heal|p1a: Dondozo|23\/100 brn|[from] item: Leftovers\n|-damage|p1a: Dondozo|17\/100 brn|[from] brn\n|upkeep\n|turn|10\n|\n|t:|1682450240\n|move|p2b: Chien-Pao|Sacred Sword|p1a: Dondozo\n|-damage|p1a: Dondozo|0 fnt\n|faint|p1a: Dondozo\n|move|p2a: Rotom|Thunderbolt|p1b: Tatsugiri\n|-damage|p1b: Tatsugiri|50\/100\n|\n|-sideend|p2: joshdonnie|Reflect\n|upkeep\n|\n|t:|1682450244\n|switch|p1a: Chien-Pao|Chien-Pao, L50|34\/100\n|-ability|p1a: Chien-Pao|Sword of Ruin\n|turn|11\n|\n|t:|1682450261\n|move|p2b: Chien-Pao|Sucker Punch|p1b: Tatsugiri\n|-damage|p1b: Tatsugiri|0 fnt\n|faint|p1b: Tatsugiri\n|move|p1a: Chien-Pao|Sucker Punch|p2a: Rotom\n|-damage|p2a: Rotom|52\/100\n|move|p2a: Rotom|Thunderbolt|p1a: Chien-Pao\n|-damage|p1a: Chien-Pao|0 fnt\n|faint|p1a: Chien-Pao\n|\n|win|joshdonnie\n|raw|pppkudazai27__'s rating: 1268 → 1245<\/strong> (-23 for losing)\n|raw|joshdonnie's rating: 1298 → 1321<\/strong> (+23 for winning)\n|l|\u2606pppkudazai27__\n|c|\u2606joshdonnie|gg\n","uploadtime":1682450270,"views":7,"p1id":"pppkudazai27","p2id":"joshdonnie","formatid":"gen9vgc2023regulationc","rating":1245,"private":0,"password":""}