{"id":"gen9vgc2023regulationc-1853141269","p1":"AmongusMaster5678","p2":"Zee VGC GODDESS oo","format":"[Gen 9] VGC 2023 Regulation C","log":"|j|\u2606AmongusMaster5678\n|j|\u2606Zee VGC GODDESS oo\n|t:|1682640186\n|gametype|doubles\n|player|p1|AmongusMaster5678|1|\n|player|p2|Zee VGC GODDESS oo|hiker-gen4|\n|teamsize|p1|6\n|teamsize|p2|6\n|gen|9\n|tier|[Gen 9] VGC 2023 Regulation C\n|rated|Tournament battle\n|rule|Species Clause: Limit one of each Pok\u00e9mon\n|rule|Item Clause: Limit one of each item\n|clearpoke\n|poke|p1|Glimmora, L50, F|\n|poke|p1|Arcanine, L50, M|\n|poke|p1|Amoonguss, L50, F|\n|poke|p1|Flutter Mane, L50|\n|poke|p1|Tatsugiri, L50, F|\n|poke|p1|Dondozo, L50, F|\n|poke|p2|Palafin, L50, M|\n|poke|p2|Arcanine, L50, F|\n|poke|p2|Amoonguss, L50, M|\n|poke|p2|Ting-Lu, L50|\n|poke|p2|Baxcalibur, L50, F|\n|poke|p2|Flutter Mane, L50|\n|teampreview|4\n|raw| Open Team Sheet for AmongusMaster5678<\/summary>Glimmora @ Assault Vest Ability: Toxic Debris Level: 50 Tera Type: Grass - Mortal Spin - Power Gem - Energy Ball - Sludge Wave Arcanine @ Safety Goggles Ability: Intimidate Level: 50 Tera Type: Water - Extreme Speed - Flare Blitz - Protect - Snarl Amoonguss @ Sitrus Berry Ability: Regenerator Level: 50 Tera Type: Water - Rage Powder - Protect - Pollen Puff - Spore Flutter Mane @ Focus Sash Ability: Protosynthesis Level: 50 Tera Type: Fairy - Perish Song - Dazzling Gleam - Protect - Shadow Ball Tatsugiri @ Choice Scarf Ability: Commander Level: 50 Tera Type: Steel - Draco Meteor - Surf - Icy Wind - Chilling Water Dondozo @ Leftovers Ability: Unaware Level: 50 Tera Type: Grass - Protect - Substitute - Order Up - Earthquake <\/details><\/div> Open Team Sheet for Zee VGC GODDESS oo<\/summary>Palafin @ Mystic Water Ability: Zero to Hero Level: 50 Tera Type: Water - Wave Crash - Jet Punch - Substitute - Protect Arcanine @ Safety Goggles Ability: Intimidate Level: 50 Tera Type: Flying - Flare Blitz - Will-O-Wisp - Howl - Protect Amoonguss @ Sitrus Berry Ability: Regenerator Level: 50 Tera Type: Water - Pollen Puff - Spore - Clear Smog - Rage Powder Ting-Lu @ Assault Vest Ability: Vessel of Ruin Level: 50 Tera Type: Poison - Stomping Tantrum - Ruination - Heavy Slam - Stone Edge Baxcalibur @ Clear Amulet Ability: Thermal Exchange Level: 50 Tera Type: Poison - Icicle Crash - Glaive Rush - Ice Shard - Protect Flutter Mane @ Choice Specs Ability: Protosynthesis Level: 50 Tera Type: Fairy - Shadow Ball - Moonblast - Dazzling Gleam - Thunderbolt <\/details><\/div>\n|inactive|Battle timer is ON: inactive players will automatically lose when time's up. (requested by AmongusMaster5678)\n|c|\u2606AmongusMaster5678|glhf\n|j| Cachapita\n|inactive|AmongusMaster5678 has 60 seconds left.\n|\n|t:|1682640220\n|start\n|switch|p1a: Arcanine|Arcanine, L50, M|100\/100\n|switch|p1b: Glimmora|Glimmora, L50, F|100\/100\n|switch|p2a: Flutter Mane|Flutter Mane, L50|100\/100\n|switch|p2b: Baxcalibur|Baxcalibur, L50, F|100\/100\n|-ability|p1a: Arcanine|Intimidate|boost\n|-unboost|p2a: Flutter Mane|atk|1\n|-fail|p2b: Baxcalibur|unboost|[from] item: Clear Amulet|[of] p2b: Baxcalibur\n|turn|1\n|inactive|AmongusMaster5678 has 30 seconds left.\n|inactive|Zee VGC GODDESS oo has 30 seconds left.\n|\n|t:|1682640253\n|-terastallize|p2b: Baxcalibur|Poison\n|move|p2a: Flutter Mane|Shadow Ball|p1b: Glimmora\n|-damage|p1b: Glimmora|43\/100\n|move|p1b: Glimmora|Power Gem|p2b: Baxcalibur\n|-damage|p2b: Baxcalibur|62\/100\n|move|p2b: Baxcalibur|Glaive Rush|p1b: Glimmora\n|-damage|p1b: Glimmora|0 fnt\n|-singlemove|p2b: Baxcalibur|Glaive Rush|[silent]\n|-activate|p1b: Glimmora|ability: Toxic Debris\n|-sidestart|p2: Zee VGC GODDESS oo|move: Toxic Spikes\n|faint|p1b: Glimmora\n|move|p1a: Arcanine|Snarl|p2a: Flutter Mane|[spread] p2a,p2b\n|-damage|p2a: Flutter Mane|91\/100\n|-damage|p2b: Baxcalibur|45\/100\n|-unboost|p2a: Flutter Mane|spa|1\n|\n|upkeep\n|\n|t:|1682640267\n|switch|p1b: Flutter Mane|Flutter Mane, L50|100\/100\n|turn|2\n|\n|t:|1682640279\n|move|p1b: Flutter Mane|Protect|p1b: Flutter Mane\n|-singleturn|p1b: Flutter Mane|Protect\n|move|p2b: Baxcalibur|Ice Shard|p1b: Flutter Mane\n|-activate|p1b: Flutter Mane|move: Protect\n|move|p2a: Flutter Mane|Shadow Ball|p1b: Flutter Mane\n|-activate|p1b: Flutter Mane|move: Protect\n|move|p1a: Arcanine|Flare Blitz|p2a: Flutter Mane\n|-damage|p2a: Flutter Mane|0 fnt\n|faint|p2a: Flutter Mane\n|-end|p2a: Flutter Mane|Protosynthesis|[silent]\n|-damage|p1a: Arcanine|78\/100|[from] Recoil\n|\n|upkeep\n|\n|t:|1682640284\n|switch|p2a: Arcanine|Arcanine, L50, F|100\/100\n|-status|p2a: Arcanine|psn\n|-ability|p2a: Arcanine|Intimidate|boost\n|-unboost|p1a: Arcanine|atk|1\n|-unboost|p1b: Flutter Mane|atk|1\n|turn|3\n|\n|t:|1682640304\n|switch|p1a: Dondozo|Dondozo, L50, F|100\/100\n|move|p2b: Baxcalibur|Ice Shard|p1b: Flutter Mane\n|-damage|p1b: Flutter Mane|45\/100\n|move|p1b: Flutter Mane|Shadow Ball|p2b: Baxcalibur\n|-damage|p2b: Baxcalibur|8\/100\n|move|p2a: Arcanine|Flare Blitz|p1b: Flutter Mane\n|-damage|p1b: Flutter Mane|0 fnt\n|faint|p1b: Flutter Mane\n|-end|p1b: Flutter Mane|Protosynthesis|[silent]\n|-damage|p2a: Arcanine|91\/100 psn|[from] Recoil\n|\n|-damage|p2a: Arcanine|79\/100 psn|[from] psn\n|upkeep\n|\n|t:|1682640311\n|switch|p1b: Arcanine|Arcanine, L50, M|78\/100\n|-ability|p1b: Arcanine|Intimidate|boost\n|-unboost|p2a: Arcanine|atk|1\n|-fail|p2b: Baxcalibur|unboost|[from] item: Clear Amulet|[of] p2b: Baxcalibur\n|turn|4\n|j| razeycakes\n|\n|t:|1682640326\n|switch|p2a: Amoonguss|Amoonguss, L50, M|100\/100\n|-sideend|p2: Zee VGC GODDESS oo|move: Toxic Spikes|[of] p2a: Amoonguss\n|move|p1a: Dondozo|Protect|p1a: Dondozo\n|-singleturn|p1a: Dondozo|Protect\n|move|p1b: Arcanine|Extreme Speed|p2b: Baxcalibur\n|-damage|p2b: Baxcalibur|0 fnt\n|faint|p2b: Baxcalibur\n|\n|upkeep\n|\n|t:|1682640329\n|switch|p2b: Arcanine|Arcanine, L50, F|79\/100 psn\n|-ability|p2b: Arcanine|Intimidate|boost\n|-unboost|p1a: Dondozo|atk|1\n|-unboost|p1b: Arcanine|atk|1\n|turn|5\n|\n|t:|1682640353\n|move|p2b: Arcanine|Will-O-Wisp|p1a: Dondozo\n|-status|p1a: Dondozo|brn\n|move|p1b: Arcanine|Flare Blitz|p2a: Amoonguss\n|-supereffective|p2a: Amoonguss\n|-damage|p2a: Amoonguss|53\/100\n|-damage|p1b: Arcanine|59\/100|[from] Recoil\n|move|p1a: Dondozo|Substitute|p1a: Dondozo\n|-start|p1a: Dondozo|Substitute\n|-damage|p1a: Dondozo|75\/100 brn\n|move|p2a: Amoonguss|Spore|p1b: Arcanine\n|-activate|p1b: Arcanine|item: Safety Goggles|Spore\n|\n|-heal|p1a: Dondozo|81\/100 brn|[from] item: Leftovers\n|-damage|p2b: Arcanine|66\/100 psn|[from] psn\n|-damage|p1a: Dondozo|75\/100 brn|[from] brn\n|upkeep\n|turn|6\n|inactive|Zee VGC GODDESS oo has 30 seconds left.\n|j| MareeohYT\n|\n|t:|1682640380\n|move|p1a: Dondozo|Protect|p1a: Dondozo\n|-singleturn|p1a: Dondozo|Protect\n|move|p2b: Arcanine|Flare Blitz|p1b: Arcanine\n|-resisted|p1b: Arcanine\n|-damage|p1b: Arcanine|37\/100\n|-damage|p2b: Arcanine|60\/100 psn|[from] Recoil\n|move|p1b: Arcanine|Flare Blitz|p2a: Amoonguss\n|-supereffective|p2a: Amoonguss\n|-damage|p2a: Amoonguss|1\/100\n|-enditem|p2a: Amoonguss|Sitrus Berry|[eat]\n|-heal|p2a: Amoonguss|26\/100|[from] item: Sitrus Berry\n|-damage|p1b: Arcanine|15\/100|[from] Recoil\n|move|p2a: Amoonguss|Pollen Puff|p1b: Arcanine\n|-resisted|p1b: Arcanine\n|-damage|p1b: Arcanine|5\/100\n|\n|-heal|p1a: Dondozo|81\/100 brn|[from] item: Leftovers\n|-damage|p2b: Arcanine|48\/100 psn|[from] psn\n|-damage|p1a: Dondozo|75\/100 brn|[from] brn\n|upkeep\n|turn|7\n|\n|t:|1682640395\n|move|p1b: Arcanine|Protect|p1b: Arcanine\n|-singleturn|p1b: Arcanine|Protect\n|move|p2b: Arcanine|Flare Blitz|p1b: Arcanine\n|-activate|p1b: Arcanine|move: Protect\n|move|p1a: Dondozo|Order Up|p2a: Amoonguss\n|-damage|p2a: Amoonguss|21\/100\n|move|p2a: Amoonguss|Pollen Puff|p2b: Arcanine\n|-heal|p2b: Arcanine|97\/100 psn\n|\n|-heal|p1a: Dondozo|81\/100 brn|[from] item: Leftovers\n|-damage|p2b: Arcanine|85\/100 psn|[from] psn\n|-damage|p1a: Dondozo|75\/100 brn|[from] brn\n|upkeep\n|turn|8\n|\n|t:|1682640412\n|move|p1b: Arcanine|Extreme Speed|p2a: Amoonguss\n|-damage|p2a: Amoonguss|8\/100\n|move|p2b: Arcanine|Flare Blitz|p1b: Arcanine\n|-resisted|p1b: Arcanine\n|-damage|p1b: Arcanine|0 fnt\n|faint|p1b: Arcanine\n|-damage|p2b: Arcanine|84\/100 psn|[from] Recoil\n|move|p1a: Dondozo|Order Up|p2a: Amoonguss\n|-damage|p2a: Amoonguss|3\/100\n|move|p2a: Amoonguss|Pollen Puff|p1a: Dondozo\n|-activate|p1a: Dondozo|move: Substitute|[damage]\n|\n|-heal|p1a: Dondozo|81\/100 brn|[from] item: Leftovers\n|-damage|p2b: Arcanine|72\/100 psn|[from] psn\n|-damage|p1a: Dondozo|75\/100 brn|[from] brn\n|upkeep\n|turn|9\n|\n|t:|1682640425\n|move|p2b: Arcanine|Flare Blitz|p1a: Dondozo\n|-resisted|p1a: Dondozo\n|-end|p1a: Dondozo|Substitute\n|-damage|p2b: Arcanine|68\/100 psn|[from] Recoil|[of] p1a: Dondozo\n|move|p1a: Dondozo|Earthquake|p2a: Amoonguss|[spread] p2a,p2b\n|-supereffective|p2b: Arcanine\n|-damage|p2a: Amoonguss|0 fnt\n|-damage|p2b: Arcanine|55\/100 psn\n|faint|p2a: Amoonguss\n|\n|-heal|p1a: Dondozo|81\/100 brn|[from] item: Leftovers\n|-damage|p2b: Arcanine|43\/100 psn|[from] psn\n|-damage|p1a: Dondozo|75\/100 brn|[from] brn\n|upkeep\n|turn|10\n|\n|t:|1682640432\n|move|p1a: Dondozo|Protect|p1a: Dondozo\n|-singleturn|p1a: Dondozo|Protect\n|move|p2b: Arcanine|Flare Blitz|p1a: Dondozo\n|-activate|p1a: Dondozo|move: Protect\n|\n|-heal|p1a: Dondozo|81\/100 brn|[from] item: Leftovers\n|-damage|p2b: Arcanine|31\/100 psn|[from] psn\n|-damage|p1a: Dondozo|75\/100 brn|[from] brn\n|upkeep\n|turn|11\n|\n|t:|1682640441\n|move|p2b: Arcanine|Flare Blitz|p1a: Dondozo\n|-resisted|p1a: Dondozo\n|-damage|p1a: Dondozo|61\/100 brn\n|-damage|p2b: Arcanine|25\/100 psn|[from] Recoil\n|move|p1a: Dondozo|Earthquake|p2b: Arcanine\n|-supereffective|p2b: Arcanine\n|-damage|p2b: Arcanine|6\/100 psn\n|\n|-heal|p1a: Dondozo|67\/100 brn|[from] item: Leftovers\n|-damage|p2b: Arcanine|0 fnt|[from] psn\n|faint|p2b: Arcanine\n|\n|win|AmongusMaster5678\n|upkeep\n|n|\u2606AmongusMaster5678|amongusmaster5678\n|n|\u2606Zee VGC GODDESS oo|zeevgcgoddessoo\n|n| Cachapita|cachapita\n|n| razeycakes|razeycakes\n|n| MareeohYT|mareeohyt\n|l|\u2606Zee VGC GODDESS oo\n|c|\u2606AmongusMaster5678|gg\n|l| MareeohYT\n|l| razeycakes\n","uploadtime":1682641133,"views":7,"p1id":"amongusmaster5678","p2id":"zeevgcgoddessoo","formatid":"gen9vgc2023regulationc","rating":0,"private":0,"password":""}