{"id":"gen9vgc2023regulationc-1863771733","p1":"Broskander","p2":"Eldegoss32","format":"[Gen 9] VGC 2023 Regulation C","log":"|j|\u2606Broskander\n|j|\u2606Eldegoss32\n|t:|1684074696\n|gametype|doubles\n|player|p1|Broskander|169|1447\n|player|p2|Eldegoss32|acetrainerf|1504\n|teamsize|p1|6\n|teamsize|p2|6\n|gen|9\n|tier|[Gen 9] VGC 2023 Regulation C\n|rated|\n|rule|Species Clause: Limit one of each Pok\u00e9mon\n|rule|Item Clause: Limit one of each item\n|clearpoke\n|poke|p1|Gyarados, L50, F|\n|poke|p1|Arcanine, L50, M|\n|poke|p1|Amoonguss, L50, F|\n|poke|p1|Flutter Mane, L50|\n|poke|p1|Ting-Lu, L50|\n|poke|p1|Kingambit, L50, M|\n|poke|p2|Talonflame, L50, M|\n|poke|p2|Great Tusk, L50|\n|poke|p2|Roaring Moon, L50|\n|poke|p2|Flutter Mane, L50|\n|poke|p2|Baxcalibur, L50, F|\n|poke|p2|Kingambit, L50, M|\n|teampreview|4\n|inactive|Battle timer is ON: inactive players will automatically lose when time's up. (requested by Broskander)\n|\n|t:|1684074738\n|start\n|switch|p1a: Arcanine|Arcanine, L50, M|100\/100\n|switch|p1b: Ting-Lu|Ting-Lu, L50|100\/100\n|switch|p2a: Flutter Mane|Flutter Mane, L50|100\/100\n|switch|p2b: Kingambit|Kingambit, L50, M|100\/100\n|-ability|p1a: Arcanine|Intimidate|boost\n|-unboost|p2a: Flutter Mane|atk|1\n|-unboost|p2b: Kingambit|atk|1\n|-ability|p2b: Kingambit|Defiant|boost\n|-boost|p2b: Kingambit|atk|2\n|-enditem|p1a: Arcanine|Mirror Herb\n|-boost|p1a: Arcanine|atk|2|[from] item: Mirror Herb\n|-ability|p1b: Ting-Lu|Vessel of Ruin\n|turn|1\n|j| harimamomo\n|inactive|Eldegoss32 has 30 seconds left.\n|j| shanehuang99\n|\n|t:|1684074770\n|-terastallize|p2b: Kingambit|Flying\n|move|p2b: Kingambit|Sucker Punch||[still]\n|-fail|p2b: Kingambit\n|move|p2a: Flutter Mane|Shadow Ball|p1a: Arcanine\n|-damage|p1a: Arcanine|40\/100\n|move|p1a: Arcanine|Will-O-Wisp|p2b: Kingambit\n|-status|p2b: Kingambit|brn\n|move|p1b: Ting-Lu|Heavy Slam|p2a: Flutter Mane\n|-supereffective|p2a: Flutter Mane\n|-damage|p2a: Flutter Mane|0 fnt\n|faint|p2a: Flutter Mane\n|-end|p2a: Flutter Mane|Protosynthesis|[silent]\n|\n|-damage|p2b: Kingambit|94\/100 brn|[from] brn\n|upkeep\n|\n|t:|1684074781\n|switch|p2a: Talonflame|Talonflame, L50, M|100\/100\n|turn|2\n|\n|t:|1684074800\n|move|p1a: Arcanine|Extreme Speed|p2b: Kingambit\n|-damage|p2b: Kingambit|53\/100 brn\n|move|p2a: Talonflame|Brave Bird|p1a: Arcanine\n|-damage|p1a: Arcanine|0 fnt\n|faint|p1a: Arcanine\n|-damage|p2a: Talonflame|84\/100|[from] Recoil\n|move|p2b: Kingambit|Iron Head|p1b: Ting-Lu\n|-damage|p1b: Ting-Lu|80\/100\n|move|p1b: Ting-Lu|Payback|p2b: Kingambit\n|-damage|p2b: Kingambit|8\/100 brn\n|\n|-damage|p2b: Kingambit|2\/100 brn|[from] brn\n|upkeep\n|\n|t:|1684074819\n|switch|p1a: Flutter Mane|Flutter Mane, L50|100\/100\n|turn|3\n|\n|t:|1684074827\n|move|p1a: Flutter Mane|Protect|p1a: Flutter Mane\n|-singleturn|p1a: Flutter Mane|Protect\n|move|p2b: Kingambit|Sucker Punch||[still]\n|-fail|p2b: Kingambit\n|move|p2a: Talonflame|Tailwind|p2a: Talonflame\n|-sidestart|p2: Eldegoss32|move: Tailwind\n|move|p1b: Ting-Lu|Payback|p2a: Talonflame\n|-damage|p2a: Talonflame|4\/100\n|\n|-damage|p2b: Kingambit|0 fnt|[from] brn\n|faint|p2b: Kingambit\n|upkeep\n|\n|t:|1684074832\n|switch|p2b: Baxcalibur|Baxcalibur, L50, F|100\/100\n|turn|4\n|\n|t:|1684074853\n|-end|p1a: Flutter Mane|Protosynthesis|[silent]\n|switch|p1a: Gyarados|Gyarados, L50, F|100\/100\n|-ability|p1a: Gyarados|Intimidate|boost\n|-unboost|p2a: Talonflame|atk|1\n|-unboost|p2b: Baxcalibur|atk|1\n|-terastallize|p1b: Ting-Lu|Poison\n|move|p2a: Talonflame|Will-O-Wisp|p1b: Ting-Lu\n|-status|p1b: Ting-Lu|brn\n|move|p2b: Baxcalibur|Earthquake|p1b: Ting-Lu|[spread] p1b\n|-immune|p2a: Talonflame\n|-immune|p1a: Gyarados\n|-supereffective|p1b: Ting-Lu\n|-damage|p1b: Ting-Lu|37\/100 brn\n|move|p1b: Ting-Lu|Payback|p2a: Talonflame\n|-damage|p2a: Talonflame|0 fnt\n|faint|p2a: Talonflame\n|\n|-damage|p1b: Ting-Lu|31\/100 brn|[from] brn\n|upkeep\n|turn|5\n|-message|Eldegoss32 forfeited.\n|\n|win|Broskander\n|raw|Broskander's rating: 1447 → 1470<\/strong> (+23 for winning)\n|raw|Eldegoss32's rating: 1504 → 1481<\/strong> (-23 for losing)\n|l|\u2606Eldegoss32\n|l|\u2606Broskander\n|l| harimamomo\n|j|\u2606Broskander\n|player|p1|Broskander|169\n","uploadtime":1684074934,"views":11,"p1id":"broskander","p2id":"eldegoss32","formatid":"gen9vgc2023regulationc","rating":1470,"private":0,"password":""}