{"id":"gen9vgc2023regulationc-1847399998","p1":"heatvw","p2":"ANTIVALLEY","format":"[Gen 9] VGC 2023 Regulation C","log":"|j|\u2606heatvw\n|j|\u2606ANTIVALLEY\n|t:|1681950655\n|gametype|doubles\n|player|p1|heatvw|marley|1270\n|player|p2|ANTIVALLEY|penny|1299\n|teamsize|p1|6\n|teamsize|p2|6\n|gen|9\n|tier|[Gen 9] VGC 2023 Regulation C\n|rated|\n|rule|Species Clause: Limit one of each Pok\u00e9mon\n|rule|Item Clause: Limit one of each item\n|clearpoke\n|poke|p1|Sylveon, L50, M|\n|poke|p1|Iron Hands, L50|\n|poke|p1|Baxcalibur, L50, F|\n|poke|p1|Dondozo, L50, F|\n|poke|p1|Tatsugiri-Stretchy, L50, F|\n|poke|p1|Iron Moth, L50|\n|poke|p2|Orthworm, L50, F|\n|poke|p2|Dragonite, L50, M|\n|poke|p2|Ting-Lu, L50|\n|poke|p2|Gyarados, L50, F|\n|poke|p2|Flutter Mane, L50|\n|poke|p2|Chien-Pao, L50|\n|teampreview|4\n|inactive|Battle timer is ON: inactive players will automatically lose when time's up. (requested by heatvw)\nANTIVALLEY rejected open team sheets.\n|inactive|ANTIVALLEY has 60 seconds left.\n|inactive|ANTIVALLEY has 30 seconds left.\n|\n|t:|1681950717\n|start\n|switch|p1a: Sylveon|Sylveon, L50, M|100\/100\n|switch|p1b: Iron Hands|Iron Hands, L50|100\/100\n|switch|p2a: Ting-Lu|Ting-Lu, L50|100\/100\n|switch|p2b: Orthworm|Orthworm, L50, F|100\/100\n|-ability|p2a: Ting-Lu|Vessel of Ruin\n|turn|1\n|inactive|ANTIVALLEY has 30 seconds left.\n|inactive|ANTIVALLEY has 20 seconds left.\n|\n|t:|1681950755\n|move|p1b: Iron Hands|Fake Out|p2a: Ting-Lu\n|-damage|p2a: Ting-Lu|89\/100\n|cant|p2a: Ting-Lu|flinch\n|move|p2b: Orthworm|Iron Defense|p2b: Orthworm\n|-boost|p2b: Orthworm|def|2\n|move|p1a: Sylveon|Yawn|p2a: Ting-Lu\n|-start|p2a: Ting-Lu|move: Yawn|[of] p1a: Sylveon\n|\n|upkeep\n|turn|2\n|\n|t:|1681950775\n|switch|p2a: Gyarados|Gyarados, L50, F|100\/100\n|-ability|p2a: Gyarados|Intimidate|boost\n|-unboost|p1a: Sylveon|atk|1\n|-unboost|p1b: Iron Hands|atk|1\n|move|p1a: Sylveon|Protect|p1a: Sylveon\n|-singleturn|p1a: Sylveon|Protect\n|move|p2b: Orthworm|Heavy Slam|p1a: Sylveon\n|-activate|p1a: Sylveon|move: Protect\n|move|p1b: Iron Hands|Drain Punch|p2b: Orthworm\n|-supereffective|p2b: Orthworm\n|-damage|p2b: Orthworm|76\/100\n|\n|upkeep\n|turn|3\n|\n|t:|1681950795\n|switch|p2a: Ting-Lu|Ting-Lu, L50|89\/100\n|-ability|p2a: Ting-Lu|Vessel of Ruin\n|move|p2b: Orthworm|Heavy Slam|p1a: Sylveon\n|-supereffective|p1a: Sylveon\n|-damage|p1a: Sylveon|35\/100\n|-enditem|p1a: Sylveon|Sitrus Berry|[eat]\n|-heal|p1a: Sylveon|60\/100|[from] item: Sitrus Berry\n|move|p1a: Sylveon|Yawn|p2a: Ting-Lu\n|-start|p2a: Ting-Lu|move: Yawn|[of] p1a: Sylveon\n|move|p1b: Iron Hands|Volt Switch|p2b: Orthworm\n|-damage|p2b: Orthworm|66\/100\n|\n|t:|1681950808\n|-end|p1b: Iron Hands|Quark Drive|[silent]\n|switch|p1b: Iron Moth|Iron Moth, L50|100\/100|[from] Volt Switch\n|-enditem|p1b: Iron Moth|Booster Energy\n|-activate|p1b: Iron Moth|ability: Quark Drive|[fromitem]\n|-start|p1b: Iron Moth|quarkdrivespa\n|\n|upkeep\n|turn|4\n|inactive|ANTIVALLEY has 30 seconds left.\n|inactive|ANTIVALLEY has 20 seconds left.\n|inactive|ANTIVALLEY has 15 seconds left.\n|inactive|ANTIVALLEY has 10 seconds left.\n|\n|t:|1681950854\n|-terastallize|p2b: Orthworm|Fire\n|move|p1b: Iron Moth|Flamethrower|p2b: Orthworm\n|-resisted|p2b: Orthworm\n|-damage|p2b: Orthworm|38\/100\n|-enditem|p2b: Orthworm|Sitrus Berry|[eat]\n|-heal|p2b: Orthworm|63\/100|[from] item: Sitrus Berry\n|move|p2a: Ting-Lu|Earthquake|p1a: Sylveon|[spread] p1a,p1b\n|-heal|p2b: Orthworm|88\/100|[from] ability: Earth Eater|[of] p2a: Ting-Lu\n|-supereffective|p1b: Iron Moth\n|-damage|p1a: Sylveon|16\/100\n|-damage|p1b: Iron Moth|0 fnt\n|faint|p1b: Iron Moth\n|-end|p1b: Iron Moth|Quark Drive|[silent]\n|move|p2b: Orthworm|Heavy Slam|p1a: Sylveon\n|-supereffective|p1a: Sylveon\n|-damage|p1a: Sylveon|0 fnt\n|faint|p1a: Sylveon\n|\n|-end|p2a: Ting-Lu|move: Yawn|[silent]\n|-status|p2a: Ting-Lu|slp\n|upkeep\n|\n|t:|1681950868\n|switch|p1b: Baxcalibur|Baxcalibur, L50, F|100\/100\n|switch|p1a: Iron Hands|Iron Hands, L50|100\/100\n|turn|5\n|\n|t:|1681950883\n|switch|p2a: Gyarados|Gyarados, L50, F|100\/100\n|-ability|p2a: Gyarados|Intimidate|boost\n|-unboost|p1a: Iron Hands|atk|1\n|-fail|p1b: Baxcalibur|unboost|[from] item: Clear Amulet|[of] p1b: Baxcalibur\n|move|p1b: Baxcalibur|Glaive Rush|p2b: Orthworm\n|-damage|p2b: Orthworm|65\/100\n|-singlemove|p1b: Baxcalibur|Glaive Rush|[silent]\n|move|p2b: Orthworm|Body Press|p1b: Baxcalibur\n|-supereffective|p1b: Baxcalibur\n|-damage|p1b: Baxcalibur|0 fnt\n|faint|p1b: Baxcalibur\n|move|p1a: Iron Hands|Drain Punch|p2b: Orthworm\n|-damage|p2b: Orthworm|54\/100\n|\n|upkeep\n|turn|6\n|\n|t:|1681950902\n|-terastallize|p1a: Iron Hands|Grass\n|move|p2a: Gyarados|Bulldoze|p1a: Iron Hands|[spread] p1a\n|-heal|p2b: Orthworm|79\/100|[from] ability: Earth Eater|[of] p2a: Gyarados\n|-resisted|p1a: Iron Hands\n|-damage|p1a: Iron Hands|96\/100\n|-unboost|p1a: Iron Hands|spe|1\n|move|p2b: Orthworm|Body Press|p1a: Iron Hands\n|-damage|p1a: Iron Hands|52\/100\n|move|p1a: Iron Hands|Thunder Punch|p2a: Gyarados\n|-supereffective|p2a: Gyarados\n|-damage|p2a: Gyarados|0 fnt\n|faint|p2a: Gyarados\n|\n|upkeep\n|\n|t:|1681950921\n|switch|p2a: Flutter Mane|Flutter Mane, L50|100\/100\n|turn|7\n|\n|t:|1681950942\n|move|p2a: Flutter Mane|Moonblast|p1a: Iron Hands\n|-damage|p1a: Iron Hands|16\/100\n|move|p2b: Orthworm|Body Press|p1a: Iron Hands\n|-damage|p1a: Iron Hands|0 fnt\n|faint|p1a: Iron Hands\n|-end|p1a: Iron Hands|Quark Drive|[silent]\n|\n|win|ANTIVALLEY\n|raw|heatvw's rating: 1270 → 1247<\/strong> (-23 for losing)\n|raw|ANTIVALLEY's rating: 1299 → 1322<\/strong> (+23 for winning)\n|l|\u2606heatvw\n","uploadtime":1681950955,"views":7,"p1id":"heatvw","p2id":"antivalley","formatid":"gen9vgc2023regulationc","rating":1247,"private":0,"password":""}