{"id":"gen9vgc2023regulationc-1854677527","p1":"Zjpili","p2":"ChorusFruitFarmer","format":"[Gen 9] VGC 2023 Regulation C","log":"|j|\u2606Zjpili\n|j|\u2606ChorusFruitFarmer\n|t:|1682848688\n|gametype|doubles\n|player|p1|Zjpili|camper|1162\n|player|p2|ChorusFruitFarmer|penny|1143\n|teamsize|p1|6\n|teamsize|p2|6\n|gen|9\n|tier|[Gen 9] VGC 2023 Regulation C\n|rated|\n|rule|Species Clause: Limit one of each Pok\u00e9mon\n|rule|Item Clause: Limit one of each item\n|clearpoke\n|poke|p1|Scizor, L50, M|\n|poke|p1|Flutter Mane, L50|\n|poke|p1|Rotom-Wash, L50|\n|poke|p1|Great Tusk, L50|\n|poke|p1|Arcanine, L50, M|\n|poke|p1|Chien-Pao, L50|\n|poke|p2|Roaring Moon, L50|\n|poke|p2|Kilowattrel, L50, F|\n|poke|p2|Amoonguss, L50, F|\n|poke|p2|Arcanine, L50, F|\n|poke|p2|Iron Hands, L50|\n|poke|p2|Clawitzer, L50, F|\n|teampreview|4\n|inactive|Battle timer is ON: inactive players will automatically lose when time's up. (requested by ChorusFruitFarmer)\n|c|\u2606ChorusFruitFarmer|Good luck, have fun.\nChorusFruitFarmer rejected open team sheets.\n|inactive|Zjpili has 60 seconds left.\n|inactive|Zjpili has 30 seconds left.\n|inactive|Zjpili has 20 seconds left.\n|\n|t:|1682848763\n|start\n|switch|p1a: Scizor|Scizor, L50, M|100\/100\n|switch|p1b: Arcanine|Arcanine, L50, M|100\/100\n|switch|p2a: Bloodmoon|Roaring Moon, L50|100\/100\n|switch|p2b: Goose|Kilowattrel, L50, F, shiny|100\/100\n|-ability|p1b: Arcanine|Intimidate|boost\n|-unboost|p2a: Bloodmoon|atk|1\n|-unboost|p2b: Goose|atk|1\n|-enditem|p2a: Bloodmoon|Booster Energy\n|-activate|p2a: Bloodmoon|ability: Protosynthesis|[fromitem]\n|-start|p2a: Bloodmoon|protosynthesisspe\n|turn|1\n|inactive|Zjpili has 30 seconds left.\n|inactive|Zjpili has 20 seconds left.\n|inactive|Zjpili has 15 seconds left.\n|inactive|Zjpili has 10 seconds left.\n|\n|t:|1682848812\n|-terastallize|p2b: Goose|Electric\n|move|p2a: Bloodmoon|Tailwind|p2a: Bloodmoon\n|-sidestart|p2: ChorusFruitFarmer|move: Tailwind\n|-start|p2b: Goose|Charge|Tailwind|[from] ability: Wind Power\n|move|p2b: Goose|Discharge|p1a: Scizor|[spread] p2a,p1a,p1b\n|-resisted|p2a: Bloodmoon\n|-damage|p2a: Bloodmoon|65\/100\n|-damage|p1a: Scizor|0 fnt\n|-damage|p1b: Arcanine|37\/100\n|faint|p1a: Scizor\n|-damage|p2b: Goose|91\/100|[from] item: Life Orb\n|-end|p2b: Goose|Charge|[silent]\n|move|p1b: Arcanine|Flare Blitz|p2b: Goose\n|-crit|p2b: Goose\n|-damage|p2b: Goose|0 fnt\n|faint|p2b: Goose\n|-damage|p1b: Arcanine|13\/100|[from] Recoil\n|\n|upkeep\n|\n|t:|1682848831\n|switch|p2b: Rock Lobster!|Clawitzer, L50, F, shiny|100\/100\n|switch|p1a: Chien-Pao|Chien-Pao, L50|100\/100\n|-ability|p1a: Chien-Pao|Sword of Ruin\n|turn|2\n|inactive|Zjpili has 30 seconds left.\n|\n|t:|1682848865\n|-terastallize|p1a: Chien-Pao|Ghost\n|move|p1b: Arcanine|Extreme Speed|p2a: Bloodmoon\n|-damage|p2a: Bloodmoon|18\/100\n|move|p1a: Chien-Pao|Sucker Punch|p2a: Bloodmoon\n|-resisted|p2a: Bloodmoon\n|-damage|p2a: Bloodmoon|0 fnt\n|faint|p2a: Bloodmoon\n|-end|p2a: Bloodmoon|Protosynthesis|[silent]\n|move|p2b: Rock Lobster!|Muddy Water|p1a: Chien-Pao|[spread] p1b\n|-miss|p2b: Rock Lobster!|p1a: Chien-Pao\n|-supereffective|p1b: Arcanine\n|-damage|p1b: Arcanine|0 fnt\n|faint|p1b: Arcanine\n|\n|upkeep\n|\n|t:|1682848881\n|switch|p2a: Clap These Cheeks|Iron Hands, L50|100\/100\n|switch|p1b: dont miss|Rotom-Wash, L50|100\/100\n|turn|3\n|inactive|Zjpili has 30 seconds left.\n|inactive|Zjpili has 20 seconds left.\n|\n|t:|1682848917\n|move|p1a: Chien-Pao|Sacred Sword|p2b: Rock Lobster!\n|-damage|p2b: Rock Lobster!|55\/100\n|move|p2b: Rock Lobster!|Muddy Water|p1a: Chien-Pao|[spread] p1a\n|-miss|p2b: Rock Lobster!|p1b: dont miss\n|-damage|p1a: Chien-Pao|33\/100\n|-unboost|p1a: Chien-Pao|accuracy|1\n|move|p2a: Clap These Cheeks|Drain Punch|p1b: dont miss\n|-damage|p1b: dont miss|46\/100\n|-enditem|p1b: dont miss|Sitrus Berry|[eat]\n|-heal|p1b: dont miss|71\/100|[from] item: Sitrus Berry\n|move|p1b: dont miss|Will-O-Wisp|p2a: Clap These Cheeks\n|-status|p2a: Clap These Cheeks|brn\n|\n|-damage|p2a: Clap These Cheeks|94\/100 brn|[from] brn\n|upkeep\n|turn|4\n|inactive|Zjpili has 30 seconds left.\n|inactive|Zjpili has 20 seconds left.\n|inactive|ChorusFruitFarmer has 30 seconds left.\n|inactive|Zjpili has 15 seconds left.\n|inactive|Zjpili has 10 seconds left.\n|inactive|Zjpili has 5 seconds left.\n|\n|t:|1682848972\n|move|p2b: Rock Lobster!|Protect|p2b: Rock Lobster!\n|-singleturn|p2b: Rock Lobster!|Protect\n|move|p1a: Chien-Pao|Ice Spinner|p2b: Rock Lobster!\n|-activate|p2b: Rock Lobster!|move: Protect\n|move|p2a: Clap These Cheeks|Thunder Punch|p1a: Chien-Pao\n|-damage|p1a: Chien-Pao|4\/100\n|move|p1b: dont miss|Thunderbolt|p2a: Clap These Cheeks\n|-resisted|p2a: Clap These Cheeks\n|-damage|p2a: Clap These Cheeks|84\/100 brn\n|\n|-damage|p2a: Clap These Cheeks|78\/100 brn|[from] brn\n|-sideend|p2: ChorusFruitFarmer|move: Tailwind\n|upkeep\n|turn|5\n|inactive|Zjpili has 30 seconds left.\n|\n|t:|1682849000\n|move|p1a: Chien-Pao|Sucker Punch|p2b: Rock Lobster!\n|-damage|p2b: Rock Lobster!|6\/100\n|move|p1b: dont miss|Hydro Pump|p2a: Clap These Cheeks\n|-damage|p2a: Clap These Cheeks|52\/100 brn\n|move|p2b: Rock Lobster!|Muddy Water|p1a: Chien-Pao|[spread] p1a,p1b\n|-resisted|p1b: dont miss\n|-damage|p1a: Chien-Pao|0 fnt\n|-damage|p1b: dont miss|51\/100\n|faint|p1a: Chien-Pao\n|move|p2a: Clap These Cheeks|Drain Punch|p1b: dont miss\n|-damage|p1b: dont miss|33\/100\n|-heal|p2a: Clap These Cheeks|58\/100 brn|[from] drain|[of] p1b: dont miss\n|\n|-damage|p2a: Clap These Cheeks|52\/100 brn|[from] brn\n|upkeep\n|turn|6\n|-message|Zjpili forfeited.\n|\n|win|ChorusFruitFarmer\n|raw|Zjpili's rating: 1162 → 1136<\/strong> (-26 for losing)\n|raw|ChorusFruitFarmer's rating: 1143 → 1169<\/strong> (+26 for winning)\n|l|\u2606Zjpili\n","uploadtime":1682849019,"views":8,"p1id":"zjpili","p2id":"chorusfruitfarmer","formatid":"gen9vgc2023regulationc","rating":1136,"private":0,"password":""}