{"id":"gen9vgc2023regulationc-1857326378","p1":"will2525","p2":"difficultdrugs","format":"[Gen 9] VGC 2023 Regulation C","log":"|j|\u2606will2525\n|j|\u2606difficultdrugs\n|t:|1683173794\n|gametype|doubles\n|player|p1|will2525|266|1158\n|player|p2|difficultdrugs|bertha|1160\n|teamsize|p1|6\n|teamsize|p2|6\n|gen|9\n|tier|[Gen 9] VGC 2023 Regulation C\n|rated|\n|rule|Species Clause: Limit one of each Pok\u00e9mon\n|rule|Item Clause: Limit one of each item\n|clearpoke\n|poke|p1|Orthworm, L50, F|\n|poke|p1|Dragonite, L50, M|\n|poke|p1|Gyarados, L50, M|\n|poke|p1|Goodra, L50, M|\n|poke|p1|Chi-Yu, L50|\n|poke|p1|Gengar, L50, M|\n|poke|p2|Corviknight, L50, F|\n|poke|p2|Roaring Moon, L50|\n|poke|p2|Torkoal, L50, M|\n|poke|p2|Flutter Mane, L50|\n|poke|p2|Ting-Lu, L50|\n|poke|p2|Ursaring, L50, F|\n|teampreview|4\n|\n|t:|1683173822\n|start\n|switch|p1a: Goodra|Goodra, L50, M|100\/100\n|switch|p1b: Gyarados|Gyarados, L50, M, shiny|100\/100\n|switch|p2a: Roaring Moon|Roaring Moon, L50|100\/100\n|switch|p2b: Torkoal|Torkoal, L50, M|100\/100\n|-ability|p1b: Gyarados|Intimidate|boost\n|-fail|p2a: Roaring Moon|unboost|[from] item: Clear Amulet|[of] p2a: Roaring Moon\n|-unboost|p2b: Torkoal|atk|1\n|-weather|SunnyDay|[from] ability: Drought|[of] p2b: Torkoal\n|-activate|p2a: Roaring Moon|ability: Protosynthesis\n|-start|p2a: Roaring Moon|protosynthesisspe\n|turn|1\n|\n|t:|1683173860\n|move|p2a: Roaring Moon|Dragon Dance|p2a: Roaring Moon\n|-boost|p2a: Roaring Moon|atk|1\n|-boost|p2a: Roaring Moon|spe|1\n|move|p1b: Gyarados|Thunder Wave|p2a: Roaring Moon\n|-status|p2a: Roaring Moon|par\n|move|p1a: Goodra|Tearful Look|p2a: Roaring Moon\n|-fail|p2a: Roaring Moon|unboost|[from] item: Clear Amulet|[of] p2a: Roaring Moon\n|move|p2b: Torkoal|Yawn|p1a: Goodra\n|-start|p1a: Goodra|move: Yawn|[of] p2b: Torkoal\n|\n|-weather|SunnyDay|[upkeep]\n|upkeep\n|turn|2\n|\n|t:|1683173889\n|switch|p1a: Dragonite|Dragonite, L50, M|100\/100\n|move|p2a: Roaring Moon|Dragon Dance|p2a: Roaring Moon\n|-boost|p2a: Roaring Moon|atk|1\n|-boost|p2a: Roaring Moon|spe|1\n|move|p1b: Gyarados|Waterfall|p2b: Torkoal\n|-supereffective|p2b: Torkoal\n|-damage|p2b: Torkoal|66\/100\n|move|p2b: Torkoal|Yawn|p1b: Gyarados\n|-start|p1b: Gyarados|move: Yawn|[of] p2b: Torkoal\n|\n|-weather|SunnyDay|[upkeep]\n|-heal|p2b: Torkoal|73\/100|[from] item: Leftovers\n|upkeep\n|turn|3\n|\n|t:|1683173918\n|-terastallize|p2a: Roaring Moon|Fire\n|-terastallize|p1a: Dragonite|Fire\n|move|p2a: Roaring Moon|Iron Head|p1a: Dragonite\n|-resisted|p1a: Dragonite\n|-damage|p1a: Dragonite|87\/100\n|cant|p1a: Dragonite|flinch\n|move|p1b: Gyarados|Waterfall|p2a: Roaring Moon\n|-supereffective|p2a: Roaring Moon\n|-damage|p2a: Roaring Moon|47\/100 par\n|move|p2b: Torkoal|Eruption|p1a: Dragonite|[spread] p1a,p1b\n|-resisted|p1a: Dragonite\n|-resisted|p1b: Gyarados\n|-damage|p1a: Dragonite|60\/100\n|-damage|p1b: Gyarados|74\/100\n|\n|-weather|SunnyDay|[upkeep]\n|-heal|p2b: Torkoal|79\/100|[from] item: Leftovers\n|-end|p1b: Gyarados|move: Yawn|[silent]\n|-status|p1b: Gyarados|slp\n|upkeep\n|turn|4\n|\n|t:|1683173957\n|move|p1a: Dragonite|Extreme Speed|p2a: Roaring Moon\n|-damage|p2a: Roaring Moon|14\/100 par\n|move|p2a: Roaring Moon|Tera Blast|p1a: Dragonite\n|-resisted|p1a: Dragonite\n|-damage|p1a: Dragonite|0 fnt\n|faint|p1a: Dragonite\n|cant|p1b: Gyarados|slp\n|move|p2b: Torkoal|Eruption|p1b: Gyarados\n|-resisted|p1b: Gyarados\n|-damage|p1b: Gyarados|37\/100 slp\n|\n|-weather|SunnyDay|[upkeep]\n|-heal|p2b: Torkoal|85\/100|[from] item: Leftovers\n|upkeep\n|\n|t:|1683173971\n|switch|p1a: Goodra|Goodra, L50, M|100\/100\n|turn|5\n|\n|t:|1683173988\n|move|p2a: Roaring Moon|Iron Head|p1a: Goodra\n|-damage|p1a: Goodra|40\/100\n|-ability|p1a: Goodra|Gooey\n|-fail|p2a: Roaring Moon|unboost|[from] item: Clear Amulet|[of] p2a: Roaring Moon\n|cant|p1b: Gyarados|slp\n|cant|p1a: Goodra|flinch\n|move|p2b: Torkoal|Eruption|p1a: Goodra|[spread] p1a,p1b\n|-resisted|p1a: Goodra\n|-resisted|p1b: Gyarados\n|-damage|p1a: Goodra|20\/100\n|-damage|p1b: Gyarados|5\/100 slp\n|-enditem|p1a: Goodra|Mago Berry|[eat]\n|-heal|p1a: Goodra|53\/100|[from] item: Mago Berry\n|\n|-weather|none\n|-end|p2a: Roaring Moon|Protosynthesis\n|-heal|p2b: Torkoal|91\/100|[from] item: Leftovers\n|upkeep\n|turn|6\n|\n|t:|1683174017\n|move|p2a: Roaring Moon|Tera Blast|p1b: Gyarados\n|-resisted|p1b: Gyarados\n|-damage|p1b: Gyarados|0 fnt\n|faint|p1b: Gyarados\n|move|p1a: Goodra|Thunderbolt|p2a: Roaring Moon\n|-damage|p2a: Roaring Moon|0 fnt\n|faint|p2a: Roaring Moon\n|-end|p2a: Roaring Moon|Protosynthesis|[silent]\n|move|p2b: Torkoal|Eruption|p1a: Goodra\n|-resisted|p1a: Goodra\n|-damage|p1a: Goodra|33\/100\n|\n|-heal|p2b: Torkoal|98\/100|[from] item: Leftovers\n|upkeep\n|\n|t:|1683174033\n|switch|p2a: Ursaring|Ursaring, L50, F|100\/100\n|switch|p1b: Orthworm|Orthworm, L50, F, shiny|100\/100\n|turn|7\n|\n|t:|1683174059\n|move|p1b: Orthworm|Protect|p1b: Orthworm\n|-singleturn|p1b: Orthworm|Protect\n|move|p2b: Torkoal|Protect|p2b: Torkoal\n|-singleturn|p2b: Torkoal|Protect\n|move|p1a: Goodra|Tearful Look|p2b: Torkoal\n|-unboost|p2b: Torkoal|atk|1\n|-unboost|p2b: Torkoal|spa|1\n|move|p2a: Ursaring|Yawn|p1b: Orthworm\n|-activate|p1b: Orthworm|move: Protect\n|\n|-heal|p2b: Torkoal|100\/100|[from] item: Leftovers\n|upkeep\n|turn|8\n|\n|t:|1683174078\n|switch|p2b: Flutter Mane|Flutter Mane, L50|100\/100\n|move|p1a: Goodra|Tearful Look|p2b: Flutter Mane\n|-unboost|p2b: Flutter Mane|atk|1\n|-unboost|p2b: Flutter Mane|spa|1\n|move|p1b: Orthworm|Iron Defense|p1b: Orthworm\n|-boost|p1b: Orthworm|def|2\n|move|p2a: Ursaring|Yawn|p1b: Orthworm\n|-start|p1b: Orthworm|move: Yawn|[of] p2a: Ursaring\n|\n|upkeep\n|turn|9\n|\n|t:|1683174109\n|switch|p2a: Torkoal|Torkoal, L50, M|100\/100\n|-weather|SunnyDay|[from] ability: Drought|[of] p2a: Torkoal\n|-activate|p2b: Flutter Mane|ability: Protosynthesis\n|-start|p2b: Flutter Mane|protosynthesisspe\n|move|p2b: Flutter Mane|Shadow Ball|p1b: Orthworm\n|-damage|p1b: Orthworm|50\/100\n|-enditem|p1b: Orthworm|Sitrus Berry|[eat]\n|-heal|p1b: Orthworm|75\/100|[from] item: Sitrus Berry\n|move|p1a: Goodra|Life Dew|p1a: Goodra|[spread] p1a,p1b\n|-heal|p1a: Goodra|58\/100\n|-heal|p1b: Orthworm|99\/100\n|move|p1b: Orthworm|Heavy Slam|p2b: Flutter Mane\n|-supereffective|p2b: Flutter Mane\n|-damage|p2b: Flutter Mane|0 fnt\n|faint|p2b: Flutter Mane\n|-end|p2b: Flutter Mane|Protosynthesis|[silent]\n|\n|-weather|SunnyDay|[upkeep]\n|-end|p1b: Orthworm|move: Yawn|[silent]\n|-status|p1b: Orthworm|slp\n|upkeep\n|\n|t:|1683174124\n|switch|p2b: Ursaring|Ursaring, L50, F|100\/100\n|turn|10\n|\n|t:|1683174178\n|cant|p1b: Orthworm|slp\n|move|p1a: Goodra|Life Dew|p1a: Goodra|[spread] p1a,p1b\n|-heal|p1a: Goodra|83\/100\n|-heal|p1b: Orthworm|100\/100 slp\n|move|p2b: Ursaring|Yawn|p1a: Goodra\n|-start|p1a: Goodra|move: Yawn|[of] p2b: Ursaring\n|move|p2a: Torkoal|Eruption|p1b: Orthworm|[spread] p1a,p1b\n|-resisted|p1a: Goodra\n|-supereffective|p1b: Orthworm\n|-damage|p1a: Goodra|60\/100\n|-damage|p1b: Orthworm|0 fnt\n|faint|p1b: Orthworm\n|\n|-weather|SunnyDay|[upkeep]\n|upkeep\n|turn|11\n|c|\u2606difficultdrugs|gg\n|\n|t:|1683174192\n|move|p2b: Ursaring|Protect|p2b: Ursaring\n|-singleturn|p2b: Ursaring|Protect\n|move|p2a: Torkoal|Protect|p2a: Torkoal\n|-singleturn|p2a: Torkoal|Protect\n|move|p1a: Goodra|Thunderbolt|p2a: Torkoal\n|-activate|p2a: Torkoal|move: Protect\n|\n|-weather|SunnyDay|[upkeep]\n|-end|p1a: Goodra|move: Yawn|[silent]\n|-status|p1a: Goodra|slp\n|upkeep\n|turn|12\n|\n|t:|1683174232\n|cant|p1a: Goodra|slp\n|move|p2b: Ursaring|Facade|p1a: Goodra\n|-damage|p1a: Goodra|29\/100 slp\n|-ability|p1a: Goodra|Gooey\n|-unboost|p2b: Ursaring|spe|1\n|move|p2a: Torkoal|Eruption|p1a: Goodra\n|-resisted|p1a: Goodra\n|-damage|p1a: Goodra|0 fnt\n|faint|p1a: Goodra\n|\n|win|difficultdrugs\n|raw|will2525's rating: 1158 → 1133<\/strong> (-25 for losing)\n|raw|difficultdrugs's rating: 1160 → 1185<\/strong> (+25 for winning)\n|l|\u2606will2525\n","uploadtime":1683174248,"views":6,"p1id":"will2525","p2id":"difficultdrugs","formatid":"gen9vgc2023regulationc","rating":1133,"private":0,"password":""}