{"id":"gen9vgc2023regulationc-1860697726","p1":"Calogre","p2":"As-fly-as-sly","format":"[Gen 9] VGC 2023 Regulation C","log":"|j|\u2606Calogre\n|j|\u2606As-fly-as-sly\n|t:|1683667391\n|gametype|doubles\n|player|p1|Calogre|266|1475\n|player|p2|As-fly-as-sly|102|1382\n|teamsize|p1|6\n|teamsize|p2|6\n|gen|9\n|tier|[Gen 9] VGC 2023 Regulation C\n|rated|\n|rule|Species Clause: Limit one of each Pok\u00e9mon\n|rule|Item Clause: Limit one of each item\n|clearpoke\n|poke|p1|Amoonguss, L50, M|\n|poke|p1|Talonflame, L50, M|\n|poke|p1|Flutter Mane, L50|\n|poke|p1|Great Tusk, L50|\n|poke|p1|Garganacl, L50, M|\n|poke|p1|Torkoal, L50, F|\n|poke|p2|Chien-Pao, L50|\n|poke|p2|Great Tusk, L50|\n|poke|p2|Flutter Mane, L50|\n|poke|p2|Arcanine, L50, M|\n|poke|p2|Iron Bundle, L50|\n|poke|p2|Amoonguss, L50, M|\n|teampreview|4\n|inactive|Battle timer is ON: inactive players will automatically lose when time's up. (requested by Calogre)\n|inactive|Calogre has 60 seconds left.\n|inactive|As-fly-as-sly has 60 seconds left.\n|\n|t:|1683667434\n|start\n|switch|p1a: Garganacl|Garganacl, L50, M|100\/100\n|switch|p1b: Amoonguss|Amoonguss, L50, M|100\/100\n|switch|p2a: Great Tusk|Great Tusk, L50|100\/100\n|switch|p2b: Arcanine|Arcanine, L50, M|100\/100\n|-ability|p2b: Arcanine|Intimidate|boost\n|-unboost|p1a: Garganacl|atk|1\n|-unboost|p1b: Amoonguss|atk|1\n|turn|1\n|inactive|Calogre has 30 seconds left.\n|inactive|As-fly-as-sly has 30 seconds left.\n|\n|t:|1683667465\n|-terastallize|p2b: Arcanine|Flying\n|-terastallize|p1b: Amoonguss|Fire\n|move|p2a: Great Tusk|Earthquake|p1a: Garganacl|[spread] p1a,p1b\n|-immune|p2b: Arcanine\n|-supereffective|p1a: Garganacl\n|-supereffective|p1b: Amoonguss\n|-damage|p1a: Garganacl|56\/100\n|-damage|p1b: Amoonguss|3\/100\n|-enditem|p1b: Amoonguss|Wiki Berry|[eat]\n|-heal|p1b: Amoonguss|36\/100|[from] item: Wiki Berry\n|move|p2b: Arcanine|Flare Blitz|p1b: Amoonguss\n|-resisted|p1b: Amoonguss\n|-damage|p1b: Amoonguss|10\/100\n|-damage|p2b: Arcanine|90\/100|[from] Recoil\n|move|p1a: Garganacl|Salt Cure|p2b: Arcanine\n|-supereffective|p2b: Arcanine\n|-damage|p2b: Arcanine|70\/100\n|-start|p2b: Arcanine|Salt Cure\n|move|p1b: Amoonguss|Spore|p2a: Great Tusk\n|-status|p2a: Great Tusk|slp|[from] move: Spore\n|\n|-heal|p1a: Garganacl|62\/100|[from] item: Leftovers\n|-damage|p2b: Arcanine|57\/100|[from] Salt Cure\n|upkeep\n|turn|2\n|inactive|Calogre has 30 seconds left.\n|inactive|As-fly-as-sly has 30 seconds left.\n|\n|t:|1683667499\n|move|p1b: Amoonguss|Protect|p1b: Amoonguss\n|-singleturn|p1b: Amoonguss|Protect\n|cant|p2a: Great Tusk|slp\n|move|p2b: Arcanine|Flare Blitz|p1b: Amoonguss\n|-activate|p1b: Amoonguss|move: Protect\n|move|p1a: Garganacl|Salt Cure|p2b: Arcanine\n|-supereffective|p2b: Arcanine\n|-damage|p2b: Arcanine|35\/100\n|\n|-heal|p1a: Garganacl|68\/100|[from] item: Leftovers\n|-damage|p2b: Arcanine|22\/100|[from] Salt Cure\n|upkeep\n|turn|3\n|inactive|Calogre has 30 seconds left.\n|\n|t:|1683667524\n|cant|p2a: Great Tusk|slp\n|move|p2b: Arcanine|Flare Blitz|p1b: Amoonguss\n|-resisted|p1b: Amoonguss\n|-damage|p1b: Amoonguss|0 fnt\n|faint|p1b: Amoonguss\n|-damage|p2b: Arcanine|18\/100|[from] Recoil\n|move|p1a: Garganacl|Salt Cure|p2a: Great Tusk\n|-resisted|p2a: Great Tusk\n|-damage|p2a: Great Tusk|99\/100 slp\n|-start|p2a: Great Tusk|Salt Cure\n|\n|-heal|p1a: Garganacl|73\/100|[from] item: Leftovers\n|-damage|p2a: Great Tusk|87\/100 slp|[from] Salt Cure\n|-damage|p2b: Arcanine|6\/100|[from] Salt Cure\n|upkeep\n|\n|t:|1683667539\n|switch|p1b: Flutter Mane|Flutter Mane, L50|100\/100\n|turn|4\n|\n|t:|1683667552\n|move|p1a: Garganacl|Wide Guard|p1a: Garganacl\n|-singleturn|p1a: Garganacl|Wide Guard\n|-curestatus|p2a: Great Tusk|slp|[msg]\n|move|p2a: Great Tusk|Earthquake|p1a: Garganacl|[spread] \n|-activate|p1a: Garganacl|move: Wide Guard\n|-activate|p1b: Flutter Mane|move: Wide Guard\n|-immune|p2b: Arcanine\n|move|p2b: Arcanine|Snarl|p1b: Flutter Mane|[spread] \n|-activate|p1a: Garganacl|move: Wide Guard\n|-activate|p1b: Flutter Mane|move: Wide Guard\n|move|p1b: Flutter Mane|Dazzling Gleam|p2a: Great Tusk|[spread] p2a,p2b\n|-supereffective|p2a: Great Tusk\n|-damage|p2a: Great Tusk|0 fnt\n|-damage|p2b: Arcanine|0 fnt\n|faint|p2a: Great Tusk\n|-end|p2a: Great Tusk|Protosynthesis|[silent]\n|faint|p2b: Arcanine\n|\n|-heal|p1a: Garganacl|79\/100|[from] item: Leftovers\n|upkeep\n|\n|t:|1683667556\n|switch|p2b: Amoonguss|Amoonguss, L50, M|100\/100\n|switch|p2a: Iron Bundle|Iron Bundle, L50|100\/100\n|-enditem|p2a: Iron Bundle|Booster Energy\n|-activate|p2a: Iron Bundle|ability: Quark Drive|[fromitem]\n|-start|p2a: Iron Bundle|quarkdrivespe\n|turn|5\n|inactive|Calogre has 30 seconds left.\n|inactive|Calogre has 20 seconds left.\n|inactive|Calogre has 15 seconds left.\n|inactive|Calogre has 10 seconds left.\n|\n|t:|1683667603\n|move|p2b: Amoonguss|Rage Powder|p2b: Amoonguss\n|-singleturn|p2b: Amoonguss|move: Rage Powder\n|move|p2a: Iron Bundle|Hydro Pump|p1a: Garganacl\n|-supereffective|p1a: Garganacl\n|-damage|p1a: Garganacl|0 fnt\n|faint|p1a: Garganacl\n|move|p1b: Flutter Mane|Dazzling Gleam|p2a: Iron Bundle|[spread] p2a,p2b\n|-resisted|p2b: Amoonguss\n|-damage|p2a: Iron Bundle|37\/100\n|-damage|p2b: Amoonguss|84\/100\n|\n|upkeep\n|\n|t:|1683667613\n|switch|p1a: Great Tusk|Great Tusk, L50|100\/100\n|turn|6\n|\n|t:|1683667624\n|move|p2a: Iron Bundle|Protect|p2a: Iron Bundle\n|-singleturn|p2a: Iron Bundle|Protect\n|move|p1a: Great Tusk|Protect|p1a: Great Tusk\n|-singleturn|p1a: Great Tusk|Protect\n|move|p1b: Flutter Mane|Dazzling Gleam|p2b: Amoonguss|[spread] p2b\n|-activate|p2a: Iron Bundle|move: Protect\n|-resisted|p2b: Amoonguss\n|-damage|p2b: Amoonguss|70\/100\n|move|p2b: Amoonguss|Spore|p1b: Flutter Mane\n|-status|p1b: Flutter Mane|slp|[from] move: Spore\n|\n|upkeep\n|turn|7\n|\n|t:|1683667639\n|move|p2a: Iron Bundle|Hydro Pump|p1a: Great Tusk\n|-supereffective|p1a: Great Tusk\n|-damage|p1a: Great Tusk|0 fnt\n|faint|p1a: Great Tusk\n|-end|p1a: Great Tusk|Protosynthesis|[silent]\n|cant|p1b: Flutter Mane|slp\n|move|p2b: Amoonguss|Pollen Puff|p2a: Iron Bundle\n|-heal|p2a: Iron Bundle|86\/100\n|\n|upkeep\n|turn|8\n|\n|t:|1683667653\n|move|p2a: Iron Bundle|Freeze-Dry|p1b: Flutter Mane\n|-damage|p1b: Flutter Mane|71\/100 slp\n|-curestatus|p1b: Flutter Mane|slp|[msg]\n|move|p1b: Flutter Mane|Dazzling Gleam|p2b: Amoonguss|[spread] p2a,p2b\n|-resisted|p2b: Amoonguss\n|-damage|p2a: Iron Bundle|16\/100\n|-damage|p2b: Amoonguss|54\/100\n|move|p2b: Amoonguss|Pollen Puff|p2a: Iron Bundle\n|-heal|p2a: Iron Bundle|66\/100\n|\n|upkeep\n|turn|9\n|\n|t:|1683667665\n|move|p2a: Iron Bundle|Protect|p2a: Iron Bundle\n|-singleturn|p2a: Iron Bundle|Protect\n|move|p1b: Flutter Mane|Dazzling Gleam|p2b: Amoonguss|[spread] p2b\n|-activate|p2a: Iron Bundle|move: Protect\n|-resisted|p2b: Amoonguss\n|-damage|p2b: Amoonguss|39\/100\n|move|p2b: Amoonguss|Spore|p1b: Flutter Mane\n|-status|p1b: Flutter Mane|slp|[from] move: Spore\n|\n|upkeep\n|turn|10\n|c|\u2606Calogre|Ggwp\n|c|\u2606As-fly-as-sly|gg\n|-message|Calogre forfeited.\n|\n|win|As-fly-as-sly\n|raw|Calogre's rating: 1475 → 1450<\/strong> (-25 for losing)\n|raw|As-fly-as-sly's rating: 1382 → 1407<\/strong> (+25 for winning)\n|l|\u2606Calogre\n|l|\u2606As-fly-as-sly\n|j|\u2606As-fly-as-sly\n|player|p2|As-fly-as-sly|102\n","uploadtime":1683667682,"views":28,"p1id":"calogre","p2id":"asflyassly","formatid":"gen9vgc2023regulationc","rating":1407,"private":0,"password":""}