{"id":"gen9vgc2023regulationc-1851154621","p1":"Irdiasil","p2":"howay025","format":"[Gen 9] VGC 2023 Regulation C","log":"|j|\u2606Irdiasil\n|j|\u2606howay025\n|t:|1682418046\n|gametype|doubles\n|player|p1|Irdiasil|roark|1105\n|player|p2|howay025|cynthia-gen4|1188\n|teamsize|p1|6\n|teamsize|p2|6\n|gen|9\n|tier|[Gen 9] VGC 2023 Regulation C\n|rated|\n|rule|Species Clause: Limit one of each Pok\u00e9mon\n|rule|Item Clause: Limit one of each item\n|clearpoke\n|poke|p1|Kingambit, L50, F|\n|poke|p1|Ceruledge, L50, F|\n|poke|p1|Quaquaval, L50, F|\n|poke|p1|Amoonguss, L50, M|\n|poke|p1|Hydreigon, L50, M|\n|poke|p1|Klefki, L50, F|\n|poke|p2|Amoonguss, L50, F|\n|poke|p2|Baxcalibur, L50, M|\n|poke|p2|Palafin, L50, M|\n|poke|p2|Flutter Mane, L50|\n|poke|p2|Arcanine, L50, M|\n|poke|p2|Chien-Pao, L50|\n|teampreview|4\n|inactive|Battle timer is ON: inactive players will automatically lose when time's up. (requested by Irdiasil)\n|\n|t:|1682418076\n|start\n|switch|p1a: Amoonguss|Amoonguss, L50, M|100\/100\n|switch|p1b: Kingambit|Kingambit, L50, F|100\/100\n|switch|p2a: Palafin|Palafin, L50, M|100\/100\n|switch|p2b: Arcanine|Arcanine, L50, M, shiny|100\/100\n|-ability|p2b: Arcanine|Intimidate|boost\n|-unboost|p1a: Amoonguss|atk|1\n|-unboost|p1b: Kingambit|atk|1\n|-ability|p1b: Kingambit|Defiant|boost\n|-boost|p1b: Kingambit|atk|2\n|turn|1\n|\n|t:|1682418089\n|detailschange|p2a: Palafin|Palafin-Hero, L50, M\n|switch|p2a: Amoonguss|Amoonguss, L50, F|100\/100\n|-terastallize|p1a: Amoonguss|Dark\n|move|p1a: Amoonguss|Rage Powder|p1a: Amoonguss\n|-singleturn|p1a: Amoonguss|move: Rage Powder\n|move|p2b: Arcanine|Will-O-Wisp|p1b: Kingambit\n|-status|p1b: Kingambit|brn\n|move|p1b: Kingambit|Kowtow Cleave|p2b: Arcanine\n|-damage|p2b: Arcanine|56\/100\n|\n|-damage|p1b: Kingambit|95\/100 brn|[from] brn\n|upkeep\n|turn|2\n|\n|t:|1682418110\n|move|p2b: Arcanine|Protect|p2b: Arcanine\n|-singleturn|p2b: Arcanine|Protect\n|move|p1a: Amoonguss|Protect|p1a: Amoonguss\n|-singleturn|p1a: Amoonguss|Protect\n|move|p1b: Kingambit|Kowtow Cleave|p2b: Arcanine\n|-activate|p2b: Arcanine|move: Protect\n|move|p2a: Amoonguss|Spore|p1a: Amoonguss\n|-activate|p1a: Amoonguss|move: Protect\n|\n|-damage|p1b: Kingambit|89\/100 brn|[from] brn\n|upkeep\n|turn|3\n|\n|t:|1682418127\n|move|p2b: Arcanine|Flare Blitz|p1b: Kingambit\n|-supereffective|p1b: Kingambit\n|-damage|p1b: Kingambit|14\/100 brn\n|-damage|p2b: Arcanine|29\/100|[from] Recoil\n|move|p1b: Kingambit|Kowtow Cleave|p2b: Arcanine\n|-damage|p2b: Arcanine|0 fnt\n|faint|p2b: Arcanine\n|move|p2a: Amoonguss|Spore|p1a: Amoonguss\n|-status|p1a: Amoonguss|slp|[from] move: Spore\n|cant|p1a: Amoonguss|slp\n|\n|-damage|p1b: Kingambit|8\/100 brn|[from] brn\n|upkeep\n|\n|t:|1682418140\n|switch|p2b: Palafin|Palafin-Hero, L50, M|100\/100\n|-activate|p2b: Palafin|ability: Zero to Hero\n|turn|4\n|\n|t:|1682418153\n|move|p2b: Palafin|Jet Punch|p1b: Kingambit\n|-damage|p1b: Kingambit|0 fnt\n|faint|p1b: Kingambit\n|move|p2a: Amoonguss|Pollen Puff|p1a: Amoonguss\n|-supereffective|p1a: Amoonguss\n|-damage|p1a: Amoonguss|76\/100 slp\n|cant|p1a: Amoonguss|slp\n|\n|upkeep\n|\n|t:|1682418158\n|switch|p1b: Ceruledge|Ceruledge, L50, F|100\/100\n|turn|5\n|\n|t:|1682418174\n|-terastallize|p2a: Amoonguss|Water\n|move|p2a: Amoonguss|Rage Powder|p2a: Amoonguss\n|-singleturn|p2a: Amoonguss|move: Rage Powder\n|move|p1b: Ceruledge|Bitter Blade|p2a: Amoonguss\n|-resisted|p2a: Amoonguss\n|-damage|p2a: Amoonguss|81\/100\n|move|p2b: Palafin|Wave Crash|p1b: Ceruledge\n|-supereffective|p1b: Ceruledge\n|-damage|p1b: Ceruledge|0 fnt\n|faint|p1b: Ceruledge\n|-damage|p2b: Palafin|76\/100|[from] Recoil\n|-curestatus|p1a: Amoonguss|slp|[msg]\n|move|p1a: Amoonguss|Spore|p2a: Amoonguss\n|-status|p2a: Amoonguss|slp|[from] move: Spore\n|\n|upkeep\n|\n|t:|1682418185\n|switch|p1b: Quaquaval|Quaquaval, L50, F|100\/100\n|turn|6\n|\n|t:|1682418198\n|move|p1b: Quaquaval|Close Combat|p2a: Amoonguss\n|-damage|p2a: Amoonguss|14\/100 slp\n|-unboost|p1b: Quaquaval|def|1\n|-unboost|p1b: Quaquaval|spd|1\n|-enditem|p2a: Amoonguss|Sitrus Berry|[eat]\n|-heal|p2a: Amoonguss|39\/100 slp|[from] item: Sitrus Berry\n|-damage|p1b: Quaquaval|91\/100|[from] item: Life Orb\n|move|p2b: Palafin|Substitute|p2b: Palafin\n|-start|p2b: Palafin|Substitute\n|-damage|p2b: Palafin|52\/100\n|move|p1a: Amoonguss|Spore||[still]\n|-fail|p1a: Amoonguss\n|cant|p2a: Amoonguss|slp\n|\n|upkeep\n|turn|7\n|\n|t:|1682418218\n|-curestatus|p2a: Amoonguss|slp|[msg]\n|move|p2a: Amoonguss|Protect|p2a: Amoonguss\n|-singleturn|p2a: Amoonguss|Protect\n|move|p1a: Amoonguss|Rage Powder|p1a: Amoonguss\n|-singleturn|p1a: Amoonguss|move: Rage Powder\n|move|p1b: Quaquaval|Close Combat|p2a: Amoonguss\n|-activate|p2a: Amoonguss|move: Protect\n|move|p2b: Palafin|Wave Crash|p1a: Amoonguss\n|-damage|p1a: Amoonguss|0 fnt\n|faint|p1a: Amoonguss\n|-damage|p2b: Palafin|25\/100|[from] Recoil\n|\n|upkeep\n|turn|8\n|-message|Irdiasil forfeited.\n|\n|win|howay025\n|raw|Irdiasil's rating: 1105 → 1086<\/strong> (-19 for losing)\n|raw|howay025's rating: 1188 → 1207<\/strong> (+19 for winning)\n|l|\u2606Irdiasil\n","uploadtime":1682418237,"views":12,"p1id":"irdiasil","p2id":"howay025","formatid":"gen9vgc2023regulationc","rating":1086,"private":0,"password":""}