{"id":"gen9vgc2023regulationc-1858515108","p1":"WillieDangerously","p2":"Accio97","format":"[Gen 9] VGC 2023 Regulation C","log":"|j|\u2606WillieDangerously\n|j|\u2606Accio97\n|t:|1683320191\n|gametype|doubles\n|player|p1|WillieDangerously|psychic-gen4|1116\n|player|p2|Accio97|lucas|1134\n|teamsize|p1|6\n|teamsize|p2|6\n|gen|9\n|tier|[Gen 9] VGC 2023 Regulation C\n|rated|\n|rule|Species Clause: Limit one of each Pok\u00e9mon\n|rule|Item Clause: Limit one of each item\n|clearpoke\n|poke|p1|Chien-Pao, L50|\n|poke|p1|Amoonguss, L50, M|\n|poke|p1|Palafin, L50, M|\n|poke|p1|Dragapult, L50, F|\n|poke|p1|Scream Tail, L50|\n|poke|p1|Arcanine, L50, F|\n|poke|p2|Roaring Moon, L50|\n|poke|p2|Florges-Blue, L50, F|\n|poke|p2|Oranguru, L50, F|\n|poke|p2|Talonflame, L50, F|\n|poke|p2|Rotom-Wash, L50|\n|poke|p2|Maushold, L50|\n|teampreview|4\n|inactive|Battle timer is ON: inactive players will automatically lose when time's up. (requested by Accio97)\n|\n|t:|1683320256\n|start\n|switch|p1a: Scream Tail|Scream Tail, L50|100\/100\n|switch|p1b: Palafin|Palafin, L50, M|100\/100\n|switch|p2a: Roaring Moon|Roaring Moon, L50, shiny|100\/100\n|switch|p2b: Florges|Florges-Blue, L50, F|100\/100\n|-enditem|p2a: Roaring Moon|Booster Energy\n|-activate|p2b: Florges|ability: Symbiosis|Life Orb|[of] p2a: Roaring Moon\n|-activate|p2a: Roaring Moon|ability: Protosynthesis|[fromitem]\n|-start|p2a: Roaring Moon|protosynthesisatk\n|-enditem|p1a: Scream Tail|Booster Energy\n|-activate|p1a: Scream Tail|ability: Protosynthesis|[fromitem]\n|-start|p1a: Scream Tail|protosynthesisspe\n|turn|1\n|inactive|WillieDangerously has 30 seconds left.\n|inactive|Accio97 has 30 seconds left.\n|inactive|Accio97 has 20 seconds left.\n|\n|t:|1683320292\n|detailschange|p1b: Palafin|Palafin-Hero, L50, M\n|switch|p1b: Arcanine|Arcanine, L50, F|100\/100\n|-ability|p1b: Arcanine|Intimidate|boost\n|-unboost|p2a: Roaring Moon|atk|1\n|-unboost|p2b: Florges|atk|1\n|move|p2b: Florges|Protect|p2b: Florges\n|-singleturn|p2b: Florges|Protect\n|move|p1a: Scream Tail|Thunder Wave|p2a: Roaring Moon\n|-status|p2a: Roaring Moon|par\n|move|p2a: Roaring Moon|Earthquake|p1a: Scream Tail|[spread] p1a,p1b\n|-activate|p2b: Florges|move: Protect\n|-supereffective|p1b: Arcanine\n|-damage|p1a: Scream Tail|78\/100\n|-damage|p1b: Arcanine|16\/100\n|-damage|p2a: Roaring Moon|90\/100 par|[from] item: Life Orb\n|\n|upkeep\n|turn|2\n|inactive|Accio97 has 30 seconds left.\n|inactive|Accio97 has 20 seconds left.\n|inactive|Accio97 has 15 seconds left.\n|\n|t:|1683320334\n|switch|p2b: Talonflame|Talonflame, L50, F|100\/100\n|move|p2a: Roaring Moon|Protect|p2a: Roaring Moon\n|-singleturn|p2a: Roaring Moon|Protect\n|move|p1a: Scream Tail|Play Rough|p2a: Roaring Moon\n|-activate|p2a: Roaring Moon|move: Protect\n|move|p1b: Arcanine|Iron Head|p2b: Talonflame\n|-resisted|p2b: Talonflame\n|-damage|p2b: Talonflame|82\/100\n|\n|upkeep\n|turn|3\n|inactive|WillieDangerously has 30 seconds left.\n|inactive|Accio97 has 30 seconds left.\n|inactive|WillieDangerously has 20 seconds left.\n|inactive|WillieDangerously has 15 seconds left.\n|inactive|WillieDangerously has 10 seconds left.\n|\n|t:|1683320380\n|-terastallize|p2a: Roaring Moon|Ground\n|move|p1b: Arcanine|Extreme Speed|p2b: Talonflame\n|-damage|p2b: Talonflame|47\/100\n|move|p1a: Scream Tail|Play Rough|p2a: Roaring Moon\n|-damage|p2a: Roaring Moon|60\/100 par\n|move|p2b: Talonflame|Tailwind|p2b: Talonflame\n|-sidestart|p2: Accio97|move: Tailwind\n|move|p2a: Roaring Moon|Earthquake|p1a: Scream Tail|[spread] p1a,p1b\n|-immune|p2b: Talonflame\n|-supereffective|p1b: Arcanine\n|-damage|p1a: Scream Tail|46\/100\n|-damage|p1b: Arcanine|0 fnt\n|faint|p1b: Arcanine\n|-damage|p2a: Roaring Moon|50\/100 par|[from] item: Life Orb\n|\n|upkeep\n|\n|t:|1683320388\n|switch|p1b: Palafin|Palafin-Hero, L50, M|100\/100\n|-activate|p1b: Palafin|ability: Zero to Hero\n|turn|4\n|\n|t:|1683320407\n|move|p1b: Palafin|Protect|p1b: Palafin\n|-singleturn|p1b: Palafin|Protect\n|move|p2b: Talonflame|Quick Guard|p2b: Talonflame\n|-singleturn|p2b: Talonflame|Quick Guard\n|move|p1a: Scream Tail|Howl|p1a: Scream Tail|[spread] p1a,p1b\n|-boost|p1a: Scream Tail|atk|1\n|-boost|p1b: Palafin|atk|1\n|move|p2a: Roaring Moon|Rock Slide|p1b: Palafin|[spread] p1a\n|-activate|p1b: Palafin|move: Protect\n|-crit|p1a: Scream Tail\n|-damage|p1a: Scream Tail|8\/100\n|-damage|p2a: Roaring Moon|40\/100 par|[from] item: Life Orb\n|\n|upkeep\n|turn|5\n|inactive|WillieDangerously has 30 seconds left.\n|inactive|Accio97 has 30 seconds left.\n|\n|t:|1683320441\n|move|p2a: Roaring Moon|Protect|p2a: Roaring Moon\n|-singleturn|p2a: Roaring Moon|Protect\n|move|p2b: Talonflame|Will-O-Wisp|p1b: Palafin\n|-status|p1b: Palafin|brn\n|move|p1a: Scream Tail|Play Rough|p2a: Roaring Moon\n|-activate|p2a: Roaring Moon|move: Protect\n|move|p1b: Palafin|Wave Crash|p2b: Talonflame\n|-supereffective|p2b: Talonflame\n|-damage|p2b: Talonflame|0 fnt\n|faint|p2b: Talonflame\n|-damage|p1b: Palafin|88\/100 brn|[from] Recoil\n|\n|-damage|p1b: Palafin|82\/100 brn|[from] brn\n|upkeep\n|\n|t:|1683320465\n|switch|p2b: Florges|Florges-Blue, L50, F|100\/100\n|turn|6\n|\n|t:|1683320485\n|-end|p2a: Roaring Moon|Protosynthesis|[silent]\n|switch|p2a: Maushold|Maushold, L50, shiny|100\/100\n|move|p1b: Palafin|Protect|p1b: Palafin\n|-singleturn|p1b: Palafin|Protect\n|move|p1a: Scream Tail|Howl|p1a: Scream Tail|[spread] p1a,p1b\n|-boost|p1a: Scream Tail|atk|1\n|-boost|p1b: Palafin|atk|1\n|move|p2b: Florges|Dazzling Gleam|p1a: Scream Tail|[spread] p1a\n|-activate|p1b: Palafin|move: Protect\n|-damage|p1a: Scream Tail|0 fnt\n|faint|p1a: Scream Tail\n|-end|p1a: Scream Tail|Protosynthesis|[silent]\n|\n|-damage|p1b: Palafin|76\/100 brn|[from] brn\n|-sideend|p2: Accio97|move: Tailwind\n|upkeep\n|\n|t:|1683320503\n|switch|p1a: Dragapult|Dragapult, L50, F|100\/100\n|turn|7\n|\n|t:|1683320527\n|-terastallize|p1a: Dragapult|Ghost\n|move|p1a: Dragapult|Dragon Darts|p2a: Maushold\n|-damage|p2a: Maushold|67\/100\n|-anim|p1a: Dragapult|Dragon Darts|p2a: Maushold\n|-damage|p2a: Maushold|34\/100\n|-enditem|p2a: Maushold|Sitrus Berry|[eat]\n|-heal|p2a: Maushold|59\/100|[from] item: Sitrus Berry\n|move|p2a: Maushold|Thunder Wave|p1a: Dragapult\n|-status|p1a: Dragapult|par\n|move|p1b: Palafin|Wave Crash|p2b: Florges\n|-damage|p2b: Florges|51\/100\n|-damage|p1b: Palafin|61\/100 brn|[from] Recoil\n|move|p2b: Florges|Wish|p2b: Florges\n|\n|-damage|p1b: Palafin|55\/100 brn|[from] brn\n|upkeep\n|turn|8\n|inactive|WillieDangerously has 30 seconds left.\n|inactive|Accio97 has 30 seconds left.\n|inactive|Accio97 has 20 seconds left.\n|\n|t:|1683320564\n|switch|p2b: Roaring Moon|Roaring Moon, L50, shiny, tera:Ground|40\/100 par\n|move|p2a: Maushold|Follow Me|p2a: Maushold\n|-singleturn|p2a: Maushold|move: Follow Me\n|move|p1b: Palafin|Close Combat|p2a: Maushold\n|-supereffective|p2a: Maushold\n|-damage|p2a: Maushold|0 fnt\n|-unboost|p1b: Palafin|def|1\n|-unboost|p1b: Palafin|spd|1\n|-enditem|p1b: Palafin|White Herb\n|-clearnegativeboost|p1b: Palafin|[silent]\n|faint|p2a: Maushold\n|move|p1a: Dragapult|Tera Blast|p2b: Roaring Moon\n|-damage|p2b: Roaring Moon|0 fnt\n|faint|p2b: Roaring Moon\n|-end|p2b: Roaring Moon|Protosynthesis|[silent]\n|\n|-damage|p1b: Palafin|49\/100 brn|[from] brn\n|upkeep\n|\n|t:|1683320579\n|switch|p2b: Florges|Florges-Blue, L50, F|51\/100\n|turn|9\n|-message|Accio97 forfeited.\n|\n|win|WillieDangerously\n|raw|WillieDangerously's rating: 1116 → 1142<\/strong> (+26 for winning)\n|raw|Accio97's rating: 1134 → 1108<\/strong> (-26 for losing)\n|l|\u2606Accio97\n","uploadtime":1683320593,"views":6,"p1id":"williedangerously","p2id":"accio97","formatid":"gen9vgc2023regulationc","rating":1108,"private":0,"password":""}