{"id":"gen9vgc2023regulationc-1847332745","p1":"Sbradyb","p2":"Federic_0","format":"[Gen 9] VGC 2023 Regulation C","log":"|j|\u2606Sbradyb\n|j|\u2606Federic_0\n|t:|1681939395\n|gametype|doubles\n|player|p1|Sbradyb|169|1324\n|player|p2|Federic_0|ghetsis|1429\n|teamsize|p1|6\n|teamsize|p2|6\n|gen|9\n|tier|[Gen 9] VGC 2023 Regulation C\n|rated|\n|rule|Species Clause: Limit one of each Pok\u00e9mon\n|rule|Item Clause: Limit one of each item\n|clearpoke\n|poke|p1|Tatsugiri, L50, M|\n|poke|p1|Dondozo, L50, F|\n|poke|p1|Flutter Mane, L50|\n|poke|p1|Ting-Lu, L50|\n|poke|p1|Gholdengo, L50|\n|poke|p1|Dragonite, L50, M|\n|poke|p2|Baxcalibur, L50, M|\n|poke|p2|Ting-Lu, L50|\n|poke|p2|Chi-Yu, L50|\n|poke|p2|Gyarados, L50, M|\n|poke|p2|Amoonguss, L50, M|\n|poke|p2|Flutter Mane, L50|\n|teampreview|4\n|inactive|Battle timer is ON: inactive players will automatically lose when time's up. (requested by Sbradyb)\nFederic_0 has agreed to open team sheets.\n|inactive|Sbradyb has 60 seconds left.\n|inactive|Federic_0 has 60 seconds left.\n|\n|t:|1681939446\n|start\n|switch|p1a: Flutter Mane|Flutter Mane, L50|100\/100\n|switch|p1b: Gholdengo|Gholdengo, L50|100\/100\n|switch|p2a: Gyarados|Gyarados, L50, M|100\/100\n|switch|p2b: Flutter Mane|Flutter Mane, L50|100\/100\n|-ability|p2a: Gyarados|Intimidate|boost\n|-unboost|p1a: Flutter Mane|atk|1\n|-unboost|p1b: Gholdengo|atk|1\n|-enditem|p1a: Flutter Mane|Booster Energy\n|-activate|p1a: Flutter Mane|ability: Protosynthesis|[fromitem]\n|-start|p1a: Flutter Mane|protosynthesisspe\n|-enditem|p2b: Flutter Mane|Booster Energy\n|-activate|p2b: Flutter Mane|ability: Protosynthesis|[fromitem]\n|-start|p2b: Flutter Mane|protosynthesisspa\n|turn|1\n|inactive|Sbradyb has 30 seconds left.\n|\n|t:|1681939477\n|move|p2b: Flutter Mane|Protect|p2b: Flutter Mane\n|-singleturn|p2b: Flutter Mane|Protect\n|move|p1a: Flutter Mane|Icy Wind|p2a: Gyarados|[spread] p2a\n|-activate|p2b: Flutter Mane|move: Protect\n|-crit|p2a: Gyarados\n|-damage|p2a: Gyarados|83\/100\n|-unboost|p2a: Gyarados|spe|1\n|move|p1b: Gholdengo|Make It Rain|p2a: Gyarados|[spread] p2a\n|-activate|p2b: Flutter Mane|move: Protect\n|-resisted|p2a: Gyarados\n|-damage|p2a: Gyarados|54\/100\n|-unboost|p1b: Gholdengo|spa|1\n|move|p2a: Gyarados|Thunder Wave|p1a: Flutter Mane\n|-status|p1a: Flutter Mane|par\n|\n|upkeep\n|turn|2\n|inactive|Federic_0 has 30 seconds left.\n|\n|t:|1681939502\n|-terastallize|p2b: Flutter Mane|Fairy\n|move|p2b: Flutter Mane|Shadow Ball|p1b: Gholdengo\n|-supereffective|p1b: Gholdengo\n|-damage|p1b: Gholdengo|0 fnt\n|faint|p1b: Gholdengo\n|move|p1a: Flutter Mane|Icy Wind|p2a: Gyarados|[spread] p2a,p2b\n|-damage|p2a: Gyarados|43\/100\n|-damage|p2b: Flutter Mane|88\/100\n|-unboost|p2a: Gyarados|spe|1\n|-unboost|p2b: Flutter Mane|spe|1\n|-enditem|p2a: Gyarados|Sitrus Berry|[eat]\n|-heal|p2a: Gyarados|68\/100|[from] item: Sitrus Berry\n|move|p2a: Gyarados|Waterfall|p1a: Flutter Mane\n|-damage|p1a: Flutter Mane|40\/100 par\n|\n|upkeep\n|\n|t:|1681939514\n|switch|p1b: Dondozo|Dondozo, L50, F|100\/100\n|turn|3\n|\n|t:|1681939527\n|switch|p2a: Amoonguss|Amoonguss, L50, M, shiny|100\/100\n|move|p2b: Flutter Mane|Protect|p2b: Flutter Mane\n|-singleturn|p2b: Flutter Mane|Protect\n|move|p1a: Flutter Mane|Shadow Ball|p2a: Amoonguss\n|-damage|p2a: Amoonguss|70\/100\n|move|p1b: Dondozo|Heavy Slam|p2b: Flutter Mane\n|-activate|p2b: Flutter Mane|move: Protect\n|\n|upkeep\n|turn|4\n|\n|t:|1681939548\n|-end|p2b: Flutter Mane|Protosynthesis|[silent]\n|switch|p2b: Gyarados|Gyarados, L50, M|68\/100\n|-ability|p2b: Gyarados|Intimidate|boost\n|-unboost|p1a: Flutter Mane|atk|1\n|-unboost|p1b: Dondozo|atk|1\n|-terastallize|p1b: Dondozo|Grass\n|move|p1a: Flutter Mane|Shadow Ball|p2a: Amoonguss\n|-damage|p2a: Amoonguss|36\/100\n|move|p1b: Dondozo|Heavy Slam|p2b: Gyarados\n|-resisted|p2b: Gyarados\n|-damage|p2b: Gyarados|63\/100\n|move|p2a: Amoonguss|Spore|p1b: Dondozo\n|-immune|p1b: Dondozo\n|\n|upkeep\n|turn|5\n|inactive|Federic_0 has 30 seconds left.\n|\n|t:|1681939578\n|cant|p1a: Flutter Mane|par\n|move|p2b: Gyarados|Thunder Wave|p1b: Dondozo\n|-status|p1b: Dondozo|par\n|move|p2a: Amoonguss|Pollen Puff|p2b: Gyarados\n|-heal|p2b: Gyarados|100\/100\n|move|p1b: Dondozo|Liquidation|p2a: Amoonguss\n|-resisted|p2a: Amoonguss\n|-damage|p2a: Amoonguss|24\/100\n|-enditem|p2a: Amoonguss|Wiki Berry|[eat]\n|-heal|p2a: Amoonguss|58\/100|[from] item: Wiki Berry\n|\n|upkeep\n|turn|6\n|\n|t:|1681939598\n|cant|p1a: Flutter Mane|par\n|move|p2b: Gyarados|Waterfall|p1a: Flutter Mane\n|-damage|p1a: Flutter Mane|0 fnt\n|faint|p1a: Flutter Mane\n|-end|p1a: Flutter Mane|Protosynthesis|[silent]\n|move|p2a: Amoonguss|Pollen Puff|p1b: Dondozo\n|-supereffective|p1b: Dondozo\n|-damage|p1b: Dondozo|71\/100 par\n|move|p1b: Dondozo|Liquidation|p2a: Amoonguss\n|-resisted|p2a: Amoonguss\n|-damage|p2a: Amoonguss|46\/100\n|\n|-heal|p1b: Dondozo|78\/100 par|[from] item: Leftovers\n|upkeep\n|\n|t:|1681939603\n|switch|p1a: Dragonite|Dragonite, L50, M|100\/100\n|turn|7\n|\n|t:|1681939618\n|move|p1a: Dragonite|Extreme Speed|p2a: Amoonguss\n|-damage|p2a: Amoonguss|11\/100\n|move|p2a: Amoonguss|Rage Powder|p2a: Amoonguss\n|-singleturn|p2a: Amoonguss|move: Rage Powder\n|move|p2b: Gyarados|Icy Wind|p1a: Dragonite|[spread] p1a,p1b\n|-supereffective|p1a: Dragonite\n|-supereffective|p1b: Dondozo\n|-damage|p1a: Dragonite|87\/100\n|-damage|p1b: Dondozo|68\/100 par\n|-unboost|p1a: Dragonite|spe|1\n|-unboost|p1b: Dondozo|spe|1\n|move|p1b: Dondozo|Yawn|p2b: Gyarados\n|-start|p2b: Gyarados|move: Yawn|[of] p1b: Dondozo\n|\n|-heal|p1b: Dondozo|75\/100 par|[from] item: Leftovers\n|upkeep\n|turn|8\n|inactive|Sbradyb has 30 seconds left.\n|\n|t:|1681939648\n|switch|p2b: Flutter Mane|Flutter Mane, L50, tera:Fairy|88\/100\n|move|p1a: Dragonite|Extreme Speed|p2a: Amoonguss\n|-damage|p2a: Amoonguss|0 fnt\n|faint|p2a: Amoonguss\n|move|p1b: Dondozo|Heavy Slam|p2b: Flutter Mane\n|-supereffective|p2b: Flutter Mane\n|-damage|p2b: Flutter Mane|4\/100\n|\n|-heal|p1b: Dondozo|81\/100 par|[from] item: Leftovers\n|upkeep\n|\n|t:|1681939662\n|switch|p2a: Gyarados|Gyarados, L50, M|100\/100\n|-ability|p2a: Gyarados|Intimidate|boost\n|-unboost|p1a: Dragonite|atk|1\n|-unboost|p1b: Dondozo|atk|1\n|turn|9\n|\n|t:|1681939668\n|move|p2b: Flutter Mane|Protect|p2b: Flutter Mane\n|-singleturn|p2b: Flutter Mane|Protect\n|move|p1a: Dragonite|Extreme Speed|p2a: Gyarados\n|-damage|p2a: Gyarados|75\/100\n|move|p2a: Gyarados|Icy Wind|p1a: Dragonite|[spread] p1a,p1b\n|-supereffective|p1a: Dragonite\n|-supereffective|p1b: Dondozo\n|-damage|p1a: Dragonite|61\/100\n|-damage|p1b: Dondozo|71\/100 par\n|-unboost|p1a: Dragonite|spe|1\n|-unboost|p1b: Dondozo|spe|1\n|cant|p1b: Dondozo|par\n|\n|-heal|p1b: Dondozo|77\/100 par|[from] item: Leftovers\n|upkeep\n|turn|10\n|\n|t:|1681939687\n|move|p1a: Dragonite|Extreme Speed|p2b: Flutter Mane\n|-damage|p2b: Flutter Mane|0 fnt\n|faint|p2b: Flutter Mane\n|-end|p2b: Flutter Mane|Protosynthesis|[silent]\n|move|p2a: Gyarados|Thunder Wave|p1a: Dragonite\n|-status|p1a: Dragonite|par\n|move|p1b: Dondozo|Yawn|p2a: Gyarados\n|-start|p2a: Gyarados|move: Yawn|[of] p1b: Dondozo\n|\n|-heal|p1b: Dondozo|83\/100 par|[from] item: Leftovers\n|upkeep\n|\n|t:|1681939697\n|switch|p2b: Chi-Yu|Chi-Yu, L50|100\/100\n|-ability|p2b: Chi-Yu|Beads of Ruin\n|turn|11\n|\n|t:|1681939705\n|move|p1a: Dragonite|Extreme Speed|p2b: Chi-Yu\n|-crit|p2b: Chi-Yu\n|-enditem|p2b: Chi-Yu|Focus Sash\n|-damage|p2b: Chi-Yu|1\/100\n|move|p2b: Chi-Yu|Heat Wave|p1b: Dondozo|[spread] p1a,p1b\n|-resisted|p1a: Dragonite\n|-supereffective|p1b: Dondozo\n|-damage|p1a: Dragonite|34\/100 par\n|-damage|p1b: Dondozo|8\/100 par\n|move|p2a: Gyarados|Taunt|p1b: Dondozo\n|-start|p1b: Dondozo|move: Taunt\n|cant|p1b: Dondozo|par\n|\n|-heal|p1b: Dondozo|14\/100 par|[from] item: Leftovers\n|-end|p2a: Gyarados|move: Yawn|[silent]\n|-status|p2a: Gyarados|slp\n|upkeep\n|turn|12\n|\n|t:|1681939726\n|move|p2b: Chi-Yu|Protect|p2b: Chi-Yu\n|-singleturn|p2b: Chi-Yu|Protect\n|move|p1a: Dragonite|Extreme Speed|p2b: Chi-Yu\n|-activate|p2b: Chi-Yu|move: Protect\n|cant|p2a: Gyarados|slp\n|move|p1b: Dondozo|Liquidation|p2a: Gyarados\n|-resisted|p2a: Gyarados\n|-damage|p2a: Gyarados|65\/100 slp\n|\n|-heal|p1b: Dondozo|20\/100 par|[from] item: Leftovers\n|upkeep\n|turn|13\n|\n|t:|1681939743\n|move|p1a: Dragonite|Extreme Speed|p2b: Chi-Yu\n|-damage|p2b: Chi-Yu|0 fnt\n|faint|p2b: Chi-Yu\n|cant|p2a: Gyarados|slp\n|move|p1b: Dondozo|Liquidation|p2a: Gyarados\n|-resisted|p2a: Gyarados\n|-damage|p2a: Gyarados|55\/100 slp\n|-unboost|p2a: Gyarados|def|1\n|\n|-heal|p1b: Dondozo|26\/100 par|[from] item: Leftovers\n|-end|p1b: Dondozo|move: Taunt\n|upkeep\n|turn|14\n|\n|t:|1681939761\n|cant|p1a: Dragonite|par\n|-curestatus|p2a: Gyarados|slp|[msg]\n|move|p2a: Gyarados|Icy Wind|p1b: Dondozo|[spread] p1a,p1b\n|-supereffective|p1a: Dragonite\n|-supereffective|p1b: Dondozo\n|-damage|p1a: Dragonite|10\/100 par\n|-damage|p1b: Dondozo|17\/100 par\n|-unboost|p1a: Dragonite|spe|1\n|-unboost|p1b: Dondozo|spe|1\n|move|p1b: Dondozo|Yawn|p2a: Gyarados\n|-start|p2a: Gyarados|move: Yawn|[of] p1b: Dondozo\n|\n|-heal|p1b: Dondozo|23\/100 par|[from] item: Leftovers\n|upkeep\n|turn|15\n|\n|t:|1681939777\n|move|p1b: Dondozo|Protect|p1b: Dondozo\n|-singleturn|p1b: Dondozo|Protect\n|move|p1a: Dragonite|Extreme Speed|p2a: Gyarados\n|-damage|p2a: Gyarados|15\/100\n|move|p2a: Gyarados|Icy Wind|p1a: Dragonite|[spread] p1a\n|-activate|p1b: Dondozo|move: Protect\n|-supereffective|p1a: Dragonite\n|-damage|p1a: Dragonite|0 fnt\n|faint|p1a: Dragonite\n|\n|-heal|p1b: Dondozo|30\/100 par|[from] item: Leftovers\n|-end|p2a: Gyarados|move: Yawn|[silent]\n|-status|p2a: Gyarados|slp\n|upkeep\n|turn|16\n|\n|t:|1681939791\n|cant|p2a: Gyarados|slp\n|move|p1b: Dondozo|Liquidation|p2a: Gyarados\n|-resisted|p2a: Gyarados\n|-damage|p2a: Gyarados|3\/100 slp\n|\n|-heal|p1b: Dondozo|36\/100 par|[from] item: Leftovers\n|upkeep\n|turn|17\n|\n|t:|1681939797\n|-curestatus|p2a: Gyarados|slp|[msg]\n|move|p2a: Gyarados|Waterfall|p1b: Dondozo\n|-resisted|p1b: Dondozo\n|-damage|p1b: Dondozo|24\/100 par\n|cant|p1b: Dondozo|par\n|\n|-heal|p1b: Dondozo|30\/100 par|[from] item: Leftovers\n|upkeep\n|turn|18\n|\n|t:|1681939808\n|move|p2a: Gyarados|Waterfall|p1b: Dondozo\n|-resisted|p1b: Dondozo\n|-damage|p1b: Dondozo|19\/100 par\n|move|p1b: Dondozo|Liquidation|p2a: Gyarados\n|-resisted|p2a: Gyarados\n|-damage|p2a: Gyarados|0 fnt\n|faint|p2a: Gyarados\n|\n|win|Sbradyb\n|raw|Sbradyb's rating: 1324 → 1350<\/strong> (+26 for winning)\n|raw|Federic_0's rating: 1429 → 1403<\/strong> (-26 for losing)\n|l|\u2606Federic_0\n","uploadtime":1681939825,"views":6,"p1id":"sbradyb","p2id":"federic0","formatid":"gen9vgc2023regulationc","rating":1350,"private":0,"password":""}