{"id":"gen9vgc2023regulationc-1850471416","p1":"zzzhhh01","p2":"Umbre test","format":"[Gen 9] VGC 2023 Regulation C","log":"|j|\u2606zzzhhh01\n|j|\u2606Umbre test\n|t:|1682340506\n|gametype|doubles\n|player|p1|zzzhhh01|101|1141\n|player|p2|Umbre test|unknown|1236\n|teamsize|p1|6\n|teamsize|p2|6\n|gen|9\n|tier|[Gen 9] VGC 2023 Regulation C\n|rated|\n|rule|Species Clause: Limit one of each Pok\u00e9mon\n|rule|Item Clause: Limit one of each item\n|clearpoke\n|poke|p1|Scream Tail, L50|\n|poke|p1|Flutter Mane, L50|\n|poke|p1|Gothitelle, L50, F|\n|poke|p1|Amoonguss, L50, F|\n|poke|p1|Palafin, L50, F|\n|poke|p1|Ting-Lu, L50|\n|poke|p2|Dondozo, L50, F|\n|poke|p2|Tatsugiri-Stretchy, L50, F|\n|poke|p2|Glimmora, L50, M|\n|poke|p2|Dragonite, L50, F|\n|poke|p2|Chien-Pao, L50|\n|poke|p2|Ceruledge, L50, F|\n|teampreview|4\n|\n|t:|1682340536\n|start\n|switch|p1a: Scream Tail|Scream Tail, L50, shiny|100\/100\n|switch|p1b: Flutter Mane|Flutter Mane, L50|100\/100\n|switch|p2a: Chien-Pao|Chien-Pao, L50|100\/100\n|switch|p2b: Dondozo|Dondozo, L50, F|100\/100\n|-ability|p2a: Chien-Pao|Sword of Ruin\n|-enditem|p1a: Scream Tail|Booster Energy\n|-activate|p1a: Scream Tail|ability: Protosynthesis|[fromitem]\n|-start|p1a: Scream Tail|protosynthesisspe\n|turn|1\n|\n|t:|1682340565\n|move|p1b: Flutter Mane|Protect|p1b: Flutter Mane\n|-singleturn|p1b: Flutter Mane|Protect\n|move|p2b: Dondozo|Protect|p2b: Dondozo\n|-singleturn|p2b: Dondozo|Protect\n|move|p1a: Scream Tail|Light Screen|p1a: Scream Tail\n|-sidestart|p1: zzzhhh01|move: Light Screen\n|move|p2a: Chien-Pao|Ice Spinner|p1b: Flutter Mane\n|-activate|p1b: Flutter Mane|move: Protect\n|\n|upkeep\n|turn|2\n|\n|t:|1682340579\n|-end|p1b: Flutter Mane|Protosynthesis|[silent]\n|switch|p1b: Gothitelle|Gothitelle, L50, F|100\/100\n|move|p1a: Scream Tail|Perish Song|p1a: Scream Tail\n|-start|p1a: Scream Tail|perish3|[silent]\n|-start|p1b: Gothitelle|perish3|[silent]\n|-start|p2a: Chien-Pao|perish3|[silent]\n|-start|p2b: Dondozo|perish3|[silent]\n|-fieldactivate|move: Perish Song\n|move|p2a: Chien-Pao|Ice Spinner|p1b: Gothitelle\n|-damage|p1b: Gothitelle|45\/100\n|-enditem|p1b: Gothitelle|Sitrus Berry|[eat]\n|-heal|p1b: Gothitelle|69\/100|[from] item: Sitrus Berry\n|move|p2b: Dondozo|Wave Crash|p1b: Gothitelle\n|-damage|p1b: Gothitelle|15\/100\n|-damage|p2b: Dondozo|87\/100|[from] Recoil\n|\n|-heal|p2b: Dondozo|93\/100|[from] item: Leftovers\n|-start|p1a: Scream Tail|perish3\n|-start|p2a: Chien-Pao|perish3\n|-start|p1b: Gothitelle|perish3\n|-start|p2b: Dondozo|perish3\n|upkeep\n|turn|3\n|\n|t:|1682340613\n|move|p1b: Gothitelle|Protect|p1b: Gothitelle\n|-singleturn|p1b: Gothitelle|Protect\n|move|p1a: Scream Tail|Play Rough|p2a: Chien-Pao\n|-supereffective|p2a: Chien-Pao\n|-damage|p2a: Chien-Pao|31\/100\n|move|p2a: Chien-Pao|Ice Spinner|p1a: Scream Tail\n|-damage|p1a: Scream Tail|56\/100\n|move|p2b: Dondozo|Wave Crash|p1a: Scream Tail\n|-damage|p1a: Scream Tail|8\/100\n|-damage|p2b: Dondozo|79\/100|[from] Recoil\n|\n|-heal|p2b: Dondozo|85\/100|[from] item: Leftovers\n|-start|p1a: Scream Tail|perish2\n|-start|p2a: Chien-Pao|perish2\n|-start|p1b: Gothitelle|perish2\n|-start|p2b: Dondozo|perish2\n|upkeep\n|turn|4\n|\n|t:|1682340634\n|move|p2a: Chien-Pao|Protect|p2a: Chien-Pao\n|-singleturn|p2a: Chien-Pao|Protect\n|move|p1b: Gothitelle|Fake Out||[still]\n|-hint|Fake Out only works on your first turn out.\n|-fail|p1b: Gothitelle\n|move|p1a: Scream Tail|Play Rough|p2a: Chien-Pao\n|-activate|p2a: Chien-Pao|move: Protect\n|move|p2b: Dondozo|Earthquake|p1a: Scream Tail|[spread] p1a,p1b\n|-activate|p2a: Chien-Pao|move: Protect\n|-damage|p1a: Scream Tail|0 fnt\n|-damage|p1b: Gothitelle|0 fnt\n|faint|p1a: Scream Tail\n|-end|p1a: Scream Tail|Protosynthesis|[silent]\n|faint|p1b: Gothitelle\n|\n|-heal|p2b: Dondozo|91\/100|[from] item: Leftovers\n|-start|p2a: Chien-Pao|perish1\n|-start|p2b: Dondozo|perish1\n|upkeep\n|\n|t:|1682340651\n|switch|p1a: Flutter Mane|Flutter Mane, L50|100\/100\n|switch|p1b: Ting-Lu|Ting-Lu, L50|100\/100\n|-ability|p1b: Ting-Lu|Vessel of Ruin\n|turn|5\n|\n|t:|1682340665\n|switch|p2a: Tatsugiri|Tatsugiri-Stretchy, L50, F|100\/100\n|-activate|p2a: Tatsugiri|ability: Commander|[of] p2b: Dondozo\n|-boost|p2b: Dondozo|atk|2\n|-boost|p2b: Dondozo|spa|2\n|-boost|p2b: Dondozo|spe|2\n|-boost|p2b: Dondozo|def|2\n|-boost|p2b: Dondozo|spd|2\n|move|p1a: Flutter Mane|Protect|p1a: Flutter Mane\n|-singleturn|p1a: Flutter Mane|Protect\n|move|p2b: Dondozo|Wave Crash|p1b: Ting-Lu\n|-supereffective|p1b: Ting-Lu\n|-damage|p1b: Ting-Lu|0 fnt\n|faint|p1b: Ting-Lu\n|-damage|p2b: Dondozo|58\/100|[from] Recoil\n|\n|-heal|p2b: Dondozo|64\/100|[from] item: Leftovers\n|-start|p2b: Dondozo|perish0\n|-sideend|p1: zzzhhh01|move: Light Screen\n|faint|p2b: Dondozo\n|upkeep\n|\n|t:|1682340677\n|switch|p2b: Ceruledge|Ceruledge, L50, F|100\/100\n|turn|6\n|\n|t:|1682340690\n|-terastallize|p2a: Tatsugiri|Steel\n|-terastallize|p1a: Flutter Mane|Steel\n|move|p2b: Ceruledge|Shadow Sneak|p1a: Flutter Mane\n|-damage|p1a: Flutter Mane|55\/100\n|move|p2a: Tatsugiri|Tera Blast|p1a: Flutter Mane\n|-resisted|p1a: Flutter Mane\n|-damage|p1a: Flutter Mane|35\/100\n|move|p1a: Flutter Mane|Shadow Ball|p2b: Ceruledge\n|-supereffective|p2b: Ceruledge\n|-damage|p2b: Ceruledge|21\/100\n|\n|upkeep\n|turn|7\n|\n|t:|1682340706\n|move|p2b: Ceruledge|Shadow Sneak|p1a: Flutter Mane\n|-damage|p1a: Flutter Mane|0 fnt\n|faint|p1a: Flutter Mane\n|-end|p1a: Flutter Mane|Protosynthesis|[silent]\n|\n|win|Umbre test\n|raw|zzzhhh01's rating: 1141 → 1123<\/strong> (-18 for losing)\n|raw|Umbre test's rating: 1236 → 1254<\/strong> (+18 for winning)\n|l|\u2606zzzhhh01\n|l|\u2606Umbre test\n|j|\u2606Umbre test\n|player|p2|Umbre test|unknown\n","uploadtime":1682340806,"views":20,"p1id":"zzzhhh01","p2id":"umbretest","formatid":"gen9vgc2023regulationc","rating":1123,"private":0,"password":""}