{"id":"gen9vgc2023regulationc-1852720853","p1":"Rickinch","p2":"Ricardo Randorez","format":"[Gen 9] VGC 2023 Regulation C","log":"|j|\u2606Rickinch\n|j|\u2606Ricardo Randorez\n|t:|1682600178\n|gametype|doubles\n|player|p1|Rickinch|102|1131\n|player|p2|Ricardo Randorez|265|1176\n|teamsize|p1|6\n|teamsize|p2|6\n|gen|9\n|tier|[Gen 9] VGC 2023 Regulation C\n|rated|\n|rule|Species Clause: Limit one of each Pok\u00e9mon\n|rule|Item Clause: Limit one of each item\n|clearpoke\n|poke|p1|Kilowattrel, L50, M|\n|poke|p1|Tyranitar, L50, M|\n|poke|p1|Great Tusk, L50|\n|poke|p1|Gholdengo, L50|\n|poke|p1|Lycanroc, L50, F|\n|poke|p1|Gastrodon-East, L50, F|\n|poke|p2|Ting-Lu, L50|\n|poke|p2|Scream Tail, L50|\n|poke|p2|Iron Hands, L50|\n|poke|p2|Arcanine, L50, M|\n|poke|p2|Amoonguss, L50, F|\n|poke|p2|Annihilape, L50, M|\n|teampreview|4\n|inactive|Battle timer is ON: inactive players will automatically lose when time's up. (requested by Ricardo Randorez)\n|l|\u2606Ricardo Randorez\n|inactive|Ricardo Randorez disconnected and has a minute to reconnect!\n|player|p2|\n|\n|t:|1682600219\n|start\n|switch|p1a: Kilowattrel|Kilowattrel, L50, M|100\/100\n|switch|p1b: Gholdengo|Gholdengo, L50|100\/100\n|switch|p2a: Scream Tail|Scream Tail, L50|100\/100\n|switch|p2b: Annihilape|Annihilape, L50, M|100\/100\n|turn|1\n|j|\u2606Ricardo Randorez\n|inactive|Ricardo Randorez reconnected and has 50 seconds left.\n|player|p2|Ricardo Randorez|265\n|\n|t:|1682600241\n|-terastallize|p2b: Annihilape|Fire\n|move|p1a: Kilowattrel|Tailwind|p1a: Kilowattrel\n|-sidestart|p1: Rickinch|move: Tailwind\n|move|p1b: Gholdengo|Nasty Plot|p1b: Gholdengo\n|-boost|p1b: Gholdengo|spa|2\n|move|p2b: Annihilape|Bulk Up|p2b: Annihilape\n|-boost|p2b: Annihilape|atk|1\n|-boost|p2b: Annihilape|def|1\n|move|p2a: Scream Tail|Trick Room|p2a: Scream Tail\n|-fieldstart|move: Trick Room|[of] p2a: Scream Tail\n|\n|upkeep\n|turn|2\n|l|\u2606Ricardo Randorez\n|inactive|Ricardo Randorez disconnected and has a minute to reconnect!\n|player|p2|\n|j|\u2606Ricardo Randorez\n|inactive|Ricardo Randorez reconnected and has 45 seconds left.\n|player|p2|Ricardo Randorez|265\n|inactive|Rickinch has 30 seconds left.\n|\n|t:|1682600266\n|switch|p1a: Tyranitar|Tyranitar, L50, M|100\/100\n|-weather|Sandstorm|[from] ability: Sand Stream|[of] p1a: Tyranitar\n|move|p2b: Annihilape|Rage Fist|p1b: Gholdengo\n|-supereffective|p1b: Gholdengo\n|-damage|p1b: Gholdengo|37\/100\n|move|p2a: Scream Tail|Light Screen|p2a: Scream Tail\n|-sidestart|p2: Ricardo Randorez|move: Light Screen\n|move|p1b: Gholdengo|Shadow Ball|p2b: Annihilape\n|-damage|p2b: Annihilape|38\/100\n|-damage|p1b: Gholdengo|27\/100|[from] item: Life Orb\n|\n|-weather|Sandstorm|[upkeep]\n|-damage|p2b: Annihilape|32\/100|[from] Sandstorm\n|-damage|p2a: Scream Tail|95\/100|[from] Sandstorm\n|-heal|p2b: Annihilape|38\/100|[from] item: Leftovers\n|upkeep\n|turn|3\n|inactive|Rickinch has 30 seconds left.\n|inactive|Ricardo Randorez has 30 seconds left.\n|inactive|Ricardo Randorez has 20 seconds left.\n|\n|t:|1682600302\n|-terastallize|p1a: Tyranitar|Flying\n|move|p2b: Annihilape|Protect|p2b: Annihilape\n|-singleturn|p2b: Annihilape|Protect\n|move|p1b: Gholdengo|Protect|p1b: Gholdengo\n|-singleturn|p1b: Gholdengo|Protect\n|move|p2a: Scream Tail|Reflect|p2a: Scream Tail\n|-sidestart|p2: Ricardo Randorez|Reflect\n|move|p1a: Tyranitar|Rock Slide|p2b: Annihilape|[spread] p2a\n|-activate|p2b: Annihilape|move: Protect\n|-crit|p2a: Scream Tail\n|-damage|p2a: Scream Tail|53\/100\n|\n|-weather|Sandstorm|[upkeep]\n|-damage|p2b: Annihilape|32\/100|[from] Sandstorm\n|-damage|p2a: Scream Tail|47\/100|[from] Sandstorm\n|-damage|p1a: Tyranitar|95\/100|[from] Sandstorm\n|-heal|p2b: Annihilape|38\/100|[from] item: Leftovers\n|upkeep\n|turn|4\n|inactive|Rickinch has 30 seconds left.\n|\n|t:|1682600334\n|switch|p1b: Lycanroc|Lycanroc, L50, F|100\/100\n|move|p2b: Annihilape|Rage Fist|p1a: Tyranitar\n|-damage|p1a: Tyranitar|28\/100\n|move|p2a: Scream Tail|Play Rough|p1b: Lycanroc\n|-damage|p1b: Lycanroc|60\/100\n|move|p1a: Tyranitar|Rock Slide|p2b: Annihilape|[spread] p2a\n|-miss|p1a: Tyranitar|p2b: Annihilape\n|-damage|p2a: Scream Tail|30\/100\n|\n|-weather|Sandstorm|[upkeep]\n|-damage|p2b: Annihilape|32\/100|[from] Sandstorm\n|-damage|p2a: Scream Tail|24\/100|[from] Sandstorm\n|-damage|p1a: Tyranitar|22\/100|[from] Sandstorm\n|-heal|p2b: Annihilape|38\/100|[from] item: Leftovers\n|-sideend|p1: Rickinch|move: Tailwind\n|upkeep\n|turn|5\n|inactive|Rickinch has 30 seconds left.\n|inactive|Ricardo Randorez has 30 seconds left.\n|inactive|Rickinch has 20 seconds left.\n|inactive|Ricardo Randorez has 20 seconds left.\n|inactive|Ricardo Randorez has 15 seconds left.\n|inactive|Ricardo Randorez has 10 seconds left.\n|\n|t:|1682600380\n|-end|p2a: Scream Tail|Protosynthesis|[silent]\n|switch|p2a: Ting-Lu|Ting-Lu, L50|100\/100\n|-ability|p2a: Ting-Lu|Vessel of Ruin\n|switch|p1b: Gholdengo|Gholdengo, L50|27\/100\n|move|p2b: Annihilape|Protect|p2b: Annihilape\n|-singleturn|p2b: Annihilape|Protect\n|move|p1a: Tyranitar|Rock Slide|p2a: Ting-Lu|[spread] p2a\n|-activate|p2b: Annihilape|move: Protect\n|-resisted|p2a: Ting-Lu\n|-damage|p2a: Ting-Lu|95\/100\n|\n|-weather|Sandstorm|[upkeep]\n|-damage|p1a: Tyranitar|16\/100|[from] Sandstorm\n|-damage|p2b: Annihilape|32\/100|[from] Sandstorm\n|-heal|p2b: Annihilape|38\/100|[from] item: Leftovers\n|-fieldend|move: Trick Room\n|upkeep\n|turn|6\n|inactive|Ricardo Randorez has 30 seconds left.\n|\n|t:|1682600410\n|move|p2b: Annihilape|Rage Fist|p1a: Tyranitar\n|-damage|p1a: Tyranitar|0 fnt\n|faint|p1a: Tyranitar\n|move|p1b: Gholdengo|Shadow Ball|p2b: Annihilape\n|-damage|p2b: Annihilape|17\/100\n|-damage|p1b: Gholdengo|18\/100|[from] item: Life Orb\n|move|p2a: Ting-Lu|Stomping Tantrum|p1b: Gholdengo\n|-supereffective|p1b: Gholdengo\n|-damage|p1b: Gholdengo|0 fnt\n|faint|p1b: Gholdengo\n|\n|-weather|none\n|-heal|p2b: Annihilape|23\/100|[from] item: Leftovers\n|upkeep\n|\n|t:|1682600423\n|switch|p1b: Lycanroc|Lycanroc, L50, F|60\/100\n|switch|p1a: Kilowattrel|Kilowattrel, L50, M|100\/100\n|turn|7\n|inactive|Ricardo Randorez has 30 seconds left.\n|\n|t:|1682600448\n|switch|p2a: Amoonguss|Amoonguss, L50, F|100\/100\n|move|p1b: Lycanroc|Endure|p1b: Lycanroc\n|-singleturn|p1b: Lycanroc|move: Endure\n|move|p2b: Annihilape|Protect|p2b: Annihilape\n|-singleturn|p2b: Annihilape|Protect\n|move|p1a: Kilowattrel|Thunderbolt|p2b: Annihilape\n|-activate|p2b: Annihilape|move: Protect\n|\n|-heal|p2b: Annihilape|29\/100|[from] item: Leftovers\n|upkeep\n|turn|8\n|-message|Rickinch forfeited.\n|\n|win|Ricardo Randorez\n|raw|Rickinch's rating: 1131 → 1109<\/strong> (-22 for losing)\n|raw|Ricardo Randorez's rating: 1176 → 1198<\/strong> (+22 for winning)\n|l|\u2606Rickinch\n","uploadtime":1682600467,"views":11,"p1id":"rickinch","p2id":"ricardorandorez","formatid":"gen9vgc2023regulationc","rating":1109,"private":0,"password":""}