{"id":"gen9vgc2023regulationc-1848480665","p1":"goatmilkin3d","p2":"MarioOnPS4","format":"[Gen 9] VGC 2023 Regulation C","log":"|j|\u2606goatmilkin3d\n|j|\u2606MarioOnPS4\n|t:|1682082946\n|gametype|doubles\n|player|p1|goatmilkin3d|swimmer|1216\n|player|p2|MarioOnPS4|102|1312\n|teamsize|p1|6\n|teamsize|p2|6\n|gen|9\n|tier|[Gen 9] VGC 2023 Regulation C\n|rated|\n|rule|Species Clause: Limit one of each Pok\u00e9mon\n|rule|Item Clause: Limit one of each item\n|clearpoke\n|poke|p1|Ceruledge, L50, M|\n|poke|p1|Kingambit, L50, F|\n|poke|p1|Hawlucha, L50, F|\n|poke|p1|Ting-Lu, L50|\n|poke|p1|Grafaiai, L50, F|\n|poke|p1|Sableye, L50, M|\n|poke|p2|Ting-Lu, L50|\n|poke|p2|Orthworm, L50, F|\n|poke|p2|Palafin, L50, M|\n|poke|p2|Iron Hands, L50|\n|poke|p2|Arcanine, L50, F|\n|poke|p2|Gothitelle, L50, M|\n|teampreview|4\n|inactive|Battle timer is ON: inactive players will automatically lose when time's up. (requested by MarioOnPS4)\n|inactive|goatmilkin3d also wants the timer to be on.\n|inactive|MarioOnPS4 has 60 seconds left.\n|\n|t:|1682083003\n|start\n|switch|p1a: Grafaiai|Grafaiai, L50, F|100\/100\n|switch|p1b: Hawlucha|Hawlucha, L50, F|100\/100\n|switch|p2a: Palafin|Palafin, L50, M|100\/100\n|switch|p2b: Arcanine|Arcanine, L50, F|100\/100\n|-ability|p2b: Arcanine|Intimidate|boost\n|-unboost|p1a: Grafaiai|atk|1\n|-unboost|p1b: Hawlucha|atk|1\n|turn|1\n|inactive|goatmilkin3d has 30 seconds left.\n|inactive|goatmilkin3d has 20 seconds left.\n|inactive|goatmilkin3d has 15 seconds left.\n|\n|t:|1682083044\n|detailschange|p2a: Palafin|Palafin-Hero, L50, M\n|switch|p2a: Iron Hands|Iron Hands, L50|100\/100\n|move|p1a: Grafaiai|Swagger|p2b: Arcanine\n|-boost|p2b: Arcanine|atk|2\n|-enditem|p1b: Hawlucha|Mirror Herb\n|-boost|p1b: Hawlucha|atk|2|[from] item: Mirror Herb\n|-start|p2b: Arcanine|confusion\n|move|p1b: Hawlucha|Close Combat|p2a: Iron Hands\n|-crit|p2a: Iron Hands\n|-damage|p2a: Iron Hands|12\/100\n|-unboost|p1b: Hawlucha|def|1\n|-unboost|p1b: Hawlucha|spd|1\n|-activate|p2b: Arcanine|confusion\n|move|p2b: Arcanine|Will-O-Wisp|p1b: Hawlucha\n|-status|p1b: Hawlucha|brn\n|\n|-heal|p2a: Iron Hands|18\/100|[from] item: Leftovers\n|-damage|p1b: Hawlucha|95\/100 brn|[from] brn\n|upkeep\n|turn|2\n|inactive|goatmilkin3d has 30 seconds left.\n|inactive|MarioOnPS4 has 30 seconds left.\n|\n|t:|1682083086\n|move|p1b: Hawlucha|Protect|p1b: Hawlucha\n|-singleturn|p1b: Hawlucha|Protect\n|move|p1a: Grafaiai|Gunk Shot|p2a: Iron Hands\n|-damage|p2a: Iron Hands|0 fnt\n|faint|p2a: Iron Hands\n|-end|p2a: Iron Hands|Quark Drive|[silent]\n|-activate|p2b: Arcanine|confusion\n|move|p2b: Arcanine|Flare Blitz|p1a: Grafaiai\n|-damage|p1a: Grafaiai|0 fnt\n|-damage|p2b: Arcanine|84\/100|[from] item: Rocky Helmet|[of] p1a: Grafaiai\n|faint|p1a: Grafaiai\n|-damage|p2b: Arcanine|56\/100|[from] Recoil\n|\n|-damage|p1b: Hawlucha|89\/100 brn|[from] brn\n|upkeep\n|\n|t:|1682083097\n|switch|p1a: Ting-Lu|Ting-Lu, L50|100\/100\n|switch|p2a: Palafin|Palafin-Hero, L50, M|100\/100\n|-activate|p2a: Palafin|ability: Zero to Hero\n|-ability|p1a: Ting-Lu|Vessel of Ruin\n|turn|3\n|\n|t:|1682083115\n|-terastallize|p1b: Hawlucha|Fire\n|move|p2a: Palafin|Jet Punch|p1b: Hawlucha\n|-supereffective|p1b: Hawlucha\n|-damage|p1b: Hawlucha|0 fnt\n|faint|p1b: Hawlucha\n|-activate|p2b: Arcanine|confusion\n|-damage|p2b: Arcanine|35\/100|[from] confusion\n|move|p1a: Ting-Lu|Earthquake|p2a: Palafin|[spread] p2a,p2b\n|-supereffective|p2b: Arcanine\n|-damage|p2a: Palafin|72\/100\n|-damage|p2b: Arcanine|0 fnt\n|faint|p2b: Arcanine\n|\n|upkeep\n|\n|t:|1682083125\n|switch|p1b: Kingambit|Kingambit, L50, F|100\/100\n|switch|p2b: Orthworm|Orthworm, L50, F|100\/100\n|turn|4\n|\n|t:|1682083145\n|-terastallize|p2a: Palafin|Water\n|move|p2b: Orthworm|Helping Hand|p2a: Palafin\n|-singleturn|p2a: Palafin|Helping Hand|[of] p2b: Orthworm\n|move|p1a: Ting-Lu|Protect|p1a: Ting-Lu\n|-singleturn|p1a: Ting-Lu|Protect\n|move|p2a: Palafin|Wave Crash|p1b: Kingambit\n|-damage|p1b: Kingambit|0 fnt\n|faint|p1b: Kingambit\n|-damage|p2a: Palafin|40\/100|[from] Recoil\n|\n|upkeep\n|turn|5\n|-message|goatmilkin3d forfeited.\n|\n|win|MarioOnPS4\n|raw|goatmilkin3d's rating: 1216 → 1198<\/strong> (-18 for losing)\n|raw|MarioOnPS4's rating: 1312 → 1327<\/strong> (+15 for winning)\n|l|\u2606goatmilkin3d\n","uploadtime":1682083162,"views":14,"p1id":"goatmilkin3d","p2id":"marioonps4","formatid":"gen9vgc2023regulationc","rating":1198,"private":0,"password":""}