{"id":"gen9vgc2023regulationc-1860252086","p1":"ryanogiggs11","p2":"finiro","format":"[Gen 9] VGC 2023 Regulation C","log":"|j|\u2606ryanogiggs11\n|j|\u2606finiro\n|t:|1683619205\n|gametype|doubles\n|player|p1|ryanogiggs11|dawn|\n|player|p2|finiro|gambler|\n|teamsize|p1|6\n|teamsize|p2|6\n|gen|9\n|tier|[Gen 9] VGC 2023 Regulation C\n|rule|Species Clause: Limit one of each Pok\u00e9mon\n|rule|Item Clause: Limit one of each item\n|clearpoke\n|poke|p1|Torkoal, L50, F|\n|poke|p1|Lilligant, L50, F|\n|poke|p1|Oranguru, L50, M|\n|poke|p1|Hatterene, L50, F|\n|poke|p1|Dragonite, L50, F|\n|poke|p1|Great Tusk, L50|\n|poke|p2|Klefki, L50, F|\n|poke|p2|Kingambit, L50, M|\n|poke|p2|Gothorita, L50, M|\n|poke|p2|Scizor, L50, F|\n|poke|p2|Iron Bundle, L50|\n|poke|p2|Arcanine, L50, F|\n|teampreview|4\n|c|\u2606ryanogiggs11|g2\n|\n|t:|1683619660\n|start\n|switch|p1a: Torkoal|Torkoal, L50, F|100\/100\n|switch|p1b: Lilligant|Lilligant, L50, F, shiny|100\/100\n|switch|p2a: Klefki|Klefki, L50, F|100\/100\n|switch|p2b: Scizor|Scizor, L50, F|100\/100\n|-weather|SunnyDay|[from] ability: Drought|[of] p1a: Torkoal\n|turn|1\n|\n|t:|1683619685\n|move|p2a: Klefki|Rain Dance|p2a: Klefki\n|-weather|RainDance\n|move|p2b: Scizor|Bullet Punch|p1b: Lilligant\n|-damage|p1b: Lilligant|18\/100\n|move|p1b: Lilligant|Sleep Powder|p2a: Klefki\n|-status|p2a: Klefki|slp|[from] move: Sleep Powder\n|move|p1a: Torkoal|Eruption|p2a: Klefki|[spread] p2a,p2b\n|-supereffective|p2a: Klefki\n|-supereffective|p2b: Scizor\n|-damage|p2a: Klefki|55\/100 slp\n|-damage|p2b: Scizor|0 fnt\n|faint|p2b: Scizor\n|\n|-weather|RainDance|[upkeep]\n|upkeep\n|\n|t:|1683619703\n|switch|p2b: Arcanine|Arcanine, L50, F|100\/100\n|-ability|p2b: Arcanine|Intimidate|boost\n|-fail|p1a: Torkoal|unboost|[from] item: Clear Amulet|[of] p1a: Torkoal\n|-unboost|p1b: Lilligant|atk|1\n|turn|2\n|\n|t:|1683619718\n|-terastallize|p2b: Arcanine|Water\n|cant|p2a: Klefki|slp\n|move|p2b: Arcanine|Tera Blast|p1a: Torkoal\n|-supereffective|p1a: Torkoal\n|-damage|p1a: Torkoal|15\/100\n|move|p1b: Lilligant|Sunny Day|p1b: Lilligant\n|-weather|SunnyDay\n|move|p1a: Torkoal|Earth Power|p2b: Arcanine\n|-damage|p2b: Arcanine|79\/100\n|\n|-weather|SunnyDay|[upkeep]\n|upkeep\n|turn|3\n|\n|t:|1683619736\n|move|p2b: Arcanine|Extreme Speed|p1a: Torkoal\n|-damage|p1a: Torkoal|0 fnt\n|faint|p1a: Torkoal\n|-curestatus|p2a: Klefki|slp|[msg]\n|move|p2a: Klefki|Rain Dance|p2a: Klefki\n|-weather|RainDance\n|move|p1b: Lilligant|Leaf Storm|p2b: Arcanine|[miss]\n|-miss|p1b: Lilligant|p2b: Arcanine\n|\n|-weather|RainDance|[upkeep]\n|upkeep\n|c|\u2606finiro|damn\n|c|\u2606ryanogiggs11|it happens\n|\n|t:|1683619776\n|switch|p1a: Dragonite|Dragonite, L50, F, shiny|100\/100\n|turn|4\n|\n|t:|1683619793\n|-terastallize|p1a: Dragonite|Normal\n|move|p2b: Arcanine|Extreme Speed|p1b: Lilligant\n|-damage|p1b: Lilligant|0 fnt\n|faint|p1b: Lilligant\n|move|p1a: Dragonite|Extreme Speed|p2b: Arcanine\n|-damage|p2b: Arcanine|0 fnt\n|faint|p2b: Arcanine\n|move|p2a: Klefki|Reflect|p2a: Klefki\n|-sidestart|p2: finiro|Reflect\n|\n|-weather|RainDance|[upkeep]\n|upkeep\n|\n|t:|1683619804\n|switch|p1b: Great Tusk|Great Tusk, L50|100\/100\n|switch|p2b: Iron Bundle|Iron Bundle, L50|100\/100\n|-enditem|p2b: Iron Bundle|Booster Energy\n|-activate|p2b: Iron Bundle|ability: Quark Drive|[fromitem]\n|-start|p2b: Iron Bundle|quarkdrivespa\n|turn|5\n|j| jayballester\n|\n|t:|1683619848\n|move|p2b: Iron Bundle|Protect|p2b: Iron Bundle\n|-singleturn|p2b: Iron Bundle|Protect\n|move|p1a: Dragonite|Extreme Speed|p2b: Iron Bundle\n|-activate|p2b: Iron Bundle|move: Protect\n|move|p1b: Great Tusk|Earthquake|p2a: Klefki|[spread] p1a,p2a\n|-activate|p2b: Iron Bundle|move: Protect\n|-supereffective|p2a: Klefki\n|-damage|p1a: Dragonite|61\/100\n|-damage|p2a: Klefki|0 fnt\n|faint|p2a: Klefki\n|\n|-weather|RainDance|[upkeep]\n|upkeep\n|turn|6\n|\n|t:|1683619866\n|move|p1a: Dragonite|Extreme Speed|p2b: Iron Bundle\n|-damage|p2b: Iron Bundle|46\/100\n|move|p2b: Iron Bundle|Hydro Pump|p1a: Dragonite\n|-damage|p1a: Dragonite|0 fnt\n|faint|p1a: Dragonite\n|move|p1b: Great Tusk|Close Combat|p2b: Iron Bundle\n|-supereffective|p2b: Iron Bundle\n|-crit|p2b: Iron Bundle\n|-damage|p2b: Iron Bundle|0 fnt\n|-unboost|p1b: Great Tusk|def|1\n|-unboost|p1b: Great Tusk|spd|1\n|faint|p2b: Iron Bundle\n|-end|p2b: Iron Bundle|Quark Drive|[silent]\n|\n|win|ryanogiggs11\n|c|\u2606ryanogiggs11|gg!\n|c|\u2606finiro|gg\n","uploadtime":1683620326,"views":14,"p1id":"ryanogiggs11","p2id":"finiro","formatid":"gen9vgc2023regulationc","rating":0,"private":0,"password":""}