{"id":"gen9vgc2023regulationc-1849237665","p1":"MidianVGC","p2":"Hacker tumbleweed","format":"[Gen 9] VGC 2023 Regulation C","log":"|j|\u2606MidianVGC\n|j|\u2606Hacker tumbleweed\n|t:|1682176374\n|gametype|doubles\n|player|p1|MidianVGC|2|1077\n|player|p2|Hacker tumbleweed|silver|1049\n|teamsize|p1|6\n|teamsize|p2|6\n|gen|9\n|tier|[Gen 9] VGC 2023 Regulation C\n|rated|\n|rule|Species Clause: Limit one of each Pok\u00e9mon\n|rule|Item Clause: Limit one of each item\n|clearpoke\n|poke|p1|Grimmsnarl, L50, M|\n|poke|p1|Chi-Yu, L50|\n|poke|p1|Gyarados, L50, M|\n|poke|p1|Flutter Mane, L50|\n|poke|p1|Iron Bundle, L50|\n|poke|p1|Brute Bonnet, L50|\n|poke|p2|Dondozo, L50, M|\n|poke|p2|Tatsugiri-Droopy, L50, F|\n|poke|p2|Gothitelle, L50, F|\n|poke|p2|Rabsca, L50, M|\n|poke|p2|Arcanine, L50, M|\n|poke|p2|Jumpluff, L50, F|\n|teampreview|4\n|\n|t:|1682176399\n|start\n|switch|p1a: Grimmsnarl|Grimmsnarl, L50, M, shiny|100\/100\n|switch|p1b: Iron Bundle|Iron Bundle, L50, shiny|100\/100\n|switch|p2a: Arcanine|Arcanine, L50, M|100\/100\n|switch|p2b: Jumpluff|Jumpluff, L50, F|100\/100\n|-ability|p2a: Arcanine|Intimidate|boost\n|-unboost|p1a: Grimmsnarl|atk|1\n|-unboost|p1b: Iron Bundle|atk|1\n|-enditem|p1b: Iron Bundle|Booster Energy\n|-activate|p1b: Iron Bundle|ability: Quark Drive|[fromitem]\n|-start|p1b: Iron Bundle|quarkdrivespe\n|turn|1\n|\n|t:|1682176430\n|-end|p1b: Iron Bundle|Quark Drive|[silent]\n|switch|p1b: Brute Bonnet|Brute Bonnet, L50, shiny|100\/100\n|move|p1a: Grimmsnarl|Reflect|p1a: Grimmsnarl\n|-sidestart|p1: MidianVGC|Reflect\n|move|p2b: Jumpluff|Giga Drain|p1b: Brute Bonnet\n|-resisted|p1b: Brute Bonnet\n|-damage|p1b: Brute Bonnet|93\/100\n|move|p2a: Arcanine|Psychic Fangs|p1b: Brute Bonnet\n|-immune|p1b: Brute Bonnet\n|\n|upkeep\n|turn|2\n|\n|t:|1682176466\n|-end|p1b: Brute Bonnet|Protosynthesis|[silent]\n|switch|p1b: Iron Bundle|Iron Bundle, L50, shiny|100\/100\n|move|p1a: Grimmsnarl|Parting Shot|p2a: Arcanine\n|-unboost|p2a: Arcanine|atk|1\n|-unboost|p2a: Arcanine|spa|1\n|\n|t:|1682176477\n|switch|p1a: Flutter Mane|Flutter Mane, L50, shiny|100\/100|[from] Parting Shot\n|move|p2b: Jumpluff|Sleep Powder|p1a: Flutter Mane\n|-status|p1a: Flutter Mane|slp|[from] move: Sleep Powder\n|move|p2a: Arcanine|Flare Blitz|p1b: Iron Bundle\n|-damage|p1b: Iron Bundle|71\/100\n|-damage|p2a: Arcanine|93\/100|[from] Recoil\n|\n|upkeep\n|turn|3\n|\n|t:|1682176510\n|move|p1b: Iron Bundle|Hydro Pump|p2a: Arcanine\n|-supereffective|p2a: Arcanine\n|-damage|p2a: Arcanine|0 fnt\n|faint|p2a: Arcanine\n|cant|p1a: Flutter Mane|slp\n|move|p2b: Jumpluff|Giga Drain|p1b: Iron Bundle\n|-supereffective|p1b: Iron Bundle\n|-damage|p1b: Iron Bundle|0 fnt\n|faint|p1b: Iron Bundle\n|-end|p1b: Iron Bundle|Quark Drive|[silent]\n|\n|upkeep\n|\n|t:|1682176521\n|switch|p1b: Grimmsnarl|Grimmsnarl, L50, M, shiny|100\/100\n|switch|p2a: Dondozo|Dondozo, L50, M|100\/100\n|turn|4\n|\n|t:|1682176539\n|-terastallize|p2a: Dondozo|Steel\n|-curestatus|p1a: Flutter Mane|slp|[msg]\n|move|p1a: Flutter Mane|Protect|p1a: Flutter Mane\n|-singleturn|p1a: Flutter Mane|Protect\n|move|p1b: Grimmsnarl|Parting Shot|p2a: Dondozo\n|-unboost|p2a: Dondozo|atk|1\n|-unboost|p2a: Dondozo|spa|1\n|\n|t:|1682176548\n|switch|p1b: Brute Bonnet|Brute Bonnet, L50, shiny|93\/100|[from] Parting Shot\n|move|p2b: Jumpluff|Sleep Powder|p1b: Brute Bonnet\n|-immune|p1b: Brute Bonnet\n|move|p2a: Dondozo|Liquidation|p1b: Brute Bonnet\n|-resisted|p1b: Brute Bonnet\n|-damage|p1b: Brute Bonnet|86\/100\n|\n|upkeep\n|turn|5\n|\n|t:|1682176587\n|-end|p1a: Flutter Mane|Protosynthesis|[silent]\n|switch|p1a: Grimmsnarl|Grimmsnarl, L50, M, shiny|100\/100\n|switch|p2a: Tatsugiri|Tatsugiri-Droopy, L50, F|100\/100\n|move|p2b: Jumpluff|Sleep Powder|p1a: Grimmsnarl\n|-status|p1a: Grimmsnarl|slp|[from] move: Sleep Powder\n|move|p1b: Brute Bonnet|Clear Smog|p2b: Jumpluff\n|-supereffective|p2b: Jumpluff\n|-damage|p2b: Jumpluff|79\/100\n|-clearboost|p2b: Jumpluff\n|\n|-sideend|p1: MidianVGC|Reflect\n|-status|p2a: Tatsugiri|tox|[from] item: Toxic Orb\n|upkeep\n|turn|6\n|\n|t:|1682176619\n|switch|p2b: Dondozo|Dondozo, L50, M, tera:Steel|100\/100\n|-activate|p2a: Tatsugiri|ability: Commander|[of] p2b: Dondozo\n|-boost|p2b: Dondozo|atk|2\n|-boost|p2b: Dondozo|spa|2\n|-boost|p2b: Dondozo|spe|2\n|-boost|p2b: Dondozo|def|2\n|-boost|p2b: Dondozo|spd|2\n|-terastallize|p1b: Brute Bonnet|Grass\n|cant|p1a: Grimmsnarl|slp\n|move|p1b: Brute Bonnet|Bullet Seed|p2a: Tatsugiri|[miss]\n|-miss|p1b: Brute Bonnet|p2a: Tatsugiri\n|\n|-damage|p2a: Tatsugiri|95\/100 tox|[from] psn\n|upkeep\n|turn|7\n|\n|t:|1682176637\n|cant|p1a: Grimmsnarl|slp\n|move|p2b: Dondozo|Order Up|p1b: Brute Bonnet\n|-damage|p1b: Brute Bonnet|40\/100\n|-boost|p2b: Dondozo|def|1\n|move|p1b: Brute Bonnet|Clear Smog|p2b: Dondozo\n|-immune|p2b: Dondozo\n|\n|-damage|p2a: Tatsugiri|84\/100 tox|[from] psn\n|upkeep\n|turn|8\n|\n|t:|1682176653\n|cant|p1a: Grimmsnarl|slp\n|move|p1b: Brute Bonnet|Sucker Punch|p2b: Dondozo\n|-damage|p2b: Dondozo|89\/100\n|move|p2b: Dondozo|Order Up|p1b: Brute Bonnet\n|-crit|p1b: Brute Bonnet\n|-damage|p1b: Brute Bonnet|0 fnt\n|faint|p1b: Brute Bonnet\n|-end|p1b: Brute Bonnet|Protosynthesis|[silent]\n|-boost|p2b: Dondozo|def|1\n|\n|-damage|p2a: Tatsugiri|67\/100 tox|[from] psn\n|upkeep\n|\n|t:|1682176661\n|switch|p1b: Flutter Mane|Flutter Mane, L50, shiny|100\/100\n|turn|9\n|\n|t:|1682176687\n|move|p1b: Flutter Mane|Protect|p1b: Flutter Mane\n|-singleturn|p1b: Flutter Mane|Protect\n|-curestatus|p1a: Grimmsnarl|slp|[msg]\n|move|p1a: Grimmsnarl|Fake Tears|p2b: Dondozo\n|-unboost|p2b: Dondozo|spd|2\n|move|p2b: Dondozo|Body Press|p1a: Grimmsnarl\n|-damage|p1a: Grimmsnarl|40\/100\n|\n|-damage|p2a: Tatsugiri|45\/100 tox|[from] psn\n|upkeep\n|turn|10\n|\n|t:|1682176702\n|move|p1a: Grimmsnarl|Fake Tears|p2b: Dondozo\n|-unboost|p2b: Dondozo|spd|2\n|move|p1b: Flutter Mane|Shadow Ball|p2b: Dondozo\n|-damage|p2b: Dondozo|12\/100\n|move|p2b: Dondozo|Liquidation|p1b: Flutter Mane\n|-enditem|p1b: Flutter Mane|Focus Sash\n|-damage|p1b: Flutter Mane|1\/100\n|-unboost|p1b: Flutter Mane|def|1\n|\n|-damage|p2a: Tatsugiri|17\/100 tox|[from] psn\n|upkeep\n|turn|11\n|\n|t:|1682176728\n|move|p1a: Grimmsnarl|Fake Tears|p2b: Dondozo\n|-unboost|p2b: Dondozo|spd|2\n|move|p1b: Flutter Mane|Shadow Ball|p2b: Dondozo\n|-damage|p2b: Dondozo|0 fnt\n|faint|p2b: Dondozo\n|\n|-damage|p2a: Tatsugiri|0 fnt|[from] psn\n|faint|p2a: Tatsugiri\n|upkeep\n|\n|t:|1682176737\n|switch|p2a: Jumpluff|Jumpluff, L50, F|79\/100\n|turn|12\n|\n|t:|1682176743\n|move|p1a: Grimmsnarl|Fake Tears|p2a: Jumpluff\n|-unboost|p2a: Jumpluff|spd|2\n|move|p1b: Flutter Mane|Shadow Ball|p2a: Jumpluff\n|-damage|p2a: Jumpluff|0 fnt\n|faint|p2a: Jumpluff\n|\n|win|MidianVGC\n|raw|MidianVGC's rating: 1077 → 1103<\/strong> (+26 for winning)\n|raw|Hacker tumbleweed's rating: 1049 → 1033<\/strong> (-16 for losing)\n|l|\u2606Hacker tumbleweed\n","uploadtime":1682176756,"views":9,"p1id":"midianvgc","p2id":"hackertumbleweed","formatid":"gen9vgc2023regulationc","rating":1033,"private":0,"password":""}