{"id":"gen9vgc2023regulationc-1854216329","p1":"Appleknight777","p2":"mummycass","format":"[Gen 9] VGC 2023 Regulation C","log":"|j|\u2606Appleknight777\n|j|\u2606mummycass\n|t:|1682784691\n|gametype|doubles\n|player|p1|Appleknight777|102|1510\n|player|p2|mummycass|265|1559\n|teamsize|p1|6\n|teamsize|p2|6\n|gen|9\n|tier|[Gen 9] VGC 2023 Regulation C\n|rated|\n|rule|Species Clause: Limit one of each Pok\u00e9mon\n|rule|Item Clause: Limit one of each item\n|clearpoke\n|poke|p1|Maushold-Four, L50|\n|poke|p1|Chi-Yu, L50|\n|poke|p1|Flutter Mane, L50|\n|poke|p1|Indeedee-F, L50, F|\n|poke|p1|Gyarados, L50, F|\n|poke|p1|Ting-Lu, L50|\n|poke|p2|Annihilape, L50, F|\n|poke|p2|Maushold, L50|\n|poke|p2|Baxcalibur, L50, F|\n|poke|p2|Ting-Lu, L50|\n|poke|p2|Flutter Mane, L50|\n|poke|p2|Talonflame, L50, M|\n|teampreview|4\nAppleknight777 has agreed to open team sheets.\n|j| efrgebgf\nmummycass has agreed to open team sheets.\n|j| poqisama\n|inactive|Battle timer is ON: inactive players will automatically lose when time's up. (requested by Appleknight777)\n|\n|t:|1682784742\n|start\n|switch|p1a: Maushold|Maushold-Four, L50|100\/100\n|switch|p1b: Indeedee|Indeedee-F, L50, F|100\/100\n|switch|p2a: Ting-Devil|Ting-Lu, L50|100\/100\n|switch|p2b: POWERRRR|Talonflame, L50, M|100\/100\n|-fieldstart|move: Psychic Terrain|[from] ability: Psychic Surge|[of] p1b: Indeedee\n|-ability|p2a: Ting-Devil|Vessel of Ruin\n|turn|1\n|inactive|mummycass has 30 seconds left.\n|inactive|mummycass has 20 seconds left.\n|l| poqisama\n|inactive|mummycass has 15 seconds left.\n|\n|t:|1682784785\n|-terastallize|p1a: Maushold|Normal\n|-terastallize|p2a: Ting-Devil|Ground\n|move|p1b: Indeedee|Helping Hand|p1a: Maushold\n|-singleturn|p1a: Maushold|Helping Hand|[of] p1b: Indeedee\n|move|p2b: POWERRRR|Tailwind|p2b: POWERRRR\n|-sidestart|p2: mummycass|move: Tailwind\n|move|p1a: Maushold|Population Bomb|p2a: Ting-Devil\n|-damage|p2a: Ting-Devil|87\/100\n|-damage|p2a: Ting-Devil|72\/100\n|-damage|p2a: Ting-Devil|58\/100\n|-damage|p2a: Ting-Devil|45\/100\n|-damage|p2a: Ting-Devil|31\/100\n|-damage|p2a: Ting-Devil|18\/100\n|-damage|p2a: Ting-Devil|3\/100\n|-damage|p2a: Ting-Devil|0 fnt\n|faint|p2a: Ting-Devil\n|-hitcount|p2: Ting-Devil|8\n|\n|upkeep\n|inactive|mummycass has 30 seconds left.\n|inactive|mummycass has 20 seconds left.\n|inactive|mummycass has 15 seconds left.\n|\n|t:|1682784828\n|switch|p2a: Makimane|Flutter Mane, L50|100\/100\n|-enditem|p2a: Makimane|Booster Energy\n|-activate|p2a: Makimane|ability: Protosynthesis|[fromitem]\n|-start|p2a: Makimane|protosynthesisspa\n|turn|2\n|j| Kital\n|inactive|Appleknight777 has 30 seconds left.\n|inactive|Appleknight777 has 20 seconds left.\n|\n|t:|1682784867\n|move|p1a: Maushold|Protect|p1a: Maushold\n|-singleturn|p1a: Maushold|Protect\n|move|p1b: Indeedee|Protect|p1b: Indeedee\n|-singleturn|p1b: Indeedee|Protect\n|move|p2a: Makimane|Dazzling Gleam|p1b: Indeedee|[spread] \n|-activate|p1a: Maushold|move: Protect\n|-activate|p1b: Indeedee|move: Protect\n|move|p2b: POWERRRR|Flare Blitz|p1a: Maushold\n|-activate|p1a: Maushold|move: Protect\n|\n|upkeep\n|turn|3\n|\n|t:|1682784888\n|move|p1b: Indeedee|Follow Me|p1b: Indeedee\n|-singleturn|p1b: Indeedee|move: Follow Me\n|move|p2a: Makimane|Dazzling Gleam|p1b: Indeedee|[spread] p1a,p1b\n|-damage|p1a: Maushold|40\/100\n|-damage|p1b: Indeedee|63\/100\n|move|p2b: POWERRRR|Flare Blitz|p1b: Indeedee\n|-damage|p1b: Indeedee|1\/100\n|-status|p1b: Indeedee|brn\n|-damage|p2b: POWERRRR|77\/100|[from] Recoil\n|-damage|p2b: POWERRRR|67\/100|[from] item: Life Orb\n|move|p1a: Maushold|Population Bomb|p2b: POWERRRR\n|-damage|p2b: POWERRRR|42\/100\n|-damage|p2b: POWERRRR|19\/100\n|-crit|p2b: POWERRRR\n|-damage|p2b: POWERRRR|0 fnt\n|faint|p2b: POWERRRR\n|-hitcount|p2: POWERRRR|3\n|\n|-damage|p1b: Indeedee|0 fnt|[from] brn\n|faint|p1b: Indeedee\n|upkeep\n|\n|t:|1682784905\n|switch|p2b: Akicalibur|Baxcalibur, L50, F, shiny|100\/100\n|switch|p1b: Ting-Lu|Ting-Lu, L50|100\/100\n|-ability|p1b: Ting-Lu|Vessel of Ruin\n|turn|4\n|j| Horseangry\n|j| KingDM23\n|inactive|Appleknight777 has 30 seconds left.\n|inactive|mummycass has 30 seconds left.\n|\n|t:|1682784940\n|move|p1a: Maushold|Protect|p1a: Maushold\n|-singleturn|p1a: Maushold|Protect\n|move|p2a: Makimane|Moonblast|p1b: Ting-Lu\n|-supereffective|p1b: Ting-Lu\n|-damage|p1b: Ting-Lu|53\/100\n|-unboost|p1b: Ting-Lu|spa|1\n|move|p2b: Akicalibur|Icicle Spear|p1b: Ting-Lu\n|-supereffective|p1b: Ting-Lu\n|-damage|p1b: Ting-Lu|31\/100\n|-supereffective|p1b: Ting-Lu\n|-damage|p1b: Ting-Lu|10\/100\n|-supereffective|p1b: Ting-Lu\n|-damage|p1b: Ting-Lu|0 fnt\n|faint|p1b: Ting-Lu\n|-hitcount|p1: Ting-Lu|3\n|\n|-sideend|p2: mummycass|move: Tailwind\n|upkeep\n|\n|t:|1682784951\n|switch|p1b: Flutter Mane|Flutter Mane, L50|100\/100\n|-enditem|p1b: Flutter Mane|Booster Energy\n|-activate|p1b: Flutter Mane|ability: Protosynthesis|[fromitem]\n|-start|p1b: Flutter Mane|protosynthesisspe\n|turn|5\n|inactive|Appleknight777 has 30 seconds left.\n|inactive|mummycass has 30 seconds left.\n|inactive|mummycass has 20 seconds left.\n|inactive|mummycass has 15 seconds left.\n|inactive|mummycass has 10 seconds left.\n|\n|t:|1682785000\n|move|p2a: Makimane|Protect|p2a: Makimane\n|-singleturn|p2a: Makimane|Protect\n|move|p2b: Akicalibur|Protect|p2b: Akicalibur\n|-singleturn|p2b: Akicalibur|Protect\n|move|p1b: Flutter Mane|Icy Wind|p2a: Makimane|[spread] \n|-activate|p2a: Makimane|move: Protect\n|-activate|p2b: Akicalibur|move: Protect\n|move|p1a: Maushold|Population Bomb|p2b: Akicalibur\n|-activate|p2b: Akicalibur|move: Protect\n|\n|-fieldend|move: Psychic Terrain\n|upkeep\n|turn|6\n|l| Kital\n|inactive|mummycass has 30 seconds left.\n|inactive|Appleknight777 has 30 seconds left.\n|\n|t:|1682785038\n|move|p2b: Akicalibur|Ice Shard|p1b: Flutter Mane\n|-damage|p1b: Flutter Mane|61\/100\n|move|p1b: Flutter Mane|Icy Wind|p2a: Makimane|[spread] p2a,p2b\n|-crit|p2a: Makimane\n|-damage|p2a: Makimane|82\/100\n|-damage|p2b: Akicalibur|87\/100\n|-unboost|p2a: Makimane|spe|1\n|-unboost|p2b: Akicalibur|spe|1\n|move|p1a: Maushold|Population Bomb|p2b: Akicalibur\n|-damage|p2b: Akicalibur|72\/100\n|-damage|p2b: Akicalibur|58\/100\n|-damage|p2b: Akicalibur|45\/100\n|-damage|p2b: Akicalibur|31\/100\n|-damage|p2b: Akicalibur|16\/100\n|-damage|p2b: Akicalibur|4\/100\n|-damage|p2b: Akicalibur|0 fnt\n|faint|p2b: Akicalibur\n|-hitcount|p2: Akicalibur|7\n|move|p2a: Makimane|Dazzling Gleam|p1a: Maushold|[spread] p1a,p1b\n|-damage|p1a: Maushold|0 fnt\n|-damage|p1b: Flutter Mane|19\/100\n|faint|p1a: Maushold\n|\n|upkeep\n|turn|7\n|\n|t:|1682785060\n|move|p1b: Flutter Mane|Moonblast|p2a: Makimane\n|-damage|p2a: Makimane|43\/100\n|move|p2a: Makimane|Shadow Ball|p1b: Flutter Mane\n|-supereffective|p1b: Flutter Mane\n|-damage|p1b: Flutter Mane|0 fnt\n|faint|p1b: Flutter Mane\n|-end|p1b: Flutter Mane|Protosynthesis|[silent]\n|\n|win|mummycass\n|raw|Appleknight777's rating: 1510 → 1493<\/strong> (-17 for losing)\n|raw|mummycass's rating: 1559 → 1576<\/strong> (+17 for winning)\n|l|\u2606Appleknight777\n|l| KingDM23\n","uploadtime":1682785100,"views":17,"p1id":"appleknight777","p2id":"mummycass","formatid":"gen9vgc2023regulationc","rating":1493,"private":0,"password":""}