{"id":"gen9vgc2023regulationc-1850912842","p1":"asianguy96","p2":"LiluziHit","format":"[Gen 9] VGC 2023 Regulation C","log":"|j|\u2606asianguy96\n|j|\u2606LiluziHit\n|t:|1682381518\n|gametype|doubles\n|player|p1|asianguy96|blackbelt-gen4dp|\n|player|p2|LiluziHit|blue|\n|teamsize|p1|6\n|teamsize|p2|6\n|gen|9\n|tier|[Gen 9] VGC 2023 Regulation C\n|rule|Species Clause: Limit one of each Pok\u00e9mon\n|rule|Item Clause: Limit one of each item\n|clearpoke\n|poke|p1|Iron Valiant, L50|\n|poke|p1|Maushold, L50|\n|poke|p1|Oricorio-Pom-Pom, L50, F|\n|poke|p1|Volcarona, L50, M|\n|poke|p1|Annihilape, L50, F|\n|poke|p1|Sableye, L50, M|\n|poke|p2|Gholdengo, L50|\n|poke|p2|Chi-Yu, L50|\n|poke|p2|Iron Jugulis, L50|\n|poke|p2|Farigiraf, L50, M|\n|poke|p2|Dachsbun, L50, M|\n|poke|p2|Salamence, L50, F|\n|teampreview|4\n|inactive|Battle timer is ON: inactive players will automatically lose when time's up. (requested by asianguy96)\n|c|\u2606LiluziHit|gl\nLiluziHit rejected open team sheets.\n|inactive|asianguy96 has 60 seconds left.\n|inactive|LiluziHit has 60 seconds left.\n|c|\u2606LiluziHit|can u stop timer\n|inactiveoff|Battle timer is now OFF.\n|c|\u2606asianguy96|glhf\n|\n|t:|1682381590\n|start\n|switch|p1a: Oricorio|Oricorio-Pom-Pom, L50, F|100\/100\n|switch|p1b: Volcarona|Volcarona, L50, M|100\/100\n|switch|p2a: Gholdilocks|Gholdengo, L50|100\/100\n|switch|p2b: Hydreigon LITE|Iron Jugulis, L50|100\/100\n|-enditem|p2b: Hydreigon LITE|Booster Energy\n|-activate|p2b: Hydreigon LITE|ability: Quark Drive|[fromitem]\n|-start|p2b: Hydreigon LITE|quarkdrivespe\n|turn|1\n|\n|t:|1682381634\n|move|p2b: Hydreigon LITE|Snarl|p1b: Volcarona|[spread] p1a,p1b\n|-damage|p1a: Oricorio|74\/100\n|-damage|p1b: Volcarona|83\/100\n|-unboost|p1a: Oricorio|spa|1\n|-unboost|p1b: Volcarona|spa|1\n|move|p1b: Volcarona|Fiery Dance|p2a: Gholdilocks\n|-supereffective|p2a: Gholdilocks\n|-damage|p2a: Gholdilocks|21\/100\n|-boost|p1b: Volcarona|spa|1\n|-activate|p1a: Oricorio|ability: Dancer\n|move|p1a: Oricorio|Fiery Dance|p2a: Gholdilocks|[from]ability: Dancer\n|-supereffective|p2a: Gholdilocks\n|-damage|p2a: Gholdilocks|0 fnt\n|-boost|p1a: Oricorio|spa|1\n|faint|p2a: Gholdilocks\n|move|p1a: Oricorio|Quiver Dance|p1a: Oricorio\n|-boost|p1a: Oricorio|spa|1\n|-boost|p1a: Oricorio|spd|1\n|-boost|p1a: Oricorio|spe|1\n|\n|upkeep\n|\n|t:|1682381659\n|switch|p2a: Good boi|Dachsbun, L50, M, shiny|100\/100\n|turn|2\n|\n|t:|1682381676\n|move|p1a: Oricorio|Protect|p1a: Oricorio\n|-singleturn|p1a: Oricorio|Protect\n|move|p2b: Hydreigon LITE|Tailwind|p2b: Hydreigon LITE\n|-sidestart|p2: LiluziHit|move: Tailwind\n|move|p2a: Good boi|Yawn|p1b: Volcarona\n|-start|p1b: Volcarona|move: Yawn|[of] p2a: Good boi\n|move|p1b: Volcarona|Quiver Dance|p1b: Volcarona\n|-boost|p1b: Volcarona|spa|1\n|-boost|p1b: Volcarona|spd|1\n|-boost|p1b: Volcarona|spe|1\n|-activate|p1a: Oricorio|ability: Dancer\n|move|p1a: Oricorio|Quiver Dance|p1a: Oricorio|[from]ability: Dancer\n|-boost|p1a: Oricorio|spa|1\n|-boost|p1a: Oricorio|spd|1\n|-boost|p1a: Oricorio|spe|1\n|\n|upkeep\n|turn|3\n|\n|t:|1682381721\n|move|p2b: Hydreigon LITE|Snarl|p1b: Volcarona|[spread] p1a,p1b\n|-damage|p1a: Oricorio|60\/100\n|-damage|p1b: Volcarona|70\/100\n|-unboost|p1a: Oricorio|spa|1\n|-unboost|p1b: Volcarona|spa|1\n|move|p1a: Oricorio|Revelation Dance|p2b: Hydreigon LITE\n|-supereffective|p2b: Hydreigon LITE\n|-damage|p2b: Hydreigon LITE|0 fnt\n|faint|p2b: Hydreigon LITE\n|-end|p2b: Hydreigon LITE|Quark Drive|[silent]\n|move|p2a: Good boi|Yawn|p1a: Oricorio\n|-start|p1a: Oricorio|move: Yawn|[of] p2a: Good boi\n|move|p1b: Volcarona|Fiery Dance|p2a: Good boi\n|-ability|p2a: Good boi|Well-Baked Body|boost\n|-boost|p2a: Good boi|def|2\n|-enditem|p1a: Oricorio|Mirror Herb\n|-boost|p1a: Oricorio|def|2|[from] item: Mirror Herb\n|\n|-end|p1b: Volcarona|move: Yawn|[silent]\n|-status|p1b: Volcarona|slp\n|upkeep\n|\n|t:|1682381729\n|switch|p2b: Spicy Goldfish|Chi-Yu, L50|100\/100\n|-ability|p2b: Spicy Goldfish|Beads of Ruin\n|turn|4\n|\n|t:|1682381772\n|switch|p1b: Sableye|Sableye, L50, M|100\/100\n|move|p2b: Spicy Goldfish|Lava Plume|p1a: Oricorio|[spread] p1a,p1b\n|-ability|p2a: Good boi|Well-Baked Body|boost\n|-boost|p2a: Good boi|def|2\n|-damage|p1a: Oricorio|21\/100\n|-damage|p1b: Sableye|43\/100\n|move|p1a: Oricorio|Revelation Dance|p2b: Spicy Goldfish\n|-damage|p2b: Spicy Goldfish|28\/100\n|move|p2a: Good boi|Body Press|p1b: Sableye\n|-immune|p1b: Sableye\n|\n|-heal|p1b: Sableye|49\/100|[from] item: Leftovers\n|-end|p1a: Oricorio|move: Yawn|[silent]\n|-status|p1a: Oricorio|slp\n|upkeep\n|turn|5\n|\n|t:|1682381792\n|-terastallize|p2a: Good boi|Fairy\n|cant|p1a: Oricorio|slp\n|move|p1b: Sableye|Fake Out|p2b: Spicy Goldfish\n|-damage|p2b: Spicy Goldfish|17\/100\n|cant|p2b: Spicy Goldfish|flinch\n|move|p2a: Good boi|Play Rough|p1b: Sableye\n|-supereffective|p1b: Sableye\n|-damage|p1b: Sableye|0 fnt\n|faint|p1b: Sableye\n|\n|-sideend|p2: LiluziHit|move: Tailwind\n|upkeep\n|\n|t:|1682381804\n|switch|p1b: Iron Valiant|Iron Valiant, L50|100\/100\n|-enditem|p1b: Iron Valiant|Booster Energy\n|-activate|p1b: Iron Valiant|ability: Quark Drive|[fromitem]\n|-start|p1b: Iron Valiant|quarkdrivespe\n|turn|6\n|\n|t:|1682381843\n|move|p2b: Spicy Goldfish|Protect|p2b: Spicy Goldfish\n|-singleturn|p2b: Spicy Goldfish|Protect\n|cant|p1a: Oricorio|slp\n|move|p1b: Iron Valiant|Moonblast|p2a: Good boi\n|-damage|p2a: Good boi|47\/100\n|move|p2a: Good boi|Body Press|p1b: Iron Valiant\n|-resisted|p1b: Iron Valiant\n|-damage|p1b: Iron Valiant|56\/100\n|\n|-heal|p2a: Good boi|53\/100|[from] item: Leftovers\n|upkeep\n|turn|7\n|\n|t:|1682381875\n|cant|p1a: Oricorio|slp\n|move|p1b: Iron Valiant|Moonblast|p2a: Good boi\n|-damage|p2a: Good boi|0 fnt\n|faint|p2a: Good boi\n|move|p2b: Spicy Goldfish|Lava Plume|p1b: Iron Valiant|[spread] p1a,p1b\n|-damage|p1a: Oricorio|0 fnt\n|-damage|p1b: Iron Valiant|0 fnt\n|faint|p1a: Oricorio\n|faint|p1b: Iron Valiant\n|-end|p1b: Iron Valiant|Quark Drive|[silent]\n|\n|upkeep\n|\n|t:|1682381885\n|switch|p1b: Volcarona|Volcarona, L50, M|70\/100 slp\n|turn|8\n|\n|t:|1682381905\n|-terastallize|p1b: Volcarona|Water\n|move|p2b: Spicy Goldfish|Heat Wave|p1b: Volcarona\n|-resisted|p1b: Volcarona\n|-damage|p1b: Volcarona|25\/100 slp\n|cant|p1b: Volcarona|slp\n|\n|upkeep\n|turn|9\n|c|\u2606LiluziHit|gg\n|\n|t:|1682381913\n|move|p2b: Spicy Goldfish|Heat Wave|p1b: Volcarona\n|-resisted|p1b: Volcarona\n|-damage|p1b: Volcarona|0 fnt\n|faint|p1b: Volcarona\n|\n|win|LiluziHit\n|c|\u2606asianguy96|gg\n","uploadtime":1682381920,"views":17,"p1id":"asianguy96","p2id":"liluzihit","formatid":"gen9vgc2023regulationc","rating":0,"private":0,"password":""}