{"id":"gen9vgc2023regulationc-1851791436","p1":"marioman6444","p2":"Bertoldttaining","format":"[Gen 9] VGC 2023 Regulation C","log":"|j|\u2606marioman6444\n|j|\u2606Bertoldttaining\n|t:|1682484350\n|gametype|doubles\n|player|p1|marioman6444|hoopster|1227\n|player|p2|Bertoldttaining|lance|1250\n|teamsize|p1|6\n|teamsize|p2|6\n|gen|9\n|tier|[Gen 9] VGC 2023 Regulation C\n|rated|\n|rule|Species Clause: Limit one of each Pok\u00e9mon\n|rule|Item Clause: Limit one of each item\n|clearpoke\n|poke|p1|Tsareena, L50, F|\n|poke|p1|Gyarados, L50, M|\n|poke|p1|Sableye, L50, M|\n|poke|p1|Gholdengo, L50|\n|poke|p1|Roaring Moon, L50|\n|poke|p1|Ting-Lu, L50|\n|poke|p2|Gyarados, L50, M|\n|poke|p2|Iron Hands, L50|\n|poke|p2|Chi-Yu, L50|\n|poke|p2|Maushold-Four, L50|\n|poke|p2|Flutter Mane, L50|\n|poke|p2|Chien-Pao, L50|\n|teampreview|4\n|inactive|Battle timer is ON: inactive players will automatically lose when time's up. (requested by marioman6444)\nBertoldttaining has agreed to open team sheets.\n|inactive|marioman6444 has 60 seconds left.\n|inactive|Bertoldttaining has 60 seconds left.\n|\n|t:|1682484410\n|start\n|switch|p1a: GyaraDON'T|Gyarados, L50, M, shiny|100\/100\n|switch|p1b: G\u25cbBLIN M\u25cbDE|Sableye, L50, M, shiny|100\/100\n|switch|p2a: Flutter Mane|Flutter Mane, L50|100\/100\n|switch|p2b: Maushold|Maushold-Four, L50|100\/100\n|-ability|p1a: GyaraDON'T|Intimidate|boost\n|-unboost|p2a: Flutter Mane|atk|1\n|-unboost|p2b: Maushold|atk|1\n|turn|1\n|\n|t:|1682484424\n|-terastallize|p2a: Flutter Mane|Fairy\n|move|p2b: Maushold|Helping Hand|p2a: Flutter Mane\n|-singleturn|p2a: Flutter Mane|Helping Hand|[of] p2b: Maushold\n|move|p1b: G\u25cbBLIN M\u25cbDE|Light Screen|p1b: G\u25cbBLIN M\u25cbDE\n|-sidestart|p1: marioman6444|move: Light Screen\n|move|p2a: Flutter Mane|Dazzling Gleam|p1a: GyaraDON'T|[spread] p1a,p1b\n|-supereffective|p1b: G\u25cbBLIN M\u25cbDE\n|-enditem|p1b: G\u25cbBLIN M\u25cbDE|Roseli Berry|[eat]\n|-enditem|p1b: G\u25cbBLIN M\u25cbDE|Roseli Berry|[weaken]\n|-damage|p1a: GyaraDON'T|41\/100\n|-damage|p1b: G\u25cbBLIN M\u25cbDE|27\/100\n|-enditem|p1a: GyaraDON'T|Sitrus Berry|[eat]\n|-heal|p1a: GyaraDON'T|66\/100|[from] item: Sitrus Berry\n|move|p1a: GyaraDON'T|Dragon Dance|p1a: GyaraDON'T\n|-boost|p1a: GyaraDON'T|atk|1\n|-boost|p1a: GyaraDON'T|spe|1\n|\n|upkeep\n|turn|2\n|\n|t:|1682484440\n|move|p2b: Maushold|Helping Hand|p2a: Flutter Mane\n|-singleturn|p2a: Flutter Mane|Helping Hand|[of] p2b: Maushold\n|move|p1b: G\u25cbBLIN M\u25cbDE|Thunder Wave|p2a: Flutter Mane\n|-status|p2a: Flutter Mane|par\n|move|p1a: GyaraDON'T|Waterfall|p2a: Flutter Mane\n|-damage|p2a: Flutter Mane|20\/100 par\n|move|p2a: Flutter Mane|Dazzling Gleam|p1a: GyaraDON'T|[spread] p1a,p1b\n|-supereffective|p1b: G\u25cbBLIN M\u25cbDE\n|-damage|p1a: GyaraDON'T|11\/100\n|-damage|p1b: G\u25cbBLIN M\u25cbDE|0 fnt\n|faint|p1b: G\u25cbBLIN M\u25cbDE\n|\n|upkeep\n|\n|t:|1682484453\n|switch|p1b: YOU'RE QUEEN|Tsareena, L50, F, shiny|100\/100\n|turn|3\n|\n|t:|1682484477\n|move|p2b: Maushold|Follow Me|p2b: Maushold\n|-singleturn|p2b: Maushold|move: Follow Me\n|move|p1a: GyaraDON'T|Waterfall|p2b: Maushold\n|-damage|p2b: Maushold|32\/100\n|move|p2a: Flutter Mane|Dazzling Gleam|p1a: GyaraDON'T|[spread] p1a,p1b\n|-damage|p1a: GyaraDON'T|0 fnt\n|-damage|p1b: YOU'RE QUEEN|61\/100\n|faint|p1a: GyaraDON'T\n|move|p1b: YOU'RE QUEEN|High Jump Kick|p2b: Maushold\n|-supereffective|p2b: Maushold\n|-damage|p2b: Maushold|0 fnt\n|faint|p2b: Maushold\n|\n|upkeep\n|\n|t:|1682484491\n|switch|p2b: Chi-Yu|Chi-Yu, L50|100\/100\n|switch|p1a: UtakeDAmoon!|Roaring Moon, L50, shiny|100\/100\n|-ability|p2b: Chi-Yu|Beads of Ruin\n|-enditem|p1a: UtakeDAmoon!|Booster Energy\n|-activate|p1a: UtakeDAmoon!|ability: Protosynthesis|[fromitem]\n|-start|p1a: UtakeDAmoon!|protosynthesisatk\n|turn|4\n|\n|t:|1682484513\n|move|p1b: YOU'RE QUEEN|Protect|p1b: YOU'RE QUEEN\n|-singleturn|p1b: YOU'RE QUEEN|Protect\n|move|p2b: Chi-Yu|Heat Wave|p1b: YOU'RE QUEEN|[spread] p1a\n|-activate|p1b: YOU'RE QUEEN|move: Protect\n|-resisted|p1a: UtakeDAmoon!\n|-damage|p1a: UtakeDAmoon!|85\/100\n|move|p1a: UtakeDAmoon!|Acrobatics|p2a: Flutter Mane\n|-damage|p2a: Flutter Mane|0 fnt\n|faint|p2a: Flutter Mane\n|-end|p2a: Flutter Mane|Protosynthesis|[silent]\n|\n|upkeep\n|\n|t:|1682484523\n|switch|p2a: Chien-Pao|Chien-Pao, L50|100\/100\n|-ability|p2a: Chien-Pao|Sword of Ruin\n|turn|5\n|\n|t:|1682484539\n|-terastallize|p1b: YOU'RE QUEEN|Fire\n|move|p1a: UtakeDAmoon!|Protect|p1a: UtakeDAmoon!\n|-singleturn|p1a: UtakeDAmoon!|Protect\n|move|p2b: Chi-Yu|Heat Wave|p1b: YOU'RE QUEEN|[spread] p1b\n|-activate|p1a: UtakeDAmoon!|move: Protect\n|-resisted|p1b: YOU'RE QUEEN\n|-damage|p1b: YOU'RE QUEEN|42\/100\n|move|p2a: Chien-Pao|Ice Spinner|p1a: UtakeDAmoon!\n|-activate|p1a: UtakeDAmoon!|move: Protect\n|move|p1b: YOU'RE QUEEN|High Jump Kick|p2b: Chi-Yu\n|-supereffective|p2b: Chi-Yu\n|-damage|p2b: Chi-Yu|0 fnt\n|faint|p2b: Chi-Yu\n|\n|-sideend|p1: marioman6444|move: Light Screen\n|upkeep\n|turn|6\n|\n|t:|1682484560\n|move|p2a: Chien-Pao|Ice Spinner|p1a: UtakeDAmoon!\n|-supereffective|p1a: UtakeDAmoon!\n|-crit|p1a: UtakeDAmoon!\n|-damage|p1a: UtakeDAmoon!|0 fnt\n|faint|p1a: UtakeDAmoon!\n|-end|p1a: UtakeDAmoon!|Protosynthesis|[silent]\n|move|p1b: YOU'RE QUEEN|Tera Blast|p2a: Chien-Pao\n|-supereffective|p2a: Chien-Pao\n|-enditem|p2a: Chien-Pao|Focus Sash\n|-damage|p2a: Chien-Pao|1\/100\n|\n|upkeep\n|turn|7\n|\n|t:|1682484571\n|move|p2a: Chien-Pao|Sucker Punch||[still]\n|cant|p1b: YOU'RE QUEEN|ability: Queenly Majesty|Sucker Punch|[of] p2a: Chien-Pao\n|move|p1b: YOU'RE QUEEN|Tera Blast|p2a: Chien-Pao\n|-supereffective|p2a: Chien-Pao\n|-damage|p2a: Chien-Pao|0 fnt\n|faint|p2a: Chien-Pao\n|\n|win|marioman6444\n|raw|marioman6444's rating: 1227 → 1254<\/strong> (+27 for winning)\n|raw|Bertoldttaining's rating: 1250 → 1223<\/strong> (-27 for losing)\n|c|\u2606marioman6444|Gg\n|c|\u2606Bertoldttaining|Gg\n|l|\u2606Bertoldttaining\n","uploadtime":1682484580,"views":8,"p1id":"marioman6444","p2id":"bertoldttaining","formatid":"gen9vgc2023regulationc","rating":1223,"private":0,"password":""}