{"id":"gen9vgc2023regulationc-1846737682","p1":"Xweetz","p2":"That_Leek","format":"[Gen 9] VGC 2023 Regulation C","log":"|j|\u2606Xweetz\n|j|\u2606That_Leek\n|t:|1681872148\n|gametype|doubles\n|player|p1|Xweetz|pokefan-gen4|1053\n|player|p2|That_Leek|blue|1127\n|teamsize|p1|6\n|teamsize|p2|6\n|gen|9\n|tier|[Gen 9] VGC 2023 Regulation C\n|rated|\n|rule|Species Clause: Limit one of each Pok\u00e9mon\n|rule|Item Clause: Limit one of each item\n|clearpoke\n|poke|p1|Gothitelle, L50, F|\n|poke|p1|Bellibolt, L50, M|\n|poke|p1|Annihilape, L50, M|\n|poke|p1|Murkrow, L50, F|\n|poke|p1|Wo-Chien, L50|\n|poke|p1|Chi-Yu, L50|\n|poke|p2|Tyranitar, L50, F|\n|poke|p2|Gyarados, L50, F|\n|poke|p2|Scizor, L50, F|\n|poke|p2|Sandy Shocks, L50|\n|poke|p2|Amoonguss, L50, M|\n|poke|p2|Flutter Mane, L50|\n|teampreview|4\n|inactive|Battle timer is ON: inactive players will automatically lose when time's up. (requested by Xweetz)\nThat_Leek has agreed to open team sheets.\n|\n|t:|1681872165\n|start\n|switch|p1a: Annihilape|Annihilape, L50, M|100\/100\n|switch|p1b: Murkrow|Murkrow, L50, F|100\/100\n|switch|p2a: Flutter Mane|Flutter Mane, L50|100\/100\n|switch|p2b: Tyranitar|Tyranitar, L50, F|100\/100\n|-weather|Sandstorm|[from] ability: Sand Stream|[of] p2b: Tyranitar\n|turn|1\n|\n|t:|1681872181\n|-terastallize|p2b: Tyranitar|Flying\n|move|p1b: Murkrow|Tailwind|p1b: Murkrow\n|-sidestart|p1: Xweetz|move: Tailwind\n|move|p1a: Annihilape|Shadow Claw|p2a: Flutter Mane\n|-supereffective|p2a: Flutter Mane\n|-crit|p2a: Flutter Mane\n|-damage|p2a: Flutter Mane|0 fnt\n|faint|p2a: Flutter Mane\n|-end|p2a: Flutter Mane|Protosynthesis|[silent]\n|move|p2b: Tyranitar|Tera Blast|p1a: Annihilape\n|-supereffective|p1a: Annihilape\n|-damage|p1a: Annihilape|3\/100\n|\n|-weather|Sandstorm|[upkeep]\n|-damage|p1a: Annihilape|0 fnt|[from] Sandstorm\n|-damage|p1b: Murkrow|95\/100|[from] Sandstorm\n|-damage|p2b: Tyranitar|95\/100|[from] Sandstorm\n|faint|p1a: Annihilape\n|upkeep\n|\n|t:|1681872191\n|switch|p2a: Scizor|Scizor, L50, F|100\/100\n|switch|p1a: Gothitelle|Gothitelle, L50, F|100\/100\n|turn|2\n|\n|t:|1681872199\n|move|p1a: Gothitelle|Fake Out|p2a: Scizor\n|-resisted|p2a: Scizor\n|-damage|p2a: Scizor|98\/100\n|move|p1b: Murkrow|Perish Song|p1b: Murkrow\n|-start|p1a: Gothitelle|perish3|[silent]\n|-start|p1b: Murkrow|perish3|[silent]\n|-start|p2a: Scizor|perish3|[silent]\n|-start|p2b: Tyranitar|perish3|[silent]\n|-fieldactivate|move: Perish Song\n|cant|p2a: Scizor|flinch\n|move|p2b: Tyranitar|Crunch|p1a: Gothitelle\n|-supereffective|p1a: Gothitelle\n|-damage|p1a: Gothitelle|4\/100\n|-unboost|p1a: Gothitelle|def|1\n|\n|-weather|Sandstorm|[upkeep]\n|-damage|p1b: Murkrow|89\/100|[from] Sandstorm\n|-damage|p1a: Gothitelle|0 fnt|[from] Sandstorm\n|-damage|p2b: Tyranitar|89\/100|[from] Sandstorm\n|faint|p1a: Gothitelle\n|-start|p1b: Murkrow|perish3\n|-start|p2a: Scizor|perish3\n|-start|p2b: Tyranitar|perish3\n|upkeep\n|\n|t:|1681872207\n|switch|p1a: Bellibolt|Bellibolt, L50, M|100\/100\n|turn|3\n|\n|t:|1681872226\n|switch|p2a: Gyarados|Gyarados, L50, F|100\/100\n|-ability|p2a: Gyarados|Intimidate|boost\n|-unboost|p1a: Bellibolt|atk|1\n|-unboost|p1b: Murkrow|atk|1\n|move|p1b: Murkrow|Tailwind||[still]\n|-fail|p1b: Murkrow\n|move|p1a: Bellibolt|Parabolic Charge|p2a: Gyarados|[spread] p1b,p2a,p2b\n|-supereffective|p1b: Murkrow\n|-supereffective|p2a: Gyarados\n|-supereffective|p2b: Tyranitar\n|-damage|p1b: Murkrow|47\/100\n|-damage|p2a: Gyarados|27\/100\n|-damage|p2b: Tyranitar|68\/100\n|move|p2b: Tyranitar|Rock Slide|p1a: Bellibolt|[spread] p1a,p1b\n|-supereffective|p1b: Murkrow\n|-damage|p1a: Bellibolt|77\/100\n|-damage|p1b: Murkrow|0 fnt\n|-start|p1a: Bellibolt|Charge|Rock Slide|[from] ability: Electromorphosis\n|faint|p1b: Murkrow\n|\n|-weather|Sandstorm|[upkeep]\n|-damage|p1a: Bellibolt|71\/100|[from] Sandstorm\n|-damage|p2b: Tyranitar|62\/100|[from] Sandstorm\n|-start|p2b: Tyranitar|perish2\n|upkeep\n|turn|4\n|\n|t:|1681872236\n|move|p1a: Bellibolt|Parabolic Charge|p2a: Gyarados|[spread] p2a,p2b\n|-supereffective|p2a: Gyarados\n|-supereffective|p2b: Tyranitar\n|-damage|p2a: Gyarados|0 fnt\n|-heal|p1a: Bellibolt|84\/100|[from] drain|[of] p2a: Gyarados\n|-damage|p2b: Tyranitar|15\/100\n|-heal|p1a: Bellibolt|100\/100|[from] drain|[of] p2b: Tyranitar\n|faint|p2a: Gyarados\n|-end|p1a: Bellibolt|Charge|[silent]\n|move|p2b: Tyranitar|Crunch|p1a: Bellibolt\n|-damage|p1a: Bellibolt|67\/100\n|-start|p1a: Bellibolt|Charge|Crunch|[from] ability: Electromorphosis\n|\n|-weather|Sandstorm|[upkeep]\n|-damage|p1a: Bellibolt|61\/100|[from] Sandstorm\n|-damage|p2b: Tyranitar|9\/100|[from] Sandstorm\n|-start|p2b: Tyranitar|perish1\n|-sideend|p1: Xweetz|move: Tailwind\n|upkeep\n|\n|t:|1681872240\n|switch|p2a: Scizor|Scizor, L50, F|98\/100\n|turn|5\n|\n|t:|1681872249\n|-terastallize|p1a: Bellibolt|Flying\n|move|p2a: Scizor|Swords Dance|p2a: Scizor\n|-boost|p2a: Scizor|atk|2\n|move|p2b: Tyranitar|Crunch|p1a: Bellibolt\n|-damage|p1a: Bellibolt|27\/100\n|-unboost|p1a: Bellibolt|def|1\n|-start|p1a: Bellibolt|Charge|Crunch|[from] ability: Electromorphosis\n|move|p1a: Bellibolt|Parabolic Charge|p2a: Scizor|[spread] p2a,p2b\n|-supereffective|p2b: Tyranitar\n|-damage|p2a: Scizor|53\/100\n|-heal|p1a: Bellibolt|47\/100|[from] drain|[of] p2a: Scizor\n|-damage|p2b: Tyranitar|0 fnt\n|-heal|p1a: Bellibolt|51\/100|[from] drain|[of] p2b: Tyranitar\n|faint|p2b: Tyranitar\n|-end|p1a: Bellibolt|Charge|[silent]\n|\n|-weather|none\n|upkeep\n|turn|6\n|\n|t:|1681872264\n|move|p2a: Scizor|Bullet Punch|p1a: Bellibolt\n|-damage|p1a: Bellibolt|0 fnt\n|faint|p1a: Bellibolt\n|\n|win|That_Leek\n|raw|Xweetz's rating: 1053 → 1039<\/strong> (-14 for losing)\n|raw|That_Leek's rating: 1127 → 1147<\/strong> (+20 for winning)\n","uploadtime":1681872267,"views":16,"p1id":"xweetz","p2id":"thatleek","formatid":"gen9vgc2023regulationc","rating":1039,"private":0,"password":""}