{"id":"gen9vgc2023regulationc-1863847318","p1":"bennoVGC","p2":"mil0battles","format":"[Gen 9] VGC 2023 Regulation C","log":"|j|\u2606bennoVGC\n|j|\u2606mil0battles\n|t:|1684084919\n|gametype|doubles\n|player|p1|bennoVGC|265|\n|player|p2|mil0battles|pokemonranger-gen4|\n|teamsize|p1|6\n|teamsize|p2|6\n|gen|9\n|tier|[Gen 9] VGC 2023 Regulation C\n|rule|Species Clause: Limit one of each Pok\u00e9mon\n|rule|Item Clause: Limit one of each item\n|clearpoke\n|poke|p1|Palafin, L50, F|\n|poke|p1|Arcanine, L50, M|\n|poke|p1|Flutter Mane, L50|\n|poke|p1|Amoonguss, L50, F|\n|poke|p1|Pawmot, L50, F|\n|poke|p1|Ting-Lu, L50|\n|poke|p2|Indeedee-F, L50, F|\n|poke|p2|Kingambit, L50, M|\n|poke|p2|Torkoal, L50, M|\n|poke|p2|Hariyama, L50, M|\n|poke|p2|Hatterene, L50, F|\n|poke|p2|Armarouge, L50, M|\n|teampreview|4\nbennoVGC has agreed to open team sheets.\nmil0battles has agreed to open team sheets.\n|c|\u2606bennoVGC|g1\n|c|\u2606mil0battles|glhf\n|c|\u2606bennoVGC|u2 :D\n|\n|t:|1684085029\n|start\n|switch|p1a: Palafin|Palafin, L50, F, shiny|100\/100\n|switch|p1b: Flutter Mane|Flutter Mane, L50, shiny|100\/100\n|switch|p2a: Indeedee|Indeedee-F, L50, F|100\/100\n|switch|p2b: Armarouge|Armarouge, L50, M|100\/100\n|-fieldstart|move: Psychic Terrain|[from] ability: Psychic Surge|[of] p2a: Indeedee\n|turn|1\n|inactive|Battle timer is ON: inactive players will automatically lose when time's up. (requested by mil0battles)\n|\n|t:|1684085054\n|-terastallize|p2b: Armarouge|Grass\n|move|p2a: Indeedee|Follow Me|p2a: Indeedee\n|-singleturn|p2a: Indeedee|move: Follow Me\n|move|p1b: Flutter Mane|Shadow Ball|p2a: Indeedee\n|-immune|p2a: Indeedee\n|move|p1a: Palafin|Taunt|p2a: Indeedee\n|-start|p2a: Indeedee|move: Taunt\n|move|p2b: Armarouge|Trick Room|p2b: Armarouge\n|-fieldstart|move: Trick Room|[of] p2b: Armarouge\n|\n|upkeep\n|turn|2\n|inactive|mil0battles has 30 seconds left.\n|\n|t:|1684085081\n|switch|p2a: Hatterene|Hatterene, L50, F|100\/100\n|detailschange|p1a: Palafin|Palafin-Hero, L50, F, shiny\n|switch|p1a: Ting-Lu|Ting-Lu, L50|100\/100\n|-ability|p1a: Ting-Lu|Vessel of Ruin\n|move|p2b: Armarouge|Expanding Force|p1a: Ting-Lu|[spread] p1b\n|-immune|p1a: Ting-Lu\n|-damage|p1b: Flutter Mane|46\/100\n|move|p1b: Flutter Mane|Shadow Ball|p2b: Armarouge\n|-damage|p2b: Armarouge|58\/100\n|\n|upkeep\n|turn|3\n|inactive|bennoVGC has 30 seconds left.\n|inactive|mil0battles has 30 seconds left.\n|inactive|bennoVGC has 20 seconds left.\n|\n|t:|1684085117\n|move|p2a: Hatterene|Dazzling Gleam|p1a: Ting-Lu|[spread] p1a,p1b\n|-supereffective|p1a: Ting-Lu\n|-damage|p1a: Ting-Lu|76\/100\n|-damage|p1b: Flutter Mane|12\/100\n|-damage|p2a: Hatterene|91\/100|[from] item: Life Orb\n|move|p1a: Ting-Lu|Heavy Slam|p2a: Hatterene\n|-supereffective|p2a: Hatterene\n|-damage|p2a: Hatterene|23\/100\n|move|p2b: Armarouge|Armor Cannon|p1a: Ting-Lu\n|-damage|p1a: Ting-Lu|58\/100\n|-unboost|p2b: Armarouge|def|1\n|-unboost|p2b: Armarouge|spd|1\n|move|p1b: Flutter Mane|Shadow Ball|p2b: Armarouge\n|-damage|p2b: Armarouge|0 fnt\n|faint|p2b: Armarouge\n|\n|upkeep\n|\n|t:|1684085124\n|switch|p2b: Torkoal|Torkoal, L50, M|100\/100\n|-weather|SunnyDay|[from] ability: Drought|[of] p2b: Torkoal\n|-activate|p1b: Flutter Mane|ability: Protosynthesis\n|-start|p1b: Flutter Mane|protosynthesisspe\n|turn|4\n|\n|t:|1684085146\n|-terastallize|p1a: Ting-Lu|Poison\n|move|p2b: Torkoal|Eruption|p1a: Ting-Lu|[spread] p1a,p1b\n|-damage|p1a: Ting-Lu|33\/100\n|-damage|p1b: Flutter Mane|0 fnt\n|faint|p1b: Flutter Mane\n|-end|p1b: Flutter Mane|Protosynthesis|[silent]\n|move|p2a: Hatterene|Dazzling Gleam|p1a: Ting-Lu\n|-resisted|p1a: Ting-Lu\n|-damage|p1a: Ting-Lu|24\/100\n|-damage|p2a: Hatterene|14\/100|[from] item: Life Orb\n|move|p1a: Ting-Lu|Stomping Tantrum|p2b: Torkoal\n|-supereffective|p2b: Torkoal\n|-damage|p2b: Torkoal|60\/100\n|\n|-weather|SunnyDay|[upkeep]\n|upkeep\n|\n|t:|1684085155\n|switch|p1b: Palafin|Palafin-Hero, L50, F, shiny|100\/100\n|-activate|p1b: Palafin|ability: Zero to Hero\n|turn|5\n|\n|t:|1684085175\n|switch|p2a: Indeedee|Indeedee-F, L50, F|100\/100\n|move|p2b: Torkoal|Protect|p2b: Torkoal\n|-singleturn|p2b: Torkoal|Protect\n|move|p1b: Palafin|Protect|p1b: Palafin\n|-singleturn|p1b: Palafin|Protect\n|move|p1a: Ting-Lu|Heavy Slam|p2a: Indeedee\n|-damage|p2a: Indeedee|71\/100\n|\n|-weather|SunnyDay|[upkeep]\n|-fieldend|move: Trick Room\n|-fieldend|move: Psychic Terrain\n|upkeep\n|turn|6\n|inactive|mil0battles has 30 seconds left.\n|inactive|mil0battles has 20 seconds left.\n|inactive|mil0battles has 15 seconds left.\n|\n|t:|1684085216\n|move|p2a: Indeedee|Follow Me|p2a: Indeedee\n|-singleturn|p2a: Indeedee|move: Follow Me\n|move|p1b: Palafin|Wave Crash|p2a: Indeedee\n|-damage|p2a: Indeedee|30\/100\n|-damage|p1b: Palafin|88\/100|[from] Recoil\n|move|p1a: Ting-Lu|Stomping Tantrum|p2a: Indeedee\n|-damage|p2a: Indeedee|1\/100\n|move|p2b: Torkoal|Eruption|p1a: Ting-Lu|[spread] p1a,p1b\n|-resisted|p1b: Palafin\n|-damage|p1a: Ting-Lu|9\/100\n|-damage|p1b: Palafin|69\/100\n|\n|-weather|SunnyDay|[upkeep]\n|upkeep\n|turn|7\n|\n|t:|1684085232\n|move|p2b: Torkoal|Protect|p2b: Torkoal\n|-singleturn|p2b: Torkoal|Protect\n|move|p2a: Indeedee|Follow Me|p2a: Indeedee\n|-singleturn|p2a: Indeedee|move: Follow Me\n|move|p1b: Palafin|Jet Punch|p2a: Indeedee\n|-crit|p2a: Indeedee\n|-damage|p2a: Indeedee|0 fnt\n|faint|p2a: Indeedee\n|move|p1a: Ting-Lu|Stomping Tantrum|p2b: Torkoal\n|-activate|p2b: Torkoal|move: Protect\n|\n|-weather|SunnyDay|[upkeep]\n|upkeep\n|\n|t:|1684085239\n|switch|p2a: Hatterene|Hatterene, L50, F|14\/100\n|turn|8\n|\n|t:|1684085250\n|move|p1b: Palafin|Jet Punch|p2a: Hatterene\n|-damage|p2a: Hatterene|0 fnt\n|faint|p2a: Hatterene\n|move|p1a: Ting-Lu|Stomping Tantrum|p2b: Torkoal\n|-supereffective|p2b: Torkoal\n|-damage|p2b: Torkoal|15\/100\n|move|p2b: Torkoal|Flamethrower|p1a: Ting-Lu\n|-damage|p1a: Ting-Lu|0 fnt\n|faint|p1a: Ting-Lu\n|\n|-weather|none\n|upkeep\n|\n|t:|1684085253\n|switch|p1a: Amoonguss|Amoonguss, L50, F, shiny|100\/100\n|turn|9\n|\n|t:|1684085257\n|move|p1b: Palafin|Jet Punch|p2b: Torkoal\n|-supereffective|p2b: Torkoal\n|-damage|p2b: Torkoal|0 fnt\n|faint|p2b: Torkoal\n|\n|win|bennoVGC\n|c|\u2606mil0battles|gg\n|l|\u2606mil0battles\n","uploadtime":1684085485,"views":10,"p1id":"bennovgc","p2id":"mil0battles","formatid":"gen9vgc2023regulationc","rating":0,"private":0,"password":""}