{"id":"gen9vgc2023regulationc-1848036935","p1":"snailomi","p2":"tUb_JeNkInS1","format":"[Gen 9] VGC 2023 Regulation C","log":"|j|\u2606snailomi\n|j|\u2606tUb_JeNkInS1\n|t:|1682022929\n|gametype|doubles\n|player|p1|snailomi|2|1000\n|player|p2|tUb_JeNkInS1|drayden|1099\n|teamsize|p1|6\n|teamsize|p2|6\n|gen|9\n|tier|[Gen 9] VGC 2023 Regulation C\n|rated|\n|rule|Species Clause: Limit one of each Pok\u00e9mon\n|rule|Item Clause: Limit one of each item\n|clearpoke\n|poke|p1|Flapple, L50, M|\n|poke|p1|Sandy Shocks, L50|\n|poke|p1|Espathra, L50, F|\n|poke|p1|Arcanine, L50, F|\n|poke|p1|Iron Bundle, L50|\n|poke|p1|Dragonite, L50, F|\n|poke|p2|Iron Hands, L50|\n|poke|p2|Chien-Pao, L50|\n|poke|p2|Kilowattrel, L50, F|\n|poke|p2|Appletun, L50, M|\n|poke|p2|Baxcalibur, L50, F|\n|poke|p2|Amoonguss, L50, F|\n|teampreview|4\n|inactive|Battle timer is ON: inactive players will automatically lose when time's up. (requested by tUb_JeNkInS1)\nsnailomi rejected open team sheets.\n|c|\u2606snailomi|BROTHER\n|\n|t:|1682022958\n|start\n|switch|p1a: Flapple|Flapple, L50, M|100\/100\n|switch|p1b: Sandy Shocks|Sandy Shocks, L50|100\/100\n|switch|p2a: Iron Hands|Iron Hands, L50|100\/100\n|switch|p2b: Chien-Pao|Chien-Pao, L50|100\/100\n|-ability|p2b: Chien-Pao|Sword of Ruin\n|-enditem|p1b: Sandy Shocks|Booster Energy\n|-activate|p1b: Sandy Shocks|ability: Protosynthesis|[fromitem]\n|-start|p1b: Sandy Shocks|protosynthesisspe\n|-enditem|p2a: Iron Hands|Booster Energy\n|-activate|p2a: Iron Hands|ability: Quark Drive|[fromitem]\n|-start|p2a: Iron Hands|quarkdriveatk\n|turn|1\n|inactive|snailomi has 30 seconds left.\n|inactive|tUb_JeNkInS1 has 30 seconds left.\n|\n|t:|1682022987\n|-terastallize|p1a: Flapple|Grass\n|move|p2a: Iron Hands|Detect|p2a: Iron Hands\n|-singleturn|p2a: Iron Hands|Protect\n|move|p1b: Sandy Shocks|Gravity|p1b: Sandy Shocks\n|-fieldstart|move: Gravity\n|move|p2b: Chien-Pao|Ice Spinner|p1b: Sandy Shocks\n|-supereffective|p1b: Sandy Shocks\n|-damage|p1b: Sandy Shocks|0 fnt\n|faint|p1b: Sandy Shocks\n|-end|p1b: Sandy Shocks|Protosynthesis|[silent]\n|move|p1a: Flapple|Grav Apple|p2b: Chien-Pao\n|-enditem|p2b: Chien-Pao|Focus Sash\n|-damage|p2b: Chien-Pao|1\/100\n|-unboost|p2b: Chien-Pao|def|1\n|-damage|p1a: Flapple|91\/100|[from] item: Life Orb\n|\n|upkeep\n|\n|t:|1682023002\n|switch|p1b: Espathra|Espathra, L50, F|100\/100\n|turn|2\n|inactive|tUb_JeNkInS1 has 30 seconds left.\n|\n|t:|1682023035\n|-terastallize|p2a: Iron Hands|Grass\n|move|p1a: Flapple|Sucker Punch|p2b: Chien-Pao\n|-resisted|p2b: Chien-Pao\n|-damage|p2b: Chien-Pao|0 fnt\n|faint|p2b: Chien-Pao\n|-damage|p1a: Flapple|81\/100|[from] item: Life Orb\n|move|p1b: Espathra|Hypnosis|p2a: Iron Hands\n|-status|p2a: Iron Hands|slp|[from] move: Hypnosis\n|cant|p2a: Iron Hands|slp\n|\n|-ability|p1b: Espathra|Speed Boost|boost\n|-boost|p1b: Espathra|spe|1\n|upkeep\n|\n|t:|1682023051\n|switch|p2b: Amoonguss|Amoonguss, L50, F|100\/100\n|turn|3\n|\n|t:|1682023060\n|switch|p1b: Arcanine|Arcanine, L50, F|100\/100\n|-ability|p1b: Arcanine|Intimidate|boost\n|-unboost|p2a: Iron Hands|atk|1\n|-unboost|p2b: Amoonguss|atk|1\n|move|p1a: Flapple|Dragon Rush|p2b: Amoonguss\n|-damage|p2b: Amoonguss|28\/100\n|-enditem|p2b: Amoonguss|Sitrus Berry|[eat]\n|-heal|p2b: Amoonguss|53\/100|[from] item: Sitrus Berry\n|-damage|p1a: Flapple|72\/100|[from] item: Life Orb\n|-curestatus|p2a: Iron Hands|slp|[msg]\n|move|p2a: Iron Hands|Wild Charge|p1b: Arcanine\n|-damage|p1b: Arcanine|49\/100\n|-damage|p2a: Iron Hands|90\/100|[from] Recoil\n|move|p2b: Amoonguss|Spore|p1b: Arcanine\n|-activate|p1b: Arcanine|item: Safety Goggles|Spore\n|\n|upkeep\n|turn|4\n|inactive|snailomi has 30 seconds left.\n|\n|t:|1682023087\n|move|p2a: Iron Hands|Detect|p2a: Iron Hands\n|-singleturn|p2a: Iron Hands|Protect\n|move|p2b: Amoonguss|Protect|p2b: Amoonguss\n|-singleturn|p2b: Amoonguss|Protect\n|move|p1a: Flapple|Grav Apple|p2a: Iron Hands\n|-activate|p2a: Iron Hands|move: Protect\n|move|p1b: Arcanine|Flare Blitz|p2a: Iron Hands\n|-activate|p2a: Iron Hands|move: Protect\n|\n|upkeep\n|turn|5\n|inactive|tUb_JeNkInS1 has 30 seconds left.\n|\n|t:|1682023121\n|-end|p2a: Iron Hands|Quark Drive|[silent]\n|switch|p2a: Baxcalibur|Baxcalibur, L50, F|100\/100\n|move|p1a: Flapple|Dragon Rush|p2a: Baxcalibur\n|-supereffective|p2a: Baxcalibur\n|-damage|p2a: Baxcalibur|0 fnt\n|faint|p2a: Baxcalibur\n|-damage|p1a: Flapple|62\/100|[from] item: Life Orb\n|move|p1b: Arcanine|Flare Blitz|p2b: Amoonguss\n|-supereffective|p2b: Amoonguss\n|-damage|p2b: Amoonguss|0 fnt\n|faint|p2b: Amoonguss\n|-damage|p1b: Arcanine|30\/100|[from] Recoil\n|\n|-fieldend|move: Gravity\n|upkeep\n|\n|t:|1682023127\n|switch|p2a: Iron Hands|Iron Hands, L50, tera:Grass|90\/100\n|turn|6\n|\n|t:|1682023145\n|move|p1a: Flapple|Dragon Rush|p2a: Iron Hands\n|-damage|p2a: Iron Hands|32\/100\n|-damage|p1a: Flapple|53\/100|[from] item: Life Orb\n|move|p1b: Arcanine|Will-O-Wisp|p2a: Iron Hands\n|-status|p2a: Iron Hands|brn\n|move|p2a: Iron Hands|Drain Punch|p1b: Arcanine\n|-damage|p1b: Arcanine|6\/100\n|-heal|p2a: Iron Hands|41\/100 brn|[from] drain|[of] p1b: Arcanine\n|\n|-damage|p2a: Iron Hands|35\/100 brn|[from] brn\n|upkeep\n|turn|7\n|inactive|tUb_JeNkInS1 has 30 seconds left.\n|inactive|tUb_JeNkInS1 has 20 seconds left.\n|inactive|tUb_JeNkInS1 has 15 seconds left.\n|inactive|tUb_JeNkInS1 has 10 seconds left.\n|inactive|tUb_JeNkInS1 has 5 seconds left.\n|\n|t:|1682023200\n|move|p2a: Iron Hands|Detect|p2a: Iron Hands\n|-singleturn|p2a: Iron Hands|Protect\n|move|p1b: Arcanine|Extreme Speed|p2a: Iron Hands\n|-activate|p2a: Iron Hands|move: Protect\n|move|p1a: Flapple|Sucker Punch||[still]\n|-fail|p1a: Flapple\n|\n|-damage|p2a: Iron Hands|29\/100 brn|[from] brn\n|upkeep\n|turn|8\n|\n|t:|1682023211\n|move|p1b: Arcanine|Extreme Speed|p2a: Iron Hands\n|-damage|p2a: Iron Hands|10\/100 brn\n|move|p1a: Flapple|Sucker Punch|p2a: Iron Hands\n|-damage|p2a: Iron Hands|0 fnt\n|faint|p2a: Iron Hands\n|-end|p2a: Iron Hands|Quark Drive|[silent]\n|-damage|p1a: Flapple|43\/100|[from] item: Life Orb\n|\n|win|snailomi\n|raw|snailomi's rating: 1000 → 1051<\/strong> (+51 for winning)\n|raw|tUb_JeNkInS1's rating: 1099 → 1067<\/strong> (-32 for losing)\n|c|\u2606snailomi|gg\n","uploadtime":1682023221,"views":9,"p1id":"snailomi","p2id":"tubjenkins1","formatid":"gen9vgc2023regulationc","rating":1051,"private":0,"password":""}