{"id":"gen9vgc2023regulationc-1846496210","p1":"Ghostscythe","p2":"Echo Rose#9471","format":"[Gen 9] VGC 2023 Regulation C","log":"|j|\u2606Ghostscythe\n|j|\u2606Echo Rose#9471\n|t:|1681845755\n|gametype|doubles\n|player|p1|Ghostscythe|dahlia|1122\n|player|p2|Echo Rose#9471|169|1167\n|teamsize|p1|6\n|teamsize|p2|6\n|gen|9\n|tier|[Gen 9] VGC 2023 Regulation C\n|rated|\n|rule|Species Clause: Limit one of each Pok\u00e9mon\n|rule|Item Clause: Limit one of each item\n|clearpoke\n|poke|p1|Arcanine, L50, F|\n|poke|p1|Palafin, L50, F|\n|poke|p1|Ting-Lu, L50|\n|poke|p1|Gholdengo, L50|\n|poke|p1|Amoonguss, L50, M|\n|poke|p1|Flutter Mane, L50|\n|poke|p2|Glimmora, L50, F|\n|poke|p2|Wo-Chien, L50|\n|poke|p2|Flutter Mane, L50|\n|poke|p2|Palafin, L50, M|\n|poke|p2|Iron Hands, L50|\n|poke|p2|Talonflame, L50, M|\n|teampreview|4\nGhostscythe has agreed to open team sheets.\n|inactive|Battle timer is ON: inactive players will automatically lose when time's up. (requested by Ghostscythe)\nEcho Rose#9471 has agreed to open team sheets.\n|inactive|Ghostscythe has 60 seconds left.\n|inactive|Echo Rose#9471 has 60 seconds left.\n|inactive|Ghostscythe has 30 seconds left.\n|inactive|Echo Rose#9471 has 30 seconds left.\n|\n|t:|1681845828\n|start\n|switch|p1a: Ting-Lu|Ting-Lu, L50|100\/100\n|switch|p1b: Palafin|Palafin, L50, F|100\/100\n|switch|p2a: Talonflame|Talonflame, L50, M|100\/100\n|switch|p2b: Glimmora|Glimmora, L50, F|100\/100\n|-ability|p1a: Ting-Lu|Vessel of Ruin\n|turn|1\n|inactive|Ghostscythe has 30 seconds left.\n|inactive|Echo Rose#9471 has 30 seconds left.\n|\n|t:|1681845856\n|-terastallize|p2b: Glimmora|Grass\n|move|p1b: Palafin|Protect|p1b: Palafin\n|-singleturn|p1b: Palafin|Protect\n|move|p2a: Talonflame|Brave Bird|p1b: Palafin\n|-activate|p1b: Palafin|move: Protect\n|move|p2b: Glimmora|Power Gem|p1b: Palafin\n|-activate|p1b: Palafin|move: Protect\n|move|p1a: Ting-Lu|Ruination|p2a: Talonflame\n|-damage|p2a: Talonflame|51\/100\n|\n|upkeep\n|turn|2\n|inactive|Ghostscythe has 30 seconds left.\n|inactive|Ghostscythe has 20 seconds left.\n|inactive|Ghostscythe has 15 seconds left.\n|c|\u2606Echo Rose#9471|no fissure, respect\n|inactive|Ghostscythe has 10 seconds left.\n|\n|t:|1681845902\n|move|p2a: Talonflame|Quick Guard|p2a: Talonflame\n|-singleturn|p2a: Talonflame|Quick Guard\n|move|p1b: Palafin|Jet Punch|p2a: Talonflame\n|-activate|p2a: Talonflame|move: Quick Guard\n|move|p2b: Glimmora|Power Gem|p1b: Palafin\n|-damage|p1b: Palafin|62\/100\n|move|p1a: Ting-Lu|Heavy Slam|p2a: Talonflame\n|-resisted|p2a: Talonflame\n|-damage|p2a: Talonflame|29\/100\n|\n|upkeep\n|turn|3\n|c|\u2606Ghostscythe|yea not a fan of rng\n|\n|t:|1681845923\n|switch|p2a: Wo-Chien|Wo-Chien, L50|100\/100\n|-ability|p2a: Wo-Chien|Tablets of Ruin\n|detailschange|p1b: Palafin|Palafin-Hero, L50, F\n|switch|p1b: Arcanine|Arcanine, L50, F|100\/100\n|-ability|p1b: Arcanine|Intimidate|boost\n|-unboost|p2a: Wo-Chien|atk|1\n|-unboost|p2b: Glimmora|atk|1\n|move|p2b: Glimmora|Sludge Bomb|p1b: Arcanine\n|-damage|p1b: Arcanine|63\/100\n|move|p1a: Ting-Lu|Heavy Slam|p2a: Wo-Chien\n|-damage|p2a: Wo-Chien|73\/100\n|\n|upkeep\n|turn|4\n|inactive|Ghostscythe has 30 seconds left.\n|c|\u2606Echo Rose#9471|same\n|inactive|Ghostscythe has 20 seconds left.\n|\n|t:|1681845960\n|move|p2a: Wo-Chien|Protect|p2a: Wo-Chien\n|-singleturn|p2a: Wo-Chien|Protect\n|move|p1b: Arcanine|Flare Blitz|p2a: Wo-Chien\n|-activate|p2a: Wo-Chien|move: Protect\n|move|p2b: Glimmora|Power Gem|p1b: Arcanine\n|-supereffective|p1b: Arcanine\n|-damage|p1b: Arcanine|0 fnt\n|faint|p1b: Arcanine\n|move|p1a: Ting-Lu|Sand Tomb|p2a: Wo-Chien\n|-activate|p2a: Wo-Chien|move: Protect\n|\n|upkeep\n|\n|t:|1681845972\n|switch|p1b: Flutter Mane|Flutter Mane, L50|100\/100\n|turn|5\n|\n|t:|1681845988\n|switch|p2a: Talonflame|Talonflame, L50, M|29\/100\n|-terastallize|p1b: Flutter Mane|Fairy\n|move|p1b: Flutter Mane|Moonblast|p2b: Glimmora\n|-damage|p2b: Glimmora|36\/100\n|-enditem|p2b: Glimmora|Sitrus Berry|[eat]\n|-heal|p2b: Glimmora|61\/100|[from] item: Sitrus Berry\n|-damage|p1b: Flutter Mane|90\/100|[from] item: Life Orb\n|move|p2b: Glimmora|Sludge Bomb|p1b: Flutter Mane\n|-supereffective|p1b: Flutter Mane\n|-damage|p1b: Flutter Mane|20\/100\n|-status|p1b: Flutter Mane|psn\n|move|p1a: Ting-Lu|Ruination|p2b: Glimmora\n|-damage|p2b: Glimmora|31\/100\n|\n|-damage|p1b: Flutter Mane|7\/100 psn|[from] psn\n|upkeep\n|turn|6\n|inactive|Ghostscythe has 30 seconds left.\n|inactive|Echo Rose#9471 has 30 seconds left.\n|\n|t:|1681846023\n|move|p1b: Flutter Mane|Dazzling Gleam|p2b: Glimmora|[spread] p2a,p2b\n|-resisted|p2a: Talonflame\n|-damage|p2a: Talonflame|0 fnt\n|-damage|p2b: Glimmora|0 fnt\n|faint|p2a: Talonflame\n|faint|p2b: Glimmora\n|-damage|p1b: Flutter Mane|0 fnt|[from] item: Life Orb\n|faint|p1b: Flutter Mane\n|-end|p1b: Flutter Mane|Protosynthesis|[silent]\n|move|p1a: Ting-Lu|Heavy Slam|p2: Talonflame|[notarget]\n|-fail|p1a: Ting-Lu\n|\n|upkeep\n|\n|t:|1681846032\n|switch|p1b: Palafin|Palafin-Hero, L50, F|62\/100\n|switch|p2a: Flutter Mane|Flutter Mane, L50|100\/100\n|switch|p2b: Wo-Chien|Wo-Chien, L50|73\/100\n|-activate|p1b: Palafin|ability: Zero to Hero\n|-ability|p2b: Wo-Chien|Tablets of Ruin\n|-enditem|p2a: Flutter Mane|Booster Energy\n|-activate|p2a: Flutter Mane|ability: Protosynthesis|[fromitem]\n|-start|p2a: Flutter Mane|protosynthesisspa\n|turn|7\n|inactive|Ghostscythe has 30 seconds left.\n|inactive|Echo Rose#9471 has 30 seconds left.\n|\n|t:|1681846067\n|move|p1b: Palafin|Jet Punch|p2a: Flutter Mane\n|-damage|p2a: Flutter Mane|48\/100\n|move|p2a: Flutter Mane|Dazzling Gleam|p1a: Ting-Lu|[spread] p1a,p1b\n|-supereffective|p1a: Ting-Lu\n|-damage|p1a: Ting-Lu|66\/100\n|-damage|p1b: Palafin|32\/100\n|move|p2b: Wo-Chien|Leech Seed|p1a: Ting-Lu\n|-start|p1a: Ting-Lu|move: Leech Seed\n|move|p1a: Ting-Lu|Heavy Slam|p2a: Flutter Mane\n|-supereffective|p2a: Flutter Mane\n|-damage|p2a: Flutter Mane|0 fnt\n|faint|p2a: Flutter Mane\n|-end|p2a: Flutter Mane|Protosynthesis|[silent]\n|\n|-damage|p1a: Ting-Lu|54\/100|[from] Leech Seed|[of] p2b: Wo-Chien\n|-heal|p2b: Wo-Chien|90\/100|[silent]\n|upkeep\n|turn|8\n|\n|t:|1681846085\n|move|p1b: Palafin|Protect|p1b: Palafin\n|-singleturn|p1b: Palafin|Protect\n|move|p2b: Wo-Chien|Protect|p2b: Wo-Chien\n|-singleturn|p2b: Wo-Chien|Protect\n|move|p1a: Ting-Lu|Ruination|p2b: Wo-Chien\n|-activate|p2b: Wo-Chien|move: Protect\n|\n|-damage|p1a: Ting-Lu|42\/100|[from] Leech Seed|[of] p2b: Wo-Chien\n|-heal|p2b: Wo-Chien|100\/100|[silent]\n|upkeep\n|turn|9\n|\n|t:|1681846104\n|move|p1b: Palafin|Jet Punch|p2b: Wo-Chien\n|-resisted|p2b: Wo-Chien\n|-damage|p2b: Wo-Chien|85\/100\n|move|p2b: Wo-Chien|Leech Seed|p1b: Palafin\n|-start|p1b: Palafin|move: Leech Seed\n|move|p1a: Ting-Lu|Heavy Slam|p2b: Wo-Chien\n|-damage|p2b: Wo-Chien|56\/100\n|\n|-damage|p1b: Palafin|20\/100|[from] Leech Seed|[of] p2b: Wo-Chien\n|-heal|p2b: Wo-Chien|69\/100|[silent]\n|-damage|p1a: Ting-Lu|30\/100|[from] Leech Seed|[of] p2b: Wo-Chien\n|-heal|p2b: Wo-Chien|86\/100|[silent]\n|upkeep\n|turn|10\n|\n|t:|1681846116\n|move|p1b: Palafin|Protect|p1b: Palafin\n|-singleturn|p1b: Palafin|Protect\n|move|p2b: Wo-Chien|Pollen Puff|p1a: Ting-Lu\n|-supereffective|p1a: Ting-Lu\n|-damage|p1a: Ting-Lu|13\/100\n|move|p1a: Ting-Lu|Ruination|p2b: Wo-Chien\n|-damage|p2b: Wo-Chien|43\/100\n|\n|-damage|p1b: Palafin|8\/100|[from] Leech Seed|[of] p2b: Wo-Chien\n|-heal|p2b: Wo-Chien|56\/100|[silent]\n|-damage|p1a: Ting-Lu|1\/100|[from] Leech Seed|[of] p2b: Wo-Chien\n|-heal|p2b: Wo-Chien|73\/100|[silent]\n|upkeep\n|turn|11\n|c|\u2606Echo Rose#9471|GG\n|c|\u2606Echo Rose#9471|WP\n|c|\u2606Ghostscythe|gg\n|-message|Ghostscythe forfeited.\n|\n|win|Echo Rose#9471\n|raw|Ghostscythe's rating: 1122 → 1100<\/strong> (-22 for losing)\n|raw|Echo Rose#9471's rating: 1167 → 1189<\/strong> (+22 for winning)\n|l|\u2606Ghostscythe\n","uploadtime":1681846138,"views":6,"p1id":"ghostscythe","p2id":"echorose9471","formatid":"gen9vgc2023regulationc","rating":1100,"private":0,"password":""}