{"id":"gen9vgc2023regulationc-1862076556","p1":"jscoot12","p2":"coolcamden40","format":"[Gen 9] VGC 2023 Regulation C","log":"|j|\u2606jscoot12\n|j|\u2606coolcamden40\n|t:|1683834595\n|gametype|doubles\n|player|p1|jscoot12|265|1235\n|player|p2|coolcamden40|266|1206\n|teamsize|p1|6\n|teamsize|p2|6\n|gen|9\n|tier|[Gen 9] VGC 2023 Regulation C\n|rated|\n|rule|Species Clause: Limit one of each Pok\u00e9mon\n|rule|Item Clause: Limit one of each item\n|clearpoke\n|poke|p1|Orthworm, L50, M|\n|poke|p1|Gyarados, L50, F|\n|poke|p1|Dragonite, L50, F|\n|poke|p1|Flutter Mane, L50|\n|poke|p1|Ting-Lu, L50|\n|poke|p1|Ceruledge, L50, M|\n|poke|p2|Torkoal, L50, F|\n|poke|p2|Kingambit, L50, M|\n|poke|p2|Flutter Mane, L50|\n|poke|p2|Chi-Yu, L50|\n|poke|p2|Great Tusk, L50|\n|poke|p2|Chien-Pao, L50|\n|teampreview|4\njscoot12 has agreed to open team sheets.\n|\n|t:|1683834631\n|start\n|switch|p1a: Ting-Lu|Ting-Lu, L50|100\/100\n|switch|p1b: Dragonite|Dragonite, L50, F|100\/100\n|switch|p2a: Torkoal|Torkoal, L50, F|100\/100\n|switch|p2b: Great Tusk|Great Tusk, L50|100\/100\n|-ability|p1a: Ting-Lu|Vessel of Ruin\n|-weather|SunnyDay|[from] ability: Drought|[of] p2a: Torkoal\n|-activate|p2b: Great Tusk|ability: Protosynthesis\n|-start|p2b: Great Tusk|protosynthesisatk\n|turn|1\n|\n|t:|1683834660\n|move|p2b: Great Tusk|Close Combat|p1a: Ting-Lu\n|-supereffective|p1a: Ting-Lu\n|-damage|p1a: Ting-Lu|0 fnt\n|-unboost|p2b: Great Tusk|def|1\n|-unboost|p2b: Great Tusk|spd|1\n|faint|p1a: Ting-Lu\n|move|p1b: Dragonite|Tailwind|p1b: Dragonite\n|-sidestart|p1: jscoot12|move: Tailwind\n|move|p2a: Torkoal|Overheat|p1b: Dragonite\n|-resisted|p1b: Dragonite\n|-damage|p1b: Dragonite|88\/100\n|-unboost|p2a: Torkoal|spa|2\n|-enditem|p2a: Torkoal|Eject Pack\n|\n|t:|1683834676\n|switch|p2a: Kingambit|Kingambit, L50, M|100\/100\n|\n|-weather|SunnyDay|[upkeep]\n|upkeep\n|\n|t:|1683834681\n|switch|p1a: Flutter Mane|Flutter Mane, L50|100\/100\n|-activate|p1a: Flutter Mane|ability: Protosynthesis\n|-start|p1a: Flutter Mane|protosynthesisspe\n|turn|2\n|\n|t:|1683834702\n|-end|p2b: Great Tusk|Protosynthesis|[silent]\n|switch|p2b: Torkoal|Torkoal, L50, F|100\/100\n|move|p1a: Flutter Mane|Dazzling Gleam|p2a: Kingambit|[spread] p2a,p2b\n|-resisted|p2b: Torkoal\n|-damage|p2a: Kingambit|75\/100\n|-damage|p2b: Torkoal|87\/100\n|move|p1b: Dragonite|Ice Spinner|p2b: Torkoal\n|-resisted|p2b: Torkoal\n|-damage|p2b: Torkoal|76\/100\n|move|p2a: Kingambit|Swords Dance|p2a: Kingambit\n|-boost|p2a: Kingambit|atk|2\n|\n|-weather|SunnyDay|[upkeep]\n|upkeep\n|turn|3\n|\n|t:|1683834724\n|move|p1a: Flutter Mane|Protect|p1a: Flutter Mane\n|-singleturn|p1a: Flutter Mane|Protect\n|move|p2a: Kingambit|Sucker Punch||[still]\n|-fail|p2a: Kingambit\n|move|p1b: Dragonite|Earthquake|p2b: Torkoal|[spread] p2a,p2b\n|-activate|p1a: Flutter Mane|move: Protect\n|-supereffective|p2a: Kingambit\n|-supereffective|p2b: Torkoal\n|-damage|p2a: Kingambit|34\/100\n|-damage|p2b: Torkoal|34\/100\n|move|p2b: Torkoal|Yawn|p1b: Dragonite\n|-start|p1b: Dragonite|move: Yawn|[of] p2b: Torkoal\n|\n|-weather|SunnyDay|[upkeep]\n|upkeep\n|turn|4\n|\n|t:|1683834751\n|-end|p1a: Flutter Mane|Protosynthesis|[silent]\n|switch|p1a: Orthworm|Orthworm, L50, M|100\/100\n|move|p2a: Kingambit|Protect|p2a: Kingambit\n|-singleturn|p2a: Kingambit|Protect\n|move|p2b: Torkoal|Protect|p2b: Torkoal\n|-singleturn|p2b: Torkoal|Protect\n|move|p1b: Dragonite|Earthquake|p2a: Kingambit|[spread] \n|-activate|p2a: Kingambit|move: Protect\n|-activate|p2b: Torkoal|move: Protect\n|-immune|p1a: Orthworm|[from] ability: Earth Eater\n|\n|-weather|SunnyDay|[upkeep]\n|-end|p1b: Dragonite|move: Yawn|[silent]\n|-status|p1b: Dragonite|slp\n|-enditem|p1b: Dragonite|Lum Berry|[eat]\n|-curestatus|p1b: Dragonite|slp|[msg]\n|-sideend|p1: jscoot12|move: Tailwind\n|upkeep\n|turn|5\n|\n|t:|1683834777\n|-terastallize|p2a: Kingambit|Dark\n|move|p2a: Kingambit|Sucker Punch|p1b: Dragonite\n|-damage|p1b: Dragonite|0 fnt\n|faint|p1b: Dragonite\n|move|p1a: Orthworm|Body Press|p2a: Kingambit\n|-supereffective|p2a: Kingambit\n|-damage|p2a: Kingambit|0 fnt\n|faint|p2a: Kingambit\n|move|p2b: Torkoal|Overheat|p1a: Orthworm\n|-supereffective|p1a: Orthworm\n|-damage|p1a: Orthworm|0 fnt\n|-unboost|p2b: Torkoal|spa|2\n|faint|p1a: Orthworm\n|\n|-weather|none\n|upkeep\n|\n|t:|1683834797\n|switch|p1b: Flutter Mane|Flutter Mane, L50|100\/100\n|switch|p2a: Chi-Yu|Chi-Yu, L50|100\/100\n|-ability|p2a: Chi-Yu|Beads of Ruin\n|-enditem|p1b: Flutter Mane|Booster Energy\n|-activate|p1b: Flutter Mane|ability: Protosynthesis|[fromitem]\n|-start|p1b: Flutter Mane|protosynthesisspe\n|turn|6\n|\n|t:|1683834811\n|move|p2a: Chi-Yu|Protect|p2a: Chi-Yu\n|-singleturn|p2a: Chi-Yu|Protect\n|move|p1b: Flutter Mane|Shadow Ball|p2b: Torkoal\n|-damage|p2b: Torkoal|0 fnt\n|faint|p2b: Torkoal\n|\n|upkeep\n|\n|t:|1683834818\n|switch|p2b: Great Tusk|Great Tusk, L50|100\/100\n|turn|7\n|\n|t:|1683834833\n|move|p1b: Flutter Mane|Dazzling Gleam|p2a: Chi-Yu|[spread] p2a,p2b\n|-supereffective|p2b: Great Tusk\n|-damage|p2a: Chi-Yu|72\/100\n|-damage|p2b: Great Tusk|0 fnt\n|faint|p2b: Great Tusk\n|-end|p2b: Great Tusk|Protosynthesis|[silent]\n|move|p2a: Chi-Yu|Dark Pulse|p1b: Flutter Mane\n|-damage|p1b: Flutter Mane|46\/100\n|\n|-heal|p2a: Chi-Yu|78\/100|[from] item: Leftovers\n|upkeep\n|turn|8\n|inactive|Battle timer is ON: inactive players will automatically lose when time's up. (requested by coolcamden40)\n|\n|t:|1683834867\n|-terastallize|p1b: Flutter Mane|Fairy\n|move|p2a: Chi-Yu|Protect|p2a: Chi-Yu\n|-singleturn|p2a: Chi-Yu|Protect\n|move|p1b: Flutter Mane|Shadow Ball|p2a: Chi-Yu\n|-activate|p2a: Chi-Yu|move: Protect\n|\n|-heal|p2a: Chi-Yu|83\/100|[from] item: Leftovers\n|upkeep\n|turn|9\n|\n|t:|1683834881\n|move|p1b: Flutter Mane|Shadow Ball|p2a: Chi-Yu\n|-resisted|p2a: Chi-Yu\n|-damage|p2a: Chi-Yu|62\/100\n|-unboost|p2a: Chi-Yu|spd|1\n|move|p2a: Chi-Yu|Heat Wave|p1b: Flutter Mane|[miss]\n|-miss|p2a: Chi-Yu|p1b: Flutter Mane\n|\n|-heal|p2a: Chi-Yu|68\/100|[from] item: Leftovers\n|upkeep\n|turn|10\n|\n|t:|1683834893\n|move|p2a: Chi-Yu|Protect|p2a: Chi-Yu\n|-singleturn|p2a: Chi-Yu|Protect\n|move|p1b: Flutter Mane|Thunderbolt|p2a: Chi-Yu\n|-activate|p2a: Chi-Yu|move: Protect\n|\n|-heal|p2a: Chi-Yu|74\/100|[from] item: Leftovers\n|upkeep\n|turn|11\n|\n|t:|1683834901\n|move|p1b: Flutter Mane|Thunderbolt|p2a: Chi-Yu\n|-damage|p2a: Chi-Yu|29\/100\n|move|p2a: Chi-Yu|Heat Wave|p1b: Flutter Mane|[miss]\n|-miss|p2a: Chi-Yu|p1b: Flutter Mane\n|\n|-heal|p2a: Chi-Yu|35\/100|[from] item: Leftovers\n|upkeep\n|turn|12\n|\n|t:|1683834909\n|move|p2a: Chi-Yu|Protect|p2a: Chi-Yu\n|-singleturn|p2a: Chi-Yu|Protect\n|move|p1b: Flutter Mane|Thunderbolt|p2a: Chi-Yu\n|-activate|p2a: Chi-Yu|move: Protect\n|\n|-heal|p2a: Chi-Yu|41\/100|[from] item: Leftovers\n|upkeep\n|turn|13\n|\n|t:|1683834918\n|move|p1b: Flutter Mane|Thunderbolt|p2a: Chi-Yu\n|-damage|p2a: Chi-Yu|0 fnt\n|faint|p2a: Chi-Yu\n|\n|win|jscoot12\n|raw|jscoot12's rating: 1235 → 1258<\/strong> (+23 for winning)\n|raw|coolcamden40's rating: 1206 → 1183<\/strong> (-23 for losing)\n|c|\u2606coolcamden40|gg\n|c|\u2606coolcamden40|i hate this game\n|c|\u2606jscoot12|gg\n","uploadtime":1683834951,"views":14,"p1id":"jscoot12","p2id":"coolcamden40","formatid":"gen9vgc2023regulationc","rating":1183,"private":0,"password":""}