{"id":"gen9vgc2023regulationc-1855277502","p1":"StantlerGOAT","p2":"Niklasolofgfxfdf","format":"[Gen 9] VGC 2023 Regulation C","log":"|j|\u2606StantlerGOAT\n|j|\u2606Niklasolofgfxfdf\n|t:|1682928420\n|gametype|doubles\n|player|p1|StantlerGOAT|265|1076\n|player|p2|Niklasolofgfxfdf|170|1063\n|teamsize|p1|6\n|teamsize|p2|6\n|gen|9\n|tier|[Gen 9] VGC 2023 Regulation C\n|rated|\n|rule|Species Clause: Limit one of each Pok\u00e9mon\n|rule|Item Clause: Limit one of each item\n|clearpoke\n|poke|p1|Crabominable, L50, M|\n|poke|p1|Farigiraf, L50, F|\n|poke|p1|Ting-Lu, L50|\n|poke|p1|Corviknight, L50, M|\n|poke|p1|Abomasnow, L50, F|\n|poke|p1|Clawitzer, L50, F|\n|poke|p2|Dragapult, L50, M|\n|poke|p2|Dragonite, L50, M|\n|poke|p2|Brute Bonnet, L50|\n|poke|p2|Chien-Pao, L50|\n|poke|p2|Maushold, L50|\n|poke|p2|Flamigo, L50, F|\n|teampreview|4\n|inactive|Battle timer is ON: inactive players will automatically lose when time's up. (requested by StantlerGOAT)\n|\n|t:|1682928446\n|start\n|switch|p1a: Crabominable|Crabominable, L50, M|100\/100\n|switch|p1b: Farigiraf|Farigiraf, L50, F|100\/100\n|switch|p2a: Dragonite|Dragonite, L50, M|100\/100\n|switch|p2b: Brute Bonnet|Brute Bonnet, L50|100\/100\n|-enditem|p2b: Brute Bonnet|Booster Energy\n|-activate|p2b: Brute Bonnet|ability: Protosynthesis|[fromitem]\n|-start|p2b: Brute Bonnet|protosynthesisdef\n|turn|1\n|\n|t:|1682928465\n|-terastallize|p2a: Dragonite|Ground\n|-terastallize|p1a: Crabominable|Grass\n|move|p2a: Dragonite|Dragon Dance|p2a: Dragonite\n|-boost|p2a: Dragonite|atk|1\n|-boost|p2a: Dragonite|spe|1\n|move|p2b: Brute Bonnet|Spore|p1a: Crabominable\n|-immune|p1a: Crabominable\n|move|p1a: Crabominable|Drain Punch|p2b: Brute Bonnet\n|-supereffective|p2b: Brute Bonnet\n|-damage|p2b: Brute Bonnet|41\/100\n|move|p1b: Farigiraf|Trick Room|p1b: Farigiraf\n|-fieldstart|move: Trick Room|[of] p1b: Farigiraf\n|\n|upkeep\n|turn|2\n|inactive|StantlerGOAT has 30 seconds left.\n|\n|t:|1682928492\n|move|p1a: Crabominable|Drain Punch|p2b: Brute Bonnet\n|-supereffective|p2b: Brute Bonnet\n|-damage|p2b: Brute Bonnet|0 fnt\n|faint|p2b: Brute Bonnet\n|-end|p2b: Brute Bonnet|Protosynthesis|[silent]\n|move|p1b: Farigiraf|Foul Play|p2a: Dragonite\n|-damage|p2a: Dragonite|85\/100\n|move|p2a: Dragonite|Dragon Dance|p2a: Dragonite\n|-boost|p2a: Dragonite|atk|1\n|-boost|p2a: Dragonite|spe|1\n|\n|-heal|p2a: Dragonite|91\/100|[from] item: Leftovers\n|upkeep\n|inactive|Niklasolofgfxfdf has 30 seconds left.\n|inactive|Niklasolofgfxfdf has 20 seconds left.\n|inactive|Niklasolofgfxfdf has 15 seconds left.\n|\n|t:|1682928533\n|switch|p2b: Chien-Pao|Chien-Pao, L50|100\/100\n|-ability|p2b: Chien-Pao|Sword of Ruin\n|-item|p2b: Chien-Pao|Air Balloon\n|turn|3\n|\n|t:|1682928546\n|move|p1a: Crabominable|Drain Punch|p2b: Chien-Pao\n|-supereffective|p2b: Chien-Pao\n|-damage|p2b: Chien-Pao|0 fnt\n|-enditem|p2b: Chien-Pao|Air Balloon\n|faint|p2b: Chien-Pao\n|move|p1b: Farigiraf|Foul Play|p2a: Dragonite\n|-damage|p2a: Dragonite|45\/100\n|move|p2a: Dragonite|Dragon Dance|p2a: Dragonite\n|-boost|p2a: Dragonite|atk|1\n|-boost|p2a: Dragonite|spe|1\n|\n|-heal|p2a: Dragonite|51\/100|[from] item: Leftovers\n|upkeep\n|\n|t:|1682928554\n|switch|p2b: Flamigo|Flamigo, L50, F|100\/100\n|-copyboost|p2b: Flamigo|p2a: Dragonite|[from] ability: Costar\n|turn|4\n|\n|t:|1682928568\n|move|p1a: Crabominable|Ice Punch|p2a: Dragonite\n|-supereffective|p2a: Dragonite\n|-damage|p2a: Dragonite|0 fnt\n|faint|p2a: Dragonite\n|move|p1b: Farigiraf|Foul Play|p2b: Flamigo\n|-resisted|p2b: Flamigo\n|-damage|p2b: Flamigo|52\/100\n|move|p2b: Flamigo|Acrobatics|p1a: Crabominable\n|-supereffective|p1a: Crabominable\n|-damage|p1a: Crabominable|0 fnt\n|faint|p1a: Crabominable\n|\n|upkeep\n|\n|t:|1682928580\n|switch|p1a: Abomasnow|Abomasnow, L50, F|100\/100\n|-weather|Snow|[from] ability: Snow Warning|[of] p1a: Abomasnow\n|turn|5\n|\n|t:|1682928600\n|move|p1b: Farigiraf|Foul Play|p2b: Flamigo\n|-resisted|p2b: Flamigo\n|-damage|p2b: Flamigo|4\/100\n|move|p1a: Abomasnow|Aurora Veil|p1a: Abomasnow\n|-sidestart|p1: StantlerGOAT|move: Aurora Veil\n|move|p2b: Flamigo|Thief|p1b: Farigiraf\n|-supereffective|p1b: Farigiraf\n|-damage|p1b: Farigiraf|38\/100\n|-enditem|p1b: Farigiraf|Mental Herb|[silent]|[from] move: Thief|[of] p2b: Flamigo\n|-item|p2b: Flamigo|Mental Herb|[from] move: Thief|[of] p1b: Farigiraf\n|\n|-weather|Snow|[upkeep]\n|-fieldend|move: Trick Room\n|upkeep\n|turn|6\n|\n|t:|1682928612\n|move|p2b: Flamigo|Acrobatics|p1a: Abomasnow\n|-supereffective|p1a: Abomasnow\n|-damage|p1a: Abomasnow|25\/100\n|move|p1a: Abomasnow|Blizzard|p2b: Flamigo\n|-supereffective|p2b: Flamigo\n|-damage|p2b: Flamigo|0 fnt\n|faint|p2b: Flamigo\n|\n|win|StantlerGOAT\n|raw|StantlerGOAT's rating: 1076 → 1104<\/strong> (+28 for winning)\n|raw|Niklasolofgfxfdf's rating: 1063 → 1044<\/strong> (-19 for losing)\n|l|\u2606Niklasolofgfxfdf\n","uploadtime":1682928628,"views":25,"p1id":"stantlergoat","p2id":"niklasolofgfxfdf","formatid":"gen9vgc2023regulationc","rating":1044,"private":0,"password":""}