{"id":"gen9vgc2023regulationc-1849934908","p1":"zsdgfz","p2":"WillieDangerously","format":"[Gen 9] VGC 2023 Regulation C","log":"|j|\u2606zsdgfz\n|j|\u2606WillieDangerously\n|t:|1682269758\n|gametype|doubles\n|player|p1|zsdgfz|170|1000\n|player|p2|WillieDangerously|psychic-gen4|1039\n|teamsize|p1|6\n|teamsize|p2|6\n|gen|9\n|tier|[Gen 9] VGC 2023 Regulation C\n|rated|\n|rule|Species Clause: Limit one of each Pok\u00e9mon\n|rule|Item Clause: Limit one of each item\n|clearpoke\n|poke|p1|Flutter Mane, L50|\n|poke|p1|Palafin, L50, F|\n|poke|p1|Arcanine, L50, F|\n|poke|p1|Amoonguss, L50, M|\n|poke|p1|Ting-Lu, L50|\n|poke|p1|Dragonite, L50, F|\n|poke|p2|Espathra, L50, M|\n|poke|p2|Iron Bundle, L50|\n|poke|p2|Iron Valiant, L50|\n|poke|p2|Salamence, L50, F|\n|poke|p2|Scizor, L50, F|\n|poke|p2|Sandy Shocks, L50|\n|teampreview|4\n|inactive|Battle timer is ON: inactive players will automatically lose when time's up. (requested by zsdgfz)\n|\n|t:|1682269811\n|start\n|switch|p1a: Flutter Mane|Flutter Mane, L50|100\/100\n|switch|p1b: Palafin|Palafin, L50, F|100\/100\n|switch|p2a: Sandy Shocks|Sandy Shocks, L50|100\/100\n|switch|p2b: Espathra|Espathra, L50, M|100\/100\n|-enditem|p2a: Sandy Shocks|Booster Energy\n|-activate|p2a: Sandy Shocks|ability: Protosynthesis|[fromitem]\n|-start|p2a: Sandy Shocks|protosynthesisspe\n|-enditem|p1a: Flutter Mane|Booster Energy\n|-activate|p1a: Flutter Mane|ability: Protosynthesis|[fromitem]\n|-start|p1a: Flutter Mane|protosynthesisspa\n|turn|1\n|inactive|WillieDangerously has 30 seconds left.\n|\n|t:|1682269841\n|-terastallize|p1b: Palafin|Water\n|move|p2a: Sandy Shocks|Protect|p2a: Sandy Shocks\n|-singleturn|p2a: Sandy Shocks|Protect\n|move|p1b: Palafin|Jet Punch|p2a: Sandy Shocks\n|-activate|p2a: Sandy Shocks|move: Protect\n|move|p2b: Espathra|Lumina Crash|p1a: Flutter Mane\n|-damage|p1a: Flutter Mane|74\/100\n|-unboost|p1a: Flutter Mane|spd|2\n|move|p1a: Flutter Mane|Dazzling Gleam|p2b: Espathra|[spread] p2b\n|-activate|p2a: Sandy Shocks|move: Protect\n|-damage|p2b: Espathra|45\/100\n|\n|-ability|p2b: Espathra|Speed Boost|boost\n|-boost|p2b: Espathra|spe|1\n|upkeep\n|turn|2\n|\n|t:|1682269864\n|-terastallize|p2a: Sandy Shocks|Ghost\n|move|p1a: Flutter Mane|Protect|p1a: Flutter Mane\n|-singleturn|p1a: Flutter Mane|Protect\n|move|p1b: Palafin|Protect|p1b: Palafin\n|-singleturn|p1b: Palafin|Protect\n|move|p2b: Espathra|Hypnosis|p1a: Flutter Mane\n|-activate|p1a: Flutter Mane|move: Protect\n|move|p2a: Sandy Shocks|Gravity|p2a: Sandy Shocks\n|-fieldstart|move: Gravity\n|\n|-ability|p2b: Espathra|Speed Boost|boost\n|-boost|p2b: Espathra|spe|1\n|upkeep\n|turn|3\n|inactive|WillieDangerously has 30 seconds left.\n|\n|t:|1682269896\n|move|p1b: Palafin|Jet Punch|p2b: Espathra\n|-damage|p2b: Espathra|0 fnt\n|faint|p2b: Espathra\n|move|p2a: Sandy Shocks|Thunder|p1a: Flutter Mane\n|-damage|p1a: Flutter Mane|0 fnt\n|faint|p1a: Flutter Mane\n|-end|p1a: Flutter Mane|Protosynthesis|[silent]\n|\n|upkeep\n|\n|t:|1682269909\n|switch|p2b: Iron Bundle|Iron Bundle, L50|100\/100\n|switch|p1a: Ting-Lu|Ting-Lu, L50|100\/100\n|-ability|p1a: Ting-Lu|Vessel of Ruin\n|turn|4\n|\n|t:|1682269925\n|detailschange|p1b: Palafin|Palafin-Hero, L50, F, tera:Water\n|switch|p1b: Arcanine|Arcanine, L50, F|100\/100\n|-ability|p1b: Arcanine|Intimidate|boost\n|-unboost|p2a: Sandy Shocks|atk|1\n|-fail|p2b: Iron Bundle|unboost|[from] item: Clear Amulet|[of] p2b: Iron Bundle\n|move|p2a: Sandy Shocks|Thunder|p1b: Arcanine\n|-damage|p1b: Arcanine|58\/100\n|move|p2b: Iron Bundle|Blizzard|p1a: Ting-Lu|[spread] p1a,p1b\n|-supereffective|p1a: Ting-Lu\n|-resisted|p1b: Arcanine\n|-damage|p1a: Ting-Lu|72\/100\n|-damage|p1b: Arcanine|42\/100\n|move|p1a: Ting-Lu|Ruination|p2b: Iron Bundle\n|-damage|p2b: Iron Bundle|51\/100\n|\n|upkeep\n|turn|5\n|inactive|WillieDangerously has 30 seconds left.\n|\n|t:|1682269957\n|move|p1b: Arcanine|Protect|p1b: Arcanine\n|-singleturn|p1b: Arcanine|Protect\n|move|p2a: Sandy Shocks|Earth Power|p1b: Arcanine\n|-activate|p1b: Arcanine|move: Protect\n|move|p2b: Iron Bundle|Hydro Pump|p1a: Ting-Lu\n|-supereffective|p1a: Ting-Lu\n|-damage|p1a: Ting-Lu|32\/100\n|move|p1a: Ting-Lu|Ruination|p2a: Sandy Shocks\n|-damage|p2a: Sandy Shocks|50\/100\n|\n|upkeep\n|turn|6\n|\n|t:|1682269977\n|switch|p1a: Palafin|Palafin-Hero, L50, F, tera:Water|100\/100\n|-activate|p1a: Palafin|ability: Zero to Hero\n|move|p1b: Arcanine|Extreme Speed|p2b: Iron Bundle\n|-damage|p2b: Iron Bundle|24\/100\n|move|p2a: Sandy Shocks|Earth Power|p1b: Arcanine\n|-supereffective|p1b: Arcanine\n|-damage|p1b: Arcanine|0 fnt\n|faint|p1b: Arcanine\n|move|p2b: Iron Bundle|Hydro Pump|p1a: Palafin\n|-resisted|p1a: Palafin\n|-damage|p1a: Palafin|76\/100\n|\n|-fieldend|move: Gravity\n|upkeep\n|\n|t:|1682269988\n|switch|p1b: Ting-Lu|Ting-Lu, L50|32\/100\n|-ability|p1b: Ting-Lu|Vessel of Ruin\n|turn|7\n|\n|t:|1682270005\n|-end|p2a: Sandy Shocks|Protosynthesis|[silent]\n|switch|p2a: Salamence|Salamence, L50, F|100\/100\n|move|p1a: Palafin|Jet Punch|p2a: Salamence\n|-resisted|p2a: Salamence\n|-damage|p2a: Salamence|59\/100\n|move|p2b: Iron Bundle|Hydro Pump|p1b: Ting-Lu\n|-supereffective|p1b: Ting-Lu\n|-damage|p1b: Ting-Lu|0 fnt\n|faint|p1b: Ting-Lu\n|\n|upkeep\n|turn|8\n|inactive|zsdgfz has 30 seconds left.\n|inactive|WillieDangerously has 30 seconds left.\n|inactive|zsdgfz has 20 seconds left.\n|inactive|zsdgfz has 15 seconds left.\n|\n|t:|1682270046\n|move|p2b: Iron Bundle|Protect|p2b: Iron Bundle\n|-singleturn|p2b: Iron Bundle|Protect\n|move|p1a: Palafin|Protect|p1a: Palafin\n|-singleturn|p1a: Palafin|Protect\n|move|p2a: Salamence|Crunch|p1a: Palafin\n|-activate|p1a: Palafin|move: Protect\n|\n|upkeep\n|turn|9\n|inactive|zsdgfz has 30 seconds left.\n|\n|t:|1682270077\n|move|p1a: Palafin|Jet Punch|p2b: Iron Bundle\n|-resisted|p2b: Iron Bundle\n|-damage|p2b: Iron Bundle|0 fnt\n|faint|p2b: Iron Bundle\n|-end|p2b: Iron Bundle|Quark Drive|[silent]\n|move|p2a: Salamence|Crunch|p1a: Palafin\n|-damage|p1a: Palafin|50\/100\n|-unboost|p1a: Palafin|def|1\n|\n|upkeep\n|-message|zsdgfz forfeited.\n|\n|win|WillieDangerously\n|raw|zsdgfz's rating: 1000 → 1000<\/strong> (+0 for losing)\n|raw|WillieDangerously's rating: 1039 → 1069<\/strong> (+30 for winning)\n|l|\u2606zsdgfz\n","uploadtime":1682270086,"views":6,"p1id":"zsdgfz","p2id":"williedangerously","formatid":"gen9vgc2023regulationc","rating":1000,"private":0,"password":""}