{"id":"gen9vgc2023regulationc-1846574757","p1":"H0p5t3r","p2":"House of Toga","format":"[Gen 9] VGC 2023 Regulation C","log":"|j|\u2606H0p5t3r\n|j|\u2606House of Toga\n|t:|1681853196\n|gametype|doubles\n|player|p1|H0p5t3r|guitarist|\n|player|p2|House of Toga|skierf|\n|teamsize|p1|6\n|teamsize|p2|6\n|gen|9\n|tier|[Gen 9] VGC 2023 Regulation C\n|rule|Species Clause: Limit one of each Pok\u00e9mon\n|rule|Item Clause: Limit one of each item\n|clearpoke\n|poke|p1|Azurill, L5, M|\n|poke|p1|Girafarig, L5, F|\n|poke|p1|Toxel, L5, M|\n|poke|p1|Hoppip, L5, F|\n|poke|p1|Gothita, L5, F|\n|poke|p1|Ralts, L5, F|\n|poke|p2|Misdreavus, L5, F|\n|poke|p2|Psyduck, L5, M|\n|poke|p2|Hatenna, L5, F|\n|poke|p2|Clauncher, L5, F|\n|poke|p2|Noibat, L5, F|\n|poke|p2|Bounsweet, L5, F|\n|teampreview|4\nH0p5t3r rejected open team sheets.\n|j| LewisG93\n|j| mharidain\n|j| Cerpin T\n|c| Cerpin T|hello\n|j| Spageddy69\n|j| haydyg\n|c|\u2606House of Toga|steady ready\n|\n|t:|1681853265\n|start\n|switch|p1a: Mechagodzilla|Girafarig, L5, F|100\/100\n|switch|p1b: Bender|Hoppip, L5, F|100\/100\n|switch|p2a: Missy Elliott|Misdreavus, L5, F|100\/100\n|switch|p2b: Ariana Grande|Hatenna, L5, F|100\/100\n|turn|1\n|\n|t:|1681853313\n|move|p1a: Mechagodzilla|Psyshock|p2a: Missy Elliott\n|-damage|p2a: Missy Elliott|52\/100\n|-damage|p1a: Mechagodzilla|92\/100|[from] item: Life Orb\n|move|p2a: Missy Elliott|Will-O-Wisp|p1b: Bender\n|-status|p1b: Bender|brn\n|move|p1b: Bender|Tailwind|p1b: Bender\n|-sidestart|p1: H0p5t3r|move: Tailwind\n|move|p2b: Ariana Grande|Mystical Fire|p1b: Bender\n|-supereffective|p1b: Bender\n|-enditem|p1b: Bender|Focus Sash\n|-damage|p1b: Bender|5\/100 brn\n|-unboost|p1b: Bender|spa|1\n|-damage|p2b: Ariana Grande|92\/100|[from] item: Life Orb\n|\n|-damage|p1b: Bender|0 fnt|[from] brn\n|faint|p1b: Bender\n|upkeep\n|\n|t:|1681853356\n|switch|p1b: R2D2|Azurill, L5, M|100\/100\n|turn|2\n|\n|t:|1681853383\n|move|p1b: R2D2|Aqua Jet|p2b: Ariana Grande\n|-crit|p2b: Ariana Grande\n|-damage|p2b: Ariana Grande|40\/100\n|move|p1a: Mechagodzilla|Psyshock|p2a: Missy Elliott\n|-damage|p2a: Missy Elliott|4\/100\n|-damage|p1a: Mechagodzilla|84\/100|[from] item: Life Orb\n|move|p2a: Missy Elliott|Shadow Ball|p1a: Mechagodzilla\n|-immune|p1a: Mechagodzilla\n|move|p2b: Ariana Grande|Giga Drain|p1b: R2D2\n|-damage|p1b: R2D2|50\/100\n|-heal|p2b: Ariana Grande|66\/100|[from] drain|[of] p1b: R2D2\n|-enditem|p1b: R2D2|Sitrus Berry|[eat]\n|-heal|p1b: R2D2|75\/100|[from] item: Sitrus Berry\n|-damage|p2b: Ariana Grande|57\/100|[from] item: Life Orb\n|\n|upkeep\n|turn|3\n|\n|t:|1681853423\n|switch|p2a: Mr Worldwide|Psyduck, L5, M|100\/100\n|move|p1a: Mechagodzilla|Dazzling Gleam|p2a: Mr Worldwide|[spread] p2a,p2b\n|-damage|p2a: Mr Worldwide|53\/100\n|-damage|p2b: Ariana Grande|5\/100\n|-damage|p1a: Mechagodzilla|75\/100|[from] item: Life Orb\n|move|p1b: R2D2|Facade|p2b: Ariana Grande\n|-damage|p2b: Ariana Grande|0 fnt\n|faint|p2b: Ariana Grande\n|\n|upkeep\n|\n|t:|1681853437\n|switch|p2b: Shakira|Bounsweet, L5, F|100\/100\n|turn|4\n|\n|t:|1681853463\n|move|p1a: Mechagodzilla|Psychic|p2a: Mr Worldwide\n|-damage|p2a: Mr Worldwide|0 fnt\n|faint|p2a: Mr Worldwide\n|-damage|p1a: Mechagodzilla|67\/100|[from] item: Life Orb\n|move|p1b: R2D2|Facade|p2b: Shakira\n|-damage|p2b: Shakira|35\/100\n|move|p2b: Shakira|Energy Ball|p1b: R2D2\n|-damage|p1b: R2D2|34\/100\n|-unboost|p1b: R2D2|spd|1\n|\n|-heal|p2b: Shakira|40\/100|[from] item: Leftovers\n|-sideend|p1: H0p5t3r|move: Tailwind\n|upkeep\n|\n|t:|1681853480\n|switch|p2a: Missy Elliott|Misdreavus, L5, F|4\/100\n|turn|5\n|\n|t:|1681853513\n|move|p1b: R2D2|Aqua Jet|p2a: Missy Elliott\n|-damage|p2a: Missy Elliott|0 fnt\n|faint|p2a: Missy Elliott\n|move|p1a: Mechagodzilla|Dazzling Gleam|p2b: Shakira\n|-damage|p2b: Shakira|0 fnt\n|faint|p2b: Shakira\n|-damage|p1a: Mechagodzilla|59\/100|[from] item: Life Orb\n|\n|win|H0p5t3r\n|c| haydyg|gggggg\n|c|\u2606House of Toga|GG\n|l|\u2606House of Toga\n|l| mharidain\n|l| LewisG93\n|j| tap water gang\n|c| tap water gang|Hello\n|c| tap water gang|Oh\n|c| tap water gang|Goodbye\n|l| Cerpin T\n|j| Cerpin T\n|l| Cerpin T\n|l| tap water gang\n","uploadtime":1681853574,"views":13,"p1id":"h0p5t3r","p2id":"houseoftoga","formatid":"gen9vgc2023regulationc","rating":0,"private":0,"password":""}