{"id":"gen9vgc2023regulationc-1853367758","p1":"Prompto88","p2":"gifigifigifi954","format":"[Gen 9] VGC 2023 Regulation C","log":"|j|\u2606Prompto88\n|j|\u2606gifigifigifi954\n|t:|1682675377\n|gametype|doubles\n|player|p1|Prompto88|170|1245\n|player|p2|gifigifigifi954|jasmine|1190\n|teamsize|p1|6\n|teamsize|p2|6\n|gen|9\n|tier|[Gen 9] VGC 2023 Regulation C\n|rated|\n|rule|Species Clause: Limit one of each Pok\u00e9mon\n|rule|Item Clause: Limit one of each item\n|clearpoke\n|poke|p1|Gyarados, L50, M|\n|poke|p1|Arcanine, L50, F|\n|poke|p1|Garganacl, L50, F|\n|poke|p1|Ting-Lu, L50|\n|poke|p1|Wo-Chien, L50|\n|poke|p1|Orthworm, L50, M|\n|poke|p2|Corviknight, L50, F|\n|poke|p2|Ting-Lu, L50|\n|poke|p2|Dondozo, L50, M|\n|poke|p2|Tatsugiri, L50, F|\n|poke|p2|Lucario, L50, F|\n|poke|p2|Roaring Moon, L50|\n|teampreview|4\n|inactive|Battle timer is ON: inactive players will automatically lose when time's up. (requested by Prompto88)\n|\n|t:|1682675388\n|start\n|switch|p1a: Arcanine|Arcanine, L50, F|100\/100\n|switch|p1b: Garganacl|Garganacl, L50, F|100\/100\n|switch|p2a: Corviknight|Corviknight, L50, F|100\/100\n|switch|p2b: Ting-Lu|Ting-Lu, L50|100\/100\n|-ability|p1a: Arcanine|Intimidate|boost\n|-ability|p2a: Corviknight|Mirror Armor\n|-unboost|p1a: Arcanine|atk|1\n|-unboost|p2b: Ting-Lu|atk|1\n|-ability|p2b: Ting-Lu|Vessel of Ruin\n|turn|1\n|inactive|gifigifigifi954 has 30 seconds left.\n|\n|t:|1682675414\n|-terastallize|p1b: Garganacl|Ghost\n|move|p2a: Corviknight|Protect|p2a: Corviknight\n|-singleturn|p2a: Corviknight|Protect\n|move|p1a: Arcanine|Will-O-Wisp|p2b: Ting-Lu\n|-status|p2b: Ting-Lu|brn\n|move|p2b: Ting-Lu|Earthquake|p1a: Arcanine|[spread] p1a,p1b\n|-activate|p2a: Corviknight|move: Protect\n|-supereffective|p1a: Arcanine\n|-damage|p1a: Arcanine|74\/100\n|-damage|p1b: Garganacl|92\/100\n|move|p1b: Garganacl|Salt Cure|p2a: Corviknight\n|-activate|p2a: Corviknight|move: Protect\n|\n|-heal|p1b: Garganacl|98\/100|[from] item: Leftovers\n|-damage|p2b: Ting-Lu|94\/100 brn|[from] brn\n|upkeep\n|turn|2\n|inactive|gifigifigifi954 has 30 seconds left.\n|\n|t:|1682675444\n|-terastallize|p2a: Corviknight|Fire\n|move|p1b: Garganacl|Wide Guard|p1b: Garganacl\n|-singleturn|p1b: Garganacl|Wide Guard\n|move|p1a: Arcanine|Will-O-Wisp|p2a: Corviknight\n|-immune|p2a: Corviknight\n|move|p2a: Corviknight|Brave Bird|p1a: Arcanine\n|-damage|p1a: Arcanine|28\/100\n|-damage|p2a: Corviknight|86\/100|[from] Recoil\n|move|p2b: Ting-Lu|Payback|p1b: Garganacl\n|-supereffective|p1b: Garganacl\n|-damage|p1b: Garganacl|74\/100\n|\n|-heal|p1b: Garganacl|80\/100|[from] item: Leftovers\n|-damage|p2b: Ting-Lu|88\/100 brn|[from] brn\n|upkeep\n|turn|3\n|\n|t:|1682675466\n|switch|p1a: Gyarados|Gyarados, L50, M|100\/100\n|-ability|p1a: Gyarados|Intimidate|boost\n|-ability|p2a: Corviknight|Mirror Armor\n|-unboost|p1a: Gyarados|atk|1\n|-unboost|p2b: Ting-Lu|atk|1\n|move|p2a: Corviknight|Brave Bird|p1a: Gyarados\n|-damage|p1a: Gyarados|47\/100\n|-damage|p2a: Corviknight|68\/100|[from] Recoil\n|move|p2b: Ting-Lu|Ruination|p1b: Garganacl\n|-damage|p1b: Garganacl|40\/100\n|move|p1b: Garganacl|Salt Cure|p2a: Corviknight\n|-supereffective|p2a: Corviknight\n|-damage|p2a: Corviknight|47\/100\n|-start|p2a: Corviknight|Salt Cure\n|-enditem|p2a: Corviknight|Sitrus Berry|[eat]\n|-heal|p2a: Corviknight|72\/100|[from] item: Sitrus Berry\n|\n|-heal|p1b: Garganacl|46\/100|[from] item: Leftovers\n|-damage|p2b: Ting-Lu|82\/100 brn|[from] brn\n|-damage|p2a: Corviknight|59\/100|[from] Salt Cure\n|upkeep\n|turn|4\n|inactive|gifigifigifi954 has 30 seconds left.\n|inactive|gifigifigifi954 has 20 seconds left.\n|\n|t:|1682675503\n|move|p1a: Gyarados|Protect|p1a: Gyarados\n|-singleturn|p1a: Gyarados|Protect\n|move|p2a: Corviknight|Protect|p2a: Corviknight\n|-singleturn|p2a: Corviknight|Protect\n|move|p2b: Ting-Lu|Ruination|p1b: Garganacl\n|-damage|p1b: Garganacl|23\/100\n|move|p1b: Garganacl|Recover|p1b: Garganacl\n|-heal|p1b: Garganacl|73\/100\n|\n|-heal|p1b: Garganacl|79\/100|[from] item: Leftovers\n|-damage|p2b: Ting-Lu|76\/100 brn|[from] brn\n|-damage|p2a: Corviknight|47\/100|[from] Salt Cure\n|upkeep\n|turn|5\n|\n|t:|1682675524\n|move|p1a: Gyarados|Thunder Wave|p2a: Corviknight\n|-status|p2a: Corviknight|par\n|move|p2b: Ting-Lu|Ruination|p1b: Garganacl\n|-damage|p1b: Garganacl|40\/100\n|move|p1b: Garganacl|Salt Cure|p2b: Ting-Lu\n|-resisted|p2b: Ting-Lu\n|-damage|p2b: Ting-Lu|72\/100 brn\n|-start|p2b: Ting-Lu|Salt Cure\n|move|p2a: Corviknight|Brave Bird|p1a: Gyarados\n|-damage|p1a: Gyarados|0 fnt\n|faint|p1a: Gyarados\n|-damage|p2a: Corviknight|32\/100 par|[from] Recoil\n|\n|-heal|p1b: Garganacl|46\/100|[from] item: Leftovers\n|-damage|p2b: Ting-Lu|66\/100 brn|[from] brn\n|-damage|p2b: Ting-Lu|54\/100 brn|[from] Salt Cure\n|-damage|p2a: Corviknight|20\/100 par|[from] Salt Cure\n|upkeep\n|\n|t:|1682675540\n|switch|p1a: Wo-Chien|Wo-Chien, L50|100\/100\n|-ability|p1a: Wo-Chien|Tablets of Ruin\n|turn|6\n|\n|t:|1682675552\n|move|p1a: Wo-Chien|Pollen Puff|p1b: Garganacl\n|-heal|p1b: Garganacl|96\/100\n|move|p2b: Ting-Lu|Ruination|p1b: Garganacl\n|-damage|p1b: Garganacl|48\/100\n|move|p1b: Garganacl|Salt Cure|p2a: Corviknight\n|-supereffective|p2a: Corviknight\n|-damage|p2a: Corviknight|1\/100 par\n|move|p2a: Corviknight|Brave Bird|p1a: Wo-Chien\n|-supereffective|p1a: Wo-Chien\n|-damage|p1a: Wo-Chien|41\/100\n|-damage|p2a: Corviknight|0 fnt|[from] Recoil\n|faint|p2a: Corviknight\n|\n|-heal|p1b: Garganacl|54\/100|[from] item: Leftovers\n|-damage|p2b: Ting-Lu|47\/100 brn|[from] brn\n|-damage|p2b: Ting-Lu|35\/100 brn|[from] Salt Cure\n|upkeep\n|\n|t:|1682675570\n|switch|p2a: Dondozo|Dondozo, L50, M|100\/100\n|turn|7\n|\n|t:|1682675587\n|move|p2a: Dondozo|Protect|p2a: Dondozo\n|-singleturn|p2a: Dondozo|Protect\n|move|p1a: Wo-Chien|Leech Seed|p2a: Dondozo\n|-activate|p2a: Dondozo|move: Protect\n|move|p2b: Ting-Lu|Ruination|p1a: Wo-Chien\n|-damage|p1a: Wo-Chien|21\/100\n|move|p1b: Garganacl|Salt Cure|p2a: Dondozo\n|-activate|p2a: Dondozo|move: Protect\n|\n|-heal|p1b: Garganacl|60\/100|[from] item: Leftovers\n|-damage|p2b: Ting-Lu|29\/100 brn|[from] brn\n|-damage|p2b: Ting-Lu|17\/100 brn|[from] Salt Cure\n|upkeep\n|turn|8\n|inactive|gifigifigifi954 has 30 seconds left.\n|\n|t:|1682675616\n|switch|p2b: Tatsugiri|Tatsugiri, L50, F|100\/100\n|-activate|p2b: Tatsugiri|ability: Commander|[of] p2a: Dondozo\n|-boost|p2a: Dondozo|atk|2\n|-boost|p2a: Dondozo|spa|2\n|-boost|p2a: Dondozo|spe|2\n|-boost|p2a: Dondozo|def|2\n|-boost|p2a: Dondozo|spd|2\n|move|p2a: Dondozo|Surf|p1b: Garganacl|[spread] p1a,p1b\n|-miss|p2a: Dondozo|p2b: Tatsugiri\n|-resisted|p1a: Wo-Chien\n|-crit|p1a: Wo-Chien\n|-damage|p1a: Wo-Chien|7\/100\n|-damage|p1b: Garganacl|35\/100\n|move|p1a: Wo-Chien|Leech Seed|p2a: Dondozo\n|-start|p2a: Dondozo|move: Leech Seed\n|move|p1b: Garganacl|Salt Cure|p2a: Dondozo\n|-damage|p2a: Dondozo|98\/100\n|-start|p2a: Dondozo|Salt Cure\n|\n|-heal|p2a: Dondozo|100\/100|[from] item: Leftovers\n|-heal|p1b: Garganacl|41\/100|[from] item: Leftovers\n|-damage|p2a: Dondozo|88\/100|[from] Leech Seed|[of] p1a: Wo-Chien\n|-heal|p1a: Wo-Chien|29\/100|[silent]\n|-damage|p2a: Dondozo|63\/100|[from] Salt Cure\n|upkeep\n|turn|9\n|\n|t:|1682675638\n|move|p1a: Wo-Chien|Protect|p1a: Wo-Chien\n|-singleturn|p1a: Wo-Chien|Protect\n|move|p1b: Garganacl|Wide Guard|p1b: Garganacl\n|-singleturn|p1b: Garganacl|Wide Guard\n|move|p2a: Dondozo|Wave Crash|p1a: Wo-Chien\n|-activate|p1a: Wo-Chien|move: Protect\n|\n|-heal|p2a: Dondozo|69\/100|[from] item: Leftovers\n|-heal|p1b: Garganacl|47\/100|[from] item: Leftovers\n|-damage|p2a: Dondozo|57\/100|[from] Leech Seed|[of] p1a: Wo-Chien\n|-heal|p1a: Wo-Chien|51\/100|[silent]\n|-damage|p2a: Dondozo|32\/100|[from] Salt Cure\n|upkeep\n|turn|10\n|-message|gifigifigifi954 forfeited.\n|\n|win|Prompto88\n|raw|Prompto88's rating: 1245 → 1266<\/strong> (+21 for winning)\n|raw|gifigifigifi954's rating: 1190 → 1169<\/strong> (-21 for losing)\n|l|\u2606gifigifigifi954\n","uploadtime":1682675656,"views":10,"p1id":"prompto88","p2id":"gifigifigifi954","formatid":"gen9vgc2023regulationc","rating":1169,"private":0,"password":""}