{"id":"gen9vgc2023regulationc-1854990320","p1":"number1eiscuefan","p2":"StockLesnar","format":"[Gen 9] VGC 2023 Regulation C","log":"|j|\u2606number1eiscuefan\n|j|\u2606StockLesnar\n|t:|1682888436\n|gametype|doubles\n|player|p1|number1eiscuefan|caitlin|1092\n|player|p2|StockLesnar|clay|1111\n|teamsize|p1|6\n|teamsize|p2|6\n|gen|9\n|tier|[Gen 9] VGC 2023 Regulation C\n|rated|\n|rule|Species Clause: Limit one of each Pok\u00e9mon\n|rule|Item Clause: Limit one of each item\n|clearpoke\n|poke|p1|Eiscue, L50, M|\n|poke|p1|Abomasnow, L50, F|\n|poke|p1|Chien-Pao, L50|\n|poke|p1|Pelipper, L50, M|\n|poke|p1|Palafin, L50, M|\n|poke|p1|Amoonguss, L50, M|\n|poke|p2|Tyranitar, L50, F|\n|poke|p2|Garganacl, L50, F|\n|poke|p2|Gastrodon, L50, M|\n|poke|p2|Amoonguss, L50, F|\n|poke|p2|Gholdengo, L50|\n|poke|p2|Great Tusk, L50|\n|teampreview|4\n|inactive|Battle timer is ON: inactive players will automatically lose when time's up. (requested by StockLesnar)\n|\n|t:|1682888452\n|start\n|switch|p1a: Amoonguss|Amoonguss, L50, M|100\/100\n|switch|p1b: Eiscue|Eiscue, L50, M, shiny|100\/100\n|switch|p2a: Tyranitar|Tyranitar, L50, F, shiny|100\/100\n|switch|p2b: Amoonguss|Amoonguss, L50, F, shiny|100\/100\n|-weather|Sandstorm|[from] ability: Sand Stream|[of] p2a: Tyranitar\n|turn|1\n|\n|t:|1682888476\n|move|p2b: Amoonguss|Protect|p2b: Amoonguss\n|-singleturn|p2b: Amoonguss|Protect\n|move|p1a: Amoonguss|Rage Powder|p1a: Amoonguss\n|-singleturn|p1a: Amoonguss|move: Rage Powder\n|move|p2a: Tyranitar|Ice Punch|p1a: Amoonguss\n|-supereffective|p1a: Amoonguss\n|-damage|p1a: Amoonguss|42\/100\n|move|p1b: Eiscue|Belly Drum|p1b: Eiscue\n|-damage|p1b: Eiscue|51\/100\n|-setboost|p1b: Eiscue|atk|6|[from] move: Belly Drum\n|\n|-weather|Sandstorm|[upkeep]\n|-damage|p2b: Amoonguss|95\/100|[from] Sandstorm\n|-damage|p1a: Amoonguss|36\/100|[from] Sandstorm\n|-heal|p2b: Amoonguss|100\/100|[from] item: Black Sludge\n|upkeep\n|turn|2\n|\n|t:|1682888500\n|switch|p2b: Gastrodon|Gastrodon, L50, M, shiny|100\/100\n|switch|p1a: Abomasnow|Abomasnow, L50, F|100\/100\n|-weather|Snow|[from] ability: Snow Warning|[of] p1a: Abomasnow\n|move|p2a: Tyranitar|Rock Slide|p1b: Eiscue|[spread] p1a,p1b\n|-supereffective|p1a: Abomasnow\n|-damage|p1a: Abomasnow|55\/100\n|-activate|p1b: Eiscue|ability: Ice Face\n|-damage|p1b: Eiscue|51\/100\n|detailschange|p1b: Eiscue|Eiscue-Noice, L50, M, shiny\n|move|p1b: Eiscue|Ice Spinner|p2b: Gastrodon\n|-damage|p2b: Gastrodon|0 fnt\n|faint|p2b: Gastrodon\n|\n|-weather|Snow|[upkeep]\n|upkeep\n|\n|t:|1682888516\n|switch|p2b: Amoonguss|Amoonguss, L50, F, shiny|100\/100\n|turn|3\n|\n|t:|1682888536\n|move|p2b: Amoonguss|Protect|p2b: Amoonguss\n|-singleturn|p2b: Amoonguss|Protect\n|move|p1b: Eiscue|Liquidation|p2a: Tyranitar\n|-supereffective|p2a: Tyranitar\n|-damage|p2a: Tyranitar|0 fnt\n|faint|p2a: Tyranitar\n|move|p1a: Abomasnow|Aurora Veil|p1a: Abomasnow\n|-sidestart|p1: number1eiscuefan|move: Aurora Veil\n|\n|-weather|Snow|[upkeep]\n|upkeep\n|\n|t:|1682888543\n|switch|p2a: Gholdengo|Gholdengo, L50|100\/100\n|turn|4\n|c|\u2606StockLesnar|damn nice team\n|c|\u2606StockLesnar|finally something unique lol\n|inactive|StockLesnar has 30 seconds left.\n|\n|t:|1682888575\n|-terastallize|p2a: Gholdengo|Steel\n|move|p1b: Eiscue|Ice Spinner|p2b: Amoonguss\n|-supereffective|p2b: Amoonguss\n|-damage|p2b: Amoonguss|0 fnt\n|faint|p2b: Amoonguss\n|move|p2a: Gholdengo|Make It Rain|p1b: Eiscue|[spread] p1a,p1b\n|-supereffective|p1a: Abomasnow\n|-supereffective|p1b: Eiscue\n|-damage|p1a: Abomasnow|0 fnt\n|-damage|p1b: Eiscue|0 fnt\n|-unboost|p2a: Gholdengo|spa|1\n|faint|p1a: Abomasnow\n|faint|p1b: Eiscue\n|\n|-weather|Snow|[upkeep]\n|upkeep\n|n|\u2606number1eiscuefan|number1eiscuefan\n|\n|t:|1682888599\n|switch|p1b: Amoonguss|Amoonguss, L50, M|70\/100\n|switch|p1a: Chien-Pao|Chien-Pao, L50|100\/100\n|-ability|p1a: Chien-Pao|Sword of Ruin\n|turn|5\n|\n|t:|1682888610\n|-terastallize|p1a: Chien-Pao|Dark\n|move|p1b: Amoonguss|Rage Powder|p1b: Amoonguss\n|-singleturn|p1b: Amoonguss|move: Rage Powder\n|move|p1a: Chien-Pao|Sucker Punch|p2a: Gholdengo\n|-damage|p2a: Gholdengo|35\/100\n|move|p2a: Gholdengo|Make It Rain|p1a: Chien-Pao|[spread] p1a,p1b\n|-damage|p1a: Chien-Pao|36\/100\n|-damage|p1b: Amoonguss|36\/100\n|-unboost|p2a: Gholdengo|spa|1\n|-enditem|p1a: Chien-Pao|Sitrus Berry|[eat]\n|-heal|p1a: Chien-Pao|61\/100|[from] item: Sitrus Berry\n|\n|-weather|Snow|[upkeep]\n|upkeep\n|turn|6\n|\n|t:|1682888623\n|move|p1a: Chien-Pao|Sucker Punch|p2a: Gholdengo\n|-damage|p2a: Gholdengo|0 fnt\n|faint|p2a: Gholdengo\n|\n|win|number1eiscuefan\n|raw|number1eiscuefan's rating: 1092 → 1120<\/strong> (+28 for winning)\n|raw|StockLesnar's rating: 1111 → 1085<\/strong> (-26 for losing)\n|c|\u2606StockLesnar|gg\n|c|\u2606number1eiscuefan|gg\n|l|\u2606StockLesnar\n","uploadtime":1682888649,"views":8,"p1id":"number1eiscuefan","p2id":"stocklesnar","formatid":"gen9vgc2023regulationc","rating":1085,"private":0,"password":""}