{"id":"gen9vgc2023regulationc-1844979288","p1":"idolhunter28273","p2":"CNG626","format":"[Gen 9] VGC 2023 Regulation C","log":"|j|\u2606idolhunter28273\n|j|\u2606CNG626\n|t:|1681670401\n|gametype|doubles\n|player|p1|idolhunter28273|102|1318\n|player|p2|CNG626|swimmer-gen4dp|1327\n|teamsize|p1|6\n|teamsize|p2|6\n|gen|9\n|tier|[Gen 9] VGC 2023 Regulation C\n|rated|\n|rule|Species Clause: Limit one of each Pok\u00e9mon\n|rule|Item Clause: Limit one of each item\n|clearpoke\n|poke|p1|Baxcalibur, L50, M|\n|poke|p1|Ting-Lu, L50|\n|poke|p1|Palafin, L50, F|\n|poke|p1|Flutter Mane, L50|\n|poke|p1|Arcanine, L50, F|\n|poke|p1|Amoonguss, L50, F|\n|poke|p2|Cyclizar, L50, F|\n|poke|p2|Palafin, L50, M|\n|poke|p2|Krookodile, L50, M|\n|poke|p2|Wo-Chien, L50|\n|poke|p2|Chi-Yu, L50|\n|poke|p2|Gholdengo, L50|\n|teampreview|4\nidolhunter28273 has agreed to open team sheets.\nCNG626 has agreed to open team sheets.\n|\n|t:|1681670438\n|start\n|switch|p1a: Palafin|Palafin, L50, F|100\/100\n|switch|p1b: Baxcalibur|Baxcalibur, L50, M|100\/100\n|switch|p2a: Cyclizar|Cyclizar, L50, F|100\/100\n|switch|p2b: Chi-Yu|Chi-Yu, L50|100\/100\n|-ability|p2b: Chi-Yu|Beads of Ruin\n|turn|1\n|inactive|Battle timer is ON: inactive players will automatically lose when time's up. (requested by idolhunter28273)\n|\n|t:|1681670465\n|switch|p2b: Krookodile|Krookodile, L50, M, shiny|100\/100\n|-ability|p2b: Krookodile|Intimidate|boost\n|-unboost|p1a: Palafin|atk|1\n|-unboost|p1b: Baxcalibur|atk|1\n|move|p2a: Cyclizar|Shed Tail|p2a: Cyclizar\n|-start|p2a: Cyclizar|Substitute|[from] move: Shed Tail\n|-damage|p2a: Cyclizar|50\/100\n|\n|t:|1681670473\n|switch|p2a: Gholdengo|Gholdengo, L50|100\/100|[from] Shed Tail\n|move|p1a: Palafin|Wave Crash|p2b: Krookodile\n|-supereffective|p2b: Krookodile\n|-damage|p2b: Krookodile|41\/100\n|-enditem|p2b: Krookodile|Sitrus Berry|[eat]\n|-heal|p2b: Krookodile|66\/100|[from] item: Sitrus Berry\n|-damage|p1a: Palafin|81\/100|[from] Recoil\n|move|p1b: Baxcalibur|Icicle Spear|p2a: Gholdengo\n|-resisted|p2a: Gholdengo\n|-crit|p2a: Gholdengo\n|-activate|p2a: Gholdengo|move: Substitute|[damage]\n|-resisted|p2a: Gholdengo\n|-activate|p2a: Gholdengo|move: Substitute|[damage]\n|-resisted|p2a: Gholdengo\n|-activate|p2a: Gholdengo|move: Substitute|[damage]\n|-resisted|p2a: Gholdengo\n|-end|p2a: Gholdengo|Substitute\n|-hitcount|p2a: Gholdengo|4\n|\n|upkeep\n|turn|2\n|inactive|idolhunter28273 has 30 seconds left.\n|inactive|CNG626 has 30 seconds left.\n|inactive|CNG626 has 20 seconds left.\n|inactive|CNG626 has 15 seconds left.\n|inactive|CNG626 has 10 seconds left.\n|\n|t:|1681670520\n|switch|p1b: Arcanine|Arcanine, L50, F|100\/100\n|-ability|p1b: Arcanine|Intimidate|boost\n|-unboost|p2a: Gholdengo|atk|1\n|-unboost|p2b: Krookodile|atk|1\n|switch|p2b: Chi-Yu|Chi-Yu, L50|100\/100\n|-ability|p2b: Chi-Yu|Beads of Ruin\n|move|p1a: Palafin|Haze|p1a: Palafin\n|-clearallboost\n|move|p2a: Gholdengo|Make It Rain|p1a: Palafin|[spread] p1a,p1b\n|-resisted|p1a: Palafin\n|-resisted|p1b: Arcanine\n|-damage|p1a: Palafin|20\/100\n|-damage|p1b: Arcanine|56\/100\n|-unboost|p2a: Gholdengo|spa|1\n|\n|upkeep\n|turn|3\n|inactive|idolhunter28273 has 30 seconds left.\n|inactive|CNG626 has 30 seconds left.\n|inactive|CNG626 has 20 seconds left.\n|\n|t:|1681670555\n|switch|p2a: Krookodile|Krookodile, L50, M, shiny|66\/100\n|-ability|p2a: Krookodile|Intimidate|boost\n|-unboost|p1a: Palafin|atk|1\n|-unboost|p1b: Arcanine|atk|1\n|move|p1a: Palafin|Protect|p1a: Palafin\n|-singleturn|p1a: Palafin|Protect\n|move|p2b: Chi-Yu|Dark Pulse|p1a: Palafin\n|-activate|p1a: Palafin|move: Protect\n|move|p1b: Arcanine|Flare Blitz|p2a: Krookodile\n|-damage|p2a: Krookodile|33\/100\n|-damage|p1b: Arcanine|45\/100|[from] Recoil\n|\n|upkeep\n|turn|4\n|\n|t:|1681670580\n|switch|p2a: Cyclizar|Cyclizar, L50, F|84\/100\n|move|p1b: Arcanine|Extreme Speed|p2b: Chi-Yu\n|-crit|p2b: Chi-Yu\n|-damage|p2b: Chi-Yu|55\/100\n|move|p1a: Palafin|Jet Punch|p2b: Chi-Yu\n|-supereffective|p2b: Chi-Yu\n|-damage|p2b: Chi-Yu|7\/100\n|move|p2b: Chi-Yu|Dark Pulse|p1a: Palafin\n|-damage|p1a: Palafin|0 fnt\n|faint|p1a: Palafin\n|\n|upkeep\n|\n|t:|1681670594\n|switch|p1a: Flutter Mane|Flutter Mane, L50|100\/100\n|-enditem|p1a: Flutter Mane|Booster Energy\n|-activate|p1a: Flutter Mane|ability: Protosynthesis|[fromitem]\n|-start|p1a: Flutter Mane|protosynthesisspa\n|turn|5\n|\n|t:|1681670616\n|move|p2b: Chi-Yu|Protect|p2b: Chi-Yu\n|-singleturn|p2b: Chi-Yu|Protect\n|move|p2a: Cyclizar|Shed Tail|p2a: Cyclizar\n|-start|p2a: Cyclizar|Substitute|[from] move: Shed Tail\n|-damage|p2a: Cyclizar|33\/100\n|\n|t:|1681670627\n|switch|p2a: Gholdengo|Gholdengo, L50|100\/100|[from] Shed Tail\n|move|p1a: Flutter Mane|Shadow Ball|p2b: Chi-Yu\n|-activate|p2b: Chi-Yu|move: Protect\n|move|p1b: Arcanine|Flare Blitz|p2a: Gholdengo\n|-supereffective|p2a: Gholdengo\n|-end|p2a: Gholdengo|Substitute\n|-damage|p1b: Arcanine|37\/100|[from] Recoil|[of] p2a: Gholdengo\n|\n|upkeep\n|turn|6\n|\n|t:|1681670649\n|switch|p2b: Krookodile|Krookodile, L50, M, shiny|33\/100\n|-ability|p2b: Krookodile|Intimidate|boost\n|-unboost|p1a: Flutter Mane|atk|1\n|-unboost|p1b: Arcanine|atk|1\n|-terastallize|p1a: Flutter Mane|Water\n|-terastallize|p2a: Gholdengo|Water\n|move|p1b: Arcanine|Extreme Speed|p2b: Krookodile\n|-damage|p2b: Krookodile|22\/100\n|move|p1a: Flutter Mane|Shadow Ball|p2a: Gholdengo\n|-damage|p2a: Gholdengo|51\/100\n|-unboost|p2a: Gholdengo|spd|1\n|move|p2a: Gholdengo|Make It Rain|p1b: Arcanine|[spread] p1a,p1b\n|-resisted|p1a: Flutter Mane\n|-resisted|p1b: Arcanine\n|-damage|p1a: Flutter Mane|70\/100\n|-damage|p1b: Arcanine|3\/100\n|-unboost|p2a: Gholdengo|spa|1\n|\n|upkeep\n|turn|7\n|inactive|idolhunter28273 has 30 seconds left.\n|inactive|CNG626 has 30 seconds left.\n|inactive|CNG626 has 20 seconds left.\n|inactive|CNG626 has 15 seconds left.\n|\n|t:|1681670690\n|switch|p2a: Cyclizar|Cyclizar, L50, F|67\/100\n|move|p1b: Arcanine|Extreme Speed|p2a: Cyclizar\n|-damage|p2a: Cyclizar|50\/100\n|move|p1a: Flutter Mane|Dazzling Gleam|p2a: Cyclizar|[spread] p2a,p2b\n|-supereffective|p2a: Cyclizar\n|-supereffective|p2b: Krookodile\n|-damage|p2a: Cyclizar|0 fnt\n|-damage|p2b: Krookodile|0 fnt\n|faint|p2a: Cyclizar\n|faint|p2b: Krookodile\n|\n|upkeep\n|\n|t:|1681670699\n|switch|p2a: Gholdengo|Gholdengo, L50, tera:Water|51\/100\n|switch|p2b: Chi-Yu|Chi-Yu, L50|7\/100\n|-ability|p2b: Chi-Yu|Beads of Ruin\n|turn|8\n|\n|t:|1681670713\n|move|p2b: Chi-Yu|Protect|p2b: Chi-Yu\n|-singleturn|p2b: Chi-Yu|Protect\n|move|p1b: Arcanine|Extreme Speed|p2b: Chi-Yu\n|-activate|p2b: Chi-Yu|move: Protect\n|move|p1a: Flutter Mane|Moonblast|p2a: Gholdengo\n|-damage|p2a: Gholdengo|0 fnt\n|faint|p2a: Gholdengo\n|\n|upkeep\n|turn|9\n|c|\u2606CNG626|Gg\n|c|\u2606CNG626|:)\n|-message|CNG626 forfeited.\n|\n|win|idolhunter28273\n|raw|idolhunter28273's rating: 1318 → 1339<\/strong> (+21 for winning)\n|raw|CNG626's rating: 1327 → 1306<\/strong> (-21 for losing)\n","uploadtime":1681670747,"views":9,"p1id":"idolhunter28273","p2id":"cng626","formatid":"gen9vgc2023regulationc","rating":1306,"private":0,"password":""}