{"id":"gen9vgc2023regulationc-1856219196","p1":"Narancia95","p2":"dfgdgfd","format":"[Gen 9] VGC 2023 Regulation C","log":"|j|\u2606Narancia95\n|j|\u2606dfgdgfd\n|t:|1683041897\n|gametype|doubles\n|player|p1|Narancia95|winona|1080\n|player|p2|dfgdgfd|169|1075\n|teamsize|p1|6\n|teamsize|p2|6\n|gen|9\n|tier|[Gen 9] VGC 2023 Regulation C\n|rated|\n|rule|Species Clause: Limit one of each Pok\u00e9mon\n|rule|Item Clause: Limit one of each item\n|clearpoke\n|poke|p1|Hariyama, L50, M|\n|poke|p1|Ting-Lu, L50|\n|poke|p1|Amoonguss, L50, F|\n|poke|p1|Garganacl, L50, F|\n|poke|p1|Ceruledge, L50, F|\n|poke|p1|Chien-Pao, L50|\n|poke|p2|Garganacl, L50, F|\n|poke|p2|Roaring Moon, L50|\n|poke|p2|Arcanine, L50, F|\n|poke|p2|Amoonguss, L50, F|\n|poke|p2|Hippowdon, L50, M|\n|poke|p2|Gholdengo, L50|\n|teampreview|4\n|\n|t:|1683041934\n|start\n|switch|p1a: Ting-Lu|Ting-Lu, L50|100\/100\n|switch|p1b: Ceruledge|Ceruledge, L50, F|100\/100\n|switch|p2a: Arcanine|Arcanine, L50, F|100\/100\n|switch|p2b: Garganacl|Garganacl, L50, F|100\/100\n|-ability|p2a: Arcanine|Intimidate|boost\n|-unboost|p1a: Ting-Lu|atk|1\n|-unboost|p1b: Ceruledge|atk|1\n|-ability|p1a: Ting-Lu|Vessel of Ruin\n|turn|1\n|\n|t:|1683041950\n|move|p1b: Ceruledge|Protect|p1b: Ceruledge\n|-singleturn|p1b: Ceruledge|Protect\n|move|p2a: Arcanine|Will-O-Wisp|p1a: Ting-Lu\n|-status|p1a: Ting-Lu|brn\n|move|p1a: Ting-Lu|Earthquake|p2b: Garganacl|[spread] p2a,p2b\n|-activate|p1b: Ceruledge|move: Protect\n|-supereffective|p2a: Arcanine\n|-supereffective|p2b: Garganacl\n|-damage|p2a: Arcanine|74\/100\n|-damage|p2b: Garganacl|87\/100\n|move|p2b: Garganacl|Salt Cure|p1b: Ceruledge\n|-activate|p1b: Ceruledge|move: Protect\n|\n|-damage|p1a: Ting-Lu|94\/100 brn|[from] brn\n|upkeep\n|turn|2\n|\n|t:|1683041976\n|switch|p2a: Hippowdon|Hippowdon, L50, M|100\/100\n|-weather|Sandstorm|[from] ability: Sand Stream|[of] p2a: Hippowdon\n|switch|p1b: Garganacl|Garganacl, L50, F|100\/100\n|-item|p1b: Garganacl|Air Balloon\n|move|p1a: Ting-Lu|Rock Slide|p2b: Garganacl|[spread] p2a,p2b\n|-resisted|p2a: Hippowdon\n|-damage|p2a: Hippowdon|99\/100\n|-damage|p2b: Garganacl|84\/100\n|move|p2b: Garganacl|Salt Cure|p1b: Garganacl\n|-damage|p1b: Garganacl|90\/100\n|-start|p1b: Garganacl|Salt Cure\n|-enditem|p1b: Garganacl|Air Balloon\n|\n|-weather|Sandstorm|[upkeep]\n|-damage|p1a: Ting-Lu|88\/100 brn|[from] brn\n|-damage|p1b: Garganacl|78\/100|[from] Salt Cure\n|upkeep\n|turn|3\n|\n|t:|1683041999\n|move|p2a: Hippowdon|Sand Tomb|p1b: Garganacl\n|-supereffective|p1b: Garganacl\n|-damage|p1b: Garganacl|57\/100\n|-activate|p1b: Garganacl|move: Sand Tomb|[of] p2a: Hippowdon\n|move|p1a: Ting-Lu|Throat Chop|p2a: Hippowdon\n|-damage|p2a: Hippowdon|92\/100\n|-start|p2a: Hippowdon|Throat Chop|[silent]\n|move|p1b: Garganacl|Salt Cure|p2b: Garganacl\n|-damage|p2b: Garganacl|73\/100\n|-start|p2b: Garganacl|Salt Cure\n|move|p2b: Garganacl|Salt Cure|p1a: Ting-Lu\n|-resisted|p1a: Ting-Lu\n|-damage|p1a: Ting-Lu|84\/100 brn\n|-start|p1a: Ting-Lu|Salt Cure\n|\n|-weather|Sandstorm|[upkeep]\n|-damage|p1a: Ting-Lu|78\/100 brn|[from] brn\n|-damage|p1a: Ting-Lu|66\/100 brn|[from] Salt Cure\n|-damage|p2b: Garganacl|61\/100|[from] Salt Cure\n|-damage|p1b: Garganacl|41\/100|[from] move: Sand Tomb|[partiallytrapped]\n|-damage|p1b: Garganacl|29\/100|[from] Salt Cure\n|upkeep\n|turn|4\n|\n|t:|1683042031\n|move|p2a: Hippowdon|Yawn|p1b: Garganacl\n|-start|p1b: Garganacl|move: Yawn|[of] p2a: Hippowdon\n|move|p1a: Ting-Lu|Rock Slide|p2b: Garganacl|[spread] p2a,p2b\n|-resisted|p2a: Hippowdon\n|-damage|p2a: Hippowdon|91\/100\n|-damage|p2b: Garganacl|58\/100\n|move|p2b: Garganacl|Recover|p2b: Garganacl\n|-heal|p2b: Garganacl|100\/100\n|move|p1b: Garganacl|Salt Cure|p2a: Hippowdon\n|-resisted|p2a: Hippowdon\n|-damage|p2a: Hippowdon|86\/100\n|-start|p2a: Hippowdon|Salt Cure\n|\n|-weather|Sandstorm|[upkeep]\n|-damage|p1a: Ting-Lu|60\/100 brn|[from] brn\n|-damage|p2a: Hippowdon|74\/100|[from] Salt Cure\n|-damage|p1a: Ting-Lu|47\/100 brn|[from] Salt Cure\n|-damage|p1b: Garganacl|16\/100|[from] Salt Cure\n|-damage|p2b: Garganacl|88\/100|[from] Salt Cure\n|-damage|p1b: Garganacl|0 fnt|[from] move: Sand Tomb|[partiallytrapped]\n|faint|p1b: Garganacl\n|-end|p2a: Hippowdon|Throat Chop|[silent]\n|upkeep\n|\n|t:|1683042056\n|switch|p1b: Ceruledge|Ceruledge, L50, F|100\/100\n|turn|5\n|\n|t:|1683042066\n|-terastallize|p1b: Ceruledge|Grass\n|move|p1b: Ceruledge|Tera Blast|p2b: Garganacl\n|-supereffective|p2b: Garganacl\n|-damage|p2b: Garganacl|44\/100\n|-enditem|p2b: Garganacl|Sitrus Berry|[eat]\n|-heal|p2b: Garganacl|69\/100|[from] item: Sitrus Berry\n|move|p2a: Hippowdon|Sand Tomb|p1b: Ceruledge\n|-resisted|p1b: Ceruledge\n|-damage|p1b: Ceruledge|93\/100\n|-activate|p1b: Ceruledge|move: Sand Tomb|[of] p2a: Hippowdon\n|move|p1a: Ting-Lu|Rock Slide|p2b: Garganacl|[spread] p2a\n|-miss|p1a: Ting-Lu|p2b: Garganacl\n|-resisted|p2a: Hippowdon\n|-damage|p2a: Hippowdon|73\/100\n|move|p2b: Garganacl|Salt Cure|p1b: Ceruledge\n|-damage|p1b: Ceruledge|77\/100\n|-start|p1b: Ceruledge|Salt Cure\n|\n|-weather|Sandstorm|[upkeep]\n|-damage|p1b: Ceruledge|71\/100|[from] Sandstorm\n|-heal|p1b: Ceruledge|77\/100|[from] item: Leftovers\n|-damage|p1a: Ting-Lu|41\/100 brn|[from] brn\n|-damage|p1b: Ceruledge|65\/100|[from] Salt Cure\n|-damage|p1b: Ceruledge|48\/100|[from] move: Sand Tomb|[partiallytrapped]\n|-damage|p2a: Hippowdon|60\/100|[from] Salt Cure\n|-damage|p1a: Ting-Lu|29\/100 brn|[from] Salt Cure\n|-damage|p2b: Garganacl|57\/100|[from] Salt Cure\n|upkeep\n|turn|6\n|\n|t:|1683042096\n|switch|p2b: Arcanine|Arcanine, L50, F|74\/100\n|-ability|p2b: Arcanine|Intimidate|boost\n|-unboost|p1a: Ting-Lu|atk|1\n|-unboost|p1b: Ceruledge|atk|1\n|move|p1b: Ceruledge|Tera Blast|p2b: Arcanine\n|-resisted|p2b: Arcanine\n|-damage|p2b: Arcanine|60\/100\n|move|p2a: Hippowdon|Slack Off|p2a: Hippowdon\n|-heal|p2a: Hippowdon|100\/100\n|move|p1a: Ting-Lu|Rock Slide|p2a: Hippowdon|[spread] p2a,p2b\n|-resisted|p2a: Hippowdon\n|-supereffective|p2b: Arcanine\n|-damage|p2a: Hippowdon|99\/100\n|-damage|p2b: Arcanine|50\/100\n|\n|-weather|none\n|-heal|p1b: Ceruledge|54\/100|[from] item: Leftovers\n|-damage|p1a: Ting-Lu|23\/100 brn|[from] brn\n|-damage|p1b: Ceruledge|38\/100|[from] move: Sand Tomb|[partiallytrapped]\n|-damage|p1b: Ceruledge|25\/100|[from] Salt Cure\n|-damage|p2a: Hippowdon|87\/100|[from] Salt Cure\n|-damage|p1a: Ting-Lu|10\/100 brn|[from] Salt Cure\n|upkeep\n|turn|7\n|-message|Narancia95 forfeited.\n|\n|win|dfgdgfd\n|raw|Narancia95's rating: 1080 → 1058<\/strong> (-22 for losing)\n|raw|dfgdgfd's rating: 1075 → 1104<\/strong> (+29 for winning)\n|l|\u2606Narancia95\n|j|\u2606Narancia95\n|player|p1|Narancia95|winona\n|l|\u2606Narancia95\n|player|p1|\n","uploadtime":1683042118,"views":2,"p1id":"narancia95","p2id":"dfgdgfd","formatid":"gen9vgc2023regulationc","rating":1058,"private":0,"password":""}