{"id":"gen9vgc2023regulationc-1860886018","p1":"bway","p2":"mixmastermitch","format":"[Gen 9] VGC 2023 Regulation C","log":"|j|\u2606bway\n|j|\u2606mixmastermitch\n|t:|1683690503\n|gametype|doubles\n|player|p1|bway|hilda|1126\n|player|p2|mixmastermitch|brock|1121\n|teamsize|p1|6\n|teamsize|p2|6\n|gen|9\n|tier|[Gen 9] VGC 2023 Regulation C\n|rated|\n|rule|Species Clause: Limit one of each Pok\u00e9mon\n|rule|Item Clause: Limit one of each item\n|clearpoke\n|poke|p1|Kingambit, L50, M|\n|poke|p1|Torkoal, L50, M|\n|poke|p1|Flutter Mane, L50|\n|poke|p1|Jumpluff, L50, F|\n|poke|p1|Great Tusk, L50|\n|poke|p1|Chien-Pao, L50|\n|poke|p2|Brute Bonnet, L50|\n|poke|p2|Mudsdale, L50, M|\n|poke|p2|Gengar, L50, F|\n|poke|p2|Bisharp, L50, F|\n|poke|p2|Gallade, L50, M|\n|poke|p2|Noivern, L50, M|\n|teampreview|4\nbway has agreed to open team sheets.\n|\n|t:|1683690538\n|start\n|switch|p1a: Chien-Pao|Chien-Pao, L50|100\/100\n|switch|p1b: Flutter Mane|Flutter Mane, L50|100\/100\n|switch|p2a: Gallade|Gallade, L50, M|100\/100\n|switch|p2b: Brute Bonnet|Brute Bonnet, L50|100\/100\n|-ability|p1a: Chien-Pao|Sword of Ruin\n|turn|1\n|\n|t:|1683690559\n|move|p1a: Chien-Pao|Protect|p1a: Chien-Pao\n|-singleturn|p1a: Chien-Pao|Protect\n|move|p2a: Gallade|Sacred Sword|p1a: Chien-Pao\n|-activate|p1a: Chien-Pao|move: Protect\n|move|p1b: Flutter Mane|Moonblast|p2b: Brute Bonnet\n|-supereffective|p2b: Brute Bonnet\n|-damage|p2b: Brute Bonnet|1\/100\n|-enditem|p2b: Brute Bonnet|Sitrus Berry|[eat]\n|-heal|p2b: Brute Bonnet|26\/100|[from] item: Sitrus Berry\n|move|p2b: Brute Bonnet|Spore|p1b: Flutter Mane\n|-status|p1b: Flutter Mane|slp|[from] move: Spore\n|\n|upkeep\n|turn|2\n|\n|t:|1683690582\n|move|p2b: Brute Bonnet|Sucker Punch|p1a: Chien-Pao\n|-resisted|p1a: Chien-Pao\n|-damage|p1a: Chien-Pao|81\/100\n|move|p2a: Gallade|Sacred Sword|p1a: Chien-Pao\n|-supereffective|p1a: Chien-Pao\n|-damage|p1a: Chien-Pao|0 fnt\n|faint|p1a: Chien-Pao\n|cant|p1b: Flutter Mane|slp\n|\n|upkeep\n|\n|t:|1683690593\n|switch|p1a: Great Tusk|Great Tusk, L50|100\/100\n|turn|3\n|\n|t:|1683690610\n|switch|p2a: Mudsdale|Mudsdale, L50, M|100\/100\n|move|p1a: Great Tusk|Close Combat|p2b: Brute Bonnet\n|-supereffective|p2b: Brute Bonnet\n|-damage|p2b: Brute Bonnet|0 fnt\n|-unboost|p1a: Great Tusk|def|1\n|-unboost|p1a: Great Tusk|spd|1\n|faint|p2b: Brute Bonnet\n|-end|p2b: Brute Bonnet|Protosynthesis|[silent]\n|cant|p1b: Flutter Mane|slp\n|\n|upkeep\n|\n|t:|1683690620\n|switch|p2b: Bisharp|Bisharp, L50, F, shiny|100\/100\n|turn|4\n|\n|t:|1683690631\n|move|p2b: Bisharp|Protect|p2b: Bisharp\n|-singleturn|p2b: Bisharp|Protect\n|move|p1a: Great Tusk|Close Combat|p2b: Bisharp\n|-activate|p2b: Bisharp|move: Protect\n|cant|p1b: Flutter Mane|slp\n|move|p2a: Mudsdale|Earthquake|p1a: Great Tusk|[spread] p1a,p1b\n|-activate|p2b: Bisharp|move: Protect\n|-crit|p1b: Flutter Mane\n|-damage|p1a: Great Tusk|62\/100\n|-damage|p1b: Flutter Mane|0 fnt\n|faint|p1b: Flutter Mane\n|-end|p1b: Flutter Mane|Protosynthesis|[silent]\n|\n|upkeep\n|inactive|Battle timer is ON: inactive players will automatically lose when time's up. (requested by mixmastermitch)\n|\n|t:|1683690644\n|switch|p1b: Kingambit|Kingambit, L50, M|100\/100\n|turn|5\n|\n|t:|1683690663\n|move|p2b: Bisharp|Sucker Punch|p1a: Great Tusk\n|-resisted|p1a: Great Tusk\n|-damage|p1a: Great Tusk|40\/100\n|move|p1a: Great Tusk|Close Combat|p2b: Bisharp\n|-supereffective|p2b: Bisharp\n|-damage|p2b: Bisharp|0 fnt\n|-unboost|p1a: Great Tusk|def|1\n|-unboost|p1a: Great Tusk|spd|1\n|faint|p2b: Bisharp\n|move|p1b: Kingambit|Iron Head|p2a: Mudsdale\n|-crit|p2a: Mudsdale\n|-damage|p2a: Mudsdale|44\/100\n|-ability|p2a: Mudsdale|Stamina|boost\n|-boost|p2a: Mudsdale|def|1\n|move|p2a: Mudsdale|Earthquake|p1a: Great Tusk|[spread] p1a,p1b\n|-supereffective|p1b: Kingambit\n|-damage|p1a: Great Tusk|0 fnt\n|-damage|p1b: Kingambit|36\/100\n|faint|p1a: Great Tusk\n|-end|p1a: Great Tusk|Protosynthesis|[silent]\n|\n|upkeep\n|\n|t:|1683690681\n|switch|p2b: Gallade|Gallade, L50, M|100\/100\n|turn|6\n|\n|t:|1683690692\n|-terastallize|p2b: Gallade|Fighting\n|-terastallize|p1b: Kingambit|Fire\n|move|p2b: Gallade|Sacred Sword|p1b: Kingambit\n|-damage|p1b: Kingambit|0 fnt\n|faint|p1b: Kingambit\n|\n|win|mixmastermitch\n|raw|bway's rating: 1126 → 1101<\/strong> (-25 for losing)\n|raw|mixmastermitch's rating: 1121 → 1146<\/strong> (+25 for winning)\n|l|\u2606mixmastermitch\n","uploadtime":1683690704,"views":17,"p1id":"bway","p2id":"mixmastermitch","formatid":"gen9vgc2023regulationc","rating":1101,"private":0,"password":""}