{"id":"gen9vgc2023regulationc-1854158834","p1":"FlyingAntsArmy","p2":"Tayekc","format":"[Gen 9] VGC 2023 Regulation C","log":"|j|\u2606FlyingAntsArmy\n|j|\u2606Tayekc\n|t:|1682777862\n|gametype|doubles\n|player|p1|FlyingAntsArmy|lance|1098\n|player|p2|Tayekc|hilbert|1080\n|teamsize|p1|6\n|teamsize|p2|6\n|gen|9\n|tier|[Gen 9] VGC 2023 Regulation C\n|rated|\n|rule|Species Clause: Limit one of each Pok\u00e9mon\n|rule|Item Clause: Limit one of each item\n|clearpoke\n|poke|p1|Chien-Pao, L50|\n|poke|p1|Arcanine, L50, F|\n|poke|p1|Dragonite, L50, F|\n|poke|p1|Iron Hands, L50|\n|poke|p1|Gastrodon, L50, F|\n|poke|p1|Flutter Mane, L50|\n|poke|p2|Chien-Pao, L50|\n|poke|p2|Dragonite, L50, M|\n|poke|p2|Scizor, L50, M|\n|poke|p2|Flutter Mane, L50|\n|poke|p2|Chi-Yu, L50|\n|poke|p2|Iron Bundle, L50|\n|teampreview|4\n|inactive|Battle timer is ON: inactive players will automatically lose when time's up. (requested by FlyingAntsArmy)\n|inactive|Tayekc has 60 seconds left.\n|\n|t:|1682777894\n|start\n|switch|p1a: Dragonite|Dragonite, L50, F|100\/100\n|switch|p1b: Arcanine|Arcanine, L50, F|100\/100\n|switch|p2a: Chi-Yu|Chi-Yu, L50|100\/100\n|switch|p2b: Chien-Pao|Chien-Pao, L50|100\/100\n|-ability|p2a: Chi-Yu|Beads of Ruin\n|-ability|p2b: Chien-Pao|Sword of Ruin\n|-ability|p1b: Arcanine|Intimidate|boost\n|-unboost|p2a: Chi-Yu|atk|1\n|-unboost|p2b: Chien-Pao|atk|1\n|turn|1\n|inactive|Tayekc has 30 seconds left.\n|inactive|Tayekc has 20 seconds left.\n|\n|t:|1682777936\n|-terastallize|p2b: Chien-Pao|Dark\n|move|p2b: Chien-Pao|Sucker Punch||[still]\n|-fail|p2b: Chien-Pao\n|move|p2a: Chi-Yu|Dark Pulse|p1b: Arcanine\n|-damage|p1b: Arcanine|52\/100\n|move|p1b: Arcanine|Will-O-Wisp|p2b: Chien-Pao\n|-status|p2b: Chien-Pao|brn\n|move|p1a: Dragonite|Tailwind|p1a: Dragonite\n|-sidestart|p1: FlyingAntsArmy|move: Tailwind\n|\n|-damage|p2b: Chien-Pao|95\/100 brn|[from] brn\n|upkeep\n|turn|2\n|\n|t:|1682777958\n|move|p2a: Chi-Yu|Dark Pulse|p1b: Arcanine\n|-damage|p1b: Arcanine|4\/100\n|move|p1b: Arcanine|Snarl|p2b: Chien-Pao|[spread] p2a,p2b\n|-resisted|p2a: Chi-Yu\n|-resisted|p2b: Chien-Pao\n|-damage|p2a: Chi-Yu|95\/100\n|-damage|p2b: Chien-Pao|85\/100 brn\n|-unboost|p2a: Chi-Yu|spa|1\n|-unboost|p2b: Chien-Pao|spa|1\n|move|p1a: Dragonite|Outrage|p2a: Chi-Yu\n|-damage|p2a: Chi-Yu|0 fnt\n|faint|p2a: Chi-Yu\n|move|p2b: Chien-Pao|Sacred Sword|p1b: Arcanine\n|-damage|p1b: Arcanine|0 fnt\n|faint|p1b: Arcanine\n|\n|-damage|p2b: Chien-Pao|79\/100 brn|[from] brn\n|upkeep\n|\n|t:|1682777978\n|switch|p2a: Iron Bundle|Iron Bundle, L50, shiny|100\/100\n|switch|p1b: Gastrodon|Gastrodon, L50, F|100\/100\n|-enditem|p2a: Iron Bundle|Booster Energy\n|-activate|p2a: Iron Bundle|ability: Quark Drive|[fromitem]\n|-start|p2a: Iron Bundle|quarkdrivespe\n|turn|3\n|\n|t:|1682777992\n|move|p2a: Iron Bundle|Freeze-Dry|p1b: Gastrodon\n|-supereffective|p1b: Gastrodon\n|-damage|p1b: Gastrodon|0 fnt\n|faint|p1b: Gastrodon\n|move|p1a: Dragonite|Outrage|p2b: Chien-Pao|[from]lockedmove\n|-damage|p2b: Chien-Pao|0 fnt\n|faint|p2b: Chien-Pao\n|\n|upkeep\n|\n|t:|1682778003\n|switch|p2b: Flutter Mane|Flutter Mane, L50|100\/100\n|switch|p1b: Chien-Pao|Chien-Pao, L50|100\/100\n|-ability|p1b: Chien-Pao|Sword of Ruin\n|turn|4\n|\n|t:|1682778017\n|-terastallize|p1b: Chien-Pao|Ghost\n|move|p1b: Chien-Pao|Ice Spinner|p2b: Flutter Mane\n|-damage|p2b: Flutter Mane|6\/100\n|move|p2a: Iron Bundle|Icy Wind|p1a: Dragonite|[spread] p1a,p1b\n|-supereffective|p1a: Dragonite\n|-damage|p1a: Dragonite|59\/100\n|-damage|p1b: Chien-Pao|68\/100\n|-unboost|p1a: Dragonite|spe|1\n|-unboost|p1b: Chien-Pao|spe|1\n|move|p2b: Flutter Mane|Dazzling Gleam|p1b: Chien-Pao|[spread] p1a,p1b\n|-supereffective|p1a: Dragonite\n|-damage|p1a: Dragonite|0 fnt\n|-damage|p1b: Chien-Pao|20\/100\n|faint|p1a: Dragonite\n|\n|-heal|p2b: Flutter Mane|12\/100|[from] item: Leftovers\n|-sideend|p1: FlyingAntsArmy|move: Tailwind\n|upkeep\n|turn|5\n|-message|FlyingAntsArmy forfeited.\n|\n|win|Tayekc\n|raw|FlyingAntsArmy's rating: 1098 → 1072<\/strong> (-26 for losing)\n|raw|Tayekc's rating: 1080 → 1109<\/strong> (+29 for winning)\n|l|\u2606FlyingAntsArmy\n","uploadtime":1682778039,"views":19,"p1id":"flyingantsarmy","p2id":"tayekc","formatid":"gen9vgc2023regulationc","rating":1072,"private":0,"password":""}