{"id":"gen9vgc2023regulationc-1846682616","p1":"Mattmaster2010","p2":"CaliberChamp","format":"[Gen 9] VGC 2023 Regulation C","log":"|j|\u2606Mattmaster2010\n|j|\u2606CaliberChamp\n|t:|1681865359\n|gametype|doubles\n|player|p1|Mattmaster2010|101|1288\n|player|p2|CaliberChamp|red-masters|1361\n|teamsize|p1|6\n|teamsize|p2|6\n|gen|9\n|tier|[Gen 9] VGC 2023 Regulation C\n|rated|\n|rule|Species Clause: Limit one of each Pok\u00e9mon\n|rule|Item Clause: Limit one of each item\n|clearpoke\n|poke|p1|Grimmsnarl, L50, M|\n|poke|p1|Corviknight, L50, F|\n|poke|p1|Annihilape, L50, F|\n|poke|p1|Iron Moth, L50|\n|poke|p1|Oricorio-Pom-Pom, L50, F|\n|poke|p1|Volcarona, L50, M|\n|poke|p2|Quaquaval, L50, F|\n|poke|p2|Cyclizar, L50, M|\n|poke|p2|Armarouge, L50, M|\n|poke|p2|Ceruledge, L50, F|\n|poke|p2|Iron Bundle, L50|\n|poke|p2|Iron Valiant, L50|\n|teampreview|4\n|inactive|Battle timer is ON: inactive players will automatically lose when time's up. (requested by CaliberChamp)\n|inactive|Mattmaster2010 has 60 seconds left.\n|\n|t:|1681865395\n|start\n|switch|p1a: Grimmsnarl|Grimmsnarl, L50, M|100\/100\n|switch|p1b: Corviknight|Corviknight, L50, F|100\/100\n|switch|p2a: Armarouge|Armarouge, L50, M|100\/100\n|switch|p2b: Cyclizar|Cyclizar, L50, M|100\/100\n|turn|1\n|inactive|CaliberChamp has 30 seconds left.\n|\n|t:|1681865427\n|switch|p2a: Delibundle|Iron Bundle, L50|100\/100\n|-terastallize|p1b: Corviknight|Dragon\n|move|p1a: Grimmsnarl|Light Screen|p1a: Grimmsnarl\n|-sidestart|p1: Mattmaster2010|move: Light Screen\n|move|p2b: Cyclizar|Shed Tail|p2b: Cyclizar\n|-start|p2b: Cyclizar|Substitute|[from] move: Shed Tail\n|-damage|p2b: Cyclizar|50\/100\n|\n|t:|1681865451\n|switch|p2b: Galiant|Iron Valiant, L50|100\/100|[from] Shed Tail\n|-enditem|p2b: Galiant|Booster Energy\n|-activate|p2b: Galiant|ability: Quark Drive|[fromitem]\n|-start|p2b: Galiant|quarkdrivespe\n|move|p1b: Corviknight|Bulk Up|p1b: Corviknight\n|-boost|p1b: Corviknight|atk|1\n|-boost|p1b: Corviknight|def|1\n|\n|upkeep\n|turn|2\n|\n|t:|1681865475\n|-terastallize|p2b: Galiant|Fairy\n|move|p1a: Grimmsnarl|Reflect|p1a: Grimmsnarl\n|-sidestart|p1: Mattmaster2010|Reflect\n|move|p2b: Galiant|Dazzling Gleam|p1b: Corviknight|[spread] p1a,p1b\n|-supereffective|p1a: Grimmsnarl\n|-crit|p1a: Grimmsnarl\n|-supereffective|p1b: Corviknight\n|-damage|p1a: Grimmsnarl|5\/100\n|-damage|p1b: Corviknight|52\/100\n|move|p2a: Delibundle|Encore|p1b: Corviknight\n|-start|p1b: Corviknight|Encore\n|move|p1b: Corviknight|Bulk Up|p1b: Corviknight\n|-boost|p1b: Corviknight|atk|1\n|-boost|p1b: Corviknight|def|1\n|\n|upkeep\n|turn|3\n|\n|t:|1681865494\n|switch|p1b: Iron Moth|Iron Moth, L50|100\/100\n|-enditem|p1b: Iron Moth|Booster Energy\n|-activate|p1b: Iron Moth|ability: Quark Drive|[fromitem]\n|-start|p1b: Iron Moth|quarkdrivespa\n|move|p1a: Grimmsnarl|Thunder Wave|p2a: Delibundle\n|-status|p2a: Delibundle|par\n|move|p2b: Galiant|Dazzling Gleam|p1b: Iron Moth|[spread] p1a,p1b\n|-supereffective|p1a: Grimmsnarl\n|-resisted|p1b: Iron Moth\n|-damage|p1a: Grimmsnarl|0 fnt\n|-damage|p1b: Iron Moth|93\/100\n|faint|p1a: Grimmsnarl\n|move|p2a: Delibundle|Freeze-Dry|p1b: Iron Moth\n|-resisted|p1b: Iron Moth\n|-damage|p1b: Iron Moth|81\/100\n|\n|upkeep\n|\n|t:|1681865514\n|switch|p1a: Corviknight|Corviknight, L50, F, tera:Dragon|52\/100\n|turn|4\n|\n|t:|1681865535\n|move|p2b: Galiant|Dazzling Gleam|p1a: Corviknight|[spread] p1a,p1b\n|-supereffective|p1a: Corviknight\n|-resisted|p1b: Iron Moth\n|-damage|p1a: Corviknight|0 fnt\n|-damage|p1b: Iron Moth|74\/100\n|faint|p1a: Corviknight\n|move|p1b: Iron Moth|Sludge Wave|p2b: Galiant|[spread] p2a,p2b\n|-supereffective|p2b: Galiant\n|-end|p2b: Galiant|Substitute\n|-enditem|p2a: Delibundle|Focus Sash\n|-damage|p2a: Delibundle|1\/100 par\n|move|p2a: Delibundle|Freeze-Dry|p1b: Iron Moth\n|-resisted|p1b: Iron Moth\n|-crit|p1b: Iron Moth\n|-damage|p1b: Iron Moth|48\/100\n|\n|upkeep\n|\n|t:|1681865547\n|switch|p1a: Annihilape|Annihilape, L50, F|100\/100\n|turn|5\n|inactive|CaliberChamp has 30 seconds left.\n|inactive|CaliberChamp has 20 seconds left.\n|\n|t:|1681865583\n|move|p1a: Annihilape|Protect|p1a: Annihilape\n|-singleturn|p1a: Annihilape|Protect\n|move|p2b: Galiant|Disable|p1b: Iron Moth\n|-start|p1b: Iron Moth|Disable|Sludge Wave\n|cant|p1b: Iron Moth|Disable|Sludge Wave\n|move|p2a: Delibundle|Encore|p1b: Iron Moth\n|-start|p1b: Iron Moth|Encore\n|\n|upkeep\n|turn|6\n|-message|Mattmaster2010 forfeited.\n|\n|win|CaliberChamp\n|raw|Mattmaster2010's rating: 1288 → 1268<\/strong> (-20 for losing)\n|raw|CaliberChamp's rating: 1361 → 1377<\/strong> (+16 for winning)\n|l|\u2606Mattmaster2010\n","uploadtime":1681865612,"views":14,"p1id":"mattmaster2010","p2id":"caliberchamp","formatid":"gen9vgc2023regulationc","rating":1268,"private":0,"password":""}