{"id":"gen9vgc2023regulationc-1856926835","p1":"ajbl95","p2":"Whatever0512","format":"[Gen 9] VGC 2023 Regulation C","log":"|j|\u2606ajbl95\n|j|\u2606Whatever0512\n|t:|1683126423\n|gametype|doubles\n|player|p1|ajbl95|lance|1443\n|player|p2|Whatever0512|102|1418\n|teamsize|p1|6\n|teamsize|p2|6\n|gen|9\n|tier|[Gen 9] VGC 2023 Regulation C\n|rated|\n|rule|Species Clause: Limit one of each Pok\u00e9mon\n|rule|Item Clause: Limit one of each item\n|clearpoke\n|poke|p1|Gastrodon, L50, M|\n|poke|p1|Kingambit, L50, M|\n|poke|p1|Arcanine, L50, F|\n|poke|p1|Great Tusk, L50|\n|poke|p1|Flutter Mane, L50|\n|poke|p1|Amoonguss, L50, M|\n|poke|p2|Talonflame, L50, F|\n|poke|p2|Flutter Mane, L50|\n|poke|p2|Tyranitar, L50, M|\n|poke|p2|Iron Bundle, L50|\n|poke|p2|Gothitelle, L50, F|\n|poke|p2|Great Tusk, L50|\n|teampreview|4\n|inactive|Battle timer is ON: inactive players will automatically lose when time's up. (requested by ajbl95)\n|\n|t:|1683126450\n|start\n|switch|p1a: Kingambit|Kingambit, L50, M, shiny|100\/100\n|switch|p1b: Arcanine|Arcanine, L50, F, shiny|100\/100\n|switch|p2a: Iron Bundle|Iron Bundle, L50|100\/100\n|switch|p2b: Tyranitar|Tyranitar, L50, M|100\/100\n|-ability|p1b: Arcanine|Intimidate|boost\n|-unboost|p2a: Iron Bundle|atk|1\n|-unboost|p2b: Tyranitar|atk|1\n|-weather|Sandstorm|[from] ability: Sand Stream|[of] p2b: Tyranitar\n|-enditem|p2a: Iron Bundle|Booster Energy\n|-activate|p2a: Iron Bundle|ability: Quark Drive|[fromitem]\n|-start|p2a: Iron Bundle|quarkdrivespe\n|turn|1\n|\n|t:|1683126471\n|switch|p1b: Gastrodon|Gastrodon, L50, M, shiny|100\/100\n|switch|p2b: Gothitelle|Gothitelle, L50, F|100\/100\n|-terastallize|p1a: Kingambit|Water\n|move|p2a: Iron Bundle|Protect|p2a: Iron Bundle\n|-singleturn|p2a: Iron Bundle|Protect\n|move|p1a: Kingambit|Brick Break|p2a: Iron Bundle\n|-activate|p2a: Iron Bundle|move: Protect\n|\n|-weather|Sandstorm|[upkeep]\n|-damage|p2a: Iron Bundle|95\/100|[from] Sandstorm\n|-damage|p2b: Gothitelle|95\/100|[from] Sandstorm\n|-damage|p1a: Kingambit|95\/100|[from] Sandstorm\n|upkeep\n|turn|2\n|inactive|ajbl95 has 30 seconds left.\n|inactive|Whatever0512 has 30 seconds left.\n|inactive|Whatever0512 has 20 seconds left.\n|inactive|Whatever0512 has 15 seconds left.\n|inactive|Whatever0512 has 10 seconds left.\n|inactive|Whatever0512 has 5 seconds left.\n|\n|t:|1683126523\n|-terastallize|p2a: Iron Bundle|Ice\n|move|p2b: Gothitelle|Fake Out|p1a: Kingambit\n|-damage|p1a: Kingambit|90\/100\n|move|p2a: Iron Bundle|Freeze-Dry|p1b: Gastrodon\n|-supereffective|p1b: Gastrodon\n|-damage|p1b: Gastrodon|0 fnt\n|faint|p1b: Gastrodon\n|cant|p1a: Kingambit|flinch\n|\n|-weather|Sandstorm|[upkeep]\n|-damage|p2a: Iron Bundle|89\/100|[from] Sandstorm\n|-damage|p2b: Gothitelle|89\/100|[from] Sandstorm\n|-damage|p1a: Kingambit|84\/100|[from] Sandstorm\n|upkeep\n|\n|t:|1683126531\n|switch|p1b: Arcanine|Arcanine, L50, F, shiny|100\/100\n|-ability|p1b: Arcanine|Intimidate|boost\n|-unboost|p2a: Iron Bundle|atk|1\n|-unboost|p2b: Gothitelle|atk|1\n|turn|3\n|\n|t:|1683126553\n|-end|p2a: Iron Bundle|Quark Drive|[silent]\n|switch|p2a: Tyranitar|Tyranitar, L50, M|100\/100\n|move|p1b: Arcanine|Flare Blitz|p2a: Tyranitar\n|-resisted|p2a: Tyranitar\n|-damage|p2a: Tyranitar|81\/100\n|-status|p2a: Tyranitar|brn\n|-damage|p1b: Arcanine|94\/100|[from] Recoil\n|move|p2b: Gothitelle|Thunder Wave|p1a: Kingambit\n|-status|p1a: Kingambit|par\n|move|p1a: Kingambit|Kowtow Cleave|p2b: Gothitelle\n|-supereffective|p2b: Gothitelle\n|-damage|p2b: Gothitelle|0 fnt\n|faint|p2b: Gothitelle\n|\n|-weather|Sandstorm|[upkeep]\n|-damage|p1b: Arcanine|88\/100|[from] Sandstorm\n|-damage|p1a: Kingambit|79\/100 par|[from] Sandstorm\n|-damage|p2a: Tyranitar|75\/100 brn|[from] brn\n|upkeep\n|\n|t:|1683126573\n|switch|p2b: Great Tusk|Great Tusk, L50|100\/100\n|turn|4\n|\n|t:|1683126586\n|move|p1b: Arcanine|Will-O-Wisp|p2b: Great Tusk\n|-status|p2b: Great Tusk|brn\n|move|p2b: Great Tusk|Headlong Rush|p1b: Arcanine\n|-supereffective|p1b: Arcanine\n|-damage|p1b: Arcanine|0 fnt\n|-unboost|p2b: Great Tusk|def|1\n|-unboost|p2b: Great Tusk|spd|1\n|faint|p1b: Arcanine\n|-damage|p2b: Great Tusk|91\/100 brn|[from] item: Life Orb\n|move|p2a: Tyranitar|Rock Slide|p1a: Kingambit\n|-damage|p1a: Kingambit|64\/100 par\n|cant|p1a: Kingambit|par\n|\n|-weather|Sandstorm|[upkeep]\n|-damage|p1a: Kingambit|58\/100 par|[from] Sandstorm\n|-damage|p2b: Great Tusk|85\/100 brn|[from] brn\n|-damage|p2a: Tyranitar|69\/100 brn|[from] brn\n|upkeep\n|\n|t:|1683126591\n|switch|p1b: Flutter Mane|Flutter Mane, L50, shiny|100\/100\n|turn|5\n|\n|t:|1683126613\n|move|p1b: Flutter Mane|Dazzling Gleam|p2a: Tyranitar|[spread] p2a,p2b\n|-supereffective|p2a: Tyranitar\n|-supereffective|p2b: Great Tusk\n|-damage|p2a: Tyranitar|43\/100 brn\n|-damage|p2b: Great Tusk|0 fnt\n|faint|p2b: Great Tusk\n|-end|p2b: Great Tusk|Protosynthesis|[silent]\n|move|p2a: Tyranitar|Heavy Slam|p1b: Flutter Mane\n|-supereffective|p1b: Flutter Mane\n|-damage|p1b: Flutter Mane|23\/100\n|move|p1a: Kingambit|Brick Break|p2a: Tyranitar\n|-supereffective|p2a: Tyranitar\n|-damage|p2a: Tyranitar|0 fnt\n|faint|p2a: Tyranitar\n|\n|-weather|none\n|upkeep\n|\n|t:|1683126616\n|switch|p2a: Iron Bundle|Iron Bundle, L50, tera:Ice|89\/100\n|turn|6\n|\n|t:|1683126626\n|move|p2a: Iron Bundle|Freeze-Dry|p1b: Flutter Mane\n|-damage|p1b: Flutter Mane|0 fnt\n|faint|p1b: Flutter Mane\n|-end|p1b: Flutter Mane|Protosynthesis|[silent]\n|cant|p1a: Kingambit|par\n|\n|upkeep\n|turn|7\n|c|\u2606ajbl95|ffs loool\n|c|\u2606ajbl95|gg\n|\n|t:|1683126639\n|move|p1a: Kingambit|Sucker Punch|p2a: Iron Bundle\n|-damage|p2a: Iron Bundle|43\/100\n|move|p2a: Iron Bundle|Freeze-Dry|p1a: Kingambit\n|-supereffective|p1a: Kingambit\n|-damage|p1a: Kingambit|0 fnt\n|faint|p1a: Kingambit\n|\n|win|Whatever0512\n|raw|ajbl95's rating: 1443 → 1422<\/strong> (-21 for losing)\n|raw|Whatever0512's rating: 1418 → 1439<\/strong> (+21 for winning)\n|c|\u2606Whatever0512|Gg\n|l|\u2606ajbl95\n","uploadtime":1683126702,"views":4,"p1id":"ajbl95","p2id":"whatever0512","formatid":"gen9vgc2023regulationc","rating":1422,"private":0,"password":""}