{"id":"gen9vgc2023regulationc-1862888991","p1":"RIPTheDollarMenu","p2":"SBkZZ","format":"[Gen 9] VGC 2023 Regulation C","log":"|j|\u2606RIPTheDollarMenu\n|j|\u2606SBkZZ\n|t:|1683934195\n|gametype|doubles\n|player|p1|RIPTheDollarMenu|waiter-gen4|1175\n|player|p2|SBkZZ|unknown|1259\n|teamsize|p1|6\n|teamsize|p2|6\n|gen|9\n|tier|[Gen 9] VGC 2023 Regulation C\n|rated|\n|rule|Species Clause: Limit one of each Pok\u00e9mon\n|rule|Item Clause: Limit one of each item\n|clearpoke\n|poke|p1|Tyranitar, L50, F|\n|poke|p1|Garchomp, L50, F|\n|poke|p1|Scream Tail, L50|\n|poke|p1|Corviknight, L50, M|\n|poke|p1|Gyarados, L50, M|\n|poke|p1|Iron Hands, L50|\n|poke|p2|Ceruledge, L50, M|\n|poke|p2|Gyarados, L50, M|\n|poke|p2|Glimmora, L50, M|\n|poke|p2|Umbreon, L50, M|\n|poke|p2|Iron Valiant, L50|\n|poke|p2|Great Tusk, L50|\n|teampreview|4\n|inactive|Battle timer is ON: inactive players will automatically lose when time's up. (requested by SBkZZ)\n|inactive|RIPTheDollarMenu has 60 seconds left.\n|inactive|SBkZZ has 60 seconds left.\n|\n|t:|1683934239\n|start\n|switch|p1a: Corviknight|Corviknight, L50, M|100\/100\n|switch|p1b: Beholder|Scream Tail, L50, shiny|100\/100\n|switch|p2a: Gyarados|Gyarados, L50, M|100\/100\n|switch|p2b: Great Tusk|Great Tusk, L50|100\/100\n|-ability|p2a: Gyarados|Intimidate|boost\n|-ability|p1a: Corviknight|Mirror Armor\n|-unboost|p2a: Gyarados|atk|1\n|-unboost|p1b: Beholder|atk|1\n|-enditem|p1b: Beholder|Booster Energy\n|-activate|p1b: Beholder|ability: Protosynthesis|[fromitem]\n|-start|p1b: Beholder|protosynthesisspe\n|turn|1\n|\n|t:|1683934263\n|move|p1b: Beholder|Dazzling Gleam|p2b: Great Tusk|[spread] p2a,p2b\n|-supereffective|p2b: Great Tusk\n|-damage|p2a: Gyarados|87\/100\n|-damage|p2b: Great Tusk|52\/100\n|move|p2b: Great Tusk|Rock Slide|p1a: Corviknight|[spread] p1b\n|-miss|p2b: Great Tusk|p1a: Corviknight\n|-damage|p1b: Beholder|83\/100\n|move|p2a: Gyarados|Iron Head|p1b: Beholder\n|-supereffective|p1b: Beholder\n|-damage|p1b: Beholder|57\/100\n|move|p1a: Corviknight|Brave Bird|p2b: Great Tusk\n|-supereffective|p2b: Great Tusk\n|-damage|p2b: Great Tusk|0 fnt\n|faint|p2b: Great Tusk\n|-end|p2b: Great Tusk|Protosynthesis|[silent]\n|-damage|p1a: Corviknight|84\/100|[from] Recoil\n|\n|-heal|p2a: Gyarados|93\/100|[from] item: Leftovers\n|upkeep\n|\n|t:|1683934273\n|switch|p2b: Umbreon|Umbreon, L50, M|100\/100\n|turn|2\n|\n|t:|1683934287\n|move|p1b: Beholder|Thunder Wave|p2a: Gyarados\n|-status|p2a: Gyarados|par\n|move|p1a: Corviknight|Bulk Up|p1a: Corviknight\n|-boost|p1a: Corviknight|atk|1\n|-boost|p1a: Corviknight|def|1\n|move|p2b: Umbreon|Skill Swap|p1a: Corviknight\n|-activate|p2b: Umbreon|move: Skill Swap|Mirror Armor|Inner Focus|[of] p1a: Corviknight\n|move|p2a: Gyarados|Iron Head|p1b: Beholder\n|-supereffective|p1b: Beholder\n|-damage|p1b: Beholder|29\/100\n|\n|-heal|p2a: Gyarados|99\/100 par|[from] item: Leftovers\n|upkeep\n|turn|3\n|\n|t:|1683934308\n|move|p1b: Beholder|Disable|p2a: Gyarados\n|-start|p2a: Gyarados|Disable|Iron Head\n|move|p1a: Corviknight|Bulk Up|p1a: Corviknight\n|-boost|p1a: Corviknight|atk|1\n|-boost|p1a: Corviknight|def|1\n|move|p2b: Umbreon|Foul Play|p1a: Corviknight\n|-damage|p1a: Corviknight|54\/100\n|move|p2a: Gyarados|Thunder Wave|p1a: Corviknight\n|-status|p1a: Corviknight|par\n|\n|-heal|p2a: Gyarados|100\/100 par|[from] item: Leftovers\n|upkeep\n|turn|4\n|inactive|SBkZZ has 30 seconds left.\n|\n|t:|1683934334\n|move|p1b: Beholder|Dazzling Gleam|p2b: Umbreon|[spread] p2a,p2b\n|-crit|p2a: Gyarados\n|-supereffective|p2b: Umbreon\n|-damage|p2a: Gyarados|82\/100 par\n|-damage|p2b: Umbreon|79\/100\n|move|p2b: Umbreon|Foul Play|p1a: Corviknight\n|-damage|p1a: Corviknight|25\/100 par\n|cant|p2a: Gyarados|par\n|cant|p1a: Corviknight|par\n|\n|-heal|p2a: Gyarados|88\/100 par|[from] item: Leftovers\n|upkeep\n|turn|5\n|\n|t:|1683934352\n|move|p1b: Beholder|Disable|p2b: Umbreon\n|-start|p2b: Umbreon|Disable|Foul Play\n|cant|p2b: Umbreon|Disable|Foul Play\n|move|p2a: Gyarados|Waterfall|p1b: Beholder\n|-damage|p1b: Beholder|10\/100\n|move|p1a: Corviknight|Roost|p1a: Corviknight\n|-heal|p1a: Corviknight|75\/100 par\n|-singleturn|p1a: Corviknight|move: Roost\n|\n|-heal|p2a: Gyarados|94\/100 par|[from] item: Leftovers\n|upkeep\n|turn|6\n|inactive|RIPTheDollarMenu has 30 seconds left.\n|\n|t:|1683934378\n|move|p1b: Beholder|Encore|p2b: Umbreon\n|-start|p2b: Umbreon|Encore\n|cant|p2b: Umbreon|Disable|Foul Play\n|cant|p2a: Gyarados|par\n|cant|p1a: Corviknight|par\n|\n|-heal|p2a: Gyarados|100\/100 par|[from] item: Leftovers\n|-end|p2a: Gyarados|Disable\n|upkeep\n|turn|7\n|\n|t:|1683934398\n|switch|p2b: Iron Valiant|Iron Valiant, L50|100\/100\n|-enditem|p2b: Iron Valiant|Booster Energy\n|-activate|p2b: Iron Valiant|ability: Quark Drive|[fromitem]\n|-start|p2b: Iron Valiant|quarkdrivespe\n|move|p1b: Beholder|Disable|p2a: Gyarados\n|-start|p2a: Gyarados|Disable|Waterfall\n|move|p2a: Gyarados|Taunt|p1b: Beholder\n|-start|p1b: Beholder|move: Taunt\n|move|p1a: Corviknight|Brave Bird|p2a: Gyarados\n|-damage|p2a: Gyarados|21\/100 par\n|-damage|p1a: Corviknight|50\/100 par|[from] Recoil\n|\n|-heal|p2a: Gyarados|27\/100 par|[from] item: Leftovers\n|upkeep\n|turn|8\n|inactive|RIPTheDollarMenu has 30 seconds left.\n|\n|t:|1683934424\n|move|p2b: Iron Valiant|Shadow Ball|p1a: Corviknight\n|-damage|p1a: Corviknight|24\/100 par\n|move|p1b: Beholder|Dazzling Gleam|p2b: Iron Valiant|[spread] p2a,p2b\n|-supereffective|p2b: Iron Valiant\n|-damage|p2a: Gyarados|15\/100 par\n|-damage|p2b: Iron Valiant|42\/100\n|move|p2a: Gyarados|Iron Head|p1a: Corviknight\n|-resisted|p1a: Corviknight\n|-damage|p1a: Corviknight|21\/100 par\n|move|p1a: Corviknight|Roost|p1a: Corviknight\n|-heal|p1a: Corviknight|71\/100 par\n|-singleturn|p1a: Corviknight|move: Roost\n|\n|-heal|p2a: Gyarados|21\/100 par|[from] item: Leftovers\n|upkeep\n|turn|9\n|\n|t:|1683934448\n|move|p2b: Iron Valiant|Aura Sphere|p1a: Corviknight\n|-damage|p1a: Corviknight|37\/100 par\n|move|p1b: Beholder|Dazzling Gleam|p2b: Iron Valiant|[spread] p2a,p2b\n|-supereffective|p2b: Iron Valiant\n|-damage|p2a: Gyarados|8\/100 par\n|-damage|p2b: Iron Valiant|0 fnt\n|faint|p2b: Iron Valiant\n|-end|p2b: Iron Valiant|Quark Drive|[silent]\n|move|p2a: Gyarados|Iron Head|p1b: Beholder\n|-supereffective|p1b: Beholder\n|-damage|p1b: Beholder|0 fnt\n|faint|p1b: Beholder\n|-end|p1b: Beholder|Protosynthesis|[silent]\n|move|p1a: Corviknight|Brave Bird|p2a: Gyarados\n|-damage|p2a: Gyarados|0 fnt\n|faint|p2a: Gyarados\n|-damage|p1a: Corviknight|35\/100 par|[from] Recoil\n|\n|upkeep\n|\n|t:|1683934463\n|switch|p2b: Umbreon|Umbreon, L50, M|79\/100\n|switch|p1b: Tarrasque|Tyranitar, L50, F, shiny|100\/100\n|-weather|Sandstorm|[from] ability: Sand Stream|[of] p1b: Tarrasque\n|turn|10\n|\n|t:|1683934477\n|-terastallize|p2b: Umbreon|Water\n|move|p1b: Tarrasque|Rock Slide|p2b: Umbreon\n|-damage|p2b: Umbreon|53\/100\n|move|p2b: Umbreon|Foul Play|p1b: Tarrasque\n|-resisted|p1b: Tarrasque\n|-damage|p1b: Tarrasque|78\/100\n|cant|p1a: Corviknight|par\n|\n|-weather|Sandstorm|[upkeep]\n|-damage|p2b: Umbreon|47\/100|[from] Sandstorm\n|-enditem|p2b: Umbreon|Sitrus Berry|[eat]\n|-heal|p2b: Umbreon|72\/100|[from] item: Sitrus Berry\n|upkeep\n|turn|11\n|\n|t:|1683934490\n|move|p1b: Tarrasque|Rock Slide|p2b: Umbreon|[miss]\n|-miss|p1b: Tarrasque|p2b: Umbreon\n|move|p2b: Umbreon|Foul Play|p1b: Tarrasque\n|-resisted|p1b: Tarrasque\n|-damage|p1b: Tarrasque|55\/100\n|move|p1a: Corviknight|Brave Bird|p2b: Umbreon\n|-damage|p2b: Umbreon|12\/100\n|-damage|p1a: Corviknight|15\/100 par|[from] Recoil\n|\n|-weather|Sandstorm|[upkeep]\n|-damage|p2b: Umbreon|6\/100|[from] Sandstorm\n|upkeep\n|turn|12\n|-message|SBkZZ forfeited.\n|\n|win|RIPTheDollarMenu\n|raw|RIPTheDollarMenu's rating: 1175 → 1206<\/strong> (+31 for winning)\n|raw|SBkZZ's rating: 1259 → 1228<\/strong> (-31 for losing)\n|l|\u2606SBkZZ\n","uploadtime":1683934504,"views":11,"p1id":"ripthedollarmenu","p2id":"sbkzz","formatid":"gen9vgc2023regulationc","rating":1206,"private":0,"password":""}