{"id":"gen9vgc2023regulationc-1861165853","p1":"princess Hoshi","p2":"bubafulbo","format":"[Gen 9] VGC 2023 Regulation C","log":"|j|\u2606princess Hoshi\n|j|\u2606bubafulbo\n|t:|1683732339\n|gametype|doubles\n|player|p1|princess Hoshi|iono|1314\n|player|p2|bubafulbo|cynthia-gen4|1401\n|teamsize|p1|6\n|teamsize|p2|6\n|gen|9\n|tier|[Gen 9] VGC 2023 Regulation C\n|rated|\n|rule|Species Clause: Limit one of each Pok\u00e9mon\n|rule|Item Clause: Limit one of each item\n|clearpoke\n|poke|p1|Arcanine, L50, F|\n|poke|p1|Ting-Lu, L50|\n|poke|p1|Amoonguss, L50, F|\n|poke|p1|Palafin, L50, M|\n|poke|p1|Flutter Mane, L50|\n|poke|p1|Kingambit, L50, M|\n|poke|p2|Flutter Mane, L50|\n|poke|p2|Tyranitar, L50, F|\n|poke|p2|Lycanroc, L50, M|\n|poke|p2|Annihilape, L50, M|\n|poke|p2|Amoonguss, L50, M|\n|poke|p2|Gyarados, L50, M|\n|teampreview|4\n|inactive|Battle timer is ON: inactive players will automatically lose when time's up. (requested by bubafulbo)\n|inactive|princess Hoshi has 60 seconds left.\n|\n|t:|1683732383\n|start\n|switch|p1a: All Might|Palafin, L50, M|100\/100\n|switch|p1b: Ligh McKing|Kingambit, L50, M|100\/100\n|switch|p2a: Tyranitar|Tyranitar, L50, F|100\/100\n|switch|p2b: Lycanroc|Lycanroc, L50, M|100\/100\n|-weather|Sandstorm|[from] ability: Sand Stream|[of] p2a: Tyranitar\n|turn|1\n|inactive|princess Hoshi has 30 seconds left.\n|\n|t:|1683732414\n|detailschange|p1a: All Might|Palafin-Hero, L50, M\n|switch|p1a: Amongus|Amoonguss, L50, F|100\/100\n|move|p1b: Ligh McKing|Protect|p1b: Ligh McKing\n|-singleturn|p1b: Ligh McKing|Protect\n|move|p2b: Lycanroc|Close Combat|p1b: Ligh McKing\n|-activate|p1b: Ligh McKing|move: Protect\n|move|p2a: Tyranitar|Crunch|p1a: Amongus\n|-damage|p1a: Amongus|62\/100\n|\n|-weather|Sandstorm|[upkeep]\n|-damage|p1a: Amongus|56\/100|[from] Sandstorm\n|upkeep\n|turn|2\n|\n|t:|1683732430\n|switch|p2b: Annihilape|Annihilape, L50, M|100\/100\n|switch|p2a: Flutter Mane|Flutter Mane, L50|100\/100\n|switch|p1b: Doge|Arcanine, L50, F|100\/100\n|-ability|p1b: Doge|Intimidate|boost\n|-unboost|p2a: Flutter Mane|atk|1\n|-unboost|p2b: Annihilape|atk|1\n|move|p1a: Amongus|Rage Powder|p1a: Amongus\n|-singleturn|p1a: Amongus|move: Rage Powder\n|\n|-weather|Sandstorm|[upkeep]\n|-damage|p2a: Flutter Mane|94\/100|[from] Sandstorm\n|-damage|p2b: Annihilape|95\/100|[from] Sandstorm\n|-damage|p1a: Amongus|50\/100|[from] Sandstorm\n|-enditem|p1a: Amongus|Sitrus Berry|[eat]\n|-heal|p1a: Amongus|75\/100|[from] item: Sitrus Berry\n|-heal|p2b: Annihilape|100\/100|[from] item: Leftovers\n|upkeep\n|turn|3\n|inactive|princess Hoshi has 30 seconds left.\n|\n|t:|1683732465\n|switch|p2b: Lycanroc|Lycanroc, L50, M|100\/100\n|move|p1a: Amongus|Rage Powder|p1a: Amongus\n|-singleturn|p1a: Amongus|move: Rage Powder\n|move|p2a: Flutter Mane|Shadow Ball|p1a: Amongus\n|-damage|p1a: Amongus|41\/100\n|move|p1b: Doge|Will-O-Wisp|p2b: Lycanroc\n|-status|p2b: Lycanroc|brn\n|\n|-weather|Sandstorm|[upkeep]\n|-damage|p2a: Flutter Mane|88\/100|[from] Sandstorm\n|-damage|p1a: Amongus|35\/100|[from] Sandstorm\n|-damage|p2b: Lycanroc|94\/100 brn|[from] brn\n|upkeep\n|turn|4\n|\n|t:|1683732489\n|switch|p1a: Ligh McKing|Kingambit, L50, M|100\/100\n|move|p1b: Doge|Protect|p1b: Doge\n|-singleturn|p1b: Doge|Protect\n|move|p2b: Lycanroc|Rock Slide|p1a: Ligh McKing|[spread] p1a\n|-activate|p1b: Doge|move: Protect\n|-resisted|p1a: Ligh McKing\n|-damage|p1a: Ligh McKing|93\/100\n|move|p2a: Flutter Mane|Shadow Ball|p1a: Ligh McKing\n|-resisted|p1a: Ligh McKing\n|-damage|p1a: Ligh McKing|73\/100\n|-unboost|p1a: Ligh McKing|spd|1\n|-ability|p1a: Ligh McKing|Defiant|boost\n|-boost|p1a: Ligh McKing|atk|2\n|\n|-weather|Sandstorm|[upkeep]\n|-damage|p2a: Flutter Mane|82\/100|[from] Sandstorm\n|-damage|p2b: Lycanroc|88\/100 brn|[from] brn\n|upkeep\n|turn|5\n|\n|t:|1683732511\n|switch|p2b: Annihilape|Annihilape, L50, M|100\/100\n|switch|p1b: Amongus|Amoonguss, L50, F|68\/100\n|move|p2a: Flutter Mane|Protect|p2a: Flutter Mane\n|-singleturn|p2a: Flutter Mane|Protect\n|move|p1a: Ligh McKing|Protect||[still]\n|-fail|p1a: Ligh McKing\n|\n|-weather|none\n|upkeep\n|turn|6\n|\n|t:|1683732534\n|move|p1a: Ligh McKing|Protect|p1a: Ligh McKing\n|-singleturn|p1a: Ligh McKing|Protect\n|move|p2a: Flutter Mane|Shadow Ball|p1b: Amongus\n|-crit|p1b: Amongus\n|-damage|p1b: Amongus|14\/100\n|move|p2b: Annihilape|Drain Punch|p1a: Ligh McKing\n|-activate|p1a: Ligh McKing|move: Protect\n|move|p1b: Amongus|Spore|p2b: Annihilape\n|-immune|p2b: Annihilape|[from] ability: Vital Spirit\n|\n|upkeep\n|turn|7\n|\n|t:|1683732557\n|switch|p1b: Doge|Arcanine, L50, F|100\/100\n|-ability|p1b: Doge|Intimidate|boost\n|-unboost|p2a: Flutter Mane|atk|1\n|-unboost|p2b: Annihilape|atk|1\n|-terastallize|p1a: Ligh McKing|Dark\n|move|p2a: Flutter Mane|Protect|p2a: Flutter Mane\n|-singleturn|p2a: Flutter Mane|Protect\n|move|p1a: Ligh McKing|Sucker Punch|p2b: Annihilape\n|-damage|p2b: Annihilape|6\/100\n|move|p2b: Annihilape|Drain Punch|p1a: Ligh McKing\n|-supereffective|p1a: Ligh McKing\n|-damage|p1a: Ligh McKing|42\/100\n|-heal|p2b: Annihilape|21\/100|[from] drain|[of] p1a: Ligh McKing\n|\n|-heal|p2b: Annihilape|27\/100|[from] item: Leftovers\n|upkeep\n|turn|8\n|inactive|princess Hoshi has 30 seconds left.\n|inactive|princess Hoshi has 20 seconds left.\n|\n|t:|1683732593\n|switch|p2b: Tyranitar|Tyranitar, L50, F|100\/100\n|-weather|Sandstorm|[from] ability: Sand Stream|[of] p2b: Tyranitar\n|move|p1a: Ligh McKing|Protect|p1a: Ligh McKing\n|-singleturn|p1a: Ligh McKing|Protect\n|move|p2a: Flutter Mane|Moonblast|p1a: Ligh McKing\n|-activate|p1a: Ligh McKing|move: Protect\n|move|p1b: Doge|Will-O-Wisp|p2b: Tyranitar\n|-status|p2b: Tyranitar|brn\n|\n|-weather|Sandstorm|[upkeep]\n|-damage|p2a: Flutter Mane|76\/100|[from] Sandstorm\n|-damage|p1a: Ligh McKing|36\/100|[from] Sandstorm\n|-damage|p2b: Tyranitar|95\/100 brn|[from] brn\n|upkeep\n|turn|9\n|\n|t:|1683732617\n|move|p2a: Flutter Mane|Moonblast|p1a: Ligh McKing\n|-supereffective|p1a: Ligh McKing\n|-damage|p1a: Ligh McKing|0 fnt\n|faint|p1a: Ligh McKing\n|move|p1b: Doge|Flare Blitz|p2a: Flutter Mane\n|-damage|p2a: Flutter Mane|0 fnt\n|faint|p2a: Flutter Mane\n|-end|p2a: Flutter Mane|Protosynthesis|[silent]\n|-damage|p1b: Doge|84\/100|[from] Recoil\n|move|p2b: Tyranitar|Rock Slide|p1b: Doge\n|-supereffective|p1b: Doge\n|-damage|p1b: Doge|37\/100\n|\n|-weather|Sandstorm|[upkeep]\n|-damage|p2b: Tyranitar|89\/100 brn|[from] brn\n|upkeep\n|\n|t:|1683732634\n|switch|p2a: Lycanroc|Lycanroc, L50, M|88\/100 brn\n|switch|p1a: Amongus|Amoonguss, L50, F|47\/100\n|turn|10\n|\n|t:|1683732643\n|switch|p1a: All Might|Palafin-Hero, L50, M|100\/100\n|-activate|p1a: All Might|ability: Zero to Hero\n|move|p1b: Doge|Protect|p1b: Doge\n|-singleturn|p1b: Doge|Protect\n|move|p2a: Lycanroc|Rock Slide|p1a: All Might|[spread] p1a\n|-activate|p1b: Doge|move: Protect\n|-damage|p1a: All Might|80\/100\n|move|p2b: Tyranitar|Rock Slide|p1b: Doge|[spread] p1a\n|-activate|p1b: Doge|move: Protect\n|-damage|p1a: All Might|66\/100\n|\n|-weather|Sandstorm|[upkeep]\n|-damage|p1a: All Might|60\/100|[from] Sandstorm\n|-damage|p2a: Lycanroc|82\/100 brn|[from] brn\n|-damage|p2b: Tyranitar|83\/100 brn|[from] brn\n|upkeep\n|turn|11\n|inactive|princess Hoshi has 30 seconds left.\n|inactive|princess Hoshi has 20 seconds left.\n|inactive|princess Hoshi has 15 seconds left.\n|inactive|princess Hoshi has 10 seconds left.\n|\n|t:|1683732688\n|switch|p1b: Amongus|Amoonguss, L50, F|80\/100\n|move|p1a: All Might|Jet Punch|p2a: Lycanroc\n|-supereffective|p2a: Lycanroc\n|-damage|p2a: Lycanroc|0 fnt\n|faint|p2a: Lycanroc\n|move|p2b: Tyranitar|Rock Slide|p1a: All Might|[spread] p1a,p1b\n|-damage|p1a: All Might|45\/100\n|-damage|p1b: Amongus|66\/100\n|\n|-weather|Sandstorm|[upkeep]\n|-damage|p1a: All Might|40\/100|[from] Sandstorm\n|-damage|p1b: Amongus|60\/100|[from] Sandstorm\n|-damage|p2b: Tyranitar|77\/100 brn|[from] brn\n|upkeep\n|\n|t:|1683732693\n|switch|p2a: Annihilape|Annihilape, L50, M|27\/100\n|turn|12\n|\n|t:|1683732706\n|move|p1a: All Might|Jet Punch|p2a: Annihilape\n|-damage|p2a: Annihilape|0 fnt\n|faint|p2a: Annihilape\n|move|p2b: Tyranitar|Rock Slide|p1b: Amongus|[spread] p1a,p1b\n|-damage|p1a: All Might|25\/100\n|-damage|p1b: Amongus|48\/100\n|move|p1b: Amongus|Pollen Puff|p1a: All Might\n|-heal|p1a: All Might|75\/100\n|\n|-weather|none\n|-damage|p2b: Tyranitar|72\/100 brn|[from] brn\n|upkeep\n|turn|13\n|-message|bubafulbo forfeited.\n|\n|win|princess Hoshi\n|raw|princess Hoshi's rating: 1314 → 1339<\/strong> (+25 for winning)\n|raw|bubafulbo's rating: 1401 → 1376<\/strong> (-25 for losing)\n|l|\u2606bubafulbo\n|l|\u2606princess Hoshi\n|j|\u2606princess Hoshi\n|player|p1|princess Hoshi|iono\n","uploadtime":1683732923,"views":13,"p1id":"princesshoshi","p2id":"bubafulbo","formatid":"gen9vgc2023regulationc","rating":1339,"private":0,"password":""}