{"id":"gen9vgc2023regulationc-1854493837","p1":"Xenizen","p2":"SteXe36","format":"[Gen 9] VGC 2023 Regulation C","log":"|j|\u2606Xenizen\n|j|\u2606SteXe36\n|t:|1682818162\n|gametype|doubles\n|player|p1|Xenizen|bruno|1243\n|player|p2|SteXe36|ethan|1240\n|teamsize|p1|6\n|teamsize|p2|6\n|gen|9\n|tier|[Gen 9] VGC 2023 Regulation C\n|rated|\n|rule|Species Clause: Limit one of each Pok\u00e9mon\n|rule|Item Clause: Limit one of each item\n|clearpoke\n|poke|p1|Chien-Pao, L50|\n|poke|p1|Flutter Mane, L50|\n|poke|p1|Dragonite, L50, F|\n|poke|p1|Ting-Lu, L50|\n|poke|p1|Amoonguss, L50, F|\n|poke|p1|Arcanine, L50, F|\n|poke|p2|Stonjourner, L50, M|\n|poke|p2|Hatterene, L50, F|\n|poke|p2|Ceruledge, L50, M|\n|poke|p2|Maushold-Four, L50|\n|poke|p2|Kingambit, L50, F|\n|poke|p2|Iron Hands, L50|\n|teampreview|4\n|inactive|Battle timer is ON: inactive players will automatically lose when time's up. (requested by SteXe36)\n|inactive|SteXe36 has 60 seconds left.\n|inactive|SteXe36 has 30 seconds left.\n|inactive|SteXe36 has 20 seconds left.\n|inactive|SteXe36 has 15 seconds left.\n|inactive|SteXe36 has 10 seconds left.\n|inactive|SteXe36 has 5 seconds left.\n|\n|t:|1682818249\n|start\n|switch|p1a: Airstrike|Dragonite, L50, F, shiny|100\/100\n|switch|p1b: Dishwasher|Ting-Lu, L50|100\/100\n|switch|p2a: Maushold|Maushold-Four, L50|100\/100\n|switch|p2b: Hatterene|Hatterene, L50, F|100\/100\n|-ability|p1b: Dishwasher|Vessel of Ruin\n|turn|1\n|inactive|Xenizen has 30 seconds left.\n|\n|t:|1682818275\n|-terastallize|p1a: Airstrike|Normal\n|move|p2a: Maushold|Follow Me|p2a: Maushold\n|-singleturn|p2a: Maushold|move: Follow Me\n|move|p1a: Airstrike|Extreme Speed|p2a: Maushold\n|-damage|p2a: Maushold|1\/100\n|move|p1b: Dishwasher|Heavy Slam|p2a: Maushold\n|-damage|p2a: Maushold|0 fnt\n|faint|p2a: Maushold\n|move|p2b: Hatterene|Trick Room|p2b: Hatterene\n|-fieldstart|move: Trick Room|[of] p2b: Hatterene\n|\n|upkeep\n|\n|t:|1682818289\n|switch|p2a: Iron Hands|Iron Hands, L50|100\/100\n|turn|2\n|inactive|SteXe36 has 30 seconds left.\n|inactive|SteXe36 has 20 seconds left.\n|inactive|SteXe36 has 15 seconds left.\n|inactive|SteXe36 has 10 seconds left.\n|\n|t:|1682818338\n|move|p2a: Iron Hands|Fake Out|p1a: Airstrike\n|-damage|p1a: Airstrike|82\/100\n|move|p1a: Airstrike|Extreme Speed|p2a: Iron Hands\n|-damage|p2a: Iron Hands|52\/100\n|move|p2b: Hatterene|Dazzling Gleam|p1a: Airstrike|[spread] p1a,p1b\n|-supereffective|p1b: Dishwasher\n|-damage|p1a: Airstrike|44\/100\n|-damage|p1b: Dishwasher|65\/100\n|-damage|p2b: Hatterene|91\/100|[from] item: Life Orb\n|move|p1b: Dishwasher|Heavy Slam|p2b: Hatterene\n|-supereffective|p2b: Hatterene\n|-damage|p2b: Hatterene|2\/100\n|\n|upkeep\n|turn|3\n|\n|t:|1682818360\n|move|p1a: Airstrike|Extreme Speed|p2b: Hatterene\n|-damage|p2b: Hatterene|0 fnt\n|faint|p2b: Hatterene\n|move|p2a: Iron Hands|Drain Punch|p1b: Dishwasher\n|-supereffective|p1b: Dishwasher\n|-damage|p1b: Dishwasher|17\/100\n|-heal|p2a: Iron Hands|77\/100|[from] drain|[of] p1b: Dishwasher\n|move|p1b: Dishwasher|Stomping Tantrum|p2a: Iron Hands\n|-supereffective|p2a: Iron Hands\n|-damage|p2a: Iron Hands|27\/100\n|\n|upkeep\n|\n|t:|1682818371\n|switch|p2b: Ceruledge|Ceruledge, L50, M|100\/100\n|turn|4\n|\n|t:|1682818388\n|move|p1a: Airstrike|Extreme Speed|p2a: Iron Hands\n|-damage|p2a: Iron Hands|0 fnt\n|faint|p2a: Iron Hands\n|-end|p2a: Iron Hands|Quark Drive|[silent]\n|move|p1b: Dishwasher|Ruination|p2b: Ceruledge\n|-damage|p2b: Ceruledge|50\/100\n|move|p2b: Ceruledge|Bitter Blade|p1b: Dishwasher\n|-damage|p1b: Dishwasher|0 fnt\n|-heal|p2b: Ceruledge|64\/100|[from] drain|[of] p1b: Dishwasher\n|faint|p1b: Dishwasher\n|\n|upkeep\n|\n|t:|1682818399\n|switch|p1b: Cheese Chopper|Chien-Pao, L50|100\/100\n|-ability|p1b: Cheese Chopper|Sword of Ruin\n|turn|5\n|\n|t:|1682818417\n|switch|p1a: Mental Support|Arcanine, L50, F, shiny|100\/100\n|-ability|p1a: Mental Support|Intimidate|boost\n|-fail|p2b: Ceruledge|unboost|[from] item: Clear Amulet|[of] p2b: Ceruledge\n|move|p1b: Cheese Chopper|Sucker Punch||[still]\n|-fail|p1b: Cheese Chopper\n|move|p2b: Ceruledge|Bulk Up|p2b: Ceruledge\n|-boost|p2b: Ceruledge|atk|1\n|-boost|p2b: Ceruledge|def|1\n|\n|-fieldend|move: Trick Room\n|upkeep\n|turn|6\n|inactive|Xenizen has 30 seconds left.\n|\n|t:|1682818446\n|switch|p1b: Airstrike|Dragonite, L50, F, shiny, tera:Normal|44\/100\n|-terastallize|p2b: Ceruledge|Fire\n|move|p1a: Mental Support|Protect|p1a: Mental Support\n|-singleturn|p1a: Mental Support|Protect\n|move|p2b: Ceruledge|Bitter Blade|p1b: Airstrike\n|-damage|p1b: Airstrike|0 fnt\n|-heal|p2b: Ceruledge|88\/100|[from] drain|[of] p1b: Airstrike\n|faint|p1b: Airstrike\n|\n|upkeep\n|\n|t:|1682818455\n|switch|p1b: Cheese Chopper|Chien-Pao, L50|100\/100\n|-ability|p1b: Cheese Chopper|Sword of Ruin\n|turn|7\n|\n|t:|1682818467\n|move|p2b: Ceruledge|Protect|p2b: Ceruledge\n|-singleturn|p2b: Ceruledge|Protect\n|move|p1a: Mental Support|Extreme Speed|p2b: Ceruledge\n|-activate|p2b: Ceruledge|move: Protect\n|move|p1b: Cheese Chopper|Sacred Sword|p2b: Ceruledge\n|-activate|p2b: Ceruledge|move: Protect\n|\n|upkeep\n|turn|8\n|\n|t:|1682818480\n|move|p1a: Mental Support|Extreme Speed|p2b: Ceruledge\n|-crit|p2b: Ceruledge\n|-damage|p2b: Ceruledge|26\/100\n|move|p1b: Cheese Chopper|Sacred Sword|p2b: Ceruledge\n|-damage|p2b: Ceruledge|0 fnt\n|faint|p2b: Ceruledge\n|\n|win|Xenizen\n|raw|Xenizen's rating: 1243 → 1268<\/strong> (+25 for winning)\n|raw|SteXe36's rating: 1240 → 1215<\/strong> (-25 for losing)\n|l|\u2606SteXe36\n","uploadtime":1682818492,"views":10,"p1id":"xenizen","p2id":"stexe36","formatid":"gen9vgc2023regulationc","rating":1215,"private":0,"password":""}