{"id":"gen9vgc2023regulationc-1846813997","p1":"skuchi4","p2":"D.AMADO - VGC","format":"[Gen 9] VGC 2023 Regulation C","log":"|j|\u2606skuchi4\n|j|\u2606D.AMADO - VGC\n|t:|1681884018\n|gametype|doubles\n|player|p1|skuchi4|clair|1112\n|player|p2|D.AMADO - VGC|bruno|1130\n|teamsize|p1|6\n|teamsize|p2|6\n|gen|9\n|tier|[Gen 9] VGC 2023 Regulation C\n|rated|\n|rule|Species Clause: Limit one of each Pok\u00e9mon\n|rule|Item Clause: Limit one of each item\n|clearpoke\n|poke|p1|Amoonguss, L50, M|\n|poke|p1|Dragonite, L50, F|\n|poke|p1|Arcanine, L50, F|\n|poke|p1|Palafin, L50, M|\n|poke|p1|Chien-Pao, L50|\n|poke|p1|Sandy Shocks, L50|\n|poke|p2|Chi-Yu, L50|\n|poke|p2|Torkoal, L50, F|\n|poke|p2|Jumpluff, L50, F|\n|poke|p2|Salamence, L50, M|\n|poke|p2|Indeedee-F, L50, F|\n|poke|p2|Flutter Mane, L50|\n|teampreview|4\n|inactive|Battle timer is ON: inactive players will automatically lose when time's up. (requested by D.AMADO - VGC)\n|\n|t:|1681884048\n|start\n|switch|p1a: Chien-Pao|Chien-Pao, L50|100\/100\n|switch|p1b: Palafin|Palafin, L50, M|100\/100\n|switch|p2a: Indeedee|Indeedee-F, L50, F|100\/100\n|switch|p2b: Flutter Mane|Flutter Mane, L50|100\/100\n|-ability|p1a: Chien-Pao|Sword of Ruin\n|-fieldstart|move: Psychic Terrain|[from] ability: Psychic Surge|[of] p2a: Indeedee\n|-enditem|p2a: Indeedee|Psychic Seed\n|-boost|p2a: Indeedee|spd|1|[from] item: Psychic Seed\n|turn|1\n|\n|t:|1681884068\n|detailschange|p1b: Palafin|Palafin-Hero, L50, M\n|switch|p1b: Amoonguss|Amoonguss, L50, M|100\/100\n|-terastallize|p2b: Flutter Mane|Fairy\n|move|p1a: Chien-Pao|Protect|p1a: Chien-Pao\n|-singleturn|p1a: Chien-Pao|Protect\n|move|p2a: Indeedee|Follow Me|p2a: Indeedee\n|-singleturn|p2a: Indeedee|move: Follow Me\n|move|p2b: Flutter Mane|Dazzling Gleam|p1b: Amoonguss|[spread] p1b\n|-activate|p1a: Chien-Pao|move: Protect\n|-resisted|p1b: Amoonguss\n|-damage|p1b: Amoonguss|75\/100\n|\n|-heal|p1b: Amoonguss|81\/100|[from] item: Leftovers\n|upkeep\n|turn|2\n|inactive|skuchi4 has 30 seconds left.\n|inactive|D.AMADO - VGC has 30 seconds left.\n|inactive|skuchi4 has 20 seconds left.\n|inactive|skuchi4 has 15 seconds left.\n|\n|t:|1681884109\n|-end|p2b: Flutter Mane|Protosynthesis|[silent]\n|switch|p2b: Torkoal|Torkoal, L50, F, shiny|100\/100\n|-weather|SunnyDay|[from] ability: Drought|[of] p2b: Torkoal\n|move|p2a: Indeedee|Follow Me|p2a: Indeedee\n|-singleturn|p2a: Indeedee|move: Follow Me\n|move|p1a: Chien-Pao|Ice Spinner|p2a: Indeedee\n|-damage|p2a: Indeedee|54\/100\n|-fieldend|move: Psychic Terrain\n|move|p1b: Amoonguss|Pollen Puff|p2a: Indeedee\n|-supereffective|p2a: Indeedee\n|-damage|p2a: Indeedee|30\/100\n|\n|-weather|SunnyDay|[upkeep]\n|-heal|p1b: Amoonguss|86\/100|[from] item: Leftovers\n|upkeep\n|turn|3\n|inactive|skuchi4 has 30 seconds left.\n|inactive|skuchi4 has 20 seconds left.\n|\n|t:|1681884145\n|switch|p1b: Sandy Shocks|Sandy Shocks, L50|100\/100\n|-activate|p1b: Sandy Shocks|ability: Protosynthesis\n|-start|p1b: Sandy Shocks|protosynthesisspa\n|move|p1a: Chien-Pao|Ice Spinner|p2a: Indeedee\n|-crit|p2a: Indeedee\n|-damage|p2a: Indeedee|0 fnt\n|faint|p2a: Indeedee\n|move|p2b: Torkoal|Heat Wave|p1b: Sandy Shocks|[spread] p1a,p1b\n|-supereffective|p1a: Chien-Pao\n|-enditem|p1a: Chien-Pao|Focus Sash\n|-damage|p1a: Chien-Pao|1\/100\n|-damage|p1b: Sandy Shocks|68\/100\n|\n|-weather|SunnyDay|[upkeep]\n|upkeep\n|\n|t:|1681884164\n|switch|p2a: Flutter Mane|Flutter Mane, L50, tera:Fairy|100\/100\n|-activate|p2a: Flutter Mane|ability: Protosynthesis\n|-start|p2a: Flutter Mane|protosynthesisspa\n|turn|4\n|\n|t:|1681884177\n|move|p1a: Chien-Pao|Ice Spinner|p2a: Flutter Mane\n|-damage|p2a: Flutter Mane|14\/100\n|move|p2a: Flutter Mane|Dazzling Gleam|p1b: Sandy Shocks|[spread] p1a,p1b\n|-supereffective|p1a: Chien-Pao\n|-damage|p1a: Chien-Pao|0 fnt\n|-damage|p1b: Sandy Shocks|8\/100\n|faint|p1a: Chien-Pao\n|move|p1b: Sandy Shocks|Earth Power|p2b: Torkoal\n|-supereffective|p2b: Torkoal\n|-damage|p2b: Torkoal|0 fnt\n|faint|p2b: Torkoal\n|\n|-weather|SunnyDay|[upkeep]\n|upkeep\n|\n|t:|1681884189\n|switch|p1a: Amoonguss|Amoonguss, L50, M|100\/100\n|switch|p2b: Salamence|Salamence, L50, M, shiny|100\/100\n|-ability|p2b: Salamence|Intimidate|boost\n|-unboost|p1a: Amoonguss|atk|1\n|-unboost|p1b: Sandy Shocks|atk|1\n|turn|5\n|inactive|skuchi4 has 30 seconds left.\n|\n|t:|1681884219\n|move|p1a: Amoonguss|Protect|p1a: Amoonguss\n|-singleturn|p1a: Amoonguss|Protect\n|move|p2a: Flutter Mane|Dazzling Gleam|p1a: Amoonguss|[spread] p1b\n|-activate|p1a: Amoonguss|move: Protect\n|-damage|p1b: Sandy Shocks|0 fnt\n|faint|p1b: Sandy Shocks\n|-end|p1b: Sandy Shocks|Protosynthesis|[silent]\n|move|p2b: Salamence|Focus Energy|p2b: Salamence\n|-start|p2b: Salamence|move: Focus Energy\n|\n|-weather|SunnyDay|[upkeep]\n|upkeep\n|\n|t:|1681884228\n|switch|p1b: Palafin|Palafin-Hero, L50, M|100\/100\n|-activate|p1b: Palafin|ability: Zero to Hero\n|turn|6\n|\n|t:|1681884235\n|move|p1a: Amoonguss|Rage Powder|p1a: Amoonguss\n|-singleturn|p1a: Amoonguss|move: Rage Powder\n|move|p1b: Palafin|Jet Punch|p2a: Flutter Mane\n|-damage|p2a: Flutter Mane|0 fnt\n|faint|p2a: Flutter Mane\n|-end|p2a: Flutter Mane|Protosynthesis|[silent]\n|move|p2b: Salamence|Heat Wave|p1a: Amoonguss|[spread] p1a,p1b\n|-supereffective|p1a: Amoonguss\n|-crit|p1a: Amoonguss\n|-resisted|p1b: Palafin\n|-crit|p1b: Palafin\n|-damage|p1a: Amoonguss|13\/100\n|-damage|p1b: Palafin|72\/100\n|\n|-weather|SunnyDay|[upkeep]\n|-heal|p1a: Amoonguss|19\/100|[from] item: Leftovers\n|upkeep\n|turn|7\n|inactive|skuchi4 has 30 seconds left.\n|\n|t:|1681884263\n|-terastallize|p1b: Palafin|Water\n|move|p1a: Amoonguss|Protect|p1a: Amoonguss\n|-singleturn|p1a: Amoonguss|Protect\n|move|p1b: Palafin|Wave Crash|p2b: Salamence\n|-resisted|p2b: Salamence\n|-damage|p2b: Salamence|66\/100\n|-damage|p1b: Palafin|60\/100|[from] Recoil\n|move|p2b: Salamence|Heat Wave|p1b: Palafin|[spread] \n|-activate|p1a: Amoonguss|move: Protect\n|-miss|p2b: Salamence|p1b: Palafin\n|\n|-weather|SunnyDay|[upkeep]\n|-heal|p1a: Amoonguss|24\/100|[from] item: Leftovers\n|upkeep\n|turn|8\n|\n|t:|1681884279\n|move|p1b: Palafin|Wave Crash|p2b: Salamence\n|-resisted|p2b: Salamence\n|-damage|p2b: Salamence|32\/100\n|-damage|p1b: Palafin|49\/100|[from] Recoil\n|move|p2b: Salamence|Heat Wave|p1a: Amoonguss|[spread] p1a,p1b\n|-supereffective|p1a: Amoonguss\n|-crit|p1a: Amoonguss\n|-resisted|p1b: Palafin\n|-crit|p1b: Palafin\n|-damage|p1a: Amoonguss|0 fnt\n|-damage|p1b: Palafin|23\/100\n|faint|p1a: Amoonguss\n|\n|-weather|SunnyDay|[upkeep]\n|upkeep\n|turn|9\n|\n|t:|1681884294\n|move|p2b: Salamence|Protect|p2b: Salamence\n|-singleturn|p2b: Salamence|Protect\n|move|p1b: Palafin|Wave Crash|p2b: Salamence\n|-activate|p2b: Salamence|move: Protect\n|\n|-weather|none\n|upkeep\n|turn|10\n|\n|t:|1681884310\n|move|p1b: Palafin|Protect|p1b: Palafin\n|-singleturn|p1b: Palafin|Protect\n|move|p2b: Salamence|Draco Meteor|p1b: Palafin\n|-activate|p1b: Palafin|move: Protect\n|\n|upkeep\n|turn|11\n|inactive|skuchi4 has 30 seconds left.\n|inactive|D.AMADO - VGC has 30 seconds left.\n|\n|t:|1681884340\n|move|p1b: Palafin|Wave Crash|p2b: Salamence\n|-resisted|p2b: Salamence\n|-damage|p2b: Salamence|0 fnt\n|faint|p2b: Salamence\n|-damage|p1b: Palafin|12\/100|[from] Recoil\n|\n|win|skuchi4\n|raw|skuchi4's rating: 1112 → 1138<\/strong> (+26 for winning)\n|raw|D.AMADO - VGC's rating: 1130 → 1104<\/strong> (-26 for losing)\n","uploadtime":1681884491,"views":10,"p1id":"skuchi4","p2id":"damadovgc","formatid":"gen9vgc2023regulationc","rating":1104,"private":0,"password":""}