{"id":"gen9vgc2023regulationc-1851100869","p1":"Fddsgf","p2":"banran","format":"[Gen 9] VGC 2023 Regulation C","log":"|j|\u2606Fddsgf\n|j|\u2606banran\n|t:|1682409348\n|gametype|doubles\n|player|p1|Fddsgf|unknownf|1108\n|player|p2|banran|266|1106\n|teamsize|p1|6\n|teamsize|p2|6\n|gen|9\n|tier|[Gen 9] VGC 2023 Regulation C\n|rated|\n|rule|Species Clause: Limit one of each Pok\u00e9mon\n|rule|Item Clause: Limit one of each item\n|clearpoke\n|poke|p1|Annihilape, L50, M|\n|poke|p1|Orthworm, L50, F|\n|poke|p1|Sableye, L50, M|\n|poke|p1|Roaring Moon, L50|\n|poke|p1|Flamigo, L50, M|\n|poke|p1|Kingambit, L50, F|\n|poke|p2|Wo-Chien, L50|\n|poke|p2|Gothitelle, L50, M|\n|poke|p2|Flutter Mane, L50|\n|poke|p2|Rotom-Heat, L50|\n|poke|p2|Toxapex, L50, M|\n|poke|p2|Arcanine, L50, M|\n|teampreview|4\n|inactive|Battle timer is ON: inactive players will automatically lose when time's up. (requested by Fddsgf)\n|inactive|banran has 60 seconds left.\n|\n|t:|1682409386\n|start\n|switch|p1a: Sableye|Sableye, L50, M|100\/100\n|switch|p1b: Orthworm|Orthworm, L50, F|100\/100\n|switch|p2a: Flutter Mane|Flutter Mane, L50, shiny|100\/100\n|switch|p2b: Rotom|Rotom-Heat, L50, shiny|100\/100\n|turn|1\n|\n|t:|1682409400\n|move|p2a: Flutter Mane|Protect|p2a: Flutter Mane\n|-singleturn|p2a: Flutter Mane|Protect\n|move|p1a: Sableye|Light Screen|p1a: Sableye\n|-sidestart|p1: Fddsgf|move: Light Screen\n|move|p2b: Rotom|Trick|p1a: Sableye\n|-activate|p2b: Rotom|move: Trick|[of] p1a: Sableye\n|-item|p1a: Sableye|Choice Specs|[from] move: Trick\n|-item|p2b: Rotom|Light Clay|[from] move: Trick\n|move|p1b: Orthworm|Heavy Slam|p2a: Flutter Mane\n|-activate|p2a: Flutter Mane|move: Protect\n|\n|upkeep\n|turn|2\n|\n|t:|1682409419\n|-end|p2a: Flutter Mane|Protosynthesis|[silent]\n|switch|p2a: Toxapex|Toxapex, L50, M, shiny|100\/100\n|move|p1a: Sableye|Encore|p2b: Rotom\n|-start|p2b: Rotom|Encore\n|move|p2b: Rotom|Trick|p1a: Sableye\n|-activate|p2b: Rotom|move: Trick|[of] p1a: Sableye\n|-item|p1a: Sableye|Light Clay|[from] move: Trick\n|-item|p2b: Rotom|Choice Specs|[from] move: Trick\n|move|p1b: Orthworm|Heavy Slam|p2a: Toxapex\n|-resisted|p2a: Toxapex\n|-damage|p2a: Toxapex|88\/100\n|\n|-heal|p2a: Toxapex|94\/100|[from] item: Leftovers\n|upkeep\n|turn|3\n|inactive|banran has 30 seconds left.\n|inactive|banran has 20 seconds left.\n|inactive|banran has 15 seconds left.\n|\n|t:|1682409460\n|switch|p2b: Wo-Chien|Wo-Chien, L50|100\/100\n|-ability|p2b: Wo-Chien|Tablets of Ruin\n|move|p1a: Sableye|Reflect|p1a: Sableye\n|-sidestart|p1: Fddsgf|Reflect\n|move|p1b: Orthworm|Shed Tail|p1b: Orthworm\n|-start|p1b: Orthworm|Substitute|[from] move: Shed Tail\n|-damage|p1b: Orthworm|50\/100\n|-enditem|p1b: Orthworm|Sitrus Berry|[eat]\n|-heal|p1b: Orthworm|75\/100|[from] item: Sitrus Berry\n|\n|t:|1682409468\n|switch|p1b: Kingambit|Kingambit, L50, F|100\/100|[from] Shed Tail\n|move|p2a: Toxapex|Acid Spray|p1a: Sableye\n|-resisted|p1a: Sableye\n|-damage|p1a: Sableye|96\/100\n|-unboost|p1a: Sableye|spd|2\n|\n|-heal|p2a: Toxapex|99\/100|[from] item: Leftovers\n|upkeep\n|turn|4\n|inactive|banran has 30 seconds left.\n|\n|t:|1682409502\n|switch|p2a: Rotom|Rotom-Heat, L50, shiny|100\/100\n|move|p2b: Wo-Chien|Giga Drain|p1a: Sableye\n|-damage|p1a: Sableye|39\/100\n|move|p1b: Kingambit|Swords Dance|p1b: Kingambit\n|-boost|p1b: Kingambit|atk|2\n|move|p1a: Sableye|Knock Off|p2b: Wo-Chien\n|-resisted|p2b: Wo-Chien\n|-damage|p2b: Wo-Chien|94\/100\n|-enditem|p2b: Wo-Chien|Big Root|[from] move: Knock Off|[of] p1a: Sableye\n|\n|upkeep\n|turn|5\n|inactive|banran has 30 seconds left.\n|\n|t:|1682409536\n|switch|p1a: Orthworm|Orthworm, L50, F|75\/100\n|move|p2a: Rotom|Volt Switch|p1a: Orthworm\n|-damage|p1a: Orthworm|40\/100\n|\n|t:|1682409544\n|switch|p2a: Toxapex|Toxapex, L50, M, shiny|100\/100|[from] Volt Switch\n|move|p2b: Wo-Chien|Giga Drain|p1b: Kingambit\n|-resisted|p1b: Kingambit\n|-activate|p1b: Kingambit|move: Substitute|[damage]\n|-heal|p2b: Wo-Chien|98\/100|[from] drain|[of] p1b: Kingambit\n|move|p1b: Kingambit|Kowtow Cleave|p2a: Toxapex\n|-damage|p2a: Toxapex|32\/100\n|\n|-heal|p2a: Toxapex|37\/100|[from] item: Leftovers\n|upkeep\n|turn|6\n|inactive|banran has 30 seconds left.\n|\n|t:|1682409578\n|move|p1a: Orthworm|Helping Hand|p1b: Kingambit\n|-singleturn|p1b: Kingambit|Helping Hand|[of] p1a: Orthworm\n|move|p2a: Toxapex|Baneful Bunker|p2a: Toxapex\n|-singleturn|p2a: Toxapex|move: Protect\n|move|p2b: Wo-Chien|Leech Seed|p1a: Orthworm\n|-start|p1a: Orthworm|move: Leech Seed\n|move|p1b: Kingambit|Iron Head|p2b: Wo-Chien\n|-damage|p2b: Wo-Chien|21\/100\n|\n|-heal|p2a: Toxapex|43\/100|[from] item: Leftovers\n|-damage|p1a: Orthworm|28\/100|[from] Leech Seed|[of] p2b: Wo-Chien\n|-heal|p2b: Wo-Chien|33\/100|[silent]\n|upkeep\n|turn|7\n|inactive|banran has 30 seconds left.\n|inactive|banran has 20 seconds left.\n|\n|t:|1682409616\n|switch|p1a: Roaring Moon|Roaring Moon, L50|100\/100\n|-enditem|p1a: Roaring Moon|Booster Energy\n|-activate|p1a: Roaring Moon|ability: Protosynthesis|[fromitem]\n|-start|p1a: Roaring Moon|protosynthesisatk\n|move|p2b: Wo-Chien|Giga Drain|p1b: Kingambit\n|-resisted|p1b: Kingambit\n|-activate|p1b: Kingambit|move: Substitute|[damage]\n|-heal|p2b: Wo-Chien|37\/100|[from] drain|[of] p1b: Kingambit\n|move|p1b: Kingambit|Kowtow Cleave|p2a: Toxapex\n|-damage|p2a: Toxapex|0 fnt\n|faint|p2a: Toxapex\n|\n|upkeep\n|\n|t:|1682409631\n|switch|p2a: Flutter Mane|Flutter Mane, L50, shiny|100\/100\n|turn|8\n|-message|banran forfeited.\n|\n|win|Fddsgf\n|raw|Fddsgf's rating: 1081 → 1111<\/strong> (+30 for winning)\n|raw|banran's rating: 1106 → 1079<\/strong> (-27 for losing)\n|l|\u2606banran\n","uploadtime":1682409656,"views":8,"p1id":"fddsgf","p2id":"banran","formatid":"gen9vgc2023regulationc","rating":1079,"private":0,"password":""}