{"id":"gen9vgc2023regulationc-1845949930","p1":"shhh6","p2":"Torrent212","format":"[Gen 9] VGC 2023 Regulation C","log":"|j|\u2606shhh6\n|j|\u2606Torrent212\n|t:|1681782863\n|gametype|doubles\n|player|p1|shhh6|101|1101\n|player|p2|Torrent212|steven|1136\n|teamsize|p1|6\n|teamsize|p2|6\n|gen|9\n|tier|[Gen 9] VGC 2023 Regulation C\n|rated|\n|rule|Species Clause: Limit one of each Pok\u00e9mon\n|rule|Item Clause: Limit one of each item\n|clearpoke\n|poke|p1|Torkoal, L50, M|\n|poke|p1|Chi-Yu, L50|\n|poke|p1|Bronzong, L50|\n|poke|p1|Gastrodon, L50, F|\n|poke|p1|Grimmsnarl, L50, M|\n|poke|p1|Skeledirge, L50, F|\n|poke|p2|Gothitelle, L50, M|\n|poke|p2|Flutter Mane, L50|\n|poke|p2|Scream Tail, L50|\n|poke|p2|Wo-Chien, L50|\n|poke|p2|Great Tusk, L50|\n|poke|p2|Amoonguss, L50, M|\n|teampreview|4\nTorrent212 has agreed to open team sheets.\n|inactive|Battle timer is ON: inactive players will automatically lose when time's up. (requested by shhh6)\n|inactive|Torrent212 has 60 seconds left.\n|\n|t:|1681782920\n|start\n|switch|p1a: Grimmsnarl|Grimmsnarl, L50, M|100\/100\n|switch|p1b: Skeledirge|Skeledirge, L50, F|100\/100\n|switch|p2a: Flutter Mane|Flutter Mane, L50|100\/100\n|switch|p2b: Gothitelle|Gothitelle, L50, M|100\/100\n|turn|1\n|\n|t:|1681782937\n|move|p1b: Skeledirge|Protect|p1b: Skeledirge\n|-singleturn|p1b: Skeledirge|Protect\n|move|p2b: Gothitelle|Fake Out|p1a: Grimmsnarl\n|-damage|p1a: Grimmsnarl|95\/100\n|cant|p1a: Grimmsnarl|flinch\n|move|p2a: Flutter Mane|Shadow Ball|p1b: Skeledirge\n|-activate|p1b: Skeledirge|move: Protect\n|\n|upkeep\n|turn|2\n|\n|t:|1681782952\n|switch|p1b: Chi-Yu|Chi-Yu, L50|100\/100\n|-ability|p1b: Chi-Yu|Beads of Ruin\n|move|p2a: Flutter Mane|Protect|p2a: Flutter Mane\n|-singleturn|p2a: Flutter Mane|Protect\n|move|p1a: Grimmsnarl|Trick|p2a: Flutter Mane\n|-activate|p2a: Flutter Mane|move: Protect\n|move|p2b: Gothitelle|Taunt|p1a: Grimmsnarl\n|-start|p1a: Grimmsnarl|move: Taunt\n|\n|upkeep\n|turn|3\n|\n|t:|1681782975\n|-terastallize|p2b: Gothitelle|Flying\n|move|p1a: Grimmsnarl|Sucker Punch||[still]\n|-fail|p1a: Grimmsnarl\n|move|p2a: Flutter Mane|Perish Song|p2a: Flutter Mane\n|-start|p1a: Grimmsnarl|perish3|[silent]\n|-start|p1b: Chi-Yu|perish3|[silent]\n|-start|p2a: Flutter Mane|perish3|[silent]\n|-start|p2b: Gothitelle|perish3|[silent]\n|-fieldactivate|move: Perish Song\n|move|p1b: Chi-Yu|Snarl|p2b: Gothitelle|[spread] p2a,p2b\n|-damage|p2a: Flutter Mane|73\/100\n|-damage|p2b: Gothitelle|82\/100\n|-unboost|p2a: Flutter Mane|spa|1\n|-unboost|p2b: Gothitelle|spa|1\n|move|p2b: Gothitelle|Taunt|p1b: Chi-Yu\n|-start|p1b: Chi-Yu|move: Taunt\n|\n|-start|p2a: Flutter Mane|perish3\n|-start|p1b: Chi-Yu|perish3\n|-start|p2b: Gothitelle|perish3\n|-start|p1a: Grimmsnarl|perish3\n|upkeep\n|turn|4\n|\n|t:|1681782997\n|-terastallize|p1b: Chi-Yu|Ghost\n|move|p2a: Flutter Mane|Protect|p2a: Flutter Mane\n|-singleturn|p2a: Flutter Mane|Protect\n|move|p2b: Gothitelle|Protect|p2b: Gothitelle\n|-singleturn|p2b: Gothitelle|Protect\n|move|p1b: Chi-Yu|Snarl|p2b: Gothitelle|[spread] \n|-activate|p2a: Flutter Mane|move: Protect\n|-activate|p2b: Gothitelle|move: Protect\n|move|p1a: Grimmsnarl|Spirit Break|p2a: Flutter Mane\n|-activate|p2a: Flutter Mane|move: Protect\n|\n|-start|p2a: Flutter Mane|perish2\n|-start|p1b: Chi-Yu|perish2\n|-start|p2b: Gothitelle|perish2\n|-start|p1a: Grimmsnarl|perish2\n|upkeep\n|turn|5\n|inactive|Torrent212 has 30 seconds left.\n|inactive|Torrent212 has 20 seconds left.\n|\n|t:|1681783034\n|-end|p2a: Flutter Mane|Protosynthesis|[silent]\n|switch|p2a: Amoonguss|Amoonguss, L50, M|100\/100\n|switch|p1b: Bronzong|Bronzong, L50|100\/100\n|move|p1a: Grimmsnarl|Sucker Punch||[still]\n|-fail|p1a: Grimmsnarl\n|move|p2b: Gothitelle|Psychic|p1b: Bronzong\n|-resisted|p1b: Bronzong\n|-damage|p1b: Bronzong|96\/100\n|\n|-end|p1a: Grimmsnarl|move: Taunt\n|-start|p2b: Gothitelle|perish1\n|-start|p1a: Grimmsnarl|perish1\n|upkeep\n|turn|6\n|\n|t:|1681783051\n|switch|p2b: Wo-Chien|Wo-Chien, L50|100\/100\n|-ability|p2b: Wo-Chien|Tablets of Ruin\n|move|p1b: Bronzong|Iron Head|p2b: Wo-Chien\n|-damage|p2b: Wo-Chien|84\/100\n|move|p2a: Amoonguss|Spore|p1b: Bronzong\n|-status|p1b: Bronzong|slp|[from] move: Spore\n|move|p1a: Grimmsnarl|Spirit Break|p2b: Wo-Chien\n|-supereffective|p2b: Wo-Chien\n|-damage|p2b: Wo-Chien|33\/100\n|-unboost|p2b: Wo-Chien|spa|1\n|\n|-heal|p2b: Wo-Chien|40\/100|[from] item: Leftovers\n|-start|p1a: Grimmsnarl|perish0\n|upkeep\n|faint|p1a: Grimmsnarl\n|\n|t:|1681783058\n|switch|p1a: Chi-Yu|Chi-Yu, L50, tera:Ghost|100\/100\n|-ability|p1a: Chi-Yu|Beads of Ruin\n|turn|7\n|\n|t:|1681783081\n|move|p2b: Wo-Chien|Protect|p2b: Wo-Chien\n|-singleturn|p2b: Wo-Chien|Protect\n|move|p1a: Chi-Yu|Substitute|p1a: Chi-Yu\n|-start|p1a: Chi-Yu|Substitute\n|-damage|p1a: Chi-Yu|76\/100\n|cant|p1b: Bronzong|slp\n|move|p2a: Amoonguss|Spore||[still]\n|-fail|p2a: Amoonguss\n|\n|-heal|p2b: Wo-Chien|46\/100|[from] item: Leftovers\n|upkeep\n|turn|8\n|inactive|Torrent212 has 30 seconds left.\n|\n|t:|1681783116\n|move|p1a: Chi-Yu|Protect|p1a: Chi-Yu\n|-singleturn|p1a: Chi-Yu|Protect\n|move|p2b: Wo-Chien|Giga Drain|p1a: Chi-Yu\n|-activate|p1a: Chi-Yu|move: Protect\n|cant|p1b: Bronzong|slp\n|move|p2a: Amoonguss|Pollen Puff|p2b: Wo-Chien\n|-heal|p2b: Wo-Chien|96\/100\n|\n|-heal|p2b: Wo-Chien|100\/100|[from] item: Leftovers\n|upkeep\n|turn|9\n|inactive|Torrent212 has 30 seconds left.\n|inactive|Torrent212 has 20 seconds left.\n|\n|t:|1681783151\n|switch|p2a: Flutter Mane|Flutter Mane, L50|73\/100\n|move|p1a: Chi-Yu|Snarl|p2a: Flutter Mane|[spread] p2a,p2b\n|-resisted|p2b: Wo-Chien\n|-damage|p2a: Flutter Mane|47\/100\n|-damage|p2b: Wo-Chien|93\/100\n|-unboost|p2a: Flutter Mane|spa|1\n|-unboost|p2b: Wo-Chien|spa|1\n|move|p2b: Wo-Chien|Giga Drain|p1a: Chi-Yu\n|-activate|p1a: Chi-Yu|move: Substitute|[damage]\n|-heal|p2b: Wo-Chien|99\/100|[from] drain|[of] p1a: Chi-Yu\n|cant|p1b: Bronzong|slp\n|\n|-heal|p2b: Wo-Chien|100\/100|[from] item: Leftovers\n|upkeep\n|turn|10\n|\n|t:|1681783175\n|move|p1a: Chi-Yu|Protect|p1a: Chi-Yu\n|-singleturn|p1a: Chi-Yu|Protect\n|move|p2a: Flutter Mane|Perish Song|p2a: Flutter Mane\n|-start|p1a: Chi-Yu|perish3|[silent]\n|-start|p1b: Bronzong|perish3|[silent]\n|-start|p2a: Flutter Mane|perish3|[silent]\n|-start|p2b: Wo-Chien|perish3|[silent]\n|-fieldactivate|move: Perish Song\n|move|p2b: Wo-Chien|Leech Seed|p1b: Bronzong\n|-start|p1b: Bronzong|move: Leech Seed\n|-curestatus|p1b: Bronzong|slp|[msg]\n|move|p1b: Bronzong|Iron Head|p2a: Flutter Mane\n|-supereffective|p2a: Flutter Mane\n|-damage|p2a: Flutter Mane|0 fnt\n|faint|p2a: Flutter Mane\n|-end|p2a: Flutter Mane|Protosynthesis|[silent]\n|\n|-damage|p1b: Bronzong|84\/100|[from] Leech Seed|[of] p2b: Wo-Chien\n|-start|p1a: Chi-Yu|perish3\n|-start|p2b: Wo-Chien|perish3\n|-start|p1b: Bronzong|perish3\n|upkeep\n|\n|t:|1681783192\n|switch|p2a: Gothitelle|Gothitelle, L50, M, tera:Flying|82\/100\n|turn|11\n|\n|t:|1681783210\n|move|p2a: Gothitelle|Fake Out|p1b: Bronzong\n|-resisted|p1b: Bronzong\n|-damage|p1b: Bronzong|83\/100\n|move|p1a: Chi-Yu|Tera Blast|p2a: Gothitelle\n|-damage|p2a: Gothitelle|48\/100\n|move|p2b: Wo-Chien|Pollen Puff|p2a: Gothitelle\n|-heal|p2a: Gothitelle|98\/100\n|cant|p1b: Bronzong|flinch\n|\n|-damage|p1b: Bronzong|71\/100|[from] Leech Seed|[of] p2b: Wo-Chien\n|-start|p1a: Chi-Yu|perish2\n|-start|p2b: Wo-Chien|perish2\n|-start|p1b: Bronzong|perish2\n|upkeep\n|turn|12\n|\n|t:|1681783234\n|switch|p1a: Skeledirge|Skeledirge, L50, F|100\/100\n|move|p2b: Wo-Chien|Protect|p2b: Wo-Chien\n|-singleturn|p2b: Wo-Chien|Protect\n|move|p2a: Gothitelle|Protect|p2a: Gothitelle\n|-singleturn|p2a: Gothitelle|Protect\n|move|p1b: Bronzong|Body Press|p2b: Wo-Chien\n|-activate|p2b: Wo-Chien|move: Protect\n|\n|-damage|p1b: Bronzong|59\/100|[from] Leech Seed|[of] p2b: Wo-Chien\n|-start|p2b: Wo-Chien|perish1\n|-start|p1b: Bronzong|perish1\n|upkeep\n|turn|13\n|\n|t:|1681783252\n|switch|p2b: Amoonguss|Amoonguss, L50, M|100\/100\n|move|p1a: Skeledirge|Torch Song|p2b: Amoonguss\n|-supereffective|p2b: Amoonguss\n|-damage|p2b: Amoonguss|24\/100\n|-boost|p1a: Skeledirge|spa|1\n|-enditem|p2b: Amoonguss|Sitrus Berry|[eat]\n|-heal|p2b: Amoonguss|49\/100|[from] item: Sitrus Berry\n|move|p2a: Gothitelle|Taunt|p1a: Skeledirge\n|-start|p1a: Skeledirge|move: Taunt\n|move|p1b: Bronzong|Iron Head|p2b: Amoonguss\n|-damage|p2b: Amoonguss|30\/100\n|\n|-damage|p1b: Bronzong|47\/100|[from] Leech Seed|[of] p2b: Amoonguss\n|-heal|p2b: Amoonguss|39\/100|[silent]\n|-start|p1b: Bronzong|perish0\n|upkeep\n|faint|p1b: Bronzong\n|\n|t:|1681783255\n|switch|p1b: Chi-Yu|Chi-Yu, L50, tera:Ghost|76\/100\n|-ability|p1b: Chi-Yu|Beads of Ruin\n|turn|14\n|inactive|Torrent212 has 30 seconds left.\n|\n|t:|1681783283\n|move|p2b: Amoonguss|Protect|p2b: Amoonguss\n|-singleturn|p2b: Amoonguss|Protect\n|move|p1b: Chi-Yu|Substitute|p1b: Chi-Yu\n|-start|p1b: Chi-Yu|Substitute\n|-damage|p1b: Chi-Yu|51\/100\n|move|p1a: Skeledirge|Torch Song|p2b: Amoonguss\n|-activate|p2b: Amoonguss|move: Protect\n|move|p2a: Gothitelle|Psychic|p1b: Chi-Yu\n|-end|p1b: Chi-Yu|Substitute\n|\n|upkeep\n|turn|15\n|inactive|Torrent212 has 30 seconds left.\n|inactive|Torrent212 has 20 seconds left.\n|inactive|Torrent212 has 15 seconds left.\n|inactive|Torrent212 has 10 seconds left.\n|inactive|Torrent212 has 5 seconds left.\n|\n|t:|1681783338\n|move|p2a: Gothitelle|Fake Out||[still]\n|-hint|Fake Out only works on your first turn out.\n|-fail|p2a: Gothitelle\n|move|p1b: Chi-Yu|Snarl|p2b: Amoonguss|[spread] p2a,p2b\n|-damage|p2a: Gothitelle|80\/100\n|-damage|p2b: Amoonguss|17\/100\n|-unboost|p2a: Gothitelle|spa|1\n|-unboost|p2b: Amoonguss|spa|1\n|move|p1a: Skeledirge|Torch Song|p2b: Amoonguss\n|-supereffective|p2b: Amoonguss\n|-damage|p2b: Amoonguss|0 fnt\n|-boost|p1a: Skeledirge|spa|1\n|faint|p2b: Amoonguss\n|\n|upkeep\n|\n|t:|1681783350\n|switch|p2b: Wo-Chien|Wo-Chien, L50|100\/100\n|-ability|p2b: Wo-Chien|Tablets of Ruin\n|turn|16\n|-message|Torrent212 forfeited.\n|\n|win|shhh6\n|raw|shhh6's rating: 1078 → 1111<\/strong> (+33 for winning)\n|raw|Torrent212's rating: 1136 → 1107<\/strong> (-29 for losing)\n|l|\u2606Torrent212\n","uploadtime":1681783360,"views":10,"p1id":"shhh6","p2id":"torrent212","formatid":"gen9vgc2023regulationc","rating":1107,"private":0,"password":""}