{"id":"gen9vgc2023regulationc-1863884292","p1":"G3rd","p2":"luca8","format":"[Gen 9] VGC 2023 Regulation C","log":"|j|\u2606G3rd\n|j|\u2606luca8\n|t:|1684089241\n|gametype|doubles\n|player|p1|G3rd|giovanni|1436\n|player|p2|luca8|flint|1449\n|teamsize|p1|6\n|teamsize|p2|6\n|gen|9\n|tier|[Gen 9] VGC 2023 Regulation C\n|rated|\n|rule|Species Clause: Limit one of each Pok\u00e9mon\n|rule|Item Clause: Limit one of each item\n|clearpoke\n|poke|p1|Annihilape, L50, M|\n|poke|p1|Maushold-Four, L50|\n|poke|p1|Chien-Pao, L50|\n|poke|p1|Dragonite, L50, F|\n|poke|p1|Ting-Lu, L50|\n|poke|p1|Florges, L50, F|\n|poke|p2|Great Tusk, L50|\n|poke|p2|Chi-Yu, L50|\n|poke|p2|Murkrow, L50, M|\n|poke|p2|Sylveon, L50, M|\n|poke|p2|Lumineon, L50, F|\n|poke|p2|Rotom-Heat, L50|\n|teampreview|4\nG3rd has agreed to open team sheets.\n|inactive|Battle timer is ON: inactive players will automatically lose when time's up. (requested by luca8)\n|j| fimmm\n|\n|t:|1684089288\n|start\n|switch|p1a: Chien-Pao|Chien-Pao, L50|100\/100\n|switch|p1b: Dragonite|Dragonite, L50, F|100\/100\n|switch|p2a: Great Tusk|Great Tusk, L50|100\/100\n|switch|p2b: Murkrow|Murkrow, L50, M|100\/100\n|-ability|p1a: Chien-Pao|Sword of Ruin\n|turn|1\n|inactive|luca8 has 30 seconds left.\n|inactive|luca8 has 20 seconds left.\n|\n|t:|1684089326\n|switch|p1a: Florges|Florges, L50, F|100\/100\n|-terastallize|p1b: Dragonite|Flying\n|-terastallize|p2a: Great Tusk|Steel\n|move|p2b: Murkrow|Tailwind|p2b: Murkrow\n|-sidestart|p2: luca8|move: Tailwind\n|move|p2a: Great Tusk|Earthquake|p1a: Florges|[spread] p1a\n|-immune|p2b: Murkrow\n|-immune|p1b: Dragonite\n|-damage|p1a: Florges|57\/100\n|move|p1b: Dragonite|Tera Blast|p2a: Great Tusk\n|-resisted|p2a: Great Tusk\n|-crit|p2a: Great Tusk\n|-damage|p2a: Great Tusk|50\/100\n|\n|upkeep\n|turn|2\n|\n|t:|1684089351\n|move|p1a: Florges|Helping Hand|p1b: Dragonite\n|-singleturn|p1b: Dragonite|Helping Hand|[of] p1a: Florges\n|move|p2b: Murkrow|Sunny Day|p2b: Murkrow\n|-weather|SunnyDay\n|-activate|p2a: Great Tusk|ability: Protosynthesis\n|-start|p2a: Great Tusk|protosynthesisatk\n|move|p2a: Great Tusk|Rock Slide|p1a: Florges|[spread] p1a,p1b\n|-supereffective|p1b: Dragonite\n|-damage|p1a: Florges|30\/100\n|-damage|p1b: Dragonite|70\/100\n|move|p1b: Dragonite|Tera Blast|p2a: Great Tusk\n|-resisted|p2a: Great Tusk\n|-damage|p2a: Great Tusk|0 fnt\n|faint|p2a: Great Tusk\n|-end|p2a: Great Tusk|Protosynthesis|[silent]\n|\n|-weather|SunnyDay|[upkeep]\n|upkeep\n|\n|t:|1684089376\n|switch|p2a: Rotom|Rotom-Heat, L50|100\/100\n|turn|3\n|\n|t:|1684089398\n|move|p2b: Murkrow|Brave Bird|p1a: Florges\n|-damage|p1a: Florges|0 fnt\n|faint|p1a: Florges\n|-damage|p2b: Murkrow|88\/100|[from] Recoil\n|move|p2a: Rotom|Thunderbolt|p1b: Dragonite\n|-supereffective|p1b: Dragonite\n|-damage|p1b: Dragonite|0 fnt\n|faint|p1b: Dragonite\n|\n|-weather|SunnyDay|[upkeep]\n|upkeep\n|\n|t:|1684089406\n|switch|p1b: Ting-Lu|Ting-Lu, L50|100\/100\n|switch|p1a: Chien-Pao|Chien-Pao, L50|100\/100\n|-ability|p1a: Chien-Pao|Sword of Ruin\n|-ability|p1b: Ting-Lu|Vessel of Ruin\n|turn|4\n|inactive|luca8 has 30 seconds left.\n|inactive|luca8 has 20 seconds left.\n|inactive|luca8 has 15 seconds left.\n|inactive|luca8 has 10 seconds left.\n|\n|t:|1684089453\n|move|p2b: Murkrow|Brave Bird|p1a: Chien-Pao\n|-damage|p1a: Chien-Pao|26\/100\n|-damage|p2b: Murkrow|63\/100|[from] Recoil\n|move|p2a: Rotom|Will-O-Wisp|p1a: Chien-Pao\n|-status|p1a: Chien-Pao|brn\n|move|p1a: Chien-Pao|Ice Spinner|p2b: Murkrow\n|-supereffective|p2b: Murkrow\n|-damage|p2b: Murkrow|0 fnt\n|faint|p2b: Murkrow\n|move|p1b: Ting-Lu|Stone Edge|p2a: Rotom\n|-supereffective|p2a: Rotom\n|-damage|p2a: Rotom|19\/100\n|\n|-weather|SunnyDay|[upkeep]\n|-damage|p1a: Chien-Pao|20\/100 brn|[from] brn\n|-sideend|p2: luca8|move: Tailwind\n|upkeep\n|\n|t:|1684089471\n|switch|p2b: Sylveon|Sylveon, L50, M|100\/100\n|turn|5\n|\n|t:|1684089488\n|move|p1a: Chien-Pao|Sucker Punch|p2b: Sylveon\n|-resisted|p2b: Sylveon\n|-damage|p2b: Sylveon|88\/100\n|move|p2a: Rotom|Will-O-Wisp|p1b: Ting-Lu\n|-status|p1b: Ting-Lu|brn\n|move|p2b: Sylveon|Hyper Voice|p1a: Chien-Pao|[spread] p1a,p1b\n|-supereffective|p1a: Chien-Pao\n|-crit|p1a: Chien-Pao\n|-supereffective|p1b: Ting-Lu\n|-damage|p1a: Chien-Pao|0 fnt\n|-damage|p1b: Ting-Lu|77\/100 brn\n|faint|p1a: Chien-Pao\n|-enditem|p2b: Sylveon|Throat Spray\n|-boost|p2b: Sylveon|spa|1|[from] item: Throat Spray\n|move|p1b: Ting-Lu|Heavy Slam|p2b: Sylveon\n|-supereffective|p2b: Sylveon\n|-damage|p2b: Sylveon|48\/100\n|\n|-weather|SunnyDay|[upkeep]\n|-damage|p1b: Ting-Lu|71\/100 brn|[from] brn\n|upkeep\n|turn|6\n|inactive|luca8 has 30 seconds left.\n|\n|t:|1684089515\n|move|p2a: Rotom|Nasty Plot|p2a: Rotom\n|-boost|p2a: Rotom|spa|2\n|move|p2b: Sylveon|Hyper Voice|p1b: Ting-Lu\n|-supereffective|p1b: Ting-Lu\n|-damage|p1b: Ting-Lu|19\/100 brn\n|move|p1b: Ting-Lu|Heavy Slam|p2b: Sylveon\n|-supereffective|p2b: Sylveon\n|-damage|p2b: Sylveon|8\/100\n|\n|-weather|none\n|-damage|p1b: Ting-Lu|13\/100 brn|[from] brn\n|upkeep\n|turn|7\n|\n|t:|1684089532\n|move|p2a: Rotom|Shadow Ball|p1b: Ting-Lu\n|-resisted|p1b: Ting-Lu\n|-damage|p1b: Ting-Lu|5\/100 brn\n|move|p2b: Sylveon|Hyper Voice|p1b: Ting-Lu\n|-supereffective|p1b: Ting-Lu\n|-damage|p1b: Ting-Lu|0 fnt\n|faint|p1b: Ting-Lu\n|\n|win|luca8\n|raw|G3rd's rating: 1436 → 1417<\/strong> (-19 for losing)\n|raw|luca8's rating: 1449 → 1468<\/strong> (+19 for winning)\n","uploadtime":1684089540,"views":8,"p1id":"g3rd","p2id":"luca8","formatid":"gen9vgc2023regulationc","rating":1417,"private":0,"password":""}