{"id":"gen9vgc2023regulationc-1855352688","p1":"ShortbreadDread","p2":"GFORCEPKMN","format":"[Gen 9] VGC 2023 Regulation C","log":"|j|\u2606ShortbreadDread\n|j|\u2606GFORCEPKMN\n|t:|1682941789\n|gametype|doubles\n|player|p1|ShortbreadDread|dancer|1380\n|player|p2|GFORCEPKMN|266|1332\n|teamsize|p1|6\n|teamsize|p2|6\n|gen|9\n|tier|[Gen 9] VGC 2023 Regulation C\n|rated|\n|rule|Species Clause: Limit one of each Pok\u00e9mon\n|rule|Item Clause: Limit one of each item\n|clearpoke\n|poke|p1|Chi-Yu, L50|\n|poke|p1|Flutter Mane, L50|\n|poke|p1|Amoonguss, L50, M|\n|poke|p1|Ceruledge, L50, F|\n|poke|p1|Iron Hands, L50|\n|poke|p1|Iron Bundle, L50|\n|poke|p2|Wo-Chien, L50|\n|poke|p2|Garganacl, L50, F|\n|poke|p2|Palafin, L50, F|\n|poke|p2|Ting-Lu, L50|\n|poke|p2|Glimmora, L50, M|\n|poke|p2|Gholdengo, L50|\n|teampreview|4\n|inactive|Battle timer is ON: inactive players will automatically lose when time's up. (requested by ShortbreadDread)\n|inactive|GFORCEPKMN has 60 seconds left.\n|\n|t:|1682941829\n|start\n|switch|p1a: Nanao|Chi-Yu, L50|100\/100\n|switch|p1b: Maria Beetle|Flutter Mane, L50, shiny|100\/100\n|switch|p2a: Glimmora|Glimmora, L50, M|100\/100\n|switch|p2b: Palafin|Palafin, L50, F|100\/100\n|-ability|p1a: Nanao|Beads of Ruin\n|turn|1\n|\n|t:|1682941841\n|move|p2a: Glimmora|Protect|p2a: Glimmora\n|-singleturn|p2a: Glimmora|Protect\n|move|p2b: Palafin|Protect|p2b: Palafin\n|-singleturn|p2b: Palafin|Protect\n|move|p1a: Nanao|Overheat|p2a: Glimmora\n|-activate|p2a: Glimmora|move: Protect\n|move|p1b: Maria Beetle|Shadow Ball|p2a: Glimmora\n|-activate|p2a: Glimmora|move: Protect\n|\n|upkeep\n|turn|2\n|inactive|GFORCEPKMN has 30 seconds left.\n|inactive|GFORCEPKMN has 20 seconds left.\n|\n|t:|1682941877\n|switch|p2a: Ting-Lu|Ting-Lu, L50|100\/100\n|-ability|p2a: Ting-Lu|Vessel of Ruin\n|-terastallize|p2b: Palafin|Water\n|move|p2b: Palafin|Jet Punch|p1a: Nanao\n|-supereffective|p1a: Nanao\n|-damage|p1a: Nanao|15\/100\n|move|p1a: Nanao|Overheat|p2a: Ting-Lu\n|-damage|p2a: Ting-Lu|65\/100\n|-unboost|p1a: Nanao|spa|2\n|move|p1b: Maria Beetle|Shadow Ball|p2a: Ting-Lu\n|-resisted|p2a: Ting-Lu\n|-damage|p2a: Ting-Lu|50\/100\n|\n|upkeep\n|turn|3\n|inactive|GFORCEPKMN has 30 seconds left.\n|inactive|GFORCEPKMN has 20 seconds left.\n|inactive|GFORCEPKMN has 15 seconds left.\n|inactive|GFORCEPKMN has 10 seconds left.\n|\n|t:|1682941926\n|switch|p1a: Iron Hands|Iron Hands, L50|100\/100\n|-end|p1b: Maria Beetle|Protosynthesis|[silent]\n|switch|p1b: White Death|Ceruledge, L50, F|100\/100\n|switch|p2a: Glimmora|Glimmora, L50, M|100\/100\n|move|p2b: Palafin|Bulk Up|p2b: Palafin\n|-boost|p2b: Palafin|atk|1\n|-boost|p2b: Palafin|def|1\n|\n|upkeep\n|turn|4\n|inactive|ShortbreadDread has 30 seconds left.\n|\n|t:|1682941956\n|-terastallize|p1b: White Death|Grass\n|move|p2a: Glimmora|Protect|p2a: Glimmora\n|-singleturn|p2a: Glimmora|Protect\n|move|p2b: Palafin|Protect|p2b: Palafin\n|-singleturn|p2b: Palafin|Protect\n|move|p1a: Iron Hands|Fake Out|p2b: Palafin\n|-activate|p2b: Palafin|move: Protect\n|move|p1b: White Death|Bulk Up|p1b: White Death\n|-boost|p1b: White Death|atk|1\n|-boost|p1b: White Death|def|1\n|\n|upkeep\n|turn|5\n|\n|t:|1682941969\n|move|p2a: Glimmora|Mortal Spin|p1a: Iron Hands|[spread] p1a,p1b\n|-crit|p1a: Iron Hands\n|-supereffective|p1b: White Death\n|-damage|p1a: Iron Hands|95\/100\n|-damage|p1b: White Death|94\/100\n|-status|p1a: Iron Hands|psn\n|-status|p1b: White Death|psn\n|move|p2b: Palafin|Bulk Up|p2b: Palafin\n|-boost|p2b: Palafin|atk|1\n|-boost|p2b: Palafin|def|1\n|move|p1b: White Death|Bulk Up|p1b: White Death\n|-boost|p1b: White Death|atk|1\n|-boost|p1b: White Death|def|1\n|move|p1a: Iron Hands|Drain Punch|p2b: Palafin\n|-damage|p2b: Palafin|77\/100\n|-heal|p1a: Iron Hands|100\/100 psn|[from] drain|[of] p2b: Palafin\n|\n|-damage|p1b: White Death|82\/100 psn|[from] psn\n|-damage|p1a: Iron Hands|88\/100 psn|[from] psn\n|upkeep\n|turn|6\n|inactive|GFORCEPKMN has 30 seconds left.\n|inactive|GFORCEPKMN has 20 seconds left.\n|\n|t:|1682942009\n|move|p2a: Glimmora|Earth Power|p1a: Iron Hands\n|-supereffective|p1a: Iron Hands\n|-damage|p1a: Iron Hands|54\/100 psn\n|move|p2b: Palafin|Bulk Up|p2b: Palafin\n|-boost|p2b: Palafin|atk|1\n|-boost|p2b: Palafin|def|1\n|move|p1b: White Death|Bulk Up|p1b: White Death\n|-boost|p1b: White Death|atk|1\n|-boost|p1b: White Death|def|1\n|move|p1a: Iron Hands|Wild Charge|p2b: Palafin\n|-supereffective|p2b: Palafin\n|-damage|p2b: Palafin|33\/100\n|-damage|p1a: Iron Hands|44\/100 psn|[from] Recoil\n|\n|-damage|p1b: White Death|70\/100 psn|[from] psn\n|-damage|p1a: Iron Hands|32\/100 psn|[from] psn\n|upkeep\n|turn|7\n|inactive|GFORCEPKMN has 30 seconds left.\n|inactive|GFORCEPKMN has 20 seconds left.\n|\n|t:|1682942046\n|-end|p1a: Iron Hands|Quark Drive|[silent]\n|switch|p1a: Nanao|Chi-Yu, L50|15\/100\n|-ability|p1a: Nanao|Beads of Ruin\n|move|p2b: Palafin|Jet Punch|p1a: Nanao\n|-supereffective|p1a: Nanao\n|-damage|p1a: Nanao|0 fnt\n|faint|p1a: Nanao\n|move|p1b: White Death|Shadow Sneak|p2b: Palafin\n|-damage|p2b: Palafin|11\/100\n|move|p2a: Glimmora|Power Gem|p1b: White Death\n|-damage|p1b: White Death|35\/100 psn\n|\n|-damage|p1b: White Death|23\/100 psn|[from] psn\n|upkeep\n|\n|t:|1682942064\n|switch|p1a: Iron Hands|Iron Hands, L50|32\/100 psn\n|turn|8\n|\n|t:|1682942071\n|move|p2a: Glimmora|Protect|p2a: Glimmora\n|-singleturn|p2a: Glimmora|Protect\n|move|p2b: Palafin|Protect|p2b: Palafin\n|-singleturn|p2b: Palafin|Protect\n|move|p1a: Iron Hands|Fake Out|p2b: Palafin\n|-activate|p2b: Palafin|move: Protect\n|move|p1b: White Death|Bitter Blade|p2a: Glimmora\n|-activate|p2a: Glimmora|move: Protect\n|\n|-damage|p1b: White Death|11\/100 psn|[from] psn\n|-damage|p1a: Iron Hands|20\/100 psn|[from] psn\n|upkeep\n|turn|9\n|\n|t:|1682942089\n|move|p2a: Glimmora|Earth Power|p1a: Iron Hands\n|-supereffective|p1a: Iron Hands\n|-damage|p1a: Iron Hands|0 fnt\n|faint|p1a: Iron Hands\n|-end|p1a: Iron Hands|Quark Drive|[silent]\n|move|p2b: Palafin|Wave Crash|p1b: White Death\n|-resisted|p1b: White Death\n|-damage|p1b: White Death|0 fnt\n|faint|p1b: White Death\n|-damage|p2b: Palafin|8\/100|[from] Recoil\n|\n|upkeep\n|\n|t:|1682942095\n|switch|p1b: Maria Beetle|Flutter Mane, L50, shiny|100\/100\n|turn|10\n|\n|t:|1682942102\n|move|p2b: Palafin|Jet Punch|p1b: Maria Beetle\n|-damage|p1b: Maria Beetle|0 fnt\n|faint|p1b: Maria Beetle\n|-end|p1b: Maria Beetle|Protosynthesis|[silent]\n|\n|win|GFORCEPKMN\n|raw|ShortbreadDread's rating: 1380 → 1357<\/strong> (-23 for losing)\n|raw|GFORCEPKMN's rating: 1332 → 1355<\/strong> (+23 for winning)\n|l|\u2606GFORCEPKMN\n","uploadtime":1682942123,"views":16,"p1id":"shortbreaddread","p2id":"gforcepkmn","formatid":"gen9vgc2023regulationc","rating":1355,"private":0,"password":""}