{"id":"gen9vgc2023regulationc-1859113209","p1":"Kobazco","p2":"simonxl","format":"[Gen 9] VGC 2023 Regulation C","log":"|j|\u2606Kobazco\n|j|\u2606simonxl\n|t:|1683406002\n|gametype|doubles\n|player|p1|Kobazco|lady-gen4|\n|player|p2|simonxl|hiker|\n|teamsize|p1|6\n|teamsize|p2|6\n|gen|9\n|tier|[Gen 9] VGC 2023 Regulation C\n|rule|Species Clause: Limit one of each Pok\u00e9mon\n|rule|Item Clause: Limit one of each item\n|clearpoke\n|poke|p1|Ceruledge, L50, F|\n|poke|p1|Glimmora, L50, F|\n|poke|p1|Arboliva, L50, F|\n|poke|p1|Torkoal, L50, F|\n|poke|p1|Ting-Lu, L50|\n|poke|p1|Flutter Mane, L50|\n|poke|p2|Annihilape, L50, F|\n|poke|p2|Maushold, L50|\n|poke|p2|Ting-Lu, L50|\n|poke|p2|Corviknight, L50, M|\n|poke|p2|Arcanine, L50, F|\n|poke|p2|Rotom-Wash, L50|\n|teampreview|4\nKobazco has agreed to open team sheets.\nsimonxl has agreed to open team sheets.\n|inactive|Battle timer is ON: inactive players will automatically lose when time's up. (requested by Kobazco)\n|inactive|Kobazco has 60 seconds left.\n|inactive|simonxl has 60 seconds left.\n|inactive|simonxl has 30 seconds left.\n|\n|t:|1683406072\n|start\n|switch|p1a: Glimmora|Glimmora, L50, F|100\/100\n|switch|p1b: Torkoal|Torkoal, L50, F|100\/100\n|switch|p2a: Maushold|Maushold, L50|100\/100\n|switch|p2b: Annihilape|Annihilape, L50, F|100\/100\n|-weather|SunnyDay|[from] ability: Drought|[of] p1b: Torkoal\n|turn|1\n|inactive|simonxl has 30 seconds left.\n|inactive|simonxl has 20 seconds left.\n|inactive|simonxl has 15 seconds left.\n|\n|t:|1683406117\n|-terastallize|p2b: Annihilape|Poison\n|move|p2a: Maushold|Beat Up|p2b: Annihilape\n|-damage|p2b: Annihilape|99\/100\n|-damage|p2b: Annihilape|96\/100\n|-damage|p2b: Annihilape|94\/100\n|-damage|p2b: Annihilape|92\/100\n|-hitcount|p2b: Annihilape|4\n|move|p2b: Annihilape|Rage Fist|p1a: Glimmora\n|-enditem|p1a: Glimmora|Focus Sash\n|-damage|p1a: Glimmora|1\/100\n|-activate|p1a: Glimmora|ability: Toxic Debris\n|-sidestart|p2: simonxl|move: Toxic Spikes\n|move|p1a: Glimmora|Power Gem|p2a: Maushold\n|-damage|p2a: Maushold|47\/100\n|move|p1b: Torkoal|Yawn|p2b: Annihilape\n|-start|p2b: Annihilape|move: Yawn|[of] p1b: Torkoal\n|\n|-weather|SunnyDay|[upkeep]\n|-heal|p2b: Annihilape|98\/100|[from] item: Leftovers\n|upkeep\n|turn|2\n|inactive|Kobazco has 30 seconds left.\n|inactive|simonxl has 30 seconds left.\n|inactive|Kobazco has 20 seconds left.\n|inactive|simonxl has 20 seconds left.\n|inactive|Kobazco has 15 seconds left.\n|inactive|simonxl has 15 seconds left.\n|\n|t:|1683406160\n|switch|p2b: Corviknight|Corviknight, L50, M|100\/100\n|move|p2a: Maushold|Protect|p2a: Maushold\n|-singleturn|p2a: Maushold|Protect\n|move|p1a: Glimmora|Earth Power|p2b: Corviknight\n|-immune|p2b: Corviknight\n|move|p1b: Torkoal|Overheat|p2b: Corviknight\n|-supereffective|p2b: Corviknight\n|-damage|p2b: Corviknight|17\/100\n|-unboost|p1b: Torkoal|spa|2\n|-enditem|p1b: Torkoal|Eject Pack\n|\n|t:|1683406174\n|switch|p1b: Flutter Mane|Flutter Mane, L50|100\/100\n|-activate|p1b: Flutter Mane|ability: Protosynthesis\n|-start|p1b: Flutter Mane|protosynthesisspe\n|\n|-weather|SunnyDay|[upkeep]\n|upkeep\n|turn|3\n|inactive|Kobazco has 30 seconds left.\n|inactive|simonxl has 30 seconds left.\n|inactive|Kobazco has 20 seconds left.\n|inactive|Kobazco has 15 seconds left.\n|\n|t:|1683406217\n|-end|p1b: Flutter Mane|Protosynthesis|[silent]\n|switch|p1b: Torkoal|Torkoal, L50, F|100\/100\n|switch|p2b: Annihilape|Annihilape, L50, F, tera:Poison|98\/100\n|-sideend|p2: simonxl|move: Toxic Spikes|[of] p2b: Annihilape\n|move|p2a: Maushold|Beat Up|p1a: Glimmora\n|-damage|p1a: Glimmora|0 fnt\n|-activate|p1a: Glimmora|ability: Toxic Debris\n|-sidestart|p2: simonxl|move: Toxic Spikes\n|faint|p1a: Glimmora\n|-hitcount|p1: Glimmora|1\n|\n|-weather|SunnyDay|[upkeep]\n|-heal|p2b: Annihilape|100\/100|[from] item: Leftovers\n|upkeep\n|\n|t:|1683406237\n|switch|p1a: Arboliva|Arboliva, L50, F, shiny|100\/100\n|turn|4\n|\n|t:|1683406253\n|-terastallize|p1a: Arboliva|Water\n|move|p2a: Maushold|Protect|p2a: Maushold\n|-singleturn|p2a: Maushold|Protect\n|move|p2b: Annihilape|Rage Fist|p1b: Torkoal\n|-damage|p1b: Torkoal|20\/100\n|move|p1a: Arboliva|Giga Drain|p2a: Maushold\n|-activate|p2a: Maushold|move: Protect\n|move|p1b: Torkoal|Yawn|p2b: Annihilape\n|-start|p2b: Annihilape|move: Yawn|[of] p1b: Torkoal\n|\n|-weather|SunnyDay|[upkeep]\n|upkeep\n|turn|5\n|\n|t:|1683406275\n|move|p1b: Torkoal|Helping Hand|p1a: Arboliva\n|-singleturn|p1a: Arboliva|Helping Hand|[of] p1b: Torkoal\n|move|p2a: Maushold|Encore|p1b: Torkoal\n|-start|p1b: Torkoal|Encore\n|move|p2b: Annihilape|Rage Fist|p1a: Arboliva\n|-damage|p1a: Arboliva|4\/100\n|-enditem|p1a: Arboliva|Sitrus Berry|[eat]\n|-heal|p1a: Arboliva|29\/100|[from] item: Sitrus Berry\n|move|p1a: Arboliva|Giga Drain|p2a: Maushold\n|-damage|p2a: Maushold|0 fnt\n|-heal|p1a: Arboliva|52\/100|[from] drain|[of] p2a: Maushold\n|faint|p2a: Maushold\n|\n|-weather|none\n|-end|p2b: Annihilape|move: Yawn|[silent]\n|-status|p2b: Annihilape|slp\n|upkeep\n|\n|t:|1683406293\n|switch|p2a: Corviknight|Corviknight, L50, M|17\/100\n|turn|6\n|inactive|Kobazco has 30 seconds left.\n|inactive|Kobazco has 20 seconds left.\n|inactive|simonxl has 30 seconds left.\n|inactive|Kobazco has 15 seconds left.\n|\n|t:|1683406339\n|move|p1b: Torkoal|Helping Hand|p1a: Arboliva\n|-singleturn|p1a: Arboliva|Helping Hand|[of] p1b: Torkoal\n|cant|p2b: Annihilape|slp\n|move|p2a: Corviknight|Tailwind|p2a: Corviknight\n|-sidestart|p2: simonxl|move: Tailwind\n|move|p1a: Arboliva|Giga Drain|p2a: Corviknight\n|-resisted|p2a: Corviknight\n|-damage|p2a: Corviknight|6\/100\n|-heal|p1a: Arboliva|58\/100|[from] drain|[of] p2a: Corviknight\n|\n|upkeep\n|turn|7\n|inactive|Kobazco has 30 seconds left.\n|inactive|Kobazco has 20 seconds left.\n|inactive|Kobazco has 15 seconds left.\n|inactive|Kobazco has 10 seconds left.\n|\n|t:|1683406388\n|move|p1b: Torkoal|Helping Hand|p1a: Arboliva\n|-singleturn|p1a: Arboliva|Helping Hand|[of] p1b: Torkoal\n|-curestatus|p2b: Annihilape|slp|[msg]\n|move|p2b: Annihilape|Rage Fist|p1a: Arboliva\n|-damage|p1a: Arboliva|0 fnt\n|faint|p1a: Arboliva\n|move|p2a: Corviknight|Roost|p2a: Corviknight\n|-heal|p2a: Corviknight|57\/100\n|-singleturn|p2a: Corviknight|move: Roost\n|\n|upkeep\n|\n|t:|1683406396\n|switch|p1a: Flutter Mane|Flutter Mane, L50|100\/100\n|turn|8\n|inactive|Kobazco has 30 seconds left.\n|\n|t:|1683406427\n|move|p1b: Torkoal|Helping Hand|p1a: Flutter Mane\n|-singleturn|p1a: Flutter Mane|Helping Hand|[of] p1b: Torkoal\n|move|p2b: Annihilape|Rage Fist|p1a: Flutter Mane\n|-supereffective|p1a: Flutter Mane\n|-damage|p1a: Flutter Mane|0 fnt\n|faint|p1a: Flutter Mane\n|-end|p1a: Flutter Mane|Protosynthesis|[silent]\n|move|p2a: Corviknight|Iron Head|p1b: Torkoal\n|-resisted|p1b: Torkoal\n|-damage|p1b: Torkoal|10\/100\n|\n|-end|p1b: Torkoal|Encore\n|upkeep\n|turn|9\n|\n|t:|1683406441\n|move|p2b: Annihilape|Rage Fist|p1b: Torkoal\n|-damage|p1b: Torkoal|0 fnt\n|faint|p1b: Torkoal\n|\n|win|simonxl\n|l|\u2606Kobazco\n|c|\u2606simonxl|GG g1\n","uploadtime":1683406450,"views":12,"p1id":"kobazco","p2id":"simonxl","formatid":"gen9vgc2023regulationc","rating":0,"private":0,"password":""}