{"id":"gen9vgc2023regulationc-1853197030","p1":"gGusto","p2":"GholDenko","format":"[Gen 9] VGC 2023 Regulation C","log":"|j|\u2606gGusto\n|j|\u2606GholDenko\n|t:|1682647295\n|gametype|doubles\n|player|p1|gGusto|265|\n|player|p2|GholDenko|drayden|\n|teamsize|p1|6\n|teamsize|p2|6\n|gen|9\n|tier|[Gen 9] VGC 2023 Regulation C\n|rule|Species Clause: Limit one of each Pok\u00e9mon\n|rule|Item Clause: Limit one of each item\n|clearpoke\n|poke|p1|Ting-Lu, L50|\n|poke|p1|Umbreon, L50, M|\n|poke|p1|Cetitan, L50, M|\n|poke|p1|Arcanine, L50, F|\n|poke|p1|Azumarill, L50, M|\n|poke|p1|Arboliva, L50, F|\n|poke|p2|Maushold, L50|\n|poke|p2|Skeledirge, L50, M|\n|poke|p2|Dunsparce, L50, F|\n|poke|p2|Gogoat, L50, F|\n|poke|p2|Staraptor, L50, F|\n|poke|p2|Slowking, L50, M|\n|teampreview|4\n|inactive|Battle timer is ON: inactive players will automatically lose when time's up. (requested by gGusto)\n|inactive|GholDenko also wants the timer to be on.\n|c|\u2606GholDenko|G2\n|inactive|GholDenko no longer wants the timer on, but the timer is staying on because ggusto still does.\n|inactiveoff|Battle timer is now OFF.\ngGusto rejected open team sheets.\n|c|\u2606GholDenko|GL HF G2!\n|c|\u2606gGusto|glhf\n|\n|t:|1682647995\n|start\n|switch|p1a: Umbreon|Umbreon, L50, M|100\/100\n|switch|p1b: Ting-Lu|Ting-Lu, L50|100\/100\n|switch|p2a: Staraptor|Staraptor, L50, F|100\/100\n|switch|p2b: Gogoat|Gogoat, L50, F|100\/100\n|-ability|p2a: Staraptor|Intimidate|boost\n|-unboost|p1a: Umbreon|atk|1\n|-unboost|p1b: Ting-Lu|atk|1\n|-ability|p1b: Ting-Lu|Vessel of Ruin\n|turn|1\n|\n|t:|1682648030\n|switch|p1b: Arcanine|Arcanine, L50, F|100\/100\n|-ability|p1b: Arcanine|Intimidate|boost\n|-unboost|p2a: Staraptor|atk|1\n|-fail|p2b: Gogoat|unboost|[from] item: Clear Amulet|[of] p2b: Gogoat\n|-terastallize|p1a: Umbreon|Psychic\n|move|p2a: Staraptor|Close Combat|p1b: Arcanine\n|-damage|p1b: Arcanine|69\/100\n|-unboost|p2a: Staraptor|def|1\n|-unboost|p2a: Staraptor|spd|1\n|move|p1a: Umbreon|Yawn|p2a: Staraptor\n|-start|p2a: Staraptor|move: Yawn|[of] p1a: Umbreon\n|move|p2b: Gogoat|Trailblaze|p1b: Arcanine\n|-resisted|p1b: Arcanine\n|-damage|p1b: Arcanine|58\/100\n|-boost|p2b: Gogoat|spe|1\n|\n|upkeep\n|turn|2\n|\n|t:|1682648062\n|switch|p2a: Slowking|Slowking, L50, M|100\/100\n|-terastallize|p2b: Gogoat|Water\n|move|p1b: Arcanine|Will-O-Wisp|p2b: Gogoat\n|-status|p2b: Gogoat|brn\n|move|p2b: Gogoat|Trailblaze|p1a: Umbreon\n|-damage|p1a: Umbreon|93\/100\n|-boost|p2b: Gogoat|spe|1\n|move|p1a: Umbreon|Yawn|p2a: Slowking\n|-start|p2a: Slowking|move: Yawn|[of] p1a: Umbreon\n|\n|-heal|p1a: Umbreon|99\/100|[from] item: Leftovers\n|-damage|p2b: Gogoat|94\/100 brn|[from] brn\n|upkeep\n|turn|3\n|\n|t:|1682648091\n|switch|p1b: Cetitan|Cetitan, L50, M|100\/100\n|switch|p2a: Skeledirge|Skeledirge, L50, M|100\/100\n|move|p2b: Gogoat|Bulk Up|p2b: Gogoat\n|-boost|p2b: Gogoat|atk|1\n|-boost|p2b: Gogoat|def|1\n|move|p1a: Umbreon|Taunt|p2a: Skeledirge\n|-start|p2a: Skeledirge|move: Taunt\n|\n|-heal|p1a: Umbreon|100\/100|[from] item: Leftovers\n|-damage|p2b: Gogoat|88\/100 brn|[from] brn\n|upkeep\n|turn|4\n|\n|t:|1682648114\n|move|p2b: Gogoat|Horn Leech|p1b: Cetitan\n|-damage|p1b: Cetitan|79\/100\n|-heal|p2b: Gogoat|99\/100 brn|[from] drain|[of] p1b: Cetitan\n|move|p1b: Cetitan|Liquidation|p2a: Skeledirge\n|-supereffective|p2a: Skeledirge\n|-damage|p2a: Skeledirge|64\/100\n|move|p1a: Umbreon|Foul Play|p2b: Gogoat\n|-damage|p2b: Gogoat|61\/100 brn\n|move|p2a: Skeledirge|Torch Song|p1b: Cetitan\n|-supereffective|p1b: Cetitan\n|-crit|p1b: Cetitan\n|-damage|p1b: Cetitan|49\/100\n|-boost|p2a: Skeledirge|spa|1\n|\n|-damage|p2b: Gogoat|55\/100 brn|[from] brn\n|upkeep\n|turn|5\n|\n|t:|1682648142\n|move|p2b: Gogoat|Milk Drink|p2b: Gogoat\n|-heal|p2b: Gogoat|100\/100 brn\n|move|p1b: Cetitan|Liquidation|p2a: Skeledirge\n|-supereffective|p2a: Skeledirge\n|-damage|p2a: Skeledirge|26\/100\n|-enditem|p2a: Skeledirge|Sitrus Berry|[eat]\n|-heal|p2a: Skeledirge|51\/100|[from] item: Sitrus Berry\n|move|p1a: Umbreon|Foul Play|p2b: Gogoat\n|-damage|p2b: Gogoat|57\/100 brn\n|move|p2a: Skeledirge|Shadow Ball|p1a: Umbreon\n|-supereffective|p1a: Umbreon\n|-damage|p1a: Umbreon|33\/100\n|\n|-heal|p1a: Umbreon|40\/100|[from] item: Leftovers\n|-damage|p2b: Gogoat|51\/100 brn|[from] brn\n|-end|p2a: Skeledirge|move: Taunt\n|upkeep\n|turn|6\n|\n|t:|1682648167\n|switch|p2a: Slowking|Slowking, L50, M|100\/100\n|move|p2b: Gogoat|Horn Leech|p1a: Umbreon\n|-damage|p1a: Umbreon|25\/100\n|-heal|p2b: Gogoat|58\/100 brn|[from] drain|[of] p1a: Umbreon\n|move|p1b: Cetitan|Liquidation|p2a: Slowking\n|-resisted|p2a: Slowking\n|-damage|p2a: Slowking|89\/100\n|-unboost|p2a: Slowking|def|1\n|move|p1a: Umbreon|Foul Play|p2b: Gogoat\n|-damage|p2b: Gogoat|13\/100 brn\n|\n|-heal|p1a: Umbreon|31\/100|[from] item: Leftovers\n|-heal|p2a: Slowking|95\/100|[from] item: Leftovers\n|-damage|p2b: Gogoat|7\/100 brn|[from] brn\n|upkeep\n|turn|7\n|\n|t:|1682648207\n|switch|p1a: Ting-Lu|Ting-Lu, L50|100\/100\n|-ability|p1a: Ting-Lu|Vessel of Ruin\n|move|p1b: Cetitan|Ice Shard|p2b: Gogoat\n|-resisted|p2b: Gogoat\n|-damage|p2b: Gogoat|0 fnt\n|faint|p2b: Gogoat\n|move|p2a: Slowking|Chilling Water|p1a: Ting-Lu\n|-supereffective|p1a: Ting-Lu\n|-damage|p1a: Ting-Lu|80\/100\n|-unboost|p1a: Ting-Lu|atk|1\n|\n|-heal|p2a: Slowking|100\/100|[from] item: Leftovers\n|upkeep\n|\n|t:|1682648221\n|switch|p2b: Staraptor|Staraptor, L50, F|100\/100\n|-ability|p2b: Staraptor|Intimidate|boost\n|-unboost|p1a: Ting-Lu|atk|1\n|-unboost|p1b: Cetitan|atk|1\n|turn|8\n|\n|t:|1682648249\n|switch|p1b: Umbreon|Umbreon, L50, M, tera:Psychic|31\/100\n|switch|p1a: Arcanine|Arcanine, L50, F|58\/100\n|-ability|p1a: Arcanine|Intimidate|boost\n|-unboost|p2a: Slowking|atk|1\n|-unboost|p2b: Staraptor|atk|1\n|move|p2b: Staraptor|Close Combat|p1b: Umbreon\n|-resisted|p1b: Umbreon\n|-damage|p1b: Umbreon|22\/100\n|-unboost|p2b: Staraptor|def|1\n|-unboost|p2b: Staraptor|spd|1\n|move|p2a: Slowking|Calm Mind|p2a: Slowking\n|-boost|p2a: Slowking|spa|1\n|-boost|p2a: Slowking|spd|1\n|\n|-heal|p1b: Umbreon|28\/100|[from] item: Leftovers\n|upkeep\n|turn|9\n|\n|t:|1682648272\n|switch|p2b: Skeledirge|Skeledirge, L50, M|51\/100\n|move|p1a: Arcanine|Flare Blitz|p2b: Skeledirge\n|-resisted|p2b: Skeledirge\n|-damage|p2b: Skeledirge|38\/100\n|-damage|p1a: Arcanine|53\/100|[from] Recoil\n|move|p1b: Umbreon|Yawn|p2a: Slowking\n|-start|p2a: Slowking|move: Yawn|[of] p1b: Umbreon\n|move|p2a: Slowking|Chilling Water|p1b: Umbreon\n|-damage|p1b: Umbreon|8\/100\n|-unboost|p1b: Umbreon|atk|1\n|\n|-heal|p1b: Umbreon|14\/100|[from] item: Leftovers\n|upkeep\n|turn|10\n|\n|t:|1682648295\n|move|p1a: Arcanine|Flare Blitz|p2b: Skeledirge\n|-resisted|p2b: Skeledirge\n|-damage|p2b: Skeledirge|25\/100\n|-damage|p1a: Arcanine|48\/100|[from] Recoil\n|move|p1b: Umbreon|Foul Play|p2b: Skeledirge\n|-supereffective|p2b: Skeledirge\n|-crit|p2b: Skeledirge\n|-damage|p2b: Skeledirge|0 fnt\n|faint|p2b: Skeledirge\n|move|p2a: Slowking|Chilling Water|p1b: Umbreon\n|-damage|p1b: Umbreon|0 fnt\n|faint|p1b: Umbreon\n|\n|-end|p2a: Slowking|move: Yawn|[silent]\n|-status|p2a: Slowking|slp\n|upkeep\n|\n|t:|1682648307\n|switch|p1b: Ting-Lu|Ting-Lu, L50|80\/100\n|switch|p2b: Staraptor|Staraptor, L50, F|100\/100\n|-ability|p2b: Staraptor|Intimidate|boost\n|-unboost|p1a: Arcanine|atk|1\n|-unboost|p1b: Ting-Lu|atk|1\n|-ability|p1b: Ting-Lu|Vessel of Ruin\n|turn|11\n|\n|t:|1682648326\n|switch|p1a: Cetitan|Cetitan, L50, M|49\/100\n|move|p1b: Ting-Lu|Protect|p1b: Ting-Lu\n|-singleturn|p1b: Ting-Lu|Protect\n|move|p2b: Staraptor|Close Combat|p1b: Ting-Lu\n|-activate|p1b: Ting-Lu|move: Protect\n|cant|p2a: Slowking|slp\n|\n|upkeep\n|turn|12\n|\n|t:|1682648345\n|switch|p1b: Arcanine|Arcanine, L50, F|48\/100\n|-ability|p1b: Arcanine|Intimidate|boost\n|-unboost|p2a: Slowking|atk|1\n|-unboost|p2b: Staraptor|atk|1\n|move|p1a: Cetitan|Ice Shard|p2b: Staraptor\n|-supereffective|p2b: Staraptor\n|-damage|p2b: Staraptor|46\/100\n|move|p2b: Staraptor|Close Combat|p1a: Cetitan\n|-supereffective|p1a: Cetitan\n|-damage|p1a: Cetitan|0 fnt\n|-unboost|p2b: Staraptor|def|1\n|-unboost|p2b: Staraptor|spd|1\n|faint|p1a: Cetitan\n|-curestatus|p2a: Slowking|slp|[msg]\n|move|p2a: Slowking|Chilling Water|p1b: Arcanine\n|-supereffective|p1b: Arcanine\n|-damage|p1b: Arcanine|0 fnt\n|faint|p1b: Arcanine\n|\n|upkeep\n|\n|t:|1682648359\n|switch|p1b: Ting-Lu|Ting-Lu, L50|80\/100\n|-ability|p1b: Ting-Lu|Vessel of Ruin\n|turn|13\n|\n|t:|1682648367\n|move|p2b: Staraptor|Close Combat|p1b: Ting-Lu\n|-supereffective|p1b: Ting-Lu\n|-damage|p1b: Ting-Lu|46\/100\n|-unboost|p2b: Staraptor|def|1\n|-unboost|p2b: Staraptor|spd|1\n|move|p1b: Ting-Lu|Throat Chop|p2b: Staraptor\n|-damage|p2b: Staraptor|0 fnt\n|faint|p2b: Staraptor\n|move|p2a: Slowking|Chilling Water|p1b: Ting-Lu\n|-supereffective|p1b: Ting-Lu\n|-damage|p1b: Ting-Lu|17\/100\n|-unboost|p1b: Ting-Lu|atk|1\n|\n|upkeep\n|turn|14\n|\n|t:|1682648379\n|move|p1b: Ting-Lu|Throat Chop|p2a: Slowking\n|-supereffective|p2a: Slowking\n|-damage|p2a: Slowking|47\/100\n|-start|p2a: Slowking|Throat Chop|[silent]\n|move|p2a: Slowking|Chilling Water|p1b: Ting-Lu\n|-supereffective|p1b: Ting-Lu\n|-damage|p1b: Ting-Lu|0 fnt\n|faint|p1b: Ting-Lu\n|\n|win|GholDenko\n|c|\u2606GholDenko|GGs\n|c|\u2606gGusto|ggs\n|l|\u2606gGusto\n","uploadtime":1682648389,"views":6,"p1id":"ggusto","p2id":"gholdenko","formatid":"gen9vgc2023regulationc","rating":0,"private":0,"password":""}