{"id":"gen9vgc2023regulationc-1852169335","p1":"Reuselation","p2":"Gutico","format":"[Gen 9] VGC 2023 Regulation C","log":"|j|\u2606Reuselation\n|j|\u2606Gutico\n|t:|1682529839\n|gametype|doubles\n|player|p1|Reuselation|red|1239\n|player|p2|Gutico|102|1211\n|teamsize|p1|6\n|teamsize|p2|6\n|gen|9\n|tier|[Gen 9] VGC 2023 Regulation C\n|rated|\n|rule|Species Clause: Limit one of each Pok\u00e9mon\n|rule|Item Clause: Limit one of each item\n|clearpoke\n|poke|p1|Pelipper, L50, M|\n|poke|p1|Palafin, L50, M|\n|poke|p1|Amoonguss, L50, F|\n|poke|p1|Iron Hands, L50|\n|poke|p1|Salamence, L50, F|\n|poke|p1|Chien-Pao, L50|\n|poke|p2|Ting-Lu, L50|\n|poke|p2|Amoonguss, L50, F|\n|poke|p2|Arcanine, L50, M|\n|poke|p2|Flutter Mane, L50|\n|poke|p2|Palafin, L50, M|\n|poke|p2|Baxcalibur, L50, M|\n|teampreview|4\n|\n|t:|1682529864\n|start\n|switch|p1a: Iron Hands|Iron Hands, L50|100\/100\n|switch|p1b: Amoonguss|Amoonguss, L50, F|100\/100\n|switch|p2a: Totsugeki|Palafin, L50, M|100\/100\n|switch|p2b: Kikoken|Amoonguss, L50, F|100\/100\n|turn|1\n|inactive|Battle timer is ON: inactive players will automatically lose when time's up. (requested by Gutico)\n|\n|t:|1682529879\n|move|p2a: Totsugeki|Protect|p2a: Totsugeki\n|-singleturn|p2a: Totsugeki|Protect\n|move|p1a: Iron Hands|Fake Out|p2b: Kikoken\n|-damage|p2b: Kikoken|87\/100\n|move|p1b: Amoonguss|Pollen Puff|p2b: Kikoken\n|-damage|p2b: Kikoken|70\/100\n|cant|p2b: Kikoken|flinch\n|\n|upkeep\n|turn|2\n|\n|t:|1682529895\n|detailschange|p2a: Totsugeki|Palafin-Hero, L50, M\n|switch|p2a: Foot Dive|Baxcalibur, L50, M, shiny|100\/100\n|-terastallize|p1a: Iron Hands|Grass\n|move|p1a: Iron Hands|Drain Punch|p2b: Kikoken\n|-resisted|p2b: Kikoken\n|-damage|p2b: Kikoken|54\/100\n|move|p1b: Amoonguss|Pollen Puff|p2b: Kikoken\n|-damage|p2b: Kikoken|38\/100\n|-enditem|p2b: Kikoken|Sitrus Berry|[eat]\n|-heal|p2b: Kikoken|63\/100|[from] item: Sitrus Berry\n|move|p2b: Kikoken|Spore|p1a: Iron Hands\n|-immune|p1a: Iron Hands\n|\n|upkeep\n|turn|3\n|inactive|Gutico has 30 seconds left.\n|\n|t:|1682529925\n|move|p2a: Foot Dive|Icicle Spear|p1a: Iron Hands\n|-supereffective|p1a: Iron Hands\n|-damage|p1a: Iron Hands|81\/100\n|-supereffective|p1a: Iron Hands\n|-damage|p1a: Iron Hands|61\/100\n|-supereffective|p1a: Iron Hands\n|-damage|p1a: Iron Hands|41\/100\n|-supereffective|p1a: Iron Hands\n|-damage|p1a: Iron Hands|21\/100\n|-hitcount|p1a: Iron Hands|4\n|move|p1a: Iron Hands|Drain Punch|p2a: Foot Dive\n|-supereffective|p2a: Foot Dive\n|-damage|p2a: Foot Dive|28\/100\n|-heal|p1a: Iron Hands|51\/100|[from] drain|[of] p2a: Foot Dive\n|move|p1b: Amoonguss|Spore|p2a: Foot Dive\n|-status|p2a: Foot Dive|slp|[from] move: Spore\n|move|p2b: Kikoken|Pollen Puff|p1a: Iron Hands\n|-supereffective|p1a: Iron Hands\n|-damage|p1a: Iron Hands|30\/100\n|\n|upkeep\n|turn|4\n|inactive|Reuselation has 30 seconds left.\n|inactive|Gutico has 30 seconds left.\n|\n|t:|1682529961\n|switch|p2a: Soul Fist|Flutter Mane, L50|100\/100\n|-enditem|p2a: Soul Fist|Booster Energy\n|-activate|p2a: Soul Fist|ability: Protosynthesis|[fromitem]\n|-start|p2a: Soul Fist|protosynthesisspa\n|move|p1a: Iron Hands|Drain Punch|p2a: Soul Fist\n|-immune|p2a: Soul Fist\n|move|p1b: Amoonguss|Pollen Puff|p1a: Iron Hands\n|-heal|p1a: Iron Hands|79\/100\n|move|p2b: Kikoken|Pollen Puff|p1a: Iron Hands\n|-supereffective|p1a: Iron Hands\n|-damage|p1a: Iron Hands|59\/100\n|\n|upkeep\n|turn|5\n|\n|t:|1682529982\n|move|p2b: Kikoken|Rage Powder|p2b: Kikoken\n|-singleturn|p2b: Kikoken|move: Rage Powder\n|move|p2a: Soul Fist|Substitute|p2a: Soul Fist\n|-start|p2a: Soul Fist|Substitute\n|-damage|p2a: Soul Fist|76\/100\n|move|p1a: Iron Hands|Wild Charge|p2a: Soul Fist\n|-end|p2a: Soul Fist|Substitute\n|-damage|p1a: Iron Hands|55\/100|[from] Recoil|[of] p2a: Soul Fist\n|move|p1b: Amoonguss|Pollen Puff|p1a: Iron Hands\n|-heal|p1a: Iron Hands|100\/100\n|\n|upkeep\n|turn|6\n|\n|t:|1682530003\n|move|p2a: Soul Fist|Moonblast|p1a: Iron Hands\n|-damage|p1a: Iron Hands|66\/100\n|move|p1a: Iron Hands|Wild Charge|p2a: Soul Fist\n|-crit|p2a: Soul Fist\n|-damage|p2a: Soul Fist|0 fnt\n|faint|p2a: Soul Fist\n|-end|p2a: Soul Fist|Protosynthesis|[silent]\n|-damage|p1a: Iron Hands|55\/100|[from] Recoil\n|move|p1b: Amoonguss|Pollen Puff|p2b: Kikoken\n|-damage|p2b: Kikoken|46\/100\n|move|p2b: Kikoken|Pollen Puff|p2: Soul Fist|[notarget]\n|-fail|p2b: Kikoken\n|\n|upkeep\n|\n|t:|1682530009\n|switch|p2a: Foot Dive|Baxcalibur, L50, M, shiny|28\/100 slp\n|turn|7\n|\n|t:|1682530025\n|-terastallize|p2a: Foot Dive|Poison\n|cant|p2a: Foot Dive|slp\n|move|p1a: Iron Hands|Drain Punch|p2a: Foot Dive\n|-resisted|p2a: Foot Dive\n|-damage|p2a: Foot Dive|9\/100 slp\n|-heal|p1a: Iron Hands|63\/100|[from] drain|[of] p2a: Foot Dive\n|move|p1b: Amoonguss|Pollen Puff|p1a: Iron Hands\n|-heal|p1a: Iron Hands|100\/100\n|move|p2b: Kikoken|Pollen Puff|p2a: Foot Dive\n|-heal|p2a: Foot Dive|59\/100 slp\n|\n|upkeep\n|turn|8\n|\n|t:|1682530049\n|cant|p2a: Foot Dive|slp\n|move|p1a: Iron Hands|Wild Charge|p2a: Foot Dive\n|-damage|p2a: Foot Dive|9\/100 slp\n|-damage|p1a: Iron Hands|90\/100|[from] Recoil\n|move|p1b: Amoonguss|Pollen Puff|p2a: Foot Dive\n|-resisted|p2a: Foot Dive\n|-damage|p2a: Foot Dive|2\/100 slp\n|move|p2b: Kikoken|Pollen Puff|p2a: Foot Dive\n|-heal|p2a: Foot Dive|52\/100 slp\n|\n|upkeep\n|turn|9\n|\n|t:|1682530071\n|-curestatus|p2a: Foot Dive|slp|[msg]\n|move|p2a: Foot Dive|Protect|p2a: Foot Dive\n|-singleturn|p2a: Foot Dive|Protect\n|move|p1a: Iron Hands|Wild Charge|p2a: Foot Dive\n|-activate|p2a: Foot Dive|move: Protect\n|move|p1b: Amoonguss|Pollen Puff|p2a: Foot Dive\n|-activate|p2a: Foot Dive|move: Protect\n|move|p2b: Kikoken|Pollen Puff|p1a: Iron Hands\n|-supereffective|p1a: Iron Hands\n|-damage|p1a: Iron Hands|71\/100\n|\n|upkeep\n|turn|10\n|\n|t:|1682530091\n|-end|p1a: Iron Hands|Quark Drive|[silent]\n|switch|p1a: Salamence|Salamence, L50, F|100\/100\n|-ability|p1a: Salamence|Intimidate|boost\n|-unboost|p2a: Foot Dive|atk|1\n|-unboost|p2b: Kikoken|atk|1\n|move|p2a: Foot Dive|Icicle Spear|p1a: Salamence\n|-supereffective|p1a: Salamence\n|-damage|p1a: Salamence|54\/100\n|-supereffective|p1a: Salamence\n|-damage|p1a: Salamence|4\/100\n|-supereffective|p1a: Salamence\n|-damage|p1a: Salamence|0 fnt\n|faint|p1a: Salamence\n|-hitcount|p1: Salamence|3\n|move|p1b: Amoonguss|Spore|p2a: Foot Dive\n|-status|p2a: Foot Dive|slp|[from] move: Spore\n|move|p2b: Kikoken|Pollen Puff|p2a: Foot Dive\n|-heal|p2a: Foot Dive|100\/100 slp\n|\n|upkeep\n|\n|t:|1682530110\n|switch|p1a: Chien-Pao|Chien-Pao, L50|100\/100\n|-ability|p1a: Chien-Pao|Sword of Ruin\n|turn|11\n|\n|t:|1682530123\n|switch|p2b: Totsugeki|Palafin-Hero, L50, M|100\/100\n|-activate|p2b: Totsugeki|ability: Zero to Hero\n|move|p1a: Chien-Pao|Ice Spinner|p2a: Foot Dive\n|-damage|p2a: Foot Dive|57\/100 slp\n|cant|p2a: Foot Dive|slp\n|move|p1b: Amoonguss|Pollen Puff|p2a: Foot Dive\n|-resisted|p2a: Foot Dive\n|-damage|p2a: Foot Dive|48\/100 slp\n|\n|upkeep\n|turn|12\n|\n|t:|1682530146\n|move|p2b: Totsugeki|Jet Punch|p1a: Chien-Pao\n|-crit|p1a: Chien-Pao\n|-enditem|p1a: Chien-Pao|Focus Sash\n|-damage|p1a: Chien-Pao|1\/100\n|move|p1a: Chien-Pao|Throat Chop|p2b: Totsugeki\n|-damage|p2b: Totsugeki|49\/100\n|-start|p2b: Totsugeki|Throat Chop|[silent]\n|cant|p2a: Foot Dive|slp\n|move|p1b: Amoonguss|Pollen Puff|p2b: Totsugeki\n|-damage|p2b: Totsugeki|30\/100\n|\n|upkeep\n|turn|13\n|\n|t:|1682530165\n|move|p1a: Chien-Pao|Sucker Punch|p2b: Totsugeki\n|-damage|p2b: Totsugeki|0 fnt\n|faint|p2b: Totsugeki\n|cant|p2a: Foot Dive|slp\n|move|p1b: Amoonguss|Pollen Puff|p2a: Foot Dive\n|-resisted|p2a: Foot Dive\n|-damage|p2a: Foot Dive|40\/100 slp\n|\n|upkeep\n|\n|t:|1682530168\n|switch|p2b: Kikoken|Amoonguss, L50, F|79\/100\n|turn|14\n|\n|t:|1682530180\n|-curestatus|p2a: Foot Dive|slp|[msg]\n|move|p2a: Foot Dive|Ice Shard|p1a: Chien-Pao\n|-resisted|p1a: Chien-Pao\n|-crit|p1a: Chien-Pao\n|-damage|p1a: Chien-Pao|0 fnt\n|faint|p1a: Chien-Pao\n|move|p1b: Amoonguss|Pollen Puff|p2a: Foot Dive\n|-resisted|p2a: Foot Dive\n|-damage|p2a: Foot Dive|33\/100\n|move|p2b: Kikoken|Pollen Puff|p2a: Foot Dive\n|-heal|p2a: Foot Dive|83\/100\n|\n|upkeep\n|\n|t:|1682530194\n|switch|p1a: Iron Hands|Iron Hands, L50, tera:Grass|71\/100\n|turn|15\n|\n|t:|1682530205\n|move|p2a: Foot Dive|Protect|p2a: Foot Dive\n|-singleturn|p2a: Foot Dive|Protect\n|move|p1a: Iron Hands|Wild Charge|p2a: Foot Dive\n|-activate|p2a: Foot Dive|move: Protect\n|move|p1b: Amoonguss|Spore|p2a: Foot Dive\n|-activate|p2a: Foot Dive|move: Protect\n|move|p2b: Kikoken|Pollen Puff|p1a: Iron Hands\n|-supereffective|p1a: Iron Hands\n|-damage|p1a: Iron Hands|52\/100\n|\n|upkeep\n|turn|16\n|\n|t:|1682530221\n|move|p2a: Foot Dive|Icicle Spear|p1a: Iron Hands\n|-supereffective|p1a: Iron Hands\n|-damage|p1a: Iron Hands|37\/100\n|-supereffective|p1a: Iron Hands\n|-damage|p1a: Iron Hands|21\/100\n|-supereffective|p1a: Iron Hands\n|-damage|p1a: Iron Hands|8\/100\n|-supereffective|p1a: Iron Hands\n|-damage|p1a: Iron Hands|0 fnt\n|faint|p1a: Iron Hands\n|-end|p1a: Iron Hands|Quark Drive|[silent]\n|-hitcount|p1: Iron Hands|4\n|move|p1b: Amoonguss|Spore|p2a: Foot Dive\n|-status|p2a: Foot Dive|slp|[from] move: Spore\n|move|p2b: Kikoken|Pollen Puff|p2a: Foot Dive\n|-heal|p2a: Foot Dive|100\/100 slp\n|\n|upkeep\n|turn|17\n|\n|t:|1682530239\n|cant|p2a: Foot Dive|slp\n|move|p1b: Amoonguss|Pollen Puff|p2b: Kikoken\n|-damage|p2b: Kikoken|63\/100\n|move|p2b: Kikoken|Pollen Puff|p1b: Amoonguss\n|-damage|p1b: Amoonguss|87\/100\n|\n|upkeep\n|turn|18\n|\n|t:|1682530251\n|-curestatus|p2a: Foot Dive|slp|[msg]\n|move|p2a: Foot Dive|Icicle Spear|p1b: Amoonguss\n|-supereffective|p1b: Amoonguss\n|-damage|p1b: Amoonguss|70\/100\n|-supereffective|p1b: Amoonguss\n|-damage|p1b: Amoonguss|52\/100\n|-supereffective|p1b: Amoonguss\n|-damage|p1b: Amoonguss|36\/100\n|-enditem|p1b: Amoonguss|Sitrus Berry|[eat]\n|-heal|p1b: Amoonguss|61\/100|[from] item: Sitrus Berry\n|-supereffective|p1b: Amoonguss\n|-damage|p1b: Amoonguss|42\/100\n|-supereffective|p1b: Amoonguss\n|-crit|p1b: Amoonguss\n|-damage|p1b: Amoonguss|0 fnt\n|faint|p1b: Amoonguss\n|-hitcount|p1: Amoonguss|5\n|\n|win|Gutico\n|raw|Reuselation's rating: 1239 → 1212<\/strong> (-27 for losing)\n|raw|Gutico's rating: 1211 → 1238<\/strong> (+27 for winning)\n|l|\u2606Gutico\n","uploadtime":1682530279,"views":11,"p1id":"reuselation","p2id":"gutico","formatid":"gen9vgc2023regulationc","rating":1212,"private":0,"password":""}