{"id":"gen9vgc2023regulationc-1862841737","p1":"atam24","p2":"Messidopokemon","format":"[Gen 9] VGC 2023 Regulation C","log":"|j|\u2606atam24\n|j|\u2606Messidopokemon\n|t:|1683928083\n|gametype|doubles\n|player|p1|atam24|102|1473\n|player|p2|Messidopokemon|101|1447\n|teamsize|p1|6\n|teamsize|p2|6\n|gen|9\n|tier|[Gen 9] VGC 2023 Regulation C\n|rated|\n|rule|Species Clause: Limit one of each Pok\u00e9mon\n|rule|Item Clause: Limit one of each item\n|clearpoke\n|poke|p1|Murkrow, L50, F|\n|poke|p1|Chi-Yu, L50|\n|poke|p1|Flutter Mane, L50|\n|poke|p1|Great Tusk, L50|\n|poke|p1|Brute Bonnet, L50|\n|poke|p1|Corviknight, L50, M|\n|poke|p2|Dragapult, L50, F|\n|poke|p2|Amoonguss, L50, M|\n|poke|p2|Arcanine, L50, F|\n|poke|p2|Chien-Pao, L50|\n|poke|p2|Flutter Mane, L50|\n|poke|p2|Kingambit, L50, F|\n|teampreview|4\n|inactive|Battle timer is ON: inactive players will automatically lose when time's up. (requested by Messidopokemon)\n|\n|t:|1683928127\n|start\n|switch|p1a: Murkrow|Murkrow, L50, F, shiny|100\/100\n|switch|p1b: Corviknight|Corviknight, L50, M|100\/100\n|switch|p2a: ChiYu|Arcanine, L50, F|100\/100\n|switch|p2b: Chien-Pao|Chien-Pao, L50|100\/100\n|-ability|p2b: Chien-Pao|Sword of Ruin\n|-ability|p2a: ChiYu|Intimidate|boost\n|-unboost|p1a: Murkrow|atk|1\n|-ability|p1b: Corviknight|Mirror Armor\n|-unboost|p2a: ChiYu|atk|1\n|turn|1\n|\n|t:|1683928149\n|move|p1a: Murkrow|Tailwind|p1a: Murkrow\n|-sidestart|p1: atam24|move: Tailwind\n|move|p1b: Corviknight|Brave Bird|p2b: Chien-Pao\n|-enditem|p2b: Chien-Pao|Focus Sash\n|-damage|p2b: Chien-Pao|1\/100\n|-damage|p1b: Corviknight|73\/100|[from] Recoil\n|move|p2b: Chien-Pao|Ice Spinner|p1a: Murkrow\n|-supereffective|p1a: Murkrow\n|-damage|p1a: Murkrow|0 fnt\n|faint|p1a: Murkrow\n|move|p2a: ChiYu|Flare Blitz|p1b: Corviknight\n|-supereffective|p1b: Corviknight\n|-damage|p1b: Corviknight|0 fnt\n|faint|p1b: Corviknight\n|-damage|p2a: ChiYu|77\/100|[from] Recoil\n|\n|upkeep\n|\n|t:|1683928166\n|switch|p1a: Chi-Yu|Chi-Yu, L50|100\/100\n|switch|p1b: Great Tusk|Great Tusk, L50|100\/100\n|-ability|p1a: Chi-Yu|Beads of Ruin\n|turn|2\n|\n|t:|1683928183\n|move|p2b: Chien-Pao|Protect|p2b: Chien-Pao\n|-singleturn|p2b: Chien-Pao|Protect\n|move|p2a: ChiYu|Protect|p2a: ChiYu\n|-singleturn|p2a: ChiYu|Protect\n|move|p1b: Great Tusk|Rock Slide|p2b: Chien-Pao|[spread] \n|-activate|p2a: ChiYu|move: Protect\n|-activate|p2b: Chien-Pao|move: Protect\n|move|p1a: Chi-Yu|Dark Pulse|p2a: ChiYu\n|-activate|p2a: ChiYu|move: Protect\n|\n|upkeep\n|turn|3\n|\n|t:|1683928208\n|move|p2b: Chien-Pao|Sucker Punch|p1a: Chi-Yu\n|-resisted|p1a: Chi-Yu\n|-damage|p1a: Chi-Yu|64\/100\n|move|p1b: Great Tusk|Rock Slide|p2b: Chien-Pao|[spread] p2a,p2b\n|-supereffective|p2a: ChiYu\n|-supereffective|p2b: Chien-Pao\n|-damage|p2a: ChiYu|18\/100\n|-damage|p2b: Chien-Pao|0 fnt\n|faint|p2b: Chien-Pao\n|move|p1a: Chi-Yu|Dark Pulse|p2a: ChiYu\n|-damage|p2a: ChiYu|0 fnt\n|faint|p2a: ChiYu\n|-damage|p1a: Chi-Yu|54\/100|[from] item: Life Orb\n|\n|upkeep\n|\n|t:|1683928222\n|switch|p2b: Flutter Mane|Flutter Mane, L50, shiny|100\/100\n|switch|p2a: Kingambit|Kingambit, L50, F|100\/100\n|-enditem|p2b: Flutter Mane|Booster Energy\n|-activate|p2b: Flutter Mane|ability: Protosynthesis|[fromitem]\n|-start|p2b: Flutter Mane|protosynthesisspa\n|turn|4\n|\n|t:|1683928237\n|-terastallize|p1b: Great Tusk|Steel\n|-terastallize|p2a: Kingambit|Water\n|move|p2b: Flutter Mane|Protect|p2b: Flutter Mane\n|-singleturn|p2b: Flutter Mane|Protect\n|move|p1b: Great Tusk|Rock Slide|p2a: Kingambit|[spread] p2a\n|-activate|p2b: Flutter Mane|move: Protect\n|-damage|p2a: Kingambit|83\/100\n|move|p1a: Chi-Yu|Heat Wave|p2a: Kingambit|[spread] p2a\n|-activate|p2b: Flutter Mane|move: Protect\n|-resisted|p2a: Kingambit\n|-crit|p2a: Kingambit\n|-damage|p2a: Kingambit|52\/100\n|-damage|p1a: Chi-Yu|44\/100|[from] item: Life Orb\n|cant|p2a: Kingambit|flinch\n|\n|-sideend|p1: atam24|move: Tailwind\n|upkeep\n|turn|5\n|inactive|Messidopokemon has 30 seconds left.\n|inactive|Messidopokemon has 20 seconds left.\n|\n|t:|1683928274\n|move|p2a: Kingambit|Sucker Punch|p1b: Great Tusk\n|-damage|p1b: Great Tusk|69\/100\n|move|p1b: Great Tusk|Rock Slide|p2b: Flutter Mane|[spread] p2a,p2b\n|-damage|p2a: Kingambit|36\/100\n|-damage|p2b: Flutter Mane|68\/100\n|cant|p2b: Flutter Mane|flinch\n|move|p1a: Chi-Yu|Heat Wave|p2a: Kingambit|[spread] p2a,p2b\n|-resisted|p2a: Kingambit\n|-damage|p2a: Kingambit|15\/100\n|-damage|p2b: Flutter Mane|0 fnt\n|faint|p2b: Flutter Mane\n|-end|p2b: Flutter Mane|Protosynthesis|[silent]\n|-damage|p1a: Chi-Yu|34\/100|[from] item: Life Orb\n|\n|upkeep\n|turn|6\n|c|\u2606atam24|gg\n|c|\u2606Messidopokemon|Vaite fodr fdp\n|n|\u203dMessidopokemon|messidopokemon\n|c|&|\/log Messidopokemon was locked from talking by Artemis. (\u2606Messidopokemon: Vaite fodr fdp)\n|c|&|\/raw This action was done automatically. Want to learn more about the AI? Visit the information thread<\/a>.<\/small>\n|inactive|Messidopokemon has 30 seconds left.\n|inactive|Messidopokemon has 20 seconds left.\n|inactive|Messidopokemon has 15 seconds left.\n|c|\u2606atam24|hahah\n|c|\u2606atam24|rageee\n|inactive|Messidopokemon has 10 seconds left.\n|inactive|Messidopokemon has 5 seconds left.\n|c|\u2606atam24|sta calmo dai\n|\n|t:|1683928329\n|move|p2a: Kingambit|Sucker Punch|p1a: Chi-Yu\n|-resisted|p1a: Chi-Yu\n|-damage|p1a: Chi-Yu|0 fnt\n|faint|p1a: Chi-Yu\n|move|p1b: Great Tusk|Rock Slide|p2a: Kingambit\n|-damage|p2a: Kingambit|0 fnt\n|faint|p2a: Kingambit\n|\n|win|atam24\n|raw|atam24's rating: 1473 → 1492<\/strong> (+19 for winning)\n|raw|Messidopokemon's rating: 1447 → 1428<\/strong> (-19 for losing)\n","uploadtime":1683928299,"views":9,"p1id":"atam24","p2id":"messidopokemon","formatid":"gen9vgc2023regulationc","rating":1428,"private":0,"password":""}