{"id":"gen9vgc2023regulationc-1859909601","p1":"Headphones64","p2":"96Slimp","format":"[Gen 9] VGC 2023 Regulation C","log":"|j|\u2606Headphones64\n|j|\u260696Slimp\n|t:|1683574879\n|gametype|doubles\n|player|p1|Headphones64|acetrainer-gen4|1045\n|player|p2|96Slimp|102|1000\n|teamsize|p1|6\n|teamsize|p2|6\n|gen|9\n|tier|[Gen 9] VGC 2023 Regulation C\n|rated|\n|rule|Species Clause: Limit one of each Pok\u00e9mon\n|rule|Item Clause: Limit one of each item\n|clearpoke\n|poke|p1|Skeledirge, L50, M|\n|poke|p1|Oranguru, L50, F|\n|poke|p1|Iron Bundle, L50|\n|poke|p1|Scizor, L50, F|\n|poke|p1|Bellibolt, L50, F|\n|poke|p1|Wo-Chien, L50|\n|poke|p2|Ting-Lu, L50|\n|poke|p2|Arcanine, L50, F|\n|poke|p2|Flutter Mane, L50|\n|poke|p2|Iron Bundle, L50|\n|poke|p2|Amoonguss, L50, F|\n|poke|p2|Farigiraf, L50, F|\n|teampreview|4\n|\n|t:|1683574924\n|start\n|switch|p1a: Wo-Chien|Wo-Chien, L50|100\/100\n|switch|p1b: Iron Bundle|Iron Bundle, L50|100\/100\n|switch|p2a: Ting-Lu|Ting-Lu, L50|100\/100\n|switch|p2b: Flutter Mane|Flutter Mane, L50|100\/100\n|-ability|p1a: Wo-Chien|Tablets of Ruin\n|-ability|p2a: Ting-Lu|Vessel of Ruin\n|-enditem|p2b: Flutter Mane|Booster Energy\n|-activate|p2b: Flutter Mane|ability: Protosynthesis|[fromitem]\n|-start|p2b: Flutter Mane|protosynthesisspa\n|turn|1\n|inactive|Battle timer is ON: inactive players will automatically lose when time's up. (requested by 96Slimp)\n|\n|t:|1683574956\n|move|p1b: Iron Bundle|Hydro Pump|p2a: Ting-Lu\n|-supereffective|p2a: Ting-Lu\n|-damage|p2a: Ting-Lu|62\/100\n|move|p2b: Flutter Mane|Power Gem|p1b: Iron Bundle\n|-supereffective|p1b: Iron Bundle\n|-damage|p1b: Iron Bundle|0 fnt\n|faint|p1b: Iron Bundle\n|-end|p1b: Iron Bundle|Quark Drive|[silent]\n|move|p1a: Wo-Chien|Giga Drain|p2a: Ting-Lu\n|-supereffective|p2a: Ting-Lu\n|-damage|p2a: Ting-Lu|42\/100\n|move|p2a: Ting-Lu|Ruination|p1a: Wo-Chien\n|-damage|p1a: Wo-Chien|50\/100\n|\n|upkeep\n|\n|t:|1683574973\n|switch|p1b: Oranguru|Oranguru, L50, F|100\/100\n|turn|2\n|\n|t:|1683574992\n|-terastallize|p2a: Ting-Lu|Poison\n|move|p2b: Flutter Mane|Dazzling Gleam|p1a: Wo-Chien|[spread] p1a,p1b\n|-supereffective|p1a: Wo-Chien\n|-damage|p1a: Wo-Chien|19\/100\n|-damage|p1b: Oranguru|81\/100\n|move|p1a: Wo-Chien|Knock Off|p2b: Flutter Mane\n|-damage|p2b: Flutter Mane|67\/100\n|move|p2a: Ting-Lu|Throat Chop|p1b: Oranguru\n|-supereffective|p1b: Oranguru\n|-damage|p1b: Oranguru|44\/100\n|-start|p1b: Oranguru|Throat Chop|[silent]\n|move|p1b: Oranguru|Trick Room|p1b: Oranguru\n|-fieldstart|move: Trick Room|[of] p1b: Oranguru\n|\n|upkeep\n|turn|3\n|inactive|Headphones64 has 30 seconds left.\n|\n|t:|1683575019\n|switch|p2a: Farigiraf|Farigiraf, L50, F|100\/100\n|move|p2b: Flutter Mane|Protect|p2b: Flutter Mane\n|-singleturn|p2b: Flutter Mane|Protect\n|move|p1b: Oranguru|Instruct|p1a: Wo-Chien\n|-singleturn|p1a: Wo-Chien|move: Instruct|[of] p1b: Oranguru\n|move|p1a: Wo-Chien|Knock Off|p2b: Flutter Mane\n|-activate|p2b: Flutter Mane|move: Protect\n|move|p1a: Wo-Chien|Foul Play|p2a: Farigiraf\n|-supereffective|p2a: Farigiraf\n|-damage|p2a: Farigiraf|54\/100\n|\n|-end|p1b: Oranguru|Throat Chop|[silent]\n|upkeep\n|turn|4\n|inactive|Headphones64 has 30 seconds left.\n|\n|t:|1683575046\n|move|p1b: Oranguru|Psychic|p2b: Flutter Mane\n|-damage|p2b: Flutter Mane|38\/100\n|move|p1a: Wo-Chien|Knock Off|p2a: Farigiraf\n|-supereffective|p2a: Farigiraf\n|-damage|p2a: Farigiraf|5\/100\n|-enditem|p2a: Farigiraf|Sitrus Berry|[from] move: Knock Off|[of] p1a: Wo-Chien\n|move|p2b: Flutter Mane|Shadow Ball|p1b: Oranguru\n|-immune|p1b: Oranguru\n|move|p2a: Farigiraf|Trick Room|p2a: Farigiraf\n|-fieldend|move: Trick Room\n|\n|upkeep\n|turn|5\n|inactive|Headphones64 has 30 seconds left.\n|\n|t:|1683575075\n|move|p1b: Oranguru|Protect|p1b: Oranguru\n|-singleturn|p1b: Oranguru|Protect\n|move|p2b: Flutter Mane|Dazzling Gleam|p1a: Wo-Chien|[spread] p1a\n|-activate|p1b: Oranguru|move: Protect\n|-supereffective|p1a: Wo-Chien\n|-damage|p1a: Wo-Chien|0 fnt\n|faint|p1a: Wo-Chien\n|move|p2a: Farigiraf|Dazzling Gleam|p1b: Oranguru\n|-activate|p1b: Oranguru|move: Protect\n|\n|upkeep\n|\n|t:|1683575087\n|switch|p1a: Skeledirge|Skeledirge, L50, M|100\/100\n|turn|6\n|\n|t:|1683575107\n|-terastallize|p1a: Skeledirge|Water\n|move|p2b: Flutter Mane|Shadow Ball|p1a: Skeledirge\n|-damage|p1a: Skeledirge|48\/100\n|move|p2a: Farigiraf|Thunder Wave|p1a: Skeledirge\n|-status|p1a: Skeledirge|par\n|move|p1a: Skeledirge|Torch Song|p2a: Farigiraf\n|-damage|p2a: Farigiraf|0 fnt\n|-boost|p1a: Skeledirge|spa|1\n|faint|p2a: Farigiraf\n|-enditem|p1a: Skeledirge|Throat Spray\n|-boost|p1a: Skeledirge|spa|1|[from] item: Throat Spray\n|move|p1b: Oranguru|Trick Room|p1b: Oranguru\n|-fieldstart|move: Trick Room|[of] p1b: Oranguru\n|\n|upkeep\n|\n|t:|1683575122\n|switch|p2a: Ting-Lu|Ting-Lu, L50, tera:Poison|42\/100\n|-ability|p2a: Ting-Lu|Vessel of Ruin\n|turn|7\n|l|\u2606Headphones64\n|inactive|Headphones64 disconnected and has a minute to reconnect!\n|player|p1|\n|inactive|Headphones64 has 30 seconds left.\n|inactive|Headphones64 has 20 seconds left.\n|inactive|Headphones64 has 15 seconds left.\n|inactive|Headphones64 has 10 seconds left.\n|inactive|Headphones64 has 5 seconds left.\n|-message|Headphones64 lost due to inactivity.\n|\n|win|96Slimp\n|raw|Headphones64's rating: 1045 → 1026<\/strong> (-19 for losing)\n|raw|96Slimp's rating: 1000 → 1045<\/strong> (+45 for winning)\n","uploadtime":1683575186,"views":7,"p1id":"headphones64","p2id":"96slimp","formatid":"gen9vgc2023regulationc","rating":1026,"private":0,"password":""}