{"id":"gen9vgc2023regulationc-1862537483","p1":"PkFreezeMaster","p2":"mfDOOMvmax","format":"[Gen 9] VGC 2023 Regulation C","log":"|j|\u2606PkFreezeMaster\n|j|\u2606mfDOOMvmax\n|t:|1683898651\n|gametype|doubles\n|player|p1|PkFreezeMaster|102|1216\n|player|p2|mfDOOMvmax|ingo|1216\n|teamsize|p1|6\n|teamsize|p2|6\n|gen|9\n|tier|[Gen 9] VGC 2023 Regulation C\n|rated|\n|rule|Species Clause: Limit one of each Pok\u00e9mon\n|rule|Item Clause: Limit one of each item\n|clearpoke\n|poke|p1|Chi-Yu, L50|\n|poke|p1|Flutter Mane, L50|\n|poke|p1|Amoonguss, L50, M|\n|poke|p1|Gyarados, L50, F|\n|poke|p1|Baxcalibur, L50, F|\n|poke|p1|Ting-Lu, L50|\n|poke|p2|Orthworm, L50, F|\n|poke|p2|Ceruledge, L50, F|\n|poke|p2|Kingambit, L50, M|\n|poke|p2|Flutter Mane, L50|\n|poke|p2|Tyranitar, L50, M|\n|poke|p2|Wo-Chien, L50|\n|teampreview|4\n|inactive|Battle timer is ON: inactive players will automatically lose when time's up. (requested by mfDOOMvmax)\n|j| A Borygon\n|inactive|PkFreezeMaster has 60 seconds left.\n|\n|t:|1683898691\n|start\n|switch|p1a: Baxcalibur|Baxcalibur, L50, F|100\/100\n|switch|p1b: Ting-Lu|Ting-Lu, L50|100\/100\n|switch|p2a: Orthworm|Orthworm, L50, F, shiny|100\/100\n|switch|p2b: Ceruledge|Ceruledge, L50, F|100\/100\n|-ability|p1b: Ting-Lu|Vessel of Ruin\n|turn|1\n|l| A Borygon\n|inactive|PkFreezeMaster has 30 seconds left.\n|inactive|PkFreezeMaster has 20 seconds left.\n|inactive|PkFreezeMaster has 15 seconds left.\n|inactive|PkFreezeMaster has 10 seconds left.\n|inactive|PkFreezeMaster has 5 seconds left.\n|\n|t:|1683898746\n|move|p1a: Baxcalibur|Icicle Spear|p2a: Orthworm\n|-resisted|p2a: Orthworm\n|-damage|p2a: Orthworm|95\/100\n|-resisted|p2a: Orthworm\n|-damage|p2a: Orthworm|90\/100\n|-resisted|p2a: Orthworm\n|-damage|p2a: Orthworm|85\/100\n|-resisted|p2a: Orthworm\n|-damage|p2a: Orthworm|80\/100\n|-hitcount|p2a: Orthworm|4\n|move|p2b: Ceruledge|Bulk Up|p2b: Ceruledge\n|-boost|p2b: Ceruledge|atk|1\n|-boost|p2b: Ceruledge|def|1\n|move|p2a: Orthworm|Shed Tail|p2a: Orthworm\n|-start|p2a: Orthworm|Substitute|[from] move: Shed Tail\n|-damage|p2a: Orthworm|30\/100\n|\n|t:|1683898759\n|switch|p2a: Wo-Chien|Wo-Chien, L50|100\/100|[from] Shed Tail\n|-ability|p2a: Wo-Chien|Tablets of Ruin\n|move|p1b: Ting-Lu|Stomping Tantrum|p2b: Ceruledge\n|-supereffective|p2b: Ceruledge\n|-damage|p2b: Ceruledge|54\/100\n|\n|upkeep\n|turn|2\n|inactive|PkFreezeMaster has 30 seconds left.\n|inactive|PkFreezeMaster has 20 seconds left.\n|inactive|PkFreezeMaster has 15 seconds left.\n|inactive|PkFreezeMaster has 10 seconds left.\n|inactive|PkFreezeMaster has 5 seconds left.\n|\n|t:|1683898814\n|-terastallize|p2b: Ceruledge|Grass\n|move|p1a: Baxcalibur|Icicle Spear|p2a: Wo-Chien\n|-supereffective|p2a: Wo-Chien\n|-end|p2a: Wo-Chien|Substitute\n|-supereffective|p2a: Wo-Chien\n|-damage|p2a: Wo-Chien|81\/100\n|-supereffective|p2a: Wo-Chien\n|-damage|p2a: Wo-Chien|59\/100\n|-supereffective|p2a: Wo-Chien\n|-damage|p2a: Wo-Chien|39\/100\n|-supereffective|p2a: Wo-Chien\n|-damage|p2a: Wo-Chien|19\/100\n|-hitcount|p2a: Wo-Chien|5\n|move|p2b: Ceruledge|Bulk Up|p2b: Ceruledge\n|-boost|p2b: Ceruledge|atk|1\n|-boost|p2b: Ceruledge|def|1\n|move|p2a: Wo-Chien|Leech Seed|p1b: Ting-Lu|[miss]\n|-miss|p2a: Wo-Chien|p1b: Ting-Lu\n|move|p1b: Ting-Lu|Stomping Tantrum|p2b: Ceruledge\n|-resisted|p2b: Ceruledge\n|-damage|p2b: Ceruledge|46\/100\n|\n|-heal|p2a: Wo-Chien|25\/100|[from] item: Leftovers\n|upkeep\n|turn|3\n|inactive|PkFreezeMaster has 30 seconds left.\n|inactive|mfDOOMvmax has 30 seconds left.\n|inactive|PkFreezeMaster has 20 seconds left.\n|inactive|PkFreezeMaster has 15 seconds left.\n|inactive|PkFreezeMaster has 10 seconds left.\n|inactive|PkFreezeMaster has 5 seconds left.\n|\n|t:|1683898869\n|move|p2a: Wo-Chien|Protect|p2a: Wo-Chien\n|-singleturn|p2a: Wo-Chien|Protect\n|move|p1a: Baxcalibur|Icicle Spear|p2b: Ceruledge\n|-supereffective|p2b: Ceruledge\n|-damage|p2b: Ceruledge|32\/100\n|-supereffective|p2b: Ceruledge\n|-damage|p2b: Ceruledge|18\/100\n|-supereffective|p2b: Ceruledge\n|-damage|p2b: Ceruledge|3\/100\n|-supereffective|p2b: Ceruledge\n|-damage|p2b: Ceruledge|0 fnt\n|faint|p2b: Ceruledge\n|-hitcount|p2: Ceruledge|4\n|move|p1b: Ting-Lu|Stomping Tantrum|p2a: Wo-Chien\n|-activate|p2a: Wo-Chien|move: Protect\n|\n|-heal|p2a: Wo-Chien|32\/100|[from] item: Leftovers\n|upkeep\n|\n|t:|1683898883\n|switch|p2b: Tyranitar|Tyranitar, L50, M, shiny|100\/100\n|-weather|Sandstorm|[from] ability: Sand Stream|[of] p2b: Tyranitar\n|turn|4\n|inactive|PkFreezeMaster has 30 seconds left.\n|\n|t:|1683898912\n|switch|p2a: Orthworm|Orthworm, L50, F, shiny|30\/100\n|move|p1a: Baxcalibur|Icicle Spear|p2a: Orthworm\n|-resisted|p2a: Orthworm\n|-damage|p2a: Orthworm|24\/100\n|-resisted|p2a: Orthworm\n|-damage|p2a: Orthworm|19\/100\n|-resisted|p2a: Orthworm\n|-damage|p2a: Orthworm|14\/100\n|-resisted|p2a: Orthworm\n|-crit|p2a: Orthworm\n|-damage|p2a: Orthworm|6\/100\n|-hitcount|p2a: Orthworm|4\n|move|p2b: Tyranitar|Rock Slide|p1b: Ting-Lu|[spread] p1b\n|-miss|p2b: Tyranitar|p1a: Baxcalibur\n|-resisted|p1b: Ting-Lu\n|-damage|p1b: Ting-Lu|84\/100\n|move|p1b: Ting-Lu|Fissure|p2b: Tyranitar\n|-damage|p2b: Tyranitar|0 fnt\n|faint|p2b: Tyranitar\n|-ohko\n|\n|-weather|Sandstorm|[upkeep]\n|-damage|p1a: Baxcalibur|95\/100|[from] Sandstorm\n|upkeep\n|c|\u2606PkFreezeMaster|How are u losing?\n|c|\u2606PkFreezeMaster|I was afk lol\n|c|\u2606mfDOOMvmax|horrible rng\n|inactive|mfDOOMvmax has 30 seconds left.\n|\n|t:|1683898938\n|switch|p2b: Wo-Chien|Wo-Chien, L50|32\/100\n|-ability|p2b: Wo-Chien|Tablets of Ruin\n|turn|5\n|\n|t:|1683898956\n|move|p1a: Baxcalibur|Icicle Spear|p2b: Wo-Chien\n|-supereffective|p2b: Wo-Chien\n|-damage|p2b: Wo-Chien|12\/100\n|-supereffective|p2b: Wo-Chien\n|-damage|p2b: Wo-Chien|0 fnt\n|faint|p2b: Wo-Chien\n|-hitcount|p2: Wo-Chien|2\n|move|p2a: Orthworm|Body Press|p1a: Baxcalibur\n|-supereffective|p1a: Baxcalibur\n|-damage|p1a: Baxcalibur|45\/100\n|move|p1b: Ting-Lu|Stomping Tantrum|p2a: Orthworm\n|-heal|p2a: Orthworm|30\/100|[from] ability: Earth Eater|[of] p1b: Ting-Lu\n|\n|-weather|Sandstorm|[upkeep]\n|-damage|p1a: Baxcalibur|39\/100|[from] Sandstorm\n|upkeep\n|turn|6\n|\n|t:|1683898972\n|move|p1a: Baxcalibur|Icicle Spear|p2a: Orthworm\n|-resisted|p2a: Orthworm\n|-damage|p2a: Orthworm|25\/100\n|-resisted|p2a: Orthworm\n|-damage|p2a: Orthworm|21\/100\n|-resisted|p2a: Orthworm\n|-damage|p2a: Orthworm|16\/100\n|-resisted|p2a: Orthworm\n|-damage|p2a: Orthworm|11\/100\n|-resisted|p2a: Orthworm\n|-damage|p2a: Orthworm|6\/100\n|-hitcount|p2a: Orthworm|5\n|move|p2a: Orthworm|Body Press|p1a: Baxcalibur\n|-supereffective|p1a: Baxcalibur\n|-damage|p1a: Baxcalibur|0 fnt\n|faint|p1a: Baxcalibur\n|move|p1b: Ting-Lu|Heavy Slam|p2a: Orthworm\n|-resisted|p2a: Orthworm\n|-crit|p2a: Orthworm\n|-damage|p2a: Orthworm|0 fnt\n|-damage|p1b: Ting-Lu|67\/100|[from] item: Rocky Helmet|[of] p2a: Orthworm\n|faint|p2a: Orthworm\n|\n|win|PkFreezeMaster\n|raw|PkFreezeMaster's rating: 1216 → 1241<\/strong> (+25 for winning)\n|raw|mfDOOMvmax's rating: 1216 → 1191<\/strong> (-25 for losing)\n|c|\u2606PkFreezeMaster|Lol\n","uploadtime":1683898981,"views":10,"p1id":"pkfreezemaster","p2id":"mfdoomvmax","formatid":"gen9vgc2023regulationc","rating":1191,"private":0,"password":""}