{"id":"gen9vgc2023regulationc-1862896562","p1":"HathiVGC","p2":"wyvernthepumpkin","format":"[Gen 9] VGC 2023 Regulation C","log":"|j|\u2606HathiVGC\n|j|\u2606wyvernthepumpkin\n|t:|1683935250\n|gametype|doubles\n|player|p1|HathiVGC|hiker-gen4|1155\n|player|p2|wyvernthepumpkin|drayden|1136\n|teamsize|p1|6\n|teamsize|p2|6\n|gen|9\n|tier|[Gen 9] VGC 2023 Regulation C\n|rated|\n|rule|Species Clause: Limit one of each Pok\u00e9mon\n|rule|Item Clause: Limit one of each item\n|clearpoke\n|poke|p1|Ting-Lu, L50|\n|poke|p1|Chien-Pao, L50|\n|poke|p1|Chi-Yu, L50|\n|poke|p1|Dragonite, L50, M|\n|poke|p1|Amoonguss, L50, F|\n|poke|p1|Kingambit, L50, M|\n|poke|p2|Klefki, L50, F|\n|poke|p2|Dudunsparce-*, L50, M|\n|poke|p2|Oricorio-Sensu, L50, M|\n|poke|p2|Masquerain, L50, F|\n|poke|p2|Great Tusk, L50|\n|poke|p2|Iron Thorns, L50|\n|teampreview|4\n|c|\u2606wyvernthepumpkin|you look very smart how do you build teams?\n|\n|t:|1683935284\n|start\n|switch|p1a: Ting-Lu|Ting-Lu, L50|100\/100\n|switch|p1b: Dragonite|Dragonite, L50, M|100\/100\n|switch|p2a: Dudunsparce|Dudunsparce-Three-Segment, L50, M|100\/100\n|switch|p2b: Klefki|Klefki, L50, F|100\/100\n|-ability|p1a: Ting-Lu|Vessel of Ruin\n|turn|1\n|inactive|Battle timer is ON: inactive players will automatically lose when time's up. (requested by HathiVGC)\n|\n|t:|1683935314\n|move|p1b: Dragonite|Protect|p1b: Dragonite\n|-singleturn|p1b: Dragonite|Protect\n|move|p2b: Klefki|Reflect|p2b: Klefki\n|-sidestart|p2: wyvernthepumpkin|Reflect\n|move|p2a: Dudunsparce|Coil|p2a: Dudunsparce\n|-boost|p2a: Dudunsparce|atk|1\n|-boost|p2a: Dudunsparce|def|1\n|-boost|p2a: Dudunsparce|accuracy|1\n|move|p1a: Ting-Lu|Fissure|p2b: Klefki\n|-damage|p2b: Klefki|0 fnt\n|faint|p2b: Klefki\n|-ohko\n|\n|upkeep\n|\n|t:|1683935339\n|switch|p2b: Great Tusk|Great Tusk, L50|100\/100\n|turn|2\n|\n|t:|1683935360\n|move|p2b: Great Tusk|Close Combat|p1a: Ting-Lu\n|-supereffective|p1a: Ting-Lu\n|-crit|p1a: Ting-Lu\n|-damage|p1a: Ting-Lu|0 fnt\n|-unboost|p2b: Great Tusk|def|1\n|-unboost|p2b: Great Tusk|spd|1\n|faint|p1a: Ting-Lu\n|move|p1b: Dragonite|Ice Spinner|p2b: Great Tusk\n|-supereffective|p2b: Great Tusk\n|-damage|p2b: Great Tusk|53\/100\n|move|p2a: Dudunsparce|Coil|p2a: Dudunsparce\n|-boost|p2a: Dudunsparce|atk|1\n|-boost|p2a: Dudunsparce|def|1\n|-boost|p2a: Dudunsparce|accuracy|1\n|\n|upkeep\n|\n|t:|1683935372\n|switch|p1a: Chien-Pao|Chien-Pao, L50|100\/100\n|-ability|p1a: Chien-Pao|Sword of Ruin\n|turn|3\n|inactive|wyvernthepumpkin has 30 seconds left.\n|\n|t:|1683935399\n|-terastallize|p1a: Chien-Pao|Water\n|move|p1a: Chien-Pao|Ice Spinner|p2b: Great Tusk\n|-supereffective|p2b: Great Tusk\n|-damage|p2b: Great Tusk|0 fnt\n|faint|p2b: Great Tusk\n|-end|p2b: Great Tusk|Protosynthesis|[silent]\n|move|p1b: Dragonite|Ice Spinner|p2a: Dudunsparce\n|-damage|p2a: Dudunsparce|91\/100\n|move|p2a: Dudunsparce|Hyper Drill|p1a: Chien-Pao\n|-damage|p1a: Chien-Pao|11\/100\n|\n|-heal|p2a: Dudunsparce|97\/100|[from] item: Leftovers\n|upkeep\n|\n|t:|1683935410\n|switch|p2b: Iron Thorns|Iron Thorns, L50|100\/100\n|turn|4\n|\n|t:|1683935425\n|switch|p1a: Chi-Yu|Chi-Yu, L50|100\/100\n|-ability|p1a: Chi-Yu|Beads of Ruin\n|move|p2b: Iron Thorns|Dragon Dance|p2b: Iron Thorns\n|-boost|p2b: Iron Thorns|atk|1\n|-boost|p2b: Iron Thorns|spe|1\n|move|p1b: Dragonite|Ice Spinner|p2a: Dudunsparce\n|-damage|p2a: Dudunsparce|89\/100\n|move|p2a: Dudunsparce|Hyper Drill|p1a: Chi-Yu\n|-crit|p1a: Chi-Yu\n|-damage|p1a: Chi-Yu|0 fnt\n|faint|p1a: Chi-Yu\n|\n|-heal|p2a: Dudunsparce|95\/100|[from] item: Leftovers\n|upkeep\n|\n|t:|1683935438\n|switch|p1a: Chien-Pao|Chien-Pao, L50, tera:Water|11\/100\n|-ability|p1a: Chien-Pao|Sword of Ruin\n|turn|5\n|\n|t:|1683935450\n|-terastallize|p2b: Iron Thorns|Rock\n|move|p1a: Chien-Pao|Sacred Sword|p2b: Iron Thorns\n|-supereffective|p2b: Iron Thorns\n|-damage|p2b: Iron Thorns|36\/100\n|move|p2b: Iron Thorns|Rock Blast|p1b: Dragonite\n|-supereffective|p1b: Dragonite\n|-damage|p1b: Dragonite|61\/100\n|-supereffective|p1b: Dragonite\n|-damage|p1b: Dragonite|0 fnt\n|faint|p1b: Dragonite\n|-hitcount|p1: Dragonite|2\n|move|p2a: Dudunsparce|Hyper Drill|p1a: Chien-Pao\n|-damage|p1a: Chien-Pao|0 fnt\n|faint|p1a: Chien-Pao\n|\n|win|wyvernthepumpkin\n|raw|HathiVGC's rating: 1155 → 1129<\/strong> (-26 for losing)\n|raw|wyvernthepumpkin's rating: 1136 → 1162<\/strong> (+26 for winning)\n|l|\u2606HathiVGC\n","uploadtime":1683935466,"views":13,"p1id":"hathivgc","p2id":"wyvernthepumpkin","formatid":"gen9vgc2023regulationc","rating":1129,"private":0,"password":""}