{"id":"gen9vgc2023regulationc-1852140938","p1":"Granny Bacon","p2":"Lewlo","format":"[Gen 9] VGC 2023 Regulation C","log":"|j|\u2606Granny Bacon\n|j|\u2606Lewlo\n|t:|1682527499\n|gametype|doubles\n|player|p1|Granny Bacon|2|1251\n|player|p2|Lewlo|pokemonbreeder-gen4|1333\n|teamsize|p1|6\n|teamsize|p2|6\n|gen|9\n|tier|[Gen 9] VGC 2023 Regulation C\n|rated|\n|rule|Species Clause: Limit one of each Pok\u00e9mon\n|rule|Item Clause: Limit one of each item\n|clearpoke\n|poke|p1|Pelipper, L50, M|\n|poke|p1|Kilowattrel, L50, F|\n|poke|p1|Orthworm, L50, F|\n|poke|p1|Ting-Lu, L50|\n|poke|p1|Flutter Mane, L50|\n|poke|p1|Gyarados, L50, M|\n|poke|p2|Chien-Pao, L50|\n|poke|p2|Dragonite, L50, F|\n|poke|p2|Azumarill, L50, M|\n|poke|p2|Amoonguss, L50, F|\n|poke|p2|Arcanine, L50, M|\n|poke|p2|Flutter Mane, L50|\n|teampreview|4\n|inactive|Battle timer is ON: inactive players will automatically lose when time's up. (requested by Lewlo)\nLewlo has agreed to open team sheets.\n|c|\u2606Lewlo|A Yogscast fan I see\n|c|\u2606Lewlo|glhf\n|inactive|Granny Bacon has 60 seconds left.\n|inactive|Lewlo has 60 seconds left.\n|c|\u2606Granny Bacon|Haha yes\n|inactive|Lewlo has 30 seconds left.\n|\n|t:|1682527566\n|start\n|switch|p1a: Orthworm|Orthworm, L50, F|100\/100\n|switch|p1b: Gyarados|Gyarados, L50, M|100\/100\n|switch|p2a: Dragonite|Dragonite, L50, F|100\/100\n|switch|p2b: Chien-Pao|Chien-Pao, L50|100\/100\n|-ability|p2b: Chien-Pao|Sword of Ruin\n|-ability|p1b: Gyarados|Intimidate|boost\n|-fail|p2a: Dragonite|unboost|Attack|[from] ability: Inner Focus|[of] p2a: Dragonite\n|-unboost|p2b: Chien-Pao|atk|1\n|turn|1\n|c|\u2606Granny Bacon|No one ever gets that\n|inactive|Granny Bacon has 30 seconds left.\n|inactive|Lewlo has 30 seconds left.\n|\n|t:|1682527598\n|switch|p2b: Arcanine|Arcanine, L50, M|100\/100\n|-ability|p2b: Arcanine|Intimidate|boost\n|-unboost|p1a: Orthworm|atk|1\n|-unboost|p1b: Gyarados|atk|1\n|-terastallize|p1a: Orthworm|Poison\n|move|p2a: Dragonite|Protect|p2a: Dragonite\n|-singleturn|p2a: Dragonite|Protect\n|move|p1b: Gyarados|Earthquake|p2b: Arcanine|[spread] p2b\n|-activate|p2a: Dragonite|move: Protect\n|-immune|p1a: Orthworm|[from] ability: Earth Eater\n|-supereffective|p2b: Arcanine\n|-damage|p2b: Arcanine|65\/100\n|move|p1a: Orthworm|Iron Defense|p1a: Orthworm\n|-boost|p1a: Orthworm|def|2\n|\n|upkeep\n|turn|2\n|inactive|Lewlo has 30 seconds left.\n|c|\u2606Lewlo|Kids these days, they never can apprciate the true arts\n|inactive|Lewlo has 20 seconds left.\n|c|\u2606Granny Bacon|Lol\n|inactive|Lewlo has 15 seconds left.\n|inactive|Lewlo has 10 seconds left.\n|\n|t:|1682527646\n|switch|p2a: Amoonguss|Amoonguss, L50, F|100\/100\n|-terastallize|p2b: Arcanine|Grass\n|move|p2b: Arcanine|Will-O-Wisp|p1b: Gyarados\n|-status|p1b: Gyarados|brn\n|move|p1b: Gyarados|Earthquake|p2a: Amoonguss|[spread] p2a,p2b\n|-immune|p1a: Orthworm|[from] ability: Earth Eater\n|-resisted|p2b: Arcanine\n|-damage|p2a: Amoonguss|93\/100\n|-damage|p2b: Arcanine|60\/100\n|move|p1a: Orthworm|Iron Defense|p1a: Orthworm\n|-boost|p1a: Orthworm|def|2\n|\n|-damage|p1b: Gyarados|95\/100 brn|[from] brn\n|upkeep\n|turn|3\n|\n|t:|1682527668\n|move|p2b: Arcanine|Heat Wave|p1a: Orthworm|[spread] p1a,p1b\n|-resisted|p1b: Gyarados\n|-crit|p1b: Gyarados\n|-damage|p1a: Orthworm|75\/100\n|-damage|p1b: Gyarados|78\/100 brn\n|move|p1b: Gyarados|Taunt|p2a: Amoonguss\n|-start|p2a: Amoonguss|move: Taunt\n|move|p1a: Orthworm|Iron Defense|p1a: Orthworm\n|-boost|p1a: Orthworm|def|2\n|move|p2a: Amoonguss|Clear Smog|p1a: Orthworm\n|-resisted|p1a: Orthworm\n|-crit|p1a: Orthworm\n|-damage|p1a: Orthworm|64\/100\n|-clearboost|p1a: Orthworm\n|\n|-heal|p1a: Orthworm|71\/100|[from] item: Leftovers\n|-damage|p1b: Gyarados|72\/100 brn|[from] brn\n|upkeep\n|turn|4\n|\n|t:|1682527692\n|move|p2b: Arcanine|Will-O-Wisp|p1a: Orthworm\n|-status|p1a: Orthworm|brn\n|move|p1b: Gyarados|Earthquake|p2a: Amoonguss|[spread] p2a,p2b\n|-heal|p1a: Orthworm|95\/100 brn|[from] ability: Earth Eater|[of] p1b: Gyarados\n|-resisted|p2b: Arcanine\n|-crit|p2b: Arcanine\n|-damage|p2a: Amoonguss|85\/100\n|-damage|p2b: Arcanine|50\/100\n|move|p1a: Orthworm|Iron Defense|p1a: Orthworm\n|-boost|p1a: Orthworm|def|2\n|move|p2a: Amoonguss|Pollen Puff|p2b: Arcanine\n|-heal|p2b: Arcanine|100\/100\n|\n|-heal|p1a: Orthworm|100\/100 brn|[from] item: Leftovers\n|-damage|p1b: Gyarados|66\/100 brn|[from] brn\n|-damage|p1a: Orthworm|94\/100 brn|[from] brn\n|upkeep\n|turn|5\n|\n|t:|1682527717\n|switch|p1b: Pelipper|Pelipper, L50, M|100\/100\n|-weather|RainDance|[from] ability: Drizzle|[of] p1b: Pelipper\n|move|p1a: Orthworm|Protect|p1a: Orthworm\n|-singleturn|p1a: Orthworm|Protect\n|move|p2b: Arcanine|Heat Wave|p1b: Pelipper|[spread] \n|-activate|p1a: Orthworm|move: Protect\n|-miss|p2b: Arcanine|p1b: Pelipper\n|move|p2a: Amoonguss|Pollen Puff|p2b: Arcanine\n|-immune|p2b: Arcanine\n|\n|-weather|RainDance|[upkeep]\n|-heal|p1a: Orthworm|100\/100 brn|[from] item: Leftovers\n|-damage|p1a: Orthworm|94\/100 brn|[from] brn\n|-end|p2a: Amoonguss|move: Taunt\n|upkeep\n|turn|6\n|inactive|Granny Bacon has 30 seconds left.\n|\n|t:|1682527747\n|move|p2b: Arcanine|Snarl|p1b: Pelipper|[spread] p1a,p1b\n|-damage|p1a: Orthworm|83\/100 brn\n|-damage|p1b: Pelipper|85\/100\n|-unboost|p1a: Orthworm|spa|1\n|-unboost|p1b: Pelipper|spa|1\n|move|p1b: Pelipper|Hurricane|p2a: Amoonguss\n|-supereffective|p2a: Amoonguss\n|-damage|p2a: Amoonguss|25\/100\n|move|p1a: Orthworm|Body Press|p2a: Amoonguss\n|-resisted|p2a: Amoonguss\n|-damage|p2a: Amoonguss|14\/100\n|-damage|p1a: Orthworm|67\/100 brn|[from] item: Rocky Helmet|[of] p2a: Amoonguss\n|move|p2a: Amoonguss|Spore|p1b: Pelipper\n|-status|p1b: Pelipper|slp|[from] move: Spore\n|\n|-weather|RainDance|[upkeep]\n|-heal|p1a: Orthworm|73\/100 brn|[from] item: Leftovers\n|-damage|p1a: Orthworm|67\/100 brn|[from] brn\n|upkeep\n|turn|7\n|inactive|Granny Bacon has 30 seconds left.\n|inactive|Granny Bacon has 20 seconds left.\n|inactive|Granny Bacon has 15 seconds left.\n|\n|t:|1682527788\n|switch|p2a: Dragonite|Dragonite, L50, F|100\/100\n|move|p2b: Arcanine|Snarl|p1b: Pelipper|[spread] p1a,p1b\n|-damage|p1a: Orthworm|55\/100 brn\n|-damage|p1b: Pelipper|71\/100 slp\n|-unboost|p1a: Orthworm|spa|1\n|-unboost|p1b: Pelipper|spa|1\n|move|p1a: Orthworm|Body Press|p2b: Arcanine\n|-damage|p2b: Arcanine|76\/100\n|cant|p1b: Pelipper|slp\n|\n|-weather|RainDance|[upkeep]\n|-heal|p1a: Orthworm|62\/100 brn|[from] item: Leftovers\n|-damage|p1a: Orthworm|55\/100 brn|[from] brn\n|upkeep\n|turn|8\n|inactive|Granny Bacon has 30 seconds left.\n|\n|t:|1682527816\n|switch|p2b: Amoonguss|Amoonguss, L50, F|48\/100\n|switch|p1b: Gyarados|Gyarados, L50, M|66\/100 brn\n|-ability|p1b: Gyarados|Intimidate|boost\n|-fail|p2a: Dragonite|unboost|Attack|[from] ability: Inner Focus|[of] p2a: Dragonite\n|-unboost|p2b: Amoonguss|atk|1\n|move|p2a: Dragonite|Extreme Speed|p1b: Gyarados\n|-damage|p1b: Gyarados|32\/100 brn\n|-enditem|p1b: Gyarados|Sitrus Berry|[eat]\n|-heal|p1b: Gyarados|57\/100 brn|[from] item: Sitrus Berry\n|move|p1a: Orthworm|Iron Defense|p1a: Orthworm\n|-boost|p1a: Orthworm|def|2\n|\n|-weather|RainDance|[upkeep]\n|-heal|p1a: Orthworm|62\/100 brn|[from] item: Leftovers\n|-damage|p1b: Gyarados|51\/100 brn|[from] brn\n|-damage|p1a: Orthworm|55\/100 brn|[from] brn\n|upkeep\n|turn|9\n|inactive|Granny Bacon has 30 seconds left.\n|inactive|Lewlo has 30 seconds left.\n|inactive|Lewlo has 20 seconds left.\n|\n|t:|1682527858\n|move|p2a: Dragonite|Protect|p2a: Dragonite\n|-singleturn|p2a: Dragonite|Protect\n|move|p1a: Orthworm|Protect|p1a: Orthworm\n|-singleturn|p1a: Orthworm|Protect\n|move|p1b: Gyarados|Waterfall|p2a: Dragonite\n|-activate|p2a: Dragonite|move: Protect\n|move|p2b: Amoonguss|Clear Smog|p1a: Orthworm\n|-activate|p1a: Orthworm|move: Protect\n|\n|-weather|RainDance|[upkeep]\n|-heal|p1a: Orthworm|62\/100 brn|[from] item: Leftovers\n|-damage|p1b: Gyarados|45\/100 brn|[from] brn\n|-damage|p1a: Orthworm|55\/100 brn|[from] brn\n|upkeep\n|turn|10\n|inactive|Granny Bacon has 30 seconds left.\n|\n|t:|1682527884\n|move|p2a: Dragonite|Extreme Speed|p1b: Gyarados\n|-damage|p1b: Gyarados|9\/100 brn\n|move|p1b: Gyarados|Earthquake|p2b: Amoonguss|[spread] p2b\n|-heal|p1a: Orthworm|80\/100 brn|[from] ability: Earth Eater|[of] p1b: Gyarados\n|-immune|p2a: Dragonite\n|-damage|p2b: Amoonguss|36\/100\n|move|p1a: Orthworm|Heavy Slam|p2b: Amoonguss\n|-damage|p2b: Amoonguss|22\/100\n|-damage|p1a: Orthworm|64\/100 brn|[from] item: Rocky Helmet|[of] p2b: Amoonguss\n|move|p2b: Amoonguss|Clear Smog|p1a: Orthworm\n|-resisted|p1a: Orthworm\n|-damage|p1a: Orthworm|56\/100 brn\n|-clearboost|p1a: Orthworm\n|\n|-weather|RainDance|[upkeep]\n|-heal|p1a: Orthworm|63\/100 brn|[from] item: Leftovers\n|-damage|p1b: Gyarados|3\/100 brn|[from] brn\n|-damage|p1a: Orthworm|56\/100 brn|[from] brn\n|upkeep\n|turn|11\n|inactive|Granny Bacon has 30 seconds left.\n|inactive|Granny Bacon has 20 seconds left.\n|inactive|Granny Bacon has 15 seconds left.\n|inactive|Granny Bacon has 10 seconds left.\n|inactive|Granny Bacon has 5 seconds left.\n|\n|t:|1682527935\n|switch|p2b: Chien-Pao|Chien-Pao, L50|100\/100\n|-ability|p2b: Chien-Pao|Sword of Ruin\n|move|p1a: Orthworm|Protect|p1a: Orthworm\n|-singleturn|p1a: Orthworm|Protect\n|move|p2a: Dragonite|Extreme Speed|p1a: Orthworm\n|-activate|p1a: Orthworm|move: Protect\n|move|p1b: Gyarados|Waterfall|p2a: Dragonite\n|-resisted|p2a: Dragonite\n|-damage|p2a: Dragonite|80\/100\n|\n|-weather|RainDance|[upkeep]\n|-heal|p1a: Orthworm|63\/100 brn|[from] item: Leftovers\n|-damage|p1b: Gyarados|0 fnt|[from] brn\n|faint|p1b: Gyarados\n|-damage|p1a: Orthworm|56\/100 brn|[from] brn\n|upkeep\n|\n|t:|1682527957\n|switch|p1b: Ting-Lu|Ting-Lu, L50|100\/100\n|-ability|p1b: Ting-Lu|Vessel of Ruin\n|turn|12\n|\n|t:|1682527965\n|move|p2a: Dragonite|Extreme Speed|p1a: Orthworm\n|-damage|p1a: Orthworm|24\/100 brn\n|move|p2b: Chien-Pao|Ice Spinner|p1b: Ting-Lu\n|-supereffective|p1b: Ting-Lu\n|-damage|p1b: Ting-Lu|45\/100\n|move|p1a: Orthworm|Iron Defense|p1a: Orthworm\n|-boost|p1a: Orthworm|def|2\n|move|p1b: Ting-Lu|Earthquake|p2b: Chien-Pao|[spread] p2b\n|-heal|p1a: Orthworm|49\/100 brn|[from] ability: Earth Eater|[of] p1b: Ting-Lu\n|-immune|p2a: Dragonite\n|-damage|p2b: Chien-Pao|47\/100\n|\n|-weather|none\n|-heal|p1a: Orthworm|55\/100 brn|[from] item: Leftovers\n|-damage|p1a: Orthworm|49\/100 brn|[from] brn\n|upkeep\n|turn|13\n|inactive|Granny Bacon has 30 seconds left.\n|\n|t:|1682527995\n|switch|p2a: Amoonguss|Amoonguss, L50, F|55\/100\n|move|p2b: Chien-Pao|Ice Spinner|p1b: Ting-Lu\n|-supereffective|p1b: Ting-Lu\n|-crit|p1b: Ting-Lu\n|-damage|p1b: Ting-Lu|0 fnt\n|faint|p1b: Ting-Lu\n|move|p1a: Orthworm|Iron Defense|p1a: Orthworm\n|-boost|p1a: Orthworm|def|2\n|\n|-heal|p1a: Orthworm|55\/100 brn|[from] item: Leftovers\n|-damage|p1a: Orthworm|49\/100 brn|[from] brn\n|upkeep\n|\n|t:|1682528007\n|switch|p1b: Pelipper|Pelipper, L50, M|71\/100 slp\n|-weather|RainDance|[from] ability: Drizzle|[of] p1b: Pelipper\n|turn|14\n|\n|t:|1682528019\n|cant|p1b: Pelipper|slp\n|move|p1a: Orthworm|Protect|p1a: Orthworm\n|-singleturn|p1a: Orthworm|Protect\n|move|p2b: Chien-Pao|Sacred Sword|p1a: Orthworm\n|-activate|p1a: Orthworm|move: Protect\n|move|p2a: Amoonguss|Pollen Puff|p2b: Chien-Pao\n|-heal|p2b: Chien-Pao|97\/100\n|\n|-weather|RainDance|[upkeep]\n|-heal|p1a: Orthworm|55\/100 brn|[from] item: Leftovers\n|-damage|p1a: Orthworm|49\/100 brn|[from] brn\n|upkeep\n|turn|15\n|inactive|Granny Bacon has 30 seconds left.\n|inactive|Granny Bacon has 20 seconds left.\n|\n|t:|1682528040\n|switch|p2a: Dragonite|Dragonite, L50, F|80\/100\n|move|p2b: Chien-Pao|Sacred Sword|p1a: Orthworm\n|-resisted|p1a: Orthworm\n|-damage|p1a: Orthworm|34\/100 brn\n|cant|p1b: Pelipper|slp\n|move|p1a: Orthworm|Body Press|p2b: Chien-Pao\n|-supereffective|p2b: Chien-Pao\n|-crit|p2b: Chien-Pao\n|-damage|p2b: Chien-Pao|0 fnt\n|faint|p2b: Chien-Pao\n|\n|-weather|RainDance|[upkeep]\n|-heal|p1a: Orthworm|41\/100 brn|[from] item: Leftovers\n|-damage|p1a: Orthworm|34\/100 brn|[from] brn\n|upkeep\n|inactive|Granny Bacon has 20 seconds left this turn.\n|\n|t:|1682528049\n|switch|p2b: Amoonguss|Amoonguss, L50, F|89\/100\n|turn|16\n|inactive|Granny Bacon has 20 seconds left this turn.\n|inactive|Granny Bacon has 15 seconds left.\n|inactive|Granny Bacon has 10 seconds left.\n|inactive|Granny Bacon has 5 seconds left.\n|-message|Granny Bacon lost due to inactivity.\n|\n|win|Lewlo\n|raw|Granny Bacon's rating: 1251 → 1232<\/strong> (-19 for losing)\n|raw|Lewlo's rating: 1333 → 1348<\/strong> (+15 for winning)\n|c|\u2606Lewlo|gg mate\n|c|\u2606Granny Bacon|Soz gg\n|c|\u2606Granny Bacon|Very distracted\n|c|\u2606Lewlo|It be like that sometimes\n|c|\u2606Lewlo|You have a very nice team ^_^\n|c|\u2606Lewlo|I wish you luck out there\n","uploadtime":1682528163,"views":15,"p1id":"grannybacon","p2id":"lewlo","formatid":"gen9vgc2023regulationc","rating":1232,"private":0,"password":""}