{"id":"gen9vgc2023regulationc-1848790058","p1":"Sprye0216","p2":"Gengars Destiny","format":"[Gen 9] VGC 2023 Regulation C","log":"|j|\u2606Sprye0216\n|j|\u2606Gengars Destiny\n|t:|1682110627\n|gametype|doubles\n|player|p1|Sprye0216|skyla|1185\n|player|p2|Gengars Destiny|steven|1253\n|teamsize|p1|6\n|teamsize|p2|6\n|gen|9\n|tier|[Gen 9] VGC 2023 Regulation C\n|rated|\n|rule|Species Clause: Limit one of each Pok\u00e9mon\n|rule|Item Clause: Limit one of each item\n|clearpoke\n|poke|p1|Amoonguss, L50, F|\n|poke|p1|Gyarados, L50, M|\n|poke|p1|Talonflame, L50, M|\n|poke|p1|Garchomp, L50, F|\n|poke|p1|Flutter Mane, L50|\n|poke|p1|Ting-Lu, L50|\n|poke|p2|Palafin, L50, M|\n|poke|p2|Flutter Mane, L50|\n|poke|p2|Arcanine, L50, M|\n|poke|p2|Amoonguss, L50, F|\n|poke|p2|Ting-Lu, L50|\n|poke|p2|Roaring Moon, L50|\n|teampreview|4\nSprye0216 has agreed to open team sheets.\nGengars Destiny has agreed to open team sheets.\n|\n|t:|1682110707\n|start\n|switch|p1a: Talonflame|Talonflame, L50, M|100\/100\n|switch|p1b: Garchomp|Garchomp, L50, F|100\/100\n|switch|p2a: Flutter Mane|Flutter Mane, L50|100\/100\n|switch|p2b: Palafin|Palafin, L50, M|100\/100\n|turn|1\n|\n|t:|1682110729\n|detailschange|p2b: Palafin|Palafin-Hero, L50, M\n|switch|p2b: Ting-Lu|Ting-Lu, L50|100\/100\n|-ability|p2b: Ting-Lu|Vessel of Ruin\n|move|p2a: Flutter Mane|Protect|p2a: Flutter Mane\n|-singleturn|p2a: Flutter Mane|Protect\n|move|p1b: Garchomp|Protect|p1b: Garchomp\n|-singleturn|p1b: Garchomp|Protect\n|move|p1a: Talonflame|Will-O-Wisp|p2b: Ting-Lu\n|-status|p2b: Ting-Lu|brn\n|\n|-damage|p2b: Ting-Lu|94\/100 brn|[from] brn\n|upkeep\n|turn|2\n|\n|t:|1682110762\n|-terastallize|p1b: Garchomp|Fire\n|move|p1a: Talonflame|Tailwind|p1a: Talonflame\n|-sidestart|p1: Sprye0216|move: Tailwind\n|move|p1b: Garchomp|Earthquake|p2b: Ting-Lu|[spread] p2a,p2b\n|-immune|p1a: Talonflame\n|-enditem|p2a: Flutter Mane|Focus Sash\n|-damage|p2a: Flutter Mane|1\/100\n|-damage|p2b: Ting-Lu|64\/100 brn\n|-damage|p1b: Garchomp|91\/100|[from] item: Life Orb\n|move|p2a: Flutter Mane|Moonblast|p1b: Garchomp\n|-resisted|p1b: Garchomp\n|-damage|p1b: Garchomp|68\/100\n|move|p2b: Ting-Lu|Ruination|p1a: Talonflame|[miss]\n|-miss|p2b: Ting-Lu|p1a: Talonflame\n|\n|-damage|p2b: Ting-Lu|57\/100 brn|[from] brn\n|upkeep\n|turn|3\n|\n|t:|1682110801\n|move|p2a: Flutter Mane|Protect|p2a: Flutter Mane\n|-singleturn|p2a: Flutter Mane|Protect\n|move|p1a: Talonflame|Taunt|p2a: Flutter Mane\n|-activate|p2a: Flutter Mane|move: Protect\n|move|p1b: Garchomp|Earthquake|p2b: Ting-Lu|[spread] p2b\n|-activate|p2a: Flutter Mane|move: Protect\n|-immune|p1a: Talonflame\n|-damage|p2b: Ting-Lu|28\/100 brn\n|-damage|p1b: Garchomp|58\/100|[from] item: Life Orb\n|move|p2b: Ting-Lu|Ruination|p1a: Talonflame\n|-damage|p1a: Talonflame|51\/100\n|\n|-damage|p2b: Ting-Lu|22\/100 brn|[from] brn\n|upkeep\n|turn|4\n|\n|t:|1682110827\n|move|p1a: Talonflame|Will-O-Wisp|p2a: Flutter Mane\n|-status|p2a: Flutter Mane|brn\n|move|p1b: Garchomp|Earthquake|p2a: Flutter Mane|[spread] p2a,p2b\n|-immune|p1a: Talonflame\n|-damage|p2a: Flutter Mane|0 fnt\n|-damage|p2b: Ting-Lu|0 fnt\n|faint|p2a: Flutter Mane\n|-end|p2a: Flutter Mane|Protosynthesis|[silent]\n|faint|p2b: Ting-Lu\n|-damage|p1b: Garchomp|49\/100|[from] item: Life Orb\n|\n|upkeep\n|\n|t:|1682110834\n|switch|p2a: Palafin|Palafin-Hero, L50, M|100\/100\n|switch|p2b: Arcanine|Arcanine, L50, M|100\/100\n|-ability|p2b: Arcanine|Intimidate|boost\n|-unboost|p1a: Talonflame|atk|1\n|-unboost|p1b: Garchomp|atk|1\n|-activate|p2a: Palafin|ability: Zero to Hero\n|turn|5\n|\n|t:|1682110849\n|switch|p1b: Gyarados|Gyarados, L50, M|100\/100\n|-ability|p1b: Gyarados|Intimidate|boost\n|-unboost|p2a: Palafin|atk|1\n|-unboost|p2b: Arcanine|atk|1\n|-terastallize|p2b: Arcanine|Grass\n|move|p2b: Arcanine|Extreme Speed|p1b: Gyarados\n|-damage|p1b: Gyarados|82\/100\n|move|p2a: Palafin|Jet Punch|p1a: Talonflame\n|-supereffective|p1a: Talonflame\n|-damage|p1a: Talonflame|0 fnt\n|faint|p1a: Talonflame\n|\n|-sideend|p1: Sprye0216|move: Tailwind\n|upkeep\n|\n|t:|1682110867\n|switch|p1a: Flutter Mane|Flutter Mane, L50|100\/100\n|-enditem|p1a: Flutter Mane|Booster Energy\n|-activate|p1a: Flutter Mane|ability: Protosynthesis|[fromitem]\n|-start|p1a: Flutter Mane|protosynthesisspa\n|turn|6\n|\n|t:|1682110884\n|move|p1a: Flutter Mane|Thunderbolt|p2a: Palafin\n|-supereffective|p2a: Palafin\n|-damage|p2a: Palafin|10\/100\n|move|p1b: Gyarados|Dragon Dance|p1b: Gyarados\n|-boost|p1b: Gyarados|atk|1\n|-boost|p1b: Gyarados|spe|1\n|move|p2b: Arcanine|Flare Blitz|p1a: Flutter Mane\n|-damage|p1a: Flutter Mane|46\/100\n|-damage|p2b: Arcanine|87\/100|[from] Recoil\n|move|p2a: Palafin|Wave Crash|p1a: Flutter Mane\n|-damage|p1a: Flutter Mane|0 fnt\n|faint|p1a: Flutter Mane\n|-end|p1a: Flutter Mane|Protosynthesis|[silent]\n|-damage|p2a: Palafin|0 fnt|[from] Recoil\n|faint|p2a: Palafin\n|\n|upkeep\n|\n|t:|1682110898\n|switch|p1a: Garchomp|Garchomp, L50, F, tera:Fire|49\/100\n|turn|7\n|\n|t:|1682110918\n|move|p1b: Gyarados|Waterfall|p2b: Arcanine\n|-resisted|p2b: Arcanine\n|-damage|p2b: Arcanine|53\/100\n|move|p1a: Garchomp|Rock Slide|p2b: Arcanine\n|-damage|p2b: Arcanine|13\/100\n|-damage|p1a: Garchomp|39\/100|[from] item: Life Orb\n|cant|p2b: Arcanine|flinch\n|\n|upkeep\n|turn|8\n|-message|Gengars Destiny forfeited.\n|\n|win|Sprye0216\n|raw|Sprye0216's rating: 1185 → 1215<\/strong> (+30 for winning)\n|raw|Gengars Destiny's rating: 1253 → 1223<\/strong> (-30 for losing)\n|l|\u2606Gengars Destiny\n","uploadtime":1682110930,"views":13,"p1id":"sprye0216","p2id":"gengarsdestiny","formatid":"gen9vgc2023regulationc","rating":1215,"private":0,"password":""}