{"id":"gen9vgc2023regulationc-1862301123","p1":"rrtgggg","p2":"Xbox_winnerYT","format":"[Gen 9] VGC 2023 Regulation C","log":"|j|\u2606rrtgggg\n|j|\u2606Xbox_winnerYT\n|t:|1683862048\n|gametype|doubles\n|player|p1|rrtgggg|101|1082\n|player|p2|Xbox_winnerYT|volkner|1126\n|teamsize|p1|6\n|teamsize|p2|6\n|gen|9\n|tier|[Gen 9] VGC 2023 Regulation C\n|rated|\n|rule|Species Clause: Limit one of each Pok\u00e9mon\n|rule|Item Clause: Limit one of each item\n|clearpoke\n|poke|p1|Wo-Chien, L50|\n|poke|p1|Flutter Mane, L50|\n|poke|p1|Ursaring, L50, F|\n|poke|p1|Farigiraf, L50, M|\n|poke|p1|Chi-Yu, L50|\n|poke|p1|Iron Bundle, L50|\n|poke|p2|Bellibolt, L50, F|\n|poke|p2|Arboliva, L50, F|\n|poke|p2|Kingambit, L50, F|\n|poke|p2|Indeedee-F, L50, F|\n|poke|p2|Armarouge, L50, F|\n|poke|p2|Gallade, L50, M|\n|teampreview|4\n|inactive|Battle timer is ON: inactive players will automatically lose when time's up. (requested by Xbox_winnerYT)\n|inactive|rrtgggg has 60 seconds left.\n|inactive|Xbox_winnerYT has 60 seconds left.\n|\n|t:|1683862108\n|start\n|switch|p1a: Iron Bundle|Iron Bundle, L50|100\/100\n|switch|p1b: Chi-Yu|Chi-Yu, L50|100\/100\n|switch|p2a: Kingambit|Kingambit, L50, F|100\/100\n|switch|p2b: Gallade|Gallade, L50, M|100\/100\n|-ability|p1b: Chi-Yu|Beads of Ruin\n|turn|1\n|inactive|rrtgggg has 30 seconds left.\n|\n|t:|1683862141\n|move|p2b: Gallade|Wide Guard|p2b: Gallade\n|-singleturn|p2b: Gallade|Wide Guard\n|move|p1a: Iron Bundle|Hydro Pump|p2a: Kingambit\n|-damage|p2a: Kingambit|34\/100\n|move|p1b: Chi-Yu|Flamethrower|p2b: Gallade\n|-crit|p2b: Gallade\n|-damage|p2b: Gallade|0 fnt\n|faint|p2b: Gallade\n|move|p2a: Kingambit|Kowtow Cleave|p1a: Iron Bundle\n|-damage|p1a: Iron Bundle|17\/100\n|-damage|p2a: Kingambit|24\/100|[from] item: Life Orb\n|\n|upkeep\n|\n|t:|1683862154\n|switch|p2b: Bellibolt|Bellibolt, L50, F|100\/100\n|turn|2\n|\n|t:|1683862170\n|move|p1a: Iron Bundle|Protect|p1a: Iron Bundle\n|-singleturn|p1a: Iron Bundle|Protect\n|move|p2a: Kingambit|Protect|p2a: Kingambit\n|-singleturn|p2a: Kingambit|Protect\n|move|p1b: Chi-Yu|Flamethrower|p2a: Kingambit\n|-activate|p2a: Kingambit|move: Protect\n|move|p2b: Bellibolt|Muddy Water|p1b: Chi-Yu|[spread] p1b\n|-activate|p1a: Iron Bundle|move: Protect\n|-supereffective|p1b: Chi-Yu\n|-damage|p1b: Chi-Yu|53\/100\n|\n|upkeep\n|turn|3\n|inactive|Xbox_winnerYT has 30 seconds left.\n|inactive|Xbox_winnerYT has 20 seconds left.\n|\n|t:|1683862209\n|-end|p1a: Iron Bundle|Quark Drive|[silent]\n|switch|p1a: Wo-Chien|Wo-Chien, L50|100\/100\n|-ability|p1a: Wo-Chien|Tablets of Ruin\n|move|p2a: Kingambit|Sucker Punch||[still]\n|-fail|p2a: Kingambit\n|move|p1b: Chi-Yu|Flamethrower|p2a: Kingambit\n|-supereffective|p2a: Kingambit\n|-damage|p2a: Kingambit|0 fnt\n|faint|p2a: Kingambit\n|move|p2b: Bellibolt|Muddy Water|p1b: Chi-Yu|[spread] p1a,p1b\n|-resisted|p1a: Wo-Chien\n|-supereffective|p1b: Chi-Yu\n|-damage|p1a: Wo-Chien|93\/100\n|-damage|p1b: Chi-Yu|0 fnt\n|faint|p1b: Chi-Yu\n|\n|-heal|p1a: Wo-Chien|99\/100|[from] item: Leftovers\n|upkeep\n|\n|t:|1683862229\n|switch|p1b: Iron Bundle|Iron Bundle, L50|17\/100\n|switch|p2a: Arboliva|Arboliva, L50, F|100\/100\n|turn|4\n|\n|t:|1683862242\n|move|p2b: Bellibolt|Protect|p2b: Bellibolt\n|-singleturn|p2b: Bellibolt|Protect\n|move|p1b: Iron Bundle|Hydro Pump|p2b: Bellibolt\n|-activate|p2b: Bellibolt|move: Protect\n|move|p1a: Wo-Chien|Leech Seed|p2b: Bellibolt\n|-activate|p2b: Bellibolt|move: Protect\n|move|p2a: Arboliva|Pollen Puff|p1a: Wo-Chien\n|-supereffective|p1a: Wo-Chien\n|-crit|p1a: Wo-Chien\n|-damage|p1a: Wo-Chien|0 fnt\n|faint|p1a: Wo-Chien\n|\n|upkeep\n|\n|t:|1683862262\n|switch|p1a: Flutter Mane|Flutter Mane, L50|100\/100\n|-enditem|p1a: Flutter Mane|Booster Energy\n|-activate|p1a: Flutter Mane|ability: Protosynthesis|[fromitem]\n|-start|p1a: Flutter Mane|protosynthesisspa\n|turn|5\n|\n|t:|1683862285\n|move|p1b: Iron Bundle|Freeze-Dry|p2b: Bellibolt\n|-damage|p2b: Bellibolt|64\/100\n|-start|p2b: Bellibolt|Charge|Freeze-Dry|[from] ability: Electromorphosis\n|move|p1a: Flutter Mane|Moonblast|p2b: Bellibolt\n|-damage|p2b: Bellibolt|0 fnt\n|faint|p2b: Bellibolt\n|move|p2a: Arboliva|Energy Ball|p1a: Flutter Mane\n|-damage|p1a: Flutter Mane|53\/100\n|\n|upkeep\n|turn|6\n|inactive|Xbox_winnerYT has 30 seconds left.\n|\n|t:|1683862311\n|-terastallize|p2a: Arboliva|Fairy\n|move|p1b: Iron Bundle|Freeze-Dry|p2a: Arboliva\n|-damage|p2a: Arboliva|79\/100\n|-fieldstart|move: Grassy Terrain|[from] ability: Seed Sower|[of] p2a: Arboliva\n|move|p1a: Flutter Mane|Mystical Fire|p2a: Arboliva\n|-damage|p2a: Arboliva|56\/100\n|-unboost|p2a: Arboliva|spa|1\n|move|p2a: Arboliva|Dazzling Gleam|p1a: Flutter Mane|[spread] p1a,p1b\n|-damage|p1a: Flutter Mane|29\/100\n|-damage|p1b: Iron Bundle|0 fnt\n|faint|p1b: Iron Bundle\n|-end|p1b: Iron Bundle|Quark Drive|[silent]\n|\n|-heal|p1a: Flutter Mane|35\/100|[from] Grassy Terrain\n|-heal|p2a: Arboliva|62\/100|[from] Grassy Terrain\n|upkeep\n|turn|7\n|inactive|rrtgggg has 30 seconds left.\n|\n|t:|1683862337\n|-terastallize|p1a: Flutter Mane|Ghost\n|move|p1a: Flutter Mane|Shadow Ball|p2a: Arboliva\n|-damage|p2a: Arboliva|13\/100\n|move|p2a: Arboliva|Energy Ball|p1a: Flutter Mane\n|-damage|p1a: Flutter Mane|0 fnt\n|faint|p1a: Flutter Mane\n|-end|p1a: Flutter Mane|Protosynthesis|[silent]\n|\n|win|Xbox_winnerYT\n|raw|rrtgggg's rating: 1082 → 1063<\/strong> (-19 for losing)\n|raw|Xbox_winnerYT's rating: 1126 → 1148<\/strong> (+22 for winning)\n","uploadtime":1683862347,"views":13,"p1id":"rrtgggg","p2id":"xboxwinneryt","formatid":"gen9vgc2023regulationc","rating":1063,"private":0,"password":""}