{"id":"gen9vgc2023regulationc-1858471257","p1":"AnwenTAB","p2":"Luchoro14","format":"[Gen 9] VGC 2023 Regulation C","log":"|j|\u2606AnwenTAB\n|j|\u2606Luchoro14\n|t:|1683315531\n|gametype|doubles\n|player|p1|AnwenTAB|266|1214\n|player|p2|Luchoro14|101|1226\n|teamsize|p1|6\n|teamsize|p2|6\n|gen|9\n|tier|[Gen 9] VGC 2023 Regulation C\n|rated|\n|rule|Species Clause: Limit one of each Pok\u00e9mon\n|rule|Item Clause: Limit one of each item\n|clearpoke\n|poke|p1|Hawlucha, L50, F|\n|poke|p1|Grimmsnarl, L50, M|\n|poke|p1|Ting-Lu, L50|\n|poke|p1|Tinkaton, L50, F|\n|poke|p1|Gyarados, L50, F|\n|poke|p1|Roaring Moon, L50|\n|poke|p2|Dudunsparce-*, L50, M|\n|poke|p2|Maushold-Four, L50|\n|poke|p2|Chi-Yu, L50|\n|poke|p2|Flutter Mane, L50|\n|poke|p2|Murkrow, L50, F|\n|poke|p2|Great Tusk, L50|\n|teampreview|4\n|\n|t:|1683315588\n|start\n|switch|p1a: Hawlucha|Hawlucha, L50, F|100\/100\n|switch|p1b: Grimmsnarl|Grimmsnarl, L50, M|100\/100\n|switch|p2a: Flutter Mane|Flutter Mane, L50|100\/100\n|switch|p2b: Chi-Yu|Chi-Yu, L50|100\/100\n|-ability|p2b: Chi-Yu|Beads of Ruin\n|turn|1\n|inactive|Battle timer is ON: inactive players will automatically lose when time's up. (requested by AnwenTAB)\n|inactive|AnwenTAB has 60 seconds left.\n|inactive|Luchoro14 has 60 seconds left.\n|\n|t:|1683315626\n|-terastallize|p2b: Chi-Yu|Grass\n|-terastallize|p1a: Hawlucha|Fire\n|move|p1b: Grimmsnarl|Swagger|p2a: Flutter Mane\n|-boost|p2a: Flutter Mane|atk|2\n|-enditem|p1a: Hawlucha|Mirror Herb\n|-boost|p1a: Hawlucha|atk|2|[from] item: Mirror Herb\n|-start|p2a: Flutter Mane|confusion\n|move|p1a: Hawlucha|Acrobatics|p2a: Flutter Mane\n|-damage|p2a: Flutter Mane|0 fnt\n|faint|p2a: Flutter Mane\n|-end|p2a: Flutter Mane|Protosynthesis|[silent]\n|move|p2b: Chi-Yu|Heat Wave|p1b: Grimmsnarl|[spread] p1a,p1b\n|-resisted|p1a: Hawlucha\n|-damage|p1a: Hawlucha|59\/100\n|-damage|p1b: Grimmsnarl|48\/100\n|\n|upkeep\n|inactive|Luchoro14 has 30 seconds left.\n|\n|t:|1683315652\n|switch|p2a: Maushold|Maushold-Four, L50|100\/100\n|turn|2\n|inactive|Luchoro14 has 30 seconds left.\n|\n|t:|1683315687\n|move|p1b: Grimmsnarl|Light Screen|p1b: Grimmsnarl\n|-sidestart|p1: AnwenTAB|move: Light Screen\n|move|p1a: Hawlucha|Drain Punch|p2a: Maushold\n|-supereffective|p2a: Maushold\n|-damage|p2a: Maushold|0 fnt\n|-heal|p1a: Hawlucha|100\/100|[from] drain|[of] p2a: Maushold\n|faint|p2a: Maushold\n|move|p2b: Chi-Yu|Dark Pulse|p1a: Hawlucha\n|-damage|p1a: Hawlucha|44\/100\n|\n|upkeep\n|\n|t:|1683315698\n|switch|p2a: Dudunsparce|Dudunsparce-Three-Segment, L50, M|100\/100\n|turn|3\n|\n|t:|1683315709\n|move|p1a: Hawlucha|Protect|p1a: Hawlucha\n|-singleturn|p1a: Hawlucha|Protect\n|move|p2a: Dudunsparce|Protect|p2a: Dudunsparce\n|-singleturn|p2a: Dudunsparce|Protect\n|move|p2b: Chi-Yu|Dark Pulse|p1a: Hawlucha\n|-activate|p1a: Hawlucha|move: Protect\n|move|p1b: Grimmsnarl|Spirit Break|p2b: Chi-Yu\n|-damage|p2b: Chi-Yu|50\/100\n|-unboost|p2b: Chi-Yu|spa|1\n|\n|upkeep\n|turn|4\n|\n|t:|1683315727\n|move|p2a: Dudunsparce|Protect||[still]\n|-fail|p2a: Dudunsparce\n|move|p1b: Grimmsnarl|Reflect|p1b: Grimmsnarl\n|-sidestart|p1: AnwenTAB|Reflect\n|move|p1a: Hawlucha|Drain Punch|p2a: Dudunsparce\n|-supereffective|p2a: Dudunsparce\n|-damage|p2a: Dudunsparce|0 fnt\n|-heal|p1a: Hawlucha|100\/100|[from] drain|[of] p2a: Dudunsparce\n|faint|p2a: Dudunsparce\n|move|p2b: Chi-Yu|Dark Pulse|p1a: Hawlucha\n|-damage|p1a: Hawlucha|64\/100\n|\n|upkeep\n|turn|5\n|inactive|Luchoro14 has 30 seconds left.\n|inactive|Luchoro14 has 20 seconds left.\n|inactive|Luchoro14 has 15 seconds left.\n|inactive|Luchoro14 has 10 seconds left.\n|inactive|Luchoro14 has 5 seconds left.\n|\n|t:|1683315782\n|move|p1a: Hawlucha|Acrobatics|p2b: Chi-Yu\n|-supereffective|p2b: Chi-Yu\n|-damage|p2b: Chi-Yu|0 fnt\n|faint|p2b: Chi-Yu\n|\n|win|AnwenTAB\n|raw|AnwenTAB's rating: 1214 → 1240<\/strong> (+26 for winning)\n|raw|Luchoro14's rating: 1226 → 1200<\/strong> (-26 for losing)\n","uploadtime":1683315845,"views":16,"p1id":"anwentab","p2id":"luchoro14","formatid":"gen9vgc2023regulationc","rating":1200,"private":0,"password":""}