{"id":"gen9vgc2023regulationc-1862299051","p1":"foiledfeline","p2":"Ratrap","format":"[Gen 9] VGC 2023 Regulation C","log":"|j|\u2606foiledfeline\n|j|\u2606Ratrap\n|t:|1683861740\n|gametype|doubles\n|player|p1|foiledfeline|steven|1295\n|player|p2|Ratrap|266|1295\n|teamsize|p1|6\n|teamsize|p2|6\n|gen|9\n|tier|[Gen 9] VGC 2023 Regulation C\n|rated|\n|rule|Species Clause: Limit one of each Pok\u00e9mon\n|rule|Item Clause: Limit one of each item\n|clearpoke\n|poke|p1|Chi-Yu, L50|\n|poke|p1|Talonflame, L50, F|\n|poke|p1|Breloom, L50, F|\n|poke|p1|Gyarados, L50, M|\n|poke|p1|Garchomp, L50, M|\n|poke|p1|Flutter Mane, L50|\n|poke|p2|Dragonite, L50, F|\n|poke|p2|Orthworm, L50, M|\n|poke|p2|Gyarados, L50, M|\n|poke|p2|Maushold, L50|\n|poke|p2|Chien-Pao, L50|\n|poke|p2|Garganacl, L50, M|\n|teampreview|4\nfoiledfeline has agreed to open team sheets.\n|c|\u2606Ratrap|No\nRatrap rejected open team sheets.\n|c|\u2606foiledfeline|oh lol we just battled\n|c|\u2606foiledfeline|look I'm just trying to practice for a VGC local, that's the only reason I always try for OTS\n|inactive|Battle timer is ON: inactive players will automatically lose when time's up. (requested by Ratrap)\n|inactive|foiledfeline has 60 seconds left.\n|\n|t:|1683861835\n|start\n|switch|p1a: Garchomp|Garchomp, L50, M|100\/100\n|switch|p1b: Talonflame|Talonflame, L50, F|100\/100\n|switch|p2a: Orthworm|Orthworm, L50, M, shiny|100\/100\n|switch|p2b: Maushold|Maushold, L50|100\/100\n|turn|1\n|inactive|foiledfeline has 30 seconds left.\n|\n|t:|1683861864\n|move|p1b: Talonflame|Flare Blitz|p2a: Orthworm\n|-supereffective|p2a: Orthworm\n|-damage|p2a: Orthworm|22\/100\n|-enditem|p2a: Orthworm|Sitrus Berry|[eat]\n|-heal|p2a: Orthworm|47\/100|[from] item: Sitrus Berry\n|-damage|p1b: Talonflame|71\/100|[from] Recoil\n|-damage|p1b: Talonflame|62\/100|[from] item: Life Orb\n|move|p2b: Maushold|Population Bomb|p1b: Talonflame\n|-damage|p1b: Talonflame|43\/100\n|-damage|p1b: Talonflame|25\/100\n|-damage|p1b: Talonflame|7\/100\n|-damage|p1b: Talonflame|0 fnt\n|faint|p1b: Talonflame\n|-hitcount|p1: Talonflame|4\n|move|p1a: Garchomp|Rock Slide|p2b: Maushold|[spread] p2b\n|-miss|p1a: Garchomp|p2a: Orthworm\n|-damage|p2b: Maushold|69\/100\n|move|p2a: Orthworm|Shed Tail|p2a: Orthworm\n|-fail|p2a: Orthworm|move: Shed Tail|[weak]\n|\n|upkeep\n|inactive|foiledfeline has 30 seconds left.\n|\n|t:|1683861899\n|switch|p1b: Chi-Yu|Chi-Yu, L50|100\/100\n|-ability|p1b: Chi-Yu|Beads of Ruin\n|turn|2\n|\n|t:|1683861925\n|switch|p2a: Gyarados|Gyarados, L50, M|100\/100\n|-ability|p2a: Gyarados|Intimidate|boost\n|-fail|p1a: Garchomp|unboost|[from] item: Clear Amulet|[of] p1a: Garchomp\n|-unboost|p1b: Chi-Yu|atk|1\n|move|p1b: Chi-Yu|Protect|p1b: Chi-Yu\n|-singleturn|p1b: Chi-Yu|Protect\n|move|p2b: Maushold|Population Bomb|p1b: Chi-Yu\n|-activate|p1b: Chi-Yu|move: Protect\n|move|p1a: Garchomp|Dragon Claw|p2b: Maushold\n|-crit|p2b: Maushold\n|-damage|p2b: Maushold|0 fnt\n|faint|p2b: Maushold\n|\n|upkeep\n|\n|t:|1683861932\n|switch|p2b: Dragonite|Dragonite, L50, F|100\/100\n|turn|3\n|\n|t:|1683861953\n|-terastallize|p1b: Chi-Yu|Water\n|-terastallize|p2b: Dragonite|Flying\n|move|p1b: Chi-Yu|Dark Pulse|p2b: Dragonite\n|-damage|p2b: Dragonite|83\/100\n|move|p1a: Garchomp|Rock Slide|p2a: Gyarados|[spread] p2a,p2b\n|-supereffective|p2a: Gyarados\n|-supereffective|p2b: Dragonite\n|-damage|p2a: Gyarados|49\/100\n|-damage|p2b: Dragonite|42\/100\n|move|p2a: Gyarados|Waterfall|p1b: Chi-Yu\n|-resisted|p1b: Chi-Yu\n|-damage|p1b: Chi-Yu|69\/100\n|move|p2b: Dragonite|Tera Blast|p1a: Garchomp\n|-damage|p1a: Garchomp|43\/100\n|\n|upkeep\n|turn|4\n|inactive|foiledfeline has 30 seconds left.\n|inactive|Ratrap has 30 seconds left.\n|inactive|foiledfeline has 20 seconds left.\n|inactive|foiledfeline has 15 seconds left.\n|\n|t:|1683861993\n|switch|p2a: Orthworm|Orthworm, L50, M, shiny|47\/100\n|move|p2b: Dragonite|Extreme Speed|p1a: Garchomp\n|-damage|p1a: Garchomp|16\/100\n|-damage|p2b: Dragonite|29\/100|[from] ability: Rough Skin|[of] p1a: Garchomp\n|move|p1b: Chi-Yu|Dark Pulse|p2b: Dragonite\n|-damage|p2b: Dragonite|0 fnt\n|faint|p2b: Dragonite\n|move|p1a: Garchomp|Rock Slide|p2a: Orthworm\n|-resisted|p2a: Orthworm\n|-damage|p2a: Orthworm|38\/100\n|\n|upkeep\n|\n|t:|1683862003\n|switch|p2b: Gyarados|Gyarados, L50, M|49\/100\n|-ability|p2b: Gyarados|Intimidate|boost\n|-fail|p1a: Garchomp|unboost|[from] item: Clear Amulet|[of] p1a: Garchomp\n|-unboost|p1b: Chi-Yu|atk|1\n|turn|5\n|\n|t:|1683862014\n|move|p1b: Chi-Yu|Heat Wave|p2b: Gyarados|[spread] p2a,p2b\n|-supereffective|p2a: Orthworm\n|-resisted|p2b: Gyarados\n|-damage|p2a: Orthworm|0 fnt\n|-damage|p2b: Gyarados|21\/100\n|faint|p2a: Orthworm\n|move|p1a: Garchomp|Rock Slide|p2b: Gyarados\n|-supereffective|p2b: Gyarados\n|-damage|p2b: Gyarados|0 fnt\n|faint|p2b: Gyarados\n|\n|win|foiledfeline\n|raw|foiledfeline's rating: 1295 → 1320<\/strong> (+25 for winning)\n|raw|Ratrap's rating: 1295 → 1270<\/strong> (-25 for losing)\n","uploadtime":1683862025,"views":15,"p1id":"foiledfeline","p2id":"ratrap","formatid":"gen9vgc2023regulationc","rating":1270,"private":0,"password":""}