{"id":"gen9vgc2023regulationc-1862643999","p1":"MUUUUUUUUUUK","p2":"KilnFirelink","format":"[Gen 9] VGC 2023 Regulation C","log":"|j|\u2606MUUUUUUUUUUK\n|j|\u2606KilnFirelink\n|t:|1683908351\n|gametype|doubles\n|player|p1|MUUUUUUUUUUK|1|\n|player|p2|KilnFirelink|iris-gen5bw2|\n|teamsize|p1|5\n|teamsize|p2|6\n|gen|9\n|tier|[Gen 9] VGC 2023 Regulation C\n|rule|Species Clause: Limit one of each Pok\u00e9mon\n|rule|Item Clause: Limit one of each item\n|clearpoke\n|poke|p1|Muk, L50, M|\n|poke|p1|Amoonguss, L50, M|\n|poke|p1|Dragonite, L50, M|\n|poke|p1|Ditto, L50|\n|poke|p1|Iron Treads, L50|\n|poke|p2|Torkoal, L50, M|\n|poke|p2|Lilligant, L50, F|\n|poke|p2|Flutter Mane, L50|\n|poke|p2|Roaring Moon, L50|\n|poke|p2|Arboliva, L50, M|\n|poke|p2|Iron Bundle, L50|\n|teampreview|4\n|\n|t:|1683908383\n|start\n|switch|p1a: Iron Treads|Iron Treads, L50|100\/100\n|switch|p1b: Muk in the sink|Muk, L50, M|100\/100\n|switch|p2a: MacArthur|Torkoal, L50, M|100\/100\n|switch|p2b: Polite Plant|Lilligant, L50, F|100\/100\n|-weather|SunnyDay|[from] ability: Drought|[of] p2a: MacArthur\n|-enditem|p1a: Iron Treads|Booster Energy\n|-activate|p1a: Iron Treads|ability: Quark Drive|[fromitem]\n|-start|p1a: Iron Treads|quarkdrivespe\n|turn|1\n|\n|t:|1683908438\n|-terastallize|p2a: MacArthur|Fire\n|move|p2b: Polite Plant|After You|p2a: MacArthur\n|-activate|p2a: MacArthur|move: After You\n|move|p2a: MacArthur|Eruption|p1a: Iron Treads|[spread] p1a,p1b\n|-supereffective|p1a: Iron Treads\n|-damage|p1a: Iron Treads|0 fnt\n|-damage|p1b: Muk in the sink|24\/100\n|faint|p1a: Iron Treads\n|-end|p1a: Iron Treads|Quark Drive|[silent]\n|move|p1b: Muk in the sink|Poison Jab|p2b: Polite Plant\n|-supereffective|p2b: Polite Plant\n|-damage|p2b: Polite Plant|0 fnt\n|faint|p2b: Polite Plant\n|\n|-weather|SunnyDay|[upkeep]\n|upkeep\n|\n|t:|1683908457\n|switch|p1a: Dragonite|Dragonite, L50, M|100\/100\n|switch|p2b: Cancer|Flutter Mane, L50|100\/100\n|-activate|p2b: Cancer|ability: Protosynthesis\n|-start|p2b: Cancer|protosynthesisspe\n|turn|2\n|\n|t:|1683908487\n|-terastallize|p1a: Dragonite|Normal\n|move|p1a: Dragonite|Extreme Speed|p2a: MacArthur\n|-damage|p2a: MacArthur|43\/100\n|move|p2b: Cancer|Moonblast|p1a: Dragonite\n|-damage|p1a: Dragonite|75\/100\n|move|p1b: Muk in the sink|Poison Jab|p2b: Cancer\n|-damage|p2b: Cancer|10\/100\n|move|p2a: MacArthur|Eruption|p1b: Muk in the sink|[spread] p1a,p1b\n|-damage|p1a: Dragonite|24\/100\n|-damage|p1b: Muk in the sink|0 fnt\n|faint|p1b: Muk in the sink\n|\n|-weather|SunnyDay|[upkeep]\n|upkeep\n|\n|t:|1683908504\n|switch|p1b: Amoonguss|Amoonguss, L50, M|100\/100\n|turn|3\n|\n|t:|1683908533\n|switch|p2a: Arboliva|Arboliva, L50, M|100\/100\n|move|p1a: Dragonite|Extreme Speed|p2a: Arboliva\n|-damage|p2a: Arboliva|24\/100\n|-enditem|p2a: Arboliva|Aguav Berry|[eat]\n|-heal|p2a: Arboliva|57\/100|[from] item: Aguav Berry\n|move|p2b: Cancer|Moonblast|p1a: Dragonite\n|-damage|p1a: Dragonite|0 fnt\n|faint|p1a: Dragonite\n|move|p1b: Amoonguss|Giga Drain|p2b: Cancer\n|-damage|p2b: Cancer|0 fnt\n|faint|p2b: Cancer\n|-end|p2b: Cancer|Protosynthesis|[silent]\n|\n|-weather|SunnyDay|[upkeep]\n|-item|p2a: Arboliva|Aguav Berry|[from] ability: Harvest\n|upkeep\n|\n|t:|1683908551\n|switch|p2b: MacArthur|Torkoal, L50, M, tera:Fire|43\/100\n|turn|4\n|\n|t:|1683908588\n|move|p2a: Arboliva|Pollen Puff|p2b: MacArthur\n|-heal|p2b: MacArthur|93\/100\n|move|p1b: Amoonguss|Spore|p2b: MacArthur\n|-status|p2b: MacArthur|slp|[from] move: Spore\n|cant|p2b: MacArthur|slp\n|\n|-weather|SunnyDay|[upkeep]\n|upkeep\n|turn|5\n|\n|t:|1683908618\n|move|p2a: Arboliva|Pollen Puff|p1b: Amoonguss\n|-damage|p1b: Amoonguss|83\/100\n|move|p1b: Amoonguss|Pollen Puff|p2a: Arboliva\n|-supereffective|p2a: Arboliva\n|-damage|p2a: Arboliva|35\/100\n|cant|p2b: MacArthur|slp\n|\n|-weather|none\n|-heal|p1b: Amoonguss|89\/100|[from] item: Black Sludge\n|upkeep\n|turn|6\n|\n|t:|1683908642\n|move|p2a: Arboliva|Protect|p2a: Arboliva\n|-singleturn|p2a: Arboliva|Protect\n|move|p1b: Amoonguss|Pollen Puff|p2a: Arboliva\n|-activate|p2a: Arboliva|move: Protect\n|cant|p2b: MacArthur|slp\n|\n|-heal|p1b: Amoonguss|95\/100|[from] item: Black Sludge\n|upkeep\n|turn|7\n|\n|t:|1683908662\n|move|p2a: Arboliva|Giga Drain|p1b: Amoonguss\n|-resisted|p1b: Amoonguss\n|-damage|p1b: Amoonguss|90\/100\n|-heal|p2a: Arboliva|38\/100|[from] drain|[of] p1b: Amoonguss\n|move|p1b: Amoonguss|Pollen Puff|p2a: Arboliva\n|-supereffective|p2a: Arboliva\n|-damage|p2a: Arboliva|13\/100\n|-enditem|p2a: Arboliva|Aguav Berry|[eat]\n|-heal|p2a: Arboliva|46\/100|[from] item: Aguav Berry\n|-curestatus|p2b: MacArthur|slp|[msg]\n|move|p2b: MacArthur|Eruption|p1b: Amoonguss\n|-supereffective|p1b: Amoonguss\n|-damage|p1b: Amoonguss|0 fnt\n|faint|p1b: Amoonguss\n|\n|win|KilnFirelink\n","uploadtime":1683908681,"views":11,"p1id":"muuuuuuuuuuk","p2id":"kilnfirelink","formatid":"gen9vgc2023regulationc","rating":0,"private":0,"password":""}