{"id":"gen9vgc2023regulationc-1863847127","p1":"Inferno prodigy","p2":"Yeetawheat","format":"[Gen 9] VGC 2023 Regulation C","log":"|j|\u2606Inferno prodigy\n|j|\u2606Yeetawheat\n|t:|1684084895\n|gametype|doubles\n|player|p1|Inferno prodigy|266|\n|player|p2|Yeetawheat|2|\n|teamsize|p1|6\n|teamsize|p2|6\n|gen|9\n|tier|[Gen 9] VGC 2023 Regulation C\n|rule|Species Clause: Limit one of each Pok\u00e9mon\n|rule|Item Clause: Limit one of each item\n|clearpoke\n|poke|p1|Orthworm, L50, M|\n|poke|p1|Ting-Lu, L50|\n|poke|p1|Dragonite, L50, F|\n|poke|p1|Gyarados, L50, F|\n|poke|p1|Flutter Mane, L50|\n|poke|p1|Chien-Pao, L50|\n|poke|p2|Scizor, L50, F|\n|poke|p2|Tauros-Paldea-Aqua, L50, M|\n|poke|p2|Rotom-Heat, L50|\n|poke|p2|Flutter Mane, L50|\n|poke|p2|Ting-Lu, L50|\n|poke|p2|Amoonguss, L50, F|\n|teampreview|4\n|c|\u2606Yeetawheat|glhf\nYeetawheat has agreed to open team sheets.\n|c|\u2606Inferno prodigy|G1 and same\n|j| tabomtiaduda\n|\n|t:|1684084979\n|start\n|switch|p1a: Orthworm|Orthworm, L50, M|100\/100\n|switch|p1b: Gyarados|Gyarados, L50, F|100\/100\n|switch|p2a: Tauros|Tauros-Paldea-Aqua, L50, M|100\/100\n|switch|p2b: Rotom|Rotom-Heat, L50|100\/100\n|-ability|p2a: Tauros|Intimidate|boost\n|-unboost|p1a: Orthworm|atk|1\n|-unboost|p1b: Gyarados|atk|1\n|-ability|p1b: Gyarados|Intimidate|boost\n|-unboost|p2a: Tauros|atk|1\n|-unboost|p2b: Rotom|atk|1\n|turn|1\n|l| tabomtiaduda\n|l|\u2606Inferno prodigy\n|player|p1|\n|j|\u2606Inferno prodigy\n|player|p1|Inferno prodigy|266\n|\n|t:|1684085073\n|move|p2a: Tauros|Wave Crash|p1a: Orthworm\n|-damage|p1a: Orthworm|76\/100\n|-damage|p2a: Tauros|92\/100|[from] Recoil\n|move|p2b: Rotom|Overheat|p1a: Orthworm\n|-supereffective|p1a: Orthworm\n|-damage|p1a: Orthworm|0 fnt\n|-unboost|p2b: Rotom|spa|2\n|faint|p1a: Orthworm\n|move|p1b: Gyarados|Taunt|p2b: Rotom\n|-start|p2b: Rotom|move: Taunt\n|\n|upkeep\n|\n|t:|1684085085\n|switch|p1a: Dragonite|Dragonite, L50, F|100\/100\n|turn|2\n|\n|t:|1684085100\n|switch|p2a: Flutter Mane|Flutter Mane, L50|100\/100\n|-enditem|p2a: Flutter Mane|Booster Energy\n|-activate|p2a: Flutter Mane|ability: Protosynthesis|[fromitem]\n|-start|p2a: Flutter Mane|protosynthesisspe\n|-terastallize|p2b: Rotom|Electric\n|move|p1a: Dragonite|Dragon Dance|p1a: Dragonite\n|-boost|p1a: Dragonite|atk|1\n|-boost|p1a: Dragonite|spe|1\n|move|p2b: Rotom|Volt Switch|p1b: Gyarados\n|-supereffective|p1b: Gyarados\n|-damage|p1b: Gyarados|25\/100\n|\n|t:|1684085111\n|switch|p2b: Tauros|Tauros-Paldea-Aqua, L50, M|92\/100|[from] Volt Switch\n|-ability|p2b: Tauros|Intimidate|boost\n|-unboost|p1a: Dragonite|atk|1\n|-unboost|p1b: Gyarados|atk|1\n|move|p1b: Gyarados|Thunder Wave|p2a: Flutter Mane\n|-status|p2a: Flutter Mane|par\n|\n|upkeep\n|turn|3\n|\n|t:|1684085136\n|-terastallize|p1a: Dragonite|Flying\n|move|p1a: Dragonite|Tera Blast|p2a: Flutter Mane\n|-damage|p2a: Flutter Mane|0 fnt\n|faint|p2a: Flutter Mane\n|-end|p2a: Flutter Mane|Protosynthesis|[silent]\n|move|p2b: Tauros|Trailblaze|p1b: Gyarados\n|-damage|p1b: Gyarados|11\/100\n|-boost|p2b: Tauros|spe|1\n|move|p1b: Gyarados|Bulldoze|p2b: Tauros|[spread] p2b\n|-immune|p1a: Dragonite\n|-damage|p2b: Tauros|86\/100\n|-unboost|p2b: Tauros|spe|1\n|\n|upkeep\n|\n|t:|1684085150\n|switch|p2a: Scizor|Scizor, L50, F|100\/100\n|turn|4\n|\n|t:|1684085162\n|switch|p2b: Rotom|Rotom-Heat, L50, tera:Electric|100\/100\n|move|p2a: Scizor|Bullet Punch|p1b: Gyarados\n|-resisted|p1b: Gyarados\n|-damage|p1b: Gyarados|0 fnt\n|faint|p1b: Gyarados\n|move|p1a: Dragonite|Tera Blast|p2b: Rotom\n|-resisted|p2b: Rotom\n|-damage|p2b: Rotom|68\/100\n|\n|upkeep\n|\n|t:|1684085165\n|switch|p1b: Chien-Pao|Chien-Pao, L50|100\/100\n|-ability|p1b: Chien-Pao|Sword of Ruin\n|turn|5\n|\n|t:|1684085189\n|move|p1b: Chien-Pao|Protect|p1b: Chien-Pao\n|-singleturn|p1b: Chien-Pao|Protect\n|move|p2a: Scizor|Bullet Punch|p1a: Dragonite\n|-damage|p1a: Dragonite|80\/100\n|move|p1a: Dragonite|Dragon Dance|p1a: Dragonite\n|-boost|p1a: Dragonite|atk|1\n|-boost|p1a: Dragonite|spe|1\n|move|p2b: Rotom|Volt Switch|p1a: Dragonite\n|-supereffective|p1a: Dragonite\n|-damage|p1a: Dragonite|0 fnt\n|faint|p1a: Dragonite\n|-message|Inferno prodigy forfeited.\n|\n|win|Yeetawheat\n|l|\u2606Inferno prodigy\n|c|\u2606Yeetawheat|gg g1\n","uploadtime":1684085506,"views":9,"p1id":"infernoprodigy","p2id":"yeetawheat","formatid":"gen9vgc2023regulationc","rating":0,"private":0,"password":""}