{"id":"gen9vgc2023regulationc-1851949174","p1":"taohuu","p2":"Gholdjunge","format":"[Gen 9] VGC 2023 Regulation C","log":"|j|\u2606taohuu\n|j|\u2606Gholdjunge\n|t:|1682509942\n|gametype|doubles\n|player|p1|taohuu|169|1518\n|player|p2|Gholdjunge|youngster-gen2|1511\n|teamsize|p1|6\n|teamsize|p2|6\n|gen|9\n|tier|[Gen 9] VGC 2023 Regulation C\n|rated|\n|rule|Species Clause: Limit one of each Pok\u00e9mon\n|rule|Item Clause: Limit one of each item\n|clearpoke\n|poke|p1|Flutter Mane, L50|\n|poke|p1|Iron Bundle, L50|\n|poke|p1|Great Tusk, L50|\n|poke|p1|Ting-Lu, L50|\n|poke|p1|Arcanine, L50, F|\n|poke|p1|Amoonguss, L50, F|\n|poke|p2|Azumarill, L50, M|\n|poke|p2|Pelipper, L50, M|\n|poke|p2|Chien-Pao, L50|\n|poke|p2|Amoonguss, L50, M|\n|poke|p2|Iron Hands, L50|\n|poke|p2|Flutter Mane, L50|\n|teampreview|4\n|inactive|Battle timer is ON: inactive players will automatically lose when time's up. (requested by taohuu)\n|j| ringowhale\n|\n|t:|1682510049\n|start\n|switch|p1a: Iron Bundle|Iron Bundle, L50|100\/100\n|switch|p1b: Great Tusk|Great Tusk, L50|100\/100\n|switch|p2a: Iron Hands|Iron Hands, L50|100\/100\n|switch|p2b: Flutter Mane|Flutter Mane, L50|100\/100\n|-enditem|p1a: Iron Bundle|Booster Energy\n|-activate|p1a: Iron Bundle|ability: Quark Drive|[fromitem]\n|-start|p1a: Iron Bundle|quarkdrivespe\n|turn|1\n|inactive|Gholdjunge has 30 seconds left.\n|inactive|Gholdjunge has 20 seconds left.\n|inactive|Gholdjunge has 15 seconds left.\n|\n|t:|1682510092\n|-end|p2b: Flutter Mane|Protosynthesis|[silent]\n|switch|p2b: Azumarill|Azumarill, L50, M|100\/100\n|move|p1a: Iron Bundle|Protect|p1a: Iron Bundle\n|-singleturn|p1a: Iron Bundle|Protect\n|move|p1b: Great Tusk|Protect|p1b: Great Tusk\n|-singleturn|p1b: Great Tusk|Protect\n|move|p2a: Iron Hands|Drain Punch|p1a: Iron Bundle\n|-activate|p1a: Iron Bundle|move: Protect\n|\n|upkeep\n|turn|2\n|inactive|taohuu has 30 seconds left.\n|inactive|Gholdjunge has 30 seconds left.\n|inactive|Gholdjunge has 20 seconds left.\n|inactive|Gholdjunge has 15 seconds left.\n|\n|t:|1682510133\n|-terastallize|p1a: Iron Bundle|Ghost\n|move|p1a: Iron Bundle|Encore|p2a: Iron Hands\n|-start|p2a: Iron Hands|Encore\n|move|p1b: Great Tusk|Headlong Rush|p2b: Azumarill\n|-damage|p2b: Azumarill|28\/100\n|-unboost|p1b: Great Tusk|def|1\n|-unboost|p1b: Great Tusk|spd|1\n|move|p2b: Azumarill|Liquidation|p1b: Great Tusk\n|-supereffective|p1b: Great Tusk\n|-enditem|p1b: Great Tusk|Focus Sash\n|-damage|p1b: Great Tusk|1\/100\n|move|p2a: Iron Hands|Drain Punch|p1a: Iron Bundle\n|-immune|p1a: Iron Bundle\n|\n|upkeep\n|turn|3\n|inactive|taohuu has 30 seconds left.\n|inactive|Gholdjunge has 30 seconds left.\n|\n|t:|1682510163\n|-end|p2a: Iron Hands|Quark Drive|[silent]\n|switch|p2a: Chien-Pao|Chien-Pao, L50|100\/100\n|-ability|p2a: Chien-Pao|Sword of Ruin\n|move|p1b: Great Tusk|Protect|p1b: Great Tusk\n|-singleturn|p1b: Great Tusk|Protect\n|move|p2b: Azumarill|Protect|p2b: Azumarill\n|-singleturn|p2b: Azumarill|Protect\n|move|p1a: Iron Bundle|Freeze-Dry|p2b: Azumarill\n|-activate|p2b: Azumarill|move: Protect\n|\n|upkeep\n|turn|4\n|\n|t:|1682510187\n|move|p2a: Chien-Pao|Sucker Punch||[still]\n|-fail|p2a: Chien-Pao\n|move|p2b: Azumarill|Aqua Jet|p1b: Great Tusk\n|-supereffective|p1b: Great Tusk\n|-damage|p1b: Great Tusk|0 fnt\n|faint|p1b: Great Tusk\n|-end|p1b: Great Tusk|Protosynthesis|[silent]\n|move|p1a: Iron Bundle|Encore|p2b: Azumarill\n|-start|p2b: Azumarill|Encore\n|\n|upkeep\n|\n|t:|1682510202\n|switch|p1b: Amoonguss|Amoonguss, L50, F|100\/100\n|turn|5\n|\n|t:|1682510214\n|switch|p2b: Iron Hands|Iron Hands, L50|100\/100\n|move|p1a: Iron Bundle|Protect|p1a: Iron Bundle\n|-singleturn|p1a: Iron Bundle|Protect\n|move|p2a: Chien-Pao|Protect|p2a: Chien-Pao\n|-singleturn|p2a: Chien-Pao|Protect\n|move|p1b: Amoonguss|Spore|p2a: Chien-Pao\n|-activate|p2a: Chien-Pao|move: Protect\n|\n|upkeep\n|turn|6\n|inactive|taohuu has 30 seconds left.\n|inactive|Gholdjunge has 30 seconds left.\n|\n|t:|1682510248\n|move|p1b: Amoonguss|Rage Powder|p1b: Amoonguss\n|-singleturn|p1b: Amoonguss|move: Rage Powder\n|move|p1a: Iron Bundle|Encore|p2a: Chien-Pao\n|-start|p2a: Chien-Pao|Encore\n|move|p2a: Chien-Pao|Protect|p2a: Chien-Pao\n|-singleturn|p2a: Chien-Pao|Protect\n|move|p2b: Iron Hands|Wild Charge|p1a: Iron Bundle\n|-damage|p1a: Iron Bundle|22\/100\n|-damage|p2b: Iron Hands|88\/100|[from] Recoil\n|\n|upkeep\n|turn|7\n|inactive|Gholdjunge has 30 seconds left.\n|inactive|taohuu has 30 seconds left.\n|\n|t:|1682510282\n|switch|p2a: Azumarill|Azumarill, L50, M|28\/100\n|move|p1a: Iron Bundle|Freeze-Dry|p2b: Iron Hands\n|-damage|p2b: Iron Hands|62\/100\n|move|p2b: Iron Hands|Wild Charge|p1a: Iron Bundle\n|-damage|p1a: Iron Bundle|0 fnt\n|faint|p1a: Iron Bundle\n|-end|p1a: Iron Bundle|Quark Drive|[silent]\n|-damage|p2b: Iron Hands|59\/100|[from] Recoil\n|move|p1b: Amoonguss|Spore|p2a: Azumarill\n|-status|p2a: Azumarill|slp|[from] move: Spore\n|-enditem|p2a: Azumarill|Lum Berry|[eat]\n|-curestatus|p2a: Azumarill|slp|[msg]\n|\n|upkeep\n|\n|t:|1682510287\n|switch|p1a: Flutter Mane|Flutter Mane, L50|100\/100\n|turn|8\n|inactive|Gholdjunge has 30 seconds left.\n|\n|t:|1682510319\n|-terastallize|p2b: Iron Hands|Fire\n|move|p1b: Amoonguss|Rage Powder|p1b: Amoonguss\n|-singleturn|p1b: Amoonguss|move: Rage Powder\n|move|p2a: Azumarill|Aqua Jet|p1b: Amoonguss\n|-resisted|p1b: Amoonguss\n|-damage|p1b: Amoonguss|91\/100\n|-damage|p2a: Azumarill|12\/100|[from] item: Rocky Helmet|[of] p1b: Amoonguss\n|move|p1a: Flutter Mane|Moonblast|p2b: Iron Hands\n|-resisted|p2b: Iron Hands\n|-damage|p2b: Iron Hands|31\/100\n|-unboost|p2b: Iron Hands|spa|1\n|move|p2b: Iron Hands|Wild Charge|p1a: Flutter Mane\n|-damage|p1a: Flutter Mane|23\/100\n|-damage|p2b: Iron Hands|17\/100|[from] Recoil\n|\n|upkeep\n|turn|9\n|-message|taohuu forfeited.\n|\n|win|Gholdjunge\n|raw|taohuu's rating: 1518 → 1498<\/strong> (-20 for losing)\n|raw|Gholdjunge's rating: 1511 → 1531<\/strong> (+20 for winning)\n|l|\u2606taohuu\n","uploadtime":1682510337,"views":12,"p1id":"taohuu","p2id":"gholdjunge","formatid":"gen9vgc2023regulationc","rating":1498,"private":0,"password":""}