{"id":"gen9vgc2023regulationc-1844842032","p1":"palabax101","p2":"minepearl","format":"[Gen 9] VGC 2023 Regulation C","log":"|j|\u2606palabax101\n|j|\u2606minepearl\n|t:|1681655321\n|gametype|doubles\n|player|p1|palabax101|265|\n|player|p2|minepearl|cynthia-gen4|\n|teamsize|p1|6\n|teamsize|p2|6\n|gen|9\n|tier|[Gen 9] VGC 2023 Regulation C\n|rule|Species Clause: Limit one of each Pok\u00e9mon\n|rule|Item Clause: Limit one of each item\n|clearpoke\n|poke|p1|Lilligant, L50, F|\n|poke|p1|Torkoal, L50, F|\n|poke|p1|Flutter Mane, L50|\n|poke|p1|Great Tusk, L50|\n|poke|p1|Chien-Pao, L50|\n|poke|p1|Dragonite, L50, M|\n|poke|p2|Flutter Mane, L50|\n|poke|p2|Dondozo, L50, M|\n|poke|p2|Tatsugiri-Droopy, L50, F|\n|poke|p2|Dragonite, L50, M|\n|poke|p2|Chien-Pao, L50|\n|poke|p2|Tinkaton, L50, F|\n|teampreview|4\n|c|\u2606minepearl|1\n|c|\u2606palabax101|1\n|c|\u2606palabax101|Ots \ud544\uc694\ud558\uc2e0\uac00\uc694\n|c|\u2606minepearl|\uc544\ub2c8\uc694 \ud2b8\ucef5\uc5f0\uc2b5\uc774\ub77c ots\ub294 \ud544\uc694\uc5c6\uc5b4\uc694\n|c|\u2606minepearl|\ud0c0\uc774\uba38 \ud0ac\uae4c\uc694\n|c|\u2606palabax101|\ub124 \uadf8\ub7ec\uba74 3\uac9c \uac00\uba74 \uadf8\ub0e5 decline\ud574\uc8fc\uc138\uc694\n|c|\u2606palabax101|\uc900\ube44\ub418\uc2dc\uba74\n|inactive|Battle timer is ON: inactive players will automatically lose when time's up. (requested by minepearl)\n|\n|t:|1681655428\n|start\n|switch|p1a: Princess Pea|Lilligant, L50, F, shiny|100\/100\n|switch|p1b: Primal Groundon|Torkoal, L50, F, shiny|100\/100\n|switch|p2a: Tinkaton|Tinkaton, L50, F|100\/100\n|switch|p2b: Flutter Mane|Flutter Mane, L50|100\/100\n|-ability|p2a: Tinkaton|Mold Breaker\n|-weather|SunnyDay|[from] ability: Drought|[of] p1b: Primal Groundon\n|-activate|p2b: Flutter Mane|ability: Protosynthesis\n|-start|p2b: Flutter Mane|protosynthesisspe\n|turn|1\n|\n|t:|1681655452\n|move|p1a: Princess Pea|Protect|p1a: Princess Pea\n|-singleturn|p1a: Princess Pea|Protect\n|move|p1b: Primal Groundon|Protect|p1b: Primal Groundon\n|-singleturn|p1b: Primal Groundon|Protect\n|move|p2a: Tinkaton|Fake Out|p1b: Primal Groundon\n|-activate|p1b: Primal Groundon|move: Protect\n|move|p2b: Flutter Mane|Icy Wind|p1b: Primal Groundon|[spread] \n|-activate|p1a: Princess Pea|move: Protect\n|-activate|p1b: Primal Groundon|move: Protect\n|\n|-weather|SunnyDay|[upkeep]\n|upkeep\n|turn|2\n|\n|t:|1681655461\n|-terastallize|p1b: Primal Groundon|Fire\n|move|p1a: Princess Pea|Sleep Powder|p2b: Flutter Mane\n|-status|p2b: Flutter Mane|slp|[from] move: Sleep Powder\n|cant|p2b: Flutter Mane|slp\n|move|p2a: Tinkaton|Skill Swap|p1a: Princess Pea\n|-activate|p2a: Tinkaton|move: Skill Swap|Chlorophyll|Mold Breaker|[of] p1a: Princess Pea\n|-ability|p1a: Princess Pea|Mold Breaker\n|move|p1b: Primal Groundon|Eruption|p2a: Tinkaton|[spread] p2a,p2b\n|-supereffective|p2a: Tinkaton\n|-damage|p2a: Tinkaton|0 fnt\n|-damage|p2b: Flutter Mane|0 fnt\n|faint|p2a: Tinkaton\n|faint|p2b: Flutter Mane\n|-end|p2b: Flutter Mane|Protosynthesis|[silent]\n|\n|-weather|SunnyDay|[upkeep]\n|upkeep\n|\n|t:|1681655467\n|switch|p2b: Chien-Pao|Chien-Pao, L50|100\/100\n|switch|p2a: Dragonite|Dragonite, L50, M|100\/100\n|-ability|p2b: Chien-Pao|Sword of Ruin\n|turn|3\n|\n|t:|1681655489\n|switch|p1a: Daddy Tusk|Great Tusk, L50, shiny|100\/100\n|-activate|p1a: Daddy Tusk|ability: Protosynthesis\n|-start|p1a: Daddy Tusk|protosynthesisatk\n|-terastallize|p2a: Dragonite|Normal\n|move|p2a: Dragonite|Extreme Speed|p1b: Primal Groundon\n|-damage|p1b: Primal Groundon|19\/100\n|move|p2b: Chien-Pao|Ice Spinner|p1a: Daddy Tusk\n|-supereffective|p1a: Daddy Tusk\n|-damage|p1a: Daddy Tusk|27\/100\n|move|p1b: Primal Groundon|Eruption|p2b: Chien-Pao|[spread] p2a,p2b\n|-supereffective|p2b: Chien-Pao\n|-damage|p2a: Dragonite|82\/100\n|-damage|p2b: Chien-Pao|31\/100\n|\n|-weather|SunnyDay|[upkeep]\n|upkeep\n|turn|4\n|\n|t:|1681655512\n|move|p2a: Dragonite|Extreme Speed|p1a: Daddy Tusk\n|-damage|p1a: Daddy Tusk|0 fnt\n|faint|p1a: Daddy Tusk\n|-end|p1a: Daddy Tusk|Protosynthesis|[silent]\n|move|p2b: Chien-Pao|Sacred Sword|p1b: Primal Groundon\n|-damage|p1b: Primal Groundon|0 fnt\n|faint|p1b: Primal Groundon\n|\n|-weather|SunnyDay|[upkeep]\n|upkeep\n|\n|t:|1681655514\n|switch|p1a: Raven|Flutter Mane, L50, shiny|100\/100\n|switch|p1b: Princess Pea|Lilligant, L50, F, shiny|100\/100\n|-activate|p1a: Raven|ability: Protosynthesis\n|-start|p1a: Raven|protosynthesisspa\n|turn|5\n|\n|t:|1681655522\n|move|p1b: Princess Pea|Protect|p1b: Princess Pea\n|-singleturn|p1b: Princess Pea|Protect\n|move|p2b: Chien-Pao|Protect|p2b: Chien-Pao\n|-singleturn|p2b: Chien-Pao|Protect\n|move|p2a: Dragonite|Extreme Speed|p1b: Princess Pea\n|-activate|p1b: Princess Pea|move: Protect\n|move|p1a: Raven|Dazzling Gleam|p2b: Chien-Pao|[spread] p2a\n|-activate|p2b: Chien-Pao|move: Protect\n|-damage|p2a: Dragonite|28\/100\n|\n|-weather|none\n|-end|p1a: Raven|Protosynthesis\n|upkeep\n|turn|6\n|\n|t:|1681655530\n|move|p2a: Dragonite|Extreme Speed|p1b: Princess Pea\n|-damage|p1b: Princess Pea|0 fnt\n|faint|p1b: Princess Pea\n|move|p2b: Chien-Pao|Sucker Punch|p1a: Raven\n|-damage|p1a: Raven|25\/100\n|move|p1a: Raven|Dazzling Gleam|p2a: Dragonite|[spread] p2a,p2b\n|-supereffective|p2b: Chien-Pao\n|-damage|p2a: Dragonite|0 fnt\n|-damage|p2b: Chien-Pao|0 fnt\n|faint|p2a: Dragonite\n|faint|p2b: Chien-Pao\n|\n|win|palabax101\n|l|\u2606minepearl\n","uploadtime":1681655706,"views":12,"p1id":"palabax101","p2id":"minepearl","formatid":"gen9vgc2023regulationc","rating":0,"private":0,"password":""}