{"id":"gen9vgc2023regulationc-1855580226","p1":"michisio","p2":"pokemon_and_beer","format":"[Gen 9] VGC 2023 Regulation C","log":"|j|\u2606michisio\n|j|\u2606pokemon_and_beer\n|t:|1682963764\n|gametype|doubles\n|player|p1|michisio|169|1372\n|player|p2|pokemon_and_beer|norman|1447\n|teamsize|p1|6\n|teamsize|p2|6\n|gen|9\n|tier|[Gen 9] VGC 2023 Regulation C\n|rated|\n|rule|Species Clause: Limit one of each Pok\u00e9mon\n|rule|Item Clause: Limit one of each item\n|clearpoke\n|poke|p1|Wo-Chien, L50|\n|poke|p1|Arcanine, L50, M|\n|poke|p1|Glimmora, L50, F|\n|poke|p1|Ting-Lu, L50|\n|poke|p1|Slowbro, L50, M|\n|poke|p1|Klefki, L50, F|\n|poke|p2|Arcanine, L50, F|\n|poke|p2|Amoonguss, L50, M|\n|poke|p2|Kingambit, L50, M|\n|poke|p2|Flutter Mane, L50|\n|poke|p2|Ting-Lu, L50|\n|poke|p2|Palafin, L50, F|\n|teampreview|4\npokemon_and_beer has agreed to open team sheets.\n|inactive|Battle timer is ON: inactive players will automatically lose when time's up. (requested by pokemon_and_beer)\n|\n|t:|1682963824\n|start\n|switch|p1a: Klefki|Klefki, L50, F|100\/100\n|switch|p1b: Wo-Chien|Wo-Chien, L50|100\/100\n|switch|p2a: Blueshido|Kingambit, L50, M, shiny|100\/100\n|switch|p2b: Ripley|Arcanine, L50, F|100\/100\n|-ability|p2b: Ripley|Intimidate|boost\n|-unboost|p1a: Klefki|atk|1\n|-unboost|p1b: Wo-Chien|atk|1\n|-ability|p1b: Wo-Chien|Tablets of Ruin\n|turn|1\n|inactive|pokemon_and_beer has 30 seconds left.\n|\n|t:|1682963856\n|-terastallize|p1b: Wo-Chien|Water\n|move|p1a: Klefki|Reflect|p1a: Klefki\n|-sidestart|p1: michisio|Reflect\n|move|p2b: Ripley|Howl|p2b: Ripley|[spread] p2a,p2b\n|-boost|p2a: Blueshido|atk|1\n|-boost|p2b: Ripley|atk|1\n|move|p1b: Wo-Chien|Leech Seed|p2a: Blueshido\n|-start|p2a: Blueshido|move: Leech Seed\n|move|p2a: Blueshido|Swords Dance|p2a: Blueshido\n|-boost|p2a: Blueshido|atk|2\n|\n|-damage|p2a: Blueshido|88\/100|[from] Leech Seed|[of] p1b: Wo-Chien\n|upkeep\n|turn|2\n|inactive|michisio has 30 seconds left.\n|\n|t:|1682963882\n|move|p2b: Ripley|Howl|p2b: Ripley|[spread] p2a,p2b\n|-boost|p2a: Blueshido|atk|1\n|-boost|p2b: Ripley|atk|1\n|move|p1b: Wo-Chien|Ruination|p2a: Blueshido\n|-damage|p2a: Blueshido|44\/100\n|move|p2a: Blueshido|Kowtow Cleave|p1b: Wo-Chien\n|-damage|p1b: Wo-Chien|35\/100\n|move|p1a: Klefki|Trick Room|p1a: Klefki\n|-fieldstart|move: Trick Room|[of] p1a: Klefki\n|\n|-damage|p2a: Blueshido|32\/100|[from] Leech Seed|[of] p1b: Wo-Chien\n|-heal|p1b: Wo-Chien|52\/100|[silent]\n|upkeep\n|turn|3\n|inactive|pokemon_and_beer has 30 seconds left.\n|\n|t:|1682963909\n|switch|p1a: Ting-Lu|Ting-Lu, L50|100\/100\n|-ability|p1a: Ting-Lu|Vessel of Ruin\n|move|p1b: Wo-Chien|Protect|p1b: Wo-Chien\n|-singleturn|p1b: Wo-Chien|Protect\n|move|p2a: Blueshido|Swords Dance|p2a: Blueshido\n|-boost|p2a: Blueshido|atk|2\n|move|p2b: Ripley|Flare Blitz|p1a: Ting-Lu\n|-damage|p1a: Ting-Lu|73\/100\n|-damage|p2b: Ripley|89\/100|[from] Recoil\n|\n|-heal|p1a: Ting-Lu|79\/100|[from] item: Leftovers\n|-damage|p2a: Blueshido|20\/100|[from] Leech Seed|[of] p1b: Wo-Chien\n|-heal|p1b: Wo-Chien|69\/100|[silent]\n|upkeep\n|turn|4\n|\n|t:|1682963932\n|switch|p2b: Spordyceps|Amoonguss, L50, M|100\/100\n|move|p1a: Ting-Lu|Sand Tomb|p2a: Blueshido\n|-supereffective|p2a: Blueshido\n|-crit|p2a: Blueshido\n|-damage|p2a: Blueshido|0 fnt\n|faint|p2a: Blueshido\n|move|p1b: Wo-Chien|Leech Seed|p2b: Spordyceps\n|-immune|p2b: Spordyceps\n|\n|-heal|p1a: Ting-Lu|86\/100|[from] item: Leftovers\n|upkeep\n|inactive|pokemon_and_beer has 30 seconds left.\n|\n|t:|1682963966\n|switch|p2a: Ripley|Arcanine, L50, F|89\/100\n|-ability|p2a: Ripley|Intimidate|boost\n|-unboost|p1a: Ting-Lu|atk|1\n|-unboost|p1b: Wo-Chien|atk|1\n|turn|5\n|\n|t:|1682963981\n|switch|p1a: Arcanine|Arcanine, L50, M|100\/100\n|-ability|p1a: Arcanine|Intimidate|boost\n|-unboost|p2a: Ripley|atk|1\n|-unboost|p2b: Spordyceps|atk|1\n|move|p2b: Spordyceps|Spore|p1b: Wo-Chien\n|-status|p1b: Wo-Chien|slp|[from] move: Spore\n|cant|p1b: Wo-Chien|slp\n|move|p2a: Ripley|Will-O-Wisp|p1a: Arcanine\n|-immune|p1a: Arcanine\n|\n|upkeep\n|turn|6\n|\n|t:|1682963997\n|switch|p2a: Willow|Flutter Mane, L50|100\/100\n|-enditem|p2a: Willow|Booster Energy\n|-activate|p2a: Willow|ability: Protosynthesis|[fromitem]\n|-start|p2a: Willow|protosynthesisspa\n|move|p2b: Spordyceps|Spore|p1a: Arcanine\n|-activate|p1a: Arcanine|item: Safety Goggles|Spore\n|cant|p1b: Wo-Chien|slp\n|move|p1a: Arcanine|Flare Blitz|p2b: Spordyceps\n|-supereffective|p2b: Spordyceps\n|-damage|p2b: Spordyceps|45\/100\n|-enditem|p2b: Spordyceps|Sitrus Berry|[eat]\n|-heal|p2b: Spordyceps|70\/100|[from] item: Sitrus Berry\n|-damage|p1a: Arcanine|79\/100|[from] Recoil\n|\n|-fieldend|move: Trick Room\n|upkeep\n|turn|7\n|inactive|michisio has 30 seconds left.\n|inactive|pokemon_and_beer has 30 seconds left.\n|inactive|pokemon_and_beer has 20 seconds left.\n|\n|t:|1682964033\n|switch|p2b: Ripley|Arcanine, L50, F|89\/100\n|-ability|p2b: Ripley|Intimidate|boost\n|-unboost|p1a: Arcanine|atk|1\n|-unboost|p1b: Wo-Chien|atk|1\n|-terastallize|p2a: Willow|Fairy\n|move|p2a: Willow|Moonblast|p1b: Wo-Chien\n|-damage|p1b: Wo-Chien|18\/100 slp\n|-unboost|p1b: Wo-Chien|spa|1\n|move|p1a: Arcanine|Snarl|p2b: Ripley|[spread] p2a,p2b\n|-resisted|p2a: Willow\n|-damage|p2a: Willow|96\/100\n|-damage|p2b: Ripley|80\/100\n|-unboost|p2a: Willow|spa|1\n|-unboost|p2b: Ripley|spa|1\n|-curestatus|p1b: Wo-Chien|slp|[msg]\n|move|p1b: Wo-Chien|Leech Seed|p2a: Willow|[miss]\n|-miss|p1b: Wo-Chien|p2a: Willow\n|\n|upkeep\n|turn|8\n|inactive|michisio has 30 seconds left.\n|inactive|pokemon_and_beer has 30 seconds left.\n|\n|t:|1682964061\n|switch|p2b: Spordyceps|Amoonguss, L50, M|100\/100\n|move|p2a: Willow|Dazzling Gleam|p1a: Arcanine|[spread] p1a,p1b\n|-resisted|p1a: Arcanine\n|-damage|p1a: Arcanine|57\/100\n|-damage|p1b: Wo-Chien|0 fnt\n|faint|p1b: Wo-Chien\n|move|p1a: Arcanine|Flare Blitz|p2a: Willow\n|-damage|p2a: Willow|35\/100\n|-damage|p1a: Arcanine|43\/100|[from] Recoil\n|\n|-sideend|p1: michisio|Reflect\n|upkeep\n|\n|t:|1682964086\n|switch|p1b: Klefki|Klefki, L50, F|100\/100\n|turn|9\n|\n|t:|1682964102\n|switch|p1a: Ting-Lu|Ting-Lu, L50|86\/100\n|-ability|p1a: Ting-Lu|Vessel of Ruin\n|move|p2a: Willow|Protect|p2a: Willow\n|-singleturn|p2a: Willow|Protect\n|move|p1b: Klefki|Light Screen|p1b: Klefki\n|-sidestart|p1: michisio|move: Light Screen\n|move|p2b: Spordyceps|Spore|p1b: Klefki\n|-status|p1b: Klefki|slp|[from] move: Spore\n|\n|-heal|p1a: Ting-Lu|92\/100|[from] item: Leftovers\n|upkeep\n|turn|10\n|inactive|pokemon_and_beer has 30 seconds left.\n|\n|t:|1682964133\n|switch|p2b: Ripley|Arcanine, L50, F|80\/100\n|-ability|p2b: Ripley|Intimidate|boost\n|-unboost|p1a: Ting-Lu|atk|1\n|-unboost|p1b: Klefki|atk|1\n|move|p1a: Ting-Lu|Protect|p1a: Ting-Lu\n|-singleturn|p1a: Ting-Lu|Protect\n|move|p2a: Willow|Moonblast|p1a: Ting-Lu\n|-activate|p1a: Ting-Lu|move: Protect\n|cant|p1b: Klefki|slp\n|\n|-heal|p1a: Ting-Lu|98\/100|[from] item: Leftovers\n|upkeep\n|turn|11\n|\n|t:|1682964157\n|-end|p2a: Willow|Protosynthesis|[silent]\n|switch|p2a: Spordyceps|Amoonguss, L50, M|100\/100\n|move|p2b: Ripley|Will-O-Wisp|p1a: Ting-Lu\n|-status|p1a: Ting-Lu|brn\n|cant|p1b: Klefki|slp\n|move|p1a: Ting-Lu|Sand Tomb|p2a: Spordyceps\n|-damage|p2a: Spordyceps|96\/100\n|-activate|p2a: Spordyceps|move: Sand Tomb|[of] p1a: Ting-Lu\n|\n|-heal|p1a: Ting-Lu|100\/100 brn|[from] item: Leftovers\n|-damage|p1a: Ting-Lu|94\/100 brn|[from] brn\n|-damage|p2a: Spordyceps|84\/100|[from] move: Sand Tomb|[partiallytrapped]\n|upkeep\n|turn|12\n|inactive|michisio has 30 seconds left.\n|\n|t:|1682964182\n|switch|p1b: Arcanine|Arcanine, L50, M|43\/100\n|-ability|p1b: Arcanine|Intimidate|boost\n|-unboost|p2a: Spordyceps|atk|1\n|-unboost|p2b: Ripley|atk|1\n|move|p2b: Ripley|Howl|p2b: Ripley|[spread] p2a,p2b\n|-boost|p2a: Spordyceps|atk|1\n|-boost|p2b: Ripley|atk|1\n|move|p1a: Ting-Lu|Sand Tomb|p2b: Ripley\n|-supereffective|p2b: Ripley\n|-damage|p2b: Ripley|69\/100\n|-activate|p2b: Ripley|move: Sand Tomb|[of] p1a: Ting-Lu\n|move|p2a: Spordyceps|Pollen Puff|p2b: Ripley\n|-heal|p2b: Ripley|100\/100\n|\n|-heal|p1a: Ting-Lu|100\/100 brn|[from] item: Leftovers\n|-damage|p1a: Ting-Lu|94\/100 brn|[from] brn\n|-damage|p2b: Ripley|88\/100|[from] move: Sand Tomb|[partiallytrapped]\n|-damage|p2a: Spordyceps|72\/100|[from] move: Sand Tomb|[partiallytrapped]\n|upkeep\n|turn|13\n|inactive|pokemon_and_beer has 30 seconds left.\n|inactive|pokemon_and_beer has 20 seconds left.\n|\n|t:|1682964219\n|move|p1b: Arcanine|Flare Blitz|p2a: Spordyceps\n|-supereffective|p2a: Spordyceps\n|-damage|p2a: Spordyceps|0 fnt\n|faint|p2a: Spordyceps\n|-damage|p1b: Arcanine|15\/100|[from] Recoil\n|move|p2b: Ripley|Howl|p2b: Ripley\n|-boost|p2b: Ripley|atk|1\n|move|p1a: Ting-Lu|Stone Edge|p2b: Ripley\n|-supereffective|p2b: Ripley\n|-damage|p2b: Ripley|70\/100\n|\n|-heal|p1a: Ting-Lu|100\/100 brn|[from] item: Leftovers\n|-damage|p1a: Ting-Lu|94\/100 brn|[from] brn\n|-damage|p2b: Ripley|57\/100|[from] move: Sand Tomb|[partiallytrapped]\n|upkeep\n|\n|t:|1682964231\n|switch|p2a: Willow|Flutter Mane, L50, tera:Fairy|35\/100\n|turn|14\n|\n|t:|1682964241\n|move|p2a: Willow|Dazzling Gleam|p1b: Arcanine|[spread] p1a,p1b\n|-supereffective|p1a: Ting-Lu\n|-resisted|p1b: Arcanine\n|-damage|p1a: Ting-Lu|66\/100 brn\n|-damage|p1b: Arcanine|2\/100\n|move|p1b: Arcanine|Flare Blitz|p2a: Willow\n|-damage|p2a: Willow|0 fnt\n|faint|p2a: Willow\n|-end|p2a: Willow|Protosynthesis|[silent]\n|-damage|p1b: Arcanine|0 fnt|[from] Recoil\n|faint|p1b: Arcanine\n|move|p2b: Ripley|Flare Blitz|p1a: Ting-Lu\n|-damage|p1a: Ting-Lu|28\/100 brn\n|-damage|p2b: Ripley|41\/100|[from] Recoil\n|move|p1a: Ting-Lu|Sand Tomb|p2b: Ripley|[miss]\n|-miss|p1a: Ting-Lu|p2b: Ripley\n|\n|-heal|p1a: Ting-Lu|34\/100 brn|[from] item: Leftovers\n|-damage|p1a: Ting-Lu|28\/100 brn|[from] brn\n|-damage|p2b: Ripley|29\/100|[from] move: Sand Tomb|[partiallytrapped]\n|upkeep\n|\n|t:|1682964253\n|switch|p1b: Klefki|Klefki, L50, F|100\/100 slp\n|turn|15\n|\n|t:|1682964269\n|cant|p1b: Klefki|slp\n|move|p2b: Ripley|Howl|p2b: Ripley\n|-boost|p2b: Ripley|atk|1\n|move|p1a: Ting-Lu|Stone Edge|p2b: Ripley|[miss]\n|-miss|p1a: Ting-Lu|p2b: Ripley\n|\n|-heal|p1a: Ting-Lu|34\/100 brn|[from] item: Leftovers\n|-damage|p1a: Ting-Lu|28\/100 brn|[from] brn\n|-damage|p2b: Ripley|17\/100|[from] move: Sand Tomb|[partiallytrapped]\n|upkeep\n|turn|16\n|\n|t:|1682964279\n|-curestatus|p1b: Klefki|slp|[msg]\n|move|p1b: Klefki|Reflect|p1b: Klefki\n|-sidestart|p1: michisio|Reflect\n|move|p2b: Ripley|Flare Blitz|p1a: Ting-Lu\n|-damage|p1a: Ting-Lu|0 fnt\n|faint|p1a: Ting-Lu\n|-damage|p2b: Ripley|5\/100|[from] Recoil\n|\n|-end|p2b: Ripley|Sand Tomb|[partiallytrapped]|[silent]\n|-sideend|p1: michisio|move: Light Screen\n|upkeep\n|turn|17\n|\n|t:|1682964289\n|move|p2b: Ripley|Flare Blitz|p1b: Klefki\n|-supereffective|p1b: Klefki\n|-damage|p1b: Klefki|0 fnt\n|faint|p1b: Klefki\n|-damage|p2b: Ripley|0 fnt|[from] Recoil\n|faint|p2b: Ripley\n|\n|win|pokemon_and_beer\n|raw|michisio's rating: 1372 → 1356<\/strong> (-16 for losing)\n|raw|pokemon_and_beer's rating: 1447 → 1463<\/strong> (+16 for winning)\n|c|\u2606pokemon_and_beer|gg\n","uploadtime":1682964336,"views":17,"p1id":"michisio","p2id":"pokemonandbeer","formatid":"gen9vgc2023regulationc","rating":1356,"private":0,"password":""}