{"id":"gen9vgc2023regulationc-1860803453","p1":"Yarep","p2":"Animauwu","format":"[Gen 9] VGC 2023 Regulation C","log":"|j|\u2606Yarep\n|j|\u2606Animauwu\n|t:|1683679804\n|gametype|doubles\n|player|p1|Yarep|volkner|\n|player|p2|Animauwu|pokekid|\n|teamsize|p1|6\n|teamsize|p2|6\n|gen|9\n|tier|[Gen 9] VGC 2023 Regulation C\n|rule|Species Clause: Limit one of each Pok\u00e9mon\n|rule|Item Clause: Limit one of each item\n|clearpoke\n|poke|p1|Torkoal, L50, M|\n|poke|p1|Chi-Yu, L50|\n|poke|p1|Farigiraf, L50, F|\n|poke|p1|Wo-Chien, L50|\n|poke|p1|Flutter Mane, L50|\n|poke|p1|Great Tusk, L50|\n|poke|p2|Oranguru, L50, M|\n|poke|p2|Grimmsnarl, L50, M|\n|poke|p2|Torkoal, L50, M|\n|poke|p2|Brute Bonnet, L50|\n|poke|p2|Mudsdale, L50, M|\n|poke|p2|Cloyster, L50, M|\n|teampreview|4\n|j| MeteorPlayz_\n|\n|t:|1683679885\n|start\n|switch|p1a: Flutter Mane|Flutter Mane, L50|100\/100\n|switch|p1b: Great Tusk|Great Tusk, L50|100\/100\n|switch|p2a: Oranguru|Oranguru, L50, M|100\/100\n|switch|p2b: Torkoal|Torkoal, L50, M|100\/100\n|-weather|SunnyDay|[from] ability: Drought|[of] p2b: Torkoal\n|-activate|p1a: Flutter Mane|ability: Protosynthesis\n|-start|p1a: Flutter Mane|protosynthesisspe\n|-activate|p1b: Great Tusk|ability: Protosynthesis\n|-start|p1b: Great Tusk|protosynthesisatk\n|-item|p2b: Torkoal|Air Balloon\n|turn|1\n|inactive|Battle timer is ON: inactive players will automatically lose when time's up. (requested by Animauwu)\n|inactive|Animauwu has 60 seconds left.\n|\n|t:|1683679923\n|-terastallize|p2b: Torkoal|Grass\n|move|p2b: Torkoal|Protect|p2b: Torkoal\n|-singleturn|p2b: Torkoal|Protect\n|move|p1a: Flutter Mane|Shadow Ball|p2b: Torkoal\n|-activate|p2b: Torkoal|move: Protect\n|move|p1b: Great Tusk|Knock Off|p2a: Oranguru\n|-supereffective|p2a: Oranguru\n|-enditem|p2a: Oranguru|Focus Sash\n|-damage|p2a: Oranguru|1\/100\n|move|p2a: Oranguru|Trick Room|p2a: Oranguru\n|-fieldstart|move: Trick Room|[of] p2a: Oranguru\n|\n|-weather|SunnyDay|[upkeep]\n|upkeep\n|turn|2\n|inactive|Yarep has 30 seconds left.\n|inactive|Yarep has 20 seconds left.\n|inactive|Yarep has 15 seconds left.\n|inactive|Yarep has 10 seconds left.\n|\n|t:|1683679968\n|move|p2b: Torkoal|Eruption|p1b: Great Tusk|[spread] p1a,p1b\n|-damage|p1a: Flutter Mane|17\/100\n|-damage|p1b: Great Tusk|0 fnt\n|faint|p1b: Great Tusk\n|-end|p1b: Great Tusk|Protosynthesis|[silent]\n|move|p2a: Oranguru|Light Screen|p2a: Oranguru\n|-sidestart|p2: Animauwu|move: Light Screen\n|move|p1a: Flutter Mane|Dazzling Gleam|p2a: Oranguru|[spread] p2a,p2b\n|-damage|p2a: Oranguru|0 fnt\n|-damage|p2b: Torkoal|50\/100\n|-enditem|p2b: Torkoal|Air Balloon\n|faint|p2a: Oranguru\n|-damage|p1a: Flutter Mane|7\/100|[from] item: Life Orb\n|\n|-weather|SunnyDay|[upkeep]\n|upkeep\n|\n|t:|1683679989\n|switch|p2a: Mudsdale|Mudsdale, L50, M|100\/100\n|switch|p1b: Torkoal|Torkoal, L50, M|100\/100\n|turn|3\n|\n|t:|1683679999\n|-end|p1a: Flutter Mane|Protosynthesis|[silent]\n|switch|p1a: Chi-Yu|Chi-Yu, L50|100\/100\n|-ability|p1a: Chi-Yu|Beads of Ruin\n|-terastallize|p1b: Torkoal|Fire\n|move|p2b: Torkoal|Protect|p2b: Torkoal\n|-singleturn|p2b: Torkoal|Protect\n|move|p1b: Torkoal|Eruption|p2a: Mudsdale|[spread] p2a\n|-activate|p2b: Torkoal|move: Protect\n|-damage|p2a: Mudsdale|0 fnt\n|faint|p2a: Mudsdale\n|\n|-weather|SunnyDay|[upkeep]\n|upkeep\n|\n|t:|1683680018\n|switch|p2a: Brute Bonnet|Brute Bonnet, L50|100\/100\n|-activate|p2a: Brute Bonnet|ability: Protosynthesis\n|-start|p2a: Brute Bonnet|protosynthesisatk\n|turn|4\n|\n|t:|1683680033\n|switch|p1b: Flutter Mane|Flutter Mane, L50|7\/100\n|-activate|p1b: Flutter Mane|ability: Protosynthesis\n|-start|p1b: Flutter Mane|protosynthesisspe\n|move|p2b: Torkoal|Heat Wave|p1a: Chi-Yu|[spread] p1a,p1b\n|-resisted|p1a: Chi-Yu\n|-damage|p1a: Chi-Yu|75\/100\n|-damage|p1b: Flutter Mane|0 fnt\n|faint|p1b: Flutter Mane\n|-end|p1b: Flutter Mane|Protosynthesis|[silent]\n|move|p2a: Brute Bonnet|Spore|p1a: Chi-Yu\n|-status|p1a: Chi-Yu|slp|[from] move: Spore\n|cant|p1a: Chi-Yu|slp\n|\n|-weather|SunnyDay|[upkeep]\n|upkeep\n|l| MeteorPlayz_\n|\n|t:|1683680043\n|switch|p1b: Torkoal|Torkoal, L50, M, tera:Fire|100\/100\n|turn|5\n|j| MeteorPlayz_\n|c|\u2606Yarep|NOO IMPORTA GOGOGOGOGOGOOGOG\n|inactive|Animauwu has 30 seconds left.\n|inactive|Animauwu has 20 seconds left.\n|\n|t:|1683680079\n|move|p2a: Brute Bonnet|Sucker Punch|p1b: Torkoal\n|-damage|p1b: Torkoal|54\/100\n|move|p1b: Torkoal|Eruption|p2b: Torkoal|[spread] p2a,p2b\n|-supereffective|p2a: Brute Bonnet\n|-supereffective|p2b: Torkoal\n|-damage|p2a: Brute Bonnet|9\/100\n|-damage|p2b: Torkoal|0 fnt\n|faint|p2b: Torkoal\n|cant|p1a: Chi-Yu|slp\n|\n|-weather|none\n|-end|p2a: Brute Bonnet|Protosynthesis\n|-heal|p2a: Brute Bonnet|14\/100|[from] item: Leftovers\n|-fieldend|move: Trick Room\n|upkeep\n|turn|6\n|\n|t:|1683680103\n|move|p2a: Brute Bonnet|Sucker Punch|p1b: Torkoal\n|-damage|p1b: Torkoal|20\/100\n|-curestatus|p1a: Chi-Yu|slp|[msg]\n|move|p1a: Chi-Yu|Flamethrower|p2a: Brute Bonnet\n|-supereffective|p2a: Brute Bonnet\n|-damage|p2a: Brute Bonnet|0 fnt\n|faint|p2a: Brute Bonnet\n|-end|p2a: Brute Bonnet|Protosynthesis|[silent]\n|\n|win|Yarep\n|l|\u2606Animauwu\n","uploadtime":1683680116,"views":25,"p1id":"yarep","p2id":"animauwu","formatid":"gen9vgc2023regulationc","rating":0,"private":0,"password":""}