{"id":"gen9vgc2023regulationc-1844914366","p1":"Grubbs 4 President","p2":"coop1990","format":"[Gen 9] VGC 2023 Regulation C","log":"|j|\u2606Grubbs 4 President\n|j|\u2606coop1990\n|t:|1681663586\n|gametype|doubles\n|player|p1|Grubbs 4 President|blackbelt-gen4dp|1094\n|player|p2|coop1990|265|1000\n|teamsize|p1|6\n|teamsize|p2|4\n|gen|9\n|tier|[Gen 9] VGC 2023 Regulation C\n|rated|\n|rule|Species Clause: Limit one of each Pok\u00e9mon\n|rule|Item Clause: Limit one of each item\n|clearpoke\n|poke|p1|Torkoal, L50, F|\n|poke|p1|Arcanine, L50, F|\n|poke|p1|Amoonguss, L50, M|\n|poke|p1|Great Tusk, L50|\n|poke|p1|Gastrodon, L50, M|\n|poke|p1|Chi-Yu, L50|\n|poke|p2|Garganacl, L50, M|\n|poke|p2|Glimmora, L50, M|\n|poke|p2|Slowking, L50, M|\n|poke|p2|Glaceon, L50, M|\n|teampreview|4\n|inactive|Battle timer is ON: inactive players will automatically lose when time's up. (requested by Grubbs 4 President)\n|inactive|coop1990 has 60 seconds left.\n|\n|t:|1681663626\n|start\n|switch|p1a: Torkoal|Torkoal, L50, F|100\/100\n|switch|p1b: Chi-Yu|Chi-Yu, L50|100\/100\n|switch|p2a: Glimmora|Glimmora, L50, M|100\/100\n|switch|p2b: Slowking|Slowking, L50, M|100\/100\n|-ability|p1b: Chi-Yu|Beads of Ruin\n|-item|p2b: Slowking|Air Balloon\n|-weather|SunnyDay|[from] ability: Drought|[of] p1a: Torkoal\n|turn|1\n|inactive|Grubbs 4 President has 30 seconds left.\n|\n|t:|1681663654\n|switch|p1b: Gastrodon|Gastrodon, L50, M|100\/100\n|move|p1a: Torkoal|Protect|p1a: Torkoal\n|-singleturn|p1a: Torkoal|Protect\n|move|p2a: Glimmora|Mortal Spin|p1b: Gastrodon|[spread] p1b\n|-activate|p1a: Torkoal|move: Protect\n|-resisted|p1b: Gastrodon\n|-crit|p1b: Gastrodon\n|-damage|p1b: Gastrodon|96\/100\n|-status|p1b: Gastrodon|psn\n|move|p2b: Slowking|Chilly Reception|p2b: Slowking\n|-weather|Snow\n|\n|t:|1681663667\n|switch|p2b: Glaceon|Glaceon, L50, M|100\/100|[from] Chilly Reception\n|\n|-weather|Snow|[upkeep]\n|-damage|p1b: Gastrodon|84\/100 psn|[from] psn\n|upkeep\n|turn|2\n|\n|t:|1681663684\n|switch|p1a: Arcanine|Arcanine, L50, F|100\/100\n|-ability|p1a: Arcanine|Intimidate|boost\n|-unboost|p2a: Glimmora|atk|1\n|-unboost|p2b: Glaceon|atk|1\n|move|p2a: Glimmora|Mortal Spin|p1a: Arcanine|[spread] p1a,p1b\n|-resisted|p1b: Gastrodon\n|-damage|p1a: Arcanine|95\/100\n|-damage|p1b: Gastrodon|82\/100 psn\n|-status|p1a: Arcanine|psn\n|move|p2b: Glaceon|Wish|p2b: Glaceon\n|move|p1b: Gastrodon|Muddy Water|p2b: Glaceon|[spread] p2a,p2b\n|-supereffective|p2a: Glimmora\n|-damage|p2a: Glimmora|38\/100\n|-damage|p2b: Glaceon|74\/100\n|-unboost|p2b: Glaceon|accuracy|1\n|\n|-weather|Snow|[upkeep]\n|-heal|p2b: Glaceon|79\/100|[from] ability: Ice Body\n|-heal|p2b: Glaceon|85\/100|[from] item: Leftovers\n|-damage|p1a: Arcanine|83\/100 psn|[from] psn\n|-damage|p1b: Gastrodon|70\/100 psn|[from] psn\n|upkeep\n|turn|3\n|inactive|Grubbs 4 President has 30 seconds left.\n|inactive|coop1990 has 30 seconds left.\n|inactive|Grubbs 4 President has 20 seconds left.\n|\n|t:|1681663722\n|switch|p2a: Slowking|Slowking, L50, M|100\/100\n|-item|p2a: Slowking|Air Balloon\n|move|p1a: Arcanine|Close Combat|p2b: Glaceon\n|-supereffective|p2b: Glaceon\n|-damage|p2b: Glaceon|36\/100\n|-unboost|p1a: Arcanine|def|1\n|-unboost|p1a: Arcanine|spd|1\n|move|p2b: Glaceon|Blizzard|p1b: Gastrodon|[spread] p1a,p1b\n|-resisted|p1a: Arcanine\n|-damage|p1a: Arcanine|61\/100 psn\n|-damage|p1b: Gastrodon|34\/100 psn\n|move|p1b: Gastrodon|Muddy Water|p2b: Glaceon|[spread] p2a,p2b\n|-resisted|p2a: Slowking\n|-damage|p2a: Slowking|90\/100\n|-damage|p2b: Glaceon|11\/100\n|-enditem|p2a: Slowking|Air Balloon\n|\n|-weather|Snow|[upkeep]\n|-heal|p2b: Glaceon|17\/100|[from] ability: Ice Body\n|-heal|p2b: Glaceon|67\/100|[from] move: Wish|[wisher] Glaceon\n|-heal|p2b: Glaceon|72\/100|[from] item: Leftovers\n|-damage|p1a: Arcanine|49\/100 psn|[from] psn\n|-damage|p1b: Gastrodon|22\/100 psn|[from] psn\n|upkeep\n|-enditem|p1b: Gastrodon|Iapapa Berry|[eat]\n|-heal|p1b: Gastrodon|55\/100 psn|[from] item: Iapapa Berry\n|turn|4\n|inactive|coop1990 has 30 seconds left.\n|inactive|coop1990 has 20 seconds left.\n|\n|t:|1681663758\n|move|p1a: Arcanine|Flare Blitz|p2b: Glaceon\n|-supereffective|p2b: Glaceon\n|-damage|p2b: Glaceon|0 fnt\n|faint|p2b: Glaceon\n|-damage|p1a: Arcanine|25\/100 psn|[from] Recoil\n|move|p1b: Gastrodon|Muddy Water|p2a: Slowking\n|-resisted|p2a: Slowking\n|-damage|p2a: Slowking|77\/100\n|-unboost|p2a: Slowking|accuracy|1\n|move|p2a: Slowking|Blizzard|p1a: Arcanine|[spread] p1a,p1b\n|-resisted|p1a: Arcanine\n|-damage|p1a: Arcanine|13\/100 psn\n|-damage|p1b: Gastrodon|35\/100 psn\n|\n|-weather|Snow|[upkeep]\n|-damage|p1a: Arcanine|1\/100 psn|[from] psn\n|-damage|p1b: Gastrodon|23\/100 psn|[from] psn\n|upkeep\n|\n|t:|1681663776\n|switch|p2b: Glimmora|Glimmora, L50, M|38\/100\n|turn|5\n|\n|t:|1681663785\n|move|p2b: Glimmora|Protect|p2b: Glimmora\n|-singleturn|p2b: Glimmora|Protect\n|move|p1a: Arcanine|Flare Blitz|p2b: Glimmora\n|-activate|p2b: Glimmora|move: Protect\n|move|p1b: Gastrodon|Muddy Water|p2a: Slowking|[spread] \n|-activate|p2b: Glimmora|move: Protect\n|-miss|p1b: Gastrodon|p2a: Slowking\n|move|p2a: Slowking|Trick Room|p2a: Slowking\n|-fieldstart|move: Trick Room|[of] p2a: Slowking\n|\n|-weather|none\n|-damage|p1b: Gastrodon|10\/100 psn|[from] psn\n|-damage|p1a: Arcanine|0 fnt|[from] psn\n|faint|p1a: Arcanine\n|upkeep\n|\n|t:|1681663787\n|switch|p1a: Torkoal|Torkoal, L50, F|100\/100\n|-weather|SunnyDay|[from] ability: Drought|[of] p1a: Torkoal\n|turn|6\n|\n|t:|1681663812\n|switch|p1a: Chi-Yu|Chi-Yu, L50|100\/100\n|-ability|p1a: Chi-Yu|Beads of Ruin\n|switch|p2b: Garganacl|Garganacl, L50, M|100\/100\n|move|p2a: Slowking|Chilly Reception|p2a: Slowking\n|-weather|Snow\n|\n|t:|1681663824\n|switch|p2a: Glimmora|Glimmora, L50, M|38\/100|[from] Chilly Reception\n|move|p1b: Gastrodon|Muddy Water|p2a: Glimmora|[spread] p2a\n|-miss|p1b: Gastrodon|p2b: Garganacl\n|-supereffective|p2a: Glimmora\n|-damage|p2a: Glimmora|0 fnt\n|faint|p2a: Glimmora\n|\n|-weather|Snow|[upkeep]\n|-damage|p1b: Gastrodon|0 fnt|[from] psn\n|faint|p1b: Gastrodon\n|upkeep\n|\n|t:|1681663842\n|switch|p1b: Torkoal|Torkoal, L50, F|100\/100\n|switch|p2a: Slowking|Slowking, L50, M|100\/100\n|-weather|SunnyDay|[from] ability: Drought|[of] p1b: Torkoal\n|turn|7\n|\n|t:|1681663855\n|move|p1b: Torkoal|Body Press|p2b: Garganacl\n|-supereffective|p2b: Garganacl\n|-damage|p2b: Garganacl|52\/100\n|move|p2a: Slowking|Chilly Reception|p2a: Slowking\n|-weather|Snow\n|move|p2b: Garganacl|Salt Cure|p1b: Torkoal\n|-supereffective|p1b: Torkoal\n|-damage|p1b: Torkoal|82\/100\n|-start|p1b: Torkoal|Salt Cure\n|move|p1a: Chi-Yu|Ruination|p2b: Garganacl\n|-damage|p2b: Garganacl|27\/100\n|\n|-weather|Snow|[upkeep]\n|-damage|p1b: Torkoal|70\/100|[from] Salt Cure\n|upkeep\n|turn|8\n|inactive|Grubbs 4 President has 30 seconds left.\n|\n|t:|1681663884\n|move|p1b: Torkoal|Protect|p1b: Torkoal\n|-singleturn|p1b: Torkoal|Protect\n|move|p2b: Garganacl|Protect|p2b: Garganacl\n|-singleturn|p2b: Garganacl|Protect\n|move|p2a: Slowking|Blizzard|p1a: Chi-Yu|[spread] p1a\n|-activate|p1b: Torkoal|move: Protect\n|-resisted|p1a: Chi-Yu\n|-damage|p1a: Chi-Yu|90\/100\n|move|p1a: Chi-Yu|Ruination|p2a: Slowking\n|-damage|p2a: Slowking|50\/100\n|\n|-weather|Snow|[upkeep]\n|-damage|p1b: Torkoal|58\/100|[from] Salt Cure\n|upkeep\n|turn|9\n|\n|t:|1681663906\n|move|p1b: Torkoal|Body Press|p2b: Garganacl\n|-supereffective|p2b: Garganacl\n|-crit|p2b: Garganacl\n|-damage|p2b: Garganacl|0 fnt\n|faint|p2b: Garganacl\n|move|p2a: Slowking|Slack Off|p2a: Slowking\n|-heal|p2a: Slowking|100\/100\n|move|p1a: Chi-Yu|Ruination|p2a: Slowking\n|-damage|p2a: Slowking|50\/100\n|\n|-weather|Snow|[upkeep]\n|-damage|p1b: Torkoal|45\/100|[from] Salt Cure\n|-fieldend|move: Trick Room\n|upkeep\n|turn|10\n|\n|t:|1681663924\n|move|p1b: Torkoal|Protect|p1b: Torkoal\n|-singleturn|p1b: Torkoal|Protect\n|move|p1a: Chi-Yu|Ruination|p2a: Slowking\n|-damage|p2a: Slowking|26\/100\n|move|p2a: Slowking|Slack Off|p2a: Slowking\n|-heal|p2a: Slowking|76\/100\n|\n|-weather|Snow|[upkeep]\n|-damage|p1b: Torkoal|33\/100|[from] Salt Cure\n|upkeep\n|turn|11\n|inactive|Grubbs 4 President has 30 seconds left.\n|inactive|Grubbs 4 President has 20 seconds left.\n|inactive|Grubbs 4 President has 15 seconds left.\n|-message|Grubbs 4 President forfeited.\n|\n|win|coop1990\n|raw|Grubbs 4 President's rating: 1046 → 1027<\/strong> (-19 for losing)\n|raw|coop1990's rating: 1000 → 1045<\/strong> (+45 for winning)\n|l|\u2606Grubbs 4 President\n","uploadtime":1681663972,"views":12,"p1id":"grubbs4president","p2id":"coop1990","formatid":"gen9vgc2023regulationc","rating":1027,"private":0,"password":""}