{"id":"gen9vgc2023regulationc-1862400066","p1":"Dragopult124","p2":"fabiobl7","format":"[Gen 9] VGC 2023 Regulation C","log":"|j|\u2606Dragopult124\n|j|\u2606fabiobl7\n|t:|1683879768\n|gametype|doubles\n|player|p1|Dragopult124|265|1222\n|player|p2|fabiobl7|102|1324\n|teamsize|p1|6\n|teamsize|p2|6\n|gen|9\n|tier|[Gen 9] VGC 2023 Regulation C\n|rated|\n|rule|Species Clause: Limit one of each Pok\u00e9mon\n|rule|Item Clause: Limit one of each item\n|clearpoke\n|poke|p1|Volcarona, L50, M|\n|poke|p1|Baxcalibur, L50, F|\n|poke|p1|Gholdengo, L50|\n|poke|p1|Great Tusk, L50|\n|poke|p1|Grimmsnarl, L50, M|\n|poke|p1|Brute Bonnet, L50|\n|poke|p2|Amoonguss, L50, M|\n|poke|p2|Gyarados, L50, M|\n|poke|p2|Flutter Mane, L50|\n|poke|p2|Roaring Moon, L50|\n|poke|p2|Kingambit, L50, M|\n|poke|p2|Palafin, L50, M|\n|teampreview|4\n|\n|t:|1683879798\n|start\n|switch|p1a: Great Tusk|Great Tusk, L50|100\/100\n|switch|p1b: Grimmsnarl|Grimmsnarl, L50, M|100\/100\n|switch|p2a: Palafin|Palafin, L50, M|100\/100\n|switch|p2b: Roaring Moon|Roaring Moon, L50|100\/100\n|-enditem|p2b: Roaring Moon|Booster Energy\n|-activate|p2b: Roaring Moon|ability: Protosynthesis|[fromitem]\n|-start|p2b: Roaring Moon|protosynthesisatk\n|turn|1\n|\n|t:|1683879818\n|detailschange|p2a: Palafin|Palafin-Hero, L50, M\n|switch|p2a: Gyarados|Gyarados, L50, M|100\/100\n|-ability|p2a: Gyarados|Intimidate|boost\n|-unboost|p1a: Great Tusk|atk|1\n|-unboost|p1b: Grimmsnarl|atk|1\n|move|p1b: Grimmsnarl|Reflect|p1b: Grimmsnarl\n|-sidestart|p1: Dragopult124|Reflect\n|move|p2b: Roaring Moon|Acrobatics|p1a: Great Tusk\n|-supereffective|p1a: Great Tusk\n|-damage|p1a: Great Tusk|63\/100\n|move|p1a: Great Tusk|Rock Slide|p2b: Roaring Moon|[spread] p2a,p2b\n|-supereffective|p2a: Gyarados\n|-damage|p2a: Gyarados|73\/100\n|-damage|p2b: Roaring Moon|88\/100\n|\n|upkeep\n|turn|2\n|inactive|Battle timer is ON: inactive players will automatically lose when time's up. (requested by Dragopult124)\n|\n|t:|1683879843\n|move|p1b: Grimmsnarl|Misty Terrain|p1b: Grimmsnarl\n|-fieldstart|move: Misty Terrain\n|move|p2b: Roaring Moon|Breaking Swipe|p1b: Grimmsnarl|[spread] p1a\n|-immune|p1b: Grimmsnarl\n|-damage|p1a: Great Tusk|55\/100\n|-unboost|p1a: Great Tusk|atk|1\n|move|p1a: Great Tusk|Rock Slide|p2b: Roaring Moon|[spread] p2a\n|-miss|p1a: Great Tusk|p2b: Roaring Moon\n|-supereffective|p2a: Gyarados\n|-damage|p2a: Gyarados|55\/100\n|move|p2a: Gyarados|Waterfall|p1a: Great Tusk\n|-supereffective|p1a: Great Tusk\n|-damage|p1a: Great Tusk|26\/100\n|\n|upkeep\n|turn|3\n|\n|t:|1683879867\n|-end|p1a: Great Tusk|Protosynthesis|[silent]\n|switch|p1a: Baxcalibur|Baxcalibur, L50, F|100\/100\n|move|p2b: Roaring Moon|Acrobatics|p1b: Grimmsnarl\n|-damage|p1b: Grimmsnarl|74\/100\n|move|p2a: Gyarados|Taunt|p1b: Grimmsnarl\n|-start|p1b: Grimmsnarl|move: Taunt\n|move|p1b: Grimmsnarl|Spirit Break|p2b: Roaring Moon\n|-supereffective|p2b: Roaring Moon\n|-damage|p2b: Roaring Moon|25\/100\n|-unboost|p2b: Roaring Moon|spa|1\n|\n|upkeep\n|turn|4\n|\n|t:|1683879890\n|move|p2b: Roaring Moon|Breaking Swipe|p1b: Grimmsnarl|[spread] p1a\n|-immune|p1b: Grimmsnarl\n|-supereffective|p1a: Baxcalibur\n|-damage|p1a: Baxcalibur|85\/100\n|move|p1a: Baxcalibur|Glaive Rush|p2a: Gyarados\n|-damage|p2a: Gyarados|0 fnt\n|-singlemove|p1a: Baxcalibur|Glaive Rush|[silent]\n|faint|p2a: Gyarados\n|move|p1b: Grimmsnarl|Spirit Break|p2b: Roaring Moon\n|-supereffective|p2b: Roaring Moon\n|-damage|p2b: Roaring Moon|0 fnt\n|faint|p2b: Roaring Moon\n|-end|p2b: Roaring Moon|Protosynthesis|[silent]\n|\n|upkeep\n|\n|t:|1683879899\n|switch|p2b: Flutter Mane|Flutter Mane, L50|100\/100\n|switch|p2a: Palafin|Palafin-Hero, L50, M|100\/100\n|-activate|p2a: Palafin|ability: Zero to Hero\n|turn|5\n|\n|t:|1683879911\n|-terastallize|p2b: Flutter Mane|Fairy\n|move|p1a: Baxcalibur|Protect|p1a: Baxcalibur\n|-singleturn|p1a: Baxcalibur|Protect\n|move|p2a: Palafin|Jet Punch|p1a: Baxcalibur\n|-activate|p1a: Baxcalibur|move: Protect\n|move|p2b: Flutter Mane|Dazzling Gleam|p1a: Baxcalibur|[spread] p1b\n|-activate|p1a: Baxcalibur|move: Protect\n|-supereffective|p1b: Grimmsnarl\n|-damage|p1b: Grimmsnarl|0 fnt\n|faint|p1b: Grimmsnarl\n|\n|upkeep\n|\n|t:|1683879926\n|switch|p1b: Brute Bonnet|Brute Bonnet, L50|100\/100\n|-enditem|p1b: Brute Bonnet|Booster Energy\n|-activate|p1b: Brute Bonnet|ability: Protosynthesis|[fromitem]\n|-start|p1b: Brute Bonnet|protosynthesisatk\n|turn|6\n|inactive|Dragopult124 has 30 seconds left.\n|\n|t:|1683879954\n|-terastallize|p1b: Brute Bonnet|Poison\n|move|p2a: Palafin|Protect|p2a: Palafin\n|-singleturn|p2a: Palafin|Protect\n|move|p1a: Baxcalibur|Ice Shard|p2b: Flutter Mane\n|-damage|p2b: Flutter Mane|65\/100\n|move|p2b: Flutter Mane|Dazzling Gleam|p1a: Baxcalibur|[spread] p1a,p1b\n|-supereffective|p1a: Baxcalibur\n|-resisted|p1b: Brute Bonnet\n|-damage|p1a: Baxcalibur|0 fnt\n|-damage|p1b: Brute Bonnet|70\/100\n|faint|p1a: Baxcalibur\n|move|p1b: Brute Bonnet|Seed Bomb|p2b: Flutter Mane\n|-damage|p2b: Flutter Mane|0 fnt\n|faint|p2b: Flutter Mane\n|-end|p2b: Flutter Mane|Protosynthesis|[silent]\n|\n|-fieldend|Misty Terrain\n|upkeep\n|\n|t:|1683879967\n|switch|p1a: Great Tusk|Great Tusk, L50|26\/100\n|turn|7\n|\n|t:|1683879974\n|move|p2a: Palafin|Wave Crash|p1b: Brute Bonnet\n|-damage|p1b: Brute Bonnet|12\/100\n|-damage|p2a: Palafin|81\/100|[from] Recoil\n|move|p1a: Great Tusk|Close Combat|p2a: Palafin\n|-damage|p2a: Palafin|22\/100\n|-unboost|p1a: Great Tusk|def|1\n|-unboost|p1a: Great Tusk|spd|1\n|move|p1b: Brute Bonnet|Spore|p2a: Palafin\n|-status|p2a: Palafin|slp|[from] move: Spore\n|\n|upkeep\n|turn|8\n|\n|t:|1683879992\n|cant|p2a: Palafin|slp\n|move|p1a: Great Tusk|Headlong Rush|p2a: Palafin\n|-damage|p2a: Palafin|0 fnt\n|-unboost|p1a: Great Tusk|def|1\n|-unboost|p1a: Great Tusk|spd|1\n|faint|p2a: Palafin\n|\n|win|Dragopult124\n|raw|Dragopult124's rating: 1222 → 1254<\/strong> (+32 for winning)\n|raw|fabiobl7's rating: 1324 → 1298<\/strong> (-26 for losing)\n|l|\u2606Dragopult124\n|j|\u2606Dragopult124\n|player|p1|Dragopult124|265\n","uploadtime":1683880129,"views":12,"p1id":"dragopult124","p2id":"fabiobl7","formatid":"gen9vgc2023regulationc","rating":1254,"private":0,"password":""}