{"id":"gen9vgc2023regulationc-1847208632","p1":"fuckstain2","p2":"Bnt162b2","format":"[Gen 9] VGC 2023 Regulation C","log":"|j|\u2606fuckstain2\n|j|\u2606Bnt162b2\n|t:|1681927936\n|gametype|doubles\n|player|p1|fuckstain2|steven-gen3|1121\n|player|p2|Bnt162b2|169|1123\n|teamsize|p1|6\n|teamsize|p2|6\n|gen|9\n|tier|[Gen 9] VGC 2023 Regulation C\n|rated|\n|rule|Species Clause: Limit one of each Pok\u00e9mon\n|rule|Item Clause: Limit one of each item\n|clearpoke\n|poke|p1|Arcanine, L50, F|\n|poke|p1|Talonflame, L50, M|\n|poke|p1|Amoonguss, L50, M|\n|poke|p1|Palafin, L50, M|\n|poke|p1|Flutter Mane, L50|\n|poke|p1|Annihilape, L50, F|\n|poke|p2|Palafin, L50, F|\n|poke|p2|Arcanine, L50, M|\n|poke|p2|Iron Hands, L50|\n|poke|p2|Flutter Mane, L50|\n|poke|p2|Amoonguss, L50, M|\n|poke|p2|Chien-Pao, L50|\n|teampreview|4\nfuckstain2 has agreed to open team sheets.\n|\n|t:|1681927955\n|start\n|switch|p1a: Roy|Talonflame, L50, M|100\/100\n|switch|p1b: Suzaku|Annihilape, L50, F|100\/100\n|switch|p2a: Iron Hands|Iron Hands, L50, shiny|100\/100\n|switch|p2b: Flutter Mane|Flutter Mane, L50, shiny|100\/100\n|-enditem|p2b: Flutter Mane|Booster Energy\n|-activate|p2b: Flutter Mane|ability: Protosynthesis|[fromitem]\n|-start|p2b: Flutter Mane|protosynthesisspe\n|turn|1\n|\n|t:|1681927968\n|move|p2b: Flutter Mane|Protect|p2b: Flutter Mane\n|-singleturn|p2b: Flutter Mane|Protect\n|move|p1b: Suzaku|Protect|p1b: Suzaku\n|-singleturn|p1b: Suzaku|Protect\n|move|p1a: Roy|Will-O-Wisp|p2a: Iron Hands\n|-status|p2a: Iron Hands|brn\n|move|p2a: Iron Hands|Volt Switch|p1a: Roy\n|-supereffective|p1a: Roy\n|-damage|p1a: Roy|70\/100\n|\n|t:|1681927977\n|-end|p2a: Iron Hands|Quark Drive|[silent]\n|switch|p2a: Chien-Pao|Chien-Pao, L50|100\/100|[from] Volt Switch\n|-ability|p2a: Chien-Pao|Sword of Ruin\n|\n|upkeep\n|turn|2\n|\n|t:|1681927997\n|move|p2b: Flutter Mane|Shadow Ball|p1b: Suzaku\n|-supereffective|p1b: Suzaku\n|-damage|p1b: Suzaku|13\/100\n|move|p2a: Chien-Pao|Throat Chop|p1b: Suzaku\n|-crit|p1b: Suzaku\n|-damage|p1b: Suzaku|0 fnt\n|faint|p1b: Suzaku\n|move|p1a: Roy|Tailwind|p1a: Roy\n|-sidestart|p1: fuckstain2|move: Tailwind\n|\n|upkeep\n|\n|t:|1681928008\n|switch|p1b: Sango|Flutter Mane, L50|100\/100\n|turn|3\n|\n|t:|1681928029\n|-terastallize|p1b: Sango|Fairy\n|move|p2a: Chien-Pao|Protect|p2a: Chien-Pao\n|-singleturn|p2a: Chien-Pao|Protect\n|move|p1b: Sango|Dazzling Gleam|p2a: Chien-Pao|[spread] p2b\n|-activate|p2a: Chien-Pao|move: Protect\n|-damage|p2b: Flutter Mane|51\/100\n|move|p1a: Roy|Will-O-Wisp|p2a: Chien-Pao\n|-activate|p2a: Chien-Pao|move: Protect\n|move|p2b: Flutter Mane|Shadow Ball|p1a: Roy\n|-damage|p1a: Roy|16\/100\n|-unboost|p1a: Roy|spd|1\n|\n|upkeep\n|turn|4\n|\n|t:|1681928048\n|switch|p2a: Amoonguss|Amoonguss, L50, M, shiny|100\/100\n|move|p2b: Flutter Mane|Protect|p2b: Flutter Mane\n|-singleturn|p2b: Flutter Mane|Protect\n|move|p1b: Sango|Dazzling Gleam|p2b: Flutter Mane|[spread] p2a\n|-activate|p2b: Flutter Mane|move: Protect\n|-resisted|p2a: Amoonguss\n|-damage|p2a: Amoonguss|75\/100\n|move|p1a: Roy|Brave Bird|p2b: Flutter Mane\n|-activate|p2b: Flutter Mane|move: Protect\n|\n|upkeep\n|turn|5\n|\n|t:|1681928068\n|-terastallize|p2b: Flutter Mane|Fairy\n|move|p2a: Amoonguss|Rage Powder|p2a: Amoonguss\n|-singleturn|p2a: Amoonguss|move: Rage Powder\n|move|p1b: Sango|Dazzling Gleam|p2a: Amoonguss|[spread] p2a,p2b\n|-resisted|p2a: Amoonguss\n|-damage|p2a: Amoonguss|51\/100\n|-damage|p2b: Flutter Mane|6\/100\n|move|p1a: Roy|Brave Bird|p2a: Amoonguss\n|-supereffective|p2a: Amoonguss\n|-damage|p2a: Amoonguss|0 fnt\n|faint|p2a: Amoonguss\n|-damage|p1a: Roy|0 fnt|[from] Recoil\n|faint|p1a: Roy\n|move|p2b: Flutter Mane|Dazzling Gleam|p1b: Sango\n|-crit|p1b: Sango\n|-damage|p1b: Sango|10\/100\n|\n|-sideend|p1: fuckstain2|move: Tailwind\n|upkeep\n|\n|t:|1681928080\n|switch|p1a: Crewmate|Amoonguss, L50, M|100\/100\n|switch|p2a: Iron Hands|Iron Hands, L50, shiny|100\/100 brn\n|turn|6\n|-message|fuckstain2 forfeited.\n|\n|win|Bnt162b2\n|raw|fuckstain2's rating: 1121 → 1096<\/strong> (-25 for losing)\n|raw|Bnt162b2's rating: 1123 → 1148<\/strong> (+25 for winning)\n|l|\u2606fuckstain2\n","uploadtime":1681928105,"views":11,"p1id":"fuckstain2","p2id":"bnt162b2","formatid":"gen9vgc2023regulationc","rating":1096,"private":0,"password":""}