{"id":"gen9vgc2023regulationc-1858584017","p1":"NickoVGC","p2":"Jazz Frost","format":"[Gen 9] VGC 2023 Regulation C","log":"|j|\u2606NickoVGC\n|j|\u2606Jazz Frost\n|t:|1683328430\n|gametype|doubles\n|player|p1|NickoVGC|ortega|\n|player|p2|Jazz Frost|ingo|\n|teamsize|p1|6\n|teamsize|p2|6\n|gen|9\n|tier|[Gen 9] VGC 2023 Regulation C\n|rule|Species Clause: Limit one of each Pok\u00e9mon\n|rule|Item Clause: Limit one of each item\n|clearpoke\n|poke|p1|Dragonite, L50, M|\n|poke|p1|Amoonguss, L50, M|\n|poke|p1|Palafin, L50, M|\n|poke|p1|Flutter Mane, L50|\n|poke|p1|Ting-Lu, L50|\n|poke|p1|Garganacl, L50, F|\n|poke|p2|Amoonguss, L50, F|\n|poke|p2|Ting-Lu, L50|\n|poke|p2|Iron Hands, L50|\n|poke|p2|Flutter Mane, L50|\n|poke|p2|Gastrodon, L50, M|\n|poke|p2|Ceruledge, L50, F|\n|teampreview|4\nJazz Frost has agreed to open team sheets.\nNickoVGC has agreed to open team sheets.\n|\n|t:|1683328465\n|start\n|switch|p1a: Aleteahuevos|Flutter Mane, L50|100\/100\n|switch|p1b: Dragosam|Dragonite, L50, M|100\/100\n|switch|p2a: Amogus \u0d9e|Amoonguss, L50, F|100\/100\n|switch|p2b: Ferrochaquetas|Iron Hands, L50|100\/100\n|-enditem|p1a: Aleteahuevos|Booster Energy\n|-activate|p1a: Aleteahuevos|ability: Protosynthesis|[fromitem]\n|-start|p1a: Aleteahuevos|protosynthesisspa\n|turn|1\n|\n|t:|1683328485\n|-terastallize|p2b: Ferrochaquetas|Fire\n|move|p2b: Ferrochaquetas|Fake Out|p1b: Dragosam\n|-damage|p1b: Dragosam|84\/100\n|move|p1a: Aleteahuevos|Moonblast|p2b: Ferrochaquetas\n|-resisted|p2b: Ferrochaquetas\n|-damage|p2b: Ferrochaquetas|72\/100\n|move|p1b: Dragosam|Dragon Dance|p1b: Dragosam\n|-boost|p1b: Dragosam|atk|1\n|-boost|p1b: Dragosam|spe|1\n|move|p2a: Amogus \u0d9e|Spore|p1a: Aleteahuevos\n|-status|p1a: Aleteahuevos|slp|[from] move: Spore\n|\n|upkeep\n|turn|2\n|\n|t:|1683328514\n|cant|p1a: Aleteahuevos|slp\n|move|p2a: Amogus \u0d9e|Protect|p2a: Amogus \u0d9e\n|-singleturn|p2a: Amogus \u0d9e|Protect\n|move|p1b: Dragosam|Dragon Dance|p1b: Dragosam\n|-boost|p1b: Dragosam|atk|1\n|-boost|p1b: Dragosam|spe|1\n|move|p2b: Ferrochaquetas|Swords Dance|p2b: Ferrochaquetas\n|-boost|p2b: Ferrochaquetas|atk|2\n|\n|upkeep\n|turn|3\n|c|\u2606NickoVGC|Todo o nada\n|\n|t:|1683328552\n|-terastallize|p1b: Dragosam|Normal\n|move|p1b: Dragosam|Extreme Speed|p2b: Ferrochaquetas\n|-damage|p2b: Ferrochaquetas|8\/100\n|-curestatus|p1a: Aleteahuevos|slp|[msg]\n|move|p1a: Aleteahuevos|Moonblast|p2b: Ferrochaquetas\n|-resisted|p2b: Ferrochaquetas\n|-damage|p2b: Ferrochaquetas|0 fnt\n|faint|p2b: Ferrochaquetas\n|-end|p2b: Ferrochaquetas|Quark Drive|[silent]\n|move|p2a: Amogus \u0d9e|Spore|p1b: Dragosam\n|-status|p1b: Dragosam|slp|[from] move: Spore\n|-enditem|p1b: Dragosam|Lum Berry|[eat]\n|-curestatus|p1b: Dragosam|slp|[msg]\n|\n|upkeep\n|\n|t:|1683328572\n|switch|p2b: Escaldar\u00b4nt|Gastrodon, L50, M|100\/100\n|turn|4\n|\n|t:|1683328593\n|move|p2a: Amogus \u0d9e|Protect|p2a: Amogus \u0d9e\n|-singleturn|p2a: Amogus \u0d9e|Protect\n|move|p1b: Dragosam|Extreme Speed|p2a: Amogus \u0d9e\n|-activate|p2a: Amogus \u0d9e|move: Protect\n|move|p1a: Aleteahuevos|Mystical Fire|p2a: Amogus \u0d9e\n|-activate|p2a: Amogus \u0d9e|move: Protect\n|move|p2b: Escaldar\u00b4nt|Yawn|p1b: Dragosam\n|-start|p1b: Dragosam|move: Yawn|[of] p2b: Escaldar\u00b4nt\n|\n|upkeep\n|turn|5\n|\n|t:|1683328615\n|switch|p2a: Mirada lasciva|Flutter Mane, L50|100\/100\n|-enditem|p2a: Mirada lasciva|Booster Energy\n|-activate|p2a: Mirada lasciva|ability: Protosynthesis|[fromitem]\n|-start|p2a: Mirada lasciva|protosynthesisspe\n|move|p1b: Dragosam|Extreme Speed|p2b: Escaldar\u00b4nt\n|-crit|p2b: Escaldar\u00b4nt\n|-damage|p2b: Escaldar\u00b4nt|0 fnt\n|faint|p2b: Escaldar\u00b4nt\n|move|p1a: Aleteahuevos|Mystical Fire|p2a: Mirada lasciva\n|-damage|p2a: Mirada lasciva|58\/100\n|-unboost|p2a: Mirada lasciva|spa|1\n|\n|-end|p1b: Dragosam|move: Yawn|[silent]\n|-status|p1b: Dragosam|slp\n|upkeep\n|\n|t:|1683328628\n|switch|p2b: Amogus \u0d9e|Amoonguss, L50, F|100\/100\n|turn|6\n|c|\u2606NickoVGC|Tremenda predict\n|\n|t:|1683328647\n|cant|p1b: Dragosam|slp\n|move|p2a: Mirada lasciva|Shadow Ball|p1a: Aleteahuevos\n|-supereffective|p1a: Aleteahuevos\n|-damage|p1a: Aleteahuevos|37\/100\n|-unboost|p1a: Aleteahuevos|spd|1\n|move|p1a: Aleteahuevos|Mystical Fire|p2b: Amogus \u0d9e\n|-supereffective|p2b: Amogus \u0d9e\n|-damage|p2b: Amogus \u0d9e|32\/100\n|-unboost|p2b: Amogus \u0d9e|spa|1\n|-enditem|p2b: Amogus \u0d9e|Sitrus Berry|[eat]\n|-heal|p2b: Amogus \u0d9e|57\/100|[from] item: Sitrus Berry\n|move|p2b: Amogus \u0d9e|Spore|p1a: Aleteahuevos\n|-status|p1a: Aleteahuevos|slp|[from] move: Spore\n|\n|upkeep\n|turn|7\n|\n|t:|1683328668\n|cant|p1a: Aleteahuevos|slp\n|-curestatus|p1b: Dragosam|slp|[msg]\n|move|p1b: Dragosam|Extreme Speed|p2b: Amogus \u0d9e\n|-damage|p2b: Amogus \u0d9e|0 fnt\n|faint|p2b: Amogus \u0d9e\n|move|p2a: Mirada lasciva|Shadow Ball|p1a: Aleteahuevos\n|-supereffective|p1a: Aleteahuevos\n|-damage|p1a: Aleteahuevos|0 fnt\n|faint|p1a: Aleteahuevos\n|-end|p1a: Aleteahuevos|Protosynthesis|[silent]\n|\n|upkeep\n|\n|t:|1683328679\n|switch|p1a: Eso Fisurin|Ting-Lu, L50|100\/100\n|-ability|p1a: Eso Fisurin|Vessel of Ruin\n|turn|8\n|\n|t:|1683328692\n|move|p2a: Mirada lasciva|Dazzling Gleam|p1a: Eso Fisurin|[spread] p1a,p1b\n|-supereffective|p1a: Eso Fisurin\n|-damage|p1a: Eso Fisurin|85\/100\n|-damage|p1b: Dragosam|68\/100\n|move|p1b: Dragosam|Iron Head|p2a: Mirada lasciva\n|-supereffective|p2a: Mirada lasciva\n|-damage|p2a: Mirada lasciva|0 fnt\n|faint|p2a: Mirada lasciva\n|-end|p2a: Mirada lasciva|Protosynthesis|[silent]\n|\n|win|NickoVGC\n|c|\u2606NickoVGC|Ahhhh\n|c|\u2606Jazz Frost|Tas fuerte dragosam\n|c|\u2606NickoVGC|Sis\n|c|\u2606NickoVGC|Eso fue una tortura lo del garganacl\n|c|\u2606NickoVGC|Solo en emergencias lo usare\n|c|\u2606NickoVGC|Estoy traumado\n|c|\u2606Jazz Frost|Sep, te deseo suerte en el torneo\n|c|\u2606NickoVGC|A ti tambien\n","uploadtime":1683328778,"views":7,"p1id":"nickovgc","p2id":"jazzfrost","formatid":"gen9vgc2023regulationc","rating":0,"private":0,"password":""}