{"id":"gen9vgc2023regulationc-1863847266","p1":"Inferno prodigy","p2":"Yeetawheat","format":"[Gen 9] VGC 2023 Regulation C","log":"|j|\u2606Inferno prodigy\n|j|\u2606Yeetawheat\n|t:|1684084913\n|gametype|doubles\n|player|p1|Inferno prodigy|266|\n|player|p2|Yeetawheat|2|\n|teamsize|p1|6\n|teamsize|p2|6\n|gen|9\n|tier|[Gen 9] VGC 2023 Regulation C\n|rule|Species Clause: Limit one of each Pok\u00e9mon\n|rule|Item Clause: Limit one of each item\n|clearpoke\n|poke|p1|Orthworm, L50, M|\n|poke|p1|Ting-Lu, L50|\n|poke|p1|Dragonite, L50, M|\n|poke|p1|Gyarados, L50, M|\n|poke|p1|Flutter Mane, L50|\n|poke|p1|Chien-Pao, L50|\n|poke|p2|Scizor, L50, F|\n|poke|p2|Tauros-Paldea-Aqua, L50, M|\n|poke|p2|Rotom-Heat, L50|\n|poke|p2|Flutter Mane, L50|\n|poke|p2|Ting-Lu, L50|\n|poke|p2|Amoonguss, L50, M|\n|teampreview|4\nYeetawheat has agreed to open team sheets.\n|c|\u2606Yeetawheat|g2\n|l|\u2606Inferno prodigy\n|player|p1|\n|j|\u2606Inferno prodigy\n|player|p1|Inferno prodigy|266\n|c|\u2606Yeetawheat|glhf\n|c|\u2606Yeetawheat|you good?\n|c|\u2606Inferno prodigy|Yeah glhf\n|c|\u2606Yeetawheat|all right\n|\n|t:|1684085271\n|start\n|switch|p1a: Orthworm|Orthworm, L50, M|100\/100\n|switch|p1b: Gyarados|Gyarados, L50, M|100\/100\n|switch|p2a: Flutter Mane|Flutter Mane, L50|100\/100\n|switch|p2b: Tauros|Tauros-Paldea-Aqua, L50, M|100\/100\n|-ability|p2b: Tauros|Intimidate|boost\n|-unboost|p1a: Orthworm|atk|1\n|-unboost|p1b: Gyarados|atk|1\n|-ability|p1b: Gyarados|Intimidate|boost\n|-unboost|p2a: Flutter Mane|atk|1\n|-unboost|p2b: Tauros|atk|1\n|-enditem|p2a: Flutter Mane|Booster Energy\n|-activate|p2a: Flutter Mane|ability: Protosynthesis|[fromitem]\n|-start|p2a: Flutter Mane|protosynthesisspe\n|turn|1\n|\n|t:|1684085308\n|move|p2a: Flutter Mane|Shadow Ball|p1a: Orthworm\n|-damage|p1a: Orthworm|48\/100\n|-enditem|p1a: Orthworm|Sitrus Berry|[eat]\n|-heal|p1a: Orthworm|73\/100|[from] item: Sitrus Berry\n|move|p2b: Tauros|Close Combat|p1a: Orthworm\n|-supereffective|p1a: Orthworm\n|-damage|p1a: Orthworm|21\/100\n|-unboost|p2b: Tauros|def|1\n|-unboost|p2b: Tauros|spd|1\n|move|p1b: Gyarados|Bulldoze|p2a: Flutter Mane|[spread] p2a,p2b\n|-heal|p1a: Orthworm|46\/100|[from] ability: Earth Eater|[of] p1b: Gyarados\n|-damage|p2a: Flutter Mane|84\/100\n|-damage|p2b: Tauros|88\/100\n|-unboost|p2a: Flutter Mane|spe|1\n|-unboost|p2b: Tauros|spe|1\n|move|p1a: Orthworm|Heavy Slam|p2a: Flutter Mane\n|-supereffective|p2a: Flutter Mane\n|-damage|p2a: Flutter Mane|0 fnt\n|faint|p2a: Flutter Mane\n|-end|p2a: Flutter Mane|Protosynthesis|[silent]\n|\n|upkeep\n|\n|t:|1684085321\n|switch|p2a: Rotom|Rotom-Heat, L50|100\/100\n|turn|2\n|\n|t:|1684085342\n|switch|p1b: Ting-Lu|Ting-Lu, L50|100\/100\n|-ability|p1b: Ting-Lu|Vessel of Ruin\n|-terastallize|p2a: Rotom|Electric\n|move|p2a: Rotom|Thunderbolt|p1b: Ting-Lu\n|-immune|p1b: Ting-Lu\n|move|p2b: Tauros|Close Combat|p1a: Orthworm\n|-supereffective|p1a: Orthworm\n|-damage|p1a: Orthworm|0 fnt\n|-unboost|p2b: Tauros|def|1\n|-unboost|p2b: Tauros|spd|1\n|faint|p1a: Orthworm\n|\n|upkeep\n|\n|t:|1684085366\n|switch|p1a: Dragonite|Dragonite, L50, M|100\/100\n|turn|3\n|\n|t:|1684085378\n|switch|p2b: Scizor|Scizor, L50, F|100\/100\n|-terastallize|p1b: Ting-Lu|Water\n|move|p1a: Dragonite|Dragon Dance|p1a: Dragonite\n|-boost|p1a: Dragonite|atk|1\n|-boost|p1a: Dragonite|spe|1\n|move|p2a: Rotom|Volt Switch|p1a: Dragonite\n|-damage|p1a: Dragonite|85\/100\n|\n|t:|1684085387\n|switch|p2a: Tauros|Tauros-Paldea-Aqua, L50, M|88\/100|[from] Volt Switch\n|-ability|p2a: Tauros|Intimidate|boost\n|-unboost|p1a: Dragonite|atk|1\n|-unboost|p1b: Ting-Lu|atk|1\n|move|p1b: Ting-Lu|Rock Slide|p2b: Scizor|[spread] p2a,p2b\n|-resisted|p2a: Tauros\n|-damage|p2a: Tauros|79\/100\n|-damage|p2b: Scizor|84\/100\n|\n|upkeep\n|turn|4\n|\n|t:|1684085400\n|switch|p1b: Gyarados|Gyarados, L50, M|100\/100\n|-ability|p1b: Gyarados|Intimidate|boost\n|-unboost|p2a: Tauros|atk|1\n|-fail|p2b: Scizor|unboost|[from] item: Clear Amulet|[of] p2b: Scizor\n|move|p1a: Dragonite|Extreme Speed|p2a: Tauros\n|-damage|p2a: Tauros|48\/100\n|move|p2a: Tauros|Trailblaze|p1b: Gyarados\n|-damage|p1b: Gyarados|91\/100\n|-boost|p2a: Tauros|spe|1\n|move|p2b: Scizor|Swords Dance|p2b: Scizor\n|-boost|p2b: Scizor|atk|2\n|\n|upkeep\n|turn|5\n|\n|t:|1684085420\n|move|p1a: Dragonite|Extreme Speed|p2a: Tauros\n|-damage|p2a: Tauros|17\/100\n|move|p2b: Scizor|Bullet Punch|p1a: Dragonite\n|-damage|p1a: Dragonite|29\/100\n|move|p2a: Tauros|Wave Crash|p1a: Dragonite\n|-resisted|p1a: Dragonite\n|-damage|p1a: Dragonite|9\/100\n|-damage|p2a: Tauros|10\/100|[from] Recoil\n|move|p1b: Gyarados|Thunder Wave|p2b: Scizor\n|-status|p2b: Scizor|par\n|\n|upkeep\n|turn|6\n|\n|t:|1684085436\n|move|p1a: Dragonite|Extreme Speed|p2a: Tauros\n|-damage|p2a: Tauros|0 fnt\n|faint|p2a: Tauros\n|move|p2b: Scizor|Bullet Punch|p1a: Dragonite\n|-damage|p1a: Dragonite|0 fnt\n|faint|p1a: Dragonite\n|move|p1b: Gyarados|Waterfall|p2b: Scizor\n|-damage|p2b: Scizor|51\/100 par\n|\n|upkeep\n|\n|t:|1684085442\n|switch|p2a: Rotom|Rotom-Heat, L50, tera:Electric|100\/100\n|switch|p1a: Ting-Lu|Ting-Lu, L50, tera:Water|100\/100\n|-ability|p1a: Ting-Lu|Vessel of Ruin\n|turn|7\n|\n|t:|1684085460\n|move|p2a: Rotom|Thunderbolt|p1b: Gyarados\n|-supereffective|p1b: Gyarados\n|-damage|p1b: Gyarados|0 fnt\n|faint|p1b: Gyarados\n|move|p1a: Ting-Lu|Rock Slide|p2a: Rotom|[spread] p2a\n|-miss|p1a: Ting-Lu|p2b: Scizor\n|-damage|p2a: Rotom|73\/100\n|cant|p2b: Scizor|par\n|\n|upkeep\n|turn|8\n|c|\u2606Inferno prodigy|Gg\n|\n|t:|1684085469\n|move|p2a: Rotom|Thunderbolt|p1a: Ting-Lu\n|-supereffective|p1a: Ting-Lu\n|-damage|p1a: Ting-Lu|42\/100\n|move|p1a: Ting-Lu|Rock Slide|p2a: Rotom|[spread] p2b\n|-miss|p1a: Ting-Lu|p2a: Rotom\n|-damage|p2b: Scizor|24\/100 par\n|cant|p2b: Scizor|flinch\n|\n|upkeep\n|turn|9\n|-message|Inferno prodigy forfeited.\n|\n|win|Yeetawheat\n|l|\u2606Inferno prodigy\n|c|\u2606Yeetawheat|gg\n","uploadtime":1684085519,"views":9,"p1id":"infernoprodigy","p2id":"yeetawheat","formatid":"gen9vgc2023regulationc","rating":0,"private":0,"password":""}