{"id":"gen9vgc2023regulationc-1857384588","p1":"k58462312","p2":"Topperlecat","format":"[Gen 9] VGC 2023 Regulation C","log":"|j|\u2606k58462312\n|j|\u2606Topperlecat\n|t:|1683184267\n|gametype|doubles\n|player|p1|k58462312|riley|1221\n|player|p2|Topperlecat|n|1214\n|teamsize|p1|6\n|teamsize|p2|6\n|gen|9\n|tier|[Gen 9] VGC 2023 Regulation C\n|rated|\n|rule|Species Clause: Limit one of each Pok\u00e9mon\n|rule|Item Clause: Limit one of each item\n|clearpoke\n|poke|p1|Garganacl, L50, M|\n|poke|p1|Gyarados, L50, F|\n|poke|p1|Abomasnow, L50, F|\n|poke|p1|Iron Bundle, L50|\n|poke|p1|Ting-Lu, L50|\n|poke|p1|Iron Hands, L50|\n|poke|p2|Volcarona, L50, M|\n|poke|p2|Gastrodon, L50, F|\n|poke|p2|Iron Bundle, L50|\n|poke|p2|Indeedee-F, L50, F|\n|poke|p2|Flutter Mane, L50|\n|poke|p2|Ceruledge, L50, F|\n|teampreview|4\nTopperlecat has agreed to open team sheets.\n|c|\u2606Topperlecat|Glhf\n|\n|t:|1683184297\n|start\n|switch|p1a: Garganacl|Garganacl, L50, M|100\/100\n|switch|p1b: Iron Bundle|Iron Bundle, L50|100\/100\n|switch|p2a: Ceruledge|Ceruledge, L50, F|100\/100\n|switch|p2b: brbrbrbrbr|Gastrodon, L50, F|100\/100\n|-enditem|p1b: Iron Bundle|Booster Energy\n|-activate|p1b: Iron Bundle|ability: Quark Drive|[fromitem]\n|-start|p1b: Iron Bundle|quarkdrivespe\n|turn|1\n|inactive|Battle timer is ON: inactive players will automatically lose when time's up. (requested by k58462312)\n|\n|t:|1683184314\n|-terastallize|p2b: brbrbrbrbr|Fire\n|move|p1b: Iron Bundle|Protect|p1b: Iron Bundle\n|-singleturn|p1b: Iron Bundle|Protect\n|move|p2a: Ceruledge|Bitter Blade|p1b: Iron Bundle\n|-activate|p1b: Iron Bundle|move: Protect\n|move|p2b: brbrbrbrbr|Yawn|p1a: Garganacl\n|-immune|p1a: Garganacl|[from] ability: Purifying Salt\n|move|p1a: Garganacl|Salt Cure|p2a: Ceruledge\n|-supereffective|p2a: Ceruledge\n|-damage|p2a: Ceruledge|71\/100\n|-start|p2a: Ceruledge|Salt Cure\n|\n|-damage|p2a: Ceruledge|59\/100|[from] Salt Cure\n|upkeep\n|turn|2\n|inactive|k58462312 has 30 seconds left.\n|\n|t:|1683184343\n|-end|p1b: Iron Bundle|Quark Drive|[silent]\n|switch|p1b: Gyarados|Gyarados, L50, F|100\/100\n|-ability|p1b: Gyarados|Intimidate|boost\n|-unboost|p2a: Ceruledge|atk|1\n|-unboost|p2b: brbrbrbrbr|atk|1\n|move|p2a: Ceruledge|Bitter Blade|p1b: Gyarados\n|-resisted|p1b: Gyarados\n|-damage|p1b: Gyarados|88\/100\n|-heal|p2a: Ceruledge|65\/100|[from] drain|[of] p1b: Gyarados\n|move|p2b: brbrbrbrbr|Earth Power|p1a: Garganacl\n|-supereffective|p1a: Garganacl\n|-damage|p1a: Garganacl|56\/100\n|move|p1a: Garganacl|Salt Cure|p2b: brbrbrbrbr\n|-supereffective|p2b: brbrbrbrbr\n|-damage|p2b: brbrbrbrbr|69\/100\n|-start|p2b: brbrbrbrbr|Salt Cure\n|\n|-heal|p1a: Garganacl|61\/100|[from] item: Leftovers\n|-damage|p2a: Ceruledge|53\/100|[from] Salt Cure\n|-damage|p2b: brbrbrbrbr|57\/100|[from] Salt Cure\n|upkeep\n|turn|3\n|inactive|k58462312 has 30 seconds left.\n|\n|t:|1683184368\n|switch|p2a: happy feet|Iron Bundle, L50|100\/100\n|move|p1a: Garganacl|Protect|p1a: Garganacl\n|-singleturn|p1a: Garganacl|Protect\n|move|p1b: Gyarados|Thunder Wave|p2b: brbrbrbrbr\n|-status|p2b: brbrbrbrbr|par\n|move|p2b: brbrbrbrbr|Yawn|p1b: Gyarados\n|-start|p1b: Gyarados|move: Yawn|[of] p2b: brbrbrbrbr\n|\n|-heal|p1a: Garganacl|67\/100|[from] item: Leftovers\n|-damage|p2b: brbrbrbrbr|45\/100 par|[from] Salt Cure\n|upkeep\n|-enditem|p2b: brbrbrbrbr|Sitrus Berry|[eat]\n|-heal|p2b: brbrbrbrbr|69\/100 par|[from] item: Sitrus Berry\n|turn|4\n|inactive|k58462312 has 30 seconds left.\n|\n|t:|1683184393\n|switch|p1b: Abomasnow|Abomasnow, L50, F|100\/100\n|-weather|Snow|[from] ability: Snow Warning|[of] p1b: Abomasnow\n|switch|p2b: Ceruledge|Ceruledge, L50, F|53\/100\n|move|p2a: happy feet|Hydro Pump|p1a: Garganacl\n|-supereffective|p1a: Garganacl\n|-damage|p1a: Garganacl|0 fnt\n|faint|p1a: Garganacl\n|\n|-weather|Snow|[upkeep]\n|upkeep\n|\n|t:|1683184409\n|switch|p1a: Iron Bundle|Iron Bundle, L50|100\/100\n|turn|5\n|\n|t:|1683184418\n|-end|p2a: happy feet|Quark Drive|[silent]\n|switch|p2a: brbrbrbrbr|Gastrodon, L50, F, tera:Fire|69\/100 par\n|-terastallize|p1b: Abomasnow|Water\n|move|p1a: Iron Bundle|Blizzard|p2b: Ceruledge|[spread] p2a,p2b\n|-resisted|p2a: brbrbrbrbr\n|-resisted|p2b: Ceruledge\n|-damage|p2a: brbrbrbrbr|55\/100 par\n|-damage|p2b: Ceruledge|41\/100\n|move|p2b: Ceruledge|Bitter Blade|p1b: Abomasnow\n|-resisted|p1b: Abomasnow\n|-damage|p1b: Abomasnow|75\/100\n|-heal|p2b: Ceruledge|53\/100|[from] drain|[of] p1b: Abomasnow\n|move|p1b: Abomasnow|Tera Blast|p2a: brbrbrbrbr\n|-activate|p2a: brbrbrbrbr|ability: Storm Drain\n|-ability|p2a: brbrbrbrbr|Storm Drain|boost\n|-boost|p2a: brbrbrbrbr|spa|1\n|\n|-weather|Snow|[upkeep]\n|upkeep\n|turn|6\n|inactive|k58462312 has 30 seconds left.\n|\n|t:|1683184443\n|move|p1a: Iron Bundle|Blizzard|p2b: Ceruledge|[spread] p2a,p2b\n|-resisted|p2a: brbrbrbrbr\n|-resisted|p2b: Ceruledge\n|-damage|p2a: brbrbrbrbr|40\/100 par\n|-damage|p2b: Ceruledge|42\/100\n|move|p2b: Ceruledge|Bitter Blade|p1a: Iron Bundle\n|-damage|p1a: Iron Bundle|66\/100\n|-heal|p2b: Ceruledge|54\/100|[from] drain|[of] p1a: Iron Bundle\n|move|p1b: Abomasnow|Blizzard|p2b: Ceruledge|[spread] p2a,p2b\n|-resisted|p2a: brbrbrbrbr\n|-resisted|p2b: Ceruledge\n|-damage|p2a: brbrbrbrbr|27\/100 par\n|-damage|p2b: Ceruledge|42\/100\n|move|p2a: brbrbrbrbr|Earth Power|p1b: Abomasnow\n|-damage|p1b: Abomasnow|12\/100\n|\n|-weather|Snow|[upkeep]\n|upkeep\n|turn|7\n|\n|t:|1683184465\n|move|p1b: Abomasnow|Protect|p1b: Abomasnow\n|-singleturn|p1b: Abomasnow|Protect\n|move|p1a: Iron Bundle|Blizzard|p2a: brbrbrbrbr|[spread] p2a,p2b\n|-resisted|p2a: brbrbrbrbr\n|-resisted|p2b: Ceruledge\n|-damage|p2a: brbrbrbrbr|11\/100 par\n|-damage|p2b: Ceruledge|29\/100\n|move|p2b: Ceruledge|Bitter Blade|p1a: Iron Bundle\n|-damage|p1a: Iron Bundle|34\/100\n|-heal|p2b: Ceruledge|40\/100|[from] drain|[of] p1a: Iron Bundle\n|cant|p2a: brbrbrbrbr|par\n|\n|-weather|Snow|[upkeep]\n|upkeep\n|turn|8\n|\n|t:|1683184485\n|move|p1a: Iron Bundle|Blizzard|p2b: Ceruledge|[spread] p2a,p2b\n|-resisted|p2a: brbrbrbrbr\n|-resisted|p2b: Ceruledge\n|-damage|p2a: brbrbrbrbr|0 fnt\n|-damage|p2b: Ceruledge|29\/100\n|faint|p2a: brbrbrbrbr\n|move|p2b: Ceruledge|Close Combat|p1a: Iron Bundle\n|-supereffective|p1a: Iron Bundle\n|-damage|p1a: Iron Bundle|0 fnt\n|-unboost|p2b: Ceruledge|def|1\n|-unboost|p2b: Ceruledge|spd|1\n|faint|p1a: Iron Bundle\n|-end|p1a: Iron Bundle|Quark Drive|[silent]\n|move|p1b: Abomasnow|Tera Blast|p2b: Ceruledge\n|-supereffective|p2b: Ceruledge\n|-damage|p2b: Ceruledge|0 fnt\n|faint|p2b: Ceruledge\n|\n|-weather|Snow|[upkeep]\n|upkeep\n|\n|t:|1683184505\n|switch|p1a: Gyarados|Gyarados, L50, F|88\/100\n|switch|p2b: radiance|Volcarona, L50, M|100\/100\n|switch|p2a: happy feet|Iron Bundle, L50|100\/100\n|-ability|p1a: Gyarados|Intimidate|boost\n|-unboost|p2a: happy feet|atk|1\n|-unboost|p2b: radiance|atk|1\n|turn|9\n|\n|t:|1683184519\n|move|p2a: happy feet|Freeze-Dry|p1a: Gyarados\n|-supereffective|p1a: Gyarados\n|-damage|p1a: Gyarados|0 fnt\n|faint|p1a: Gyarados\n|move|p2b: radiance|Bug Buzz|p1b: Abomasnow\n|-damage|p1b: Abomasnow|0 fnt\n|faint|p1b: Abomasnow\n|\n|win|Topperlecat\n|raw|k58462312's rating: 1221 → 1195<\/strong> (-26 for losing)\n|raw|Topperlecat's rating: 1214 → 1240<\/strong> (+26 for winning)\n|l|\u2606k58462312\n|l|\u2606Topperlecat\n|j| Snowstorm brute\n|j|\u2606Topperlecat\n|player|p2|Topperlecat|n\n|j| TTMv4\n|j| wutintarnationn\n|j| 7anfu\n|l| 7anfu\n|j| PixelDupe1\n|l| TTMv4\n|l|\u2606Topperlecat\n|player|p2|\n|j|\u2606Topperlecat\n|player|p2|Topperlecat|n\n|l|\u2606Topperlecat\n|player|p2|\n|l| wutintarnationn\n|j| Bakonlikescufant\n|j| Grewt\n|j| TTMv4\n|l| TTMv4\n|l| PixelDupe1\n|l| Bakonlikescufant\n|l| Grewt\n|j| thatrandomkid1\n|l| thatrandomkid1\n|j| Bakonlikescufant\n|l| Bakonlikescufant\n|j| Brea G\n","uploadtime":1683184534,"views":12,"p1id":"k58462312","p2id":"topperlecat","formatid":"gen9vgc2023regulationc","rating":1195,"private":0,"password":""}