{"id":"gen9vgc2023regulationc-1859092977","p1":"Komokeo","p2":"UltimoRyu","format":"[Gen 9] VGC 2023 Regulation C","log":"|j|\u2606Komokeo\n|j|\u2606UltimoRyu\n|t:|1683403557\n|gametype|doubles\n|player|p1|Komokeo|wallace|1195\n|player|p2|UltimoRyu|crasherwake|1223\n|teamsize|p1|6\n|teamsize|p2|6\n|gen|9\n|tier|[Gen 9] VGC 2023 Regulation C\n|rated|\n|rule|Species Clause: Limit one of each Pok\u00e9mon\n|rule|Item Clause: Limit one of each item\n|clearpoke\n|poke|p1|Chien-Pao, L50|\n|poke|p1|Arcanine, L50, M|\n|poke|p1|Amoonguss, L50, M|\n|poke|p1|Gholdengo, L50|\n|poke|p1|Gyarados, L50, M|\n|poke|p1|Flutter Mane, L50|\n|poke|p2|Slither Wing, L50|\n|poke|p2|Indeedee-F, L50, F|\n|poke|p2|Armarouge, L50, M|\n|poke|p2|Torkoal, L50, M|\n|poke|p2|Mimikyu, L50, M|\n|poke|p2|Murkrow, L50, M|\n|teampreview|4\n|inactive|Battle timer is ON: inactive players will automatically lose when time's up. (requested by Komokeo)\nKomokeo rejected open team sheets.\n|inactive|Komokeo has 60 seconds left.\n|\n|t:|1683403612\n|start\n|switch|p1a: Gyarados|Gyarados, L50, M|100\/100\n|switch|p1b: Amoonguss|Amoonguss, L50, M, shiny|100\/100\n|switch|p2a: Indeedee|Indeedee-F, L50, F|100\/100\n|switch|p2b: Armarouge|Armarouge, L50, M|100\/100\n|-ability|p1a: Gyarados|Intimidate|boost\n|-unboost|p2a: Indeedee|atk|1\n|-unboost|p2b: Armarouge|atk|1\n|-fieldstart|move: Psychic Terrain|[from] ability: Psychic Surge|[of] p2a: Indeedee\n|-enditem|p2a: Indeedee|Psychic Seed\n|-boost|p2a: Indeedee|spd|1|[from] item: Psychic Seed\n|turn|1\n|inactive|UltimoRyu has 30 seconds left.\n|\n|t:|1683403639\n|-terastallize|p2b: Armarouge|Grass\n|move|p1b: Amoonguss|Protect|p1b: Amoonguss\n|-singleturn|p1b: Amoonguss|Protect\n|move|p2a: Indeedee|Follow Me|p2a: Indeedee\n|-singleturn|p2a: Indeedee|move: Follow Me\n|move|p1a: Gyarados|Taunt|p2a: Indeedee\n|-start|p2a: Indeedee|move: Taunt\n|move|p2b: Armarouge|Trick Room|p2b: Armarouge\n|-fieldstart|move: Trick Room|[of] p2b: Armarouge\n|\n|upkeep\n|turn|2\n|inactive|UltimoRyu has 30 seconds left.\n|\n|t:|1683403665\n|-terastallize|p1a: Gyarados|Flying\n|move|p1b: Amoonguss|Pollen Puff|p2b: Armarouge\n|-supereffective|p2b: Armarouge\n|-damage|p2b: Armarouge|67\/100\n|move|p2b: Armarouge|Expanding Force|p1b: Amoonguss|[spread] p1a,p1b\n|-supereffective|p1b: Amoonguss\n|-damage|p1a: Gyarados|24\/100\n|-damage|p1b: Amoonguss|0 fnt\n|-enditem|p1a: Gyarados|Sitrus Berry|[eat]\n|-heal|p1a: Gyarados|49\/100|[from] item: Sitrus Berry\n|faint|p1b: Amoonguss\n|-damage|p2b: Armarouge|57\/100|[from] item: Life Orb\n|move|p2a: Indeedee|Dazzling Gleam|p1a: Gyarados\n|-damage|p1a: Gyarados|32\/100\n|move|p1a: Gyarados|Tera Blast|p2b: Armarouge\n|-supereffective|p2b: Armarouge\n|-damage|p2b: Armarouge|0 fnt\n|faint|p2b: Armarouge\n|\n|upkeep\n|\n|t:|1683403689\n|switch|p1b: Chien-Pao|Chien-Pao, L50|100\/100\n|switch|p2b: Torkoal|Torkoal, L50, M|100\/100\n|-weather|SunnyDay|[from] ability: Drought|[of] p2b: Torkoal\n|-ability|p1b: Chien-Pao|Sword of Ruin\n|turn|3\n|\n|t:|1683403710\n|move|p1a: Gyarados|Protect|p1a: Gyarados\n|-singleturn|p1a: Gyarados|Protect\n|move|p1b: Chien-Pao|Protect|p1b: Chien-Pao\n|-singleturn|p1b: Chien-Pao|Protect\n|move|p2b: Torkoal|Eruption|p1a: Gyarados|[spread] \n|-activate|p1a: Gyarados|move: Protect\n|-activate|p1b: Chien-Pao|move: Protect\n|move|p2a: Indeedee|Dazzling Gleam|p1b: Chien-Pao|[spread] \n|-activate|p1a: Gyarados|move: Protect\n|-activate|p1b: Chien-Pao|move: Protect\n|\n|-weather|SunnyDay|[upkeep]\n|upkeep\n|turn|4\n|inactive|Komokeo has 30 seconds left.\n|\n|t:|1683403735\n|move|p1b: Chien-Pao|Sucker Punch|p2a: Indeedee\n|-activate|p2a: Indeedee|move: Psychic Terrain\n|move|p2b: Torkoal|Eruption|p1b: Chien-Pao|[spread] p1a,p1b\n|-supereffective|p1b: Chien-Pao\n|-damage|p1a: Gyarados|0 fnt\n|-enditem|p1b: Chien-Pao|Focus Sash\n|-damage|p1b: Chien-Pao|1\/100\n|faint|p1a: Gyarados\n|move|p2a: Indeedee|Dazzling Gleam|p1b: Chien-Pao\n|-supereffective|p1b: Chien-Pao\n|-damage|p1b: Chien-Pao|0 fnt\n|faint|p1b: Chien-Pao\n|\n|-weather|SunnyDay|[upkeep]\n|-end|p2a: Indeedee|move: Taunt\n|upkeep\n|\n|t:|1683403742\n|switch|p1b: Flutter Mane|Flutter Mane, L50|100\/100\n|-activate|p1b: Flutter Mane|ability: Protosynthesis\n|-start|p1b: Flutter Mane|protosynthesisspe\n|turn|5\n|-message|Komokeo forfeited.\n|\n|win|UltimoRyu\n|raw|Komokeo's rating: 1195 → 1172<\/strong> (-23 for losing)\n|raw|UltimoRyu's rating: 1223 → 1246<\/strong> (+23 for winning)\n|l|\u2606Komokeo\n","uploadtime":1683403757,"views":9,"p1id":"komokeo","p2id":"ultimoryu","formatid":"gen9vgc2023regulationc","rating":1172,"private":0,"password":""}