{"id":"gen9vgc2023regulationc-1863254763","p1":"000EXIA000","p2":"revocolombia","format":"[Gen 9] VGC 2023 Regulation C","log":"|j|\u2606000EXIA000\n|j|\u2606revocolombia\n|t:|1683994238\n|gametype|doubles\n|player|p1|000EXIA000|101|1112\n|player|p2|revocolombia|pokemonranger-gen4|1217\n|teamsize|p1|6\n|teamsize|p2|6\n|gen|9\n|tier|[Gen 9] VGC 2023 Regulation C\n|rated|\n|rule|Species Clause: Limit one of each Pok\u00e9mon\n|rule|Item Clause: Limit one of each item\n|clearpoke\n|poke|p1|Veluza, L50, F|\n|poke|p1|Indeedee-F, L50, F|\n|poke|p1|Pelipper, L50, F|\n|poke|p1|Iron Valiant, L50|\n|poke|p1|Gyarados, L50, M|\n|poke|p1|Gholdengo, L50|\n|poke|p2|Flutter Mane, L50|\n|poke|p2|Great Tusk, L50|\n|poke|p2|Dragonite, L50, M|\n|poke|p2|Chien-Pao, L50|\n|poke|p2|Murkrow, L50, F|\n|poke|p2|Gholdengo, L50|\n|teampreview|4\n|inactive|Battle timer is ON: inactive players will automatically lose when time's up. (requested by 000EXIA000)\n000EXIA000 rejected open team sheets.\n|\n|t:|1683994260\n|start\n|switch|p1a: Gholdengo|Gholdengo, L50|100\/100\n|switch|p1b: Gyarados|Gyarados, L50, M|100\/100\n|switch|p2a: Dragonite|Dragonite, L50, M|100\/100\n|switch|p2b: Chien-Pao|Chien-Pao, L50|100\/100\n|-ability|p2b: Chien-Pao|Sword of Ruin\n|-ability|p1b: Gyarados|Intimidate|boost\n|-unboost|p2a: Dragonite|atk|1\n|-unboost|p2b: Chien-Pao|atk|1\n|turn|1\n|\n|t:|1683994279\n|switch|p1b: Indeedee|Indeedee-F, L50, F|100\/100\n|-fieldstart|move: Psychic Terrain|[from] ability: Psychic Surge|[of] p1b: Indeedee\n|move|p2b: Chien-Pao|Sucker Punch|p1a: Gholdengo\n|-activate|p1a: Gholdengo|move: Psychic Terrain\n|move|p1a: Gholdengo|Make It Rain|p2b: Chien-Pao|[spread] p2a,p2b\n|-supereffective|p2b: Chien-Pao\n|-damage|p2a: Dragonite|74\/100\n|-enditem|p2b: Chien-Pao|Focus Sash\n|-damage|p2b: Chien-Pao|1\/100\n|-unboost|p1a: Gholdengo|spa|1\n|move|p2a: Dragonite|Dragon Dance|p2a: Dragonite\n|-boost|p2a: Dragonite|atk|1\n|-boost|p2a: Dragonite|spe|1\n|\n|upkeep\n|turn|2\n|\n|t:|1683994301\n|switch|p1a: Gyarados|Gyarados, L50, M|100\/100\n|-ability|p1a: Gyarados|Intimidate|boost\n|-unboost|p2a: Dragonite|atk|1\n|-unboost|p2b: Chien-Pao|atk|1\n|move|p2a: Dragonite|Dragon Dance|p2a: Dragonite\n|-boost|p2a: Dragonite|atk|1\n|-boost|p2a: Dragonite|spe|1\n|move|p2b: Chien-Pao|Ice Spinner|p1b: Indeedee\n|-damage|p1b: Indeedee|69\/100\n|-fieldend|move: Psychic Terrain\n|move|p1b: Indeedee|Dazzling Gleam|p2b: Chien-Pao|[spread] p2a,p2b\n|-supereffective|p2a: Dragonite\n|-supereffective|p2b: Chien-Pao\n|-damage|p2a: Dragonite|46\/100\n|-damage|p2b: Chien-Pao|0 fnt\n|faint|p2b: Chien-Pao\n|\n|upkeep\n|\n|t:|1683994321\n|switch|p2b: Great Tusk|Great Tusk, L50|100\/100\n|turn|3\n|inactive|000EXIA000 has 30 seconds left.\n|inactive|revocolombia has 30 seconds left.\n|inactive|000EXIA000 has 20 seconds left.\n|inactive|revocolombia has 20 seconds left.\n|inactive|revocolombia has 15 seconds left.\n|inactive|revocolombia has 10 seconds left.\n|inactive|revocolombia has 5 seconds left.\n|\n|t:|1683994376\n|move|p2a: Dragonite|Extreme Speed|p1a: Gyarados\n|-damage|p1a: Gyarados|69\/100\n|move|p2b: Great Tusk|Earthquake|p1b: Indeedee|[spread] p1b\n|-immune|p2a: Dragonite\n|-immune|p1a: Gyarados\n|-damage|p1b: Indeedee|23\/100\n|move|p1a: Gyarados|Thunder Wave|p2a: Dragonite\n|-status|p2a: Dragonite|par\n|-enditem|p2a: Dragonite|Lum Berry|[eat]\n|-curestatus|p2a: Dragonite|par|[msg]\n|move|p1b: Indeedee|Dazzling Gleam|p2b: Great Tusk|[spread] p2a,p2b\n|-supereffective|p2a: Dragonite\n|-supereffective|p2b: Great Tusk\n|-damage|p2a: Dragonite|18\/100\n|-damage|p2b: Great Tusk|67\/100\n|\n|upkeep\n|turn|4\n|inactive|000EXIA000 has 30 seconds left.\n|\n|t:|1683994410\n|move|p2a: Dragonite|Thunder Punch|p1a: Gyarados\n|-supereffective|p1a: Gyarados\n|-damage|p1a: Gyarados|0 fnt\n|faint|p1a: Gyarados\n|move|p2b: Great Tusk|Earthquake|p1b: Indeedee|[spread] p1b\n|-immune|p2a: Dragonite\n|-damage|p1b: Indeedee|0 fnt\n|faint|p1b: Indeedee\n|\n|upkeep\n|\n|t:|1683994419\n|switch|p1a: Gholdengo|Gholdengo, L50|100\/100\n|switch|p1b: Iron Valiant|Iron Valiant, L50|100\/100\n|-enditem|p1b: Iron Valiant|Booster Energy\n|-activate|p1b: Iron Valiant|ability: Quark Drive|[fromitem]\n|-start|p1b: Iron Valiant|quarkdrivespe\n|turn|5\n|inactive|000EXIA000 has 30 seconds left.\n|inactive|revocolombia has 30 seconds left.\n|\n|t:|1683994448\n|-terastallize|p2b: Great Tusk|Fire\n|move|p2a: Dragonite|Extreme Speed|p1b: Iron Valiant\n|-damage|p1b: Iron Valiant|59\/100\n|move|p1b: Iron Valiant|Moonblast|p2b: Great Tusk\n|-resisted|p2b: Great Tusk\n|-damage|p2b: Great Tusk|37\/100\n|move|p1a: Gholdengo|Shadow Ball|p2a: Dragonite\n|-damage|p2a: Dragonite|0 fnt\n|faint|p2a: Dragonite\n|move|p2b: Great Tusk|Earthquake|p1b: Iron Valiant|[spread] p1a,p1b\n|-supereffective|p1a: Gholdengo\n|-damage|p1a: Gholdengo|5\/100\n|-damage|p1b: Iron Valiant|5\/100\n|\n|upkeep\n|\n|t:|1683994462\n|switch|p2a: Murkrow|Murkrow, L50, F|100\/100\n|turn|6\n|\n|t:|1683994472\n|move|p2a: Murkrow|Tailwind|p2a: Murkrow\n|-sidestart|p2: revocolombia|move: Tailwind\n|move|p1b: Iron Valiant|Moonblast|p2a: Murkrow\n|-supereffective|p2a: Murkrow\n|-damage|p2a: Murkrow|7\/100\n|move|p2b: Great Tusk|Earthquake|p1b: Iron Valiant|[spread] p1a,p1b\n|-immune|p2a: Murkrow\n|-supereffective|p1a: Gholdengo\n|-damage|p1a: Gholdengo|0 fnt\n|-damage|p1b: Iron Valiant|0 fnt\n|faint|p1a: Gholdengo\n|faint|p1b: Iron Valiant\n|-end|p1b: Iron Valiant|Quark Drive|[silent]\n|\n|win|revocolombia\n|raw|000EXIA000's rating: 1112 → 1094<\/strong> (-18 for losing)\n|raw|revocolombia's rating: 1217 → 1235<\/strong> (+18 for winning)\n","uploadtime":1683994485,"views":4,"p1id":"000exia000","p2id":"revocolombia","formatid":"gen9vgc2023regulationc","rating":1094,"private":0,"password":""}