{"id":"gen9vgc2023regulationc-1849172519","p1":"Rafarofa","p2":"Even Greener Grass","format":"[Gen 9] VGC 2023 Regulation C","log":"|j|\u2606Rafarofa\n|j|\u2606Even Greener Grass\n|t:|1682168088\n|gametype|doubles\n|player|p1|Rafarofa|dancer|1110\n|player|p2|Even Greener Grass|kahili|1136\n|teamsize|p1|6\n|teamsize|p2|6\n|gen|9\n|tier|[Gen 9] VGC 2023 Regulation C\n|rated|\n|rule|Species Clause: Limit one of each Pok\u00e9mon\n|rule|Item Clause: Limit one of each item\n|clearpoke\n|poke|p1|Hariyama, L50, M|\n|poke|p1|Annihilape, L50, M|\n|poke|p1|Grimmsnarl, L50, M|\n|poke|p1|Ting-Lu, L50|\n|poke|p1|Rotom-Heat, L50|\n|poke|p1|Gyarados, L50, F|\n|poke|p2|Torkoal, L50, F|\n|poke|p2|Chi-Yu, L50|\n|poke|p2|Slither Wing, L50|\n|poke|p2|Brute Bonnet, L50|\n|poke|p2|Arcanine, L50, F|\n|poke|p2|Flutter Mane, L50|\n|teampreview|4\n|inactive|Battle timer is ON: inactive players will automatically lose when time's up. (requested by Even Greener Grass)\n|\n|t:|1682168103\n|start\n|switch|p1a: Hariyama|Hariyama, L50, M|100\/100\n|switch|p1b: Gyarados|Gyarados, L50, F|100\/100\n|switch|p2a: Prehistoric Zaza|Brute Bonnet, L50, shiny|100\/100\n|switch|p2b: Dawg|Torkoal, L50, F|100\/100\n|-ability|p1b: Gyarados|Intimidate|boost\n|-unboost|p2a: Prehistoric Zaza|atk|1\n|-unboost|p2b: Dawg|atk|1\n|-weather|SunnyDay|[from] ability: Drought|[of] p2b: Dawg\n|-activate|p2a: Prehistoric Zaza|ability: Protosynthesis\n|-start|p2a: Prehistoric Zaza|protosynthesisdef\n|turn|1\n|c|\u2606Even Greener Grass|Good luck, have fun.\n|\n|t:|1682168118\n|move|p1a: Hariyama|Fake Out|p2a: Prehistoric Zaza\n|-damage|p2a: Prehistoric Zaza|91\/100\n|move|p1b: Gyarados|Dragon Dance|p1b: Gyarados\n|-boost|p1b: Gyarados|atk|1\n|-boost|p1b: Gyarados|spe|1\n|cant|p2a: Prehistoric Zaza|flinch\n|move|p2b: Dawg|Yawn|p1a: Hariyama\n|-start|p1a: Hariyama|move: Yawn|[of] p2b: Dawg\n|\n|-weather|SunnyDay|[upkeep]\n|-status|p1a: Hariyama|brn|[from] item: Flame Orb\n|upkeep\n|turn|2\n|\n|t:|1682168139\n|switch|p1a: Rotom|Rotom-Heat, L50|100\/100\n|-terastallize|p1b: Gyarados|Ground\n|move|p1b: Gyarados|Earthquake|p2b: Dawg|[spread] p2a,p2b\n|-immune|p1a: Rotom|[from] ability: Levitate\n|-resisted|p2a: Prehistoric Zaza\n|-supereffective|p2b: Dawg\n|-damage|p2a: Prehistoric Zaza|75\/100\n|-damage|p2b: Dawg|14\/100\n|move|p2a: Prehistoric Zaza|Growth|p2a: Prehistoric Zaza\n|-boost|p2a: Prehistoric Zaza|atk|2\n|-boost|p2a: Prehistoric Zaza|spa|2\n|move|p2b: Dawg|Yawn|p1b: Gyarados\n|-start|p1b: Gyarados|move: Yawn|[of] p2b: Dawg\n|\n|-weather|SunnyDay|[upkeep]\n|upkeep\n|turn|3\n|\n|t:|1682168162\n|switch|p1b: Grimmsnarl|Grimmsnarl, L50, M|100\/100\n|move|p2b: Dawg|Protect|p2b: Dawg\n|-singleturn|p2b: Dawg|Protect\n|move|p1a: Rotom|Overheat|p2a: Prehistoric Zaza\n|-supereffective|p2a: Prehistoric Zaza\n|-damage|p2a: Prehistoric Zaza|0 fnt\n|-unboost|p1a: Rotom|spa|2\n|-enditem|p1a: Rotom|Eject Pack\n|faint|p2a: Prehistoric Zaza\n|-end|p2a: Prehistoric Zaza|Protosynthesis|[silent]\n|\n|t:|1682168174\n|switch|p1a: Hariyama|Hariyama, L50, M|100\/100 brn\n|\n|-weather|SunnyDay|[upkeep]\n|-damage|p1a: Hariyama|95\/100 brn|[from] brn\n|upkeep\n|\n|t:|1682168181\n|switch|p2a: DEMI-GOD|Flutter Mane, L50|100\/100\n|-activate|p2a: DEMI-GOD|ability: Protosynthesis\n|-start|p2a: DEMI-GOD|protosynthesisspa\n|turn|4\n|\n|t:|1682168189\n|move|p1b: Grimmsnarl|Fake Out|p2b: Dawg\n|-damage|p2b: Dawg|1\/100\n|move|p1a: Hariyama|Bullet Punch|p2a: DEMI-GOD\n|-supereffective|p2a: DEMI-GOD\n|-damage|p2a: DEMI-GOD|15\/100\n|move|p2a: DEMI-GOD|Dazzling Gleam|p1a: Hariyama|[spread] p1a,p1b\n|-supereffective|p1a: Hariyama\n|-supereffective|p1b: Grimmsnarl\n|-damage|p1a: Hariyama|5\/100 brn\n|-damage|p1b: Grimmsnarl|0 fnt\n|faint|p1b: Grimmsnarl\n|cant|p2b: Dawg|flinch\n|\n|-weather|SunnyDay|[upkeep]\n|-damage|p1a: Hariyama|0 fnt|[from] brn\n|faint|p1a: Hariyama\n|upkeep\n|\n|t:|1682168198\n|switch|p1b: Rotom|Rotom-Heat, L50|100\/100\n|switch|p1a: Gyarados|Gyarados, L50, F, tera:Ground|100\/100\n|-ability|p1a: Gyarados|Intimidate|boost\n|-unboost|p2a: DEMI-GOD|atk|1\n|-unboost|p2b: Dawg|atk|1\n|turn|5\n|\n|t:|1682168213\n|move|p2a: DEMI-GOD|Dazzling Gleam|p1b: Rotom|[spread] p1a,p1b\n|-resisted|p1b: Rotom\n|-damage|p1a: Gyarados|58\/100\n|-damage|p1b: Rotom|77\/100\n|move|p1a: Gyarados|Dragon Dance|p1a: Gyarados\n|-boost|p1a: Gyarados|atk|1\n|-boost|p1a: Gyarados|spe|1\n|move|p1b: Rotom|Volt Switch|p2b: Dawg\n|-damage|p2b: Dawg|0 fnt\n|faint|p2b: Dawg\n|\n|-weather|SunnyDay|[upkeep]\n|upkeep\n|\n|t:|1682168222\n|switch|p2b: Beverly|Chi-Yu, L50|100\/100\n|-ability|p2b: Beverly|Beads of Ruin\n|turn|6\n|\n|t:|1682168233\n|-terastallize|p2b: Beverly|Grass\n|move|p1b: Rotom|Helping Hand|p1a: Gyarados\n|-singleturn|p1a: Gyarados|Helping Hand|[of] p1b: Rotom\n|move|p2a: DEMI-GOD|Dazzling Gleam|p1b: Rotom|[spread] p1a,p1b\n|-resisted|p1b: Rotom\n|-damage|p1a: Gyarados|0 fnt\n|-damage|p1b: Rotom|47\/100\n|faint|p1a: Gyarados\n|move|p2b: Beverly|Heat Wave|p1b: Rotom\n|-resisted|p1b: Rotom\n|-damage|p1b: Rotom|0 fnt\n|faint|p1b: Rotom\n|\n|win|Even Greener Grass\n|raw|Rafarofa's rating: 1110 → 1087<\/strong> (-23 for losing)\n|raw|Even Greener Grass's rating: 1136 → 1159<\/strong> (+23 for winning)\n|c|\u2606Even Greener Grass|g.g.w.p.\n|l|\u2606Rafarofa\n","uploadtime":1682168243,"views":15,"p1id":"rafarofa","p2id":"evengreenergrass","formatid":"gen9vgc2023regulationc","rating":1087,"private":0,"password":""}