{"id":"gen9vgc2023regulationc-1849932429","p1":"Fireboule","p2":"HeffNastyy","format":"[Gen 9] VGC 2023 Regulation C","log":"|j|\u2606Fireboule\n|j|\u2606HeffNastyy\n|t:|1682269498\n|gametype|doubles\n|player|p1|Fireboule|rocketgruntf|\n|player|p2|HeffNastyy|lance|\n|teamsize|p1|6\n|teamsize|p2|6\n|gen|9\n|tier|[Gen 9] VGC 2023 Regulation C\n|rule|Species Clause: Limit one of each Pok\u00e9mon\n|rule|Item Clause: Limit one of each item\n|clearpoke\n|poke|p1|Indeedee-F, L50, F|\n|poke|p1|Armarouge, L50, M|\n|poke|p1|Torkoal, L50, M|\n|poke|p1|Hatterene, L50, F|\n|poke|p1|Annihilape, L50, M|\n|poke|p1|Brute Bonnet, L50|\n|poke|p2|Garchomp, L50, F|\n|poke|p2|Chien-Pao, L50|\n|poke|p2|Talonflame, L50, M|\n|poke|p2|Gyarados, L50, F|\n|poke|p2|Flutter Mane, L50|\n|poke|p2|Iron Hands, L50|\n|teampreview|4\nHeffNastyy has agreed to open team sheets.\n|c|\u2606HeffNastyy|g2\nFireboule has agreed to open team sheets.\n|c|\u2606HeffNastyy|gl hf\n|\n|t:|1682269726\n|start\n|switch|p1a: Indeedee|Indeedee-F, L50, F|100\/100\n|switch|p1b: Armarouge|Armarouge, L50, M|100\/100\n|switch|p2a: Diego|Chien-Pao, L50|100\/100\n|switch|p2b: Lilith|Flutter Mane, L50, shiny|100\/100\n|-ability|p2a: Diego|Sword of Ruin\n|-fieldstart|move: Psychic Terrain|[from] ability: Psychic Surge|[of] p1a: Indeedee\n|-enditem|p1a: Indeedee|Psychic Seed\n|-boost|p1a: Indeedee|spd|1|[from] item: Psychic Seed\n|-enditem|p2b: Lilith|Booster Energy\n|-activate|p2b: Lilith|ability: Protosynthesis|[fromitem]\n|-start|p2b: Lilith|protosynthesisspa\n|turn|1\n|j| SirSmokeVGC\n|\n|t:|1682269780\n|-terastallize|p1b: Armarouge|Grass\n|move|p1a: Indeedee|Follow Me|p1a: Indeedee\n|-singleturn|p1a: Indeedee|move: Follow Me\n|move|p2a: Diego|Throat Chop|p1a: Indeedee\n|-supereffective|p1a: Indeedee\n|-damage|p1a: Indeedee|4\/100\n|-start|p1a: Indeedee|Throat Chop|[silent]\n|move|p2b: Lilith|Shadow Ball|p1a: Indeedee\n|-immune|p1a: Indeedee\n|move|p1b: Armarouge|Trick Room|p1b: Armarouge\n|-fieldstart|move: Trick Room|[of] p1b: Armarouge\n|\n|upkeep\n|turn|2\n|\n|t:|1682269805\n|-terastallize|p2b: Lilith|Fairy\n|move|p1b: Armarouge|Heat Wave|p2b: Lilith|[spread] p2a,p2b\n|-supereffective|p2a: Diego\n|-enditem|p2a: Diego|Focus Sash\n|-damage|p2a: Diego|1\/100\n|-damage|p2b: Lilith|54\/100\n|-damage|p1b: Armarouge|91\/100|[from] item: Life Orb\n|move|p1a: Indeedee|Dazzling Gleam|p2a: Diego|[spread] p2a,p2b\n|-supereffective|p2a: Diego\n|-damage|p2a: Diego|0 fnt\n|-damage|p2b: Lilith|41\/100\n|faint|p2a: Diego\n|move|p2b: Lilith|Dazzling Gleam|p1a: Indeedee|[spread] p1a,p1b\n|-damage|p1a: Indeedee|0 fnt\n|-damage|p1b: Armarouge|31\/100\n|faint|p1a: Indeedee\n|\n|upkeep\n|\n|t:|1682269824\n|switch|p1a: Torkoal|Torkoal, L50, M|100\/100\n|switch|p2a: Jaws|Gyarados, L50, F, shiny|100\/100\n|-weather|SunnyDay|[from] ability: Drought|[of] p1a: Torkoal\n|-ability|p2a: Jaws|Intimidate|boost\n|-unboost|p1a: Torkoal|atk|1\n|-unboost|p1b: Armarouge|atk|1\n|turn|3\n|\n|t:|1682269838\n|move|p2b: Lilith|Protect|p2b: Lilith\n|-singleturn|p2b: Lilith|Protect\n|move|p1a: Torkoal|Eruption|p2a: Jaws|[spread] p2a\n|-activate|p2b: Lilith|move: Protect\n|-resisted|p2a: Jaws\n|-damage|p2a: Jaws|64\/100\n|move|p1b: Armarouge|Expanding Force|p2a: Jaws|[spread] p2a\n|-activate|p2b: Lilith|move: Protect\n|-damage|p2a: Jaws|1\/100\n|-enditem|p2a: Jaws|Sitrus Berry|[eat]\n|-heal|p2a: Jaws|26\/100|[from] item: Sitrus Berry\n|-damage|p1b: Armarouge|21\/100|[from] item: Life Orb\n|move|p2a: Jaws|Waterfall|p1a: Torkoal\n|-supereffective|p1a: Torkoal\n|-damage|p1a: Torkoal|77\/100\n|\n|-weather|SunnyDay|[upkeep]\n|upkeep\n|turn|4\n|\n|t:|1682269866\n|move|p2b: Lilith|Protect||[still]\n|-fail|p2b: Lilith\n|move|p1a: Torkoal|Eruption|p2a: Jaws|[spread] p2a,p2b\n|-resisted|p2a: Jaws\n|-damage|p2a: Jaws|1\/100\n|-damage|p2b: Lilith|0 fnt\n|faint|p2b: Lilith\n|-end|p2b: Lilith|Protosynthesis|[silent]\n|move|p1b: Armarouge|Expanding Force|p2a: Jaws\n|-damage|p2a: Jaws|0 fnt\n|faint|p2a: Jaws\n|-damage|p1b: Armarouge|12\/100|[from] item: Life Orb\n|\n|-weather|SunnyDay|[upkeep]\n|upkeep\n|\n|t:|1682269880\n|switch|p2b: Riley|Iron Hands, L50|100\/100\n|turn|5\n|\n|t:|1682269896\n|move|p1a: Torkoal|Eruption|p2b: Riley\n|-damage|p2b: Riley|54\/100\n|move|p1b: Armarouge|Expanding Force|p2b: Riley\n|-supereffective|p2b: Riley\n|-damage|p2b: Riley|0 fnt\n|faint|p2b: Riley\n|-end|p2b: Riley|Quark Drive|[silent]\n|-damage|p1b: Armarouge|2\/100|[from] item: Life Orb\n|\n|win|Fireboule\n|c|\u2606HeffNastyy|gg\n|l|\u2606Fireboule\n|l| SirSmokeVGC\n","uploadtime":1682270345,"views":12,"p1id":"fireboule","p2id":"heffnastyy","formatid":"gen9vgc2023regulationc","rating":0,"private":0,"password":""}