{"id":"gen9vgc2023regulationc-1854876348","p1":"HeffNastyy","p2":"muddyswamppert","format":"[Gen 9] VGC 2023 Regulation C","log":"|j|\u2606HeffNastyy\n|j|\u2606muddyswamppert\n|t:|1682876043\n|gametype|doubles\n|player|p1|HeffNastyy|lance|\n|player|p2|muddyswamppert|cynthia-gen4|\n|teamsize|p1|6\n|teamsize|p2|6\n|gen|9\n|tier|[Gen 9] VGC 2023 Regulation C\n|rule|Species Clause: Limit one of each Pok\u00e9mon\n|rule|Item Clause: Limit one of each item\n|clearpoke\n|poke|p1|Garchomp, L50, F|\n|poke|p1|Chien-Pao, L50|\n|poke|p1|Talonflame, L50, M|\n|poke|p1|Gyarados, L50, M|\n|poke|p1|Flutter Mane, L50|\n|poke|p1|Iron Hands, L50|\n|poke|p2|Drednaw, L50, M|\n|poke|p2|Amoonguss, L50, F|\n|poke|p2|Pelipper, L50, F|\n|poke|p2|Baxcalibur, L50, M|\n|poke|p2|Scizor, L50, F|\n|poke|p2|Iron Valiant, L50|\n|teampreview|4\n|inactive|Battle timer is ON: inactive players will automatically lose when time's up. (requested by muddyswamppert)\n|c|\u2606HeffNastyy|g1\n|inactiveoff|Battle timer is now OFF.\nHeffNastyy has agreed to open team sheets.\n|c|\u2606HeffNastyy|gl hf\n|c|\u2606muddyswamppert|g1\n|c|\u2606muddyswamppert|glhf\nmuddyswamppert has agreed to open team sheets.\n|\n|t:|1682876103\n|start\n|switch|p1a: Phoenix|Talonflame, L50, M, shiny|100\/100\n|switch|p1b: Riley|Iron Hands, L50|100\/100\n|switch|p2a: Pelipper|Pelipper, L50, F|100\/100\n|switch|p2b: Drednaw|Drednaw, L50, M|100\/100\n|-weather|RainDance|[from] ability: Drizzle|[of] p2a: Pelipper\n|turn|1\n|inactive|Battle timer is ON: inactive players will automatically lose when time's up. (requested by muddyswamppert)\n|\n|t:|1682876131\n|move|p2a: Pelipper|Protect|p2a: Pelipper\n|-singleturn|p2a: Pelipper|Protect\n|move|p1a: Phoenix|Tailwind|p1a: Phoenix\n|-sidestart|p1: HeffNastyy|move: Tailwind\n|move|p2b: Drednaw|Rock Slide|p1b: Riley|[spread] p1a,p1b\n|-supereffective|p1a: Phoenix\n|-resisted|p1b: Riley\n|-damage|p1a: Phoenix|0 fnt\n|-damage|p1b: Riley|90\/100\n|faint|p1a: Phoenix\n|move|p1b: Riley|Wild Charge|p2b: Drednaw\n|-supereffective|p2b: Drednaw\n|-damage|p2b: Drednaw|0 fnt\n|faint|p2b: Drednaw\n|-damage|p1b: Riley|74\/100|[from] Recoil\n|\n|-weather|RainDance|[upkeep]\n|upkeep\n|\n|t:|1682876152\n|switch|p1a: Chompa|Garchomp, L50, F, shiny|100\/100\n|switch|p2b: Scizor|Scizor, L50, F|100\/100\n|turn|2\n|\n|t:|1682876168\n|move|p2b: Scizor|Bullet Punch|p1a: Chompa\n|-damage|p1a: Chompa|63\/100\n|-damage|p2b: Scizor|88\/100|[from] ability: Rough Skin|[of] p1a: Chompa\n|move|p1a: Chompa|Rock Slide|p2b: Scizor|[spread] p2a,p2b\n|-supereffective|p2a: Pelipper\n|-damage|p2a: Pelipper|49\/100\n|-damage|p2b: Scizor|70\/100\n|move|p1b: Riley|Wild Charge|p2a: Pelipper\n|-supereffective|p2a: Pelipper\n|-damage|p2a: Pelipper|0 fnt\n|faint|p2a: Pelipper\n|-damage|p1b: Riley|67\/100|[from] Recoil\n|\n|-weather|RainDance|[upkeep]\n|upkeep\n|\n|t:|1682876176\n|switch|p2a: Baxcalibur|Baxcalibur, L50, M|100\/100\n|turn|3\n|inactive|HeffNastyy has 30 seconds left.\n|\n|t:|1682876205\n|-terastallize|p2a: Baxcalibur|Poison\n|move|p2a: Baxcalibur|Ice Shard|p1a: Chompa\n|-supereffective|p1a: Chompa\n|-damage|p1a: Chompa|0 fnt\n|faint|p1a: Chompa\n|move|p1b: Riley|Drain Punch|p2b: Scizor\n|-damage|p2b: Scizor|28\/100\n|-heal|p1b: Riley|82\/100|[from] drain|[of] p2b: Scizor\n|move|p2b: Scizor|U-turn|p1b: Riley\n|-resisted|p1b: Riley\n|-damage|p1b: Riley|69\/100\n|\n|-weather|RainDance|[upkeep]\n|upkeep\n|\n|t:|1682876216\n|switch|p1a: Jaws|Gyarados, L50, M, shiny|100\/100\n|-ability|p1a: Jaws|Intimidate|boost\n|-unboost|p2a: Baxcalibur|atk|1\n|-unboost|p2b: Scizor|atk|1\n|turn|4\n|inactive|HeffNastyy has 30 seconds left.\n|\n|t:|1682876247\n|-terastallize|p1a: Jaws|Steel\n|move|p2b: Scizor|Bullet Punch|p1b: Riley\n|-resisted|p1b: Riley\n|-damage|p1b: Riley|59\/100\n|move|p1a: Jaws|Thunder Wave|p2a: Baxcalibur\n|-status|p2a: Baxcalibur|par\n|move|p1b: Riley|Drain Punch|p2b: Scizor\n|-damage|p2b: Scizor|0 fnt\n|-heal|p1b: Riley|69\/100|[from] drain|[of] p2b: Scizor\n|faint|p2b: Scizor\n|move|p2a: Baxcalibur|Icicle Spear|p1a: Jaws\n|-resisted|p1a: Jaws\n|-damage|p1a: Jaws|96\/100\n|-resisted|p1a: Jaws\n|-damage|p1a: Jaws|91\/100\n|-resisted|p1a: Jaws\n|-damage|p1a: Jaws|87\/100\n|-resisted|p1a: Jaws\n|-damage|p1a: Jaws|82\/100\n|-resisted|p1a: Jaws\n|-damage|p1a: Jaws|77\/100\n|-hitcount|p1a: Jaws|5\n|\n|-weather|RainDance|[upkeep]\n|-sideend|p1: HeffNastyy|move: Tailwind\n|upkeep\n|turn|5\n|inactive|HeffNastyy has 30 seconds left.\n|\n|t:|1682876273\n|move|p1a: Jaws|Helping Hand|p1b: Riley\n|-singleturn|p1b: Riley|Helping Hand|[of] p1a: Jaws\n|move|p1b: Riley|Wild Charge|p2a: Baxcalibur\n|-damage|p2a: Baxcalibur|34\/100 par\n|-damage|p1b: Riley|54\/100|[from] Recoil\n|move|p2a: Baxcalibur|Earthquake|p1b: Riley|[spread] p1a,p1b\n|-supereffective|p1a: Jaws\n|-supereffective|p1b: Riley\n|-damage|p1a: Jaws|40\/100\n|-damage|p1b: Riley|25\/100\n|-enditem|p1a: Jaws|Sitrus Berry|[eat]\n|-heal|p1a: Jaws|65\/100|[from] item: Sitrus Berry\n|\n|-weather|none\n|upkeep\n|turn|6\n|c|\u2606muddyswamppert|gg\n|\n|t:|1682876288\n|move|p1a: Jaws|Helping Hand|p1b: Riley\n|-singleturn|p1b: Riley|Helping Hand|[of] p1a: Jaws\n|move|p1b: Riley|Wild Charge|p2a: Baxcalibur\n|-damage|p2a: Baxcalibur|0 fnt\n|faint|p2a: Baxcalibur\n|-damage|p1b: Riley|17\/100|[from] Recoil\n|\n|win|HeffNastyy\n|c|\u2606HeffNastyy|gg\n|l|\u2606muddyswamppert\n","uploadtime":1682877033,"views":8,"p1id":"heffnastyy","p2id":"muddyswamppert","formatid":"gen9vgc2023regulationc","rating":0,"private":0,"password":""}