{"id":"gen9vgc2023regulationc-1850572004","p1":"Zyros Phade","p2":"PITTOKIOTOMARE","format":"[Gen 9] VGC 2023 Regulation C","log":"|j|\u2606Zyros Phade\n|j|\u2606PITTOKIOTOMARE\n|t:|1682349670\n|gametype|doubles\n|player|p1|Zyros Phade|169|1252\n|player|p2|PITTOKIOTOMARE|alder|1240\n|teamsize|p1|6\n|teamsize|p2|6\n|gen|9\n|tier|[Gen 9] VGC 2023 Regulation C\n|rated|\n|rule|Species Clause: Limit one of each Pok\u00e9mon\n|rule|Item Clause: Limit one of each item\n|clearpoke\n|poke|p1|Vivillon, L50, F|\n|poke|p1|Gyarados, L50, M|\n|poke|p1|Flutter Mane, L50|\n|poke|p1|Sprigatito, L50, F|\n|poke|p1|Grimmsnarl, L50, M|\n|poke|p1|Garchomp, L50, F|\n|poke|p2|Dragonite, L50, M|\n|poke|p2|Garganacl, L50, M|\n|poke|p2|Arcanine, L50, M|\n|poke|p2|Flutter Mane, L50|\n|poke|p2|Chi-Yu, L50|\n|poke|p2|Tinkaton, L50, F|\n|teampreview|4\n|\n|t:|1682349695\n|start\n|switch|p1a: Marnie|Grimmsnarl, L50, M|100\/100\n|switch|p1b: Cynthia|Garchomp, L50, F|100\/100\n|switch|p2a: Tinkaton|Tinkaton, L50, F|100\/100\n|switch|p2b: Arcanine|Arcanine, L50, M|100\/100\n|-ability|p2b: Arcanine|Intimidate|boost\n|-unboost|p1a: Marnie|atk|1\n|-fail|p1b: Cynthia|unboost|[from] item: Clear Amulet|[of] p1b: Cynthia\n|turn|1\n|inactive|Battle timer is ON: inactive players will automatically lose when time's up. (requested by PITTOKIOTOMARE)\n|\n|t:|1682349714\n|switch|p1a: Lance|Gyarados, L50, M, shiny|100\/100\n|-ability|p1a: Lance|Intimidate|boost\n|-fail|p2a: Tinkaton|unboost|Attack|[from] ability: Own Tempo|[of] p2a: Tinkaton\n|-unboost|p2b: Arcanine|atk|1\n|move|p1b: Cynthia|Protect|p1b: Cynthia\n|-singleturn|p1b: Cynthia|Protect\n|move|p2a: Tinkaton|Fake Out|p1b: Cynthia\n|-activate|p1b: Cynthia|move: Protect\n|move|p2b: Arcanine|Will-O-Wisp|p1b: Cynthia\n|-activate|p1b: Cynthia|move: Protect\n|\n|upkeep\n|turn|2\n|\n|t:|1682349736\n|switch|p2a: Dragonite|Dragonite, L50, M|100\/100\n|move|p2b: Arcanine|Protect|p2b: Arcanine\n|-singleturn|p2b: Arcanine|Protect\n|move|p1b: Cynthia|Swords Dance|p1b: Cynthia\n|-boost|p1b: Cynthia|atk|2\n|move|p1a: Lance|Taunt|p2b: Arcanine\n|-activate|p2b: Arcanine|move: Protect\n|\n|upkeep\n|turn|3\n|\n|t:|1682349757\n|switch|p2b: Tinkaton|Tinkaton, L50, F|100\/100\n|move|p1a: Lance|Helping Hand|p1b: Cynthia\n|-singleturn|p1b: Cynthia|Helping Hand|[of] p1a: Lance\n|move|p1b: Cynthia|Earthquake|p2b: Tinkaton|[spread] p2b\n|-immune|p1a: Lance\n|-immune|p2a: Dragonite\n|-supereffective|p2b: Tinkaton\n|-damage|p2b: Tinkaton|0 fnt\n|faint|p2b: Tinkaton\n|move|p2a: Dragonite|Dragon Dance|p2a: Dragonite\n|-boost|p2a: Dragonite|atk|1\n|-boost|p2a: Dragonite|spe|1\n|\n|upkeep\n|\n|t:|1682349772\n|switch|p2b: Arcanine|Arcanine, L50, M|100\/100\n|-ability|p2b: Arcanine|Intimidate|boost\n|-unboost|p1a: Lance|atk|1\n|-fail|p1b: Cynthia|unboost|[from] item: Clear Amulet|[of] p1b: Cynthia\n|turn|4\n|\n|t:|1682349783\n|-terastallize|p2b: Arcanine|Grass\n|move|p1b: Cynthia|Protect|p1b: Cynthia\n|-singleturn|p1b: Cynthia|Protect\n|move|p2a: Dragonite|Thunder Punch|p1a: Lance\n|-supereffective|p1a: Lance\n|-damage|p1a: Lance|0 fnt\n|faint|p1a: Lance\n|move|p2b: Arcanine|Will-O-Wisp|p1b: Cynthia\n|-activate|p1b: Cynthia|move: Protect\n|\n|upkeep\n|\n|t:|1682349792\n|switch|p1a: Marnie|Grimmsnarl, L50, M|100\/100\n|turn|5\n|\n|t:|1682349801\n|move|p1a: Marnie|Reflect|p1a: Marnie\n|-sidestart|p1: Zyros Phade|Reflect\n|move|p2a: Dragonite|Dragon Dance|p2a: Dragonite\n|-boost|p2a: Dragonite|atk|1\n|-boost|p2a: Dragonite|spe|1\n|move|p1b: Cynthia|Rock Slide|p2a: Dragonite|[spread] p2a,p2b\n|-supereffective|p2a: Dragonite\n|-damage|p2a: Dragonite|39\/100\n|-damage|p2b: Arcanine|59\/100\n|move|p2b: Arcanine|Will-O-Wisp|p1b: Cynthia\n|-status|p1b: Cynthia|brn\n|\n|-damage|p1b: Cynthia|95\/100 brn|[from] brn\n|upkeep\n|turn|6\n|inactive|PITTOKIOTOMARE has 30 seconds left.\n|\n|t:|1682349827\n|move|p2a: Dragonite|Extreme Speed|p1a: Marnie\n|-damage|p1a: Marnie|63\/100\n|move|p1b: Cynthia|Swords Dance|p1b: Cynthia\n|-boost|p1b: Cynthia|atk|2\n|move|p2b: Arcanine|Flare Blitz|p1a: Marnie\n|-damage|p1a: Marnie|33\/100\n|-damage|p2b: Arcanine|49\/100|[from] Recoil\n|move|p1a: Marnie|Spirit Break|p2a: Dragonite\n|-supereffective|p2a: Dragonite\n|-damage|p2a: Dragonite|0 fnt\n|faint|p2a: Dragonite\n|\n|-damage|p1b: Cynthia|89\/100 brn|[from] brn\n|upkeep\n|\n|t:|1682349843\n|switch|p2a: Garganacl|Garganacl, L50, M|100\/100\n|turn|7\n|\n|t:|1682349852\n|move|p1b: Cynthia|Swords Dance|p1b: Cynthia\n|-boost|p1b: Cynthia|atk|2\n|move|p2b: Arcanine|Flare Blitz|p1a: Marnie\n|-damage|p1a: Marnie|2\/100\n|-damage|p2b: Arcanine|39\/100|[from] Recoil\n|move|p1a: Marnie|Spirit Break|p2a: Garganacl\n|-crit|p2a: Garganacl\n|-damage|p2a: Garganacl|70\/100\n|-unboost|p2a: Garganacl|spa|1\n|move|p2a: Garganacl|Substitute|p2a: Garganacl\n|-start|p2a: Garganacl|Substitute\n|-damage|p2a: Garganacl|45\/100\n|\n|-heal|p2a: Garganacl|51\/100|[from] item: Leftovers\n|-damage|p1b: Cynthia|83\/100 brn|[from] brn\n|upkeep\n|turn|8\n|\n|t:|1682349875\n|move|p2a: Garganacl|Protect|p2a: Garganacl\n|-singleturn|p2a: Garganacl|Protect\n|move|p1a: Marnie|Thunder Wave|p2b: Arcanine\n|-status|p2b: Arcanine|par\n|move|p1b: Cynthia|Earthquake|p2b: Arcanine|[spread] p1a,p2b\n|-activate|p2a: Garganacl|move: Protect\n|-resisted|p2b: Arcanine\n|-damage|p1a: Marnie|0 fnt\n|-damage|p2b: Arcanine|0 fnt\n|faint|p1a: Marnie\n|faint|p2b: Arcanine\n|\n|-heal|p2a: Garganacl|57\/100|[from] item: Leftovers\n|-damage|p1b: Cynthia|77\/100 brn|[from] brn\n|upkeep\n|\n|t:|1682349878\n|switch|p1a: Sprigatito|Sprigatito, L50, F|100\/100\n|turn|9\n|\n|t:|1682349897\n|move|p1b: Cynthia|Earthquake|p2a: Garganacl|[spread] p1a,p2a\n|-supereffective|p2a: Garganacl\n|-end|p2a: Garganacl|Substitute\n|-resisted|p1a: Sprigatito\n|-damage|p1a: Sprigatito|75\/100\n|move|p1a: Sprigatito|Leech Seed|p2a: Garganacl\n|-start|p2a: Garganacl|move: Leech Seed\n|move|p2a: Garganacl|Salt Cure|p1b: Cynthia\n|-resisted|p1b: Cynthia\n|-damage|p1b: Cynthia|72\/100 brn\n|-start|p1b: Cynthia|Salt Cure\n|\n|-heal|p2a: Garganacl|63\/100|[from] item: Leftovers\n|-damage|p2a: Garganacl|51\/100|[from] Leech Seed|[of] p1a: Sprigatito\n|-heal|p1a: Sprigatito|92\/100|[silent]\n|-damage|p1b: Cynthia|66\/100 brn|[from] brn\n|-damage|p1b: Cynthia|54\/100 brn|[from] Salt Cure\n|upkeep\n|turn|10\n|\n|t:|1682349914\n|move|p1a: Sprigatito|Protect|p1a: Sprigatito\n|-start|p1a: Sprigatito|typechange|Normal|[from] ability: Protean\n|-singleturn|p1a: Sprigatito|Protect\n|move|p2a: Garganacl|Protect|p2a: Garganacl\n|-singleturn|p2a: Garganacl|Protect\n|move|p1b: Cynthia|Earthquake|p2a: Garganacl|[spread] \n|-activate|p1a: Sprigatito|move: Protect\n|-activate|p2a: Garganacl|move: Protect\n|\n|-heal|p2a: Garganacl|57\/100|[from] item: Leftovers\n|-damage|p2a: Garganacl|44\/100|[from] Leech Seed|[of] p1a: Sprigatito\n|-heal|p1a: Sprigatito|100\/100|[silent]\n|-damage|p1b: Cynthia|48\/100 brn|[from] brn\n|-damage|p1b: Cynthia|36\/100 brn|[from] Salt Cure\n|upkeep\n|turn|11\n|\n|t:|1682349932\n|move|p1b: Cynthia|Earthquake|p2a: Garganacl|[spread] p1a,p2a\n|-supereffective|p2a: Garganacl\n|-damage|p1a: Sprigatito|54\/100\n|-damage|p2a: Garganacl|0 fnt\n|faint|p2a: Garganacl\n|\n|win|Zyros Phade\n|raw|Zyros Phade's rating: 1252 → 1276<\/strong> (+24 for winning)\n|raw|PITTOKIOTOMARE's rating: 1240 → 1216<\/strong> (-24 for losing)\n|l|\u2606PITTOKIOTOMARE\n","uploadtime":1682349950,"views":23,"p1id":"zyrosphade","p2id":"pittokiotomare","formatid":"gen9vgc2023regulationc","rating":1216,"private":0,"password":""}