{"id":"gen9vgc2023regulationc-1845216844","p1":"Donkk","p2":"hera665","format":"[Gen 9] VGC 2023 Regulation C","log":"|j|\u2606Donkk\n|j|\u2606hera665\n|t:|1681697596\n|gametype|doubles\n|player|p1|Donkk|blue-lgpe|\n|player|p2|hera665|pokekid|\n|teamsize|p1|4\n|teamsize|p2|6\n|gen|9\n|tier|[Gen 9] VGC 2023 Regulation C\n|rule|Species Clause: Limit one of each Pok\u00e9mon\n|rule|Item Clause: Limit one of each item\n|clearpoke\n|poke|p1|Sandy Shocks, L50|\n|poke|p1|Scream Tail, L50|\n|poke|p1|Scovillain, L50, M|\n|poke|p1|Fletchling, L50, M|\n|poke|p2|Talonflame, L50, F|\n|poke|p2|Iron Bundle, L50|\n|poke|p2|Great Tusk, L50|\n|poke|p2|Amoonguss, L50, M|\n|poke|p2|Flutter Mane, L50|\n|poke|p2|Chi-Yu, L50|\n|teampreview|4\n|inactive|Battle timer is ON: inactive players will automatically lose when time's up. (requested by Donkk)\n|\n|t:|1681697613\n|start\n|switch|p1a: Sandy Shocks|Sandy Shocks, L50|100\/100\n|switch|p1b: Scream Tail|Scream Tail, L50|100\/100\n|switch|p2a: Amoonguss|Amoonguss, L50, M|100\/100\n|switch|p2b: Flutter Mane|Flutter Mane, L50|100\/100\n|-enditem|p1a: Sandy Shocks|Booster Energy\n|-activate|p1a: Sandy Shocks|ability: Protosynthesis|[fromitem]\n|-start|p1a: Sandy Shocks|protosynthesisspe\n|turn|1\n|j| PigsRuleVGC!!!\n|\n|t:|1681697628\n|-terastallize|p2b: Flutter Mane|Fairy\n|move|p2a: Amoonguss|Protect|p2a: Amoonguss\n|-singleturn|p2a: Amoonguss|Protect\n|move|p1b: Scream Tail|Sing|p2b: Flutter Mane\n|-status|p2b: Flutter Mane|slp|[from] move: Sing\n|move|p1a: Sandy Shocks|Gravity|p1a: Sandy Shocks\n|-fieldstart|move: Gravity\n|cant|p2b: Flutter Mane|slp\n|\n|upkeep\n|turn|2\n|\n|t:|1681697641\n|-end|p1a: Sandy Shocks|Protosynthesis|[silent]\n|switch|p1a: Scovillain|Scovillain, L50, M|100\/100\n|move|p2a: Amoonguss|Rage Powder|p2a: Amoonguss\n|-singleturn|p2a: Amoonguss|move: Rage Powder\n|move|p1b: Scream Tail|Sing|p2a: Amoonguss\n|-status|p2a: Amoonguss|slp|[from] move: Sing\n|-curestatus|p2b: Flutter Mane|slp|[msg]\n|move|p2b: Flutter Mane|Moonblast|p1a: Scovillain\n|-resisted|p1a: Scovillain\n|-damage|p1a: Scovillain|16\/100\n|-unboost|p1a: Scovillain|spa|1\n|\n|-ability|p1a: Scovillain|Moody|boost\n|-boost|p1a: Scovillain|spe|2\n|-unboost|p1a: Scovillain|spd|1\n|upkeep\n|turn|3\n|j| BBRAFF\n|\n|t:|1681697659\n|cant|p2a: Amoonguss|slp\n|move|p1a: Scovillain|Flamethrower|p2a: Amoonguss\n|-supereffective|p2a: Amoonguss\n|-damage|p2a: Amoonguss|54\/100 slp\n|move|p1b: Scream Tail|Sing|p2b: Flutter Mane\n|-status|p2b: Flutter Mane|slp|[from] move: Sing\n|cant|p2b: Flutter Mane|slp\n|\n|-ability|p1a: Scovillain|Moody|boost\n|-boost|p1a: Scovillain|spa|2\n|-unboost|p1a: Scovillain|spd|1\n|upkeep\n|turn|4\n|\n|t:|1681697671\n|-end|p1b: Scream Tail|Protosynthesis|[silent]\n|switch|p1b: Fletchling|Fletchling, L50, M|100\/100\n|-curestatus|p2a: Amoonguss|slp|[msg]\n|move|p2a: Amoonguss|Protect|p2a: Amoonguss\n|-singleturn|p2a: Amoonguss|Protect\n|move|p1a: Scovillain|Spicy Extract|p1b: Fletchling\n|-fail|p1b: Fletchling|unboost|Defense|[from] ability: Big Pecks|[of] p1b: Fletchling\n|-boost|p1b: Fletchling|atk|2\n|cant|p2b: Flutter Mane|slp\n|\n|-ability|p1a: Scovillain|Moody|boost\n|-boost|p1a: Scovillain|spd|2\n|-unboost|p1a: Scovillain|def|1\n|upkeep\n|turn|5\n|\n|t:|1681697686\n|-terastallize|p1b: Fletchling|Flying\n|move|p2a: Amoonguss|Rage Powder|p2a: Amoonguss\n|-singleturn|p2a: Amoonguss|move: Rage Powder\n|move|p1a: Scovillain|Flamethrower|p2a: Amoonguss\n|-supereffective|p2a: Amoonguss\n|-damage|p2a: Amoonguss|0 fnt\n|faint|p2a: Amoonguss\n|cant|p2b: Flutter Mane|slp\n|move|p1b: Fletchling|Acrobatics|p2b: Flutter Mane\n|-damage|p2b: Flutter Mane|0 fnt\n|faint|p2b: Flutter Mane\n|-end|p2b: Flutter Mane|Protosynthesis|[silent]\n|\n|-fieldend|move: Gravity\n|-ability|p1a: Scovillain|Moody|boost\n|-boost|p1a: Scovillain|spa|2\n|-unboost|p1a: Scovillain|def|1\n|upkeep\n|\n|t:|1681697691\n|switch|p2b: Great Tusk|Great Tusk, L50|100\/100\n|switch|p2a: Iron Bundle|Iron Bundle, L50|100\/100\n|-enditem|p2a: Iron Bundle|Booster Energy\n|-activate|p2a: Iron Bundle|ability: Quark Drive|[fromitem]\n|-start|p2a: Iron Bundle|quarkdrivespe\n|turn|6\n|inactive|hera665 has 30 seconds left.\n|inactive|hera665 has 20 seconds left.\n|inactive|hera665 has 15 seconds left.\n|\n|t:|1681697732\n|switch|p1a: Scream Tail|Scream Tail, L50|100\/100\n|switch|p1b: Sandy Shocks|Sandy Shocks, L50|100\/100\n|move|p2b: Great Tusk|Protect|p2b: Great Tusk\n|-singleturn|p2b: Great Tusk|Protect\n|move|p2a: Iron Bundle|Freeze-Dry|p1a: Scream Tail\n|-damage|p1a: Scream Tail|75\/100\n|\n|upkeep\n|turn|7\n|\n|t:|1681697751\n|move|p1b: Sandy Shocks|Protect|p1b: Sandy Shocks\n|-singleturn|p1b: Sandy Shocks|Protect\n|move|p2a: Iron Bundle|Icy Wind|p1b: Sandy Shocks|[spread] p1a\n|-activate|p1b: Sandy Shocks|move: Protect\n|-damage|p1a: Scream Tail|60\/100\n|-unboost|p1a: Scream Tail|spe|1\n|move|p1a: Scream Tail|Sing|p2a: Iron Bundle|[miss]\n|-miss|p1a: Scream Tail|p2a: Iron Bundle\n|move|p2b: Great Tusk|Earthquake|p1a: Scream Tail|[spread] p2a,p1a\n|-activate|p1b: Sandy Shocks|move: Protect\n|-damage|p2a: Iron Bundle|43\/100\n|-damage|p1a: Scream Tail|17\/100\n|-damage|p2b: Great Tusk|91\/100|[from] item: Life Orb\n|\n|upkeep\n|turn|8\n|inactive|Donkk has 30 seconds left.\n|\n|t:|1681697786\n|-end|p1b: Sandy Shocks|Protosynthesis|[silent]\n|switch|p1b: Fletchling|Fletchling, L50, M, tera:Flying|100\/100\n|move|p2a: Iron Bundle|Protect|p2a: Iron Bundle\n|-singleturn|p2a: Iron Bundle|Protect\n|move|p1a: Scream Tail|Sing|p2a: Iron Bundle\n|-activate|p2a: Iron Bundle|move: Protect\n|move|p2b: Great Tusk|Earthquake|p1a: Scream Tail|[spread] p1a\n|-activate|p2a: Iron Bundle|move: Protect\n|-immune|p1b: Fletchling\n|-damage|p1a: Scream Tail|0 fnt\n|faint|p1a: Scream Tail\n|-end|p1a: Scream Tail|Protosynthesis|[silent]\n|-damage|p2b: Great Tusk|81\/100|[from] item: Life Orb\n|\n|upkeep\n|\n|t:|1681697803\n|switch|p1a: Sandy Shocks|Sandy Shocks, L50|100\/100\n|turn|9\n|\n|t:|1681697827\n|move|p1b: Fletchling|Protect|p1b: Fletchling\n|-singleturn|p1b: Fletchling|Protect\n|move|p2a: Iron Bundle|Icy Wind|p1a: Sandy Shocks|[spread] p1a\n|-activate|p1b: Fletchling|move: Protect\n|-supereffective|p1a: Sandy Shocks\n|-damage|p1a: Sandy Shocks|46\/100\n|-unboost|p1a: Sandy Shocks|spe|1\n|move|p2b: Great Tusk|Headlong Rush|p1a: Sandy Shocks\n|-supereffective|p1a: Sandy Shocks\n|-damage|p1a: Sandy Shocks|0 fnt\n|-unboost|p2b: Great Tusk|def|1\n|-unboost|p2b: Great Tusk|spd|1\n|faint|p1a: Sandy Shocks\n|-end|p1a: Sandy Shocks|Protosynthesis|[silent]\n|-damage|p2b: Great Tusk|71\/100|[from] item: Life Orb\n|\n|upkeep\n|\n|t:|1681697842\n|switch|p1a: Scovillain|Scovillain, L50, M|16\/100\n|turn|10\n|\n|t:|1681697852\n|move|p1b: Fletchling|Quick Attack|p2a: Iron Bundle\n|-damage|p2a: Iron Bundle|26\/100\n|move|p2a: Iron Bundle|Icy Wind|p1a: Scovillain|[spread] p1a,p1b\n|-crit|p1a: Scovillain\n|-supereffective|p1b: Fletchling\n|-damage|p1a: Scovillain|0 fnt\n|-damage|p1b: Fletchling|0 fnt\n|faint|p1a: Scovillain\n|faint|p1b: Fletchling\n|\n|win|hera665\n|l|\u2606hera665\n","uploadtime":1681697861,"views":14,"p1id":"donkk","p2id":"hera665","formatid":"gen9vgc2023regulationc","rating":0,"private":0,"password":""}