{"id":"gen9vgc2023regulationc-1846181979","p1":"BlindMagneton","p2":"Plohka","format":"[Gen 9] VGC 2023 Regulation C","log":"|j|\u2606BlindMagneton\n|j|\u2606Plohka\n|t:|1681818319\n|gametype|doubles\n|player|p1|BlindMagneton|wattson|1232\n|player|p2|Plohka|hilda-wonderlauncher|1245\n|teamsize|p1|6\n|teamsize|p2|6\n|gen|9\n|tier|[Gen 9] VGC 2023 Regulation C\n|rated|\n|rule|Species Clause: Limit one of each Pok\u00e9mon\n|rule|Item Clause: Limit one of each item\n|clearpoke\n|poke|p1|Iron Bundle, L50|\n|poke|p1|Palafin, L50, F|\n|poke|p1|Ceruledge, L50, F|\n|poke|p1|Grimmsnarl, L50, M|\n|poke|p1|Dachsbun, L50, M|\n|poke|p1|Dragapult, L50, M|\n|poke|p2|Sandy Shocks, L50|\n|poke|p2|Iron Bundle, L50|\n|poke|p2|Flutter Mane, L50|\n|poke|p2|Kingambit, L50, M|\n|poke|p2|Chi-Yu, L50|\n|poke|p2|Dragonite, L50, M|\n|teampreview|4\n|\n|t:|1681818400\n|start\n|switch|p1a: Grimmsnarl|Grimmsnarl, L50, M|100\/100\n|switch|p1b: Dragapult|Dragapult, L50, M|100\/100\n|switch|p2a: Kingambit|Kingambit, L50, M|100\/100\n|switch|p2b: Iron Bundle|Iron Bundle, L50|100\/100\n|-enditem|p2b: Iron Bundle|Booster Energy\n|-activate|p2b: Iron Bundle|ability: Quark Drive|[fromitem]\n|-start|p2b: Iron Bundle|quarkdrivespe\n|turn|1\n|\n|t:|1681818419\n|move|p1a: Grimmsnarl|Fake Out|p2b: Iron Bundle\n|-damage|p2b: Iron Bundle|84\/100\n|cant|p2b: Iron Bundle|flinch\n|move|p1b: Dragapult|Will-O-Wisp|p2a: Kingambit\n|-status|p2a: Kingambit|brn\n|move|p2a: Kingambit|Iron Head|p1a: Grimmsnarl\n|-supereffective|p1a: Grimmsnarl\n|-damage|p1a: Grimmsnarl|25\/100\n|\n|-damage|p2a: Kingambit|94\/100 brn|[from] brn\n|upkeep\n|turn|2\n|\n|t:|1681818461\n|-terastallize|p1b: Dragapult|Dark\n|move|p1a: Grimmsnarl|Swagger|p2b: Iron Bundle\n|-boost|p2b: Iron Bundle|atk|2\n|-enditem|p1b: Dragapult|Mirror Herb\n|-boost|p1b: Dragapult|atk|2|[from] item: Mirror Herb\n|-start|p2b: Iron Bundle|confusion\n|-activate|p2b: Iron Bundle|confusion\n|move|p2b: Iron Bundle|Icy Wind|p1b: Dragapult|[spread] p1a,p1b\n|-crit|p1b: Dragapult\n|-damage|p1a: Grimmsnarl|0 fnt\n|-damage|p1b: Dragapult|60\/100\n|faint|p1a: Grimmsnarl\n|move|p1b: Dragapult|Phantom Force||[still]\n|-prepare|p1b: Dragapult|Phantom Force\n|move|p2a: Kingambit|Iron Head|p1b: Dragapult|[miss]\n|-miss|p2a: Kingambit|p1b: Dragapult\n|\n|-damage|p2a: Kingambit|88\/100 brn|[from] brn\n|upkeep\n|\n|t:|1681818485\n|switch|p1a: Palafin|Palafin, L50, F|100\/100\n|turn|3\n|\n|t:|1681818497\n|detailschange|p1a: Palafin|Palafin-Hero, L50, F\n|switch|p1a: Dachsbun|Dachsbun, L50, M|100\/100\n|-activate|p2b: Iron Bundle|confusion\n|move|p2b: Iron Bundle|Freeze-Dry|p1a: Dachsbun\n|-damage|p1a: Dachsbun|80\/100\n|move|p1b: Dragapult|Phantom Force|p2b: Iron Bundle|[from]lockedmove\n|-damage|p2b: Iron Bundle|0 fnt\n|faint|p2b: Iron Bundle\n|-end|p2b: Iron Bundle|Quark Drive|[silent]\n|move|p2a: Kingambit|Assurance|p1a: Dachsbun\n|-resisted|p1a: Dachsbun\n|-damage|p1a: Dachsbun|63\/100\n|\n|-damage|p2a: Kingambit|82\/100 brn|[from] brn\n|upkeep\n|\n|t:|1681818510\n|switch|p2b: Flutter Mane|Flutter Mane, L50|100\/100\n|turn|4\n|\n|t:|1681818549\n|move|p1b: Dragapult|Phantom Force||[still]\n|-prepare|p1b: Dragapult|Phantom Force\n|move|p2b: Flutter Mane|Dazzling Gleam|p1a: Dachsbun|[spread] p1a\n|-miss|p2b: Flutter Mane|p1b: Dragapult\n|-crit|p1a: Dachsbun\n|-damage|p1a: Dachsbun|20\/100\n|move|p1a: Dachsbun|Body Press|p2a: Kingambit\n|-supereffective|p2a: Kingambit\n|-damage|p2a: Kingambit|16\/100 brn\n|move|p2a: Kingambit|Iron Head|p1a: Dachsbun\n|-supereffective|p1a: Dachsbun\n|-damage|p1a: Dachsbun|0 fnt\n|faint|p1a: Dachsbun\n|\n|-damage|p2a: Kingambit|10\/100 brn|[from] brn\n|upkeep\n|\n|t:|1681818562\n|switch|p1a: Palafin|Palafin-Hero, L50, F|100\/100\n|-activate|p1a: Palafin|ability: Zero to Hero\n|turn|5\n|\n|t:|1681818602\n|move|p1a: Palafin|Jet Punch|p2b: Flutter Mane\n|-damage|p2b: Flutter Mane|30\/100\n|move|p2a: Kingambit|Sucker Punch|p1b: Dragapult|[miss]\n|-miss|p2a: Kingambit|p1b: Dragapult\n|move|p1b: Dragapult|Phantom Force|p2b: Flutter Mane|[from]lockedmove\n|-supereffective|p2b: Flutter Mane\n|-damage|p2b: Flutter Mane|0 fnt\n|faint|p2b: Flutter Mane\n|-end|p2b: Flutter Mane|Protosynthesis|[silent]\n|\n|-damage|p2a: Kingambit|4\/100 brn|[from] brn\n|upkeep\n|\n|t:|1681818608\n|switch|p2b: Sandy Shocks|Sandy Shocks, L50|100\/100\n|turn|6\n|c|\u2606Plohka|damn bro, gg\n|c|\u2606Plohka|you got a hella scary team\n|c|\u2606BlindMagneton|some ideas from other teams but I'm just testing\n|\n|t:|1681818666\n|-terastallize|p2b: Sandy Shocks|Ice\n|move|p1a: Palafin|Jet Punch|p2b: Sandy Shocks\n|-damage|p2b: Sandy Shocks|66\/100\n|move|p1b: Dragapult|Dragon Darts|p2a: Kingambit\n|-resisted|p2a: Kingambit\n|-damage|p2a: Kingambit|0 fnt\n|-anim|p1b: Dragapult|Dragon Darts|p2b: Sandy Shocks\n|-damage|p2b: Sandy Shocks|8\/100\n|faint|p2a: Kingambit\n|move|p2b: Sandy Shocks|Thunderbolt|p1a: Palafin\n|-supereffective|p1a: Palafin\n|-damage|p1a: Palafin|0 fnt\n|faint|p1a: Palafin\n|-damage|p2b: Sandy Shocks|0 fnt|[from] item: Life Orb\n|faint|p2b: Sandy Shocks\n|-end|p2b: Sandy Shocks|Protosynthesis|[silent]\n|\n|win|BlindMagneton\n|raw|BlindMagneton's rating: 1232 → 1258<\/strong> (+26 for winning)\n|raw|Plohka's rating: 1245 → 1219<\/strong> (-26 for losing)\n|c|\u2606BlindMagneton|GG\n","uploadtime":1681818687,"views":9,"p1id":"blindmagneton","p2id":"plohka","formatid":"gen9vgc2023regulationc","rating":1219,"private":0,"password":""}