{"id":"gen9vgc2023regulationc-1862850313","p1":"TGH_sr","p2":"eepy nougat","format":"[Gen 9] VGC 2023 Regulation C","log":"|j|\u2606TGH_sr\n|j|\u2606eepy nougat\n|t:|1683929119\n|gametype|doubles\n|player|p1|TGH_sr|steven|1250\n|player|p2|eepy nougat|janitor|1323\n|teamsize|p1|6\n|teamsize|p2|6\n|gen|9\n|tier|[Gen 9] VGC 2023 Regulation C\n|rated|\n|rule|Species Clause: Limit one of each Pok\u00e9mon\n|rule|Item Clause: Limit one of each item\n|clearpoke\n|poke|p1|Talonflame, L50, F|\n|poke|p1|Garchomp, L50, M|\n|poke|p1|Kingambit, L50, M|\n|poke|p1|Amoonguss, L50, F|\n|poke|p1|Iron Bundle, L50|\n|poke|p1|Flutter Mane, L50|\n|poke|p2|Scizor, L50, F|\n|poke|p2|Chien-Pao, L50|\n|poke|p2|Gyarados, L50, M|\n|poke|p2|Chi-Yu, L50|\n|poke|p2|Flutter Mane, L50|\n|poke|p2|Amoonguss, L50, M|\n|teampreview|4\nTGH_sr has agreed to open team sheets.\n|\n|t:|1683929198\n|start\n|switch|p1a: Talonflame|Talonflame, L50, F|100\/100\n|switch|p1b: Garchomp|Garchomp, L50, M|100\/100\n|switch|p2a: Gyarados|Gyarados, L50, M|100\/100\n|switch|p2b: Chi-Yu|Chi-Yu, L50|100\/100\n|-ability|p2b: Chi-Yu|Beads of Ruin\n|-ability|p2a: Gyarados|Intimidate|boost\n|-unboost|p1a: Talonflame|atk|1\n|-unboost|p1b: Garchomp|atk|1\n|turn|1\n|\n|t:|1683929246\n|move|p1a: Talonflame|Brave Bird|p2b: Chi-Yu\n|-damage|p2b: Chi-Yu|30\/100\n|-damage|p1a: Talonflame|81\/100|[from] Recoil\n|-damage|p1a: Talonflame|71\/100|[from] item: Life Orb\n|move|p2b: Chi-Yu|Snarl|p1b: Garchomp|[spread] p1a,p1b\n|-damage|p1a: Talonflame|26\/100\n|-damage|p1b: Garchomp|72\/100\n|-unboost|p1a: Talonflame|spa|1\n|-unboost|p1b: Garchomp|spa|1\n|move|p1b: Garchomp|Rock Slide|p2a: Gyarados|[spread] p2b\n|-miss|p1b: Garchomp|p2a: Gyarados\n|-supereffective|p2b: Chi-Yu\n|-damage|p2b: Chi-Yu|0 fnt\n|faint|p2b: Chi-Yu\n|move|p2a: Gyarados|Thunder Wave|p1a: Talonflame\n|-status|p1a: Talonflame|par\n|\n|upkeep\n|\n|t:|1683929276\n|switch|p2b: Chien-Pao|Chien-Pao, L50|100\/100\n|-ability|p2b: Chien-Pao|Sword of Ruin\n|turn|2\n|\n|t:|1683929319\n|switch|p1b: Iron Bundle|Iron Bundle, L50|100\/100\n|-enditem|p1b: Iron Bundle|Booster Energy\n|-activate|p1b: Iron Bundle|ability: Quark Drive|[fromitem]\n|-start|p1b: Iron Bundle|quarkdrivespe\n|move|p2b: Chien-Pao|Protect|p2b: Chien-Pao\n|-singleturn|p2b: Chien-Pao|Protect\n|move|p1a: Talonflame|Protect|p1a: Talonflame\n|-singleturn|p1a: Talonflame|Protect\n|move|p2a: Gyarados|Waterfall|p1a: Talonflame\n|-activate|p1a: Talonflame|move: Protect\n|\n|upkeep\n|turn|3\n|\n|t:|1683929340\n|move|p2b: Chien-Pao|Ice Shard|p1a: Talonflame\n|-damage|p1a: Talonflame|0 fnt\n|faint|p1a: Talonflame\n|move|p1b: Iron Bundle|Freeze-Dry|p2a: Gyarados\n|-supereffective|p2a: Gyarados\n|-damage|p2a: Gyarados|5\/100\n|move|p2a: Gyarados|Thunder Wave|p1b: Iron Bundle\n|-status|p1b: Iron Bundle|par\n|\n|upkeep\n|\n|t:|1683929360\n|switch|p1a: Garchomp|Garchomp, L50, M|72\/100\n|turn|4\n|\n|t:|1683929376\n|switch|p2a: Scizor|Scizor, L50, F|100\/100\n|-terastallize|p1a: Garchomp|Steel\n|move|p2b: Chien-Pao|Protect|p2b: Chien-Pao\n|-singleturn|p2b: Chien-Pao|Protect\n|move|p1b: Iron Bundle|Icy Wind|p2b: Chien-Pao|[spread] p2a\n|-activate|p2b: Chien-Pao|move: Protect\n|-resisted|p2a: Scizor\n|-damage|p2a: Scizor|89\/100\n|-unboost|p2a: Scizor|spe|1\n|move|p1a: Garchomp|Iron Head|p2b: Chien-Pao\n|-activate|p2b: Chien-Pao|move: Protect\n|\n|-heal|p2a: Scizor|95\/100|[from] item: Leftovers\n|upkeep\n|turn|5\n|\n|t:|1683929398\n|switch|p2a: Gyarados|Gyarados, L50, M|5\/100\n|-ability|p2a: Gyarados|Intimidate|boost\n|-unboost|p1a: Garchomp|atk|1\n|-unboost|p1b: Iron Bundle|atk|1\n|move|p2b: Chien-Pao|Throat Chop|p1b: Iron Bundle\n|-damage|p1b: Iron Bundle|42\/100 par\n|-start|p1b: Iron Bundle|Throat Chop|[silent]\n|move|p1b: Iron Bundle|Icy Wind|p2b: Chien-Pao|[spread] p2a,p2b\n|-resisted|p2b: Chien-Pao\n|-damage|p2a: Gyarados|0 fnt\n|-damage|p2b: Chien-Pao|83\/100\n|-unboost|p2b: Chien-Pao|spe|1\n|faint|p2a: Gyarados\n|move|p1a: Garchomp|Iron Head|p2b: Chien-Pao\n|-supereffective|p2b: Chien-Pao\n|-damage|p2b: Chien-Pao|0 fnt\n|faint|p2b: Chien-Pao\n|\n|upkeep\n|\n|t:|1683929403\n|switch|p2b: Scizor|Scizor, L50, F|95\/100\n|turn|6\n|\n|t:|1683929439\n|switch|p1a: Flutter Mane|Flutter Mane, L50|100\/100\n|move|p1b: Iron Bundle|Hydro Pump|p2b: Scizor|[miss]\n|-miss|p1b: Iron Bundle|p2b: Scizor\n|move|p2b: Scizor|Brick Break|p1a: Flutter Mane\n|-immune|p1a: Flutter Mane\n|\n|-heal|p2b: Scizor|100\/100|[from] item: Leftovers\n|-end|p1b: Iron Bundle|Throat Chop|[silent]\n|upkeep\n|turn|7\n|\n|t:|1683929463\n|-end|p1a: Flutter Mane|Protosynthesis|[silent]\n|switch|p1a: Garchomp|Garchomp, L50, M, tera:Steel|72\/100\n|move|p1b: Iron Bundle|Hydro Pump|p2b: Scizor|[miss]\n|-miss|p1b: Iron Bundle|p2b: Scizor\n|move|p2b: Scizor|Swords Dance|p2b: Scizor\n|-boost|p2b: Scizor|atk|2\n|\n|upkeep\n|turn|8\n|\n|t:|1683929495\n|move|p1b: Iron Bundle|Protect|p1b: Iron Bundle\n|-singleturn|p1b: Iron Bundle|Protect\n|move|p2b: Scizor|Bullet Punch|p1b: Iron Bundle\n|-activate|p1b: Iron Bundle|move: Protect\n|move|p1a: Garchomp|Earthquake|p2b: Scizor|[spread] p2b\n|-activate|p1b: Iron Bundle|move: Protect\n|-damage|p2b: Scizor|39\/100\n|\n|-heal|p2b: Scizor|46\/100|[from] item: Leftovers\n|upkeep\n|turn|9\n|\n|t:|1683929515\n|move|p1b: Iron Bundle|Hydro Pump|p2b: Scizor\n|-damage|p2b: Scizor|0 fnt\n|faint|p2b: Scizor\n|\n|win|TGH_sr\n|raw|TGH_sr's rating: 1250 → 1280<\/strong> (+30 for winning)\n|raw|eepy nougat's rating: 1323 → 1299<\/strong> (-24 for losing)\n|l|\u2606eepy nougat\n","uploadtime":1683929525,"views":8,"p1id":"tghsr","p2id":"eepynougat","formatid":"gen9vgc2023regulationc","rating":1280,"private":0,"password":""}