{"id":"gen9vgc2023regulationc-1856128232","p1":"Trullisimo","p2":"Qicide","format":"[Gen 9] VGC 2023 Regulation C","log":"|j|\u2606Trullisimo\n|j|\u2606Qicide\n|t:|1683033147\n|gametype|doubles\n|player|p1|Trullisimo|265|1393\n|player|p2|Qicide|red|1328\n|teamsize|p1|6\n|teamsize|p2|6\n|gen|9\n|tier|[Gen 9] VGC 2023 Regulation C\n|rated|\n|rule|Species Clause: Limit one of each Pok\u00e9mon\n|rule|Item Clause: Limit one of each item\n|clearpoke\n|poke|p1|Glimmora, L50, M|\n|poke|p1|Dragonite, L50, M|\n|poke|p1|Dondozo, L50, M|\n|poke|p1|Tatsugiri, L50, F|\n|poke|p1|Chi-Yu, L50|\n|poke|p1|Iron Bundle, L50|\n|poke|p2|Ting-Lu, L50|\n|poke|p2|Amoonguss, L50, F|\n|poke|p2|Garganacl, L50, F|\n|poke|p2|Arcanine, L50, F|\n|poke|p2|Roaring Moon, L50|\n|poke|p2|Iron Bundle, L50|\n|teampreview|4\n|inactive|Battle timer is ON: inactive players will automatically lose when time's up. (requested by Qicide)\nTrullisimo has agreed to open team sheets.\n|c|\u2606Trullisimo|OTS please\n|inactive|Trullisimo has 60 seconds left.\n|inactive|Qicide has 60 seconds left.\nQicide has agreed to open team sheets.\n|c|\u2606Trullisimo|Thanks bro\n|c|\u2606Qicide|NP i always do if they do\n|c|\u2606Trullisimo|Nobody share OTS\n|inactive|Trullisimo has 30 seconds left.\n|c|\u2606Trullisimo|:(\n|inactive|Trullisimo has 20 seconds left.\n|c|\u2606Qicide|true, it almost never happens\n|inactive|Trullisimo has 15 seconds left.\n|inactive|Trullisimo has 10 seconds left.\n|\n|t:|1683033230\n|start\n|switch|p1a: Iron Bundle|Iron Bundle, L50, shiny|100\/100\n|switch|p1b: Glimmora|Glimmora, L50, M, shiny|100\/100\n|switch|p2a: Roaring Moon|Roaring Moon, L50|100\/100\n|switch|p2b: Iron Bundle|Iron Bundle, L50|100\/100\n|-enditem|p1a: Iron Bundle|Booster Energy\n|-activate|p1a: Iron Bundle|ability: Quark Drive|[fromitem]\n|-start|p1a: Iron Bundle|quarkdrivespe\n|-enditem|p2a: Roaring Moon|Booster Energy\n|-activate|p2a: Roaring Moon|ability: Protosynthesis|[fromitem]\n|-start|p2a: Roaring Moon|protosynthesisatk\n|turn|1\n|inactive|Trullisimo has 30 seconds left.\n|inactive|Qicide has 30 seconds left.\n|inactive|Trullisimo has 20 seconds left.\n|\n|t:|1683033269\n|-terastallize|p2a: Roaring Moon|Flying\n|move|p1a: Iron Bundle|Freeze-Dry|p2a: Roaring Moon\n|-supereffective|p2a: Roaring Moon\n|-damage|p2a: Roaring Moon|41\/100\n|move|p2b: Iron Bundle|Freeze-Dry|p1a: Iron Bundle\n|-damage|p1a: Iron Bundle|25\/100\n|move|p2a: Roaring Moon|Acrobatics|p1b: Glimmora\n|-resisted|p1b: Glimmora\n|-damage|p1b: Glimmora|69\/100\n|-activate|p1b: Glimmora|ability: Toxic Debris\n|-sidestart|p2: Qicide|move: Toxic Spikes\n|move|p1b: Glimmora|Mortal Spin|p2b: Iron Bundle|[spread] p2a,p2b\n|-damage|p2a: Roaring Moon|35\/100\n|-damage|p2b: Iron Bundle|95\/100\n|-status|p2a: Roaring Moon|psn\n|-status|p2b: Iron Bundle|psn\n|\n|-damage|p2b: Iron Bundle|83\/100 psn|[from] psn\n|-damage|p2a: Roaring Moon|23\/100 psn|[from] psn\n|upkeep\n|turn|2\n|inactive|Trullisimo has 30 seconds left.\n|\n|t:|1683033299\n|move|p2a: Roaring Moon|Protect|p2a: Roaring Moon\n|-singleturn|p2a: Roaring Moon|Protect\n|move|p1a: Iron Bundle|Icy Wind|p2b: Iron Bundle|[spread] p2b\n|-activate|p2a: Roaring Moon|move: Protect\n|-resisted|p2b: Iron Bundle\n|-damage|p2b: Iron Bundle|73\/100 psn\n|-unboost|p2b: Iron Bundle|spe|1\n|move|p2b: Iron Bundle|Freeze-Dry|p1a: Iron Bundle\n|-damage|p1a: Iron Bundle|0 fnt\n|faint|p1a: Iron Bundle\n|-end|p1a: Iron Bundle|Quark Drive|[silent]\n|move|p1b: Glimmora|Power Gem|p2b: Iron Bundle\n|-supereffective|p2b: Iron Bundle\n|-damage|p2b: Iron Bundle|0 fnt\n|faint|p2b: Iron Bundle\n|-end|p2b: Iron Bundle|Quark Drive|[silent]\n|\n|-damage|p2a: Roaring Moon|11\/100 psn|[from] psn\n|upkeep\n|\n|t:|1683033314\n|switch|p2b: Amoonguss|Amoonguss, L50, F|100\/100\n|switch|p1a: Dondozo|Dondozo, L50, M|100\/100\n|-sideend|p2: Qicide|move: Toxic Spikes|[of] p2b: Amoonguss\n|turn|3\n|\n|t:|1683033336\n|move|p1a: Dondozo|Protect|p1a: Dondozo\n|-singleturn|p1a: Dondozo|Protect\n|move|p2a: Roaring Moon|Acrobatics|p1b: Glimmora\n|-resisted|p1b: Glimmora\n|-damage|p1b: Glimmora|35\/100\n|-activate|p1b: Glimmora|ability: Toxic Debris\n|-sidestart|p2: Qicide|move: Toxic Spikes\n|move|p1b: Glimmora|Energy Ball|p2b: Amoonguss\n|-resisted|p2b: Amoonguss\n|-damage|p2b: Amoonguss|95\/100\n|move|p2b: Amoonguss|Pollen Puff|p2a: Roaring Moon\n|-heal|p2a: Roaring Moon|61\/100 psn\n|\n|-damage|p2a: Roaring Moon|48\/100 psn|[from] psn\n|upkeep\n|turn|4\n|\n|t:|1683033361\n|switch|p1b: Tatsugiri|Tatsugiri, L50, F|100\/100\n|-activate|p1b: Tatsugiri|ability: Commander|[of] p1a: Dondozo\n|-boost|p1a: Dondozo|atk|2\n|-boost|p1a: Dondozo|spa|2\n|-boost|p1a: Dondozo|spe|2\n|-boost|p1a: Dondozo|def|2\n|-boost|p1a: Dondozo|spd|2\n|-terastallize|p1a: Dondozo|Grass\n|move|p2a: Roaring Moon|Protect|p2a: Roaring Moon\n|-singleturn|p2a: Roaring Moon|Protect\n|move|p1a: Dondozo|Wave Crash|p2a: Roaring Moon\n|-activate|p2a: Roaring Moon|move: Protect\n|move|p2b: Amoonguss|Spore|p1a: Dondozo\n|-immune|p1a: Dondozo\n|\n|-damage|p2a: Roaring Moon|36\/100 psn|[from] psn\n|upkeep\n|turn|5\n|\n|t:|1683033379\n|move|p1a: Dondozo|Wave Crash|p2a: Roaring Moon\n|-damage|p2a: Roaring Moon|0 fnt\n|faint|p2a: Roaring Moon\n|-end|p2a: Roaring Moon|Protosynthesis|[silent]\n|-damage|p1a: Dondozo|90\/100|[from] Recoil\n|move|p2b: Amoonguss|Pollen Puff|p2: Roaring Moon|[notarget]\n|-fail|p2b: Amoonguss\n|\n|-heal|p1a: Dondozo|97\/100|[from] item: Leftovers\n|upkeep\n|\n|t:|1683033382\n|switch|p2a: Garganacl|Garganacl, L50, F|100\/100\n|turn|6\n|\n|t:|1683033401\n|move|p1a: Dondozo|Wave Crash|p2a: Garganacl\n|-supereffective|p2a: Garganacl\n|-damage|p2a: Garganacl|0 fnt\n|faint|p2a: Garganacl\n|-damage|p1a: Dondozo|66\/100|[from] Recoil\n|move|p2b: Amoonguss|Pollen Puff|p1a: Dondozo\n|-supereffective|p1a: Dondozo\n|-damage|p1a: Dondozo|49\/100\n|\n|-heal|p1a: Dondozo|55\/100|[from] item: Leftovers\n|upkeep\n|turn|7\n|\n|t:|1683033406\n|move|p1a: Dondozo|Protect|p1a: Dondozo\n|-singleturn|p1a: Dondozo|Protect\n|move|p2b: Amoonguss|Pollen Puff|p1a: Dondozo\n|-activate|p1a: Dondozo|move: Protect\n|\n|-heal|p1a: Dondozo|61\/100|[from] item: Leftovers\n|upkeep\n|turn|8\n|c|\u2606Qicide|gg\n|\n|t:|1683033413\n|move|p1a: Dondozo|Earthquake|p2b: Amoonguss|[spread] p2b\n|-miss|p1a: Dondozo|p1b: Tatsugiri\n|-damage|p2b: Amoonguss|62\/100\n|move|p2b: Amoonguss|Pollen Puff|p1a: Dondozo\n|-supereffective|p1a: Dondozo\n|-damage|p1a: Dondozo|45\/100\n|\n|-heal|p1a: Dondozo|51\/100|[from] item: Leftovers\n|upkeep\n|turn|9\n|c|\u2606Trullisimo|Gg\n|\n|t:|1683033426\n|move|p1a: Dondozo|Protect|p1a: Dondozo\n|-singleturn|p1a: Dondozo|Protect\n|move|p2b: Amoonguss|Pollen Puff|p1a: Dondozo\n|-activate|p1a: Dondozo|move: Protect\n|\n|-heal|p1a: Dondozo|58\/100|[from] item: Leftovers\n|upkeep\n|turn|10\n|\n|t:|1683033428\n|move|p1a: Dondozo|Earthquake|p2b: Amoonguss|[spread] p2b\n|-miss|p1a: Dondozo|p1b: Tatsugiri\n|-damage|p2b: Amoonguss|31\/100\n|-enditem|p2b: Amoonguss|Sitrus Berry|[eat]\n|-heal|p2b: Amoonguss|56\/100|[from] item: Sitrus Berry\n|move|p2b: Amoonguss|Pollen Puff|p1a: Dondozo\n|-supereffective|p1a: Dondozo\n|-damage|p1a: Dondozo|42\/100\n|\n|-heal|p1a: Dondozo|48\/100|[from] item: Leftovers\n|upkeep\n|turn|11\n|\n|t:|1683033436\n|move|p1a: Dondozo|Protect|p1a: Dondozo\n|-singleturn|p1a: Dondozo|Protect\n|move|p2b: Amoonguss|Pollen Puff|p1a: Dondozo\n|-activate|p1a: Dondozo|move: Protect\n|\n|-heal|p1a: Dondozo|54\/100|[from] item: Leftovers\n|upkeep\n|turn|12\n|\n|t:|1683033439\n|move|p1a: Dondozo|Earthquake|p2b: Amoonguss|[spread] p2b\n|-miss|p1a: Dondozo|p1b: Tatsugiri\n|-damage|p2b: Amoonguss|26\/100\n|move|p2b: Amoonguss|Pollen Puff|p1a: Dondozo\n|-supereffective|p1a: Dondozo\n|-damage|p1a: Dondozo|35\/100\n|\n|-heal|p1a: Dondozo|42\/100|[from] item: Leftovers\n|upkeep\n|turn|13\n|\n|t:|1683033442\n|move|p1a: Dondozo|Protect|p1a: Dondozo\n|-singleturn|p1a: Dondozo|Protect\n|move|p2b: Amoonguss|Pollen Puff|p1a: Dondozo\n|-activate|p1a: Dondozo|move: Protect\n|\n|-heal|p1a: Dondozo|48\/100|[from] item: Leftovers\n|upkeep\n|turn|14\n|\n|t:|1683033445\n|move|p1a: Dondozo|Earthquake|p2b: Amoonguss|[spread] p2b\n|-miss|p1a: Dondozo|p1b: Tatsugiri\n|-damage|p2b: Amoonguss|0 fnt\n|faint|p2b: Amoonguss\n|\n|win|Trullisimo\n|raw|Trullisimo's rating: 1393 → 1409<\/strong> (+16 for winning)\n|raw|Qicide's rating: 1328 → 1312<\/strong> (-16 for losing)\n|l|\u2606Qicide\n","uploadtime":1683033474,"views":6,"p1id":"trullisimo","p2id":"qicide","formatid":"gen9vgc2023regulationc","rating":1312,"private":0,"password":""}