{"id":"gen9vgc2023regulationc-1852221434","p1":"RontheSlayer69","p2":"skprime_123","format":"[Gen 9] VGC 2023 Regulation C","log":"|j|\u2606RontheSlayer69\n|j|\u2606skprime_123\n|t:|1682534160\n|gametype|doubles\n|player|p1|RontheSlayer69|1|1069\n|player|p2|skprime_123|169|1000\n|teamsize|p1|6\n|teamsize|p2|6\n|gen|9\n|tier|[Gen 9] VGC 2023 Regulation C\n|rated|\n|rule|Species Clause: Limit one of each Pok\u00e9mon\n|rule|Item Clause: Limit one of each item\n|clearpoke\n|poke|p1|Armarouge, L50, M|\n|poke|p1|Bisharp, L50, F|\n|poke|p1|Gyarados, L50, F|\n|poke|p1|Brambleghast, L50, F|\n|poke|p1|Gholdengo, L50|\n|poke|p1|Espeon, L50, F|\n|poke|p2|Talonflame, L50, M|\n|poke|p2|Donphan, L50, M|\n|poke|p2|Scream Tail, L50|\n|poke|p2|Rotom-Mow, L50|\n|poke|p2|Quaquaval, L50, M|\n|poke|p2|Revavroom, L50, F|\n|teampreview|4\n|\n|t:|1682534200\n|start\n|switch|p1a: Gholdengo|Gholdengo, L50|100\/100\n|switch|p1b: Bisharp|Bisharp, L50, F|100\/100\n|switch|p2a: Revavroom|Revavroom, L50, F|100\/100\n|switch|p2b: Talonflame|Talonflame, L50, M|100\/100\n|turn|1\n|\n|t:|1682534224\n|switch|p1a: Armarouge|Armarouge, L50, M|100\/100\n|switch|p1b: Gyarados|Gyarados, L50, F|100\/100\n|-ability|p1b: Gyarados|Intimidate|boost\n|-unboost|p2a: Revavroom|atk|1\n|-enditem|p2a: Revavroom|Adrenaline Orb\n|-boost|p2a: Revavroom|spe|1|[from] item: Adrenaline Orb\n|-unboost|p2b: Talonflame|atk|1\n|move|p2a: Revavroom|Iron Head|p1b: Gyarados\n|-resisted|p1b: Gyarados\n|-damage|p1b: Gyarados|86\/100\n|move|p2b: Talonflame|Heat Wave|p1a: Armarouge|[spread] p1b\n|-start|p1a: Armarouge|ability: Flash Fire\n|-resisted|p1b: Gyarados\n|-damage|p1b: Gyarados|77\/100\n|\n|upkeep\n|turn|2\n|\n|t:|1682534270\n|move|p2a: Revavroom|Protect|p2a: Revavroom\n|-singleturn|p2a: Revavroom|Protect\n|move|p2b: Talonflame|Heat Wave|p1a: Armarouge|[spread] p1b\n|-immune|p1a: Armarouge|[from] ability: Flash Fire\n|-resisted|p1b: Gyarados\n|-damage|p1b: Gyarados|66\/100\n|move|p1b: Gyarados|Waterfall|p2b: Talonflame\n|-supereffective|p2b: Talonflame\n|-damage|p2b: Talonflame|0 fnt\n|faint|p2b: Talonflame\n|move|p1a: Armarouge|Armor Cannon|p2a: Revavroom\n|-activate|p2a: Revavroom|move: Protect\n|\n|upkeep\n|\n|t:|1682534285\n|switch|p2b: Quaquaval|Quaquaval, L50, M|100\/100\n|turn|3\n|\n|t:|1682534304\n|-terastallize|p1a: Armarouge|Grass\n|move|p2a: Revavroom|Parting Shot|p1b: Gyarados\n|-fail|p1b: Gyarados|unboost|[from] item: Clear Amulet|[of] p1b: Gyarados\n|move|p1b: Gyarados|Earthquake|p2a: Revavroom|[spread] p1a,p2a,p2b\n|-resisted|p1a: Armarouge\n|-supereffective|p2a: Revavroom\n|-damage|p1a: Armarouge|87\/100\n|-damage|p2a: Revavroom|4\/100\n|-damage|p2b: Quaquaval|69\/100\n|move|p2b: Quaquaval|Aqua Step|p1a: Armarouge\n|-resisted|p1a: Armarouge\n|-damage|p1a: Armarouge|61\/100\n|-boost|p2b: Quaquaval|spe|1\n|-damage|p2b: Quaquaval|59\/100|[from] item: Life Orb\n|move|p1a: Armarouge|Expanding Force|p2b: Quaquaval\n|-supereffective|p2b: Quaquaval\n|-damage|p2b: Quaquaval|0 fnt\n|faint|p2b: Quaquaval\n|\n|-heal|p1a: Armarouge|68\/100|[from] item: Leftovers\n|upkeep\n|\n|t:|1682534321\n|switch|p2b: Donphan|Donphan, L50, M|100\/100\n|turn|4\n|\n|t:|1682534345\n|move|p2a: Revavroom|Iron Head|p1b: Gyarados\n|-resisted|p1b: Gyarados\n|-crit|p1b: Gyarados\n|-damage|p1b: Gyarados|32\/100\n|move|p1b: Gyarados|Waterfall|p2b: Donphan\n|-supereffective|p2b: Donphan\n|-damage|p2b: Donphan|11\/100\n|move|p1a: Armarouge|Will-O-Wisp|p2b: Donphan\n|-status|p2b: Donphan|brn\n|move|p2b: Donphan|Knock Off|p1a: Armarouge\n|-damage|p1a: Armarouge|53\/100\n|-enditem|p1a: Armarouge|Leftovers|[from] move: Knock Off|[of] p2b: Donphan\n|\n|-damage|p2b: Donphan|5\/100 brn|[from] brn\n|upkeep\n|turn|5\n|\n|t:|1682534381\n|switch|p1b: Gholdengo|Gholdengo, L50|100\/100\n|move|p2b: Donphan|Ice Shard|p1a: Armarouge\n|-supereffective|p1a: Armarouge\n|-damage|p1a: Armarouge|41\/100\n|move|p2a: Revavroom|Iron Head|p1b: Gholdengo\n|-resisted|p1b: Gholdengo\n|-damage|p1b: Gholdengo|88\/100\n|move|p1a: Armarouge|Aura Sphere|p2a: Revavroom\n|-damage|p2a: Revavroom|0 fnt\n|faint|p2a: Revavroom\n|\n|-damage|p2b: Donphan|0 fnt|[from] brn\n|faint|p2b: Donphan\n|\n|win|RontheSlayer69\n|upkeep\n|raw|RontheSlayer69's rating: 1069 → 1093<\/strong> (+24 for winning)\n|raw|skprime_123's rating: 1000 → 1000<\/strong> (+0 for losing)\n","uploadtime":1682534398,"views":13,"p1id":"rontheslayer69","p2id":"skprime123","formatid":"gen9vgc2023regulationc","rating":1000,"private":0,"password":""}