{"id":"gen9vgc2023regulationc-1850933570","p1":"soso_1410","p2":"Nutrius","format":"[Gen 9] VGC 2023 Regulation C","log":"|j|\u2606soso_1410\n|j|\u2606Nutrius\n|t:|1682383971\n|gametype|doubles\n|player|p1|soso_1410|pokemonbreeder-gen4|1152\n|player|p2|Nutrius|norman|1076\n|teamsize|p1|6\n|teamsize|p2|6\n|gen|9\n|tier|[Gen 9] VGC 2023 Regulation C\n|rated|\n|rule|Species Clause: Limit one of each Pok\u00e9mon\n|rule|Item Clause: Limit one of each item\n|clearpoke\n|poke|p1|Kingambit, L50, M|\n|poke|p1|Iron Bundle, L50|\n|poke|p1|Scream Tail, L50|\n|poke|p1|Oranguru, L50, F|\n|poke|p1|Iron Hands, L50|\n|poke|p1|Dragonite, L50, M|\n|poke|p2|Breloom, L50, F|\n|poke|p2|Palafin, L50, F|\n|poke|p2|Talonflame, L50, F|\n|poke|p2|Ting-Lu, L50|\n|poke|p2|Maushold-Four, L50|\n|poke|p2|Flutter Mane, L50|\n|teampreview|4\n|inactive|Battle timer is ON: inactive players will automatically lose when time's up. (requested by soso_1410)\n|inactive|Nutrius has 60 seconds left.\n|\n|t:|1682384027\n|start\n|switch|p1a: Iron Bundle|Iron Bundle, L50|100\/100\n|switch|p1b: Oranguru|Oranguru, L50, F|100\/100\n|switch|p2a: Maushold|Maushold-Four, L50|100\/100\n|switch|p2b: Flutter Mane|Flutter Mane, L50|100\/100\n|-enditem|p1a: Iron Bundle|Booster Energy\n|-activate|p1b: Oranguru|ability: Symbiosis|Choice Specs|[of] p1a: Iron Bundle\n|-activate|p1a: Iron Bundle|ability: Quark Drive|[fromitem]\n|-start|p1a: Iron Bundle|quarkdrivespe\n|turn|1\n|\n|t:|1682384044\n|move|p1a: Iron Bundle|Ice Beam|p2b: Flutter Mane\n|-damage|p2b: Flutter Mane|60\/100\n|move|p2a: Maushold|Super Fang|p1b: Oranguru\n|-damage|p1b: Oranguru|51\/100\n|move|p2b: Flutter Mane|Moonblast|p1b: Oranguru\n|-damage|p1b: Oranguru|0 fnt\n|faint|p1b: Oranguru\n|\n|upkeep\n|inactive|soso_1410 has 30 seconds left.\n|\n|t:|1682384073\n|switch|p1b: Dragonite|Dragonite, L50, M|100\/100\n|turn|2\n|\n|t:|1682384095\n|-end|p2b: Flutter Mane|Protosynthesis|[silent]\n|switch|p2b: Palafin|Palafin, L50, F|100\/100\n|-terastallize|p1b: Dragonite|Normal\n|move|p2a: Maushold|Protect|p2a: Maushold\n|-singleturn|p2a: Maushold|Protect\n|move|p1b: Dragonite|Extreme Speed|p2a: Maushold\n|-activate|p2a: Maushold|move: Protect\n|move|p1a: Iron Bundle|Ice Beam|p2b: Palafin\n|-resisted|p2b: Palafin\n|-damage|p2b: Palafin|73\/100\n|\n|upkeep\n|turn|3\n|inactive|Nutrius has 30 seconds left.\n|inactive|Nutrius has 20 seconds left.\n|inactive|Nutrius has 15 seconds left.\n|inactive|Nutrius has 10 seconds left.\n|\n|t:|1682384141\n|detailschange|p2b: Palafin|Palafin-Hero, L50, F\n|switch|p2b: Talonflame|Talonflame, L50, F|100\/100\n|-terastallize|p2a: Maushold|Ghost\n|move|p1b: Dragonite|Extreme Speed|p2a: Maushold\n|-immune|p2a: Maushold\n|move|p1a: Iron Bundle|Ice Beam|p2a: Maushold\n|-damage|p2a: Maushold|18\/100\n|move|p2a: Maushold|Super Fang|p1b: Dragonite\n|-damage|p1b: Dragonite|50\/100\n|\n|upkeep\n|turn|4\n|\n|t:|1682384161\n|move|p1b: Dragonite|Extreme Speed|p2b: Talonflame\n|-damage|p2b: Talonflame|24\/100\n|move|p1a: Iron Bundle|Ice Beam|p2b: Talonflame\n|-damage|p2b: Talonflame|0 fnt\n|faint|p2b: Talonflame\n|move|p2a: Maushold|Encore|p1a: Iron Bundle\n|-start|p1a: Iron Bundle|Encore\n|\n|upkeep\n|\n|t:|1682384171\n|switch|p2b: Palafin|Palafin-Hero, L50, F|73\/100\n|-activate|p2b: Palafin|ability: Zero to Hero\n|turn|5\n|\n|t:|1682384190\n|move|p2a: Maushold|Protect|p2a: Maushold\n|-singleturn|p2a: Maushold|Protect\n|move|p1b: Dragonite|Extreme Speed|p2b: Palafin\n|-crit|p2b: Palafin\n|-damage|p2b: Palafin|8\/100\n|move|p2b: Palafin|Jet Punch|p1a: Iron Bundle\n|-resisted|p1a: Iron Bundle\n|-crit|p1a: Iron Bundle\n|-damage|p1a: Iron Bundle|62\/100\n|move|p1a: Iron Bundle|Ice Beam|p2a: Maushold\n|-activate|p2a: Maushold|move: Protect\n|\n|upkeep\n|turn|6\n|\n|t:|1682384207\n|move|p2a: Maushold|Follow Me|p2a: Maushold\n|-singleturn|p2a: Maushold|move: Follow Me\n|move|p1b: Dragonite|Extreme Speed|p2a: Maushold\n|-immune|p2a: Maushold\n|move|p1a: Iron Bundle|Ice Beam|p2a: Maushold\n|-damage|p2a: Maushold|0 fnt\n|faint|p2a: Maushold\n|move|p2b: Palafin|Wave Crash|p1a: Iron Bundle\n|-resisted|p1a: Iron Bundle\n|-damage|p1a: Iron Bundle|13\/100\n|-damage|p2b: Palafin|0 fnt|[from] Recoil\n|faint|p2b: Palafin\n|\n|upkeep\n|\n|t:|1682384223\n|switch|p2a: Flutter Mane|Flutter Mane, L50|60\/100\n|turn|7\n|\n|t:|1682384231\n|switch|p1b: Iron Hands|Iron Hands, L50|100\/100\n|move|p1a: Iron Bundle|Ice Beam|p2a: Flutter Mane\n|-damage|p2a: Flutter Mane|5\/100\n|-status|p2a: Flutter Mane|frz\n|cant|p2a: Flutter Mane|frz\n|\n|-end|p1a: Iron Bundle|Encore\n|upkeep\n|turn|8\n|inactive|soso_1410 has 30 seconds left.\n|inactive|Nutrius has 30 seconds left.\n|inactive|soso_1410 has 20 seconds left.\n|inactive|Nutrius has 20 seconds left.\n|inactive|soso_1410 has 15 seconds left.\n|inactive|Nutrius has 15 seconds left.\n|inactive|soso_1410 has 10 seconds left.\n|inactive|Nutrius has 10 seconds left.\n|inactive|soso_1410 has 5 seconds left.\n|inactive|Nutrius has 5 seconds left.\n|c|\u2606Nutrius|Ma vai a cag@r3 va, tu e qu3l tro1@io\n|n|\u203dNutrius|nutrius\n|c|&|\/log Nutrius was locked from talking by Artemis. (\u2606Nutrius: Ma vai a cag@r3 va, tu e qu3l tro1@io)\n|c|&|\/raw This action was done automatically. Want to learn more about the AI? Visit the information thread<\/a>.<\/small>\n|\n|t:|1682384286\n|move|p1a: Iron Bundle|Ice Beam|p2a: Flutter Mane\n|-damage|p2a: Flutter Mane|0 fnt\n|faint|p2a: Flutter Mane\n|-end|p2a: Flutter Mane|Protosynthesis|[silent]\n|\n|win|soso_1410\n|raw|soso_1410's rating: 1152 → 1172<\/strong> (+20 for winning)\n|raw|Nutrius's rating: 1076 → 1059<\/strong> (-17 for losing)\n","uploadtime":1682384285,"views":9,"p1id":"soso1410","p2id":"nutrius","formatid":"gen9vgc2023regulationc","rating":1059,"private":0,"password":""}