{"id":"gen9vgc2023regulationc-1848840012","p1":"Kurowasun","p2":"Xepher008","format":"[Gen 9] VGC 2023 Regulation C","log":"|j|\u2606Kurowasun\n|j|\u2606Xepher008\n|t:|1682116129\n|gametype|doubles\n|player|p1|Kurowasun|266|1162\n|player|p2|Xepher008|2|1223\n|teamsize|p1|6\n|teamsize|p2|6\n|gen|9\n|tier|[Gen 9] VGC 2023 Regulation C\n|rated|\n|rule|Species Clause: Limit one of each Pok\u00e9mon\n|rule|Item Clause: Limit one of each item\n|clearpoke\n|poke|p1|Wo-Chien, L50|\n|poke|p1|Chi-Yu, L50|\n|poke|p1|Palafin, L50, M|\n|poke|p1|Iron Hands, L50|\n|poke|p1|Flutter Mane, L50|\n|poke|p1|Glimmora, L50, M|\n|poke|p2|Flutter Mane, L50|\n|poke|p2|Gastrodon, L50, F|\n|poke|p2|Chi-Yu, L50|\n|poke|p2|Chien-Pao, L50|\n|poke|p2|Dragonite, L50, F|\n|poke|p2|Amoonguss, L50, M|\n|teampreview|4\n|inactive|Battle timer is ON: inactive players will automatically lose when time's up. (requested by Kurowasun)\n|\n|t:|1682116154\n|start\n|switch|p1a: Flutter Mane|Flutter Mane, L50|100\/100\n|switch|p1b: Iron Hands|Iron Hands, L50|100\/100\n|switch|p2a: Chi-Yu|Chi-Yu, L50|100\/100\n|switch|p2b: Gastrodon|Gastrodon, L50, F|100\/100\n|-ability|p2a: Chi-Yu|Beads of Ruin\n|-enditem|p1a: Flutter Mane|Booster Energy\n|-activate|p1a: Flutter Mane|ability: Protosynthesis|[fromitem]\n|-start|p1a: Flutter Mane|protosynthesisspe\n|turn|1\n|\n|t:|1682116179\n|-terastallize|p2a: Chi-Yu|Ghost\n|move|p1a: Flutter Mane|Dazzling Gleam|p2a: Chi-Yu|[spread] p2a,p2b\n|-damage|p2a: Chi-Yu|59\/100\n|-damage|p2b: Gastrodon|58\/100\n|move|p2a: Chi-Yu|Snarl|p1b: Iron Hands|[spread] p1a,p1b\n|-resisted|p1b: Iron Hands\n|-damage|p1a: Flutter Mane|70\/100\n|-damage|p1b: Iron Hands|93\/100\n|-unboost|p1a: Flutter Mane|spa|1\n|-unboost|p1b: Iron Hands|spa|1\n|move|p1b: Iron Hands|Close Combat|p2a: Chi-Yu\n|-immune|p2a: Chi-Yu\n|move|p2b: Gastrodon|Earth Power|p1b: Iron Hands\n|-supereffective|p1b: Iron Hands\n|-damage|p1b: Iron Hands|35\/100\n|\n|upkeep\n|turn|2\n|inactive|Xepher008 has 30 seconds left.\n|\n|t:|1682116205\n|move|p1a: Flutter Mane|Shadow Ball|p2a: Chi-Yu\n|-supereffective|p2a: Chi-Yu\n|-damage|p2a: Chi-Yu|0 fnt\n|faint|p2a: Chi-Yu\n|move|p1b: Iron Hands|Close Combat|p2b: Gastrodon\n|-damage|p2b: Gastrodon|0 fnt\n|-unboost|p1b: Iron Hands|def|1\n|-unboost|p1b: Iron Hands|spd|1\n|faint|p2b: Gastrodon\n|\n|upkeep\n|\n|t:|1682116218\n|switch|p2a: Flutter Mane|Flutter Mane, L50|100\/100\n|switch|p2b: Amoonguss|Amoonguss, L50, M|100\/100\n|turn|3\n|\n|t:|1682116233\n|move|p2b: Amoonguss|Rage Powder|p2b: Amoonguss\n|-singleturn|p2b: Amoonguss|move: Rage Powder\n|move|p1a: Flutter Mane|Dazzling Gleam|p2a: Flutter Mane|[spread] p2a,p2b\n|-resisted|p2b: Amoonguss\n|-damage|p2a: Flutter Mane|79\/100\n|-damage|p2b: Amoonguss|92\/100\n|move|p2a: Flutter Mane|Shadow Ball|p1a: Flutter Mane\n|-supereffective|p1a: Flutter Mane\n|-damage|p1a: Flutter Mane|0 fnt\n|faint|p1a: Flutter Mane\n|-end|p1a: Flutter Mane|Protosynthesis|[silent]\n|move|p1b: Iron Hands|Volt Switch|p2b: Amoonguss\n|-resisted|p2b: Amoonguss\n|-damage|p2b: Amoonguss|88\/100\n|\n|t:|1682116246\n|-end|p1b: Iron Hands|Quark Drive|[silent]\n|switch|p1b: Chi-Yu|Chi-Yu, L50|100\/100|[from] Volt Switch\n|-ability|p1b: Chi-Yu|Beads of Ruin\n|\n|upkeep\n|\n|t:|1682116248\n|switch|p1a: Iron Hands|Iron Hands, L50|35\/100\n|turn|4\n|\n|t:|1682116267\n|move|p1a: Iron Hands|Fake Out|p2b: Amoonguss\n|-damage|p2b: Amoonguss|75\/100\n|-damage|p1a: Iron Hands|18\/100|[from] item: Rocky Helmet|[of] p2b: Amoonguss\n|move|p2a: Flutter Mane|Shadow Ball|p1a: Iron Hands\n|-damage|p1a: Iron Hands|0 fnt\n|faint|p1a: Iron Hands\n|-end|p1a: Iron Hands|Quark Drive|[silent]\n|move|p1b: Chi-Yu|Overheat|p2b: Amoonguss\n|-supereffective|p2b: Amoonguss\n|-damage|p2b: Amoonguss|0 fnt\n|-unboost|p1b: Chi-Yu|spa|2\n|faint|p2b: Amoonguss\n|\n|upkeep\n|\n|t:|1682116283\n|switch|p1a: Wo-Chien|Wo-Chien, L50|100\/100\n|-ability|p1a: Wo-Chien|Tablets of Ruin\n|turn|5\n|-message|Xepher008 forfeited.\n|\n|win|Kurowasun\n|raw|Kurowasun's rating: 1162 → 1191<\/strong> (+29 for winning)\n|raw|Xepher008's rating: 1223 → 1194<\/strong> (-29 for losing)\n","uploadtime":1682116298,"views":6,"p1id":"kurowasun","p2id":"xepher008","formatid":"gen9vgc2023regulationc","rating":1191,"private":0,"password":""}