{"id":"gen9vgc2023regulationc-1859325083","p1":"Gridvgc","p2":"Leninx768965","format":"[Gen 9] VGC 2023 Regulation C","log":"|j|\u2606Gridvgc\n|j|\u2606Leninx768965\n|t:|1683434815\n|gametype|doubles\n|player|p1|Gridvgc|teammagmagruntm-gen3|1264\n|player|p2|Leninx768965|169|1397\n|teamsize|p1|6\n|teamsize|p2|6\n|gen|9\n|tier|[Gen 9] VGC 2023 Regulation C\n|rated|\n|rule|Species Clause: Limit one of each Pok\u00e9mon\n|rule|Item Clause: Limit one of each item\n|clearpoke\n|poke|p1|Chien-Pao, L50|\n|poke|p1|Pachirisu, L50, F|\n|poke|p1|Flutter Mane, L50|\n|poke|p1|Annihilape, L50, F|\n|poke|p1|Great Tusk, L50|\n|poke|p1|Dragonite, L50, M|\n|poke|p2|Lilligant, L50, F|\n|poke|p2|Torkoal, L50, F|\n|poke|p2|Flutter Mane, L50|\n|poke|p2|Kingambit, L50, F|\n|poke|p2|Dragonite, L50, F|\n|poke|p2|Great Tusk, L50|\n|teampreview|4\nLeninx768965 rejected open team sheets.\n|inactive|Battle timer is ON: inactive players will automatically lose when time's up. (requested by Leninx768965)\n|\n|t:|1683434866\n|start\n|switch|p1a: Dragonite|Dragonite, L50, M|100\/100\n|switch|p1b: Flutter Mane|Flutter Mane, L50|100\/100\n|switch|p2a: TT|Lilligant, L50, F, shiny|100\/100\n|switch|p2b: Breakthrough|Torkoal, L50, F, shiny|100\/100\n|-weather|SunnyDay|[from] ability: Drought|[of] p2b: Breakthrough\n|-activate|p1b: Flutter Mane|ability: Protosynthesis\n|-start|p1b: Flutter Mane|protosynthesisspe\n|turn|1\n|\n|t:|1683434878\n|move|p2a: TT|Sleep Powder|p1a: Dragonite\n|-status|p1a: Dragonite|slp|[from] move: Sleep Powder\n|-enditem|p1a: Dragonite|Lum Berry|[eat]\n|-curestatus|p1a: Dragonite|slp|[msg]\n|move|p1b: Flutter Mane|Shadow Ball|p2b: Breakthrough\n|-damage|p2b: Breakthrough|19\/100\n|-unboost|p2b: Breakthrough|spd|1\n|move|p1a: Dragonite|Tailwind|p1a: Dragonite\n|-sidestart|p1: Gridvgc|move: Tailwind\n|move|p2b: Breakthrough|Flamethrower|p1b: Flutter Mane\n|-crit|p1b: Flutter Mane\n|-damage|p1b: Flutter Mane|0 fnt\n|faint|p1b: Flutter Mane\n|-end|p1b: Flutter Mane|Protosynthesis|[silent]\n|\n|-weather|SunnyDay|[upkeep]\n|upkeep\n|\n|t:|1683434892\n|switch|p1b: Chien-Pao|Chien-Pao, L50|100\/100\n|-ability|p1b: Chien-Pao|Sword of Ruin\n|turn|2\n|\n|t:|1683434909\n|switch|p2b: HOT|Kingambit, L50, F, shiny|100\/100\n|move|p1a: Dragonite|Extreme Speed|p2b: HOT\n|-resisted|p2b: HOT\n|-damage|p2b: HOT|85\/100\n|move|p1b: Chien-Pao|Icicle Crash|p2a: TT\n|-supereffective|p2a: TT\n|-enditem|p2a: TT|Focus Sash\n|-damage|p2a: TT|1\/100\n|-damage|p1b: Chien-Pao|91\/100|[from] item: Life Orb\n|cant|p2a: TT|flinch\n|\n|-weather|SunnyDay|[upkeep]\n|upkeep\n|turn|3\n|inactive|Leninx768965 has 30 seconds left.\n|\n|t:|1683434936\n|move|p2a: TT|Protect|p2a: TT\n|-singleturn|p2a: TT|Protect\n|move|p1a: Dragonite|Extreme Speed|p2a: TT\n|-activate|p2a: TT|move: Protect\n|move|p1b: Chien-Pao|Icicle Crash|p2b: HOT\n|-resisted|p2b: HOT\n|-crit|p2b: HOT\n|-damage|p2b: HOT|40\/100\n|-damage|p1b: Chien-Pao|81\/100|[from] item: Life Orb\n|cant|p2b: HOT|flinch\n|\n|-weather|SunnyDay|[upkeep]\n|upkeep\n|turn|4\n|inactive|Leninx768965 has 30 seconds left.\n|\n|t:|1683434964\n|-terastallize|p2a: TT|Ghost\n|move|p1a: Dragonite|Extreme Speed|p2a: TT\n|-immune|p2a: TT\n|move|p1b: Chien-Pao|Icicle Crash|p2b: HOT\n|-resisted|p2b: HOT\n|-damage|p2b: HOT|12\/100\n|-damage|p1b: Chien-Pao|71\/100|[from] item: Life Orb\n|move|p2a: TT|Sleep Powder|p1a: Dragonite\n|-status|p1a: Dragonite|slp|[from] move: Sleep Powder\n|move|p2b: HOT|Iron Head|p1b: Chien-Pao\n|-supereffective|p1b: Chien-Pao\n|-damage|p1b: Chien-Pao|0 fnt\n|faint|p1b: Chien-Pao\n|\n|-weather|SunnyDay|[upkeep]\n|-sideend|p1: Gridvgc|move: Tailwind\n|upkeep\n|\n|t:|1683434972\n|switch|p1b: Annihilape|Annihilape, L50, F|100\/100\n|turn|5\n|inactive|Leninx768965 has 30 seconds left.\n|\n|t:|1683435000\n|switch|p2a: FANCY|Flutter Mane, L50, shiny|100\/100\n|-activate|p2a: FANCY|ability: Protosynthesis\n|-start|p2a: FANCY|protosynthesisspa\n|move|p1b: Annihilape|Protect|p1b: Annihilape\n|-singleturn|p1b: Annihilape|Protect\n|cant|p1a: Dragonite|slp\n|move|p2b: HOT|Kowtow Cleave|p1a: Dragonite\n|-damage|p1a: Dragonite|77\/100 slp\n|\n|-weather|none\n|-end|p2a: FANCY|Protosynthesis\n|upkeep\n|turn|6\n|\n|t:|1683435020\n|switch|p2b: Breakthrough|Torkoal, L50, F, shiny|19\/100\n|-weather|SunnyDay|[from] ability: Drought|[of] p2b: Breakthrough\n|-activate|p2a: FANCY|ability: Protosynthesis\n|-start|p2a: FANCY|protosynthesisspa\n|-terastallize|p1a: Dragonite|Steel\n|move|p2a: FANCY|Dazzling Gleam|p1b: Annihilape|[spread] p1a,p1b\n|-resisted|p1a: Dragonite\n|-supereffective|p1b: Annihilape\n|-damage|p1a: Dragonite|45\/100 slp\n|-damage|p1b: Annihilape|0 fnt\n|faint|p1b: Annihilape\n|-curestatus|p1a: Dragonite|slp|[msg]\n|move|p1a: Dragonite|Tera Blast|p2a: FANCY\n|-supereffective|p2a: FANCY\n|-damage|p2a: FANCY|0 fnt\n|faint|p2a: FANCY\n|-end|p2a: FANCY|Protosynthesis|[silent]\n|\n|-weather|SunnyDay|[upkeep]\n|upkeep\n|\n|t:|1683435033\n|switch|p2a: TT|Lilligant, L50, F, shiny, tera:Ghost|1\/100\n|turn|7\n|\n|t:|1683435048\n|move|p1a: Dragonite|Extreme Speed|p2b: Breakthrough\n|-damage|p2b: Breakthrough|0 fnt\n|faint|p2b: Breakthrough\n|move|p2a: TT|Sleep Powder|p1a: Dragonite|[miss]\n|-miss|p2a: TT|p1a: Dragonite\n|\n|-weather|SunnyDay|[upkeep]\n|upkeep\n|\n|t:|1683435054\n|switch|p2b: HOT|Kingambit, L50, F, shiny|12\/100\n|turn|8\n|\n|t:|1683435061\n|move|p1a: Dragonite|Extreme Speed|p2b: HOT\n|-resisted|p2b: HOT\n|-crit|p2b: HOT\n|-damage|p2b: HOT|0 fnt\n|faint|p2b: HOT\n|move|p2a: TT|Sleep Powder|p1a: Dragonite\n|-status|p1a: Dragonite|slp|[from] move: Sleep Powder\n|\n|-weather|SunnyDay|[upkeep]\n|upkeep\n|turn|9\n|\n|t:|1683435068\n|move|p2a: TT|Leaf Storm|p1a: Dragonite\n|-resisted|p1a: Dragonite\n|-damage|p1a: Dragonite|19\/100 slp\n|-unboost|p2a: TT|spa|2\n|cant|p1a: Dragonite|slp\n|\n|-weather|SunnyDay|[upkeep]\n|upkeep\n|turn|10\n|\n|t:|1683435075\n|move|p2a: TT|Leaf Storm|p1a: Dragonite|[miss]\n|-miss|p2a: TT|p1a: Dragonite\n|cant|p1a: Dragonite|slp\n|\n|-weather|none\n|upkeep\n|turn|11\n|\n|t:|1683435079\n|move|p2a: TT|Leaf Storm|p1a: Dragonite\n|-resisted|p1a: Dragonite\n|-damage|p1a: Dragonite|6\/100 slp\n|-unboost|p2a: TT|spa|2\n|cant|p1a: Dragonite|slp\n|\n|upkeep\n|turn|12\n|\n|t:|1683435085\n|move|p2a: TT|Leaf Storm|p1a: Dragonite\n|-resisted|p1a: Dragonite\n|-damage|p1a: Dragonite|0 fnt\n|-unboost|p2a: TT|spa|2\n|faint|p1a: Dragonite\n|\n|win|Leninx768965\n|raw|Gridvgc's rating: 1264 → 1248<\/strong> (-16 for losing)\n|raw|Leninx768965's rating: 1397 → 1410<\/strong> (+13 for winning)\n|c|\u2606Gridvgc|lmao\n|c|\u2606Leninx768965|gg\n|c|\u2606Gridvgc|gg\n|l|\u2606Gridvgc\n|c|\u2606Leninx768965|lmao x2\n|c|\u2606Leninx768965|It was a weir match\n","uploadtime":1683435141,"views":14,"p1id":"gridvgc","p2id":"leninx768965","formatid":"gen9vgc2023regulationc","rating":1248,"private":0,"password":""}