{"id":"gen9vgc2023regulationc-1850276056","p1":"Beetle Enjoyer","p2":"Kirovz","format":"[Gen 9] VGC 2023 Regulation C","log":"|j|\u2606Beetle Enjoyer\n|j|\u2606Kirovz\n|t:|1682309566\n|gametype|doubles\n|player|p1|Beetle Enjoyer|169|1187\n|player|p2|Kirovz|lance|1275\n|teamsize|p1|6\n|teamsize|p2|6\n|gen|9\n|tier|[Gen 9] VGC 2023 Regulation C\n|rated|\n|rule|Species Clause: Limit one of each Pok\u00e9mon\n|rule|Item Clause: Limit one of each item\n|clearpoke\n|poke|p1|Murkrow, L50, F|\n|poke|p1|Great Tusk, L50|\n|poke|p1|Flutter Mane, L50|\n|poke|p1|Brute Bonnet, L50|\n|poke|p1|Kingambit, L50, F|\n|poke|p1|Gyarados, L50, M|\n|poke|p2|Dondozo, L50, M|\n|poke|p2|Tatsugiri-Stretchy, L50, F|\n|poke|p2|Chi-Yu, L50|\n|poke|p2|Flutter Mane, L50|\n|poke|p2|Dragonite, L50, M|\n|poke|p2|Glimmora, L50, M|\n|teampreview|4\n|\n|t:|1682309590\n|start\n|switch|p1a: Great Tusk|Great Tusk, L50|100\/100\n|switch|p1b: Murkrow|Murkrow, L50, F|100\/100\n|switch|p2a: Glimmora|Glimmora, L50, M|100\/100\n|switch|p2b: Dondozo|Dondozo, L50, M|100\/100\n|turn|1\n|inactive|Battle timer is ON: inactive players will automatically lose when time's up. (requested by Beetle Enjoyer)\n|\n|t:|1682309616\n|-terastallize|p1a: Great Tusk|Water\n|move|p1b: Murkrow|Protect|p1b: Murkrow\n|-singleturn|p1b: Murkrow|Protect\n|move|p1a: Great Tusk|Earthquake|p2a: Glimmora|[spread] p2a,p2b\n|-activate|p1b: Murkrow|move: Protect\n|-supereffective|p2a: Glimmora\n|-enditem|p2a: Glimmora|Focus Sash\n|-damage|p2a: Glimmora|1\/100\n|-damage|p2b: Dondozo|72\/100\n|-activate|p2a: Glimmora|ability: Toxic Debris\n|-sidestart|p1: Beetle Enjoyer|move: Toxic Spikes\n|move|p2a: Glimmora|Toxic|p1b: Murkrow\n|-activate|p1b: Murkrow|move: Protect\n|move|p2b: Dondozo|Yawn|p1a: Great Tusk\n|-start|p1a: Great Tusk|move: Yawn|[of] p2b: Dondozo\n|\n|upkeep\n|turn|2\n|\n|t:|1682309639\n|move|p2a: Glimmora|Spiky Shield|p2a: Glimmora\n|-singleturn|p2a: Glimmora|move: Protect\n|move|p1b: Murkrow|Sunny Day|p1b: Murkrow\n|-weather|SunnyDay\n|-activate|p1a: Great Tusk|ability: Protosynthesis\n|-start|p1a: Great Tusk|protosynthesisatk\n|move|p1a: Great Tusk|Earthquake|p2b: Dondozo|[spread] p2b\n|-activate|p2a: Glimmora|move: Protect\n|-immune|p1b: Murkrow\n|-damage|p2b: Dondozo|40\/100\n|-enditem|p2b: Dondozo|Sitrus Berry|[eat]\n|-heal|p2b: Dondozo|65\/100|[from] item: Sitrus Berry\n|move|p2b: Dondozo|Yawn|p1b: Murkrow\n|-start|p1b: Murkrow|move: Yawn|[of] p2b: Dondozo\n|\n|-weather|SunnyDay|[upkeep]\n|-end|p1a: Great Tusk|move: Yawn|[silent]\n|-status|p1a: Great Tusk|slp\n|upkeep\n|turn|3\n|inactive|Beetle Enjoyer has 30 seconds left.\n|\n|t:|1682309666\n|switch|p1b: Gyarados|Gyarados, L50, M|100\/100\n|-ability|p1b: Gyarados|Intimidate|boost\n|-unboost|p2a: Glimmora|atk|1\n|-unboost|p2b: Dondozo|atk|1\n|cant|p1a: Great Tusk|slp\n|move|p2a: Glimmora|Earth Power|p1a: Great Tusk\n|-damage|p1a: Great Tusk|53\/100 slp\n|move|p2b: Dondozo|Bulldoze|p1a: Great Tusk|[spread] p2a,p1a\n|-immune|p1b: Gyarados\n|-supereffective|p2a: Glimmora\n|-damage|p2a: Glimmora|0 fnt\n|-damage|p1a: Great Tusk|47\/100 slp\n|-unboost|p1a: Great Tusk|spe|1\n|-activate|p2a: Glimmora|ability: Toxic Debris\n|-sidestart|p1: Beetle Enjoyer|move: Toxic Spikes\n|faint|p2a: Glimmora\n|\n|-weather|SunnyDay|[upkeep]\n|upkeep\n|\n|t:|1682309681\n|switch|p2a: Flutter Mane|Flutter Mane, L50|100\/100\n|-activate|p2a: Flutter Mane|ability: Protosynthesis\n|-start|p2a: Flutter Mane|protosynthesisspe\n|turn|4\n|\n|t:|1682309693\n|-terastallize|p2a: Flutter Mane|Steel\n|move|p2a: Flutter Mane|Moonblast|p1a: Great Tusk\n|-damage|p1a: Great Tusk|0 fnt\n|faint|p1a: Great Tusk\n|-end|p1a: Great Tusk|Protosynthesis|[silent]\n|move|p1b: Gyarados|Thunder Wave|p2a: Flutter Mane\n|-status|p2a: Flutter Mane|par\n|move|p2b: Dondozo|Yawn|p1b: Gyarados\n|-start|p1b: Gyarados|move: Yawn|[of] p2b: Dondozo\n|\n|-weather|SunnyDay|[upkeep]\n|upkeep\n|\n|t:|1682309704\n|switch|p1a: Flutter Mane|Flutter Mane, L50|100\/100\n|-status|p1a: Flutter Mane|tox\n|-activate|p1a: Flutter Mane|ability: Protosynthesis\n|-start|p1a: Flutter Mane|protosynthesisspe\n|turn|5\n|\n|t:|1682309724\n|move|p1a: Flutter Mane|Moonblast|p2b: Dondozo\n|-damage|p2b: Dondozo|15\/100\n|-unboost|p2b: Dondozo|spa|1\n|move|p2a: Flutter Mane|Hex|p1a: Flutter Mane\n|-supereffective|p1a: Flutter Mane\n|-damage|p1a: Flutter Mane|0 fnt\n|faint|p1a: Flutter Mane\n|-end|p1a: Flutter Mane|Protosynthesis|[silent]\n|move|p1b: Gyarados|Waterfall|p2a: Flutter Mane\n|-damage|p2a: Flutter Mane|69\/100 par\n|move|p2b: Dondozo|Wave Crash|p1b: Gyarados\n|-resisted|p1b: Gyarados\n|-damage|p1b: Gyarados|95\/100\n|-damage|p2b: Dondozo|13\/100|[from] Recoil\n|\n|-weather|SunnyDay|[upkeep]\n|-end|p1b: Gyarados|move: Yawn|[silent]\n|-status|p1b: Gyarados|slp\n|upkeep\n|\n|t:|1682309739\n|switch|p1a: Murkrow|Murkrow, L50, F|100\/100\n|turn|6\n|\n|t:|1682309748\n|move|p1a: Murkrow|Brave Bird|p2a: Flutter Mane\n|-resisted|p2a: Flutter Mane\n|-damage|p2a: Flutter Mane|19\/100 par\n|-damage|p1a: Murkrow|83\/100|[from] Recoil\n|move|p2a: Flutter Mane|Hex|p1b: Gyarados\n|-damage|p1b: Gyarados|41\/100 slp\n|cant|p1b: Gyarados|slp\n|move|p2b: Dondozo|Yawn|p1a: Murkrow\n|-start|p1a: Murkrow|move: Yawn|[of] p2b: Dondozo\n|\n|-weather|none\n|-end|p2a: Flutter Mane|Protosynthesis\n|upkeep\n|-enditem|p2a: Flutter Mane|Booster Energy\n|-activate|p2a: Flutter Mane|ability: Protosynthesis|[fromitem]\n|-start|p2a: Flutter Mane|protosynthesisspe\n|turn|7\n|\n|t:|1682309765\n|move|p2a: Flutter Mane|Protect|p2a: Flutter Mane\n|-singleturn|p2a: Flutter Mane|Protect\n|move|p1a: Murkrow|Brave Bird|p2a: Flutter Mane\n|-activate|p2a: Flutter Mane|move: Protect\n|cant|p1b: Gyarados|slp\n|move|p2b: Dondozo|Yawn||[still]\n|-fail|p2b: Dondozo\n|\n|-end|p1a: Murkrow|move: Yawn|[silent]\n|-status|p1a: Murkrow|slp\n|upkeep\n|turn|8\n|\n|t:|1682309783\n|-end|p2a: Flutter Mane|Protosynthesis|[silent]\n|switch|p2a: Dragonite|Dragonite, L50, M|100\/100\n|cant|p1a: Murkrow|slp\n|cant|p1b: Gyarados|slp\n|move|p2b: Dondozo|Wave Crash|p1a: Murkrow\n|-damage|p1a: Murkrow|9\/100 slp\n|-damage|p2b: Dondozo|0 fnt|[from] Recoil\n|faint|p2b: Dondozo\n|\n|upkeep\n|-message|Beetle Enjoyer forfeited.\n|\n|win|Kirovz\n|raw|Beetle Enjoyer's rating: 1187 → 1168<\/strong> (-19 for losing)\n|raw|Kirovz's rating: 1275 → 1294<\/strong> (+19 for winning)\n|l|\u2606Beetle Enjoyer\n","uploadtime":1682309793,"views":31,"p1id":"beetleenjoyer","p2id":"kirovz","formatid":"gen9vgc2023regulationc","rating":1168,"private":0,"password":""}