{"id":"gen9vgc2023regulationc-1849981076","p1":"ElPro_06","p2":"VictorbrineCassini","format":"[Gen 9] VGC 2023 Regulation C","log":"|j|\u2606ElPro_06\n|j|\u2606VictorbrineCassini\n|t:|1682274665\n|gametype|doubles\n|player|p1|ElPro_06|red|1052\n|player|p2|VictorbrineCassini|170|1023\n|teamsize|p1|6\n|teamsize|p2|6\n|gen|9\n|tier|[Gen 9] VGC 2023 Regulation C\n|rated|\n|rule|Species Clause: Limit one of each Pok\u00e9mon\n|rule|Item Clause: Limit one of each item\n|clearpoke\n|poke|p1|Salamence, L50, M|\n|poke|p1|Chien-Pao, L50|\n|poke|p1|Skeledirge, L50, M|\n|poke|p1|Amoonguss, L50, F|\n|poke|p1|Rotom-Wash, L50|\n|poke|p1|Ting-Lu, L50|\n|poke|p2|Slither Wing, L50|\n|poke|p2|Great Tusk, L50|\n|poke|p2|Flutter Mane, L50|\n|poke|p2|Corviknight, L50, F|\n|poke|p2|Chien-Pao, L50|\n|poke|p2|Torkoal, L50, F|\n|teampreview|4\nElPro_06 rejected open team sheets.\n|inactive|Battle timer is ON: inactive players will automatically lose when time's up. (requested by ElPro_06)\n|inactive|ElPro_06 has 60 seconds left.\n|inactive|VictorbrineCassini has 60 seconds left.\n|inactive|VictorbrineCassini has 30 seconds left.\n|inactive|VictorbrineCassini has 20 seconds left.\n|inactive|VictorbrineCassini has 15 seconds left.\n|inactive|VictorbrineCassini has 10 seconds left.\n|inactive|VictorbrineCassini has 5 seconds left.\n|\n|t:|1682274757\n|start\n|switch|p1a: Ting-Lu|Ting-Lu, L50|100\/100\n|switch|p1b: Skeledirge|Skeledirge, L50, M|100\/100\n|switch|p2a: Blue Bird|Corviknight, L50, F|100\/100\n|switch|p2b: Manny|Great Tusk, L50|100\/100\n|-ability|p2a: Blue Bird|Pressure\n|-ability|p1a: Ting-Lu|Vessel of Ruin\n|turn|1\n|inactive|ElPro_06 has 30 seconds left.\n|\n|t:|1682274786\n|switch|p1a: Salamence|Salamence, L50, M|100\/100\n|-ability|p1a: Salamence|Intimidate|boost\n|-unboost|p2a: Blue Bird|atk|1\n|-unboost|p2b: Manny|atk|1\n|-terastallize|p1b: Skeledirge|Grass\n|move|p2b: Manny|Earthquake|p1b: Skeledirge|[spread] p1b\n|-immune|p2a: Blue Bird\n|-immune|p1a: Salamence\n|-resisted|p1b: Skeledirge\n|-damage|p1b: Skeledirge|79\/100\n|-damage|p2b: Manny|90\/100|[from] item: Life Orb\n|move|p2a: Blue Bird|Tailwind|p2a: Blue Bird\n|-sidestart|p2: VictorbrineCassini|move: Tailwind\n|move|p1b: Skeledirge|Torch Song|p2a: Blue Bird\n|-supereffective|p2a: Blue Bird\n|-crit|p2a: Blue Bird\n|-damage|p2a: Blue Bird|4\/100\n|-boost|p1b: Skeledirge|spa|1\n|-enditem|p1b: Skeledirge|Throat Spray\n|-boost|p1b: Skeledirge|spa|1|[from] item: Throat Spray\n|\n|upkeep\n|turn|2\n|inactive|ElPro_06 has 30 seconds left.\n|inactive|VictorbrineCassini has 30 seconds left.\n|inactive|ElPro_06 has 20 seconds left.\n|inactive|VictorbrineCassini has 20 seconds left.\n|inactive|ElPro_06 has 15 seconds left.\n|inactive|VictorbrineCassini has 15 seconds left.\n|inactive|VictorbrineCassini has 10 seconds left.\n|\n|t:|1682274834\n|move|p2b: Manny|Knock Off|p1a: Salamence\n|-damage|p1a: Salamence|67\/100\n|-enditem|p1a: Salamence|Life Orb|[from] move: Knock Off|[of] p2b: Manny\n|-damage|p2b: Manny|80\/100|[from] item: Life Orb\n|move|p2a: Blue Bird|U-turn|p1b: Skeledirge\n|-supereffective|p1b: Skeledirge\n|-damage|p1b: Skeledirge|54\/100\n|\n|t:|1682274848\n|switch|p2a: Meow|Chien-Pao, L50|100\/100|[from] U-turn\n|-ability|p2a: Meow|Sword of Ruin\n|move|p1a: Salamence|Rock Slide|p2a: Meow|[spread] p2a\n|-miss|p1a: Salamence|p2b: Manny\n|-supereffective|p2a: Meow\n|-damage|p2a: Meow|39\/100\n|move|p1b: Skeledirge|Tera Blast|p2b: Manny\n|-supereffective|p2b: Manny\n|-damage|p2b: Manny|0 fnt\n|faint|p2b: Manny\n|-end|p2b: Manny|Protosynthesis|[silent]\n|\n|upkeep\n|\n|t:|1682274861\n|switch|p2b: Sim\u00e9on|Slither Wing, L50|100\/100\n|turn|3\n|\n|t:|1682274886\n|switch|p1a: Ting-Lu|Ting-Lu, L50|100\/100\n|-ability|p1a: Ting-Lu|Vessel of Ruin\n|-terastallize|p2b: Sim\u00e9on|Fire\n|move|p1b: Skeledirge|Protect|p1b: Skeledirge\n|-singleturn|p1b: Skeledirge|Protect\n|move|p2b: Sim\u00e9on|First Impression|p1b: Skeledirge\n|-activate|p1b: Skeledirge|move: Protect\n|move|p2a: Meow|Ice Spinner|p1a: Ting-Lu\n|-supereffective|p1a: Ting-Lu\n|-damage|p1a: Ting-Lu|30\/100\n|\n|upkeep\n|turn|4\n|\n|t:|1682274907\n|switch|p1a: Salamence|Salamence, L50, M|67\/100\n|-ability|p1a: Salamence|Intimidate|boost\n|-unboost|p2a: Meow|atk|1\n|-unboost|p2b: Sim\u00e9on|atk|1\n|move|p2a: Meow|Ice Spinner|p1a: Salamence\n|-supereffective|p1a: Salamence\n|-damage|p1a: Salamence|0 fnt\n|faint|p1a: Salamence\n|move|p2b: Sim\u00e9on|Flame Charge|p1b: Skeledirge\n|-supereffective|p1b: Skeledirge\n|-damage|p1b: Skeledirge|0 fnt\n|-boost|p2b: Sim\u00e9on|spe|1\n|faint|p1b: Skeledirge\n|\n|-sideend|p2: VictorbrineCassini|move: Tailwind\n|upkeep\n|\n|t:|1682274926\n|switch|p1a: Chien-Pao|Chien-Pao, L50|100\/100\n|switch|p1b: Ting-Lu|Ting-Lu, L50|30\/100\n|-ability|p1a: Chien-Pao|Sword of Ruin\n|-ability|p1b: Ting-Lu|Vessel of Ruin\n|turn|5\n|\n|t:|1682274951\n|move|p2a: Meow|Ice Spinner|p1b: Ting-Lu\n|-supereffective|p1b: Ting-Lu\n|-damage|p1b: Ting-Lu|0 fnt\n|faint|p1b: Ting-Lu\n|move|p1a: Chien-Pao|Sacred Sword|p2a: Meow\n|-supereffective|p2a: Meow\n|-damage|p2a: Meow|0 fnt\n|faint|p2a: Meow\n|move|p2b: Sim\u00e9on|Flame Charge|p1a: Chien-Pao\n|-supereffective|p1a: Chien-Pao\n|-damage|p1a: Chien-Pao|37\/100\n|-boost|p2b: Sim\u00e9on|spe|1\n|\n|upkeep\n|\n|t:|1682274963\n|switch|p2a: Blue Bird|Corviknight, L50, F|4\/100\n|-ability|p2a: Blue Bird|Pressure\n|turn|6\n|-message|ElPro_06 forfeited.\n|\n|win|VictorbrineCassini\n|raw|ElPro_06's rating: 1052 → 1033<\/strong> (-19 for losing)\n|raw|VictorbrineCassini's rating: 1023 → 1063<\/strong> (+40 for winning)\n|l|\u2606ElPro_06\n","uploadtime":1682274986,"views":7,"p1id":"elpro06","p2id":"victorbrinecassini","formatid":"gen9vgc2023regulationc","rating":1033,"private":0,"password":""}