{"id":"gen9vgc2023regulationc-1853140207","p1":"Jelly Jars","p2":"VivixVGC","format":"[Gen 9] VGC 2023 Regulation C","log":"|j|\u2606Jelly Jars\n|j|\u2606VivixVGC\n|t:|1682640055\n|gametype|doubles\n|player|p1|Jelly Jars|crasherwake|1107\n|player|p2|VivixVGC|backersf|1202\n|teamsize|p1|6\n|teamsize|p2|6\n|gen|9\n|tier|[Gen 9] VGC 2023 Regulation C\n|rated|\n|rule|Species Clause: Limit one of each Pok\u00e9mon\n|rule|Item Clause: Limit one of each item\n|clearpoke\n|poke|p1|Salazzle, L50, F|\n|poke|p1|Roaring Moon, L50|\n|poke|p1|Flutter Mane, L50|\n|poke|p1|Iron Bundle, L50|\n|poke|p1|Lokix, L50, M|\n|poke|p1|Baxcalibur, L50, M|\n|poke|p2|Dondozo, L50, M|\n|poke|p2|Tatsugiri-Stretchy, L50, M|\n|poke|p2|Glimmora, L50, M|\n|poke|p2|Iron Bundle, L50|\n|poke|p2|Chi-Yu, L50|\n|poke|p2|Pelipper, L50, F|\n|teampreview|4\n|inactive|Battle timer is ON: inactive players will automatically lose when time's up. (requested by VivixVGC)\nVivixVGC has agreed to open team sheets.\n|\n|t:|1682640077\n|start\n|switch|p1a: Salazzle|Salazzle, L50, F|100\/100\n|switch|p1b: Lokix|Lokix, L50, M|100\/100\n|switch|p2a: Dondozo|Dondozo, L50, M, shiny|100\/100\n|switch|p2b: Pelipper|Pelipper, L50, F, shiny|100\/100\n|-weather|RainDance|[from] ability: Drizzle|[of] p2b: Pelipper\n|turn|1\n|\n|t:|1682640098\n|move|p2a: Dondozo|Protect|p2a: Dondozo\n|-singleturn|p2a: Dondozo|Protect\n|move|p1a: Salazzle|Fake Out|p2a: Dondozo\n|-activate|p2a: Dondozo|move: Protect\n|move|p1b: Lokix|First Impression|p2a: Dondozo\n|-activate|p2a: Dondozo|move: Protect\n|move|p2b: Pelipper|Hurricane|p1a: Salazzle\n|-damage|p1a: Salazzle|7\/100\n|\n|-weather|RainDance|[upkeep]\n|upkeep\n|turn|2\n|\n|t:|1682640111\n|switch|p1b: Iron Bundle|Iron Bundle, L50|100\/100\n|switch|p2b: Tatsugiri|Tatsugiri-Stretchy, L50, M|100\/100\n|-activate|p2b: Tatsugiri|ability: Commander|[of] p2a: Dondozo\n|-boost|p2a: Dondozo|atk|2\n|-boost|p2a: Dondozo|spa|2\n|-boost|p2a: Dondozo|spe|2\n|-boost|p2a: Dondozo|def|2\n|-boost|p2a: Dondozo|spd|2\n|-terastallize|p2a: Dondozo|Water\n|move|p2a: Dondozo|Surf|p1a: Salazzle|[spread] p1a,p1b\n|-miss|p2a: Dondozo|p2b: Tatsugiri\n|-supereffective|p1a: Salazzle\n|-crit|p1a: Salazzle\n|-resisted|p1b: Iron Bundle\n|-damage|p1a: Salazzle|0 fnt\n|-enditem|p1b: Iron Bundle|Focus Sash\n|-damage|p1b: Iron Bundle|1\/100\n|faint|p1a: Salazzle\n|\n|-weather|RainDance|[upkeep]\n|upkeep\n|\n|t:|1682640115\n|switch|p1a: Flutter Mane|Flutter Mane, L50|100\/100\n|turn|3\n|\n|t:|1682640124\n|-terastallize|p1b: Iron Bundle|Ice\n|move|p2a: Dondozo|Protect|p2a: Dondozo\n|-singleturn|p2a: Dondozo|Protect\n|move|p1b: Iron Bundle|Freeze-Dry|p2a: Dondozo\n|-activate|p2a: Dondozo|move: Protect\n|move|p1a: Flutter Mane|Energy Ball|p2a: Dondozo\n|-activate|p2a: Dondozo|move: Protect\n|\n|-weather|RainDance|[upkeep]\n|upkeep\n|turn|4\n|\n|t:|1682640133\n|move|p1b: Iron Bundle|Freeze-Dry|p2a: Dondozo\n|-supereffective|p2a: Dondozo\n|-damage|p2a: Dondozo|47\/100\n|move|p1a: Flutter Mane|Energy Ball|p2a: Dondozo\n|-supereffective|p2a: Dondozo\n|-damage|p2a: Dondozo|0 fnt\n|faint|p2a: Dondozo\n|\n|-weather|RainDance|[upkeep]\n|upkeep\n|\n|t:|1682640137\n|switch|p2a: Pelipper|Pelipper, L50, F, shiny|100\/100\n|turn|5\n|\n|t:|1682640146\n|move|p2a: Pelipper|Quick Attack|p1b: Iron Bundle\n|-damage|p1b: Iron Bundle|0 fnt\n|faint|p1b: Iron Bundle\n|-end|p1b: Iron Bundle|Quark Drive|[silent]\n|move|p2b: Tatsugiri|Muddy Water|p1a: Flutter Mane\n|-damage|p1a: Flutter Mane|36\/100\n|move|p1a: Flutter Mane|Energy Ball|p2b: Tatsugiri\n|-damage|p2b: Tatsugiri|35\/100\n|\n|-weather|none\n|upkeep\n|\n|t:|1682640154\n|switch|p1b: Lokix|Lokix, L50, M|100\/100\n|turn|6\n|\n|t:|1682640164\n|move|p2b: Tatsugiri|Muddy Water|p1a: Flutter Mane|[spread] p1a,p1b\n|-damage|p1a: Flutter Mane|3\/100\n|-damage|p1b: Lokix|33\/100\n|move|p1a: Flutter Mane|Energy Ball|p2b: Tatsugiri\n|-damage|p2b: Tatsugiri|0 fnt\n|faint|p2b: Tatsugiri\n|move|p1b: Lokix|Leech Life|p2a: Pelipper\n|-resisted|p2a: Pelipper\n|-damage|p2a: Pelipper|39\/100\n|-heal|p1b: Lokix|62\/100|[from] drain|[of] p2a: Pelipper\n|-damage|p1b: Lokix|52\/100|[from] item: Life Orb\n|move|p2a: Pelipper|Hurricane|p1b: Lokix|[miss]\n|-miss|p2a: Pelipper|p1b: Lokix\n|\n|upkeep\n|\n|t:|1682640175\n|switch|p2b: Iron Bundle|Iron Bundle, L50|100\/100\n|-enditem|p2b: Iron Bundle|Booster Energy\n|-activate|p2b: Iron Bundle|ability: Quark Drive|[fromitem]\n|-start|p2b: Iron Bundle|quarkdrivespe\n|turn|7\n|\n|t:|1682640193\n|move|p2b: Iron Bundle|Protect|p2b: Iron Bundle\n|-singleturn|p2b: Iron Bundle|Protect\n|move|p1a: Flutter Mane|Energy Ball|p2b: Iron Bundle\n|-activate|p2b: Iron Bundle|move: Protect\n|move|p1b: Lokix|Leech Life|p2a: Pelipper\n|-resisted|p2a: Pelipper\n|-damage|p2a: Pelipper|0 fnt\n|-heal|p1b: Lokix|70\/100|[from] drain|[of] p2a: Pelipper\n|faint|p2a: Pelipper\n|-damage|p1b: Lokix|60\/100|[from] item: Life Orb\n|\n|upkeep\n|turn|8\n|\n|t:|1682640202\n|move|p2b: Iron Bundle|Icy Wind|p1a: Flutter Mane|[spread] p1b\n|-miss|p2b: Iron Bundle|p1a: Flutter Mane\n|-damage|p1b: Lokix|27\/100\n|-unboost|p1b: Lokix|spe|1\n|move|p1a: Flutter Mane|Energy Ball|p2b: Iron Bundle\n|-supereffective|p2b: Iron Bundle\n|-damage|p2b: Iron Bundle|0 fnt\n|faint|p2b: Iron Bundle\n|-end|p2b: Iron Bundle|Quark Drive|[silent]\n|\n|win|Jelly Jars\n|raw|Jelly Jars's rating: 1107 → 1139<\/strong> (+32 for winning)\n|raw|VivixVGC's rating: 1202 → 1170<\/strong> (-32 for losing)\n|l|\u2606VivixVGC\n","uploadtime":1682640208,"views":7,"p1id":"jellyjars","p2id":"vivixvgc","formatid":"gen9vgc2023regulationc","rating":1139,"private":0,"password":""}