{"id":"gen9vgc2023regulationc-1847695063","p1":"Arcacagne","p2":"RobertoGP23","format":"[Gen 9] VGC 2023 Regulation C","log":"|j|\u2606Arcacagne\n|j|\u2606RobertoGP23\n|t:|1681993348\n|gametype|doubles\n|player|p1|Arcacagne|102|1287\n|player|p2|RobertoGP23|169|1267\n|teamsize|p1|6\n|teamsize|p2|6\n|gen|9\n|tier|[Gen 9] VGC 2023 Regulation C\n|rated|\n|rule|Species Clause: Limit one of each Pok\u00e9mon\n|rule|Item Clause: Limit one of each item\n|clearpoke\n|poke|p1|Chi-Yu, L50|\n|poke|p1|Flutter Mane, L50|\n|poke|p1|Amoonguss, L50, M|\n|poke|p1|Palafin, L50, M|\n|poke|p1|Kingambit, L50, F|\n|poke|p1|Arcanine, L50, M|\n|poke|p2|Gholdengo, L50|\n|poke|p2|Iron Hands, L50|\n|poke|p2|Arcanine, L50, F|\n|poke|p2|Flutter Mane, L50|\n|poke|p2|Ting-Lu, L50|\n|poke|p2|Amoonguss, L50, M|\n|teampreview|4\nArcacagne has agreed to open team sheets.\nRobertoGP23 has agreed to open team sheets.\n|inactive|Battle timer is ON: inactive players will automatically lose when time's up. (requested by RobertoGP23)\n|\n|t:|1681993432\n|start\n|switch|p1a: Chi-Yu|Chi-Yu, L50|100\/100\n|switch|p1b: Palafin|Palafin, L50, M|100\/100\n|switch|p2a: Ting-Lu|Ting-Lu, L50|100\/100\n|switch|p2b: Iron Hands|Iron Hands, L50, shiny|100\/100\n|-ability|p1a: Chi-Yu|Beads of Ruin\n|-ability|p2a: Ting-Lu|Vessel of Ruin\n|turn|1\n|\n|t:|1681993448\n|detailschange|p1b: Palafin|Palafin-Hero, L50, M\n|switch|p1b: Arcanine|Arcanine, L50, M|100\/100\n|-ability|p1b: Arcanine|Intimidate|boost\n|-unboost|p2a: Ting-Lu|atk|1\n|-unboost|p2b: Iron Hands|atk|1\n|move|p1a: Chi-Yu|Protect|p1a: Chi-Yu\n|-singleturn|p1a: Chi-Yu|Protect\n|move|p2b: Iron Hands|Fake Out|p1a: Chi-Yu\n|-activate|p1a: Chi-Yu|move: Protect\n|move|p2a: Ting-Lu|Fissure|p1a: Chi-Yu\n|-activate|p1a: Chi-Yu|move: Protect\n|\n|upkeep\n|turn|2\n|\n|t:|1681993470\n|move|p1a: Chi-Yu|Substitute|p1a: Chi-Yu\n|-start|p1a: Chi-Yu|Substitute\n|-damage|p1a: Chi-Yu|76\/100\n|move|p1b: Arcanine|Will-O-Wisp|p2a: Ting-Lu\n|-status|p2a: Ting-Lu|brn\n|move|p2b: Iron Hands|Drain Punch|p1a: Chi-Yu\n|-supereffective|p1a: Chi-Yu\n|-end|p1a: Chi-Yu|Substitute\n|move|p2a: Ting-Lu|Fissure|p1a: Chi-Yu\n|-damage|p1a: Chi-Yu|0 fnt\n|faint|p1a: Chi-Yu\n|-ohko\n|\n|-damage|p2a: Ting-Lu|94\/100 brn|[from] brn\n|upkeep\n|\n|t:|1681993487\n|switch|p1a: Palafin|Palafin-Hero, L50, M|100\/100\n|-activate|p1a: Palafin|ability: Zero to Hero\n|turn|3\n|c|\u2606Arcacagne|plan solido\n|inactive|Arcacagne has 30 seconds left.\n|inactive|Arcacagne has 20 seconds left.\n|inactive|Arcacagne has 15 seconds left.\n|inactive|Arcacagne has 10 seconds left.\n|\n|t:|1681993535\n|-terastallize|p1a: Palafin|Grass\n|move|p1a: Palafin|Jet Punch|p2a: Ting-Lu\n|-supereffective|p2a: Ting-Lu\n|-damage|p2a: Ting-Lu|46\/100 brn\n|move|p1b: Arcanine|Will-O-Wisp|p2b: Iron Hands\n|-status|p2b: Iron Hands|brn\n|move|p2b: Iron Hands|Volt Switch|p1a: Palafin\n|-resisted|p1a: Palafin\n|-damage|p1a: Palafin|95\/100\n|\n|t:|1681993548\n|-end|p2b: Iron Hands|Quark Drive|[silent]\n|switch|p2b: Arcanine|Arcanine, L50, F|100\/100|[from] Volt Switch\n|-ability|p2b: Arcanine|Intimidate|boost\n|-unboost|p1a: Palafin|atk|1\n|-unboost|p1b: Arcanine|atk|1\n|move|p2a: Ting-Lu|Ruination|p1a: Palafin\n|-damage|p1a: Palafin|48\/100\n|\n|-damage|p2a: Ting-Lu|40\/100 brn|[from] brn\n|upkeep\n|turn|4\n|c|\u2606RobertoGP23|un plan sin fisuras\n|inactive|RobertoGP23 has 30 seconds left.\n|inactive|Arcacagne has 30 seconds left.\n|inactive|RobertoGP23 has 20 seconds left.\n|inactive|RobertoGP23 has 15 seconds left.\n|inactive|RobertoGP23 has 10 seconds left.\n|\n|t:|1681993595\n|move|p1a: Palafin|Wave Crash|p2b: Arcanine\n|-supereffective|p2b: Arcanine\n|-damage|p2b: Arcanine|0 fnt\n|faint|p2b: Arcanine\n|-damage|p1a: Palafin|11\/100|[from] Recoil\n|move|p1b: Arcanine|Flare Blitz|p2a: Ting-Lu\n|-damage|p2a: Ting-Lu|25\/100 brn\n|-damage|p1b: Arcanine|94\/100|[from] Recoil\n|move|p2a: Ting-Lu|Fissure|p1b: Arcanine\n|-damage|p1b: Arcanine|0 fnt\n|faint|p1b: Arcanine\n|-ohko\n|\n|-damage|p2a: Ting-Lu|19\/100 brn|[from] brn\n|upkeep\n|c|\u2606Arcacagne|pro player\n|\n|t:|1681993612\n|switch|p2b: Iron Hands|Iron Hands, L50, shiny|100\/100 brn\n|switch|p1b: Amoonguss|Amoonguss, L50, M|100\/100\n|turn|5\n|c|\u2606RobertoGP23|gracias\n|\n|t:|1681993633\n|move|p2b: Iron Hands|Fake Out|p1b: Amoonguss\n|-damage|p1b: Amoonguss|95\/100\n|-damage|p2b: Iron Hands|84\/100 brn|[from] item: Rocky Helmet|[of] p1b: Amoonguss\n|move|p1a: Palafin|Wave Crash|p2b: Iron Hands\n|-damage|p2b: Iron Hands|42\/100 brn\n|-damage|p1a: Palafin|0 fnt|[from] Recoil\n|faint|p1a: Palafin\n|move|p2a: Ting-Lu|Heavy Slam|p1b: Amoonguss\n|-damage|p1b: Amoonguss|86\/100\n|-damage|p2a: Ting-Lu|3\/100 brn|[from] item: Rocky Helmet|[of] p1b: Amoonguss\n|cant|p1b: Amoonguss|flinch\n|\n|-heal|p2b: Iron Hands|48\/100 brn|[from] item: Leftovers\n|-damage|p2b: Iron Hands|42\/100 brn|[from] brn\n|-damage|p2a: Ting-Lu|0 fnt|[from] brn\n|faint|p2a: Ting-Lu\n|upkeep\n|\n|t:|1681993649\n|switch|p2a: Flutter Mane|Flutter Mane, L50, shiny|100\/100\n|turn|6\n|c|\u2606Arcacagne|ma vaffanculo\n|-message|Arcacagne forfeited.\n|\n|win|RobertoGP23\n|raw|Arcacagne's rating: 1287 → 1261<\/strong> (-26 for losing)\n|raw|RobertoGP23's rating: 1267 → 1293<\/strong> (+26 for winning)\n|l|\u2606Arcacagne\n","uploadtime":1681993657,"views":7,"p1id":"arcacagne","p2id":"robertogp23","formatid":"gen9vgc2023regulationc","rating":1261,"private":0,"password":""}