{"id":"gen9vgc2023regulationc-1846194519","p1":"witchcraft1234","p2":"keonspy","format":"[Gen 9] VGC 2023 Regulation C","log":"|j|\u2606witchcraft1234\n|j|\u2606keonspy\n|t:|1681819816\n|gametype|doubles\n|player|p1|witchcraft1234|rosa|1187\n|player|p2|keonspy|265|1081\n|teamsize|p1|6\n|teamsize|p2|6\n|gen|9\n|tier|[Gen 9] VGC 2023 Regulation C\n|rated|\n|rule|Species Clause: Limit one of each Pok\u00e9mon\n|rule|Item Clause: Limit one of each item\n|clearpoke\n|poke|p1|Haxorus, L50, F|\n|poke|p1|Murkrow, L50, F|\n|poke|p1|Talonflame, L50, F|\n|poke|p1|Mimikyu, L50, F|\n|poke|p1|Breloom, L50, F|\n|poke|p1|Toxtricity, L50, F|\n|poke|p2|Stantler, L50, F|\n|poke|p2|Annihilape, L50, F|\n|poke|p2|Wigglytuff, L50, F|\n|poke|p2|Maushold-Four, L50|\n|poke|p2|Ting-Lu, L50|\n|poke|p2|Chi-Yu, L50|\n|teampreview|4\n|inactive|Battle timer is ON: inactive players will automatically lose when time's up. (requested by keonspy)\n|inactive|keonspy has 60 seconds left.\n|\n|t:|1681819848\n|start\n|switch|p1a: Talonflame|Talonflame, L50, F|100\/100\n|switch|p1b: Mimikyu|Mimikyu, L50, F|100\/100\n|switch|p2a: Baars|Stantler, L50, F|100\/100\n|switch|p2b: Dura|Annihilape, L50, F|100\/100\n|-ability|p2a: Baars|Intimidate|boost\n|-unboost|p1a: Talonflame|atk|1\n|-unboost|p1b: Mimikyu|atk|1\n|turn|1\n|\n|t:|1681819864\n|-terastallize|p2b: Dura|Fire\n|move|p1a: Talonflame|Tailwind|p1a: Talonflame\n|-sidestart|p1: witchcraft1234|move: Tailwind\n|move|p1b: Mimikyu|Play Rough|p2b: Dura\n|-resisted|p2b: Dura\n|-damage|p2b: Dura|83\/100\n|-damage|p1b: Mimikyu|90\/100|[from] item: Life Orb\n|move|p2b: Dura|Bulk Up|p2b: Dura\n|-boost|p2b: Dura|atk|1\n|-boost|p2b: Dura|def|1\n|move|p2a: Baars|Skill Swap|p1a: Talonflame\n|-activate|p2a: Baars|move: Skill Swap|Gale Wings|Intimidate|[of] p1a: Talonflame\n|-ability|p1a: Talonflame|Intimidate|boost\n|-unboost|p2a: Baars|atk|1\n|-unboost|p2b: Dura|atk|1\n|-ability|p2b: Dura|Defiant|boost\n|-boost|p2b: Dura|atk|2\n|\n|-heal|p2b: Dura|89\/100|[from] item: Leftovers\n|upkeep\n|turn|2\n|inactive|witchcraft1234 has 30 seconds left.\n|inactive|keonspy has 30 seconds left.\n|\n|t:|1681819894\n|move|p1a: Talonflame|Brave Bird|p2b: Dura\n|-damage|p2b: Dura|71\/100\n|-damage|p1a: Talonflame|92\/100|[from] Recoil\n|move|p1b: Mimikyu|Phantom Force||[still]\n|-prepare|p1b: Mimikyu|Phantom Force\n|move|p2b: Dura|Rage Fist|p1b: Mimikyu|[miss]\n|-miss|p2b: Dura|p1b: Mimikyu\n|move|p2a: Baars|Trick Room|p2a: Baars\n|-fieldstart|move: Trick Room|[of] p2a: Baars\n|\n|-heal|p2b: Dura|77\/100|[from] item: Leftovers\n|upkeep\n|turn|3\n|\n|t:|1681819912\n|switch|p2a: Ting-Lu|Ting-Lu, L50|100\/100\n|-ability|p2a: Ting-Lu|Vessel of Ruin\n|move|p2b: Dura|Rage Fist|p1a: Talonflame\n|-damage|p1a: Talonflame|0 fnt\n|faint|p1a: Talonflame\n|move|p1b: Mimikyu|Phantom Force|p2b: Dura|[from]lockedmove\n|-damage|p2b: Dura|51\/100\n|-damage|p1b: Mimikyu|80\/100|[from] item: Life Orb\n|\n|-heal|p2b: Dura|57\/100|[from] item: Leftovers\n|upkeep\n|\n|t:|1681819927\n|switch|p1a: Breloom|Breloom, L50, F|100\/100\n|turn|4\n|\n|t:|1681819946\n|switch|p1a: Haxorus|Haxorus, L50, F|100\/100\n|-ability|p1a: Haxorus|Unnerve\n|move|p1b: Mimikyu|Protect|p1b: Mimikyu\n|-singleturn|p1b: Mimikyu|Protect\n|move|p2a: Ting-Lu|Throat Chop|p1b: Mimikyu\n|-activate|p1b: Mimikyu|move: Protect\n|move|p2b: Dura|Drain Punch|p1a: Haxorus\n|-damage|p1a: Haxorus|6\/100\n|-heal|p2b: Dura|89\/100|[from] drain|[of] p1a: Haxorus\n|\n|-heal|p2b: Dura|95\/100|[from] item: Leftovers\n|-sideend|p1: witchcraft1234|move: Tailwind\n|upkeep\n|turn|5\n|inactive|witchcraft1234 has 30 seconds left.\n|\n|t:|1681819972\n|move|p2a: Ting-Lu|Throat Chop|p1b: Mimikyu\n|-activate|p1b: Mimikyu|ability: Disguise\n|-damage|p1b: Mimikyu|80\/100\n|-start|p1b: Mimikyu|Throat Chop|[silent]\n|detailschange|p1b: Mimikyu|Mimikyu-Busted, L50, F\n|-damage|p1b: Mimikyu|68\/100|[from] pokemon: Mimikyu-Busted\n|move|p2b: Dura|Rage Fist|p1b: Mimikyu\n|-supereffective|p1b: Mimikyu\n|-damage|p1b: Mimikyu|0 fnt\n|faint|p1b: Mimikyu\n|move|p1a: Haxorus|Dragon Claw|p2b: Dura\n|-damage|p2b: Dura|48\/100\n|\n|-heal|p2b: Dura|54\/100|[from] item: Leftovers\n|upkeep\n|-message|witchcraft1234 forfeited.\n|\n|win|keonspy\n|raw|witchcraft1234's rating: 1187 → 1155<\/strong> (-32 for losing)\n|raw|keonspy's rating: 1081 → 1117<\/strong> (+36 for winning)\n|l|\u2606witchcraft1234\n","uploadtime":1681819990,"views":8,"p1id":"witchcraft1234","p2id":"keonspy","formatid":"gen9vgc2023regulationc","rating":1117,"private":0,"password":""}