{"id":"gen9vgc2023regulationc-1855840020","p1":"Mailman22","p2":"Ichiban0","format":"[Gen 9] VGC 2023 Regulation C","log":"|j|\u2606Mailman22\n|j|\u2606Ichiban0\n|t:|1682990381\n|gametype|doubles\n|player|p1|Mailman22|preschooler|\n|player|p2|Ichiban0|265|\n|teamsize|p1|6\n|teamsize|p2|6\n|gen|9\n|tier|[Gen 9] VGC 2023 Regulation C\n|rule|Species Clause: Limit one of each Pok\u00e9mon\n|rule|Item Clause: Limit one of each item\n|clearpoke\n|poke|p1|Klefki, L50, M|\n|poke|p1|Iron Bundle, L50|\n|poke|p1|Maushold, L50|\n|poke|p1|Sandy Shocks, L50|\n|poke|p1|Bisharp, L50, M|\n|poke|p1|Mismagius, L50, F|\n|poke|p2|Weavile, L50, F|\n|poke|p2|Palafin, L50, F|\n|poke|p2|Amoonguss, L50, M|\n|poke|p2|Arcanine, L50, M|\n|poke|p2|Dragalge, L50, M|\n|poke|p2|Gardevoir, L50, F|\n|teampreview|4\n|c|\u2606Mailman22|Do you wanna send live link or shall I\n|c|\u2606Ichiban0|i got it\n|j| LackieLackey\n|c|\u2606Mailman22|Ok cool\n|j| Tuxmux\n|\n|t:|1682990474\n|start\n|switch|p1a: Klefki|Klefki, L50, M|100\/100\n|switch|p1b: Iron Bundle|Iron Bundle, L50|100\/100\n|switch|p2a: Homelander|Palafin, L50, F|100\/100\n|switch|p2b: Mommy|Gardevoir, L50, F|100\/100\n|turn|1\n|\n|t:|1682990494\n|move|p2a: Homelander|Protect|p2a: Homelander\n|-singleturn|p2a: Homelander|Protect\n|move|p1a: Klefki|Reflect|p1a: Klefki\n|-sidestart|p1: Mailman22|Reflect\n|move|p1b: Iron Bundle|Taunt|p2b: Mommy\n|-start|p2b: Mommy|move: Taunt\n|cant|p2b: Mommy|move: Taunt|Trick Room\n|\n|upkeep\n|turn|2\n|\n|t:|1682990511\n|detailschange|p2a: Homelander|Palafin-Hero, L50, F\n|switch|p2a: sussywussy|Amoonguss, L50, M|100\/100\n|move|p1a: Klefki|Thunder Wave|p2a: sussywussy|[miss]\n|-miss|p1a: Klefki|p2a: sussywussy\n|move|p1b: Iron Bundle|Hydro Pump|p2b: Mommy\n|-damage|p2b: Mommy|32\/100\n|-damage|p1b: Iron Bundle|91\/100|[from] item: Life Orb\n|move|p2b: Mommy|Knock Off|p1b: Iron Bundle\n|-damage|p1b: Iron Bundle|76\/100\n|-enditem|p1b: Iron Bundle|Life Orb|[from] move: Knock Off|[of] p2b: Mommy\n|\n|upkeep\n|turn|3\n|\n|t:|1682990538\n|switch|p2b: Homelander|Palafin-Hero, L50, F|100\/100\n|-activate|p2b: Homelander|ability: Zero to Hero\n|move|p2a: sussywussy|Rage Powder|p2a: sussywussy\n|-singleturn|p2a: sussywussy|move: Rage Powder\n|move|p1b: Iron Bundle|Taunt|p2a: sussywussy\n|-start|p2a: sussywussy|move: Taunt\n|move|p1a: Klefki|Dazzling Gleam|p2a: sussywussy|[spread] p2a,p2b\n|-resisted|p2a: sussywussy\n|-damage|p2a: sussywussy|94\/100\n|-damage|p2b: Homelander|82\/100\n|\n|upkeep\n|turn|4\n|\n|t:|1682990554\n|move|p1a: Klefki|Thunder Wave|p2b: Homelander\n|-status|p2b: Homelander|par\n|move|p1b: Iron Bundle|Ice Beam|p2a: sussywussy\n|-supereffective|p2a: sussywussy\n|-damage|p2a: sussywussy|31\/100\n|move|p2b: Homelander|Drain Punch|p1b: Iron Bundle\n|-supereffective|p1b: Iron Bundle\n|-damage|p1b: Iron Bundle|23\/100\n|-heal|p2b: Homelander|99\/100 par|[from] drain|[of] p1b: Iron Bundle\n|move|p2a: sussywussy|Pollen Puff|p2b: Homelander\n|-heal|p2b: Homelander|100\/100 par\n|\n|upkeep\n|turn|5\n|\n|t:|1682990583\n|switch|p2a: Mommy|Gardevoir, L50, F|32\/100\n|move|p1b: Iron Bundle|Ice Beam|p2a: Mommy\n|-damage|p2a: Mommy|0 fnt\n|faint|p2a: Mommy\n|move|p1a: Klefki|Dazzling Gleam|p2b: Homelander\n|-damage|p2b: Homelander|79\/100 par\n|cant|p2b: Homelander|par\n|\n|upkeep\n|\n|t:|1682990594\n|switch|p2a: sussywussy|Amoonguss, L50, M|64\/100\n|turn|6\n|\n|t:|1682990614\n|move|p2a: sussywussy|Rage Powder|p2a: sussywussy\n|-singleturn|p2a: sussywussy|move: Rage Powder\n|move|p1a: Klefki|Light Screen|p1a: Klefki\n|-sidestart|p1: Mailman22|move: Light Screen\n|move|p1b: Iron Bundle|Taunt|p2a: sussywussy\n|-start|p2a: sussywussy|move: Taunt\n|move|p2b: Homelander|Bulk Up|p2b: Homelander\n|-boost|p2b: Homelander|atk|1\n|-boost|p2b: Homelander|def|1\n|\n|upkeep\n|turn|7\n|\n|t:|1682990642\n|switch|p1a: Sandy Shocks|Sandy Shocks, L50|100\/100\n|-enditem|p1a: Sandy Shocks|Booster Energy\n|-activate|p1a: Sandy Shocks|ability: Protosynthesis|[fromitem]\n|-start|p1a: Sandy Shocks|protosynthesisspa\n|-terastallize|p2b: Homelander|Water\n|cant|p2b: Homelander|par\n|move|p1b: Iron Bundle|Ice Beam|p2a: sussywussy\n|-supereffective|p2a: sussywussy\n|-damage|p2a: sussywussy|0 fnt\n|faint|p2a: sussywussy\n|\n|upkeep\n|\n|t:|1682990652\n|switch|p2a: Dragagagagagle|Dragalge, L50, M|100\/100\n|turn|8\n|\n|t:|1682990665\n|-terastallize|p1a: Sandy Shocks|Electric\n|cant|p2b: Homelander|par\n|move|p1b: Iron Bundle|Ice Beam|p2a: Dragagagagagle\n|-supereffective|p2a: Dragagagagagle\n|-damage|p2a: Dragagagagagle|17\/100\n|move|p1a: Sandy Shocks|Thunderbolt|p2b: Homelander\n|-supereffective|p2b: Homelander\n|-damage|p2b: Homelander|0 fnt\n|faint|p2b: Homelander\n|move|p2a: Dragagagagagle|Draco Meteor|p1a: Sandy Shocks|[miss]\n|-miss|p2a: Dragagagagagle|p1a: Sandy Shocks\n|\n|-sideend|p1: Mailman22|Reflect\n|upkeep\n|turn|9\n|\n|t:|1682990678\n|move|p1b: Iron Bundle|Ice Beam|p2a: Dragagagagagle\n|-supereffective|p2a: Dragagagagagle\n|-damage|p2a: Dragagagagagle|0 fnt\n|faint|p2a: Dragagagagagle\n|\n|win|Mailman22\n|c|\u2606Ichiban0|dammit gg\n|l|\u2606Ichiban0\n|l| LackieLackey\n|j| LackieLackey\n|l| LackieLackey\n|l|\u2606Mailman22\n","uploadtime":1682991694,"views":19,"p1id":"mailman22","p2id":"ichiban0","formatid":"gen9vgc2023regulationc","rating":0,"private":0,"password":""}