{"id":"gen9vgc2023regulationc-1856509539","p1":"vrumvrumnatal","p2":"a52432","format":"[Gen 9] VGC 2023 Regulation C","log":"|j|\u2606vrumvrumnatal\n|j|\u2606a52432\n|t:|1683069690\n|gametype|doubles\n|player|p1|vrumvrumnatal|2|1322\n|player|p2|a52432|170|1326\n|teamsize|p1|6\n|teamsize|p2|6\n|gen|9\n|tier|[Gen 9] VGC 2023 Regulation C\n|rated|\n|rule|Species Clause: Limit one of each Pok\u00e9mon\n|rule|Item Clause: Limit one of each item\n|clearpoke\n|poke|p1|Chien-Pao, L50|\n|poke|p1|Dragonite, L50, M|\n|poke|p1|Kingambit, L50, M|\n|poke|p1|Gyarados, L50, M|\n|poke|p1|Great Tusk, L50|\n|poke|p1|Flutter Mane, L50|\n|poke|p2|Ting-Lu, L50|\n|poke|p2|Amoonguss, L50, M|\n|poke|p2|Palafin, L50, F|\n|poke|p2|Arcanine, L50, M|\n|poke|p2|Murkrow, L50, M|\n|poke|p2|Gholdengo, L50|\n|teampreview|4\n|\n|t:|1683069726\n|start\n|switch|p1a: Chien-Pao|Chien-Pao, L50|100\/100\n|switch|p1b: Kingambit|Kingambit, L50, M|100\/100\n|switch|p2a: Palafin|Palafin, L50, F|100\/100\n|switch|p2b: Gholdengo|Gholdengo, L50|100\/100\n|-ability|p1a: Chien-Pao|Sword of Ruin\n|turn|1\n|inactive|Battle timer is ON: inactive players will automatically lose when time's up. (requested by vrumvrumnatal)\n|\n|t:|1683069751\n|move|p1a: Chien-Pao|Protect|p1a: Chien-Pao\n|-singleturn|p1a: Chien-Pao|Protect\n|move|p2b: Gholdengo|Protect|p2b: Gholdengo\n|-singleturn|p2b: Gholdengo|Protect\n|move|p2a: Palafin|Close Combat|p1b: Kingambit\n|-supereffective|p1b: Kingambit\n|-damage|p1b: Kingambit|0 fnt\n|-unboost|p2a: Palafin|def|1\n|-unboost|p2a: Palafin|spd|1\n|faint|p1b: Kingambit\n|\n|upkeep\n|\n|t:|1683069762\n|switch|p1b: Gyarados|Gyarados, L50, M, shiny|100\/100\n|-ability|p1b: Gyarados|Intimidate|boost\n|-fail|p2a: Palafin|unboost|[from] item: Clear Amulet|[of] p2a: Palafin\n|-unboost|p2b: Gholdengo|atk|1\n|turn|2\n|\n|t:|1683069786\n|detailschange|p2a: Palafin|Palafin-Hero, L50, F\n|switch|p2a: Arcanine|Arcanine, L50, M|100\/100\n|-ability|p2a: Arcanine|Intimidate|boost\n|-unboost|p1a: Chien-Pao|atk|1\n|-unboost|p1b: Gyarados|atk|1\n|-terastallize|p2b: Gholdengo|Water\n|move|p1a: Chien-Pao|Ice Spinner|p2b: Gholdengo\n|-resisted|p2b: Gholdengo\n|-damage|p2b: Gholdengo|84\/100\n|move|p1b: Gyarados|Waterfall|p2b: Gholdengo\n|-resisted|p2b: Gholdengo\n|-damage|p2b: Gholdengo|71\/100\n|move|p2b: Gholdengo|Nasty Plot|p2b: Gholdengo\n|-boost|p2b: Gholdengo|spa|2\n|\n|upkeep\n|turn|3\n|inactive|a52432 has 30 seconds left.\n|\n|t:|1683069812\n|move|p1a: Chien-Pao|Sacred Sword|p2a: Arcanine\n|-damage|p2a: Arcanine|77\/100\n|move|p2a: Arcanine|Will-O-Wisp|p1b: Gyarados\n|-status|p1b: Gyarados|brn\n|move|p2b: Gholdengo|Shadow Ball|p1b: Gyarados\n|-damage|p1b: Gyarados|48\/100 brn\n|-unboost|p1b: Gyarados|spd|1\n|move|p1b: Gyarados|Thunder Wave|p2a: Arcanine\n|-status|p2a: Arcanine|par\n|\n|-heal|p1b: Gyarados|54\/100 brn|[from] item: Leftovers\n|-damage|p1b: Gyarados|48\/100 brn|[from] brn\n|upkeep\n|turn|4\n|\n|t:|1683069833\n|cant|p2a: Arcanine|par\n|move|p1a: Chien-Pao|Sucker Punch|p2b: Gholdengo\n|-damage|p2b: Gholdengo|45\/100\n|move|p1b: Gyarados|Waterfall|p2a: Arcanine\n|-supereffective|p2a: Arcanine\n|-damage|p2a: Arcanine|47\/100 par\n|move|p2b: Gholdengo|Make It Rain|p1a: Chien-Pao|[spread] p1a,p1b\n|-supereffective|p1a: Chien-Pao\n|-resisted|p1b: Gyarados\n|-enditem|p1a: Chien-Pao|Focus Sash\n|-damage|p1a: Chien-Pao|1\/100\n|-damage|p1b: Gyarados|3\/100 brn\n|-unboost|p2b: Gholdengo|spa|1\n|\n|-heal|p1b: Gyarados|9\/100 brn|[from] item: Leftovers\n|-damage|p1b: Gyarados|3\/100 brn|[from] brn\n|upkeep\n|turn|5\n|inactive|a52432 has 30 seconds left.\n|\n|t:|1683069859\n|move|p2a: Arcanine|Extreme Speed|p1b: Gyarados\n|-damage|p1b: Gyarados|0 fnt\n|faint|p1b: Gyarados\n|move|p1a: Chien-Pao|Sucker Punch||[still]\n|-fail|p1a: Chien-Pao\n|move|p2b: Gholdengo|Nasty Plot|p2b: Gholdengo\n|-boost|p2b: Gholdengo|spa|2\n|\n|upkeep\n|\n|t:|1683069867\n|switch|p1b: Flutter Mane|Flutter Mane, L50|100\/100\n|-enditem|p1b: Flutter Mane|Booster Energy\n|-activate|p1b: Flutter Mane|ability: Protosynthesis|[fromitem]\n|-start|p1b: Flutter Mane|protosynthesisspa\n|turn|6\n|\n|t:|1683069883\n|switch|p2a: Palafin|Palafin-Hero, L50, F|100\/100\n|-activate|p2a: Palafin|ability: Zero to Hero\n|move|p1a: Chien-Pao|Protect|p1a: Chien-Pao\n|-singleturn|p1a: Chien-Pao|Protect\n|move|p2b: Gholdengo|Protect|p2b: Gholdengo\n|-singleturn|p2b: Gholdengo|Protect\n|move|p1b: Flutter Mane|Dazzling Gleam|p2a: Palafin|[spread] p2a\n|-activate|p2b: Gholdengo|move: Protect\n|-damage|p2a: Palafin|61\/100\n|\n|upkeep\n|turn|7\n|\n|t:|1683069902\n|-terastallize|p1b: Flutter Mane|Fairy\n|move|p1a: Chien-Pao|Sucker Punch|p2a: Palafin\n|-damage|p2a: Palafin|34\/100\n|move|p2a: Palafin|Jet Punch|p1a: Chien-Pao\n|-damage|p1a: Chien-Pao|0 fnt\n|faint|p1a: Chien-Pao\n|move|p1b: Flutter Mane|Dazzling Gleam|p2b: Gholdengo|[spread] p2a,p2b\n|-damage|p2a: Palafin|0 fnt\n|-damage|p2b: Gholdengo|0 fnt\n|faint|p2a: Palafin\n|faint|p2b: Gholdengo\n|\n|upkeep\n|\n|t:|1683069914\n|switch|p2a: Arcanine|Arcanine, L50, M|47\/100 par\n|switch|p2b: Ting-Lu|Ting-Lu, L50|100\/100\n|-ability|p2b: Ting-Lu|Vessel of Ruin\n|-ability|p2a: Arcanine|Intimidate|boost\n|-unboost|p1b: Flutter Mane|atk|1\n|turn|8\n|\n|t:|1683069932\n|cant|p2a: Arcanine|par\n|move|p1b: Flutter Mane|Shadow Ball|p2a: Arcanine\n|-damage|p2a: Arcanine|9\/100 par\n|move|p2b: Ting-Lu|Stomping Tantrum|p1b: Flutter Mane\n|-damage|p1b: Flutter Mane|48\/100\n|\n|upkeep\n|turn|9\n|\n|t:|1683069944\n|cant|p2a: Arcanine|par\n|move|p1b: Flutter Mane|Dazzling Gleam|p2b: Ting-Lu|[spread] p2a,p2b\n|-resisted|p2a: Arcanine\n|-supereffective|p2b: Ting-Lu\n|-damage|p2a: Arcanine|0 fnt\n|-damage|p2b: Ting-Lu|57\/100\n|faint|p2a: Arcanine\n|move|p2b: Ting-Lu|Stomping Tantrum|p1b: Flutter Mane\n|-damage|p1b: Flutter Mane|0 fnt\n|faint|p1b: Flutter Mane\n|-end|p1b: Flutter Mane|Protosynthesis|[silent]\n|\n|win|a52432\n|raw|vrumvrumnatal's rating: 1322 → 1302<\/strong> (-20 for losing)\n|raw|a52432's rating: 1326 → 1346<\/strong> (+20 for winning)\n","uploadtime":1683069953,"views":17,"p1id":"vrumvrumnatal","p2id":"a52432","formatid":"gen9vgc2023regulationc","rating":1302,"private":0,"password":""}