{"id":"gen9vgc2023regulationc-1850088878","p1":"Vikx_VGC","p2":"povee","format":"[Gen 9] VGC 2023 Regulation C","log":"|j|\u2606Vikx_VGC\n|j|\u2606povee\n|t:|1682285955\n|gametype|doubles\n|player|p1|Vikx_VGC|benga|1093\n|player|p2|povee|nate|1024\n|teamsize|p1|6\n|teamsize|p2|6\n|gen|9\n|tier|[Gen 9] VGC 2023 Regulation C\n|rated|\n|rule|Species Clause: Limit one of each Pok\u00e9mon\n|rule|Item Clause: Limit one of each item\n|clearpoke\n|poke|p1|Flutter Mane, L50|\n|poke|p1|Gyarados, L50, F|\n|poke|p1|Iron Hands, L50|\n|poke|p1|Murkrow, L50, M|\n|poke|p1|Amoonguss, L50, M|\n|poke|p1|Mimikyu, L50, M|\n|poke|p2|Chien-Pao, L50|\n|poke|p2|Iron Valiant, L50|\n|poke|p2|Azumarill, L50, M|\n|poke|p2|Iron Hands, L50|\n|poke|p2|Grimmsnarl, L50, M|\n|poke|p2|Meowscarada, L50, M|\n|teampreview|4\nVikx_VGC has agreed to open team sheets.\n|inactive|Battle timer is ON: inactive players will automatically lose when time's up. (requested by Vikx_VGC)\n|inactive|povee also wants the timer to be on.\n|c|\u2606Vikx_VGC|we doin open?\n|inactive|Vikx_VGC has 60 seconds left.\n|inactive|Vikx_VGC has 30 seconds left.\n|\n|t:|1682286071\n|start\n|switch|p1a: Iron Hands|Iron Hands, L50, shiny|100\/100\n|switch|p1b: Mimikyu|Mimikyu, L50, M, shiny|100\/100\n|switch|p2a: Chien-Pao|Chien-Pao, L50|100\/100\n|switch|p2b: Meowscarada|Meowscarada, L50, M|100\/100\n|-ability|p2a: Chien-Pao|Sword of Ruin\n|turn|1\n|\n|t:|1682286095\n|-terastallize|p2a: Chien-Pao|Ghost\n|move|p1a: Iron Hands|Fake Out|p2b: Meowscarada\n|-damage|p2b: Meowscarada|73\/100\n|move|p2a: Chien-Pao|Icy Wind|p1a: Iron Hands|[spread] p1a,p1b\n|-damage|p1a: Iron Hands|94\/100\n|-activate|p1b: Mimikyu|ability: Disguise\n|-damage|p1b: Mimikyu|100\/100\n|-unboost|p1a: Iron Hands|spe|1\n|-unboost|p1b: Mimikyu|spe|1\n|detailschange|p1b: Mimikyu|Mimikyu-Busted, L50, M, shiny\n|-damage|p1b: Mimikyu|88\/100|[from] pokemon: Mimikyu-Busted\n|cant|p2b: Meowscarada|flinch\n|move|p1b: Mimikyu|Trick Room|p1b: Mimikyu\n|-fieldstart|move: Trick Room|[of] p1b: Mimikyu\n|\n|upkeep\n|turn|2\n|inactive|Vikx_VGC has 30 seconds left.\n|\n|t:|1682286126\n|switch|p1b: Gyarados|Gyarados, L50, F, shiny|100\/100\n|-ability|p1b: Gyarados|Intimidate|boost\n|-unboost|p2a: Chien-Pao|atk|1\n|-unboost|p2b: Meowscarada|atk|1\n|move|p2b: Meowscarada|Protect|p2b: Meowscarada\n|-singleturn|p2b: Meowscarada|Protect\n|move|p2a: Chien-Pao|Sucker Punch||[still]\n|-fail|p2a: Chien-Pao\n|move|p1a: Iron Hands|Volt Switch|p2b: Meowscarada\n|-activate|p2b: Meowscarada|move: Protect\n|\n|upkeep\n|turn|3\n|\n|t:|1682286148\n|move|p2a: Chien-Pao|Protect|p2a: Chien-Pao\n|-singleturn|p2a: Chien-Pao|Protect\n|move|p1a: Iron Hands|Drain Punch|p2b: Meowscarada\n|-supereffective|p2b: Meowscarada\n|-damage|p2b: Meowscarada|0 fnt\n|-heal|p1a: Iron Hands|100\/100|[from] drain|[of] p2b: Meowscarada\n|faint|p2b: Meowscarada\n|move|p1b: Gyarados|Taunt|p2a: Chien-Pao\n|-activate|p2a: Chien-Pao|move: Protect\n|\n|upkeep\n|\n|t:|1682286159\n|switch|p2b: Iron Valiant|Iron Valiant, L50, shiny|100\/100\n|-enditem|p2b: Iron Valiant|Booster Energy\n|-activate|p2b: Iron Valiant|ability: Quark Drive|[fromitem]\n|-start|p2b: Iron Valiant|quarkdrivespe\n|turn|4\n|\n|t:|1682286176\n|move|p1a: Iron Hands|Volt Switch|p2a: Chien-Pao\n|-damage|p2a: Chien-Pao|75\/100\n|\n|t:|1682286185\n|-end|p1a: Iron Hands|Quark Drive|[silent]\n|switch|p1a: Amoonguss|Amoonguss, L50, M, shiny|100\/100|[from] Volt Switch\n|move|p1b: Gyarados|Waterfall|p2a: Chien-Pao\n|-damage|p2a: Chien-Pao|30\/100\n|move|p2a: Chien-Pao|Icy Wind|p1a: Amoonguss|[spread] p1a,p1b\n|-supereffective|p1a: Amoonguss\n|-crit|p1a: Amoonguss\n|-damage|p1a: Amoonguss|68\/100\n|-damage|p1b: Gyarados|92\/100\n|-unboost|p1a: Amoonguss|spe|1\n|move|p2b: Iron Valiant|Dazzling Gleam|p1a: Amoonguss|[spread] p1a,p1b\n|-resisted|p1a: Amoonguss\n|-damage|p1a: Amoonguss|56\/100\n|-damage|p1b: Gyarados|72\/100\n|\n|upkeep\n|turn|5\n|inactive|Vikx_VGC has 30 seconds left.\n|\n|t:|1682286212\n|switch|p1b: Mimikyu|Mimikyu-Busted, L50, M, shiny|88\/100\n|move|p2a: Chien-Pao|Protect|p2a: Chien-Pao\n|-singleturn|p2a: Chien-Pao|Protect\n|move|p2b: Iron Valiant|Protect|p2b: Iron Valiant\n|-singleturn|p2b: Iron Valiant|Protect\n|move|p1a: Amoonguss|Spore|p2b: Iron Valiant\n|-activate|p2b: Iron Valiant|move: Protect\n|\n|-fieldend|move: Trick Room\n|upkeep\n|turn|6\n|\n|t:|1682286227\n|switch|p1a: Gyarados|Gyarados, L50, F, shiny|72\/100\n|-ability|p1a: Gyarados|Intimidate|boost\n|-unboost|p2a: Chien-Pao|atk|1\n|-unboost|p2b: Iron Valiant|atk|1\n|move|p2b: Iron Valiant|Psyshock|p1a: Gyarados\n|-damage|p1a: Gyarados|34\/100\n|move|p2a: Chien-Pao|Ice Spinner|p1b: Mimikyu\n|-damage|p1b: Mimikyu|56\/100\n|move|p1b: Mimikyu|Trick Room|p1b: Mimikyu\n|-fieldstart|move: Trick Room|[of] p1b: Mimikyu\n|\n|upkeep\n|turn|7\n|\n|t:|1682286243\n|move|p1b: Mimikyu|Shadow Sneak|p2a: Chien-Pao\n|-supereffective|p2a: Chien-Pao\n|-damage|p2a: Chien-Pao|0 fnt\n|faint|p2a: Chien-Pao\n|move|p1a: Gyarados|Taunt|p2b: Iron Valiant\n|-start|p2b: Iron Valiant|move: Taunt\n|move|p2b: Iron Valiant|Dazzling Gleam|p1b: Mimikyu|[spread] p1a,p1b\n|-damage|p1a: Gyarados|16\/100\n|-damage|p1b: Mimikyu|25\/100\n|\n|upkeep\n|\n|t:|1682286252\n|switch|p2a: Grimmsnarl|Grimmsnarl, L50, M|100\/100\n|turn|8\n|\n|t:|1682286261\n|switch|p1b: Amoonguss|Amoonguss, L50, M, shiny|90\/100\n|move|p2a: Grimmsnarl|Reflect|p2a: Grimmsnarl\n|-sidestart|p2: povee|Reflect\n|move|p1a: Gyarados|Taunt|p2a: Grimmsnarl\n|-start|p2a: Grimmsnarl|move: Taunt\n|move|p2b: Iron Valiant|Dazzling Gleam|p1a: Gyarados|[spread] p1a,p1b\n|-resisted|p1b: Amoonguss\n|-damage|p1a: Gyarados|0 fnt\n|-damage|p1b: Amoonguss|79\/100\n|faint|p1a: Gyarados\n|\n|upkeep\n|\n|t:|1682286272\n|switch|p1a: Mimikyu|Mimikyu-Busted, L50, M, shiny|25\/100\n|turn|9\n|\n|t:|1682286281\n|move|p1b: Amoonguss|Spore|p2a: Grimmsnarl\n|-status|p2a: Grimmsnarl|slp|[from] move: Spore\n|cant|p2a: Grimmsnarl|slp\n|move|p1a: Mimikyu|Play Rough|p2b: Iron Valiant|[miss]\n|-miss|p1a: Mimikyu|p2b: Iron Valiant\n|move|p2b: Iron Valiant|Psyshock|p1b: Amoonguss\n|-supereffective|p1b: Amoonguss\n|-damage|p1b: Amoonguss|34\/100\n|-enditem|p1b: Amoonguss|Sitrus Berry|[eat]\n|-heal|p1b: Amoonguss|59\/100|[from] item: Sitrus Berry\n|\n|-end|p2b: Iron Valiant|move: Taunt\n|upkeep\n|turn|10\n|\n|t:|1682286300\n|move|p2b: Iron Valiant|Protect|p2b: Iron Valiant\n|-singleturn|p2b: Iron Valiant|Protect\n|move|p1b: Amoonguss|Spore|p2b: Iron Valiant\n|-activate|p2b: Iron Valiant|move: Protect\n|cant|p2a: Grimmsnarl|slp\n|move|p1a: Mimikyu|Play Rough|p2b: Iron Valiant\n|-activate|p2b: Iron Valiant|move: Protect\n|\n|-fieldend|move: Trick Room\n|upkeep\n|turn|11\n|inactive|Vikx_VGC has 30 seconds left.\n|\n|t:|1682286327\n|move|p1b: Amoonguss|Rage Powder|p1b: Amoonguss\n|-singleturn|p1b: Amoonguss|move: Rage Powder\n|move|p2b: Iron Valiant|Dazzling Gleam|p1a: Mimikyu|[spread] p1a,p1b\n|-resisted|p1b: Amoonguss\n|-damage|p1a: Mimikyu|0 fnt\n|-damage|p1b: Amoonguss|48\/100\n|faint|p1a: Mimikyu\n|cant|p2a: Grimmsnarl|slp\n|\n|-end|p2a: Grimmsnarl|move: Taunt\n|upkeep\n|\n|t:|1682286333\n|switch|p1a: Iron Hands|Iron Hands, L50, shiny|100\/100\n|turn|12\n|\n|t:|1682286341\n|move|p1a: Iron Hands|Fake Out|p2b: Iron Valiant\n|-damage|p2b: Iron Valiant|89\/100\n|-curestatus|p2a: Grimmsnarl|slp|[msg]\n|move|p2a: Grimmsnarl|Reflect||[still]\n|-fail|p2a: Grimmsnarl\n|cant|p2b: Iron Valiant|flinch\n|move|p1b: Amoonguss|Spore|p2a: Grimmsnarl\n|-status|p2a: Grimmsnarl|slp|[from] move: Spore\n|\n|-sideend|p2: povee|Reflect\n|upkeep\n|turn|13\n|\n|t:|1682286363\n|-terastallize|p1a: Iron Hands|Fire\n|cant|p2a: Grimmsnarl|slp\n|move|p2b: Iron Valiant|Psyshock|p1b: Amoonguss\n|-supereffective|p1b: Amoonguss\n|-damage|p1b: Amoonguss|10\/100\n|move|p1a: Iron Hands|Wild Charge|p2b: Iron Valiant\n|-damage|p2b: Iron Valiant|37\/100\n|-damage|p1a: Iron Hands|93\/100|[from] Recoil\n|move|p1b: Amoonguss|Spore|p2b: Iron Valiant\n|-status|p2b: Iron Valiant|slp|[from] move: Spore\n|\n|upkeep\n|turn|14\n|inactive|Vikx_VGC has 30 seconds left.\n|l|\u2606povee\n|inactive|povee disconnected and has a minute to reconnect!\n|player|p2|\n|\n|t:|1682286390\n|cant|p2b: Iron Valiant|slp\n|cant|p2a: Grimmsnarl|slp\n|move|p1a: Iron Hands|Wild Charge|p2b: Iron Valiant\n|-damage|p2b: Iron Valiant|0 fnt\n|faint|p2b: Iron Valiant\n|-end|p2b: Iron Valiant|Quark Drive|[silent]\n|-damage|p1a: Iron Hands|87\/100|[from] Recoil\n|move|p1b: Amoonguss|Pollen Puff|p2a: Grimmsnarl\n|-damage|p2a: Grimmsnarl|84\/100 slp\n|\n|-heal|p2a: Grimmsnarl|90\/100 slp|[from] item: Leftovers\n|upkeep\n|turn|15\n|inactive|Vikx_VGC has 30 seconds left.\n|inactive|povee has 30 seconds left.\n|inactive|povee has 20 seconds left.\n|inactive|povee has 15 seconds left.\n|inactive|povee has 10 seconds left.\n|inactive|povee has 5 seconds left.\n|-message|povee lost due to inactivity.\n|\n|win|Vikx_VGC\n|raw|Vikx_VGC's rating: 1093 → 1114<\/strong> (+21 for winning)\n|raw|povee's rating: 1024 → 1013<\/strong> (-11 for losing)\n","uploadtime":1682286451,"views":9,"p1id":"vikxvgc","p2id":"povee","formatid":"gen9vgc2023regulationc","rating":1013,"private":0,"password":""}