{"id":"gen9vgc2023regulationc-1862331086","p1":"Mess in Distress","p2":"jchemmy","format":"[Gen 9] VGC 2023 Regulation C","log":"|j|\u2606Mess in Distress\n|j|\u2606jchemmy\n|t:|1683867098\n|gametype|doubles\n|player|p1|Mess in Distress|iono|1468\n|player|p2|jchemmy|brock|1417\n|teamsize|p1|6\n|teamsize|p2|6\n|gen|9\n|tier|[Gen 9] VGC 2023 Regulation C\n|rated|\n|rule|Species Clause: Limit one of each Pok\u00e9mon\n|rule|Item Clause: Limit one of each item\n|clearpoke\n|poke|p1|Dondozo, L50, F|\n|poke|p1|Tatsugiri-Droopy, L50, F|\n|poke|p1|Flutter Mane, L50|\n|poke|p1|Chi-Yu, L50|\n|poke|p1|Dragonite, L50, F|\n|poke|p1|Iron Hands, L50|\n|poke|p2|Flutter Mane, L50|\n|poke|p2|Ting-Lu, L50|\n|poke|p2|Baxcalibur, L50, F|\n|poke|p2|Palafin, L50, F|\n|poke|p2|Arcanine, L50, F|\n|poke|p2|Amoonguss, L50, F|\n|teampreview|4\n|inactive|Battle timer is ON: inactive players will automatically lose when time's up. (requested by jchemmy)\njchemmy has agreed to open team sheets.\n|j| pengwin694\n|\n|t:|1683867124\n|start\n|switch|p1a: Dondozo|Dondozo, L50, F, shiny|100\/100\n|switch|p1b: Flutter Mane|Flutter Mane, L50, shiny|100\/100\n|switch|p2a: Arcanine|Arcanine, L50, F|100\/100\n|switch|p2b: Ting-Lu|Ting-Lu, L50|100\/100\n|-ability|p2a: Arcanine|Intimidate|boost\n|-unboost|p1a: Dondozo|atk|1\n|-unboost|p1b: Flutter Mane|atk|1\n|-ability|p2b: Ting-Lu|Vessel of Ruin\n|turn|1\n|\n|t:|1683867148\n|-end|p1b: Flutter Mane|Protosynthesis|[silent]\n|switch|p1b: Tatsugiri|Tatsugiri-Droopy, L50, F, shiny|100\/100\n|-activate|p1b: Tatsugiri|ability: Commander|[of] p1a: Dondozo\n|-boost|p1a: Dondozo|atk|2\n|-boost|p1a: Dondozo|spa|2\n|-boost|p1a: Dondozo|spe|2\n|-boost|p1a: Dondozo|def|2\n|-boost|p1a: Dondozo|spd|2\n|switch|p2a: Amoonguss|Amoonguss, L50, F|100\/100\n|move|p1a: Dondozo|Earthquake|p2b: Ting-Lu|[spread] p2a,p2b\n|-miss|p1a: Dondozo|p1b: Tatsugiri\n|-damage|p2a: Amoonguss|72\/100\n|-damage|p2b: Ting-Lu|80\/100\n|move|p2b: Ting-Lu|Heavy Slam|p1b: Tatsugiri|[miss]\n|-miss|p2b: Ting-Lu|p1b: Tatsugiri\n|\n|upkeep\n|turn|2\n|\n|t:|1683867162\n|switch|p2b: Baxcalibur|Baxcalibur, L50, F|100\/100\n|-terastallize|p1a: Dondozo|Steel\n|move|p1a: Dondozo|Heavy Slam|p2a: Amoonguss\n|-damage|p2a: Amoonguss|0 fnt\n|faint|p2a: Amoonguss\n|\n|upkeep\n|\n|t:|1683867169\n|switch|p2a: Arcanine|Arcanine, L50, F|100\/100\n|-ability|p2a: Arcanine|Intimidate|boost\n|-unboost|p1a: Dondozo|atk|1\n|-unboost|p1b: Tatsugiri|atk|1\n|turn|3\n|\n|t:|1683867177\n|-terastallize|p2a: Arcanine|Flying\n|move|p2b: Baxcalibur|Protect|p2b: Baxcalibur\n|-singleturn|p2b: Baxcalibur|Protect\n|move|p2a: Arcanine|Will-O-Wisp|p1a: Dondozo\n|-status|p1a: Dondozo|brn\n|move|p1a: Dondozo|Wave Crash|p2a: Arcanine\n|-damage|p2a: Arcanine|71\/100\n|-damage|p1a: Dondozo|92\/100 brn|[from] Recoil\n|\n|-heal|p1a: Dondozo|98\/100 brn|[from] item: Leftovers\n|-damage|p1a: Dondozo|92\/100 brn|[from] brn\n|upkeep\n|turn|4\n|\n|t:|1683867190\n|switch|p2b: Ting-Lu|Ting-Lu, L50|80\/100\n|-ability|p2b: Ting-Lu|Vessel of Ruin\n|move|p2a: Arcanine|Howl|p2a: Arcanine|[spread] p2a,p2b\n|-boost|p2a: Arcanine|atk|1\n|-boost|p2b: Ting-Lu|atk|1\n|move|p1a: Dondozo|Yawn|p2b: Ting-Lu\n|-start|p2b: Ting-Lu|move: Yawn|[of] p1a: Dondozo\n|\n|-heal|p1a: Dondozo|98\/100 brn|[from] item: Leftovers\n|-damage|p1a: Dondozo|92\/100 brn|[from] brn\n|upkeep\n|turn|5\n|\n|t:|1683867205\n|move|p2a: Arcanine|Flare Blitz|p1a: Dondozo\n|-supereffective|p1a: Dondozo\n|-damage|p1a: Dondozo|59\/100 brn\n|-damage|p2a: Arcanine|58\/100|[from] Recoil\n|move|p1a: Dondozo|Wave Crash|p2b: Ting-Lu\n|-supereffective|p2b: Ting-Lu\n|-crit|p2b: Ting-Lu\n|-damage|p2b: Ting-Lu|26\/100\n|-damage|p1a: Dondozo|40\/100 brn|[from] Recoil\n|move|p2b: Ting-Lu|Stomping Tantrum|p1a: Dondozo\n|-supereffective|p1a: Dondozo\n|-damage|p1a: Dondozo|13\/100 brn\n|\n|-heal|p1a: Dondozo|19\/100 brn|[from] item: Leftovers\n|-damage|p1a: Dondozo|13\/100 brn|[from] brn\n|-end|p2b: Ting-Lu|move: Yawn|[silent]\n|-status|p2b: Ting-Lu|slp\n|upkeep\n|turn|6\n|inactive|Mess in Distress has 30 seconds left.\n|inactive|Mess in Distress has 20 seconds left.\n|j| GOSZPR\n|inactive|Mess in Distress has 15 seconds left.\n|\n|t:|1683867246\n|switch|p2b: Baxcalibur|Baxcalibur, L50, F|100\/100\n|move|p2a: Arcanine|Howl|p2a: Arcanine|[spread] p2a,p2b\n|-boost|p2a: Arcanine|atk|1\n|-boost|p2b: Baxcalibur|atk|1\n|move|p1a: Dondozo|Yawn|p2a: Arcanine\n|-start|p2a: Arcanine|move: Yawn|[of] p1a: Dondozo\n|\n|-heal|p1a: Dondozo|19\/100 brn|[from] item: Leftovers\n|-damage|p1a: Dondozo|13\/100 brn|[from] brn\n|upkeep\n|turn|7\n|\n|t:|1683867262\n|move|p2a: Arcanine|Flare Blitz|p1a: Dondozo\n|-supereffective|p1a: Dondozo\n|-damage|p1a: Dondozo|0 fnt\n|faint|p1a: Dondozo\n|-damage|p2a: Arcanine|53\/100|[from] Recoil\n|move|p2b: Baxcalibur|Glaive Rush|p1b: Tatsugiri\n|-supereffective|p1b: Tatsugiri\n|-enditem|p1b: Tatsugiri|Focus Sash\n|-damage|p1b: Tatsugiri|1\/100\n|-singlemove|p2b: Baxcalibur|Glaive Rush|[silent]\n|\n|-end|p2a: Arcanine|move: Yawn|[silent]\n|-status|p2a: Arcanine|slp\n|upkeep\n|\n|t:|1683867277\n|switch|p1a: Flutter Mane|Flutter Mane, L50, shiny|100\/100\n|turn|8\n|\n|t:|1683867286\n|move|p2b: Baxcalibur|Ice Shard|p1a: Flutter Mane\n|-damage|p1a: Flutter Mane|13\/100\n|move|p1a: Flutter Mane|Dazzling Gleam|p2a: Arcanine|[spread] p2a,p2b\n|-supereffective|p2b: Baxcalibur\n|-damage|p2a: Arcanine|15\/100 slp\n|-damage|p2b: Baxcalibur|21\/100\n|-damage|p1a: Flutter Mane|4\/100|[from] item: Life Orb\n|move|p1b: Tatsugiri|Muddy Water|p2b: Baxcalibur|[spread] p2b\n|-miss|p1b: Tatsugiri|p2a: Arcanine\n|-resisted|p2b: Baxcalibur\n|-damage|p2b: Baxcalibur|7\/100\n|cant|p2a: Arcanine|slp\n|\n|upkeep\n|turn|9\n|inactive|jchemmy has 30 seconds left.\n|\n|t:|1683867312\n|-end|p1a: Flutter Mane|Protosynthesis|[silent]\n|switch|p1a: Chi-Yu|Chi-Yu, L50|100\/100\n|-ability|p1a: Chi-Yu|Beads of Ruin\n|-curestatus|p2a: Arcanine|slp|[msg]\n|move|p2a: Arcanine|Protect|p2a: Arcanine\n|-singleturn|p2a: Arcanine|Protect\n|move|p2b: Baxcalibur|Ice Shard|p1b: Tatsugiri\n|-damage|p1b: Tatsugiri|0 fnt\n|faint|p1b: Tatsugiri\n|\n|upkeep\n|\n|t:|1683867321\n|switch|p1b: Flutter Mane|Flutter Mane, L50, shiny|4\/100\n|turn|10\n|\n|t:|1683867330\n|move|p1b: Flutter Mane|Protect|p1b: Flutter Mane\n|-singleturn|p1b: Flutter Mane|Protect\n|move|p2b: Baxcalibur|Ice Shard|p1b: Flutter Mane\n|-activate|p1b: Flutter Mane|move: Protect\n|move|p1a: Chi-Yu|Heat Wave|p2b: Baxcalibur|[spread] p2a\n|-miss|p1a: Chi-Yu|p2b: Baxcalibur\n|-damage|p2a: Arcanine|0 fnt\n|faint|p2a: Arcanine\n|\n|upkeep\n|\n|t:|1683867333\n|switch|p2a: Ting-Lu|Ting-Lu, L50|26\/100 slp\n|-ability|p2a: Ting-Lu|Vessel of Ruin\n|turn|11\n|\n|t:|1683867341\n|move|p2b: Baxcalibur|Ice Shard|p1b: Flutter Mane\n|-damage|p1b: Flutter Mane|0 fnt\n|faint|p1b: Flutter Mane\n|-end|p1b: Flutter Mane|Protosynthesis|[silent]\n|move|p1a: Chi-Yu|Heat Wave|p2b: Baxcalibur|[spread] p2a,p2b\n|-damage|p2a: Ting-Lu|6\/100 slp\n|-damage|p2b: Baxcalibur|0 fnt\n|faint|p2b: Baxcalibur\n|cant|p2a: Ting-Lu|slp\n|\n|upkeep\n|turn|12\n|\n|t:|1683867347\n|move|p1a: Chi-Yu|Heat Wave|p2a: Ting-Lu\n|-damage|p2a: Ting-Lu|0 fnt\n|faint|p2a: Ting-Lu\n|\n|win|Mess in Distress\n|raw|Mess in Distress's rating: 1468 → 1485<\/strong> (+17 for winning)\n|raw|jchemmy's rating: 1417 → 1400<\/strong> (-17 for losing)\n|c|\u2606jchemmy|gg\n","uploadtime":1683867353,"views":21,"p1id":"messindistress","p2id":"jchemmy","formatid":"gen9vgc2023regulationc","rating":1400,"private":0,"password":""}