{"id":"gen9vgc2023regulationc-1849915855","p1":"KCXII","p2":"FuratBang","format":"[Gen 9] VGC 2023 Regulation C","log":"|j|\u2606KCXII\n|j|\u2606FuratBang\n|t:|1682267740\n|gametype|doubles\n|player|p1|KCXII|plasmagrunt|\n|player|p2|FuratBang|crasherwake|\n|teamsize|p1|6\n|teamsize|p2|6\n|gen|9\n|tier|[Gen 9] VGC 2023 Regulation C\n|rule|Species Clause: Limit one of each Pok\u00e9mon\n|rule|Item Clause: Limit one of each item\n|clearpoke\n|poke|p1|Indeedee-F, L50, F|\n|poke|p1|Armarouge, L50, M|\n|poke|p1|Misdreavus, L50, F|\n|poke|p1|Dragapult, L50, M|\n|poke|p1|Tinkaton, L50, F|\n|poke|p1|Mudsdale, L50, F|\n|poke|p2|Iron Hands, L50|\n|poke|p2|Tauros-Paldea-Blaze, L50, M|\n|poke|p2|Rotom-Wash, L50|\n|poke|p2|Mimikyu, L50, F|\n|poke|p2|Zoroark, L50, M|\n|poke|p2|Goodra, L50, M|\n|teampreview|4\n|c|\u2606KCXII|G2\n|l|\u2606KCXII\n|player|p1|\n|j|\u2606KCXII\n|player|p1|KCXII|plasmagrunt\n|j| PurpleStyle\n|j| sucabaVGC\n|j| Heaven64\n|j| BBRAFF\n|c|\u2606KCXII|good luck and have fun!\n|c|\u2606FuratBang|glhf\n|j| Jstardude\n|l| Jstardude\n|\n|t:|1682268675\n|start\n|switch|p1a: Armarouge|Armarouge, L50, M|100\/100\n|switch|p1b: Indeedee|Indeedee-F, L50, F|100\/100\n|switch|p2a: Mimikyu|Mimikyu, L50, F|100\/100\n|switch|p2b: Goodra|Goodra, L50, M|100\/100\n|-fieldstart|move: Psychic Terrain|[from] ability: Psychic Surge|[of] p1b: Indeedee\n|turn|1\n|\n|t:|1682268718\n|move|p1a: Armarouge|Protect|p1a: Armarouge\n|-singleturn|p1a: Armarouge|Protect\n|move|p2b: Goodra|Snarl|p1b: Indeedee|[spread] p1b\n|-activate|p1a: Armarouge|move: Protect\n|-supereffective|p1b: Indeedee\n|-damage|p1b: Indeedee|69\/100\n|-unboost|p1b: Indeedee|spa|1\n|move|p2a: Mimikyu|Play Rough|p1b: Indeedee\n|-damage|p1b: Indeedee|4\/100\n|-damage|p2a: Mimikyu|91\/100|[from] item: Life Orb\n|move|p1b: Indeedee|Dazzling Gleam|p2b: Goodra|[spread] p2a,p2b\n|-supereffective|p2b: Goodra\n|-activate|p2a: Mimikyu|ability: Disguise\n|-damage|p2a: Mimikyu|91\/100\n|-damage|p2b: Goodra|62\/100\n|replace|p2b: Zoroark|Zoroark, L50, M\n|-end|p2b: Zoroark|Illusion\n|detailschange|p2a: Mimikyu|Mimikyu-Busted, L50, F\n|-damage|p2a: Mimikyu|78\/100|[from] pokemon: Mimikyu-Busted\n|\n|upkeep\n|turn|2\n|\n|t:|1682268808\n|-terastallize|p1a: Armarouge|Fairy\n|move|p1b: Indeedee|Protect|p1b: Indeedee\n|-singleturn|p1b: Indeedee|Protect\n|move|p2b: Zoroark|Snarl|p1a: Armarouge|[spread] p1a\n|-activate|p1b: Indeedee|move: Protect\n|-resisted|p1a: Armarouge\n|-damage|p1a: Armarouge|90\/100\n|move|p2a: Mimikyu|Shadow Claw|p1a: Armarouge\n|-damage|p1a: Armarouge|52\/100\n|-damage|p2a: Mimikyu|68\/100|[from] item: Life Orb\n|move|p1a: Armarouge|Tera Blast|p2b: Zoroark\n|-supereffective|p2b: Zoroark\n|-damage|p2b: Zoroark|0 fnt\n|faint|p2b: Zoroark\n|\n|upkeep\n|\n|t:|1682268841\n|switch|p2b: Goodra|Goodra, L50, M|100\/100\n|turn|3\n|\n|t:|1682268886\n|move|p1b: Indeedee|Follow Me|p1b: Indeedee\n|-singleturn|p1b: Indeedee|move: Follow Me\n|move|p2a: Mimikyu|Play Rough|p1b: Indeedee\n|-damage|p1b: Indeedee|0 fnt\n|faint|p1b: Indeedee\n|-damage|p2a: Mimikyu|59\/100|[from] item: Life Orb\n|move|p2b: Goodra|Thunderbolt|p1a: Armarouge\n|-damage|p1a: Armarouge|20\/100\n|move|p1a: Armarouge|Expanding Force|p2b: Goodra|[spread] p2a,p2b\n|-damage|p2a: Mimikyu|0 fnt\n|-damage|p2b: Goodra|55\/100\n|faint|p2a: Mimikyu\n|\n|-heal|p2b: Goodra|62\/100|[from] item: Leftovers\n|upkeep\n|\n|t:|1682268899\n|switch|p2a: Rotom|Rotom-Wash, L50|100\/100\n|switch|p1b: Misdreavus|Misdreavus, L50, F|100\/100\n|turn|4\n|\n|t:|1682268931\n|move|p1a: Armarouge|Protect|p1a: Armarouge\n|-singleturn|p1a: Armarouge|Protect\n|move|p2a: Rotom|Dark Pulse|p1b: Misdreavus\n|-supereffective|p1b: Misdreavus\n|-damage|p1b: Misdreavus|57\/100\n|move|p1b: Misdreavus|Perish Song|p1b: Misdreavus\n|-start|p1a: Armarouge|perish3|[silent]\n|-start|p1b: Misdreavus|perish3|[silent]\n|-start|p2a: Rotom|perish3|[silent]\n|-start|p2b: Goodra|perish3|[silent]\n|-fieldactivate|move: Perish Song\n|move|p2b: Goodra|Thunderbolt|p1a: Armarouge\n|-activate|p1a: Armarouge|move: Protect\n|\n|-heal|p2b: Goodra|68\/100|[from] item: Leftovers\n|-start|p2a: Rotom|perish3\n|-start|p1b: Misdreavus|perish3\n|-start|p2b: Goodra|perish3\n|-start|p1a: Armarouge|perish3\n|upkeep\n|turn|5\n|\n|t:|1682268974\n|-terastallize|p2a: Rotom|Electric\n|move|p2a: Rotom|Thunderbolt|p1b: Misdreavus\n|-damage|p1b: Misdreavus|13\/100\n|-status|p1b: Misdreavus|par\n|move|p2b: Goodra|Thunderbolt|p1a: Armarouge\n|-damage|p1a: Armarouge|0 fnt\n|faint|p1a: Armarouge\n|cant|p1b: Misdreavus|par\n|\n|-heal|p2b: Goodra|74\/100|[from] item: Leftovers\n|-start|p2a: Rotom|perish2\n|-start|p2b: Goodra|perish2\n|-start|p1b: Misdreavus|perish2\n|-fieldend|move: Psychic Terrain\n|upkeep\n|\n|t:|1682268988\n|switch|p1a: Mudsdale|Mudsdale, L50, F|100\/100\n|turn|6\n|\n|t:|1682269022\n|move|p1a: Mudsdale|Protect|p1a: Mudsdale\n|-singleturn|p1a: Mudsdale|Protect\n|move|p2a: Rotom|Hydro Pump|p1a: Mudsdale\n|-activate|p1a: Mudsdale|move: Protect\n|move|p2b: Goodra|Thunderbolt|p1b: Misdreavus\n|-damage|p1b: Misdreavus|0 fnt\n|faint|p1b: Misdreavus\n|\n|-heal|p2b: Goodra|80\/100|[from] item: Leftovers\n|-start|p2a: Rotom|perish1\n|-start|p2b: Goodra|perish1\n|upkeep\n|turn|7\n|\n|t:|1682269086\n|move|p1a: Mudsdale|Protect||[still]\n|-fail|p1a: Mudsdale\n|move|p2a: Rotom|Hydro Pump|p1a: Mudsdale|[miss]\n|-miss|p2a: Rotom|p1a: Mudsdale\n|move|p2b: Goodra|Draco Meteor|p1a: Mudsdale\n|-damage|p1a: Mudsdale|30\/100\n|-unboost|p2b: Goodra|spa|2\n|-ability|p1a: Mudsdale|Stamina|boost\n|-boost|p1a: Mudsdale|def|1\n|\n|-heal|p2b: Goodra|87\/100|[from] item: Leftovers\n|-heal|p1a: Mudsdale|36\/100|[from] item: Leftovers\n|-start|p2a: Rotom|perish0\n|-start|p2b: Goodra|perish0\n|upkeep\n|faint|p2a: Rotom\n|faint|p2b: Goodra\n|\n|win|KCXII\n|c|\u2606FuratBang|this sucks\n|c| Heaven64|sad\n|c|\u2606KCXII|gg\n","uploadtime":1682269102,"views":29,"p1id":"kcxii","p2id":"furatbang","formatid":"gen9vgc2023regulationc","rating":0,"private":0,"password":""}