{"id":"gen9vgc2023regulationc-1852374937","p1":"anshar_training","p2":"Gary Dagenais","format":"[Gen 9] VGC 2023 Regulation C","log":"|j|\u2606anshar_training\n|j|\u2606Gary Dagenais\n|t:|1682549844\n|gametype|doubles\n|player|p1|anshar_training|colress|1050\n|player|p2|Gary Dagenais|169|1019\n|teamsize|p1|6\n|teamsize|p2|6\n|gen|9\n|tier|[Gen 9] VGC 2023 Regulation C\n|rated|\n|rule|Species Clause: Limit one of each Pok\u00e9mon\n|rule|Item Clause: Limit one of each item\n|clearpoke\n|poke|p1|Palafin, L50, F|\n|poke|p1|Flutter Mane, L50|\n|poke|p1|Arcanine, L50, M|\n|poke|p1|Amoonguss, L50, F|\n|poke|p1|Ting-Lu, L50|\n|poke|p1|Roaring Moon, L50|\n|poke|p2|Palafin, L50, M|\n|poke|p2|Orthworm, L50, M|\n|poke|p2|Arcanine, L50, F|\n|poke|p2|Wo-Chien, L50|\n|poke|p2|Talonflame, L50, M|\n|poke|p2|Flutter Mane, L50|\n|teampreview|4\n|inactive|Battle timer is ON: inactive players will automatically lose when time's up. (requested by Gary Dagenais)\n|inactive|anshar_training has 60 seconds left.\n|\n|t:|1682549882\n|start\n|switch|p1a: PlusUltra|Palafin, L50, F|100\/100\n|switch|p1b: Apolo|Arcanine, L50, M|100\/100\n|switch|p2a: Palafin|Palafin, L50, M|100\/100\n|switch|p2b: Orthworm|Orthworm, L50, M|100\/100\n|-ability|p1b: Apolo|Intimidate|boost\n|-unboost|p2a: Palafin|atk|1\n|-unboost|p2b: Orthworm|atk|1\n|turn|1\n|inactive|anshar_training has 30 seconds left.\n|\n|t:|1682549913\n|detailschange|p1a: PlusUltra|Palafin-Hero, L50, F\n|switch|p1a: Good Soup|Ting-Lu, L50|100\/100\n|-ability|p1a: Good Soup|Vessel of Ruin\n|-terastallize|p1b: Apolo|Grass\n|move|p2a: Palafin|Flip Turn|p1a: Good Soup\n|-supereffective|p1a: Good Soup\n|-damage|p1a: Good Soup|80\/100\n|\n|t:|1682549924\n|detailschange|p2a: Palafin|Palafin-Hero, L50, M\n|switch|p2a: Talonflame|Talonflame, L50, M|100\/100|[from] Flip Turn\n|move|p1b: Apolo|Flare Blitz|p2b: Orthworm\n|-supereffective|p2b: Orthworm\n|-damage|p2b: Orthworm|10\/100\n|-enditem|p2b: Orthworm|Sitrus Berry|[eat]\n|-heal|p2b: Orthworm|35\/100|[from] item: Sitrus Berry\n|-damage|p1b: Apolo|78\/100|[from] Recoil\n|move|p2b: Orthworm|Shed Tail|p2b: Orthworm\n|-fail|p2b: Orthworm|move: Shed Tail|[weak]\n|\n|upkeep\n|turn|2\n|\n|t:|1682549946\n|switch|p1a: Cornelia|Flutter Mane, L50|100\/100\n|move|p1b: Apolo|Extreme Speed|p2b: Orthworm\n|-resisted|p2b: Orthworm\n|-damage|p2b: Orthworm|24\/100\n|move|p2a: Talonflame|Tailwind|p2a: Talonflame\n|-sidestart|p2: Gary Dagenais|move: Tailwind\n|move|p2b: Orthworm|Earthquake|p1b: Apolo|[spread] p1a,p1b\n|-immune|p2a: Talonflame\n|-resisted|p1b: Apolo\n|-crit|p1b: Apolo\n|-damage|p1a: Cornelia|79\/100\n|-damage|p1b: Apolo|63\/100\n|\n|upkeep\n|turn|3\n|inactive|Gary Dagenais has 30 seconds left.\n|\n|t:|1682549972\n|move|p2a: Talonflame|Brave Bird|p1b: Apolo\n|-supereffective|p1b: Apolo\n|-damage|p1b: Apolo|0 fnt\n|faint|p1b: Apolo\n|-damage|p2a: Talonflame|74\/100|[from] Recoil\n|move|p2b: Orthworm|Iron Head|p1a: Cornelia\n|-supereffective|p1a: Cornelia\n|-damage|p1a: Cornelia|6\/100\n|cant|p1a: Cornelia|flinch\n|\n|upkeep\n|\n|t:|1682549983\n|switch|p1b: PlusUltra|Palafin-Hero, L50, F|100\/100\n|-activate|p1b: PlusUltra|ability: Zero to Hero\n|turn|4\n|\n|t:|1682549997\n|move|p2a: Talonflame|Quick Guard|p2a: Talonflame\n|-singleturn|p2a: Talonflame|Quick Guard\n|move|p1b: PlusUltra|Jet Punch|p2b: Orthworm\n|-activate|p2b: Orthworm|move: Quick Guard\n|move|p2b: Orthworm|Earthquake|p1a: Cornelia|[spread] p1a,p1b\n|-immune|p2a: Talonflame\n|-damage|p1a: Cornelia|0 fnt\n|-damage|p1b: PlusUltra|88\/100\n|faint|p1a: Cornelia\n|-end|p1a: Cornelia|Protosynthesis|[silent]\n|\n|upkeep\n|\n|t:|1682550010\n|switch|p1a: Good Soup|Ting-Lu, L50|80\/100\n|-ability|p1a: Good Soup|Vessel of Ruin\n|turn|5\n|\n|t:|1682550023\n|move|p1b: PlusUltra|Jet Punch|p2b: Orthworm\n|-damage|p2b: Orthworm|0 fnt\n|faint|p2b: Orthworm\n|move|p2a: Talonflame|Brave Bird|p1b: PlusUltra\n|-damage|p1b: PlusUltra|37\/100\n|-damage|p2a: Talonflame|52\/100|[from] Recoil\n|move|p1a: Good Soup|Heavy Slam|p2a: Talonflame\n|-resisted|p2a: Talonflame\n|-damage|p2a: Talonflame|26\/100\n|\n|-sideend|p2: Gary Dagenais|move: Tailwind\n|upkeep\n|\n|t:|1682550034\n|switch|p2b: Palafin|Palafin-Hero, L50, M|100\/100\n|-activate|p2b: Palafin|ability: Zero to Hero\n|turn|6\n|\n|t:|1682550051\n|-terastallize|p2b: Palafin|Water\n|move|p2a: Talonflame|Quick Guard|p2a: Talonflame\n|-singleturn|p2a: Talonflame|Quick Guard\n|move|p1b: PlusUltra|Jet Punch|p2a: Talonflame\n|-activate|p2a: Talonflame|move: Quick Guard\n|move|p2b: Palafin|Wave Crash|p1b: PlusUltra\n|-resisted|p1b: PlusUltra\n|-damage|p1b: PlusUltra|0 fnt\n|faint|p1b: PlusUltra\n|-damage|p2b: Palafin|87\/100|[from] Recoil\n|move|p1a: Good Soup|Stomping Tantrum|p2b: Palafin\n|-damage|p2b: Palafin|53\/100\n|\n|upkeep\n|turn|7\n|\n|t:|1682550069\n|move|p2a: Talonflame|Brave Bird|p1a: Good Soup\n|-crit|p1a: Good Soup\n|-damage|p1a: Good Soup|34\/100\n|-damage|p2a: Talonflame|2\/100|[from] Recoil\n|move|p2b: Palafin|Drain Punch|p1a: Good Soup\n|-supereffective|p1a: Good Soup\n|-damage|p1a: Good Soup|0 fnt\n|-heal|p2b: Palafin|75\/100|[from] drain|[of] p1a: Good Soup\n|faint|p1a: Good Soup\n|\n|win|Gary Dagenais\n|raw|anshar_training's rating: 1050 → 1031<\/strong> (-19 for losing)\n|raw|Gary Dagenais's rating: 1019 → 1059<\/strong> (+40 for winning)\n","uploadtime":1682550082,"views":9,"p1id":"anshartraining","p2id":"garydagenais","formatid":"gen9vgc2023regulationc","rating":1031,"private":0,"password":""}