{"id":"gen9vgc2023regulationc-1847566065","p1":"Post GC2 testing","p2":"SmeargleMyBeloved","format":"[Gen 9] VGC 2023 Regulation C","log":"|j|\u2606Post GC2 testing\n|j|\u2606SmeargleMyBeloved\n|t:|1681974539\n|gametype|doubles\n|player|p1|Post GC2 testing|colress|1117\n|player|p2|SmeargleMyBeloved|265|1125\n|teamsize|p1|6\n|teamsize|p2|6\n|gen|9\n|tier|[Gen 9] VGC 2023 Regulation C\n|rated|\n|rule|Species Clause: Limit one of each Pok\u00e9mon\n|rule|Item Clause: Limit one of each item\n|clearpoke\n|poke|p1|Orthworm, L50, F|\n|poke|p1|Dragonite, L50, M|\n|poke|p1|Ting-Lu, L50|\n|poke|p1|Gyarados, L50, M|\n|poke|p1|Flutter Mane, L50|\n|poke|p1|Chien-Pao, L50|\n|poke|p2|Annihilape, L50, M|\n|poke|p2|Maushold, L50|\n|poke|p2|Iron Bundle, L50|\n|poke|p2|Arcanine, L50, M|\n|poke|p2|Gholdengo, L50|\n|poke|p2|Dragonite, L50, M|\n|teampreview|4\nSmeargleMyBeloved has agreed to open team sheets.\n|\n|t:|1681974574\n|start\n|switch|p1a: Orthworm|Orthworm, L50, F|100\/100\n|switch|p1b: Ting-Lu|Ting-Lu, L50|100\/100\n|switch|p2a: BananaCream Pie|Annihilape, L50, M|100\/100\n|switch|p2b: Blueberry Pie|Iron Bundle, L50|100\/100\n|-ability|p1b: Ting-Lu|Vessel of Ruin\n|-enditem|p2b: Blueberry Pie|Booster Energy\n|-activate|p2b: Blueberry Pie|ability: Quark Drive|[fromitem]\n|-start|p2b: Blueberry Pie|quarkdrivespe\n|turn|1\n|\n|t:|1681974588\n|move|p2b: Blueberry Pie|Hydro Pump|p1a: Orthworm\n|-damage|p1a: Orthworm|55\/100\n|move|p2a: BananaCream Pie|Bulk Up|p2a: BananaCream Pie\n|-boost|p2a: BananaCream Pie|atk|1\n|-boost|p2a: BananaCream Pie|def|1\n|move|p1b: Ting-Lu|Earthquake|p2b: Blueberry Pie|[spread] p2a,p2b\n|-heal|p1a: Orthworm|80\/100|[from] ability: Earth Eater|[of] p1b: Ting-Lu\n|-damage|p2a: BananaCream Pie|70\/100\n|-damage|p2b: Blueberry Pie|44\/100\n|move|p1a: Orthworm|Iron Defense|p1a: Orthworm\n|-boost|p1a: Orthworm|def|2\n|\n|upkeep\n|turn|2\n|\n|t:|1681974618\n|move|p2b: Blueberry Pie|Protect|p2b: Blueberry Pie\n|-singleturn|p2b: Blueberry Pie|Protect\n|move|p2a: BananaCream Pie|Bulk Up|p2a: BananaCream Pie\n|-boost|p2a: BananaCream Pie|atk|1\n|-boost|p2a: BananaCream Pie|def|1\n|move|p1b: Ting-Lu|Earthquake|p2a: BananaCream Pie|[spread] p2a\n|-activate|p2b: Blueberry Pie|move: Protect\n|-heal|p1a: Orthworm|100\/100|[from] ability: Earth Eater|[of] p1b: Ting-Lu\n|-damage|p2a: BananaCream Pie|46\/100\n|-enditem|p2a: BananaCream Pie|Sitrus Berry|[eat]\n|-heal|p2a: BananaCream Pie|71\/100|[from] item: Sitrus Berry\n|move|p1a: Orthworm|Shed Tail|p1a: Orthworm\n|-start|p1a: Orthworm|Substitute|[from] move: Shed Tail\n|-damage|p1a: Orthworm|50\/100\n|-enditem|p1a: Orthworm|Sitrus Berry|[eat]\n|-heal|p1a: Orthworm|75\/100|[from] item: Sitrus Berry\n|\n|t:|1681974628\n|switch|p1a: Flutter Mane|Flutter Mane, L50|100\/100|[from] Shed Tail\n|\n|upkeep\n|turn|3\n|\n|t:|1681974639\n|switch|p1b: Orthworm|Orthworm, L50, F|75\/100\n|-terastallize|p1a: Flutter Mane|Fairy\n|-terastallize|p2a: BananaCream Pie|Water\n|move|p2b: Blueberry Pie|Icy Wind|p1a: Flutter Mane|[spread] p1a,p1b\n|-activate|p1a: Flutter Mane|move: Substitute|[damage]\n|-resisted|p1b: Orthworm\n|-damage|p1b: Orthworm|66\/100\n|-unboost|p1b: Orthworm|spe|1\n|move|p1a: Flutter Mane|Dazzling Gleam|p2a: BananaCream Pie|[spread] p2a,p2b\n|-damage|p2a: BananaCream Pie|19\/100\n|-damage|p2b: Blueberry Pie|0 fnt\n|faint|p2b: Blueberry Pie\n|-end|p2b: Blueberry Pie|Quark Drive|[silent]\n|move|p2a: BananaCream Pie|Drain Punch|p1b: Orthworm\n|-supereffective|p1b: Orthworm\n|-damage|p1b: Orthworm|0 fnt\n|-heal|p2a: BananaCream Pie|46\/100|[from] drain|[of] p1b: Orthworm\n|faint|p1b: Orthworm\n|\n|upkeep\n|\n|t:|1681974660\n|switch|p2b: Pumpkin Pie|Arcanine, L50, M|100\/100\n|switch|p1b: Ting-Lu|Ting-Lu, L50|100\/100\n|-ability|p2b: Pumpkin Pie|Intimidate|boost\n|-immune|p1a: Flutter Mane\n|-unboost|p1b: Ting-Lu|atk|1\n|-ability|p1b: Ting-Lu|Vessel of Ruin\n|turn|4\n|\n|t:|1681974666\n|switch|p1b: Gyarados|Gyarados, L50, M|100\/100\n|-ability|p1b: Gyarados|Intimidate|boost\n|-unboost|p2a: BananaCream Pie|atk|1\n|-ability|p2a: BananaCream Pie|Defiant|boost\n|-boost|p2a: BananaCream Pie|atk|2\n|-unboost|p2b: Pumpkin Pie|atk|1\n|move|p2a: BananaCream Pie|Protect|p2a: BananaCream Pie\n|-singleturn|p2a: BananaCream Pie|Protect\n|move|p1a: Flutter Mane|Dazzling Gleam|p2b: Pumpkin Pie|[spread] p2b\n|-activate|p2a: BananaCream Pie|move: Protect\n|-resisted|p2b: Pumpkin Pie\n|-damage|p2b: Pumpkin Pie|67\/100\n|move|p2b: Pumpkin Pie|Snarl|p1a: Flutter Mane|[spread] p1a,p1b\n|-resisted|p1a: Flutter Mane\n|-damage|p1a: Flutter Mane|96\/100\n|-damage|p1b: Gyarados|94\/100\n|-unboost|p1a: Flutter Mane|spa|1\n|-unboost|p1b: Gyarados|spa|1\n|\n|upkeep\n|turn|5\n|\n|t:|1681974697\n|move|p1a: Flutter Mane|Dazzling Gleam|p2a: BananaCream Pie|[spread] p2a,p2b\n|-resisted|p2b: Pumpkin Pie\n|-damage|p2a: BananaCream Pie|12\/100\n|-damage|p2b: Pumpkin Pie|47\/100\n|move|p2b: Pumpkin Pie|Flare Blitz|p1a: Flutter Mane\n|-end|p1a: Flutter Mane|Substitute\n|-damage|p2b: Pumpkin Pie|44\/100|[from] Recoil|[of] p1a: Flutter Mane\n|move|p2a: BananaCream Pie|Rage Fist|p1b: Gyarados\n|-damage|p1b: Gyarados|0 fnt\n|faint|p1b: Gyarados\n|\n|upkeep\n|\n|t:|1681974705\n|switch|p1b: Ting-Lu|Ting-Lu, L50|100\/100\n|-ability|p1b: Ting-Lu|Vessel of Ruin\n|turn|6\n|\n|t:|1681974716\n|move|p2a: BananaCream Pie|Protect|p2a: BananaCream Pie\n|-singleturn|p2a: BananaCream Pie|Protect\n|move|p1a: Flutter Mane|Dazzling Gleam|p2b: Pumpkin Pie|[spread] p2b\n|-activate|p2a: BananaCream Pie|move: Protect\n|-resisted|p2b: Pumpkin Pie\n|-damage|p2b: Pumpkin Pie|26\/100\n|move|p2b: Pumpkin Pie|Flare Blitz|p1a: Flutter Mane\n|-damage|p1a: Flutter Mane|40\/100\n|-status|p1a: Flutter Mane|brn\n|-damage|p2b: Pumpkin Pie|11\/100|[from] Recoil\n|-enditem|p2b: Pumpkin Pie|Mago Berry|[eat]\n|-heal|p2b: Pumpkin Pie|44\/100|[from] item: Mago Berry\n|move|p1b: Ting-Lu|Rock Slide|p2a: BananaCream Pie|[spread] \n|-activate|p2a: BananaCream Pie|move: Protect\n|-miss|p1b: Ting-Lu|p2b: Pumpkin Pie\n|\n|-damage|p1a: Flutter Mane|34\/100 brn|[from] brn\n|upkeep\n|turn|7\n|\n|t:|1681974737\n|move|p2b: Pumpkin Pie|Protect|p2b: Pumpkin Pie\n|-singleturn|p2b: Pumpkin Pie|Protect\n|move|p1a: Flutter Mane|Dazzling Gleam|p2a: BananaCream Pie|[spread] p2a\n|-activate|p2b: Pumpkin Pie|move: Protect\n|-damage|p2a: BananaCream Pie|0 fnt\n|faint|p2a: BananaCream Pie\n|move|p1b: Ting-Lu|Rock Slide|p2b: Pumpkin Pie\n|-activate|p2b: Pumpkin Pie|move: Protect\n|\n|-damage|p1a: Flutter Mane|28\/100 brn|[from] brn\n|upkeep\n|\n|t:|1681974741\n|switch|p2a: Pecan Pie|Dragonite, L50, M|100\/100\n|turn|8\n|\n|t:|1681974751\n|move|p2a: Pecan Pie|Extreme Speed|p1a: Flutter Mane\n|-damage|p1a: Flutter Mane|0 fnt\n|faint|p1a: Flutter Mane\n|-end|p1a: Flutter Mane|Protosynthesis|[silent]\n|move|p2b: Pumpkin Pie|Will-O-Wisp|p1b: Ting-Lu\n|-status|p1b: Ting-Lu|brn\n|move|p1b: Ting-Lu|Rock Slide|p2b: Pumpkin Pie|[spread] p2a,p2b\n|-supereffective|p2a: Pecan Pie\n|-supereffective|p2b: Pumpkin Pie\n|-damage|p2a: Pecan Pie|88\/100\n|-damage|p2b: Pumpkin Pie|16\/100\n|\n|-damage|p1b: Ting-Lu|94\/100 brn|[from] brn\n|upkeep\n|turn|9\n|\n|t:|1681974764\n|move|p2b: Pumpkin Pie|Flare Blitz|p1b: Ting-Lu\n|-damage|p1b: Ting-Lu|72\/100 brn\n|-damage|p2b: Pumpkin Pie|6\/100|[from] Recoil\n|move|p2a: Pecan Pie|Low Kick|p1b: Ting-Lu\n|-supereffective|p1b: Ting-Lu\n|-damage|p1b: Ting-Lu|13\/100 brn\n|move|p1b: Ting-Lu|Rock Slide|p2a: Pecan Pie|[spread] p2a,p2b\n|-supereffective|p2a: Pecan Pie\n|-supereffective|p2b: Pumpkin Pie\n|-damage|p2a: Pecan Pie|62\/100\n|-damage|p2b: Pumpkin Pie|0 fnt\n|faint|p2b: Pumpkin Pie\n|\n|-damage|p1b: Ting-Lu|7\/100 brn|[from] brn\n|upkeep\n|turn|10\n|-message|Post GC2 testing forfeited.\n|\n|win|SmeargleMyBeloved\n|raw|Post GC2 testing's rating: 1117 → 1093<\/strong> (-24 for losing)\n|raw|SmeargleMyBeloved's rating: 1125 → 1149<\/strong> (+24 for winning)\n|l|\u2606Post GC2 testing\n","uploadtime":1681974775,"views":13,"p1id":"postgc2testing","p2id":"smearglemybeloved","formatid":"gen9vgc2023regulationc","rating":1093,"private":0,"password":""}