{"id":"gen9vgc2023regulationc-1851170369","p1":"Auguman","p2":"Rhyfinn20","format":"[Gen 9] VGC 2023 Regulation C","log":"|j|\u2606Auguman\n|j|\u2606Rhyfinn20\n|t:|1682420366\n|gametype|doubles\n|player|p1|Auguman|266|1018\n|player|p2|Rhyfinn20|ninjaboy|1028\n|teamsize|p1|6\n|teamsize|p2|6\n|gen|9\n|tier|[Gen 9] VGC 2023 Regulation C\n|rated|\n|rule|Species Clause: Limit one of each Pok\u00e9mon\n|rule|Item Clause: Limit one of each item\n|clearpoke\n|poke|p1|Ting-Lu, L50|\n|poke|p1|Arcanine, L50, M|\n|poke|p1|Roaring Moon, L50|\n|poke|p1|Amoonguss, L50, F|\n|poke|p1|Gastrodon, L50, F|\n|poke|p1|Grimmsnarl, L50, M|\n|poke|p2|Flutter Mane, L50|\n|poke|p2|Chi-Yu, L50|\n|poke|p2|Annihilape, L50, M|\n|poke|p2|Murkrow, L50, M|\n|poke|p2|Arcanine, L50, F|\n|poke|p2|Amoonguss, L50, F|\n|teampreview|4\n|inactive|Battle timer is ON: inactive players will automatically lose when time's up. (requested by Rhyfinn20)\n|inactive|Auguman has 60 seconds left.\n|inactive|Rhyfinn20 has 60 seconds left.\n|inactive|Auguman has 30 seconds left.\n|\n|t:|1682420432\n|start\n|switch|p1a: Arcanine|Arcanine, L50, M|100\/100\n|switch|p1b: Gastrodon|Gastrodon, L50, F|100\/100\n|switch|p2a: To Mad to Live|Annihilape, L50, M|100\/100\n|switch|p2b: A Bad Hair Day|Flutter Mane, L50|100\/100\n|-ability|p1a: Arcanine|Intimidate|boost\n|-unboost|p2a: To Mad to Live|atk|1\n|-ability|p2a: To Mad to Live|Defiant|boost\n|-boost|p2a: To Mad to Live|atk|2\n|-unboost|p2b: A Bad Hair Day|atk|1\n|-enditem|p2b: A Bad Hair Day|Booster Energy\n|-activate|p2b: A Bad Hair Day|ability: Protosynthesis|[fromitem]\n|-start|p2b: A Bad Hair Day|protosynthesisspa\n|turn|1\n|\n|t:|1682420457\n|move|p2b: A Bad Hair Day|Shadow Ball|p1a: Arcanine\n|-damage|p1a: Arcanine|28\/100\n|move|p1a: Arcanine|Snarl|p2b: A Bad Hair Day|[spread] p2b\n|-miss|p1a: Arcanine|p2a: To Mad to Live\n|-crit|p2b: A Bad Hair Day\n|-damage|p2b: A Bad Hair Day|88\/100\n|-unboost|p2b: A Bad Hair Day|spa|1\n|move|p2a: To Mad to Live|Bulk Up|p2a: To Mad to Live\n|-boost|p2a: To Mad to Live|atk|1\n|-boost|p2a: To Mad to Live|def|1\n|move|p1b: Gastrodon|Clear Smog|p2a: To Mad to Live\n|-resisted|p2a: To Mad to Live\n|-damage|p2a: To Mad to Live|97\/100\n|-clearboost|p2a: To Mad to Live\n|\n|upkeep\n|turn|2\n|inactive|Auguman has 30 seconds left.\n|\n|t:|1682420492\n|move|p1a: Arcanine|Protect|p1a: Arcanine\n|-singleturn|p1a: Arcanine|Protect\n|move|p2b: A Bad Hair Day|Shadow Ball|p1a: Arcanine\n|-activate|p1a: Arcanine|move: Protect\n|move|p2a: To Mad to Live|Bulk Up|p2a: To Mad to Live\n|-boost|p2a: To Mad to Live|atk|1\n|-boost|p2a: To Mad to Live|def|1\n|move|p1b: Gastrodon|Earth Power|p2a: To Mad to Live\n|-damage|p2a: To Mad to Live|77\/100\n|\n|upkeep\n|turn|3\n|\n|t:|1682420511\n|switch|p1a: Ting-Lu|Ting-Lu, L50|100\/100\n|-ability|p1a: Ting-Lu|Vessel of Ruin\n|move|p2a: To Mad to Live|Protect|p2a: To Mad to Live\n|-singleturn|p2a: To Mad to Live|Protect\n|move|p2b: A Bad Hair Day|Shadow Ball|p1a: Ting-Lu\n|-resisted|p1a: Ting-Lu\n|-damage|p1a: Ting-Lu|91\/100\n|-unboost|p1a: Ting-Lu|spd|1\n|move|p1b: Gastrodon|Clear Smog|p2a: To Mad to Live\n|-activate|p2a: To Mad to Live|move: Protect\n|\n|upkeep\n|turn|4\n|\n|t:|1682420534\n|move|p2b: A Bad Hair Day|Dazzling Gleam|p1b: Gastrodon|[spread] p1a,p1b\n|-supereffective|p1a: Ting-Lu\n|-damage|p1a: Ting-Lu|52\/100\n|-damage|p1b: Gastrodon|82\/100\n|move|p2a: To Mad to Live|Rage Fist|p1b: Gastrodon\n|-damage|p1b: Gastrodon|0 fnt\n|faint|p1b: Gastrodon\n|move|p1a: Ting-Lu|Heavy Slam|p2b: A Bad Hair Day\n|-supereffective|p2b: A Bad Hair Day\n|-damage|p2b: A Bad Hair Day|0 fnt\n|faint|p2b: A Bad Hair Day\n|-end|p2b: A Bad Hair Day|Protosynthesis|[silent]\n|\n|upkeep\n|\n|t:|1682420550\n|switch|p2b: \u91d1\u9b5a|Chi-Yu, L50|100\/100\n|switch|p1b: Roaring Moon|Roaring Moon, L50|100\/100\n|-ability|p2b: \u91d1\u9b5a|Beads of Ruin\n|-enditem|p1b: Roaring Moon|Booster Energy\n|-activate|p1b: Roaring Moon|ability: Protosynthesis|[fromitem]\n|-start|p1b: Roaring Moon|protosynthesisatk\n|turn|5\n|inactive|Auguman has 30 seconds left.\n|inactive|Auguman has 20 seconds left.\n|\n|t:|1682420586\n|-terastallize|p1a: Ting-Lu|Water\n|move|p2b: \u91d1\u9b5a|Protect|p2b: \u91d1\u9b5a\n|-singleturn|p2b: \u91d1\u9b5a|Protect\n|move|p1b: Roaring Moon|Acrobatics|p2a: To Mad to Live\n|-supereffective|p2a: To Mad to Live\n|-damage|p2a: To Mad to Live|2\/100\n|move|p2a: To Mad to Live|Drain Punch|p1b: Roaring Moon\n|-supereffective|p1b: Roaring Moon\n|-damage|p1b: Roaring Moon|0 fnt\n|-heal|p2a: To Mad to Live|44\/100|[from] drain|[of] p1b: Roaring Moon\n|faint|p1b: Roaring Moon\n|-end|p1b: Roaring Moon|Protosynthesis|[silent]\n|move|p1a: Ting-Lu|Stomping Tantrum|p2b: \u91d1\u9b5a\n|-activate|p2b: \u91d1\u9b5a|move: Protect\n|\n|upkeep\n|\n|t:|1682420596\n|switch|p1b: Arcanine|Arcanine, L50, M|28\/100\n|-ability|p1b: Arcanine|Intimidate|boost\n|-unboost|p2a: To Mad to Live|atk|1\n|-ability|p2a: To Mad to Live|Defiant|boost\n|-boost|p2a: To Mad to Live|atk|2\n|-unboost|p2b: \u91d1\u9b5a|atk|1\n|turn|6\n|\n|t:|1682420611\n|move|p1b: Arcanine|Protect|p1b: Arcanine\n|-singleturn|p1b: Arcanine|Protect\n|move|p2a: To Mad to Live|Protect|p2a: To Mad to Live\n|-singleturn|p2a: To Mad to Live|Protect\n|move|p2b: \u91d1\u9b5a|Dark Pulse|p1a: Ting-Lu\n|-damage|p1a: Ting-Lu|8\/100\n|-damage|p2b: \u91d1\u9b5a|90\/100|[from] item: Life Orb\n|cant|p1a: Ting-Lu|flinch\n|\n|upkeep\n|turn|7\n|-message|Auguman forfeited.\n|\n|win|Rhyfinn20\n|raw|Auguman's rating: 1018 → 1006<\/strong> (-12 for losing)\n|raw|Rhyfinn20's rating: 1028 → 1063<\/strong> (+35 for winning)\n|l|\u2606Auguman\n","uploadtime":1682420627,"views":7,"p1id":"auguman","p2id":"rhyfinn20","formatid":"gen9vgc2023regulationc","rating":1006,"private":0,"password":""}