{"id":"gen9vgc2023regulationc-1848542308","p1":"gorilnx","p2":"kd-vgc711","format":"[Gen 9] VGC 2023 Regulation C","log":"|j|\u2606gorilnx\n|j|\u2606kd-vgc711\n|t:|1682088594\n|gametype|doubles\n|player|p1|gorilnx|dawn-gen4pt|1133\n|player|p2|kd-vgc711|169|1180\n|teamsize|p1|6\n|teamsize|p2|6\n|gen|9\n|tier|[Gen 9] VGC 2023 Regulation C\n|rated|\n|rule|Species Clause: Limit one of each Pok\u00e9mon\n|rule|Item Clause: Limit one of each item\n|clearpoke\n|poke|p1|Dragonite, L50, M|\n|poke|p1|Chien-Pao, L50|\n|poke|p1|Amoonguss, L50, M|\n|poke|p1|Ting-Lu, L50|\n|poke|p1|Flutter Mane, L50|\n|poke|p1|Arcanine, L50, F|\n|poke|p2|Palafin, L50, F|\n|poke|p2|Brute Bonnet, L50|\n|poke|p2|Scizor, L50, F|\n|poke|p2|Chien-Pao, L50|\n|poke|p2|Salamence, L50, M|\n|poke|p2|Pelipper, L50, M|\n|teampreview|4\n|inactive|Battle timer is ON: inactive players will automatically lose when time's up. (requested by gorilnx)\n|inactive|gorilnx has 60 seconds left.\n|inactive|kd-vgc711 has 60 seconds left.\n|\n|t:|1682088654\n|start\n|switch|p1a: Flutter Mane|Flutter Mane, L50|100\/100\n|switch|p1b: Amoonguss|Amoonguss, L50, M|100\/100\n|switch|p2a: Palafin|Palafin, L50, F|100\/100\n|switch|p2b: Salamence|Salamence, L50, M|100\/100\n|-ability|p2b: Salamence|Intimidate|boost\n|-unboost|p1a: Flutter Mane|atk|1\n|-unboost|p1b: Amoonguss|atk|1\n|-enditem|p1a: Flutter Mane|Booster Energy\n|-activate|p1a: Flutter Mane|ability: Protosynthesis|[fromitem]\n|-start|p1a: Flutter Mane|protosynthesisspe\n|turn|1\n|\n|t:|1682088679\n|detailschange|p2a: Palafin|Palafin-Hero, L50, F\n|switch|p2a: Pelipper|Pelipper, L50, M|100\/100\n|-weather|RainDance|[from] ability: Drizzle|[of] p2a: Pelipper\n|-terastallize|p2b: Salamence|Steel\n|move|p1a: Flutter Mane|Protect|p1a: Flutter Mane\n|-singleturn|p1a: Flutter Mane|Protect\n|move|p2b: Salamence|Hurricane|p1b: Amoonguss\n|-supereffective|p1b: Amoonguss\n|-damage|p1b: Amoonguss|27\/100\n|-enditem|p1b: Amoonguss|Sitrus Berry|[eat]\n|-heal|p1b: Amoonguss|51\/100|[from] item: Sitrus Berry\n|move|p1b: Amoonguss|Spore|p2b: Salamence\n|-activate|p2b: Salamence|item: Safety Goggles|Spore\n|\n|-weather|RainDance|[upkeep]\n|upkeep\n|turn|2\n|inactive|gorilnx has 30 seconds left.\n|inactive|kd-vgc711 has 30 seconds left.\n|inactive|gorilnx has 20 seconds left.\n|inactive|kd-vgc711 has 20 seconds left.\n|inactive|gorilnx has 15 seconds left.\n|inactive|kd-vgc711 has 15 seconds left.\n|inactive|gorilnx has 10 seconds left.\n|inactive|kd-vgc711 has 10 seconds left.\n|\n|t:|1682088727\n|switch|p1b: Arcanine|Arcanine, L50, F|100\/100\n|-ability|p1b: Arcanine|Intimidate|boost\n|-unboost|p2a: Pelipper|atk|1\n|-unboost|p2b: Salamence|atk|1\n|move|p1a: Flutter Mane|Shadow Ball|p2b: Salamence\n|-damage|p2b: Salamence|56\/100\n|move|p2b: Salamence|Hurricane|p1b: Arcanine\n|-damage|p1b: Arcanine|57\/100\n|-start|p1b: Arcanine|confusion\n|move|p2a: Pelipper|Hydro Pump|p1a: Flutter Mane\n|-damage|p1a: Flutter Mane|10\/100\n|-damage|p2a: Pelipper|91\/100|[from] item: Life Orb\n|\n|-weather|RainDance|[upkeep]\n|upkeep\n|turn|3\n|inactive|gorilnx has 30 seconds left.\n|inactive|kd-vgc711 has 30 seconds left.\n|\n|t:|1682088758\n|switch|p2b: Scizor|Scizor, L50, F|100\/100\n|move|p1a: Flutter Mane|Shadow Ball|p2a: Pelipper\n|-damage|p2a: Pelipper|28\/100\n|-activate|p1b: Arcanine|confusion\n|move|p1b: Arcanine|Flare Blitz|p2b: Scizor\n|-supereffective|p2b: Scizor\n|-damage|p2b: Scizor|0 fnt\n|faint|p2b: Scizor\n|-damage|p1b: Arcanine|28\/100|[from] Recoil\n|move|p2a: Pelipper|Hydro Pump|p1b: Arcanine\n|-supereffective|p1b: Arcanine\n|-damage|p1b: Arcanine|0 fnt\n|faint|p1b: Arcanine\n|-damage|p2a: Pelipper|18\/100|[from] item: Life Orb\n|\n|-weather|RainDance|[upkeep]\n|upkeep\n|\n|t:|1682088775\n|switch|p1b: Chien-Pao|Chien-Pao, L50|100\/100\n|switch|p2b: Palafin|Palafin-Hero, L50, F|100\/100\n|-ability|p1b: Chien-Pao|Sword of Ruin\n|-activate|p2b: Palafin|ability: Zero to Hero\n|turn|4\n|inactive|kd-vgc711 has 30 seconds left.\n|\n|t:|1682088801\n|move|p2b: Palafin|Jet Punch|p1b: Chien-Pao\n|-enditem|p1b: Chien-Pao|Focus Sash\n|-damage|p1b: Chien-Pao|1\/100\n|move|p1a: Flutter Mane|Dazzling Gleam|p2b: Palafin|[spread] p2a,p2b\n|-damage|p2a: Pelipper|0 fnt\n|-damage|p2b: Palafin|67\/100\n|faint|p2a: Pelipper\n|move|p1b: Chien-Pao|Sacred Sword|p2b: Palafin\n|-damage|p2b: Palafin|33\/100\n|\n|-weather|RainDance|[upkeep]\n|upkeep\n|\n|t:|1682088811\n|switch|p2a: Salamence|Salamence, L50, M, tera:Steel|56\/100\n|-ability|p2a: Salamence|Intimidate|boost\n|-unboost|p1a: Flutter Mane|atk|1\n|-unboost|p1b: Chien-Pao|atk|1\n|turn|5\n|\n|t:|1682088832\n|switch|p1b: Amoonguss|Amoonguss, L50, M|85\/100\n|move|p1a: Flutter Mane|Protect|p1a: Flutter Mane\n|-singleturn|p1a: Flutter Mane|Protect\n|move|p2b: Palafin|Jet Punch|p1a: Flutter Mane\n|-activate|p1a: Flutter Mane|move: Protect\n|move|p2a: Salamence|Hurricane|p1b: Amoonguss\n|-supereffective|p1b: Amoonguss\n|-damage|p1b: Amoonguss|11\/100\n|-start|p1b: Amoonguss|confusion\n|\n|-weather|none\n|upkeep\n|turn|6\n|inactive|gorilnx has 30 seconds left.\n|\n|t:|1682088859\n|-activate|p1b: Amoonguss|confusion\n|-damage|p1b: Amoonguss|5\/100|[from] confusion\n|move|p2b: Palafin|Jet Punch|p1a: Flutter Mane\n|-damage|p1a: Flutter Mane|0 fnt\n|faint|p1a: Flutter Mane\n|-end|p1a: Flutter Mane|Protosynthesis|[silent]\n|move|p2a: Salamence|Hurricane|p1b: Amoonguss|[miss]\n|-miss|p2a: Salamence|p1b: Amoonguss\n|\n|upkeep\n|\n|t:|1682088869\n|switch|p1a: Chien-Pao|Chien-Pao, L50|1\/100\n|-ability|p1a: Chien-Pao|Sword of Ruin\n|turn|7\n|\n|t:|1682088886\n|move|p2a: Salamence|Protect|p2a: Salamence\n|-singleturn|p2a: Salamence|Protect\n|-activate|p1b: Amoonguss|confusion\n|move|p1b: Amoonguss|Rage Powder|p1b: Amoonguss\n|-singleturn|p1b: Amoonguss|move: Rage Powder\n|move|p2b: Palafin|Jet Punch|p1b: Amoonguss\n|-resisted|p1b: Amoonguss\n|-crit|p1b: Amoonguss\n|-damage|p1b: Amoonguss|0 fnt\n|faint|p1b: Amoonguss\n|move|p1a: Chien-Pao|Sacred Sword|p2b: Palafin\n|-damage|p2b: Palafin|0 fnt\n|faint|p2b: Palafin\n|\n|upkeep\n|turn|8\n|-message|kd-vgc711 forfeited.\n|\n|win|gorilnx\n|raw|gorilnx's rating: 1133 → 1161<\/strong> (+28 for winning)\n|raw|kd-vgc711's rating: 1180 → 1152<\/strong> (-28 for losing)\n|l|\u2606kd-vgc711\n","uploadtime":1682088904,"views":8,"p1id":"gorilnx","p2id":"kdvgc711","formatid":"gen9vgc2023regulationc","rating":1152,"private":0,"password":""}