{"id":"gen9vgc2023regulationc-1854458942","p1":"rose_zkldin","p2":"UltimoRyu","format":"[Gen 9] VGC 2023 Regulation C","log":"|j|\u2606rose_zkldin\n|j|\u2606UltimoRyu\n|t:|1682813561\n|gametype|doubles\n|player|p1|rose_zkldin|cynthia-gen4|1051\n|player|p2|UltimoRyu|crasherwake|1033\n|teamsize|p1|6\n|teamsize|p2|6\n|gen|9\n|tier|[Gen 9] VGC 2023 Regulation C\n|rated|\n|rule|Species Clause: Limit one of each Pok\u00e9mon\n|rule|Item Clause: Limit one of each item\n|clearpoke\n|poke|p1|Orthworm, L50, M|\n|poke|p1|Meowscarada, L50, F|\n|poke|p1|Indeedee-F, L50, F|\n|poke|p1|Cetitan, L50, M|\n|poke|p1|Tinkaton, L50, F|\n|poke|p1|Armarouge, L50, F|\n|poke|p2|Wo-Chien, L50|\n|poke|p2|Glimmora, L50, F|\n|poke|p2|Scream Tail, L50|\n|poke|p2|Baxcalibur, L50, M|\n|poke|p2|Gholdengo, L50|\n|poke|p2|Corviknight, L50, M|\n|teampreview|4\n|inactive|Battle timer is ON: inactive players will automatically lose when time's up. (requested by rose_zkldin)\n|inactive|rose_zkldin has 60 seconds left.\n|inactive|UltimoRyu has 60 seconds left.\n|\n|t:|1682813614\n|start\n|switch|p1a: Orthworm|Orthworm, L50, M|100\/100\n|switch|p1b: Indeedee|Indeedee-F, L50, F|100\/100\n|switch|p2a: Glimmora|Glimmora, L50, F|100\/100\n|switch|p2b: Scream Tail|Scream Tail, L50|100\/100\n|-fieldstart|move: Psychic Terrain|[from] ability: Psychic Surge|[of] p1b: Indeedee\n|-enditem|p1b: Indeedee|Psychic Seed\n|-boost|p1b: Indeedee|spd|1|[from] item: Psychic Seed\n|-enditem|p2b: Scream Tail|Booster Energy\n|-activate|p2b: Scream Tail|ability: Protosynthesis|[fromitem]\n|-start|p2b: Scream Tail|protosynthesisspe\n|turn|1\n|inactive|UltimoRyu has 30 seconds left.\n|inactive|UltimoRyu has 20 seconds left.\n|\n|t:|1682813653\n|-terastallize|p2a: Glimmora|Grass\n|move|p1b: Indeedee|Follow Me|p1b: Indeedee\n|-singleturn|p1b: Indeedee|move: Follow Me\n|move|p2b: Scream Tail|Thunder Wave|p1b: Indeedee\n|-status|p1b: Indeedee|par\n|move|p2a: Glimmora|Mortal Spin|p1a: Orthworm|[spread] p1b\n|-immune|p1a: Orthworm\n|-damage|p1b: Indeedee|95\/100 par\n|move|p1a: Orthworm|Shed Tail|p1a: Orthworm\n|-start|p1a: Orthworm|Substitute|[from] move: Shed Tail\n|-damage|p1a: Orthworm|50\/100\n|\n|t:|1682813678\n|switch|p1a: Armarouge|Armarouge, L50, F|100\/100|[from] Shed Tail\n|\n|upkeep\n|turn|2\n|\n|t:|1682813695\n|move|p1b: Indeedee|Follow Me|p1b: Indeedee\n|-singleturn|p1b: Indeedee|move: Follow Me\n|move|p2b: Scream Tail|Dazzling Gleam|p1b: Indeedee|[spread] p1a,p1b\n|-resisted|p1a: Armarouge\n|-activate|p1a: Armarouge|move: Substitute|[damage]\n|-damage|p1b: Indeedee|86\/100 par\n|move|p2a: Glimmora|Mortal Spin|p1a: Armarouge|[spread] p1a,p1b\n|-activate|p1a: Armarouge|move: Substitute|[damage]\n|-damage|p1b: Indeedee|80\/100 par\n|move|p1a: Armarouge|Trick Room|p1a: Armarouge\n|-fieldstart|move: Trick Room|[of] p1a: Armarouge\n|\n|upkeep\n|turn|3\n|inactive|rose_zkldin has 30 seconds left.\n|inactive|UltimoRyu has 30 seconds left.\n|inactive|UltimoRyu has 20 seconds left.\n|inactive|UltimoRyu has 15 seconds left.\n|inactive|UltimoRyu has 10 seconds left.\n|\n|t:|1682813743\n|cant|p1b: Indeedee|par\n|move|p1a: Armarouge|Expanding Force|p2b: Scream Tail|[spread] p2a,p2b\n|-resisted|p2b: Scream Tail\n|-damage|p2a: Glimmora|27\/100\n|-damage|p2b: Scream Tail|67\/100\n|-damage|p1a: Armarouge|91\/100|[from] item: Life Orb\n|move|p2a: Glimmora|Earth Power|p1a: Armarouge\n|-supereffective|p1a: Armarouge\n|-end|p1a: Armarouge|Substitute\n|move|p2b: Scream Tail|Dazzling Gleam|p1a: Armarouge|[spread] p1a,p1b\n|-resisted|p1a: Armarouge\n|-damage|p1a: Armarouge|82\/100\n|-damage|p1b: Indeedee|70\/100 par\n|\n|upkeep\n|turn|4\n|inactive|rose_zkldin has 30 seconds left.\n|\n|t:|1682813771\n|move|p1b: Indeedee|Protect|p1b: Indeedee\n|-singleturn|p1b: Indeedee|Protect\n|move|p1a: Armarouge|Expanding Force|p2b: Scream Tail|[spread] p2a,p2b\n|-resisted|p2b: Scream Tail\n|-damage|p2a: Glimmora|0 fnt\n|-damage|p2b: Scream Tail|37\/100\n|faint|p2a: Glimmora\n|-damage|p1a: Armarouge|72\/100|[from] item: Life Orb\n|move|p2b: Scream Tail|Light Screen|p2b: Scream Tail\n|-sidestart|p2: UltimoRyu|move: Light Screen\n|\n|upkeep\n|\n|t:|1682813779\n|switch|p2a: Wo-Chien|Wo-Chien, L50|100\/100\n|-ability|p2a: Wo-Chien|Tablets of Ruin\n|turn|5\n|\n|t:|1682813797\n|-terastallize|p1a: Armarouge|Grass\n|move|p1b: Indeedee|Follow Me|p1b: Indeedee\n|-singleturn|p1b: Indeedee|move: Follow Me\n|move|p1a: Armarouge|Armor Cannon|p2a: Wo-Chien\n|-supereffective|p2a: Wo-Chien\n|-damage|p2a: Wo-Chien|21\/100\n|-unboost|p1a: Armarouge|def|1\n|-unboost|p1a: Armarouge|spd|1\n|-damage|p1a: Armarouge|62\/100|[from] item: Life Orb\n|move|p2a: Wo-Chien|Leech Seed|p1b: Indeedee\n|-start|p1b: Indeedee|move: Leech Seed\n|move|p2b: Scream Tail|Dazzling Gleam|p1a: Armarouge|[spread] p1a,p1b\n|-damage|p1a: Armarouge|39\/100\n|-damage|p1b: Indeedee|61\/100 par\n|\n|-heal|p2a: Wo-Chien|27\/100|[from] item: Leftovers\n|-damage|p1b: Indeedee|48\/100 par|[from] Leech Seed|[of] p2a: Wo-Chien\n|-heal|p2a: Wo-Chien|38\/100|[silent]\n|-fieldend|move: Psychic Terrain\n|upkeep\n|turn|6\n|inactive|rose_zkldin has 30 seconds left.\n|\n|t:|1682813827\n|-end|p2b: Scream Tail|Protosynthesis|[silent]\n|switch|p2b: Baxcalibur|Baxcalibur, L50, M|100\/100\n|move|p2a: Wo-Chien|Protect|p2a: Wo-Chien\n|-singleturn|p2a: Wo-Chien|Protect\n|move|p1b: Indeedee|Follow Me|p1b: Indeedee\n|-singleturn|p1b: Indeedee|move: Follow Me\n|move|p1a: Armarouge|Armor Cannon|p2a: Wo-Chien\n|-activate|p2a: Wo-Chien|move: Protect\n|\n|-heal|p2a: Wo-Chien|44\/100|[from] item: Leftovers\n|-damage|p1b: Indeedee|36\/100 par|[from] Leech Seed|[of] p2a: Wo-Chien\n|-heal|p2a: Wo-Chien|56\/100|[silent]\n|-fieldend|move: Trick Room\n|upkeep\n|turn|7\n|inactive|UltimoRyu has 30 seconds left.\n|inactive|UltimoRyu has 20 seconds left.\n|inactive|UltimoRyu has 15 seconds left.\n|\n|t:|1682813870\n|cant|p1b: Indeedee|par\n|move|p2b: Baxcalibur|Icicle Crash|p1a: Armarouge\n|-supereffective|p1a: Armarouge\n|-damage|p1a: Armarouge|0 fnt\n|faint|p1a: Armarouge\n|move|p2a: Wo-Chien|Pollen Puff|p1b: Indeedee\n|-supereffective|p1b: Indeedee\n|-damage|p1b: Indeedee|8\/100 par\n|\n|-heal|p2a: Wo-Chien|62\/100|[from] item: Leftovers\n|-damage|p1b: Indeedee|0 fnt|[from] Leech Seed|[of] p2a: Wo-Chien\n|-heal|p2a: Wo-Chien|69\/100|[silent]\n|faint|p1b: Indeedee\n|upkeep\n|inactive|rose_zkldin has 30 seconds left.\n|inactive|rose_zkldin has 20 seconds left.\n|\n|t:|1682813909\n|switch|p1b: Meowscarada|Meowscarada, L50, F|100\/100\n|switch|p1a: Orthworm|Orthworm, L50, M|50\/100\n|turn|8\n|-message|rose_zkldin forfeited.\n|\n|win|UltimoRyu\n|raw|rose_zkldin's rating: 1051 → 1032<\/strong> (-19 for losing)\n|raw|UltimoRyu's rating: 1033 → 1070<\/strong> (+37 for winning)\n|l|\u2606rose_zkldin\n","uploadtime":1682813930,"views":18,"p1id":"rosezkldin","p2id":"ultimoryu","formatid":"gen9vgc2023regulationc","rating":1032,"private":0,"password":""}