{"id":"gen9vgc2023regulationc-1845103752","p1":"DomZZDaBomb","p2":"Xenizen","format":"[Gen 9] VGC 2023 Regulation C","log":"|j|\u2606DomZZDaBomb\n|j|\u2606Xenizen\n|t:|1681683951\n|gametype|doubles\n|player|p1|DomZZDaBomb|169|1013\n|player|p2|Xenizen|bruno|1044\n|teamsize|p1|6\n|teamsize|p2|6\n|gen|9\n|tier|[Gen 9] VGC 2023 Regulation C\n|rated|\n|rule|Species Clause: Limit one of each Pok\u00e9mon\n|rule|Item Clause: Limit one of each item\n|clearpoke\n|poke|p1|Cetitan, L50, F|\n|poke|p1|Abomasnow, L50, M|\n|poke|p1|Farigiraf, L50, M|\n|poke|p1|Kingambit, L50, F|\n|poke|p1|Iron Hands, L50|\n|poke|p1|Amoonguss, L50, F|\n|poke|p2|Skeledirge, L50, F|\n|poke|p2|Kingambit, L50, F|\n|poke|p2|Amoonguss, L50, M|\n|poke|p2|Palafin, L50, F|\n|poke|p2|Hatterene, L50, F|\n|poke|p2|Garchomp, L50, M|\n|teampreview|4\n|\n|t:|1681683968\n|start\n|switch|p1a: Iron Hands|Iron Hands, L50|100\/100\n|switch|p1b: Amoonguss|Amoonguss, L50, F|100\/100\n|switch|p2a: Hatterene|Hatterene, L50, F|100\/100\n|switch|p2b: Skeledirge|Skeledirge, L50, F, shiny|100\/100\n|-enditem|p1a: Iron Hands|Booster Energy\n|-activate|p1a: Iron Hands|ability: Quark Drive|[fromitem]\n|-start|p1a: Iron Hands|quarkdriveatk\n|turn|1\n|\n|t:|1681683985\n|move|p2a: Hatterene|Protect|p2a: Hatterene\n|-singleturn|p2a: Hatterene|Protect\n|move|p1a: Iron Hands|Fake Out|p2b: Skeledirge\n|-immune|p2b: Skeledirge\n|move|p2b: Skeledirge|Will-O-Wisp|p1a: Iron Hands\n|-status|p1a: Iron Hands|brn\n|move|p1b: Amoonguss|Spore|p2a: Hatterene\n|-activate|p2a: Hatterene|move: Protect\n|\n|-damage|p1a: Iron Hands|94\/100 brn|[from] brn\n|upkeep\n|turn|2\n|\n|t:|1681684020\n|move|p2b: Skeledirge|Torch Song|p1b: Amoonguss\n|-supereffective|p1b: Amoonguss\n|-damage|p1b: Amoonguss|53\/100\n|-boost|p2b: Skeledirge|spa|1\n|move|p1a: Iron Hands|Earthquake|p2a: Hatterene|[spread] p1b,p2a,p2b\n|-supereffective|p2b: Skeledirge\n|-damage|p1b: Amoonguss|37\/100\n|-damage|p2a: Hatterene|78\/100\n|-damage|p2b: Skeledirge|74\/100\n|move|p1b: Amoonguss|Spore|p2a: Hatterene\n|move|p2a: Hatterene|Spore|p1b: Amoonguss|[from]ability: Magic Bounce\n|-immune|p1b: Amoonguss\n|move|p2a: Hatterene|Trick Room|p2a: Hatterene\n|-fieldstart|move: Trick Room|[of] p2a: Hatterene\n|\n|-heal|p1b: Amoonguss|43\/100|[from] item: Black Sludge\n|-heal|p2b: Skeledirge|80\/100|[from] item: Leftovers\n|-damage|p1a: Iron Hands|88\/100 brn|[from] brn\n|upkeep\n|turn|3\n|\n|t:|1681684041\n|-singleturn|p1a: Iron Hands|move: Focus Punch\n|move|p1b: Amoonguss|Rage Powder|p1b: Amoonguss\n|-singleturn|p1b: Amoonguss|move: Rage Powder\n|move|p2a: Hatterene|Psychic|p1b: Amoonguss\n|-supereffective|p1b: Amoonguss\n|-damage|p1b: Amoonguss|0 fnt\n|faint|p1b: Amoonguss\n|move|p2b: Skeledirge|Torch Song|p1a: Iron Hands\n|-damage|p1a: Iron Hands|46\/100 brn\n|-boost|p2b: Skeledirge|spa|1\n|cant|p1a: Iron Hands|Focus Punch|Focus Punch\n|\n|-heal|p2b: Skeledirge|86\/100|[from] item: Leftovers\n|-damage|p1a: Iron Hands|40\/100 brn|[from] brn\n|upkeep\n|\n|t:|1681684057\n|switch|p1b: Abomasnow|Abomasnow, L50, M|100\/100\n|-weather|Snow|[from] ability: Snow Warning|[of] p1b: Abomasnow\n|turn|4\n|\n|t:|1681684066\n|-end|p1a: Iron Hands|Quark Drive|[silent]\n|switch|p1a: Cetitan|Cetitan, L50, F|100\/100\n|move|p2a: Hatterene|Psychic|p1a: Cetitan\n|-damage|p1a: Cetitan|71\/100\n|move|p1b: Abomasnow|Blizzard|p2b: Skeledirge|[spread] p2a,p2b\n|-resisted|p2b: Skeledirge\n|-damage|p2a: Hatterene|21\/100\n|-damage|p2b: Skeledirge|58\/100\n|move|p2b: Skeledirge|Torch Song|p1b: Abomasnow\n|-supereffective|p1b: Abomasnow\n|-damage|p1b: Abomasnow|0 fnt\n|-boost|p2b: Skeledirge|spa|1\n|faint|p1b: Abomasnow\n|\n|-weather|Snow|[upkeep]\n|-heal|p2b: Skeledirge|64\/100|[from] item: Leftovers\n|upkeep\n|\n|t:|1681684085\n|switch|p1b: Iron Hands|Iron Hands, L50|40\/100 brn\n|turn|5\n|\n|t:|1681684102\n|-terastallize|p1a: Cetitan|Ice\n|move|p2a: Hatterene|Protect|p2a: Hatterene\n|-singleturn|p2a: Hatterene|Protect\n|move|p1b: Iron Hands|Fake Out|p2b: Skeledirge\n|-immune|p2b: Skeledirge\n|move|p1a: Cetitan|Ice Spinner|p2b: Skeledirge\n|-resisted|p2b: Skeledirge\n|-damage|p2b: Skeledirge|46\/100\n|move|p2b: Skeledirge|Torch Song|p1a: Cetitan\n|-supereffective|p1a: Cetitan\n|-damage|p1a: Cetitan|0 fnt\n|-boost|p2b: Skeledirge|spa|1\n|faint|p1a: Cetitan\n|\n|-weather|Snow|[upkeep]\n|-heal|p2b: Skeledirge|52\/100|[from] item: Leftovers\n|-damage|p1b: Iron Hands|34\/100 brn|[from] brn\n|upkeep\n|turn|6\n|l|\u2606DomZZDaBomb\n|player|p1|\n|inactive|Battle timer is ON: inactive players will automatically lose when time's up. (requested by Xenizen)\n|inactive|DomZZDaBomb has 30 seconds to reconnect!\n|inactive|DomZZDaBomb has 20 seconds to reconnect!\n|inactive|DomZZDaBomb has 15 seconds to reconnect!\n|inactive|DomZZDaBomb has 10 seconds to reconnect!\n|inactive|DomZZDaBomb has 5 seconds to reconnect!\n|-message|DomZZDaBomb lost due to inactivity.\n|\n|win|Xenizen\n|raw|DomZZDaBomb's rating: 1013 → 1001<\/strong> (-12 for losing)\n|raw|Xenizen's rating: 1025 → 1060<\/strong> (+35 for winning)\n","uploadtime":1681684231,"views":9,"p1id":"domzzdabomb","p2id":"xenizen","formatid":"gen9vgc2023regulationc","rating":1001,"private":0,"password":""}