{"id":"gen9vgc2023regulationc-1847005403","p1":"goatgamer11","p2":"labboo","format":"[Gen 9] VGC 2023 Regulation C","log":"|j|\u2606goatgamer11\n|j|\u2606labboo\n|t:|1681910965\n|gametype|doubles\n|player|p1|goatgamer11|rika|1162\n|player|p2|labboo|cynthia-masters|1070\n|teamsize|p1|6\n|teamsize|p2|6\n|gen|9\n|tier|[Gen 9] VGC 2023 Regulation C\n|rated|\n|rule|Species Clause: Limit one of each Pok\u00e9mon\n|rule|Item Clause: Limit one of each item\n|clearpoke\n|poke|p1|Slither Wing, L50|\n|poke|p1|Chien-Pao, L50|\n|poke|p1|Murkrow, L50, F|\n|poke|p1|Palafin, L50, F|\n|poke|p1|Arcanine, L50, M|\n|poke|p1|Amoonguss, L50, M|\n|poke|p2|Breloom, L50, F|\n|poke|p2|Corviknight, L50, M|\n|poke|p2|Great Tusk, L50|\n|poke|p2|Eelektross, L50, F|\n|poke|p2|Chien-Pao, L50|\n|poke|p2|Palafin, L50, F|\n|teampreview|4\n|inactive|Battle timer is ON: inactive players will automatically lose when time's up. (requested by labboo)\n|\n|t:|1681910994\n|start\n|switch|p1a: Murkrow|Murkrow, L50, F|100\/100\n|switch|p1b: Palafin|Palafin, L50, F|100\/100\n|switch|p2a: knight|Palafin, L50, F|100\/100\n|switch|p2b: birb|Corviknight, L50, M|100\/100\n|-ability|p2b: birb|Unnerve\n|turn|1\n|c|\u2606labboo|such wow and diversity\n|c|\u2606labboo|2 tailwinds and 2 palafins\n|inactive|goatgamer11 has 30 seconds left.\n|inactive|labboo has 30 seconds left.\n|\n|t:|1681911026\n|detailschange|p1b: Palafin|Palafin-Hero, L50, F\n|switch|p1b: Slither Wing|Slither Wing, L50|100\/100\n|move|p1a: Murkrow|Tailwind|p1a: Murkrow\n|-sidestart|p1: goatgamer11|move: Tailwind\n|move|p2a: knight|Flip Turn|p1b: Slither Wing\n|-damage|p1b: Slither Wing|65\/100\n|-damage|p2a: knight|91\/100|[from] item: Life Orb\n|c|\u2606goatgamer11|yarp\n|\n|t:|1681911039\n|detailschange|p2a: knight|Palafin-Hero, L50, F\n|switch|p2a: elephante|Great Tusk, L50|100\/100|[from] Flip Turn\n|move|p2b: birb|Tailwind|p2b: birb\n|-sidestart|p2: labboo|move: Tailwind\n|\n|upkeep\n|turn|2\n|c|\u2606labboo|bt switch to paradox past pokemon\n|inactive|labboo has 30 seconds left.\n|c|\u2606labboo|both having a fighting type\n|inactive|labboo has 20 seconds left.\n|c|\u2606goatgamer11|fire emoji\n|inactive|labboo has 15 seconds left.\n|\n|t:|1681911080\n|move|p1b: Slither Wing|First Impression|p2a: elephante\n|-resisted|p2a: elephante\n|-damage|p2a: elephante|74\/100\n|-damage|p1b: Slither Wing|56\/100|[from] item: Life Orb\n|move|p1a: Murkrow|Sunny Day|p1a: Murkrow\n|-weather|SunnyDay\n|-activate|p2a: elephante|ability: Protosynthesis\n|-start|p2a: elephante|protosynthesisatk\n|-activate|p1b: Slither Wing|ability: Protosynthesis\n|-start|p1b: Slither Wing|protosynthesisatk\n|move|p2a: elephante|Headlong Rush|p1b: Slither Wing\n|-resisted|p1b: Slither Wing\n|-damage|p1b: Slither Wing|4\/100\n|-unboost|p2a: elephante|def|1\n|-unboost|p2a: elephante|spd|1\n|move|p2b: birb|Brave Bird|p1b: Slither Wing\n|-supereffective|p1b: Slither Wing\n|-damage|p1b: Slither Wing|0 fnt\n|faint|p1b: Slither Wing\n|-end|p1b: Slither Wing|Protosynthesis|[silent]\n|-damage|p2b: birb|99\/100|[from] Recoil\n|\n|-weather|SunnyDay|[upkeep]\n|upkeep\n|\n|t:|1681911092\n|switch|p1b: Palafin|Palafin-Hero, L50, F|100\/100\n|-activate|p1b: Palafin|ability: Zero to Hero\n|turn|3\n|c|\u2606labboo|it didnt do much tbh\n|c|\u2606goatgamer11|i did not mean to press\n|c|\u2606goatgamer11|sunny day\n|c|\u2606labboo|oh lol\n|inactive|labboo has 30 seconds left.\n|\n|t:|1681911123\n|switch|p1b: Arcanine|Arcanine, L50, M|100\/100\n|-ability|p1b: Arcanine|Intimidate|boost\n|-unboost|p2a: elephante|atk|1\n|-unboost|p2b: birb|atk|1\n|move|p2a: elephante|Headlong Rush|p1b: Arcanine\n|-supereffective|p1b: Arcanine\n|-damage|p1b: Arcanine|0 fnt\n|-unboost|p2a: elephante|def|1\n|-unboost|p2a: elephante|spd|1\n|faint|p1b: Arcanine\n|move|p1a: Murkrow|Brave Bird|p2a: elephante\n|-supereffective|p2a: elephante\n|-damage|p2a: elephante|0 fnt\n|faint|p2a: elephante\n|-end|p2a: elephante|Protosynthesis|[silent]\n|-damage|p1a: Murkrow|73\/100|[from] Recoil\n|move|p2b: birb|Iron Head|p1a: Murkrow\n|-crit|p1a: Murkrow\n|-damage|p1a: Murkrow|30\/100\n|\n|-weather|SunnyDay|[upkeep]\n|upkeep\n|c|\u2606labboo|:)\n|c|\u2606labboo|!weak water\n|c| labboo|\/raw Water: Weaknesses<\/span>: Electric, Grass Resistances<\/span>: Fire, Ice, Steel, Water Immunities<\/span>: None<\/font><\/div>\n|inactive|labboo has 30 seconds left.\n|c|\u2606labboo|just so u know\n|\n|t:|1681911157\n|switch|p2a: knight|Palafin-Hero, L50, F|91\/100\n|switch|p1b: Palafin|Palafin-Hero, L50, F|100\/100\n|-activate|p2a: knight|ability: Zero to Hero\n|turn|4\n|c|\u2606goatgamer11|erm\n|c|\u2606labboo|it doesnt resist ground\n|c|\u2606labboo|or fighting\n|c|\u2606goatgamer11|ok\n|inactive|goatgamer11 has 30 seconds left.\n|inactive|labboo has 30 seconds left.\n|inactive|labboo has 20 seconds left.\n|\n|t:|1681911196\n|move|p1b: Palafin|Protect|p1b: Palafin\n|-singleturn|p1b: Palafin|Protect\n|move|p1a: Murkrow|Taunt|p2b: birb\n|-start|p2b: birb|move: Taunt\n|move|p2a: knight|Close Combat|p1b: Palafin\n|-activate|p1b: Palafin|move: Protect\n|move|p2b: birb|Brave Bird|p1b: Palafin\n|-activate|p1b: Palafin|move: Protect\n|\n|-weather|SunnyDay|[upkeep]\n|-sideend|p1: goatgamer11|move: Tailwind\n|-sideend|p2: labboo|move: Tailwind\n|upkeep\n|turn|5\n|\n|t:|1681911219\n|move|p2a: knight|Close Combat|p1b: Palafin\n|-damage|p1b: Palafin|43\/100\n|-unboost|p2a: knight|def|1\n|-unboost|p2a: knight|spd|1\n|-damage|p2a: knight|81\/100|[from] item: Life Orb\n|move|p1b: Palafin|Close Combat|p2a: knight\n|-damage|p2a: knight|3\/100\n|-unboost|p1b: Palafin|def|1\n|-unboost|p1b: Palafin|spd|1\n|move|p1a: Murkrow|Brave Bird|p2a: knight\n|-damage|p2a: knight|0 fnt\n|faint|p2a: knight\n|-damage|p1a: Murkrow|29\/100|[from] Recoil\n|move|p2b: birb|Brave Bird|p1a: Murkrow\n|-damage|p1a: Murkrow|3\/100\n|-damage|p2b: birb|91\/100|[from] Recoil\n|\n|-weather|SunnyDay|[upkeep]\n|upkeep\n|inactive|labboo has 30 seconds left.\n|inactive|labboo has 20 seconds left.\n|c|\u2606labboo|boss music starts playing\n|\n|t:|1681911256\n|switch|p2a: immune|Eelektross, L50, F|100\/100\n|turn|6\n|\n|t:|1681911275\n|-terastallize|p2a: immune|Electric\n|move|p1b: Palafin|Protect|p1b: Palafin\n|-singleturn|p1b: Palafin|Protect\n|move|p1a: Murkrow|Tailwind|p1a: Murkrow\n|-sidestart|p1: goatgamer11|move: Tailwind\n|move|p2b: birb|Brave Bird|p1b: Palafin\n|-activate|p1b: Palafin|move: Protect\n|move|p2a: immune|Discharge|p1b: Palafin|[spread] p2b,p1a\n|-activate|p1b: Palafin|move: Protect\n|-supereffective|p2b: birb\n|-supereffective|p1a: Murkrow\n|-damage|p2b: birb|11\/100\n|-damage|p1a: Murkrow|0 fnt\n|-status|p2b: birb|par\n|faint|p1a: Murkrow\n|\n|-weather|none\n|-end|p2b: birb|move: Taunt\n|upkeep\n|turn|7\n|\n|t:|1681911299\n|-terastallize|p1b: Palafin|Water\n|cant|p2b: birb|par\n|move|p1b: Palafin|Wave Crash|p2a: immune\n|-damage|p2a: immune|0 fnt\n|faint|p2a: immune\n|-damage|p1b: Palafin|17\/100|[from] Recoil\n|\n|upkeep\n|turn|8\n|c|\u2606labboo|:0\n|c|\u2606goatgamer11|i know my lines\n|c|\u2606labboo|how\n|c|\u2606labboo|what\n|\n|t:|1681911324\n|move|p2b: birb|Protect|p2b: birb\n|-singleturn|p2b: birb|Protect\n|move|p1b: Palafin|Jet Punch|p2b: birb\n|-activate|p2b: birb|move: Protect\n|\n|upkeep\n|turn|9\n|\n|t:|1681911332\n|move|p1b: Palafin|Jet Punch|p2b: birb\n|-damage|p2b: birb|0 fnt\n|-damage|p1b: Palafin|0 fnt|[from] item: Rocky Helmet|[of] p2b: birb\n|faint|p2b: birb\n|faint|p1b: Palafin\n|\n|win|goatgamer11\n|raw|goatgamer11's rating: 1162 → 1181<\/strong> (+19 for winning)\n|raw|labboo's rating: 1070 → 1055<\/strong> (-15 for losing)\n|c|\u2606labboo|how did u do that?\n","uploadtime":1681911346,"views":10,"p1id":"goatgamer11","p2id":"labboo","formatid":"gen9vgc2023regulationc","rating":1055,"private":0,"password":""}