{"id":"gen9vgc2023regulationc-1856166178","p1":"Bambambi","p2":"MightyMudsdale","format":"[Gen 9] VGC 2023 Regulation C","log":"|j|\u2606Bambambi\n|j|\u2606MightyMudsdale\n|t:|1683036834\n|gametype|doubles\n|player|p1|Bambambi|wallace-gen6|\n|player|p2|MightyMudsdale|nessa-masters|\n|teamsize|p1|6\n|teamsize|p2|6\n|gen|9\n|tier|[Gen 9] VGC 2023 Regulation C\n|rule|Species Clause: Limit one of each Pok\u00e9mon\n|rule|Item Clause: Limit one of each item\n|clearpoke\n|poke|p1|Flutter Mane, L50|\n|poke|p1|Gothitelle, L50, F|\n|poke|p1|Scream Tail, L50|\n|poke|p1|Chi-Yu, L50|\n|poke|p1|Amoonguss, L50, F|\n|poke|p1|Palafin, L50, M|\n|poke|p2|Flutter Mane, L50|\n|poke|p2|Chi-Yu, L50|\n|poke|p2|Gyarados, L50, M|\n|poke|p2|Orthworm, L50, F|\n|poke|p2|Glimmora, L50, M|\n|poke|p2|Iron Hands, L50|\n|teampreview|4\n|c|\u2606MightyMudsdale|gl hf r2\nMightyMudsdale has agreed to open team sheets.\nBambambi has agreed to open team sheets.\n|\n|t:|1683036854\n|start\n|switch|p1a: SSJ3 Jiggly|Scream Tail, L50, shiny|100\/100\n|switch|p1b: Ironmouse|Gothitelle, L50, F, shiny|100\/100\n|switch|p2a: Unagi|Gyarados, L50, M|100\/100\n|switch|p2b: Chi-Yu|Chi-Yu, L50|100\/100\n|-ability|p2b: Chi-Yu|Beads of Ruin\n|-ability|p2a: Unagi|Intimidate|boost\n|-unboost|p1a: SSJ3 Jiggly|atk|1\n|-unboost|p1b: Ironmouse|atk|1\n|-enditem|p1a: SSJ3 Jiggly|Booster Energy\n|-activate|p1a: SSJ3 Jiggly|ability: Protosynthesis|[fromitem]\n|-start|p1a: SSJ3 Jiggly|protosynthesisspe\n|turn|1\n|c|\u2606Bambambi|Gl hf!\n|\n|t:|1683036876\n|move|p1a: SSJ3 Jiggly|Reflect|p1a: SSJ3 Jiggly\n|-sidestart|p1: Bambambi|Reflect\n|move|p2b: Chi-Yu|Overheat|p1a: SSJ3 Jiggly\n|-damage|p1a: SSJ3 Jiggly|35\/100\n|-unboost|p2b: Chi-Yu|spa|2\n|move|p2a: Unagi|Taunt|p1a: SSJ3 Jiggly\n|-start|p1a: SSJ3 Jiggly|move: Taunt\n|move|p1b: Ironmouse|Light Screen|p1b: Ironmouse\n|-sidestart|p1: Bambambi|move: Light Screen\n|\n|upkeep\n|turn|2\n|\n|t:|1683036897\n|-end|p1a: SSJ3 Jiggly|Protosynthesis|[silent]\n|switch|p1a: Pearls|Flutter Mane, L50|100\/100\n|move|p2a: Unagi|Helping Hand|p2b: Chi-Yu\n|-singleturn|p2b: Chi-Yu|Helping Hand|[of] p2a: Unagi\n|move|p1b: Ironmouse|Protect|p1b: Ironmouse\n|-singleturn|p1b: Ironmouse|Protect\n|move|p2b: Chi-Yu|Overheat|p1a: Pearls\n|-damage|p1a: Pearls|52\/100\n|-unboost|p2b: Chi-Yu|spa|2\n|\n|upkeep\n|turn|3\n|\n|t:|1683036931\n|move|p1b: Ironmouse|Protect|p1b: Ironmouse\n|-singleturn|p1b: Ironmouse|Protect\n|move|p2b: Chi-Yu|Overheat|p1a: Pearls\n|-damage|p1a: Pearls|29\/100\n|-unboost|p2b: Chi-Yu|spa|2\n|move|p1a: Pearls|Perish Song|p1a: Pearls\n|-start|p1a: Pearls|perish3|[silent]\n|-start|p1b: Ironmouse|perish3|[silent]\n|-start|p2a: Unagi|perish3|[silent]\n|-start|p2b: Chi-Yu|perish3|[silent]\n|-fieldactivate|move: Perish Song\n|move|p2a: Unagi|Thunder Wave|p1a: Pearls\n|-status|p1a: Pearls|par\n|\n|-start|p2b: Chi-Yu|perish3\n|-start|p2a: Unagi|perish3\n|-start|p1a: Pearls|perish3\n|-start|p1b: Ironmouse|perish3\n|upkeep\n|turn|4\n|\n|t:|1683036945\n|cant|p1a: Pearls|par\n|move|p1b: Ironmouse|Protect||[still]\n|-fail|p1b: Ironmouse\n|move|p2b: Chi-Yu|Overheat|p1b: Ironmouse\n|-damage|p1b: Ironmouse|87\/100\n|move|p2a: Unagi|Waterfall|p1a: Pearls\n|-damage|p1a: Pearls|0 fnt\n|faint|p1a: Pearls\n|-end|p1a: Pearls|Protosynthesis|[silent]\n|\n|-start|p2b: Chi-Yu|perish2\n|-start|p2a: Unagi|perish2\n|-start|p1b: Ironmouse|perish2\n|upkeep\n|\n|t:|1683036959\n|switch|p1a: SSJ3 Jiggly|Scream Tail, L50, shiny|35\/100\n|turn|5\n|\n|t:|1683036966\n|move|p1a: SSJ3 Jiggly|Protect|p1a: SSJ3 Jiggly\n|-singleturn|p1a: SSJ3 Jiggly|Protect\n|move|p1b: Ironmouse|Protect|p1b: Ironmouse\n|-singleturn|p1b: Ironmouse|Protect\n|move|p2b: Chi-Yu|Overheat|p1a: SSJ3 Jiggly\n|-activate|p1a: SSJ3 Jiggly|move: Protect\n|move|p2a: Unagi|Waterfall|p1a: SSJ3 Jiggly\n|-activate|p1a: SSJ3 Jiggly|move: Protect\n|\n|-start|p2b: Chi-Yu|perish1\n|-start|p2a: Unagi|perish1\n|-start|p1b: Ironmouse|perish1\n|-sideend|p1: Bambambi|Reflect\n|-sideend|p1: Bambambi|move: Light Screen\n|upkeep\n|turn|6\n|\n|t:|1683036979\n|move|p2b: Chi-Yu|Overheat|p1a: SSJ3 Jiggly\n|-damage|p1a: SSJ3 Jiggly|18\/100\n|move|p1a: SSJ3 Jiggly|Reflect|p1a: SSJ3 Jiggly\n|-sidestart|p1: Bambambi|Reflect\n|move|p2a: Unagi|Waterfall|p1a: SSJ3 Jiggly\n|-damage|p1a: SSJ3 Jiggly|1\/100\n|move|p1b: Ironmouse|Light Screen|p1b: Ironmouse\n|-sidestart|p1: Bambambi|move: Light Screen\n|\n|-start|p2b: Chi-Yu|perish0\n|-start|p2a: Unagi|perish0\n|-start|p1b: Ironmouse|perish0\n|faint|p2b: Chi-Yu\n|faint|p2a: Unagi\n|faint|p1b: Ironmouse\n|upkeep\n|\n|t:|1683036992\n|switch|p2b: Flutter Mane|Flutter Mane, L50|100\/100\n|switch|p2a: Orchidiris|Glimmora, L50, M|100\/100\n|switch|p1b: Chi-Chi|Chi-Yu, L50|100\/100\n|-ability|p1b: Chi-Chi|Beads of Ruin\n|turn|7\n|\n|t:|1683037033\n|-terastallize|p2b: Flutter Mane|Fairy\n|move|p1a: SSJ3 Jiggly|Protect|p1a: SSJ3 Jiggly\n|-singleturn|p1a: SSJ3 Jiggly|Protect\n|move|p2b: Flutter Mane|Power Gem|p1b: Chi-Chi\n|-supereffective|p1b: Chi-Chi\n|-damage|p1b: Chi-Chi|47\/100\n|move|p1b: Chi-Chi|Snarl|p2b: Flutter Mane|[spread] p2a,p2b\n|-resisted|p2b: Flutter Mane\n|-damage|p2a: Orchidiris|86\/100\n|-damage|p2b: Flutter Mane|90\/100\n|-unboost|p2a: Orchidiris|spa|1\n|-unboost|p2b: Flutter Mane|spa|1\n|move|p2a: Orchidiris|Mortal Spin|p1b: Chi-Chi|[spread] p1b\n|-activate|p1a: SSJ3 Jiggly|move: Protect\n|-damage|p1b: Chi-Chi|43\/100\n|-status|p1b: Chi-Chi|psn\n|\n|-damage|p1b: Chi-Chi|31\/100 psn|[from] psn\n|upkeep\n|turn|8\n|\n|t:|1683037089\n|move|p2b: Flutter Mane|Power Gem|p1b: Chi-Chi\n|-supereffective|p1b: Chi-Chi\n|-damage|p1b: Chi-Chi|0 fnt\n|faint|p1b: Chi-Chi\n|move|p1a: SSJ3 Jiggly|Play Rough|p2b: Flutter Mane\n|-damage|p2b: Flutter Mane|50\/100\n|move|p2a: Orchidiris|Mortal Spin|p1a: SSJ3 Jiggly\n|-supereffective|p1a: SSJ3 Jiggly\n|-damage|p1a: SSJ3 Jiggly|0 fnt\n|faint|p1a: SSJ3 Jiggly\n|-end|p1a: SSJ3 Jiggly|Protosynthesis|[silent]\n|\n|win|MightyMudsdale\n|c|\u2606MightyMudsdale|gg wp\n","uploadtime":1683037096,"views":5,"p1id":"bambambi","p2id":"mightymudsdale","formatid":"gen9vgc2023regulationc","rating":0,"private":0,"password":""}