{"id":"gen9vgc2023regulationc-1851066369","p1":"Idk544","p2":"avantguard","format":"[Gen 9] VGC 2023 Regulation C","log":"|j|\u2606Idk544\n|j|\u2606avantguard\n|t:|1682403195\n|gametype|doubles\n|player|p1|Idk544|silver|1331\n|player|p2|avantguard|2|1371\n|teamsize|p1|6\n|teamsize|p2|5\n|gen|9\n|tier|[Gen 9] VGC 2023 Regulation C\n|rated|\n|rule|Species Clause: Limit one of each Pok\u00e9mon\n|rule|Item Clause: Limit one of each item\n|clearpoke\n|poke|p1|Orthworm, L50, M|\n|poke|p1|Iron Hands, L50|\n|poke|p1|Flutter Mane, L50|\n|poke|p1|Gholdengo, L50|\n|poke|p1|Gyarados, L50, M|\n|poke|p1|Ting-Lu, L50|\n|poke|p2|Bronzong, L50|\n|poke|p2|Annihilape, L50, F|\n|poke|p2|Vivillon, L50, F|\n|poke|p2|Ting-Lu, L50|\n|poke|p2|Rotom-Wash, L50|\n|teampreview|4\nIdk544 has agreed to open team sheets.\n|\n|t:|1682403254\n|start\n|switch|p1a: Flutter Mane|Flutter Mane, L50|100\/100\n|switch|p1b: Orthworm|Orthworm, L50, M|100\/100\n|switch|p2a: \u6028\u55df\u306e\u9b3c|Annihilape, L50, F|100\/100\n|switch|p2b: \u68b5\u9418|Bronzong, L50|100\/100\n|turn|1\n|\n|t:|1682403280\n|switch|p2a: \u30de\u30f3\u30e2\u30b9|Ting-Lu, L50|100\/100\n|-ability|p2a: \u30de\u30f3\u30e2\u30b9|Vessel of Ruin\n|move|p1b: Orthworm|Helping Hand|p1a: Flutter Mane\n|-singleturn|p1a: Flutter Mane|Helping Hand|[of] p1b: Orthworm\n|move|p1a: Flutter Mane|Shadow Ball|p2a: \u30de\u30f3\u30e2\u30b9\n|-resisted|p2a: \u30de\u30f3\u30e2\u30b9\n|-damage|p2a: \u30de\u30f3\u30e2\u30b9|82\/100\n|-unboost|p2a: \u30de\u30f3\u30e2\u30b9|spd|1\n|move|p2b: \u68b5\u9418|Trick Room|p2b: \u68b5\u9418\n|-fieldstart|move: Trick Room|[of] p2b: \u68b5\u9418\n|\n|upkeep\n|turn|2\n|\n|t:|1682403309\n|-end|p1a: Flutter Mane|Protosynthesis|[silent]\n|switch|p1a: Iron Hands|Iron Hands, L50|100\/100\n|move|p2b: \u68b5\u9418|Body Press|p1b: Orthworm\n|-supereffective|p1b: Orthworm\n|-damage|p1b: Orthworm|55\/100\n|move|p2a: \u30de\u30f3\u30e2\u30b9|Throat Chop|p1b: Orthworm\n|-damage|p1b: Orthworm|26\/100\n|-start|p1b: Orthworm|Throat Chop|[silent]\n|-enditem|p1b: Orthworm|Sitrus Berry|[eat]\n|-heal|p1b: Orthworm|51\/100|[from] item: Sitrus Berry\n|move|p1b: Orthworm|Shed Tail|p1b: Orthworm\n|-start|p1b: Orthworm|Substitute|[from] move: Shed Tail\n|-damage|p1b: Orthworm|1\/100\n|\n|t:|1682403328\n|switch|p1b: Flutter Mane|Flutter Mane, L50|100\/100|[from] Shed Tail\n|\n|upkeep\n|turn|3\n|\n|t:|1682403345\n|move|p2a: \u30de\u30f3\u30e2\u30b9|Protect|p2a: \u30de\u30f3\u30e2\u30b9\n|-singleturn|p2a: \u30de\u30f3\u30e2\u30b9|Protect\n|move|p1a: Iron Hands|Fake Out|p2a: \u30de\u30f3\u30e2\u30b9\n|-activate|p2a: \u30de\u30f3\u30e2\u30b9|move: Protect\n|move|p2b: \u68b5\u9418|Gyro Ball|p1b: Flutter Mane\n|-supereffective|p1b: Flutter Mane\n|-end|p1b: Flutter Mane|Substitute\n|move|p1b: Flutter Mane|Shadow Ball|p2b: \u68b5\u9418\n|-supereffective|p2b: \u68b5\u9418\n|-damage|p2b: \u68b5\u9418|35\/100\n|\n|upkeep\n|turn|4\n|\n|t:|1682403372\n|move|p1b: Flutter Mane|Protect|p1b: Flutter Mane\n|-singleturn|p1b: Flutter Mane|Protect\n|move|p2b: \u68b5\u9418|Gyro Ball|p1b: Flutter Mane\n|-activate|p1b: Flutter Mane|move: Protect\n|move|p1a: Iron Hands|Drain Punch|p2a: \u30de\u30f3\u30e2\u30b9\n|-supereffective|p2a: \u30de\u30f3\u30e2\u30b9\n|-damage|p2a: \u30de\u30f3\u30e2\u30b9|27\/100\n|-enditem|p2a: \u30de\u30f3\u30e2\u30b9|Weakness Policy\n|-boost|p2a: \u30de\u30f3\u30e2\u30b9|atk|2|[from] item: Weakness Policy\n|-boost|p2a: \u30de\u30f3\u30e2\u30b9|spa|2|[from] item: Weakness Policy\n|move|p2a: \u30de\u30f3\u30e2\u30b9|Earthquake|p1b: Flutter Mane|[spread] p1a\n|-activate|p1b: Flutter Mane|move: Protect\n|-immune|p2b: \u68b5\u9418|[from] ability: Levitate\n|-supereffective|p1a: Iron Hands\n|-damage|p1a: Iron Hands|9\/100\n|\n|upkeep\n|turn|5\n|\n|t:|1682403400\n|-end|p1b: Flutter Mane|Protosynthesis|[silent]\n|switch|p1b: Orthworm|Orthworm, L50, M|1\/100\n|move|p2b: \u68b5\u9418|Body Press|p1a: Iron Hands\n|-damage|p1a: Iron Hands|0 fnt\n|faint|p1a: Iron Hands\n|-end|p1a: Iron Hands|Quark Drive|[silent]\n|move|p2a: \u30de\u30f3\u30e2\u30b9|Earthquake|p1b: Orthworm|[spread] \n|-heal|p1b: Orthworm|26\/100|[from] ability: Earth Eater|[of] p2a: \u30de\u30f3\u30e2\u30b9\n|-immune|p2b: \u68b5\u9418|[from] ability: Levitate\n|\n|-fieldend|move: Trick Room\n|upkeep\n|\n|t:|1682403416\n|switch|p1a: Flutter Mane|Flutter Mane, L50|100\/100\n|turn|6\n|\n|t:|1682403435\n|-terastallize|p1a: Flutter Mane|Fairy\n|-terastallize|p2b: \u68b5\u9418|Electric\n|move|p1b: Orthworm|Helping Hand|p1a: Flutter Mane\n|-singleturn|p1a: Flutter Mane|Helping Hand|[of] p1b: Orthworm\n|move|p1a: Flutter Mane|Dazzling Gleam|p2b: \u68b5\u9418|[spread] p2a,p2b\n|-supereffective|p2a: \u30de\u30f3\u30e2\u30b9\n|-damage|p2a: \u30de\u30f3\u30e2\u30b9|0 fnt\n|-damage|p2b: \u68b5\u9418|0 fnt\n|faint|p2a: \u30de\u30f3\u30e2\u30b9\n|faint|p2b: \u68b5\u9418\n|\n|upkeep\n|\n|t:|1682403444\n|switch|p2a: \u96f7\u306e\u9006\u8ee2|Rotom-Wash, L50|100\/100\n|switch|p2b: \u6028\u55df\u306e\u9b3c|Annihilape, L50, F|100\/100\n|turn|7\n|\n|t:|1682403457\n|move|p1b: Orthworm|Helping Hand|p1a: Flutter Mane\n|-singleturn|p1a: Flutter Mane|Helping Hand|[of] p1b: Orthworm\n|move|p2b: \u6028\u55df\u306e\u9b3c|Protect|p2b: \u6028\u55df\u306e\u9b3c\n|-singleturn|p2b: \u6028\u55df\u306e\u9b3c|Protect\n|move|p1a: Flutter Mane|Dazzling Gleam|p2b: \u6028\u55df\u306e\u9b3c|[spread] p2a\n|-activate|p2b: \u6028\u55df\u306e\u9b3c|move: Protect\n|-damage|p2a: \u96f7\u306e\u9006\u8ee2|34\/100\n|move|p2a: \u96f7\u306e\u9006\u8ee2|Discharge|p1b: Orthworm|[spread] p1a,p1b\n|-activate|p2b: \u6028\u55df\u306e\u9b3c|move: Protect\n|-damage|p1a: Flutter Mane|77\/100\n|-damage|p1b: Orthworm|0 fnt\n|faint|p1b: Orthworm\n|\n|upkeep\n|\n|t:|1682403473\n|switch|p1b: Ting-Lu|Ting-Lu, L50|100\/100\n|-ability|p1b: Ting-Lu|Vessel of Ruin\n|turn|8\n|\n|t:|1682403481\n|move|p1a: Flutter Mane|Protect|p1a: Flutter Mane\n|-singleturn|p1a: Flutter Mane|Protect\n|move|p2a: \u96f7\u306e\u9006\u8ee2|Protect|p2a: \u96f7\u306e\u9006\u8ee2\n|-singleturn|p2a: \u96f7\u306e\u9006\u8ee2|Protect\n|move|p2b: \u6028\u55df\u306e\u9b3c|Rage Fist|p1a: Flutter Mane\n|-activate|p1a: Flutter Mane|move: Protect\n|move|p1b: Ting-Lu|Throat Chop|p2a: \u96f7\u306e\u9006\u8ee2\n|-activate|p2a: \u96f7\u306e\u9006\u8ee2|move: Protect\n|\n|upkeep\n|turn|9\n|\n|t:|1682403500\n|move|p2b: \u6028\u55df\u306e\u9b3c|Protect|p2b: \u6028\u55df\u306e\u9b3c\n|-singleturn|p2b: \u6028\u55df\u306e\u9b3c|Protect\n|move|p1a: Flutter Mane|Moonblast|p2b: \u6028\u55df\u306e\u9b3c\n|-activate|p2b: \u6028\u55df\u306e\u9b3c|move: Protect\n|move|p2a: \u96f7\u306e\u9006\u8ee2|Discharge|p1b: Ting-Lu|[spread] p1a\n|-activate|p2b: \u6028\u55df\u306e\u9b3c|move: Protect\n|-immune|p1b: Ting-Lu\n|-crit|p1a: Flutter Mane\n|-damage|p1a: Flutter Mane|49\/100\n|-status|p1a: Flutter Mane|par\n|move|p1b: Ting-Lu|Stomping Tantrum|p2b: \u6028\u55df\u306e\u9b3c\n|-activate|p2b: \u6028\u55df\u306e\u9b3c|move: Protect\n|\n|upkeep\n|turn|10\n|\n|t:|1682403550\n|cant|p1a: Flutter Mane|par\n|move|p2b: \u6028\u55df\u306e\u9b3c|Rage Fist|p1a: Flutter Mane\n|-damage|p1a: Flutter Mane|3\/100 par\n|move|p2a: \u96f7\u306e\u9006\u8ee2|Hydro Pump|p1a: Flutter Mane\n|-damage|p1a: Flutter Mane|0 fnt\n|faint|p1a: Flutter Mane\n|-end|p1a: Flutter Mane|Protosynthesis|[silent]\n|move|p1b: Ting-Lu|Stomping Tantrum|p2b: \u6028\u55df\u306e\u9b3c\n|-damage|p2b: \u6028\u55df\u306e\u9b3c|73\/100\n|\n|upkeep\n|turn|11\n|\n|t:|1682403566\n|move|p2b: \u6028\u55df\u306e\u9b3c|Bulk Up|p2b: \u6028\u55df\u306e\u9b3c\n|-boost|p2b: \u6028\u55df\u306e\u9b3c|atk|1\n|-boost|p2b: \u6028\u55df\u306e\u9b3c|def|1\n|move|p2a: \u96f7\u306e\u9006\u8ee2|Will-O-Wisp|p1b: Ting-Lu\n|-status|p1b: Ting-Lu|brn\n|move|p1b: Ting-Lu|Throat Chop|p2a: \u96f7\u306e\u9006\u8ee2\n|-damage|p2a: \u96f7\u306e\u9006\u8ee2|18\/100\n|-start|p2a: \u96f7\u306e\u9006\u8ee2|Throat Chop|[silent]\n|\n|-damage|p1b: Ting-Lu|94\/100 brn|[from] brn\n|upkeep\n|turn|12\n|-message|Idk544 forfeited.\n|\n|win|avantguard\n|raw|Idk544's rating: 1331 → 1313<\/strong> (-18 for losing)\n|raw|avantguard's rating: 1371 → 1389<\/strong> (+18 for winning)\n","uploadtime":1682403587,"views":15,"p1id":"idk544","p2id":"avantguard","formatid":"gen9vgc2023regulationc","rating":1313,"private":0,"password":""}