{"id":"gen9vgc2023regulationc-1861693640","p1":"jmmata95","p2":"Celaerity1","format":"[Gen 9] VGC 2023 Regulation C","log":"|j|\u2606jmmata95\n|j|\u2606Celaerity1\n|t:|1683795488\n|gametype|doubles\n|player|p1|jmmata95|265|1372\n|player|p2|Celaerity1|265|1432\n|teamsize|p1|6\n|teamsize|p2|6\n|gen|9\n|tier|[Gen 9] VGC 2023 Regulation C\n|rated|\n|rule|Species Clause: Limit one of each Pok\u00e9mon\n|rule|Item Clause: Limit one of each item\n|clearpoke\n|poke|p1|Talonflame, L50, F|\n|poke|p1|Iron Bundle, L50|\n|poke|p1|Iron Hands, L50|\n|poke|p1|Gholdengo, L50|\n|poke|p1|Garchomp, L50, M|\n|poke|p1|Chien-Pao, L50|\n|poke|p2|Iron Bundle, L50|\n|poke|p2|Abomasnow, L50, M|\n|poke|p2|Dondozo, L50, M|\n|poke|p2|Tatsugiri-Stretchy, L50, M|\n|poke|p2|Maushold, L50|\n|poke|p2|Annihilape, L50, M|\n|teampreview|4\n|inactive|Battle timer is ON: inactive players will automatically lose when time's up. (requested by jmmata95)\njmmata95 rejected open team sheets.\n|inactive|Celaerity1 has 60 seconds left.\n|inactive|Celaerity1 has 30 seconds left.\n|inactive|Celaerity1 has 20 seconds left.\n|\n|t:|1683795565\n|start\n|switch|p1a: Talonflame|Talonflame, L50, F|100\/100\n|switch|p1b: Garchomp|Garchomp, L50, M|100\/100\n|switch|p2a: Maushold|Maushold, L50|100\/100\n|switch|p2b: Annihilape|Annihilape, L50, M|100\/100\n|turn|1\n|\n|t:|1683795583\n|move|p2a: Maushold|Follow Me|p2a: Maushold\n|-singleturn|p2a: Maushold|move: Follow Me\n|move|p1a: Talonflame|Taunt|p2a: Maushold\n|-start|p2a: Maushold|move: Taunt\n|move|p1b: Garchomp|Earthquake|p2b: Annihilape|[spread] p2a,p2b\n|-immune|p1a: Talonflame\n|-damage|p2a: Maushold|35\/100\n|-damage|p2b: Annihilape|61\/100\n|-damage|p1b: Garchomp|91\/100|[from] item: Life Orb\n|move|p2b: Annihilape|Bulk Up|p2b: Annihilape\n|-boost|p2b: Annihilape|atk|1\n|-boost|p2b: Annihilape|def|1\n|\n|upkeep\n|turn|2\n|\n|t:|1683795607\n|move|p1a: Talonflame|Brave Bird|p2b: Annihilape\n|-supereffective|p2b: Annihilape\n|-damage|p2b: Annihilape|15\/100\n|-enditem|p2b: Annihilape|Sitrus Berry|[eat]\n|-heal|p2b: Annihilape|40\/100|[from] item: Sitrus Berry\n|-damage|p1a: Talonflame|80\/100|[from] Recoil\n|move|p1b: Garchomp|Earthquake|p2b: Annihilape|[spread] p2a,p2b\n|-immune|p1a: Talonflame\n|-damage|p2a: Maushold|0 fnt\n|-damage|p2b: Annihilape|13\/100\n|faint|p2a: Maushold\n|-damage|p1b: Garchomp|81\/100|[from] item: Life Orb\n|move|p2b: Annihilape|Rage Fist|p1a: Talonflame\n|-damage|p1a: Talonflame|0 fnt\n|faint|p1a: Talonflame\n|\n|upkeep\n|inactive|jmmata95 has 30 seconds left.\n|inactive|jmmata95 has 20 seconds left.\n|\n|t:|1683795642\n|switch|p1a: Iron Bundle|Iron Bundle, L50|100\/100\n|switch|p2a: Tatsugiri|Tatsugiri-Stretchy, L50, M|100\/100\n|-enditem|p1a: Iron Bundle|Booster Energy\n|-activate|p1a: Iron Bundle|ability: Quark Drive|[fromitem]\n|-start|p1a: Iron Bundle|quarkdrivespe\n|turn|3\n|inactive|jmmata95 has 30 seconds left.\n|inactive|jmmata95 has 20 seconds left.\n|inactive|jmmata95 has 15 seconds left.\n|inactive|jmmata95 has 10 seconds left.\n|\n|t:|1683795691\n|-terastallize|p2a: Tatsugiri|Steel\n|move|p2b: Annihilape|Protect|p2b: Annihilape\n|-singleturn|p2b: Annihilape|Protect\n|move|p1a: Iron Bundle|Freeze-Dry|p2a: Tatsugiri\n|-resisted|p2a: Tatsugiri\n|-damage|p2a: Tatsugiri|75\/100\n|move|p2a: Tatsugiri|Draco Meteor|p1a: Iron Bundle\n|-damage|p1a: Iron Bundle|0 fnt\n|-unboost|p2a: Tatsugiri|spa|2\n|faint|p1a: Iron Bundle\n|-end|p1a: Iron Bundle|Quark Drive|[silent]\n|move|p1b: Garchomp|Rock Slide|p2a: Tatsugiri|[spread] p2a\n|-activate|p2b: Annihilape|move: Protect\n|-resisted|p2a: Tatsugiri\n|-damage|p2a: Tatsugiri|49\/100\n|-damage|p1b: Garchomp|72\/100|[from] item: Life Orb\n|\n|upkeep\n|\n|t:|1683795701\n|switch|p1a: Iron Hands|Iron Hands, L50|100\/100\n|turn|4\n|inactive|jmmata95 has 30 seconds left.\n|inactive|jmmata95 has 20 seconds left.\n|inactive|jmmata95 has 15 seconds left.\n|inactive|jmmata95 has 10 seconds left.\n|\n|t:|1683795748\n|switch|p2b: Dondozo|Dondozo, L50, M|100\/100\n|-activate|p2a: Tatsugiri|ability: Commander|[of] p2b: Dondozo\n|-boost|p2b: Dondozo|atk|2\n|-boost|p2b: Dondozo|spa|2\n|-boost|p2b: Dondozo|spe|2\n|-boost|p2b: Dondozo|def|2\n|-boost|p2b: Dondozo|spd|2\n|move|p1b: Garchomp|Rock Slide|p2a: Tatsugiri|[spread] p2b\n|-miss|p1b: Garchomp|p2a: Tatsugiri\n|-damage|p2b: Dondozo|90\/100\n|-damage|p1b: Garchomp|62\/100|[from] item: Life Orb\n|move|p1a: Iron Hands|Drain Punch|p2a: Tatsugiri|[miss]\n|-miss|p1a: Iron Hands|p2a: Tatsugiri\n|\n|-heal|p2b: Dondozo|97\/100|[from] item: Leftovers\n|upkeep\n|turn|5\n|\n|t:|1683795767\n|move|p2b: Dondozo|Earthquake|p1a: Iron Hands|[spread] p1a,p1b\n|-miss|p2b: Dondozo|p2a: Tatsugiri\n|-supereffective|p1a: Iron Hands\n|-damage|p1a: Iron Hands|43\/100\n|-damage|p1b: Garchomp|24\/100\n|move|p1b: Garchomp|Rock Slide|p2b: Dondozo|[spread] p2b\n|-miss|p1b: Garchomp|p2a: Tatsugiri\n|-damage|p2b: Dondozo|87\/100\n|-damage|p1b: Garchomp|15\/100|[from] item: Life Orb\n|move|p1a: Iron Hands|Wild Charge|p2b: Dondozo\n|-supereffective|p2b: Dondozo\n|-damage|p2b: Dondozo|49\/100\n|-damage|p1a: Iron Hands|34\/100|[from] Recoil\n|\n|-heal|p2b: Dondozo|55\/100|[from] item: Leftovers\n|upkeep\n|turn|6\n|\n|t:|1683795783\n|-terastallize|p1a: Iron Hands|Grass\n|move|p2b: Dondozo|Earthquake|p1a: Iron Hands|[spread] p1a,p1b\n|-miss|p2b: Dondozo|p2a: Tatsugiri\n|-resisted|p1a: Iron Hands\n|-damage|p1a: Iron Hands|19\/100\n|-damage|p1b: Garchomp|0 fnt\n|faint|p1b: Garchomp\n|move|p1a: Iron Hands|Wild Charge|p2b: Dondozo\n|-supereffective|p2b: Dondozo\n|-damage|p2b: Dondozo|20\/100\n|-damage|p1a: Iron Hands|10\/100|[from] Recoil\n|\n|-heal|p2b: Dondozo|26\/100|[from] item: Leftovers\n|upkeep\n|turn|7\n|\n|t:|1683795794\n|move|p2b: Dondozo|Wave Crash|p1a: Iron Hands\n|-resisted|p1a: Iron Hands\n|-damage|p1a: Iron Hands|0 fnt\n|faint|p1a: Iron Hands\n|-end|p1a: Iron Hands|Quark Drive|[silent]\n|-damage|p2b: Dondozo|22\/100|[from] Recoil\n|\n|win|Celaerity1\n|raw|jmmata95's rating: 1372 → 1355<\/strong> (-17 for losing)\n|raw|Celaerity1's rating: 1432 → 1449<\/strong> (+17 for winning)\n|l|\u2606jmmata95\n","uploadtime":1683795816,"views":14,"p1id":"jmmata95","p2id":"celaerity1","formatid":"gen9vgc2023regulationc","rating":1355,"private":0,"password":""}