{"id":"gen9vgc2023regulationc-1848679368","p1":"Phoenix_76734","p2":"Missed Ledgedash","format":"[Gen 9] VGC 2023 Regulation C","log":"|j|\u2606Phoenix_76734\n|j|\u203dMissed Ledgedash\n|t:|1682100170\n|gametype|doubles\n|player|p1|Phoenix_76734|101|1206\n|player|p2|Missed Ledgedash|hilda|1279\n|teamsize|p1|6\n|teamsize|p2|6\n|gen|9\n|tier|[Gen 9] VGC 2023 Regulation C\n|rated|\n|rule|Species Clause: Limit one of each Pok\u00e9mon\n|rule|Item Clause: Limit one of each item\n|clearpoke\n|poke|p1|Skeledirge, L50, F|\n|poke|p1|Meowscarada, L50, F|\n|poke|p1|Toedscruel, L50, M|\n|poke|p1|Hydreigon, L50, F|\n|poke|p1|Kingambit, L50, F|\n|poke|p1|Annihilape, L50, M|\n|poke|p2|Flutter Mane, L50|\n|poke|p2|Arcanine, L50, M|\n|poke|p2|Amoonguss, L50, M|\n|poke|p2|Palafin, L50, M|\n|poke|p2|Corviknight, L50, F|\n|poke|p2|Iron Hands, L50|\n|teampreview|4\nMissed Ledgedash has agreed to open team sheets.\n|inactive|Battle timer is ON: inactive players will automatically lose when time's up. (requested by Phoenix_76734)\n|\n|t:|1682100216\n|start\n|switch|p1a: Meowscarada|Meowscarada, L50, F|100\/100\n|switch|p1b: Kingambit|Kingambit, L50, F|100\/100\n|switch|p2a: Palafin|Palafin, L50, M|100\/100\n|switch|p2b: Flutter Mane|Flutter Mane, L50|100\/100\n|turn|1\n|inactive|Missed Ledgedash has 30 seconds left.\n|\n|t:|1682100242\n|detailschange|p2a: Palafin|Palafin-Hero, L50, M\n|switch|p2a: Corviknight|Corviknight, L50, F|100\/100\n|move|p2b: Flutter Mane|Protect|p2b: Flutter Mane\n|-singleturn|p2b: Flutter Mane|Protect\n|move|p1a: Meowscarada|Flower Trick|p2a: Corviknight\n|-resisted|p2a: Corviknight\n|-crit|p2a: Corviknight\n|-damage|p2a: Corviknight|90\/100\n|move|p1b: Kingambit|Iron Head|p2b: Flutter Mane\n|-activate|p2b: Flutter Mane|move: Protect\n|\n|-heal|p2a: Corviknight|96\/100|[from] item: Leftovers\n|upkeep\n|turn|2\n|\n|t:|1682100257\n|-end|p2b: Flutter Mane|Protosynthesis|[silent]\n|switch|p2b: Iron Hands|Iron Hands, L50|100\/100\n|switch|p1a: Skeledirge|Skeledirge, L50, F|100\/100\n|move|p2a: Corviknight|Substitute|p2a: Corviknight\n|-start|p2a: Corviknight|Substitute\n|-damage|p2a: Corviknight|71\/100\n|move|p1b: Kingambit|Iron Head|p2b: Iron Hands\n|-resisted|p2b: Iron Hands\n|-damage|p2b: Iron Hands|85\/100\n|\n|-heal|p2a: Corviknight|77\/100|[from] item: Leftovers\n|upkeep\n|turn|3\n|\n|t:|1682100274\n|switch|p1b: Annihilape|Annihilape, L50, M|100\/100\n|-terastallize|p2a: Corviknight|Dragon\n|move|p2a: Corviknight|Bulk Up|p2a: Corviknight\n|-boost|p2a: Corviknight|atk|1\n|-boost|p2a: Corviknight|def|1\n|move|p1a: Skeledirge|Torch Song|p2a: Corviknight\n|-resisted|p2a: Corviknight\n|-damage|p2a: Corviknight|60\/100\n|-boost|p1a: Skeledirge|spa|1\n|move|p2b: Iron Hands|Wild Charge|p1a: Skeledirge\n|-damage|p1a: Skeledirge|64\/100\n|-damage|p2b: Iron Hands|77\/100|[from] Recoil\n|\n|-heal|p1a: Skeledirge|70\/100|[from] item: Leftovers\n|-heal|p2a: Corviknight|66\/100|[from] item: Leftovers\n|upkeep\n|turn|4\n|\n|t:|1682100299\n|-terastallize|p1a: Skeledirge|Fairy\n|move|p1b: Annihilape|Final Gambit|p2b: Iron Hands\n|-damage|p2b: Iron Hands|0 fnt\n|faint|p1b: Annihilape\n|faint|p2b: Iron Hands\n|-end|p2b: Iron Hands|Quark Drive|[silent]\n|move|p1a: Skeledirge|Tera Blast|p2a: Corviknight\n|-supereffective|p2a: Corviknight\n|-end|p2a: Corviknight|Substitute\n|move|p2a: Corviknight|Brave Bird|p1a: Skeledirge\n|-damage|p1a: Skeledirge|28\/100\n|-damage|p2a: Corviknight|52\/100|[from] Recoil\n|\n|-heal|p1a: Skeledirge|34\/100|[from] item: Leftovers\n|-heal|p2a: Corviknight|58\/100|[from] item: Leftovers\n|upkeep\n|\n|t:|1682100313\n|switch|p1b: Meowscarada|Meowscarada, L50, F|100\/100\n|switch|p2b: Palafin|Palafin-Hero, L50, M|100\/100\n|-activate|p2b: Palafin|ability: Zero to Hero\n|turn|5\n|\n|t:|1682100330\n|move|p1a: Skeledirge|Protect|p1a: Skeledirge\n|-singleturn|p1a: Skeledirge|Protect\n|move|p2b: Palafin|Jet Punch|p1a: Skeledirge\n|-activate|p1a: Skeledirge|move: Protect\n|move|p1b: Meowscarada|Flower Trick|p2b: Palafin\n|-supereffective|p2b: Palafin\n|-crit|p2b: Palafin\n|-damage|p2b: Palafin|14\/100\n|move|p2a: Corviknight|Roost|p2a: Corviknight\n|-heal|p2a: Corviknight|100\/100\n|\n|-heal|p1a: Skeledirge|40\/100|[from] item: Leftovers\n|upkeep\n|turn|6\n|\n|t:|1682100352\n|move|p1b: Meowscarada|Sucker Punch|p2b: Palafin\n|-damage|p2b: Palafin|0 fnt\n|faint|p2b: Palafin\n|move|p1a: Skeledirge|Slack Off|p1a: Skeledirge\n|-heal|p1a: Skeledirge|91\/100\n|move|p2a: Corviknight|Brave Bird|p1b: Meowscarada\n|-supereffective|p1b: Meowscarada\n|-enditem|p1b: Meowscarada|Focus Sash\n|-damage|p1b: Meowscarada|1\/100\n|-damage|p2a: Corviknight|76\/100|[from] Recoil\n|\n|-heal|p2a: Corviknight|82\/100|[from] item: Leftovers\n|-heal|p1a: Skeledirge|97\/100|[from] item: Leftovers\n|upkeep\n|\n|t:|1682100358\n|switch|p2b: Flutter Mane|Flutter Mane, L50|100\/100\n|turn|7\n|\n|t:|1682100384\n|move|p2b: Flutter Mane|Dazzling Gleam|p1a: Skeledirge|[spread] p1a,p1b\n|-supereffective|p1b: Meowscarada\n|-damage|p1a: Skeledirge|66\/100\n|-damage|p1b: Meowscarada|0 fnt\n|faint|p1b: Meowscarada\n|-damage|p2b: Flutter Mane|90\/100|[from] item: Life Orb\n|move|p2a: Corviknight|Substitute|p2a: Corviknight\n|-start|p2a: Corviknight|Substitute\n|-damage|p2a: Corviknight|57\/100\n|move|p1a: Skeledirge|Torch Song|p2b: Flutter Mane\n|-damage|p2b: Flutter Mane|39\/100\n|-boost|p1a: Skeledirge|spa|1\n|\n|-heal|p2a: Corviknight|63\/100|[from] item: Leftovers\n|-heal|p1a: Skeledirge|73\/100|[from] item: Leftovers\n|upkeep\n|\n|t:|1682100389\n|switch|p1b: Kingambit|Kingambit, L50, F|100\/100\n|turn|8\n|\n|t:|1682100411\n|move|p2b: Flutter Mane|Moonblast|p1a: Skeledirge\n|-damage|p1a: Skeledirge|23\/100\n|-unboost|p1a: Skeledirge|spa|1\n|-damage|p2b: Flutter Mane|29\/100|[from] item: Life Orb\n|move|p1a: Skeledirge|Torch Song|p2b: Flutter Mane\n|-damage|p2b: Flutter Mane|0 fnt\n|-boost|p1a: Skeledirge|spa|1\n|faint|p2b: Flutter Mane\n|-end|p2b: Flutter Mane|Protosynthesis|[silent]\n|move|p2a: Corviknight|Brave Bird|p1a: Skeledirge\n|-damage|p1a: Skeledirge|0 fnt\n|faint|p1a: Skeledirge\n|-damage|p2a: Corviknight|55\/100|[from] Recoil\n|move|p1b: Kingambit|Kowtow Cleave|p2a: Corviknight\n|-end|p2a: Corviknight|Substitute\n|\n|-heal|p2a: Corviknight|61\/100|[from] item: Leftovers\n|upkeep\n|turn|9\n|\n|t:|1682100428\n|move|p2a: Corviknight|Roost|p2a: Corviknight\n|-heal|p2a: Corviknight|100\/100\n|move|p1b: Kingambit|Kowtow Cleave|p2a: Corviknight\n|-crit|p2a: Corviknight\n|-damage|p2a: Corviknight|41\/100\n|\n|-heal|p2a: Corviknight|47\/100|[from] item: Leftovers\n|upkeep\n|turn|10\n|\n|t:|1682100437\n|move|p2a: Corviknight|Roost|p2a: Corviknight\n|-heal|p2a: Corviknight|97\/100\n|move|p1b: Kingambit|Kowtow Cleave|p2a: Corviknight\n|-damage|p2a: Corviknight|70\/100\n|\n|-heal|p2a: Corviknight|76\/100|[from] item: Leftovers\n|upkeep\n|turn|11\n|\n|t:|1682100448\n|move|p2a: Corviknight|Bulk Up|p2a: Corviknight\n|-boost|p2a: Corviknight|atk|1\n|-boost|p2a: Corviknight|def|1\n|move|p1b: Kingambit|Kowtow Cleave|p2a: Corviknight\n|-damage|p2a: Corviknight|54\/100\n|\n|-heal|p2a: Corviknight|60\/100|[from] item: Leftovers\n|upkeep\n|turn|12\n|\n|t:|1682100456\n|move|p2a: Corviknight|Substitute|p2a: Corviknight\n|-start|p2a: Corviknight|Substitute\n|-damage|p2a: Corviknight|35\/100\n|move|p1b: Kingambit|Kowtow Cleave|p2a: Corviknight\n|-activate|p2a: Corviknight|move: Substitute|[damage]\n|\n|-heal|p2a: Corviknight|41\/100|[from] item: Leftovers\n|upkeep\n|turn|13\n|\n|t:|1682100462\n|move|p2a: Corviknight|Roost|p2a: Corviknight\n|-heal|p2a: Corviknight|91\/100\n|move|p1b: Kingambit|Kowtow Cleave|p2a: Corviknight\n|-end|p2a: Corviknight|Substitute\n|\n|-heal|p2a: Corviknight|97\/100|[from] item: Leftovers\n|upkeep\n|turn|14\n|\n|t:|1682100470\n|move|p2a: Corviknight|Substitute|p2a: Corviknight\n|-start|p2a: Corviknight|Substitute\n|-damage|p2a: Corviknight|72\/100\n|move|p1b: Kingambit|Kowtow Cleave|p2a: Corviknight\n|-activate|p2a: Corviknight|move: Substitute|[damage]\n|\n|-heal|p2a: Corviknight|78\/100|[from] item: Leftovers\n|upkeep\n|turn|15\n|\n|t:|1682100477\n|move|p2a: Corviknight|Bulk Up|p2a: Corviknight\n|-boost|p2a: Corviknight|atk|1\n|-boost|p2a: Corviknight|def|1\n|move|p1b: Kingambit|Kowtow Cleave|p2a: Corviknight\n|-end|p2a: Corviknight|Substitute\n|\n|-heal|p2a: Corviknight|84\/100|[from] item: Leftovers\n|upkeep\n|turn|16\n|\n|t:|1682100484\n|move|p2a: Corviknight|Substitute|p2a: Corviknight\n|-start|p2a: Corviknight|Substitute\n|-damage|p2a: Corviknight|59\/100\n|move|p1b: Kingambit|Kowtow Cleave|p2a: Corviknight\n|-activate|p2a: Corviknight|move: Substitute|[damage]\n|\n|-heal|p2a: Corviknight|65\/100|[from] item: Leftovers\n|upkeep\n|turn|17\n|\n|t:|1682100491\n|move|p2a: Corviknight|Bulk Up|p2a: Corviknight\n|-boost|p2a: Corviknight|atk|1\n|-boost|p2a: Corviknight|def|1\n|move|p1b: Kingambit|Kowtow Cleave|p2a: Corviknight\n|-crit|p2a: Corviknight\n|-end|p2a: Corviknight|Substitute\n|\n|-heal|p2a: Corviknight|71\/100|[from] item: Leftovers\n|upkeep\n|turn|18\n|\n|t:|1682100499\n|move|p2a: Corviknight|Substitute|p2a: Corviknight\n|-start|p2a: Corviknight|Substitute\n|-damage|p2a: Corviknight|46\/100\n|move|p1b: Kingambit|Iron Head|p2a: Corviknight\n|-activate|p2a: Corviknight|move: Substitute|[damage]\n|\n|-heal|p2a: Corviknight|52\/100|[from] item: Leftovers\n|upkeep\n|turn|19\n|\n|t:|1682100506\n|move|p2a: Corviknight|Bulk Up|p2a: Corviknight\n|-boost|p2a: Corviknight|atk|1\n|-boost|p2a: Corviknight|def|1\n|move|p1b: Kingambit|Iron Head|p2a: Corviknight\n|-end|p2a: Corviknight|Substitute\n|\n|-heal|p2a: Corviknight|58\/100|[from] item: Leftovers\n|upkeep\n|turn|20\n|\n|t:|1682100514\n|move|p2a: Corviknight|Substitute|p2a: Corviknight\n|-start|p2a: Corviknight|Substitute\n|-damage|p2a: Corviknight|33\/100\n|move|p1b: Kingambit|Iron Head|p2a: Corviknight\n|-activate|p2a: Corviknight|move: Substitute|[damage]\n|\n|-heal|p2a: Corviknight|39\/100|[from] item: Leftovers\n|upkeep\n|turn|21\n|\n|t:|1682100520\n|move|p2a: Corviknight|Roost|p2a: Corviknight\n|-heal|p2a: Corviknight|90\/100\n|move|p1b: Kingambit|Iron Head|p2a: Corviknight\n|-end|p2a: Corviknight|Substitute\n|\n|-heal|p2a: Corviknight|96\/100|[from] item: Leftovers\n|upkeep\n|turn|22\n|\n|t:|1682100529\n|move|p2a: Corviknight|Substitute|p2a: Corviknight\n|-start|p2a: Corviknight|Substitute\n|-damage|p2a: Corviknight|71\/100\n|move|p1b: Kingambit|Iron Head|p2a: Corviknight\n|-activate|p2a: Corviknight|move: Substitute|[damage]\n|\n|-heal|p2a: Corviknight|77\/100|[from] item: Leftovers\n|upkeep\n|turn|23\n|\n|t:|1682100537\n|move|p2a: Corviknight|Bulk Up|p2a: Corviknight\n|-boost|p2a: Corviknight|atk|1\n|-boost|p2a: Corviknight|def|1\n|move|p1b: Kingambit|Iron Head|p2a: Corviknight\n|-activate|p2a: Corviknight|move: Substitute|[damage]\n|\n|-heal|p2a: Corviknight|83\/100|[from] item: Leftovers\n|upkeep\n|turn|24\n|\n|t:|1682100544\n|move|p2a: Corviknight|Brave Bird|p1b: Kingambit\n|-resisted|p1b: Kingambit\n|-damage|p1b: Kingambit|18\/100\n|-enditem|p1b: Kingambit|Sitrus Berry|[eat]\n|-heal|p1b: Kingambit|43\/100|[from] item: Sitrus Berry\n|-damage|p2a: Corviknight|57\/100|[from] Recoil\n|move|p1b: Kingambit|Iron Head|p2a: Corviknight\n|-end|p2a: Corviknight|Substitute\n|\n|-heal|p2a: Corviknight|63\/100|[from] item: Leftovers\n|upkeep\n|turn|25\n|\n|t:|1682100557\n|move|p2a: Corviknight|Substitute|p2a: Corviknight\n|-start|p2a: Corviknight|Substitute\n|-damage|p2a: Corviknight|38\/100\n|move|p1b: Kingambit|Kowtow Cleave|p2a: Corviknight\n|-crit|p2a: Corviknight\n|-end|p2a: Corviknight|Substitute\n|\n|-heal|p2a: Corviknight|44\/100|[from] item: Leftovers\n|upkeep\n|turn|26\n|\n|t:|1682100568\n|move|p1b: Kingambit|Sucker Punch||[still]\n|-fail|p1b: Kingambit\n|move|p2a: Corviknight|Substitute|p2a: Corviknight\n|-start|p2a: Corviknight|Substitute\n|-damage|p2a: Corviknight|19\/100\n|\n|-heal|p2a: Corviknight|25\/100|[from] item: Leftovers\n|upkeep\n|turn|27\n|\n|t:|1682100571\n|move|p2a: Corviknight|Brave Bird|p1b: Kingambit\n|-resisted|p1b: Kingambit\n|-damage|p1b: Kingambit|0 fnt\n|faint|p1b: Kingambit\n|-damage|p2a: Corviknight|11\/100|[from] Recoil\n|\n|win|Missed Ledgedash\n|raw|Phoenix_76734's rating: 1206 → 1186<\/strong> (-20 for losing)\n|raw|Missed Ledgedash's rating: 1279 → 1299<\/strong> (+20 for winning)\n|l|\u2606Phoenix_76734\n","uploadtime":1682100585,"views":11,"p1id":"phoenix76734","p2id":"missedledgedash","formatid":"gen9vgc2023regulationc","rating":1186,"private":0,"password":""}