{"id":"gen9vgc2023regulationc-1861946737","p1":"revocolombia","p2":"yuitsutomato","format":"[Gen 9] VGC 2023 Regulation C","log":"|j|\u2606revocolombia\n|j|\u2606yuitsutomato\n|t:|1683823139\n|gametype|doubles\n|player|p1|revocolombia|pokemonranger-gen4|1334\n|player|p2|yuitsutomato|darach-caitlin|1337\n|teamsize|p1|6\n|teamsize|p2|6\n|gen|9\n|tier|[Gen 9] VGC 2023 Regulation C\n|rated|\n|rule|Species Clause: Limit one of each Pok\u00e9mon\n|rule|Item Clause: Limit one of each item\n|clearpoke\n|poke|p1|Flutter Mane, L50|\n|poke|p1|Great Tusk, L50|\n|poke|p1|Gholdengo, L50|\n|poke|p1|Chien-Pao, L50|\n|poke|p1|Murkrow, L50, M|\n|poke|p1|Annihilape, L50, M|\n|poke|p2|Great Tusk, L50|\n|poke|p2|Murkrow, L50, M|\n|poke|p2|Flutter Mane, L50|\n|poke|p2|Chi-Yu, L50|\n|poke|p2|Gholdengo, L50|\n|poke|p2|Scizor, L50, M|\n|teampreview|4\n|inactive|Battle timer is ON: inactive players will automatically lose when time's up. (requested by yuitsutomato)\n|\n|t:|1683823166\n|start\n|switch|p1a: Great Tusk|Great Tusk, L50|100\/100\n|switch|p1b: Murkrow|Murkrow, L50, M|100\/100\n|switch|p2a: Murkrow|Murkrow, L50, M|100\/100\n|switch|p2b: Great Tusk|Great Tusk, L50|100\/100\n|turn|1\n|\n|t:|1683823187\n|switch|p1b: Annihilape|Annihilape, L50, M|100\/100\n|move|p1a: Great Tusk|Rock Slide|p2a: Murkrow|[spread] p2a,p2b\n|-supereffective|p2a: Murkrow\n|-resisted|p2b: Great Tusk\n|-damage|p2a: Murkrow|52\/100\n|-damage|p2b: Great Tusk|96\/100\n|move|p2b: Great Tusk|Headlong Rush|p1a: Great Tusk\n|-damage|p1a: Great Tusk|53\/100\n|-unboost|p2b: Great Tusk|def|1\n|-unboost|p2b: Great Tusk|spd|1\n|cant|p2a: Murkrow|flinch\n|\n|upkeep\n|turn|2\n|\n|t:|1683823205\n|-terastallize|p2b: Great Tusk|Ground\n|move|p2a: Murkrow|Tailwind|p2a: Murkrow\n|-sidestart|p2: yuitsutomato|move: Tailwind\n|move|p2b: Great Tusk|Headlong Rush|p1a: Great Tusk\n|-damage|p1a: Great Tusk|0 fnt\n|-unboost|p2b: Great Tusk|def|1\n|-unboost|p2b: Great Tusk|spd|1\n|faint|p1a: Great Tusk\n|-end|p1a: Great Tusk|Protosynthesis|[silent]\n|move|p1b: Annihilape|Bulk Up|p1b: Annihilape\n|-boost|p1b: Annihilape|atk|1\n|-boost|p1b: Annihilape|def|1\n|\n|upkeep\n|\n|t:|1683823224\n|switch|p1a: Chien-Pao|Chien-Pao, L50|100\/100\n|-ability|p1a: Chien-Pao|Sword of Ruin\n|turn|3\n|\n|t:|1683823234\n|move|p2a: Murkrow|Haze|p2a: Murkrow\n|-clearallboost\n|move|p1a: Chien-Pao|Ice Shard|p2a: Murkrow\n|-supereffective|p2a: Murkrow\n|-damage|p2a: Murkrow|0 fnt\n|faint|p2a: Murkrow\n|move|p2b: Great Tusk|Earthquake|p1b: Annihilape|[spread] p1a,p1b\n|-damage|p1a: Chien-Pao|31\/100\n|-damage|p1b: Annihilape|18\/100\n|move|p1b: Annihilape|Bulk Up|p1b: Annihilape\n|-boost|p1b: Annihilape|atk|1\n|-boost|p1b: Annihilape|def|1\n|\n|-heal|p1b: Annihilape|24\/100|[from] item: Leftovers\n|upkeep\n|\n|t:|1683823251\n|switch|p2a: Flutter Mane|Flutter Mane, L50|100\/100\n|turn|4\n|\n|t:|1683823264\n|move|p2a: Flutter Mane|Protect|p2a: Flutter Mane\n|-singleturn|p2a: Flutter Mane|Protect\n|move|p1b: Annihilape|Protect|p1b: Annihilape\n|-singleturn|p1b: Annihilape|Protect\n|move|p1a: Chien-Pao|Sucker Punch||[still]\n|-fail|p1a: Chien-Pao\n|move|p2b: Great Tusk|Earthquake|p1a: Chien-Pao|[spread] p1a\n|-activate|p2a: Flutter Mane|move: Protect\n|-activate|p1b: Annihilape|move: Protect\n|-damage|p1a: Chien-Pao|0 fnt\n|faint|p1a: Chien-Pao\n|\n|-heal|p1b: Annihilape|31\/100|[from] item: Leftovers\n|upkeep\n|\n|t:|1683823281\n|switch|p1a: Murkrow|Murkrow, L50, M|100\/100\n|turn|5\n|\n|t:|1683823295\n|-end|p2b: Great Tusk|Protosynthesis|[silent]\n|switch|p2b: Chi-Yu|Chi-Yu, L50|100\/100\n|-ability|p2b: Chi-Yu|Beads of Ruin\n|-terastallize|p1b: Annihilape|Fire\n|move|p1a: Murkrow|Tailwind|p1a: Murkrow\n|-sidestart|p1: revocolombia|move: Tailwind\n|move|p2a: Flutter Mane|Dazzling Gleam|p1b: Annihilape|[spread] p1a,p1b\n|-supereffective|p1a: Murkrow\n|-resisted|p1b: Annihilape\n|-damage|p1a: Murkrow|10\/100\n|-damage|p1b: Annihilape|8\/100\n|-damage|p2a: Flutter Mane|91\/100|[from] item: Life Orb\n|move|p1b: Annihilape|Drain Punch|p2b: Chi-Yu\n|-supereffective|p2b: Chi-Yu\n|-enditem|p2b: Chi-Yu|Focus Sash\n|-damage|p2b: Chi-Yu|1\/100\n|-heal|p1b: Annihilape|42\/100|[from] drain|[of] p2b: Chi-Yu\n|\n|-heal|p1b: Annihilape|48\/100|[from] item: Leftovers\n|-sideend|p2: yuitsutomato|move: Tailwind\n|upkeep\n|turn|6\n|inactive|revocolombia has 30 seconds left.\n|inactive|revocolombia has 20 seconds left.\n|\n|t:|1683823334\n|move|p1a: Murkrow|Taunt|p2a: Flutter Mane\n|-start|p2a: Flutter Mane|move: Taunt\n|move|p1b: Annihilape|Drain Punch|p2b: Chi-Yu\n|-supereffective|p2b: Chi-Yu\n|-damage|p2b: Chi-Yu|0 fnt\n|-heal|p1b: Annihilape|49\/100|[from] drain|[of] p2b: Chi-Yu\n|faint|p2b: Chi-Yu\n|move|p2a: Flutter Mane|Shadow Ball|p1b: Annihilape\n|-damage|p1b: Annihilape|4\/100\n|-unboost|p1b: Annihilape|spd|1\n|-ability|p1b: Annihilape|Defiant|boost\n|-boost|p1b: Annihilape|atk|2\n|-damage|p2a: Flutter Mane|81\/100|[from] item: Life Orb\n|\n|-heal|p1b: Annihilape|10\/100|[from] item: Leftovers\n|upkeep\n|\n|t:|1683823349\n|switch|p2b: Great Tusk|Great Tusk, L50, tera:Ground|96\/100\n|turn|7\n|inactive|revocolombia has 30 seconds left.\n|\n|t:|1683823381\n|move|p1a: Murkrow|Taunt|p2b: Great Tusk\n|-start|p2b: Great Tusk|move: Taunt\n|move|p1b: Annihilape|Drain Punch|p2b: Great Tusk\n|-crit|p2b: Great Tusk\n|-damage|p2b: Great Tusk|0 fnt\n|-heal|p1b: Annihilape|58\/100|[from] drain|[of] p2b: Great Tusk\n|faint|p2b: Great Tusk\n|-end|p2b: Great Tusk|Protosynthesis|[silent]\n|move|p2a: Flutter Mane|Dazzling Gleam|p1b: Annihilape|[spread] p1a,p1b\n|-supereffective|p1a: Murkrow\n|-resisted|p1b: Annihilape\n|-damage|p1a: Murkrow|0 fnt\n|-damage|p1b: Annihilape|35\/100\n|faint|p1a: Murkrow\n|-damage|p2a: Flutter Mane|71\/100|[from] item: Life Orb\n|\n|-heal|p1b: Annihilape|42\/100|[from] item: Leftovers\n|upkeep\n|turn|8\n|\n|t:|1683823400\n|move|p1b: Annihilape|Rage Fist|p2a: Flutter Mane\n|-supereffective|p2a: Flutter Mane\n|-damage|p2a: Flutter Mane|0 fnt\n|faint|p2a: Flutter Mane\n|-end|p2a: Flutter Mane|Protosynthesis|[silent]\n|\n|win|revocolombia\n|raw|revocolombia's rating: 1334 → 1354<\/strong> (+20 for winning)\n|raw|yuitsutomato's rating: 1337 → 1317<\/strong> (-20 for losing)\n|l|\u2606yuitsutomato\n","uploadtime":1683823413,"views":8,"p1id":"revocolombia","p2id":"yuitsutomato","formatid":"gen9vgc2023regulationc","rating":1317,"private":0,"password":""}