{"id":"gen9vgc2023regulationc-1857889606","p1":"FlyAwayFr","p2":"sl0wkingjoe","format":"[Gen 9] VGC 2023 Regulation C","log":"|j|\u2606FlyAwayFr\n|j|\u2606sl0wkingjoe\n|t:|1683243583\n|gametype|doubles\n|player|p1|FlyAwayFr|harlequin|1358\n|player|p2|sl0wkingjoe|viola|1411\n|teamsize|p1|6\n|teamsize|p2|6\n|gen|9\n|tier|[Gen 9] VGC 2023 Regulation C\n|rated|\n|rule|Species Clause: Limit one of each Pok\u00e9mon\n|rule|Item Clause: Limit one of each item\n|clearpoke\n|poke|p1|Ceruledge, L50, F|\n|poke|p1|Scizor, L50, M|\n|poke|p1|Amoonguss, L50, M|\n|poke|p1|Ting-Lu, L50|\n|poke|p1|Gyarados, L50, F|\n|poke|p1|Flutter Mane, L50|\n|poke|p2|Roaring Moon, L50|\n|poke|p2|Scizor, L50, M|\n|poke|p2|Stonjourner, L50, M|\n|poke|p2|Arcanine, L50, F|\n|poke|p2|Flutter Mane, L50|\n|poke|p2|Amoonguss, L50, M|\n|teampreview|4\n|inactive|Battle timer is ON: inactive players will automatically lose when time's up. (requested by sl0wkingjoe)\n|c|\u2606sl0wkingjoe|YO\n|c|\u2606FlyAwayFr|YO!\n|inactive|FlyAwayFr has 60 seconds left.\n|inactive|sl0wkingjoe has 60 seconds left.\nsl0wkingjoe has agreed to open team sheets.\nFlyAwayFr has agreed to open team sheets.\n|inactive|FlyAwayFr has 30 seconds left.\n|inactive|sl0wkingjoe has 30 seconds left.\n|\n|t:|1683243652\n|start\n|switch|p1a: Flutter Mane|Flutter Mane, L50|100\/100\n|switch|p1b: Amoonguss|Amoonguss, L50, M|100\/100\n|switch|p2a: Stonjourner|Stonjourner, L50, M|100\/100\n|switch|p2b: Roaring Moon|Roaring Moon, L50|100\/100\n|-enditem|p2b: Roaring Moon|Booster Energy\n|-activate|p2b: Roaring Moon|ability: Protosynthesis|[fromitem]\n|-start|p2b: Roaring Moon|protosynthesisatk\n|turn|1\n|inactive|FlyAwayFr has 30 seconds left.\n|inactive|sl0wkingjoe has 30 seconds left.\n|inactive|sl0wkingjoe has 20 seconds left.\n|inactive|sl0wkingjoe has 15 seconds left.\n|\n|t:|1683243696\n|-end|p1a: Flutter Mane|Protosynthesis|[silent]\n|switch|p1a: Gyarados|Gyarados, L50, F|100\/100\n|-ability|p1a: Gyarados|Intimidate|boost\n|-unboost|p2a: Stonjourner|atk|1\n|-unboost|p2b: Roaring Moon|atk|1\n|-terastallize|p2b: Roaring Moon|Flying\n|-terastallize|p1b: Amoonguss|Water\n|move|p2a: Stonjourner|Wide Guard|p2a: Stonjourner\n|-singleturn|p2a: Stonjourner|Wide Guard\n|move|p2b: Roaring Moon|Acrobatics|p1b: Amoonguss\n|-damage|p1b: Amoonguss|42\/100\n|move|p1b: Amoonguss|Spore|p2b: Roaring Moon\n|-status|p2b: Roaring Moon|slp|[from] move: Spore\n|\n|-heal|p1b: Amoonguss|48\/100|[from] item: Leftovers\n|upkeep\n|turn|2\n|inactive|FlyAwayFr has 30 seconds left.\n|\n|t:|1683243723\n|switch|p1b: Flutter Mane|Flutter Mane, L50|100\/100\n|cant|p2b: Roaring Moon|slp\n|move|p2a: Stonjourner|Rock Slide|p1a: Gyarados|[spread] p1a,p1b\n|-supereffective|p1a: Gyarados\n|-damage|p1a: Gyarados|58\/100\n|-damage|p1b: Flutter Mane|59\/100\n|move|p1a: Gyarados|Waterfall|p2a: Stonjourner\n|-supereffective|p2a: Stonjourner\n|-damage|p2a: Stonjourner|31\/100\n|\n|upkeep\n|turn|3\n|\n|t:|1683243744\n|move|p2a: Stonjourner|Protect|p2a: Stonjourner\n|-singleturn|p2a: Stonjourner|Protect\n|move|p1b: Flutter Mane|Thunderbolt|p2b: Roaring Moon\n|-supereffective|p2b: Roaring Moon\n|-damage|p2b: Roaring Moon|14\/100 slp\n|-curestatus|p2b: Roaring Moon|slp|[msg]\n|move|p2b: Roaring Moon|Tailwind|p2b: Roaring Moon\n|-sidestart|p2: sl0wkingjoe|move: Tailwind\n|move|p1a: Gyarados|Waterfall|p2a: Stonjourner\n|-activate|p2a: Stonjourner|move: Protect\n|\n|upkeep\n|turn|4\n|\n|t:|1683243764\n|move|p2b: Roaring Moon|Acrobatics|p1a: Gyarados\n|-damage|p1a: Gyarados|0 fnt\n|faint|p1a: Gyarados\n|move|p2a: Stonjourner|Heavy Slam|p1b: Flutter Mane\n|-supereffective|p1b: Flutter Mane\n|-damage|p1b: Flutter Mane|0 fnt\n|faint|p1b: Flutter Mane\n|-end|p1b: Flutter Mane|Protosynthesis|[silent]\n|\n|upkeep\n|\n|t:|1683243769\n|switch|p1b: Ceruledge|Ceruledge, L50, F|100\/100\n|switch|p1a: Amoonguss|Amoonguss, L50, M, tera:Water|81\/100\n|turn|5\n|\n|t:|1683243781\n|move|p1b: Ceruledge|Protect|p1b: Ceruledge\n|-singleturn|p1b: Ceruledge|Protect\n|move|p2b: Roaring Moon|Acrobatics|p1a: Amoonguss\n|-damage|p1a: Amoonguss|26\/100\n|move|p2a: Stonjourner|Rock Slide|p1a: Amoonguss|[spread] p1a\n|-activate|p1b: Ceruledge|move: Protect\n|-damage|p1a: Amoonguss|9\/100\n|move|p1a: Amoonguss|Spore|p2a: Stonjourner\n|-status|p2a: Stonjourner|slp|[from] move: Spore\n|\n|-heal|p1a: Amoonguss|15\/100|[from] item: Leftovers\n|upkeep\n|turn|6\n|inactive|FlyAwayFr has 30 seconds left.\n|inactive|sl0wkingjoe has 30 seconds left.\n|\n|t:|1683243810\n|-end|p2b: Roaring Moon|Protosynthesis|[silent]\n|switch|p2b: Arcanine|Arcanine, L50, F|100\/100\n|-ability|p2b: Arcanine|Intimidate|boost\n|-unboost|p1a: Amoonguss|atk|1\n|-unboost|p1b: Ceruledge|atk|1\n|switch|p2a: Flutter Mane|Flutter Mane, L50|100\/100\n|move|p1b: Ceruledge|Shadow Sneak|p2b: Arcanine\n|-damage|p2b: Arcanine|83\/100\n|-damage|p1b: Ceruledge|91\/100|[from] item: Life Orb\n|move|p1a: Amoonguss|Pollen Puff|p1b: Ceruledge\n|-heal|p1b: Ceruledge|100\/100\n|\n|-heal|p1a: Amoonguss|21\/100|[from] item: Leftovers\n|-sideend|p2: sl0wkingjoe|move: Tailwind\n|upkeep\n|turn|7\n|inactive|sl0wkingjoe has 30 seconds left.\n|\n|t:|1683243842\n|switch|p2b: Stonjourner|Stonjourner, L50, M|31\/100 slp\n|move|p1a: Amoonguss|Rage Powder|p1a: Amoonguss\n|-singleturn|p1a: Amoonguss|move: Rage Powder\n|move|p1b: Ceruledge|Shadow Sneak|p2a: Flutter Mane\n|-supereffective|p2a: Flutter Mane\n|-damage|p2a: Flutter Mane|37\/100\n|-damage|p1b: Ceruledge|91\/100|[from] item: Life Orb\n|move|p2a: Flutter Mane|Shadow Ball|p1a: Amoonguss\n|-damage|p1a: Amoonguss|0 fnt\n|faint|p1a: Amoonguss\n|\n|upkeep\n|turn|8\n|inactive|FlyAwayFr has 30 seconds left.\n|\n|t:|1683243872\n|-end|p2a: Flutter Mane|Protosynthesis|[silent]\n|switch|p2a: Arcanine|Arcanine, L50, F|83\/100\n|-ability|p2a: Arcanine|Intimidate|boost\n|-unboost|p1b: Ceruledge|atk|1\n|cant|p2b: Stonjourner|slp\n|move|p1b: Ceruledge|Bitter Blade|p2b: Stonjourner\n|-resisted|p2b: Stonjourner\n|-damage|p2b: Stonjourner|18\/100 slp\n|-heal|p1b: Ceruledge|97\/100|[from] drain|[of] p2b: Stonjourner\n|-damage|p1b: Ceruledge|87\/100|[from] item: Life Orb\n|\n|upkeep\n|turn|9\n|\n|t:|1683243885\n|move|p1b: Ceruledge|Shadow Sneak|p2b: Stonjourner\n|-damage|p2b: Stonjourner|7\/100 slp\n|-damage|p1b: Ceruledge|77\/100|[from] item: Life Orb\n|move|p2a: Arcanine|Howl|p2a: Arcanine|[spread] p2a,p2b\n|-boost|p2a: Arcanine|atk|1\n|-boost|p2b: Stonjourner|atk|1\n|cant|p2b: Stonjourner|slp\n|\n|upkeep\n|turn|10\n|\n|t:|1683243908\n|switch|p2a: Flutter Mane|Flutter Mane, L50|37\/100\n|-curestatus|p2b: Stonjourner|slp|[msg]\n|move|p2b: Stonjourner|Rock Slide|p1b: Ceruledge\n|-supereffective|p1b: Ceruledge\n|-crit|p1b: Ceruledge\n|-damage|p1b: Ceruledge|0 fnt\n|faint|p1b: Ceruledge\n|\n|win|sl0wkingjoe\n|raw|FlyAwayFr's rating: 1358 → 1341<\/strong> (-17 for losing)\n|raw|sl0wkingjoe's rating: 1411 → 1428<\/strong> (+17 for winning)\n|c|\u2606FlyAwayFr|ggs\n|c|\u2606sl0wkingjoe|gg\n|l|\u2606FlyAwayFr\n","uploadtime":1683243955,"views":9,"p1id":"flyawayfr","p2id":"sl0wkingjoe","formatid":"gen9vgc2023regulationc","rating":1341,"private":0,"password":""}