{"id":"gen9vgc2023regulationc-1855913073","p1":"sillydylly","p2":"VeeGey","format":"[Gen 9] VGC 2023 Regulation C","log":"|j|\u2606sillydylly\n|j|\u2606VeeGey\n|t:|1682999713\n|gametype|doubles\n|player|p1|sillydylly|169|1092\n|player|p2|VeeGey|266|1154\n|teamsize|p1|6\n|teamsize|p2|6\n|gen|9\n|tier|[Gen 9] VGC 2023 Regulation C\n|rated|\n|rule|Species Clause: Limit one of each Pok\u00e9mon\n|rule|Item Clause: Limit one of each item\n|clearpoke\n|poke|p1|Dondozo, L50, F|\n|poke|p1|Tatsugiri, L50, F|\n|poke|p1|Annihilape, L50, F|\n|poke|p1|Flamigo, L50, M|\n|poke|p1|Cetitan, L50, F|\n|poke|p1|Maushold-Four, L50|\n|poke|p2|Golduck, L50, M|\n|poke|p2|Pelipper, L50, F|\n|poke|p2|Barraskewda, L50, M|\n|poke|p2|Qwilfish, L50, F|\n|poke|p2|Gastrodon, L50, M|\n|poke|p2|Tsareena, L50, F|\n|teampreview|4\n|inactive|Battle timer is ON: inactive players will automatically lose when time's up. (requested by VeeGey)\n|\n|t:|1682999739\n|start\n|switch|p1a: Tatsugiri|Tatsugiri, L50, F, shiny|100\/100\n|switch|p1b: Annihilape|Annihilape, L50, F|100\/100\n|switch|p2a: Golduck|Golduck, L50, M, shiny|100\/100\n|switch|p2b: Pelipper|Pelipper, L50, F|100\/100\n|-weather|RainDance|[from] ability: Drizzle|[of] p2b: Pelipper\n|turn|1\n|\n|t:|1682999750\n|move|p1a: Tatsugiri|Endure|p1a: Tatsugiri\n|-singleturn|p1a: Tatsugiri|move: Endure\n|move|p2a: Golduck|Surf|p1a: Tatsugiri|[spread] p2b,p1a,p1b\n|-resisted|p2b: Pelipper\n|-resisted|p1a: Tatsugiri\n|-damage|p2b: Pelipper|72\/100\n|-damage|p1a: Tatsugiri|83\/100\n|-damage|p1b: Annihilape|48\/100\n|-damage|p2a: Golduck|91\/100|[from] item: Life Orb\n|move|p1b: Annihilape|Final Gambit|p1a: Tatsugiri\n|-damage|p1a: Tatsugiri|12\/100\n|faint|p1b: Annihilape\n|move|p2b: Pelipper|Hurricane|p1a: Tatsugiri\n|-activate|p1a: Tatsugiri|move: Endure\n|-damage|p1a: Tatsugiri|1\/100\n|-start|p1a: Tatsugiri|confusion\n|\n|-weather|RainDance|[upkeep]\n|-status|p1a: Tatsugiri|tox|[from] item: Toxic Orb\n|upkeep\n|\n|t:|1682999766\n|switch|p1b: Dondozo|Dondozo, L50, F|100\/100\n|-activate|p1a: Tatsugiri|ability: Commander|[of] p1b: Dondozo\n|-boost|p1b: Dondozo|atk|2\n|-boost|p1b: Dondozo|spa|2\n|-boost|p1b: Dondozo|spe|2\n|-boost|p1b: Dondozo|def|2\n|-boost|p1b: Dondozo|spd|2\n|turn|2\n|\n|t:|1682999778\n|switch|p2b: Qwilfish|Qwilfish, L50, F|100\/100\n|move|p1b: Dondozo|Protect|p1b: Dondozo\n|-singleturn|p1b: Dondozo|Protect\n|move|p2a: Golduck|Grass Knot|p1b: Dondozo\n|-activate|p1b: Dondozo|move: Protect\n|\n|-weather|RainDance|[upkeep]\n|-damage|p1a: Tatsugiri|0 fnt|[from] psn\n|faint|p1a: Tatsugiri\n|upkeep\n|\n|t:|1682999787\n|switch|p1a: Flamigo|Flamigo, L50, M, shiny|100\/100\n|-copyboost|p1a: Flamigo|p1b: Dondozo|[from] ability: Costar\n|turn|3\n|\n|t:|1682999798\n|move|p1a: Flamigo|Close Combat|p2a: Golduck\n|-damage|p2a: Golduck|0 fnt\n|-unboost|p1a: Flamigo|def|1\n|-unboost|p1a: Flamigo|spd|1\n|faint|p2a: Golduck\n|move|p2b: Qwilfish|Haze|p2b: Qwilfish\n|-clearallboost\n|move|p1b: Dondozo|Order Up|p2b: Qwilfish\n|-damage|p2b: Qwilfish|65\/100\n|-boost|p1b: Dondozo|atk|1\n|\n|-weather|RainDance|[upkeep]\n|upkeep\n|\n|t:|1682999805\n|switch|p2a: Barraskewda|Barraskewda, L50, M|100\/100\n|turn|4\n|\n|t:|1682999818\n|-terastallize|p2a: Barraskewda|Water\n|move|p2b: Qwilfish|Thunder Wave|p1b: Dondozo\n|-status|p1b: Dondozo|par\n|move|p2a: Barraskewda|Liquidation|p1a: Flamigo\n|-damage|p1a: Flamigo|0 fnt\n|faint|p1a: Flamigo\n|move|p1b: Dondozo|Order Up|p2b: Qwilfish\n|-damage|p2b: Qwilfish|13\/100\n|-enditem|p2b: Qwilfish|Aguav Berry|[eat]\n|-heal|p2b: Qwilfish|47\/100|[from] item: Aguav Berry\n|-boost|p1b: Dondozo|atk|1\n|\n|-weather|RainDance|[upkeep]\n|upkeep\n|turn|5\n|-message|sillydylly forfeited.\n|\n|win|VeeGey\n|raw|sillydylly's rating: 1092 → 1072<\/strong> (-20 for losing)\n|raw|VeeGey's rating: 1154 → 1175<\/strong> (+21 for winning)\n","uploadtime":1682999836,"views":9,"p1id":"sillydylly","p2id":"veegey","formatid":"gen9vgc2023regulationc","rating":1072,"private":0,"password":""}