{"id":"gen9vgc2023regulationc-1848987966","p1":"Kirizoaro","p2":"gyugdygft","format":"[Gen 9] VGC 2023 Regulation C","log":"|j|\u2606Kirizoaro\n|j|\u2606gyugdygft\n|t:|1682135136\n|gametype|doubles\n|player|p1|Kirizoaro|lance|1103\n|player|p2|gyugdygft|pokemaniac|1141\n|teamsize|p1|6\n|teamsize|p2|6\n|gen|9\n|tier|[Gen 9] VGC 2023 Regulation C\n|rated|\n|rule|Species Clause: Limit one of each Pok\u00e9mon\n|rule|Item Clause: Limit one of each item\n|clearpoke\n|poke|p1|Dondozo, L50, F|\n|poke|p1|Tatsugiri-Stretchy, L50, F|\n|poke|p1|Chi-Yu, L50|\n|poke|p1|Flutter Mane, L50|\n|poke|p1|Dragonite, L50, M|\n|poke|p1|Glimmora, L50, M|\n|poke|p2|Annihilape, L50, F|\n|poke|p2|Volcarona, L50, F|\n|poke|p2|Iron Bundle, L50|\n|poke|p2|Garchomp, L50, M|\n|poke|p2|Kingambit, L50, M|\n|poke|p2|Glimmora, L50, M|\n|teampreview|4\n|\n|t:|1682135171\n|start\n|switch|p1a: Glimmora|Glimmora, L50, M|100\/100\n|switch|p1b: Tatsugiri|Tatsugiri-Stretchy, L50, F|100\/100\n|switch|p2a: Iron Bundle|Iron Bundle, L50, shiny|100\/100\n|switch|p2b: Glimmora|Glimmora, L50, M, shiny|100\/100\n|-item|p2b: Glimmora|Air Balloon\n|-enditem|p2a: Iron Bundle|Booster Energy\n|-activate|p2a: Iron Bundle|ability: Quark Drive|[fromitem]\n|-start|p2a: Iron Bundle|quarkdrivespe\n|turn|1\n|\n|t:|1682135202\n|move|p2a: Iron Bundle|Hydro Pump|p1b: Tatsugiri\n|-activate|p1b: Tatsugiri|ability: Storm Drain\n|-ability|p1b: Tatsugiri|Storm Drain|boost\n|-boost|p1b: Tatsugiri|spa|1\n|move|p1a: Glimmora|Power Gem|p2a: Iron Bundle\n|-supereffective|p2a: Iron Bundle\n|-damage|p2a: Iron Bundle|0 fnt\n|faint|p2a: Iron Bundle\n|-end|p2a: Iron Bundle|Quark Drive|[silent]\n|move|p2b: Glimmora|Mortal Spin|p1a: Glimmora|[spread] p1a,p1b\n|-resisted|p1a: Glimmora\n|-damage|p1a: Glimmora|99\/100\n|-damage|p1b: Tatsugiri|92\/100\n|-status|p1b: Tatsugiri|psn\n|-activate|p1a: Glimmora|ability: Toxic Debris\n|-sidestart|p2: gyugdygft|move: Toxic Spikes\n|-sideend|p2: gyugdygft|Toxic Spikes|[from] move: Mortal Spin|[of] p2b: Glimmora\n|move|p1b: Tatsugiri|Muddy Water|p2b: Glimmora\n|-supereffective|p2b: Glimmora\n|-damage|p2b: Glimmora|0 fnt\n|-enditem|p2b: Glimmora|Air Balloon\n|faint|p2b: Glimmora\n|\n|-damage|p1b: Tatsugiri|80\/100 psn|[from] psn\n|upkeep\n|\n|t:|1682135206\n|switch|p2a: Garchomp|Garchomp, L50, M, shiny|100\/100\n|switch|p2b: Kingambit|Kingambit, L50, M, shiny|100\/100\n|-activate|p2b: Kingambit|ability: Supreme Overlord\n|-start|p2b: Kingambit|fallen2|[silent]\n|turn|2\n|\n|t:|1682135233\n|move|p2a: Garchomp|Dragon Claw|p1b: Tatsugiri\n|-supereffective|p1b: Tatsugiri\n|-crit|p1b: Tatsugiri\n|-damage|p1b: Tatsugiri|0 fnt\n|faint|p1b: Tatsugiri\n|move|p1a: Glimmora|Toxic|p2a: Garchomp\n|-status|p2a: Garchomp|tox\n|move|p2b: Kingambit|Iron Head|p1a: Glimmora\n|-supereffective|p1a: Glimmora\n|-damage|p1a: Glimmora|0 fnt\n|-activate|p1a: Glimmora|ability: Toxic Debris\n|-sidestart|p2: gyugdygft|move: Toxic Spikes\n|faint|p1a: Glimmora\n|\n|-damage|p2a: Garchomp|94\/100 tox|[from] psn\n|upkeep\n|\n|t:|1682135242\n|switch|p1a: Flutter Mane|Flutter Mane, L50|100\/100\n|switch|p1b: Dondozo|Dondozo, L50, F|100\/100\n|-enditem|p1a: Flutter Mane|Booster Energy\n|-activate|p1a: Flutter Mane|ability: Protosynthesis|[fromitem]\n|-start|p1a: Flutter Mane|protosynthesisspe\n|turn|3\n|\n|t:|1682135274\n|move|p1a: Flutter Mane|Protect|p1a: Flutter Mane\n|-singleturn|p1a: Flutter Mane|Protect\n|move|p2a: Garchomp|Rock Slide|p1b: Dondozo|[spread] p1b\n|-activate|p1a: Flutter Mane|move: Protect\n|-damage|p1b: Dondozo|88\/100\n|move|p2b: Kingambit|Iron Head|p1a: Flutter Mane\n|-activate|p1a: Flutter Mane|move: Protect\n|cant|p1b: Dondozo|flinch\n|\n|-damage|p2a: Garchomp|82\/100 tox|[from] psn\n|upkeep\n|turn|4\n|\n|t:|1682135291\n|-terastallize|p1a: Flutter Mane|Steel\n|move|p1a: Flutter Mane|Moonblast|p2a: Garchomp\n|-supereffective|p2a: Garchomp\n|-damage|p2a: Garchomp|0 fnt\n|faint|p2a: Garchomp\n|move|p2b: Kingambit|Iron Head|p1a: Flutter Mane\n|-resisted|p1a: Flutter Mane\n|-damage|p1a: Flutter Mane|49\/100\n|move|p1b: Dondozo|Yawn|p2b: Kingambit\n|-start|p2b: Kingambit|move: Yawn|[of] p1b: Dondozo\n|\n|upkeep\n|turn|5\n|\n|t:|1682135305\n|move|p1a: Flutter Mane|Protect|p1a: Flutter Mane\n|-singleturn|p1a: Flutter Mane|Protect\n|move|p1b: Dondozo|Protect|p1b: Dondozo\n|-singleturn|p1b: Dondozo|Protect\n|move|p2b: Kingambit|Sucker Punch||[still]\n|-fail|p2b: Kingambit\n|\n|-end|p2b: Kingambit|move: Yawn|[silent]\n|-status|p2b: Kingambit|slp\n|upkeep\n|turn|6\n|\n|t:|1682135314\n|cant|p2b: Kingambit|slp\n|move|p1a: Flutter Mane|Substitute|p1a: Flutter Mane\n|-start|p1a: Flutter Mane|Substitute\n|-damage|p1a: Flutter Mane|24\/100\n|move|p1b: Dondozo|Wave Crash|p2b: Kingambit\n|-damage|p2b: Kingambit|72\/100 slp\n|-damage|p1b: Dondozo|80\/100|[from] Recoil\n|\n|upkeep\n|turn|7\n|\n|t:|1682135325\n|cant|p2b: Kingambit|slp\n|move|p1a: Flutter Mane|Hex|p2b: Kingambit\n|-resisted|p2b: Kingambit\n|-damage|p2b: Kingambit|48\/100 slp\n|move|p1b: Dondozo|Wave Crash|p2b: Kingambit\n|-damage|p2b: Kingambit|19\/100 slp\n|-damage|p1b: Dondozo|72\/100|[from] Recoil\n|\n|upkeep\n|turn|8\n|\n|t:|1682135334\n|-curestatus|p2b: Kingambit|slp|[msg]\n|move|p2b: Kingambit|Sucker Punch|p1b: Dondozo\n|-damage|p1b: Dondozo|44\/100\n|-enditem|p1b: Dondozo|Sitrus Berry|[eat]\n|-heal|p1b: Dondozo|69\/100|[from] item: Sitrus Berry\n|move|p1a: Flutter Mane|Hex|p2b: Kingambit\n|-resisted|p2b: Kingambit\n|-damage|p2b: Kingambit|7\/100\n|move|p1b: Dondozo|Wave Crash|p2b: Kingambit\n|-damage|p2b: Kingambit|0 fnt\n|faint|p2b: Kingambit\n|-end|p2b: Kingambit|fallen2|[silent]\n|-damage|p1b: Dondozo|67\/100|[from] Recoil\n|\n|win|Kirizoaro\n|raw|Kirizoaro's rating: 1103 → 1131<\/strong> (+28 for winning)\n|raw|gyugdygft's rating: 1141 → 1113<\/strong> (-28 for losing)\n","uploadtime":1682135346,"views":10,"p1id":"kirizoaro","p2id":"gyugdygft","formatid":"gen9vgc2023regulationc","rating":1113,"private":0,"password":""}