{"id":"gen9vgc2023regulationc-1862830591","p1":"andresespin","p2":"LordBennyG","format":"[Gen 9] VGC 2023 Regulation C","log":"|j|\u2606andresespin\n|j|\u2606LordBennyG\n|t:|1683926774\n|gametype|doubles\n|player|p1|andresespin|101|\n|player|p2|LordBennyG|karen|\n|teamsize|p1|6\n|teamsize|p2|6\n|gen|9\n|tier|[Gen 9] VGC 2023 Regulation C\n|rated|Tournament battle\n|rule|Species Clause: Limit one of each Pok\u00e9mon\n|rule|Item Clause: Limit one of each item\n|clearpoke\n|poke|p1|Farigiraf, L50, M|\n|poke|p1|Iron Hands, L50|\n|poke|p1|Torkoal, L50, F|\n|poke|p1|Lilligant, L50, F|\n|poke|p1|Flutter Mane, L50|\n|poke|p1|Chi-Yu, L50|\n|poke|p2|Dondozo, L50, M|\n|poke|p2|Baxcalibur, L50, F|\n|poke|p2|Flutter Mane, L50|\n|poke|p2|Corviknight, L50, M|\n|poke|p2|Arcanine, L50, M|\n|poke|p2|Hariyama, L50, M|\n|teampreview|4\n|raw| Open Team Sheet for andresespin<\/summary>Farigiraf @ Mental Herb Ability: Armor Tail Level: 50 Tera Type: Fire - Hyper Voice - Trick Room - Psyshock - Sunny Day Iron Hands @ Sitrus Berry Ability: Quark Drive Level: 50 Tera Type: Grass - Fake Out - Drain Punch - Wild Charge - Swords Dance Torkoal @ Charcoal Ability: Drought Level: 50 Tera Type: Fire - Protect - Heat Wave - Eruption - Earth Power Lilligant (F) @ Wide Lens Ability: Chlorophyll Level: 50 Tera Type: Ghost - Leaf Storm - Sleep Powder - After You - Pollen Puff Flutter Mane @ Focus Sash Ability: Protosynthesis Level: 50 Tera Type: Fairy - Dazzling Gleam - Moonblast - Psyshock - Thunderbolt Chi-Yu @ Safety Goggles Ability: Beads of Ruin Level: 50 Tera Type: Water - Protect - Nasty Plot - Heat Wave - Dark Pulse <\/details><\/div> Open Team Sheet for LordBennyG<\/summary>Dondozo @ Leftovers Ability: Unaware Level: 50 Tera Type: Grass - Liquidation - Yawn - Fissure - Protect Baxcalibur @ Clear Amulet Ability: Thermal Exchange Level: 50 Tera Type: Poison - Protect - Glaive Rush - Icicle Crash - Ice Shard Flutter Mane @ Booster Energy Ability: Protosynthesis Level: 50 Tera Type: Steel - Protect - Substitute - Moonblast - Shadow Ball Corviknight @ Sitrus Berry Ability: Mirror Armor Level: 50 Tera Type: Dragon - Tailwind - Iron Head - Brave Bird - Roost Arcanine @ Safety Goggles Ability: Intimidate Level: 50 Tera Type: Water - Flare Blitz - Extreme Speed - Will-O-Wisp - Howl Hariyama @ Assault Vest Ability: Thick Fat Level: 50 Tera Type: Steel - Fake Out - Drain Punch - Bullet Punch - Knock Off <\/details><\/div>\n|j| maria ward\n|\n|t:|1683926839\n|start\n|switch|p1a: Flutter Mane|Flutter Mane, L50|100\/100\n|switch|p1b: Chi-Yu|Chi-Yu, L50|100\/100\n|switch|p2a: Hariyama|Hariyama, L50, M|100\/100\n|switch|p2b: Arcanine|Arcanine, L50, M|100\/100\n|-ability|p1b: Chi-Yu|Beads of Ruin\n|-ability|p2b: Arcanine|Intimidate|boost\n|-unboost|p1a: Flutter Mane|atk|1\n|-unboost|p1b: Chi-Yu|atk|1\n|turn|1\n|\n|t:|1683926862\n|-terastallize|p2a: Hariyama|Steel\n|move|p1a: Flutter Mane|Moonblast|p2a: Hariyama\n|-resisted|p2a: Hariyama\n|-damage|p2a: Hariyama|81\/100\n|move|p1b: Chi-Yu|Heat Wave|p2b: Arcanine|[spread] p2a,p2b\n|-supereffective|p2a: Hariyama\n|-resisted|p2b: Arcanine\n|-damage|p2a: Hariyama|49\/100\n|-damage|p2b: Arcanine|82\/100\n|move|p2b: Arcanine|Flare Blitz|p1a: Flutter Mane\n|-damage|p1a: Flutter Mane|33\/100\n|-damage|p2b: Arcanine|65\/100|[from] Recoil\n|move|p2a: Hariyama|Drain Punch|p1b: Chi-Yu\n|-supereffective|p1b: Chi-Yu\n|-damage|p1b: Chi-Yu|24\/100\n|-heal|p2a: Hariyama|72\/100|[from] drain|[of] p1b: Chi-Yu\n|\n|upkeep\n|turn|2\n|\n|t:|1683926886\n|move|p2b: Arcanine|Extreme Speed|p1b: Chi-Yu\n|-damage|p1b: Chi-Yu|0 fnt\n|faint|p1b: Chi-Yu\n|move|p2a: Hariyama|Bullet Punch|p1a: Flutter Mane\n|-supereffective|p1a: Flutter Mane\n|-damage|p1a: Flutter Mane|0 fnt\n|faint|p1a: Flutter Mane\n|-end|p1a: Flutter Mane|Protosynthesis|[silent]\n|\n|upkeep\n|\n|t:|1683926892\n|switch|p1a: Lilligant|Lilligant, L50, F|100\/100\n|switch|p1b: Torkoal|Torkoal, L50, F|100\/100\n|-weather|SunnyDay|[from] ability: Drought|[of] p1b: Torkoal\n|turn|3\n|\n|t:|1683926916\n|-terastallize|p1b: Torkoal|Fire\n|move|p1a: Lilligant|After You|p1b: Torkoal\n|-activate|p1b: Torkoal|move: After You\n|move|p1b: Torkoal|Eruption|p2a: Hariyama|[spread] p2a,p2b\n|-supereffective|p2a: Hariyama\n|-resisted|p2b: Arcanine\n|-damage|p2a: Hariyama|0 fnt\n|-damage|p2b: Arcanine|16\/100\n|faint|p2a: Hariyama\n|move|p2b: Arcanine|Flare Blitz|p1a: Lilligant\n|-supereffective|p1a: Lilligant\n|-damage|p1a: Lilligant|0 fnt\n|faint|p1a: Lilligant\n|-damage|p2b: Arcanine|0 fnt|[from] Recoil\n|faint|p2b: Arcanine\n|\n|-weather|SunnyDay|[upkeep]\n|upkeep\n|\n|t:|1683926926\n|switch|p2b: Dondozo|Dondozo, L50, M|100\/100\n|switch|p2a: Flutter Mane|Flutter Mane, L50|100\/100\n|-activate|p2a: Flutter Mane|ability: Protosynthesis\n|-start|p2a: Flutter Mane|protosynthesisspa\n|turn|4\n|\n|t:|1683926944\n|move|p2a: Flutter Mane|Substitute|p2a: Flutter Mane\n|-start|p2a: Flutter Mane|Substitute\n|-damage|p2a: Flutter Mane|76\/100\n|move|p2b: Dondozo|Yawn|p1b: Torkoal\n|-start|p1b: Torkoal|move: Yawn|[of] p2b: Dondozo\n|move|p1b: Torkoal|Heat Wave|p2b: Dondozo|[spread] p2a,p2b\n|-end|p2a: Flutter Mane|Substitute\n|-resisted|p2b: Dondozo\n|-damage|p2b: Dondozo|75\/100\n|\n|-weather|SunnyDay|[upkeep]\n|-heal|p2b: Dondozo|81\/100|[from] item: Leftovers\n|upkeep\n|turn|5\n|\n|t:|1683926954\n|move|p2a: Flutter Mane|Protect|p2a: Flutter Mane\n|-singleturn|p2a: Flutter Mane|Protect\n|move|p2b: Dondozo|Protect|p2b: Dondozo\n|-singleturn|p2b: Dondozo|Protect\n|move|p1b: Torkoal|Eruption|p2b: Dondozo|[spread] \n|-activate|p2a: Flutter Mane|move: Protect\n|-activate|p2b: Dondozo|move: Protect\n|\n|-weather|SunnyDay|[upkeep]\n|-heal|p2b: Dondozo|88\/100|[from] item: Leftovers\n|-end|p1b: Torkoal|move: Yawn|[silent]\n|-status|p1b: Torkoal|slp\n|upkeep\n|turn|6\n|\n|t:|1683926962\n|move|p2a: Flutter Mane|Shadow Ball|p1b: Torkoal\n|-damage|p1b: Torkoal|26\/100 slp\n|move|p2b: Dondozo|Liquidation|p1b: Torkoal\n|-supereffective|p1b: Torkoal\n|-damage|p1b: Torkoal|4\/100 slp\n|cant|p1b: Torkoal|slp\n|\n|-weather|SunnyDay|[upkeep]\n|-heal|p2b: Dondozo|94\/100|[from] item: Leftovers\n|upkeep\n|turn|7\n|c|\u2606andresespin|gg\n|\n|t:|1683926974\n|move|p2a: Flutter Mane|Shadow Ball|p1b: Torkoal\n|-damage|p1b: Torkoal|0 fnt\n|faint|p1b: Torkoal\n|\n|win|LordBennyG\n|n|\u2606andresespin|andresespin\n|n|\u2606LordBennyG|lordbennyg\n|n| maria ward|mariaward\n|c|\u2606LordBennyG|gg\n|l|\u2606andresespin\n|l| maria ward\n","uploadtime":1683927481,"views":6,"p1id":"andresespin","p2id":"lordbennyg","formatid":"gen9vgc2023regulationc","rating":0,"private":0,"password":""}