{"id":"gen9vgc2023regulationc-1852650104","p1":"bennoVGC","p2":"judevgc","format":"[Gen 9] VGC 2023 Regulation C","log":"|j|\u2606bennoVGC\n|j|\u2606judevgc\n|t:|1682591179\n|gametype|doubles\n|player|p1|bennoVGC|265|\n|player|p2|judevgc|101|\n|teamsize|p1|6\n|teamsize|p2|6\n|gen|9\n|tier|[Gen 9] VGC 2023 Regulation C\n|rule|Species Clause: Limit one of each Pok\u00e9mon\n|rule|Item Clause: Limit one of each item\n|clearpoke\n|poke|p1|Palafin, L50, F|\n|poke|p1|Arcanine, L50, M|\n|poke|p1|Flutter Mane, L50|\n|poke|p1|Amoonguss, L50, M|\n|poke|p1|Ting-Lu, L50|\n|poke|p1|Pawmot, L50, F|\n|poke|p2|Ting-Lu, L50|\n|poke|p2|Bronzong, L50|\n|poke|p2|Amoonguss, L50, F|\n|poke|p2|Iron Hands, L50|\n|poke|p2|Gyarados, L50, M|\n|poke|p2|Iron Bundle, L50|\n|teampreview|4\nbennoVGC has agreed to open team sheets.\njudevgc has agreed to open team sheets.\n|c|\u2606judevgc|glhf\n|c|\u2606bennoVGC|u2 :D\n|\n|t:|1682591234\n|start\n|switch|p1a: Palafin|Palafin, L50, F, shiny|100\/100\n|switch|p1b: Flutter Mane|Flutter Mane, L50, shiny|100\/100\n|switch|p2a: Gyarados|Gyarados, L50, M|100\/100\n|switch|p2b: Amoonguss|Amoonguss, L50, F|100\/100\n|-ability|p2a: Gyarados|Intimidate|boost\n|-fail|p1a: Palafin|unboost|[from] item: Clear Amulet|[of] p1a: Palafin\n|-unboost|p1b: Flutter Mane|atk|1\n|turn|1\n|\n|t:|1682591257\n|detailschange|p1a: Palafin|Palafin-Hero, L50, F, shiny\n|switch|p1a: Arcanine|Arcanine, L50, M, shiny|100\/100\n|-ability|p1a: Arcanine|Intimidate|boost\n|-unboost|p2a: Gyarados|atk|1\n|-unboost|p2b: Amoonguss|atk|1\n|switch|p2a: Ting-Lu|Ting-Lu, L50|100\/100\n|-ability|p2a: Ting-Lu|Vessel of Ruin\n|-terastallize|p1b: Flutter Mane|Grass\n|move|p1b: Flutter Mane|Shadow Ball|p2a: Ting-Lu\n|-resisted|p2a: Ting-Lu\n|-damage|p2a: Ting-Lu|89\/100\n|move|p2b: Amoonguss|Spore|p1b: Flutter Mane\n|-immune|p1b: Flutter Mane\n|\n|upkeep\n|turn|2\n|\n|t:|1682591303\n|switch|p2b: Gyarados|Gyarados, L50, M|100\/100\n|-ability|p2b: Gyarados|Intimidate|boost\n|-unboost|p1a: Arcanine|atk|1\n|-unboost|p1b: Flutter Mane|atk|1\n|move|p1b: Flutter Mane|Shadow Ball|p2b: Gyarados\n|-damage|p2b: Gyarados|55\/100\n|move|p1a: Arcanine|Will-O-Wisp|p2a: Ting-Lu|[miss]\n|-miss|p1a: Arcanine|p2a: Ting-Lu\n|move|p2a: Ting-Lu|Stomping Tantrum|p1a: Arcanine\n|-supereffective|p1a: Arcanine\n|-damage|p1a: Arcanine|15\/100\n|\n|upkeep\n|turn|3\n|\n|t:|1682591341\n|move|p1a: Arcanine|Protect|p1a: Arcanine\n|-singleturn|p1a: Arcanine|Protect\n|move|p2b: Gyarados|Protect|p2b: Gyarados\n|-singleturn|p2b: Gyarados|Protect\n|move|p1b: Flutter Mane|Shadow Ball|p2b: Gyarados\n|-activate|p2b: Gyarados|move: Protect\n|move|p2a: Ting-Lu|Earthquake|p1a: Arcanine|[spread] p1b\n|-activate|p2b: Gyarados|move: Protect\n|-activate|p1a: Arcanine|move: Protect\n|-resisted|p1b: Flutter Mane\n|-damage|p1b: Flutter Mane|63\/100\n|\n|upkeep\n|turn|4\n|\n|t:|1682591380\n|switch|p1a: Palafin|Palafin-Hero, L50, F, shiny|100\/100\n|-activate|p1a: Palafin|ability: Zero to Hero\n|move|p1b: Flutter Mane|Shadow Ball|p2b: Gyarados\n|-damage|p2b: Gyarados|11\/100\n|move|p2b: Gyarados|Waterfall|p1a: Palafin\n|-resisted|p1a: Palafin\n|-damage|p1a: Palafin|82\/100\n|move|p2a: Ting-Lu|Heavy Slam|p1b: Flutter Mane\n|-damage|p1b: Flutter Mane|0 fnt\n|faint|p1b: Flutter Mane\n|-end|p1b: Flutter Mane|Protosynthesis|[silent]\n|\n|upkeep\n|\n|t:|1682591397\n|switch|p1b: Pawmot|Pawmot, L50, F, shiny|100\/100\n|turn|5\n|\n|t:|1682591432\n|-terastallize|p2a: Ting-Lu|Poison\n|move|p1b: Pawmot|Fake Out|p2b: Gyarados\n|-damage|p2b: Gyarados|0 fnt\n|faint|p2b: Gyarados\n|move|p1a: Palafin|Wave Crash|p2a: Ting-Lu\n|-damage|p2a: Ting-Lu|39\/100\n|-damage|p1a: Palafin|62\/100|[from] Recoil\n|move|p2a: Ting-Lu|Earthquake|p1b: Pawmot|[spread] p1a,p1b\n|-supereffective|p1b: Pawmot\n|-damage|p1a: Palafin|26\/100\n|-enditem|p1b: Pawmot|Focus Sash\n|-damage|p1b: Pawmot|1\/100\n|\n|upkeep\n|\n|t:|1682591447\n|switch|p2b: Iron Bundle|Iron Bundle, L50|100\/100\n|turn|6\n|\n|t:|1682591476\n|switch|p2a: Amoonguss|Amoonguss, L50, F|100\/100\n|move|p2b: Iron Bundle|Freeze-Dry|p1b: Pawmot\n|-damage|p1b: Pawmot|0 fnt\n|faint|p1b: Pawmot\n|move|p1a: Palafin|Wave Crash|p2a: Amoonguss\n|-resisted|p2a: Amoonguss\n|-damage|p2a: Amoonguss|68\/100\n|-damage|p1a: Palafin|10\/100|[from] item: Rocky Helmet|[of] p2a: Amoonguss\n|-damage|p1a: Palafin|0 fnt|[from] Recoil\n|faint|p1a: Palafin\n|\n|upkeep\n|\n|t:|1682591484\n|switch|p1b: Arcanine|Arcanine, L50, M, shiny|15\/100\n|-ability|p1b: Arcanine|Intimidate|boost\n|-unboost|p2a: Amoonguss|atk|1\n|-unboost|p2b: Iron Bundle|atk|1\n|turn|7\n|c|\u2606bennoVGC|ggs\n|\n|t:|1682591496\n|move|p2b: Iron Bundle|Freeze-Dry|p1b: Arcanine\n|-resisted|p1b: Arcanine\n|-damage|p1b: Arcanine|0 fnt\n|faint|p1b: Arcanine\n|\n|win|judevgc\n|c|\u2606judevgc|gg!\n|c|\u2606judevgc|wp\n|c|\u2606bennoVGC|u2\n|l|\u2606judevgc\n","uploadtime":1682591565,"views":10,"p1id":"bennovgc","p2id":"judevgc","formatid":"gen9vgc2023regulationc","rating":0,"private":0,"password":""}