{"id":"gen9vgc2023regulationc-1852868417","p1":"jhgjasg","p2":"JIZZZY","format":"[Gen 9] VGC 2023 Regulation C","log":"|j|\u2606jhgjasg\n|j|\u2606JIZZZY\n|t:|1682613042\n|gametype|doubles\n|player|p1|jhgjasg|265|1016\n|player|p2|JIZZZY|101|1045\n|teamsize|p1|6\n|teamsize|p2|6\n|gen|9\n|tier|[Gen 9] VGC 2023 Regulation C\n|rated|\n|rule|Species Clause: Limit one of each Pok\u00e9mon\n|rule|Item Clause: Limit one of each item\n|clearpoke\n|poke|p1|Chien-Pao, L50|\n|poke|p1|Ting-Lu, L50|\n|poke|p1|Dragonite, L50, F|\n|poke|p1|Dondozo, L50, M|\n|poke|p1|Flutter Mane, L50|\n|poke|p1|Amoonguss, L50, M|\n|poke|p2|Chien-Pao, L50|\n|poke|p2|Dragonite, L50, M|\n|poke|p2|Flutter Mane, L50|\n|poke|p2|Ting-Lu, L50|\n|poke|p2|Kingambit, L50, F|\n|poke|p2|Arcanine, L50, M|\n|teampreview|4\n|\n|t:|1682613086\n|start\n|switch|p1a: Dondozo|Dondozo, L50, M|100\/100\n|switch|p1b: Amoonguss|Amoonguss, L50, M, shiny|100\/100\n|switch|p2a: Chien-Pao|Chien-Pao, L50|100\/100\n|switch|p2b: Flutter Mane|Flutter Mane, L50|100\/100\n|-ability|p2a: Chien-Pao|Sword of Ruin\n|turn|1\n|\n|t:|1682613119\n|-terastallize|p1b: Amoonguss|Water\n|move|p2a: Chien-Pao|Taunt|p1b: Amoonguss\n|-start|p1b: Amoonguss|move: Taunt\n|move|p2b: Flutter Mane|Psyshock|p1a: Dondozo\n|-damage|p1a: Dondozo|63\/100\n|move|p1a: Dondozo|Yawn|p2a: Chien-Pao\n|-start|p2a: Chien-Pao|move: Yawn|[of] p1a: Dondozo\n|cant|p1b: Amoonguss|move: Taunt|Spore\n|\n|-heal|p1a: Dondozo|70\/100|[from] item: Leftovers\n|upkeep\n|turn|2\n|\n|t:|1682613135\n|switch|p2a: Arcanine|Arcanine, L50, M|100\/100\n|-ability|p2a: Arcanine|Intimidate|boost\n|-unboost|p1a: Dondozo|atk|1\n|-unboost|p1b: Amoonguss|atk|1\n|move|p2b: Flutter Mane|Psyshock|p1a: Dondozo\n|-damage|p1a: Dondozo|44\/100\n|move|p1a: Dondozo|Wave Crash|p2b: Flutter Mane\n|-damage|p2b: Flutter Mane|33\/100\n|-damage|p1a: Dondozo|30\/100|[from] Recoil\n|move|p1b: Amoonguss|Pollen Puff|p1a: Dondozo\n|-heal|p1a: Dondozo|80\/100\n|\n|-heal|p1a: Dondozo|86\/100|[from] item: Leftovers\n|upkeep\n|turn|3\n|\n|t:|1682613164\n|-end|p2b: Flutter Mane|Protosynthesis|[silent]\n|switch|p2b: Kingambit|Kingambit, L50, F|100\/100\n|move|p2a: Arcanine|Will-O-Wisp|p1a: Dondozo\n|-immune|p1a: Dondozo|[from] ability: Water Veil\n|move|p1a: Dondozo|Wave Crash|p2a: Arcanine\n|-supereffective|p2a: Arcanine\n|-damage|p2a: Arcanine|39\/100\n|-enditem|p2a: Arcanine|Sitrus Berry|[eat]\n|-heal|p2a: Arcanine|63\/100|[from] item: Sitrus Berry\n|-damage|p1a: Dondozo|70\/100|[from] Recoil\n|move|p1b: Amoonguss|Pollen Puff|p1a: Dondozo\n|-heal|p1a: Dondozo|100\/100\n|\n|-end|p1b: Amoonguss|move: Taunt\n|upkeep\n|turn|4\n|\n|t:|1682613200\n|switch|p2a: Flutter Mane|Flutter Mane, L50|33\/100\n|move|p2b: Kingambit|Kowtow Cleave|p1a: Dondozo\n|-damage|p1a: Dondozo|74\/100\n|move|p1a: Dondozo|Wave Crash|p2a: Flutter Mane\n|-damage|p2a: Flutter Mane|0 fnt\n|faint|p2a: Flutter Mane\n|-end|p2a: Flutter Mane|Protosynthesis|[silent]\n|-damage|p1a: Dondozo|67\/100|[from] Recoil\n|move|p1b: Amoonguss|Spore|p2b: Kingambit\n|-status|p2b: Kingambit|slp|[from] move: Spore\n|-enditem|p2b: Kingambit|Lum Berry|[eat]\n|-curestatus|p2b: Kingambit|slp|[msg]\n|\n|-heal|p1a: Dondozo|73\/100|[from] item: Leftovers\n|upkeep\n|\n|t:|1682613215\n|switch|p2a: Chien-Pao|Chien-Pao, L50|100\/100\n|-ability|p2a: Chien-Pao|Sword of Ruin\n|turn|5\n|\n|t:|1682613278\n|move|p2a: Chien-Pao|Sucker Punch||[still]\n|-fail|p2a: Chien-Pao\n|move|p2b: Kingambit|Kowtow Cleave|p1a: Dondozo\n|-damage|p1a: Dondozo|34\/100\n|move|p1a: Dondozo|Yawn|p2b: Kingambit\n|-start|p2b: Kingambit|move: Yawn|[of] p1a: Dondozo\n|move|p1b: Amoonguss|Pollen Puff|p1a: Dondozo\n|-heal|p1a: Dondozo|84\/100\n|\n|-heal|p1a: Dondozo|90\/100|[from] item: Leftovers\n|upkeep\n|turn|6\n|\n|t:|1682613306\n|move|p2a: Chien-Pao|Ice Spinner|p1b: Amoonguss\n|-resisted|p1b: Amoonguss\n|-damage|p1b: Amoonguss|80\/100\n|move|p2b: Kingambit|Kowtow Cleave|p1b: Amoonguss\n|-damage|p1b: Amoonguss|26\/100\n|-enditem|p1b: Amoonguss|Sitrus Berry|[eat]\n|-heal|p1b: Amoonguss|51\/100|[from] item: Sitrus Berry\n|move|p1a: Dondozo|Wave Crash|p2b: Kingambit\n|-damage|p2b: Kingambit|70\/100\n|-damage|p1a: Dondozo|83\/100|[from] Recoil\n|move|p1b: Amoonguss|Spore|p2a: Chien-Pao\n|-status|p2a: Chien-Pao|slp|[from] move: Spore\n|\n|-heal|p1a: Dondozo|89\/100|[from] item: Leftovers\n|-end|p2b: Kingambit|move: Yawn|[silent]\n|-status|p2b: Kingambit|slp\n|upkeep\n|turn|7\n|\n|t:|1682613327\n|switch|p1b: Dragonite|Dragonite, L50, F, shiny|100\/100\n|cant|p2a: Chien-Pao|slp\n|cant|p2b: Kingambit|slp\n|move|p1a: Dondozo|Earthquake|p2b: Kingambit|[spread] p2a,p2b\n|-immune|p1b: Dragonite\n|-supereffective|p2b: Kingambit\n|-damage|p2a: Chien-Pao|82\/100 slp\n|-damage|p2b: Kingambit|45\/100 slp\n|\n|-heal|p1a: Dondozo|95\/100|[from] item: Leftovers\n|upkeep\n|turn|8\n|\n|t:|1682613383\n|switch|p1a: Amoonguss|Amoonguss, L50, M, shiny, tera:Water|85\/100\n|cant|p2a: Chien-Pao|slp\n|move|p1b: Dragonite|Dragon Dance|p1b: Dragonite\n|-boost|p1b: Dragonite|atk|1\n|-boost|p1b: Dragonite|spe|1\n|cant|p2b: Kingambit|slp\n|\n|upkeep\n|turn|9\n|\n|t:|1682613399\n|move|p1b: Dragonite|Extreme Speed|p2a: Chien-Pao\n|-damage|p2a: Chien-Pao|16\/100 slp\n|move|p1a: Amoonguss|Rage Powder|p1a: Amoonguss\n|-singleturn|p1a: Amoonguss|move: Rage Powder\n|cant|p2a: Chien-Pao|slp\n|cant|p2b: Kingambit|slp\n|\n|upkeep\n|turn|10\n|\n|t:|1682613410\n|move|p1b: Dragonite|Extreme Speed|p2a: Chien-Pao\n|-damage|p2a: Chien-Pao|0 fnt\n|faint|p2a: Chien-Pao\n|move|p1a: Amoonguss|Rage Powder|p1a: Amoonguss\n|-singleturn|p1a: Amoonguss|move: Rage Powder\n|-curestatus|p2b: Kingambit|slp|[msg]\n|move|p2b: Kingambit|Kowtow Cleave|p1a: Amoonguss\n|-damage|p1a: Amoonguss|50\/100\n|\n|upkeep\n|\n|t:|1682613419\n|switch|p2a: Arcanine|Arcanine, L50, M|63\/100\n|-ability|p2a: Arcanine|Intimidate|boost\n|-unboost|p1a: Amoonguss|atk|1\n|-unboost|p1b: Dragonite|atk|1\n|turn|11\n|\n|t:|1682613427\n|switch|p1a: Dondozo|Dondozo, L50, M|95\/100\n|move|p1b: Dragonite|Stomping Tantrum|p2b: Kingambit\n|-supereffective|p2b: Kingambit\n|-damage|p2b: Kingambit|3\/100\n|move|p2a: Arcanine|Will-O-Wisp|p1b: Dragonite\n|-status|p1b: Dragonite|brn\n|-enditem|p1b: Dragonite|Lum Berry|[eat]\n|-curestatus|p1b: Dragonite|brn|[msg]\n|move|p2b: Kingambit|Kowtow Cleave|p1a: Dondozo\n|-damage|p1a: Dondozo|66\/100\n|\n|-heal|p1a: Dondozo|73\/100|[from] item: Leftovers\n|upkeep\n|turn|12\n|\n|t:|1682613448\n|-terastallize|p2a: Arcanine|Water\n|move|p2b: Kingambit|Protect|p2b: Kingambit\n|-singleturn|p2b: Kingambit|Protect\n|move|p1b: Dragonite|Stomping Tantrum|p2a: Arcanine\n|-damage|p2a: Arcanine|37\/100\n|move|p2a: Arcanine|Will-O-Wisp|p1b: Dragonite\n|-status|p1b: Dragonite|brn\n|move|p1a: Dondozo|Earthquake|p2b: Kingambit|[spread] p2a\n|-activate|p2b: Kingambit|move: Protect\n|-immune|p1b: Dragonite\n|-damage|p2a: Arcanine|17\/100\n|\n|-heal|p1a: Dondozo|79\/100|[from] item: Leftovers\n|-damage|p1b: Dragonite|95\/100 brn|[from] brn\n|upkeep\n|turn|13\n|\n|t:|1682613466\n|move|p1b: Dragonite|Extreme Speed|p2a: Arcanine\n|-crit|p2a: Arcanine\n|-damage|p2a: Arcanine|0 fnt\n|faint|p2a: Arcanine\n|move|p2b: Kingambit|Kowtow Cleave|p1a: Dondozo\n|-damage|p1a: Dondozo|49\/100\n|move|p1a: Dondozo|Earthquake|p2b: Kingambit|[spread] p2b\n|-immune|p1b: Dragonite\n|-supereffective|p2b: Kingambit\n|-damage|p2b: Kingambit|0 fnt\n|faint|p2b: Kingambit\n|\n|win|jhgjasg\n|raw|jhgjasg's rating: 1016 → 1057<\/strong> (+41 for winning)\n|raw|JIZZZY's rating: 1045 → 1027<\/strong> (-18 for losing)\n","uploadtime":1682613483,"views":10,"p1id":"jhgjasg","p2id":"jizzzy","formatid":"gen9vgc2023regulationc","rating":1027,"private":0,"password":""}