{"id":"gen9vgc2023regulationc-1852429083","p1":"anshar_training","p2":"nikaso","format":"[Gen 9] VGC 2023 Regulation C","log":"|j|\u2606anshar_training\n|j|\u2606nikaso\n|t:|1682556495\n|gametype|doubles\n|player|p1|anshar_training|colress|1103\n|player|p2|nikaso|266|1129\n|teamsize|p1|6\n|teamsize|p2|6\n|gen|9\n|tier|[Gen 9] VGC 2023 Regulation C\n|rated|\n|rule|Species Clause: Limit one of each Pok\u00e9mon\n|rule|Item Clause: Limit one of each item\n|clearpoke\n|poke|p1|Palafin, L50, M|\n|poke|p1|Flutter Mane, L50|\n|poke|p1|Arcanine, L50, M|\n|poke|p1|Amoonguss, L50, M|\n|poke|p1|Ting-Lu, L50|\n|poke|p1|Roaring Moon, L50|\n|poke|p2|Arcanine, L50, M|\n|poke|p2|Dragapult, L50, M|\n|poke|p2|Chien-Pao, L50|\n|poke|p2|Amoonguss, L50, F|\n|poke|p2|Flutter Mane, L50|\n|poke|p2|Palafin, L50, F|\n|teampreview|4\n|\n|t:|1682556517\n|start\n|switch|p1a: PlusUltra|Palafin, L50, M|100\/100\n|switch|p1b: Apolo|Arcanine, L50, M|100\/100\n|switch|p2a: Palafin|Palafin, L50, F, shiny|100\/100\n|switch|p2b: Caraxes|Dragapult, L50, M, shiny|100\/100\n|-ability|p1b: Apolo|Intimidate|boost\n|-unboost|p2a: Palafin|atk|1\n|-fail|p2b: Caraxes|unboost|[from] ability: Clear Body|[of] p2b: Caraxes\n|turn|1\n|\n|t:|1682556548\n|detailschange|p1a: PlusUltra|Palafin-Hero, L50, M\n|switch|p1a: Cornelia|Flutter Mane, L50|100\/100\n|detailschange|p2a: Palafin|Palafin-Hero, L50, F, shiny\n|switch|p2a: Amoonguss|Amoonguss, L50, F, shiny|100\/100\n|-terastallize|p1b: Apolo|Grass\n|move|p2b: Caraxes|U-turn|p1a: Cornelia\n|-resisted|p1a: Cornelia\n|-damage|p1a: Cornelia|88\/100\n|-damage|p2b: Caraxes|91\/100|[from] item: Life Orb\n|\n|t:|1682556558\n|switch|p2b: Chien-Pao|Chien-Pao, L50|100\/100|[from] U-turn\n|-ability|p2b: Chien-Pao|Sword of Ruin\n|move|p1b: Apolo|Will-O-Wisp|p2b: Chien-Pao|[miss]\n|-miss|p1b: Apolo|p2b: Chien-Pao\n|\n|upkeep\n|turn|2\n|\n|t:|1682556582\n|move|p2b: Chien-Pao|Ice Spinner|p1b: Apolo\n|-supereffective|p1b: Apolo\n|-damage|p1b: Apolo|0 fnt\n|faint|p1b: Apolo\n|move|p1a: Cornelia|Dazzling Gleam|p2b: Chien-Pao|[spread] p2a,p2b\n|-resisted|p2a: Amoonguss\n|-supereffective|p2b: Chien-Pao\n|-damage|p2a: Amoonguss|79\/100\n|-enditem|p2b: Chien-Pao|Focus Sash\n|-damage|p2b: Chien-Pao|1\/100\n|move|p2a: Amoonguss|Spore|p1a: Cornelia\n|-status|p1a: Cornelia|slp|[from] move: Spore\n|\n|upkeep\n|\n|t:|1682556594\n|switch|p1b: Susy|Amoonguss, L50, M|100\/100\n|turn|3\n|\n|t:|1682556612\n|move|p1b: Susy|Rage Powder|p1b: Susy\n|-singleturn|p1b: Susy|move: Rage Powder\n|move|p2a: Amoonguss|Rage Powder|p2a: Amoonguss\n|-singleturn|p2a: Amoonguss|move: Rage Powder\n|move|p2b: Chien-Pao|Ice Spinner|p1b: Susy\n|-supereffective|p1b: Susy\n|-damage|p1b: Susy|20\/100\n|-enditem|p1b: Susy|Sitrus Berry|[eat]\n|-heal|p1b: Susy|45\/100|[from] item: Sitrus Berry\n|cant|p1a: Cornelia|slp\n|\n|upkeep\n|turn|4\n|\n|t:|1682556623\n|move|p1b: Susy|Protect|p1b: Susy\n|-singleturn|p1b: Susy|Protect\n|move|p2a: Amoonguss|Rage Powder|p2a: Amoonguss\n|-singleturn|p2a: Amoonguss|move: Rage Powder\n|move|p2b: Chien-Pao|Ice Spinner|p1b: Susy\n|-activate|p1b: Susy|move: Protect\n|cant|p1a: Cornelia|slp\n|\n|upkeep\n|turn|5\n|\n|t:|1682556637\n|move|p1b: Susy|Protect||[still]\n|-fail|p1b: Susy\n|move|p2b: Chien-Pao|Ice Spinner|p1b: Susy\n|-supereffective|p1b: Susy\n|-damage|p1b: Susy|0 fnt\n|faint|p1b: Susy\n|cant|p1a: Cornelia|slp\n|move|p2a: Amoonguss|Spore|p1a: Cornelia\n|-fail|p1a: Cornelia|slp\n|\n|upkeep\n|\n|t:|1682556646\n|switch|p1b: PlusUltra|Palafin-Hero, L50, M|100\/100\n|-activate|p1b: PlusUltra|ability: Zero to Hero\n|turn|6\n|\n|t:|1682556670\n|move|p1b: PlusUltra|Jet Punch|p2a: Amoonguss\n|-resisted|p2a: Amoonguss\n|-damage|p2a: Amoonguss|55\/100\n|move|p2b: Chien-Pao|Ice Spinner|p1a: Cornelia\n|-crit|p1a: Cornelia\n|-damage|p1a: Cornelia|0 fnt\n|faint|p1a: Cornelia\n|-end|p1a: Cornelia|Protosynthesis|[silent]\n|move|p2a: Amoonguss|Spore|p1b: PlusUltra\n|-status|p1b: PlusUltra|slp|[from] move: Spore\n|\n|upkeep\n|turn|7\n|\n|t:|1682556688\n|cant|p1b: PlusUltra|slp\n|move|p2b: Chien-Pao|Sacred Sword|p1b: PlusUltra\n|-damage|p1b: PlusUltra|62\/100 slp\n|move|p2a: Amoonguss|Clear Smog|p1b: PlusUltra\n|-damage|p1b: PlusUltra|47\/100 slp\n|-clearboost|p1b: PlusUltra\n|\n|upkeep\n|turn|8\n|\n|t:|1682556704\n|move|p2a: Amoonguss|Rage Powder|p2a: Amoonguss\n|-singleturn|p2a: Amoonguss|move: Rage Powder\n|cant|p1b: PlusUltra|slp\n|move|p2b: Chien-Pao|Sacred Sword|p1b: PlusUltra\n|-damage|p1b: PlusUltra|11\/100 slp\n|\n|upkeep\n|turn|9\n|\n|t:|1682556712\n|move|p2a: Amoonguss|Rage Powder|p2a: Amoonguss\n|-singleturn|p2a: Amoonguss|move: Rage Powder\n|-curestatus|p1b: PlusUltra|slp|[msg]\n|move|p1b: PlusUltra|Jet Punch|p2a: Amoonguss\n|-resisted|p2a: Amoonguss\n|-damage|p2a: Amoonguss|31\/100\n|move|p2b: Chien-Pao|Sacred Sword|p1b: PlusUltra\n|-damage|p1b: PlusUltra|0 fnt\n|faint|p1b: PlusUltra\n|\n|win|nikaso\n|raw|anshar_training's rating: 1103 → 1080<\/strong> (-23 for losing)\n|raw|nikaso's rating: 1129 → 1152<\/strong> (+23 for winning)\n","uploadtime":1682556718,"views":14,"p1id":"anshartraining","p2id":"nikaso","formatid":"gen9vgc2023regulationc","rating":1080,"private":0,"password":""}