{"id":"gen9vgc2023regulationc-1855789548","p1":"kekamapono","p2":"HoldaUno","format":"[Gen 9] VGC 2023 Regulation C","log":"|j|\u2606kekamapono\n|j|\u2606HoldaUno\n|t:|1682984398\n|gametype|doubles\n|player|p1|kekamapono|170|1050\n|player|p2|HoldaUno|169|1080\n|teamsize|p1|6\n|teamsize|p2|6\n|gen|9\n|tier|[Gen 9] VGC 2023 Regulation C\n|rated|\n|rule|Species Clause: Limit one of each Pok\u00e9mon\n|rule|Item Clause: Limit one of each item\n|clearpoke\n|poke|p1|Brute Bonnet, L50|\n|poke|p1|Mimikyu, L50, F|\n|poke|p1|Kingambit, L50, M|\n|poke|p1|Ceruledge, L50, F|\n|poke|p1|Rotom-Wash, L50|\n|poke|p1|Armarouge, L50, M|\n|poke|p2|Chansey, L50, F|\n|poke|p2|Ting-Lu, L50|\n|poke|p2|Lycanroc-Midnight, L50, M|\n|poke|p2|Oranguru, L50, F|\n|poke|p2|Sableye, L50, F|\n|poke|p2|Indeedee-F, L50, F|\n|teampreview|4\nHoldaUno rejected open team sheets.\n|\n|t:|1682984441\n|start\n|switch|p1a: Mimikyu|Mimikyu, L50, F|100\/100\n|switch|p1b: Rotom|Rotom-Wash, L50|100\/100\n|switch|p2a: Sableye|Sableye, L50, F, shiny|100\/100\n|switch|p2b: Lycanroc|Lycanroc-Midnight, L50, M, shiny|100\/100\n|turn|1\n|\n|t:|1682984470\n|move|p2a: Sableye|Skill Swap|p2b: Lycanroc\n|-activate|p2a: Sableye|move: Skill Swap|||[of] p2b: Lycanroc\n|move|p1b: Rotom|Dark Pulse|p2a: Sableye\n|-damage|p2a: Sableye|76\/100\n|move|p2b: Lycanroc|Rock Slide|p1a: Mimikyu|[spread] p1a,p1b\n|-crit|p1b: Rotom\n|-activate|p1a: Mimikyu|ability: Disguise\n|-damage|p1a: Mimikyu|100\/100\n|-damage|p1b: Rotom|56\/100\n|detailschange|p1a: Mimikyu|Mimikyu-Busted, L50, F\n|-damage|p1a: Mimikyu|88\/100|[from] pokemon: Mimikyu-Busted\n|move|p1a: Mimikyu|Trick Room|p1a: Mimikyu\n|-fieldstart|move: Trick Room|[of] p1a: Mimikyu\n|\n|upkeep\n|turn|2\n|\n|t:|1682984516\n|switch|p2b: Ting-Lu|Ting-Lu, L50|100\/100\n|-ability|p2b: Ting-Lu|Vessel of Ruin\n|move|p2a: Sableye|Skill Swap|p2b: Ting-Lu\n|-activate|p2a: Sableye|move: Skill Swap|||[of] p2b: Ting-Lu\n|-ability|p2a: Sableye|Vessel of Ruin\n|move|p1b: Rotom|Thunder|p2b: Ting-Lu\n|-immune|p2b: Ting-Lu\n|move|p1a: Mimikyu|Wood Hammer|p2b: Ting-Lu\n|-supereffective|p2b: Ting-Lu\n|-damage|p2b: Ting-Lu|56\/100\n|-damage|p1a: Mimikyu|59\/100|[from] Recoil\n|\n|-heal|p2b: Ting-Lu|62\/100|[from] item: Leftovers\n|upkeep\n|turn|3\n|\n|t:|1682984548\n|switch|p2a: Chansey|Chansey, L50, F, shiny|100\/100\n|-terastallize|p2b: Ting-Lu|Grass\n|move|p2b: Ting-Lu|Heavy Slam|p1a: Mimikyu\n|-supereffective|p1a: Mimikyu\n|-damage|p1a: Mimikyu|0 fnt\n|faint|p1a: Mimikyu\n|move|p1b: Rotom|Thunder|p2a: Chansey\n|-damage|p2a: Chansey|83\/100\n|\n|-heal|p2b: Ting-Lu|68\/100|[from] item: Leftovers\n|upkeep\n|\n|t:|1682984559\n|switch|p1a: Ceruledge|Ceruledge, L50, F|100\/100\n|turn|4\n|\n|t:|1682984582\n|-terastallize|p1a: Ceruledge|Grass\n|move|p2b: Ting-Lu|Fissure|p1a: Ceruledge\n|-damage|p1a: Ceruledge|0 fnt\n|faint|p1a: Ceruledge\n|-ohko\n|move|p2a: Chansey|Gravity|p2a: Chansey\n|-fieldstart|move: Gravity\n|move|p1b: Rotom|Hydro Pump|p2a: Chansey\n|-damage|p2a: Chansey|66\/100\n|\n|-heal|p2b: Ting-Lu|75\/100|[from] item: Leftovers\n|upkeep\n|\n|t:|1682984593\n|switch|p1a: Kingambit|Kingambit, L50, M|100\/100\n|-activate|p1a: Kingambit|ability: Supreme Overlord\n|-start|p1a: Kingambit|fallen2|[silent]\n|turn|5\n|\n|t:|1682984620\n|switch|p2a: Sableye|Sableye, L50, F, shiny|76\/100\n|move|p2b: Ting-Lu|Protect|p2b: Ting-Lu\n|-singleturn|p2b: Ting-Lu|Protect\n|move|p1a: Kingambit|X-Scissor|p2b: Ting-Lu\n|-activate|p2b: Ting-Lu|move: Protect\n|move|p1b: Rotom|Hydro Pump|p2a: Sableye\n|-damage|p2a: Sableye|25\/100\n|\n|-heal|p2b: Ting-Lu|81\/100|[from] item: Leftovers\n|-fieldend|move: Trick Room\n|upkeep\n|turn|6\n|\n|t:|1682984647\n|move|p2a: Sableye|Quash|p1a: Kingambit\n|-hint|Since gen 7, Dark is immune to Prankster moves.\n|-immune|p1a: Kingambit\n|move|p1b: Rotom|Hydro Pump|p2a: Sableye\n|-damage|p2a: Sableye|0 fnt\n|faint|p2a: Sableye\n|move|p1a: Kingambit|X-Scissor|p2b: Ting-Lu\n|-supereffective|p2b: Ting-Lu\n|-damage|p2b: Ting-Lu|33\/100\n|-damage|p1a: Kingambit|91\/100|[from] item: Life Orb\n|move|p2b: Ting-Lu|Fissure|p1a: Kingambit\n|-damage|p1a: Kingambit|0 fnt\n|faint|p1a: Kingambit\n|-end|p1a: Kingambit|fallen2|[silent]\n|-ohko\n|\n|-heal|p2b: Ting-Lu|39\/100|[from] item: Leftovers\n|upkeep\n|c|\u2606HoldaUno|lol okay\n|c|\u2606HoldaUno|i forgor lol\n|-message|kekamapono forfeited.\n|\n|win|HoldaUno\n|raw|kekamapono's rating: 1050 → 1034<\/strong> (-16 for losing)\n|raw|HoldaUno's rating: 1080 → 1106<\/strong> (+26 for winning)\n|l|\u2606kekamapono\n","uploadtime":1682984673,"views":17,"p1id":"kekamapono","p2id":"holdauno","formatid":"gen9vgc2023regulationc","rating":1034,"private":0,"password":""}