{"id":"gen9vgc2023regulationc-1851317928","p1":"WillieDangerously","p2":"ted31625","format":"[Gen 9] VGC 2023 Regulation C","log":"|j|\u2606WillieDangerously\n|j|\u2606ted31625\n|t:|1682435354\n|gametype|doubles\n|player|p1|WillieDangerously|psychic-gen4|1134\n|player|p2|ted31625|266|1228\n|teamsize|p1|6\n|teamsize|p2|6\n|gen|9\n|tier|[Gen 9] VGC 2023 Regulation C\n|rated|\n|rule|Species Clause: Limit one of each Pok\u00e9mon\n|rule|Item Clause: Limit one of each item\n|clearpoke\n|poke|p1|Espathra, L50, F|\n|poke|p1|Iron Bundle, L50|\n|poke|p1|Iron Valiant, L50|\n|poke|p1|Salamence, L50, M|\n|poke|p1|Scizor, L50, F|\n|poke|p1|Sandy Shocks, L50|\n|poke|p2|Ting-Lu, L50|\n|poke|p2|Amoonguss, L50, M|\n|poke|p2|Roaring Moon, L50|\n|poke|p2|Arcanine, L50, M|\n|poke|p2|Palafin, L50, M|\n|poke|p2|Flutter Mane, L50|\n|teampreview|4\n|inactive|Battle timer is ON: inactive players will automatically lose when time's up. (requested by ted31625)\n|inactive|WillieDangerously has 60 seconds left.\n|inactive|ted31625 has 60 seconds left.\n|\n|t:|1682435390\n|start\n|switch|p1a: Sandy Shocks|Sandy Shocks, L50|100\/100\n|switch|p1b: Iron Bundle|Iron Bundle, L50|100\/100\n|switch|p2a: MW-Cookie|Amoonguss, L50, M, shiny|100\/100\n|switch|p2b: MW-Yee\u7965|Palafin, L50, M, shiny|100\/100\n|-enditem|p1a: Sandy Shocks|Booster Energy\n|-activate|p1a: Sandy Shocks|ability: Protosynthesis|[fromitem]\n|-start|p1a: Sandy Shocks|protosynthesisspe\n|turn|1\n|\n|t:|1682435413\n|detailschange|p2b: MW-Yee\u7965|Palafin-Hero, L50, M, shiny\n|switch|p2b: MW-\u5f65\u4f51|Arcanine, L50, M, shiny|100\/100\n|-ability|p2b: MW-\u5f65\u4f51|Intimidate|boost\n|-unboost|p1a: Sandy Shocks|atk|1\n|-fail|p1b: Iron Bundle|unboost|[from] item: Clear Amulet|[of] p1b: Iron Bundle\n|-terastallize|p1a: Sandy Shocks|Ghost\n|move|p1b: Iron Bundle|Protect|p1b: Iron Bundle\n|-singleturn|p1b: Iron Bundle|Protect\n|move|p1a: Sandy Shocks|Gravity|p1a: Sandy Shocks\n|-fieldstart|move: Gravity\n|move|p2a: MW-Cookie|Spore|p1a: Sandy Shocks\n|-status|p1a: Sandy Shocks|slp|[from] move: Spore\n|\n|upkeep\n|turn|2\n|inactive|WillieDangerously has 30 seconds left.\n|inactive|ted31625 has 30 seconds left.\n|\n|t:|1682435445\n|-end|p1a: Sandy Shocks|Protosynthesis|[silent]\n|switch|p1a: Iron Valiant|Iron Valiant, L50|100\/100\n|switch|p2b: MW-Yee\u7965|Palafin-Hero, L50, M, shiny|100\/100\n|-activate|p2b: MW-Yee\u7965|ability: Zero to Hero\n|move|p1b: Iron Bundle|Hydro Pump|p2b: MW-Yee\u7965\n|-resisted|p2b: MW-Yee\u7965\n|-damage|p2b: MW-Yee\u7965|76\/100\n|move|p2a: MW-Cookie|Spore|p1b: Iron Bundle\n|-status|p1b: Iron Bundle|slp|[from] move: Spore\n|\n|upkeep\n|turn|3\n|\n|t:|1682435469\n|-terastallize|p2b: MW-Yee\u7965|Water\n|move|p1a: Iron Valiant|Protect|p1a: Iron Valiant\n|-singleturn|p1a: Iron Valiant|Protect\n|cant|p1b: Iron Bundle|slp\n|move|p2b: MW-Yee\u7965|Wave Crash|p1a: Iron Valiant\n|-activate|p1a: Iron Valiant|move: Protect\n|move|p2a: MW-Cookie|Pollen Puff|p2b: MW-Yee\u7965\n|-heal|p2b: MW-Yee\u7965|100\/100\n|\n|upkeep\n|turn|4\n|\n|t:|1682435488\n|switch|p2a: MW-Boomer|Flutter Mane, L50|100\/100\n|-curestatus|p1b: Iron Bundle|slp|[msg]\n|move|p1b: Iron Bundle|Blizzard|p2a: MW-Boomer|[spread] p2a,p2b\n|-resisted|p2b: MW-Yee\u7965\n|-damage|p2a: MW-Boomer|52\/100\n|-damage|p2b: MW-Yee\u7965|82\/100\n|move|p1a: Iron Valiant|Hypnosis|p2b: MW-Yee\u7965\n|-status|p2b: MW-Yee\u7965|slp|[from] move: Hypnosis\n|cant|p2b: MW-Yee\u7965|slp\n|\n|upkeep\n|turn|5\n|inactive|WillieDangerously has 30 seconds left.\n|inactive|ted31625 has 30 seconds left.\n|\n|t:|1682435521\n|move|p1b: Iron Bundle|Icy Wind|p2b: MW-Yee\u7965|[spread] p2a,p2b\n|-resisted|p2b: MW-Yee\u7965\n|-damage|p2a: MW-Boomer|31\/100\n|-damage|p2b: MW-Yee\u7965|72\/100 slp\n|-unboost|p2a: MW-Boomer|spe|1\n|-unboost|p2b: MW-Yee\u7965|spe|1\n|move|p1a: Iron Valiant|Hypnosis|p2a: MW-Boomer\n|-status|p2a: MW-Boomer|slp|[from] move: Hypnosis\n|cant|p2a: MW-Boomer|slp\n|cant|p2b: MW-Yee\u7965|slp\n|\n|-fieldend|move: Gravity\n|upkeep\n|turn|6\n|-message|ted31625 forfeited.\n|\n|win|WillieDangerously\n|raw|WillieDangerously's rating: 1134 → 1166<\/strong> (+32 for winning)\n|raw|ted31625's rating: 1228 → 1196<\/strong> (-32 for losing)\n|l|\u2606ted31625\n","uploadtime":1682435539,"views":10,"p1id":"williedangerously","p2id":"ted31625","formatid":"gen9vgc2023regulationc","rating":1166,"private":0,"password":""}