{"id":"gen9vgc2023regulationc-1860568312","p1":"sgarli74","p2":"zippLapZapper","format":"[Gen 9] VGC 2023 Regulation C","log":"|j|\u2606sgarli74\n|j|\u2606zippLapZapper\n|t:|1683655223\n|gametype|doubles\n|player|p1|sgarli74|265|\n|player|p2|zippLapZapper|hilbert-wonderlauncher|\n|teamsize|p1|6\n|teamsize|p2|6\n|gen|9\n|tier|[Gen 9] VGC 2023 Regulation C\n|rule|Species Clause: Limit one of each Pok\u00e9mon\n|rule|Item Clause: Limit one of each item\n|clearpoke\n|poke|p1|Talonflame, L50, M|\n|poke|p1|Chi-Yu, L50|\n|poke|p1|Flutter Mane, L50|\n|poke|p1|Rotom-Wash, L50|\n|poke|p1|Baxcalibur, L50, M|\n|poke|p1|Iron Bundle, L50|\n|poke|p2|Garchomp, L50, M|\n|poke|p2|Talonflame, L50, M|\n|poke|p2|Flutter Mane, L50|\n|poke|p2|Iron Bundle, L50|\n|poke|p2|Chien-Pao, L50|\n|poke|p2|Tyranitar, L50, M|\n|teampreview|4\n|c|\u2606zippLapZapper|g1\n|c|\u2606zippLapZapper|fl hf\n|c|\u2606sgarli74|glhf\n|c|\u2606zippLapZapper|gl*\nzippLapZapper has agreed to open team sheets.\n|inactive|Battle timer is ON: inactive players will automatically lose when time's up. (requested by zippLapZapper)\n|inactive|sgarli74 has 60 seconds left.\n|inactive|zippLapZapper has 60 seconds left.\n|j| GreenMidoriVerde\n|c|\u2606zippLapZapper|who is the 3rd player?\n|inactiveoff|Battle timer is now OFF.\n|c|\u2606sgarli74|idk\n|c|\u2606zippLapZapper|We should restart without spectators then\n|c|\u2606zippLapZapper|or?\n|c|\u2606sgarli74|oh ok\n|c|\u2606sgarli74|i don't know him\n|l| GreenMidoriVerde\n|c|\u2606zippLapZapper|oh\n|c|\u2606zippLapZapper|okay wait\n|c|\u2606zippLapZapper|lets play\n|inactive|Battle timer is ON: inactive players will automatically lose when time's up. (requested by zippLapZapper)\n|\n|t:|1683655347\n|start\n|switch|p1a: Talonflame|Talonflame, L50, M|100\/100\n|switch|p1b: Chi-Yu|Chi-Yu, L50|100\/100\n|switch|p2a: Talonflame|Talonflame, L50, M|100\/100\n|switch|p2b: Tyranitar|Tyranitar, L50, M|100\/100\n|-ability|p1b: Chi-Yu|Beads of Ruin\n|-weather|Sandstorm|[from] ability: Sand Stream|[of] p2b: Tyranitar\n|turn|1\n|c|\u2606sgarli74|but why we should restart?\n|c|\u2606zippLapZapper|idk, I assume if people watch they could make comments\n|inactive|sgarli74 has 30 seconds left.\n|c|\u2606zippLapZapper|or help players out\n|c|\u2606sgarli74|oh ok\n|inactive|sgarli74 has 20 seconds left.\n|c|\u2606sgarli74|true\n|inactive|sgarli74 has 15 seconds left.\n|inactive|sgarli74 has 10 seconds left.\n|\n|t:|1683655393\n|-terastallize|p1b: Chi-Yu|Water\n|move|p1a: Talonflame|Tailwind|p1a: Talonflame\n|-sidestart|p1: sgarli74|move: Tailwind\n|move|p2a: Talonflame|Tailwind|p2a: Talonflame\n|-sidestart|p2: zippLapZapper|move: Tailwind\n|move|p1b: Chi-Yu|Tera Blast|p2b: Tyranitar\n|-supereffective|p2b: Tyranitar\n|-damage|p2b: Tyranitar|29\/100\n|move|p2b: Tyranitar|Rock Slide|p1b: Chi-Yu|[spread] p1a,p1b\n|-supereffective|p1a: Talonflame\n|-damage|p1a: Talonflame|0 fnt\n|-damage|p1b: Chi-Yu|52\/100\n|faint|p1a: Talonflame\n|\n|-weather|Sandstorm|[upkeep]\n|-damage|p1b: Chi-Yu|46\/100|[from] Sandstorm\n|upkeep\n|\n|t:|1683655405\n|switch|p1a: Rotom|Rotom-Wash, L50|100\/100\n|turn|2\n|\n|t:|1683655427\n|move|p2a: Talonflame|Brave Bird|p1b: Chi-Yu\n|-damage|p1b: Chi-Yu|0 fnt\n|faint|p1b: Chi-Yu\n|-damage|p2a: Talonflame|88\/100|[from] Recoil\n|move|p1a: Rotom|Thunderbolt|p2a: Talonflame\n|-supereffective|p2a: Talonflame\n|-damage|p2a: Talonflame|0 fnt\n|faint|p2a: Talonflame\n|move|p2b: Tyranitar|Rock Slide|p1a: Rotom\n|-damage|p1a: Rotom|60\/100\n|\n|-weather|Sandstorm|[upkeep]\n|upkeep\n|\n|t:|1683655451\n|switch|p2a: Iron Bundle|Iron Bundle, L50|100\/100\n|switch|p1b: Flutter Mane|Flutter Mane, L50|100\/100\n|-enditem|p2a: Iron Bundle|Booster Energy\n|-activate|p2a: Iron Bundle|ability: Quark Drive|[fromitem]\n|-start|p2a: Iron Bundle|quarkdrivespe\n|turn|3\n|\n|t:|1683655466\n|move|p2a: Iron Bundle|Protect|p2a: Iron Bundle\n|-singleturn|p2a: Iron Bundle|Protect\n|move|p1b: Flutter Mane|Dazzling Gleam|p2a: Iron Bundle|[spread] p2b\n|-activate|p2a: Iron Bundle|move: Protect\n|-supereffective|p2b: Tyranitar\n|-damage|p2b: Tyranitar|0 fnt\n|faint|p2b: Tyranitar\n|move|p1a: Rotom|Thunderbolt|p2a: Iron Bundle\n|-activate|p2a: Iron Bundle|move: Protect\n|\n|-weather|Sandstorm|[upkeep]\n|-damage|p2a: Iron Bundle|95\/100|[from] Sandstorm\n|-damage|p1b: Flutter Mane|94\/100|[from] Sandstorm\n|upkeep\n|\n|t:|1683655474\n|switch|p2b: Flutter Mane|Flutter Mane, L50|100\/100\n|turn|4\n|inactive|zippLapZapper has 30 seconds left.\n|inactive|zippLapZapper has 20 seconds left.\n|inactive|zippLapZapper has 15 seconds left.\n|inactive|zippLapZapper has 10 seconds left.\n|\n|t:|1683655520\n|-terastallize|p2a: Iron Bundle|Ghost\n|move|p2a: Iron Bundle|Icy Wind|p1a: Rotom|[spread] p1a,p1b\n|-resisted|p1a: Rotom\n|-damage|p1a: Rotom|48\/100\n|-damage|p1b: Flutter Mane|73\/100\n|-unboost|p1a: Rotom|spe|1\n|-unboost|p1b: Flutter Mane|spe|1\n|move|p2b: Flutter Mane|Shadow Ball|p1a: Rotom\n|-damage|p1a: Rotom|0 fnt\n|faint|p1a: Rotom\n|move|p1b: Flutter Mane|Shadow Ball|p2b: Flutter Mane\n|-supereffective|p2b: Flutter Mane\n|-damage|p2b: Flutter Mane|3\/100\n|\n|-weather|Sandstorm|[upkeep]\n|-damage|p2a: Iron Bundle|89\/100|[from] Sandstorm\n|-damage|p2b: Flutter Mane|0 fnt|[from] Sandstorm\n|-damage|p1b: Flutter Mane|67\/100|[from] Sandstorm\n|faint|p2b: Flutter Mane\n|-end|p2b: Flutter Mane|Protosynthesis|[silent]\n|-sideend|p1: sgarli74|move: Tailwind\n|-sideend|p2: zippLapZapper|move: Tailwind\n|upkeep\n|turn|5\n|\n|t:|1683655533\n|move|p2a: Iron Bundle|Protect|p2a: Iron Bundle\n|-singleturn|p2a: Iron Bundle|Protect\n|move|p1b: Flutter Mane|Shadow Ball|p2a: Iron Bundle\n|-activate|p2a: Iron Bundle|move: Protect\n|\n|-weather|none\n|upkeep\n|turn|6\n|\n|t:|1683655539\n|move|p2a: Iron Bundle|Freeze-Dry|p1b: Flutter Mane\n|-damage|p1b: Flutter Mane|33\/100\n|move|p1b: Flutter Mane|Shadow Ball|p2a: Iron Bundle\n|-supereffective|p2a: Iron Bundle\n|-damage|p2a: Iron Bundle|0 fnt\n|faint|p2a: Iron Bundle\n|-end|p2a: Iron Bundle|Quark Drive|[silent]\n|\n|win|sgarli74\n|c|\u2606sgarli74|gg\n","uploadtime":1683655546,"views":20,"p1id":"sgarli74","p2id":"zipplapzapper","formatid":"gen9vgc2023regulationc","rating":0,"private":0,"password":""}