{"id":"gen9vgc2023regulationc-1848179470","p1":"PurpleStyle","p2":"bohm11","format":"[Gen 9] VGC 2023 Regulation C","log":"|j|\u2606PurpleStyle\n|j|\u2606bohm11\n|t:|1682039131\n|gametype|doubles\n|player|p1|PurpleStyle|pokefan|\n|player|p2|bohm11|101|\n|teamsize|p1|6\n|teamsize|p2|6\n|gen|9\n|tier|[Gen 9] VGC 2023 Regulation C\n|rule|Species Clause: Limit one of each Pok\u00e9mon\n|rule|Item Clause: Limit one of each item\n|clearpoke\n|poke|p1|Flutter Mane, L50|\n|poke|p1|Azumarill, L50, F|\n|poke|p1|Hydreigon, L50, F|\n|poke|p1|Indeedee, L50, M|\n|poke|p1|Falinks, L50|\n|poke|p1|Orthworm, L50, M|\n|poke|p2|Scream Tail, L50|\n|poke|p2|Garganacl, L50, F|\n|poke|p2|Hippowdon, L50, F|\n|poke|p2|Lycanroc, L50, M|\n|poke|p2|Breloom, L50, F|\n|poke|p2|Murkrow, L50, M|\n|teampreview|4\n|c|\u2606bohm11|g1\nPurpleStyle rejected open team sheets.\n|c|\u2606bohm11|Ready when you are timer on or off?\n|c|\u2606PurpleStyle|I prefer off but IDC that much\n|c|\u2606bohm11|works for me!\n|c|\u2606bohm11|glhf\n|c|\u2606PurpleStyle|u2 glhf!\n|\n|t:|1682039274\n|start\n|switch|p1a: Azumarill|Azumarill, L50, F|100\/100\n|switch|p1b: Indeedee|Indeedee, L50, M|100\/100\n|switch|p2a: Scream Tail|Scream Tail, L50|100\/100\n|switch|p2b: Garganacl|Garganacl, L50, F|100\/100\n|-enditem|p2a: Scream Tail|Booster Energy\n|-activate|p2a: Scream Tail|ability: Protosynthesis|[fromitem]\n|-start|p2a: Scream Tail|protosynthesisspd\n|turn|1\n|\n|t:|1682039326\n|move|p2a: Scream Tail|Protect|p2a: Scream Tail\n|-singleturn|p2a: Scream Tail|Protect\n|move|p1b: Indeedee|Fake Out|p2a: Scream Tail\n|-activate|p2a: Scream Tail|move: Protect\n|move|p1a: Azumarill|Liquidation|p2b: Garganacl\n|-supereffective|p2b: Garganacl\n|-damage|p2b: Garganacl|0 fnt\n|faint|p2b: Garganacl\n|\n|upkeep\n|c|\u2606bohm11|ooo wp\n|\n|t:|1682039341\n|switch|p2b: Hippowdon|Hippowdon, L50, F|100\/100\n|-weather|Sandstorm|[from] ability: Sand Stream|[of] p2b: Hippowdon\n|turn|2\n|c|\u2606PurpleStyle|thanks\n|\n|t:|1682039372\n|-end|p2a: Scream Tail|Protosynthesis|[silent]\n|switch|p2a: Lycanroc|Lycanroc, L50, M|100\/100\n|-terastallize|p2b: Hippowdon|Grass\n|move|p1b: Indeedee|Encore||[still]\n|-fail|p1b: Indeedee\n|move|p1a: Azumarill|Liquidation|p2b: Hippowdon\n|-resisted|p2b: Hippowdon\n|-damage|p2b: Hippowdon|72\/100\n|move|p2b: Hippowdon|Tera Blast|p1a: Azumarill\n|-supereffective|p1a: Azumarill\n|-damage|p1a: Azumarill|22\/100\n|\n|-weather|Sandstorm|[upkeep]\n|-damage|p1b: Indeedee|95\/100|[from] Sandstorm\n|-damage|p1a: Azumarill|16\/100|[from] Sandstorm\n|-damage|p2b: Hippowdon|66\/100|[from] Sandstorm\n|upkeep\n|turn|3\n|\n|t:|1682039410\n|switch|p1a: Hydreigon|Hydreigon, L50, F|100\/100\n|move|p2a: Lycanroc|Quick Guard|p2a: Lycanroc\n|-singleturn|p2a: Lycanroc|Quick Guard\n|move|p1b: Indeedee|Encore|p2b: Hippowdon\n|-start|p2b: Hippowdon|Encore\n|move|p2b: Hippowdon|Tera Blast|p1a: Hydreigon\n|-resisted|p1a: Hydreigon\n|-damage|p1a: Hydreigon|79\/100\n|\n|-weather|Sandstorm|[upkeep]\n|-damage|p1a: Hydreigon|73\/100|[from] Sandstorm\n|-damage|p1b: Indeedee|89\/100|[from] Sandstorm\n|-damage|p2b: Hippowdon|60\/100|[from] Sandstorm\n|upkeep\n|turn|4\n|\n|t:|1682039454\n|-terastallize|p1a: Hydreigon|Poison\n|move|p2a: Lycanroc|Close Combat|p1a: Hydreigon\n|-resisted|p1a: Hydreigon\n|-damage|p1a: Hydreigon|40\/100\n|-unboost|p2a: Lycanroc|def|1\n|-unboost|p2a: Lycanroc|spd|1\n|-damage|p2a: Lycanroc|91\/100|[from] item: Life Orb\n|move|p1a: Hydreigon|Flash Cannon|p2a: Lycanroc\n|-supereffective|p2a: Lycanroc\n|-damage|p2a: Lycanroc|12\/100\n|move|p1b: Indeedee|Psychic|p2a: Lycanroc\n|-damage|p2a: Lycanroc|0 fnt\n|faint|p2a: Lycanroc\n|move|p2b: Hippowdon|Tera Blast|p1b: Indeedee\n|-damage|p1b: Indeedee|28\/100\n|\n|-weather|Sandstorm|[upkeep]\n|-damage|p1a: Hydreigon|34\/100|[from] Sandstorm\n|-damage|p1b: Indeedee|23\/100|[from] Sandstorm\n|-damage|p2b: Hippowdon|54\/100|[from] Sandstorm\n|upkeep\n|\n|t:|1682039465\n|switch|p2a: Scream Tail|Scream Tail, L50|100\/100\n|turn|5\n|\n|t:|1682039530\n|move|p1a: Hydreigon|Flash Cannon|p2a: Scream Tail\n|-supereffective|p2a: Scream Tail\n|-damage|p2a: Scream Tail|73\/100\n|-unboost|p2a: Scream Tail|spd|1\n|move|p1b: Indeedee|Psychic|p2b: Hippowdon\n|-damage|p2b: Hippowdon|27\/100\n|move|p2b: Hippowdon|Tera Blast|p1b: Indeedee\n|-damage|p1b: Indeedee|0 fnt\n|faint|p1b: Indeedee\n|move|p2a: Scream Tail|Trick Room|p2a: Scream Tail\n|-fieldstart|move: Trick Room|[of] p2a: Scream Tail\n|\n|-weather|Sandstorm|[upkeep]\n|-damage|p2b: Hippowdon|21\/100|[from] Sandstorm\n|-damage|p2a: Scream Tail|67\/100|[from] Sandstorm\n|-damage|p1a: Hydreigon|28\/100|[from] Sandstorm\n|-end|p2b: Hippowdon|Encore\n|upkeep\n|\n|t:|1682039606\n|switch|p1b: Azumarill|Azumarill, L50, F|16\/100\n|turn|6\n|\n|t:|1682039631\n|move|p2b: Hippowdon|Tera Blast|p1b: Azumarill\n|-supereffective|p1b: Azumarill\n|-damage|p1b: Azumarill|0 fnt\n|faint|p1b: Azumarill\n|move|p2a: Scream Tail|Play Rough|p1a: Hydreigon\n|-resisted|p1a: Hydreigon\n|-damage|p1a: Hydreigon|16\/100\n|move|p1a: Hydreigon|Dark Pulse|p2b: Hippowdon\n|-damage|p2b: Hippowdon|0 fnt\n|faint|p2b: Hippowdon\n|\n|-weather|none\n|upkeep\n|\n|t:|1682039642\n|switch|p1b: Flutter Mane|Flutter Mane, L50|100\/100\n|-enditem|p1b: Flutter Mane|Booster Energy\n|-activate|p1b: Flutter Mane|ability: Protosynthesis|[fromitem]\n|-start|p1b: Flutter Mane|protosynthesisspa\n|turn|7\n|\n|t:|1682039653\n|move|p2a: Scream Tail|Perish Song|p2a: Scream Tail\n|-start|p1a: Hydreigon|perish3|[silent]\n|-start|p1b: Flutter Mane|perish3|[silent]\n|-start|p2a: Scream Tail|perish3|[silent]\n|-fieldactivate|move: Perish Song\n|move|p1a: Hydreigon|Flash Cannon|p2a: Scream Tail\n|-supereffective|p2a: Scream Tail\n|-damage|p2a: Scream Tail|22\/100\n|move|p1b: Flutter Mane|Shadow Ball|p2a: Scream Tail\n|-supereffective|p2a: Scream Tail\n|-damage|p2a: Scream Tail|0 fnt\n|faint|p2a: Scream Tail\n|-end|p2a: Scream Tail|Protosynthesis|[silent]\n|\n|win|PurpleStyle\n|c|\u2606bohm11|gg\n|c|\u2606PurpleStyle|gg\n","uploadtime":1682039664,"views":18,"p1id":"purplestyle","p2id":"bohm11","formatid":"gen9vgc2023regulationc","rating":0,"private":0,"password":""}