{"id":"gen9vgc2023regulationc-1860079341","p1":"ice ice lol","p2":"Benji R.","format":"[Gen 9] VGC 2023 Regulation C","log":"|j|\u2606ice ice lol\n|j|\u2606Benji R.\n|t:|1683592783\n|gametype|doubles\n|player|p1|ice ice lol|rocketgrunt|1297\n|player|p2|Benji R.|grimsley|1354\n|teamsize|p1|6\n|teamsize|p2|6\n|gen|9\n|tier|[Gen 9] VGC 2023 Regulation C\n|rated|\n|rule|Species Clause: Limit one of each Pok\u00e9mon\n|rule|Item Clause: Limit one of each item\n|clearpoke\n|poke|p1|Torkoal, L50, F|\n|poke|p1|Flutter Mane, L50|\n|poke|p1|Kingambit, L50, F|\n|poke|p1|Dragonite, L50, F|\n|poke|p1|Great Tusk, L50|\n|poke|p1|Leafeon, L50, F|\n|poke|p2|Pelipper, L50, F|\n|poke|p2|Dondozo, L50, F|\n|poke|p2|Tatsugiri-Stretchy, L50, F|\n|poke|p2|Iron Treads, L50|\n|poke|p2|Kingambit, L50, F|\n|poke|p2|Roaring Moon, L50|\n|teampreview|4\n|inactive|Battle timer is ON: inactive players will automatically lose when time's up. (requested by Benji R.)\nBenji R. has agreed to open team sheets.\n|inactive|ice ice lol has 60 seconds left.\n|inactive|Benji R. has 60 seconds left.\n|inactive|Benji R. has 30 seconds left.\n|inactive|Benji R. has 20 seconds left.\n|inactive|Benji R. has 15 seconds left.\n|inactive|Benji R. has 10 seconds left.\n|\n|t:|1683592863\n|start\n|switch|p1a: Leafeon|Leafeon, L50, F, shiny|100\/100\n|switch|p1b: Dragonite|Dragonite, L50, F|100\/100\n|switch|p2a: Roaring Moon|Roaring Moon, L50|100\/100\n|switch|p2b: Kingambit|Kingambit, L50, F|100\/100\n|-enditem|p2a: Roaring Moon|Booster Energy\n|-activate|p2a: Roaring Moon|ability: Protosynthesis|[fromitem]\n|-start|p2a: Roaring Moon|protosynthesisatk\n|turn|1\n|inactive|ice ice lol has 30 seconds left.\n|\n|t:|1683592889\n|-terastallize|p2a: Roaring Moon|Flying\n|move|p2a: Roaring Moon|Dragon Dance|p2a: Roaring Moon\n|-boost|p2a: Roaring Moon|atk|1\n|-boost|p2a: Roaring Moon|spe|1\n|move|p1a: Leafeon|Yawn|p2b: Kingambit\n|-start|p2b: Kingambit|move: Yawn|[of] p1a: Leafeon\n|move|p1b: Dragonite|Ice Spinner|p2a: Roaring Moon\n|-supereffective|p2a: Roaring Moon\n|-damage|p2a: Roaring Moon|25\/100\n|move|p2b: Kingambit|Kowtow Cleave|p1a: Leafeon\n|-damage|p1a: Leafeon|62\/100\n|\n|upkeep\n|turn|2\n|inactive|Benji R. has 30 seconds left.\n|inactive|Benji R. has 20 seconds left.\n|\n|t:|1683592926\n|switch|p1b: Torkoal|Torkoal, L50, F, shiny|100\/100\n|-weather|SunnyDay|[from] ability: Drought|[of] p1b: Torkoal\n|switch|p2b: Tatsugiri|Tatsugiri-Stretchy, L50, F|100\/100\n|move|p1a: Leafeon|Leaf Blade|p2a: Roaring Moon\n|-resisted|p2a: Roaring Moon\n|-damage|p2a: Roaring Moon|0 fnt\n|faint|p2a: Roaring Moon\n|-end|p2a: Roaring Moon|Protosynthesis|[silent]\n|-damage|p1a: Leafeon|52\/100|[from] item: Life Orb\n|\n|-weather|SunnyDay|[upkeep]\n|upkeep\n|\n|t:|1683592939\n|switch|p2a: Dondozo|Dondozo, L50, F|100\/100\n|-activate|p2b: Tatsugiri|ability: Commander|[of] p2a: Dondozo\n|-boost|p2a: Dondozo|atk|2\n|-boost|p2a: Dondozo|spa|2\n|-boost|p2a: Dondozo|spe|2\n|-boost|p2a: Dondozo|def|2\n|-boost|p2a: Dondozo|spd|2\n|turn|3\n|\n|t:|1683592952\n|move|p1b: Torkoal|Protect|p1b: Torkoal\n|-singleturn|p1b: Torkoal|Protect\n|move|p1a: Leafeon|Leaf Blade|p2a: Dondozo\n|-supereffective|p2a: Dondozo\n|-damage|p2a: Dondozo|58\/100\n|-enditem|p2a: Dondozo|Weakness Policy\n|-boost|p2a: Dondozo|atk|2|[from] item: Weakness Policy\n|-boost|p2a: Dondozo|spa|2|[from] item: Weakness Policy\n|-damage|p1a: Leafeon|42\/100|[from] item: Life Orb\n|move|p2a: Dondozo|Surf|p1a: Leafeon|[spread] p1a\n|-miss|p2a: Dondozo|p2b: Tatsugiri\n|-activate|p1b: Torkoal|move: Protect\n|-resisted|p1a: Leafeon\n|-damage|p1a: Leafeon|16\/100\n|\n|-weather|SunnyDay|[upkeep]\n|upkeep\n|turn|4\n|inactive|ice ice lol has 30 seconds left.\n|\n|t:|1683592978\n|move|p1a: Leafeon|Yawn|p2a: Dondozo\n|-start|p2a: Dondozo|move: Yawn|[of] p1a: Leafeon\n|move|p2a: Dondozo|Rest|p2a: Dondozo\n|-status|p2a: Dondozo|slp|[from] move: Rest\n|-heal|p2a: Dondozo|100\/100 slp|[silent]\n|move|p1b: Torkoal|Earth Power|p2a: Dondozo\n|-damage|p2a: Dondozo|90\/100 slp\n|\n|-weather|SunnyDay|[upkeep]\n|upkeep\n|turn|5\n|\n|t:|1683592993\n|switch|p1b: Flutter Mane|Flutter Mane, L50, shiny|100\/100\n|-activate|p1b: Flutter Mane|ability: Protosynthesis\n|-start|p1b: Flutter Mane|protosynthesisspa\n|move|p1a: Leafeon|Leaf Blade|p2a: Dondozo\n|-supereffective|p2a: Dondozo\n|-damage|p2a: Dondozo|48\/100 slp\n|-damage|p1a: Leafeon|6\/100|[from] item: Life Orb\n|cant|p2a: Dondozo|slp\n|move|p2a: Dondozo|Sleep Talk|p2a: Dondozo\n|move|p2a: Dondozo|Rest||[from]move: Sleep Talk|[still]\n|-fail|p2a: Dondozo\n|\n|-weather|SunnyDay|[upkeep]\n|-end|p2a: Dondozo|move: Yawn|[silent]\n|upkeep\n|turn|6\n|\n|t:|1683593005\n|move|p1a: Leafeon|Leaf Blade|p2a: Dondozo\n|-supereffective|p2a: Dondozo\n|-damage|p2a: Dondozo|9\/100 slp\n|-damage|p1a: Leafeon|0 fnt|[from] item: Life Orb\n|faint|p1a: Leafeon\n|move|p1b: Flutter Mane|Moonblast|p2a: Dondozo\n|-damage|p2a: Dondozo|0 fnt\n|faint|p2a: Dondozo\n|\n|-weather|none\n|-end|p1b: Flutter Mane|Protosynthesis\n|upkeep\n|\n|t:|1683593012\n|switch|p1a: Torkoal|Torkoal, L50, F, shiny|100\/100\n|switch|p2a: Kingambit|Kingambit, L50, F|100\/100\n|-weather|SunnyDay|[from] ability: Drought|[of] p1a: Torkoal\n|-activate|p1b: Flutter Mane|ability: Protosynthesis\n|-start|p1b: Flutter Mane|protosynthesisspa\n|turn|7\n|inactive|Benji R. has 30 seconds left.\n|inactive|Benji R. has 20 seconds left.\n|inactive|Benji R. has 15 seconds left.\n|\n|t:|1683593054\n|move|p1b: Flutter Mane|Moonblast|p2b: Tatsugiri\n|-supereffective|p2b: Tatsugiri\n|-damage|p2b: Tatsugiri|0 fnt\n|faint|p2b: Tatsugiri\n|move|p2a: Kingambit|Assurance|p1a: Torkoal\n|-damage|p1a: Torkoal|72\/100\n|move|p1a: Torkoal|Flamethrower|p2a: Kingambit\n|-supereffective|p2a: Kingambit\n|-damage|p2a: Kingambit|24\/100\n|\n|-weather|SunnyDay|[upkeep]\n|upkeep\n|turn|8\n|-message|Benji R. forfeited.\n|\n|win|ice ice lol\n|raw|ice ice lol's rating: 1297 → 1326<\/strong> (+29 for winning)\n|raw|Benji R.'s rating: 1354 → 1331<\/strong> (-23 for losing)\n|l|\u2606Benji R.\n","uploadtime":1683593079,"views":9,"p1id":"iceicelol","p2id":"benjir","formatid":"gen9vgc2023regulationc","rating":1326,"private":0,"password":""}