{"id":"gen9vgc2023regulationc-1860103554","p1":"tombstoan","p2":"ChickenJuice","format":"[Gen 9] VGC 2023 Regulation C","log":"|j|\u2606tombstoan\n|j|\u2606ChickenJuice\n|t:|1683595582\n|gametype|doubles\n|player|p1|tombstoan|2|\n|player|p2|ChickenJuice|gentleman-gen4|\n|teamsize|p1|6\n|teamsize|p2|6\n|gen|9\n|tier|[Gen 9] VGC 2023 Regulation C\n|rule|Species Clause: Limit one of each Pok\u00e9mon\n|rule|Item Clause: Limit one of each item\n|clearpoke\n|poke|p1|Pachirisu, L50, M|\n|poke|p1|Armarouge, L50, M|\n|poke|p1|Amoonguss, L50, M|\n|poke|p1|Clodsire, L50, M|\n|poke|p1|Iron Hands, L50|\n|poke|p1|Weavile, L50, F|\n|poke|p2|Torkoal, L50, M|\n|poke|p2|Armarouge, L50, F|\n|poke|p2|Gyarados, L50, M|\n|poke|p2|Amoonguss, L50, F|\n|poke|p2|Kingambit, L50, F|\n|poke|p2|Gastrodon, L50, F|\n|teampreview|4\n|\n|t:|1683595651\n|start\n|switch|p1a: Weavile|Weavile, L50, F|100\/100\n|switch|p1b: Amoonguss|Amoonguss, L50, M|100\/100\n|switch|p2a: Armarouge|Armarouge, L50, F|100\/100\n|switch|p2b: Torkoal|Torkoal, L50, M|100\/100\n|-weather|SunnyDay|[from] ability: Drought|[of] p2b: Torkoal\n|turn|1\n|\n|t:|1683595678\n|move|p2b: Torkoal|Protect|p2b: Torkoal\n|-singleturn|p2b: Torkoal|Protect\n|move|p1a: Weavile|Fake Out|p2b: Torkoal\n|-activate|p2b: Torkoal|move: Protect\n|move|p1b: Amoonguss|Spore|p2a: Armarouge\n|-status|p2a: Armarouge|slp|[from] move: Spore\n|cant|p2a: Armarouge|slp\n|\n|-weather|SunnyDay|[upkeep]\n|upkeep\n|turn|2\n|\n|t:|1683595711\n|switch|p2b: Amoonguss|Amoonguss, L50, F|100\/100\n|move|p1a: Weavile|Beat Up|p2b: Amoonguss\n|-damage|p2b: Amoonguss|91\/100\n|-damage|p2b: Amoonguss|83\/100\n|-damage|p2b: Amoonguss|72\/100\n|-damage|p2b: Amoonguss|66\/100\n|-hitcount|p2b: Amoonguss|4\n|cant|p2a: Armarouge|slp\n|move|p1b: Amoonguss|Pollen Puff|p2a: Armarouge\n|-damage|p2a: Armarouge|81\/100 slp\n|\n|-weather|SunnyDay|[upkeep]\n|-heal|p2b: Amoonguss|72\/100|[from] item: Black Sludge\n|upkeep\n|turn|3\n|\n|t:|1683595734\n|move|p2b: Amoonguss|Rage Powder|p2b: Amoonguss\n|-singleturn|p2b: Amoonguss|move: Rage Powder\n|move|p1a: Weavile|Night Slash|p2b: Amoonguss\n|-damage|p2b: Amoonguss|37\/100\n|cant|p2a: Armarouge|slp\n|move|p1b: Amoonguss|Pollen Puff|p2b: Amoonguss\n|-damage|p2b: Amoonguss|25\/100\n|\n|-weather|SunnyDay|[upkeep]\n|-heal|p2b: Amoonguss|31\/100|[from] item: Black Sludge\n|upkeep\n|turn|4\n|\n|t:|1683595757\n|move|p2b: Amoonguss|Protect|p2b: Amoonguss\n|-singleturn|p2b: Amoonguss|Protect\n|move|p1a: Weavile|Icicle Crash|p2b: Amoonguss\n|-activate|p2b: Amoonguss|move: Protect\n|-curestatus|p2a: Armarouge|slp|[msg]\n|move|p2a: Armarouge|Heat Wave|p1b: Amoonguss|[spread] p1a,p1b\n|-supereffective|p1a: Weavile\n|-crit|p1a: Weavile\n|-supereffective|p1b: Amoonguss\n|-damage|p1a: Weavile|0 fnt\n|-damage|p1b: Amoonguss|0 fnt\n|faint|p1a: Weavile\n|faint|p1b: Amoonguss\n|\n|-weather|SunnyDay|[upkeep]\n|-heal|p2b: Amoonguss|37\/100|[from] item: Black Sludge\n|upkeep\n|\n|t:|1683595779\n|switch|p1a: Clodsire|Clodsire, L50, M|100\/100\n|switch|p1b: Iron Hands|Iron Hands, L50|100\/100\n|turn|5\n|\n|t:|1683595800\n|move|p1b: Iron Hands|Protect|p1b: Iron Hands\n|-singleturn|p1b: Iron Hands|Protect\n|move|p2b: Amoonguss|Rage Powder|p2b: Amoonguss\n|-singleturn|p2b: Amoonguss|move: Rage Powder\n|move|p2a: Armarouge|Psychic Terrain|p2a: Armarouge\n|-fieldstart|move: Psychic Terrain\n|move|p1a: Clodsire|Earthquake|p2a: Armarouge|[spread] p2a,p2b\n|-activate|p1b: Iron Hands|move: Protect\n|-supereffective|p2a: Armarouge\n|-damage|p2a: Armarouge|46\/100\n|-damage|p2b: Amoonguss|14\/100\n|\n|-weather|none\n|-heal|p2b: Amoonguss|20\/100|[from] item: Black Sludge\n|upkeep\n|turn|6\n|\n|t:|1683595822\n|switch|p2b: Gyarados|Gyarados, L50, M|100\/100\n|-ability|p2b: Gyarados|Intimidate|boost\n|-unboost|p1a: Clodsire|atk|1\n|-unboost|p1b: Iron Hands|atk|1\n|-terastallize|p1b: Iron Hands|Fire\n|move|p2a: Armarouge|Expanding Force|p1a: Clodsire|[spread] p1a,p1b\n|-supereffective|p1a: Clodsire\n|-damage|p1a: Clodsire|24\/100\n|-damage|p1b: Iron Hands|49\/100\n|move|p1b: Iron Hands|Drain Punch|p2b: Gyarados\n|-resisted|p2b: Gyarados\n|-damage|p2b: Gyarados|79\/100\n|-heal|p1b: Iron Hands|57\/100|[from] drain|[of] p2b: Gyarados\n|move|p1a: Clodsire|Toxic|p2a: Armarouge\n|-status|p2a: Armarouge|tox\n|\n|-heal|p1a: Clodsire|30\/100|[from] item: Leftovers\n|-damage|p2a: Armarouge|40\/100 tox|[from] psn\n|upkeep\n|turn|7\n|\n|t:|1683595848\n|switch|p2b: Amoonguss|Amoonguss, L50, F|53\/100\n|move|p1b: Iron Hands|Protect|p1b: Iron Hands\n|-singleturn|p1b: Iron Hands|Protect\n|move|p2a: Armarouge|Expanding Force|p1a: Clodsire|[spread] p1a\n|-activate|p1b: Iron Hands|move: Protect\n|-supereffective|p1a: Clodsire\n|-damage|p1a: Clodsire|0 fnt\n|faint|p1a: Clodsire\n|\n|-heal|p2b: Amoonguss|59\/100|[from] item: Black Sludge\n|-damage|p2a: Armarouge|27\/100 tox|[from] psn\n|upkeep\n|turn|8\n|\n|t:|1683595870\n|move|p1b: Iron Hands|Protect||[still]\n|-fail|p1b: Iron Hands\n|move|p2b: Amoonguss|Rage Powder|p2b: Amoonguss\n|-singleturn|p2b: Amoonguss|move: Rage Powder\n|move|p2a: Armarouge|Expanding Force|p1b: Iron Hands\n|-damage|p1b: Iron Hands|0 fnt\n|faint|p1b: Iron Hands\n|-end|p1b: Iron Hands|Quark Drive|[silent]\n|\n|win|ChickenJuice\n|l|\u2606tombstoan\n|j|\u2606tombstoan\n|player|p1|tombstoan|2\n","uploadtime":1683595914,"views":19,"p1id":"tombstoan","p2id":"chickenjuice","formatid":"gen9vgc2023regulationc","rating":0,"private":0,"password":""}