{"id":"gen9vgc2023regulationc-1860712764","p1":"DelNicotine","p2":"Yolomosses","format":"[Gen 9] VGC 2023 Regulation C","log":"|j|\u2606DelNicotine\n|j|\u2606Yolomosses\n|t:|1683669019\n|gametype|doubles\n|player|p1|DelNicotine|170|1142\n|player|p2|Yolomosses|266|1186\n|teamsize|p1|6\n|teamsize|p2|6\n|gen|9\n|tier|[Gen 9] VGC 2023 Regulation C\n|rated|\n|rule|Species Clause: Limit one of each Pok\u00e9mon\n|rule|Item Clause: Limit one of each item\n|clearpoke\n|poke|p1|Dragonite, L50, M|\n|poke|p1|Kingambit, L50, F|\n|poke|p1|Glimmora, L50, M|\n|poke|p1|Iron Bundle, L50|\n|poke|p1|Farigiraf, L50, F|\n|poke|p1|Amoonguss, L50, M|\n|poke|p2|Slaking, L50, F|\n|poke|p2|Medicham, L50, M|\n|poke|p2|Ting-Lu, L50|\n|poke|p2|Amoonguss, L50, F|\n|poke|p2|Volcarona, L50, M|\n|poke|p2|Umbreon, L50, M|\n|teampreview|4\n|inactive|Battle timer is ON: inactive players will automatically lose when time's up. (requested by DelNicotine)\nDelNicotine rejected open team sheets.\n|inactive|DelNicotine has 60 seconds left.\n|\n|t:|1683669073\n|start\n|switch|p1a: Iron Bundle|Iron Bundle, L50|100\/100\n|switch|p1b: Amoonguss|Amoonguss, L50, M|100\/100\n|switch|p2a: Slaking|Slaking, L50, F|100\/100\n|switch|p2b: Medicham|Medicham, L50, M|100\/100\n|turn|1\n|\n|t:|1683669085\n|move|p1a: Iron Bundle|Protect|p1a: Iron Bundle\n|-singleturn|p1a: Iron Bundle|Protect\n|move|p1b: Amoonguss|Rage Powder|p1b: Amoonguss\n|-singleturn|p1b: Amoonguss|move: Rage Powder\n|move|p2b: Medicham|Skill Swap|p1b: Amoonguss\n|-activate|p2b: Medicham|move: Skill Swap|Regenerator|Pure Power|[of] p1b: Amoonguss\n|move|p2a: Slaking|Body Slam|p1b: Amoonguss\n|-damage|p1b: Amoonguss|58\/100\n|-status|p1b: Amoonguss|par\n|\n|-heal|p1b: Amoonguss|64\/100 par|[from] item: Black Sludge\n|upkeep\n|turn|2\n|inactive|DelNicotine has 30 seconds left.\n|inactive|Yolomosses has 30 seconds left.\n|inactive|DelNicotine has 20 seconds left.\n|\n|t:|1683669124\n|move|p1b: Amoonguss|Rage Powder|p1b: Amoonguss\n|-singleturn|p1b: Amoonguss|move: Rage Powder\n|move|p1a: Iron Bundle|Freeze-Dry|p2b: Medicham\n|-crit|p2b: Medicham\n|-enditem|p2b: Medicham|Focus Sash\n|-damage|p2b: Medicham|1\/100\n|move|p2b: Medicham|Skill Swap|p1b: Amoonguss\n|-activate|p2b: Medicham|move: Skill Swap|Pure Power|Regenerator|[of] p1b: Amoonguss\n|cant|p2a: Slaking|ability: Truant\n|\n|-heal|p1b: Amoonguss|70\/100 par|[from] item: Black Sludge\n|upkeep\n|turn|3\n|inactive|DelNicotine has 30 seconds left.\n|\n|t:|1683669151\n|move|p1a: Iron Bundle|Icy Wind|p2b: Medicham|[spread] p2a,p2b\n|-damage|p2a: Slaking|83\/100\n|-damage|p2b: Medicham|0 fnt\n|-unboost|p2a: Slaking|spe|1\n|faint|p2b: Medicham\n|move|p2a: Slaking|Drain Punch|p1a: Iron Bundle\n|-supereffective|p1a: Iron Bundle\n|-damage|p1a: Iron Bundle|35\/100\n|-heal|p2a: Slaking|99\/100|[from] drain|[of] p1a: Iron Bundle\n|cant|p1b: Amoonguss|par\n|\n|-heal|p2a: Slaking|100\/100|[from] item: Leftovers\n|-heal|p1b: Amoonguss|76\/100 par|[from] item: Black Sludge\n|upkeep\n|\n|t:|1683669161\n|switch|p2b: Umbreon|Umbreon, L50, M|100\/100\n|turn|4\n|\n|t:|1683669175\n|move|p1a: Iron Bundle|Hydro Pump|p2a: Slaking|[miss]\n|-miss|p1a: Iron Bundle|p2a: Slaking\n|move|p2b: Umbreon|Skill Swap|p2a: Slaking\n|-activate|p2b: Umbreon|move: Skill Swap|||[of] p2a: Slaking\n|move|p2a: Slaking|Bulk Up|p2a: Slaking\n|-boost|p2a: Slaking|atk|1\n|-boost|p2a: Slaking|def|1\n|cant|p1b: Amoonguss|par\n|\n|-heal|p1b: Amoonguss|82\/100 par|[from] item: Black Sludge\n|upkeep\n|turn|5\n|inactive|Yolomosses has 30 seconds left.\n|inactive|DelNicotine has 30 seconds left.\n|inactive|Yolomosses has 20 seconds left.\n|\n|t:|1683669210\n|move|p2a: Slaking|Sucker Punch|p1a: Iron Bundle\n|-damage|p1a: Iron Bundle|0 fnt\n|faint|p1a: Iron Bundle\n|-end|p1a: Iron Bundle|Quark Drive|[silent]\n|cant|p2b: Umbreon|ability: Truant\n|cant|p1b: Amoonguss|par\n|\n|-heal|p1b: Amoonguss|88\/100 par|[from] item: Black Sludge\n|upkeep\n|\n|t:|1683669229\n|switch|p1a: Dragonite|Dragonite, L50, M|100\/100\n|turn|6\n|\n|t:|1683669240\n|-terastallize|p2a: Slaking|Ghost\n|move|p1a: Dragonite|Protect|p1a: Dragonite\n|-singleturn|p1a: Dragonite|Protect\n|move|p2b: Umbreon|Yawn|p1a: Dragonite\n|-activate|p1a: Dragonite|move: Protect\n|move|p2a: Slaking|Body Slam|p1b: Amoonguss\n|-damage|p1b: Amoonguss|24\/100 par\n|move|p1b: Amoonguss|Spore|p2a: Slaking\n|-status|p2a: Slaking|slp|[from] move: Spore\n|\n|-heal|p1b: Amoonguss|29\/100 par|[from] item: Black Sludge\n|upkeep\n|turn|7\n|inactive|DelNicotine has 30 seconds left.\n|\n|t:|1683669267\n|switch|p1b: Kingambit|Kingambit, L50, F|100\/100\n|move|p1a: Dragonite|Extreme Speed|p2b: Umbreon\n|-damage|p2b: Umbreon|77\/100\n|cant|p2b: Umbreon|ability: Truant\n|cant|p2a: Slaking|slp\n|\n|upkeep\n|turn|8\n|\n|t:|1683669286\n|move|p1a: Dragonite|Aqua Jet|p2a: Slaking\n|-damage|p2a: Slaking|93\/100 slp\n|move|p2b: Umbreon|Yawn|p1a: Dragonite\n|-start|p1a: Dragonite|move: Yawn|[of] p2b: Umbreon\n|-curestatus|p2a: Slaking|slp|[msg]\n|move|p2a: Slaking|Drain Punch|p1b: Kingambit\n|-supereffective|p1b: Kingambit\n|-damage|p1b: Kingambit|0 fnt\n|-heal|p2a: Slaking|100\/100|[from] drain|[of] p1b: Kingambit\n|faint|p1b: Kingambit\n|\n|upkeep\n|\n|t:|1683669294\n|switch|p1b: Amoonguss|Amoonguss, L50, M|62\/100 par\n|turn|9\n|-message|DelNicotine forfeited.\n|\n|win|Yolomosses\n|raw|DelNicotine's rating: 1142 → 1120<\/strong> (-22 for losing)\n|raw|Yolomosses's rating: 1186 → 1208<\/strong> (+22 for winning)\n|l|\u2606DelNicotine\n","uploadtime":1683669320,"views":18,"p1id":"delnicotine","p2id":"yolomosses","formatid":"gen9vgc2023regulationc","rating":1120,"private":0,"password":""}