{"id":"gen9vgc2023regulationc-1851643089","p1":"Abunchofnumbers1","p2":"anshar_training","format":"[Gen 9] VGC 2023 Regulation C","log":"|j|\u2606Abunchofnumbers1\n|j|\u2606anshar_training\n|t:|1682464739\n|gametype|doubles\n|player|p1|Abunchofnumbers1|palmer|1199\n|player|p2|anshar_training|pokemaniac|1145\n|teamsize|p1|6\n|teamsize|p2|6\n|gen|9\n|tier|[Gen 9] VGC 2023 Regulation C\n|rated|\n|rule|Species Clause: Limit one of each Pok\u00e9mon\n|rule|Item Clause: Limit one of each item\n|clearpoke\n|poke|p1|Arcanine, L50, M|\n|poke|p1|Palafin, L50, M|\n|poke|p1|Amoonguss, L50, F|\n|poke|p1|Iron Hands, L50|\n|poke|p1|Flutter Mane, L50|\n|poke|p1|Annihilape, L50, M|\n|poke|p2|Palafin, L50, F|\n|poke|p2|Flutter Mane, L50|\n|poke|p2|Arcanine, L50, M|\n|poke|p2|Amoonguss, L50, M|\n|poke|p2|Ting-Lu, L50|\n|poke|p2|Roaring Moon, L50|\n|teampreview|4\n|inactive|Battle timer is ON: inactive players will automatically lose when time's up. (requested by anshar_training)\n|inactive|anshar_training has 60 seconds left.\n|inactive|Abunchofnumbers1 has 60 seconds left.\n|inactive|anshar_training has 30 seconds left.\n|inactive|anshar_training has 20 seconds left.\n|inactive|anshar_training has 15 seconds left.\n|inactive|anshar_training has 10 seconds left.\n|inactive|anshar_training has 5 seconds left.\n|\n|t:|1682464826\n|start\n|switch|p1a: Palafin|Palafin, L50, M|100\/100\n|switch|p1b: Arcanine|Arcanine, L50, M|100\/100\n|switch|p2a: Amoonguss|Amoonguss, L50, M|100\/100\n|switch|p2b: Palafin|Palafin, L50, F|100\/100\n|-ability|p1b: Arcanine|Intimidate|boost\n|-unboost|p2a: Amoonguss|atk|1\n|-unboost|p2b: Palafin|atk|1\n|turn|1\n|inactive|anshar_training has 30 seconds left.\n|inactive|anshar_training has 20 seconds left.\n|inactive|anshar_training has 15 seconds left.\n|inactive|anshar_training has 10 seconds left.\n|\n|t:|1682464873\n|detailschange|p2b: Palafin|Palafin-Hero, L50, F\n|switch|p2b: Arcanine|Arcanine, L50, M|100\/100\n|-ability|p2b: Arcanine|Intimidate|boost\n|-unboost|p1a: Palafin|atk|1\n|-unboost|p1b: Arcanine|atk|1\n|-terastallize|p1b: Arcanine|Grass\n|move|p1a: Palafin|Protect|p1a: Palafin\n|-singleturn|p1a: Palafin|Protect\n|move|p1b: Arcanine|Flare Blitz|p2a: Amoonguss\n|-supereffective|p2a: Amoonguss\n|-damage|p2a: Amoonguss|39\/100\n|-enditem|p2a: Amoonguss|Sitrus Berry|[eat]\n|-heal|p2a: Amoonguss|64\/100|[from] item: Sitrus Berry\n|-damage|p1b: Arcanine|78\/100|[from] Recoil\n|move|p2a: Amoonguss|Spore|p1a: Palafin\n|-activate|p1a: Palafin|move: Protect\n|\n|upkeep\n|turn|2\n|inactive|anshar_training has 30 seconds left.\n|inactive|Abunchofnumbers1 has 30 seconds left.\n|inactive|anshar_training has 20 seconds left.\n|inactive|anshar_training has 15 seconds left.\n|inactive|anshar_training has 10 seconds left.\n|inactive|anshar_training has 5 seconds left.\n|\n|t:|1682464924\n|switch|p2a: Palafin|Palafin-Hero, L50, F|100\/100\n|-activate|p2a: Palafin|ability: Zero to Hero\n|move|p2b: Arcanine|Flare Blitz|p1b: Arcanine\n|-supereffective|p1b: Arcanine\n|-damage|p1b: Arcanine|0 fnt\n|faint|p1b: Arcanine\n|-damage|p2b: Arcanine|75\/100|[from] Recoil\n|move|p1a: Palafin|Wave Crash|p2a: Palafin\n|-resisted|p2a: Palafin\n|-damage|p2a: Palafin|85\/100\n|-damage|p1a: Palafin|96\/100|[from] Recoil\n|\n|upkeep\n|\n|t:|1682464937\n|switch|p1b: Flutter Mane|Flutter Mane, L50|100\/100\n|turn|3\n|\n|t:|1682464957\n|detailschange|p1a: Palafin|Palafin-Hero, L50, M\n|switch|p1a: Amoonguss|Amoonguss, L50, F|100\/100\n|-terastallize|p2a: Palafin|Water\n|move|p1b: Flutter Mane|Protect|p1b: Flutter Mane\n|-singleturn|p1b: Flutter Mane|Protect\n|move|p2a: Palafin|Jet Punch|p1b: Flutter Mane\n|-activate|p1b: Flutter Mane|move: Protect\n|move|p2b: Arcanine|Will-O-Wisp|p1a: Amoonguss\n|-status|p1a: Amoonguss|brn\n|\n|-damage|p1a: Amoonguss|95\/100 brn|[from] brn\n|upkeep\n|turn|4\n|inactive|Abunchofnumbers1 has 30 seconds left.\n|\n|t:|1682464982\n|switch|p2a: Amoonguss|Amoonguss, L50, M|97\/100\n|move|p2b: Arcanine|Protect|p2b: Arcanine\n|-singleturn|p2b: Arcanine|Protect\n|move|p1b: Flutter Mane|Power Gem|p2b: Arcanine\n|-activate|p2b: Arcanine|move: Protect\n|move|p1a: Amoonguss|Spore|p2a: Amoonguss\n|-immune|p2a: Amoonguss\n|\n|-heal|p1a: Amoonguss|100\/100 brn|[from] item: Leftovers\n|-damage|p1a: Amoonguss|95\/100 brn|[from] brn\n|upkeep\n|turn|5\n|\n|t:|1682465002\n|move|p2a: Amoonguss|Rage Powder|p2a: Amoonguss\n|-singleturn|p2a: Amoonguss|move: Rage Powder\n|move|p1b: Flutter Mane|Shadow Ball|p2a: Amoonguss\n|-damage|p2a: Amoonguss|46\/100\n|-unboost|p2a: Amoonguss|spd|1\n|-damage|p1b: Flutter Mane|91\/100|[from] item: Life Orb\n|move|p2b: Arcanine|Flare Blitz|p1b: Flutter Mane\n|-damage|p1b: Flutter Mane|23\/100\n|-damage|p2b: Arcanine|57\/100|[from] Recoil\n|move|p1a: Amoonguss|Pollen Puff|p1b: Flutter Mane\n|-heal|p1b: Flutter Mane|72\/100\n|\n|-heal|p1a: Amoonguss|100\/100 brn|[from] item: Leftovers\n|-damage|p1a: Amoonguss|95\/100 brn|[from] brn\n|upkeep\n|turn|6\n|\n|t:|1682465020\n|move|p2a: Amoonguss|Rage Powder|p2a: Amoonguss\n|-singleturn|p2a: Amoonguss|move: Rage Powder\n|move|p1b: Flutter Mane|Shadow Ball|p2a: Amoonguss\n|-damage|p2a: Amoonguss|0 fnt\n|faint|p2a: Amoonguss\n|-damage|p1b: Flutter Mane|63\/100|[from] item: Life Orb\n|move|p2b: Arcanine|Flare Blitz|p1b: Flutter Mane\n|-damage|p1b: Flutter Mane|0 fnt\n|faint|p1b: Flutter Mane\n|-end|p1b: Flutter Mane|Protosynthesis|[silent]\n|-damage|p2b: Arcanine|40\/100|[from] Recoil\n|move|p1a: Amoonguss|Pollen Puff|p1: Flutter Mane|[notarget]\n|-fail|p1a: Amoonguss\n|\n|-heal|p1a: Amoonguss|100\/100 brn|[from] item: Leftovers\n|-damage|p1a: Amoonguss|95\/100 brn|[from] brn\n|upkeep\n|\n|t:|1682465039\n|switch|p1b: Palafin|Palafin-Hero, L50, M|96\/100\n|switch|p2a: Palafin|Palafin-Hero, L50, F, tera:Water|85\/100\n|-activate|p1b: Palafin|ability: Zero to Hero\n|turn|7\n|\n|t:|1682465060\n|switch|p2b: Flutter Mane|Flutter Mane, L50|100\/100\n|move|p2a: Palafin|Protect|p2a: Palafin\n|-singleturn|p2a: Palafin|Protect\n|move|p1a: Amoonguss|Rage Powder|p1a: Amoonguss\n|-singleturn|p1a: Amoonguss|move: Rage Powder\n|move|p1b: Palafin|Wave Crash|p2a: Palafin\n|-activate|p2a: Palafin|move: Protect\n|\n|-heal|p1a: Amoonguss|100\/100 brn|[from] item: Leftovers\n|-damage|p1a: Amoonguss|95\/100 brn|[from] brn\n|upkeep\n|turn|8\n|\n|t:|1682465085\n|switch|p2a: Arcanine|Arcanine, L50, M|40\/100\n|-ability|p2a: Arcanine|Intimidate|boost\n|-unboost|p1a: Amoonguss|atk|1\n|-unboost|p1b: Palafin|atk|1\n|move|p1a: Amoonguss|Rage Powder|p1a: Amoonguss\n|-singleturn|p1a: Amoonguss|move: Rage Powder\n|move|p2b: Flutter Mane|Shadow Ball|p1a: Amoonguss\n|-damage|p1a: Amoonguss|42\/100 brn\n|-unboost|p1a: Amoonguss|spd|1\n|move|p1b: Palafin|Wave Crash|p2a: Arcanine\n|-supereffective|p2a: Arcanine\n|-damage|p2a: Arcanine|0 fnt\n|faint|p2a: Arcanine\n|-damage|p1b: Palafin|83\/100|[from] Recoil\n|\n|-heal|p1a: Amoonguss|48\/100 brn|[from] item: Leftovers\n|-damage|p1a: Amoonguss|42\/100 brn|[from] brn\n|upkeep\n|\n|t:|1682465099\n|switch|p2a: Palafin|Palafin-Hero, L50, F, tera:Water|85\/100\n|turn|9\n|\n|t:|1682465109\n|move|p2b: Flutter Mane|Shadow Ball|p1a: Amoonguss\n|-damage|p1a: Amoonguss|0 fnt\n|faint|p1a: Amoonguss\n|move|p2a: Palafin|Wave Crash|p1b: Palafin\n|-resisted|p1b: Palafin\n|-damage|p1b: Palafin|22\/100\n|-damage|p2a: Palafin|64\/100|[from] Recoil\n|move|p1b: Palafin|Wave Crash|p2b: Flutter Mane\n|-damage|p2b: Flutter Mane|0 fnt\n|faint|p2b: Flutter Mane\n|-end|p2b: Flutter Mane|Protosynthesis|[silent]\n|-damage|p1b: Palafin|0 fnt|[from] Recoil\n|faint|p1b: Palafin\n|\n|win|anshar_training\n|raw|Abunchofnumbers1's rating: 1199 → 1170<\/strong> (-29 for losing)\n|raw|anshar_training's rating: 1145 → 1174<\/strong> (+29 for winning)\n|l|\u2606Abunchofnumbers1\n","uploadtime":1682465167,"views":18,"p1id":"abunchofnumbers1","p2id":"anshartraining","formatid":"gen9vgc2023regulationc","rating":1170,"private":0,"password":""}