{"id":"gen9vgc2023regulationc-1847712411","p1":"PokemonBreederJoey","p2":"QrdeJegoMac","format":"[Gen 9] VGC 2023 Regulation C","log":"|j|\u2606PokemonBreederJoey\n|j|\u2606QrdeJegoMac\n|t:|1681995198\n|gametype|doubles\n|player|p1|PokemonBreederJoey|102|1398\n|player|p2|QrdeJegoMac|266|1487\n|teamsize|p1|6\n|teamsize|p2|6\n|gen|9\n|tier|[Gen 9] VGC 2023 Regulation C\n|rated|\n|rule|Species Clause: Limit one of each Pok\u00e9mon\n|rule|Item Clause: Limit one of each item\n|clearpoke\n|poke|p1|Grimmsnarl, L50, M|\n|poke|p1|Kingambit, L50, F|\n|poke|p1|Garganacl, L50, M|\n|poke|p1|Amoonguss, L50, M|\n|poke|p1|Sylveon, L50, M|\n|poke|p1|Great Tusk, L50|\n|poke|p2|Murkrow, L50, M|\n|poke|p2|Chi-Yu, L50|\n|poke|p2|Flutter Mane, L50|\n|poke|p2|Great Tusk, L50|\n|poke|p2|Brute Bonnet, L50|\n|poke|p2|Corviknight, L50, M|\n|teampreview|4\n|inactive|Battle timer is ON: inactive players will automatically lose when time's up. (requested by QrdeJegoMac)\n|j| HankHillPkmn\n|inactive|PokemonBreederJoey has 60 seconds left.\n|\n|t:|1681995235\n|start\n|switch|p1a: Grimmsnarl|Grimmsnarl, L50, M|100\/100\n|switch|p1b: Sylveon|Sylveon, L50, M|100\/100\n|switch|p2a: Flutter Mane|Flutter Mane, L50|100\/100\n|switch|p2b: Murkrow|Murkrow, L50, M, shiny|100\/100\n|turn|1\n|\n|t:|1681995247\n|move|p2b: Murkrow|Sunny Day|p2b: Murkrow\n|-weather|SunnyDay\n|-activate|p2a: Flutter Mane|ability: Protosynthesis\n|-start|p2a: Flutter Mane|protosynthesisspa\n|move|p1a: Grimmsnarl|Light Screen|p1a: Grimmsnarl\n|-sidestart|p1: PokemonBreederJoey|move: Light Screen\n|move|p2a: Flutter Mane|Moonblast|p1a: Grimmsnarl\n|-supereffective|p1a: Grimmsnarl\n|-damage|p1a: Grimmsnarl|0 fnt\n|faint|p1a: Grimmsnarl\n|move|p1b: Sylveon|Hyper Voice|p2b: Murkrow|[spread] p2a,p2b\n|-supereffective|p2b: Murkrow\n|-damage|p2a: Flutter Mane|59\/100\n|-damage|p2b: Murkrow|13\/100\n|-enditem|p1b: Sylveon|Throat Spray\n|-boost|p1b: Sylveon|spa|1|[from] item: Throat Spray\n|\n|-weather|SunnyDay|[upkeep]\n|upkeep\n|\n|t:|1681995262\n|switch|p1a: Kingambit|Kingambit, L50, F|100\/100\n|turn|2\n|\n|t:|1681995277\n|-end|p2a: Flutter Mane|Protosynthesis|[silent]\n|switch|p2a: Corviknight|Corviknight, L50, M|100\/100\n|move|p2b: Murkrow|Tailwind|p2b: Murkrow\n|-sidestart|p2: QrdeJegoMac|move: Tailwind\n|move|p1b: Sylveon|Hyper Voice|p2a: Corviknight|[spread] p2a,p2b\n|-resisted|p2a: Corviknight\n|-supereffective|p2b: Murkrow\n|-damage|p2a: Corviknight|65\/100\n|-damage|p2b: Murkrow|0 fnt\n|faint|p2b: Murkrow\n|move|p1a: Kingambit|Iron Head|p2a: Corviknight\n|-resisted|p2a: Corviknight\n|-damage|p2a: Corviknight|45\/100\n|\n|-weather|SunnyDay|[upkeep]\n|upkeep\n|\n|t:|1681995282\n|switch|p2b: Great Tusk|Great Tusk, L50|100\/100\n|-activate|p2b: Great Tusk|ability: Protosynthesis\n|-start|p2b: Great Tusk|protosynthesisatk\n|turn|3\n|l| HankHillPkmn\n|\n|t:|1681995298\n|-terastallize|p2b: Great Tusk|Steel\n|move|p1a: Kingambit|Protect|p1a: Kingambit\n|-singleturn|p1a: Kingambit|Protect\n|move|p2b: Great Tusk|Headlong Rush|p1b: Sylveon\n|-damage|p1b: Sylveon|0 fnt\n|-unboost|p2b: Great Tusk|def|1\n|-unboost|p2b: Great Tusk|spd|1\n|faint|p1b: Sylveon\n|move|p2a: Corviknight|U-turn|p1a: Kingambit\n|-activate|p1a: Kingambit|move: Protect\n|\n|-weather|SunnyDay|[upkeep]\n|upkeep\n|\n|t:|1681995308\n|switch|p1b: Garganacl|Garganacl, L50, M|100\/100\n|turn|4\n|\n|t:|1681995323\n|-end|p2b: Great Tusk|Protosynthesis|[silent]\n|switch|p2b: Flutter Mane|Flutter Mane, L50|59\/100\n|-activate|p2b: Flutter Mane|ability: Protosynthesis\n|-start|p2b: Flutter Mane|protosynthesisspa\n|-terastallize|p1b: Garganacl|Flying\n|move|p1a: Kingambit|Sucker Punch||[still]\n|-fail|p1a: Kingambit\n|move|p2a: Corviknight|U-turn|p1a: Kingambit\n|-damage|p1a: Kingambit|76\/100\n|\n|t:|1681995333\n|switch|p2a: Great Tusk|Great Tusk, L50, tera:Steel|100\/100|[from] U-turn\n|-activate|p2a: Great Tusk|ability: Protosynthesis\n|-start|p2a: Great Tusk|protosynthesisatk\n|move|p1b: Garganacl|Iron Defense|p1b: Garganacl\n|-boost|p1b: Garganacl|def|2\n|\n|-weather|SunnyDay|[upkeep]\n|upkeep\n|turn|5\n|\n|t:|1681995346\n|-end|p2b: Flutter Mane|Protosynthesis|[silent]\n|switch|p2b: Corviknight|Corviknight, L50, M|45\/100\n|move|p1a: Kingambit|Sucker Punch||[still]\n|-fail|p1a: Kingambit\n|move|p2a: Great Tusk|Headlong Rush|p1a: Kingambit\n|-supereffective|p1a: Kingambit\n|-damage|p1a: Kingambit|0 fnt\n|-unboost|p2a: Great Tusk|def|1\n|-unboost|p2a: Great Tusk|spd|1\n|faint|p1a: Kingambit\n|move|p1b: Garganacl|Salt Cure|p2b: Corviknight\n|-damage|p2b: Corviknight|31\/100\n|-start|p2b: Corviknight|Salt Cure\n|\n|-weather|none\n|-end|p2a: Great Tusk|Protosynthesis\n|-damage|p2b: Corviknight|6\/100|[from] Salt Cure\n|-sideend|p2: QrdeJegoMac|move: Tailwind\n|upkeep\n|turn|6\n|\n|t:|1681995362\n|-end|p2a: Great Tusk|Protosynthesis|[silent]\n|switch|p2a: Flutter Mane|Flutter Mane, L50|59\/100\n|move|p2b: Corviknight|U-turn|p1b: Garganacl\n|-resisted|p1b: Garganacl\n|-damage|p1b: Garganacl|95\/100\n|\n|t:|1681995366\n|switch|p2b: Great Tusk|Great Tusk, L50, tera:Steel|100\/100|[from] U-turn\n|move|p1b: Garganacl|Salt Cure|p2b: Great Tusk\n|-resisted|p2b: Great Tusk\n|-damage|p2b: Great Tusk|96\/100\n|-start|p2b: Great Tusk|Salt Cure\n|\n|-heal|p1b: Garganacl|100\/100|[from] item: Leftovers\n|-damage|p2b: Great Tusk|71\/100|[from] Salt Cure\n|upkeep\n|turn|7\n|\n|t:|1681995380\n|move|p2b: Great Tusk|Rock Slide|p1b: Garganacl\n|-supereffective|p1b: Garganacl\n|-damage|p1b: Garganacl|82\/100\n|move|p2a: Flutter Mane|Moonblast|p1b: Garganacl\n|-damage|p1b: Garganacl|44\/100\n|-unboost|p1b: Garganacl|spa|1\n|cant|p1b: Garganacl|flinch\n|\n|-heal|p1b: Garganacl|50\/100|[from] item: Leftovers\n|-damage|p2b: Great Tusk|47\/100|[from] Salt Cure\n|upkeep\n|turn|8\n|\n|t:|1681995391\n|-end|p2a: Flutter Mane|Protosynthesis|[silent]\n|switch|p2a: Corviknight|Corviknight, L50, M|6\/100\n|move|p2b: Great Tusk|Rock Slide|p1b: Garganacl\n|-supereffective|p1b: Garganacl\n|-damage|p1b: Garganacl|29\/100\n|move|p1b: Garganacl|Recover|p1b: Garganacl\n|-heal|p1b: Garganacl|80\/100\n|\n|-heal|p1b: Garganacl|86\/100|[from] item: Leftovers\n|-damage|p2b: Great Tusk|22\/100|[from] Salt Cure\n|-sideend|p1: PokemonBreederJoey|move: Light Screen\n|upkeep\n|turn|9\n|\n|t:|1681995404\n|move|p2b: Great Tusk|Rock Slide|p1b: Garganacl\n|-supereffective|p1b: Garganacl\n|-damage|p1b: Garganacl|65\/100\n|move|p2a: Corviknight|Brave Bird|p1b: Garganacl\n|-damage|p1b: Garganacl|39\/100\n|-damage|p2a: Corviknight|0 fnt|[from] Recoil\n|faint|p2a: Corviknight\n|move|p1b: Garganacl|Salt Cure|p2b: Great Tusk\n|-resisted|p2b: Great Tusk\n|-damage|p2b: Great Tusk|17\/100\n|\n|-heal|p1b: Garganacl|45\/100|[from] item: Leftovers\n|-damage|p2b: Great Tusk|0 fnt|[from] Salt Cure\n|faint|p2b: Great Tusk\n|-end|p2b: Great Tusk|Protosynthesis|[silent]\n|upkeep\n|\n|t:|1681995411\n|switch|p2b: Flutter Mane|Flutter Mane, L50|59\/100\n|turn|10\n|\n|t:|1681995421\n|move|p2b: Flutter Mane|Moonblast|p1b: Garganacl\n|-damage|p1b: Garganacl|0 fnt\n|faint|p1b: Garganacl\n|\n|win|QrdeJegoMac\n|raw|PokemonBreederJoey's rating: 1398 → 1383<\/strong> (-15 for losing)\n|raw|QrdeJegoMac's rating: 1487 → 1502<\/strong> (+15 for winning)\n|l|\u2606PokemonBreederJoey\n|c|\u2606QrdeJegoMac|Gg\n","uploadtime":1681995429,"views":9,"p1id":"pokemonbreederjoey","p2id":"qrdejegomac","formatid":"gen9vgc2023regulationc","rating":1383,"private":0,"password":""}