{"id":"gen9vgc2023regulationc-1846679232","p1":"Rainmakerisback","p2":"jyhgfguy","format":"[Gen 9] VGC 2023 Regulation C","log":"|j|\u2606Rainmakerisback\n|j|\u2606jyhgfguy\n|t:|1681864958\n|gametype|doubles\n|player|p1|Rainmakerisback|265|1185\n|player|p2|jyhgfguy|169|1183\n|teamsize|p1|6\n|teamsize|p2|6\n|gen|9\n|tier|[Gen 9] VGC 2023 Regulation C\n|rated|\n|rule|Species Clause: Limit one of each Pok\u00e9mon\n|rule|Item Clause: Limit one of each item\n|clearpoke\n|poke|p1|Lilligant, L50, F|\n|poke|p1|Torkoal, L50, F|\n|poke|p1|Flutter Mane, L50|\n|poke|p1|Kingambit, L50, F|\n|poke|p1|Dragonite, L50, F|\n|poke|p1|Great Tusk, L50|\n|poke|p2|Torkoal, L50, M|\n|poke|p2|Chi-Yu, L50|\n|poke|p2|Bronzong, L50|\n|poke|p2|Gastrodon, L50, M|\n|poke|p2|Grimmsnarl, L50, M|\n|poke|p2|Skeledirge, L50, M|\n|teampreview|4\n|inactive|Battle timer is ON: inactive players will automatically lose when time's up. (requested by jyhgfguy)\n|\n|t:|1681864997\n|start\n|switch|p1a: Trouble|Great Tusk, L50, shiny|100\/100\n|switch|p1b: Breakthrough|Torkoal, L50, F, shiny|100\/100\n|switch|p2a: Grimmsnarl|Grimmsnarl, L50, M|100\/100\n|switch|p2b: Chi-Yu|Chi-Yu, L50|100\/100\n|-ability|p2b: Chi-Yu|Beads of Ruin\n|-weather|SunnyDay|[from] ability: Drought|[of] p1b: Breakthrough\n|-activate|p1a: Trouble|ability: Protosynthesis\n|-start|p1a: Trouble|protosynthesisatk\n|turn|1\n|\n|t:|1681865012\n|switch|p1b: Espresso|Dragonite, L50, F|100\/100\n|move|p2a: Grimmsnarl|Fake Out|p1a: Trouble\n|-damage|p1a: Trouble|90\/100\n|cant|p1a: Trouble|flinch\n|move|p2b: Chi-Yu|Snarl|p1b: Espresso|[spread] p1a,p1b\n|-resisted|p1a: Trouble\n|-damage|p1a: Trouble|72\/100\n|-damage|p1b: Espresso|89\/100\n|-unboost|p1a: Trouble|spa|1\n|-unboost|p1b: Espresso|spa|1\n|\n|-weather|SunnyDay|[upkeep]\n|upkeep\n|turn|2\n|\n|t:|1681865028\n|move|p2b: Chi-Yu|Protect|p2b: Chi-Yu\n|-singleturn|p2b: Chi-Yu|Protect\n|move|p1b: Espresso|Extreme Speed|p2b: Chi-Yu\n|-activate|p2b: Chi-Yu|move: Protect\n|move|p1a: Trouble|Earthquake|p2b: Chi-Yu|[spread] p2a\n|-activate|p2b: Chi-Yu|move: Protect\n|-immune|p1b: Espresso\n|-damage|p2a: Grimmsnarl|42\/100\n|move|p2a: Grimmsnarl|Spirit Break|p1a: Trouble\n|-supereffective|p1a: Trouble\n|-damage|p1a: Trouble|11\/100\n|-unboost|p1a: Trouble|spa|1\n|\n|-weather|SunnyDay|[upkeep]\n|upkeep\n|turn|3\n|\n|t:|1681865044\n|switch|p2b: Bronzong|Bronzong, L50|100\/100\n|move|p1b: Espresso|Extreme Speed|p2b: Bronzong\n|-resisted|p2b: Bronzong\n|-damage|p2b: Bronzong|90\/100\n|move|p2a: Grimmsnarl|Sucker Punch|p1a: Trouble\n|-resisted|p1a: Trouble\n|-damage|p1a: Trouble|0 fnt\n|faint|p1a: Trouble\n|-end|p1a: Trouble|Protosynthesis|[silent]\n|\n|-weather|SunnyDay|[upkeep]\n|upkeep\n|\n|t:|1681865061\n|switch|p1a: Breakthrough|Torkoal, L50, F, shiny|100\/100\n|turn|4\n|c|\u2606Rainmakerisback|Let me win\n|\n|t:|1681865082\n|switch|p1b: TT|Lilligant, L50, F, shiny|100\/100\n|move|p1a: Breakthrough|Protect|p1a: Breakthrough\n|-singleturn|p1a: Breakthrough|Protect\n|move|p2a: Grimmsnarl|Trick|p1b: TT\n|-activate|p2a: Grimmsnarl|move: Trick|[of] p1b: TT\n|-item|p1b: TT|Lagging Tail|[from] move: Trick\n|-item|p2a: Grimmsnarl|Focus Sash|[from] move: Trick\n|move|p2b: Bronzong|Iron Head|p1b: TT\n|-damage|p1b: TT|59\/100\n|\n|-weather|SunnyDay|[upkeep]\n|upkeep\n|turn|5\n|c|\u2606Rainmakerisback|i need this\n|\n|t:|1681865105\n|-terastallize|p1a: Breakthrough|Fire\n|move|p2a: Grimmsnarl|Spirit Break|p1a: Breakthrough\n|-resisted|p1a: Breakthrough\n|-damage|p1a: Breakthrough|85\/100\n|-unboost|p1a: Breakthrough|spa|1\n|move|p2b: Bronzong|Stomping Tantrum|p1a: Breakthrough\n|-supereffective|p1a: Breakthrough\n|-damage|p1a: Breakthrough|61\/100\n|move|p1a: Breakthrough|Eruption|p2b: Bronzong|[spread] p2a,p2b\n|-supereffective|p2b: Bronzong\n|-damage|p2a: Grimmsnarl|0 fnt\n|-damage|p2b: Bronzong|11\/100\n|faint|p2a: Grimmsnarl\n|move|p1b: TT|After You||[still]\n|-fail|p1b: TT\n|\n|-weather|none\n|upkeep\n|\n|t:|1681865126\n|switch|p2a: Chi-Yu|Chi-Yu, L50|100\/100\n|-ability|p2a: Chi-Yu|Beads of Ruin\n|turn|6\n|\n|t:|1681865139\n|switch|p1a: Espresso|Dragonite, L50, F|89\/100\n|move|p2a: Chi-Yu|Snarl|p1a: Espresso|[spread] p1a,p1b\n|-damage|p1a: Espresso|67\/100\n|-damage|p1b: TT|24\/100\n|-unboost|p1a: Espresso|spa|1\n|-unboost|p1b: TT|spa|1\n|move|p2b: Bronzong|Body Press|p1b: TT\n|-damage|p1b: TT|0 fnt\n|faint|p1b: TT\n|\n|upkeep\n|\n|t:|1681865151\n|switch|p1b: Breakthrough|Torkoal, L50, F, shiny, tera:Fire|61\/100\n|-weather|SunnyDay|[from] ability: Drought|[of] p1b: Breakthrough\n|turn|7\n|\n|t:|1681865165\n|move|p2a: Chi-Yu|Protect|p2a: Chi-Yu\n|-singleturn|p2a: Chi-Yu|Protect\n|move|p1a: Espresso|Extreme Speed|p2a: Chi-Yu\n|-activate|p2a: Chi-Yu|move: Protect\n|move|p2b: Bronzong|Stomping Tantrum|p1b: Breakthrough\n|-supereffective|p1b: Breakthrough\n|-damage|p1b: Breakthrough|36\/100\n|move|p1b: Breakthrough|Earth Power|p2a: Chi-Yu\n|-activate|p2a: Chi-Yu|move: Protect\n|\n|-weather|SunnyDay|[upkeep]\n|upkeep\n|turn|8\n|inactive|Rainmakerisback has 30 seconds left.\n|inactive|jyhgfguy has 30 seconds left.\n|inactive|Rainmakerisback has 20 seconds left.\n|inactive|Rainmakerisback has 15 seconds left.\n|inactive|Rainmakerisback has 10 seconds left.\n|inactive|Rainmakerisback has 5 seconds left.\n|\n|t:|1681865221\n|-terastallize|p2a: Chi-Yu|Ghost\n|move|p2a: Chi-Yu|Substitute|p2a: Chi-Yu\n|-start|p2a: Chi-Yu|Substitute\n|-damage|p2a: Chi-Yu|76\/100\n|move|p1a: Espresso|Tera Blast|p2b: Bronzong\n|-resisted|p2b: Bronzong\n|-damage|p2b: Bronzong|5\/100\n|move|p2b: Bronzong|Iron Head|p1b: Breakthrough\n|-resisted|p1b: Breakthrough\n|-damage|p1b: Breakthrough|26\/100\n|move|p1b: Breakthrough|Eruption|p2a: Chi-Yu|[spread] p2a,p2b\n|-end|p2a: Chi-Yu|Substitute\n|-supereffective|p2b: Bronzong\n|-damage|p2b: Bronzong|0 fnt\n|faint|p2b: Bronzong\n|\n|-weather|SunnyDay|[upkeep]\n|upkeep\n|\n|t:|1681865227\n|switch|p2b: Torkoal|Torkoal, L50, M|100\/100\n|turn|9\n|inactive|Rainmakerisback has 30 seconds left.\n|inactive|Rainmakerisback has 20 seconds left.\n|inactive|Rainmakerisback has 15 seconds left.\n|inactive|Rainmakerisback has 10 seconds left.\n|inactive|Rainmakerisback has 5 seconds left.\n|\n|t:|1681865282\n|move|p2a: Chi-Yu|Tera Blast|p1a: Espresso\n|-damage|p1a: Espresso|22\/100\n|move|p1a: Espresso|Tera Blast|p2a: Chi-Yu\n|-immune|p2a: Chi-Yu\n|move|p2b: Torkoal|Eruption|p1a: Espresso|[spread] p1a,p1b\n|-resisted|p1a: Espresso\n|-resisted|p1b: Breakthrough\n|-damage|p1a: Espresso|0 fnt\n|-damage|p1b: Breakthrough|0 fnt\n|faint|p1a: Espresso\n|faint|p1b: Breakthrough\n|-damage|p2b: Torkoal|91\/100|[from] item: Life Orb\n|\n|win|jyhgfguy\n|raw|Rainmakerisback's rating: 1185 → 1160<\/strong> (-25 for losing)\n|raw|jyhgfguy's rating: 1183 → 1208<\/strong> (+25 for winning)\n","uploadtime":1681865291,"views":19,"p1id":"rainmakerisback","p2id":"jyhgfguy","formatid":"gen9vgc2023regulationc","rating":1160,"private":0,"password":""}