{"id":"gen9vgc2023regulationc-1860234835","p1":"Vuhong2008","p2":"Finally I did it","format":"[Gen 9] VGC 2023 Regulation C","log":"|j|\u2606Vuhong2008\n|j|\u2606Finally I did it\n|t:|1683615510\n|gametype|doubles\n|player|p1|Vuhong2008|ash|1354\n|player|p2|Finally I did it|102|1265\n|teamsize|p1|6\n|teamsize|p2|6\n|gen|9\n|tier|[Gen 9] VGC 2023 Regulation C\n|rated|\n|rule|Species Clause: Limit one of each Pok\u00e9mon\n|rule|Item Clause: Limit one of each item\n|clearpoke\n|poke|p1|Chi-Yu, L50|\n|poke|p1|Murkrow, L50, F|\n|poke|p1|Flutter Mane, L50|\n|poke|p1|Arcanine, L50, M|\n|poke|p1|Chien-Pao, L50|\n|poke|p1|Dragonite, L50, M|\n|poke|p2|Maushold, L50|\n|poke|p2|Annihilape, L50, M|\n|poke|p2|Torkoal, L50, F|\n|poke|p2|Oranguru, L50, M|\n|poke|p2|Gastrodon, L50, F|\n|poke|p2|Flutter Mane, L50|\n|teampreview|4\n|inactive|Battle timer is ON: inactive players will automatically lose when time's up. (requested by Vuhong2008)\n|inactive|Finally I did it has 60 seconds left.\n|inactive|Finally I did it has 30 seconds left.\n|inactive|Finally I did it has 20 seconds left.\n|\n|t:|1683615585\n|start\n|switch|p1a: Dragonite|Dragonite, L50, M, shiny|100\/100\n|switch|p1b: Chien-Pao|Chien-Pao, L50|100\/100\n|switch|p2a: Torkoal|Torkoal, L50, F|100\/100\n|switch|p2b: Flutter Mane|Flutter Mane, L50|100\/100\n|-ability|p1b: Chien-Pao|Sword of Ruin\n|-weather|SunnyDay|[from] ability: Drought|[of] p2a: Torkoal\n|-activate|p2b: Flutter Mane|ability: Protosynthesis\n|-start|p2b: Flutter Mane|protosynthesisspa\n|turn|1\n|inactive|Finally I did it has 30 seconds left.\n|\n|t:|1683615617\n|-terastallize|p1a: Dragonite|Normal\n|move|p2a: Torkoal|Protect|p2a: Torkoal\n|-singleturn|p2a: Torkoal|Protect\n|move|p1a: Dragonite|Extreme Speed|p2a: Torkoal\n|-activate|p2a: Torkoal|move: Protect\n|move|p1b: Chien-Pao|Sucker Punch||[still]\n|-fail|p1b: Chien-Pao\n|move|p2b: Flutter Mane|Trick Room|p2b: Flutter Mane\n|-fieldstart|move: Trick Room|[of] p2b: Flutter Mane\n|\n|-weather|SunnyDay|[upkeep]\n|upkeep\n|turn|2\n|inactive|Finally I did it has 30 seconds left.\n|\n|t:|1683615650\n|-end|p2b: Flutter Mane|Protosynthesis|[silent]\n|switch|p2b: Maushold|Maushold, L50|100\/100\n|move|p1a: Dragonite|Extreme Speed|p2a: Torkoal\n|-damage|p2a: Torkoal|43\/100\n|move|p1b: Chien-Pao|Sucker Punch|p2a: Torkoal\n|-crit|p2a: Torkoal\n|-damage|p2a: Torkoal|2\/100\n|move|p2a: Torkoal|Eruption|p1b: Chien-Pao|[spread] p1a,p1b\n|-supereffective|p1b: Chien-Pao\n|-damage|p1a: Dragonite|99\/100\n|-damage|p1b: Chien-Pao|99\/100\n|\n|-weather|SunnyDay|[upkeep]\n|upkeep\n|turn|3\n|\n|t:|1683615667\n|move|p1a: Dragonite|Extreme Speed|p2b: Maushold\n|-damage|p2b: Maushold|0 fnt\n|faint|p2b: Maushold\n|move|p1b: Chien-Pao|Sucker Punch|p2a: Torkoal\n|-damage|p2a: Torkoal|0 fnt\n|faint|p2a: Torkoal\n|\n|-weather|SunnyDay|[upkeep]\n|upkeep\n|c|\u2606Finally I did it|what the fuck\n|c|\u2606Finally I did it|how do you counter this\n|\n|t:|1683615692\n|switch|p2a: Flutter Mane|Flutter Mane, L50|100\/100\n|switch|p2b: Annihilape|Annihilape, L50, M|100\/100\n|-activate|p2a: Flutter Mane|ability: Protosynthesis\n|-start|p2a: Flutter Mane|protosynthesisspa\n|turn|4\n|inactive|Finally I did it has 30 seconds left.\n|\n|t:|1683615724\n|switch|p1a: Flutter Mane|Flutter Mane, L50, shiny|100\/100\n|-activate|p1a: Flutter Mane|ability: Protosynthesis\n|-start|p1a: Flutter Mane|protosynthesisspe\n|move|p1b: Chien-Pao|Sucker Punch|p2a: Flutter Mane\n|-damage|p2a: Flutter Mane|39\/100\n|move|p2a: Flutter Mane|Dazzling Gleam|p1b: Chien-Pao|[spread] p1a,p1b\n|-supereffective|p1b: Chien-Pao\n|-damage|p1a: Flutter Mane|57\/100\n|-damage|p1b: Chien-Pao|0 fnt\n|faint|p1b: Chien-Pao\n|move|p2b: Annihilape|Drain Punch|p1a: Flutter Mane\n|-immune|p1a: Flutter Mane\n|\n|-weather|SunnyDay|[upkeep]\n|upkeep\n|\n|t:|1683615740\n|switch|p1b: Dragonite|Dragonite, L50, M, shiny, tera:Normal|99\/100\n|turn|5\n|inactive|Finally I did it has 30 seconds left.\n|\n|t:|1683615768\n|-end|p1a: Flutter Mane|Protosynthesis|[silent]\n|switch|p1a: Chi-Yu|Chi-Yu, L50|100\/100\n|-ability|p1a: Chi-Yu|Beads of Ruin\n|move|p2a: Flutter Mane|Dazzling Gleam|p1b: Dragonite|[spread] p1a,p1b\n|-damage|p1a: Chi-Yu|51\/100\n|-damage|p1b: Dragonite|53\/100\n|move|p2b: Annihilape|Drain Punch|p1b: Dragonite\n|-supereffective|p1b: Dragonite\n|-damage|p1b: Dragonite|0 fnt\n|faint|p1b: Dragonite\n|\n|-weather|none\n|-end|p2a: Flutter Mane|Protosynthesis\n|-fieldend|move: Trick Room\n|upkeep\n|\n|t:|1683615785\n|switch|p1b: Flutter Mane|Flutter Mane, L50, shiny|57\/100\n|turn|6\n|\n|t:|1683615803\n|-terastallize|p2b: Annihilape|Fire\n|move|p2a: Flutter Mane|Protect|p2a: Flutter Mane\n|-singleturn|p2a: Flutter Mane|Protect\n|move|p1b: Flutter Mane|Dazzling Gleam|p2b: Annihilape|[spread] p2b\n|-activate|p2a: Flutter Mane|move: Protect\n|-resisted|p2b: Annihilape\n|-damage|p2b: Annihilape|82\/100\n|move|p1a: Chi-Yu|Heat Wave|p2b: Annihilape|[spread] p2b\n|-activate|p2a: Flutter Mane|move: Protect\n|-resisted|p2b: Annihilape\n|-damage|p2b: Annihilape|60\/100\n|-damage|p1a: Chi-Yu|41\/100|[from] item: Life Orb\n|move|p2b: Annihilape|Drain Punch|p1a: Chi-Yu\n|-supereffective|p1a: Chi-Yu\n|-damage|p1a: Chi-Yu|0 fnt\n|-heal|p2b: Annihilape|72\/100|[from] drain|[of] p1a: Chi-Yu\n|faint|p1a: Chi-Yu\n|\n|upkeep\n|turn|7\n|n|!Finally I did it|finallyididit\n|-message|Vuhong2008 forfeited.\n|\n|win|Finally I did it\n|raw|Vuhong2008's rating: 1354 → 1329<\/strong> (-25 for losing)\n|raw|Finally I did it's rating: 1265 → 1296<\/strong> (+31 for winning)\n|l|\u2606Vuhong2008\n","uploadtime":1683615815,"views":7,"p1id":"vuhong2008","p2id":"finallyididit","formatid":"gen9vgc2023regulationc","rating":1296,"private":0,"password":""}