{"id":"gen9vgc2023regulationc-1854455786","p1":"Cosentino","p2":"devgeeks","format":"[Gen 9] VGC 2023 Regulation C","log":"|j|\u2606Cosentino\n|j|\u2606devgeeks\n|t:|1682813151\n|gametype|doubles\n|player|p1|Cosentino|101|1400\n|player|p2|devgeeks|101|1297\n|teamsize|p1|6\n|teamsize|p2|6\n|gen|9\n|tier|[Gen 9] VGC 2023 Regulation C\n|rated|\n|rule|Species Clause: Limit one of each Pok\u00e9mon\n|rule|Item Clause: Limit one of each item\n|clearpoke\n|poke|p1|Glimmora, L50, M|\n|poke|p1|Great Tusk, L50|\n|poke|p1|Ting-Lu, L50|\n|poke|p1|Dragonite, L50, M|\n|poke|p1|Amoonguss, L50, M|\n|poke|p1|Klefki, L50, F|\n|poke|p2|Maushold-Four, L50|\n|poke|p2|Annihilape, L50, F|\n|poke|p2|Flutter Mane, L50|\n|poke|p2|Amoonguss, L50, F|\n|poke|p2|Gyarados, L50, F|\n|poke|p2|Chi-Yu, L50|\n|teampreview|4\n|inactive|Battle timer is ON: inactive players will automatically lose when time's up. (requested by devgeeks)\n|\n|t:|1682813193\n|start\n|switch|p1a: Klefki|Klefki, L50, F|100\/100\n|switch|p1b: Great Tusk|Great Tusk, L50|100\/100\n|switch|p2a: Fam Bam Bam|Maushold-Four, L50|100\/100\n|switch|p2b: Capt Caveman|Annihilape, L50, F, shiny|100\/100\n|turn|1\n|inactive|devgeeks has 30 seconds left.\n|\n|t:|1682813226\n|move|p1a: Klefki|Reflect|p1a: Klefki\n|-sidestart|p1: Cosentino|Reflect\n|move|p1b: Great Tusk|Close Combat|p2a: Fam Bam Bam\n|-supereffective|p2a: Fam Bam Bam\n|-damage|p2a: Fam Bam Bam|0 fnt\n|-unboost|p1b: Great Tusk|def|1\n|-unboost|p1b: Great Tusk|spd|1\n|faint|p2a: Fam Bam Bam\n|move|p2b: Capt Caveman|Rage Fist|p1b: Great Tusk\n|-damage|p1b: Great Tusk|84\/100\n|\n|upkeep\n|\n|t:|1682813239\n|switch|p2a: Zzzzzz|Amoonguss, L50, F|100\/100\n|turn|2\n|\n|t:|1682813244\n|-end|p1b: Great Tusk|Protosynthesis|[silent]\n|switch|p1b: Dragonite|Dragonite, L50, M|100\/100\n|move|p2b: Capt Caveman|Protect|p2b: Capt Caveman\n|-singleturn|p2b: Capt Caveman|Protect\n|move|p1a: Klefki|Thunder Wave|p2b: Capt Caveman\n|-activate|p2b: Capt Caveman|move: Protect\n|move|p2a: Zzzzzz|Spore|p1b: Dragonite\n|-status|p1b: Dragonite|slp|[from] move: Spore\n|-enditem|p1b: Dragonite|Lum Berry|[eat]\n|-curestatus|p1b: Dragonite|slp|[msg]\n|\n|upkeep\n|turn|3\n|\n|t:|1682813269\n|-terastallize|p2b: Capt Caveman|Water\n|-terastallize|p1b: Dragonite|Flying\n|move|p2b: Capt Caveman|Bulk Up|p2b: Capt Caveman\n|-boost|p2b: Capt Caveman|atk|1\n|-boost|p2b: Capt Caveman|def|1\n|move|p1b: Dragonite|Tera Blast|p2a: Zzzzzz\n|-supereffective|p2a: Zzzzzz\n|-damage|p2a: Zzzzzz|0 fnt\n|faint|p2a: Zzzzzz\n|move|p1a: Klefki|Foul Play|p2b: Capt Caveman\n|-damage|p2b: Capt Caveman|72\/100\n|\n|upkeep\n|\n|t:|1682813280\n|switch|p2a: Miss Nancy|Flutter Mane, L50|100\/100\n|turn|4\n|inactive|Cosentino has 30 seconds left.\n|inactive|devgeeks has 30 seconds left.\n|\n|t:|1682813310\n|move|p1a: Klefki|Thunder Wave|p2a: Miss Nancy\n|-status|p2a: Miss Nancy|par\n|move|p2b: Capt Caveman|Drain Punch|p1a: Klefki\n|-damage|p1a: Klefki|69\/100\n|-heal|p2b: Capt Caveman|84\/100|[from] drain|[of] p1a: Klefki\n|cant|p2a: Miss Nancy|par\n|move|p1b: Dragonite|Tera Blast|p2b: Capt Caveman\n|-damage|p2b: Capt Caveman|46\/100\n|-enditem|p2b: Capt Caveman|Sitrus Berry|[eat]\n|-heal|p2b: Capt Caveman|70\/100|[from] item: Sitrus Berry\n|\n|upkeep\n|turn|5\n|\n|t:|1682813334\n|move|p1a: Klefki|Light Screen|p1a: Klefki\n|-sidestart|p1: Cosentino|move: Light Screen\n|move|p2b: Capt Caveman|Rage Fist|p1b: Dragonite\n|-damage|p1b: Dragonite|68\/100\n|move|p2a: Miss Nancy|Thunderbolt|p1b: Dragonite\n|-supereffective|p1b: Dragonite\n|-damage|p1b: Dragonite|32\/100\n|move|p1b: Dragonite|Tailwind|p1b: Dragonite\n|-sidestart|p1: Cosentino|move: Tailwind\n|\n|upkeep\n|turn|6\n|\n|t:|1682813353\n|move|p2b: Capt Caveman|Protect|p2b: Capt Caveman\n|-singleturn|p2b: Capt Caveman|Protect\n|move|p1a: Klefki|Thunder Wave|p2b: Capt Caveman\n|-activate|p2b: Capt Caveman|move: Protect\n|move|p1b: Dragonite|Tera Blast|p2a: Miss Nancy\n|-damage|p2a: Miss Nancy|10\/100 par\n|move|p2a: Miss Nancy|Thunderbolt|p1b: Dragonite\n|-supereffective|p1b: Dragonite\n|-damage|p1b: Dragonite|0 fnt\n|faint|p1b: Dragonite\n|\n|upkeep\n|\n|t:|1682813374\n|switch|p1b: Great Tusk|Great Tusk, L50|84\/100\n|turn|7\n|\n|t:|1682813394\n|move|p1b: Great Tusk|Headlong Rush|p2b: Capt Caveman\n|-damage|p2b: Capt Caveman|31\/100\n|-unboost|p1b: Great Tusk|def|1\n|-unboost|p1b: Great Tusk|spd|1\n|move|p1a: Klefki|Foul Play|p2a: Miss Nancy\n|-damage|p2a: Miss Nancy|0 fnt\n|faint|p2a: Miss Nancy\n|-end|p2a: Miss Nancy|Protosynthesis|[silent]\n|move|p2b: Capt Caveman|Rage Fist|p1b: Great Tusk\n|-crit|p1b: Great Tusk\n|-damage|p1b: Great Tusk|0 fnt\n|faint|p1b: Great Tusk\n|-end|p1b: Great Tusk|Protosynthesis|[silent]\n|\n|upkeep\n|\n|t:|1682813404\n|switch|p1b: Ting-Lu|Ting-Lu, L50|100\/100\n|-ability|p1b: Ting-Lu|Vessel of Ruin\n|turn|8\n|\n|t:|1682813412\n|move|p1a: Klefki|Foul Play|p2b: Capt Caveman\n|-damage|p2b: Capt Caveman|2\/100\n|move|p1b: Ting-Lu|Throat Chop|p2b: Capt Caveman\n|-damage|p2b: Capt Caveman|0 fnt\n|faint|p2b: Capt Caveman\n|\n|win|Cosentino\n|raw|Cosentino's rating: 1400 → 1414<\/strong> (+14 for winning)\n|raw|devgeeks's rating: 1297 → 1279<\/strong> (-18 for losing)\n|c|\u2606devgeeks|Gg\n","uploadtime":1682813425,"views":10,"p1id":"cosentino","p2id":"devgeeks","formatid":"gen9vgc2023regulationc","rating":1279,"private":0,"password":""}