{"id":"gen9vgc2023regulationc-1849344765","p1":"Z311726","p2":"123datastage123","format":"[Gen 9] VGC 2023 Regulation C","log":"|j|\u203dZ311726\n|j|\u2606123datastage123\n|t:|1682188167\n|gametype|doubles\n|player|p1|Z311726|lady-gen4|1291\n|player|p2|123datastage123|n|1302\n|teamsize|p1|6\n|teamsize|p2|6\n|gen|9\n|tier|[Gen 9] VGC 2023 Regulation C\n|rated|\n|rule|Species Clause: Limit one of each Pok\u00e9mon\n|rule|Item Clause: Limit one of each item\n|clearpoke\n|poke|p1|Arcanine, L50, M|\n|poke|p1|Flutter Mane, L50|\n|poke|p1|Pelipper, L50, F|\n|poke|p1|Vaporeon, L50, M|\n|poke|p1|Scizor, L50, M|\n|poke|p1|Chien-Pao, L50|\n|poke|p2|Ting-Lu, L50|\n|poke|p2|Palafin, L50, M|\n|poke|p2|Flutter Mane, L50|\n|poke|p2|Arcanine, L50, F|\n|poke|p2|Amoonguss, L50, F|\n|poke|p2|Corviknight, L50, F|\n|teampreview|4\n|inactive|Battle timer is ON: inactive players will automatically lose when time's up. (requested by 123datastage123)\n|inactive|123datastage123 has 60 seconds left.\n|inactive|123datastage123 has 30 seconds left.\n|inactive|123datastage123 has 20 seconds left.\n|inactive|123datastage123 has 15 seconds left.\n|\n|t:|1682188243\n|start\n|switch|p1a: Pelipper|Pelipper, L50, F|100\/100\n|switch|p1b: Vaporeon|Vaporeon, L50, M|100\/100\n|switch|p2a: Corviknight|Corviknight, L50, F|100\/100\n|switch|p2b: Palafin|Palafin, L50, M|100\/100\n|-weather|RainDance|[from] ability: Drizzle|[of] p1a: Pelipper\n|turn|1\n|inactive|123datastage123 has 30 seconds left.\n|inactive|123datastage123 has 20 seconds left.\n|inactive|123datastage123 has 15 seconds left.\n|inactive|123datastage123 has 10 seconds left.\n|\n|t:|1682188291\n|move|p2b: Palafin|Wave Crash|p1a: Pelipper\n|-resisted|p1a: Pelipper\n|-damage|p1a: Pelipper|63\/100\n|-damage|p2b: Palafin|90\/100|[from] Recoil\n|move|p2a: Corviknight|Brave Bird|p1a: Pelipper\n|-damage|p1a: Pelipper|21\/100\n|-damage|p2a: Corviknight|89\/100|[from] Recoil\n|move|p1b: Vaporeon|Muddy Water|p2b: Palafin|[spread] p2a,p2b\n|-resisted|p2b: Palafin\n|-damage|p2a: Corviknight|49\/100\n|-damage|p2b: Palafin|56\/100\n|-ability|p2a: Corviknight|Mirror Armor\n|-unboost|p1b: Vaporeon|accuracy|1\n|move|p1a: Pelipper|Tailwind|p1a: Pelipper\n|-sidestart|p1: Z311726|move: Tailwind\n|\n|-weather|RainDance|[upkeep]\n|upkeep\n|turn|2\n|inactive|123datastage123 has 30 seconds left.\n|inactive|123datastage123 has 20 seconds left.\n|inactive|Z311726 has 30 seconds left.\n|inactive|123datastage123 has 15 seconds left.\n|inactive|123datastage123 has 10 seconds left.\n|\n|t:|1682188336\n|detailschange|p2b: Palafin|Palafin-Hero, L50, M\n|switch|p2b: Amoonguss|Amoonguss, L50, F, shiny|100\/100\n|move|p1b: Vaporeon|Muddy Water|p2a: Corviknight|[spread] p2a,p2b\n|-resisted|p2b: Amoonguss\n|-damage|p2a: Corviknight|5\/100\n|-damage|p2b: Amoonguss|80\/100\n|move|p1a: Pelipper|Surf|p2a: Corviknight|[spread] p2a,p2b\n|-immune|p1b: Vaporeon|[from] ability: Water Absorb\n|-resisted|p2b: Amoonguss\n|-damage|p2a: Corviknight|0 fnt\n|-damage|p2b: Amoonguss|64\/100\n|faint|p2a: Corviknight\n|\n|-weather|RainDance|[upkeep]\n|upkeep\n|\n|t:|1682188350\n|switch|p2a: Palafin|Palafin-Hero, L50, M|56\/100\n|-activate|p2a: Palafin|ability: Zero to Hero\n|turn|3\n|\n|t:|1682188370\n|switch|p1b: Arcanine|Arcanine, L50, M|100\/100\n|-ability|p1b: Arcanine|Intimidate|boost\n|-unboost|p2a: Palafin|atk|1\n|-unboost|p2b: Amoonguss|atk|1\n|move|p2a: Palafin|Jet Punch|p1a: Pelipper\n|-resisted|p1a: Pelipper\n|-damage|p1a: Pelipper|0 fnt\n|faint|p1a: Pelipper\n|move|p2b: Amoonguss|Spore|p1b: Arcanine\n|-status|p1b: Arcanine|slp|[from] move: Spore\n|\n|-weather|RainDance|[upkeep]\n|upkeep\n|\n|t:|1682188381\n|switch|p1a: Vaporeon|Vaporeon, L50, M|100\/100\n|turn|4\n|\n|t:|1682188400\n|-terastallize|p1a: Vaporeon|Grass\n|cant|p1b: Arcanine|slp\n|move|p2a: Palafin|Jet Punch|p1b: Arcanine\n|-supereffective|p1b: Arcanine\n|-damage|p1b: Arcanine|4\/100 slp\n|-enditem|p1b: Arcanine|Sitrus Berry|[eat]\n|-heal|p1b: Arcanine|29\/100 slp|[from] item: Sitrus Berry\n|move|p1a: Vaporeon|Tera Blast|p2a: Palafin\n|-supereffective|p2a: Palafin\n|-damage|p2a: Palafin|0 fnt\n|faint|p2a: Palafin\n|move|p2b: Amoonguss|Pollen Puff|p2: Palafin|[notarget]\n|-fail|p2b: Amoonguss\n|\n|-weather|RainDance|[upkeep]\n|-sideend|p1: Z311726|move: Tailwind\n|upkeep\n|\n|t:|1682188411\n|switch|p2a: Flutter Mane|Flutter Mane, L50, shiny|100\/100\n|-enditem|p2a: Flutter Mane|Booster Energy\n|-activate|p2a: Flutter Mane|ability: Protosynthesis|[fromitem]\n|-start|p2a: Flutter Mane|protosynthesisspa\n|turn|5\n|inactive|123datastage123 has 30 seconds left.\n|\n|t:|1682188436\n|-terastallize|p2a: Flutter Mane|Fairy\n|cant|p1b: Arcanine|slp\n|move|p2a: Flutter Mane|Dazzling Gleam|p1b: Arcanine|[spread] p1a,p1b\n|-resisted|p1b: Arcanine\n|-damage|p1a: Vaporeon|56\/100\n|-damage|p1b: Arcanine|0 fnt\n|faint|p1b: Arcanine\n|move|p1a: Vaporeon|Muddy Water|p2a: Flutter Mane|[spread] p2a,p2b\n|-resisted|p2b: Amoonguss\n|-damage|p2a: Flutter Mane|54\/100\n|-damage|p2b: Amoonguss|42\/100\n|-enditem|p2b: Amoonguss|Sitrus Berry|[eat]\n|-heal|p2b: Amoonguss|66\/100|[from] item: Sitrus Berry\n|move|p2b: Amoonguss|Pollen Puff|p1a: Vaporeon\n|-supereffective|p1a: Vaporeon\n|-damage|p1a: Vaporeon|28\/100\n|\n|-weather|RainDance|[upkeep]\n|-heal|p1a: Vaporeon|34\/100|[from] item: Leftovers\n|upkeep\n|\n|t:|1682188453\n|switch|p1b: Chien-Pao|Chien-Pao, L50|100\/100\n|-ability|p1b: Chien-Pao|Sword of Ruin\n|turn|6\n|inactive|123datastage123 has 30 seconds left.\n|inactive|Z311726 has 30 seconds left.\n|\n|t:|1682188486\n|move|p2a: Flutter Mane|Protect|p2a: Flutter Mane\n|-singleturn|p2a: Flutter Mane|Protect\n|move|p1a: Vaporeon|Detect|p1a: Vaporeon\n|-singleturn|p1a: Vaporeon|Protect\n|move|p2b: Amoonguss|Protect|p2b: Amoonguss\n|-singleturn|p2b: Amoonguss|Protect\n|move|p1b: Chien-Pao|Sucker Punch||[still]\n|-fail|p1b: Chien-Pao\n|\n|-weather|RainDance|[upkeep]\n|-heal|p1a: Vaporeon|40\/100|[from] item: Leftovers\n|upkeep\n|turn|7\n|\n|t:|1682188498\n|move|p2b: Amoonguss|Rage Powder|p2b: Amoonguss\n|-singleturn|p2b: Amoonguss|move: Rage Powder\n|move|p1b: Chien-Pao|Sucker Punch||[still]\n|-fail|p1b: Chien-Pao\n|move|p2a: Flutter Mane|Dazzling Gleam|p1a: Vaporeon|[spread] p1a,p1b\n|-supereffective|p1b: Chien-Pao\n|-damage|p1a: Vaporeon|0 fnt\n|-damage|p1b: Chien-Pao|0 fnt\n|faint|p1a: Vaporeon\n|faint|p1b: Chien-Pao\n|\n|win|123datastage123\n|raw|Z311726's rating: 1291 → 1267<\/strong> (-24 for losing)\n|raw|123datastage123's rating: 1302 → 1321<\/strong> (+19 for winning)\n","uploadtime":1682188507,"views":4,"p1id":"z311726","p2id":"123datastage123","formatid":"gen9vgc2023regulationc","rating":1267,"private":0,"password":""}