{"id":"gen9vgc2023regulationc-1852401635","p1":"PotatoFoe11","p2":"etaaan","format":"[Gen 9] VGC 2023 Regulation C","log":"|j|\u2606PotatoFoe11\n|j|\u2606etaaan\n|t:|1682553117\n|gametype|doubles\n|player|p1|PotatoFoe11|101|1089\n|player|p2|etaaan|1|1034\n|teamsize|p1|6\n|teamsize|p2|6\n|gen|9\n|tier|[Gen 9] VGC 2023 Regulation C\n|rated|\n|rule|Species Clause: Limit one of each Pok\u00e9mon\n|rule|Item Clause: Limit one of each item\n|clearpoke\n|poke|p1|Gastrodon, L50, M|\n|poke|p1|Wo-Chien, L50|\n|poke|p1|Flutter Mane, L50|\n|poke|p1|Arcanine, L50, M|\n|poke|p1|Baxcalibur, L50, F|\n|poke|p1|Palafin, L50, F|\n|poke|p2|Ting-Lu, L50|\n|poke|p2|Dragonite, L50, M|\n|poke|p2|Indeedee-F, L50, F|\n|poke|p2|Dragapult, L50, M|\n|poke|p2|Amoonguss, L50, F|\n|poke|p2|Coalossal, L50, F|\n|teampreview|4\n|inactive|Battle timer is ON: inactive players will automatically lose when time's up. (requested by PotatoFoe11)\nPotatoFoe11 has agreed to open team sheets.\netaaan has agreed to open team sheets.\n|inactive|PotatoFoe11 has 60 seconds left.\n|\n|t:|1682553154\n|start\n|switch|p1a: Wo-Chien|Wo-Chien, L50|100\/100\n|switch|p1b: Palafin|Palafin, L50, F|100\/100\n|switch|p2a: Ting-Lu|Ting-Lu, L50|100\/100\n|switch|p2b: Amoonguss|Amoonguss, L50, F|100\/100\n|-ability|p1a: Wo-Chien|Tablets of Ruin\n|-ability|p2a: Ting-Lu|Vessel of Ruin\n|turn|1\n|\n|t:|1682553175\n|detailschange|p1b: Palafin|Palafin-Hero, L50, F\n|switch|p1b: Baxcalibur|Baxcalibur, L50, F|100\/100\n|move|p2b: Amoonguss|Rage Powder|p2b: Amoonguss\n|-singleturn|p2b: Amoonguss|move: Rage Powder\n|move|p1a: Wo-Chien|Leech Seed|p2a: Ting-Lu\n|-start|p2a: Ting-Lu|move: Leech Seed\n|move|p2a: Ting-Lu|Fissure|p1a: Wo-Chien\n|-damage|p1a: Wo-Chien|0 fnt\n|faint|p1a: Wo-Chien\n|-ohko\n|\n|upkeep\n|inactive|PotatoFoe11 has 30 seconds left.\n|inactive|PotatoFoe11 has 20 seconds left.\n|\n|t:|1682553211\n|switch|p1a: Palafin|Palafin-Hero, L50, F|100\/100\n|-activate|p1a: Palafin|ability: Zero to Hero\n|turn|2\n|\n|t:|1682553222\n|-terastallize|p1a: Palafin|Water\n|move|p2b: Amoonguss|Rage Powder|p2b: Amoonguss\n|-singleturn|p2b: Amoonguss|move: Rage Powder\n|move|p1a: Palafin|Wave Crash|p2b: Amoonguss\n|-resisted|p2b: Amoonguss\n|-damage|p2b: Amoonguss|46\/100\n|-status|p1a: Palafin|par|[from] ability: Effect Spore|[of] p2b: Amoonguss\n|-damage|p1a: Palafin|81\/100 par|[from] Recoil\n|move|p1b: Baxcalibur|Icicle Crash|p2b: Amoonguss|[miss]\n|-miss|p1b: Baxcalibur|p2b: Amoonguss\n|move|p2a: Ting-Lu|Fissure|p1b: Baxcalibur\n|-damage|p1b: Baxcalibur|0 fnt\n|faint|p1b: Baxcalibur\n|-ohko\n|\n|-heal|p2b: Amoonguss|52\/100|[from] item: Black Sludge\n|-damage|p2a: Ting-Lu|88\/100|[from] Leech Seed|[of] p1a: Palafin\n|-heal|p1a: Palafin|99\/100 par|[silent]\n|upkeep\n|\n|t:|1682553234\n|switch|p1b: Gastrodon|Gastrodon, L50, M|100\/100\n|turn|3\n|c|\u2606etaaan|woah\n|inactive|PotatoFoe11 has 30 seconds left.\n|c|\u2606PotatoFoe11|hm?\n|inactive|PotatoFoe11 has 20 seconds left.\n|inactive|PotatoFoe11 has 15 seconds left.\n|\n|t:|1682553276\n|move|p1a: Palafin|Wave Crash|p1b: Gastrodon\n|-activate|p1b: Gastrodon|ability: Storm Drain\n|-ability|p1b: Gastrodon|Storm Drain|boost\n|-boost|p1b: Gastrodon|spa|1\n|move|p2a: Ting-Lu|Fissure|p1b: Gastrodon|[miss]\n|-miss|p2a: Ting-Lu|p1b: Gastrodon\n|move|p1b: Gastrodon|Earth Power|p2b: Amoonguss\n|-damage|p2b: Amoonguss|22\/100\n|move|p2b: Amoonguss|Spore||[still]\n|-fail|p2b: Amoonguss\n|\n|-heal|p2b: Amoonguss|27\/100|[from] item: Black Sludge\n|-damage|p2a: Ting-Lu|76\/100|[from] Leech Seed|[of] p1a: Palafin\n|-heal|p1a: Palafin|100\/100 par|[silent]\n|upkeep\n|turn|4\n|c|\u2606etaaan|i hit fissure 2 times in a row\n|c|\u2606PotatoFoe11|I\u2019m gonna shoot myself\n|inactive|PotatoFoe11 has 30 seconds left.\n|inactive|etaaan has 30 seconds left.\n|inactive|PotatoFoe11 has 20 seconds left.\n|inactive|PotatoFoe11 has 15 seconds left.\n|c|\u2606PotatoFoe11|it keeps going for Gastro when I click ting Lu.\n|inactive|PotatoFoe11 has 10 seconds left.\n|inactive|PotatoFoe11 has 5 seconds left.\n|\n|t:|1682553334\n|cant|p1a: Palafin|par\n|move|p1b: Gastrodon|Protect|p1b: Gastrodon\n|-singleturn|p1b: Gastrodon|Protect\n|move|p2b: Amoonguss|Rage Powder|p2b: Amoonguss\n|-singleturn|p2b: Amoonguss|move: Rage Powder\n|move|p2a: Ting-Lu|Stomping Tantrum|p1a: Palafin\n|-damage|p1a: Palafin|34\/100 par\n|\n|-heal|p2b: Amoonguss|33\/100|[from] item: Black Sludge\n|-damage|p2a: Ting-Lu|64\/100|[from] Leech Seed|[of] p1a: Palafin\n|-heal|p1a: Palafin|52\/100 par|[silent]\n|upkeep\n|turn|5\n|-message|PotatoFoe11 forfeited.\n|\n|win|etaaan\n|raw|PotatoFoe11's rating: 1089 → 1062<\/strong> (-27 for losing)\n|raw|etaaan's rating: 1034 → 1074<\/strong> (+40 for winning)\n|l|\u2606PotatoFoe11\n|c|\u2606etaaan|gg\n","uploadtime":1682553383,"views":14,"p1id":"potatofoe11","p2id":"etaaan","formatid":"gen9vgc2023regulationc","rating":1062,"private":0,"password":""}