{"id":"gen9vgc2023regulationc-1858012913","p1":"Gholdjunge","p2":"Matutinha","format":"[Gen 9] VGC 2023 Regulation C","log":"|j|\u2606Gholdjunge\n|j|\u2606Matutinha\n|t:|1683260181\n|gametype|doubles\n|player|p1|Gholdjunge|youngster-gen2|1649\n|player|p2|Matutinha|102|1616\n|teamsize|p1|6\n|teamsize|p2|6\n|gen|9\n|tier|[Gen 9] VGC 2023 Regulation C\n|rated|\n|rule|Species Clause: Limit one of each Pok\u00e9mon\n|rule|Item Clause: Limit one of each item\n|clearpoke\n|poke|p1|Azumarill, L50, F|\n|poke|p1|Pelipper, L50, F|\n|poke|p1|Chien-Pao, L50|\n|poke|p1|Iron Hands, L50|\n|poke|p1|Flutter Mane, L50|\n|poke|p1|Amoonguss, L50, F|\n|poke|p2|Tyranitar, L50, M|\n|poke|p2|Lycanroc, L50, M|\n|poke|p2|Farigiraf, L50, F|\n|poke|p2|Ting-Lu, L50|\n|poke|p2|Annihilape, L50, M|\n|poke|p2|Amoonguss, L50, M|\n|teampreview|4\n|inactive|Battle timer is ON: inactive players will automatically lose when time's up. (requested by Matutinha)\n|\n|t:|1683260242\n|start\n|switch|p1a: Iron Hands|Iron Hands, L50|100\/100\n|switch|p1b: Chien-Pao|Chien-Pao, L50|100\/100\n|switch|p2a: Annihilape|Annihilape, L50, M|100\/100\n|switch|p2b: Farigiraf|Farigiraf, L50, F|100\/100\n|-ability|p1b: Chien-Pao|Sword of Ruin\n|turn|1\n|j| pikachuo4z8\n|inactive|Gholdjunge has 30 seconds left.\n|inactive|Matutinha has 30 seconds left.\n|inactive|Gholdjunge has 20 seconds left.\n|inactive|Matutinha has 20 seconds left.\n|\n|t:|1683260281\n|move|p1a: Iron Hands|Detect|p1a: Iron Hands\n|-singleturn|p1a: Iron Hands|Protect\n|move|p2b: Farigiraf|Protect|p2b: Farigiraf\n|-singleturn|p2b: Farigiraf|Protect\n|move|p1b: Chien-Pao|Ice Spinner|p2a: Annihilape\n|-damage|p2a: Annihilape|54\/100\n|move|p2a: Annihilape|Bulk Up|p2a: Annihilape\n|-boost|p2a: Annihilape|atk|1\n|-boost|p2a: Annihilape|def|1\n|\n|-heal|p2a: Annihilape|61\/100|[from] item: Leftovers\n|upkeep\n|turn|2\n|inactive|Gholdjunge has 30 seconds left.\n|inactive|Gholdjunge has 20 seconds left.\n|inactive|Gholdjunge has 15 seconds left.\n|inactive|Gholdjunge has 10 seconds left.\n|\n|t:|1683260327\n|-terastallize|p1b: Chien-Pao|Ghost\n|-terastallize|p2a: Annihilape|Fire\n|move|p1b: Chien-Pao|Ice Spinner|p2b: Farigiraf\n|-damage|p2b: Farigiraf|49\/100\n|move|p2a: Annihilape|Rage Fist|p1b: Chien-Pao\n|-supereffective|p1b: Chien-Pao\n|-crit|p1b: Chien-Pao\n|-enditem|p1b: Chien-Pao|Focus Sash\n|-damage|p1b: Chien-Pao|1\/100\n|move|p1a: Iron Hands|Wild Charge|p2a: Annihilape\n|-damage|p2a: Annihilape|23\/100\n|-damage|p1a: Iron Hands|92\/100|[from] Recoil\n|move|p2b: Farigiraf|Trick Room|p2b: Farigiraf\n|-fieldstart|move: Trick Room|[of] p2b: Farigiraf\n|\n|-heal|p2a: Annihilape|29\/100|[from] item: Leftovers\n|upkeep\n|turn|3\n|inactive|Matutinha has 30 seconds left.\n|\n|t:|1683260355\n|switch|p2a: Amoonguss|Amoonguss, L50, M|100\/100\n|move|p1b: Chien-Pao|Protect|p1b: Chien-Pao\n|-singleturn|p1b: Chien-Pao|Protect\n|move|p2b: Farigiraf|Psychic|p1a: Iron Hands\n|-supereffective|p1a: Iron Hands\n|-damage|p1a: Iron Hands|39\/100\n|move|p1a: Iron Hands|Wild Charge|p2b: Farigiraf\n|-damage|p2b: Farigiraf|0 fnt\n|faint|p2b: Farigiraf\n|-damage|p1a: Iron Hands|28\/100|[from] Recoil\n|\n|upkeep\n|\n|t:|1683260369\n|switch|p2b: Annihilape|Annihilape, L50, M, tera:Fire|29\/100\n|turn|4\n|inactive|Gholdjunge has 30 seconds left.\n|inactive|Gholdjunge has 20 seconds left.\n|\n|t:|1683260405\n|switch|p1b: Azumarill|Azumarill, L50, F|100\/100\n|move|p2a: Amoonguss|Pollen Puff|p2b: Annihilape\n|-heal|p2b: Annihilape|79\/100\n|move|p1a: Iron Hands|Wild Charge|p2b: Annihilape\n|-damage|p2b: Annihilape|32\/100\n|-damage|p1a: Iron Hands|17\/100|[from] Recoil\n|move|p2b: Annihilape|Bulk Up|p2b: Annihilape\n|-boost|p2b: Annihilape|atk|1\n|-boost|p2b: Annihilape|def|1\n|\n|-heal|p2b: Annihilape|38\/100|[from] item: Leftovers\n|upkeep\n|turn|5\n|inactive|Matutinha has 30 seconds left.\n|\n|t:|1683260433\n|move|p2a: Amoonguss|Rage Powder|p2a: Amoonguss\n|-singleturn|p2a: Amoonguss|move: Rage Powder\n|move|p1b: Azumarill|Aqua Jet|p2a: Amoonguss\n|-resisted|p2a: Amoonguss\n|-damage|p2a: Amoonguss|90\/100\n|move|p1a: Iron Hands|Wild Charge|p2b: Annihilape\n|-damage|p2b: Annihilape|8\/100\n|-damage|p1a: Iron Hands|10\/100|[from] Recoil\n|move|p2b: Annihilape|Rage Fist|p1b: Azumarill\n|-damage|p1b: Azumarill|0 fnt\n|faint|p1b: Azumarill\n|\n|-heal|p2b: Annihilape|14\/100|[from] item: Leftovers\n|upkeep\n|\n|t:|1683260455\n|switch|p1b: Chien-Pao|Chien-Pao, L50, tera:Ghost|1\/100\n|-ability|p1b: Chien-Pao|Sword of Ruin\n|turn|6\n|inactive|Gholdjunge has 30 seconds left.\n|inactive|Gholdjunge has 20 seconds left.\n|inactive|Gholdjunge has 15 seconds left.\n|inactive|Gholdjunge has 10 seconds left.\n|\n|t:|1683260502\n|move|p1b: Chien-Pao|Protect|p1b: Chien-Pao\n|-singleturn|p1b: Chien-Pao|Protect\n|move|p2a: Amoonguss|Pollen Puff|p2b: Annihilape\n|-heal|p2b: Annihilape|64\/100\n|move|p1a: Iron Hands|Drain Punch|p2b: Annihilape\n|-damage|p2b: Annihilape|33\/100\n|-heal|p1a: Iron Hands|24\/100|[from] drain|[of] p2b: Annihilape\n|move|p2b: Annihilape|Bulk Up|p2b: Annihilape\n|-boost|p2b: Annihilape|atk|1\n|-boost|p2b: Annihilape|def|1\n|\n|-heal|p2b: Annihilape|39\/100|[from] item: Leftovers\n|-fieldend|move: Trick Room\n|upkeep\n|turn|7\n|\n|t:|1683260527\n|move|p1b: Chien-Pao|Haze|p1b: Chien-Pao\n|-clearallboost\n|move|p2b: Annihilape|Drain Punch|p1a: Iron Hands\n|-damage|p1a: Iron Hands|0 fnt\n|-heal|p2b: Annihilape|52\/100|[from] drain|[of] p1a: Iron Hands\n|faint|p1a: Iron Hands\n|-end|p1a: Iron Hands|Quark Drive|[silent]\n|move|p2a: Amoonguss|Pollen Puff|p2b: Annihilape\n|-heal|p2b: Annihilape|100\/100\n|\n|upkeep\n|\n|t:|1683260535\n|switch|p1a: Pelipper|Pelipper, L50, F|100\/100\n|-weather|RainDance|[from] ability: Drizzle|[of] p1a: Pelipper\n|turn|8\n|inactive|Gholdjunge has 30 seconds left.\n|inactive|Gholdjunge has 20 seconds left.\n|c|\u2606Gholdjunge|Gg\n|-message|Gholdjunge forfeited.\n|\n|win|Matutinha\n|raw|Gholdjunge's rating: 1649 → 1627<\/strong> (-22 for losing)\n|raw|Matutinha's rating: 1616 → 1638<\/strong> (+22 for winning)\n|l|\u2606Matutinha\n|l| pikachuo4z8\n","uploadtime":1683260720,"views":13,"p1id":"gholdjunge","p2id":"matutinha","formatid":"gen9vgc2023regulationc","rating":1627,"private":0,"password":""}