{"id":"gen9vgc2023regulationc-1844822421","p1":"Palden64","p2":"Monimei","format":"[Gen 9] VGC 2023 Regulation C","log":"|j|\u2606Palden64\n|j|\u2606Monimei\n|t:|1681652798\n|gametype|doubles\n|player|p1|Palden64|iris|1135\n|player|p2|Monimei|266|1110\n|teamsize|p1|6\n|teamsize|p2|6\n|gen|9\n|tier|[Gen 9] VGC 2023 Regulation C\n|rated|\n|rule|Species Clause: Limit one of each Pok\u00e9mon\n|rule|Item Clause: Limit one of each item\n|clearpoke\n|poke|p1|Farigiraf, L50, F|\n|poke|p1|Amoonguss, L50, M|\n|poke|p1|Ting-Lu, L50|\n|poke|p1|Iron Valiant, L50|\n|poke|p1|Flutter Mane, L50|\n|poke|p1|Tinkaton, L50, F|\n|poke|p2|Flutter Mane, L50|\n|poke|p2|Chien-Pao, L50|\n|poke|p2|Dragonite, L50, M|\n|poke|p2|Palafin, L50, F|\n|poke|p2|Arcanine, L50, F|\n|poke|p2|Amoonguss, L50, M|\n|teampreview|4\n|inactive|Battle timer is ON: inactive players will automatically lose when time's up. (requested by Monimei)\n|\n|t:|1681652825\n|start\n|switch|p1a: Voodoov|Farigiraf, L50, F, shiny|100\/100\n|switch|p1b: Whammer|Tinkaton, L50, F|100\/100\n|switch|p2a: Flutter Mane|Flutter Mane, L50|100\/100\n|switch|p2b: Palafin|Palafin, L50, F|100\/100\n|-ability|p1b: Whammer|Mold Breaker\n|turn|1\n|\n|t:|1681652848\n|detailschange|p2b: Palafin|Palafin-Hero, L50, F\n|switch|p2b: Arcanine|Arcanine, L50, F|100\/100\n|-ability|p2b: Arcanine|Intimidate|boost\n|-unboost|p1a: Voodoov|atk|1\n|-unboost|p1b: Whammer|atk|1\n|move|p2a: Flutter Mane|Protect|p2a: Flutter Mane\n|-singleturn|p2a: Flutter Mane|Protect\n|move|p1b: Whammer|Gigaton Hammer|p2a: Flutter Mane\n|-activate|p2a: Flutter Mane|move: Protect\n|move|p1a: Voodoov|Trick Room|p1a: Voodoov\n|-fieldstart|move: Trick Room|[of] p1a: Voodoov\n|\n|upkeep\n|turn|2\n|\n|t:|1681652872\n|move|p1a: Voodoov|Psychic|p2a: Flutter Mane\n|-damage|p2a: Flutter Mane|61\/100\n|move|p1b: Whammer|Rock Slide|p2b: Arcanine|[spread] p2a,p2b\n|-supereffective|p2b: Arcanine\n|-damage|p2a: Flutter Mane|44\/100\n|-damage|p2b: Arcanine|83\/100\n|move|p2b: Arcanine|Flare Blitz|p1b: Whammer\n|-supereffective|p1b: Whammer\n|-damage|p1b: Whammer|7\/100\n|-damage|p2b: Arcanine|57\/100|[from] Recoil\n|-enditem|p1b: Whammer|Eject Button\n|\n|t:|1681652883\n|switch|p1b: Man|Ting-Lu, L50|100\/100\n|-ability|p1b: Man|Vessel of Ruin\n|move|p2a: Flutter Mane|Dazzling Gleam|p1b: Man|[spread] p1a,p1b\n|-supereffective|p1b: Man\n|-damage|p1a: Voodoov|72\/100\n|-damage|p1b: Man|64\/100\n|-damage|p2a: Flutter Mane|35\/100|[from] item: Life Orb\n|\n|upkeep\n|turn|3\n|\n|t:|1681652912\n|-terastallize|p2b: Arcanine|Normal\n|move|p2a: Flutter Mane|Protect|p2a: Flutter Mane\n|-singleturn|p2a: Flutter Mane|Protect\n|move|p1b: Man|Throat Chop|p2a: Flutter Mane\n|-activate|p2a: Flutter Mane|move: Protect\n|move|p1a: Voodoov|Psychic|p2b: Arcanine\n|-damage|p2b: Arcanine|31\/100\n|-enditem|p2b: Arcanine|Sitrus Berry|[eat]\n|-heal|p2b: Arcanine|56\/100|[from] item: Sitrus Berry\n|move|p2b: Arcanine|Will-O-Wisp|p1b: Man\n|-status|p1b: Man|brn\n|\n|-damage|p1b: Man|58\/100 brn|[from] brn\n|upkeep\n|turn|4\n|inactive|Palden64 has 30 seconds left.\n|\n|t:|1681652938\n|move|p2b: Arcanine|Protect|p2b: Arcanine\n|-singleturn|p2b: Arcanine|Protect\n|move|p1b: Man|Stomping Tantrum|p2b: Arcanine\n|-activate|p2b: Arcanine|move: Protect\n|move|p1a: Voodoov|Psychic|p2a: Flutter Mane\n|-damage|p2a: Flutter Mane|6\/100\n|-unboost|p2a: Flutter Mane|spd|1\n|move|p2a: Flutter Mane|Dazzling Gleam|p1b: Man|[spread] p1a,p1b\n|-supereffective|p1b: Man\n|-damage|p1a: Voodoov|43\/100\n|-damage|p1b: Man|16\/100 brn\n|-damage|p2a: Flutter Mane|0 fnt|[from] item: Life Orb\n|faint|p2a: Flutter Mane\n|-end|p2a: Flutter Mane|Protosynthesis|[silent]\n|\n|-damage|p1b: Man|10\/100 brn|[from] brn\n|upkeep\n|\n|t:|1681652953\n|switch|p2a: Palafin|Palafin-Hero, L50, F|100\/100\n|-activate|p2a: Palafin|ability: Zero to Hero\n|turn|5\n|\n|t:|1681652969\n|-terastallize|p1a: Voodoov|Fighting\n|move|p2a: Palafin|Protect|p2a: Palafin\n|-singleturn|p2a: Palafin|Protect\n|move|p1b: Man|Rest|p1b: Man\n|-status|p1b: Man|slp|[from] move: Rest\n|-heal|p1b: Man|100\/100 slp|[silent]\n|-enditem|p1b: Man|Chesto Berry|[eat]\n|-curestatus|p1b: Man|slp|[msg]\n|move|p1a: Voodoov|Tera Blast|p2b: Arcanine\n|-supereffective|p2b: Arcanine\n|-damage|p2b: Arcanine|7\/100\n|move|p2b: Arcanine|Flare Blitz|p1a: Voodoov\n|-damage|p1a: Voodoov|0 fnt\n|faint|p1a: Voodoov\n|-damage|p2b: Arcanine|0 fnt|[from] Recoil\n|faint|p2b: Arcanine\n|\n|-fieldend|move: Trick Room\n|upkeep\n|\n|t:|1681652992\n|switch|p2b: Chien-Pao|Chien-Pao, L50|100\/100\n|switch|p1a: Whammer|Tinkaton, L50, F|7\/100\n|-ability|p2b: Chien-Pao|Sword of Ruin\n|-ability|p1a: Whammer|Mold Breaker\n|turn|6\n|\n|t:|1681653006\n|move|p1a: Whammer|Fake Out|p2a: Palafin\n|-damage|p2a: Palafin|90\/100\n|move|p2b: Chien-Pao|Ice Spinner|p1a: Whammer\n|-resisted|p1a: Whammer\n|-damage|p1a: Whammer|0 fnt\n|faint|p1a: Whammer\n|cant|p2a: Palafin|flinch\n|move|p1b: Man|Fissure|p2a: Palafin\n|-damage|p2a: Palafin|0 fnt\n|faint|p2a: Palafin\n|-ohko\n|\n|upkeep\n|-message|Monimei forfeited.\n|\n|win|Palden64\n|raw|Palden64's rating: 1135 → 1158<\/strong> (+23 for winning)\n|raw|Monimei's rating: 1110 → 1087<\/strong> (-23 for losing)\n|l|\u2606Monimei\n","uploadtime":1681653027,"views":6,"p1id":"palden64","p2id":"monimei","formatid":"gen9vgc2023regulationc","rating":1087,"private":0,"password":""}