{"id":"gen9vgc2023regulationc-1851769061","p1":"anshar_training","p2":"Pkfns","format":"[Gen 9] VGC 2023 Regulation C","log":"|j|\u2606anshar_training\n|j|\u2606Pkfns\n|t:|1682480672\n|gametype|doubles\n|player|p1|anshar_training|pokemaniac|1187\n|player|p2|Pkfns|pokemaniac|1092\n|teamsize|p1|6\n|teamsize|p2|6\n|gen|9\n|tier|[Gen 9] VGC 2023 Regulation C\n|rated|\n|rule|Species Clause: Limit one of each Pok\u00e9mon\n|rule|Item Clause: Limit one of each item\n|clearpoke\n|poke|p1|Dragapult, L50, F|\n|poke|p1|Amoonguss, L50, F|\n|poke|p1|Chien-Pao, L50|\n|poke|p1|Arcanine, L50, F|\n|poke|p1|Flutter Mane, L50|\n|poke|p1|Palafin, L50, M|\n|poke|p2|Ting-Lu, L50|\n|poke|p2|Annihilape, L50, F|\n|poke|p2|Maushold, L50|\n|poke|p2|Flutter Mane, L50|\n|poke|p2|Amoonguss, L50, M|\n|poke|p2|Arcanine, L50, F|\n|teampreview|4\nPkfns has agreed to open team sheets.\n|c|\u2606Pkfns|Glhf\n|\n|t:|1682480729\n|start\n|switch|p1a: PlusUltra|Palafin, L50, M|100\/100\n|switch|p1b: Dogordito|Arcanine, L50, F|100\/100\n|switch|p2a: Maushold|Maushold, L50|100\/100\n|switch|p2b: Annihilape|Annihilape, L50, F|100\/100\n|-ability|p1b: Dogordito|Intimidate|boost\n|-unboost|p2a: Maushold|atk|1\n|-unboost|p2b: Annihilape|atk|1\n|-ability|p2b: Annihilape|Defiant|boost\n|-boost|p2b: Annihilape|atk|2\n|turn|1\n|\n|t:|1682480759\n|-terastallize|p2b: Annihilape|Water\n|move|p1b: Dogordito|Extreme Speed|p2a: Maushold\n|-damage|p2a: Maushold|73\/100\n|move|p2a: Maushold|Super Fang|p1b: Dogordito\n|-damage|p1b: Dogordito|50\/100\n|move|p1a: PlusUltra|Wave Crash|p2a: Maushold\n|-damage|p2a: Maushold|3\/100\n|-damage|p1a: PlusUltra|76\/100|[from] Recoil\n|move|p2b: Annihilape|Bulk Up|p2b: Annihilape\n|-boost|p2b: Annihilape|atk|1\n|-boost|p2b: Annihilape|def|1\n|\n|upkeep\n|turn|2\n|inactive|Battle timer is ON: inactive players will automatically lose when time's up. (requested by anshar_training)\n|inactiveoff|Battle timer is now OFF.\n|\n|t:|1682480815\n|move|p1b: Dogordito|Extreme Speed|p2a: Maushold\n|-damage|p2a: Maushold|0 fnt\n|faint|p2a: Maushold\n|move|p1a: PlusUltra|Haze|p1a: PlusUltra\n|-clearallboost\n|move|p2b: Annihilape|Rage Fist|p1b: Dogordito\n|-damage|p1b: Dogordito|21\/100\n|\n|upkeep\n|\n|t:|1682480831\n|switch|p2a: Arcanine|Arcanine, L50, F|100\/100\n|-ability|p2a: Arcanine|Intimidate|boost\n|-unboost|p1a: PlusUltra|atk|1\n|-unboost|p1b: Dogordito|atk|1\n|turn|3\n|\n|t:|1682480858\n|move|p1b: Dogordito|Protect|p1b: Dogordito\n|-singleturn|p1b: Dogordito|Protect\n|move|p1a: PlusUltra|Jet Punch|p2a: Arcanine\n|-supereffective|p2a: Arcanine\n|-damage|p2a: Arcanine|61\/100\n|move|p2a: Arcanine|Will-O-Wisp|p1a: PlusUltra\n|-status|p1a: PlusUltra|brn\n|move|p2b: Annihilape|Bulk Up|p2b: Annihilape\n|-boost|p2b: Annihilape|atk|1\n|-boost|p2b: Annihilape|def|1\n|\n|-heal|p2a: Arcanine|67\/100|[from] item: Leftovers\n|-damage|p1a: PlusUltra|71\/100 brn|[from] brn\n|upkeep\n|turn|4\n|\n|t:|1682480889\n|switch|p2a: Ting-Lu|Ting-Lu, L50|100\/100\n|-ability|p2a: Ting-Lu|Vessel of Ruin\n|move|p1a: PlusUltra|Haze|p1a: PlusUltra\n|-clearallboost\n|move|p1b: Dogordito|Will-O-Wisp|p2b: Annihilape\n|-status|p2b: Annihilape|brn\n|move|p2b: Annihilape|Drain Punch|p1b: Dogordito\n|-damage|p1b: Dogordito|0 fnt\n|faint|p1b: Dogordito\n|\n|-damage|p1a: PlusUltra|65\/100 brn|[from] brn\n|-damage|p2b: Annihilape|95\/100 brn|[from] brn\n|upkeep\n|\n|t:|1682480910\n|switch|p1b: SusAna|Amoonguss, L50, F|100\/100\n|turn|5\n|\n|t:|1682480931\n|detailschange|p1a: PlusUltra|Palafin-Hero, L50, M\n|switch|p1a: Elena|Flutter Mane, L50|100\/100\n|-enditem|p1a: Elena|Booster Energy\n|-activate|p1a: Elena|ability: Protosynthesis|[fromitem]\n|-start|p1a: Elena|protosynthesisspe\n|move|p2b: Annihilape|Drain Punch|p1a: Elena\n|-immune|p1a: Elena\n|move|p2a: Ting-Lu|Stomping Tantrum|p1b: SusAna\n|-damage|p1b: SusAna|62\/100\n|move|p1b: SusAna|Spore|p2b: Annihilape\n|-activate|p2b: Annihilape|item: Safety Goggles|Spore\n|\n|-damage|p2b: Annihilape|89\/100 brn|[from] brn\n|upkeep\n|turn|6\n|\n|t:|1682480965\n|move|p1a: Elena|Protect|p1a: Elena\n|-singleturn|p1a: Elena|Protect\n|move|p2b: Annihilape|Rage Fist|p1a: Elena\n|-activate|p1a: Elena|move: Protect\n|move|p2a: Ting-Lu|Heavy Slam|p1a: Elena\n|-activate|p1a: Elena|move: Protect\n|move|p1b: SusAna|Spore|p2a: Ting-Lu\n|-status|p2a: Ting-Lu|slp|[from] move: Spore\n|\n|-damage|p2b: Annihilape|83\/100 brn|[from] brn\n|upkeep\n|turn|7\n|\n|t:|1682480994\n|switch|p1b: PlusUltra|Palafin-Hero, L50, M|65\/100 brn\n|-activate|p1b: PlusUltra|ability: Zero to Hero\n|move|p1a: Elena|Moonblast|p2a: Ting-Lu\n|-supereffective|p2a: Ting-Lu\n|-damage|p2a: Ting-Lu|55\/100 slp\n|-unboost|p2a: Ting-Lu|spa|1\n|move|p2b: Annihilape|Rage Fist|p1b: PlusUltra\n|-damage|p1b: PlusUltra|51\/100 brn\n|cant|p2a: Ting-Lu|slp\n|\n|-damage|p1b: PlusUltra|45\/100 brn|[from] brn\n|-damage|p2b: Annihilape|77\/100 brn|[from] brn\n|upkeep\n|turn|8\n|\n|t:|1682481032\n|move|p1b: PlusUltra|Jet Punch|p2a: Ting-Lu\n|-supereffective|p2a: Ting-Lu\n|-damage|p2a: Ting-Lu|32\/100 slp\n|move|p1a: Elena|Moonblast|p2a: Ting-Lu\n|-supereffective|p2a: Ting-Lu\n|-damage|p2a: Ting-Lu|0 fnt\n|faint|p2a: Ting-Lu\n|move|p2b: Annihilape|Rage Fist|p1a: Elena\n|-supereffective|p1a: Elena\n|-damage|p1a: Elena|40\/100\n|\n|-damage|p1b: PlusUltra|39\/100 brn|[from] brn\n|-damage|p2b: Annihilape|71\/100 brn|[from] brn\n|upkeep\n|\n|t:|1682481042\n|switch|p2a: Arcanine|Arcanine, L50, F|67\/100\n|-ability|p2a: Arcanine|Intimidate|boost\n|-unboost|p1a: Elena|atk|1\n|-unboost|p1b: PlusUltra|atk|1\n|turn|9\n|\n|t:|1682481076\n|-end|p1a: Elena|Protosynthesis|[silent]\n|switch|p1a: SusAna|Amoonguss, L50, F|95\/100\n|-terastallize|p1b: PlusUltra|Water\n|move|p2a: Arcanine|Extreme Speed|p1b: PlusUltra\n|-damage|p1b: PlusUltra|12\/100 brn\n|move|p1b: PlusUltra|Jet Punch|p2a: Arcanine\n|-supereffective|p2a: Arcanine\n|-crit|p2a: Arcanine\n|-damage|p2a: Arcanine|0 fnt\n|faint|p2a: Arcanine\n|move|p2b: Annihilape|Rage Fist|p1a: SusAna\n|-damage|p1a: SusAna|81\/100\n|\n|-damage|p1b: PlusUltra|6\/100 brn|[from] brn\n|-damage|p2b: Annihilape|65\/100 brn|[from] brn\n|upkeep\n|turn|10\n|\n|t:|1682481102\n|move|p2b: Annihilape|Protect|p2b: Annihilape\n|-singleturn|p2b: Annihilape|Protect\n|move|p1a: SusAna|Rage Powder|p1a: SusAna\n|-singleturn|p1a: SusAna|move: Rage Powder\n|move|p1b: PlusUltra|Wave Crash|p2b: Annihilape\n|-activate|p2b: Annihilape|move: Protect\n|\n|-damage|p1b: PlusUltra|0 fnt|[from] brn\n|faint|p1b: PlusUltra\n|-damage|p2b: Annihilape|59\/100 brn|[from] brn\n|upkeep\n|\n|t:|1682481115\n|switch|p1b: Elena|Flutter Mane, L50|40\/100\n|turn|11\n|\n|t:|1682481130\n|move|p1a: SusAna|Rage Powder|p1a: SusAna\n|-singleturn|p1a: SusAna|move: Rage Powder\n|move|p1b: Elena|Moonblast|p2b: Annihilape\n|-damage|p2b: Annihilape|14\/100 brn\n|move|p2b: Annihilape|Rage Fist|p1b: Elena\n|-supereffective|p1b: Elena\n|-crit|p1b: Elena\n|-damage|p1b: Elena|0 fnt\n|faint|p1b: Elena\n|-end|p1b: Elena|Protosynthesis|[silent]\n|\n|-damage|p2b: Annihilape|8\/100 brn|[from] brn\n|upkeep\n|turn|12\n|\n|t:|1682481151\n|move|p1a: SusAna|Protect|p1a: SusAna\n|-singleturn|p1a: SusAna|Protect\n|move|p2b: Annihilape|Rage Fist|p1a: SusAna\n|-activate|p1a: SusAna|move: Protect\n|\n|-damage|p2b: Annihilape|2\/100 brn|[from] brn\n|upkeep\n|turn|13\n|c|\u2606Pkfns|Gg:)\n|\n|t:|1682481193\n|move|p1a: SusAna|Protect||[still]\n|-fail|p1a: SusAna\n|move|p2b: Annihilape|Rage Fist|p1a: SusAna\n|-damage|p1a: SusAna|53\/100\n|\n|-damage|p2b: Annihilape|0 fnt|[from] brn\n|faint|p2b: Annihilape\n|\n|win|anshar_training\n|upkeep\n|raw|anshar_training's rating: 1187 → 1205<\/strong> (+18 for winning)\n|raw|Pkfns's rating: 1092 → 1075<\/strong> (-17 for losing)\n|l|\u2606Pkfns\n","uploadtime":1682481210,"views":9,"p1id":"anshartraining","p2id":"pkfns","formatid":"gen9vgc2023regulationc","rating":1075,"private":0,"password":""}