{"id":"gen9vgc2023regulationc-1859178283","p1":"Arcacagne","p2":"Teo-8r2","format":"[Gen 9] VGC 2023 Regulation C","log":"|j|\u2606Arcacagne\n|j|\u2606Teo-8r2\n|t:|1683414147\n|gametype|doubles\n|player|p1|Arcacagne|170|1341\n|player|p2|Teo-8r2|hilbert-wonderlauncher|1376\n|teamsize|p1|6\n|teamsize|p2|6\n|gen|9\n|tier|[Gen 9] VGC 2023 Regulation C\n|rated|\n|rule|Species Clause: Limit one of each Pok\u00e9mon\n|rule|Item Clause: Limit one of each item\n|clearpoke\n|poke|p1|Abomasnow, L50, M|\n|poke|p1|Iron Bundle, L50|\n|poke|p1|Rotom-Heat, L50|\n|poke|p1|Amoonguss, L50, F|\n|poke|p1|Iron Hands, L50|\n|poke|p1|Ting-Lu, L50|\n|poke|p2|Sableye, L50, M|\n|poke|p2|Garchomp, L50, F|\n|poke|p2|Gyarados, L50, M|\n|poke|p2|Orthworm, L50, M|\n|poke|p2|Amoonguss, L50, F|\n|poke|p2|Chi-Yu, L50|\n|teampreview|4\n|inactive|Battle timer is ON: inactive players will automatically lose when time's up. (requested by Teo-8r2)\n|\n|t:|1683414176\n|start\n|switch|p1a: Abomasnow|Abomasnow, L50, M|100\/100\n|switch|p1b: Iron Hands|Iron Hands, L50|100\/100\n|switch|p2a: \ud590\ubca0\uc838\ub31c|Sableye, L50, M|100\/100\n|switch|p2b: \ud14c\uc7ac\u3154\ubcbc\uc81c|Chi-Yu, L50|100\/100\n|-ability|p2b: \ud14c\uc7ac\u3154\ubcbc\uc81c|Beads of Ruin\n|-weather|Snow|[from] ability: Snow Warning|[of] p1a: Abomasnow\n|turn|1\n|inactive|Arcacagne has 30 seconds left.\n|\n|t:|1683414202\n|move|p2b: \ud14c\uc7ac\u3154\ubcbc\uc81c|Protect|p2b: \ud14c\uc7ac\u3154\ubcbc\uc81c\n|-singleturn|p2b: \ud14c\uc7ac\u3154\ubcbc\uc81c|Protect\n|move|p1b: Iron Hands|Fake Out|p2b: \ud14c\uc7ac\u3154\ubcbc\uc81c\n|-activate|p2b: \ud14c\uc7ac\u3154\ubcbc\uc81c|move: Protect\n|move|p2a: \ud590\ubca0\uc838\ub31c|Will-O-Wisp|p1b: Iron Hands\n|-status|p1b: Iron Hands|brn\n|move|p1a: Abomasnow|Aurora Veil|p1a: Abomasnow\n|-sidestart|p1: Arcacagne|move: Aurora Veil\n|\n|-weather|Snow|[upkeep]\n|-damage|p1b: Iron Hands|94\/100 brn|[from] brn\n|upkeep\n|turn|2\n|\n|t:|1683414221\n|-terastallize|p1a: Abomasnow|Water\n|move|p2b: \ud14c\uc7ac\u3154\ubcbc\uc81c|Heat Wave|p1a: Abomasnow|[spread] p1a,p1b\n|-resisted|p1a: Abomasnow\n|-damage|p1a: Abomasnow|79\/100\n|-damage|p1b: Iron Hands|73\/100 brn\n|-damage|p2b: \ud14c\uc7ac\u3154\ubcbc\uc81c|91\/100|[from] item: Life Orb\n|move|p1a: Abomasnow|Blizzard|p2b: \ud14c\uc7ac\u3154\ubcbc\uc81c|[spread] p2a,p2b\n|-resisted|p2b: \ud14c\uc7ac\u3154\ubcbc\uc81c\n|-damage|p2a: \ud590\ubca0\uc838\ub31c|43\/100\n|-damage|p2b: \ud14c\uc7ac\u3154\ubcbc\uc81c|73\/100\n|move|p1b: Iron Hands|Drain Punch|p2b: \ud14c\uc7ac\u3154\ubcbc\uc81c\n|-supereffective|p2b: \ud14c\uc7ac\u3154\ubcbc\uc81c\n|-damage|p2b: \ud14c\uc7ac\u3154\ubcbc\uc81c|12\/100\n|-heal|p1b: Iron Hands|91\/100 brn|[from] drain|[of] p2b: \ud14c\uc7ac\u3154\ubcbc\uc81c\n|move|p2a: \ud590\ubca0\uc838\ub31c|Foul Play|p1a: Abomasnow\n|-damage|p1a: Abomasnow|61\/100\n|\n|-weather|Snow|[upkeep]\n|-damage|p1b: Iron Hands|85\/100 brn|[from] brn\n|upkeep\n|turn|3\n|\n|t:|1683414241\n|switch|p2a: \ub370\uac1c\ubca0\ub8cc|Gyarados, L50, M, shiny|100\/100\n|-ability|p2a: \ub370\uac1c\ubca0\ub8cc|Intimidate|boost\n|-unboost|p1a: Abomasnow|atk|1\n|-unboost|p1b: Iron Hands|atk|1\n|move|p2b: \ud14c\uc7ac\u3154\ubcbc\uc81c|Snarl|p1b: Iron Hands|[spread] p1a,p1b\n|-resisted|p1b: Iron Hands\n|-damage|p1a: Abomasnow|36\/100\n|-damage|p1b: Iron Hands|79\/100 brn\n|-unboost|p1a: Abomasnow|spa|1\n|-unboost|p1b: Iron Hands|spa|1\n|-damage|p2b: \ud14c\uc7ac\u3154\ubcbc\uc81c|3\/100|[from] item: Life Orb\n|move|p1a: Abomasnow|Blizzard|p2a: \ub370\uac1c\ubca0\ub8cc|[spread] p2a,p2b\n|-resisted|p2b: \ud14c\uc7ac\u3154\ubcbc\uc81c\n|-damage|p2a: \ub370\uac1c\ubca0\ub8cc|72\/100\n|-damage|p2b: \ud14c\uc7ac\u3154\ubcbc\uc81c|0 fnt\n|faint|p2b: \ud14c\uc7ac\u3154\ubcbc\uc81c\n|move|p1b: Iron Hands|Volt Switch|p2a: \ub370\uac1c\ubca0\ub8cc\n|-supereffective|p2a: \ub370\uac1c\ubca0\ub8cc\n|-damage|p2a: \ub370\uac1c\ubca0\ub8cc|40\/100\n|\n|t:|1683414257\n|-end|p1b: Iron Hands|Quark Drive|[silent]\n|switch|p1b: Iron Bundle|Iron Bundle, L50|100\/100|[from] Volt Switch\n|-enditem|p1b: Iron Bundle|Booster Energy\n|-activate|p1b: Iron Bundle|ability: Quark Drive|[fromitem]\n|-start|p1b: Iron Bundle|quarkdrivespe\n|\n|-weather|Snow|[upkeep]\n|upkeep\n|\n|t:|1683414262\n|switch|p2b: \ud590\ubca0\uc838\ub31c|Sableye, L50, M|43\/100\n|turn|4\n|\n|t:|1683414271\n|switch|p1a: Iron Hands|Iron Hands, L50|79\/100 brn\n|move|p2b: \ud590\ubca0\uc838\ub31c|Fake Out|p1b: Iron Bundle\n|-damage|p1b: Iron Bundle|97\/100\n|cant|p1b: Iron Bundle|flinch\n|move|p2a: \ub370\uac1c\ubca0\ub8cc|Thunder Wave|p1b: Iron Bundle|[miss]\n|-miss|p2a: \ub370\uac1c\ubca0\ub8cc|p1b: Iron Bundle\n|\n|-weather|Snow|[upkeep]\n|-damage|p1a: Iron Hands|73\/100 brn|[from] brn\n|upkeep\n|turn|5\n|inactive|Teo-8r2 has 30 seconds left.\n|\n|t:|1683414303\n|switch|p2b: \ub798\ubca0\uc7c8\ub300\ub798|Garchomp, L50, F, shiny|100\/100\n|move|p1b: Iron Bundle|Protect|p1b: Iron Bundle\n|-singleturn|p1b: Iron Bundle|Protect\n|move|p2a: \ub370\uac1c\ubca0\ub8cc|Protect|p2a: \ub370\uac1c\ubca0\ub8cc\n|-singleturn|p2a: \ub370\uac1c\ubca0\ub8cc|Protect\n|move|p1a: Iron Hands|Wild Charge|p2a: \ub370\uac1c\ubca0\ub8cc\n|-activate|p2a: \ub370\uac1c\ubca0\ub8cc|move: Protect\n|\n|-weather|none\n|-damage|p1a: Iron Hands|66\/100 brn|[from] brn\n|upkeep\n|turn|6\n|inactive|Teo-8r2 has 30 seconds left.\n|\n|t:|1683414328\n|-end|p1a: Iron Hands|Quark Drive|[silent]\n|switch|p1a: Abomasnow|Abomasnow, L50, M, tera:Water|36\/100\n|-weather|Snow|[from] ability: Snow Warning|[of] p1a: Abomasnow\n|-terastallize|p2b: \ub798\ubca0\uc7c8\ub300\ub798|Water\n|move|p1b: Iron Bundle|Blizzard|p2a: \ub370\uac1c\ubca0\ub8cc|[spread] p2a,p2b\n|-resisted|p2b: \ub798\ubca0\uc7c8\ub300\ub798\n|-damage|p2a: \ub370\uac1c\ubca0\ub8cc|10\/100\n|-damage|p2b: \ub798\ubca0\uc7c8\ub300\ub798|82\/100\n|move|p2b: \ub798\ubca0\uc7c8\ub300\ub798|Swords Dance|p2b: \ub798\ubca0\uc7c8\ub300\ub798\n|-boost|p2b: \ub798\ubca0\uc7c8\ub300\ub798|atk|2\n|move|p2a: \ub370\uac1c\ubca0\ub8cc|Thunder Wave|p1b: Iron Bundle\n|-status|p1b: Iron Bundle|par\n|\n|-weather|Snow|[upkeep]\n|upkeep\n|turn|7\n|\n|t:|1683414348\n|move|p2b: \ub798\ubca0\uc7c8\ub300\ub798|Protect|p2b: \ub798\ubca0\uc7c8\ub300\ub798\n|-singleturn|p2b: \ub798\ubca0\uc7c8\ub300\ub798|Protect\n|move|p1b: Iron Bundle|Icy Wind|p2a: \ub370\uac1c\ubca0\ub8cc|[spread] p2a\n|-activate|p2b: \ub798\ubca0\uc7c8\ub300\ub798|move: Protect\n|-damage|p2a: \ub370\uac1c\ubca0\ub8cc|0 fnt\n|faint|p2a: \ub370\uac1c\ubca0\ub8cc\n|move|p1a: Abomasnow|Energy Ball|p2b: \ub798\ubca0\uc7c8\ub300\ub798\n|-activate|p2b: \ub798\ubca0\uc7c8\ub300\ub798|move: Protect\n|\n|-weather|Snow|[upkeep]\n|upkeep\n|\n|t:|1683414358\n|switch|p2a: \ud590\ubca0\uc838\ub31c|Sableye, L50, M|43\/100\n|turn|8\n|\n|t:|1683414372\n|move|p1a: Abomasnow|Protect|p1a: Abomasnow\n|-singleturn|p1a: Abomasnow|Protect\n|move|p2a: \ud590\ubca0\uc838\ub31c|Fake Out|p1a: Abomasnow\n|-activate|p1a: Abomasnow|move: Protect\n|move|p2b: \ub798\ubca0\uc7c8\ub300\ub798|Rock Slide|p1b: Iron Bundle|[spread] p1b\n|-activate|p1a: Abomasnow|move: Protect\n|-supereffective|p1b: Iron Bundle\n|-damage|p1b: Iron Bundle|60\/100 par\n|cant|p1b: Iron Bundle|par\n|\n|-weather|Snow|[upkeep]\n|-sideend|p1: Arcacagne|move: Aurora Veil\n|upkeep\n|turn|9\n|inactive|Arcacagne has 30 seconds left.\n|inactive|Teo-8r2 has 30 seconds left.\n|\n|t:|1683414399\n|switch|p1a: Ting-Lu|Ting-Lu, L50|100\/100\n|-ability|p1a: Ting-Lu|Vessel of Ruin\n|move|p2b: \ub798\ubca0\uc7c8\ub300\ub798|Rock Slide|p1a: Ting-Lu|[spread] p1a,p1b\n|-resisted|p1a: Ting-Lu\n|-supereffective|p1b: Iron Bundle\n|-crit|p1b: Iron Bundle\n|-damage|p1a: Ting-Lu|89\/100\n|-damage|p1b: Iron Bundle|0 fnt\n|faint|p1b: Iron Bundle\n|-end|p1b: Iron Bundle|Quark Drive|[silent]\n|move|p2a: \ud590\ubca0\uc838\ub31c|Foul Play|p1a: Ting-Lu\n|-resisted|p1a: Ting-Lu\n|-damage|p1a: Ting-Lu|76\/100\n|\n|-weather|Snow|[upkeep]\n|upkeep\n|\n|t:|1683414419\n|switch|p1b: Iron Hands|Iron Hands, L50|66\/100 brn\n|turn|10\n|\n|t:|1683414441\n|move|p2b: \ub798\ubca0\uc7c8\ub300\ub798|Protect|p2b: \ub798\ubca0\uc7c8\ub300\ub798\n|-singleturn|p2b: \ub798\ubca0\uc7c8\ub300\ub798|Protect\n|move|p1b: Iron Hands|Fake Out|p2b: \ub798\ubca0\uc7c8\ub300\ub798\n|-activate|p2b: \ub798\ubca0\uc7c8\ub300\ub798|move: Protect\n|move|p2a: \ud590\ubca0\uc838\ub31c|Foul Play|p1a: Ting-Lu\n|-resisted|p1a: Ting-Lu\n|-damage|p1a: Ting-Lu|65\/100\n|move|p1a: Ting-Lu|Heavy Slam|p2a: \ud590\ubca0\uc838\ub31c\n|-damage|p2a: \ud590\ubca0\uc838\ub31c|0 fnt\n|faint|p2a: \ud590\ubca0\uc838\ub31c\n|\n|-weather|none\n|-damage|p1b: Iron Hands|60\/100 brn|[from] brn\n|upkeep\n|turn|11\n|inactive|Arcacagne has 30 seconds left.\n|\n|t:|1683414468\n|move|p2b: \ub798\ubca0\uc7c8\ub300\ub798|Earthquake|p1b: Iron Hands|[spread] p1a,p1b\n|-supereffective|p1b: Iron Hands\n|-damage|p1a: Ting-Lu|21\/100\n|-damage|p1b: Iron Hands|0 fnt\n|faint|p1b: Iron Hands\n|-end|p1b: Iron Hands|Quark Drive|[silent]\n|move|p1a: Ting-Lu|Taunt|p2b: \ub798\ubca0\uc7c8\ub300\ub798\n|-start|p2b: \ub798\ubca0\uc7c8\ub300\ub798|move: Taunt\n|\n|upkeep\n|\n|t:|1683414475\n|switch|p1b: Abomasnow|Abomasnow, L50, M, tera:Water|36\/100\n|-weather|Snow|[from] ability: Snow Warning|[of] p1b: Abomasnow\n|turn|12\n|\n|t:|1683414482\n|move|p2b: \ub798\ubca0\uc7c8\ub300\ub798|Earthquake|p1a: Ting-Lu|[spread] p1a,p1b\n|-damage|p1a: Ting-Lu|0 fnt\n|-damage|p1b: Abomasnow|0 fnt\n|faint|p1a: Ting-Lu\n|faint|p1b: Abomasnow\n|\n|win|Teo-8r2\n|raw|Arcacagne's rating: 1341 → 1323<\/strong> (-18 for losing)\n|raw|Teo-8r2's rating: 1376 → 1394<\/strong> (+18 for winning)\n","uploadtime":1683414492,"views":7,"p1id":"arcacagne","p2id":"teo8r2","formatid":"gen9vgc2023regulationc","rating":1323,"private":0,"password":""}