{"id":"gen9vgc2023regulationc-1853203096","p1":"Kirozvz","p2":"Novacast","format":"[Gen 9] VGC 2023 Regulation C","log":"|j|\u2606Kirozvz\n|j|\u2606Novacast\n|t:|1682648087\n|gametype|doubles\n|player|p1|Kirozvz|lance|1184\n|player|p2|Novacast|mars|1281\n|teamsize|p1|6\n|teamsize|p2|6\n|gen|9\n|tier|[Gen 9] VGC 2023 Regulation C\n|rated|\n|rule|Species Clause: Limit one of each Pok\u00e9mon\n|rule|Item Clause: Limit one of each item\n|clearpoke\n|poke|p1|Dondozo, L50, M|\n|poke|p1|Tatsugiri-Stretchy, L50, F|\n|poke|p1|Chi-Yu, L50|\n|poke|p1|Flutter Mane, L50|\n|poke|p1|Dragonite, L50, M|\n|poke|p1|Glimmora, L50, M|\n|poke|p2|Grimmsnarl, L50, M|\n|poke|p2|Annihilape, L50, F|\n|poke|p2|Ting-Lu, L50|\n|poke|p2|Amoonguss, L50, F|\n|poke|p2|Talonflame, L50, F|\n|poke|p2|Iron Bundle, L50|\n|teampreview|4\n|\n|t:|1682648109\n|start\n|switch|p1a: Glimmora|Glimmora, L50, M|100\/100\n|switch|p1b: Tatsugiri|Tatsugiri-Stretchy, L50, F|100\/100\n|switch|p2a: Annihilape|Annihilape, L50, F|100\/100\n|switch|p2b: Grimmsnarl|Grimmsnarl, L50, M|100\/100\n|turn|1\n|\n|t:|1682648121\n|move|p2b: Grimmsnarl|Light Screen|p2b: Grimmsnarl\n|-sidestart|p2: Novacast|move: Light Screen\n|move|p1a: Glimmora|Toxic|p2a: Annihilape\n|-status|p2a: Annihilape|tox\n|move|p2a: Annihilape|Bulk Up|p2a: Annihilape\n|-boost|p2a: Annihilape|atk|1\n|-boost|p2a: Annihilape|def|1\n|move|p1b: Tatsugiri|Draco Meteor|p2a: Annihilape\n|-crit|p2a: Annihilape\n|-damage|p2a: Annihilape|0 fnt\n|-unboost|p1b: Tatsugiri|spa|2\n|faint|p2a: Annihilape\n|\n|upkeep\n|\n|t:|1682648132\n|switch|p2a: Iron Bundle|Iron Bundle, L50|100\/100\n|-enditem|p2a: Iron Bundle|Booster Energy\n|-activate|p2a: Iron Bundle|ability: Quark Drive|[fromitem]\n|-start|p2a: Iron Bundle|quarkdrivespe\n|turn|2\n|\n|t:|1682648143\n|switch|p1b: Dondozo|Dondozo, L50, M|100\/100\n|move|p2b: Grimmsnarl|Parting Shot|p1a: Glimmora\n|-unboost|p1a: Glimmora|atk|1\n|-unboost|p1a: Glimmora|spa|1\n|\n|t:|1682648148\n|switch|p2b: Talonflame|Talonflame, L50, F|100\/100|[from] Parting Shot\n|move|p2a: Iron Bundle|Freeze-Dry|p1a: Glimmora\n|-damage|p1a: Glimmora|50\/100\n|move|p1a: Glimmora|Toxic|p2b: Talonflame\n|-status|p2b: Talonflame|tox\n|\n|-damage|p2b: Talonflame|95\/100 tox|[from] psn\n|upkeep\n|turn|3\n|\n|t:|1682648166\n|move|p2a: Iron Bundle|Freeze-Dry|p1a: Glimmora\n|-damage|p1a: Glimmora|0 fnt\n|faint|p1a: Glimmora\n|move|p2b: Talonflame|Will-O-Wisp|p1b: Dondozo|[miss]\n|-miss|p2b: Talonflame|p1b: Dondozo\n|move|p1b: Dondozo|Yawn|p2a: Iron Bundle\n|-start|p2a: Iron Bundle|move: Yawn|[of] p1b: Dondozo\n|\n|-damage|p2b: Talonflame|83\/100 tox|[from] psn\n|upkeep\n|\n|t:|1682648181\n|switch|p1a: Tatsugiri|Tatsugiri-Stretchy, L50, F|100\/100\n|turn|4\n|\n|t:|1682648191\n|-end|p2a: Iron Bundle|Quark Drive|[silent]\n|switch|p2a: Grimmsnarl|Grimmsnarl, L50, M|100\/100\n|-terastallize|p1a: Tatsugiri|Ghost\n|move|p2b: Talonflame|Will-O-Wisp|p1b: Dondozo\n|-status|p1b: Dondozo|brn\n|move|p1a: Tatsugiri|Muddy Water|p2b: Talonflame|[spread] p2a,p2b\n|-supereffective|p2b: Talonflame\n|-crit|p2b: Talonflame\n|-damage|p2a: Grimmsnarl|66\/100\n|-damage|p2b: Talonflame|0 fnt\n|faint|p2b: Talonflame\n|move|p1b: Dondozo|Wave Crash|p1a: Tatsugiri\n|-activate|p1a: Tatsugiri|ability: Storm Drain\n|-ability|p1a: Tatsugiri|Storm Drain|boost\n|-boost|p1a: Tatsugiri|spa|1\n|\n|-damage|p1b: Dondozo|94\/100 brn|[from] brn\n|upkeep\n|\n|t:|1682648203\n|switch|p2b: Iron Bundle|Iron Bundle, L50|100\/100\n|turn|5\n|\n|t:|1682648221\n|move|p2b: Iron Bundle|Protect|p2b: Iron Bundle\n|-singleturn|p2b: Iron Bundle|Protect\n|move|p1a: Tatsugiri|Muddy Water|p2b: Iron Bundle|[spread] p2a\n|-activate|p2b: Iron Bundle|move: Protect\n|-damage|p2a: Grimmsnarl|16\/100\n|move|p2a: Grimmsnarl|Spirit Break|p1a: Tatsugiri\n|-damage|p1a: Tatsugiri|56\/100\n|-unboost|p1a: Tatsugiri|spa|1\n|move|p1b: Dondozo|Yawn|p2a: Grimmsnarl\n|-start|p2a: Grimmsnarl|move: Yawn|[of] p1b: Dondozo\n|\n|-damage|p1b: Dondozo|88\/100 brn|[from] brn\n|upkeep\n|turn|6\n|\n|t:|1682648241\n|move|p2a: Grimmsnarl|Parting Shot|p1b: Dondozo\n|-unboost|p1b: Dondozo|atk|1\n|-unboost|p1b: Dondozo|spa|1\n|move|p2b: Iron Bundle|Freeze-Dry|p1a: Tatsugiri\n|-damage|p1a: Tatsugiri|16\/100\n|move|p1a: Tatsugiri|Muddy Water|p2b: Iron Bundle|[spread] p2a,p2b\n|-resisted|p2b: Iron Bundle\n|-crit|p2b: Iron Bundle\n|-damage|p2a: Grimmsnarl|0 fnt\n|-damage|p2b: Iron Bundle|13\/100\n|faint|p2a: Grimmsnarl\n|move|p1b: Dondozo|Yawn|p2b: Iron Bundle\n|-start|p2b: Iron Bundle|move: Yawn|[of] p1b: Dondozo\n|\n|-damage|p1b: Dondozo|82\/100 brn|[from] brn\n|upkeep\n|turn|7\n|-message|Novacast forfeited.\n|\n|win|Kirozvz\n|raw|Kirozvz's rating: 1184 → 1216<\/strong> (+32 for winning)\n|raw|Novacast's rating: 1281 → 1249<\/strong> (-32 for losing)\n|l|\u2606Novacast\n","uploadtime":1682648255,"views":5,"p1id":"kirozvz","p2id":"novacast","formatid":"gen9vgc2023regulationc","rating":1216,"private":0,"password":""}