{"id":"gen9vgc2023regulationc-1863569073","p1":"RocketRoad","p2":"Justdemian","format":"[Gen 9] VGC 2023 Regulation C","log":"|j|\u2606RocketRoad\n|j|\u2606Justdemian\n|t:|1684035727\n|gametype|doubles\n|player|p1|RocketRoad|bugcatcher-gen4dp|1113\n|player|p2|Justdemian|265|1111\n|teamsize|p1|6\n|teamsize|p2|6\n|gen|9\n|tier|[Gen 9] VGC 2023 Regulation C\n|rated|\n|rule|Species Clause: Limit one of each Pok\u00e9mon\n|rule|Item Clause: Limit one of each item\n|clearpoke\n|poke|p1|Rabsca, L50, M|\n|poke|p1|Forretress, L50, M|\n|poke|p1|Frosmoth, L50, M|\n|poke|p1|Heracross, L50, F|\n|poke|p1|Vivillon, L50, M|\n|poke|p1|Volcarona, L50, F|\n|poke|p2|Palafin, L50, M|\n|poke|p2|Flutter Mane, L50|\n|poke|p2|Arcanine, L50, F|\n|poke|p2|Ting-Lu, L50|\n|poke|p2|Amoonguss, L50, F|\n|poke|p2|Kingambit, L50, F|\n|teampreview|4\n|inactive|Battle timer is ON: inactive players will automatically lose when time's up. (requested by Justdemian)\n|inactive|RocketRoad has 60 seconds left.\n|\n|t:|1684035764\n|start\n|switch|p1a: Rabsca|Rabsca, L50, M|100\/100\n|switch|p1b: Forretress|Forretress, L50, M|100\/100\n|switch|p2a: Kingambit|Kingambit, L50, F|100\/100\n|switch|p2b: Arcanine|Arcanine, L50, F|100\/100\n|-ability|p2b: Arcanine|Intimidate|boost\n|-unboost|p1a: Rabsca|atk|1\n|-unboost|p1b: Forretress|atk|1\n|turn|1\n|inactive|RocketRoad has 30 seconds left.\n|inactive|Justdemian has 30 seconds left.\n|\n|t:|1684035793\n|-terastallize|p1a: Rabsca|Rock\n|move|p2a: Kingambit|Protect|p2a: Kingambit\n|-singleturn|p2a: Kingambit|Protect\n|move|p1b: Forretress|Protect|p1b: Forretress\n|-singleturn|p1b: Forretress|Protect\n|move|p2b: Arcanine|Howl|p2b: Arcanine|[spread] p2a,p2b\n|-boost|p2a: Kingambit|atk|1\n|-boost|p2b: Arcanine|atk|1\n|move|p1a: Rabsca|Trick Room|p1a: Rabsca\n|-fieldstart|move: Trick Room|[of] p1a: Rabsca\n|\n|upkeep\n|turn|2\n|inactive|Justdemian has 30 seconds left.\n|\n|t:|1684035827\n|move|p2a: Kingambit|Sucker Punch|p1a: Rabsca\n|-damage|p1a: Rabsca|40\/100\n|move|p1a: Rabsca|Power Gem|p2b: Arcanine\n|-supereffective|p2b: Arcanine\n|-damage|p2b: Arcanine|40\/100\n|move|p1b: Forretress|Body Press|p2a: Kingambit\n|-supereffective|p2a: Kingambit\n|-damage|p2a: Kingambit|2\/100\n|move|p2b: Arcanine|Flare Blitz|p1b: Forretress\n|-supereffective|p1b: Forretress\n|-ability|p1b: Forretress|Sturdy\n|-damage|p1b: Forretress|1\/100\n|-damage|p2b: Arcanine|14\/100|[from] Recoil\n|\n|upkeep\n|turn|3\n|inactive|RocketRoad has 30 seconds left.\n|inactive|RocketRoad has 20 seconds left.\n|inactive|RocketRoad has 15 seconds left.\n|\n|t:|1684035869\n|move|p2b: Arcanine|Extreme Speed|p1b: Forretress\n|-resisted|p1b: Forretress\n|-damage|p1b: Forretress|0 fnt\n|faint|p1b: Forretress\n|move|p2a: Kingambit|Sucker Punch||[still]\n|-fail|p2a: Kingambit\n|move|p1a: Rabsca|Trick Room|p1a: Rabsca\n|-fieldend|move: Trick Room\n|\n|upkeep\n|\n|t:|1684035877\n|switch|p1b: Volcarona|Volcarona, L50, F|100\/100\n|turn|4\n|\n|t:|1684035897\n|move|p2a: Kingambit|Protect|p2a: Kingambit\n|-singleturn|p2a: Kingambit|Protect\n|move|p1b: Volcarona|Quiver Dance|p1b: Volcarona\n|-boost|p1b: Volcarona|spa|1\n|-boost|p1b: Volcarona|spd|1\n|-boost|p1b: Volcarona|spe|1\n|move|p2b: Arcanine|Howl|p2b: Arcanine|[spread] p2a,p2b\n|-boost|p2a: Kingambit|atk|1\n|-boost|p2b: Arcanine|atk|1\n|move|p1a: Rabsca|Revival Blessing|p1a: Rabsca\n|-enditem|p1a: Rabsca|Leppa Berry|[eat]\n|-activate|p1a: Rabsca|item: Leppa Berry|Revival Blessing|[consumed]\n|\n|t:|1684035906\n|-heal|p1: Forretress|50\/100|[from] move: Revival Blessing\n|\n|upkeep\n|turn|5\n|\n|t:|1684035926\n|move|p2b: Arcanine|Extreme Speed|p1b: Volcarona\n|-damage|p1b: Volcarona|33\/100\n|move|p2a: Kingambit|Sucker Punch|p1a: Rabsca\n|-damage|p1a: Rabsca|0 fnt\n|faint|p1a: Rabsca\n|move|p1b: Volcarona|Heat Wave|p2b: Arcanine|[spread] p2a,p2b\n|-supereffective|p2a: Kingambit\n|-crit|p2a: Kingambit\n|-resisted|p2b: Arcanine\n|-damage|p2a: Kingambit|0 fnt\n|-damage|p2b: Arcanine|0 fnt\n|faint|p2a: Kingambit\n|faint|p2b: Arcanine\n|\n|-heal|p1b: Volcarona|39\/100|[from] item: Leftovers\n|upkeep\n|\n|t:|1684035944\n|switch|p2b: Ting-Lu|Ting-Lu, L50|100\/100\n|switch|p2a: Palafin|Palafin, L50, M|100\/100\n|switch|p1a: Vivillon|Vivillon, L50, M|100\/100\n|-ability|p2b: Ting-Lu|Vessel of Ruin\n|turn|6\n|\n|t:|1684035966\n|move|p1a: Vivillon|Rage Powder|p1a: Vivillon\n|-singleturn|p1a: Vivillon|move: Rage Powder\n|move|p1b: Volcarona|Heat Wave|p2a: Palafin|[spread] p2a,p2b\n|-resisted|p2a: Palafin\n|-damage|p2a: Palafin|71\/100\n|-damage|p2b: Ting-Lu|82\/100\n|-status|p2b: Ting-Lu|brn\n|move|p2a: Palafin|Haze|p2a: Palafin\n|-clearallboost\n|move|p2b: Ting-Lu|Stomping Tantrum|p1a: Vivillon\n|-immune|p1a: Vivillon\n|\n|-heal|p1b: Volcarona|45\/100|[from] item: Leftovers\n|-damage|p2b: Ting-Lu|76\/100 brn|[from] brn\n|upkeep\n|turn|7\n|\n|t:|1684035990\n|-terastallize|p2b: Ting-Lu|Grass\n|move|p1a: Vivillon|Rage Powder|p1a: Vivillon\n|-singleturn|p1a: Vivillon|move: Rage Powder\n|move|p1b: Volcarona|Heat Wave|p2b: Ting-Lu|[spread] p2a,p2b\n|-resisted|p2a: Palafin\n|-supereffective|p2b: Ting-Lu\n|-damage|p2a: Palafin|54\/100\n|-damage|p2b: Ting-Lu|49\/100 brn\n|move|p2a: Palafin|Wave Crash|p1a: Vivillon\n|-damage|p1a: Vivillon|6\/100\n|-damage|p2a: Palafin|30\/100|[from] Recoil\n|move|p2b: Ting-Lu|Stomping Tantrum|p1b: Volcarona\n|-damage|p1b: Volcarona|5\/100\n|\n|-heal|p1b: Volcarona|11\/100|[from] item: Leftovers\n|-damage|p2b: Ting-Lu|43\/100 brn|[from] brn\n|upkeep\n|turn|8\n|inactive|RocketRoad has 30 seconds left.\n|inactive|Justdemian has 30 seconds left.\n|\n|t:|1684036024\n|move|p2a: Palafin|Jet Punch|p1b: Volcarona\n|-supereffective|p1b: Volcarona\n|-damage|p1b: Volcarona|0 fnt\n|-status|p2a: Palafin|brn|[from] ability: Flame Body|[of] p1b: Volcarona\n|faint|p1b: Volcarona\n|move|p1a: Vivillon|Pollen Puff|p1: Volcarona|[notarget]\n|-fail|p1a: Vivillon\n|move|p2b: Ting-Lu|Stomping Tantrum|p1a: Vivillon\n|-immune|p1a: Vivillon\n|\n|-damage|p2a: Palafin|24\/100 brn|[from] brn\n|-damage|p2b: Ting-Lu|37\/100 brn|[from] brn\n|upkeep\n|\n|t:|1684036035\n|switch|p1b: Forretress|Forretress, L50, M|50\/100\n|turn|9\n|inactive|RocketRoad has 30 seconds left.\n|\n|t:|1684036060\n|move|p2a: Palafin|Jet Punch|p1a: Vivillon\n|-damage|p1a: Vivillon|0 fnt\n|faint|p1a: Vivillon\n|move|p2b: Ting-Lu|Stomping Tantrum|p1b: Forretress\n|-damage|p1b: Forretress|24\/100\n|move|p1b: Forretress|Body Press|p2b: Ting-Lu\n|-damage|p2b: Ting-Lu|15\/100 brn\n|\n|-damage|p2a: Palafin|18\/100 brn|[from] brn\n|-damage|p2b: Ting-Lu|9\/100 brn|[from] brn\n|upkeep\n|turn|10\n|\n|t:|1684036076\n|move|p1b: Forretress|Protect|p1b: Forretress\n|-singleturn|p1b: Forretress|Protect\n|move|p2a: Palafin|Wave Crash|p1b: Forretress\n|-activate|p1b: Forretress|move: Protect\n|move|p2b: Ting-Lu|Stomping Tantrum|p1b: Forretress\n|-activate|p1b: Forretress|move: Protect\n|\n|-damage|p2a: Palafin|13\/100 brn|[from] brn\n|-damage|p2b: Ting-Lu|3\/100 brn|[from] brn\n|upkeep\n|turn|11\n|\n|t:|1684036096\n|move|p1b: Forretress|Protect|p1b: Forretress\n|-singleturn|p1b: Forretress|Protect\n|move|p2a: Palafin|Wave Crash|p1b: Forretress\n|-activate|p1b: Forretress|move: Protect\n|move|p2b: Ting-Lu|Stomping Tantrum|p1b: Forretress\n|-activate|p1b: Forretress|move: Protect\n|\n|-damage|p2a: Palafin|7\/100 brn|[from] brn\n|-damage|p2b: Ting-Lu|0 fnt|[from] brn\n|faint|p2b: Ting-Lu\n|upkeep\n|turn|12\n|c|\u2606Justdemian|:O\n|\n|t:|1684036111\n|move|p2a: Palafin|Wave Crash|p1b: Forretress\n|-damage|p1b: Forretress|6\/100\n|-damage|p2a: Palafin|2\/100 brn|[from] Recoil\n|move|p1b: Forretress|Body Press|p2a: Palafin\n|-damage|p2a: Palafin|0 fnt\n|faint|p2a: Palafin\n|\n|win|RocketRoad\n|raw|RocketRoad's rating: 1113 → 1138<\/strong> (+25 for winning)\n|raw|Justdemian's rating: 1111 → 1086<\/strong> (-25 for losing)\n|c|\u2606RocketRoad|oooohhhh! GG!\n|c|\u2606Justdemian|gg\n|l|\u2606RocketRoad\n","uploadtime":1684036225,"views":12,"p1id":"rocketroad","p2id":"justdemian","formatid":"gen9vgc2023regulationc","rating":1086,"private":0,"password":""}