{"id":"gen9vgc2023regulationc-1849994442","p1":"GRSpeed5","p2":"viperr3","format":"[Gen 9] VGC 2023 Regulation C","log":"|j|\u2606GRSpeed5\n|j|\u2606viperr3\n|t:|1682276035\n|gametype|doubles\n|player|p1|GRSpeed5|hilbert|1085\n|player|p2|viperr3|169|1013\n|teamsize|p1|6\n|teamsize|p2|6\n|gen|9\n|tier|[Gen 9] VGC 2023 Regulation C\n|rated|\n|rule|Species Clause: Limit one of each Pok\u00e9mon\n|rule|Item Clause: Limit one of each item\n|clearpoke\n|poke|p1|Ting-Lu, L50|\n|poke|p1|Iron Hands, L50|\n|poke|p1|Tinkaton, L50, F|\n|poke|p1|Quaquaval, L50, F|\n|poke|p1|Corviknight, L50, F|\n|poke|p1|Rotom-Mow, L50|\n|poke|p2|Ceruledge, L50, F|\n|poke|p2|Dondozo, L50, F|\n|poke|p2|Tatsugiri, L50, M|\n|poke|p2|Arcanine, L50, F|\n|poke|p2|Garchomp, L50, M|\n|poke|p2|Lilligant, L50, F|\n|teampreview|4\n|inactive|Battle timer is ON: inactive players will automatically lose when time's up. (requested by viperr3)\n|inactive|GRSpeed5 has 60 seconds left.\n|\n|t:|1682276076\n|start\n|switch|p1a: Corviknight|Corviknight, L50, F|100\/100\n|switch|p1b: Quaquaval|Quaquaval, L50, F|100\/100\n|switch|p2a: Lilligant|Lilligant, L50, F, shiny|100\/100\n|switch|p2b: Arcanine|Arcanine, L50, F, shiny|100\/100\n|-ability|p2b: Arcanine|Intimidate|boost\n|-ability|p1a: Corviknight|Mirror Armor\n|-unboost|p2b: Arcanine|atk|1\n|-unboost|p1b: Quaquaval|atk|1\n|turn|1\n|\n|t:|1682276096\n|switch|p1b: Ting-Lu|Ting-Lu, L50|100\/100\n|-ability|p1b: Ting-Lu|Vessel of Ruin\n|move|p2a: Lilligant|Leaf Storm|p1b: Ting-Lu\n|-supereffective|p1b: Ting-Lu\n|-damage|p1b: Ting-Lu|62\/100\n|-unboost|p2a: Lilligant|spa|2\n|move|p2b: Arcanine|Flare Blitz|p1a: Corviknight\n|-supereffective|p1a: Corviknight\n|-damage|p1a: Corviknight|44\/100\n|-damage|p2b: Arcanine|84\/100|[from] item: Rocky Helmet|[of] p1a: Corviknight\n|-damage|p2b: Arcanine|61\/100|[from] Recoil\n|move|p1a: Corviknight|Bulk Up|p1a: Corviknight\n|-boost|p1a: Corviknight|atk|1\n|-boost|p1a: Corviknight|def|1\n|\n|upkeep\n|turn|2\n|\n|t:|1682276115\n|move|p2a: Lilligant|Leaf Storm|p1b: Ting-Lu\n|-supereffective|p1b: Ting-Lu\n|-damage|p1b: Ting-Lu|41\/100\n|-unboost|p2a: Lilligant|spa|2\n|move|p2b: Arcanine|Flare Blitz|p1a: Corviknight\n|-supereffective|p1a: Corviknight\n|-damage|p1a: Corviknight|0 fnt\n|-damage|p2b: Arcanine|45\/100|[from] item: Rocky Helmet|[of] p1a: Corviknight\n|faint|p1a: Corviknight\n|-damage|p2b: Arcanine|27\/100|[from] Recoil\n|move|p1b: Ting-Lu|Stomping Tantrum|p2b: Arcanine\n|-supereffective|p2b: Arcanine\n|-damage|p2b: Arcanine|0 fnt\n|faint|p2b: Arcanine\n|\n|upkeep\n|\n|t:|1682276129\n|switch|p2b: Tatsugiri|Tatsugiri, L50, M|100\/100\n|switch|p1a: Iron Hands|Iron Hands, L50|100\/100\n|-enditem|p1a: Iron Hands|Booster Energy\n|-activate|p1a: Iron Hands|ability: Quark Drive|[fromitem]\n|-start|p1a: Iron Hands|quarkdriveatk\n|turn|3\n|\n|t:|1682276146\n|switch|p2a: Dondozo|Dondozo, L50, F, shiny|100\/100\n|-activate|p2b: Tatsugiri|ability: Commander|[of] p2a: Dondozo\n|-boost|p2a: Dondozo|atk|2\n|-boost|p2a: Dondozo|spa|2\n|-boost|p2a: Dondozo|spe|2\n|-boost|p2a: Dondozo|def|2\n|-boost|p2a: Dondozo|spd|2\n|move|p1a: Iron Hands|Swords Dance|p1a: Iron Hands\n|-boost|p1a: Iron Hands|atk|2\n|move|p1b: Ting-Lu|Ruination|p2a: Dondozo|[miss]\n|-miss|p1b: Ting-Lu|p2a: Dondozo\n|\n|upkeep\n|turn|4\n|\n|t:|1682276162\n|move|p2a: Dondozo|Earthquake|p1b: Ting-Lu|[spread] p1a,p1b\n|-miss|p2a: Dondozo|p2b: Tatsugiri\n|-supereffective|p1a: Iron Hands\n|-damage|p1a: Iron Hands|42\/100\n|-damage|p1b: Ting-Lu|18\/100\n|move|p1a: Iron Hands|Wild Charge|p2a: Dondozo\n|-supereffective|p2a: Dondozo\n|-damage|p2a: Dondozo|63\/100\n|-damage|p1a: Iron Hands|26\/100|[from] item: Rocky Helmet|[of] p2a: Dondozo\n|-damage|p1a: Iron Hands|17\/100|[from] Recoil\n|move|p1b: Ting-Lu|Ruination|p2a: Dondozo\n|-damage|p2a: Dondozo|32\/100\n|\n|upkeep\n|turn|5\n|\n|t:|1682276180\n|move|p1a: Iron Hands|Protect|p1a: Iron Hands\n|-singleturn|p1a: Iron Hands|Protect\n|move|p2a: Dondozo|Earthquake|p1a: Iron Hands|[spread] p1b\n|-miss|p2a: Dondozo|p2b: Tatsugiri\n|-activate|p1a: Iron Hands|move: Protect\n|-damage|p1b: Ting-Lu|0 fnt\n|faint|p1b: Ting-Lu\n|\n|upkeep\n|\n|t:|1682276188\n|switch|p1b: Quaquaval|Quaquaval, L50, F|100\/100\n|turn|6\n|\n|t:|1682276201\n|-terastallize|p2a: Dondozo|Dragon\n|move|p1b: Quaquaval|Aqua Step|p2a: Dondozo\n|-resisted|p2a: Dondozo\n|-damage|p2a: Dondozo|26\/100\n|-boost|p1b: Quaquaval|spe|1\n|-damage|p1b: Quaquaval|84\/100|[from] item: Rocky Helmet|[of] p2a: Dondozo\n|move|p2a: Dondozo|Earthquake|p1b: Quaquaval|[spread] p1a,p1b\n|-miss|p2a: Dondozo|p2b: Tatsugiri\n|-supereffective|p1a: Iron Hands\n|-crit|p1b: Quaquaval\n|-damage|p1a: Iron Hands|0 fnt\n|-damage|p1b: Quaquaval|0 fnt\n|faint|p1a: Iron Hands\n|-end|p1a: Iron Hands|Quark Drive|[silent]\n|faint|p1b: Quaquaval\n|\n|win|viperr3\n|raw|GRSpeed5's rating: 1085 → 1058<\/strong> (-27 for losing)\n|raw|viperr3's rating: 1013 → 1059<\/strong> (+46 for winning)\n|l|\u2606GRSpeed5\n|c|\u2606viperr3|Crit mattered\n","uploadtime":1682276222,"views":7,"p1id":"grspeed5","p2id":"viperr3","formatid":"gen9vgc2023regulationc","rating":1058,"private":0,"password":""}