{"id":"gen9vgc2023regulationc-1857091492","p1":"NicoHaxVGC","p2":"edomila99","format":"[Gen 9] VGC 2023 Regulation C","log":"|j|\u2606NicoHaxVGC\n|j|\u2606edomila99\n|t:|1683144908\n|gametype|doubles\n|player|p1|NicoHaxVGC|red|1371\n|player|p2|edomila99|1|1358\n|teamsize|p1|6\n|teamsize|p2|6\n|gen|9\n|tier|[Gen 9] VGC 2023 Regulation C\n|rated|\n|rule|Species Clause: Limit one of each Pok\u00e9mon\n|rule|Item Clause: Limit one of each item\n|clearpoke\n|poke|p1|Corviknight, L50, F|\n|poke|p1|Ting-Lu, L50|\n|poke|p1|Annihilape, L50, M|\n|poke|p1|Maushold, L50|\n|poke|p1|Iron Bundle, L50|\n|poke|p1|Flutter Mane, L50|\n|poke|p2|Ting-Lu, L50|\n|poke|p2|Vivillon-Fancy, L50, M|\n|poke|p2|Iron Bundle, L50|\n|poke|p2|Abomasnow, L50, F|\n|poke|p2|Annihilape, L50, F|\n|poke|p2|Chien-Pao, L50|\n|teampreview|4\n|inactive|Battle timer is ON: inactive players will automatically lose when time's up. (requested by NicoHaxVGC)\n|inactive|NicoHaxVGC has 60 seconds left.\n|inactive|edomila99 has 60 seconds left.\n|inactive|edomila99 has 30 seconds left.\n|inactive|edomila99 has 20 seconds left.\n|inactive|edomila99 has 15 seconds left.\n|inactive|edomila99 has 10 seconds left.\n|\n|t:|1683144994\n|start\n|switch|p1a: Robin|Annihilape, L50, M|100\/100\n|switch|p1b: Maushold|Maushold, L50|100\/100\n|switch|p2a: Vivillon|Vivillon-Fancy, L50, M|100\/100\n|switch|p2b: Chien-Pao|Chien-Pao, L50|100\/100\n|-ability|p2b: Chien-Pao|Sword of Ruin\n|turn|1\n|inactive|NicoHaxVGC has 30 seconds left.\n|\n|t:|1683145026\n|move|p2a: Vivillon|Rage Powder|p2a: Vivillon\n|-singleturn|p2a: Vivillon|move: Rage Powder\n|move|p1b: Maushold|Follow Me|p1b: Maushold\n|-singleturn|p1b: Maushold|move: Follow Me\n|move|p2b: Chien-Pao|Sacred Sword|p1b: Maushold\n|-supereffective|p1b: Maushold\n|-damage|p1b: Maushold|4\/100\n|move|p1a: Robin|Rage Fist|p2a: Vivillon\n|-damage|p2a: Vivillon|48\/100\n|\n|upkeep\n|turn|2\n|inactive|NicoHaxVGC has 30 seconds left.\n|inactive|edomila99 has 30 seconds left.\n|\n|t:|1683145055\n|-terastallize|p1b: Maushold|Ghost\n|move|p2a: Vivillon|Rage Powder|p2a: Vivillon\n|-singleturn|p2a: Vivillon|move: Rage Powder\n|move|p2b: Chien-Pao|Sacred Sword|p1b: Maushold\n|-immune|p1b: Maushold\n|move|p1b: Maushold|Beat Up|p1a: Robin\n|-crit|p1a: Robin\n|-damage|p1a: Robin|96\/100\n|-damage|p1a: Robin|94\/100\n|-crit|p1a: Robin\n|-damage|p1a: Robin|90\/100\n|-damage|p1a: Robin|88\/100\n|-hitcount|p1a: Robin|4\n|move|p1a: Robin|Rage Fist|p2a: Vivillon\n|-damage|p2a: Vivillon|0 fnt\n|faint|p2a: Vivillon\n|\n|-heal|p1a: Robin|94\/100|[from] item: Leftovers\n|upkeep\n|\n|t:|1683145075\n|switch|p2a: Iron Bundle|Iron Bundle, L50|100\/100\n|-enditem|p2a: Iron Bundle|Booster Energy\n|-activate|p2a: Iron Bundle|ability: Quark Drive|[fromitem]\n|-start|p2a: Iron Bundle|quarkdrivespe\n|turn|3\n|\n|t:|1683145095\n|switch|p2b: Abomasnow|Abomasnow, L50, F|100\/100\n|-weather|Snow|[from] ability: Snow Warning|[of] p2b: Abomasnow\n|move|p1b: Maushold|Follow Me|p1b: Maushold\n|-singleturn|p1b: Maushold|move: Follow Me\n|move|p2a: Iron Bundle|Aurora Veil|p2a: Iron Bundle\n|-sidestart|p2: edomila99|move: Aurora Veil\n|move|p1a: Robin|Rage Fist|p2a: Iron Bundle\n|-damage|p2a: Iron Bundle|41\/100\n|\n|-weather|Snow|[upkeep]\n|-heal|p1a: Robin|100\/100|[from] item: Leftovers\n|upkeep\n|turn|4\n|inactive|NicoHaxVGC has 30 seconds left.\n|\n|t:|1683145123\n|-terastallize|p2a: Iron Bundle|Ice\n|move|p1b: Maushold|Protect|p1b: Maushold\n|-singleturn|p1b: Maushold|Protect\n|move|p2a: Iron Bundle|Blizzard|p1b: Maushold|[spread] p1a\n|-activate|p1b: Maushold|move: Protect\n|-damage|p1a: Robin|68\/100\n|move|p1a: Robin|Bulk Up|p1a: Robin\n|-boost|p1a: Robin|atk|1\n|-boost|p1a: Robin|def|1\n|move|p2b: Abomasnow|Blizzard|p1a: Robin|[spread] p1a\n|-activate|p1b: Maushold|move: Protect\n|-damage|p1a: Robin|39\/100\n|-damage|p2b: Abomasnow|91\/100|[from] item: Life Orb\n|\n|-weather|Snow|[upkeep]\n|-heal|p1a: Robin|45\/100|[from] item: Leftovers\n|upkeep\n|turn|5\n|inactive|NicoHaxVGC has 30 seconds left.\n|inactive|edomila99 has 30 seconds left.\n|inactive|NicoHaxVGC has 20 seconds left.\n|inactive|NicoHaxVGC has 15 seconds left.\n|\n|t:|1683145165\n|switch|p1b: Cyborg|Iron Bundle, L50|100\/100\n|-enditem|p1b: Cyborg|Booster Energy\n|-activate|p1b: Cyborg|ability: Quark Drive|[fromitem]\n|-start|p1b: Cyborg|quarkdrivespe\n|move|p2b: Abomasnow|Ice Shard|p1b: Cyborg\n|-resisted|p1b: Cyborg\n|-damage|p1b: Cyborg|98\/100\n|-damage|p2b: Abomasnow|81\/100|[from] item: Life Orb\n|move|p2a: Iron Bundle|Blizzard|p1a: Robin|[spread] p1a,p1b\n|-resisted|p1b: Cyborg\n|-damage|p1a: Robin|1\/100\n|-damage|p1b: Cyborg|75\/100\n|move|p1a: Robin|Drain Punch|p2b: Abomasnow\n|-supereffective|p2b: Abomasnow\n|-damage|p2b: Abomasnow|34\/100\n|-heal|p1a: Robin|23\/100|[from] drain|[of] p2b: Abomasnow\n|\n|-weather|Snow|[upkeep]\n|-heal|p1a: Robin|29\/100|[from] item: Leftovers\n|upkeep\n|turn|6\n|inactive|NicoHaxVGC has 30 seconds left.\n|inactive|NicoHaxVGC has 20 seconds left.\n|inactive|NicoHaxVGC has 15 seconds left.\n|\n|t:|1683145207\n|move|p2b: Abomasnow|Helping Hand|p2a: Iron Bundle\n|-singleturn|p2a: Iron Bundle|Helping Hand|[of] p2b: Abomasnow\n|move|p1a: Robin|Protect|p1a: Robin\n|-singleturn|p1a: Robin|Protect\n|move|p1b: Cyborg|Freeze-Dry|p2b: Abomasnow\n|-damage|p2b: Abomasnow|14\/100\n|move|p2a: Iron Bundle|Blizzard|p1b: Cyborg|[spread] p1b\n|-activate|p1a: Robin|move: Protect\n|-resisted|p1b: Cyborg\n|-crit|p1b: Cyborg\n|-damage|p1b: Cyborg|21\/100\n|\n|-weather|Snow|[upkeep]\n|-heal|p1a: Robin|35\/100|[from] item: Leftovers\n|upkeep\n|turn|7\n|inactive|NicoHaxVGC has 30 seconds left.\n|inactive|NicoHaxVGC has 20 seconds left.\n|inactive|NicoHaxVGC has 15 seconds left.\n|inactive|NicoHaxVGC has 10 seconds left.\n|inactive|NicoHaxVGC has 5 seconds left.\n|\n|t:|1683145262\n|move|p2b: Abomasnow|Helping Hand|p2a: Iron Bundle\n|-singleturn|p2a: Iron Bundle|Helping Hand|[of] p2b: Abomasnow\n|move|p1b: Cyborg|Hydro Pump|p2b: Abomasnow\n|-resisted|p2b: Abomasnow\n|-damage|p2b: Abomasnow|0 fnt\n|faint|p2b: Abomasnow\n|move|p2a: Iron Bundle|Blizzard|p1a: Robin|[spread] p1a,p1b\n|-resisted|p1b: Cyborg\n|-damage|p1a: Robin|0 fnt\n|-damage|p1b: Cyborg|0 fnt\n|faint|p1a: Robin\n|faint|p1b: Cyborg\n|-end|p1b: Cyborg|Quark Drive|[silent]\n|\n|-weather|none\n|-sideend|p2: edomila99|move: Aurora Veil\n|upkeep\n|\n|t:|1683145276\n|switch|p1b: Maushold|Maushold, L50, tera:Ghost|4\/100\n|switch|p1a: Raven|Corviknight, L50, F|100\/100\n|switch|p2b: Chien-Pao|Chien-Pao, L50|100\/100\n|-ability|p2b: Chien-Pao|Sword of Ruin\n|turn|8\n|\n|t:|1683145300\n|move|p1b: Maushold|Protect|p1b: Maushold\n|-singleturn|p1b: Maushold|Protect\n|move|p2b: Chien-Pao|Sucker Punch|p1a: Raven\n|-damage|p1a: Raven|73\/100\n|move|p2a: Iron Bundle|Blizzard|p1a: Raven|[spread] p1a\n|-activate|p1b: Maushold|move: Protect\n|-damage|p1a: Raven|36\/100\n|move|p1a: Raven|Iron Head|p2a: Iron Bundle\n|-supereffective|p2a: Iron Bundle\n|-damage|p2a: Iron Bundle|0 fnt\n|faint|p2a: Iron Bundle\n|-end|p2a: Iron Bundle|Quark Drive|[silent]\n|\n|upkeep\n|turn|9\n|\n|t:|1683145323\n|move|p2b: Chien-Pao|Ice Spinner|p1a: Raven\n|-damage|p1a: Raven|4\/100\n|move|p1b: Maushold|Super Fang|p2b: Chien-Pao\n|-damage|p2b: Chien-Pao|51\/100\n|move|p1a: Raven|Roost|p1a: Raven\n|-heal|p1a: Raven|54\/100\n|-singleturn|p1a: Raven|move: Roost\n|\n|upkeep\n|turn|10\n|\n|t:|1683145334\n|move|p1b: Maushold|Follow Me|p1b: Maushold\n|-singleturn|p1b: Maushold|move: Follow Me\n|move|p2b: Chien-Pao|Ice Spinner|p1b: Maushold\n|-damage|p1b: Maushold|0 fnt\n|faint|p1b: Maushold\n|move|p1a: Raven|Iron Head|p2b: Chien-Pao\n|-supereffective|p2b: Chien-Pao\n|-damage|p2b: Chien-Pao|0 fnt\n|faint|p2b: Chien-Pao\n|\n|win|NicoHaxVGC\n|raw|NicoHaxVGC's rating: 1371 → 1390<\/strong> (+19 for winning)\n|raw|edomila99's rating: 1358 → 1339<\/strong> (-19 for losing)\n|l|\u2606edomila99\n|c|\u2606NicoHaxVGC|gg\n","uploadtime":1683145355,"views":14,"p1id":"nicohaxvgc","p2id":"edomila99","formatid":"gen9vgc2023regulationc","rating":1339,"private":0,"password":""}