{"id":"gen9vgc2023regulationc-1856502204","p1":"vrumvrumnatal","p2":"Debauchery","format":"[Gen 9] VGC 2023 Regulation C","log":"|j|\u2606vrumvrumnatal\n|j|\u2606Debauchery\n|t:|1683068797\n|gametype|doubles\n|player|p1|vrumvrumnatal|2|1294\n|player|p2|Debauchery|roughneck|1276\n|teamsize|p1|6\n|teamsize|p2|6\n|gen|9\n|tier|[Gen 9] VGC 2023 Regulation C\n|rated|\n|rule|Species Clause: Limit one of each Pok\u00e9mon\n|rule|Item Clause: Limit one of each item\n|clearpoke\n|poke|p1|Chien-Pao, L50|\n|poke|p1|Dragonite, L50, F|\n|poke|p1|Kingambit, L50, M|\n|poke|p1|Gyarados, L50, F|\n|poke|p1|Great Tusk, L50|\n|poke|p1|Flutter Mane, L50|\n|poke|p2|Toxicroak, L50, M|\n|poke|p2|Talonflame, L50, F|\n|poke|p2|Glimmora, L50, F|\n|poke|p2|Great Tusk, L50|\n|poke|p2|Chi-Yu, L50|\n|poke|p2|Gyarados, L50, F|\n|teampreview|4\n|\n|t:|1683068847\n|start\n|switch|p1a: Dragonite|Dragonite, L50, F|100\/100\n|switch|p1b: Chien-Pao|Chien-Pao, L50|100\/100\n|switch|p2a: Toxicroak|Toxicroak, L50, M|100\/100\n|switch|p2b: Talonflame|Talonflame, L50, F|100\/100\n|-ability|p1b: Chien-Pao|Sword of Ruin\n|turn|1\n|inactive|Battle timer is ON: inactive players will automatically lose when time's up. (requested by vrumvrumnatal)\n|inactive|Debauchery has 60 seconds left.\n|\n|t:|1683068881\n|-terastallize|p1a: Dragonite|Flying\n|move|p1b: Chien-Pao|Protect|p1b: Chien-Pao\n|-singleturn|p1b: Chien-Pao|Protect\n|move|p2a: Toxicroak|Fake Out|p1b: Chien-Pao\n|-activate|p1b: Chien-Pao|move: Protect\n|move|p2b: Talonflame|Will-O-Wisp|p1a: Dragonite\n|-status|p1a: Dragonite|brn\n|-enditem|p1a: Dragonite|Lum Berry|[eat]\n|-curestatus|p1a: Dragonite|brn|[msg]\n|move|p1a: Dragonite|Tera Blast|p2a: Toxicroak\n|-supereffective|p2a: Toxicroak\n|-enditem|p2a: Toxicroak|Focus Sash\n|-damage|p2a: Toxicroak|1\/100\n|\n|upkeep\n|turn|2\n|\n|t:|1683068900\n|switch|p2a: Gyarados|Gyarados, L50, F|100\/100\n|-ability|p2a: Gyarados|Intimidate|boost\n|-unboost|p1a: Dragonite|atk|1\n|-unboost|p1b: Chien-Pao|atk|1\n|move|p1a: Dragonite|Extreme Speed|p2b: Talonflame\n|-damage|p2b: Talonflame|62\/100\n|move|p1b: Chien-Pao|Ice Spinner|p2b: Talonflame\n|-damage|p2b: Talonflame|2\/100\n|move|p2b: Talonflame|Will-O-Wisp|p1b: Chien-Pao\n|-status|p1b: Chien-Pao|brn\n|\n|-damage|p1b: Chien-Pao|95\/100 brn|[from] brn\n|upkeep\n|turn|3\n|inactive|vrumvrumnatal has 30 seconds left.\n|inactive|Debauchery has 30 seconds left.\n|\n|t:|1683068930\n|move|p1b: Chien-Pao|Sucker Punch||[still]\n|-fail|p1b: Chien-Pao\n|move|p2b: Talonflame|Tailwind|p2b: Talonflame\n|-sidestart|p2: Debauchery|move: Tailwind\n|move|p2a: Gyarados|Dragon Dance|p2a: Gyarados\n|-boost|p2a: Gyarados|atk|1\n|-boost|p2a: Gyarados|spe|1\n|move|p1a: Dragonite|Tailwind|p1a: Dragonite\n|-sidestart|p1: vrumvrumnatal|move: Tailwind\n|\n|-damage|p1b: Chien-Pao|89\/100 brn|[from] brn\n|upkeep\n|turn|4\n|\n|t:|1683068952\n|move|p1a: Dragonite|Extreme Speed|p2b: Talonflame\n|-damage|p2b: Talonflame|0 fnt\n|faint|p2b: Talonflame\n|move|p1b: Chien-Pao|Sucker Punch|p2a: Gyarados\n|-damage|p2a: Gyarados|79\/100\n|move|p2a: Gyarados|Waterfall|p1a: Dragonite\n|-damage|p1a: Dragonite|63\/100\n|\n|-damage|p1b: Chien-Pao|83\/100 brn|[from] brn\n|upkeep\n|\n|t:|1683068964\n|switch|p2b: Toxicroak|Toxicroak, L50, M|1\/100\n|turn|5\n|\n|t:|1683068976\n|switch|p1b: Gyarados|Gyarados, L50, F, shiny|100\/100\n|-ability|p1b: Gyarados|Intimidate|boost\n|-unboost|p2a: Gyarados|atk|1\n|-unboost|p2b: Toxicroak|atk|1\n|move|p1a: Dragonite|Protect|p1a: Dragonite\n|-singleturn|p1a: Dragonite|Protect\n|move|p2b: Toxicroak|Fake Out|p1a: Dragonite\n|-activate|p1a: Dragonite|move: Protect\n|move|p2a: Gyarados|Waterfall|p1a: Dragonite\n|-activate|p1a: Dragonite|move: Protect\n|\n|upkeep\n|turn|6\n|inactive|Debauchery has 30 seconds left.\n|inactive|Debauchery has 20 seconds left.\n|inactive|Debauchery has 15 seconds left.\n|inactive|Debauchery has 10 seconds left.\n|inactive|Debauchery has 5 seconds left.\n|\n|t:|1683069030\n|-terastallize|p2a: Gyarados|Flying\n|move|p1a: Dragonite|Extreme Speed|p2b: Toxicroak\n|-damage|p2b: Toxicroak|0 fnt\n|faint|p2b: Toxicroak\n|move|p2a: Gyarados|Tera Blast|p1a: Dragonite\n|-damage|p1a: Dragonite|9\/100\n|move|p1b: Gyarados|Thunder Wave|p2a: Gyarados\n|-status|p2a: Gyarados|par\n|-enditem|p2a: Gyarados|Lum Berry|[eat]\n|-curestatus|p2a: Gyarados|par|[msg]\n|\n|-sideend|p2: Debauchery|move: Tailwind\n|-sideend|p1: vrumvrumnatal|move: Tailwind\n|upkeep\n|\n|t:|1683069042\n|switch|p2b: Glimmora|Glimmora, L50, F|100\/100\n|turn|7\n|inactive|Debauchery has 30 seconds left.\n|\n|t:|1683069069\n|move|p1a: Dragonite|Extreme Speed|p2a: Gyarados\n|-damage|p2a: Gyarados|53\/100\n|move|p2a: Gyarados|Tera Blast|p1b: Gyarados\n|-crit|p1b: Gyarados\n|-damage|p1b: Gyarados|30\/100\n|move|p2b: Glimmora|Power Gem|p1b: Gyarados\n|-supereffective|p1b: Gyarados\n|-damage|p1b: Gyarados|0 fnt\n|faint|p1b: Gyarados\n|\n|upkeep\n|\n|t:|1683069087\n|switch|p1b: Great Tusk|Great Tusk, L50|100\/100\n|turn|8\n|\n|t:|1683069099\n|move|p1a: Dragonite|Extreme Speed|p2a: Gyarados\n|-damage|p2a: Gyarados|26\/100\n|move|p2a: Gyarados|Waterfall|p1b: Great Tusk\n|-supereffective|p1b: Great Tusk\n|-damage|p1b: Great Tusk|37\/100\n|move|p1b: Great Tusk|Rock Slide|p2a: Gyarados|[spread] p2a,p2b\n|-supereffective|p2a: Gyarados\n|-damage|p2a: Gyarados|0 fnt\n|-damage|p2b: Glimmora|73\/100\n|-activate|p2b: Glimmora|ability: Toxic Debris\n|-sidestart|p1: vrumvrumnatal|move: Toxic Spikes\n|faint|p2a: Gyarados\n|move|p2b: Glimmora|Power Gem|p1a: Dragonite\n|-supereffective|p1a: Dragonite\n|-damage|p1a: Dragonite|0 fnt\n|faint|p1a: Dragonite\n|\n|upkeep\n|\n|t:|1683069114\n|switch|p1a: Chien-Pao|Chien-Pao, L50|83\/100 brn\n|-ability|p1a: Chien-Pao|Sword of Ruin\n|turn|9\n|\n|t:|1683069123\n|move|p1b: Great Tusk|Rock Slide|p2b: Glimmora\n|-damage|p2b: Glimmora|24\/100\n|-activate|p2b: Glimmora|ability: Toxic Debris\n|-sidestart|p1: vrumvrumnatal|move: Toxic Spikes\n|move|p1a: Chien-Pao|Sacred Sword|p2b: Glimmora\n|-damage|p2b: Glimmora|0 fnt\n|faint|p2b: Glimmora\n|\n|win|vrumvrumnatal\n|raw|vrumvrumnatal's rating: 1294 → 1318<\/strong> (+24 for winning)\n|raw|Debauchery's rating: 1276 → 1252<\/strong> (-24 for losing)\n","uploadtime":1683069133,"views":17,"p1id":"vrumvrumnatal","p2id":"debauchery","formatid":"gen9vgc2023regulationc","rating":1252,"private":0,"password":""}