{"id":"gen9vgc2023regulationc-1861030468","p1":"peedrojt","p2":"D-scNSe","format":"[Gen 9] VGC 2023 Regulation C","log":"|j|\u2606peedrojt\n|j|\u2606D-scNSe\n|t:|1683717617\n|gametype|doubles\n|player|p1|peedrojt|lucas|1404\n|player|p2|D-scNSe|169|1406\n|teamsize|p1|6\n|teamsize|p2|6\n|gen|9\n|tier|[Gen 9] VGC 2023 Regulation C\n|rated|\n|rule|Species Clause: Limit one of each Pok\u00e9mon\n|rule|Item Clause: Limit one of each item\n|clearpoke\n|poke|p1|Iron Hands, L50|\n|poke|p1|Flutter Mane, L50|\n|poke|p1|Torkoal, L50, F|\n|poke|p1|Jumpluff, L50, M|\n|poke|p1|Great Tusk, L50|\n|poke|p1|Chien-Pao, L50|\n|poke|p2|Flutter Mane, L50|\n|poke|p2|Ting-Lu, L50|\n|poke|p2|Maushold-Four, L50|\n|poke|p2|Annihilape, L50, M|\n|poke|p2|Iron Bundle, L50|\n|poke|p2|Arcanine, L50, F|\n|teampreview|4\n|inactive|Battle timer is ON: inactive players will automatically lose when time's up. (requested by peedrojt)\npeedrojt has agreed to open team sheets.\n|inactive|peedrojt has 60 seconds left.\n|inactive|D-scNSe has 60 seconds left.\n|\n|t:|1683717678\n|start\n|switch|p1a: Great Tusk|Great Tusk, L50|100\/100\n|switch|p1b: Flutter Mane|Flutter Mane, L50|100\/100\n|switch|p2a: Arcanine|Arcanine, L50, F|100\/100\n|switch|p2b: Ting-Lu|Ting-Lu, L50|100\/100\n|-ability|p2a: Arcanine|Intimidate|boost\n|-unboost|p1a: Great Tusk|atk|1\n|-unboost|p1b: Flutter Mane|atk|1\n|-ability|p2b: Ting-Lu|Vessel of Ruin\n|turn|1\n|\n|t:|1683717695\n|-terastallize|p2a: Arcanine|Grass\n|move|p1a: Great Tusk|Headlong Rush|p2a: Arcanine\n|-resisted|p2a: Arcanine\n|-damage|p2a: Arcanine|78\/100\n|-unboost|p1a: Great Tusk|def|1\n|-unboost|p1a: Great Tusk|spd|1\n|move|p1b: Flutter Mane|Moonblast|p2b: Ting-Lu\n|-supereffective|p2b: Ting-Lu\n|-damage|p2b: Ting-Lu|45\/100\n|move|p2a: Arcanine|Will-O-Wisp|p1a: Great Tusk\n|-status|p1a: Great Tusk|brn\n|move|p2b: Ting-Lu|Heavy Slam|p1b: Flutter Mane\n|-supereffective|p1b: Flutter Mane\n|-damage|p1b: Flutter Mane|1\/100\n|\n|-damage|p1a: Great Tusk|95\/100 brn|[from] brn\n|upkeep\n|turn|2\n|inactive|D-scNSe has 30 seconds left.\n|inactive|D-scNSe has 20 seconds left.\n|inactive|D-scNSe has 15 seconds left.\n|\n|t:|1683717738\n|-end|p1a: Great Tusk|Protosynthesis|[silent]\n|switch|p1a: Torkoal|Torkoal, L50, F|100\/100\n|-weather|SunnyDay|[from] ability: Drought|[of] p1a: Torkoal\n|-activate|p1b: Flutter Mane|ability: Protosynthesis\n|-start|p1b: Flutter Mane|protosynthesisspa\n|move|p1b: Flutter Mane|Moonblast|p2a: Arcanine\n|-damage|p2a: Arcanine|7\/100\n|-enditem|p2a: Arcanine|Sitrus Berry|[eat]\n|-heal|p2a: Arcanine|32\/100|[from] item: Sitrus Berry\n|move|p2a: Arcanine|Snarl|p1a: Torkoal|[spread] p1a,p1b\n|-damage|p1a: Torkoal|93\/100\n|-damage|p1b: Flutter Mane|0 fnt\n|-unboost|p1a: Torkoal|spa|1\n|-enditem|p1a: Torkoal|Eject Pack\n|faint|p1b: Flutter Mane\n|-end|p1b: Flutter Mane|Protosynthesis|[silent]\n|j| Fried justin\n|inactive|peedrojt has 30 seconds left.\n|\n|t:|1683717763\n|switch|p1a: Great Tusk|Great Tusk, L50|95\/100 brn\n|-activate|p1a: Great Tusk|ability: Protosynthesis\n|-start|p1a: Great Tusk|protosynthesisatk\n|move|p2b: Ting-Lu|Stomping Tantrum|p1a: Great Tusk\n|-damage|p1a: Great Tusk|66\/100 brn\n|\n|-weather|SunnyDay|[upkeep]\n|-damage|p1a: Great Tusk|60\/100 brn|[from] brn\n|upkeep\n|j| Vanilla0731\n|l| Fried justin\n|\n|t:|1683717777\n|switch|p1b: Torkoal|Torkoal, L50, F|93\/100\n|turn|3\n|\n|t:|1683717787\n|-end|p1a: Great Tusk|Protosynthesis|[silent]\n|switch|p1a: Jumpluff|Jumpluff, L50, M|100\/100\n|switch|p2b: Annihilape|Annihilape, L50, M|100\/100\n|move|p2a: Arcanine|Protect|p2a: Arcanine\n|-singleturn|p2a: Arcanine|Protect\n|move|p1b: Torkoal|Overheat|p2a: Arcanine\n|-activate|p2a: Arcanine|move: Protect\n|\n|-weather|SunnyDay|[upkeep]\n|upkeep\n|turn|4\n|j| Nukoshowdown\n|inactive|peedrojt has 30 seconds left.\n|inactive|D-scNSe has 30 seconds left.\n|\n|t:|1683717822\n|-terastallize|p1a: Jumpluff|Water\n|move|p2b: Annihilape|Protect|p2b: Annihilape\n|-singleturn|p2b: Annihilape|Protect\n|move|p1a: Jumpluff|Sleep Powder|p2b: Annihilape\n|-activate|p2b: Annihilape|move: Protect\n|move|p2a: Arcanine|Flare Blitz|p1a: Jumpluff\n|-resisted|p1a: Jumpluff\n|-damage|p1a: Jumpluff|49\/100\n|-damage|p2a: Arcanine|16\/100|[from] Recoil\n|move|p1b: Torkoal|Overheat|p2a: Arcanine\n|-supereffective|p2a: Arcanine\n|-damage|p2a: Arcanine|0 fnt\n|-unboost|p1b: Torkoal|spa|2\n|faint|p2a: Arcanine\n|\n|-weather|SunnyDay|[upkeep]\n|upkeep\n|c|\u2606peedrojt|fail overheat\n|\n|t:|1683717846\n|switch|p2a: Flutter Mane|Flutter Mane, L50|100\/100\n|-activate|p2a: Flutter Mane|ability: Protosynthesis\n|-start|p2a: Flutter Mane|protosynthesisspe\n|turn|5\n|\n|t:|1683717856\n|move|p1a: Jumpluff|Sleep Powder|p2a: Flutter Mane\n|-status|p2a: Flutter Mane|slp|[from] move: Sleep Powder\n|cant|p2a: Flutter Mane|slp\n|move|p2b: Annihilape|Rage Fist|p1a: Jumpluff\n|-damage|p1a: Jumpluff|14\/100\n|move|p1b: Torkoal|Fissure|p2b: Annihilape|[miss]\n|-miss|p1b: Torkoal|p2b: Annihilape\n|\n|-weather|SunnyDay|[upkeep]\n|upkeep\n|turn|6\n|\n|t:|1683717880\n|move|p1a: Jumpluff|Leaf Storm|p2a: Flutter Mane\n|-damage|p2a: Flutter Mane|65\/100 slp\n|-unboost|p1a: Jumpluff|spa|2\n|cant|p2a: Flutter Mane|slp\n|move|p2b: Annihilape|Rage Fist|p1a: Jumpluff\n|-crit|p1a: Jumpluff\n|-damage|p1a: Jumpluff|0 fnt\n|faint|p1a: Jumpluff\n|move|p1b: Torkoal|Fissure|p2b: Annihilape|[miss]\n|-miss|p1b: Torkoal|p2b: Annihilape\n|\n|-weather|none\n|-end|p2a: Flutter Mane|Protosynthesis\n|upkeep\n|-enditem|p2a: Flutter Mane|Booster Energy\n|-activate|p2a: Flutter Mane|ability: Protosynthesis|[fromitem]\n|-start|p2a: Flutter Mane|protosynthesisspe\n|l| Nukoshowdown\n|\n|t:|1683717887\n|switch|p1a: Great Tusk|Great Tusk, L50|60\/100 brn\n|turn|7\n|\n|t:|1683717903\n|switch|p2b: Ting-Lu|Ting-Lu, L50|45\/100\n|-ability|p2b: Ting-Lu|Vessel of Ruin\n|-curestatus|p2a: Flutter Mane|slp|[msg]\n|move|p2a: Flutter Mane|Protect|p2a: Flutter Mane\n|-singleturn|p2a: Flutter Mane|Protect\n|move|p1a: Great Tusk|Headlong Rush|p2a: Flutter Mane\n|-activate|p2a: Flutter Mane|move: Protect\n|move|p1b: Torkoal|Fissure|p2b: Ting-Lu|[miss]\n|-miss|p1b: Torkoal|p2b: Ting-Lu\n|\n|-damage|p1a: Great Tusk|54\/100 brn|[from] brn\n|upkeep\n|turn|8\n|\n|t:|1683717918\n|move|p2a: Flutter Mane|Moonblast|p1a: Great Tusk\n|-supereffective|p1a: Great Tusk\n|-damage|p1a: Great Tusk|0 fnt\n|faint|p1a: Great Tusk\n|-end|p1a: Great Tusk|Protosynthesis|[silent]\n|move|p2b: Ting-Lu|Stomping Tantrum|p1b: Torkoal\n|-supereffective|p1b: Torkoal\n|-damage|p1b: Torkoal|41\/100\n|move|p1b: Torkoal|Fissure|p2b: Ting-Lu|[miss]\n|-miss|p1b: Torkoal|p2b: Ting-Lu\n|\n|upkeep\n|turn|9\n|-message|peedrojt forfeited.\n|\n|win|D-scNSe\n|raw|peedrojt's rating: 1404 → 1384<\/strong> (-20 for losing)\n|raw|D-scNSe's rating: 1406 → 1426<\/strong> (+20 for winning)\n|l|\u2606peedrojt\n","uploadtime":1683717932,"views":17,"p1id":"peedrojt","p2id":"dscnse","formatid":"gen9vgc2023regulationc","rating":1384,"private":0,"password":""}