{"id":"gen9vgc2023regulationc-1845352040","p1":"Lyfen22","p2":"antay_hero","format":"[Gen 9] VGC 2023 Regulation C","log":"|j|\u2606Lyfen22\n|j|\u2606antay_hero\n|t:|1681720061\n|gametype|doubles\n|player|p1|Lyfen22|n|\n|player|p2|antay_hero|burgh|\n|teamsize|p1|6\n|teamsize|p2|6\n|gen|9\n|tier|[Gen 9] VGC 2023 Regulation C\n|rule|Species Clause: Limit one of each Pok\u00e9mon\n|rule|Item Clause: Limit one of each item\n|clearpoke\n|poke|p1|Ting-Lu, L50|\n|poke|p1|Annihilape, L50, F|\n|poke|p1|Chien-Pao, L50|\n|poke|p1|Dragonite, L50, M|\n|poke|p1|Flutter Mane, L50|\n|poke|p1|Amoonguss, L50, F|\n|poke|p2|Torkoal, L50, F|\n|poke|p2|Ting-Lu, L50|\n|poke|p2|Jumpluff, L50, F|\n|poke|p2|Flutter Mane, L50|\n|poke|p2|Palafin, L50, F|\n|poke|p2|Salamence, L50, M|\n|teampreview|4\n|inactive|Battle timer is ON: inactive players will automatically lose when time's up. (requested by antay_hero)\n|inactiveoff|Battle timer is now OFF.\n|\n|t:|1681720109\n|start\n|switch|p1a: Chien-Pao|Chien-Pao, L50|100\/100\n|switch|p1b: Ting-Lu|Ting-Lu, L50|100\/100\n|switch|p2a: Torkoal|Torkoal, L50, F|100\/100\n|switch|p2b: Jumpluff|Jumpluff, L50, F, shiny|100\/100\n|-ability|p1a: Chien-Pao|Sword of Ruin\n|-ability|p1b: Ting-Lu|Vessel of Ruin\n|-weather|SunnyDay|[from] ability: Drought|[of] p2a: Torkoal\n|turn|1\n|\n|t:|1681720133\n|move|p2b: Jumpluff|Sleep Powder|p1b: Ting-Lu|[miss]\n|-miss|p2b: Jumpluff|p1b: Ting-Lu\n|move|p1a: Chien-Pao|Ice Spinner|p2b: Jumpluff\n|-supereffective|p2b: Jumpluff\n|-crit|p2b: Jumpluff\n|-damage|p2b: Jumpluff|0 fnt\n|faint|p2b: Jumpluff\n|move|p1b: Ting-Lu|Fissure|p2a: Torkoal|[miss]\n|-miss|p1b: Ting-Lu|p2a: Torkoal\n|move|p2a: Torkoal|Overheat|p1a: Chien-Pao\n|-supereffective|p1a: Chien-Pao\n|-enditem|p1a: Chien-Pao|Focus Sash\n|-damage|p1a: Chien-Pao|1\/100\n|-unboost|p2a: Torkoal|spa|2\n|-enditem|p2a: Torkoal|Eject Pack\n|\n|t:|1681720149\n|switch|p2a: Flutter Mane|Flutter Mane, L50|100\/100\n|-activate|p2a: Flutter Mane|ability: Protosynthesis\n|-start|p2a: Flutter Mane|protosynthesisspe\n|\n|-weather|SunnyDay|[upkeep]\n|upkeep\n|\n|t:|1681720155\n|switch|p2b: Salamence|Salamence, L50, M|100\/100\n|-ability|p2b: Salamence|Intimidate|boost\n|-unboost|p1a: Chien-Pao|atk|1\n|-unboost|p1b: Ting-Lu|atk|1\n|turn|2\n|\n|t:|1681720182\n|move|p1a: Chien-Pao|Protect|p1a: Chien-Pao\n|-singleturn|p1a: Chien-Pao|Protect\n|move|p2b: Salamence|Protect|p2b: Salamence\n|-singleturn|p2b: Salamence|Protect\n|move|p2a: Flutter Mane|Dazzling Gleam|p1a: Chien-Pao|[spread] p1b\n|-activate|p1a: Chien-Pao|move: Protect\n|-supereffective|p1b: Ting-Lu\n|-damage|p1b: Ting-Lu|54\/100\n|move|p1b: Ting-Lu|Stomping Tantrum|p2a: Flutter Mane\n|-damage|p2a: Flutter Mane|0 fnt\n|faint|p2a: Flutter Mane\n|-end|p2a: Flutter Mane|Protosynthesis|[silent]\n|\n|-weather|SunnyDay|[upkeep]\n|upkeep\n|\n|t:|1681720194\n|switch|p2a: Torkoal|Torkoal, L50, F|100\/100\n|turn|3\n|\n|t:|1681720211\n|-terastallize|p2b: Salamence|Steel\n|move|p1a: Chien-Pao|Ice Spinner|p2b: Salamence\n|-resisted|p2b: Salamence\n|-damage|p2b: Salamence|79\/100\n|move|p2b: Salamence|Dragon Claw|p1a: Chien-Pao\n|-damage|p1a: Chien-Pao|0 fnt\n|faint|p1a: Chien-Pao\n|-damage|p2b: Salamence|69\/100|[from] item: Life Orb\n|move|p1b: Ting-Lu|Fissure|p2a: Torkoal|[miss]\n|-miss|p1b: Ting-Lu|p2a: Torkoal\n|move|p2a: Torkoal|Solar Beam||[still]\n|-prepare|p2a: Torkoal|Solar Beam\n|-anim|p2a: Torkoal|Solar Beam|p1b: Ting-Lu\n|-supereffective|p1b: Ting-Lu\n|-damage|p1b: Ting-Lu|29\/100\n|\n|-weather|SunnyDay|[upkeep]\n|upkeep\n|\n|t:|1681720251\n|switch|p1a: Flutter Mane|Flutter Mane, L50|100\/100\n|-activate|p1a: Flutter Mane|ability: Protosynthesis\n|-start|p1a: Flutter Mane|protosynthesisspe\n|turn|4\n|\n|t:|1681720266\n|move|p2b: Salamence|Protect|p2b: Salamence\n|-singleturn|p2b: Salamence|Protect\n|move|p2a: Torkoal|Protect|p2a: Torkoal\n|-singleturn|p2a: Torkoal|Protect\n|move|p1a: Flutter Mane|Substitute|p1a: Flutter Mane\n|-start|p1a: Flutter Mane|Substitute\n|-damage|p1a: Flutter Mane|76\/100\n|move|p1b: Ting-Lu|Stomping Tantrum|p2a: Torkoal\n|-activate|p2a: Torkoal|move: Protect\n|\n|-weather|SunnyDay|[upkeep]\n|upkeep\n|turn|5\n|\n|t:|1681720284\n|move|p2a: Torkoal|Helping Hand|p2b: Salamence\n|-singleturn|p2b: Salamence|Helping Hand|[of] p2a: Torkoal\n|move|p1a: Flutter Mane|Calm Mind|p1a: Flutter Mane\n|-boost|p1a: Flutter Mane|spa|1\n|-boost|p1a: Flutter Mane|spd|1\n|move|p2b: Salamence|Dragon Claw|p1b: Ting-Lu\n|-damage|p1b: Ting-Lu|0 fnt\n|faint|p1b: Ting-Lu\n|-damage|p2b: Salamence|59\/100|[from] item: Life Orb\n|\n|-weather|none\n|-end|p1a: Flutter Mane|Protosynthesis\n|upkeep\n|-enditem|p1a: Flutter Mane|Booster Energy\n|-activate|p1a: Flutter Mane|ability: Protosynthesis|[fromitem]\n|-start|p1a: Flutter Mane|protosynthesisspa\n|\n|t:|1681720298\n|switch|p1b: Dragonite|Dragonite, L50, M|100\/100\n|turn|6\n|\n|t:|1681720323\n|-terastallize|p1b: Dragonite|Normal\n|move|p2a: Torkoal|Protect|p2a: Torkoal\n|-singleturn|p2a: Torkoal|Protect\n|move|p1a: Flutter Mane|Shadow Ball|p2a: Torkoal\n|-activate|p2a: Torkoal|move: Protect\n|move|p2b: Salamence|Tailwind|p2b: Salamence\n|-sidestart|p2: antay_hero|move: Tailwind\n|move|p1b: Dragonite|Thunder Punch|p2b: Salamence\n|-damage|p2b: Salamence|20\/100\n|\n|upkeep\n|turn|7\n|\n|t:|1681720341\n|move|p2b: Salamence|Dual Wingbeat|p1a: Flutter Mane\n|-end|p1a: Flutter Mane|Substitute\n|-damage|p1a: Flutter Mane|7\/100\n|-hitcount|p1a: Flutter Mane|2\n|-damage|p2b: Salamence|10\/100|[from] item: Life Orb\n|move|p1a: Flutter Mane|Shadow Ball|p2a: Torkoal\n|-damage|p2a: Torkoal|19\/100\n|move|p1b: Dragonite|Thunder Punch|p2b: Salamence\n|-damage|p2b: Salamence|0 fnt\n|faint|p2b: Salamence\n|move|p2a: Torkoal|Solar Beam||[still]\n|-prepare|p2a: Torkoal|Solar Beam\n|\n|upkeep\n|turn|8\n|\n|t:|1681720363\n|move|p1b: Dragonite|Extreme Speed|p2a: Torkoal\n|-damage|p2a: Torkoal|0 fnt\n|faint|p2a: Torkoal\n|\n|win|Lyfen22\n","uploadtime":1681720372,"views":14,"p1id":"lyfen22","p2id":"antayhero","formatid":"gen9vgc2023regulationc","rating":0,"private":0,"password":""}