{"id":"gen9vgc2023regulationc-1857627153","p1":"ajbl95","p2":"mike3092","format":"[Gen 9] VGC 2023 Regulation C","log":"|j|\u2606ajbl95\n|j|\u2606mike3092\n|t:|1683214940\n|gametype|doubles\n|player|p1|ajbl95|lance|1440\n|player|p2|mike3092|170|1400\n|teamsize|p1|6\n|teamsize|p2|6\n|gen|9\n|tier|[Gen 9] VGC 2023 Regulation C\n|rated|\n|rule|Species Clause: Limit one of each Pok\u00e9mon\n|rule|Item Clause: Limit one of each item\n|clearpoke\n|poke|p1|Gastrodon, L50, F|\n|poke|p1|Kingambit, L50, M|\n|poke|p1|Arcanine, L50, M|\n|poke|p1|Great Tusk, L50|\n|poke|p1|Flutter Mane, L50|\n|poke|p1|Amoonguss, L50, F|\n|poke|p2|Goodra, L50, M|\n|poke|p2|Flutter Mane, L50|\n|poke|p2|Annihilape, L50, M|\n|poke|p2|Grimmsnarl, L50, M|\n|poke|p2|Chi-Yu, L50|\n|poke|p2|Vaporeon, L50, F|\n|teampreview|4\n|inactive|Battle timer is ON: inactive players will automatically lose when time's up. (requested by ajbl95)\n|inactive|ajbl95 has 60 seconds left.\n|inactive|mike3092 has 60 seconds left.\n|inactive|mike3092 has 30 seconds left.\n|\n|t:|1683215006\n|start\n|switch|p1a: Flutter Mane|Flutter Mane, L50, shiny|100\/100\n|switch|p1b: Great Tusk|Great Tusk, L50|100\/100\n|switch|p2a: Grimmsnarl|Grimmsnarl, L50, M, shiny|100\/100\n|switch|p2b: Annihilape|Annihilape, L50, M, shiny|100\/100\n|turn|1\n|inactive|ajbl95 has 30 seconds left.\n|inactive|mike3092 has 30 seconds left.\n|\n|t:|1683215037\n|move|p2b: Annihilape|Protect|p2b: Annihilape\n|-singleturn|p2b: Annihilape|Protect\n|move|p2a: Grimmsnarl|Light Screen|p2a: Grimmsnarl\n|-sidestart|p2: mike3092|move: Light Screen\n|move|p1b: Great Tusk|Headlong Rush|p2b: Annihilape\n|-activate|p2b: Annihilape|move: Protect\n|move|p1a: Flutter Mane|Dazzling Gleam|p2b: Annihilape|[spread] p2a\n|-activate|p2b: Annihilape|move: Protect\n|-supereffective|p2a: Grimmsnarl\n|-damage|p2a: Grimmsnarl|58\/100\n|\n|upkeep\n|turn|2\n|inactive|mike3092 has 30 seconds left.\n|inactive|mike3092 has 20 seconds left.\n|inactive|mike3092 has 15 seconds left.\n|\n|t:|1683215077\n|-terastallize|p2b: Annihilape|Water\n|move|p2a: Grimmsnarl|Reflect|p2a: Grimmsnarl\n|-sidestart|p2: mike3092|Reflect\n|move|p1b: Great Tusk|Headlong Rush|p2b: Annihilape\n|-damage|p2b: Annihilape|55\/100\n|-unboost|p1b: Great Tusk|def|1\n|-unboost|p1b: Great Tusk|spd|1\n|move|p1a: Flutter Mane|Dazzling Gleam|p2a: Grimmsnarl|[spread] p2a,p2b\n|-supereffective|p2a: Grimmsnarl\n|-damage|p2a: Grimmsnarl|15\/100\n|-damage|p2b: Annihilape|38\/100\n|move|p2b: Annihilape|Rage Fist|p1a: Flutter Mane\n|-supereffective|p1a: Flutter Mane\n|-enditem|p1a: Flutter Mane|Focus Sash\n|-damage|p1a: Flutter Mane|1\/100\n|\n|-heal|p2b: Annihilape|44\/100|[from] item: Leftovers\n|upkeep\n|turn|3\n|\n|t:|1683215101\n|move|p2b: Annihilape|Protect|p2b: Annihilape\n|-singleturn|p2b: Annihilape|Protect\n|move|p1b: Great Tusk|Headlong Rush|p2b: Annihilape\n|-activate|p2b: Annihilape|move: Protect\n|move|p1a: Flutter Mane|Dazzling Gleam|p2b: Annihilape|[spread] p2a\n|-activate|p2b: Annihilape|move: Protect\n|-supereffective|p2a: Grimmsnarl\n|-damage|p2a: Grimmsnarl|0 fnt\n|faint|p2a: Grimmsnarl\n|\n|-heal|p2b: Annihilape|50\/100|[from] item: Leftovers\n|upkeep\n|\n|t:|1683215113\n|switch|p2a: Chi-Yu|Chi-Yu, L50|100\/100\n|-ability|p2a: Chi-Yu|Beads of Ruin\n|turn|4\n|inactive|mike3092 has 30 seconds left.\n|\n|t:|1683215140\n|switch|p2b: Goodra|Goodra, L50, M|100\/100\n|move|p1a: Flutter Mane|Protect|p1a: Flutter Mane\n|-singleturn|p1a: Flutter Mane|Protect\n|move|p2a: Chi-Yu|Heat Wave|p1a: Flutter Mane|[spread] p1b\n|-activate|p1a: Flutter Mane|move: Protect\n|-damage|p1b: Great Tusk|0 fnt\n|faint|p1b: Great Tusk\n|-end|p1b: Great Tusk|Protosynthesis|[silent]\n|\n|upkeep\n|j| MondayXyz\n|\n|t:|1683215150\n|switch|p1b: Kingambit|Kingambit, L50, M, shiny|100\/100\n|turn|5\n|\n|t:|1683215174\n|-end|p1a: Flutter Mane|Protosynthesis|[silent]\n|switch|p1a: Gastrodon|Gastrodon, L50, F, shiny|100\/100\n|-terastallize|p1b: Kingambit|Water\n|move|p2a: Chi-Yu|Heat Wave|p1a: Gastrodon|[spread] p1a,p1b\n|-resisted|p1a: Gastrodon\n|-resisted|p1b: Kingambit\n|-damage|p1a: Gastrodon|84\/100\n|-damage|p1b: Kingambit|85\/100\n|move|p2b: Goodra|Flamethrower|p1b: Kingambit\n|-resisted|p1b: Kingambit\n|-damage|p1b: Kingambit|73\/100\n|move|p1b: Kingambit|Brick Break|p2a: Chi-Yu\n|-sideend|p2: mike3092|Reflect\n|-sideend|p2: mike3092|move: Light Screen\n|-supereffective|p2a: Chi-Yu\n|-damage|p2a: Chi-Yu|4\/100\n|\n|-heal|p1a: Gastrodon|90\/100|[from] item: Leftovers\n|upkeep\n|turn|6\n|\n|t:|1683215195\n|switch|p2a: Annihilape|Annihilape, L50, M, shiny, tera:Water|50\/100\n|move|p2b: Goodra|Thunderbolt|p1b: Kingambit\n|-supereffective|p1b: Kingambit\n|-damage|p1b: Kingambit|36\/100\n|move|p1b: Kingambit|Kowtow Cleave|p2a: Annihilape\n|-damage|p2a: Annihilape|5\/100\n|move|p1a: Gastrodon|Yawn|p2b: Goodra\n|-start|p2b: Goodra|move: Yawn|[of] p1a: Gastrodon\n|\n|-heal|p2a: Annihilape|12\/100|[from] item: Leftovers\n|-heal|p1a: Gastrodon|96\/100|[from] item: Leftovers\n|upkeep\n|turn|7\n|inactive|ajbl95 has 30 seconds left.\n|inactive|mike3092 has 30 seconds left.\n|\n|t:|1683215223\n|switch|p1b: Flutter Mane|Flutter Mane, L50, shiny|1\/100\n|move|p2a: Annihilape|Protect|p2a: Annihilape\n|-singleturn|p2a: Annihilape|Protect\n|move|p2b: Goodra|Thunderbolt|p1b: Flutter Mane\n|-damage|p1b: Flutter Mane|0 fnt\n|faint|p1b: Flutter Mane\n|-end|p1b: Flutter Mane|Protosynthesis|[silent]\n|move|p1a: Gastrodon|Muddy Water|p2a: Annihilape|[spread] p2b\n|-activate|p2a: Annihilape|move: Protect\n|-resisted|p2b: Goodra\n|-damage|p2b: Goodra|96\/100\n|\n|-heal|p2a: Annihilape|18\/100|[from] item: Leftovers\n|-heal|p1a: Gastrodon|100\/100|[from] item: Leftovers\n|-end|p2b: Goodra|move: Yawn|[silent]\n|-status|p2b: Goodra|slp\n|upkeep\n|\n|t:|1683215226\n|switch|p1b: Kingambit|Kingambit, L50, M, shiny, tera:Water|36\/100\n|turn|8\n|\n|t:|1683215244\n|switch|p2a: Chi-Yu|Chi-Yu, L50|4\/100\n|-ability|p2a: Chi-Yu|Beads of Ruin\n|move|p1b: Kingambit|Sucker Punch||[still]\n|-fail|p1b: Kingambit\n|cant|p2b: Goodra|slp\n|move|p1a: Gastrodon|Earth Power|p2a: Chi-Yu\n|-supereffective|p2a: Chi-Yu\n|-damage|p2a: Chi-Yu|0 fnt\n|faint|p2a: Chi-Yu\n|\n|upkeep\n|\n|t:|1683215255\n|switch|p2a: Annihilape|Annihilape, L50, M, shiny, tera:Water|18\/100\n|turn|9\n|\n|t:|1683215268\n|move|p2a: Annihilape|Protect|p2a: Annihilape\n|-singleturn|p2a: Annihilape|Protect\n|move|p1b: Kingambit|Sucker Punch||[still]\n|-fail|p1b: Kingambit\n|cant|p2b: Goodra|slp\n|move|p1a: Gastrodon|Earth Power|p2b: Goodra\n|-damage|p2b: Goodra|82\/100 slp\n|\n|-heal|p2a: Annihilape|24\/100|[from] item: Leftovers\n|upkeep\n|turn|10\n|\n|t:|1683215282\n|move|p1b: Kingambit|Sucker Punch||[still]\n|-fail|p1b: Kingambit\n|move|p2a: Annihilape|Bulk Up|p2a: Annihilape\n|-boost|p2a: Annihilape|atk|1\n|-boost|p2a: Annihilape|def|1\n|cant|p2b: Goodra|slp\n|move|p1a: Gastrodon|Earth Power|p2b: Goodra\n|-crit|p2b: Goodra\n|-damage|p2b: Goodra|61\/100 slp\n|-unboost|p2b: Goodra|spd|1\n|\n|-heal|p2a: Annihilape|30\/100|[from] item: Leftovers\n|upkeep\n|turn|11\n|\n|t:|1683215303\n|move|p2a: Annihilape|Protect|p2a: Annihilape\n|-singleturn|p2a: Annihilape|Protect\n|-curestatus|p2b: Goodra|slp|[msg]\n|move|p2b: Goodra|Thunderbolt|p1b: Kingambit\n|-supereffective|p1b: Kingambit\n|-damage|p1b: Kingambit|0 fnt\n|faint|p1b: Kingambit\n|move|p1a: Gastrodon|Earth Power|p2a: Annihilape\n|-activate|p2a: Annihilape|move: Protect\n|\n|-heal|p2a: Annihilape|37\/100|[from] item: Leftovers\n|upkeep\n|turn|12\n|\n|t:|1683215322\n|move|p2a: Annihilape|Rage Fist|p1a: Gastrodon\n|-damage|p1a: Gastrodon|0 fnt\n|faint|p1a: Gastrodon\n|\n|win|mike3092\n|raw|ajbl95's rating: 1440 → 1418<\/strong> (-22 for losing)\n|raw|mike3092's rating: 1400 → 1422<\/strong> (+22 for winning)\n","uploadtime":1683215328,"views":11,"p1id":"ajbl95","p2id":"mike3092","formatid":"gen9vgc2023regulationc","rating":1418,"private":0,"password":""}