{"id":"gen9vgc2023regulationc-1845630162","p1":"rkdcp","p2":"MistressQueenM","format":"[Gen 9] VGC 2023 Regulation C","log":"|j|\u2606rkdcp\n|j|\u203dMistressQueenM\n|t:|1681750879\n|gametype|doubles\n|player|p1|rkdcp|102|1420\n|player|p2|MistressQueenM|veteranf|1374\n|teamsize|p1|6\n|teamsize|p2|6\n|gen|9\n|tier|[Gen 9] VGC 2023 Regulation C\n|rated|\n|rule|Species Clause: Limit one of each Pok\u00e9mon\n|rule|Item Clause: Limit one of each item\n|clearpoke\n|poke|p1|Annihilape, L50, F|\n|poke|p1|Maushold, L50|\n|poke|p1|Ting-Lu, L50|\n|poke|p1|Chien-Pao, L50|\n|poke|p1|Iron Bundle, L50|\n|poke|p1|Flutter Mane, L50|\n|poke|p2|Wo-Chien, L50|\n|poke|p2|Torkoal, L50, M|\n|poke|p2|Garganacl, L50, F|\n|poke|p2|Great Tusk, L50|\n|poke|p2|Murkrow, L50, M|\n|poke|p2|Farigiraf, L50, M|\n|teampreview|4\n|inactive|Battle timer is ON: inactive players will automatically lose when time's up. (requested by MistressQueenM)\n|\n|t:|1681750953\n|start\n|switch|p1a: Maushold|Maushold, L50|100\/100\n|switch|p1b: Annihilape|Annihilape, L50, F|100\/100\n|switch|p2a: Murkrow|Murkrow, L50, M|100\/100\n|switch|p2b: Farigiraf|Farigiraf, L50, M|100\/100\n|turn|1\n|\n|t:|1681750969\n|-terastallize|p1b: Annihilape|Water\n|move|p2a: Murkrow|Thunder Wave|p1b: Annihilape\n|-status|p1b: Annihilape|par\n|move|p1a: Maushold|Taunt|p2b: Farigiraf\n|-start|p2b: Farigiraf|move: Taunt\n|move|p1b: Annihilape|Bulk Up|p1b: Annihilape\n|-boost|p1b: Annihilape|atk|1\n|-boost|p1b: Annihilape|def|1\n|cant|p2b: Farigiraf|move: Taunt|Trick Room\n|\n|upkeep\n|turn|2\n|inactive|rkdcp has 30 seconds left.\n|inactive|rkdcp has 20 seconds left.\n|\n|t:|1681751004\n|move|p2a: Murkrow|Thunder Wave|p1a: Maushold\n|-status|p1a: Maushold|par\n|move|p1a: Maushold|Beat Up|p1b: Annihilape\n|-damage|p1b: Annihilape|99\/100 par\n|-damage|p1b: Annihilape|98\/100 par\n|-damage|p1b: Annihilape|97\/100 par\n|-hitcount|p1b: Annihilape|3\n|move|p1b: Annihilape|Drain Punch|p2b: Farigiraf\n|-damage|p2b: Farigiraf|50\/100\n|-heal|p1b: Annihilape|100\/100 par|[from] drain|[of] p2b: Farigiraf\n|move|p2b: Farigiraf|Foul Play|p1b: Annihilape\n|-damage|p1b: Annihilape|78\/100 par\n|\n|-heal|p1b: Annihilape|85\/100 par|[from] item: Leftovers\n|upkeep\n|turn|3\n|inactive|MistressQueenM has 30 seconds left.\n|\n|t:|1681751031\n|move|p1a: Maushold|Follow Me|p1a: Maushold\n|-singleturn|p1a: Maushold|move: Follow Me\n|move|p2a: Murkrow|Tailwind|p2a: Murkrow\n|-sidestart|p2: MistressQueenM|move: Tailwind\n|move|p2b: Farigiraf|Hyper Voice|p1a: Maushold|[spread] p1a,p1b\n|-enditem|p2b: Farigiraf|Normal Gem|[from] gem\n|-damage|p1a: Maushold|61\/100 par\n|-damage|p1b: Annihilape|63\/100 par\n|move|p1b: Annihilape|Drain Punch|p2b: Farigiraf\n|-damage|p2b: Farigiraf|1\/100\n|-heal|p1b: Annihilape|89\/100 par|[from] drain|[of] p2b: Farigiraf\n|\n|-heal|p1b: Annihilape|96\/100 par|[from] item: Leftovers\n|-end|p2b: Farigiraf|move: Taunt\n|upkeep\n|turn|4\n|inactive|rkdcp has 30 seconds left.\n|\n|t:|1681751064\n|move|p1a: Maushold|Follow Me|p1a: Maushold\n|-singleturn|p1a: Maushold|move: Follow Me\n|move|p2a: Murkrow|Foul Play|p1a: Maushold\n|-damage|p1a: Maushold|36\/100 par\n|move|p2b: Farigiraf|Foul Play|p1a: Maushold\n|-damage|p1a: Maushold|20\/100 par\n|move|p1b: Annihilape|Drain Punch|p2b: Farigiraf\n|-damage|p2b: Farigiraf|0 fnt\n|-heal|p1b: Annihilape|96\/100 par|[from] drain|[of] p2b: Farigiraf\n|faint|p2b: Farigiraf\n|\n|-heal|p1b: Annihilape|100\/100 par|[from] item: Leftovers\n|upkeep\n|inactive|MistressQueenM has 30 seconds left.\n|\n|t:|1681751094\n|switch|p2b: Torkoal|Torkoal, L50, M, shiny|100\/100\n|-weather|SunnyDay|[from] ability: Drought|[of] p2b: Torkoal\n|turn|5\n|\n|t:|1681751108\n|-terastallize|p2b: Torkoal|Fire\n|cant|p1a: Maushold|par\n|move|p2a: Murkrow|Foul Play|p1a: Maushold\n|-damage|p1a: Maushold|0 fnt\n|faint|p1a: Maushold\n|move|p2b: Torkoal|Eruption|p1b: Annihilape\n|-resisted|p1b: Annihilape\n|-damage|p1b: Annihilape|22\/100 par\n|move|p1b: Annihilape|Rage Fist|p2b: Torkoal\n|-damage|p2b: Torkoal|0 fnt\n|faint|p2b: Torkoal\n|\n|-weather|SunnyDay|[upkeep]\n|-heal|p1b: Annihilape|28\/100 par|[from] item: Leftovers\n|upkeep\n|\n|t:|1681751129\n|switch|p1a: Iron Bundle|Iron Bundle, L50|100\/100\n|switch|p2b: Wo-Chien|Wo-Chien, L50|100\/100\n|-ability|p2b: Wo-Chien|Tablets of Ruin\n|-enditem|p1a: Iron Bundle|Booster Energy\n|-activate|p1a: Iron Bundle|ability: Quark Drive|[fromitem]\n|-start|p1a: Iron Bundle|quarkdrivespe\n|turn|6\n|\n|t:|1681751144\n|move|p1a: Iron Bundle|Protect|p1a: Iron Bundle\n|-singleturn|p1a: Iron Bundle|Protect\n|cant|p1b: Annihilape|par\n|move|p2a: Murkrow|Thunder Wave|p1a: Iron Bundle\n|-activate|p1a: Iron Bundle|move: Protect\n|move|p2b: Wo-Chien|Giga Drain|p1b: Annihilape\n|-supereffective|p1b: Annihilape\n|-damage|p1b: Annihilape|0 fnt\n|faint|p1b: Annihilape\n|\n|-weather|SunnyDay|[upkeep]\n|-sideend|p2: MistressQueenM|move: Tailwind\n|upkeep\n|\n|t:|1681751155\n|switch|p1b: Ting-Lu|Ting-Lu, L50|100\/100\n|-ability|p1b: Ting-Lu|Vessel of Ruin\n|turn|7\n|\n|t:|1681751165\n|move|p2a: Murkrow|Thunder Wave|p1a: Iron Bundle\n|-status|p1a: Iron Bundle|par\n|move|p1a: Iron Bundle|Icy Wind|p2b: Wo-Chien|[spread] p2a,p2b\n|-supereffective|p2a: Murkrow\n|-supereffective|p2b: Wo-Chien\n|-damage|p2a: Murkrow|74\/100\n|-damage|p2b: Wo-Chien|84\/100\n|-unboost|p2a: Murkrow|spe|1\n|-unboost|p2b: Wo-Chien|spe|1\n|move|p1b: Ting-Lu|Snarl|p2a: Murkrow|[spread] p2a,p2b\n|-resisted|p2a: Murkrow\n|-resisted|p2b: Wo-Chien\n|-damage|p2a: Murkrow|70\/100\n|-damage|p2b: Wo-Chien|82\/100\n|-unboost|p2a: Murkrow|spa|1\n|-unboost|p2b: Wo-Chien|spa|1\n|move|p2b: Wo-Chien|Giga Drain|p1a: Iron Bundle\n|-supereffective|p1a: Iron Bundle\n|-damage|p1a: Iron Bundle|44\/100 par\n|-heal|p2b: Wo-Chien|100\/100|[from] drain|[of] p1a: Iron Bundle\n|\n|-weather|SunnyDay|[upkeep]\n|upkeep\n|turn|8\n|inactive|rkdcp has 30 seconds left.\n|\n|t:|1681751195\n|move|p1a: Iron Bundle|Protect|p1a: Iron Bundle\n|-singleturn|p1a: Iron Bundle|Protect\n|move|p2a: Murkrow|Tailwind|p2a: Murkrow\n|-sidestart|p2: MistressQueenM|move: Tailwind\n|move|p2b: Wo-Chien|Leech Seed|p1b: Ting-Lu\n|-start|p1b: Ting-Lu|move: Leech Seed\n|move|p1b: Ting-Lu|Fissure|p2b: Wo-Chien|[miss]\n|-miss|p1b: Ting-Lu|p2b: Wo-Chien\n|\n|-weather|SunnyDay|[upkeep]\n|-damage|p1b: Ting-Lu|88\/100|[from] Leech Seed|[of] p2b: Wo-Chien\n|upkeep\n|turn|9\n|\n|t:|1681751214\n|move|p2b: Wo-Chien|Protect|p2b: Wo-Chien\n|-singleturn|p2b: Wo-Chien|Protect\n|move|p2a: Murkrow|Foul Play|p1b: Ting-Lu\n|-resisted|p1b: Ting-Lu\n|-damage|p1b: Ting-Lu|80\/100\n|move|p1a: Iron Bundle|Freeze-Dry|p2b: Wo-Chien\n|-activate|p2b: Wo-Chien|move: Protect\n|move|p1b: Ting-Lu|Fissure|p2b: Wo-Chien\n|-activate|p2b: Wo-Chien|move: Protect\n|\n|-weather|none\n|-damage|p1b: Ting-Lu|68\/100|[from] Leech Seed|[of] p2b: Wo-Chien\n|upkeep\n|turn|10\n|\n|t:|1681751227\n|move|p2a: Murkrow|Foul Play|p1a: Iron Bundle\n|-damage|p1a: Iron Bundle|21\/100 par\n|cant|p1a: Iron Bundle|par\n|move|p2b: Wo-Chien|Giga Drain|p1a: Iron Bundle\n|-supereffective|p1a: Iron Bundle\n|-damage|p1a: Iron Bundle|0 fnt\n|faint|p1a: Iron Bundle\n|-end|p1a: Iron Bundle|Quark Drive|[silent]\n|move|p1b: Ting-Lu|Fissure|p2b: Wo-Chien|[miss]\n|-miss|p1b: Ting-Lu|p2b: Wo-Chien\n|\n|-damage|p1b: Ting-Lu|56\/100|[from] Leech Seed|[of] p2b: Wo-Chien\n|upkeep\n|turn|11\n|-message|rkdcp forfeited.\n|\n|win|MistressQueenM\n|raw|rkdcp's rating: 1420 → 1397<\/strong> (-23 for losing)\n|raw|MistressQueenM's rating: 1374 → 1397<\/strong> (+23 for winning)\n|l|\u2606rkdcp\n","uploadtime":1681751292,"views":13,"p1id":"rkdcp","p2id":"mistressqueenm","formatid":"gen9vgc2023regulationc","rating":1397,"private":0,"password":""}