{"id":"gen9vgc2023regulationc-1862889221","p1":"PictoChatVGC","p2":"jmmata95","format":"[Gen 9] VGC 2023 Regulation C","log":"|j|\u2606PictoChatVGC\n|j|\u2606jmmata95\n|t:|1683934227\n|gametype|doubles\n|player|p1|PictoChatVGC|lucas|\n|player|p2|jmmata95|2|\n|teamsize|p1|6\n|teamsize|p2|6\n|gen|9\n|tier|[Gen 9] VGC 2023 Regulation C\n|rule|Species Clause: Limit one of each Pok\u00e9mon\n|rule|Item Clause: Limit one of each item\n|clearpoke\n|poke|p1|Iron Hands, L50|\n|poke|p1|Indeedee-F, L50, F|\n|poke|p1|Torkoal, L50, F|\n|poke|p1|Tyranitar, L50, F|\n|poke|p1|Armarouge, L50, F|\n|poke|p1|Oranguru, L50, M|\n|poke|p2|Talonflame, L50, M|\n|poke|p2|Iron Bundle, L50|\n|poke|p2|Iron Hands, L50|\n|poke|p2|Amoonguss, L50, F|\n|poke|p2|Garchomp, L50, F|\n|poke|p2|Chien-Pao, L50|\n|teampreview|4\nPictoChatVGC has agreed to open team sheets.\n|c|\u2606jmmata95|Hi\n|c|\u2606PictoChatVGC|hellooo\n|c|\u2606jmmata95|u go open the 3 combat\n|c|\u2606jmmata95|or play first this?\n|c|\u2606jmmata95|Start in this?\n|c|\u2606PictoChatVGC|GLhf\n|c|\u2606PictoChatVGC|yeeee\n|c|\u2606jmmata95|same for u\n|inactive|Battle timer is ON: inactive players will automatically lose when time's up. (requested by jmmata95)\n|inactive|PictoChatVGC has 60 seconds left.\n|\n|t:|1683934368\n|start\n|switch|p1a: Indeedee-Respects|Indeedee-F, L50, F|100\/100\n|switch|p1b: ARealGorillo|Oranguru, L50, M|100\/100\n|switch|p2a: Talonflame|Talonflame, L50, M|100\/100\n|switch|p2b: Iron Bundle|Iron Bundle, L50|100\/100\n|-fieldstart|move: Psychic Terrain|[from] ability: Psychic Surge|[of] p1a: Indeedee-Respects\n|-enditem|p2b: Iron Bundle|Booster Energy\n|-activate|p2b: Iron Bundle|ability: Quark Drive|[fromitem]\n|-start|p2b: Iron Bundle|quarkdrivespe\n|turn|1\n|inactive|jmmata95 has 30 seconds left.\n|\n|t:|1683934397\n|move|p1a: Indeedee-Respects|Follow Me|p1a: Indeedee-Respects\n|-singleturn|p1a: Indeedee-Respects|move: Follow Me\n|move|p2b: Iron Bundle|Hydro Pump|p1a: Indeedee-Respects|[miss]\n|-miss|p2b: Iron Bundle|p1a: Indeedee-Respects\n|move|p2a: Talonflame|Taunt|p1a: Indeedee-Respects\n|-start|p1a: Indeedee-Respects|move: Taunt\n|move|p1b: ARealGorillo|Trick Room|p1b: ARealGorillo\n|-fieldstart|move: Trick Room|[of] p1b: ARealGorillo\n|\n|upkeep\n|turn|2\n|inactive|jmmata95 has 30 seconds left.\n|\n|t:|1683934423\n|move|p2a: Talonflame|Brave Bird|p1a: Indeedee-Respects\n|-activate|p1a: Indeedee-Respects|move: Psychic Terrain\n|move|p1b: ARealGorillo|Taunt|p2a: Talonflame\n|-start|p2a: Talonflame|move: Taunt\n|move|p1a: Indeedee-Respects|Psychic|p2b: Iron Bundle\n|-damage|p2b: Iron Bundle|2\/100\n|move|p2b: Iron Bundle|Hydro Pump|p1a: Indeedee-Respects|[miss]\n|-miss|p2b: Iron Bundle|p1a: Indeedee-Respects\n|\n|upkeep\n|turn|3\n|inactive|jmmata95 has 30 seconds left.\n|inactive|PictoChatVGC has 30 seconds left.\n|inactive|jmmata95 has 20 seconds left.\n|\n|t:|1683934460\n|switch|p2a: Garchomp|Garchomp, L50, F|100\/100\n|move|p2b: Iron Bundle|Protect|p2b: Iron Bundle\n|-singleturn|p2b: Iron Bundle|Protect\n|move|p1b: ARealGorillo|Instruct|p1a: Indeedee-Respects\n|-singleturn|p1a: Indeedee-Respects|move: Instruct|[of] p1b: ARealGorillo\n|move|p1a: Indeedee-Respects|Psychic|p2b: Iron Bundle\n|-activate|p2b: Iron Bundle|move: Protect\n|move|p1a: Indeedee-Respects|Psychic|p2a: Garchomp\n|-damage|p2a: Garchomp|48\/100\n|\n|upkeep\n|turn|4\n|inactive|PictoChatVGC has 30 seconds left.\n|inactive|PictoChatVGC has 20 seconds left.\n|inactive|PictoChatVGC has 15 seconds left.\n|inactive|PictoChatVGC has 10 seconds left.\n|inactive|PictoChatVGC has 5 seconds left.\n|\n|t:|1683934512\n|move|p2a: Garchomp|Protect|p2a: Garchomp\n|-singleturn|p2a: Garchomp|Protect\n|move|p1b: ARealGorillo|Instruct|p1a: Indeedee-Respects\n|-singleturn|p1a: Indeedee-Respects|move: Instruct|[of] p1b: ARealGorillo\n|move|p1a: Indeedee-Respects|Psychic|p2a: Garchomp\n|-activate|p2a: Garchomp|move: Protect\n|move|p1a: Indeedee-Respects|Psychic|p2b: Iron Bundle\n|-damage|p2b: Iron Bundle|0 fnt\n|faint|p2b: Iron Bundle\n|-end|p2b: Iron Bundle|Quark Drive|[silent]\n|\n|-end|p1a: Indeedee-Respects|move: Taunt\n|upkeep\n|\n|t:|1683934524\n|switch|p2b: Iron Hands|Iron Hands, L50|100\/100\n|turn|5\n|\n|t:|1683934542\n|move|p1a: Indeedee-Respects|Follow Me|p1a: Indeedee-Respects\n|-singleturn|p1a: Indeedee-Respects|move: Follow Me\n|move|p2b: Iron Hands|Drain Punch|p1a: Indeedee-Respects\n|-damage|p1a: Indeedee-Respects|43\/100\n|move|p1b: ARealGorillo|Instruct|p1a: Indeedee-Respects\n|-singleturn|p1a: Indeedee-Respects|move: Instruct|[of] p1b: ARealGorillo\n|move|p1a: Indeedee-Respects|Follow Me||[still]\n|-fail|p1a: Indeedee-Respects\n|move|p2a: Garchomp|Rock Slide|p1a: Indeedee-Respects|[spread] p1a,p1b\n|-damage|p1a: Indeedee-Respects|6\/100\n|-damage|p1b: ARealGorillo|78\/100\n|-damage|p2a: Garchomp|38\/100|[from] item: Life Orb\n|\n|-fieldend|move: Trick Room\n|-fieldend|move: Psychic Terrain\n|upkeep\n|turn|6\n|c|\u2606PictoChatVGC|oops\n|\n|t:|1683934562\n|-end|p2b: Iron Hands|Quark Drive|[silent]\n|switch|p2b: Talonflame|Talonflame, L50, M|100\/100\n|move|p1a: Indeedee-Respects|Follow Me|p1a: Indeedee-Respects\n|-singleturn|p1a: Indeedee-Respects|move: Follow Me\n|move|p2a: Garchomp|Earthquake|p1a: Indeedee-Respects|[spread] p1a,p1b\n|-immune|p2b: Talonflame\n|-damage|p1a: Indeedee-Respects|0 fnt\n|-damage|p1b: ARealGorillo|32\/100\n|faint|p1a: Indeedee-Respects\n|-damage|p2a: Garchomp|29\/100|[from] item: Life Orb\n|move|p1b: ARealGorillo|Trick Room|p1b: ARealGorillo\n|-fieldstart|move: Trick Room|[of] p1b: ARealGorillo\n|\n|upkeep\n|\n|t:|1683934573\n|switch|p1a: Darude|Tyranitar, L50, F|100\/100\n|-weather|Sandstorm|[from] ability: Sand Stream|[of] p1a: Darude\n|turn|7\n|\n|t:|1683934589\n|-terastallize|p1a: Darude|Rock\n|-terastallize|p2b: Talonflame|Ghost\n|move|p2a: Garchomp|Protect|p2a: Garchomp\n|-singleturn|p2a: Garchomp|Protect\n|move|p1b: ARealGorillo|Instruct||[still]\n|-fail|p1b: ARealGorillo\n|move|p1a: Darude|Rock Slide|p2a: Garchomp|[spread] p2b\n|-activate|p2a: Garchomp|move: Protect\n|-damage|p2b: Talonflame|34\/100\n|move|p2b: Talonflame|Will-O-Wisp|p1a: Darude\n|-status|p1a: Darude|brn\n|\n|-weather|Sandstorm|[upkeep]\n|-damage|p1b: ARealGorillo|26\/100|[from] Sandstorm\n|-damage|p1a: Darude|95\/100 brn|[from] brn\n|upkeep\n|turn|8\n|c|\u2606PictoChatVGC|oop lol knew id do that at least once\n|inactive|PictoChatVGC has 30 seconds left.\n|inactive|jmmata95 has 30 seconds left.\n|\n|t:|1683934620\n|move|p1b: ARealGorillo|Bulldoze|p2a: Garchomp|[spread] p1a,p2a,p2b\n|-supereffective|p1a: Darude\n|-crit|p2a: Garchomp\n|-damage|p1a: Darude|81\/100 brn\n|-damage|p2a: Garchomp|15\/100\n|-damage|p2b: Talonflame|20\/100\n|-unboost|p1a: Darude|spe|1\n|-unboost|p2a: Garchomp|spe|1\n|-unboost|p2b: Talonflame|spe|1\n|-enditem|p1a: Darude|Weakness Policy\n|-boost|p1a: Darude|atk|2|[from] item: Weakness Policy\n|-boost|p1a: Darude|spa|2|[from] item: Weakness Policy\n|-activate|p1b: ARealGorillo|ability: Symbiosis|Life Orb|[of] p1a: Darude\n|move|p1a: Darude|Rock Slide|p2b: Talonflame|[spread] p2a,p2b\n|-resisted|p2a: Garchomp\n|-damage|p2a: Garchomp|0 fnt\n|-damage|p2b: Talonflame|0 fnt\n|faint|p2a: Garchomp\n|faint|p2b: Talonflame\n|-damage|p1a: Darude|71\/100 brn|[from] item: Life Orb\n|\n|-weather|Sandstorm|[upkeep]\n|-damage|p1b: ARealGorillo|20\/100|[from] Sandstorm\n|-damage|p1a: Darude|65\/100 brn|[from] brn\n|upkeep\n|\n|t:|1683934631\n|switch|p2b: Iron Hands|Iron Hands, L50|100\/100\n|turn|9\n|\n|t:|1683934650\n|move|p1a: Darude|Low Kick|p2b: Iron Hands\n|-damage|p2b: Iron Hands|55\/100\n|-damage|p1a: Darude|56\/100 brn|[from] item: Life Orb\n|move|p2b: Iron Hands|Drain Punch|p1a: Darude\n|-supereffective|p1a: Darude\n|-damage|p1a: Darude|0 fnt\n|-heal|p2b: Iron Hands|80\/100|[from] drain|[of] p1a: Darude\n|faint|p1a: Darude\n|move|p1b: ARealGorillo|Instruct|p1: Darude|[notarget]\n|-fail|p1b: ARealGorillo\n|\n|-weather|Sandstorm|[upkeep]\n|-damage|p2b: Iron Hands|74\/100|[from] Sandstorm\n|-damage|p1b: ARealGorillo|14\/100|[from] Sandstorm\n|upkeep\n|\n|t:|1683934654\n|switch|p1a: SuperSizeFries|Iron Hands, L50|100\/100\n|-enditem|p1a: SuperSizeFries|Booster Energy\n|-activate|p1a: SuperSizeFries|ability: Quark Drive|[fromitem]\n|-start|p1a: SuperSizeFries|quarkdriveatk\n|turn|10\n|inactive|PictoChatVGC has 30 seconds left.\n|\n|t:|1683934687\n|move|p2b: Iron Hands|Drain Punch|p1b: ARealGorillo\n|-damage|p1b: ARealGorillo|0 fnt\n|-heal|p2b: Iron Hands|79\/100|[from] drain|[of] p1b: ARealGorillo\n|faint|p1b: ARealGorillo\n|move|p1a: SuperSizeFries|Close Combat|p2b: Iron Hands\n|-damage|p2b: Iron Hands|14\/100\n|-unboost|p1a: SuperSizeFries|def|1\n|-unboost|p1a: SuperSizeFries|spd|1\n|\n|-weather|Sandstorm|[upkeep]\n|-damage|p2b: Iron Hands|7\/100|[from] Sandstorm\n|-damage|p1a: SuperSizeFries|94\/100|[from] Sandstorm\n|-fieldend|move: Trick Room\n|upkeep\n|turn|11\n|\n|t:|1683934699\n|move|p2b: Iron Hands|Drain Punch|p1a: SuperSizeFries\n|-damage|p1a: SuperSizeFries|45\/100\n|-heal|p2b: Iron Hands|32\/100|[from] drain|[of] p1a: SuperSizeFries\n|move|p1a: SuperSizeFries|Close Combat|p2b: Iron Hands\n|-damage|p2b: Iron Hands|0 fnt\n|-unboost|p1a: SuperSizeFries|def|1\n|-unboost|p1a: SuperSizeFries|spd|1\n|faint|p2b: Iron Hands\n|-end|p2b: Iron Hands|Quark Drive|[silent]\n|\n|win|PictoChatVGC\n|c|\u2606PictoChatVGC|gg\n|l|\u2606jmmata95\n","uploadtime":1683934713,"views":14,"p1id":"pictochatvgc","p2id":"jmmata95","formatid":"gen9vgc2023regulationc","rating":0,"private":0,"password":""}