{"id":"gen9vgc2023regulationc-1855981744","p1":"Lalo2101","p2":"gung hole","format":"[Gen 9] VGC 2023 Regulation C","log":"|j|\u2606Lalo2101\n|j|\u203dgung hole\n|t:|1683011574\n|gametype|doubles\n|player|p1|Lalo2101|169|1132\n|player|p2|gung hole|harlequin|1108\n|teamsize|p1|6\n|teamsize|p2|6\n|gen|9\n|tier|[Gen 9] VGC 2023 Regulation C\n|rated|\n|rule|Species Clause: Limit one of each Pok\u00e9mon\n|rule|Item Clause: Limit one of each item\n|clearpoke\n|poke|p1|Annihilape, L50, M|\n|poke|p1|Maushold, L50|\n|poke|p1|Flutter Mane, L50|\n|poke|p1|Tyranitar, L50, M|\n|poke|p1|Lycanroc, L50, F|\n|poke|p1|Ting-Lu, L50|\n|poke|p2|Chi-Yu, L50|\n|poke|p2|Torkoal, L50, M|\n|poke|p2|Slither Wing, L50|\n|poke|p2|Flutter Mane, L50|\n|poke|p2|Amoonguss, L50, F|\n|poke|p2|Chien-Pao, L50|\n|teampreview|4\n|\n|t:|1683011597\n|start\n|switch|p1a: Tyranitar|Tyranitar, L50, M|100\/100\n|switch|p1b: Lycanroc|Lycanroc, L50, F|100\/100\n|switch|p2a: Torkoal|Torkoal, L50, M|100\/100\n|switch|p2b: Slither Wing|Slither Wing, L50|100\/100\n|-weather|Sandstorm|[from] ability: Sand Stream|[of] p1a: Tyranitar\n|-weather|SunnyDay|[from] ability: Drought|[of] p2a: Torkoal\n|-activate|p2b: Slither Wing|ability: Protosynthesis\n|-start|p2b: Slither Wing|protosynthesisatk\n|turn|1\n|\n|t:|1683011613\n|switch|p1a: Ting-Lu|Ting-Lu, L50|100\/100\n|-ability|p1a: Ting-Lu|Vessel of Ruin\n|move|p2a: Torkoal|Protect|p2a: Torkoal\n|-singleturn|p2a: Torkoal|Protect\n|move|p1b: Lycanroc|Bulldoze|p2b: Slither Wing|[spread] p1a,p2b\n|-activate|p2a: Torkoal|move: Protect\n|-resisted|p2b: Slither Wing\n|-damage|p1a: Ting-Lu|92\/100\n|-damage|p2b: Slither Wing|91\/100\n|-unboost|p2b: Slither Wing|spe|1\n|move|p2b: Slither Wing|Close Combat|p1a: Ting-Lu\n|-supereffective|p1a: Ting-Lu\n|-damage|p1a: Ting-Lu|0 fnt\n|-unboost|p2b: Slither Wing|def|1\n|-unboost|p2b: Slither Wing|spd|1\n|faint|p1a: Ting-Lu\n|\n|-weather|SunnyDay|[upkeep]\n|upkeep\n|\n|t:|1683011629\n|switch|p1a: Tyranitar|Tyranitar, L50, M|100\/100\n|-weather|Sandstorm|[from] ability: Sand Stream|[of] p1a: Tyranitar\n|-end|p2b: Slither Wing|Protosynthesis\n|turn|2\n|\n|t:|1683011653\n|switch|p2a: Flutter Mane|Flutter Mane, L50|100\/100\n|move|p1b: Lycanroc|Rock Slide|p2b: Slither Wing|[spread] p2a,p2b\n|-damage|p2a: Flutter Mane|37\/100\n|-damage|p2b: Slither Wing|31\/100\n|move|p2b: Slither Wing|Close Combat|p1a: Tyranitar\n|-supereffective|p1a: Tyranitar\n|-damage|p1a: Tyranitar|0 fnt\n|-unboost|p2b: Slither Wing|def|1\n|-unboost|p2b: Slither Wing|spd|1\n|faint|p1a: Tyranitar\n|\n|-weather|Sandstorm|[upkeep]\n|-damage|p2a: Flutter Mane|31\/100|[from] Sandstorm\n|-damage|p2b: Slither Wing|25\/100|[from] Sandstorm\n|upkeep\n|\n|t:|1683011666\n|switch|p1a: Flutter Mane|Flutter Mane, L50|100\/100\n|turn|3\n|\n|t:|1683011684\n|-end|p2b: Slither Wing|Protosynthesis|[silent]\n|switch|p2b: Torkoal|Torkoal, L50, M|100\/100\n|-weather|SunnyDay|[from] ability: Drought|[of] p2b: Torkoal\n|-activate|p2a: Flutter Mane|ability: Protosynthesis\n|-start|p2a: Flutter Mane|protosynthesisspe\n|-activate|p1a: Flutter Mane|ability: Protosynthesis\n|-start|p1a: Flutter Mane|protosynthesisspa\n|move|p2a: Flutter Mane|Shadow Ball|p1a: Flutter Mane\n|-supereffective|p1a: Flutter Mane\n|-damage|p1a: Flutter Mane|0 fnt\n|faint|p1a: Flutter Mane\n|-end|p1a: Flutter Mane|Protosynthesis|[silent]\n|-damage|p2a: Flutter Mane|21\/100|[from] item: Life Orb\n|move|p1b: Lycanroc|Rock Slide|p2b: Torkoal|[spread] p2a,p2b\n|-supereffective|p2b: Torkoal\n|-damage|p2a: Flutter Mane|0 fnt\n|-damage|p2b: Torkoal|67\/100\n|faint|p2a: Flutter Mane\n|-end|p2a: Flutter Mane|Protosynthesis|[silent]\n|\n|-weather|SunnyDay|[upkeep]\n|upkeep\n|\n|t:|1683011701\n|switch|p2a: Slither Wing|Slither Wing, L50|25\/100\n|-activate|p2a: Slither Wing|ability: Protosynthesis\n|-start|p2a: Slither Wing|protosynthesisatk\n|turn|4\n|\n|t:|1683011712\n|-terastallize|p1b: Lycanroc|Ghost\n|-terastallize|p2a: Slither Wing|Bug\n|move|p2a: Slither Wing|First Impression|p1b: Lycanroc\n|-resisted|p1b: Lycanroc\n|-crit|p1b: Lycanroc\n|-enditem|p1b: Lycanroc|Focus Sash\n|-damage|p1b: Lycanroc|1\/100\n|move|p1b: Lycanroc|Rock Slide|p2a: Slither Wing|[spread] p2a\n|-miss|p1b: Lycanroc|p2b: Torkoal\n|-supereffective|p2a: Slither Wing\n|-damage|p2a: Slither Wing|0 fnt\n|faint|p2a: Slither Wing\n|-end|p2a: Slither Wing|Protosynthesis|[silent]\n|move|p2b: Torkoal|Body Press|p1b: Lycanroc\n|-immune|p1b: Lycanroc\n|\n|-weather|SunnyDay|[upkeep]\n|upkeep\n|\n|t:|1683011725\n|switch|p2a: Chi-Yu|Chi-Yu, L50|100\/100\n|-ability|p2a: Chi-Yu|Beads of Ruin\n|turn|5\n|\n|t:|1683011730\n|move|p1b: Lycanroc|Rock Slide|p2b: Torkoal|[spread] p2a,p2b\n|-supereffective|p2a: Chi-Yu\n|-supereffective|p2b: Torkoal\n|-crit|p2b: Torkoal\n|-damage|p2a: Chi-Yu|7\/100\n|-damage|p2b: Torkoal|21\/100\n|cant|p2a: Chi-Yu|flinch\n|move|p2b: Torkoal|Heat Wave|p1b: Lycanroc\n|-damage|p1b: Lycanroc|0 fnt\n|faint|p1b: Lycanroc\n|\n|win|gung hole\n|raw|Lalo2101's rating: 1132 → 1105<\/strong> (-27 for losing)\n|raw|gung hole's rating: 1108 → 1135<\/strong> (+27 for winning)\n|l|\u2606Lalo2101\n","uploadtime":1683011764,"views":19,"p1id":"lalo2101","p2id":"gunghole","formatid":"gen9vgc2023regulationc","rating":1105,"private":0,"password":""}