{"id":"gen9vgc2023regulationc-1854240257","p1":"PandaPat75","p2":"Aki Hoshino","format":"[Gen 9] VGC 2023 Regulation C","log":"|j|\u2606PandaPat75\n|j|\u2606Aki Hoshino\n|t:|1682787450\n|gametype|doubles\n|player|p1|PandaPat75|crasherwake|1633\n|player|p2|Aki Hoshino|aromalady|1653\n|teamsize|p1|6\n|teamsize|p2|6\n|gen|9\n|tier|[Gen 9] VGC 2023 Regulation C\n|rated|\n|rule|Species Clause: Limit one of each Pok\u00e9mon\n|rule|Item Clause: Limit one of each item\n|clearpoke\n|poke|p1|Dondozo, L50, M|\n|poke|p1|Tatsugiri, L50, M|\n|poke|p1|Chi-Yu, L50|\n|poke|p1|Glimmora, L50, M|\n|poke|p1|Iron Bundle, L50|\n|poke|p1|Great Tusk, L50|\n|poke|p2|Talonflame, L50, M|\n|poke|p2|Roaring Moon, L50|\n|poke|p2|Iron Bundle, L50|\n|poke|p2|Abomasnow, L50, F|\n|poke|p2|Flutter Mane, L50|\n|poke|p2|Chi-Yu, L50|\n|teampreview|4\n|\n|t:|1682787459\n|start\n|switch|p1a: Chi-Yu|Chi-Yu, L50|100\/100\n|switch|p1b: Glimmora|Glimmora, L50, M|100\/100\n|switch|p2a: Talonflame|Talonflame, L50, M|100\/100\n|switch|p2b: Roaring Moon|Roaring Moon, L50|100\/100\n|-ability|p1a: Chi-Yu|Beads of Ruin\n|turn|1\n|\n|t:|1682787476\n|-terastallize|p2b: Roaring Moon|Ground\n|move|p2a: Talonflame|Tailwind|p2a: Talonflame\n|-sidestart|p2: Aki Hoshino|move: Tailwind\n|move|p2b: Roaring Moon|Earthquake|p1b: Glimmora|[spread] p1a,p1b\n|-immune|p2a: Talonflame\n|-supereffective|p1a: Chi-Yu\n|-crit|p1a: Chi-Yu\n|-supereffective|p1b: Glimmora\n|-enditem|p1a: Chi-Yu|Focus Sash\n|-damage|p1a: Chi-Yu|1\/100\n|-damage|p1b: Glimmora|0 fnt\n|-activate|p1b: Glimmora|ability: Toxic Debris\n|-sidestart|p2: Aki Hoshino|move: Toxic Spikes\n|faint|p1b: Glimmora\n|-damage|p2b: Roaring Moon|91\/100|[from] item: Life Orb\n|move|p1a: Chi-Yu|Heat Wave|p2a: Talonflame|[spread] p2b\n|-miss|p1a: Chi-Yu|p2a: Talonflame\n|-damage|p2b: Roaring Moon|39\/100\n|\n|upkeep\n|\n|t:|1682787480\n|switch|p1b: Dondozo|Dondozo, L50, M|100\/100\n|turn|2\n|j| Kital\n|l| Kital\n|j| maverickweavile\n|\n|t:|1682787510\n|switch|p1a: Tatsugiri|Tatsugiri, L50, M|100\/100\n|-activate|p1a: Tatsugiri|ability: Commander|[of] p1b: Dondozo\n|-boost|p1b: Dondozo|atk|2\n|-boost|p1b: Dondozo|spa|2\n|-boost|p1b: Dondozo|spe|2\n|-boost|p1b: Dondozo|def|2\n|-boost|p1b: Dondozo|spd|2\n|move|p2b: Roaring Moon|Earthquake|p1a: Tatsugiri|[spread] p1b\n|-miss|p2b: Roaring Moon|p1a: Tatsugiri\n|-immune|p2a: Talonflame\n|-damage|p1b: Dondozo|82\/100\n|-damage|p2b: Roaring Moon|29\/100|[from] item: Life Orb\n|move|p2a: Talonflame|Will-O-Wisp|p1b: Dondozo\n|-status|p1b: Dondozo|brn\n|move|p1b: Dondozo|Wave Crash|p2a: Talonflame\n|-supereffective|p2a: Talonflame\n|-damage|p2a: Talonflame|0 fnt\n|faint|p2a: Talonflame\n|-damage|p1b: Dondozo|57\/100 brn|[from] Recoil\n|\n|-heal|p1b: Dondozo|63\/100 brn|[from] item: Leftovers\n|-damage|p1b: Dondozo|57\/100 brn|[from] brn\n|upkeep\n|\n|t:|1682787535\n|switch|p2a: Iron Bundle|Iron Bundle, L50|100\/100\n|-status|p2a: Iron Bundle|psn\n|-enditem|p2a: Iron Bundle|Booster Energy\n|-activate|p2a: Iron Bundle|ability: Quark Drive|[fromitem]\n|-start|p2a: Iron Bundle|quarkdrivespe\n|turn|3\n|\n|t:|1682787544\n|move|p2a: Iron Bundle|Protect|p2a: Iron Bundle\n|-singleturn|p2a: Iron Bundle|Protect\n|move|p2b: Roaring Moon|Earthquake|p1b: Dondozo|[spread] p1b\n|-miss|p2b: Roaring Moon|p1a: Tatsugiri\n|-activate|p2a: Iron Bundle|move: Protect\n|-damage|p1b: Dondozo|40\/100 brn\n|-damage|p2b: Roaring Moon|19\/100|[from] item: Life Orb\n|move|p1b: Dondozo|Wave Crash|p2b: Roaring Moon\n|-supereffective|p2b: Roaring Moon\n|-damage|p2b: Roaring Moon|0 fnt\n|faint|p2b: Roaring Moon\n|-end|p2b: Roaring Moon|Protosynthesis|[silent]\n|-damage|p1b: Dondozo|36\/100 brn|[from] Recoil\n|\n|-heal|p1b: Dondozo|42\/100 brn|[from] item: Leftovers\n|-damage|p2a: Iron Bundle|88\/100 psn|[from] psn\n|-damage|p1b: Dondozo|36\/100 brn|[from] brn\n|upkeep\n|\n|t:|1682787562\n|switch|p2b: Flutter Mane|Flutter Mane, L50|100\/100\n|-status|p2b: Flutter Mane|psn\n|turn|4\n|\n|t:|1682787571\n|move|p2a: Iron Bundle|Freeze-Dry|p1b: Dondozo\n|-supereffective|p1b: Dondozo\n|-damage|p1b: Dondozo|0 fnt\n|faint|p1b: Dondozo\n|move|p2b: Flutter Mane|Dazzling Gleam|p1a: Tatsugiri\n|-supereffective|p1a: Tatsugiri\n|-damage|p1a: Tatsugiri|0 fnt\n|faint|p1a: Tatsugiri\n|\n|-damage|p2a: Iron Bundle|76\/100 psn|[from] psn\n|-damage|p2b: Flutter Mane|89\/100 psn|[from] psn\n|-sideend|p2: Aki Hoshino|move: Tailwind\n|upkeep\n|\n|t:|1682787574\n|switch|p1b: Chi-Yu|Chi-Yu, L50|1\/100\n|-ability|p1b: Chi-Yu|Beads of Ruin\n|turn|5\n|-message|PandaPat75 forfeited.\n|\n|win|Aki Hoshino\n|raw|PandaPat75's rating: 1633 → 1613<\/strong> (-20 for losing)\n|raw|Aki Hoshino's rating: 1630 → 1650<\/strong> (+20 for winning)\n|l|\u2606PandaPat75\n|l|\u2606Aki Hoshino\n|l| maverickweavile\n","uploadtime":1682787651,"views":16,"p1id":"pandapat75","p2id":"akihoshino","formatid":"gen9vgc2023regulationc","rating":1613,"private":0,"password":""}