{"id":"gen9vgc2023regulationc-1860205816","p1":"ice0012","p2":"VegaVex","format":"[Gen 9] VGC 2023 Regulation C","log":"|j|\u2606ice0012\n|j|\u2606VegaVex\n|t:|1683610002\n|gametype|doubles\n|player|p1|ice0012|youngster|1136\n|player|p2|VegaVex|cynthia-gen4|1042\n|teamsize|p1|6\n|teamsize|p2|6\n|gen|9\n|tier|[Gen 9] VGC 2023 Regulation C\n|rated|\n|rule|Species Clause: Limit one of each Pok\u00e9mon\n|rule|Item Clause: Limit one of each item\n|clearpoke\n|poke|p1|Kilowattrel, L50, F|\n|poke|p1|Cetitan, L50, F|\n|poke|p1|Abomasnow, L50, F|\n|poke|p1|Talonflame, L50, M|\n|poke|p1|Brambleghast, L50, M|\n|poke|p1|Meowscarada, L50, M|\n|poke|p2|Gallade, L50, M|\n|poke|p2|Gholdengo, L50|\n|poke|p2|Slowking, L50, F|\n|poke|p2|Wo-Chien, L50|\n|poke|p2|Delibird, L50, F|\n|poke|p2|Ting-Lu, L50|\n|teampreview|4\n|inactive|Battle timer is ON: inactive players will automatically lose when time's up. (requested by ice0012)\nVegaVex rejected open team sheets.\n|inactive|ice0012 has 60 seconds left.\n|\n|t:|1683610041\n|start\n|switch|p1a: Cetitan|Cetitan, L50, F|100\/100\n|switch|p1b: Abomasnow|Abomasnow, L50, F|100\/100\n|switch|p2a: Slowking|Slowking, L50, F|100\/100\n|switch|p2b: Im Trying ok?|Delibird, L50, F|100\/100\n|-weather|Snow|[from] ability: Snow Warning|[of] p1b: Abomasnow\n|turn|1\n|\n|t:|1683610063\n|move|p2b: Im Trying ok?|Fake Out|p1b: Abomasnow\n|-damage|p1b: Abomasnow|95\/100\n|move|p1a: Cetitan|Belly Drum|p1a: Cetitan\n|-damage|p1a: Cetitan|50\/100\n|-setboost|p1a: Cetitan|atk|6|[from] move: Belly Drum\n|-enditem|p1a: Cetitan|Sitrus Berry|[eat]\n|-heal|p1a: Cetitan|75\/100|[from] item: Sitrus Berry\n|cant|p1b: Abomasnow|flinch\n|move|p2a: Slowking|Trick Room|p2a: Slowking\n|-fieldstart|move: Trick Room|[of] p2a: Slowking\n|\n|-weather|Snow|[upkeep]\n|-heal|p1b: Abomasnow|100\/100|[from] item: Leftovers\n|upkeep\n|turn|2\n|inactive|VegaVex has 30 seconds left.\n|\n|t:|1683610091\n|move|p2b: Im Trying ok?|Ice Shard|p1b: Abomasnow\n|-damage|p1b: Abomasnow|92\/100\n|move|p2a: Slowking|Future Sight|p1a: Cetitan\n|-start|p2a: Slowking|move: Future Sight\n|move|p1b: Abomasnow|Sheer Cold|p2a: Slowking|[miss]\n|-miss|p1b: Abomasnow|p2a: Slowking\n|move|p1a: Cetitan|Play Rough|p2b: Im Trying ok?|[miss]\n|-miss|p1a: Cetitan|p2b: Im Trying ok?\n|\n|-weather|Snow|[upkeep]\n|-heal|p1b: Abomasnow|98\/100|[from] item: Leftovers\n|upkeep\n|turn|3\n|\n|t:|1683610108\n|move|p2b: Im Trying ok?|Ice Shard|p1b: Abomasnow\n|-damage|p1b: Abomasnow|89\/100\n|move|p2a: Slowking|Future Sight|p1b: Abomasnow\n|-start|p2a: Slowking|move: Future Sight\n|move|p1b: Abomasnow|Sheer Cold|p2a: Slowking|[miss]\n|-miss|p1b: Abomasnow|p2a: Slowking\n|move|p1a: Cetitan|Play Rough|p2b: Im Trying ok?\n|-enditem|p2b: Im Trying ok?|Focus Sash\n|-damage|p2b: Im Trying ok?|1\/100\n|-unboost|p2b: Im Trying ok?|atk|1\n|\n|-weather|Snow|[upkeep]\n|-heal|p1b: Abomasnow|95\/100|[from] item: Leftovers\n|upkeep\n|turn|4\n|\n|t:|1683610125\n|move|p2a: Slowking|Protect|p2a: Slowking\n|-singleturn|p2a: Slowking|Protect\n|move|p1a: Cetitan|Ice Shard|p2b: Im Trying ok?\n|-crit|p2b: Im Trying ok?\n|-damage|p2b: Im Trying ok?|0 fnt\n|faint|p2b: Im Trying ok?\n|move|p1b: Abomasnow|Sheer Cold|p2a: Slowking\n|-activate|p2a: Slowking|move: Protect\n|\n|-weather|Snow|[upkeep]\n|-end|p1a: Cetitan|move: Future Sight\n|-damage|p1a: Cetitan|5\/100\n|-heal|p1b: Abomasnow|100\/100|[from] item: Leftovers\n|upkeep\n|\n|t:|1683610141\n|switch|p2b: Wo-Chien|Wo-Chien, L50|100\/100\n|-ability|p2b: Wo-Chien|Tablets of Ruin\n|turn|5\n|inactive|VegaVex has 30 seconds left.\n|\n|t:|1683610167\n|switch|p2a: Gholdengo|Gholdengo, L50|100\/100\n|move|p1b: Abomasnow|Sheer Cold|p2a: Gholdengo|[miss]\n|-miss|p1b: Abomasnow|p2a: Gholdengo\n|move|p2b: Wo-Chien|Pollen Puff|p1a: Cetitan\n|-damage|p1a: Cetitan|0 fnt\n|faint|p1a: Cetitan\n|\n|-weather|none\n|-end|p1b: Abomasnow|move: Future Sight\n|-damage|p1b: Abomasnow|44\/100\n|-heal|p1b: Abomasnow|50\/100|[from] item: Leftovers\n|-fieldend|move: Trick Room\n|upkeep\n|\n|t:|1683610184\n|switch|p1a: Talonflame|Talonflame, L50, M|100\/100\n|turn|6\n|\n|t:|1683610195\n|-terastallize|p2a: Gholdengo|Water\n|move|p1b: Abomasnow|Protect|p1b: Abomasnow\n|-singleturn|p1b: Abomasnow|Protect\n|move|p1a: Talonflame|Brave Bird|p2b: Wo-Chien\n|-supereffective|p2b: Wo-Chien\n|-damage|p2b: Wo-Chien|54\/100\n|-damage|p1a: Talonflame|82\/100|[from] Recoil\n|move|p2a: Gholdengo|Nasty Plot|p2a: Gholdengo\n|-boost|p2a: Gholdengo|spa|2\n|move|p2b: Wo-Chien|Leech Seed|p1a: Talonflame\n|-start|p1a: Talonflame|move: Leech Seed\n|\n|-heal|p1b: Abomasnow|55\/100|[from] item: Leftovers\n|-damage|p1a: Talonflame|70\/100|[from] Leech Seed|[of] p2b: Wo-Chien\n|-heal|p2b: Wo-Chien|64\/100|[silent]\n|upkeep\n|turn|7\n|\n|t:|1683610220\n|move|p1a: Talonflame|Tailwind|p1a: Talonflame\n|-sidestart|p1: ice0012|move: Tailwind\n|move|p1b: Abomasnow|Sheer Cold|p2a: Gholdengo\n|-damage|p2a: Gholdengo|0 fnt\n|faint|p2a: Gholdengo\n|-ohko\n|move|p2b: Wo-Chien|Pollen Puff|p2: Gholdengo|[notarget]\n|-fail|p2b: Wo-Chien\n|\n|-heal|p1b: Abomasnow|61\/100|[from] item: Leftovers\n|-damage|p1a: Talonflame|58\/100|[from] Leech Seed|[of] p2b: Wo-Chien\n|-heal|p2b: Wo-Chien|74\/100|[silent]\n|upkeep\n|\n|t:|1683610230\n|switch|p2a: Slowking|Slowking, L50, F|100\/100\n|turn|8\n|\n|t:|1683610242\n|move|p1a: Talonflame|U-turn|p2b: Wo-Chien\n|-supereffective|p2b: Wo-Chien\n|-damage|p2b: Wo-Chien|39\/100\n|\n|t:|1683610246\n|switch|p1a: Brambleghast|Brambleghast, L50, M|100\/100|[from] U-turn\n|-ability|p1a: Brambleghast|Wind Rider|boost\n|-boost|p1a: Brambleghast|atk|1\n|move|p1b: Abomasnow|Sheer Cold|p2a: Slowking\n|-damage|p2a: Slowking|0 fnt\n|faint|p2a: Slowking\n|-ohko\n|move|p2b: Wo-Chien|Pollen Puff|p1b: Abomasnow\n|-supereffective|p1b: Abomasnow\n|-damage|p1b: Abomasnow|20\/100\n|\n|-heal|p1b: Abomasnow|26\/100|[from] item: Leftovers\n|upkeep\n|turn|9\n|\n|t:|1683610265\n|move|p1a: Brambleghast|Shadow Sneak|p2b: Wo-Chien\n|-resisted|p2b: Wo-Chien\n|-damage|p2b: Wo-Chien|30\/100\n|move|p1b: Abomasnow|Sheer Cold|p2b: Wo-Chien\n|-damage|p2b: Wo-Chien|0 fnt\n|faint|p2b: Wo-Chien\n|-ohko\n|\n|win|ice0012\n|raw|ice0012's rating: 1136 → 1154<\/strong> (+18 for winning)\n|raw|VegaVex's rating: 1042 → 1030<\/strong> (-12 for losing)\n|l|\u2606VegaVex\n|l|\u2606ice0012\n|j|\u2606ice0012\n|player|p1|ice0012|youngster\n","uploadtime":1683610414,"views":9,"p1id":"ice0012","p2id":"vegavex","formatid":"gen9vgc2023regulationc","rating":1030,"private":0,"password":""}