{"id":"gen9vgc2023regulationc-1848564837","p1":"sexy_Loki","p2":"Go1den_Berry","format":"[Gen 9] VGC 2023 Regulation C","log":"|j|\u2606sexy_Loki\n|j|\u2606Go1den_Berry\n|t:|1682090463\n|gametype|doubles\n|player|p1|sexy_Loki|sailor|\n|player|p2|Go1den_Berry|smasher|\n|teamsize|p1|6\n|teamsize|p2|6\n|gen|9\n|tier|[Gen 9] VGC 2023 Regulation C\n|rule|Species Clause: Limit one of each Pok\u00e9mon\n|rule|Item Clause: Limit one of each item\n|clearpoke\n|poke|p1|Annihilape, L50, F|\n|poke|p1|Chien-Pao, L50|\n|poke|p1|Tinkaton, L50, F|\n|poke|p1|Ting-Lu, L50|\n|poke|p1|Kilowattrel, L50, M|\n|poke|p1|Gastrodon, L50, M|\n|poke|p2|Mimikyu, L50, M|\n|poke|p2|Palafin, L50, F|\n|poke|p2|Talonflame, L50, F|\n|poke|p2|Hydreigon, L50, F|\n|poke|p2|Torkoal, L50, M|\n|poke|p2|Lilligant, L50, F|\n|teampreview|4\n|c|\u2606sexy_Loki|Ty queen \ud83d\ude4f\ud83d\ude4f\nGo1den_Berry has agreed to open team sheets.\nsexy_Loki has agreed to open team sheets.\n|c|\u2606sexy_Loki|Yo hows it goin btw? Youve been super radio silent the last week or so\n|\n|t:|1682090596\n|start\n|switch|p1a: Era of Stagnation|Ting-Lu, L50|100\/100\n|switch|p1b: Lenin|Kilowattrel, L50, M|100\/100\n|switch|p2a: justice for the|Mimikyu, L50, M|100\/100\n|switch|p2b: please and|Torkoal, L50, M|100\/100\n|-ability|p1a: Era of Stagnation|Vessel of Ruin\n|-weather|SunnyDay|[from] ability: Drought|[of] p2b: please and\n|turn|1\n|c|\u2606Go1den_Berry|I'm alive\n|c|\u2606Go1den_Berry|lol\n|\n|t:|1682090635\n|move|p2b: please and|Protect|p2b: please and\n|-singleturn|p2b: please and|Protect\n|move|p1b: Lenin|Eerie Impulse|p2b: please and\n|-activate|p2b: please and|move: Protect\n|move|p1a: Era of Stagnation|Taunt|p2a: justice for the\n|-start|p2a: justice for the|move: Taunt\n|cant|p2a: justice for the|move: Taunt|Trick Room\n|\n|-weather|SunnyDay|[upkeep]\n|upkeep\n|turn|2\n|c|\u2606sexy_Loki|Hey, thats better than the alternitive at least lmao\n|\n|t:|1682090666\n|switch|p2a: thank you|Lilligant, L50, F|100\/100\n|switch|p1a: Gorbachev|Annihilape, L50, F|100\/100\n|move|p1b: Lenin|Eerie Impulse|p2b: please and\n|-unboost|p2b: please and|spa|2\n|move|p2b: please and|Solar Beam||[still]\n|-prepare|p2b: please and|Solar Beam\n|-anim|p2b: please and|Solar Beam|p1a: Gorbachev\n|-damage|p1a: Gorbachev|92\/100\n|\n|-weather|SunnyDay|[upkeep]\n|upkeep\n|turn|3\n|\n|t:|1682090697\n|move|p2a: thank you|Sleep Powder|p1b: Lenin\n|-status|p1b: Lenin|slp|[from] move: Sleep Powder\n|cant|p1b: Lenin|slp\n|move|p1a: Gorbachev|Bulldoze|p2b: please and|[spread] p2a,p2b\n|-immune|p1b: Lenin\n|-resisted|p2a: thank you\n|-supereffective|p2b: please and\n|-damage|p2a: thank you|92\/100\n|-damage|p2b: please and|80\/100\n|-unboost|p2a: thank you|spe|1\n|-unboost|p2b: please and|spe|1\n|move|p2b: please and|Eruption|p1b: Lenin|[spread] p1a,p1b\n|-damage|p1a: Gorbachev|75\/100\n|-damage|p1b: Lenin|58\/100 slp\n|\n|-weather|SunnyDay|[upkeep]\n|upkeep\n|turn|4\n|\n|t:|1682090743\n|switch|p2b: justice for the|Mimikyu, L50, M|100\/100\n|move|p2a: thank you|Protect|p2a: thank you\n|-singleturn|p2a: thank you|Protect\n|cant|p1b: Lenin|slp\n|move|p1a: Gorbachev|Rage Fist|p2b: justice for the\n|-activate|p2b: justice for the|ability: Disguise\n|-damage|p2b: justice for the|100\/100\n|detailschange|p2b: justice for the|Mimikyu-Busted, L50, M\n|-damage|p2b: justice for the|88\/100|[from] pokemon: Mimikyu-Busted\n|\n|-weather|SunnyDay|[upkeep]\n|upkeep\n|turn|5\n|\n|t:|1682090771\n|move|p2a: thank you|Pollen Puff|p2b: justice for the\n|-heal|p2b: justice for the|100\/100\n|cant|p1b: Lenin|slp\n|move|p1a: Gorbachev|Rage Fist|p2b: justice for the\n|-supereffective|p2b: justice for the\n|-enditem|p2b: justice for the|Focus Sash\n|-damage|p2b: justice for the|1\/100\n|move|p2b: justice for the|Trick Room|p2b: justice for the\n|-fieldstart|move: Trick Room|[of] p2b: justice for the\n|\n|-weather|none\n|upkeep\n|turn|6\n|c|\u2606sexy_Loki|Ok\n|c|\u2606sexy_Loki|That pollen puff was goated\n|\n|t:|1682090813\n|switch|p2a: this draft|Hydreigon, L50, F|100\/100\n|move|p1a: Gorbachev|U-turn|p2b: justice for the\n|-resisted|p2b: justice for the\n|-damage|p2b: justice for the|0 fnt\n|faint|p2b: justice for the\n|c|\u2606sexy_Loki|Ur a fucking god for that\n|\n|t:|1682090822\n|switch|p1a: Gastrodon|Gastrodon, L50, M|100\/100|[from] U-turn\n|-curestatus|p1b: Lenin|slp|[msg]\n|move|p1b: Lenin|Roost|p1b: Lenin\n|-heal|p1b: Lenin|100\/100\n|-singleturn|p1b: Lenin|move: Roost\n|\n|upkeep\n|\n|t:|1682090838\n|switch|p2b: please and|Torkoal, L50, M|80\/100\n|-weather|SunnyDay|[from] ability: Drought|[of] p2b: please and\n|turn|7\n|\n|t:|1682090881\n|move|p1a: Gastrodon|Protect|p1a: Gastrodon\n|-singleturn|p1a: Gastrodon|Protect\n|move|p2b: please and|Eruption|p1b: Lenin|[spread] p1b\n|-activate|p1a: Gastrodon|move: Protect\n|-damage|p1b: Lenin|25\/100\n|-enditem|p1b: Lenin|Sitrus Berry|[eat]\n|-heal|p1b: Lenin|50\/100|[from] item: Sitrus Berry\n|move|p2a: this draft|Nasty Plot|p2a: this draft\n|-boost|p2a: this draft|spa|2\n|move|p1b: Lenin|Eerie Impulse|p2b: please and\n|-unboost|p2b: please and|spa|2\n|\n|-weather|SunnyDay|[upkeep]\n|upkeep\n|turn|8\n|\n|t:|1682090923\n|switch|p1b: Era of Stagnation|Ting-Lu, L50|100\/100\n|-ability|p1b: Era of Stagnation|Vessel of Ruin\n|move|p2b: please and|Solar Beam||[still]\n|-prepare|p2b: please and|Solar Beam\n|-anim|p2b: please and|Solar Beam|p1a: Gastrodon\n|-supereffective|p1a: Gastrodon\n|-damage|p1a: Gastrodon|53\/100\n|move|p1a: Gastrodon|Yawn|p2a: this draft\n|-start|p2a: this draft|move: Yawn|[of] p1a: Gastrodon\n|move|p2a: this draft|Dark Pulse|p1b: Era of Stagnation\n|-resisted|p1b: Era of Stagnation\n|-damage|p1b: Era of Stagnation|71\/100\n|-damage|p2a: this draft|91\/100|[from] item: Life Orb\n|\n|-weather|SunnyDay|[upkeep]\n|upkeep\n|turn|9\n|\n|t:|1682090959\n|switch|p2a: thank you|Lilligant, L50, F|92\/100\n|move|p2b: please and|Eruption|p1b: Era of Stagnation|[spread] p1a,p1b\n|-resisted|p1a: Gastrodon\n|-damage|p1a: Gastrodon|39\/100\n|-damage|p1b: Era of Stagnation|52\/100\n|move|p1a: Gastrodon|Recover|p1a: Gastrodon\n|-heal|p1a: Gastrodon|89\/100\n|move|p1b: Era of Stagnation|Fissure|p2b: please and|[miss]\n|-miss|p1b: Era of Stagnation|p2b: please and\n|\n|-weather|SunnyDay|[upkeep]\n|-fieldend|move: Trick Room\n|upkeep\n|turn|10\n|\n|t:|1682090991\n|switch|p1a: Lenin|Kilowattrel, L50, M|50\/100\n|switch|p2b: this draft|Hydreigon, L50, F|91\/100\n|-terastallize|p1b: Era of Stagnation|Dragon\n|move|p2a: thank you|Sleep Powder|p1b: Era of Stagnation\n|-status|p1b: Era of Stagnation|slp|[from] move: Sleep Powder\n|-enditem|p1b: Era of Stagnation|Lum Berry|[eat]\n|-curestatus|p1b: Era of Stagnation|slp|[msg]\n|move|p1b: Era of Stagnation|Stomping Tantrum|p2a: thank you\n|-resisted|p2a: thank you\n|-damage|p2a: thank you|57\/100\n|\n|-weather|SunnyDay|[upkeep]\n|upkeep\n|turn|11\n|\n|t:|1682091028\n|move|p2a: thank you|Sleep Powder|p1a: Lenin\n|-status|p1a: Lenin|slp|[from] move: Sleep Powder\n|cant|p1a: Lenin|slp\n|move|p2b: this draft|Nasty Plot|p2b: this draft\n|-boost|p2b: this draft|spa|2\n|move|p1b: Era of Stagnation|Rock Slide|p2a: thank you|[spread] p2a,p2b\n|-damage|p2a: thank you|37\/100\n|-damage|p2b: this draft|74\/100\n|-enditem|p2a: thank you|Sitrus Berry|[eat]\n|-heal|p2a: thank you|62\/100|[from] item: Sitrus Berry\n|\n|-weather|none\n|upkeep\n|turn|12\n|c|\u2606sexy_Loki|God damn it miss a sleep powder\n|\n|t:|1682091056\n|switch|p1b: Gorbachev|Annihilape, L50, F|75\/100\n|-curestatus|p1a: Lenin|slp|[msg]\n|move|p1a: Lenin|Roost|p1a: Lenin\n|-heal|p1a: Lenin|100\/100\n|-singleturn|p1a: Lenin|move: Roost\n|move|p2b: this draft|Dark Pulse|p1a: Lenin\n|-damage|p1a: Lenin|0 fnt\n|faint|p1a: Lenin\n|-damage|p2b: this draft|65\/100|[from] item: Life Orb\n|move|p2a: thank you|Sleep Powder|p1b: Gorbachev|[miss]\n|-miss|p2a: thank you|p1b: Gorbachev\n|\n|upkeep\n|\n|t:|1682091059\n|switch|p1a: Era of Stagnation|Ting-Lu, L50, tera:Dragon|52\/100\n|-ability|p1a: Era of Stagnation|Vessel of Ruin\n|turn|13\n|\n|t:|1682091117\n|switch|p2a: please and|Torkoal, L50, M|80\/100\n|-weather|SunnyDay|[from] ability: Drought|[of] p2a: please and\n|move|p2b: this draft|Protect|p2b: this draft\n|-singleturn|p2b: this draft|Protect\n|move|p1b: Gorbachev|Drain Punch|p2b: this draft\n|-activate|p2b: this draft|move: Protect\n|move|p1a: Era of Stagnation|Taunt|p2a: please and\n|-start|p2a: please and|move: Taunt\n|\n|-weather|SunnyDay|[upkeep]\n|upkeep\n|turn|14\n|\n|t:|1682091140\n|-terastallize|p2b: this draft|Poison\n|move|p2b: this draft|Dark Pulse|p1b: Gorbachev\n|-damage|p1b: Gorbachev|32\/100\n|-damage|p2b: this draft|55\/100|[from] item: Life Orb\n|cant|p1b: Gorbachev|flinch\n|move|p1a: Era of Stagnation|Stomping Tantrum|p2a: please and\n|-supereffective|p2a: please and\n|-damage|p2a: please and|36\/100\n|move|p2a: please and|Heat Wave|p1b: Gorbachev|[spread] p1a,p1b\n|-resisted|p1a: Era of Stagnation\n|-damage|p1a: Era of Stagnation|38\/100\n|-damage|p1b: Gorbachev|12\/100\n|\n|-weather|SunnyDay|[upkeep]\n|upkeep\n|turn|15\n|\n|t:|1682091169\n|switch|p1b: Gastrodon|Gastrodon, L50, M|89\/100\n|switch|p2a: thank you|Lilligant, L50, F|62\/100\n|move|p2b: this draft|Protect|p2b: this draft\n|-singleturn|p2b: this draft|Protect\n|move|p1a: Era of Stagnation|Stomping Tantrum|p2b: this draft\n|-activate|p2b: this draft|move: Protect\n|\n|-weather|SunnyDay|[upkeep]\n|upkeep\n|turn|16\n|\n|t:|1682091193\n|move|p1b: Gastrodon|Protect|p1b: Gastrodon\n|-singleturn|p1b: Gastrodon|Protect\n|move|p2a: thank you|Pollen Puff|p2b: this draft\n|-heal|p2b: this draft|100\/100\n|move|p2b: this draft|Dark Pulse|p1a: Era of Stagnation\n|-damage|p1a: Era of Stagnation|0 fnt\n|faint|p1a: Era of Stagnation\n|-damage|p2b: this draft|91\/100|[from] item: Life Orb\n|\n|-weather|SunnyDay|[upkeep]\n|upkeep\n|c|\u2606sexy_Loki|Fuck gg\n|\n|t:|1682091208\n|switch|p1a: Gorbachev|Annihilape, L50, F|12\/100\n|turn|17\n|\n|t:|1682091221\n|move|p2a: thank you|After You|p2b: this draft\n|-activate|p2b: this draft|move: After You\n|move|p2b: this draft|Dark Pulse|p1a: Gorbachev\n|-damage|p1a: Gorbachev|0 fnt\n|faint|p1a: Gorbachev\n|-damage|p2b: this draft|81\/100|[from] item: Life Orb\n|move|p1b: Gastrodon|Earth Power|p2b: this draft\n|-immune|p2b: this draft|[from] ability: Levitate\n|\n|-weather|none\n|upkeep\n|turn|18\n|\n|t:|1682091245\n|move|p2b: this draft|Dark Pulse|p1b: Gastrodon\n|-damage|p1b: Gastrodon|0 fnt\n|faint|p1b: Gastrodon\n|-damage|p2b: this draft|72\/100|[from] item: Life Orb\n|\n|win|Go1den_Berry\n","uploadtime":1682091259,"views":9,"p1id":"sexyloki","p2id":"go1denberry","formatid":"gen9vgc2023regulationc","rating":0,"private":0,"password":""}