{"id":"gen9vgc2023regulationc-1846462287","p1":"haruto1706","p2":"Funnyman Krebs","format":"[Gen 9] VGC 2023 Regulation C","log":"|j|\u2606haruto1706\n|j|\u2606Funnyman Krebs\n|t:|1681842831\n|gametype|doubles\n|player|p1|haruto1706|170|1382\n|player|p2|Funnyman Krebs|wallace|1405\n|teamsize|p1|6\n|teamsize|p2|6\n|gen|9\n|tier|[Gen 9] VGC 2023 Regulation C\n|rated|\n|rule|Species Clause: Limit one of each Pok\u00e9mon\n|rule|Item Clause: Limit one of each item\n|clearpoke\n|poke|p1|Orthworm, L50, F|\n|poke|p1|Dragonite, L50, F|\n|poke|p1|Flutter Mane, L50|\n|poke|p1|Chien-Pao, L50|\n|poke|p1|Garchomp, L50, M|\n|poke|p1|Murkrow, L50, F|\n|poke|p2|Glimmora, L50, M|\n|poke|p2|Arcanine, L50, M|\n|poke|p2|Wo-Chien, L50|\n|poke|p2|Flutter Mane, L50|\n|poke|p2|Dondozo, L50, F|\n|poke|p2|Tatsugiri-Stretchy, L50, M|\n|teampreview|4\nFunnyman Krebs has agreed to open team sheets.\n|\n|t:|1681842875\n|start\n|switch|p1a: Murkrow|Murkrow, L50, F|100\/100\n|switch|p1b: Garchomp|Garchomp, L50, M|100\/100\n|switch|p2a: Wheeeee!|Glimmora, L50, M, shiny|100\/100\n|switch|p2b: Grasstrodon|Wo-Chien, L50|100\/100\n|-ability|p2b: Grasstrodon|Tablets of Ruin\n|turn|1\n|inactive|Battle timer is ON: inactive players will automatically lose when time's up. (requested by Funnyman Krebs)\n|\n|t:|1681842913\n|switch|p1a: Dragonite|Dragonite, L50, F|100\/100\n|-terastallize|p2a: Wheeeee!|Grass\n|move|p1b: Garchomp|Earthquake|p2a: Wheeeee!|[spread] p2a,p2b\n|-immune|p1a: Dragonite\n|-resisted|p2a: Wheeeee!\n|-resisted|p2b: Grasstrodon\n|-damage|p2a: Wheeeee!|85\/100\n|-damage|p2b: Grasstrodon|89\/100\n|-activate|p2a: Wheeeee!|ability: Toxic Debris\n|-sidestart|p1: haruto1706|move: Toxic Spikes\n|move|p2a: Wheeeee!|Power Gem|p1a: Dragonite\n|-supereffective|p1a: Dragonite\n|-damage|p1a: Dragonite|74\/100\n|move|p2b: Grasstrodon|Pollen Puff|p1a: Dragonite\n|-resisted|p1a: Dragonite\n|-damage|p1a: Dragonite|67\/100\n|\n|-heal|p2b: Grasstrodon|95\/100|[from] item: Leftovers\n|upkeep\n|turn|2\n|inactive|haruto1706 has 30 seconds left.\n|inactive|Funnyman Krebs has 30 seconds left.\n|inactive|haruto1706 has 20 seconds left.\n|inactive|Funnyman Krebs has 20 seconds left.\n|inactive|haruto1706 has 15 seconds left.\n|\n|t:|1681842953\n|-terastallize|p1a: Dragonite|Flying\n|move|p1b: Garchomp|Rock Slide|p2a: Wheeeee!|[spread] p2a,p2b\n|-damage|p2a: Wheeeee!|67\/100\n|-damage|p2b: Grasstrodon|83\/100\n|-activate|p2a: Wheeeee!|ability: Toxic Debris\n|-sidestart|p1: haruto1706|move: Toxic Spikes\n|cant|p2a: Wheeeee!|flinch\n|move|p1a: Dragonite|Tera Blast|p2a: Wheeeee!\n|-supereffective|p2a: Wheeeee!\n|-damage|p2a: Wheeeee!|0 fnt\n|faint|p2a: Wheeeee!\n|move|p2b: Grasstrodon|Leech Seed|p1b: Garchomp\n|-start|p1b: Garchomp|move: Leech Seed\n|\n|-heal|p2b: Grasstrodon|89\/100|[from] item: Leftovers\n|-damage|p1b: Garchomp|88\/100|[from] Leech Seed|[of] p2b: Grasstrodon\n|-heal|p2b: Grasstrodon|100\/100|[silent]\n|upkeep\n|\n|t:|1681842976\n|switch|p2a: Largest Margest|Dondozo, L50, F|100\/100\n|turn|3\n|inactive|haruto1706 has 30 seconds left.\n|\n|t:|1681843007\n|switch|p2b: Pee-wee|Tatsugiri-Stretchy, L50, M|100\/100\n|-activate|p2b: Pee-wee|ability: Commander|[of] p2a: Largest Margest\n|-boost|p2a: Largest Margest|atk|2\n|-boost|p2a: Largest Margest|spa|2\n|-boost|p2a: Largest Margest|spe|2\n|-boost|p2a: Largest Margest|def|2\n|-boost|p2a: Largest Margest|spd|2\n|move|p2a: Largest Margest|Surf|p1a: Dragonite|[spread] p1a,p1b\n|-miss|p2a: Largest Margest|p2b: Pee-wee\n|-damage|p1a: Dragonite|24\/100\n|-damage|p1b: Garchomp|28\/100\n|-damage|p2a: Largest Margest|91\/100|[from] item: Life Orb\n|move|p1b: Garchomp|Earthquake|p2b: Pee-wee|[spread] p2a\n|-miss|p1b: Garchomp|p2b: Pee-wee\n|-immune|p1a: Dragonite\n|-damage|p2a: Largest Margest|76\/100\n|move|p1a: Dragonite|Tera Blast|p2b: Pee-wee|[miss]\n|-miss|p1a: Dragonite|p2b: Pee-wee\n|\n|-damage|p1b: Garchomp|16\/100|[from] Leech Seed|[of] p2b: Pee-wee\n|upkeep\n|turn|4\n|inactive|haruto1706 has 30 seconds left.\n|inactive|Funnyman Krebs has 30 seconds left.\n|\n|t:|1681843039\n|move|p1b: Garchomp|Protect|p1b: Garchomp\n|-singleturn|p1b: Garchomp|Protect\n|move|p1a: Dragonite|Extreme Speed|p2a: Largest Margest\n|-damage|p2a: Largest Margest|64\/100\n|move|p2a: Largest Margest|Surf|p1b: Garchomp|[spread] p1a\n|-miss|p2a: Largest Margest|p2b: Pee-wee\n|-activate|p1b: Garchomp|move: Protect\n|-damage|p1a: Dragonite|0 fnt\n|faint|p1a: Dragonite\n|-damage|p2a: Largest Margest|54\/100|[from] item: Life Orb\n|\n|-damage|p1b: Garchomp|4\/100|[from] Leech Seed|[of] p2b: Pee-wee\n|upkeep\n|\n|t:|1681843052\n|switch|p1a: Murkrow|Murkrow, L50, F|100\/100\n|turn|5\n|\n|t:|1681843060\n|move|p1a: Murkrow|Haze|p1a: Murkrow\n|-clearallboost\n|move|p1b: Garchomp|Earthquake|p2a: Largest Margest|[spread] p2a\n|-miss|p1b: Garchomp|p2b: Pee-wee\n|-immune|p1a: Murkrow\n|-damage|p2a: Largest Margest|24\/100\n|move|p2a: Largest Margest|Wave Crash|p1a: Murkrow\n|-damage|p1a: Murkrow|48\/100\n|-damage|p2a: Largest Margest|11\/100|[from] Recoil\n|-damage|p2a: Largest Margest|1\/100|[from] item: Life Orb\n|\n|-damage|p1b: Garchomp|0 fnt|[from] Leech Seed|[of] p2b: Pee-wee\n|faint|p1b: Garchomp\n|upkeep\n|\n|t:|1681843073\n|switch|p1b: Chien-Pao|Chien-Pao, L50|100\/100\n|-status|p1b: Chien-Pao|tox\n|-ability|p1b: Chien-Pao|Sword of Ruin\n|turn|6\n|\n|t:|1681843088\n|move|p2a: Largest Margest|Protect|p2a: Largest Margest\n|-singleturn|p2a: Largest Margest|Protect\n|move|p1a: Murkrow|Sucker Punch||[still]\n|-fail|p1a: Murkrow\n|move|p1b: Chien-Pao|Ice Spinner|p2b: Pee-wee|[miss]\n|-miss|p1b: Chien-Pao|p2b: Pee-wee\n|\n|-damage|p1b: Chien-Pao|95\/100 tox|[from] psn\n|upkeep\n|turn|7\n|\n|t:|1681843103\n|move|p2a: Largest Margest|Protect|p2a: Largest Margest\n|-singleturn|p2a: Largest Margest|Protect\n|move|p1a: Murkrow|Sucker Punch||[still]\n|-fail|p1a: Murkrow\n|move|p1b: Chien-Pao|Ice Spinner|p2b: Pee-wee|[miss]\n|-miss|p1b: Chien-Pao|p2b: Pee-wee\n|\n|-damage|p1b: Chien-Pao|83\/100 tox|[from] psn\n|upkeep\n|turn|8\n|\n|t:|1681843124\n|move|p2a: Largest Margest|Protect||[still]\n|-fail|p2a: Largest Margest\n|move|p1a: Murkrow|Sucker Punch||[still]\n|-fail|p1a: Murkrow\n|move|p1b: Chien-Pao|Ice Spinner|p2b: Pee-wee|[miss]\n|-miss|p1b: Chien-Pao|p2b: Pee-wee\n|\n|-damage|p1b: Chien-Pao|66\/100 tox|[from] psn\n|upkeep\n|turn|9\n|c|\u2606Funnyman Krebs|Bro\n|\n|t:|1681843140\n|move|p2a: Largest Margest|Protect|p2a: Largest Margest\n|-singleturn|p2a: Largest Margest|Protect\n|move|p1b: Chien-Pao|Ice Spinner|p2a: Largest Margest\n|-activate|p2a: Largest Margest|move: Protect\n|move|p1a: Murkrow|Foul Play|p2b: Pee-wee|[miss]\n|-miss|p1a: Murkrow|p2b: Pee-wee\n|\n|-damage|p1b: Chien-Pao|42\/100 tox|[from] psn\n|upkeep\n|turn|10\n|\n|t:|1681843153\n|move|p2a: Largest Margest|Protect|p2a: Largest Margest\n|-singleturn|p2a: Largest Margest|Protect\n|move|p1b: Chien-Pao|Ice Spinner|p2a: Largest Margest\n|-activate|p2a: Largest Margest|move: Protect\n|move|p1a: Murkrow|Foul Play|p2b: Pee-wee|[miss]\n|-miss|p1a: Murkrow|p2b: Pee-wee\n|\n|-damage|p1b: Chien-Pao|13\/100 tox|[from] psn\n|upkeep\n|turn|11\n|\n|t:|1681843166\n|move|p2a: Largest Margest|Protect||[still]\n|-fail|p2a: Largest Margest\n|move|p1b: Chien-Pao|Ice Spinner|p2a: Largest Margest\n|-resisted|p2a: Largest Margest\n|-damage|p2a: Largest Margest|0 fnt\n|faint|p2a: Largest Margest\n|move|p1a: Murkrow|Foul Play|p2b: Pee-wee\n|-damage|p2b: Pee-wee|68\/100\n|\n|-damage|p1b: Chien-Pao|0 fnt|[from] psn\n|faint|p1b: Chien-Pao\n|upkeep\n|\n|t:|1681843173\n|switch|p2a: Grasstrodon|Wo-Chien, L50|100\/100\n|-ability|p2a: Grasstrodon|Tablets of Ruin\n|turn|12\n|c|\u2606Funnyman Krebs|gg\n|c|\u2606haruto1706|gg\n|-message|haruto1706 forfeited.\n|\n|win|Funnyman Krebs\n|raw|haruto1706's rating: 1382 → 1363<\/strong> (-19 for losing)\n|raw|Funnyman Krebs's rating: 1405 → 1424<\/strong> (+19 for winning)\n|l|\u2606haruto1706\n","uploadtime":1681843189,"views":11,"p1id":"haruto1706","p2id":"funnymankrebs","formatid":"gen9vgc2023regulationc","rating":1363,"private":0,"password":""}