{"id":"gen9vgc2023regulationc-1850261935","p1":"UserOmega","p2":"zhz2021","format":"[Gen 9] VGC 2023 Regulation C","log":"|j|\u2606UserOmega\n|j|\u2606zhz2021\n|t:|1682307431\n|gametype|doubles\n|player|p1|UserOmega|youngcouple-gen4dp|1466\n|player|p2|zhz2021|marley|1581\n|teamsize|p1|6\n|teamsize|p2|6\n|gen|9\n|tier|[Gen 9] VGC 2023 Regulation C\n|rated|\n|rule|Species Clause: Limit one of each Pok\u00e9mon\n|rule|Item Clause: Limit one of each item\n|clearpoke\n|poke|p1|Glimmora, L50, M|\n|poke|p1|Tyranitar, L50, F|\n|poke|p1|Lycanroc, L50, M|\n|poke|p1|Ting-Lu, L50|\n|poke|p1|Armarouge, L50, F|\n|poke|p1|Cacturne, L50, M|\n|poke|p2|Roaring Moon, L50|\n|poke|p2|Brambleghast, L50, F|\n|poke|p2|Iron Hands, L50|\n|poke|p2|Maushold-Four, L50|\n|poke|p2|Flutter Mane, L50|\n|poke|p2|Chi-Yu, L50|\n|teampreview|4\n|inactive|Battle timer is ON: inactive players will automatically lose when time's up. (requested by zhz2021)\n|\n|t:|1682307467\n|start\n|switch|p1a: Tyranitar|Tyranitar, L50, F|100\/100\n|switch|p1b: Ting-Lu|Ting-Lu, L50|100\/100\n|switch|p2a: \u9b3c\u6708|Roaring Moon, L50|100\/100\n|switch|p2b: \u91d1\u521a|Iron Hands, L50|100\/100\n|-weather|Sandstorm|[from] ability: Sand Stream|[of] p1a: Tyranitar\n|-ability|p1b: Ting-Lu|Vessel of Ruin\n|-enditem|p2a: \u9b3c\u6708|Booster Energy\n|-activate|p2a: \u9b3c\u6708|ability: Protosynthesis|[fromitem]\n|-start|p2a: \u9b3c\u6708|protosynthesisspe\n|turn|1\n|inactive|UserOmega has 30 seconds left.\n|\n|t:|1682307492\n|switch|p1a: Glimmora|Glimmora, L50, M|100\/100\n|move|p2b: \u91d1\u521a|Fake Out|p1b: Ting-Lu\n|-damage|p1b: Ting-Lu|94\/100\n|move|p2a: \u9b3c\u6708|Tailwind|p2a: \u9b3c\u6708\n|-sidestart|p2: zhz2021|move: Tailwind\n|cant|p1b: Ting-Lu|flinch\n|\n|-weather|Sandstorm|[upkeep]\n|-damage|p2a: \u9b3c\u6708|95\/100|[from] Sandstorm\n|-damage|p2b: \u91d1\u521a|94\/100|[from] Sandstorm\n|upkeep\n|turn|2\n|j| Gopii\n|\n|t:|1682307506\n|move|p2a: \u9b3c\u6708|Breaking Swipe|p1a: Glimmora|[spread] p1a,p1b\n|-damage|p1a: Glimmora|76\/100\n|-damage|p1b: Ting-Lu|79\/100\n|-unboost|p1a: Glimmora|atk|1\n|-unboost|p1b: Ting-Lu|atk|1\n|-activate|p1a: Glimmora|ability: Toxic Debris\n|-sidestart|p2: zhz2021|move: Toxic Spikes\n|-enditem|p1a: Glimmora|Red Card|[of] p2a: \u9b3c\u6708\n|-end|p2a: \u9b3c\u6708|Protosynthesis|[silent]\n|drag|p2a: \u4e9a\u68a6|Flutter Mane, L50|100\/100\n|-status|p2a: \u4e9a\u68a6|psn\n|move|p2b: \u91d1\u521a|Heavy Slam|p1a: Glimmora\n|-supereffective|p1a: Glimmora\n|-damage|p1a: Glimmora|0 fnt\n|-activate|p1a: Glimmora|ability: Toxic Debris\n|-sidestart|p2: zhz2021|move: Toxic Spikes\n|faint|p1a: Glimmora\n|move|p1b: Ting-Lu|Stomping Tantrum|p2b: \u91d1\u521a\n|-supereffective|p2b: \u91d1\u521a\n|-damage|p2b: \u91d1\u521a|23\/100\n|\n|-weather|Sandstorm|[upkeep]\n|-damage|p2a: \u4e9a\u68a6|94\/100 psn|[from] Sandstorm\n|-damage|p2b: \u91d1\u521a|17\/100|[from] Sandstorm\n|-damage|p2a: \u4e9a\u68a6|82\/100 psn|[from] psn\n|upkeep\n|\n|t:|1682307516\n|switch|p1a: Lycanroc|Lycanroc, L50, M, shiny|100\/100\n|turn|3\n|\n|t:|1682307529\n|-terastallize|p1a: Lycanroc|Rock\n|move|p1a: Lycanroc|Accelerock|p2a: \u4e9a\u68a6\n|-damage|p2a: \u4e9a\u68a6|24\/100 psn\n|move|p2a: \u4e9a\u68a6|Dazzling Gleam|p1b: Ting-Lu|[spread] p1a,p1b\n|-supereffective|p1b: Ting-Lu\n|-damage|p1a: Lycanroc|76\/100\n|-damage|p1b: Ting-Lu|53\/100\n|move|p2b: \u91d1\u521a|Drain Punch|p1a: Lycanroc\n|-supereffective|p1a: Lycanroc\n|-damage|p1a: Lycanroc|0 fnt\n|-heal|p2b: \u91d1\u521a|39\/100|[from] drain|[of] p1a: Lycanroc\n|faint|p1a: Lycanroc\n|move|p1b: Ting-Lu|Stomping Tantrum|p2b: \u91d1\u521a\n|-supereffective|p2b: \u91d1\u521a\n|-damage|p2b: \u91d1\u521a|3\/100\n|\n|-weather|Sandstorm|[upkeep]\n|-damage|p2a: \u4e9a\u68a6|18\/100 psn|[from] Sandstorm\n|-damage|p2b: \u91d1\u521a|0 fnt|[from] Sandstorm\n|faint|p2b: \u91d1\u521a\n|-end|p2b: \u91d1\u521a|Quark Drive|[silent]\n|-damage|p2a: \u4e9a\u68a6|6\/100 psn|[from] psn\n|upkeep\n|\n|t:|1682307541\n|switch|p1a: Tyranitar|Tyranitar, L50, F|100\/100\n|switch|p2b: \u8349\u738b|Brambleghast, L50, F, shiny|100\/100\n|-status|p2b: \u8349\u738b|tox\n|-ability|p2b: \u8349\u738b|Wind Rider|boost\n|-boost|p2b: \u8349\u738b|atk|1\n|turn|4\n|\n|t:|1682307549\n|move|p1a: Tyranitar|Protect|p1a: Tyranitar\n|-singleturn|p1a: Tyranitar|Protect\n|move|p2a: \u4e9a\u68a6|Moonblast|p1b: Ting-Lu\n|-supereffective|p1b: Ting-Lu\n|-damage|p1b: Ting-Lu|9\/100\n|-unboost|p1b: Ting-Lu|spa|1\n|move|p2b: \u8349\u738b|Bullet Seed|p1a: Tyranitar\n|-activate|p1a: Tyranitar|move: Protect\n|move|p1b: Ting-Lu|Throat Chop|p2b: \u8349\u738b\n|-supereffective|p2b: \u8349\u738b\n|-damage|p2b: \u8349\u738b|9\/100 tox\n|-start|p2b: \u8349\u738b|Throat Chop|[silent]\n|\n|-weather|Sandstorm|[upkeep]\n|-damage|p2a: \u4e9a\u68a6|0 fnt|[from] Sandstorm\n|-damage|p2b: \u8349\u738b|3\/100 tox|[from] Sandstorm\n|faint|p2a: \u4e9a\u68a6\n|-end|p2a: \u4e9a\u68a6|Protosynthesis|[silent]\n|-damage|p2b: \u8349\u738b|0 fnt|[from] psn\n|faint|p2b: \u8349\u738b\n|-sideend|p2: zhz2021|move: Tailwind\n|upkeep\n|\n|t:|1682307552\n|switch|p2b: \u9b3c\u6708|Roaring Moon, L50|95\/100\n|-status|p2b: \u9b3c\u6708|tox\n|turn|5\n|\n|t:|1682307566\n|move|p2b: \u9b3c\u6708|Breaking Swipe|p1a: Tyranitar|[spread] p1a,p1b\n|-damage|p1a: Tyranitar|81\/100\n|-damage|p1b: Ting-Lu|0 fnt\n|faint|p1b: Ting-Lu\n|move|p1a: Tyranitar|Low Kick|p2b: \u9b3c\u6708\n|-supereffective|p2b: \u9b3c\u6708\n|-damage|p2b: \u9b3c\u6708|0 fnt\n|faint|p2b: \u9b3c\u6708\n|-end|p2b: \u9b3c\u6708|Protosynthesis|[silent]\n|\n|win|UserOmega\n|raw|UserOmega's rating: 1466 → 1492<\/strong> (+26 for winning)\n|raw|zhz2021's rating: 1581 → 1555<\/strong> (-26 for losing)\n|l|\u2606zhz2021\n","uploadtime":1682307699,"views":20,"p1id":"useromega","p2id":"zhz2021","formatid":"gen9vgc2023regulationc","rating":1492,"private":0,"password":""}