{"id":"gen9vgc2023regulationc-1857124373","p1":"Topical Rainstorm","p2":"Kirovzvik","format":"[Gen 9] VGC 2023 Regulation C","log":"|j|\u2606Topical Rainstorm\n|j|\u2606Kirovzvik\n|t:|1683148259\n|gametype|doubles\n|player|p1|Topical Rainstorm|zinzolin|1105\n|player|p2|Kirovzvik|lance|1000\n|teamsize|p1|6\n|teamsize|p2|6\n|gen|9\n|tier|[Gen 9] VGC 2023 Regulation C\n|rated|\n|rule|Species Clause: Limit one of each Pok\u00e9mon\n|rule|Item Clause: Limit one of each item\n|clearpoke\n|poke|p1|Palafin, L50, F|\n|poke|p1|Tatsugiri-Stretchy, L50, F|\n|poke|p1|Iron Bundle, L50|\n|poke|p1|Arcanine, L50, F|\n|poke|p1|Amoonguss, L50, M|\n|poke|p1|Flutter Mane, L50|\n|poke|p2|Dondozo, L50, M|\n|poke|p2|Tatsugiri-Stretchy, L50, M|\n|poke|p2|Chi-Yu, L50|\n|poke|p2|Flutter Mane, L50|\n|poke|p2|Dragonite, L50, F|\n|poke|p2|Glimmora, L50, F|\n|teampreview|4\n|inactive|Battle timer is ON: inactive players will automatically lose when time's up. (requested by Topical Rainstorm)\n|inactive|Topical Rainstorm has 60 seconds left.\n|l|\u2606Topical Rainstorm\n|inactive|Topical Rainstorm disconnected and has a minute to reconnect!\n|player|p1|\n|j|\u2606Topical Rainstorm\n|inactive|Topical Rainstorm reconnected and has 40 seconds left.\n|player|p1|Topical Rainstorm|zinzolin\n|inactive|Topical Rainstorm has 30 seconds left.\n|\n|t:|1683148327\n|start\n|switch|p1a: Palafin|Palafin, L50, F, shiny|100\/100\n|switch|p1b: Tatsugiri|Tatsugiri-Stretchy, L50, F|100\/100\n|switch|p2a: Glimmora|Glimmora, L50, F|100\/100\n|switch|p2b: Tatsugiri|Tatsugiri-Stretchy, L50, M|100\/100\n|turn|1\n|\n|t:|1683148351\n|move|p1a: Palafin|Jet Punch|p1b: Tatsugiri\n|-activate|p1b: Tatsugiri|ability: Storm Drain\n|-ability|p1b: Tatsugiri|Storm Drain|boost\n|-boost|p1b: Tatsugiri|spa|1\n|move|p2a: Glimmora|Toxic|p1a: Palafin\n|-status|p1a: Palafin|tox\n|move|p1b: Tatsugiri|Muddy Water|p2a: Glimmora|[spread] p2a\n|-ability|p2b: Tatsugiri|Storm Drain|boost\n|-boost|p2b: Tatsugiri|spa|1\n|-supereffective|p2a: Glimmora\n|-enditem|p2a: Glimmora|Focus Sash\n|-damage|p2a: Glimmora|1\/100\n|move|p2b: Tatsugiri|Draco Meteor|p1a: Palafin\n|-damage|p1a: Palafin|0 fnt\n|-unboost|p2b: Tatsugiri|spa|2\n|faint|p1a: Palafin\n|\n|upkeep\n|\n|t:|1683148362\n|switch|p1a: Iron Bundle|Iron Bundle, L50|100\/100\n|-enditem|p1a: Iron Bundle|Booster Energy\n|-activate|p1a: Iron Bundle|ability: Quark Drive|[fromitem]\n|-start|p1a: Iron Bundle|quarkdrivespe\n|turn|2\n|\n|t:|1683148384\n|-terastallize|p2b: Tatsugiri|Ghost\n|move|p2a: Glimmora|Spiky Shield|p2a: Glimmora\n|-singleturn|p2a: Glimmora|move: Protect\n|move|p1a: Iron Bundle|Freeze-Dry|p2b: Tatsugiri\n|-damage|p2b: Tatsugiri|64\/100\n|move|p1b: Tatsugiri|Nasty Plot|p1b: Tatsugiri\n|-boost|p1b: Tatsugiri|spa|2\n|move|p2b: Tatsugiri|Draco Meteor|p1a: Iron Bundle\n|-damage|p1a: Iron Bundle|0 fnt\n|-unboost|p2b: Tatsugiri|spa|2\n|faint|p1a: Iron Bundle\n|-end|p1a: Iron Bundle|Quark Drive|[silent]\n|\n|upkeep\n|\n|t:|1683148392\n|switch|p1a: Arcanine|Arcanine, L50, F|100\/100\n|-ability|p1a: Arcanine|Intimidate|boost\n|-unboost|p2a: Glimmora|atk|1\n|-unboost|p2b: Tatsugiri|atk|1\n|turn|3\n|inactive|Topical Rainstorm has 30 seconds left.\n|inactive|Kirovzvik has 30 seconds left.\n|inactive|Topical Rainstorm has 20 seconds left.\n|\n|t:|1683148428\n|switch|p2b: Dondozo|Dondozo, L50, M|100\/100\n|move|p1a: Arcanine|Flare Blitz|p2b: Dondozo\n|-resisted|p2b: Dondozo\n|-damage|p2b: Dondozo|82\/100\n|-damage|p1a: Arcanine|91\/100|[from] Recoil\n|move|p2a: Glimmora|Toxic|p1b: Tatsugiri\n|-status|p1b: Tatsugiri|tox\n|move|p1b: Tatsugiri|Muddy Water|p2a: Glimmora|[spread] p2a,p2b\n|-supereffective|p2a: Glimmora\n|-resisted|p2b: Dondozo\n|-damage|p2a: Glimmora|0 fnt\n|-damage|p2b: Dondozo|70\/100\n|faint|p2a: Glimmora\n|\n|-damage|p1b: Tatsugiri|95\/100 tox|[from] psn\n|upkeep\n|\n|t:|1683148442\n|switch|p2a: Flutter Mane|Flutter Mane, L50|100\/100\n|-enditem|p2a: Flutter Mane|Booster Energy\n|-activate|p2a: Flutter Mane|ability: Protosynthesis|[fromitem]\n|-start|p2a: Flutter Mane|protosynthesisspe\n|turn|4\n|\n|t:|1683148459\n|move|p2a: Flutter Mane|Substitute|p2a: Flutter Mane\n|-start|p2a: Flutter Mane|Substitute\n|-damage|p2a: Flutter Mane|76\/100\n|move|p1a: Arcanine|Wild Charge|p2a: Flutter Mane\n|-end|p2a: Flutter Mane|Substitute\n|-damage|p1a: Arcanine|85\/100|[from] Recoil|[of] p2a: Flutter Mane\n|move|p1b: Tatsugiri|Muddy Water|p2b: Dondozo|[spread] p2a\n|-miss|p1b: Tatsugiri|p2b: Dondozo\n|-damage|p2a: Flutter Mane|0 fnt\n|faint|p2a: Flutter Mane\n|-end|p2a: Flutter Mane|Protosynthesis|[silent]\n|move|p2b: Dondozo|Yawn|p1a: Arcanine\n|-start|p1a: Arcanine|move: Yawn|[of] p2b: Dondozo\n|\n|-damage|p1b: Tatsugiri|84\/100 tox|[from] psn\n|upkeep\n|\n|t:|1683148464\n|switch|p2a: Tatsugiri|Tatsugiri-Stretchy, L50, M, tera:Ghost|64\/100\n|turn|5\n|\n|t:|1683148482\n|move|p2b: Dondozo|Protect|p2b: Dondozo\n|-singleturn|p2b: Dondozo|Protect\n|move|p1a: Arcanine|Wild Charge|p2b: Dondozo\n|-activate|p2b: Dondozo|move: Protect\n|move|p1b: Tatsugiri|Draco Meteor|p2a: Tatsugiri\n|-damage|p2a: Tatsugiri|0 fnt\n|-unboost|p1b: Tatsugiri|spa|2\n|faint|p2a: Tatsugiri\n|\n|-damage|p1b: Tatsugiri|67\/100 tox|[from] psn\n|-end|p1a: Arcanine|move: Yawn|[silent]\n|-status|p1a: Arcanine|slp\n|upkeep\n|turn|6\n|inactive|Kirovzvik has 30 seconds left.\n|\n|t:|1683148512\n|-terastallize|p1b: Tatsugiri|Dragon\n|cant|p1a: Arcanine|slp\n|move|p1b: Tatsugiri|Draco Meteor|p2b: Dondozo\n|-damage|p2b: Dondozo|8\/100\n|-unboost|p1b: Tatsugiri|spa|2\n|-enditem|p2b: Dondozo|Sitrus Berry|[eat]\n|-heal|p2b: Dondozo|33\/100|[from] item: Sitrus Berry\n|move|p2b: Dondozo|Bulldoze|p1b: Tatsugiri|[spread] p1a,p1b\n|-supereffective|p1a: Arcanine\n|-damage|p1a: Arcanine|57\/100 slp\n|-damage|p1b: Tatsugiri|49\/100 tox\n|-unboost|p1a: Arcanine|spe|1\n|-unboost|p1b: Tatsugiri|spe|1\n|\n|-damage|p1b: Tatsugiri|26\/100 tox|[from] psn\n|upkeep\n|turn|7\n|\n|t:|1683148528\n|move|p2b: Dondozo|Protect|p2b: Dondozo\n|-singleturn|p2b: Dondozo|Protect\n|cant|p1a: Arcanine|slp\n|move|p1b: Tatsugiri|Draco Meteor|p2b: Dondozo\n|-activate|p2b: Dondozo|move: Protect\n|\n|-damage|p1b: Tatsugiri|0 fnt|[from] psn\n|faint|p1b: Tatsugiri\n|upkeep\n|turn|8\n|\n|t:|1683148540\n|cant|p1a: Arcanine|slp\n|move|p2b: Dondozo|Wave Crash|p1a: Arcanine\n|-supereffective|p1a: Arcanine\n|-damage|p1a: Arcanine|0 fnt\n|faint|p1a: Arcanine\n|-damage|p2b: Dondozo|21\/100|[from] Recoil\n|\n|win|Kirovzvik\n|raw|Topical Rainstorm's rating: 1105 → 1073<\/strong> (-32 for losing)\n|raw|Kirovzvik's rating: 1000 → 1052<\/strong> (+52 for winning)\n|l|\u2606Topical Rainstorm\n","uploadtime":1683148552,"views":4,"p1id":"topicalrainstorm","p2id":"kirovzvik","formatid":"gen9vgc2023regulationc","rating":1052,"private":0,"password":""}