{"id":"gen9vgc2023regulationc-1857430775","p1":"Windows11Goated","p2":"Ujan_Ujon","format":"[Gen 9] VGC 2023 Regulation C","log":"|j|\u2606Windows11Goated\n|j|\u2606Ujan_Ujon\n|t:|1683192001\n|gametype|doubles\n|player|p1|Windows11Goated|265|1141\n|player|p2|Ujan_Ujon|265|1055\n|teamsize|p1|6\n|teamsize|p2|6\n|gen|9\n|tier|[Gen 9] VGC 2023 Regulation C\n|rated|\n|rule|Species Clause: Limit one of each Pok\u00e9mon\n|rule|Item Clause: Limit one of each item\n|clearpoke\n|poke|p1|Iron Bundle, L50|\n|poke|p1|Abomasnow, L50, F|\n|poke|p1|Talonflame, L50, M|\n|poke|p1|Great Tusk, L50|\n|poke|p1|Flutter Mane, L50|\n|poke|p1|Arcanine, L50, M|\n|poke|p2|Dragapult, L50, M|\n|poke|p2|Chien-Pao, L50|\n|poke|p2|Flutter Mane, L50|\n|poke|p2|Amoonguss, L50, M|\n|poke|p2|Gyarados, L50, M|\n|poke|p2|Iron Hands, L50|\n|teampreview|4\n|inactive|Battle timer is ON: inactive players will automatically lose when time's up. (requested by Ujan_Ujon)\nWindows11Goated has agreed to open team sheets.\nUjan_Ujon has agreed to open team sheets.\n|inactive|Windows11Goated has 60 seconds left.\n|inactive|Ujan_Ujon has 60 seconds left.\n|inactive|Ujan_Ujon has 30 seconds left.\n|\n|t:|1683192064\n|start\n|switch|p1a: Iron Bundle|Iron Bundle, L50|100\/100\n|switch|p1b: Abomasnow|Abomasnow, L50, F|100\/100\n|switch|p2a: Flutter Mane|Flutter Mane, L50|100\/100\n|switch|p2b: Chien-Pao|Chien-Pao, L50|100\/100\n|-ability|p2b: Chien-Pao|Sword of Ruin\n|-weather|Snow|[from] ability: Snow Warning|[of] p1b: Abomasnow\n|-enditem|p1a: Iron Bundle|Booster Energy\n|-activate|p1a: Iron Bundle|ability: Quark Drive|[fromitem]\n|-start|p1a: Iron Bundle|quarkdrivespe\n|-enditem|p2a: Flutter Mane|Booster Energy\n|-activate|p2a: Flutter Mane|ability: Protosynthesis|[fromitem]\n|-start|p2a: Flutter Mane|protosynthesisspa\n|turn|1\n|inactive|Windows11Goated has 30 seconds left.\n|\n|t:|1683192094\n|-terastallize|p1b: Abomasnow|Water\n|move|p1a: Iron Bundle|Protect|p1a: Iron Bundle\n|-singleturn|p1a: Iron Bundle|Protect\n|move|p2b: Chien-Pao|Sacred Sword|p1a: Iron Bundle\n|-activate|p1a: Iron Bundle|move: Protect\n|move|p2a: Flutter Mane|Thunderbolt|p1a: Iron Bundle\n|-activate|p1a: Iron Bundle|move: Protect\n|move|p1b: Abomasnow|Aurora Veil|p1b: Abomasnow\n|-sidestart|p1: Windows11Goated|move: Aurora Veil\n|\n|-weather|Snow|[upkeep]\n|upkeep\n|turn|2\n|inactive|Windows11Goated has 30 seconds left.\n|inactive|Ujan_Ujon has 30 seconds left.\n|inactive|Ujan_Ujon has 20 seconds left.\n|inactive|Ujan_Ujon has 15 seconds left.\n|inactive|Ujan_Ujon has 10 seconds left.\n|\n|t:|1683192143\n|switch|p1b: Arcanine|Arcanine, L50, M|100\/100\n|-ability|p1b: Arcanine|Intimidate|boost\n|-unboost|p2a: Flutter Mane|atk|1\n|-unboost|p2b: Chien-Pao|atk|1\n|move|p1a: Iron Bundle|Blizzard|p2a: Flutter Mane|[spread] p2a,p2b\n|-resisted|p2b: Chien-Pao\n|-damage|p2a: Flutter Mane|63\/100\n|-damage|p2b: Chien-Pao|64\/100\n|move|p2b: Chien-Pao|Sacred Sword|p1a: Iron Bundle\n|-supereffective|p1a: Iron Bundle\n|-damage|p1a: Iron Bundle|65\/100\n|-damage|p2b: Chien-Pao|54\/100|[from] item: Life Orb\n|move|p2a: Flutter Mane|Thunderbolt|p1b: Arcanine\n|-damage|p1b: Arcanine|69\/100\n|\n|-weather|Snow|[upkeep]\n|upkeep\n|turn|3\n|inactive|Windows11Goated has 30 seconds left.\n|\n|t:|1683192169\n|move|p1a: Iron Bundle|Protect|p1a: Iron Bundle\n|-singleturn|p1a: Iron Bundle|Protect\n|move|p2b: Chien-Pao|Protect|p2b: Chien-Pao\n|-singleturn|p2b: Chien-Pao|Protect\n|move|p2a: Flutter Mane|Thunderbolt|p1a: Iron Bundle\n|-activate|p1a: Iron Bundle|move: Protect\n|move|p1b: Arcanine|Flare Blitz|p2a: Flutter Mane\n|-damage|p2a: Flutter Mane|0 fnt\n|faint|p2a: Flutter Mane\n|-end|p2a: Flutter Mane|Protosynthesis|[silent]\n|-damage|p1b: Arcanine|53\/100|[from] Recoil\n|\n|-weather|Snow|[upkeep]\n|upkeep\n|\n|t:|1683192192\n|switch|p2a: Gyarados|Gyarados, L50, M|100\/100\n|-ability|p2a: Gyarados|Intimidate|boost\n|-unboost|p1a: Iron Bundle|atk|1\n|-unboost|p1b: Arcanine|atk|1\n|turn|4\n|inactive|Windows11Goated has 30 seconds left.\n|\n|t:|1683192219\n|move|p2b: Chien-Pao|Protect||[still]\n|-fail|p2b: Chien-Pao\n|move|p1b: Arcanine|Extreme Speed|p2b: Chien-Pao\n|-crit|p2b: Chien-Pao\n|-damage|p2b: Chien-Pao|19\/100\n|move|p1a: Iron Bundle|Blizzard|p2b: Chien-Pao|[spread] p2a,p2b\n|-resisted|p2b: Chien-Pao\n|-damage|p2a: Gyarados|69\/100\n|-damage|p2b: Chien-Pao|0 fnt\n|faint|p2b: Chien-Pao\n|move|p2a: Gyarados|Thunder Wave|p1a: Iron Bundle\n|-status|p1a: Iron Bundle|par\n|\n|-weather|Snow|[upkeep]\n|upkeep\n|\n|t:|1683192231\n|switch|p2b: Dragapult|Dragapult, L50, M|100\/100\n|turn|5\n|\n|t:|1683192247\n|move|p2b: Dragapult|Dragon Darts|p1b: Arcanine\n|-damage|p1b: Arcanine|25\/100\n|-anim|p2b: Dragapult|Dragon Darts|p1a: Iron Bundle\n|-damage|p1a: Iron Bundle|43\/100 par\n|move|p1a: Iron Bundle|Blizzard|p2b: Dragapult|[spread] p2a,p2b\n|-supereffective|p2b: Dragapult\n|-damage|p2a: Gyarados|33\/100\n|-damage|p2b: Dragapult|0 fnt\n|-enditem|p2a: Gyarados|Sitrus Berry|[eat]\n|-heal|p2a: Gyarados|57\/100|[from] item: Sitrus Berry\n|faint|p2b: Dragapult\n|move|p1b: Arcanine|Will-O-Wisp|p2a: Gyarados\n|-status|p2a: Gyarados|brn\n|move|p2a: Gyarados|Waterfall|p1b: Arcanine\n|-supereffective|p1b: Arcanine\n|-damage|p1b: Arcanine|0 fnt\n|faint|p1b: Arcanine\n|\n|-weather|none\n|-damage|p2a: Gyarados|51\/100 brn|[from] brn\n|upkeep\n|\n|t:|1683192260\n|switch|p1b: Abomasnow|Abomasnow, L50, F, tera:Water|100\/100\n|-weather|Snow|[from] ability: Snow Warning|[of] p1b: Abomasnow\n|turn|6\n|\n|t:|1683192268\n|-terastallize|p2a: Gyarados|Steel\n|move|p1a: Iron Bundle|Freeze-Dry|p2a: Gyarados\n|-resisted|p2a: Gyarados\n|-damage|p2a: Gyarados|38\/100 brn\n|move|p2a: Gyarados|Iron Head|p1a: Iron Bundle\n|-damage|p1a: Iron Bundle|32\/100 par\n|move|p1b: Abomasnow|Aurora Veil||[still]\n|-fail|p1b: Abomasnow\n|\n|-weather|Snow|[upkeep]\n|-damage|p2a: Gyarados|32\/100 brn|[from] brn\n|upkeep\n|turn|7\n|\n|t:|1683192280\n|move|p1a: Iron Bundle|Hydro Pump|p2a: Gyarados\n|-damage|p2a: Gyarados|0 fnt\n|faint|p2a: Gyarados\n|\n|win|Windows11Goated\n|raw|Windows11Goated's rating: 1141 → 1160<\/strong> (+19 for winning)\n|raw|Ujan_Ujon's rating: 1055 → 1041<\/strong> (-14 for losing)\n|c|\u2606Windows11Goated|gg\n","uploadtime":1683192286,"views":12,"p1id":"windows11goated","p2id":"ujanujon","formatid":"gen9vgc2023regulationc","rating":1041,"private":0,"password":""}