{"id":"gen9vgc2023regulationc-1848829902","p1":"Galuk","p2":"a lonely fart","format":"[Gen 9] VGC 2023 Regulation C","log":"|j|\u2606Galuk\n|j|\u2606a lonely fart\n|t:|1682114993\n|gametype|doubles\n|player|p1|Galuk|norman|1415\n|player|p2|a lonely fart|2|1385\n|teamsize|p1|6\n|teamsize|p2|6\n|gen|9\n|tier|[Gen 9] VGC 2023 Regulation C\n|rated|\n|rule|Species Clause: Limit one of each Pok\u00e9mon\n|rule|Item Clause: Limit one of each item\n|clearpoke\n|poke|p1|Kingambit, L50, M|\n|poke|p1|Ting-Lu, L50|\n|poke|p1|Flutter Mane, L50|\n|poke|p1|Amoonguss, L50, M|\n|poke|p1|Arcanine, L50, F|\n|poke|p1|Dragonite, L50, F|\n|poke|p2|Gyarados, L50, M|\n|poke|p2|Scizor, L50, M|\n|poke|p2|Amoonguss, L50, M|\n|poke|p2|Chi-Yu, L50|\n|poke|p2|Flutter Mane, L50|\n|poke|p2|Iron Bundle, L50|\n|teampreview|4\n|\n|t:|1682115038\n|start\n|switch|p1a: Maguu Kenki|Kingambit, L50, M|100\/100\n|switch|p1b: No risk - No win|Ting-Lu, L50|100\/100\n|switch|p2a: Chi-Yu|Chi-Yu, L50|100\/100\n|switch|p2b: Iron Bundle|Iron Bundle, L50|100\/100\n|-ability|p2a: Chi-Yu|Beads of Ruin\n|-ability|p1b: No risk - No win|Vessel of Ruin\n|-enditem|p2b: Iron Bundle|Booster Energy\n|-activate|p2b: Iron Bundle|ability: Quark Drive|[fromitem]\n|-start|p2b: Iron Bundle|quarkdrivespe\n|turn|1\n|\n|t:|1682115064\n|switch|p1a: Sabueso de Lava|Arcanine, L50, F|100\/100\n|-ability|p1a: Sabueso de Lava|Intimidate|boost\n|-unboost|p2a: Chi-Yu|atk|1\n|-unboost|p2b: Iron Bundle|atk|1\n|-terastallize|p2a: Chi-Yu|Dark\n|move|p2b: Iron Bundle|Hydro Pump|p1b: No risk - No win\n|-supereffective|p1b: No risk - No win\n|-damage|p1b: No risk - No win|50\/100\n|move|p2a: Chi-Yu|Heat Wave|p1a: Sabueso de Lava|[spread] p1b\n|-miss|p2a: Chi-Yu|p1a: Sabueso de Lava\n|-damage|p1b: No risk - No win|33\/100\n|-status|p1b: No risk - No win|brn\n|move|p1b: No risk - No win|Fissure|p2b: Iron Bundle\n|-damage|p2b: Iron Bundle|0 fnt\n|faint|p2b: Iron Bundle\n|-end|p2b: Iron Bundle|Quark Drive|[silent]\n|-ohko\n|\n|-damage|p1b: No risk - No win|27\/100 brn|[from] brn\n|upkeep\n|\n|t:|1682115087\n|switch|p2b: Amoonguss|Amoonguss, L50, M|100\/100\n|turn|2\n|\n|t:|1682115094\n|switch|p2a: Scizor|Scizor, L50, M|100\/100\n|move|p2b: Amoonguss|Protect|p2b: Amoonguss\n|-singleturn|p2b: Amoonguss|Protect\n|move|p1a: Sabueso de Lava|Flare Blitz|p2b: Amoonguss\n|-activate|p2b: Amoonguss|move: Protect\n|move|p1b: No risk - No win|Ruination|p2a: Scizor\n|-damage|p2a: Scizor|51\/100\n|\n|-damage|p1b: No risk - No win|21\/100 brn|[from] brn\n|upkeep\n|turn|3\n|\n|t:|1682115113\n|switch|p2a: Chi-Yu|Chi-Yu, L50, tera:Dark|100\/100\n|-ability|p2a: Chi-Yu|Beads of Ruin\n|move|p1a: Sabueso de Lava|Flare Blitz|p2b: Amoonguss\n|-supereffective|p2b: Amoonguss\n|-damage|p2b: Amoonguss|8\/100\n|-damage|p1a: Sabueso de Lava|66\/100|[from] Recoil\n|move|p1b: No risk - No win|Ruination|p2a: Chi-Yu\n|-damage|p2a: Chi-Yu|51\/100\n|move|p2b: Amoonguss|Pollen Puff|p1b: No risk - No win\n|-supereffective|p1b: No risk - No win\n|-damage|p1b: No risk - No win|7\/100 brn\n|\n|-heal|p2b: Amoonguss|14\/100|[from] item: Leftovers\n|-damage|p1b: No risk - No win|1\/100 brn|[from] brn\n|upkeep\n|turn|4\n|\n|t:|1682115141\n|switch|p2b: Scizor|Scizor, L50, M|51\/100\n|move|p2a: Chi-Yu|Dark Pulse|p1a: Sabueso de Lava\n|-damage|p1a: Sabueso de Lava|13\/100\n|move|p1a: Sabueso de Lava|Flare Blitz|p2a: Chi-Yu\n|-damage|p2a: Chi-Yu|0 fnt\n|faint|p2a: Chi-Yu\n|-damage|p1a: Sabueso de Lava|1\/100|[from] Recoil\n|move|p1b: No risk - No win|Stomping Tantrum|p2b: Scizor\n|-damage|p2b: Scizor|34\/100\n|\n|-damage|p1b: No risk - No win|0 fnt|[from] brn\n|faint|p1b: No risk - No win\n|upkeep\n|\n|t:|1682115156\n|switch|p2a: Amoonguss|Amoonguss, L50, M|47\/100\n|switch|p1b: Princesa Grumosa|Flutter Mane, L50|100\/100\n|turn|5\n|\n|t:|1682115168\n|move|p2b: Scizor|Bullet Punch|p1a: Sabueso de Lava\n|-resisted|p1a: Sabueso de Lava\n|-damage|p1a: Sabueso de Lava|0 fnt\n|faint|p1a: Sabueso de Lava\n|move|p1b: Princesa Grumosa|Shadow Ball|p2b: Scizor\n|-damage|p2b: Scizor|0 fnt\n|faint|p2b: Scizor\n|move|p2a: Amoonguss|Spore|p1b: Princesa Grumosa\n|-status|p1b: Princesa Grumosa|slp|[from] move: Spore\n|\n|-heal|p2a: Amoonguss|53\/100|[from] item: Leftovers\n|upkeep\n|\n|t:|1682115178\n|switch|p1a: Maguu Kenki|Kingambit, L50, M|100\/100\n|turn|6\n|-message|a lonely fart forfeited.\n|\n|win|Galuk\n|raw|Galuk's rating: 1415 → 1433<\/strong> (+18 for winning)\n|raw|a lonely fart's rating: 1385 → 1367<\/strong> (-18 for losing)\n|l|\u2606a lonely fart\n","uploadtime":1682115185,"views":6,"p1id":"galuk","p2id":"alonelyfart","formatid":"gen9vgc2023regulationc","rating":1367,"private":0,"password":""}