{"id":"gen9vgc2023regulationc-1855746697","p1":"Inwaves22","p2":"appokalypstik","format":"[Gen 9] VGC 2023 Regulation C","log":"|j|\u2606Inwaves22\n|j|\u2606appokalypstik\n|t:|1682979422\n|gametype|doubles\n|player|p1|Inwaves22|falkner|1321\n|player|p2|appokalypstik|roxie|1370\n|teamsize|p1|6\n|teamsize|p2|6\n|gen|9\n|tier|[Gen 9] VGC 2023 Regulation C\n|rated|\n|rule|Species Clause: Limit one of each Pok\u00e9mon\n|rule|Item Clause: Limit one of each item\n|clearpoke\n|poke|p1|Ceruledge, L50, F|\n|poke|p1|Lycanroc, L50, F|\n|poke|p1|Tyranitar, L50, M|\n|poke|p1|Iron Bundle, L50|\n|poke|p1|Dragonite, L50, F|\n|poke|p1|Sylveon, L50, M|\n|poke|p2|Wo-Chien, L50|\n|poke|p2|Glimmora, L50, F|\n|poke|p2|Murkrow, L50, F|\n|poke|p2|Rotom-Wash, L50|\n|poke|p2|Great Tusk, L50|\n|poke|p2|Chi-Yu, L50|\n|teampreview|4\nappokalypstik rejected open team sheets.\n|inactive|Battle timer is ON: inactive players will automatically lose when time's up. (requested by appokalypstik)\n|\n|t:|1682979448\n|start\n|switch|p1a: Lycanroc|Lycanroc, L50, F, shiny|100\/100\n|switch|p1b: Tyranitar|Tyranitar, L50, M, shiny|100\/100\n|switch|p2a: Rotom-Goob|Rotom-Wash, L50|100\/100\n|switch|p2b: Great Goob|Great Tusk, L50|100\/100\n|-weather|Sandstorm|[from] ability: Sand Stream|[of] p1b: Tyranitar\n|turn|1\n|\n|t:|1682979468\n|-terastallize|p1b: Tyranitar|Flying\n|move|p1a: Lycanroc|Rock Slide|p2a: Rotom-Goob|[spread] p2b\n|-miss|p1a: Lycanroc|p2a: Rotom-Goob\n|-resisted|p2b: Great Goob\n|-damage|p2b: Great Goob|96\/100\n|cant|p2b: Great Goob|flinch\n|move|p2a: Rotom-Goob|Discharge|p1b: Tyranitar|[spread] p1a,p1b\n|-immune|p2b: Great Goob\n|-supereffective|p1b: Tyranitar\n|-crit|p1b: Tyranitar\n|-damage|p1a: Lycanroc|70\/100\n|-damage|p1b: Tyranitar|56\/100\n|move|p1b: Tyranitar|Tera Blast|p2b: Great Goob\n|-supereffective|p2b: Great Goob\n|-damage|p2b: Great Goob|30\/100\n|\n|-weather|Sandstorm|[upkeep]\n|-damage|p2a: Rotom-Goob|95\/100|[from] Sandstorm\n|-damage|p1b: Tyranitar|50\/100|[from] Sandstorm\n|upkeep\n|turn|2\n|inactive|appokalypstik has 30 seconds left.\n|\n|t:|1682979511\n|move|p1a: Lycanroc|Rock Slide|p2a: Rotom-Goob|[spread] p2a,p2b\n|-resisted|p2b: Great Goob\n|-damage|p2a: Rotom-Goob|64\/100\n|-damage|p2b: Great Goob|26\/100\n|move|p2b: Great Goob|Close Combat|p1a: Lycanroc\n|-supereffective|p1a: Lycanroc\n|-damage|p1a: Lycanroc|0 fnt\n|-unboost|p2b: Great Goob|def|1\n|-unboost|p2b: Great Goob|spd|1\n|faint|p1a: Lycanroc\n|cant|p2a: Rotom-Goob|flinch\n|move|p1b: Tyranitar|Tera Blast|p2b: Great Goob\n|-supereffective|p2b: Great Goob\n|-damage|p2b: Great Goob|0 fnt\n|faint|p2b: Great Goob\n|-end|p2b: Great Goob|Protosynthesis|[silent]\n|\n|-weather|Sandstorm|[upkeep]\n|-damage|p2a: Rotom-Goob|58\/100|[from] Sandstorm\n|-damage|p1b: Tyranitar|44\/100|[from] Sandstorm\n|upkeep\n|\n|t:|1682979528\n|switch|p1a: Ceruledge|Ceruledge, L50, F, shiny|100\/100\n|switch|p2b: Glim Shady|Glimmora, L50, F|100\/100\n|turn|3\n|\n|t:|1682979552\n|move|p1a: Ceruledge|Shadow Sneak|p2a: Rotom-Goob\n|-damage|p2a: Rotom-Goob|35\/100\n|-enditem|p2a: Rotom-Goob|Sitrus Berry|[eat]\n|-heal|p2a: Rotom-Goob|60\/100|[from] item: Sitrus Berry\n|move|p2b: Glim Shady|Power Gem|p1b: Tyranitar\n|-supereffective|p1b: Tyranitar\n|-damage|p1b: Tyranitar|0 fnt\n|faint|p1b: Tyranitar\n|-damage|p2b: Glim Shady|91\/100|[from] item: Life Orb\n|move|p2a: Rotom-Goob|Hydro Pump|p1a: Ceruledge|[miss]\n|-miss|p2a: Rotom-Goob|p1a: Ceruledge\n|\n|-weather|Sandstorm|[upkeep]\n|-damage|p2a: Rotom-Goob|54\/100|[from] Sandstorm\n|-damage|p1a: Ceruledge|94\/100|[from] Sandstorm\n|upkeep\n|\n|t:|1682979565\n|switch|p1b: Iron Bundle|Iron Bundle, L50, shiny|100\/100\n|-enditem|p1b: Iron Bundle|Booster Energy\n|-activate|p1b: Iron Bundle|ability: Quark Drive|[fromitem]\n|-start|p1b: Iron Bundle|quarkdrivespe\n|turn|4\n|inactive|appokalypstik has 30 seconds left.\n|\n|t:|1682979590\n|-terastallize|p2b: Glim Shady|Water\n|move|p1b: Iron Bundle|Freeze-Dry|p2a: Rotom-Goob\n|-supereffective|p2a: Rotom-Goob\n|-damage|p2a: Rotom-Goob|0 fnt\n|faint|p2a: Rotom-Goob\n|move|p2b: Glim Shady|Power Gem|p1a: Ceruledge\n|-supereffective|p1a: Ceruledge\n|-damage|p1a: Ceruledge|0 fnt\n|faint|p1a: Ceruledge\n|-damage|p2b: Glim Shady|81\/100|[from] item: Life Orb\n|\n|-weather|Sandstorm|[upkeep]\n|-damage|p1b: Iron Bundle|94\/100|[from] Sandstorm\n|-damage|p2b: Glim Shady|75\/100|[from] Sandstorm\n|upkeep\n|\n|t:|1682979594\n|switch|p2a: Wo-Chien-Goobs|Wo-Chien, L50|100\/100\n|-ability|p2a: Wo-Chien-Goobs|Tablets of Ruin\n|turn|5\n|\n|t:|1682979610\n|move|p2b: Glim Shady|Spiky Shield|p2b: Glim Shady\n|-singleturn|p2b: Glim Shady|move: Protect\n|move|p1b: Iron Bundle|Freeze-Dry|p2b: Glim Shady\n|-activate|p2b: Glim Shady|move: Protect\n|move|p2a: Wo-Chien-Goobs|Leech Seed|p1b: Iron Bundle\n|-start|p1b: Iron Bundle|move: Leech Seed\n|\n|-weather|none\n|-damage|p1b: Iron Bundle|82\/100|[from] Leech Seed|[of] p2a: Wo-Chien-Goobs\n|upkeep\n|turn|6\n|\n|t:|1682979632\n|move|p1b: Iron Bundle|Freeze-Dry|p2b: Glim Shady\n|-supereffective|p2b: Glim Shady\n|-damage|p2b: Glim Shady|6\/100\n|move|p2b: Glim Shady|Power Gem|p1b: Iron Bundle\n|-supereffective|p1b: Iron Bundle\n|-damage|p1b: Iron Bundle|0 fnt\n|faint|p1b: Iron Bundle\n|-end|p1b: Iron Bundle|Quark Drive|[silent]\n|-damage|p2b: Glim Shady|0 fnt|[from] item: Life Orb\n|faint|p2b: Glim Shady\n|\n|win|appokalypstik\n|raw|Inwaves22's rating: 1321 → 1304<\/strong> (-17 for losing)\n|raw|appokalypstik's rating: 1370 → 1387<\/strong> (+17 for winning)\n","uploadtime":1682979659,"views":13,"p1id":"inwaves22","p2id":"appokalypstik","formatid":"gen9vgc2023regulationc","rating":1304,"private":0,"password":""}