{"id":"gen9vgc2023regulationc-1851397411","p1":"jeffman323","p2":"to-sin","format":"[Gen 9] VGC 2023 Regulation C","log":"|j|\u2606jeffman323\n|j|\u2606to-sin\n|t:|1682441847\n|gametype|doubles\n|player|p1|jeffman323|steven|1569\n|player|p2|to-sin|1|1539\n|teamsize|p1|6\n|teamsize|p2|6\n|gen|9\n|tier|[Gen 9] VGC 2023 Regulation C\n|rated|\n|rule|Species Clause: Limit one of each Pok\u00e9mon\n|rule|Item Clause: Limit one of each item\n|clearpoke\n|poke|p1|Hatterene, L50, F|\n|poke|p1|Azumarill, L50, M|\n|poke|p1|Torkoal, L50, F|\n|poke|p1|Kingambit, L50, F|\n|poke|p1|Iron Hands, L50|\n|poke|p1|Brute Bonnet, L50|\n|poke|p2|Flutter Mane, L50|\n|poke|p2|Torkoal, L50, M|\n|poke|p2|Great Tusk, L50|\n|poke|p2|Oranguru, L50, M|\n|poke|p2|Lilligant, L50, F|\n|poke|p2|Indeedee-F, L50, F|\n|teampreview|4\njeffman323 has agreed to open team sheets.\n|\n|t:|1682441889\n|start\n|switch|p1a: Kingambit|Kingambit, L50, F|100\/100\n|switch|p1b: Iron Hands|Iron Hands, L50|100\/100\n|switch|p2a: Flutter Mane|Flutter Mane, L50|100\/100\n|switch|p2b: Torkoal|Torkoal, L50, M|100\/100\n|-weather|SunnyDay|[from] ability: Drought|[of] p2b: Torkoal\n|-activate|p2a: Flutter Mane|ability: Protosynthesis\n|-start|p2a: Flutter Mane|protosynthesisspe\n|turn|1\n|j| jdarcan\n|\n|t:|1682441920\n|switch|p2b: Indeedee|Indeedee-F, L50, F|100\/100\n|-fieldstart|move: Psychic Terrain|[from] ability: Psychic Surge|[of] p2b: Indeedee\n|-enditem|p2b: Indeedee|Psychic Seed\n|-boost|p2b: Indeedee|spd|1|[from] item: Psychic Seed\n|-terastallize|p1b: Iron Hands|Fire\n|move|p2a: Flutter Mane|Moonblast|p1b: Iron Hands\n|-resisted|p1b: Iron Hands\n|-damage|p1b: Iron Hands|75\/100\n|move|p1b: Iron Hands|Earthquake|p2b: Indeedee|[spread] p1a,p2a,p2b\n|-supereffective|p1a: Kingambit\n|-damage|p1a: Kingambit|55\/100\n|-damage|p2a: Flutter Mane|33\/100\n|-damage|p2b: Indeedee|74\/100\n|move|p1a: Kingambit|Iron Head|p2a: Flutter Mane\n|-supereffective|p2a: Flutter Mane\n|-damage|p2a: Flutter Mane|0 fnt\n|faint|p2a: Flutter Mane\n|-end|p2a: Flutter Mane|Protosynthesis|[silent]\n|\n|-weather|SunnyDay|[upkeep]\n|upkeep\n|j| Therazer456\n|\n|t:|1682441940\n|switch|p2a: Lilligant|Lilligant, L50, F|100\/100\n|turn|2\n|\n|t:|1682441957\n|move|p2a: Lilligant|Protect|p2a: Lilligant\n|-singleturn|p2a: Lilligant|Protect\n|move|p2b: Indeedee|Psychic|p1b: Iron Hands\n|-crit|p1b: Iron Hands\n|-damage|p1b: Iron Hands|41\/100\n|move|p1a: Kingambit|Kowtow Cleave|p2b: Indeedee\n|-supereffective|p2b: Indeedee\n|-damage|p2b: Indeedee|0 fnt\n|faint|p2b: Indeedee\n|move|p1b: Iron Hands|Drain Punch|p2a: Lilligant\n|-activate|p2a: Lilligant|move: Protect\n|\n|-weather|SunnyDay|[upkeep]\n|upkeep\n|\n|t:|1682441972\n|switch|p2b: Torkoal|Torkoal, L50, M|100\/100\n|turn|3\n|\n|t:|1682441996\n|-terastallize|p2b: Torkoal|Fire\n|move|p2a: Lilligant|After You|p2b: Torkoal\n|-activate|p2b: Torkoal|move: After You\n|move|p2b: Torkoal|Eruption|p1b: Iron Hands|[spread] p1a,p1b\n|-supereffective|p1a: Kingambit\n|-resisted|p1b: Iron Hands\n|-damage|p1a: Kingambit|0 fnt\n|-damage|p1b: Iron Hands|2\/100\n|faint|p1a: Kingambit\n|move|p1b: Iron Hands|Earthquake|p2b: Torkoal|[spread] p2a,p2b\n|-resisted|p2a: Lilligant\n|-supereffective|p2b: Torkoal\n|-damage|p2a: Lilligant|80\/100\n|-damage|p2b: Torkoal|50\/100\n|\n|-weather|SunnyDay|[upkeep]\n|upkeep\n|\n|t:|1682442009\n|switch|p1a: Azumarill|Azumarill, L50, M|100\/100\n|turn|4\n|\n|t:|1682442032\n|switch|p1a: Brute Bonnet|Brute Bonnet, L50|100\/100\n|-activate|p1a: Brute Bonnet|ability: Protosynthesis\n|-start|p1a: Brute Bonnet|protosynthesisatk\n|move|p2a: Lilligant|After You|p2b: Torkoal\n|-activate|p2b: Torkoal|move: After You\n|move|p2b: Torkoal|Eruption|p1b: Iron Hands|[spread] p1a,p1b\n|-supereffective|p1a: Brute Bonnet\n|-resisted|p1b: Iron Hands\n|-damage|p1a: Brute Bonnet|7\/100\n|-damage|p1b: Iron Hands|0 fnt\n|faint|p1b: Iron Hands\n|-end|p1b: Iron Hands|Quark Drive|[silent]\n|\n|-weather|SunnyDay|[upkeep]\n|upkeep\n|\n|t:|1682442039\n|switch|p1b: Azumarill|Azumarill, L50, M|100\/100\n|turn|5\n|\n|t:|1682442050\n|move|p1a: Brute Bonnet|Protect|p1a: Brute Bonnet\n|-singleturn|p1a: Brute Bonnet|Protect\n|move|p1b: Azumarill|Protect|p1b: Azumarill\n|-singleturn|p1b: Azumarill|Protect\n|move|p2a: Lilligant|Leaf Storm|p1b: Azumarill\n|-activate|p1b: Azumarill|move: Protect\n|move|p2b: Torkoal|Eruption|p1a: Brute Bonnet|[spread] \n|-activate|p1a: Brute Bonnet|move: Protect\n|-activate|p1b: Azumarill|move: Protect\n|\n|-weather|none\n|-end|p1a: Brute Bonnet|Protosynthesis\n|-fieldend|move: Psychic Terrain\n|upkeep\n|turn|6\n|j| Withoutexcuse\n|\n|t:|1682442084\n|move|p1a: Brute Bonnet|Sucker Punch||[still]\n|-fail|p1a: Brute Bonnet\n|move|p1b: Azumarill|Aqua Jet|p2b: Torkoal\n|-supereffective|p2b: Torkoal\n|-damage|p2b: Torkoal|8\/100\n|move|p2a: Lilligant|After You|p2b: Torkoal\n|-activate|p2b: Torkoal|move: After You\n|move|p2b: Torkoal|Eruption|p1b: Azumarill|[spread] p1a,p1b\n|-supereffective|p1a: Brute Bonnet\n|-resisted|p1b: Azumarill\n|-damage|p1a: Brute Bonnet|0 fnt\n|-damage|p1b: Azumarill|98\/100\n|faint|p1a: Brute Bonnet\n|-end|p1a: Brute Bonnet|Protosynthesis|[silent]\n|\n|upkeep\n|turn|7\n|\n|t:|1682442103\n|move|p2a: Lilligant|Leaf Storm|p1b: Azumarill\n|-supereffective|p1b: Azumarill\n|-damage|p1b: Azumarill|0 fnt\n|-unboost|p2a: Lilligant|spa|2\n|faint|p1b: Azumarill\n|\n|win|to-sin\n|raw|jeffman323's rating: 1569 → 1547<\/strong> (-22 for losing)\n|raw|to-sin's rating: 1539 → 1561<\/strong> (+22 for winning)\n|l|\u2606jeffman323\n|l| Therazer456\n","uploadtime":1682442108,"views":6,"p1id":"jeffman323","p2id":"tosin","formatid":"gen9vgc2023regulationc","rating":1547,"private":0,"password":""}