{"id":"gen9vgc2023regulationc-1849347379","p1":"Milk A Rush","p2":"Manolo M","format":"[Gen 9] VGC 2023 Regulation C","log":"|j|\u2606Milk A Rush\n|j|\u2606Manolo M\n|t:|1682188457\n|gametype|doubles\n|player|p1|Milk A Rush|emma|1276\n|player|p2|Manolo M|bugcatcher-gen4dp|1371\n|teamsize|p1|6\n|teamsize|p2|6\n|gen|9\n|tier|[Gen 9] VGC 2023 Regulation C\n|rated|\n|rule|Species Clause: Limit one of each Pok\u00e9mon\n|rule|Item Clause: Limit one of each item\n|clearpoke\n|poke|p1|Gothitelle, L50, M|\n|poke|p1|Flutter Mane, L50|\n|poke|p1|Tyranitar, L50, M|\n|poke|p1|Corviknight, L50, F|\n|poke|p1|Palafin, L50, F|\n|poke|p1|Amoonguss, L50, M|\n|poke|p2|Amoonguss, L50, M|\n|poke|p2|Gyarados, L50, M|\n|poke|p2|Arcanine, L50, F|\n|poke|p2|Flutter Mane, L50|\n|poke|p2|Glimmora, L50, F|\n|poke|p2|Chi-Yu, L50|\n|teampreview|4\n|\n|t:|1682188525\n|start\n|switch|p1a: Flutter Mane|Flutter Mane, L50|100\/100\n|switch|p1b: Palafin|Palafin, L50, F|100\/100\n|switch|p2a: Glimmora|Glimmora, L50, F|100\/100\n|switch|p2b: Flutter Mane|Flutter Mane, L50|100\/100\n|turn|1\n|\n|t:|1682188570\n|-end|p1a: Flutter Mane|Protosynthesis|[silent]\n|switch|p1a: Tyranitar|Tyranitar, L50, M|100\/100\n|-weather|Sandstorm|[from] ability: Sand Stream|[of] p1a: Tyranitar\n|-end|p2b: Flutter Mane|Protosynthesis|[silent]\n|switch|p2b: Chi-Yu|Chi-Yu, L50|100\/100\n|-ability|p2b: Chi-Yu|Beads of Ruin\n|detailschange|p1b: Palafin|Palafin-Hero, L50, F\n|switch|p1b: Corviknight|Corviknight, L50, F|100\/100\n|move|p2a: Glimmora|Mortal Spin|p1b: Corviknight|[spread] p1a\n|-immune|p1b: Corviknight\n|-resisted|p1a: Tyranitar\n|-damage|p1a: Tyranitar|99\/100\n|-status|p1a: Tyranitar|psn\n|\n|-weather|Sandstorm|[upkeep]\n|-damage|p2b: Chi-Yu|95\/100|[from] Sandstorm\n|-damage|p1a: Tyranitar|87\/100 psn|[from] psn\n|upkeep\n|turn|2\n|inactive|Battle timer is ON: inactive players will automatically lose when time's up. (requested by Milk A Rush)\n|\n|t:|1682188617\n|-terastallize|p1b: Corviknight|Fire\n|move|p2b: Chi-Yu|Protect|p2b: Chi-Yu\n|-singleturn|p2b: Chi-Yu|Protect\n|move|p2a: Glimmora|Energy Ball|p1a: Tyranitar\n|-supereffective|p1a: Tyranitar\n|-damage|p1a: Tyranitar|56\/100 psn\n|-unboost|p1a: Tyranitar|spd|1\n|move|p1b: Corviknight|Tailwind|p1b: Corviknight\n|-sidestart|p1: Milk A Rush|move: Tailwind\n|move|p1a: Tyranitar|Rock Slide|p2b: Chi-Yu|[spread] p2a\n|-activate|p2b: Chi-Yu|move: Protect\n|-crit|p2a: Glimmora\n|-damage|p2a: Glimmora|54\/100\n|-activate|p2a: Glimmora|ability: Toxic Debris\n|-sidestart|p1: Milk A Rush|move: Toxic Spikes\n|\n|-weather|Sandstorm|[upkeep]\n|-damage|p1b: Corviknight|94\/100|[from] Sandstorm\n|-damage|p2b: Chi-Yu|89\/100|[from] Sandstorm\n|-heal|p1b: Corviknight|100\/100|[from] item: Leftovers\n|-damage|p1a: Tyranitar|44\/100 psn|[from] psn\n|upkeep\n|turn|3\n|inactive|Milk A Rush has 30 seconds left.\n|inactive|Manolo M has 30 seconds left.\n|inactive|Milk A Rush has 20 seconds left.\n|inactive|Manolo M has 20 seconds left.\n|inactive|Milk A Rush has 15 seconds left.\n|inactive|Manolo M has 15 seconds left.\n|\n|t:|1682188658\n|switch|p2b: Amoonguss|Amoonguss, L50, M|100\/100\n|move|p1b: Corviknight|Iron Head|p2a: Glimmora\n|-supereffective|p2a: Glimmora\n|-crit|p2a: Glimmora\n|-damage|p2a: Glimmora|0 fnt\n|-activate|p2a: Glimmora|ability: Toxic Debris\n|-sidestart|p1: Milk A Rush|move: Toxic Spikes\n|faint|p2a: Glimmora\n|move|p1a: Tyranitar|Rock Slide|p2b: Amoonguss\n|-damage|p2b: Amoonguss|64\/100\n|\n|-weather|Sandstorm|[upkeep]\n|-damage|p1b: Corviknight|94\/100|[from] Sandstorm\n|-damage|p2b: Amoonguss|58\/100|[from] Sandstorm\n|-heal|p1b: Corviknight|100\/100|[from] item: Leftovers\n|-damage|p1a: Tyranitar|32\/100 psn|[from] psn\n|upkeep\n|\n|t:|1682188679\n|switch|p2a: Flutter Mane|Flutter Mane, L50|100\/100\n|turn|4\n|\n|t:|1682188696\n|move|p2a: Flutter Mane|Protect|p2a: Flutter Mane\n|-singleturn|p2a: Flutter Mane|Protect\n|move|p1b: Corviknight|Brave Bird|p2b: Amoonguss\n|-supereffective|p2b: Amoonguss\n|-crit|p2b: Amoonguss\n|-damage|p2b: Amoonguss|0 fnt\n|faint|p2b: Amoonguss\n|-damage|p1b: Corviknight|79\/100|[from] Recoil\n|move|p1a: Tyranitar|Rock Slide|p2a: Flutter Mane\n|-activate|p2a: Flutter Mane|move: Protect\n|\n|-weather|Sandstorm|[upkeep]\n|-damage|p1b: Corviknight|73\/100|[from] Sandstorm\n|-damage|p2a: Flutter Mane|94\/100|[from] Sandstorm\n|-heal|p1b: Corviknight|79\/100|[from] item: Leftovers\n|-heal|p2a: Flutter Mane|100\/100|[from] item: Leftovers\n|-damage|p1a: Tyranitar|20\/100 psn|[from] psn\n|upkeep\n|\n|t:|1682188713\n|switch|p2b: Chi-Yu|Chi-Yu, L50|89\/100\n|-ability|p2b: Chi-Yu|Beads of Ruin\n|turn|5\n|inactive|Manolo M has 30 seconds left.\n|inactive|Manolo M has 20 seconds left.\n|inactive|Manolo M has 15 seconds left.\n|\n|t:|1682188756\n|move|p2a: Flutter Mane|Protect|p2a: Flutter Mane\n|-singleturn|p2a: Flutter Mane|Protect\n|move|p2b: Chi-Yu|Protect|p2b: Chi-Yu\n|-singleturn|p2b: Chi-Yu|Protect\n|move|p1b: Corviknight|Iron Head|p2a: Flutter Mane\n|-activate|p2a: Flutter Mane|move: Protect\n|move|p1a: Tyranitar|Rock Slide|p2b: Chi-Yu|[spread] \n|-activate|p2a: Flutter Mane|move: Protect\n|-activate|p2b: Chi-Yu|move: Protect\n|\n|-weather|none\n|-heal|p1b: Corviknight|85\/100|[from] item: Leftovers\n|-damage|p1a: Tyranitar|8\/100 psn|[from] psn\n|-sideend|p1: Milk A Rush|move: Tailwind\n|upkeep\n|turn|6\n|inactive|Manolo M has 30 seconds left.\n|inactive|Manolo M has 20 seconds left.\n|inactive|Manolo M has 15 seconds left.\n|inactive|Manolo M has 10 seconds left.\n|\n|t:|1682188801\n|-terastallize|p2a: Flutter Mane|Steel\n|move|p2a: Flutter Mane|Substitute|p2a: Flutter Mane\n|-start|p2a: Flutter Mane|Substitute\n|-damage|p2a: Flutter Mane|75\/100\n|move|p2b: Chi-Yu|Dark Pulse|p1a: Tyranitar\n|-resisted|p1a: Tyranitar\n|-damage|p1a: Tyranitar|0 fnt\n|faint|p1a: Tyranitar\n|-damage|p2b: Chi-Yu|80\/100|[from] item: Life Orb\n|move|p1b: Corviknight|Tailwind|p1b: Corviknight\n|-sidestart|p1: Milk A Rush|move: Tailwind\n|\n|-heal|p1b: Corviknight|91\/100|[from] item: Leftovers\n|-heal|p2a: Flutter Mane|82\/100|[from] item: Leftovers\n|upkeep\n|\n|t:|1682188820\n|switch|p1a: Palafin|Palafin-Hero, L50, F|100\/100\n|-status|p1a: Palafin|tox\n|-activate|p1a: Palafin|ability: Zero to Hero\n|turn|7\n|\n|t:|1682188837\n|move|p2b: Chi-Yu|Protect|p2b: Chi-Yu\n|-singleturn|p2b: Chi-Yu|Protect\n|move|p1a: Palafin|Substitute|p1a: Palafin\n|-start|p1a: Palafin|Substitute\n|-damage|p1a: Palafin|76\/100 tox\n|move|p1b: Corviknight|Bulk Up|p1b: Corviknight\n|-boost|p1b: Corviknight|atk|1\n|-boost|p1b: Corviknight|def|1\n|move|p2a: Flutter Mane|Hex|p1a: Palafin\n|-crit|p1a: Palafin\n|-end|p1a: Palafin|Substitute\n|\n|-heal|p1b: Corviknight|97\/100|[from] item: Leftovers\n|-heal|p2a: Flutter Mane|88\/100|[from] item: Leftovers\n|-damage|p1a: Palafin|70\/100 tox|[from] psn\n|upkeep\n|turn|8\n|\n|t:|1682188856\n|move|p1a: Palafin|Wave Crash|p2a: Flutter Mane\n|-end|p2a: Flutter Mane|Substitute\n|-damage|p1a: Palafin|63\/100 tox|[from] Recoil|[of] p2a: Flutter Mane\n|move|p1b: Corviknight|Brave Bird|p2b: Chi-Yu\n|-damage|p2b: Chi-Yu|4\/100\n|-damage|p1b: Corviknight|77\/100|[from] Recoil\n|move|p2a: Flutter Mane|Hex|p1a: Palafin\n|-damage|p1a: Palafin|0 fnt\n|faint|p1a: Palafin\n|move|p2b: Chi-Yu|Dark Pulse|p1b: Corviknight\n|-damage|p1b: Corviknight|7\/100\n|-damage|p2b: Chi-Yu|0 fnt|[from] item: Life Orb\n|faint|p2b: Chi-Yu\n|\n|-heal|p1b: Corviknight|13\/100|[from] item: Leftovers\n|-heal|p2a: Flutter Mane|94\/100|[from] item: Leftovers\n|upkeep\n|\n|t:|1682188863\n|switch|p1a: Flutter Mane|Flutter Mane, L50|100\/100\n|-status|p1a: Flutter Mane|tox\n|turn|9\n|inactive|Milk A Rush has 30 seconds left.\n|inactive|Manolo M has 30 seconds left.\n|\n|t:|1682188895\n|move|p2a: Flutter Mane|Protect|p2a: Flutter Mane\n|-singleturn|p2a: Flutter Mane|Protect\n|move|p1a: Flutter Mane|Shadow Ball|p2a: Flutter Mane\n|-activate|p2a: Flutter Mane|move: Protect\n|move|p1b: Corviknight|Iron Head|p2a: Flutter Mane\n|-activate|p2a: Flutter Mane|move: Protect\n|\n|-heal|p1b: Corviknight|19\/100|[from] item: Leftovers\n|-heal|p2a: Flutter Mane|100\/100|[from] item: Leftovers\n|-damage|p1a: Flutter Mane|95\/100 tox|[from] psn\n|-sideend|p1: Milk A Rush|move: Tailwind\n|upkeep\n|turn|10\n|\n|t:|1682188906\n|move|p1a: Flutter Mane|Shadow Ball|p2a: Flutter Mane\n|-damage|p2a: Flutter Mane|49\/100\n|move|p2a: Flutter Mane|Substitute|p2a: Flutter Mane\n|-start|p2a: Flutter Mane|Substitute\n|-damage|p2a: Flutter Mane|24\/100\n|move|p1b: Corviknight|Tailwind|p1b: Corviknight\n|-sidestart|p1: Milk A Rush|move: Tailwind\n|\n|-heal|p1b: Corviknight|26\/100|[from] item: Leftovers\n|-heal|p2a: Flutter Mane|30\/100|[from] item: Leftovers\n|-damage|p1a: Flutter Mane|83\/100 tox|[from] psn\n|upkeep\n|turn|11\n|inactive|Milk A Rush has 30 seconds left.\n|\n|t:|1682188933\n|move|p2a: Flutter Mane|Protect|p2a: Flutter Mane\n|-singleturn|p2a: Flutter Mane|Protect\n|move|p1a: Flutter Mane|Shadow Ball|p2a: Flutter Mane\n|-activate|p2a: Flutter Mane|move: Protect\n|move|p1b: Corviknight|Iron Head|p2a: Flutter Mane\n|-activate|p2a: Flutter Mane|move: Protect\n|\n|-heal|p1b: Corviknight|32\/100|[from] item: Leftovers\n|-heal|p2a: Flutter Mane|37\/100|[from] item: Leftovers\n|-damage|p1a: Flutter Mane|65\/100 tox|[from] psn\n|upkeep\n|turn|12\n|inactive|Manolo M has 30 seconds left.\n|\n|t:|1682188963\n|move|p1a: Flutter Mane|Shadow Ball|p2a: Flutter Mane\n|-end|p2a: Flutter Mane|Substitute\n|move|p1b: Corviknight|Iron Head|p2a: Flutter Mane\n|-resisted|p2a: Flutter Mane\n|-damage|p2a: Flutter Mane|7\/100\n|move|p2a: Flutter Mane|Hex|p1a: Flutter Mane\n|-supereffective|p1a: Flutter Mane\n|-damage|p1a: Flutter Mane|0 fnt\n|faint|p1a: Flutter Mane\n|-end|p1a: Flutter Mane|Protosynthesis|[silent]\n|\n|-heal|p1b: Corviknight|38\/100|[from] item: Leftovers\n|-heal|p2a: Flutter Mane|13\/100|[from] item: Leftovers\n|upkeep\n|turn|13\n|\n|t:|1682188976\n|move|p2a: Flutter Mane|Protect|p2a: Flutter Mane\n|-singleturn|p2a: Flutter Mane|Protect\n|move|p1b: Corviknight|Iron Head|p2a: Flutter Mane\n|-activate|p2a: Flutter Mane|move: Protect\n|\n|-heal|p1b: Corviknight|44\/100|[from] item: Leftovers\n|-heal|p2a: Flutter Mane|19\/100|[from] item: Leftovers\n|-sideend|p1: Milk A Rush|move: Tailwind\n|upkeep\n|turn|14\n|c|\u2606Milk A Rush|gg\n|\n|t:|1682188990\n|move|p2a: Flutter Mane|Hex|p1b: Corviknight\n|-damage|p1b: Corviknight|13\/100\n|move|p1b: Corviknight|Iron Head|p2a: Flutter Mane\n|-resisted|p2a: Flutter Mane\n|-damage|p2a: Flutter Mane|0 fnt\n|faint|p2a: Flutter Mane\n|-end|p2a: Flutter Mane|Protosynthesis|[silent]\n|\n|win|Milk A Rush\n|raw|Milk A Rush's rating: 1276 → 1308<\/strong> (+32 for winning)\n|raw|Manolo M's rating: 1371 → 1346<\/strong> (-25 for losing)\n|c|\u2606Milk A Rush|Fun game honestly\n","uploadtime":1682189008,"views":6,"p1id":"milkarush","p2id":"manolom","formatid":"gen9vgc2023regulationc","rating":1308,"private":0,"password":""}