{"id":"gen9vgc2023regulationc-1845774588","p1":"GigioGame","p2":"dreamswgh","format":"[Gen 9] VGC 2023 Regulation C","log":"|j|\u2606GigioGame\n|j|\u2606dreamswgh\n|t:|1681763336\n|gametype|doubles\n|player|p1|GigioGame|ghetsis-gen5bw|1211\n|player|p2|dreamswgh|nate|1292\n|teamsize|p1|6\n|teamsize|p2|6\n|gen|9\n|tier|[Gen 9] VGC 2023 Regulation C\n|rated|\n|rule|Species Clause: Limit one of each Pok\u00e9mon\n|rule|Item Clause: Limit one of each item\n|clearpoke\n|poke|p1|Scizor, L50, M|\n|poke|p1|Great Tusk, L50|\n|poke|p1|Pelipper, L50, F|\n|poke|p1|Drednaw, L50, M|\n|poke|p1|Glimmora, L50, M|\n|poke|p1|Wo-Chien, L50|\n|poke|p2|Torkoal, L50, F|\n|poke|p2|Flutter Mane, L50|\n|poke|p2|Indeedee-F, L50, F|\n|poke|p2|Hatterene, L50, F|\n|poke|p2|Corviknight, L50, M|\n|poke|p2|Mudsdale, L50, F|\n|teampreview|4\nGigioGame rejected open team sheets.\n|inactive|Battle timer is ON: inactive players will automatically lose when time's up. (requested by GigioGame)\n|\n|t:|1681763378\n|start\n|switch|p1a: Glimmora|Glimmora, L50, M|100\/100\n|switch|p1b: Scizor|Scizor, L50, M|100\/100\n|switch|p2a: Arizona|Torkoal, L50, F|100\/100\n|switch|p2b: Utah|Flutter Mane, L50|100\/100\n|-weather|SunnyDay|[from] ability: Drought|[of] p2a: Arizona\n|-activate|p2b: Utah|ability: Protosynthesis\n|-start|p2b: Utah|protosynthesisspa\n|turn|1\n|\n|t:|1681763395\n|switch|p2a: Nevada|Indeedee-F, L50, F|100\/100\n|-fieldstart|move: Psychic Terrain|[from] ability: Psychic Surge|[of] p2a: Nevada\n|-enditem|p2a: Nevada|Psychic Seed\n|-boost|p2a: Nevada|spd|1|[from] item: Psychic Seed\n|move|p1b: Scizor|Bullet Punch|p2b: Utah\n|-activate|p2b: Utah|move: Psychic Terrain\n|move|p2b: Utah|Substitute|p2b: Utah\n|-start|p2b: Utah|Substitute\n|-damage|p2b: Utah|76\/100\n|move|p1a: Glimmora|Power Gem|p2a: Nevada\n|-damage|p2a: Nevada|75\/100\n|\n|-weather|SunnyDay|[upkeep]\n|upkeep\n|turn|2\n|inactive|dreamswgh has 30 seconds left.\n|inactive|GigioGame has 30 seconds left.\n|inactive|dreamswgh has 20 seconds left.\n|\n|t:|1681763434\n|move|p2a: Nevada|Helping Hand|p2b: Utah\n|-singleturn|p2b: Utah|Helping Hand|[of] p2a: Nevada\n|move|p2b: Utah|Shadow Ball|p1b: Scizor\n|-damage|p1b: Scizor|0 fnt\n|faint|p1b: Scizor\n|move|p1a: Glimmora|Sludge Bomb|p2b: Utah\n|-end|p2b: Utah|Substitute\n|\n|-weather|SunnyDay|[upkeep]\n|upkeep\n|\n|t:|1681763445\n|switch|p1b: Drednaw|Drednaw, L50, M|100\/100\n|turn|3\n|inactive|dreamswgh has 30 seconds left.\n|\n|t:|1681763475\n|switch|p2a: Okalahoma|Corviknight, L50, M|100\/100\n|move|p2b: Utah|Protect|p2b: Utah\n|-singleturn|p2b: Utah|Protect\n|move|p1b: Drednaw|Rock Slide|p2a: Okalahoma|[spread] p2a\n|-activate|p2b: Utah|move: Protect\n|-damage|p2a: Okalahoma|70\/100\n|-damage|p1b: Drednaw|91\/100|[from] item: Life Orb\n|move|p1a: Glimmora|Mortal Spin|p2a: Okalahoma|[spread] \n|-activate|p2b: Utah|move: Protect\n|-immune|p2a: Okalahoma\n|\n|-weather|SunnyDay|[upkeep]\n|upkeep\n|turn|4\n|inactive|dreamswgh has 30 seconds left.\n|\n|t:|1681763505\n|switch|p1a: Pelipper|Pelipper, L50, F|100\/100\n|-weather|RainDance|[from] ability: Drizzle|[of] p1a: Pelipper\n|-end|p2b: Utah|Protosynthesis\n|move|p1b: Drednaw|Rock Slide|p2a: Okalahoma|[spread] p2a,p2b\n|-damage|p2a: Okalahoma|42\/100\n|-damage|p2b: Utah|17\/100\n|-enditem|p2b: Utah|Petaya Berry|[eat]\n|-boost|p2b: Utah|spa|1|[from] item: Petaya Berry\n|-damage|p1b: Drednaw|81\/100|[from] item: Life Orb\n|move|p2b: Utah|Shadow Ball|p1b: Drednaw\n|-damage|p1b: Drednaw|0 fnt\n|faint|p1b: Drednaw\n|move|p2a: Okalahoma|Iron Head|p1a: Pelipper\n|-resisted|p1a: Pelipper\n|-damage|p1a: Pelipper|75\/100\n|\n|-weather|RainDance|[upkeep]\n|upkeep\n|\n|t:|1681763521\n|switch|p1b: Glimmora|Glimmora, L50, M|100\/100\n|turn|5\n|inactive|dreamswgh has 30 seconds left.\n|\n|t:|1681763547\n|switch|p2a: Arizona|Torkoal, L50, F|100\/100\n|-weather|SunnyDay|[from] ability: Drought|[of] p2a: Arizona\n|-activate|p2b: Utah|ability: Protosynthesis\n|-start|p2b: Utah|protosynthesisspa\n|move|p2b: Utah|Shadow Ball|p1a: Pelipper\n|-damage|p1a: Pelipper|0 fnt\n|faint|p1a: Pelipper\n|move|p1b: Glimmora|Power Gem|p2a: Arizona\n|-supereffective|p2a: Arizona\n|-damage|p2a: Arizona|0 fnt\n|faint|p2a: Arizona\n|\n|-weather|SunnyDay|[upkeep]\n|-fieldend|move: Psychic Terrain\n|upkeep\n|\n|t:|1681763563\n|switch|p2a: Nevada|Indeedee-F, L50, F|75\/100\n|-fieldstart|move: Psychic Terrain|[from] ability: Psychic Surge|[of] p2a: Nevada\n|turn|6\n|\n|t:|1681763572\n|-terastallize|p1b: Glimmora|Grass\n|move|p2a: Nevada|Helping Hand|p2b: Utah\n|-singleturn|p2b: Utah|Helping Hand|[of] p2a: Nevada\n|move|p2b: Utah|Shadow Ball|p1b: Glimmora\n|-damage|p1b: Glimmora|14\/100\n|move|p1b: Glimmora|Mortal Spin|p2a: Nevada|[spread] p2a,p2b\n|-damage|p2a: Nevada|71\/100\n|-damage|p2b: Utah|11\/100\n|-status|p2a: Nevada|psn\n|-status|p2b: Utah|psn\n|\n|-weather|SunnyDay|[upkeep]\n|-damage|p2b: Utah|0 fnt|[from] psn\n|faint|p2b: Utah\n|-end|p2b: Utah|Protosynthesis|[silent]\n|-damage|p2a: Nevada|59\/100 psn|[from] psn\n|upkeep\n|\n|t:|1681763581\n|switch|p2b: Okalahoma|Corviknight, L50, M|42\/100\n|turn|7\n|c|\u2606GigioGame|gg\n|c|\u2606dreamswgh|ggwp\n|\n|t:|1681763594\n|move|p1b: Glimmora|Power Gem|p2b: Okalahoma\n|-damage|p2b: Okalahoma|9\/100\n|move|p2a: Nevada|Dazzling Gleam|p1b: Glimmora\n|-damage|p1b: Glimmora|0 fnt\n|faint|p1b: Glimmora\n|\n|win|dreamswgh\n|raw|GigioGame's rating: 1211 → 1192<\/strong> (-19 for losing)\n|raw|dreamswgh's rating: 1292 → 1311<\/strong> (+19 for winning)\n|l|\u2606GigioGame\n","uploadtime":1681763611,"views":6,"p1id":"gigiogame","p2id":"dreamswgh","formatid":"gen9vgc2023regulationc","rating":1192,"private":0,"password":""}