{"id":"gen9vgc2023regulationc-1850735630","p1":"Escatross","p2":"lateralvs","format":"[Gen 9] VGC 2023 Regulation C","log":"|j|\u2606Escatross\n|j|\u2606lateralvs\n|t:|1682363203\n|gametype|doubles\n|player|p1|Escatross|266|1584\n|player|p2|lateralvs|giovanni|1540\n|teamsize|p1|6\n|teamsize|p2|6\n|gen|9\n|tier|[Gen 9] VGC 2023 Regulation C\n|rated|\n|rule|Species Clause: Limit one of each Pok\u00e9mon\n|rule|Item Clause: Limit one of each item\n|clearpoke\n|poke|p1|Flutter Mane, L50|\n|poke|p1|Iron Hands, L50|\n|poke|p1|Gyarados, L50, M|\n|poke|p1|Wo-Chien, L50|\n|poke|p1|Volcarona, L50, F|\n|poke|p1|Glimmora, L50, M|\n|poke|p2|Iron Jugulis, L50|\n|poke|p2|Garchomp, L50, M|\n|poke|p2|Gyarados, L50, M|\n|poke|p2|Gholdengo, L50|\n|poke|p2|Iron Hands, L50|\n|poke|p2|Amoonguss, L50, M|\n|teampreview|4\nlateralvs has agreed to open team sheets.\n|inactive|Battle timer is ON: inactive players will automatically lose when time's up. (requested by Escatross)\n|\n|t:|1682363257\n|start\n|switch|p1a: Viccky|Volcarona, L50, F|100\/100\n|switch|p1b: SABRINA|Flutter Mane, L50|100\/100\n|switch|p2a: Kostic 1-0|Iron Jugulis, L50|100\/100\n|switch|p2b: Fagioli 2-0|Garchomp, L50, M|100\/100\n|-enditem|p1b: SABRINA|Booster Energy\n|-activate|p1b: SABRINA|ability: Protosynthesis|[fromitem]\n|-start|p1b: SABRINA|protosynthesisspe\n|-enditem|p2a: Kostic 1-0|Booster Energy\n|-activate|p2a: Kostic 1-0|ability: Quark Drive|[fromitem]\n|-start|p2a: Kostic 1-0|quarkdrivespe\n|turn|1\n|j| PiccoloRuiz\n|inactive|Escatross has 30 seconds left.\n|inactive|lateralvs has 30 seconds left.\n|inactive|lateralvs has 20 seconds left.\n|\n|t:|1682363294\n|-terastallize|p2b: Fagioli 2-0|Ground\n|-terastallize|p1a: Viccky|Water\n|move|p1b: SABRINA|Dazzling Gleam|p2a: Kostic 1-0|[spread] p2a,p2b\n|-supereffective|p2a: Kostic 1-0\n|-damage|p2a: Kostic 1-0|38\/100\n|-damage|p2b: Fagioli 2-0|66\/100\n|move|p2a: Kostic 1-0|Tailwind|p2a: Kostic 1-0\n|-sidestart|p2: lateralvs|move: Tailwind\n|move|p2b: Fagioli 2-0|Earthquake|p1b: SABRINA|[spread] p1a,p1b\n|-immune|p2a: Kostic 1-0\n|-damage|p1a: Viccky|31\/100\n|-damage|p1b: SABRINA|0 fnt\n|faint|p1b: SABRINA\n|-end|p1b: SABRINA|Protosynthesis|[silent]\n|-damage|p2b: Fagioli 2-0|56\/100|[from] item: Life Orb\n|move|p1a: Viccky|Heat Wave|p2a: Kostic 1-0|[spread] p2b\n|-miss|p1a: Viccky|p2a: Kostic 1-0\n|-damage|p2b: Fagioli 2-0|15\/100\n|\n|upkeep\n|\n|t:|1682363317\n|switch|p1b: GYARA|Gyarados, L50, M|100\/100\n|-ability|p1b: GYARA|Intimidate|boost\n|-unboost|p2a: Kostic 1-0|atk|1\n|-unboost|p2b: Fagioli 2-0|atk|1\n|turn|2\n|inactive|lateralvs has 30 seconds left.\n|inactive|lateralvs has 20 seconds left.\n|\n|t:|1682363355\n|move|p2a: Kostic 1-0|Hurricane|p1b: GYARA\n|-damage|p1b: GYARA|62\/100\n|-start|p1b: GYARA|confusion\n|-enditem|p1b: GYARA|Lum Berry|[eat]\n|-end|p1b: GYARA|confusion\n|move|p2b: Fagioli 2-0|Rock Slide|p1b: GYARA|[spread] p1a,p1b\n|-supereffective|p1b: GYARA\n|-crit|p1b: GYARA\n|-damage|p1a: Viccky|14\/100\n|-damage|p1b: GYARA|0 fnt\n|faint|p1b: GYARA\n|-damage|p2b: Fagioli 2-0|5\/100|[from] item: Life Orb\n|cant|p1a: Viccky|flinch\n|\n|upkeep\n|\n|t:|1682363369\n|switch|p1b: Pop|Iron Hands, L50|100\/100\n|turn|3\n|inactive|lateralvs has 30 seconds left.\n|\n|t:|1682363402\n|switch|p2b: Marchisio 2-1|Iron Hands, L50|100\/100\n|move|p2a: Kostic 1-0|Snarl|p1a: Viccky|[spread] p1a,p1b\n|-resisted|p1b: Pop\n|-damage|p1a: Viccky|0 fnt\n|-damage|p1b: Pop|96\/100\n|-unboost|p1b: Pop|spa|1\n|faint|p1a: Viccky\n|move|p1b: Pop|Wild Charge|p2b: Marchisio 2-1\n|-resisted|p2b: Marchisio 2-1\n|-damage|p2b: Marchisio 2-1|83\/100\n|-damage|p1b: Pop|92\/100|[from] Recoil\n|\n|upkeep\n|turn|4\n|\n|t:|1682363418\n|move|p2b: Marchisio 2-1|Fake Out|p1b: Pop\n|-damage|p1b: Pop|82\/100\n|move|p2a: Kostic 1-0|Hurricane|p1b: Pop\n|-damage|p1b: Pop|60\/100\n|cant|p1b: Pop|flinch\n|\n|-sideend|p2: lateralvs|move: Tailwind\n|upkeep\n|turn|5\n|\n|t:|1682363429\n|move|p2a: Kostic 1-0|Hurricane|p1b: Pop\n|-damage|p1b: Pop|36\/100\n|move|p2b: Marchisio 2-1|Drain Punch|p1b: Pop\n|-damage|p1b: Pop|9\/100\n|-heal|p2b: Marchisio 2-1|98\/100|[from] drain|[of] p1b: Pop\n|move|p1b: Pop|Drain Punch|p2a: Kostic 1-0\n|-damage|p2a: Kostic 1-0|0 fnt\n|-heal|p1b: Pop|23\/100|[from] drain|[of] p2a: Kostic 1-0\n|faint|p2a: Kostic 1-0\n|-end|p2a: Kostic 1-0|Quark Drive|[silent]\n|\n|upkeep\n|\n|t:|1682363437\n|switch|p2a: Fagioli 2-0|Garchomp, L50, M, tera:Ground|5\/100\n|turn|6\n|-message|Escatross forfeited.\n|\n|win|lateralvs\n|raw|Escatross's rating: 1584 → 1561<\/strong> (-23 for losing)\n|raw|lateralvs's rating: 1540 → 1563<\/strong> (+23 for winning)\n|l|\u2606Escatross\n","uploadtime":1682363444,"views":14,"p1id":"escatross","p2id":"lateralvs","formatid":"gen9vgc2023regulationc","rating":1561,"private":0,"password":""}