{"id":"gen9vgc2023regulationc-1857915821","p1":"Uva Voladora","p2":"Nullifeyed","format":"[Gen 9] VGC 2023 Regulation C","log":"|j|\u2606Uva Voladora\n|j|\u2606Nullifeyed\n|t:|1683246888\n|gametype|doubles\n|player|p1|Uva Voladora|lyra|1135\n|player|p2|Nullifeyed|unknownf|1184\n|teamsize|p1|6\n|teamsize|p2|6\n|gen|9\n|tier|[Gen 9] VGC 2023 Regulation C\n|rated|\n|rule|Species Clause: Limit one of each Pok\u00e9mon\n|rule|Item Clause: Limit one of each item\n|clearpoke\n|poke|p1|Roaring Moon, L50|\n|poke|p1|Iron Hands, L50|\n|poke|p1|Chien-Pao, L50|\n|poke|p1|Farigiraf, L50, F|\n|poke|p1|Arcanine, L50, M|\n|poke|p1|Amoonguss, L50, M|\n|poke|p2|Masquerain, L50, M|\n|poke|p2|Ting-Lu, L50|\n|poke|p2|Wo-Chien, L50|\n|poke|p2|Glimmora, L50, M|\n|poke|p2|Dudunsparce-*, L50, M|\n|poke|p2|Toxapex, L50, F|\n|teampreview|4\n|\n|t:|1683246916\n|start\n|switch|p1a: Iron Hands|Iron Hands, L50|100\/100\n|switch|p1b: Farigiraf|Farigiraf, L50, F|100\/100\n|switch|p2a: Masquerain|Masquerain, L50, M|100\/100\n|switch|p2b: Glimmora|Glimmora, L50, M|100\/100\n|-ability|p2a: Masquerain|Intimidate|boost\n|-unboost|p1a: Iron Hands|atk|1\n|-unboost|p1b: Farigiraf|atk|1\n|turn|1\n|\n|t:|1683246932\n|move|p2a: Masquerain|U-turn|p1b: Farigiraf\n|-supereffective|p1b: Farigiraf\n|-damage|p1b: Farigiraf|77\/100\n|\n|t:|1683246941\n|switch|p2a: Ting-Lu|Ting-Lu, L50|100\/100|[from] U-turn\n|-ability|p2a: Ting-Lu|Vessel of Ruin\n|move|p2b: Glimmora|Stealth Rock|p1b: Farigiraf\n|-sidestart|p1: Uva Voladora|move: Stealth Rock\n|move|p1a: Iron Hands|Belly Drum|p1a: Iron Hands\n|-damage|p1a: Iron Hands|50\/100\n|-setboost|p1a: Iron Hands|atk|6|[from] move: Belly Drum\n|-enditem|p1a: Iron Hands|Sitrus Berry|[eat]\n|-heal|p1a: Iron Hands|75\/100|[from] item: Sitrus Berry\n|move|p1b: Farigiraf|Trick Room|p1b: Farigiraf\n|-fieldstart|move: Trick Room|[of] p1b: Farigiraf\n|\n|upkeep\n|turn|2\n|\n|t:|1683246979\n|switch|p2a: Masquerain|Masquerain, L50, M|100\/100\n|-ability|p2a: Masquerain|Intimidate|boost\n|-unboost|p1a: Iron Hands|atk|1\n|-unboost|p1b: Farigiraf|atk|1\n|move|p1b: Farigiraf|Protect|p1b: Farigiraf\n|-singleturn|p1b: Farigiraf|Protect\n|move|p1a: Iron Hands|Drain Punch|p2a: Masquerain\n|-resisted|p2a: Masquerain\n|-crit|p2a: Masquerain\n|-damage|p2a: Masquerain|19\/100\n|-heal|p1a: Iron Hands|99\/100|[from] drain|[of] p2a: Masquerain\n|move|p2b: Glimmora|Mortal Spin|p1a: Iron Hands|[spread] p1a\n|-activate|p1b: Farigiraf|move: Protect\n|-damage|p1a: Iron Hands|96\/100\n|-status|p1a: Iron Hands|psn\n|\n|-damage|p1a: Iron Hands|84\/100 psn|[from] psn\n|upkeep\n|turn|3\n|\n|t:|1683247002\n|switch|p1b: Amoonguss|Amoonguss, L50, M|100\/100\n|-damage|p1b: Amoonguss|88\/100|[from] Stealth Rock\n|move|p1a: Iron Hands|Drain Punch|p2b: Glimmora\n|-enditem|p2b: Glimmora|Focus Sash\n|-damage|p2b: Glimmora|1\/100\n|-heal|p1a: Iron Hands|100\/100 psn|[from] drain|[of] p2b: Glimmora\n|-activate|p2b: Glimmora|ability: Toxic Debris\n|-sidestart|p1: Uva Voladora|move: Toxic Spikes\n|move|p2b: Glimmora|Earth Power|p1a: Iron Hands\n|-supereffective|p1a: Iron Hands\n|-damage|p1a: Iron Hands|66\/100 psn\n|move|p2a: Masquerain|Haze|p2a: Masquerain\n|-clearallboost\n|\n|-damage|p1a: Iron Hands|54\/100 psn|[from] psn\n|upkeep\n|turn|4\n|\n|t:|1683247029\n|move|p1b: Amoonguss|Pollen Puff|p2b: Glimmora\n|-resisted|p2b: Glimmora\n|-damage|p2b: Glimmora|0 fnt\n|faint|p2b: Glimmora\n|move|p1a: Iron Hands|Thunder Punch|p2a: Masquerain\n|-supereffective|p2a: Masquerain\n|-damage|p2a: Masquerain|0 fnt\n|faint|p2a: Masquerain\n|\n|-damage|p1a: Iron Hands|41\/100 psn|[from] psn\n|upkeep\n|\n|t:|1683247033\n|switch|p2a: Wo-Chien|Wo-Chien, L50|100\/100\n|switch|p2b: Ting-Lu|Ting-Lu, L50|100\/100\n|-ability|p2b: Ting-Lu|Vessel of Ruin\n|-ability|p2a: Wo-Chien|Tablets of Ruin\n|turn|5\n|\n|t:|1683247055\n|-terastallize|p2a: Wo-Chien|Poison\n|move|p2b: Ting-Lu|Protect|p2b: Ting-Lu\n|-singleturn|p2b: Ting-Lu|Protect\n|move|p1b: Amoonguss|Pollen Puff|p2a: Wo-Chien\n|-resisted|p2a: Wo-Chien\n|-damage|p2a: Wo-Chien|97\/100\n|move|p1a: Iron Hands|Drain Punch|p2b: Ting-Lu\n|-activate|p2b: Ting-Lu|move: Protect\n|move|p2a: Wo-Chien|Leech Seed|p1a: Iron Hands\n|-start|p1a: Iron Hands|move: Leech Seed\n|\n|-heal|p2a: Wo-Chien|100\/100|[from] item: Black Sludge\n|-damage|p1a: Iron Hands|29\/100 psn|[from] Leech Seed|[of] p2a: Wo-Chien\n|-damage|p1a: Iron Hands|17\/100 psn|[from] psn\n|-fieldend|move: Trick Room\n|upkeep\n|turn|6\n|\n|t:|1683247091\n|move|p2a: Wo-Chien|Giga Drain|p1a: Iron Hands\n|-damage|p1a: Iron Hands|5\/100 psn\n|move|p1a: Iron Hands|Drain Punch|p2b: Ting-Lu\n|-supereffective|p2b: Ting-Lu\n|-damage|p2b: Ting-Lu|79\/100\n|-heal|p1a: Iron Hands|17\/100 psn|[from] drain|[of] p2b: Ting-Lu\n|move|p2b: Ting-Lu|Body Press|p1a: Iron Hands\n|-damage|p1a: Iron Hands|2\/100 psn\n|move|p1b: Amoonguss|Spore|p2b: Ting-Lu\n|-status|p2b: Ting-Lu|slp|[from] move: Spore\n|\n|-heal|p2b: Ting-Lu|85\/100 slp|[from] item: Leftovers\n|-damage|p1a: Iron Hands|0 fnt|[from] Leech Seed|[of] p2a: Wo-Chien\n|faint|p1a: Iron Hands\n|-end|p1a: Iron Hands|Quark Drive|[silent]\n|upkeep\n|\n|t:|1683247106\n|switch|p1a: Arcanine|Arcanine, L50, M|100\/100\n|-damage|p1a: Arcanine|76\/100|[from] Stealth Rock\n|-status|p1a: Arcanine|psn\n|-ability|p1a: Arcanine|Intimidate|boost\n|-unboost|p2a: Wo-Chien|atk|1\n|-unboost|p2b: Ting-Lu|atk|1\n|turn|7\n|\n|t:|1683247127\n|-terastallize|p1a: Arcanine|Water\n|move|p1a: Arcanine|Flare Blitz|p2a: Wo-Chien\n|-damage|p2a: Wo-Chien|64\/100\n|-damage|p1a: Arcanine|64\/100 psn|[from] Recoil\n|move|p2a: Wo-Chien|Leech Seed|p1a: Arcanine\n|-start|p1a: Arcanine|move: Leech Seed\n|move|p1b: Amoonguss|Spore|p2a: Wo-Chien\n|-status|p2a: Wo-Chien|slp|[from] move: Spore\n|cant|p2b: Ting-Lu|slp\n|\n|-heal|p2a: Wo-Chien|70\/100 slp|[from] item: Black Sludge\n|-heal|p2b: Ting-Lu|91\/100 slp|[from] item: Leftovers\n|-damage|p1a: Arcanine|52\/100 psn|[from] Leech Seed|[of] p2a: Wo-Chien\n|-heal|p2a: Wo-Chien|83\/100 slp|[silent]\n|-damage|p1a: Arcanine|39\/100 psn|[from] psn\n|upkeep\n|turn|8\n|\n|t:|1683247155\n|cant|p2a: Wo-Chien|slp\n|move|p1a: Arcanine|Flare Blitz|p2a: Wo-Chien\n|-damage|p2a: Wo-Chien|43\/100 slp\n|-damage|p1a: Arcanine|27\/100 psn|[from] Recoil\n|move|p1b: Amoonguss|Pollen Puff|p2b: Ting-Lu\n|-supereffective|p2b: Ting-Lu\n|-damage|p2b: Ting-Lu|67\/100 slp\n|-curestatus|p2b: Ting-Lu|slp|[msg]\n|move|p2b: Ting-Lu|Whirlwind|p1b: Amoonguss\n|drag|p1b: Farigiraf|Farigiraf, L50, F|77\/100\n|-damage|p1b: Farigiraf|64\/100|[from] Stealth Rock\n|-status|p1b: Farigiraf|psn\n|\n|-heal|p2a: Wo-Chien|49\/100 slp|[from] item: Black Sludge\n|-heal|p2b: Ting-Lu|73\/100|[from] item: Leftovers\n|-damage|p1a: Arcanine|14\/100 psn|[from] Leech Seed|[of] p2a: Wo-Chien\n|-heal|p2a: Wo-Chien|62\/100 slp|[silent]\n|-damage|p1a: Arcanine|2\/100 psn|[from] psn\n|-damage|p1b: Farigiraf|52\/100 psn|[from] psn\n|upkeep\n|turn|9\n|\n|t:|1683247182\n|move|p2b: Ting-Lu|Protect|p2b: Ting-Lu\n|-singleturn|p2b: Ting-Lu|Protect\n|move|p1a: Arcanine|Flare Blitz|p2b: Ting-Lu\n|-activate|p2b: Ting-Lu|move: Protect\n|-curestatus|p2a: Wo-Chien|slp|[msg]\n|move|p2a: Wo-Chien|Leech Seed|p1b: Farigiraf\n|-start|p1b: Farigiraf|move: Leech Seed\n|move|p1b: Farigiraf|Dazzling Gleam|p2a: Wo-Chien|[spread] p2a\n|-activate|p2b: Ting-Lu|move: Protect\n|-resisted|p2a: Wo-Chien\n|-damage|p2a: Wo-Chien|59\/100\n|\n|-heal|p2a: Wo-Chien|66\/100|[from] item: Black Sludge\n|-heal|p2b: Ting-Lu|79\/100|[from] item: Leftovers\n|-damage|p1a: Arcanine|0 fnt|[from] Leech Seed|[of] p2a: Wo-Chien\n|-heal|p2a: Wo-Chien|67\/100|[silent]\n|faint|p1a: Arcanine\n|-damage|p1b: Farigiraf|40\/100 psn|[from] Leech Seed|[of] p2a: Wo-Chien\n|-heal|p2a: Wo-Chien|82\/100|[silent]\n|-damage|p1b: Farigiraf|27\/100 psn|[from] psn\n|upkeep\n|\n|t:|1683247200\n|switch|p1a: Amoonguss|Amoonguss, L50, M|100\/100\n|-damage|p1a: Amoonguss|88\/100|[from] Stealth Rock\n|-sideend|p1: Uva Voladora|move: Toxic Spikes|[of] p1a: Amoonguss\n|turn|10\n|\n|t:|1683247230\n|move|p2a: Wo-Chien|Ruination|p1a: Amoonguss\n|-damage|p1a: Amoonguss|44\/100\n|move|p1b: Farigiraf|Dazzling Gleam|p2a: Wo-Chien|[spread] p2a,p2b\n|-resisted|p2a: Wo-Chien\n|-supereffective|p2b: Ting-Lu\n|-damage|p2a: Wo-Chien|79\/100\n|-damage|p2b: Ting-Lu|59\/100\n|move|p2b: Ting-Lu|Fissure|p1a: Amoonguss|[miss]\n|-miss|p2b: Ting-Lu|p1a: Amoonguss\n|move|p1a: Amoonguss|Spore|p2a: Wo-Chien\n|-status|p2a: Wo-Chien|slp|[from] move: Spore\n|\n|-heal|p2a: Wo-Chien|85\/100 slp|[from] item: Black Sludge\n|-heal|p2b: Ting-Lu|65\/100|[from] item: Leftovers\n|-damage|p1b: Farigiraf|15\/100 psn|[from] Leech Seed|[of] p2a: Wo-Chien\n|-heal|p2a: Wo-Chien|99\/100 slp|[silent]\n|-damage|p1b: Farigiraf|3\/100 psn|[from] psn\n|upkeep\n|turn|11\n|\n|t:|1683247259\n|move|p2b: Ting-Lu|Protect|p2b: Ting-Lu\n|-singleturn|p2b: Ting-Lu|Protect\n|cant|p2a: Wo-Chien|slp\n|move|p1b: Farigiraf|Hyper Voice|p2b: Ting-Lu|[spread] p2a\n|-activate|p2b: Ting-Lu|move: Protect\n|-damage|p2a: Wo-Chien|89\/100 slp\n|move|p1a: Amoonguss|Spore|p2b: Ting-Lu\n|-activate|p2b: Ting-Lu|move: Protect\n|\n|-heal|p2a: Wo-Chien|95\/100 slp|[from] item: Black Sludge\n|-heal|p2b: Ting-Lu|71\/100|[from] item: Leftovers\n|-damage|p1b: Farigiraf|0 fnt|[from] Leech Seed|[of] p2a: Wo-Chien\n|-heal|p2a: Wo-Chien|98\/100 slp|[silent]\n|faint|p1b: Farigiraf\n|upkeep\n|turn|12\n|-message|Uva Voladora forfeited.\n|\n|win|Nullifeyed\n|raw|Uva Voladora's rating: 1135 → 1114<\/strong> (-21 for losing)\n|raw|Nullifeyed's rating: 1184 → 1205<\/strong> (+21 for winning)\n|l|\u2606Uva Voladora\n","uploadtime":1683247272,"views":8,"p1id":"uvavoladora","p2id":"nullifeyed","formatid":"gen9vgc2023regulationc","rating":1114,"private":0,"password":""}