{"id":"gen9vgc2023regulationc-1855991268","p1":"Pawmaughty","p2":"IceApfel","format":"[Gen 9] VGC 2023 Regulation C","log":"|j|\u2606Pawmaughty\n|j|\u2606IceApfel\n|t:|1683013269\n|gametype|doubles\n|player|p1|Pawmaughty|swimmerf-gen4dp|1305\n|player|p2|IceApfel|waiter|1414\n|teamsize|p1|6\n|teamsize|p2|6\n|gen|9\n|tier|[Gen 9] VGC 2023 Regulation C\n|rated|\n|rule|Species Clause: Limit one of each Pok\u00e9mon\n|rule|Item Clause: Limit one of each item\n|clearpoke\n|poke|p1|Tinkaton, L50, F|\n|poke|p1|Iron Bundle, L50|\n|poke|p1|Abomasnow, L50, M|\n|poke|p1|Chi-Yu, L50|\n|poke|p1|Gyarados, L50, M|\n|poke|p1|Ceruledge, L50, F|\n|poke|p2|Flutter Mane, L50|\n|poke|p2|Corviknight, L50, F|\n|poke|p2|Gyarados, L50, F|\n|poke|p2|Kingambit, L50, F|\n|poke|p2|Garchomp, L50, F|\n|poke|p2|Chi-Yu, L50|\n|teampreview|4\n|inactive|Battle timer is ON: inactive players will automatically lose when time's up. (requested by Pawmaughty)\n|\n|t:|1683013305\n|start\n|switch|p1a: Tinkaton|Tinkaton, L50, F|100\/100\n|switch|p1b: Abomasnow|Abomasnow, L50, M|100\/100\n|switch|p2a: Flutter Mane|Flutter Mane, L50|100\/100\n|switch|p2b: Chi-Yu|Chi-Yu, L50|100\/100\n|-ability|p1a: Tinkaton|Mold Breaker\n|-ability|p2b: Chi-Yu|Beads of Ruin\n|-weather|Snow|[from] ability: Snow Warning|[of] p1b: Abomasnow\n|-enditem|p2a: Flutter Mane|Booster Energy\n|-activate|p2a: Flutter Mane|ability: Protosynthesis|[fromitem]\n|-start|p2a: Flutter Mane|protosynthesisspa\n|turn|1\n|\n|t:|1683013327\n|-terastallize|p1b: Abomasnow|Water\n|move|p2a: Flutter Mane|Protect|p2a: Flutter Mane\n|-singleturn|p2a: Flutter Mane|Protect\n|move|p1a: Tinkaton|Fake Out|p2b: Chi-Yu\n|-damage|p2b: Chi-Yu|89\/100\n|cant|p2b: Chi-Yu|flinch\n|move|p1b: Abomasnow|Aurora Veil|p1b: Abomasnow\n|-sidestart|p1: Pawmaughty|move: Aurora Veil\n|\n|-weather|Snow|[upkeep]\n|upkeep\n|turn|2\n|\n|t:|1683013351\n|switch|p1b: Ceruledge|Ceruledge, L50, F|100\/100\n|-terastallize|p2b: Chi-Yu|Grass\n|move|p2a: Flutter Mane|Moonblast|p1b: Ceruledge\n|-resisted|p1b: Ceruledge\n|-damage|p1b: Ceruledge|76\/100\n|move|p1a: Tinkaton|Gigaton Hammer|p2a: Flutter Mane\n|-supereffective|p2a: Flutter Mane\n|-damage|p2a: Flutter Mane|0 fnt\n|faint|p2a: Flutter Mane\n|-end|p2a: Flutter Mane|Protosynthesis|[silent]\n|move|p2b: Chi-Yu|Tera Blast|p1b: Ceruledge\n|-resisted|p1b: Ceruledge\n|-damage|p1b: Ceruledge|55\/100\n|\n|-weather|Snow|[upkeep]\n|upkeep\n|\n|t:|1683013361\n|switch|p2a: Garchomp|Garchomp, L50, F|100\/100\n|turn|3\n|inactive|Pawmaughty has 30 seconds left.\n|\n|t:|1683013389\n|switch|p1a: Abomasnow|Abomasnow, L50, M, tera:Water|100\/100\n|move|p2a: Garchomp|Protect|p2a: Garchomp\n|-singleturn|p2a: Garchomp|Protect\n|move|p2b: Chi-Yu|Dark Pulse|p1b: Ceruledge\n|-supereffective|p1b: Ceruledge\n|-damage|p1b: Ceruledge|0 fnt\n|faint|p1b: Ceruledge\n|\n|-weather|Snow|[upkeep]\n|upkeep\n|\n|t:|1683013397\n|switch|p1b: Iron Bundle|Iron Bundle, L50|100\/100\n|-enditem|p1b: Iron Bundle|Booster Energy\n|-activate|p1b: Iron Bundle|ability: Quark Drive|[fromitem]\n|-start|p1b: Iron Bundle|quarkdrivespe\n|turn|4\n|\n|t:|1683013405\n|switch|p2a: Kingambit|Kingambit, L50, F|100\/100\n|move|p1b: Iron Bundle|Blizzard|p2b: Chi-Yu|[spread] p2a,p2b\n|-resisted|p2a: Kingambit\n|-supereffective|p2b: Chi-Yu\n|-damage|p2a: Kingambit|77\/100\n|-damage|p2b: Chi-Yu|36\/100\n|move|p2b: Chi-Yu|Tera Blast|p1a: Abomasnow\n|-supereffective|p1a: Abomasnow\n|-damage|p1a: Abomasnow|38\/100\n|move|p1a: Abomasnow|Blizzard|p2b: Chi-Yu|[spread] p2a,p2b\n|-resisted|p2a: Kingambit\n|-supereffective|p2b: Chi-Yu\n|-damage|p2a: Kingambit|60\/100\n|-damage|p2b: Chi-Yu|1\/100\n|\n|-weather|Snow|[upkeep]\n|upkeep\n|turn|5\n|\n|t:|1683013425\n|move|p1b: Iron Bundle|Blizzard|p2a: Kingambit|[spread] p2a,p2b\n|-resisted|p2a: Kingambit\n|-supereffective|p2b: Chi-Yu\n|-damage|p2a: Kingambit|37\/100\n|-damage|p2b: Chi-Yu|0 fnt\n|faint|p2b: Chi-Yu\n|move|p1a: Abomasnow|Blizzard|p2a: Kingambit\n|-resisted|p2a: Kingambit\n|-damage|p2a: Kingambit|21\/100\n|move|p2a: Kingambit|Iron Head|p1a: Abomasnow\n|-resisted|p1a: Abomasnow\n|-damage|p1a: Abomasnow|20\/100\n|\n|-weather|none\n|upkeep\n|\n|t:|1683013430\n|switch|p2b: Garchomp|Garchomp, L50, F|100\/100\n|turn|6\n|-message|IceApfel forfeited.\n|\n|win|Pawmaughty\n|raw|Pawmaughty's rating: 1305 → 1331<\/strong> (+26 for winning)\n|raw|IceApfel's rating: 1414 → 1388<\/strong> (-26 for losing)\n|l|\u2606IceApfel\n","uploadtime":1683013443,"views":21,"p1id":"pawmaughty","p2id":"iceapfel","formatid":"gen9vgc2023regulationc","rating":1331,"private":0,"password":""}