{"id":"gen9vgc2023regulationc-1860339986","p1":"Garrett B Ferguson","p2":"GrifoneFolleVGC","format":"[Gen 9] VGC 2023 Regulation C","log":"|j|\u2606Garrett B Ferguson\n|j|\u2606GrifoneFolleVGC\n|t:|1683634813\n|gametype|doubles\n|player|p1|Garrett B Ferguson|silver-gen2kanto|1149\n|player|p2|GrifoneFolleVGC|cynthia-gen4|1268\n|teamsize|p1|6\n|teamsize|p2|6\n|gen|9\n|tier|[Gen 9] VGC 2023 Regulation C\n|rated|\n|rule|Species Clause: Limit one of each Pok\u00e9mon\n|rule|Item Clause: Limit one of each item\n|clearpoke\n|poke|p1|Talonflame, L50, M|\n|poke|p1|Palafin, L50, F|\n|poke|p1|Gholdengo, L50|\n|poke|p1|Flutter Mane, L50|\n|poke|p1|Chien-Pao, L50|\n|poke|p1|Roaring Moon, L50|\n|poke|p2|Flutter Mane, L50|\n|poke|p2|Chi-Yu, L50|\n|poke|p2|Amoonguss, L50, F|\n|poke|p2|Iron Bundle, L50|\n|poke|p2|Ting-Lu, L50|\n|poke|p2|Baxcalibur, L50, F|\n|teampreview|4\n|inactive|Battle timer is ON: inactive players will automatically lose when time's up. (requested by Garrett B Ferguson)\nGarrett B Ferguson has agreed to open team sheets.\nGrifoneFolleVGC has agreed to open team sheets.\n|inactive|GrifoneFolleVGC has 60 seconds left.\n|inactive|GrifoneFolleVGC has 30 seconds left.\n|\n|t:|1683634877\n|start\n|switch|p1a: Margaret|Talonflame, L50, M|100\/100\n|switch|p1b: Pops|Gholdengo, L50|100\/100\n|switch|p2a: Iron Bundle|Iron Bundle, L50|100\/100\n|switch|p2b: Baxcalibur|Baxcalibur, L50, F|100\/100\n|-enditem|p2a: Iron Bundle|Booster Energy\n|-activate|p2a: Iron Bundle|ability: Quark Drive|[fromitem]\n|-start|p2a: Iron Bundle|quarkdrivespe\n|turn|1\n|j| Crazycat476396\n|inactive|GrifoneFolleVGC has 30 seconds left.\n|inactive|GrifoneFolleVGC has 20 seconds left.\n|\n|t:|1683634913\n|-terastallize|p2b: Baxcalibur|Poison\n|-terastallize|p1b: Pops|Steel\n|move|p1a: Margaret|Tailwind|p1a: Margaret\n|-sidestart|p1: Garrett B Ferguson|move: Tailwind\n|move|p2a: Iron Bundle|Hydro Pump|p1b: Pops\n|-damage|p1b: Pops|45\/100\n|move|p1b: Pops|Make It Rain|p2a: Iron Bundle|[spread] p2a,p2b\n|-damage|p2a: Iron Bundle|0 fnt\n|-damage|p2b: Baxcalibur|32\/100\n|-unboost|p1b: Pops|spa|1\n|faint|p2a: Iron Bundle\n|-end|p2a: Iron Bundle|Quark Drive|[silent]\n|move|p2b: Baxcalibur|Glaive Rush|p1a: Margaret\n|-damage|p1a: Margaret|13\/100\n|-singlemove|p2b: Baxcalibur|Glaive Rush|[silent]\n|\n|-heal|p1b: Pops|51\/100|[from] item: Leftovers\n|upkeep\n|inactive|GrifoneFolleVGC has 30 seconds left.\n|\n|t:|1683634944\n|switch|p2a: Amoonguss|Amoonguss, L50, F|100\/100\n|turn|2\n|\n|t:|1683634963\n|move|p2b: Baxcalibur|Ice Shard|p1a: Margaret\n|-damage|p1a: Margaret|0 fnt\n|faint|p1a: Margaret\n|move|p1b: Pops|Make It Rain|p2a: Amoonguss|[spread] p2a,p2b\n|-damage|p2a: Amoonguss|62\/100\n|-damage|p2b: Baxcalibur|0 fnt\n|-unboost|p1b: Pops|spa|1\n|faint|p2b: Baxcalibur\n|move|p2a: Amoonguss|Pollen Puff|p2: Baxcalibur|[notarget]\n|-fail|p2a: Amoonguss\n|\n|-heal|p1b: Pops|57\/100|[from] item: Leftovers\n|upkeep\n|\n|t:|1683634980\n|switch|p1a: Mordecai|Roaring Moon, L50|100\/100\n|switch|p2b: Flutter Mane|Flutter Mane, L50|100\/100\n|-enditem|p1a: Mordecai|Booster Energy\n|-activate|p1a: Mordecai|ability: Protosynthesis|[fromitem]\n|-start|p1a: Mordecai|protosynthesisspe\n|turn|3\n|\n|t:|1683634989\n|switch|p1b: Rigby|Chien-Pao, L50|100\/100\n|-ability|p1b: Rigby|Sword of Ruin\n|move|p1a: Mordecai|Acrobatics|p2b: Flutter Mane\n|-damage|p2b: Flutter Mane|21\/100\n|move|p2b: Flutter Mane|Moonblast|p1a: Mordecai\n|-supereffective|p1a: Mordecai\n|-damage|p1a: Mordecai|0 fnt\n|faint|p1a: Mordecai\n|-end|p1a: Mordecai|Protosynthesis|[silent]\n|move|p2a: Amoonguss|Spore|p1b: Rigby\n|-status|p1b: Rigby|slp|[from] move: Spore\n|\n|upkeep\n|\n|t:|1683635002\n|switch|p1a: Pops|Gholdengo, L50, tera:Steel|57\/100\n|turn|4\n|\n|t:|1683635018\n|cant|p1b: Rigby|slp\n|move|p1a: Pops|Make It Rain|p2b: Flutter Mane|[spread] p2a,p2b\n|-supereffective|p2b: Flutter Mane\n|-damage|p2a: Amoonguss|2\/100\n|-damage|p2b: Flutter Mane|0 fnt\n|-unboost|p1a: Pops|spa|1\n|faint|p2b: Flutter Mane\n|-end|p2b: Flutter Mane|Protosynthesis|[silent]\n|move|p2a: Amoonguss|Pollen Puff|p1b: Rigby\n|-supereffective|p1b: Rigby\n|-damage|p1b: Rigby|40\/100 slp\n|\n|-heal|p1a: Pops|63\/100|[from] item: Leftovers\n|-sideend|p1: Garrett B Ferguson|move: Tailwind\n|upkeep\n|turn|5\n|-message|GrifoneFolleVGC forfeited.\n|\n|win|Garrett B Ferguson\n|raw|Garrett B Ferguson's rating: 1149 → 1182<\/strong> (+33 for winning)\n|raw|GrifoneFolleVGC's rating: 1268 → 1235<\/strong> (-33 for losing)\n|l|\u2606GrifoneFolleVGC\n","uploadtime":1683635048,"views":11,"p1id":"garrettbferguson","p2id":"grifonefollevgc","formatid":"gen9vgc2023regulationc","rating":1182,"private":0,"password":""}