{"id":"gen9vgc2023regulationc-1859371205","p1":"MelvinCalvin","p2":"nem_foka","format":"[Gen 9] VGC 2023 Regulation C","log":"|j|\u2606MelvinCalvin\n|j|\u2606nem_foka\n|t:|1683449859\n|gametype|doubles\n|player|p1|MelvinCalvin|265|1262\n|player|p2|nem_foka|101|1200\n|teamsize|p1|6\n|teamsize|p2|6\n|gen|9\n|tier|[Gen 9] VGC 2023 Regulation C\n|rated|\n|rule|Species Clause: Limit one of each Pok\u00e9mon\n|rule|Item Clause: Limit one of each item\n|clearpoke\n|poke|p1|Dondozo, L50, F|\n|poke|p1|Tatsugiri, L50, M|\n|poke|p1|Iron Bundle, L50|\n|poke|p1|Gholdengo, L50|\n|poke|p1|Chien-Pao, L50|\n|poke|p1|Dragonite, L50, M|\n|poke|p2|Ting-Lu, L50|\n|poke|p2|Orthworm, L50, F|\n|poke|p2|Dragonite, L50, M|\n|poke|p2|Flutter Mane, L50|\n|poke|p2|Chien-Pao, L50|\n|poke|p2|Kingambit, L50, M|\n|teampreview|4\nnem_foka has agreed to open team sheets.\n|inactive|Battle timer is ON: inactive players will automatically lose when time's up. (requested by nem_foka)\n|inactive|MelvinCalvin has 60 seconds left.\n|inactive|MelvinCalvin has 30 seconds left.\n|\n|t:|1683449946\n|start\n|switch|p1a: Dragonite|Dragonite, L50, M|100\/100\n|switch|p1b: Iron Bundle|Iron Bundle, L50|100\/100\n|switch|p2a: Ting-Lu|Ting-Lu, L50|100\/100\n|switch|p2b: Orthworm|Orthworm, L50, F|100\/100\n|-ability|p2a: Ting-Lu|Vessel of Ruin\n|turn|1\n|inactive|MelvinCalvin has 30 seconds left.\n|\n|t:|1683449981\n|move|p1b: Iron Bundle|Icy Wind|p2a: Ting-Lu|[spread] p2a,p2b\n|-supereffective|p2a: Ting-Lu\n|-resisted|p2b: Orthworm\n|-damage|p2a: Ting-Lu|82\/100\n|-damage|p2b: Orthworm|89\/100\n|-unboost|p2a: Ting-Lu|spe|1\n|-unboost|p2b: Orthworm|spe|1\n|move|p1a: Dragonite|Low Kick|p2b: Orthworm\n|-supereffective|p2b: Orthworm\n|-damage|p2b: Orthworm|11\/100\n|-enditem|p2b: Orthworm|Sitrus Berry|[eat]\n|-heal|p2b: Orthworm|36\/100|[from] item: Sitrus Berry\n|move|p2b: Orthworm|Shed Tail|p2b: Orthworm\n|-fail|p2b: Orthworm|move: Shed Tail|[weak]\n|move|p2a: Ting-Lu|Rock Slide|p1b: Iron Bundle|[spread] p1a,p1b\n|-supereffective|p1a: Dragonite\n|-supereffective|p1b: Iron Bundle\n|-damage|p1a: Dragonite|64\/100\n|-damage|p1b: Iron Bundle|56\/100\n|\n|upkeep\n|turn|2\n|inactive|nem_foka has 30 seconds left.\n|\n|t:|1683450008\n|switch|p2b: Dragonite|Dragonite, L50, M|100\/100\n|move|p1b: Iron Bundle|Hydro Pump|p2a: Ting-Lu\n|-supereffective|p2a: Ting-Lu\n|-damage|p2a: Ting-Lu|36\/100\n|move|p1a: Dragonite|Low Kick|p2b: Dragonite\n|-resisted|p2b: Dragonite\n|-damage|p2b: Dragonite|85\/100\n|move|p2a: Ting-Lu|Rock Slide|p1b: Iron Bundle|[spread] p1a,p1b\n|-supereffective|p1a: Dragonite\n|-supereffective|p1b: Iron Bundle\n|-damage|p1a: Dragonite|30\/100\n|-damage|p1b: Iron Bundle|12\/100\n|\n|upkeep\n|turn|3\n|inactive|MelvinCalvin has 30 seconds left.\n|inactive|MelvinCalvin has 20 seconds left.\n|inactive|MelvinCalvin has 15 seconds left.\n|\n|t:|1683450050\n|-end|p1b: Iron Bundle|Quark Drive|[silent]\n|switch|p1b: Gholdengo|Gholdengo, L50|100\/100\n|switch|p1a: Chien-Pao|Chien-Pao, L50|100\/100\n|-ability|p1a: Chien-Pao|Sword of Ruin\n|move|p2b: Dragonite|Extreme Speed|p1b: Gholdengo\n|-immune|p1b: Gholdengo\n|move|p2a: Ting-Lu|Rock Slide|p1a: Chien-Pao|[spread] p1a\n|-miss|p2a: Ting-Lu|p1b: Gholdengo\n|-supereffective|p1a: Chien-Pao\n|-damage|p1a: Chien-Pao|45\/100\n|\n|upkeep\n|turn|4\n|inactive|MelvinCalvin has 30 seconds left.\n|inactive|nem_foka has 30 seconds left.\n|inactive|nem_foka has 20 seconds left.\n|\n|t:|1683450086\n|switch|p2a: Chien-Pao|Chien-Pao, L50|100\/100\n|-ability|p2a: Chien-Pao|Sword of Ruin\n|-terastallize|p1b: Gholdengo|Steel\n|move|p1a: Chien-Pao|Protect|p1a: Chien-Pao\n|-singleturn|p1a: Chien-Pao|Protect\n|move|p2b: Dragonite|Extreme Speed|p1a: Chien-Pao\n|-activate|p1a: Chien-Pao|move: Protect\n|move|p1b: Gholdengo|Make It Rain|p2b: Dragonite|[spread] p2a,p2b\n|-supereffective|p2a: Chien-Pao\n|-enditem|p2a: Chien-Pao|Focus Sash\n|-damage|p2a: Chien-Pao|1\/100\n|-damage|p2b: Dragonite|17\/100\n|-unboost|p1b: Gholdengo|spa|1\n|-damage|p1b: Gholdengo|91\/100|[from] item: Life Orb\n|\n|upkeep\n|turn|5\n|inactive|MelvinCalvin has 30 seconds left.\n|inactive|MelvinCalvin has 20 seconds left.\n|inactive|MelvinCalvin has 15 seconds left.\n|inactive|MelvinCalvin has 10 seconds left.\n|\n|t:|1683450133\n|switch|p1b: Iron Bundle|Iron Bundle, L50|12\/100\n|move|p2b: Dragonite|Extreme Speed|p1a: Chien-Pao\n|-damage|p1a: Chien-Pao|0 fnt\n|faint|p1a: Chien-Pao\n|move|p2a: Chien-Pao|Sucker Punch||[still]\n|-fail|p2a: Chien-Pao\n|\n|upkeep\n|\n|t:|1683450155\n|switch|p1a: Dragonite|Dragonite, L50, M|30\/100\n|turn|6\n|inactive|MelvinCalvin has 30 seconds left.\n|\n|t:|1683450182\n|move|p1a: Dragonite|Extreme Speed|p2b: Dragonite\n|-damage|p2b: Dragonite|0 fnt\n|faint|p2b: Dragonite\n|move|p2a: Chien-Pao|Sucker Punch||[still]\n|-fail|p2a: Chien-Pao\n|move|p1b: Iron Bundle|Icy Wind|p2a: Chien-Pao\n|-resisted|p2a: Chien-Pao\n|-damage|p2a: Chien-Pao|0 fnt\n|faint|p2a: Chien-Pao\n|\n|upkeep\n|\n|t:|1683450191\n|switch|p2a: Ting-Lu|Ting-Lu, L50|36\/100\n|switch|p2b: Orthworm|Orthworm, L50, F|36\/100\n|-ability|p2a: Ting-Lu|Vessel of Ruin\n|turn|7\n|inactive|MelvinCalvin has 30 seconds left.\n|\n|t:|1683450230\n|switch|p1a: Gholdengo|Gholdengo, L50, tera:Steel|91\/100\n|move|p1b: Iron Bundle|Hydro Pump|p2a: Ting-Lu\n|-supereffective|p2a: Ting-Lu\n|-damage|p2a: Ting-Lu|0 fnt\n|faint|p2a: Ting-Lu\n|move|p2b: Orthworm|Body Press|p1a: Gholdengo\n|-supereffective|p1a: Gholdengo\n|-damage|p1a: Gholdengo|18\/100\n|\n|upkeep\n|turn|8\n|\n|t:|1683450247\n|move|p1b: Iron Bundle|Hydro Pump|p2b: Orthworm\n|-damage|p2b: Orthworm|0 fnt\n|faint|p2b: Orthworm\n|\n|win|MelvinCalvin\n|raw|MelvinCalvin's rating: 1262 → 1283<\/strong> (+21 for winning)\n|raw|nem_foka's rating: 1200 → 1179<\/strong> (-21 for losing)\n|l|\u2606nem_foka\n","uploadtime":1683450266,"views":10,"p1id":"melvincalvin","p2id":"nemfoka","formatid":"gen9vgc2023regulationc","rating":1179,"private":0,"password":""}