{"id":"gen9vgc2023regulationc-1845228090","p1":"DinoMike130","p2":"TundraVGC","format":"[Gen 9] VGC 2023 Regulation C","log":"|j|\u2606DinoMike130\n|j|\u2606TundraVGC\n|t:|1681699047\n|gametype|doubles\n|player|p1|DinoMike130|veteran|1296\n|player|p2|TundraVGC|1|1337\n|teamsize|p1|6\n|teamsize|p2|6\n|gen|9\n|tier|[Gen 9] VGC 2023 Regulation C\n|rated|\n|rule|Species Clause: Limit one of each Pok\u00e9mon\n|rule|Item Clause: Limit one of each item\n|clearpoke\n|poke|p1|Pelipper, L50, M|\n|poke|p1|Drednaw, L50, M|\n|poke|p1|Chien-Pao, L50|\n|poke|p1|Torkoal, L50, F|\n|poke|p1|Great Tusk, L50|\n|poke|p1|Brute Bonnet, L50|\n|poke|p2|Ting-Lu, L50|\n|poke|p2|Braviary, L50, M|\n|poke|p2|Flutter Mane, L50|\n|poke|p2|Chi-Yu, L50|\n|poke|p2|Amoonguss, L50, M|\n|poke|p2|Baxcalibur, L50, F|\n|teampreview|4\n|\n|t:|1681699074\n|start\n|switch|p1a: Pelipper|Pelipper, L50, M|100\/100\n|switch|p1b: Drednaw|Drednaw, L50, M|100\/100\n|switch|p2a: Ting-Lu|Ting-Lu, L50|100\/100\n|switch|p2b: Braviary|Braviary, L50, M, shiny|100\/100\n|-weather|RainDance|[from] ability: Drizzle|[of] p1a: Pelipper\n|-ability|p2a: Ting-Lu|Vessel of Ruin\n|turn|1\n|\n|t:|1681699097\n|-terastallize|p2a: Ting-Lu|Poison\n|move|p1b: Drednaw|Ice Spinner|p2a: Ting-Lu\n|-crit|p2a: Ting-Lu\n|-damage|p2a: Ting-Lu|70\/100\n|-damage|p1b: Drednaw|91\/100|[from] item: Life Orb\n|move|p2b: Braviary|Close Combat|p1b: Drednaw\n|-supereffective|p1b: Drednaw\n|-damage|p1b: Drednaw|0 fnt\n|-unboost|p2b: Braviary|def|1\n|-unboost|p2b: Braviary|spd|1\n|faint|p1b: Drednaw\n|move|p1a: Pelipper|Tailwind|p1a: Pelipper\n|-sidestart|p1: DinoMike130|move: Tailwind\n|move|p2a: Ting-Lu|Stomping Tantrum|p1a: Pelipper\n|-immune|p1a: Pelipper\n|\n|-weather|RainDance|[upkeep]\n|upkeep\n|\n|t:|1681699112\n|switch|p1b: Great Tusk|Great Tusk, L50|100\/100\n|-enditem|p1b: Great Tusk|Booster Energy\n|-activate|p1b: Great Tusk|ability: Protosynthesis|[fromitem]\n|-start|p1b: Great Tusk|protosynthesisatk\n|turn|2\n|\n|t:|1681699140\n|move|p1b: Great Tusk|Earthquake|p2a: Ting-Lu|[spread] p2a\n|-immune|p1a: Pelipper\n|-immune|p2b: Braviary\n|-supereffective|p2a: Ting-Lu\n|-damage|p2a: Ting-Lu|0 fnt\n|faint|p2a: Ting-Lu\n|move|p1a: Pelipper|Icy Wind|p2b: Braviary\n|-supereffective|p2b: Braviary\n|-damage|p2b: Braviary|54\/100\n|-unboost|p2b: Braviary|spe|1\n|-ability|p2b: Braviary|Defiant|boost\n|-boost|p2b: Braviary|atk|2\n|move|p2b: Braviary|Close Combat|p1b: Great Tusk\n|-damage|p1b: Great Tusk|43\/100\n|-unboost|p2b: Braviary|def|1\n|-unboost|p2b: Braviary|spd|1\n|\n|-weather|RainDance|[upkeep]\n|upkeep\n|\n|t:|1681699156\n|switch|p2a: Baxcalibur|Baxcalibur, L50, F|100\/100\n|turn|3\n|\n|t:|1681699172\n|-terastallize|p1b: Great Tusk|Steel\n|move|p2a: Baxcalibur|Protect|p2a: Baxcalibur\n|-singleturn|p2a: Baxcalibur|Protect\n|move|p1b: Great Tusk|Close Combat|p2a: Baxcalibur\n|-activate|p2a: Baxcalibur|move: Protect\n|move|p1a: Pelipper|Hurricane|p2b: Braviary\n|-damage|p2b: Braviary|0 fnt\n|faint|p2b: Braviary\n|\n|-weather|RainDance|[upkeep]\n|upkeep\n|\n|t:|1681699182\n|switch|p2b: Flutter Mane|Flutter Mane, L50|100\/100\n|turn|4\n|\n|t:|1681699191\n|move|p2a: Baxcalibur|Protect||[still]\n|-fail|p2a: Baxcalibur\n|move|p1b: Great Tusk|Close Combat|p2a: Baxcalibur\n|-supereffective|p2a: Baxcalibur\n|-damage|p2a: Baxcalibur|0 fnt\n|-unboost|p1b: Great Tusk|def|1\n|-unboost|p1b: Great Tusk|spd|1\n|faint|p2a: Baxcalibur\n|move|p1a: Pelipper|Icy Wind|p2b: Flutter Mane\n|-damage|p2b: Flutter Mane|88\/100\n|-unboost|p2b: Flutter Mane|spe|1\n|move|p2b: Flutter Mane|Dazzling Gleam|p1b: Great Tusk|[spread] p1a,p1b\n|-resisted|p1b: Great Tusk\n|-damage|p1a: Pelipper|33\/100\n|-damage|p1b: Great Tusk|0 fnt\n|faint|p1b: Great Tusk\n|-end|p1b: Great Tusk|Protosynthesis|[silent]\n|\n|-weather|RainDance|[upkeep]\n|-sideend|p1: DinoMike130|move: Tailwind\n|upkeep\n|\n|t:|1681699207\n|switch|p1b: Brute Bonnet|Brute Bonnet, L50|100\/100\n|turn|5\n|\n|t:|1681699230\n|move|p1b: Brute Bonnet|Sucker Punch|p2b: Flutter Mane\n|-damage|p2b: Flutter Mane|10\/100\n|move|p1a: Pelipper|Tailwind|p1a: Pelipper\n|-sidestart|p1: DinoMike130|move: Tailwind\n|move|p2b: Flutter Mane|Dazzling Gleam|p1a: Pelipper|[spread] p1a,p1b\n|-supereffective|p1b: Brute Bonnet\n|-damage|p1a: Pelipper|0 fnt\n|-damage|p1b: Brute Bonnet|9\/100\n|faint|p1a: Pelipper\n|\n|-weather|none\n|upkeep\n|turn|6\n|\n|t:|1681699243\n|move|p1b: Brute Bonnet|Sucker Punch|p2b: Flutter Mane\n|-damage|p2b: Flutter Mane|0 fnt\n|faint|p2b: Flutter Mane\n|-end|p2b: Flutter Mane|Protosynthesis|[silent]\n|\n|win|DinoMike130\n|raw|DinoMike130's rating: 1296 → 1324<\/strong> (+28 for winning)\n|raw|TundraVGC's rating: 1337 → 1315<\/strong> (-22 for losing)\n","uploadtime":1681699249,"views":8,"p1id":"dinomike130","p2id":"tundravgc","formatid":"gen9vgc2023regulationc","rating":1315,"private":0,"password":""}