{"id":"gen9vgc2023regulationc-1858963898","p1":"TGH_sr","p2":"Placidbee","format":"[Gen 9] VGC 2023 Regulation C","log":"|j|\u2606TGH_sr\n|j|\u2606Placidbee\n|t:|1683388633\n|gametype|doubles\n|player|p1|TGH_sr|steven|1251\n|player|p2|Placidbee|parasollady|1199\n|teamsize|p1|6\n|teamsize|p2|6\n|gen|9\n|tier|[Gen 9] VGC 2023 Regulation C\n|rated|\n|rule|Species Clause: Limit one of each Pok\u00e9mon\n|rule|Item Clause: Limit one of each item\n|clearpoke\n|poke|p1|Talonflame, L50, M|\n|poke|p1|Garchomp, L50, F|\n|poke|p1|Kingambit, L50, M|\n|poke|p1|Iron Bundle, L50|\n|poke|p1|Flutter Mane, L50|\n|poke|p1|Amoonguss, L50, F|\n|poke|p2|Ceruledge, L50, M|\n|poke|p2|Torkoal, L50, F|\n|poke|p2|Great Tusk, L50|\n|poke|p2|Rotom-Wash, L50|\n|poke|p2|Arboliva, L50, M|\n|poke|p2|Flutter Mane, L50|\n|teampreview|4\nPlacidbee has agreed to open team sheets.\nTGH_sr has agreed to open team sheets.\n|\n|t:|1683388721\n|start\n|switch|p1a: Talonflame|Talonflame, L50, M|100\/100\n|switch|p1b: Iron Bundle|Iron Bundle, L50|100\/100\n|switch|p2a: Torkoal|Torkoal, L50, F|100\/100\n|switch|p2b: Rotom|Rotom-Wash, L50|100\/100\n|-weather|SunnyDay|[from] ability: Drought|[of] p2a: Torkoal\n|-enditem|p1b: Iron Bundle|Booster Energy\n|-activate|p1b: Iron Bundle|ability: Quark Drive|[fromitem]\n|-start|p1b: Iron Bundle|quarkdrivespe\n|turn|1\n|\n|t:|1683388785\n|move|p1a: Talonflame|Brave Bird|p2a: Torkoal\n|-damage|p2a: Torkoal|72\/100\n|-damage|p1a: Talonflame|91\/100|[from] Recoil\n|move|p1b: Iron Bundle|Freeze-Dry|p2b: Rotom\n|-supereffective|p2b: Rotom\n|-damage|p2b: Rotom|4\/100\n|move|p2b: Rotom|Thunderbolt|p1a: Talonflame\n|-supereffective|p1a: Talonflame\n|-damage|p1a: Talonflame|0 fnt\n|faint|p1a: Talonflame\n|move|p2a: Torkoal|Solar Beam||[still]\n|-prepare|p2a: Torkoal|Solar Beam\n|-anim|p2a: Torkoal|Solar Beam|p1b: Iron Bundle\n|-supereffective|p1b: Iron Bundle\n|-damage|p1b: Iron Bundle|0 fnt\n|faint|p1b: Iron Bundle\n|-end|p1b: Iron Bundle|Quark Drive|[silent]\n|\n|-weather|SunnyDay|[upkeep]\n|upkeep\n|\n|t:|1683388803\n|switch|p1a: Kingambit|Kingambit, L50, M|100\/100\n|switch|p1b: Amoonguss|Amoonguss, L50, F|100\/100\n|turn|2\n|\n|t:|1683388844\n|move|p1a: Kingambit|Protect|p1a: Kingambit\n|-singleturn|p1a: Kingambit|Protect\n|move|p2b: Rotom|Will-O-Wisp|p1a: Kingambit\n|-activate|p1a: Kingambit|move: Protect\n|move|p2a: Torkoal|Heat Wave|p1b: Amoonguss|[spread] p1b\n|-activate|p1a: Kingambit|move: Protect\n|-supereffective|p1b: Amoonguss\n|-damage|p1b: Amoonguss|27\/100\n|-status|p1b: Amoonguss|brn\n|-enditem|p1b: Amoonguss|Sitrus Berry|[eat]\n|-heal|p1b: Amoonguss|52\/100 brn|[from] item: Sitrus Berry\n|move|p1b: Amoonguss|Spore|p2a: Torkoal\n|-status|p2a: Torkoal|slp|[from] move: Spore\n|\n|-weather|SunnyDay|[upkeep]\n|-damage|p1b: Amoonguss|46\/100 brn|[from] brn\n|upkeep\n|turn|3\n|\n|t:|1683388879\n|move|p2b: Rotom|Will-O-Wisp|p1a: Kingambit\n|-status|p1a: Kingambit|brn\n|move|p1a: Kingambit|Swords Dance|p1a: Kingambit\n|-boost|p1a: Kingambit|atk|2\n|cant|p2a: Torkoal|slp\n|move|p1b: Amoonguss|Pollen Puff|p2b: Rotom\n|-damage|p2b: Rotom|0 fnt\n|faint|p2b: Rotom\n|\n|-weather|SunnyDay|[upkeep]\n|-damage|p1a: Kingambit|95\/100 brn|[from] brn\n|-damage|p1b: Amoonguss|40\/100 brn|[from] brn\n|upkeep\n|\n|t:|1683388893\n|switch|p2b: Ceruledge|Ceruledge, L50, M|100\/100\n|turn|4\n|\n|t:|1683388924\n|-terastallize|p2b: Ceruledge|Grass\n|move|p1a: Kingambit|Sucker Punch|p2b: Ceruledge\n|-damage|p2b: Ceruledge|59\/100\n|move|p2b: Ceruledge|Bitter Blade|p1a: Kingambit\n|-supereffective|p1a: Kingambit\n|-damage|p1a: Kingambit|0 fnt\n|-heal|p2b: Ceruledge|100\/100|[from] drain|[of] p1a: Kingambit\n|faint|p1a: Kingambit\n|cant|p2a: Torkoal|slp\n|move|p1b: Amoonguss|Pollen Puff|p1: Kingambit|[notarget]\n|-fail|p1b: Amoonguss\n|\n|-weather|SunnyDay|[upkeep]\n|-damage|p1b: Amoonguss|34\/100 brn|[from] brn\n|upkeep\n|turn|5\n|\n|t:|1683388940\n|move|p2b: Ceruledge|Bitter Blade|p1b: Amoonguss\n|-supereffective|p1b: Amoonguss\n|-damage|p1b: Amoonguss|0 fnt\n|faint|p1b: Amoonguss\n|\n|win|Placidbee\n|raw|TGH_sr's rating: 1251 → 1222<\/strong> (-29 for losing)\n|raw|Placidbee's rating: 1199 → 1228<\/strong> (+29 for winning)\n","uploadtime":1683388947,"views":3,"p1id":"tghsr","p2id":"placidbee","formatid":"gen9vgc2023regulationc","rating":1222,"private":0,"password":""}