{"id":"gen9vgc2023regulationc-1854482559","p1":"LeeGengarBR","p2":"conkledonk","format":"[Gen 9] VGC 2023 Regulation C","log":"|j|\u2606LeeGengarBR\n|j|\u2606conkledonk\n|t:|1682816659\n|gametype|doubles\n|player|p1|LeeGengarBR|red|\n|player|p2|conkledonk|1|\n|teamsize|p1|6\n|teamsize|p2|6\n|gen|9\n|tier|[Gen 9] VGC 2023 Regulation C\n|rule|Species Clause: Limit one of each Pok\u00e9mon\n|rule|Item Clause: Limit one of each item\n|clearpoke\n|poke|p1|Annihilape, L50, M|\n|poke|p1|Ting-Lu, L50|\n|poke|p1|Amoonguss, L50, M|\n|poke|p1|Orthworm, L50, M|\n|poke|p1|Grimmsnarl, L50, M|\n|poke|p1|Chien-Pao, L50|\n|poke|p2|Dondozo, L50, F|\n|poke|p2|Tatsugiri-Stretchy, L50, F|\n|poke|p2|Glimmora, L50, F|\n|poke|p2|Pawmot, L50, F|\n|poke|p2|Talonflame, L50, M|\n|poke|p2|Gholdengo, L50|\n|teampreview|4\nconkledonk has agreed to open team sheets.\n|c|\u2606conkledonk|g1\nLeeGengarBR has agreed to open team sheets.\n|c|\u2606conkledonk|glhf\n|c|\u2606LeeGengarBR|glhf\n|inactive|Battle timer is ON: inactive players will automatically lose when time's up. (requested by conkledonk)\n|\n|t:|1682816733\n|start\n|switch|p1a: Ting-Lu|Ting-Lu, L50|100\/100\n|switch|p1b: Grimmsnarl|Grimmsnarl, L50, M|100\/100\n|switch|p2a: Pawmot|Pawmot, L50, F|100\/100\n|switch|p2b: Glimmora|Glimmora, L50, F, shiny|100\/100\n|-ability|p1a: Ting-Lu|Vessel of Ruin\n|turn|1\n|\n|t:|1682816744\n|move|p2a: Pawmot|Fake Out|p1a: Ting-Lu\n|-damage|p1a: Ting-Lu|93\/100\n|move|p1b: Grimmsnarl|Fake Out|p2a: Pawmot\n|-damage|p2a: Pawmot|82\/100\n|move|p2b: Glimmora|Mortal Spin|p1a: Ting-Lu|[spread] p1a,p1b\n|-resisted|p1a: Ting-Lu\n|-supereffective|p1b: Grimmsnarl\n|-damage|p1a: Ting-Lu|92\/100\n|-damage|p1b: Grimmsnarl|92\/100\n|-status|p1a: Ting-Lu|psn\n|-status|p1b: Grimmsnarl|psn\n|cant|p1a: Ting-Lu|flinch\n|\n|-damage|p1b: Grimmsnarl|79\/100 psn|[from] psn\n|-damage|p1a: Ting-Lu|79\/100 psn|[from] psn\n|upkeep\n|turn|2\n|inactive|LeeGengarBR has 30 seconds left.\n|\n|t:|1682816772\n|move|p2a: Pawmot|Close Combat|p1a: Ting-Lu\n|-supereffective|p1a: Ting-Lu\n|-damage|p1a: Ting-Lu|18\/100 psn\n|-unboost|p2a: Pawmot|def|1\n|-unboost|p2a: Pawmot|spd|1\n|move|p2b: Glimmora|Sludge Bomb|p1b: Grimmsnarl\n|-supereffective|p1b: Grimmsnarl\n|-damage|p1b: Grimmsnarl|22\/100 psn\n|move|p1b: Grimmsnarl|Spirit Break|p2a: Pawmot\n|-supereffective|p2a: Pawmot\n|-damage|p2a: Pawmot|0 fnt\n|faint|p2a: Pawmot\n|move|p1a: Ting-Lu|Sand Tomb|p2b: Glimmora\n|-supereffective|p2b: Glimmora\n|-damage|p2b: Glimmora|53\/100\n|-activate|p2b: Glimmora|move: Sand Tomb|[of] p1a: Ting-Lu\n|-activate|p2b: Glimmora|ability: Toxic Debris\n|-sidestart|p1: LeeGengarBR|move: Toxic Spikes\n|\n|-damage|p1b: Grimmsnarl|9\/100 psn|[from] psn\n|-damage|p1a: Ting-Lu|5\/100 psn|[from] psn\n|-damage|p2b: Glimmora|40\/100|[from] move: Sand Tomb|[partiallytrapped]\n|upkeep\n|\n|t:|1682816796\n|switch|p2a: Tatsugiri|Tatsugiri-Stretchy, L50, F|100\/100\n|turn|3\n|\n|t:|1682816807\n|switch|p1a: Amoonguss|Amoonguss, L50, M|100\/100\n|-sideend|p1: LeeGengarBR|move: Toxic Spikes|[of] p1a: Amoonguss\n|move|p1b: Grimmsnarl|Reflect|p1b: Grimmsnarl\n|-sidestart|p1: LeeGengarBR|Reflect\n|move|p2a: Tatsugiri|Icy Wind|p1a: Amoonguss|[spread] p1a,p1b\n|-supereffective|p1a: Amoonguss\n|-damage|p1a: Amoonguss|79\/100\n|-damage|p1b: Grimmsnarl|0 fnt\n|-unboost|p1a: Amoonguss|spe|1\n|faint|p1b: Grimmsnarl\n|move|p2b: Glimmora|Sludge Bomb|p1a: Amoonguss\n|-damage|p1a: Amoonguss|44\/100\n|\n|-end|p2b: Glimmora|Sand Tomb|[partiallytrapped]|[silent]\n|upkeep\n|\n|t:|1682816819\n|switch|p1b: Ting-Lu|Ting-Lu, L50|5\/100 psn\n|-ability|p1b: Ting-Lu|Vessel of Ruin\n|turn|4\n|inactive|LeeGengarBR has 30 seconds left.\n|\n|t:|1682816849\n|move|p2a: Tatsugiri|Icy Wind|p1b: Ting-Lu|[spread] p1a,p1b\n|-supereffective|p1a: Amoonguss\n|-supereffective|p1b: Ting-Lu\n|-damage|p1a: Amoonguss|29\/100\n|-damage|p1b: Ting-Lu|0 fnt\n|-unboost|p1a: Amoonguss|spe|1\n|faint|p1b: Ting-Lu\n|move|p2b: Glimmora|Sludge Bomb|p1a: Amoonguss\n|-damage|p1a: Amoonguss|0 fnt\n|faint|p1a: Amoonguss\n|\n|upkeep\n|\n|t:|1682816860\n|switch|p1a: Chien-Pao|Chien-Pao, L50|100\/100\n|-ability|p1a: Chien-Pao|Sword of Ruin\n|turn|5\n|\n|t:|1682816870\n|switch|p2a: Dondozo|Dondozo, L50, F|100\/100\n|move|p1a: Chien-Pao|Sucker Punch|p2b: Glimmora\n|-damage|p2b: Glimmora|0 fnt\n|-activate|p2b: Glimmora|ability: Toxic Debris\n|-sidestart|p1: LeeGengarBR|move: Toxic Spikes\n|faint|p2b: Glimmora\n|\n|upkeep\n|\n|t:|1682816874\n|switch|p2b: Tatsugiri|Tatsugiri-Stretchy, L50, F|100\/100\n|-activate|p2b: Tatsugiri|ability: Commander|[of] p2a: Dondozo\n|-boost|p2a: Dondozo|atk|2\n|-boost|p2a: Dondozo|spa|2\n|-boost|p2a: Dondozo|spe|2\n|-boost|p2a: Dondozo|def|2\n|-boost|p2a: Dondozo|spd|2\n|turn|6\n|\n|t:|1682816883\n|-terastallize|p1a: Chien-Pao|Fighting\n|move|p1a: Chien-Pao|Sacred Sword|p2a: Dondozo\n|-damage|p2a: Dondozo|60\/100\n|move|p2a: Dondozo|Order Up|p1a: Chien-Pao\n|-damage|p1a: Chien-Pao|62\/100\n|-boost|p2a: Dondozo|spe|1\n|\n|-heal|p2a: Dondozo|67\/100|[from] item: Leftovers\n|upkeep\n|turn|7\n|\n|t:|1682816893\n|move|p2a: Dondozo|Protect|p2a: Dondozo\n|-singleturn|p2a: Dondozo|Protect\n|move|p1a: Chien-Pao|Sacred Sword|p2a: Dondozo\n|-activate|p2a: Dondozo|move: Protect\n|\n|-heal|p2a: Dondozo|73\/100|[from] item: Leftovers\n|upkeep\n|turn|8\n|\n|t:|1682816902\n|move|p2a: Dondozo|Order Up|p1a: Chien-Pao\n|-damage|p1a: Chien-Pao|20\/100\n|-boost|p2a: Dondozo|spe|1\n|move|p1a: Chien-Pao|Sacred Sword|p2a: Dondozo\n|-damage|p2a: Dondozo|27\/100\n|\n|-heal|p2a: Dondozo|33\/100|[from] item: Leftovers\n|upkeep\n|turn|9\n|\n|t:|1682816913\n|move|p2a: Dondozo|Protect|p2a: Dondozo\n|-singleturn|p2a: Dondozo|Protect\n|move|p1a: Chien-Pao|Sucker Punch||[still]\n|-fail|p1a: Chien-Pao\n|\n|-heal|p2a: Dondozo|40\/100|[from] item: Leftovers\n|upkeep\n|turn|10\n|\n|t:|1682816919\n|move|p1a: Chien-Pao|Sucker Punch|p2a: Dondozo\n|-damage|p2a: Dondozo|23\/100\n|move|p2a: Dondozo|Order Up|p1a: Chien-Pao\n|-damage|p1a: Chien-Pao|0 fnt\n|faint|p1a: Chien-Pao\n|\n|win|conkledonk\n|c|\u2606conkledonk|gg\n","uploadtime":1682817317,"views":8,"p1id":"leegengarbr","p2id":"conkledonk","formatid":"gen9vgc2023regulationc","rating":0,"private":0,"password":""}