{"id":"gen9vgc2023regulationc-1848025490","p1":"marinkitagawa3","p2":"Piccolo Ruiz","format":"[Gen 9] VGC 2023 Regulation C","log":"|j|\u2606marinkitagawa3\n|j|\u2606Piccolo Ruiz\n|t:|1682021834\n|gametype|doubles\n|player|p1|marinkitagawa3|beauty-gen4dp|1547\n|player|p2|Piccolo Ruiz|valerie|1479\n|teamsize|p1|6\n|teamsize|p2|6\n|gen|9\n|tier|[Gen 9] VGC 2023 Regulation C\n|rated|\n|rule|Species Clause: Limit one of each Pok\u00e9mon\n|rule|Item Clause: Limit one of each item\n|clearpoke\n|poke|p1|Dondozo, L50, M|\n|poke|p1|Tatsugiri, L50, M|\n|poke|p1|Corviknight, L50, M|\n|poke|p1|Ting-Lu, L50|\n|poke|p1|Glimmora, L50, M|\n|poke|p1|Baxcalibur, L50, M|\n|poke|p2|Flutter Mane, L50|\n|poke|p2|Amoonguss, L50, F|\n|poke|p2|Gyarados, L50, F|\n|poke|p2|Ceruledge, L50, F|\n|poke|p2|Ting-Lu, L50|\n|poke|p2|Baxcalibur, L50, F|\n|teampreview|4\n|inactive|Battle timer is ON: inactive players will automatically lose when time's up. (requested by Piccolo Ruiz)\n|inactive|Piccolo Ruiz has 60 seconds left.\n|inactive|Piccolo Ruiz has 30 seconds left.\n|inactive|Piccolo Ruiz has 20 seconds left.\n|inactive|Piccolo Ruiz has 15 seconds left.\n|j| ylmao\n|inactive|Piccolo Ruiz has 10 seconds left.\n|\n|t:|1682021918\n|start\n|switch|p1a: Glimmora|Glimmora, L50, M|100\/100\n|switch|p1b: Corviknight|Corviknight, L50, M, shiny|100\/100\n|switch|p2a: Katya|Baxcalibur, L50, F, shiny|100\/100\n|switch|p2b: Ting-Lu|Ting-Lu, L50|100\/100\n|-ability|p2b: Ting-Lu|Vessel of Ruin\n|turn|1\n|inactive|Piccolo Ruiz has 30 seconds left.\n|inactive|Piccolo Ruiz has 20 seconds left.\n|inactive|Piccolo Ruiz has 15 seconds left.\n|inactive|Piccolo Ruiz has 10 seconds left.\n|inactive|Piccolo Ruiz has 5 seconds left.\n|\n|t:|1682021972\n|-terastallize|p2a: Katya|Poison\n|move|p2a: Katya|Protect|p2a: Katya\n|-singleturn|p2a: Katya|Protect\n|move|p1a: Glimmora|Mortal Spin|p2b: Ting-Lu|[spread] p2b\n|-activate|p2a: Katya|move: Protect\n|-resisted|p2b: Ting-Lu\n|-damage|p2b: Ting-Lu|99\/100\n|-status|p2b: Ting-Lu|psn\n|move|p1b: Corviknight|Tailwind|p1b: Corviknight\n|-sidestart|p1: marinkitagawa3|move: Tailwind\n|move|p2b: Ting-Lu|Ruination|p1b: Corviknight\n|-damage|p1b: Corviknight|50\/100\n|\n|-damage|p2b: Ting-Lu|87\/100 psn|[from] psn\n|upkeep\n|turn|2\n|c| ylmao|why do people tera and protect\n|\n|t:|1682021990\n|switch|p2a: Bianca|Gyarados, L50, F, shiny|100\/100\n|-ability|p2a: Bianca|Intimidate|boost\n|-unboost|p1a: Glimmora|atk|1\n|-ability|p1b: Corviknight|Mirror Armor\n|-unboost|p2a: Bianca|atk|1\n|move|p1a: Glimmora|Earth Power|p2a: Bianca\n|-immune|p2a: Bianca\n|move|p1b: Corviknight|Body Press|p2b: Ting-Lu\n|-supereffective|p2b: Ting-Lu\n|-damage|p2b: Ting-Lu|59\/100 psn\n|move|p2b: Ting-Lu|Stomping Tantrum|p1a: Glimmora\n|-supereffective|p1a: Glimmora\n|-damage|p1a: Glimmora|0 fnt\n|-activate|p1a: Glimmora|ability: Toxic Debris\n|-sidestart|p2: Piccolo Ruiz|move: Toxic Spikes\n|faint|p1a: Glimmora\n|\n|-damage|p2b: Ting-Lu|47\/100 psn|[from] psn\n|upkeep\n|c| ylmao|oh nvm\n|c| ylmao|absorbing spike\n|\n|t:|1682022005\n|switch|p1a: Dondozo|Dondozo, L50, M|100\/100\n|turn|3\n|\n|t:|1682022017\n|move|p1b: Corviknight|Roost|p1b: Corviknight\n|-heal|p1b: Corviknight|100\/100\n|-singleturn|p1b: Corviknight|move: Roost\n|move|p1a: Dondozo|Substitute|p1a: Dondozo\n|-start|p1a: Dondozo|Substitute\n|-damage|p1a: Dondozo|76\/100\n|move|p2a: Bianca|Thunder Wave||[still]\n|-fail|p2a: Bianca\n|move|p2b: Ting-Lu|Fissure|p1a: Dondozo\n|-ohko\n|-end|p1a: Dondozo|Substitute\n|\n|-heal|p1a: Dondozo|82\/100|[from] item: Leftovers\n|-damage|p2b: Ting-Lu|34\/100 psn|[from] psn\n|upkeep\n|turn|4\n|\n|t:|1682022038\n|move|p1b: Corviknight|Brave Bird|p2a: Bianca\n|-damage|p2a: Bianca|66\/100\n|-damage|p1b: Corviknight|89\/100|[from] Recoil\n|move|p1a: Dondozo|Order Up|p2a: Bianca\n|-damage|p2a: Bianca|44\/100\n|move|p2a: Bianca|Thunder Wave|p1a: Dondozo\n|-status|p1a: Dondozo|par\n|move|p2b: Ting-Lu|Ruination|p1a: Dondozo\n|-damage|p1a: Dondozo|41\/100 par\n|\n|-heal|p1a: Dondozo|47\/100 par|[from] item: Leftovers\n|-damage|p2b: Ting-Lu|22\/100 psn|[from] psn\n|-sideend|p1: marinkitagawa3|move: Tailwind\n|upkeep\n|turn|5\n|\n|t:|1682022054\n|switch|p2b: Katya|Baxcalibur, L50, F, shiny, tera:Poison|100\/100\n|-sideend|p2: Piccolo Ruiz|move: Toxic Spikes|[of] p2b: Katya\n|move|p2a: Bianca|Taunt|p1b: Corviknight\n|-start|p1b: Corviknight|move: Taunt\n|move|p1b: Corviknight|Body Press|p2b: Katya\n|-resisted|p2b: Katya\n|-damage|p2b: Katya|90\/100\n|cant|p1a: Dondozo|par\n|\n|-heal|p1a: Dondozo|53\/100 par|[from] item: Leftovers\n|upkeep\n|turn|6\n|\n|t:|1682022069\n|switch|p1b: Tatsugiri|Tatsugiri, L50, M|100\/100\n|-activate|p1b: Tatsugiri|ability: Commander|[of] p1a: Dondozo\n|-boost|p1a: Dondozo|atk|2\n|-boost|p1a: Dondozo|spa|2\n|-boost|p1a: Dondozo|spe|2\n|-boost|p1a: Dondozo|def|2\n|-boost|p1a: Dondozo|spd|2\n|move|p2b: Katya|Glaive Rush|p1a: Dondozo\n|-damage|p1a: Dondozo|31\/100 par\n|-singlemove|p2b: Katya|Glaive Rush|[silent]\n|move|p2a: Bianca|Taunt|p1a: Dondozo\n|-start|p1a: Dondozo|move: Taunt\n|move|p1a: Dondozo|Earthquake|p2b: Katya|[spread] p2b\n|-miss|p1a: Dondozo|p1b: Tatsugiri\n|-immune|p2a: Bianca\n|-supereffective|p2b: Katya\n|-damage|p2b: Katya|0 fnt\n|faint|p2b: Katya\n|\n|-heal|p1a: Dondozo|37\/100 par|[from] item: Leftovers\n|upkeep\n|\n|t:|1682022086\n|switch|p2b: Sasha Colby|Flutter Mane, L50|100\/100\n|turn|7\n|\n|t:|1682022093\n|move|p2b: Sasha Colby|Moonblast|p1a: Dondozo\n|-damage|p1a: Dondozo|8\/100 par\n|-unboost|p1a: Dondozo|spa|1\n|move|p2a: Bianca|Thunder Wave|p1b: Tatsugiri|[miss]\n|-miss|p2a: Bianca|p1b: Tatsugiri\n|move|p1a: Dondozo|Earthquake|p2a: Bianca|[spread] p2b\n|-miss|p1a: Dondozo|p1b: Tatsugiri\n|-immune|p2a: Bianca\n|-damage|p2b: Sasha Colby|29\/100\n|\n|-heal|p1a: Dondozo|14\/100 par|[from] item: Leftovers\n|upkeep\n|turn|8\n|\n|t:|1682022105\n|move|p2b: Sasha Colby|Moonblast|p1a: Dondozo\n|-damage|p1a: Dondozo|0 fnt\n|faint|p1a: Dondozo\n|move|p2a: Bianca|Thunder Wave|p1b: Tatsugiri\n|-status|p1b: Tatsugiri|par\n|\n|upkeep\n|\n|t:|1682022107\n|switch|p1a: Corviknight|Corviknight, L50, M, shiny|89\/100\n|turn|9\n|inactive|Piccolo Ruiz has 30 seconds left.\n|\n|t:|1682022132\n|switch|p2a: Ting-Lu|Ting-Lu, L50|22\/100 psn\n|-ability|p2a: Ting-Lu|Vessel of Ruin\n|move|p2b: Sasha Colby|Moonblast|p1b: Tatsugiri\n|-supereffective|p1b: Tatsugiri\n|-damage|p1b: Tatsugiri|0 fnt\n|faint|p1b: Tatsugiri\n|move|p1a: Corviknight|Brave Bird|p2b: Sasha Colby\n|-damage|p2b: Sasha Colby|0 fnt\n|faint|p2b: Sasha Colby\n|-end|p2b: Sasha Colby|Protosynthesis|[silent]\n|-damage|p1a: Corviknight|82\/100|[from] Recoil\n|\n|-damage|p2a: Ting-Lu|10\/100 psn|[from] psn\n|upkeep\n|\n|t:|1682022142\n|switch|p2b: Bianca|Gyarados, L50, F, shiny|44\/100\n|-ability|p2b: Bianca|Intimidate|boost\n|-ability|p1a: Corviknight|Mirror Armor\n|-unboost|p2b: Bianca|atk|1\n|turn|10\n|\n|t:|1682022150\n|move|p2b: Bianca|Taunt|p1a: Corviknight\n|-start|p1a: Corviknight|move: Taunt\n|move|p1a: Corviknight|Brave Bird|p2b: Bianca\n|-damage|p2b: Bianca|9\/100\n|-damage|p1a: Corviknight|71\/100|[from] Recoil\n|move|p2a: Ting-Lu|Ruination|p1a: Corviknight\n|-damage|p1a: Corviknight|36\/100\n|\n|-damage|p2a: Ting-Lu|0 fnt|[from] psn\n|faint|p2a: Ting-Lu\n|upkeep\n|turn|11\n|\n|t:|1682022162\n|move|p2b: Bianca|Waterfall|p1a: Corviknight\n|-damage|p1a: Corviknight|20\/100\n|cant|p1a: Corviknight|flinch\n|\n|upkeep\n|turn|12\n|\n|t:|1682022166\n|move|p2b: Bianca|Waterfall|p1a: Corviknight\n|-damage|p1a: Corviknight|3\/100\n|move|p1a: Corviknight|Brave Bird|p2b: Bianca\n|-damage|p2b: Bianca|0 fnt\n|faint|p2b: Bianca\n|-damage|p1a: Corviknight|0 fnt|[from] Recoil\n|faint|p1a: Corviknight\n|\n|win|marinkitagawa3\n|raw|marinkitagawa3's rating: 1523 → 1540<\/strong> (+17 for winning)\n|raw|Piccolo Ruiz's rating: 1479 → 1462<\/strong> (-17 for losing)\n|l| ylmao\n","uploadtime":1682022171,"views":11,"p1id":"marinkitagawa3","p2id":"piccoloruiz","formatid":"gen9vgc2023regulationc","rating":1462,"private":0,"password":""}