{"id":"gen9vgc2023regulationc-1849688877","p1":"OnHoldWithTheIRS","p2":"NoSugo","format":"[Gen 9] VGC 2023 Regulation C","log":"|j|\u2606OnHoldWithTheIRS\n|j|\u2606NoSugo\n|t:|1682232763\n|gametype|doubles\n|player|p1|OnHoldWithTheIRS|clerk|1308\n|player|p2|NoSugo|janitor|1195\n|teamsize|p1|6\n|teamsize|p2|6\n|gen|9\n|tier|[Gen 9] VGC 2023 Regulation C\n|rated|\n|rule|Species Clause: Limit one of each Pok\u00e9mon\n|rule|Item Clause: Limit one of each item\n|clearpoke\n|poke|p1|Baxcalibur, L50, F|\n|poke|p1|Sandy Shocks, L50|\n|poke|p1|Klefki, L50, F|\n|poke|p1|Armarouge, L50, F|\n|poke|p1|Rotom-Wash, L50|\n|poke|p1|Meowscarada, L50, F|\n|poke|p2|Lycanroc-Midnight, L50, F|\n|poke|p2|Sandy Shocks, L50|\n|poke|p2|Espathra, L50, F|\n|poke|p2|Ting-Lu, L50|\n|poke|p2|Iron Bundle, L50|\n|poke|p2|Gyarados, L50, M|\n|teampreview|4\n|inactive|Battle timer is ON: inactive players will automatically lose when time's up. (requested by NoSugo)\nOnHoldWithTheIRS has agreed to open team sheets.\n|inactive|OnHoldWithTheIRS has 60 seconds left.\n|inactive|OnHoldWithTheIRS has 30 seconds left.\n|inactive|OnHoldWithTheIRS has 20 seconds left.\n|inactive|OnHoldWithTheIRS has 15 seconds left.\n|inactive|OnHoldWithTheIRS has 10 seconds left.\n|\n|t:|1682232855\n|start\n|switch|p1a: Meowscarada|Meowscarada, L50, F|100\/100\n|switch|p1b: Baxcalibur|Baxcalibur, L50, F|100\/100\n|switch|p2a: Espathra|Espathra, L50, F|100\/100\n|switch|p2b: Lycanroc|Lycanroc-Midnight, L50, F|100\/100\n|turn|1\n|inactive|OnHoldWithTheIRS has 30 seconds left.\n|inactive|OnHoldWithTheIRS has 20 seconds left.\n|\n|t:|1682232892\n|move|p2a: Espathra|Protect|p2a: Espathra\n|-singleturn|p2a: Espathra|Protect\n|move|p2b: Lycanroc|Protect|p2b: Lycanroc\n|-singleturn|p2b: Lycanroc|Protect\n|move|p1a: Meowscarada|Flower Trick|p2b: Lycanroc\n|-activate|p2b: Lycanroc|move: Protect\n|move|p1b: Baxcalibur|Icicle Spear|p2a: Espathra\n|-activate|p2a: Espathra|move: Protect\n|\n|-ability|p2a: Espathra|Speed Boost|boost\n|-boost|p2a: Espathra|spe|1\n|upkeep\n|turn|2\n|inactive|OnHoldWithTheIRS has 30 seconds left.\n|inactive|NoSugo has 30 seconds left.\n|inactive|OnHoldWithTheIRS has 20 seconds left.\n|\n|t:|1682232928\n|switch|p2a: Gyarados|Gyarados, L50, M|100\/100\n|-ability|p2a: Gyarados|Intimidate|boost\n|-unboost|p1a: Meowscarada|atk|1\n|-unboost|p1b: Baxcalibur|atk|1\n|switch|p2b: Ting-Lu|Ting-Lu, L50|100\/100\n|-ability|p2b: Ting-Lu|Vessel of Ruin\n|move|p1a: Meowscarada|Flower Trick|p2b: Ting-Lu\n|-supereffective|p2b: Ting-Lu\n|-crit|p2b: Ting-Lu\n|-damage|p2b: Ting-Lu|47\/100\n|move|p1b: Baxcalibur|Icicle Spear|p2a: Gyarados\n|-damage|p2a: Gyarados|90\/100\n|-damage|p2a: Gyarados|79\/100\n|-damage|p2a: Gyarados|67\/100\n|-crit|p2a: Gyarados\n|-damage|p2a: Gyarados|43\/100\n|-hitcount|p2a: Gyarados|4\n|\n|upkeep\n|turn|3\n|inactive|OnHoldWithTheIRS has 30 seconds left.\n|inactive|NoSugo has 30 seconds left.\n|\n|t:|1682232958\n|-terastallize|p2b: Ting-Lu|Poison\n|move|p1a: Meowscarada|Flower Trick|p2a: Gyarados\n|-crit|p2a: Gyarados\n|-damage|p2a: Gyarados|0 fnt\n|faint|p2a: Gyarados\n|move|p1b: Baxcalibur|Icicle Spear|p2b: Ting-Lu\n|-damage|p2b: Ting-Lu|42\/100\n|-damage|p2b: Ting-Lu|37\/100\n|-crit|p2b: Ting-Lu\n|-damage|p2b: Ting-Lu|26\/100\n|-damage|p2b: Ting-Lu|21\/100\n|-damage|p2b: Ting-Lu|15\/100\n|-hitcount|p2b: Ting-Lu|5\n|move|p2b: Ting-Lu|Fissure|p1b: Baxcalibur\n|-damage|p1b: Baxcalibur|0 fnt\n|faint|p1b: Baxcalibur\n|-ohko\n|\n|upkeep\n|inactive|OnHoldWithTheIRS has 30 seconds left.\n|\n|t:|1682232990\n|switch|p1b: Sandy Shocks|Sandy Shocks, L50|100\/100\n|switch|p2a: Espathra|Espathra, L50, F|100\/100\n|turn|4\n|\n|t:|1682233014\n|move|p2a: Espathra|Protect|p2a: Espathra\n|-singleturn|p2a: Espathra|Protect\n|move|p1a: Meowscarada|Flower Trick|p2a: Espathra\n|-activate|p2a: Espathra|move: Protect\n|move|p1b: Sandy Shocks|Earth Power|p2b: Ting-Lu\n|-supereffective|p2b: Ting-Lu\n|-damage|p2b: Ting-Lu|0 fnt\n|faint|p2b: Ting-Lu\n|\n|-ability|p2a: Espathra|Speed Boost|boost\n|-boost|p2a: Espathra|spe|1\n|upkeep\n|\n|t:|1682233022\n|switch|p2b: Lycanroc|Lycanroc-Midnight, L50, F|100\/100\n|turn|5\n|inactive|OnHoldWithTheIRS has 30 seconds left.\n|-message|NoSugo forfeited.\n|\n|win|OnHoldWithTheIRS\n|raw|OnHoldWithTheIRS's rating: 1308 → 1322<\/strong> (+14 for winning)\n|raw|NoSugo's rating: 1195 → 1178<\/strong> (-17 for losing)\n|l|\u2606NoSugo\n","uploadtime":1682233060,"views":11,"p1id":"onholdwiththeirs","p2id":"nosugo","formatid":"gen9vgc2023regulationc","rating":1178,"private":0,"password":""}