{"id":"gen9vgc2023regulationc-1849032456","p1":"kinohara","p2":"leafyarrow","format":"[Gen 9] VGC 2023 Regulation C","log":"|j|\u2606kinohara\n|j|\u2606leafyarrow\n|t:|1682142185\n|gametype|doubles\n|player|p1|kinohara|acetrainerf|\n|player|p2|leafyarrow|leaf-masters|\n|teamsize|p1|6\n|teamsize|p2|6\n|gen|9\n|tier|[Gen 9] VGC 2023 Regulation C\n|rule|Species Clause: Limit one of each Pok\u00e9mon\n|rule|Item Clause: Limit one of each item\n|clearpoke\n|poke|p1|Baxcalibur, L50, M|\n|poke|p1|Flutter Mane, L50|\n|poke|p1|Arcanine, L50, F|\n|poke|p1|Jumpluff, L50, F|\n|poke|p1|Azumarill, L50, F|\n|poke|p1|Sandy Shocks, L50|\n|poke|p2|Flutter Mane, L50|\n|poke|p2|Palafin, L50, F|\n|poke|p2|Amoonguss, L50, F|\n|poke|p2|Ting-Lu, L50|\n|poke|p2|Arcanine, L50, F|\n|poke|p2|Jolteon, L50, F|\n|teampreview|4\nleafyarrow has agreed to open team sheets.\nkinohara has agreed to open team sheets.\n|\n|t:|1682142224\n|start\n|switch|p1a: Jumpluff|Jumpluff, L50, F|100\/100\n|switch|p1b: Azumarill|Azumarill, L50, F|100\/100\n|switch|p2a: Flutter Mane|Flutter Mane, L50|100\/100\n|switch|p2b: Jolteon|Jolteon, L50, F|100\/100\n|turn|1\n|\n|t:|1682142269\n|move|p2b: Jolteon|Thunderbolt|p1a: Jumpluff\n|-damage|p1a: Jumpluff|63\/100\n|move|p2a: Flutter Mane|Dazzling Gleam|p1b: Azumarill|[spread] p1a,p1b\n|-damage|p1a: Jumpluff|16\/100\n|-damage|p1b: Azumarill|51\/100\n|move|p1a: Jumpluff|Tailwind|p1a: Jumpluff\n|-sidestart|p1: kinohara|move: Tailwind\n|move|p1b: Azumarill|Liquidation|p2b: Jolteon\n|-damage|p2b: Jolteon|50\/100\n|\n|upkeep\n|turn|2\n|\n|t:|1682142313\n|switch|p2b: Amoonguss|Amoonguss, L50, F|100\/100\n|move|p1a: Jumpluff|Strength Sap|p2a: Flutter Mane\n|-unboost|p2a: Flutter Mane|atk|1\n|-heal|p1a: Jumpluff|46\/100\n|move|p2a: Flutter Mane|Dazzling Gleam|p1b: Azumarill|[spread] p1a,p1b\n|-damage|p1a: Jumpluff|3\/100\n|-damage|p1b: Azumarill|2\/100\n|move|p1b: Azumarill|Liquidation|p2b: Amoonguss\n|-resisted|p2b: Amoonguss\n|-damage|p2b: Amoonguss|90\/100\n|\n|upkeep\n|turn|3\n|\n|t:|1682142335\n|move|p2b: Amoonguss|Protect|p2b: Amoonguss\n|-singleturn|p2b: Amoonguss|Protect\n|move|p1a: Jumpluff|Sleep Powder|p2a: Flutter Mane|[miss]\n|-miss|p1a: Jumpluff|p2a: Flutter Mane\n|move|p2a: Flutter Mane|Dazzling Gleam|p1b: Azumarill|[spread] p1a,p1b\n|-damage|p1a: Jumpluff|0 fnt\n|-damage|p1b: Azumarill|0 fnt\n|faint|p1a: Jumpluff\n|faint|p1b: Azumarill\n|\n|upkeep\n|\n|t:|1682142341\n|switch|p1a: Baxcalibur|Baxcalibur, L50, M|100\/100\n|switch|p1b: Flutter Mane|Flutter Mane, L50|100\/100\n|-enditem|p1b: Flutter Mane|Booster Energy\n|-activate|p1b: Flutter Mane|ability: Protosynthesis|[fromitem]\n|-start|p1b: Flutter Mane|protosynthesisspa\n|turn|4\n|\n|t:|1682142411\n|-end|p2a: Flutter Mane|Protosynthesis|[silent]\n|switch|p2a: Arcanine|Arcanine, L50, F|100\/100\n|-ability|p2a: Arcanine|Intimidate|boost\n|-unboost|p1a: Baxcalibur|atk|1\n|-unboost|p1b: Flutter Mane|atk|1\n|move|p1b: Flutter Mane|Shadow Ball|p2b: Amoonguss\n|-damage|p2b: Amoonguss|46\/100\n|-enditem|p2b: Amoonguss|Sitrus Berry|[eat]\n|-heal|p2b: Amoonguss|71\/100|[from] item: Sitrus Berry\n|move|p1a: Baxcalibur|Glaive Rush|p2b: Amoonguss\n|-damage|p2b: Amoonguss|37\/100\n|-singlemove|p1a: Baxcalibur|Glaive Rush|[silent]\n|move|p2b: Amoonguss|Spore|p1b: Flutter Mane\n|-status|p1b: Flutter Mane|slp|[from] move: Spore\n|\n|-sideend|p1: kinohara|move: Tailwind\n|upkeep\n|turn|5\n|\n|t:|1682142454\n|cant|p1b: Flutter Mane|slp\n|move|p2a: Arcanine|Flare Blitz|p1b: Flutter Mane\n|-damage|p1b: Flutter Mane|44\/100 slp\n|-damage|p2a: Arcanine|86\/100|[from] Recoil\n|move|p1a: Baxcalibur|Icicle Crash|p2b: Amoonguss\n|-supereffective|p2b: Amoonguss\n|-damage|p2b: Amoonguss|0 fnt\n|faint|p2b: Amoonguss\n|\n|upkeep\n|\n|t:|1682142467\n|switch|p2b: Flutter Mane|Flutter Mane, L50|100\/100\n|turn|6\n|\n|t:|1682142507\n|switch|p2a: Jolteon|Jolteon, L50, F|50\/100\n|-terastallize|p1a: Baxcalibur|Water\n|cant|p1b: Flutter Mane|slp\n|move|p2b: Flutter Mane|Moonblast|p1b: Flutter Mane\n|-damage|p1b: Flutter Mane|0 fnt\n|faint|p1b: Flutter Mane\n|-end|p1b: Flutter Mane|Protosynthesis|[silent]\n|move|p1a: Baxcalibur|Glaive Rush|p2a: Jolteon\n|-damage|p2a: Jolteon|0 fnt\n|-singlemove|p1a: Baxcalibur|Glaive Rush|[silent]\n|faint|p2a: Jolteon\n|\n|upkeep\n|\n|t:|1682142543\n|switch|p2a: Arcanine|Arcanine, L50, F|86\/100\n|-ability|p2a: Arcanine|Intimidate|boost\n|-unboost|p1a: Baxcalibur|atk|1\n|turn|7\n|\n|t:|1682142558\n|-terastallize|p2b: Flutter Mane|Fairy\n|move|p2a: Arcanine|Extreme Speed|p1a: Baxcalibur\n|-damage|p1a: Baxcalibur|63\/100\n|move|p1a: Baxcalibur|Ice Shard|p2b: Flutter Mane\n|-damage|p2b: Flutter Mane|77\/100\n|move|p2b: Flutter Mane|Moonblast|p1a: Baxcalibur\n|-damage|p1a: Baxcalibur|10\/100\n|\n|upkeep\n|turn|8\n|\n|t:|1682142570\n|move|p2a: Arcanine|Extreme Speed|p1a: Baxcalibur\n|-damage|p1a: Baxcalibur|0 fnt\n|faint|p1a: Baxcalibur\n|\n|win|leafyarrow\n","uploadtime":1682142576,"views":14,"p1id":"kinohara","p2id":"leafyarrow","formatid":"gen9vgc2023regulationc","rating":0,"private":0,"password":""}