{"id":"gen9vgc2023regulationc-1854810221","p1":"Blaziken Blazers","p2":"Mr. Darwin","format":"[Gen 9] VGC 2023 Regulation C","log":"|j|\u2606Blaziken Blazers\n|j|\u2606Mr. Darwin\n|t:|1682868729\n|gametype|doubles\n|player|p1|Blaziken Blazers|hooligans|\n|player|p2|Mr. Darwin|unknown|\n|teamsize|p1|6\n|teamsize|p2|6\n|gen|9\n|tier|[Gen 9] VGC 2023 Regulation C\n|rule|Species Clause: Limit one of each Pok\u00e9mon\n|rule|Item Clause: Limit one of each item\n|clearpoke\n|poke|p1|Roaring Moon, L50|\n|poke|p1|Gholdengo, L50|\n|poke|p1|Sylveon, L50, F|\n|poke|p1|Mudsdale, L50, F|\n|poke|p1|Ampharos, L50, M|\n|poke|p1|Tauros-Paldea-Aqua, L50, M|\n|poke|p2|Gastrodon, L50, F|\n|poke|p2|Tyranitar, L50, M|\n|poke|p2|Garganacl, L50, M|\n|poke|p2|Grimmsnarl, L50, M|\n|poke|p2|Iron Moth, L50|\n|poke|p2|Houndstone, L50, M|\n|teampreview|4\nMr. Darwin rejected open team sheets.\n|c|\u2606Blaziken Blazers|G2\n|c|\u2606Mr. Darwin|g2\n|c|\u2606Blaziken Blazers|Glhf\n|c|\u2606Mr. Darwin|yeee\n|c|\u2606Mr. Darwin|glhf\n|\n|t:|1682869186\n|start\n|switch|p1a: Subway Surfer|Gholdengo, L50|100\/100\n|switch|p1b: Gadha|Mudsdale, L50, F, shiny|100\/100\n|switch|p2a: Grimmsnarl|Grimmsnarl, L50, M, shiny|100\/100\n|switch|p2b: Garganacl|Garganacl, L50, M, shiny|100\/100\n|turn|1\n|inactive|Battle timer is ON: inactive players will automatically lose when time's up. (requested by Mr. Darwin)\n|\n|t:|1682869212\n|move|p2b: Garganacl|Protect|p2b: Garganacl\n|-singleturn|p2b: Garganacl|Protect\n|move|p2a: Grimmsnarl|Light Screen|p2a: Grimmsnarl\n|-sidestart|p2: Mr. Darwin|move: Light Screen\n|move|p1a: Subway Surfer|Make It Rain|p2a: Grimmsnarl|[spread] p2a\n|-activate|p2b: Garganacl|move: Protect\n|-supereffective|p2a: Grimmsnarl\n|-damage|p2a: Grimmsnarl|25\/100\n|-unboost|p1a: Subway Surfer|spa|1\n|move|p1b: Gadha|High Horsepower|p2a: Grimmsnarl\n|-damage|p2a: Grimmsnarl|0 fnt\n|faint|p2a: Grimmsnarl\n|\n|upkeep\n|\n|t:|1682869229\n|switch|p2a: Gastrodon|Gastrodon, L50, F|100\/100\n|turn|2\n|\n|t:|1682869241\n|-terastallize|p1b: Gadha|Grass\n|-terastallize|p2b: Garganacl|Flying\n|move|p1a: Subway Surfer|Make It Rain|p2b: Garganacl|[spread] p2a,p2b\n|-resisted|p2a: Gastrodon\n|-damage|p2a: Gastrodon|85\/100\n|-damage|p2b: Garganacl|72\/100\n|-unboost|p1a: Subway Surfer|spa|1\n|move|p2a: Gastrodon|Earth Power|p1a: Subway Surfer\n|-supereffective|p1a: Subway Surfer\n|-damage|p1a: Subway Surfer|28\/100\n|move|p2b: Garganacl|Salt Cure|p1b: Gadha\n|-damage|p1b: Gadha|87\/100\n|-start|p1b: Gadha|Salt Cure\n|move|p1b: Gadha|Tera Blast|p2a: Gastrodon\n|-supereffective|p2a: Gastrodon\n|-damage|p2a: Gastrodon|0 fnt\n|faint|p2a: Gastrodon\n|\n|-heal|p2b: Garganacl|78\/100|[from] item: Leftovers\n|-damage|p1b: Gadha|75\/100|[from] Salt Cure\n|upkeep\n|c|\u2606Mr. Darwin|woahhhh\n|c|\u2606Mr. Darwin|did not see that coming lol\n|inactive|Mr. Darwin has 30 seconds left.\n|\n|t:|1682869267\n|switch|p2a: Tyranitar|Tyranitar, L50, M|100\/100\n|-weather|Sandstorm|[from] ability: Sand Stream|[of] p2a: Tyranitar\n|turn|3\n|\n|t:|1682869285\n|switch|p1b: Saandu|Tauros-Paldea-Aqua, L50, M, shiny|100\/100\n|-ability|p1b: Saandu|Intimidate|boost\n|-unboost|p2a: Tyranitar|atk|1\n|-unboost|p2b: Garganacl|atk|1\n|move|p1a: Subway Surfer|Make It Rain|p2b: Garganacl|[spread] p2a,p2b\n|-supereffective|p2a: Tyranitar\n|-crit|p2a: Tyranitar\n|-damage|p2a: Tyranitar|16\/100\n|-damage|p2b: Garganacl|58\/100\n|-unboost|p1a: Subway Surfer|spa|1\n|move|p2a: Tyranitar|Rock Slide|p1b: Saandu|[spread] p1a,p1b\n|-resisted|p1a: Subway Surfer\n|-resisted|p1b: Saandu\n|-damage|p1a: Subway Surfer|18\/100\n|-damage|p1b: Saandu|90\/100\n|move|p2b: Garganacl|Salt Cure|p1a: Subway Surfer\n|-resisted|p1a: Subway Surfer\n|-damage|p1a: Subway Surfer|12\/100\n|-start|p1a: Subway Surfer|Salt Cure\n|\n|-weather|Sandstorm|[upkeep]\n|-damage|p1b: Saandu|84\/100|[from] Sandstorm\n|-damage|p2b: Garganacl|52\/100|[from] Sandstorm\n|-heal|p2b: Garganacl|58\/100|[from] item: Leftovers\n|-damage|p1a: Subway Surfer|0 fnt|[from] Salt Cure\n|faint|p1a: Subway Surfer\n|upkeep\n|c|\u2606Blaziken Blazers|Thats why i did not terra last game\n|\n|t:|1682869310\n|switch|p1a: Lizardon|Roaring Moon, L50, shiny|100\/100\n|-enditem|p1a: Lizardon|Booster Energy\n|-activate|p1a: Lizardon|ability: Protosynthesis|[fromitem]\n|-start|p1a: Lizardon|protosynthesisatk\n|turn|4\n|\n|t:|1682869324\n|move|p1a: Lizardon|Stomping Tantrum|p2a: Tyranitar\n|-supereffective|p2a: Tyranitar\n|-crit|p2a: Tyranitar\n|-damage|p2a: Tyranitar|0 fnt\n|faint|p2a: Tyranitar\n|move|p1b: Saandu|Raging Bull|p2b: Garganacl\n|-sideend|p2: Mr. Darwin|move: Light Screen\n|-damage|p2b: Garganacl|26\/100\n|-damage|p1b: Saandu|74\/100|[from] item: Life Orb\n|move|p2b: Garganacl|Salt Cure|p1b: Saandu\n|-resisted|p1b: Saandu\n|-damage|p1b: Saandu|69\/100\n|-start|p1b: Saandu|Salt Cure\n|\n|-weather|Sandstorm|[upkeep]\n|-damage|p1a: Lizardon|95\/100|[from] Sandstorm\n|-damage|p1b: Saandu|63\/100|[from] Sandstorm\n|-damage|p2b: Garganacl|20\/100|[from] Sandstorm\n|-heal|p2b: Garganacl|26\/100|[from] item: Leftovers\n|-damage|p1b: Saandu|38\/100|[from] Salt Cure\n|upkeep\n|turn|5\n|\n|t:|1682869346\n|move|p1a: Lizardon|Crunch|p2b: Garganacl\n|-damage|p2b: Garganacl|0 fnt\n|faint|p2b: Garganacl\n|\n|win|Blaziken Blazers\n|c|\u2606Mr. Darwin|ggs\n|c|\u2606Blaziken Blazers|ggs\n|l|\u2606Mr. Darwin\n","uploadtime":1682869966,"views":17,"p1id":"blazikenblazers","p2id":"mrdarwin","formatid":"gen9vgc2023regulationc","rating":0,"private":0,"password":""}