{"id":"gen9vgc2023regulationc-1849798436","p1":"Humanberrito 2.0","p2":"esotilin123456","format":"[Gen 9] VGC 2023 Regulation C","log":"|j|\u2606Humanberrito 2.0\n|j|\u2606esotilin123456\n|t:|1682253421\n|gametype|doubles\n|player|p1|Humanberrito 2.0|unknown|\n|player|p2|esotilin123456|lucas|\n|teamsize|p1|6\n|teamsize|p2|6\n|gen|9\n|tier|[Gen 9] VGC 2023 Regulation C\n|rated|Tournament battle\n|rule|Species Clause: Limit one of each Pok\u00e9mon\n|rule|Item Clause: Limit one of each item\n|clearpoke\n|poke|p1|Flutter Mane, L50|\n|poke|p1|Ting-Lu, L50|\n|poke|p1|Arcanine, L50, M|\n|poke|p1|Palafin, L50, M|\n|poke|p1|Chien-Pao, L50|\n|poke|p1|Pelipper, L50, M|\n|poke|p2|Arcanine, L50, M|\n|poke|p2|Gastrodon, L50, F|\n|poke|p2|Rotom-Mow, L50|\n|poke|p2|Tyranitar, L50, M|\n|poke|p2|Corviknight, L50, M|\n|poke|p2|Salamence, L50, M|\n|teampreview|4\n|raw| Open Team Sheet for Humanberrito 2.0<\/summary>Flutter Mane @ Choice Specs Ability: Protosynthesis Level: 50 Tera Type: Fairy - Moonblast - Shadow Ball - Dazzling Gleam - Power Gem Ting-Lu @ Assault Vest Ability: Vessel of Ruin Level: 50 Tera Type: Steel - Fissure - Stomping Tantrum - Body Press - Mud-Slap Arcanine @ Safety Goggles Ability: Intimidate Level: 50 Tera Type: Ghost - Flare Blitz - Will-O-Wisp - Snarl - Protect Palafin @ Mystic Water Ability: Zero to Hero Level: 50 Tera Type: Water - Jet Punch - Wave Crash - Haze - Protect Chien-Pao @ Focus Sash Ability: Sword of Ruin Level: 50 Tera Type: Ghost - Ice Spinner - Sucker Punch - Sacred Sword - Protect Pelipper @ Damp Rock Ability: Drizzle Level: 50 Tera Type: Water - Tailwind - Wide Guard - Helping Hand - Hurricane <\/details><\/div> Open Team Sheet for esotilin123456<\/summary>good boi (Arcanine) (M) @ Assault Vest Ability: Intimidate Level: 50 Tera Type: Normal - Flare Blitz - Extreme Speed - Snarl - Close Combat GROHAHSHSHSH (Gastrodon) (F) @ Leftovers Ability: Storm Drain Level: 50 Tera Type: Fire - Protect - Yawn - Ice Beam - Earth Power IRON MUGULIS (Rotom-Mow) @ Life Orb Ability: Levitate Level: 50 Tera Type: Electric - Protect - Will-O-Wisp - Thunderbolt - Leaf Storm Great Tyrant (Tyranitar) (M) @ Chople Berry Ability: Sand Stream Level: 50 Shiny: Yes Tera Type: Rock - Protect - Rock Slide - Crunch - Ice Punch IRON BIRD (Corviknight) @ Aguav Berry Ability: Mirror Armor Level: 50 Tera Type: Fire - Protect - Bulk Up - Brave Bird - Roost THE LIZARD (Salamence) @ Scope Lens Ability: Intimidate Level: 50 Tera Type: Fire - Protect - Focus Energy - Draco Meteor - Flamethrower <\/details><\/div>\n|inactive|Battle timer is ON: inactive players will automatically lose when time's up. (requested by esotilin123456)\n|inactive|Humanberrito 2.0 has 60 seconds left.\n|\n|t:|1682253543\n|start\n|switch|p1a: Flutter Mane|Flutter Mane, L50|100\/100\n|switch|p1b: Arcanine|Arcanine, L50, M|100\/100\n|switch|p2a: good boi|Arcanine, L50, M|100\/100\n|switch|p2b: Great Tyrant|Tyranitar, L50, M, shiny|100\/100\n|-ability|p2a: good boi|Intimidate|boost\n|-unboost|p1a: Flutter Mane|atk|1\n|-unboost|p1b: Arcanine|atk|1\n|-ability|p1b: Arcanine|Intimidate|boost\n|-unboost|p2a: good boi|atk|1\n|-unboost|p2b: Great Tyrant|atk|1\n|-weather|Sandstorm|[from] ability: Sand Stream|[of] p2b: Great Tyrant\n|turn|1\n|\n|t:|1682253559\n|-end|p1a: Flutter Mane|Protosynthesis|[silent]\n|switch|p1a: Pelipper|Pelipper, L50, M|100\/100\n|-weather|RainDance|[from] ability: Drizzle|[of] p1a: Pelipper\n|move|p2b: Great Tyrant|Protect|p2b: Great Tyrant\n|-singleturn|p2b: Great Tyrant|Protect\n|move|p2a: good boi|Flare Blitz|p1a: Pelipper\n|-resisted|p1a: Pelipper\n|-damage|p1a: Pelipper|92\/100\n|-damage|p2a: good boi|98\/100|[from] Recoil\n|move|p1b: Arcanine|Will-O-Wisp|p2b: Great Tyrant\n|-activate|p2b: Great Tyrant|move: Protect\n|\n|-weather|RainDance|[upkeep]\n|upkeep\n|turn|2\n|inactive|Humanberrito 2.0 has 30 seconds left.\n|\n|t:|1682253584\n|switch|p2b: GROHAHSHSHSH|Gastrodon, L50, F|100\/100\n|move|p2a: good boi|Flare Blitz|p1a: Pelipper\n|-resisted|p1a: Pelipper\n|-damage|p1a: Pelipper|83\/100\n|-damage|p2a: good boi|95\/100|[from] Recoil\n|move|p1b: Arcanine|Will-O-Wisp|p2b: GROHAHSHSHSH\n|-status|p2b: GROHAHSHSHSH|brn\n|move|p1a: Pelipper|Tailwind|p1a: Pelipper\n|-sidestart|p1: Humanberrito 2.0|move: Tailwind\n|\n|-weather|RainDance|[upkeep]\n|-damage|p2b: GROHAHSHSHSH|94\/100 brn|[from] brn\n|upkeep\n|turn|3\n|\n|t:|1682253602\n|switch|p2a: Great Tyrant|Tyranitar, L50, M, shiny|100\/100\n|-weather|Sandstorm|[from] ability: Sand Stream|[of] p2a: Great Tyrant\n|move|p1b: Arcanine|Snarl|p2b: GROHAHSHSHSH|[spread] p2a,p2b\n|-resisted|p2a: Great Tyrant\n|-damage|p2a: Great Tyrant|98\/100\n|-damage|p2b: GROHAHSHSHSH|87\/100 brn\n|-unboost|p2a: Great Tyrant|spa|1\n|-unboost|p2b: GROHAHSHSHSH|spa|1\n|move|p1a: Pelipper|Hurricane|p2b: GROHAHSHSHSH|[miss]\n|-miss|p1a: Pelipper|p2b: GROHAHSHSHSH\n|move|p2b: GROHAHSHSHSH|Earth Power|p1b: Arcanine\n|-supereffective|p1b: Arcanine\n|-damage|p1b: Arcanine|56\/100\n|\n|-weather|Sandstorm|[upkeep]\n|-damage|p1a: Pelipper|77\/100|[from] Sandstorm\n|-heal|p2b: GROHAHSHSHSH|93\/100 brn|[from] item: Leftovers\n|-damage|p2b: GROHAHSHSHSH|87\/100 brn|[from] brn\n|upkeep\n|turn|4\n|inactive|Humanberrito 2.0 has 30 seconds left.\n|inactive|esotilin123456 has 30 seconds left.\n|\n|t:|1682253632\n|switch|p2a: good boi|Arcanine, L50, M|95\/100\n|-ability|p2a: good boi|Intimidate|boost\n|-unboost|p1a: Pelipper|atk|1\n|-unboost|p1b: Arcanine|atk|1\n|move|p1a: Pelipper|Wide Guard|p1a: Pelipper\n|-singleturn|p1a: Pelipper|Wide Guard\n|move|p1b: Arcanine|Will-O-Wisp|p2a: good boi\n|-immune|p2a: good boi\n|move|p2b: GROHAHSHSHSH|Yawn|p1a: Pelipper\n|-start|p1a: Pelipper|move: Yawn|[of] p2b: GROHAHSHSHSH\n|\n|-weather|Sandstorm|[upkeep]\n|-damage|p1a: Pelipper|71\/100|[from] Sandstorm\n|-damage|p2a: good boi|89\/100|[from] Sandstorm\n|-heal|p2b: GROHAHSHSHSH|93\/100 brn|[from] item: Leftovers\n|-damage|p2b: GROHAHSHSHSH|87\/100 brn|[from] brn\n|upkeep\n|turn|5\n|\n|t:|1682253655\n|switch|p1a: Ting-Lu|Ting-Lu, L50|100\/100\n|-ability|p1a: Ting-Lu|Vessel of Ruin\n|move|p1b: Arcanine|Protect|p1b: Arcanine\n|-singleturn|p1b: Arcanine|Protect\n|move|p2a: good boi|Flare Blitz|p1b: Arcanine\n|-activate|p1b: Arcanine|move: Protect\n|move|p2b: GROHAHSHSHSH|Earth Power|p1b: Arcanine\n|-activate|p1b: Arcanine|move: Protect\n|\n|-weather|Sandstorm|[upkeep]\n|-damage|p2a: good boi|83\/100|[from] Sandstorm\n|-heal|p2b: GROHAHSHSHSH|93\/100 brn|[from] item: Leftovers\n|-damage|p2b: GROHAHSHSHSH|87\/100 brn|[from] brn\n|-sideend|p1: Humanberrito 2.0|move: Tailwind\n|upkeep\n|turn|6\n|\n|t:|1682253680\n|switch|p2a: IRON MUGULIS|Rotom-Mow, L50|100\/100\n|switch|p1b: Pelipper|Pelipper, L50, M|71\/100\n|-weather|RainDance|[from] ability: Drizzle|[of] p1b: Pelipper\n|move|p1a: Ting-Lu|Mud-Slap|p2a: IRON MUGULIS\n|-immune|p2a: IRON MUGULIS|[from] ability: Levitate\n|move|p2b: GROHAHSHSHSH|Earth Power|p1b: Pelipper\n|-immune|p1b: Pelipper\n|\n|-weather|RainDance|[upkeep]\n|-heal|p2b: GROHAHSHSHSH|93\/100 brn|[from] item: Leftovers\n|-damage|p2b: GROHAHSHSHSH|87\/100 brn|[from] brn\n|upkeep\n|turn|7\n|inactive|Humanberrito 2.0 has 30 seconds left.\n|inactive|esotilin123456 has 30 seconds left.\n|j| woopy4life\n|\n|t:|1682253714\n|switch|p1a: Arcanine|Arcanine, L50, M|56\/100\n|-ability|p1a: Arcanine|Intimidate|boost\n|-unboost|p2a: IRON MUGULIS|atk|1\n|-unboost|p2b: GROHAHSHSHSH|atk|1\n|switch|p2b: Great Tyrant|Tyranitar, L50, M, shiny|98\/100\n|-weather|Sandstorm|[from] ability: Sand Stream|[of] p2b: Great Tyrant\n|move|p2a: IRON MUGULIS|Leaf Storm|p1a: Arcanine\n|-resisted|p1a: Arcanine\n|-damage|p1a: Arcanine|24\/100\n|-unboost|p2a: IRON MUGULIS|spa|2\n|-damage|p2a: IRON MUGULIS|91\/100|[from] item: Life Orb\n|move|p1b: Pelipper|Hurricane|p2a: IRON MUGULIS\n|-damage|p2a: IRON MUGULIS|54\/100\n|\n|-weather|Sandstorm|[upkeep]\n|-damage|p2a: IRON MUGULIS|48\/100|[from] Sandstorm\n|-damage|p1b: Pelipper|65\/100|[from] Sandstorm\n|upkeep\n|turn|8\n|\n|t:|1682253736\n|switch|p2a: good boi|Arcanine, L50, M|83\/100\n|-ability|p2a: good boi|Intimidate|boost\n|-unboost|p1a: Arcanine|atk|1\n|-unboost|p1b: Pelipper|atk|1\n|switch|p2b: GROHAHSHSHSH|Gastrodon, L50, F|87\/100 brn\n|move|p1b: Pelipper|Wide Guard|p1b: Pelipper\n|-singleturn|p1b: Pelipper|Wide Guard\n|move|p1a: Arcanine|Will-O-Wisp|p2b: GROHAHSHSHSH\n|-fail|p2b: GROHAHSHSHSH|brn\n|\n|-weather|Sandstorm|[upkeep]\n|-damage|p2a: good boi|76\/100|[from] Sandstorm\n|-damage|p1b: Pelipper|59\/100|[from] Sandstorm\n|-heal|p2b: GROHAHSHSHSH|93\/100 brn|[from] item: Leftovers\n|-damage|p2b: GROHAHSHSHSH|87\/100 brn|[from] brn\n|upkeep\n|turn|9\n|\n|t:|1682253752\n|switch|p1b: Ting-Lu|Ting-Lu, L50|100\/100\n|-ability|p1b: Ting-Lu|Vessel of Ruin\n|move|p1a: Arcanine|Protect|p1a: Arcanine\n|-singleturn|p1a: Arcanine|Protect\n|move|p2a: good boi|Flare Blitz|p1a: Arcanine\n|-activate|p1a: Arcanine|move: Protect\n|move|p2b: GROHAHSHSHSH|Ice Beam|p1b: Ting-Lu\n|-supereffective|p1b: Ting-Lu\n|-damage|p1b: Ting-Lu|81\/100\n|\n|-weather|Sandstorm|[upkeep]\n|-damage|p2a: good boi|70\/100|[from] Sandstorm\n|-heal|p2b: GROHAHSHSHSH|93\/100 brn|[from] item: Leftovers\n|-damage|p2b: GROHAHSHSHSH|87\/100 brn|[from] brn\n|upkeep\n|turn|10\n|inactive|Humanberrito 2.0 has 30 seconds left.\n|inactive|esotilin123456 has 30 seconds left.\n|\n|t:|1682253791\n|switch|p1a: Pelipper|Pelipper, L50, M|59\/100\n|-weather|RainDance|[from] ability: Drizzle|[of] p1a: Pelipper\n|move|p2a: good boi|Close Combat|p1b: Ting-Lu\n|-supereffective|p1b: Ting-Lu\n|-damage|p1b: Ting-Lu|44\/100\n|-unboost|p2a: good boi|def|1\n|-unboost|p2a: good boi|spd|1\n|move|p1b: Ting-Lu|Fissure|p2a: good boi|[miss]\n|-miss|p1b: Ting-Lu|p2a: good boi\n|move|p2b: GROHAHSHSHSH|Ice Beam|p1b: Ting-Lu\n|-supereffective|p1b: Ting-Lu\n|-damage|p1b: Ting-Lu|26\/100\n|\n|-weather|RainDance|[upkeep]\n|-heal|p2b: GROHAHSHSHSH|93\/100 brn|[from] item: Leftovers\n|-damage|p2b: GROHAHSHSHSH|87\/100 brn|[from] brn\n|upkeep\n|turn|11\n|inactive|Humanberrito 2.0 has 30 seconds left.\n|\n|t:|1682253823\n|move|p2a: good boi|Close Combat|p1b: Ting-Lu\n|-supereffective|p1b: Ting-Lu\n|-damage|p1b: Ting-Lu|0 fnt\n|-unboost|p2a: good boi|def|1\n|-unboost|p2a: good boi|spd|1\n|faint|p1b: Ting-Lu\n|move|p1a: Pelipper|Tailwind|p1a: Pelipper\n|-sidestart|p1: Humanberrito 2.0|move: Tailwind\n|move|p2b: GROHAHSHSHSH|Ice Beam|p1a: Pelipper\n|-damage|p1a: Pelipper|24\/100\n|-status|p1a: Pelipper|frz\n|\n|-weather|RainDance|[upkeep]\n|-heal|p2b: GROHAHSHSHSH|93\/100 brn|[from] item: Leftovers\n|-damage|p2b: GROHAHSHSHSH|87\/100 brn|[from] brn\n|upkeep\n|\n|t:|1682253830\n|switch|p1b: Flutter Mane|Flutter Mane, L50|100\/100\n|turn|12\n|inactive|Humanberrito 2.0 has 30 seconds left.\n|\n|t:|1682253860\n|-terastallize|p1b: Flutter Mane|Fairy\n|-curestatus|p1a: Pelipper|frz|[msg]\n|move|p1a: Pelipper|Helping Hand|p1b: Flutter Mane\n|-singleturn|p1b: Flutter Mane|Helping Hand|[of] p1a: Pelipper\n|move|p1b: Flutter Mane|Dazzling Gleam|p2b: GROHAHSHSHSH|[spread] p2a,p2b\n|-resisted|p2a: good boi\n|-damage|p2a: good boi|8\/100\n|-damage|p2b: GROHAHSHSHSH|0 fnt\n|faint|p2b: GROHAHSHSHSH\n|move|p2a: good boi|Flare Blitz|p1b: Flutter Mane\n|-damage|p1b: Flutter Mane|49\/100\n|-damage|p2a: good boi|0 fnt|[from] Recoil\n|faint|p2a: good boi\n|\n|-weather|RainDance|[upkeep]\n|upkeep\n|\n|t:|1682253873\n|switch|p2a: Great Tyrant|Tyranitar, L50, M, shiny|98\/100\n|switch|p2b: IRON MUGULIS|Rotom-Mow, L50|48\/100\n|-weather|Sandstorm|[from] ability: Sand Stream|[of] p2a: Great Tyrant\n|turn|13\n|\n|t:|1682253887\n|switch|p1a: Arcanine|Arcanine, L50, M|24\/100\n|-ability|p1a: Arcanine|Intimidate|boost\n|-unboost|p2a: Great Tyrant|atk|1\n|-unboost|p2b: IRON MUGULIS|atk|1\n|-terastallize|p2a: Great Tyrant|Rock\n|move|p1b: Flutter Mane|Dazzling Gleam|p2a: Great Tyrant|[spread] p2a,p2b\n|-damage|p2a: Great Tyrant|68\/100\n|-damage|p2b: IRON MUGULIS|0 fnt\n|faint|p2b: IRON MUGULIS\n|move|p2a: Great Tyrant|Rock Slide|p1a: Arcanine|[spread] p1a\n|-miss|p2a: Great Tyrant|p1b: Flutter Mane\n|-supereffective|p1a: Arcanine\n|-damage|p1a: Arcanine|0 fnt\n|faint|p1a: Arcanine\n|\n|-weather|Sandstorm|[upkeep]\n|-damage|p1b: Flutter Mane|43\/100|[from] Sandstorm\n|upkeep\n|\n|t:|1682253895\n|switch|p1a: Pelipper|Pelipper, L50, M|24\/100\n|-weather|RainDance|[from] ability: Drizzle|[of] p1a: Pelipper\n|turn|14\n|inactive|Humanberrito 2.0 has 30 seconds left.\n|inactive|Humanberrito 2.0 has 20 seconds left.\n|inactive|Humanberrito 2.0 has 15 seconds left.\n|inactive|Humanberrito 2.0 has 10 seconds left.\n|\n|t:|1682253941\n|move|p1a: Pelipper|Wide Guard|p1a: Pelipper\n|-singleturn|p1a: Pelipper|Wide Guard\n|move|p1b: Flutter Mane|Dazzling Gleam|p2a: Great Tyrant\n|-damage|p2a: Great Tyrant|8\/100\n|move|p2a: Great Tyrant|Crunch|p1a: Pelipper\n|-damage|p1a: Pelipper|0 fnt\n|faint|p1a: Pelipper\n|\n|-weather|RainDance|[upkeep]\n|-sideend|p1: Humanberrito 2.0|move: Tailwind\n|upkeep\n|turn|15\n|c|\u2606esotilin123456|rng sucks\n|c|\u2606esotilin123456|gg\n|\n|t:|1682253957\n|move|p1b: Flutter Mane|Dazzling Gleam|p2a: Great Tyrant\n|-damage|p2a: Great Tyrant|0 fnt\n|faint|p2a: Great Tyrant\n|\n|win|Humanberrito 2.0\n|n|\u2606Humanberrito 2.0|humanberrito20\n|n|\u2606esotilin123456|esotilin123456\n|n| woopy4life|woopy4life\n|c|\u2606Humanberrito 2.0|Gg\n","uploadtime":1682253978,"views":14,"p1id":"humanberrito20","p2id":"esotilin123456","formatid":"gen9vgc2023regulationc","rating":0,"private":0,"password":""}