{"id":"gen9vgc2023regulationc-1854872053","p1":"salamencetv","p2":"Carlipop6","format":"[Gen 9] VGC 2023 Regulation C","log":"|j|\u2606salamencetv\n|j|\u2606Carlipop6\n|t:|1682875573\n|gametype|doubles\n|player|p1|salamencetv|pryce|\n|player|p2|Carlipop6|169|\n|teamsize|p1|6\n|teamsize|p2|6\n|gen|9\n|tier|[Gen 9] VGC 2023 Regulation C\n|rule|Species Clause: Limit one of each Pok\u00e9mon\n|rule|Item Clause: Limit one of each item\n|clearpoke\n|poke|p1|Gholdengo, L50|\n|poke|p1|Cetitan, L50, F|\n|poke|p1|Brute Bonnet, L50|\n|poke|p1|Slowking, L50, M|\n|poke|p1|Garchomp, L50, F|\n|poke|p1|Sylveon, L50, M|\n|poke|p2|Armarouge, L50, F|\n|poke|p2|Indeedee, L50, M|\n|poke|p2|Iron Hands, L50|\n|poke|p2|Amoonguss, L50, F|\n|poke|p2|Quaquaval, L50, M|\n|poke|p2|Misdreavus, L50, F|\n|teampreview|4\n|j| Greekbaby1\n|l| Greekbaby1\n|inactive|Battle timer is ON: inactive players will automatically lose when time's up. (requested by Carlipop6)\n|\n|t:|1682875633\n|start\n|switch|p1a: SubMom|Sylveon, L50, M|100\/100\n|switch|p1b: Whiffin|Slowking, L50, M|100\/100\n|switch|p2a: Misdreavus|Misdreavus, L50, F, shiny|100\/100\n|switch|p2b: Iron Hands|Iron Hands, L50, shiny|100\/100\n|turn|1\n|\n|t:|1682875657\n|switch|p1b: Dennis|Garchomp, L50, F|100\/100\n|move|p2b: Iron Hands|Fake Out|p1a: SubMom\n|-damage|p1a: SubMom|81\/100\n|move|p2a: Misdreavus|Thunder Wave|p1b: Dennis\n|-immune|p1b: Dennis\n|cant|p1a: SubMom|flinch\n|\n|upkeep\n|turn|2\n|c|\u2606salamencetv|GLHF\n|\n|t:|1682875679\n|switch|p1b: Whiffin|Slowking, L50, M|100\/100\n|-terastallize|p2b: Iron Hands|Flying\n|move|p2a: Misdreavus|Thunder Wave|p1a: SubMom|[miss]\n|-miss|p2a: Misdreavus|p1a: SubMom\n|move|p1a: SubMom|Hyper Voice|p2b: Iron Hands|[spread] p2a,p2b\n|-damage|p2a: Misdreavus|77\/100\n|-damage|p2b: Iron Hands|77\/100\n|-enditem|p1a: SubMom|Throat Spray\n|-boost|p1a: SubMom|spa|1|[from] item: Throat Spray\n|move|p2b: Iron Hands|Ice Punch|p1b: Whiffin\n|-resisted|p1b: Whiffin\n|-damage|p1b: Whiffin|87\/100\n|\n|upkeep\n|turn|3\n|inactive|salamencetv has 30 seconds left.\n|\n|t:|1682875709\n|switch|p1b: Dennis|Garchomp, L50, F|100\/100\n|move|p2a: Misdreavus|Thunder Wave|p1a: SubMom\n|-status|p1a: SubMom|par\n|move|p2b: Iron Hands|Ice Punch|p1b: Dennis\n|-supereffective|p1b: Dennis\n|-damage|p1b: Dennis|0 fnt\n|-damage|p2b: Iron Hands|65\/100|[from] ability: Rough Skin|[of] p1b: Dennis\n|faint|p1b: Dennis\n|move|p1a: SubMom|Hyper Voice|p2b: Iron Hands|[spread] p2a,p2b\n|-damage|p2a: Misdreavus|39\/100\n|-damage|p2b: Iron Hands|24\/100\n|\n|upkeep\n|\n|t:|1682875724\n|switch|p1b: GholdenGONOW|Gholdengo, L50|100\/100\n|turn|4\n|\n|t:|1682875736\n|move|p1a: SubMom|Helping Hand|p1b: GholdenGONOW\n|-immune|p1b: GholdenGONOW|[from] ability: Good as Gold\n|move|p1b: GholdenGONOW|Make It Rain|p2a: Misdreavus|[spread] p2a,p2b\n|-damage|p2a: Misdreavus|0 fnt\n|-damage|p2b: Iron Hands|0 fnt\n|-unboost|p1b: GholdenGONOW|spa|1\n|faint|p2a: Misdreavus\n|faint|p2b: Iron Hands\n|-end|p2b: Iron Hands|Quark Drive|[silent]\n|-damage|p1b: GholdenGONOW|91\/100|[from] item: Life Orb\n|\n|upkeep\n|\n|t:|1682875747\n|switch|p2a: Amoonguss|Amoonguss, L50, F, shiny|100\/100\n|switch|p2b: Quaquaval|Quaquaval, L50, M|100\/100\n|turn|5\n|\n|t:|1682875768\n|switch|p1b: Whiffin|Slowking, L50, M|100\/100\n|-terastallize|p1a: SubMom|Fire\n|move|p2a: Amoonguss|Rage Powder|p2a: Amoonguss\n|-singleturn|p2a: Amoonguss|move: Rage Powder\n|move|p2b: Quaquaval|Aqua Step|p1b: Whiffin\n|-resisted|p1b: Whiffin\n|-damage|p1b: Whiffin|80\/100\n|-boost|p2b: Quaquaval|spe|1\n|-damage|p2b: Quaquaval|90\/100|[from] item: Life Orb\n|move|p1a: SubMom|Tera Blast|p2a: Amoonguss\n|-supereffective|p2a: Amoonguss\n|-damage|p2a: Amoonguss|21\/100\n|-enditem|p2a: Amoonguss|Aguav Berry|[eat]\n|-heal|p2a: Amoonguss|55\/100|[from] item: Aguav Berry\n|\n|upkeep\n|turn|6\n|\n|t:|1682875792\n|move|p2b: Quaquaval|Aqua Step|p1a: SubMom\n|-supereffective|p1a: SubMom\n|-damage|p1a: SubMom|0 fnt\n|-boost|p2b: Quaquaval|spe|1\n|faint|p1a: SubMom\n|-ability|p2b: Quaquaval|Moxie|boost\n|-boost|p2b: Quaquaval|atk|1\n|-damage|p2b: Quaquaval|80\/100|[from] item: Life Orb\n|move|p1b: Whiffin|Psychic|p2a: Amoonguss\n|-supereffective|p2a: Amoonguss\n|-damage|p2a: Amoonguss|11\/100\n|move|p2a: Amoonguss|Spore|p1b: Whiffin\n|-status|p1b: Whiffin|slp|[from] move: Spore\n|\n|upkeep\n|\n|t:|1682875803\n|switch|p1a: GholdenGONOW|Gholdengo, L50|91\/100\n|turn|7\n|\n|t:|1682875815\n|move|p1a: GholdenGONOW|Protect|p1a: GholdenGONOW\n|-singleturn|p1a: GholdenGONOW|Protect\n|move|p2a: Amoonguss|Protect|p2a: Amoonguss\n|-singleturn|p2a: Amoonguss|Protect\n|move|p2b: Quaquaval|Aqua Step|p1a: GholdenGONOW\n|-activate|p1a: GholdenGONOW|move: Protect\n|cant|p1b: Whiffin|slp\n|\n|upkeep\n|turn|8\n|\n|t:|1682875833\n|move|p2b: Quaquaval|Aqua Step|p1a: GholdenGONOW\n|-damage|p1a: GholdenGONOW|12\/100\n|-boost|p2b: Quaquaval|spe|1\n|-damage|p2b: Quaquaval|70\/100|[from] item: Life Orb\n|move|p1a: GholdenGONOW|Make It Rain|p2a: Amoonguss|[spread] p2a,p2b\n|-resisted|p2b: Quaquaval\n|-crit|p2b: Quaquaval\n|-damage|p2a: Amoonguss|0 fnt\n|-damage|p2b: Quaquaval|0 fnt\n|-unboost|p1a: GholdenGONOW|spa|1\n|faint|p2a: Amoonguss\n|faint|p2b: Quaquaval\n|-damage|p1a: GholdenGONOW|2\/100|[from] item: Life Orb\n|\n|win|salamencetv\n|c|\u2606salamencetv|GG\n|c|\u2606Carlipop6|gg\n|l|\u2606Carlipop6\n","uploadtime":1682875917,"views":10,"p1id":"salamencetv","p2id":"carlipop6","formatid":"gen9vgc2023regulationc","rating":0,"private":0,"password":""}