{"id":"gen9vgc2023regulationc-1846928377","p1":"r3gCt3st","p2":"RitmanTesting1","format":"[Gen 9] VGC 2023 Regulation C","log":"|j|\u2606r3gCt3st\n|j|\u2606RitmanTesting1\n|t:|1681902240\n|gametype|doubles\n|player|p1|r3gCt3st|unknown|1424\n|player|p2|RitmanTesting1|byron|1492\n|teamsize|p1|6\n|teamsize|p2|6\n|gen|9\n|tier|[Gen 9] VGC 2023 Regulation C\n|rated|\n|rule|Species Clause: Limit one of each Pok\u00e9mon\n|rule|Item Clause: Limit one of each item\n|clearpoke\n|poke|p1|Flutter Mane, L50|\n|poke|p1|Amoonguss, L50, F|\n|poke|p1|Dondozo, L50, F|\n|poke|p1|Tatsugiri, L50, M|\n|poke|p1|Annihilape, L50, M|\n|poke|p1|Arcanine, L50, F|\n|poke|p2|Chi-Yu, L50|\n|poke|p2|Flutter Mane, L50|\n|poke|p2|Gyarados, L50, F|\n|poke|p2|Brute Bonnet, L50|\n|poke|p2|Baxcalibur, L50, M|\n|poke|p2|Glimmora, L50, F|\n|teampreview|4\nRitmanTesting1 has agreed to open team sheets.\n|inactive|Battle timer is ON: inactive players will automatically lose when time's up. (requested by RitmanTesting1)\n|inactive|RitmanTesting1 has 60 seconds left.\n|\n|t:|1681902295\n|start\n|switch|p1a: Dondozo|Dondozo, L50, F|100\/100\n|switch|p1b: Arcanine|Arcanine, L50, F|100\/100\n|switch|p2a: Baxcalibur|Baxcalibur, L50, M|100\/100\n|switch|p2b: Flutter Mane|Flutter Mane, L50|100\/100\n|-ability|p1b: Arcanine|Intimidate|boost\n|-unboost|p2a: Baxcalibur|atk|1\n|-unboost|p2b: Flutter Mane|atk|1\n|-enditem|p2b: Flutter Mane|Booster Energy\n|-activate|p2b: Flutter Mane|ability: Protosynthesis|[fromitem]\n|-start|p2b: Flutter Mane|protosynthesisspa\n|turn|1\n|inactive|RitmanTesting1 has 30 seconds left.\n|\n|t:|1681902321\n|switch|p2a: Glimmora|Glimmora, L50, F|100\/100\n|move|p2b: Flutter Mane|Moonblast|p1a: Dondozo\n|-damage|p1a: Dondozo|61\/100\n|move|p1b: Arcanine|Flare Blitz|p2b: Flutter Mane\n|-damage|p2b: Flutter Mane|37\/100\n|-damage|p1b: Arcanine|80\/100|[from] Recoil\n|move|p1a: Dondozo|Yawn|p2a: Glimmora\n|-start|p2a: Glimmora|move: Yawn|[of] p1a: Dondozo\n|\n|-heal|p1a: Dondozo|67\/100|[from] item: Leftovers\n|upkeep\n|turn|2\n|\n|t:|1681902341\n|switch|p2a: Baxcalibur|Baxcalibur, L50, M|100\/100\n|move|p2b: Flutter Mane|Protect|p2b: Flutter Mane\n|-singleturn|p2b: Flutter Mane|Protect\n|move|p1b: Arcanine|Flare Blitz|p2b: Flutter Mane\n|-activate|p2b: Flutter Mane|move: Protect\n|move|p1a: Dondozo|Fissure|p2a: Baxcalibur\n|-damage|p2a: Baxcalibur|0 fnt\n|faint|p2a: Baxcalibur\n|-ohko\n|\n|-heal|p1a: Dondozo|73\/100|[from] item: Leftovers\n|upkeep\n|\n|t:|1681902357\n|switch|p2a: Glimmora|Glimmora, L50, F|100\/100\n|turn|3\n|\n|t:|1681902370\n|-terastallize|p2a: Glimmora|Grass\n|move|p1b: Arcanine|Protect|p1b: Arcanine\n|-singleturn|p1b: Arcanine|Protect\n|move|p2b: Flutter Mane|Moonblast|p1a: Dondozo\n|-damage|p1a: Dondozo|32\/100\n|move|p2a: Glimmora|Power Gem|p1b: Arcanine\n|-activate|p1b: Arcanine|move: Protect\n|move|p1a: Dondozo|Yawn|p2a: Glimmora\n|-start|p2a: Glimmora|move: Yawn|[of] p1a: Dondozo\n|\n|-heal|p1a: Dondozo|38\/100|[from] item: Leftovers\n|upkeep\n|turn|4\n|\n|t:|1681902391\n|switch|p2a: Brute Bonnet|Brute Bonnet, L50|100\/100\n|move|p1a: Dondozo|Protect|p1a: Dondozo\n|-singleturn|p1a: Dondozo|Protect\n|move|p2b: Flutter Mane|Shadow Ball|p1b: Arcanine\n|-damage|p1b: Arcanine|15\/100\n|-unboost|p1b: Arcanine|spd|1\n|-enditem|p1b: Arcanine|Aguav Berry|[eat]\n|-heal|p1b: Arcanine|48\/100|[from] item: Aguav Berry\n|move|p1b: Arcanine|Flare Blitz|p2b: Flutter Mane\n|-damage|p2b: Flutter Mane|0 fnt\n|faint|p2b: Flutter Mane\n|-end|p2b: Flutter Mane|Protosynthesis|[silent]\n|-damage|p1b: Arcanine|36\/100|[from] Recoil\n|\n|-heal|p1a: Dondozo|44\/100|[from] item: Leftovers\n|upkeep\n|\n|t:|1681902403\n|switch|p2b: Glimmora|Glimmora, L50, F, tera:Grass|100\/100\n|turn|5\n|\n|t:|1681902417\n|switch|p1b: Tatsugiri|Tatsugiri, L50, M|100\/100\n|-terastallize|p1a: Dondozo|Grass\n|move|p2a: Brute Bonnet|Rage Powder|p2a: Brute Bonnet\n|-singleturn|p2a: Brute Bonnet|move: Rage Powder\n|move|p2b: Glimmora|Sludge Bomb|p1a: Dondozo\n|-supereffective|p1a: Dondozo\n|-damage|p1a: Dondozo|0 fnt\n|faint|p1a: Dondozo\n|\n|upkeep\n|\n|t:|1681902423\n|switch|p1a: Arcanine|Arcanine, L50, F|36\/100\n|-ability|p1a: Arcanine|Intimidate|boost\n|-unboost|p2a: Brute Bonnet|atk|1\n|-unboost|p2b: Glimmora|atk|1\n|turn|6\n|\n|t:|1681902438\n|move|p1a: Arcanine|Protect|p1a: Arcanine\n|-singleturn|p1a: Arcanine|Protect\n|move|p2a: Brute Bonnet|Sucker Punch||[still]\n|-fail|p2a: Brute Bonnet\n|move|p1b: Tatsugiri|Icy Wind|p2b: Glimmora|[spread] p2a,p2b\n|-supereffective|p2a: Brute Bonnet\n|-supereffective|p2b: Glimmora\n|-damage|p2a: Brute Bonnet|84\/100\n|-damage|p2b: Glimmora|85\/100\n|-unboost|p2a: Brute Bonnet|spe|1\n|-unboost|p2b: Glimmora|spe|1\n|move|p2b: Glimmora|Mortal Spin|p1a: Arcanine|[spread] p1b\n|-activate|p1a: Arcanine|move: Protect\n|-damage|p1b: Tatsugiri|96\/100\n|-status|p1b: Tatsugiri|psn\n|\n|-damage|p1b: Tatsugiri|84\/100 psn|[from] psn\n|upkeep\n|turn|7\n|inactive|RitmanTesting1 has 30 seconds left.\n|\n|t:|1681902464\n|move|p1a: Arcanine|Flare Blitz|p2a: Brute Bonnet\n|-supereffective|p2a: Brute Bonnet\n|-damage|p2a: Brute Bonnet|1\/100\n|-enditem|p2a: Brute Bonnet|Sitrus Berry|[eat]\n|-heal|p2a: Brute Bonnet|26\/100|[from] item: Sitrus Berry\n|-damage|p1a: Arcanine|3\/100|[from] Recoil\n|move|p1b: Tatsugiri|Icy Wind|p2a: Brute Bonnet|[spread] p2b\n|-miss|p1b: Tatsugiri|p2a: Brute Bonnet\n|-supereffective|p2b: Glimmora\n|-damage|p2b: Glimmora|69\/100\n|-unboost|p2b: Glimmora|spe|1\n|move|p2b: Glimmora|Sludge Bomb|p1b: Tatsugiri\n|-damage|p1b: Tatsugiri|38\/100 psn\n|-enditem|p1b: Tatsugiri|Sitrus Berry|[eat]\n|-heal|p1b: Tatsugiri|62\/100 psn|[from] item: Sitrus Berry\n|move|p2a: Brute Bonnet|Spore|p1a: Arcanine\n|-status|p1a: Arcanine|slp|[from] move: Spore\n|\n|-damage|p1b: Tatsugiri|50\/100 psn|[from] psn\n|upkeep\n|turn|8\n|\n|t:|1681902487\n|cant|p1a: Arcanine|slp\n|move|p2a: Brute Bonnet|Sucker Punch|p1b: Tatsugiri\n|-crit|p1b: Tatsugiri\n|-damage|p1b: Tatsugiri|0 fnt\n|faint|p1b: Tatsugiri\n|move|p2b: Glimmora|Power Gem|p1a: Arcanine\n|-supereffective|p1a: Arcanine\n|-damage|p1a: Arcanine|0 fnt\n|faint|p1a: Arcanine\n|\n|upkeep\n|c|\u2606RitmanTesting1|good fissure\n|c|\u2606r3gCt3st|yeah you made up for it with the miss and crit\n|\n|t:|1681902504\n|switch|p1b: Flutter Mane|Flutter Mane, L50|100\/100\n|turn|9\n|c|\u2606RitmanTesting1|;)\n|c|\u2606RitmanTesting1|hahaha\n|\n|t:|1681902518\n|move|p1b: Flutter Mane|Protect|p1b: Flutter Mane\n|-singleturn|p1b: Flutter Mane|Protect\n|move|p2a: Brute Bonnet|Sucker Punch||[still]\n|-fail|p2a: Brute Bonnet\n|move|p2b: Glimmora|Sludge Bomb|p1b: Flutter Mane\n|-activate|p1b: Flutter Mane|move: Protect\n|\n|upkeep\n|turn|10\n|c|\u2606RitmanTesting1|gg\n|\n|t:|1681902527\n|move|p2a: Brute Bonnet|Sucker Punch||[still]\n|-fail|p2a: Brute Bonnet\n|move|p1b: Flutter Mane|Substitute|p1b: Flutter Mane\n|-start|p1b: Flutter Mane|Substitute\n|-damage|p1b: Flutter Mane|76\/100\n|move|p2b: Glimmora|Sludge Bomb|p1b: Flutter Mane\n|-end|p1b: Flutter Mane|Substitute\n|\n|upkeep\n|turn|11\n|\n|t:|1681902539\n|move|p1b: Flutter Mane|Protect|p1b: Flutter Mane\n|-singleturn|p1b: Flutter Mane|Protect\n|move|p2a: Brute Bonnet|Sucker Punch||[still]\n|-fail|p2a: Brute Bonnet\n|move|p2b: Glimmora|Sludge Bomb|p1b: Flutter Mane\n|-activate|p1b: Flutter Mane|move: Protect\n|\n|upkeep\n|turn|12\n|\n|t:|1681902543\n|move|p2a: Brute Bonnet|Sucker Punch||[still]\n|-fail|p2a: Brute Bonnet\n|move|p1b: Flutter Mane|Substitute|p1b: Flutter Mane\n|-start|p1b: Flutter Mane|Substitute\n|-damage|p1b: Flutter Mane|51\/100\n|move|p2b: Glimmora|Sludge Bomb|p1b: Flutter Mane\n|-end|p1b: Flutter Mane|Substitute\n|\n|upkeep\n|turn|13\n|\n|t:|1681902558\n|move|p1b: Flutter Mane|Protect|p1b: Flutter Mane\n|-singleturn|p1b: Flutter Mane|Protect\n|move|p2a: Brute Bonnet|Sucker Punch||[still]\n|-fail|p2a: Brute Bonnet\n|move|p2b: Glimmora|Sludge Bomb|p1b: Flutter Mane\n|-activate|p1b: Flutter Mane|move: Protect\n|\n|upkeep\n|turn|14\n|\n|t:|1681902565\n|move|p1b: Flutter Mane|Substitute|p1b: Flutter Mane\n|-start|p1b: Flutter Mane|Substitute\n|-damage|p1b: Flutter Mane|26\/100\n|move|p2b: Glimmora|Sludge Bomb|p1b: Flutter Mane\n|-end|p1b: Flutter Mane|Substitute\n|move|p2a: Brute Bonnet|Spore|p1b: Flutter Mane\n|-status|p1b: Flutter Mane|slp|[from] move: Spore\n|\n|upkeep\n|turn|15\n|-message|r3gCt3st forfeited.\n|\n|win|RitmanTesting1\n|raw|r3gCt3st's rating: 1424 → 1408<\/strong> (-16 for losing)\n|raw|RitmanTesting1's rating: 1492 → 1508<\/strong> (+16 for winning)\n|c|\u2606RitmanTesting1|;)\n|l|\u2606r3gCt3st\n","uploadtime":1681902575,"views":12,"p1id":"r3gct3st","p2id":"ritmantesting1","formatid":"gen9vgc2023regulationc","rating":1408,"private":0,"password":""}