{"id":"gen9vgc2023regulationc-1862241200","p1":"RonJohn","p2":"kheld","format":"[Gen 9] VGC 2023 Regulation C","log":"|j|\u2606RonJohn\n|j|\u2606kheld\n|t:|1683853838\n|gametype|doubles\n|player|p1|RonJohn|2|1236\n|player|p2|kheld|101|1265\n|teamsize|p1|6\n|teamsize|p2|6\n|gen|9\n|tier|[Gen 9] VGC 2023 Regulation C\n|rated|\n|rule|Species Clause: Limit one of each Pok\u00e9mon\n|rule|Item Clause: Limit one of each item\n|clearpoke\n|poke|p1|Flutter Mane, L50|\n|poke|p1|Orthworm, L50, M|\n|poke|p1|Dragonite, L50, M|\n|poke|p1|Amoonguss, L50, F|\n|poke|p1|Gyarados, L50, M|\n|poke|p1|Ting-Lu, L50|\n|poke|p2|Tatsugiri, L50, F|\n|poke|p2|Flutter Mane, L50|\n|poke|p2|Great Tusk, L50|\n|poke|p2|Glimmora, L50, F|\n|poke|p2|Chi-Yu, L50|\n|poke|p2|Dondozo, L50, F|\n|teampreview|4\n|j| Treeckoguy1\nRonJohn has agreed to open team sheets.\n|c|\u2606RonJohn|greetings treecko guy\n|c|\u2606RonJohn|closed team sheets dozo merry go round eh?\n|inactive|Battle timer is ON: inactive players will automatically lose when time's up. (requested by RonJohn)\nkheld has agreed to open team sheets.\n|inactive|RonJohn has 60 seconds left.\n|\n|t:|1683853913\n|start\n|switch|p1a: Ting-Lu|Ting-Lu, L50|100\/100\n|switch|p1b: Gyarados|Gyarados, L50, M|100\/100\n|switch|p2a: Great Tusk|Great Tusk, L50|100\/100\n|switch|p2b: Glimmora|Glimmora, L50, F|100\/100\n|-ability|p1b: Gyarados|Intimidate|boost\n|-unboost|p2a: Great Tusk|atk|1\n|-unboost|p2b: Glimmora|atk|1\n|-ability|p1a: Ting-Lu|Vessel of Ruin\n|turn|1\n|\n|t:|1683853935\n|-terastallize|p2b: Glimmora|Grass\n|move|p2a: Great Tusk|Rock Slide|p1a: Ting-Lu|[spread] p1a,p1b\n|-resisted|p1a: Ting-Lu\n|-supereffective|p1b: Gyarados\n|-damage|p1a: Ting-Lu|96\/100\n|-damage|p1b: Gyarados|67\/100\n|cant|p1b: Gyarados|flinch\n|move|p2b: Glimmora|Mortal Spin|p1b: Gyarados|[spread] p1a,p1b\n|-resisted|p1a: Ting-Lu\n|-damage|p1a: Ting-Lu|95\/100\n|-damage|p1b: Gyarados|64\/100\n|-status|p1a: Ting-Lu|psn\n|-status|p1b: Gyarados|psn\n|move|p1a: Ting-Lu|Earthquake|p2b: Glimmora|[spread] p2a,p2b\n|-immune|p1b: Gyarados\n|-resisted|p2b: Glimmora\n|-damage|p2a: Great Tusk|76\/100\n|-damage|p2b: Glimmora|88\/100\n|-activate|p2b: Glimmora|ability: Toxic Debris\n|-sidestart|p1: RonJohn|move: Toxic Spikes\n|\n|-damage|p1b: Gyarados|51\/100 psn|[from] psn\n|-damage|p1a: Ting-Lu|83\/100 psn|[from] psn\n|upkeep\n|turn|2\n|inactive|RonJohn has 30 seconds left.\n|inactive|kheld has 30 seconds left.\n|inactive|RonJohn has 20 seconds left.\n|\n|t:|1683853975\n|switch|p1b: Amoonguss|Amoonguss, L50, F|100\/100\n|-sideend|p1: RonJohn|move: Toxic Spikes|[of] p1b: Amoonguss\n|move|p2a: Great Tusk|Rock Slide|p1a: Ting-Lu|[spread] p1a,p1b\n|-resisted|p1a: Ting-Lu\n|-damage|p1a: Ting-Lu|79\/100 psn\n|-damage|p1b: Amoonguss|88\/100\n|move|p2b: Glimmora|Energy Ball|p1a: Ting-Lu\n|-supereffective|p1a: Ting-Lu\n|-damage|p1a: Ting-Lu|50\/100 psn\n|move|p1a: Ting-Lu|Ruination|p2b: Glimmora\n|-damage|p2b: Glimmora|44\/100\n|\n|-heal|p1b: Amoonguss|94\/100|[from] item: Leftovers\n|-damage|p1a: Ting-Lu|38\/100 psn|[from] psn\n|upkeep\n|turn|3\n|inactive|RonJohn has 30 seconds left.\n|inactive|RonJohn has 20 seconds left.\n|inactive|kheld has 30 seconds left.\n|\n|t:|1683854020\n|switch|p2b: Chi-Yu|Chi-Yu, L50|100\/100\n|-ability|p2b: Chi-Yu|Beads of Ruin\n|switch|p1a: Gyarados|Gyarados, L50, M|51\/100 psn\n|-ability|p1a: Gyarados|Intimidate|boost\n|-unboost|p2a: Great Tusk|atk|1\n|-unboost|p2b: Chi-Yu|atk|1\n|move|p2a: Great Tusk|Rock Slide|p1a: Gyarados|[spread] \n|-miss|p2a: Great Tusk|p1a: Gyarados\n|-miss|p2a: Great Tusk|p1b: Amoonguss\n|move|p1b: Amoonguss|Spore|p2a: Great Tusk\n|-status|p2a: Great Tusk|slp|[from] move: Spore\n|\n|-heal|p1b: Amoonguss|99\/100|[from] item: Leftovers\n|-damage|p1a: Gyarados|39\/100 psn|[from] psn\n|upkeep\n|turn|4\n|inactive|RonJohn has 30 seconds left.\n|\n|t:|1683854054\n|-terastallize|p1b: Amoonguss|Water\n|move|p2b: Chi-Yu|Protect|p2b: Chi-Yu\n|-singleturn|p2b: Chi-Yu|Protect\n|cant|p2a: Great Tusk|slp\n|move|p1a: Gyarados|Waterfall|p2b: Chi-Yu\n|-activate|p2b: Chi-Yu|move: Protect\n|move|p1b: Amoonguss|Pollen Puff|p1a: Gyarados\n|-heal|p1a: Gyarados|89\/100 psn\n|\n|-heal|p1b: Amoonguss|100\/100|[from] item: Leftovers\n|-damage|p1a: Gyarados|77\/100 psn|[from] psn\n|upkeep\n|turn|5\n|inactive|RonJohn has 30 seconds left.\n|inactive|RonJohn has 20 seconds left.\n|inactive|RonJohn has 15 seconds left.\n|\n|t:|1683854096\n|switch|p2b: Glimmora|Glimmora, L50, F, tera:Grass|44\/100\n|cant|p2a: Great Tusk|slp\n|move|p1a: Gyarados|Thunder Wave|p2b: Glimmora|[miss]\n|-miss|p1a: Gyarados|p2b: Glimmora\n|move|p1b: Amoonguss|Spore|p2b: Glimmora\n|-immune|p2b: Glimmora\n|\n|-damage|p1a: Gyarados|64\/100 psn|[from] psn\n|upkeep\n|turn|6\n|inactive|RonJohn has 30 seconds left.\n|\n|t:|1683854130\n|switch|p1b: Flutter Mane|Flutter Mane, L50|100\/100\n|-curestatus|p2a: Great Tusk|slp|[msg]\n|move|p2a: Great Tusk|Rock Slide|p1b: Flutter Mane|[spread] p1a,p1b\n|-supereffective|p1a: Gyarados\n|-crit|p1a: Gyarados\n|-damage|p1a: Gyarados|0 fnt\n|-damage|p1b: Flutter Mane|78\/100\n|faint|p1a: Gyarados\n|move|p2b: Glimmora|Mortal Spin|p1b: Flutter Mane\n|-damage|p1b: Flutter Mane|66\/100\n|-status|p1b: Flutter Mane|psn\n|\n|-damage|p1b: Flutter Mane|54\/100 psn|[from] psn\n|upkeep\n|\n|t:|1683854147\n|switch|p1a: Amoonguss|Amoonguss, L50, F, tera:Water|100\/100\n|turn|7\n|inactive|RonJohn has 30 seconds left.\n|\n|t:|1683854174\n|move|p2a: Great Tusk|Rock Slide|p1b: Flutter Mane|[spread] p1a,p1b\n|-damage|p1a: Amoonguss|92\/100\n|-damage|p1b: Flutter Mane|30\/100 psn\n|cant|p1b: Flutter Mane|flinch\n|move|p2b: Glimmora|Mortal Spin|p1a: Amoonguss|[spread] p1a,p1b\n|-damage|p1a: Amoonguss|88\/100\n|-damage|p1b: Flutter Mane|21\/100 psn\n|-status|p1a: Amoonguss|psn\n|move|p1a: Amoonguss|Pollen Puff|p1b: Flutter Mane\n|-heal|p1b: Flutter Mane|71\/100 psn\n|\n|-heal|p1a: Amoonguss|94\/100 psn|[from] item: Leftovers\n|-damage|p1b: Flutter Mane|59\/100 psn|[from] psn\n|-damage|p1a: Amoonguss|81\/100 psn|[from] psn\n|upkeep\n|turn|8\n|inactive|RonJohn has 30 seconds left.\n|\n|t:|1683854206\n|move|p2a: Great Tusk|Rock Slide|p1a: Amoonguss|[spread] p1a,p1b\n|-damage|p1a: Amoonguss|72\/100 psn\n|-damage|p1b: Flutter Mane|34\/100 psn\n|move|p1b: Flutter Mane|Dazzling Gleam|p2b: Glimmora|[spread] p2a,p2b\n|-supereffective|p2a: Great Tusk\n|-damage|p2a: Great Tusk|0 fnt\n|-damage|p2b: Glimmora|9\/100\n|faint|p2a: Great Tusk\n|-end|p2a: Great Tusk|Protosynthesis|[silent]\n|move|p2b: Glimmora|Sludge Bomb|p1b: Flutter Mane\n|-damage|p1b: Flutter Mane|0 fnt\n|faint|p1b: Flutter Mane\n|-end|p1b: Flutter Mane|Protosynthesis|[silent]\n|cant|p1a: Amoonguss|flinch\n|\n|-heal|p1a: Amoonguss|78\/100 psn|[from] item: Leftovers\n|-damage|p1a: Amoonguss|66\/100 psn|[from] psn\n|upkeep\n|\n|t:|1683854226\n|switch|p1b: Ting-Lu|Ting-Lu, L50|38\/100 psn\n|switch|p2a: Piumpium|Flutter Mane, L50|100\/100\n|-ability|p1b: Ting-Lu|Vessel of Ruin\n|turn|9\n|\n|t:|1683854242\n|move|p1a: Amoonguss|Rage Powder|p1a: Amoonguss\n|-singleturn|p1a: Amoonguss|move: Rage Powder\n|move|p2a: Piumpium|Hex|p1a: Amoonguss\n|-damage|p1a: Amoonguss|5\/100 psn\n|-damage|p2a: Piumpium|91\/100|[from] item: Life Orb\n|move|p2b: Glimmora|Energy Ball|p1b: Ting-Lu\n|-supereffective|p1b: Ting-Lu\n|-damage|p1b: Ting-Lu|8\/100 psn\n|-unboost|p1b: Ting-Lu|spd|1\n|move|p1b: Ting-Lu|Earthquake|p2b: Glimmora|[spread] p1a,p2a,p2b\n|-resisted|p2b: Glimmora\n|-damage|p1a: Amoonguss|0 fnt\n|-damage|p2a: Piumpium|40\/100\n|-damage|p2b: Glimmora|0 fnt\n|-activate|p2b: Glimmora|ability: Toxic Debris\n|-sidestart|p1: RonJohn|move: Toxic Spikes\n|faint|p1a: Amoonguss\n|faint|p2b: Glimmora\n|\n|-damage|p1b: Ting-Lu|0 fnt|[from] psn\n|faint|p1b: Ting-Lu\n|\n|win|kheld\n|upkeep\n|raw|RonJohn's rating: 1236 → 1213<\/strong> (-23 for losing)\n|raw|kheld's rating: 1265 → 1288<\/strong> (+23 for winning)\n|c|\u2606RonJohn|gg\n","uploadtime":1683854265,"views":28,"p1id":"ronjohn","p2id":"kheld","formatid":"gen9vgc2023regulationc","rating":1213,"private":0,"password":""}