{"id":"gen9vgc2023regulationc-1863108883","p1":"Bakonlikescufant","p2":"yoko is op","format":"[Gen 9] VGC 2023 Regulation C","log":"|j|\u2606Bakonlikescufant\n|j|\u2606yoko is op\n|t:|1683971794\n|gametype|doubles\n|player|p1|Bakonlikescufant|elesa-masters|\n|player|p2|yoko is op|lady|\n|teamsize|p1|6\n|teamsize|p2|6\n|gen|9\n|tier|[Gen 9] VGC 2023 Regulation C\n|rated|Tournament battle\n|rule|Species Clause: Limit one of each Pok\u00e9mon\n|rule|Item Clause: Limit one of each item\n|clearpoke\n|poke|p1|Palafin, L50, F|\n|poke|p1|Baxcalibur, L50, M|\n|poke|p1|Amoonguss, L50, M|\n|poke|p1|Flutter Mane, L50|\n|poke|p1|Arcanine, L50, M|\n|poke|p1|Ting-Lu, L50|\n|poke|p2|Flutter Mane, L50|\n|poke|p2|Dondozo, L50, M|\n|poke|p2|Tatsugiri-Stretchy, L50, M|\n|poke|p2|Iron Moth, L50|\n|poke|p2|Kingambit, L50, M|\n|poke|p2|Glimmora, L50, M|\n|teampreview|4\n|raw| Open Team Sheet for Bakonlikescufant<\/summary>Fincineroar (Palafin) (F) @ Life Orb Ability: Zero to Hero Level: 50 Shiny: Yes Tera Type: Water - Jet Punch - Close Combat - Wave Crash - Protect Sonic (Baxcalibur) (M) @ Clear Amulet Ability: Thermal Exchange Level: 50 Tera Type: Poison - Glaive Rush - Icicle Crash - Dragon Dance - Protect Bedtime\ud83d\udd14 (Amoonguss) (M) @ Sitrus Berry Ability: Regenerator Level: 50 Tera Type: Water - Pollen Puff - Spore - Rage Powder - Clear Smog Ballistic Missile (Flutter Mane) @ Booster Energy Ability: Protosynthesis Level: 50 Tera Type: Fighting - Protect - Power Gem - Shadow Ball - Dazzling Gleam Good boi :) (Arcanine) (M) @ Safety Goggles Ability: Intimidate Level: 50 Tera Type: Grass - Will-O-Wisp - Extreme Speed - Flare Blitz - Protect Nestle Crunch (Ting-Lu) @ Assault Vest Ability: Vessel of Ruin Level: 50 Tera Type: Poison - Stomping Tantrum - Throat Chop - Heavy Slam - Ruination <\/details><\/div> Open Team Sheet for yoko is op<\/summary>\u30cf\u30d0\u30bf\u30af\u30ab\u30df (Flutter Mane) @ Life Orb Ability: Protosynthesis Level: 50 Tera Type: Fairy - Shadow Ball - Moonblast - Dazzling Gleam - Protect \u30d8\u30a4\u30e9\u30c3\u30b7\u30e3 (Dondozo) @ Leftovers Ability: Unaware Level: 50 Shiny: Yes Tera Type: Dragon - Wave Crash - Order Up - Earthquake - Protect \u30b7\u30e3\u30ea\u30bf\u30c4 (Tatsugiri-Stretchy) @ Choice Scarf Ability: Commander Level: 50 Tera Type: Dragon - Draco Meteor - Dragon Pulse - Muddy Water - Icy Wind \u30c6\u30c4\u30ce\u30c9\u30af\u30ac (Iron Moth) @ Booster Energy Ability: Quark Drive Level: 50 Shiny: Yes Tera Type: Ghost - Struggle Bug - Overheat - Acid Spray - Protect \u30c9\u30c9\u30b2\u30b6\u30f3 (Kingambit) @ Assault Vest Ability: Defiant Level: 50 Shiny: Yes Tera Type: Fairy - Tera Blast - Kowtow Cleave - Iron Head - Sucker Punch \u30ad\u30e9\u30d5\u30ed\u30eb (Glimmora) @ Focus Sash Ability: Toxic Debris Level: 50 Tera Type: Ground - Power Gem - Energy Ball - Earth Power - Spiky Shield <\/details><\/div>\n|inactive|Battle timer is ON: inactive players will automatically lose when time's up. (requested by Bakonlikescufant)\n|c|\u2606Bakonlikescufant|hf\n|inactive|Bakonlikescufant has 60 seconds left.\n|inactive|yoko is op has 60 seconds left.\n|j| Bubblekid\n|c|\u2606yoko is op|u2\n|l| Bubblekid\n|\n|t:|1683971845\n|start\n|switch|p1a: Fincineroar|Palafin, L50, F, shiny|100\/100\n|switch|p1b: Nestle Crunch|Ting-Lu, L50|100\/100\n|switch|p2a: \u30c9\u30c9\u30b2\u30b6\u30f3|Kingambit, L50, M, shiny|100\/100\n|switch|p2b: \u30cf\u30d0\u30bf\u30af\u30ab\u30df|Flutter Mane, L50|100\/100\n|-ability|p1b: Nestle Crunch|Vessel of Ruin\n|turn|1\n|inactive|Bakonlikescufant has 30 seconds left.\n|\n|t:|1683971872\n|-terastallize|p2a: \u30c9\u30c9\u30b2\u30b6\u30f3|Fairy\n|move|p2b: \u30cf\u30d0\u30bf\u30af\u30ab\u30df|Protect|p2b: \u30cf\u30d0\u30bf\u30af\u30ab\u30df\n|-singleturn|p2b: \u30cf\u30d0\u30bf\u30af\u30ab\u30df|Protect\n|move|p1a: Fincineroar|Close Combat|p2a: \u30c9\u30c9\u30b2\u30b6\u30f3\n|-resisted|p2a: \u30c9\u30c9\u30b2\u30b6\u30f3\n|-damage|p2a: \u30c9\u30c9\u30b2\u30b6\u30f3|85\/100\n|-unboost|p1a: Fincineroar|def|1\n|-unboost|p1a: Fincineroar|spd|1\n|-damage|p1a: Fincineroar|91\/100|[from] item: Life Orb\n|move|p2a: \u30c9\u30c9\u30b2\u30b6\u30f3|Tera Blast|p1b: Nestle Crunch\n|-supereffective|p1b: Nestle Crunch\n|-damage|p1b: Nestle Crunch|52\/100\n|move|p1b: Nestle Crunch|Heavy Slam|p2b: \u30cf\u30d0\u30bf\u30af\u30ab\u30df\n|-activate|p2b: \u30cf\u30d0\u30bf\u30af\u30ab\u30df|move: Protect\n|\n|upkeep\n|turn|2\n|inactive|Bakonlikescufant has 30 seconds left.\n|inactive|yoko is op has 30 seconds left.\n|inactive|yoko is op has 20 seconds left.\n|inactive|yoko is op has 15 seconds left.\n|\n|t:|1683971914\n|-end|p2b: \u30cf\u30d0\u30bf\u30af\u30ab\u30df|Protosynthesis|[silent]\n|switch|p2b: \u30d8\u30a4\u30e9\u30c3\u30b7\u30e3|Dondozo, L50, M, shiny|100\/100\n|detailschange|p1a: Fincineroar|Palafin-Hero, L50, F, shiny\n|switch|p1a: Bedtime\ud83d\udd14|Amoonguss, L50, M|100\/100\n|-terastallize|p1b: Nestle Crunch|Poison\n|move|p2a: \u30c9\u30c9\u30b2\u30b6\u30f3|Kowtow Cleave|p1a: Bedtime\ud83d\udd14\n|-damage|p1a: Bedtime\ud83d\udd14|53\/100\n|move|p1b: Nestle Crunch|Heavy Slam|p2b: \u30d8\u30a4\u30e9\u30c3\u30b7\u30e3\n|-resisted|p2b: \u30d8\u30a4\u30e9\u30c3\u30b7\u30e3\n|-damage|p2b: \u30d8\u30a4\u30e9\u30c3\u30b7\u30e3|91\/100\n|\n|-heal|p2b: \u30d8\u30a4\u30e9\u30c3\u30b7\u30e3|97\/100|[from] item: Leftovers\n|upkeep\n|turn|3\n|inactive|Bakonlikescufant has 30 seconds left.\n|inactive|Bakonlikescufant has 20 seconds left.\n|j| higashi no gab\n|\n|t:|1683971951\n|switch|p2a: \u30b7\u30e3\u30ea\u30bf\u30c4|Tatsugiri-Stretchy, L50, M|100\/100\n|-activate|p2a: \u30b7\u30e3\u30ea\u30bf\u30c4|ability: Commander|[of] p2b: \u30d8\u30a4\u30e9\u30c3\u30b7\u30e3\n|-boost|p2b: \u30d8\u30a4\u30e9\u30c3\u30b7\u30e3|atk|2\n|-boost|p2b: \u30d8\u30a4\u30e9\u30c3\u30b7\u30e3|spa|2\n|-boost|p2b: \u30d8\u30a4\u30e9\u30c3\u30b7\u30e3|spe|2\n|-boost|p2b: \u30d8\u30a4\u30e9\u30c3\u30b7\u30e3|def|2\n|-boost|p2b: \u30d8\u30a4\u30e9\u30c3\u30b7\u30e3|spd|2\n|move|p2b: \u30d8\u30a4\u30e9\u30c3\u30b7\u30e3|Earthquake|p1b: Nestle Crunch|[spread] p1a,p1b\n|-miss|p2b: \u30d8\u30a4\u30e9\u30c3\u30b7\u30e3|p2a: \u30b7\u30e3\u30ea\u30bf\u30c4\n|-supereffective|p1b: Nestle Crunch\n|-damage|p1a: Bedtime\ud83d\udd14|7\/100\n|-damage|p1b: Nestle Crunch|0 fnt\n|-enditem|p1a: Bedtime\ud83d\udd14|Sitrus Berry|[eat]\n|-heal|p1a: Bedtime\ud83d\udd14|32\/100|[from] item: Sitrus Berry\n|faint|p1b: Nestle Crunch\n|move|p1a: Bedtime\ud83d\udd14|Spore|p2b: \u30d8\u30a4\u30e9\u30c3\u30b7\u30e3\n|-status|p2b: \u30d8\u30a4\u30e9\u30c3\u30b7\u30e3|slp|[from] move: Spore\n|\n|-heal|p2b: \u30d8\u30a4\u30e9\u30c3\u30b7\u30e3|100\/100 slp|[from] item: Leftovers\n|upkeep\n|\n|t:|1683971968\n|switch|p1b: Sonic|Baxcalibur, L50, M|100\/100\n|turn|4\n|inactive|yoko is op has 30 seconds left.\n|inactive|yoko is op has 20 seconds left.\n|inactive|yoko is op has 15 seconds left.\n|inactive|yoko is op has 10 seconds left.\n|\n|t:|1683972014\n|cant|p2b: \u30d8\u30a4\u30e9\u30c3\u30b7\u30e3|slp\n|move|p1b: Sonic|Dragon Dance|p1b: Sonic\n|-boost|p1b: Sonic|atk|1\n|-boost|p1b: Sonic|spe|1\n|move|p1a: Bedtime\ud83d\udd14|Clear Smog|p2b: \u30d8\u30a4\u30e9\u30c3\u30b7\u30e3\n|-crit|p2b: \u30d8\u30a4\u30e9\u30c3\u30b7\u30e3\n|-damage|p2b: \u30d8\u30a4\u30e9\u30c3\u30b7\u30e3|75\/100 slp\n|-clearboost|p2b: \u30d8\u30a4\u30e9\u30c3\u30b7\u30e3\n|\n|-heal|p2b: \u30d8\u30a4\u30e9\u30c3\u30b7\u30e3|81\/100 slp|[from] item: Leftovers\n|upkeep\n|turn|5\n|\n|t:|1683972033\n|switch|p1a: Fincineroar|Palafin-Hero, L50, F, shiny|91\/100\n|-activate|p1a: Fincineroar|ability: Zero to Hero\n|move|p1b: Sonic|Dragon Dance|p1b: Sonic\n|-boost|p1b: Sonic|atk|1\n|-boost|p1b: Sonic|spe|1\n|-curestatus|p2b: \u30d8\u30a4\u30e9\u30c3\u30b7\u30e3|slp|[msg]\n|move|p2b: \u30d8\u30a4\u30e9\u30c3\u30b7\u30e3|Order Up|p1b: Sonic\n|-supereffective|p1b: Sonic\n|-damage|p1b: Sonic|53\/100\n|-boost|p2b: \u30d8\u30a4\u30e9\u30c3\u30b7\u30e3|spe|1\n|\n|-heal|p2b: \u30d8\u30a4\u30e9\u30c3\u30b7\u30e3|87\/100|[from] item: Leftovers\n|upkeep\n|turn|6\n|\n|t:|1683972057\n|switch|p1a: Bedtime\ud83d\udd14|Amoonguss, L50, M|65\/100\n|move|p1b: Sonic|Protect|p1b: Sonic\n|-singleturn|p1b: Sonic|Protect\n|move|p2b: \u30d8\u30a4\u30e9\u30c3\u30b7\u30e3|Order Up|p1b: Sonic\n|-activate|p1b: Sonic|move: Protect\n|\n|-heal|p2b: \u30d8\u30a4\u30e9\u30c3\u30b7\u30e3|93\/100|[from] item: Leftovers\n|upkeep\n|turn|7\n|\n|t:|1683972078\n|move|p2b: \u30d8\u30a4\u30e9\u30c3\u30b7\u30e3|Protect|p2b: \u30d8\u30a4\u30e9\u30c3\u30b7\u30e3\n|-singleturn|p2b: \u30d8\u30a4\u30e9\u30c3\u30b7\u30e3|Protect\n|move|p1a: Bedtime\ud83d\udd14|Rage Powder|p1a: Bedtime\ud83d\udd14\n|-singleturn|p1a: Bedtime\ud83d\udd14|move: Rage Powder\n|move|p1b: Sonic|Glaive Rush|p2b: \u30d8\u30a4\u30e9\u30c3\u30b7\u30e3\n|-activate|p2b: \u30d8\u30a4\u30e9\u30c3\u30b7\u30e3|move: Protect\n|\n|-heal|p2b: \u30d8\u30a4\u30e9\u30c3\u30b7\u30e3|99\/100|[from] item: Leftovers\n|upkeep\n|turn|8\n|\n|t:|1683972086\n|move|p1b: Sonic|Protect|p1b: Sonic\n|-singleturn|p1b: Sonic|Protect\n|move|p2b: \u30d8\u30a4\u30e9\u30c3\u30b7\u30e3|Earthquake|p1b: Sonic|[spread] p1a\n|-miss|p2b: \u30d8\u30a4\u30e9\u30c3\u30b7\u30e3|p2a: \u30b7\u30e3\u30ea\u30bf\u30c4\n|-activate|p1b: Sonic|move: Protect\n|-damage|p1a: Bedtime\ud83d\udd14|43\/100\n|move|p1a: Bedtime\ud83d\udd14|Spore|p2b: \u30d8\u30a4\u30e9\u30c3\u30b7\u30e3\n|-status|p2b: \u30d8\u30a4\u30e9\u30c3\u30b7\u30e3|slp|[from] move: Spore\n|\n|-heal|p2b: \u30d8\u30a4\u30e9\u30c3\u30b7\u30e3|100\/100 slp|[from] item: Leftovers\n|upkeep\n|turn|9\n|\n|t:|1683972101\n|cant|p2b: \u30d8\u30a4\u30e9\u30c3\u30b7\u30e3|slp\n|move|p1b: Sonic|Glaive Rush|p2b: \u30d8\u30a4\u30e9\u30c3\u30b7\u30e3\n|-damage|p2b: \u30d8\u30a4\u30e9\u30c3\u30b7\u30e3|54\/100 slp\n|-singlemove|p1b: Sonic|Glaive Rush|[silent]\n|move|p1a: Bedtime\ud83d\udd14|Pollen Puff|p1b: Sonic\n|-heal|p1b: Sonic|100\/100\n|\n|-heal|p2b: \u30d8\u30a4\u30e9\u30c3\u30b7\u30e3|60\/100 slp|[from] item: Leftovers\n|upkeep\n|turn|10\n|inactive|yoko is op has 30 seconds left.\n|inactive|yoko is op has 20 seconds left.\n|inactive|yoko is op has 15 seconds left.\n|inactive|yoko is op has 10 seconds left.\n|inactive|yoko is op has 5 seconds left.\n|\n|t:|1683972153\n|move|p1a: Bedtime\ud83d\udd14|Rage Powder|p1a: Bedtime\ud83d\udd14\n|-singleturn|p1a: Bedtime\ud83d\udd14|move: Rage Powder\n|move|p1b: Sonic|Dragon Dance|p1b: Sonic\n|-boost|p1b: Sonic|atk|1\n|-boost|p1b: Sonic|spe|1\n|cant|p2b: \u30d8\u30a4\u30e9\u30c3\u30b7\u30e3|slp\n|\n|-heal|p2b: \u30d8\u30a4\u30e9\u30c3\u30b7\u30e3|66\/100 slp|[from] item: Leftovers\n|upkeep\n|turn|11\n|inactive|Bakonlikescufant has 30 seconds left.\n|\n|t:|1683972188\n|switch|p1a: Fincineroar|Palafin-Hero, L50, F, shiny|91\/100\n|move|p1b: Sonic|Glaive Rush|p2b: \u30d8\u30a4\u30e9\u30c3\u30b7\u30e3\n|-damage|p2b: \u30d8\u30a4\u30e9\u30c3\u30b7\u30e3|22\/100 slp\n|-singlemove|p1b: Sonic|Glaive Rush|[silent]\n|-curestatus|p2b: \u30d8\u30a4\u30e9\u30c3\u30b7\u30e3|slp|[msg]\n|move|p2b: \u30d8\u30a4\u30e9\u30c3\u30b7\u30e3|Earthquake|p1a: Fincineroar|[spread] p1a,p1b\n|-miss|p2b: \u30d8\u30a4\u30e9\u30c3\u30b7\u30e3|p2a: \u30b7\u30e3\u30ea\u30bf\u30c4\n|-damage|p1a: Fincineroar|66\/100\n|-damage|p1b: Sonic|57\/100\n|\n|-heal|p2b: \u30d8\u30a4\u30e9\u30c3\u30b7\u30e3|28\/100|[from] item: Leftovers\n|upkeep\n|turn|12\n|inactive|yoko is op has 30 seconds left.\n|inactive|yoko is op has 20 seconds left.\n|inactive|yoko is op has 15 seconds left.\n|inactive|yoko is op has 10 seconds left.\n|inactive|yoko is op has 5 seconds left.\n|\n|t:|1683972243\n|switch|p1a: Bedtime\ud83d\udd14|Amoonguss, L50, M|76\/100\n|move|p1b: Sonic|Protect|p1b: Sonic\n|-singleturn|p1b: Sonic|Protect\n|move|p2b: \u30d8\u30a4\u30e9\u30c3\u30b7\u30e3|Wave Crash|p1b: Sonic\n|-activate|p1b: Sonic|move: Protect\n|\n|-heal|p2b: \u30d8\u30a4\u30e9\u30c3\u30b7\u30e3|34\/100|[from] item: Leftovers\n|upkeep\n|turn|13\n|inactive|yoko is op has 30 seconds left.\n|inactive|yoko is op has 20 seconds left.\n|\n|t:|1683972281\n|move|p1b: Sonic|Glaive Rush|p2b: \u30d8\u30a4\u30e9\u30c3\u30b7\u30e3\n|-damage|p2b: \u30d8\u30a4\u30e9\u30c3\u30b7\u30e3|0 fnt\n|-singlemove|p1b: Sonic|Glaive Rush|[silent]\n|faint|p2b: \u30d8\u30a4\u30e9\u30c3\u30b7\u30e3\n|move|p1a: Bedtime\ud83d\udd14|Pollen Puff|p1b: Sonic\n|-heal|p1b: Sonic|100\/100\n|\n|upkeep\n|\n|t:|1683972287\n|switch|p2b: \u30cf\u30d0\u30bf\u30af\u30ab\u30df|Flutter Mane, L50|100\/100\n|turn|14\n|\n|t:|1683972305\n|move|p1b: Sonic|Protect|p1b: Sonic\n|-singleturn|p1b: Sonic|Protect\n|move|p2b: \u30cf\u30d0\u30bf\u30af\u30ab\u30df|Protect|p2b: \u30cf\u30d0\u30bf\u30af\u30ab\u30df\n|-singleturn|p2b: \u30cf\u30d0\u30bf\u30af\u30ab\u30df|Protect\n|move|p2a: \u30b7\u30e3\u30ea\u30bf\u30c4|Icy Wind|p1a: Bedtime\ud83d\udd14|[spread] p1a\n|-activate|p1b: Sonic|move: Protect\n|-supereffective|p1a: Bedtime\ud83d\udd14\n|-damage|p1a: Bedtime\ud83d\udd14|54\/100\n|-unboost|p1a: Bedtime\ud83d\udd14|spe|1\n|move|p1a: Bedtime\ud83d\udd14|Spore|p2b: \u30cf\u30d0\u30bf\u30af\u30ab\u30df\n|-activate|p2b: \u30cf\u30d0\u30bf\u30af\u30ab\u30df|move: Protect\n|\n|upkeep\n|turn|15\n|inactive|Bakonlikescufant has 30 seconds left.\n|inactive|yoko is op has 30 seconds left.\n|inactive|yoko is op has 20 seconds left.\n|inactive|yoko is op has 15 seconds left.\n|inactive|yoko is op has 10 seconds left.\n|inactive|yoko is op has 5 seconds left.\n|\n|t:|1683972360\n|move|p1b: Sonic|Icicle Crash|p2b: \u30cf\u30d0\u30bf\u30af\u30ab\u30df\n|-damage|p2b: \u30cf\u30d0\u30bf\u30af\u30ab\u30df|0 fnt\n|faint|p2b: \u30cf\u30d0\u30bf\u30af\u30ab\u30df\n|-end|p2b: \u30cf\u30d0\u30bf\u30af\u30ab\u30df|Protosynthesis|[silent]\n|move|p2a: \u30b7\u30e3\u30ea\u30bf\u30c4|Icy Wind|p1a: Bedtime\ud83d\udd14|[spread] p1a,p1b\n|-supereffective|p1a: Bedtime\ud83d\udd14\n|-damage|p1a: Bedtime\ud83d\udd14|34\/100\n|-damage|p1b: Sonic|89\/100\n|-unboost|p1a: Bedtime\ud83d\udd14|spe|1\n|move|p1a: Bedtime\ud83d\udd14|Spore|p2a: \u30b7\u30e3\u30ea\u30bf\u30c4\n|-status|p2a: \u30b7\u30e3\u30ea\u30bf\u30c4|slp|[from] move: Spore\n|\n|upkeep\n|\n|t:|1683972384\n|switch|p2b: \u30c9\u30c9\u30b2\u30b6\u30f3|Kingambit, L50, M, shiny, tera:Fairy|85\/100\n|turn|16\n|j| Bubblekid\n|\n|t:|1683972395\n|move|p1a: Bedtime\ud83d\udd14|Rage Powder|p1a: Bedtime\ud83d\udd14\n|-singleturn|p1a: Bedtime\ud83d\udd14|move: Rage Powder\n|move|p1b: Sonic|Icicle Crash|p2b: \u30c9\u30c9\u30b2\u30b6\u30f3\n|-damage|p2b: \u30c9\u30c9\u30b2\u30b6\u30f3|5\/100\n|cant|p2a: \u30b7\u30e3\u30ea\u30bf\u30c4|slp\n|move|p2b: \u30c9\u30c9\u30b2\u30b6\u30f3|Tera Blast|p1a: Bedtime\ud83d\udd14\n|-resisted|p1a: Bedtime\ud83d\udd14\n|-damage|p1a: Bedtime\ud83d\udd14|11\/100\n|\n|upkeep\n|turn|17\n|\n|t:|1683972418\n|move|p1a: Bedtime\ud83d\udd14|Rage Powder|p1a: Bedtime\ud83d\udd14\n|-singleturn|p1a: Bedtime\ud83d\udd14|move: Rage Powder\n|move|p1b: Sonic|Icicle Crash|p2b: \u30c9\u30c9\u30b2\u30b6\u30f3\n|-damage|p2b: \u30c9\u30c9\u30b2\u30b6\u30f3|0 fnt\n|faint|p2b: \u30c9\u30c9\u30b2\u30b6\u30f3\n|-curestatus|p2a: \u30b7\u30e3\u30ea\u30bf\u30c4|slp|[msg]\n|move|p2a: \u30b7\u30e3\u30ea\u30bf\u30c4|Icy Wind|p1b: Sonic|[spread] p1a,p1b\n|-supereffective|p1a: Bedtime\ud83d\udd14\n|-damage|p1a: Bedtime\ud83d\udd14|0 fnt\n|-damage|p1b: Sonic|76\/100\n|faint|p1a: Bedtime\ud83d\udd14\n|\n|upkeep\n|\n|t:|1683972426\n|switch|p1a: Fincineroar|Palafin-Hero, L50, F, shiny|66\/100\n|turn|18\n|j| LoveforVGC\n|c|\u2606Bakonlikescufant|gg\n|inactive|yoko is op has 30 seconds left.\n|\n|t:|1683972444\n|move|p1b: Sonic|Glaive Rush|p2a: \u30b7\u30e3\u30ea\u30bf\u30c4\n|-supereffective|p2a: \u30b7\u30e3\u30ea\u30bf\u30c4\n|-crit|p2a: \u30b7\u30e3\u30ea\u30bf\u30c4\n|-damage|p2a: \u30b7\u30e3\u30ea\u30bf\u30c4|0 fnt\n|-singlemove|p1b: Sonic|Glaive Rush|[silent]\n|faint|p2a: \u30b7\u30e3\u30ea\u30bf\u30c4\n|\n|win|Bakonlikescufant\n|inactive|yoko is op has 30 seconds left this turn.\n|n|\u2606Bakonlikescufant|bakonlikescufant\n|n|\u2606yoko is op|yokoisop\n|n| higashi no gab|higashinogab\n|n| Bubblekid|bubblekid\n|n| LoveforVGC|loveforvgc\n|c|\u2606yoko is op|gg\n|l|\u2606Bakonlikescufant\n|l|\u2606yoko is op\n|l| Bubblekid\n|l| higashi no gab\n|l| LoveforVGC\n|j|\u2606Bakonlikescufant\n|player|p1|Bakonlikescufant|elesa-masters\n","uploadtime":1683972733,"views":11,"p1id":"bakonlikescufant","p2id":"yokoisop","formatid":"gen9vgc2023regulationc","rating":0,"private":0,"password":""}