{"id":"gen9vgc2023regulationc-1864337250","p1":"nightamara","p2":"frazzledazzle33","format":"[Gen 9] VGC 2023 Regulation C","log":"|j|\u2606nightamara\n|j|\u2606frazzledazzle33\n|t:|1684157020\n|gametype|doubles\n|player|p1|nightamara|greta-gen3|1128\n|player|p2|frazzledazzle33|102|1140\n|teamsize|p1|6\n|teamsize|p2|6\n|gen|9\n|tier|[Gen 9] VGC 2023 Regulation C\n|rated|\n|rule|Species Clause: Limit one of each Pok\u00e9mon\n|rule|Item Clause: Limit one of each item\n|clearpoke\n|poke|p1|Talonflame, L50, M|\n|poke|p1|Great Tusk, L50|\n|poke|p1|Flutter Mane, L50|\n|poke|p1|Chien-Pao, L50|\n|poke|p1|Amoonguss, L50, F|\n|poke|p1|Kingambit, L50, M|\n|poke|p2|Gothitelle, L50, F|\n|poke|p2|Palafin, L50, M|\n|poke|p2|Amoonguss, L50, M|\n|poke|p2|Iron Hands, L50|\n|poke|p2|Baxcalibur, L50, M|\n|poke|p2|Flutter Mane, L50|\n|teampreview|4\nnightamara has agreed to open team sheets.\n|inactive|Battle timer is ON: inactive players will automatically lose when time's up. (requested by nightamara)\n|\n|t:|1684157054\n|start\n|switch|p1a: Great Tusk|Great Tusk, L50|100\/100\n|switch|p1b: Chien-Pao|Chien-Pao, L50|100\/100\n|switch|p2a: Gothitelle|Gothitelle, L50, F|100\/100\n|switch|p2b: Palafin|Palafin, L50, M|100\/100\n|-ability|p1b: Chien-Pao|Sword of Ruin\n|turn|1\n|inactive|frazzledazzle33 has 30 seconds left.\n|inactive|nightamara has 30 seconds left.\n|inactive|frazzledazzle33 has 20 seconds left.\n|\n|t:|1684157092\n|-terastallize|p1b: Chien-Pao|Flying\n|-terastallize|p2a: Gothitelle|Water\n|move|p2b: Palafin|Protect|p2b: Palafin\n|-singleturn|p2b: Palafin|Protect\n|move|p1a: Great Tusk|Earthquake|p2b: Palafin|[spread] p2a\n|-activate|p2b: Palafin|move: Protect\n|-immune|p1b: Chien-Pao\n|-damage|p2a: Gothitelle|50\/100\n|-enditem|p2a: Gothitelle|Sitrus Berry|[eat]\n|-heal|p2a: Gothitelle|75\/100|[from] item: Sitrus Berry\n|move|p1b: Chien-Pao|Ice Spinner|p2a: Gothitelle\n|-resisted|p2a: Gothitelle\n|-damage|p2a: Gothitelle|49\/100\n|move|p2a: Gothitelle|Trick Room|p2a: Gothitelle\n|-fieldstart|move: Trick Room|[of] p2a: Gothitelle\n|\n|upkeep\n|turn|2\n|inactive|nightamara has 30 seconds left.\n|inactive|frazzledazzle33 has 30 seconds left.\n|\n|t:|1684157121\n|move|p1b: Chien-Pao|Sucker Punch|p2a: Gothitelle\n|-crit|p2a: Gothitelle\n|-damage|p2a: Gothitelle|0 fnt\n|faint|p2a: Gothitelle\n|move|p2b: Palafin|Wave Crash|p1a: Great Tusk\n|-supereffective|p1a: Great Tusk\n|-damage|p1a: Great Tusk|0 fnt\n|faint|p1a: Great Tusk\n|-end|p1a: Great Tusk|Protosynthesis|[silent]\n|-damage|p2b: Palafin|66\/100|[from] Recoil\n|\n|upkeep\n|\n|t:|1684157130\n|switch|p2a: Iron Hands|Iron Hands, L50|100\/100\n|switch|p1a: Kingambit|Kingambit, L50, M|100\/100\n|turn|3\n|inactive|nightamara has 30 seconds left.\n|\n|t:|1684157161\n|switch|p1a: Flutter Mane|Flutter Mane, L50, shiny|100\/100\n|-enditem|p1a: Flutter Mane|Booster Energy\n|-activate|p1a: Flutter Mane|ability: Protosynthesis|[fromitem]\n|-start|p1a: Flutter Mane|protosynthesisspa\n|move|p2b: Palafin|Protect|p2b: Palafin\n|-singleturn|p2b: Palafin|Protect\n|move|p2a: Iron Hands|Drain Punch|p1a: Flutter Mane\n|-immune|p1a: Flutter Mane\n|move|p1b: Chien-Pao|Sacred Sword|p2b: Palafin\n|-activate|p2b: Palafin|move: Protect\n|\n|upkeep\n|turn|4\n|inactive|frazzledazzle33 has 30 seconds left.\n|\n|t:|1684157186\n|detailschange|p2b: Palafin|Palafin-Hero, L50, M\n|switch|p2b: Flutter Mane|Flutter Mane, L50|100\/100\n|switch|p1b: Kingambit|Kingambit, L50, M|100\/100\n|move|p1a: Flutter Mane|Protect|p1a: Flutter Mane\n|-singleturn|p1a: Flutter Mane|Protect\n|move|p2a: Iron Hands|Wild Charge|p1a: Flutter Mane\n|-activate|p1a: Flutter Mane|move: Protect\n|\n|upkeep\n|turn|5\n|\n|t:|1684157207\n|-end|p2b: Flutter Mane|Protosynthesis|[silent]\n|switch|p2b: Palafin|Palafin-Hero, L50, M|66\/100\n|-activate|p2b: Palafin|ability: Zero to Hero\n|move|p2a: Iron Hands|Wild Charge|p1a: Flutter Mane\n|-damage|p1a: Flutter Mane|27\/100\n|-damage|p2a: Iron Hands|90\/100|[from] Recoil\n|move|p1b: Kingambit|Iron Head|p2b: Palafin\n|-resisted|p2b: Palafin\n|-damage|p2b: Palafin|44\/100\n|move|p1a: Flutter Mane|Moonblast|p2a: Iron Hands\n|-supereffective|p2a: Iron Hands\n|-damage|p2a: Iron Hands|0 fnt\n|faint|p2a: Iron Hands\n|-end|p2a: Iron Hands|Quark Drive|[silent]\n|\n|-fieldend|move: Trick Room\n|upkeep\n|\n|t:|1684157221\n|switch|p2a: Flutter Mane|Flutter Mane, L50|100\/100\n|turn|6\n|\n|t:|1684157237\n|move|p2a: Flutter Mane|Protect|p2a: Flutter Mane\n|-singleturn|p2a: Flutter Mane|Protect\n|move|p1a: Flutter Mane|Protect|p1a: Flutter Mane\n|-singleturn|p1a: Flutter Mane|Protect\n|move|p2b: Palafin|Jet Punch|p1a: Flutter Mane\n|-activate|p1a: Flutter Mane|move: Protect\n|move|p1b: Kingambit|Kowtow Cleave|p2b: Palafin\n|-damage|p2b: Palafin|0 fnt\n|faint|p2b: Palafin\n|\n|upkeep\n|turn|7\n|-message|frazzledazzle33 forfeited.\n|\n|win|nightamara\n|raw|nightamara's rating: 1128 → 1154<\/strong> (+26 for winning)\n|raw|frazzledazzle33's rating: 1140 → 1114<\/strong> (-26 for losing)\n|l|\u2606frazzledazzle33\n","uploadtime":1684157254,"views":4,"p1id":"nightamara","p2id":"frazzledazzle33","formatid":"gen9vgc2023regulationc","rating":1114,"private":0,"password":""}