{"id":"gen9vgc2023regulationc-1855886048","p1":"shm0406","p2":"Appleknight777","format":"[Gen 9] VGC 2023 Regulation C","log":"|j|\u2606shm0406\n|j|\u2606Appleknight777\n|t:|1682996058\n|gametype|doubles\n|player|p1|shm0406|n|1340\n|player|p2|Appleknight777|1|1435\n|teamsize|p1|6\n|teamsize|p2|6\n|gen|9\n|tier|[Gen 9] VGC 2023 Regulation C\n|rated|\n|rule|Species Clause: Limit one of each Pok\u00e9mon\n|rule|Item Clause: Limit one of each item\n|clearpoke\n|poke|p1|Talonflame, L50, M|\n|poke|p1|Flutter Mane, L50|\n|poke|p1|Amoonguss, L50, F|\n|poke|p1|Chien-Pao, L50|\n|poke|p1|Iron Bundle, L50|\n|poke|p1|Gholdengo, L50|\n|poke|p2|Scizor, L50, F|\n|poke|p2|Chien-Pao, L50|\n|poke|p2|Maushold-Four, L50|\n|poke|p2|Flutter Mane, L50|\n|poke|p2|Talonflame, L50, F|\n|poke|p2|Gyarados, L50, M|\n|teampreview|4\nAppleknight777 has agreed to open team sheets.\n|\n|t:|1682996142\n|start\n|switch|p1a: Talonflame|Talonflame, L50, M, shiny|100\/100\n|switch|p1b: Gholdengo|Gholdengo, L50|100\/100\n|switch|p2a: Talonflame|Talonflame, L50, F|100\/100\n|switch|p2b: Scizor|Scizor, L50, F|100\/100\n|turn|1\n|\n|t:|1682996169\n|move|p1b: Gholdengo|Protect|p1b: Gholdengo\n|-singleturn|p1b: Gholdengo|Protect\n|move|p2a: Talonflame|Tailwind|p2a: Talonflame\n|-sidestart|p2: Appleknight777|move: Tailwind\n|move|p2b: Scizor|U-turn|p1a: Talonflame\n|-resisted|p1a: Talonflame\n|-damage|p1a: Talonflame|88\/100\n|\n|t:|1682996182\n|switch|p2b: Chien-Pao|Chien-Pao, L50|100\/100|[from] U-turn\n|-ability|p2b: Chien-Pao|Sword of Ruin\n|move|p1a: Talonflame|Heat Wave|p2a: Talonflame|[spread] p2a,p2b\n|-resisted|p2a: Talonflame\n|-supereffective|p2b: Chien-Pao\n|-damage|p2a: Talonflame|86\/100\n|-damage|p2b: Chien-Pao|39\/100\n|\n|upkeep\n|turn|2\n|\n|t:|1682996199\n|-terastallize|p1b: Gholdengo|Flying\n|move|p2b: Chien-Pao|Crunch|p1b: Gholdengo\n|-damage|p1b: Gholdengo|45\/100\n|-unboost|p1b: Gholdengo|def|1\n|move|p2a: Talonflame|Brave Bird|p1a: Talonflame\n|-damage|p1a: Talonflame|2\/100\n|-damage|p2a: Talonflame|51\/100|[from] Recoil\n|move|p1a: Talonflame|Tailwind|p1a: Talonflame\n|-sidestart|p1: shm0406|move: Tailwind\n|move|p1b: Gholdengo|Nasty Plot|p1b: Gholdengo\n|-boost|p1b: Gholdengo|spa|2\n|\n|upkeep\n|turn|3\n|\n|t:|1682996223\n|move|p2b: Chien-Pao|Protect|p2b: Chien-Pao\n|-singleturn|p2b: Chien-Pao|Protect\n|move|p1b: Gholdengo|Protect|p1b: Gholdengo\n|-singleturn|p1b: Gholdengo|Protect\n|move|p2a: Talonflame|Brave Bird|p1a: Talonflame\n|-damage|p1a: Talonflame|0 fnt\n|faint|p1a: Talonflame\n|-damage|p2a: Talonflame|50\/100|[from] Recoil\n|\n|upkeep\n|\n|t:|1682996234\n|switch|p1a: Iron Bundle|Iron Bundle, L50|100\/100\n|-enditem|p1a: Iron Bundle|Booster Energy\n|-activate|p1a: Iron Bundle|ability: Quark Drive|[fromitem]\n|-start|p1a: Iron Bundle|quarkdrivespe\n|turn|4\n|\n|t:|1682996278\n|switch|p2b: Scizor|Scizor, L50, F|100\/100\n|move|p1a: Iron Bundle|Icy Wind|p2a: Talonflame|[spread] p2a,p2b\n|-resisted|p2b: Scizor\n|-damage|p2a: Talonflame|17\/100\n|-damage|p2b: Scizor|92\/100\n|-unboost|p2a: Talonflame|spe|1\n|-unboost|p2b: Scizor|spe|1\n|move|p2a: Talonflame|Brave Bird|p1a: Iron Bundle\n|-damage|p1a: Iron Bundle|30\/100\n|-damage|p2a: Talonflame|0 fnt|[from] Recoil\n|faint|p2a: Talonflame\n|move|p1b: Gholdengo|Make It Rain|p2b: Scizor\n|-resisted|p2b: Scizor\n|-damage|p2b: Scizor|29\/100\n|-unboost|p1b: Gholdengo|spa|1\n|\n|-sideend|p2: Appleknight777|move: Tailwind\n|upkeep\n|\n|t:|1682996297\n|switch|p2a: Chien-Pao|Chien-Pao, L50|39\/100\n|-ability|p2a: Chien-Pao|Sword of Ruin\n|turn|5\n|\n|t:|1682996312\n|move|p1b: Gholdengo|Protect|p1b: Gholdengo\n|-singleturn|p1b: Gholdengo|Protect\n|move|p2a: Chien-Pao|Protect|p2a: Chien-Pao\n|-singleturn|p2a: Chien-Pao|Protect\n|move|p2b: Scizor|Bullet Punch|p1a: Iron Bundle\n|-damage|p1a: Iron Bundle|0 fnt\n|faint|p1a: Iron Bundle\n|-end|p1a: Iron Bundle|Quark Drive|[silent]\n|\n|-sideend|p1: shm0406|move: Tailwind\n|upkeep\n|\n|t:|1682996319\n|switch|p1a: Flutter Mane|Flutter Mane, L50|100\/100\n|turn|6\n|\n|t:|1682996326\n|move|p2b: Scizor|Bullet Punch|p1a: Flutter Mane\n|-supereffective|p1a: Flutter Mane\n|-enditem|p1a: Flutter Mane|Focus Sash\n|-damage|p1a: Flutter Mane|1\/100\n|move|p1a: Flutter Mane|Dazzling Gleam|p2b: Scizor|[spread] p2a,p2b\n|-supereffective|p2a: Chien-Pao\n|-resisted|p2b: Scizor\n|-damage|p2a: Chien-Pao|0 fnt\n|-damage|p2b: Scizor|16\/100\n|faint|p2a: Chien-Pao\n|move|p1b: Gholdengo|Make It Rain|p2b: Scizor\n|-resisted|p2b: Scizor\n|-damage|p2b: Scizor|0 fnt\n|-unboost|p1b: Gholdengo|spa|1\n|faint|p2b: Scizor\n|\n|upkeep\n|\n|t:|1682996336\n|switch|p2b: Maushold|Maushold-Four, L50|100\/100\n|turn|7\n|\n|t:|1682996347\n|move|p1a: Flutter Mane|Moonblast|p2b: Maushold\n|-damage|p2b: Maushold|24\/100\n|move|p2b: Maushold|Shadow Claw|p1a: Flutter Mane\n|-supereffective|p1a: Flutter Mane\n|-damage|p1a: Flutter Mane|0 fnt\n|faint|p1a: Flutter Mane\n|-end|p1a: Flutter Mane|Protosynthesis|[silent]\n|move|p1b: Gholdengo|Make It Rain|p2b: Maushold\n|-damage|p2b: Maushold|0 fnt\n|-unboost|p1b: Gholdengo|spa|1\n|faint|p2b: Maushold\n|\n|win|shm0406\n|raw|shm0406's rating: 1340 → 1365<\/strong> (+25 for winning)\n|raw|Appleknight777's rating: 1435 → 1410<\/strong> (-25 for losing)\n|l|\u2606Appleknight777\n","uploadtime":1682996365,"views":10,"p1id":"shm0406","p2id":"appleknight777","formatid":"gen9vgc2023regulationc","rating":1365,"private":0,"password":""}