{"id":"gen9vgc2023regulationc-1862022632","p1":"Rolling Mooo","p2":"Funnyman Krebs","format":"[Gen 9] VGC 2023 Regulation C","log":"|j|\u2606Rolling Mooo\n|j|\u2606Funnyman Krebs\n|t:|1683829619\n|gametype|doubles\n|player|p1|Rolling Mooo|102|1610\n|player|p2|Funnyman Krebs|wallace|1664\n|teamsize|p1|6\n|teamsize|p2|6\n|gen|9\n|tier|[Gen 9] VGC 2023 Regulation C\n|rated|\n|rule|Species Clause: Limit one of each Pok\u00e9mon\n|rule|Item Clause: Limit one of each item\n|clearpoke\n|poke|p1|Flutter Mane, L50|\n|poke|p1|Glimmora, L50, F|\n|poke|p1|Dondozo, L50, F|\n|poke|p1|Tatsugiri, L50, F|\n|poke|p1|Flamigo, L50, M|\n|poke|p1|Chi-Yu, L50|\n|poke|p2|Glimmora, L50, M|\n|poke|p2|Iron Bundle, L50|\n|poke|p2|Chi-Yu, L50|\n|poke|p2|Dragonite, L50, F|\n|poke|p2|Dondozo, L50, F|\n|poke|p2|Tatsugiri, L50, M|\n|teampreview|4\n|inactive|Battle timer is ON: inactive players will automatically lose when time's up. (requested by Rolling Mooo)\nFunnyman Krebs has agreed to open team sheets.\n|\n|t:|1683829640\n|start\n|switch|p1a: Glimmora|Glimmora, L50, F|100\/100\n|switch|p1b: Tatsugiri|Tatsugiri, L50, F|100\/100\n|switch|p2a: Iron Santa|Iron Bundle, L50, shiny|100\/100\n|switch|p2b: Wheeeee!|Glimmora, L50, M, shiny|100\/100\n|-enditem|p2a: Iron Santa|Booster Energy\n|-activate|p2a: Iron Santa|ability: Quark Drive|[fromitem]\n|-start|p2a: Iron Santa|quarkdrivespe\n|turn|1\n|inactive|Funnyman Krebs has 30 seconds left.\n|\n|t:|1683829675\n|-terastallize|p2b: Wheeeee!|Grass\n|move|p2a: Iron Santa|Protect|p2a: Iron Santa\n|-singleturn|p2a: Iron Santa|Protect\n|move|p1b: Tatsugiri|Endure|p1b: Tatsugiri\n|-singleturn|p1b: Tatsugiri|move: Endure\n|move|p1a: Glimmora|Mortal Spin|p2b: Wheeeee!|[spread] p2b\n|-activate|p2a: Iron Santa|move: Protect\n|-supereffective|p2b: Wheeeee!\n|-damage|p2b: Wheeeee!|90\/100\n|-status|p2b: Wheeeee!|psn\n|-activate|p2b: Wheeeee!|ability: Toxic Debris\n|-sidestart|p1: Rolling Mooo|move: Toxic Spikes\n|-sideend|p1: Rolling Mooo|Toxic Spikes|[from] move: Mortal Spin|[of] p1a: Glimmora\n|move|p2b: Wheeeee!|Earth Power|p1a: Glimmora\n|-supereffective|p1a: Glimmora\n|-damage|p1a: Glimmora|0 fnt\n|faint|p1a: Glimmora\n|\n|-damage|p2b: Wheeeee!|77\/100 psn|[from] psn\n|-status|p1b: Tatsugiri|tox|[from] item: Toxic Orb\n|upkeep\n|\n|t:|1683829685\n|switch|p1a: Dondozo|Dondozo, L50, F|100\/100\n|-activate|p1b: Tatsugiri|ability: Commander|[of] p1a: Dondozo\n|-boost|p1a: Dondozo|atk|2\n|-boost|p1a: Dondozo|spa|2\n|-boost|p1a: Dondozo|spe|2\n|-boost|p1a: Dondozo|def|2\n|-boost|p1a: Dondozo|spd|2\n|turn|2\n|\n|t:|1683829701\n|-terastallize|p1a: Dondozo|Steel\n|move|p2a: Iron Santa|Freeze-Dry|p1a: Dondozo\n|-resisted|p1a: Dondozo\n|-damage|p1a: Dondozo|94\/100\n|move|p1a: Dondozo|Earthquake|p2a: Iron Santa|[spread] p2a,p2b\n|-miss|p1a: Dondozo|p1b: Tatsugiri\n|-resisted|p2b: Wheeeee!\n|-damage|p2a: Iron Santa|55\/100\n|-damage|p2b: Wheeeee!|63\/100 psn\n|-activate|p2b: Wheeeee!|ability: Toxic Debris\n|-sidestart|p1: Rolling Mooo|move: Toxic Spikes\n|move|p2b: Wheeeee!|Mortal Spin|p1b: Tatsugiri|[spread] \n|-miss|p2b: Wheeeee!|p1b: Tatsugiri\n|-immune|p1a: Dondozo\n|\n|-heal|p1a: Dondozo|99\/100|[from] item: Leftovers\n|-damage|p1b: Tatsugiri|94\/100 tox|[from] psn\n|-damage|p2b: Wheeeee!|50\/100 psn|[from] psn\n|upkeep\n|turn|3\n|\n|t:|1683829715\n|move|p2a: Iron Santa|Hydro Pump|p1a: Dondozo\n|-damage|p1a: Dondozo|76\/100\n|move|p1a: Dondozo|Earthquake|p2a: Iron Santa|[spread] p2a,p2b\n|-miss|p1a: Dondozo|p1b: Tatsugiri\n|-resisted|p2b: Wheeeee!\n|-damage|p2a: Iron Santa|13\/100\n|-damage|p2b: Wheeeee!|37\/100 psn\n|-activate|p2b: Wheeeee!|ability: Toxic Debris\n|-sidestart|p1: Rolling Mooo|move: Toxic Spikes\n|move|p2b: Wheeeee!|Earth Power|p1a: Dondozo\n|-supereffective|p1a: Dondozo\n|-damage|p1a: Dondozo|56\/100\n|\n|-heal|p1a: Dondozo|62\/100|[from] item: Leftovers\n|-damage|p1b: Tatsugiri|82\/100 tox|[from] psn\n|-damage|p2b: Wheeeee!|25\/100 psn|[from] psn\n|upkeep\n|turn|4\n|\n|t:|1683829725\n|move|p2a: Iron Santa|Hydro Pump|p1a: Dondozo|[miss]\n|-miss|p2a: Iron Santa|p1a: Dondozo\n|move|p1a: Dondozo|Earthquake|p2a: Iron Santa|[spread] p2a,p2b\n|-miss|p1a: Dondozo|p1b: Tatsugiri\n|-resisted|p2b: Wheeeee!\n|-damage|p2a: Iron Santa|0 fnt\n|-damage|p2b: Wheeeee!|10\/100 psn\n|faint|p2a: Iron Santa\n|-end|p2a: Iron Santa|Quark Drive|[silent]\n|move|p2b: Wheeeee!|Earth Power|p1a: Dondozo\n|-supereffective|p1a: Dondozo\n|-damage|p1a: Dondozo|41\/100\n|\n|-heal|p1a: Dondozo|47\/100|[from] item: Leftovers\n|-damage|p1b: Tatsugiri|63\/100 tox|[from] psn\n|-damage|p2b: Wheeeee!|0 fnt|[from] psn\n|faint|p2b: Wheeeee!\n|upkeep\n|\n|t:|1683829728\n|switch|p2a: Pain meds|Chi-Yu, L50|100\/100\n|switch|p2b: Tiny|Dragonite, L50, F|100\/100\n|-ability|p2a: Pain meds|Beads of Ruin\n|turn|5\n|\n|t:|1683829750\n|move|p1a: Dondozo|Protect|p1a: Dondozo\n|-singleturn|p1a: Dondozo|Protect\n|move|p2a: Pain meds|Heat Wave|p1b: Tatsugiri|[spread] \n|-miss|p2a: Pain meds|p1b: Tatsugiri\n|-activate|p1a: Dondozo|move: Protect\n|move|p2b: Tiny|Dragon Claw|p1a: Dondozo\n|-activate|p1a: Dondozo|move: Protect\n|\n|-heal|p1a: Dondozo|53\/100|[from] item: Leftovers\n|-damage|p1b: Tatsugiri|38\/100 tox|[from] psn\n|upkeep\n|turn|6\n|\n|t:|1683829765\n|move|p2a: Pain meds|Overheat|p1a: Dondozo\n|-supereffective|p1a: Dondozo\n|-damage|p1a: Dondozo|0 fnt\n|-unboost|p2a: Pain meds|spa|2\n|faint|p1a: Dondozo\n|move|p2b: Tiny|Dragon Claw|p1b: Tatsugiri\n|-supereffective|p1b: Tatsugiri\n|-damage|p1b: Tatsugiri|0 fnt\n|faint|p1b: Tatsugiri\n|\n|upkeep\n|-message|Rolling Mooo forfeited.\n|\n|win|Funnyman Krebs\n|raw|Rolling Mooo's rating: 1610 → 1593<\/strong> (-17 for losing)\n|raw|Funnyman Krebs's rating: 1664 → 1681<\/strong> (+17 for winning)\n|l|\u2606Rolling Mooo\n","uploadtime":1683829776,"views":23,"p1id":"rollingmooo","p2id":"funnymankrebs","formatid":"gen9vgc2023regulationc","rating":1593,"private":0,"password":""}