{"id":"gen9vgc2023regulationc-1854409278","p1":"ssaannccii","p2":"Topperlecat","format":"[Gen 9] VGC 2023 Regulation C","log":"|j|\u2606ssaannccii\n|j|\u2606Topperlecat\n|t:|1682807265\n|gametype|doubles\n|player|p1|ssaannccii|265|1145\n|player|p2|Topperlecat|n|1160\n|teamsize|p1|6\n|teamsize|p2|6\n|gen|9\n|tier|[Gen 9] VGC 2023 Regulation C\n|rated|\n|rule|Species Clause: Limit one of each Pok\u00e9mon\n|rule|Item Clause: Limit one of each item\n|clearpoke\n|poke|p1|Toxapex, L50, F|\n|poke|p1|Wo-Chien, L50|\n|poke|p1|Scream Tail, L50|\n|poke|p1|Dragapult, L50, F|\n|poke|p1|Gastrodon, L50, F|\n|poke|p1|Houndstone, L50, F|\n|poke|p2|Arcanine, L50, F|\n|poke|p2|Corviknight, L50, F|\n|poke|p2|Glimmora, L50, F|\n|poke|p2|Ting-Lu, L50|\n|poke|p2|Iron Jugulis, L50|\n|poke|p2|Amoonguss, L50, F|\n|teampreview|4\n|inactive|Battle timer is ON: inactive players will automatically lose when time's up. (requested by ssaannccii)\nTopperlecat has agreed to open team sheets.\n|inactive|Topperlecat has 60 seconds left.\n|\n|t:|1682807315\n|start\n|switch|p1a: Dragapult|Dragapult, L50, F|100\/100\n|switch|p1b: Toxapex|Toxapex, L50, F|100\/100\n|switch|p2a: Iron Jugulis|Iron Jugulis, L50|100\/100\n|switch|p2b: Glimmora|Glimmora, L50, F|100\/100\n|-enditem|p2a: Iron Jugulis|Booster Energy\n|-activate|p2a: Iron Jugulis|ability: Quark Drive|[fromitem]\n|-start|p2a: Iron Jugulis|quarkdrivespa\n|turn|1\n|inactive|ssaannccii has 30 seconds left.\n|\n|t:|1682807343\n|switch|p2b: Ting-Lu|Ting-Lu, L50|100\/100\n|-ability|p2b: Ting-Lu|Vessel of Ruin\n|-terastallize|p1a: Dragapult|Steel\n|move|p1a: Dragapult|Tera Blast|p2b: Ting-Lu\n|-damage|p2b: Ting-Lu|68\/100\n|move|p2a: Iron Jugulis|Earth Power|p1b: Toxapex\n|-supereffective|p1b: Toxapex\n|-damage|p1b: Toxapex|60\/100\n|move|p1b: Toxapex|Ice Beam|p2a: Iron Jugulis\n|-supereffective|p2a: Iron Jugulis\n|-damage|p2a: Iron Jugulis|65\/100\n|\n|-heal|p2b: Ting-Lu|74\/100|[from] item: Leftovers\n|upkeep\n|turn|2\n|inactive|Topperlecat has 30 seconds left.\n|inactive|Topperlecat has 20 seconds left.\n|inactive|Topperlecat has 15 seconds left.\n|inactive|Topperlecat has 10 seconds left.\n|\n|t:|1682807390\n|switch|p1a: Gastrodon|Gastrodon, L50, F|100\/100\n|-terastallize|p2a: Iron Jugulis|Steel\n|move|p2a: Iron Jugulis|Tailwind|p2a: Iron Jugulis\n|-sidestart|p2: Topperlecat|move: Tailwind\n|move|p2b: Ting-Lu|Payback|p1a: Gastrodon\n|-damage|p1a: Gastrodon|78\/100\n|move|p1b: Toxapex|Surf|p2b: Ting-Lu|[spread] p2a,p2b\n|-ability|p1a: Gastrodon|Storm Drain|boost\n|-boost|p1a: Gastrodon|spa|1\n|-supereffective|p2b: Ting-Lu\n|-damage|p2a: Iron Jugulis|45\/100\n|-damage|p2b: Ting-Lu|54\/100\n|\n|-heal|p2b: Ting-Lu|60\/100|[from] item: Leftovers\n|upkeep\n|turn|3\n|\n|t:|1682807409\n|move|p2a: Iron Jugulis|Earth Power|p1b: Toxapex\n|-supereffective|p1b: Toxapex\n|-crit|p1b: Toxapex\n|-damage|p1b: Toxapex|0 fnt\n|faint|p1b: Toxapex\n|move|p2b: Ting-Lu|Stomping Tantrum|p1a: Gastrodon\n|-damage|p1a: Gastrodon|43\/100\n|-enditem|p1a: Gastrodon|Sitrus Berry|[eat]\n|-heal|p1a: Gastrodon|67\/100|[from] item: Sitrus Berry\n|move|p1a: Gastrodon|Muddy Water|p2a: Iron Jugulis|[spread] p2a\n|-miss|p1a: Gastrodon|p2b: Ting-Lu\n|-damage|p2a: Iron Jugulis|7\/100\n|\n|-heal|p2b: Ting-Lu|66\/100|[from] item: Leftovers\n|upkeep\n|\n|t:|1682807425\n|switch|p1b: Houndstone|Houndstone, L50, F|100\/100\n|turn|4\n|\n|t:|1682807449\n|move|p2a: Iron Jugulis|Air Slash|p1a: Gastrodon\n|-crit|p1a: Gastrodon\n|-damage|p1a: Gastrodon|14\/100\n|move|p2b: Ting-Lu|Payback|p1b: Houndstone\n|-supereffective|p1b: Houndstone\n|-damage|p1b: Houndstone|79\/100\n|-damage|p2b: Ting-Lu|50\/100|[from] item: Rocky Helmet|[of] p1b: Houndstone\n|move|p1b: Houndstone|Will-O-Wisp|p2b: Ting-Lu\n|-status|p2b: Ting-Lu|brn\n|move|p1a: Gastrodon|Muddy Water|p2a: Iron Jugulis|[spread] p2a,p2b\n|-supereffective|p2b: Ting-Lu\n|-damage|p2a: Iron Jugulis|0 fnt\n|-damage|p2b: Ting-Lu|15\/100 brn\n|-unboost|p2b: Ting-Lu|accuracy|1\n|faint|p2a: Iron Jugulis\n|-end|p2a: Iron Jugulis|Quark Drive|[silent]\n|\n|-heal|p2b: Ting-Lu|21\/100 brn|[from] item: Leftovers\n|-damage|p2b: Ting-Lu|15\/100 brn|[from] brn\n|upkeep\n|\n|t:|1682807468\n|switch|p2a: Arcanine|Arcanine, L50, F|100\/100\n|-ability|p2a: Arcanine|Intimidate|boost\n|-unboost|p1a: Gastrodon|atk|1\n|-unboost|p1b: Houndstone|atk|1\n|turn|5\n|\n|t:|1682807482\n|move|p2a: Arcanine|Extreme Speed|p1a: Gastrodon\n|-damage|p1a: Gastrodon|0 fnt\n|faint|p1a: Gastrodon\n|move|p2b: Ting-Lu|Ruination|p1b: Houndstone\n|-damage|p1b: Houndstone|40\/100\n|move|p1b: Houndstone|Charm|p2a: Arcanine\n|-unboost|p2a: Arcanine|atk|2\n|\n|-heal|p2b: Ting-Lu|21\/100 brn|[from] item: Leftovers\n|-damage|p2b: Ting-Lu|15\/100 brn|[from] brn\n|-sideend|p2: Topperlecat|move: Tailwind\n|upkeep\n|\n|t:|1682807493\n|switch|p1a: Dragapult|Dragapult, L50, F, tera:Steel|100\/100\n|turn|6\n|\n|t:|1682807510\n|switch|p2a: Glimmora|Glimmora, L50, F|100\/100\n|move|p1a: Dragapult|Phantom Force||[still]\n|-prepare|p1a: Dragapult|Phantom Force\n|move|p1b: Houndstone|Charm|p2a: Glimmora\n|-unboost|p2a: Glimmora|atk|2\n|move|p2b: Ting-Lu|Ruination|p1a: Dragapult|[miss]\n|-miss|p2b: Ting-Lu|p1a: Dragapult\n|\n|-heal|p2b: Ting-Lu|21\/100 brn|[from] item: Leftovers\n|-damage|p2b: Ting-Lu|15\/100 brn|[from] brn\n|upkeep\n|turn|7\n|inactive|ssaannccii has 30 seconds left.\n|inactive|Topperlecat has 30 seconds left.\n|\n|t:|1682807538\n|move|p1a: Dragapult|Phantom Force|p2a: Glimmora|[from]lockedmove\n|-damage|p2a: Glimmora|18\/100\n|-activate|p2a: Glimmora|ability: Toxic Debris\n|-sidestart|p1: ssaannccii|move: Toxic Spikes\n|move|p2a: Glimmora|Sludge Bomb|p1b: Houndstone\n|-resisted|p1b: Houndstone\n|-damage|p1b: Houndstone|23\/100\n|move|p1b: Houndstone|Howl|p1b: Houndstone|[spread] p1a,p1b\n|-boost|p1a: Dragapult|atk|1\n|-boost|p1b: Houndstone|atk|1\n|move|p2b: Ting-Lu|Stomping Tantrum|p1a: Dragapult\n|-supereffective|p1a: Dragapult\n|-damage|p1a: Dragapult|14\/100\n|\n|-heal|p2b: Ting-Lu|21\/100 brn|[from] item: Leftovers\n|-damage|p2b: Ting-Lu|15\/100 brn|[from] brn\n|upkeep\n|turn|8\n|\n|t:|1682807558\n|move|p1a: Dragapult|Phantom Force||[still]\n|-prepare|p1a: Dragapult|Phantom Force\n|move|p2a: Glimmora|Sludge Bomb|p1b: Houndstone\n|-resisted|p1b: Houndstone\n|-damage|p1b: Houndstone|8\/100\n|-status|p1b: Houndstone|psn\n|move|p1b: Houndstone|Play Rough|p2b: Ting-Lu\n|-supereffective|p2b: Ting-Lu\n|-damage|p2b: Ting-Lu|0 fnt\n|faint|p2b: Ting-Lu\n|\n|-damage|p1b: Houndstone|0 fnt|[from] psn\n|faint|p1b: Houndstone\n|upkeep\n|\n|t:|1682807569\n|switch|p2b: Arcanine|Arcanine, L50, F|100\/100\n|-ability|p2b: Arcanine|Intimidate|boost\n|-fail|p1a: Dragapult|unboost|[from] ability: Clear Body|[of] p1a: Dragapult\n|turn|9\n|\n|t:|1682807579\n|move|p1a: Dragapult|Phantom Force|p2a: Glimmora|[from]lockedmove\n|-damage|p2a: Glimmora|0 fnt\n|-activate|p2a: Glimmora|ability: Toxic Debris\n|-sidestart|p1: ssaannccii|move: Toxic Spikes\n|faint|p2a: Glimmora\n|move|p2b: Arcanine|Flare Blitz|p1a: Dragapult\n|-supereffective|p1a: Dragapult\n|-damage|p1a: Dragapult|0 fnt\n|faint|p1a: Dragapult\n|-damage|p2b: Arcanine|97\/100|[from] Recoil\n|\n|win|Topperlecat\n|raw|ssaannccii's rating: 1145 → 1121<\/strong> (-24 for losing)\n|raw|Topperlecat's rating: 1160 → 1184<\/strong> (+24 for winning)\n|l|\u2606ssaannccii\n","uploadtime":1682807589,"views":17,"p1id":"ssaannccii","p2id":"topperlecat","formatid":"gen9vgc2023regulationc","rating":1121,"private":0,"password":""}