{"id":"gen9vgc2023regulationc-1844841938","p1":"MistressQueenM","p2":"Perhaps a chance","format":"[Gen 9] VGC 2023 Regulation C","log":"|j|\u203dMistressQueenM\n|j|\u2606Perhaps a chance\n|t:|1681655310\n|gametype|doubles\n|player|p1|MistressQueenM|veteranf|1244\n|player|p2|Perhaps a chance|bertha|1195\n|teamsize|p1|6\n|teamsize|p2|6\n|gen|9\n|tier|[Gen 9] VGC 2023 Regulation C\n|rated|\n|rule|Species Clause: Limit one of each Pok\u00e9mon\n|rule|Item Clause: Limit one of each item\n|clearpoke\n|poke|p1|Wo-Chien, L50|\n|poke|p1|Torkoal, L50, M|\n|poke|p1|Garganacl, L50, F|\n|poke|p1|Great Tusk, L50|\n|poke|p1|Murkrow, L50, M|\n|poke|p1|Farigiraf, L50, F|\n|poke|p2|Amoonguss, L50, F|\n|poke|p2|Flutter Mane, L50|\n|poke|p2|Arcanine, L50, M|\n|poke|p2|Chien-Pao, L50|\n|poke|p2|Palafin, L50, M|\n|poke|p2|Dragapult, L50, M|\n|teampreview|4\n|inactive|Battle timer is ON: inactive players will automatically lose when time's up. (requested by Perhaps a chance)\nPerhaps a chance has agreed to open team sheets.\nMistressQueenM rejected open team sheets.\n|inactive|Perhaps a chance has 60 seconds left.\n|\n|t:|1681655350\n|start\n|switch|p1a: Great Tusk|Great Tusk, L50|100\/100\n|switch|p1b: Torkoal|Torkoal, L50, M, shiny|100\/100\n|switch|p2a: Pauline!|Arcanine, L50, M|100\/100\n|switch|p2b: Azira|Chien-Pao, L50|100\/100\n|-ability|p2b: Azira|Sword of Ruin\n|-ability|p2a: Pauline!|Intimidate|boost\n|-unboost|p1a: Great Tusk|atk|1\n|-unboost|p1b: Torkoal|atk|1\n|-weather|SunnyDay|[from] ability: Drought|[of] p1b: Torkoal\n|-activate|p1a: Great Tusk|ability: Protosynthesis\n|-start|p1a: Great Tusk|protosynthesisspe\n|turn|1\n|inactive|MistressQueenM has 30 seconds left.\n|inactive|Perhaps a chance has 30 seconds left.\n|\n|t:|1681655384\n|-terastallize|p2a: Pauline!|Flying\n|move|p1a: Great Tusk|Protect|p1a: Great Tusk\n|-singleturn|p1a: Great Tusk|Protect\n|move|p2b: Azira|Ice Spinner|p1a: Great Tusk\n|-activate|p1a: Great Tusk|move: Protect\n|move|p2a: Pauline!|Howl|p2a: Pauline!|[spread] p2a,p2b\n|-boost|p2a: Pauline!|atk|1\n|-boost|p2b: Azira|atk|1\n|move|p1b: Torkoal|Heat Wave|p2a: Pauline!|[spread] p2a,p2b\n|-supereffective|p2b: Azira\n|-damage|p2a: Pauline!|44\/100\n|-enditem|p2b: Azira|Focus Sash\n|-damage|p2b: Azira|1\/100\n|\n|-weather|SunnyDay|[upkeep]\n|upkeep\n|turn|2\n|\n|t:|1681655395\n|-end|p1a: Great Tusk|Protosynthesis|[silent]\n|switch|p1a: Garganacl|Garganacl, L50, F, shiny|100\/100\n|move|p2b: Azira|Ice Spinner|p1a: Garganacl\n|-damage|p1a: Garganacl|44\/100\n|move|p2a: Pauline!|Flare Blitz|p1a: Garganacl\n|-resisted|p1a: Garganacl\n|-damage|p1a: Garganacl|0 fnt\n|faint|p1a: Garganacl\n|-damage|p2a: Pauline!|28\/100|[from] Recoil\n|move|p1b: Torkoal|Heat Wave|p2b: Azira|[spread] p2a,p2b\n|-supereffective|p2b: Azira\n|-damage|p2a: Pauline!|0 fnt\n|-damage|p2b: Azira|0 fnt\n|faint|p2a: Pauline!\n|faint|p2b: Azira\n|\n|-weather|SunnyDay|[upkeep]\n|upkeep\n|\n|t:|1681655402\n|switch|p2b: Broederliefde|Dragapult, L50, M|100\/100\n|switch|p2a: Tranga Rugie|Flutter Mane, L50|100\/100\n|switch|p1a: Murkrow|Murkrow, L50, M|100\/100\n|-activate|p2a: Tranga Rugie|ability: Protosynthesis\n|-start|p2a: Tranga Rugie|protosynthesisspa\n|turn|3\n|\n|t:|1681655427\n|move|p1a: Murkrow|Thunder Wave|p2a: Tranga Rugie\n|-status|p2a: Tranga Rugie|par\n|move|p2b: Broederliefde|Dragon Darts|p1a: Murkrow\n|-damage|p1a: Murkrow|46\/100\n|-anim|p2b: Broederliefde|Dragon Darts|p1b: Torkoal\n|-damage|p1b: Torkoal|71\/100\n|move|p2a: Tranga Rugie|Shadow Ball|p1b: Torkoal\n|-damage|p1b: Torkoal|0 fnt\n|faint|p1b: Torkoal\n|\n|-weather|SunnyDay|[upkeep]\n|upkeep\n|\n|t:|1681655451\n|switch|p1b: Great Tusk|Great Tusk, L50|100\/100\n|-activate|p1b: Great Tusk|ability: Protosynthesis\n|-start|p1b: Great Tusk|protosynthesisatk\n|turn|4\n|inactive|Perhaps a chance has 30 seconds left.\n|inactive|Perhaps a chance has 20 seconds left.\n|\n|t:|1681655487\n|move|p1b: Great Tusk|Protect|p1b: Great Tusk\n|-singleturn|p1b: Great Tusk|Protect\n|move|p1a: Murkrow|Thunder Wave|p2b: Broederliefde|[miss]\n|-miss|p1a: Murkrow|p2b: Broederliefde\n|move|p2b: Broederliefde|Dragon Darts|p1a: Murkrow\n|-damage|p1a: Murkrow|0 fnt\n|faint|p1a: Murkrow\n|move|p2a: Tranga Rugie|Moonblast|p1b: Great Tusk\n|-activate|p1b: Great Tusk|move: Protect\n|\n|-weather|SunnyDay|[upkeep]\n|upkeep\n|turn|5\n|\n|t:|1681655495\n|-terastallize|p1b: Great Tusk|Ground\n|move|p2b: Broederliefde|Dragon Darts|p1b: Great Tusk\n|-damage|p1b: Great Tusk|74\/100\n|-anim|p2b: Broederliefde|Dragon Darts|p1b: Great Tusk\n|-damage|p1b: Great Tusk|46\/100\n|move|p1b: Great Tusk|Earthquake|p2a: Tranga Rugie|[spread] p2a,p2b\n|-damage|p2a: Tranga Rugie|0 fnt\n|-damage|p2b: Broederliefde|0 fnt\n|faint|p2a: Tranga Rugie\n|-end|p2a: Tranga Rugie|Protosynthesis|[silent]\n|faint|p2b: Broederliefde\n|-damage|p1b: Great Tusk|36\/100|[from] item: Life Orb\n|\n|win|MistressQueenM\n|raw|MistressQueenM's rating: 1244 → 1265<\/strong> (+21 for winning)\n|raw|Perhaps a chance's rating: 1195 → 1174<\/strong> (-21 for losing)\n","uploadtime":1681655500,"views":14,"p1id":"mistressqueenm","p2id":"perhapsachance","formatid":"gen9vgc2023regulationc","rating":1174,"private":0,"password":""}