{"id":"gen9vgc2023regulationc-1863166935","p1":"kaiyoooo","p2":"R2VGC","format":"[Gen 9] VGC 2023 Regulation C","log":"|j|\u2606kaiyoooo\n|j|\u2606R2VGC\n|t:|1683982668\n|gametype|doubles\n|player|p1|kaiyoooo|shadowtriad|1161\n|player|p2|R2VGC|102|1114\n|teamsize|p1|6\n|teamsize|p2|6\n|gen|9\n|tier|[Gen 9] VGC 2023 Regulation C\n|rated|\n|rule|Species Clause: Limit one of each Pok\u00e9mon\n|rule|Item Clause: Limit one of each item\n|clearpoke\n|poke|p1|Chi-Yu, L50|\n|poke|p1|Iron Bundle, L50|\n|poke|p1|Great Tusk, L50|\n|poke|p1|Murkrow, L50, M|\n|poke|p1|Dragonite, L50, M|\n|poke|p1|Flutter Mane, L50|\n|poke|p2|Amoonguss, L50, F|\n|poke|p2|Arcanine, L50, M|\n|poke|p2|Flutter Mane, L50|\n|poke|p2|Kingambit, L50, F|\n|poke|p2|Palafin, L50, M|\n|poke|p2|Baxcalibur, L50, F|\n|teampreview|4\nR2VGC has agreed to open team sheets.\n|inactive|Battle timer is ON: inactive players will automatically lose when time's up. (requested by R2VGC)\n|c|\u2606kaiyoooo|glhf\n|\n|t:|1683982740\n|start\n|switch|p1a: Murkrow|Murkrow, L50, M, shiny|100\/100\n|switch|p1b: Chi-Yu|Chi-Yu, L50|100\/100\n|switch|p2a: Arcanine|Arcanine, L50, M|100\/100\n|switch|p2b: Flutter Mane|Flutter Mane, L50|100\/100\n|-ability|p1b: Chi-Yu|Beads of Ruin\n|-ability|p2a: Arcanine|Intimidate|boost\n|-unboost|p1a: Murkrow|atk|1\n|-unboost|p1b: Chi-Yu|atk|1\n|-enditem|p2b: Flutter Mane|Booster Energy\n|-activate|p2b: Flutter Mane|ability: Protosynthesis|[fromitem]\n|-start|p2b: Flutter Mane|protosynthesisspe\n|turn|1\n|c|\u2606R2VGC|u 2\n|inactive|R2VGC has 30 seconds left.\n|\n|t:|1683982772\n|move|p1a: Murkrow|Sunny Day|p1a: Murkrow\n|-weather|SunnyDay\n|move|p2b: Flutter Mane|Icy Wind|p1a: Murkrow|[spread] p1a,p1b\n|-supereffective|p1a: Murkrow\n|-resisted|p1b: Chi-Yu\n|-damage|p1a: Murkrow|65\/100\n|-damage|p1b: Chi-Yu|91\/100\n|-unboost|p1a: Murkrow|spe|1\n|move|p1b: Chi-Yu|Heat Wave|p2a: Arcanine|[spread] p2a,p2b\n|-resisted|p2a: Arcanine\n|-damage|p2a: Arcanine|62\/100\n|-damage|p2b: Flutter Mane|20\/100\n|-status|p2b: Flutter Mane|brn\n|move|p2a: Arcanine|Flare Blitz|p1b: Chi-Yu\n|-resisted|p1b: Chi-Yu\n|-damage|p1b: Chi-Yu|15\/100\n|-damage|p2a: Arcanine|45\/100|[from] Recoil\n|\n|-weather|SunnyDay|[upkeep]\n|-damage|p2b: Flutter Mane|14\/100 brn|[from] brn\n|upkeep\n|turn|2\n|inactive|kaiyoooo has 30 seconds left.\n|inactive|R2VGC has 30 seconds left.\n|inactive|kaiyoooo has 20 seconds left.\n|inactive|kaiyoooo has 15 seconds left.\n|\n|t:|1683982815\n|move|p2a: Arcanine|Extreme Speed|p1b: Chi-Yu\n|-damage|p1b: Chi-Yu|0 fnt\n|faint|p1b: Chi-Yu\n|move|p1a: Murkrow|Tailwind|p1a: Murkrow\n|-sidestart|p1: kaiyoooo|move: Tailwind\n|move|p2b: Flutter Mane|Moonblast|p1a: Murkrow\n|-supereffective|p1a: Murkrow\n|-damage|p1a: Murkrow|0 fnt\n|faint|p1a: Murkrow\n|\n|-weather|SunnyDay|[upkeep]\n|-damage|p2b: Flutter Mane|8\/100 brn|[from] brn\n|upkeep\n|\n|t:|1683982822\n|switch|p1b: Great Tusk|Great Tusk, L50|100\/100\n|switch|p1a: Flutter Mane|Flutter Mane, L50|100\/100\n|-activate|p1a: Flutter Mane|ability: Protosynthesis\n|-start|p1a: Flutter Mane|protosynthesisspe\n|-activate|p1b: Great Tusk|ability: Protosynthesis\n|-start|p1b: Great Tusk|protosynthesisatk\n|turn|3\n|\n|t:|1683982837\n|move|p1a: Flutter Mane|Protect|p1a: Flutter Mane\n|-singleturn|p1a: Flutter Mane|Protect\n|move|p2a: Arcanine|Protect|p2a: Arcanine\n|-singleturn|p2a: Arcanine|Protect\n|move|p2b: Flutter Mane|Icy Wind|p1b: Great Tusk|[spread] p1b\n|-activate|p1a: Flutter Mane|move: Protect\n|-supereffective|p1b: Great Tusk\n|-damage|p1b: Great Tusk|57\/100\n|-unboost|p1b: Great Tusk|spe|1\n|move|p1b: Great Tusk|Earthquake|p2a: Arcanine|[spread] p2b\n|-activate|p1a: Flutter Mane|move: Protect\n|-activate|p2a: Arcanine|move: Protect\n|-damage|p2b: Flutter Mane|0 fnt\n|faint|p2b: Flutter Mane\n|-end|p2b: Flutter Mane|Protosynthesis|[silent]\n|-damage|p1b: Great Tusk|47\/100|[from] item: Life Orb\n|\n|-weather|SunnyDay|[upkeep]\n|upkeep\n|\n|t:|1683982854\n|switch|p2b: Kingambit|Kingambit, L50, F|100\/100\n|turn|4\n|\n|t:|1683982875\n|-terastallize|p1a: Flutter Mane|Fairy\n|-terastallize|p2b: Kingambit|Dark\n|move|p2b: Kingambit|Sucker Punch|p1a: Flutter Mane\n|-resisted|p1a: Flutter Mane\n|-damage|p1a: Flutter Mane|26\/100\n|move|p1a: Flutter Mane|Dazzling Gleam|p2b: Kingambit|[spread] p2a,p2b\n|-resisted|p2a: Arcanine\n|-supereffective|p2b: Kingambit\n|-damage|p2a: Arcanine|20\/100\n|-damage|p2b: Kingambit|3\/100\n|move|p1b: Great Tusk|Headlong Rush|p2b: Kingambit\n|-damage|p2b: Kingambit|0 fnt\n|-unboost|p1b: Great Tusk|def|1\n|-unboost|p1b: Great Tusk|spd|1\n|faint|p2b: Kingambit\n|-damage|p1b: Great Tusk|37\/100|[from] item: Life Orb\n|move|p2a: Arcanine|Howl|p2a: Arcanine\n|-boost|p2a: Arcanine|atk|1\n|\n|-weather|SunnyDay|[upkeep]\n|upkeep\n|\n|t:|1683982894\n|switch|p2b: Baxcalibur|Baxcalibur, L50, F|100\/100\n|turn|5\n|inactive|R2VGC has 30 seconds left.\n|\n|t:|1683982924\n|move|p2a: Arcanine|Extreme Speed|p1a: Flutter Mane\n|-damage|p1a: Flutter Mane|0 fnt\n|faint|p1a: Flutter Mane\n|-end|p1a: Flutter Mane|Protosynthesis|[silent]\n|move|p1b: Great Tusk|Headlong Rush|p2a: Arcanine\n|-supereffective|p2a: Arcanine\n|-damage|p2a: Arcanine|0 fnt\n|-unboost|p1b: Great Tusk|def|1\n|-unboost|p1b: Great Tusk|spd|1\n|faint|p2a: Arcanine\n|-damage|p1b: Great Tusk|27\/100|[from] item: Life Orb\n|move|p2b: Baxcalibur|Icicle Spear|p1b: Great Tusk\n|-supereffective|p1b: Great Tusk\n|-crit|p1b: Great Tusk\n|-damage|p1b: Great Tusk|0 fnt\n|faint|p1b: Great Tusk\n|-end|p1b: Great Tusk|Protosynthesis|[silent]\n|-hitcount|p1: Great Tusk|1\n|\n|win|R2VGC\n|raw|kaiyoooo's rating: 1161 → 1133<\/strong> (-28 for losing)\n|raw|R2VGC's rating: 1114 → 1142<\/strong> (+28 for winning)\n|c|\u2606kaiyoooo|gg\n|l|\u2606kaiyoooo\n|c|\u2606R2VGC|gg\n","uploadtime":1683982944,"views":23,"p1id":"kaiyoooo","p2id":"r2vgc","formatid":"gen9vgc2023regulationc","rating":1133,"private":0,"password":""}