{"id":"gen9vgc2023regulationc-1859856427","p1":"gdnbd","p2":"PiuPiuMOOD","format":"[Gen 9] VGC 2023 Regulation C","log":"|j|\u2606gdnbd\n|j|\u2606PiuPiuMOOD\n|t:|1683570249\n|gametype|doubles\n|player|p1|gdnbd|nate|1044\n|player|p2|PiuPiuMOOD|2|1083\n|teamsize|p1|6\n|teamsize|p2|6\n|gen|9\n|tier|[Gen 9] VGC 2023 Regulation C\n|rated|\n|rule|Species Clause: Limit one of each Pok\u00e9mon\n|rule|Item Clause: Limit one of each item\n|clearpoke\n|poke|p1|Gholdengo, L50|\n|poke|p1|Medicham, L50, M|\n|poke|p1|Indeedee-F, L50, F|\n|poke|p1|Annihilape, L50, M|\n|poke|p1|Iron Bundle, L50|\n|poke|p1|Torkoal, L50, F|\n|poke|p2|Dragonite, L50, F|\n|poke|p2|Chien-Pao, L50|\n|poke|p2|Dondozo, L50, F|\n|poke|p2|Tatsugiri-Stretchy, L50, M|\n|poke|p2|Kingambit, L50, F|\n|poke|p2|Flutter Mane, L50|\n|teampreview|4\nPiuPiuMOOD has agreed to open team sheets.\n|\n|t:|1683570283\n|start\n|switch|p1a: Indeedee|Indeedee-F, L50, F|100\/100\n|switch|p1b: Gholdengo|Gholdengo, L50|100\/100\n|switch|p2a: Kingambit|Kingambit, L50, F|100\/100\n|switch|p2b: Chien-Pao|Chien-Pao, L50|100\/100\n|-ability|p2b: Chien-Pao|Sword of Ruin\n|-fieldstart|move: Psychic Terrain|[from] ability: Psychic Surge|[of] p1a: Indeedee\n|turn|1\n|\n|t:|1683570299\n|-terastallize|p1a: Indeedee|Fighting\n|move|p2b: Chien-Pao|Ice Spinner|p1a: Indeedee\n|-damage|p1a: Indeedee|9\/100\n|-fieldend|move: Psychic Terrain\n|move|p1a: Indeedee|Tera Blast|p2a: Kingambit\n|-supereffective|p2a: Kingambit\n|-damage|p2a: Kingambit|8\/100\n|move|p1b: Gholdengo|Thunder Wave|p2b: Chien-Pao\n|-status|p2b: Chien-Pao|par\n|move|p2a: Kingambit|Assurance|p1b: Gholdengo\n|-supereffective|p1b: Gholdengo\n|-damage|p1b: Gholdengo|25\/100\n|\n|-heal|p1b: Gholdengo|31\/100|[from] item: Leftovers\n|upkeep\n|turn|2\n|\n|t:|1683570325\n|switch|p1a: Torkoal|Torkoal, L50, F|100\/100\n|-weather|SunnyDay|[from] ability: Drought|[of] p1a: Torkoal\n|move|p2b: Chien-Pao|Sucker Punch|p1b: Gholdengo\n|-supereffective|p1b: Gholdengo\n|-damage|p1b: Gholdengo|0 fnt\n|faint|p1b: Gholdengo\n|move|p2a: Kingambit|Sucker Punch||[still]\n|-fail|p2a: Kingambit\n|\n|-weather|SunnyDay|[upkeep]\n|upkeep\n|\n|t:|1683570333\n|switch|p1b: Annihilape|Annihilape, L50, M|100\/100\n|turn|3\n|\n|t:|1683570347\n|move|p2a: Kingambit|Sucker Punch||[still]\n|-fail|p2a: Kingambit\n|move|p1b: Annihilape|Bulk Up|p1b: Annihilape\n|-boost|p1b: Annihilape|atk|1\n|-boost|p1b: Annihilape|def|1\n|move|p1a: Torkoal|Heat Wave|p2b: Chien-Pao|[spread] p2a,p2b\n|-supereffective|p2a: Kingambit\n|-supereffective|p2b: Chien-Pao\n|-damage|p2a: Kingambit|0 fnt\n|-enditem|p2b: Chien-Pao|Focus Sash\n|-damage|p2b: Chien-Pao|1\/100 par\n|faint|p2a: Kingambit\n|move|p2b: Chien-Pao|Ice Spinner|p1b: Annihilape\n|-damage|p1b: Annihilape|64\/100\n|\n|-weather|SunnyDay|[upkeep]\n|upkeep\n|\n|t:|1683570352\n|switch|p2a: Dondozo|Dondozo, L50, F|100\/100\n|turn|4\n|\n|t:|1683570371\n|switch|p1a: Indeedee|Indeedee-F, L50, F, tera:Fighting|9\/100\n|-fieldstart|move: Psychic Terrain|[from] ability: Psychic Surge|[of] p1a: Indeedee\n|move|p2a: Dondozo|Protect|p2a: Dondozo\n|-singleturn|p2a: Dondozo|Protect\n|move|p1b: Annihilape|Drain Punch|p2a: Dondozo\n|-activate|p2a: Dondozo|move: Protect\n|cant|p2b: Chien-Pao|par\n|\n|-weather|SunnyDay|[upkeep]\n|upkeep\n|turn|5\n|\n|t:|1683570388\n|switch|p2b: Tatsugiri|Tatsugiri-Stretchy, L50, M|100\/100\n|-activate|p2b: Tatsugiri|ability: Commander|[of] p2a: Dondozo\n|-boost|p2a: Dondozo|atk|2\n|-boost|p2a: Dondozo|spa|2\n|-boost|p2a: Dondozo|spe|2\n|-boost|p2a: Dondozo|def|2\n|-boost|p2a: Dondozo|spd|2\n|move|p2a: Dondozo|Earthquake|p1a: Indeedee|[spread] p1a,p1b\n|-miss|p2a: Dondozo|p2b: Tatsugiri\n|-damage|p1a: Indeedee|0 fnt\n|-damage|p1b: Annihilape|35\/100\n|-enditem|p1b: Annihilape|Sitrus Berry|[eat]\n|-heal|p1b: Annihilape|60\/100|[from] item: Sitrus Berry\n|faint|p1a: Indeedee\n|move|p1b: Annihilape|Bulk Up|p1b: Annihilape\n|-boost|p1b: Annihilape|atk|1\n|-boost|p1b: Annihilape|def|1\n|\n|-weather|SunnyDay|[upkeep]\n|upkeep\n|\n|t:|1683570399\n|switch|p1a: Torkoal|Torkoal, L50, F|100\/100\n|turn|6\n|\n|t:|1683570407\n|move|p2a: Dondozo|Protect|p2a: Dondozo\n|-singleturn|p2a: Dondozo|Protect\n|move|p1b: Annihilape|Rage Fist|p2a: Dondozo\n|-activate|p2a: Dondozo|move: Protect\n|move|p1a: Torkoal|Clear Smog|p2a: Dondozo\n|-activate|p2a: Dondozo|move: Protect\n|\n|-weather|none\n|upkeep\n|turn|7\n|\n|t:|1683570418\n|move|p2a: Dondozo|Wave Crash|p1a: Torkoal\n|-supereffective|p1a: Torkoal\n|-damage|p1a: Torkoal|0 fnt\n|faint|p1a: Torkoal\n|-damage|p2a: Dondozo|80\/100|[from] Recoil\n|move|p1b: Annihilape|Rage Fist|p2a: Dondozo\n|-damage|p2a: Dondozo|30\/100\n|\n|-heal|p2a: Dondozo|36\/100|[from] item: Leftovers\n|upkeep\n|turn|8\n|\n|t:|1683570427\n|move|p2a: Dondozo|Protect|p2a: Dondozo\n|-singleturn|p2a: Dondozo|Protect\n|move|p1b: Annihilape|Rage Fist|p2a: Dondozo\n|-activate|p2a: Dondozo|move: Protect\n|\n|-heal|p2a: Dondozo|42\/100|[from] item: Leftovers\n|upkeep\n|turn|9\n|\n|t:|1683570429\n|move|p2a: Dondozo|Wave Crash|p1b: Annihilape\n|-damage|p1b: Annihilape|11\/100\n|-damage|p2a: Dondozo|29\/100|[from] Recoil\n|move|p1b: Annihilape|Rage Fist|p2a: Dondozo\n|-damage|p2a: Dondozo|0 fnt\n|faint|p2a: Dondozo\n|\n|upkeep\n|\n|t:|1683570433\n|switch|p2a: Chien-Pao|Chien-Pao, L50|1\/100 par\n|-ability|p2a: Chien-Pao|Sword of Ruin\n|turn|10\n|\n|t:|1683570442\n|move|p2b: Tatsugiri|Dragon Pulse|p1b: Annihilape\n|-damage|p1b: Annihilape|0 fnt\n|faint|p1b: Annihilape\n|\n|win|PiuPiuMOOD\n|raw|gdnbd's rating: 1044 → 1029<\/strong> (-15 for losing)\n|raw|PiuPiuMOOD's rating: 1083 → 1107<\/strong> (+24 for winning)\n|l|\u2606gdnbd\n","uploadtime":1683570451,"views":16,"p1id":"gdnbd","p2id":"piupiumood","formatid":"gen9vgc2023regulationc","rating":1029,"private":0,"password":""}