{"id":"gen9vgc2023regulationc-1848990712","p1":"mx555","p2":"Galuk","format":"[Gen 9] VGC 2023 Regulation C","log":"|j|\u2606mx555\n|j|\u2606Galuk\n|t:|1682135518\n|gametype|doubles\n|player|p1|mx555|266|1391\n|player|p2|Galuk|norman|1283\n|teamsize|p1|6\n|teamsize|p2|6\n|gen|9\n|tier|[Gen 9] VGC 2023 Regulation C\n|rated|\n|rule|Species Clause: Limit one of each Pok\u00e9mon\n|rule|Item Clause: Limit one of each item\n|clearpoke\n|poke|p1|Farigiraf, L50, M|\n|poke|p1|Dragapult, L50, F|\n|poke|p1|Chien-Pao, L50|\n|poke|p1|Iron Hands, L50|\n|poke|p1|Amoonguss, L50, M|\n|poke|p1|Iron Bundle, L50|\n|poke|p2|Kingambit, L50, M|\n|poke|p2|Ting-Lu, L50|\n|poke|p2|Flutter Mane, L50|\n|poke|p2|Amoonguss, L50, M|\n|poke|p2|Arcanine, L50, F|\n|poke|p2|Dragonite, L50, F|\n|teampreview|4\n|inactive|Battle timer is ON: inactive players will automatically lose when time's up. (requested by mx555)\n|\n|t:|1682135548\n|start\n|switch|p1a: Farigiraf|Farigiraf, L50, M|100\/100\n|switch|p1b: Iron Hands|Iron Hands, L50|100\/100\n|switch|p2a: Maguu Kenki|Kingambit, L50, M|100\/100\n|switch|p2b: Sugar|Arcanine, L50, F|100\/100\n|-ability|p2b: Sugar|Intimidate|boost\n|-unboost|p1a: Farigiraf|atk|1\n|-unboost|p1b: Iron Hands|atk|1\n|turn|1\n|inactive|Galuk has 30 seconds left.\n|\n|t:|1682135574\n|switch|p2a: Droganite|Dragonite, L50, F|100\/100\n|move|p2b: Sugar|Will-O-Wisp|p1b: Iron Hands\n|-status|p1b: Iron Hands|brn\n|move|p1b: Iron Hands|Belly Drum|p1b: Iron Hands\n|-damage|p1b: Iron Hands|50\/100 brn\n|-setboost|p1b: Iron Hands|atk|6|[from] move: Belly Drum\n|-enditem|p1b: Iron Hands|Sitrus Berry|[eat]\n|-heal|p1b: Iron Hands|75\/100 brn|[from] item: Sitrus Berry\n|move|p1a: Farigiraf|Trick Room|p1a: Farigiraf\n|-fieldstart|move: Trick Room|[of] p1a: Farigiraf\n|\n|-damage|p1b: Iron Hands|69\/100 brn|[from] brn\n|upkeep\n|turn|2\n|\n|t:|1682135597\n|move|p1b: Iron Hands|Facade|p2a: Droganite\n|-damage|p2a: Droganite|12\/100\n|move|p1a: Farigiraf|Hyper Voice|p2b: Sugar|[spread] p2a,p2b\n|-damage|p2a: Droganite|0 fnt\n|-damage|p2b: Sugar|75\/100\n|faint|p2a: Droganite\n|-enditem|p1a: Farigiraf|Throat Spray\n|-boost|p1a: Farigiraf|spa|1|[from] item: Throat Spray\n|move|p2b: Sugar|Flare Blitz|p1b: Iron Hands\n|-damage|p1b: Iron Hands|36\/100 brn\n|-damage|p2b: Sugar|60\/100|[from] Recoil\n|\n|-damage|p1b: Iron Hands|30\/100 brn|[from] brn\n|upkeep\n|\n|t:|1682135611\n|switch|p2a: No risk - No win|Ting-Lu, L50|100\/100\n|-ability|p2a: No risk - No win|Vessel of Ruin\n|turn|3\n|\n|t:|1682135627\n|-terastallize|p1b: Iron Hands|Grass\n|move|p1b: Iron Hands|Drain Punch|p2b: Sugar\n|-damage|p2b: Sugar|0 fnt\n|-heal|p1b: Iron Hands|52\/100 brn|[from] drain|[of] p2b: Sugar\n|faint|p2b: Sugar\n|move|p2a: No risk - No win|Fissure|p1a: Farigiraf|[miss]\n|-miss|p2a: No risk - No win|p1a: Farigiraf\n|move|p1a: Farigiraf|Hyper Voice|p2a: No risk - No win\n|-damage|p2a: No risk - No win|83\/100\n|\n|-damage|p1b: Iron Hands|46\/100 brn|[from] brn\n|upkeep\n|\n|t:|1682135639\n|switch|p2b: Maguu Kenki|Kingambit, L50, M|100\/100\n|turn|4\n|\n|t:|1682135646\n|-terastallize|p2b: Maguu Kenki|Dark\n|move|p1b: Iron Hands|Drain Punch|p2a: No risk - No win\n|-supereffective|p2a: No risk - No win\n|-damage|p2a: No risk - No win|0 fnt\n|-heal|p1b: Iron Hands|84\/100 brn|[from] drain|[of] p2a: No risk - No win\n|faint|p2a: No risk - No win\n|move|p1a: Farigiraf|Hyper Voice|p2b: Maguu Kenki\n|-damage|p2b: Maguu Kenki|46\/100\n|move|p2b: Maguu Kenki|Kowtow Cleave|p1b: Iron Hands\n|-crit|p1b: Iron Hands\n|-damage|p1b: Iron Hands|12\/100 brn\n|\n|-damage|p1b: Iron Hands|5\/100 brn|[from] brn\n|upkeep\n|turn|5\n|\n|t:|1682135660\n|move|p1b: Iron Hands|Drain Punch|p2b: Maguu Kenki\n|-supereffective|p2b: Maguu Kenki\n|-damage|p2b: Maguu Kenki|0 fnt\n|-heal|p1b: Iron Hands|23\/100 brn|[from] drain|[of] p2b: Maguu Kenki\n|faint|p2b: Maguu Kenki\n|\n|win|mx555\n|raw|mx555's rating: 1391 → 1405<\/strong> (+14 for winning)\n|raw|Galuk's rating: 1283 → 1266<\/strong> (-17 for losing)\n|l|\u2606Galuk\n","uploadtime":1682135669,"views":10,"p1id":"mx555","p2id":"galuk","formatid":"gen9vgc2023regulationc","rating":1266,"private":0,"password":""}