{"id":"gen9vgc2023regulationc-1846493144","p1":"Snake_Boot","p2":"Hadrian1917","format":"[Gen 9] VGC 2023 Regulation C","log":"|j|\u2606Snake_Boot\n|j|\u2606Hadrian1917\n|t:|1681845489\n|gametype|doubles\n|player|p1|Snake_Boot|benga|1203\n|player|p2|Hadrian1917|brock|1272\n|teamsize|p1|6\n|teamsize|p2|6\n|gen|9\n|tier|[Gen 9] VGC 2023 Regulation C\n|rated|\n|rule|Species Clause: Limit one of each Pok\u00e9mon\n|rule|Item Clause: Limit one of each item\n|clearpoke\n|poke|p1|Arboliva, L50, F|\n|poke|p1|Torkoal, L50, F|\n|poke|p1|Mimikyu, L50, F|\n|poke|p1|Dragalge, L50, F|\n|poke|p1|Gothitelle, L50, F|\n|poke|p1|Hatterene, L50, F|\n|poke|p2|Flutter Mane, L50|\n|poke|p2|Arcanine, L50, M|\n|poke|p2|Baxcalibur, L50, F|\n|poke|p2|Ting-Lu, L50|\n|poke|p2|Gyarados, L50, M|\n|poke|p2|Amoonguss, L50, F|\n|teampreview|4\n|inactive|Battle timer is ON: inactive players will automatically lose when time's up. (requested by Snake_Boot)\n|\n|t:|1681845524\n|start\n|switch|p1a: Mimikyu|Mimikyu, L50, F|100\/100\n|switch|p1b: Dragalge|Dragalge, L50, F|100\/100\n|switch|p2a: Arcanine|Arcanine, L50, M|100\/100\n|switch|p2b: Baxcalibur|Baxcalibur, L50, F|100\/100\n|-ability|p2a: Arcanine|Intimidate|boost\n|-unboost|p1a: Mimikyu|atk|1\n|-unboost|p1b: Dragalge|atk|1\n|turn|1\n|inactive|Snake_Boot has 30 seconds left.\n|\n|t:|1681845549\n|-terastallize|p2b: Baxcalibur|Poison\n|-terastallize|p1b: Dragalge|Dark\n|move|p2a: Arcanine|Howl|p2a: Arcanine|[spread] p2a,p2b\n|-boost|p2a: Arcanine|atk|1\n|-boost|p2b: Baxcalibur|atk|1\n|move|p2b: Baxcalibur|Icicle Crash|p1a: Mimikyu|[miss]\n|-miss|p2b: Baxcalibur|p1a: Mimikyu\n|move|p1b: Dragalge|Acid Spray|p2b: Baxcalibur\n|-resisted|p2b: Baxcalibur\n|-damage|p2b: Baxcalibur|93\/100\n|move|p1a: Mimikyu|Trick Room|p1a: Mimikyu\n|-fieldstart|move: Trick Room|[of] p1a: Mimikyu\n|\n|upkeep\n|turn|2\n|\n|t:|1681845569\n|move|p2b: Baxcalibur|Ice Shard|p1a: Mimikyu\n|-activate|p1a: Mimikyu|ability: Disguise\n|-damage|p1a: Mimikyu|100\/100\n|detailschange|p1a: Mimikyu|Mimikyu-Busted, L50, F\n|-damage|p1a: Mimikyu|88\/100|[from] pokemon: Mimikyu-Busted\n|move|p1b: Dragalge|Acid Spray|p2a: Arcanine\n|-damage|p2a: Arcanine|82\/100\n|-unboost|p2a: Arcanine|spd|2\n|move|p1a: Mimikyu|Shadow Claw|p2b: Baxcalibur\n|-damage|p2b: Baxcalibur|74\/100\n|move|p2a: Arcanine|Howl|p2a: Arcanine|[spread] p2a,p2b\n|-boost|p2a: Arcanine|atk|1\n|-boost|p2b: Baxcalibur|atk|1\n|\n|upkeep\n|turn|3\n|\n|t:|1681845593\n|move|p2a: Arcanine|Extreme Speed|p1b: Dragalge\n|-damage|p1b: Dragalge|50\/100\n|move|p2b: Baxcalibur|Ice Shard|p1b: Dragalge\n|-damage|p1b: Dragalge|0 fnt\n|faint|p1b: Dragalge\n|move|p1a: Mimikyu|Shadow Claw|p2b: Baxcalibur\n|-damage|p2b: Baxcalibur|56\/100\n|\n|upkeep\n|\n|t:|1681845605\n|switch|p1b: Arboliva|Arboliva, L50, F|100\/100\n|turn|4\n|\n|t:|1681845625\n|move|p2a: Arcanine|Extreme Speed|p1b: Arboliva\n|-damage|p1b: Arboliva|55\/100\n|-fieldstart|move: Grassy Terrain|[from] ability: Seed Sower|[of] p1b: Arboliva\n|move|p2b: Baxcalibur|Ice Shard|p1a: Mimikyu\n|-damage|p1a: Mimikyu|25\/100\n|move|p1b: Arboliva|Leech Seed|p2b: Baxcalibur\n|-start|p2b: Baxcalibur|move: Leech Seed\n|move|p1a: Mimikyu|Shadow Claw|p2b: Baxcalibur\n|-damage|p2b: Baxcalibur|36\/100\n|\n|-heal|p1b: Arboliva|61\/100|[from] Grassy Terrain\n|-heal|p1a: Mimikyu|31\/100|[from] Grassy Terrain\n|-heal|p2b: Baxcalibur|42\/100|[from] Grassy Terrain\n|-heal|p2a: Arcanine|88\/100|[from] Grassy Terrain\n|-damage|p2b: Baxcalibur|29\/100|[from] Leech Seed|[of] p1b: Arboliva\n|-heal|p1b: Arboliva|76\/100|[silent]\n|upkeep\n|turn|5\n|\n|t:|1681845649\n|move|p1b: Arboliva|Protect|p1b: Arboliva\n|-singleturn|p1b: Arboliva|Protect\n|move|p2b: Baxcalibur|Ice Shard|p1a: Mimikyu\n|-damage|p1a: Mimikyu|0 fnt\n|faint|p1a: Mimikyu\n|move|p2a: Arcanine|Howl|p2a: Arcanine|[spread] p2a,p2b\n|-boost|p2a: Arcanine|atk|1\n|-boost|p2b: Baxcalibur|atk|1\n|\n|-heal|p1b: Arboliva|82\/100|[from] Grassy Terrain\n|-heal|p2b: Baxcalibur|35\/100|[from] Grassy Terrain\n|-heal|p2a: Arcanine|94\/100|[from] Grassy Terrain\n|-damage|p2b: Baxcalibur|23\/100|[from] Leech Seed|[of] p1b: Arboliva\n|-heal|p1b: Arboliva|96\/100|[silent]\n|-fieldend|move: Trick Room\n|upkeep\n|\n|t:|1681845656\n|switch|p1a: Gothitelle|Gothitelle, L50, F|100\/100\n|turn|6\n|\n|t:|1681845673\n|move|p2b: Baxcalibur|Ice Shard|p1b: Arboliva\n|-supereffective|p1b: Arboliva\n|-damage|p1b: Arboliva|0 fnt\n|faint|p1b: Arboliva\n|move|p2a: Arcanine|Flare Blitz|p1a: Gothitelle\n|-damage|p1a: Gothitelle|0 fnt\n|faint|p1a: Gothitelle\n|-damage|p2a: Arcanine|65\/100|[from] Recoil\n|\n|win|Hadrian1917\n|raw|Snake_Boot's rating: 1203 → 1183<\/strong> (-20 for losing)\n|raw|Hadrian1917's rating: 1272 → 1292<\/strong> (+20 for winning)\n|l|\u2606Snake_Boot\n","uploadtime":1681845682,"views":13,"p1id":"snakeboot","p2id":"hadrian1917","formatid":"gen9vgc2023regulationc","rating":1183,"private":0,"password":""}