{"id":"gen9vgc2023regulationc-1856947119","p1":"ShyDude","p2":"MightyMudsdale","format":"[Gen 9] VGC 2023 Regulation C","log":"|j|\u2606ShyDude\n|j|\u2606MightyMudsdale\n|t:|1683129106\n|gametype|doubles\n|player|p1|ShyDude|cynthia|1378\n|player|p2|MightyMudsdale|nessa-masters|1358\n|teamsize|p1|6\n|teamsize|p2|6\n|gen|9\n|tier|[Gen 9] VGC 2023 Regulation C\n|rated|\n|rule|Species Clause: Limit one of each Pok\u00e9mon\n|rule|Item Clause: Limit one of each item\n|clearpoke\n|poke|p1|Chi-Yu, L50|\n|poke|p1|Dachsbun, L50, M|\n|poke|p1|Flutter Mane, L50|\n|poke|p1|Wo-Chien, L50|\n|poke|p1|Ting-Lu, L50|\n|poke|p1|Gastrodon, L50, F|\n|poke|p2|Flutter Mane, L50|\n|poke|p2|Chi-Yu, L50|\n|poke|p2|Gyarados, L50, M|\n|poke|p2|Orthworm, L50, M|\n|poke|p2|Glimmora, L50, F|\n|poke|p2|Amoonguss, L50, F|\n|teampreview|4\nMightyMudsdale has agreed to open team sheets.\n|c|\u2606MightyMudsdale|gl hf\n|\n|t:|1683129138\n|start\n|switch|p1a: Chi-Yu|Chi-Yu, L50|100\/100\n|switch|p1b: Wo-Chien|Wo-Chien, L50|100\/100\n|switch|p2a: Jeff|Orthworm, L50, M|100\/100\n|switch|p2b: Amoonguss|Amoonguss, L50, F|100\/100\n|-ability|p1a: Chi-Yu|Beads of Ruin\n|-ability|p1b: Wo-Chien|Tablets of Ruin\n|turn|1\n|\n|t:|1683129151\n|-terastallize|p2a: Jeff|Fire\n|move|p1a: Chi-Yu|Heat Wave|p2b: Amoonguss|[spread] p2a\n|-miss|p1a: Chi-Yu|p2b: Amoonguss\n|-resisted|p2a: Jeff\n|-damage|p2a: Jeff|71\/100\n|move|p1b: Wo-Chien|Leech Seed|p2a: Jeff|[miss]\n|-miss|p1b: Wo-Chien|p2a: Jeff\n|move|p2a: Jeff|Iron Defense|p2a: Jeff\n|-boost|p2a: Jeff|def|2\n|move|p2b: Amoonguss|Spore|p1a: Chi-Yu\n|-status|p1a: Chi-Yu|slp|[from] move: Spore\n|\n|upkeep\n|turn|2\n|\n|t:|1683129168\n|cant|p1a: Chi-Yu|slp\n|move|p1b: Wo-Chien|Pollen Puff|p1a: Chi-Yu\n|-immune|p1a: Chi-Yu\n|move|p2a: Jeff|Body Press|p1b: Wo-Chien\n|-supereffective|p1b: Wo-Chien\n|-damage|p1b: Wo-Chien|37\/100\n|move|p2b: Amoonguss|Pollen Puff|p2a: Jeff\n|-heal|p2a: Jeff|100\/100\n|\n|-heal|p1b: Wo-Chien|43\/100|[from] item: Leftovers\n|upkeep\n|turn|3\n|\n|t:|1683129186\n|-terastallize|p1b: Wo-Chien|Poison\n|-curestatus|p1a: Chi-Yu|slp|[msg]\n|move|p1a: Chi-Yu|Heat Wave|p2a: Jeff|[spread] p2a,p2b\n|-resisted|p2a: Jeff\n|-crit|p2a: Jeff\n|-supereffective|p2b: Amoonguss\n|-damage|p2a: Jeff|62\/100\n|-damage|p2b: Amoonguss|21\/100\n|move|p1b: Wo-Chien|Leech Seed|p2a: Jeff\n|-start|p2a: Jeff|move: Leech Seed\n|move|p2a: Jeff|Body Press|p1a: Chi-Yu\n|-supereffective|p1a: Chi-Yu\n|-damage|p1a: Chi-Yu|0 fnt\n|faint|p1a: Chi-Yu\n|move|p2b: Amoonguss|Pollen Puff|p1b: Wo-Chien\n|-resisted|p1b: Wo-Chien\n|-damage|p1b: Wo-Chien|37\/100\n|\n|-heal|p1b: Wo-Chien|43\/100|[from] item: Leftovers\n|-damage|p2a: Jeff|50\/100|[from] Leech Seed|[of] p1b: Wo-Chien\n|-heal|p1b: Wo-Chien|55\/100|[silent]\n|upkeep\n|-enditem|p2a: Jeff|Sitrus Berry|[eat]\n|-heal|p2a: Jeff|75\/100|[from] item: Sitrus Berry\n|\n|t:|1683129213\n|switch|p1a: Ting-Lu|Ting-Lu, L50|100\/100\n|-ability|p1a: Ting-Lu|Vessel of Ruin\n|turn|4\n|\n|t:|1683129230\n|move|p1b: Wo-Chien|Pollen Puff|p2b: Amoonguss\n|-damage|p2b: Amoonguss|10\/100\n|move|p2a: Jeff|Iron Defense|p2a: Jeff\n|-boost|p2a: Jeff|def|2\n|move|p1a: Ting-Lu|Rock Slide|p2a: Jeff|[spread] p2a\n|-miss|p1a: Ting-Lu|p2b: Amoonguss\n|-supereffective|p2a: Jeff\n|-crit|p2a: Jeff\n|-damage|p2a: Jeff|44\/100\n|move|p2b: Amoonguss|Spore|p1b: Wo-Chien\n|-status|p1b: Wo-Chien|slp|[from] move: Spore\n|\n|-heal|p1b: Wo-Chien|61\/100 slp|[from] item: Leftovers\n|-damage|p2a: Jeff|32\/100|[from] Leech Seed|[of] p1b: Wo-Chien\n|-heal|p1b: Wo-Chien|72\/100 slp|[silent]\n|upkeep\n|turn|5\n|\n|t:|1683129245\n|cant|p1b: Wo-Chien|slp\n|move|p2a: Jeff|Body Press|p1a: Ting-Lu\n|-supereffective|p1a: Ting-Lu\n|-damage|p1a: Ting-Lu|32\/100\n|move|p1a: Ting-Lu|Rock Slide|p2a: Jeff|[spread] p2a,p2b\n|-supereffective|p2a: Jeff\n|-damage|p2a: Jeff|25\/100\n|-damage|p2b: Amoonguss|0 fnt\n|faint|p2b: Amoonguss\n|\n|-heal|p1b: Wo-Chien|78\/100 slp|[from] item: Leftovers\n|-damage|p2a: Jeff|12\/100|[from] Leech Seed|[of] p1b: Wo-Chien\n|-heal|p1b: Wo-Chien|90\/100 slp|[silent]\n|upkeep\n|\n|t:|1683129261\n|switch|p2b: Flutter Mane|Flutter Mane, L50|100\/100\n|turn|6\n|\n|t:|1683129270\n|move|p2b: Flutter Mane|Shadow Ball|p1b: Wo-Chien\n|-damage|p1b: Wo-Chien|63\/100 slp\n|cant|p1b: Wo-Chien|slp\n|move|p2a: Jeff|Body Press|p1a: Ting-Lu\n|-supereffective|p1a: Ting-Lu\n|-damage|p1a: Ting-Lu|0 fnt\n|faint|p1a: Ting-Lu\n|\n|-heal|p1b: Wo-Chien|69\/100 slp|[from] item: Leftovers\n|-damage|p2a: Jeff|0 fnt|[from] Leech Seed|[of] p1b: Wo-Chien\n|-heal|p1b: Wo-Chien|80\/100 slp|[silent]\n|faint|p2a: Jeff\n|upkeep\n|\n|t:|1683129277\n|switch|p2a: Chi-Yu|Chi-Yu, L50|100\/100\n|switch|p1a: Gastrodon|Gastrodon, L50, F|100\/100\n|-ability|p2a: Chi-Yu|Beads of Ruin\n|turn|7\n|\n|t:|1683129288\n|move|p2a: Chi-Yu|Dark Pulse|p1a: Gastrodon\n|-crit|p1a: Gastrodon\n|-damage|p1a: Gastrodon|30\/100\n|move|p2b: Flutter Mane|Shadow Ball|p1a: Gastrodon\n|-damage|p1a: Gastrodon|0 fnt\n|faint|p1a: Gastrodon\n|cant|p1b: Wo-Chien|slp\n|\n|-heal|p1b: Wo-Chien|86\/100 slp|[from] item: Leftovers\n|upkeep\n|turn|8\n|\n|t:|1683129298\n|move|p2a: Chi-Yu|Dark Pulse|p1b: Wo-Chien\n|-damage|p1b: Wo-Chien|52\/100 slp\n|move|p2b: Flutter Mane|Shadow Ball|p1b: Wo-Chien\n|-damage|p1b: Wo-Chien|2\/100 slp\n|-curestatus|p1b: Wo-Chien|slp|[msg]\n|move|p1b: Wo-Chien|Leech Seed|p2b: Flutter Mane\n|-start|p2b: Flutter Mane|move: Leech Seed\n|\n|-heal|p1b: Wo-Chien|7\/100|[from] item: Leftovers\n|-damage|p2b: Flutter Mane|89\/100|[from] Leech Seed|[of] p1b: Wo-Chien\n|-heal|p1b: Wo-Chien|17\/100|[silent]\n|upkeep\n|turn|9\n|\n|t:|1683129307\n|move|p1b: Wo-Chien|Protect|p1b: Wo-Chien\n|-singleturn|p1b: Wo-Chien|Protect\n|move|p2a: Chi-Yu|Dark Pulse|p1b: Wo-Chien\n|-activate|p1b: Wo-Chien|move: Protect\n|move|p2b: Flutter Mane|Shadow Ball|p1b: Wo-Chien\n|-activate|p1b: Wo-Chien|move: Protect\n|\n|-heal|p1b: Wo-Chien|23\/100|[from] item: Leftovers\n|-damage|p2b: Flutter Mane|77\/100|[from] Leech Seed|[of] p1b: Wo-Chien\n|-heal|p1b: Wo-Chien|32\/100|[silent]\n|upkeep\n|turn|10\n|\n|t:|1683129312\n|move|p2a: Chi-Yu|Dark Pulse|p1b: Wo-Chien\n|-damage|p1b: Wo-Chien|0 fnt\n|faint|p1b: Wo-Chien\n|\n|win|MightyMudsdale\n|raw|ShyDude's rating: 1378 → 1357<\/strong> (-21 for losing)\n|raw|MightyMudsdale's rating: 1358 → 1379<\/strong> (+21 for winning)\n|c|\u2606MightyMudsdale|gg wp\n","uploadtime":1683129340,"views":3,"p1id":"shydude","p2id":"mightymudsdale","formatid":"gen9vgc2023regulationc","rating":1357,"private":0,"password":""}