{"id":"gen9vgc2023regulationc-1852491669","p1":"sanji8","p2":"Ricardo Randorez","format":"[Gen 9] VGC 2023 Regulation C","log":"|j|\u2606sanji8\n|j|\u2606Ricardo Randorez\n|t:|1682564606\n|gametype|doubles\n|player|p1|sanji8|volkner|1111\n|player|p2|Ricardo Randorez|2|1168\n|teamsize|p1|6\n|teamsize|p2|6\n|gen|9\n|tier|[Gen 9] VGC 2023 Regulation C\n|rated|\n|rule|Species Clause: Limit one of each Pok\u00e9mon\n|rule|Item Clause: Limit one of each item\n|clearpoke\n|poke|p1|Corviknight, L50, F|\n|poke|p1|Ting-Lu, L50|\n|poke|p1|Great Tusk, L50|\n|poke|p1|Glimmora, L50, M|\n|poke|p1|Amoonguss, L50, F|\n|poke|p1|Palafin, L50, F|\n|poke|p2|Quaquaval, L50, F|\n|poke|p2|Arcanine, L50, M|\n|poke|p2|Dragonite, L50, F|\n|poke|p2|Flutter Mane, L50|\n|poke|p2|Volcarona, L50, M|\n|poke|p2|Chien-Pao, L50|\n|teampreview|4\n|inactive|Battle timer is ON: inactive players will automatically lose when time's up. (requested by Ricardo Randorez)\n|\n|t:|1682564652\n|start\n|switch|p1a: Corviknight|Corviknight, L50, F, shiny|100\/100\n|switch|p1b: Great Tusk|Great Tusk, L50, shiny|100\/100\n|switch|p2a: Quaquaval|Quaquaval, L50, F|100\/100\n|switch|p2b: Flutter Mane|Flutter Mane, L50|100\/100\n|-enditem|p2b: Flutter Mane|Booster Energy\n|-activate|p2b: Flutter Mane|ability: Protosynthesis|[fromitem]\n|-start|p2b: Flutter Mane|protosynthesisspe\n|turn|1\n|inactive|Ricardo Randorez has 30 seconds left.\n|\n|t:|1682564681\n|move|p2b: Flutter Mane|Thunderbolt|p1a: Corviknight\n|-supereffective|p1a: Corviknight\n|-damage|p1a: Corviknight|43\/100\n|-enditem|p1a: Corviknight|Sitrus Berry|[eat]\n|-heal|p1a: Corviknight|67\/100|[from] item: Sitrus Berry\n|move|p1b: Great Tusk|Rock Slide|p2a: Quaquaval|[spread] p2a,p2b\n|-resisted|p2a: Quaquaval\n|-damage|p2a: Quaquaval|87\/100\n|-damage|p2b: Flutter Mane|61\/100\n|move|p2a: Quaquaval|Aqua Step|p1b: Great Tusk\n|-supereffective|p1b: Great Tusk\n|-damage|p1b: Great Tusk|46\/100\n|-boost|p2a: Quaquaval|spe|1\n|move|p1a: Corviknight|Tailwind|p1a: Corviknight\n|-sidestart|p1: sanji8|move: Tailwind\n|\n|upkeep\n|turn|2\n|inactive|Ricardo Randorez has 30 seconds left.\n|\n|t:|1682564714\n|move|p1b: Great Tusk|Rock Slide|p2b: Flutter Mane|[spread] p2a\n|-miss|p1b: Great Tusk|p2b: Flutter Mane\n|-resisted|p2a: Quaquaval\n|-damage|p2a: Quaquaval|74\/100\n|move|p2b: Flutter Mane|Thunderbolt|p1a: Corviknight\n|-supereffective|p1a: Corviknight\n|-damage|p1a: Corviknight|9\/100\n|move|p2a: Quaquaval|Aqua Step|p1b: Great Tusk\n|-supereffective|p1b: Great Tusk\n|-damage|p1b: Great Tusk|0 fnt\n|-boost|p2a: Quaquaval|spe|1\n|faint|p1b: Great Tusk\n|-end|p1b: Great Tusk|Protosynthesis|[silent]\n|-ability|p2a: Quaquaval|Moxie|boost\n|-boost|p2a: Quaquaval|atk|1\n|move|p1a: Corviknight|Brave Bird|p2b: Flutter Mane\n|-damage|p2b: Flutter Mane|0 fnt\n|faint|p2b: Flutter Mane\n|-end|p2b: Flutter Mane|Protosynthesis|[silent]\n|-damage|p1a: Corviknight|0 fnt|[from] Recoil\n|faint|p1a: Corviknight\n|\n|upkeep\n|\n|t:|1682564736\n|switch|p2b: Dragonite|Dragonite, L50, F|100\/100\n|switch|p1b: Palafin|Palafin, L50, F, shiny|100\/100\n|switch|p1a: Ting-Lu|Ting-Lu, L50|100\/100\n|-ability|p1a: Ting-Lu|Vessel of Ruin\n|turn|3\n|inactive|sanji8 has 30 seconds left.\n|inactive|Ricardo Randorez has 30 seconds left.\n|\n|t:|1682564766\n|-terastallize|p1a: Ting-Lu|Poison\n|-terastallize|p2b: Dragonite|Normal\n|move|p2b: Dragonite|Extreme Speed|p1b: Palafin\n|-damage|p1b: Palafin|18\/100\n|move|p1b: Palafin|Jet Punch|p2b: Dragonite\n|-damage|p2b: Dragonite|76\/100\n|move|p2a: Quaquaval|Close Combat|p1a: Ting-Lu\n|-resisted|p1a: Ting-Lu\n|-damage|p1a: Ting-Lu|79\/100\n|-unboost|p2a: Quaquaval|def|1\n|-unboost|p2a: Quaquaval|spd|1\n|move|p1a: Ting-Lu|Stomping Tantrum|p2a: Quaquaval\n|-damage|p2a: Quaquaval|23\/100\n|\n|-heal|p1a: Ting-Lu|85\/100|[from] item: Leftovers\n|upkeep\n|turn|4\n|inactive|sanji8 has 30 seconds left.\n|inactive|sanji8 has 20 seconds left.\n|\n|t:|1682564802\n|move|p2b: Dragonite|Extreme Speed|p1b: Palafin\n|-damage|p1b: Palafin|0 fnt\n|faint|p1b: Palafin\n|move|p2a: Quaquaval|Brave Bird|p1a: Ting-Lu\n|-damage|p1a: Ting-Lu|55\/100\n|-damage|p2a: Quaquaval|9\/100|[from] Recoil\n|move|p1a: Ting-Lu|Fissure|p2b: Dragonite|[miss]\n|-miss|p1a: Ting-Lu|p2b: Dragonite\n|\n|-heal|p1a: Ting-Lu|61\/100|[from] item: Leftovers\n|-sideend|p1: sanji8|move: Tailwind\n|upkeep\n|turn|5\n|\n|t:|1682564818\n|move|p2b: Dragonite|Extreme Speed|p1a: Ting-Lu\n|-damage|p1a: Ting-Lu|25\/100\n|move|p2a: Quaquaval|Aqua Step|p1a: Ting-Lu\n|-damage|p1a: Ting-Lu|0 fnt\n|-boost|p2a: Quaquaval|spe|1\n|faint|p1a: Ting-Lu\n|\n|win|Ricardo Randorez\n|raw|sanji8's rating: 1111 → 1090<\/strong> (-21 for losing)\n|raw|Ricardo Randorez's rating: 1168 → 1189<\/strong> (+21 for winning)\n|l|\u2606sanji8\n","uploadtime":1682564828,"views":7,"p1id":"sanji8","p2id":"ricardorandorez","formatid":"gen9vgc2023regulationc","rating":1090,"private":0,"password":""}