{"id":"gen9vgc2023regulationc-1845350509","p1":"lollokobra","p2":"Mitsunaga","format":"[Gen 9] VGC 2023 Regulation C","log":"|j|\u2606lollokobra\n|j|\u2606Mitsunaga\n|t:|1681719769\n|gametype|doubles\n|player|p1|lollokobra|blackbelt-gen4|1185\n|player|p2|Mitsunaga|lady-gen4|1110\n|teamsize|p1|6\n|teamsize|p2|6\n|gen|9\n|tier|[Gen 9] VGC 2023 Regulation C\n|rated|\n|rule|Species Clause: Limit one of each Pok\u00e9mon\n|rule|Item Clause: Limit one of each item\n|clearpoke\n|poke|p1|Ting-Lu, L50|\n|poke|p1|Roaring Moon, L50|\n|poke|p1|Kilowattrel, L50, M|\n|poke|p1|Annihilape, L50, F|\n|poke|p1|Arboliva, L50, M|\n|poke|p1|Bombirdier, L50, M|\n|poke|p2|Annihilape, L50, M|\n|poke|p2|Sandy Shocks, L50|\n|poke|p2|Flutter Mane, L50|\n|poke|p2|Armarouge, L50, M|\n|poke|p2|Indeedee-F, L50, F|\n|poke|p2|Talonflame, L50, M|\n|teampreview|4\n|inactive|Battle timer is ON: inactive players will automatically lose when time's up. (requested by lollokobra)\nlollokobra has agreed to open team sheets.\n|\n|t:|1681719796\n|start\n|switch|p1a: Kilowattrel|Kilowattrel, L50, M|100\/100\n|switch|p1b: Ting-Lu|Ting-Lu, L50|100\/100\n|switch|p2a: Annihilape|Annihilape, L50, M|100\/100\n|switch|p2b: Armarouge|Armarouge, L50, M|100\/100\n|-ability|p1b: Ting-Lu|Vessel of Ruin\n|turn|1\n|\n|t:|1681719812\n|move|p2a: Annihilape|Final Gambit|p1b: Ting-Lu\n|-damage|p1b: Ting-Lu|18\/100\n|faint|p2a: Annihilape\n|move|p1a: Kilowattrel|Tailwind|p1a: Kilowattrel\n|-sidestart|p1: lollokobra|move: Tailwind\n|-start|p1a: Kilowattrel|Charge|Tailwind|[from] ability: Wind Power\n|move|p2b: Armarouge|Aura Sphere|p1b: Ting-Lu\n|-supereffective|p1b: Ting-Lu\n|-damage|p1b: Ting-Lu|0 fnt\n|faint|p1b: Ting-Lu\n|\n|upkeep\n|\n|t:|1681719824\n|switch|p2a: Sandy Shocks|Sandy Shocks, L50|100\/100\n|switch|p1b: Bombirdier|Bombirdier, L50, M|100\/100\n|-enditem|p2a: Sandy Shocks|Booster Energy\n|-activate|p2a: Sandy Shocks|ability: Protosynthesis|[fromitem]\n|-start|p2a: Sandy Shocks|protosynthesisspe\n|turn|2\n|\n|t:|1681719838\n|move|p1b: Bombirdier|Protect|p1b: Bombirdier\n|-singleturn|p1b: Bombirdier|Protect\n|move|p2b: Armarouge|Protect|p2b: Armarouge\n|-singleturn|p2b: Armarouge|Protect\n|move|p1a: Kilowattrel|Discharge|p2a: Sandy Shocks|[spread] \n|-activate|p1b: Bombirdier|move: Protect\n|-activate|p2b: Armarouge|move: Protect\n|-immune|p2a: Sandy Shocks\n|-end|p1a: Kilowattrel|Charge|[silent]\n|move|p2a: Sandy Shocks|Thunderbolt|p1b: Bombirdier\n|-activate|p1b: Bombirdier|move: Protect\n|\n|upkeep\n|turn|3\n|inactive|Mitsunaga has 30 seconds left.\n|\n|t:|1681719871\n|-terastallize|p1b: Bombirdier|Rock\n|move|p1a: Kilowattrel|Air Slash|p2a: Sandy Shocks\n|-resisted|p2a: Sandy Shocks\n|-damage|p2a: Sandy Shocks|79\/100\n|move|p1b: Bombirdier|Rock Slide|p2a: Sandy Shocks|[spread] p2a\n|-miss|p1b: Bombirdier|p2b: Armarouge\n|-resisted|p2a: Sandy Shocks\n|-damage|p2a: Sandy Shocks|54\/100\n|move|p2a: Sandy Shocks|Thunderbolt|p1a: Kilowattrel\n|-damage|p1a: Kilowattrel|22\/100\n|move|p2b: Armarouge|Heat Wave|p1a: Kilowattrel|[spread] p1a,p1b\n|-resisted|p1b: Bombirdier\n|-damage|p1a: Kilowattrel|0 fnt\n|-damage|p1b: Bombirdier|74\/100\n|faint|p1a: Kilowattrel\n|\n|upkeep\n|\n|t:|1681719882\n|switch|p1a: Annihilape|Annihilape, L50, F|100\/100\n|turn|4\n|\n|t:|1681719890\n|move|p2a: Sandy Shocks|Protect|p2a: Sandy Shocks\n|-singleturn|p2a: Sandy Shocks|Protect\n|move|p2b: Armarouge|Protect|p2b: Armarouge\n|-singleturn|p2b: Armarouge|Protect\n|move|p1b: Bombirdier|Rock Slide|p2b: Armarouge|[spread] \n|-activate|p2a: Sandy Shocks|move: Protect\n|-activate|p2b: Armarouge|move: Protect\n|move|p1a: Annihilape|Drain Punch|p2a: Sandy Shocks\n|-activate|p2a: Sandy Shocks|move: Protect\n|\n|-sideend|p1: lollokobra|move: Tailwind\n|upkeep\n|turn|5\n|\n|t:|1681719908\n|move|p2a: Sandy Shocks|Earthquake|p1b: Bombirdier|[spread] p2b,p1a,p1b\n|-supereffective|p2b: Armarouge\n|-supereffective|p1b: Bombirdier\n|-damage|p2b: Armarouge|64\/100\n|-damage|p1a: Annihilape|85\/100\n|-damage|p1b: Bombirdier|28\/100\n|-ability|p2b: Armarouge|Weak Armor|boost\n|-unboost|p2b: Armarouge|def|1\n|-boost|p2b: Armarouge|spe|2\n|-enditem|p2b: Armarouge|Weakness Policy\n|-boost|p2b: Armarouge|atk|2|[from] item: Weakness Policy\n|-boost|p2b: Armarouge|spa|2|[from] item: Weakness Policy\n|move|p2b: Armarouge|Heat Wave|p1b: Bombirdier|[spread] p1a,p1b\n|-resisted|p1b: Bombirdier\n|-damage|p1a: Annihilape|18\/100\n|-damage|p1b: Bombirdier|0 fnt\n|faint|p1b: Bombirdier\n|move|p1a: Annihilape|Drain Punch|p2a: Sandy Shocks\n|-damage|p2a: Sandy Shocks|2\/100\n|-heal|p1a: Annihilape|38\/100|[from] drain|[of] p2a: Sandy Shocks\n|\n|upkeep\n|turn|6\n|-message|lollokobra forfeited.\n|\n|win|Mitsunaga\n|raw|lollokobra's rating: 1185 → 1155<\/strong> (-30 for losing)\n|raw|Mitsunaga's rating: 1110 → 1140<\/strong> (+30 for winning)\n|l|\u2606lollokobra\n","uploadtime":1681719932,"views":14,"p1id":"lollokobra","p2id":"mitsunaga","formatid":"gen9vgc2023regulationc","rating":1140,"private":0,"password":""}