{"id":"gen9vgc2023regulationc-1846823501","p1":"cap4816","p2":"xiaowubolixiaowu","format":"[Gen 9] VGC 2023 Regulation C","log":"|j|\u2606cap4816\n|j|\u2606xiaowubolixiaowu\n|t:|1681885726\n|gametype|doubles\n|player|p1|cap4816|pokekid|1340\n|player|p2|xiaowubolixiaowu|170|1412\n|teamsize|p1|6\n|teamsize|p2|6\n|gen|9\n|tier|[Gen 9] VGC 2023 Regulation C\n|rated|\n|rule|Species Clause: Limit one of each Pok\u00e9mon\n|rule|Item Clause: Limit one of each item\n|clearpoke\n|poke|p1|Great Tusk, L50|\n|poke|p1|Flutter Mane, L50|\n|poke|p1|Iron Bundle, L50|\n|poke|p1|Chi-Yu, L50|\n|poke|p1|Chien-Pao, L50|\n|poke|p1|Murkrow, L50, F|\n|poke|p2|Dondozo, L50, F|\n|poke|p2|Tatsugiri, L50, M|\n|poke|p2|Ting-Lu, L50|\n|poke|p2|Glimmora, L50, M|\n|poke|p2|Wo-Chien, L50|\n|poke|p2|Flutter Mane, L50|\n|teampreview|4\n|inactive|Battle timer is ON: inactive players will automatically lose when time's up. (requested by xiaowubolixiaowu)\n|\n|t:|1681885754\n|start\n|switch|p1a: Yui|Chi-Yu, L50|100\/100\n|switch|p1b: \u8acb\u8a02\u95b1\u99ac\u5361\u6d1b\u59ae|Iron Bundle, L50|100\/100\n|switch|p2a: Ting-Lu|Ting-Lu, L50|100\/100\n|switch|p2b: Wo-Chien|Wo-Chien, L50|100\/100\n|-ability|p1a: Yui|Beads of Ruin\n|-ability|p2b: Wo-Chien|Tablets of Ruin\n|-ability|p2a: Ting-Lu|Vessel of Ruin\n|turn|1\n|inactive|cap4816 has 30 seconds left.\n|inactive|cap4816 has 20 seconds left.\n|\n|t:|1681885792\n|-terastallize|p2b: Wo-Chien|Fire\n|move|p1b: \u8acb\u8a02\u95b1\u99ac\u5361\u6d1b\u59ae|Protect|p1b: \u8acb\u8a02\u95b1\u99ac\u5361\u6d1b\u59ae\n|-singleturn|p1b: \u8acb\u8a02\u95b1\u99ac\u5361\u6d1b\u59ae|Protect\n|move|p1a: Yui|Overheat|p2b: Wo-Chien\n|-resisted|p2b: Wo-Chien\n|-damage|p2b: Wo-Chien|75\/100\n|-unboost|p1a: Yui|spa|2\n|move|p2b: Wo-Chien|Leech Seed|p1a: Yui\n|-start|p1a: Yui|move: Leech Seed\n|move|p2a: Ting-Lu|Fissure|p1b: \u8acb\u8a02\u95b1\u99ac\u5361\u6d1b\u59ae\n|-activate|p1b: \u8acb\u8a02\u95b1\u99ac\u5361\u6d1b\u59ae|move: Protect\n|\n|-heal|p2b: Wo-Chien|81\/100|[from] item: Leftovers\n|-damage|p1a: Yui|89\/100|[from] Leech Seed|[of] p2b: Wo-Chien\n|-heal|p2b: Wo-Chien|91\/100|[silent]\n|upkeep\n|turn|2\n|inactive|cap4816 has 30 seconds left.\n|\n|t:|1681885822\n|switch|p1a: \u9019\u662f\u96ea\u8c79|Chien-Pao, L50|100\/100\n|-ability|p1a: \u9019\u662f\u96ea\u8c79|Sword of Ruin\n|move|p1b: \u8acb\u8a02\u95b1\u99ac\u5361\u6d1b\u59ae|Freeze-Dry|p2a: Ting-Lu\n|-supereffective|p2a: Ting-Lu\n|-damage|p2a: Ting-Lu|74\/100\n|move|p2b: Wo-Chien|Leech Seed|p1a: \u9019\u662f\u96ea\u8c79\n|-start|p1a: \u9019\u662f\u96ea\u8c79|move: Leech Seed\n|move|p2a: Ting-Lu|Stomping Tantrum|p1b: \u8acb\u8a02\u95b1\u99ac\u5361\u6d1b\u59ae\n|-damage|p1b: \u8acb\u8a02\u95b1\u99ac\u5361\u6d1b\u59ae|60\/100\n|\n|-heal|p2b: Wo-Chien|97\/100|[from] item: Leftovers\n|-damage|p1a: \u9019\u662f\u96ea\u8c79|88\/100|[from] Leech Seed|[of] p2b: Wo-Chien\n|-heal|p2b: Wo-Chien|100\/100|[silent]\n|upkeep\n|turn|3\n|\n|t:|1681885844\n|-end|p1b: \u8acb\u8a02\u95b1\u99ac\u5361\u6d1b\u59ae|Quark Drive|[silent]\n|switch|p1b: \u5d91\u5dbc|Great Tusk, L50|100\/100\n|move|p1a: \u9019\u662f\u96ea\u8c79|Protect|p1a: \u9019\u662f\u96ea\u8c79\n|-singleturn|p1a: \u9019\u662f\u96ea\u8c79|Protect\n|move|p2b: Wo-Chien|Pollen Puff|p2a: Ting-Lu\n|-heal|p2a: Ting-Lu|100\/100\n|move|p2a: Ting-Lu|Body Press|p1a: \u9019\u662f\u96ea\u8c79\n|-activate|p1a: \u9019\u662f\u96ea\u8c79|move: Protect\n|\n|-damage|p1a: \u9019\u662f\u96ea\u8c79|76\/100|[from] Leech Seed|[of] p2b: Wo-Chien\n|upkeep\n|turn|4\n|\n|t:|1681885860\n|-terastallize|p1a: \u9019\u662f\u96ea\u8c79|Flying\n|move|p1a: \u9019\u662f\u96ea\u8c79|Ice Spinner|p2a: Ting-Lu\n|-supereffective|p2a: Ting-Lu\n|-damage|p2a: Ting-Lu|58\/100\n|move|p1b: \u5d91\u5dbc|Earthquake|p2a: Ting-Lu|[spread] p2a,p2b\n|-immune|p1a: \u9019\u662f\u96ea\u8c79\n|-supereffective|p2b: Wo-Chien\n|-damage|p2a: Ting-Lu|33\/100\n|-damage|p2b: Wo-Chien|23\/100\n|-damage|p1b: \u5d91\u5dbc|91\/100|[from] item: Life Orb\n|move|p2b: Wo-Chien|Leech Seed|p1b: \u5d91\u5dbc\n|-start|p1b: \u5d91\u5dbc|move: Leech Seed\n|move|p2a: Ting-Lu|Body Press|p1a: \u9019\u662f\u96ea\u8c79\n|-resisted|p1a: \u9019\u662f\u96ea\u8c79\n|-damage|p1a: \u9019\u662f\u96ea\u8c79|62\/100\n|\n|-heal|p2b: Wo-Chien|30\/100|[from] item: Leftovers\n|-damage|p1a: \u9019\u662f\u96ea\u8c79|50\/100|[from] Leech Seed|[of] p2b: Wo-Chien\n|-heal|p2b: Wo-Chien|40\/100|[silent]\n|-damage|p1b: \u5d91\u5dbc|79\/100|[from] Leech Seed|[of] p2b: Wo-Chien\n|-heal|p2b: Wo-Chien|52\/100|[silent]\n|upkeep\n|turn|5\n|j| RedCharonKnight\n|\n|t:|1681885882\n|switch|p2a: Dondozo|Dondozo, L50, F|100\/100\n|move|p2b: Wo-Chien|Protect|p2b: Wo-Chien\n|-singleturn|p2b: Wo-Chien|Protect\n|move|p1a: \u9019\u662f\u96ea\u8c79|Ice Spinner|p2a: Dondozo\n|-resisted|p2a: Dondozo\n|-damage|p2a: Dondozo|89\/100\n|move|p1b: \u5d91\u5dbc|Earthquake|p2a: Dondozo|[spread] p2a\n|-activate|p2b: Wo-Chien|move: Protect\n|-immune|p1a: \u9019\u662f\u96ea\u8c79\n|-damage|p2a: Dondozo|59\/100\n|-damage|p1b: \u5d91\u5dbc|69\/100|[from] item: Life Orb\n|\n|-heal|p2b: Wo-Chien|58\/100|[from] item: Leftovers\n|-damage|p1a: \u9019\u662f\u96ea\u8c79|37\/100|[from] Leech Seed|[of] p2b: Wo-Chien\n|-heal|p2b: Wo-Chien|68\/100|[silent]\n|-damage|p1b: \u5d91\u5dbc|57\/100|[from] Leech Seed|[of] p2b: Wo-Chien\n|-heal|p2b: Wo-Chien|81\/100|[silent]\n|upkeep\n|turn|6\n|\n|t:|1681885902\n|switch|p1a: Yui|Chi-Yu, L50|89\/100\n|-ability|p1a: Yui|Beads of Ruin\n|-end|p1b: \u5d91\u5dbc|Protosynthesis|[silent]\n|switch|p1b: \u8acb\u8a02\u95b1\u99ac\u5361\u6d1b\u59ae|Iron Bundle, L50|60\/100\n|move|p2b: Wo-Chien|Pollen Puff|p2a: Dondozo\n|-heal|p2a: Dondozo|100\/100\n|move|p2a: Dondozo|Wave Crash|p1b: \u8acb\u8a02\u95b1\u99ac\u5361\u6d1b\u59ae\n|-resisted|p1b: \u8acb\u8a02\u95b1\u99ac\u5361\u6d1b\u59ae\n|-damage|p1b: \u8acb\u8a02\u95b1\u99ac\u5361\u6d1b\u59ae|40\/100\n|-damage|p2a: Dondozo|97\/100|[from] Recoil\n|\n|-heal|p2b: Wo-Chien|87\/100|[from] item: Leftovers\n|upkeep\n|turn|7\n|inactive|cap4816 has 30 seconds left.\n|\n|t:|1681885930\n|move|p1a: Yui|Dark Pulse|p2b: Wo-Chien\n|-damage|p2b: Wo-Chien|48\/100\n|move|p1b: \u8acb\u8a02\u95b1\u99ac\u5361\u6d1b\u59ae|Freeze-Dry|p2a: Dondozo\n|-supereffective|p2a: Dondozo\n|-damage|p2a: Dondozo|26\/100\n|move|p2b: Wo-Chien|Leech Seed|p1b: \u8acb\u8a02\u95b1\u99ac\u5361\u6d1b\u59ae\n|-start|p1b: \u8acb\u8a02\u95b1\u99ac\u5361\u6d1b\u59ae|move: Leech Seed\n|move|p2a: Dondozo|Wave Crash|p1a: Yui\n|-supereffective|p1a: Yui\n|-damage|p1a: Yui|0 fnt\n|faint|p1a: Yui\n|-damage|p2a: Dondozo|9\/100|[from] Recoil\n|\n|-heal|p2b: Wo-Chien|54\/100|[from] item: Leftovers\n|-damage|p1b: \u8acb\u8a02\u95b1\u99ac\u5361\u6d1b\u59ae|28\/100|[from] Leech Seed|[of] p2b: Wo-Chien\n|-heal|p2b: Wo-Chien|62\/100|[silent]\n|upkeep\n|\n|t:|1681885942\n|switch|p1a: \u5d91\u5dbc|Great Tusk, L50|57\/100\n|turn|8\n|\n|t:|1681885951\n|move|p1b: \u8acb\u8a02\u95b1\u99ac\u5361\u6d1b\u59ae|Freeze-Dry|p2a: Dondozo\n|-supereffective|p2a: Dondozo\n|-damage|p2a: Dondozo|0 fnt\n|faint|p2a: Dondozo\n|move|p1a: \u5d91\u5dbc|Headlong Rush|p2b: Wo-Chien\n|-supereffective|p2b: Wo-Chien\n|-damage|p2b: Wo-Chien|0 fnt\n|-unboost|p1a: \u5d91\u5dbc|def|1\n|-unboost|p1a: \u5d91\u5dbc|spd|1\n|faint|p2b: Wo-Chien\n|-damage|p1a: \u5d91\u5dbc|47\/100|[from] item: Life Orb\n|\n|upkeep\n|\n|t:|1681885958\n|switch|p2b: Glimmora|Glimmora, L50, M|100\/100\n|switch|p2a: Ting-Lu|Ting-Lu, L50|33\/100\n|-ability|p2a: Ting-Lu|Vessel of Ruin\n|turn|9\n|\n|t:|1681885967\n|move|p1b: \u8acb\u8a02\u95b1\u99ac\u5361\u6d1b\u59ae|Protect|p1b: \u8acb\u8a02\u95b1\u99ac\u5361\u6d1b\u59ae\n|-singleturn|p1b: \u8acb\u8a02\u95b1\u99ac\u5361\u6d1b\u59ae|Protect\n|move|p2b: Glimmora|Spiky Shield|p2b: Glimmora\n|-singleturn|p2b: Glimmora|move: Protect\n|move|p1a: \u5d91\u5dbc|Protect|p1a: \u5d91\u5dbc\n|-singleturn|p1a: \u5d91\u5dbc|Protect\n|move|p2a: Ting-Lu|Stomping Tantrum|p1a: \u5d91\u5dbc\n|-activate|p1a: \u5d91\u5dbc|move: Protect\n|\n|-damage|p1b: \u8acb\u8a02\u95b1\u99ac\u5361\u6d1b\u59ae|16\/100|[from] Leech Seed|[of] p2b: Glimmora\n|upkeep\n|turn|10\n|\n|t:|1681885986\n|move|p2b: Glimmora|Spiky Shield||[still]\n|-fail|p2b: Glimmora\n|move|p1b: \u8acb\u8a02\u95b1\u99ac\u5361\u6d1b\u59ae|Icy Wind|p2b: Glimmora|[spread] p2a,p2b\n|-supereffective|p2a: Ting-Lu\n|-damage|p2a: Ting-Lu|17\/100\n|-damage|p2b: Glimmora|79\/100\n|-unboost|p2a: Ting-Lu|spe|1\n|-unboost|p2b: Glimmora|spe|1\n|move|p1a: \u5d91\u5dbc|Headlong Rush|p2b: Glimmora\n|-supereffective|p2b: Glimmora\n|-crit|p2b: Glimmora\n|-damage|p2b: Glimmora|0 fnt\n|-unboost|p1a: \u5d91\u5dbc|def|1\n|-unboost|p1a: \u5d91\u5dbc|spd|1\n|faint|p2b: Glimmora\n|-damage|p1a: \u5d91\u5dbc|38\/100|[from] item: Life Orb\n|move|p2a: Ting-Lu|Stomping Tantrum|p1a: \u5d91\u5dbc\n|-damage|p1a: \u5d91\u5dbc|0 fnt\n|faint|p1a: \u5d91\u5dbc\n|-end|p1a: \u5d91\u5dbc|Protosynthesis|[silent]\n|\n|upkeep\n|\n|t:|1681886000\n|switch|p1a: \u9019\u662f\u96ea\u8c79|Chien-Pao, L50, tera:Flying|37\/100\n|-ability|p1a: \u9019\u662f\u96ea\u8c79|Sword of Ruin\n|turn|11\n|\n|t:|1681886004\n|move|p1b: \u8acb\u8a02\u95b1\u99ac\u5361\u6d1b\u59ae|Freeze-Dry|p2a: Ting-Lu\n|-supereffective|p2a: Ting-Lu\n|-damage|p2a: Ting-Lu|0 fnt\n|faint|p2a: Ting-Lu\n|\n|win|cap4816\n|raw|cap4816's rating: 1340 → 1364<\/strong> (+24 for winning)\n|raw|xiaowubolixiaowu's rating: 1412 → 1388<\/strong> (-24 for losing)\n|l|\u2606xiaowubolixiaowu\n","uploadtime":1681886012,"views":8,"p1id":"cap4816","p2id":"xiaowubolixiaowu","formatid":"gen9vgc2023regulationc","rating":1364,"private":0,"password":""}