{"id":"gen9vgc2023regulationc-1848301465","p1":"Sayo_love","p2":"XWolfmanxx","format":"[Gen 9] VGC 2023 Regulation C","log":"|j|\u2606Sayo_love\n|j|\u2606XWolfmanxx\n|t:|1682056525\n|gametype|doubles\n|player|p1|Sayo_love|swimmerf-gen4dp|1320\n|player|p2|XWolfmanxx|lyra|1309\n|teamsize|p1|6\n|teamsize|p2|6\n|gen|9\n|tier|[Gen 9] VGC 2023 Regulation C\n|rated|\n|rule|Species Clause: Limit one of each Pok\u00e9mon\n|rule|Item Clause: Limit one of each item\n|clearpoke\n|poke|p1|Roaring Moon, L50|\n|poke|p1|Amoonguss, L50, M|\n|poke|p1|Flutter Mane, L50|\n|poke|p1|Palafin, L50, M|\n|poke|p1|Arcanine, L50, M|\n|poke|p1|Ting-Lu, L50|\n|poke|p2|Garganacl, L50, M|\n|poke|p2|Glimmora, L50, M|\n|poke|p2|Meowscarada, L50, M|\n|poke|p2|Florges-Yellow, L50, F|\n|poke|p2|Flutter Mane, L50|\n|poke|p2|Ting-Lu, L50|\n|teampreview|4\n|\n|t:|1682056574\n|start\n|switch|p1a: Ting-Lu|Ting-Lu, L50|100\/100\n|switch|p1b: Arcanine|Arcanine, L50, M|100\/100\n|switch|p2a: Garganacl|Garganacl, L50, M, shiny|100\/100\n|switch|p2b: Meowscarada|Meowscarada, L50, M, shiny|100\/100\n|-ability|p1b: Arcanine|Intimidate|boost\n|-unboost|p2a: Garganacl|atk|1\n|-unboost|p2b: Meowscarada|atk|1\n|-ability|p1a: Ting-Lu|Vessel of Ruin\n|turn|1\n|\n|t:|1682056608\n|-terastallize|p1a: Ting-Lu|Grass\n|move|p2a: Garganacl|Wide Guard|p2a: Garganacl\n|-singleturn|p2a: Garganacl|Wide Guard\n|move|p2b: Meowscarada|Knock Off|p1b: Arcanine\n|-damage|p1b: Arcanine|71\/100\n|-enditem|p1b: Arcanine|Safety Goggles|[from] move: Knock Off|[of] p2b: Meowscarada\n|move|p1b: Arcanine|Flare Blitz|p2b: Meowscarada\n|-supereffective|p2b: Meowscarada\n|-enditem|p2b: Meowscarada|Focus Sash\n|-damage|p2b: Meowscarada|1\/100\n|-damage|p1b: Arcanine|46\/100|[from] Recoil\n|move|p1a: Ting-Lu|Stomping Tantrum|p2a: Garganacl\n|-supereffective|p2a: Garganacl\n|-damage|p2a: Garganacl|56\/100\n|\n|-heal|p2a: Garganacl|62\/100|[from] item: Leftovers\n|upkeep\n|turn|2\n|\n|t:|1682056639\n|move|p2b: Meowscarada|Protect|p2b: Meowscarada\n|-singleturn|p2b: Meowscarada|Protect\n|move|p1b: Arcanine|Extreme Speed|p2b: Meowscarada\n|-activate|p2b: Meowscarada|move: Protect\n|move|p1a: Ting-Lu|Ruination|p2a: Garganacl\n|-damage|p2a: Garganacl|31\/100\n|move|p2a: Garganacl|Recover|p2a: Garganacl\n|-heal|p2a: Garganacl|82\/100\n|\n|-heal|p2a: Garganacl|87\/100|[from] item: Leftovers\n|upkeep\n|turn|3\n|l|\u2606XWolfmanxx\n|player|p2|\n|j|\u2606XWolfmanxx\n|player|p2|XWolfmanxx|lyra\n|\n|t:|1682056669\n|switch|p2b: Florges|Florges-Yellow, L50, F, shiny|100\/100\n|move|p1b: Arcanine|Flare Blitz|p2b: Florges\n|-damage|p2b: Florges|44\/100\n|-damage|p1b: Arcanine|28\/100|[from] Recoil\n|move|p1a: Ting-Lu|Stomping Tantrum|p2a: Garganacl\n|-supereffective|p2a: Garganacl\n|-damage|p2a: Garganacl|46\/100\n|move|p2a: Garganacl|Recover|p2a: Garganacl\n|-heal|p2a: Garganacl|96\/100\n|\n|-heal|p2a: Garganacl|100\/100|[from] item: Leftovers\n|upkeep\n|turn|4\n|\n|t:|1682056689\n|move|p2b: Florges|Protect|p2b: Florges\n|-singleturn|p2b: Florges|Protect\n|move|p1b: Arcanine|Flare Blitz|p2b: Florges\n|-activate|p2b: Florges|move: Protect\n|move|p1a: Ting-Lu|Stomping Tantrum|p2a: Garganacl\n|-supereffective|p2a: Garganacl\n|-damage|p2a: Garganacl|57\/100\n|move|p2a: Garganacl|Salt Cure|p1b: Arcanine\n|-supereffective|p1b: Arcanine\n|-damage|p1b: Arcanine|9\/100\n|-start|p1b: Arcanine|Salt Cure\n|\n|-heal|p2a: Garganacl|63\/100|[from] item: Leftovers\n|-damage|p1b: Arcanine|0 fnt|[from] Salt Cure\n|faint|p1b: Arcanine\n|upkeep\n|\n|t:|1682056698\n|switch|p1b: Flutter Mane|Flutter Mane, L50|100\/100\n|turn|5\n|\n|t:|1682056726\n|move|p2a: Garganacl|Protect|p2a: Garganacl\n|-singleturn|p2a: Garganacl|Protect\n|move|p1b: Flutter Mane|Moonblast|p2a: Garganacl\n|-activate|p2a: Garganacl|move: Protect\n|move|p2b: Florges|Synthesis|p2b: Florges\n|-heal|p2b: Florges|94\/100\n|move|p1a: Ting-Lu|Heavy Slam|p2b: Florges\n|-supereffective|p2b: Florges\n|-damage|p2b: Florges|12\/100\n|\n|-heal|p2a: Garganacl|69\/100|[from] item: Leftovers\n|upkeep\n|turn|6\n|\n|t:|1682056769\n|-terastallize|p2a: Garganacl|Poison\n|move|p2b: Florges|Protect|p2b: Florges\n|-singleturn|p2b: Florges|Protect\n|move|p1b: Flutter Mane|Moonblast|p2a: Garganacl\n|-resisted|p2a: Garganacl\n|-damage|p2a: Garganacl|44\/100\n|move|p1a: Ting-Lu|Stomping Tantrum|p2b: Florges\n|-activate|p2b: Florges|move: Protect\n|move|p2a: Garganacl|Salt Cure|p1a: Ting-Lu\n|-damage|p1a: Ting-Lu|95\/100\n|-start|p1a: Ting-Lu|Salt Cure\n|\n|-heal|p2a: Garganacl|50\/100|[from] item: Leftovers\n|-damage|p1a: Ting-Lu|83\/100|[from] Salt Cure\n|upkeep\n|turn|7\n|\n|t:|1682056787\n|move|p2a: Garganacl|Protect|p2a: Garganacl\n|-singleturn|p2a: Garganacl|Protect\n|move|p1b: Flutter Mane|Moonblast|p2b: Florges\n|-damage|p2b: Florges|0 fnt\n|faint|p2b: Florges\n|move|p1a: Ting-Lu|Stomping Tantrum|p2a: Garganacl\n|-activate|p2a: Garganacl|move: Protect\n|\n|-heal|p2a: Garganacl|56\/100|[from] item: Leftovers\n|-damage|p1a: Ting-Lu|71\/100|[from] Salt Cure\n|upkeep\n|\n|t:|1682056802\n|switch|p2b: Flutter Mane|Flutter Mane, L50, shiny|100\/100\n|-enditem|p2b: Flutter Mane|Booster Energy\n|-activate|p2b: Flutter Mane|ability: Protosynthesis|[fromitem]\n|-start|p2b: Flutter Mane|protosynthesisspe\n|turn|8\n|\n|t:|1682056825\n|-end|p1b: Flutter Mane|Protosynthesis|[silent]\n|switch|p1b: Roaring Moon|Roaring Moon, L50|100\/100\n|-enditem|p1b: Roaring Moon|Booster Energy\n|-activate|p1b: Roaring Moon|ability: Protosynthesis|[fromitem]\n|-start|p1b: Roaring Moon|protosynthesisatk\n|move|p2b: Flutter Mane|Substitute|p2b: Flutter Mane\n|-start|p2b: Flutter Mane|Substitute\n|-damage|p2b: Flutter Mane|76\/100\n|move|p1a: Ting-Lu|Heavy Slam|p2b: Flutter Mane\n|-supereffective|p2b: Flutter Mane\n|-end|p2b: Flutter Mane|Substitute\n|move|p2a: Garganacl|Recover|p2a: Garganacl\n|-heal|p2a: Garganacl|100\/100\n|\n|-damage|p1a: Ting-Lu|59\/100|[from] Salt Cure\n|upkeep\n|turn|9\n|\n|t:|1682056845\n|move|p1b: Roaring Moon|Protect|p1b: Roaring Moon\n|-singleturn|p1b: Roaring Moon|Protect\n|move|p2b: Flutter Mane|Dazzling Gleam|p1a: Ting-Lu|[spread] p1a\n|-activate|p1b: Roaring Moon|move: Protect\n|-damage|p1a: Ting-Lu|48\/100\n|move|p1a: Ting-Lu|Snarl|p2a: Garganacl|[spread] p2b\n|-miss|p1a: Ting-Lu|p2a: Garganacl\n|-damage|p2b: Flutter Mane|69\/100\n|-unboost|p2b: Flutter Mane|spa|1\n|move|p2a: Garganacl|Salt Cure|p1a: Ting-Lu\n|-damage|p1a: Ting-Lu|42\/100\n|\n|-damage|p1a: Ting-Lu|30\/100|[from] Salt Cure\n|upkeep\n|turn|10\n|\n|t:|1682056868\n|-end|p1b: Roaring Moon|Protosynthesis|[silent]\n|switch|p1b: Flutter Mane|Flutter Mane, L50|100\/100\n|move|p2b: Flutter Mane|Dazzling Gleam|p1a: Ting-Lu|[spread] p1a,p1b\n|-damage|p1a: Ting-Lu|23\/100\n|-damage|p1b: Flutter Mane|89\/100\n|move|p1a: Ting-Lu|Heavy Slam|p2b: Flutter Mane\n|-supereffective|p2b: Flutter Mane\n|-damage|p2b: Flutter Mane|0 fnt\n|faint|p2b: Flutter Mane\n|-end|p2b: Flutter Mane|Protosynthesis|[silent]\n|move|p2a: Garganacl|Salt Cure|p1b: Flutter Mane\n|-damage|p1b: Flutter Mane|73\/100\n|-start|p1b: Flutter Mane|Salt Cure\n|\n|-damage|p1b: Flutter Mane|61\/100|[from] Salt Cure\n|-damage|p1a: Ting-Lu|11\/100|[from] Salt Cure\n|upkeep\n|\n|t:|1682056884\n|switch|p2b: Meowscarada|Meowscarada, L50, M, shiny|1\/100\n|turn|11\n|\n|t:|1682056894\n|move|p2b: Meowscarada|Protect|p2b: Meowscarada\n|-singleturn|p2b: Meowscarada|Protect\n|move|p2a: Garganacl|Protect|p2a: Garganacl\n|-singleturn|p2a: Garganacl|Protect\n|move|p1b: Flutter Mane|Shadow Ball|p2b: Meowscarada\n|-activate|p2b: Meowscarada|move: Protect\n|move|p1a: Ting-Lu|Snarl|p2a: Garganacl|[spread] \n|-activate|p2a: Garganacl|move: Protect\n|-activate|p2b: Meowscarada|move: Protect\n|\n|-damage|p1b: Flutter Mane|49\/100|[from] Salt Cure\n|-damage|p1a: Ting-Lu|0 fnt|[from] Salt Cure\n|faint|p1a: Ting-Lu\n|upkeep\n|\n|t:|1682056897\n|switch|p1a: Roaring Moon|Roaring Moon, L50|100\/100\n|turn|12\n|\n|t:|1682056918\n|move|p2b: Meowscarada|Flower Trick|p1b: Flutter Mane\n|-crit|p1b: Flutter Mane\n|-damage|p1b: Flutter Mane|0 fnt\n|faint|p1b: Flutter Mane\n|-end|p1b: Flutter Mane|Protosynthesis|[silent]\n|move|p1a: Roaring Moon|Throat Chop|p2b: Meowscarada\n|-resisted|p2b: Meowscarada\n|-damage|p2b: Meowscarada|0 fnt\n|faint|p2b: Meowscarada\n|move|p2a: Garganacl|Salt Cure|p1a: Roaring Moon\n|-damage|p1a: Roaring Moon|90\/100\n|-start|p1a: Roaring Moon|Salt Cure\n|\n|-damage|p1a: Roaring Moon|78\/100|[from] Salt Cure\n|upkeep\n|turn|13\n|\n|t:|1682056932\n|move|p2a: Garganacl|Protect|p2a: Garganacl\n|-singleturn|p2a: Garganacl|Protect\n|move|p1a: Roaring Moon|Dragon Dance|p1a: Roaring Moon\n|-boost|p1a: Roaring Moon|atk|1\n|-boost|p1a: Roaring Moon|spe|1\n|\n|-damage|p1a: Roaring Moon|66\/100|[from] Salt Cure\n|upkeep\n|turn|14\n|\n|t:|1682056954\n|move|p1a: Roaring Moon|Throat Chop|p2a: Garganacl\n|-damage|p2a: Garganacl|55\/100\n|-start|p2a: Garganacl|Throat Chop|[silent]\n|move|p2a: Garganacl|Salt Cure|p1a: Roaring Moon\n|-damage|p1a: Roaring Moon|56\/100\n|\n|-heal|p2a: Garganacl|61\/100|[from] item: Leftovers\n|-damage|p1a: Roaring Moon|43\/100|[from] Salt Cure\n|upkeep\n|turn|15\n|\n|t:|1682056964\n|move|p1a: Roaring Moon|Dragon Dance|p1a: Roaring Moon\n|-boost|p1a: Roaring Moon|atk|1\n|-boost|p1a: Roaring Moon|spe|1\n|move|p2a: Garganacl|Recover|p2a: Garganacl\n|-heal|p2a: Garganacl|100\/100\n|\n|-damage|p1a: Roaring Moon|31\/100|[from] Salt Cure\n|-end|p2a: Garganacl|Throat Chop|[silent]\n|upkeep\n|turn|16\n|\n|t:|1682056972\n|move|p1a: Roaring Moon|Throat Chop|p2a: Garganacl\n|-damage|p2a: Garganacl|39\/100\n|-start|p2a: Garganacl|Throat Chop|[silent]\n|move|p2a: Garganacl|Recover|p2a: Garganacl\n|-heal|p2a: Garganacl|89\/100\n|\n|-heal|p2a: Garganacl|95\/100|[from] item: Leftovers\n|-damage|p1a: Roaring Moon|19\/100|[from] Salt Cure\n|upkeep\n|turn|17\n|\n|t:|1682056982\n|move|p1a: Roaring Moon|Throat Chop|p2a: Garganacl\n|-damage|p2a: Garganacl|37\/100\n|move|p2a: Garganacl|Salt Cure|p1a: Roaring Moon\n|-damage|p1a: Roaring Moon|9\/100\n|\n|-heal|p2a: Garganacl|43\/100|[from] item: Leftovers\n|-damage|p1a: Roaring Moon|0 fnt|[from] Salt Cure\n|faint|p1a: Roaring Moon\n|-end|p1a: Roaring Moon|Protosynthesis|[silent]\n|\n|win|XWolfmanxx\n|upkeep\n|raw|Sayo_love's rating: 1320 → 1299<\/strong> (-21 for losing)\n|raw|XWolfmanxx's rating: 1309 → 1330<\/strong> (+21 for winning)\n","uploadtime":1682056992,"views":10,"p1id":"sayolove","p2id":"xwolfmanxx","formatid":"gen9vgc2023regulationc","rating":1299,"private":0,"password":""}