{"id":"gen9vgc2023regulationc-1847724774","p1":"zzzhhh01","p2":"edoox","format":"[Gen 9] VGC 2023 Regulation C","log":"|j|\u2606zzzhhh01\n|j|\u2606edoox\n|t:|1681996438\n|gametype|doubles\n|player|p1|zzzhhh01|170|1192\n|player|p2|edoox|n|1205\n|teamsize|p1|6\n|teamsize|p2|6\n|gen|9\n|tier|[Gen 9] VGC 2023 Regulation C\n|rated|\n|rule|Species Clause: Limit one of each Pok\u00e9mon\n|rule|Item Clause: Limit one of each item\n|clearpoke\n|poke|p1|Flutter Mane, L50|\n|poke|p1|Dragonite, L50, F|\n|poke|p1|Dragapult, L50, F|\n|poke|p1|Chien-Pao, L50|\n|poke|p1|Chi-Yu, L50|\n|poke|p1|Talonflame, L50, F|\n|poke|p2|Palafin, L50, F|\n|poke|p2|Chien-Pao, L50|\n|poke|p2|Dragapult, L50, M|\n|poke|p2|Amoonguss, L50, M|\n|poke|p2|Flutter Mane, L50|\n|poke|p2|Talonflame, L50, M|\n|teampreview|4\n|\n|t:|1681996467\n|start\n|switch|p1a: Talonflame|Talonflame, L50, F|100\/100\n|switch|p1b: Dragapult|Dragapult, L50, F|100\/100\n|switch|p2a: Mimi|Flutter Mane, L50|100\/100\n|switch|p2b: Talonflame|Talonflame, L50, M|100\/100\n|turn|1\n|\n|t:|1681996484\n|move|p2b: Talonflame|Tailwind|p2b: Talonflame\n|-sidestart|p2: edoox|move: Tailwind\n|move|p1a: Talonflame|Brave Bird|p2a: Mimi\n|-crit|p2a: Mimi\n|-damage|p2a: Mimi|0 fnt\n|faint|p2a: Mimi\n|-end|p2a: Mimi|Protosynthesis|[silent]\n|-damage|p1a: Talonflame|73\/100|[from] Recoil\n|move|p1b: Dragapult|Dragon Darts|p2b: Talonflame\n|-damage|p2b: Talonflame|44\/100\n|-anim|p1b: Dragapult|Dragon Darts|p2b: Talonflame\n|-damage|p2b: Talonflame|0 fnt\n|faint|p2b: Talonflame\n|\n|upkeep\n|\n|t:|1681996494\n|switch|p2a: WoChien|Amoonguss, L50, M|100\/100\n|switch|p2b: Dnite|Dragapult, L50, M|100\/100\n|turn|2\n|\n|t:|1681996513\n|-terastallize|p2b: Dnite|Steel\n|move|p2b: Dnite|Dragon Darts|p1a: Talonflame\n|-damage|p1a: Talonflame|12\/100\n|-anim|p2b: Dnite|Dragon Darts|p1b: Dragapult\n|-supereffective|p1b: Dragapult\n|-damage|p1b: Dragapult|5\/100\n|move|p1b: Dragapult|Dragon Darts|p2b: Dnite\n|-resisted|p2b: Dnite\n|-damage|p2b: Dnite|75\/100\n|-anim|p1b: Dragapult|Dragon Darts|p2a: WoChien\n|-damage|p2a: WoChien|65\/100\n|move|p1a: Talonflame|Tailwind|p1a: Talonflame\n|-sidestart|p1: zzzhhh01|move: Tailwind\n|move|p2a: WoChien|Spore|p1b: Dragapult\n|-status|p1b: Dragapult|slp|[from] move: Spore\n|\n|upkeep\n|turn|3\n|\n|t:|1681996534\n|switch|p1b: Chi-Yu|Chi-Yu, L50|100\/100\n|-ability|p1b: Chi-Yu|Beads of Ruin\n|move|p2a: WoChien|Rage Powder|p2a: WoChien\n|-singleturn|p2a: WoChien|move: Rage Powder\n|move|p2b: Dnite|Dragon Darts|p1b: Chi-Yu\n|-damage|p1b: Chi-Yu|36\/100\n|-anim|p2b: Dnite|Dragon Darts|p1a: Talonflame\n|-damage|p1a: Talonflame|0 fnt\n|faint|p1a: Talonflame\n|\n|upkeep\n|\n|t:|1681996545\n|switch|p1a: Flutter Mane|Flutter Mane, L50|100\/100\n|turn|4\n|\n|t:|1681996553\n|-terastallize|p1a: Flutter Mane|Fairy\n|move|p2b: Dnite|Dragon Darts|p1b: Chi-Yu\n|-damage|p1b: Chi-Yu|0 fnt\n|faint|p1b: Chi-Yu\n|move|p1a: Flutter Mane|Dazzling Gleam|p2a: WoChien|[spread] p2a,p2b\n|-resisted|p2a: WoChien\n|-resisted|p2b: Dnite\n|-damage|p2a: WoChien|45\/100\n|-damage|p2b: Dnite|38\/100\n|-enditem|p2a: WoChien|Sitrus Berry|[eat]\n|-heal|p2a: WoChien|70\/100|[from] item: Sitrus Berry\n|-damage|p1a: Flutter Mane|91\/100|[from] item: Life Orb\n|move|p2a: WoChien|Spore|p1a: Flutter Mane\n|-status|p1a: Flutter Mane|slp|[from] move: Spore\n|\n|-sideend|p2: edoox|move: Tailwind\n|upkeep\n|\n|t:|1681996567\n|switch|p1b: Dragapult|Dragapult, L50, F|5\/100 slp\n|turn|5\n|\n|t:|1681996578\n|cant|p1b: Dragapult|slp\n|cant|p1a: Flutter Mane|slp\n|move|p2b: Dnite|Dragon Darts|p1b: Dragapult\n|-supereffective|p1b: Dragapult\n|-damage|p1b: Dragapult|0 fnt\n|faint|p1b: Dragapult\n|move|p2a: WoChien|Pollen Puff|p2b: Dnite\n|-heal|p2b: Dnite|88\/100\n|\n|-sideend|p1: zzzhhh01|move: Tailwind\n|upkeep\n|turn|6\n|\n|t:|1681996592\n|move|p2b: Dnite|Dragon Darts|p1a: Flutter Mane\n|-immune|p1a: Flutter Mane\n|-curestatus|p1a: Flutter Mane|slp|[msg]\n|move|p1a: Flutter Mane|Dazzling Gleam|p2b: Dnite|[spread] p2a,p2b\n|-resisted|p2a: WoChien\n|-resisted|p2b: Dnite\n|-damage|p2a: WoChien|47\/100\n|-damage|p2b: Dnite|49\/100\n|-damage|p1a: Flutter Mane|81\/100|[from] item: Life Orb\n|move|p2a: WoChien|Spore|p1a: Flutter Mane\n|-status|p1a: Flutter Mane|slp|[from] move: Spore\n|\n|upkeep\n|turn|7\n|\n|t:|1681996606\n|move|p2b: Dnite|Dragon Darts|p1a: Flutter Mane\n|-immune|p1a: Flutter Mane\n|cant|p1a: Flutter Mane|slp\n|move|p2a: WoChien|Pollen Puff|p2b: Dnite\n|-heal|p2b: Dnite|99\/100\n|\n|upkeep\n|turn|8\n|\n|t:|1681996617\n|move|p2b: Dnite|Dragon Darts|p1a: Flutter Mane\n|-immune|p1a: Flutter Mane\n|cant|p1a: Flutter Mane|slp\n|move|p2a: WoChien|Spore|p1a: Flutter Mane\n|-fail|p1a: Flutter Mane|slp\n|\n|upkeep\n|turn|9\n|\n|t:|1681996629\n|move|p2b: Dnite|Dragon Darts|p1a: Flutter Mane\n|-immune|p1a: Flutter Mane\n|cant|p1a: Flutter Mane|slp\n|move|p2a: WoChien|Spore|p1a: Flutter Mane\n|-fail|p1a: Flutter Mane|slp\n|\n|upkeep\n|turn|10\n|\n|t:|1681996641\n|move|p2b: Dnite|Dragon Darts|p1a: Flutter Mane\n|-immune|p1a: Flutter Mane\n|-curestatus|p1a: Flutter Mane|slp|[msg]\n|move|p1a: Flutter Mane|Moonblast|p2b: Dnite\n|-resisted|p2b: Dnite\n|-damage|p2b: Dnite|33\/100\n|-damage|p1a: Flutter Mane|71\/100|[from] item: Life Orb\n|move|p2a: WoChien|Spore|p1a: Flutter Mane\n|-status|p1a: Flutter Mane|slp|[from] move: Spore\n|\n|upkeep\n|turn|11\n|\n|t:|1681996655\n|move|p2b: Dnite|Dragon Darts|p1a: Flutter Mane\n|-immune|p1a: Flutter Mane\n|cant|p1a: Flutter Mane|slp\n|move|p2a: WoChien|Pollen Puff|p2b: Dnite\n|-heal|p2b: Dnite|83\/100\n|\n|upkeep\n|turn|12\n|\n|t:|1681996665\n|move|p2b: Dnite|Dragon Darts|p1a: Flutter Mane\n|-immune|p1a: Flutter Mane\n|cant|p1a: Flutter Mane|slp\n|move|p2a: WoChien|Pollen Puff|p1a: Flutter Mane\n|-resisted|p1a: Flutter Mane\n|-damage|p1a: Flutter Mane|62\/100 slp\n|\n|upkeep\n|turn|13\n|\n|t:|1681996678\n|move|p2b: Dnite|Dragon Darts|p1a: Flutter Mane\n|-immune|p1a: Flutter Mane\n|-curestatus|p1a: Flutter Mane|slp|[msg]\n|move|p1a: Flutter Mane|Moonblast|p2a: WoChien\n|-resisted|p2a: WoChien\n|-damage|p2a: WoChien|8\/100\n|-damage|p1a: Flutter Mane|52\/100|[from] item: Life Orb\n|move|p2a: WoChien|Spore|p1a: Flutter Mane\n|-status|p1a: Flutter Mane|slp|[from] move: Spore\n|\n|upkeep\n|turn|14\n|\n|t:|1681996693\n|move|p2b: Dnite|Dragon Darts|p1a: Flutter Mane\n|-immune|p1a: Flutter Mane\n|cant|p1a: Flutter Mane|slp\n|move|p2a: WoChien|Pollen Puff|p1a: Flutter Mane\n|-resisted|p1a: Flutter Mane\n|-damage|p1a: Flutter Mane|42\/100 slp\n|\n|upkeep\n|turn|15\n|\n|t:|1681996705\n|move|p2b: Dnite|Dragon Darts|p1a: Flutter Mane\n|-immune|p1a: Flutter Mane\n|cant|p1a: Flutter Mane|slp\n|move|p2a: WoChien|Pollen Puff|p1a: Flutter Mane\n|-resisted|p1a: Flutter Mane\n|-damage|p1a: Flutter Mane|33\/100 slp\n|\n|upkeep\n|turn|16\n|\n|t:|1681996720\n|move|p2b: Dnite|Dragon Darts|p1a: Flutter Mane\n|-immune|p1a: Flutter Mane\n|-curestatus|p1a: Flutter Mane|slp|[msg]\n|move|p1a: Flutter Mane|Shadow Ball|p2a: WoChien\n|-damage|p2a: WoChien|0 fnt\n|faint|p2a: WoChien\n|-damage|p1a: Flutter Mane|23\/100|[from] item: Life Orb\n|\n|upkeep\n|turn|17\n|\n|t:|1681996730\n|move|p2b: Dnite|Dragon Darts|p1a: Flutter Mane\n|-immune|p1a: Flutter Mane\n|move|p1a: Flutter Mane|Shadow Ball|p2b: Dnite\n|-damage|p2b: Dnite|4\/100\n|-damage|p1a: Flutter Mane|13\/100|[from] item: Life Orb\n|\n|upkeep\n|turn|18\n|\n|t:|1681996738\n|-activate|p2b: Dnite|move: Struggle\n|move|p2b: Dnite|Struggle|p1a: Flutter Mane\n|-damage|p1a: Flutter Mane|0 fnt\n|faint|p1a: Flutter Mane\n|-end|p1a: Flutter Mane|Protosynthesis|[silent]\n|-damage|p2b: Dnite|0 fnt|[from] recoil\n|faint|p2b: Dnite\n|\n|win|edoox\n|raw|zzzhhh01's rating: 1192 → 1168<\/strong> (-24 for losing)\n|raw|edoox's rating: 1205 → 1229<\/strong> (+24 for winning)\n|l|\u2606edoox\n","uploadtime":1681996784,"views":8,"p1id":"zzzhhh01","p2id":"edoox","formatid":"gen9vgc2023regulationc","rating":1168,"private":0,"password":""}