{"id":"gen9vgc2023regulationc-1856220967","p1":"hulksmash91","p2":"kricketot marx","format":"[Gen 9] VGC 2023 Regulation C","log":"|j|\u2606hulksmash91\n|j|\u2606kricketot marx\n|t:|1683042067\n|gametype|doubles\n|player|p1|hulksmash91|169|1413\n|player|p2|kricketot marx|may|1377\n|teamsize|p1|6\n|teamsize|p2|6\n|gen|9\n|tier|[Gen 9] VGC 2023 Regulation C\n|rated|\n|rule|Species Clause: Limit one of each Pok\u00e9mon\n|rule|Item Clause: Limit one of each item\n|clearpoke\n|poke|p1|Garchomp, L50, M|\n|poke|p1|Rotom-Heat, L50|\n|poke|p1|Kingambit, L50, F|\n|poke|p1|Grimmsnarl, L50, M|\n|poke|p1|Amoonguss, L50, F|\n|poke|p1|Dragonite, L50, F|\n|poke|p2|Abomasnow, L50, F|\n|poke|p2|Iron Bundle, L50|\n|poke|p2|Flutter Mane, L50|\n|poke|p2|Arcanine, L50, M|\n|poke|p2|Ting-Lu, L50|\n|poke|p2|Garganacl, L50, M|\n|teampreview|4\nhulksmash91 has agreed to open team sheets.\nkricketot marx has agreed to open team sheets.\n|inactive|Battle timer is ON: inactive players will automatically lose when time's up. (requested by hulksmash91)\n|\n|t:|1683042153\n|start\n|switch|p1a: Kid Fofer|Dragonite, L50, F|100\/100\n|switch|p1b: Kingambit|Kingambit, L50, F|100\/100\n|switch|p2a: Abomasnow|Abomasnow, L50, F|100\/100\n|switch|p2b: Ting-Lu|Ting-Lu, L50|100\/100\n|-weather|Snow|[from] ability: Snow Warning|[of] p2a: Abomasnow\n|-ability|p2b: Ting-Lu|Vessel of Ruin\n|turn|1\n|inactive|hulksmash91 has 30 seconds left.\n|inactive|kricketot marx has 30 seconds left.\n|inactive|kricketot marx has 20 seconds left.\n|inactive|kricketot marx has 15 seconds left.\n|\n|t:|1683042193\n|-terastallize|p1a: Kid Fofer|Flying\n|-terastallize|p2a: Abomasnow|Water\n|move|p1a: Kid Fofer|Tera Blast|p2a: Abomasnow\n|-damage|p2a: Abomasnow|28\/100\n|move|p2a: Abomasnow|Aurora Veil|p2a: Abomasnow\n|-sidestart|p2: kricketot marx|move: Aurora Veil\n|move|p2b: Ting-Lu|Stomping Tantrum|p1b: Kingambit\n|-supereffective|p1b: Kingambit\n|-damage|p1b: Kingambit|50\/100\n|move|p1b: Kingambit|Iron Head|p2a: Abomasnow\n|-resisted|p2a: Abomasnow\n|-damage|p2a: Abomasnow|10\/100\n|\n|-weather|Snow|[upkeep]\n|upkeep\n|turn|2\n|\n|t:|1683042214\n|move|p1a: Kid Fofer|Low Kick|p2b: Ting-Lu\n|-supereffective|p2b: Ting-Lu\n|-damage|p2b: Ting-Lu|64\/100\n|move|p2a: Abomasnow|Blizzard|p1a: Kid Fofer|[spread] p1a,p1b\n|-supereffective|p1a: Kid Fofer\n|-resisted|p1b: Kingambit\n|-damage|p1a: Kid Fofer|82\/100\n|-damage|p1b: Kingambit|37\/100\n|move|p2b: Ting-Lu|Stomping Tantrum|p1b: Kingambit\n|-supereffective|p1b: Kingambit\n|-damage|p1b: Kingambit|0 fnt\n|faint|p1b: Kingambit\n|\n|-weather|Snow|[upkeep]\n|upkeep\n|\n|t:|1683042224\n|switch|p1b: Garchomp|Garchomp, L50, M|100\/100\n|turn|3\n|inactive|kricketot marx has 30 seconds left.\n|inactive|kricketot marx has 20 seconds left.\n|inactive|kricketot marx has 15 seconds left.\n|\n|t:|1683042269\n|move|p1b: Garchomp|Earthquake|p2b: Ting-Lu|[spread] p2a,p2b\n|-immune|p1a: Kid Fofer\n|-damage|p2a: Abomasnow|0 fnt\n|-damage|p2b: Ting-Lu|44\/100\n|faint|p2a: Abomasnow\n|-damage|p1b: Garchomp|91\/100|[from] item: Life Orb\n|move|p1a: Kid Fofer|Low Kick|p2b: Ting-Lu\n|-supereffective|p2b: Ting-Lu\n|-damage|p2b: Ting-Lu|3\/100\n|move|p2b: Ting-Lu|Heavy Slam|p1a: Kid Fofer\n|-damage|p1a: Kid Fofer|58\/100\n|\n|-weather|Snow|[upkeep]\n|upkeep\n|\n|t:|1683042279\n|switch|p2a: Iron Bundle|Iron Bundle, L50|100\/100\n|turn|4\n|\n|t:|1683042290\n|switch|p1a: Rotom|Rotom-Heat, L50|100\/100\n|switch|p2b: Arcanine|Arcanine, L50, M|100\/100\n|-ability|p2b: Arcanine|Intimidate|boost\n|-unboost|p1a: Rotom|atk|1\n|-unboost|p1b: Garchomp|atk|1\n|move|p1b: Garchomp|Protect|p1b: Garchomp\n|-singleturn|p1b: Garchomp|Protect\n|move|p2a: Iron Bundle|Blizzard|p1b: Garchomp|[spread] p1a\n|-activate|p1b: Garchomp|move: Protect\n|-resisted|p1a: Rotom\n|-damage|p1a: Rotom|77\/100\n|\n|-weather|Snow|[upkeep]\n|upkeep\n|turn|5\n|inactive|kricketot marx has 30 seconds left.\n|inactive|kricketot marx has 20 seconds left.\n|\n|t:|1683042326\n|switch|p1a: Kid Fofer|Dragonite, L50, F, tera:Flying|58\/100\n|move|p2a: Iron Bundle|Hydro Pump|p1a: Kid Fofer\n|-damage|p1a: Kid Fofer|23\/100\n|move|p1b: Garchomp|Earthquake|p2a: Iron Bundle|[spread] p2a,p2b\n|-immune|p1a: Kid Fofer\n|-supereffective|p2b: Arcanine\n|-damage|p2a: Iron Bundle|85\/100\n|-damage|p2b: Arcanine|52\/100\n|-damage|p1b: Garchomp|81\/100|[from] item: Life Orb\n|move|p2b: Arcanine|Will-O-Wisp|p1b: Garchomp\n|-status|p1b: Garchomp|brn\n|\n|-weather|none\n|-damage|p1b: Garchomp|76\/100 brn|[from] brn\n|-sideend|p2: kricketot marx|move: Aurora Veil\n|upkeep\n|turn|6\n|inactive|hulksmash91 has 30 seconds left.\n|\n|t:|1683042352\n|switch|p1b: Rotom|Rotom-Heat, L50|77\/100\n|switch|p2b: Ting-Lu|Ting-Lu, L50|3\/100\n|-ability|p2b: Ting-Lu|Vessel of Ruin\n|move|p1a: Kid Fofer|Extreme Speed|p2a: Iron Bundle\n|-damage|p2a: Iron Bundle|52\/100\n|move|p2a: Iron Bundle|Icy Wind|p1b: Rotom|[spread] p1a\n|-miss|p2a: Iron Bundle|p1b: Rotom\n|-supereffective|p1a: Kid Fofer\n|-damage|p1a: Kid Fofer|2\/100\n|-unboost|p1a: Kid Fofer|spe|1\n|\n|upkeep\n|turn|7\n|inactive|kricketot marx has 30 seconds left.\n|\n|t:|1683042380\n|-end|p2a: Iron Bundle|Quark Drive|[silent]\n|switch|p2a: Arcanine|Arcanine, L50, M|52\/100\n|-ability|p2a: Arcanine|Intimidate|boost\n|-unboost|p1a: Kid Fofer|atk|1\n|-unboost|p1b: Rotom|atk|1\n|move|p1b: Rotom|Volt Switch|p2a: Arcanine\n|-crit|p2a: Arcanine\n|-damage|p2a: Arcanine|0 fnt\n|faint|p2a: Arcanine\n|\n|t:|1683042388\n|switch|p1b: Garchomp|Garchomp, L50, M|76\/100 brn|[from] Volt Switch\n|move|p1a: Kid Fofer|Tera Blast|p2b: Ting-Lu\n|-damage|p2b: Ting-Lu|0 fnt\n|faint|p2b: Ting-Lu\n|\n|-damage|p1b: Garchomp|70\/100 brn|[from] brn\n|upkeep\n|\n|t:|1683042394\n|switch|p2b: Iron Bundle|Iron Bundle, L50|52\/100\n|turn|8\n|\n|t:|1683042409\n|switch|p1a: Rotom|Rotom-Heat, L50|77\/100\n|move|p1b: Garchomp|Protect|p1b: Garchomp\n|-singleturn|p1b: Garchomp|Protect\n|move|p2b: Iron Bundle|Icy Wind|p1a: Rotom|[spread] p1a\n|-activate|p1b: Garchomp|move: Protect\n|-resisted|p1a: Rotom\n|-damage|p1a: Rotom|66\/100\n|-unboost|p1a: Rotom|spe|1\n|\n|-damage|p1b: Garchomp|64\/100 brn|[from] brn\n|upkeep\n|turn|9\n|\n|t:|1683042423\n|move|p2b: Iron Bundle|Hydro Pump|p1a: Rotom\n|-supereffective|p1a: Rotom\n|-damage|p1a: Rotom|0 fnt\n|faint|p1a: Rotom\n|move|p1b: Garchomp|Earthquake|p2b: Iron Bundle\n|-damage|p2b: Iron Bundle|16\/100\n|-damage|p1b: Garchomp|54\/100 brn|[from] item: Life Orb\n|\n|-damage|p1b: Garchomp|49\/100 brn|[from] brn\n|upkeep\n|\n|t:|1683042429\n|switch|p1a: Kid Fofer|Dragonite, L50, F, tera:Flying|2\/100\n|turn|10\n|\n|t:|1683042434\n|move|p1a: Kid Fofer|Extreme Speed|p2b: Iron Bundle\n|-damage|p2b: Iron Bundle|0 fnt\n|faint|p2b: Iron Bundle\n|-end|p2b: Iron Bundle|Quark Drive|[silent]\n|\n|win|hulksmash91\n|raw|hulksmash91's rating: 1413 → 1431<\/strong> (+18 for winning)\n|raw|kricketot marx's rating: 1377 → 1359<\/strong> (-18 for losing)\n","uploadtime":1683042438,"views":11,"p1id":"hulksmash91","p2id":"kricketotmarx","formatid":"gen9vgc2023regulationc","rating":1359,"private":0,"password":""}