{"id":"gen9vgc2023regulationc-1847800374","p1":"hit2000gun","p2":"Keveloper","format":"[Gen 9] VGC 2023 Regulation C","log":"|j|\u2606hit2000gun\n|j|\u2606Keveloper\n|t:|1682003047\n|gametype|doubles\n|player|p1|hit2000gun|169|1526\n|player|p2|Keveloper|lucas|1524\n|teamsize|p1|6\n|teamsize|p2|6\n|gen|9\n|tier|[Gen 9] VGC 2023 Regulation C\n|rated|\n|rule|Species Clause: Limit one of each Pok\u00e9mon\n|rule|Item Clause: Limit one of each item\n|clearpoke\n|poke|p1|Kingambit, L50, F|\n|poke|p1|Ting-Lu, L50|\n|poke|p1|Flutter Mane, L50|\n|poke|p1|Arcanine, L50, M|\n|poke|p1|Amoonguss, L50, F|\n|poke|p1|Palafin, L50, M|\n|poke|p2|Orthworm, L50, F|\n|poke|p2|Dragonite, L50, F|\n|poke|p2|Ting-Lu, L50|\n|poke|p2|Gyarados, L50, M|\n|poke|p2|Flutter Mane, L50|\n|poke|p2|Chien-Pao, L50|\n|teampreview|4\n|inactive|Battle timer is ON: inactive players will automatically lose when time's up. (requested by hit2000gun)\n|\n|t:|1682003077\n|start\n|switch|p1a: Ting-Lu|Ting-Lu, L50|100\/100\n|switch|p1b: Kingambit|Kingambit, L50, F|100\/100\n|switch|p2a: Orthworm|Orthworm, L50, F|100\/100\n|switch|p2b: Gyarados|Gyarados, L50, M|100\/100\n|-ability|p2b: Gyarados|Intimidate|boost\n|-unboost|p1a: Ting-Lu|atk|1\n|-unboost|p1b: Kingambit|atk|1\n|-ability|p1b: Kingambit|Defiant|boost\n|-boost|p1b: Kingambit|atk|2\n|-ability|p1a: Ting-Lu|Vessel of Ruin\n|turn|1\n|inactive|hit2000gun has 30 seconds left.\n|inactive|Keveloper has 30 seconds left.\n|\n|t:|1682003106\n|-terastallize|p1b: Kingambit|Flying\n|move|p2b: Gyarados|Waterfall|p1a: Ting-Lu\n|-supereffective|p1a: Ting-Lu\n|-damage|p1a: Ting-Lu|60\/100\n|move|p2a: Orthworm|Body Press|p1b: Kingambit\n|-resisted|p1b: Kingambit\n|-damage|p1b: Kingambit|89\/100\n|move|p1a: Ting-Lu|Ruination|p2b: Gyarados\n|-damage|p2b: Gyarados|50\/100\n|move|p1b: Kingambit|Kowtow Cleave|p2b: Gyarados\n|-crit|p2b: Gyarados\n|-damage|p2b: Gyarados|0 fnt\n|faint|p2b: Gyarados\n|\n|upkeep\n|inactive|Keveloper has 30 seconds left.\n|\n|t:|1682003133\n|switch|p2b: Ting-Lu|Ting-Lu, L50|100\/100\n|-ability|p2b: Ting-Lu|Vessel of Ruin\n|turn|2\n|\n|t:|1682003144\n|move|p2b: Ting-Lu|Rock Slide|p1b: Kingambit|[spread] p1b\n|-miss|p2b: Ting-Lu|p1a: Ting-Lu\n|-supereffective|p1b: Kingambit\n|-damage|p1b: Kingambit|60\/100\n|move|p2a: Orthworm|Shed Tail|p2a: Orthworm\n|-start|p2a: Orthworm|Substitute|[from] move: Shed Tail\n|-damage|p2a: Orthworm|50\/100\n|-enditem|p2a: Orthworm|Sitrus Berry|[eat]\n|-heal|p2a: Orthworm|75\/100|[from] item: Sitrus Berry\n|\n|t:|1682003152\n|switch|p2a: Dragonite|Dragonite, L50, F|100\/100|[from] Shed Tail\n|move|p1a: Ting-Lu|Ruination|p2b: Ting-Lu\n|-damage|p2b: Ting-Lu|51\/100\n|move|p1b: Kingambit|Tera Blast|p2b: Ting-Lu\n|-damage|p2b: Ting-Lu|9\/100\n|\n|upkeep\n|turn|3\n|j| D-Wrecks\n|inactive|Keveloper has 30 seconds left.\n|inactive|hit2000gun has 30 seconds left.\n|\n|t:|1682003185\n|-terastallize|p2a: Dragonite|Flying\n|move|p1b: Kingambit|Protect|p1b: Kingambit\n|-singleturn|p1b: Kingambit|Protect\n|move|p2a: Dragonite|Tera Blast|p1b: Kingambit\n|-activate|p1b: Kingambit|move: Protect\n|move|p2b: Ting-Lu|Rock Slide|p1a: Ting-Lu|[spread] p1a\n|-activate|p1b: Kingambit|move: Protect\n|-resisted|p1a: Ting-Lu\n|-damage|p1a: Ting-Lu|55\/100\n|move|p1a: Ting-Lu|Earthquake|p2a: Dragonite|[spread] p2b\n|-activate|p1b: Kingambit|move: Protect\n|-immune|p2a: Dragonite\n|-damage|p2b: Ting-Lu|0 fnt\n|faint|p2b: Ting-Lu\n|\n|upkeep\n|\n|t:|1682003190\n|switch|p2b: Orthworm|Orthworm, L50, F|75\/100\n|turn|4\n|inactive|hit2000gun has 30 seconds left.\n|\n|t:|1682003224\n|move|p2a: Dragonite|Tera Blast|p1b: Kingambit\n|-damage|p1b: Kingambit|16\/100\n|move|p2b: Orthworm|Iron Defense|p2b: Orthworm\n|-boost|p2b: Orthworm|def|2\n|move|p1a: Ting-Lu|Ruination|p2a: Dragonite\n|-end|p2a: Dragonite|Substitute\n|move|p1b: Kingambit|Kowtow Cleave|p2a: Dragonite\n|-damage|p2a: Dragonite|64\/100\n|\n|upkeep\n|turn|5\n|inactive|Keveloper has 30 seconds left.\n|\n|t:|1682003256\n|move|p1b: Kingambit|Sucker Punch||[still]\n|-fail|p1b: Kingambit\n|move|p2a: Dragonite|Dragon Dance|p2a: Dragonite\n|-boost|p2a: Dragonite|atk|1\n|-boost|p2a: Dragonite|spe|1\n|move|p2b: Orthworm|Body Press|p1a: Ting-Lu\n|-supereffective|p1a: Ting-Lu\n|-damage|p1a: Ting-Lu|0 fnt\n|faint|p1a: Ting-Lu\n|\n|upkeep\n|\n|t:|1682003262\n|switch|p1a: Arcanine|Arcanine, L50, M|100\/100\n|-ability|p1a: Arcanine|Intimidate|boost\n|-unboost|p2a: Dragonite|atk|1\n|-unboost|p2b: Orthworm|atk|1\n|turn|6\n|\n|t:|1682003282\n|move|p2a: Dragonite|Earthquake|p1a: Arcanine|[spread] p1a\n|-heal|p2b: Orthworm|100\/100|[from] ability: Earth Eater|[of] p2a: Dragonite\n|-immune|p1b: Kingambit\n|-supereffective|p1a: Arcanine\n|-damage|p1a: Arcanine|53\/100\n|move|p1a: Arcanine|Will-O-Wisp|p2b: Orthworm|[miss]\n|-miss|p1a: Arcanine|p2b: Orthworm\n|move|p2b: Orthworm|Iron Defense|p2b: Orthworm\n|-boost|p2b: Orthworm|def|2\n|move|p1b: Kingambit|Kowtow Cleave|p2a: Dragonite\n|-damage|p2a: Dragonite|0 fnt\n|faint|p2a: Dragonite\n|\n|upkeep\n|turn|7\n|\n|t:|1682003303\n|move|p1a: Arcanine|Will-O-Wisp|p2b: Orthworm\n|-status|p2b: Orthworm|brn\n|move|p2b: Orthworm|Body Press|p1b: Kingambit\n|-resisted|p1b: Kingambit\n|-damage|p1b: Kingambit|0 fnt\n|faint|p1b: Kingambit\n|\n|-damage|p2b: Orthworm|95\/100 brn|[from] brn\n|upkeep\n|\n|t:|1682003311\n|switch|p1b: Flutter Mane|Flutter Mane, L50|100\/100\n|turn|8\n|\n|t:|1682003318\n|move|p1b: Flutter Mane|Shadow Ball|p2b: Orthworm\n|-damage|p2b: Orthworm|16\/100 brn\n|move|p1a: Arcanine|Flare Blitz|p2b: Orthworm\n|-supereffective|p2b: Orthworm\n|-damage|p2b: Orthworm|0 fnt\n|faint|p2b: Orthworm\n|-damage|p1a: Arcanine|48\/100|[from] Recoil\n|\n|win|hit2000gun\n|raw|hit2000gun's rating: 1526 → 1546<\/strong> (+20 for winning)\n|raw|Keveloper's rating: 1524 → 1504<\/strong> (-20 for losing)\n|l| D-Wrecks\n","uploadtime":1682003323,"views":6,"p1id":"hit2000gun","p2id":"keveloper","formatid":"gen9vgc2023regulationc","rating":1504,"private":0,"password":""}