{"id":"gen9vgc2023regulationc-1845892008","p1":"Jukken","p2":"Ricardo Randorez","format":"[Gen 9] VGC 2023 Regulation C","log":"|j|\u2606Jukken\n|j|\u2606Ricardo Randorez\n|t:|1681776083\n|gametype|doubles\n|player|p1|Jukken|102|1139\n|player|p2|Ricardo Randorez|169|1050\n|teamsize|p1|6\n|teamsize|p2|6\n|gen|9\n|tier|[Gen 9] VGC 2023 Regulation C\n|rated|\n|rule|Species Clause: Limit one of each Pok\u00e9mon\n|rule|Item Clause: Limit one of each item\n|clearpoke\n|poke|p1|Abomasnow, L50, M|\n|poke|p1|Cetitan, L50, F|\n|poke|p1|Amoonguss, L50, F|\n|poke|p1|Glimmora, L50, F|\n|poke|p1|Iron Thorns, L50|\n|poke|p1|Ceruledge, L50, F|\n|poke|p2|Gyarados, L50, F|\n|poke|p2|Arcanine, L50, F|\n|poke|p2|Dragonite, L50, F|\n|poke|p2|Flutter Mane, L50|\n|poke|p2|Volcarona, L50, M|\n|poke|p2|Chien-Pao, L50|\n|teampreview|4\n|inactive|Battle timer is ON: inactive players will automatically lose when time's up. (requested by Ricardo Randorez)\n|\n|t:|1681776112\n|start\n|switch|p1a: Abomasnow|Abomasnow, L50, M|100\/100\n|switch|p1b: Glimmora|Glimmora, L50, F|100\/100\n|switch|p2a: Gyarados|Gyarados, L50, F|100\/100\n|switch|p2b: Volcarona|Volcarona, L50, M|100\/100\n|-weather|Snow|[from] ability: Snow Warning|[of] p1a: Abomasnow\n|turn|1\n|inactive|Jukken has 30 seconds left.\n|inactive|Ricardo Randorez has 30 seconds left.\n|inactive|Jukken has 20 seconds left.\n|inactive|Jukken has 15 seconds left.\n|inactive|Jukken has 10 seconds left.\n|\n|t:|1681776157\n|switch|p1a: Ceruledge|Ceruledge, L50, F|100\/100\n|move|p1b: Glimmora|Energy Ball|p2a: Gyarados\n|-damage|p2a: Gyarados|69\/100\n|move|p2b: Volcarona|Struggle Bug|p1a: Ceruledge|[spread] p1a,p1b\n|-resisted|p1a: Ceruledge\n|-resisted|p1b: Glimmora\n|-damage|p1a: Ceruledge|96\/100\n|-damage|p1b: Glimmora|94\/100\n|-unboost|p1a: Ceruledge|spa|1\n|-unboost|p1b: Glimmora|spa|1\n|move|p2a: Gyarados|Dragon Dance|p2a: Gyarados\n|-boost|p2a: Gyarados|atk|1\n|-boost|p2a: Gyarados|spe|1\n|\n|-weather|Snow|[upkeep]\n|upkeep\n|turn|2\n|inactive|Jukken has 30 seconds left.\n|inactive|Ricardo Randorez has 30 seconds left.\n|\n|t:|1681776191\n|move|p1a: Ceruledge|Protect|p1a: Ceruledge\n|-singleturn|p1a: Ceruledge|Protect\n|move|p2b: Volcarona|Rage Powder|p2b: Volcarona\n|-singleturn|p2b: Volcarona|move: Rage Powder\n|move|p2a: Gyarados|Waterfall|p1b: Glimmora\n|-supereffective|p1b: Glimmora\n|-damage|p1b: Glimmora|0 fnt\n|-activate|p1b: Glimmora|ability: Toxic Debris\n|-sidestart|p2: Ricardo Randorez|move: Toxic Spikes\n|faint|p1b: Glimmora\n|-ability|p2a: Gyarados|Moxie|boost\n|-boost|p2a: Gyarados|atk|1\n|\n|-weather|Snow|[upkeep]\n|upkeep\n|\n|t:|1681776201\n|switch|p1b: Iron Thorns|Iron Thorns, L50|100\/100\n|turn|3\n|\n|t:|1681776214\n|-terastallize|p2a: Gyarados|Flying\n|-terastallize|p1b: Iron Thorns|Bug\n|move|p2b: Volcarona|Rage Powder|p2b: Volcarona\n|-singleturn|p2b: Volcarona|move: Rage Powder\n|move|p2a: Gyarados|Tera Blast|p1a: Ceruledge\n|-damage|p1a: Ceruledge|0 fnt\n|faint|p1a: Ceruledge\n|-ability|p2a: Gyarados|Moxie|boost\n|-boost|p2a: Gyarados|atk|1\n|move|p1b: Iron Thorns|Rock Slide|p2a: Gyarados|[spread] p2a,p2b\n|-supereffective|p2a: Gyarados\n|-supereffective|p2b: Volcarona\n|-damage|p2a: Gyarados|3\/100\n|-damage|p2b: Volcarona|0 fnt\n|faint|p2b: Volcarona\n|\n|-weather|Snow|[upkeep]\n|upkeep\n|\n|t:|1681776235\n|switch|p1a: Abomasnow|Abomasnow, L50, M|100\/100\n|switch|p2b: Arcanine|Arcanine, L50, F|100\/100\n|-status|p2b: Arcanine|psn\n|-ability|p2b: Arcanine|Intimidate|boost\n|-unboost|p1a: Abomasnow|atk|1\n|-unboost|p1b: Iron Thorns|atk|1\n|turn|4\n|\n|t:|1681776253\n|move|p2a: Gyarados|Tera Blast|p1a: Abomasnow\n|-supereffective|p1a: Abomasnow\n|-damage|p1a: Abomasnow|0 fnt\n|faint|p1a: Abomasnow\n|-ability|p2a: Gyarados|Moxie|boost\n|-boost|p2a: Gyarados|atk|1\n|move|p2b: Arcanine|Flare Blitz|p1b: Iron Thorns\n|-supereffective|p1b: Iron Thorns\n|-damage|p1b: Iron Thorns|24\/100\n|-damage|p2b: Arcanine|74\/100 psn|[from] Recoil\n|move|p1b: Iron Thorns|Rock Slide|p2a: Gyarados|[spread] p2a,p2b\n|-supereffective|p2a: Gyarados\n|-supereffective|p2b: Arcanine\n|-damage|p2a: Gyarados|0 fnt\n|-damage|p2b: Arcanine|31\/100 psn\n|faint|p2a: Gyarados\n|\n|-weather|Snow|[upkeep]\n|-damage|p2b: Arcanine|19\/100 psn|[from] psn\n|upkeep\n|\n|t:|1681776271\n|switch|p2a: Dragonite|Dragonite, L50, F|100\/100\n|turn|5\n|\n|t:|1681776277\n|move|p2b: Arcanine|Extreme Speed|p1b: Iron Thorns\n|-damage|p1b: Iron Thorns|5\/100\n|move|p2a: Dragonite|Extreme Speed|p1b: Iron Thorns\n|-damage|p1b: Iron Thorns|0 fnt\n|faint|p1b: Iron Thorns\n|-end|p1b: Iron Thorns|Quark Drive|[silent]\n|\n|win|Ricardo Randorez\n|raw|Jukken's rating: 1139 → 1108<\/strong> (-31 for losing)\n|raw|Ricardo Randorez's rating: 1050 → 1091<\/strong> (+41 for winning)\n|l|\u2606Jukken\n","uploadtime":1681776287,"views":12,"p1id":"jukken","p2id":"ricardorandorez","formatid":"gen9vgc2023regulationc","rating":1091,"private":0,"password":""}