{"id":"gen9vgc2023regulationc-1860840872","p1":"MorangoTango","p2":"jfjf","format":"[Gen 9] VGC 2023 Regulation C","log":"|j|\u2606MorangoTango\n|j|\u2606jfjf\n|t:|1683684413\n|gametype|doubles\n|player|p1|MorangoTango|102|1349\n|player|p2|jfjf|169|1300\n|teamsize|p1|6\n|teamsize|p2|6\n|gen|9\n|tier|[Gen 9] VGC 2023 Regulation C\n|rated|\n|rule|Species Clause: Limit one of each Pok\u00e9mon\n|rule|Item Clause: Limit one of each item\n|clearpoke\n|poke|p1|Iron Bundle, L50|\n|poke|p1|Annihilape, L50, M|\n|poke|p1|Glimmora, L50, M|\n|poke|p1|Chi-Yu, L50|\n|poke|p1|Amoonguss, L50, F|\n|poke|p1|Dragonite, L50, M|\n|poke|p2|Ceruledge, L50, F|\n|poke|p2|Gyarados, L50, M|\n|poke|p2|Amoonguss, L50, M|\n|poke|p2|Flutter Mane, L50|\n|poke|p2|Murkrow, L50, M|\n|poke|p2|Great Tusk, L50|\n|teampreview|4\nMorangoTango has agreed to open team sheets.\n|inactive|Battle timer is ON: inactive players will automatically lose when time's up. (requested by MorangoTango)\n|inactiveoff|Battle timer is now OFF.\n|\n|t:|1683684491\n|start\n|switch|p1a: Annihilape|Annihilape, L50, M|100\/100\n|switch|p1b: Amoonguss|Amoonguss, L50, F|100\/100\n|switch|p2a: Murkrow|Murkrow, L50, M|100\/100\n|switch|p2b: Great Tusk|Great Tusk, L50|100\/100\n|turn|1\n|\n|t:|1683684519\n|move|p2b: Great Tusk|Earthquake|p1a: Annihilape|[spread] p1a,p1b\n|-immune|p2a: Murkrow\n|-damage|p1a: Annihilape|64\/100\n|-damage|p1b: Amoonguss|68\/100\n|move|p1a: Annihilape|Drain Punch|p2a: Murkrow\n|-damage|p2a: Murkrow|48\/100\n|-heal|p1a: Annihilape|86\/100|[from] drain|[of] p2a: Murkrow\n|move|p2a: Murkrow|Brave Bird|p1b: Amoonguss\n|-supereffective|p1b: Amoonguss\n|-damage|p1b: Amoonguss|13\/100\n|-enditem|p1b: Amoonguss|Sitrus Berry|[eat]\n|-heal|p1b: Amoonguss|38\/100|[from] item: Sitrus Berry\n|-damage|p2a: Murkrow|24\/100|[from] Recoil\n|move|p1b: Amoonguss|Spore|p2b: Great Tusk\n|-status|p2b: Great Tusk|slp|[from] move: Spore\n|\n|upkeep\n|turn|2\n|\n|t:|1683684580\n|switch|p1b: Iron Bundle|Iron Bundle, L50|100\/100\n|-enditem|p1b: Iron Bundle|Booster Energy\n|-activate|p1b: Iron Bundle|ability: Quark Drive|[fromitem]\n|-start|p1b: Iron Bundle|quarkdrivespe\n|cant|p2b: Great Tusk|slp\n|move|p1a: Annihilape|U-turn|p2b: Great Tusk\n|-resisted|p2b: Great Tusk\n|-damage|p2b: Great Tusk|92\/100 slp\n|\n|t:|1683684590\n|switch|p1a: Amoonguss|Amoonguss, L50, F|71\/100|[from] U-turn\n|move|p2a: Murkrow|Brave Bird|p1a: Amoonguss\n|-supereffective|p1a: Amoonguss\n|-damage|p1a: Amoonguss|13\/100\n|-damage|p2a: Murkrow|0 fnt|[from] Recoil\n|faint|p2a: Murkrow\n|\n|upkeep\n|\n|t:|1683684616\n|switch|p2a: Ceruledge|Ceruledge, L50, F|100\/100\n|turn|3\n|\n|t:|1683684638\n|move|p1a: Amoonguss|Rage Powder|p1a: Amoonguss\n|-singleturn|p1a: Amoonguss|move: Rage Powder\n|move|p2a: Ceruledge|Shadow Sneak|p1a: Amoonguss\n|-damage|p1a: Amoonguss|0 fnt\n|faint|p1a: Amoonguss\n|move|p1b: Iron Bundle|Hydro Pump|p2b: Great Tusk\n|-supereffective|p2b: Great Tusk\n|-damage|p2b: Great Tusk|0 fnt\n|faint|p2b: Great Tusk\n|-end|p2b: Great Tusk|Protosynthesis|[silent]\n|\n|upkeep\n|\n|t:|1683684650\n|switch|p2b: Flutter Mane|Flutter Mane, L50|100\/100\n|switch|p1a: Annihilape|Annihilape, L50, M|86\/100\n|turn|4\n|\n|t:|1683684695\n|-terastallize|p2b: Flutter Mane|Fairy\n|-terastallize|p1a: Annihilape|Fire\n|move|p1b: Iron Bundle|Hydro Pump|p2a: Ceruledge\n|-supereffective|p2a: Ceruledge\n|-damage|p2a: Ceruledge|7\/100\n|move|p2b: Flutter Mane|Moonblast|p1a: Annihilape\n|-resisted|p1a: Annihilape\n|-damage|p1a: Annihilape|55\/100\n|move|p2a: Ceruledge|Bitter Blade|p1b: Iron Bundle\n|-damage|p1b: Iron Bundle|54\/100\n|-heal|p2a: Ceruledge|26\/100|[from] drain|[of] p1b: Iron Bundle\n|move|p1a: Annihilape|Rage Fist|p2b: Flutter Mane\n|-damage|p2b: Flutter Mane|0 fnt\n|faint|p2b: Flutter Mane\n|-end|p2b: Flutter Mane|Protosynthesis|[silent]\n|\n|upkeep\n|turn|5\n|\n|t:|1683684717\n|move|p2a: Ceruledge|Shadow Sneak|p1a: Annihilape\n|-damage|p1a: Annihilape|37\/100\n|move|p1b: Iron Bundle|Icy Wind|p2a: Ceruledge\n|-resisted|p2a: Ceruledge\n|-damage|p2a: Ceruledge|14\/100\n|move|p1a: Annihilape|Rage Fist|p2a: Ceruledge\n|-supereffective|p2a: Ceruledge\n|-damage|p2a: Ceruledge|0 fnt\n|faint|p2a: Ceruledge\n|\n|win|MorangoTango\n|raw|MorangoTango's rating: 1349 → 1366<\/strong> (+17 for winning)\n|raw|jfjf's rating: 1300 → 1279<\/strong> (-21 for losing)\n|l|\u2606MorangoTango\n","uploadtime":1683684732,"views":14,"p1id":"morangotango","p2id":"jfjf","formatid":"gen9vgc2023regulationc","rating":1279,"private":0,"password":""}