{"id":"gen9vgc2023regulationc-1846153785","p1":"jacomen","p2":"Skuntomk","format":"[Gen 9] VGC 2023 Regulation C","log":"|j|\u2606jacomen\n|j|\u2606Skuntomk\n|t:|1681814537\n|gametype|doubles\n|player|p1|jacomen|169|1043\n|player|p2|Skuntomk|red|1047\n|teamsize|p1|6\n|teamsize|p2|5\n|gen|9\n|tier|[Gen 9] VGC 2023 Regulation C\n|rated|\n|rule|Species Clause: Limit one of each Pok\u00e9mon\n|rule|Item Clause: Limit one of each item\n|clearpoke\n|poke|p1|Flutter Mane, L50|\n|poke|p1|Palafin, L50, M|\n|poke|p1|Talonflame, L50, F|\n|poke|p1|Iron Hands, L50|\n|poke|p1|Ting-Lu, L50|\n|poke|p1|Indeedee-F, L50, F|\n|poke|p2|Wo-Chien, L50|\n|poke|p2|Skuntank, L50, M|\n|poke|p2|Garganacl, L50, M|\n|poke|p2|Hydreigon, L50, M|\n|poke|p2|Gyarados, L50, M|\n|teampreview|4\n|inactive|Battle timer is ON: inactive players will automatically lose when time's up. (requested by jacomen)\n|\n|t:|1681814563\n|start\n|switch|p1a: Talonflame|Talonflame, L50, F|100\/100\n|switch|p1b: Palafin|Palafin, L50, M|100\/100\n|switch|p2a: Wo-Chien|Wo-Chien, L50|100\/100\n|switch|p2b: Skuntank|Skuntank, L50, M|100\/100\n|-ability|p2a: Wo-Chien|Tablets of Ruin\n|turn|1\n|\n|t:|1681814583\n|detailschange|p1b: Palafin|Palafin-Hero, L50, M\n|switch|p1b: Iron Hands|Iron Hands, L50|100\/100\n|switch|p2a: Gyarados|Gyarados, L50, M, shiny|100\/100\n|-ability|p2a: Gyarados|Intimidate|boost\n|-unboost|p1a: Talonflame|atk|1\n|-unboost|p1b: Iron Hands|atk|1\n|move|p1a: Talonflame|Tailwind|p1a: Talonflame\n|-sidestart|p1: jacomen|move: Tailwind\n|move|p2b: Skuntank|Poison Gas|p1a: Talonflame|[spread] p1a,p1b\n|-status|p1a: Talonflame|psn\n|-status|p1b: Iron Hands|psn\n|\n|-damage|p1a: Talonflame|88\/100 psn|[from] psn\n|-damage|p1b: Iron Hands|88\/100 psn|[from] psn\n|upkeep\n|turn|2\n|\n|t:|1681814604\n|move|p2a: Gyarados|Protect|p2a: Gyarados\n|-singleturn|p2a: Gyarados|Protect\n|move|p1a: Talonflame|Will-O-Wisp|p2b: Skuntank\n|-status|p2b: Skuntank|brn\n|move|p1b: Iron Hands|Wild Charge|p2a: Gyarados\n|-activate|p2a: Gyarados|move: Protect\n|move|p2b: Skuntank|Fire Spin|p1b: Iron Hands\n|-damage|p1b: Iron Hands|85\/100 psn\n|-activate|p1b: Iron Hands|move: Fire Spin|[of] p2b: Skuntank\n|\n|-damage|p1a: Talonflame|76\/100 psn|[from] psn\n|-damage|p1b: Iron Hands|73\/100 psn|[from] psn\n|-damage|p2b: Skuntank|94\/100 brn|[from] brn\n|-damage|p1b: Iron Hands|61\/100 psn|[from] move: Fire Spin|[partiallytrapped]\n|upkeep\n|turn|3\n|\n|t:|1681814627\n|-terastallize|p2a: Gyarados|Fire\n|move|p1a: Talonflame|Brave Bird|p2b: Skuntank\n|-damage|p2b: Skuntank|67\/100 brn\n|-damage|p1a: Talonflame|63\/100 psn|[from] Recoil\n|move|p1b: Iron Hands|Wild Charge|p2a: Gyarados\n|-damage|p2a: Gyarados|69\/100\n|-damage|p1b: Iron Hands|54\/100 psn|[from] Recoil\n|move|p2b: Skuntank|Fire Spin|p1a: Talonflame|[miss]\n|-miss|p2b: Skuntank|p1a: Talonflame\n|move|p2a: Gyarados|Dragon Dance|p2a: Gyarados\n|-boost|p2a: Gyarados|atk|1\n|-boost|p2a: Gyarados|spe|1\n|\n|-heal|p2b: Skuntank|73\/100 brn|[from] item: Black Sludge\n|-damage|p1a: Talonflame|51\/100 psn|[from] psn\n|-damage|p1b: Iron Hands|42\/100 psn|[from] psn\n|-damage|p2b: Skuntank|67\/100 brn|[from] brn\n|-damage|p1b: Iron Hands|30\/100 psn|[from] move: Fire Spin|[partiallytrapped]\n|upkeep\n|turn|4\n|inactive|jacomen has 30 seconds left.\n|\n|t:|1681814653\n|move|p2a: Gyarados|Protect|p2a: Gyarados\n|-singleturn|p2a: Gyarados|Protect\n|move|p2b: Skuntank|Protect|p2b: Skuntank\n|-singleturn|p2b: Skuntank|Protect\n|move|p1a: Talonflame|Brave Bird|p2b: Skuntank\n|-activate|p2b: Skuntank|move: Protect\n|move|p1b: Iron Hands|Close Combat|p2b: Skuntank\n|-activate|p2b: Skuntank|move: Protect\n|\n|-heal|p2b: Skuntank|73\/100 brn|[from] item: Black Sludge\n|-damage|p1a: Talonflame|39\/100 psn|[from] psn\n|-damage|p1b: Iron Hands|18\/100 psn|[from] psn\n|-damage|p2b: Skuntank|67\/100 brn|[from] brn\n|-damage|p1b: Iron Hands|6\/100 psn|[from] move: Fire Spin|[partiallytrapped]\n|-sideend|p1: jacomen|move: Tailwind\n|upkeep\n|turn|5\n|inactive|Skuntomk has 30 seconds left.\n|\n|t:|1681814678\n|move|p2b: Skuntank|Sucker Punch|p1b: Iron Hands\n|-resisted|p1b: Iron Hands\n|-damage|p1b: Iron Hands|2\/100 psn\n|move|p1a: Talonflame|Tailwind|p1a: Talonflame\n|-sidestart|p1: jacomen|move: Tailwind\n|move|p2a: Gyarados|Waterfall|p1a: Talonflame\n|-supereffective|p1a: Talonflame\n|-crit|p1a: Talonflame\n|-damage|p1a: Talonflame|0 fnt\n|faint|p1a: Talonflame\n|move|p1b: Iron Hands|Close Combat|p2b: Skuntank\n|-crit|p2b: Skuntank\n|-damage|p2b: Skuntank|0 fnt\n|-unboost|p1b: Iron Hands|def|1\n|-unboost|p1b: Iron Hands|spd|1\n|-damage|p1b: Iron Hands|0 fnt|[from] ability: Aftermath|[of] p2b: Skuntank\n|faint|p2b: Skuntank\n|faint|p1b: Iron Hands\n|-end|p1b: Iron Hands|Quark Drive|[silent]\n|\n|upkeep\n|\n|t:|1681814694\n|switch|p1a: Palafin|Palafin-Hero, L50, M|100\/100\n|switch|p2b: Wo-Chien|Wo-Chien, L50|100\/100\n|switch|p1b: Ting-Lu|Ting-Lu, L50|100\/100\n|-activate|p1a: Palafin|ability: Zero to Hero\n|-ability|p2b: Wo-Chien|Tablets of Ruin\n|-ability|p1b: Ting-Lu|Vessel of Ruin\n|turn|6\n|\n|t:|1681814711\n|-terastallize|p1a: Palafin|Water\n|move|p2a: Gyarados|Protect|p2a: Gyarados\n|-singleturn|p2a: Gyarados|Protect\n|move|p1a: Palafin|Wave Crash|p2b: Wo-Chien\n|-resisted|p2b: Wo-Chien\n|-damage|p2b: Wo-Chien|54\/100\n|-damage|p1a: Palafin|85\/100|[from] Recoil\n|move|p1b: Ting-Lu|Body Press|p2b: Wo-Chien\n|-supereffective|p2b: Wo-Chien\n|-damage|p2b: Wo-Chien|13\/100\n|move|p2b: Wo-Chien|Leech Seed|p1a: Palafin\n|-start|p1a: Palafin|move: Leech Seed\n|\n|-heal|p2b: Wo-Chien|19\/100|[from] item: Leftovers\n|-damage|p1a: Palafin|72\/100|[from] Leech Seed|[of] p2b: Wo-Chien\n|-heal|p2b: Wo-Chien|31\/100|[silent]\n|upkeep\n|turn|7\n|inactive|Skuntomk has 30 seconds left.\n|\n|t:|1681814741\n|move|p2b: Wo-Chien|Protect|p2b: Wo-Chien\n|-singleturn|p2b: Wo-Chien|Protect\n|move|p1a: Palafin|Jet Punch|p2a: Gyarados\n|-supereffective|p2a: Gyarados\n|-damage|p2a: Gyarados|0 fnt\n|faint|p2a: Gyarados\n|move|p1b: Ting-Lu|Body Press|p2b: Wo-Chien\n|-activate|p2b: Wo-Chien|move: Protect\n|\n|-heal|p2b: Wo-Chien|37\/100|[from] item: Leftovers\n|-damage|p1a: Palafin|60\/100|[from] Leech Seed|[of] p2b: Wo-Chien\n|-heal|p2b: Wo-Chien|49\/100|[silent]\n|upkeep\n|\n|t:|1681814746\n|switch|p2a: Garganacl|Garganacl, L50, M|100\/100\n|turn|8\n|\n|t:|1681814763\n|move|p1a: Palafin|Wave Crash|p2b: Wo-Chien\n|-resisted|p2b: Wo-Chien\n|-damage|p2b: Wo-Chien|2\/100\n|-damage|p1a: Palafin|44\/100|[from] Recoil\n|move|p1b: Ting-Lu|Body Press|p2b: Wo-Chien\n|-supereffective|p2b: Wo-Chien\n|-damage|p2b: Wo-Chien|0 fnt\n|faint|p2b: Wo-Chien\n|move|p2a: Garganacl|Salt Cure|p1a: Palafin\n|-damage|p1a: Palafin|30\/100\n|-start|p1a: Palafin|Salt Cure\n|\n|-damage|p1a: Palafin|5\/100|[from] Salt Cure\n|-sideend|p1: jacomen|move: Tailwind\n|upkeep\n|turn|9\n|\n|t:|1681814779\n|move|p2a: Garganacl|Protect|p2a: Garganacl\n|-singleturn|p2a: Garganacl|Protect\n|move|p1a: Palafin|Wave Crash|p2a: Garganacl\n|-activate|p2a: Garganacl|move: Protect\n|move|p1b: Ting-Lu|Fissure|p2a: Garganacl\n|-activate|p2a: Garganacl|move: Protect\n|\n|-damage|p1a: Palafin|0 fnt|[from] Salt Cure\n|faint|p1a: Palafin\n|upkeep\n|turn|10\n|\n|t:|1681814789\n|move|p2a: Garganacl|Salt Cure|p1b: Ting-Lu\n|-resisted|p1b: Ting-Lu\n|-damage|p1b: Ting-Lu|97\/100\n|-start|p1b: Ting-Lu|Salt Cure\n|move|p1b: Ting-Lu|Fissure|p2a: Garganacl|[miss]\n|-miss|p1b: Ting-Lu|p2a: Garganacl\n|\n|-heal|p1b: Ting-Lu|100\/100|[from] item: Leftovers\n|-damage|p1b: Ting-Lu|88\/100|[from] Salt Cure\n|upkeep\n|turn|11\n|\n|t:|1681814799\n|move|p2a: Garganacl|Protect|p2a: Garganacl\n|-singleturn|p2a: Garganacl|Protect\n|move|p1b: Ting-Lu|Fissure|p2a: Garganacl\n|-activate|p2a: Garganacl|move: Protect\n|\n|-heal|p1b: Ting-Lu|94\/100|[from] item: Leftovers\n|-damage|p1b: Ting-Lu|82\/100|[from] Salt Cure\n|upkeep\n|turn|12\n|\n|t:|1681814808\n|move|p2a: Garganacl|Hammer Arm|p1b: Ting-Lu\n|-supereffective|p1b: Ting-Lu\n|-damage|p1b: Ting-Lu|60\/100\n|-unboost|p2a: Garganacl|spe|1\n|move|p1b: Ting-Lu|Fissure|p2a: Garganacl|[miss]\n|-miss|p1b: Ting-Lu|p2a: Garganacl\n|\n|-heal|p1b: Ting-Lu|66\/100|[from] item: Leftovers\n|-damage|p1b: Ting-Lu|54\/100|[from] Salt Cure\n|upkeep\n|turn|13\n|\n|t:|1681814819\n|move|p2a: Garganacl|Protect|p2a: Garganacl\n|-singleturn|p2a: Garganacl|Protect\n|move|p1b: Ting-Lu|Body Press|p2a: Garganacl\n|-activate|p2a: Garganacl|move: Protect\n|\n|-heal|p1b: Ting-Lu|60\/100|[from] item: Leftovers\n|-damage|p1b: Ting-Lu|48\/100|[from] Salt Cure\n|upkeep\n|turn|14\n|\n|t:|1681814831\n|move|p1b: Ting-Lu|Fissure|p2a: Garganacl|[miss]\n|-miss|p1b: Ting-Lu|p2a: Garganacl\n|move|p2a: Garganacl|Hammer Arm|p1b: Ting-Lu\n|-supereffective|p1b: Ting-Lu\n|-damage|p1b: Ting-Lu|26\/100\n|-unboost|p2a: Garganacl|spe|1\n|\n|-heal|p1b: Ting-Lu|33\/100|[from] item: Leftovers\n|-damage|p1b: Ting-Lu|20\/100|[from] Salt Cure\n|upkeep\n|turn|15\n|\n|t:|1681814842\n|move|p1b: Ting-Lu|Body Press|p2a: Garganacl\n|-supereffective|p2a: Garganacl\n|-damage|p2a: Garganacl|64\/100\n|move|p2a: Garganacl|Hammer Arm|p1b: Ting-Lu\n|-supereffective|p1b: Ting-Lu\n|-damage|p1b: Ting-Lu|0 fnt\n|-unboost|p2a: Garganacl|spe|1\n|faint|p1b: Ting-Lu\n|\n|win|Skuntomk\n|raw|jacomen's rating: 1043 → 1027<\/strong> (-16 for losing)\n|raw|Skuntomk's rating: 1047 → 1080<\/strong> (+33 for winning)\n|l|\u2606jacomen\n","uploadtime":1681814850,"views":12,"p1id":"jacomen","p2id":"skuntomk","formatid":"gen9vgc2023regulationc","rating":1027,"private":0,"password":""}