{"id":"gen9vgc2023regulationc-1852630795","p1":"hasan123456","p2":"mait27","format":"[Gen 9] VGC 2023 Regulation C","log":"|j|\u2606hasan123456\n|j|\u2606mait27\n|t:|1682588197\n|gametype|doubles\n|player|p1|hasan123456|2|1064\n|player|p2|mait27|265|1137\n|teamsize|p1|6\n|teamsize|p2|6\n|gen|9\n|tier|[Gen 9] VGC 2023 Regulation C\n|rated|\n|rule|Species Clause: Limit one of each Pok\u00e9mon\n|rule|Item Clause: Limit one of each item\n|clearpoke\n|poke|p1|Azumarill, L50, M|\n|poke|p1|Chien-Pao, L50|\n|poke|p1|Sableye, L50, M|\n|poke|p1|Wo-Chien, L50|\n|poke|p1|Skeledirge, L50, M|\n|poke|p1|Palafin, L50, F|\n|poke|p2|Breloom, L50, M|\n|poke|p2|Arcanine, L50, F|\n|poke|p2|Iron Bundle, L50|\n|poke|p2|Grimmsnarl, L50, M|\n|poke|p2|Mimikyu, L50, F|\n|poke|p2|Rotom-Wash, L50|\n|teampreview|4\n|\n|t:|1682588254\n|start\n|switch|p1a: Sableye|Sableye, L50, M|100\/100\n|switch|p1b: Palafin|Palafin, L50, F|100\/100\n|switch|p2a: Rotom|Rotom-Wash, L50|100\/100\n|switch|p2b: Breloom|Breloom, L50, M|100\/100\n|turn|1\n|\n|t:|1682588306\n|detailschange|p1b: Palafin|Palafin-Hero, L50, F\n|switch|p1b: Wo-Chien|Wo-Chien, L50|100\/100\n|-ability|p1b: Wo-Chien|Tablets of Ruin\n|move|p1a: Sableye|Will-O-Wisp|p2b: Breloom\n|-status|p2b: Breloom|brn\n|move|p2b: Breloom|Swords Dance|p2b: Breloom\n|-boost|p2b: Breloom|atk|2\n|move|p2a: Rotom|Will-O-Wisp|p1b: Wo-Chien\n|-status|p1b: Wo-Chien|brn\n|\n|-damage|p2b: Breloom|95\/100 brn|[from] brn\n|-damage|p1b: Wo-Chien|94\/100 brn|[from] brn\n|upkeep\n|turn|2\n|\n|t:|1682588367\n|move|p1a: Sableye|Encore|p2b: Breloom\n|-start|p2b: Breloom|Encore\n|move|p2b: Breloom|Swords Dance|p2b: Breloom\n|-boost|p2b: Breloom|atk|2\n|move|p2a: Rotom|Hydro Pump|p1a: Sableye|[miss]\n|-miss|p2a: Rotom|p1a: Sableye\n|move|p1b: Wo-Chien|Leech Seed|p2a: Rotom\n|-start|p2a: Rotom|move: Leech Seed\n|\n|-damage|p2a: Rotom|88\/100|[from] Leech Seed|[of] p1b: Wo-Chien\n|-heal|p1b: Wo-Chien|100\/100 brn|[silent]\n|-damage|p2b: Breloom|89\/100 brn|[from] brn\n|-damage|p1b: Wo-Chien|94\/100 brn|[from] brn\n|upkeep\n|turn|3\n|\n|t:|1682588400\n|move|p1a: Sableye|Disable|p2a: Rotom\n|-start|p2a: Rotom|Disable|Hydro Pump\n|move|p2b: Breloom|Swords Dance|p2b: Breloom\n|-boost|p2b: Breloom|atk|2\n|move|p2a: Rotom|Volt Switch|p1a: Sableye\n|-damage|p1a: Sableye|72\/100\n|\n|t:|1682588412\n|switch|p2a: Iron Bundle|Iron Bundle, L50|100\/100|[from] Volt Switch\n|-enditem|p2a: Iron Bundle|Booster Energy\n|-activate|p2a: Iron Bundle|ability: Quark Drive|[fromitem]\n|-start|p2a: Iron Bundle|quarkdrivespe\n|move|p1b: Wo-Chien|Pollen Puff|p2b: Breloom\n|-damage|p2b: Breloom|46\/100 brn\n|\n|-damage|p2b: Breloom|40\/100 brn|[from] brn\n|-damage|p1b: Wo-Chien|88\/100 brn|[from] brn\n|upkeep\n|turn|4\n|\n|t:|1682588444\n|-terastallize|p1b: Wo-Chien|Fire\n|move|p1a: Sableye|Will-O-Wisp|p2a: Iron Bundle\n|-status|p2a: Iron Bundle|brn\n|move|p2a: Iron Bundle|Freeze-Dry|p1a: Sableye\n|-damage|p1a: Sableye|30\/100\n|-status|p1a: Sableye|frz\n|move|p2b: Breloom|Swords Dance|p2b: Breloom\n|-boost|p2b: Breloom|atk|0\n|move|p1b: Wo-Chien|Snarl|p2a: Iron Bundle|[spread] p2a,p2b\n|-resisted|p2b: Breloom\n|-damage|p2a: Iron Bundle|72\/100 brn\n|-damage|p2b: Breloom|25\/100 brn\n|-unboost|p2a: Iron Bundle|spa|1\n|-unboost|p2b: Breloom|spa|1\n|\n|-damage|p2a: Iron Bundle|66\/100 brn|[from] brn\n|-damage|p2b: Breloom|19\/100 brn|[from] brn\n|-damage|p1b: Wo-Chien|82\/100 brn|[from] brn\n|-end|p2b: Breloom|Encore\n|upkeep\n|turn|5\n|\n|t:|1682588473\n|move|p1b: Wo-Chien|Protect|p1b: Wo-Chien\n|-singleturn|p1b: Wo-Chien|Protect\n|move|p2b: Breloom|Mach Punch|p1b: Wo-Chien\n|-activate|p1b: Wo-Chien|move: Protect\n|cant|p1a: Sableye|frz\n|move|p2a: Iron Bundle|Hydro Pump|p1b: Wo-Chien\n|-activate|p1b: Wo-Chien|move: Protect\n|\n|-damage|p2a: Iron Bundle|60\/100 brn|[from] brn\n|-damage|p2b: Breloom|13\/100 brn|[from] brn\n|-damage|p1b: Wo-Chien|75\/100 brn|[from] brn\n|upkeep\n|turn|6\n|\n|t:|1682588494\n|switch|p1b: Azumarill|Azumarill, L50, M|100\/100\n|move|p2b: Breloom|Mach Punch|p1b: Azumarill\n|-resisted|p1b: Azumarill\n|-damage|p1b: Azumarill|67\/100\n|cant|p1a: Sableye|frz\n|move|p2a: Iron Bundle|Hydro Pump|p1b: Azumarill|[miss]\n|-miss|p2a: Iron Bundle|p1b: Azumarill\n|\n|-damage|p2a: Iron Bundle|54\/100 brn|[from] brn\n|-damage|p2b: Breloom|7\/100 brn|[from] brn\n|upkeep\n|turn|7\n|\n|t:|1682588518\n|cant|p1a: Sableye|frz\n|move|p1b: Azumarill|Aqua Jet|p2b: Breloom\n|-resisted|p2b: Breloom\n|-damage|p2b: Breloom|0 fnt\n|faint|p2b: Breloom\n|move|p2a: Iron Bundle|Freeze-Dry|p1b: Azumarill\n|-supereffective|p1b: Azumarill\n|-damage|p1b: Azumarill|32\/100\n|\n|-damage|p2a: Iron Bundle|48\/100 brn|[from] brn\n|upkeep\n|\n|t:|1682588533\n|switch|p2b: Rotom|Rotom-Wash, L50|88\/100\n|turn|8\n|\n|t:|1682588546\n|switch|p1b: Wo-Chien|Wo-Chien, L50, tera:Fire|75\/100 brn\n|-ability|p1b: Wo-Chien|Tablets of Ruin\n|move|p2a: Iron Bundle|Protect|p2a: Iron Bundle\n|-singleturn|p2a: Iron Bundle|Protect\n|cant|p1a: Sableye|frz\n|move|p2b: Rotom|Volt Switch|p1b: Wo-Chien\n|-damage|p1b: Wo-Chien|59\/100 brn\n|\n|t:|1682588558\n|switch|p2b: Mimikyu|Mimikyu, L50, F|100\/100|[from] Volt Switch\n|\n|-damage|p2a: Iron Bundle|42\/100 brn|[from] brn\n|-damage|p1b: Wo-Chien|52\/100 brn|[from] brn\n|upkeep\n|turn|9\n|\n|t:|1682588582\n|move|p2b: Mimikyu|Shadow Sneak|p1a: Sableye\n|-damage|p1a: Sableye|12\/100 frz\n|-curestatus|p1a: Sableye|frz|[msg]\n|move|p1a: Sableye|Encore|p2a: Iron Bundle\n|-start|p2a: Iron Bundle|Encore\n|move|p2a: Iron Bundle|Protect||[still]\n|-fail|p2a: Iron Bundle\n|move|p1b: Wo-Chien|Leech Seed|p2b: Mimikyu\n|-start|p2b: Mimikyu|move: Leech Seed\n|\n|-damage|p2b: Mimikyu|88\/100|[from] Leech Seed|[of] p1b: Wo-Chien\n|-heal|p1b: Wo-Chien|65\/100 brn|[silent]\n|-damage|p2a: Iron Bundle|36\/100 brn|[from] brn\n|-damage|p1b: Wo-Chien|59\/100 brn|[from] brn\n|upkeep\n|turn|10\n|\n|t:|1682588611\n|-end|p2a: Iron Bundle|Quark Drive|[silent]\n|switch|p2a: Rotom|Rotom-Wash, L50|88\/100\n|move|p2b: Mimikyu|Shadow Sneak|p1a: Sableye\n|-damage|p1a: Sableye|0 fnt\n|faint|p1a: Sableye\n|move|p1b: Wo-Chien|Leech Seed|p2a: Rotom\n|-start|p2a: Rotom|move: Leech Seed\n|\n|-damage|p2b: Mimikyu|76\/100|[from] Leech Seed|[of] p1b: Wo-Chien\n|-heal|p1b: Wo-Chien|72\/100 brn|[silent]\n|-damage|p2a: Rotom|76\/100|[from] Leech Seed|[of] p1b: Wo-Chien\n|-heal|p1b: Wo-Chien|88\/100 brn|[silent]\n|-damage|p1b: Wo-Chien|82\/100 brn|[from] brn\n|upkeep\n|\n|t:|1682588622\n|switch|p1a: Azumarill|Azumarill, L50, M|32\/100\n|turn|11\n|\n|t:|1682588634\n|switch|p2b: Iron Bundle|Iron Bundle, L50|36\/100 brn\n|move|p1b: Wo-Chien|Protect|p1b: Wo-Chien\n|-singleturn|p1b: Wo-Chien|Protect\n|move|p1a: Azumarill|Aqua Jet|p2b: Iron Bundle\n|-resisted|p2b: Iron Bundle\n|-damage|p2b: Iron Bundle|29\/100 brn\n|move|p2a: Rotom|Volt Switch|p1a: Azumarill\n|-supereffective|p1a: Azumarill\n|-damage|p1a: Azumarill|0 fnt\n|faint|p1a: Azumarill\n|\n|t:|1682588648\n|switch|p2a: Mimikyu|Mimikyu, L50, F|76\/100|[from] Volt Switch\n|\n|-damage|p2b: Iron Bundle|23\/100 brn|[from] brn\n|-damage|p1b: Wo-Chien|75\/100 brn|[from] brn\n|upkeep\n|\n|t:|1682588653\n|switch|p1a: Palafin|Palafin-Hero, L50, F|100\/100\n|-activate|p1a: Palafin|ability: Zero to Hero\n|turn|12\n|\n|t:|1682588669\n|-end|p2b: Iron Bundle|Quark Drive|[silent]\n|switch|p2b: Rotom|Rotom-Wash, L50|76\/100\n|move|p1a: Palafin|Jet Punch|p2b: Rotom\n|-resisted|p2b: Rotom\n|-damage|p2b: Rotom|54\/100\n|-damage|p1a: Palafin|91\/100|[from] item: Life Orb\n|move|p2a: Mimikyu|Swords Dance|p2a: Mimikyu\n|-boost|p2a: Mimikyu|atk|2\n|move|p1b: Wo-Chien|Leech Seed|p2a: Mimikyu\n|-start|p2a: Mimikyu|move: Leech Seed\n|\n|-damage|p2a: Mimikyu|64\/100|[from] Leech Seed|[of] p1b: Wo-Chien\n|-heal|p1b: Wo-Chien|89\/100 brn|[silent]\n|-damage|p1b: Wo-Chien|82\/100 brn|[from] brn\n|upkeep\n|turn|13\n|\n|t:|1682588713\n|move|p1a: Palafin|Jet Punch|p2a: Mimikyu\n|-activate|p2a: Mimikyu|ability: Disguise\n|-damage|p2a: Mimikyu|64\/100\n|detailschange|p2a: Mimikyu|Mimikyu-Busted, L50, F\n|-damage|p2a: Mimikyu|52\/100|[from] pokemon: Mimikyu-Busted\n|-damage|p1a: Palafin|81\/100|[from] item: Life Orb\n|move|p2a: Mimikyu|Swords Dance|p2a: Mimikyu\n|-boost|p2a: Mimikyu|atk|2\n|move|p2b: Rotom|Volt Switch|p1a: Palafin\n|-supereffective|p1a: Palafin\n|-damage|p1a: Palafin|27\/100\n|\n|t:|1682588725\n|switch|p2b: Iron Bundle|Iron Bundle, L50|23\/100 brn|[from] Volt Switch\n|move|p1b: Wo-Chien|Snarl|p2b: Iron Bundle|[spread] p2a\n|-miss|p1b: Wo-Chien|p2b: Iron Bundle\n|-damage|p2a: Mimikyu|36\/100\n|-unboost|p2a: Mimikyu|spa|1\n|\n|-damage|p2a: Mimikyu|23\/100|[from] Leech Seed|[of] p1b: Wo-Chien\n|-heal|p1b: Wo-Chien|95\/100 brn|[silent]\n|-damage|p2b: Iron Bundle|17\/100 brn|[from] brn\n|-damage|p1b: Wo-Chien|89\/100 brn|[from] brn\n|upkeep\n|turn|14\n|\n|t:|1682588743\n|move|p2b: Iron Bundle|Protect|p2b: Iron Bundle\n|-singleturn|p2b: Iron Bundle|Protect\n|move|p1a: Palafin|Jet Punch|p2a: Mimikyu\n|-damage|p2a: Mimikyu|0 fnt\n|faint|p2a: Mimikyu\n|-damage|p1a: Palafin|17\/100|[from] item: Life Orb\n|move|p1b: Wo-Chien|Snarl|p2b: Iron Bundle\n|-activate|p2b: Iron Bundle|move: Protect\n|\n|-damage|p2b: Iron Bundle|10\/100 brn|[from] brn\n|-damage|p1b: Wo-Chien|83\/100 brn|[from] brn\n|upkeep\n|\n|t:|1682588757\n|switch|p2a: Rotom|Rotom-Wash, L50|54\/100\n|turn|15\n|\n|t:|1682588772\n|move|p2b: Iron Bundle|Protect||[still]\n|-fail|p2b: Iron Bundle\n|move|p1a: Palafin|Jet Punch|p2b: Iron Bundle\n|-resisted|p2b: Iron Bundle\n|-damage|p2b: Iron Bundle|0 fnt\n|faint|p2b: Iron Bundle\n|-end|p2b: Iron Bundle|Quark Drive|[silent]\n|-damage|p1a: Palafin|7\/100|[from] item: Life Orb\n|move|p2a: Rotom|Hydro Pump|p1b: Wo-Chien\n|-supereffective|p1b: Wo-Chien\n|-damage|p1b: Wo-Chien|25\/100 brn\n|move|p1b: Wo-Chien|Leech Seed|p2a: Rotom\n|-start|p2a: Rotom|move: Leech Seed\n|\n|-damage|p2a: Rotom|42\/100|[from] Leech Seed|[of] p1b: Wo-Chien\n|-heal|p1b: Wo-Chien|41\/100 brn|[silent]\n|-damage|p1b: Wo-Chien|35\/100 brn|[from] brn\n|upkeep\n|turn|16\n|\n|t:|1682588791\n|move|p1b: Wo-Chien|Protect|p1b: Wo-Chien\n|-singleturn|p1b: Wo-Chien|Protect\n|move|p1a: Palafin|Jet Punch|p2a: Rotom\n|-resisted|p2a: Rotom\n|-damage|p2a: Rotom|18\/100\n|-enditem|p2a: Rotom|Iapapa Berry|[eat]\n|-heal|p2a: Rotom|52\/100|[from] item: Iapapa Berry\n|-damage|p1a: Palafin|0 fnt|[from] item: Life Orb\n|faint|p1a: Palafin\n|move|p2a: Rotom|Hydro Pump|p1b: Wo-Chien\n|-activate|p1b: Wo-Chien|move: Protect\n|\n|-damage|p2a: Rotom|40\/100|[from] Leech Seed|[of] p1b: Wo-Chien\n|-heal|p1b: Wo-Chien|50\/100 brn|[silent]\n|-damage|p1b: Wo-Chien|44\/100 brn|[from] brn\n|upkeep\n|turn|17\n|\n|t:|1682588808\n|move|p2a: Rotom|Hydro Pump|p1b: Wo-Chien\n|-supereffective|p1b: Wo-Chien\n|-damage|p1b: Wo-Chien|0 fnt\n|faint|p1b: Wo-Chien\n|\n|win|mait27\n|raw|hasan123456's rating: 1064 → 1048<\/strong> (-16 for losing)\n|raw|mait27's rating: 1137 → 1157<\/strong> (+20 for winning)\n|l|\u2606hasan123456\n","uploadtime":1682588823,"views":9,"p1id":"hasan123456","p2id":"mait27","formatid":"gen9vgc2023regulationc","rating":1048,"private":0,"password":""}