{"id":"gen9vgc2023regulationc-1845337143","p1":"kolbalt","p2":"BEENMELLOW","format":"[Gen 9] VGC 2023 Regulation C","log":"|j|\u2606kolbalt\n|j|\u2606BEENMELLOW\n|t:|1681717351\n|gametype|doubles\n|player|p1|kolbalt|2|1100\n|player|p2|BEENMELLOW|steven|1085\n|teamsize|p1|6\n|teamsize|p2|6\n|gen|9\n|tier|[Gen 9] VGC 2023 Regulation C\n|rated|\n|rule|Species Clause: Limit one of each Pok\u00e9mon\n|rule|Item Clause: Limit one of each item\n|clearpoke\n|poke|p1|Tsareena, L50, F|\n|poke|p1|Volcarona, L50, F|\n|poke|p1|Scizor, L50, M|\n|poke|p1|Palafin, L50, F|\n|poke|p1|Dragapult, L50, M|\n|poke|p1|Iron Valiant, L50|\n|poke|p2|Braviary, L50, M|\n|poke|p2|Chi-Yu, L50|\n|poke|p2|Iron Bundle, L50|\n|poke|p2|Amoonguss, L50, F|\n|poke|p2|Kingambit, L50, M|\n|poke|p2|Iron Valiant, L50|\n|teampreview|4\nBEENMELLOW has agreed to open team sheets.\n|inactive|Battle timer is ON: inactive players will automatically lose when time's up. (requested by BEENMELLOW)\n|inactive|BEENMELLOW has 60 seconds left.\n|\n|t:|1681717435\n|start\n|switch|p1a: Tsareena|Tsareena, L50, F|100\/100\n|switch|p1b: Volcarona|Volcarona, L50, F|100\/100\n|switch|p2a: Braviary|Braviary, L50, M|100\/100\n|switch|p2b: Chi-Yu|Chi-Yu, L50|100\/100\n|-ability|p2b: Chi-Yu|Beads of Ruin\n|turn|1\n|inactive|BEENMELLOW has 30 seconds left.\n|\n|t:|1681717461\n|-terastallize|p1b: Volcarona|Water\n|-terastallize|p2a: Braviary|Rock\n|move|p1a: Tsareena|Protect|p1a: Tsareena\n|-singleturn|p1a: Tsareena|Protect\n|move|p2b: Chi-Yu|Heat Wave|p1b: Volcarona|[spread] p1b\n|-activate|p1a: Tsareena|move: Protect\n|-resisted|p1b: Volcarona\n|-damage|p1b: Volcarona|79\/100\n|move|p1b: Volcarona|Tailwind|p1b: Volcarona\n|-sidestart|p1: kolbalt|move: Tailwind\n|move|p2a: Braviary|Rock Slide|p1a: Tsareena|[spread] p1b\n|-activate|p1a: Tsareena|move: Protect\n|-damage|p1b: Volcarona|50\/100\n|-enditem|p1b: Volcarona|Sitrus Berry|[eat]\n|-heal|p1b: Volcarona|75\/100|[from] item: Sitrus Berry\n|\n|upkeep\n|turn|2\n|inactive|kolbalt has 30 seconds left.\n|inactive|BEENMELLOW has 30 seconds left.\n|inactive|BEENMELLOW has 20 seconds left.\n|\n|t:|1681717496\n|move|p2a: Braviary|Protect|p2a: Braviary\n|-singleturn|p2a: Braviary|Protect\n|move|p1b: Volcarona|Bug Buzz|p2b: Chi-Yu\n|-damage|p2b: Chi-Yu|45\/100\n|move|p1a: Tsareena|High Jump Kick|p2a: Braviary\n|-activate|p2a: Braviary|move: Protect\n|-damage|p1a: Tsareena|51\/100|[from] highjumpkick\n|move|p2b: Chi-Yu|Snarl|p1a: Tsareena|[spread] p1a,p1b\n|-crit|p1a: Tsareena\n|-damage|p1a: Tsareena|7\/100\n|-damage|p1b: Volcarona|46\/100\n|-unboost|p1a: Tsareena|spa|1\n|-unboost|p1b: Volcarona|spa|1\n|\n|upkeep\n|turn|3\n|inactive|kolbalt has 30 seconds left.\n|inactive|kolbalt has 20 seconds left.\n|inactive|kolbalt has 15 seconds left.\n|\n|t:|1681717537\n|switch|p2a: Iron Valiant|Iron Valiant, L50|100\/100\n|move|p2b: Chi-Yu|Protect|p2b: Chi-Yu\n|-singleturn|p2b: Chi-Yu|Protect\n|move|p1b: Volcarona|Bug Buzz|p2b: Chi-Yu\n|-activate|p2b: Chi-Yu|move: Protect\n|move|p1a: Tsareena|High Jump Kick|p2a: Iron Valiant\n|-resisted|p2a: Iron Valiant\n|-damage|p2a: Iron Valiant|73\/100\n|\n|upkeep\n|turn|4\n|inactive|BEENMELLOW has 30 seconds left.\n|\n|t:|1681717569\n|switch|p2b: Kingambit|Kingambit, L50, M|100\/100\n|move|p1b: Volcarona|Bug Buzz|p2b: Kingambit\n|-damage|p2b: Kingambit|81\/100\n|move|p1a: Tsareena|Play Rough|p2a: Iron Valiant\n|-supereffective|p2a: Iron Valiant\n|-damage|p2a: Iron Valiant|0 fnt\n|faint|p2a: Iron Valiant\n|-end|p2a: Iron Valiant|Quark Drive|[silent]\n|\n|-sideend|p1: kolbalt|move: Tailwind\n|upkeep\n|\n|t:|1681717581\n|switch|p2a: Braviary|Braviary, L50, M, tera:Rock|100\/100\n|turn|5\n|\n|t:|1681717596\n|move|p2a: Braviary|Protect|p2a: Braviary\n|-singleturn|p2a: Braviary|Protect\n|move|p1a: Tsareena|Protect|p1a: Tsareena\n|-singleturn|p1a: Tsareena|Protect\n|move|p1b: Volcarona|Tailwind|p1b: Volcarona\n|-sidestart|p1: kolbalt|move: Tailwind\n|move|p2b: Kingambit|Iron Head|p1a: Tsareena\n|-activate|p1a: Tsareena|move: Protect\n|\n|upkeep\n|turn|6\n|\n|t:|1681717620\n|-end|p2b: Kingambit|fallenundefined|[silent]\n|switch|p2b: Chi-Yu|Chi-Yu, L50|45\/100\n|-ability|p2b: Chi-Yu|Beads of Ruin\n|move|p1b: Volcarona|Rage Powder|p1b: Volcarona\n|-singleturn|p1b: Volcarona|move: Rage Powder\n|move|p1a: Tsareena|High Jump Kick|p2a: Braviary\n|-supereffective|p2a: Braviary\n|-damage|p2a: Braviary|0 fnt\n|faint|p2a: Braviary\n|\n|upkeep\n|\n|t:|1681717637\n|switch|p2a: Kingambit|Kingambit, L50, M|81\/100\n|-activate|p2a: Kingambit|ability: Supreme Overlord\n|-start|p2a: Kingambit|fallen2|[silent]\n|turn|7\n|\n|t:|1681717654\n|move|p1b: Volcarona|Bug Buzz|p2a: Kingambit\n|-damage|p2a: Kingambit|52\/100\n|move|p1a: Tsareena|Play Rough|p2b: Chi-Yu\n|-damage|p2b: Chi-Yu|0 fnt\n|faint|p2b: Chi-Yu\n|move|p2a: Kingambit|Kowtow Cleave|p1a: Tsareena\n|-damage|p1a: Tsareena|0 fnt\n|faint|p1a: Tsareena\n|\n|upkeep\n|\n|t:|1681717666\n|switch|p1a: Iron Valiant|Iron Valiant, L50|100\/100\n|-enditem|p1a: Iron Valiant|Booster Energy\n|-activate|p1a: Iron Valiant|ability: Quark Drive|[fromitem]\n|-start|p1a: Iron Valiant|quarkdrivespe\n|turn|8\n|\n|t:|1681717675\n|move|p1b: Volcarona|Rage Powder|p1b: Volcarona\n|-singleturn|p1b: Volcarona|move: Rage Powder\n|move|p2a: Kingambit|Sucker Punch||[still]\n|-fail|p2a: Kingambit\n|move|p1a: Iron Valiant|Focus Blast|p2a: Kingambit|[miss]\n|-miss|p1a: Iron Valiant|p2a: Kingambit\n|\n|-sideend|p1: kolbalt|move: Tailwind\n|upkeep\n|turn|9\n|\n|t:|1681717686\n|move|p1b: Volcarona|Rage Powder|p1b: Volcarona\n|-singleturn|p1b: Volcarona|move: Rage Powder\n|move|p1a: Iron Valiant|Focus Blast|p2a: Kingambit\n|-supereffective|p2a: Kingambit\n|-damage|p2a: Kingambit|0 fnt\n|faint|p2a: Kingambit\n|-end|p2a: Kingambit|fallen2|[silent]\n|\n|win|kolbalt\n|raw|kolbalt's rating: 1100 → 1124<\/strong> (+24 for winning)\n|raw|BEENMELLOW's rating: 1085 → 1063<\/strong> (-22 for losing)\n","uploadtime":1681717701,"views":12,"p1id":"kolbalt","p2id":"beenmellow","formatid":"gen9vgc2023regulationc","rating":1063,"private":0,"password":""}