{"id":"gen9vgc2023regulationc-1861883909","p1":"NeuroticTC","p2":"nik holo","format":"[Gen 9] VGC 2023 Regulation C","log":"|j|\u2606NeuroticTC\n|j|\u2606nik holo\n|t:|1683817761\n|gametype|doubles\n|player|p1|NeuroticTC|boarder|\n|player|p2|nik holo|1|\n|teamsize|p1|6\n|teamsize|p2|6\n|gen|9\n|tier|[Gen 9] VGC 2023 Regulation C\n|rated|Tournament battle\n|rule|Species Clause: Limit one of each Pok\u00e9mon\n|rule|Item Clause: Limit one of each item\n|clearpoke\n|poke|p1|Brute Bonnet, L50|\n|poke|p1|Murkrow, L50, M|\n|poke|p1|Farigiraf, L50, F|\n|poke|p1|Chi-Yu, L50|\n|poke|p1|Flutter Mane, L50|\n|poke|p1|Great Tusk, L50|\n|poke|p2|Annihilape, L50, M|\n|poke|p2|Iron Bundle, L50|\n|poke|p2|Arcanine, L50, M|\n|poke|p2|Roaring Moon, L50|\n|poke|p2|Gholdengo, L50|\n|poke|p2|Maushold-Four, L50|\n|teampreview|4\n|raw| Open Team Sheet for NeuroticTC<\/summary>Brute Bonnet @ Loaded Dice Ability: Protosynthesis Level: 50 Tera Type: Dark - Spore - Rage Powder - Bullet Seed - Sucker Punch Murkrow (M) @ Eject Button Ability: Prankster Level: 50 Shiny: Yes Tera Type: Flying - Brave Bird - Tailwind - Haze - Sunny Day Farigiraf (F) @ Focus Sash Ability: Armor Tail Level: 50 Tera Type: Fairy - Dazzling Gleam - Psychic - Trick Room - Imprison Chi-Yu @ Life Orb Ability: Beads of Ruin Level: 50 Tera Type: Grass - Heat Wave - Protect - Tera Blast - Dark Pulse Flutter Mane @ Booster Energy Ability: Protosynthesis Level: 50 Tera Type: Fairy - Power Gem - Shadow Ball - Moonblast - Protect Great Tusk @ Choice Scarf Ability: Protosynthesis Level: 50 Tera Type: Steel - Close Combat - Headlong Rush - Rock Slide - Earthquake <\/details><\/div> Open Team Sheet for nik holo<\/summary>Annihilape @ Leftovers Ability: Defiant Level: 50 Shiny: Yes Tera Type: Water - Drain Punch - Bulk Up - Rage Fist - Protect Iron Bundle @ Covert Cloak Ability: Quark Drive Level: 50 Tera Type: Ghost - Freeze-Dry - Encore - Icy Wind - Protect Arcanine @ Assault Vest Ability: Intimidate Level: 50 Tera Type: Grass - Flare Blitz - Extreme Speed - Snarl - Close Combat Roaring Moon @ Booster Energy Ability: Protosynthesis Level: 50 Tera Type: Flying - Acrobatics - Breaking Swipe - Tailwind - Protect Gholdengo @ Choice Specs Ability: Good as Gold Level: 50 Tera Type: Steel - Make It Rain - Shadow Ball - Thunderbolt - Trick Maushold (Maushold-Four) @ Safety Goggles Ability: Friend Guard Level: 50 Tera Type: Ghost - Follow Me - Beat Up - Super Fang - Protect <\/details><\/div>\n|j| majora85\n|inactive|Battle timer is ON: inactive players will automatically lose when time's up. (requested by NeuroticTC)\n|l| majora85\n|\n|t:|1683817802\n|start\n|switch|p1a: Murkrow|Murkrow, L50, M, shiny|100\/100\n|switch|p1b: Flutter Mane|Flutter Mane, L50|100\/100\n|switch|p2a: Roaring Moon|Roaring Moon, L50|100\/100\n|switch|p2b: Gholdengo|Gholdengo, L50|100\/100\n|-enditem|p1b: Flutter Mane|Booster Energy\n|-activate|p1b: Flutter Mane|ability: Protosynthesis|[fromitem]\n|-start|p1b: Flutter Mane|protosynthesisspe\n|-enditem|p2a: Roaring Moon|Booster Energy\n|-activate|p2a: Roaring Moon|ability: Protosynthesis|[fromitem]\n|-start|p2a: Roaring Moon|protosynthesisspe\n|turn|1\n|\n|t:|1683817824\n|-end|p2a: Roaring Moon|Protosynthesis|[silent]\n|switch|p2a: Arcanine|Arcanine, L50, M|100\/100\n|-ability|p2a: Arcanine|Intimidate|boost\n|-unboost|p1a: Murkrow|atk|1\n|-unboost|p1b: Flutter Mane|atk|1\n|move|p1b: Flutter Mane|Protect|p1b: Flutter Mane\n|-singleturn|p1b: Flutter Mane|Protect\n|move|p1a: Murkrow|Tailwind|p1a: Murkrow\n|-sidestart|p1: NeuroticTC|move: Tailwind\n|move|p2b: Gholdengo|Make It Rain|p1a: Murkrow|[spread] p1a\n|-activate|p1b: Flutter Mane|move: Protect\n|-damage|p1a: Murkrow|0 fnt\n|-unboost|p2b: Gholdengo|spa|1\n|faint|p1a: Murkrow\n|\n|upkeep\n|\n|t:|1683817841\n|switch|p1a: Chi-Yu|Chi-Yu, L50|100\/100\n|-ability|p1a: Chi-Yu|Beads of Ruin\n|turn|2\n|\n|t:|1683817847\n|move|p1b: Flutter Mane|Power Gem|p2a: Arcanine\n|-supereffective|p2a: Arcanine\n|-damage|p2a: Arcanine|44\/100\n|move|p1a: Chi-Yu|Heat Wave|p2b: Gholdengo|[spread] p2a,p2b\n|-resisted|p2a: Arcanine\n|-supereffective|p2b: Gholdengo\n|-damage|p2a: Arcanine|20\/100\n|-damage|p2b: Gholdengo|0 fnt\n|faint|p2b: Gholdengo\n|-damage|p1a: Chi-Yu|90\/100|[from] item: Life Orb\n|move|p2a: Arcanine|Snarl|p1a: Chi-Yu|[spread] p1a,p1b\n|-resisted|p1a: Chi-Yu\n|-damage|p1a: Chi-Yu|86\/100\n|-damage|p1b: Flutter Mane|88\/100\n|-unboost|p1a: Chi-Yu|spa|1\n|-unboost|p1b: Flutter Mane|spa|1\n|\n|upkeep\n|\n|t:|1683817863\n|switch|p2b: Roaring Moon|Roaring Moon, L50|100\/100\n|turn|3\n|\n|t:|1683817875\n|-terastallize|p2b: Roaring Moon|Flying\n|move|p1b: Flutter Mane|Moonblast|p2b: Roaring Moon\n|-damage|p2b: Roaring Moon|58\/100\n|move|p1a: Chi-Yu|Heat Wave|p2b: Roaring Moon|[spread] p2a,p2b\n|-resisted|p2a: Arcanine\n|-damage|p2a: Arcanine|4\/100\n|-damage|p2b: Roaring Moon|20\/100\n|-damage|p1a: Chi-Yu|76\/100|[from] item: Life Orb\n|move|p2b: Roaring Moon|Tailwind|p2b: Roaring Moon\n|-sidestart|p2: nik holo|move: Tailwind\n|move|p2a: Arcanine|Snarl|p1a: Chi-Yu|[spread] p1a\n|-miss|p2a: Arcanine|p1b: Flutter Mane\n|-resisted|p1a: Chi-Yu\n|-damage|p1a: Chi-Yu|71\/100\n|-unboost|p1a: Chi-Yu|spa|1\n|\n|upkeep\n|turn|4\n|\n|t:|1683817899\n|move|p2b: Roaring Moon|Protect|p2b: Roaring Moon\n|-singleturn|p2b: Roaring Moon|Protect\n|move|p2a: Arcanine|Extreme Speed|p1a: Chi-Yu\n|-damage|p1a: Chi-Yu|26\/100\n|move|p1b: Flutter Mane|Power Gem|p2a: Arcanine\n|-supereffective|p2a: Arcanine\n|-damage|p2a: Arcanine|0 fnt\n|faint|p2a: Arcanine\n|move|p1a: Chi-Yu|Dark Pulse|p2b: Roaring Moon\n|-activate|p2b: Roaring Moon|move: Protect\n|\n|-sideend|p1: NeuroticTC|move: Tailwind\n|upkeep\n|\n|t:|1683817918\n|switch|p2a: Iron Bundle|Iron Bundle, L50|100\/100\n|turn|5\n|\n|t:|1683817923\n|move|p1b: Flutter Mane|Protect|p1b: Flutter Mane\n|-singleturn|p1b: Flutter Mane|Protect\n|move|p1a: Chi-Yu|Protect|p1a: Chi-Yu\n|-singleturn|p1a: Chi-Yu|Protect\n|move|p2a: Iron Bundle|Freeze-Dry|p1a: Chi-Yu\n|-activate|p1a: Chi-Yu|move: Protect\n|move|p2b: Roaring Moon|Acrobatics|p1b: Flutter Mane\n|-activate|p1b: Flutter Mane|move: Protect\n|\n|upkeep\n|turn|6\n|inactive|NeuroticTC has 30 seconds left.\n|inactive|NeuroticTC has 20 seconds left.\n|inactive|NeuroticTC has 15 seconds left.\n|\n|t:|1683817968\n|move|p1b: Flutter Mane|Protect|p1b: Flutter Mane\n|-singleturn|p1b: Flutter Mane|Protect\n|move|p2a: Iron Bundle|Encore|p1a: Chi-Yu\n|-start|p1a: Chi-Yu|Encore\n|move|p2b: Roaring Moon|Acrobatics|p1b: Flutter Mane\n|-activate|p1b: Flutter Mane|move: Protect\n|move|p1a: Chi-Yu|Protect||[still]\n|-fail|p1a: Chi-Yu\n|\n|-sideend|p2: nik holo|move: Tailwind\n|upkeep\n|turn|7\n|inactive|NeuroticTC has 30 seconds left.\n|inactive|NeuroticTC has 20 seconds left.\n|\n|t:|1683818003\n|switch|p1a: Great Tusk|Great Tusk, L50|100\/100\n|move|p1b: Flutter Mane|Moonblast|p2a: Iron Bundle\n|-damage|p2a: Iron Bundle|50\/100\n|move|p2a: Iron Bundle|Freeze-Dry|p1b: Flutter Mane\n|-damage|p1b: Flutter Mane|58\/100\n|move|p2b: Roaring Moon|Acrobatics|p1b: Flutter Mane\n|-damage|p1b: Flutter Mane|0 fnt\n|faint|p1b: Flutter Mane\n|-end|p1b: Flutter Mane|Protosynthesis|[silent]\n|\n|upkeep\n|\n|t:|1683818009\n|switch|p1b: Chi-Yu|Chi-Yu, L50|26\/100\n|-ability|p1b: Chi-Yu|Beads of Ruin\n|turn|8\n|\n|t:|1683818022\n|-terastallize|p1a: Great Tusk|Steel\n|move|p1a: Great Tusk|Rock Slide|p2b: Roaring Moon|[spread] p2a,p2b\n|-supereffective|p2a: Iron Bundle\n|-supereffective|p2b: Roaring Moon\n|-damage|p2a: Iron Bundle|6\/100\n|-damage|p2b: Roaring Moon|0 fnt\n|faint|p2b: Roaring Moon\n|-end|p2b: Roaring Moon|Protosynthesis|[silent]\n|move|p2a: Iron Bundle|Icy Wind|p1a: Great Tusk|[spread] p1a,p1b\n|-resisted|p1a: Great Tusk\n|-resisted|p1b: Chi-Yu\n|-damage|p1a: Great Tusk|83\/100\n|-damage|p1b: Chi-Yu|17\/100\n|-unboost|p1a: Great Tusk|spe|1\n|-unboost|p1b: Chi-Yu|spe|1\n|move|p1b: Chi-Yu|Heat Wave|p2a: Iron Bundle|[miss]\n|-miss|p1b: Chi-Yu|p2a: Iron Bundle\n|\n|upkeep\n|turn|9\n|\n|t:|1683818041\n|move|p2a: Iron Bundle|Icy Wind|p1a: Great Tusk|[spread] p1a,p1b\n|-resisted|p1a: Great Tusk\n|-resisted|p1b: Chi-Yu\n|-damage|p1a: Great Tusk|67\/100\n|-damage|p1b: Chi-Yu|7\/100\n|-unboost|p1a: Great Tusk|spe|1\n|-unboost|p1b: Chi-Yu|spe|1\n|move|p1a: Great Tusk|Rock Slide|p2a: Iron Bundle\n|-supereffective|p2a: Iron Bundle\n|-damage|p2a: Iron Bundle|0 fnt\n|faint|p2a: Iron Bundle\n|-end|p2a: Iron Bundle|Quark Drive|[silent]\n|\n|win|NeuroticTC\n|n|\u2606NeuroticTC|neurotictc\n|n|\u2606nik holo|nikholo\n","uploadtime":1683818113,"views":7,"p1id":"neurotictc","p2id":"nikholo","formatid":"gen9vgc2023regulationc","rating":0,"private":0,"password":""}