{"id":"gen9vgc2023regulationc-1860386353","p1":"NeuroticTC","p2":"klatuu","format":"[Gen 9] VGC 2023 Regulation C","log":"|j|\u2606NeuroticTC\n|j|\u2606klatuu\n|t:|1683639587\n|gametype|doubles\n|player|p1|NeuroticTC|boarder|\n|player|p2|klatuu|roark|\n|teamsize|p1|6\n|teamsize|p2|6\n|gen|9\n|tier|[Gen 9] VGC 2023 Regulation C\n|rated|Tournament battle\n|rule|Species Clause: Limit one of each Pok\u00e9mon\n|rule|Item Clause: Limit one of each item\n|clearpoke\n|poke|p1|Brute Bonnet, L50|\n|poke|p1|Murkrow, L50, M|\n|poke|p1|Farigiraf, L50, F|\n|poke|p1|Chi-Yu, L50|\n|poke|p1|Flutter Mane, L50|\n|poke|p1|Great Tusk, L50|\n|poke|p2|Amoonguss, L50, M|\n|poke|p2|Flutter Mane, L50|\n|poke|p2|Gyarados, L50, M|\n|poke|p2|Iron Hands, L50|\n|poke|p2|Ting-Lu, L50|\n|poke|p2|Chi-Yu, L50|\n|teampreview|4\n|raw| Open Team Sheet for NeuroticTC<\/summary>Brute Bonnet @ Loaded Dice Ability: Protosynthesis Level: 50 Tera Type: Dark - Spore - Rage Powder - Bullet Seed - Sucker Punch Murkrow (M) @ Eject Button Ability: Prankster Level: 50 Shiny: Yes Tera Type: Flying - Brave Bird - Tailwind - Haze - Sunny Day Farigiraf (F) @ Focus Sash Ability: Armor Tail Level: 50 Tera Type: Psychic - Hyper Voice - Psychic - Trick Room - Imprison Chi-Yu @ Life Orb Ability: Beads of Ruin Level: 50 Tera Type: Grass - Heat Wave - Protect - Tera Blast - Dark Pulse Flutter Mane @ Booster Energy Ability: Protosynthesis Level: 50 Tera Type: Fairy - Power Gem - Shadow Ball - Moonblast - Protect Great Tusk @ Choice Scarf Ability: Protosynthesis Level: 50 Tera Type: Steel - Close Combat - Headlong Rush - Rock Slide - Earthquake <\/details><\/div> Open Team Sheet for klatuu<\/summary>Amoonguss @ Sitrus Berry Ability: Regenerator Level: 50 Tera Type: Water - Rage Powder - Spore - Leaf Storm - Pollen Puff Flutter Mane @ Choice Specs Ability: Protosynthesis Level: 50 Tera Type: Fairy - Moonblast - Dazzling Gleam - Shadow Ball - Icy Wind Gyarados @ Lum Berry Ability: Intimidate Level: 50 Tera Type: Grass - Waterfall - Taunt - Thunder Wave - Protect Iron Hands @ Clear Amulet Ability: Quark Drive Level: 50 Tera Type: Fire - Wild Charge - Drain Punch - Fake Out - Protect Ting-Lu @ Choice Band Ability: Vessel of Ruin Level: 50 Tera Type: Grass - Stomping Tantrum - Heavy Slam - Rock Slide - Earthquake Chi-Yu @ Safety Goggles Ability: Beads of Ruin Level: 50 Tera Type: Water - Heat Wave - Dark Pulse - Flamethrower - Protect <\/details><\/div>\n|j| godlyreal\n|inactive|Battle timer is ON: inactive players will automatically lose when time's up. (requested by NeuroticTC)\n|\n|t:|1683639631\n|start\n|switch|p1a: Chi-Yu|Chi-Yu, L50|100\/100\n|switch|p1b: Flutter Mane|Flutter Mane, L50|100\/100\n|switch|p2a: Iron Hands|Iron Hands, L50|100\/100\n|switch|p2b: Ting-Lu|Ting-Lu, L50|100\/100\n|-ability|p1a: Chi-Yu|Beads of Ruin\n|-ability|p2b: Ting-Lu|Vessel of Ruin\n|-enditem|p1b: Flutter Mane|Booster Energy\n|-activate|p1b: Flutter Mane|ability: Protosynthesis|[fromitem]\n|-start|p1b: Flutter Mane|protosynthesisspe\n|turn|1\n|inactive|NeuroticTC has 30 seconds left.\n|\n|t:|1683639668\n|switch|p1a: Great Tusk|Great Tusk, L50|100\/100\n|-terastallize|p2b: Ting-Lu|Grass\n|move|p1b: Flutter Mane|Protect|p1b: Flutter Mane\n|-singleturn|p1b: Flutter Mane|Protect\n|move|p2a: Iron Hands|Protect|p2a: Iron Hands\n|-singleturn|p2a: Iron Hands|Protect\n|move|p2b: Ting-Lu|Earthquake|p1a: Great Tusk|[spread] p1a\n|-activate|p2a: Iron Hands|move: Protect\n|-activate|p1b: Flutter Mane|move: Protect\n|-damage|p1a: Great Tusk|61\/100\n|\n|upkeep\n|turn|2\n|inactive|NeuroticTC has 30 seconds left.\n|inactive|NeuroticTC has 20 seconds left.\n|inactive|NeuroticTC has 15 seconds left.\n|inactive|NeuroticTC has 10 seconds left.\n|inactive|NeuroticTC has 5 seconds left.\n|\n|t:|1683639721\n|-end|p1b: Flutter Mane|Protosynthesis|[silent]\n|switch|p1b: Brute Bonnet|Brute Bonnet, L50|100\/100\n|-end|p2a: Iron Hands|Quark Drive|[silent]\n|switch|p2a: Gyarados|Gyarados, L50, M|100\/100\n|-ability|p2a: Gyarados|Intimidate|boost\n|-unboost|p1a: Great Tusk|atk|1\n|-unboost|p1b: Brute Bonnet|atk|1\n|move|p1a: Great Tusk|Rock Slide|p2a: Gyarados|[spread] p2a,p2b\n|-supereffective|p2a: Gyarados\n|-damage|p2a: Gyarados|68\/100\n|-damage|p2b: Ting-Lu|92\/100\n|cant|p2b: Ting-Lu|flinch\n|\n|upkeep\n|turn|3\n|inactive|NeuroticTC has 30 seconds left.\n|inactive|klatuu has 30 seconds left.\n|\n|t:|1683639753\n|move|p1b: Brute Bonnet|Sucker Punch|p2b: Ting-Lu\n|-crit|p2b: Ting-Lu\n|-damage|p2b: Ting-Lu|58\/100\n|move|p1a: Great Tusk|Rock Slide|p2b: Ting-Lu|[spread] p2a\n|-miss|p1a: Great Tusk|p2b: Ting-Lu\n|-supereffective|p2a: Gyarados\n|-damage|p2a: Gyarados|39\/100\n|cant|p2a: Gyarados|flinch\n|move|p2b: Ting-Lu|Earthquake|p1b: Brute Bonnet|[spread] p1a,p1b\n|-immune|p2a: Gyarados\n|-resisted|p1b: Brute Bonnet\n|-damage|p1a: Great Tusk|19\/100\n|-damage|p1b: Brute Bonnet|72\/100\n|\n|upkeep\n|turn|4\n|\n|t:|1683639766\n|move|p2a: Gyarados|Protect|p2a: Gyarados\n|-singleturn|p2a: Gyarados|Protect\n|move|p1b: Brute Bonnet|Sucker Punch|p2b: Ting-Lu\n|-damage|p2b: Ting-Lu|41\/100\n|move|p1a: Great Tusk|Rock Slide|p2a: Gyarados|[spread] p2b\n|-activate|p2a: Gyarados|move: Protect\n|-crit|p2b: Ting-Lu\n|-damage|p2b: Ting-Lu|24\/100\n|move|p2b: Ting-Lu|Earthquake|p1b: Brute Bonnet|[spread] p1a,p1b\n|-activate|p2a: Gyarados|move: Protect\n|-resisted|p1b: Brute Bonnet\n|-damage|p1a: Great Tusk|0 fnt\n|-damage|p1b: Brute Bonnet|46\/100\n|faint|p1a: Great Tusk\n|-end|p1a: Great Tusk|Protosynthesis|[silent]\n|\n|upkeep\n|\n|t:|1683639777\n|switch|p1a: Chi-Yu|Chi-Yu, L50|100\/100\n|-ability|p1a: Chi-Yu|Beads of Ruin\n|turn|5\n|\n|t:|1683639791\n|-terastallize|p1a: Chi-Yu|Grass\n|move|p1b: Brute Bonnet|Sucker Punch||[still]\n|-fail|p1b: Brute Bonnet\n|move|p1a: Chi-Yu|Heat Wave|p2b: Ting-Lu|[spread] p2a,p2b\n|-resisted|p2a: Gyarados\n|-supereffective|p2b: Ting-Lu\n|-damage|p2a: Gyarados|19\/100\n|-damage|p2b: Ting-Lu|0 fnt\n|faint|p2b: Ting-Lu\n|-damage|p1a: Chi-Yu|90\/100|[from] item: Life Orb\n|move|p2a: Gyarados|Thunder Wave|p1a: Chi-Yu\n|-status|p1a: Chi-Yu|par\n|\n|upkeep\n|\n|t:|1683639807\n|switch|p2b: Flutter Mane|Flutter Mane, L50|100\/100\n|turn|6\n|\n|t:|1683639821\n|move|p1a: Chi-Yu|Protect|p1a: Chi-Yu\n|-singleturn|p1a: Chi-Yu|Protect\n|move|p1b: Brute Bonnet|Sucker Punch|p2b: Flutter Mane\n|-damage|p2b: Flutter Mane|56\/100\n|move|p2b: Flutter Mane|Dazzling Gleam|p1a: Chi-Yu|[spread] p1b\n|-activate|p1a: Chi-Yu|move: Protect\n|-supereffective|p1b: Brute Bonnet\n|-damage|p1b: Brute Bonnet|0 fnt\n|faint|p1b: Brute Bonnet\n|-end|p1b: Brute Bonnet|Protosynthesis|[silent]\n|move|p2a: Gyarados|Waterfall|p1a: Chi-Yu\n|-activate|p1a: Chi-Yu|move: Protect\n|\n|upkeep\n|\n|t:|1683639827\n|switch|p1b: Flutter Mane|Flutter Mane, L50|100\/100\n|turn|7\n|\n|t:|1683639836\n|move|p1b: Flutter Mane|Shadow Ball|p2b: Flutter Mane\n|-supereffective|p2b: Flutter Mane\n|-damage|p2b: Flutter Mane|0 fnt\n|faint|p2b: Flutter Mane\n|-end|p2b: Flutter Mane|Protosynthesis|[silent]\n|move|p2a: Gyarados|Waterfall|p1a: Chi-Yu\n|-resisted|p1a: Chi-Yu\n|-damage|p1a: Chi-Yu|62\/100 par\n|move|p1a: Chi-Yu|Dark Pulse|p2a: Gyarados\n|-damage|p2a: Gyarados|0 fnt\n|faint|p2a: Gyarados\n|-damage|p1a: Chi-Yu|52\/100 par|[from] item: Life Orb\n|\n|upkeep\n|-message|klatuu forfeited.\n|\n|win|NeuroticTC\n|n|\u2606NeuroticTC|neurotictc\n|n|\u2606klatuu|klatuu\n|n| godlyreal|godlyreal\n|l|\u2606klatuu\n|l| godlyreal\n","uploadtime":1683641710,"views":7,"p1id":"neurotictc","p2id":"klatuu","formatid":"gen9vgc2023regulationc","rating":0,"private":0,"password":""}