{"id":"gen9vgc2023regulationc-1844914196","p1":"Stellabotrus","p2":"LaFuriaVasca","format":"[Gen 9] VGC 2023 Regulation C","log":"|j|\u2606Stellabotrus\n|j|\u2606LaFuriaVasca\n|t:|1681663566\n|gametype|doubles\n|player|p1|Stellabotrus|acetrainerf|1000\n|player|p2|LaFuriaVasca|170|1000\n|teamsize|p1|4\n|teamsize|p2|6\n|gen|9\n|tier|[Gen 9] VGC 2023 Regulation C\n|rated|\n|rule|Species Clause: Limit one of each Pok\u00e9mon\n|rule|Item Clause: Limit one of each item\n|clearpoke\n|poke|p1|Rotom-Fan, L50|\n|poke|p1|Meowscarada, L50, M|\n|poke|p1|Maushold, L50|\n|poke|p1|Chi-Yu, L50|\n|poke|p2|Armarouge, L50, F|\n|poke|p2|Indeedee, L50, M|\n|poke|p2|Brute Bonnet, L50|\n|poke|p2|Torkoal, L50, M|\n|poke|p2|Flutter Mane, L50|\n|poke|p2|Roaring Moon, L50|\n|teampreview|4\nStellabotrus has agreed to open team sheets.\n|\n|t:|1681663606\n|start\n|switch|p1a: Rotom|Rotom-Fan, L50|100\/100\n|switch|p1b: Meowscarada|Meowscarada, L50, M|100\/100\n|switch|p2a: Armarouge|Armarouge, L50, F|100\/100\n|switch|p2b: Indeedee|Indeedee, L50, M|100\/100\n|-fieldstart|move: Psychic Terrain|[from] ability: Psychic Surge|[of] p2b: Indeedee\n|-enditem|p2b: Indeedee|Psychic Seed\n|-boost|p2b: Indeedee|spd|1|[from] item: Psychic Seed\n|turn|1\n|\n|t:|1681663641\n|switch|p2b: Roaring Moon|Roaring Moon, L50|100\/100\n|move|p1b: Meowscarada|Skill Swap|p1a: Rotom\n|-start|p1b: Meowscarada|typechange|Psychic|[from] ability: Protean\n|-activate|p1b: Meowscarada|move: Skill Swap|||[of] p1a: Rotom\n|move|p1a: Rotom|Hyper Voice|p2a: Armarouge|[spread] p2a,p2b\n|-start|p1a: Rotom|typechange|Normal|[from] ability: Protean\n|-damage|p2a: Armarouge|67\/100\n|-damage|p2b: Roaring Moon|75\/100\n|-enditem|p1a: Rotom|Throat Spray\n|-boost|p1a: Rotom|spa|1|[from] item: Throat Spray\n|move|p2a: Armarouge|Armor Cannon|p1b: Meowscarada\n|-damage|p1b: Meowscarada|9\/100\n|-unboost|p2a: Armarouge|def|1\n|-unboost|p2a: Armarouge|spd|1\n|-damage|p2a: Armarouge|58\/100|[from] item: Life Orb\n|\n|upkeep\n|turn|2\n|\n|t:|1681663678\n|-terastallize|p1a: Rotom|Normal\n|move|p1b: Meowscarada|Flower Trick|p2a: Armarouge\n|-resisted|p2a: Armarouge\n|-crit|p2a: Armarouge\n|-damage|p2a: Armarouge|44\/100\n|move|p2b: Roaring Moon|Breaking Swipe|p1a: Rotom|[spread] p1a,p1b\n|-damage|p1a: Rotom|76\/100\n|-damage|p1b: Meowscarada|0 fnt\n|-unboost|p1a: Rotom|atk|1\n|faint|p1b: Meowscarada\n|move|p1a: Rotom|Hyper Voice|p2a: Armarouge|[spread] p2a,p2b\n|-damage|p2a: Armarouge|0 fnt\n|-damage|p2b: Roaring Moon|28\/100\n|-enditem|p2b: Roaring Moon|Sitrus Berry|[eat]\n|-heal|p2b: Roaring Moon|53\/100|[from] item: Sitrus Berry\n|faint|p2a: Armarouge\n|\n|upkeep\n|\n|t:|1681663695\n|switch|p1b: Maushold|Maushold, L50|100\/100\n|switch|p2a: Indeedee|Indeedee, L50, M|100\/100\n|turn|3\n|\n|t:|1681663721\n|move|p2a: Indeedee|Fake Out|p1b: Maushold\n|-activate|p1b: Maushold|move: Psychic Terrain\n|move|p2b: Roaring Moon|Jaw Lock|p1b: Maushold\n|-damage|p1b: Maushold|47\/100\n|-activate|p2b: Roaring Moon|trapped\n|-activate|p1b: Maushold|trapped\n|move|p1b: Maushold|Switcheroo|p1a: Rotom\n|-activate|p1b: Maushold|move: Trick|[of] p1a: Rotom\n|-item|p1a: Rotom|Silk Scarf|[from] move: Switcheroo\n|-enditem|p1b: Maushold|Silk Scarf|[silent]|[from] move: Switcheroo\n|move|p1a: Rotom|Hyper Voice|p2a: Indeedee|[spread] p2a,p2b\n|-damage|p2a: Indeedee|53\/100\n|-damage|p2b: Roaring Moon|0 fnt\n|faint|p2b: Roaring Moon\n|-end|p2b: Roaring Moon|Protosynthesis|[silent]\n|\n|upkeep\n|\n|t:|1681663731\n|switch|p2b: Flutter Mane|Flutter Mane, L50|100\/100\n|turn|4\n|\n|t:|1681663751\n|-terastallize|p2b: Flutter Mane|Fairy\n|move|p1b: Maushold|Helping Hand|p1a: Rotom\n|-singleturn|p1a: Rotom|Helping Hand|[of] p1b: Maushold\n|move|p2b: Flutter Mane|Moonblast|p1a: Rotom\n|-damage|p1a: Rotom|4\/100\n|-unboost|p1a: Rotom|spa|1\n|move|p1a: Rotom|Hyper Voice|p2b: Flutter Mane|[spread] p2a,p2b\n|-damage|p2a: Indeedee|9\/100\n|-damage|p2b: Flutter Mane|40\/100\n|move|p2a: Indeedee|Dazzling Gleam|p1a: Rotom|[spread] p1a,p1b\n|-damage|p1a: Rotom|0 fnt\n|-damage|p1b: Maushold|28\/100\n|faint|p1a: Rotom\n|\n|upkeep\n|\n|t:|1681663762\n|switch|p1a: Chi-Yu|Chi-Yu, L50|100\/100\n|-ability|p1a: Chi-Yu|Beads of Ruin\n|turn|5\n|\n|t:|1681663774\n|move|p2a: Indeedee|Fake Out||[still]\n|-hint|Fake Out only works on your first turn out.\n|-fail|p2a: Indeedee\n|move|p2b: Flutter Mane|Moonblast|p1a: Chi-Yu\n|-damage|p1a: Chi-Yu|28\/100\n|move|p1b: Maushold|Population Bomb|p2b: Flutter Mane\n|-damage|p2b: Flutter Mane|27\/100\n|-damage|p2b: Flutter Mane|14\/100\n|-damage|p2b: Flutter Mane|2\/100\n|-damage|p2b: Flutter Mane|0 fnt\n|faint|p2b: Flutter Mane\n|-end|p2b: Flutter Mane|Protosynthesis|[silent]\n|-hitcount|p2: Flutter Mane|4\n|move|p1a: Chi-Yu|Snarl|p2a: Indeedee\n|-supereffective|p2a: Indeedee\n|-damage|p2a: Indeedee|0 fnt\n|faint|p2a: Indeedee\n|\n|win|Stellabotrus\n|raw|Stellabotrus's rating: 1000 → 1040<\/strong> (+40 for winning)\n|raw|LaFuriaVasca's rating: 1000 → 1000<\/strong> (+0 for losing)\n","uploadtime":1681663780,"views":21,"p1id":"stellabotrus","p2id":"lafuriavasca","formatid":"gen9vgc2023regulationc","rating":1000,"private":0,"password":""}