{"id":"gen9vgc2023regulationc-1863963632","p1":"stephjuan","p2":"OneStrangeOnion","format":"[Gen 9] VGC 2023 Regulation C","log":"|j|\u2606stephjuan\n|j|\u2606OneStrangeOnion\n|t:|1684098659\n|gametype|doubles\n|player|p1|stephjuan|riley|1121\n|player|p2|OneStrangeOnion|rosa|1062\n|teamsize|p1|6\n|teamsize|p2|6\n|gen|9\n|tier|[Gen 9] VGC 2023 Regulation C\n|rated|\n|rule|Species Clause: Limit one of each Pok\u00e9mon\n|rule|Item Clause: Limit one of each item\n|clearpoke\n|poke|p1|Torkoal, L50, M|\n|poke|p1|Flutter Mane, L50|\n|poke|p1|Iron Bundle, L50|\n|poke|p1|Amoonguss, L50, F|\n|poke|p1|Tatsugiri, L50, F|\n|poke|p1|Dondozo, L50, F|\n|poke|p2|Polteageist-Antique, L50|\n|poke|p2|Appletun, L50, M|\n|poke|p2|Garganacl, L50, M|\n|poke|p2|Veluza, L50, F|\n|poke|p2|Chansey, L50, F|\n|poke|p2|Vespiquen, L50, F|\n|teampreview|4\n|inactive|Battle timer is ON: inactive players will automatically lose when time's up. (requested by OneStrangeOnion)\n|\n|t:|1684098684\n|start\n|switch|p1a: Torkoal|Torkoal, L50, M|100\/100\n|switch|p1b: Flutter Mane|Flutter Mane, L50|100\/100\n|switch|p2a: \u5869|Garganacl, L50, M|100\/100\n|switch|p2b: \u308a\u3093\u3054|Appletun, L50, M, shiny|100\/100\n|-weather|SunnyDay|[from] ability: Drought|[of] p1a: Torkoal\n|-activate|p1b: Flutter Mane|ability: Protosynthesis\n|-start|p1b: Flutter Mane|protosynthesisspa\n|turn|1\n|\n|t:|1684098700\n|move|p1b: Flutter Mane|Dazzling Gleam|p2a: \u5869|[spread] p2a,p2b\n|-supereffective|p2b: \u308a\u3093\u3054\n|-damage|p2a: \u5869|70\/100\n|-damage|p2b: \u308a\u3093\u3054|37\/100\n|move|p2a: \u5869|Salt Cure|p1a: Torkoal\n|-supereffective|p1a: Torkoal\n|-damage|p1a: Torkoal|77\/100\n|-start|p1a: Torkoal|Salt Cure\n|move|p2b: \u308a\u3093\u3054|Leech Seed|p1b: Flutter Mane\n|-start|p1b: Flutter Mane|move: Leech Seed\n|move|p1a: Torkoal|Solar Beam||[still]\n|-prepare|p1a: Torkoal|Solar Beam\n|-anim|p1a: Torkoal|Solar Beam|p2a: \u5869\n|-supereffective|p2a: \u5869\n|-damage|p2a: \u5869|22\/100\n|-enditem|p2a: \u5869|Weakness Policy\n|-boost|p2a: \u5869|atk|2|[from] item: Weakness Policy\n|-boost|p2a: \u5869|spa|2|[from] item: Weakness Policy\n|\n|-weather|SunnyDay|[upkeep]\n|-heal|p2b: \u308a\u3093\u3054|43\/100|[from] item: Leftovers\n|-damage|p1b: Flutter Mane|88\/100|[from] Leech Seed|[of] p2b: \u308a\u3093\u3054\n|-heal|p2b: \u308a\u3093\u3054|50\/100|[silent]\n|-damage|p1a: Torkoal|64\/100|[from] Salt Cure\n|upkeep\n|turn|2\n|inactive|OneStrangeOnion has 30 seconds left.\n|\n|t:|1684098725\n|switch|p2b: \u5375|Chansey, L50, F|100\/100\n|switch|p1a: Amoonguss|Amoonguss, L50, F|100\/100\n|move|p2a: \u5869|Wide Guard|p2a: \u5869\n|-singleturn|p2a: \u5869|Wide Guard\n|move|p1b: Flutter Mane|Dazzling Gleam|p2a: \u5869|[spread] \n|-activate|p2a: \u5869|move: Wide Guard\n|-activate|p2b: \u5375|move: Wide Guard\n|\n|-weather|SunnyDay|[upkeep]\n|-damage|p1b: Flutter Mane|76\/100|[from] Leech Seed|[of] p2b: \u5375\n|upkeep\n|turn|3\n|inactive|OneStrangeOnion has 30 seconds left.\n|\n|t:|1684098756\n|move|p1b: Flutter Mane|Dazzling Gleam|p2a: \u5869|[spread] p2a,p2b\n|-damage|p2a: \u5869|0 fnt\n|-damage|p2b: \u5375|86\/100\n|faint|p2a: \u5869\n|move|p2b: \u5375|Heal Pulse|p2: \u5869|[notarget]\n|-fail|p2b: \u5375\n|move|p1a: Amoonguss|Spore|p2b: \u5375\n|-status|p2b: \u5375|slp|[from] move: Spore\n|\n|-weather|SunnyDay|[upkeep]\n|-damage|p1b: Flutter Mane|64\/100|[from] Leech Seed|[of] p2b: \u5375\n|-heal|p2b: \u5375|90\/100 slp|[silent]\n|upkeep\n|\n|t:|1684098772\n|switch|p2a: \u871c|Vespiquen, L50, F|100\/100\n|-ability|p2a: \u871c|Unnerve\n|turn|4\n|\n|t:|1684098792\n|-end|p1b: Flutter Mane|Protosynthesis|[silent]\n|switch|p1b: Torkoal|Torkoal, L50, M|64\/100\n|-terastallize|p2a: \u871c|Poison\n|cant|p2b: \u5375|slp\n|move|p2a: \u871c|Sludge Bomb|p1b: Torkoal\n|-damage|p1b: Torkoal|11\/100\n|move|p1a: Amoonguss|Spore|p2a: \u871c\n|-status|p2a: \u871c|slp|[from] move: Spore\n|\n|-weather|SunnyDay|[upkeep]\n|upkeep\n|turn|5\n|inactive|OneStrangeOnion has 30 seconds left.\n|inactive|OneStrangeOnion has 20 seconds left.\n|inactive|OneStrangeOnion has 15 seconds left.\n|inactive|OneStrangeOnion has 10 seconds left.\n|\n|t:|1684098837\n|-terastallize|p1b: Torkoal|Fire\n|cant|p2b: \u5375|slp\n|cant|p2a: \u871c|slp\n|move|p1a: Amoonguss|Sludge Bomb|p2b: \u5375\n|-damage|p2b: \u5375|82\/100 slp\n|move|p1b: Torkoal|Heat Wave|p2a: \u871c|[spread] p2a,p2b\n|-crit|p2a: \u871c\n|-damage|p2a: \u871c|23\/100 slp\n|-damage|p2b: \u5375|58\/100 slp\n|\n|-weather|none\n|upkeep\n|turn|6\n|\n|t:|1684098855\n|cant|p2b: \u5375|slp\n|cant|p2a: \u871c|slp\n|move|p1a: Amoonguss|Sludge Bomb|p2b: \u5375\n|-damage|p2b: \u5375|49\/100 slp\n|move|p1b: Torkoal|Heat Wave|p2a: \u871c|[spread] p2a,p2b\n|-damage|p2a: \u871c|0 fnt\n|-damage|p2b: \u5375|33\/100 slp\n|faint|p2a: \u871c\n|\n|upkeep\n|\n|t:|1684098867\n|switch|p2a: \u308a\u3093\u3054|Appletun, L50, M, shiny|50\/100\n|turn|7\n|\n|t:|1684098880\n|move|p2a: \u308a\u3093\u3054|Protect|p2a: \u308a\u3093\u3054\n|-singleturn|p2a: \u308a\u3093\u3054|Protect\n|move|p1b: Torkoal|Protect|p1b: Torkoal\n|-singleturn|p1b: Torkoal|Protect\n|-curestatus|p2b: \u5375|slp|[msg]\n|move|p2b: \u5375|Soft-Boiled|p2b: \u5375\n|-heal|p2b: \u5375|83\/100\n|move|p1a: Amoonguss|Spore|p2a: \u308a\u3093\u3054\n|-activate|p2a: \u308a\u3093\u3054|move: Protect\n|\n|-heal|p2a: \u308a\u3093\u3054|56\/100|[from] item: Leftovers\n|upkeep\n|turn|8\n|inactive|stephjuan has 30 seconds left.\n|inactive|OneStrangeOnion has 30 seconds left.\n|\n|t:|1684098907\n|move|p2b: \u5375|Heal Pulse|p2a: \u308a\u3093\u3054\n|-heal|p2a: \u308a\u3093\u3054|100\/100\n|move|p1a: Amoonguss|Spore|p2a: \u308a\u3093\u3054\n|-immune|p2a: \u308a\u3093\u3054\n|move|p2a: \u308a\u3093\u3054|Leech Seed|p1b: Torkoal\n|-start|p1b: Torkoal|move: Leech Seed\n|move|p1b: Torkoal|Heat Wave|p2a: \u308a\u3093\u3054|[spread] p2a,p2b\n|-damage|p2a: \u308a\u3093\u3054|83\/100\n|-damage|p2b: \u5375|66\/100\n|\n|-heal|p2a: \u308a\u3093\u3054|89\/100|[from] item: Leftovers\n|-damage|p1b: Torkoal|0 fnt|[from] Leech Seed|[of] p2a: \u308a\u3093\u3054\n|-heal|p2a: \u308a\u3093\u3054|98\/100|[silent]\n|faint|p1b: Torkoal\n|upkeep\n|\n|t:|1684098921\n|switch|p1b: Flutter Mane|Flutter Mane, L50|64\/100\n|turn|9\n|\n|t:|1684098940\n|move|p1b: Flutter Mane|Psyshock|p2b: \u5375\n|-damage|p2b: \u5375|47\/100\n|move|p2b: \u5375|Heal Pulse|p2a: \u308a\u3093\u3054\n|-heal|p2a: \u308a\u3093\u3054|100\/100\n|move|p2a: \u308a\u3093\u3054|Leech Seed|p1b: Flutter Mane\n|-start|p1b: Flutter Mane|move: Leech Seed\n|move|p1a: Amoonguss|Sludge Bomb|p2a: \u308a\u3093\u3054\n|-supereffective|p2a: \u308a\u3093\u3054\n|-damage|p2a: \u308a\u3093\u3054|64\/100\n|\n|-heal|p2a: \u308a\u3093\u3054|70\/100|[from] item: Leftovers\n|-damage|p1b: Flutter Mane|51\/100|[from] Leech Seed|[of] p2a: \u308a\u3093\u3054\n|-heal|p2a: \u308a\u3093\u3054|77\/100|[silent]\n|upkeep\n|turn|10\n|\n|t:|1684098956\n|move|p2a: \u308a\u3093\u3054|Protect|p2a: \u308a\u3093\u3054\n|-singleturn|p2a: \u308a\u3093\u3054|Protect\n|move|p1b: Flutter Mane|Dazzling Gleam|p2a: \u308a\u3093\u3054|[spread] p2b\n|-activate|p2a: \u308a\u3093\u3054|move: Protect\n|-damage|p2b: \u5375|36\/100\n|move|p2b: \u5375|Soft-Boiled|p2b: \u5375\n|-heal|p2b: \u5375|86\/100\n|move|p1a: Amoonguss|Sludge Bomb|p2a: \u308a\u3093\u3054\n|-activate|p2a: \u308a\u3093\u3054|move: Protect\n|\n|-heal|p2a: \u308a\u3093\u3054|83\/100|[from] item: Leftovers\n|-damage|p1b: Flutter Mane|39\/100|[from] Leech Seed|[of] p2a: \u308a\u3093\u3054\n|-heal|p2a: \u308a\u3093\u3054|90\/100|[silent]\n|upkeep\n|turn|11\n|inactive|OneStrangeOnion has 30 seconds left.\n|\n|t:|1684098984\n|move|p1b: Flutter Mane|Dazzling Gleam|p2a: \u308a\u3093\u3054|[spread] p2a,p2b\n|-supereffective|p2a: \u308a\u3093\u3054\n|-damage|p2a: \u308a\u3093\u3054|45\/100\n|-damage|p2b: \u5375|75\/100\n|move|p2b: \u5375|Body Slam|p1a: Amoonguss\n|-damage|p1a: Amoonguss|94\/100\n|move|p1a: Amoonguss|Sludge Bomb|p2a: \u308a\u3093\u3054\n|-supereffective|p2a: \u308a\u3093\u3054\n|-damage|p2a: \u308a\u3093\u3054|6\/100\n|move|p2a: \u308a\u3093\u3054|Dragon Pulse|p1a: Amoonguss\n|-damage|p1a: Amoonguss|72\/100\n|\n|-heal|p1a: Amoonguss|78\/100|[from] item: Black Sludge\n|-heal|p2a: \u308a\u3093\u3054|12\/100|[from] item: Leftovers\n|-damage|p1b: Flutter Mane|27\/100|[from] Leech Seed|[of] p2a: \u308a\u3093\u3054\n|-heal|p2a: \u308a\u3093\u3054|20\/100|[silent]\n|upkeep\n|turn|12\n|\n|t:|1684099007\n|-end|p1b: Flutter Mane|Protosynthesis|[silent]\n|switch|p1b: Iron Bundle|Iron Bundle, L50|100\/100\n|move|p2a: \u308a\u3093\u3054|Protect|p2a: \u308a\u3093\u3054\n|-singleturn|p2a: \u308a\u3093\u3054|Protect\n|move|p2b: \u5375|Soft-Boiled|p2b: \u5375\n|-heal|p2b: \u5375|100\/100\n|move|p1a: Amoonguss|Spore|p2b: \u5375\n|-status|p2b: \u5375|slp|[from] move: Spore\n|\n|-heal|p1a: Amoonguss|84\/100|[from] item: Black Sludge\n|-heal|p2a: \u308a\u3093\u3054|26\/100|[from] item: Leftovers\n|upkeep\n|turn|13\n|\n|t:|1684099028\n|move|p1b: Iron Bundle|Icy Wind|p2a: \u308a\u3093\u3054|[spread] p2a,p2b\n|-supereffective|p2a: \u308a\u3093\u3054\n|-damage|p2a: \u308a\u3093\u3054|0 fnt\n|-damage|p2b: \u5375|94\/100 slp\n|-unboost|p2b: \u5375|spe|1\n|faint|p2a: \u308a\u3093\u3054\n|move|p1a: Amoonguss|Sludge Bomb|p2b: \u5375\n|-damage|p2b: \u5375|86\/100 slp\n|cant|p2b: \u5375|slp\n|\n|-heal|p1a: Amoonguss|90\/100|[from] item: Black Sludge\n|upkeep\n|turn|14\n|\n|t:|1684099049\n|move|p1b: Iron Bundle|Chilling Water|p2b: \u5375\n|-damage|p2b: \u5375|78\/100 slp\n|-unboost|p2b: \u5375|atk|1\n|move|p1a: Amoonguss|Sludge Bomb|p2b: \u5375\n|-damage|p2b: \u5375|69\/100 slp\n|cant|p2b: \u5375|slp\n|\n|-heal|p1a: Amoonguss|96\/100|[from] item: Black Sludge\n|upkeep\n|turn|15\n|\n|t:|1684099063\n|move|p1b: Iron Bundle|Chilling Water|p2b: \u5375\n|-damage|p2b: \u5375|61\/100 slp\n|-unboost|p2b: \u5375|atk|1\n|move|p1a: Amoonguss|Sludge Bomb|p2b: \u5375\n|-damage|p2b: \u5375|51\/100 slp\n|cant|p2b: \u5375|slp\n|\n|-heal|p1a: Amoonguss|100\/100|[from] item: Black Sludge\n|upkeep\n|turn|16\n|\n|t:|1684099078\n|move|p1b: Iron Bundle|Chilling Water|p2b: \u5375\n|-crit|p2b: \u5375\n|-damage|p2b: \u5375|39\/100 slp\n|-unboost|p2b: \u5375|atk|1\n|move|p1a: Amoonguss|Sludge Bomb|p2b: \u5375\n|-damage|p2b: \u5375|29\/100 slp\n|-curestatus|p2b: \u5375|slp|[msg]\n|move|p2b: \u5375|Soft-Boiled|p2b: \u5375\n|-heal|p2b: \u5375|79\/100\n|\n|upkeep\n|turn|17\n|inactive|stephjuan has 30 seconds left.\n|\n|t:|1684099108\n|move|p1b: Iron Bundle|Chilling Water|p2b: \u5375\n|-damage|p2b: \u5375|71\/100\n|-unboost|p2b: \u5375|atk|1\n|move|p1a: Amoonguss|Spore|p2b: \u5375\n|-status|p2b: \u5375|slp|[from] move: Spore\n|cant|p2b: \u5375|slp\n|\n|upkeep\n|turn|18\n|\n|t:|1684099123\n|switch|p1a: Flutter Mane|Flutter Mane, L50|27\/100\n|move|p1b: Iron Bundle|Freeze-Dry|p2b: \u5375\n|-damage|p2b: \u5375|60\/100 slp\n|-curestatus|p2b: \u5375|slp|[msg]\n|move|p2b: \u5375|Soft-Boiled|p2b: \u5375\n|-heal|p2b: \u5375|100\/100\n|\n|upkeep\n|turn|19\n|\n|t:|1684099136\n|move|p1b: Iron Bundle|Freeze-Dry|p2b: \u5375\n|-damage|p2b: \u5375|90\/100\n|move|p1a: Flutter Mane|Psyshock|p2b: \u5375\n|-damage|p2b: \u5375|69\/100\n|move|p2b: \u5375|Body Slam|p1b: Iron Bundle\n|-damage|p1b: Iron Bundle|97\/100\n|\n|upkeep\n|turn|20\n|\n|t:|1684099150\n|move|p1b: Iron Bundle|Freeze-Dry|p2b: \u5375\n|-damage|p2b: \u5375|58\/100\n|move|p1a: Flutter Mane|Psyshock|p2b: \u5375\n|-damage|p2b: \u5375|37\/100\n|move|p2b: \u5375|Soft-Boiled|p2b: \u5375\n|-heal|p2b: \u5375|87\/100\n|\n|upkeep\n|turn|21\n|\n|t:|1684099161\n|move|p1b: Iron Bundle|Freeze-Dry|p2b: \u5375\n|-damage|p2b: \u5375|76\/100\n|move|p1a: Flutter Mane|Psyshock|p2b: \u5375\n|-damage|p2b: \u5375|56\/100\n|move|p2b: \u5375|Body Slam|p1b: Iron Bundle\n|-damage|p1b: Iron Bundle|94\/100\n|-status|p1b: Iron Bundle|par\n|\n|upkeep\n|turn|22\n|\n|t:|1684099177\n|move|p1a: Flutter Mane|Psyshock|p2b: \u5375\n|-damage|p2b: \u5375|35\/100\n|move|p1b: Iron Bundle|Freeze-Dry|p2b: \u5375\n|-damage|p2b: \u5375|23\/100\n|move|p2b: \u5375|Soft-Boiled|p2b: \u5375\n|-heal|p2b: \u5375|74\/100\n|\n|upkeep\n|turn|23\n|c|\u2606stephjuan|is this how you get off?\n|\n|t:|1684099200\n|move|p1a: Flutter Mane|Psyshock|p2b: \u5375\n|-damage|p2b: \u5375|55\/100\n|move|p1b: Iron Bundle|Freeze-Dry|p2b: \u5375\n|-damage|p2b: \u5375|43\/100\n|move|p2b: \u5375|Rock Slide|p1a: Flutter Mane|[spread] p1b\n|-miss|p2b: \u5375|p1a: Flutter Mane\n|-supereffective|p1b: Iron Bundle\n|-damage|p1b: Iron Bundle|93\/100 par\n|\n|upkeep\n|turn|24\n|c|\u2606OneStrangeOnion|yes\n|\n|t:|1684099215\n|move|p1a: Flutter Mane|Psyshock|p2b: \u5375\n|-damage|p2b: \u5375|23\/100\n|move|p1b: Iron Bundle|Freeze-Dry|p2b: \u5375\n|-damage|p2b: \u5375|12\/100\n|move|p2b: \u5375|Soft-Boiled|p2b: \u5375\n|-heal|p2b: \u5375|62\/100\n|\n|upkeep\n|turn|25\n|\n|t:|1684099228\n|move|p1a: Flutter Mane|Psyshock|p2b: \u5375\n|-damage|p2b: \u5375|42\/100\n|move|p1b: Iron Bundle|Freeze-Dry|p2b: \u5375\n|-damage|p2b: \u5375|30\/100\n|move|p2b: \u5375|Rock Slide|p1b: Iron Bundle|[spread] p1a\n|-miss|p2b: \u5375|p1b: Iron Bundle\n|-damage|p1a: Flutter Mane|24\/100\n|\n|upkeep\n|turn|26\n|\n|t:|1684099244\n|move|p1a: Flutter Mane|Psyshock|p2b: \u5375\n|-damage|p2b: \u5375|11\/100\n|move|p1b: Iron Bundle|Freeze-Dry|p2b: \u5375\n|-damage|p2b: \u5375|0 fnt\n|faint|p2b: \u5375\n|\n|win|stephjuan\n|raw|stephjuan's rating: 1121 → 1142<\/strong> (+21 for winning)\n|raw|OneStrangeOnion's rating: 1062 → 1046<\/strong> (-16 for losing)\n|c|\u2606OneStrangeOnion|you ate all the fopd\n|c|\u2606OneStrangeOnion|food\n|l|\u2606OneStrangeOnion\n|j|\u2606OneStrangeOnion\n|player|p2|OneStrangeOnion|rosa\n","uploadtime":1684099280,"views":6,"p1id":"stephjuan","p2id":"onestrangeonion","formatid":"gen9vgc2023regulationc","rating":1046,"private":0,"password":""}