{"id":"gen9vgc2023regulationc-1847058653","p1":"MistressQueenM","p2":"Esdefe","format":"[Gen 9] VGC 2023 Regulation C","log":"|j|\u203dMistressQueenM\n|j|\u2606Esdefe\n|t:|1681915622\n|gametype|doubles\n|player|p1|MistressQueenM|veteranf|1296\n|player|p2|Esdefe|266|1280\n|teamsize|p1|6\n|teamsize|p2|6\n|gen|9\n|tier|[Gen 9] VGC 2023 Regulation C\n|rated|\n|rule|Species Clause: Limit one of each Pok\u00e9mon\n|rule|Item Clause: Limit one of each item\n|clearpoke\n|poke|p1|Wo-Chien, L50|\n|poke|p1|Torkoal, L50, M|\n|poke|p1|Garganacl, L50, F|\n|poke|p1|Great Tusk, L50|\n|poke|p1|Murkrow, L50, M|\n|poke|p1|Farigiraf, L50, M|\n|poke|p2|Annihilape, L50, M|\n|poke|p2|Chi-Yu, L50|\n|poke|p2|Flutter Mane, L50|\n|poke|p2|Iron Hands, L50|\n|poke|p2|Gyarados, L50, M|\n|poke|p2|Amoonguss, L50, M|\n|teampreview|4\n|inactive|Battle timer is ON: inactive players will automatically lose when time's up. (requested by MistressQueenM)\nMistressQueenM rejected open team sheets.\n|\n|t:|1681915657\n|start\n|switch|p1a: Murkrow|Murkrow, L50, M|100\/100\n|switch|p1b: Great Tusk|Great Tusk, L50|100\/100\n|switch|p2a: Gyarados|Gyarados, L50, M, shiny|100\/100\n|switch|p2b: Annihilape|Annihilape, L50, M|100\/100\n|-ability|p2a: Gyarados|Intimidate|boost\n|-unboost|p1a: Murkrow|atk|1\n|-unboost|p1b: Great Tusk|atk|1\n|turn|1\n|\n|t:|1681915677\n|move|p1b: Great Tusk|Protect|p1b: Great Tusk\n|-singleturn|p1b: Great Tusk|Protect\n|move|p1a: Murkrow|Taunt|p2b: Annihilape\n|-start|p2b: Annihilape|move: Taunt\n|cant|p2b: Annihilape|move: Taunt|Bulk Up\n|move|p2a: Gyarados|Taunt|p1a: Murkrow\n|-start|p1a: Murkrow|move: Taunt\n|\n|upkeep\n|turn|2\n|\n|t:|1681915691\n|-end|p1b: Great Tusk|Protosynthesis|[silent]\n|switch|p1b: Torkoal|Torkoal, L50, M, shiny|100\/100\n|-weather|SunnyDay|[from] ability: Drought|[of] p1b: Torkoal\n|switch|p2b: Flutter Mane|Flutter Mane, L50, shiny|100\/100\n|-activate|p2b: Flutter Mane|ability: Protosynthesis\n|-start|p2b: Flutter Mane|protosynthesisspe\n|move|p1a: Murkrow|Foul Play|p2a: Gyarados\n|-damage|p2a: Gyarados|56\/100\n|move|p2a: Gyarados|Waterfall|p1b: Torkoal\n|-supereffective|p1b: Torkoal\n|-damage|p1b: Torkoal|73\/100\n|\n|-weather|SunnyDay|[upkeep]\n|upkeep\n|turn|3\n|\n|t:|1681915711\n|switch|p2a: Amoonguss|Amoonguss, L50, M, shiny|100\/100\n|-terastallize|p1b: Torkoal|Fire\n|move|p2b: Flutter Mane|Shadow Ball|p1b: Torkoal\n|-damage|p1b: Torkoal|13\/100\n|move|p1a: Murkrow|Foul Play|p2b: Flutter Mane\n|-damage|p2b: Flutter Mane|68\/100\n|move|p1b: Torkoal|Heat Wave|p2a: Amoonguss|[spread] p2a,p2b\n|-supereffective|p2a: Amoonguss\n|-damage|p2a: Amoonguss|0 fnt\n|-damage|p2b: Flutter Mane|0 fnt\n|faint|p2a: Amoonguss\n|faint|p2b: Flutter Mane\n|-end|p2b: Flutter Mane|Protosynthesis|[silent]\n|\n|-weather|SunnyDay|[upkeep]\n|upkeep\n|\n|t:|1681915725\n|switch|p2b: Annihilape|Annihilape, L50, M|100\/100\n|switch|p2a: Gyarados|Gyarados, L50, M, shiny|56\/100\n|-ability|p2a: Gyarados|Intimidate|boost\n|-unboost|p1a: Murkrow|atk|1\n|-unboost|p1b: Torkoal|atk|1\n|turn|4\n|\n|t:|1681915738\n|move|p1a: Murkrow|Foul Play|p2a: Gyarados\n|-damage|p2a: Gyarados|14\/100\n|move|p2b: Annihilape|Drain Punch|p1a: Murkrow\n|-damage|p1a: Murkrow|44\/100\n|move|p2a: Gyarados|Thunder Wave|p1a: Murkrow\n|-status|p1a: Murkrow|par\n|move|p1b: Torkoal|Heat Wave|p2a: Gyarados|[spread] p2a,p2b\n|-resisted|p2a: Gyarados\n|-damage|p2a: Gyarados|0 fnt\n|-damage|p2b: Annihilape|39\/100\n|-status|p2b: Annihilape|brn\n|faint|p2a: Gyarados\n|\n|-weather|SunnyDay|[upkeep]\n|-heal|p2b: Annihilape|45\/100 brn|[from] item: Leftovers\n|-damage|p2b: Annihilape|39\/100 brn|[from] brn\n|-end|p1a: Murkrow|move: Taunt\n|upkeep\n|turn|5\n|-message|Esdefe forfeited.\n|\n|win|MistressQueenM\n|raw|MistressQueenM's rating: 1296 → 1320<\/strong> (+24 for winning)\n|raw|Esdefe's rating: 1280 → 1256<\/strong> (-24 for losing)\n|l|\u2606Esdefe\n","uploadtime":1681915747,"views":6,"p1id":"mistressqueenm","p2id":"esdefe","formatid":"gen9vgc2023regulationc","rating":1256,"private":0,"password":""}