{"id":"gen9vgc2023regulationc-1846494374","p1":"iron brate","p2":"Cyanidexx","format":"[Gen 9] VGC 2023 Regulation C","log":"|j|\u2606iron brate\n|j|\u2606Cyanidexx\n|t:|1681845596\n|gametype|doubles\n|player|p1|iron brate|1|\n|player|p2|Cyanidexx|101|\n|teamsize|p1|6\n|teamsize|p2|6\n|gen|9\n|tier|[Gen 9] VGC 2023 Regulation C\n|rule|Species Clause: Limit one of each Pok\u00e9mon\n|rule|Item Clause: Limit one of each item\n|clearpoke\n|poke|p1|Flutter Mane, L50|\n|poke|p1|Gothitelle, L50, F|\n|poke|p1|Iron Hands, L50|\n|poke|p1|Amoonguss, L50, M|\n|poke|p1|Ting-Lu, L50|\n|poke|p1|Gyarados, L50, M|\n|poke|p2|Chi-Yu, L50|\n|poke|p2|Arcanine, L50, M|\n|poke|p2|Amoonguss, L50, M|\n|poke|p2|Ting-Lu, L50|\n|poke|p2|Palafin, L50, M|\n|poke|p2|Flutter Mane, L50|\n|teampreview|4\n|inactive|Battle timer is ON: inactive players will automatically lose when time's up. (requested by iron brate)\n|inactiveoff|Battle timer is now OFF.\niron brate has agreed to open team sheets.\n|c|\u2606iron brate|G2\nCyanidexx has agreed to open team sheets.\n|c|\u2606iron brate|glhf\n|c|\u2606Cyanidexx|glhf\n|\n|t:|1681846151\n|start\n|switch|p1a: Gothitelle|Gothitelle, L50, F|100\/100\n|switch|p1b: Gyarados|Gyarados, L50, M|100\/100\n|switch|p2a: Chi-Yu|Chi-Yu, L50|100\/100\n|switch|p2b: Amoonguss|Amoonguss, L50, M, shiny|100\/100\n|-ability|p1b: Gyarados|Intimidate|boost\n|-unboost|p2a: Chi-Yu|atk|1\n|-unboost|p2b: Amoonguss|atk|1\n|-ability|p2a: Chi-Yu|Beads of Ruin\n|turn|1\n|\n|t:|1681846205\n|-terastallize|p2a: Chi-Yu|Water\n|move|p1a: Gothitelle|Fake Out|p2b: Amoonguss\n|-damage|p2b: Amoonguss|97\/100\n|move|p1b: Gyarados|Dragon Dance|p1b: Gyarados\n|-boost|p1b: Gyarados|atk|1\n|-boost|p1b: Gyarados|spe|1\n|move|p2a: Chi-Yu|Nasty Plot|p2a: Chi-Yu\n|-boost|p2a: Chi-Yu|spa|2\n|cant|p2b: Amoonguss|flinch\n|\n|upkeep\n|turn|2\n|\n|t:|1681846270\n|switch|p1a: Ting-Lu|Ting-Lu, L50|100\/100\n|-ability|p1a: Ting-Lu|Vessel of Ruin\n|-terastallize|p1b: Gyarados|Flying\n|move|p2b: Amoonguss|Protect|p2b: Amoonguss\n|-singleturn|p2b: Amoonguss|Protect\n|move|p1b: Gyarados|Tera Blast|p2b: Amoonguss\n|-activate|p2b: Amoonguss|move: Protect\n|move|p2a: Chi-Yu|Dark Pulse|p1b: Gyarados\n|-damage|p1b: Gyarados|19\/100\n|\n|upkeep\n|turn|3\n|\n|t:|1681846306\n|switch|p2b: Arcanine|Arcanine, L50, M|100\/100\n|-ability|p2b: Arcanine|Intimidate|boost\n|-unboost|p1a: Ting-Lu|atk|1\n|-fail|p1b: Gyarados|unboost|[from] item: Clear Amulet|[of] p1b: Gyarados\n|move|p1b: Gyarados|Protect|p1b: Gyarados\n|-singleturn|p1b: Gyarados|Protect\n|move|p2a: Chi-Yu|Heat Wave|p1a: Ting-Lu|[spread] p1a\n|-activate|p1b: Gyarados|move: Protect\n|-damage|p1a: Ting-Lu|66\/100\n|move|p1a: Ting-Lu|Fissure|p2b: Arcanine|[miss]\n|-miss|p1a: Ting-Lu|p2b: Arcanine\n|\n|upkeep\n|turn|4\n|\n|t:|1681846350\n|move|p2b: Arcanine|Protect|p2b: Arcanine\n|-singleturn|p2b: Arcanine|Protect\n|move|p1b: Gyarados|Waterfall|p2b: Arcanine\n|-activate|p2b: Arcanine|move: Protect\n|move|p2a: Chi-Yu|Heat Wave|p1b: Gyarados|[spread] p1a,p1b\n|-damage|p1a: Ting-Lu|30\/100\n|-damage|p1b: Gyarados|0 fnt\n|-status|p1a: Ting-Lu|brn\n|faint|p1b: Gyarados\n|move|p1a: Ting-Lu|Fissure|p2a: Chi-Yu\n|-damage|p2a: Chi-Yu|0 fnt\n|faint|p2a: Chi-Yu\n|-ohko\n|\n|-damage|p1a: Ting-Lu|24\/100 brn|[from] brn\n|upkeep\n|\n|t:|1681846378\n|switch|p1b: Gothitelle|Gothitelle, L50, F|100\/100\n|switch|p2a: Flutter Mane|Flutter Mane, L50|100\/100\n|turn|5\n|\n|t:|1681846419\n|switch|p1a: Amoonguss|Amoonguss, L50, M, shiny|100\/100\n|move|p2b: Arcanine|Protect||[still]\n|-fail|p2b: Arcanine\n|move|p2a: Flutter Mane|Moonblast|p1a: Amoonguss\n|-resisted|p1a: Amoonguss\n|-damage|p1a: Amoonguss|72\/100\n|move|p1b: Gothitelle|Trick Room|p1b: Gothitelle\n|-fieldstart|move: Trick Room|[of] p1b: Gothitelle\n|\n|upkeep\n|turn|6\n|\n|t:|1681846466\n|switch|p1b: Ting-Lu|Ting-Lu, L50|24\/100 brn\n|-ability|p1b: Ting-Lu|Vessel of Ruin\n|-end|p2a: Flutter Mane|Protosynthesis|[silent]\n|switch|p2a: Amoonguss|Amoonguss, L50, M, shiny|100\/100\n|move|p1a: Amoonguss|Pollen Puff|p1b: Ting-Lu\n|-heal|p1b: Ting-Lu|74\/100 brn\n|move|p2b: Arcanine|Flare Blitz|p1a: Amoonguss\n|-supereffective|p1a: Amoonguss\n|-damage|p1a: Amoonguss|0 fnt\n|faint|p1a: Amoonguss\n|-damage|p2b: Arcanine|74\/100|[from] Recoil\n|\n|-damage|p1b: Ting-Lu|68\/100 brn|[from] brn\n|upkeep\n|\n|t:|1681846477\n|switch|p1a: Gothitelle|Gothitelle, L50, F|100\/100\n|turn|7\n|\n|t:|1681846493\n|move|p2a: Amoonguss|Protect|p2a: Amoonguss\n|-singleturn|p2a: Amoonguss|Protect\n|move|p2b: Arcanine|Protect|p2b: Arcanine\n|-singleturn|p2b: Arcanine|Protect\n|move|p1b: Ting-Lu|Fissure|p2a: Amoonguss\n|-activate|p2a: Amoonguss|move: Protect\n|move|p1a: Gothitelle|Psychic|p2a: Amoonguss\n|-activate|p2a: Amoonguss|move: Protect\n|\n|-damage|p1b: Ting-Lu|62\/100 brn|[from] brn\n|upkeep\n|turn|8\n|\n|t:|1681846524\n|move|p2a: Amoonguss|Spore|p1a: Gothitelle\n|-status|p1a: Gothitelle|slp|[from] move: Spore\n|move|p1b: Ting-Lu|Fissure|p2b: Arcanine|[miss]\n|-miss|p1b: Ting-Lu|p2b: Arcanine\n|cant|p1a: Gothitelle|slp\n|move|p2b: Arcanine|Flare Blitz|p1b: Ting-Lu\n|-damage|p1b: Ting-Lu|35\/100 brn\n|-damage|p2b: Arcanine|63\/100|[from] Recoil\n|\n|-damage|p1b: Ting-Lu|29\/100 brn|[from] brn\n|upkeep\n|turn|9\n|\n|t:|1681846542\n|move|p2a: Amoonguss|Pollen Puff|p2b: Arcanine\n|-heal|p2b: Arcanine|100\/100\n|move|p1b: Ting-Lu|Fissure|p2a: Amoonguss|[miss]\n|-miss|p1b: Ting-Lu|p2a: Amoonguss\n|cant|p1a: Gothitelle|slp\n|move|p2b: Arcanine|Flare Blitz|p1b: Ting-Lu\n|-damage|p1b: Ting-Lu|1\/100 brn\n|-damage|p2b: Arcanine|89\/100|[from] Recoil\n|\n|-damage|p1b: Ting-Lu|0 fnt|[from] brn\n|faint|p1b: Ting-Lu\n|-fieldend|move: Trick Room\n|upkeep\n|turn|10\n|-message|iron brate forfeited.\n|\n|win|Cyanidexx\n|c|\u2606iron brate|gg\n|c|\u2606Cyanidexx|gg\n","uploadtime":1681846557,"views":6,"p1id":"ironbrate","p2id":"cyanidexx","formatid":"gen9vgc2023regulationc","rating":0,"private":0,"password":""}