{"id":"gen9vgc2023regulationc-1855869243","p1":"o'fenomenon't","p2":"jffmm","format":"[Gen 9] VGC 2023 Regulation C","log":"|j|\u2606o'fenomenon't\n|j|\u2606jffmm\n|t:|1682993970\n|gametype|doubles\n|player|p1|o'fenomenon't|swimmer-gen4|\n|player|p2|jffmm|2|\n|teamsize|p1|6\n|teamsize|p2|6\n|gen|9\n|tier|[Gen 9] VGC 2023 Regulation C\n|rule|Species Clause: Limit one of each Pok\u00e9mon\n|rule|Item Clause: Limit one of each item\n|clearpoke\n|poke|p1|Muk, L50, M|\n|poke|p1|Talonflame, L50, F|\n|poke|p1|Tauros-Paldea-Aqua, L50, M|\n|poke|p1|Dragonite, L50, F|\n|poke|p1|Great Tusk, L50|\n|poke|p1|Rotom-Wash, L50|\n|poke|p2|Torkoal, L50, F|\n|poke|p2|Garchomp, L50, F|\n|poke|p2|Rotom-Wash, L50|\n|poke|p2|Goodra, L50, M|\n|poke|p2|Tauros-Paldea-Blaze, L50, M|\n|poke|p2|Staraptor, L50, F|\n|teampreview|4\n|c|\u2606o'fenomenon't|Ya sabes\n|c|\u2606o'fenomenon't|Pto el que me gane\n|j| buenocomoeloro\n|c| buenocomoeloro|pero se puede ser sin ganarte tmb?\n|c|\u2606jffmm|ya sabes que ni se como mandar a alguien\n|c|\u2606jffmm|xd\n|\n|t:|1682994022\n|start\n|switch|p1a: Great Tusk|Great Tusk, L50|100\/100\n|switch|p1b: Rotom|Rotom-Wash, L50|100\/100\n|switch|p2a: Tauros|Tauros-Paldea-Blaze, L50, M|100\/100\n|switch|p2b: Rotom|Rotom-Wash, L50|100\/100\n|-ability|p2a: Tauros|Intimidate|boost\n|-unboost|p1a: Great Tusk|atk|1\n|-unboost|p1b: Rotom|atk|1\n|turn|1\n|c|\u2606o'fenomenon't|Cy, se puede ser gei sin ganarme XD\n|\n|t:|1682994082\n|move|p2a: Tauros|Will-O-Wisp|p1a: Great Tusk|[miss]\n|-miss|p2a: Tauros|p1a: Great Tusk\n|move|p1a: Great Tusk|Knock Off|p2b: Rotom\n|-damage|p2b: Rotom|77\/100\n|-enditem|p2b: Rotom|Sitrus Berry|[from] move: Knock Off|[of] p1a: Great Tusk\n|move|p2b: Rotom|Hydro Pump|p1a: Great Tusk\n|-supereffective|p1a: Great Tusk\n|-damage|p1a: Great Tusk|25\/100\n|move|p1b: Rotom|Discharge|p2b: Rotom|[spread] p2a,p2b\n|-immune|p1a: Great Tusk\n|-damage|p2a: Tauros|64\/100\n|-damage|p2b: Rotom|55\/100\n|\n|-heal|p2a: Tauros|70\/100|[from] item: Leftovers\n|upkeep\n|turn|2\n|\n|t:|1682994113\n|move|p2a: Tauros|Stone Edge|p1b: Rotom\n|-damage|p1b: Rotom|71\/100\n|move|p1a: Great Tusk|Headlong Rush|p2a: Tauros\n|-supereffective|p2a: Tauros\n|-damage|p2a: Tauros|0 fnt\n|-unboost|p1a: Great Tusk|def|1\n|-unboost|p1a: Great Tusk|spd|1\n|faint|p2a: Tauros\n|move|p2b: Rotom|Hydro Pump|p1a: Great Tusk\n|-supereffective|p1a: Great Tusk\n|-damage|p1a: Great Tusk|0 fnt\n|faint|p1a: Great Tusk\n|-end|p1a: Great Tusk|Protosynthesis|[silent]\n|move|p1b: Rotom|Light Screen|p1b: Rotom\n|-sidestart|p1: o'fenomenon't|move: Light Screen\n|\n|-heal|p1b: Rotom|77\/100|[from] item: Leftovers\n|upkeep\n|\n|t:|1682994129\n|switch|p2a: Garchomp|Garchomp, L50, F|100\/100\n|switch|p1a: Muk|Muk, L50, M|100\/100\n|turn|3\n|\n|t:|1682994151\n|move|p2b: Rotom|Protect|p2b: Rotom\n|-singleturn|p2b: Rotom|Protect\n|move|p2a: Garchomp|Stomping Tantrum|p1a: Muk\n|-supereffective|p1a: Muk\n|-damage|p1a: Muk|32\/100\n|move|p1b: Rotom|Reflect|p1b: Rotom\n|-sidestart|p1: o'fenomenon't|Reflect\n|move|p1a: Muk|Curse|p1a: Muk\n|-unboost|p1a: Muk|spe|1\n|-boost|p1a: Muk|atk|1\n|-boost|p1a: Muk|def|1\n|\n|-heal|p1b: Rotom|82\/100|[from] item: Leftovers\n|-heal|p1a: Muk|38\/100|[from] item: Black Sludge\n|upkeep\n|turn|4\n|\n|t:|1682994168\n|move|p1a: Muk|Protect|p1a: Muk\n|-singleturn|p1a: Muk|Protect\n|move|p2a: Garchomp|Stomping Tantrum|p1a: Muk\n|-activate|p1a: Muk|move: Protect\n|move|p2b: Rotom|Volt Switch|p1a: Muk\n|-activate|p1a: Muk|move: Protect\n|move|p1b: Rotom|Hydro Pump|p2a: Garchomp\n|-damage|p2a: Garchomp|48\/100\n|\n|-heal|p1b: Rotom|88\/100|[from] item: Leftovers\n|-heal|p1a: Muk|44\/100|[from] item: Black Sludge\n|upkeep\n|turn|5\n|\n|t:|1682994198\n|move|p2a: Garchomp|Stomping Tantrum|p1a: Muk\n|-supereffective|p1a: Muk\n|-damage|p1a: Muk|15\/100\n|move|p2b: Rotom|Volt Switch|p1a: Muk\n|-damage|p1a: Muk|2\/100\n|\n|t:|1682994206\n|switch|p2b: Staraptor|Staraptor, L50, F|100\/100|[from] Volt Switch\n|move|p1b: Rotom|Hydro Pump|p2a: Garchomp\n|-damage|p2a: Garchomp|1\/100\n|move|p1a: Muk|Drain Punch|p2b: Staraptor\n|-damage|p2b: Staraptor|57\/100\n|-heal|p1a: Muk|18\/100|[from] drain|[of] p2b: Staraptor\n|\n|-heal|p1b: Rotom|94\/100|[from] item: Leftovers\n|-heal|p1a: Muk|25\/100|[from] item: Black Sludge\n|upkeep\n|turn|6\n|\n|t:|1682994236\n|switch|p1b: Tauros|Tauros-Paldea-Aqua, L50, M|100\/100\n|-ability|p1b: Tauros|Intimidate|boost\n|-unboost|p2a: Garchomp|atk|1\n|-unboost|p2b: Staraptor|atk|1\n|move|p1a: Muk|Protect|p1a: Muk\n|-singleturn|p1a: Muk|Protect\n|move|p2a: Garchomp|Stomping Tantrum|p1a: Muk\n|-activate|p1a: Muk|move: Protect\n|move|p2b: Staraptor|Double-Edge|p1b: Tauros\n|-damage|p1b: Tauros|57\/100\n|-damage|p2b: Staraptor|43\/100|[from] Recoil\n|\n|-heal|p1a: Muk|31\/100|[from] item: Black Sludge\n|-sideend|p1: o'fenomenon't|move: Light Screen\n|upkeep\n|turn|7\n|\n|t:|1682994291\n|move|p1b: Tauros|Aqua Jet|p2a: Garchomp\n|-damage|p2a: Garchomp|0 fnt\n|-damage|p1b: Tauros|45\/100|[from] ability: Rough Skin|[of] p2a: Garchomp\n|faint|p2a: Garchomp\n|move|p2b: Staraptor|Double-Edge|p1b: Tauros\n|-damage|p1b: Tauros|0 fnt\n|faint|p1b: Tauros\n|-damage|p2b: Staraptor|29\/100|[from] Recoil\n|move|p1a: Muk|Drain Punch|p2b: Staraptor\n|-damage|p2b: Staraptor|0 fnt\n|-heal|p1a: Muk|42\/100|[from] drain|[of] p2b: Staraptor\n|faint|p2b: Staraptor\n|\n|-heal|p1a: Muk|48\/100|[from] item: Black Sludge\n|-sideend|p1: o'fenomenon't|Reflect\n|upkeep\n|\n|t:|1682994312\n|switch|p2a: Rotom|Rotom-Wash, L50|55\/100\n|switch|p1b: Rotom|Rotom-Wash, L50|94\/100\n|turn|8\n|\n|t:|1682994321\n|move|p2a: Rotom|Volt Switch|p1a: Muk\n|-damage|p1a: Muk|28\/100\n|move|p1b: Rotom|Light Screen|p1b: Rotom\n|-sidestart|p1: o'fenomenon't|move: Light Screen\n|move|p1a: Muk|Toxic|p2a: Rotom\n|-status|p2a: Rotom|tox\n|\n|-heal|p1b: Rotom|99\/100|[from] item: Leftovers\n|-heal|p1a: Muk|34\/100|[from] item: Black Sludge\n|-damage|p2a: Rotom|49\/100 tox|[from] psn\n|upkeep\n|turn|9\n|\n|t:|1682994342\n|move|p2a: Rotom|Protect|p2a: Rotom\n|-singleturn|p2a: Rotom|Protect\n|move|p1a: Muk|Protect|p1a: Muk\n|-singleturn|p1a: Muk|Protect\n|move|p1b: Rotom|Hydro Pump|p2a: Rotom\n|-activate|p2a: Rotom|move: Protect\n|\n|-heal|p1b: Rotom|100\/100|[from] item: Leftovers\n|-heal|p1a: Muk|40\/100|[from] item: Black Sludge\n|-damage|p2a: Rotom|38\/100 tox|[from] psn\n|upkeep\n|turn|10\n|\n|t:|1682994358\n|move|p2a: Rotom|Hydro Pump|p1a: Muk|[miss]\n|-miss|p2a: Rotom|p1a: Muk\n|move|p1b: Rotom|Hydro Pump|p2a: Rotom\n|-resisted|p2a: Rotom\n|-damage|p2a: Rotom|17\/100 tox\n|move|p1a: Muk|Drain Punch|p2a: Rotom\n|-damage|p2a: Rotom|0 fnt\n|-heal|p1a: Muk|46\/100|[from] drain|[of] p2a: Rotom\n|faint|p2a: Rotom\n|\n|win|o'fenomenon't\n","uploadtime":1682994369,"views":12,"p1id":"ofenomenont","p2id":"jffmm","formatid":"gen9vgc2023regulationc","rating":0,"private":0,"password":""}