{"id":"gen9vgc2023regulationc-1857720397","p1":"SavannahPandaVGC","p2":"interesting person","format":"[Gen 9] VGC 2023 Regulation C","log":"|j|\u2606SavannahPandaVGC\n|j|\u2606interesting person\n|t:|1683225494\n|gametype|doubles\n|player|p1|SavannahPandaVGC|1|1324\n|player|p2|interesting person|iris|1321\n|teamsize|p1|6\n|teamsize|p2|6\n|gen|9\n|tier|[Gen 9] VGC 2023 Regulation C\n|rated|\n|rule|Species Clause: Limit one of each Pok\u00e9mon\n|rule|Item Clause: Limit one of each item\n|clearpoke\n|poke|p1|Iron Hands, L50|\n|poke|p1|Flutter Mane, L50|\n|poke|p1|Gyarados, L50, M|\n|poke|p1|Amoonguss, L50, M|\n|poke|p1|Chi-Yu, L50|\n|poke|p1|Roaring Moon, L50|\n|poke|p2|Tyranitar, L50, M|\n|poke|p2|Houndstone, L50, M|\n|poke|p2|Lycanroc, L50, F|\n|poke|p2|Flutter Mane, L50|\n|poke|p2|Tatsugiri, L50, M|\n|poke|p2|Dondozo, L50, F|\n|teampreview|4\nSavannahPandaVGC has agreed to open team sheets.\n|inactive|Battle timer is ON: inactive players will automatically lose when time's up. (requested by SavannahPandaVGC)\n|inactive|SavannahPandaVGC has 60 seconds left.\ninteresting person has agreed to open team sheets.\n|\n|t:|1683225552\n|start\n|switch|p1a: Iron Hands|Iron Hands, L50|100\/100\n|switch|p1b: Gyarados|Gyarados, L50, M|100\/100\n|switch|p2a: Flutter Mane|Flutter Mane, L50|100\/100\n|switch|p2b: Dondozo|Dondozo, L50, F|100\/100\n|-ability|p1b: Gyarados|Intimidate|boost\n|-unboost|p2a: Flutter Mane|atk|1\n|-unboost|p2b: Dondozo|atk|1\n|turn|1\n|inactive|SavannahPandaVGC has 30 seconds left.\n|inactive|interesting person has 30 seconds left.\n|inactive|SavannahPandaVGC has 20 seconds left.\n|inactive|SavannahPandaVGC has 15 seconds left.\n|inactive|SavannahPandaVGC has 10 seconds left.\n|inactive|SavannahPandaVGC has 5 seconds left.\n|\n|t:|1683225602\n|-terastallize|p1a: Iron Hands|Grass\n|move|p2a: Flutter Mane|Dazzling Gleam|p1b: Gyarados|[spread] p1a,p1b\n|-damage|p1a: Iron Hands|77\/100\n|-damage|p1b: Gyarados|63\/100\n|move|p1b: Gyarados|Taunt|p2b: Dondozo\n|-start|p2b: Dondozo|move: Taunt\n|cant|p2b: Dondozo|move: Taunt|Yawn\n|move|p1a: Iron Hands|Heavy Slam|p2a: Flutter Mane\n|-supereffective|p2a: Flutter Mane\n|-crit|p2a: Flutter Mane\n|-damage|p2a: Flutter Mane|0 fnt\n|faint|p2a: Flutter Mane\n|-end|p2a: Flutter Mane|Protosynthesis|[silent]\n|\n|upkeep\n|\n|t:|1683225620\n|switch|p2a: Houndstone|Houndstone, L50, M|100\/100\n|turn|2\n|inactive|SavannahPandaVGC has 30 seconds left.\n|\n|t:|1683225649\n|switch|p2b: Tyranitar|Tyranitar, L50, M|100\/100\n|-weather|Sandstorm|[from] ability: Sand Stream|[of] p2b: Tyranitar\n|-end|p1a: Iron Hands|Quark Drive|[silent]\n|switch|p1a: Amoonguss|Amoonguss, L50, M|100\/100\n|move|p2a: Houndstone|Will-O-Wisp|p1a: Amoonguss|[miss]\n|-miss|p2a: Houndstone|p1a: Amoonguss\n|move|p1b: Gyarados|Thunder Wave|p2b: Tyranitar\n|-status|p2b: Tyranitar|par\n|\n|-weather|Sandstorm|[upkeep]\n|-damage|p1b: Gyarados|57\/100|[from] Sandstorm\n|-damage|p1a: Amoonguss|95\/100|[from] Sandstorm\n|upkeep\n|turn|3\n|inactive|interesting person has 30 seconds left.\n|inactive|interesting person has 20 seconds left.\n|inactive|interesting person has 15 seconds left.\n|inactive|interesting person has 10 seconds left.\n|inactive|interesting person has 5 seconds left.\n|\n|t:|1683225704\n|move|p2a: Houndstone|Last Respects|p1b: Gyarados\n|-damage|p1b: Gyarados|24\/100\n|-enditem|p1b: Gyarados|Figy Berry|[eat]\n|-heal|p1b: Gyarados|57\/100|[from] item: Figy Berry\n|move|p1b: Gyarados|Waterfall|p2b: Tyranitar\n|-supereffective|p2b: Tyranitar\n|-damage|p2b: Tyranitar|45\/100 par\n|move|p2b: Tyranitar|Rock Slide|p1a: Amoonguss|[spread] p1a,p1b\n|-supereffective|p1b: Gyarados\n|-damage|p1a: Amoonguss|71\/100\n|-damage|p1b: Gyarados|0 fnt\n|faint|p1b: Gyarados\n|move|p1a: Amoonguss|Spore|p2a: Houndstone\n|-status|p2a: Houndstone|slp|[from] move: Spore\n|\n|-weather|Sandstorm|[upkeep]\n|-damage|p1a: Amoonguss|65\/100|[from] Sandstorm\n|upkeep\n|\n|t:|1683225723\n|switch|p1b: Iron Hands|Iron Hands, L50, tera:Grass|77\/100\n|turn|4\n|inactive|interesting person has 30 seconds left.\n|inactive|interesting person has 20 seconds left.\n|\n|t:|1683225762\n|switch|p2a: Dondozo|Dondozo, L50, F|100\/100\n|move|p1b: Iron Hands|Wild Charge|p2b: Tyranitar\n|-damage|p2b: Tyranitar|3\/100 par\n|-damage|p1b: Iron Hands|69\/100|[from] Recoil\n|move|p2b: Tyranitar|Rock Slide|p1b: Iron Hands|[spread] p1a,p1b\n|-damage|p1a: Amoonguss|41\/100\n|-damage|p1b: Iron Hands|47\/100\n|-enditem|p1a: Amoonguss|Sitrus Berry|[eat]\n|-heal|p1a: Amoonguss|66\/100|[from] item: Sitrus Berry\n|move|p1a: Amoonguss|Pollen Puff|p1b: Iron Hands\n|-heal|p1b: Iron Hands|97\/100\n|\n|-weather|Sandstorm|[upkeep]\n|-damage|p2a: Dondozo|94\/100|[from] Sandstorm\n|-damage|p1b: Iron Hands|91\/100|[from] Sandstorm\n|-damage|p1a: Amoonguss|60\/100|[from] Sandstorm\n|-heal|p2a: Dondozo|100\/100|[from] item: Leftovers\n|upkeep\n|turn|5\n|inactive|SavannahPandaVGC has 30 seconds left.\n|inactive|SavannahPandaVGC has 20 seconds left.\n|\n|t:|1683225799\n|move|p2a: Dondozo|Yawn|p1b: Iron Hands\n|-start|p1b: Iron Hands|move: Yawn|[of] p2a: Dondozo\n|move|p1b: Iron Hands|Wild Charge|p2b: Tyranitar\n|-damage|p2b: Tyranitar|0 fnt\n|faint|p2b: Tyranitar\n|-damage|p1b: Iron Hands|90\/100|[from] Recoil\n|move|p1a: Amoonguss|Pollen Puff|p2a: Dondozo\n|-damage|p2a: Dondozo|81\/100\n|\n|-weather|Sandstorm|[upkeep]\n|-damage|p2a: Dondozo|75\/100|[from] Sandstorm\n|-damage|p1b: Iron Hands|84\/100|[from] Sandstorm\n|-damage|p1a: Amoonguss|54\/100|[from] Sandstorm\n|-heal|p2a: Dondozo|81\/100|[from] item: Leftovers\n|upkeep\n|\n|t:|1683225813\n|switch|p2b: Houndstone|Houndstone, L50, M|100\/100 slp\n|turn|6\n|\n|t:|1683225822\n|-end|p1b: Iron Hands|Quark Drive|[silent]\n|switch|p1b: Flutter Mane|Flutter Mane, L50|100\/100\n|move|p2a: Dondozo|Protect|p2a: Dondozo\n|-singleturn|p2a: Dondozo|Protect\n|cant|p2b: Houndstone|slp\n|move|p1a: Amoonguss|Pollen Puff|p2a: Dondozo\n|-activate|p2a: Dondozo|move: Protect\n|\n|-weather|none\n|-heal|p2a: Dondozo|87\/100|[from] item: Leftovers\n|upkeep\n|turn|7\n|\n|t:|1683225846\n|-terastallize|p2b: Houndstone|Grass\n|move|p1b: Flutter Mane|Shadow Ball|p2b: Houndstone\n|-damage|p2b: Houndstone|44\/100 slp\n|-enditem|p2b: Houndstone|Sitrus Berry|[eat]\n|-heal|p2b: Houndstone|69\/100 slp|[from] item: Sitrus Berry\n|-curestatus|p2b: Houndstone|slp|[msg]\n|move|p2b: Houndstone|Last Respects|p1b: Flutter Mane\n|-supereffective|p1b: Flutter Mane\n|-damage|p1b: Flutter Mane|0 fnt\n|faint|p1b: Flutter Mane\n|-end|p1b: Flutter Mane|Protosynthesis|[silent]\n|move|p2a: Dondozo|Yawn|p1a: Amoonguss\n|-start|p1a: Amoonguss|move: Yawn|[of] p2a: Dondozo\n|move|p1a: Amoonguss|Spore|p2a: Dondozo\n|-status|p2a: Dondozo|slp|[from] move: Spore\n|\n|-heal|p2a: Dondozo|93\/100 slp|[from] item: Leftovers\n|upkeep\n|\n|t:|1683225859\n|switch|p1b: Iron Hands|Iron Hands, L50, tera:Grass|84\/100\n|turn|8\n|\n|t:|1683225887\n|move|p2b: Houndstone|Last Respects|p1b: Iron Hands\n|-crit|p1b: Iron Hands\n|-damage|p1b: Iron Hands|30\/100\n|cant|p2a: Dondozo|slp\n|move|p1b: Iron Hands|Drain Punch|p2b: Houndstone\n|-damage|p2b: Houndstone|33\/100\n|-heal|p1b: Iron Hands|43\/100|[from] drain|[of] p2b: Houndstone\n|move|p1a: Amoonguss|Pollen Puff|p2b: Houndstone\n|-supereffective|p2b: Houndstone\n|-damage|p2b: Houndstone|0 fnt\n|faint|p2b: Houndstone\n|\n|-heal|p2a: Dondozo|99\/100 slp|[from] item: Leftovers\n|-end|p1a: Amoonguss|move: Yawn|[silent]\n|-status|p1a: Amoonguss|slp\n|upkeep\n|turn|9\n|\n|t:|1683225909\n|-curestatus|p2a: Dondozo|slp|[msg]\n|move|p2a: Dondozo|Wave Crash|p1b: Iron Hands\n|-resisted|p1b: Iron Hands\n|-damage|p1b: Iron Hands|25\/100\n|-damage|p2a: Dondozo|93\/100|[from] Recoil\n|move|p1b: Iron Hands|Wild Charge|p2a: Dondozo\n|-supereffective|p2a: Dondozo\n|-damage|p2a: Dondozo|29\/100\n|-damage|p1b: Iron Hands|10\/100|[from] Recoil\n|cant|p1a: Amoonguss|slp\n|\n|-heal|p2a: Dondozo|35\/100|[from] item: Leftovers\n|upkeep\n|turn|10\n|inactive|SavannahPandaVGC has 30 seconds left.\n|\n|t:|1683225939\n|cant|p1a: Amoonguss|slp\n|move|p2a: Dondozo|Wave Crash|p1b: Iron Hands\n|-resisted|p1b: Iron Hands\n|-damage|p1b: Iron Hands|0 fnt\n|faint|p1b: Iron Hands\n|-end|p1b: Iron Hands|Quark Drive|[silent]\n|-damage|p2a: Dondozo|31\/100|[from] Recoil\n|\n|-heal|p2a: Dondozo|37\/100|[from] item: Leftovers\n|upkeep\n|turn|11\n|\n|t:|1683225950\n|move|p2a: Dondozo|Wave Crash|p1a: Amoonguss\n|-resisted|p1a: Amoonguss\n|-damage|p1a: Amoonguss|34\/100 slp\n|-damage|p2a: Dondozo|31\/100|[from] Recoil\n|cant|p1a: Amoonguss|slp\n|\n|-heal|p2a: Dondozo|37\/100|[from] item: Leftovers\n|upkeep\n|turn|12\n|\n|t:|1683225959\n|move|p2a: Dondozo|Protect|p2a: Dondozo\n|-singleturn|p2a: Dondozo|Protect\n|-curestatus|p1a: Amoonguss|slp|[msg]\n|move|p1a: Amoonguss|Spore|p2a: Dondozo\n|-activate|p2a: Dondozo|move: Protect\n|\n|-heal|p2a: Dondozo|43\/100|[from] item: Leftovers\n|upkeep\n|turn|13\n|inactive|interesting person has 30 seconds left.\n|inactive|interesting person has 20 seconds left.\n|\n|t:|1683225997\n|move|p2a: Dondozo|Yawn|p1a: Amoonguss\n|-start|p1a: Amoonguss|move: Yawn|[of] p2a: Dondozo\n|move|p1a: Amoonguss|Spore|p2a: Dondozo\n|-status|p2a: Dondozo|slp|[from] move: Spore\n|\n|-heal|p2a: Dondozo|49\/100 slp|[from] item: Leftovers\n|upkeep\n|turn|14\n|\n|t:|1683226005\n|cant|p2a: Dondozo|slp\n|move|p1a: Amoonguss|Pollen Puff|p2a: Dondozo\n|-damage|p2a: Dondozo|28\/100 slp\n|\n|-heal|p2a: Dondozo|34\/100 slp|[from] item: Leftovers\n|-end|p1a: Amoonguss|move: Yawn|[silent]\n|-status|p1a: Amoonguss|slp\n|upkeep\n|turn|15\n|\n|t:|1683226010\n|cant|p2a: Dondozo|slp\n|cant|p1a: Amoonguss|slp\n|\n|-heal|p2a: Dondozo|40\/100 slp|[from] item: Leftovers\n|upkeep\n|turn|16\n|\n|t:|1683226016\n|cant|p2a: Dondozo|slp\n|-curestatus|p1a: Amoonguss|slp|[msg]\n|move|p1a: Amoonguss|Pollen Puff|p2a: Dondozo\n|-damage|p2a: Dondozo|19\/100 slp\n|\n|-heal|p2a: Dondozo|25\/100 slp|[from] item: Leftovers\n|upkeep\n|turn|17\n|\n|t:|1683226021\n|-curestatus|p2a: Dondozo|slp|[msg]\n|move|p2a: Dondozo|Protect|p2a: Dondozo\n|-singleturn|p2a: Dondozo|Protect\n|move|p1a: Amoonguss|Pollen Puff|p2a: Dondozo\n|-activate|p2a: Dondozo|move: Protect\n|\n|-heal|p2a: Dondozo|31\/100|[from] item: Leftovers\n|upkeep\n|turn|18\n|\n|t:|1683226029\n|move|p2a: Dondozo|Yawn|p1a: Amoonguss\n|-start|p1a: Amoonguss|move: Yawn|[of] p2a: Dondozo\n|move|p1a: Amoonguss|Spore|p2a: Dondozo\n|-status|p2a: Dondozo|slp|[from] move: Spore\n|\n|-heal|p2a: Dondozo|37\/100 slp|[from] item: Leftovers\n|upkeep\n|turn|19\n|\n|t:|1683226033\n|cant|p2a: Dondozo|slp\n|move|p1a: Amoonguss|Pollen Puff|p2a: Dondozo\n|-damage|p2a: Dondozo|18\/100 slp\n|\n|-heal|p2a: Dondozo|24\/100 slp|[from] item: Leftovers\n|-end|p1a: Amoonguss|move: Yawn|[silent]\n|-status|p1a: Amoonguss|slp\n|upkeep\n|turn|20\n|\n|t:|1683226036\n|cant|p2a: Dondozo|slp\n|cant|p1a: Amoonguss|slp\n|\n|-heal|p2a: Dondozo|30\/100 slp|[from] item: Leftovers\n|upkeep\n|turn|21\n|\n|t:|1683226040\n|cant|p2a: Dondozo|slp\n|cant|p1a: Amoonguss|slp\n|\n|-heal|p2a: Dondozo|36\/100 slp|[from] item: Leftovers\n|upkeep\n|turn|22\n|\n|t:|1683226046\n|-curestatus|p2a: Dondozo|slp|[msg]\n|move|p2a: Dondozo|Wave Crash|p1a: Amoonguss\n|-resisted|p1a: Amoonguss\n|-damage|p1a: Amoonguss|12\/100 slp\n|-damage|p2a: Dondozo|29\/100|[from] Recoil\n|-curestatus|p1a: Amoonguss|slp|[msg]\n|move|p1a: Amoonguss|Spore|p2a: Dondozo\n|-status|p2a: Dondozo|slp|[from] move: Spore\n|\n|-heal|p2a: Dondozo|35\/100 slp|[from] item: Leftovers\n|upkeep\n|turn|23\n|c|\u2606interesting person|never luck :c\n|\n|t:|1683226060\n|cant|p2a: Dondozo|slp\n|move|p1a: Amoonguss|Pollen Puff|p2a: Dondozo\n|-damage|p2a: Dondozo|16\/100 slp\n|\n|-heal|p2a: Dondozo|22\/100 slp|[from] item: Leftovers\n|upkeep\n|turn|24\n|\n|t:|1683226065\n|-curestatus|p2a: Dondozo|slp|[msg]\n|move|p2a: Dondozo|Wave Crash|p1a: Amoonguss\n|-resisted|p1a: Amoonguss\n|-damage|p1a: Amoonguss|0 fnt\n|faint|p1a: Amoonguss\n|-damage|p2a: Dondozo|18\/100|[from] Recoil\n|\n|win|interesting person\n|raw|SavannahPandaVGC's rating: 1324 → 1304<\/strong> (-20 for losing)\n|raw|interesting person's rating: 1321 → 1341<\/strong> (+20 for winning)\n|c|\u2606interesting person|gg\n","uploadtime":1683226080,"views":11,"p1id":"savannahpandavgc","p2id":"interestingperson","formatid":"gen9vgc2023regulationc","rating":1304,"private":0,"password":""}