{"id":"gen9vgc2023regulationc-1846636625","p1":"Nephimon","p2":"uhoh I poopd","format":"[Gen 9] VGC 2023 Regulation C","log":"|j|\u2606Nephimon\n|j|\u2606uhoh I poopd\n|t:|1681859967\n|gametype|doubles\n|player|p1|Nephimon|265|1284\n|player|p2|uhoh I poopd|colress|1232\n|teamsize|p1|6\n|teamsize|p2|6\n|gen|9\n|tier|[Gen 9] VGC 2023 Regulation C\n|rated|\n|rule|Species Clause: Limit one of each Pok\u00e9mon\n|rule|Item Clause: Limit one of each item\n|clearpoke\n|poke|p1|Flutter Mane, L50|\n|poke|p1|Chien-Pao, L50|\n|poke|p1|Tatsugiri, L50, F|\n|poke|p1|Dondozo, L50, F|\n|poke|p1|Flamigo, L50, F|\n|poke|p1|Gothitelle, L50, F|\n|poke|p2|Masquerain, L50, M|\n|poke|p2|Coalossal, L50, M|\n|poke|p2|Amoonguss, L50, M|\n|poke|p2|Arcanine, L50, M|\n|poke|p2|Annihilape, L50, M|\n|poke|p2|Azumarill, L50, F|\n|teampreview|4\n|\n|t:|1681859992\n|start\n|switch|p1a: Dingus|Flutter Mane, L50|100\/100\n|switch|p1b: Binted|Tatsugiri, L50, F|100\/100\n|switch|p2a: Angy|Annihilape, L50, M|100\/100\n|switch|p2b: Judy|Azumarill, L50, F, shiny|100\/100\n|turn|1\n|\n|t:|1681860045\n|move|p1b: Binted|Protect|p1b: Binted\n|-singleturn|p1b: Binted|Protect\n|move|p1a: Dingus|Perish Song|p1a: Dingus\n|-start|p1a: Dingus|perish3|[silent]\n|-start|p1b: Binted|perish3|[silent]\n|-start|p2a: Angy|perish3|[silent]\n|-start|p2b: Judy|perish3|[silent]\n|-fieldactivate|move: Perish Song\n|move|p2a: Angy|Rage Fist|p1a: Dingus\n|-supereffective|p1a: Dingus\n|-damage|p1a: Dingus|4\/100\n|move|p2b: Judy|Play Rough|p1a: Dingus\n|-damage|p1a: Dingus|0 fnt\n|faint|p1a: Dingus\n|-end|p1a: Dingus|Protosynthesis|[silent]\n|\n|-start|p1b: Binted|perish3\n|-start|p2a: Angy|perish3\n|-start|p2b: Judy|perish3\n|upkeep\n|\n|t:|1681860063\n|switch|p1a: Bozos|Dondozo, L50, F|100\/100\n|-activate|p1b: Binted|ability: Commander|[of] p1a: Bozos\n|-boost|p1a: Bozos|atk|2\n|-boost|p1a: Bozos|spa|2\n|-boost|p1a: Bozos|spe|2\n|-boost|p1a: Bozos|def|2\n|-boost|p1a: Bozos|spd|2\n|turn|2\n|\n|t:|1681860087\n|switch|p2b: de Havilland|Masquerain, L50, M|100\/100\n|-ability|p2b: de Havilland|Intimidate|boost\n|-unboost|p1a: Bozos|atk|1\n|-unboost|p1b: Binted|atk|1\n|-terastallize|p1a: Bozos|Steel\n|move|p2a: Angy|Protect|p2a: Angy\n|-singleturn|p2a: Angy|Protect\n|move|p1a: Bozos|Tera Blast|p2b: de Havilland\n|-damage|p2b: de Havilland|18\/100\n|\n|-start|p1b: Binted|perish2\n|-start|p2a: Angy|perish2\n|upkeep\n|turn|3\n|\n|t:|1681860108\n|switch|p2a: Judy|Azumarill, L50, F, shiny|100\/100\n|move|p1a: Bozos|Substitute|p1a: Bozos\n|-start|p1a: Bozos|Substitute\n|-damage|p1a: Bozos|76\/100\n|move|p2b: de Havilland|Haze|p2b: de Havilland\n|-clearallboost\n|\n|-heal|p1a: Bozos|82\/100|[from] item: Leftovers\n|-start|p1b: Binted|perish1\n|upkeep\n|turn|4\n|\n|t:|1681860133\n|switch|p2a: Armavee|Coalossal, L50, M|100\/100\n|move|p2b: de Havilland|Aqua Jet|p2a: Armavee\n|-supereffective|p2a: Armavee\n|-damage|p2a: Armavee|81\/100\n|-ability|p2a: Armavee|Steam Engine|boost\n|-boost|p2a: Armavee|spe|6\n|-enditem|p2a: Armavee|Weakness Policy\n|-boost|p2a: Armavee|atk|2|[from] item: Weakness Policy\n|-boost|p2a: Armavee|spa|2|[from] item: Weakness Policy\n|move|p1a: Bozos|Tera Blast|p2a: Armavee\n|-damage|p2a: Armavee|57\/100\n|\n|-heal|p1a: Bozos|88\/100|[from] item: Leftovers\n|-start|p1b: Binted|perish0\n|upkeep\n|faint|p1b: Binted\n|\n|t:|1681860139\n|switch|p1b: Wingus|Flamigo, L50, F|100\/100\n|-copyboost|p1b: Wingus|p1a: Bozos|[from] ability: Costar\n|turn|5\n|\n|t:|1681860164\n|switch|p2b: Judy|Azumarill, L50, F, shiny|100\/100\n|-terastallize|p2a: Armavee|Grass\n|move|p2a: Armavee|Heat Wave|p1b: Wingus|[spread] p1a,p1b\n|-supereffective|p1a: Bozos\n|-end|p1a: Bozos|Substitute\n|-damage|p1b: Wingus|13\/100\n|move|p1b: Wingus|Acrobatics|p2b: Judy\n|-crit|p2b: Judy\n|-damage|p2b: Judy|61\/100\n|move|p1a: Bozos|Wave Crash|p2a: Armavee\n|-resisted|p2a: Armavee\n|-damage|p2a: Armavee|38\/100\n|-damage|p1a: Bozos|83\/100|[from] Recoil\n|\n|-heal|p1a: Bozos|89\/100|[from] item: Leftovers\n|upkeep\n|turn|6\n|\n|t:|1681860189\n|move|p2b: Judy|Aqua Jet|p1b: Wingus\n|-damage|p1b: Wingus|0 fnt\n|faint|p1b: Wingus\n|move|p2a: Armavee|Heat Wave|p1a: Bozos\n|-supereffective|p1a: Bozos\n|-damage|p1a: Bozos|30\/100\n|move|p1a: Bozos|Tera Blast|p2b: Judy\n|-damage|p2b: Judy|25\/100\n|-enditem|p2b: Judy|Sitrus Berry|[eat]\n|-heal|p2b: Judy|50\/100|[from] item: Sitrus Berry\n|\n|-heal|p1a: Bozos|36\/100|[from] item: Leftovers\n|upkeep\n|turn|7\n|\n|t:|1681860197\n|switch|p2b: de Havilland|Masquerain, L50, M|18\/100\n|-ability|p2b: de Havilland|Intimidate|boost\n|-unboost|p1a: Bozos|atk|1\n|move|p2a: Armavee|Heat Wave|p1a: Bozos\n|-supereffective|p1a: Bozos\n|-damage|p1a: Bozos|0 fnt\n|faint|p1a: Bozos\n|\n|win|uhoh I poopd\n|raw|Nephimon's rating: 1284 → 1255<\/strong> (-29 for losing)\n|raw|uhoh I poopd's rating: 1232 → 1261<\/strong> (+29 for winning)\n|c|\u2606Nephimon|Gg\n|l|\u2606Nephimon\n|c|\u2606uhoh I poopd|Gg\n","uploadtime":1681860213,"views":9,"p1id":"nephimon","p2id":"uhohipoopd","formatid":"gen9vgc2023regulationc","rating":1255,"private":0,"password":""}