{"id":"gen9vgc2023regulationc-1864406058","p1":"Kekmonke","p2":"GreenPig10cute","format":"[Gen 9] VGC 2023 Regulation C","log":"|j|\u2606Kekmonke\n|j|\u2606GreenPig10cute\n|t:|1684163805\n|gametype|doubles\n|player|p1|Kekmonke|blue|\n|player|p2|GreenPig10cute|170|\n|teamsize|p1|6\n|teamsize|p2|6\n|gen|9\n|tier|[Gen 9] VGC 2023 Regulation C\n|rated|Tournament battle\n|rule|Species Clause: Limit one of each Pok\u00e9mon\n|rule|Item Clause: Limit one of each item\n|clearpoke\n|poke|p1|Ting-Lu, L50|\n|poke|p1|Palafin, L50, M|\n|poke|p1|Arcanine, L50, M|\n|poke|p1|Amoonguss, L50, M|\n|poke|p1|Flutter Mane, L50|\n|poke|p1|Kingambit, L50, F|\n|poke|p2|Palafin, L50, F|\n|poke|p2|Pelipper, L50, M|\n|poke|p2|Tatsugiri, L50, F|\n|poke|p2|Scizor, L50, F|\n|poke|p2|Iron Bundle, L50|\n|poke|p2|Dondozo, L50, F|\n|teampreview|4\n|raw| Open Team Sheet for Kekmonke<\/summary>Ting-Lu @ Assault Vest Ability: Vessel of Ruin Level: 50 Tera Type: Flying - Heavy Slam - Stomping Tantrum - Payback - Ruination Palafin @ Mystic Water Ability: Zero to Hero Level: 50 Tera Type: Water - Jet Punch - Protect - Wave Crash - Haze Arcanine @ Safety Goggles Ability: Intimidate Level: 50 Tera Type: Grass - Flare Blitz - Extreme Speed - Protect - Will-O-Wisp Amoonguss @ Sitrus Berry Ability: Regenerator Level: 50 Tera Type: Water - Protect - Rage Powder - Spore - Pollen Puff Flutter Mane @ Choice Specs Ability: Protosynthesis Level: 50 Tera Type: Water - Dazzling Gleam - Moonblast - Thunderbolt - Shadow Ball Kingambit @ Lum Berry Ability: Defiant Level: 50 Tera Type: Dark - Swords Dance - Kowtow Cleave - Sucker Punch - Protect <\/details><\/div> Open Team Sheet for GreenPig10cute<\/summary>I NEED A HERO (Palafin) @ Mystic Water Ability: Zero to Hero Level: 50 Shiny: Yes Tera Type: Water - Jet Punch - Wave Crash - Close Combat - Protect BIGGEST BIRD (Pelipper) @ Damp Rock Ability: Drizzle Level: 50 Shiny: Yes Tera Type: Ground - Hurricane - Protect - Tailwind - Helping Hand LITTLE FISH (Tatsugiri) @ Focus Sash Ability: Commander Level: 50 Shiny: Yes Tera Type: Grass - Draco Meteor - Icy Wind - Hydro Pump - Helping Hand METAL BUG (Scizor) @ Life Orb Ability: Technician Level: 50 Shiny: Yes Tera Type: Steel - Bullet Punch - Protect - Close Combat - Swords Dance IRON BIRD (Iron Bundle) @ Booster Energy Ability: Quark Drive Level: 50 Tera Type: Ice - Icy Wind - Freeze-Dry - Hydro Pump - Protect BIG FISH (Dondozo) @ Leftovers Ability: Unaware Level: 50 Shiny: Yes Tera Type: Dragon - Substitute - Protect - Order Up - Wave Crash <\/details><\/div>\n|inactive|Battle timer is ON: inactive players will automatically lose when time's up. (requested by Kekmonke)\n|inactive|GreenPig10cute also wants the timer to be on.\n|inactive|GreenPig10cute has 60 seconds left.\n|inactive|Kekmonke has 60 seconds left.\n|\n|t:|1684163858\n|start\n|switch|p1a: Amoonguss|Amoonguss, L50, M|100\/100\n|switch|p1b: Arcanine|Arcanine, L50, M|100\/100\n|switch|p2a: I NEED A HERO|Palafin, L50, F, shiny|100\/100\n|switch|p2b: IRON BIRD|Iron Bundle, L50|100\/100\n|-ability|p1b: Arcanine|Intimidate|boost\n|-unboost|p2a: I NEED A HERO|atk|1\n|-unboost|p2b: IRON BIRD|atk|1\n|-enditem|p2b: IRON BIRD|Booster Energy\n|-activate|p2b: IRON BIRD|ability: Quark Drive|[fromitem]\n|-start|p2b: IRON BIRD|quarkdrivespe\n|turn|1\n|\n|t:|1684163880\n|detailschange|p2a: I NEED A HERO|Palafin-Hero, L50, F, shiny\n|switch|p2a: BIG FISH|Dondozo, L50, F, shiny|100\/100\n|move|p1a: Amoonguss|Protect|p1a: Amoonguss\n|-singleturn|p1a: Amoonguss|Protect\n|move|p2b: IRON BIRD|Icy Wind|p1b: Arcanine|[spread] p1b\n|-activate|p1a: Amoonguss|move: Protect\n|-resisted|p1b: Arcanine\n|-damage|p1b: Arcanine|93\/100\n|-unboost|p1b: Arcanine|spe|1\n|move|p1b: Arcanine|Will-O-Wisp|p2a: BIG FISH\n|-status|p2a: BIG FISH|brn\n|\n|-damage|p2a: BIG FISH|94\/100 brn|[from] brn\n|upkeep\n|turn|2\n|inactive|Kekmonke has 30 seconds left.\n|\n|t:|1684163907\n|move|p2a: BIG FISH|Protect|p2a: BIG FISH\n|-singleturn|p2a: BIG FISH|Protect\n|move|p1b: Arcanine|Protect|p1b: Arcanine\n|-singleturn|p1b: Arcanine|Protect\n|move|p2b: IRON BIRD|Freeze-Dry|p1a: Amoonguss\n|-supereffective|p1a: Amoonguss\n|-damage|p1a: Amoonguss|54\/100\n|move|p1a: Amoonguss|Spore|p2b: IRON BIRD\n|-status|p2b: IRON BIRD|slp|[from] move: Spore\n|\n|-heal|p2a: BIG FISH|100\/100 brn|[from] item: Leftovers\n|-damage|p2a: BIG FISH|94\/100 brn|[from] brn\n|upkeep\n|turn|3\n|\n|t:|1684163929\n|-end|p2b: IRON BIRD|Quark Drive|[silent]\n|switch|p2b: LITTLE FISH|Tatsugiri, L50, F, shiny|100\/100\n|-activate|p2b: LITTLE FISH|ability: Commander|[of] p2a: BIG FISH\n|-boost|p2a: BIG FISH|atk|2\n|-boost|p2a: BIG FISH|spa|2\n|-boost|p2a: BIG FISH|spe|2\n|-boost|p2a: BIG FISH|def|2\n|-boost|p2a: BIG FISH|spd|2\n|-terastallize|p2a: BIG FISH|Dragon\n|move|p2a: BIG FISH|Order Up|p1b: Arcanine\n|-damage|p1b: Arcanine|55\/100\n|-boost|p2a: BIG FISH|atk|1\n|move|p1b: Arcanine|Flare Blitz|p2b: LITTLE FISH|[miss]\n|-miss|p1b: Arcanine|p2b: LITTLE FISH\n|move|p1a: Amoonguss|Pollen Puff|p2b: LITTLE FISH|[miss]\n|-miss|p1a: Amoonguss|p2b: LITTLE FISH\n|\n|-heal|p2a: BIG FISH|100\/100 brn|[from] item: Leftovers\n|-damage|p2a: BIG FISH|94\/100 brn|[from] brn\n|upkeep\n|turn|4\n|inactive|GreenPig10cute has 30 seconds left.\n|\n|t:|1684163963\n|switch|p1b: Flutter Mane|Flutter Mane, L50|100\/100\n|move|p2a: BIG FISH|Order Up|p1a: Amoonguss\n|-damage|p1a: Amoonguss|10\/100\n|-enditem|p1a: Amoonguss|Sitrus Berry|[eat]\n|-heal|p1a: Amoonguss|34\/100|[from] item: Sitrus Berry\n|-boost|p2a: BIG FISH|atk|1\n|move|p1a: Amoonguss|Pollen Puff|p2a: BIG FISH\n|-damage|p2a: BIG FISH|85\/100 brn\n|\n|-heal|p2a: BIG FISH|91\/100 brn|[from] item: Leftovers\n|-damage|p2a: BIG FISH|85\/100 brn|[from] brn\n|upkeep\n|turn|5\n|inactive|Kekmonke has 30 seconds left.\n|\n|t:|1684163992\n|move|p1a: Amoonguss|Protect|p1a: Amoonguss\n|-singleturn|p1a: Amoonguss|Protect\n|move|p1b: Flutter Mane|Moonblast|p2a: BIG FISH\n|-supereffective|p2a: BIG FISH\n|-damage|p2a: BIG FISH|4\/100 brn\n|move|p2a: BIG FISH|Order Up|p1a: Amoonguss\n|-activate|p1a: Amoonguss|move: Protect\n|\n|-heal|p2a: BIG FISH|10\/100 brn|[from] item: Leftovers\n|-damage|p2a: BIG FISH|4\/100 brn|[from] brn\n|upkeep\n|turn|6\n|\n|t:|1684164006\n|move|p2a: BIG FISH|Protect|p2a: BIG FISH\n|-singleturn|p2a: BIG FISH|Protect\n|move|p1b: Flutter Mane|Moonblast|p2a: BIG FISH\n|-activate|p2a: BIG FISH|move: Protect\n|move|p1a: Amoonguss|Spore|p2b: LITTLE FISH|[miss]\n|-miss|p1a: Amoonguss|p2b: LITTLE FISH\n|\n|-heal|p2a: BIG FISH|10\/100 brn|[from] item: Leftovers\n|-damage|p2a: BIG FISH|4\/100 brn|[from] brn\n|upkeep\n|turn|7\n|\n|t:|1684164018\n|move|p2a: BIG FISH|Protect||[still]\n|-fail|p2a: BIG FISH\n|move|p1b: Flutter Mane|Moonblast|p2a: BIG FISH\n|-supereffective|p2a: BIG FISH\n|-damage|p2a: BIG FISH|0 fnt\n|faint|p2a: BIG FISH\n|move|p1a: Amoonguss|Spore|p2b: LITTLE FISH\n|-status|p2b: LITTLE FISH|slp|[from] move: Spore\n|\n|upkeep\n|\n|t:|1684164026\n|switch|p2a: I NEED A HERO|Palafin-Hero, L50, F, shiny|100\/100\n|-activate|p2a: I NEED A HERO|ability: Zero to Hero\n|turn|8\n|\n|t:|1684164040\n|-end|p1b: Flutter Mane|Protosynthesis|[silent]\n|switch|p1b: Arcanine|Arcanine, L50, M|55\/100\n|-ability|p1b: Arcanine|Intimidate|boost\n|-unboost|p2a: I NEED A HERO|atk|1\n|-unboost|p2b: LITTLE FISH|atk|1\n|move|p2a: I NEED A HERO|Jet Punch|p1b: Arcanine\n|-supereffective|p1b: Arcanine\n|-damage|p1b: Arcanine|0 fnt\n|faint|p1b: Arcanine\n|cant|p2b: LITTLE FISH|slp\n|move|p1a: Amoonguss|Spore|p2a: I NEED A HERO\n|-status|p2a: I NEED A HERO|slp|[from] move: Spore\n|\n|upkeep\n|\n|t:|1684164057\n|switch|p1b: Flutter Mane|Flutter Mane, L50|100\/100\n|turn|9\n|\n|t:|1684164068\n|switch|p2a: IRON BIRD|Iron Bundle, L50|100\/100 slp\n|move|p1b: Flutter Mane|Dazzling Gleam|p2a: IRON BIRD|[spread] p2a,p2b\n|-supereffective|p2b: LITTLE FISH\n|-damage|p2a: IRON BIRD|4\/100 slp\n|-enditem|p2b: LITTLE FISH|Focus Sash\n|-damage|p2b: LITTLE FISH|1\/100 slp\n|cant|p2b: LITTLE FISH|slp\n|move|p1a: Amoonguss|Pollen Puff|p2a: IRON BIRD\n|-damage|p2a: IRON BIRD|0 fnt\n|faint|p2a: IRON BIRD\n|-end|p2a: IRON BIRD|Quark Drive|[silent]\n|\n|upkeep\n|\n|t:|1684164080\n|switch|p2a: I NEED A HERO|Palafin-Hero, L50, F, shiny|100\/100 slp\n|turn|10\n|\n|t:|1684164092\n|-curestatus|p2b: LITTLE FISH|slp|[msg]\n|move|p2b: LITTLE FISH|Helping Hand|p2a: I NEED A HERO\n|-singleturn|p2a: I NEED A HERO|Helping Hand|[of] p2b: LITTLE FISH\n|cant|p2a: I NEED A HERO|slp\n|move|p1b: Flutter Mane|Dazzling Gleam|p2b: LITTLE FISH|[spread] p2a,p2b\n|-supereffective|p2b: LITTLE FISH\n|-damage|p2a: I NEED A HERO|46\/100 slp\n|-damage|p2b: LITTLE FISH|0 fnt\n|faint|p2b: LITTLE FISH\n|move|p1a: Amoonguss|Pollen Puff|p2a: I NEED A HERO\n|-damage|p2a: I NEED A HERO|24\/100 slp\n|\n|upkeep\n|turn|11\n|\n|t:|1684164107\n|cant|p2a: I NEED A HERO|slp\n|move|p1a: Amoonguss|Rage Powder|p1a: Amoonguss\n|-singleturn|p1a: Amoonguss|move: Rage Powder\n|move|p1b: Flutter Mane|Dazzling Gleam|p2a: I NEED A HERO\n|-damage|p2a: I NEED A HERO|0 fnt\n|faint|p2a: I NEED A HERO\n|\n|win|Kekmonke\n|n|\u2606Kekmonke|kekmonke\n|n|\u2606GreenPig10cute|greenpig10cute\n|c|\u2606Kekmonke|gg\n|l|\u2606GreenPig10cute\n","uploadtime":1684164117,"views":4,"p1id":"kekmonke","p2id":"greenpig10cute","formatid":"gen9vgc2023regulationc","rating":0,"private":0,"password":""}