{"id":"gen9vgc2023regulationc-1849847748","p1":"omg_its_daddy","p2":"Gemstone Bandits","format":"[Gen 9] VGC 2023 Regulation C","log":"|j|\u2606omg_its_daddy\n|j|\u2606Gemstone Bandits\n|t:|1682260147\n|gametype|doubles\n|player|p1|omg_its_daddy|li|\n|player|p2|Gemstone Bandits|shadowtriad|\n|teamsize|p1|6\n|teamsize|p2|6\n|gen|9\n|tier|[Gen 9] VGC 2023 Regulation C\n|rule|Species Clause: Limit one of each Pok\u00e9mon\n|rule|Item Clause: Limit one of each item\n|clearpoke\n|poke|p1|Dragalge, L50, F|\n|poke|p1|Drowzee, L50, F|\n|poke|p1|Gyarados, L50, F|\n|poke|p1|Raichu, L50, F|\n|poke|p1|Iron Valiant, L50|\n|poke|p1|Corviknight, L50, F|\n|poke|p2|Tyranitar, L50, M|\n|poke|p2|Garchomp, L50, M|\n|poke|p2|Gengar, L50, F|\n|poke|p2|Sandy Shocks, L50|\n|poke|p2|Umbreon, L50, M|\n|poke|p2|Orthworm, L50, M|\n|teampreview|4\n|c|\u2606omg_its_daddy|g3\n|c|\u2606omg_its_daddy|glhf!\n|c|\u2606Gemstone Bandits|glhf\n|c|\u2606omg_its_daddy|unfortunate freeze\n|c|\u2606Gemstone Bandits|it is what it is\n|\n|t:|1682260709\n|start\n|switch|p1a: Iron Valiant|Iron Valiant, L50|100\/100\n|switch|p1b: Gyarados|Gyarados, L50, F|100\/100\n|switch|p2a: Orthworm|Orthworm, L50, M, shiny|100\/100\n|switch|p2b: Sandy Shocks|Sandy Shocks, L50|100\/100\n|-ability|p1b: Gyarados|Intimidate|boost\n|-unboost|p2a: Orthworm|atk|1\n|-unboost|p2b: Sandy Shocks|atk|1\n|turn|1\n|inactive|Battle timer is ON: inactive players will automatically lose when time's up. (requested by Gemstone Bandits)\n|\n|t:|1682260775\n|-terastallize|p1b: Gyarados|Grass\n|move|p1a: Iron Valiant|Spirit Break|p2b: Sandy Shocks\n|-damage|p2b: Sandy Shocks|60\/100\n|-unboost|p2b: Sandy Shocks|spa|1\n|move|p2b: Sandy Shocks|Flash Cannon|p1a: Iron Valiant\n|-supereffective|p1a: Iron Valiant\n|-damage|p1a: Iron Valiant|4\/100\n|move|p1b: Gyarados|Dragon Dance|p1b: Gyarados\n|-boost|p1b: Gyarados|atk|1\n|-boost|p1b: Gyarados|spe|1\n|move|p2a: Orthworm|Shed Tail|p2a: Orthworm\n|-start|p2a: Orthworm|Substitute|[from] move: Shed Tail\n|-damage|p2a: Orthworm|50\/100\n|-enditem|p2a: Orthworm|Sitrus Berry|[eat]\n|-heal|p2a: Orthworm|75\/100|[from] item: Sitrus Berry\n|inactive|Gemstone Bandits has 30 seconds left.\n|\n|t:|1682260801\n|switch|p2a: Tyranitar|Tyranitar, L50, M|100\/100|[from] Shed Tail\n|-weather|Sandstorm|[from] ability: Sand Stream|[of] p2a: Tyranitar\n|\n|-weather|Sandstorm|[upkeep]\n|-damage|p1b: Gyarados|95\/100|[from] Sandstorm\n|-damage|p1a: Iron Valiant|0 fnt|[from] Sandstorm\n|faint|p1a: Iron Valiant\n|-end|p1a: Iron Valiant|Quark Drive|[silent]\n|upkeep\n|inactive|omg_its_daddy has 30 seconds left.\n|\n|t:|1682260829\n|switch|p1a: Corviknight|Corviknight, L50, F|100\/100\n|turn|2\n|\n|t:|1682260852\n|-end|p2b: Sandy Shocks|Protosynthesis|[silent]\n|switch|p2b: Orthworm|Orthworm, L50, M, shiny|75\/100\n|move|p1b: Gyarados|Waterfall|p2b: Orthworm\n|-damage|p2b: Orthworm|36\/100\n|move|p1a: Corviknight|Iron Defense|p1a: Corviknight\n|-boost|p1a: Corviknight|def|2\n|move|p2a: Tyranitar|Rock Slide|p1a: Corviknight|[spread] p1a,p1b\n|-damage|p1a: Corviknight|90\/100\n|-damage|p1b: Gyarados|66\/100\n|\n|-weather|Sandstorm|[upkeep]\n|-damage|p1b: Gyarados|60\/100|[from] Sandstorm\n|-heal|p1a: Corviknight|96\/100|[from] item: Leftovers\n|upkeep\n|turn|3\n|inactive|Gemstone Bandits has 30 seconds left.\n|inactive|Gemstone Bandits has 20 seconds left.\n|inactive|Gemstone Bandits has 15 seconds left.\n|inactive|Gemstone Bandits has 10 seconds left.\n|\n|t:|1682260898\n|move|p1b: Gyarados|Waterfall|p2b: Orthworm\n|-damage|p2b: Orthworm|0 fnt\n|faint|p2b: Orthworm\n|move|p1a: Corviknight|Iron Defense|p1a: Corviknight\n|-boost|p1a: Corviknight|def|2\n|move|p2a: Tyranitar|Crunch|p1b: Gyarados\n|-damage|p1b: Gyarados|18\/100\n|\n|-weather|Sandstorm|[upkeep]\n|-damage|p1b: Gyarados|12\/100|[from] Sandstorm\n|-heal|p1a: Corviknight|100\/100|[from] item: Leftovers\n|upkeep\n|\n|t:|1682260921\n|switch|p2b: Garchomp|Garchomp, L50, M|100\/100\n|turn|4\n|\n|t:|1682260945\n|move|p1b: Gyarados|Ice Fang|p2b: Garchomp\n|-supereffective|p2b: Garchomp\n|-damage|p2b: Garchomp|0 fnt\n|faint|p2b: Garchomp\n|move|p1a: Corviknight|Body Press|p2a: Tyranitar\n|-supereffective|p2a: Tyranitar\n|-end|p2a: Tyranitar|Substitute\n|move|p2a: Tyranitar|Crunch|p1b: Gyarados\n|-damage|p1b: Gyarados|0 fnt\n|faint|p1b: Gyarados\n|\n|-weather|Sandstorm|[upkeep]\n|upkeep\n|\n|t:|1682260951\n|switch|p2b: Sandy Shocks|Sandy Shocks, L50|60\/100\n|switch|p1b: Raichu|Raichu, L50, F|100\/100\n|turn|5\n|inactive|omg_its_daddy has 30 seconds left.\n|inactive|Gemstone Bandits has 30 seconds left.\n|inactive|Gemstone Bandits has 20 seconds left.\n|inactive|Gemstone Bandits has 15 seconds left.\n|\n|t:|1682260995\n|move|p1b: Raichu|Fake Out|p2b: Sandy Shocks\n|-damage|p2b: Sandy Shocks|49\/100\n|cant|p2b: Sandy Shocks|flinch\n|move|p1a: Corviknight|Body Press|p2b: Sandy Shocks\n|-damage|p2b: Sandy Shocks|0 fnt\n|faint|p2b: Sandy Shocks\n|-end|p2b: Sandy Shocks|Protosynthesis|[silent]\n|move|p2a: Tyranitar|Crunch|p1b: Raichu\n|-damage|p1b: Raichu|35\/100\n|\n|-weather|none\n|upkeep\n|turn|6\n|\n|t:|1682261015\n|move|p1b: Raichu|Play Rough|p2a: Tyranitar\n|-supereffective|p2a: Tyranitar\n|-damage|p2a: Tyranitar|77\/100\n|-enditem|p2a: Tyranitar|Weakness Policy\n|-boost|p2a: Tyranitar|atk|2|[from] item: Weakness Policy\n|-boost|p2a: Tyranitar|spa|2|[from] item: Weakness Policy\n|move|p1a: Corviknight|Body Press|p2a: Tyranitar\n|-supereffective|p2a: Tyranitar\n|-damage|p2a: Tyranitar|0 fnt\n|faint|p2a: Tyranitar\n|\n|win|omg_its_daddy\n|c|\u2606Gemstone Bandits|gg\n|c|\u2606omg_its_daddy|ggs\n|l|\u2606Gemstone Bandits\n","uploadtime":1682261061,"views":25,"p1id":"omgitsdaddy","p2id":"gemstonebandits","formatid":"gen9vgc2023regulationc","rating":0,"private":0,"password":""}