{"id":"gen9vgc2023regulationc-1847733570","p1":"ScooteezyYT","p2":"Prompto88","format":"[Gen 9] VGC 2023 Regulation C","log":"|j|\u2606ScooteezyYT\n|j|\u2606Prompto88\n|t:|1681997287\n|gametype|doubles\n|player|p1|ScooteezyYT|red|1269\n|player|p2|Prompto88|2|1233\n|teamsize|p1|6\n|teamsize|p2|6\n|gen|9\n|tier|[Gen 9] VGC 2023 Regulation C\n|rated|\n|rule|Species Clause: Limit one of each Pok\u00e9mon\n|rule|Item Clause: Limit one of each item\n|clearpoke\n|poke|p1|Azumarill, L50, F|\n|poke|p1|Amoonguss, L50, F|\n|poke|p1|Arcanine, L50, F|\n|poke|p1|Flutter Mane, L50|\n|poke|p1|Roaring Moon, L50|\n|poke|p1|Chien-Pao, L50|\n|poke|p2|Palafin, L50, F|\n|poke|p2|Arcanine, L50, M|\n|poke|p2|Garganacl, L50, M|\n|poke|p2|Corviknight, L50, M|\n|poke|p2|Ting-Lu, L50|\n|poke|p2|Wo-Chien, L50|\n|teampreview|4\n|inactive|Battle timer is ON: inactive players will automatically lose when time's up. (requested by Prompto88)\n|inactive|ScooteezyYT has 60 seconds left.\n|\n|t:|1681997317\n|start\n|switch|p1a: Azumarill|Azumarill, L50, F|100\/100\n|switch|p1b: Arcanine|Arcanine, L50, F|100\/100\n|switch|p2a: Arcanine|Arcanine, L50, M|100\/100\n|switch|p2b: Garganacl|Garganacl, L50, M|100\/100\n|-ability|p1b: Arcanine|Intimidate|boost\n|-unboost|p2a: Arcanine|atk|1\n|-unboost|p2b: Garganacl|atk|1\n|-ability|p2a: Arcanine|Intimidate|boost\n|-unboost|p1a: Azumarill|atk|1\n|-unboost|p1b: Arcanine|atk|1\n|turn|1\n|\n|t:|1681997334\n|-terastallize|p1a: Azumarill|Water\n|move|p1b: Arcanine|Howl|p1b: Arcanine|[spread] p1a,p1b\n|-boost|p1a: Azumarill|atk|1\n|-boost|p1b: Arcanine|atk|1\n|move|p2a: Arcanine|Will-O-Wisp|p1a: Azumarill\n|-status|p1a: Azumarill|brn\n|move|p1a: Azumarill|Liquidation|p2b: Garganacl\n|-supereffective|p2b: Garganacl\n|-damage|p2b: Garganacl|49\/100\n|move|p2b: Garganacl|Salt Cure|p1a: Azumarill\n|-crit|p1a: Azumarill\n|-damage|p1a: Azumarill|77\/100 brn\n|-start|p1a: Azumarill|Salt Cure\n|\n|-heal|p2b: Garganacl|55\/100|[from] item: Leftovers\n|-damage|p1a: Azumarill|72\/100 brn|[from] brn\n|-damage|p1a: Azumarill|47\/100 brn|[from] Salt Cure\n|upkeep\n|turn|2\n|inactive|Prompto88 has 30 seconds left.\n|\n|t:|1681997362\n|move|p2b: Garganacl|Protect|p2b: Garganacl\n|-singleturn|p2b: Garganacl|Protect\n|move|p2a: Arcanine|Extreme Speed|p1a: Azumarill\n|-damage|p1a: Azumarill|33\/100 brn\n|move|p1b: Arcanine|Howl|p1b: Arcanine|[spread] p1a,p1b\n|-boost|p1a: Azumarill|atk|1\n|-boost|p1b: Arcanine|atk|1\n|move|p1a: Azumarill|Liquidation|p2b: Garganacl\n|-activate|p2b: Garganacl|move: Protect\n|\n|-heal|p2b: Garganacl|61\/100|[from] item: Leftovers\n|-damage|p1a: Azumarill|27\/100 brn|[from] brn\n|-damage|p1a: Azumarill|2\/100 brn|[from] Salt Cure\n|upkeep\n|turn|3\n|\n|t:|1681997380\n|move|p2a: Arcanine|Extreme Speed|p1a: Azumarill\n|-damage|p1a: Azumarill|0 fnt\n|faint|p1a: Azumarill\n|move|p1b: Arcanine|Flare Blitz|p2b: Garganacl\n|-resisted|p2b: Garganacl\n|-damage|p2b: Garganacl|35\/100\n|-damage|p1b: Arcanine|90\/100|[from] Recoil\n|move|p2b: Garganacl|Salt Cure|p1b: Arcanine\n|-supereffective|p1b: Arcanine\n|-damage|p1b: Arcanine|69\/100\n|-start|p1b: Arcanine|Salt Cure\n|\n|-heal|p2b: Garganacl|41\/100|[from] item: Leftovers\n|-damage|p1b: Arcanine|57\/100|[from] Salt Cure\n|upkeep\n|\n|t:|1681997385\n|switch|p1a: Flutter Mane|Flutter Mane, L50|100\/100\n|-enditem|p1a: Flutter Mane|Booster Energy\n|-activate|p1a: Flutter Mane|ability: Protosynthesis|[fromitem]\n|-start|p1a: Flutter Mane|protosynthesisspa\n|turn|4\n|\n|t:|1681997408\n|switch|p2b: Ting-Lu|Ting-Lu, L50|100\/100\n|-ability|p2b: Ting-Lu|Vessel of Ruin\n|move|p1a: Flutter Mane|Moonblast|p2b: Ting-Lu\n|-supereffective|p2b: Ting-Lu\n|-damage|p2b: Ting-Lu|56\/100\n|-unboost|p2b: Ting-Lu|spa|1\n|move|p1b: Arcanine|Howl|p1b: Arcanine|[spread] p1a,p1b\n|-boost|p1a: Flutter Mane|atk|1\n|-boost|p1b: Arcanine|atk|1\n|move|p2a: Arcanine|Flare Blitz|p1a: Flutter Mane\n|-crit|p1a: Flutter Mane\n|-damage|p1a: Flutter Mane|7\/100\n|-damage|p2a: Arcanine|77\/100|[from] Recoil\n|\n|-damage|p1b: Arcanine|45\/100|[from] Salt Cure\n|upkeep\n|turn|5\n|inactive|Prompto88 has 30 seconds left.\n|\n|t:|1681997437\n|-terastallize|p2b: Ting-Lu|Grass\n|move|p1b: Arcanine|Extreme Speed|p2b: Ting-Lu\n|-damage|p2b: Ting-Lu|34\/100\n|move|p1a: Flutter Mane|Moonblast|p2b: Ting-Lu\n|-damage|p2b: Ting-Lu|14\/100\n|move|p2a: Arcanine|Flare Blitz|p1b: Arcanine\n|-resisted|p1b: Arcanine\n|-damage|p1b: Arcanine|25\/100\n|-damage|p2a: Arcanine|71\/100|[from] Recoil\n|move|p2b: Ting-Lu|Snarl|p1b: Arcanine|[spread] p1a,p1b\n|-damage|p1a: Flutter Mane|3\/100\n|-damage|p1b: Arcanine|18\/100\n|-unboost|p1a: Flutter Mane|spa|1\n|-unboost|p1b: Arcanine|spa|1\n|\n|-damage|p1b: Arcanine|6\/100|[from] Salt Cure\n|upkeep\n|turn|6\n|inactive|ScooteezyYT has 30 seconds left.\n|inactive|Prompto88 has 30 seconds left.\n|-message|ScooteezyYT forfeited.\n|\n|win|Prompto88\n|raw|ScooteezyYT's rating: 1269 → 1241<\/strong> (-28 for losing)\n|raw|Prompto88's rating: 1233 → 1261<\/strong> (+28 for winning)\n|l|\u2606ScooteezyYT\n","uploadtime":1681997544,"views":8,"p1id":"scooteezyyt","p2id":"prompto88","formatid":"gen9vgc2023regulationc","rating":1241,"private":0,"password":""}