{"id":"gen9vgc2023regulationc-1851859431","p1":"Realutd","p2":"Ramosvgc","format":"[Gen 9] VGC 2023 Regulation C","log":"|j|\u2606Realutd\n|j|\u2606Ramosvgc\n|t:|1682496367\n|gametype|doubles\n|player|p1|Realutd|cynthia-gen4|1105\n|player|p2|Ramosvgc|265|1000\n|teamsize|p1|6\n|teamsize|p2|6\n|gen|9\n|tier|[Gen 9] VGC 2023 Regulation C\n|rated|\n|rule|Species Clause: Limit one of each Pok\u00e9mon\n|rule|Item Clause: Limit one of each item\n|clearpoke\n|poke|p1|Amoonguss, L50, M|\n|poke|p1|Ting-Lu, L50|\n|poke|p1|Flutter Mane, L50|\n|poke|p1|Arcanine, L50, M|\n|poke|p1|Maushold, L50|\n|poke|p1|Palafin, L50, F|\n|poke|p2|Garchomp, L50, M|\n|poke|p2|Gyarados, L50, M|\n|poke|p2|Jumpluff, L50, F|\n|poke|p2|Kingambit, L50, F|\n|poke|p2|Iron Hands, L50|\n|poke|p2|Torkoal, L50, F|\n|teampreview|4\n|\n|t:|1682496414\n|start\n|switch|p1a: Palafin|Palafin, L50, F|100\/100\n|switch|p1b: Maushold|Maushold, L50|100\/100\n|switch|p2a: Jumpluff|Jumpluff, L50, F|100\/100\n|switch|p2b: Kingambit|Kingambit, L50, F, shiny|100\/100\n|turn|1\n|inactive|Battle timer is ON: inactive players will automatically lose when time's up. (requested by Ramosvgc)\n|\n|t:|1682496457\n|switch|p2b: Gyarados|Gyarados, L50, M|100\/100\n|-ability|p2b: Gyarados|Intimidate|boost\n|-unboost|p1a: Palafin|atk|1\n|-unboost|p1b: Maushold|atk|1\n|move|p1a: Palafin|Protect|p1a: Palafin\n|-singleturn|p1a: Palafin|Protect\n|move|p1b: Maushold|Super Fang|p2b: Gyarados\n|-damage|p2b: Gyarados|51\/100\n|move|p2a: Jumpluff|Leech Seed|p1b: Maushold\n|-start|p1b: Maushold|move: Leech Seed\n|\n|-damage|p1b: Maushold|88\/100|[from] Leech Seed|[of] p2a: Jumpluff\n|upkeep\n|turn|2\n|inactive|Realutd has 30 seconds left.\n|inactive|Ramosvgc has 30 seconds left.\n|\n|t:|1682496485\n|detailschange|p1a: Palafin|Palafin-Hero, L50, F\n|switch|p1a: Arcanine|Arcanine, L50, M|100\/100\n|-ability|p1a: Arcanine|Intimidate|boost\n|-unboost|p2a: Jumpluff|atk|1\n|-unboost|p2b: Gyarados|atk|1\n|move|p1b: Maushold|Taunt|p2a: Jumpluff\n|-start|p2a: Jumpluff|move: Taunt\n|cant|p2a: Jumpluff|move: Taunt|Leech Seed\n|move|p2b: Gyarados|Thunder Wave|p1a: Arcanine\n|-status|p1a: Arcanine|par\n|\n|-damage|p1b: Maushold|76\/100|[from] Leech Seed|[of] p2a: Jumpluff\n|upkeep\n|turn|3\n|inactive|Realutd has 30 seconds left.\n|inactive|Ramosvgc has 30 seconds left.\n|inactive|Ramosvgc has 20 seconds left.\n|inactive|Ramosvgc has 15 seconds left.\n|inactive|Ramosvgc has 10 seconds left.\n|\n|t:|1682496534\n|switch|p2a: Torkoal|Torkoal, L50, F|100\/100\n|-weather|SunnyDay|[from] ability: Drought|[of] p2a: Torkoal\n|switch|p2b: Kingambit|Kingambit, L50, F, shiny|100\/100\n|move|p1b: Maushold|Taunt|p2b: Kingambit\n|-start|p2b: Kingambit|move: Taunt\n|move|p1a: Arcanine|Will-O-Wisp|p2a: Torkoal|[miss]\n|-miss|p1a: Arcanine|p2a: Torkoal\n|\n|-weather|SunnyDay|[upkeep]\n|-damage|p1b: Maushold|64\/100|[from] Leech Seed|[of] p2a: Torkoal\n|upkeep\n|turn|4\n|inactive|Realutd has 30 seconds left.\n|inactive|Ramosvgc has 30 seconds left.\n|inactive|Ramosvgc has 20 seconds left.\n|\n|t:|1682496571\n|switch|p2b: Gyarados|Gyarados, L50, M|51\/100\n|-ability|p2b: Gyarados|Intimidate|boost\n|-unboost|p1a: Arcanine|atk|1\n|-unboost|p1b: Maushold|atk|1\n|move|p1b: Maushold|Super Fang|p2a: Torkoal\n|-damage|p2a: Torkoal|51\/100\n|move|p1a: Arcanine|Flare Blitz|p2b: Gyarados\n|-resisted|p2b: Gyarados\n|-damage|p2b: Gyarados|22\/100\n|-enditem|p2b: Gyarados|Sitrus Berry|[eat]\n|-heal|p2b: Gyarados|47\/100|[from] item: Sitrus Berry\n|-damage|p1a: Arcanine|90\/100 par|[from] Recoil\n|move|p2a: Torkoal|Eruption|p1a: Arcanine|[spread] p1a,p1b\n|-resisted|p1a: Arcanine\n|-damage|p1a: Arcanine|72\/100 par\n|-damage|p1b: Maushold|7\/100\n|\n|-weather|SunnyDay|[upkeep]\n|-damage|p1b: Maushold|0 fnt|[from] Leech Seed|[of] p2a: Torkoal\n|-heal|p2a: Torkoal|58\/100|[silent]\n|faint|p1b: Maushold\n|upkeep\n|inactive|Realutd has 30 seconds left.\n|\n|t:|1682496605\n|switch|p1b: Ting-Lu|Ting-Lu, L50|100\/100\n|-ability|p1b: Ting-Lu|Vessel of Ruin\n|turn|5\n|inactive|Realutd has 30 seconds left.\n|\n|t:|1682496634\n|switch|p2b: Jumpluff|Jumpluff, L50, F|100\/100\n|switch|p1a: Palafin|Palafin-Hero, L50, F|100\/100\n|-activate|p1a: Palafin|ability: Zero to Hero\n|move|p1b: Ting-Lu|Stomping Tantrum|p2a: Torkoal\n|-supereffective|p2a: Torkoal\n|-damage|p2a: Torkoal|6\/100\n|move|p2a: Torkoal|Earth Power|p1a: Palafin\n|-damage|p1a: Palafin|83\/100\n|\n|-weather|SunnyDay|[upkeep]\n|upkeep\n|turn|6\n|\n|t:|1682496659\n|move|p1a: Palafin|Protect|p1a: Palafin\n|-singleturn|p1a: Palafin|Protect\n|move|p2a: Torkoal|Protect|p2a: Torkoal\n|-singleturn|p2a: Torkoal|Protect\n|move|p2b: Jumpluff|Leech Seed|p1b: Ting-Lu\n|-start|p1b: Ting-Lu|move: Leech Seed\n|move|p1b: Ting-Lu|Ruination|p2b: Jumpluff\n|-damage|p2b: Jumpluff|50\/100\n|\n|-weather|SunnyDay|[upkeep]\n|-heal|p2b: Jumpluff|57\/100|[from] item: Leftovers\n|-damage|p1b: Ting-Lu|88\/100|[from] Leech Seed|[of] p2b: Jumpluff\n|-heal|p2b: Jumpluff|72\/100|[silent]\n|upkeep\n|turn|7\n|inactive|Realutd has 30 seconds left.\n|inactive|Realutd has 20 seconds left.\n|inactive|Realutd has 15 seconds left.\n|inactive|Realutd has 10 seconds left.\n|\n|t:|1682496705\n|switch|p1a: Arcanine|Arcanine, L50, M|72\/100 par\n|-ability|p1a: Arcanine|Intimidate|boost\n|-unboost|p2a: Torkoal|atk|1\n|-unboost|p2b: Jumpluff|atk|1\n|switch|p2a: Gyarados|Gyarados, L50, M|47\/100\n|-ability|p2a: Gyarados|Intimidate|boost\n|-unboost|p1a: Arcanine|atk|1\n|-unboost|p1b: Ting-Lu|atk|1\n|move|p2b: Jumpluff|Leech Seed|p1a: Arcanine\n|-start|p1a: Arcanine|move: Leech Seed\n|move|p1b: Ting-Lu|Throat Chop|p2a: Gyarados\n|-damage|p2a: Gyarados|20\/100\n|-start|p2a: Gyarados|Throat Chop|[silent]\n|\n|-weather|none\n|-heal|p2b: Jumpluff|79\/100|[from] item: Leftovers\n|-damage|p1a: Arcanine|60\/100 par|[from] Leech Seed|[of] p2b: Jumpluff\n|-heal|p2b: Jumpluff|90\/100|[silent]\n|-damage|p1b: Ting-Lu|76\/100|[from] Leech Seed|[of] p2b: Jumpluff\n|-heal|p2b: Jumpluff|100\/100|[silent]\n|upkeep\n|turn|8\n|inactive|Realutd has 30 seconds left.\n|\n|t:|1682496736\n|switch|p1b: Palafin|Palafin-Hero, L50, F|83\/100\n|move|p2a: Gyarados|Protect|p2a: Gyarados\n|-singleturn|p2a: Gyarados|Protect\n|move|p2b: Jumpluff|Tailwind|p2b: Jumpluff\n|-sidestart|p2: Ramosvgc|move: Tailwind\n|move|p1a: Arcanine|Flare Blitz|p2b: Jumpluff\n|-supereffective|p2b: Jumpluff\n|-damage|p2b: Jumpluff|41\/100\n|-damage|p1a: Arcanine|39\/100 par|[from] Recoil\n|\n|-heal|p2b: Jumpluff|47\/100|[from] item: Leftovers\n|-damage|p1a: Arcanine|27\/100 par|[from] Leech Seed|[of] p2b: Jumpluff\n|-heal|p2b: Jumpluff|59\/100|[silent]\n|-end|p2a: Gyarados|Throat Chop|[silent]\n|upkeep\n|turn|9\n|inactive|Realutd has 30 seconds left.\n|inactive|Ramosvgc has 30 seconds left.\n|\n|t:|1682496766\n|switch|p2a: Torkoal|Torkoal, L50, F|6\/100\n|-weather|SunnyDay|[from] ability: Drought|[of] p2a: Torkoal\n|switch|p1b: Ting-Lu|Ting-Lu, L50|76\/100\n|-ability|p1b: Ting-Lu|Vessel of Ruin\n|move|p2b: Jumpluff|Leech Seed|p1b: Ting-Lu\n|-start|p1b: Ting-Lu|move: Leech Seed\n|move|p1a: Arcanine|Flare Blitz|p2b: Jumpluff\n|-supereffective|p2b: Jumpluff\n|-damage|p2b: Jumpluff|0 fnt\n|faint|p2b: Jumpluff\n|-damage|p1a: Arcanine|6\/100 par|[from] Recoil\n|\n|-weather|SunnyDay|[upkeep]\n|upkeep\n|\n|t:|1682496786\n|switch|p2b: Kingambit|Kingambit, L50, F, shiny|100\/100\n|turn|10\n|\n|t:|1682496811\n|-terastallize|p2b: Kingambit|Fire\n|cant|p1a: Arcanine|par\n|move|p2b: Kingambit|Swords Dance|p2b: Kingambit\n|-boost|p2b: Kingambit|atk|2\n|move|p1b: Ting-Lu|Stomping Tantrum|p2b: Kingambit\n|-supereffective|p2b: Kingambit\n|-damage|p2b: Kingambit|49\/100\n|move|p2a: Torkoal|Earth Power|p1b: Ting-Lu\n|-damage|p1b: Ting-Lu|67\/100\n|\n|-weather|SunnyDay|[upkeep]\n|-damage|p1a: Arcanine|0 fnt|[from] Leech Seed|[of] p2b: Kingambit\n|-heal|p2b: Kingambit|54\/100|[silent]\n|faint|p1a: Arcanine\n|-damage|p1b: Ting-Lu|54\/100|[from] Leech Seed|[of] p2b: Kingambit\n|-heal|p2b: Kingambit|69\/100|[silent]\n|upkeep\n|\n|t:|1682496828\n|switch|p1a: Palafin|Palafin-Hero, L50, F|83\/100\n|turn|11\n|\n|t:|1682496848\n|switch|p2a: Gyarados|Gyarados, L50, M|20\/100\n|-ability|p2a: Gyarados|Intimidate|boost\n|-unboost|p1a: Palafin|atk|1\n|-unboost|p1b: Ting-Lu|atk|1\n|-terastallize|p1a: Palafin|Water\n|move|p2b: Kingambit|Protect|p2b: Kingambit\n|-singleturn|p2b: Kingambit|Protect\n|move|p1a: Palafin|Jet Punch|p2b: Kingambit\n|-activate|p2b: Kingambit|move: Protect\n|move|p1b: Ting-Lu|Stomping Tantrum|p2a: Gyarados\n|-immune|p2a: Gyarados\n|\n|-weather|SunnyDay|[upkeep]\n|-damage|p1b: Ting-Lu|42\/100|[from] Leech Seed|[of] p2b: Kingambit\n|-heal|p2b: Kingambit|83\/100|[silent]\n|-sideend|p2: Ramosvgc|move: Tailwind\n|upkeep\n|turn|12\n|inactive|Realutd has 30 seconds left.\n|inactive|Ramosvgc has 30 seconds left.\n|\n|t:|1682496877\n|move|p1a: Palafin|Wave Crash|p2b: Kingambit\n|-supereffective|p2b: Kingambit\n|-damage|p2b: Kingambit|31\/100\n|-damage|p1a: Palafin|66\/100|[from] Recoil\n|move|p2a: Gyarados|Thunder Wave|p1a: Palafin\n|-status|p1a: Palafin|par\n|move|p2b: Kingambit|Kowtow Cleave|p1a: Palafin\n|-damage|p1a: Palafin|0 fnt\n|faint|p1a: Palafin\n|move|p1b: Ting-Lu|Throat Chop|p2a: Gyarados\n|-damage|p2a: Gyarados|0 fnt\n|faint|p2a: Gyarados\n|\n|-weather|SunnyDay|[upkeep]\n|-damage|p1b: Ting-Lu|30\/100|[from] Leech Seed|[of] p2b: Kingambit\n|-heal|p2b: Kingambit|46\/100|[silent]\n|upkeep\n|\n|t:|1682496896\n|switch|p2a: Torkoal|Torkoal, L50, F|6\/100\n|turn|13\n|-message|Realutd forfeited.\n|\n|win|Ramosvgc\n|raw|Realutd's rating: 1105 → 1073<\/strong> (-32 for losing)\n|raw|Ramosvgc's rating: 1000 → 1052<\/strong> (+52 for winning)\n|l|\u2606Realutd\n","uploadtime":1682496913,"views":24,"p1id":"realutd","p2id":"ramosvgc","formatid":"gen9vgc2023regulationc","rating":1052,"private":0,"password":""}