{"id":"gen9vgc2023regulationc-1847938915","p1":"Alaskan_fisher","p2":"Nevun","format":"[Gen 9] VGC 2023 Regulation C","log":"|j|\u2606Alaskan_fisher\n|j|\u2606Nevun\n|t:|1682014273\n|gametype|doubles\n|player|p1|Alaskan_fisher|fisherman-gen4|1182\n|player|p2|Nevun|169|1088\n|teamsize|p1|6\n|teamsize|p2|6\n|gen|9\n|tier|[Gen 9] VGC 2023 Regulation C\n|rated|\n|rule|Species Clause: Limit one of each Pok\u00e9mon\n|rule|Item Clause: Limit one of each item\n|clearpoke\n|poke|p1|Palafin, L50, F|\n|poke|p1|Flutter Mane, L50|\n|poke|p1|Arcanine, L50, F|\n|poke|p1|Chien-Pao, L50|\n|poke|p1|Iron Hands, L50|\n|poke|p1|Amoonguss, L50, M|\n|poke|p2|Chi-Yu, L50|\n|poke|p2|Amoonguss, L50, F|\n|poke|p2|Flutter Mane, L50|\n|poke|p2|Dachsbun, L50, F|\n|poke|p2|Ceruledge, L50, M|\n|poke|p2|Torkoal, L50, M|\n|teampreview|4\nAlaskan_fisher has agreed to open team sheets.\nNevun has agreed to open team sheets.\n|\n|t:|1682014324\n|start\n|switch|p1a: Chien-Pao|Chien-Pao, L50|100\/100\n|switch|p1b: Iron Hands|Iron Hands, L50|100\/100\n|switch|p2a: Torkoal|Torkoal, L50, M|100\/100\n|switch|p2b: Dachsbun|Dachsbun, L50, F|100\/100\n|-ability|p1a: Chien-Pao|Sword of Ruin\n|-weather|SunnyDay|[from] ability: Drought|[of] p2a: Torkoal\n|turn|1\n|\n|t:|1682014356\n|move|p1a: Chien-Pao|Throat Chop|p2a: Torkoal\n|-damage|p2a: Torkoal|67\/100\n|-start|p2a: Torkoal|Throat Chop|[silent]\n|move|p2b: Dachsbun|Body Press|p1a: Chien-Pao\n|-supereffective|p1a: Chien-Pao\n|-enditem|p1a: Chien-Pao|Focus Sash\n|-damage|p1a: Chien-Pao|1\/100\n|move|p1b: Iron Hands|Wild Charge|p2b: Dachsbun\n|-damage|p2b: Dachsbun|47\/100\n|-damage|p1b: Iron Hands|92\/100|[from] Recoil\n|move|p2a: Torkoal|Lava Plume|p1b: Iron Hands|[spread] p1a,p1b\n|-ability|p2b: Dachsbun|Well-Baked Body|boost\n|-boost|p2b: Dachsbun|def|2\n|-supereffective|p1a: Chien-Pao\n|-damage|p1a: Chien-Pao|0 fnt\n|-damage|p1b: Iron Hands|77\/100\n|faint|p1a: Chien-Pao\n|\n|-weather|SunnyDay|[upkeep]\n|-heal|p2b: Dachsbun|54\/100|[from] item: Leftovers\n|upkeep\n|\n|t:|1682014368\n|switch|p1a: Melameneo|Flutter Mane, L50|100\/100\n|-activate|p1a: Melameneo|ability: Protosynthesis\n|-start|p1a: Melameneo|protosynthesisspe\n|turn|2\n|inactive|Battle timer is ON: inactive players will automatically lose when time's up. (requested by Alaskan_fisher)\n|\n|t:|1682014427\n|-terastallize|p1a: Melameneo|Fairy\n|move|p2a: Torkoal|Protect|p2a: Torkoal\n|-singleturn|p2a: Torkoal|Protect\n|move|p1a: Melameneo|Moonblast|p2b: Dachsbun\n|-damage|p2b: Dachsbun|0 fnt\n|faint|p2b: Dachsbun\n|move|p1b: Iron Hands|Drain Punch|p2a: Torkoal\n|-activate|p2a: Torkoal|move: Protect\n|\n|-weather|SunnyDay|[upkeep]\n|-end|p2a: Torkoal|Throat Chop|[silent]\n|upkeep\n|\n|t:|1682014438\n|switch|p2b: Ceruledge|Ceruledge, L50, M|100\/100\n|turn|3\n|\n|t:|1682014452\n|-end|p1b: Iron Hands|Quark Drive|[silent]\n|switch|p1b: Arcanine|Arcanine, L50, F|100\/100\n|-ability|p1b: Arcanine|Intimidate|boost\n|-unboost|p2a: Torkoal|atk|1\n|-unboost|p2b: Ceruledge|atk|1\n|move|p1a: Melameneo|Protect|p1a: Melameneo\n|-singleturn|p1a: Melameneo|Protect\n|move|p2b: Ceruledge|Bitter Blade|p1a: Melameneo\n|-activate|p1a: Melameneo|move: Protect\n|move|p2a: Torkoal|Lava Plume|p1a: Melameneo|[spread] p1b\n|-activate|p1a: Melameneo|move: Protect\n|-start|p2b: Ceruledge|ability: Flash Fire\n|-resisted|p1b: Arcanine\n|-damage|p1b: Arcanine|86\/100\n|\n|-weather|SunnyDay|[upkeep]\n|upkeep\n|turn|4\n|inactive|Alaskan_fisher has 30 seconds left.\n|inactive|Alaskan_fisher has 20 seconds left.\n|\n|t:|1682014491\n|switch|p2a: Flutter Mane|Flutter Mane, L50|100\/100\n|-activate|p2a: Flutter Mane|ability: Protosynthesis\n|-start|p2a: Flutter Mane|protosynthesisspe\n|move|p2b: Ceruledge|Protect|p2b: Ceruledge\n|-singleturn|p2b: Ceruledge|Protect\n|move|p1a: Melameneo|Shadow Ball|p2b: Ceruledge\n|-activate|p2b: Ceruledge|move: Protect\n|move|p1b: Arcanine|Flare Blitz|p2a: Flutter Mane\n|-damage|p2a: Flutter Mane|0 fnt\n|faint|p2a: Flutter Mane\n|-end|p2a: Flutter Mane|Protosynthesis|[silent]\n|-damage|p1b: Arcanine|64\/100|[from] Recoil\n|\n|-weather|SunnyDay|[upkeep]\n|upkeep\n|\n|t:|1682014505\n|switch|p2a: Torkoal|Torkoal, L50, M|67\/100\n|turn|5\n|inactive|Alaskan_fisher has 30 seconds left.\n|inactive|Nevun has 30 seconds left.\n|inactive|Alaskan_fisher has 20 seconds left.\n|inactive|Alaskan_fisher has 15 seconds left.\n|\n|t:|1682014548\n|switch|p1b: Iron Hands|Iron Hands, L50|77\/100\n|move|p2a: Torkoal|Helping Hand|p2b: Ceruledge\n|-singleturn|p2b: Ceruledge|Helping Hand|[of] p2a: Torkoal\n|move|p1a: Melameneo|Protect|p1a: Melameneo\n|-singleturn|p1a: Melameneo|Protect\n|move|p2b: Ceruledge|Bitter Blade|p1a: Melameneo\n|-activate|p1a: Melameneo|move: Protect\n|\n|-weather|SunnyDay|[upkeep]\n|upkeep\n|turn|6\n|inactive|Nevun has 30 seconds left.\n|inactive|Nevun has 20 seconds left.\n|\n|t:|1682014587\n|move|p2a: Torkoal|Helping Hand|p2b: Ceruledge\n|-singleturn|p2b: Ceruledge|Helping Hand|[of] p2a: Torkoal\n|move|p1b: Iron Hands|Fake Out|p2a: Torkoal\n|-damage|p2a: Torkoal|57\/100\n|move|p1a: Melameneo|Shadow Ball|p2b: Ceruledge\n|-supereffective|p2b: Ceruledge\n|-enditem|p2b: Ceruledge|Focus Sash\n|-damage|p2b: Ceruledge|1\/100\n|move|p2b: Ceruledge|Bitter Blade|p1a: Melameneo\n|-damage|p1a: Melameneo|0 fnt\n|-heal|p2b: Ceruledge|49\/100|[from] drain|[of] p1a: Melameneo\n|faint|p1a: Melameneo\n|-end|p1a: Melameneo|Protosynthesis|[silent]\n|\n|-weather|SunnyDay|[upkeep]\n|upkeep\n|\n|t:|1682014601\n|switch|p1a: Arcanine|Arcanine, L50, F|64\/100\n|-ability|p1a: Arcanine|Intimidate|boost\n|-unboost|p2a: Torkoal|atk|1\n|-unboost|p2b: Ceruledge|atk|1\n|turn|7\n|\n|t:|1682014626\n|move|p1a: Arcanine|Flare Blitz|p2a: Torkoal\n|-resisted|p2a: Torkoal\n|-damage|p2a: Torkoal|33\/100\n|-damage|p1a: Arcanine|57\/100|[from] Recoil\n|move|p2b: Ceruledge|Poison Jab|p1b: Iron Hands\n|-damage|p1b: Iron Hands|67\/100\n|move|p1b: Iron Hands|Wild Charge|p2b: Ceruledge\n|-damage|p2b: Ceruledge|0 fnt\n|faint|p2b: Ceruledge\n|-damage|p1b: Iron Hands|60\/100|[from] Recoil\n|move|p2a: Torkoal|Earthquake|p1b: Iron Hands|[spread] p1a,p1b\n|-supereffective|p1a: Arcanine\n|-supereffective|p1b: Iron Hands\n|-damage|p1a: Arcanine|35\/100\n|-damage|p1b: Iron Hands|45\/100\n|\n|-weather|SunnyDay|[upkeep]\n|upkeep\n|turn|8\n|inactive|Nevun has 30 seconds left.\n|-message|Nevun forfeited.\n|\n|win|Alaskan_fisher\n|raw|Alaskan_fisher's rating: 1182 → 1200<\/strong> (+18 for winning)\n|raw|Nevun's rating: 1088 → 1071<\/strong> (-17 for losing)\n|l|\u2606Nevun\n","uploadtime":1682014659,"views":12,"p1id":"alaskanfisher","p2id":"nevun","formatid":"gen9vgc2023regulationc","rating":1071,"private":0,"password":""}