{"id":"gen9vgc2023regulationc-1858696506","p1":"BadTimeWithScar","p2":"masterrobvgc","format":"[Gen 9] VGC 2023 Regulation C","log":"|j|\u2606BadTimeWithScar\n|j|\u2606masterrobvgc\n|t:|1683343964\n|gametype|doubles\n|player|p1|BadTimeWithScar|colress|1055\n|player|p2|masterrobvgc|101|1119\n|teamsize|p1|6\n|teamsize|p2|6\n|gen|9\n|tier|[Gen 9] VGC 2023 Regulation C\n|rated|\n|rule|Species Clause: Limit one of each Pok\u00e9mon\n|rule|Item Clause: Limit one of each item\n|clearpoke\n|poke|p1|Pachirisu, L50, M|\n|poke|p1|Gholdengo, L50|\n|poke|p1|Azumarill, L50, M|\n|poke|p1|Chien-Pao, L50|\n|poke|p1|Dragonite, L50, F|\n|poke|p1|Brute Bonnet, L50|\n|poke|p2|Chien-Pao, L50|\n|poke|p2|Flutter Mane, L50|\n|poke|p2|Iron Bundle, L50|\n|poke|p2|Amoonguss, L50, F|\n|poke|p2|Arcanine, L50, M|\n|poke|p2|Iron Hands, L50|\n|teampreview|4\n|inactive|Battle timer is ON: inactive players will automatically lose when time's up. (requested by masterrobvgc)\n|\n|t:|1683343993\n|start\n|switch|p1a: Chien-Pao|Chien-Pao, L50|100\/100\n|switch|p1b: Dragonite|Dragonite, L50, F|100\/100\n|switch|p2a: Iron Bundle|Iron Bundle, L50|100\/100\n|switch|p2b: Iron Hands|Iron Hands, L50|100\/100\n|-ability|p1a: Chien-Pao|Sword of Ruin\n|-enditem|p2a: Iron Bundle|Booster Energy\n|-activate|p2a: Iron Bundle|ability: Quark Drive|[fromitem]\n|-start|p2a: Iron Bundle|quarkdrivespe\n|turn|1\n|inactive|BadTimeWithScar has 30 seconds left.\n|inactive|masterrobvgc has 30 seconds left.\n|\n|t:|1683344026\n|-terastallize|p1a: Chien-Pao|Ghost\n|move|p1a: Chien-Pao|Sucker Punch|p2a: Iron Bundle\n|-damage|p2a: Iron Bundle|48\/100\n|move|p2a: Iron Bundle|Freeze-Dry|p1b: Dragonite\n|-supereffective|p1b: Dragonite\n|-damage|p1b: Dragonite|0 fnt\n|faint|p1b: Dragonite\n|move|p2b: Iron Hands|Drain Punch|p1a: Chien-Pao\n|-immune|p1a: Chien-Pao\n|\n|upkeep\n|\n|t:|1683344039\n|switch|p1b: Pachirisu|Pachirisu, L50, M|100\/100\n|turn|2\n|inactive|masterrobvgc has 30 seconds left.\n|\n|t:|1683344066\n|move|p2a: Iron Bundle|Protect|p2a: Iron Bundle\n|-singleturn|p2a: Iron Bundle|Protect\n|move|p1a: Chien-Pao|Sacred Sword|p2a: Iron Bundle\n|-activate|p2a: Iron Bundle|move: Protect\n|move|p1b: Pachirisu|Super Fang|p2b: Iron Hands\n|-damage|p2b: Iron Hands|50\/100\n|move|p2b: Iron Hands|Drain Punch|p1b: Pachirisu\n|-damage|p1b: Pachirisu|14\/100\n|-heal|p2b: Iron Hands|82\/100|[from] drain|[of] p1b: Pachirisu\n|-enditem|p1b: Pachirisu|Sitrus Berry|[eat]\n|-heal|p1b: Pachirisu|39\/100|[from] item: Sitrus Berry\n|\n|upkeep\n|turn|3\n|\n|t:|1683344084\n|-end|p2a: Iron Bundle|Quark Drive|[silent]\n|switch|p2a: Arcanine|Arcanine, L50, M|100\/100\n|-ability|p2a: Arcanine|Intimidate|boost\n|-unboost|p1a: Chien-Pao|atk|1\n|-unboost|p1b: Pachirisu|atk|1\n|move|p1b: Pachirisu|Follow Me|p1b: Pachirisu\n|-singleturn|p1b: Pachirisu|move: Follow Me\n|move|p1a: Chien-Pao|Sacred Sword|p2a: Arcanine\n|-damage|p2a: Arcanine|67\/100\n|move|p2b: Iron Hands|Drain Punch|p1b: Pachirisu\n|-damage|p1b: Pachirisu|0 fnt\n|-heal|p2b: Iron Hands|96\/100|[from] drain|[of] p1b: Pachirisu\n|faint|p1b: Pachirisu\n|\n|upkeep\n|\n|t:|1683344095\n|switch|p1b: Azumarill|Azumarill, L50, M|100\/100\n|turn|4\n|inactive|masterrobvgc has 30 seconds left.\n|inactive|masterrobvgc has 20 seconds left.\n|\n|t:|1683344130\n|move|p1a: Chien-Pao|Ice Spinner|p2b: Iron Hands\n|-damage|p2b: Iron Hands|72\/100\n|move|p2a: Arcanine|Will-O-Wisp|p1b: Azumarill\n|-status|p1b: Azumarill|brn\n|move|p2b: Iron Hands|Wild Charge|p1a: Chien-Pao\n|-damage|p1a: Chien-Pao|32\/100\n|-damage|p2b: Iron Hands|60\/100|[from] Recoil\n|move|p1b: Azumarill|Liquidation|p2a: Arcanine\n|-supereffective|p2a: Arcanine\n|-damage|p2a: Arcanine|0 fnt\n|faint|p2a: Arcanine\n|\n|-damage|p1b: Azumarill|95\/100 brn|[from] brn\n|upkeep\n|\n|t:|1683344147\n|switch|p2a: Iron Bundle|Iron Bundle, L50|48\/100\n|turn|5\n|\n|t:|1683344154\n|move|p2a: Iron Bundle|Protect|p2a: Iron Bundle\n|-singleturn|p2a: Iron Bundle|Protect\n|move|p1a: Chien-Pao|Sucker Punch||[still]\n|-fail|p1a: Chien-Pao\n|move|p2b: Iron Hands|Wild Charge|p1a: Chien-Pao\n|-damage|p1a: Chien-Pao|0 fnt\n|faint|p1a: Chien-Pao\n|-damage|p2b: Iron Hands|55\/100|[from] Recoil\n|move|p1b: Azumarill|Play Rough|p2b: Iron Hands\n|-supereffective|p2b: Iron Hands\n|-damage|p2b: Iron Hands|16\/100\n|\n|-damage|p1b: Azumarill|89\/100 brn|[from] brn\n|upkeep\n|turn|6\n|inactive|BadTimeWithScar has 30 seconds left.\n|\n|t:|1683344180\n|move|p1b: Azumarill|Aqua Jet|p2b: Iron Hands\n|-damage|p2b: Iron Hands|7\/100\n|move|p2a: Iron Bundle|Freeze-Dry|p1b: Azumarill\n|-supereffective|p1b: Azumarill\n|-damage|p1b: Azumarill|40\/100 brn\n|move|p2b: Iron Hands|Wild Charge|p1b: Azumarill\n|-supereffective|p1b: Azumarill\n|-damage|p1b: Azumarill|0 fnt\n|faint|p1b: Azumarill\n|-damage|p2b: Iron Hands|0 fnt|[from] Recoil\n|faint|p2b: Iron Hands\n|-end|p2b: Iron Hands|Quark Drive|[silent]\n|\n|win|masterrobvgc\n|raw|BadTimeWithScar's rating: 1055 → 1039<\/strong> (-16 for losing)\n|raw|masterrobvgc's rating: 1091 → 1115<\/strong> (+24 for winning)\n|c|\u2606masterrobvgc|Gg\n|l|\u2606BadTimeWithScar\n","uploadtime":1683344303,"views":17,"p1id":"badtimewithscar","p2id":"masterrobvgc","formatid":"gen9vgc2023regulationc","rating":1039,"private":0,"password":""}