{"id":"gen9vgc2023regulationc-1860584118","p1":"soraesc","p2":"BaltimoreBuizels","format":"[Gen 9] VGC 2023 Regulation C","log":"|j|\u2606soraesc\n|j|\u2606BaltimoreBuizels\n|t:|1683656563\n|gametype|doubles\n|player|p1|soraesc|flannery|1119\n|player|p2|BaltimoreBuizels|flannery|1133\n|teamsize|p1|6\n|teamsize|p2|6\n|gen|9\n|tier|[Gen 9] VGC 2023 Regulation C\n|rated|\n|rule|Species Clause: Limit one of each Pok\u00e9mon\n|rule|Item Clause: Limit one of each item\n|clearpoke\n|poke|p1|Palafin, L50, M|\n|poke|p1|Cyclizar, L50, F|\n|poke|p1|Flutter Mane, L50|\n|poke|p1|Amoonguss, L50, F|\n|poke|p1|Armarouge, L50, M|\n|poke|p1|Iron Hands, L50|\n|poke|p2|Dragapult, L50, M|\n|poke|p2|Chien-Pao, L50|\n|poke|p2|Talonflame, L50, F|\n|poke|p2|Iron Bundle, L50|\n|poke|p2|Flutter Mane, L50|\n|poke|p2|Amoonguss, L50, M|\n|teampreview|4\n|inactive|Battle timer is ON: inactive players will automatically lose when time's up. (requested by soraesc)\n|\n|t:|1683656593\n|start\n|switch|p1a: Cyclizar|Cyclizar, L50, F|100\/100\n|switch|p1b: Armarouge|Armarouge, L50, M|100\/100\n|switch|p2a: Gimbob|Iron Bundle, L50, shiny|100\/100\n|switch|p2b: Whimsi-Pao|Chien-Pao, L50|100\/100\n|-ability|p2b: Whimsi-Pao|Sword of Ruin\n|-enditem|p2a: Gimbob|Booster Energy\n|-activate|p2a: Gimbob|ability: Quark Drive|[fromitem]\n|-start|p2a: Gimbob|quarkdrivespe\n|turn|1\n|\n|t:|1683656612\n|switch|p1a: Iron Hands|Iron Hands, L50|100\/100\n|move|p2a: Gimbob|Icy Wind|p1b: Armarouge|[spread] p1b\n|-miss|p2a: Gimbob|p1a: Iron Hands\n|-resisted|p1b: Armarouge\n|-damage|p1b: Armarouge|88\/100\n|-unboost|p1b: Armarouge|spe|1\n|move|p2b: Whimsi-Pao|Sacred Sword|p1a: Iron Hands\n|-damage|p1a: Iron Hands|74\/100\n|move|p1b: Armarouge|Heat Wave|p2b: Whimsi-Pao|[spread] p2b\n|-miss|p1b: Armarouge|p2a: Gimbob\n|-supereffective|p2b: Whimsi-Pao\n|-enditem|p2b: Whimsi-Pao|Focus Sash\n|-damage|p2b: Whimsi-Pao|1\/100\n|\n|upkeep\n|turn|2\n|\n|t:|1683656631\n|move|p1a: Iron Hands|Fake Out|p2a: Gimbob\n|-damage|p2a: Gimbob|76\/100\n|move|p2b: Whimsi-Pao|Sucker Punch|p1b: Armarouge\n|-supereffective|p1b: Armarouge\n|-damage|p1b: Armarouge|2\/100\n|-ability|p1b: Armarouge|Weak Armor|boost\n|-unboost|p1b: Armarouge|def|1\n|-boost|p1b: Armarouge|spe|2\n|-enditem|p1b: Armarouge|Weakness Policy\n|-boost|p1b: Armarouge|atk|2|[from] item: Weakness Policy\n|-boost|p1b: Armarouge|spa|2|[from] item: Weakness Policy\n|cant|p2a: Gimbob|flinch\n|move|p1b: Armarouge|Heat Wave|p2b: Whimsi-Pao|[spread] p2a,p2b\n|-supereffective|p2b: Whimsi-Pao\n|-damage|p2a: Gimbob|0 fnt\n|-damage|p2b: Whimsi-Pao|0 fnt\n|faint|p2a: Gimbob\n|-end|p2a: Gimbob|Quark Drive|[silent]\n|faint|p2b: Whimsi-Pao\n|\n|upkeep\n|\n|t:|1683656634\n|switch|p2a: Fluttercott|Flutter Mane, L50, shiny|100\/100\n|switch|p2b: Turkeyleg|Dragapult, L50, M, shiny|100\/100\n|turn|3\n|\n|t:|1683656650\n|-terastallize|p2a: Fluttercott|Water\n|move|p2b: Turkeyleg|Dragon Darts|p1a: Iron Hands\n|-damage|p1a: Iron Hands|52\/100\n|-anim|p2b: Turkeyleg|Dragon Darts|p1b: Armarouge\n|-damage|p1b: Armarouge|0 fnt\n|faint|p1b: Armarouge\n|-damage|p2b: Turkeyleg|91\/100|[from] item: Life Orb\n|move|p2a: Fluttercott|Dazzling Gleam|p1a: Iron Hands\n|-supereffective|p1a: Iron Hands\n|-damage|p1a: Iron Hands|0 fnt\n|faint|p1a: Iron Hands\n|-end|p1a: Iron Hands|Quark Drive|[silent]\n|\n|upkeep\n|\n|t:|1683656655\n|switch|p1b: Cyclizar|Cyclizar, L50, F|100\/100\n|switch|p1a: Flutter Mane|Flutter Mane, L50|100\/100\n|turn|4\n|\n|t:|1683656669\n|-terastallize|p1a: Flutter Mane|Steel\n|move|p1b: Cyclizar|Breaking Swipe|p2b: Turkeyleg|[spread] p2a,p2b\n|-supereffective|p2b: Turkeyleg\n|-damage|p2a: Fluttercott|75\/100\n|-damage|p2b: Turkeyleg|46\/100\n|-unboost|p2a: Fluttercott|atk|1\n|move|p2b: Turkeyleg|Phantom Force||[still]\n|-prepare|p2b: Turkeyleg|Phantom Force\n|move|p2a: Fluttercott|Dazzling Gleam|p1a: Flutter Mane|[spread] p1a,p1b\n|-resisted|p1a: Flutter Mane\n|-supereffective|p1b: Cyclizar\n|-damage|p1a: Flutter Mane|80\/100\n|-damage|p1b: Cyclizar|0 fnt\n|faint|p1b: Cyclizar\n|move|p1a: Flutter Mane|Dazzling Gleam|p2a: Fluttercott|[spread] p2a\n|-miss|p1a: Flutter Mane|p2b: Turkeyleg\n|-damage|p2a: Fluttercott|44\/100\n|\n|-heal|p1a: Flutter Mane|86\/100|[from] item: Leftovers\n|upkeep\n|turn|5\n|\n|t:|1683656674\n|move|p2b: Turkeyleg|Phantom Force|p1a: Flutter Mane|[from]lockedmove\n|-damage|p1a: Flutter Mane|0 fnt\n|faint|p1a: Flutter Mane\n|-end|p1a: Flutter Mane|Protosynthesis|[silent]\n|-damage|p2b: Turkeyleg|36\/100|[from] item: Life Orb\n|\n|win|BaltimoreBuizels\n|raw|soraesc's rating: 1119 → 1095<\/strong> (-24 for losing)\n|raw|BaltimoreBuizels's rating: 1133 → 1157<\/strong> (+24 for winning)\n|l|\u2606soraesc\n","uploadtime":1683656682,"views":18,"p1id":"soraesc","p2id":"baltimorebuizels","formatid":"gen9vgc2023regulationc","rating":1095,"private":0,"password":""}