{"id":"gen9vgc2023regulationc-1847508147","p1":"Sprye0216","p2":"mt_akn","format":"[Gen 9] VGC 2023 Regulation C","log":"|j|\u2606Sprye0216\n|j|\u2606mt_akn\n|t:|1681964447\n|gametype|doubles\n|player|p1|Sprye0216|skyla|1256\n|player|p2|mt_akn|hilbert|1199\n|teamsize|p1|6\n|teamsize|p2|6\n|gen|9\n|tier|[Gen 9] VGC 2023 Regulation C\n|rated|\n|rule|Species Clause: Limit one of each Pok\u00e9mon\n|rule|Item Clause: Limit one of each item\n|clearpoke\n|poke|p1|Talonflame, L50, F|\n|poke|p1|Garchomp, L50, F|\n|poke|p1|Gholdengo, L50|\n|poke|p1|Palafin, L50, F|\n|poke|p1|Amoonguss, L50, M|\n|poke|p1|Ting-Lu, L50|\n|poke|p2|Tinkaton, L50, F|\n|poke|p2|Arcanine, L50, M|\n|poke|p2|Roaring Moon, L50|\n|poke|p2|Ting-Lu, L50|\n|poke|p2|Murkrow, L50, F|\n|poke|p2|Meowscarada, L50, F|\n|teampreview|4\nSprye0216 has agreed to open team sheets.\n|\n|t:|1681964481\n|start\n|switch|p1a: Talonflame|Talonflame, L50, F|100\/100\n|switch|p1b: Palafin|Palafin, L50, F|100\/100\n|switch|p2a: Tinkaton|Tinkaton, L50, F|100\/100\n|switch|p2b: Roaring Moon|Roaring Moon, L50|100\/100\n|-ability|p2a: Tinkaton|Mold Breaker\n|-enditem|p2b: Roaring Moon|Booster Energy\n|-activate|p2b: Roaring Moon|ability: Protosynthesis|[fromitem]\n|-start|p2b: Roaring Moon|protosynthesisatk\n|turn|1\n|\n|t:|1681964515\n|detailschange|p1b: Palafin|Palafin-Hero, L50, F\n|switch|p1b: Ting-Lu|Ting-Lu, L50|100\/100\n|-ability|p1b: Ting-Lu|Vessel of Ruin\n|move|p2a: Tinkaton|Fake Out|p1a: Talonflame\n|-damage|p1a: Talonflame|91\/100\n|move|p1a: Talonflame|Tailwind|p1a: Talonflame\n|-sidestart|p1: Sprye0216|move: Tailwind\n|move|p2b: Roaring Moon|Dragon Claw|p1b: Ting-Lu\n|-damage|p1b: Ting-Lu|67\/100\n|\n|upkeep\n|turn|2\n|\n|t:|1681964545\n|move|p1a: Talonflame|Will-O-Wisp|p2b: Roaring Moon\n|-status|p2b: Roaring Moon|brn\n|move|p2b: Roaring Moon|Throat Chop|p1a: Talonflame\n|-damage|p1a: Talonflame|51\/100\n|move|p1b: Ting-Lu|Fissure|p2a: Tinkaton|[miss]\n|-miss|p1b: Ting-Lu|p2a: Tinkaton\n|move|p2a: Tinkaton|Gigaton Hammer|p1b: Ting-Lu\n|-damage|p1b: Ting-Lu|42\/100\n|\n|-damage|p2b: Roaring Moon|94\/100 brn|[from] brn\n|upkeep\n|turn|3\n|\n|t:|1681964578\n|switch|p2a: Ting-Lu|Ting-Lu, L50|100\/100\n|-ability|p2a: Ting-Lu|Vessel of Ruin\n|move|p1a: Talonflame|Will-O-Wisp|p2a: Ting-Lu\n|-status|p2a: Ting-Lu|brn\n|move|p2b: Roaring Moon|Dragon Claw|p1a: Talonflame\n|-damage|p1a: Talonflame|17\/100\n|move|p1b: Ting-Lu|Stomping Tantrum|p2a: Ting-Lu\n|-damage|p2a: Ting-Lu|70\/100 brn\n|\n|-damage|p2b: Roaring Moon|88\/100 brn|[from] brn\n|-damage|p2a: Ting-Lu|64\/100 brn|[from] brn\n|upkeep\n|turn|4\n|\n|t:|1681964603\n|switch|p1a: Palafin|Palafin-Hero, L50, F|100\/100\n|-activate|p1a: Palafin|ability: Zero to Hero\n|move|p2b: Roaring Moon|Dragon Claw|p1a: Palafin\n|-damage|p1a: Palafin|73\/100\n|move|p1b: Ting-Lu|Fissure|p2a: Ting-Lu\n|-damage|p2a: Ting-Lu|0 fnt\n|faint|p2a: Ting-Lu\n|-ohko\n|\n|-damage|p2b: Roaring Moon|82\/100 brn|[from] brn\n|-sideend|p1: Sprye0216|move: Tailwind\n|upkeep\n|\n|t:|1681964610\n|switch|p2a: Meowscarada|Meowscarada, L50, F|100\/100\n|turn|5\n|\n|t:|1681964630\n|switch|p1b: Talonflame|Talonflame, L50, F|17\/100\n|-terastallize|p2a: Meowscarada|Grass\n|move|p1a: Palafin|Protect|p1a: Palafin\n|-singleturn|p1a: Palafin|Protect\n|move|p2a: Meowscarada|Flower Trick|p1a: Palafin\n|-activate|p1a: Palafin|move: Protect\n|move|p2b: Roaring Moon|Iron Head|p1b: Talonflame\n|-resisted|p1b: Talonflame\n|-damage|p1b: Talonflame|5\/100\n|\n|-damage|p2b: Roaring Moon|76\/100 brn|[from] brn\n|upkeep\n|turn|6\n|\n|t:|1681964665\n|switch|p2a: Tinkaton|Tinkaton, L50, F|100\/100\n|-ability|p2a: Tinkaton|Mold Breaker\n|move|p1a: Palafin|Jet Punch|p2b: Roaring Moon\n|-resisted|p2b: Roaring Moon\n|-damage|p2b: Roaring Moon|42\/100 brn\n|move|p1b: Talonflame|Tailwind|p1b: Talonflame\n|-sidestart|p1: Sprye0216|move: Tailwind\n|move|p2b: Roaring Moon|Dragon Claw|p1b: Talonflame\n|-damage|p1b: Talonflame|0 fnt\n|faint|p1b: Talonflame\n|\n|-damage|p2b: Roaring Moon|36\/100 brn|[from] brn\n|upkeep\n|\n|t:|1681964678\n|switch|p1b: Garchomp|Garchomp, L50, F|100\/100\n|turn|7\n|\n|t:|1681964698\n|-terastallize|p1b: Garchomp|Fire\n|move|p1a: Palafin|Protect|p1a: Palafin\n|-singleturn|p1a: Palafin|Protect\n|move|p2a: Tinkaton|Fake Out|p1b: Garchomp\n|-damage|p1b: Garchomp|92\/100\n|-damage|p2a: Tinkaton|88\/100|[from] ability: Rough Skin|[of] p1b: Garchomp\n|cant|p1b: Garchomp|flinch\n|move|p2b: Roaring Moon|Dragon Claw|p1b: Garchomp\n|-damage|p1b: Garchomp|62\/100\n|-damage|p2b: Roaring Moon|24\/100 brn|[from] ability: Rough Skin|[of] p1b: Garchomp\n|\n|-damage|p2b: Roaring Moon|18\/100 brn|[from] brn\n|upkeep\n|turn|8\n|\n|t:|1681964729\n|move|p1a: Palafin|Jet Punch|p2b: Roaring Moon\n|-resisted|p2b: Roaring Moon\n|-damage|p2b: Roaring Moon|0 fnt\n|faint|p2b: Roaring Moon\n|-end|p2b: Roaring Moon|Protosynthesis|[silent]\n|move|p2a: Tinkaton|Baby-Doll Eyes|p1a: Palafin\n|-unboost|p1a: Palafin|atk|1\n|move|p1b: Garchomp|Stomping Tantrum|p2a: Tinkaton\n|-supereffective|p2a: Tinkaton\n|-damage|p2a: Tinkaton|0 fnt\n|faint|p2a: Tinkaton\n|\n|upkeep\n|\n|t:|1681964734\n|switch|p2a: Meowscarada|Meowscarada, L50, F, tera:Grass|100\/100\n|turn|9\n|\n|t:|1681964749\n|move|p1a: Palafin|Jet Punch|p2a: Meowscarada\n|-resisted|p2a: Meowscarada\n|-damage|p2a: Meowscarada|76\/100\n|move|p1b: Garchomp|Rock Slide|p2a: Meowscarada\n|-damage|p2a: Meowscarada|29\/100\n|cant|p2a: Meowscarada|flinch\n|\n|-sideend|p1: Sprye0216|move: Tailwind\n|upkeep\n|turn|10\n|-message|mt_akn forfeited.\n|\n|win|Sprye0216\n|raw|Sprye0216's rating: 1256 → 1277<\/strong> (+21 for winning)\n|raw|mt_akn's rating: 1199 → 1178<\/strong> (-21 for losing)\n|l|\u2606mt_akn\n","uploadtime":1681964762,"views":2,"p1id":"sprye0216","p2id":"mtakn","formatid":"gen9vgc2023regulationc","rating":1178,"private":0,"password":""}