{"id":"gen9vgc2023regulationc-1861290354","p1":"MaxYoo","p2":"Arcacagne","format":"[Gen 9] VGC 2023 Regulation C","log":"|j|\u2606MaxYoo\n|j|\u2606Arcacagne\n|t:|1683742936\n|gametype|doubles\n|player|p1|MaxYoo|169|1311\n|player|p2|Arcacagne|265|1209\n|teamsize|p1|6\n|teamsize|p2|6\n|gen|9\n|tier|[Gen 9] VGC 2023 Regulation C\n|rated|\n|rule|Species Clause: Limit one of each Pok\u00e9mon\n|rule|Item Clause: Limit one of each item\n|clearpoke\n|poke|p1|Dragonite, L50, F|\n|poke|p1|Chien-Pao, L50|\n|poke|p1|Murkrow, L50, M|\n|poke|p1|Gholdengo, L50|\n|poke|p1|Chi-Yu, L50|\n|poke|p1|Roaring Moon, L50|\n|poke|p2|Chi-Yu, L50|\n|poke|p2|Flutter Mane, L50|\n|poke|p2|Amoonguss, L50, F|\n|poke|p2|Palafin, L50, M|\n|poke|p2|Iron Hands, L50|\n|poke|p2|Arcanine, L50, F|\n|teampreview|4\n|\n|t:|1683742967\n|start\n|switch|p1a: Roaring Moon|Roaring Moon, L50|100\/100\n|switch|p1b: Murkrow|Murkrow, L50, M|100\/100\n|switch|p2a: Chi-Yu|Chi-Yu, L50|100\/100\n|switch|p2b: Iron Hands|Iron Hands, L50|100\/100\n|-ability|p2a: Chi-Yu|Beads of Ruin\n|-enditem|p1a: Roaring Moon|Booster Energy\n|-activate|p1a: Roaring Moon|ability: Protosynthesis|[fromitem]\n|-start|p1a: Roaring Moon|protosynthesisatk\n|turn|1\n|inactive|Battle timer is ON: inactive players will automatically lose when time's up. (requested by Arcacagne)\n|\n|t:|1683742997\n|move|p1a: Roaring Moon|Protect|p1a: Roaring Moon\n|-singleturn|p1a: Roaring Moon|Protect\n|move|p2b: Iron Hands|Fake Out|p1a: Roaring Moon\n|-activate|p1a: Roaring Moon|move: Protect\n|move|p1b: Murkrow|Tailwind|p1b: Murkrow\n|-sidestart|p1: MaxYoo|move: Tailwind\n|move|p2a: Chi-Yu|Nasty Plot|p2a: Chi-Yu\n|-boost|p2a: Chi-Yu|spa|2\n|\n|upkeep\n|turn|2\n|\n|t:|1683743020\n|-terastallize|p1a: Roaring Moon|Ground\n|-terastallize|p2a: Chi-Yu|Water\n|move|p1a: Roaring Moon|Earthquake|p2a: Chi-Yu|[spread] p2a,p2b\n|-immune|p1b: Murkrow\n|-supereffective|p2b: Iron Hands\n|-damage|p2a: Chi-Yu|31\/100\n|-damage|p2b: Iron Hands|28\/100\n|move|p1b: Murkrow|Foul Play|p2a: Chi-Yu\n|-damage|p2a: Chi-Yu|3\/100\n|move|p2a: Chi-Yu|Heat Wave|p1a: Roaring Moon|[spread] p1a,p1b\n|-damage|p1a: Roaring Moon|14\/100\n|-damage|p1b: Murkrow|0 fnt\n|faint|p1b: Murkrow\n|move|p2b: Iron Hands|Drain Punch|p1a: Roaring Moon\n|-damage|p1a: Roaring Moon|0 fnt\n|-heal|p2b: Iron Hands|33\/100|[from] drain|[of] p1a: Roaring Moon\n|faint|p1a: Roaring Moon\n|-end|p1a: Roaring Moon|Protosynthesis|[silent]\n|\n|upkeep\n|\n|t:|1683743041\n|switch|p1a: Chi-Yu|Chi-Yu, L50|100\/100\n|switch|p1b: Chien-Pao|Chien-Pao, L50|100\/100\n|-ability|p1b: Chien-Pao|Sword of Ruin\n|-ability|p1a: Chi-Yu|Beads of Ruin\n|turn|3\n|\n|t:|1683743055\n|-end|p2b: Iron Hands|Quark Drive|[silent]\n|switch|p2b: Arcanine|Arcanine, L50, F|100\/100\n|-ability|p2b: Arcanine|Intimidate|boost\n|-unboost|p1a: Chi-Yu|atk|1\n|-unboost|p1b: Chien-Pao|atk|1\n|move|p2a: Chi-Yu|Protect|p2a: Chi-Yu\n|-singleturn|p2a: Chi-Yu|Protect\n|move|p1b: Chien-Pao|Ice Spinner|p2b: Arcanine\n|-resisted|p2b: Arcanine\n|-damage|p2b: Arcanine|84\/100\n|move|p1a: Chi-Yu|Heat Wave|p2a: Chi-Yu|[spread] p2b\n|-activate|p2a: Chi-Yu|move: Protect\n|-resisted|p2b: Arcanine\n|-damage|p2b: Arcanine|60\/100\n|\n|upkeep\n|turn|4\n|\n|t:|1683743078\n|move|p1b: Chien-Pao|Protect|p1b: Chien-Pao\n|-singleturn|p1b: Chien-Pao|Protect\n|move|p1a: Chi-Yu|Dark Pulse|p2b: Arcanine\n|-damage|p2b: Arcanine|0 fnt\n|faint|p2b: Arcanine\n|move|p2a: Chi-Yu|Heat Wave|p1b: Chien-Pao|[spread] p1a\n|-activate|p1b: Chien-Pao|move: Protect\n|-resisted|p1a: Chi-Yu\n|-damage|p1a: Chi-Yu|68\/100\n|\n|-sideend|p1: MaxYoo|move: Tailwind\n|upkeep\n|\n|t:|1683743093\n|switch|p2b: Iron Hands|Iron Hands, L50|33\/100\n|turn|5\n|\n|t:|1683743107\n|move|p2b: Iron Hands|Fake Out|p1b: Chien-Pao\n|-damage|p1b: Chien-Pao|82\/100\n|cant|p1b: Chien-Pao|flinch\n|move|p1a: Chi-Yu|Heat Wave|p2a: Chi-Yu|[spread] p2a,p2b\n|-resisted|p2a: Chi-Yu\n|-damage|p2a: Chi-Yu|0 fnt\n|-damage|p2b: Iron Hands|0 fnt\n|faint|p2a: Chi-Yu\n|faint|p2b: Iron Hands\n|-end|p2b: Iron Hands|Quark Drive|[silent]\n|\n|upkeep\n|\n|t:|1683743118\n|switch|p2b: Amoonguss|Amoonguss, L50, F|100\/100\n|turn|6\n|-message|Arcacagne forfeited.\n|\n|win|MaxYoo\n|raw|MaxYoo's rating: 1311 → 1325<\/strong> (+14 for winning)\n|raw|Arcacagne's rating: 1209 → 1191<\/strong> (-18 for losing)\n","uploadtime":1683743125,"views":15,"p1id":"maxyoo","p2id":"arcacagne","formatid":"gen9vgc2023regulationc","rating":1191,"private":0,"password":""}