{"id":"gen9vgc2023regulationc-1862063197","p1":"Luxanse","p2":"KRFAN07","format":"[Gen 9] VGC 2023 Regulation C","log":"|j|\u2606Luxanse\n|j|\u2606KRFAN07\n|t:|1683833328\n|gametype|doubles\n|player|p1|Luxanse|grimsley|\n|player|p2|KRFAN07|265|\n|teamsize|p1|6\n|teamsize|p2|6\n|gen|9\n|tier|[Gen 9] VGC 2023 Regulation C\n|rule|Species Clause: Limit one of each Pok\u00e9mon\n|rule|Item Clause: Limit one of each item\n|clearpoke\n|poke|p1|Amoonguss, L50, F|\n|poke|p1|Flutter Mane, L50|\n|poke|p1|Arcanine, L50, M|\n|poke|p1|Palafin, L50, M|\n|poke|p1|Baxcalibur, L50, M|\n|poke|p1|Iron Hands, L50|\n|poke|p2|Chien-Pao, L50|\n|poke|p2|Great Tusk, L50|\n|poke|p2|Flutter Mane, L50|\n|poke|p2|Arcanine, L50, M|\n|poke|p2|Iron Bundle, L50|\n|poke|p2|Amoonguss, L50, F|\n|teampreview|4\nKRFAN07 has agreed to open team sheets.\nLuxanse has agreed to open team sheets.\n|c|\u2606Luxanse|1 sec\n|c|\u2606KRFAN07|cool\n|\n|t:|1683833441\n|start\n|switch|p1a: Palafin|Palafin, L50, M|100\/100\n|switch|p1b: Flutter Mane|Flutter Mane, L50|100\/100\n|switch|p2a: Iron Bundle|Iron Bundle, L50|100\/100\n|switch|p2b: Flutter Mane|Flutter Mane, L50|100\/100\n|-enditem|p2a: Iron Bundle|Booster Energy\n|-activate|p2a: Iron Bundle|ability: Quark Drive|[fromitem]\n|-start|p2a: Iron Bundle|quarkdrivespe\n|-enditem|p1b: Flutter Mane|Booster Energy\n|-activate|p1b: Flutter Mane|ability: Protosynthesis|[fromitem]\n|-start|p1b: Flutter Mane|protosynthesisspe\n|turn|1\n|c|\u2606Luxanse|aight glhf\n|c|\u2606KRFAN07|glhf\n|\n|t:|1683833506\n|-end|p2b: Flutter Mane|Protosynthesis|[silent]\n|switch|p2b: Amoonguss|Amoonguss, L50, F|100\/100\n|-terastallize|p1b: Flutter Mane|Fairy\n|move|p1a: Palafin|Protect|p1a: Palafin\n|-singleturn|p1a: Palafin|Protect\n|move|p2a: Iron Bundle|Hydro Pump|p1b: Flutter Mane\n|-damage|p1b: Flutter Mane|50\/100\n|move|p1b: Flutter Mane|Moonblast|p2a: Iron Bundle\n|-damage|p2a: Iron Bundle|0 fnt\n|faint|p2a: Iron Bundle\n|-end|p2a: Iron Bundle|Quark Drive|[silent]\n|\n|upkeep\n|\n|t:|1683833529\n|switch|p2a: Flutter Mane|Flutter Mane, L50|100\/100\n|turn|2\n|\n|t:|1683833547\n|detailschange|p1a: Palafin|Palafin-Hero, L50, M\n|switch|p1a: Iron Hands|Iron Hands, L50|100\/100\n|move|p1b: Flutter Mane|Protect|p1b: Flutter Mane\n|-singleturn|p1b: Flutter Mane|Protect\n|move|p2b: Amoonguss|Rage Powder|p2b: Amoonguss\n|-singleturn|p2b: Amoonguss|move: Rage Powder\n|move|p2a: Flutter Mane|Dazzling Gleam|p1b: Flutter Mane|[spread] p1a\n|-activate|p1b: Flutter Mane|move: Protect\n|-supereffective|p1a: Iron Hands\n|-damage|p1a: Iron Hands|56\/100\n|\n|upkeep\n|turn|3\n|\n|t:|1683833597\n|move|p1a: Iron Hands|Fake Out|p2b: Amoonguss\n|-damage|p2b: Amoonguss|90\/100\n|cant|p2b: Amoonguss|flinch\n|move|p1b: Flutter Mane|Shadow Ball|p2a: Flutter Mane\n|-supereffective|p2a: Flutter Mane\n|-damage|p2a: Flutter Mane|20\/100\n|move|p2a: Flutter Mane|Dazzling Gleam|p1a: Iron Hands|[spread] p1a,p1b\n|-supereffective|p1a: Iron Hands\n|-damage|p1a: Iron Hands|15\/100\n|-damage|p1b: Flutter Mane|7\/100\n|\n|upkeep\n|turn|4\n|\n|t:|1683833618\n|move|p2b: Amoonguss|Rage Powder|p2b: Amoonguss\n|-singleturn|p2b: Amoonguss|move: Rage Powder\n|move|p1b: Flutter Mane|Dazzling Gleam|p2b: Amoonguss|[spread] p2a,p2b\n|-resisted|p2b: Amoonguss\n|-damage|p2a: Flutter Mane|0 fnt\n|-damage|p2b: Amoonguss|71\/100\n|faint|p2a: Flutter Mane\n|-end|p2a: Flutter Mane|Protosynthesis|[silent]\n|move|p1a: Iron Hands|Volt Switch|p2b: Amoonguss\n|-resisted|p2b: Amoonguss\n|-damage|p2b: Amoonguss|66\/100\n|\n|t:|1683833625\n|-end|p1a: Iron Hands|Quark Drive|[silent]\n|switch|p1a: Baxcalibur|Baxcalibur, L50, M|100\/100|[from] Volt Switch\n|\n|upkeep\n|\n|t:|1683833629\n|switch|p2a: Great Tusk|Great Tusk, L50|100\/100\n|turn|5\n|\n|t:|1683833679\n|-terastallize|p2a: Great Tusk|Fire\n|move|p1a: Baxcalibur|Protect|p1a: Baxcalibur\n|-singleturn|p1a: Baxcalibur|Protect\n|move|p1b: Flutter Mane|Dazzling Gleam|p2b: Amoonguss|[spread] p2a,p2b\n|-resisted|p2a: Great Tusk\n|-resisted|p2b: Amoonguss\n|-damage|p2a: Great Tusk|71\/100\n|-damage|p2b: Amoonguss|46\/100\n|move|p2a: Great Tusk|Close Combat|p1a: Baxcalibur\n|-activate|p1a: Baxcalibur|move: Protect\n|move|p2b: Amoonguss|Pollen Puff|p1b: Flutter Mane\n|-resisted|p1b: Flutter Mane\n|-damage|p1b: Flutter Mane|0 fnt\n|faint|p1b: Flutter Mane\n|-end|p1b: Flutter Mane|Protosynthesis|[silent]\n|\n|upkeep\n|\n|t:|1683833694\n|switch|p1b: Iron Hands|Iron Hands, L50|15\/100\n|turn|6\n|\n|t:|1683833713\n|move|p2b: Amoonguss|Protect|p2b: Amoonguss\n|-singleturn|p2b: Amoonguss|Protect\n|move|p1b: Iron Hands|Fake Out|p2a: Great Tusk\n|-damage|p2a: Great Tusk|60\/100\n|cant|p2a: Great Tusk|flinch\n|move|p1a: Baxcalibur|Glaive Rush|p2a: Great Tusk\n|-damage|p2a: Great Tusk|10\/100\n|-singlemove|p1a: Baxcalibur|Glaive Rush|[silent]\n|\n|upkeep\n|turn|7\n|\n|t:|1683833752\n|move|p1a: Baxcalibur|Ice Shard|p2b: Amoonguss\n|-supereffective|p2b: Amoonguss\n|-enditem|p2b: Amoonguss|Yache Berry|[eat]\n|-enditem|p2b: Amoonguss|Yache Berry|[weaken]\n|-damage|p2b: Amoonguss|29\/100\n|move|p2a: Great Tusk|Close Combat|p1b: Iron Hands\n|-damage|p1b: Iron Hands|0 fnt\n|-unboost|p2a: Great Tusk|def|1\n|-unboost|p2a: Great Tusk|spd|1\n|faint|p1b: Iron Hands\n|-end|p1b: Iron Hands|Quark Drive|[silent]\n|move|p2b: Amoonguss|Pollen Puff|p2a: Great Tusk\n|-heal|p2a: Great Tusk|60\/100\n|\n|upkeep\n|\n|t:|1683833758\n|switch|p1b: Palafin|Palafin-Hero, L50, M|100\/100\n|-activate|p1b: Palafin|ability: Zero to Hero\n|turn|8\n|\n|t:|1683833779\n|move|p2b: Amoonguss|Rage Powder|p2b: Amoonguss\n|-singleturn|p2b: Amoonguss|move: Rage Powder\n|move|p1a: Baxcalibur|Ice Shard|p2b: Amoonguss\n|-supereffective|p2b: Amoonguss\n|-damage|p2b: Amoonguss|0 fnt\n|faint|p2b: Amoonguss\n|move|p2a: Great Tusk|Close Combat|p1b: Palafin\n|-damage|p1b: Palafin|40\/100\n|-unboost|p2a: Great Tusk|def|1\n|-unboost|p2a: Great Tusk|spd|1\n|move|p1b: Palafin|Wave Crash|p2a: Great Tusk\n|-supereffective|p2a: Great Tusk\n|-damage|p2a: Great Tusk|0 fnt\n|faint|p2a: Great Tusk\n|-end|p2a: Great Tusk|Protosynthesis|[silent]\n|-damage|p1b: Palafin|20\/100|[from] Recoil\n|\n|win|Luxanse\n|c|\u2606Luxanse|gg\n|c|\u2606KRFAN07|gg\n|c|\u2606Luxanse|should we do game 3 as well or?\n|c|\u2606KRFAN07|yeah don't mind\n|c|\u2606Luxanse|Aight bet\n|l|\u2606Luxanse\n|j|\u2606Luxanse\n|player|p1|Luxanse|grimsley\n|l|\u2606KRFAN07\n","uploadtime":1683834664,"views":15,"p1id":"luxanse","p2id":"krfan07","formatid":"gen9vgc2023regulationc","rating":0,"private":0,"password":""}