{"id":"gen9vgc2023regulationc-1852622312","p1":"nrainey90","p2":"Raicune28","format":"[Gen 9] VGC 2023 Regulation C","log":"|j|\u2606nrainey90\n|j|\u2606Raicune28\n|t:|1682586799\n|gametype|doubles\n|player|p1|nrainey90|101|1118\n|player|p2|Raicune28|lance|1155\n|teamsize|p1|6\n|teamsize|p2|6\n|gen|9\n|tier|[Gen 9] VGC 2023 Regulation C\n|rated|\n|rule|Species Clause: Limit one of each Pok\u00e9mon\n|rule|Item Clause: Limit one of each item\n|clearpoke\n|poke|p1|Wo-Chien, L50|\n|poke|p1|Garganacl, L50, F|\n|poke|p1|Glimmora, L50, M|\n|poke|p1|Dondozo, L50, M|\n|poke|p1|Tatsugiri, L50, F|\n|poke|p1|Flutter Mane, L50|\n|poke|p2|Orthworm, L50, M|\n|poke|p2|Dragonite, L50, F|\n|poke|p2|Ting-Lu, L50|\n|poke|p2|Gyarados, L50, F|\n|poke|p2|Flutter Mane, L50|\n|poke|p2|Chien-Pao, L50|\n|teampreview|4\n|\n|t:|1682586869\n|start\n|switch|p1a: Glimmora|Glimmora, L50, M|100\/100\n|switch|p1b: Dondozo|Dondozo, L50, M|100\/100\n|switch|p2a: Orthworm|Orthworm, L50, M|100\/100\n|switch|p2b: Dragonite|Dragonite, L50, F|100\/100\n|turn|1\n|\n|t:|1682586887\n|switch|p1a: Tatsugiri|Tatsugiri, L50, F|100\/100\n|-activate|p1a: Tatsugiri|ability: Commander|[of] p1b: Dondozo\n|-boost|p1b: Dondozo|atk|2\n|-boost|p1b: Dondozo|spa|2\n|-boost|p1b: Dondozo|spe|2\n|-boost|p1b: Dondozo|def|2\n|-boost|p1b: Dondozo|spd|2\n|move|p2b: Dragonite|Dragon Dance|p2b: Dragonite\n|-boost|p2b: Dragonite|atk|1\n|-boost|p2b: Dragonite|spe|1\n|move|p1b: Dondozo|Order Up|p2b: Dragonite\n|-supereffective|p2b: Dragonite\n|-damage|p2b: Dragonite|61\/100\n|-boost|p1b: Dondozo|atk|1\n|move|p2a: Orthworm|Iron Defense|p2a: Orthworm\n|-boost|p2a: Orthworm|def|2\n|\n|upkeep\n|turn|2\n|\n|t:|1682586920\n|-terastallize|p2b: Dragonite|Flying\n|move|p2b: Dragonite|Tera Blast|p1b: Dondozo\n|-damage|p1b: Dondozo|86\/100\n|move|p1b: Dondozo|Order Up|p2b: Dragonite\n|-damage|p2b: Dragonite|14\/100\n|-boost|p1b: Dondozo|atk|1\n|move|p2a: Orthworm|Shed Tail|p2a: Orthworm\n|-start|p2a: Orthworm|Substitute|[from] move: Shed Tail\n|-damage|p2a: Orthworm|50\/100\n|-enditem|p2a: Orthworm|Sitrus Berry|[eat]\n|-heal|p2a: Orthworm|75\/100|[from] item: Sitrus Berry\n|\n|t:|1682586932\n|switch|p2a: Chien-Pao|Chien-Pao, L50|100\/100|[from] Shed Tail\n|-ability|p2a: Chien-Pao|Sword of Ruin\n|\n|upkeep\n|turn|3\n|\n|t:|1682586959\n|move|p2b: Dragonite|Extreme Speed|p1b: Dondozo\n|-damage|p1b: Dondozo|74\/100\n|move|p2a: Chien-Pao|Haze|p2a: Chien-Pao\n|-clearallboost\n|move|p1b: Dondozo|Earthquake|p2a: Chien-Pao|[spread] p2a\n|-miss|p1b: Dondozo|p1a: Tatsugiri\n|-immune|p2b: Dragonite\n|-activate|p2a: Chien-Pao|move: Substitute|[damage]\n|\n|upkeep\n|turn|4\n|\n|t:|1682586990\n|move|p2a: Chien-Pao|Sucker Punch|p1b: Dondozo\n|-damage|p1b: Dondozo|49\/100\n|-enditem|p1b: Dondozo|Sitrus Berry|[eat]\n|-heal|p1b: Dondozo|74\/100|[from] item: Sitrus Berry\n|move|p2b: Dragonite|Dragon Dance|p2b: Dragonite\n|-boost|p2b: Dragonite|atk|1\n|-boost|p2b: Dragonite|spe|1\n|move|p1b: Dondozo|Order Up|p2b: Dragonite\n|-damage|p2b: Dragonite|0 fnt\n|faint|p2b: Dragonite\n|-boost|p1b: Dondozo|atk|1\n|\n|upkeep\n|\n|t:|1682587004\n|switch|p2b: Orthworm|Orthworm, L50, M|75\/100\n|turn|5\n|\n|t:|1682587014\n|move|p2a: Chien-Pao|Haze|p2a: Chien-Pao\n|-clearallboost\n|move|p2b: Orthworm|Iron Defense|p2b: Orthworm\n|-boost|p2b: Orthworm|def|2\n|move|p1b: Dondozo|Order Up|p2b: Orthworm\n|-resisted|p2b: Orthworm\n|-damage|p2b: Orthworm|68\/100\n|-boost|p1b: Dondozo|atk|1\n|\n|upkeep\n|turn|6\n|\n|t:|1682587036\n|move|p2a: Chien-Pao|Sucker Punch|p1b: Dondozo\n|-damage|p1b: Dondozo|49\/100\n|move|p2b: Orthworm|Body Press|p1b: Dondozo\n|-damage|p1b: Dondozo|25\/100\n|move|p1b: Dondozo|Order Up|p2b: Orthworm\n|-resisted|p2b: Orthworm\n|-damage|p2b: Orthworm|56\/100\n|-boost|p1b: Dondozo|atk|1\n|\n|upkeep\n|turn|7\n|\n|t:|1682587060\n|move|p2a: Chien-Pao|Sucker Punch|p1b: Dondozo\n|-damage|p1b: Dondozo|0 fnt\n|faint|p1b: Dondozo\n|move|p2b: Orthworm|Body Press|p1a: Tatsugiri\n|-enditem|p1a: Tatsugiri|Focus Sash\n|-damage|p1a: Tatsugiri|1\/100\n|\n|upkeep\n|\n|t:|1682587072\n|switch|p1b: Flutter Mane|Flutter Mane, L50|100\/100\n|-enditem|p1b: Flutter Mane|Booster Energy\n|-activate|p1b: Flutter Mane|ability: Protosynthesis|[fromitem]\n|-start|p1b: Flutter Mane|protosynthesisspe\n|turn|8\n|\n|t:|1682587093\n|move|p1b: Flutter Mane|Protect|p1b: Flutter Mane\n|-singleturn|p1b: Flutter Mane|Protect\n|move|p2a: Chien-Pao|Ice Spinner|p1b: Flutter Mane\n|-activate|p1b: Flutter Mane|move: Protect\n|move|p1a: Tatsugiri|Draco Meteor|p2b: Orthworm\n|-resisted|p2b: Orthworm\n|-damage|p2b: Orthworm|19\/100\n|-unboost|p1a: Tatsugiri|spa|2\n|move|p2b: Orthworm|Heavy Slam|p1b: Flutter Mane\n|-activate|p1b: Flutter Mane|move: Protect\n|\n|upkeep\n|turn|9\n|\n|t:|1682587139\n|-terastallize|p1b: Flutter Mane|Fairy\n|move|p2a: Chien-Pao|Sucker Punch|p1a: Tatsugiri\n|-damage|p1a: Tatsugiri|0 fnt\n|faint|p1a: Tatsugiri\n|move|p1b: Flutter Mane|Dazzling Gleam|p2b: Orthworm|[spread] p2a,p2b\n|-supereffective|p2a: Chien-Pao\n|-end|p2a: Chien-Pao|Substitute\n|-resisted|p2b: Orthworm\n|-damage|p2b: Orthworm|0 fnt\n|faint|p2b: Orthworm\n|\n|upkeep\n|\n|t:|1682587151\n|switch|p1a: Glimmora|Glimmora, L50, M|100\/100\n|switch|p2b: Ting-Lu|Ting-Lu, L50|100\/100\n|-ability|p2b: Ting-Lu|Vessel of Ruin\n|turn|10\n|\n|t:|1682587169\n|move|p2a: Chien-Pao|Protect|p2a: Chien-Pao\n|-singleturn|p2a: Chien-Pao|Protect\n|move|p1b: Flutter Mane|Dazzling Gleam|p2a: Chien-Pao|[spread] p2b\n|-activate|p2a: Chien-Pao|move: Protect\n|-supereffective|p2b: Ting-Lu\n|-damage|p2b: Ting-Lu|50\/100\n|move|p1a: Glimmora|Mortal Spin|p2a: Chien-Pao|[spread] p2b\n|-activate|p2a: Chien-Pao|move: Protect\n|-resisted|p2b: Ting-Lu\n|-damage|p2b: Ting-Lu|48\/100\n|-status|p2b: Ting-Lu|psn\n|move|p2b: Ting-Lu|Bulldoze|p1b: Flutter Mane|[spread] p1a,p1b\n|-activate|p2a: Chien-Pao|move: Protect\n|-supereffective|p1a: Glimmora\n|-damage|p1a: Glimmora|0 fnt\n|-damage|p1b: Flutter Mane|20\/100\n|-unboost|p1b: Flutter Mane|spe|1\n|-activate|p1a: Glimmora|ability: Toxic Debris\n|-sidestart|p2: Raicune28|move: Toxic Spikes\n|faint|p1a: Glimmora\n|\n|-damage|p2b: Ting-Lu|36\/100 psn|[from] psn\n|upkeep\n|turn|11\n|\n|t:|1682587195\n|move|p2a: Chien-Pao|Sucker Punch|p1b: Flutter Mane\n|-resisted|p1b: Flutter Mane\n|-damage|p1b: Flutter Mane|0 fnt\n|faint|p1b: Flutter Mane\n|-end|p1b: Flutter Mane|Protosynthesis|[silent]\n|\n|win|Raicune28\n|raw|nrainey90's rating: 1118 → 1096<\/strong> (-22 for losing)\n|raw|Raicune28's rating: 1155 → 1177<\/strong> (+22 for winning)\n|c|\u2606Raicune28|gg\n|l|\u2606nrainey90\n","uploadtime":1682587253,"views":18,"p1id":"nrainey90","p2id":"raicune28","formatid":"gen9vgc2023regulationc","rating":1096,"private":0,"password":""}