{"id":"gen9vgc2023regulationc-1854431840","p1":"darcona","p2":"HazeOneTrick","format":"[Gen 9] VGC 2023 Regulation C","log":"|j|\u2606darcona\n|j|\u2606HazeOneTrick\n|t:|1682810115\n|gametype|doubles\n|player|p1|darcona|265|1307\n|player|p2|HazeOneTrick|acetrainer-gen6xy|1357\n|teamsize|p1|6\n|teamsize|p2|6\n|gen|9\n|tier|[Gen 9] VGC 2023 Regulation C\n|rated|\n|rule|Species Clause: Limit one of each Pok\u00e9mon\n|rule|Item Clause: Limit one of each item\n|clearpoke\n|poke|p1|Murkrow, L50, F|\n|poke|p1|Gholdengo, L50|\n|poke|p1|Chi-Yu, L50|\n|poke|p1|Dachsbun, L50, F|\n|poke|p1|Flutter Mane, L50|\n|poke|p1|Pawmot, L50, M|\n|poke|p2|Iron Hands, L50|\n|poke|p2|Flutter Mane, L50|\n|poke|p2|Chi-Yu, L50|\n|poke|p2|Amoonguss, L50, F|\n|poke|p2|Bronzong, L50|\n|poke|p2|Gyarados, L50, M|\n|teampreview|4\n|inactive|Battle timer is ON: inactive players will automatically lose when time's up. (requested by darcona)\nHazeOneTrick has agreed to open team sheets.\n|inactive|darcona has 60 seconds left.\n|inactive|HazeOneTrick has 60 seconds left.\n|inactive|HazeOneTrick has 30 seconds left.\n|inactive|HazeOneTrick has 20 seconds left.\n|inactive|HazeOneTrick has 15 seconds left.\n|inactive|HazeOneTrick has 10 seconds left.\n|\n|t:|1682810200\n|start\n|switch|p1a: Chi-Yu|Chi-Yu, L50|100\/100\n|switch|p1b: Flutter Mane|Flutter Mane, L50|100\/100\n|switch|p2a: Flutter Mane|Flutter Mane, L50|100\/100\n|switch|p2b: Bronzong|Bronzong, L50|100\/100\n|-ability|p1a: Chi-Yu|Beads of Ruin\n|turn|1\n|inactive|darcona has 30 seconds left.\n|\n|t:|1682810233\n|-end|p1b: Flutter Mane|Protosynthesis|[silent]\n|switch|p1b: Pawmot|Pawmot, L50, M|100\/100\n|-terastallize|p1a: Chi-Yu|Fire\n|-terastallize|p2b: Bronzong|Water\n|move|p1a: Chi-Yu|Heat Wave|p2b: Bronzong|[spread] p2b\n|-miss|p1a: Chi-Yu|p2a: Flutter Mane\n|-resisted|p2b: Bronzong\n|-damage|p2b: Bronzong|75\/100\n|move|p2a: Flutter Mane|Dazzling Gleam|p1b: Pawmot|[spread] p1a,p1b\n|-resisted|p1a: Chi-Yu\n|-supereffective|p1b: Pawmot\n|-damage|p1a: Chi-Yu|77\/100\n|-enditem|p1b: Pawmot|Focus Sash\n|-damage|p1b: Pawmot|1\/100\n|move|p2b: Bronzong|Trick Room|p2b: Bronzong\n|-fieldstart|move: Trick Room|[of] p2b: Bronzong\n|\n|upkeep\n|turn|2\n|inactive|darcona has 30 seconds left.\n|inactive|HazeOneTrick has 30 seconds left.\n|inactive|darcona has 20 seconds left.\n|inactive|HazeOneTrick has 20 seconds left.\n|inactive|darcona has 15 seconds left.\n|inactive|HazeOneTrick has 15 seconds left.\n|inactive|HazeOneTrick has 10 seconds left.\n|\n|t:|1682810278\n|move|p2b: Bronzong|Body Press|p1b: Pawmot\n|-damage|p1b: Pawmot|0 fnt\n|faint|p1b: Pawmot\n|move|p2a: Flutter Mane|Dazzling Gleam|p1a: Chi-Yu\n|-resisted|p1a: Chi-Yu\n|-damage|p1a: Chi-Yu|44\/100\n|move|p1a: Chi-Yu|Heat Wave|p2b: Bronzong|[spread] p2a,p2b\n|-resisted|p2b: Bronzong\n|-damage|p2a: Flutter Mane|24\/100\n|-damage|p2b: Bronzong|45\/100\n|\n|upkeep\n|\n|t:|1682810302\n|switch|p1b: Gholdengo|Gholdengo, L50|100\/100\n|turn|3\n|inactive|HazeOneTrick has 30 seconds left.\n|\n|t:|1682810330\n|-end|p2a: Flutter Mane|Protosynthesis|[silent]\n|switch|p2a: Gyarados|Gyarados, L50, M|100\/100\n|-ability|p2a: Gyarados|Intimidate|boost\n|-unboost|p1a: Chi-Yu|atk|1\n|-unboost|p1b: Gholdengo|atk|1\n|move|p1b: Gholdengo|Protect|p1b: Gholdengo\n|-singleturn|p1b: Gholdengo|Protect\n|move|p2b: Bronzong|Body Press|p1a: Chi-Yu\n|-damage|p1a: Chi-Yu|4\/100\n|move|p1a: Chi-Yu|Heat Wave|p2a: Gyarados|[spread] p2a,p2b\n|-resisted|p2a: Gyarados\n|-resisted|p2b: Bronzong\n|-damage|p2a: Gyarados|77\/100\n|-damage|p2b: Bronzong|15\/100\n|\n|upkeep\n|turn|4\n|\n|t:|1682810355\n|switch|p1a: Flutter Mane|Flutter Mane, L50|100\/100\n|move|p2b: Bronzong|Heavy Slam|p1a: Flutter Mane\n|-supereffective|p1a: Flutter Mane\n|-damage|p1a: Flutter Mane|0 fnt\n|faint|p1a: Flutter Mane\n|-end|p1a: Flutter Mane|Protosynthesis|[silent]\n|move|p2a: Gyarados|Waterfall|p1b: Gholdengo\n|-damage|p1b: Gholdengo|59\/100\n|move|p1b: Gholdengo|Power Gem|p2a: Gyarados\n|-supereffective|p2a: Gyarados\n|-damage|p2a: Gyarados|21\/100\n|-enditem|p2a: Gyarados|Figy Berry|[eat]\n|-heal|p2a: Gyarados|54\/100|[from] item: Figy Berry\n|-damage|p1b: Gholdengo|49\/100|[from] item: Life Orb\n|\n|upkeep\n|\n|t:|1682810368\n|switch|p1a: Chi-Yu|Chi-Yu, L50, tera:Fire|4\/100\n|-ability|p1a: Chi-Yu|Beads of Ruin\n|turn|5\n|\n|t:|1682810379\n|move|p2b: Bronzong|Body Press|p1a: Chi-Yu\n|-damage|p1a: Chi-Yu|0 fnt\n|faint|p1a: Chi-Yu\n|move|p2a: Gyarados|Waterfall|p1b: Gholdengo\n|-damage|p1b: Gholdengo|9\/100\n|move|p1b: Gholdengo|Power Gem|p2a: Gyarados\n|-supereffective|p2a: Gyarados\n|-damage|p2a: Gyarados|7\/100\n|-damage|p1b: Gholdengo|0 fnt|[from] item: Life Orb\n|faint|p1b: Gholdengo\n|\n|win|HazeOneTrick\n|raw|darcona's rating: 1307 → 1290<\/strong> (-17 for losing)\n|raw|HazeOneTrick's rating: 1357 → 1374<\/strong> (+17 for winning)\n|l|\u2606darcona\n|l|\u2606HazeOneTrick\n|j|\u2606HazeOneTrick\n|player|p2|HazeOneTrick|acetrainer-gen6xy\n","uploadtime":1682810670,"views":44,"p1id":"darcona","p2id":"hazeonetrick","formatid":"gen9vgc2023regulationc","rating":1290,"private":0,"password":""}