{"id":"gen9vgc2023regulationc-1848893778","p1":"Matxp60","p2":"Nucleartoad","format":"[Gen 9] VGC 2023 Regulation C","log":"|j|\u2606Matxp60\n|j|\u2606Nucleartoad\n|t:|1682122875\n|gametype|doubles\n|player|p1|Matxp60|ethan|1273\n|player|p2|Nucleartoad|janine|1318\n|teamsize|p1|6\n|teamsize|p2|6\n|gen|9\n|tier|[Gen 9] VGC 2023 Regulation C\n|rated|\n|rule|Species Clause: Limit one of each Pok\u00e9mon\n|rule|Item Clause: Limit one of each item\n|clearpoke\n|poke|p1|Flutter Mane, L50|\n|poke|p1|Arcanine, L50, F|\n|poke|p1|Tyranitar, L50, M|\n|poke|p1|Houndstone, L50, M|\n|poke|p1|Baxcalibur, L50, M|\n|poke|p1|Scizor, L50, F|\n|poke|p2|Sunflora, L50, M|\n|poke|p2|Torkoal, L50, M|\n|poke|p2|Hatterene, L50, F|\n|poke|p2|Hariyama, L50, M|\n|poke|p2|Flamigo, L50, F|\n|poke|p2|Luxray, L50, M|\n|teampreview|4\n|inactive|Battle timer is ON: inactive players will automatically lose when time's up. (requested by Nucleartoad)\n|\n|t:|1682122919\n|start\n|switch|p1a: Misdreavus 2.0|Flutter Mane, L50|100\/100\n|switch|p1b: Caramelo|Arcanine, L50, F, shiny|100\/100\n|switch|p2a: Yo-Ya Ma|Hariyama, L50, M|100\/100\n|switch|p2b: Irene Cara|Hatterene, L50, F|100\/100\n|-ability|p1b: Caramelo|Intimidate|boost\n|-unboost|p2a: Yo-Ya Ma|atk|1\n|-unboost|p2b: Irene Cara|atk|1\n|turn|1\n|inactive|Nucleartoad has 30 seconds left.\n|inactive|Nucleartoad has 20 seconds left.\n|\n|t:|1682122954\n|move|p2a: Yo-Ya Ma|Fake Out|p1b: Caramelo\n|-damage|p1b: Caramelo|90\/100\n|move|p1a: Misdreavus 2.0|Shadow Ball|p2b: Irene Cara\n|-supereffective|p2b: Irene Cara\n|-enditem|p2b: Irene Cara|Focus Sash\n|-damage|p2b: Irene Cara|1\/100\n|-unboost|p2b: Irene Cara|spd|1\n|-damage|p1a: Misdreavus 2.0|91\/100|[from] item: Life Orb\n|cant|p1b: Caramelo|flinch\n|move|p2b: Irene Cara|Trick Room|p2b: Irene Cara\n|-fieldstart|move: Trick Room|[of] p2b: Irene Cara\n|\n|-status|p2a: Yo-Ya Ma|brn|[from] item: Flame Orb\n|upkeep\n|turn|2\n|inactive|Matxp60 has 30 seconds left.\n|inactive|Nucleartoad has 30 seconds left.\n|inactive|Matxp60 has 20 seconds left.\n|inactive|Matxp60 has 15 seconds left.\n|inactive|Nucleartoad has 20 seconds left.\n|inactive|Nucleartoad has 15 seconds left.\n|\n|t:|1682123003\n|-end|p1a: Misdreavus 2.0|Protosynthesis|[silent]\n|switch|p1a: Scizor|Scizor, L50, F, shiny|100\/100\n|-terastallize|p2a: Yo-Ya Ma|Ground\n|move|p2b: Irene Cara|Protect|p2b: Irene Cara\n|-singleturn|p2b: Irene Cara|Protect\n|move|p2a: Yo-Ya Ma|Headlong Rush|p1a: Scizor\n|-damage|p1a: Scizor|36\/100\n|-unboost|p2a: Yo-Ya Ma|def|1\n|-unboost|p2a: Yo-Ya Ma|spd|1\n|move|p1b: Caramelo|Howl|p1b: Caramelo|[spread] p1a,p1b\n|-boost|p1a: Scizor|atk|1\n|-boost|p1b: Caramelo|atk|1\n|\n|-heal|p1a: Scizor|42\/100|[from] item: Leftovers\n|-damage|p2a: Yo-Ya Ma|95\/100 brn|[from] brn\n|upkeep\n|turn|3\n|\n|t:|1682123027\n|switch|p2b: Ray Charles|Luxray, L50, M|100\/100\n|-ability|p2b: Ray Charles|Intimidate|boost\n|-unboost|p1a: Scizor|atk|1\n|-unboost|p1b: Caramelo|atk|1\n|move|p1a: Scizor|Feint|p2b: Ray Charles\n|-damage|p2b: Ray Charles|85\/100\n|move|p2a: Yo-Ya Ma|Headlong Rush|p1b: Caramelo\n|-supereffective|p1b: Caramelo\n|-damage|p1b: Caramelo|0 fnt\n|-unboost|p2a: Yo-Ya Ma|def|1\n|-unboost|p2a: Yo-Ya Ma|spd|1\n|faint|p1b: Caramelo\n|\n|-heal|p1a: Scizor|48\/100|[from] item: Leftovers\n|-damage|p2a: Yo-Ya Ma|89\/100 brn|[from] brn\n|upkeep\n|\n|t:|1682123043\n|switch|p1b: Baxcalibur|Baxcalibur, L50, M|100\/100\n|turn|4\n|inactive|Nucleartoad has 30 seconds left.\n|\n|t:|1682123075\n|-terastallize|p1b: Baxcalibur|Poison\n|move|p1a: Scizor|Feint|p2a: Yo-Ya Ma\n|-damage|p2a: Yo-Ya Ma|51\/100 brn\n|move|p2a: Yo-Ya Ma|Headlong Rush|p1a: Scizor\n|-damage|p1a: Scizor|0 fnt\n|-unboost|p2a: Yo-Ya Ma|def|1\n|-unboost|p2a: Yo-Ya Ma|spd|1\n|faint|p1a: Scizor\n|move|p2b: Ray Charles|Volt Switch|p1b: Baxcalibur\n|-damage|p1b: Baxcalibur|79\/100\n|inactive|Nucleartoad has 30 seconds left.\n|\n|t:|1682123103\n|switch|p2b: FlamingoLips|Flamigo, L50, F|100\/100|[from] Volt Switch\n|move|p1b: Baxcalibur|Icicle Crash|p2a: Yo-Ya Ma\n|-supereffective|p2a: Yo-Ya Ma\n|-damage|p2a: Yo-Ya Ma|0 fnt\n|faint|p2a: Yo-Ya Ma\n|\n|upkeep\n|\n|t:|1682123114\n|switch|p2a: Irene Cara|Hatterene, L50, F|1\/100\n|switch|p1a: Misdreavus 2.0|Flutter Mane, L50|91\/100\n|turn|5\n|\n|t:|1682123125\n|move|p1a: Misdreavus 2.0|Protect|p1a: Misdreavus 2.0\n|-singleturn|p1a: Misdreavus 2.0|Protect\n|move|p2b: FlamingoLips|Quick Guard|p2b: FlamingoLips\n|-singleturn|p2b: FlamingoLips|Quick Guard\n|move|p2a: Irene Cara|Psychic|p1b: Baxcalibur\n|-supereffective|p1b: Baxcalibur\n|-damage|p1b: Baxcalibur|0 fnt\n|faint|p1b: Baxcalibur\n|\n|-fieldend|move: Trick Room\n|upkeep\n|turn|6\n|\n|t:|1682123147\n|move|p2a: Irene Cara|Protect|p2a: Irene Cara\n|-singleturn|p2a: Irene Cara|Protect\n|move|p1a: Misdreavus 2.0|Dazzling Gleam|p2a: Irene Cara|[spread] p2b\n|-activate|p2a: Irene Cara|move: Protect\n|-supereffective|p2b: FlamingoLips\n|-enditem|p2b: FlamingoLips|Roseli Berry|[eat]\n|-enditem|p2b: FlamingoLips|Roseli Berry|[weaken]\n|-damage|p2b: FlamingoLips|51\/100\n|-damage|p1a: Misdreavus 2.0|82\/100|[from] item: Life Orb\n|move|p2b: FlamingoLips|Close Combat|p1a: Misdreavus 2.0\n|-resisted|p1a: Misdreavus 2.0\n|-crit|p1a: Misdreavus 2.0\n|-damage|p1a: Misdreavus 2.0|1\/100\n|-unboost|p2b: FlamingoLips|def|1\n|-unboost|p2b: FlamingoLips|spd|1\n|\n|upkeep\n|turn|7\n|\n|t:|1682123161\n|move|p2b: FlamingoLips|Feint|p1a: Misdreavus 2.0\n|-damage|p1a: Misdreavus 2.0|0 fnt\n|faint|p1a: Misdreavus 2.0\n|-end|p1a: Misdreavus 2.0|Protosynthesis|[silent]\n|\n|win|Nucleartoad\n|raw|Matxp60's rating: 1273 → 1251<\/strong> (-22 for losing)\n|raw|Nucleartoad's rating: 1318 → 1335<\/strong> (+17 for winning)\n|l|\u2606Matxp60\n|c|\u2606Nucleartoad|Gg\n","uploadtime":1682123173,"views":7,"p1id":"matxp60","p2id":"nucleartoad","formatid":"gen9vgc2023regulationc","rating":1251,"private":0,"password":""}