{"id":"gen9vgc2023regulationc-1860606070","p1":"bboyle","p2":"Rubins2812","format":"[Gen 9] VGC 2023 Regulation C","log":"|j|\u2606bboyle\n|j|\u2606Rubins2812\n|t:|1683658429\n|gametype|doubles\n|player|p1|bboyle|pryce|1131\n|player|p2|Rubins2812|emmet|1230\n|teamsize|p1|6\n|teamsize|p2|6\n|gen|9\n|tier|[Gen 9] VGC 2023 Regulation C\n|rated|\n|rule|Species Clause: Limit one of each Pok\u00e9mon\n|rule|Item Clause: Limit one of each item\n|clearpoke\n|poke|p1|Abomasnow, L50, F|\n|poke|p1|Rotom-Frost, L50|\n|poke|p1|Glaceon, L50, M|\n|poke|p1|Baxcalibur, L50, M|\n|poke|p1|Chien-Pao, L50|\n|poke|p1|Iron Bundle, L50|\n|poke|p2|Palafin, L50, F|\n|poke|p2|Amoonguss, L50, M|\n|poke|p2|Arcanine, L50, M|\n|poke|p2|Ting-Lu, L50|\n|poke|p2|Flutter Mane, L50|\n|poke|p2|Baxcalibur, L50, F|\n|teampreview|4\n|\n|t:|1683658452\n|start\n|switch|p1a: Abomasnow|Abomasnow, L50, F|100\/100\n|switch|p1b: Rotom|Rotom-Frost, L50|100\/100\n|switch|p2a: Ting-Lu|Ting-Lu, L50|100\/100\n|switch|p2b: Palafin|Palafin, L50, F|100\/100\n|-ability|p2a: Ting-Lu|Vessel of Ruin\n|-weather|Snow|[from] ability: Snow Warning|[of] p1a: Abomasnow\n|turn|1\n|inactive|Battle timer is ON: inactive players will automatically lose when time's up. (requested by Rubins2812)\n|\n|t:|1683658471\n|detailschange|p2b: Palafin|Palafin-Hero, L50, F\n|switch|p2b: Arcanine|Arcanine, L50, M|100\/100\n|-ability|p2b: Arcanine|Intimidate|boost\n|-unboost|p1a: Abomasnow|atk|1\n|-unboost|p1b: Rotom|atk|1\n|-terastallize|p2a: Ting-Lu|Poison\n|-terastallize|p1a: Abomasnow|Ground\n|move|p1b: Rotom|Blizzard|p2b: Arcanine|[spread] p2a,p2b\n|-resisted|p2b: Arcanine\n|-damage|p2a: Ting-Lu|87\/100\n|-damage|p2b: Arcanine|87\/100\n|move|p2a: Ting-Lu|Ruination|p1b: Rotom\n|-damage|p1b: Rotom|51\/100\n|move|p1a: Abomasnow|Giga Drain|p2b: Arcanine\n|-resisted|p2b: Arcanine\n|-damage|p2b: Arcanine|75\/100\n|\n|-weather|Snow|[upkeep]\n|upkeep\n|turn|2\n|inactive|Rubins2812 has 30 seconds left.\n|\n|t:|1683658497\n|move|p1b: Rotom|Blizzard|p2a: Ting-Lu|[spread] p2a,p2b\n|-resisted|p2b: Arcanine\n|-damage|p2a: Ting-Lu|74\/100\n|-damage|p2b: Arcanine|61\/100\n|-status|p2b: Arcanine|frz\n|cant|p2b: Arcanine|frz\n|move|p2a: Ting-Lu|Ruination|p1a: Abomasnow\n|-damage|p1a: Abomasnow|50\/100\n|move|p1a: Abomasnow|Earth Power|p2a: Ting-Lu\n|-supereffective|p2a: Ting-Lu\n|-damage|p2a: Ting-Lu|47\/100\n|\n|-weather|Snow|[upkeep]\n|upkeep\n|turn|3\n|\n|t:|1683658515\n|move|p1b: Rotom|Blizzard|p2a: Ting-Lu|[spread] p2a,p2b\n|-resisted|p2b: Arcanine\n|-damage|p2a: Ting-Lu|35\/100\n|-damage|p2b: Arcanine|48\/100 frz\n|cant|p2b: Arcanine|frz\n|move|p2a: Ting-Lu|Heavy Slam|p1b: Rotom\n|-damage|p1b: Rotom|23\/100\n|move|p1a: Abomasnow|Earth Power|p2b: Arcanine\n|-supereffective|p2b: Arcanine\n|-damage|p2b: Arcanine|0 fnt\n|faint|p2b: Arcanine\n|\n|-weather|Snow|[upkeep]\n|upkeep\n|\n|t:|1683658521\n|switch|p2b: Palafin|Palafin-Hero, L50, F|100\/100\n|-activate|p2b: Palafin|ability: Zero to Hero\n|turn|4\n|\n|t:|1683658533\n|move|p2b: Palafin|Jet Punch|p1a: Abomasnow\n|-supereffective|p1a: Abomasnow\n|-damage|p1a: Abomasnow|0 fnt\n|faint|p1a: Abomasnow\n|move|p1b: Rotom|Blizzard|p2b: Palafin|[spread] p2a,p2b\n|-resisted|p2b: Palafin\n|-damage|p2a: Ting-Lu|22\/100\n|-damage|p2b: Palafin|87\/100\n|move|p2a: Ting-Lu|Heavy Slam|p1b: Rotom\n|-damage|p1b: Rotom|0 fnt\n|faint|p1b: Rotom\n|\n|-weather|Snow|[upkeep]\n|upkeep\n|\n|t:|1683658544\n|switch|p1b: Chien-Pao|Chien-Pao, L50|100\/100\n|switch|p1a: Glaceon|Glaceon, L50, M|100\/100\n|-ability|p1b: Chien-Pao|Sword of Ruin\n|turn|5\n|\n|t:|1683658557\n|move|p2b: Palafin|Jet Punch|p1b: Chien-Pao\n|-damage|p1b: Chien-Pao|60\/100\n|move|p1b: Chien-Pao|Psychic Fangs|p2a: Ting-Lu\n|-supereffective|p2a: Ting-Lu\n|-damage|p2a: Ting-Lu|0 fnt\n|faint|p2a: Ting-Lu\n|move|p1a: Glaceon|Freeze-Dry|p2b: Palafin\n|-supereffective|p2b: Palafin\n|-damage|p2b: Palafin|5\/100\n|\n|-weather|none\n|upkeep\n|\n|t:|1683658562\n|switch|p2a: Amoonguss|Amoonguss, L50, M|100\/100\n|turn|6\n|\n|t:|1683658572\n|move|p2a: Amoonguss|Rage Powder|p2a: Amoonguss\n|-singleturn|p2a: Amoonguss|move: Rage Powder\n|move|p1b: Chien-Pao|Sucker Punch||[still]\n|-fail|p1b: Chien-Pao\n|move|p2b: Palafin|Jet Punch|p1b: Chien-Pao\n|-damage|p1b: Chien-Pao|0 fnt\n|faint|p1b: Chien-Pao\n|move|p1a: Glaceon|Ice Beam|p2a: Amoonguss\n|-supereffective|p2a: Amoonguss\n|-damage|p2a: Amoonguss|15\/100\n|\n|upkeep\n|turn|7\n|\n|t:|1683658583\n|move|p2a: Amoonguss|Rage Powder|p2a: Amoonguss\n|-singleturn|p2a: Amoonguss|move: Rage Powder\n|move|p2b: Palafin|Jet Punch|p1a: Glaceon|[miss]\n|-miss|p2b: Palafin|p1a: Glaceon\n|move|p1a: Glaceon|Blizzard|p2a: Amoonguss|[spread] \n|-miss|p1a: Glaceon|p2a: Amoonguss\n|-miss|p1a: Glaceon|p2b: Palafin\n|\n|upkeep\n|turn|8\n|c|\u2606Rubins2812|wait\n|c|\u2606Rubins2812|wtf\n|inactive|Rubins2812 has 30 seconds left.\n|c|\u2606bboyle|lol\n|c|\u2606bboyle|the turn of misses\n|inactive|Rubins2812 has 20 seconds left.\n|\n|t:|1683658619\n|move|p2b: Palafin|Protect|p2b: Palafin\n|-singleturn|p2b: Palafin|Protect\n|move|p1a: Glaceon|Blizzard|p2b: Palafin|[spread] \n|-activate|p2b: Palafin|move: Protect\n|-miss|p1a: Glaceon|p2a: Amoonguss\n|move|p2a: Amoonguss|Spore|p1a: Glaceon|[miss]\n|-miss|p2a: Amoonguss|p1a: Glaceon\n|\n|upkeep\n|turn|9\n|c|\u2606Rubins2812|brooooooo\n|c|\u2606bboyle|lol\n|\n|t:|1683658639\n|move|p2b: Palafin|Jet Punch|p1a: Glaceon\n|-damage|p1a: Glaceon|58\/100\n|move|p1a: Glaceon|Blizzard|p2b: Palafin|[spread] p2a,p2b\n|-supereffective|p2a: Amoonguss\n|-resisted|p2b: Palafin\n|-damage|p2a: Amoonguss|0 fnt\n|-damage|p2b: Palafin|0 fnt\n|faint|p2a: Amoonguss\n|faint|p2b: Palafin\n|\n|win|bboyle\n|raw|bboyle's rating: 1131 → 1163<\/strong> (+32 for winning)\n|raw|Rubins2812's rating: 1230 → 1198<\/strong> (-32 for losing)\n|c|\u2606bboyle|gg\n|c|\u2606Rubins2812|wow\n|c|\u2606bboyle|brightpowder\n|l|\u2606Rubins2812\n|c|\u2606bboyle|ftw\n","uploadtime":1683658674,"views":10,"p1id":"bboyle","p2id":"rubins2812","formatid":"gen9vgc2023regulationc","rating":1163,"private":0,"password":""}