{"id":"gen9vgc2023regulationc-1844974153","p1":"NN Aroundight","p2":"MareeohYT","format":"[Gen 9] VGC 2023 Regulation C","log":"|j|\u2606NN Aroundight\n|j|\u2606MareeohYT\n|t:|1681669864\n|gametype|doubles\n|player|p1|NN Aroundight|169|1436\n|player|p2|MareeohYT|policeman-gen4|1493\n|teamsize|p1|6\n|teamsize|p2|6\n|gen|9\n|tier|[Gen 9] VGC 2023 Regulation C\n|rated|\n|rule|Species Clause: Limit one of each Pok\u00e9mon\n|rule|Item Clause: Limit one of each item\n|clearpoke\n|poke|p1|Arcanine, L50, F|\n|poke|p1|Palafin, L50, F|\n|poke|p1|Baxcalibur, L50, F|\n|poke|p1|Flutter Mane, L50|\n|poke|p1|Amoonguss, L50, F|\n|poke|p1|Ting-Lu, L50|\n|poke|p2|Amoonguss, L50, M|\n|poke|p2|Palafin, L50, M|\n|poke|p2|Arcanine, L50, M|\n|poke|p2|Flutter Mane, L50|\n|poke|p2|Ting-Lu, L50|\n|poke|p2|Baxcalibur, L50, F|\n|teampreview|4\nMareeohYT has agreed to open team sheets.\n|inactive|Battle timer is ON: inactive players will automatically lose when time's up. (requested by NN Aroundight)\nNN Aroundight has agreed to open team sheets.\n|inactive|MareeohYT has 60 seconds left.\n|\n|t:|1681669904\n|start\n|switch|p1a: Baxcalibur|Baxcalibur, L50, F|100\/100\n|switch|p1b: Flutter Mane|Flutter Mane, L50|100\/100\n|switch|p2a: Palafin|Palafin, L50, M|100\/100\n|switch|p2b: Flutter Mane|Flutter Mane, L50|100\/100\n|turn|1\n|inactive|NN Aroundight has 30 seconds left.\n|inactive|MareeohYT has 30 seconds left.\n|inactive|NN Aroundight has 20 seconds left.\n|inactive|MareeohYT has 20 seconds left.\n|inactive|MareeohYT has 15 seconds left.\n|\n|t:|1681669945\n|detailschange|p2a: Palafin|Palafin-Hero, L50, M\n|switch|p2a: Baxcalibur|Baxcalibur, L50, F|100\/100\n|-terastallize|p1a: Baxcalibur|Poison\n|move|p2b: Flutter Mane|Shadow Ball|p1b: Flutter Mane\n|-supereffective|p1b: Flutter Mane\n|-damage|p1b: Flutter Mane|0 fnt\n|faint|p1b: Flutter Mane\n|-end|p1b: Flutter Mane|Protosynthesis|[silent]\n|move|p1a: Baxcalibur|Icicle Crash|p2b: Flutter Mane\n|-damage|p2b: Flutter Mane|0 fnt\n|faint|p2b: Flutter Mane\n|-end|p2b: Flutter Mane|Protosynthesis|[silent]\n|\n|upkeep\n|inactive|MareeohYT has 30 seconds left.\n|\n|t:|1681669971\n|switch|p1b: Arcanine|Arcanine, L50, F|100\/100\n|switch|p2b: Arcanine|Arcanine, L50, M|100\/100\n|-ability|p1b: Arcanine|Intimidate|boost\n|-fail|p2a: Baxcalibur|unboost|[from] item: Clear Amulet|[of] p2a: Baxcalibur\n|-unboost|p2b: Arcanine|atk|1\n|-ability|p2b: Arcanine|Intimidate|boost\n|-fail|p1a: Baxcalibur|unboost|[from] item: Clear Amulet|[of] p1a: Baxcalibur\n|-unboost|p1b: Arcanine|atk|1\n|turn|2\n|inactive|MareeohYT has 30 seconds left.\n|inactive|MareeohYT has 20 seconds left.\n|inactive|MareeohYT has 15 seconds left.\n|inactive|MareeohYT has 10 seconds left.\n|\n|t:|1681670020\n|-terastallize|p2a: Baxcalibur|Poison\n|move|p1b: Arcanine|Howl|p1b: Arcanine|[spread] p1a,p1b\n|-boost|p1a: Baxcalibur|atk|1\n|-boost|p1b: Arcanine|atk|1\n|move|p1a: Baxcalibur|Glaive Rush|p2a: Baxcalibur\n|-damage|p2a: Baxcalibur|12\/100\n|-singlemove|p1a: Baxcalibur|Glaive Rush|[silent]\n|move|p2b: Arcanine|Howl|p2b: Arcanine|[spread] p2a,p2b\n|-boost|p2a: Baxcalibur|atk|1\n|-boost|p2b: Arcanine|atk|1\n|move|p2a: Baxcalibur|Glaive Rush|p1a: Baxcalibur\n|-damage|p1a: Baxcalibur|0 fnt\n|-singlemove|p2a: Baxcalibur|Glaive Rush|[silent]\n|faint|p1a: Baxcalibur\n|\n|upkeep\n|\n|t:|1681670035\n|switch|p1a: Amoonguss|Amoonguss, L50, F|100\/100\n|turn|3\n|\n|t:|1681670047\n|move|p2a: Baxcalibur|Protect|p2a: Baxcalibur\n|-singleturn|p2a: Baxcalibur|Protect\n|move|p1a: Amoonguss|Protect|p1a: Amoonguss\n|-singleturn|p1a: Amoonguss|Protect\n|move|p1b: Arcanine|Howl|p1b: Arcanine|[spread] p1a,p1b\n|-boost|p1a: Amoonguss|atk|1\n|-boost|p1b: Arcanine|atk|1\n|move|p2b: Arcanine|Flare Blitz|p1a: Amoonguss\n|-activate|p1a: Amoonguss|move: Protect\n|\n|upkeep\n|turn|4\n|\n|t:|1681670064\n|move|p1b: Arcanine|Extreme Speed|p2a: Baxcalibur\n|-damage|p2a: Baxcalibur|0 fnt\n|faint|p2a: Baxcalibur\n|move|p2b: Arcanine|Flare Blitz|p1a: Amoonguss\n|-supereffective|p1a: Amoonguss\n|-damage|p1a: Amoonguss|23\/100\n|-enditem|p1a: Amoonguss|Sitrus Berry|[eat]\n|-heal|p1a: Amoonguss|48\/100|[from] item: Sitrus Berry\n|-damage|p2b: Arcanine|72\/100|[from] Recoil\n|move|p1a: Amoonguss|Spore|p2b: Arcanine\n|-activate|p2b: Arcanine|item: Safety Goggles|Spore\n|\n|upkeep\n|\n|t:|1681670067\n|switch|p2a: Palafin|Palafin-Hero, L50, M|100\/100\n|-activate|p2a: Palafin|ability: Zero to Hero\n|turn|5\n|\n|t:|1681670084\n|move|p1a: Amoonguss|Rage Powder|p1a: Amoonguss\n|-singleturn|p1a: Amoonguss|move: Rage Powder\n|move|p1b: Arcanine|Will-O-Wisp|p2a: Palafin\n|-status|p2a: Palafin|brn\n|move|p2b: Arcanine|Flare Blitz|p1a: Amoonguss\n|-supereffective|p1a: Amoonguss\n|-damage|p1a: Amoonguss|0 fnt\n|faint|p1a: Amoonguss\n|-damage|p2b: Arcanine|54\/100|[from] Recoil\n|move|p2a: Palafin|Wave Crash|p1b: Arcanine\n|-supereffective|p1b: Arcanine\n|-damage|p1b: Arcanine|0 fnt\n|faint|p1b: Arcanine\n|-damage|p2a: Palafin|70\/100 brn|[from] Recoil\n|\n|win|MareeohYT\n|raw|NN Aroundight's rating: 1436 → 1419<\/strong> (-17 for losing)\n|raw|MareeohYT's rating: 1493 → 1510<\/strong> (+17 for winning)\n","uploadtime":1681670097,"views":7,"p1id":"nnaroundight","p2id":"mareeohyt","formatid":"gen9vgc2023regulationc","rating":1419,"private":0,"password":""}