{"id":"gen9vgc2023regulationc-1851737728","p1":"GuiVallin","p2":"bgcfranky","format":"[Gen 9] VGC 2023 Regulation C","log":"|j|\u2606GuiVallin\n|j|\u2606bgcfranky\n|t:|1682476272\n|gametype|doubles\n|player|p1|GuiVallin|riley|1151\n|player|p2|bgcfranky|rocketgrunt|1049\n|teamsize|p1|6\n|teamsize|p2|6\n|gen|9\n|tier|[Gen 9] VGC 2023 Regulation C\n|rated|\n|rule|Species Clause: Limit one of each Pok\u00e9mon\n|rule|Item Clause: Limit one of each item\n|clearpoke\n|poke|p1|Palafin, L50, M|\n|poke|p1|Baxcalibur, L50, M|\n|poke|p1|Flutter Mane, L50|\n|poke|p1|Arcanine, L50, F|\n|poke|p1|Amoonguss, L50, F|\n|poke|p1|Ceruledge, L50, M|\n|poke|p2|Volcarona, L50, F|\n|poke|p2|Wo-Chien, L50|\n|poke|p2|Grimmsnarl, L50, M|\n|poke|p2|Iron Hands, L50|\n|poke|p2|Slowking, L50, M|\n|poke|p2|Salamence, L50, M|\n|teampreview|4\n|\n|t:|1682476333\n|start\n|switch|p1a: All Might|Palafin, L50, M, shiny|100\/100\n|switch|p1b: Flutter Mane|Flutter Mane, L50, shiny|100\/100\n|switch|p2a: Iron Hands|Iron Hands, L50|100\/100\n|switch|p2b: Slowking|Slowking, L50, M|100\/100\n|-enditem|p1b: Flutter Mane|Booster Energy\n|-activate|p1b: Flutter Mane|ability: Protosynthesis|[fromitem]\n|-start|p1b: Flutter Mane|protosynthesisspd\n|turn|1\n|\n|t:|1682476357\n|detailschange|p1a: All Might|Palafin-Hero, L50, M, shiny\n|switch|p1a: Arcanine|Arcanine, L50, F|100\/100\n|-ability|p1a: Arcanine|Intimidate|boost\n|-unboost|p2a: Iron Hands|atk|1\n|-unboost|p2b: Slowking|atk|1\n|-terastallize|p2a: Iron Hands|Flying\n|move|p2a: Iron Hands|Fake Out|p1a: Arcanine\n|-crit|p1a: Arcanine\n|-damage|p1a: Arcanine|77\/100\n|move|p1b: Flutter Mane|Shadow Ball|p2b: Slowking\n|-supereffective|p2b: Slowking\n|-damage|p2b: Slowking|40\/100\n|move|p2b: Slowking|Trick Room|p2b: Slowking\n|-fieldstart|move: Trick Room|[of] p2b: Slowking\n|\n|upkeep\n|turn|2\n|\n|t:|1682476404\n|move|p2b: Slowking|Hydro Pump|p1a: Arcanine|[miss]\n|-miss|p2b: Slowking|p1a: Arcanine\n|move|p2a: Iron Hands|Thunder Punch|p1b: Flutter Mane\n|-damage|p1b: Flutter Mane|45\/100\n|move|p1a: Arcanine|Will-O-Wisp|p2a: Iron Hands|[miss]\n|-miss|p1a: Arcanine|p2a: Iron Hands\n|move|p1b: Flutter Mane|Shadow Ball|p2b: Slowking\n|-supereffective|p2b: Slowking\n|-damage|p2b: Slowking|0 fnt\n|faint|p2b: Slowking\n|\n|upkeep\n|\n|t:|1682476419\n|switch|p2b: Wo-Chien|Wo-Chien, L50|100\/100\n|-ability|p2b: Wo-Chien|Tablets of Ruin\n|turn|3\n|\n|t:|1682476456\n|move|p2a: Iron Hands|Belly Drum|p2a: Iron Hands\n|-damage|p2a: Iron Hands|51\/100\n|-setboost|p2a: Iron Hands|atk|6|[from] move: Belly Drum\n|move|p2b: Wo-Chien|Knock Off|p1b: Flutter Mane\n|-crit|p1b: Flutter Mane\n|-damage|p1b: Flutter Mane|0 fnt\n|faint|p1b: Flutter Mane\n|-end|p1b: Flutter Mane|Protosynthesis|[silent]\n|move|p1a: Arcanine|Flare Blitz|p2b: Wo-Chien\n|-supereffective|p2b: Wo-Chien\n|-damage|p2b: Wo-Chien|53\/100\n|-damage|p1a: Arcanine|62\/100|[from] Recoil\n|\n|upkeep\n|\n|t:|1682476471\n|switch|p1b: All Might|Palafin-Hero, L50, M, shiny|100\/100\n|-activate|p1b: All Might|ability: Zero to Hero\n|turn|4\n|\n|t:|1682476488\n|move|p2a: Iron Hands|Thunder Punch|p1b: All Might\n|-supereffective|p1b: All Might\n|-damage|p1b: All Might|0 fnt\n|faint|p1b: All Might\n|move|p2b: Wo-Chien|Pollen Puff|p2a: Iron Hands\n|-heal|p2a: Iron Hands|100\/100\n|move|p1a: Arcanine|Will-O-Wisp|p2a: Iron Hands\n|-status|p2a: Iron Hands|brn\n|\n|-damage|p2a: Iron Hands|94\/100 brn|[from] brn\n|upkeep\n|\n|t:|1682476501\n|switch|p1b: Baxcalibur|Baxcalibur, L50, M|100\/100\n|turn|5\n|\n|t:|1682476542\n|switch|p2b: Salamence|Salamence, L50, M, shiny|100\/100\n|-ability|p2b: Salamence|Intimidate|boost\n|-unboost|p1a: Arcanine|atk|1\n|-unboost|p1b: Baxcalibur|atk|1\n|-terastallize|p1b: Baxcalibur|Poison\n|move|p2a: Iron Hands|Drain Punch|p1b: Baxcalibur\n|-resisted|p1b: Baxcalibur\n|-damage|p1b: Baxcalibur|61\/100\n|-heal|p2a: Iron Hands|100\/100 brn|[from] drain|[of] p1b: Baxcalibur\n|move|p1a: Arcanine|Flare Blitz|p2a: Iron Hands\n|-damage|p2a: Iron Hands|82\/100 brn\n|-damage|p1a: Arcanine|54\/100|[from] Recoil\n|move|p1b: Baxcalibur|Icicle Spear|p2b: Salamence\n|-supereffective|p2b: Salamence\n|-crit|p2b: Salamence\n|-damage|p2b: Salamence|5\/100\n|-supereffective|p2b: Salamence\n|-damage|p2b: Salamence|0 fnt\n|faint|p2b: Salamence\n|-hitcount|p2: Salamence|2\n|\n|-damage|p2a: Iron Hands|76\/100 brn|[from] brn\n|-fieldend|move: Trick Room\n|upkeep\n|\n|t:|1682476563\n|switch|p2b: Wo-Chien|Wo-Chien, L50|53\/100\n|-ability|p2b: Wo-Chien|Tablets of Ruin\n|turn|6\n|\n|t:|1682476591\n|move|p1b: Baxcalibur|Icicle Spear|p2b: Wo-Chien\n|-supereffective|p2b: Wo-Chien\n|-crit|p2b: Wo-Chien\n|-damage|p2b: Wo-Chien|31\/100\n|-supereffective|p2b: Wo-Chien\n|-damage|p2b: Wo-Chien|20\/100\n|-supereffective|p2b: Wo-Chien\n|-damage|p2b: Wo-Chien|10\/100\n|-supereffective|p2b: Wo-Chien\n|-damage|p2b: Wo-Chien|0 fnt\n|faint|p2b: Wo-Chien\n|-hitcount|p2: Wo-Chien|4\n|move|p1a: Arcanine|Flare Blitz|p2a: Iron Hands\n|-damage|p2a: Iron Hands|56\/100 brn\n|-damage|p1a: Arcanine|45\/100|[from] Recoil\n|move|p2a: Iron Hands|Thunder Punch|p1b: Baxcalibur\n|-damage|p1b: Baxcalibur|0 fnt\n|faint|p1b: Baxcalibur\n|\n|-damage|p2a: Iron Hands|50\/100 brn|[from] brn\n|upkeep\n|-enditem|p2a: Iron Hands|Sitrus Berry|[eat]\n|-heal|p2a: Iron Hands|75\/100 brn|[from] item: Sitrus Berry\n|turn|7\n|\n|t:|1682476615\n|move|p1a: Arcanine|Protect|p1a: Arcanine\n|-singleturn|p1a: Arcanine|Protect\n|move|p2a: Iron Hands|Drain Punch|p1a: Arcanine\n|-activate|p1a: Arcanine|move: Protect\n|\n|-damage|p2a: Iron Hands|69\/100 brn|[from] brn\n|upkeep\n|turn|8\n|inactive|Battle timer is ON: inactive players will automatically lose when time's up. (requested by bgcfranky)\n|c|\u2606bgcfranky|gg\n|inactive|bgcfranky has 60 seconds left.\n|\n|t:|1682476676\n|move|p1a: Arcanine|Flare Blitz|p2a: Iron Hands\n|-damage|p2a: Iron Hands|49\/100 brn\n|-damage|p1a: Arcanine|37\/100|[from] Recoil\n|move|p2a: Iron Hands|Drain Punch|p1a: Arcanine\n|-crit|p1a: Arcanine\n|-damage|p1a: Arcanine|0 fnt\n|-heal|p2a: Iron Hands|63\/100 brn|[from] drain|[of] p1a: Arcanine\n|faint|p1a: Arcanine\n|\n|win|bgcfranky\n|raw|GuiVallin's rating: 1151 → 1119<\/strong> (-32 for losing)\n|raw|bgcfranky's rating: 1049 → 1091<\/strong> (+42 for winning)\n|l|\u2606GuiVallin\n","uploadtime":1682476696,"views":12,"p1id":"guivallin","p2id":"bgcfranky","formatid":"gen9vgc2023regulationc","rating":1091,"private":0,"password":""}