{"id":"gen9vgc2023regulationc-1856563003","p1":"Qeqeqeqeq","p2":"PruebasNabil","format":"[Gen 9] VGC 2023 Regulation C","log":"|j|\u2606Qeqeqeqeq\n|j|\u2606PruebasNabil\n|t:|1683076160\n|gametype|doubles\n|player|p1|Qeqeqeqeq|1|1722\n|player|p2|PruebasNabil|ethan|1633\n|teamsize|p1|6\n|teamsize|p2|6\n|gen|9\n|tier|[Gen 9] VGC 2023 Regulation C\n|rated|\n|rule|Species Clause: Limit one of each Pok\u00e9mon\n|rule|Item Clause: Limit one of each item\n|clearpoke\n|poke|p1|Iron Bundle, L50|\n|poke|p1|Dondozo, L50, F|\n|poke|p1|Tatsugiri-Stretchy, L50, F|\n|poke|p1|Chi-Yu, L50|\n|poke|p1|Lycanroc, L50, F|\n|poke|p1|Tyranitar, L50, M|\n|poke|p2|Great Tusk, L50|\n|poke|p2|Chien-Pao, L50|\n|poke|p2|Dragonite, L50, M|\n|poke|p2|Iron Bundle, L50|\n|poke|p2|Flutter Mane, L50|\n|poke|p2|Arcanine, L50, M|\n|teampreview|4\n|inactive|Battle timer is ON: inactive players will automatically lose when time's up. (requested by PruebasNabil)\n|\n|t:|1683076247\n|start\n|switch|p1a: Tyranitar|Tyranitar, L50, M|100\/100\n|switch|p1b: Lycanroc|Lycanroc, L50, F|100\/100\n|switch|p2a: Iron Bundle|Iron Bundle, L50, shiny|100\/100\n|switch|p2b: Great Tusk|Great Tusk, L50|100\/100\n|-weather|Sandstorm|[from] ability: Sand Stream|[of] p1a: Tyranitar\n|-enditem|p2a: Iron Bundle|Booster Energy\n|-activate|p2a: Iron Bundle|ability: Quark Drive|[fromitem]\n|-start|p2a: Iron Bundle|quarkdrivespe\n|turn|1\n|\n|t:|1683076257\n|-terastallize|p2a: Iron Bundle|Ghost\n|-terastallize|p1a: Tyranitar|Flying\n|move|p1b: Lycanroc|Rock Slide|p2b: Great Tusk|[spread] p2a,p2b\n|-resisted|p2b: Great Tusk\n|-damage|p2a: Iron Bundle|66\/100\n|-damage|p2b: Great Tusk|95\/100\n|move|p2a: Iron Bundle|Icy Wind|p1b: Lycanroc|[spread] p1a,p1b\n|-supereffective|p1a: Tyranitar\n|-crit|p1a: Tyranitar\n|-damage|p1a: Tyranitar|68\/100\n|-damage|p1b: Lycanroc|78\/100\n|-unboost|p1a: Tyranitar|spe|1\n|-unboost|p1b: Lycanroc|spe|1\n|cant|p2b: Great Tusk|flinch\n|move|p1a: Tyranitar|Tera Blast|p2b: Great Tusk\n|-supereffective|p2b: Great Tusk\n|-damage|p2b: Great Tusk|29\/100\n|\n|-weather|Sandstorm|[upkeep]\n|-damage|p2a: Iron Bundle|60\/100|[from] Sandstorm\n|-damage|p1a: Tyranitar|62\/100|[from] Sandstorm\n|upkeep\n|turn|2\n|inactive|Qeqeqeqeq has 30 seconds left.\n|inactive|Qeqeqeqeq also wants the timer to be on.\n|inactive|PruebasNabil has 30 seconds left.\n|inactive|Qeqeqeqeq has 20 seconds left.\n|inactive|Qeqeqeqeq has 15 seconds left.\n|inactive|Qeqeqeqeq has 10 seconds left.\n|\n|t:|1683076306\n|move|p2a: Iron Bundle|Hydro Pump|p1b: Lycanroc\n|-supereffective|p1b: Lycanroc\n|-damage|p1b: Lycanroc|0 fnt\n|faint|p1b: Lycanroc\n|move|p2b: Great Tusk|Rock Slide|p1a: Tyranitar\n|-supereffective|p1a: Tyranitar\n|-damage|p1a: Tyranitar|20\/100\n|move|p1a: Tyranitar|Tera Blast|p2a: Iron Bundle\n|-damage|p2a: Iron Bundle|2\/100\n|\n|-weather|Sandstorm|[upkeep]\n|-damage|p2a: Iron Bundle|0 fnt|[from] Sandstorm\n|-damage|p1a: Tyranitar|15\/100|[from] Sandstorm\n|faint|p2a: Iron Bundle\n|-end|p2a: Iron Bundle|Quark Drive|[silent]\n|upkeep\n|\n|t:|1683076319\n|switch|p2a: Chien-Pao|Chien-Pao, L50|100\/100\n|switch|p1b: Dondozo|Dondozo, L50, F|100\/100\n|-ability|p2a: Chien-Pao|Sword of Ruin\n|turn|3\n|j| merahmerona\n|\n|t:|1683076331\n|switch|p1a: Tatsugiri|Tatsugiri-Stretchy, L50, F|100\/100\n|-activate|p1a: Tatsugiri|ability: Commander|[of] p1b: Dondozo\n|-boost|p1b: Dondozo|atk|2\n|-boost|p1b: Dondozo|spa|2\n|-boost|p1b: Dondozo|spe|2\n|-boost|p1b: Dondozo|def|2\n|-boost|p1b: Dondozo|spd|2\n|move|p2a: Chien-Pao|Protect|p2a: Chien-Pao\n|-singleturn|p2a: Chien-Pao|Protect\n|move|p1b: Dondozo|Order Up|p2a: Chien-Pao\n|-activate|p2a: Chien-Pao|move: Protect\n|move|p2b: Great Tusk|Rock Slide|p1a: Tatsugiri|[spread] p1b\n|-miss|p2b: Great Tusk|p1a: Tatsugiri\n|-damage|p1b: Dondozo|90\/100\n|\n|-weather|Sandstorm|[upkeep]\n|-damage|p1a: Tatsugiri|95\/100|[from] Sandstorm\n|-damage|p2a: Chien-Pao|95\/100|[from] Sandstorm\n|-damage|p1b: Dondozo|83\/100|[from] Sandstorm\n|-heal|p1b: Dondozo|90\/100|[from] item: Leftovers\n|upkeep\n|turn|4\n|inactive|PruebasNabil has 30 seconds left.\n|\n|t:|1683076358\n|switch|p2a: Dragonite|Dragonite, L50, M, shiny|100\/100\n|move|p1b: Dondozo|Order Up|p2a: Dragonite\n|-supereffective|p2a: Dragonite\n|-damage|p2a: Dragonite|54\/100\n|-boost|p1b: Dondozo|spe|1\n|move|p2b: Great Tusk|Close Combat|p1b: Dondozo\n|-damage|p1b: Dondozo|65\/100\n|-unboost|p2b: Great Tusk|def|1\n|-unboost|p2b: Great Tusk|spd|1\n|\n|-weather|Sandstorm|[upkeep]\n|-damage|p1a: Tatsugiri|89\/100|[from] Sandstorm\n|-damage|p1b: Dondozo|59\/100|[from] Sandstorm\n|-damage|p2a: Dragonite|48\/100|[from] Sandstorm\n|-heal|p1b: Dondozo|65\/100|[from] item: Leftovers\n|upkeep\n|turn|5\n|j| 478HaveFun\n|\n|t:|1683076384\n|move|p2a: Dragonite|Extreme Speed|p1b: Dondozo\n|-damage|p1b: Dondozo|49\/100\n|move|p1b: Dondozo|Order Up|p2a: Dragonite\n|-supereffective|p2a: Dragonite\n|-damage|p2a: Dragonite|0 fnt\n|faint|p2a: Dragonite\n|-boost|p1b: Dondozo|spe|1\n|move|p2b: Great Tusk|Close Combat|p1b: Dondozo\n|-damage|p1b: Dondozo|25\/100\n|-unboost|p2b: Great Tusk|def|1\n|-unboost|p2b: Great Tusk|spd|1\n|\n|-weather|none\n|-heal|p1b: Dondozo|31\/100|[from] item: Leftovers\n|upkeep\n|\n|t:|1683076396\n|switch|p2a: Chien-Pao|Chien-Pao, L50|95\/100\n|-ability|p2a: Chien-Pao|Sword of Ruin\n|turn|6\n|\n|t:|1683076403\n|move|p1b: Dondozo|Protect|p1b: Dondozo\n|-singleturn|p1b: Dondozo|Protect\n|move|p2a: Chien-Pao|Sacred Sword|p1b: Dondozo\n|-activate|p1b: Dondozo|move: Protect\n|move|p2b: Great Tusk|Close Combat|p1b: Dondozo\n|-activate|p1b: Dondozo|move: Protect\n|\n|-heal|p1b: Dondozo|37\/100|[from] item: Leftovers\n|upkeep\n|turn|7\n|\n|t:|1683076410\n|move|p2a: Chien-Pao|Protect|p2a: Chien-Pao\n|-singleturn|p2a: Chien-Pao|Protect\n|move|p1b: Dondozo|Earthquake|p2a: Chien-Pao|[spread] p2b\n|-miss|p1b: Dondozo|p1a: Tatsugiri\n|-activate|p2a: Chien-Pao|move: Protect\n|-damage|p2b: Great Tusk|0 fnt\n|faint|p2b: Great Tusk\n|-end|p2b: Great Tusk|Protosynthesis|[silent]\n|\n|-heal|p1b: Dondozo|43\/100|[from] item: Leftovers\n|upkeep\n|turn|8\n|\n|t:|1683076416\n|move|p1b: Dondozo|Protect|p1b: Dondozo\n|-singleturn|p1b: Dondozo|Protect\n|move|p2a: Chien-Pao|Sacred Sword|p1b: Dondozo\n|-activate|p1b: Dondozo|move: Protect\n|\n|-heal|p1b: Dondozo|49\/100|[from] item: Leftovers\n|upkeep\n|turn|9\n|\n|t:|1683076419\n|move|p1b: Dondozo|Order Up|p2a: Chien-Pao\n|-damage|p2a: Chien-Pao|25\/100\n|-boost|p1b: Dondozo|spe|1\n|move|p2a: Chien-Pao|Sacred Sword|p1b: Dondozo\n|-damage|p1b: Dondozo|19\/100\n|\n|-heal|p1b: Dondozo|25\/100|[from] item: Leftovers\n|upkeep\n|turn|10\n|\n|t:|1683076424\n|move|p1b: Dondozo|Order Up|p2a: Chien-Pao\n|-damage|p2a: Chien-Pao|0 fnt\n|faint|p2a: Chien-Pao\n|\n|win|Qeqeqeqeq\n|raw|Qeqeqeqeq's rating: 1722 → 1737<\/strong> (+15 for winning)\n|raw|PruebasNabil's rating: 1633 → 1618<\/strong> (-15 for losing)\n|l|\u2606PruebasNabil\n|l| 478HaveFun\n","uploadtime":1683076697,"views":11,"p1id":"qeqeqeqeq","p2id":"pruebasnabil","formatid":"gen9vgc2023regulationc","rating":1618,"private":0,"password":""}