{"id":"gen9vgc2023regulationc-1850981257","p1":"Draco Jack17","p2":"Skellen1","format":"[Gen 9] VGC 2023 Regulation C","log":"|j|\u2606Draco Jack17\n|j|\u2606Skellen1\n|t:|1682389798\n|gametype|doubles\n|player|p1|Draco Jack17|n|1238\n|player|p2|Skellen1|169|1216\n|teamsize|p1|6\n|teamsize|p2|6\n|gen|9\n|tier|[Gen 9] VGC 2023 Regulation C\n|rated|\n|rule|Species Clause: Limit one of each Pok\u00e9mon\n|rule|Item Clause: Limit one of each item\n|clearpoke\n|poke|p1|Houndstone, L50, M|\n|poke|p1|Tyranitar, L50, M|\n|poke|p1|Palafin, L50, F|\n|poke|p1|Chien-Pao, L50|\n|poke|p1|Chi-Yu, L50|\n|poke|p1|Dragapult, L50, M|\n|poke|p2|Ting-Lu, L50|\n|poke|p2|Amoonguss, L50, M|\n|poke|p2|Garganacl, L50, M|\n|poke|p2|Arcanine, L50, F|\n|poke|p2|Roaring Moon, L50|\n|poke|p2|Iron Bundle, L50|\n|teampreview|4\nDraco Jack17 has agreed to open team sheets.\nSkellen1 has agreed to open team sheets.\n|\n|t:|1682389868\n|start\n|switch|p1a: Skellydoge|Houndstone, L50, M|100\/100\n|switch|p1b: All Might|Palafin, L50, F|100\/100\n|switch|p2a: Ting-Lu|Ting-Lu, L50|100\/100\n|switch|p2b: Roaring Moon|Roaring Moon, L50|100\/100\n|-ability|p2a: Ting-Lu|Vessel of Ruin\n|-enditem|p2b: Roaring Moon|Booster Energy\n|-activate|p2b: Roaring Moon|ability: Protosynthesis|[fromitem]\n|-start|p2b: Roaring Moon|protosynthesisatk\n|turn|1\n|\n|t:|1682389909\n|detailschange|p1b: All Might|Palafin-Hero, L50, F\n|switch|p1b: Rawr XD|Tyranitar, L50, M|100\/100\n|-weather|Sandstorm|[from] ability: Sand Stream|[of] p1b: Rawr XD\n|move|p1a: Skellydoge|Will-O-Wisp|p2b: Roaring Moon\n|-status|p2b: Roaring Moon|brn\n|move|p2b: Roaring Moon|Jaw Lock|p1b: Rawr XD\n|-resisted|p1b: Rawr XD\n|-crit|p1b: Rawr XD\n|-damage|p1b: Rawr XD|83\/100\n|-activate|p2b: Roaring Moon|trapped\n|-activate|p1b: Rawr XD|trapped\n|move|p2a: Ting-Lu|Ruination|p1b: Rawr XD\n|-damage|p1b: Rawr XD|42\/100\n|\n|-weather|Sandstorm|[upkeep]\n|-damage|p2b: Roaring Moon|95\/100 brn|[from] Sandstorm\n|-damage|p2b: Roaring Moon|89\/100 brn|[from] brn\n|upkeep\n|turn|2\n|\n|t:|1682389959\n|move|p1a: Skellydoge|Howl|p1a: Skellydoge|[spread] p1a,p1b\n|-boost|p1a: Skellydoge|atk|1\n|-boost|p1b: Rawr XD|atk|1\n|move|p2b: Roaring Moon|Dragon Dance|p2b: Roaring Moon\n|-boost|p2b: Roaring Moon|atk|1\n|-boost|p2b: Roaring Moon|spe|1\n|move|p1b: Rawr XD|Low Kick|p2a: Ting-Lu\n|-supereffective|p2a: Ting-Lu\n|-damage|p2a: Ting-Lu|34\/100\n|move|p2a: Ting-Lu|Stomping Tantrum|p1b: Rawr XD\n|-supereffective|p1b: Rawr XD\n|-damage|p1b: Rawr XD|0 fnt\n|faint|p1b: Rawr XD\n|\n|-weather|Sandstorm|[upkeep]\n|-damage|p2b: Roaring Moon|83\/100 brn|[from] Sandstorm\n|-damage|p2b: Roaring Moon|77\/100 brn|[from] brn\n|upkeep\n|\n|t:|1682389975\n|switch|p1b: All Might|Palafin-Hero, L50, F|100\/100\n|-activate|p1b: All Might|ability: Zero to Hero\n|turn|3\n|\n|t:|1682389987\n|move|p1b: All Might|Jet Punch|p2a: Ting-Lu\n|-supereffective|p2a: Ting-Lu\n|-damage|p2a: Ting-Lu|0 fnt\n|faint|p2a: Ting-Lu\n|move|p1a: Skellydoge|Scary Face|p2b: Roaring Moon\n|-unboost|p2b: Roaring Moon|spe|2\n|move|p2b: Roaring Moon|Jaw Lock|p1a: Skellydoge\n|-supereffective|p1a: Skellydoge\n|-damage|p1a: Skellydoge|9\/100\n|-activate|p2b: Roaring Moon|trapped\n|-enditem|p1a: Skellydoge|Sitrus Berry|[eat]\n|-heal|p1a: Skellydoge|34\/100|[from] item: Sitrus Berry\n|\n|-weather|Sandstorm|[upkeep]\n|-damage|p2b: Roaring Moon|72\/100 brn|[from] Sandstorm\n|-damage|p2b: Roaring Moon|66\/100 brn|[from] brn\n|upkeep\n|\n|t:|1682389997\n|switch|p2a: Garganacl|Garganacl, L50, M|100\/100\n|turn|4\n|\n|t:|1682390033\n|-terastallize|p2a: Garganacl|Ghost\n|move|p1b: All Might|Protect|p1b: All Might\n|-singleturn|p1b: All Might|Protect\n|move|p2b: Roaring Moon|Protect|p2b: Roaring Moon\n|-singleturn|p2b: Roaring Moon|Protect\n|move|p1a: Skellydoge|Howl|p1a: Skellydoge|[spread] p1a,p1b\n|-boost|p1a: Skellydoge|atk|1\n|-boost|p1b: All Might|atk|1\n|move|p2a: Garganacl|Salt Cure|p1a: Skellydoge\n|-damage|p1a: Skellydoge|20\/100\n|-start|p1a: Skellydoge|Salt Cure\n|\n|-weather|Sandstorm|[upkeep]\n|-damage|p2b: Roaring Moon|60\/100 brn|[from] Sandstorm\n|-damage|p2a: Garganacl|95\/100|[from] Sandstorm\n|-heal|p2a: Garganacl|100\/100|[from] item: Leftovers\n|-damage|p2b: Roaring Moon|54\/100 brn|[from] brn\n|-damage|p1a: Skellydoge|7\/100|[from] Salt Cure\n|upkeep\n|turn|5\n|\n|t:|1682390064\n|-terastallize|p1b: All Might|Water\n|move|p2a: Garganacl|Protect|p2a: Garganacl\n|-singleturn|p2a: Garganacl|Protect\n|move|p1a: Skellydoge|Howl|p1a: Skellydoge|[spread] p1a,p1b\n|-boost|p1a: Skellydoge|atk|1\n|-boost|p1b: All Might|atk|1\n|move|p1b: All Might|Wave Crash|p2a: Garganacl\n|-activate|p2a: Garganacl|move: Protect\n|move|p2b: Roaring Moon|Acrobatics|p1a: Skellydoge\n|-damage|p1a: Skellydoge|0 fnt\n|faint|p1a: Skellydoge\n|\n|-weather|none\n|-damage|p2b: Roaring Moon|48\/100 brn|[from] brn\n|upkeep\n|\n|t:|1682390069\n|switch|p1a: Caillou|Chi-Yu, L50|100\/100\n|-ability|p1a: Caillou|Beads of Ruin\n|turn|6\n|\n|t:|1682390090\n|move|p1b: All Might|Jet Punch|p2a: Garganacl\n|-damage|p2a: Garganacl|22\/100\n|move|p1a: Caillou|Dark Pulse|p2a: Garganacl\n|-supereffective|p2a: Garganacl\n|-damage|p2a: Garganacl|0 fnt\n|faint|p2a: Garganacl\n|move|p2b: Roaring Moon|Dragon Dance|p2b: Roaring Moon\n|-boost|p2b: Roaring Moon|atk|1\n|-boost|p2b: Roaring Moon|spe|1\n|\n|-damage|p2b: Roaring Moon|43\/100 brn|[from] brn\n|upkeep\n|\n|t:|1682390093\n|switch|p2a: Amoonguss|Amoonguss, L50, M|100\/100\n|turn|7\n|\n|t:|1682390105\n|move|p1b: All Might|Jet Punch|p2b: Roaring Moon\n|-resisted|p2b: Roaring Moon\n|-damage|p2b: Roaring Moon|0 fnt\n|faint|p2b: Roaring Moon\n|-end|p2b: Roaring Moon|Protosynthesis|[silent]\n|move|p1a: Caillou|Heat Wave|p2a: Amoonguss\n|-supereffective|p2a: Amoonguss\n|-damage|p2a: Amoonguss|0 fnt\n|faint|p2a: Amoonguss\n|\n|win|Draco Jack17\n|raw|Draco Jack17's rating: 1238 → 1261<\/strong> (+23 for winning)\n|raw|Skellen1's rating: 1216 → 1193<\/strong> (-23 for losing)\n|l|\u2606Skellen1\n","uploadtime":1682390133,"views":11,"p1id":"dracojack17","p2id":"skellen1","formatid":"gen9vgc2023regulationc","rating":1193,"private":0,"password":""}