{"id":"gen9vgc2023regulationc-1845275590","p1":"SceptoiseBRTESTE","p2":"El Bamfo 420","format":"[Gen 9] VGC 2023 Regulation C","log":"|j|\u2606SceptoiseBRTESTE\n|j|\u2606El Bamfo 420\n|t:|1681706068\n|gametype|doubles\n|player|p1|SceptoiseBRTESTE|palmer|1050\n|player|p2|El Bamfo 420|170|1055\n|teamsize|p1|6\n|teamsize|p2|6\n|gen|9\n|tier|[Gen 9] VGC 2023 Regulation C\n|rated|\n|rule|Species Clause: Limit one of each Pok\u00e9mon\n|rule|Item Clause: Limit one of each item\n|clearpoke\n|poke|p1|Wo-Chien, L50|\n|poke|p1|Ampharos, L50, F|\n|poke|p1|Raichu, L50, F|\n|poke|p1|Garchomp, L50, M|\n|poke|p1|Sandy Shocks, L50|\n|poke|p1|Espeon, L50, F|\n|poke|p2|Annihilape, L50, F|\n|poke|p2|Dudunsparce-*, L50, F|\n|poke|p2|Chien-Pao, L50|\n|poke|p2|Mimikyu, L50, M|\n|poke|p2|Amoonguss, L50, F|\n|poke|p2|Garganacl, L50, F|\n|teampreview|4\n|inactive|Battle timer is ON: inactive players will automatically lose when time's up. (requested by SceptoiseBRTESTE)\n|inactive|El Bamfo 420 has 60 seconds left.\n|\n|t:|1681706106\n|start\n|switch|p1a: Ampharos|Ampharos, L50, F|100\/100\n|switch|p1b: Raichu|Raichu, L50, F|100\/100\n|switch|p2a: Annihilape|Annihilape, L50, F|100\/100\n|switch|p2b: Dudunsparce|Dudunsparce, L50, F|100\/100\n|-item|p1a: Ampharos|Air Balloon\n|turn|1\n|inactive|El Bamfo 420 has 30 seconds left.\n|inactive|El Bamfo 420 has 20 seconds left.\n|inactive|El Bamfo 420 has 15 seconds left.\n|\n|t:|1681706150\n|move|p1b: Raichu|Fake Out|p2b: Dudunsparce\n|-damage|p2b: Dudunsparce|90\/100\n|-damage|p1b: Raichu|91\/100|[from] item: Life Orb\n|move|p2a: Annihilape|Beat Up|p2b: Dudunsparce\n|-damage|p2b: Dudunsparce|85\/100\n|-ability|p2b: Dudunsparce|Rattled|boost\n|-boost|p2b: Dudunsparce|spe|1\n|-damage|p2b: Dudunsparce|80\/100\n|-ability|p2b: Dudunsparce|Rattled|boost\n|-boost|p2b: Dudunsparce|spe|1\n|-damage|p2b: Dudunsparce|74\/100\n|-ability|p2b: Dudunsparce|Rattled|boost\n|-boost|p2b: Dudunsparce|spe|1\n|-damage|p2b: Dudunsparce|70\/100\n|-ability|p2b: Dudunsparce|Rattled|boost\n|-boost|p2b: Dudunsparce|spe|1\n|-hitcount|p2b: Dudunsparce|4\n|cant|p2b: Dudunsparce|flinch\n|move|p1a: Ampharos|Reflect|p1a: Ampharos\n|-sidestart|p1: SceptoiseBRTESTE|Reflect\n|\n|upkeep\n|turn|2\n|inactive|SceptoiseBRTESTE has 30 seconds left.\n|inactive|El Bamfo 420 has 30 seconds left.\n|\n|t:|1681706184\n|move|p2b: Dudunsparce|Drill Run|p1b: Raichu\n|-supereffective|p1b: Raichu\n|-damage|p1b: Raichu|0 fnt\n|faint|p1b: Raichu\n|move|p2a: Annihilape|Beat Up|p1a: Ampharos\n|-damage|p1a: Ampharos|98\/100\n|-enditem|p1a: Ampharos|Air Balloon\n|-damage|p1a: Ampharos|96\/100\n|-damage|p1a: Ampharos|93\/100\n|-damage|p1a: Ampharos|91\/100\n|-hitcount|p1a: Ampharos|4\n|move|p1a: Ampharos|Light Screen|p1a: Ampharos\n|-sidestart|p1: SceptoiseBRTESTE|move: Light Screen\n|\n|upkeep\n|\n|t:|1681706196\n|switch|p1b: Wo-Chien|Wo-Chien, L50|100\/100\n|-ability|p1b: Wo-Chien|Tablets of Ruin\n|turn|3\n|\n|t:|1681706215\n|switch|p2a: Amoonguss|Amoonguss, L50, F|100\/100\n|-terastallize|p1b: Wo-Chien|Poison\n|move|p1a: Ampharos|Protect|p1a: Ampharos\n|-singleturn|p1a: Ampharos|Protect\n|move|p2b: Dudunsparce|Drill Run|p1a: Ampharos\n|-activate|p1a: Ampharos|move: Protect\n|move|p1b: Wo-Chien|Leech Seed|p2b: Dudunsparce\n|-start|p2b: Dudunsparce|move: Leech Seed\n|\n|-damage|p2b: Dudunsparce|58\/100|[from] Leech Seed|[of] p1b: Wo-Chien\n|upkeep\n|turn|4\n|\n|t:|1681706239\n|switch|p2b: Chien-Pao|Chien-Pao, L50|100\/100\n|-ability|p2b: Chien-Pao|Sword of Ruin\n|move|p1b: Wo-Chien|Protect|p1b: Wo-Chien\n|-singleturn|p1b: Wo-Chien|Protect\n|move|p1a: Ampharos|Discharge|p2b: Chien-Pao|[spread] p2a,p2b\n|-activate|p1b: Wo-Chien|move: Protect\n|-resisted|p2a: Amoonguss\n|-damage|p2a: Amoonguss|90\/100\n|-damage|p2b: Chien-Pao|63\/100\n|-status|p2a: Amoonguss|par\n|-status|p2b: Chien-Pao|par\n|move|p2a: Amoonguss|Spore|p1a: Ampharos\n|-status|p1a: Ampharos|slp|[from] move: Spore\n|\n|-heal|p2a: Amoonguss|96\/100 par|[from] item: Black Sludge\n|upkeep\n|turn|5\n|inactive|El Bamfo 420 has 30 seconds left.\n|inactive|El Bamfo 420 has 20 seconds left.\n|inactive|El Bamfo 420 has 15 seconds left.\n|\n|t:|1681706279\n|move|p2b: Chien-Pao|Ice Spinner|p1b: Wo-Chien\n|-crit|p1b: Wo-Chien\n|-damage|p1b: Wo-Chien|53\/100\n|move|p1b: Wo-Chien|Taunt|p2a: Amoonguss\n|-start|p2a: Amoonguss|move: Taunt\n|cant|p1a: Ampharos|slp\n|cant|p2a: Amoonguss|par\n|\n|-heal|p1b: Wo-Chien|59\/100|[from] item: Leftovers\n|-heal|p2a: Amoonguss|100\/100 par|[from] item: Black Sludge\n|-sideend|p1: SceptoiseBRTESTE|Reflect\n|upkeep\n|turn|6\n|inactive|El Bamfo 420 has 30 seconds left.\n|inactive|SceptoiseBRTESTE has 30 seconds left.\n|\n|t:|1681706316\n|move|p2b: Chien-Pao|Ice Spinner|p1b: Wo-Chien\n|-damage|p1b: Wo-Chien|30\/100\n|move|p1b: Wo-Chien|Leech Seed|p2b: Chien-Pao\n|-start|p2b: Chien-Pao|move: Leech Seed\n|-curestatus|p1a: Ampharos|slp|[msg]\n|move|p1a: Ampharos|Reflect|p1a: Ampharos\n|-sidestart|p1: SceptoiseBRTESTE|Reflect\n|move|p2a: Amoonguss|Pollen Puff|p2b: Chien-Pao\n|-heal|p2b: Chien-Pao|100\/100 par\n|\n|-heal|p1b: Wo-Chien|36\/100|[from] item: Leftovers\n|-damage|p2b: Chien-Pao|88\/100 par|[from] Leech Seed|[of] p1b: Wo-Chien\n|-heal|p1b: Wo-Chien|46\/100|[silent]\n|-sideend|p1: SceptoiseBRTESTE|move: Light Screen\n|upkeep\n|turn|7\n|inactive|El Bamfo 420 has 30 seconds left.\n|inactive|SceptoiseBRTESTE has 30 seconds left.\n|\n|t:|1681706348\n|move|p1b: Wo-Chien|Protect|p1b: Wo-Chien\n|-singleturn|p1b: Wo-Chien|Protect\n|cant|p2b: Chien-Pao|par\n|move|p1a: Ampharos|Discharge|p2a: Amoonguss|[spread] p2a,p2b\n|-activate|p1b: Wo-Chien|move: Protect\n|-resisted|p2a: Amoonguss\n|-damage|p2a: Amoonguss|91\/100 par\n|-damage|p2b: Chien-Pao|50\/100 par\n|move|p2a: Amoonguss|Pollen Puff|p1a: Ampharos\n|-damage|p1a: Ampharos|71\/100\n|\n|-heal|p1b: Wo-Chien|53\/100|[from] item: Leftovers\n|-heal|p2a: Amoonguss|97\/100 par|[from] item: Black Sludge\n|-damage|p2b: Chien-Pao|38\/100 par|[from] Leech Seed|[of] p1b: Wo-Chien\n|-heal|p1b: Wo-Chien|63\/100|[silent]\n|-end|p2a: Amoonguss|move: Taunt\n|upkeep\n|turn|8\n|inactive|El Bamfo 420 has 30 seconds left.\n|\n|t:|1681706375\n|move|p2b: Chien-Pao|Crunch|p1b: Wo-Chien\n|-damage|p1b: Wo-Chien|42\/100\n|-unboost|p1b: Wo-Chien|def|1\n|move|p1b: Wo-Chien|Ruination|p2a: Amoonguss\n|-damage|p2a: Amoonguss|49\/100 par\n|move|p1a: Ampharos|Discharge|p2b: Chien-Pao|[spread] p1b,p2a,p2b\n|-resisted|p2a: Amoonguss\n|-damage|p1b: Wo-Chien|28\/100\n|-damage|p2a: Amoonguss|39\/100 par\n|-damage|p2b: Chien-Pao|2\/100 par\n|cant|p2a: Amoonguss|par\n|\n|-heal|p1b: Wo-Chien|34\/100|[from] item: Leftovers\n|-heal|p2a: Amoonguss|45\/100 par|[from] item: Black Sludge\n|-damage|p2b: Chien-Pao|0 fnt|[from] Leech Seed|[of] p1b: Wo-Chien\n|-heal|p1b: Wo-Chien|35\/100|[silent]\n|faint|p2b: Chien-Pao\n|upkeep\n|inactive|El Bamfo 420 has 30 seconds left.\n|\n|t:|1681706400\n|switch|p2b: Annihilape|Annihilape, L50, F|100\/100\n|turn|9\n|\n|t:|1681706413\n|switch|p2a: Dudunsparce|Dudunsparce, L50, F|58\/100\n|move|p1b: Wo-Chien|Protect|p1b: Wo-Chien\n|-singleturn|p1b: Wo-Chien|Protect\n|move|p2b: Annihilape|Beat Up|p2a: Dudunsparce\n|-damage|p2a: Dudunsparce|54\/100\n|-ability|p2a: Dudunsparce|Rattled|boost\n|-boost|p2a: Dudunsparce|spe|1\n|-damage|p2a: Dudunsparce|50\/100\n|-ability|p2a: Dudunsparce|Rattled|boost\n|-boost|p2a: Dudunsparce|spe|1\n|-hitcount|p2a: Dudunsparce|2\n|move|p1a: Ampharos|Discharge|p2a: Dudunsparce|[spread] p2a,p2b\n|-activate|p1b: Wo-Chien|move: Protect\n|-damage|p2a: Dudunsparce|26\/100\n|-damage|p2b: Annihilape|78\/100\n|-status|p2a: Dudunsparce|par\n|\n|-heal|p1b: Wo-Chien|42\/100|[from] item: Leftovers\n|upkeep\n|turn|10\n|inactive|SceptoiseBRTESTE has 30 seconds left.\n|inactive|El Bamfo 420 has 30 seconds left.\n|\n|t:|1681706448\n|switch|p2b: Amoonguss|Amoonguss, L50, F|78\/100 par\n|-terastallize|p2a: Dudunsparce|Normal\n|move|p2a: Dudunsparce|Hyper Drill|p1b: Wo-Chien\n|-damage|p1b: Wo-Chien|0 fnt\n|faint|p1b: Wo-Chien\n|move|p1a: Ampharos|Discharge|p2b: Amoonguss|[spread] p2a,p2b\n|-resisted|p2b: Amoonguss\n|-damage|p2a: Dudunsparce|0 fnt\n|-damage|p2b: Amoonguss|68\/100 par\n|faint|p2a: Dudunsparce\n|\n|-heal|p2b: Amoonguss|74\/100 par|[from] item: Black Sludge\n|-sideend|p1: SceptoiseBRTESTE|Reflect\n|upkeep\n|\n|t:|1681706464\n|switch|p2a: Annihilape|Annihilape, L50, F|78\/100\n|switch|p1b: Sandy Shocks|Sandy Shocks, L50|100\/100\n|turn|11\n|\n|t:|1681706481\n|move|p2a: Annihilape|Phantom Force||[still]\n|-prepare|p2a: Annihilape|Phantom Force\n|move|p1b: Sandy Shocks|Earth Power|p2a: Annihilape|[miss]\n|-miss|p1b: Sandy Shocks|p2a: Annihilape\n|move|p1a: Ampharos|Reflect|p1a: Ampharos\n|-sidestart|p1: SceptoiseBRTESTE|Reflect\n|move|p2b: Amoonguss|Spore|p1a: Ampharos\n|-status|p1a: Ampharos|slp|[from] move: Spore\n|\n|-heal|p2b: Amoonguss|80\/100 par|[from] item: Black Sludge\n|upkeep\n|turn|12\n|\n|t:|1681706496\n|move|p2a: Annihilape|Phantom Force|p1b: Sandy Shocks|[from]lockedmove\n|-damage|p1b: Sandy Shocks|76\/100\n|move|p1b: Sandy Shocks|Earth Power|p2a: Annihilape\n|-damage|p2a: Annihilape|34\/100\n|cant|p1a: Ampharos|slp\n|move|p2b: Amoonguss|Pollen Puff|p2a: Annihilape\n|-heal|p2a: Annihilape|83\/100\n|\n|-heal|p2b: Amoonguss|86\/100 par|[from] item: Black Sludge\n|upkeep\n|turn|13\n|inactive|El Bamfo 420 has 30 seconds left.\n|inactive|El Bamfo 420 has 20 seconds left.\n|\n|t:|1681706533\n|move|p2a: Annihilape|Phantom Force||[still]\n|-prepare|p2a: Annihilape|Phantom Force\n|move|p1b: Sandy Shocks|Earth Power|p2b: Amoonguss\n|-damage|p2b: Amoonguss|49\/100 par\n|cant|p1a: Ampharos|slp\n|cant|p2b: Amoonguss|par\n|\n|-heal|p2b: Amoonguss|55\/100 par|[from] item: Black Sludge\n|upkeep\n|turn|14\n|\n|t:|1681706549\n|move|p2a: Annihilape|Phantom Force|p1b: Sandy Shocks|[from]lockedmove\n|-damage|p1b: Sandy Shocks|50\/100\n|move|p1b: Sandy Shocks|Earth Power|p2b: Amoonguss\n|-damage|p2b: Amoonguss|16\/100 par\n|cant|p1a: Ampharos|slp\n|move|p2b: Amoonguss|Pollen Puff|p1b: Sandy Shocks\n|-crit|p1b: Sandy Shocks\n|-damage|p1b: Sandy Shocks|12\/100\n|\n|-heal|p2b: Amoonguss|22\/100 par|[from] item: Black Sludge\n|upkeep\n|turn|15\n|inactive|El Bamfo 420 has 30 seconds left.\n|\n|t:|1681706573\n|cant|p2b: Amoonguss|par\n|move|p2a: Annihilape|Phantom Force||[still]\n|-prepare|p2a: Annihilape|Phantom Force\n|move|p1b: Sandy Shocks|Earth Power|p2b: Amoonguss\n|-damage|p2b: Amoonguss|0 fnt\n|faint|p2b: Amoonguss\n|-curestatus|p1a: Ampharos|slp|[msg]\n|move|p1a: Ampharos|Discharge|p2a: Annihilape|[spread] \n|-miss|p1a: Ampharos|p2a: Annihilape\n|-immune|p1b: Sandy Shocks\n|\n|-sideend|p1: SceptoiseBRTESTE|Reflect\n|upkeep\n|turn|16\n|inactive|El Bamfo 420 has 25 seconds left this turn.\n|inactive|El Bamfo 420 has 20 seconds left.\n|inactive|El Bamfo 420 has 15 seconds left.\n|inactive|El Bamfo 420 has 10 seconds left.\n|\n|t:|1681706590\n|move|p2a: Annihilape|Phantom Force|p1b: Sandy Shocks|[from]lockedmove\n|-damage|p1b: Sandy Shocks|0 fnt\n|faint|p1b: Sandy Shocks\n|-end|p1b: Sandy Shocks|Protosynthesis|[silent]\n|move|p1a: Ampharos|Reflect|p1a: Ampharos\n|-sidestart|p1: SceptoiseBRTESTE|Reflect\n|\n|upkeep\n|turn|17\n|inactive|El Bamfo 420 has 10 seconds left this turn.\n|inactive|El Bamfo 420 has 5 seconds left.\n|\n|t:|1681706600\n|move|p2a: Annihilape|Phantom Force||[still]\n|-prepare|p2a: Annihilape|Phantom Force\n|move|p1a: Ampharos|Discharge|p2a: Annihilape|[miss]\n|-miss|p1a: Ampharos|p2a: Annihilape\n|\n|upkeep\n|turn|18\n|inactive|El Bamfo 420 has 5 seconds left this turn.\n|-message|El Bamfo 420 lost due to inactivity.\n|\n|win|SceptoiseBRTESTE\n|raw|SceptoiseBRTESTE's rating: 1050 → 1083<\/strong> (+33 for winning)\n|raw|El Bamfo 420's rating: 1055 → 1036<\/strong> (-19 for losing)\n","uploadtime":1681706609,"views":7,"p1id":"sceptoisebrteste","p2id":"elbamfo420","formatid":"gen9vgc2023regulationc","rating":1036,"private":0,"password":""}