{"id":"gen9vgc2023regulationc-1849810149","p1":"Babbarabba1818","p2":"haha u rage quit","format":"[Gen 9] VGC 2023 Regulation C","log":"|j|\u2606Babbarabba1818\n|j|\u2606haha u rage quit\n|t:|1682255193\n|gametype|doubles\n|player|p1|Babbarabba1818|2|1220\n|player|p2|haha u rage quit|pokemaniac|1266\n|teamsize|p1|6\n|teamsize|p2|6\n|gen|9\n|tier|[Gen 9] VGC 2023 Regulation C\n|rated|\n|rule|Species Clause: Limit one of each Pok\u00e9mon\n|rule|Item Clause: Limit one of each item\n|clearpoke\n|poke|p1|Eelektross, L50, M|\n|poke|p1|Gyarados, L50, F|\n|poke|p1|Flutter Mane, L50|\n|poke|p1|Amoonguss, L50, F|\n|poke|p1|Garchomp, L50, F|\n|poke|p1|Gengar, L50, M|\n|poke|p2|Torkoal, L50, M|\n|poke|p2|Dondozo, L50, M|\n|poke|p2|Indeedee-F, L50, F|\n|poke|p2|Tatsugiri-Droopy, L50, M|\n|poke|p2|Kingambit, L50, M|\n|poke|p2|Hatterene, L50, F|\n|teampreview|4\n|inactive|Battle timer is ON: inactive players will automatically lose when time's up. (requested by haha u rage quit)\n|\n|t:|1682255237\n|start\n|switch|p1a: Garchomp|Garchomp, L50, F|100\/100\n|switch|p1b: Eelektross|Eelektross, L50, M|100\/100\n|switch|p2a: Indeedee|Indeedee-F, L50, F, shiny|100\/100\n|switch|p2b: Hatterene|Hatterene, L50, F|100\/100\n|-fieldstart|move: Psychic Terrain|[from] ability: Psychic Surge|[of] p2a: Indeedee\n|-enditem|p2a: Indeedee|Psychic Seed\n|-boost|p2a: Indeedee|spd|1|[from] item: Psychic Seed\n|turn|1\n|\n|t:|1682255261\n|-terastallize|p1a: Garchomp|Fire\n|move|p2a: Indeedee|Follow Me|p2a: Indeedee\n|-singleturn|p2a: Indeedee|move: Follow Me\n|move|p1a: Garchomp|Earthquake|p2b: Hatterene|[spread] p2a,p2b\n|-immune|p1b: Eelektross|[from] ability: Levitate\n|-damage|p2a: Indeedee|39\/100\n|-damage|p2b: Hatterene|51\/100\n|move|p1b: Eelektross|Coil|p1b: Eelektross\n|-boost|p1b: Eelektross|atk|1\n|-boost|p1b: Eelektross|def|1\n|-boost|p1b: Eelektross|accuracy|1\n|move|p2b: Hatterene|Trick Room|p2b: Hatterene\n|-fieldstart|move: Trick Room|[of] p2b: Hatterene\n|\n|upkeep\n|turn|2\n|inactive|Babbarabba1818 has 30 seconds left.\n|\n|t:|1682255294\n|move|p2a: Indeedee|Helping Hand|p2b: Hatterene\n|-singleturn|p2b: Hatterene|Helping Hand|[of] p2a: Indeedee\n|move|p2b: Hatterene|Psychic|p1a: Garchomp\n|-crit|p1a: Garchomp\n|-damage|p1a: Garchomp|0 fnt\n|faint|p1a: Garchomp\n|move|p1b: Eelektross|Drain Punch|p2b: Hatterene\n|-resisted|p2b: Hatterene\n|-damage|p2b: Hatterene|41\/100\n|\n|upkeep\n|\n|t:|1682255306\n|switch|p1a: Amoonguss|Amoonguss, L50, F|100\/100\n|turn|3\n|\n|t:|1682255318\n|move|p2a: Indeedee|Helping Hand|p2b: Hatterene\n|-singleturn|p2b: Hatterene|Helping Hand|[of] p2a: Indeedee\n|move|p2b: Hatterene|Psychic|p1a: Amoonguss\n|-supereffective|p1a: Amoonguss\n|-damage|p1a: Amoonguss|0 fnt\n|faint|p1a: Amoonguss\n|move|p1b: Eelektross|Thunder Punch|p2a: Indeedee\n|-damage|p2a: Indeedee|0 fnt\n|faint|p2a: Indeedee\n|\n|upkeep\n|\n|t:|1682255327\n|switch|p1a: Gengar|Gengar, L50, M|100\/100\n|switch|p2a: Torkoal|Torkoal, L50, M|100\/100\n|-weather|SunnyDay|[from] ability: Drought|[of] p2a: Torkoal\n|turn|4\n|\n|t:|1682255343\n|move|p1b: Eelektross|Protect|p1b: Eelektross\n|-singleturn|p1b: Eelektross|Protect\n|move|p2a: Torkoal|Eruption|p1a: Gengar|[spread] p1a\n|-activate|p1b: Eelektross|move: Protect\n|-enditem|p1a: Gengar|Focus Sash\n|-damage|p1a: Gengar|1\/100\n|-start|p2a: Torkoal|Disable|Eruption|[from] ability: Cursed Body|[of] p1a: Gengar\n|move|p2b: Hatterene|Dazzling Gleam|p1a: Gengar|[spread] p1a\n|-activate|p1b: Eelektross|move: Protect\n|-resisted|p1a: Gengar\n|-damage|p1a: Gengar|0 fnt\n|faint|p1a: Gengar\n|\n|-weather|SunnyDay|[upkeep]\n|upkeep\n|turn|5\n|l|\u2606Babbarabba1818\n|inactive|Babbarabba1818 disconnected and has a minute to reconnect!\n|player|p1|\n|inactive|Babbarabba1818 has 30 seconds left.\n|inactive|Babbarabba1818 has 20 seconds left.\n|inactive|Babbarabba1818 has 15 seconds left.\n|inactive|Babbarabba1818 has 10 seconds left.\n|inactive|Babbarabba1818 has 5 seconds left.\n|-message|Babbarabba1818 lost due to inactivity.\n|\n|win|haha u rage quit\n|raw|Babbarabba1818's rating: 1220 → 1198<\/strong> (-22 for losing)\n|raw|haha u rage quit's rating: 1266 → 1288<\/strong> (+22 for winning)\n","uploadtime":1682255401,"views":16,"p1id":"babbarabba1818","p2id":"hahauragequit","formatid":"gen9vgc2023regulationc","rating":1198,"private":0,"password":""}