{"id":"gen9vgc2023regulationc-1849682440","p1":"gorilnx","p2":"borgchain","format":"[Gen 9] VGC 2023 Regulation C","log":"|j|\u2606gorilnx\n|j|\u2606borgchain\n|t:|1682231489\n|gametype|doubles\n|player|p1|gorilnx|dawn-gen4pt|1060\n|player|p2|borgchain|101|1000\n|teamsize|p1|6\n|teamsize|p2|6\n|gen|9\n|tier|[Gen 9] VGC 2023 Regulation C\n|rated|\n|rule|Species Clause: Limit one of each Pok\u00e9mon\n|rule|Item Clause: Limit one of each item\n|clearpoke\n|poke|p1|Palafin, L50, F|\n|poke|p1|Amoonguss, L50, F|\n|poke|p1|Flutter Mane, L50|\n|poke|p1|Arcanine, L50, M|\n|poke|p1|Ting-Lu, L50|\n|poke|p1|Baxcalibur, L50, M|\n|poke|p2|Indeedee-F, L50, F|\n|poke|p2|Armarouge, L50, F|\n|poke|p2|Tyranitar, L50, F|\n|poke|p2|Lycanroc, L50, M|\n|poke|p2|Amoonguss, L50, M|\n|poke|p2|Iron Hands, L50|\n|teampreview|4\n|inactive|Battle timer is ON: inactive players will automatically lose when time's up. (requested by gorilnx)\n|inactive|borgchain has 60 seconds left.\n|inactive|gorilnx has 60 seconds left.\n|inactive|borgchain has 30 seconds left.\n|\n|t:|1682231561\n|start\n|switch|p1a: Palafin|Palafin, L50, F|100\/100\n|switch|p1b: Flutter Mane|Flutter Mane, L50|100\/100\n|switch|p2a: Armarouge|Armarouge, L50, F, shiny|100\/100\n|switch|p2b: Amoonguss|Amoonguss, L50, M, shiny|100\/100\n|-enditem|p1b: Flutter Mane|Booster Energy\n|-activate|p1b: Flutter Mane|ability: Protosynthesis|[fromitem]\n|-start|p1b: Flutter Mane|protosynthesisspe\n|turn|1\n|inactive|borgchain has 30 seconds left.\n|\n|t:|1682231593\n|detailschange|p1a: Palafin|Palafin-Hero, L50, F\n|switch|p1a: Ting-Lu|Ting-Lu, L50|100\/100\n|-ability|p1a: Ting-Lu|Vessel of Ruin\n|-terastallize|p2a: Armarouge|Grass\n|move|p1b: Flutter Mane|Protect|p1b: Flutter Mane\n|-singleturn|p1b: Flutter Mane|Protect\n|move|p2b: Amoonguss|Spore|p1a: Ting-Lu\n|-status|p1a: Ting-Lu|slp|[from] move: Spore\n|move|p2a: Armarouge|Trick Room|p2a: Armarouge\n|-fieldstart|move: Trick Room|[of] p2a: Armarouge\n|\n|upkeep\n|turn|2\n|inactive|gorilnx has 30 seconds left.\n|inactive|borgchain has 30 seconds left.\n|inactive|borgchain has 20 seconds left.\n|inactive|borgchain has 15 seconds left.\n|inactive|borgchain has 10 seconds left.\n|inactive|borgchain has 5 seconds left.\n|\n|t:|1682231643\n|-end|p1b: Flutter Mane|Protosynthesis|[silent]\n|switch|p1b: Amoonguss|Amoonguss, L50, F|100\/100\n|move|p2b: Amoonguss|Spore|p1b: Amoonguss\n|-immune|p1b: Amoonguss\n|cant|p1a: Ting-Lu|slp\n|move|p2a: Armarouge|Armor Cannon|p1b: Amoonguss\n|-supereffective|p1b: Amoonguss\n|-damage|p1b: Amoonguss|14\/100\n|-unboost|p2a: Armarouge|def|1\n|-unboost|p2a: Armarouge|spd|1\n|-enditem|p1b: Amoonguss|Sitrus Berry|[eat]\n|-heal|p1b: Amoonguss|39\/100|[from] item: Sitrus Berry\n|\n|upkeep\n|turn|3\n|inactive|borgchain has 30 seconds left.\n|inactive|borgchain has 20 seconds left.\n|\n|t:|1682231681\n|move|p1b: Amoonguss|Protect|p1b: Amoonguss\n|-singleturn|p1b: Amoonguss|Protect\n|move|p2b: Amoonguss|Pollen Puff|p1a: Ting-Lu\n|-supereffective|p1a: Ting-Lu\n|-damage|p1a: Ting-Lu|87\/100 slp\n|cant|p1a: Ting-Lu|slp\n|move|p2a: Armarouge|Armor Cannon|p1b: Amoonguss\n|-activate|p1b: Amoonguss|move: Protect\n|\n|upkeep\n|turn|4\n|inactive|gorilnx has 30 seconds left.\n|\n|t:|1682231707\n|move|p1b: Amoonguss|Protect||[still]\n|-fail|p1b: Amoonguss\n|move|p2b: Amoonguss|Spore|p1a: Ting-Lu\n|-fail|p1a: Ting-Lu|slp\n|-curestatus|p1a: Ting-Lu|slp|[msg]\n|move|p1a: Ting-Lu|Fissure|p2a: Armarouge|[miss]\n|-miss|p1a: Ting-Lu|p2a: Armarouge\n|move|p2a: Armarouge|Armor Cannon|p1b: Amoonguss\n|-supereffective|p1b: Amoonguss\n|-damage|p1b: Amoonguss|0 fnt\n|-unboost|p2a: Armarouge|def|1\n|-unboost|p2a: Armarouge|spd|1\n|faint|p1b: Amoonguss\n|\n|upkeep\n|\n|t:|1682231726\n|switch|p1b: Palafin|Palafin-Hero, L50, F|100\/100\n|-activate|p1b: Palafin|ability: Zero to Hero\n|turn|5\n|\n|t:|1682231746\n|move|p1b: Palafin|Protect|p1b: Palafin\n|-singleturn|p1b: Palafin|Protect\n|move|p2b: Amoonguss|Spore|p1a: Ting-Lu\n|-status|p1a: Ting-Lu|slp|[from] move: Spore\n|cant|p1a: Ting-Lu|slp\n|move|p2a: Armarouge|Expanding Force|p1b: Palafin\n|-activate|p1b: Palafin|move: Protect\n|\n|-fieldend|move: Trick Room\n|upkeep\n|turn|6\n|\n|t:|1682231767\n|move|p1b: Palafin|Wave Crash|p2a: Armarouge\n|-resisted|p2a: Armarouge\n|-damage|p2a: Armarouge|16\/100\n|-damage|p1b: Palafin|76\/100|[from] Recoil\n|cant|p1a: Ting-Lu|slp\n|move|p2b: Amoonguss|Spore|p1b: Palafin\n|-status|p1b: Palafin|slp|[from] move: Spore\n|move|p2a: Armarouge|Trick Room|p2a: Armarouge\n|-fieldstart|move: Trick Room|[of] p2a: Armarouge\n|\n|upkeep\n|turn|7\n|inactive|borgchain has 30 seconds left.\n|\n|t:|1682231795\n|cant|p1b: Palafin|slp\n|move|p2b: Amoonguss|Pollen Puff|p2a: Armarouge\n|-heal|p2a: Armarouge|66\/100\n|-curestatus|p1a: Ting-Lu|slp|[msg]\n|move|p1a: Ting-Lu|Fissure|p2b: Amoonguss|[miss]\n|-miss|p1a: Ting-Lu|p2b: Amoonguss\n|move|p2a: Armarouge|Expanding Force|p1b: Palafin\n|-damage|p1b: Palafin|43\/100 slp\n|\n|upkeep\n|turn|8\n|\n|t:|1682231812\n|-curestatus|p1b: Palafin|slp|[msg]\n|move|p1b: Palafin|Protect|p1b: Palafin\n|-singleturn|p1b: Palafin|Protect\n|move|p2b: Amoonguss|Spore|p1a: Ting-Lu\n|-status|p1a: Ting-Lu|slp|[from] move: Spore\n|cant|p1a: Ting-Lu|slp\n|move|p2a: Armarouge|Expanding Force|p1b: Palafin\n|-activate|p1b: Palafin|move: Protect\n|\n|upkeep\n|turn|9\n|\n|t:|1682231835\n|switch|p2a: Iron Hands|Iron Hands, L50, shiny|100\/100\n|move|p2b: Amoonguss|Spore|p1b: Palafin\n|-status|p1b: Palafin|slp|[from] move: Spore\n|-curestatus|p1a: Ting-Lu|slp|[msg]\n|move|p1a: Ting-Lu|Heavy Slam|p2a: Iron Hands\n|-resisted|p2a: Iron Hands\n|-damage|p2a: Iron Hands|95\/100\n|cant|p1b: Palafin|slp\n|\n|upkeep\n|turn|10\n|inactive|borgchain has 30 seconds left.\n|\n|t:|1682231863\n|-curestatus|p1b: Palafin|slp|[msg]\n|move|p1b: Palafin|Protect|p1b: Palafin\n|-singleturn|p1b: Palafin|Protect\n|move|p2b: Amoonguss|Spore|p1a: Ting-Lu\n|-status|p1a: Ting-Lu|slp|[from] move: Spore\n|move|p2a: Iron Hands|Wild Charge|p1b: Palafin\n|-activate|p1b: Palafin|move: Protect\n|cant|p1a: Ting-Lu|slp\n|\n|-fieldend|move: Trick Room\n|upkeep\n|turn|11\n|inactive|borgchain has 30 seconds left.\n|\n|t:|1682231895\n|move|p1b: Palafin|Wave Crash|p2a: Iron Hands\n|-damage|p2a: Iron Hands|19\/100\n|-enditem|p2a: Iron Hands|Sitrus Berry|[eat]\n|-heal|p2a: Iron Hands|44\/100|[from] item: Sitrus Berry\n|-damage|p1b: Palafin|15\/100|[from] Recoil\n|cant|p1a: Ting-Lu|slp\n|move|p2a: Iron Hands|Wild Charge|p1b: Palafin\n|-supereffective|p1b: Palafin\n|-damage|p1b: Palafin|0 fnt\n|faint|p1b: Palafin\n|-damage|p2a: Iron Hands|40\/100|[from] Recoil\n|move|p2b: Amoonguss|Spore|p1a: Ting-Lu\n|-fail|p1a: Ting-Lu|slp\n|\n|upkeep\n|\n|t:|1682231912\n|switch|p1b: Flutter Mane|Flutter Mane, L50|100\/100\n|turn|12\n|inactive|borgchain has 30 seconds left.\n|inactive|gorilnx has 30 seconds left.\n|\n|t:|1682231942\n|move|p1b: Flutter Mane|Protect|p1b: Flutter Mane\n|-singleturn|p1b: Flutter Mane|Protect\n|-curestatus|p1a: Ting-Lu|slp|[msg]\n|move|p1a: Ting-Lu|Fissure|p2b: Amoonguss|[miss]\n|-miss|p1a: Ting-Lu|p2b: Amoonguss\n|move|p2a: Iron Hands|Close Combat|p1a: Ting-Lu\n|-supereffective|p1a: Ting-Lu\n|-damage|p1a: Ting-Lu|3\/100\n|-unboost|p2a: Iron Hands|def|1\n|-unboost|p2a: Iron Hands|spd|1\n|move|p2b: Amoonguss|Spore|p1b: Flutter Mane\n|-activate|p1b: Flutter Mane|move: Protect\n|\n|upkeep\n|turn|13\n|\n|t:|1682231964\n|move|p1b: Flutter Mane|Moonblast|p2a: Iron Hands\n|-supereffective|p2a: Iron Hands\n|-damage|p2a: Iron Hands|0 fnt\n|faint|p2a: Iron Hands\n|-end|p2a: Iron Hands|Quark Drive|[silent]\n|move|p1a: Ting-Lu|Heavy Slam|p2b: Amoonguss\n|-damage|p2b: Amoonguss|69\/100\n|-damage|p1a: Ting-Lu|0 fnt|[from] item: Rocky Helmet|[of] p2b: Amoonguss\n|faint|p1a: Ting-Lu\n|move|p2b: Amoonguss|Spore|p1b: Flutter Mane\n|-status|p1b: Flutter Mane|slp|[from] move: Spore\n|\n|upkeep\n|-message|gorilnx forfeited.\n|\n|win|borgchain\n|raw|gorilnx's rating: 1060 → 1038<\/strong> (-22 for losing)\n|raw|borgchain's rating: 1000 → 1047<\/strong> (+47 for winning)\n|l|\u2606gorilnx\n","uploadtime":1682231979,"views":15,"p1id":"gorilnx","p2id":"borgchain","formatid":"gen9vgc2023regulationc","rating":1038,"private":0,"password":""}