{"id":"gen9vgc2023regulationc-1845759031","p1":"Ricardo Randorez","p2":"Dieg1","format":"[Gen 9] VGC 2023 Regulation C","log":"|j|\u2606Ricardo Randorez\n|j|\u2606Dieg1\n|t:|1681761877\n|gametype|doubles\n|player|p1|Ricardo Randorez|265|1171\n|player|p2|Dieg1|crasherwake|1135\n|teamsize|p1|6\n|teamsize|p2|6\n|gen|9\n|tier|[Gen 9] VGC 2023 Regulation C\n|rated|\n|rule|Species Clause: Limit one of each Pok\u00e9mon\n|rule|Item Clause: Limit one of each item\n|clearpoke\n|poke|p1|Gyarados, L50, F|\n|poke|p1|Arcanine, L50, F|\n|poke|p1|Dragonite, L50, F|\n|poke|p1|Flutter Mane, L50|\n|poke|p1|Volcarona, L50, F|\n|poke|p1|Chien-Pao, L50|\n|poke|p2|Wo-Chien, L50|\n|poke|p2|Cyclizar, L50, M|\n|poke|p2|Gyarados, L50, M|\n|poke|p2|Volcarona, L50, F|\n|poke|p2|Chien-Pao, L50|\n|poke|p2|Farigiraf, L50, M|\n|teampreview|4\n|inactive|Battle timer is ON: inactive players will automatically lose when time's up. (requested by Dieg1)\n|inactive|Ricardo Randorez has 60 seconds left.\n|inactive|Dieg1 has 60 seconds left.\n|\n|t:|1681761936\n|start\n|switch|p1a: Gyarados|Gyarados, L50, F|100\/100\n|switch|p1b: Flutter Mane|Flutter Mane, L50|100\/100\n|switch|p2a: Wo-Chien|Wo-Chien, L50|100\/100\n|switch|p2b: Gyarados|Gyarados, L50, M|100\/100\n|-ability|p2b: Gyarados|Intimidate|boost\n|-fail|p1a: Gyarados|unboost|[from] item: Clear Amulet|[of] p1a: Gyarados\n|-unboost|p1b: Flutter Mane|atk|1\n|-ability|p2a: Wo-Chien|Tablets of Ruin\n|-enditem|p1b: Flutter Mane|Booster Energy\n|-activate|p1b: Flutter Mane|ability: Protosynthesis|[fromitem]\n|-start|p1b: Flutter Mane|protosynthesisspe\n|turn|1\n|\n|t:|1681761959\n|move|p2b: Gyarados|Protect|p2b: Gyarados\n|-singleturn|p2b: Gyarados|Protect\n|move|p1b: Flutter Mane|Thunderbolt|p2b: Gyarados\n|-activate|p2b: Gyarados|move: Protect\n|move|p1a: Gyarados|Dragon Dance|p1a: Gyarados\n|-boost|p1a: Gyarados|atk|1\n|-boost|p1a: Gyarados|spe|1\n|move|p2a: Wo-Chien|Ruination|p1b: Flutter Mane\n|-damage|p1b: Flutter Mane|51\/100\n|\n|upkeep\n|turn|2\n|inactive|Ricardo Randorez has 30 seconds left.\n|\n|t:|1681761989\n|switch|p2b: Volcarona|Volcarona, L50, F|100\/100\n|-terastallize|p1a: Gyarados|Flying\n|move|p1b: Flutter Mane|Thunderbolt|p2b: Volcarona\n|-damage|p2b: Volcarona|73\/100\n|move|p1a: Gyarados|Tera Blast|p2a: Wo-Chien\n|-supereffective|p2a: Wo-Chien\n|-damage|p2a: Wo-Chien|7\/100\n|move|p2a: Wo-Chien|Ruination|p1a: Gyarados\n|-damage|p1a: Gyarados|50\/100\n|\n|-heal|p2a: Wo-Chien|13\/100|[from] item: Leftovers\n|upkeep\n|turn|3\n|inactive|Dieg1 has 30 seconds left.\n|inactive|Dieg1 has 20 seconds left.\n|\n|t:|1681762025\n|switch|p2b: Gyarados|Gyarados, L50, M|100\/100\n|-ability|p2b: Gyarados|Intimidate|boost\n|-fail|p1a: Gyarados|unboost|[from] item: Clear Amulet|[of] p1a: Gyarados\n|-unboost|p1b: Flutter Mane|atk|1\n|move|p2a: Wo-Chien|Protect|p2a: Wo-Chien\n|-singleturn|p2a: Wo-Chien|Protect\n|move|p1b: Flutter Mane|Moonblast|p2a: Wo-Chien\n|-activate|p2a: Wo-Chien|move: Protect\n|move|p1a: Gyarados|Tera Blast|p2b: Gyarados\n|-damage|p2b: Gyarados|38\/100\n|\n|-heal|p2a: Wo-Chien|19\/100|[from] item: Leftovers\n|upkeep\n|turn|4\n|\n|t:|1681762044\n|switch|p2a: Volcarona|Volcarona, L50, F|73\/100\n|move|p2b: Gyarados|Protect|p2b: Gyarados\n|-singleturn|p2b: Gyarados|Protect\n|move|p1b: Flutter Mane|Thunderbolt|p2b: Gyarados\n|-activate|p2b: Gyarados|move: Protect\n|move|p1a: Gyarados|Tera Blast|p2a: Volcarona\n|-supereffective|p2a: Volcarona\n|-crit|p2a: Volcarona\n|-damage|p2a: Volcarona|0 fnt\n|faint|p2a: Volcarona\n|-ability|p1a: Gyarados|Moxie|boost\n|-boost|p1a: Gyarados|atk|1\n|\n|upkeep\n|\n|t:|1681762050\n|switch|p2a: Chien-Pao|Chien-Pao, L50|100\/100\n|-ability|p2a: Chien-Pao|Sword of Ruin\n|turn|5\n|\n|t:|1681762070\n|switch|p2b: Wo-Chien|Wo-Chien, L50|19\/100\n|-ability|p2b: Wo-Chien|Tablets of Ruin\n|move|p1b: Flutter Mane|Thunderbolt|p2b: Wo-Chien\n|-resisted|p2b: Wo-Chien\n|-crit|p2b: Wo-Chien\n|-damage|p2b: Wo-Chien|6\/100\n|move|p2a: Chien-Pao|Ice Spinner|p1a: Gyarados\n|-supereffective|p1a: Gyarados\n|-damage|p1a: Gyarados|0 fnt\n|faint|p1a: Gyarados\n|\n|-heal|p2b: Wo-Chien|12\/100|[from] item: Leftovers\n|upkeep\n|\n|t:|1681762087\n|switch|p1a: Dragonite|Dragonite, L50, F|100\/100\n|turn|6\n|inactive|Ricardo Randorez has 30 seconds left.\n|\n|t:|1681762115\n|move|p2b: Wo-Chien|Protect|p2b: Wo-Chien\n|-singleturn|p2b: Wo-Chien|Protect\n|move|p1a: Dragonite|Extreme Speed|p2a: Chien-Pao\n|-damage|p2a: Chien-Pao|49\/100\n|move|p2a: Chien-Pao|Sucker Punch|p1b: Flutter Mane\n|-damage|p1b: Flutter Mane|0 fnt\n|faint|p1b: Flutter Mane\n|-end|p1b: Flutter Mane|Protosynthesis|[silent]\n|\n|-heal|p2b: Wo-Chien|19\/100|[from] item: Leftovers\n|upkeep\n|\n|t:|1681762127\n|switch|p1b: Chien-Pao|Chien-Pao, L50|100\/100\n|-ability|p1b: Chien-Pao|Sword of Ruin\n|turn|7\n|\n|t:|1681762137\n|switch|p2b: Gyarados|Gyarados, L50, M|38\/100\n|-ability|p2b: Gyarados|Intimidate|boost\n|-fail|p1a: Dragonite|unboost|Attack|[from] ability: Inner Focus|[of] p1a: Dragonite\n|-unboost|p1b: Chien-Pao|atk|1\n|move|p2a: Chien-Pao|Protect|p2a: Chien-Pao\n|-singleturn|p2a: Chien-Pao|Protect\n|move|p1a: Dragonite|Extreme Speed|p2a: Chien-Pao\n|-activate|p2a: Chien-Pao|move: Protect\n|move|p1b: Chien-Pao|Sucker Punch||[still]\n|-fail|p1b: Chien-Pao\n|\n|upkeep\n|turn|8\n|inactive|Dieg1 has 30 seconds left.\n|\n|t:|1681762170\n|switch|p2a: Wo-Chien|Wo-Chien, L50|19\/100\n|-ability|p2a: Wo-Chien|Tablets of Ruin\n|move|p1a: Dragonite|Extreme Speed|p2a: Wo-Chien\n|-damage|p2a: Wo-Chien|0 fnt\n|faint|p2a: Wo-Chien\n|move|p1b: Chien-Pao|Ice Spinner|p2b: Gyarados\n|-damage|p2b: Gyarados|1\/100\n|move|p2b: Gyarados|Waterfall|p1a: Dragonite\n|-resisted|p1a: Dragonite\n|-damage|p1a: Dragonite|73\/100\n|\n|upkeep\n|\n|t:|1681762177\n|switch|p2a: Chien-Pao|Chien-Pao, L50|49\/100\n|-ability|p2a: Chien-Pao|Sword of Ruin\n|turn|9\n|\n|t:|1681762197\n|-terastallize|p2a: Chien-Pao|Ice\n|move|p1a: Dragonite|Extreme Speed|p2a: Chien-Pao\n|-damage|p2a: Chien-Pao|0 fnt\n|faint|p2a: Chien-Pao\n|move|p1b: Chien-Pao|Ice Spinner|p2b: Gyarados\n|-damage|p2b: Gyarados|0 fnt\n|faint|p2b: Gyarados\n|\n|win|Ricardo Randorez\n|raw|Ricardo Randorez's rating: 1171 → 1193<\/strong> (+22 for winning)\n|raw|Dieg1's rating: 1135 → 1113<\/strong> (-22 for losing)\n|l|\u2606Dieg1\n","uploadtime":1681762214,"views":5,"p1id":"ricardorandorez","p2id":"dieg1","formatid":"gen9vgc2023regulationc","rating":1113,"private":0,"password":""}