{"id":"gen9vgc2023regulationc-1856218803","p1":"Gopher spot","p2":"Just Fishn","format":"[Gen 9] VGC 2023 Regulation C","log":"|j|\u2606Gopher spot\n|j|\u2606Just Fishn\n|t:|1683041856\n|gametype|doubles\n|player|p1|Gopher spot|teamrocket|1080\n|player|p2|Just Fishn|fisherman-gen4|1113\n|teamsize|p1|6\n|teamsize|p2|6\n|gen|9\n|tier|[Gen 9] VGC 2023 Regulation C\n|rated|\n|rule|Species Clause: Limit one of each Pok\u00e9mon\n|rule|Item Clause: Limit one of each item\n|clearpoke\n|poke|p1|Annihilape, L50, F|\n|poke|p1|Arcanine, L50, F|\n|poke|p1|Amoonguss, L50, M|\n|poke|p1|Scizor, L50, F|\n|poke|p1|Ting-Lu, L50|\n|poke|p1|Azumarill, L50, M|\n|poke|p2|Abomasnow, L50, F|\n|poke|p2|Oranguru, L50, F|\n|poke|p2|Iron Bundle, L50|\n|poke|p2|Iron Hands, L50|\n|poke|p2|Ting-Lu, L50|\n|poke|p2|Arcanine, L50, F|\n|teampreview|4\n|inactive|Battle timer is ON: inactive players will automatically lose when time's up. (requested by Just Fishn)\nGopher spot has agreed to open team sheets.\n|inactive|Just Fishn has 60 seconds left.\n|\n|t:|1683041888\n|start\n|switch|p1a: Arcanine|Arcanine, L50, F|100\/100\n|switch|p1b: Annihilape|Annihilape, L50, F|100\/100\n|switch|p2a: Abomasnow|Abomasnow, L50, F, shiny|100\/100\n|switch|p2b: Iron Hands|Iron Hands, L50, shiny|100\/100\n|-ability|p1a: Arcanine|Intimidate|boost\n|-unboost|p2a: Abomasnow|atk|1\n|-unboost|p2b: Iron Hands|atk|1\n|-weather|Snow|[from] ability: Snow Warning|[of] p2a: Abomasnow\n|turn|1\n|\n|t:|1683041905\n|-terastallize|p2a: Abomasnow|Water\n|move|p1a: Arcanine|Protect|p1a: Arcanine\n|-singleturn|p1a: Arcanine|Protect\n|move|p2b: Iron Hands|Fake Out|p1a: Arcanine\n|-activate|p1a: Arcanine|move: Protect\n|move|p1b: Annihilape|Bulk Up|p1b: Annihilape\n|-boost|p1b: Annihilape|atk|1\n|-boost|p1b: Annihilape|def|1\n|move|p2a: Abomasnow|Aurora Veil|p2a: Abomasnow\n|-sidestart|p2: Just Fishn|move: Aurora Veil\n|\n|-weather|Snow|[upkeep]\n|upkeep\n|turn|2\n|\n|t:|1683041927\n|move|p1a: Arcanine|Will-O-Wisp|p2b: Iron Hands|[miss]\n|-miss|p1a: Arcanine|p2b: Iron Hands\n|move|p1b: Annihilape|Thunder Punch|p2a: Abomasnow\n|-supereffective|p2a: Abomasnow\n|-damage|p2a: Abomasnow|40\/100\n|move|p2a: Abomasnow|Blizzard|p1a: Arcanine|[spread] p1a,p1b\n|-resisted|p1a: Arcanine\n|-damage|p1a: Arcanine|87\/100\n|-damage|p1b: Annihilape|75\/100\n|move|p2b: Iron Hands|Swords Dance|p2b: Iron Hands\n|-boost|p2b: Iron Hands|atk|2\n|\n|-weather|Snow|[upkeep]\n|upkeep\n|turn|3\n|\n|t:|1683041940\n|move|p1a: Arcanine|Will-O-Wisp|p2b: Iron Hands\n|-status|p2b: Iron Hands|brn\n|move|p1b: Annihilape|Thunder Punch|p2a: Abomasnow\n|-supereffective|p2a: Abomasnow\n|-damage|p2a: Abomasnow|0 fnt\n|faint|p2a: Abomasnow\n|move|p2b: Iron Hands|Swords Dance|p2b: Iron Hands\n|-boost|p2b: Iron Hands|atk|2\n|\n|-weather|Snow|[upkeep]\n|-damage|p2b: Iron Hands|94\/100 brn|[from] brn\n|upkeep\n|\n|t:|1683041946\n|switch|p2a: Ting-Lu|Ting-Lu, L50|100\/100\n|-ability|p2a: Ting-Lu|Vessel of Ruin\n|turn|4\n|\n|t:|1683041961\n|move|p1a: Arcanine|Will-O-Wisp|p2a: Ting-Lu\n|-status|p2a: Ting-Lu|brn\n|move|p1b: Annihilape|Drain Punch|p2a: Ting-Lu\n|-supereffective|p2a: Ting-Lu\n|-damage|p2a: Ting-Lu|68\/100 brn\n|-heal|p1b: Annihilape|95\/100|[from] drain|[of] p2a: Ting-Lu\n|move|p2a: Ting-Lu|Fissure|p1b: Annihilape\n|-damage|p1b: Annihilape|0 fnt\n|faint|p1b: Annihilape\n|-ohko\n|move|p2b: Iron Hands|Swords Dance|p2b: Iron Hands\n|-boost|p2b: Iron Hands|atk|2\n|\n|-weather|Snow|[upkeep]\n|-heal|p2a: Ting-Lu|75\/100 brn|[from] item: Leftovers\n|-damage|p2a: Ting-Lu|68\/100 brn|[from] brn\n|-damage|p2b: Iron Hands|88\/100 brn|[from] brn\n|upkeep\n|c|\u2606Gopher spot|:(\n|\n|t:|1683041981\n|switch|p1b: Ting-Lu|Ting-Lu, L50|100\/100\n|-ability|p1b: Ting-Lu|Vessel of Ruin\n|turn|5\n|\n|t:|1683041994\n|move|p1a: Arcanine|Protect|p1a: Arcanine\n|-singleturn|p1a: Arcanine|Protect\n|move|p2a: Ting-Lu|Fissure|p1b: Ting-Lu\n|-damage|p1b: Ting-Lu|0 fnt\n|faint|p1b: Ting-Lu\n|-ohko\n|move|p2b: Iron Hands|Drain Punch|p1a: Arcanine\n|-activate|p1a: Arcanine|move: Protect\n|\n|-weather|Snow|[upkeep]\n|-heal|p2a: Ting-Lu|75\/100 brn|[from] item: Leftovers\n|-damage|p2a: Ting-Lu|68\/100 brn|[from] brn\n|-damage|p2b: Iron Hands|82\/100 brn|[from] brn\n|-sideend|p2: Just Fishn|move: Aurora Veil\n|upkeep\n|c|\u2606Gopher spot|:((((\n|\n|t:|1683042007\n|switch|p1b: Azumarill|Azumarill, L50, M|100\/100\n|turn|6\n|c|\u2606Just Fishn|I\u2019m so sorry\n|\n|t:|1683042028\n|move|p1a: Arcanine|Flare Blitz|p2a: Ting-Lu\n|-damage|p2a: Ting-Lu|49\/100 brn\n|-damage|p1a: Arcanine|78\/100|[from] Recoil\n|move|p1b: Azumarill|Play Rough|p2b: Iron Hands\n|-supereffective|p2b: Iron Hands\n|-damage|p2b: Iron Hands|0 fnt\n|faint|p2b: Iron Hands\n|-end|p2b: Iron Hands|Quark Drive|[silent]\n|-damage|p1b: Azumarill|91\/100|[from] item: Life Orb\n|move|p2a: Ting-Lu|Fissure|p1b: Azumarill\n|-damage|p1b: Azumarill|0 fnt\n|faint|p1b: Azumarill\n|-ohko\n|\n|-weather|Snow|[upkeep]\n|-heal|p2a: Ting-Lu|55\/100 brn|[from] item: Leftovers\n|-damage|p2a: Ting-Lu|49\/100 brn|[from] brn\n|upkeep\n|\n|t:|1683042036\n|switch|p2b: Iron Bundle|Iron Bundle, L50, shiny|100\/100\n|turn|7\n|c|\u2606Gopher spot|COME ON\n|c|\u2606Just Fishn|BRO WHAT\n|c|\u2606Gopher spot|oh well\n|\n|t:|1683042057\n|move|p2b: Iron Bundle|Hydro Pump|p1a: Arcanine\n|-supereffective|p1a: Arcanine\n|-crit|p1a: Arcanine\n|-damage|p1a: Arcanine|0 fnt\n|faint|p1a: Arcanine\n|\n|win|Just Fishn\n|raw|Gopher spot's rating: 1080 → 1060<\/strong> (-20 for losing)\n|raw|Just Fishn's rating: 1113 → 1136<\/strong> (+23 for winning)\n|c|\u2606Gopher spot|clipping this\n|l|\u2606Just Fishn\n|j|\u2606Just Fishn\n|player|p2|Just Fishn|fisherman-gen4\n","uploadtime":1683042076,"views":5,"p1id":"gopherspot","p2id":"justfishn","formatid":"gen9vgc2023regulationc","rating":1060,"private":0,"password":""}