{"id":"gen9vgc2023regulationc-1850033150","p1":"Agent 301","p2":"focacc","format":"[Gen 9] VGC 2023 Regulation C","log":"|j|\u2606Agent 301\n|j|\u2606focacc\n|t:|1682280013\n|gametype|doubles\n|player|p1|Agent 301|1|1067\n|player|p2|focacc|266|1045\n|teamsize|p1|6\n|teamsize|p2|6\n|gen|9\n|tier|[Gen 9] VGC 2023 Regulation C\n|rated|\n|rule|Species Clause: Limit one of each Pok\u00e9mon\n|rule|Item Clause: Limit one of each item\n|clearpoke\n|poke|p1|Dragonite, L50, M|\n|poke|p1|Talonflame, L50, M|\n|poke|p1|Maushold-Four, L50|\n|poke|p1|Breloom, L50, F|\n|poke|p1|Gholdengo, L50|\n|poke|p1|Iron Bundle, L50|\n|poke|p2|Kingambit, L50, F|\n|poke|p2|Glimmora, L50, F|\n|poke|p2|Flutter Mane, L50|\n|poke|p2|Gyarados, L50, F|\n|poke|p2|Ting-Lu, L50|\n|poke|p2|Murkrow, L50, F|\n|teampreview|4\n|inactive|Battle timer is ON: inactive players will automatically lose when time's up. (requested by Agent 301)\nAgent 301 rejected open team sheets.\n|\n|t:|1682280053\n|start\n|switch|p1a: Dragonite|Dragonite, L50, M|100\/100\n|switch|p1b: Talonflame|Talonflame, L50, M|100\/100\n|switch|p2a: Murkrow|Murkrow, L50, F|100\/100\n|switch|p2b: Ting-Lu|Ting-Lu, L50|100\/100\n|-ability|p2b: Ting-Lu|Vessel of Ruin\n|turn|1\n|\n|t:|1682280075\n|move|p1b: Talonflame|Tailwind|p1b: Talonflame\n|-sidestart|p1: Agent 301|move: Tailwind\n|move|p2a: Murkrow|Tailwind|p2a: Murkrow\n|-sidestart|p2: focacc|move: Tailwind\n|move|p1a: Dragonite|Rock Slide|p2b: Ting-Lu|[spread] p2a,p2b\n|-supereffective|p2a: Murkrow\n|-resisted|p2b: Ting-Lu\n|-damage|p2a: Murkrow|55\/100\n|-damage|p2b: Ting-Lu|94\/100\n|move|p2b: Ting-Lu|Stealth Rock|p1a: Dragonite\n|-sidestart|p1: Agent 301|move: Stealth Rock\n|\n|-heal|p2b: Ting-Lu|100\/100|[from] item: Leftovers\n|upkeep\n|turn|2\n|inactive|focacc has 30 seconds left.\n|\n|t:|1682280100\n|switch|p2b: Kingambit|Kingambit, L50, F|100\/100\n|move|p1b: Talonflame|Will-O-Wisp|p2b: Kingambit\n|-status|p2b: Kingambit|brn\n|-enditem|p2b: Kingambit|Lum Berry|[eat]\n|-curestatus|p2b: Kingambit|brn|[msg]\n|move|p1a: Dragonite|Rock Slide|p2b: Kingambit|[spread] p2a,p2b\n|-supereffective|p2a: Murkrow\n|-resisted|p2b: Kingambit\n|-damage|p2a: Murkrow|3\/100\n|-damage|p2b: Kingambit|93\/100\n|cant|p2a: Murkrow|flinch\n|\n|upkeep\n|turn|3\n|inactive|focacc has 30 seconds left.\n|\n|t:|1682280130\n|switch|p2a: Gyarados|Gyarados, L50, F|100\/100\n|-ability|p2a: Gyarados|Intimidate|boost\n|-fail|p1a: Dragonite|unboost|[from] item: Clear Amulet|[of] p1a: Dragonite\n|-unboost|p1b: Talonflame|atk|1\n|move|p2b: Kingambit|Protect|p2b: Kingambit\n|-singleturn|p2b: Kingambit|Protect\n|move|p1b: Talonflame|Will-O-Wisp|p2b: Kingambit\n|-activate|p2b: Kingambit|move: Protect\n|move|p1a: Dragonite|Rock Slide|p2a: Gyarados|[spread] \n|-activate|p2b: Kingambit|move: Protect\n|-miss|p1a: Dragonite|p2a: Gyarados\n|\n|upkeep\n|turn|4\n|inactive|Agent 301 has 30 seconds left.\n|\n|t:|1682280163\n|switch|p2b: Murkrow|Murkrow, L50, F|3\/100\n|move|p1b: Talonflame|Will-O-Wisp|p2a: Gyarados|[miss]\n|-miss|p1b: Talonflame|p2a: Gyarados\n|move|p1a: Dragonite|Dragon Dance|p1a: Dragonite\n|-boost|p1a: Dragonite|atk|1\n|-boost|p1a: Dragonite|spe|1\n|move|p2a: Gyarados|Taunt|p1b: Talonflame\n|-start|p1b: Talonflame|move: Taunt\n|\n|-sideend|p2: focacc|move: Tailwind\n|-sideend|p1: Agent 301|move: Tailwind\n|upkeep\n|turn|5\n|\n|t:|1682280178\n|move|p1b: Talonflame|Brave Bird|p2a: Gyarados\n|-damage|p2a: Gyarados|68\/100\n|-damage|p1b: Talonflame|87\/100|[from] Recoil\n|move|p1a: Dragonite|Rock Slide|p2b: Murkrow|[spread] p2a,p2b\n|-supereffective|p2a: Gyarados\n|-supereffective|p2b: Murkrow\n|-damage|p2a: Gyarados|4\/100\n|-damage|p2b: Murkrow|0 fnt\n|-enditem|p2a: Gyarados|Sitrus Berry|[eat]\n|-heal|p2a: Gyarados|29\/100|[from] item: Sitrus Berry\n|faint|p2b: Murkrow\n|cant|p2a: Gyarados|flinch\n|\n|upkeep\n|\n|t:|1682280192\n|switch|p2b: Kingambit|Kingambit, L50, F|93\/100\n|turn|6\n|\n|t:|1682280200\n|move|p1a: Dragonite|Rock Slide|p2a: Gyarados|[spread] p2a,p2b\n|-supereffective|p2a: Gyarados\n|-resisted|p2b: Kingambit\n|-damage|p2a: Gyarados|0 fnt\n|-damage|p2b: Kingambit|81\/100\n|faint|p2a: Gyarados\n|move|p1b: Talonflame|Flare Blitz|p2b: Kingambit\n|-supereffective|p2b: Kingambit\n|-crit|p2b: Kingambit\n|-damage|p2b: Kingambit|0 fnt\n|faint|p2b: Kingambit\n|-damage|p1b: Talonflame|53\/100|[from] Recoil\n|\n|upkeep\n|-message|focacc forfeited.\n|\n|win|Agent 301\n|raw|Agent 301's rating: 1067 → 1095<\/strong> (+28 for winning)\n|raw|focacc's rating: 1045 → 1029<\/strong> (-16 for losing)\n|l|\u2606focacc\n","uploadtime":1682280222,"views":12,"p1id":"agent301","p2id":"focacc","formatid":"gen9vgc2023regulationc","rating":1029,"private":0,"password":""}