{"id":"gen9vgc2023regulationc-1854141894","p1":"lax2145","p2":"Tayekc","format":"[Gen 9] VGC 2023 Regulation C","log":"|j|\u2606lax2145\n|j|\u2606Tayekc\n|t:|1682775592\n|gametype|doubles\n|player|p1|lax2145|giovanni|\n|player|p2|Tayekc|hilbert|\n|teamsize|p1|6\n|teamsize|p2|6\n|gen|9\n|tier|[Gen 9] VGC 2023 Regulation C\n|rule|Species Clause: Limit one of each Pok\u00e9mon\n|rule|Item Clause: Limit one of each item\n|clearpoke\n|poke|p1|Ting-Lu, L50|\n|poke|p1|Flutter Mane, L50|\n|poke|p1|Iron Jugulis, L50|\n|poke|p1|Arcanine, L50, M|\n|poke|p1|Chien-Pao, L50|\n|poke|p1|Annihilape, L50, F|\n|poke|p2|Chien-Pao, L50|\n|poke|p2|Dragonite, L50, M|\n|poke|p2|Scizor, L50, M|\n|poke|p2|Flutter Mane, L50|\n|poke|p2|Chi-Yu, L50|\n|poke|p2|Iron Bundle, L50|\n|teampreview|4\n|\n|t:|1682775617\n|start\n|switch|p1a: Ting-Lu|Ting-Lu, L50|100\/100\n|switch|p1b: Chien-Pao|Chien-Pao, L50|100\/100\n|switch|p2a: Chien-Pao|Chien-Pao, L50|100\/100\n|switch|p2b: Dragonite|Dragonite, L50, M|100\/100\n|-ability|p1b: Chien-Pao|Sword of Ruin\n|-ability|p2a: Chien-Pao|Sword of Ruin\n|-ability|p1a: Ting-Lu|Vessel of Ruin\n|turn|1\n|\n|t:|1682775647\n|move|p2b: Dragonite|Extreme Speed|p1b: Chien-Pao\n|-damage|p1b: Chien-Pao|35\/100\n|move|p2a: Chien-Pao|Sucker Punch|p1b: Chien-Pao\n|-resisted|p1b: Chien-Pao\n|-damage|p1b: Chien-Pao|13\/100\n|move|p1b: Chien-Pao|Ice Spinner|p2b: Dragonite\n|-supereffective|p2b: Dragonite\n|-damage|p2b: Dragonite|0 fnt\n|faint|p2b: Dragonite\n|move|p1a: Ting-Lu|Heavy Slam|p2a: Chien-Pao\n|-supereffective|p2a: Chien-Pao\n|-enditem|p2a: Chien-Pao|Focus Sash\n|-damage|p2a: Chien-Pao|1\/100\n|\n|upkeep\n|\n|t:|1682775662\n|switch|p2b: Iron Bundle|Iron Bundle, L50, shiny|100\/100\n|-enditem|p2b: Iron Bundle|Booster Energy\n|-activate|p2b: Iron Bundle|ability: Quark Drive|[fromitem]\n|-start|p2b: Iron Bundle|quarkdrivespe\n|turn|2\n|\n|t:|1682775672\n|-terastallize|p1a: Ting-Lu|Dark\n|move|p2a: Chien-Pao|Sucker Punch|p1b: Chien-Pao\n|-resisted|p1b: Chien-Pao\n|-damage|p1b: Chien-Pao|0 fnt\n|faint|p1b: Chien-Pao\n|move|p2b: Iron Bundle|Hydro Pump|p1a: Ting-Lu\n|-damage|p1a: Ting-Lu|76\/100\n|move|p1a: Ting-Lu|Fissure|p2b: Iron Bundle|[miss]\n|-miss|p1a: Ting-Lu|p2b: Iron Bundle\n|\n|upkeep\n|\n|t:|1682775692\n|switch|p1b: Annihilape|Annihilape, L50, F|100\/100\n|turn|3\n|\n|t:|1682775703\n|move|p2b: Iron Bundle|Protect|p2b: Iron Bundle\n|-singleturn|p2b: Iron Bundle|Protect\n|move|p2a: Chien-Pao|Protect|p2a: Chien-Pao\n|-singleturn|p2a: Chien-Pao|Protect\n|move|p1b: Annihilape|Rage Fist|p2a: Chien-Pao\n|-activate|p2a: Chien-Pao|move: Protect\n|move|p1a: Ting-Lu|Stomping Tantrum|p2b: Iron Bundle\n|-activate|p2b: Iron Bundle|move: Protect\n|\n|upkeep\n|turn|4\n|\n|t:|1682775727\n|move|p2a: Chien-Pao|Sucker Punch|p1b: Annihilape\n|-damage|p1b: Annihilape|50\/100\n|move|p2b: Iron Bundle|Hydro Pump|p1b: Annihilape\n|-damage|p1b: Annihilape|3\/100\n|move|p1b: Annihilape|Rage Fist|p2a: Chien-Pao\n|-resisted|p2a: Chien-Pao\n|-damage|p2a: Chien-Pao|0 fnt\n|faint|p2a: Chien-Pao\n|move|p1a: Ting-Lu|Fissure|p2b: Iron Bundle|[miss]\n|-miss|p1a: Ting-Lu|p2b: Iron Bundle\n|\n|upkeep\n|\n|t:|1682775740\n|switch|p2a: Chi-Yu|Chi-Yu, L50|100\/100\n|-ability|p2a: Chi-Yu|Beads of Ruin\n|turn|5\n|\n|t:|1682775760\n|move|p2b: Iron Bundle|Icy Wind|p1b: Annihilape|[spread] p1a,p1b\n|-damage|p1a: Ting-Lu|65\/100\n|-damage|p1b: Annihilape|0 fnt\n|-unboost|p1a: Ting-Lu|spe|1\n|faint|p1b: Annihilape\n|move|p2a: Chi-Yu|Overheat|p1a: Ting-Lu\n|-damage|p1a: Ting-Lu|25\/100\n|-unboost|p2a: Chi-Yu|spa|2\n|move|p1a: Ting-Lu|Stomping Tantrum|p2a: Chi-Yu\n|-supereffective|p2a: Chi-Yu\n|-damage|p2a: Chi-Yu|0 fnt\n|faint|p2a: Chi-Yu\n|\n|upkeep\n|\n|t:|1682775770\n|switch|p1b: Arcanine|Arcanine, L50, M|100\/100\n|-ability|p1b: Arcanine|Intimidate|boost\n|-unboost|p2b: Iron Bundle|atk|1\n|turn|6\n|\n|t:|1682775780\n|move|p1b: Arcanine|Extreme Speed|p2b: Iron Bundle\n|-damage|p2b: Iron Bundle|65\/100\n|move|p2b: Iron Bundle|Hydro Pump|p1b: Arcanine|[miss]\n|-miss|p2b: Iron Bundle|p1b: Arcanine\n|move|p1a: Ting-Lu|Throat Chop|p2b: Iron Bundle\n|-damage|p2b: Iron Bundle|0 fnt\n|faint|p2b: Iron Bundle\n|-end|p2b: Iron Bundle|Quark Drive|[silent]\n|\n|win|lax2145\n|l|\u2606lax2145\n","uploadtime":1682775795,"views":21,"p1id":"lax2145","p2id":"tayekc","formatid":"gen9vgc2023regulationc","rating":0,"private":0,"password":""}