{"id":"gen9vgc2023regulationc-1861722050","p1":"N FariNas","p2":"RazorSquid","format":"[Gen 9] VGC 2023 Regulation C","log":"|j|\u2606N FariNas\n|j|\u2606RazorSquid\n|t:|1683800032\n|gametype|doubles\n|player|p1|N FariNas|blackbelt-gen4dp|1082\n|player|p2|RazorSquid|roughneck-gen4|1178\n|teamsize|p1|6\n|teamsize|p2|6\n|gen|9\n|tier|[Gen 9] VGC 2023 Regulation C\n|rated|\n|rule|Species Clause: Limit one of each Pok\u00e9mon\n|rule|Item Clause: Limit one of each item\n|clearpoke\n|poke|p1|Palafin, L50, M|\n|poke|p1|Arcanine, L50, F|\n|poke|p1|Amoonguss, L50, M|\n|poke|p1|Flutter Mane, L50|\n|poke|p1|Chi-Yu, L50|\n|poke|p1|Ceruledge, L50, F|\n|poke|p2|Muk, L50, F|\n|poke|p2|Tyranitar, L50, M|\n|poke|p2|Lycanroc, L50, M|\n|poke|p2|Flutter Mane, L50|\n|poke|p2|Amoonguss, L50, F|\n|poke|p2|Gyarados, L50, M|\n|teampreview|4\n|inactive|Battle timer is ON: inactive players will automatically lose when time's up. (requested by RazorSquid)\n|inactive|RazorSquid has 60 seconds left.\n|\n|t:|1683800070\n|start\n|switch|p1a: Ceruledge|Ceruledge, L50, F|100\/100\n|switch|p1b: Palafin|Palafin, L50, M|100\/100\n|switch|p2a: Flutter Mane|Flutter Mane, L50|100\/100\n|switch|p2b: Lycanroc|Lycanroc, L50, M|100\/100\n|turn|1\n|\n|t:|1683800087\n|-end|p2a: Flutter Mane|Protosynthesis|[silent]\n|switch|p2a: Tyranitar|Tyranitar, L50, M|100\/100\n|-weather|Sandstorm|[from] ability: Sand Stream|[of] p2a: Tyranitar\n|-terastallize|p1a: Ceruledge|Grass\n|move|p2b: Lycanroc|Protect|p2b: Lycanroc\n|-singleturn|p2b: Lycanroc|Protect\n|move|p1a: Ceruledge|Swords Dance|p1a: Ceruledge\n|-boost|p1a: Ceruledge|atk|2\n|move|p1b: Palafin|Flip Turn|p2b: Lycanroc\n|-activate|p2b: Lycanroc|move: Protect\n|\n|-weather|Sandstorm|[upkeep]\n|-damage|p1a: Ceruledge|94\/100|[from] Sandstorm\n|-damage|p1b: Palafin|95\/100|[from] Sandstorm\n|upkeep\n|turn|2\n|inactive|N FariNas has 30 seconds left.\n|inactive|N FariNas has 20 seconds left.\n|\n|t:|1683800123\n|-terastallize|p2a: Tyranitar|Flying\n|move|p1a: Ceruledge|Shadow Sneak|p2a: Tyranitar\n|-damage|p2a: Tyranitar|69\/100\n|move|p2b: Lycanroc|Rock Slide|p1a: Ceruledge|[spread] p1a,p1b\n|-damage|p1a: Ceruledge|62\/100\n|-damage|p1b: Palafin|63\/100\n|move|p1b: Palafin|Flip Turn|p2a: Tyranitar\n|-damage|p2a: Tyranitar|47\/100\n|\n|t:|1683800132\n|detailschange|p1b: Palafin|Palafin-Hero, L50, M\n|switch|p1b: Amoonguss|Amoonguss, L50, M|100\/100|[from] Flip Turn\n|move|p2a: Tyranitar|Tera Blast|p1a: Ceruledge\n|-supereffective|p1a: Ceruledge\n|-damage|p1a: Ceruledge|0 fnt\n|faint|p1a: Ceruledge\n|\n|-weather|Sandstorm|[upkeep]\n|-damage|p2a: Tyranitar|41\/100|[from] Sandstorm\n|-damage|p1b: Amoonguss|95\/100|[from] Sandstorm\n|upkeep\n|\n|t:|1683800141\n|switch|p1a: Palafin|Palafin-Hero, L50, M|63\/100\n|-activate|p1a: Palafin|ability: Zero to Hero\n|turn|3\n|\n|t:|1683800162\n|move|p2b: Lycanroc|Protect|p2b: Lycanroc\n|-singleturn|p2b: Lycanroc|Protect\n|move|p1a: Palafin|Close Combat|p2b: Lycanroc\n|-activate|p2b: Lycanroc|move: Protect\n|move|p2a: Tyranitar|Tera Blast|p1b: Amoonguss\n|-supereffective|p1b: Amoonguss\n|-damage|p1b: Amoonguss|13\/100\n|-enditem|p1b: Amoonguss|Sitrus Berry|[eat]\n|-heal|p1b: Amoonguss|38\/100|[from] item: Sitrus Berry\n|move|p1b: Amoonguss|Spore|p2a: Tyranitar\n|-status|p2a: Tyranitar|slp|[from] move: Spore\n|\n|-weather|Sandstorm|[upkeep]\n|-damage|p1a: Palafin|57\/100|[from] Sandstorm\n|-damage|p2a: Tyranitar|35\/100 slp|[from] Sandstorm\n|-damage|p1b: Amoonguss|32\/100|[from] Sandstorm\n|upkeep\n|turn|4\n|\n|t:|1683800180\n|move|p1a: Palafin|Jet Punch|p2b: Lycanroc\n|-supereffective|p2b: Lycanroc\n|-enditem|p2b: Lycanroc|Focus Sash\n|-damage|p2b: Lycanroc|1\/100\n|move|p2b: Lycanroc|Rock Slide|p1a: Palafin|[spread] p1b\n|-miss|p2b: Lycanroc|p1a: Palafin\n|-damage|p1b: Amoonguss|9\/100\n|cant|p2a: Tyranitar|slp\n|move|p1b: Amoonguss|Pollen Puff|p1a: Palafin\n|-heal|p1a: Palafin|100\/100\n|\n|-weather|Sandstorm|[upkeep]\n|-damage|p1a: Palafin|95\/100|[from] Sandstorm\n|-damage|p2a: Tyranitar|29\/100 slp|[from] Sandstorm\n|-damage|p1b: Amoonguss|3\/100|[from] Sandstorm\n|upkeep\n|turn|5\n|\n|t:|1683800199\n|move|p2b: Lycanroc|Protect|p2b: Lycanroc\n|-singleturn|p2b: Lycanroc|Protect\n|move|p1b: Amoonguss|Rage Powder|p1b: Amoonguss\n|-singleturn|p1b: Amoonguss|move: Rage Powder\n|move|p1a: Palafin|Jet Punch|p2b: Lycanroc\n|-activate|p2b: Lycanroc|move: Protect\n|cant|p2a: Tyranitar|slp\n|\n|-weather|none\n|upkeep\n|turn|6\n|\n|t:|1683800218\n|move|p2b: Lycanroc|Rock Slide|p1b: Amoonguss|[spread] p1a,p1b\n|-damage|p1a: Palafin|72\/100\n|-damage|p1b: Amoonguss|0 fnt\n|faint|p1b: Amoonguss\n|move|p1a: Palafin|Flip Turn|p2a: Tyranitar\n|-damage|p2a: Tyranitar|0 fnt\n|faint|p2a: Tyranitar\n|\n|t:|1683800226\n|switch|p1a: Flutter Mane|Flutter Mane, L50|100\/100|[from] Flip Turn\n|-enditem|p1a: Flutter Mane|Booster Energy\n|-activate|p1a: Flutter Mane|ability: Protosynthesis|[fromitem]\n|-start|p1a: Flutter Mane|protosynthesisspe\n|\n|upkeep\n|\n|t:|1683800241\n|switch|p2a: Muk|Muk, L50, F, shiny|100\/100\n|switch|p1b: Palafin|Palafin-Hero, L50, M|72\/100\n|turn|7\n|\n|t:|1683800254\n|move|p1b: Palafin|Jet Punch|p2a: Muk\n|-damage|p2a: Muk|66\/100\n|move|p1a: Flutter Mane|Dazzling Gleam|p2b: Lycanroc|[spread] p2a,p2b\n|-resisted|p2a: Muk\n|-damage|p2a: Muk|53\/100\n|-damage|p2b: Lycanroc|0 fnt\n|faint|p2b: Lycanroc\n|move|p2a: Muk|Gunk Shot|p1a: Flutter Mane\n|-damage|p1a: Flutter Mane|11\/100\n|\n|upkeep\n|\n|t:|1683800263\n|switch|p2b: Flutter Mane|Flutter Mane, L50|100\/100\n|turn|8\n|\n|t:|1683800272\n|move|p2a: Muk|Shadow Sneak|p1a: Flutter Mane\n|-supereffective|p1a: Flutter Mane\n|-damage|p1a: Flutter Mane|0 fnt\n|faint|p1a: Flutter Mane\n|-end|p1a: Flutter Mane|Protosynthesis|[silent]\n|move|p2b: Flutter Mane|Moonblast|p1b: Palafin\n|-damage|p1b: Palafin|0 fnt\n|faint|p1b: Palafin\n|\n|win|RazorSquid\n|raw|N FariNas's rating: 1082 → 1066<\/strong> (-16 for losing)\n|raw|RazorSquid's rating: 1178 → 1196<\/strong> (+18 for winning)\n","uploadtime":1683800282,"views":16,"p1id":"nfarinas","p2id":"razorsquid","formatid":"gen9vgc2023regulationc","rating":1066,"private":0,"password":""}