{"id":"gen9vgc2023regulationc-1855086897","p1":"Moxie Boosted","p2":"tatsugirl i~","format":"[Gen 9] VGC 2023 Regulation C","log":"|j|\u2606Moxie Boosted\n|j|\u2606tatsugirl i~\n|t:|1682899670\n|gametype|doubles\n|player|p1|Moxie Boosted|clay|\n|player|p2|tatsugirl i~|may-masters|\n|teamsize|p1|6\n|teamsize|p2|6\n|gen|9\n|tier|[Gen 9] VGC 2023 Regulation C\n|rated|Tournament battle\n|rule|Species Clause: Limit one of each Pok\u00e9mon\n|rule|Item Clause: Limit one of each item\n|clearpoke\n|poke|p1|Flutter Mane, L50|\n|poke|p1|Palafin, L50, F|\n|poke|p1|Wo-Chien, L50|\n|poke|p1|Garganacl, L50, M|\n|poke|p1|Glimmora, L50, F|\n|poke|p1|Chi-Yu, L50|\n|poke|p2|Kingambit, L50, F|\n|poke|p2|Gyarados, L50, F|\n|poke|p2|Dragapult, L50, F|\n|poke|p2|Flutter Mane, L50|\n|poke|p2|Chi-Yu, L50|\n|poke|p2|Dachsbun, L50, F|\n|teampreview|4\n|raw| Open Team Sheet for Moxie Boosted<\/summary>Flutter Mane @ Booster Energy Ability: Protosynthesis Level: 50 Tera Type: Fairy - Shadow Ball - Dazzling Gleam - Protect - Moonblast Palafin @ Mystic Water Ability: Zero to Hero Level: 50 Tera Type: Water - Jet Punch - Wave Crash - Haze - Protect Wo-Chien @ Sitrus Berry Ability: Tablets of Ruin Level: 50 Tera Type: Poison - Foul Play - Leech Seed - Pollen Puff - Protect Garganacl @ Leftovers Ability: Purifying Salt Level: 50 Tera Type: Flying - Salt Cure - Wide Guard - Recover - Protect Glimmora @ Assault Vest Ability: Corrosion Level: 50 Tera Type: Grass - Power Gem - Earth Power - Mortal Spin - Venoshock Chi-Yu @ Choice Scarf Ability: Beads of Ruin Level: 50 Tera Type: Ghost - Heat Wave - Dark Pulse - Overheat - Snarl <\/details><\/div> Open Team Sheet for tatsugirl i~<\/summary>Kingambit @ Safety Goggles Ability: Defiant Level: 50 Tera Type: Fire - Sucker Punch - Iron Head - Kowtow Cleave - Protect Gyarados @ Rocky Helmet Ability: Intimidate Level: 50 Tera Type: Steel - Waterfall - Iron Head - Icy Wind - Protect Dragapult @ Life Orb Ability: Clear Body Level: 50 Tera Type: Steel - Dragon Darts - Phantom Force - Will-O-Wisp - Protect Flutter Mane @ Booster Energy Ability: Protosynthesis Level: 50 Tera Type: Fairy - Shadow Ball - Moonblast - Dazzling Gleam - Protect Chi-Yu @ Charcoal Ability: Beads of Ruin Level: 50 Tera Type: Grass - Lava Plume - Heat Wave - Dark Pulse - Protect Dachsbun @ Leftovers Ability: Well-Baked Body Level: 50 Tera Type: Steel - Body Press - Play Rough - Yawn - Protect <\/details><\/div>\n|c|\u2606Moxie Boosted|gl hf\n|c|\u2606tatsugirl i~|u2\n|j| toh1217\n|j| TooStandard4u\n|\n|t:|1682899727\n|start\n|switch|p1a: Wo-Chien|Wo-Chien, L50|100\/100\n|switch|p1b: Glimmora|Glimmora, L50, F|100\/100\n|switch|p2a: Kingambit|Kingambit, L50, F|100\/100\n|switch|p2b: Flutter Mane|Flutter Mane, L50|100\/100\n|-ability|p1a: Wo-Chien|Tablets of Ruin\n|-enditem|p2b: Flutter Mane|Booster Energy\n|-activate|p2b: Flutter Mane|ability: Protosynthesis|[fromitem]\n|-start|p2b: Flutter Mane|protosynthesisspe\n|turn|1\n|j| Radio Free C-Side\n|\n|t:|1682899764\n|-terastallize|p1a: Wo-Chien|Poison\n|move|p2b: Flutter Mane|Protect|p2b: Flutter Mane\n|-singleturn|p2b: Flutter Mane|Protect\n|move|p1b: Glimmora|Mortal Spin|p2a: Kingambit|[spread] \n|-activate|p2b: Flutter Mane|move: Protect\n|-immune|p2a: Kingambit\n|move|p1a: Wo-Chien|Leech Seed|p2b: Flutter Mane\n|-activate|p2b: Flutter Mane|move: Protect\n|move|p2a: Kingambit|Iron Head|p1b: Glimmora\n|-supereffective|p1b: Glimmora\n|-damage|p1b: Glimmora|27\/100\n|\n|upkeep\n|turn|2\n|j| noice_cue_crew30\n|\n|t:|1682899796\n|move|p2b: Flutter Mane|Shadow Ball|p1a: Wo-Chien\n|-damage|p1a: Wo-Chien|74\/100\n|move|p1b: Glimmora|Earth Power|p2a: Kingambit\n|-supereffective|p2a: Kingambit\n|-damage|p2a: Kingambit|38\/100\n|move|p1a: Wo-Chien|Leech Seed|p2a: Kingambit|[miss]\n|-miss|p1a: Wo-Chien|p2a: Kingambit\n|move|p2a: Kingambit|Kowtow Cleave|p1a: Wo-Chien\n|-damage|p1a: Wo-Chien|43\/100\n|-enditem|p1a: Wo-Chien|Sitrus Berry|[eat]\n|-heal|p1a: Wo-Chien|68\/100|[from] item: Sitrus Berry\n|\n|upkeep\n|turn|3\n|\n|t:|1682899829\n|move|p2a: Kingambit|Sucker Punch|p1b: Glimmora\n|-damage|p1b: Glimmora|0 fnt\n|faint|p1b: Glimmora\n|move|p2b: Flutter Mane|Shadow Ball|p1a: Wo-Chien\n|-damage|p1a: Wo-Chien|41\/100\n|-unboost|p1a: Wo-Chien|spd|1\n|move|p1a: Wo-Chien|Leech Seed|p2b: Flutter Mane\n|-start|p2b: Flutter Mane|move: Leech Seed\n|\n|-damage|p2b: Flutter Mane|89\/100|[from] Leech Seed|[of] p1a: Wo-Chien\n|-heal|p1a: Wo-Chien|50\/100|[silent]\n|upkeep\n|\n|t:|1682899838\n|switch|p1b: Flutter Mane|Flutter Mane, L50|100\/100\n|-enditem|p1b: Flutter Mane|Booster Energy\n|-activate|p1b: Flutter Mane|ability: Protosynthesis|[fromitem]\n|-start|p1b: Flutter Mane|protosynthesisspa\n|turn|4\n|\n|t:|1682899860\n|switch|p1a: Garganacl|Garganacl, L50, M|100\/100\n|move|p1b: Flutter Mane|Protect|p1b: Flutter Mane\n|-singleturn|p1b: Flutter Mane|Protect\n|move|p2a: Kingambit|Sucker Punch||[still]\n|-fail|p2a: Kingambit\n|move|p2b: Flutter Mane|Shadow Ball|p1b: Flutter Mane\n|-activate|p1b: Flutter Mane|move: Protect\n|\n|-damage|p2b: Flutter Mane|77\/100|[from] Leech Seed|[of] p1a: Garganacl\n|upkeep\n|turn|5\n|\n|t:|1682899880\n|-end|p1b: Flutter Mane|Protosynthesis|[silent]\n|switch|p1b: Wo-Chien|Wo-Chien, L50, tera:Poison|50\/100\n|-ability|p1b: Wo-Chien|Tablets of Ruin\n|move|p2b: Flutter Mane|Shadow Ball|p1b: Wo-Chien\n|-damage|p1b: Wo-Chien|24\/100\n|move|p2a: Kingambit|Iron Head|p1b: Wo-Chien\n|-damage|p1b: Wo-Chien|0 fnt\n|faint|p1b: Wo-Chien\n|move|p1a: Garganacl|Salt Cure|p2a: Kingambit\n|-resisted|p2a: Kingambit\n|-damage|p2a: Kingambit|32\/100\n|-start|p2a: Kingambit|Salt Cure\n|\n|-damage|p2b: Flutter Mane|65\/100|[from] Leech Seed|[of] p1a: Garganacl\n|-damage|p2a: Kingambit|7\/100|[from] Salt Cure\n|upkeep\n|\n|t:|1682899889\n|switch|p1b: Flutter Mane|Flutter Mane, L50|100\/100\n|turn|6\n|\n|t:|1682899899\n|switch|p2a: Chi-Yu|Chi-Yu, L50|100\/100\n|-ability|p2a: Chi-Yu|Beads of Ruin\n|move|p1a: Garganacl|Protect|p1a: Garganacl\n|-singleturn|p1a: Garganacl|Protect\n|move|p2b: Flutter Mane|Shadow Ball|p1b: Flutter Mane\n|-supereffective|p1b: Flutter Mane\n|-damage|p1b: Flutter Mane|0 fnt\n|faint|p1b: Flutter Mane\n|-end|p1b: Flutter Mane|Protosynthesis|[silent]\n|\n|-damage|p2b: Flutter Mane|53\/100|[from] Leech Seed|[of] p1a: Garganacl\n|upkeep\n|turn|7\n|\n|t:|1682899915\n|move|p2b: Flutter Mane|Moonblast|p1a: Garganacl\n|-damage|p1a: Garganacl|57\/100\n|-unboost|p1a: Garganacl|spa|1\n|move|p2a: Chi-Yu|Dark Pulse|p1a: Garganacl\n|-damage|p1a: Garganacl|22\/100\n|move|p1a: Garganacl|Salt Cure|p2a: Chi-Yu\n|-supereffective|p2a: Chi-Yu\n|-damage|p2a: Chi-Yu|66\/100\n|-start|p2a: Chi-Yu|Salt Cure\n|\n|-heal|p1a: Garganacl|28\/100|[from] item: Leftovers\n|-damage|p2b: Flutter Mane|41\/100|[from] Leech Seed|[of] p1a: Garganacl\n|-heal|p1a: Garganacl|36\/100|[silent]\n|-damage|p2a: Chi-Yu|54\/100|[from] Salt Cure\n|upkeep\n|turn|8\n|l| noice_cue_crew30\n|\n|t:|1682899932\n|move|p2b: Flutter Mane|Moonblast|p1a: Garganacl\n|-damage|p1a: Garganacl|0 fnt\n|faint|p1a: Garganacl\n|\n|win|tatsugirl i~\n|n|\u2606Moxie Boosted|moxieboosted\n|n|\u2606tatsugirl i~|tatsugirli\n|n| toh1217|toh1217\n|n| TooStandard4u|toostandard4u\n|n| Radio Free C-Side|radiofreecside\n|c|\u2606Moxie Boosted|gg wp\n|l|\u2606Moxie Boosted\n|c|\u2606tatsugirl i~|u2 gg\n","uploadtime":1682899940,"views":4,"p1id":"moxieboosted","p2id":"tatsugirli","formatid":"gen9vgc2023regulationc","rating":0,"private":0,"password":""}