{"id":"gen9vgc2023regulationc-1858434949","p1":"jespin","p2":"KlausWole","format":"[Gen 9] VGC 2023 Regulation C","log":"|j|\u2606jespin\n|j|\u2606KlausWole\n|t:|1683312020\n|gametype|doubles\n|player|p1|jespin|lucas|1144\n|player|p2|KlausWole|1|1154\n|teamsize|p1|6\n|teamsize|p2|6\n|gen|9\n|tier|[Gen 9] VGC 2023 Regulation C\n|rated|\n|rule|Species Clause: Limit one of each Pok\u00e9mon\n|rule|Item Clause: Limit one of each item\n|clearpoke\n|poke|p1|Amoonguss, L50, F|\n|poke|p1|Hariyama, L50, F|\n|poke|p1|Gastrodon, L50, M|\n|poke|p1|Corviknight, L50, M|\n|poke|p1|Grimmsnarl, L50, M|\n|poke|p1|Arcanine, L50, M|\n|poke|p2|Scream Tail, L50|\n|poke|p2|Torkoal, L50, M|\n|poke|p2|Brute Bonnet, L50|\n|poke|p2|Chi-Yu, L50|\n|poke|p2|Talonflame, L50, M|\n|poke|p2|Flutter Mane, L50|\n|teampreview|4\n|inactive|Battle timer is ON: inactive players will automatically lose when time's up. (requested by KlausWole)\n|\n|t:|1683312050\n|start\n|switch|p1a: Grimmsnarl|Grimmsnarl, L50, M|100\/100\n|switch|p1b: Arcanine|Arcanine, L50, M|100\/100\n|switch|p2a: Scream Tail|Scream Tail, L50, shiny|100\/100\n|switch|p2b: Torkoal|Torkoal, L50, M|100\/100\n|-ability|p1b: Arcanine|Intimidate|boost\n|-unboost|p2a: Scream Tail|atk|1\n|-unboost|p2b: Torkoal|atk|1\n|-weather|SunnyDay|[from] ability: Drought|[of] p2b: Torkoal\n|-activate|p2a: Scream Tail|ability: Protosynthesis\n|-start|p2a: Scream Tail|protosynthesisspd\n|turn|1\n|\n|t:|1683312066\n|move|p2b: Torkoal|Protect|p2b: Torkoal\n|-singleturn|p2b: Torkoal|Protect\n|move|p1a: Grimmsnarl|Light Screen|p1a: Grimmsnarl\n|-sidestart|p1: jespin|move: Light Screen\n|move|p1b: Arcanine|Snarl|p2b: Torkoal|[spread] p2a\n|-activate|p2b: Torkoal|move: Protect\n|-damage|p2a: Scream Tail|96\/100\n|move|p2a: Scream Tail|Trick Room|p2a: Scream Tail\n|-fieldstart|move: Trick Room|[of] p2a: Scream Tail\n|\n|-weather|SunnyDay|[upkeep]\n|upkeep\n|turn|2\n|\n|t:|1683312085\n|-end|p2a: Scream Tail|Protosynthesis|[silent]\n|switch|p2a: Chi-Yu|Chi-Yu, L50|100\/100\n|-ability|p2a: Chi-Yu|Beads of Ruin\n|-terastallize|p2b: Torkoal|Fire\n|move|p1a: Grimmsnarl|Parting Shot|p2b: Torkoal\n|-unboost|p2b: Torkoal|atk|1\n|-unboost|p2b: Torkoal|spa|1\n|\n|t:|1683312092\n|switch|p1a: Hariyama|Hariyama, L50, F|100\/100|[from] Parting Shot\n|move|p2b: Torkoal|Eruption|p1b: Arcanine|[spread] p1a,p1b\n|-resisted|p1b: Arcanine\n|-damage|p1a: Hariyama|64\/100\n|-damage|p1b: Arcanine|68\/100\n|move|p1b: Arcanine|Snarl|p2b: Torkoal|[spread] p2a,p2b\n|-resisted|p2a: Chi-Yu\n|-damage|p2a: Chi-Yu|96\/100\n|-damage|p2b: Torkoal|84\/100\n|-unboost|p2a: Chi-Yu|spa|1\n|-unboost|p2b: Torkoal|spa|1\n|\n|-weather|SunnyDay|[upkeep]\n|upkeep\n|turn|3\n|\n|t:|1683312116\n|move|p1a: Hariyama|Fake Out|p2a: Chi-Yu\n|-damage|p2a: Chi-Yu|79\/100\n|move|p2b: Torkoal|Eruption|p1b: Arcanine|[spread] p1a,p1b\n|-resisted|p1b: Arcanine\n|-damage|p1a: Hariyama|36\/100\n|-damage|p1b: Arcanine|47\/100\n|-enditem|p1b: Arcanine|Sitrus Berry|[eat]\n|-heal|p1b: Arcanine|72\/100|[from] item: Sitrus Berry\n|move|p1b: Arcanine|Snarl|p2a: Chi-Yu|[spread] p2a,p2b\n|-resisted|p2a: Chi-Yu\n|-damage|p2a: Chi-Yu|74\/100\n|-damage|p2b: Torkoal|69\/100\n|-unboost|p2a: Chi-Yu|spa|1\n|-unboost|p2b: Torkoal|spa|1\n|cant|p2a: Chi-Yu|flinch\n|\n|-weather|SunnyDay|[upkeep]\n|upkeep\n|turn|4\n|\n|t:|1683312142\n|switch|p2b: Scream Tail|Scream Tail, L50, shiny|96\/100\n|-activate|p2b: Scream Tail|ability: Protosynthesis\n|-start|p2b: Scream Tail|protosynthesisspd\n|move|p1b: Arcanine|Protect|p1b: Arcanine\n|-singleturn|p1b: Arcanine|Protect\n|move|p1a: Hariyama|Drain Punch|p2a: Chi-Yu\n|-supereffective|p2a: Chi-Yu\n|-damage|p2a: Chi-Yu|0 fnt\n|-heal|p1a: Hariyama|58\/100|[from] drain|[of] p2a: Chi-Yu\n|faint|p2a: Chi-Yu\n|\n|-weather|SunnyDay|[upkeep]\n|upkeep\n|\n|t:|1683312160\n|switch|p2a: Torkoal|Torkoal, L50, M, tera:Fire|69\/100\n|turn|5\n|\n|t:|1683312183\n|move|p2a: Torkoal|Protect|p2a: Torkoal\n|-singleturn|p2a: Torkoal|Protect\n|move|p1a: Hariyama|Bullet Punch|p2b: Scream Tail\n|-supereffective|p2b: Scream Tail\n|-damage|p2b: Scream Tail|80\/100\n|move|p1b: Arcanine|Snarl|p2a: Torkoal|[spread] p2b\n|-activate|p2a: Torkoal|move: Protect\n|-damage|p2b: Scream Tail|77\/100\n|move|p2b: Scream Tail|Encore|p1b: Arcanine\n|-start|p1b: Arcanine|Encore\n|\n|-weather|none\n|-end|p2b: Scream Tail|Protosynthesis\n|-fieldend|move: Trick Room\n|upkeep\n|turn|6\n|\n|t:|1683312204\n|move|p1b: Arcanine|Snarl|p2a: Torkoal|[spread] p2a,p2b\n|-damage|p2a: Torkoal|59\/100\n|-damage|p2b: Scream Tail|72\/100\n|-unboost|p2a: Torkoal|spa|1\n|move|p1a: Hariyama|Knock Off|p2a: Torkoal\n|-damage|p2a: Torkoal|38\/100\n|-enditem|p2a: Torkoal|Charcoal|[from] move: Knock Off|[of] p1a: Hariyama\n|move|p2a: Torkoal|Eruption|p1b: Arcanine|[spread] p1a,p1b\n|-resisted|p1b: Arcanine\n|-damage|p1a: Hariyama|51\/100\n|-damage|p1b: Arcanine|68\/100\n|move|p2b: Scream Tail|Trick Room|p2b: Scream Tail\n|-fieldstart|move: Trick Room|[of] p2b: Scream Tail\n|\n|upkeep\n|turn|7\n|\n|t:|1683312227\n|move|p2a: Torkoal|Heat Wave|p1b: Arcanine|[spread] p1a\n|-miss|p2a: Torkoal|p1b: Arcanine\n|-damage|p1a: Hariyama|42\/100\n|-status|p1a: Hariyama|brn\n|move|p1a: Hariyama|Knock Off|p2b: Scream Tail\n|-damage|p2b: Scream Tail|41\/100\n|-enditem|p2b: Scream Tail|Covert Cloak|[from] move: Knock Off|[of] p1a: Hariyama\n|move|p1b: Arcanine|Snarl|p2a: Torkoal|[spread] p2a,p2b\n|-damage|p2a: Torkoal|26\/100\n|-damage|p2b: Scream Tail|36\/100\n|-unboost|p2a: Torkoal|spa|1\n|-unboost|p2b: Scream Tail|spa|1\n|move|p2b: Scream Tail|Psychic Fangs|p1a: Hariyama\n|-sideend|p1: jespin|move: Light Screen\n|-supereffective|p1a: Hariyama\n|-damage|p1a: Hariyama|3\/100 brn\n|\n|-damage|p1a: Hariyama|0 fnt|[from] brn\n|faint|p1a: Hariyama\n|upkeep\n|\n|t:|1683312245\n|switch|p1a: Grimmsnarl|Grimmsnarl, L50, M|100\/100\n|turn|8\n|\n|t:|1683312259\n|move|p1a: Grimmsnarl|Reflect|p1a: Grimmsnarl\n|-sidestart|p1: jespin|Reflect\n|move|p2a: Torkoal|Heat Wave|p1b: Arcanine|[spread] p1a,p1b\n|-resisted|p1b: Arcanine\n|-damage|p1a: Grimmsnarl|82\/100\n|-damage|p1b: Arcanine|59\/100\n|move|p1b: Arcanine|Snarl|p2a: Torkoal|[spread] p2a,p2b\n|-damage|p2a: Torkoal|16\/100\n|-damage|p2b: Scream Tail|31\/100\n|-unboost|p2a: Torkoal|spa|1\n|-unboost|p2b: Scream Tail|spa|1\n|move|p2b: Scream Tail|Psychic Fangs|p1b: Arcanine\n|-sideend|p1: jespin|Reflect\n|-damage|p1b: Arcanine|36\/100\n|\n|-end|p1b: Arcanine|Encore\n|upkeep\n|turn|9\n|\n|t:|1683312283\n|move|p1a: Grimmsnarl|Light Screen|p1a: Grimmsnarl\n|-sidestart|p1: jespin|move: Light Screen\n|move|p2a: Torkoal|Heat Wave|p1a: Grimmsnarl|[spread] p1a,p1b\n|-resisted|p1b: Arcanine\n|-damage|p1a: Grimmsnarl|72\/100\n|-damage|p1b: Arcanine|31\/100\n|move|p1b: Arcanine|Snarl|p2b: Scream Tail|[spread] p2a,p2b\n|-crit|p2b: Scream Tail\n|-damage|p2a: Torkoal|5\/100\n|-damage|p2b: Scream Tail|23\/100\n|-unboost|p2a: Torkoal|spa|1\n|-unboost|p2b: Scream Tail|spa|1\n|move|p2b: Scream Tail|Psychic Fangs|p1b: Arcanine\n|-sideend|p1: jespin|move: Light Screen\n|-crit|p1b: Arcanine\n|-damage|p1b: Arcanine|1\/100\n|\n|upkeep\n|turn|10\n|inactive|KlausWole has 30 seconds left.\n|\n|t:|1683312313\n|move|p1a: Grimmsnarl|Reflect|p1a: Grimmsnarl\n|-sidestart|p1: jespin|Reflect\n|move|p2a: Torkoal|Heat Wave|p1b: Arcanine|[spread] p1a,p1b\n|-resisted|p1b: Arcanine\n|-damage|p1a: Grimmsnarl|59\/100\n|-damage|p1b: Arcanine|0 fnt\n|faint|p1b: Arcanine\n|move|p2b: Scream Tail|Encore|p1a: Grimmsnarl\n|-start|p1a: Grimmsnarl|Encore\n|\n|-fieldend|move: Trick Room\n|upkeep\n|\n|t:|1683312322\n|switch|p1b: Corviknight|Corviknight, L50, M|100\/100\n|turn|11\n|\n|t:|1683312330\n|move|p2a: Torkoal|Protect|p2a: Torkoal\n|-singleturn|p2a: Torkoal|Protect\n|move|p1a: Grimmsnarl|Reflect||[still]\n|-fail|p1a: Grimmsnarl\n|move|p1b: Corviknight|Iron Head|p2b: Scream Tail\n|-supereffective|p2b: Scream Tail\n|-damage|p2b: Scream Tail|0 fnt\n|faint|p2b: Scream Tail\n|-end|p2b: Scream Tail|Protosynthesis|[silent]\n|\n|upkeep\n|\n|t:|1683312340\n|switch|p2b: Brute Bonnet|Brute Bonnet, L50|100\/100\n|turn|12\n|\n|t:|1683312354\n|move|p1a: Grimmsnarl|Reflect||[still]\n|-fail|p1a: Grimmsnarl\n|move|p1b: Corviknight|Bulk Up|p1b: Corviknight\n|-boost|p1b: Corviknight|atk|1\n|-boost|p1b: Corviknight|def|1\n|move|p2b: Brute Bonnet|Spore|p1b: Corviknight\n|-status|p1b: Corviknight|slp|[from] move: Spore\n|move|p2a: Torkoal|Heat Wave|p1a: Grimmsnarl|[spread] p1a,p1b\n|-crit|p1a: Grimmsnarl\n|-supereffective|p1b: Corviknight\n|-damage|p1a: Grimmsnarl|1\/100\n|-damage|p1b: Corviknight|80\/100 slp\n|-status|p1a: Grimmsnarl|brn\n|\n|-heal|p1b: Corviknight|85\/100 slp|[from] item: Leftovers\n|-damage|p1a: Grimmsnarl|0 fnt|[from] brn\n|faint|p1a: Grimmsnarl\n|upkeep\n|turn|13\n|inactive|KlausWole has 30 seconds left.\n|\n|t:|1683312389\n|cant|p1b: Corviknight|slp\n|move|p2b: Brute Bonnet|Bullet Seed|p1b: Corviknight\n|-resisted|p1b: Corviknight\n|-damage|p1b: Corviknight|84\/100 slp\n|-resisted|p1b: Corviknight\n|-damage|p1b: Corviknight|83\/100 slp\n|-resisted|p1b: Corviknight\n|-damage|p1b: Corviknight|82\/100 slp\n|-resisted|p1b: Corviknight\n|-damage|p1b: Corviknight|81\/100 slp\n|-hitcount|p1b: Corviknight|4\n|move|p2a: Torkoal|Heat Wave|p1b: Corviknight\n|-supereffective|p1b: Corviknight\n|-damage|p1b: Corviknight|46\/100 slp\n|\n|-heal|p1b: Corviknight|52\/100 slp|[from] item: Leftovers\n|upkeep\n|turn|14\n|\n|t:|1683312411\n|-curestatus|p1b: Corviknight|slp|[msg]\n|move|p1b: Corviknight|Protect|p1b: Corviknight\n|-singleturn|p1b: Corviknight|Protect\n|move|p2b: Brute Bonnet|Crunch|p1b: Corviknight\n|-activate|p1b: Corviknight|move: Protect\n|move|p2a: Torkoal|Clear Smog|p1b: Corviknight\n|-activate|p1b: Corviknight|move: Protect\n|\n|-heal|p1b: Corviknight|58\/100|[from] item: Leftovers\n|upkeep\n|turn|15\n|\n|t:|1683312429\n|move|p1b: Corviknight|Roost|p1b: Corviknight\n|-heal|p1b: Corviknight|100\/100\n|-singleturn|p1b: Corviknight|move: Roost\n|move|p2b: Brute Bonnet|Spore|p1b: Corviknight\n|-status|p1b: Corviknight|slp|[from] move: Spore\n|move|p2a: Torkoal|Heat Wave|p1b: Corviknight\n|-supereffective|p1b: Corviknight\n|-crit|p1b: Corviknight\n|-damage|p1b: Corviknight|0 fnt\n|faint|p1b: Corviknight\n|\n|win|KlausWole\n|raw|jespin's rating: 1144 → 1120<\/strong> (-24 for losing)\n|raw|KlausWole's rating: 1154 → 1178<\/strong> (+24 for winning)\n|l|\u2606jespin\n","uploadtime":1683312446,"views":13,"p1id":"jespin","p2id":"klauswole","formatid":"gen9vgc2023regulationc","rating":1120,"private":0,"password":""}