{"id":"gen9vgc2023regulationc-1848815470","p1":"V4trena","p2":"NegaChad","format":"[Gen 9] VGC 2023 Regulation C","log":"|j|\u2606V4trena\n|j|\u2606NegaChad\n|t:|1682113381\n|gametype|doubles\n|player|p1|V4trena|blackbelt-gen4dp|\n|player|p2|NegaChad|101|\n|teamsize|p1|6\n|teamsize|p2|6\n|gen|9\n|tier|[Gen 9] VGC 2023 Regulation C\n|rule|Species Clause: Limit one of each Pok\u00e9mon\n|rule|Item Clause: Limit one of each item\n|clearpoke\n|poke|p1|Dondozo, L50, F|\n|poke|p1|Hattrem, L50, F|\n|poke|p1|Maushold, L50|\n|poke|p1|Flamigo, L50, F|\n|poke|p1|Tatsugiri-Droopy, L50, M|\n|poke|p1|Annihilape, L50, M|\n|poke|p2|Qwilfish, L50, F|\n|poke|p2|Great Tusk, L50|\n|poke|p2|Talonflame, L50, M|\n|poke|p2|Brambleghast, L50, M|\n|poke|p2|Farigiraf, L50, F|\n|poke|p2|Morgrem, L50, M|\n|teampreview|4\n|c|\u2606V4trena|gl hf\n|c|\u2606V4trena|gam 1\n|c|\u2606NegaChad|Glhf\n|\n|t:|1682113481\n|start\n|switch|p1a: SaulCallers|Maushold, L50|100\/100\n|switch|p1b: NotYourFriend|Flamigo, L50, F|100\/100\n|switch|p2a: HEATBLAST|Talonflame, L50, M|100\/100\n|switch|p2b: RIPJAWS|Qwilfish, L50, F|100\/100\n|-ability|p2b: RIPJAWS|Intimidate|boost\n|-unboost|p1a: SaulCallers|atk|1\n|-fail|p1b: NotYourFriend|unboost|Attack|[from] ability: Scrappy|[of] p1b: NotYourFriend\n|turn|1\n|\n|t:|1682113546\n|-terastallize|p1a: SaulCallers|Fire\n|move|p2a: HEATBLAST|Will-O-Wisp|p1a: SaulCallers\n|-immune|p1a: SaulCallers\n|move|p1a: SaulCallers|Population Bomb|p2a: HEATBLAST\n|-damage|p2a: HEATBLAST|90\/100\n|-damage|p2a: HEATBLAST|79\/100\n|-damage|p2a: HEATBLAST|67\/100\n|-damage|p2a: HEATBLAST|57\/100\n|-crit|p2a: HEATBLAST\n|-damage|p2a: HEATBLAST|32\/100\n|-damage|p2a: HEATBLAST|22\/100\n|-damage|p2a: HEATBLAST|10\/100\n|-damage|p2a: HEATBLAST|0 fnt\n|faint|p2a: HEATBLAST\n|-hitcount|p2: HEATBLAST|8\n|move|p1b: NotYourFriend|Tailwind|p1b: NotYourFriend\n|-sidestart|p1: V4trena|move: Tailwind\n|move|p2b: RIPJAWS|Icy Wind|p1a: SaulCallers|[spread] p1a,p1b\n|-resisted|p1a: SaulCallers\n|-supereffective|p1b: NotYourFriend\n|-crit|p1b: NotYourFriend\n|-damage|p1a: SaulCallers|94\/100\n|-damage|p1b: NotYourFriend|60\/100\n|-unboost|p1a: SaulCallers|spe|1\n|-unboost|p1b: NotYourFriend|spe|1\n|\n|upkeep\n|\n|t:|1682113575\n|switch|p2a: GREY MATTER|Morgrem, L50, M, shiny|100\/100\n|turn|2\n|\n|t:|1682113605\n|move|p2a: GREY MATTER|Fake Out|p1a: SaulCallers\n|-damage|p1a: SaulCallers|84\/100\n|move|p1b: NotYourFriend|Feint|p2a: GREY MATTER\n|-damage|p2a: GREY MATTER|88\/100\n|cant|p1a: SaulCallers|flinch\n|move|p2b: RIPJAWS|Icy Wind|p1b: NotYourFriend|[spread] p1a,p1b\n|-resisted|p1a: SaulCallers\n|-supereffective|p1b: NotYourFriend\n|-damage|p1a: SaulCallers|77\/100\n|-damage|p1b: NotYourFriend|35\/100\n|-unboost|p1a: SaulCallers|spe|1\n|-unboost|p1b: NotYourFriend|spe|1\n|\n|upkeep\n|turn|3\n|c|\u2606NegaChad|Tera makes things so funky\n|\n|t:|1682113691\n|move|p2a: GREY MATTER|Reflect|p2a: GREY MATTER\n|-sidestart|p2: NegaChad|Reflect\n|move|p1a: SaulCallers|Population Bomb|p2a: GREY MATTER\n|-damage|p2a: GREY MATTER|80\/100\n|-damage|p2a: GREY MATTER|72\/100\n|-damage|p2a: GREY MATTER|65\/100\n|-damage|p2a: GREY MATTER|57\/100\n|-damage|p2a: GREY MATTER|49\/100\n|-damage|p2a: GREY MATTER|42\/100\n|-damage|p2a: GREY MATTER|35\/100\n|-damage|p2a: GREY MATTER|27\/100\n|-damage|p2a: GREY MATTER|19\/100\n|-damage|p2a: GREY MATTER|12\/100\n|-hitcount|p2a: GREY MATTER|10\n|move|p1b: NotYourFriend|Brave Bird|p2a: GREY MATTER\n|-damage|p2a: GREY MATTER|0 fnt\n|faint|p2a: GREY MATTER\n|-damage|p1b: NotYourFriend|31\/100|[from] Recoil\n|move|p2b: RIPJAWS|Chilling Water|p1a: SaulCallers\n|-supereffective|p1a: SaulCallers\n|-damage|p1a: SaulCallers|31\/100\n|-unboost|p1a: SaulCallers|atk|1\n|\n|upkeep\n|l|\u2606NegaChad\n|player|p2|\n|j|\u2606NegaChad\n|player|p2|NegaChad|101\n|\n|t:|1682113720\n|switch|p2a: WAY BIG|Farigiraf, L50, F, shiny|100\/100\n|turn|4\n|\n|t:|1682113744\n|-terastallize|p2a: WAY BIG|Fairy\n|move|p1a: SaulCallers|Taunt|p2a: WAY BIG\n|-start|p2a: WAY BIG|move: Taunt\n|move|p1b: NotYourFriend|Brave Bird|p2b: RIPJAWS\n|-damage|p2b: RIPJAWS|48\/100\n|-damage|p1b: NotYourFriend|16\/100|[from] Recoil\n|move|p2b: RIPJAWS|Chilling Water|p1a: SaulCallers\n|-supereffective|p1a: SaulCallers\n|-damage|p1a: SaulCallers|0 fnt\n|faint|p1a: SaulCallers\n|cant|p2a: WAY BIG|move: Taunt|Nasty Plot\n|\n|-heal|p2b: RIPJAWS|53\/100|[from] item: Black Sludge\n|-sideend|p1: V4trena|move: Tailwind\n|upkeep\n|\n|t:|1682113756\n|switch|p1a: Tatsugiri|Tatsugiri-Droopy, L50, M|100\/100\n|turn|5\n|\n|t:|1682113783\n|move|p1a: Tatsugiri|Endure|p1a: Tatsugiri\n|-singleturn|p1a: Tatsugiri|move: Endure\n|move|p2b: RIPJAWS|Icy Wind|p1a: Tatsugiri|[spread] p1a,p1b\n|-supereffective|p1b: NotYourFriend\n|-damage|p1a: Tatsugiri|90\/100\n|-damage|p1b: NotYourFriend|0 fnt\n|-unboost|p1a: Tatsugiri|spe|1\n|faint|p1b: NotYourFriend\n|move|p2a: WAY BIG|Dazzling Gleam|p1a: Tatsugiri\n|-supereffective|p1a: Tatsugiri\n|-activate|p1a: Tatsugiri|move: Endure\n|-damage|p1a: Tatsugiri|1\/100\n|-enditem|p1a: Tatsugiri|Salac Berry|[eat]\n|-boost|p1a: Tatsugiri|spe|1|[from] item: Salac Berry\n|\n|-heal|p2b: RIPJAWS|59\/100|[from] item: Black Sludge\n|upkeep\n|\n|t:|1682113788\n|switch|p1b: TheDondizzuler|Dondozo, L50, F|100\/100\n|-activate|p1a: Tatsugiri|ability: Commander|[of] p1b: TheDondizzuler\n|-boost|p1b: TheDondizzuler|atk|2\n|-boost|p1b: TheDondizzuler|spa|2\n|-boost|p1b: TheDondizzuler|spe|2\n|-boost|p1b: TheDondizzuler|def|2\n|-boost|p1b: TheDondizzuler|spd|2\n|turn|6\n|\n|t:|1682113837\n|move|p2b: RIPJAWS|Haze|p2b: RIPJAWS\n|-clearallboost\n|move|p2a: WAY BIG|Energy Ball|p1b: TheDondizzuler\n|-supereffective|p1b: TheDondizzuler\n|-damage|p1b: TheDondizzuler|44\/100\n|move|p1b: TheDondizzuler|Order Up|p2b: RIPJAWS\n|-damage|p2b: RIPJAWS|40\/100\n|-boost|p1b: TheDondizzuler|def|1\n|\n|-heal|p2b: RIPJAWS|45\/100|[from] item: Black Sludge\n|-heal|p1b: TheDondizzuler|51\/100|[from] item: Leftovers\n|-end|p2a: WAY BIG|move: Taunt\n|upkeep\n|turn|7\n|\n|t:|1682113852\n|move|p2b: RIPJAWS|Chilling Water|p1b: TheDondizzuler\n|-resisted|p1b: TheDondizzuler\n|-damage|p1b: TheDondizzuler|43\/100\n|-unboost|p1b: TheDondizzuler|atk|1\n|move|p2a: WAY BIG|Energy Ball|p1b: TheDondizzuler\n|-supereffective|p1b: TheDondizzuler\n|-damage|p1b: TheDondizzuler|0 fnt\n|faint|p1b: TheDondizzuler\n|\n|-heal|p2b: RIPJAWS|51\/100|[from] item: Black Sludge\n|-sideend|p2: NegaChad|Reflect\n|upkeep\n|turn|8\n|\n|t:|1682113868\n|move|p2b: RIPJAWS|Icy Wind|p1a: Tatsugiri\n|-damage|p1a: Tatsugiri|0 fnt\n|faint|p1a: Tatsugiri\n|\n|win|NegaChad\n|c|\u2606NegaChad|Gg\n|l|\u2606NegaChad\n","uploadtime":1682114674,"views":15,"p1id":"v4trena","p2id":"negachad","formatid":"gen9vgc2023regulationc","rating":0,"private":0,"password":""}