{"id":"gen9vgc2023regulationc-1845520597","p1":"BarboPauraBeppe","p2":"haha u rage quit","format":"[Gen 9] VGC 2023 Regulation C","log":"|j|\u2606BarboPauraBeppe\n|j|\u2606haha u rage quit\n|t:|1681741634\n|gametype|doubles\n|player|p1|BarboPauraBeppe|grimsley|1250\n|player|p2|haha u rage quit|pokemaniac|1329\n|teamsize|p1|6\n|teamsize|p2|6\n|gen|9\n|tier|[Gen 9] VGC 2023 Regulation C\n|rated|\n|rule|Species Clause: Limit one of each Pok\u00e9mon\n|rule|Item Clause: Limit one of each item\n|clearpoke\n|poke|p1|Flutter Mane, L50|\n|poke|p1|Annihilape, L50, M|\n|poke|p1|Maushold, L50|\n|poke|p1|Palafin, L50, M|\n|poke|p1|Arcanine, L50, M|\n|poke|p1|Ting-Lu, L50|\n|poke|p2|Meowscarada, L50, M|\n|poke|p2|Tatsugiri-Droopy, L50, M|\n|poke|p2|Talonflame, L50, M|\n|poke|p2|Pawmot, L50, M|\n|poke|p2|Dondozo, L50, M|\n|poke|p2|Arcanine, L50, M|\n|teampreview|4\n|\n|t:|1681741670\n|start\n|switch|p1a: Annihilape|Annihilape, L50, M|100\/100\n|switch|p1b: Palafin|Palafin, L50, M, shiny|100\/100\n|switch|p2a: Meowscarada|Meowscarada, L50, M|100\/100\n|switch|p2b: Arcanine|Arcanine, L50, M|100\/100\n|-ability|p2b: Arcanine|Intimidate|boost\n|-unboost|p1a: Annihilape|atk|1\n|-ability|p1a: Annihilape|Defiant|boost\n|-boost|p1a: Annihilape|atk|2\n|-unboost|p1b: Palafin|atk|1\n|turn|1\n|inactive|Battle timer is ON: inactive players will automatically lose when time's up. (requested by BarboPauraBeppe)\n|inactive|BarboPauraBeppe has 60 seconds left.\n|inactive|haha u rage quit has 60 seconds left.\n|\n|t:|1681741719\n|detailschange|p1b: Palafin|Palafin-Hero, L50, M, shiny\n|switch|p1b: Arcanine|Arcanine, L50, M, shiny|100\/100\n|-ability|p1b: Arcanine|Intimidate|boost\n|-unboost|p2a: Meowscarada|atk|1\n|-unboost|p2b: Arcanine|atk|1\n|-terastallize|p1a: Annihilape|Fire\n|move|p2a: Meowscarada|Play Rough|p1a: Annihilape\n|-start|p2a: Meowscarada|typechange|Fairy|[from] ability: Protean\n|-resisted|p1a: Annihilape\n|-damage|p1a: Annihilape|85\/100\n|move|p2b: Arcanine|Flare Blitz|p1a: Annihilape\n|-resisted|p1a: Annihilape\n|-crit|p1a: Annihilape\n|-damage|p1a: Annihilape|30\/100\n|-damage|p2b: Arcanine|77\/100|[from] Recoil\n|-damage|p2b: Arcanine|67\/100|[from] item: Life Orb\n|move|p1a: Annihilape|Bulk Up|p1a: Annihilape\n|-boost|p1a: Annihilape|atk|1\n|-boost|p1a: Annihilape|def|1\n|\n|-heal|p1a: Annihilape|36\/100|[from] item: Leftovers\n|upkeep\n|turn|2\n|\n|t:|1681741739\n|switch|p2a: Tatsugiri|Tatsugiri-Droopy, L50, M|100\/100\n|switch|p2b: Dondozo|Dondozo, L50, M|100\/100\n|-activate|p2a: Tatsugiri|ability: Commander|[of] p2b: Dondozo\n|-boost|p2b: Dondozo|atk|2\n|-boost|p2b: Dondozo|spa|2\n|-boost|p2b: Dondozo|spe|2\n|-boost|p2b: Dondozo|def|2\n|-boost|p2b: Dondozo|spd|2\n|switch|p1b: Maushold|Maushold, L50|100\/100\n|move|p1a: Annihilape|Protect||[still]\n|-fail|p1a: Annihilape\n|\n|-heal|p1a: Annihilape|42\/100|[from] item: Leftovers\n|upkeep\n|turn|3\n|inactive|BarboPauraBeppe has 30 seconds left.\n|\n|t:|1681741767\n|move|p1b: Maushold|Follow Me|p1b: Maushold\n|-singleturn|p1b: Maushold|move: Follow Me\n|move|p2b: Dondozo|Earthquake|p1b: Maushold|[spread] p1a,p1b\n|-miss|p2b: Dondozo|p2a: Tatsugiri\n|-supereffective|p1a: Annihilape\n|-damage|p1a: Annihilape|0 fnt\n|-damage|p1b: Maushold|55\/100\n|faint|p1a: Annihilape\n|\n|upkeep\n|\n|t:|1681741774\n|switch|p1a: Arcanine|Arcanine, L50, M, shiny|100\/100\n|-ability|p1a: Arcanine|Intimidate|boost\n|-unboost|p2a: Tatsugiri|atk|1\n|-fail|p2b: Dondozo|unboost|Attack|[from] ability: Oblivious|[of] p2b: Dondozo\n|turn|4\n|\n|t:|1681741783\n|move|p1b: Maushold|Protect|p1b: Maushold\n|-singleturn|p1b: Maushold|Protect\n|move|p2b: Dondozo|Earthquake|p1b: Maushold|[spread] p1a\n|-miss|p2b: Dondozo|p2a: Tatsugiri\n|-activate|p1b: Maushold|move: Protect\n|-supereffective|p1a: Arcanine\n|-damage|p1a: Arcanine|27\/100\n|-enditem|p1a: Arcanine|Sitrus Berry|[eat]\n|-heal|p1a: Arcanine|52\/100|[from] item: Sitrus Berry\n|move|p1a: Arcanine|Will-O-Wisp|p2b: Dondozo\n|-status|p2b: Dondozo|brn\n|\n|-damage|p2b: Dondozo|94\/100 brn|[from] brn\n|upkeep\n|turn|5\n|\n|t:|1681741803\n|switch|p1a: Palafin|Palafin-Hero, L50, M, shiny|100\/100\n|-activate|p1a: Palafin|ability: Zero to Hero\n|move|p2b: Dondozo|Earthquake|p1b: Maushold|[spread] p1a,p1b\n|-miss|p2b: Dondozo|p2a: Tatsugiri\n|-damage|p1a: Palafin|87\/100\n|-damage|p1b: Maushold|35\/100\n|move|p1b: Maushold|Taunt|p2b: Dondozo\n|-immune|p2b: Dondozo|[from] ability: Oblivious\n|\n|-damage|p2b: Dondozo|88\/100 brn|[from] brn\n|upkeep\n|turn|6\n|\n|t:|1681741820\n|-terastallize|p2b: Dondozo|Grass\n|move|p1b: Maushold|Protect|p1b: Maushold\n|-singleturn|p1b: Maushold|Protect\n|move|p2b: Dondozo|Tera Blast|p1a: Palafin\n|-supereffective|p1a: Palafin\n|-damage|p1a: Palafin|42\/100\n|move|p1a: Palafin|Haze|p1a: Palafin\n|-clearallboost\n|\n|-damage|p2b: Dondozo|82\/100 brn|[from] brn\n|upkeep\n|turn|7\n|\n|t:|1681741834\n|move|p1b: Maushold|Beat Up|p2b: Dondozo\n|-damage|p2b: Dondozo|80\/100 brn\n|-damage|p2b: Dondozo|78\/100 brn\n|-damage|p2b: Dondozo|77\/100 brn\n|-hitcount|p2b: Dondozo|3\n|move|p1a: Palafin|Wave Crash|p2b: Dondozo\n|-resisted|p2b: Dondozo\n|-crit|p2b: Dondozo\n|-damage|p2b: Dondozo|24\/100 brn\n|-damage|p1a: Palafin|23\/100|[from] Recoil\n|move|p2b: Dondozo|Tera Blast|p1a: Palafin\n|-supereffective|p1a: Palafin\n|-damage|p1a: Palafin|1\/100\n|\n|-damage|p2b: Dondozo|18\/100 brn|[from] brn\n|upkeep\n|turn|8\n|inactive|BarboPauraBeppe has 30 seconds left.\n|\n|t:|1681741867\n|move|p1a: Palafin|Jet Punch|p2b: Dondozo\n|-resisted|p2b: Dondozo\n|-damage|p2b: Dondozo|2\/100 brn\n|move|p1b: Maushold|Taunt|p2a: Tatsugiri|[miss]\n|-miss|p1b: Maushold|p2a: Tatsugiri\n|move|p2b: Dondozo|Rest|p2b: Dondozo\n|-status|p2b: Dondozo|slp|[from] move: Rest\n|-heal|p2b: Dondozo|100\/100 slp|[silent]\n|-enditem|p2b: Dondozo|Chesto Berry|[eat]\n|-curestatus|p2b: Dondozo|slp|[msg]\n|\n|upkeep\n|turn|9\n|-message|BarboPauraBeppe forfeited.\n|\n|win|haha u rage quit\n|raw|BarboPauraBeppe's rating: 1250 → 1231<\/strong> (-19 for losing)\n|raw|haha u rage quit's rating: 1329 → 1345<\/strong> (+16 for winning)\n|l|\u2606BarboPauraBeppe\n","uploadtime":1681741895,"views":8,"p1id":"barbopaurabeppe","p2id":"hahauragequit","formatid":"gen9vgc2023regulationc","rating":1231,"private":0,"password":""}