{"id":"gen9vgc2023regulationc-1850756201","p1":"dinoral","p2":"captantan","format":"[Gen 9] VGC 2023 Regulation C","log":"|j|\u2606dinoral\n|j|\u2606captantan\n|t:|1682364991\n|gametype|doubles\n|player|p1|dinoral|ghetsis|1088\n|player|p2|captantan|102|1163\n|teamsize|p1|6\n|teamsize|p2|6\n|gen|9\n|tier|[Gen 9] VGC 2023 Regulation C\n|rated|\n|rule|Species Clause: Limit one of each Pok\u00e9mon\n|rule|Item Clause: Limit one of each item\n|clearpoke\n|poke|p1|Gholdengo, L50|\n|poke|p1|Roaring Moon, L50|\n|poke|p1|Palafin, L50, M|\n|poke|p1|Flutter Mane, L50|\n|poke|p1|Wo-Chien, L50|\n|poke|p1|Arcanine, L50, F|\n|poke|p2|Ting-Lu, L50|\n|poke|p2|Roaring Moon, L50|\n|poke|p2|Amoonguss, L50, F|\n|poke|p2|Arcanine, L50, F|\n|poke|p2|Garganacl, L50, M|\n|poke|p2|Iron Bundle, L50|\n|teampreview|4\n|inactive|Battle timer is ON: inactive players will automatically lose when time's up. (requested by captantan)\n|\n|t:|1682365057\n|start\n|switch|p1a: Gholdengo|Gholdengo, L50|100\/100\n|switch|p1b: Palafin|Palafin, L50, M|100\/100\n|switch|p2a: Roaring Moon|Roaring Moon, L50|100\/100\n|switch|p2b: Ting-Lu|Ting-Lu, L50|100\/100\n|-ability|p2b: Ting-Lu|Vessel of Ruin\n|-enditem|p2a: Roaring Moon|Booster Energy\n|-activate|p2a: Roaring Moon|ability: Protosynthesis|[fromitem]\n|-start|p2a: Roaring Moon|protosynthesisatk\n|turn|1\n|inactive|captantan has 30 seconds left.\n|\n|t:|1682365089\n|detailschange|p1b: Palafin|Palafin-Hero, L50, M\n|switch|p1b: Arcanine|Arcanine, L50, F|100\/100\n|-ability|p1b: Arcanine|Intimidate|boost\n|-unboost|p2a: Roaring Moon|atk|1\n|-unboost|p2b: Ting-Lu|atk|1\n|move|p1a: Gholdengo|Protect|p1a: Gholdengo\n|-singleturn|p1a: Gholdengo|Protect\n|move|p2a: Roaring Moon|Dragon Dance|p2a: Roaring Moon\n|-boost|p2a: Roaring Moon|atk|1\n|-boost|p2a: Roaring Moon|spe|1\n|move|p2b: Ting-Lu|Ruination|p1b: Arcanine\n|-damage|p1b: Arcanine|51\/100\n|\n|upkeep\n|turn|2\n|inactive|dinoral has 30 seconds left.\n|inactive|dinoral has 20 seconds left.\n|inactive|dinoral has 15 seconds left.\n|\n|t:|1682365131\n|-terastallize|p2a: Roaring Moon|Flying\n|-terastallize|p1a: Gholdengo|Steel\n|move|p1b: Arcanine|Extreme Speed|p2a: Roaring Moon\n|-damage|p2a: Roaring Moon|75\/100\n|move|p2a: Roaring Moon|Acrobatics|p1b: Arcanine\n|-damage|p1b: Arcanine|0 fnt\n|faint|p1b: Arcanine\n|move|p1a: Gholdengo|Make It Rain|p2a: Roaring Moon|[spread] p2a,p2b\n|-damage|p2a: Roaring Moon|16\/100\n|-damage|p2b: Ting-Lu|68\/100\n|-unboost|p1a: Gholdengo|spa|1\n|-damage|p1a: Gholdengo|91\/100|[from] item: Life Orb\n|move|p2b: Ting-Lu|Stomping Tantrum|p1a: Gholdengo\n|-supereffective|p1a: Gholdengo\n|-damage|p1a: Gholdengo|43\/100\n|\n|upkeep\n|\n|t:|1682365149\n|switch|p1b: Palafin|Palafin-Hero, L50, M|100\/100\n|-activate|p1b: Palafin|ability: Zero to Hero\n|turn|3\n|\n|t:|1682365164\n|switch|p1a: Flutter Mane|Flutter Mane, L50|100\/100\n|move|p2a: Roaring Moon|Protect|p2a: Roaring Moon\n|-singleturn|p2a: Roaring Moon|Protect\n|move|p1b: Palafin|Jet Punch|p2a: Roaring Moon\n|-activate|p2a: Roaring Moon|move: Protect\n|move|p2b: Ting-Lu|Ruination|p1b: Palafin\n|-damage|p1b: Palafin|51\/100\n|\n|upkeep\n|turn|4\n|\n|t:|1682365183\n|-end|p2a: Roaring Moon|Protosynthesis|[silent]\n|switch|p2a: Arcanine|Arcanine, L50, F|100\/100\n|-ability|p2a: Arcanine|Intimidate|boost\n|-unboost|p1a: Flutter Mane|atk|1\n|-unboost|p1b: Palafin|atk|1\n|move|p1b: Palafin|Jet Punch|p2a: Arcanine\n|-supereffective|p2a: Arcanine\n|-damage|p2a: Arcanine|30\/100\n|move|p1a: Flutter Mane|Moonblast|p2b: Ting-Lu\n|-supereffective|p2b: Ting-Lu\n|-damage|p2b: Ting-Lu|12\/100\n|-unboost|p2b: Ting-Lu|spa|1\n|move|p2b: Ting-Lu|Stomping Tantrum|p1a: Flutter Mane\n|-damage|p1a: Flutter Mane|50\/100\n|\n|upkeep\n|turn|5\n|inactive|captantan has 30 seconds left.\n|\n|t:|1682365211\n|move|p2a: Arcanine|Extreme Speed|p1b: Palafin\n|-damage|p1b: Palafin|31\/100\n|move|p1b: Palafin|Jet Punch|p2a: Arcanine\n|-supereffective|p2a: Arcanine\n|-damage|p2a: Arcanine|0 fnt\n|faint|p2a: Arcanine\n|move|p1a: Flutter Mane|Moonblast|p2b: Ting-Lu\n|-supereffective|p2b: Ting-Lu\n|-damage|p2b: Ting-Lu|0 fnt\n|faint|p2b: Ting-Lu\n|\n|upkeep\n|\n|t:|1682365219\n|switch|p2a: Roaring Moon|Roaring Moon, L50, tera:Flying|16\/100\n|switch|p2b: Garganacl|Garganacl, L50, M|100\/100\n|turn|6\n|inactive|captantan has 30 seconds left.\n|\n|t:|1682365245\n|move|p1b: Palafin|Protect|p1b: Palafin\n|-singleturn|p1b: Palafin|Protect\n|move|p1a: Flutter Mane|Moonblast|p2a: Roaring Moon\n|-damage|p2a: Roaring Moon|0 fnt\n|faint|p2a: Roaring Moon\n|-end|p2a: Roaring Moon|Protosynthesis|[silent]\n|move|p2b: Garganacl|Salt Cure|p1b: Palafin\n|-activate|p1b: Palafin|move: Protect\n|\n|upkeep\n|turn|7\n|\n|t:|1682365256\n|move|p1a: Flutter Mane|Moonblast|p2b: Garganacl\n|-damage|p2b: Garganacl|50\/100\n|-unboost|p2b: Garganacl|spa|1\n|move|p1b: Palafin|Wave Crash|p2b: Garganacl\n|-supereffective|p2b: Garganacl\n|-damage|p2b: Garganacl|0 fnt\n|faint|p2b: Garganacl\n|-damage|p1b: Palafin|14\/100|[from] Recoil\n|\n|win|dinoral\n|raw|dinoral's rating: 1088 → 1120<\/strong> (+32 for winning)\n|raw|captantan's rating: 1163 → 1133<\/strong> (-30 for losing)\n","uploadtime":1682365275,"views":14,"p1id":"dinoral","p2id":"captantan","formatid":"gen9vgc2023regulationc","rating":1120,"private":0,"password":""}