{"id":"gen9vgc2023regulationc-1851576861","p1":"Kehorie","p2":"Brendu04","format":"[Gen 9] VGC 2023 Regulation C","log":"|j|\u2606Kehorie\n|j|\u2606Brendu04\n|t:|1682457396\n|gametype|doubles\n|player|p1|Kehorie|caitlin|1324\n|player|p2|Brendu04|hilbert-wonderlauncher|1326\n|teamsize|p1|6\n|teamsize|p2|6\n|gen|9\n|tier|[Gen 9] VGC 2023 Regulation C\n|rated|\n|rule|Species Clause: Limit one of each Pok\u00e9mon\n|rule|Item Clause: Limit one of each item\n|clearpoke\n|poke|p1|Breloom, L50, F|\n|poke|p1|Flutter Mane, L50|\n|poke|p1|Chi-Yu, L50|\n|poke|p1|Iron Bundle, L50|\n|poke|p1|Gyarados, L50, M|\n|poke|p1|Grimmsnarl, L50, M|\n|poke|p2|Amoonguss, L50, F|\n|poke|p2|Palafin, L50, M|\n|poke|p2|Arcanine, L50, M|\n|poke|p2|Talonflame, L50, M|\n|poke|p2|Flutter Mane, L50|\n|poke|p2|Gholdengo, L50|\n|teampreview|4\n|inactive|Battle timer is ON: inactive players will automatically lose when time's up. (requested by Brendu04)\n|\n|t:|1682457430\n|start\n|switch|p1a: Moogle|Iron Bundle, L50|100\/100\n|switch|p1b: Calofisteri|Grimmsnarl, L50, M|100\/100\n|switch|p2a: Talonflame|Talonflame, L50, M|100\/100\n|switch|p2b: Gholdengo|Gholdengo, L50|100\/100\n|-enditem|p1a: Moogle|Booster Energy\n|-activate|p1a: Moogle|ability: Quark Drive|[fromitem]\n|-start|p1a: Moogle|quarkdrivespe\n|turn|1\n|\n|t:|1682457452\n|move|p2a: Talonflame|Tailwind|p2a: Talonflame\n|-sidestart|p2: Brendu04|move: Tailwind\n|move|p1b: Calofisteri|Light Screen|p1b: Calofisteri\n|-sidestart|p1: Kehorie|move: Light Screen\n|move|p1a: Moogle|Icy Wind|p2a: Talonflame|[spread] p2a,p2b\n|-resisted|p2b: Gholdengo\n|-damage|p2a: Talonflame|69\/100\n|-damage|p2b: Gholdengo|89\/100\n|-unboost|p2a: Talonflame|spe|1\n|-unboost|p2b: Gholdengo|spe|1\n|move|p2b: Gholdengo|Nasty Plot|p2b: Gholdengo\n|-boost|p2b: Gholdengo|spa|2\n|\n|upkeep\n|turn|2\n|inactive|Brendu04 has 30 seconds left.\n|\n|t:|1682457480\n|switch|p2a: Amoonguss|Amoonguss, L50, F|100\/100\n|-terastallize|p2b: Gholdengo|Water\n|-terastallize|p1b: Calofisteri|Poison\n|move|p1a: Moogle|Icy Wind|p2a: Amoonguss|[spread] p2a,p2b\n|-supereffective|p2a: Amoonguss\n|-resisted|p2b: Gholdengo\n|-damage|p2a: Amoonguss|62\/100\n|-damage|p2b: Gholdengo|77\/100\n|-unboost|p2a: Amoonguss|spe|1\n|-unboost|p2b: Gholdengo|spe|1\n|move|p2b: Gholdengo|Make It Rain|p1b: Calofisteri|[spread] p1a,p1b\n|-crit|p1a: Moogle\n|-damage|p1a: Moogle|0 fnt\n|-damage|p1b: Calofisteri|26\/100\n|-unboost|p2b: Gholdengo|spa|1\n|faint|p1a: Moogle\n|-end|p1a: Moogle|Quark Drive|[silent]\n|-damage|p2b: Gholdengo|67\/100|[from] item: Life Orb\n|move|p1b: Calofisteri|Spirit Break|p2b: Gholdengo\n|-damage|p2b: Gholdengo|36\/100\n|-unboost|p2b: Gholdengo|spa|1\n|\n|upkeep\n|\n|t:|1682457504\n|switch|p1a: Lamia|Chi-Yu, L50|100\/100\n|-ability|p1a: Lamia|Beads of Ruin\n|turn|3\n|inactive|Brendu04 has 30 seconds left.\n|\n|t:|1682457530\n|move|p1a: Lamia|Heat Wave|p2a: Amoonguss|[spread] p2a,p2b\n|-supereffective|p2a: Amoonguss\n|-resisted|p2b: Gholdengo\n|-damage|p2a: Amoonguss|0 fnt\n|-damage|p2b: Gholdengo|0 fnt\n|faint|p2a: Amoonguss\n|faint|p2b: Gholdengo\n|move|p1b: Calofisteri|Spirit Break|p2: Amoonguss|[notarget]\n|-fail|p1b: Calofisteri\n|\n|upkeep\n|\n|t:|1682457533\n|switch|p2b: Talonflame|Talonflame, L50, M|69\/100\n|switch|p2a: Flutter Mane|Flutter Mane, L50|100\/100\n|-enditem|p2a: Flutter Mane|Booster Energy\n|-activate|p2a: Flutter Mane|ability: Protosynthesis|[fromitem]\n|-start|p2a: Flutter Mane|protosynthesisspa\n|turn|4\n|\n|t:|1682457548\n|move|p2b: Talonflame|Brave Bird|p1b: Calofisteri\n|-damage|p1b: Calofisteri|0 fnt\n|faint|p1b: Calofisteri\n|-damage|p2b: Talonflame|58\/100|[from] Recoil\n|move|p2a: Flutter Mane|Moonblast|p1a: Lamia\n|-damage|p1a: Lamia|39\/100\n|move|p1a: Lamia|Heat Wave|p2b: Talonflame|[spread] p2a,p2b\n|-resisted|p2b: Talonflame\n|-damage|p2a: Flutter Mane|21\/100\n|-damage|p2b: Talonflame|0 fnt\n|faint|p2b: Talonflame\n|\n|-sideend|p2: Brendu04|move: Tailwind\n|upkeep\n|\n|t:|1682457559\n|switch|p1b: Leviathan|Gyarados, L50, M, shiny|100\/100\n|-ability|p1b: Leviathan|Intimidate|boost\n|-unboost|p2a: Flutter Mane|atk|1\n|turn|5\n|-message|Brendu04 forfeited.\n|\n|win|Kehorie\n|raw|Kehorie's rating: 1324 → 1344<\/strong> (+20 for winning)\n|raw|Brendu04's rating: 1326 → 1306<\/strong> (-20 for losing)\n|l|\u2606Brendu04\n","uploadtime":1682457570,"views":13,"p1id":"kehorie","p2id":"brendu04","formatid":"gen9vgc2023regulationc","rating":1306,"private":0,"password":""}