{"id":"gen9vgc2023regulationc-1847093644","p1":"xax139","p2":"Duck duty","format":"[Gen 9] VGC 2023 Regulation C","log":"|j|\u2606xax139\n|j|\u2606Duck duty\n|t:|1681918539\n|gametype|doubles\n|player|p1|xax139|265|1175\n|player|p2|Duck duty|pokekid|1162\n|teamsize|p1|6\n|teamsize|p2|6\n|gen|9\n|tier|[Gen 9] VGC 2023 Regulation C\n|rated|\n|rule|Species Clause: Limit one of each Pok\u00e9mon\n|rule|Item Clause: Limit one of each item\n|clearpoke\n|poke|p1|Ceruledge, L50, M|\n|poke|p1|Scizor, L50, M|\n|poke|p1|Sylveon, L50, M|\n|poke|p1|Palafin, L50, F|\n|poke|p1|Garganacl, L50, M|\n|poke|p1|Gyarados, L50, F|\n|poke|p2|Glimmora, L50, M|\n|poke|p2|Flutter Mane, L50|\n|poke|p2|Chi-Yu, L50|\n|poke|p2|Annihilape, L50, M|\n|poke|p2|Talonflame, L50, M|\n|poke|p2|Gyarados, L50, M|\n|teampreview|4\n|inactive|Battle timer is ON: inactive players will automatically lose when time's up. (requested by Duck duty)\n|inactive|xax139 has 60 seconds left.\n|inactive|Duck duty has 60 seconds left.\n|\n|t:|1681918581\n|start\n|switch|p1a: Palafin|Palafin, L50, F|100\/100\n|switch|p1b: Sylveon|Sylveon, L50, M|100\/100\n|switch|p2a: Talonflame|Talonflame, L50, M|100\/100\n|switch|p2b: Glimmora|Glimmora, L50, M|100\/100\n|turn|1\n|\n|t:|1681918597\n|move|p2a: Talonflame|Tailwind|p2a: Talonflame\n|-sidestart|p2: Duck duty|move: Tailwind\n|move|p2b: Glimmora|Mortal Spin|p1a: Palafin|[spread] p1a,p1b\n|-supereffective|p1b: Sylveon\n|-damage|p1a: Palafin|96\/100\n|-damage|p1b: Sylveon|91\/100\n|-status|p1a: Palafin|psn\n|-status|p1b: Sylveon|psn\n|move|p1a: Palafin|Flip Turn|p2b: Glimmora\n|-supereffective|p2b: Glimmora\n|-damage|p2b: Glimmora|17\/100\n|-activate|p2b: Glimmora|ability: Toxic Debris\n|-sidestart|p1: xax139|move: Toxic Spikes\n|\n|t:|1681918609\n|detailschange|p1a: Palafin|Palafin-Hero, L50, F\n|switch|p1a: Scizor|Scizor, L50, M|100\/100|[from] Flip Turn\n|move|p1b: Sylveon|Hyper Voice|p2b: Glimmora|[spread] p2a,p2b\n|-resisted|p2a: Talonflame\n|-resisted|p2b: Glimmora\n|-damage|p2a: Talonflame|83\/100\n|-damage|p2b: Glimmora|0 fnt\n|faint|p2b: Glimmora\n|-enditem|p1b: Sylveon|Throat Spray\n|-boost|p1b: Sylveon|spa|1|[from] item: Throat Spray\n|\n|-damage|p1b: Sylveon|78\/100 psn|[from] psn\n|upkeep\n|\n|t:|1681918621\n|switch|p2b: Chi-Yu|Chi-Yu, L50|100\/100\n|-ability|p2b: Chi-Yu|Beads of Ruin\n|turn|2\n|inactive|Duck duty has 30 seconds left.\n|\n|t:|1681918653\n|switch|p1a: Ceruledge|Ceruledge, L50, M|100\/100\n|-status|p1a: Ceruledge|psn\n|-terastallize|p2b: Chi-Yu|Ghost\n|move|p2b: Chi-Yu|Hex|p1b: Sylveon\n|-damage|p1b: Sylveon|20\/100 psn\n|move|p2a: Talonflame|Tailwind||[still]\n|-fail|p2a: Talonflame\n|move|p1b: Sylveon|Hyper Voice|p2b: Chi-Yu|[spread] p2a,p2b\n|-resisted|p2a: Talonflame\n|-damage|p2a: Talonflame|42\/100\n|-damage|p2b: Chi-Yu|52\/100\n|\n|-damage|p1a: Ceruledge|88\/100 psn|[from] psn\n|-damage|p1b: Sylveon|7\/100 psn|[from] psn\n|upkeep\n|turn|3\n|\n|t:|1681918674\n|move|p1a: Ceruledge|Shadow Sneak|p2b: Chi-Yu\n|-supereffective|p2b: Chi-Yu\n|-damage|p2b: Chi-Yu|0 fnt\n|faint|p2b: Chi-Yu\n|move|p2a: Talonflame|Brave Bird|p1b: Sylveon\n|-damage|p1b: Sylveon|0 fnt\n|faint|p1b: Sylveon\n|-damage|p2a: Talonflame|40\/100|[from] Recoil\n|\n|-damage|p1a: Ceruledge|76\/100 psn|[from] psn\n|upkeep\n|\n|t:|1681918684\n|switch|p2b: Annihilape|Annihilape, L50, M|100\/100\n|switch|p1b: Palafin|Palafin-Hero, L50, F|96\/100 psn\n|-activate|p1b: Palafin|ability: Zero to Hero\n|turn|4\n|\n|t:|1681918698\n|-terastallize|p1b: Palafin|Water\n|move|p2a: Talonflame|Quick Guard|p2a: Talonflame\n|-singleturn|p2a: Talonflame|Quick Guard\n|move|p1b: Palafin|Jet Punch|p2b: Annihilape\n|-activate|p2b: Annihilape|move: Quick Guard\n|move|p2b: Annihilape|Bulk Up|p2b: Annihilape\n|-boost|p2b: Annihilape|atk|1\n|-boost|p2b: Annihilape|def|1\n|move|p1a: Ceruledge|Bitter Blade|p2b: Annihilape\n|-damage|p2b: Annihilape|73\/100\n|-heal|p1a: Ceruledge|93\/100 psn|[from] drain|[of] p2b: Annihilape\n|\n|-heal|p2b: Annihilape|79\/100|[from] item: Leftovers\n|-damage|p1b: Palafin|84\/100 psn|[from] psn\n|-damage|p1a: Ceruledge|81\/100 psn|[from] psn\n|-sideend|p2: Duck duty|move: Tailwind\n|upkeep\n|turn|5\n|\n|t:|1681918719\n|move|p2a: Talonflame|Quick Guard|p2a: Talonflame\n|-singleturn|p2a: Talonflame|Quick Guard\n|move|p1b: Palafin|Jet Punch|p2a: Talonflame\n|-activate|p2a: Talonflame|move: Quick Guard\n|move|p1a: Ceruledge|Shadow Sneak|p2b: Annihilape\n|-activate|p2b: Annihilape|move: Quick Guard\n|move|p2b: Annihilape|Rage Fist|p1a: Ceruledge\n|-supereffective|p1a: Ceruledge\n|-damage|p1a: Ceruledge|0 fnt\n|faint|p1a: Ceruledge\n|\n|-heal|p2b: Annihilape|85\/100|[from] item: Leftovers\n|-damage|p1b: Palafin|72\/100 psn|[from] psn\n|upkeep\n|\n|t:|1681918726\n|switch|p1a: Scizor|Scizor, L50, M|100\/100\n|turn|6\n|\n|t:|1681918737\n|move|p2a: Talonflame|Quick Guard|p2a: Talonflame\n|-singleturn|p2a: Talonflame|Quick Guard\n|move|p1b: Palafin|Jet Punch|p2b: Annihilape\n|-activate|p2b: Annihilape|move: Quick Guard\n|move|p2b: Annihilape|Rage Fist|p1a: Scizor\n|-damage|p1a: Scizor|35\/100\n|move|p1a: Scizor|Close Combat|p2a: Talonflame\n|-resisted|p2a: Talonflame\n|-damage|p2a: Talonflame|6\/100\n|-unboost|p1a: Scizor|def|1\n|-unboost|p1a: Scizor|spd|1\n|-damage|p1a: Scizor|25\/100|[from] item: Life Orb\n|\n|-heal|p2b: Annihilape|91\/100|[from] item: Leftovers\n|-damage|p1b: Palafin|59\/100 psn|[from] psn\n|upkeep\n|turn|7\n|\n|t:|1681918754\n|move|p2a: Talonflame|Quick Guard|p2a: Talonflame\n|-singleturn|p2a: Talonflame|Quick Guard\n|move|p1b: Palafin|Jet Punch|p2b: Annihilape\n|-activate|p2b: Annihilape|move: Quick Guard\n|move|p2b: Annihilape|Rage Fist|p1a: Scizor\n|-damage|p1a: Scizor|0 fnt\n|faint|p1a: Scizor\n|\n|-heal|p2b: Annihilape|97\/100|[from] item: Leftovers\n|-damage|p1b: Palafin|47\/100 psn|[from] psn\n|upkeep\n|turn|8\n|\n|t:|1681918768\n|move|p2a: Talonflame|Quick Guard|p2a: Talonflame\n|-singleturn|p2a: Talonflame|Quick Guard\n|move|p1b: Palafin|Jet Punch|p2a: Talonflame\n|-activate|p2a: Talonflame|move: Quick Guard\n|move|p2b: Annihilape|Drain Punch|p1b: Palafin\n|-crit|p1b: Palafin\n|-damage|p1b: Palafin|0 fnt\n|-heal|p2b: Annihilape|100\/100|[from] drain|[of] p1b: Palafin\n|faint|p1b: Palafin\n|\n|win|Duck duty\n|raw|xax139's rating: 1175 → 1149<\/strong> (-26 for losing)\n|raw|Duck duty's rating: 1162 → 1188<\/strong> (+26 for winning)\n|l|\u2606xax139\n","uploadtime":1681918777,"views":7,"p1id":"xax139","p2id":"duckduty","formatid":"gen9vgc2023regulationc","rating":1149,"private":0,"password":""}