{"id":"gen9vgc2023regulationc-1855319706","p1":"ums031820","p2":"PokemonOG92 #4489","format":"[Gen 9] VGC 2023 Regulation C","log":"|j|\u2606ums031820\n|j|\u2606PokemonOG92 #4489\n|t:|1682936337\n|gametype|doubles\n|player|p1|ums031820|169|1110\n|player|p2|PokemonOG92 #4489|hilbert|1168\n|teamsize|p1|6\n|teamsize|p2|6\n|gen|9\n|tier|[Gen 9] VGC 2023 Regulation C\n|rated|\n|rule|Species Clause: Limit one of each Pok\u00e9mon\n|rule|Item Clause: Limit one of each item\n|clearpoke\n|poke|p1|Chi-Yu, L50|\n|poke|p1|Flutter Mane, L50|\n|poke|p1|Volcarona, L50, M|\n|poke|p1|Azumarill, L50, M|\n|poke|p1|Gothitelle, L50, F|\n|poke|p1|Murkrow, L50, M|\n|poke|p2|Umbreon, L50, F|\n|poke|p2|Armarouge, L50, F|\n|poke|p2|Indeedee-F, L50, F|\n|poke|p2|Flamigo, L50, F|\n|poke|p2|Iron Valiant, L50|\n|poke|p2|Greedent, L50, F|\n|teampreview|4\n|inactive|Battle timer is ON: inactive players will automatically lose when time's up. (requested by PokemonOG92 #4489)\nums031820 rejected open team sheets.\n|inactive|ums031820 has 60 seconds left.\n|\n|t:|1682936380\n|start\n|switch|p1a: Gothitelle|Gothitelle, L50, F, shiny|100\/100\n|switch|p1b: Murkrow|Murkrow, L50, M, shiny|100\/100\n|switch|p2a: Indeedee|Indeedee-F, L50, F|100\/100\n|switch|p2b: Umbreon|Umbreon, L50, F|100\/100\n|-fieldstart|move: Psychic Terrain|[from] ability: Psychic Surge|[of] p2a: Indeedee\n|turn|1\n|inactive|ums031820 has 30 seconds left.\n|\n|t:|1682936411\n|move|p1b: Murkrow|Perish Song|p1b: Murkrow\n|-start|p1a: Gothitelle|perish3|[silent]\n|-start|p1b: Murkrow|perish3|[silent]\n|-activate|p2a: Indeedee|move: Psychic Terrain\n|-activate|p2b: Umbreon|move: Psychic Terrain\n|-fieldactivate|move: Perish Song\n|move|p1a: Gothitelle|Hypnosis|p2a: Indeedee\n|-status|p2a: Indeedee|slp|[from] move: Hypnosis\n|move|p2b: Umbreon|Skill Swap|p1a: Gothitelle\n|-activate|p2b: Umbreon|move: Skill Swap|Shadow Tag|Inner Focus|[of] p1a: Gothitelle\n|cant|p2a: Indeedee|slp\n|\n|-start|p1b: Murkrow|perish3\n|-start|p1a: Gothitelle|perish3\n|upkeep\n|turn|2\n|inactive|ums031820 has 30 seconds left.\n|inactive|ums031820 has 20 seconds left.\n|inactive|ums031820 has 15 seconds left.\n|inactive|ums031820 has 10 seconds left.\n|\n|t:|1682936459\n|cant|p2a: Indeedee|slp\n|move|p1b: Murkrow|Feather Dance|p2b: Umbreon\n|-activate|p2b: Umbreon|move: Psychic Terrain\n|move|p1a: Gothitelle|Hypnosis|p2b: Umbreon|[miss]\n|-miss|p1a: Gothitelle|p2b: Umbreon\n|move|p2b: Umbreon|Foul Play|p1a: Gothitelle\n|-supereffective|p1a: Gothitelle\n|-damage|p1a: Gothitelle|70\/100\n|\n|-start|p1b: Murkrow|perish2\n|-start|p1a: Gothitelle|perish2\n|upkeep\n|turn|3\n|c|\u2606PokemonOG92 #4489|odd that psychic terrain blocks prankster parish song but not haze...\n|inactive|ums031820 has 30 seconds left.\n|inactive|PokemonOG92 #4489 has 30 seconds left.\n|c|\u2606ums031820|Yeah no kidding\n|inactive|ums031820 has 20 seconds left.\n|inactive|ums031820 has 15 seconds left.\n|inactive|ums031820 has 10 seconds left.\n|inactive|ums031820 has 5 seconds left.\n|\n|t:|1682936514\n|-curestatus|p2a: Indeedee|slp|[msg]\n|move|p2a: Indeedee|Follow Me|p2a: Indeedee\n|-singleturn|p2a: Indeedee|move: Follow Me\n|move|p1b: Murkrow|Perish Song|p1b: Murkrow\n|-activate|p2a: Indeedee|move: Psychic Terrain\n|-activate|p2b: Umbreon|move: Psychic Terrain\n|move|p2b: Umbreon|Foul Play|p1a: Gothitelle\n|-supereffective|p1a: Gothitelle\n|-damage|p1a: Gothitelle|42\/100\n|move|p1a: Gothitelle|Trick Room|p1a: Gothitelle\n|-fieldstart|move: Trick Room|[of] p1a: Gothitelle\n|\n|-start|p1a: Gothitelle|perish1\n|-start|p1b: Murkrow|perish1\n|upkeep\n|turn|4\n|c|\u2606PokemonOG92 #4489|Hopefully thats a future change because there has to be at least one counter to haze\n|c|\u2606PokemonOG92 #4489|clear amulet doesn't work either for some reason\n|c|\u2606ums031820|Whoa\n|inactive|ums031820 has 30 seconds left.\n|inactive|PokemonOG92 #4489 has 30 seconds left.\n|inactive|ums031820 has 20 seconds left.\n|inactive|ums031820 has 15 seconds left.\n|inactive|ums031820 has 10 seconds left.\n|inactive|ums031820 has 5 seconds left.\n|\n|t:|1682936566\n|switch|p2b: Iron Squirrel|Greedent, L50, F|100\/100\n|move|p2a: Indeedee|Follow Me|p2a: Indeedee\n|-singleturn|p2a: Indeedee|move: Follow Me\n|move|p1b: Murkrow|Feather Dance|p2a: Indeedee\n|-activate|p2a: Indeedee|move: Psychic Terrain\n|move|p1a: Gothitelle|Hypnosis|p2a: Indeedee|[miss]\n|-miss|p1a: Gothitelle|p2a: Indeedee\n|\n|-start|p1a: Gothitelle|perish0\n|-start|p1b: Murkrow|perish0\n|faint|p1a: Gothitelle\n|faint|p1b: Murkrow\n|upkeep\n|\n|t:|1682936577\n|switch|p1a: Azumarill|Azumarill, L50, M, shiny|100\/100\n|switch|p1b: Volcarona|Volcarona, L50, M, shiny|100\/100\n|turn|5\n|\n|t:|1682936593\n|move|p2a: Indeedee|Follow Me|p2a: Indeedee\n|-singleturn|p2a: Indeedee|move: Follow Me\n|move|p2b: Iron Squirrel|Belly Drum|p2b: Iron Squirrel\n|-damage|p2b: Iron Squirrel|50\/100\n|-setboost|p2b: Iron Squirrel|atk|6|[from] move: Belly Drum\n|-enditem|p2b: Iron Squirrel|Sitrus Berry|[eat]\n|-heal|p2b: Iron Squirrel|75\/100|[from] item: Sitrus Berry\n|-heal|p2b: Iron Squirrel|100\/100|[from] ability: Cheek Pouch\n|move|p1a: Azumarill|Belly Drum|p1a: Azumarill\n|-damage|p1a: Azumarill|50\/100\n|-setboost|p1a: Azumarill|atk|6|[from] move: Belly Drum\n|-enditem|p1a: Azumarill|Sitrus Berry|[eat]\n|-heal|p1a: Azumarill|75\/100|[from] item: Sitrus Berry\n|move|p1b: Volcarona|Heat Wave|p2b: Iron Squirrel|[spread] p2a,p2b\n|-damage|p2a: Indeedee|73\/100\n|-damage|p2b: Iron Squirrel|60\/100\n|\n|-fieldend|move: Psychic Terrain\n|upkeep\n|turn|6\n|c|\u2606PokemonOG92 #4489|lol\n|inactive|ums031820 has 30 seconds left.\n|inactive|PokemonOG92 #4489 has 30 seconds left.\n|inactive|ums031820 has 20 seconds left.\n|inactive|PokemonOG92 #4489 has 20 seconds left.\n|inactive|ums031820 has 15 seconds left.\n|\n|t:|1682936634\n|-terastallize|p2a: Indeedee|Flying\n|move|p2a: Indeedee|Follow Me|p2a: Indeedee\n|-singleturn|p2a: Indeedee|move: Follow Me\n|move|p1a: Azumarill|Aqua Jet|p2a: Indeedee\n|-damage|p2a: Indeedee|0 fnt\n|faint|p2a: Indeedee\n|move|p2b: Iron Squirrel|Earthquake|p1a: Azumarill|[spread] p1a,p1b\n|-damage|p1a: Azumarill|0 fnt\n|-damage|p1b: Volcarona|0 fnt\n|faint|p1a: Azumarill\n|faint|p1b: Volcarona\n|\n|win|PokemonOG92 #4489\n|raw|ums031820's rating: 1110 → 1089<\/strong> (-21 for losing)\n|raw|PokemonOG92 #4489's rating: 1168 → 1189<\/strong> (+21 for winning)\n|c|\u2606PokemonOG92 #4489|gg wp\n|c|\u2606ums031820|gg\n|l|\u2606ums031820\n","uploadtime":1682936812,"views":109,"p1id":"ums031820","p2id":"pokemonog924489","formatid":"gen9vgc2023regulationc","rating":1089,"private":0,"password":""}