{"id":"gen9vgc2023regulationc-1860003343","p1":"littensalt","p2":"xiaozzz","format":"[Gen 9] VGC 2023 Regulation C","log":"|j|\u2606littensalt\n|j|\u2606xiaozzz\n|t:|1683584005\n|gametype|doubles\n|player|p1|littensalt|hugh|1155\n|player|p2|xiaozzz|skierf|1259\n|teamsize|p1|6\n|teamsize|p2|6\n|gen|9\n|tier|[Gen 9] VGC 2023 Regulation C\n|rated|\n|rule|Species Clause: Limit one of each Pok\u00e9mon\n|rule|Item Clause: Limit one of each item\n|clearpoke\n|poke|p1|Indeedee-F, L50, F|\n|poke|p1|Armarouge, L50, F|\n|poke|p1|Gholdengo, L50|\n|poke|p1|Murkrow, L50, F|\n|poke|p1|Meowscarada, L50, M|\n|poke|p1|Great Tusk, L50|\n|poke|p2|Tatsugiri, L50, F|\n|poke|p2|Dondozo, L50, M|\n|poke|p2|Arcanine, L50, M|\n|poke|p2|Glimmora, L50, M|\n|poke|p2|Flutter Mane, L50|\n|poke|p2|Garganacl, L50, F|\n|teampreview|4\n|inactive|Battle timer is ON: inactive players will automatically lose when time's up. (requested by xiaozzz)\n|\n|t:|1683584028\n|start\n|switch|p1a: Indeedee|Indeedee-F, L50, F|100\/100\n|switch|p1b: Gholdengo|Gholdengo, L50|100\/100\n|switch|p2a: Arcanine|Arcanine, L50, M|100\/100\n|switch|p2b: Dondozo|Dondozo, L50, M|100\/100\n|-ability|p2a: Arcanine|Intimidate|boost\n|-unboost|p1a: Indeedee|atk|1\n|-unboost|p1b: Gholdengo|atk|1\n|-fieldstart|move: Psychic Terrain|[from] ability: Psychic Surge|[of] p1a: Indeedee\n|-enditem|p1a: Indeedee|Psychic Seed\n|-boost|p1a: Indeedee|spd|1|[from] item: Psychic Seed\n|turn|1\n|inactive|littensalt has 30 seconds left.\n|\n|t:|1683584057\n|switch|p2a: Tatsugiri|Tatsugiri, L50, F|100\/100\n|-activate|p2a: Tatsugiri|ability: Commander|[of] p2b: Dondozo\n|-boost|p2b: Dondozo|atk|2\n|-boost|p2b: Dondozo|spa|2\n|-boost|p2b: Dondozo|spe|2\n|-boost|p2b: Dondozo|def|2\n|-boost|p2b: Dondozo|spd|2\n|move|p2b: Dondozo|Earthquake|p1a: Indeedee|[spread] p1a,p1b\n|-miss|p2b: Dondozo|p2a: Tatsugiri\n|-supereffective|p1b: Gholdengo\n|-damage|p1a: Indeedee|43\/100\n|-damage|p1b: Gholdengo|2\/100\n|move|p1b: Gholdengo|Nasty Plot|p1b: Gholdengo\n|-boost|p1b: Gholdengo|spa|2\n|move|p1a: Indeedee|Trick Room|p1a: Indeedee\n|-fieldstart|move: Trick Room|[of] p1a: Indeedee\n|\n|-heal|p1b: Gholdengo|8\/100|[from] item: Leftovers\n|upkeep\n|turn|2\n|\n|t:|1683584079\n|move|p1a: Indeedee|Helping Hand|p1b: Gholdengo\n|-immune|p1b: Gholdengo|[from] ability: Good as Gold\n|move|p1b: Gholdengo|Shadow Ball|p2a: Tatsugiri|[miss]\n|-miss|p1b: Gholdengo|p2a: Tatsugiri\n|move|p2b: Dondozo|Earthquake|p1b: Gholdengo|[spread] p1a,p1b\n|-miss|p2b: Dondozo|p2a: Tatsugiri\n|-supereffective|p1b: Gholdengo\n|-damage|p1a: Indeedee|0 fnt\n|-damage|p1b: Gholdengo|0 fnt\n|faint|p1a: Indeedee\n|faint|p1b: Gholdengo\n|\n|upkeep\n|\n|t:|1683584091\n|switch|p1a: Meowscarada|Meowscarada, L50, M|100\/100\n|switch|p1b: Armarouge|Armarouge, L50, F|100\/100\n|turn|3\n|\n|t:|1683584098\n|-terastallize|p2b: Dondozo|Steel\n|-terastallize|p1a: Meowscarada|Grass\n|move|p1b: Armarouge|Expanding Force|p2b: Dondozo|[spread] p2b\n|-miss|p1b: Armarouge|p2a: Tatsugiri\n|-resisted|p2b: Dondozo\n|-crit|p2b: Dondozo\n|-damage|p2b: Dondozo|60\/100\n|-damage|p1b: Armarouge|91\/100|[from] item: Life Orb\n|move|p2b: Dondozo|Earthquake|p1a: Meowscarada|[spread] p1a,p1b\n|-miss|p2b: Dondozo|p2a: Tatsugiri\n|-resisted|p1a: Meowscarada\n|-supereffective|p1b: Armarouge\n|-damage|p1a: Meowscarada|69\/100\n|-damage|p1b: Armarouge|35\/100\n|move|p1a: Meowscarada|Flower Trick|p2b: Dondozo\n|-resisted|p2b: Dondozo\n|-crit|p2b: Dondozo\n|-damage|p2b: Dondozo|26\/100\n|\n|-heal|p2b: Dondozo|32\/100|[from] item: Leftovers\n|upkeep\n|turn|4\n|\n|t:|1683584118\n|move|p2b: Dondozo|Protect|p2b: Dondozo\n|-singleturn|p2b: Dondozo|Protect\n|move|p1b: Armarouge|Expanding Force|p2a: Tatsugiri|[spread] \n|-miss|p1b: Armarouge|p2a: Tatsugiri\n|-activate|p2b: Dondozo|move: Protect\n|move|p1a: Meowscarada|Flower Trick|p2b: Dondozo\n|-activate|p2b: Dondozo|move: Protect\n|\n|-heal|p2b: Dondozo|38\/100|[from] item: Leftovers\n|upkeep\n|turn|5\n|\n|t:|1683584131\n|move|p1b: Armarouge|Expanding Force|p2b: Dondozo|[spread] p2b\n|-miss|p1b: Armarouge|p2a: Tatsugiri\n|-resisted|p2b: Dondozo\n|-damage|p2b: Dondozo|23\/100\n|-damage|p1b: Armarouge|25\/100|[from] item: Life Orb\n|move|p2b: Dondozo|Earthquake|p1a: Meowscarada|[spread] p1a,p1b\n|-miss|p2b: Dondozo|p2a: Tatsugiri\n|-resisted|p1a: Meowscarada\n|-supereffective|p1b: Armarouge\n|-damage|p1a: Meowscarada|31\/100\n|-damage|p1b: Armarouge|0 fnt\n|faint|p1b: Armarouge\n|move|p1a: Meowscarada|Flower Trick|p2b: Dondozo\n|-resisted|p2b: Dondozo\n|-crit|p2b: Dondozo\n|-damage|p2b: Dondozo|0 fnt\n|faint|p2b: Dondozo\n|\n|-fieldend|move: Trick Room\n|-fieldend|move: Psychic Terrain\n|upkeep\n|\n|t:|1683584148\n|switch|p2b: Arcanine|Arcanine, L50, M|100\/100\n|-ability|p2b: Arcanine|Intimidate|boost\n|-unboost|p1a: Meowscarada|atk|1\n|turn|6\n|\n|t:|1683584154\n|move|p2a: Tatsugiri|Icy Wind|p1a: Meowscarada\n|-supereffective|p1a: Meowscarada\n|-damage|p1a: Meowscarada|0 fnt\n|faint|p1a: Meowscarada\n|\n|win|xiaozzz\n|raw|littensalt's rating: 1155 → 1137<\/strong> (-18 for losing)\n|raw|xiaozzz's rating: 1259 → 1277<\/strong> (+18 for winning)\n","uploadtime":1683584159,"views":11,"p1id":"littensalt","p2id":"xiaozzz","formatid":"gen9vgc2023regulationc","rating":1137,"private":0,"password":""}