{"id":"gen9vgc2023regulationc-1849493302","p1":"Nucleartoad","p2":"NuovoSangue","format":"[Gen 9] VGC 2023 Regulation C","log":"|j|\u2606Nucleartoad\n|j|\u2606NuovoSangue\n|t:|1682204996\n|gametype|doubles\n|player|p1|Nucleartoad|janine|1393\n|player|p2|NuovoSangue|ghetsis-gen5bw|1436\n|teamsize|p1|6\n|teamsize|p2|6\n|gen|9\n|tier|[Gen 9] VGC 2023 Regulation C\n|rated|\n|rule|Species Clause: Limit one of each Pok\u00e9mon\n|rule|Item Clause: Limit one of each item\n|clearpoke\n|poke|p1|Sunflora, L50, M|\n|poke|p1|Torkoal, L50, M|\n|poke|p1|Hatterene, L50, F|\n|poke|p1|Hariyama, L50, M|\n|poke|p1|Flamigo, L50, M|\n|poke|p1|Luxray, L50, M|\n|poke|p2|Ting-Lu, L50|\n|poke|p2|Oranguru, L50, F|\n|poke|p2|Torkoal, L50, M|\n|poke|p2|Amoonguss, L50, M|\n|poke|p2|Orthworm, L50, M|\n|poke|p2|Gyarados, L50, F|\n|teampreview|4\n|inactive|Battle timer is ON: inactive players will automatically lose when time's up. (requested by NuovoSangue)\n|inactive|Nucleartoad has 60 seconds left.\n|j| WeirdPolyCouple\n|\n|t:|1682205052\n|start\n|switch|p1a: Yo-Ya Ma|Hariyama, L50, M|100\/100\n|switch|p1b: Irene Cara|Hatterene, L50, F|100\/100\n|switch|p2a: Ting-Lu|Ting-Lu, L50|100\/100\n|switch|p2b: Oranguru|Oranguru, L50, F|100\/100\n|-ability|p2a: Ting-Lu|Vessel of Ruin\n|turn|1\n|inactive|Nucleartoad has 30 seconds left.\n|\n|t:|1682205082\n|move|p1b: Irene Cara|Protect|p1b: Irene Cara\n|-singleturn|p1b: Irene Cara|Protect\n|move|p2a: Ting-Lu|Earthquake|p1a: Yo-Ya Ma|[spread] p1a\n|-activate|p1b: Irene Cara|move: Protect\n|-activate|p2b: Oranguru|ability: Telepathy\n|-damage|p1a: Yo-Ya Ma|46\/100\n|move|p1a: Yo-Ya Ma|Close Combat|p2a: Ting-Lu\n|-supereffective|p2a: Ting-Lu\n|-damage|p2a: Ting-Lu|26\/100\n|-unboost|p1a: Yo-Ya Ma|def|1\n|-unboost|p1a: Yo-Ya Ma|spd|1\n|move|p2b: Oranguru|Trick Room|p2b: Oranguru\n|-fieldstart|move: Trick Room|[of] p2b: Oranguru\n|\n|-status|p1a: Yo-Ya Ma|brn|[from] item: Flame Orb\n|upkeep\n|turn|2\n|\n|t:|1682205107\n|switch|p1b: NatKing Koal|Torkoal, L50, M|100\/100\n|-weather|SunnyDay|[from] ability: Drought|[of] p1b: NatKing Koal\n|-terastallize|p2a: Ting-Lu|Water\n|move|p1a: Yo-Ya Ma|Wide Guard|p1a: Yo-Ya Ma\n|-singleturn|p1a: Yo-Ya Ma|Wide Guard\n|move|p2a: Ting-Lu|Earthquake|p1b: NatKing Koal|[spread] \n|-activate|p1a: Yo-Ya Ma|move: Wide Guard\n|-activate|p1b: NatKing Koal|move: Wide Guard\n|-activate|p2b: Oranguru|ability: Telepathy\n|move|p2b: Oranguru|Instruct|p2a: Ting-Lu\n|-singleturn|p2a: Ting-Lu|move: Instruct|[of] p2b: Oranguru\n|move|p2a: Ting-Lu|Earthquake|p1a: Yo-Ya Ma|[spread] \n|-activate|p1a: Yo-Ya Ma|move: Wide Guard\n|-activate|p1b: NatKing Koal|move: Wide Guard\n|-activate|p2b: Oranguru|ability: Telepathy\n|\n|-weather|SunnyDay|[upkeep]\n|-damage|p1a: Yo-Ya Ma|40\/100 brn|[from] brn\n|upkeep\n|turn|3\n|inactive|Nucleartoad has 30 seconds left.\n|\n|t:|1682205135\n|switch|p2a: Torkoal|Torkoal, L50, M|100\/100\n|move|p1b: NatKing Koal|Eruption|p2a: Torkoal|[spread] p2a,p2b\n|-resisted|p2a: Torkoal\n|-damage|p2a: Torkoal|54\/100\n|-damage|p2b: Oranguru|53\/100\n|move|p1a: Yo-Ya Ma|Close Combat|p2a: Torkoal\n|-damage|p2a: Torkoal|0 fnt\n|-unboost|p1a: Yo-Ya Ma|def|1\n|-unboost|p1a: Yo-Ya Ma|spd|1\n|faint|p2a: Torkoal\n|move|p2b: Oranguru|Trick Room|p2b: Oranguru\n|-fieldend|move: Trick Room\n|\n|-weather|SunnyDay|[upkeep]\n|-damage|p1a: Yo-Ya Ma|34\/100 brn|[from] brn\n|upkeep\n|\n|t:|1682205142\n|switch|p2a: Ting-Lu|Ting-Lu, L50, tera:Water|26\/100\n|-ability|p2a: Ting-Lu|Vessel of Ruin\n|turn|4\n|inactive|Nucleartoad has 30 seconds left.\n|inactive|Nucleartoad has 20 seconds left.\n|\n|t:|1682205178\n|move|p1b: NatKing Koal|Protect|p1b: NatKing Koal\n|-singleturn|p1b: NatKing Koal|Protect\n|move|p2b: Oranguru|Foul Play|p1a: Yo-Ya Ma\n|-resisted|p1a: Yo-Ya Ma\n|-damage|p1a: Yo-Ya Ma|0 fnt\n|faint|p1a: Yo-Ya Ma\n|move|p2a: Ting-Lu|Stomping Tantrum|p1b: NatKing Koal\n|-activate|p1b: NatKing Koal|move: Protect\n|\n|-weather|SunnyDay|[upkeep]\n|upkeep\n|\n|t:|1682205199\n|switch|p1a: Irene Cara|Hatterene, L50, F|100\/100\n|turn|5\n|inactive|Nucleartoad has 30 seconds left.\n|inactive|Nucleartoad has 20 seconds left.\n|\n|t:|1682205238\n|move|p2a: Ting-Lu|Stomping Tantrum|p1b: NatKing Koal\n|-supereffective|p1b: NatKing Koal\n|-damage|p1b: NatKing Koal|8\/100\n|move|p1a: Irene Cara|Psychic|p2a: Ting-Lu\n|-damage|p2a: Ting-Lu|0 fnt\n|faint|p2a: Ting-Lu\n|move|p1b: NatKing Koal|Overheat|p2b: Oranguru\n|-damage|p2b: Oranguru|0 fnt\n|-unboost|p1b: NatKing Koal|spa|2\n|-enditem|p1b: NatKing Koal|Eject Pack\n|faint|p2b: Oranguru\n|\n|t:|1682205246\n|switch|p1b: Sunny Bono|Sunflora, L50, M|100\/100\n|\n|-weather|SunnyDay|[upkeep]\n|-damage|p1b: Sunny Bono|88\/100|[from] ability: Solar Power|[of] p1b: Sunny Bono\n|upkeep\n|\n|t:|1682205250\n|switch|p2b: Orthworm|Orthworm, L50, M, shiny|100\/100\n|turn|6\n|\n|t:|1682205272\n|-terastallize|p1a: Irene Cara|Steel\n|move|p2b: Orthworm|Heavy Slam|p1a: Irene Cara\n|-resisted|p1a: Irene Cara\n|-damage|p1a: Irene Cara|80\/100\n|move|p1b: Sunny Bono|Solar Beam||[still]\n|-prepare|p1b: Sunny Bono|Solar Beam\n|-anim|p1b: Sunny Bono|Solar Beam|p2b: Orthworm\n|-resisted|p2b: Orthworm\n|-damage|p2b: Orthworm|42\/100\n|-damage|p1b: Sunny Bono|79\/100|[from] item: Life Orb\n|move|p1a: Irene Cara|Trick Room|p1a: Irene Cara\n|-fieldstart|move: Trick Room|[of] p1a: Irene Cara\n|\n|-weather|none\n|-heal|p2b: Orthworm|49\/100|[from] item: Leftovers\n|upkeep\n|turn|7\n|\n|t:|1682205292\n|switch|p1a: NatKing Koal|Torkoal, L50, M|8\/100\n|-weather|SunnyDay|[from] ability: Drought|[of] p1a: NatKing Koal\n|move|p1b: Sunny Bono|Solar Beam||[still]\n|-prepare|p1b: Sunny Bono|Solar Beam\n|-anim|p1b: Sunny Bono|Solar Beam|p2b: Orthworm\n|-resisted|p2b: Orthworm\n|-damage|p2b: Orthworm|0 fnt\n|faint|p2b: Orthworm\n|-damage|p1b: Sunny Bono|69\/100|[from] item: Life Orb\n|\n|win|Nucleartoad\n|raw|Nucleartoad's rating: 1393 → 1415<\/strong> (+22 for winning)\n|raw|NuovoSangue's rating: 1436 → 1414<\/strong> (-22 for losing)\n|l|\u2606NuovoSangue\n|c|\u2606Nucleartoad|Gg\n|j|\u2606NuovoSangue\n|player|p2|NuovoSangue|ghetsis-gen5bw\n","uploadtime":1682205324,"views":9,"p1id":"nucleartoad","p2id":"nuovosangue","formatid":"gen9vgc2023regulationc","rating":1414,"private":0,"password":""}