{"id":"gen9vgc2023regulationc-1859090590","p1":"Father Dijon","p2":"ApronVGC","format":"[Gen 9] VGC 2023 Regulation C","log":"|j|\u2606Father Dijon\n|j|\u2606ApronVGC\n|t:|1683403271\n|gametype|doubles\n|player|p1|Father Dijon|265|\n|player|p2|ApronVGC|lucas|\n|teamsize|p1|6\n|teamsize|p2|6\n|gen|9\n|tier|[Gen 9] VGC 2023 Regulation C\n|rule|Species Clause: Limit one of each Pok\u00e9mon\n|rule|Item Clause: Limit one of each item\n|clearpoke\n|poke|p1|Ting-Lu, L50|\n|poke|p1|Dragonite, L50, M|\n|poke|p1|Dondozo, L50, M|\n|poke|p1|Chien-Pao, L50|\n|poke|p1|Tatsugiri, L50, M|\n|poke|p1|Glimmora, L50, F|\n|poke|p2|Flutter Mane, L50|\n|poke|p2|Amoonguss, L50, M|\n|poke|p2|Arcanine, L50, M|\n|poke|p2|Palafin, L50, M|\n|poke|p2|Ting-Lu, L50|\n|poke|p2|Baxcalibur, L50, F|\n|teampreview|4\n|c|\u2606Father Dijon|g1\nFather Dijon has agreed to open team sheets.\nApronVGC has agreed to open team sheets.\n|c|\u2606ApronVGC|can you \/publicroom\n|c|\u2606Father Dijon|yessir\n|c|\u2606Father Dijon|\/log Father Dijon made this room public.\n|j|+zee\n|c|\u2606Father Dijon|alright\n|c|\u2606Father Dijon|glhf\n|j| Lemon Irvine\n|c|\u2606ApronVGC|u2\n|\n|t:|1683403428\n|start\n|switch|p1a: Ting-Lu|Ting-Lu, L50|100\/100\n|switch|p1b: Dondozo|Dondozo, L50, M|100\/100\n|switch|p2a: Flutter Mane|Flutter Mane, L50|100\/100\n|switch|p2b: Arcanine|Arcanine, L50, M|100\/100\n|-ability|p2b: Arcanine|Intimidate|boost\n|-unboost|p1a: Ting-Lu|atk|1\n|-unboost|p1b: Dondozo|atk|1\n|-ability|p1a: Ting-Lu|Vessel of Ruin\n|turn|1\n|j| Svenvgc\n|\n|t:|1683403442\n|switch|p2b: Amoonguss|Amoonguss, L50, M|100\/100\n|-terastallize|p1a: Ting-Lu|Fairy\n|move|p1b: Dondozo|Protect|p1b: Dondozo\n|-singleturn|p1b: Dondozo|Protect\n|move|p2a: Flutter Mane|Moonblast|p1a: Ting-Lu\n|-damage|p1a: Ting-Lu|74\/100\n|move|p1a: Ting-Lu|Stealth Rock|p2a: Flutter Mane\n|-sidestart|p2: ApronVGC|move: Stealth Rock\n|\n|upkeep\n|turn|2\n|j| pokeway96\n|j| JMOdri\n|\n|t:|1683403463\n|switch|p2b: Arcanine|Arcanine, L50, M|100\/100\n|-damage|p2b: Arcanine|76\/100|[from] Stealth Rock\n|-ability|p2b: Arcanine|Intimidate|boost\n|-unboost|p1a: Ting-Lu|atk|1\n|-unboost|p1b: Dondozo|atk|1\n|move|p2a: Flutter Mane|Moonblast|p1a: Ting-Lu\n|-damage|p1a: Ting-Lu|46\/100\n|move|p1b: Dondozo|Yawn|p2a: Flutter Mane\n|-start|p2a: Flutter Mane|move: Yawn|[of] p1b: Dondozo\n|move|p1a: Ting-Lu|Taunt|p2b: Arcanine\n|-start|p2b: Arcanine|move: Taunt\n|\n|upkeep\n|turn|3\n|j| Orangex733\n|\n|t:|1683403500\n|-end|p2a: Flutter Mane|Protosynthesis|[silent]\n|switch|p2a: Amoonguss|Amoonguss, L50, M|100\/100\n|-damage|p2a: Amoonguss|88\/100|[from] Stealth Rock\n|-terastallize|p2b: Arcanine|Grass\n|move|p2b: Arcanine|Flare Blitz|p1a: Ting-Lu\n|-damage|p1a: Ting-Lu|22\/100\n|-damage|p2b: Arcanine|65\/100|[from] Recoil\n|move|p1b: Dondozo|Yawn|p2a: Amoonguss\n|-start|p2a: Amoonguss|move: Yawn|[of] p1b: Dondozo\n|move|p1a: Ting-Lu|Taunt|p2a: Amoonguss\n|-start|p2a: Amoonguss|move: Taunt\n|\n|upkeep\n|turn|4\n|j| Topperlecat\n|\n|t:|1683403524\n|switch|p1a: Dragonite|Dragonite, L50, M|100\/100\n|switch|p2a: Flutter Mane|Flutter Mane, L50|100\/100\n|-damage|p2a: Flutter Mane|88\/100|[from] Stealth Rock\n|move|p2b: Arcanine|Flare Blitz|p1a: Dragonite\n|-resisted|p1a: Dragonite\n|-damage|p1a: Dragonite|91\/100\n|-status|p1a: Dragonite|brn\n|-damage|p2b: Arcanine|62\/100|[from] Recoil\n|move|p1b: Dondozo|Yawn|p2a: Flutter Mane\n|-start|p2a: Flutter Mane|move: Yawn|[of] p1b: Dondozo\n|\n|-damage|p1a: Dragonite|85\/100 brn|[from] brn\n|-end|p2b: Arcanine|move: Taunt\n|upkeep\n|turn|5\n|j| theyummybagel\n|j| Finabas\n|j| PqlarBear\n|\n|t:|1683403569\n|move|p2a: Flutter Mane|Moonblast|p1a: Dragonite\n|-supereffective|p1a: Dragonite\n|-damage|p1a: Dragonite|0 fnt\n|faint|p1a: Dragonite\n|move|p2b: Arcanine|Will-O-Wisp|p2a: Flutter Mane|[miss]\n|-miss|p2b: Arcanine|p2a: Flutter Mane\n|move|p1b: Dondozo|Yawn||[still]\n|-fail|p1b: Dondozo\n|\n|-end|p2a: Flutter Mane|move: Yawn|[silent]\n|-status|p2a: Flutter Mane|slp\n|upkeep\n|j| baaaaat_\n|\n|t:|1683403577\n|switch|p1a: Chien-Pao|Chien-Pao, L50|100\/100\n|-ability|p1a: Chien-Pao|Sword of Ruin\n|turn|6\n|l| Finabas\n|\n|t:|1683403588\n|move|p2b: Arcanine|Protect|p2b: Arcanine\n|-singleturn|p2b: Arcanine|Protect\n|move|p1a: Chien-Pao|Ice Spinner|p2b: Arcanine\n|-activate|p2b: Arcanine|move: Protect\n|cant|p2a: Flutter Mane|slp\n|move|p1b: Dondozo|Wave Crash|p2a: Flutter Mane\n|-damage|p2a: Flutter Mane|56\/100 slp\n|-damage|p1b: Dondozo|93\/100|[from] Recoil\n|\n|-heal|p1b: Dondozo|99\/100|[from] item: Leftovers\n|upkeep\n|turn|7\n|\n|t:|1683403610\n|-end|p2a: Flutter Mane|Protosynthesis|[silent]\n|switch|p2a: Amoonguss|Amoonguss, L50, M|100\/100\n|-damage|p2a: Amoonguss|88\/100|[from] Stealth Rock\n|switch|p1b: Ting-Lu|Ting-Lu, L50, tera:Fairy|22\/100\n|-ability|p1b: Ting-Lu|Vessel of Ruin\n|move|p1a: Chien-Pao|Ice Spinner|p2b: Arcanine\n|-supereffective|p2b: Arcanine\n|-crit|p2b: Arcanine\n|-damage|p2b: Arcanine|0 fnt\n|faint|p2b: Arcanine\n|\n|upkeep\n|\n|t:|1683403620\n|switch|p2b: Baxcalibur|Baxcalibur, L50, F|100\/100\n|-damage|p2b: Baxcalibur|76\/100|[from] Stealth Rock\n|turn|8\n|j| Finabas\n|j| RikaLapPillow\n|\n|t:|1683403664\n|move|p1a: Chien-Pao|Ice Spinner|p2a: Amoonguss\n|-supereffective|p2a: Amoonguss\n|-damage|p2a: Amoonguss|4\/100\n|-enditem|p2a: Amoonguss|Sitrus Berry|[eat]\n|-heal|p2a: Amoonguss|29\/100|[from] item: Sitrus Berry\n|move|p2b: Baxcalibur|Icicle Crash|p1b: Ting-Lu\n|-damage|p1b: Ting-Lu|0 fnt\n|faint|p1b: Ting-Lu\n|move|p2a: Amoonguss|Spore|p1a: Chien-Pao\n|-status|p1a: Chien-Pao|slp|[from] move: Spore\n|\n|upkeep\n|\n|t:|1683403670\n|switch|p1b: Dondozo|Dondozo, L50, M|99\/100\n|turn|9\n|l| RikaLapPillow\n|\n|t:|1683403709\n|cant|p1a: Chien-Pao|slp\n|move|p2b: Baxcalibur|Glaive Rush|p1a: Chien-Pao\n|-damage|p1a: Chien-Pao|8\/100 slp\n|-singlemove|p2b: Baxcalibur|Glaive Rush|[silent]\n|move|p1b: Dondozo|Wave Crash|p2a: Amoonguss\n|-resisted|p2a: Amoonguss\n|-damage|p2a: Amoonguss|5\/100\n|-damage|p1b: Dondozo|92\/100|[from] Recoil\n|move|p2a: Amoonguss|Spore|p1b: Dondozo\n|-status|p1b: Dondozo|slp|[from] move: Spore\n|\n|-heal|p1b: Dondozo|98\/100 slp|[from] item: Leftovers\n|upkeep\n|turn|10\n|l| Finabas\n|\n|t:|1683403725\n|move|p2a: Amoonguss|Rage Powder|p2a: Amoonguss\n|-singleturn|p2a: Amoonguss|move: Rage Powder\n|-curestatus|p1a: Chien-Pao|slp|[msg]\n|move|p1a: Chien-Pao|Sucker Punch||[still]\n|-fail|p1a: Chien-Pao\n|move|p2b: Baxcalibur|Ice Shard|p1a: Chien-Pao\n|-resisted|p1a: Chien-Pao\n|-damage|p1a: Chien-Pao|0 fnt\n|faint|p1a: Chien-Pao\n|cant|p1b: Dondozo|slp\n|\n|-heal|p1b: Dondozo|100\/100 slp|[from] item: Leftovers\n|upkeep\n|turn|11\n|\n|t:|1683403732\n|switch|p2a: Flutter Mane|Flutter Mane, L50|56\/100 slp\n|-damage|p2a: Flutter Mane|44\/100 slp|[from] Stealth Rock\n|move|p2b: Baxcalibur|Icicle Crash|p1b: Dondozo\n|-resisted|p1b: Dondozo\n|-damage|p1b: Dondozo|82\/100 slp\n|cant|p1b: Dondozo|slp\n|\n|-heal|p1b: Dondozo|88\/100 slp|[from] item: Leftovers\n|upkeep\n|turn|12\n|\n|t:|1683403754\n|-end|p2a: Flutter Mane|Protosynthesis|[silent]\n|switch|p2a: Amoonguss|Amoonguss, L50, M|38\/100\n|-damage|p2a: Amoonguss|26\/100|[from] Stealth Rock\n|move|p2b: Baxcalibur|Glaive Rush|p1b: Dondozo\n|-damage|p1b: Dondozo|37\/100 slp\n|-singlemove|p2b: Baxcalibur|Glaive Rush|[silent]\n|cant|p1b: Dondozo|slp\n|\n|-heal|p1b: Dondozo|43\/100 slp|[from] item: Leftovers\n|upkeep\n|turn|13\n|\n|t:|1683403763\n|switch|p2a: Flutter Mane|Flutter Mane, L50|44\/100 slp\n|-damage|p2a: Flutter Mane|32\/100 slp|[from] Stealth Rock\n|move|p2b: Baxcalibur|Glaive Rush|p1b: Dondozo\n|-damage|p1b: Dondozo|0 fnt\n|-singlemove|p2b: Baxcalibur|Glaive Rush|[silent]\n|faint|p1b: Dondozo\n|\n|win|ApronVGC\n|c|\u2606ApronVGC|gg\n|l| PqlarBear\n|c|\u2606Father Dijon|gg\n|l| pokeway96\n|l| Orangex733\n|l| baaaaat_\n|j| mega knight player\n|j| PqlarBear\n|l| PqlarBear\n|l| Topperlecat\n|j| JayVGC YT\n|l| JayVGC YT\n|j| Finabas\n|l| Svenvgc\n|j| cybertr0nvgc7\n|l| Finabas\n|l| cybertr0nvgc7\n|j| tyo\n|l| tyo\n|l| theyummybagel\n|l| Lemon Irvine\n|l| JMOdri\n","uploadtime":1683403772,"views":19,"p1id":"fatherdijon","p2id":"apronvgc","formatid":"gen9vgc2023regulationc","rating":0,"private":0,"password":""}