{"id":"gen9vgc2023regulationc-1857278791","p1":"massson","p2":"Emberbloom","format":"[Gen 9] VGC 2023 Regulation C","log":"|j|\u2606massson\n|j|\u2606Emberbloom\n|t:|1683167019\n|gametype|doubles\n|player|p1|massson|1|1509\n|player|p2|Emberbloom|flannery|1469\n|teamsize|p1|6\n|teamsize|p2|6\n|gen|9\n|tier|[Gen 9] VGC 2023 Regulation C\n|rated|\n|rule|Species Clause: Limit one of each Pok\u00e9mon\n|rule|Item Clause: Limit one of each item\n|clearpoke\n|poke|p1|Tyranitar, L50, M|\n|poke|p1|Ting-Lu, L50|\n|poke|p1|Flutter Mane, L50|\n|poke|p1|Ceruledge, L50, M|\n|poke|p1|Dragonite, L50, M|\n|poke|p1|Iron Bundle, L50|\n|poke|p2|Corviknight, L50, M|\n|poke|p2|Tyranitar, L50, M|\n|poke|p2|Garchomp, L50, M|\n|poke|p2|Gyarados, L50, F|\n|poke|p2|Flutter Mane, L50|\n|poke|p2|Garganacl, L50, M|\n|teampreview|4\n|\n|t:|1683167083\n|start\n|switch|p1a: Ting-Lu|Ting-Lu, L50|100\/100\n|switch|p1b: Dragonite|Dragonite, L50, M|100\/100\n|switch|p2a: Tyranitar|Tyranitar, L50, M, shiny|100\/100\n|switch|p2b: Garganacl|Garganacl, L50, M|100\/100\n|-weather|Sandstorm|[from] ability: Sand Stream|[of] p2a: Tyranitar\n|-ability|p1a: Ting-Lu|Vessel of Ruin\n|turn|1\n|\n|t:|1683167117\n|switch|p2b: Gyarados|Gyarados, L50, F, shiny|100\/100\n|-ability|p2b: Gyarados|Intimidate|boost\n|-unboost|p1a: Ting-Lu|atk|1\n|-fail|p1b: Dragonite|unboost|Attack|[from] ability: Inner Focus|[of] p1b: Dragonite\n|-terastallize|p2a: Tyranitar|Flying\n|move|p1b: Dragonite|Protect|p1b: Dragonite\n|-singleturn|p1b: Dragonite|Protect\n|move|p2a: Tyranitar|Low Kick|p1a: Ting-Lu\n|-supereffective|p1a: Ting-Lu\n|-damage|p1a: Ting-Lu|42\/100\n|move|p1a: Ting-Lu|Ruination|p2a: Tyranitar\n|-damage|p2a: Tyranitar|51\/100\n|\n|-weather|Sandstorm|[upkeep]\n|-damage|p1b: Dragonite|95\/100|[from] Sandstorm\n|-damage|p2a: Tyranitar|45\/100|[from] Sandstorm\n|upkeep\n|turn|2\n|j| Vaqzle\n|l| Vaqzle\n|\n|t:|1683167165\n|switch|p1a: Ceruledge|Ceruledge, L50, M|100\/100\n|move|p2b: Gyarados|Thunder Wave|p1b: Dragonite\n|-status|p1b: Dragonite|par\n|-enditem|p1b: Dragonite|Lum Berry|[eat]\n|-curestatus|p1b: Dragonite|par|[msg]\n|move|p1b: Dragonite|Ice Spinner|p2a: Tyranitar\n|-supereffective|p2a: Tyranitar\n|-damage|p2a: Tyranitar|0 fnt\n|faint|p2a: Tyranitar\n|\n|-weather|Sandstorm|[upkeep]\n|-damage|p1b: Dragonite|89\/100|[from] Sandstorm\n|-damage|p1a: Ceruledge|94\/100|[from] Sandstorm\n|upkeep\n|\n|t:|1683167176\n|switch|p2a: Garganacl|Garganacl, L50, M|100\/100\n|turn|3\n|\n|t:|1683167239\n|move|p1b: Dragonite|Extreme Speed|p2b: Gyarados\n|-damage|p2b: Gyarados|68\/100\n|move|p2b: Gyarados|Taunt|p1a: Ceruledge\n|-start|p1a: Ceruledge|move: Taunt\n|cant|p1a: Ceruledge|move: Taunt|Bulk Up\n|move|p2a: Garganacl|Salt Cure|p1b: Dragonite\n|-supereffective|p1b: Dragonite\n|-damage|p1b: Dragonite|63\/100\n|-start|p1b: Dragonite|Salt Cure\n|\n|-weather|Sandstorm|[upkeep]\n|-damage|p1b: Dragonite|57\/100|[from] Sandstorm\n|-damage|p1a: Ceruledge|88\/100|[from] Sandstorm\n|-damage|p1b: Dragonite|45\/100|[from] Salt Cure\n|upkeep\n|turn|4\n|\n|t:|1683167277\n|switch|p1a: Ting-Lu|Ting-Lu, L50|42\/100\n|-ability|p1a: Ting-Lu|Vessel of Ruin\n|move|p1b: Dragonite|Extreme Speed|p2b: Gyarados\n|-damage|p2b: Gyarados|35\/100\n|move|p2b: Gyarados|Thunder Wave|p1b: Dragonite\n|-status|p1b: Dragonite|par\n|move|p2a: Garganacl|Salt Cure|p1a: Ting-Lu\n|-resisted|p1a: Ting-Lu\n|-damage|p1a: Ting-Lu|38\/100\n|-start|p1a: Ting-Lu|Salt Cure\n|\n|-weather|Sandstorm|[upkeep]\n|-damage|p1b: Dragonite|39\/100 par|[from] Sandstorm\n|-damage|p1a: Ting-Lu|25\/100|[from] Salt Cure\n|-damage|p1b: Dragonite|27\/100 par|[from] Salt Cure\n|upkeep\n|turn|5\n|\n|t:|1683167301\n|move|p2a: Garganacl|Protect|p2a: Garganacl\n|-singleturn|p2a: Garganacl|Protect\n|move|p1b: Dragonite|Extreme Speed|p2b: Gyarados\n|-crit|p2b: Gyarados\n|-damage|p2b: Gyarados|0 fnt\n|faint|p2b: Gyarados\n|move|p1a: Ting-Lu|Stomping Tantrum|p2a: Garganacl\n|-activate|p2a: Garganacl|move: Protect\n|\n|-weather|none\n|-damage|p1a: Ting-Lu|13\/100|[from] Salt Cure\n|-damage|p1b: Dragonite|15\/100 par|[from] Salt Cure\n|upkeep\n|\n|t:|1683167306\n|switch|p2b: Flutter Mane|Flutter Mane, L50|100\/100\n|-enditem|p2b: Flutter Mane|Booster Energy\n|-activate|p2b: Flutter Mane|ability: Protosynthesis|[fromitem]\n|-start|p2b: Flutter Mane|protosynthesisspa\n|turn|6\n|\n|t:|1683167339\n|move|p2b: Flutter Mane|Dazzling Gleam|p1a: Ting-Lu|[spread] p1a,p1b\n|-supereffective|p1a: Ting-Lu\n|-supereffective|p1b: Dragonite\n|-damage|p1a: Ting-Lu|0 fnt\n|-damage|p1b: Dragonite|0 fnt\n|faint|p1a: Ting-Lu\n|faint|p1b: Dragonite\n|move|p2a: Garganacl|Salt Cure|p1: Ting-Lu|[notarget]\n|-fail|p2a: Garganacl\n|\n|upkeep\n|\n|t:|1683167349\n|switch|p1b: Ceruledge|Ceruledge, L50, M|88\/100\n|switch|p1a: Tyranitar|Tyranitar, L50, M|100\/100\n|-weather|Sandstorm|[from] ability: Sand Stream|[of] p1a: Tyranitar\n|turn|7\n|\n|t:|1683167388\n|-terastallize|p1b: Ceruledge|Grass\n|move|p2b: Flutter Mane|Protect|p2b: Flutter Mane\n|-singleturn|p2b: Flutter Mane|Protect\n|move|p1b: Ceruledge|Shadow Sneak|p2b: Flutter Mane\n|-activate|p2b: Flutter Mane|move: Protect\n|move|p1a: Tyranitar|Low Kick|p2a: Garganacl\n|-supereffective|p2a: Garganacl\n|-damage|p2a: Garganacl|21\/100\n|move|p2a: Garganacl|Salt Cure|p1b: Ceruledge\n|-damage|p1b: Ceruledge|71\/100\n|-start|p1b: Ceruledge|Salt Cure\n|\n|-weather|Sandstorm|[upkeep]\n|-damage|p2b: Flutter Mane|95\/100|[from] Sandstorm\n|-damage|p1b: Ceruledge|65\/100|[from] Sandstorm\n|-heal|p2a: Garganacl|27\/100|[from] item: Leftovers\n|-damage|p1b: Ceruledge|52\/100|[from] Salt Cure\n|upkeep\n|turn|8\n|\n|t:|1683167419\n|move|p2a: Garganacl|Protect|p2a: Garganacl\n|-singleturn|p2a: Garganacl|Protect\n|move|p1b: Ceruledge|Shadow Sneak|p2b: Flutter Mane\n|-supereffective|p2b: Flutter Mane\n|-damage|p2b: Flutter Mane|10\/100\n|move|p2b: Flutter Mane|Dazzling Gleam|p1a: Tyranitar|[spread] p1a,p1b\n|-supereffective|p1a: Tyranitar\n|-damage|p1a: Tyranitar|43\/100\n|-damage|p1b: Ceruledge|8\/100\n|move|p1a: Tyranitar|Low Kick|p2a: Garganacl\n|-activate|p2a: Garganacl|move: Protect\n|\n|-weather|Sandstorm|[upkeep]\n|-damage|p2b: Flutter Mane|4\/100|[from] Sandstorm\n|-damage|p1b: Ceruledge|2\/100|[from] Sandstorm\n|-heal|p2a: Garganacl|33\/100|[from] item: Leftovers\n|-damage|p1b: Ceruledge|0 fnt|[from] Salt Cure\n|faint|p1b: Ceruledge\n|upkeep\n|turn|9\n|\n|t:|1683167438\n|move|p2b: Flutter Mane|Dazzling Gleam|p1a: Tyranitar\n|-supereffective|p1a: Tyranitar\n|-damage|p1a: Tyranitar|0 fnt\n|faint|p1a: Tyranitar\n|\n|win|Emberbloom\n|raw|massson's rating: 1509 → 1487<\/strong> (-22 for losing)\n|raw|Emberbloom's rating: 1469 → 1491<\/strong> (+22 for winning)\n|l|\u2606massson\n","uploadtime":1683167465,"views":16,"p1id":"massson","p2id":"emberbloom","formatid":"gen9vgc2023regulationc","rating":1487,"private":0,"password":""}