{"id":"gen9vgc2023regulationc-1851278334","p1":"HoNguyenLyasfga","p2":"metalgymleader","format":"[Gen 9] VGC 2023 Regulation C","log":"|j|\u2606HoNguyenLyasfga\n|j|\u2606metalgymleader\n|t:|1682432038\n|gametype|doubles\n|player|p1|HoNguyenLyasfga|169|1057\n|player|p2|metalgymleader|colress|1056\n|teamsize|p1|6\n|teamsize|p2|6\n|gen|9\n|tier|[Gen 9] VGC 2023 Regulation C\n|rated|\n|rule|Species Clause: Limit one of each Pok\u00e9mon\n|rule|Item Clause: Limit one of each item\n|clearpoke\n|poke|p1|Pelipper, L50, F|\n|poke|p1|Floatzel, L50, M|\n|poke|p1|Barraskewda, L50, F|\n|poke|p1|Vaporeon, L50, M|\n|poke|p1|Gastrodon, L50, M|\n|poke|p1|Golduck, L50, M|\n|poke|p2|Annihilape, L50, M|\n|poke|p2|Kingambit, L50, M|\n|poke|p2|Iron Treads, L50|\n|poke|p2|Gholdengo, L50|\n|poke|p2|Klefki, L50, F|\n|poke|p2|Corviknight, L50, F|\n|teampreview|4\n|inactive|Battle timer is ON: inactive players will automatically lose when time's up. (requested by HoNguyenLyasfga)\n|\n|t:|1682432059\n|start\n|switch|p1a: Pelipper|Pelipper, L50, F|100\/100\n|switch|p1b: Golduck|Golduck, L50, M|100\/100\n|switch|p2a: Klefki|Klefki, L50, F, shiny|100\/100\n|switch|p2b: Annihilape|Annihilape, L50, M, shiny|100\/100\n|-weather|RainDance|[from] ability: Drizzle|[of] p1a: Pelipper\n|turn|1\n|\n|t:|1682432075\n|move|p2a: Klefki|Light Screen|p2a: Klefki\n|-sidestart|p2: metalgymleader|move: Light Screen\n|move|p1b: Golduck|Hydro Pump|p2a: Klefki\n|-damage|p2a: Klefki|50\/100\n|move|p2b: Annihilape|Bulk Up|p2b: Annihilape\n|-boost|p2b: Annihilape|atk|1\n|-boost|p2b: Annihilape|def|1\n|move|p1a: Pelipper|Hurricane|p2b: Annihilape\n|-supereffective|p2b: Annihilape\n|-damage|p2b: Annihilape|45\/100\n|\n|-weather|RainDance|[upkeep]\n|-heal|p2b: Annihilape|51\/100|[from] item: Leftovers\n|upkeep\n|turn|2\n|\n|t:|1682432092\n|move|p2a: Klefki|Reflect|p2a: Klefki\n|-sidestart|p2: metalgymleader|Reflect\n|move|p1b: Golduck|Hydro Pump|p2b: Annihilape\n|-damage|p2b: Annihilape|9\/100\n|move|p2b: Annihilape|Final Gambit|p1a: Pelipper\n|-damage|p1a: Pelipper|90\/100\n|faint|p2b: Annihilape\n|move|p1a: Pelipper|Hydro Pump|p2a: Klefki|[miss]\n|-miss|p1a: Pelipper|p2a: Klefki\n|\n|-weather|RainDance|[upkeep]\n|upkeep\n|\n|t:|1682432104\n|switch|p2b: Kingambit|Kingambit, L50, M, shiny|100\/100\n|turn|3\n|\n|t:|1682432116\n|switch|p1b: Barraskewda|Barraskewda, L50, F|100\/100\n|-terastallize|p2b: Kingambit|Flying\n|move|p2a: Klefki|Thunder Wave|p1a: Pelipper\n|-status|p1a: Pelipper|par\n|move|p2b: Kingambit|Kowtow Cleave|p1b: Barraskewda\n|-damage|p1b: Barraskewda|12\/100\n|cant|p1a: Pelipper|par\n|\n|-weather|RainDance|[upkeep]\n|upkeep\n|turn|4\n|\n|t:|1682432136\n|move|p1b: Barraskewda|Psychic Fangs|p2a: Klefki\n|-sideend|p2: metalgymleader|Reflect\n|-sideend|p2: metalgymleader|move: Light Screen\n|-resisted|p2a: Klefki\n|-damage|p2a: Klefki|33\/100\n|move|p2a: Klefki|Dazzling Gleam|p1a: Pelipper|[spread] p1a,p1b\n|-damage|p1a: Pelipper|63\/100 par\n|-damage|p1b: Barraskewda|0 fnt\n|faint|p1b: Barraskewda\n|move|p2b: Kingambit|Kowtow Cleave|p1a: Pelipper\n|-damage|p1a: Pelipper|9\/100 par\n|move|p1a: Pelipper|Hydro Pump|p2a: Klefki\n|-damage|p2a: Klefki|0 fnt\n|faint|p2a: Klefki\n|\n|-weather|RainDance|[upkeep]\n|upkeep\n|\n|t:|1682432151\n|switch|p1b: Floatzel|Floatzel, L50, M|100\/100\n|switch|p2a: Iron Treads|Iron Treads, L50, shiny|100\/100\n|-enditem|p2a: Iron Treads|Booster Energy\n|-activate|p2a: Iron Treads|ability: Quark Drive|[fromitem]\n|-start|p2a: Iron Treads|quarkdriveatk\n|turn|5\n|\n|t:|1682432166\n|move|p2a: Iron Treads|Protect|p2a: Iron Treads\n|-singleturn|p2a: Iron Treads|Protect\n|move|p1b: Floatzel|Wave Crash|p2b: Kingambit\n|-damage|p2b: Kingambit|21\/100\n|-damage|p1b: Floatzel|67\/100|[from] Recoil\n|-damage|p1b: Floatzel|57\/100|[from] item: Life Orb\n|move|p2b: Kingambit|Kowtow Cleave|p1a: Pelipper\n|-damage|p1a: Pelipper|0 fnt\n|faint|p1a: Pelipper\n|\n|-weather|none\n|upkeep\n|\n|t:|1682432177\n|switch|p1a: Golduck|Golduck, L50, M|100\/100\n|turn|6\n|\n|t:|1682432185\n|move|p1b: Floatzel|Aqua Jet|p2b: Kingambit\n|-damage|p2b: Kingambit|3\/100\n|-damage|p1b: Floatzel|47\/100|[from] item: Life Orb\n|move|p2a: Iron Treads|Earthquake|p1b: Floatzel|[spread] p1a,p1b\n|-immune|p2b: Kingambit\n|-damage|p1a: Golduck|31\/100\n|-damage|p1b: Floatzel|0 fnt\n|faint|p1b: Floatzel\n|move|p1a: Golduck|Hydro Pump|p2a: Iron Treads|[miss]\n|-miss|p1a: Golduck|p2a: Iron Treads\n|move|p2b: Kingambit|Assurance|p1a: Golduck\n|-damage|p1a: Golduck|0 fnt\n|faint|p1a: Golduck\n|\n|win|metalgymleader\n|raw|HoNguyenLyasfga's rating: 1057 → 1038<\/strong> (-19 for losing)\n|raw|metalgymleader's rating: 1056 → 1088<\/strong> (+32 for winning)\n|l|\u2606HoNguyenLyasfga\n","uploadtime":1682432230,"views":22,"p1id":"honguyenlyasfga","p2id":"metalgymleader","formatid":"gen9vgc2023regulationc","rating":1038,"private":0,"password":""}