{"id":"gen9vgc2023regulationc-1852395712","p1":"gankyburner","p2":"Milkito","format":"[Gen 9] VGC 2023 Regulation C","log":"|j|\u2606gankyburner\n|j|\u2606Milkito\n|t:|1682552376\n|gametype|doubles\n|player|p1|gankyburner|266|1313\n|player|p2|Milkito|burgh|1364\n|teamsize|p1|6\n|teamsize|p2|6\n|gen|9\n|tier|[Gen 9] VGC 2023 Regulation C\n|rated|\n|rule|Species Clause: Limit one of each Pok\u00e9mon\n|rule|Item Clause: Limit one of each item\n|clearpoke\n|poke|p1|Murkrow, L50, F|\n|poke|p1|Houndstone, L50, F|\n|poke|p1|Chi-Yu, L50|\n|poke|p1|Tyranitar, L50, M|\n|poke|p1|Palafin, L50, M|\n|poke|p1|Corviknight, L50, M|\n|poke|p2|Ting-Lu, L50|\n|poke|p2|Glimmora, L50, F|\n|poke|p2|Garganacl, L50, M|\n|poke|p2|Spidops, L50, F|\n|poke|p2|Chi-Yu, L50|\n|poke|p2|Flutter Mane, L50|\n|teampreview|4\n|\n|t:|1682552411\n|start\n|switch|p1a: Dragula|Houndstone, L50, F, shiny|100\/100\n|switch|p1b: Ocean Man|Palafin, L50, M|100\/100\n|switch|p2a: Chi-Yu|Chi-Yu, L50|100\/100\n|switch|p2b: Glimmora|Glimmora, L50, F|100\/100\n|-ability|p2a: Chi-Yu|Beads of Ruin\n|-item|p2b: Glimmora|Air Balloon\n|turn|1\n|\n|t:|1682552465\n|move|p1b: Ocean Man|Protect|p1b: Ocean Man\n|-singleturn|p1b: Ocean Man|Protect\n|move|p2a: Chi-Yu|Heat Wave|p1a: Dragula|[spread] p1a\n|-activate|p1b: Ocean Man|move: Protect\n|-damage|p1a: Dragula|38\/100\n|-enditem|p1a: Dragula|Sitrus Berry|[eat]\n|-heal|p1a: Dragula|63\/100|[from] item: Sitrus Berry\n|move|p2b: Glimmora|Stealth Rock|p1a: Dragula\n|-sidestart|p1: gankyburner|move: Stealth Rock\n|move|p1a: Dragula|Howl|p1a: Dragula|[spread] p1a,p1b\n|-boost|p1a: Dragula|atk|1\n|-boost|p1b: Ocean Man|atk|1\n|\n|upkeep\n|turn|2\n|\n|t:|1682552506\n|-terastallize|p1b: Ocean Man|Water\n|move|p1b: Ocean Man|Jet Punch|p2a: Chi-Yu\n|-supereffective|p2a: Chi-Yu\n|-damage|p2a: Chi-Yu|0 fnt\n|faint|p2a: Chi-Yu\n|move|p2b: Glimmora|Sludge Bomb|p1b: Ocean Man\n|-damage|p1b: Ocean Man|41\/100\n|-status|p1b: Ocean Man|psn\n|move|p1a: Dragula|Howl|p1a: Dragula|[spread] p1a,p1b\n|-boost|p1a: Dragula|atk|1\n|-boost|p1b: Ocean Man|atk|1\n|\n|-damage|p1b: Ocean Man|29\/100 psn|[from] psn\n|upkeep\n|\n|t:|1682552515\n|switch|p2a: Garganacl|Garganacl, L50, M|100\/100\n|turn|3\n|\n|t:|1682552539\n|-terastallize|p2a: Garganacl|Water\n|move|p2b: Glimmora|Spiky Shield|p2b: Glimmora\n|-singleturn|p2b: Glimmora|move: Protect\n|move|p1b: Ocean Man|Jet Punch|p2a: Garganacl\n|-resisted|p2a: Garganacl\n|-damage|p2a: Garganacl|81\/100\n|move|p1a: Dragula|Howl|p1a: Dragula|[spread] p1a,p1b\n|-boost|p1a: Dragula|atk|1\n|-boost|p1b: Ocean Man|atk|1\n|move|p2a: Garganacl|Salt Cure|p1a: Dragula\n|-damage|p1a: Dragula|48\/100\n|-start|p1a: Dragula|Salt Cure\n|\n|-damage|p1b: Ocean Man|16\/100 psn|[from] psn\n|-damage|p1a: Dragula|36\/100|[from] Salt Cure\n|upkeep\n|turn|4\n|\n|t:|1682552564\n|switch|p2b: Ting-Lu|Ting-Lu, L50|100\/100\n|-ability|p2b: Ting-Lu|Vessel of Ruin\n|move|p1b: Ocean Man|Jet Punch|p2b: Ting-Lu\n|-supereffective|p2b: Ting-Lu\n|-damage|p2b: Ting-Lu|12\/100\n|move|p1a: Dragula|Last Respects|p2a: Garganacl\n|-damage|p2a: Garganacl|68\/100\n|move|p2a: Garganacl|Salt Cure|p1a: Dragula\n|-damage|p1a: Dragula|22\/100\n|\n|-heal|p2b: Ting-Lu|18\/100|[from] item: Leftovers\n|-damage|p1b: Ocean Man|4\/100 psn|[from] psn\n|-damage|p1a: Dragula|9\/100|[from] Salt Cure\n|upkeep\n|turn|5\n|\n|t:|1682552587\n|move|p2b: Ting-Lu|Protect|p2b: Ting-Lu\n|-singleturn|p2b: Ting-Lu|Protect\n|move|p2a: Garganacl|Protect|p2a: Garganacl\n|-singleturn|p2a: Garganacl|Protect\n|move|p1b: Ocean Man|Jet Punch|p2b: Ting-Lu\n|-activate|p2b: Ting-Lu|move: Protect\n|move|p1a: Dragula|Last Respects|p2a: Garganacl\n|-activate|p2a: Garganacl|move: Protect\n|\n|-heal|p2b: Ting-Lu|24\/100|[from] item: Leftovers\n|-damage|p1b: Ocean Man|0 fnt|[from] psn\n|faint|p1b: Ocean Man\n|-damage|p1a: Dragula|0 fnt|[from] Salt Cure\n|faint|p1a: Dragula\n|upkeep\n|\n|t:|1682552595\n|switch|p1a: Godzilla|Tyranitar, L50, M, shiny|100\/100\n|switch|p1b: Mr. Jones|Corviknight, L50, M|100\/100\n|-damage|p1b: Mr. Jones|88\/100|[from] Stealth Rock\n|-damage|p1a: Godzilla|88\/100|[from] Stealth Rock\n|-weather|Sandstorm|[from] ability: Sand Stream|[of] p1a: Godzilla\n|turn|6\n|\n|t:|1682552609\n|move|p1b: Mr. Jones|Brave Bird|p2a: Garganacl\n|-damage|p2a: Garganacl|27\/100\n|-enditem|p2a: Garganacl|Sitrus Berry|[eat]\n|-heal|p2a: Garganacl|52\/100|[from] item: Sitrus Berry\n|-damage|p1b: Mr. Jones|72\/100|[from] Recoil\n|move|p1a: Godzilla|Low Kick|p2b: Ting-Lu\n|-supereffective|p2b: Ting-Lu\n|-damage|p2b: Ting-Lu|0 fnt\n|faint|p2b: Ting-Lu\n|move|p2a: Garganacl|Salt Cure|p1b: Mr. Jones\n|-damage|p1b: Mr. Jones|57\/100\n|-start|p1b: Mr. Jones|Salt Cure\n|\n|-weather|Sandstorm|[upkeep]\n|-damage|p2a: Garganacl|46\/100|[from] Sandstorm\n|-damage|p1b: Mr. Jones|32\/100|[from] Salt Cure\n|upkeep\n|\n|t:|1682552620\n|switch|p2b: Glimmora|Glimmora, L50, F|100\/100\n|-item|p2b: Glimmora|Air Balloon\n|turn|7\n|\n|t:|1682552634\n|move|p2b: Glimmora|Power Gem|p1b: Mr. Jones\n|-damage|p1b: Mr. Jones|0 fnt\n|faint|p1b: Mr. Jones\n|move|p1a: Godzilla|Low Kick|p2b: Glimmora\n|-damage|p2b: Glimmora|74\/100\n|-activate|p2b: Glimmora|ability: Toxic Debris\n|-sidestart|p1: gankyburner|move: Toxic Spikes\n|-enditem|p2b: Glimmora|Air Balloon\n|move|p2a: Garganacl|Recover|p2a: Garganacl\n|-heal|p2a: Garganacl|96\/100\n|\n|-weather|Sandstorm|[upkeep]\n|-damage|p2a: Garganacl|90\/100|[from] Sandstorm\n|upkeep\n|turn|8\n|\n|t:|1682552658\n|move|p2b: Glimmora|Spiky Shield|p2b: Glimmora\n|-singleturn|p2b: Glimmora|move: Protect\n|move|p1a: Godzilla|Low Kick|p2a: Garganacl\n|-damage|p2a: Garganacl|66\/100\n|move|p2a: Garganacl|Salt Cure|p1a: Godzilla\n|-damage|p1a: Godzilla|75\/100\n|-start|p1a: Godzilla|Salt Cure\n|\n|-weather|Sandstorm|[upkeep]\n|-damage|p2a: Garganacl|60\/100|[from] Sandstorm\n|-damage|p1a: Godzilla|62\/100|[from] Salt Cure\n|upkeep\n|turn|9\n|\n|t:|1682552673\n|move|p2b: Glimmora|Sludge Bomb|p1a: Godzilla\n|-resisted|p1a: Godzilla\n|-damage|p1a: Godzilla|52\/100\n|move|p1a: Godzilla|Low Kick|p2a: Garganacl\n|-damage|p2a: Garganacl|35\/100\n|move|p2a: Garganacl|Recover|p2a: Garganacl\n|-heal|p2a: Garganacl|85\/100\n|\n|-weather|Sandstorm|[upkeep]\n|-damage|p2a: Garganacl|79\/100|[from] Sandstorm\n|-damage|p1a: Godzilla|40\/100|[from] Salt Cure\n|upkeep\n|turn|10\n|\n|t:|1682552683\n|move|p2b: Glimmora|Power Gem|p1a: Godzilla\n|-damage|p1a: Godzilla|22\/100\n|move|p1a: Godzilla|Rock Slide|p2a: Garganacl|[spread] \n|-miss|p1a: Godzilla|p2a: Garganacl\n|-miss|p1a: Godzilla|p2b: Glimmora\n|move|p2a: Garganacl|Salt Cure|p1a: Godzilla\n|-damage|p1a: Godzilla|9\/100\n|\n|-weather|none\n|-damage|p1a: Godzilla|0 fnt|[from] Salt Cure\n|faint|p1a: Godzilla\n|\n|win|Milkito\n|upkeep\n|raw|gankyburner's rating: 1313 → 1296<\/strong> (-17 for losing)\n|raw|Milkito's rating: 1364 → 1381<\/strong> (+17 for winning)\n","uploadtime":1682552689,"views":9,"p1id":"gankyburner","p2id":"milkito","formatid":"gen9vgc2023regulationc","rating":1296,"private":0,"password":""}