{"id":"gen9vgc2023regulationc-1850986373","p1":"sandrin16","p2":"Bruneiiiii","format":"[Gen 9] VGC 2023 Regulation C","log":"|j|\u2606sandrin16\n|j|\u2606Bruneiiiii\n|t:|1682390454\n|gametype|doubles\n|player|p1|sandrin16|pokemaniac|\n|player|p2|Bruneiiiii|veteran|\n|teamsize|p1|6\n|teamsize|p2|6\n|gen|9\n|tier|[Gen 9] VGC 2023 Regulation C\n|rule|Species Clause: Limit one of each Pok\u00e9mon\n|rule|Item Clause: Limit one of each item\n|clearpoke\n|poke|p1|Haxorus, L50, F|\n|poke|p1|Flutter Mane, L50|\n|poke|p1|Corviknight, L50, M|\n|poke|p1|Dondozo, L50, F|\n|poke|p1|Scovillain, L50, M|\n|poke|p1|Tatsugiri-Droopy, L50, M|\n|poke|p2|Armarouge, L50, M|\n|poke|p2|Garganacl, L50, F|\n|poke|p2|Tropius, L50, F|\n|poke|p2|Sandy Shocks, L50|\n|poke|p2|Maushold, L50|\n|poke|p2|Wo-Chien, L50|\n|teampreview|4\n|j| frankeke\n|\n|t:|1682390483\n|start\n|switch|p1a: Flutter Mane|Flutter Mane, L50|100\/100\n|switch|p1b: Scovillain|Scovillain, L50, M|100\/100\n|switch|p2a: Armarouge|Armarouge, L50, M, shiny|100\/100\n|switch|p2b: Wo-Chien|Wo-Chien, L50|100\/100\n|-ability|p2b: Wo-Chien|Tablets of Ruin\n|-enditem|p1a: Flutter Mane|Booster Energy\n|-activate|p1a: Flutter Mane|ability: Protosynthesis|[fromitem]\n|-start|p1a: Flutter Mane|protosynthesisspa\n|turn|1\n|\n|t:|1682390531\n|-terastallize|p2a: Armarouge|Grass\n|move|p1b: Scovillain|Protect|p1b: Scovillain\n|-singleturn|p1b: Scovillain|Protect\n|move|p1a: Flutter Mane|Shadow Ball|p2b: Wo-Chien\n|-resisted|p2b: Wo-Chien\n|-damage|p2b: Wo-Chien|83\/100\n|move|p2a: Armarouge|Energy Ball|p1a: Flutter Mane\n|-damage|p1a: Flutter Mane|47\/100\n|move|p2b: Wo-Chien|Leech Seed|p1a: Flutter Mane\n|-start|p1a: Flutter Mane|move: Leech Seed\n|\n|-heal|p2b: Wo-Chien|90\/100|[from] item: Leftovers\n|-damage|p1a: Flutter Mane|35\/100|[from] Leech Seed|[of] p2b: Wo-Chien\n|-heal|p2b: Wo-Chien|98\/100|[silent]\n|-ability|p1b: Scovillain|Moody|boost\n|-boost|p1b: Scovillain|spd|2\n|-unboost|p1b: Scovillain|spa|1\n|upkeep\n|turn|2\n|\n|t:|1682390591\n|move|p1a: Flutter Mane|Mystical Fire|p2b: Wo-Chien\n|-supereffective|p2b: Wo-Chien\n|-damage|p2b: Wo-Chien|48\/100\n|-unboost|p2b: Wo-Chien|spa|1\n|move|p2a: Armarouge|Energy Ball|p1a: Flutter Mane\n|-damage|p1a: Flutter Mane|0 fnt\n|faint|p1a: Flutter Mane\n|-end|p1a: Flutter Mane|Protosynthesis|[silent]\n|move|p1b: Scovillain|Overheat|p2b: Wo-Chien\n|-supereffective|p2b: Wo-Chien\n|-damage|p2b: Wo-Chien|14\/100\n|-unboost|p1b: Scovillain|spa|2\n|move|p2b: Wo-Chien|Pollen Puff|p1b: Scovillain\n|-damage|p1b: Scovillain|90\/100\n|\n|-heal|p2b: Wo-Chien|20\/100|[from] item: Leftovers\n|-ability|p1b: Scovillain|Moody|boost\n|-boost|p1b: Scovillain|atk|2\n|-unboost|p1b: Scovillain|spa|1\n|upkeep\n|\n|t:|1682390617\n|switch|p1a: Dondozo|Dondozo, L50, F|100\/100\n|turn|3\n|\n|t:|1682390640\n|switch|p2b: Sandy Shocks|Sandy Shocks, L50, shiny|100\/100\n|move|p2a: Armarouge|Energy Ball|p1a: Dondozo\n|-supereffective|p1a: Dondozo\n|-damage|p1a: Dondozo|9\/100\n|move|p1b: Scovillain|Overheat|p2b: Sandy Shocks\n|-crit|p2b: Sandy Shocks\n|-damage|p2b: Sandy Shocks|17\/100\n|-unboost|p1b: Scovillain|spa|2\n|move|p1a: Dondozo|Liquidation|p2a: Armarouge\n|-resisted|p2a: Armarouge\n|-damage|p2a: Armarouge|87\/100\n|\n|-heal|p1a: Dondozo|16\/100|[from] item: Leftovers\n|-ability|p1b: Scovillain|Moody|boost\n|-boost|p1b: Scovillain|def|2\n|-unboost|p1b: Scovillain|spd|1\n|upkeep\n|turn|4\n|\n|t:|1682390692\n|move|p1b: Scovillain|Protect|p1b: Scovillain\n|-singleturn|p1b: Scovillain|Protect\n|move|p1a: Dondozo|Protect|p1a: Dondozo\n|-singleturn|p1a: Dondozo|Protect\n|move|p2b: Sandy Shocks|Earth Power|p1b: Scovillain\n|-activate|p1b: Scovillain|move: Protect\n|move|p2a: Armarouge|Energy Ball|p1a: Dondozo\n|-activate|p1a: Dondozo|move: Protect\n|\n|-heal|p1a: Dondozo|22\/100|[from] item: Leftovers\n|-ability|p1b: Scovillain|Moody|boost\n|-boost|p1b: Scovillain|spd|2\n|-unboost|p1b: Scovillain|atk|1\n|upkeep\n|turn|5\n|\n|t:|1682390731\n|move|p2b: Sandy Shocks|Earth Power|p1b: Scovillain\n|-damage|p1b: Scovillain|64\/100\n|move|p2a: Armarouge|Energy Ball|p1a: Dondozo\n|-supereffective|p1a: Dondozo\n|-damage|p1a: Dondozo|0 fnt\n|faint|p1a: Dondozo\n|move|p1b: Scovillain|Leaf Storm|p2b: Sandy Shocks\n|-supereffective|p2b: Sandy Shocks\n|-damage|p2b: Sandy Shocks|0 fnt\n|faint|p2b: Sandy Shocks\n|-end|p2b: Sandy Shocks|Protosynthesis|[silent]\n|\n|-ability|p1b: Scovillain|Moody|boost\n|-boost|p1b: Scovillain|atk|2\n|-unboost|p1b: Scovillain|def|1\n|upkeep\n|\n|t:|1682390748\n|switch|p2b: Garganacl|Garganacl, L50, F, shiny|100\/100\n|switch|p1a: Tatsugiri|Tatsugiri-Droopy, L50, M|100\/100\n|turn|6\n|\n|t:|1682390817\n|move|p1b: Scovillain|Protect|p1b: Scovillain\n|-singleturn|p1b: Scovillain|Protect\n|move|p1a: Tatsugiri|Draco Meteor|p2a: Armarouge\n|-damage|p2a: Armarouge|12\/100\n|-unboost|p1a: Tatsugiri|spa|2\n|move|p2a: Armarouge|Energy Ball|p1a: Tatsugiri\n|-damage|p1a: Tatsugiri|44\/100\n|move|p2b: Garganacl|Salt Cure|p1b: Scovillain\n|-activate|p1b: Scovillain|move: Protect\n|\n|-ability|p1b: Scovillain|Moody|boost\n|-boost|p1b: Scovillain|spd|2\n|-unboost|p1b: Scovillain|def|1\n|upkeep\n|turn|7\n|\n|t:|1682390868\n|move|p1b: Scovillain|Protect|p1b: Scovillain\n|-singleturn|p1b: Scovillain|Protect\n|move|p2b: Garganacl|Protect|p2b: Garganacl\n|-singleturn|p2b: Garganacl|Protect\n|move|p1a: Tatsugiri|Surf|p2a: Armarouge|[spread] p2a\n|-activate|p1b: Scovillain|move: Protect\n|-activate|p2b: Garganacl|move: Protect\n|-resisted|p2a: Armarouge\n|-damage|p2a: Armarouge|3\/100\n|move|p2a: Armarouge|Energy Ball|p1a: Tatsugiri\n|-damage|p1a: Tatsugiri|0 fnt\n|faint|p1a: Tatsugiri\n|\n|-ability|p1b: Scovillain|Moody|boost\n|-boost|p1b: Scovillain|spd|1\n|-unboost|p1b: Scovillain|atk|1\n|upkeep\n|turn|8\n|\n|t:|1682390896\n|move|p2a: Armarouge|Armor Cannon|p1b: Scovillain\n|-damage|p1b: Scovillain|39\/100\n|-unboost|p2a: Armarouge|def|1\n|-unboost|p2a: Armarouge|spd|1\n|move|p1b: Scovillain|Leaf Storm|p2a: Armarouge\n|-resisted|p2a: Armarouge\n|-damage|p2a: Armarouge|0 fnt\n|faint|p2a: Armarouge\n|move|p2b: Garganacl|Salt Cure|p1b: Scovillain\n|-supereffective|p1b: Scovillain\n|-damage|p1b: Scovillain|10\/100\n|-start|p1b: Scovillain|Salt Cure\n|\n|-damage|p1b: Scovillain|0 fnt|[from] Salt Cure\n|faint|p1b: Scovillain\n|\n|win|Bruneiiiii\n|upkeep\n|l|\u2606sandrin16\n|l| frankeke\n|j|\u2606sandrin16\n|player|p1|sandrin16|pokemaniac\n","uploadtime":1682390954,"views":7,"p1id":"sandrin16","p2id":"bruneiiiii","formatid":"gen9vgc2023regulationc","rating":0,"private":0,"password":""}