{"id":"gen9vgc2023regulationc-1862644233","p1":"pokemetti1","p2":"Mobzaaz","format":"[Gen 9] VGC 2023 Regulation C","log":"|j|\u2606pokemetti1\n|j|\u2606Mobzaaz\n|t:|1683908371\n|gametype|doubles\n|player|p1|pokemetti1|101|1163\n|player|p2|Mobzaaz|hilbert|1176\n|teamsize|p1|6\n|teamsize|p2|6\n|gen|9\n|tier|[Gen 9] VGC 2023 Regulation C\n|rated|\n|rule|Species Clause: Limit one of each Pok\u00e9mon\n|rule|Item Clause: Limit one of each item\n|clearpoke\n|poke|p1|Volcarona, L50, M|\n|poke|p1|Gyarados, L50, F|\n|poke|p1|Amoonguss, L50, M|\n|poke|p1|Ting-Lu, L50|\n|poke|p1|Maushold, L50|\n|poke|p1|Annihilape, L50, F|\n|poke|p2|Hariyama, L50, F|\n|poke|p2|Amoonguss, L50, F|\n|poke|p2|Arcanine, L50, M|\n|poke|p2|Chien-Pao, L50|\n|poke|p2|Gholdengo, L50|\n|poke|p2|Dragonite, L50, F|\n|teampreview|4\n|inactive|Battle timer is ON: inactive players will automatically lose when time's up. (requested by pokemetti1)\n|inactive|Mobzaaz has 60 seconds left.\n|\n|t:|1683908415\n|start\n|switch|p1a: Volcarona|Volcarona, L50, M|100\/100\n|switch|p1b: Amoonguss|Amoonguss, L50, M|100\/100\n|switch|p2a: Good boy|Arcanine, L50, M|100\/100\n|switch|p2b: Drake|Dragonite, L50, F|100\/100\n|-ability|p2a: Good boy|Intimidate|boost\n|-unboost|p1a: Volcarona|atk|1\n|-unboost|p1b: Amoonguss|atk|1\n|turn|1\n|\n|t:|1683908434\n|-terastallize|p2b: Drake|Flying\n|-terastallize|p1b: Amoonguss|Water\n|move|p1a: Volcarona|Protect|p1a: Volcarona\n|-singleturn|p1a: Volcarona|Protect\n|move|p2b: Drake|Tera Blast|p1a: Volcarona\n|-activate|p1a: Volcarona|move: Protect\n|move|p2a: Good boy|Flare Blitz|p1b: Amoonguss\n|-resisted|p1b: Amoonguss\n|-damage|p1b: Amoonguss|76\/100\n|-damage|p2a: Good boy|84\/100|[from] item: Rocky Helmet|[of] p1b: Amoonguss\n|-damage|p2a: Good boy|75\/100|[from] Recoil\n|move|p1b: Amoonguss|Spore|p2b: Drake\n|-status|p2b: Drake|slp|[from] move: Spore\n|-enditem|p2b: Drake|Lum Berry|[eat]\n|-curestatus|p2b: Drake|slp|[msg]\n|\n|-heal|p2a: Good boy|81\/100|[from] item: Leftovers\n|upkeep\n|turn|2\n|inactive|Mobzaaz has 30 seconds left.\n|inactive|Mobzaaz has 20 seconds left.\n|\n|t:|1683908470\n|switch|p1a: Gyarados|Gyarados, L50, F|100\/100\n|-ability|p1a: Gyarados|Intimidate|boost\n|-unboost|p2a: Good boy|atk|1\n|-unboost|p2b: Drake|atk|1\n|switch|p2b: Gholdengo|Gholdengo, L50|100\/100\n|switch|p2a: Weavile 2.0|Chien-Pao, L50|100\/100\n|-ability|p2a: Weavile 2.0|Sword of Ruin\n|move|p1b: Amoonguss|Spore|p2b: Gholdengo\n|-immune|p2b: Gholdengo|[from] ability: Good as Gold\n|\n|upkeep\n|turn|3\n|inactive|pokemetti1 has 30 seconds left.\n|\n|t:|1683908498\n|switch|p1a: Ting-Lu|Ting-Lu, L50|100\/100\n|-ability|p1a: Ting-Lu|Vessel of Ruin\n|switch|p1b: Volcarona|Volcarona, L50, M|100\/100\n|move|p2a: Weavile 2.0|Crunch|p1b: Volcarona\n|-crit|p1b: Volcarona\n|-damage|p1b: Volcarona|0 fnt\n|faint|p1b: Volcarona\n|move|p2b: Gholdengo|Make It Rain|p1a: Ting-Lu\n|-damage|p1a: Ting-Lu|71\/100\n|-unboost|p2b: Gholdengo|spa|1\n|-damage|p2b: Gholdengo|91\/100|[from] item: Life Orb\n|\n|upkeep\n|\n|t:|1683908511\n|switch|p1b: Amoonguss|Amoonguss, L50, M, tera:Water|100\/100\n|turn|4\n|\n|t:|1683908520\n|move|p2b: Gholdengo|Protect|p2b: Gholdengo\n|-singleturn|p2b: Gholdengo|Protect\n|move|p2a: Weavile 2.0|Crunch|p1b: Amoonguss\n|-damage|p1b: Amoonguss|42\/100\n|-damage|p2a: Weavile 2.0|84\/100|[from] item: Rocky Helmet|[of] p1b: Amoonguss\n|move|p1a: Ting-Lu|Stomping Tantrum|p2b: Gholdengo\n|-activate|p2b: Gholdengo|move: Protect\n|move|p1b: Amoonguss|Spore|p2a: Weavile 2.0\n|-status|p2a: Weavile 2.0|slp|[from] move: Spore\n|\n|upkeep\n|turn|5\n|\n|t:|1683908544\n|switch|p2a: Good boy|Arcanine, L50, M|81\/100\n|-ability|p2a: Good boy|Intimidate|boost\n|-unboost|p1a: Ting-Lu|atk|1\n|-unboost|p1b: Amoonguss|atk|1\n|switch|p2b: Drake|Dragonite, L50, F, tera:Flying|100\/100\n|move|p1a: Ting-Lu|Ruination|p2b: Drake\n|-damage|p2b: Drake|50\/100\n|move|p1b: Amoonguss|Pollen Puff|p1a: Ting-Lu\n|-heal|p1a: Ting-Lu|100\/100\n|\n|-heal|p2a: Good boy|87\/100|[from] item: Leftovers\n|upkeep\n|turn|6\n|\n|t:|1683908565\n|switch|p1b: Gyarados|Gyarados, L50, F|100\/100\n|-ability|p1b: Gyarados|Intimidate|boost\n|-unboost|p2a: Good boy|atk|1\n|-unboost|p2b: Drake|atk|1\n|move|p2b: Drake|Tera Blast|p1b: Gyarados\n|-damage|p1b: Gyarados|61\/100\n|move|p2a: Good boy|Close Combat|p1a: Ting-Lu\n|-supereffective|p1a: Ting-Lu\n|-damage|p1a: Ting-Lu|65\/100\n|-unboost|p2a: Good boy|def|1\n|-unboost|p2a: Good boy|spd|1\n|move|p1a: Ting-Lu|Stomping Tantrum|p2a: Good boy\n|-supereffective|p2a: Good boy\n|-damage|p2a: Good boy|5\/100\n|\n|-heal|p2a: Good boy|11\/100|[from] item: Leftovers\n|upkeep\n|turn|7\n|-message|Mobzaaz forfeited.\n|\n|win|pokemetti1\n|raw|pokemetti1's rating: 1163 → 1189<\/strong> (+26 for winning)\n|raw|Mobzaaz's rating: 1176 → 1150<\/strong> (-26 for losing)\n|l|\u2606Mobzaaz\n","uploadtime":1683908594,"views":11,"p1id":"pokemetti1","p2id":"mobzaaz","formatid":"gen9vgc2023regulationc","rating":1150,"private":0,"password":""}