{"id":"gen9vgc2023regulationc-1860341288","p1":"maTROD","p2":"hysaaron","format":"[Gen 9] VGC 2023 Regulation C","log":"|j|\u2606maTROD\n|j|\u2606hysaaron\n|t:|1683634964\n|gametype|doubles\n|player|p1|maTROD|veteran|1254\n|player|p2|hysaaron|1|1152\n|teamsize|p1|6\n|teamsize|p2|6\n|gen|9\n|tier|[Gen 9] VGC 2023 Regulation C\n|rated|\n|rule|Species Clause: Limit one of each Pok\u00e9mon\n|rule|Item Clause: Limit one of each item\n|clearpoke\n|poke|p1|Indeedee-F, L50, F|\n|poke|p1|Armarouge, L50, M|\n|poke|p1|Sandy Shocks, L50|\n|poke|p1|Flapple, L50, M|\n|poke|p1|Roaring Moon, L50|\n|poke|p1|Murkrow, L50, M|\n|poke|p2|Flutter Mane, L50|\n|poke|p2|Amoonguss, L50, F|\n|poke|p2|Ting-Lu, L50|\n|poke|p2|Arcanine, L50, M|\n|poke|p2|Palafin, L50, F|\n|poke|p2|Dragonite, L50, M|\n|teampreview|4\n|inactive|Battle timer is ON: inactive players will automatically lose when time's up. (requested by hysaaron)\n|inactive|hysaaron has 60 seconds left.\n|inactive|hysaaron has 30 seconds left.\n|\n|t:|1683635030\n|start\n|switch|p1a: Roaring Moon|Roaring Moon, L50|100\/100\n|switch|p1b: Murkrow|Murkrow, L50, M|100\/100\n|switch|p2a: Dragonite|Dragonite, L50, M|100\/100\n|switch|p2b: Ting-Lu|Ting-Lu, L50|100\/100\n|-ability|p2b: Ting-Lu|Vessel of Ruin\n|-enditem|p1a: Roaring Moon|Booster Energy\n|-activate|p1a: Roaring Moon|ability: Protosynthesis|[fromitem]\n|-start|p1a: Roaring Moon|protosynthesisatk\n|turn|1\n|inactive|hysaaron has 30 seconds left.\n|\n|t:|1683635064\n|-terastallize|p1a: Roaring Moon|Ground\n|move|p1a: Roaring Moon|Earthquake|p2b: Ting-Lu|[spread] p2b\n|-immune|p1b: Murkrow\n|-immune|p2a: Dragonite\n|-damage|p2b: Ting-Lu|65\/100\n|move|p1b: Murkrow|Foul Play|p2a: Dragonite\n|-damage|p2a: Dragonite|76\/100\n|move|p2a: Dragonite|Tailwind|p2a: Dragonite\n|-sidestart|p2: hysaaron|move: Tailwind\n|move|p2b: Ting-Lu|Rock Slide|p1a: Roaring Moon|[spread] p1a\n|-miss|p2b: Ting-Lu|p1b: Murkrow\n|-resisted|p1a: Roaring Moon\n|-damage|p1a: Roaring Moon|89\/100\n|\n|upkeep\n|turn|2\n|inactive|hysaaron has 30 seconds left.\n|inactive|hysaaron has 20 seconds left.\n|inactive|hysaaron has 15 seconds left.\n|inactive|hysaaron has 10 seconds left.\n|\n|t:|1683635111\n|-terastallize|p2a: Dragonite|Flying\n|move|p2a: Dragonite|Tera Blast|p1b: Murkrow\n|-enditem|p1b: Murkrow|Focus Sash\n|-damage|p1b: Murkrow|1\/100\n|move|p1a: Roaring Moon|Rock Slide|p2b: Ting-Lu|[spread] p2a,p2b\n|-supereffective|p2a: Dragonite\n|-resisted|p2b: Ting-Lu\n|-damage|p2a: Dragonite|19\/100\n|-damage|p2b: Ting-Lu|57\/100\n|move|p1b: Murkrow|Foul Play|p2a: Dragonite\n|-damage|p2a: Dragonite|0 fnt\n|faint|p2a: Dragonite\n|move|p2b: Ting-Lu|Rock Slide|p1b: Murkrow|[spread] p1a,p1b\n|-resisted|p1a: Roaring Moon\n|-supereffective|p1b: Murkrow\n|-damage|p1a: Roaring Moon|77\/100\n|-damage|p1b: Murkrow|0 fnt\n|faint|p1b: Murkrow\n|\n|upkeep\n|inactive|maTROD has 30 seconds left.\n|\n|t:|1683635140\n|switch|p1b: Armarouge|Armarouge, L50, M|100\/100\n|switch|p2a: Amoonguss|Amoonguss, L50, F, shiny|100\/100\n|turn|3\n|\n|t:|1683635165\n|move|p2a: Amoonguss|Protect|p2a: Amoonguss\n|-singleturn|p2a: Amoonguss|Protect\n|move|p1b: Armarouge|Wide Guard|p1b: Armarouge\n|-singleturn|p1b: Armarouge|Wide Guard\n|move|p1a: Roaring Moon|Earthquake|p2b: Ting-Lu|[spread] p2b\n|-activate|p1b: Armarouge|move: Wide Guard\n|-activate|p2a: Amoonguss|move: Protect\n|-damage|p2b: Ting-Lu|18\/100\n|move|p2b: Ting-Lu|Stomping Tantrum|p1b: Armarouge\n|-supereffective|p1b: Armarouge\n|-damage|p1b: Armarouge|29\/100\n|-ability|p1b: Armarouge|Weak Armor|boost\n|-unboost|p1b: Armarouge|def|1\n|-boost|p1b: Armarouge|spe|2\n|-enditem|p1b: Armarouge|Weakness Policy\n|-boost|p1b: Armarouge|atk|2|[from] item: Weakness Policy\n|-boost|p1b: Armarouge|spa|2|[from] item: Weakness Policy\n|\n|upkeep\n|turn|4\n|inactive|maTROD has 30 seconds left.\n|inactive|hysaaron has 30 seconds left.\n|inactive|maTROD has 20 seconds left.\n|inactive|hysaaron has 20 seconds left.\n|inactive|maTROD has 15 seconds left.\n|inactive|hysaaron has 15 seconds left.\n|inactive|hysaaron has 10 seconds left.\n|inactive|hysaaron has 5 seconds left.\n|\n|t:|1683635220\n|move|p1b: Armarouge|Expanding Force|p2a: Amoonguss\n|-supereffective|p2a: Amoonguss\n|-damage|p2a: Amoonguss|0 fnt\n|faint|p2a: Amoonguss\n|move|p1a: Roaring Moon|Acrobatics|p2b: Ting-Lu\n|-damage|p2b: Ting-Lu|0 fnt\n|faint|p2b: Ting-Lu\n|\n|-sideend|p2: hysaaron|move: Tailwind\n|upkeep\n|\n|t:|1683635231\n|switch|p2b: Flutter Mane|Flutter Mane, L50|100\/100\n|turn|5\n|inactive|maTROD has 30 seconds left.\n|inactive|maTROD has 20 seconds left.\n|inactive|maTROD has 15 seconds left.\n|inactive|maTROD has 10 seconds left.\n|inactive|maTROD has 5 seconds left.\n|\n|t:|1683635286\n|move|p1b: Armarouge|Expanding Force|p2b: Flutter Mane\n|-damage|p2b: Flutter Mane|25\/100\n|move|p1a: Roaring Moon|Acrobatics|p2b: Flutter Mane\n|-damage|p2b: Flutter Mane|0 fnt\n|faint|p2b: Flutter Mane\n|-end|p2b: Flutter Mane|Protosynthesis|[silent]\n|\n|win|maTROD\n|raw|maTROD's rating: 1254 → 1272<\/strong> (+18 for winning)\n|raw|hysaaron's rating: 1152 → 1134<\/strong> (-18 for losing)\n","uploadtime":1683635293,"views":9,"p1id":"matrod","p2id":"hysaaron","formatid":"gen9vgc2023regulationc","rating":1134,"private":0,"password":""}