{"id":"gen9vgc2023regulationc-1847488322","p1":"leafyarrow","p2":"did it done","format":"[Gen 9] VGC 2023 Regulation C","log":"|j|\u2606leafyarrow\n|j|\u2606did it done\n|t:|1681961468\n|gametype|doubles\n|player|p1|leafyarrow|1|\n|player|p2|did it done|burglar|\n|teamsize|p1|6\n|teamsize|p2|6\n|gen|9\n|tier|[Gen 9] VGC 2023 Regulation C\n|rated|Tournament battle\n|rule|Species Clause: Limit one of each Pok\u00e9mon\n|rule|Item Clause: Limit one of each item\n|clearpoke\n|poke|p1|Flutter Mane, L50|\n|poke|p1|Palafin, L50, F|\n|poke|p1|Amoonguss, L50, F|\n|poke|p1|Ting-Lu, L50|\n|poke|p1|Arcanine, L50, M|\n|poke|p1|Roaring Moon, L50|\n|poke|p2|Volcarona, L50, F|\n|poke|p2|Chi-Yu, L50|\n|poke|p2|Hydreigon, L50, M|\n|poke|p2|Iron Valiant, L50|\n|poke|p2|Maushold-Four, L50|\n|poke|p2|Scizor, L50, F|\n|teampreview|4\n|raw| Open Team Sheet for leafyarrow<\/summary>Flutter Mane @ Choice Specs Ability: Protosynthesis Level: 50 Tera Type: Fairy - Moonblast - Dazzling Gleam - Shadow Ball - Power Gem Palafin @ Mystic Water Ability: Zero to Hero Level: 50 Tera Type: Water - Jet Punch - Wave Crash - Haze - Protect Amoonguss @ Sitrus Berry Ability: Regenerator Level: 50 Tera Type: Flying - Pollen Puff - Protect - Spore - Rage Powder Ting-Lu @ Assault Vest Ability: Vessel of Ruin Level: 50 Tera Type: Poison - Ruination - Stomping Tantrum - Heavy Slam - Fissure Arcanine @ Safety Goggles Ability: Intimidate Level: 50 Tera Type: Grass - Flare Blitz - Will-O-Wisp - Protect - Extreme Speed Roaring Moon @ Booster Energy Ability: Protosynthesis Level: 50 Tera Type: Flying - Throat Chop - Acrobatics - Dragon Dance - Protect <\/details><\/div> Open Team Sheet for did it done<\/summary>Volcarona @ Leftovers Ability: Flame Body Level: 50 Tera Type: Water - Tailwind - Rage Powder - Heat Wave - Protect Chi-Yu @ Choice Specs Ability: Beads of Ruin Level: 50 Tera Type: Grass - Tera Blast - Dark Pulse - Heat Wave - Psychic Hydreigon @ Scope Lens Ability: Levitate Level: 50 Tera Type: Steel - Focus Energy - Draco Meteor - Flash Cannon - Earth Power Iron Valiant @ Focus Sash Ability: Quark Drive Level: 50 Tera Type: Fairy - Thunderbolt - Moonblast - Close Combat - Protect Maushold (Maushold-Four) @ Wide Lens Ability: Technician Level: 50 Tera Type: Ghost - Protect - Population Bomb - Encore - Follow Me Scizor @ Assault Vest Ability: Technician Level: 50 Tera Type: Water - Bullet Punch - Tera Blast - Trailblaze - X-Scissor <\/details><\/div>\n|j| benjirz9\n|j|%Borghi\n|j| red de pokemon oro\n|\n|t:|1681961526\n|start\n|switch|p1a: Roaring Moon|Roaring Moon, L50|100\/100\n|switch|p1b: Palafin|Palafin, L50, F|100\/100\n|switch|p2a: Scizor|Scizor, L50, F|100\/100\n|switch|p2b: Hydreigon|Hydreigon, L50, M|100\/100\n|-enditem|p1a: Roaring Moon|Booster Energy\n|-activate|p1a: Roaring Moon|ability: Protosynthesis|[fromitem]\n|-start|p1a: Roaring Moon|protosynthesisspe\n|turn|1\n|l| red de pokemon oro\n|j| Shrek100k\n|\n|t:|1681961567\n|detailschange|p1b: Palafin|Palafin-Hero, L50, F\n|switch|p1b: Amoonguss|Amoonguss, L50, F|100\/100\n|-terastallize|p1a: Roaring Moon|Flying\n|move|p1a: Roaring Moon|Acrobatics|p2b: Hydreigon\n|-damage|p2b: Hydreigon|35\/100\n|move|p2b: Hydreigon|Draco Meteor|p1a: Roaring Moon|[miss]\n|-miss|p2b: Hydreigon|p1a: Roaring Moon\n|move|p2a: Scizor|Trailblaze|p1b: Amoonguss\n|-resisted|p1b: Amoonguss\n|-damage|p1b: Amoonguss|96\/100\n|-boost|p2a: Scizor|spe|1\n|\n|upkeep\n|turn|2\n|l| Shrek100k\n|\n|t:|1681961625\n|move|p2a: Scizor|Bullet Punch|p1a: Roaring Moon\n|-damage|p1a: Roaring Moon|68\/100\n|move|p1a: Roaring Moon|Throat Chop|p2a: Scizor\n|-damage|p2a: Scizor|56\/100\n|-start|p2a: Scizor|Throat Chop|[silent]\n|move|p2b: Hydreigon|Draco Meteor|p1b: Amoonguss\n|-damage|p1b: Amoonguss|31\/100\n|-unboost|p2b: Hydreigon|spa|2\n|-enditem|p1b: Amoonguss|Sitrus Berry|[eat]\n|-heal|p1b: Amoonguss|56\/100|[from] item: Sitrus Berry\n|move|p1b: Amoonguss|Spore|p2a: Scizor\n|-status|p2a: Scizor|slp|[from] move: Spore\n|\n|upkeep\n|turn|3\n|\n|t:|1681961646\n|switch|p2a: Chi-Yu|Chi-Yu, L50|100\/100\n|-ability|p2a: Chi-Yu|Beads of Ruin\n|move|p1a: Roaring Moon|Throat Chop|p2a: Chi-Yu\n|-resisted|p2a: Chi-Yu\n|-damage|p2a: Chi-Yu|62\/100\n|-start|p2a: Chi-Yu|Throat Chop|[silent]\n|move|p2b: Hydreigon|Focus Energy|p2b: Hydreigon\n|-start|p2b: Hydreigon|move: Focus Energy\n|move|p1b: Amoonguss|Spore|p2b: Hydreigon\n|-status|p2b: Hydreigon|slp|[from] move: Spore\n|\n|upkeep\n|turn|4\n|\n|t:|1681961665\n|switch|p2a: Scizor|Scizor, L50, F|56\/100 slp\n|switch|p1b: Palafin|Palafin-Hero, L50, F|100\/100\n|-activate|p1b: Palafin|ability: Zero to Hero\n|move|p1a: Roaring Moon|Acrobatics|p2a: Scizor\n|-damage|p2a: Scizor|0 fnt\n|faint|p2a: Scizor\n|cant|p2b: Hydreigon|slp\n|\n|upkeep\n|\n|t:|1681961673\n|switch|p2a: Iron Valiant|Iron Valiant, L50|100\/100\n|turn|5\n|\n|t:|1681961715\n|move|p1b: Palafin|Jet Punch|p2b: Hydreigon\n|-resisted|p2b: Hydreigon\n|-damage|p2b: Hydreigon|8\/100 slp\n|move|p1a: Roaring Moon|Acrobatics|p2a: Iron Valiant\n|-supereffective|p2a: Iron Valiant\n|-enditem|p2a: Iron Valiant|Focus Sash\n|-damage|p2a: Iron Valiant|1\/100\n|move|p2a: Iron Valiant|Thunderbolt|p1a: Roaring Moon\n|-supereffective|p1a: Roaring Moon\n|-damage|p1a: Roaring Moon|13\/100\n|cant|p2b: Hydreigon|slp\n|\n|upkeep\n|turn|6\n|j| red de pokemon oro\n|\n|t:|1681961743\n|move|p1b: Palafin|Jet Punch|p2b: Hydreigon\n|-resisted|p2b: Hydreigon\n|-damage|p2b: Hydreigon|0 fnt\n|faint|p2b: Hydreigon\n|move|p1a: Roaring Moon|Acrobatics|p2a: Iron Valiant\n|-supereffective|p2a: Iron Valiant\n|-damage|p2a: Iron Valiant|0 fnt\n|faint|p2a: Iron Valiant\n|-end|p2a: Iron Valiant|Quark Drive|[silent]\n|\n|upkeep\n|\n|t:|1681961745\n|switch|p2b: Chi-Yu|Chi-Yu, L50|62\/100\n|-ability|p2b: Chi-Yu|Beads of Ruin\n|turn|7\n|\n|t:|1681961759\n|-terastallize|p2b: Chi-Yu|Grass\n|move|p1b: Palafin|Jet Punch|p2b: Chi-Yu\n|-resisted|p2b: Chi-Yu\n|-damage|p2b: Chi-Yu|19\/100\n|move|p1a: Roaring Moon|Acrobatics|p2b: Chi-Yu\n|-supereffective|p2b: Chi-Yu\n|-damage|p2b: Chi-Yu|0 fnt\n|faint|p2b: Chi-Yu\n|\n|win|leafyarrow\n|n|\u2606leafyarrow|leafyarrow\n|n|\u2606did it done|diditdone\n|n| benjirz9|benjirz9\n|n| Borghi|borghi\n|n| red de pokemon oro|reddepokemonoro\n|l|\u2606did it done\n","uploadtime":1681961768,"views":9,"p1id":"leafyarrow","p2id":"diditdone","formatid":"gen9vgc2023regulationc","rating":0,"private":0,"password":""}