{"id":"gen9vgc2023regulationc-1861495448","p1":"Sidntc","p2":"whorubuthi","format":"[Gen 9] VGC 2023 Regulation C","log":"|j|\u2606Sidntc\n|j|\u2606whorubuthi\n|t:|1683764934\n|gametype|doubles\n|player|p1|Sidntc|parasollady|\n|player|p2|whorubuthi|266|\n|teamsize|p1|6\n|teamsize|p2|6\n|gen|9\n|tier|[Gen 9] VGC 2023 Regulation C\n|rated|Tournament battle\n|rule|Species Clause: Limit one of each Pok\u00e9mon\n|rule|Item Clause: Limit one of each item\n|clearpoke\n|poke|p1|Azumarill, L50, F|\n|poke|p1|Arcanine, L50, M|\n|poke|p1|Amoonguss, L50, M|\n|poke|p1|Flutter Mane, L50|\n|poke|p1|Ting-Lu, L50|\n|poke|p1|Dragonite, L50, M|\n|poke|p2|Indeedee-F, L50, F|\n|poke|p2|Torkoal, L50, F|\n|poke|p2|Armarouge, L50, M|\n|poke|p2|Kingambit, L50, F|\n|poke|p2|Flutter Mane, L50|\n|poke|p2|Iron Bundle, L50|\n|teampreview|4\n|raw| Open Team Sheet for Sidntc<\/summary>teddy bear (Azumarill) @ Assault Vest Ability: Huge Power Level: 50 Tera Type: Grass - Aqua Jet - Liquidation - Play Rough - Ice Spinner arf (Arcanine) @ Safety Goggles Ability: Intimidate Level: 50 Tera Type: Water - Wild Charge - Flare Blitz - Protect - Will-O-Wisp among us (Amoonguss) @ Covert Cloak Ability: Regenerator Level: 50 Tera Type: Dark - Rage Powder - Spore - Pollen Puff - Protect SyIveon (Flutter Mane) @ Booster Energy Ability: Protosynthesis Level: 50 Tera Type: Fairy - Protect - Dazzling Gleam - Thunderbolt - Shadow Ball -5 pixels (Ting-Lu) @ Leftovers Ability: Vessel of Ruin Level: 50 Tera Type: Poison - Stomping Tantrum - Heavy Slam - Ruination - Protect Idk (Dragonite) @ Lum Berry Ability: Multiscale Level: 50 Tera Type: Normal - Low Kick - Extreme Speed - Dragon Claw - Protect <\/details><\/div> Open Team Sheet for whorubuthi<\/summary>Indeedee (Indeedee-F) (F) @ Psychic Seed Ability: Psychic Surge Level: 50 Tera Type: Fairy - Dazzling Gleam - Follow Me - Helping Hand - Protect Torkoal @ Charcoal Ability: Drought Level: 50 Tera Type: Fire - Eruption - Earth Power - Heat Wave - Protect Armarouge @ Life Orb Ability: Flash Fire Level: 50 Tera Type: Psychic - Armor Cannon - Expanding Force - Heat Wave - Trick Room Kingambit @ Assault Vest Ability: Defiant Level: 50 Tera Type: Dark - Kowtow Cleave - Iron Head - Sucker Punch - Brick Break Flutter Mane @ Choice Specs Ability: Protosynthesis Level: 50 Tera Type: Fairy - Dazzling Gleam - Shadow Ball - Psyshock - Mystical Fire Iron Bundle @ Focus Sash Ability: Quark Drive Level: 50 Tera Type: Ice - Icy Wind - Chilling Water - Hydro Pump - Freeze-Dry <\/details><\/div>\n|c|\u2606whorubuthi|glhf\n|c|\u2606Sidntc|You too\n|\n|t:|1683764992\n|start\n|switch|p1a: among us|Amoonguss, L50, M|100\/100\n|switch|p1b: -5 pixels|Ting-Lu, L50|100\/100\n|switch|p2a: Flutter Mane|Flutter Mane, L50|100\/100\n|switch|p2b: Iron Bundle|Iron Bundle, L50|100\/100\n|-ability|p1b: -5 pixels|Vessel of Ruin\n|turn|1\n|\n|t:|1683765024\n|-terastallize|p1a: among us|Dark\n|move|p1a: among us|Rage Powder|p1a: among us\n|-singleturn|p1a: among us|move: Rage Powder\n|move|p2b: Iron Bundle|Hydro Pump|p1a: among us\n|-damage|p1a: among us|70\/100\n|move|p2a: Flutter Mane|Psyshock|p1a: among us\n|-immune|p1a: among us\n|move|p1b: -5 pixels|Heavy Slam|p2a: Flutter Mane\n|-supereffective|p2a: Flutter Mane\n|-damage|p2a: Flutter Mane|0 fnt\n|faint|p2a: Flutter Mane\n|-end|p2a: Flutter Mane|Protosynthesis|[silent]\n|\n|upkeep\n|c|\u2606whorubuthi|welp i lost\n|c|\u2606whorubuthi|gg\n|\n|t:|1683765048\n|switch|p2a: Kingambit|Kingambit, L50, F|100\/100\n|turn|2\n|\n|t:|1683765063\n|move|p2b: Iron Bundle|Hydro Pump|p1b: -5 pixels\n|-supereffective|p1b: -5 pixels\n|-damage|p1b: -5 pixels|46\/100\n|move|p2a: Kingambit|Brick Break|p1a: among us\n|-supereffective|p1a: among us\n|-crit|p1a: among us\n|-damage|p1a: among us|0 fnt\n|faint|p1a: among us\n|move|p1b: -5 pixels|Stomping Tantrum|p2a: Kingambit\n|-supereffective|p2a: Kingambit\n|-damage|p2a: Kingambit|60\/100\n|\n|-heal|p1b: -5 pixels|52\/100|[from] item: Leftovers\n|upkeep\n|\n|t:|1683765075\n|switch|p1a: arf|Arcanine, L50, M|100\/100\n|-ability|p1a: arf|Intimidate|boost\n|-unboost|p2a: Kingambit|atk|1\n|-ability|p2a: Kingambit|Defiant|boost\n|-boost|p2a: Kingambit|atk|2\n|-unboost|p2b: Iron Bundle|atk|1\n|turn|3\n|\n|t:|1683765101\n|-terastallize|p2a: Kingambit|Dark\n|move|p2b: Iron Bundle|Hydro Pump|p1a: arf|[miss]\n|-miss|p2b: Iron Bundle|p1a: arf\n|move|p1a: arf|Wild Charge|p2b: Iron Bundle\n|-supereffective|p2b: Iron Bundle\n|-damage|p2b: Iron Bundle|49\/100\n|-damage|p1a: arf|92\/100|[from] Recoil\n|move|p2a: Kingambit|Brick Break|p1b: -5 pixels\n|-supereffective|p1b: -5 pixels\n|-damage|p1b: -5 pixels|8\/100\n|move|p1b: -5 pixels|Ruination|p2a: Kingambit\n|-damage|p2a: Kingambit|30\/100\n|\n|-heal|p1b: -5 pixels|14\/100|[from] item: Leftovers\n|upkeep\n|turn|4\n|\n|t:|1683765146\n|move|p2a: Kingambit|Sucker Punch|p1a: arf\n|-damage|p1a: arf|3\/100\n|move|p2b: Iron Bundle|Hydro Pump|p1a: arf\n|-supereffective|p1a: arf\n|-damage|p1a: arf|0 fnt\n|faint|p1a: arf\n|move|p1b: -5 pixels|Heavy Slam|p2a: Kingambit\n|-damage|p2a: Kingambit|8\/100\n|\n|-heal|p1b: -5 pixels|20\/100|[from] item: Leftovers\n|upkeep\n|\n|t:|1683765156\n|switch|p1a: teddy bear|Azumarill, L50, F|100\/100\n|turn|5\n|\n|t:|1683765167\n|move|p1b: -5 pixels|Protect|p1b: -5 pixels\n|-singleturn|p1b: -5 pixels|Protect\n|move|p1a: teddy bear|Aqua Jet|p2a: Kingambit\n|-damage|p2a: Kingambit|0 fnt\n|faint|p2a: Kingambit\n|move|p2b: Iron Bundle|Chilling Water|p1b: -5 pixels\n|-activate|p1b: -5 pixels|move: Protect\n|\n|-heal|p1b: -5 pixels|26\/100|[from] item: Leftovers\n|upkeep\n|\n|t:|1683765170\n|switch|p2a: Indeedee|Indeedee-F, L50, F|100\/100\n|-fieldstart|move: Psychic Terrain|[from] ability: Psychic Surge|[of] p2a: Indeedee\n|-enditem|p2a: Indeedee|Psychic Seed\n|-boost|p2a: Indeedee|spd|1|[from] item: Psychic Seed\n|turn|6\n|\n|t:|1683765199\n|move|p2a: Indeedee|Follow Me|p2a: Indeedee\n|-singleturn|p2a: Indeedee|move: Follow Me\n|move|p2b: Iron Bundle|Freeze-Dry|p1b: -5 pixels\n|-supereffective|p1b: -5 pixels\n|-damage|p1b: -5 pixels|0 fnt\n|faint|p1b: -5 pixels\n|move|p1a: teddy bear|Play Rough|p2a: Indeedee\n|-damage|p2a: Indeedee|56\/100\n|\n|upkeep\n|turn|7\n|c|\u2606Sidntc|Gg\n|c|\u2606whorubuthi|not yet wait\n|\n|t:|1683765220\n|move|p2a: Indeedee|Follow Me|p2a: Indeedee\n|-singleturn|p2a: Indeedee|move: Follow Me\n|move|p2b: Iron Bundle|Freeze-Dry|p1a: teddy bear\n|-supereffective|p1a: teddy bear\n|-damage|p1a: teddy bear|54\/100\n|move|p1a: teddy bear|Play Rough|p2a: Indeedee\n|-damage|p2a: Indeedee|12\/100\n|\n|upkeep\n|turn|8\n|\n|t:|1683765229\n|move|p2a: Indeedee|Follow Me|p2a: Indeedee\n|-singleturn|p2a: Indeedee|move: Follow Me\n|move|p1a: teddy bear|Aqua Jet|p2a: Indeedee\n|-activate|p2a: Indeedee|move: Psychic Terrain\n|move|p2b: Iron Bundle|Freeze-Dry|p1a: teddy bear\n|-supereffective|p1a: teddy bear\n|-damage|p1a: teddy bear|5\/100\n|\n|upkeep\n|turn|9\n|c|\u2606Sidntc|Yeah no I lost\n|c|\u2606whorubuthi|:o\n|c|\u2606whorubuthi|gg\n|c|\u2606whorubuthi|close\n|c|\u2606whorubuthi|wpwp\n|c|\u2606Sidntc|Gg\n|\n|t:|1683765249\n|move|p2a: Indeedee|Follow Me|p2a: Indeedee\n|-singleturn|p2a: Indeedee|move: Follow Me\n|move|p2b: Iron Bundle|Freeze-Dry|p1a: teddy bear\n|-supereffective|p1a: teddy bear\n|-damage|p1a: teddy bear|0 fnt\n|faint|p1a: teddy bear\n|\n|win|whorubuthi\n|n|\u2606Sidntc|sidntc\n|n|\u2606whorubuthi|whorubuthi\n|l|\u2606Sidntc\n","uploadtime":1683765279,"views":5,"p1id":"sidntc","p2id":"whorubuthi","formatid":"gen9vgc2023regulationc","rating":0,"private":0,"password":""}