{"id":"gen9vgc2023regulationc-1846569000","p1":"beckybug","p2":"Cocobeloeil3","format":"[Gen 9] VGC 2023 Regulation C","log":"|j|\u2606beckybug\n|j|\u2606Cocobeloeil3\n|t:|1681852601\n|gametype|doubles\n|player|p1|beckybug|rosa|1570\n|player|p2|Cocobeloeil3|266|1604\n|teamsize|p1|6\n|teamsize|p2|6\n|gen|9\n|tier|[Gen 9] VGC 2023 Regulation C\n|rated|\n|rule|Species Clause: Limit one of each Pok\u00e9mon\n|rule|Item Clause: Limit one of each item\n|clearpoke\n|poke|p1|Iron Bundle, L50|\n|poke|p1|Chi-Yu, L50|\n|poke|p1|Lycanroc, L50, F|\n|poke|p1|Tyranitar, L50, M|\n|poke|p1|Indeedee-F, L50, F|\n|poke|p1|Armarouge, L50, F|\n|poke|p2|Chi-Yu, L50|\n|poke|p2|Tyranitar, L50, F|\n|poke|p2|Amoonguss, L50, M|\n|poke|p2|Gyarados, L50, M|\n|poke|p2|Iron Bundle, L50|\n|poke|p2|Scizor, L50, M|\n|teampreview|4\n|inactive|Battle timer is ON: inactive players will automatically lose when time's up. (requested by Cocobeloeil3)\n|\n|t:|1681852636\n|start\n|switch|p1a: Iron Bundle|Iron Bundle, L50|100\/100\n|switch|p1b: Chi-Yu|Chi-Yu, L50|100\/100\n|switch|p2a: Scizor|Scizor, L50, M|100\/100\n|switch|p2b: Iron Bundle|Iron Bundle, L50|100\/100\n|-ability|p1b: Chi-Yu|Beads of Ruin\n|-enditem|p2b: Iron Bundle|Booster Energy\n|-activate|p2b: Iron Bundle|ability: Quark Drive|[fromitem]\n|-start|p2b: Iron Bundle|quarkdrivespe\n|-enditem|p1a: Iron Bundle|Booster Energy\n|-activate|p1a: Iron Bundle|ability: Quark Drive|[fromitem]\n|-start|p1a: Iron Bundle|quarkdrivespe\n|turn|1\n|\n|t:|1681852656\n|-terastallize|p2a: Scizor|Water\n|move|p2b: Iron Bundle|Hydro Pump|p1b: Chi-Yu\n|-supereffective|p1b: Chi-Yu\n|-damage|p1b: Chi-Yu|0 fnt\n|faint|p1b: Chi-Yu\n|move|p1a: Iron Bundle|Icy Wind|p2a: Scizor|[spread] p2a,p2b\n|-resisted|p2a: Scizor\n|-resisted|p2b: Iron Bundle\n|-damage|p2a: Scizor|89\/100\n|-damage|p2b: Iron Bundle|92\/100\n|-unboost|p2a: Scizor|spe|1\n|-unboost|p2b: Iron Bundle|spe|1\n|move|p2a: Scizor|U-turn|p1a: Iron Bundle\n|-damage|p1a: Iron Bundle|38\/100\n|-damage|p2a: Scizor|79\/100|[from] item: Life Orb\n|\n|t:|1681852672\n|switch|p2a: Tyranitar|Tyranitar, L50, F|100\/100|[from] U-turn\n|-weather|Sandstorm|[from] ability: Sand Stream|[of] p2a: Tyranitar\n|\n|-weather|Sandstorm|[upkeep]\n|-damage|p1a: Iron Bundle|32\/100|[from] Sandstorm\n|-damage|p2b: Iron Bundle|86\/100|[from] Sandstorm\n|upkeep\n|\n|t:|1681852679\n|switch|p1b: Lycanroc|Lycanroc, L50, F|100\/100\n|turn|2\n|j| ylmao\n|\n|t:|1681852698\n|move|p1b: Lycanroc|Close Combat|p2a: Tyranitar\n|-supereffective|p2a: Tyranitar\n|-damage|p2a: Tyranitar|0 fnt\n|-unboost|p1b: Lycanroc|def|1\n|-unboost|p1b: Lycanroc|spd|1\n|faint|p2a: Tyranitar\n|move|p1a: Iron Bundle|Freeze-Dry|p2b: Iron Bundle\n|-damage|p2b: Iron Bundle|25\/100\n|move|p2b: Iron Bundle|Hydro Pump|p1b: Lycanroc\n|-supereffective|p1b: Lycanroc\n|-enditem|p1b: Lycanroc|Focus Sash\n|-damage|p1b: Lycanroc|1\/100\n|\n|-weather|Sandstorm|[upkeep]\n|-damage|p1a: Iron Bundle|26\/100|[from] Sandstorm\n|-damage|p2b: Iron Bundle|19\/100|[from] Sandstorm\n|upkeep\n|\n|t:|1681852710\n|switch|p2a: Scizor|Scizor, L50, M, tera:Water|79\/100\n|turn|3\n|\n|t:|1681852723\n|-end|p2b: Iron Bundle|Quark Drive|[silent]\n|switch|p2b: Chi-Yu|Chi-Yu, L50|100\/100\n|-ability|p2b: Chi-Yu|Beads of Ruin\n|move|p2a: Scizor|Protect|p2a: Scizor\n|-singleturn|p2a: Scizor|Protect\n|move|p1b: Lycanroc|Endeavor|p2a: Scizor\n|-activate|p2a: Scizor|move: Protect\n|move|p1a: Iron Bundle|Freeze-Dry|p2a: Scizor\n|-activate|p2a: Scizor|move: Protect\n|\n|-weather|Sandstorm|[upkeep]\n|-damage|p1a: Iron Bundle|21\/100|[from] Sandstorm\n|-damage|p2a: Scizor|73\/100|[from] Sandstorm\n|upkeep\n|turn|4\n|j| konsant\n|\n|t:|1681852749\n|move|p1b: Lycanroc|Endure|p1b: Lycanroc\n|-singleturn|p1b: Lycanroc|move: Endure\n|move|p2a: Scizor|Bullet Punch|p1b: Lycanroc\n|-supereffective|p1b: Lycanroc\n|-activate|p1b: Lycanroc|move: Endure\n|-damage|p1b: Lycanroc|1\/100\n|-damage|p2a: Scizor|63\/100|[from] item: Life Orb\n|move|p1a: Iron Bundle|Freeze-Dry|p2a: Scizor\n|-supereffective|p2a: Scizor\n|-damage|p2a: Scizor|0 fnt\n|faint|p2a: Scizor\n|move|p2b: Chi-Yu|Dark Pulse|p1a: Iron Bundle\n|-damage|p1a: Iron Bundle|0 fnt\n|faint|p1a: Iron Bundle\n|-end|p1a: Iron Bundle|Quark Drive|[silent]\n|\n|-weather|Sandstorm|[upkeep]\n|upkeep\n|\n|t:|1681852763\n|switch|p1a: Tyranitar|Tyranitar, L50, M|100\/100\n|switch|p2a: Iron Bundle|Iron Bundle, L50|19\/100\n|turn|5\n|\n|t:|1681852773\n|move|p2a: Iron Bundle|Protect|p2a: Iron Bundle\n|-singleturn|p2a: Iron Bundle|Protect\n|move|p2b: Chi-Yu|Protect|p2b: Chi-Yu\n|-singleturn|p2b: Chi-Yu|Protect\n|move|p1b: Lycanroc|Endeavor|p2b: Chi-Yu\n|-activate|p2b: Chi-Yu|move: Protect\n|move|p1a: Tyranitar|Rock Slide|p2b: Chi-Yu|[spread] \n|-activate|p2a: Iron Bundle|move: Protect\n|-activate|p2b: Chi-Yu|move: Protect\n|\n|-weather|none\n|upkeep\n|turn|6\n|\n|t:|1681852797\n|-terastallize|p1a: Tyranitar|Flying\n|move|p1b: Lycanroc|Endure|p1b: Lycanroc\n|-singleturn|p1b: Lycanroc|move: Endure\n|move|p2a: Iron Bundle|Hydro Pump|p1a: Tyranitar\n|-damage|p1a: Tyranitar|63\/100\n|move|p2b: Chi-Yu|Heat Wave|p1a: Tyranitar|[spread] \n|-miss|p2b: Chi-Yu|p1a: Tyranitar\n|-miss|p2b: Chi-Yu|p1b: Lycanroc\n|move|p1a: Tyranitar|Rock Slide|p2b: Chi-Yu|[spread] p2a,p2b\n|-supereffective|p2a: Iron Bundle\n|-supereffective|p2b: Chi-Yu\n|-damage|p2a: Iron Bundle|0 fnt\n|-damage|p2b: Chi-Yu|19\/100\n|faint|p2a: Iron Bundle\n|-end|p2a: Iron Bundle|Quark Drive|[silent]\n|\n|upkeep\n|turn|7\n|-message|Cocobeloeil3 forfeited.\n|\n|win|beckybug\n|raw|beckybug's rating: 1570 → 1592<\/strong> (+22 for winning)\n|raw|Cocobeloeil3's rating: 1604 → 1582<\/strong> (-22 for losing)\n|l|\u2606Cocobeloeil3\n|l| ylmao\n|l|\u2606beckybug\n|l| konsant\n|j|\u2606beckybug\n|player|p1|beckybug|rosa\n","uploadtime":1681853270,"views":16,"p1id":"beckybug","p2id":"cocobeloeil3","formatid":"gen9vgc2023regulationc","rating":1582,"private":0,"password":""}