{"id":"gen9vgc2023regulationc-1850000027","p1":"Tut Tut le scooter","p2":"tricepso","format":"[Gen 9] VGC 2023 Regulation C","log":"|j|\u2606Tut Tut le scooter\n|j|\u2606tricepso\n|t:|1682276608\n|gametype|doubles\n|player|p1|Tut Tut le scooter|aromalady|\n|player|p2|tricepso|dendra|\n|teamsize|p1|6\n|teamsize|p2|6\n|gen|9\n|tier|[Gen 9] VGC 2023 Regulation C\n|rule|Species Clause: Limit one of each Pok\u00e9mon\n|rule|Item Clause: Limit one of each item\n|clearpoke\n|poke|p1|Amoonguss, L50, M|\n|poke|p1|Flutter Mane, L50|\n|poke|p1|Grimmsnarl, L50, M|\n|poke|p1|Arcanine, L50, M|\n|poke|p1|Palafin, L50, M|\n|poke|p1|Roaring Moon, L50|\n|poke|p2|Flutter Mane, L50|\n|poke|p2|Amoonguss, L50, F|\n|poke|p2|Palafin, L50, F|\n|poke|p2|Ting-Lu, L50|\n|poke|p2|Arcanine, L50, F|\n|poke|p2|Forretress, L50, M|\n|teampreview|4\ntricepso has agreed to open team sheets.\nTut Tut le scooter has agreed to open team sheets.\n|j| Hurtadoo\n|c|\u2606tricepso|g1\n|j|+Tuthur\n|j| Tangent Phi\n|j| Apagnan\n|j| Nineveh\n|n| Tangent\u00b2Phi\u00b3 \u00bf?|tangentphi\n|j| Riyadland\n|j| Alekso\n|j| useless sentiments\n|j| Mimilucha\n|c| Riyadland|g1\n|c| Alekso|la team de terroriste\n|c| Riyadland|hf\n|j| tierlist fromages\n|j| BAN CHIEN PAO 2\n|j| MarioReLSD\n|c| Alekso|il est long ce lait\n|c| Hurtadoo|cc alekso\n|c| MarioReLSD|HAHAHAHA\n|c| Hurtadoo|comment \u00e7a va alekso\n|c| MarioReLSD|NOWAY\n|c| Alekso|envie de me suicider et toi\n|l| Riyadland\n|c| MarioReLSD|le goat Foretress\n|j| Riyadland\n|j| wesh papillon\n|l| wesh papillon\n|j| Wanna twerk?\n|\n|t:|1682276854\n|start\n|switch|p1a: Grimmsnarl|Grimmsnarl, L50, M|100\/100\n|switch|p1b: Palafin|Palafin, L50, M|100\/100\n|switch|p2a: Ting-Lu|Ting-Lu, L50|100\/100\n|switch|p2b: Forretress|Forretress, L50, M|100\/100\n|-ability|p2a: Ting-Lu|Vessel of Ruin\n|turn|1\n|c|+Tuthur|Tut Tut\n|l| Wanna twerk?\n|j| Elyoss\n|j| Cherbou\n|j| joaofelixsimp\n|c| Riyadland|Le VGC \u00e7a existe vraiment o\u00f9 vous \u00eates forc\u00e9s d\u2019y jouer\n|\n|t:|1682276900\n|detailschange|p1b: Palafin|Palafin-Hero, L50, M\n|switch|p1b: Arcanine|Arcanine, L50, M|100\/100\n|-ability|p1b: Arcanine|Intimidate|boost\n|-unboost|p2a: Ting-Lu|atk|1\n|-unboost|p2b: Forretress|atk|1\n|switch|p2a: Amoonguss|Amoonguss, L50, F|100\/100\n|move|p1a: Grimmsnarl|Reflect|p1a: Grimmsnarl\n|-sidestart|p1: Tut Tut le scooter|Reflect\n|move|p2b: Forretress|Iron Defense|p2b: Forretress\n|-boost|p2b: Forretress|def|2\n|\n|upkeep\n|turn|2\n|l| Mimilucha\n|c| joaofelixsimp|oh sa mere ns\n|c| joaofelixsimp|je vais hurler\n|j| Scoptile\n|c| Alekso|\u00e7a fait quoi overcoat\n|c| MarioReLSD|j'ai la ref du foretress et \u00e7a me rend tellement heureux\n|c| MarioReLSD|on espere une belle game de la part du MVP\n|j| crapuchia\n|c|\u2606Tut Tut le scooter|!dt overcoat\n|raw| Overcoat<\/a><\/span> This Pokemon is immune to powder moves, Sandstorm damage, and Effect Spore.<\/span> <\/li> <\/li><\/ul>\n|raw|Gen:<\/font> 5 |  ✓ Ignored by Mold Breaker<\/font>\n\n|c|\u2606Tut Tut le scooter|@alekso\n|\n|t:|1682276962\n|-terastallize|p2b: Forretress|Water\n|move|p1a: Grimmsnarl|Parting Shot|p2a: Amoonguss\n|-unboost|p2a: Amoonguss|atk|1\n|-unboost|p2a: Amoonguss|spa|1\n|\n|t:|1682276967\n|switch|p1a: Flutter Mane|Flutter Mane, L50|100\/100|[from] Parting Shot\n|move|p1b: Arcanine|Will-O-Wisp|p2b: Forretress\n|-status|p2b: Forretress|brn\n|move|p2b: Forretress|Iron Defense|p2b: Forretress\n|-boost|p2b: Forretress|def|2\n|move|p2a: Amoonguss|Spore|p1a: Flutter Mane\n|-status|p1a: Flutter Mane|slp|[from] move: Spore\n|\n|-damage|p2b: Forretress|94\/100 brn|[from] brn\n|upkeep\n|turn|3\n|c| Alekso|merci\n|j| cielau origine \u266b\n|\n|t:|1682277029\n|switch|p2a: Arcanine|Arcanine, L50, F|100\/100\n|-ability|p2a: Arcanine|Intimidate|boost\n|-unboost|p1a: Flutter Mane|atk|1\n|-unboost|p1b: Arcanine|atk|1\n|cant|p1a: Flutter Mane|slp\n|move|p1a: Flutter Mane|Sleep Talk|p1a: Flutter Mane\n|move|p1a: Flutter Mane|Dazzling Gleam|p2b: Forretress|[from]move: Sleep Talk|[spread] p2a,p2b\n|-resisted|p2a: Arcanine\n|-damage|p2a: Arcanine|76\/100\n|-damage|p2b: Forretress|48\/100 brn\n|move|p1b: Arcanine|Flare Blitz|p2a: Arcanine\n|-resisted|p2a: Arcanine\n|-damage|p2a: Arcanine|56\/100\n|-damage|p1b: Arcanine|94\/100|[from] Recoil\n|move|p2b: Forretress|Heavy Slam|p1a: Flutter Mane\n|-supereffective|p1a: Flutter Mane\n|-damage|p1a: Flutter Mane|75\/100 slp\n|\n|-heal|p2b: Forretress|54\/100 brn|[from] item: Leftovers\n|-damage|p2b: Forretress|48\/100 brn|[from] brn\n|upkeep\n|turn|4\n|c| Riyadland|Wesh sleep talk carr\u00e9ment\n|c| useless sentiments|Goatesque\n|j| gataen42\n|c| Riyadland|C\u2019est quoi ce set Jsuis mort\n|c|\u2606Tut Tut le scooter|bah meurs\n|c| MarioReLSD|wo\n|c| Hurtadoo|mais est ce que c'est #emme\n|c| Hurtadoo|#elle\n|\n|t:|1682277106\n|switch|p1b: Grimmsnarl|Grimmsnarl, L50, M|100\/100\n|switch|p2b: Amoonguss|Amoonguss, L50, F|100\/100\n|cant|p1a: Flutter Mane|slp\n|move|p1a: Flutter Mane|Sleep Talk|p1a: Flutter Mane\n|move|p1a: Flutter Mane|Moonblast|p2b: Amoonguss|[from]move: Sleep Talk\n|-resisted|p2b: Amoonguss\n|-damage|p2b: Amoonguss|65\/100\n|move|p2a: Arcanine|Flare Blitz|p1a: Flutter Mane\n|-damage|p1a: Flutter Mane|21\/100 slp\n|-damage|p2a: Arcanine|43\/100|[from] Recoil\n|\n|upkeep\n|turn|5\n|c|+Tuthur|lock\n|\n|t:|1682277139\n|-end|p1a: Flutter Mane|Protosynthesis|[silent]\n|switch|p1a: Arcanine|Arcanine, L50, M|94\/100\n|-ability|p1a: Arcanine|Intimidate|boost\n|-unboost|p2a: Arcanine|atk|1\n|-unboost|p2b: Amoonguss|atk|1\n|move|p2a: Arcanine|Flare Blitz|p1a: Arcanine\n|-resisted|p1a: Arcanine\n|-damage|p1a: Arcanine|82\/100\n|-damage|p2a: Arcanine|40\/100|[from] Recoil\n|move|p1b: Grimmsnarl|Spirit Break|p2a: Arcanine\n|-resisted|p2a: Arcanine\n|-crit|p2a: Arcanine\n|-damage|p2a: Arcanine|15\/100\n|-unboost|p2a: Arcanine|spa|1\n|move|p2b: Amoonguss|Pollen Puff|p2a: Arcanine\n|-heal|p2a: Arcanine|65\/100\n|\n|upkeep\n|turn|6\n|c| gataen42|riyad qui d\u00e9couvre le vgc\n|j|+Brumirage\n|j| zone 19\n|c| Riyadland|Pleure toi\n|c| gataen42|?\n|c| Riyadland|Pleureuse\n|\n|t:|1682277191\n|switch|p2b: Ting-Lu|Ting-Lu, L50|100\/100\n|-ability|p2b: Ting-Lu|Vessel of Ruin\n|move|p1a: Arcanine|Howl|p1a: Arcanine|[spread] p1a,p1b\n|-boost|p1a: Arcanine|atk|1\n|-boost|p1b: Grimmsnarl|atk|1\n|move|p2a: Arcanine|Will-O-Wisp|p1b: Grimmsnarl\n|-status|p1b: Grimmsnarl|brn\n|move|p1b: Grimmsnarl|Spirit Break|p2b: Ting-Lu\n|-supereffective|p2b: Ting-Lu\n|-damage|p2b: Ting-Lu|75\/100\n|-unboost|p2b: Ting-Lu|spa|1\n|\n|-damage|p1b: Grimmsnarl|95\/100 brn|[from] brn\n|upkeep\n|turn|7\n|\n|t:|1682277218\n|switch|p2a: Amoonguss|Amoonguss, L50, F|99\/100\n|move|p1a: Arcanine|Will-O-Wisp|p2b: Ting-Lu\n|-status|p2b: Ting-Lu|brn\n|move|p1b: Grimmsnarl|Spirit Break|p2b: Ting-Lu\n|-supereffective|p2b: Ting-Lu\n|-damage|p2b: Ting-Lu|48\/100 brn\n|-unboost|p2b: Ting-Lu|spa|1\n|move|p2b: Ting-Lu|Stomping Tantrum|p1a: Arcanine\n|-supereffective|p1a: Arcanine\n|-damage|p1a: Arcanine|55\/100\n|\n|-damage|p1b: Grimmsnarl|89\/100 brn|[from] brn\n|-damage|p2b: Ting-Lu|42\/100 brn|[from] brn\n|upkeep\n|turn|8\n|j| Heika\n|c| Heika|TRICEPSO\n|j| wesh papillon\n|l| Cherbou\n|l| zone 19\n|c| Riyadland|La game me fatigue\n|\n|t:|1682277263\n|switch|p1b: Palafin|Palafin-Hero, L50, M|100\/100\n|-activate|p1b: Palafin|ability: Zero to Hero\n|switch|p2b: Arcanine|Arcanine, L50, F|65\/100\n|-ability|p2b: Arcanine|Intimidate|boost\n|-unboost|p1a: Arcanine|atk|1\n|-unboost|p1b: Palafin|atk|1\n|move|p1a: Arcanine|Flare Blitz|p2a: Amoonguss\n|-supereffective|p2a: Amoonguss\n|-damage|p2a: Amoonguss|13\/100\n|-enditem|p2a: Amoonguss|Sitrus Berry|[eat]\n|-heal|p2a: Amoonguss|38\/100|[from] item: Sitrus Berry\n|-damage|p1a: Arcanine|22\/100|[from] Recoil\n|move|p2a: Amoonguss|Pollen Puff|p2b: Arcanine\n|-heal|p2b: Arcanine|100\/100\n|\n|-sideend|p1: Tut Tut le scooter|Reflect\n|upkeep\n|turn|9\n|c| gataen42|bah dort\n|j| zone 19\n|\n|t:|1682277340\n|switch|p1a: Grimmsnarl|Grimmsnarl, L50, M|89\/100 brn\n|switch|p2a: Ting-Lu|Ting-Lu, L50|42\/100 brn\n|-ability|p2a: Ting-Lu|Vessel of Ruin\n|move|p1b: Palafin|Jet Punch|p2b: Arcanine\n|-supereffective|p2b: Arcanine\n|-damage|p2b: Arcanine|37\/100\n|move|p2b: Arcanine|Will-O-Wisp|p1b: Palafin\n|-status|p1b: Palafin|brn\n|\n|-damage|p1b: Palafin|95\/100 brn|[from] brn\n|-damage|p1a: Grimmsnarl|83\/100 brn|[from] brn\n|-damage|p2a: Ting-Lu|36\/100 brn|[from] brn\n|upkeep\n|turn|10\n|l| Apagnan\n|\n|t:|1682277388\n|switch|p2b: Amoonguss|Amoonguss, L50, F|71\/100\n|move|p1a: Grimmsnarl|Reflect|p1a: Grimmsnarl\n|-sidestart|p1: Tut Tut le scooter|Reflect\n|move|p1b: Palafin|Wave Crash|p2a: Ting-Lu\n|-supereffective|p2a: Ting-Lu\n|-damage|p2a: Ting-Lu|0 fnt\n|faint|p2a: Ting-Lu\n|-damage|p1b: Palafin|81\/100 brn|[from] Recoil\n|\n|-damage|p1b: Palafin|75\/100 brn|[from] brn\n|-damage|p1a: Grimmsnarl|77\/100 brn|[from] brn\n|upkeep\n|c| Riyadland|Les joueurs VGC sont tellement finito\n|\n|t:|1682277395\n|switch|p2a: Forretress|Forretress, L50, M, tera:Water|48\/100 brn\n|turn|11\n|j| jfjdjkdj\n|\n|t:|1682277411\n|switch|p1b: Arcanine|Arcanine, L50, M|22\/100\n|-ability|p1b: Arcanine|Intimidate|boost\n|-unboost|p2a: Forretress|atk|1\n|-unboost|p2b: Amoonguss|atk|1\n|move|p1a: Grimmsnarl|Parting Shot|p2b: Amoonguss\n|-unboost|p2b: Amoonguss|atk|1\n|-unboost|p2b: Amoonguss|spa|1\n|\n|t:|1682277417\n|switch|p1a: Palafin|Palafin-Hero, L50, M|75\/100 brn|[from] Parting Shot\n|move|p2a: Forretress|Iron Defense|p2a: Forretress\n|-boost|p2a: Forretress|def|2\n|move|p2b: Amoonguss|Pollen Puff|p2a: Forretress\n|-heal|p2a: Forretress|98\/100 brn\n|\n|-heal|p2a: Forretress|100\/100 brn|[from] item: Leftovers\n|-damage|p1a: Palafin|69\/100 brn|[from] brn\n|-damage|p2a: Forretress|94\/100 brn|[from] brn\n|upkeep\n|turn|12\n|l| Riyadland\n|c| useless sentiments|Mdrr riyad\n|c| gataen42|le jour o\u00f9 t'arrive \u00e0 ma cheville dans ce tier pense \u00e0 me faire les lacets\n|j| Riyadland\n|c| Riyadland|Au nom\n|c|+Tuthur|pourtant gataen m'arrive pas \u00e0 la cheville en vgc\n|c| Riyadland|Toadow mets moi titu vgc semaine pro\n|l| zone 19\n|c| useless sentiments|Mdrrrrrr\n|\n|t:|1682277480\n|switch|p1b: Grimmsnarl|Grimmsnarl, L50, M|77\/100 brn\n|move|p2b: Amoonguss|Protect|p2b: Amoonguss\n|-singleturn|p2b: Amoonguss|Protect\n|move|p1a: Palafin|Wave Crash|p2b: Amoonguss\n|-activate|p2b: Amoonguss|move: Protect\n|move|p2a: Forretress|Iron Defense|p2a: Forretress\n|-boost|p2a: Forretress|def|2\n|\n|-heal|p2a: Forretress|100\/100 brn|[from] item: Leftovers\n|-damage|p1a: Palafin|63\/100 brn|[from] brn\n|-damage|p1b: Grimmsnarl|71\/100 brn|[from] brn\n|-damage|p2a: Forretress|94\/100 brn|[from] brn\n|upkeep\n|turn|13\n|c| gataen42|ouf contre NDShepard ?\n|c| useless sentiments|Tu va autant perf que en ou\n|c| Riyadland|Je vais s\u00fbrement moins flop que g*taen\n|c| useless sentiments|Trop tard pour dire \u00e7a\n|j| zone 19\n|l| Riyadland\n|j| Ewmpt\n|\n|t:|1682277545\n|move|p1a: Palafin|Substitute|p1a: Palafin\n|-start|p1a: Palafin|Substitute\n|-damage|p1a: Palafin|38\/100 brn\n|move|p1b: Grimmsnarl|Spirit Break|p2b: Amoonguss\n|-resisted|p2b: Amoonguss\n|-damage|p2b: Amoonguss|65\/100\n|-unboost|p2b: Amoonguss|spa|1\n|move|p2a: Forretress|Body Press|p1a: Palafin\n|-activate|p1a: Palafin|move: Substitute|[damage]\n|move|p2b: Amoonguss|Pollen Puff|p1b: Grimmsnarl\n|-damage|p1b: Grimmsnarl|63\/100 brn\n|\n|-heal|p2a: Forretress|100\/100 brn|[from] item: Leftovers\n|-damage|p1a: Palafin|33\/100 brn|[from] brn\n|-damage|p1b: Grimmsnarl|57\/100 brn|[from] brn\n|-damage|p2a: Forretress|94\/100 brn|[from] brn\n|upkeep\n|turn|14\n|j| Riyadland\n|c| gataen42|comment \u00e7a il casse pas le clone mdrr\n|j| Nael222\n|\n|t:|1682277582\n|move|p1a: Palafin|Protect|p1a: Palafin\n|-singleturn|p1a: Palafin|Protect\n|move|p1b: Grimmsnarl|Spirit Break|p2b: Amoonguss\n|-resisted|p2b: Amoonguss\n|-damage|p2b: Amoonguss|59\/100\n|-unboost|p2b: Amoonguss|spa|1\n|move|p2a: Forretress|Heavy Slam|p1b: Grimmsnarl\n|-supereffective|p1b: Grimmsnarl\n|-damage|p1b: Grimmsnarl|49\/100 brn\n|move|p2b: Amoonguss|Pollen Puff|p1a: Palafin\n|-activate|p1a: Palafin|move: Protect\n|\n|-heal|p2a: Forretress|100\/100 brn|[from] item: Leftovers\n|-damage|p1a: Palafin|27\/100 brn|[from] brn\n|-damage|p1b: Grimmsnarl|43\/100 brn|[from] brn\n|-damage|p2a: Forretress|94\/100 brn|[from] brn\n|upkeep\n|turn|15\n|c| MarioReLSD|il fait de son mieux laisse le tranquille\n|c| MarioReLSD|Allez foretress\n|\n|t:|1682277604\n|move|p1a: Palafin|Wave Crash|p2b: Amoonguss\n|-resisted|p2b: Amoonguss\n|-damage|p2b: Amoonguss|42\/100\n|-damage|p1a: Palafin|20\/100 brn|[from] Recoil\n|move|p1b: Grimmsnarl|Spirit Break|p2b: Amoonguss\n|-resisted|p2b: Amoonguss\n|-damage|p2b: Amoonguss|36\/100\n|-unboost|p2b: Amoonguss|spa|1\n|move|p2a: Forretress|Body Press|p1a: Palafin\n|-end|p1a: Palafin|Substitute\n|move|p2b: Amoonguss|Pollen Puff|p1a: Palafin\n|-damage|p1a: Palafin|14\/100 brn\n|\n|-heal|p2a: Forretress|100\/100 brn|[from] item: Leftovers\n|-damage|p1a: Palafin|8\/100 brn|[from] brn\n|-damage|p1b: Grimmsnarl|37\/100 brn|[from] brn\n|-damage|p2a: Forretress|94\/100 brn|[from] brn\n|upkeep\n|turn|16\n|c| gataen42|ton build mario faut qu'on parle....\n|l| Riyadland\n|j| Riyadland\n|c| Ewmpt|ALLEZ FORETRESS\n|c| Ewmpt|VASY MON GRAND\n|c| Heika|burn + reflect tho\n|c| tierlist fromages|fan de mirlo\n|c| Heika|\/\/4\n|c| gataen42|je pense bien mais \u00e0 ce point\n|l| zone 19\n|\n|t:|1682277642\n|move|p2b: Amoonguss|Protect|p2b: Amoonguss\n|-singleturn|p2b: Amoonguss|Protect\n|move|p1b: Grimmsnarl|Parting Shot|p2a: Forretress\n|-unboost|p2a: Forretress|atk|1\n|-unboost|p2a: Forretress|spa|1\n|\n|t:|1682277647\n|switch|p1b: Arcanine|Arcanine, L50, M|22\/100|[from] Parting Shot\n|-ability|p1b: Arcanine|Intimidate|boost\n|-unboost|p2a: Forretress|atk|1\n|-unboost|p2b: Amoonguss|atk|1\n|move|p1a: Palafin|Wave Crash|p2b: Amoonguss\n|-activate|p2b: Amoonguss|move: Protect\n|move|p2a: Forretress|Body Press|p1b: Arcanine\n|-damage|p1b: Arcanine|0 fnt\n|faint|p1b: Arcanine\n|\n|-heal|p2a: Forretress|100\/100 brn|[from] item: Leftovers\n|-damage|p1a: Palafin|2\/100 brn|[from] brn\n|-damage|p2a: Forretress|94\/100 brn|[from] brn\n|upkeep\n|\n|t:|1682277654\n|switch|p1b: Flutter Mane|Flutter Mane, L50|21\/100 slp\n|turn|17\n|c| MarioReLSD|tierlist fromages c toi le goat <3\n|c| Heika|goat\n|c| tierlist fromages|uwu\n|c| Heika|he too good\n|\n|t:|1682277673\n|switch|p1a: Grimmsnarl|Grimmsnarl, L50, M|37\/100 brn\n|move|p2b: Amoonguss|Rage Powder|p2b: Amoonguss\n|-singleturn|p2b: Amoonguss|move: Rage Powder\n|-curestatus|p1b: Flutter Mane|slp|[msg]\n|move|p1b: Flutter Mane|Shadow Ball|p2b: Amoonguss\n|-damage|p2b: Amoonguss|0 fnt\n|faint|p2b: Amoonguss\n|move|p2a: Forretress|Heavy Slam|p1b: Flutter Mane\n|-supereffective|p1b: Flutter Mane\n|-damage|p1b: Flutter Mane|5\/100\n|\n|-heal|p2a: Forretress|100\/100 brn|[from] item: Leftovers\n|-damage|p1a: Grimmsnarl|31\/100 brn|[from] brn\n|-damage|p2a: Forretress|94\/100 brn|[from] brn\n|-sideend|p1: Tut Tut le scooter|Reflect\n|upkeep\n|\n|t:|1682277680\n|switch|p2b: Arcanine|Arcanine, L50, F|37\/100\n|-ability|p2b: Arcanine|Intimidate|boost\n|-unboost|p1a: Grimmsnarl|atk|1\n|-unboost|p1b: Flutter Mane|atk|1\n|turn|18\n|c| gataen42|en vrai en y repensant c'est pas con foretresse\n|\n|t:|1682277807\n|move|p1a: Grimmsnarl|Reflect|p1a: Grimmsnarl\n|-sidestart|p1: Tut Tut le scooter|Reflect\n|move|p1b: Flutter Mane|Shadow Ball|p2a: Forretress\n|-damage|p2a: Forretress|32\/100 brn\n|move|p2b: Arcanine|Flare Blitz|p1b: Flutter Mane\n|-damage|p1b: Flutter Mane|0 fnt\n|faint|p1b: Flutter Mane\n|-end|p1b: Flutter Mane|Protosynthesis|[silent]\n|-damage|p2b: Arcanine|36\/100|[from] Recoil\n|move|p2a: Forretress|Heavy Slam|p1a: Grimmsnarl\n|-supereffective|p1a: Grimmsnarl\n|-damage|p1a: Grimmsnarl|25\/100 brn\n|\n|-heal|p2a: Forretress|38\/100 brn|[from] item: Leftovers\n|-damage|p1a: Grimmsnarl|19\/100 brn|[from] brn\n|-damage|p2a: Forretress|32\/100 brn|[from] brn\n|upkeep\n|c| Heika|\u00e7a fait vraiment 0 tho\n|\n|t:|1682277818\n|switch|p1b: Palafin|Palafin-Hero, L50, M|2\/100 brn\n|turn|19\n|\n|t:|1682277826\n|move|p2b: Arcanine|Extreme Speed|p1b: Palafin\n|-damage|p1b: Palafin|0 fnt\n|faint|p1b: Palafin\n|move|p1a: Grimmsnarl|Spirit Break|p2b: Arcanine\n|-resisted|p2b: Arcanine\n|-damage|p2b: Arcanine|30\/100\n|-unboost|p2b: Arcanine|spa|1\n|move|p2a: Forretress|Body Press|p1a: Grimmsnarl\n|-damage|p1a: Grimmsnarl|0 fnt\n|faint|p1a: Grimmsnarl\n|\n|win|tricepso\n|c| gataen42|nn mais il remplie bien son role de chiant\n|l|\u2606Tut Tut le scooter\n|c| MarioReLSD|LE FORETRESS ADAM LOOK AT HIM GOO\n|j|\u2606Tut Tut le scooter\n|player|p1|Tut Tut le scooter|aromalady\n|l| Scoptile\n|l| Riyadland\n|l| jfjdjkdj\n|c| MarioReLSD|LE GOOOOOOAAATTTT\n|l| useless sentiments\n|l| Hurtadoo\n|l| Nineveh\n|l| Nael222\n|l| Alekso\n|l| joaofelixsimp\n|l| cielau origine \u266b\n|j| wertsd26\n|l| tierlist fromages\n|j| Hurtadoo\n|l| Hurtadoo\n|l| Heika\n|l| Elyoss\n|l| wesh papillon\n|j| gei\n|l| gei\n|l|+Brumirage\n|l|+Tuthur\n|l| wertsd26\n|l| crapuchia\n|j| Schizoption\n|l| Schizoption\n|l|tangentphi\n|l| MarioReLSD\n|j| Micciu20250\n|l|\u2606Tut Tut le scooter\n|player|p1|\n|l| Micciu20250\n|l|\u2606tricepso\n|l| gataen42\n|l| Ewmpt\n|j| Tangent\u00b2Phi\u00b3 \u00bf?\n|l| Tangent\u00b2Phi\u00b3 \u00bf?\n|j| Tangent\u00b2Phi\u00b3 \u00bf?\n","uploadtime":1682278286,"views":12,"p1id":"tuttutlescooter","p2id":"tricepso","formatid":"gen9vgc2023regulationc","rating":0,"private":0,"password":""}