{"id":"gen9vgc2023regulationc-1847753011","p1":"TDDwarf","p2":"riadma","format":"[Gen 9] VGC 2023 Regulation C","log":"|j|\u2606TDDwarf\n|j|\u2606riadma\n|t:|1681999036\n|gametype|doubles\n|player|p1|TDDwarf|worker-gen4|1185\n|player|p2|riadma|twins-gen4|1142\n|teamsize|p1|6\n|teamsize|p2|6\n|gen|9\n|tier|[Gen 9] VGC 2023 Regulation C\n|rated|\n|rule|Species Clause: Limit one of each Pok\u00e9mon\n|rule|Item Clause: Limit one of each item\n|clearpoke\n|poke|p1|Kingambit, L50, F|\n|poke|p1|Palafin, L50, M|\n|poke|p1|Goodra, L50, F|\n|poke|p1|Arcanine, L50, F|\n|poke|p1|Flutter Mane, L50|\n|poke|p1|Amoonguss, L50, M|\n|poke|p2|Amoonguss, L50, M|\n|poke|p2|Iron Hands, L50|\n|poke|p2|Dragonite, L50, F|\n|poke|p2|Pelipper, L50, F|\n|poke|p2|Palafin, L50, M|\n|poke|p2|Baxcalibur, L50, M|\n|teampreview|4\n|inactive|Battle timer is ON: inactive players will automatically lose when time's up. (requested by TDDwarf)\nriadma rejected open team sheets.\n|inactive|TDDwarf has 60 seconds left.\n|\n|t:|1681999083\n|start\n|switch|p1a: Goodra|Goodra, L50, F|100\/100\n|switch|p1b: Flutter Mane|Flutter Mane, L50|100\/100\n|switch|p2a: Beaker|Pelipper, L50, F|100\/100\n|switch|p2b: Turqoise|Palafin, L50, M|100\/100\n|-weather|RainDance|[from] ability: Drizzle|[of] p2a: Beaker\n|-enditem|p1b: Flutter Mane|Booster Energy\n|-activate|p1b: Flutter Mane|ability: Protosynthesis|[fromitem]\n|-start|p1b: Flutter Mane|protosynthesisspa\n|turn|1\n|inactive|riadma has 30 seconds left.\n|\n|t:|1681999117\n|-terastallize|p2b: Turqoise|Water\n|move|p1b: Flutter Mane|Protect|p1b: Flutter Mane\n|-singleturn|p1b: Flutter Mane|Protect\n|move|p2b: Turqoise|Jet Punch|p1b: Flutter Mane\n|-activate|p1b: Flutter Mane|move: Protect\n|move|p2a: Beaker|Tailwind|p2a: Beaker\n|-sidestart|p2: riadma|move: Tailwind\n|move|p1a: Goodra|Thunderbolt|p2a: Beaker\n|-supereffective|p2a: Beaker\n|-enditem|p2a: Beaker|Focus Sash\n|-damage|p2a: Beaker|1\/100\n|\n|-weather|RainDance|[upkeep]\n|upkeep\n|turn|2\n|\n|t:|1681999137\n|switch|p2a: Maradona|Iron Hands, L50, shiny|100\/100\n|-terastallize|p1b: Flutter Mane|Grass\n|move|p2b: Turqoise|Protect|p2b: Turqoise\n|-singleturn|p2b: Turqoise|Protect\n|move|p1b: Flutter Mane|Icy Wind|p2b: Turqoise|[spread] p2a\n|-activate|p2b: Turqoise|move: Protect\n|-crit|p2a: Maradona\n|-damage|p2a: Maradona|81\/100\n|-unboost|p2a: Maradona|spe|1\n|move|p1a: Goodra|Thunderbolt|p2b: Turqoise\n|-activate|p2b: Turqoise|move: Protect\n|\n|-weather|RainDance|[upkeep]\n|upkeep\n|turn|3\n|\n|t:|1681999159\n|detailschange|p2b: Turqoise|Palafin-Hero, L50, M, tera:Water\n|switch|p2b: BlockBuster|Baxcalibur, L50, M|100\/100\n|move|p1b: Flutter Mane|Protect|p1b: Flutter Mane\n|-singleturn|p1b: Flutter Mane|Protect\n|move|p1a: Goodra|Protect|p1a: Goodra\n|-singleturn|p1a: Goodra|Protect\n|move|p2a: Maradona|Fake Out|p1b: Flutter Mane\n|-activate|p1b: Flutter Mane|move: Protect\n|\n|-weather|RainDance|[upkeep]\n|upkeep\n|turn|4\n|\n|t:|1681999181\n|switch|p1a: Arcanine|Arcanine, L50, F|100\/100\n|-ability|p1a: Arcanine|Intimidate|boost\n|-unboost|p2a: Maradona|atk|1\n|-unboost|p2b: BlockBuster|atk|1\n|move|p2b: BlockBuster|Ice Shard|p1b: Flutter Mane\n|-supereffective|p1b: Flutter Mane\n|-damage|p1b: Flutter Mane|35\/100\n|move|p1b: Flutter Mane|Moonblast|p2b: BlockBuster\n|-supereffective|p2b: BlockBuster\n|-damage|p2b: BlockBuster|0 fnt\n|faint|p2b: BlockBuster\n|move|p2a: Maradona|Close Combat|p1a: Arcanine\n|-damage|p1a: Arcanine|54\/100\n|-unboost|p2a: Maradona|def|1\n|-unboost|p2a: Maradona|spd|1\n|\n|-weather|RainDance|[upkeep]\n|-sideend|p2: riadma|move: Tailwind\n|upkeep\n|\n|t:|1681999198\n|switch|p2b: Turqoise|Palafin-Hero, L50, M, tera:Water|100\/100\n|-activate|p2b: Turqoise|ability: Zero to Hero\n|turn|5\n|\n|t:|1681999225\n|-end|p2a: Maradona|Quark Drive|[silent]\n|switch|p2a: Beaker|Pelipper, L50, F|1\/100\n|move|p1b: Flutter Mane|Protect|p1b: Flutter Mane\n|-singleturn|p1b: Flutter Mane|Protect\n|move|p2b: Turqoise|Wave Crash|p1a: Arcanine\n|-supereffective|p1a: Arcanine\n|-damage|p1a: Arcanine|0 fnt\n|faint|p1a: Arcanine\n|-damage|p2b: Turqoise|83\/100|[from] Recoil\n|\n|-weather|none\n|upkeep\n|\n|t:|1681999231\n|switch|p1a: Kingambit|Kingambit, L50, F|100\/100\n|turn|6\n|\n|t:|1681999251\n|move|p2b: Turqoise|Jet Punch|p1b: Flutter Mane\n|-resisted|p1b: Flutter Mane\n|-damage|p1b: Flutter Mane|0 fnt\n|faint|p1b: Flutter Mane\n|-end|p1b: Flutter Mane|Protosynthesis|[silent]\n|move|p2a: Beaker|Tailwind|p2a: Beaker\n|-sidestart|p2: riadma|move: Tailwind\n|move|p1a: Kingambit|Assurance|p2b: Turqoise\n|-damage|p2b: Turqoise|50\/100\n|\n|upkeep\n|\n|t:|1681999255\n|switch|p1b: Goodra|Goodra, L50, F|100\/100\n|turn|7\n|inactive|TDDwarf has 30 seconds left.\n|\n|t:|1681999280\n|switch|p2a: Maradona|Iron Hands, L50, shiny|81\/100\n|move|p2b: Turqoise|Protect|p2b: Turqoise\n|-singleturn|p2b: Turqoise|Protect\n|move|p1b: Goodra|Thunderbolt|p2b: Turqoise\n|-activate|p2b: Turqoise|move: Protect\n|move|p1a: Kingambit|Assurance|p2a: Maradona\n|-resisted|p2a: Maradona\n|-damage|p2a: Maradona|71\/100\n|\n|upkeep\n|turn|8\n|\n|t:|1681999302\n|-end|p2a: Maradona|Quark Drive|[silent]\n|switch|p2a: Beaker|Pelipper, L50, F|1\/100\n|-weather|RainDance|[from] ability: Drizzle|[of] p2a: Beaker\n|move|p2b: Turqoise|Wave Crash|p1a: Kingambit\n|-damage|p1a: Kingambit|0 fnt\n|faint|p1a: Kingambit\n|-damage|p2b: Turqoise|16\/100|[from] Recoil\n|move|p1b: Goodra|Thunderbolt|p2b: Turqoise\n|-supereffective|p2b: Turqoise\n|-damage|p2b: Turqoise|0 fnt\n|faint|p2b: Turqoise\n|\n|-weather|RainDance|[upkeep]\n|upkeep\n|\n|t:|1681999314\n|switch|p2b: Maradona|Iron Hands, L50, shiny|71\/100\n|turn|9\n|\n|t:|1681999332\n|move|p1b: Goodra|Protect|p1b: Goodra\n|-singleturn|p1b: Goodra|Protect\n|move|p2b: Maradona|Fake Out|p1b: Goodra\n|-activate|p1b: Goodra|move: Protect\n|move|p2a: Beaker|Hurricane|p1b: Goodra\n|-activate|p1b: Goodra|move: Protect\n|\n|-weather|RainDance|[upkeep]\n|-sideend|p2: riadma|move: Tailwind\n|upkeep\n|turn|10\n|\n|t:|1681999355\n|move|p2a: Beaker|Protect|p2a: Beaker\n|-singleturn|p2a: Beaker|Protect\n|move|p1b: Goodra|Sludge Bomb|p2a: Beaker\n|-activate|p2a: Beaker|move: Protect\n|move|p2b: Maradona|Close Combat|p1b: Goodra\n|-damage|p1b: Goodra|14\/100\n|-unboost|p2b: Maradona|def|1\n|-unboost|p2b: Maradona|spd|1\n|\n|-weather|RainDance|[upkeep]\n|-heal|p1b: Goodra|20\/100|[from] item: Leftovers\n|upkeep\n|turn|11\n|\n|t:|1681999369\n|move|p2a: Beaker|Hurricane|p1b: Goodra\n|-damage|p1b: Goodra|0 fnt\n|faint|p1b: Goodra\n|\n|win|riadma\n|raw|TDDwarf's rating: 1185 → 1157<\/strong> (-28 for losing)\n|raw|riadma's rating: 1142 → 1170<\/strong> (+28 for winning)\n|c|\u2606TDDwarf|bullshit\n|l|\u2606TDDwarf\n","uploadtime":1681999378,"views":7,"p1id":"tddwarf","p2id":"riadma","formatid":"gen9vgc2023regulationc","rating":1157,"private":0,"password":""}