{"id":"gen9vgc2023regulationc-1854456160","p1":"garfieldslaya","p2":"IsaacGR2006","format":"[Gen 9] VGC 2023 Regulation C","log":"|j|\u2606garfieldslaya\n|j|\u2606IsaacGR2006\n|t:|1682813198\n|gametype|doubles\n|player|p1|garfieldslaya|jasmine|1328\n|player|p2|IsaacGR2006|ghetsis|1358\n|teamsize|p1|6\n|teamsize|p2|6\n|gen|9\n|tier|[Gen 9] VGC 2023 Regulation C\n|rated|\n|rule|Species Clause: Limit one of each Pok\u00e9mon\n|rule|Item Clause: Limit one of each item\n|clearpoke\n|poke|p1|Iron Hands, L50|\n|poke|p1|Ting-Lu, L50|\n|poke|p1|Flutter Mane, L50|\n|poke|p1|Amoonguss, L50, M|\n|poke|p1|Arcanine, L50, F|\n|poke|p1|Corviknight, L50, M|\n|poke|p2|Azumarill, L50, F|\n|poke|p2|Dragapult, L50, M|\n|poke|p2|Chien-Pao, L50|\n|poke|p2|Volcarona, L50, F|\n|poke|p2|Flutter Mane, L50|\n|poke|p2|Amoonguss, L50, F|\n|teampreview|4\ngarfieldslaya has agreed to open team sheets.\nIsaacGR2006 has agreed to open team sheets.\n|\n|t:|1682813295\n|start\n|switch|p1a: Corviknight|Corviknight, L50, M|100\/100\n|switch|p1b: Arcanine|Arcanine, L50, F|100\/100\n|switch|p2a: Dragapult|Dragapult, L50, M|100\/100\n|switch|p2b: Chien-Pao|Chien-Pao, L50|100\/100\n|-ability|p2b: Chien-Pao|Sword of Ruin\n|-ability|p1b: Arcanine|Intimidate|boost\n|-fail|p2a: Dragapult|unboost|[from] ability: Clear Body|[of] p2a: Dragapult\n|-unboost|p2b: Chien-Pao|atk|1\n|turn|1\n|\n|t:|1682813332\n|move|p2a: Dragapult|Phantom Force||[still]\n|-prepare|p2a: Dragapult|Phantom Force\n|move|p2b: Chien-Pao|Sacred Sword|p1b: Arcanine\n|-damage|p1b: Arcanine|75\/100\n|move|p1b: Arcanine|Flare Blitz|p2a: Dragapult|[miss]\n|-miss|p1b: Arcanine|p2a: Dragapult\n|move|p1a: Corviknight|Brave Bird|p2a: Dragapult|[miss]\n|-miss|p1a: Corviknight|p2a: Dragapult\n|\n|upkeep\n|turn|2\n|\n|t:|1682813354\n|switch|p2b: Volcarona|Volcarona, L50, F, shiny|100\/100\n|switch|p1b: Amoonguss|Amoonguss, L50, M|100\/100\n|move|p2a: Dragapult|Phantom Force|p1b: Amoonguss|[from]lockedmove\n|-damage|p1b: Amoonguss|56\/100\n|-damage|p2a: Dragapult|84\/100|[from] item: Rocky Helmet|[of] p1b: Amoonguss\n|-damage|p2a: Dragapult|74\/100|[from] item: Life Orb\n|move|p1a: Corviknight|Brave Bird|p2a: Dragapult\n|-damage|p2a: Dragapult|0 fnt\n|faint|p2a: Dragapult\n|-damage|p1a: Corviknight|79\/100|[from] Recoil\n|\n|upkeep\n|\n|t:|1682813361\n|switch|p2a: Chien-Pao|Chien-Pao, L50|100\/100\n|-ability|p2a: Chien-Pao|Sword of Ruin\n|turn|3\n|\n|t:|1682813380\n|switch|p1b: Arcanine|Arcanine, L50, F|75\/100\n|-ability|p1b: Arcanine|Intimidate|boost\n|-unboost|p2a: Chien-Pao|atk|1\n|-unboost|p2b: Volcarona|atk|1\n|-terastallize|p1a: Corviknight|Fire\n|move|p2a: Chien-Pao|Ice Spinner|p1a: Corviknight\n|-resisted|p1a: Corviknight\n|-damage|p1a: Corviknight|63\/100\n|move|p2b: Volcarona|Heat Wave|p1b: Arcanine|[spread] p1a,p1b\n|-resisted|p1a: Corviknight\n|-resisted|p1b: Arcanine\n|-damage|p1a: Corviknight|45\/100\n|-damage|p1b: Arcanine|56\/100\n|move|p1a: Corviknight|Brave Bird|p2b: Volcarona\n|-supereffective|p2b: Volcarona\n|-damage|p2b: Volcarona|0 fnt\n|faint|p2b: Volcarona\n|-damage|p1a: Corviknight|13\/100|[from] Recoil\n|\n|upkeep\n|\n|t:|1682813396\n|switch|p2b: Azumarill|Azumarill, L50, F|100\/100\n|turn|4\n|\n|t:|1682813410\n|switch|p1b: Amoonguss|Amoonguss, L50, M|89\/100\n|switch|p1a: Iron Hands|Iron Hands, L50|100\/100\n|-terastallize|p2b: Azumarill|Fire\n|move|p2a: Chien-Pao|Ice Spinner|p1a: Iron Hands\n|-damage|p1a: Iron Hands|78\/100\n|move|p2b: Azumarill|Liquidation|p1b: Amoonguss\n|-resisted|p1b: Amoonguss\n|-damage|p1b: Amoonguss|63\/100\n|-damage|p2b: Azumarill|84\/100|[from] item: Rocky Helmet|[of] p1b: Amoonguss\n|\n|upkeep\n|turn|5\n|\n|t:|1682813463\n|switch|p1b: Arcanine|Arcanine, L50, F|56\/100\n|-ability|p1b: Arcanine|Intimidate|boost\n|-unboost|p2a: Chien-Pao|atk|1\n|-unboost|p2b: Azumarill|atk|1\n|move|p2a: Chien-Pao|Ice Spinner|p1b: Arcanine\n|-resisted|p1b: Arcanine\n|-damage|p1b: Arcanine|43\/100\n|-enditem|p1b: Arcanine|Sitrus Berry|[eat]\n|-heal|p1b: Arcanine|68\/100|[from] item: Sitrus Berry\n|move|p2b: Azumarill|Play Rough|p1a: Iron Hands\n|-supereffective|p1a: Iron Hands\n|-damage|p1a: Iron Hands|17\/100\n|move|p1a: Iron Hands|Drain Punch|p2b: Azumarill\n|-damage|p2b: Azumarill|20\/100\n|-heal|p1a: Iron Hands|42\/100|[from] drain|[of] p2b: Azumarill\n|\n|upkeep\n|turn|6\n|-message|IsaacGR2006 forfeited.\n|\n|win|garfieldslaya\n|raw|garfieldslaya's rating: 1328 → 1350<\/strong> (+22 for winning)\n|raw|IsaacGR2006's rating: 1358 → 1336<\/strong> (-22 for losing)\n|l|\u2606IsaacGR2006\n","uploadtime":1682813486,"views":16,"p1id":"garfieldslaya","p2id":"isaacgr2006","formatid":"gen9vgc2023regulationc","rating":1336,"private":0,"password":""}