{"id":"gen9vgc2023regulationc-1852854675","p1":"FunneeMonkee","p2":"esotilin123456","format":"[Gen 9] VGC 2023 Regulation C","log":"|j|\u2606FunneeMonkee\n|j|\u2606esotilin123456\n|t:|1682611892\n|gametype|doubles\n|player|p1|FunneeMonkee|lisia|\n|player|p2|esotilin123456|harlequin|\n|teamsize|p1|6\n|teamsize|p2|6\n|gen|9\n|tier|[Gen 9] VGC 2023 Regulation C\n|rated|Tournament battle\n|rule|Species Clause: Limit one of each Pok\u00e9mon\n|rule|Item Clause: Limit one of each item\n|clearpoke\n|poke|p1|Maushold, L50|\n|poke|p1|Annihilape, L50, M|\n|poke|p1|Glimmora, L50, M|\n|poke|p1|Flutter Mane, L50|\n|poke|p1|Wo-Chien, L50|\n|poke|p1|Iron Bundle, L50|\n|poke|p2|Arcanine, L50, M|\n|poke|p2|Gastrodon, L50, F|\n|poke|p2|Rotom-Mow, L50|\n|poke|p2|Tyranitar, L50, M|\n|poke|p2|Corviknight, L50, F|\n|poke|p2|Salamence, L50, M|\n|teampreview|4\n|j| yotamVGC\nFunneeMonkee has agreed to open team sheets.\nesotilin123456 has agreed to open team sheets.\n|j| Radio Free C-Side\n|c|\u2606esotilin123456|glhf\n|j| Eldegoss32\n|c|\u2606FunneeMonkee|u2\n|c| yotamVGC|live wo chien reaction\n|c|\u2606FunneeMonkee|slug reaction\n|c| Radio Free C-Side|undead wo chien reaction\n|j| GlueEaterVGC\n|c| yotamVGC|can we get a live wo chien reaction in chat\n|c|\u2606FunneeMonkee|too bad we can't\n|c| yotamVGC|rip\n|\n|t:|1682611978\n|start\n|switch|p1a: Maushold|Maushold, L50, shiny|100\/100\n|switch|p1b: Annihilape|Annihilape, L50, M, shiny|100\/100\n|switch|p2a: IRON BIRD|Corviknight, L50, F|100\/100\n|switch|p2b: IRON MUGULIS|Rotom-Mow, L50|100\/100\n|turn|1\n|\n|t:|1682612009\n|-terastallize|p1b: Annihilape|Fire\n|move|p1a: Maushold|Beat Up|p1b: Annihilape\n|-damage|p1b: Annihilape|98\/100\n|-damage|p1b: Annihilape|96\/100\n|-damage|p1b: Annihilape|94\/100\n|-damage|p1b: Annihilape|92\/100\n|-hitcount|p1b: Annihilape|4\n|move|p1b: Annihilape|Rage Fist|p2b: IRON MUGULIS\n|-damage|p2b: IRON MUGULIS|0 fnt\n|faint|p2b: IRON MUGULIS\n|move|p2a: IRON BIRD|Brave Bird|p1b: Annihilape\n|-damage|p1b: Annihilape|49\/100\n|-enditem|p1b: Annihilape|Sitrus Berry|[eat]\n|-heal|p1b: Annihilape|74\/100|[from] item: Sitrus Berry\n|-damage|p2a: IRON BIRD|86\/100|[from] Recoil\n|\n|upkeep\n|\n|t:|1682612017\n|switch|p2b: Great Tyrant|Tyranitar, L50, M, shiny|100\/100\n|-weather|Sandstorm|[from] ability: Sand Stream|[of] p2b: Great Tyrant\n|turn|2\n|j| AmphaPlays\n|\n|t:|1682612039\n|switch|p1b: Wo-Chien|Wo-Chien, L50|100\/100\n|-ability|p1b: Wo-Chien|Tablets of Ruin\n|-terastallize|p2b: Great Tyrant|Rock\n|move|p1a: Maushold|Super Fang|p2b: Great Tyrant\n|-damage|p2b: Great Tyrant|50\/100\n|move|p2a: IRON BIRD|Brave Bird|p1b: Wo-Chien\n|-supereffective|p1b: Wo-Chien\n|-damage|p1b: Wo-Chien|56\/100\n|-damage|p2a: IRON BIRD|71\/100|[from] Recoil\n|move|p2b: Great Tyrant|Rock Slide|p1a: Maushold|[spread] p1a,p1b\n|-damage|p1a: Maushold|61\/100\n|-damage|p1b: Wo-Chien|35\/100\n|\n|-weather|Sandstorm|[upkeep]\n|-damage|p1b: Wo-Chien|29\/100|[from] Sandstorm\n|-heal|p1b: Wo-Chien|35\/100|[from] item: Leftovers\n|upkeep\n|turn|3\n|\n|t:|1682612062\n|move|p1a: Maushold|Follow Me|p1a: Maushold\n|-singleturn|p1a: Maushold|move: Follow Me\n|move|p1b: Wo-Chien|Leech Seed|p2b: Great Tyrant\n|-start|p2b: Great Tyrant|move: Leech Seed\n|move|p2a: IRON BIRD|Bulk Up|p2a: IRON BIRD\n|-boost|p2a: IRON BIRD|atk|1\n|-boost|p2a: IRON BIRD|def|1\n|move|p2b: Great Tyrant|Rock Slide|p1a: Maushold|[spread] p1a,p1b\n|-damage|p1a: Maushold|25\/100\n|-damage|p1b: Wo-Chien|13\/100\n|\n|-weather|Sandstorm|[upkeep]\n|-damage|p1b: Wo-Chien|7\/100|[from] Sandstorm\n|-heal|p1b: Wo-Chien|13\/100|[from] item: Leftovers\n|-damage|p2b: Great Tyrant|38\/100|[from] Leech Seed|[of] p1b: Wo-Chien\n|-heal|p1b: Wo-Chien|25\/100|[silent]\n|upkeep\n|turn|4\n|\n|t:|1682612082\n|move|p1b: Wo-Chien|Protect|p1b: Wo-Chien\n|-singleturn|p1b: Wo-Chien|Protect\n|move|p1a: Maushold|Super Fang|p2b: Great Tyrant\n|-damage|p2b: Great Tyrant|19\/100\n|move|p2a: IRON BIRD|Bulk Up|p2a: IRON BIRD\n|-boost|p2a: IRON BIRD|atk|1\n|-boost|p2a: IRON BIRD|def|1\n|move|p2b: Great Tyrant|Rock Slide|p1a: Maushold|[spread] p1a\n|-activate|p1b: Wo-Chien|move: Protect\n|-damage|p1a: Maushold|0 fnt\n|faint|p1a: Maushold\n|\n|-weather|Sandstorm|[upkeep]\n|-damage|p1b: Wo-Chien|19\/100|[from] Sandstorm\n|-heal|p1b: Wo-Chien|25\/100|[from] item: Leftovers\n|-damage|p2b: Great Tyrant|7\/100|[from] Leech Seed|[of] p1b: Wo-Chien\n|-heal|p1b: Wo-Chien|38\/100|[silent]\n|upkeep\n|\n|t:|1682612110\n|switch|p1a: Annihilape|Annihilape, L50, M, shiny, tera:Fire|74\/100\n|turn|5\n|inactive|Battle timer is ON: inactive players will automatically lose when time's up. (requested by esotilin123456)\n|\n|t:|1682612170\n|move|p1a: Annihilape|Rage Fist|p2a: IRON BIRD\n|-damage|p2a: IRON BIRD|23\/100\n|-enditem|p2a: IRON BIRD|Aguav Berry|[eat]\n|-heal|p2a: IRON BIRD|56\/100|[from] item: Aguav Berry\n|move|p1b: Wo-Chien|Pollen Puff|p2b: Great Tyrant\n|-crit|p2b: Great Tyrant\n|-damage|p2b: Great Tyrant|0 fnt\n|faint|p2b: Great Tyrant\n|move|p2a: IRON BIRD|Brave Bird|p1a: Annihilape\n|-damage|p1a: Annihilape|0 fnt\n|faint|p1a: Annihilape\n|-damage|p2a: IRON BIRD|32\/100|[from] Recoil\n|\n|-weather|Sandstorm|[upkeep]\n|-damage|p1b: Wo-Chien|32\/100|[from] Sandstorm\n|-heal|p1b: Wo-Chien|38\/100|[from] item: Leftovers\n|upkeep\n|\n|t:|1682612184\n|switch|p1a: Iron Bundle|Iron Bundle, L50, shiny|100\/100\n|switch|p2b: GROHAHSHSHSH|Gastrodon, L50, F|100\/100\n|-enditem|p1a: Iron Bundle|Booster Energy\n|-activate|p1a: Iron Bundle|ability: Quark Drive|[fromitem]\n|-start|p1a: Iron Bundle|quarkdrivespe\n|turn|6\n|\n|t:|1682612197\n|move|p1a: Iron Bundle|Freeze-Dry|p2a: IRON BIRD\n|-damage|p2a: IRON BIRD|0 fnt\n|faint|p2a: IRON BIRD\n|move|p1b: Wo-Chien|Leech Seed|p2b: GROHAHSHSHSH\n|-start|p2b: GROHAHSHSHSH|move: Leech Seed\n|move|p2b: GROHAHSHSHSH|Yawn|p1a: Iron Bundle\n|-start|p1a: Iron Bundle|move: Yawn|[of] p2b: GROHAHSHSHSH\n|\n|-weather|none\n|-heal|p1b: Wo-Chien|44\/100|[from] item: Leftovers\n|-damage|p2b: GROHAHSHSHSH|88\/100|[from] Leech Seed|[of] p1b: Wo-Chien\n|-heal|p1b: Wo-Chien|57\/100|[silent]\n|upkeep\n|turn|7\n|\n|t:|1682612212\n|move|p2b: GROHAHSHSHSH|Protect|p2b: GROHAHSHSHSH\n|-singleturn|p2b: GROHAHSHSHSH|Protect\n|move|p1a: Iron Bundle|Freeze-Dry|p2b: GROHAHSHSHSH\n|-activate|p2b: GROHAHSHSHSH|move: Protect\n|move|p1b: Wo-Chien|Ruination|p2b: GROHAHSHSHSH\n|-activate|p2b: GROHAHSHSHSH|move: Protect\n|\n|-heal|p1b: Wo-Chien|63\/100|[from] item: Leftovers\n|-heal|p2b: GROHAHSHSHSH|94\/100|[from] item: Leftovers\n|-damage|p2b: GROHAHSHSHSH|82\/100|[from] Leech Seed|[of] p1b: Wo-Chien\n|-heal|p1b: Wo-Chien|75\/100|[silent]\n|-end|p1a: Iron Bundle|move: Yawn|[silent]\n|-status|p1a: Iron Bundle|slp\n|upkeep\n|turn|8\n|\n|t:|1682612220\n|cant|p1a: Iron Bundle|slp\n|move|p1b: Wo-Chien|Ruination|p2b: GROHAHSHSHSH\n|-damage|p2b: GROHAHSHSHSH|41\/100\n|move|p2b: GROHAHSHSHSH|Earth Power|p1a: Iron Bundle\n|-damage|p1a: Iron Bundle|26\/100 slp\n|\n|-heal|p1b: Wo-Chien|82\/100|[from] item: Leftovers\n|-heal|p2b: GROHAHSHSHSH|47\/100|[from] item: Leftovers\n|-damage|p2b: GROHAHSHSHSH|35\/100|[from] Leech Seed|[of] p1b: Wo-Chien\n|-heal|p1b: Wo-Chien|94\/100|[silent]\n|upkeep\n|turn|9\n|c|\u2606esotilin123456|gg\n|\n|t:|1682612233\n|cant|p1a: Iron Bundle|slp\n|move|p1b: Wo-Chien|Ruination|p2b: GROHAHSHSHSH\n|-damage|p2b: GROHAHSHSHSH|18\/100\n|move|p2b: GROHAHSHSHSH|Earth Power|p1a: Iron Bundle\n|-damage|p1a: Iron Bundle|0 fnt\n|faint|p1a: Iron Bundle\n|-end|p1a: Iron Bundle|Quark Drive|[silent]\n|\n|-heal|p1b: Wo-Chien|100\/100|[from] item: Leftovers\n|-heal|p2b: GROHAHSHSHSH|24\/100|[from] item: Leftovers\n|-damage|p2b: GROHAHSHSHSH|11\/100|[from] Leech Seed|[of] p1b: Wo-Chien\n|upkeep\n|turn|10\n|c|\u2606FunneeMonkee|gg\n|\n|t:|1682612248\n|move|p1b: Wo-Chien|Pollen Puff|p2b: GROHAHSHSHSH\n|-damage|p2b: GROHAHSHSHSH|0 fnt\n|faint|p2b: GROHAHSHSHSH\n|\n|win|FunneeMonkee\n|n|\u2606FunneeMonkee|funneemonkee\n|n|\u2606esotilin123456|esotilin123456\n|n| yotamVGC|yotamvgc\n|n| Radio Free C-Side|radiofreecside\n|n| Eldegoss32|eldegoss32\n|n| GlueEaterVGC|glueeatervgc\n|n| AmphaPlays|amphaplays\n","uploadtime":1682612249,"views":4,"p1id":"funneemonkee","p2id":"esotilin123456","formatid":"gen9vgc2023regulationc","rating":0,"private":0,"password":""}