{"id":"gen9vgc2023regulationc-1858056718","p1":"dimlaggis","p2":"carlospe1205","format":"[Gen 9] VGC 2023 Regulation C","log":"|j|\u2606dimlaggis\n|j|\u2606carlospe1205\n|t:|1683268108\n|gametype|doubles\n|player|p1|dimlaggis|brock|1151\n|player|p2|carlospe1205|bugsy|1038\n|teamsize|p1|6\n|teamsize|p2|6\n|gen|9\n|tier|[Gen 9] VGC 2023 Regulation C\n|rated|\n|rule|Species Clause: Limit one of each Pok\u00e9mon\n|rule|Item Clause: Limit one of each item\n|clearpoke\n|poke|p1|Wo-Chien, L50|\n|poke|p1|Glimmora, L50, M|\n|poke|p1|Gyarados, L50, M|\n|poke|p1|Arcanine, L50, F|\n|poke|p1|Palafin, L50, M|\n|poke|p1|Ting-Lu, L50|\n|poke|p2|Baxcalibur, L50, M|\n|poke|p2|Talonflame, L50, M|\n|poke|p2|Amoonguss, L50, F|\n|poke|p2|Grimmsnarl, L50, M|\n|poke|p2|Flutter Mane, L50|\n|poke|p2|Chi-Yu, L50|\n|teampreview|4\n|\n|t:|1683268128\n|start\n|switch|p1a: Wo-Chien|Wo-Chien, L50|100\/100\n|switch|p1b: Palafin|Palafin, L50, M|100\/100\n|switch|p2a: Krompus|Grimmsnarl, L50, M|100\/100\n|switch|p2b: Lourdes|Talonflame, L50, M|100\/100\n|-ability|p1a: Wo-Chien|Tablets of Ruin\n|turn|1\n|\n|t:|1683268144\n|-terastallize|p1a: Wo-Chien|Water\n|move|p2a: Krompus|Fake Out|p1b: Palafin\n|-damage|p1b: Palafin|89\/100\n|cant|p1b: Palafin|flinch\n|move|p2b: Lourdes|Taunt|p1a: Wo-Chien\n|-start|p1a: Wo-Chien|move: Taunt\n|cant|p1a: Wo-Chien|move: Taunt|Leech Seed\n|\n|upkeep\n|turn|2\n|\n|t:|1683268163\n|switch|p2a: AMOGUS|Amoonguss, L50, F|100\/100\n|detailschange|p1b: Palafin|Palafin-Hero, L50, M\n|switch|p1b: Arcanine|Arcanine, L50, F|100\/100\n|-ability|p1b: Arcanine|Intimidate|boost\n|-unboost|p2a: AMOGUS|atk|1\n|-unboost|p2b: Lourdes|atk|1\n|switch|p1a: Ting-Lu|Ting-Lu, L50|100\/100\n|-ability|p1a: Ting-Lu|Vessel of Ruin\n|move|p2b: Lourdes|Will-O-Wisp|p1b: Arcanine\n|-immune|p1b: Arcanine\n|\n|upkeep\n|turn|3\n|\n|t:|1683268180\n|move|p2b: Lourdes|Tailwind|p2b: Lourdes\n|-sidestart|p2: carlospe1205|move: Tailwind\n|move|p1b: Arcanine|Flare Blitz|p2a: AMOGUS\n|-supereffective|p2a: AMOGUS\n|-damage|p2a: AMOGUS|7\/100\n|-damage|p1b: Arcanine|84\/100|[from] item: Rocky Helmet|[of] p2a: AMOGUS\n|-damage|p1b: Arcanine|49\/100|[from] Recoil\n|-damage|p1b: Arcanine|39\/100|[from] item: Life Orb\n|move|p2a: AMOGUS|Spore|p1a: Ting-Lu\n|-status|p1a: Ting-Lu|slp|[from] move: Spore\n|cant|p1a: Ting-Lu|slp\n|\n|upkeep\n|turn|4\n|\n|t:|1683268197\n|switch|p2a: Krompus|Grimmsnarl, L50, M|100\/100\n|switch|p1a: Palafin|Palafin-Hero, L50, M|89\/100\n|-activate|p1a: Palafin|ability: Zero to Hero\n|move|p1b: Arcanine|Extreme Speed|p2a: Krompus\n|-damage|p2a: Krompus|57\/100\n|-damage|p1b: Arcanine|30\/100|[from] item: Life Orb\n|move|p2b: Lourdes|Brave Bird|p1b: Arcanine\n|-damage|p1b: Arcanine|0 fnt\n|faint|p1b: Arcanine\n|-damage|p2b: Lourdes|88\/100|[from] Recoil\n|\n|upkeep\n|\n|t:|1683268212\n|switch|p1b: Wo-Chien|Wo-Chien, L50, tera:Water|100\/100\n|-ability|p1b: Wo-Chien|Tablets of Ruin\n|turn|5\n|\n|t:|1683268221\n|move|p1a: Palafin|Protect|p1a: Palafin\n|-singleturn|p1a: Palafin|Protect\n|move|p2a: Krompus|Reflect|p2a: Krompus\n|-sidestart|p2: carlospe1205|Reflect\n|move|p2b: Lourdes|Taunt|p1b: Wo-Chien\n|-start|p1b: Wo-Chien|move: Taunt\n|cant|p1b: Wo-Chien|move: Taunt|Leech Seed\n|\n|upkeep\n|turn|6\n|\n|t:|1683268237\n|switch|p2a: AMOGUS|Amoonguss, L50, F|40\/100\n|move|p1a: Palafin|Jet Punch|p2b: Lourdes\n|-supereffective|p2b: Lourdes\n|-damage|p2b: Lourdes|20\/100\n|move|p2b: Lourdes|Will-O-Wisp|p1a: Palafin\n|-status|p1a: Palafin|brn\n|move|p1b: Wo-Chien|Ruination|p2a: AMOGUS\n|-damage|p2a: AMOGUS|20\/100\n|\n|-damage|p1a: Palafin|83\/100 brn|[from] brn\n|-sideend|p2: carlospe1205|move: Tailwind\n|upkeep\n|turn|7\n|\n|t:|1683268269\n|switch|p2a: Krompus|Grimmsnarl, L50, M|57\/100\n|move|p1a: Palafin|Jet Punch|p2a: Krompus\n|-damage|p2a: Krompus|40\/100\n|move|p2b: Lourdes|Tailwind|p2b: Lourdes\n|-sidestart|p2: carlospe1205|move: Tailwind\n|move|p1b: Wo-Chien|Pollen Puff|p1a: Palafin\n|-heal|p1a: Palafin|100\/100 brn\n|\n|-damage|p1a: Palafin|95\/100 brn|[from] brn\n|-end|p1b: Wo-Chien|move: Taunt\n|upkeep\n|turn|8\n|\n|t:|1683268287\n|move|p2a: Krompus|Fake Out|p1a: Palafin\n|-damage|p1a: Palafin|85\/100 brn\n|cant|p1a: Palafin|flinch\n|move|p2b: Lourdes|Taunt|p1b: Wo-Chien\n|-start|p1b: Wo-Chien|move: Taunt\n|cant|p1b: Wo-Chien|move: Taunt|Leech Seed\n|\n|-damage|p1a: Palafin|79\/100 brn|[from] brn\n|upkeep\n|turn|9\n|\n|t:|1683268305\n|switch|p2b: Miko|Flutter Mane, L50|100\/100\n|-enditem|p2b: Miko|Booster Energy\n|-activate|p2b: Miko|ability: Protosynthesis|[fromitem]\n|-start|p2b: Miko|protosynthesisspa\n|move|p1a: Palafin|Jet Punch|p2b: Miko\n|-damage|p2b: Miko|75\/100\n|move|p2a: Krompus|Spirit Break|p1a: Palafin\n|-damage|p1a: Palafin|56\/100 brn\n|-unboost|p1a: Palafin|spa|1\n|move|p1b: Wo-Chien|Ruination|p2a: Krompus\n|-damage|p2a: Krompus|20\/100\n|\n|-damage|p1a: Palafin|50\/100 brn|[from] brn\n|upkeep\n|turn|10\n|\n|t:|1683268339\n|switch|p2a: AMOGUS|Amoonguss, L50, F|54\/100\n|move|p1a: Palafin|Jet Punch|p2a: AMOGUS\n|-resisted|p2a: AMOGUS\n|-damage|p2a: AMOGUS|50\/100\n|-damage|p1a: Palafin|33\/100 brn|[from] item: Rocky Helmet|[of] p2a: AMOGUS\n|move|p2b: Miko|Moonblast|p1b: Wo-Chien\n|-damage|p1b: Wo-Chien|52\/100\n|move|p1b: Wo-Chien|Pollen Puff|p1a: Palafin\n|-heal|p1a: Palafin|83\/100 brn\n|\n|-heal|p1b: Wo-Chien|58\/100|[from] item: Leftovers\n|-damage|p1a: Palafin|77\/100 brn|[from] brn\n|-end|p1b: Wo-Chien|move: Taunt\n|-sideend|p2: carlospe1205|move: Tailwind\n|upkeep\n|turn|11\n|\n|t:|1683268365\n|move|p2b: Miko|Protect|p2b: Miko\n|-singleturn|p2b: Miko|Protect\n|move|p1a: Palafin|Jet Punch|p2b: Miko\n|-activate|p2b: Miko|move: Protect\n|move|p1b: Wo-Chien|Leech Seed|p2b: Miko\n|-activate|p2b: Miko|move: Protect\n|move|p2a: AMOGUS|Spore|p1b: Wo-Chien\n|-status|p1b: Wo-Chien|slp|[from] move: Spore\n|\n|-heal|p1b: Wo-Chien|65\/100 slp|[from] item: Leftovers\n|-damage|p1a: Palafin|72\/100 brn|[from] brn\n|upkeep\n|turn|12\n|\n|t:|1683268402\n|move|p2a: AMOGUS|Rage Powder|p2a: AMOGUS\n|-singleturn|p2a: AMOGUS|move: Rage Powder\n|move|p1a: Palafin|Jet Punch|p2a: AMOGUS\n|-resisted|p2a: AMOGUS\n|-damage|p2a: AMOGUS|45\/100\n|-damage|p1a: Palafin|55\/100 brn|[from] item: Rocky Helmet|[of] p2a: AMOGUS\n|move|p2b: Miko|Moonblast|p1b: Wo-Chien\n|-damage|p1b: Wo-Chien|14\/100 slp\n|cant|p1b: Wo-Chien|slp\n|\n|-heal|p1b: Wo-Chien|20\/100 slp|[from] item: Leftovers\n|-damage|p1a: Palafin|49\/100 brn|[from] brn\n|-sideend|p2: carlospe1205|Reflect\n|upkeep\n|turn|13\n|\n|t:|1683268459\n|move|p2a: AMOGUS|Rage Powder|p2a: AMOGUS\n|-singleturn|p2a: AMOGUS|move: Rage Powder\n|move|p2b: Miko|Moonblast|p1b: Wo-Chien\n|-damage|p1b: Wo-Chien|0 fnt\n|faint|p1b: Wo-Chien\n|move|p1a: Palafin|Wave Crash|p2a: AMOGUS\n|-resisted|p2a: AMOGUS\n|-damage|p2a: AMOGUS|29\/100\n|-damage|p1a: Palafin|33\/100 brn|[from] item: Rocky Helmet|[of] p2a: AMOGUS\n|-damage|p1a: Palafin|27\/100 brn|[from] Recoil\n|\n|-damage|p1a: Palafin|21\/100 brn|[from] brn\n|upkeep\n|\n|t:|1683268473\n|switch|p1b: Ting-Lu|Ting-Lu, L50|100\/100 slp\n|-ability|p1b: Ting-Lu|Vessel of Ruin\n|turn|14\n|\n|t:|1683268494\n|switch|p2a: Krompus|Grimmsnarl, L50, M|20\/100\n|move|p2b: Miko|Protect|p2b: Miko\n|-singleturn|p2b: Miko|Protect\n|move|p1a: Palafin|Protect|p1a: Palafin\n|-singleturn|p1a: Palafin|Protect\n|-curestatus|p1b: Ting-Lu|slp|[msg]\n|move|p1b: Ting-Lu|Heavy Slam|p2b: Miko\n|-activate|p2b: Miko|move: Protect\n|\n|-damage|p1a: Palafin|15\/100 brn|[from] brn\n|upkeep\n|turn|15\n|\n|t:|1683268510\n|move|p2a: Krompus|Fake Out|p1b: Ting-Lu\n|-damage|p1b: Ting-Lu|92\/100\n|move|p1a: Palafin|Jet Punch|p2a: Krompus\n|-damage|p2a: Krompus|0 fnt\n|faint|p2a: Krompus\n|move|p2b: Miko|Moonblast|p1b: Ting-Lu\n|-supereffective|p1b: Ting-Lu\n|-damage|p1b: Ting-Lu|37\/100\n|cant|p1b: Ting-Lu|flinch\n|\n|-damage|p1a: Palafin|10\/100 brn|[from] brn\n|upkeep\n|\n|t:|1683268517\n|switch|p2a: AMOGUS|Amoonguss, L50, F|62\/100\n|turn|16\n|\n|t:|1683268531\n|move|p2a: AMOGUS|Rage Powder|p2a: AMOGUS\n|-singleturn|p2a: AMOGUS|move: Rage Powder\n|move|p2b: Miko|Moonblast|p1b: Ting-Lu\n|-supereffective|p1b: Ting-Lu\n|-damage|p1b: Ting-Lu|0 fnt\n|faint|p1b: Ting-Lu\n|move|p1a: Palafin|Wave Crash|p2a: AMOGUS\n|-resisted|p2a: AMOGUS\n|-crit|p2a: AMOGUS\n|-damage|p2a: AMOGUS|38\/100\n|-damage|p1a: Palafin|0 fnt|[from] item: Rocky Helmet|[of] p2a: AMOGUS\n|faint|p1a: Palafin\n|\n|win|carlospe1205\n|raw|dimlaggis's rating: 1151 → 1118<\/strong> (-33 for losing)\n|raw|carlospe1205's rating: 1038 → 1083<\/strong> (+45 for winning)\n|l|\u2606dimlaggis\n","uploadtime":1683268545,"views":6,"p1id":"dimlaggis","p2id":"carlospe1205","formatid":"gen9vgc2023regulationc","rating":1083,"private":0,"password":""}