{"id":"gen9vgc2023regulationc-1854173002","p1":"yakenonokarasu","p2":"Mr.Play&C","format":"[Gen 9] VGC 2023 Regulation C","log":"|j|\u2606yakenonokarasu\n|j|\u2606Mr.Play&C\n|t:|1682779630\n|gametype|doubles\n|player|p1|yakenonokarasu|elesa|\n|player|p2|Mr.Play&C|ingo|\n|teamsize|p1|6\n|teamsize|p2|6\n|gen|9\n|tier|[Gen 9] VGC 2023 Regulation C\n|rule|Species Clause: Limit one of each Pok\u00e9mon\n|rule|Item Clause: Limit one of each item\n|clearpoke\n|poke|p1|Iron Hands, L50|\n|poke|p1|Palafin, L50, F|\n|poke|p1|Hydreigon, L50, F|\n|poke|p1|Luxio, L50, F|\n|poke|p1|Dragapult, L50, F|\n|poke|p1|Toxtricity, L50, F|\n|poke|p2|Great Tusk, L50|\n|poke|p2|Talonflame, L50, M|\n|poke|p2|Rotom-Wash, L50|\n|poke|p2|Klefki, L50, M|\n|poke|p2|Weavile, L50, F|\n|poke|p2|Houndstone, L50, M|\n|teampreview|4\n|c|\u2606yakenonokarasu|G2\n|\n|t:|1682780214\n|start\n|switch|p1a: Iron Hands|Iron Hands, L50, shiny|100\/100\n|switch|p1b: Palafin|Palafin, L50, F, shiny|100\/100\n|switch|p2a: Talonflame|Talonflame, L50, M|100\/100\n|switch|p2b: Klefki|Klefki, L50, M|100\/100\n|-enditem|p1a: Iron Hands|Booster Energy\n|-activate|p1a: Iron Hands|ability: Quark Drive|[fromitem]\n|-start|p1a: Iron Hands|quarkdrivedef\n|turn|1\n|\n|t:|1682780233\n|move|p1a: Iron Hands|Fake Out|p2a: Talonflame\n|-damage|p2a: Talonflame|81\/100\n|move|p2b: Klefki|Reflect|p2b: Klefki\n|-sidestart|p2: Mr.Play&C|Reflect\n|cant|p2a: Talonflame|flinch\n|move|p1b: Palafin|Flip Turn|p2a: Talonflame\n|-supereffective|p2a: Talonflame\n|-damage|p2a: Talonflame|25\/100\n|-enditem|p2a: Talonflame|Aguav Berry|[eat]\n|-heal|p2a: Talonflame|59\/100|[from] item: Aguav Berry\n|\n|t:|1682780244\n|detailschange|p1b: Palafin|Palafin-Hero, L50, F, shiny\n|switch|p1b: Dragapult|Dragapult, L50, F, shiny|100\/100|[from] Flip Turn\n|\n|upkeep\n|turn|2\n|\n|t:|1682780273\n|move|p1b: Dragapult|Will-O-Wisp|p2b: Klefki|[miss]\n|-miss|p1b: Dragapult|p2b: Klefki\n|move|p2a: Talonflame|Tailwind|p2a: Talonflame\n|-sidestart|p2: Mr.Play&C|move: Tailwind\n|move|p2b: Klefki|Play Rough|p1b: Dragapult\n|-supereffective|p1b: Dragapult\n|-damage|p1b: Dragapult|24\/100\n|move|p1a: Iron Hands|Thunder Punch|p2a: Talonflame\n|-supereffective|p2a: Talonflame\n|-damage|p2a: Talonflame|0 fnt\n|faint|p2a: Talonflame\n|\n|upkeep\n|\n|t:|1682780294\n|switch|p2a: Great Tusk|Great Tusk, L50|100\/100\n|turn|3\n|\n|t:|1682780311\n|move|p2b: Klefki|Protect|p2b: Klefki\n|-singleturn|p2b: Klefki|Protect\n|move|p1b: Dragapult|Protect|p1b: Dragapult\n|-singleturn|p1b: Dragapult|Protect\n|move|p2a: Great Tusk|Earthquake|p1b: Dragapult|[spread] p1a\n|-activate|p2b: Klefki|move: Protect\n|-activate|p1b: Dragapult|move: Protect\n|-supereffective|p1a: Iron Hands\n|-damage|p1a: Iron Hands|68\/100\n|move|p1a: Iron Hands|Drain Punch|p2b: Klefki\n|-activate|p2b: Klefki|move: Protect\n|\n|upkeep\n|turn|4\n|\n|t:|1682780360\n|switch|p1b: Hydreigon|Hydreigon, L50, F, shiny|100\/100\n|move|p2a: Great Tusk|Headlong Rush|p1a: Iron Hands\n|-supereffective|p1a: Iron Hands\n|-damage|p1a: Iron Hands|24\/100\n|-unboost|p2a: Great Tusk|def|1\n|-unboost|p2a: Great Tusk|spd|1\n|move|p2b: Klefki|Play Rough|p1b: Hydreigon\n|-supereffective|p1b: Hydreigon\n|-damage|p1b: Hydreigon|0 fnt\n|faint|p1b: Hydreigon\n|move|p1a: Iron Hands|Play Rough|p2a: Great Tusk\n|-supereffective|p2a: Great Tusk\n|-damage|p2a: Great Tusk|58\/100\n|\n|upkeep\n|\n|t:|1682780373\n|switch|p1b: Dragapult|Dragapult, L50, F, shiny|24\/100\n|turn|5\n|\n|t:|1682780413\n|move|p2b: Klefki|Protect|p2b: Klefki\n|-singleturn|p2b: Klefki|Protect\n|move|p1b: Dragapult|Protect|p1b: Dragapult\n|-singleturn|p1b: Dragapult|Protect\n|move|p2a: Great Tusk|Earthquake|p1a: Iron Hands|[spread] p1a\n|-activate|p2b: Klefki|move: Protect\n|-activate|p1b: Dragapult|move: Protect\n|-supereffective|p1a: Iron Hands\n|-damage|p1a: Iron Hands|0 fnt\n|faint|p1a: Iron Hands\n|-end|p1a: Iron Hands|Quark Drive|[silent]\n|\n|-sideend|p2: Mr.Play&C|Reflect\n|-sideend|p2: Mr.Play&C|move: Tailwind\n|upkeep\n|\n|t:|1682780421\n|switch|p1a: Palafin|Palafin-Hero, L50, F, shiny|100\/100\n|-activate|p1a: Palafin|ability: Zero to Hero\n|turn|6\n|\n|t:|1682780487\n|-terastallize|p1a: Palafin|Water\n|move|p1a: Palafin|Jet Punch|p2b: Klefki\n|-damage|p2b: Klefki|14\/100\n|move|p1b: Dragapult|Will-O-Wisp|p2a: Great Tusk\n|-status|p2a: Great Tusk|brn\n|move|p2a: Great Tusk|Close Combat|p1a: Palafin\n|-damage|p1a: Palafin|70\/100\n|-unboost|p2a: Great Tusk|def|1\n|-unboost|p2a: Great Tusk|spd|1\n|move|p2b: Klefki|Play Rough|p1b: Dragapult\n|-supereffective|p1b: Dragapult\n|-damage|p1b: Dragapult|0 fnt\n|faint|p1b: Dragapult\n|\n|-heal|p2b: Klefki|20\/100|[from] item: Leftovers\n|-damage|p2a: Great Tusk|52\/100 brn|[from] brn\n|upkeep\n|turn|7\n|\n|t:|1682780513\n|move|p2b: Klefki|Protect|p2b: Klefki\n|-singleturn|p2b: Klefki|Protect\n|move|p1a: Palafin|Jet Punch|p2b: Klefki\n|-activate|p2b: Klefki|move: Protect\n|move|p2a: Great Tusk|Knock Off|p1a: Palafin\n|-damage|p1a: Palafin|52\/100\n|-enditem|p1a: Palafin|Choice Band|[from] move: Knock Off|[of] p2a: Great Tusk\n|\n|-heal|p2b: Klefki|26\/100|[from] item: Leftovers\n|-damage|p2a: Great Tusk|46\/100 brn|[from] brn\n|upkeep\n|turn|8\n|\n|t:|1682780553\n|move|p1a: Palafin|Jet Punch|p2b: Klefki\n|-damage|p2b: Klefki|0 fnt\n|faint|p2b: Klefki\n|move|p2a: Great Tusk|Close Combat|p1a: Palafin\n|-damage|p1a: Palafin|23\/100\n|-unboost|p2a: Great Tusk|def|1\n|-unboost|p2a: Great Tusk|spd|1\n|\n|-damage|p2a: Great Tusk|40\/100 brn|[from] brn\n|upkeep\n|\n|t:|1682780563\n|switch|p2b: Weavile|Weavile, L50, F|100\/100\n|-ability|p2b: Weavile|Pressure\n|turn|9\n|\n|t:|1682780595\n|-terastallize|p2b: Weavile|Dark\n|move|p1a: Palafin|Jet Punch|p2b: Weavile\n|-damage|p2b: Weavile|14\/100\n|move|p2b: Weavile|Foul Play|p1a: Palafin\n|-damage|p1a: Palafin|0 fnt\n|faint|p1a: Palafin\n|\n|win|Mr.Play&C\n|l|\u2606Mr.Play&C\n|l|\u2606yakenonokarasu\n|j|\u2606Mr.Play&C\n|player|p2|Mr.Play&C|ingo\n","uploadtime":1682781225,"views":27,"p1id":"yakenonokarasu","p2id":"mrplayc","formatid":"gen9vgc2023regulationc","rating":0,"private":0,"password":""}