{"id":"gen9vgc2023regulationc-1852897311","p1":"19402u","p2":"DARIUS I.B.","format":"[Gen 9] VGC 2023 Regulation C","log":"|j|\u260619402u\n|j|\u2606DARIUS I.B.\n|t:|1682615476\n|gametype|doubles\n|player|p1|19402u|265|1555\n|player|p2|DARIUS I.B.|169|1491\n|teamsize|p1|6\n|teamsize|p2|6\n|gen|9\n|tier|[Gen 9] VGC 2023 Regulation C\n|rated|\n|rule|Species Clause: Limit one of each Pok\u00e9mon\n|rule|Item Clause: Limit one of each item\n|clearpoke\n|poke|p1|Glimmora, L50, M|\n|poke|p1|Dragonite, L50, M|\n|poke|p1|Dondozo, L50, M|\n|poke|p1|Tatsugiri, L50, F|\n|poke|p1|Chi-Yu, L50|\n|poke|p1|Iron Bundle, L50|\n|poke|p2|Iron Hands, L50|\n|poke|p2|Dragapult, L50, M|\n|poke|p2|Chien-Pao, L50|\n|poke|p2|Scizor, L50, F|\n|poke|p2|Gyarados, L50, M|\n|poke|p2|Murkrow, L50, M|\n|teampreview|4\n19402u has agreed to open team sheets.\n|\n|t:|1682615516\n|start\n|switch|p1a: Iron Bundle|Iron Bundle, L50, shiny|100\/100\n|switch|p1b: Chi-Yu|Chi-Yu, L50|100\/100\n|switch|p2a: Dragapult|Dragapult, L50, M|100\/100\n|switch|p2b: Iron Hands|Iron Hands, L50|100\/100\n|-ability|p1b: Chi-Yu|Beads of Ruin\n|-enditem|p1a: Iron Bundle|Booster Energy\n|-activate|p1a: Iron Bundle|ability: Quark Drive|[fromitem]\n|-start|p1a: Iron Bundle|quarkdrivespe\n|turn|1\n|inactive|Battle timer is ON: inactive players will automatically lose when time's up. (requested by DARIUS I.B.)\n|\n|t:|1682615543\n|move|p1a: Iron Bundle|Protect|p1a: Iron Bundle\n|-singleturn|p1a: Iron Bundle|Protect\n|move|p1b: Chi-Yu|Protect|p1b: Chi-Yu\n|-singleturn|p1b: Chi-Yu|Protect\n|move|p2b: Iron Hands|Fake Out|p1a: Iron Bundle\n|-activate|p1a: Iron Bundle|move: Protect\n|move|p2a: Dragapult|U-turn|p1b: Chi-Yu\n|-activate|p1b: Chi-Yu|move: Protect\n|\n|upkeep\n|turn|2\n|inactive|DARIUS I.B. has 30 seconds left.\n|inactive|DARIUS I.B. has 20 seconds left.\n|inactive|DARIUS I.B. has 15 seconds left.\n|inactive|DARIUS I.B. has 10 seconds left.\n|\n|t:|1682615591\n|move|p1a: Iron Bundle|Freeze-Dry|p2a: Dragapult\n|-supereffective|p2a: Dragapult\n|-damage|p2a: Dragapult|0 fnt\n|faint|p2a: Dragapult\n|move|p1b: Chi-Yu|Heat Wave|p2b: Iron Hands\n|-damage|p2b: Iron Hands|62\/100\n|move|p2b: Iron Hands|Wild Charge|p1b: Chi-Yu\n|-crit|p1b: Chi-Yu\n|-enditem|p1b: Chi-Yu|Focus Sash\n|-damage|p1b: Chi-Yu|1\/100\n|-damage|p2b: Iron Hands|49\/100|[from] Recoil\n|\n|upkeep\n|\n|t:|1682615607\n|switch|p2a: Chien-Pao|Chien-Pao, L50|100\/100\n|-ability|p2a: Chien-Pao|Sword of Ruin\n|turn|3\n|inactive|19402u has 30 seconds left.\n|\n|t:|1682615639\n|move|p1a: Iron Bundle|Protect|p1a: Iron Bundle\n|-singleturn|p1a: Iron Bundle|Protect\n|move|p2a: Chien-Pao|Protect|p2a: Chien-Pao\n|-singleturn|p2a: Chien-Pao|Protect\n|move|p1b: Chi-Yu|Protect|p1b: Chi-Yu\n|-singleturn|p1b: Chi-Yu|Protect\n|move|p2b: Iron Hands|Volt Switch|p1a: Iron Bundle\n|-activate|p1a: Iron Bundle|move: Protect\n|\n|upkeep\n|turn|4\n|\n|t:|1682615661\n|move|p2a: Chien-Pao|Sucker Punch|p1b: Chi-Yu\n|-resisted|p1b: Chi-Yu\n|-damage|p1b: Chi-Yu|0 fnt\n|faint|p1b: Chi-Yu\n|-damage|p2a: Chien-Pao|91\/100|[from] item: Life Orb\n|move|p1a: Iron Bundle|Hydro Pump|p2b: Iron Hands\n|-damage|p2b: Iron Hands|19\/100\n|move|p2b: Iron Hands|Drain Punch|p1a: Iron Bundle\n|-supereffective|p1a: Iron Bundle\n|-damage|p1a: Iron Bundle|0 fnt\n|-heal|p2b: Iron Hands|45\/100|[from] drain|[of] p1a: Iron Bundle\n|faint|p1a: Iron Bundle\n|-end|p1a: Iron Bundle|Quark Drive|[silent]\n|\n|upkeep\n|\n|t:|1682615667\n|switch|p1a: Dragonite|Dragonite, L50, M, shiny|100\/100\n|switch|p1b: Glimmora|Glimmora, L50, M, shiny|100\/100\n|turn|5\n|inactive|19402u has 30 seconds left.\n|inactive|DARIUS I.B. has 30 seconds left.\n|inactive|DARIUS I.B. has 20 seconds left.\n|inactive|DARIUS I.B. has 15 seconds left.\n|inactive|DARIUS I.B. has 10 seconds left.\n|\n|t:|1682615715\n|-terastallize|p2a: Chien-Pao|Ghost\n|-terastallize|p1a: Dragonite|Normal\n|move|p2a: Chien-Pao|Ice Spinner|p1a: Dragonite\n|-damage|p1a: Dragonite|64\/100\n|-damage|p2a: Chien-Pao|81\/100|[from] item: Life Orb\n|move|p1a: Dragonite|Outrage|p2b: Iron Hands\n|-damage|p2b: Iron Hands|0 fnt\n|faint|p2b: Iron Hands\n|-end|p2b: Iron Hands|Quark Drive|[silent]\n|move|p1b: Glimmora|Power Gem|p2a: Chien-Pao\n|-damage|p2a: Chien-Pao|25\/100\n|\n|upkeep\n|\n|t:|1682615730\n|switch|p2b: Murkrow|Murkrow, L50, M|100\/100\n|turn|6\n|inactive|DARIUS I.B. has 30 seconds left.\n|inactive|DARIUS I.B. has 20 seconds left.\n|inactive|DARIUS I.B. has 15 seconds left.\n|inactive|DARIUS I.B. has 10 seconds left.\n|\n|t:|1682615780\n|move|p2a: Chien-Pao|Protect|p2a: Chien-Pao\n|-singleturn|p2a: Chien-Pao|Protect\n|move|p1a: Dragonite|Outrage|p2a: Chien-Pao|[from]lockedmove\n|-activate|p2a: Chien-Pao|move: Protect\n|-start|p1a: Dragonite|confusion|[fatigue]\n|move|p2b: Murkrow|Foul Play|p1b: Glimmora\n|-damage|p1b: Glimmora|80\/100\n|-activate|p1b: Glimmora|ability: Toxic Debris\n|-sidestart|p2: DARIUS I.B.|move: Toxic Spikes\n|move|p1b: Glimmora|Power Gem|p2a: Chien-Pao\n|-activate|p2a: Chien-Pao|move: Protect\n|\n|upkeep\n|turn|7\n|\n|t:|1682615797\n|move|p2a: Chien-Pao|Sacred Sword|p1a: Dragonite\n|-supereffective|p1a: Dragonite\n|-damage|p1a: Dragonite|0 fnt\n|faint|p1a: Dragonite\n|-damage|p2a: Chien-Pao|15\/100|[from] item: Life Orb\n|move|p2b: Murkrow|Foul Play|p1b: Glimmora\n|-damage|p1b: Glimmora|60\/100\n|-activate|p1b: Glimmora|ability: Toxic Debris\n|-sidestart|p2: DARIUS I.B.|move: Toxic Spikes\n|move|p1b: Glimmora|Power Gem|p2a: Chien-Pao\n|-damage|p2a: Chien-Pao|0 fnt\n|faint|p2a: Chien-Pao\n|\n|upkeep\n|turn|8\n|\n|t:|1682615815\n|move|p2b: Murkrow|Foul Play|p1b: Glimmora\n|-damage|p1b: Glimmora|44\/100\n|move|p1b: Glimmora|Power Gem|p2b: Murkrow\n|-supereffective|p2b: Murkrow\n|-crit|p2b: Murkrow\n|-damage|p2b: Murkrow|0 fnt\n|faint|p2b: Murkrow\n|\n|win|19402u\n|raw|19402u's rating: 1555 → 1571<\/strong> (+16 for winning)\n|raw|DARIUS I.B.'s rating: 1491 → 1475<\/strong> (-16 for losing)\n|l|\u2606DARIUS I.B.\n","uploadtime":1682615831,"views":5,"p1id":"19402u","p2id":"dariusib","formatid":"gen9vgc2023regulationc","rating":1475,"private":0,"password":""}