{"id":"gen9vgc2023regulationc-1862828788","p1":"adrpen","p2":"bearboeloe","format":"[Gen 9] VGC 2023 Regulation C","log":"|j|\u2606adrpen\n|j|\u2606bearboeloe\n|t:|1683926567\n|gametype|doubles\n|player|p1|adrpen|pokekid|1143\n|player|p2|bearboeloe|1|1150\n|teamsize|p1|6\n|teamsize|p2|6\n|gen|9\n|tier|[Gen 9] VGC 2023 Regulation C\n|rated|\n|rule|Species Clause: Limit one of each Pok\u00e9mon\n|rule|Item Clause: Limit one of each item\n|clearpoke\n|poke|p1|Amoonguss, L50, M|\n|poke|p1|Palafin, L50, M|\n|poke|p1|Iron Hands, L50|\n|poke|p1|Arcanine, L50, M|\n|poke|p1|Flutter Mane, L50|\n|poke|p1|Dragonite, L50, M|\n|poke|p2|Annihilape, L50, M|\n|poke|p2|Iron Bundle, L50|\n|poke|p2|Grimmsnarl, L50, M|\n|poke|p2|Gholdengo, L50|\n|poke|p2|Tauros-Paldea-Aqua, L50, M|\n|poke|p2|Meowscarada, L50, M|\n|teampreview|4\n|inactive|Battle timer is ON: inactive players will automatically lose when time's up. (requested by adrpen)\n|inactive|adrpen has 60 seconds left.\n|\n|t:|1683926609\n|start\n|switch|p1a: Iron Hands|Iron Hands, L50, shiny|100\/100\n|switch|p1b: Flutter Mane|Flutter Mane, L50|100\/100\n|switch|p2a: Grimmsnarl|Grimmsnarl, L50, M|100\/100\n|switch|p2b: Aap|Annihilape, L50, M|100\/100\n|-enditem|p1b: Flutter Mane|Booster Energy\n|-activate|p1b: Flutter Mane|ability: Protosynthesis|[fromitem]\n|-start|p1b: Flutter Mane|protosynthesisspa\n|turn|1\n|inactive|adrpen has 30 seconds left.\n|\n|t:|1683926636\n|-terastallize|p2b: Aap|Fire\n|move|p1b: Flutter Mane|Protect|p1b: Flutter Mane\n|-singleturn|p1b: Flutter Mane|Protect\n|move|p2a: Grimmsnarl|Light Screen|p2a: Grimmsnarl\n|-sidestart|p2: bearboeloe|move: Light Screen\n|move|p2b: Aap|Rage Fist|p1b: Flutter Mane\n|-activate|p1b: Flutter Mane|move: Protect\n|move|p1a: Iron Hands|Heavy Slam|p2a: Grimmsnarl\n|-supereffective|p2a: Grimmsnarl\n|-crit|p2a: Grimmsnarl\n|-damage|p2a: Grimmsnarl|0 fnt\n|faint|p2a: Grimmsnarl\n|\n|upkeep\n|\n|t:|1683926656\n|switch|p2a: Pinguin|Iron Bundle, L50|100\/100\n|-enditem|p2a: Pinguin|Booster Energy\n|-activate|p2a: Pinguin|ability: Quark Drive|[fromitem]\n|-start|p2a: Pinguin|quarkdrivespe\n|turn|2\n|inactive|adrpen has 30 seconds left.\n|inactive|adrpen has 20 seconds left.\n|\n|t:|1683926691\n|-terastallize|p1b: Flutter Mane|Water\n|move|p2a: Pinguin|Icy Wind|p1a: Iron Hands|[spread] p1a,p1b\n|-resisted|p1b: Flutter Mane\n|-damage|p1a: Iron Hands|90\/100\n|-damage|p1b: Flutter Mane|91\/100\n|-unboost|p1a: Iron Hands|spe|1\n|-unboost|p1b: Flutter Mane|spe|1\n|move|p1b: Flutter Mane|Shadow Ball|p2b: Aap\n|-crit|p2b: Aap\n|-damage|p2b: Aap|52\/100\n|-unboost|p2b: Aap|spd|1\n|-ability|p2b: Aap|Defiant|boost\n|-boost|p2b: Aap|atk|2\n|move|p2b: Aap|Rage Fist|p1b: Flutter Mane\n|-damage|p1b: Flutter Mane|0 fnt\n|faint|p1b: Flutter Mane\n|-end|p1b: Flutter Mane|Protosynthesis|[silent]\n|move|p1a: Iron Hands|Wild Charge|p2b: Aap\n|-damage|p2b: Aap|6\/100\n|-damage|p1a: Iron Hands|80\/100|[from] Recoil\n|\n|-heal|p2b: Aap|12\/100|[from] item: Leftovers\n|upkeep\n|\n|t:|1683926714\n|switch|p1b: Dragonite|Dragonite, L50, M|100\/100\n|turn|3\n|inactive|bearboeloe has 30 seconds left.\n|\n|t:|1683926745\n|move|p2b: Aap|Protect|p2b: Aap\n|-singleturn|p2b: Aap|Protect\n|move|p1b: Dragonite|Extreme Speed|p2b: Aap\n|-activate|p2b: Aap|move: Protect\n|move|p2a: Pinguin|Icy Wind|p1a: Iron Hands|[spread] p1a,p1b\n|-crit|p1a: Iron Hands\n|-supereffective|p1b: Dragonite\n|-damage|p1a: Iron Hands|66\/100\n|-damage|p1b: Dragonite|55\/100\n|-unboost|p1a: Iron Hands|spe|1\n|-unboost|p1b: Dragonite|spe|1\n|move|p1a: Iron Hands|Wild Charge|p2a: Pinguin\n|-supereffective|p2a: Pinguin\n|-crit|p2a: Pinguin\n|-damage|p2a: Pinguin|0 fnt\n|faint|p2a: Pinguin\n|-end|p2a: Pinguin|Quark Drive|[silent]\n|-damage|p1a: Iron Hands|52\/100|[from] Recoil\n|\n|-heal|p2b: Aap|18\/100|[from] item: Leftovers\n|upkeep\n|\n|t:|1683926763\n|switch|p2a: Karl|Tauros-Paldea-Aqua, L50, M|100\/100\n|-ability|p2a: Karl|Intimidate|boost\n|-unboost|p1a: Iron Hands|atk|1\n|-unboost|p1b: Dragonite|atk|1\n|turn|4\n|inactive|adrpen has 30 seconds left.\n|inactive|bearboeloe has 30 seconds left.\n|inactive|adrpen has 20 seconds left.\n|inactive|adrpen has 15 seconds left.\n|\n|t:|1683926803\n|-end|p1a: Iron Hands|Quark Drive|[silent]\n|switch|p1a: Arcanine|Arcanine, L50, M|100\/100\n|-ability|p1a: Arcanine|Intimidate|boost\n|-unboost|p2a: Karl|atk|1\n|-unboost|p2b: Aap|atk|1\n|-ability|p2b: Aap|Defiant|boost\n|-boost|p2b: Aap|atk|2\n|move|p2b: Aap|Protect||[still]\n|-fail|p2b: Aap\n|move|p2a: Karl|Wild Charge|p1b: Dragonite\n|-damage|p1b: Dragonite|24\/100\n|-damage|p2a: Karl|92\/100|[from] Recoil\n|move|p1b: Dragonite|Earthquake|p2b: Aap|[spread] p1a,p2a,p2b\n|-supereffective|p1a: Arcanine\n|-supereffective|p2b: Aap\n|-damage|p1a: Arcanine|66\/100\n|-damage|p2a: Karl|69\/100\n|-damage|p2b: Aap|0 fnt\n|faint|p2b: Aap\n|\n|upkeep\n|turn|5\n|-message|bearboeloe forfeited.\n|\n|win|adrpen\n|raw|adrpen's rating: 1143 → 1169<\/strong> (+26 for winning)\n|raw|bearboeloe's rating: 1150 → 1124<\/strong> (-26 for losing)\n|l|\u2606bearboeloe\n|c|\u2606adrpen|wild charge ?\n","uploadtime":1683926828,"views":12,"p1id":"adrpen","p2id":"bearboeloe","formatid":"gen9vgc2023regulationc","rating":1124,"private":0,"password":""}