{"id":"gen9vgc2023regulationc-1847402754","p1":"ImActuallyShrek","p2":"TheEeveeAnimations","format":"[Gen 9] VGC 2023 Regulation C","log":"|j|\u2606ImActuallyShrek\n|j|\u2606TheEeveeAnimations\n|t:|1681950973\n|gametype|doubles\n|player|p1|ImActuallyShrek|pokemaniac-gen2|\n|player|p2|TheEeveeAnimations|dahlia|\n|teamsize|p1|6\n|teamsize|p2|6\n|gen|9\n|tier|[Gen 9] VGC 2023 Regulation C\n|rated|Tournament battle\n|rule|Species Clause: Limit one of each Pok\u00e9mon\n|rule|Item Clause: Limit one of each item\n|clearpoke\n|poke|p1|Flutter Mane, L50|\n|poke|p1|Dondozo, L50, F|\n|poke|p1|Tatsugiri, L50, F|\n|poke|p1|Wo-Chien, L50|\n|poke|p1|Iron Hands, L50|\n|poke|p1|Baxcalibur, L50, F|\n|poke|p2|Gholdengo, L50|\n|poke|p2|Maushold-Four, L50|\n|poke|p2|Flutter Mane, L50|\n|poke|p2|Wo-Chien, L50|\n|poke|p2|Palafin, L50, M|\n|poke|p2|Arcanine, L50, M|\n|teampreview|4\n|raw| Open Team Sheet for ImActuallyShrek<\/summary>Flutter Mane @ Focus Sash Ability: Protosynthesis Level: 50 Tera Type: Water - Moonblast - Dazzling Gleam - Shadow Ball - Protect Dondozo (F) @ Aguav Berry Ability: Oblivious Level: 50 Tera Type: Dragon - Order Up - Substitute - Earthquake - Protect Tatsugiri (F) @ Choice Scarf Ability: Commander Level: 50 Tera Type: Rock - Muddy Water - Dragon Pulse - Icy Wind - Helping Hand Wo-Chien @ Leftovers Ability: Tablets of Ruin Level: 50 Tera Type: Poison - Pollen Puff - Leech Seed - Foul Play - Protect Iron Hands @ Assault Vest Ability: Quark Drive Level: 50 Tera Type: Grass - Drain Punch - Thunder Punch - Volt Switch - Fake Out Baxcalibur @ Loaded Dice Ability: Thermal Exchange Level: 50 Tera Type: Water - Glaive Rush - Icicle Spear - Dragon Dance - Protect <\/details><\/div> Open Team Sheet for TheEeveeAnimations<\/summary>Gholdengo @ Leftovers Ability: Good as Gold Level: 50 Tera Type: Water - Protect - Shadow Ball - Make It Rain - Nasty Plot Maushold (Maushold-Four) @ Safety Goggles Ability: Friend Guard Level: 50 Tera Type: Ghost - Follow Me - Protect - Super Fang - Baby-Doll Eyes Flutter Mane @ Booster Energy Ability: Protosynthesis Level: 50 Tera Type: Steel - Icy Wind - Fake Tears - Protect - Dazzling Gleam Wo-Chien @ Assault Vest Ability: Tablets of Ruin Level: 50 Tera Type: Water - Foul Play - Snarl - Giga Drain - Pollen Puff Palafin @ Mystic Water Ability: Zero to Hero Level: 50 Tera Type: Water - Protect - Jet Punch - Wave Crash - Drain Punch Arcanine @ Sitrus Berry Ability: Intimidate Level: 50 Tera Type: Grass - Protect - Flare Blitz - Extreme Speed - Will-O-Wisp <\/details><\/div>\n|inactive|Battle timer is ON: inactive players will automatically lose when time's up. (requested by ImActuallyShrek)\n|j| ROBERT5239423942\n|c|\u2606ImActuallyShrek|glhf\n|j|+crystalninetales\n|l|+crystalninetales\n|inactive|ImActuallyShrek has 60 seconds left.\n|inactive|TheEeveeAnimations has 60 seconds left.\n|\n|t:|1681951015\n|start\n|switch|p1a: Tatsugiri|Tatsugiri, L50, F|100\/100\n|switch|p1b: Wo-Chien|Wo-Chien, L50|100\/100\n|switch|p2a: Palafin|Palafin, L50, M|100\/100\n|switch|p2b: Arcanine|Arcanine, L50, M|100\/100\n|-ability|p2b: Arcanine|Intimidate|boost\n|-unboost|p1a: Tatsugiri|atk|1\n|-unboost|p1b: Wo-Chien|atk|1\n|-ability|p1b: Wo-Chien|Tablets of Ruin\n|turn|1\n|inactive|TheEeveeAnimations has 30 seconds left.\n|\n|t:|1681951046\n|detailschange|p2a: Palafin|Palafin-Hero, L50, M\n|switch|p2a: Wo-Chien|Wo-Chien, L50|100\/100\n|-ability|p2a: Wo-Chien|Tablets of Ruin\n|-terastallize|p1b: Wo-Chien|Poison\n|move|p2b: Arcanine|Protect|p2b: Arcanine\n|-singleturn|p2b: Arcanine|Protect\n|move|p1a: Tatsugiri|Muddy Water|p2a: Wo-Chien|[spread] p2a\n|-activate|p2b: Arcanine|move: Protect\n|-resisted|p2a: Wo-Chien\n|-damage|p2a: Wo-Chien|92\/100\n|move|p1b: Wo-Chien|Foul Play|p2a: Wo-Chien\n|-resisted|p2a: Wo-Chien\n|-damage|p2a: Wo-Chien|84\/100\n|\n|upkeep\n|turn|2\n|\n|t:|1681951068\n|switch|p2b: Gholdengo|Gholdengo, L50|100\/100\n|move|p1a: Tatsugiri|Muddy Water|p2a: Wo-Chien|[spread] p2a,p2b\n|-resisted|p2a: Wo-Chien\n|-damage|p2a: Wo-Chien|76\/100\n|-damage|p2b: Gholdengo|67\/100\n|move|p2a: Wo-Chien|Snarl|p1a: Tatsugiri|[spread] p1a,p1b\n|-damage|p1a: Tatsugiri|81\/100\n|-damage|p1b: Wo-Chien|91\/100\n|-unboost|p1a: Tatsugiri|spa|1\n|-unboost|p1b: Wo-Chien|spa|1\n|move|p1b: Wo-Chien|Pollen Puff|p2a: Wo-Chien\n|-supereffective|p2a: Wo-Chien\n|-damage|p2a: Wo-Chien|50\/100\n|\n|-heal|p2b: Gholdengo|73\/100|[from] item: Leftovers\n|-heal|p1b: Wo-Chien|97\/100|[from] item: Leftovers\n|upkeep\n|turn|3\n|j| Block all PMs\n|l| Block all PMs\n|\n|t:|1681951085\n|move|p1a: Tatsugiri|Muddy Water|p2a: Wo-Chien|[spread] p2a,p2b\n|-resisted|p2a: Wo-Chien\n|-damage|p2a: Wo-Chien|45\/100\n|-damage|p2b: Gholdengo|51\/100\n|-unboost|p2a: Wo-Chien|accuracy|1\n|-unboost|p2b: Gholdengo|accuracy|1\n|move|p2b: Gholdengo|Nasty Plot|p2b: Gholdengo\n|-boost|p2b: Gholdengo|spa|2\n|move|p2a: Wo-Chien|Pollen Puff|p2b: Gholdengo\n|-heal|p2b: Gholdengo|100\/100\n|move|p1b: Wo-Chien|Pollen Puff|p2a: Wo-Chien\n|-supereffective|p2a: Wo-Chien\n|-damage|p2a: Wo-Chien|16\/100\n|\n|-heal|p1b: Wo-Chien|100\/100|[from] item: Leftovers\n|upkeep\n|turn|4\n|\n|t:|1681951096\n|move|p1a: Tatsugiri|Muddy Water|p2a: Wo-Chien|[spread] p2a,p2b\n|-resisted|p2a: Wo-Chien\n|-crit|p2b: Gholdengo\n|-damage|p2a: Wo-Chien|11\/100\n|-damage|p2b: Gholdengo|54\/100\n|-unboost|p2a: Wo-Chien|accuracy|1\n|move|p2b: Gholdengo|Shadow Ball|p1a: Tatsugiri\n|-damage|p1a: Tatsugiri|0 fnt\n|faint|p1a: Tatsugiri\n|move|p2a: Wo-Chien|Giga Drain|p1b: Wo-Chien|[miss]\n|-miss|p2a: Wo-Chien|p1b: Wo-Chien\n|move|p1b: Wo-Chien|Pollen Puff|p2a: Wo-Chien\n|-supereffective|p2a: Wo-Chien\n|-damage|p2a: Wo-Chien|0 fnt\n|faint|p2a: Wo-Chien\n|\n|-heal|p2b: Gholdengo|60\/100|[from] item: Leftovers\n|upkeep\n|\n|t:|1681951115\n|switch|p1a: Flutter Mane|Flutter Mane, L50|100\/100\n|switch|p2a: Palafin|Palafin-Hero, L50, M|100\/100\n|-activate|p2a: Palafin|ability: Zero to Hero\n|turn|5\n|j| chicagolocaltop16\n|\n|t:|1681951132\n|-terastallize|p2b: Gholdengo|Water\n|move|p2a: Palafin|Protect|p2a: Palafin\n|-singleturn|p2a: Palafin|Protect\n|move|p1a: Flutter Mane|Shadow Ball|p2b: Gholdengo\n|-damage|p2b: Gholdengo|16\/100\n|move|p2b: Gholdengo|Make It Rain|p1a: Flutter Mane|[spread] p1a,p1b\n|-supereffective|p1a: Flutter Mane\n|-enditem|p1a: Flutter Mane|Focus Sash\n|-damage|p1a: Flutter Mane|1\/100\n|-damage|p1b: Wo-Chien|45\/100\n|-unboost|p2b: Gholdengo|spa|1\n|move|p1b: Wo-Chien|Leech Seed|p2a: Palafin\n|-activate|p2a: Palafin|move: Protect\n|\n|-heal|p2b: Gholdengo|21\/100|[from] item: Leftovers\n|-heal|p1b: Wo-Chien|52\/100|[from] item: Leftovers\n|upkeep\n|turn|6\n|inactive|TheEeveeAnimations has 30 seconds left.\n|\n|t:|1681951160\n|move|p1a: Flutter Mane|Protect|p1a: Flutter Mane\n|-singleturn|p1a: Flutter Mane|Protect\n|move|p2b: Gholdengo|Make It Rain|p1a: Flutter Mane|[spread] p1b\n|-activate|p1a: Flutter Mane|move: Protect\n|-damage|p1b: Wo-Chien|11\/100\n|-unboost|p2b: Gholdengo|spa|1\n|move|p2a: Palafin|Wave Crash|p1b: Wo-Chien\n|-damage|p1b: Wo-Chien|0 fnt\n|faint|p1b: Wo-Chien\n|-damage|p2a: Palafin|97\/100|[from] Recoil\n|\n|-heal|p2b: Gholdengo|27\/100|[from] item: Leftovers\n|upkeep\n|\n|t:|1681951169\n|switch|p1b: Baxcalibur|Baxcalibur, L50, F|100\/100\n|turn|7\n|\n|t:|1681951177\n|switch|p2b: Arcanine|Arcanine, L50, M|100\/100\n|-ability|p2b: Arcanine|Intimidate|boost\n|-unboost|p1a: Flutter Mane|atk|1\n|-unboost|p1b: Baxcalibur|atk|1\n|move|p2a: Palafin|Jet Punch|p1a: Flutter Mane\n|-damage|p1a: Flutter Mane|0 fnt\n|faint|p1a: Flutter Mane\n|-end|p1a: Flutter Mane|Protosynthesis|[silent]\n|move|p1b: Baxcalibur|Dragon Dance|p1b: Baxcalibur\n|-boost|p1b: Baxcalibur|atk|1\n|-boost|p1b: Baxcalibur|spe|1\n|\n|upkeep\n|turn|8\n|j| Tenseigt\n|-message|ImActuallyShrek forfeited.\n|\n|win|TheEeveeAnimations\n|n|\u2606ImActuallyShrek|imactuallyshrek\n|n|\u2606TheEeveeAnimations|theeeveeanimations\n|n| ROBERT5239423942|robert5239423942\n|n| chicagolocaltop16|chicagolocaltop16\n|n| Tenseigt|tenseigt\n","uploadtime":1681951190,"views":6,"p1id":"imactuallyshrek","p2id":"theeeveeanimations","formatid":"gen9vgc2023regulationc","rating":0,"private":0,"password":""}