{"id":"gen9vgc2023regulationc-1859369048","p1":"Tondislav","p2":"Arcacagne","format":"[Gen 9] VGC 2023 Regulation C","log":"|j|\u2606Tondislav\n|j|\u2606Arcacagne\n|t:|1683449336\n|gametype|doubles\n|player|p1|Tondislav|102|1086\n|player|p2|Arcacagne|2|1115\n|teamsize|p1|6\n|teamsize|p2|6\n|gen|9\n|tier|[Gen 9] VGC 2023 Regulation C\n|rated|\n|rule|Species Clause: Limit one of each Pok\u00e9mon\n|rule|Item Clause: Limit one of each item\n|clearpoke\n|poke|p1|Slowpoke, L50, F|\n|poke|p1|Palossand, L50, M|\n|poke|p1|Gastrodon-East, L50, F|\n|poke|p1|Hatterene, L50, F|\n|poke|p1|Torkoal, L50, F|\n|poke|p1|Indeedee-F, L50, F|\n|poke|p2|Chi-Yu, L50|\n|poke|p2|Flutter Mane, L50|\n|poke|p2|Amoonguss, L50, F|\n|poke|p2|Palafin, L50, M|\n|poke|p2|Kingambit, L50, M|\n|poke|p2|Arcanine, L50, F|\n|teampreview|4\n|c|\u2606Arcacagne|not again this non sense team\n|\n|t:|1683449353\n|start\n|switch|p1a: Slowpoke|Slowpoke, L50, F|100\/100\n|switch|p1b: Indeedee|Indeedee-F, L50, F|100\/100\n|switch|p2a: Chi-Yu|Chi-Yu, L50|100\/100\n|switch|p2b: Amoonguss|Amoonguss, L50, F|100\/100\n|-ability|p2a: Chi-Yu|Beads of Ruin\n|-fieldstart|move: Psychic Terrain|[from] ability: Psychic Surge|[of] p1b: Indeedee\n|turn|1\n|c|\u2606Arcacagne|ok now I do nasty plot and don't care your tr, ok?\n|\n|t:|1683449381\n|-terastallize|p1a: Slowpoke|Grass\n|move|p1b: Indeedee|Follow Me|p1b: Indeedee\n|-singleturn|p1b: Indeedee|move: Follow Me\n|move|p2a: Chi-Yu|Nasty Plot|p2a: Chi-Yu\n|-boost|p2a: Chi-Yu|spa|2\n|move|p2b: Amoonguss|Spore|p1b: Indeedee\n|-status|p1b: Indeedee|slp|[from] move: Spore\n|move|p1a: Slowpoke|Trick Room|p1a: Slowpoke\n|-fieldstart|move: Trick Room|[of] p1a: Slowpoke\n|\n|upkeep\n|turn|2\n|c|\u2606Arcacagne|I told you\n|c|\u2606Arcacagne|Now heat wave and switch in king\n|\n|t:|1683449415\n|switch|p2b: Kingambit|Kingambit, L50, M|100\/100\n|move|p1a: Slowpoke|Yawn|p2a: Chi-Yu\n|-start|p2a: Chi-Yu|move: Yawn|[of] p1a: Slowpoke\n|cant|p1b: Indeedee|slp\n|move|p2a: Chi-Yu|Heat Wave|p1b: Indeedee|[spread] p1a,p1b\n|-supereffective|p1a: Slowpoke\n|-damage|p1a: Slowpoke|0 fnt\n|-damage|p1b: Indeedee|19\/100 slp\n|faint|p1a: Slowpoke\n|-enditem|p1b: Indeedee|Eject Button\n|\n|t:|1683449426\n|switch|p1b: Palossand|Palossand, L50, M|100\/100\n|\n|upkeep\n|\n|t:|1683449429\n|switch|p1a: Gastrodon|Gastrodon-East, L50, F|100\/100\n|turn|3\n|c|\u2606Arcacagne|now tera water king and sword dance\n|c|\u2606Arcacagne|while protect the fish\n|\n|t:|1683449451\n|-terastallize|p2b: Kingambit|Water\n|move|p1b: Palossand|Protect|p1b: Palossand\n|-singleturn|p1b: Palossand|Protect\n|move|p1a: Gastrodon|Protect|p1a: Gastrodon\n|-singleturn|p1a: Gastrodon|Protect\n|move|p2a: Chi-Yu|Protect|p2a: Chi-Yu\n|-singleturn|p2a: Chi-Yu|Protect\n|move|p2b: Kingambit|Swords Dance|p2b: Kingambit\n|-boost|p2b: Kingambit|atk|2\n|\n|-end|p2a: Chi-Yu|move: Yawn|[silent]\n|-status|p2a: Chi-Yu|slp\n|upkeep\n|turn|4\n|c|\u2606Arcacagne|read the messages\n|c|\u2606Arcacagne|I am literally writing my moves\n|c|\u2606Arcacagne|kotow on the castle\n|\n|t:|1683449488\n|switch|p2a: Amoonguss|Amoonguss, L50, F|100\/100\n|move|p1b: Palossand|Iron Defense|p1b: Palossand\n|-boost|p1b: Palossand|def|2\n|move|p1a: Gastrodon|Ice Beam|p1b: Palossand\n|-supereffective|p1b: Palossand\n|-damage|p1b: Palossand|43\/100\n|-enditem|p1b: Palossand|Weakness Policy\n|-boost|p1b: Palossand|atk|2|[from] item: Weakness Policy\n|-boost|p1b: Palossand|spa|2|[from] item: Weakness Policy\n|move|p2b: Kingambit|Kowtow Cleave|p1b: Palossand\n|-supereffective|p1b: Palossand\n|-damage|p1b: Palossand|0 fnt\n|faint|p1b: Palossand\n|\n|upkeep\n|c|\u2606Arcacagne|and in among\n|\n|t:|1683449501\n|switch|p1b: Indeedee|Indeedee-F, L50, F|19\/100 slp\n|turn|5\n|c|\u2606Arcacagne|no words\n|-message|Tondislav forfeited.\n|\n|win|Arcacagne\n|raw|Tondislav's rating: 1086 → 1065<\/strong> (-21 for losing)\n|raw|Arcacagne's rating: 1115 → 1138<\/strong> (+23 for winning)\n|l|\u2606Tondislav\n","uploadtime":1683449534,"views":13,"p1id":"tondislav","p2id":"arcacagne","formatid":"gen9vgc2023regulationc","rating":1065,"private":0,"password":""}