{"id":"gen9vgc2023regulationc-1860523274","p1":"lazerDono","p2":"Planthony","format":"[Gen 9] VGC 2023 Regulation C","log":"|j|\u2606lazerDono\n|j|\u2606Planthony\n|t:|1683651461\n|gametype|doubles\n|player|p1|lazerDono|burglar|1405\n|player|p2|Planthony|265|1509\n|teamsize|p1|6\n|teamsize|p2|6\n|gen|9\n|tier|[Gen 9] VGC 2023 Regulation C\n|rated|\n|rule|Species Clause: Limit one of each Pok\u00e9mon\n|rule|Item Clause: Limit one of each item\n|clearpoke\n|poke|p1|Wo-Chien, L50|\n|poke|p1|Glimmora, L50, F|\n|poke|p1|Hippowdon, L50, F|\n|poke|p1|Gholdengo, L50|\n|poke|p1|Gyarados, L50, M|\n|poke|p1|Salazzle, L50, F|\n|poke|p2|Annihilape, L50, F|\n|poke|p2|Torkoal, L50, M|\n|poke|p2|Jumpluff, L50, F|\n|poke|p2|Great Tusk, L50|\n|poke|p2|Chien-Pao, L50|\n|poke|p2|Flutter Mane, L50|\n|teampreview|4\nlazerDono has agreed to open team sheets.\n|inactive|Battle timer is ON: inactive players will automatically lose when time's up. (requested by lazerDono)\n|\n|t:|1683651519\n|start\n|switch|p1a: Glimmora|Glimmora, L50, F|100\/100\n|switch|p1b: Gyarados|Gyarados, L50, M|100\/100\n|switch|p2a: Annihilape|Annihilape, L50, F|100\/100\n|switch|p2b: Jumpluff|Jumpluff, L50, F|100\/100\n|-ability|p1b: Gyarados|Intimidate|boost\n|-unboost|p2a: Annihilape|atk|1\n|-ability|p2a: Annihilape|Defiant|boost\n|-boost|p2a: Annihilape|atk|2\n|-unboost|p2b: Jumpluff|atk|1\n|turn|1\n|inactive|lazerDono has 30 seconds left.\n|inactive|lazerDono has 20 seconds left.\n|\n|t:|1683651557\n|switch|p1b: Wo-Chien|Wo-Chien, L50|100\/100\n|-ability|p1b: Wo-Chien|Tablets of Ruin\n|move|p2b: Jumpluff|Tailwind|p2b: Jumpluff\n|-sidestart|p2: Planthony|move: Tailwind\n|move|p2a: Annihilape|Bulk Up|p2a: Annihilape\n|-boost|p2a: Annihilape|atk|1\n|-boost|p2a: Annihilape|def|1\n|move|p1a: Glimmora|Mortal Spin|p2a: Annihilape|[spread] p2a,p2b\n|-resisted|p2a: Annihilape\n|-supereffective|p2b: Jumpluff\n|-damage|p2a: Annihilape|99\/100\n|-damage|p2b: Jumpluff|93\/100\n|-status|p2a: Annihilape|psn\n|\n|-heal|p2a: Annihilape|100\/100 psn|[from] item: Leftovers\n|-damage|p2a: Annihilape|88\/100 psn|[from] psn\n|upkeep\n|turn|2\n|\n|t:|1683651581\n|move|p2b: Jumpluff|Encore|p1a: Glimmora\n|-start|p1a: Glimmora|Encore\n|move|p2a: Annihilape|Drain Punch|p1b: Wo-Chien\n|-supereffective|p1b: Wo-Chien\n|-damage|p1b: Wo-Chien|20\/100\n|-heal|p2a: Annihilape|100\/100 psn|[from] drain|[of] p1b: Wo-Chien\n|-enditem|p1b: Wo-Chien|Aguav Berry|[eat]\n|-heal|p1b: Wo-Chien|53\/100|[from] item: Aguav Berry\n|move|p1a: Glimmora|Mortal Spin|p2b: Jumpluff|[spread] p2a,p2b\n|-resisted|p2a: Annihilape\n|-supereffective|p2b: Jumpluff\n|-damage|p2a: Annihilape|99\/100 psn\n|-damage|p2b: Jumpluff|85\/100\n|move|p1b: Wo-Chien|Leech Seed|p2a: Annihilape\n|-start|p2a: Annihilape|move: Leech Seed\n|\n|-heal|p2a: Annihilape|100\/100 psn|[from] item: Leftovers\n|-damage|p2a: Annihilape|88\/100 psn|[from] Leech Seed|[of] p1b: Wo-Chien\n|-heal|p1b: Wo-Chien|67\/100|[silent]\n|-damage|p2a: Annihilape|75\/100 psn|[from] psn\n|upkeep\n|turn|3\n|inactive|Planthony has 30 seconds left.\n|\n|t:|1683651608\n|switch|p1a: Hippowdon|Hippowdon, L50, F|100\/100\n|-weather|Sandstorm|[from] ability: Sand Stream|[of] p1a: Hippowdon\n|move|p1b: Wo-Chien|Protect|p1b: Wo-Chien\n|-singleturn|p1b: Wo-Chien|Protect\n|move|p2b: Jumpluff|Encore|p1b: Wo-Chien\n|-activate|p1b: Wo-Chien|move: Protect\n|move|p2a: Annihilape|Rage Fist|p1a: Hippowdon\n|-damage|p1a: Hippowdon|25\/100\n|-enditem|p1a: Hippowdon|Mago Berry|[eat]\n|-heal|p1a: Hippowdon|58\/100|[from] item: Mago Berry\n|\n|-weather|Sandstorm|[upkeep]\n|-damage|p2b: Jumpluff|79\/100|[from] Sandstorm\n|-damage|p2a: Annihilape|69\/100 psn|[from] Sandstorm\n|-damage|p1b: Wo-Chien|61\/100|[from] Sandstorm\n|-heal|p2a: Annihilape|75\/100 psn|[from] item: Leftovers\n|-damage|p2a: Annihilape|63\/100 psn|[from] Leech Seed|[of] p1b: Wo-Chien\n|-heal|p1b: Wo-Chien|76\/100|[silent]\n|-damage|p2a: Annihilape|50\/100 psn|[from] psn\n|upkeep\n|turn|4\n|inactive|lazerDono has 30 seconds left.\n|\n|t:|1683651634\n|switch|p1b: Glimmora|Glimmora, L50, F|100\/100\n|move|p2b: Jumpluff|Encore||[still]\n|-fail|p2b: Jumpluff\n|move|p2a: Annihilape|Drain Punch|p1b: Glimmora\n|-damage|p1b: Glimmora|31\/100\n|-heal|p2a: Annihilape|80\/100 psn|[from] drain|[of] p1b: Glimmora\n|-activate|p1b: Glimmora|ability: Toxic Debris\n|-sidestart|p2: Planthony|move: Toxic Spikes\n|move|p1a: Hippowdon|Sand Tomb|p2a: Annihilape\n|-damage|p2a: Annihilape|70\/100 psn\n|-activate|p2a: Annihilape|move: Sand Tomb|[of] p1a: Hippowdon\n|\n|-weather|Sandstorm|[upkeep]\n|-damage|p2b: Jumpluff|73\/100|[from] Sandstorm\n|-damage|p2a: Annihilape|64\/100 psn|[from] Sandstorm\n|-heal|p2a: Annihilape|70\/100 psn|[from] item: Leftovers\n|-damage|p2a: Annihilape|58\/100 psn|[from] Leech Seed|[of] p1b: Glimmora\n|-heal|p1b: Glimmora|46\/100|[silent]\n|-damage|p2a: Annihilape|45\/100 psn|[from] psn\n|-damage|p2a: Annihilape|33\/100 psn|[from] move: Sand Tomb|[partiallytrapped]\n|-sideend|p2: Planthony|move: Tailwind\n|upkeep\n|turn|5\n|inactive|lazerDono has 30 seconds left.\n|inactive|Planthony has 30 seconds left.\n|\n|t:|1683651665\n|move|p2b: Jumpluff|Sleep Powder|p1b: Glimmora\n|-status|p1b: Glimmora|slp|[from] move: Sleep Powder\n|move|p2a: Annihilape|Drain Punch|p1a: Hippowdon\n|-damage|p1a: Hippowdon|12\/100\n|-heal|p2a: Annihilape|57\/100 psn|[from] drain|[of] p1a: Hippowdon\n|cant|p1b: Glimmora|slp\n|move|p1a: Hippowdon|Stealth Rock|p2a: Annihilape\n|-sidestart|p2: Planthony|move: Stealth Rock\n|\n|-weather|Sandstorm|[upkeep]\n|-damage|p2b: Jumpluff|67\/100|[from] Sandstorm\n|-damage|p2a: Annihilape|50\/100 psn|[from] Sandstorm\n|-heal|p2a: Annihilape|57\/100 psn|[from] item: Leftovers\n|-damage|p2a: Annihilape|44\/100 psn|[from] Leech Seed|[of] p1b: Glimmora\n|-heal|p1b: Glimmora|60\/100 slp|[silent]\n|-damage|p2a: Annihilape|32\/100 psn|[from] psn\n|-damage|p2a: Annihilape|19\/100 psn|[from] move: Sand Tomb|[partiallytrapped]\n|upkeep\n|turn|6\n|inactive|lazerDono has 30 seconds left.\n|\n|t:|1683651698\n|switch|p1a: Wo-Chien|Wo-Chien, L50|76\/100\n|-ability|p1a: Wo-Chien|Tablets of Ruin\n|move|p2b: Jumpluff|Bullet Seed|p1a: Wo-Chien\n|-resisted|p1a: Wo-Chien\n|-damage|p1a: Wo-Chien|75\/100\n|-resisted|p1a: Wo-Chien\n|-damage|p1a: Wo-Chien|73\/100\n|-hitcount|p1a: Wo-Chien|2\n|move|p2a: Annihilape|Rage Fist|p1b: Glimmora\n|-damage|p1b: Glimmora|0 fnt\n|-activate|p1b: Glimmora|ability: Toxic Debris\n|-sidestart|p2: Planthony|move: Toxic Spikes\n|faint|p1b: Glimmora\n|\n|-weather|Sandstorm|[upkeep]\n|-damage|p2b: Jumpluff|61\/100|[from] Sandstorm\n|-damage|p2a: Annihilape|13\/100 psn|[from] Sandstorm\n|-damage|p1a: Wo-Chien|67\/100|[from] Sandstorm\n|-heal|p2a: Annihilape|19\/100 psn|[from] item: Leftovers\n|-damage|p2a: Annihilape|7\/100 psn|[from] psn\n|-end|p2a: Annihilape|Sand Tomb|[partiallytrapped]|[silent]\n|upkeep\n|\n|t:|1683651719\n|switch|p1b: Gyarados|Gyarados, L50, M|100\/100\n|-ability|p1b: Gyarados|Intimidate|boost\n|-unboost|p2a: Annihilape|atk|1\n|-ability|p2a: Annihilape|Defiant|boost\n|-boost|p2a: Annihilape|atk|2\n|-unboost|p2b: Jumpluff|atk|1\n|turn|7\n|\n|t:|1683651727\n|move|p1b: Gyarados|Protect|p1b: Gyarados\n|-singleturn|p1b: Gyarados|Protect\n|move|p1a: Wo-Chien|Protect|p1a: Wo-Chien\n|-singleturn|p1a: Wo-Chien|Protect\n|move|p2b: Jumpluff|Tailwind|p2b: Jumpluff\n|-sidestart|p2: Planthony|move: Tailwind\n|move|p2a: Annihilape|Rage Fist|p1b: Gyarados\n|-activate|p1b: Gyarados|move: Protect\n|\n|-weather|none\n|-heal|p2a: Annihilape|13\/100 psn|[from] item: Leftovers\n|-damage|p2a: Annihilape|0 fnt|[from] Leech Seed|[of] p1b: Gyarados\n|faint|p2a: Annihilape\n|upkeep\n|\n|t:|1683651742\n|switch|p2a: Chien-Pao|Chien-Pao, L50|100\/100\n|-status|p2a: Chien-Pao|tox\n|-damage|p2a: Chien-Pao|76\/100 tox|[from] Stealth Rock\n|-ability|p2a: Chien-Pao|Sword of Ruin\n|turn|8\n|\n|t:|1683651758\n|switch|p1b: Hippowdon|Hippowdon, L50, F|12\/100\n|-weather|Sandstorm|[from] ability: Sand Stream|[of] p1b: Hippowdon\n|move|p2a: Chien-Pao|Ice Spinner|p1a: Wo-Chien\n|-supereffective|p1a: Wo-Chien\n|-damage|p1a: Wo-Chien|8\/100\n|move|p2b: Jumpluff|Sleep Powder|p1b: Hippowdon\n|-status|p1b: Hippowdon|slp|[from] move: Sleep Powder\n|move|p1a: Wo-Chien|Leech Seed|p2a: Chien-Pao\n|-start|p2a: Chien-Pao|move: Leech Seed\n|\n|-weather|Sandstorm|[upkeep]\n|-damage|p2a: Chien-Pao|70\/100 tox|[from] Sandstorm\n|-damage|p2b: Jumpluff|55\/100|[from] Sandstorm\n|-damage|p1a: Wo-Chien|2\/100|[from] Sandstorm\n|-damage|p2a: Chien-Pao|58\/100 tox|[from] Leech Seed|[of] p1a: Wo-Chien\n|-heal|p1a: Wo-Chien|12\/100|[silent]\n|-damage|p2a: Chien-Pao|52\/100 tox|[from] psn\n|upkeep\n|turn|9\n|inactive|lazerDono has 30 seconds left.\n|inactive|Planthony has 30 seconds left.\n|\n|t:|1683651784\n|switch|p1b: Gyarados|Gyarados, L50, M|100\/100\n|-ability|p1b: Gyarados|Intimidate|boost\n|-unboost|p2a: Chien-Pao|atk|1\n|-unboost|p2b: Jumpluff|atk|1\n|move|p1a: Wo-Chien|Protect|p1a: Wo-Chien\n|-singleturn|p1a: Wo-Chien|Protect\n|move|p2a: Chien-Pao|Ice Spinner|p1b: Gyarados\n|-damage|p1b: Gyarados|76\/100\n|move|p2b: Jumpluff|Sleep Powder|p1a: Wo-Chien\n|-activate|p1a: Wo-Chien|move: Protect\n|\n|-weather|Sandstorm|[upkeep]\n|-damage|p2a: Chien-Pao|46\/100 tox|[from] Sandstorm\n|-damage|p2b: Jumpluff|49\/100|[from] Sandstorm\n|-damage|p1a: Wo-Chien|6\/100|[from] Sandstorm\n|-damage|p2a: Chien-Pao|34\/100 tox|[from] Leech Seed|[of] p1a: Wo-Chien\n|-heal|p1a: Wo-Chien|17\/100|[silent]\n|-damage|p2a: Chien-Pao|22\/100 tox|[from] psn\n|upkeep\n|turn|10\n|\n|t:|1683651807\n|-terastallize|p1a: Wo-Chien|Water\n|move|p1b: Gyarados|Protect|p1b: Gyarados\n|-singleturn|p1b: Gyarados|Protect\n|move|p2a: Chien-Pao|Ice Spinner|p1a: Wo-Chien\n|-resisted|p1a: Wo-Chien\n|-damage|p1a: Wo-Chien|7\/100\n|move|p2b: Jumpluff|Sleep Powder|p1b: Gyarados\n|-activate|p1b: Gyarados|move: Protect\n|move|p1a: Wo-Chien|Knock Off|p2b: Jumpluff\n|-damage|p2b: Jumpluff|4\/100\n|-enditem|p2b: Jumpluff|Covert Cloak|[from] move: Knock Off|[of] p1a: Wo-Chien\n|\n|-weather|Sandstorm|[upkeep]\n|-damage|p2a: Chien-Pao|17\/100 tox|[from] Sandstorm\n|-damage|p2b: Jumpluff|0 fnt|[from] Sandstorm\n|-damage|p1a: Wo-Chien|1\/100|[from] Sandstorm\n|faint|p2b: Jumpluff\n|-damage|p2a: Chien-Pao|4\/100 tox|[from] Leech Seed|[of] p1a: Wo-Chien\n|-heal|p1a: Wo-Chien|12\/100|[silent]\n|-damage|p2a: Chien-Pao|0 fnt|[from] psn\n|faint|p2a: Chien-Pao\n|-sideend|p2: Planthony|move: Tailwind\n|upkeep\n|\n|t:|1683651815\n|switch|p2b: Great Tusk|Great Tusk, L50|100\/100\n|-status|p2b: Great Tusk|tox\n|-damage|p2b: Great Tusk|98\/100 tox|[from] Stealth Rock\n|turn|11\n|\n|t:|1683651839\n|switch|p1b: Hippowdon|Hippowdon, L50, F|12\/100 slp\n|move|p2b: Great Tusk|Rock Slide|p1b: Hippowdon|[spread] p1a,p1b\n|-resisted|p1b: Hippowdon\n|-damage|p1a: Wo-Chien|0 fnt\n|-damage|p1b: Hippowdon|6\/100 slp\n|faint|p1a: Wo-Chien\n|\n|-weather|Sandstorm|[upkeep]\n|-damage|p2b: Great Tusk|92\/100 tox|[from] psn\n|upkeep\n|\n|t:|1683651850\n|switch|p1a: Gyarados|Gyarados, L50, M|76\/100\n|-ability|p1a: Gyarados|Intimidate|boost\n|-unboost|p2b: Great Tusk|atk|1\n|turn|12\n|\n|t:|1683651861\n|move|p1a: Gyarados|Protect|p1a: Gyarados\n|-singleturn|p1a: Gyarados|Protect\n|move|p2b: Great Tusk|Rock Slide|p1a: Gyarados|[spread] p1b\n|-activate|p1a: Gyarados|move: Protect\n|-resisted|p1b: Hippowdon\n|-damage|p1b: Hippowdon|0 fnt\n|faint|p1b: Hippowdon\n|\n|-weather|none\n|-damage|p2b: Great Tusk|81\/100 tox|[from] psn\n|upkeep\n|turn|13\n|\n|t:|1683651872\n|move|p2b: Great Tusk|Rock Slide|p1a: Gyarados\n|-supereffective|p1a: Gyarados\n|-damage|p1a: Gyarados|33\/100\n|cant|p1a: Gyarados|flinch\n|\n|-damage|p2b: Great Tusk|63\/100 tox|[from] psn\n|upkeep\n|turn|14\n|\n|t:|1683651881\n|move|p1a: Gyarados|Protect|p1a: Gyarados\n|-singleturn|p1a: Gyarados|Protect\n|move|p2b: Great Tusk|Rock Slide|p1a: Gyarados\n|-activate|p1a: Gyarados|move: Protect\n|\n|-damage|p2b: Great Tusk|40\/100 tox|[from] psn\n|upkeep\n|turn|15\n|\n|t:|1683651891\n|move|p2b: Great Tusk|Rock Slide|p1a: Gyarados\n|-supereffective|p1a: Gyarados\n|-damage|p1a: Gyarados|0 fnt\n|faint|p1a: Gyarados\n|\n|win|Planthony\n|raw|lazerDono's rating: 1405 → 1391<\/strong> (-14 for losing)\n|raw|Planthony's rating: 1509 → 1523<\/strong> (+14 for winning)\n","uploadtime":1683651895,"views":13,"p1id":"lazerdono","p2id":"planthony","formatid":"gen9vgc2023regulationc","rating":1391,"private":0,"password":""}