{"id":"gen9vgc2023regulationc-1862837329","p1":"ilpid","p2":"adrpen","format":"[Gen 9] VGC 2023 Regulation C","log":"|j|\u2606ilpid\n|j|\u2606adrpen\n|t:|1683927563\n|gametype|doubles\n|player|p1|ilpid|blaine|1185\n|player|p2|adrpen|boarder|1169\n|teamsize|p1|6\n|teamsize|p2|6\n|gen|9\n|tier|[Gen 9] VGC 2023 Regulation C\n|rated|\n|rule|Species Clause: Limit one of each Pok\u00e9mon\n|rule|Item Clause: Limit one of each item\n|clearpoke\n|poke|p1|Iron Thorns, L50|\n|poke|p1|Iron Bundle, L50|\n|poke|p1|Annihilape, L50, F|\n|poke|p1|Murkrow, L50, F|\n|poke|p1|Iron Moth, L50|\n|poke|p1|Rotom-Mow, L50|\n|poke|p2|Amoonguss, L50, M|\n|poke|p2|Palafin, L50, M|\n|poke|p2|Iron Hands, L50|\n|poke|p2|Arcanine, L50, M|\n|poke|p2|Flutter Mane, L50|\n|poke|p2|Dragonite, L50, M|\n|teampreview|4\n|inactive|Battle timer is ON: inactive players will automatically lose when time's up. (requested by adrpen)\n|inactive|ilpid has 60 seconds left.\n|inactive|adrpen has 60 seconds left.\n|\n|t:|1683927609\n|start\n|switch|p1a: Rotom|Rotom-Mow, L50|100\/100\n|switch|p1b: Iron Bundle|Iron Bundle, L50, shiny|100\/100\n|switch|p2a: Amoonguss|Amoonguss, L50, M, shiny|100\/100\n|switch|p2b: Flutter Mane|Flutter Mane, L50|100\/100\n|-enditem|p2b: Flutter Mane|Booster Energy\n|-activate|p2b: Flutter Mane|ability: Protosynthesis|[fromitem]\n|-start|p2b: Flutter Mane|protosynthesisspa\n|turn|1\n|\n|t:|1683927633\n|switch|p2a: Iron Hands|Iron Hands, L50, shiny|100\/100\n|move|p1b: Iron Bundle|Protect|p1b: Iron Bundle\n|-singleturn|p1b: Iron Bundle|Protect\n|move|p1a: Rotom|Trick|p2a: Iron Hands\n|-activate|p1a: Rotom|move: Trick|[of] p2a: Iron Hands\n|-item|p2a: Iron Hands|Choice Scarf|[from] move: Trick\n|-item|p1a: Rotom|Assault Vest|[from] move: Trick\n|move|p2b: Flutter Mane|Substitute|p2b: Flutter Mane\n|-start|p2b: Flutter Mane|Substitute\n|-damage|p2b: Flutter Mane|76\/100\n|\n|upkeep\n|turn|2\n|inactive|adrpen has 30 seconds left.\n|inactive|adrpen has 20 seconds left.\n|inactive|adrpen has 15 seconds left.\n|\n|t:|1683927674\n|move|p1b: Iron Bundle|Freeze-Dry|p2b: Flutter Mane\n|-end|p2b: Flutter Mane|Substitute\n|move|p2b: Flutter Mane|Shadow Ball|p1a: Rotom\n|-damage|p1a: Rotom|54\/100\n|-unboost|p1a: Rotom|spd|1\n|move|p1a: Rotom|Shadow Ball|p2b: Flutter Mane\n|-supereffective|p2b: Flutter Mane\n|-damage|p2b: Flutter Mane|37\/100\n|move|p2a: Iron Hands|Wild Charge|p1b: Iron Bundle\n|-supereffective|p1b: Iron Bundle\n|-enditem|p1b: Iron Bundle|Focus Sash\n|-damage|p1b: Iron Bundle|1\/100\n|-damage|p2a: Iron Hands|87\/100|[from] Recoil\n|\n|upkeep\n|turn|3\n|inactive|ilpid has 30 seconds left.\n|inactive|adrpen has 30 seconds left.\n|\n|t:|1683927702\n|move|p2b: Flutter Mane|Protect|p2b: Flutter Mane\n|-singleturn|p2b: Flutter Mane|Protect\n|move|p1b: Iron Bundle|Icy Wind|p2a: Iron Hands|[spread] p2a\n|-activate|p2b: Flutter Mane|move: Protect\n|-damage|p2a: Iron Hands|70\/100\n|-unboost|p2a: Iron Hands|spe|1\n|move|p1a: Rotom|Shadow Ball|p2b: Flutter Mane\n|-activate|p2b: Flutter Mane|move: Protect\n|move|p2a: Iron Hands|Wild Charge|p1b: Iron Bundle\n|-supereffective|p1b: Iron Bundle\n|-damage|p1b: Iron Bundle|0 fnt\n|faint|p1b: Iron Bundle\n|-end|p1b: Iron Bundle|Quark Drive|[silent]\n|-damage|p2a: Iron Hands|70\/100|[from] Recoil\n|\n|upkeep\n|\n|t:|1683927718\n|switch|p1b: Iron Moth|Iron Moth, L50|100\/100\n|-enditem|p1b: Iron Moth|Booster Energy\n|-activate|p1b: Iron Moth|ability: Quark Drive|[fromitem]\n|-start|p1b: Iron Moth|quarkdrivespe\n|turn|4\n|inactive|adrpen has 30 seconds left.\n|inactive|ilpid has 30 seconds left.\n|inactive|adrpen has 20 seconds left.\n|\n|t:|1683927755\n|move|p1b: Iron Moth|Acid Spray|p2b: Flutter Mane\n|-damage|p2b: Flutter Mane|20\/100\n|-unboost|p2b: Flutter Mane|spd|2\n|move|p2b: Flutter Mane|Substitute|p2b: Flutter Mane\n|-fail|p2b: Flutter Mane|move: Substitute|[weak]\n|move|p1a: Rotom|Shadow Ball|p2b: Flutter Mane\n|-supereffective|p2b: Flutter Mane\n|-damage|p2b: Flutter Mane|0 fnt\n|faint|p2b: Flutter Mane\n|-end|p2b: Flutter Mane|Protosynthesis|[silent]\n|move|p2a: Iron Hands|Wild Charge|p1b: Iron Moth\n|-damage|p1b: Iron Moth|26\/100\n|-damage|p2a: Iron Hands|56\/100|[from] Recoil\n|\n|upkeep\n|\n|t:|1683927764\n|switch|p2b: Amoonguss|Amoonguss, L50, M, shiny|100\/100\n|turn|5\n|\n|t:|1683927785\n|-terastallize|p1b: Iron Moth|Grass\n|-terastallize|p2b: Amoonguss|Water\n|move|p2b: Amoonguss|Rage Powder|p2b: Amoonguss\n|-singleturn|p2b: Amoonguss|move: Rage Powder\n|move|p1b: Iron Moth|Acid Spray|p2a: Iron Hands\n|-damage|p2a: Iron Hands|41\/100\n|-unboost|p2a: Iron Hands|spd|2\n|move|p1a: Rotom|Leaf Storm|p2a: Iron Hands\n|-damage|p2a: Iron Hands|0 fnt\n|-unboost|p1a: Rotom|spa|2\n|faint|p2a: Iron Hands\n|-end|p2a: Iron Hands|Quark Drive|[silent]\n|\n|upkeep\n|\n|t:|1683927798\n|switch|p2a: Dragonite|Dragonite, L50, M|100\/100\n|turn|6\n|\n|t:|1683927807\n|switch|p1a: Annihilape|Annihilape, L50, F|100\/100\n|move|p1b: Iron Moth|Protect|p1b: Iron Moth\n|-singleturn|p1b: Iron Moth|Protect\n|move|p2b: Amoonguss|Protect|p2b: Amoonguss\n|-singleturn|p2b: Amoonguss|Protect\n|move|p2a: Dragonite|Extreme Speed|p1b: Iron Moth\n|-activate|p1b: Iron Moth|move: Protect\n|\n|upkeep\n|turn|7\n|\n|t:|1683927829\n|move|p2a: Dragonite|Extreme Speed|p1b: Iron Moth\n|-damage|p1b: Iron Moth|0 fnt\n|faint|p1b: Iron Moth\n|-end|p1b: Iron Moth|Quark Drive|[silent]\n|move|p1a: Annihilape|Bulk Up|p1a: Annihilape\n|-boost|p1a: Annihilape|atk|1\n|-boost|p1a: Annihilape|def|1\n|move|p2b: Amoonguss|Pollen Puff|p2a: Dragonite\n|-immune|p2a: Dragonite\n|\n|upkeep\n|\n|t:|1683927839\n|switch|p1b: Rotom|Rotom-Mow, L50|54\/100\n|turn|8\n|\n|t:|1683927848\n|move|p1b: Rotom|Leaf Storm|p2b: Amoonguss|[miss]\n|-miss|p1b: Rotom|p2b: Amoonguss\n|move|p2a: Dragonite|Ice Spinner|p1b: Rotom\n|-supereffective|p1b: Rotom\n|-damage|p1b: Rotom|0 fnt\n|faint|p1b: Rotom\n|move|p1a: Annihilape|Bulk Up|p1a: Annihilape\n|-boost|p1a: Annihilape|atk|1\n|-boost|p1a: Annihilape|def|1\n|move|p2b: Amoonguss|Spore|p1a: Annihilape\n|-status|p1a: Annihilape|slp|[from] move: Spore\n|\n|upkeep\n|turn|9\n|\n|t:|1683927869\n|cant|p1a: Annihilape|slp\n|move|p2a: Dragonite|Ice Spinner|p1a: Annihilape\n|-damage|p1a: Annihilape|86\/100 slp\n|move|p2b: Amoonguss|Pollen Puff|p1a: Annihilape\n|-resisted|p1a: Annihilape\n|-damage|p1a: Annihilape|83\/100 slp\n|\n|-heal|p1a: Annihilape|89\/100 slp|[from] item: Leftovers\n|upkeep\n|turn|10\n|c|\u2606ilpid|that was really unlucky\n|\n|t:|1683927886\n|move|p2b: Amoonguss|Protect|p2b: Amoonguss\n|-singleturn|p2b: Amoonguss|Protect\n|move|p2a: Dragonite|Earthquake|p1a: Annihilape|[spread] p1a\n|-activate|p2b: Amoonguss|move: Protect\n|-damage|p1a: Annihilape|76\/100 slp\n|-curestatus|p1a: Annihilape|slp|[msg]\n|move|p1a: Annihilape|Rage Fist|p2b: Amoonguss\n|-activate|p2b: Amoonguss|move: Protect\n|\n|-heal|p1a: Annihilape|83\/100|[from] item: Leftovers\n|upkeep\n|turn|11\n|\n|t:|1683927909\n|move|p2a: Dragonite|Ice Spinner|p1a: Annihilape\n|-damage|p1a: Annihilape|67\/100\n|move|p1a: Annihilape|Rage Fist|p2b: Amoonguss\n|-damage|p2b: Amoonguss|0 fnt\n|-damage|p1a: Annihilape|50\/100|[from] item: Rocky Helmet|[of] p2b: Amoonguss\n|faint|p2b: Amoonguss\n|\n|-heal|p1a: Annihilape|57\/100|[from] item: Leftovers\n|upkeep\n|turn|12\n|\n|t:|1683927921\n|move|p1a: Annihilape|Protect|p1a: Annihilape\n|-singleturn|p1a: Annihilape|Protect\n|move|p2a: Dragonite|Earthquake|p1a: Annihilape\n|-activate|p1a: Annihilape|move: Protect\n|\n|-heal|p1a: Annihilape|63\/100|[from] item: Leftovers\n|upkeep\n|turn|13\n|\n|t:|1683927928\n|move|p2a: Dragonite|Earthquake|p1a: Annihilape\n|-damage|p1a: Annihilape|44\/100\n|move|p1a: Annihilape|Rage Fist|p2a: Dragonite\n|-damage|p2a: Dragonite|0 fnt\n|faint|p2a: Dragonite\n|\n|win|ilpid\n|raw|ilpid's rating: 1185 → 1209<\/strong> (+24 for winning)\n|raw|adrpen's rating: 1169 → 1145<\/strong> (-24 for losing)\n|c|\u2606adrpen|wtf\n|c|\u2606ilpid|bro\n","uploadtime":1683927944,"views":4,"p1id":"ilpid","p2id":"adrpen","formatid":"gen9vgc2023regulationc","rating":1145,"private":0,"password":""}