{"id":"gen9vgc2023regulationc-1847709068","p1":"Tonsoffamage","p2":"sidbuu","format":"[Gen 9] VGC 2023 Regulation C","log":"|j|\u2606Tonsoffamage\n|j|\u2606sidbuu\n|t:|1681994851\n|gametype|doubles\n|player|p1|Tonsoffamage|unknown|1051\n|player|p2|sidbuu|galacticgruntf|1117\n|teamsize|p1|6\n|teamsize|p2|6\n|gen|9\n|tier|[Gen 9] VGC 2023 Regulation C\n|rated|\n|rule|Species Clause: Limit one of each Pok\u00e9mon\n|rule|Item Clause: Limit one of each item\n|clearpoke\n|poke|p1|Rotom-Wash, L50|\n|poke|p1|Grimmsnarl, L50, M|\n|poke|p1|Dragapult, L50, F|\n|poke|p1|Flutter Mane, L50|\n|poke|p1|Amoonguss, L50, F|\n|poke|p1|Gastrodon, L50, F|\n|poke|p2|Ting-Lu, L50|\n|poke|p2|Murkrow, L50, F|\n|poke|p2|Dragonite, L50, M|\n|poke|p2|Hydreigon, L50, M|\n|poke|p2|Gyarados, L50, F|\n|poke|p2|Orthworm, L50, F|\n|teampreview|4\n|\n|t:|1681994878\n|start\n|switch|p1a: Gastrodon|Gastrodon, L50, F|100\/100\n|switch|p1b: Flutter Mane|Flutter Mane, L50|100\/100\n|switch|p2a: Murkrow|Murkrow, L50, F|100\/100\n|switch|p2b: Ting-Lu|Ting-Lu, L50|100\/100\n|-ability|p2b: Ting-Lu|Vessel of Ruin\n|turn|1\n|\n|t:|1681994891\n|-terastallize|p1b: Flutter Mane|Fairy\n|-terastallize|p2b: Ting-Lu|Ground\n|move|p2a: Murkrow|Tailwind|p2a: Murkrow\n|-sidestart|p2: sidbuu|move: Tailwind\n|move|p2b: Ting-Lu|Earthquake|p1b: Flutter Mane|[spread] p1a,p1b\n|-immune|p2a: Murkrow\n|-damage|p1a: Gastrodon|23\/100\n|-damage|p1b: Flutter Mane|0 fnt\n|faint|p1b: Flutter Mane\n|-end|p1b: Flutter Mane|Protosynthesis|[silent]\n|move|p1a: Gastrodon|Yawn|p2b: Ting-Lu\n|-start|p2b: Ting-Lu|move: Yawn|[of] p1a: Gastrodon\n|\n|upkeep\n|\n|t:|1681994904\n|switch|p1b: Dragapult|Dragapult, L50, F|100\/100\n|turn|2\n|\n|t:|1681994930\n|switch|p2b: Dragonite|Dragonite, L50, M|100\/100\n|move|p2a: Murkrow|Foul Play|p1b: Dragapult\n|-supereffective|p1b: Dragapult\n|-damage|p1b: Dragapult|0 fnt\n|faint|p1b: Dragapult\n|move|p1a: Gastrodon|Recover|p1a: Gastrodon\n|-heal|p1a: Gastrodon|73\/100\n|\n|upkeep\n|\n|t:|1681994938\n|switch|p1b: Rotom|Rotom-Wash, L50|100\/100\n|turn|3\n|\n|t:|1681994959\n|switch|p2a: Gyarados|Gyarados, L50, F|100\/100\n|-ability|p2a: Gyarados|Intimidate|boost\n|-unboost|p1a: Gastrodon|atk|1\n|-unboost|p1b: Rotom|atk|1\n|move|p2b: Dragonite|Extreme Speed|p1b: Rotom\n|-damage|p1b: Rotom|72\/100\n|move|p1b: Rotom|Thunderbolt|p2a: Gyarados\n|-supereffective|p2a: Gyarados\n|-damage|p2a: Gyarados|0 fnt\n|faint|p2a: Gyarados\n|move|p1a: Gastrodon|Chilling Water|p2b: Dragonite\n|-resisted|p2b: Dragonite\n|-damage|p2b: Dragonite|93\/100\n|-unboost|p2b: Dragonite|atk|1\n|\n|upkeep\n|\n|t:|1681994980\n|switch|p2a: Murkrow|Murkrow, L50, F|100\/100\n|turn|4\n|\n|t:|1681994998\n|switch|p2a: Ting-Lu|Ting-Lu, L50, tera:Ground|100\/100\n|-ability|p2a: Ting-Lu|Vessel of Ruin\n|move|p2b: Dragonite|Extreme Speed|p1b: Rotom\n|-damage|p1b: Rotom|53\/100\n|move|p1b: Rotom|Nasty Plot|p1b: Rotom\n|-boost|p1b: Rotom|spa|2\n|move|p1a: Gastrodon|Chilling Water|p2b: Dragonite\n|-resisted|p2b: Dragonite\n|-damage|p2b: Dragonite|87\/100\n|-unboost|p2b: Dragonite|atk|1\n|\n|-sideend|p2: sidbuu|move: Tailwind\n|upkeep\n|turn|5\n|inactive|Battle timer is ON: inactive players will automatically lose when time's up. (requested by Tonsoffamage)\n|\n|t:|1681995060\n|switch|p2b: Murkrow|Murkrow, L50, F|100\/100\n|move|p1b: Rotom|Thunderbolt|p2b: Murkrow\n|-supereffective|p2b: Murkrow\n|-crit|p2b: Murkrow\n|-damage|p2b: Murkrow|0 fnt\n|faint|p2b: Murkrow\n|move|p2a: Ting-Lu|Rock Slide|p1b: Rotom|[spread] p1a,p1b\n|-resisted|p1a: Gastrodon\n|-damage|p1a: Gastrodon|57\/100\n|-damage|p1b: Rotom|23\/100\n|move|p1a: Gastrodon|Chilling Water|p2a: Ting-Lu\n|-supereffective|p2a: Ting-Lu\n|-damage|p2a: Ting-Lu|77\/100\n|-unboost|p2a: Ting-Lu|atk|1\n|\n|upkeep\n|\n|t:|1681995073\n|switch|p2b: Dragonite|Dragonite, L50, M|87\/100\n|turn|6\n|\n|t:|1681995086\n|move|p1b: Rotom|Protect|p1b: Rotom\n|-singleturn|p1b: Rotom|Protect\n|move|p2b: Dragonite|Extreme Speed|p1b: Rotom\n|-activate|p1b: Rotom|move: Protect\n|move|p2a: Ting-Lu|Rock Slide|p1b: Rotom|[spread] p1a\n|-activate|p1b: Rotom|move: Protect\n|-resisted|p1a: Gastrodon\n|-damage|p1a: Gastrodon|48\/100\n|move|p1a: Gastrodon|Chilling Water|p2b: Dragonite\n|-resisted|p2b: Dragonite\n|-damage|p2b: Dragonite|81\/100\n|-unboost|p2b: Dragonite|atk|1\n|\n|upkeep\n|turn|7\n|inactive|Tonsoffamage has 30 seconds left.\n|\n|t:|1681995112\n|move|p2b: Dragonite|Extreme Speed|p1b: Rotom\n|-damage|p1b: Rotom|4\/100\n|move|p1b: Rotom|Thunderbolt|p2b: Dragonite\n|-damage|p2b: Dragonite|18\/100\n|move|p2a: Ting-Lu|Rock Slide|p1b: Rotom|[spread] p1a,p1b\n|-resisted|p1a: Gastrodon\n|-damage|p1a: Gastrodon|38\/100\n|-damage|p1b: Rotom|0 fnt\n|faint|p1b: Rotom\n|move|p1a: Gastrodon|Chilling Water|p2a: Ting-Lu\n|-supereffective|p2a: Ting-Lu\n|-damage|p2a: Ting-Lu|55\/100\n|-unboost|p2a: Ting-Lu|atk|1\n|\n|upkeep\n|turn|8\n|\n|t:|1681995130\n|move|p2b: Dragonite|Extreme Speed|p1a: Gastrodon\n|-damage|p1a: Gastrodon|17\/100\n|move|p2a: Ting-Lu|Rock Slide|p1a: Gastrodon\n|-resisted|p1a: Gastrodon\n|-damage|p1a: Gastrodon|7\/100\n|move|p1a: Gastrodon|Recover|p1a: Gastrodon\n|-heal|p1a: Gastrodon|57\/100\n|\n|upkeep\n|turn|9\n|\n|t:|1681995145\n|move|p2b: Dragonite|Extreme Speed|p1a: Gastrodon\n|-damage|p1a: Gastrodon|36\/100\n|move|p2a: Ting-Lu|Rock Slide|p1a: Gastrodon\n|-resisted|p1a: Gastrodon\n|-crit|p1a: Gastrodon\n|-damage|p1a: Gastrodon|8\/100\n|move|p1a: Gastrodon|Recover|p1a: Gastrodon\n|-heal|p1a: Gastrodon|58\/100\n|\n|upkeep\n|turn|10\n|\n|t:|1681995164\n|move|p2b: Dragonite|Rock Slide|p1a: Gastrodon\n|-resisted|p1a: Gastrodon\n|-damage|p1a: Gastrodon|48\/100\n|move|p2a: Ting-Lu|Rock Slide|p1a: Gastrodon\n|-resisted|p1a: Gastrodon\n|-damage|p1a: Gastrodon|38\/100\n|move|p1a: Gastrodon|Recover|p1a: Gastrodon\n|-heal|p1a: Gastrodon|88\/100\n|\n|upkeep\n|turn|11\n|\n|t:|1681995175\n|move|p2b: Dragonite|Rock Slide|p1a: Gastrodon\n|-resisted|p1a: Gastrodon\n|-damage|p1a: Gastrodon|78\/100\n|move|p2a: Ting-Lu|Rock Slide|p1a: Gastrodon\n|-resisted|p1a: Gastrodon\n|-damage|p1a: Gastrodon|69\/100\n|move|p1a: Gastrodon|Chilling Water|p2b: Dragonite\n|-resisted|p2b: Dragonite\n|-damage|p2b: Dragonite|12\/100\n|-unboost|p2b: Dragonite|atk|1\n|\n|upkeep\n|turn|12\n|\n|t:|1681995187\n|move|p2b: Dragonite|Rock Slide|p1a: Gastrodon\n|-resisted|p1a: Gastrodon\n|-damage|p1a: Gastrodon|62\/100\n|move|p2a: Ting-Lu|Rock Slide|p1a: Gastrodon\n|-resisted|p1a: Gastrodon\n|-damage|p1a: Gastrodon|53\/100\n|move|p1a: Gastrodon|Chilling Water|p2b: Dragonite\n|-resisted|p2b: Dragonite\n|-damage|p2b: Dragonite|7\/100\n|-unboost|p2b: Dragonite|atk|1\n|\n|upkeep\n|turn|13\n|\n|t:|1681995199\n|move|p2b: Dragonite|Rock Slide|p1a: Gastrodon\n|-resisted|p1a: Gastrodon\n|-damage|p1a: Gastrodon|47\/100\n|move|p2a: Ting-Lu|Rock Slide|p1a: Gastrodon|[miss]\n|-miss|p2a: Ting-Lu|p1a: Gastrodon\n|move|p1a: Gastrodon|Chilling Water|p2b: Dragonite\n|-resisted|p2b: Dragonite\n|-damage|p2b: Dragonite|0 fnt\n|faint|p2b: Dragonite\n|\n|upkeep\n|turn|14\n|\n|t:|1681995210\n|move|p2a: Ting-Lu|Rock Slide|p1a: Gastrodon\n|-resisted|p1a: Gastrodon\n|-damage|p1a: Gastrodon|38\/100\n|move|p1a: Gastrodon|Recover|p1a: Gastrodon\n|-heal|p1a: Gastrodon|88\/100\n|\n|upkeep\n|turn|15\n|-message|sidbuu forfeited.\n|\n|win|Tonsoffamage\n|raw|Tonsoffamage's rating: 1051 → 1089<\/strong> (+38 for winning)\n|raw|sidbuu's rating: 1117 → 1087<\/strong> (-30 for losing)\n|l|\u2606sidbuu\n","uploadtime":1681995230,"views":15,"p1id":"tonsoffamage","p2id":"sidbuu","formatid":"gen9vgc2023regulationc","rating":1087,"private":0,"password":""}