{"id":"gen9vgc2023regulationc-1847113573","p1":"ugh50","p2":"Ykrach","format":"[Gen 9] VGC 2023 Regulation C","log":"|j|\u2606ugh50\n|j|\u2606Ykrach\n|t:|1681920165\n|gametype|doubles\n|player|p1|ugh50|1|1066\n|player|p2|Ykrach|acetrainer-gen4dp|1034\n|teamsize|p1|6\n|teamsize|p2|6\n|gen|9\n|tier|[Gen 9] VGC 2023 Regulation C\n|rated|\n|rule|Species Clause: Limit one of each Pok\u00e9mon\n|rule|Item Clause: Limit one of each item\n|clearpoke\n|poke|p1|Iron Moth, L50|\n|poke|p1|Dondozo, L50, M|\n|poke|p1|Tatsugiri-Droopy, L50, M|\n|poke|p1|Bellibolt, L50, F|\n|poke|p1|Orthworm, L50, F|\n|poke|p1|Masquerain, L50, M|\n|poke|p2|Scizor, L50, M|\n|poke|p2|Murkrow, L50, F|\n|poke|p2|Hatterene, L50, F|\n|poke|p2|Garganacl, L50, M|\n|poke|p2|Arboliva, L50, M|\n|poke|p2|Iron Moth, L50|\n|teampreview|4\n|c|\u2606Ykrach|uhh masquerain <3\n|\n|t:|1681920198\n|start\n|switch|p1a: Iron Moth|Iron Moth, L50|100\/100\n|switch|p1b: Masquerain|Masquerain, L50, M|100\/100\n|switch|p2a: Murkrow|Murkrow, L50, F|100\/100\n|switch|p2b: Scizor|Scizor, L50, M|100\/100\n|-ability|p1b: Masquerain|Intimidate|boost\n|-unboost|p2a: Murkrow|atk|1\n|-fail|p2b: Scizor|unboost|[from] item: Clear Amulet|[of] p2b: Scizor\n|turn|1\n|\n|t:|1681920219\n|move|p2a: Murkrow|Tailwind|p2a: Murkrow\n|-sidestart|p2: Ykrach|move: Tailwind\n|move|p2b: Scizor|U-turn|p1a: Iron Moth\n|-resisted|p1a: Iron Moth\n|-crit|p1a: Iron Moth\n|-damage|p1a: Iron Moth|77\/100\n|\n|t:|1681920225\n|switch|p2b: Iron Moth|Iron Moth, L50|100\/100|[from] U-turn\n|-enditem|p2b: Iron Moth|Booster Energy\n|-activate|p2b: Iron Moth|ability: Quark Drive|[fromitem]\n|-start|p2b: Iron Moth|quarkdrivespa\n|move|p1a: Iron Moth|Toxic Spikes|p2a: Murkrow\n|-sidestart|p2: Ykrach|move: Toxic Spikes\n|move|p1b: Masquerain|Sticky Web|p2a: Murkrow\n|-sidestart|p2: Ykrach|move: Sticky Web\n|\n|upkeep\n|turn|2\n|\n|t:|1681920267\n|move|p2a: Murkrow|Thunder Wave|p1a: Iron Moth\n|-status|p1a: Iron Moth|par\n|move|p2b: Iron Moth|Fiery Dance|p1b: Masquerain\n|-supereffective|p1b: Masquerain\n|-enditem|p1b: Masquerain|Focus Sash\n|-damage|p1b: Masquerain|1\/100\n|-boost|p2b: Iron Moth|spa|1\n|move|p1b: Masquerain|Soak|p2b: Iron Moth\n|-start|p2b: Iron Moth|typechange|Water\n|cant|p1a: Iron Moth|par\n|\n|upkeep\n|turn|3\n|inactive|Battle timer is ON: inactive players will automatically lose when time's up. (requested by ugh50)\n|\n|t:|1681920297\n|-terastallize|p2b: Iron Moth|Water\n|move|p2a: Murkrow|Tailwind||[still]\n|-fail|p2a: Murkrow\n|move|p2b: Iron Moth|Tera Blast|p1a: Iron Moth\n|-supereffective|p1a: Iron Moth\n|-damage|p1a: Iron Moth|0 fnt\n|faint|p1a: Iron Moth\n|-end|p1a: Iron Moth|Quark Drive|[silent]\n|move|p1b: Masquerain|Bug Buzz|p2a: Murkrow\n|-damage|p2a: Murkrow|53\/100\n|\n|upkeep\n|\n|t:|1681920312\n|switch|p1a: Dondozo|Dondozo, L50, M|100\/100\n|turn|4\n|\n|t:|1681920331\n|move|p1a: Dondozo|Protect|p1a: Dondozo\n|-singleturn|p1a: Dondozo|Protect\n|move|p2a: Murkrow|Perish Song|p2a: Murkrow\n|-start|p1a: Dondozo|perish3|[silent]\n|-start|p1b: Masquerain|perish3|[silent]\n|-start|p2a: Murkrow|perish3|[silent]\n|-start|p2b: Iron Moth|perish3|[silent]\n|-fieldactivate|move: Perish Song\n|move|p2b: Iron Moth|Air Slash|p1b: Masquerain\n|-supereffective|p1b: Masquerain\n|-damage|p1b: Masquerain|0 fnt\n|faint|p1b: Masquerain\n|\n|-start|p2b: Iron Moth|perish3\n|-start|p2a: Murkrow|perish3\n|-start|p1a: Dondozo|perish3\n|-sideend|p2: Ykrach|move: Tailwind\n|upkeep\n|\n|t:|1681920342\n|switch|p1b: Tatsugiri|Tatsugiri-Droopy, L50, M|100\/100\n|-activate|p1b: Tatsugiri|ability: Commander|[of] p1a: Dondozo\n|-boost|p1a: Dondozo|atk|2\n|-boost|p1a: Dondozo|spa|2\n|-boost|p1a: Dondozo|spe|2\n|-boost|p1a: Dondozo|def|2\n|-boost|p1a: Dondozo|spd|2\n|turn|5\n|\n|t:|1681920357\n|-end|p2b: Iron Moth|Quark Drive|[silent]\n|switch|p2b: Arboliva|Arboliva, L50, M|100\/100\n|-status|p2b: Arboliva|psn\n|-activate|p2b: Arboliva|move: Sticky Web\n|-unboost|p2b: Arboliva|spe|1\n|switch|p2a: Scizor|Scizor, L50, M|100\/100\n|-activate|p2a: Scizor|move: Sticky Web\n|-fail|p2a: Scizor|unboost|[from] item: Clear Amulet|[of] p2a: Scizor\n|move|p1a: Dondozo|Order Up|p2a: Scizor\n|-resisted|p2a: Scizor\n|-damage|p2a: Scizor|81\/100\n|-boost|p1a: Dondozo|def|1\n|\n|-damage|p2b: Arboliva|88\/100 psn|[from] psn\n|-start|p1a: Dondozo|perish2\n|upkeep\n|turn|6\n|\n|t:|1681920380\n|move|p2a: Scizor|Protect|p2a: Scizor\n|-singleturn|p2a: Scizor|Protect\n|move|p1a: Dondozo|Body Press|p2a: Scizor\n|-activate|p2a: Scizor|move: Protect\n|move|p2b: Arboliva|Leech Seed|p1a: Dondozo\n|-start|p1a: Dondozo|move: Leech Seed\n|\n|-heal|p2b: Arboliva|94\/100 psn|[from] item: Leftovers\n|-damage|p1a: Dondozo|88\/100|[from] Leech Seed|[of] p2b: Arboliva\n|-heal|p2b: Arboliva|100\/100 psn|[silent]\n|-damage|p2b: Arboliva|88\/100 psn|[from] psn\n|-start|p1a: Dondozo|perish1\n|upkeep\n|turn|7\n|\n|t:|1681920405\n|switch|p2a: Murkrow|Murkrow, L50, F|53\/100\n|move|p1a: Dondozo|Body Press|p2b: Arboliva\n|-supereffective|p2b: Arboliva\n|-damage|p2b: Arboliva|0 fnt\n|-fieldstart|move: Grassy Terrain|[from] ability: Seed Sower|[of] p2b: Arboliva\n|faint|p2b: Arboliva\n|\n|-heal|p1a: Dondozo|94\/100|[from] Grassy Terrain\n|-heal|p1a: Dondozo|100\/100|[from] item: Leftovers\n|-start|p1a: Dondozo|perish0\n|faint|p1a: Dondozo\n|upkeep\n|\n|t:|1681920418\n|switch|p2b: Scizor|Scizor, L50, M|81\/100\n|-activate|p2b: Scizor|move: Sticky Web\n|-fail|p2b: Scizor|unboost|[from] item: Clear Amulet|[of] p2b: Scizor\n|turn|8\n|\n|t:|1681920435\n|move|p2a: Murkrow|Thunder Wave|p1b: Tatsugiri\n|-status|p1b: Tatsugiri|par\n|move|p2b: Scizor|Swords Dance|p2b: Scizor\n|-boost|p2b: Scizor|atk|2\n|move|p1b: Tatsugiri|Draco Meteor|p2b: Scizor\n|-resisted|p2b: Scizor\n|-crit|p2b: Scizor\n|-damage|p2b: Scizor|16\/100\n|-unboost|p1b: Tatsugiri|spa|2\n|\n|-heal|p2b: Scizor|22\/100|[from] Grassy Terrain\n|upkeep\n|turn|9\n|\n|t:|1681920450\n|move|p2a: Murkrow|Foul Play|p1b: Tatsugiri\n|-damage|p1b: Tatsugiri|77\/100 par\n|move|p1b: Tatsugiri|Draco Meteor|p2a: Murkrow\n|-damage|p2a: Murkrow|17\/100\n|-unboost|p1b: Tatsugiri|spa|2\n|move|p2b: Scizor|U-turn|p1b: Tatsugiri\n|-damage|p1b: Tatsugiri|0 fnt\n|faint|p1b: Tatsugiri\n|\n|win|Ykrach\n|raw|ugh50's rating: 1066 → 1044<\/strong> (-22 for losing)\n|raw|Ykrach's rating: 1034 → 1072<\/strong> (+38 for winning)\n","uploadtime":1681920463,"views":4,"p1id":"ugh50","p2id":"ykrach","formatid":"gen9vgc2023regulationc","rating":1044,"private":0,"password":""}