{"id":"gen9vgc2023regulationc-1847931987","p1":"N FariNas","p2":"Felipe.Miller.V","format":"[Gen 9] VGC 2023 Regulation C","log":"|j|\u2606N FariNas\n|j|\u2606Felipe.Miller.V\n|t:|1682013720\n|gametype|doubles\n|player|p1|N FariNas|blackbelt-gen4dp|1092\n|player|p2|Felipe.Miller.V|169|1111\n|teamsize|p1|6\n|teamsize|p2|6\n|gen|9\n|tier|[Gen 9] VGC 2023 Regulation C\n|rated|\n|rule|Species Clause: Limit one of each Pok\u00e9mon\n|rule|Item Clause: Limit one of each item\n|clearpoke\n|poke|p1|Palafin, L50, F|\n|poke|p1|Arcanine, L50, F|\n|poke|p1|Amoonguss, L50, F|\n|poke|p1|Flutter Mane, L50|\n|poke|p1|Chi-Yu, L50|\n|poke|p1|Garganacl, L50, F|\n|poke|p2|Eiscue, L50, F|\n|poke|p2|Blissey, L50, F|\n|poke|p2|Beartic, L50, F|\n|poke|p2|Abomasnow, L50, F|\n|poke|p2|Iron Bundle, L50|\n|poke|p2|Bellibolt, L50, F|\n|teampreview|4\n|inactive|Battle timer is ON: inactive players will automatically lose when time's up. (requested by N FariNas)\n|\n|t:|1682013749\n|start\n|switch|p1a: Chi-Yu|Chi-Yu, L50|100\/100\n|switch|p1b: Palafin|Palafin, L50, F|100\/100\n|switch|p2a: Abominavel|Abomasnow, L50, F|100\/100\n|switch|p2b: MrRobot|Iron Bundle, L50|100\/100\n|-ability|p1a: Chi-Yu|Beads of Ruin\n|-weather|Snow|[from] ability: Snow Warning|[of] p2a: Abominavel\n|-enditem|p2b: MrRobot|Booster Energy\n|-activate|p2b: MrRobot|ability: Quark Drive|[fromitem]\n|-start|p2b: MrRobot|quarkdrivespe\n|turn|1\n|\n|t:|1682013773\n|-terastallize|p1a: Chi-Yu|Grass\n|move|p2a: Abominavel|Protect|p2a: Abominavel\n|-singleturn|p2a: Abominavel|Protect\n|move|p2b: MrRobot|Aurora Veil|p2b: MrRobot\n|-sidestart|p2: Felipe.Miller.V|move: Aurora Veil\n|move|p1b: Palafin|Flip Turn|p2b: MrRobot\n|-resisted|p2b: MrRobot\n|-damage|p2b: MrRobot|94\/100\n|\n|t:|1682013782\n|detailschange|p1b: Palafin|Palafin-Hero, L50, F\n|switch|p1b: Garganacl|Garganacl, L50, F|100\/100|[from] Flip Turn\n|move|p1a: Chi-Yu|Tera Blast|p2b: MrRobot\n|-supereffective|p2b: MrRobot\n|-damage|p2b: MrRobot|0 fnt\n|faint|p2b: MrRobot\n|-end|p2b: MrRobot|Quark Drive|[silent]\n|\n|-weather|Snow|[upkeep]\n|upkeep\n|\n|t:|1682013793\n|switch|p2b: Nancy|Blissey, L50, F|100\/100\n|turn|2\n|\n|t:|1682013806\n|switch|p1a: Palafin|Palafin-Hero, L50, F|100\/100\n|-activate|p1a: Palafin|ability: Zero to Hero\n|move|p2a: Abominavel|Blizzard|p1b: Garganacl|[spread] p1a,p1b\n|-resisted|p1a: Palafin\n|-damage|p1a: Palafin|78\/100\n|-damage|p1b: Garganacl|75\/100\n|move|p2b: Nancy|Calm Mind|p2b: Nancy\n|-boost|p2b: Nancy|spa|1\n|-boost|p2b: Nancy|spd|1\n|move|p1b: Garganacl|Iron Defense|p1b: Garganacl\n|-boost|p1b: Garganacl|def|2\n|\n|-weather|Snow|[upkeep]\n|-heal|p1b: Garganacl|81\/100|[from] item: Leftovers\n|upkeep\n|turn|3\n|inactive|Felipe.Miller.V has 30 seconds left.\n|\n|t:|1682013833\n|-terastallize|p2b: Nancy|Ghost\n|move|p1a: Palafin|Close Combat|p2b: Nancy\n|-immune|p2b: Nancy\n|move|p2a: Abominavel|Leaf Storm|p1a: Palafin\n|-supereffective|p1a: Palafin\n|-damage|p1a: Palafin|0 fnt\n|-unboost|p2a: Abominavel|spa|2\n|faint|p1a: Palafin\n|move|p2b: Nancy|Calm Mind|p2b: Nancy\n|-boost|p2b: Nancy|spa|1\n|-boost|p2b: Nancy|spd|1\n|move|p1b: Garganacl|Salt Cure|p2b: Nancy\n|-damage|p2b: Nancy|92\/100\n|-start|p2b: Nancy|Salt Cure\n|\n|-weather|Snow|[upkeep]\n|-heal|p1b: Garganacl|87\/100|[from] item: Leftovers\n|-damage|p2b: Nancy|80\/100|[from] Salt Cure\n|upkeep\n|\n|t:|1682013850\n|switch|p1a: Amoonguss|Amoonguss, L50, F|100\/100\n|turn|4\n|\n|t:|1682013864\n|move|p2a: Abominavel|Protect|p2a: Abominavel\n|-singleturn|p2a: Abominavel|Protect\n|move|p2b: Nancy|Hyper Voice|p1b: Garganacl|[spread] p1a,p1b\n|-resisted|p1b: Garganacl\n|-damage|p1a: Amoonguss|60\/100\n|-damage|p1b: Garganacl|70\/100\n|move|p1b: Garganacl|Salt Cure|p2a: Abominavel\n|-activate|p2a: Abominavel|move: Protect\n|move|p1a: Amoonguss|Spore|p2b: Nancy\n|-activate|p2b: Nancy|item: Safety Goggles|Spore\n|\n|-weather|Snow|[upkeep]\n|-heal|p1b: Garganacl|75\/100|[from] item: Leftovers\n|-damage|p2b: Nancy|67\/100|[from] Salt Cure\n|upkeep\n|turn|5\n|\n|t:|1682013888\n|move|p2a: Abominavel|Blizzard|p1a: Amoonguss|[spread] p1a,p1b\n|-supereffective|p1a: Amoonguss\n|-damage|p1a: Amoonguss|26\/100\n|-damage|p1b: Garganacl|64\/100\n|-enditem|p1a: Amoonguss|Sitrus Berry|[eat]\n|-heal|p1a: Amoonguss|50\/100|[from] item: Sitrus Berry\n|move|p2b: Nancy|Shadow Ball|p1b: Garganacl\n|-damage|p1b: Garganacl|44\/100\n|move|p1b: Garganacl|Recover|p1b: Garganacl\n|-heal|p1b: Garganacl|95\/100\n|move|p1a: Amoonguss|Spore|p2a: Abominavel\n|-immune|p2a: Abominavel\n|\n|-weather|none\n|-heal|p1b: Garganacl|100\/100|[from] item: Leftovers\n|-damage|p2b: Nancy|55\/100|[from] Salt Cure\n|-sideend|p2: Felipe.Miller.V|move: Aurora Veil\n|upkeep\n|turn|6\n|\n|t:|1682013912\n|switch|p2a: DanoninhoIce|Eiscue, L50, F, shiny|100\/100\n|switch|p1b: Chi-Yu|Chi-Yu, L50, tera:Grass|100\/100\n|-ability|p1b: Chi-Yu|Beads of Ruin\n|move|p1a: Amoonguss|Rage Powder|p1a: Amoonguss\n|-singleturn|p1a: Amoonguss|move: Rage Powder\n|move|p2b: Nancy|Calm Mind|p2b: Nancy\n|-boost|p2b: Nancy|spa|1\n|-boost|p2b: Nancy|spd|1\n|\n|-damage|p2b: Nancy|42\/100|[from] Salt Cure\n|upkeep\n|turn|7\n|\n|t:|1682013929\n|move|p2a: DanoninhoIce|Protect|p2a: DanoninhoIce\n|-singleturn|p2a: DanoninhoIce|Protect\n|move|p1b: Chi-Yu|Heat Wave|p2b: Nancy|[spread] p2b\n|-activate|p2a: DanoninhoIce|move: Protect\n|-damage|p2b: Nancy|30\/100\n|move|p2b: Nancy|Soft-Boiled|p2b: Nancy\n|-heal|p2b: Nancy|80\/100\n|move|p1a: Amoonguss|Pollen Puff|p2b: Nancy\n|-resisted|p2b: Nancy\n|-damage|p2b: Nancy|78\/100\n|\n|-damage|p2b: Nancy|65\/100|[from] Salt Cure\n|upkeep\n|turn|8\n|inactive|Felipe.Miller.V has 30 seconds left.\n|\n|t:|1682013963\n|switch|p2a: Abominavel|Abomasnow, L50, F|100\/100\n|-weather|Snow|[from] ability: Snow Warning|[of] p2a: Abominavel\n|move|p1a: Amoonguss|Rage Powder|p1a: Amoonguss\n|-singleturn|p1a: Amoonguss|move: Rage Powder\n|move|p1b: Chi-Yu|Heat Wave|p2a: Abominavel|[spread] p2b\n|-miss|p1b: Chi-Yu|p2a: Abominavel\n|-damage|p2b: Nancy|53\/100\n|move|p2b: Nancy|Hyper Voice|p1b: Chi-Yu|[spread] p1a,p1b\n|-damage|p1a: Amoonguss|0 fnt\n|-damage|p1b: Chi-Yu|29\/100\n|faint|p1a: Amoonguss\n|\n|-weather|Snow|[upkeep]\n|-damage|p2b: Nancy|41\/100|[from] Salt Cure\n|upkeep\n|-message|N FariNas forfeited.\n|\n|win|Felipe.Miller.V\n|raw|N FariNas's rating: 1092 → 1070<\/strong> (-22 for losing)\n|raw|Felipe.Miller.V's rating: 1111 → 1135<\/strong> (+24 for winning)\n|l|\u2606N FariNas\n","uploadtime":1682013981,"views":15,"p1id":"nfarinas","p2id":"felipemillerv","formatid":"gen9vgc2023regulationc","rating":1070,"private":0,"password":""}