{"id":"gen9vgc2023regulationc-1850552872","p1":"HoneyPaisennn","p2":"ChiangWu","format":"[Gen 9] VGC 2023 Regulation C","log":"|j|\u2606HoneyPaisennn\n|j|\u2606ChiangWu\n|t:|1682348064\n|gametype|doubles\n|player|p1|HoneyPaisennn|hilda-wonderlauncher|1235\n|player|p2|ChiangWu|lucas|1316\n|teamsize|p1|6\n|teamsize|p2|6\n|gen|9\n|tier|[Gen 9] VGC 2023 Regulation C\n|rated|\n|rule|Species Clause: Limit one of each Pok\u00e9mon\n|rule|Item Clause: Limit one of each item\n|clearpoke\n|poke|p1|Amoonguss, L50, M|\n|poke|p1|Pelipper, L50, F|\n|poke|p1|Palafin, L50, F|\n|poke|p1|Barraskewda, L50, F|\n|poke|p1|Chien-Pao, L50|\n|poke|p1|Gholdengo, L50|\n|poke|p2|Maushold-Four, L50|\n|poke|p2|Annihilape, L50, M|\n|poke|p2|Chien-Pao, L50|\n|poke|p2|Flutter Mane, L50|\n|poke|p2|Palafin, L50, M|\n|poke|p2|Luxray, L50, M|\n|teampreview|4\n|\n|t:|1682348088\n|start\n|switch|p1a: Pelipper|Pelipper, L50, F|100\/100\n|switch|p1b: Barraskewda|Barraskewda, L50, F|100\/100\n|switch|p2a: Palafin|Palafin, L50, M|100\/100\n|switch|p2b: Luxray|Luxray, L50, M, shiny|100\/100\n|-weather|RainDance|[from] ability: Drizzle|[of] p1a: Pelipper\n|-ability|p2b: Luxray|Intimidate|boost\n|-unboost|p1a: Pelipper|atk|1\n|-unboost|p1b: Barraskewda|atk|1\n|turn|1\n|inactive|Battle timer is ON: inactive players will automatically lose when time's up. (requested by ChiangWu)\n|\n|t:|1682348119\n|detailschange|p2a: Palafin|Palafin-Hero, L50, M\n|switch|p2a: Maushold|Maushold-Four, L50|100\/100\n|-terastallize|p2b: Luxray|Grass\n|move|p1a: Pelipper|Helping Hand|p1b: Barraskewda\n|-singleturn|p1b: Barraskewda|Helping Hand|[of] p1a: Pelipper\n|move|p1b: Barraskewda|Close Combat|p2b: Luxray\n|-damage|p2b: Luxray|65\/100\n|-unboost|p1b: Barraskewda|def|1\n|-unboost|p1b: Barraskewda|spd|1\n|move|p2b: Luxray|Wild Charge|p1a: Pelipper\n|-supereffective|p1a: Pelipper\n|-damage|p1a: Pelipper|0 fnt\n|faint|p1a: Pelipper\n|-damage|p2b: Luxray|42\/100|[from] Recoil\n|-enditem|p2b: Luxray|Sitrus Berry|[eat]\n|-heal|p2b: Luxray|67\/100|[from] item: Sitrus Berry\n|\n|-weather|RainDance|[upkeep]\n|upkeep\n|\n|t:|1682348142\n|switch|p1a: Palafin|Palafin, L50, F|100\/100\n|turn|2\n|\n|t:|1682348156\n|switch|p1b: Gholdengo|Gholdengo, L50|100\/100\n|move|p1a: Palafin|Protect|p1a: Palafin\n|-singleturn|p1a: Palafin|Protect\n|move|p2a: Maushold|Follow Me|p2a: Maushold\n|-singleturn|p2a: Maushold|move: Follow Me\n|move|p2b: Luxray|Wild Charge|p1b: Gholdengo\n|-damage|p1b: Gholdengo|56\/100\n|-damage|p2b: Luxray|56\/100|[from] Recoil\n|\n|-weather|RainDance|[upkeep]\n|upkeep\n|turn|3\n|inactive|HoneyPaisennn has 30 seconds left.\n|\n|t:|1682348187\n|detailschange|p1a: Palafin|Palafin-Hero, L50, F\n|switch|p1a: Barraskewda|Barraskewda, L50, F|100\/100\n|move|p2a: Maushold|Protect|p2a: Maushold\n|-singleturn|p2a: Maushold|Protect\n|move|p1b: Gholdengo|Trick|p2a: Maushold\n|-activate|p2a: Maushold|move: Protect\n|move|p2b: Luxray|Wild Charge|p1a: Barraskewda\n|-supereffective|p1a: Barraskewda\n|-enditem|p1a: Barraskewda|Focus Sash\n|-damage|p1a: Barraskewda|1\/100\n|-damage|p2b: Luxray|38\/100|[from] Recoil\n|\n|-weather|RainDance|[upkeep]\n|upkeep\n|turn|4\n|inactive|HoneyPaisennn has 30 seconds left.\n|\n|t:|1682348214\n|move|p2a: Maushold|Follow Me|p2a: Maushold\n|-singleturn|p2a: Maushold|move: Follow Me\n|move|p1a: Barraskewda|Close Combat|p2a: Maushold\n|-supereffective|p2a: Maushold\n|-damage|p2a: Maushold|9\/100\n|-unboost|p1a: Barraskewda|def|1\n|-unboost|p1a: Barraskewda|spd|1\n|move|p1b: Gholdengo|Trick|p2a: Maushold\n|-activate|p1b: Gholdengo|move: Trick|[of] p2a: Maushold\n|-item|p2a: Maushold|Choice Scarf|[from] move: Trick\n|-item|p1b: Gholdengo|Safety Goggles|[from] move: Trick\n|move|p2b: Luxray|Wild Charge|p1b: Gholdengo\n|-damage|p1b: Gholdengo|16\/100\n|-damage|p2b: Luxray|28\/100|[from] Recoil\n|\n|-weather|RainDance|[upkeep]\n|upkeep\n|turn|5\n|inactive|HoneyPaisennn has 30 seconds left.\n|\n|t:|1682348242\n|move|p2b: Luxray|Protect|p2b: Luxray\n|-singleturn|p2b: Luxray|Protect\n|move|p2a: Maushold|Follow Me|p2a: Maushold\n|-singleturn|p2a: Maushold|move: Follow Me\n|move|p1a: Barraskewda|Close Combat|p2a: Maushold\n|-supereffective|p2a: Maushold\n|-damage|p2a: Maushold|0 fnt\n|-unboost|p1a: Barraskewda|def|1\n|-unboost|p1a: Barraskewda|spd|1\n|faint|p2a: Maushold\n|move|p1b: Gholdengo|Thunder|p2b: Luxray\n|-activate|p2b: Luxray|move: Protect\n|\n|-weather|RainDance|[upkeep]\n|upkeep\n|\n|t:|1682348254\n|switch|p2a: Palafin|Palafin-Hero, L50, M|100\/100\n|-activate|p2a: Palafin|ability: Zero to Hero\n|turn|6\n|\n|t:|1682348271\n|-terastallize|p1a: Barraskewda|Electric\n|move|p2a: Palafin|Jet Punch|p1b: Gholdengo\n|-damage|p1b: Gholdengo|0 fnt\n|faint|p1b: Gholdengo\n|move|p2b: Luxray|Baby-Doll Eyes|p1a: Barraskewda\n|-unboost|p1a: Barraskewda|atk|1\n|move|p1a: Barraskewda|Tera Blast|p2a: Palafin\n|-supereffective|p2a: Palafin\n|-damage|p2a: Palafin|48\/100\n|\n|-weather|RainDance|[upkeep]\n|upkeep\n|\n|t:|1682348283\n|switch|p1b: Palafin|Palafin-Hero, L50, F|100\/100\n|-activate|p1b: Palafin|ability: Zero to Hero\n|turn|7\n|\n|t:|1682348294\n|switch|p2b: Annihilape|Annihilape, L50, M|100\/100\n|move|p1a: Barraskewda|Protect|p1a: Barraskewda\n|-singleturn|p1a: Barraskewda|Protect\n|move|p1b: Palafin|Protect|p1b: Palafin\n|-singleturn|p1b: Palafin|Protect\n|move|p2a: Palafin|Protect||[still]\n|-fail|p2a: Palafin\n|\n|-weather|RainDance|[upkeep]\n|upkeep\n|turn|8\n|\n|t:|1682348316\n|switch|p2b: Luxray|Luxray, L50, M, shiny, tera:Grass|28\/100\n|-ability|p2b: Luxray|Intimidate|boost\n|-unboost|p1a: Barraskewda|atk|1\n|-unboost|p1b: Palafin|atk|1\n|move|p2a: Palafin|Jet Punch|p1a: Barraskewda\n|-damage|p1a: Barraskewda|0 fnt\n|faint|p1a: Barraskewda\n|move|p1b: Palafin|Wave Crash|p2a: Palafin\n|-resisted|p2a: Palafin\n|-damage|p2a: Palafin|4\/100\n|-damage|p1b: Palafin|86\/100|[from] Recoil\n|\n|-weather|none\n|upkeep\n|turn|9\n|inactive|HoneyPaisennn has 30 seconds left.\n|\n|t:|1682348348\n|move|p2a: Palafin|Protect|p2a: Palafin\n|-singleturn|p2a: Palafin|Protect\n|move|p1b: Palafin|Jet Punch|p2b: Luxray\n|-resisted|p2b: Luxray\n|-damage|p2b: Luxray|12\/100\n|move|p2b: Luxray|Baby-Doll Eyes|p1b: Palafin\n|-unboost|p1b: Palafin|atk|1\n|\n|upkeep\n|turn|10\n|-message|HoneyPaisennn forfeited.\n|\n|win|ChiangWu\n|raw|HoneyPaisennn's rating: 1235 → 1216<\/strong> (-19 for losing)\n|raw|ChiangWu's rating: 1316 → 1331<\/strong> (+15 for winning)\n|l|\u2606HoneyPaisennn\n","uploadtime":1682348361,"views":25,"p1id":"honeypaisennn","p2id":"chiangwu","formatid":"gen9vgc2023regulationc","rating":1216,"private":0,"password":""}