{"id":"gen9vgc2023regulationc-1853443741","p1":"NicoHaxVGC","p2":"alenesse","format":"[Gen 9] VGC 2023 Regulation C","log":"|j|\u2606NicoHaxVGC\n|j|\u2606alenesse\n|t:|1682685752\n|gametype|doubles\n|player|p1|NicoHaxVGC|hilbert-wonderlauncher|1254\n|player|p2|alenesse|blue|1261\n|teamsize|p1|6\n|teamsize|p2|6\n|gen|9\n|tier|[Gen 9] VGC 2023 Regulation C\n|rated|\n|rule|Species Clause: Limit one of each Pok\u00e9mon\n|rule|Item Clause: Limit one of each item\n|clearpoke\n|poke|p1|Corviknight, L50, M|\n|poke|p1|Annihilape, L50, F|\n|poke|p1|Amoonguss, L50, F|\n|poke|p1|Ting-Lu, L50|\n|poke|p1|Flutter Mane, L50|\n|poke|p1|Iron Bundle, L50|\n|poke|p2|Arcanine, L50, F|\n|poke|p2|Amoonguss, L50, F|\n|poke|p2|Flutter Mane, L50|\n|poke|p2|Wo-Chien, L50|\n|poke|p2|Kingambit, L50, F|\n|poke|p2|Palafin, L50, M|\n|teampreview|4\n|inactive|Battle timer is ON: inactive players will automatically lose when time's up. (requested by NicoHaxVGC)\n|\n|t:|1682685774\n|start\n|switch|p1a: Raven|Corviknight, L50, M|100\/100\n|switch|p1b: Ting-Lu|Ting-Lu, L50|100\/100\n|switch|p2a: Wo-Chien|Wo-Chien, L50|100\/100\n|switch|p2b: Flutter Mane|Flutter Mane, L50|100\/100\n|-ability|p2a: Wo-Chien|Tablets of Ruin\n|-ability|p1b: Ting-Lu|Vessel of Ruin\n|-enditem|p2b: Flutter Mane|Booster Energy\n|-activate|p2b: Flutter Mane|ability: Protosynthesis|[fromitem]\n|-start|p2b: Flutter Mane|protosynthesisspa\n|turn|1\n|\n|t:|1682685797\n|switch|p2a: Arcanine|Arcanine, L50, F|100\/100\n|-ability|p2a: Arcanine|Intimidate|boost\n|-ability|p1a: Raven|Mirror Armor\n|-unboost|p2a: Arcanine|atk|1\n|-unboost|p1b: Ting-Lu|atk|1\n|-terastallize|p2b: Flutter Mane|Fairy\n|move|p2b: Flutter Mane|Moonblast|p1b: Ting-Lu\n|-supereffective|p1b: Ting-Lu\n|-damage|p1b: Ting-Lu|39\/100\n|-unboost|p1b: Ting-Lu|spa|1\n|move|p1a: Raven|Brave Bird|p2a: Arcanine\n|-damage|p2a: Arcanine|59\/100\n|-damage|p1a: Raven|87\/100|[from] Recoil\n|move|p1b: Ting-Lu|Heavy Slam|p2b: Flutter Mane\n|-supereffective|p2b: Flutter Mane\n|-damage|p2b: Flutter Mane|18\/100\n|\n|upkeep\n|turn|2\n|inactive|NicoHaxVGC has 30 seconds left.\n|inactive|NicoHaxVGC has 20 seconds left.\n|inactive|NicoHaxVGC has 15 seconds left.\n|inactive|NicoHaxVGC has 10 seconds left.\n|\n|t:|1682685845\n|-end|p2b: Flutter Mane|Protosynthesis|[silent]\n|switch|p2b: Amoonguss|Amoonguss, L50, F|100\/100\n|switch|p1a: Annihilape|Annihilape, L50, F|100\/100\n|-terastallize|p1b: Ting-Lu|Grass\n|move|p2a: Arcanine|Will-O-Wisp|p1a: Annihilape\n|-status|p1a: Annihilape|brn\n|move|p1b: Ting-Lu|Stomping Tantrum|p2a: Arcanine\n|-supereffective|p2a: Arcanine\n|-damage|p2a: Arcanine|19\/100\n|\n|-damage|p1a: Annihilape|94\/100 brn|[from] brn\n|upkeep\n|turn|3\n|c|\u2606NicoHaxVGC|nice\n|inactive|NicoHaxVGC has 30 seconds left.\n|\n|t:|1682685872\n|switch|p1b: JH|Iron Bundle, L50|100\/100\n|-enditem|p1b: JH|Booster Energy\n|-activate|p1b: JH|ability: Quark Drive|[fromitem]\n|-start|p1b: JH|quarkdrivespe\n|move|p1a: Annihilape|Bulk Up|p1a: Annihilape\n|-boost|p1a: Annihilape|atk|1\n|-boost|p1a: Annihilape|def|1\n|move|p2a: Arcanine|Flare Blitz|p1b: JH\n|-damage|p1b: JH|60\/100\n|-damage|p2a: Arcanine|9\/100|[from] Recoil\n|move|p2b: Amoonguss|Pollen Puff|p2a: Arcanine\n|-heal|p2a: Arcanine|59\/100\n|\n|-heal|p1a: Annihilape|100\/100 brn|[from] item: Leftovers\n|-damage|p1a: Annihilape|94\/100 brn|[from] brn\n|upkeep\n|turn|4\n|inactive|NicoHaxVGC has 30 seconds left.\n|\n|t:|1682685902\n|switch|p2a: Wo-Chien|Wo-Chien, L50|100\/100\n|-ability|p2a: Wo-Chien|Tablets of Ruin\n|move|p1b: JH|Protect|p1b: JH\n|-singleturn|p1b: JH|Protect\n|move|p1a: Annihilape|Bulk Up|p1a: Annihilape\n|-boost|p1a: Annihilape|atk|1\n|-boost|p1a: Annihilape|def|1\n|move|p2b: Amoonguss|Spore|p1b: JH\n|-activate|p1b: JH|move: Protect\n|\n|-heal|p1a: Annihilape|100\/100 brn|[from] item: Leftovers\n|-damage|p1a: Annihilape|94\/100 brn|[from] brn\n|upkeep\n|turn|5\n|inactive|NicoHaxVGC has 30 seconds left.\n|\n|t:|1682685935\n|move|p1b: JH|Freeze-Dry|p2a: Wo-Chien\n|-supereffective|p2a: Wo-Chien\n|-damage|p2a: Wo-Chien|65\/100\n|move|p1a: Annihilape|Drain Punch|p2a: Wo-Chien\n|-supereffective|p2a: Wo-Chien\n|-damage|p2a: Wo-Chien|16\/100\n|-heal|p1a: Annihilape|100\/100 brn|[from] drain|[of] p2a: Wo-Chien\n|move|p2a: Wo-Chien|Leech Seed|p1a: Annihilape\n|-start|p1a: Annihilape|move: Leech Seed\n|move|p2b: Amoonguss|Pollen Puff|p1b: JH\n|-damage|p1b: JH|28\/100\n|\n|-heal|p2a: Wo-Chien|22\/100|[from] item: Leftovers\n|-damage|p1a: Annihilape|88\/100 brn|[from] Leech Seed|[of] p2a: Wo-Chien\n|-heal|p2a: Wo-Chien|36\/100|[silent]\n|-damage|p1a: Annihilape|82\/100 brn|[from] brn\n|upkeep\n|turn|6\n|\n|t:|1682685957\n|move|p2b: Amoonguss|Rage Powder|p2b: Amoonguss\n|-singleturn|p2b: Amoonguss|move: Rage Powder\n|move|p1b: JH|Freeze-Dry|p2b: Amoonguss\n|-supereffective|p2b: Amoonguss\n|-damage|p2b: Amoonguss|45\/100\n|move|p1a: Annihilape|Drain Punch|p2b: Amoonguss\n|-resisted|p2b: Amoonguss\n|-damage|p2b: Amoonguss|34\/100\n|-heal|p1a: Annihilape|88\/100 brn|[from] drain|[of] p2b: Amoonguss\n|-damage|p1a: Annihilape|71\/100 brn|[from] item: Rocky Helmet|[of] p2b: Amoonguss\n|move|p2a: Wo-Chien|Leech Seed|p1b: JH\n|-start|p1b: JH|move: Leech Seed\n|\n|-heal|p1a: Annihilape|77\/100 brn|[from] item: Leftovers\n|-heal|p2a: Wo-Chien|42\/100|[from] item: Leftovers\n|-damage|p1b: JH|17\/100|[from] Leech Seed|[of] p2a: Wo-Chien\n|-heal|p2a: Wo-Chien|51\/100|[silent]\n|-damage|p1a: Annihilape|65\/100 brn|[from] Leech Seed|[of] p2a: Wo-Chien\n|-heal|p2a: Wo-Chien|65\/100|[silent]\n|-damage|p1a: Annihilape|59\/100 brn|[from] brn\n|upkeep\n|turn|7\n|inactive|NicoHaxVGC has 30 seconds left.\n|inactive|alenesse has 30 seconds left.\n|\n|t:|1682685990\n|switch|p2a: Arcanine|Arcanine, L50, F|59\/100\n|-ability|p2a: Arcanine|Intimidate|boost\n|-unboost|p1a: Annihilape|atk|1\n|-ability|p1a: Annihilape|Defiant|boost\n|-boost|p1a: Annihilape|atk|2\n|-unboost|p1b: JH|atk|1\n|move|p2b: Amoonguss|Protect|p2b: Amoonguss\n|-singleturn|p2b: Amoonguss|Protect\n|move|p1b: JH|Freeze-Dry|p2b: Amoonguss\n|-activate|p2b: Amoonguss|move: Protect\n|move|p1a: Annihilape|Drain Punch|p2a: Arcanine\n|-damage|p2a: Arcanine|21\/100\n|-heal|p1a: Annihilape|77\/100 brn|[from] drain|[of] p2a: Arcanine\n|\n|-heal|p1a: Annihilape|83\/100 brn|[from] item: Leftovers\n|-damage|p1b: JH|5\/100|[from] Leech Seed|[of] p2a: Arcanine\n|-heal|p2a: Arcanine|29\/100|[silent]\n|-damage|p1a: Annihilape|71\/100 brn|[from] Leech Seed|[of] p2a: Arcanine\n|-heal|p2a: Arcanine|43\/100|[silent]\n|-damage|p1a: Annihilape|64\/100 brn|[from] brn\n|upkeep\n|turn|8\n|inactive|NicoHaxVGC has 30 seconds left.\n|inactive|alenesse has 30 seconds left.\n|inactive|NicoHaxVGC has 20 seconds left.\n|inactive|alenesse has 20 seconds left.\n|inactive|alenesse has 15 seconds left.\n|inactive|alenesse has 10 seconds left.\n|inactive|alenesse has 5 seconds left.\n|\n|t:|1682686042\n|move|p2a: Arcanine|Extreme Speed|p1b: JH\n|-damage|p1b: JH|0 fnt\n|faint|p1b: JH\n|-end|p1b: JH|Quark Drive|[silent]\n|move|p2b: Amoonguss|Rage Powder|p2b: Amoonguss\n|-singleturn|p2b: Amoonguss|move: Rage Powder\n|move|p1a: Annihilape|Bulk Up|p1a: Annihilape\n|-boost|p1a: Annihilape|atk|1\n|-boost|p1a: Annihilape|def|1\n|\n|-heal|p1a: Annihilape|71\/100 brn|[from] item: Leftovers\n|-damage|p1a: Annihilape|58\/100 brn|[from] Leech Seed|[of] p2a: Arcanine\n|-heal|p2a: Arcanine|56\/100|[silent]\n|-damage|p1a: Annihilape|52\/100 brn|[from] brn\n|upkeep\n|\n|t:|1682686052\n|switch|p1b: Raven|Corviknight, L50, M|87\/100\n|turn|9\n|inactive|alenesse has 30 seconds left.\n|\n|t:|1682686081\n|move|p2b: Amoonguss|Protect|p2b: Amoonguss\n|-singleturn|p2b: Amoonguss|Protect\n|move|p1a: Annihilape|Drain Punch|p2a: Arcanine\n|-damage|p2a: Arcanine|6\/100\n|-heal|p1a: Annihilape|76\/100 brn|[from] drain|[of] p2a: Arcanine\n|move|p2a: Arcanine|Will-O-Wisp|p1b: Raven\n|-status|p1b: Raven|brn\n|move|p1b: Raven|Brave Bird|p2a: Arcanine\n|-damage|p2a: Arcanine|0 fnt\n|faint|p2a: Arcanine\n|-damage|p1b: Raven|86\/100 brn|[from] Recoil\n|\n|-heal|p1a: Annihilape|82\/100 brn|[from] item: Leftovers\n|-damage|p1a: Annihilape|76\/100 brn|[from] brn\n|-damage|p1b: Raven|80\/100 brn|[from] brn\n|upkeep\n|\n|t:|1682686099\n|switch|p2a: Wo-Chien|Wo-Chien, L50|65\/100\n|-ability|p2a: Wo-Chien|Tablets of Ruin\n|turn|10\n|\n|t:|1682686110\n|switch|p2b: Flutter Mane|Flutter Mane, L50, tera:Fairy|18\/100\n|move|p1a: Annihilape|Drain Punch|p2a: Wo-Chien\n|-supereffective|p2a: Wo-Chien\n|-damage|p2a: Wo-Chien|0 fnt\n|-heal|p1a: Annihilape|100\/100 brn|[from] drain|[of] p2a: Wo-Chien\n|faint|p2a: Wo-Chien\n|move|p1b: Raven|Brave Bird|p2b: Flutter Mane\n|-damage|p2b: Flutter Mane|0 fnt\n|faint|p2b: Flutter Mane\n|-end|p2b: Flutter Mane|Protosynthesis|[silent]\n|-damage|p1b: Raven|76\/100 brn|[from] Recoil\n|\n|-damage|p1a: Annihilape|94\/100 brn|[from] brn\n|-damage|p1b: Raven|70\/100 brn|[from] brn\n|upkeep\n|c|\u2606alenesse|gg\n|\n|t:|1682686122\n|switch|p2a: Amoonguss|Amoonguss, L50, F|68\/100\n|turn|11\n|-message|alenesse forfeited.\n|\n|win|NicoHaxVGC\n|raw|NicoHaxVGC's rating: 1254 → 1280<\/strong> (+26 for winning)\n|raw|alenesse's rating: 1261 → 1235<\/strong> (-26 for losing)\n|l|\u2606alenesse\n","uploadtime":1682686216,"views":10,"p1id":"nicohaxvgc","p2id":"alenesse","formatid":"gen9vgc2023regulationc","rating":1235,"private":0,"password":""}