{"id":"gen9vgc2023regulationc-1847863099","p1":"BTBFHYCB","p2":"LarryWFH","format":"[Gen 9] VGC 2023 Regulation C","log":"|j|\u2606BTBFHYCB\n|j|\u203dLarryWFH\n|t:|1682008134\n|gametype|doubles\n|player|p1|BTBFHYCB|169|1501\n|player|p2|LarryWFH|265|1594\n|teamsize|p1|6\n|teamsize|p2|6\n|gen|9\n|tier|[Gen 9] VGC 2023 Regulation C\n|rated|\n|rule|Species Clause: Limit one of each Pok\u00e9mon\n|rule|Item Clause: Limit one of each item\n|clearpoke\n|poke|p1|Ting-Lu, L50|\n|poke|p1|Kingambit, L50, F|\n|poke|p1|Arcanine, L50, M|\n|poke|p1|Flutter Mane, L50|\n|poke|p1|Amoonguss, L50, M|\n|poke|p1|Palafin, L50, F|\n|poke|p2|Garchomp, L50, M|\n|poke|p2|Corviknight, L50, M|\n|poke|p2|Tyranitar, L50, M|\n|poke|p2|Flutter Mane, L50|\n|poke|p2|Iron Bundle, L50|\n|poke|p2|Lycanroc, L50, F|\n|teampreview|4\n|\n|t:|1682008171\n|start\n|switch|p1a: Ting-Lu|Ting-Lu, L50|100\/100\n|switch|p1b: Arcanine|Arcanine, L50, M|100\/100\n|switch|p2a: Garchomp|Garchomp, L50, M|100\/100\n|switch|p2b: Iron Bundle|Iron Bundle, L50|100\/100\n|-ability|p1b: Arcanine|Intimidate|boost\n|-unboost|p2a: Garchomp|atk|1\n|-unboost|p2b: Iron Bundle|atk|1\n|-ability|p1a: Ting-Lu|Vessel of Ruin\n|-enditem|p2b: Iron Bundle|Booster Energy\n|-activate|p2b: Iron Bundle|ability: Quark Drive|[fromitem]\n|-start|p2b: Iron Bundle|quarkdrivespe\n|turn|1\n|\n|t:|1682008198\n|switch|p1b: Amoonguss|Amoonguss, L50, M, shiny|100\/100\n|move|p2b: Iron Bundle|Protect|p2b: Iron Bundle\n|-singleturn|p2b: Iron Bundle|Protect\n|move|p2a: Garchomp|Substitute|p2a: Garchomp\n|-start|p2a: Garchomp|Substitute\n|-damage|p2a: Garchomp|75\/100\n|move|p1a: Ting-Lu|Heavy Slam|p2b: Iron Bundle\n|-activate|p2b: Iron Bundle|move: Protect\n|\n|-heal|p2a: Garchomp|81\/100|[from] item: Leftovers\n|upkeep\n|turn|2\n|l|\u203dLarryWFH\n|player|p2|\n|j|\u203dLarryWFH\n|player|p2|LarryWFH|265\n|n|\u203dLarryWFH|larrywfh\n|\n|t:|1682008238\n|-end|p2b: Iron Bundle|Quark Drive|[silent]\n|switch|p2b: Corviknight|Corviknight, L50, M|100\/100\n|move|p2a: Garchomp|Earthquake|p1a: Ting-Lu|[spread] p1a,p1b\n|-immune|p2b: Corviknight\n|-damage|p1a: Ting-Lu|86\/100\n|-damage|p1b: Amoonguss|82\/100\n|move|p1a: Ting-Lu|Ruination|p2a: Garchomp\n|-end|p2a: Garchomp|Substitute\n|move|p1b: Amoonguss|Spore|p2b: Corviknight\n|-status|p2b: Corviknight|slp|[from] move: Spore\n|\n|-heal|p2a: Garchomp|87\/100|[from] item: Leftovers\n|upkeep\n|turn|3\n|\n|t:|1682008263\n|move|p2a: Garchomp|Protect|p2a: Garchomp\n|-singleturn|p2a: Garchomp|Protect\n|cant|p2b: Corviknight|slp\n|move|p1a: Ting-Lu|Ruination|p2a: Garchomp\n|-activate|p2a: Garchomp|move: Protect\n|move|p1b: Amoonguss|Pollen Puff|p1a: Ting-Lu\n|-heal|p1a: Ting-Lu|100\/100\n|\n|-heal|p2a: Garchomp|93\/100|[from] item: Leftovers\n|upkeep\n|turn|4\n|\n|t:|1682008295\n|move|p2a: Garchomp|Substitute|p2a: Garchomp\n|-start|p2a: Garchomp|Substitute\n|-damage|p2a: Garchomp|68\/100\n|cant|p2b: Corviknight|slp\n|move|p1a: Ting-Lu|Ruination|p2a: Garchomp\n|-end|p2a: Garchomp|Substitute\n|move|p1b: Amoonguss|Spore|p2a: Garchomp\n|-status|p2a: Garchomp|slp|[from] move: Spore\n|\n|-heal|p2a: Garchomp|74\/100 slp|[from] item: Leftovers\n|upkeep\n|turn|5\n|\n|t:|1682008320\n|switch|p1b: Kingambit|Kingambit, L50, F|100\/100\n|cant|p2a: Garchomp|slp\n|cant|p2b: Corviknight|slp\n|move|p1a: Ting-Lu|Ruination|p2b: Corviknight\n|-damage|p2b: Corviknight|51\/100 slp\n|\n|-heal|p2a: Garchomp|80\/100 slp|[from] item: Leftovers\n|upkeep\n|turn|6\n|\n|t:|1682008339\n|move|p1b: Kingambit|Protect|p1b: Kingambit\n|-singleturn|p1b: Kingambit|Protect\n|cant|p2a: Garchomp|slp\n|-curestatus|p2b: Corviknight|slp|[msg]\n|move|p2b: Corviknight|Body Press|p1b: Kingambit\n|-activate|p1b: Kingambit|move: Protect\n|move|p1a: Ting-Lu|Stomping Tantrum|p2a: Garchomp\n|-crit|p2a: Garchomp\n|-damage|p2a: Garchomp|24\/100 slp\n|\n|-heal|p2a: Garchomp|30\/100 slp|[from] item: Leftovers\n|upkeep\n|turn|7\n|\n|t:|1682008369\n|-terastallize|p1b: Kingambit|Dark\n|cant|p2a: Garchomp|slp\n|move|p2b: Corviknight|Body Press|p1b: Kingambit\n|-supereffective|p1b: Kingambit\n|-damage|p1b: Kingambit|69\/100\n|move|p1b: Kingambit|Kowtow Cleave|p2a: Garchomp\n|-damage|p2a: Garchomp|0 fnt\n|faint|p2a: Garchomp\n|move|p1a: Ting-Lu|Ruination|p2b: Corviknight|[miss]\n|-miss|p1a: Ting-Lu|p2b: Corviknight\n|\n|upkeep\n|\n|t:|1682008405\n|switch|p2a: Tyranitar|Tyranitar, L50, M|100\/100\n|-weather|Sandstorm|[from] ability: Sand Stream|[of] p2a: Tyranitar\n|turn|8\n|inactive|Battle timer is ON: inactive players will automatically lose when time's up. (requested by BTBFHYCB)\n|\n|t:|1682008425\n|move|p2b: Corviknight|Body Press|p1b: Kingambit\n|-supereffective|p1b: Kingambit\n|-damage|p1b: Kingambit|35\/100\n|move|p2a: Tyranitar|Rock Slide|p1b: Kingambit|[spread] p1a,p1b\n|-resisted|p1a: Ting-Lu\n|-damage|p1a: Ting-Lu|92\/100\n|-damage|p1b: Kingambit|16\/100\n|move|p1b: Kingambit|Kowtow Cleave|p2b: Corviknight\n|-damage|p2b: Corviknight|3\/100\n|-enditem|p2b: Corviknight|Sitrus Berry|[eat]\n|-heal|p2b: Corviknight|28\/100|[from] item: Sitrus Berry\n|move|p1a: Ting-Lu|Ruination|p2a: Tyranitar\n|-damage|p2a: Tyranitar|51\/100\n|\n|-weather|Sandstorm|[upkeep]\n|-damage|p1b: Kingambit|10\/100|[from] Sandstorm\n|upkeep\n|turn|9\n|\n|t:|1682008449\n|move|p1b: Kingambit|Sucker Punch||[still]\n|-fail|p1b: Kingambit\n|move|p2b: Corviknight|Roost|p2b: Corviknight\n|-heal|p2b: Corviknight|78\/100\n|-singleturn|p2b: Corviknight|move: Roost\n|move|p2a: Tyranitar|Rock Slide|p1b: Kingambit|[spread] p1a,p1b\n|-resisted|p1a: Ting-Lu\n|-damage|p1a: Ting-Lu|85\/100\n|-damage|p1b: Kingambit|0 fnt\n|faint|p1b: Kingambit\n|move|p1a: Ting-Lu|Heavy Slam|p2a: Tyranitar\n|-supereffective|p2a: Tyranitar\n|-damage|p2a: Tyranitar|10\/100\n|\n|-weather|Sandstorm|[upkeep]\n|upkeep\n|\n|t:|1682008465\n|switch|p1b: Arcanine|Arcanine, L50, M|100\/100\n|-ability|p1b: Arcanine|Intimidate|boost\n|-unboost|p2a: Tyranitar|atk|1\n|-ability|p2b: Corviknight|Mirror Armor\n|-unboost|p1b: Arcanine|atk|1\n|turn|10\n|\n|t:|1682008483\n|switch|p1b: Amoonguss|Amoonguss, L50, M, shiny|100\/100\n|move|p2b: Corviknight|Body Press|p1a: Ting-Lu\n|-supereffective|p1a: Ting-Lu\n|-damage|p1a: Ting-Lu|61\/100\n|move|p2a: Tyranitar|Rock Slide|p1b: Amoonguss|[spread] p1a,p1b\n|-resisted|p1a: Ting-Lu\n|-damage|p1a: Ting-Lu|56\/100\n|-damage|p1b: Amoonguss|88\/100\n|move|p1a: Ting-Lu|Heavy Slam|p2a: Tyranitar\n|-supereffective|p2a: Tyranitar\n|-damage|p2a: Tyranitar|0 fnt\n|faint|p2a: Tyranitar\n|\n|-weather|Sandstorm|[upkeep]\n|-damage|p1b: Amoonguss|82\/100|[from] Sandstorm\n|upkeep\n|\n|t:|1682008494\n|switch|p2a: Iron Bundle|Iron Bundle, L50|100\/100\n|turn|11\n|\n|t:|1682008512\n|switch|p1a: Arcanine|Arcanine, L50, M|100\/100\n|-ability|p1a: Arcanine|Intimidate|boost\n|-unboost|p2a: Iron Bundle|atk|1\n|-ability|p2b: Corviknight|Mirror Armor\n|-unboost|p1a: Arcanine|atk|1\n|move|p2a: Iron Bundle|Icy Wind|p1b: Amoonguss|[spread] p1a,p1b\n|-resisted|p1a: Arcanine\n|-supereffective|p1b: Amoonguss\n|-damage|p1a: Arcanine|91\/100\n|-damage|p1b: Amoonguss|41\/100\n|-unboost|p1a: Arcanine|spe|1\n|-unboost|p1b: Amoonguss|spe|1\n|move|p2b: Corviknight|Brave Bird|p1b: Amoonguss\n|-supereffective|p1b: Amoonguss\n|-damage|p1b: Amoonguss|0 fnt\n|-damage|p2b: Corviknight|61\/100|[from] item: Rocky Helmet|[of] p1b: Amoonguss\n|faint|p1b: Amoonguss\n|-damage|p2b: Corviknight|47\/100|[from] Recoil\n|\n|-weather|Sandstorm|[upkeep]\n|-damage|p2a: Iron Bundle|94\/100|[from] Sandstorm\n|upkeep\n|\n|t:|1682008534\n|switch|p1b: Ting-Lu|Ting-Lu, L50|56\/100\n|-ability|p1b: Ting-Lu|Vessel of Ruin\n|turn|12\n|\n|t:|1682008549\n|-terastallize|p2b: Corviknight|Fire\n|move|p2a: Iron Bundle|Hydro Pump|p1b: Ting-Lu\n|-supereffective|p1b: Ting-Lu\n|-damage|p1b: Ting-Lu|17\/100\n|move|p2b: Corviknight|Body Press|p1b: Ting-Lu\n|-supereffective|p1b: Ting-Lu\n|-damage|p1b: Ting-Lu|0 fnt\n|faint|p1b: Ting-Lu\n|move|p1a: Arcanine|Flare Blitz|p2b: Corviknight\n|-resisted|p2b: Corviknight\n|-damage|p2b: Corviknight|37\/100\n|-damage|p1a: Arcanine|88\/100|[from] Recoil\n|\n|-weather|none\n|upkeep\n|turn|13\n|-message|BTBFHYCB forfeited.\n|\n|win|LarryWFH\n|raw|BTBFHYCB's rating: 1501 → 1486<\/strong> (-15 for losing)\n|raw|LarryWFH's rating: 1594 → 1609<\/strong> (+15 for winning)\n|l|\u2606BTBFHYCB\n","uploadtime":1682008569,"views":7,"p1id":"btbfhycb","p2id":"larrywfh","formatid":"gen9vgc2023regulationc","rating":1486,"private":0,"password":""}