{"id":"gen9vgc2023regulationc-1847429168","p1":"mx555","p2":"Kodora","format":"[Gen 9] VGC 2023 Regulation C","log":"|j|\u2606mx555\n|j|\u2606Kodora\n|t:|1681954041\n|gametype|doubles\n|player|p1|mx555|265|1270\n|player|p2|Kodora|266|1349\n|teamsize|p1|6\n|teamsize|p2|6\n|gen|9\n|tier|[Gen 9] VGC 2023 Regulation C\n|rated|\n|rule|Species Clause: Limit one of each Pok\u00e9mon\n|rule|Item Clause: Limit one of each item\n|clearpoke\n|poke|p1|Roaring Moon, L50|\n|poke|p1|Baxcalibur, L50, M|\n|poke|p1|Hydreigon, L50, F|\n|poke|p1|Flutter Mane, L50|\n|poke|p1|Gholdengo, L50|\n|poke|p1|Amoonguss, L50, M|\n|poke|p2|Murkrow, L50, F|\n|poke|p2|Iron Bundle, L50|\n|poke|p2|Chi-Yu, L50|\n|poke|p2|Great Tusk, L50|\n|poke|p2|Flutter Mane, L50|\n|poke|p2|Gyarados, L50, M|\n|teampreview|4\nKodora has agreed to open team sheets.\n|\n|t:|1681954097\n|start\n|switch|p1a: Flutter Mane|Flutter Mane, L50|100\/100\n|switch|p1b: Hydreigon|Hydreigon, L50, F|100\/100\n|switch|p2a: Flutter Mane|Flutter Mane, L50|100\/100\n|switch|p2b: Murkrow|Murkrow, L50, F|100\/100\n|turn|1\n|\n|t:|1681954148\n|-terastallize|p2a: Flutter Mane|Fairy\n|-terastallize|p1b: Hydreigon|Steel\n|move|p2b: Murkrow|Tailwind|p2b: Murkrow\n|-sidestart|p2: Kodora|move: Tailwind\n|move|p2a: Flutter Mane|Dazzling Gleam|p1a: Flutter Mane|[spread] p1a,p1b\n|-resisted|p1b: Hydreigon\n|-damage|p1a: Flutter Mane|39\/100\n|-damage|p1b: Hydreigon|65\/100\n|move|p1b: Hydreigon|Focus Energy|p1b: Hydreigon\n|-start|p1b: Hydreigon|move: Focus Energy\n|move|p1a: Flutter Mane|Trick Room|p1a: Flutter Mane\n|-fieldstart|move: Trick Room|[of] p1a: Flutter Mane\n|\n|upkeep\n|turn|2\n|\n|t:|1681954163\n|move|p2b: Murkrow|Sunny Day|p2b: Murkrow\n|-weather|SunnyDay\n|-activate|p1a: Flutter Mane|ability: Protosynthesis\n|-start|p1a: Flutter Mane|protosynthesisspe\n|-activate|p2a: Flutter Mane|ability: Protosynthesis\n|-start|p2a: Flutter Mane|protosynthesisspa\n|move|p1b: Hydreigon|Flash Cannon|p2a: Flutter Mane\n|-supereffective|p2a: Flutter Mane\n|-crit|p2a: Flutter Mane\n|-damage|p2a: Flutter Mane|0 fnt\n|faint|p2a: Flutter Mane\n|-end|p2a: Flutter Mane|Protosynthesis|[silent]\n|move|p1a: Flutter Mane|Moonblast|p2b: Murkrow\n|-supereffective|p2b: Murkrow\n|-damage|p2b: Murkrow|2\/100\n|\n|-weather|SunnyDay|[upkeep]\n|upkeep\n|\n|t:|1681954203\n|switch|p2a: Chi-Yu|Chi-Yu, L50|100\/100\n|-ability|p2a: Chi-Yu|Beads of Ruin\n|turn|3\n|\n|t:|1681954248\n|move|p1b: Hydreigon|Draco Meteor|p2a: Chi-Yu\n|-crit|p2a: Chi-Yu\n|-damage|p2a: Chi-Yu|0 fnt\n|-unboost|p1b: Hydreigon|spa|2\n|faint|p2a: Chi-Yu\n|move|p2b: Murkrow|Foul Play|p1a: Flutter Mane\n|-damage|p1a: Flutter Mane|7\/100\n|move|p1a: Flutter Mane|Moonblast|p2b: Murkrow\n|-supereffective|p2b: Murkrow\n|-damage|p2b: Murkrow|0 fnt\n|faint|p2b: Murkrow\n|\n|-weather|SunnyDay|[upkeep]\n|upkeep\n|\n|t:|1681954275\n|switch|p2b: Iron Bundle|Iron Bundle, L50|100\/100\n|-enditem|p2b: Iron Bundle|Booster Energy\n|-activate|p2b: Iron Bundle|ability: Quark Drive|[fromitem]\n|-start|p2b: Iron Bundle|quarkdrivespe\n|turn|4\n|\n|t:|1681954286\n|move|p2b: Iron Bundle|Protect|p2b: Iron Bundle\n|-singleturn|p2b: Iron Bundle|Protect\n|move|p1b: Hydreigon|Draco Meteor|p2b: Iron Bundle\n|-activate|p2b: Iron Bundle|move: Protect\n|move|p1a: Flutter Mane|Moonblast|p2b: Iron Bundle\n|-activate|p2b: Iron Bundle|move: Protect\n|\n|-weather|SunnyDay|[upkeep]\n|-sideend|p2: Kodora|move: Tailwind\n|upkeep\n|turn|5\n|\n|t:|1681954318\n|move|p1b: Hydreigon|Draco Meteor|p2b: Iron Bundle\n|-crit|p2b: Iron Bundle\n|-damage|p2b: Iron Bundle|0 fnt\n|-unboost|p1b: Hydreigon|spa|2\n|faint|p2b: Iron Bundle\n|-end|p2b: Iron Bundle|Quark Drive|[silent]\n|\n|win|mx555\n|raw|mx555's rating: 1270 → 1301<\/strong> (+31 for winning)\n|raw|Kodora's rating: 1349 → 1325<\/strong> (-24 for losing)\n|l|\u2606Kodora\n","uploadtime":1681954327,"views":11,"p1id":"mx555","p2id":"kodora","formatid":"gen9vgc2023regulationc","rating":1301,"private":0,"password":""}