{"id":"gen9vgc2023regulationc-1860656540","p1":"leolc0926","p2":"dusty_quello_faigo","format":"[Gen 9] VGC 2023 Regulation C","log":"|j|\u2606leolc0926\n|j|\u2606dusty_quello_faigo\n|t:|1683663149\n|gametype|doubles\n|player|p1|leolc0926|steven|1243\n|player|p2|dusty_quello_faigo|clair|1165\n|teamsize|p1|6\n|teamsize|p2|6\n|gen|9\n|tier|[Gen 9] VGC 2023 Regulation C\n|rated|\n|rule|Species Clause: Limit one of each Pok\u00e9mon\n|rule|Item Clause: Limit one of each item\n|clearpoke\n|poke|p1|Roaring Moon, L50|\n|poke|p1|Palafin, L50, F|\n|poke|p1|Flutter Mane, L50|\n|poke|p1|Arcanine, L50, M|\n|poke|p1|Ting-Lu, L50|\n|poke|p1|Amoonguss, L50, F|\n|poke|p2|Flutter Mane, L50|\n|poke|p2|Arcanine, L50, F|\n|poke|p2|Ting-Lu, L50|\n|poke|p2|Maushold-Four, L50|\n|poke|p2|Palafin, L50, F|\n|poke|p2|Annihilape, L50, F|\n|teampreview|4\n|\n|t:|1683663171\n|start\n|switch|p1a: Palafin|Palafin, L50, F|100\/100\n|switch|p1b: \u632f\u7ffc\u4fa0|Flutter Mane, L50, shiny|100\/100\n|switch|p2a: Flutter Mane|Flutter Mane, L50|100\/100\n|switch|p2b: Arcanine|Arcanine, L50, F|100\/100\n|-ability|p2b: Arcanine|Intimidate|boost\n|-unboost|p1a: Palafin|atk|1\n|-unboost|p1b: \u632f\u7ffc\u4fa0|atk|1\n|turn|1\n|inactive|Battle timer is ON: inactive players will automatically lose when time's up. (requested by dusty_quello_faigo)\n|inactive|leolc0926 has 60 seconds left.\n|\n|t:|1683663213\n|-end|p2a: Flutter Mane|Protosynthesis|[silent]\n|switch|p2a: Maushold|Maushold-Four, L50|100\/100\n|detailschange|p1a: Palafin|Palafin-Hero, L50, F\n|switch|p1a: Hutsassa|Amoonguss, L50, F|100\/100\n|-terastallize|p1b: \u632f\u7ffc\u4fa0|Fairy\n|move|p1b: \u632f\u7ffc\u4fa0|Shadow Ball|p2a: Maushold\n|-immune|p2a: Maushold\n|move|p2b: Arcanine|Will-O-Wisp|p1a: Hutsassa|[miss]\n|-miss|p2b: Arcanine|p1a: Hutsassa\n|\n|upkeep\n|turn|2\n|inactive|leolc0926 has 30 seconds left.\n|\n|t:|1683663245\n|move|p1b: \u632f\u7ffc\u4fa0|Shadow Ball|p2b: Arcanine\n|-damage|p2b: Arcanine|41\/100\n|-unboost|p2b: Arcanine|spd|1\n|move|p2b: Arcanine|Snarl|p1a: Hutsassa|[spread] p1a,p1b\n|-resisted|p1b: \u632f\u7ffc\u4fa0\n|-damage|p1a: Hutsassa|93\/100\n|-damage|p1b: \u632f\u7ffc\u4fa0|97\/100\n|-unboost|p1a: Hutsassa|spa|1\n|-unboost|p1b: \u632f\u7ffc\u4fa0|spa|1\n|move|p2a: Maushold|Taunt|p1a: Hutsassa\n|-start|p1a: Hutsassa|move: Taunt\n|move|p1a: Hutsassa|Pollen Puff|p1b: \u632f\u7ffc\u4fa0\n|-heal|p1b: \u632f\u7ffc\u4fa0|100\/100\n|\n|upkeep\n|turn|3\n|\n|t:|1683663266\n|-end|p1b: \u632f\u7ffc\u4fa0|Protosynthesis|[silent]\n|switch|p1b: \u53e4\u9f0e\u4fa0|Ting-Lu, L50|100\/100\n|-ability|p1b: \u53e4\u9f0e\u4fa0|Vessel of Ruin\n|switch|p2b: Annihilape|Annihilape, L50, F|100\/100\n|move|p2a: Maushold|Super Fang|p1a: Hutsassa\n|-damage|p1a: Hutsassa|47\/100\n|-enditem|p1a: Hutsassa|Sitrus Berry|[eat]\n|-heal|p1a: Hutsassa|72\/100|[from] item: Sitrus Berry\n|move|p1a: Hutsassa|Pollen Puff|p1b: \u53e4\u9f0e\u4fa0\n|-immune|p1b: \u53e4\u9f0e\u4fa0\n|\n|upkeep\n|turn|4\n|\n|t:|1683663287\n|move|p2a: Maushold|Super Fang|p1a: Hutsassa\n|-damage|p1a: Hutsassa|36\/100\n|move|p2b: Annihilape|Bulk Up|p2b: Annihilape\n|-boost|p2b: Annihilape|atk|1\n|-boost|p2b: Annihilape|def|1\n|move|p1b: \u53e4\u9f0e\u4fa0|Ruination|p2a: Maushold|[miss]\n|-miss|p1b: \u53e4\u9f0e\u4fa0|p2a: Maushold\n|move|p1a: Hutsassa|Pollen Puff|p2a: Maushold\n|-damage|p2a: Maushold|90\/100\n|\n|-end|p1a: Hutsassa|move: Taunt\n|upkeep\n|turn|5\n|\n|t:|1683663306\n|switch|p1b: Palafin|Palafin-Hero, L50, F|100\/100\n|-activate|p1b: Palafin|ability: Zero to Hero\n|move|p2a: Maushold|Taunt|p1a: Hutsassa\n|-start|p1a: Hutsassa|move: Taunt\n|move|p2b: Annihilape|Drain Punch|p1b: Palafin\n|-damage|p1b: Palafin|49\/100\n|cant|p1a: Hutsassa|move: Taunt|Spore\n|\n|upkeep\n|turn|6\n|\n|t:|1683663325\n|move|p2a: Maushold|Follow Me|p2a: Maushold\n|-singleturn|p2a: Maushold|move: Follow Me\n|move|p1b: Palafin|Haze|p1b: Palafin\n|-clearallboost\n|move|p2b: Annihilape|Drain Punch|p1b: Palafin\n|-damage|p1b: Palafin|17\/100\n|move|p1a: Hutsassa|Pollen Puff|p2a: Maushold\n|-damage|p2a: Maushold|69\/100\n|\n|upkeep\n|turn|7\n|\n|t:|1683663347\n|switch|p1b: \u632f\u7ffc\u4fa0|Flutter Mane, L50, shiny, tera:Fairy|100\/100\n|move|p2a: Maushold|Follow Me|p2a: Maushold\n|-singleturn|p2a: Maushold|move: Follow Me\n|move|p2b: Annihilape|Rage Fist|p1a: Hutsassa\n|-damage|p1a: Hutsassa|15\/100\n|move|p1a: Hutsassa|Pollen Puff|p2a: Maushold\n|-crit|p2a: Maushold\n|-damage|p2a: Maushold|37\/100\n|-enditem|p2a: Maushold|Sitrus Berry|[eat]\n|-heal|p2a: Maushold|62\/100|[from] item: Sitrus Berry\n|\n|-end|p1a: Hutsassa|move: Taunt\n|upkeep\n|turn|8\n|inactive|leolc0926 has 30 seconds left.\n|inactive|dusty_quello_faigo has 30 seconds left.\n|\n|t:|1683663374\n|-terastallize|p2b: Annihilape|Fire\n|move|p1a: Hutsassa|Protect|p1a: Hutsassa\n|-singleturn|p1a: Hutsassa|Protect\n|move|p2a: Maushold|Follow Me|p2a: Maushold\n|-singleturn|p2a: Maushold|move: Follow Me\n|move|p1b: \u632f\u7ffc\u4fa0|Dazzling Gleam|p2a: Maushold|[spread] p2a,p2b\n|-resisted|p2b: Annihilape\n|-damage|p2a: Maushold|0 fnt\n|-damage|p2b: Annihilape|81\/100\n|faint|p2a: Maushold\n|move|p2b: Annihilape|Rage Fist|p1a: Hutsassa\n|-activate|p1a: Hutsassa|move: Protect\n|\n|-heal|p2b: Annihilape|88\/100|[from] item: Leftovers\n|upkeep\n|\n|t:|1683663389\n|switch|p2a: Arcanine|Arcanine, L50, F|41\/100\n|-ability|p2a: Arcanine|Intimidate|boost\n|-unboost|p1a: Hutsassa|atk|1\n|-unboost|p1b: \u632f\u7ffc\u4fa0|atk|1\n|turn|9\n|\n|t:|1683663405\n|-end|p1b: \u632f\u7ffc\u4fa0|Protosynthesis|[silent]\n|switch|p1b: Palafin|Palafin-Hero, L50, F|17\/100\n|switch|p1a: \u53e4\u9f0e\u4fa0|Ting-Lu, L50|100\/100\n|-ability|p1a: \u53e4\u9f0e\u4fa0|Vessel of Ruin\n|move|p2a: Arcanine|Flare Blitz|p1a: \u53e4\u9f0e\u4fa0\n|-damage|p1a: \u53e4\u9f0e\u4fa0|67\/100\n|-damage|p2a: Arcanine|24\/100|[from] Recoil\n|move|p2b: Annihilape|Rage Fist|p1b: Palafin\n|-damage|p1b: Palafin|0 fnt\n|faint|p1b: Palafin\n|\n|-heal|p2b: Annihilape|94\/100|[from] item: Leftovers\n|upkeep\n|\n|t:|1683663425\n|switch|p1b: \u632f\u7ffc\u4fa0|Flutter Mane, L50, shiny, tera:Fairy|100\/100\n|turn|10\n|\n|t:|1683663446\n|move|p1b: \u632f\u7ffc\u4fa0|Shadow Ball|p2a: Arcanine\n|-damage|p2a: Arcanine|0 fnt\n|faint|p2a: Arcanine\n|move|p2b: Annihilape|Rage Fist|p1b: \u632f\u7ffc\u4fa0\n|-damage|p1b: \u632f\u7ffc\u4fa0|36\/100\n|move|p1a: \u53e4\u9f0e\u4fa0|Sand Tomb|p2b: Annihilape\n|-supereffective|p2b: Annihilape\n|-damage|p2b: Annihilape|61\/100\n|-activate|p2b: Annihilape|move: Sand Tomb|[of] p1a: \u53e4\u9f0e\u4fa0\n|\n|-heal|p2b: Annihilape|67\/100|[from] item: Leftovers\n|-damage|p2b: Annihilape|55\/100|[from] move: Sand Tomb|[partiallytrapped]\n|upkeep\n|\n|t:|1683663459\n|switch|p2a: Flutter Mane|Flutter Mane, L50|100\/100\n|turn|11\n|\n|t:|1683663478\n|-end|p1b: \u632f\u7ffc\u4fa0|Protosynthesis|[silent]\n|switch|p1b: Hutsassa|Amoonguss, L50, F|48\/100\n|move|p2a: Flutter Mane|Shadow Ball|p1b: Hutsassa\n|-damage|p1b: Hutsassa|14\/100\n|-damage|p2a: Flutter Mane|90\/100|[from] item: Life Orb\n|move|p2b: Annihilape|Drain Punch|p1a: \u53e4\u9f0e\u4fa0\n|-supereffective|p1a: \u53e4\u9f0e\u4fa0\n|-damage|p1a: \u53e4\u9f0e\u4fa0|22\/100\n|-heal|p2b: Annihilape|83\/100|[from] drain|[of] p1a: \u53e4\u9f0e\u4fa0\n|move|p1a: \u53e4\u9f0e\u4fa0|Heavy Slam|p2a: Flutter Mane\n|-supereffective|p2a: Flutter Mane\n|-damage|p2a: Flutter Mane|0 fnt\n|faint|p2a: Flutter Mane\n|-end|p2a: Flutter Mane|Protosynthesis|[silent]\n|\n|-heal|p2b: Annihilape|89\/100|[from] item: Leftovers\n|-damage|p2b: Annihilape|76\/100|[from] move: Sand Tomb|[partiallytrapped]\n|upkeep\n|turn|12\n|\n|t:|1683663501\n|move|p2b: Annihilape|Rage Fist|p1b: Hutsassa\n|-damage|p1b: Hutsassa|0 fnt\n|faint|p1b: Hutsassa\n|move|p1a: \u53e4\u9f0e\u4fa0|Ruination|p2b: Annihilape\n|-damage|p2b: Annihilape|38\/100\n|\n|-heal|p2b: Annihilape|45\/100|[from] item: Leftovers\n|-damage|p2b: Annihilape|32\/100|[from] move: Sand Tomb|[partiallytrapped]\n|upkeep\n|\n|t:|1683663509\n|switch|p1b: \u632f\u7ffc\u4fa0|Flutter Mane, L50, shiny, tera:Fairy|36\/100\n|turn|13\n|inactive|dusty_quello_faigo has 30 seconds left.\n|\n|t:|1683663535\n|move|p1b: \u632f\u7ffc\u4fa0|Shadow Ball|p2b: Annihilape\n|-crit|p2b: Annihilape\n|-damage|p2b: Annihilape|0 fnt\n|faint|p2b: Annihilape\n|\n|win|leolc0926\n|raw|leolc0926's rating: 1243 → 1262<\/strong> (+19 for winning)\n|raw|dusty_quello_faigo's rating: 1165 → 1146<\/strong> (-19 for losing)\n|c|\u2606leolc0926|gg\n","uploadtime":1683663588,"views":10,"p1id":"leolc0926","p2id":"dustyquellofaigo","formatid":"gen9vgc2023regulationc","rating":1146,"private":0,"password":""}