{"id":"gen9vgc2023regulationc-1846733238","p1":"Chi U R Dead","p2":"JaiFain","format":"[Gen 9] VGC 2023 Regulation C","log":"|j|\u2606Chi U R Dead\n|j|\u2606JaiFain\n|t:|1681871574\n|gametype|doubles\n|player|p1|Chi U R Dead|marley|1622\n|player|p2|JaiFain|camper|1550\n|teamsize|p1|6\n|teamsize|p2|6\n|gen|9\n|tier|[Gen 9] VGC 2023 Regulation C\n|rated|\n|rule|Species Clause: Limit one of each Pok\u00e9mon\n|rule|Item Clause: Limit one of each item\n|clearpoke\n|poke|p1|Dondozo, L50, F|\n|poke|p1|Tatsugiri, L50, F|\n|poke|p1|Dragonite, L50, M|\n|poke|p1|Iron Bundle, L50|\n|poke|p1|Chi-Yu, L50|\n|poke|p1|Glimmora, L50, M|\n|poke|p2|Kilowattrel, L50, M|\n|poke|p2|Great Tusk, L50|\n|poke|p2|Palafin, L50, M|\n|poke|p2|Wo-Chien, L50|\n|poke|p2|Arcanine, L50, F|\n|poke|p2|Flutter Mane, L50|\n|teampreview|4\n|inactive|Battle timer is ON: inactive players will automatically lose when time's up. (requested by Chi U R Dead)\n|\n|t:|1681871610\n|start\n|switch|p1a: Dragonite|Dragonite, L50, M|100\/100\n|switch|p1b: Glimmora|Glimmora, L50, M|100\/100\n|switch|p2a: Palafin|Palafin, L50, M|100\/100\n|switch|p2b: Wo-Chien|Wo-Chien, L50|100\/100\n|-ability|p2b: Wo-Chien|Tablets of Ruin\n|turn|1\n|\n|t:|1681871630\n|detailschange|p2a: Palafin|Palafin-Hero, L50, M\n|switch|p2a: Kilowattrel|Kilowattrel, L50, M|100\/100\n|-terastallize|p1a: Dragonite|Flying\n|move|p1a: Dragonite|Tera Blast|p2b: Wo-Chien\n|-supereffective|p2b: Wo-Chien\n|-damage|p2b: Wo-Chien|30\/100\n|move|p1b: Glimmora|Mortal Spin|p2a: Kilowattrel|[spread] p2a,p2b\n|-supereffective|p2b: Wo-Chien\n|-damage|p2a: Kilowattrel|94\/100\n|-damage|p2b: Wo-Chien|25\/100\n|-status|p2a: Kilowattrel|psn\n|-status|p2b: Wo-Chien|psn\n|move|p2b: Wo-Chien|Ruination|p1a: Dragonite\n|-damage|p1a: Dragonite|50\/100\n|\n|-damage|p2a: Kilowattrel|82\/100 psn|[from] psn\n|-damage|p2b: Wo-Chien|13\/100 psn|[from] psn\n|upkeep\n|turn|2\n|inactive|Chi U R Dead has 30 seconds left.\n|\n|t:|1681871657\n|move|p1a: Dragonite|Extreme Speed|p1b: Glimmora\n|-resisted|p1b: Glimmora\n|-damage|p1b: Glimmora|88\/100\n|-activate|p1b: Glimmora|ability: Toxic Debris\n|-sidestart|p2: JaiFain|move: Toxic Spikes\n|move|p2a: Kilowattrel|Thunderbolt|p1a: Dragonite\n|-supereffective|p1a: Dragonite\n|-damage|p1a: Dragonite|0 fnt\n|faint|p1a: Dragonite\n|move|p1b: Glimmora|Power Gem|p2a: Kilowattrel\n|-supereffective|p2a: Kilowattrel\n|-damage|p2a: Kilowattrel|0 fnt\n|faint|p2a: Kilowattrel\n|move|p2b: Wo-Chien|Pollen Puff|p2: Kilowattrel|[notarget]\n|-fail|p2b: Wo-Chien\n|\n|-damage|p2b: Wo-Chien|1\/100 psn|[from] psn\n|upkeep\n|\n|t:|1681871669\n|switch|p2a: Palafin|Palafin-Hero, L50, M|100\/100\n|switch|p1a: Iron Bundle|Iron Bundle, L50|100\/100\n|-status|p2a: Palafin|psn\n|-activate|p2a: Palafin|ability: Zero to Hero\n|-enditem|p1a: Iron Bundle|Booster Energy\n|-activate|p1a: Iron Bundle|ability: Quark Drive|[fromitem]\n|-start|p1a: Iron Bundle|quarkdrivespe\n|turn|3\n|\n|t:|1681871683\n|switch|p1b: Chi-Yu|Chi-Yu, L50|100\/100\n|-ability|p1b: Chi-Yu|Beads of Ruin\n|move|p2a: Palafin|Protect|p2a: Palafin\n|-singleturn|p2a: Palafin|Protect\n|move|p1a: Iron Bundle|Freeze-Dry|p2a: Palafin\n|-activate|p2a: Palafin|move: Protect\n|move|p2b: Wo-Chien|Giga Drain|p1a: Iron Bundle\n|-supereffective|p1a: Iron Bundle\n|-damage|p1a: Iron Bundle|0 fnt\n|-heal|p2b: Wo-Chien|42\/100 psn|[from] drain|[of] p1a: Iron Bundle\n|faint|p1a: Iron Bundle\n|-end|p1a: Iron Bundle|Quark Drive|[silent]\n|\n|-damage|p2a: Palafin|88\/100 psn|[from] psn\n|-damage|p2b: Wo-Chien|30\/100 psn|[from] psn\n|upkeep\n|\n|t:|1681871689\n|switch|p1a: Glimmora|Glimmora, L50, M|88\/100\n|turn|4\n|\n|t:|1681871705\n|-terastallize|p2a: Palafin|Water\n|move|p2a: Palafin|Jet Punch|p1b: Chi-Yu\n|-supereffective|p1b: Chi-Yu\n|-enditem|p1b: Chi-Yu|Focus Sash\n|-damage|p1b: Chi-Yu|1\/100\n|move|p1b: Chi-Yu|Dark Pulse|p2a: Palafin\n|-damage|p2a: Palafin|35\/100 psn\n|move|p1a: Glimmora|Sludge Bomb|p2a: Palafin\n|-damage|p2a: Palafin|0 fnt\n|faint|p2a: Palafin\n|move|p2b: Wo-Chien|Pollen Puff|p2: Palafin|[notarget]\n|-fail|p2b: Wo-Chien\n|\n|-damage|p2b: Wo-Chien|18\/100 psn|[from] psn\n|upkeep\n|\n|t:|1681871710\n|switch|p2a: Flutter Mane|Flutter Mane, L50|100\/100\n|-status|p2a: Flutter Mane|psn\n|turn|5\n|\n|t:|1681871726\n|move|p2a: Flutter Mane|Shadow Ball|p1a: Glimmora\n|-damage|p1a: Glimmora|39\/100\n|move|p1b: Chi-Yu|Dark Pulse|p2a: Flutter Mane\n|-damage|p2a: Flutter Mane|50\/100 psn\n|move|p1a: Glimmora|Sludge Bomb|p2b: Wo-Chien\n|-supereffective|p2b: Wo-Chien\n|-damage|p2b: Wo-Chien|0 fnt\n|faint|p2b: Wo-Chien\n|\n|-damage|p2a: Flutter Mane|37\/100 psn|[from] psn\n|upkeep\n|turn|6\n|\n|t:|1681871735\n|move|p2a: Flutter Mane|Shadow Ball|p1b: Chi-Yu\n|-resisted|p1b: Chi-Yu\n|-damage|p1b: Chi-Yu|0 fnt\n|faint|p1b: Chi-Yu\n|move|p1a: Glimmora|Sludge Bomb|p2a: Flutter Mane\n|-damage|p2a: Flutter Mane|0 fnt\n|faint|p2a: Flutter Mane\n|-end|p2a: Flutter Mane|Protosynthesis|[silent]\n|\n|win|Chi U R Dead\n|raw|Chi U R Dead's rating: 1622 → 1638<\/strong> (+16 for winning)\n|raw|JaiFain's rating: 1550 → 1534<\/strong> (-16 for losing)\n|l|\u2606JaiFain\n","uploadtime":1681871744,"views":13,"p1id":"chiurdead","p2id":"jaifain","formatid":"gen9vgc2023regulationc","rating":1534,"private":0,"password":""}