{"id":"gen9vgc2023regulationc-1845582236","p1":"Piccolo Ruiz","p2":"ivanthrash","format":"[Gen 9] VGC 2023 Regulation C","log":"|j|\u2606Piccolo Ruiz\n|j|\u2606ivanthrash\n|t:|1681746899\n|gametype|doubles\n|player|p1|Piccolo Ruiz|valerie|1304\n|player|p2|ivanthrash|2|1321\n|teamsize|p1|6\n|teamsize|p2|6\n|gen|9\n|tier|[Gen 9] VGC 2023 Regulation C\n|rated|\n|rule|Species Clause: Limit one of each Pok\u00e9mon\n|rule|Item Clause: Limit one of each item\n|clearpoke\n|poke|p1|Flutter Mane, L50|\n|poke|p1|Amoonguss, L50, F|\n|poke|p1|Gyarados, L50, F|\n|poke|p1|Ceruledge, L50, F|\n|poke|p1|Ting-Lu, L50|\n|poke|p1|Baxcalibur, L50, F|\n|poke|p2|Wo-Chien, L50|\n|poke|p2|Garganacl, L50, F|\n|poke|p2|Glimmora, L50, M|\n|poke|p2|Ting-Lu, L50|\n|poke|p2|Volcarona, L50, M|\n|poke|p2|Iron Hands, L50|\n|teampreview|4\nPiccolo Ruiz has agreed to open team sheets.\n|inactive|Battle timer is ON: inactive players will automatically lose when time's up. (requested by Piccolo Ruiz)\n|inactive|Piccolo Ruiz has 60 seconds left.\n|inactive|ivanthrash has 60 seconds left.\n|\n|t:|1681746941\n|start\n|switch|p1a: Gyarados|Gyarados, L50, F, shiny|100\/100\n|switch|p1b: Ting-Lu|Ting-Lu, L50|100\/100\n|switch|p2a: Iron Hands|Iron Hands, L50|100\/100\n|switch|p2b: Ting-Lu|Ting-Lu, L50|100\/100\n|-ability|p1a: Gyarados|Intimidate|boost\n|-unboost|p2a: Iron Hands|atk|1\n|-unboost|p2b: Ting-Lu|atk|1\n|-ability|p1b: Ting-Lu|Vessel of Ruin\n|-ability|p2b: Ting-Lu|Vessel of Ruin\n|turn|1\n|\n|t:|1681746963\n|move|p1a: Gyarados|Protect|p1a: Gyarados\n|-singleturn|p1a: Gyarados|Protect\n|move|p2a: Iron Hands|Fake Out|p1a: Gyarados\n|-activate|p1a: Gyarados|move: Protect\n|move|p1b: Ting-Lu|Fissure|p2a: Iron Hands|[miss]\n|-miss|p1b: Ting-Lu|p2a: Iron Hands\n|move|p2b: Ting-Lu|Fissure|p1b: Ting-Lu|[miss]\n|-miss|p2b: Ting-Lu|p1b: Ting-Lu\n|\n|upkeep\n|turn|2\n|\n|t:|1681746978\n|move|p1a: Gyarados|Waterfall|p2b: Ting-Lu\n|-supereffective|p2b: Ting-Lu\n|-damage|p2b: Ting-Lu|61\/100\n|move|p1b: Ting-Lu|Stomping Tantrum|p2a: Iron Hands\n|-supereffective|p2a: Iron Hands\n|-damage|p2a: Iron Hands|25\/100\n|-enditem|p2a: Iron Hands|Weakness Policy\n|-boost|p2a: Iron Hands|atk|2|[from] item: Weakness Policy\n|-boost|p2a: Iron Hands|spa|2|[from] item: Weakness Policy\n|move|p2a: Iron Hands|Thunder Punch|p1a: Gyarados\n|-supereffective|p1a: Gyarados\n|-damage|p1a: Gyarados|0 fnt\n|faint|p1a: Gyarados\n|move|p2b: Ting-Lu|Fissure|p1b: Ting-Lu\n|-damage|p1b: Ting-Lu|0 fnt\n|faint|p1b: Ting-Lu\n|-ohko\n|\n|upkeep\n|\n|t:|1681746986\n|switch|p1a: Sasha Colby|Flutter Mane, L50|100\/100\n|switch|p1b: Brita|Amoonguss, L50, F, shiny|100\/100\n|turn|3\n|inactive|ivanthrash has 30 seconds left.\n|\n|t:|1681747015\n|-terastallize|p1a: Sasha Colby|Fairy\n|-terastallize|p2a: Iron Hands|Fire\n|move|p1b: Brita|Rage Powder|p1b: Brita\n|-singleturn|p1b: Brita|move: Rage Powder\n|move|p1a: Sasha Colby|Moonblast|p2b: Ting-Lu\n|-supereffective|p2b: Ting-Lu\n|-damage|p2b: Ting-Lu|0 fnt\n|faint|p2b: Ting-Lu\n|move|p2a: Iron Hands|Thunder Punch|p1b: Brita\n|-resisted|p1b: Brita\n|-damage|p1b: Brita|74\/100\n|-status|p1b: Brita|par\n|\n|upkeep\n|\n|t:|1681747032\n|switch|p2b: Glimmora|Glimmora, L50, M|100\/100\n|turn|4\n|\n|t:|1681747044\n|move|p1a: Sasha Colby|Moonblast|p2a: Iron Hands\n|-resisted|p2a: Iron Hands\n|-damage|p2a: Iron Hands|0 fnt\n|faint|p2a: Iron Hands\n|-end|p2a: Iron Hands|Quark Drive|[silent]\n|move|p2b: Glimmora|Mortal Spin|p1b: Brita|[spread] p1a,p1b\n|-supereffective|p1a: Sasha Colby\n|-damage|p1a: Sasha Colby|85\/100\n|-damage|p1b: Brita|71\/100 par\n|-status|p1a: Sasha Colby|psn\n|move|p1b: Brita|Spore|p2b: Glimmora\n|-status|p2b: Glimmora|slp|[from] move: Spore\n|\n|-damage|p1a: Sasha Colby|73\/100 psn|[from] psn\n|upkeep\n|\n|t:|1681747056\n|switch|p2a: Wo-Chien|Wo-Chien, L50|100\/100\n|-ability|p2a: Wo-Chien|Tablets of Ruin\n|turn|5\n|\n|t:|1681747069\n|move|p1a: Sasha Colby|Moonblast|p2a: Wo-Chien\n|-supereffective|p2a: Wo-Chien\n|-damage|p2a: Wo-Chien|0 fnt\n|faint|p2a: Wo-Chien\n|cant|p2b: Glimmora|slp\n|move|p1b: Brita|Pollen Puff|p2b: Glimmora\n|-resisted|p2b: Glimmora\n|-damage|p2b: Glimmora|93\/100 slp\n|\n|-damage|p1a: Sasha Colby|62\/100 psn|[from] psn\n|upkeep\n|turn|6\n|-message|ivanthrash forfeited.\n|\n|win|Piccolo Ruiz\n|raw|Piccolo Ruiz's rating: 1304 → 1325<\/strong> (+21 for winning)\n|raw|ivanthrash's rating: 1321 → 1300<\/strong> (-21 for losing)\n|l|\u2606ivanthrash\n|c|\u2606Piccolo Ruiz|gg\n","uploadtime":1681747104,"views":9,"p1id":"piccoloruiz","p2id":"ivanthrash","formatid":"gen9vgc2023regulationc","rating":1300,"private":0,"password":""}