{"id":"gen9vgc2023regulationc-1852664099","p1":"abar12345","p2":"UserOmega","format":"[Gen 9] VGC 2023 Regulation C","log":"|j|\u203dabar12345\n|j|\u2606UserOmega\n|t:|1682593276\n|gametype|doubles\n|player|p1|abar12345|101|1455\n|player|p2|UserOmega|youngcouple-gen4dp|1346\n|teamsize|p1|6\n|teamsize|p2|6\n|gen|9\n|tier|[Gen 9] VGC 2023 Regulation C\n|rated|\n|rule|Species Clause: Limit one of each Pok\u00e9mon\n|rule|Item Clause: Limit one of each item\n|clearpoke\n|poke|p1|Arcanine, L50, M|\n|poke|p1|Dragonite, L50, F|\n|poke|p1|Ting-Lu, L50|\n|poke|p1|Vivillon-Tundra, L50, M|\n|poke|p1|Iron Bundle, L50|\n|poke|p1|Flutter Mane, L50|\n|poke|p2|Klefki, L50, M|\n|poke|p2|Ting-Lu, L50|\n|poke|p2|Glimmora, L50, M|\n|poke|p2|Scream Tail, L50|\n|poke|p2|Mimikyu, L50, F|\n|poke|p2|Annihilape, L50, F|\n|teampreview|4\n|\n|t:|1682593372\n|start\n|switch|p1a: Vivillon|Vivillon-Tundra, L50, M|100\/100\n|switch|p1b: Ting-Lu|Ting-Lu, L50|100\/100\n|switch|p2a: Klefki|Klefki, L50, M|100\/100\n|switch|p2b: Glimmora|Glimmora, L50, M|100\/100\n|-ability|p1b: Ting-Lu|Vessel of Ruin\n|turn|1\n|inactive|Battle timer is ON: inactive players will automatically lose when time's up. (requested by UserOmega)\n|\n|t:|1682593385\n|-terastallize|p2b: Glimmora|Grass\n|move|p2a: Klefki|Reflect|p2a: Klefki\n|-sidestart|p2: UserOmega|Reflect\n|move|p1a: Vivillon|Safeguard|p1a: Vivillon\n|-sidestart|p1: abar12345|Safeguard\n|move|p2b: Glimmora|Mortal Spin|p1b: Ting-Lu|[spread] p1a,p1b\n|-resisted|p1b: Ting-Lu\n|-damage|p1a: Vivillon|92\/100\n|-damage|p1b: Ting-Lu|99\/100\n|move|p1b: Ting-Lu|Earthquake|p2b: Glimmora|[spread] p2a,p2b\n|-immune|p1a: Vivillon\n|-supereffective|p2a: Klefki\n|-resisted|p2b: Glimmora\n|-damage|p2a: Klefki|54\/100\n|-damage|p2b: Glimmora|86\/100\n|-activate|p2b: Glimmora|ability: Toxic Debris\n|-sidestart|p1: abar12345|move: Toxic Spikes\n|-enditem|p2b: Glimmora|Red Card|[of] p1b: Ting-Lu\n|drag|p1b: Dragonite|Dragonite, L50, F|100\/100\n|\n|upkeep\n|turn|2\n|inactive|abar12345 has 30 seconds left.\n|inactive|abar12345 has 20 seconds left.\n|c|\u2606UserOmega|WP safeguard\n|inactive|abar12345 has 15 seconds left.\n|inactive|abar12345 has 10 seconds left.\n|\n|t:|1682593432\n|-terastallize|p1b: Dragonite|Flying\n|move|p2b: Glimmora|Spiky Shield|p2b: Glimmora\n|-singleturn|p2b: Glimmora|move: Protect\n|move|p2a: Klefki|Light Screen|p2a: Klefki\n|-sidestart|p2: UserOmega|move: Light Screen\n|move|p1a: Vivillon|Pollen Puff|p2b: Glimmora\n|-activate|p2b: Glimmora|move: Protect\n|move|p1b: Dragonite|Tera Blast|p2b: Glimmora\n|-activate|p2b: Glimmora|move: Protect\n|\n|upkeep\n|turn|3\n|inactive|UserOmega has 30 seconds left.\n|\n|t:|1682593462\n|switch|p1a: Ting-Lu|Ting-Lu, L50|99\/100\n|-ability|p1a: Ting-Lu|Vessel of Ruin\n|move|p2b: Glimmora|Sludge Bomb|p1b: Dragonite\n|-damage|p1b: Dragonite|86\/100\n|move|p1b: Dragonite|Tera Blast|p2b: Glimmora\n|-supereffective|p2b: Glimmora\n|-damage|p2b: Glimmora|0 fnt\n|-activate|p2b: Glimmora|ability: Toxic Debris\n|-sidestart|p1: abar12345|move: Toxic Spikes\n|faint|p2b: Glimmora\n|move|p2a: Klefki|Play Rough|p1b: Dragonite\n|-damage|p1b: Dragonite|60\/100\n|\n|upkeep\n|\n|t:|1682593477\n|switch|p2b: Scream Tail|Scream Tail, L50|100\/100\n|-enditem|p2b: Scream Tail|Booster Energy\n|-activate|p2b: Scream Tail|ability: Protosynthesis|[fromitem]\n|-start|p2b: Scream Tail|protosynthesisspe\n|turn|4\n|\n|t:|1682593493\n|move|p2b: Scream Tail|Howl|p2b: Scream Tail|[spread] p2a,p2b\n|-boost|p2a: Klefki|atk|1\n|-boost|p2b: Scream Tail|atk|1\n|move|p1b: Dragonite|Tera Blast|p2a: Klefki\n|-resisted|p2a: Klefki\n|-damage|p2a: Klefki|26\/100\n|move|p2a: Klefki|Play Rough|p1b: Dragonite\n|-damage|p1b: Dragonite|20\/100\n|move|p1a: Ting-Lu|Earthquake|p2b: Scream Tail|[spread] p2a,p2b\n|-immune|p1b: Dragonite\n|-supereffective|p2a: Klefki\n|-damage|p2a: Klefki|0 fnt\n|-damage|p2b: Scream Tail|77\/100\n|faint|p2a: Klefki\n|\n|upkeep\n|\n|t:|1682593503\n|switch|p2a: Annihilape|Annihilape, L50, F|100\/100\n|turn|5\n|\n|t:|1682593515\n|move|p2b: Scream Tail|Psychic Fangs|p1b: Dragonite\n|-damage|p1b: Dragonite|0 fnt\n|faint|p1b: Dragonite\n|move|p2a: Annihilape|Bulk Up|p2a: Annihilape\n|-boost|p2a: Annihilape|atk|1\n|-boost|p2a: Annihilape|def|1\n|move|p1a: Ting-Lu|Heavy Slam|p2b: Scream Tail\n|-supereffective|p2b: Scream Tail\n|-damage|p2b: Scream Tail|33\/100\n|\n|-sideend|p1: abar12345|Safeguard\n|upkeep\n|\n|t:|1682593525\n|switch|p1b: Vivillon|Vivillon-Tundra, L50, M|92\/100\n|turn|6\n|\n|t:|1682593539\n|move|p1b: Vivillon|Rage Powder|p1b: Vivillon\n|-singleturn|p1b: Vivillon|move: Rage Powder\n|move|p2b: Scream Tail|Howl|p2b: Scream Tail|[spread] p2a,p2b\n|-boost|p2a: Annihilape|atk|1\n|-boost|p2b: Scream Tail|atk|1\n|move|p2a: Annihilape|Drain Punch|p1a: Ting-Lu\n|-supereffective|p1a: Ting-Lu\n|-damage|p1a: Ting-Lu|38\/100\n|move|p1a: Ting-Lu|Heavy Slam|p2b: Scream Tail\n|-supereffective|p2b: Scream Tail\n|-damage|p2b: Scream Tail|0 fnt\n|faint|p2b: Scream Tail\n|-end|p2b: Scream Tail|Protosynthesis|[silent]\n|\n|upkeep\n|turn|7\n|\n|t:|1682593557\n|move|p1a: Ting-Lu|Protect|p1a: Ting-Lu\n|-singleturn|p1a: Ting-Lu|Protect\n|move|p1b: Vivillon|Safeguard|p1b: Vivillon\n|-sidestart|p1: abar12345|Safeguard\n|move|p2a: Annihilape|Drain Punch|p1a: Ting-Lu\n|-activate|p1a: Ting-Lu|move: Protect\n|\n|upkeep\n|turn|8\n|\n|t:|1682593570\n|move|p1b: Vivillon|Pollen Puff|p1a: Ting-Lu\n|-heal|p1a: Ting-Lu|88\/100\n|move|p2a: Annihilape|Drain Punch|p1a: Ting-Lu\n|-supereffective|p1a: Ting-Lu\n|-damage|p1a: Ting-Lu|32\/100\n|move|p1a: Ting-Lu|Heavy Slam|p2a: Annihilape\n|-damage|p2a: Annihilape|82\/100\n|\n|-sideend|p2: UserOmega|Reflect\n|upkeep\n|turn|9\n|\n|t:|1682593590\n|move|p1b: Vivillon|Pollen Puff|p1a: Ting-Lu\n|-heal|p1a: Ting-Lu|82\/100\n|move|p2a: Annihilape|Rage Fist|p1b: Vivillon\n|-damage|p1b: Vivillon|0 fnt\n|faint|p1b: Vivillon\n|move|p1a: Ting-Lu|Earthquake|p2a: Annihilape\n|-damage|p2a: Annihilape|44\/100\n|\n|-sideend|p2: UserOmega|move: Light Screen\n|upkeep\n|\n|t:|1682593600\n|switch|p1b: Arcanine|Arcanine, L50, M|100\/100\n|-ability|p1b: Arcanine|Intimidate|boost\n|-unboost|p2a: Annihilape|atk|1\n|-ability|p2a: Annihilape|Defiant|boost\n|-boost|p2a: Annihilape|atk|2\n|turn|10\n|\n|t:|1682593607\n|move|p2a: Annihilape|Rage Fist|p1b: Arcanine\n|-damage|p1b: Arcanine|0 fnt\n|faint|p1b: Arcanine\n|move|p1a: Ting-Lu|Heavy Slam|p2a: Annihilape\n|-damage|p2a: Annihilape|15\/100\n|\n|upkeep\n|turn|11\n|\n|t:|1682593614\n|move|p2a: Annihilape|Drain Punch|p1a: Ting-Lu\n|-supereffective|p1a: Ting-Lu\n|-damage|p1a: Ting-Lu|0 fnt\n|-heal|p2a: Annihilape|70\/100|[from] drain|[of] p1a: Ting-Lu\n|faint|p1a: Ting-Lu\n|\n|win|UserOmega\n|raw|abar12345's rating: 1455 → 1429<\/strong> (-26 for losing)\n|raw|UserOmega's rating: 1346 → 1372<\/strong> (+26 for winning)\n|l|\u203dabar12345\n","uploadtime":1682593622,"views":13,"p1id":"abar12345","p2id":"useromega","formatid":"gen9vgc2023regulationc","rating":1372,"private":0,"password":""}