{"id":"gen9vgc2023regulationc-1856170718","p1":"Widxen","p2":"brocksoup","format":"[Gen 9] VGC 2023 Regulation C","log":"|j|\u2606Widxen\n|j|\u2606brocksoup\n|t:|1683037265\n|gametype|doubles\n|player|p1|Widxen|101|1191\n|player|p2|brocksoup|unknown|1233\n|teamsize|p1|6\n|teamsize|p2|6\n|gen|9\n|tier|[Gen 9] VGC 2023 Regulation C\n|rated|\n|rule|Species Clause: Limit one of each Pok\u00e9mon\n|rule|Item Clause: Limit one of each item\n|clearpoke\n|poke|p1|Ting-Lu, L50|\n|poke|p1|Gyarados, L50, M|\n|poke|p1|Meowscarada, L50, F|\n|poke|p1|Arcanine, L50, F|\n|poke|p1|Flutter Mane, L50|\n|poke|p1|Iron Bundle, L50|\n|poke|p2|Grimmsnarl, L50, M|\n|poke|p2|Flutter Mane, L50|\n|poke|p2|Chi-Yu, L50|\n|poke|p2|Iron Bundle, L50|\n|poke|p2|Farigiraf, L50, F|\n|poke|p2|Amoonguss, L50, M|\n|teampreview|4\n|inactive|Battle timer is ON: inactive players will automatically lose when time's up. (requested by brocksoup)\nbrocksoup rejected open team sheets.\n|inactive|Widxen has 60 seconds left.\n|\n|t:|1683037318\n|start\n|switch|p1a: Ting-Lu|Ting-Lu, L50|100\/100\n|switch|p1b: Meowscarada|Meowscarada, L50, F|100\/100\n|switch|p2a: Grimmsnarl|Grimmsnarl, L50, M|100\/100\n|switch|p2b: Flutter Mane|Flutter Mane, L50|100\/100\n|-ability|p1a: Ting-Lu|Vessel of Ruin\n|turn|1\n|inactive|Widxen has 30 seconds left.\n|\n|t:|1683037353\n|-terastallize|p2b: Flutter Mane|Fairy\n|-terastallize|p1a: Ting-Lu|Water\n|move|p2a: Grimmsnarl|Fake Out|p1a: Ting-Lu\n|-damage|p1a: Ting-Lu|92\/100\n|move|p1b: Meowscarada|U-turn|p2b: Flutter Mane\n|-start|p1b: Meowscarada|typechange|Bug|[from] ability: Protean\n|-resisted|p2b: Flutter Mane\n|-damage|p2b: Flutter Mane|74\/100\n|\n|t:|1683037365\n|switch|p1b: Arcanine|Arcanine, L50, F|100\/100|[from] U-turn\n|-ability|p1b: Arcanine|Intimidate|boost\n|-unboost|p2a: Grimmsnarl|atk|1\n|-unboost|p2b: Flutter Mane|atk|1\n|move|p2b: Flutter Mane|Dazzling Gleam|p1a: Ting-Lu|[spread] p1a,p1b\n|-resisted|p1b: Arcanine\n|-damage|p1a: Ting-Lu|68\/100\n|-damage|p1b: Arcanine|82\/100\n|-damage|p2b: Flutter Mane|65\/100|[from] item: Life Orb\n|cant|p1a: Ting-Lu|flinch\n|\n|-heal|p1a: Ting-Lu|74\/100|[from] item: Leftovers\n|upkeep\n|turn|2\n|\n|t:|1683037381\n|move|p2a: Grimmsnarl|Fake Tears|p1b: Arcanine\n|-unboost|p1b: Arcanine|spd|2\n|move|p2b: Flutter Mane|Shadow Ball|p1b: Arcanine\n|-damage|p1b: Arcanine|9\/100\n|-unboost|p1b: Arcanine|spd|1\n|-damage|p2b: Flutter Mane|56\/100|[from] item: Life Orb\n|move|p1b: Arcanine|Will-O-Wisp|p2a: Grimmsnarl|[miss]\n|-miss|p1b: Arcanine|p2a: Grimmsnarl\n|move|p1a: Ting-Lu|Heavy Slam|p2b: Flutter Mane\n|-supereffective|p2b: Flutter Mane\n|-damage|p2b: Flutter Mane|0 fnt\n|faint|p2b: Flutter Mane\n|-end|p2b: Flutter Mane|Protosynthesis|[silent]\n|\n|-heal|p1a: Ting-Lu|81\/100|[from] item: Leftovers\n|upkeep\n|\n|t:|1683037394\n|switch|p2b: Iron Bundle|Iron Bundle, L50|100\/100\n|-enditem|p2b: Iron Bundle|Booster Energy\n|-activate|p2b: Iron Bundle|ability: Quark Drive|[fromitem]\n|-start|p2b: Iron Bundle|quarkdrivespa\n|turn|3\n|\n|t:|1683037414\n|move|p1b: Arcanine|Protect|p1b: Arcanine\n|-singleturn|p1b: Arcanine|Protect\n|move|p2b: Iron Bundle|Freeze-Dry|p1a: Ting-Lu\n|-supereffective|p1a: Ting-Lu\n|-damage|p1a: Ting-Lu|38\/100\n|move|p2a: Grimmsnarl|Spirit Break|p1b: Arcanine\n|-activate|p1b: Arcanine|move: Protect\n|move|p1a: Ting-Lu|Heavy Slam|p2a: Grimmsnarl\n|-supereffective|p2a: Grimmsnarl\n|-damage|p2a: Grimmsnarl|15\/100\n|\n|-heal|p1a: Ting-Lu|44\/100|[from] item: Leftovers\n|upkeep\n|turn|4\n|\n|t:|1683037433\n|move|p1a: Ting-Lu|Protect|p1a: Ting-Lu\n|-singleturn|p1a: Ting-Lu|Protect\n|move|p1b: Arcanine|Extreme Speed|p2a: Grimmsnarl\n|-damage|p2a: Grimmsnarl|0 fnt\n|faint|p2a: Grimmsnarl\n|move|p2b: Iron Bundle|Freeze-Dry|p1a: Ting-Lu\n|-activate|p1a: Ting-Lu|move: Protect\n|\n|-heal|p1a: Ting-Lu|50\/100|[from] item: Leftovers\n|upkeep\n|\n|t:|1683037444\n|switch|p2a: Chi-Yu|Chi-Yu, L50|100\/100\n|-ability|p2a: Chi-Yu|Beads of Ruin\n|turn|5\n|inactive|Widxen has 30 seconds left.\n|\n|t:|1683037474\n|move|p1b: Arcanine|Extreme Speed|p2b: Iron Bundle\n|-damage|p2b: Iron Bundle|78\/100\n|move|p2b: Iron Bundle|Freeze-Dry|p1a: Ting-Lu\n|-supereffective|p1a: Ting-Lu\n|-damage|p1a: Ting-Lu|0 fnt\n|faint|p1a: Ting-Lu\n|move|p2a: Chi-Yu|Heat Wave|p1b: Arcanine\n|-resisted|p1b: Arcanine\n|-damage|p1b: Arcanine|0 fnt\n|faint|p1b: Arcanine\n|\n|upkeep\n|\n|t:|1683037478\n|switch|p1b: Gyarados|Gyarados, L50, M|100\/100\n|switch|p1a: Meowscarada|Meowscarada, L50, F|100\/100\n|-ability|p1b: Gyarados|Intimidate|boost\n|-unboost|p2a: Chi-Yu|atk|1\n|-unboost|p2b: Iron Bundle|atk|1\n|turn|6\n|\n|t:|1683037492\n|move|p1a: Meowscarada|Flower Trick|p2b: Iron Bundle\n|-start|p1a: Meowscarada|typechange|Grass|[from] ability: Protean\n|-supereffective|p2b: Iron Bundle\n|-crit|p2b: Iron Bundle\n|-damage|p2b: Iron Bundle|0 fnt\n|faint|p2b: Iron Bundle\n|-end|p2b: Iron Bundle|Quark Drive|[silent]\n|move|p2a: Chi-Yu|Heat Wave|p1b: Gyarados|[spread] p1a,p1b\n|-supereffective|p1a: Meowscarada\n|-resisted|p1b: Gyarados\n|-damage|p1a: Meowscarada|0 fnt\n|-damage|p1b: Gyarados|85\/100\n|faint|p1a: Meowscarada\n|move|p1b: Gyarados|Waterfall|p2a: Chi-Yu\n|-supereffective|p2a: Chi-Yu\n|-damage|p2a: Chi-Yu|0 fnt\n|faint|p2a: Chi-Yu\n|\n|win|Widxen\n|raw|Widxen's rating: 1191 → 1219<\/strong> (+28 for winning)\n|raw|brocksoup's rating: 1233 → 1205<\/strong> (-28 for losing)\n|l|\u2606brocksoup\n","uploadtime":1683037514,"views":9,"p1id":"widxen","p2id":"brocksoup","formatid":"gen9vgc2023regulationc","rating":1205,"private":0,"password":""}