{"id":"gen9vgc2023regulationc-1860653093","p1":"WillieDangerously","p2":"chuzvb07","format":"[Gen 9] VGC 2023 Regulation C","log":"|j|\u2606WillieDangerously\n|j|\u2606chuzvb07\n|t:|1683662813\n|gametype|doubles\n|player|p1|WillieDangerously|psychic-gen4|1192\n|player|p2|chuzvb07|2|1157\n|teamsize|p1|6\n|teamsize|p2|6\n|gen|9\n|tier|[Gen 9] VGC 2023 Regulation C\n|rated|\n|rule|Species Clause: Limit one of each Pok\u00e9mon\n|rule|Item Clause: Limit one of each item\n|clearpoke\n|poke|p1|Gholdengo, L50|\n|poke|p1|Wo-Chien, L50|\n|poke|p1|Iron Bundle, L50|\n|poke|p1|Dragapult, L50, F|\n|poke|p1|Hippowdon, L50, M|\n|poke|p1|Glimmora, L50, M|\n|poke|p2|Hatterene, L50, F|\n|poke|p2|Indeedee-F, L50, F|\n|poke|p2|Torkoal, L50, M|\n|poke|p2|Lilligant, L50, F|\n|poke|p2|Iron Hands, L50|\n|poke|p2|Brute Bonnet, L50|\n|teampreview|4\n|inactive|Battle timer is ON: inactive players will automatically lose when time's up. (requested by chuzvb07)\n|\n|t:|1683662862\n|start\n|switch|p1a: Glimmora|Glimmora, L50, M|100\/100\n|switch|p1b: Iron Bundle|Iron Bundle, L50|100\/100\n|switch|p2a: Hatterene|Hatterene, L50, F, shiny|100\/100\n|switch|p2b: Indeedee|Indeedee-F, L50, F|100\/100\n|-fieldstart|move: Psychic Terrain|[from] ability: Psychic Surge|[of] p2b: Indeedee\n|-enditem|p2b: Indeedee|Psychic Seed\n|-boost|p2b: Indeedee|spd|1|[from] item: Psychic Seed\n|-enditem|p1b: Iron Bundle|Booster Energy\n|-activate|p1b: Iron Bundle|ability: Quark Drive|[fromitem]\n|-start|p1b: Iron Bundle|quarkdrivespe\n|turn|1\n|inactive|WillieDangerously has 30 seconds left.\n|inactive|chuzvb07 has 30 seconds left.\n|inactive|chuzvb07 has 20 seconds left.\n|\n|t:|1683662898\n|move|p2b: Indeedee|Follow Me|p2b: Indeedee\n|-singleturn|p2b: Indeedee|move: Follow Me\n|move|p1b: Iron Bundle|Freeze-Dry|p2b: Indeedee\n|-damage|p2b: Indeedee|78\/100\n|move|p1a: Glimmora|Mortal Spin|p2b: Indeedee|[spread] p2a,p2b\n|-supereffective|p2a: Hatterene\n|-crit|p2a: Hatterene\n|-damage|p2a: Hatterene|82\/100\n|-damage|p2b: Indeedee|74\/100\n|-status|p2b: Indeedee|psn\n|move|p2a: Hatterene|Psychic|p1a: Glimmora\n|-supereffective|p1a: Glimmora\n|-damage|p1a: Glimmora|3\/100\n|\n|-damage|p2b: Indeedee|62\/100 psn|[from] psn\n|upkeep\n|turn|2\n|inactive|WillieDangerously has 30 seconds left.\n|\n|t:|1683662927\n|switch|p1a: Gholdengo|Gholdengo, L50|100\/100\n|move|p2b: Indeedee|Follow Me|p2b: Indeedee\n|-singleturn|p2b: Indeedee|move: Follow Me\n|move|p1b: Iron Bundle|Encore|p2b: Indeedee\n|-start|p2b: Indeedee|Encore\n|move|p2a: Hatterene|Trick Room|p2a: Hatterene\n|-fieldstart|move: Trick Room|[of] p2a: Hatterene\n|\n|-damage|p2b: Indeedee|49\/100 psn|[from] psn\n|upkeep\n|turn|3\n|\n|t:|1683662945\n|-end|p1b: Iron Bundle|Quark Drive|[silent]\n|switch|p1b: Hippowdon|Hippowdon, L50, M|100\/100\n|-weather|Sandstorm|[from] ability: Sand Stream|[of] p1b: Hippowdon\n|move|p2b: Indeedee|Follow Me|p2b: Indeedee\n|-singleturn|p2b: Indeedee|move: Follow Me\n|move|p2a: Hatterene|Mystical Fire|p1a: Gholdengo\n|-supereffective|p1a: Gholdengo\n|-damage|p1a: Gholdengo|36\/100\n|-unboost|p1a: Gholdengo|spa|1\n|-enditem|p1a: Gholdengo|Sitrus Berry|[eat]\n|-heal|p1a: Gholdengo|60\/100|[from] item: Sitrus Berry\n|move|p1a: Gholdengo|Nasty Plot|p1a: Gholdengo\n|-boost|p1a: Gholdengo|spa|2\n|\n|-weather|Sandstorm|[upkeep]\n|-damage|p2a: Hatterene|76\/100|[from] Sandstorm\n|-damage|p2b: Indeedee|43\/100 psn|[from] Sandstorm\n|-damage|p2b: Indeedee|30\/100 psn|[from] psn\n|upkeep\n|turn|4\n|inactive|WillieDangerously has 30 seconds left.\n|inactive|chuzvb07 has 30 seconds left.\n|inactive|WillieDangerously has 20 seconds left.\n|\n|t:|1683662983\n|-terastallize|p1a: Gholdengo|Water\n|move|p2b: Indeedee|Follow Me|p2b: Indeedee\n|-singleturn|p2b: Indeedee|move: Follow Me\n|move|p2a: Hatterene|Mystical Fire|p1a: Gholdengo\n|-resisted|p1a: Gholdengo\n|-damage|p1a: Gholdengo|45\/100\n|-unboost|p1a: Gholdengo|spa|1\n|move|p1b: Hippowdon|Stealth Rock|p2a: Hatterene\n|move|p2a: Hatterene|Stealth Rock|p1b: Hippowdon|[from]ability: Magic Bounce\n|-sidestart|p1: WillieDangerously|move: Stealth Rock\n|move|p1a: Gholdengo|Make It Rain|p2a: Hatterene|[spread] p2a,p2b\n|-supereffective|p2a: Hatterene\n|-damage|p2a: Hatterene|0 fnt\n|-damage|p2b: Indeedee|3\/100 psn\n|-unboost|p1a: Gholdengo|spa|1\n|faint|p2a: Hatterene\n|\n|-weather|Sandstorm|[upkeep]\n|-damage|p2b: Indeedee|0 fnt|[from] Sandstorm\n|-damage|p1a: Gholdengo|39\/100|[from] Sandstorm\n|faint|p2b: Indeedee\n|upkeep\n|\n|t:|1683663002\n|switch|p2a: Torkoal|Torkoal, L50, M|100\/100\n|switch|p2b: Brute Bonnet|Brute Bonnet, L50|100\/100\n|-weather|SunnyDay|[from] ability: Drought|[of] p2a: Torkoal\n|-activate|p2b: Brute Bonnet|ability: Protosynthesis\n|-start|p2b: Brute Bonnet|protosynthesisatk\n|turn|5\n|\n|t:|1683663024\n|switch|p1b: Glimmora|Glimmora, L50, M|3\/100\n|-damage|p1b: Glimmora|0 fnt|[from] Stealth Rock\n|faint|p1b: Glimmora\n|-terastallize|p2a: Torkoal|Fire\n|move|p1a: Gholdengo|Protect|p1a: Gholdengo\n|-singleturn|p1a: Gholdengo|Protect\n|move|p2a: Torkoal|Eruption|p1a: Gholdengo\n|-activate|p1a: Gholdengo|move: Protect\n|move|p2b: Brute Bonnet|Bullet Seed|p1a: Gholdengo\n|-activate|p1a: Gholdengo|move: Protect\n|\n|-weather|SunnyDay|[upkeep]\n|-fieldend|move: Psychic Terrain\n|upkeep\n|inactive|WillieDangerously has 30 seconds left.\n|\n|t:|1683663049\n|switch|p1b: Hippowdon|Hippowdon, L50, M|100\/100\n|-damage|p1b: Hippowdon|94\/100|[from] Stealth Rock\n|-weather|Sandstorm|[from] ability: Sand Stream|[of] p1b: Hippowdon\n|-end|p2b: Brute Bonnet|Protosynthesis\n|turn|6\n|\n|t:|1683663071\n|move|p1a: Gholdengo|Protect|p1a: Gholdengo\n|-singleturn|p1a: Gholdengo|Protect\n|move|p2a: Torkoal|Eruption|p1b: Hippowdon|[spread] p1b\n|-activate|p1a: Gholdengo|move: Protect\n|-damage|p1b: Hippowdon|36\/100\n|move|p2b: Brute Bonnet|Bullet Seed|p1a: Gholdengo\n|-activate|p1a: Gholdengo|move: Protect\n|move|p1b: Hippowdon|Sand Tomb|p2a: Torkoal\n|-supereffective|p2a: Torkoal\n|-damage|p2a: Torkoal|79\/100\n|-activate|p2a: Torkoal|move: Sand Tomb|[of] p1b: Hippowdon\n|\n|-weather|Sandstorm|[upkeep]\n|-damage|p2a: Torkoal|73\/100|[from] Sandstorm\n|-damage|p2b: Brute Bonnet|95\/100|[from] Sandstorm\n|-damage|p1a: Gholdengo|33\/100|[from] Sandstorm\n|-damage|p2a: Torkoal|60\/100|[from] move: Sand Tomb|[partiallytrapped]\n|-fieldend|move: Trick Room\n|upkeep\n|turn|7\n|inactive|WillieDangerously has 30 seconds left.\n|\n|t:|1683663101\n|move|p2a: Torkoal|Protect|p2a: Torkoal\n|-singleturn|p2a: Torkoal|Protect\n|move|p1a: Gholdengo|Shadow Ball|p2a: Torkoal\n|-activate|p2a: Torkoal|move: Protect\n|move|p1b: Hippowdon|Yawn|p2b: Brute Bonnet\n|-start|p2b: Brute Bonnet|move: Yawn|[of] p1b: Hippowdon\n|move|p2b: Brute Bonnet|Bullet Seed|p1a: Gholdengo\n|-supereffective|p1a: Gholdengo\n|-damage|p1a: Gholdengo|7\/100\n|-supereffective|p1a: Gholdengo\n|-damage|p1a: Gholdengo|0 fnt\n|faint|p1a: Gholdengo\n|-hitcount|p1: Gholdengo|2\n|\n|-weather|Sandstorm|[upkeep]\n|-damage|p2b: Brute Bonnet|89\/100|[from] Sandstorm\n|-damage|p2a: Torkoal|54\/100|[from] Sandstorm\n|-damage|p2a: Torkoal|42\/100|[from] move: Sand Tomb|[partiallytrapped]\n|upkeep\n|\n|t:|1683663112\n|switch|p1a: Iron Bundle|Iron Bundle, L50|100\/100\n|-damage|p1a: Iron Bundle|75\/100|[from] Stealth Rock\n|turn|8\n|inactive|WillieDangerously has 30 seconds left.\n|inactive|chuzvb07 has 30 seconds left.\n|inactive|chuzvb07 has 20 seconds left.\n|\n|t:|1683663154\n|move|p1a: Iron Bundle|Protect|p1a: Iron Bundle\n|-singleturn|p1a: Iron Bundle|Protect\n|move|p1b: Hippowdon|Protect|p1b: Hippowdon\n|-singleturn|p1b: Hippowdon|Protect\n|move|p2b: Brute Bonnet|Sucker Punch||[still]\n|-fail|p2b: Brute Bonnet\n|move|p2a: Torkoal|Flamethrower|p1a: Iron Bundle\n|-activate|p1a: Iron Bundle|move: Protect\n|\n|-weather|Sandstorm|[upkeep]\n|-damage|p1a: Iron Bundle|70\/100|[from] Sandstorm\n|-damage|p2b: Brute Bonnet|83\/100|[from] Sandstorm\n|-damage|p2a: Torkoal|36\/100|[from] Sandstorm\n|-damage|p2a: Torkoal|23\/100|[from] move: Sand Tomb|[partiallytrapped]\n|-end|p2b: Brute Bonnet|move: Yawn|[silent]\n|-status|p2b: Brute Bonnet|slp\n|upkeep\n|turn|9\n|inactive|WillieDangerously has 30 seconds left.\n|inactive|WillieDangerously has 20 seconds left.\n|inactive|WillieDangerously has 15 seconds left.\n|\n|t:|1683663196\n|move|p2a: Torkoal|Protect|p2a: Torkoal\n|-singleturn|p2a: Torkoal|Protect\n|move|p1a: Iron Bundle|Freeze-Dry|p2b: Brute Bonnet\n|-supereffective|p2b: Brute Bonnet\n|-damage|p2b: Brute Bonnet|25\/100 slp\n|move|p1b: Hippowdon|Sand Tomb|p2b: Brute Bonnet\n|-resisted|p2b: Brute Bonnet\n|-damage|p2b: Brute Bonnet|19\/100 slp\n|-activate|p2b: Brute Bonnet|move: Sand Tomb|[of] p1b: Hippowdon\n|cant|p2b: Brute Bonnet|slp\n|\n|-weather|Sandstorm|[upkeep]\n|-damage|p1a: Iron Bundle|64\/100|[from] Sandstorm\n|-damage|p2b: Brute Bonnet|13\/100 slp|[from] Sandstorm\n|-damage|p2a: Torkoal|17\/100|[from] Sandstorm\n|-damage|p2b: Brute Bonnet|1\/100 slp|[from] move: Sand Tomb|[partiallytrapped]\n|-damage|p2a: Torkoal|4\/100|[from] move: Sand Tomb|[partiallytrapped]\n|upkeep\n|turn|10\n|\n|t:|1683663214\n|-curestatus|p2b: Brute Bonnet|slp|[msg]\n|move|p2b: Brute Bonnet|Sucker Punch|p1a: Iron Bundle\n|-damage|p1a: Iron Bundle|27\/100\n|move|p1a: Iron Bundle|Icy Wind|p2a: Torkoal|[spread] p2a,p2b\n|-resisted|p2a: Torkoal\n|-supereffective|p2b: Brute Bonnet\n|-damage|p2a: Torkoal|0 fnt\n|-damage|p2b: Brute Bonnet|0 fnt\n|faint|p2a: Torkoal\n|faint|p2b: Brute Bonnet\n|-end|p2b: Brute Bonnet|Protosynthesis|[silent]\n|\n|win|WillieDangerously\n|raw|WillieDangerously's rating: 1192 → 1214<\/strong> (+22 for winning)\n|raw|chuzvb07's rating: 1157 → 1135<\/strong> (-22 for losing)\n|l|\u2606chuzvb07\n","uploadtime":1683663228,"views":12,"p1id":"williedangerously","p2id":"chuzvb07","formatid":"gen9vgc2023regulationc","rating":1135,"private":0,"password":""}