{"id":"gen9vgc2023regulationc-1858802887","p1":"SrBidais","p2":"rick_meme247","format":"[Gen 9] VGC 2023 Regulation C","log":"|j|\u2606SrBidais\n|j|\u2606rick_meme247\n|t:|1683364301\n|gametype|doubles\n|player|p1|SrBidais|veteran|1097\n|player|p2|rick_meme247|cynthia|1000\n|teamsize|p1|6\n|teamsize|p2|6\n|gen|9\n|tier|[Gen 9] VGC 2023 Regulation C\n|rated|\n|rule|Species Clause: Limit one of each Pok\u00e9mon\n|rule|Item Clause: Limit one of each item\n|clearpoke\n|poke|p1|Flutter Mane, L50|\n|poke|p1|Dragonite, L50, M|\n|poke|p1|Garganacl, L50, F|\n|poke|p1|Wo-Chien, L50|\n|poke|p1|Arcanine, L50, F|\n|poke|p1|Gholdengo, L50|\n|poke|p2|Brute Bonnet, L50|\n|poke|p2|Garganacl, L50, M|\n|poke|p2|Annihilape, L50, M|\n|poke|p2|Kingambit, L50, M|\n|poke|p2|Palafin, L50, M|\n|poke|p2|Baxcalibur, L50, M|\n|teampreview|4\n|\n|t:|1683364334\n|start\n|switch|p1a: Chimbote|Arcanine, L50, F|100\/100\n|switch|p1b: Franklin County|Wo-Chien, L50|100\/100\n|switch|p2a: Brute Bonnet|Brute Bonnet, L50, shiny|100\/100\n|switch|p2b: Baxcalibur|Baxcalibur, L50, M, shiny|100\/100\n|-ability|p1a: Chimbote|Intimidate|boost\n|-unboost|p2a: Brute Bonnet|atk|1\n|-unboost|p2b: Baxcalibur|atk|1\n|-ability|p1b: Franklin County|Tablets of Ruin\n|-enditem|p2a: Brute Bonnet|Booster Energy\n|-activate|p2a: Brute Bonnet|ability: Protosynthesis|[fromitem]\n|-start|p2a: Brute Bonnet|protosynthesisdef\n|turn|1\n|\n|t:|1683364378\n|-end|p2a: Brute Bonnet|Protosynthesis|[silent]\n|switch|p2a: Palafin|Palafin, L50, M, shiny|100\/100\n|move|p1a: Chimbote|Play Rough|p2b: Baxcalibur|[miss]\n|-miss|p1a: Chimbote|p2b: Baxcalibur\n|move|p2b: Baxcalibur|Draco Meteor|p1b: Franklin County|[miss]\n|-miss|p2b: Baxcalibur|p1b: Franklin County\n|move|p1b: Franklin County|Ingrain|p1b: Franklin County\n|-start|p1b: Franklin County|move: Ingrain\n|\n|upkeep\n|turn|2\n|inactive|Battle timer is ON: inactive players will automatically lose when time's up. (requested by rick_meme247)\n|\n|t:|1683364426\n|detailschange|p2a: Palafin|Palafin-Hero, L50, M, shiny\n|switch|p2a: Kingambit|Kingambit, L50, M, shiny|100\/100\n|-terastallize|p1b: Franklin County|Poison\n|move|p1a: Chimbote|Will-O-Wisp|p2a: Kingambit\n|-status|p2a: Kingambit|brn\n|move|p2b: Baxcalibur|Draco Meteor|p1a: Chimbote\n|-damage|p1a: Chimbote|45\/100\n|-unboost|p2b: Baxcalibur|spa|2\n|-damage|p2b: Baxcalibur|91\/100|[from] item: Life Orb\n|move|p1b: Franklin County|Leech Seed|p2b: Baxcalibur|[miss]\n|-miss|p1b: Franklin County|p2b: Baxcalibur\n|\n|-damage|p2a: Kingambit|94\/100 brn|[from] brn\n|upkeep\n|turn|3\n|\n|t:|1683364448\n|-end|p2a: Kingambit|fallenundefined|[silent]\n|switch|p2a: Palafin|Palafin-Hero, L50, M, shiny|100\/100\n|-activate|p2a: Palafin|ability: Zero to Hero\n|move|p1a: Chimbote|Flare Blitz|p2a: Palafin\n|-resisted|p2a: Palafin\n|-damage|p2a: Palafin|79\/100\n|-damage|p1a: Chimbote|37\/100|[from] Recoil\n|move|p2b: Baxcalibur|Blizzard|p1a: Chimbote|[spread] p1a\n|-miss|p2b: Baxcalibur|p1b: Franklin County\n|-resisted|p1a: Chimbote\n|-damage|p1a: Chimbote|30\/100\n|-damage|p2b: Baxcalibur|81\/100|[from] item: Life Orb\n|move|p1b: Franklin County|Leech Seed|p2b: Baxcalibur\n|-start|p2b: Baxcalibur|move: Leech Seed\n|\n|-damage|p2b: Baxcalibur|69\/100|[from] Leech Seed|[of] p1b: Franklin County\n|upkeep\n|turn|4\n|c|\u2606SrBidais|its just a game of misses wtf\n|inactive|SrBidais has 30 seconds left.\n|inactive|rick_meme247 has 30 seconds left.\n|inactive|SrBidais has 20 seconds left.\n|inactive|SrBidais has 15 seconds left.\n|inactive|SrBidais has 10 seconds left.\n|\n|t:|1683364494\n|move|p1a: Chimbote|Will-O-Wisp|p2a: Palafin\n|-status|p2a: Palafin|brn\n|move|p2a: Palafin|Wave Crash|p1a: Chimbote\n|-supereffective|p1a: Chimbote\n|-damage|p1a: Chimbote|0 fnt\n|faint|p1a: Chimbote\n|-damage|p2a: Palafin|70\/100 brn|[from] Recoil\n|move|p2b: Baxcalibur|Icicle Crash|p1b: Franklin County\n|-damage|p1b: Franklin County|72\/100\n|-damage|p2b: Baxcalibur|59\/100|[from] item: Life Orb\n|cant|p1b: Franklin County|flinch\n|\n|-heal|p1b: Franklin County|80\/100|[from] Ingrain\n|-damage|p2b: Baxcalibur|47\/100|[from] Leech Seed|[of] p1b: Franklin County\n|-heal|p1b: Franklin County|96\/100|[silent]\n|-damage|p2a: Palafin|64\/100 brn|[from] brn\n|upkeep\n|\n|t:|1683364512\n|switch|p1a: Flanders|Gholdengo, L50|100\/100\n|turn|5\n|\n|t:|1683364542\n|-terastallize|p2a: Palafin|Water\n|move|p2b: Baxcalibur|Blizzard|p1b: Franklin County|[spread] p1a,p1b\n|-resisted|p1a: Flanders\n|-damage|p1a: Flanders|93\/100\n|-damage|p1b: Franklin County|89\/100\n|-damage|p2b: Baxcalibur|37\/100|[from] item: Life Orb\n|move|p2a: Palafin|Wave Crash|p1a: Flanders\n|-damage|p1a: Flanders|28\/100\n|-damage|p2a: Palafin|44\/100 brn|[from] Recoil\n|move|p1a: Flanders|Thunderbolt|p2a: Palafin\n|-supereffective|p2a: Palafin\n|-damage|p2a: Palafin|0 fnt\n|faint|p2a: Palafin\n|move|p1b: Franklin County|Ruination|p2b: Baxcalibur|[miss]\n|-miss|p1b: Franklin County|p2b: Baxcalibur\n|\n|-heal|p1b: Franklin County|97\/100|[from] Ingrain\n|-damage|p2b: Baxcalibur|25\/100|[from] Leech Seed|[of] p1b: Franklin County\n|-heal|p1b: Franklin County|100\/100|[silent]\n|upkeep\n|\n|t:|1683364566\n|switch|p2a: Kingambit|Kingambit, L50, M, shiny|94\/100 brn\n|-activate|p2a: Kingambit|ability: Supreme Overlord\n|-start|p2a: Kingambit|fallen1|[silent]\n|turn|6\n|\n|t:|1683364581\n|move|p2b: Baxcalibur|Blizzard|p1a: Flanders|[spread] \n|-miss|p2b: Baxcalibur|p1a: Flanders\n|-miss|p2b: Baxcalibur|p1b: Franklin County\n|move|p1a: Flanders|Thunderbolt|p2b: Baxcalibur\n|-resisted|p2b: Baxcalibur\n|-damage|p2b: Baxcalibur|1\/100\n|move|p2a: Kingambit|Kowtow Cleave|p1a: Flanders\n|-supereffective|p1a: Flanders\n|-damage|p1a: Flanders|0 fnt\n|faint|p1a: Flanders\n|move|p1b: Franklin County|Leech Seed|p2a: Kingambit\n|-start|p2a: Kingambit|move: Leech Seed\n|\n|-damage|p2b: Baxcalibur|0 fnt|[from] Leech Seed|[of] p1b: Franklin County\n|faint|p2b: Baxcalibur\n|-damage|p2a: Kingambit|82\/100 brn|[from] Leech Seed|[of] p1b: Franklin County\n|-damage|p2a: Kingambit|75\/100 brn|[from] brn\n|upkeep\n|\n|t:|1683364598\n|switch|p2b: Brute Bonnet|Brute Bonnet, L50, shiny|100\/100\n|switch|p1a: California|Garganacl, L50, F|100\/100\n|turn|7\n|\n|t:|1683364621\n|move|p2a: Kingambit|Poison Jab|p1b: Franklin County\n|-resisted|p1b: Franklin County\n|-damage|p1b: Franklin County|95\/100\n|move|p1b: Franklin County|Ruination|p2a: Kingambit\n|-damage|p2a: Kingambit|38\/100 brn\n|move|p2b: Brute Bonnet|Body Press|p1a: California\n|-supereffective|p1a: California\n|-damage|p1a: California|82\/100\n|move|p1a: California|Salt Cure|p2a: Kingambit\n|-resisted|p2a: Kingambit\n|-damage|p2a: Kingambit|33\/100 brn\n|-start|p2a: Kingambit|Salt Cure\n|\n|-heal|p1a: California|88\/100|[from] item: Leftovers\n|-heal|p1b: Franklin County|100\/100|[from] Ingrain\n|-damage|p2a: Kingambit|20\/100 brn|[from] Leech Seed|[of] p1b: Franklin County\n|-damage|p2a: Kingambit|14\/100 brn|[from] brn\n|-damage|p2a: Kingambit|0 fnt|[from] Salt Cure\n|faint|p2a: Kingambit\n|-end|p2a: Kingambit|fallen1|[silent]\n|upkeep\n|turn|8\n|inactive|rick_meme247 has 30 seconds left.\n|inactive|rick_meme247 has 20 seconds left.\n|\n|t:|1683364658\n|move|p1b: Franklin County|Ruination|p2b: Brute Bonnet\n|-damage|p2b: Brute Bonnet|50\/100\n|move|p2b: Brute Bonnet|Body Press|p1a: California\n|-supereffective|p1a: California\n|-damage|p1a: California|70\/100\n|move|p1a: California|Salt Cure|p2b: Brute Bonnet\n|-damage|p2b: Brute Bonnet|42\/100\n|-start|p2b: Brute Bonnet|Salt Cure\n|\n|-heal|p1a: California|75\/100|[from] item: Leftovers\n|-damage|p2b: Brute Bonnet|30\/100|[from] Salt Cure\n|upkeep\n|turn|9\n|\n|t:|1683364673\n|move|p1b: Franklin County|Ruination|p2b: Brute Bonnet\n|-damage|p2b: Brute Bonnet|16\/100\n|move|p2b: Brute Bonnet|Body Press|p1a: California\n|-supereffective|p1a: California\n|-damage|p1a: California|56\/100\n|move|p1a: California|Recover|p1a: California\n|-heal|p1a: California|100\/100\n|\n|-damage|p2b: Brute Bonnet|3\/100|[from] Salt Cure\n|upkeep\n|turn|10\n|\n|t:|1683364688\n|move|p1b: Franklin County|Protect|p1b: Franklin County\n|-singleturn|p1b: Franklin County|Protect\n|move|p1a: California|Protect|p1a: California\n|-singleturn|p1a: California|Protect\n|move|p2b: Brute Bonnet|Body Press|p1a: California\n|-activate|p1a: California|move: Protect\n|\n|-damage|p2b: Brute Bonnet|0 fnt|[from] Salt Cure\n|faint|p2b: Brute Bonnet\n|-end|p2b: Brute Bonnet|Protosynthesis|[silent]\n|\n|win|SrBidais\n|upkeep\n|raw|SrBidais's rating: 1097 → 1116<\/strong> (+19 for winning)\n|raw|rick_meme247's rating: 1000 → 1000<\/strong> (+0 for losing)\n|c|\u2606SrBidais|gg\n","uploadtime":1683364702,"views":11,"p1id":"srbidais","p2id":"rickmeme247","formatid":"gen9vgc2023regulationc","rating":1000,"private":0,"password":""}