{"id":"gen9vgc2023regulationc-1859965857","p1":"McDubbieEnthusiast","p2":"What4Eva","format":"[Gen 9] VGC 2023 Regulation C","log":"|j|\u2606McDubbieEnthusiast\n|j|\u2606What4Eva\n|t:|1683580109\n|gametype|doubles\n|player|p1|McDubbieEnthusiast|pokemonbreeder-gen4|1664\n|player|p2|What4Eva|102|1618\n|teamsize|p1|6\n|teamsize|p2|6\n|gen|9\n|tier|[Gen 9] VGC 2023 Regulation C\n|rated|\n|rule|Species Clause: Limit one of each Pok\u00e9mon\n|rule|Item Clause: Limit one of each item\n|clearpoke\n|poke|p1|Tyranitar, L50, F|\n|poke|p1|Garchomp, L50, F|\n|poke|p1|Dragonite, L50, F|\n|poke|p1|Scream Tail, L50|\n|poke|p1|Orthworm, L50, M|\n|poke|p1|Palafin, L50, M|\n|poke|p2|Maushold-Four, L50|\n|poke|p2|Annihilape, L50, M|\n|poke|p2|Dondozo, L50, M|\n|poke|p2|Tatsugiri, L50, F|\n|poke|p2|Talonflame, L50, F|\n|poke|p2|Flutter Mane, L50|\n|teampreview|4\n|inactive|Battle timer is ON: inactive players will automatically lose when time's up. (requested by What4Eva)\n|j| ScV Test 2\n|inactive|McDubbieEnthusiast has 60 seconds left.\n|inactive|McDubbieEnthusiast has 30 seconds left.\n|inactive|McDubbieEnthusiast has 20 seconds left.\n|inactive|McDubbieEnthusiast has 15 seconds left.\n|\n|t:|1683580190\n|start\n|switch|p1a: Beholder|Scream Tail, L50, shiny|100\/100\n|switch|p1b: Dunewinder|Orthworm, L50, M|100\/100\n|switch|p2a: Talonflame|Talonflame, L50, F|100\/100\n|switch|p2b: Flutter Mane|Flutter Mane, L50|100\/100\n|-enditem|p2b: Flutter Mane|Booster Energy\n|-activate|p2b: Flutter Mane|ability: Protosynthesis|[fromitem]\n|-start|p2b: Flutter Mane|protosynthesisspa\n|-enditem|p1a: Beholder|Booster Energy\n|-activate|p1a: Beholder|ability: Protosynthesis|[fromitem]\n|-start|p1a: Beholder|protosynthesisspe\n|turn|1\n|inactive|McDubbieEnthusiast has 30 seconds left.\n|inactive|What4Eva has 30 seconds left.\n|inactive|McDubbieEnthusiast has 20 seconds left.\n|\n|t:|1683580225\n|-terastallize|p1a: Beholder|Grass\n|move|p1a: Beholder|Thunder Wave|p2b: Flutter Mane|[miss]\n|-miss|p1a: Beholder|p2b: Flutter Mane\n|move|p2a: Talonflame|Taunt|p1b: Dunewinder\n|-start|p1b: Dunewinder|move: Taunt\n|move|p2b: Flutter Mane|Shadow Ball|p1a: Beholder\n|-damage|p1a: Beholder|65\/100\n|move|p1b: Dunewinder|Heavy Slam|p2b: Flutter Mane\n|-supereffective|p2b: Flutter Mane\n|-damage|p2b: Flutter Mane|0 fnt\n|faint|p2b: Flutter Mane\n|-end|p2b: Flutter Mane|Protosynthesis|[silent]\n|\n|upkeep\n|inactive|What4Eva has 30 seconds left.\n|\n|t:|1683580259\n|switch|p2b: Tatsugiri|Tatsugiri, L50, F|100\/100\n|turn|2\n|\n|t:|1683580276\n|-end|p1a: Beholder|Protosynthesis|[silent]\n|switch|p1a: Brass|Dragonite, L50, F|100\/100\n|switch|p1b: Shimmer|Palafin, L50, M|100\/100\n|move|p2b: Tatsugiri|Protect|p2b: Tatsugiri\n|-singleturn|p2b: Tatsugiri|Protect\n|move|p2a: Talonflame|Tailwind|p2a: Talonflame\n|-sidestart|p2: What4Eva|move: Tailwind\n|\n|upkeep\n|turn|3\n|inactive|McDubbieEnthusiast has 30 seconds left.\n|\n|t:|1683580302\n|detailschange|p1b: Shimmer|Palafin-Hero, L50, M\n|switch|p1b: Dunewinder|Orthworm, L50, M|100\/100\n|switch|p1a: Beholder|Scream Tail, L50, shiny, tera:Grass|65\/100\n|move|p2a: Talonflame|Will-O-Wisp|p1a: Beholder\n|-status|p1a: Beholder|brn\n|move|p2b: Tatsugiri|Icy Wind|p1b: Dunewinder|[spread] p1a,p1b\n|-supereffective|p1a: Beholder\n|-resisted|p1b: Dunewinder\n|-damage|p1a: Beholder|45\/100 brn\n|-damage|p1b: Dunewinder|93\/100\n|-unboost|p1a: Beholder|spe|1\n|-unboost|p1b: Dunewinder|spe|1\n|\n|-damage|p1a: Beholder|39\/100 brn|[from] brn\n|upkeep\n|turn|4\n|inactive|What4Eva has 30 seconds left.\n|\n|t:|1683580330\n|move|p2a: Talonflame|Brave Bird|p1a: Beholder\n|-supereffective|p1a: Beholder\n|-damage|p1a: Beholder|0 fnt\n|faint|p1a: Beholder\n|-end|p1a: Beholder|Protosynthesis|[silent]\n|-damage|p2a: Talonflame|85\/100|[from] Recoil\n|move|p2b: Tatsugiri|Muddy Water|p1b: Dunewinder\n|-damage|p1b: Dunewinder|40\/100\n|-enditem|p1b: Dunewinder|Sitrus Berry|[eat]\n|-heal|p1b: Dunewinder|65\/100|[from] item: Sitrus Berry\n|move|p1b: Dunewinder|Heavy Slam|p2b: Tatsugiri\n|-resisted|p2b: Tatsugiri\n|-damage|p2b: Tatsugiri|67\/100\n|\n|upkeep\n|\n|t:|1683580345\n|switch|p1a: Brass|Dragonite, L50, F|100\/100\n|turn|5\n|\n|t:|1683580364\n|switch|p2b: Dondozo|Dondozo, L50, M|100\/100\n|move|p1b: Dunewinder|Helping Hand|p1a: Brass\n|-singleturn|p1a: Brass|Helping Hand|[of] p1b: Dunewinder\n|move|p1a: Brass|Extreme Speed|p2b: Dondozo\n|-crit|p2b: Dondozo\n|-damage|p2b: Dondozo|52\/100\n|move|p2a: Talonflame|Will-O-Wisp|p1a: Brass\n|-status|p1a: Brass|brn\n|-enditem|p1a: Brass|Lum Berry|[eat]\n|-curestatus|p1a: Brass|brn|[msg]\n|\n|-sideend|p2: What4Eva|move: Tailwind\n|upkeep\n|turn|6\n|inactive|McDubbieEnthusiast has 30 seconds left.\n|inactive|What4Eva has 30 seconds left.\n|inactive|McDubbieEnthusiast has 20 seconds left.\n|inactive|What4Eva has 20 seconds left.\n|\n|t:|1683580403\n|switch|p2a: Tatsugiri|Tatsugiri, L50, F|67\/100\n|-activate|p2a: Tatsugiri|ability: Commander|[of] p2b: Dondozo\n|-boost|p2b: Dondozo|atk|2\n|-boost|p2b: Dondozo|spa|2\n|-boost|p2b: Dondozo|spe|2\n|-boost|p2b: Dondozo|def|2\n|-boost|p2b: Dondozo|spd|2\n|move|p1b: Dunewinder|Helping Hand|p1a: Brass\n|-singleturn|p1a: Brass|Helping Hand|[of] p1b: Dunewinder\n|move|p1a: Brass|Extreme Speed|p2a: Tatsugiri|[miss]\n|-miss|p1a: Brass|p2a: Tatsugiri\n|move|p2b: Dondozo|Rock Slide|p1b: Dunewinder|[spread] p1a,p1b\n|-supereffective|p1a: Brass\n|-resisted|p1b: Dunewinder\n|-damage|p1a: Brass|70\/100\n|-damage|p1b: Dunewinder|52\/100\n|\n|upkeep\n|turn|7\n|inactive|McDubbieEnthusiast has 30 seconds left.\n|inactive|McDubbieEnthusiast has 20 seconds left.\n|inactive|McDubbieEnthusiast has 15 seconds left.\n|inactive|McDubbieEnthusiast has 10 seconds left.\n|\n|t:|1683580451\n|move|p2b: Dondozo|Rock Slide|p1a: Brass|[spread] p1a,p1b\n|-supereffective|p1a: Brass\n|-resisted|p1b: Dunewinder\n|-damage|p1a: Brass|10\/100\n|-damage|p1b: Dunewinder|40\/100\n|move|p1a: Brass|Earthquake|p2b: Dondozo|[spread] p2b\n|-miss|p1a: Brass|p2a: Tatsugiri\n|-heal|p1b: Dunewinder|65\/100|[from] ability: Earth Eater|[of] p1a: Brass\n|-damage|p2b: Dondozo|42\/100\n|move|p1b: Dunewinder|Body Press|p2b: Dondozo\n|-damage|p2b: Dondozo|34\/100\n|\n|upkeep\n|turn|8\n|\n|t:|1683580471\n|switch|p1a: Shimmer|Palafin-Hero, L50, M|100\/100\n|-activate|p1a: Shimmer|ability: Zero to Hero\n|move|p2b: Dondozo|Rock Slide|p1a: Shimmer|[spread] p1a,p1b\n|-resisted|p1b: Dunewinder\n|-damage|p1a: Shimmer|66\/100\n|-damage|p1b: Dunewinder|54\/100\n|move|p1b: Dunewinder|Shed Tail|p1b: Dunewinder\n|-start|p1b: Dunewinder|Substitute|[from] move: Shed Tail\n|-damage|p1b: Dunewinder|4\/100\n|\n|t:|1683580480\n|switch|p1b: Brass|Dragonite, L50, F|10\/100|[from] Shed Tail\n|\n|upkeep\n|turn|9\n|\n|t:|1683580503\n|-terastallize|p2b: Dondozo|Grass\n|move|p1b: Brass|Extreme Speed|p2b: Dondozo\n|-damage|p2b: Dondozo|23\/100\n|move|p2b: Dondozo|Tera Blast|p1a: Shimmer\n|-supereffective|p1a: Shimmer\n|-damage|p1a: Shimmer|0 fnt\n|faint|p1a: Shimmer\n|\n|upkeep\n|\n|t:|1683580512\n|switch|p1a: Dunewinder|Orthworm, L50, M|4\/100\n|turn|10\n|\n|t:|1683580525\n|move|p1a: Dunewinder|Helping Hand|p1b: Brass\n|-singleturn|p1b: Brass|Helping Hand|[of] p1a: Dunewinder\n|move|p1b: Brass|Extreme Speed|p2b: Dondozo\n|-damage|p2b: Dondozo|7\/100\n|move|p2b: Dondozo|Rock Slide|p1b: Brass|[spread] p1a,p1b\n|-supereffective|p1b: Brass\n|-end|p1b: Brass|Substitute\n|-resisted|p1a: Dunewinder\n|-damage|p1a: Dunewinder|0 fnt\n|faint|p1a: Dunewinder\n|\n|upkeep\n|turn|11\n|\n|t:|1683580539\n|move|p1b: Brass|Extreme Speed|p2b: Dondozo\n|-damage|p2b: Dondozo|0 fnt\n|faint|p2b: Dondozo\n|\n|upkeep\n|c|\u2606McDubbieEnthusiast|gg\n|\n|t:|1683580544\n|switch|p2b: Talonflame|Talonflame, L50, F|85\/100\n|turn|12\n|\n|t:|1683580550\n|move|p1b: Brass|Extreme Speed|p2b: Talonflame\n|-damage|p2b: Talonflame|44\/100\n|move|p2b: Talonflame|Brave Bird|p1b: Brass\n|-damage|p1b: Brass|0 fnt\n|faint|p1b: Brass\n|-damage|p2b: Talonflame|40\/100|[from] Recoil\n|\n|win|What4Eva\n|raw|McDubbieEnthusiast's rating: 1664 → 1641<\/strong> (-23 for losing)\n|raw|What4Eva's rating: 1618 → 1641<\/strong> (+23 for winning)\n","uploadtime":1683580556,"views":24,"p1id":"mcdubbieenthusiast","p2id":"what4eva","formatid":"gen9vgc2023regulationc","rating":1641,"private":0,"password":""}