{"id":"gen9vgc2023regulationc-1856614424","p1":"Onlyshiny","p2":"April112","format":"[Gen 9] VGC 2023 Regulation C","log":"|j|\u2606Onlyshiny\n|j|\u2606April112\n|t:|1683082710\n|gametype|doubles\n|player|p1|Onlyshiny|n|1372\n|player|p2|April112|169|1401\n|teamsize|p1|6\n|teamsize|p2|6\n|gen|9\n|tier|[Gen 9] VGC 2023 Regulation C\n|rated|\n|rule|Species Clause: Limit one of each Pok\u00e9mon\n|rule|Item Clause: Limit one of each item\n|clearpoke\n|poke|p1|Amoonguss, L50, M|\n|poke|p1|Annihilape, L50, F|\n|poke|p1|Maushold-Four, L50|\n|poke|p1|Chi-Yu, L50|\n|poke|p1|Flutter Mane, L50|\n|poke|p1|Iron Bundle, L50|\n|poke|p2|Iron Bundle, L50|\n|poke|p2|Amoonguss, L50, M|\n|poke|p2|Dragonite, L50, F|\n|poke|p2|Gholdengo, L50|\n|poke|p2|Palafin, L50, F|\n|poke|p2|Ting-Lu, L50|\n|teampreview|4\n|inactive|Battle timer is ON: inactive players will automatically lose when time's up. (requested by April112)\n|inactive|Onlyshiny has 60 seconds left.\n|\n|t:|1683082751\n|start\n|switch|p1a: Kong|Annihilape, L50, F|100\/100\n|switch|p1b: 4love|Maushold-Four, L50|100\/100\n|switch|p2a: Iron Bundle|Iron Bundle, L50|100\/100\n|switch|p2b: Gholdengo|Gholdengo, L50|100\/100\n|-enditem|p2a: Iron Bundle|Booster Energy\n|-activate|p2a: Iron Bundle|ability: Quark Drive|[fromitem]\n|-start|p2a: Iron Bundle|quarkdrivespe\n|turn|1\n|\n|t:|1683082769\n|move|p2a: Iron Bundle|Protect|p2a: Iron Bundle\n|-singleturn|p2a: Iron Bundle|Protect\n|move|p1b: 4love|Follow Me|p1b: 4love\n|-singleturn|p1b: 4love|move: Follow Me\n|move|p2b: Gholdengo|Nasty Plot|p2b: Gholdengo\n|-boost|p2b: Gholdengo|spa|2\n|move|p1a: Kong|Bulk Up|p1a: Kong\n|-boost|p1a: Kong|atk|1\n|-boost|p1a: Kong|def|1\n|\n|upkeep\n|turn|2\n|\n|t:|1683082789\n|-terastallize|p1a: Kong|Fire\n|move|p2b: Gholdengo|Protect|p2b: Gholdengo\n|-singleturn|p2b: Gholdengo|Protect\n|move|p1b: 4love|Follow Me|p1b: 4love\n|-singleturn|p1b: 4love|move: Follow Me\n|move|p2a: Iron Bundle|Encore|p1b: 4love\n|-start|p1b: 4love|Encore\n|move|p1a: Kong|Drain Punch|p2a: Iron Bundle\n|-supereffective|p2a: Iron Bundle\n|-damage|p2a: Iron Bundle|0 fnt\n|faint|p2a: Iron Bundle\n|-end|p2a: Iron Bundle|Quark Drive|[silent]\n|\n|upkeep\n|\n|t:|1683082801\n|switch|p2a: Dragonite|Dragonite, L50, F|100\/100\n|turn|3\n|\n|t:|1683082826\n|move|p1b: 4love|Follow Me|p1b: 4love\n|-singleturn|p1b: 4love|move: Follow Me\n|move|p2b: Gholdengo|Nasty Plot|p2b: Gholdengo\n|-boost|p2b: Gholdengo|spa|2\n|move|p1a: Kong|Rage Fist|p2b: Gholdengo\n|-supereffective|p2b: Gholdengo\n|-damage|p2b: Gholdengo|25\/100\n|move|p2a: Dragonite|Dragon Dance|p2a: Dragonite\n|-boost|p2a: Dragonite|atk|1\n|-boost|p2a: Dragonite|spe|1\n|\n|upkeep\n|turn|4\n|\n|t:|1683082842\n|-terastallize|p2a: Dragonite|Normal\n|move|p2a: Dragonite|Extreme Speed|p1b: 4love\n|-damage|p1b: 4love|15\/100\n|move|p1b: 4love|Follow Me|p1b: 4love\n|-singleturn|p1b: 4love|move: Follow Me\n|move|p2b: Gholdengo|Make It Rain|p1b: 4love|[spread] p1a,p1b\n|-resisted|p1a: Kong\n|-damage|p1a: Kong|53\/100\n|-damage|p1b: 4love|0 fnt\n|-unboost|p2b: Gholdengo|spa|1\n|faint|p1b: 4love\n|move|p1a: Kong|Bulk Up|p1a: Kong\n|-boost|p1a: Kong|atk|1\n|-boost|p1a: Kong|def|1\n|\n|-heal|p1a: Kong|59\/100|[from] item: Leftovers\n|upkeep\n|\n|t:|1683082851\n|switch|p1b: Iron Bundle|Iron Bundle, L50|100\/100\n|-enditem|p1b: Iron Bundle|Booster Energy\n|-activate|p1b: Iron Bundle|ability: Quark Drive|[fromitem]\n|-start|p1b: Iron Bundle|quarkdrivespe\n|turn|5\n|\n|t:|1683082868\n|move|p1b: Iron Bundle|Protect|p1b: Iron Bundle\n|-singleturn|p1b: Iron Bundle|Protect\n|move|p2b: Gholdengo|Protect|p2b: Gholdengo\n|-singleturn|p2b: Gholdengo|Protect\n|move|p2a: Dragonite|Extreme Speed|p1b: Iron Bundle\n|-activate|p1b: Iron Bundle|move: Protect\n|move|p1a: Kong|Drain Punch|p2a: Dragonite\n|-supereffective|p2a: Dragonite\n|-damage|p2a: Dragonite|34\/100\n|-heal|p1a: Kong|90\/100|[from] drain|[of] p2a: Dragonite\n|\n|-heal|p1a: Kong|96\/100|[from] item: Leftovers\n|upkeep\n|turn|6\n|inactive|Onlyshiny has 30 seconds left.\n|\n|t:|1683082894\n|move|p1b: Iron Bundle|Protect|p1b: Iron Bundle\n|-singleturn|p1b: Iron Bundle|Protect\n|move|p2a: Dragonite|Extreme Speed|p1b: Iron Bundle\n|-activate|p1b: Iron Bundle|move: Protect\n|move|p2b: Gholdengo|Shadow Ball|p1a: Kong\n|-damage|p1a: Kong|15\/100\n|move|p1a: Kong|Drain Punch|p2a: Dragonite\n|-supereffective|p2a: Dragonite\n|-damage|p2a: Dragonite|0 fnt\n|-heal|p1a: Kong|30\/100|[from] drain|[of] p2a: Dragonite\n|faint|p2a: Dragonite\n|\n|-heal|p1a: Kong|37\/100|[from] item: Leftovers\n|upkeep\n|\n|t:|1683082907\n|switch|p2a: Amoonguss|Amoonguss, L50, M|100\/100\n|turn|7\n|\n|t:|1683082919\n|move|p2a: Amoonguss|Rage Powder|p2a: Amoonguss\n|-singleturn|p2a: Amoonguss|move: Rage Powder\n|move|p1b: Iron Bundle|Icy Wind|p2b: Gholdengo|[spread] p2a,p2b\n|-supereffective|p2a: Amoonguss\n|-resisted|p2b: Gholdengo\n|-damage|p2a: Amoonguss|67\/100\n|-damage|p2b: Gholdengo|14\/100\n|-unboost|p2a: Amoonguss|spe|1\n|move|p2b: Gholdengo|Make It Rain|p1a: Kong|[spread] p1a,p1b\n|-resisted|p1a: Kong\n|-damage|p1a: Kong|0 fnt\n|-damage|p1b: Iron Bundle|0 fnt\n|-unboost|p2b: Gholdengo|spa|1\n|faint|p1a: Kong\n|faint|p1b: Iron Bundle\n|-end|p1b: Iron Bundle|Quark Drive|[silent]\n|\n|upkeep\n|\n|t:|1683082931\n|switch|p1a: Nemo|Chi-Yu, L50|100\/100\n|-ability|p1a: Nemo|Beads of Ruin\n|turn|8\n|\n|t:|1683082939\n|move|p1a: Nemo|Protect|p1a: Nemo\n|-singleturn|p1a: Nemo|Protect\n|move|p2b: Gholdengo|Protect|p2b: Gholdengo\n|-singleturn|p2b: Gholdengo|Protect\n|move|p2a: Amoonguss|Spore|p1a: Nemo\n|-activate|p1a: Nemo|move: Protect\n|\n|upkeep\n|turn|9\n|\n|t:|1683082951\n|move|p2b: Gholdengo|Protect||[still]\n|-fail|p2b: Gholdengo\n|move|p1a: Nemo|Snarl|p2b: Gholdengo|[spread] p2a,p2b\n|-supereffective|p2b: Gholdengo\n|-damage|p2a: Amoonguss|46\/100\n|-damage|p2b: Gholdengo|0 fnt\n|-unboost|p2a: Amoonguss|spa|1\n|-enditem|p2a: Amoonguss|Sitrus Berry|[eat]\n|-heal|p2a: Amoonguss|70\/100|[from] item: Sitrus Berry\n|faint|p2b: Gholdengo\n|move|p2a: Amoonguss|Spore|p1a: Nemo\n|-status|p1a: Nemo|slp|[from] move: Spore\n|\n|upkeep\n|turn|10\n|\n|t:|1683082964\n|cant|p1a: Nemo|slp\n|move|p2a: Amoonguss|Pollen Puff|p1a: Nemo\n|-damage|p1a: Nemo|86\/100 slp\n|\n|upkeep\n|turn|11\n|-message|April112 forfeited.\n|\n|win|Onlyshiny\n|raw|Onlyshiny's rating: 1372 → 1394<\/strong> (+22 for winning)\n|raw|April112's rating: 1401 → 1379<\/strong> (-22 for losing)\n|c|\u2606Onlyshiny|Gg\n|l|\u2606April112\n","uploadtime":1683082976,"views":10,"p1id":"onlyshiny","p2id":"april112","formatid":"gen9vgc2023regulationc","rating":1379,"private":0,"password":""}