{"id":"gen9vgc2023regulationc-1852811726","p1":"JUST K1DD1NG","p2":"Pyte 17","format":"[Gen 9] VGC 2023 Regulation C","log":"|j|\u2606JUST K1DD1NG\n|j|\u2606Pyte 17\n|t:|1682608323\n|gametype|doubles\n|player|p1|JUST K1DD1NG|101|1610\n|player|p2|Pyte 17|1|1621\n|teamsize|p1|6\n|teamsize|p2|6\n|gen|9\n|tier|[Gen 9] VGC 2023 Regulation C\n|rated|\n|rule|Species Clause: Limit one of each Pok\u00e9mon\n|rule|Item Clause: Limit one of each item\n|clearpoke\n|poke|p1|Iron Hands, L50|\n|poke|p1|Flutter Mane, L50|\n|poke|p1|Chi-Yu, L50|\n|poke|p1|Gyarados, L50, F|\n|poke|p1|Amoonguss, L50, M|\n|poke|p1|Ting-Lu, L50|\n|poke|p2|Talonflame, L50, M|\n|poke|p2|Corviknight, L50, M|\n|poke|p2|Azumarill, L50, M|\n|poke|p2|Iron Hands, L50|\n|poke|p2|Scream Tail, L50|\n|poke|p2|Amoonguss, L50, M|\n|teampreview|4\n|j| checas\nJUST K1DD1NG has agreed to open team sheets.\n|j| anyatriesvgc\nPyte 17 rejected open team sheets.\n|\n|t:|1682608394\n|start\n|switch|p1a: Iron Hands|Iron Hands, L50|100\/100\n|switch|p1b: Gyarados|Gyarados, L50, F|100\/100\n|switch|p2a: Talonflame|Talonflame, L50, M|100\/100\n|switch|p2b: Corviknight|Corviknight, L50, M|100\/100\n|-ability|p1b: Gyarados|Intimidate|boost\n|-unboost|p2a: Talonflame|atk|1\n|-ability|p2b: Corviknight|Mirror Armor\n|-unboost|p1b: Gyarados|atk|1\n|turn|1\n|\n|t:|1682608408\n|-terastallize|p1a: Iron Hands|Fire\n|move|p2b: Corviknight|Protect|p2b: Corviknight\n|-singleturn|p2b: Corviknight|Protect\n|move|p2a: Talonflame|Taunt|p1b: Gyarados\n|-start|p1b: Gyarados|move: Taunt\n|cant|p1b: Gyarados|move: Taunt|Thunder Wave\n|move|p1a: Iron Hands|Swords Dance|p1a: Iron Hands\n|-boost|p1a: Iron Hands|atk|2\n|\n|upkeep\n|turn|2\n|j| jdarcan\n|\n|t:|1682608458\n|move|p2a: Talonflame|Tailwind|p2a: Talonflame\n|-sidestart|p2: Pyte 17|move: Tailwind\n|move|p2b: Corviknight|Bulk Up|p2b: Corviknight\n|-boost|p2b: Corviknight|atk|1\n|-boost|p2b: Corviknight|def|1\n|move|p1b: Gyarados|Waterfall|p2a: Talonflame\n|-supereffective|p2a: Talonflame\n|-damage|p2a: Talonflame|41\/100\n|move|p1a: Iron Hands|Thunder Punch|p2b: Corviknight\n|-supereffective|p2b: Corviknight\n|-damage|p2b: Corviknight|14\/100\n|-enditem|p2b: Corviknight|Sitrus Berry|[eat]\n|-heal|p2b: Corviknight|39\/100|[from] item: Sitrus Berry\n|\n|upkeep\n|turn|3\n|l| anyatriesvgc\n|j| ChessHarley\n|\n|t:|1682608506\n|switch|p2a: Scream Tail|Scream Tail, L50|100\/100\n|-enditem|p2a: Scream Tail|Booster Energy\n|-activate|p2a: Scream Tail|ability: Protosynthesis|[fromitem]\n|-start|p2a: Scream Tail|protosynthesisspe\n|move|p2b: Corviknight|Protect|p2b: Corviknight\n|-singleturn|p2b: Corviknight|Protect\n|move|p1b: Gyarados|Waterfall|p2a: Scream Tail\n|-damage|p2a: Scream Tail|82\/100\n|move|p1a: Iron Hands|Thunder Punch|p2b: Corviknight\n|-activate|p2b: Corviknight|move: Protect\n|\n|-end|p1b: Gyarados|move: Taunt\n|upkeep\n|turn|4\n|l| jdarcan\n|\n|t:|1682608524\n|move|p2a: Scream Tail|Disable|p1a: Iron Hands\n|-start|p1a: Iron Hands|Disable|Thunder Punch\n|move|p2b: Corviknight|Roost|p2b: Corviknight\n|-heal|p2b: Corviknight|89\/100\n|-singleturn|p2b: Corviknight|move: Roost\n|move|p1b: Gyarados|Taunt|p2a: Scream Tail\n|-start|p2a: Scream Tail|move: Taunt\n|cant|p1a: Iron Hands|Disable|Thunder Punch\n|\n|upkeep\n|turn|5\n|inactive|Battle timer is ON: inactive players will automatically lose when time's up. (requested by JUST K1DD1NG)\n|j| VGCLight\n|l| VGCLight\n|j| VGCLight\n|\n|t:|1682608577\n|-end|p2a: Scream Tail|Protosynthesis|[silent]\n|switch|p2a: Iron Hands|Iron Hands, L50|100\/100\n|move|p2b: Corviknight|Brave Bird|p1b: Gyarados\n|-damage|p1b: Gyarados|37\/100\n|-damage|p2b: Corviknight|67\/100|[from] Recoil\n|move|p1b: Gyarados|Thunder Wave|p2b: Corviknight\n|-status|p2b: Corviknight|par\n|move|p1a: Iron Hands|Drain Punch|p2b: Corviknight\n|-damage|p2b: Corviknight|24\/100 par\n|\n|-sideend|p2: Pyte 17|move: Tailwind\n|upkeep\n|turn|6\n|inactive|Pyte 17 has 30 seconds left.\n|\n|t:|1682608603\n|move|p2b: Corviknight|Protect|p2b: Corviknight\n|-singleturn|p2b: Corviknight|Protect\n|move|p1b: Gyarados|Taunt|p2b: Corviknight\n|-activate|p2b: Corviknight|move: Protect\n|move|p2a: Iron Hands|Swords Dance|p2a: Iron Hands\n|-boost|p2a: Iron Hands|atk|2\n|move|p1a: Iron Hands|Drain Punch|p2b: Corviknight\n|-activate|p2b: Corviknight|move: Protect\n|\n|upkeep\n|turn|7\n|l| VGCLight\n|\n|t:|1682608624\n|switch|p1b: Amoonguss|Amoonguss, L50, M, shiny|100\/100\n|switch|p2b: Scream Tail|Scream Tail, L50|82\/100\n|move|p2a: Iron Hands|Wild Charge|p1b: Amoonguss\n|-resisted|p1b: Amoonguss\n|-damage|p1b: Amoonguss|60\/100\n|-damage|p2a: Iron Hands|92\/100|[from] Recoil\n|move|p1a: Iron Hands|Drain Punch|p2b: Scream Tail\n|-resisted|p2b: Scream Tail\n|-damage|p2b: Scream Tail|67\/100\n|\n|-end|p1a: Iron Hands|Disable\n|upkeep\n|turn|8\n|inactive|Pyte 17 has 30 seconds left.\n|\n|t:|1682608653\n|move|p2b: Scream Tail|Protect|p2b: Scream Tail\n|-singleturn|p2b: Scream Tail|Protect\n|move|p1a: Iron Hands|Detect|p1a: Iron Hands\n|-singleturn|p1a: Iron Hands|Protect\n|move|p2a: Iron Hands|Drain Punch|p1a: Iron Hands\n|-activate|p1a: Iron Hands|move: Protect\n|move|p1b: Amoonguss|Clear Smog|p2a: Iron Hands\n|-damage|p2a: Iron Hands|78\/100\n|-clearboost|p2a: Iron Hands\n|\n|upkeep\n|turn|9\n|j| VGCLight\n|\n|t:|1682608673\n|move|p1b: Amoonguss|Rage Powder|p1b: Amoonguss\n|-singleturn|p1b: Amoonguss|move: Rage Powder\n|move|p2b: Scream Tail|Encore|p1b: Amoonguss\n|-start|p1b: Amoonguss|Encore\n|move|p2a: Iron Hands|Swords Dance|p2a: Iron Hands\n|-boost|p2a: Iron Hands|atk|2\n|move|p1a: Iron Hands|Thunder Punch|p2b: Scream Tail\n|-damage|p2b: Scream Tail|2\/100\n|\n|upkeep\n|turn|10\n|\n|t:|1682608683\n|move|p2b: Scream Tail|Protect|p2b: Scream Tail\n|-singleturn|p2b: Scream Tail|Protect\n|move|p1b: Amoonguss|Rage Powder|p1b: Amoonguss\n|-singleturn|p1b: Amoonguss|move: Rage Powder\n|move|p2a: Iron Hands|Drain Punch|p1a: Iron Hands\n|-damage|p1a: Iron Hands|43\/100\n|-heal|p2a: Iron Hands|100\/100|[from] drain|[of] p1a: Iron Hands\n|move|p1a: Iron Hands|Drain Punch|p2a: Iron Hands\n|-damage|p2a: Iron Hands|56\/100\n|-heal|p1a: Iron Hands|64\/100|[from] drain|[of] p2a: Iron Hands\n|\n|upkeep\n|turn|11\n|inactive|Pyte 17 has 30 seconds left.\n|\n|t:|1682608712\n|switch|p1b: Flutter Mane|Flutter Mane, L50|100\/100\n|-enditem|p1b: Flutter Mane|Booster Energy\n|-activate|p1b: Flutter Mane|ability: Protosynthesis|[fromitem]\n|-start|p1b: Flutter Mane|protosynthesisspa\n|move|p1a: Iron Hands|Detect|p1a: Iron Hands\n|-singleturn|p1a: Iron Hands|Protect\n|move|p2b: Scream Tail|Disable|p1a: Iron Hands\n|-activate|p1a: Iron Hands|move: Protect\n|move|p2a: Iron Hands|Drain Punch|p1a: Iron Hands\n|-activate|p1a: Iron Hands|move: Protect\n|\n|upkeep\n|turn|12\n|j| logiwc\n|inactive|JUST K1DD1NG has 30 seconds left.\n|inactive|Pyte 17 has 30 seconds left.\n|inactive|Pyte 17 has 20 seconds left.\n|\n|t:|1682608752\n|-terastallize|p2a: Iron Hands|Water\n|move|p2b: Scream Tail|Encore|p1a: Iron Hands\n|-start|p1a: Iron Hands|Encore\n|move|p1b: Flutter Mane|Shadow Ball|p2b: Scream Tail\n|-supereffective|p2b: Scream Tail\n|-damage|p2b: Scream Tail|0 fnt\n|faint|p2b: Scream Tail\n|-end|p2b: Scream Tail|Protosynthesis|[silent]\n|move|p2a: Iron Hands|Wild Charge|p1b: Flutter Mane\n|-damage|p1b: Flutter Mane|0 fnt\n|faint|p1b: Flutter Mane\n|-end|p1b: Flutter Mane|Protosynthesis|[silent]\n|-damage|p2a: Iron Hands|42\/100|[from] Recoil\n|move|p1a: Iron Hands|Detect||[still]\n|-fail|p1a: Iron Hands\n|\n|upkeep\n|\n|t:|1682608771\n|switch|p2b: Talonflame|Talonflame, L50, M|41\/100\n|switch|p1b: Gyarados|Gyarados, L50, F|37\/100\n|-ability|p1b: Gyarados|Intimidate|boost\n|-unboost|p2a: Iron Hands|atk|1\n|-unboost|p2b: Talonflame|atk|1\n|turn|13\n|\n|t:|1682608792\n|switch|p1b: Amoonguss|Amoonguss, L50, M, shiny|94\/100\n|move|p1a: Iron Hands|Detect|p1a: Iron Hands\n|-singleturn|p1a: Iron Hands|Protect\n|move|p2b: Talonflame|Tailwind|p2b: Talonflame\n|-sidestart|p2: Pyte 17|move: Tailwind\n|move|p2a: Iron Hands|Wild Charge|p1b: Amoonguss\n|-resisted|p1b: Amoonguss\n|-damage|p1b: Amoonguss|65\/100\n|-damage|p2a: Iron Hands|36\/100|[from] Recoil\n|\n|upkeep\n|turn|14\n|\n|t:|1682608814\n|-end|p1a: Iron Hands|Quark Drive|[silent]\n|switch|p1a: Gyarados|Gyarados, L50, F|37\/100\n|-ability|p1a: Gyarados|Intimidate|boost\n|-unboost|p2a: Iron Hands|atk|1\n|-unboost|p2b: Talonflame|atk|1\n|move|p2b: Talonflame|Taunt|p1b: Amoonguss\n|-start|p1b: Amoonguss|move: Taunt\n|move|p2a: Iron Hands|Drain Punch|p1a: Gyarados\n|-resisted|p1a: Gyarados\n|-damage|p1a: Gyarados|20\/100\n|-heal|p2a: Iron Hands|43\/100|[from] drain|[of] p1a: Gyarados\n|-enditem|p1a: Gyarados|Aguav Berry|[eat]\n|-heal|p1a: Gyarados|53\/100|[from] item: Aguav Berry\n|move|p1b: Amoonguss|Pollen Puff|p1a: Gyarados\n|-heal|p1a: Gyarados|100\/100\n|\n|upkeep\n|turn|15\n|j| Anonymoongus\n|inactive|Pyte 17 has 30 seconds left.\n|inactive|Pyte 17 has 20 seconds left.\n|inactive|Pyte 17 has 15 seconds left.\n|\n|t:|1682608857\n|switch|p2b: Corviknight|Corviknight, L50, M|24\/100 par\n|switch|p1a: Iron Hands|Iron Hands, L50, tera:Fire|64\/100\n|move|p2a: Iron Hands|Swords Dance|p2a: Iron Hands\n|-boost|p2a: Iron Hands|atk|2\n|move|p1b: Amoonguss|Pollen Puff|p1a: Iron Hands\n|-heal|p1a: Iron Hands|100\/100\n|\n|upkeep\n|turn|16\n|j| jdarcan\n|inactive|Pyte 17 has 30 seconds left.\n|\n|t:|1682608883\n|switch|p1b: Gyarados|Gyarados, L50, F|100\/100\n|-ability|p1b: Gyarados|Intimidate|boost\n|-unboost|p2a: Iron Hands|atk|1\n|-ability|p2b: Corviknight|Mirror Armor\n|-unboost|p1b: Gyarados|atk|1\n|move|p2a: Iron Hands|Drain Punch|p1a: Iron Hands\n|-damage|p1a: Iron Hands|63\/100\n|-heal|p2a: Iron Hands|62\/100|[from] drain|[of] p1a: Iron Hands\n|move|p2b: Corviknight|Brave Bird|p1b: Gyarados\n|-crit|p1b: Gyarados\n|-damage|p1b: Gyarados|36\/100\n|-damage|p2b: Corviknight|3\/100 par|[from] Recoil\n|move|p1a: Iron Hands|Thunder Punch|p2a: Iron Hands\n|-supereffective|p2a: Iron Hands\n|-damage|p2a: Iron Hands|12\/100\n|\n|-sideend|p2: Pyte 17|move: Tailwind\n|upkeep\n|turn|17\n|inactive|Pyte 17 has 30 seconds left.\n|inactive|Pyte 17 has 20 seconds left.\n|inactive|Pyte 17 has 15 seconds left.\n|\n|t:|1682608925\n|move|p2a: Iron Hands|Protect|p2a: Iron Hands\n|-singleturn|p2a: Iron Hands|Protect\n|move|p1b: Gyarados|Waterfall|p2b: Corviknight\n|-damage|p2b: Corviknight|0 fnt\n|faint|p2b: Corviknight\n|move|p1a: Iron Hands|Thunder Punch|p2a: Iron Hands\n|-activate|p2a: Iron Hands|move: Protect\n|\n|upkeep\n|\n|t:|1682608932\n|switch|p2b: Talonflame|Talonflame, L50, M|41\/100\n|turn|18\n|\n|t:|1682608942\n|move|p2b: Talonflame|Tailwind|p2b: Talonflame\n|-sidestart|p2: Pyte 17|move: Tailwind\n|move|p2a: Iron Hands|Drain Punch|p1a: Iron Hands\n|-damage|p1a: Iron Hands|23\/100\n|-heal|p2a: Iron Hands|33\/100|[from] drain|[of] p1a: Iron Hands\n|move|p1b: Gyarados|Waterfall|p2b: Talonflame\n|-supereffective|p2b: Talonflame\n|-damage|p2b: Talonflame|0 fnt\n|faint|p2b: Talonflame\n|move|p1a: Iron Hands|Thunder Punch|p2a: Iron Hands\n|-supereffective|p2a: Iron Hands\n|-damage|p2a: Iron Hands|0 fnt\n|faint|p2a: Iron Hands\n|-end|p2a: Iron Hands|Quark Drive|[silent]\n|\n|win|JUST K1DD1NG\n|raw|JUST K1DD1NG's rating: 1610 → 1631<\/strong> (+21 for winning)\n|raw|Pyte 17's rating: 1621 → 1600<\/strong> (-21 for losing)\n|l| VGCLight\n|l|\u2606Pyte 17\n|l| ChessHarley\n|l| Anonymoongus\n|l| jdarcan\n","uploadtime":1682609046,"views":11,"p1id":"justk1dd1ng","p2id":"pyte17","formatid":"gen9vgc2023regulationc","rating":1600,"private":0,"password":""}