{"id":"gen9vgc2023regulationc-1845162174","p1":"That_Leek","p2":"e6e","format":"[Gen 9] VGC 2023 Regulation C","log":"|j|\u2606That_Leek\n|j|\u2606e6e\n|t:|1681690991\n|gametype|doubles\n|player|p1|That_Leek|blue-masters|\n|player|p2|e6e|gardenia|\n|teamsize|p1|6\n|teamsize|p2|6\n|gen|9\n|tier|[Gen 9] VGC 2023 Regulation C\n|rated|Tournament battle\n|rule|Species Clause: Limit one of each Pok\u00e9mon\n|rule|Item Clause: Limit one of each item\n|clearpoke\n|poke|p1|Tyranitar, L50, F|\n|poke|p1|Gyarados, L50, M|\n|poke|p1|Scizor, L50, F|\n|poke|p1|Sandy Shocks, L50|\n|poke|p1|Amoonguss, L50, F|\n|poke|p1|Flutter Mane, L50|\n|poke|p2|Murkrow, L50, F|\n|poke|p2|Sandy Shocks, L50|\n|poke|p2|Espathra, L50, F|\n|poke|p2|Flutter Mane, L50|\n|poke|p2|Chi-Yu, L50|\n|poke|p2|Ting-Lu, L50|\n|teampreview|4\n|raw| Open Team Sheet for That_Leek<\/summary>Tyranitar @ Assault Vest Ability: Sand Stream Level: 50 Tera Type: Flying - Rock Slide - Crunch - Brick Break - Tera Blast Gyarados @ Safety Goggles Ability: Intimidate Level: 50 Tera Type: Water - Waterfall - Dragon Dance - Protect - Thunder Wave Scizor @ Clear Amulet Ability: Technician Level: 50 Tera Type: Steel - Swords Dance - Bullet Punch - Pounce - Close Combat Sandy Shocks @ Life Orb Ability: Protosynthesis Level: 50 Tera Type: Ice - Thunderbolt - Earth Power - Tera Blast - Protect Amoonguss @ Covert Cloak Ability: Regenerator Level: 50 Tera Type: Rock - Spore - Rage Powder - Protect - Pollen Puff Flutter Mane @ Choice Specs Ability: Protosynthesis Level: 50 Tera Type: Fairy - Dazzling Gleam - Moonblast - Shadow Ball - Thunderbolt <\/details><\/div> Open Team Sheet for e6e<\/summary>Murkrow @ Eviolite Ability: Prankster Level: 50 Tera Type: Steel - Tailwind - Haze - Sunny Day - Taunt Sandy Shocks @ Booster Energy Ability: Protosynthesis Level: 50 Tera Type: Water - Protect - Earth Power - Gravity - Volt Switch Espathra @ Focus Sash Ability: Speed Boost Level: 50 Tera Type: Ghost - Baby-Doll Eyes - Lumina Crash - Protect - Hypnosis Flutter Mane @ Choice Specs Ability: Protosynthesis Level: 50 Tera Type: Fairy - Dazzling Gleam - Shadow Ball - Icy Wind - Mystical Fire Chi-Yu @ Salac Berry Ability: Beads of Ruin Level: 50 Tera Type: Psychic - Dark Pulse - Overheat - Heat Wave - Tera Blast Ting-Lu @ Leftovers Ability: Vessel of Ruin Level: 50 Tera Type: Ghost - Fissure - Stomping Tantrum - Throat Chop - Protect <\/details><\/div>\n|j| PalafinPunch18\n|j| hl498\n|l| hl498\n|inactive|Battle timer is ON: inactive players will automatically lose when time's up. (requested by e6e)\n|\n|t:|1681691050\n|start\n|switch|p1a: Tyranitar|Tyranitar, L50, F|100\/100\n|switch|p1b: Amoonguss|Amoonguss, L50, F|100\/100\n|switch|p2a: Sandy Shocks|Sandy Shocks, L50|100\/100\n|switch|p2b: Espathra|Espathra, L50, F|100\/100\n|-weather|Sandstorm|[from] ability: Sand Stream|[of] p1a: Tyranitar\n|-enditem|p2a: Sandy Shocks|Booster Energy\n|-activate|p2a: Sandy Shocks|ability: Protosynthesis|[fromitem]\n|-start|p2a: Sandy Shocks|protosynthesisspe\n|turn|1\n|\n|t:|1681691066\n|-terastallize|p1a: Tyranitar|Flying\n|move|p1b: Amoonguss|Rage Powder|p1b: Amoonguss\n|-singleturn|p1b: Amoonguss|move: Rage Powder\n|move|p2a: Sandy Shocks|Gravity|p2a: Sandy Shocks\n|-fieldstart|move: Gravity\n|move|p2b: Espathra|Hypnosis|p1b: Amoonguss\n|-status|p1b: Amoonguss|slp|[from] move: Hypnosis\n|move|p1a: Tyranitar|Crunch|p2b: Espathra\n|-supereffective|p2b: Espathra\n|-enditem|p2b: Espathra|Focus Sash\n|-damage|p2b: Espathra|1\/100\n|\n|-weather|Sandstorm|[upkeep]\n|-damage|p2b: Espathra|0 fnt|[from] Sandstorm\n|-damage|p1a: Tyranitar|95\/100|[from] Sandstorm\n|-damage|p1b: Amoonguss|95\/100 slp|[from] Sandstorm\n|faint|p2b: Espathra\n|upkeep\n|\n|t:|1681691086\n|switch|p2b: Ting-Lu|Ting-Lu, L50|100\/100\n|-ability|p2b: Ting-Lu|Vessel of Ruin\n|turn|2\n|\n|t:|1681691102\n|switch|p1a: Sandy Shocks|Sandy Shocks, L50|100\/100\n|move|p2a: Sandy Shocks|Volt Switch|p1a: Sandy Shocks\n|-immune|p1a: Sandy Shocks\n|move|p2b: Ting-Lu|Fissure|p1b: Amoonguss\n|-damage|p1b: Amoonguss|0 fnt\n|faint|p1b: Amoonguss\n|-ohko\n|\n|-weather|Sandstorm|[upkeep]\n|upkeep\n|\n|t:|1681691112\n|switch|p1b: Gyarados|Gyarados, L50, M|100\/100\n|-ability|p1b: Gyarados|Intimidate|boost\n|-unboost|p2a: Sandy Shocks|atk|1\n|-unboost|p2b: Ting-Lu|atk|1\n|turn|3\n|\n|t:|1681691121\n|move|p1b: Gyarados|Protect|p1b: Gyarados\n|-singleturn|p1b: Gyarados|Protect\n|move|p2a: Sandy Shocks|Volt Switch|p1b: Gyarados\n|-activate|p1b: Gyarados|move: Protect\n|move|p1a: Sandy Shocks|Earth Power|p2a: Sandy Shocks\n|-supereffective|p2a: Sandy Shocks\n|-damage|p2a: Sandy Shocks|0 fnt\n|faint|p2a: Sandy Shocks\n|-end|p2a: Sandy Shocks|Protosynthesis|[silent]\n|-damage|p1a: Sandy Shocks|91\/100|[from] item: Life Orb\n|move|p2b: Ting-Lu|Fissure|p1a: Sandy Shocks|[miss]\n|-miss|p2b: Ting-Lu|p1a: Sandy Shocks\n|\n|-weather|Sandstorm|[upkeep]\n|upkeep\n|\n|t:|1681691133\n|switch|p2a: Flutter Mane|Flutter Mane, L50|100\/100\n|turn|4\n|inactive|That_Leek has 30 seconds left.\n|\n|t:|1681691164\n|-terastallize|p2a: Flutter Mane|Fairy\n|move|p2a: Flutter Mane|Dazzling Gleam|p1a: Sandy Shocks|[spread] p1a,p1b\n|-damage|p1a: Sandy Shocks|30\/100\n|-damage|p1b: Gyarados|60\/100\n|move|p1a: Sandy Shocks|Earth Power|p2a: Flutter Mane\n|-damage|p2a: Flutter Mane|65\/100\n|-damage|p1a: Sandy Shocks|20\/100|[from] item: Life Orb\n|move|p1b: Gyarados|Waterfall|p2b: Ting-Lu\n|-supereffective|p2b: Ting-Lu\n|-damage|p2b: Ting-Lu|46\/100\n|move|p2b: Ting-Lu|Stomping Tantrum|p1a: Sandy Shocks\n|-supereffective|p1a: Sandy Shocks\n|-damage|p1a: Sandy Shocks|0 fnt\n|faint|p1a: Sandy Shocks\n|-end|p1a: Sandy Shocks|Protosynthesis|[silent]\n|\n|-weather|Sandstorm|[upkeep]\n|-damage|p2a: Flutter Mane|59\/100|[from] Sandstorm\n|-heal|p2b: Ting-Lu|52\/100|[from] item: Leftovers\n|upkeep\n|\n|t:|1681691175\n|switch|p1a: Tyranitar|Tyranitar, L50, F, tera:Flying|95\/100\n|turn|5\n|inactive|That_Leek has 30 seconds left.\n|inactive|That_Leek has 20 seconds left.\n|\n|t:|1681691214\n|move|p1b: Gyarados|Protect|p1b: Gyarados\n|-singleturn|p1b: Gyarados|Protect\n|move|p2b: Ting-Lu|Protect|p2b: Ting-Lu\n|-singleturn|p2b: Ting-Lu|Protect\n|move|p2a: Flutter Mane|Dazzling Gleam|p1a: Tyranitar|[spread] p1a\n|-activate|p1b: Gyarados|move: Protect\n|-damage|p1a: Tyranitar|71\/100\n|move|p1a: Tyranitar|Tera Blast|p2a: Flutter Mane\n|-damage|p2a: Flutter Mane|0 fnt\n|faint|p2a: Flutter Mane\n|-end|p2a: Flutter Mane|Protosynthesis|[silent]\n|\n|-weather|none\n|-heal|p2b: Ting-Lu|58\/100|[from] item: Leftovers\n|-fieldend|move: Gravity\n|upkeep\n|turn|6\n|-message|e6e forfeited.\n|\n|win|That_Leek\n|n|\u2606That_Leek|thatleek\n|n|\u2606e6e|e6e\n|n| PalafinPunch18|palafinpunch18\n|l|\u2606e6e\n|l| PalafinPunch18\n","uploadtime":1681691228,"views":12,"p1id":"thatleek","p2id":"e6e","formatid":"gen9vgc2023regulationc","rating":0,"private":0,"password":""}