{"id":"gen9vgc2023regulationc-1846152783","p1":"magic 561","p2":"IMissplayALot","format":"[Gen 9] VGC 2023 Regulation C","log":"|j|\u2606magic 561\n|j|\u2606IMissplayALot\n|t:|1681814403\n|gametype|doubles\n|player|p1|magic 561|acetrainersnow|1376\n|player|p2|IMissplayALot|nate|1254\n|teamsize|p1|6\n|teamsize|p2|6\n|gen|9\n|tier|[Gen 9] VGC 2023 Regulation C\n|rated|\n|rule|Species Clause: Limit one of each Pok\u00e9mon\n|rule|Item Clause: Limit one of each item\n|clearpoke\n|poke|p1|Tinkaton, L50, F|\n|poke|p1|Chien-Pao, L50|\n|poke|p1|Volcarona, L50, F|\n|poke|p1|Slither Wing, L50|\n|poke|p1|Rotom-Wash, L50|\n|poke|p1|Flutter Mane, L50|\n|poke|p2|Kingambit, L50, M|\n|poke|p2|Azumarill, L50, F|\n|poke|p2|Ting-Lu, L50|\n|poke|p2|Arcanine, L50, M|\n|poke|p2|Amoonguss, L50, M|\n|poke|p2|Flutter Mane, L50|\n|teampreview|4\n|\n|t:|1681814462\n|start\n|switch|p1a: Tinkaton|Tinkaton, L50, F|100\/100\n|switch|p1b: Flutter Mane|Flutter Mane, L50|100\/100\n|switch|p2a: Arcanine|Arcanine, L50, M|100\/100\n|switch|p2b: Azumarill|Azumarill, L50, F|100\/100\n|-ability|p2a: Arcanine|Intimidate|boost\n|-unboost|p1a: Tinkaton|atk|1\n|-unboost|p1b: Flutter Mane|atk|1\n|-ability|p1a: Tinkaton|Mold Breaker\n|turn|1\n|\n|t:|1681814493\n|move|p1a: Tinkaton|Fake Out|p2b: Azumarill\n|-damage|p2b: Azumarill|95\/100\n|move|p1b: Flutter Mane|Power Gem|p2a: Arcanine\n|-supereffective|p2a: Arcanine\n|-damage|p2a: Arcanine|25\/100\n|move|p2a: Arcanine|Howl|p2a: Arcanine|[spread] p2a,p2b\n|-boost|p2a: Arcanine|atk|1\n|-boost|p2b: Azumarill|atk|1\n|cant|p2b: Azumarill|flinch\n|\n|upkeep\n|turn|2\n|\n|t:|1681814520\n|switch|p2a: Ting-Lu|Ting-Lu, L50|100\/100\n|-ability|p2a: Ting-Lu|Vessel of Ruin\n|-terastallize|p2b: Azumarill|Water\n|move|p2b: Azumarill|Aqua Jet|p1b: Flutter Mane\n|-damage|p1b: Flutter Mane|0 fnt\n|faint|p1b: Flutter Mane\n|-end|p1b: Flutter Mane|Protosynthesis|[silent]\n|move|p1a: Tinkaton|Thunder Wave|p2b: Azumarill\n|-status|p2b: Azumarill|par\n|\n|upkeep\n|\n|t:|1681814533\n|switch|p1b: Khepri|Slither Wing, L50|100\/100\n|turn|3\n|\n|t:|1681814558\n|switch|p2a: Flutter Mane|Flutter Mane, L50|100\/100\n|-enditem|p2a: Flutter Mane|Booster Energy\n|-activate|p2a: Flutter Mane|ability: Protosynthesis|[fromitem]\n|-start|p2a: Flutter Mane|protosynthesisspa\n|move|p1b: Khepri|First Impression|p2b: Azumarill\n|-damage|p2b: Azumarill|38\/100 par\n|move|p2b: Azumarill|Aqua Jet|p1b: Khepri\n|-damage|p1b: Khepri|11\/100\n|move|p1a: Tinkaton|Knock Off|p2b: Azumarill\n|-damage|p2b: Azumarill|26\/100 par\n|-enditem|p2b: Azumarill|Choice Band|[from] move: Knock Off|[of] p1a: Tinkaton\n|\n|upkeep\n|turn|4\n|\n|t:|1681814592\n|move|p2a: Flutter Mane|Dazzling Gleam|p1b: Khepri|[spread] p1a,p1b\n|-resisted|p1a: Tinkaton\n|-supereffective|p1b: Khepri\n|-damage|p1a: Tinkaton|83\/100\n|-damage|p1b: Khepri|0 fnt\n|faint|p1b: Khepri\n|-end|p1b: Khepri|Protosynthesis|[silent]\n|move|p1a: Tinkaton|Thunder Wave|p2a: Flutter Mane\n|-status|p2a: Flutter Mane|par\n|cant|p2b: Azumarill|par\n|\n|upkeep\n|\n|t:|1681814601\n|switch|p1b: Ra|Volcarona, L50, F|100\/100\n|turn|5\n|\n|t:|1681814630\n|move|p1b: Ra|Protect|p1b: Ra\n|-singleturn|p1b: Ra|Protect\n|move|p2a: Flutter Mane|Protect|p2a: Flutter Mane\n|-singleturn|p2a: Flutter Mane|Protect\n|cant|p2b: Azumarill|par\n|move|p1a: Tinkaton|Gigaton Hammer|p2b: Azumarill\n|-resisted|p2b: Azumarill\n|-damage|p2b: Azumarill|10\/100 par\n|\n|upkeep\n|turn|6\n|\n|t:|1681814656\n|-terastallize|p1b: Ra|Water\n|cant|p2b: Azumarill|par\n|move|p1b: Ra|Heat Wave|p2a: Flutter Mane|[spread] p2a,p2b\n|-resisted|p2b: Azumarill\n|-damage|p2a: Flutter Mane|69\/100 par\n|-damage|p2b: Azumarill|0 fnt\n|faint|p2b: Azumarill\n|move|p1a: Tinkaton|Knock Off|p2a: Flutter Mane\n|-damage|p2a: Flutter Mane|59\/100 par\n|move|p2a: Flutter Mane|Shadow Ball|p1a: Tinkaton\n|-damage|p1a: Tinkaton|39\/100\n|-enditem|p1a: Tinkaton|Sitrus Berry|[eat]\n|-heal|p1a: Tinkaton|63\/100|[from] item: Sitrus Berry\n|\n|upkeep\n|\n|t:|1681814669\n|switch|p2b: Ting-Lu|Ting-Lu, L50|100\/100\n|-ability|p2b: Ting-Lu|Vessel of Ruin\n|turn|7\n|\n|t:|1681814690\n|move|p1b: Ra|Quiver Dance|p1b: Ra\n|-boost|p1b: Ra|spa|1\n|-boost|p1b: Ra|spd|1\n|-boost|p1b: Ra|spe|1\n|move|p1a: Tinkaton|Knock Off|p2b: Ting-Lu\n|-resisted|p2b: Ting-Lu\n|-crit|p2b: Ting-Lu\n|-damage|p2b: Ting-Lu|93\/100\n|-enditem|p2b: Ting-Lu|Assault Vest|[from] move: Knock Off|[of] p1a: Tinkaton\n|move|p2a: Flutter Mane|Shadow Ball|p1a: Tinkaton\n|-damage|p1a: Tinkaton|33\/100\n|move|p2b: Ting-Lu|Ruination|p1b: Ra\n|-damage|p1b: Ra|51\/100\n|\n|upkeep\n|turn|8\n|\n|t:|1681814720\n|move|p1b: Ra|Giga Drain|p2b: Ting-Lu\n|-supereffective|p2b: Ting-Lu\n|-damage|p2b: Ting-Lu|45\/100\n|-heal|p1b: Ra|88\/100|[from] drain|[of] p2b: Ting-Lu\n|move|p1a: Tinkaton|Gigaton Hammer|p2a: Flutter Mane\n|-supereffective|p2a: Flutter Mane\n|-damage|p2a: Flutter Mane|0 fnt\n|faint|p2a: Flutter Mane\n|-end|p2a: Flutter Mane|Protosynthesis|[silent]\n|move|p2b: Ting-Lu|Sand Tomb|p1b: Ra|[miss]\n|-miss|p2b: Ting-Lu|p1b: Ra\n|\n|upkeep\n|\n|t:|1681814727\n|switch|p2a: Arcanine|Arcanine, L50, M|25\/100\n|-ability|p2a: Arcanine|Intimidate|boost\n|-unboost|p1a: Tinkaton|atk|1\n|-unboost|p1b: Ra|atk|1\n|turn|9\n|\n|t:|1681814752\n|move|p2a: Arcanine|Extreme Speed|p1b: Ra\n|-damage|p1b: Ra|64\/100\n|move|p1b: Ra|Giga Drain|p2b: Ting-Lu\n|-supereffective|p2b: Ting-Lu\n|-damage|p2b: Ting-Lu|0 fnt\n|-heal|p1b: Ra|99\/100|[from] drain|[of] p2b: Ting-Lu\n|faint|p2b: Ting-Lu\n|move|p1a: Tinkaton|Knock Off|p2a: Arcanine\n|-damage|p2a: Arcanine|17\/100\n|-enditem|p2a: Arcanine|Safety Goggles|[from] move: Knock Off|[of] p1a: Tinkaton\n|\n|upkeep\n|turn|10\n|-message|IMissplayALot forfeited.\n|\n|win|magic 561\n|raw|magic 561's rating: 1376 → 1389<\/strong> (+13 for winning)\n|raw|IMissplayALot's rating: 1254 → 1237<\/strong> (-17 for losing)\n|l|\u2606IMissplayALot\n|l|\u2606magic 561\n|j|\u2606magic 561\n|player|p1|magic 561|acetrainersnow\n","uploadtime":1681814778,"views":12,"p1id":"magic561","p2id":"imissplayalot","formatid":"gen9vgc2023regulationc","rating":1237,"private":0,"password":""}