{"id":"gen9vgc2023regulationc-1848533361","p1":"dreamswgh","p2":"Gazamie","format":"[Gen 9] VGC 2023 Regulation C","log":"|j|\u2606dreamswgh\n|j|\u2606Gazamie\n|t:|1682087827\n|gametype|doubles\n|player|p1|dreamswgh|nate|1443\n|player|p2|Gazamie|unknownf|1481\n|teamsize|p1|6\n|teamsize|p2|6\n|gen|9\n|tier|[Gen 9] VGC 2023 Regulation C\n|rated|\n|rule|Species Clause: Limit one of each Pok\u00e9mon\n|rule|Item Clause: Limit one of each item\n|clearpoke\n|poke|p1|Torkoal, L50, F|\n|poke|p1|Flutter Mane, L50|\n|poke|p1|Indeedee-F, L50, F|\n|poke|p1|Hatterene, L50, F|\n|poke|p1|Corviknight, L50, M|\n|poke|p1|Mudsdale, L50, F|\n|poke|p2|Azumarill, L50, M|\n|poke|p2|Flamigo, L50, M|\n|poke|p2|Maushold-Four, L50|\n|poke|p2|Chien-Pao, L50|\n|poke|p2|Flutter Mane, L50|\n|poke|p2|Hydreigon, L50, F|\n|teampreview|4\n|inactive|Battle timer is ON: inactive players will automatically lose when time's up. (requested by Gazamie)\n|\n|t:|1682087876\n|start\n|switch|p1a: Nevada|Indeedee-F, L50, F|100\/100\n|switch|p1b: Okalahoma|Corviknight, L50, M|100\/100\n|switch|p2a: Hydreigon|Hydreigon, L50, F|100\/100\n|switch|p2b: Chien-Pao|Chien-Pao, L50|100\/100\n|-ability|p2b: Chien-Pao|Sword of Ruin\n|-fieldstart|move: Psychic Terrain|[from] ability: Psychic Surge|[of] p1a: Nevada\n|-enditem|p1a: Nevada|Psychic Seed\n|-boost|p1a: Nevada|spd|1|[from] item: Psychic Seed\n|turn|1\n|inactive|Gazamie has 30 seconds left.\n|inactive|Gazamie has 20 seconds left.\n|inactive|dreamswgh has 30 seconds left.\n|inactive|Gazamie has 15 seconds left.\n|\n|t:|1682087919\n|-terastallize|p1b: Okalahoma|Fire\n|move|p2b: Chien-Pao|Ice Spinner|p1b: Okalahoma\n|-resisted|p1b: Okalahoma\n|-damage|p1b: Okalahoma|65\/100\n|-fieldend|move: Psychic Terrain\n|move|p2a: Hydreigon|Dark Pulse|p1a: Nevada\n|-supereffective|p1a: Nevada\n|-damage|p1a: Nevada|46\/100\n|move|p1b: Okalahoma|U-turn|p2a: Hydreigon\n|-supereffective|p2a: Hydreigon\n|-damage|p2a: Hydreigon|20\/100\n|\n|t:|1682087930\n|switch|p1b: Arizona|Torkoal, L50, F|100\/100|[from] U-turn\n|-weather|SunnyDay|[from] ability: Drought|[of] p1b: Arizona\n|move|p1a: Nevada|Trick Room|p1a: Nevada\n|-fieldstart|move: Trick Room|[of] p1a: Nevada\n|\n|-weather|SunnyDay|[upkeep]\n|upkeep\n|turn|2\n|\n|t:|1682087950\n|switch|p2b: Maushold|Maushold-Four, L50|100\/100\n|move|p2a: Hydreigon|Protect|p2a: Hydreigon\n|-singleturn|p2a: Hydreigon|Protect\n|move|p1b: Arizona|Eruption|p2a: Hydreigon|[spread] p2b\n|-activate|p2a: Hydreigon|move: Protect\n|-enditem|p2b: Maushold|Focus Sash\n|-damage|p2b: Maushold|1\/100\n|move|p1a: Nevada|Dazzling Gleam|p2a: Hydreigon|[spread] p2b\n|-activate|p2a: Hydreigon|move: Protect\n|-damage|p2b: Maushold|0 fnt\n|faint|p2b: Maushold\n|\n|-weather|SunnyDay|[upkeep]\n|upkeep\n|\n|t:|1682087968\n|switch|p2b: Chien-Pao|Chien-Pao, L50|100\/100\n|-ability|p2b: Chien-Pao|Sword of Ruin\n|turn|3\n|inactive|Gazamie has 30 seconds left.\n|inactive|Gazamie has 20 seconds left.\n|\n|t:|1682088004\n|move|p1a: Nevada|Helping Hand|p1b: Arizona\n|-singleturn|p1b: Arizona|Helping Hand|[of] p1a: Nevada\n|move|p2b: Chien-Pao|Sucker Punch|p1b: Arizona\n|-crit|p1b: Arizona\n|-damage|p1b: Arizona|17\/100\n|move|p1b: Arizona|Eruption|p2b: Chien-Pao|[spread] p2a,p2b\n|-resisted|p2a: Hydreigon\n|-supereffective|p2b: Chien-Pao\n|-damage|p2a: Hydreigon|7\/100\n|-damage|p2b: Chien-Pao|31\/100\n|move|p2a: Hydreigon|Dark Pulse|p1a: Nevada\n|-supereffective|p1a: Nevada\n|-crit|p1a: Nevada\n|-damage|p1a: Nevada|0 fnt\n|faint|p1a: Nevada\n|\n|-weather|SunnyDay|[upkeep]\n|upkeep\n|\n|t:|1682088024\n|switch|p1a: New Mexico|Hatterene, L50, F|100\/100\n|turn|4\n|\n|t:|1682088036\n|move|p1b: Arizona|Protect|p1b: Arizona\n|-singleturn|p1b: Arizona|Protect\n|move|p2a: Hydreigon|Protect|p2a: Hydreigon\n|-singleturn|p2a: Hydreigon|Protect\n|move|p2b: Chien-Pao|Sucker Punch|p1a: New Mexico\n|-damage|p1a: New Mexico|26\/100\n|move|p1a: New Mexico|Dazzling Gleam|p2a: Hydreigon|[spread] p2b\n|-activate|p2a: Hydreigon|move: Protect\n|-supereffective|p2b: Chien-Pao\n|-damage|p2b: Chien-Pao|0 fnt\n|faint|p2b: Chien-Pao\n|-damage|p1a: New Mexico|17\/100|[from] item: Life Orb\n|\n|-weather|SunnyDay|[upkeep]\n|upkeep\n|\n|t:|1682088050\n|switch|p2b: Flutter Mane|Flutter Mane, L50|100\/100\n|-activate|p2b: Flutter Mane|ability: Protosynthesis\n|-start|p2b: Flutter Mane|protosynthesisspa\n|turn|5\n|inactive|Gazamie has 30 seconds left.\n|\n|t:|1682088076\n|move|p2a: Hydreigon|Protect|p2a: Hydreigon\n|-singleturn|p2a: Hydreigon|Protect\n|move|p2b: Flutter Mane|Protect|p2b: Flutter Mane\n|-singleturn|p2b: Flutter Mane|Protect\n|move|p1b: Arizona|Flamethrower|p2a: Hydreigon\n|-activate|p2a: Hydreigon|move: Protect\n|move|p1a: New Mexico|Mystical Fire|p2b: Flutter Mane\n|-activate|p2b: Flutter Mane|move: Protect\n|\n|-weather|none\n|-end|p2b: Flutter Mane|Protosynthesis\n|-fieldend|move: Trick Room\n|upkeep\n|-enditem|p2b: Flutter Mane|Booster Energy\n|-activate|p2b: Flutter Mane|ability: Protosynthesis|[fromitem]\n|-start|p2b: Flutter Mane|protosynthesisspa\n|turn|6\n|inactive|dreamswgh has 30 seconds left.\n|\n|t:|1682088104\n|-terastallize|p2b: Flutter Mane|Fairy\n|move|p2b: Flutter Mane|Dazzling Gleam|p1a: New Mexico|[spread] p1a,p1b\n|-resisted|p1b: Arizona\n|-damage|p1a: New Mexico|0 fnt\n|-damage|p1b: Arizona|0 fnt\n|faint|p1a: New Mexico\n|faint|p1b: Arizona\n|move|p2a: Hydreigon|Dark Pulse|p1: New Mexico|[notarget]\n|-fail|p2a: Hydreigon\n|\n|upkeep\n|\n|t:|1682088111\n|switch|p1b: Okalahoma|Corviknight, L50, M, tera:Fire|65\/100\n|turn|7\n|\n|t:|1682088126\n|move|p2b: Flutter Mane|Shadow Ball|p1b: Okalahoma\n|-crit|p1b: Okalahoma\n|-damage|p1b: Okalahoma|0 fnt\n|faint|p1b: Okalahoma\n|\n|win|Gazamie\n|raw|dreamswgh's rating: 1443 → 1425<\/strong> (-18 for losing)\n|raw|Gazamie's rating: 1481 → 1499<\/strong> (+18 for winning)\n|c|\u2606dreamswgh|NOOOO\n|l|\u2606Gazamie\n","uploadtime":1682088144,"views":16,"p1id":"dreamswgh","p2id":"gazamie","formatid":"gen9vgc2023regulationc","rating":1425,"private":0,"password":""}