{"id":"gen9vgc2023regulationc-1845626616","p1":"Dummy_Yamage","p2":"fizzywizzyglizzy","format":"[Gen 9] VGC 2023 Regulation C","log":"|j|\u2606Dummy_Yamage\n|j|\u2606fizzywizzyglizzy\n|t:|1681750586\n|gametype|doubles\n|player|p1|Dummy_Yamage|101|1078\n|player|p2|fizzywizzyglizzy|266|1000\n|teamsize|p1|6\n|teamsize|p2|6\n|gen|9\n|tier|[Gen 9] VGC 2023 Regulation C\n|rated|\n|rule|Species Clause: Limit one of each Pok\u00e9mon\n|rule|Item Clause: Limit one of each item\n|clearpoke\n|poke|p1|Dragonite, L50, F|\n|poke|p1|Chien-Pao, L50|\n|poke|p1|Amoonguss, L50, M|\n|poke|p1|Arcanine, L50, F|\n|poke|p1|Palafin, L50, F|\n|poke|p1|Corviknight, L50, M|\n|poke|p2|Arcanine, L50, F|\n|poke|p2|Palafin, L50, M|\n|poke|p2|Kingambit, L50, F|\n|poke|p2|Garganacl, L50, M|\n|poke|p2|Flutter Mane, L50|\n|poke|p2|Amoonguss, L50, M|\n|teampreview|4\n|inactive|Battle timer is ON: inactive players will automatically lose when time's up. (requested by fizzywizzyglizzy)\n|inactive|Dummy_Yamage has 60 seconds left.\n|inactive|Dummy_Yamage has 30 seconds left.\n|inactive|Dummy_Yamage has 20 seconds left.\n|\n|t:|1681750700\n|start\n|switch|p1a: Dragonite|Dragonite, L50, F|100\/100\n|switch|p1b: Palafin|Palafin, L50, F|100\/100\n|switch|p2a: Palafin|Palafin, L50, M|100\/100\n|switch|p2b: Garganacl|Garganacl, L50, M, shiny|100\/100\n|turn|1\n|inactive|Dummy_Yamage has 30 seconds left.\n|inactive|fizzywizzyglizzy has 30 seconds left.\n|inactive|Dummy_Yamage has 20 seconds left.\n|inactive|Dummy_Yamage has 15 seconds left.\n|inactive|Dummy_Yamage has 10 seconds left.\n|inactive|Dummy_Yamage has 5 seconds left.\n|\n|t:|1681750753\n|detailschange|p2a: Palafin|Palafin-Hero, L50, M\n|switch|p2a: Kingambit|Kingambit, L50, F, shiny|100\/100\n|-terastallize|p1b: Palafin|Water\n|-terastallize|p2b: Garganacl|Poison\n|move|p1b: Palafin|Wave Crash|p2b: Garganacl\n|-damage|p2b: Garganacl|63\/100\n|-damage|p1b: Palafin|88\/100|[from] Recoil\n|move|p1a: Dragonite|Outrage|p2b: Garganacl\n|-damage|p2b: Garganacl|0 fnt\n|faint|p2b: Garganacl\n|\n|-heal|p1b: Palafin|94\/100|[from] item: Leftovers\n|upkeep\n|\n|t:|1681750771\n|switch|p2b: Flutter Mane|Flutter Mane, L50|100\/100\n|-enditem|p2b: Flutter Mane|Booster Energy\n|-activate|p2b: Flutter Mane|ability: Protosynthesis|[fromitem]\n|-start|p2b: Flutter Mane|protosynthesisspe\n|turn|2\n|\n|t:|1681750784\n|detailschange|p1b: Palafin|Palafin-Hero, L50, F, tera:Water\n|switch|p1b: Amoonguss|Amoonguss, L50, M|100\/100\n|move|p2b: Flutter Mane|Moonblast|p1b: Amoonguss\n|-resisted|p1b: Amoonguss\n|-damage|p1b: Amoonguss|79\/100\n|move|p1a: Dragonite|Outrage|p2b: Flutter Mane|[from]lockedmove\n|-immune|p2b: Flutter Mane\n|move|p2a: Kingambit|Kowtow Cleave|p1b: Amoonguss\n|-damage|p1b: Amoonguss|33\/100\n|-enditem|p1b: Amoonguss|Sitrus Berry|[eat]\n|-heal|p1b: Amoonguss|58\/100|[from] item: Sitrus Berry\n|\n|upkeep\n|turn|3\n|inactive|Dummy_Yamage has 30 seconds left.\n|inactive|Dummy_Yamage has 20 seconds left.\n|inactive|Dummy_Yamage has 15 seconds left.\n|inactive|Dummy_Yamage has 10 seconds left.\n|inactive|Dummy_Yamage has 5 seconds left.\n|\n|t:|1681750836\n|switch|p1a: Corviknight|Corviknight, L50, M|100\/100\n|move|p2b: Flutter Mane|Moonblast|p1b: Amoonguss\n|-resisted|p1b: Amoonguss\n|-damage|p1b: Amoonguss|36\/100\n|move|p2a: Kingambit|Kowtow Cleave|p1b: Amoonguss\n|-damage|p1b: Amoonguss|0 fnt\n|faint|p1b: Amoonguss\n|\n|upkeep\n|\n|t:|1681750847\n|switch|p1b: Palafin|Palafin-Hero, L50, F, tera:Water|94\/100\n|-activate|p1b: Palafin|ability: Zero to Hero\n|turn|4\n|\n|t:|1681750872\n|move|p2b: Flutter Mane|Moonblast|p1b: Palafin\n|-damage|p1b: Palafin|43\/100\n|-unboost|p1b: Palafin|spa|1\n|move|p1b: Palafin|Substitute|p1b: Palafin\n|-start|p1b: Palafin|Substitute\n|-damage|p1b: Palafin|18\/100\n|move|p1a: Corviknight|Body Press|p2a: Kingambit\n|-supereffective|p2a: Kingambit\n|-damage|p2a: Kingambit|42\/100\n|move|p2a: Kingambit|Kowtow Cleave|p1b: Palafin\n|-end|p1b: Palafin|Substitute\n|\n|-heal|p1b: Palafin|24\/100|[from] item: Leftovers\n|upkeep\n|turn|5\n|\n|t:|1681750896\n|move|p1b: Palafin|Protect|p1b: Palafin\n|-singleturn|p1b: Palafin|Protect\n|move|p2a: Kingambit|Sucker Punch||[still]\n|-fail|p2a: Kingambit\n|move|p2b: Flutter Mane|Thunderbolt|p1a: Corviknight\n|-supereffective|p1a: Corviknight\n|-damage|p1a: Corviknight|60\/100\n|move|p1a: Corviknight|Iron Defense|p1a: Corviknight\n|-boost|p1a: Corviknight|def|2\n|\n|-heal|p1b: Palafin|30\/100|[from] item: Leftovers\n|upkeep\n|turn|6\n|inactive|fizzywizzyglizzy has 30 seconds left.\n|inactive|fizzywizzyglizzy has 20 seconds left.\n|\n|t:|1681750935\n|move|p1b: Palafin|Jet Punch|p2a: Kingambit\n|-damage|p2a: Kingambit|3\/100\n|move|p2b: Flutter Mane|Moonblast|p1b: Palafin\n|-damage|p1b: Palafin|0 fnt\n|faint|p1b: Palafin\n|move|p1a: Corviknight|Iron Head|p2b: Flutter Mane\n|-supereffective|p2b: Flutter Mane\n|-damage|p2b: Flutter Mane|16\/100\n|move|p2a: Kingambit|Kowtow Cleave|p1a: Corviknight\n|-damage|p1a: Corviknight|37\/100\n|-damage|p2a: Kingambit|0 fnt|[from] item: Rocky Helmet|[of] p1a: Corviknight\n|faint|p2a: Kingambit\n|\n|upkeep\n|\n|t:|1681750950\n|switch|p1b: Dragonite|Dragonite, L50, F|100\/100\n|switch|p2a: Palafin|Palafin-Hero, L50, M|100\/100\n|-activate|p2a: Palafin|ability: Zero to Hero\n|turn|7\n|\n|t:|1681750967\n|move|p2a: Palafin|Jet Punch|p1b: Dragonite\n|-resisted|p1b: Dragonite\n|-damage|p1b: Dragonite|76\/100\n|move|p2b: Flutter Mane|Moonblast|p1b: Dragonite\n|-supereffective|p1b: Dragonite\n|-damage|p1b: Dragonite|0 fnt\n|faint|p1b: Dragonite\n|move|p1a: Corviknight|Body Press|p2a: Palafin\n|-damage|p2a: Palafin|66\/100\n|\n|upkeep\n|turn|8\n|-message|Dummy_Yamage forfeited.\n|\n|win|fizzywizzyglizzy\n|l|\u2606Dummy_Yamage\n|raw|Dummy_Yamage's rating: 1078 → 1069<\/strong> (-9 for losing)\n|raw|fizzywizzyglizzy's rating: 1308 → 1316<\/strong> (+8 for winning)\n","uploadtime":1681750987,"views":15,"p1id":"dummyyamage","p2id":"fizzywizzyglizzy","formatid":"gen9vgc2023regulationc","rating":1069,"private":0,"password":""}