{"id":"gen9vgc2023regulationc-1845749310","p1":"Ricardo Randorez","p2":"Mike_Lindsay","format":"[Gen 9] VGC 2023 Regulation C","log":"|j|\u2606Ricardo Randorez\n|j|\u2606Mike_Lindsay\n|t:|1681760993\n|gametype|doubles\n|player|p1|Ricardo Randorez|265|1157\n|player|p2|Mike_Lindsay|169|1066\n|teamsize|p1|6\n|teamsize|p2|6\n|gen|9\n|tier|[Gen 9] VGC 2023 Regulation C\n|rated|\n|rule|Species Clause: Limit one of each Pok\u00e9mon\n|rule|Item Clause: Limit one of each item\n|clearpoke\n|poke|p1|Gyarados, L50, M|\n|poke|p1|Arcanine, L50, M|\n|poke|p1|Dragonite, L50, F|\n|poke|p1|Flutter Mane, L50|\n|poke|p1|Volcarona, L50, M|\n|poke|p1|Chien-Pao, L50|\n|poke|p2|Palafin, L50, M|\n|poke|p2|Chien-Pao, L50|\n|poke|p2|Dragapult, L50, F|\n|poke|p2|Amoonguss, L50, M|\n|poke|p2|Arcanine, L50, M|\n|poke|p2|Flutter Mane, L50|\n|teampreview|4\n|inactive|Battle timer is ON: inactive players will automatically lose when time's up. (requested by Ricardo Randorez)\n|\n|t:|1681761035\n|start\n|switch|p1a: Flutter Mane|Flutter Mane, L50|100\/100\n|switch|p1b: Volcarona|Volcarona, L50, M|100\/100\n|switch|p2a: Dnite|Dragapult, L50, F|100\/100\n|switch|p2b: Dozo|Palafin, L50, M|100\/100\n|-enditem|p1a: Flutter Mane|Booster Energy\n|-activate|p1a: Flutter Mane|ability: Protosynthesis|[fromitem]\n|-start|p1a: Flutter Mane|protosynthesisspe\n|turn|1\n|inactive|Ricardo Randorez has 30 seconds left.\n|inactive|Mike_Lindsay has 30 seconds left.\n|\n|t:|1681761066\n|-terastallize|p2a: Dnite|Steel\n|move|p1b: Volcarona|Rage Powder|p1b: Volcarona\n|-singleturn|p1b: Volcarona|move: Rage Powder\n|move|p1a: Flutter Mane|Shadow Ball|p2a: Dnite\n|-damage|p2a: Dnite|43\/100\n|move|p2a: Dnite|Tera Blast|p1b: Volcarona\n|-resisted|p1b: Volcarona\n|-damage|p1b: Volcarona|68\/100\n|move|p2b: Dozo|Wave Crash|p1b: Volcarona\n|-supereffective|p1b: Volcarona\n|-damage|p1b: Volcarona|0 fnt\n|-damage|p2b: Dozo|84\/100|[from] item: Rocky Helmet|[of] p1b: Volcarona\n|faint|p1b: Volcarona\n|-damage|p2b: Dozo|63\/100|[from] Recoil\n|\n|upkeep\n|\n|t:|1681761087\n|switch|p1b: Dragonite|Dragonite, L50, F|100\/100\n|turn|2\n|inactive|Mike_Lindsay has 30 seconds left.\n|\n|t:|1681761119\n|detailschange|p2b: Dozo|Palafin-Hero, L50, M\n|switch|p2b: ChiYu|Arcanine, L50, M|100\/100\n|-ability|p2b: ChiYu|Intimidate|boost\n|-unboost|p1a: Flutter Mane|atk|1\n|-fail|p1b: Dragonite|unboost|Attack|[from] ability: Inner Focus|[of] p1b: Dragonite\n|move|p1b: Dragonite|Extreme Speed|p2a: Dnite\n|-resisted|p2a: Dnite\n|-damage|p2a: Dnite|10\/100\n|move|p1a: Flutter Mane|Shadow Ball|p2b: ChiYu\n|-damage|p2b: ChiYu|50\/100\n|move|p2a: Dnite|Tera Blast|p1a: Flutter Mane\n|-supereffective|p1a: Flutter Mane\n|-damage|p1a: Flutter Mane|0 fnt\n|faint|p1a: Flutter Mane\n|-end|p1a: Flutter Mane|Protosynthesis|[silent]\n|\n|upkeep\n|\n|t:|1681761136\n|switch|p1a: Arcanine|Arcanine, L50, M|100\/100\n|-ability|p1a: Arcanine|Intimidate|boost\n|-fail|p2a: Dnite|unboost|[from] ability: Clear Body|[of] p2a: Dnite\n|-unboost|p2b: ChiYu|atk|1\n|turn|3\n|\n|t:|1681761149\n|switch|p2a: Dozo|Palafin-Hero, L50, M|63\/100\n|-activate|p2a: Dozo|ability: Zero to Hero\n|move|p1b: Dragonite|Extreme Speed|p2a: Dozo\n|-damage|p2a: Dozo|19\/100\n|move|p2b: ChiYu|Will-O-Wisp|p1b: Dragonite\n|-status|p1b: Dragonite|brn\n|move|p1a: Arcanine|Howl|p1a: Arcanine|[spread] p1a,p1b\n|-boost|p1a: Arcanine|atk|1\n|-boost|p1b: Dragonite|atk|1\n|\n|-damage|p1b: Dragonite|94\/100 brn|[from] brn\n|upkeep\n|turn|4\n|inactive|Ricardo Randorez has 30 seconds left.\n|inactive|Mike_Lindsay has 30 seconds left.\n|inactive|Mike_Lindsay has 20 seconds left.\n|\n|t:|1681761188\n|-terastallize|p1a: Arcanine|Normal\n|move|p1a: Arcanine|Extreme Speed|p2b: ChiYu\n|-damage|p2b: ChiYu|0 fnt\n|faint|p2b: ChiYu\n|move|p1b: Dragonite|Extreme Speed|p2a: Dozo\n|-damage|p2a: Dozo|0 fnt\n|faint|p2a: Dozo\n|\n|-damage|p1b: Dragonite|88\/100 brn|[from] brn\n|upkeep\n|\n|t:|1681761197\n|switch|p2b: Dnite|Dragapult, L50, F, tera:Steel|10\/100\n|switch|p2a: Bundle|Chien-Pao, L50|100\/100\n|-ability|p2a: Bundle|Sword of Ruin\n|turn|5\n|\n|t:|1681761220\n|move|p1a: Arcanine|Extreme Speed|p2a: Bundle\n|-crit|p2a: Bundle\n|-enditem|p2a: Bundle|Focus Sash\n|-damage|p2a: Bundle|1\/100\n|move|p1b: Dragonite|Extreme Speed|p2b: Dnite\n|-resisted|p2b: Dnite\n|-damage|p2b: Dnite|0 fnt\n|faint|p2b: Dnite\n|move|p2a: Bundle|Sacred Sword|p1a: Arcanine\n|-supereffective|p1a: Arcanine\n|-damage|p1a: Arcanine|21\/100\n|\n|-damage|p1b: Dragonite|82\/100 brn|[from] brn\n|upkeep\n|turn|6\n|-message|Mike_Lindsay forfeited.\n|\n|win|Ricardo Randorez\n|raw|Ricardo Randorez's rating: 1157 → 1176<\/strong> (+19 for winning)\n|raw|Mike_Lindsay's rating: 1066 → 1051<\/strong> (-15 for losing)\n|l|\u2606Mike_Lindsay\n","uploadtime":1681761248,"views":5,"p1id":"ricardorandorez","p2id":"mikelindsay","formatid":"gen9vgc2023regulationc","rating":1051,"private":0,"password":""}