{"id":"gen9vgc2023regulationc-1861459161","p1":"NickoVGC","p2":"RonJohn","format":"[Gen 9] VGC 2023 Regulation C","log":"|j|\u2606NickoVGC\n|j|\u2606RonJohn\n|t:|1683760441\n|gametype|doubles\n|player|p1|NickoVGC|ortega|1178\n|player|p2|RonJohn|266|1231\n|teamsize|p1|6\n|teamsize|p2|6\n|gen|9\n|tier|[Gen 9] VGC 2023 Regulation C\n|rated|\n|rule|Species Clause: Limit one of each Pok\u00e9mon\n|rule|Item Clause: Limit one of each item\n|clearpoke\n|poke|p1|Dragonite, L50, M|\n|poke|p1|Amoonguss, L50, M|\n|poke|p1|Palafin, L50, M|\n|poke|p1|Flutter Mane, L50|\n|poke|p1|Ting-Lu, L50|\n|poke|p1|Garganacl, L50, F|\n|poke|p2|Flutter Mane, L50|\n|poke|p2|Orthworm, L50, M|\n|poke|p2|Dragonite, L50, F|\n|poke|p2|Amoonguss, L50, M|\n|poke|p2|Gyarados, L50, F|\n|poke|p2|Ting-Lu, L50|\n|teampreview|4\nRonJohn has agreed to open team sheets.\n|inactive|Battle timer is ON: inactive players will automatically lose when time's up. (requested by RonJohn)\n|inactive|NickoVGC has 60 seconds left.\n|\n|t:|1683760539\n|start\n|switch|p1a: Aleteahuevos|Flutter Mane, L50|100\/100\n|switch|p1b: \ud83d\udc2cMosterfocker\ud83d\udc2c|Palafin, L50, M|100\/100\n|switch|p2a: Gyarados|Gyarados, L50, F|100\/100\n|switch|p2b: Ting-Lu|Ting-Lu, L50|100\/100\n|-ability|p2a: Gyarados|Intimidate|boost\n|-unboost|p1a: Aleteahuevos|atk|1\n|-unboost|p1b: \ud83d\udc2cMosterfocker\ud83d\udc2c|atk|1\n|-ability|p2b: Ting-Lu|Vessel of Ruin\n|-enditem|p1a: Aleteahuevos|Booster Energy\n|-activate|p1a: Aleteahuevos|ability: Protosynthesis|[fromitem]\n|-start|p1a: Aleteahuevos|protosynthesisspa\n|turn|1\n|inactive|RonJohn has 30 seconds left.\n|inactive|RonJohn has 20 seconds left.\n|\n|t:|1683760577\n|switch|p2a: Orthworm|Orthworm, L50, M|100\/100\n|detailschange|p1b: \ud83d\udc2cMosterfocker\ud83d\udc2c|Palafin-Hero, L50, M\n|switch|p1b: \u30af\u30ed\u30f3\u30af\u30fb\u30c8\u30ed\u30fc\u30ea\u30f3\u30b0|Amoonguss, L50, M, shiny|100\/100\n|move|p1a: Aleteahuevos|Protect|p1a: Aleteahuevos\n|-singleturn|p1a: Aleteahuevos|Protect\n|move|p2b: Ting-Lu|Earthquake|p1a: Aleteahuevos|[spread] p1b\n|-activate|p1a: Aleteahuevos|move: Protect\n|-immune|p2a: Orthworm|[from] ability: Earth Eater\n|-damage|p1b: \u30af\u30ed\u30f3\u30af\u30fb\u30c8\u30ed\u30fc\u30ea\u30f3\u30b0|67\/100\n|\n|upkeep\n|turn|2\n|inactive|RonJohn has 30 seconds left.\n|inactive|RonJohn has 20 seconds left.\n|\n|t:|1683760614\n|move|p1a: Aleteahuevos|Mystical Fire|p2a: Orthworm\n|-supereffective|p2a: Orthworm\n|-damage|p2a: Orthworm|16\/100\n|-unboost|p2a: Orthworm|spa|1\n|-enditem|p2a: Orthworm|Sitrus Berry|[eat]\n|-heal|p2a: Orthworm|41\/100|[from] item: Sitrus Berry\n|move|p2b: Ting-Lu|Earthquake|p1a: Aleteahuevos|[spread] p1a,p1b\n|-heal|p2a: Orthworm|66\/100|[from] ability: Earth Eater|[of] p2b: Ting-Lu\n|-damage|p1a: Aleteahuevos|26\/100\n|-damage|p1b: \u30af\u30ed\u30f3\u30af\u30fb\u30c8\u30ed\u30fc\u30ea\u30f3\u30b0|39\/100\n|-enditem|p1b: \u30af\u30ed\u30f3\u30af\u30fb\u30c8\u30ed\u30fc\u30ea\u30f3\u30b0|Sitrus Berry|[eat]\n|-heal|p1b: \u30af\u30ed\u30f3\u30af\u30fb\u30c8\u30ed\u30fc\u30ea\u30f3\u30b0|63\/100|[from] item: Sitrus Berry\n|move|p2a: Orthworm|Shed Tail|p2a: Orthworm\n|-start|p2a: Orthworm|Substitute|[from] move: Shed Tail\n|-damage|p2a: Orthworm|16\/100\n|\n|t:|1683760629\n|switch|p2a: Dragonite|Dragonite, L50, F|100\/100|[from] Shed Tail\n|move|p1b: \u30af\u30ed\u30f3\u30af\u30fb\u30c8\u30ed\u30fc\u30ea\u30f3\u30b0|Spore|p2b: Ting-Lu\n|-status|p2b: Ting-Lu|slp|[from] move: Spore\n|\n|upkeep\n|turn|3\n|inactive|RonJohn has 30 seconds left.\n|\n|t:|1683760657\n|-terastallize|p2a: Dragonite|Normal\n|move|p1a: Aleteahuevos|Protect|p1a: Aleteahuevos\n|-singleturn|p1a: Aleteahuevos|Protect\n|move|p2a: Dragonite|Dragon Dance|p2a: Dragonite\n|-boost|p2a: Dragonite|atk|1\n|-boost|p2a: Dragonite|spe|1\n|cant|p2b: Ting-Lu|slp\n|move|p1b: \u30af\u30ed\u30f3\u30af\u30fb\u30c8\u30ed\u30fc\u30ea\u30f3\u30b0|Pollen Puff|p2a: Dragonite\n|-activate|p2a: Dragonite|move: Substitute|[damage]\n|\n|upkeep\n|turn|4\n|inactive|RonJohn has 30 seconds left.\n|inactive|RonJohn has 20 seconds left.\n|\n|t:|1683760693\n|switch|p2b: Orthworm|Orthworm, L50, M|16\/100\n|move|p2a: Dragonite|Earthquake|p1a: Aleteahuevos|[spread] p1a,p1b\n|-heal|p2b: Orthworm|41\/100|[from] ability: Earth Eater|[of] p2a: Dragonite\n|-damage|p1a: Aleteahuevos|0 fnt\n|-damage|p1b: \u30af\u30ed\u30f3\u30af\u30fb\u30c8\u30ed\u30fc\u30ea\u30f3\u30b0|28\/100\n|faint|p1a: Aleteahuevos\n|-end|p1a: Aleteahuevos|Protosynthesis|[silent]\n|move|p1b: \u30af\u30ed\u30f3\u30af\u30fb\u30c8\u30ed\u30fc\u30ea\u30f3\u30b0|Spore||[still]\n|-fail|p1b: \u30af\u30ed\u30f3\u30af\u30fb\u30c8\u30ed\u30fc\u30ea\u30f3\u30b0\n|\n|upkeep\n|\n|t:|1683760702\n|switch|p1a: \ud83d\udc2cMosterfocker\ud83d\udc2c|Palafin-Hero, L50, M|100\/100\n|-activate|p1a: \ud83d\udc2cMosterfocker\ud83d\udc2c|ability: Zero to Hero\n|turn|5\n|inactive|RonJohn has 30 seconds left.\n|\n|t:|1683760730\n|switch|p2b: Gyarados|Gyarados, L50, F|100\/100\n|-ability|p2b: Gyarados|Intimidate|boost\n|-unboost|p1a: \ud83d\udc2cMosterfocker\ud83d\udc2c|atk|1\n|-unboost|p1b: \u30af\u30ed\u30f3\u30af\u30fb\u30c8\u30ed\u30fc\u30ea\u30f3\u30b0|atk|1\n|move|p2a: Dragonite|Earthquake|p1a: \ud83d\udc2cMosterfocker\ud83d\udc2c|[spread] p1a,p1b\n|-immune|p2b: Gyarados\n|-damage|p1a: \ud83d\udc2cMosterfocker\ud83d\udc2c|65\/100\n|-damage|p1b: \u30af\u30ed\u30f3\u30af\u30fb\u30c8\u30ed\u30fc\u30ea\u30f3\u30b0|0 fnt\n|faint|p1b: \u30af\u30ed\u30f3\u30af\u30fb\u30c8\u30ed\u30fc\u30ea\u30f3\u30b0\n|move|p1a: \ud83d\udc2cMosterfocker\ud83d\udc2c|Haze|p1a: \ud83d\udc2cMosterfocker\ud83d\udc2c\n|-clearallboost\n|\n|upkeep\n|\n|t:|1683760743\n|switch|p1b: Barbie Girl|Garganacl, L50, F|100\/100\n|turn|6\n|\n|t:|1683760761\n|switch|p2b: Orthworm|Orthworm, L50, M|41\/100\n|-terastallize|p1b: Barbie Girl|Ghost\n|move|p1a: \ud83d\udc2cMosterfocker\ud83d\udc2c|Jet Punch|p2a: Dragonite\n|-end|p2a: Dragonite|Substitute\n|move|p2a: Dragonite|Earthquake|p1a: \ud83d\udc2cMosterfocker\ud83d\udc2c|[spread] p1a,p1b\n|-heal|p2b: Orthworm|66\/100|[from] ability: Earth Eater|[of] p2a: Dragonite\n|-damage|p1a: \ud83d\udc2cMosterfocker\ud83d\udc2c|41\/100\n|-damage|p1b: Barbie Girl|79\/100\n|move|p1b: Barbie Girl|Iron Defense|p1b: Barbie Girl\n|-boost|p1b: Barbie Girl|def|2\n|\n|-heal|p1b: Barbie Girl|85\/100|[from] item: Leftovers\n|upkeep\n|turn|7\n|inactive|NickoVGC has 30 seconds left.\n|inactive|RonJohn has 30 seconds left.\n|inactive|NickoVGC has 20 seconds left.\n|inactive|NickoVGC has 15 seconds left.\n|inactive|NickoVGC has 10 seconds left.\n|\n|t:|1683760808\n|switch|p2a: Gyarados|Gyarados, L50, F|100\/100\n|-ability|p2a: Gyarados|Intimidate|boost\n|-unboost|p1a: \ud83d\udc2cMosterfocker\ud83d\udc2c|atk|1\n|-unboost|p1b: Barbie Girl|atk|1\n|move|p2b: Orthworm|Protect|p2b: Orthworm\n|-singleturn|p2b: Orthworm|Protect\n|move|p1a: \ud83d\udc2cMosterfocker\ud83d\udc2c|Wave Crash|p2b: Orthworm\n|-activate|p2b: Orthworm|move: Protect\n|move|p1b: Barbie Girl|Salt Cure|p2a: Gyarados\n|-supereffective|p2a: Gyarados\n|-damage|p2a: Gyarados|80\/100\n|-start|p2a: Gyarados|Salt Cure\n|\n|-heal|p1b: Barbie Girl|91\/100|[from] item: Leftovers\n|-damage|p2a: Gyarados|55\/100|[from] Salt Cure\n|upkeep\n|turn|8\n|inactive|NickoVGC has 30 seconds left.\n|inactive|RonJohn has 30 seconds left.\n|inactive|NickoVGC has 20 seconds left.\n|inactive|RonJohn has 20 seconds left.\n|inactive|NickoVGC has 15 seconds left.\n|\n|t:|1683760852\n|move|p1a: \ud83d\udc2cMosterfocker\ud83d\udc2c|Protect|p1a: \ud83d\udc2cMosterfocker\ud83d\udc2c\n|-singleturn|p1a: \ud83d\udc2cMosterfocker\ud83d\udc2c|Protect\n|move|p2a: Gyarados|Taunt|p1b: Barbie Girl\n|-start|p1b: Barbie Girl|move: Taunt\n|move|p2b: Orthworm|Shed Tail|p2b: Orthworm\n|-start|p2b: Orthworm|Substitute|[from] move: Shed Tail\n|-damage|p2b: Orthworm|16\/100\n|\n|t:|1683760861\n|switch|p2b: Dragonite|Dragonite, L50, F, tera:Normal|100\/100|[from] Shed Tail\n|cant|p1b: Barbie Girl|move: Taunt|Recover\n|\n|-heal|p1b: Barbie Girl|97\/100|[from] item: Leftovers\n|-damage|p2a: Gyarados|30\/100|[from] Salt Cure\n|upkeep\n|turn|9\n|\n|t:|1683760876\n|switch|p2a: Ting-Lu|Ting-Lu, L50|100\/100 slp\n|-ability|p2a: Ting-Lu|Vessel of Ruin\n|move|p1a: \ud83d\udc2cMosterfocker\ud83d\udc2c|Jet Punch|p2b: Dragonite\n|-crit|p2b: Dragonite\n|-end|p2b: Dragonite|Substitute\n|move|p2b: Dragonite|Dragon Dance|p2b: Dragonite\n|-boost|p2b: Dragonite|atk|1\n|-boost|p2b: Dragonite|spe|1\n|move|p1b: Barbie Girl|Salt Cure|p2b: Dragonite\n|-damage|p2b: Dragonite|94\/100\n|-start|p2b: Dragonite|Salt Cure\n|\n|-heal|p1b: Barbie Girl|100\/100|[from] item: Leftovers\n|-damage|p2b: Dragonite|82\/100|[from] Salt Cure\n|upkeep\n|turn|10\n|inactive|RonJohn has 30 seconds left.\n|\n|t:|1683760905\n|move|p2b: Dragonite|Extreme Speed|p1a: \ud83d\udc2cMosterfocker\ud83d\udc2c\n|-damage|p1a: \ud83d\udc2cMosterfocker\ud83d\udc2c|0 fnt\n|faint|p1a: \ud83d\udc2cMosterfocker\ud83d\udc2c\n|cant|p2a: Ting-Lu|slp\n|move|p1b: Barbie Girl|Salt Cure|p2a: Ting-Lu\n|-resisted|p2a: Ting-Lu\n|-damage|p2a: Ting-Lu|98\/100 slp\n|-start|p2a: Ting-Lu|Salt Cure\n|\n|-damage|p2b: Dragonite|70\/100|[from] Salt Cure\n|-damage|p2a: Ting-Lu|85\/100 slp|[from] Salt Cure\n|-end|p1b: Barbie Girl|move: Taunt\n|upkeep\n|turn|11\n|inactive|RonJohn has 30 seconds left.\n|\n|t:|1683760934\n|switch|p2a: Gyarados|Gyarados, L50, F|30\/100\n|-ability|p2a: Gyarados|Intimidate|boost\n|-unboost|p1b: Barbie Girl|atk|1\n|move|p2b: Dragonite|Earthquake|p1b: Barbie Girl|[spread] p1b\n|-immune|p2a: Gyarados\n|-damage|p1b: Barbie Girl|85\/100\n|move|p1b: Barbie Girl|Iron Defense|p1b: Barbie Girl\n|-boost|p1b: Barbie Girl|def|2\n|\n|-heal|p1b: Barbie Girl|91\/100|[from] item: Leftovers\n|-damage|p2b: Dragonite|58\/100|[from] Salt Cure\n|upkeep\n|turn|12\n|\n|t:|1683760955\n|switch|p2a: Orthworm|Orthworm, L50, M|16\/100\n|move|p1b: Barbie Girl|Protect|p1b: Barbie Girl\n|-singleturn|p1b: Barbie Girl|Protect\n|move|p2b: Dragonite|Earthquake|p1b: Barbie Girl|[spread] \n|-activate|p1b: Barbie Girl|move: Protect\n|-heal|p2a: Orthworm|41\/100|[from] ability: Earth Eater|[of] p2b: Dragonite\n|\n|-heal|p1b: Barbie Girl|97\/100|[from] item: Leftovers\n|-damage|p2b: Dragonite|46\/100|[from] Salt Cure\n|upkeep\n|turn|13\n|inactive|RonJohn has 30 seconds left.\n|inactive|RonJohn has 20 seconds left.\n|\n|t:|1683760990\n|move|p2b: Dragonite|Earthquake|p1b: Barbie Girl|[spread] p1b\n|-heal|p2a: Orthworm|66\/100|[from] ability: Earth Eater|[of] p2b: Dragonite\n|-damage|p1b: Barbie Girl|88\/100\n|move|p2a: Orthworm|Heavy Slam|p1b: Barbie Girl\n|-damage|p1b: Barbie Girl|84\/100\n|move|p1b: Barbie Girl|Salt Cure|p2a: Orthworm\n|-resisted|p2a: Orthworm\n|-damage|p2a: Orthworm|64\/100\n|-start|p2a: Orthworm|Salt Cure\n|\n|-heal|p1b: Barbie Girl|90\/100|[from] item: Leftovers\n|-damage|p2b: Dragonite|34\/100|[from] Salt Cure\n|-damage|p2a: Orthworm|39\/100|[from] Salt Cure\n|upkeep\n|turn|14\n|inactive|RonJohn has 30 seconds left.\n|\n|t:|1683761016\n|move|p2b: Dragonite|Earthquake|p1b: Barbie Girl|[spread] p1b\n|-heal|p2a: Orthworm|64\/100|[from] ability: Earth Eater|[of] p2b: Dragonite\n|-damage|p1b: Barbie Girl|80\/100\n|move|p2a: Orthworm|Shed Tail|p2a: Orthworm\n|-start|p2a: Orthworm|Substitute|[from] move: Shed Tail\n|-damage|p2a: Orthworm|14\/100\n|inactive|RonJohn has 25 seconds left this turn.\n|inactive|RonJohn has 20 seconds left.\n|inactive|RonJohn has 15 seconds left.\n|\n|t:|1683761029\n|switch|p2a: Gyarados|Gyarados, L50, F|30\/100|[from] Shed Tail\n|-ability|p2a: Gyarados|Intimidate|boost\n|-unboost|p1b: Barbie Girl|atk|1\n|move|p1b: Barbie Girl|Iron Defense|p1b: Barbie Girl\n|-boost|p1b: Barbie Girl|def|2\n|\n|-heal|p1b: Barbie Girl|87\/100|[from] item: Leftovers\n|-damage|p2b: Dragonite|22\/100|[from] Salt Cure\n|upkeep\n|turn|15\n|inactive|RonJohn has 15 seconds left this turn.\n|inactive|RonJohn has 10 seconds left.\n|inactive|RonJohn has 5 seconds left.\n|-message|RonJohn lost due to inactivity.\n|\n|win|NickoVGC\n|raw|NickoVGC's rating: 1178 → 1207<\/strong> (+29 for winning)\n|raw|RonJohn's rating: 1231 → 1202<\/strong> (-29 for losing)\n|l|\u2606NickoVGC\n","uploadtime":1683761066,"views":8,"p1id":"nickovgc","p2id":"ronjohn","formatid":"gen9vgc2023regulationc","rating":1202,"private":0,"password":""}