{"id":"gen9vgc2023regulationc-1845587384","p1":"fo50","p2":"NK2294","format":"[Gen 9] VGC 2023 Regulation C","log":"|j|\u2606fo50\n|j|\u2606NK2294\n|t:|1681747335\n|gametype|doubles\n|player|p1|fo50|169|1064\n|player|p2|NK2294|reporter|1000\n|teamsize|p1|6\n|teamsize|p2|6\n|gen|9\n|tier|[Gen 9] VGC 2023 Regulation C\n|rated|\n|rule|Species Clause: Limit one of each Pok\u00e9mon\n|rule|Item Clause: Limit one of each item\n|clearpoke\n|poke|p1|Scovillain, L50, F|\n|poke|p1|Dragonite, L50, F|\n|poke|p1|Tinkaton, L50, F|\n|poke|p1|Amoonguss, L50, F|\n|poke|p1|Torkoal, L50, F|\n|poke|p1|Scizor, L50, M|\n|poke|p2|Dugtrio, L50, F|\n|poke|p2|Bombirdier, L50, M|\n|poke|p2|Skuntank, L50, F|\n|poke|p2|Sandaconda, L50, M|\n|poke|p2|Bronzong, L50|\n|poke|p2|Tyranitar, L50, F|\n|teampreview|4\n|\n|t:|1681747374\n|start\n|switch|p1a: Scizor|Scizor, L50, M|100\/100\n|switch|p1b: Tinkaton|Tinkaton, L50, F|100\/100\n|switch|p2a: Bronzong|Bronzong, L50|100\/100\n|switch|p2b: Skuntank|Skuntank, L50, F|100\/100\n|turn|1\n|\n|t:|1681747399\n|move|p2b: Skuntank|Protect|p2b: Skuntank\n|-singleturn|p2b: Skuntank|Protect\n|move|p1b: Tinkaton|Fake Out|p2a: Bronzong\n|-resisted|p2a: Bronzong\n|-damage|p2a: Bronzong|96\/100\n|move|p1a: Scizor|Swords Dance|p1a: Scizor\n|-boost|p1a: Scizor|atk|2\n|cant|p2a: Bronzong|flinch\n|\n|upkeep\n|turn|2\n|\n|t:|1681747427\n|move|p2b: Skuntank|Sucker Punch|p1a: Scizor\n|-damage|p1a: Scizor|68\/100\n|move|p1a: Scizor|Bullet Punch|p2b: Skuntank\n|-damage|p2b: Skuntank|17\/100\n|move|p1b: Tinkaton|Knock Off|p2a: Bronzong\n|-supereffective|p2a: Bronzong\n|-damage|p2a: Bronzong|61\/100\n|-enditem|p2a: Bronzong|Choice Scarf|[from] move: Knock Off|[of] p1b: Tinkaton\n|move|p2a: Bronzong|Trick|p1a: Scizor\n|-activate|p2a: Bronzong|move: Trick|[of] p1a: Scizor\n|-enditem|p1a: Scizor|Sitrus Berry|[silent]|[from] move: Trick\n|-item|p2a: Bronzong|Sitrus Berry|[from] move: Trick\n|\n|-heal|p2b: Skuntank|23\/100|[from] item: Leftovers\n|upkeep\n|turn|3\n|\n|t:|1681747453\n|move|p2b: Skuntank|Protect|p2b: Skuntank\n|-singleturn|p2b: Skuntank|Protect\n|move|p1b: Tinkaton|Knock Off|p2b: Skuntank\n|-activate|p2b: Skuntank|move: Protect\n|move|p1a: Scizor|Pounce|p2a: Bronzong\n|-damage|p2a: Bronzong|0 fnt\n|faint|p2a: Bronzong\n|\n|-heal|p2b: Skuntank|30\/100|[from] item: Leftovers\n|upkeep\n|\n|t:|1681747461\n|switch|p2a: Tyranitar|Tyranitar, L50, F|100\/100\n|-weather|Sandstorm|[from] ability: Sand Stream|[of] p2a: Tyranitar\n|turn|4\n|\n|t:|1681747485\n|move|p2a: Tyranitar|Protect|p2a: Tyranitar\n|-singleturn|p2a: Tyranitar|Protect\n|move|p2b: Skuntank|Sucker Punch|p1a: Scizor\n|-damage|p1a: Scizor|37\/100\n|move|p1a: Scizor|Bullet Punch|p2b: Skuntank\n|-damage|p2b: Skuntank|0 fnt\n|faint|p2b: Skuntank\n|move|p1b: Tinkaton|Gigaton Hammer|p2a: Tyranitar\n|-activate|p2a: Tyranitar|move: Protect\n|\n|-weather|Sandstorm|[upkeep]\n|upkeep\n|\n|t:|1681747492\n|switch|p2b: Sandaconda|Sandaconda, L50, M|100\/100\n|turn|5\n|\n|t:|1681747518\n|move|p1a: Scizor|Bullet Punch|p2a: Tyranitar\n|-supereffective|p2a: Tyranitar\n|-damage|p2a: Tyranitar|0 fnt\n|faint|p2a: Tyranitar\n|move|p1b: Tinkaton|Knock Off|p2b: Sandaconda\n|-damage|p2b: Sandaconda|83\/100\n|-damage|p1b: Tinkaton|84\/100|[from] item: Rocky Helmet|[of] p2b: Sandaconda\n|-enditem|p2b: Sandaconda|Rocky Helmet|[from] move: Knock Off|[of] p1b: Tinkaton\n|move|p2b: Sandaconda|Body Press|p1a: Scizor\n|-damage|p1a: Scizor|9\/100\n|\n|-weather|Sandstorm|[upkeep]\n|-heal|p1b: Tinkaton|91\/100|[from] item: Leftovers\n|upkeep\n|turn|6\n|\n|t:|1681747539\n|move|p1b: Tinkaton|Gigaton Hammer|p2b: Sandaconda\n|-crit|p2b: Sandaconda\n|-damage|p2b: Sandaconda|26\/100\n|move|p1a: Scizor|Pounce|p2b: Sandaconda\n|-damage|p2b: Sandaconda|0 fnt\n|faint|p2b: Sandaconda\n|\n|win|fo50\n|raw|fo50's rating: 1064 → 1089<\/strong> (+25 for winning)\n|raw|NK2294's rating: 1000 → 1000<\/strong> (+0 for losing)\n","uploadtime":1681747608,"views":14,"p1id":"fo50","p2id":"nk2294","formatid":"gen9vgc2023regulationc","rating":1000,"private":0,"password":""}