{"id":"gen9vgc2023regulationc-1851784545","p1":"Vikx_VGC","p2":"rsggr","format":"[Gen 9] VGC 2023 Regulation C","log":"|j|\u2606Vikx_VGC\n|j|\u2606rsggr\n|t:|1682483170\n|gametype|doubles\n|player|p1|Vikx_VGC|n|1106\n|player|p2|rsggr|bellelba|1048\n|teamsize|p1|6\n|teamsize|p2|6\n|gen|9\n|tier|[Gen 9] VGC 2023 Regulation C\n|rated|\n|rule|Species Clause: Limit one of each Pok\u00e9mon\n|rule|Item Clause: Limit one of each item\n|clearpoke\n|poke|p1|Gyarados, L50, F|\n|poke|p1|Amoonguss, L50, F|\n|poke|p1|Iron Hands, L50|\n|poke|p1|Mimikyu, L50, M|\n|poke|p1|Flutter Mane, L50|\n|poke|p1|Murkrow, L50, F|\n|poke|p2|Ting-Lu, L50|\n|poke|p2|Arcanine, L50, M|\n|poke|p2|Annihilape, L50, F|\n|poke|p2|Garganacl, L50, M|\n|poke|p2|Amoonguss, L50, M|\n|poke|p2|Gyarados, L50, F|\n|teampreview|4\n|inactive|Battle timer is ON: inactive players will automatically lose when time's up. (requested by rsggr)\n|inactive|Vikx_VGC also wants the timer to be on.\n|inactive|Vikx_VGC has 60 seconds left.\n|inactive|rsggr has 60 seconds left.\n|\n|t:|1682483216\n|start\n|switch|p1a: Baek James|Murkrow, L50, F, shiny|100\/100\n|switch|p1b: Zheng Cybertron|Iron Hands, L50, shiny|100\/100\n|switch|p2a: Ting-Lu|Ting-Lu, L50|100\/100\n|switch|p2b: Arcanine|Arcanine, L50, M|100\/100\n|-ability|p2b: Arcanine|Intimidate|boost\n|-unboost|p1a: Baek James|atk|1\n|-unboost|p1b: Zheng Cybertron|atk|1\n|-ability|p2a: Ting-Lu|Vessel of Ruin\n|turn|1\n|inactive|rsggr has 30 seconds left.\n|inactive|rsggr has 20 seconds left.\n|inactive|Vikx_VGC has 30 seconds left.\n|inactive|rsggr has 15 seconds left.\n|inactive|rsggr has 10 seconds left.\n|\n|t:|1682483265\n|move|p1b: Zheng Cybertron|Fake Out|p2a: Ting-Lu\n|-damage|p2a: Ting-Lu|96\/100\n|move|p1a: Baek James|Tailwind|p1a: Baek James\n|-sidestart|p1: Vikx_VGC|move: Tailwind\n|move|p2b: Arcanine|Will-O-Wisp|p1b: Zheng Cybertron\n|-status|p1b: Zheng Cybertron|brn\n|cant|p2a: Ting-Lu|flinch\n|\n|-damage|p1b: Zheng Cybertron|94\/100 brn|[from] brn\n|upkeep\n|turn|2\n|\n|t:|1682483287\n|move|p1a: Baek James|Taunt|p2b: Arcanine\n|-start|p2b: Arcanine|move: Taunt\n|move|p1b: Zheng Cybertron|Drain Punch|p2a: Ting-Lu\n|-supereffective|p2a: Ting-Lu\n|-damage|p2a: Ting-Lu|85\/100\n|-heal|p1b: Zheng Cybertron|99\/100 brn|[from] drain|[of] p2a: Ting-Lu\n|move|p2b: Arcanine|Flare Blitz|p1a: Baek James\n|-damage|p1a: Baek James|27\/100\n|-damage|p2b: Arcanine|80\/100|[from] Recoil\n|move|p2a: Ting-Lu|Stomping Tantrum|p1b: Zheng Cybertron\n|-supereffective|p1b: Zheng Cybertron\n|-damage|p1b: Zheng Cybertron|24\/100 brn\n|\n|-damage|p1b: Zheng Cybertron|18\/100 brn|[from] brn\n|upkeep\n|turn|3\n|inactive|Vikx_VGC has 30 seconds left.\n|\n|t:|1682483319\n|switch|p1a: Kylon|Gyarados, L50, F, shiny|100\/100\n|-ability|p1a: Kylon|Intimidate|boost\n|-unboost|p2a: Ting-Lu|atk|1\n|-unboost|p2b: Arcanine|atk|1\n|move|p1b: Zheng Cybertron|Volt Switch|p2b: Arcanine\n|-damage|p2b: Arcanine|71\/100\n|\n|t:|1682483328\n|-end|p1b: Zheng Cybertron|Quark Drive|[silent]\n|switch|p1b: Baek James|Murkrow, L50, F, shiny|27\/100|[from] Volt Switch\n|move|p2b: Arcanine|Flare Blitz|p1a: Kylon\n|-resisted|p1a: Kylon\n|-damage|p1a: Kylon|82\/100\n|-damage|p2b: Arcanine|64\/100|[from] Recoil\n|move|p2a: Ting-Lu|Stomping Tantrum|p1b: Baek James\n|-immune|p1b: Baek James\n|\n|upkeep\n|turn|4\n|inactive|Vikx_VGC has 30 seconds left.\n|\n|t:|1682483353\n|switch|p1b: Zheng Cybertron|Iron Hands, L50, shiny|18\/100 brn\n|switch|p2a: Gyarados|Gyarados, L50, F|100\/100\n|-ability|p2a: Gyarados|Intimidate|boost\n|-fail|p1a: Kylon|unboost|[from] item: Clear Amulet|[of] p1a: Kylon\n|-unboost|p1b: Zheng Cybertron|atk|1\n|-terastallize|p2b: Arcanine|Water\n|move|p1a: Kylon|Waterfall|p2b: Arcanine\n|-resisted|p2b: Arcanine\n|-damage|p2b: Arcanine|48\/100\n|move|p2b: Arcanine|Flare Blitz|p1b: Zheng Cybertron\n|-damage|p1b: Zheng Cybertron|0 fnt\n|faint|p1b: Zheng Cybertron\n|-end|p1b: Zheng Cybertron|Quark Drive|[silent]\n|-damage|p2b: Arcanine|40\/100|[from] Recoil\n|\n|-end|p2b: Arcanine|move: Taunt\n|-sideend|p1: Vikx_VGC|move: Tailwind\n|upkeep\n|\n|t:|1682483368\n|switch|p1b: Tang Justin|Flutter Mane, L50, shiny|100\/100\n|turn|5\n|\n|t:|1682483383\n|-terastallize|p1b: Tang Justin|Steel\n|move|p2a: Gyarados|Protect|p2a: Gyarados\n|-singleturn|p2a: Gyarados|Protect\n|move|p1b: Tang Justin|Dazzling Gleam|p2b: Arcanine|[spread] p2b\n|-activate|p2a: Gyarados|move: Protect\n|-damage|p2b: Arcanine|2\/100\n|move|p2b: Arcanine|Snarl|p1a: Kylon|[spread] p1a,p1b\n|-damage|p1a: Kylon|77\/100\n|-damage|p1b: Tang Justin|92\/100\n|-unboost|p1b: Tang Justin|spa|1\n|move|p1a: Kylon|Taunt|p2a: Gyarados\n|-activate|p2a: Gyarados|move: Protect\n|\n|upkeep\n|turn|6\n|\n|t:|1682483397\n|-end|p1b: Tang Justin|Protosynthesis|[silent]\n|switch|p1b: Baek James|Murkrow, L50, F, shiny|27\/100\n|switch|p2a: Ting-Lu|Ting-Lu, L50|85\/100\n|-ability|p2a: Ting-Lu|Vessel of Ruin\n|move|p2b: Arcanine|Protect|p2b: Arcanine\n|-singleturn|p2b: Arcanine|Protect\n|move|p1a: Kylon|Waterfall|p2b: Arcanine\n|-activate|p2b: Arcanine|move: Protect\n|\n|upkeep\n|turn|7\n|\n|t:|1682483409\n|move|p1b: Baek James|Tailwind|p1b: Baek James\n|-sidestart|p1: Vikx_VGC|move: Tailwind\n|move|p1a: Kylon|Waterfall|p2b: Arcanine\n|-resisted|p2b: Arcanine\n|-damage|p2b: Arcanine|0 fnt\n|faint|p2b: Arcanine\n|move|p2a: Ting-Lu|Ruination|p1a: Kylon\n|-damage|p1a: Kylon|39\/100\n|\n|upkeep\n|\n|t:|1682483414\n|switch|p2b: Annihilape|Annihilape, L50, F|100\/100\n|turn|8\n|\n|t:|1682483430\n|move|p1b: Baek James|Taunt|p2b: Annihilape\n|-start|p2b: Annihilape|move: Taunt\n|move|p2b: Annihilape|Drain Punch|p1b: Baek James\n|-damage|p1b: Baek James|0 fnt\n|faint|p1b: Baek James\n|move|p1a: Kylon|Waterfall|p2a: Ting-Lu\n|-supereffective|p2a: Ting-Lu\n|-damage|p2a: Ting-Lu|50\/100\n|cant|p2a: Ting-Lu|flinch\n|\n|upkeep\n|\n|t:|1682483440\n|switch|p1b: Tang Justin|Flutter Mane, L50, shiny, tera:Steel|92\/100\n|turn|9\n|inactive|Vikx_VGC has 30 seconds left.\n|inactive|Vikx_VGC has 20 seconds left.\n|inactive|Vikx_VGC has 15 seconds left.\n|inactive|Vikx_VGC has 10 seconds left.\n|inactive|Vikx_VGC has 5 seconds left.\n|\n|t:|1682483493\n|switch|p2a: Gyarados|Gyarados, L50, F|100\/100\n|-ability|p2a: Gyarados|Intimidate|boost\n|-fail|p1a: Kylon|unboost|[from] item: Clear Amulet|[of] p1a: Kylon\n|-unboost|p1b: Tang Justin|atk|1\n|move|p1b: Tang Justin|Shadow Ball|p2b: Annihilape\n|-supereffective|p2b: Annihilape\n|-damage|p2b: Annihilape|0 fnt\n|faint|p2b: Annihilape\n|move|p1a: Kylon|Thunder Wave|p2a: Gyarados\n|-status|p2a: Gyarados|par\n|\n|upkeep\n|\n|t:|1682483496\n|switch|p2b: Ting-Lu|Ting-Lu, L50|50\/100\n|-ability|p2b: Ting-Lu|Vessel of Ruin\n|turn|10\n|\n|t:|1682483517\n|move|p1b: Tang Justin|Shadow Ball|p2a: Gyarados\n|-crit|p2a: Gyarados\n|-damage|p2a: Gyarados|35\/100 par\n|move|p1a: Kylon|Taunt|p2a: Gyarados\n|-start|p2a: Gyarados|move: Taunt\n|cant|p2a: Gyarados|move: Taunt|Dragon Dance\n|move|p2b: Ting-Lu|Fissure|p1b: Tang Justin\n|-damage|p1b: Tang Justin|0 fnt\n|faint|p1b: Tang Justin\n|-end|p1b: Tang Justin|Protosynthesis|[silent]\n|-ohko\n|\n|-sideend|p1: Vikx_VGC|move: Tailwind\n|upkeep\n|turn|11\n|c|\u2606Vikx_VGC|Lovelu\n|\n|t:|1682483537\n|move|p1a: Kylon|Waterfall|p2b: Ting-Lu\n|-supereffective|p2b: Ting-Lu\n|-damage|p2b: Ting-Lu|10\/100\n|move|p2a: Gyarados|Tera Blast|p1a: Kylon\n|-damage|p1a: Kylon|33\/100\n|move|p2b: Ting-Lu|Heavy Slam|p1a: Kylon\n|-resisted|p1a: Kylon\n|-damage|p1a: Kylon|25\/100\n|\n|upkeep\n|turn|12\n|c|\u2606Vikx_VGC|lovely*\n|\n|t:|1682483547\n|move|p1a: Kylon|Waterfall|p2b: Ting-Lu\n|-supereffective|p2b: Ting-Lu\n|-damage|p2b: Ting-Lu|0 fnt\n|faint|p2b: Ting-Lu\n|move|p2a: Gyarados|Waterfall|p1a: Kylon\n|-resisted|p1a: Kylon\n|-damage|p1a: Kylon|0 fnt\n|faint|p1a: Kylon\n|\n|win|rsggr\n|raw|Vikx_VGC's rating: 1106 → 1077<\/strong> (-29 for losing)\n|raw|rsggr's rating: 1048 → 1086<\/strong> (+38 for winning)\n|c|\u2606Vikx_VGC|Good jon\n|l|\u2606rsggr\n|c|\u2606Vikx_VGC|lost to fissure <3\n","uploadtime":1682483605,"views":14,"p1id":"vikxvgc","p2id":"rsggr","formatid":"gen9vgc2023regulationc","rating":1077,"private":0,"password":""}