{"id":"gen9vgc2023regulationc-1858619476","p1":"Vellas","p2":"dfefg","format":"[Gen 9] VGC 2023 Regulation C","log":"|j|\u2606Vellas\n|j|\u2606dfefg\n|t:|1683333159\n|gametype|doubles\n|player|p1|Vellas|170|1140\n|player|p2|dfefg|265|1074\n|teamsize|p1|6\n|teamsize|p2|6\n|gen|9\n|tier|[Gen 9] VGC 2023 Regulation C\n|rated|\n|rule|Species Clause: Limit one of each Pok\u00e9mon\n|rule|Item Clause: Limit one of each item\n|clearpoke\n|poke|p1|Chi-Yu, L50|\n|poke|p1|Ting-Lu, L50|\n|poke|p1|Iron Bundle, L50|\n|poke|p1|Iron Hands, L50|\n|poke|p1|Revavroom, L50, F|\n|poke|p1|Abomasnow, L50, M|\n|poke|p2|Torkoal, L50, F|\n|poke|p2|Chi-Yu, L50|\n|poke|p2|Bronzong, L50|\n|poke|p2|Gastrodon, L50, M|\n|poke|p2|Grimmsnarl, L50, M|\n|poke|p2|Skeledirge, L50, M|\n|teampreview|4\n|inactive|Battle timer is ON: inactive players will automatically lose when time's up. (requested by dfefg)\n|\n|t:|1683333206\n|start\n|switch|p1a: Pop|Chi-Yu, L50|100\/100\n|switch|p1b: Iron Hands|Iron Hands, L50|100\/100\n|switch|p2a: Torkoal|Torkoal, L50, F|100\/100\n|switch|p2b: Grimmsnarl|Grimmsnarl, L50, M|100\/100\n|-ability|p1a: Pop|Beads of Ruin\n|-weather|SunnyDay|[from] ability: Drought|[of] p2a: Torkoal\n|turn|1\n|\n|t:|1683333229\n|move|p2b: Grimmsnarl|Fake Out|p1a: Pop\n|-damage|p1a: Pop|78\/100\n|cant|p1a: Pop|flinch\n|move|p1b: Iron Hands|Volt Switch|p2b: Grimmsnarl\n|-damage|p2b: Grimmsnarl|81\/100\n|\n|t:|1683333236\n|-end|p1b: Iron Hands|Quark Drive|[silent]\n|switch|p1b: Abomasnow|Abomasnow, L50, M|100\/100|[from] Volt Switch\n|-weather|Snow|[from] ability: Snow Warning|[of] p1b: Abomasnow\n|move|p2a: Torkoal|Body Press|p1a: Pop\n|-supereffective|p1a: Pop\n|-damage|p1a: Pop|0 fnt\n|faint|p1a: Pop\n|\n|-weather|Snow|[upkeep]\n|upkeep\n|\n|t:|1683333244\n|switch|p1a: Iron Bundle|Iron Bundle, L50|100\/100\n|-enditem|p1a: Iron Bundle|Booster Energy\n|-activate|p1a: Iron Bundle|ability: Quark Drive|[fromitem]\n|-start|p1a: Iron Bundle|quarkdrivespe\n|turn|2\n|\n|t:|1683333263\n|switch|p2a: Bronzong|Bronzong, L50|100\/100\n|move|p2b: Grimmsnarl|Trick|p1b: Abomasnow\n|-activate|p2b: Grimmsnarl|move: Trick|[of] p1b: Abomasnow\n|-item|p1b: Abomasnow|Lagging Tail|[from] move: Trick\n|-item|p2b: Grimmsnarl|Focus Sash|[from] move: Trick\n|move|p1a: Iron Bundle|Hydro Pump|p2a: Bronzong|[miss]\n|-miss|p1a: Iron Bundle|p2a: Bronzong\n|move|p1b: Abomasnow|Blizzard|p2a: Bronzong|[spread] p2a,p2b\n|-resisted|p2a: Bronzong\n|-damage|p2a: Bronzong|86\/100\n|-damage|p2b: Grimmsnarl|46\/100\n|\n|-weather|Snow|[upkeep]\n|upkeep\n|turn|3\n|inactive|Vellas has 30 seconds left.\n|\n|t:|1683333292\n|switch|p1b: Iron Hands|Iron Hands, L50|100\/100\n|move|p1a: Iron Bundle|Hydro Pump|p2b: Grimmsnarl\n|-damage|p2b: Grimmsnarl|0 fnt\n|faint|p2b: Grimmsnarl\n|move|p2a: Bronzong|Trick Room|p2a: Bronzong\n|-fieldstart|move: Trick Room|[of] p2a: Bronzong\n|\n|-weather|Snow|[upkeep]\n|upkeep\n|inactive|dfefg has 30 seconds left.\n|\n|t:|1683333325\n|switch|p2b: Torkoal|Torkoal, L50, F|100\/100\n|-weather|SunnyDay|[from] ability: Drought|[of] p2b: Torkoal\n|turn|4\n|\n|t:|1683333350\n|-terastallize|p1b: Iron Hands|Fairy\n|move|p2b: Torkoal|Protect|p2b: Torkoal\n|-singleturn|p2b: Torkoal|Protect\n|move|p1a: Iron Bundle|Protect|p1a: Iron Bundle\n|-singleturn|p1a: Iron Bundle|Protect\n|move|p2a: Bronzong|Body Press|p1a: Iron Bundle\n|-activate|p1a: Iron Bundle|move: Protect\n|move|p1b: Iron Hands|Drain Punch|p2b: Torkoal\n|-activate|p2b: Torkoal|move: Protect\n|\n|-weather|SunnyDay|[upkeep]\n|upkeep\n|turn|5\n|\n|t:|1683333369\n|move|p2b: Torkoal|Eruption|p1a: Iron Bundle|[spread] p1a,p1b\n|-damage|p1a: Iron Bundle|0 fnt\n|-damage|p1b: Iron Hands|50\/100\n|faint|p1a: Iron Bundle\n|-end|p1a: Iron Bundle|Quark Drive|[silent]\n|move|p2a: Bronzong|Body Press|p1b: Iron Hands\n|-resisted|p1b: Iron Hands\n|-damage|p1b: Iron Hands|41\/100\n|move|p1b: Iron Hands|Wild Charge|p2b: Torkoal\n|-damage|p2b: Torkoal|62\/100\n|-damage|p1b: Iron Hands|35\/100|[from] Recoil\n|\n|-weather|SunnyDay|[upkeep]\n|upkeep\n|\n|t:|1683333381\n|switch|p1a: Abomasnow|Abomasnow, L50, M|100\/100\n|-weather|Snow|[from] ability: Snow Warning|[of] p1a: Abomasnow\n|turn|6\n|\n|t:|1683333395\n|move|p1b: Iron Hands|Detect|p1b: Iron Hands\n|-singleturn|p1b: Iron Hands|Protect\n|move|p2b: Torkoal|Eruption|p1b: Iron Hands|[spread] p1a\n|-activate|p1b: Iron Hands|move: Protect\n|-supereffective|p1a: Abomasnow\n|-crit|p1a: Abomasnow\n|-damage|p1a: Abomasnow|0 fnt\n|faint|p1a: Abomasnow\n|move|p2a: Bronzong|Iron Head|p1b: Iron Hands\n|-activate|p1b: Iron Hands|move: Protect\n|\n|-weather|Snow|[upkeep]\n|upkeep\n|turn|7\n|-message|Vellas forfeited.\n|\n|win|dfefg\n|raw|Vellas's rating: 1140 → 1110<\/strong> (-30 for losing)\n|raw|dfefg's rating: 1074 → 1108<\/strong> (+34 for winning)\n|l|\u2606Vellas\n","uploadtime":1683333412,"views":4,"p1id":"vellas","p2id":"dfefg","formatid":"gen9vgc2023regulationc","rating":1108,"private":0,"password":""}