{"id":"gen9vgc2023regulationc-1863870223","p1":"Hd70","p2":"seismattersCORNER","format":"[Gen 9] VGC 2023 Regulation C","log":"|j|\u2606Hd70\n|j|\u2606seismattersCORNER\n|t:|1684087601\n|gametype|doubles\n|player|p1|Hd70|169|1335\n|player|p2|seismattersCORNER|emmet|1306\n|teamsize|p1|6\n|teamsize|p2|6\n|gen|9\n|tier|[Gen 9] VGC 2023 Regulation C\n|rated|\n|rule|Species Clause: Limit one of each Pok\u00e9mon\n|rule|Item Clause: Limit one of each item\n|clearpoke\n|poke|p1|Espathra, L50, M|\n|poke|p1|Avalugg, L50, M|\n|poke|p1|Kingambit, L50, F|\n|poke|p1|Veluza, L50, M|\n|poke|p1|Gogoat, L50, M|\n|poke|p1|Glimmora, L50, F|\n|poke|p2|Amoonguss, L50, M|\n|poke|p2|Gyarados, L50, M|\n|poke|p2|Murkrow, L50, F|\n|poke|p2|Flutter Mane, L50|\n|poke|p2|Gholdengo, L50|\n|poke|p2|Great Tusk, L50|\n|teampreview|4\nseismattersCORNER has agreed to open team sheets.\n|inactive|Battle timer is ON: inactive players will automatically lose when time's up. (requested by seismattersCORNER)\n|inactive|seismattersCORNER has 60 seconds left.\n|\n|t:|1684087642\n|start\n|switch|p1a: Gogoat|Gogoat, L50, M|100\/100\n|switch|p1b: Veluza|Veluza, L50, M|100\/100\n|switch|p2a: Murkrow|Murkrow, L50, F, shiny|100\/100\n|switch|p2b: Great Tusk|Great Tusk, L50|100\/100\n|turn|1\n|inactive|seismattersCORNER has 30 seconds left.\n|\n|t:|1684087675\n|-terastallize|p2b: Great Tusk|Ground\n|move|p2a: Murkrow|Sunny Day|p2a: Murkrow\n|-weather|SunnyDay\n|-activate|p2b: Great Tusk|ability: Protosynthesis\n|-start|p2b: Great Tusk|protosynthesisatk\n|move|p2b: Great Tusk|Earthquake|p1b: Veluza|[spread] p1a,p1b\n|-immune|p2a: Murkrow\n|-resisted|p1a: Gogoat\n|-damage|p1a: Gogoat|50\/100\n|-damage|p1b: Veluza|13\/100\n|move|p1b: Veluza|Final Gambit|p2b: Great Tusk\n|-damage|p2b: Great Tusk|87\/100\n|faint|p1b: Veluza\n|move|p1a: Gogoat|Horn Leech|p2b: Great Tusk\n|-supereffective|p2b: Great Tusk\n|-damage|p2b: Great Tusk|33\/100\n|-heal|p1a: Gogoat|75\/100|[from] drain|[of] p2b: Great Tusk\n|\n|-weather|SunnyDay|[upkeep]\n|upkeep\n|inactive|Hd70 has 30 seconds left.\n|\n|t:|1684087704\n|switch|p1b: Kingambit|Kingambit, L50, F|100\/100\n|turn|2\n|\n|t:|1684087716\n|-end|p2b: Great Tusk|Protosynthesis|[silent]\n|switch|p2b: Amoonguss|Amoonguss, L50, M|100\/100\n|move|p1b: Kingambit|Protect|p1b: Kingambit\n|-singleturn|p1b: Kingambit|Protect\n|move|p2a: Murkrow|Tailwind|p2a: Murkrow\n|-sidestart|p2: seismattersCORNER|move: Tailwind\n|move|p1a: Gogoat|Horn Leech|p2b: Amoonguss\n|-resisted|p2b: Amoonguss\n|-damage|p2b: Amoonguss|92\/100\n|-heal|p1a: Gogoat|80\/100|[from] drain|[of] p2b: Amoonguss\n|\n|-weather|SunnyDay|[upkeep]\n|upkeep\n|turn|3\n|inactive|Hd70 has 30 seconds left.\n|\n|t:|1684087743\n|move|p2a: Murkrow|Foul Play|p1a: Gogoat\n|-damage|p1a: Gogoat|22\/100\n|move|p2b: Amoonguss|Spore|p1b: Kingambit\n|-status|p1b: Kingambit|slp|[from] move: Spore\n|move|p1a: Gogoat|Double-Edge|p2b: Amoonguss\n|-damage|p2b: Amoonguss|56\/100\n|-damage|p1a: Gogoat|9\/100|[from] Recoil\n|cant|p1b: Kingambit|slp\n|\n|-weather|SunnyDay|[upkeep]\n|upkeep\n|turn|4\n|\n|t:|1684087765\n|switch|p2a: Flutter Mane|Flutter Mane, L50, shiny|100\/100\n|-activate|p2a: Flutter Mane|ability: Protosynthesis\n|-start|p2a: Flutter Mane|protosynthesisspa\n|switch|p1a: Glimmora|Glimmora, L50, F|100\/100\n|move|p2b: Amoonguss|Pollen Puff|p1a: Glimmora\n|-resisted|p1a: Glimmora\n|-damage|p1a: Glimmora|93\/100\n|cant|p1b: Kingambit|slp\n|\n|-weather|SunnyDay|[upkeep]\n|upkeep\n|turn|5\n|\n|t:|1684087786\n|move|p2b: Amoonguss|Rage Powder|p2b: Amoonguss\n|-singleturn|p2b: Amoonguss|move: Rage Powder\n|move|p2a: Flutter Mane|Moonblast|p1b: Kingambit\n|-crit|p1b: Kingambit\n|-damage|p1b: Kingambit|0 fnt\n|faint|p1b: Kingambit\n|move|p1a: Glimmora|Sludge Bomb|p2b: Amoonguss\n|-damage|p2b: Amoonguss|20\/100\n|-enditem|p2b: Amoonguss|Sitrus Berry|[eat]\n|-heal|p2b: Amoonguss|45\/100|[from] item: Sitrus Berry\n|\n|-weather|none\n|-end|p2a: Flutter Mane|Protosynthesis\n|-sideend|p2: seismattersCORNER|move: Tailwind\n|upkeep\n|\n|t:|1684087798\n|switch|p1b: Gogoat|Gogoat, L50, M|9\/100\n|turn|6\n|\n|t:|1684087813\n|-terastallize|p1a: Glimmora|Grass\n|move|p1b: Gogoat|Protect|p1b: Gogoat\n|-singleturn|p1b: Gogoat|Protect\n|move|p2a: Flutter Mane|Moonblast|p1b: Gogoat\n|-activate|p1b: Gogoat|move: Protect\n|move|p1a: Glimmora|Sludge Bomb|p2a: Flutter Mane\n|-damage|p2a: Flutter Mane|53\/100\n|move|p2b: Amoonguss|Spore|p1a: Glimmora\n|-immune|p1a: Glimmora\n|\n|upkeep\n|turn|7\n|inactive|seismattersCORNER has 30 seconds left.\n|\n|t:|1684087839\n|move|p2a: Flutter Mane|Moonblast|p1b: Gogoat\n|-damage|p1b: Gogoat|0 fnt\n|faint|p1b: Gogoat\n|move|p1a: Glimmora|Sludge Bomb|p2a: Flutter Mane\n|-damage|p2a: Flutter Mane|6\/100\n|move|p2b: Amoonguss|Pollen Puff|p2a: Flutter Mane\n|-heal|p2a: Flutter Mane|56\/100\n|\n|upkeep\n|turn|8\n|-message|Hd70 forfeited.\n|\n|win|seismattersCORNER\n|raw|Hd70's rating: 1335 → 1313<\/strong> (-22 for losing)\n|raw|seismattersCORNER's rating: 1306 → 1328<\/strong> (+22 for winning)\n|l|\u2606Hd70\n","uploadtime":1684087853,"views":4,"p1id":"hd70","p2id":"seismatterscorner","formatid":"gen9vgc2023regulationc","rating":1313,"private":0,"password":""}