{"id":"gen9vgc2023regulationc-1854201367","p1":"woopy4life","p2":"413XPlayz","format":"[Gen 9] VGC 2023 Regulation C","log":"|j|\u2606woopy4life\n|j|\u2606413XPlayz\n|t:|1682782970\n|gametype|doubles\n|player|p1|woopy4life|psychic-gen4|\n|player|p2|413XPlayz|psychic|\n|teamsize|p1|6\n|teamsize|p2|6\n|gen|9\n|tier|[Gen 9] VGC 2023 Regulation C\n|rated|Tournament battle\n|rule|Species Clause: Limit one of each Pok\u00e9mon\n|rule|Item Clause: Limit one of each item\n|clearpoke\n|poke|p1|Volcarona, L50, F|\n|poke|p1|Oricorio-Pom-Pom, L50, M|\n|poke|p1|Quaquaval, L50, F|\n|poke|p1|Amoonguss, L50, F|\n|poke|p1|Grimmsnarl, L50, M|\n|poke|p1|Flutter Mane, L50|\n|poke|p2|Flutter Mane, L50|\n|poke|p2|Palafin, L50, F|\n|poke|p2|Baxcalibur, L50, M|\n|poke|p2|Iron Hands, L50|\n|poke|p2|Pelipper, L50, M|\n|poke|p2|Amoonguss, L50, F|\n|teampreview|4\n|raw| Open Team Sheet for woopy4life<\/summary>Volcarona @ Sitrus Berry Ability: Flame Body Level: 50 Tera Type: Grass - Quiver Dance - Fiery Dance - Giga Drain - Protect Oricorio (Oricorio-Pom-Pom) Ability: Dancer Level: 50 Tera Type: Electric - Acrobatics - Revelation Dance - Protect - Substitute Quaquaval @ Safety Goggles Ability: Moxie Level: 50 Tera Type: Fire - Swords Dance - Aqua Step - Close Combat - Protect Amoonguss @ Rocky Helmet Ability: Regenerator Level: 50 Tera Type: Fire - Pollen Puff - Rage Powder - Spore - Protect Grimmsnarl (M) @ Light Clay Ability: Prankster Level: 50 Tera Type: Steel - Light Screen - Reflect - Parting Shot - Spirit Break Flutter Mane @ Choice Specs Ability: Protosynthesis Level: 50 Tera Type: Fairy - Moonblast - Dazzling Gleam - Shadow Ball - Icy Wind <\/details><\/div> Open Team Sheet for 413XPlayz<\/summary>Flutter Mane @ Booster Energy Ability: Protosynthesis Level: 50 Tera Type: Steel - Moonblast - Shadow Ball - Dazzling Gleam - Protect Palafin @ Mystic Water Ability: Zero to Hero Level: 50 Tera Type: Water - Jet Punch - Wave Crash - Substitute - Protect Baxcalibur @ Life Orb Ability: Thermal Exchange Level: 50 Tera Type: Poison - Glaive Rush - Ice Shard - Icicle Crash - Protect Iron Hands @ Assault Vest Ability: Quark Drive Level: 50 Tera Type: Grass - Fake Out - Drain Punch - Wild Charge - Heavy Slam Pelipper @ Focus Sash Ability: Drizzle Level: 50 Tera Type: Flying - Hurricane - Hydro Pump - Tailwind - Protect Amoonguss @ Sitrus Berry Ability: Regenerator Level: 50 Tera Type: Steel - Spore - Rage Powder - Pollen Puff - Clear Smog <\/details><\/div>\n|c|\u2606413XPlayz|glhf\n|c|\u2606woopy4life|u2\n|j| NoraaW\n|\n|t:|1682783035\n|start\n|switch|p1a: Grimmsnarl|Grimmsnarl, L50, M|100\/100\n|switch|p1b: Volcarona|Volcarona, L50, F|100\/100\n|switch|p2a: Pelipper|Pelipper, L50, M|100\/100\n|switch|p2b: Iron Hands|Iron Hands, L50|100\/100\n|-weather|RainDance|[from] ability: Drizzle|[of] p2a: Pelipper\n|turn|1\n|\n|t:|1682783055\n|move|p1b: Volcarona|Protect|p1b: Volcarona\n|-singleturn|p1b: Volcarona|Protect\n|move|p1a: Grimmsnarl|Light Screen|p1a: Grimmsnarl\n|-sidestart|p1: woopy4life|move: Light Screen\n|move|p2a: Pelipper|Tailwind|p2a: Pelipper\n|-sidestart|p2: 413XPlayz|move: Tailwind\n|move|p2b: Iron Hands|Heavy Slam|p1a: Grimmsnarl\n|-supereffective|p1a: Grimmsnarl\n|-damage|p1a: Grimmsnarl|10\/100\n|\n|-weather|RainDance|[upkeep]\n|upkeep\n|turn|2\n|j| The2009Zapdos\n|j| Beyontle\n|\n|t:|1682783075\n|-terastallize|p1b: Volcarona|Grass\n|move|p1a: Grimmsnarl|Parting Shot|p2a: Pelipper\n|-unboost|p2a: Pelipper|atk|1\n|-unboost|p2a: Pelipper|spa|1\n|\n|t:|1682783080\n|switch|p1a: Oricorio|Oricorio-Pom-Pom, L50, M|100\/100|[from] Parting Shot\n|move|p2a: Pelipper|Hydro Pump|p1b: Volcarona\n|-resisted|p1b: Volcarona\n|-damage|p1b: Volcarona|85\/100\n|move|p1b: Volcarona|Quiver Dance|p1b: Volcarona\n|-boost|p1b: Volcarona|spa|1\n|-boost|p1b: Volcarona|spd|1\n|-boost|p1b: Volcarona|spe|1\n|-activate|p1a: Oricorio|ability: Dancer\n|move|p1a: Oricorio|Quiver Dance|p1a: Oricorio|[from]ability: Dancer\n|-boost|p1a: Oricorio|spa|1\n|-boost|p1a: Oricorio|spd|1\n|-boost|p1a: Oricorio|spe|1\n|move|p2b: Iron Hands|Heavy Slam|p1a: Oricorio\n|-resisted|p1a: Oricorio\n|-crit|p1a: Oricorio\n|-damage|p1a: Oricorio|45\/100\n|\n|-weather|RainDance|[upkeep]\n|upkeep\n|turn|3\n|j| AtomX7VGC\n|\n|t:|1682783123\n|-terastallize|p2a: Pelipper|Flying\n|move|p1a: Oricorio|Protect|p1a: Oricorio\n|-singleturn|p1a: Oricorio|Protect\n|move|p1b: Volcarona|Quiver Dance|p1b: Volcarona\n|-boost|p1b: Volcarona|spa|1\n|-boost|p1b: Volcarona|spd|1\n|-boost|p1b: Volcarona|spe|1\n|-activate|p1a: Oricorio|ability: Dancer\n|move|p1a: Oricorio|Quiver Dance|p1a: Oricorio|[from]ability: Dancer\n|-boost|p1a: Oricorio|spa|1\n|-boost|p1a: Oricorio|spd|1\n|-boost|p1a: Oricorio|spe|1\n|move|p2a: Pelipper|Hurricane|p1b: Volcarona\n|-supereffective|p1b: Volcarona\n|-damage|p1b: Volcarona|55\/100\n|move|p2b: Iron Hands|Wild Charge|p1a: Oricorio\n|-activate|p1a: Oricorio|move: Protect\n|\n|-weather|RainDance|[upkeep]\n|upkeep\n|turn|4\n|\n|t:|1682783146\n|move|p1b: Volcarona|Fiery Dance|p2a: Pelipper\n|-damage|p2a: Pelipper|29\/100\n|-activate|p1a: Oricorio|ability: Dancer\n|move|p1a: Oricorio|Fiery Dance|p2a: Pelipper|[from]ability: Dancer\n|-damage|p2a: Pelipper|0 fnt\n|-boost|p1a: Oricorio|spa|1\n|faint|p2a: Pelipper\n|move|p1a: Oricorio|Substitute|p1a: Oricorio\n|-start|p1a: Oricorio|Substitute\n|-damage|p1a: Oricorio|20\/100\n|move|p2b: Iron Hands|Wild Charge|p1a: Oricorio\n|-end|p1a: Oricorio|Substitute\n|-damage|p2b: Iron Hands|97\/100|[from] Recoil|[of] p1a: Oricorio\n|\n|-weather|RainDance|[upkeep]\n|-sideend|p2: 413XPlayz|move: Tailwind\n|upkeep\n|j| Jbenn\n|\n|t:|1682783176\n|switch|p2a: Baxcalibur|Baxcalibur, L50, M|100\/100\n|turn|5\n|\n|t:|1682783193\n|move|p1b: Volcarona|Protect|p1b: Volcarona\n|-singleturn|p1b: Volcarona|Protect\n|move|p1a: Oricorio|Protect|p1a: Oricorio\n|-singleturn|p1a: Oricorio|Protect\n|move|p2a: Baxcalibur|Ice Shard|p1b: Volcarona\n|-activate|p1b: Volcarona|move: Protect\n|move|p2b: Iron Hands|Wild Charge|p1a: Oricorio\n|-activate|p1a: Oricorio|move: Protect\n|\n|-weather|none\n|upkeep\n|turn|6\n|j|+TheEeveeAnimations\n|j| Petropia Hero\n|c|+TheEeveeAnimations|413x gaming\n|\n|t:|1682783222\n|move|p2a: Baxcalibur|Ice Shard|p1b: Volcarona\n|-supereffective|p1b: Volcarona\n|-damage|p1b: Volcarona|0 fnt\n|faint|p1b: Volcarona\n|-damage|p2a: Baxcalibur|91\/100|[from] item: Life Orb\n|move|p1a: Oricorio|Revelation Dance|p2a: Baxcalibur\n|-resisted|p2a: Baxcalibur\n|-damage|p2a: Baxcalibur|48\/100\n|move|p2b: Iron Hands|Wild Charge|p1a: Oricorio\n|-damage|p1a: Oricorio|0 fnt\n|faint|p1a: Oricorio\n|-damage|p2b: Iron Hands|94\/100|[from] Recoil\n|\n|upkeep\n|j| Tempest brute\n|c|\u2606woopy4life|gg\n|c|\u2606413XPlayz|gaminggg\n|\n|t:|1682783236\n|switch|p1b: Amoonguss|Amoonguss, L50, F|100\/100\n|switch|p1a: Grimmsnarl|Grimmsnarl, L50, M|10\/100\n|turn|7\n|\n|t:|1682783246\n|move|p1b: Amoonguss|Rage Powder|p1b: Amoonguss\n|-singleturn|p1b: Amoonguss|move: Rage Powder\n|move|p2a: Baxcalibur|Ice Shard|p1b: Amoonguss\n|-supereffective|p1b: Amoonguss\n|-damage|p1b: Amoonguss|55\/100\n|-damage|p2a: Baxcalibur|38\/100|[from] item: Life Orb\n|move|p1a: Grimmsnarl|Spirit Break|p2a: Baxcalibur\n|-supereffective|p2a: Baxcalibur\n|-damage|p2a: Baxcalibur|0 fnt\n|faint|p2a: Baxcalibur\n|move|p2b: Iron Hands|Heavy Slam|p1b: Amoonguss\n|-damage|p1b: Amoonguss|25\/100\n|-damage|p2b: Iron Hands|77\/100|[from] item: Rocky Helmet|[of] p1b: Amoonguss\n|\n|upkeep\n|\n|t:|1682783248\n|switch|p2a: Amoonguss|Amoonguss, L50, F|100\/100\n|turn|8\n|c|\u2606413XPlayz|gg\n|\n|t:|1682783264\n|move|p2a: Amoonguss|Rage Powder|p2a: Amoonguss\n|-singleturn|p2a: Amoonguss|move: Rage Powder\n|move|p1b: Amoonguss|Rage Powder|p1b: Amoonguss\n|-singleturn|p1b: Amoonguss|move: Rage Powder\n|move|p1a: Grimmsnarl|Spirit Break|p2a: Amoonguss\n|-resisted|p2a: Amoonguss\n|-damage|p2a: Amoonguss|85\/100\n|-unboost|p2a: Amoonguss|spa|1\n|move|p2b: Iron Hands|Heavy Slam|p1b: Amoonguss\n|-damage|p1b: Amoonguss|0 fnt\n|-damage|p2b: Iron Hands|61\/100|[from] item: Rocky Helmet|[of] p1b: Amoonguss\n|faint|p1b: Amoonguss\n|\n|-sideend|p1: woopy4life|move: Light Screen\n|upkeep\n|turn|9\n|l| Petropia Hero\n|c|\u2606woopy4life|wp\n|l| Tempest brute\n|c|\u2606413XPlayz|TheEeveeAnimations\n|c|+TheEeveeAnimations|yep\n|c|\u2606413XPlayz|is it bm to ping managers in vgc chat when i win this roomtour\n|c|\u2606413XPlayz|like\n|c|+TheEeveeAnimations|LMFAOOOOO\n|c|+TheEeveeAnimations|do it\n|c|\u2606413XPlayz|putting my results and saying give me a chancfe as 3k\n|c|\u2606woopy4life|end my miserable existence i beg\n|c|+TheEeveeAnimations|no\n|c|\u2606413XPlayz|gimme a sec to type out my message pls dont ff\n|c|\u2606woopy4life|my soul is but a thread\n|\n|t:|1682783368\n|move|p1a: Grimmsnarl|Spirit Break|p2b: Iron Hands\n|-supereffective|p2b: Iron Hands\n|-crit|p2b: Iron Hands\n|-damage|p2b: Iron Hands|0 fnt\n|faint|p2b: Iron Hands\n|-end|p2b: Iron Hands|Quark Drive|[silent]\n|move|p2a: Amoonguss|Clear Smog|p1a: Grimmsnarl\n|-supereffective|p1a: Grimmsnarl\n|-damage|p1a: Grimmsnarl|0 fnt\n|-clearboost|p1a: Grimmsnarl\n|faint|p1a: Grimmsnarl\n|\n|win|413XPlayz\n|n|\u2606woopy4life|woopy4life\n|n|\u2606413XPlayz|413xplayz\n|n| NoraaW|noraaw\n|n| The2009Zapdos|the2009zapdos\n|n| Beyontle|beyontle\n|n| AtomX7VGC|atomx7vgc\n|n| Jbenn|jbenn\n|n| TheEeveeAnimations|theeeveeanimations\n","uploadtime":1682783369,"views":20,"p1id":"woopy4life","p2id":"413xplayz","formatid":"gen9vgc2023regulationc","rating":0,"private":0,"password":""}