{"id":"gen9vgc2023regulationc-1863752517","p1":"dariusmags125","p2":"StridenVGC","format":"[Gen 9] VGC 2023 Regulation C","log":"|j|\u2606dariusmags125\n|j|\u2606StridenVGC\n|t:|1684072079\n|gametype|doubles\n|player|p1|dariusmags125|pokekid|1079\n|player|p2|StridenVGC|265|1044\n|teamsize|p1|6\n|teamsize|p2|6\n|gen|9\n|tier|[Gen 9] VGC 2023 Regulation C\n|rated|\n|rule|Species Clause: Limit one of each Pok\u00e9mon\n|rule|Item Clause: Limit one of each item\n|clearpoke\n|poke|p1|Armarouge, L50, M|\n|poke|p1|Indeedee-F, L50, F|\n|poke|p1|Annihilape, L50, F|\n|poke|p1|Palafin, L50, F|\n|poke|p1|Altaria, L50, F|\n|poke|p1|Abomasnow, L50, F|\n|poke|p2|Altaria, L50, M|\n|poke|p2|Lucario, L50, F|\n|poke|p2|Azumarill, L50, M|\n|poke|p2|Iron Hands, L50|\n|poke|p2|Arcanine, L50, M|\n|poke|p2|Flutter Mane, L50|\n|teampreview|4\n|\n|t:|1684072097\n|start\n|switch|p1a: Palafin|Palafin, L50, F|100\/100\n|switch|p1b: Annihilape|Annihilape, L50, F|100\/100\n|switch|p2a: CBINB|Azumarill, L50, M, shiny|100\/100\n|switch|p2b: Monticea|Altaria, L50, M, shiny|100\/100\n|-ability|p2b: Monticea|Cloud Nine\n|turn|1\n|\n|t:|1684072138\n|-terastallize|p2a: CBINB|Electric\n|move|p1a: Palafin|Flip Turn|p2b: Monticea\n|-resisted|p2b: Monticea\n|-damage|p2b: Monticea|89\/100\n|\n|t:|1684072144\n|detailschange|p1a: Palafin|Palafin-Hero, L50, F\n|switch|p1a: Armarouge|Armarouge, L50, M|100\/100|[from] Flip Turn\n|move|p1b: Annihilape|Rage Fist|p2a: CBINB\n|-damage|p2a: CBINB|75\/100\n|move|p2b: Monticea|Tailwind|p2b: Monticea\n|-sidestart|p2: StridenVGC|move: Tailwind\n|move|p2a: CBINB|Tera Blast|p1a: Armarouge\n|-damage|p1a: Armarouge|31\/100\n|\n|-heal|p1a: Armarouge|37\/100|[from] item: Leftovers\n|upkeep\n|turn|2\n|\n|t:|1684072168\n|switch|p1a: Palafin|Palafin-Hero, L50, F|100\/100\n|-activate|p1a: Palafin|ability: Zero to Hero\n|move|p2b: Monticea|Protect|p2b: Monticea\n|-singleturn|p2b: Monticea|Protect\n|move|p2a: CBINB|Tera Blast|p1a: Palafin\n|-supereffective|p1a: Palafin\n|-damage|p1a: Palafin|0 fnt\n|faint|p1a: Palafin\n|move|p1b: Annihilape|Rage Fist|p2a: CBINB\n|-damage|p2a: CBINB|49\/100\n|\n|upkeep\n|\n|t:|1684072182\n|switch|p1a: Indeedee|Indeedee-F, L50, F|100\/100\n|-fieldstart|move: Psychic Terrain|[from] ability: Psychic Surge|[of] p1a: Indeedee\n|turn|3\n|\n|t:|1684072210\n|switch|p1b: Armarouge|Armarouge, L50, M|37\/100\n|move|p2b: Monticea|Draco Meteor|p1a: Indeedee\n|-damage|p1a: Indeedee|70\/100\n|-unboost|p2b: Monticea|spa|2\n|move|p2a: CBINB|Tera Blast|p1a: Indeedee\n|-damage|p1a: Indeedee|0 fnt\n|faint|p1a: Indeedee\n|\n|-heal|p1b: Armarouge|44\/100|[from] item: Leftovers\n|upkeep\n|\n|t:|1684072225\n|switch|p1a: Annihilape|Annihilape, L50, F|100\/100\n|turn|4\n|\n|t:|1684072247\n|-terastallize|p1b: Armarouge|Psychic\n|move|p2b: Monticea|Haze|p2b: Monticea\n|-clearallboost\n|move|p2a: CBINB|Tera Blast|p1b: Armarouge\n|-crit|p1b: Armarouge\n|-damage|p1b: Armarouge|0 fnt\n|faint|p1b: Armarouge\n|move|p1a: Annihilape|Phantom Force||[still]\n|-prepare|p1a: Annihilape|Phantom Force\n|\n|-sideend|p2: StridenVGC|move: Tailwind\n|upkeep\n|turn|5\n|\n|t:|1684072265\n|switch|p2a: Butters|Lucario, L50, F, shiny|100\/100\n|move|p1a: Annihilape|Phantom Force|p2a: Butters|[from]lockedmove\n|-damage|p2a: Butters|29\/100\n|move|p2b: Monticea|Tailwind|p2b: Monticea\n|-sidestart|p2: StridenVGC|move: Tailwind\n|\n|upkeep\n|turn|6\n|\n|t:|1684072288\n|move|p2a: Butters|Protect|p2a: Butters\n|-singleturn|p2a: Butters|Protect\n|move|p2b: Monticea|Draco Meteor|p1a: Annihilape\n|-damage|p1a: Annihilape|71\/100\n|-unboost|p2b: Monticea|spa|2\n|move|p1a: Annihilape|Rage Fist|p2a: Butters\n|-activate|p2a: Butters|move: Protect\n|\n|upkeep\n|turn|7\n|\n|t:|1684072304\n|move|p2a: Butters|Flash Cannon|p1a: Annihilape\n|-damage|p1a: Annihilape|24\/100\n|-damage|p2a: Butters|20\/100|[from] item: Life Orb\n|move|p2b: Monticea|Haze|p2b: Monticea\n|-clearallboost\n|move|p1a: Annihilape|Rage Fist|p2b: Monticea\n|-damage|p2b: Monticea|16\/100\n|\n|upkeep\n|turn|8\n|\n|t:|1684072334\n|move|p2a: Butters|Flash Cannon|p1a: Annihilape\n|-damage|p1a: Annihilape|0 fnt\n|faint|p1a: Annihilape\n|-damage|p2a: Butters|10\/100|[from] item: Life Orb\n|\n|win|StridenVGC\n|raw|dariusmags125's rating: 1079 → 1055<\/strong> (-24 for losing)\n|raw|StridenVGC's rating: 1044 → 1081<\/strong> (+37 for winning)\n","uploadtime":1684072342,"views":15,"p1id":"dariusmags125","p2id":"stridenvgc","formatid":"gen9vgc2023regulationc","rating":1055,"private":0,"password":""}