{"id":"gen9vgc2023regulationc-1854418625","p1":"NicoHaxVGC","p2":"Artemis Eclipse","format":"[Gen 9] VGC 2023 Regulation C","log":"|j|\u2606NicoHaxVGC\n|j|\u2606Artemis Eclipse\n|t:|1682808434\n|gametype|doubles\n|player|p1|NicoHaxVGC|red|1296\n|player|p2|Artemis Eclipse|acetrainerf|1397\n|teamsize|p1|6\n|teamsize|p2|6\n|gen|9\n|tier|[Gen 9] VGC 2023 Regulation C\n|rated|\n|rule|Species Clause: Limit one of each Pok\u00e9mon\n|rule|Item Clause: Limit one of each item\n|clearpoke\n|poke|p1|Corviknight, L50, F|\n|poke|p1|Ting-Lu, L50|\n|poke|p1|Annihilape, L50, M|\n|poke|p1|Amoonguss, L50, F|\n|poke|p1|Iron Bundle, L50|\n|poke|p1|Flutter Mane, L50|\n|poke|p2|Corviknight, L50, M|\n|poke|p2|Garchomp, L50, M|\n|poke|p2|Iron Bundle, L50|\n|poke|p2|Amoonguss, L50, F|\n|poke|p2|Arcanine, L50, F|\n|poke|p2|Flutter Mane, L50|\n|teampreview|4\n|inactive|Battle timer is ON: inactive players will automatically lose when time's up. (requested by NicoHaxVGC)\n|\n|t:|1682808465\n|start\n|switch|p1a: Raven|Corviknight, L50, F|100\/100\n|switch|p1b: Beast boy|Ting-Lu, L50|100\/100\n|switch|p2a: Corviknight|Corviknight, L50, M|100\/100\n|switch|p2b: Garchomp|Garchomp, L50, M|100\/100\n|-ability|p1b: Beast boy|Vessel of Ruin\n|turn|1\n|inactive|NicoHaxVGC has 30 seconds left.\n|\n|t:|1682808499\n|move|p2b: Garchomp|Dragon Claw|p1b: Beast boy\n|-damage|p1b: Beast boy|71\/100\n|-damage|p2b: Garchomp|91\/100|[from] item: Life Orb\n|move|p1a: Raven|Tailwind|p1a: Raven\n|-sidestart|p1: NicoHaxVGC|move: Tailwind\n|move|p1b: Beast boy|Ruination|p2b: Garchomp\n|-damage|p2b: Garchomp|46\/100\n|move|p2a: Corviknight|Iron Head|p1b: Beast boy\n|-damage|p1b: Beast boy|57\/100\n|\n|upkeep\n|turn|2\n|\n|t:|1682808516\n|move|p2b: Garchomp|Protect|p2b: Garchomp\n|-singleturn|p2b: Garchomp|Protect\n|move|p1a: Raven|Iron Head|p2b: Garchomp\n|-activate|p2b: Garchomp|move: Protect\n|move|p1b: Beast boy|Ruination|p2a: Corviknight\n|-damage|p2a: Corviknight|51\/100\n|move|p2a: Corviknight|Tailwind|p2a: Corviknight\n|-sidestart|p2: Artemis Eclipse|move: Tailwind\n|\n|upkeep\n|turn|3\n|\n|t:|1682808537\n|move|p2b: Garchomp|Dragon Claw|p1b: Beast boy\n|-damage|p1b: Beast boy|28\/100\n|-damage|p2b: Garchomp|36\/100|[from] item: Life Orb\n|move|p1a: Raven|Brave Bird|p2b: Garchomp\n|-damage|p2b: Garchomp|0 fnt\n|-damage|p1a: Raven|88\/100|[from] ability: Rough Skin|[of] p2b: Garchomp\n|faint|p2b: Garchomp\n|-damage|p1a: Raven|78\/100|[from] Recoil\n|move|p2a: Corviknight|Iron Head|p1b: Beast boy\n|-damage|p1b: Beast boy|14\/100\n|move|p1b: Beast boy|Ruination|p2a: Corviknight\n|-damage|p2a: Corviknight|26\/100\n|-enditem|p2a: Corviknight|Sitrus Berry|[eat]\n|-heal|p2a: Corviknight|51\/100|[from] item: Sitrus Berry\n|\n|upkeep\n|\n|t:|1682808555\n|switch|p2b: Iron Bundle|Iron Bundle, L50|100\/100\n|-enditem|p2b: Iron Bundle|Booster Energy\n|-activate|p2b: Iron Bundle|ability: Quark Drive|[fromitem]\n|-start|p2b: Iron Bundle|quarkdrivespe\n|turn|4\n|\n|t:|1682808579\n|move|p2b: Iron Bundle|Protect|p2b: Iron Bundle\n|-singleturn|p2b: Iron Bundle|Protect\n|move|p1a: Raven|Brave Bird|p2b: Iron Bundle\n|-activate|p2b: Iron Bundle|move: Protect\n|move|p2a: Corviknight|Iron Head|p1b: Beast boy\n|-damage|p1b: Beast boy|0 fnt\n|faint|p1b: Beast boy\n|\n|-sideend|p1: NicoHaxVGC|move: Tailwind\n|upkeep\n|\n|t:|1682808597\n|switch|p1b: Cyborg|Iron Bundle, L50|100\/100\n|-enditem|p1b: Cyborg|Booster Energy\n|-activate|p1b: Cyborg|ability: Quark Drive|[fromitem]\n|-start|p1b: Cyborg|quarkdrivespe\n|turn|5\n|\n|t:|1682808613\n|move|p1b: Cyborg|Protect|p1b: Cyborg\n|-singleturn|p1b: Cyborg|Protect\n|move|p2b: Iron Bundle|Freeze-Dry|p1b: Cyborg\n|-activate|p1b: Cyborg|move: Protect\n|move|p2a: Corviknight|Roost|p2a: Corviknight\n|-heal|p2a: Corviknight|100\/100\n|-singleturn|p2a: Corviknight|move: Roost\n|move|p1a: Raven|Brave Bird|p2b: Iron Bundle\n|-damage|p2b: Iron Bundle|48\/100\n|-damage|p1a: Raven|66\/100|[from] Recoil\n|\n|-sideend|p2: Artemis Eclipse|move: Tailwind\n|upkeep\n|turn|6\n|inactive|NicoHaxVGC has 30 seconds left.\n|\n|t:|1682808643\n|move|p2b: Iron Bundle|Protect|p2b: Iron Bundle\n|-singleturn|p2b: Iron Bundle|Protect\n|move|p1b: Cyborg|Hydro Pump|p2a: Corviknight\n|-damage|p2a: Corviknight|58\/100\n|move|p1a: Raven|Iron Head|p2a: Corviknight\n|-resisted|p2a: Corviknight\n|-damage|p2a: Corviknight|46\/100\n|cant|p2a: Corviknight|flinch\n|\n|upkeep\n|turn|7\n|\n|t:|1682808663\n|move|p2b: Iron Bundle|Freeze-Dry|p1b: Cyborg\n|-damage|p1b: Cyborg|38\/100\n|move|p1b: Cyborg|Freeze-Dry|p2b: Iron Bundle\n|-damage|p2b: Iron Bundle|0 fnt\n|faint|p2b: Iron Bundle\n|-end|p2b: Iron Bundle|Quark Drive|[silent]\n|move|p1a: Raven|Iron Head|p2a: Corviknight\n|-resisted|p2a: Corviknight\n|-crit|p2a: Corviknight\n|-damage|p2a: Corviknight|31\/100\n|cant|p2a: Corviknight|flinch\n|\n|upkeep\n|\n|t:|1682808676\n|switch|p2b: Flutter Mane|Flutter Mane, L50|100\/100\n|turn|8\n|\n|t:|1682808695\n|move|p1b: Cyborg|Hydro Pump|p2a: Corviknight\n|-damage|p2a: Corviknight|0 fnt\n|faint|p2a: Corviknight\n|move|p2b: Flutter Mane|Thunderbolt|p1a: Raven\n|-supereffective|p1a: Raven\n|-damage|p1a: Raven|0 fnt\n|faint|p1a: Raven\n|\n|upkeep\n|\n|t:|1682808702\n|switch|p1a: Star fire|Flutter Mane, L50|100\/100\n|turn|9\n|\n|t:|1682808712\n|-terastallize|p1a: Star fire|Fairy\n|move|p1b: Cyborg|Icy Wind|p2b: Flutter Mane\n|-damage|p2b: Flutter Mane|78\/100\n|-unboost|p2b: Flutter Mane|spe|1\n|move|p1a: Star fire|Shadow Ball|p2b: Flutter Mane\n|-supereffective|p2b: Flutter Mane\n|-damage|p2b: Flutter Mane|0 fnt\n|faint|p2b: Flutter Mane\n|-end|p2b: Flutter Mane|Protosynthesis|[silent]\n|\n|win|NicoHaxVGC\n|raw|NicoHaxVGC's rating: 1296 → 1328<\/strong> (+32 for winning)\n|raw|Artemis Eclipse's rating: 1397 → 1371<\/strong> (-26 for losing)\n|l|\u2606Artemis Eclipse\n","uploadtime":1682808726,"views":35,"p1id":"nicohaxvgc","p2id":"artemiseclipse","formatid":"gen9vgc2023regulationc","rating":1328,"private":0,"password":""}