{"id":"gen9vgc2023regulationc-1858200069","p1":"Marvottolo","p2":"haha you rage quit","format":"[Gen 9] VGC 2023 Regulation C","log":"|j|\u2606Marvottolo\n|j|\u2606haha you rage quit\n|t:|1683290236\n|gametype|doubles\n|player|p1|Marvottolo|volkner|1183\n|player|p2|haha you rage quit|pokemaniac|1242\n|teamsize|p1|6\n|teamsize|p2|6\n|gen|9\n|tier|[Gen 9] VGC 2023 Regulation C\n|rated|\n|rule|Species Clause: Limit one of each Pok\u00e9mon\n|rule|Item Clause: Limit one of each item\n|clearpoke\n|poke|p1|Amoonguss, L50, F|\n|poke|p1|Palafin, L50, F|\n|poke|p1|Flutter Mane, L50|\n|poke|p1|Arcanine, L50, F|\n|poke|p1|Rotom-Wash, L50|\n|poke|p1|Chi-Yu, L50|\n|poke|p2|Torkoal, L50, M|\n|poke|p2|Indeedee-F, L50, F|\n|poke|p2|Brute Bonnet, L50|\n|poke|p2|Great Tusk, L50|\n|poke|p2|Hatterene, L50, F|\n|poke|p2|Slither Wing, L50|\n|teampreview|4\n|inactive|Battle timer is ON: inactive players will automatically lose when time's up. (requested by Marvottolo)\n|\n|t:|1683290258\n|start\n|switch|p1a: Kvars|Flutter Mane, L50|100\/100\n|switch|p1b: Lino Pescio|Chi-Yu, L50|100\/100\n|switch|p2a: Indeedee|Indeedee-F, L50, F, shiny|100\/100\n|switch|p2b: Hatterene|Hatterene, L50, F|100\/100\n|-ability|p1b: Lino Pescio|Beads of Ruin\n|-fieldstart|move: Psychic Terrain|[from] ability: Psychic Surge|[of] p2a: Indeedee\n|-enditem|p2a: Indeedee|Psychic Seed\n|-boost|p2a: Indeedee|spd|1|[from] item: Psychic Seed\n|turn|1\n|\n|t:|1683290276\n|move|p2b: Hatterene|Protect|p2b: Hatterene\n|-singleturn|p2b: Hatterene|Protect\n|move|p1a: Kvars|Dazzling Gleam|p2b: Hatterene|[spread] p2a\n|-activate|p2b: Hatterene|move: Protect\n|-damage|p2a: Indeedee|63\/100\n|move|p1b: Lino Pescio|Heat Wave|p2b: Hatterene|[spread] p2a\n|-activate|p2b: Hatterene|move: Protect\n|-damage|p2a: Indeedee|36\/100\n|move|p2a: Indeedee|Trick Room|p2a: Indeedee\n|-fieldstart|move: Trick Room|[of] p2a: Indeedee\n|\n|upkeep\n|turn|2\n|\n|t:|1683290290\n|-end|p1a: Kvars|Protosynthesis|[silent]\n|switch|p1a: Fungottolo|Amoonguss, L50, F|100\/100\n|move|p2a: Indeedee|Helping Hand|p2b: Hatterene\n|-singleturn|p2b: Hatterene|Helping Hand|[of] p2a: Indeedee\n|move|p1b: Lino Pescio|Protect|p1b: Lino Pescio\n|-singleturn|p1b: Lino Pescio|Protect\n|move|p2b: Hatterene|Dazzling Gleam|p1b: Lino Pescio|[spread] p1a\n|-activate|p1b: Lino Pescio|move: Protect\n|-resisted|p1a: Fungottolo\n|-damage|p1a: Fungottolo|73\/100\n|\n|upkeep\n|turn|3\n|\n|t:|1683290313\n|switch|p2a: Torkoal|Torkoal, L50, M|100\/100\n|-weather|SunnyDay|[from] ability: Drought|[of] p2a: Torkoal\n|move|p2b: Hatterene|Psychic|p1a: Fungottolo\n|-supereffective|p1a: Fungottolo\n|-damage|p1a: Fungottolo|0 fnt\n|faint|p1a: Fungottolo\n|move|p1b: Lino Pescio|Dark Pulse|p2b: Hatterene\n|-damage|p2b: Hatterene|35\/100\n|\n|-weather|SunnyDay|[upkeep]\n|upkeep\n|\n|t:|1683290323\n|switch|p1a: Donna|Rotom-Wash, L50|100\/100\n|turn|4\n|\n|t:|1683290336\n|move|p1b: Lino Pescio|Protect|p1b: Lino Pescio\n|-singleturn|p1b: Lino Pescio|Protect\n|move|p2a: Torkoal|Solar Beam||[still]\n|-prepare|p2a: Torkoal|Solar Beam\n|-anim|p2a: Torkoal|Solar Beam|p1a: Donna\n|-supereffective|p1a: Donna\n|-damage|p1a: Donna|37\/100\n|move|p2b: Hatterene|Psychic|p1a: Donna\n|-damage|p1a: Donna|0 fnt\n|faint|p1a: Donna\n|\n|-weather|SunnyDay|[upkeep]\n|upkeep\n|\n|t:|1683290354\n|switch|p1a: Kvars|Flutter Mane, L50|100\/100\n|-activate|p1a: Kvars|ability: Protosynthesis\n|-start|p1a: Kvars|protosynthesisspa\n|turn|5\n|\n|t:|1683290369\n|-terastallize|p1b: Lino Pescio|Water\n|move|p2a: Torkoal|Eruption|p1a: Kvars|[spread] p1a,p1b\n|-resisted|p1b: Lino Pescio\n|-damage|p1a: Kvars|0 fnt\n|-damage|p1b: Lino Pescio|52\/100\n|faint|p1a: Kvars\n|-end|p1a: Kvars|Protosynthesis|[silent]\n|move|p2b: Hatterene|Dazzling Gleam|p1b: Lino Pescio\n|-damage|p1b: Lino Pescio|0 fnt\n|faint|p1b: Lino Pescio\n|\n|win|haha you rage quit\n|raw|Marvottolo's rating: 1183 → 1162<\/strong> (-21 for losing)\n|raw|haha you rage quit's rating: 1242 → 1263<\/strong> (+21 for winning)\n|l|\u2606Marvottolo\n","uploadtime":1683290387,"views":12,"p1id":"marvottolo","p2id":"hahayouragequit","formatid":"gen9vgc2023regulationc","rating":1162,"private":0,"password":""}