{"id":"gen9vgc2023regulationc-1852242422","p1":"Creeper9501","p2":"funny401car","format":"[Gen 9] VGC 2023 Regulation C","log":"|j|\u2606Creeper9501\n|j|\u203dfunny401car\n|t:|1682535998\n|gametype|doubles\n|player|p1|Creeper9501|102|1000\n|player|p2|funny401car|102|1087\n|teamsize|p1|6\n|teamsize|p2|6\n|gen|9\n|tier|[Gen 9] VGC 2023 Regulation C\n|rated|\n|rule|Species Clause: Limit one of each Pok\u00e9mon\n|rule|Item Clause: Limit one of each item\n|clearpoke\n|poke|p1|Palafin, L50, F|\n|poke|p1|Pelipper, L50, M|\n|poke|p1|Drednaw, L50, F|\n|poke|p1|Sableye, L50, F|\n|poke|p1|Toxtricity-Low-Key, L50, F|\n|poke|p1|Kingambit, L50, M|\n|poke|p2|Ceruledge, L50, F|\n|poke|p2|Flutter Mane, L50|\n|poke|p2|Espathra, L50, M|\n|poke|p2|Sandy Shocks, L50|\n|poke|p2|Bruxish, L50, F|\n|poke|p2|Flamigo, L50, F|\n|teampreview|4\n|inactive|Battle timer is ON: inactive players will automatically lose when time's up. (requested by funny401car)\nCreeper9501 has agreed to open team sheets.\n|inactive|Creeper9501 has 60 seconds left.\n|inactive|funny401car has 60 seconds left.\n|\n|t:|1682536043\n|start\n|switch|p1a: Palafin|Palafin, L50, F, shiny|100\/100\n|switch|p1b: Pelipper|Pelipper, L50, M|100\/100\n|switch|p2a: Sandy Shocks|Sandy Shocks, L50|100\/100\n|switch|p2b: Espathra|Espathra, L50, M|100\/100\n|-weather|RainDance|[from] ability: Drizzle|[of] p1b: Pelipper\n|-enditem|p2a: Sandy Shocks|Booster Energy\n|-activate|p2a: Sandy Shocks|ability: Protosynthesis|[fromitem]\n|-start|p2a: Sandy Shocks|protosynthesisspe\n|turn|1\n|inactive|funny401car has 30 seconds left.\n|\n|t:|1682536075\n|-terastallize|p2a: Sandy Shocks|Grass\n|move|p2b: Espathra|Protect|p2b: Espathra\n|-singleturn|p2b: Espathra|Protect\n|move|p2a: Sandy Shocks|Thunder|p1b: Pelipper\n|-supereffective|p1b: Pelipper\n|-enditem|p1b: Pelipper|Focus Sash\n|-damage|p1b: Pelipper|1\/100\n|-status|p1b: Pelipper|par\n|move|p1a: Palafin|Flip Turn|p2a: Sandy Shocks\n|-resisted|p2a: Sandy Shocks\n|-damage|p2a: Sandy Shocks|77\/100\n|\n|t:|1682536087\n|detailschange|p1a: Palafin|Palafin-Hero, L50, F, shiny\n|switch|p1a: Drednaw|Drednaw, L50, F|100\/100|[from] Flip Turn\n|move|p1b: Pelipper|Tailwind|p1b: Pelipper\n|-sidestart|p1: Creeper9501|move: Tailwind\n|\n|-weather|RainDance|[upkeep]\n|-ability|p2b: Espathra|Speed Boost|boost\n|-boost|p2b: Espathra|spe|1\n|upkeep\n|turn|2\n|\n|t:|1682536100\n|move|p1b: Pelipper|Protect|p1b: Pelipper\n|-singleturn|p1b: Pelipper|Protect\n|move|p1a: Drednaw|Earthquake|p2b: Espathra|[spread] p2a,p2b\n|-activate|p1b: Pelipper|move: Protect\n|-resisted|p2a: Sandy Shocks\n|-damage|p2a: Sandy Shocks|64\/100\n|-damage|p2b: Espathra|60\/100\n|move|p2a: Sandy Shocks|Gravity|p2a: Sandy Shocks\n|-fieldstart|move: Gravity\n|move|p2b: Espathra|Hypnosis|p1a: Drednaw\n|-status|p1a: Drednaw|slp|[from] move: Hypnosis\n|\n|-weather|RainDance|[upkeep]\n|-ability|p2b: Espathra|Speed Boost|boost\n|-boost|p2b: Espathra|spe|1\n|upkeep\n|turn|3\n|inactive|Creeper9501 has 30 seconds left.\n|\n|t:|1682536128\n|cant|p1a: Drednaw|slp\n|move|p2b: Espathra|Lumina Crash|p1b: Pelipper\n|-damage|p1b: Pelipper|0 fnt\n|faint|p1b: Pelipper\n|move|p2a: Sandy Shocks|Thunder|p1a: Drednaw\n|-supereffective|p1a: Drednaw\n|-damage|p1a: Drednaw|0 fnt\n|faint|p1a: Drednaw\n|\n|-weather|RainDance|[upkeep]\n|-ability|p2b: Espathra|Speed Boost|boost\n|-boost|p2b: Espathra|spe|1\n|upkeep\n|\n|t:|1682536140\n|switch|p1b: Palafin|Palafin-Hero, L50, F, shiny|100\/100\n|switch|p1a: Kingambit|Kingambit, L50, M|100\/100\n|-activate|p1b: Palafin|ability: Zero to Hero\n|turn|4\n|\n|t:|1682536154\n|move|p2b: Espathra|Protect|p2b: Espathra\n|-singleturn|p2b: Espathra|Protect\n|move|p2a: Sandy Shocks|Protect|p2a: Sandy Shocks\n|-singleturn|p2a: Sandy Shocks|Protect\n|move|p1a: Kingambit|Sucker Punch||[still]\n|-fail|p1a: Kingambit\n|move|p1b: Palafin|Close Combat|p2a: Sandy Shocks\n|-activate|p2a: Sandy Shocks|move: Protect\n|\n|-weather|RainDance|[upkeep]\n|-sideend|p1: Creeper9501|move: Tailwind\n|-ability|p2b: Espathra|Speed Boost|boost\n|-boost|p2b: Espathra|spe|1\n|upkeep\n|turn|5\n|inactive|Creeper9501 has 30 seconds left.\n|\n|t:|1682536188\n|move|p1a: Kingambit|Sucker Punch||[still]\n|-fail|p1a: Kingambit\n|move|p2b: Espathra|Hypnosis|p1a: Kingambit\n|-status|p1a: Kingambit|slp|[from] move: Hypnosis\n|move|p2a: Sandy Shocks|Thunder|p1b: Palafin\n|-supereffective|p1b: Palafin\n|-damage|p1b: Palafin|0 fnt\n|faint|p1b: Palafin\n|\n|-weather|none\n|-ability|p2b: Espathra|Speed Boost|boost\n|-boost|p2b: Espathra|spe|1\n|upkeep\n|turn|6\n|-message|Creeper9501 forfeited.\n|\n|win|funny401car\n|raw|Creeper9501's rating: 1000 → 1000<\/strong> (+0 for losing)\n|raw|funny401car's rating: 1087 → 1107<\/strong> (+20 for winning)\n|l|\u2606Creeper9501\n","uploadtime":1682536209,"views":9,"p1id":"creeper9501","p2id":"funny401car","formatid":"gen9vgc2023regulationc","rating":1000,"private":0,"password":""}