{"id":"gen9vgc2023regulationc-1862920962","p1":"SeveralNonSense","p2":"fj2vgc","format":"[Gen 9] VGC 2023 Regulation C","log":"|j|\u2606SeveralNonSense\n|j|\u2606fj2vgc\n|t:|1683938633\n|gametype|doubles\n|player|p1|SeveralNonSense|guitarist|1158\n|player|p2|fj2vgc|marshal|1104\n|teamsize|p1|6\n|teamsize|p2|6\n|gen|9\n|tier|[Gen 9] VGC 2023 Regulation C\n|rated|\n|rule|Species Clause: Limit one of each Pok\u00e9mon\n|rule|Item Clause: Limit one of each item\n|clearpoke\n|poke|p1|Iron Bundle, L50|\n|poke|p1|Arcanine, L50, F|\n|poke|p1|Iron Hands, L50|\n|poke|p1|Gholdengo, L50|\n|poke|p1|Roaring Moon, L50|\n|poke|p1|Clodsire, L50, M|\n|poke|p2|Sylveon, L50, F|\n|poke|p2|Gyarados, L50, F|\n|poke|p2|Roaring Moon, L50|\n|poke|p2|Abomasnow, L50, F|\n|poke|p2|Ceruledge, L50, M|\n|poke|p2|Chien-Pao, L50|\n|teampreview|4\n|\n|t:|1683938691\n|start\n|switch|p1a: Iron Hands|Iron Hands, L50|100\/100\n|switch|p1b: My Best Friend|Clodsire, L50, M|100\/100\n|switch|p2a: Ceruledge|Ceruledge, L50, M|100\/100\n|switch|p2b: Chien-Pao|Chien-Pao, L50|100\/100\n|-ability|p2b: Chien-Pao|Sword of Ruin\n|turn|1\n|inactive|Battle timer is ON: inactive players will automatically lose when time's up. (requested by fj2vgc)\n|inactive|fj2vgc has 60 seconds left.\n|\n|t:|1683938726\n|-terastallize|p2a: Ceruledge|Grass\n|move|p2b: Chien-Pao|Protect|p2b: Chien-Pao\n|-singleturn|p2b: Chien-Pao|Protect\n|move|p2a: Ceruledge|Bulk Up|p2a: Ceruledge\n|-boost|p2a: Ceruledge|atk|1\n|-boost|p2a: Ceruledge|def|1\n|move|p1a: Iron Hands|Swords Dance|p1a: Iron Hands\n|-boost|p1a: Iron Hands|atk|2\n|move|p1b: My Best Friend|Stealth Rock|p2a: Ceruledge\n|-sidestart|p2: fj2vgc|move: Stealth Rock\n|\n|upkeep\n|turn|2\n|inactive|SeveralNonSense has 30 seconds left.\n|inactive|fj2vgc has 30 seconds left.\n|\n|t:|1683938757\n|move|p2a: Ceruledge|Protect|p2a: Ceruledge\n|-singleturn|p2a: Ceruledge|Protect\n|move|p2b: Chien-Pao|Haze|p2b: Chien-Pao\n|-clearallboost\n|move|p1a: Iron Hands|Drain Punch|p2b: Chien-Pao\n|-supereffective|p2b: Chien-Pao\n|-enditem|p2b: Chien-Pao|Focus Sash\n|-damage|p2b: Chien-Pao|1\/100\n|move|p1b: My Best Friend|Toxic|p2a: Ceruledge\n|-activate|p2a: Ceruledge|move: Protect\n|\n|upkeep\n|turn|3\n|\n|t:|1683938777\n|move|p1a: Iron Hands|Detect|p1a: Iron Hands\n|-singleturn|p1a: Iron Hands|Protect\n|move|p2b: Chien-Pao|Ice Spinner|p1b: My Best Friend\n|-supereffective|p1b: My Best Friend\n|-damage|p1b: My Best Friend|0 fnt\n|faint|p1b: My Best Friend\n|move|p2a: Ceruledge|Bitter Blade|p1a: Iron Hands\n|-activate|p1a: Iron Hands|move: Protect\n|\n|upkeep\n|\n|t:|1683938785\n|switch|p1b: Roaring Moon|Roaring Moon, L50|100\/100\n|-enditem|p1b: Roaring Moon|Booster Energy\n|-activate|p1b: Roaring Moon|ability: Protosynthesis|[fromitem]\n|-start|p1b: Roaring Moon|protosynthesisatk\n|turn|4\n|\n|t:|1683938805\n|move|p2a: Ceruledge|Protect|p2a: Ceruledge\n|-singleturn|p2a: Ceruledge|Protect\n|move|p2b: Chien-Pao|Haze|p2b: Chien-Pao\n|-clearallboost\n|move|p1b: Roaring Moon|Acrobatics|p2a: Ceruledge\n|-activate|p2a: Ceruledge|move: Protect\n|move|p1a: Iron Hands|Drain Punch|p2b: Chien-Pao\n|-supereffective|p2b: Chien-Pao\n|-damage|p2b: Chien-Pao|0 fnt\n|faint|p2b: Chien-Pao\n|\n|upkeep\n|\n|t:|1683938813\n|switch|p2b: Gyarados|Gyarados, L50, F, shiny|100\/100\n|-damage|p2b: Gyarados|76\/100|[from] Stealth Rock\n|-ability|p2b: Gyarados|Intimidate|boost\n|-unboost|p1a: Iron Hands|atk|1\n|-unboost|p1b: Roaring Moon|atk|1\n|turn|5\n|inactive|SeveralNonSense has 30 seconds left.\n|\n|t:|1683938839\n|move|p1b: Roaring Moon|Dragon Dance|p1b: Roaring Moon\n|-boost|p1b: Roaring Moon|atk|1\n|-boost|p1b: Roaring Moon|spe|1\n|move|p2b: Gyarados|Thunder Wave|p1b: Roaring Moon|[miss]\n|-miss|p2b: Gyarados|p1b: Roaring Moon\n|move|p2a: Ceruledge|Bitter Blade|p1a: Iron Hands\n|-damage|p1a: Iron Hands|71\/100\n|move|p1a: Iron Hands|Wild Charge|p2b: Gyarados\n|-supereffective|p2b: Gyarados\n|-damage|p2b: Gyarados|0 fnt\n|faint|p2b: Gyarados\n|-damage|p1a: Iron Hands|57\/100|[from] Recoil\n|\n|-heal|p1a: Iron Hands|63\/100|[from] item: Leftovers\n|upkeep\n|\n|t:|1683938846\n|switch|p2b: Sylveon|Sylveon, L50, F, shiny|100\/100\n|-damage|p2b: Sylveon|88\/100|[from] Stealth Rock\n|turn|6\n|\n|t:|1683938856\n|move|p2a: Ceruledge|Protect|p2a: Ceruledge\n|-singleturn|p2a: Ceruledge|Protect\n|move|p1a: Iron Hands|Detect|p1a: Iron Hands\n|-singleturn|p1a: Iron Hands|Protect\n|move|p1b: Roaring Moon|Throat Chop|p2b: Sylveon\n|-resisted|p2b: Sylveon\n|-damage|p2b: Sylveon|55\/100\n|-start|p2b: Sylveon|Throat Chop|[silent]\n|cant|p2b: Sylveon|move: Throat Chop\n|\n|-heal|p2b: Sylveon|61\/100|[from] item: Leftovers\n|-heal|p1a: Iron Hands|69\/100|[from] item: Leftovers\n|upkeep\n|turn|7\n|\n|t:|1683938874\n|move|p2a: Ceruledge|Protect|p2a: Ceruledge\n|-singleturn|p2a: Ceruledge|Protect\n|move|p1b: Roaring Moon|Acrobatics|p2a: Ceruledge\n|-activate|p2a: Ceruledge|move: Protect\n|move|p2b: Sylveon|Tera Blast|p1b: Roaring Moon\n|-supereffective|p1b: Roaring Moon\n|-damage|p1b: Roaring Moon|0 fnt\n|faint|p1b: Roaring Moon\n|-end|p1b: Roaring Moon|Protosynthesis|[silent]\n|move|p1a: Iron Hands|Swords Dance|p1a: Iron Hands\n|-boost|p1a: Iron Hands|atk|2\n|\n|-heal|p2b: Sylveon|67\/100|[from] item: Leftovers\n|-heal|p1a: Iron Hands|75\/100|[from] item: Leftovers\n|-end|p2b: Sylveon|Throat Chop|[silent]\n|upkeep\n|\n|t:|1683938881\n|switch|p1b: Iron Bundle|Iron Bundle, L50|100\/100\n|turn|8\n|inactive|SeveralNonSense has 30 seconds left.\n|inactive|SeveralNonSense has 20 seconds left.\n|inactive|SeveralNonSense has 15 seconds left.\n|inactive|SeveralNonSense has 10 seconds left.\n|inactive|SeveralNonSense has 5 seconds left.\n|\n|t:|1683938936\n|move|p1b: Iron Bundle|Freeze-Dry|p2a: Ceruledge\n|-supereffective|p2a: Ceruledge\n|-crit|p2a: Ceruledge\n|-damage|p2a: Ceruledge|0 fnt\n|faint|p2a: Ceruledge\n|move|p2b: Sylveon|Hyper Voice|p1b: Iron Bundle|[spread] p1a,p1b\n|-supereffective|p1a: Iron Hands\n|-damage|p1a: Iron Hands|5\/100\n|-damage|p1b: Iron Bundle|22\/100\n|move|p1a: Iron Hands|Drain Punch|p2b: Sylveon\n|-resisted|p2b: Sylveon\n|-crit|p2b: Sylveon\n|-damage|p2b: Sylveon|13\/100\n|-heal|p1a: Iron Hands|25\/100|[from] drain|[of] p2b: Sylveon\n|\n|-heal|p2b: Sylveon|19\/100|[from] item: Leftovers\n|-heal|p1a: Iron Hands|31\/100|[from] item: Leftovers\n|upkeep\n|turn|9\n|inactive|SeveralNonSense has 30 seconds left.\n|inactive|SeveralNonSense has 20 seconds left.\n|\n|t:|1683938975\n|move|p2b: Sylveon|Protect|p2b: Sylveon\n|-singleturn|p2b: Sylveon|Protect\n|move|p1b: Iron Bundle|Hydro Pump|p2b: Sylveon\n|-activate|p2b: Sylveon|move: Protect\n|move|p1a: Iron Hands|Wild Charge|p2b: Sylveon\n|-activate|p2b: Sylveon|move: Protect\n|\n|-heal|p2b: Sylveon|25\/100|[from] item: Leftovers\n|-heal|p1a: Iron Hands|37\/100|[from] item: Leftovers\n|upkeep\n|turn|10\n|\n|t:|1683938985\n|move|p1b: Iron Bundle|Icy Wind|p2b: Sylveon\n|-damage|p2b: Sylveon|2\/100\n|-unboost|p2b: Sylveon|spe|1\n|move|p1a: Iron Hands|Wild Charge|p2b: Sylveon\n|-damage|p2b: Sylveon|0 fnt\n|faint|p2b: Sylveon\n|-damage|p1a: Iron Hands|37\/100|[from] Recoil\n|\n|win|SeveralNonSense\n|raw|SeveralNonSense's rating: 1158 → 1179<\/strong> (+21 for winning)\n|raw|fj2vgc's rating: 1104 → 1083<\/strong> (-21 for losing)\n|l|\u2606fj2vgc\n","uploadtime":1683939123,"views":10,"p1id":"severalnonsense","p2id":"fj2vgc","formatid":"gen9vgc2023regulationc","rating":1083,"private":0,"password":""}