{"id":"gen9vgc2023regulationc-1844915677","p1":"ActualMagister","p2":"Yoshitoki","format":"[Gen 9] VGC 2023 Regulation C","log":"|j|\u2606ActualMagister\n|j|\u2606Yoshitoki\n|t:|1681663728\n|gametype|doubles\n|player|p1|ActualMagister|giovanni|1102\n|player|p2|Yoshitoki|shadowtriad|1147\n|teamsize|p1|6\n|teamsize|p2|6\n|gen|9\n|tier|[Gen 9] VGC 2023 Regulation C\n|rated|\n|rule|Species Clause: Limit one of each Pok\u00e9mon\n|rule|Item Clause: Limit one of each item\n|clearpoke\n|poke|p1|Tyranitar, L50, M|\n|poke|p1|Gyarados, L50, F|\n|poke|p1|Garganacl, L50, M|\n|poke|p1|Flutter Mane, L50|\n|poke|p1|Glimmora, L50, M|\n|poke|p1|Brute Bonnet, L50|\n|poke|p2|Abomasnow, L50, M|\n|poke|p2|Frosmoth, L50, M|\n|poke|p2|Baxcalibur, L50, F|\n|poke|p2|Iron Bundle, L50|\n|poke|p2|Cetitan, L50, F|\n|poke|p2|Crabominable, L50, M|\n|teampreview|4\n|\n|t:|1681663750\n|start\n|switch|p1a: Glimmora|Glimmora, L50, M, shiny|100\/100\n|switch|p1b: Brute Bonnet|Brute Bonnet, L50|100\/100\n|switch|p2a: Cetitan|Cetitan, L50, F|100\/100\n|switch|p2b: Baxcalibur|Baxcalibur, L50, F|100\/100\n|-item|p1a: Glimmora|Air Balloon\n|turn|1\n|inactive|Battle timer is ON: inactive players will automatically lose when time's up. (requested by Yoshitoki)\n|\n|t:|1681663790\n|switch|p2b: Abomasnow|Abomasnow, L50, M|100\/100\n|-weather|Snow|[from] ability: Snow Warning|[of] p2b: Abomasnow\n|move|p1b: Brute Bonnet|Rage Powder|p1b: Brute Bonnet\n|-singleturn|p1b: Brute Bonnet|move: Rage Powder\n|move|p2a: Cetitan|Icicle Crash|p1b: Brute Bonnet\n|-supereffective|p1b: Brute Bonnet\n|-damage|p1b: Brute Bonnet|40\/100\n|move|p1a: Glimmora|Reflect|p1a: Glimmora\n|-sidestart|p1: ActualMagister|Reflect\n|\n|-weather|Snow|[upkeep]\n|upkeep\n|turn|2\n|\n|t:|1681663810\n|-end|p1b: Brute Bonnet|Protosynthesis|[silent]\n|switch|p1b: Tyranitar|Tyranitar, L50, M, shiny|100\/100\n|-weather|Sandstorm|[from] ability: Sand Stream|[of] p1b: Tyranitar\n|move|p1a: Glimmora|Mortal Spin|p2b: Abomasnow|[spread] p2a,p2b\n|-supereffective|p2b: Abomasnow\n|-damage|p2a: Cetitan|96\/100\n|-damage|p2b: Abomasnow|91\/100\n|-status|p2a: Cetitan|psn\n|-status|p2b: Abomasnow|psn\n|move|p2a: Cetitan|Icicle Crash|p1b: Tyranitar\n|-crit|p1b: Tyranitar\n|-damage|p1b: Tyranitar|46\/100\n|move|p2b: Abomasnow|Aurora Veil||[still]\n|-fail|p2b: Abomasnow\n|\n|-weather|Sandstorm|[upkeep]\n|-damage|p2a: Cetitan|90\/100 psn|[from] Sandstorm\n|-damage|p2b: Abomasnow|85\/100 psn|[from] Sandstorm\n|-damage|p2a: Cetitan|78\/100 psn|[from] psn\n|-damage|p2b: Abomasnow|73\/100 psn|[from] psn\n|upkeep\n|turn|3\n|inactive|ActualMagister has 30 seconds left.\n|\n|t:|1681663837\n|move|p1a: Glimmora|Power Gem|p2a: Cetitan\n|-supereffective|p2a: Cetitan\n|-damage|p2a: Cetitan|0 fnt\n|faint|p2a: Cetitan\n|move|p2b: Abomasnow|Focus Blast|p1a: Glimmora|[miss]\n|-miss|p2b: Abomasnow|p1a: Glimmora\n|move|p1b: Tyranitar|Rock Slide|p2b: Abomasnow\n|-supereffective|p2b: Abomasnow\n|-damage|p2b: Abomasnow|0 fnt\n|faint|p2b: Abomasnow\n|\n|-weather|Sandstorm|[upkeep]\n|upkeep\n|\n|t:|1681663848\n|switch|p2a: Baxcalibur|Baxcalibur, L50, F|100\/100\n|switch|p2b: Crabominable|Crabominable, L50, M|100\/100\n|turn|4\n|\n|t:|1681663869\n|move|p1a: Glimmora|Power Gem|p2a: Baxcalibur\n|-supereffective|p2a: Baxcalibur\n|-damage|p2a: Baxcalibur|16\/100\n|move|p2a: Baxcalibur|Brick Break|p1b: Tyranitar\n|-sideend|p1: ActualMagister|Reflect\n|-supereffective|p1b: Tyranitar\n|-damage|p1b: Tyranitar|0 fnt\n|faint|p1b: Tyranitar\n|move|p2b: Crabominable|Brick Break|p1a: Glimmora\n|-damage|p1a: Glimmora|29\/100\n|-activate|p1a: Glimmora|ability: Toxic Debris\n|-sidestart|p2: Yoshitoki|move: Toxic Spikes\n|-enditem|p1a: Glimmora|Air Balloon\n|-damage|p2b: Crabominable|91\/100|[from] item: Life Orb\n|\n|-weather|Sandstorm|[upkeep]\n|-damage|p2a: Baxcalibur|10\/100|[from] Sandstorm\n|-damage|p2b: Crabominable|85\/100|[from] Sandstorm\n|upkeep\n|\n|t:|1681663892\n|switch|p1b: Garganacl|Garganacl, L50, M, shiny|100\/100\n|turn|5\n|\n|t:|1681663911\n|-terastallize|p2b: Crabominable|Fighting\n|move|p1a: Glimmora|Spiky Shield|p1a: Glimmora\n|-singleturn|p1a: Glimmora|move: Protect\n|move|p2a: Baxcalibur|Protect|p2a: Baxcalibur\n|-singleturn|p2a: Baxcalibur|Protect\n|move|p2b: Crabominable|Bulldoze|p1a: Glimmora|[spread] p1b\n|-activate|p2a: Baxcalibur|move: Protect\n|-activate|p1a: Glimmora|move: Protect\n|-supereffective|p1b: Garganacl\n|-damage|p1b: Garganacl|74\/100\n|-unboost|p1b: Garganacl|spe|1\n|-damage|p2b: Crabominable|75\/100|[from] item: Life Orb\n|move|p1b: Garganacl|Body Press|p2b: Crabominable\n|-damage|p2b: Crabominable|40\/100\n|\n|-weather|Sandstorm|[upkeep]\n|-damage|p2a: Baxcalibur|4\/100|[from] Sandstorm\n|-damage|p2b: Crabominable|34\/100|[from] Sandstorm\n|upkeep\n|turn|6\n|inactive|ActualMagister has 30 seconds left.\n|inactive|Yoshitoki has 30 seconds left.\n|inactive|ActualMagister has 20 seconds left.\n|\n|t:|1681663948\n|switch|p1b: Brute Bonnet|Brute Bonnet, L50|40\/100\n|-terastallize|p1a: Glimmora|Flying\n|move|p1a: Glimmora|Reflect|p1a: Glimmora\n|-sidestart|p1: ActualMagister|Reflect\n|move|p2a: Baxcalibur|Brick Break|p1b: Brute Bonnet\n|-sideend|p1: ActualMagister|Reflect\n|-supereffective|p1b: Brute Bonnet\n|-damage|p1b: Brute Bonnet|0 fnt\n|-damage|p2a: Baxcalibur|0 fnt|[from] item: Rocky Helmet|[of] p1b: Brute Bonnet\n|faint|p1b: Brute Bonnet\n|-end|p1b: Brute Bonnet|Protosynthesis|[silent]\n|faint|p2a: Baxcalibur\n|move|p2b: Crabominable|Crabhammer|p1a: Glimmora\n|-damage|p1a: Glimmora|0 fnt\n|-activate|p1a: Glimmora|ability: Toxic Debris\n|-sidestart|p2: Yoshitoki|move: Toxic Spikes\n|faint|p1a: Glimmora\n|-damage|p2b: Crabominable|25\/100|[from] item: Life Orb\n|\n|-weather|none\n|upkeep\n|\n|t:|1681663969\n|switch|p1a: Garganacl|Garganacl, L50, M, shiny|74\/100\n|turn|7\n|\n|t:|1681663978\n|move|p2b: Crabominable|Crabhammer|p1a: Garganacl|[miss]\n|-miss|p2b: Crabominable|p1a: Garganacl\n|move|p1a: Garganacl|Body Press|p2b: Crabominable\n|-damage|p2b: Crabominable|0 fnt\n|faint|p2b: Crabominable\n|\n|win|ActualMagister\n|raw|ActualMagister's rating: 1102 → 1130<\/strong> (+28 for winning)\n|raw|Yoshitoki's rating: 1147 → 1119<\/strong> (-28 for losing)\n|l|\u2606Yoshitoki\n","uploadtime":1681664123,"views":17,"p1id":"actualmagister","p2id":"yoshitoki","formatid":"gen9vgc2023regulationc","rating":1119,"private":0,"password":""}