{"id":"gen9vgc2023regulationc-1862912145","p1":"Nehzzy","p2":"AverageAvenger","format":"[Gen 9] VGC 2023 Regulation C","log":"|j|\u2606Nehzzy\n|j|\u2606AverageAvenger\n|t:|1683937410\n|gametype|doubles\n|player|p1|Nehzzy|1|\n|player|p2|AverageAvenger|volkner|\n|teamsize|p1|6\n|teamsize|p2|6\n|gen|9\n|tier|[Gen 9] VGC 2023 Regulation C\n|rule|Species Clause: Limit one of each Pok\u00e9mon\n|rule|Item Clause: Limit one of each item\n|clearpoke\n|poke|p1|Amoonguss, L50, M|\n|poke|p1|Gyarados, L50, F|\n|poke|p1|Murkrow, L50, M|\n|poke|p1|Great Tusk, L50|\n|poke|p1|Flutter Mane, L50|\n|poke|p1|Gholdengo, L50|\n|poke|p2|Ting-Lu, L50|\n|poke|p2|Vivillon-Fancy, L50, F|\n|poke|p2|Iron Bundle, L50|\n|poke|p2|Abomasnow, L50, M|\n|poke|p2|Chien-Pao, L50|\n|poke|p2|Dragonite, L50, F|\n|teampreview|4\nAverageAvenger has agreed to open team sheets.\n|c|\u2606Nehzzy|G1\nNehzzy has agreed to open team sheets.\n|c|\u2606AverageAvenger|glhf!\n|c|\u2606Nehzzy|GLHF!\n|c|\u2606Nehzzy|I'll start timer after team selection\n|\n|t:|1683937532\n|start\n|switch|p1a: Murkrow|Murkrow, L50, M|100\/100\n|switch|p1b: Great Tusk|Great Tusk, L50|100\/100\n|switch|p2a: Large Marge|Dragonite, L50, F|100\/100\n|switch|p2b: Thing-1|Vivillon-Fancy, L50, F|100\/100\n|turn|1\n|inactive|Battle timer is ON: inactive players will automatically lose when time's up. (requested by Nehzzy)\n|inactive|Nehzzy has 60 seconds left.\n|inactive|AverageAvenger has 60 seconds left.\n|inactive|AverageAvenger has 30 seconds left.\n|\n|t:|1683937600\n|-terastallize|p1b: Great Tusk|Ground\n|move|p2b: Thing-1|Protect|p2b: Thing-1\n|-singleturn|p2b: Thing-1|Protect\n|move|p1a: Murkrow|Sunny Day|p1a: Murkrow\n|-weather|SunnyDay\n|-activate|p1b: Great Tusk|ability: Protosynthesis\n|-start|p1b: Great Tusk|protosynthesisatk\n|move|p1b: Great Tusk|Rock Slide|p2a: Large Marge|[spread] p2a\n|-activate|p2b: Thing-1|move: Protect\n|-supereffective|p2a: Large Marge\n|-damage|p2a: Large Marge|79\/100\n|move|p2a: Large Marge|Thunder Punch|p1a: Murkrow\n|-supereffective|p1a: Murkrow\n|-damage|p1a: Murkrow|33\/100\n|\n|-weather|SunnyDay|[upkeep]\n|upkeep\n|turn|2\n|inactive|AverageAvenger has 30 seconds left.\n|\n|t:|1683937633\n|move|p2b: Thing-1|Rage Powder|p2b: Thing-1\n|-singleturn|p2b: Thing-1|move: Rage Powder\n|move|p2a: Large Marge|Extreme Speed|p1a: Murkrow\n|-damage|p1a: Murkrow|0 fnt\n|faint|p1a: Murkrow\n|move|p1b: Great Tusk|Rock Slide|p2b: Thing-1|[spread] p2b\n|-miss|p1b: Great Tusk|p2a: Large Marge\n|-supereffective|p2b: Thing-1\n|-enditem|p2b: Thing-1|Focus Sash\n|-damage|p2b: Thing-1|1\/100\n|\n|-weather|SunnyDay|[upkeep]\n|upkeep\n|\n|t:|1683937645\n|switch|p1a: Gholdengo|Gholdengo, L50|100\/100\n|turn|3\n|inactive|AverageAvenger has 30 seconds left.\n|inactive|AverageAvenger has 20 seconds left.\n|\n|t:|1683937682\n|move|p1b: Great Tusk|Rock Slide|p2a: Large Marge|[spread] p2a,p2b\n|-supereffective|p2a: Large Marge\n|-supereffective|p2b: Thing-1\n|-damage|p2a: Large Marge|36\/100\n|-damage|p2b: Thing-1|0 fnt\n|faint|p2b: Thing-1\n|move|p2a: Large Marge|Dragon Claw|p1b: Great Tusk\n|-damage|p1b: Great Tusk|66\/100\n|move|p1a: Gholdengo|Nasty Plot|p1a: Gholdengo\n|-boost|p1a: Gholdengo|spa|2\n|\n|-weather|SunnyDay|[upkeep]\n|upkeep\n|\n|t:|1683937693\n|switch|p2b: Thing-Lu|Ting-Lu, L50|100\/100\n|-ability|p2b: Thing-Lu|Vessel of Ruin\n|turn|4\n|inactive|AverageAvenger has 30 seconds left.\n|inactive|AverageAvenger has 20 seconds left.\n|inactive|AverageAvenger has 15 seconds left.\n|inactive|AverageAvenger has 10 seconds left.\n|inactive|AverageAvenger has 5 seconds left.\n|\n|t:|1683937745\n|move|p1a: Gholdengo|Protect|p1a: Gholdengo\n|-singleturn|p1a: Gholdengo|Protect\n|move|p1b: Great Tusk|Rock Slide|p2a: Large Marge|[spread] p2a,p2b\n|-supereffective|p2a: Large Marge\n|-resisted|p2b: Thing-Lu\n|-damage|p2a: Large Marge|0 fnt\n|-damage|p2b: Thing-Lu|93\/100\n|faint|p2a: Large Marge\n|cant|p2b: Thing-Lu|flinch\n|\n|-weather|SunnyDay|[upkeep]\n|upkeep\n|\n|t:|1683937748\n|switch|p2a: Snowbama|Abomasnow, L50, M|100\/100\n|-weather|Snow|[from] ability: Snow Warning|[of] p2a: Snowbama\n|-end|p1b: Great Tusk|Protosynthesis\n|turn|5\n|\n|t:|1683937771\n|-terastallize|p2a: Snowbama|Water\n|move|p1b: Great Tusk|Rock Slide|p2a: Snowbama|[spread] p2a,p2b\n|-resisted|p2b: Thing-Lu\n|-damage|p2a: Snowbama|79\/100\n|-damage|p2b: Thing-Lu|87\/100\n|move|p1a: Gholdengo|Make It Rain|p2a: Snowbama|[spread] p2a,p2b\n|-resisted|p2a: Snowbama\n|-damage|p2a: Snowbama|40\/100\n|-damage|p2b: Thing-Lu|18\/100\n|-unboost|p1a: Gholdengo|spa|1\n|move|p2a: Snowbama|Blizzard|p1b: Great Tusk|[spread] p1a,p1b\n|-resisted|p1a: Gholdengo\n|-supereffective|p1b: Great Tusk\n|-damage|p1a: Gholdengo|84\/100\n|-damage|p1b: Great Tusk|0 fnt\n|-status|p1a: Gholdengo|frz\n|faint|p1b: Great Tusk\n|-end|p1b: Great Tusk|Protosynthesis|[silent]\n|-damage|p2a: Snowbama|31\/100|[from] item: Life Orb\n|move|p2b: Thing-Lu|Payback|p1a: Gholdengo\n|-supereffective|p1a: Gholdengo\n|-damage|p1a: Gholdengo|0 fnt\n|faint|p1a: Gholdengo\n|\n|-weather|Snow|[upkeep]\n|upkeep\n|\n|t:|1683937790\n|switch|p1b: Flutter Mane|Flutter Mane, L50|100\/100\n|turn|6\n|\n|t:|1683937801\n|move|p2a: Snowbama|Ice Shard|p1b: Flutter Mane\n|-damage|p1b: Flutter Mane|76\/100\n|-damage|p2a: Snowbama|21\/100|[from] item: Life Orb\n|move|p1b: Flutter Mane|Dazzling Gleam|p2a: Snowbama|[spread] p2a,p2b\n|-supereffective|p2b: Thing-Lu\n|-damage|p2a: Snowbama|0 fnt\n|-damage|p2b: Thing-Lu|0 fnt\n|faint|p2a: Snowbama\n|faint|p2b: Thing-Lu\n|\n|win|Nehzzy\n|c|\u2606AverageAvenger|gg\n|c|\u2606Nehzzy|gg\n","uploadtime":1683937810,"views":9,"p1id":"nehzzy","p2id":"averageavenger","formatid":"gen9vgc2023regulationc","rating":0,"private":0,"password":""}