{"id":"gen9vgc2023regulationc-1854726872","p1":"MooGee2","p2":"Friendship_Z","format":"[Gen 9] VGC 2023 Regulation C","log":"|j|\u2606MooGee2\n|j|\u2606Friendship_Z\n|t:|1682857575\n|gametype|doubles\n|player|p1|MooGee2|1|1199\n|player|p2|Friendship_Z|dawn|1289\n|teamsize|p1|6\n|teamsize|p2|6\n|gen|9\n|tier|[Gen 9] VGC 2023 Regulation C\n|rated|\n|rule|Species Clause: Limit one of each Pok\u00e9mon\n|rule|Item Clause: Limit one of each item\n|clearpoke\n|poke|p1|Amoonguss, L50, M|\n|poke|p1|Chien-Pao, L50|\n|poke|p1|Arcanine, L50, F|\n|poke|p1|Scream Tail, L50|\n|poke|p1|Palafin, L50, M|\n|poke|p1|Iron Hands, L50|\n|poke|p2|Palafin, L50, M|\n|poke|p2|Chien-Pao, L50|\n|poke|p2|Dragapult, L50, M|\n|poke|p2|Amoonguss, L50, M|\n|poke|p2|Arcanine, L50, M|\n|poke|p2|Flutter Mane, L50|\n|teampreview|4\n|inactive|Battle timer is ON: inactive players will automatically lose when time's up. (requested by Friendship_Z)\nMooGee2 has agreed to open team sheets.\n|inactive|MooGee2 has 60 seconds left.\n|\n|t:|1682857627\n|start\n|switch|p1a: Scream Tail|Scream Tail, L50, shiny|100\/100\n|switch|p1b: Arcanine|Arcanine, L50, F|100\/100\n|switch|p2a: Dnite|Dragapult, L50, M|100\/100\n|switch|p2b: Dozo|Palafin, L50, M|100\/100\n|-ability|p1b: Arcanine|Intimidate|boost\n|-fail|p2a: Dnite|unboost|[from] ability: Clear Body|[of] p2a: Dnite\n|-unboost|p2b: Dozo|atk|1\n|-enditem|p1a: Scream Tail|Booster Energy\n|-activate|p1a: Scream Tail|ability: Protosynthesis|[fromitem]\n|-start|p1a: Scream Tail|protosynthesisspe\n|turn|1\n|\n|t:|1682857648\n|detailschange|p2b: Dozo|Palafin-Hero, L50, M\n|switch|p2b: ChiYu|Arcanine, L50, M|100\/100\n|-ability|p2b: ChiYu|Intimidate|boost\n|-unboost|p1a: Scream Tail|atk|1\n|-unboost|p1b: Arcanine|atk|1\n|-terastallize|p2a: Dnite|Fire\n|-terastallize|p1b: Arcanine|Water\n|move|p1a: Scream Tail|Howl|p1a: Scream Tail|[spread] p1a,p1b\n|-boost|p1a: Scream Tail|atk|1\n|-boost|p1b: Arcanine|atk|1\n|move|p2a: Dnite|Phantom Force||[still]\n|-prepare|p2a: Dnite|Phantom Force\n|move|p1b: Arcanine|Will-O-Wisp|p2a: Dnite|[miss]\n|-miss|p1b: Arcanine|p2a: Dnite\n|\n|upkeep\n|turn|2\n|inactive|MooGee2 has 30 seconds left.\n|inactive|MooGee2 has 20 seconds left.\n|inactive|MooGee2 has 15 seconds left.\n|\n|t:|1682857692\n|switch|p1b: Iron Hands|Iron Hands, L50, shiny|100\/100\n|move|p1a: Scream Tail|Misty Terrain|p1a: Scream Tail\n|-fieldstart|move: Misty Terrain\n|move|p2a: Dnite|Phantom Force|p1a: Scream Tail|[from]lockedmove\n|-supereffective|p1a: Scream Tail\n|-damage|p1a: Scream Tail|0 fnt\n|faint|p1a: Scream Tail\n|-end|p1a: Scream Tail|Protosynthesis|[silent]\n|move|p2b: ChiYu|Will-O-Wisp|p1b: Iron Hands|[miss]\n|-miss|p2b: ChiYu|p1b: Iron Hands\n|\n|upkeep\n|\n|t:|1682857704\n|switch|p1a: Arcanine|Arcanine, L50, F, tera:Water|100\/100\n|-ability|p1a: Arcanine|Intimidate|boost\n|-fail|p2a: Dnite|unboost|[from] ability: Clear Body|[of] p2a: Dnite\n|-unboost|p2b: ChiYu|atk|1\n|turn|3\n|\n|t:|1682857723\n|switch|p2b: Dozo|Palafin-Hero, L50, M|100\/100\n|-activate|p2b: Dozo|ability: Zero to Hero\n|move|p1b: Iron Hands|Fake Out|p2a: Dnite\n|-damage|p2a: Dnite|77\/100\n|move|p1a: Arcanine|Extreme Speed|p2a: Dnite\n|-damage|p2a: Dnite|43\/100\n|cant|p2a: Dnite|flinch\n|\n|upkeep\n|turn|4\n|inactive|MooGee2 has 30 seconds left.\n|inactive|Friendship_Z has 30 seconds left.\n|inactive|Friendship_Z has 20 seconds left.\n|\n|t:|1682857758\n|switch|p2a: ChiYu|Arcanine, L50, M|100\/100\n|-ability|p2a: ChiYu|Intimidate|boost\n|-unboost|p1a: Arcanine|atk|1\n|-unboost|p1b: Iron Hands|atk|1\n|move|p2b: Dozo|Protect|p2b: Dozo\n|-singleturn|p2b: Dozo|Protect\n|move|p1a: Arcanine|Extreme Speed|p2a: ChiYu\n|-damage|p2a: ChiYu|81\/100\n|move|p1b: Iron Hands|Volt Switch|p2b: Dozo\n|-activate|p2b: Dozo|move: Protect\n|\n|upkeep\n|turn|5\n|\n|t:|1682857780\n|switch|p1a: Amoonguss|Amoonguss, L50, M, shiny|100\/100\n|move|p2a: ChiYu|Flare Blitz|p1b: Iron Hands\n|-damage|p1b: Iron Hands|70\/100\n|-damage|p2a: ChiYu|69\/100|[from] Recoil\n|move|p2b: Dozo|Wave Crash|p1b: Iron Hands\n|-damage|p1b: Iron Hands|2\/100\n|-damage|p2b: Dozo|74\/100|[from] Recoil\n|move|p1b: Iron Hands|Volt Switch|p2b: Dozo\n|-supereffective|p2b: Dozo\n|-damage|p2b: Dozo|48\/100\n|\n|t:|1682857794\n|-end|p1b: Iron Hands|Quark Drive|[silent]\n|switch|p1b: Arcanine|Arcanine, L50, F, tera:Water|100\/100|[from] Volt Switch\n|-ability|p1b: Arcanine|Intimidate|boost\n|-unboost|p2a: ChiYu|atk|1\n|-unboost|p2b: Dozo|atk|1\n|\n|upkeep\n|turn|6\n|\n|t:|1682857811\n|move|p1a: Amoonguss|Protect|p1a: Amoonguss\n|-singleturn|p1a: Amoonguss|Protect\n|move|p1b: Arcanine|Extreme Speed|p2b: Dozo\n|-damage|p2b: Dozo|23\/100\n|move|p2a: ChiYu|Flare Blitz|p1a: Amoonguss\n|-activate|p1a: Amoonguss|move: Protect\n|move|p2b: Dozo|Wave Crash|p1a: Amoonguss\n|-activate|p1a: Amoonguss|move: Protect\n|\n|-fieldend|Misty Terrain\n|upkeep\n|turn|7\n|\n|t:|1682857832\n|switch|p1b: Iron Hands|Iron Hands, L50, shiny|2\/100\n|move|p2b: Dozo|Protect|p2b: Dozo\n|-singleturn|p2b: Dozo|Protect\n|move|p2a: ChiYu|Will-O-Wisp|p1b: Iron Hands\n|-status|p1b: Iron Hands|brn\n|move|p1a: Amoonguss|Pollen Puff|p1b: Iron Hands\n|-heal|p1b: Iron Hands|52\/100 brn\n|\n|-damage|p1b: Iron Hands|46\/100 brn|[from] brn\n|upkeep\n|turn|8\n|inactive|MooGee2 has 30 seconds left.\n|inactive|MooGee2 has 20 seconds left.\n|inactive|MooGee2 has 15 seconds left.\n|\n|t:|1682857873\n|switch|p2b: Dnite|Dragapult, L50, M, tera:Fire|43\/100\n|move|p2a: ChiYu|Flare Blitz|p1a: Amoonguss\n|-supereffective|p1a: Amoonguss\n|-damage|p1a: Amoonguss|48\/100\n|-damage|p2a: ChiYu|52\/100|[from] item: Rocky Helmet|[of] p1a: Amoonguss\n|-damage|p2a: ChiYu|33\/100|[from] Recoil\n|move|p1b: Iron Hands|Volt Switch|p2b: Dnite\n|-damage|p2b: Dnite|27\/100\n|\n|t:|1682857882\n|-end|p1b: Iron Hands|Quark Drive|[silent]\n|switch|p1b: Arcanine|Arcanine, L50, F, tera:Water|100\/100|[from] Volt Switch\n|-ability|p1b: Arcanine|Intimidate|boost\n|-unboost|p2a: ChiYu|atk|1\n|-fail|p2b: Dnite|unboost|[from] ability: Clear Body|[of] p2b: Dnite\n|move|p1a: Amoonguss|Pollen Puff|p1b: Arcanine\n|-immune|p1b: Arcanine\n|\n|upkeep\n|turn|9\n|inactive|Friendship_Z has 30 seconds left.\n|\n|t:|1682857911\n|move|p1a: Amoonguss|Protect|p1a: Amoonguss\n|-singleturn|p1a: Amoonguss|Protect\n|move|p1b: Arcanine|Extreme Speed|p2b: Dnite\n|-damage|p2b: Dnite|0 fnt\n|faint|p2b: Dnite\n|move|p2a: ChiYu|Flare Blitz|p1a: Amoonguss\n|-activate|p1a: Amoonguss|move: Protect\n|\n|upkeep\n|\n|t:|1682857917\n|switch|p2b: Dozo|Palafin-Hero, L50, M|23\/100\n|turn|10\n|\n|t:|1682857930\n|switch|p1b: Iron Hands|Iron Hands, L50, shiny|46\/100 brn\n|move|p2b: Dozo|Protect|p2b: Dozo\n|-singleturn|p2b: Dozo|Protect\n|move|p2a: ChiYu|Will-O-Wisp|p1b: Iron Hands\n|-fail|p1b: Iron Hands|brn\n|move|p1a: Amoonguss|Pollen Puff|p1b: Iron Hands\n|-heal|p1b: Iron Hands|95\/100 brn\n|\n|-damage|p1b: Iron Hands|90\/100 brn|[from] brn\n|upkeep\n|turn|11\n|\n|t:|1682857953\n|switch|p1a: Arcanine|Arcanine, L50, F, tera:Water|100\/100\n|-ability|p1a: Arcanine|Intimidate|boost\n|-unboost|p2a: ChiYu|atk|1\n|-unboost|p2b: Dozo|atk|1\n|move|p1b: Iron Hands|Fake Out|p2a: ChiYu\n|-damage|p2a: ChiYu|25\/100\n|cant|p2a: ChiYu|flinch\n|move|p2b: Dozo|Haze|p2b: Dozo\n|-clearallboost\n|\n|-damage|p1b: Iron Hands|84\/100 brn|[from] brn\n|upkeep\n|turn|12\n|\n|t:|1682857972\n|move|p1a: Arcanine|Protect|p1a: Arcanine\n|-singleturn|p1a: Arcanine|Protect\n|move|p2b: Dozo|Protect|p2b: Dozo\n|-singleturn|p2b: Dozo|Protect\n|move|p2a: ChiYu|Will-O-Wisp|p1a: Arcanine\n|-activate|p1a: Arcanine|move: Protect\n|move|p1b: Iron Hands|Volt Switch|p2a: ChiYu\n|-crit|p2a: ChiYu\n|-damage|p2a: ChiYu|3\/100\n|\n|t:|1682857983\n|-end|p1b: Iron Hands|Quark Drive|[silent]\n|switch|p1b: Amoonguss|Amoonguss, L50, M, shiny|82\/100|[from] Volt Switch\n|\n|upkeep\n|turn|13\n|\n|t:|1682858008\n|move|p2a: ChiYu|Extreme Speed|p1a: Arcanine\n|-damage|p1a: Arcanine|74\/100\n|move|p1a: Arcanine|Extreme Speed|p2a: ChiYu\n|-damage|p2a: ChiYu|0 fnt\n|faint|p2a: ChiYu\n|move|p2b: Dozo|Wave Crash|p1a: Arcanine\n|-resisted|p1a: Arcanine\n|-damage|p1a: Arcanine|19\/100\n|-enditem|p1a: Arcanine|Sitrus Berry|[eat]\n|-heal|p1a: Arcanine|44\/100|[from] item: Sitrus Berry\n|-damage|p2b: Dozo|6\/100|[from] Recoil\n|move|p1b: Amoonguss|Spore|p2b: Dozo\n|-status|p2b: Dozo|slp|[from] move: Spore\n|\n|upkeep\n|\n|t:|1682858020\n|switch|p2a: Bundle|Chien-Pao, L50|100\/100\n|-ability|p2a: Bundle|Sword of Ruin\n|turn|14\n|\n|t:|1682858033\n|move|p1a: Arcanine|Extreme Speed|p2b: Dozo\n|-damage|p2b: Dozo|0 fnt\n|faint|p2b: Dozo\n|move|p2a: Bundle|Ice Spinner|p1b: Amoonguss\n|-supereffective|p1b: Amoonguss\n|-damage|p1b: Amoonguss|0 fnt\n|-damage|p2a: Bundle|84\/100|[from] item: Rocky Helmet|[of] p1b: Amoonguss\n|faint|p1b: Amoonguss\n|\n|upkeep\n|\n|t:|1682858044\n|switch|p1b: Iron Hands|Iron Hands, L50, shiny|84\/100 brn\n|turn|15\n|\n|t:|1682858051\n|move|p1b: Iron Hands|Fake Out|p2a: Bundle\n|-damage|p2a: Bundle|72\/100\n|cant|p2a: Bundle|flinch\n|move|p1a: Arcanine|Flare Blitz|p2a: Bundle\n|-supereffective|p2a: Bundle\n|-damage|p2a: Bundle|0 fnt\n|faint|p2a: Bundle\n|-damage|p1a: Arcanine|25\/100|[from] Recoil\n|\n|win|MooGee2\n|raw|MooGee2's rating: 1199 → 1230<\/strong> (+31 for winning)\n|raw|Friendship_Z's rating: 1289 → 1258<\/strong> (-31 for losing)\n|l|\u2606Friendship_Z\n|l|\u2606MooGee2\n|j|\u2606MooGee2\n|player|p1|MooGee2|1\n","uploadtime":1682858345,"views":9,"p1id":"moogee2","p2id":"friendshipz","formatid":"gen9vgc2023regulationc","rating":1230,"private":0,"password":""}