{"id":"gen9vgc2023regulationc-1863219208","p1":"bapycara","p2":"adrpen","format":"[Gen 9] VGC 2023 Regulation C","log":"|j|\u2606bapycara\n|j|\u2606adrpen\n|t:|1683989896\n|gametype|doubles\n|player|p1|bapycara|maid|1190\n|player|p2|adrpen|boarder|1154\n|teamsize|p1|6\n|teamsize|p2|6\n|gen|9\n|tier|[Gen 9] VGC 2023 Regulation C\n|rated|\n|rule|Species Clause: Limit one of each Pok\u00e9mon\n|rule|Item Clause: Limit one of each item\n|clearpoke\n|poke|p1|Glimmora, L50, M|\n|poke|p1|Grafaiai, L50, M|\n|poke|p1|Dragonite, L50, F|\n|poke|p1|Slaking, L50, F|\n|poke|p1|Gholdengo, L50|\n|poke|p1|Rotom-Wash, L50|\n|poke|p2|Amoonguss, L50, M|\n|poke|p2|Palafin, L50, M|\n|poke|p2|Iron Hands, L50|\n|poke|p2|Arcanine, L50, M|\n|poke|p2|Flutter Mane, L50|\n|poke|p2|Dragonite, L50, M|\n|teampreview|4\n|inactive|Battle timer is ON: inactive players will automatically lose when time's up. (requested by adrpen)\n|inactive|bapycara also wants the timer to be on.\n|inactive|adrpen has 60 seconds left.\n|inactive|adrpen has 30 seconds left.\n|inactive|adrpen has 20 seconds left.\n|inactive|adrpen has 15 seconds left.\n|inactive|adrpen has 10 seconds left.\n|\n|t:|1683989978\n|start\n|switch|p1a: Grafaiai|Grafaiai, L50, M|100\/100\n|switch|p1b: Slaking|Slaking, L50, F|100\/100\n|switch|p2a: Iron Hands|Iron Hands, L50, shiny|100\/100\n|switch|p2b: Amoonguss|Amoonguss, L50, M, shiny|100\/100\n|turn|1\n|inactive|bapycara has 30 seconds left.\n|\n|t:|1683990011\n|move|p2a: Iron Hands|Fake Out|p1a: Grafaiai\n|-damage|p1a: Grafaiai|75\/100\n|cant|p1a: Grafaiai|flinch\n|move|p1b: Slaking|Facade|p2b: Amoonguss\n|-damage|p2b: Amoonguss|58\/100\n|-damage|p1b: Slaking|84\/100|[from] item: Rocky Helmet|[of] p2b: Amoonguss\n|move|p2b: Amoonguss|Spore|p1b: Slaking\n|-status|p1b: Slaking|slp|[from] move: Spore\n|\n|-heal|p1b: Slaking|90\/100 slp|[from] item: Leftovers\n|upkeep\n|turn|2\n|inactive|adrpen has 30 seconds left.\n|inactive|adrpen has 20 seconds left.\n|inactive|adrpen has 15 seconds left.\n|\n|t:|1683990053\n|switch|p2b: Flutter Mane|Flutter Mane, L50|100\/100\n|-enditem|p2b: Flutter Mane|Booster Energy\n|-activate|p2b: Flutter Mane|ability: Protosynthesis|[fromitem]\n|-start|p2b: Flutter Mane|protosynthesisspa\n|move|p1a: Grafaiai|Toxic|p2a: Iron Hands\n|-status|p2a: Iron Hands|tox\n|cant|p1b: Slaking|slp\n|move|p2a: Iron Hands|Heavy Slam|p1a: Grafaiai\n|-damage|p1a: Grafaiai|0 fnt\n|faint|p1a: Grafaiai\n|\n|-heal|p1b: Slaking|97\/100 slp|[from] item: Leftovers\n|-damage|p2a: Iron Hands|95\/100 tox|[from] psn\n|upkeep\n|\n|t:|1683990075\n|switch|p1a: Glimmora|Glimmora, L50, M|100\/100\n|turn|3\n|\n|t:|1683990094\n|-curestatus|p1b: Slaking|slp|[msg]\n|cant|p1b: Slaking|ability: Truant\n|move|p2b: Flutter Mane|Substitute|p2b: Flutter Mane\n|-start|p2b: Flutter Mane|Substitute\n|-damage|p2b: Flutter Mane|76\/100\n|move|p1a: Glimmora|Sludge Bomb|p2b: Flutter Mane\n|-end|p2b: Flutter Mane|Substitute\n|move|p2a: Iron Hands|Drain Punch|p1b: Slaking\n|-supereffective|p1b: Slaking\n|-damage|p1b: Slaking|35\/100\n|-heal|p2a: Iron Hands|100\/100 tox|[from] drain|[of] p1b: Slaking\n|\n|-heal|p1b: Slaking|42\/100|[from] item: Leftovers\n|-damage|p2a: Iron Hands|89\/100 tox|[from] psn\n|upkeep\n|turn|4\n|inactive|bapycara has 30 seconds left.\n|inactive|adrpen has 30 seconds left.\n|inactive|bapycara has 20 seconds left.\n|inactive|adrpen has 20 seconds left.\n|inactive|adrpen has 15 seconds left.\n|inactive|adrpen has 10 seconds left.\n|\n|t:|1683990145\n|-end|p2b: Flutter Mane|Protosynthesis|[silent]\n|switch|p2b: Amoonguss|Amoonguss, L50, M, shiny|91\/100\n|-terastallize|p1b: Slaking|Fighting\n|move|p1b: Slaking|Drain Punch|p2a: Iron Hands\n|-damage|p2a: Iron Hands|53\/100 tox\n|-heal|p1b: Slaking|61\/100|[from] drain|[of] p2a: Iron Hands\n|move|p1a: Glimmora|Sludge Bomb|p2b: Amoonguss\n|-damage|p2b: Amoonguss|46\/100\n|move|p2a: Iron Hands|Drain Punch|p1b: Slaking\n|-damage|p1b: Slaking|30\/100\n|-heal|p2a: Iron Hands|68\/100 tox|[from] drain|[of] p1b: Slaking\n|\n|-heal|p1b: Slaking|36\/100|[from] item: Leftovers\n|-damage|p2a: Iron Hands|50\/100 tox|[from] psn\n|upkeep\n|turn|5\n|inactive|bapycara has 30 seconds left.\n|inactive|adrpen has 30 seconds left.\n|\n|t:|1683990174\n|move|p2b: Amoonguss|Rage Powder|p2b: Amoonguss\n|-singleturn|p2b: Amoonguss|move: Rage Powder\n|cant|p1b: Slaking|ability: Truant\n|move|p1a: Glimmora|Sludge Bomb|p2b: Amoonguss\n|-damage|p2b: Amoonguss|3\/100\n|move|p2a: Iron Hands|Drain Punch|p1b: Slaking\n|-damage|p1b: Slaking|3\/100\n|-heal|p2a: Iron Hands|66\/100 tox|[from] drain|[of] p1b: Slaking\n|\n|-heal|p1b: Slaking|9\/100|[from] item: Leftovers\n|-damage|p2a: Iron Hands|43\/100 tox|[from] psn\n|upkeep\n|turn|6\n|\n|t:|1683990198\n|-end|p2a: Iron Hands|Quark Drive|[silent]\n|switch|p2a: Dragonite|Dragonite, L50, M|100\/100\n|switch|p2b: Flutter Mane|Flutter Mane, L50|76\/100\n|move|p1b: Slaking|Facade|p2b: Flutter Mane\n|-immune|p2b: Flutter Mane\n|move|p1a: Glimmora|Sludge Bomb|p2a: Dragonite\n|-damage|p2a: Dragonite|76\/100\n|-status|p2a: Dragonite|psn\n|-enditem|p2a: Dragonite|Lum Berry|[eat]\n|-curestatus|p2a: Dragonite|psn|[msg]\n|\n|-heal|p1b: Slaking|15\/100|[from] item: Leftovers\n|upkeep\n|turn|7\n|inactive|adrpen has 30 seconds left.\n|inactive|adrpen has 20 seconds left.\n|inactive|adrpen has 15 seconds left.\n|inactive|adrpen has 10 seconds left.\n|\n|t:|1683990243\n|move|p2b: Flutter Mane|Protect|p2b: Flutter Mane\n|-singleturn|p2b: Flutter Mane|Protect\n|cant|p1b: Slaking|ability: Truant\n|move|p2a: Dragonite|Earthquake|p1a: Glimmora|[spread] p1a,p1b\n|-activate|p2b: Flutter Mane|move: Protect\n|-supereffective|p1a: Glimmora\n|-damage|p1a: Glimmora|0 fnt\n|-damage|p1b: Slaking|0 fnt\n|-activate|p1a: Glimmora|ability: Toxic Debris\n|-sidestart|p2: adrpen|move: Toxic Spikes\n|faint|p1a: Glimmora\n|faint|p1b: Slaking\n|\n|upkeep\n|-message|bapycara forfeited.\n|\n|win|adrpen\n|raw|bapycara's rating: 1190 → 1162<\/strong> (-28 for losing)\n|raw|adrpen's rating: 1154 → 1182<\/strong> (+28 for winning)\n|l|\u2606bapycara\n","uploadtime":1683990440,"views":4,"p1id":"bapycara","p2id":"adrpen","formatid":"gen9vgc2023regulationc","rating":1162,"private":0,"password":""}