{"id":"gen9vgc2023regulationc-1851054611","p1":"GOD RICK ASTLEY","p2":"marioman6444","format":"[Gen 9] VGC 2023 Regulation C","log":"|j|\u2606GOD RICK ASTLEY\n|j|\u2606marioman6444\n|t:|1682400928\n|gametype|doubles\n|player|p1|GOD RICK ASTLEY|cynthia-masters|1070\n|player|p2|marioman6444|hoopster|1089\n|teamsize|p1|6\n|teamsize|p2|6\n|gen|9\n|tier|[Gen 9] VGC 2023 Regulation C\n|rated|\n|rule|Species Clause: Limit one of each Pok\u00e9mon\n|rule|Item Clause: Limit one of each item\n|clearpoke\n|poke|p1|Torkoal, L50, F|\n|poke|p1|Flutter Mane, L50|\n|poke|p1|Dragonite, L50, M|\n|poke|p1|Garganacl, L50, M|\n|poke|p1|Toedscruel, L50, M|\n|poke|p1|Ceruledge, L50, F|\n|poke|p2|Tsareena, L50, F|\n|poke|p2|Gyarados, L50, M|\n|poke|p2|Sableye, L50, M|\n|poke|p2|Gholdengo, L50|\n|poke|p2|Roaring Moon, L50|\n|poke|p2|Ting-Lu, L50|\n|teampreview|4\n|inactive|Battle timer is ON: inactive players will automatically lose when time's up. (requested by marioman6444)\n|inactive|marioman6444 has 60 seconds left.\n|\n|t:|1682400983\n|start\n|switch|p1a: Torkoal|Torkoal, L50, F|100\/100\n|switch|p1b: Flutter Mane|Flutter Mane, L50|100\/100\n|switch|p2a: Big-Lu|Ting-Lu, L50|100\/100\n|switch|p2b: YOU'RE QUEEN|Tsareena, L50, F, shiny|100\/100\n|-ability|p2a: Big-Lu|Vessel of Ruin\n|-weather|SunnyDay|[from] ability: Drought|[of] p1a: Torkoal\n|-activate|p1b: Flutter Mane|ability: Protosynthesis\n|-start|p1b: Flutter Mane|protosynthesisspe\n|turn|1\n|\n|t:|1682401003\n|move|p2b: YOU'RE QUEEN|Protect|p2b: YOU'RE QUEEN\n|-singleturn|p2b: YOU'RE QUEEN|Protect\n|move|p1b: Flutter Mane|Mystical Fire|p2b: YOU'RE QUEEN\n|-activate|p2b: YOU'RE QUEEN|move: Protect\n|move|p2a: Big-Lu|Heavy Slam|p1b: Flutter Mane\n|-supereffective|p1b: Flutter Mane\n|-crit|p1b: Flutter Mane\n|-damage|p1b: Flutter Mane|0 fnt\n|faint|p1b: Flutter Mane\n|-end|p1b: Flutter Mane|Protosynthesis|[silent]\n|move|p1a: Torkoal|Will-O-Wisp|p2b: YOU'RE QUEEN\n|-activate|p2b: YOU'RE QUEEN|move: Protect\n|\n|-weather|SunnyDay|[upkeep]\n|upkeep\n|\n|t:|1682401010\n|switch|p1b: Toedscruel|Toedscruel, L50, M|100\/100\n|turn|2\n|inactive|marioman6444 has 30 seconds left.\n|inactive|marioman6444 has 20 seconds left.\n|\n|t:|1682401050\n|-terastallize|p2b: YOU'RE QUEEN|Fire\n|move|p2b: YOU'RE QUEEN|High Jump Kick|p1b: Toedscruel\n|-crit|p1b: Toedscruel\n|-damage|p1b: Toedscruel|0 fnt\n|faint|p1b: Toedscruel\n|move|p2a: Big-Lu|Ruination|p1a: Torkoal\n|-damage|p1a: Torkoal|51\/100\n|move|p1a: Torkoal|Will-O-Wisp|p2b: YOU'RE QUEEN\n|-immune|p2b: YOU'RE QUEEN\n|\n|-weather|SunnyDay|[upkeep]\n|upkeep\n|\n|t:|1682401058\n|switch|p1b: Ceruledge|Ceruledge, L50, F|100\/100\n|turn|3\n|inactive|marioman6444 has 30 seconds left.\n|\n|t:|1682401089\n|-terastallize|p1b: Ceruledge|Grass\n|move|p2b: YOU'RE QUEEN|Protect|p2b: YOU'RE QUEEN\n|-singleturn|p2b: YOU'RE QUEEN|Protect\n|move|p1b: Ceruledge|Bulk Up|p1b: Ceruledge\n|-boost|p1b: Ceruledge|atk|1\n|-boost|p1b: Ceruledge|def|1\n|move|p2a: Big-Lu|Ruination|p1b: Ceruledge\n|-damage|p1b: Ceruledge|50\/100\n|move|p1a: Torkoal|Will-O-Wisp|p2a: Big-Lu|[miss]\n|-miss|p1a: Torkoal|p2a: Big-Lu\n|\n|-weather|SunnyDay|[upkeep]\n|upkeep\n|turn|4\n|inactive|GOD RICK ASTLEY has 30 seconds left.\n|inactive|marioman6444 has 30 seconds left.\n|\n|t:|1682401120\n|move|p1b: Ceruledge|Bitter Blade|p2a: Big-Lu\n|-damage|p2a: Big-Lu|51\/100\n|-heal|p1b: Ceruledge|94\/100|[from] drain|[of] p2a: Big-Lu\n|move|p2b: YOU'RE QUEEN|High Jump Kick|p1b: Ceruledge\n|-damage|p1b: Ceruledge|49\/100\n|move|p2a: Big-Lu|Heavy Slam|p1b: Ceruledge\n|-damage|p1b: Ceruledge|18\/100\n|-enditem|p1b: Ceruledge|Liechi Berry|[eat]\n|-boost|p1b: Ceruledge|atk|1|[from] item: Liechi Berry\n|move|p1a: Torkoal|Will-O-Wisp|p2a: Big-Lu\n|-status|p2a: Big-Lu|brn\n|\n|-weather|SunnyDay|[upkeep]\n|-heal|p2a: Big-Lu|57\/100 brn|[from] item: Leftovers\n|-damage|p2a: Big-Lu|51\/100 brn|[from] brn\n|upkeep\n|turn|5\n|inactive|GOD RICK ASTLEY has 30 seconds left.\n|inactive|marioman6444 has 30 seconds left.\n|inactive|GOD RICK ASTLEY has 20 seconds left.\n|inactive|marioman6444 has 20 seconds left.\n|inactive|GOD RICK ASTLEY has 15 seconds left.\n|inactive|marioman6444 has 15 seconds left.\n|inactive|GOD RICK ASTLEY has 10 seconds left.\n|inactive|GOD RICK ASTLEY has 5 seconds left.\n|\n|t:|1682401175\n|move|p2b: YOU'RE QUEEN|Protect|p2b: YOU'RE QUEEN\n|-singleturn|p2b: YOU'RE QUEEN|Protect\n|move|p1b: Ceruledge|Bitter Blade|p2a: Big-Lu\n|-damage|p2a: Big-Lu|0 fnt\n|-heal|p1b: Ceruledge|62\/100|[from] drain|[of] p2a: Big-Lu\n|faint|p2a: Big-Lu\n|move|p1a: Torkoal|Flamethrower|p2b: YOU'RE QUEEN\n|-activate|p2b: YOU'RE QUEEN|move: Protect\n|\n|-weather|SunnyDay|[upkeep]\n|upkeep\n|\n|t:|1682401183\n|switch|p2a: UtakeDAmoon!|Roaring Moon, L50, shiny|100\/100\n|-activate|p2a: UtakeDAmoon!|ability: Protosynthesis\n|-start|p2a: UtakeDAmoon!|protosynthesisatk\n|turn|6\n|\n|t:|1682401203\n|move|p2a: UtakeDAmoon!|Acrobatics|p1b: Ceruledge\n|-supereffective|p1b: Ceruledge\n|-damage|p1b: Ceruledge|5\/100\n|move|p1b: Ceruledge|Bitter Blade|p2a: UtakeDAmoon!\n|-resisted|p2a: UtakeDAmoon!\n|-damage|p2a: UtakeDAmoon!|12\/100\n|-heal|p1b: Ceruledge|58\/100|[from] drain|[of] p2a: UtakeDAmoon!\n|move|p2b: YOU'RE QUEEN|High Jump Kick|p1a: Torkoal\n|-damage|p1a: Torkoal|17\/100\n|move|p1a: Torkoal|Will-O-Wisp|p2a: UtakeDAmoon!\n|-status|p2a: UtakeDAmoon!|brn\n|\n|-weather|SunnyDay|[upkeep]\n|-damage|p2a: UtakeDAmoon!|5\/100 brn|[from] brn\n|upkeep\n|turn|7\n|\n|t:|1682401224\n|move|p1a: Torkoal|Protect|p1a: Torkoal\n|-singleturn|p1a: Torkoal|Protect\n|move|p1b: Ceruledge|Shadow Sneak||[still]\n|cant|p2b: YOU'RE QUEEN|ability: Queenly Majesty|Shadow Sneak|[of] p1b: Ceruledge\n|move|p2a: UtakeDAmoon!|Acrobatics|p1b: Ceruledge\n|-supereffective|p1b: Ceruledge\n|-damage|p1b: Ceruledge|32\/100\n|move|p2b: YOU'RE QUEEN|High Jump Kick|p1b: Ceruledge\n|-damage|p1b: Ceruledge|0 fnt\n|faint|p1b: Ceruledge\n|\n|-weather|SunnyDay|[upkeep]\n|-damage|p2a: UtakeDAmoon!|0 fnt|[from] brn\n|faint|p2a: UtakeDAmoon!\n|-end|p2a: UtakeDAmoon!|Protosynthesis|[silent]\n|upkeep\n|\n|t:|1682401232\n|switch|p2a: G Holden GO|Gholdengo, L50|100\/100\n|turn|8\n|c|\u2606marioman6444|Gg\n|\n|t:|1682401241\n|move|p2a: G Holden GO|Shadow Ball|p1a: Torkoal\n|-damage|p1a: Torkoal|0 fnt\n|faint|p1a: Torkoal\n|-damage|p2a: G Holden GO|91\/100|[from] item: Life Orb\n|\n|win|marioman6444\n|raw|GOD RICK ASTLEY's rating: 1070 → 1051<\/strong> (-19 for losing)\n|raw|marioman6444's rating: 1089 → 1114<\/strong> (+25 for winning)\n|l|\u2606GOD RICK ASTLEY\n","uploadtime":1682401255,"views":14,"p1id":"godrickastley","p2id":"marioman6444","formatid":"gen9vgc2023regulationc","rating":1051,"private":0,"password":""}