{"id":"gen9vgc2023regulationc-1860874949","p1":"xopy92","p2":"MaxDOM","format":"[Gen 9] VGC 2023 Regulation C","log":"|j|\u2606xopy92\n|j|\u2606MaxDOM\n|t:|1683688887\n|gametype|doubles\n|player|p1|xopy92|lyra|1069\n|player|p2|MaxDOM|266|1077\n|teamsize|p1|6\n|teamsize|p2|6\n|gen|9\n|tier|[Gen 9] VGC 2023 Regulation C\n|rated|\n|rule|Species Clause: Limit one of each Pok\u00e9mon\n|rule|Item Clause: Limit one of each item\n|clearpoke\n|poke|p1|Meowscarada, L50, M|\n|poke|p1|Vivillon-Fancy, L50, F|\n|poke|p1|Annihilape, L50, M|\n|poke|p1|Palafin, L50, F|\n|poke|p1|Klawf, L50, F|\n|poke|p1|Maushold-Four, L50|\n|poke|p2|Honchkrow, L50, F|\n|poke|p2|Medicham, L50, M|\n|poke|p2|Garchomp, L50, F|\n|poke|p2|Gallade, L50, M|\n|poke|p2|Bronzong, L50|\n|poke|p2|Pachirisu, L50, F|\n|teampreview|4\n|\n|t:|1683688903\n|start\n|switch|p1a: Burglary|Klawf, L50, F|100\/100\n|switch|p1b: Suffering|Maushold-Four, L50|100\/100\n|switch|p2a: Bronzong|Bronzong, L50|100\/100\n|switch|p2b: Garchomp|Garchomp, L50, F|100\/100\n|turn|1\n|\n|t:|1683688921\n|move|p1b: Suffering|Charm|p2b: Garchomp\n|-unboost|p2b: Garchomp|atk|2\n|move|p2b: Garchomp|Earthquake|p1a: Burglary|[spread] p1a,p1b\n|-immune|p2a: Bronzong|[from] ability: Levitate\n|-supereffective|p1a: Burglary\n|-damage|p1a: Burglary|69\/100\n|-damage|p1b: Suffering|72\/100\n|move|p1a: Burglary|Swords Dance|p1a: Burglary\n|-boost|p1a: Burglary|atk|2\n|move|p2a: Bronzong|Trick Room|p2a: Bronzong\n|-fieldstart|move: Trick Room|[of] p2a: Bronzong\n|\n|upkeep\n|turn|2\n|l|\u2606xopy92\n|player|p1|\n|j|\u2606xopy92\n|player|p1|xopy92|lyra\n|\n|t:|1683688984\n|move|p1b: Suffering|Helping Hand|p1a: Burglary\n|-singleturn|p1a: Burglary|Helping Hand|[of] p1b: Suffering\n|move|p2a: Bronzong|Steel Beam|p1a: Burglary\n|-supereffective|p1a: Burglary\n|-damage|p1a: Burglary|0 fnt\n|-damage|p2a: Bronzong|50\/100|[from] steelbeam\n|faint|p1a: Burglary\n|move|p2b: Garchomp|Earthquake|p1b: Suffering|[spread] p1b\n|-immune|p2a: Bronzong|[from] ability: Levitate\n|-damage|p1b: Suffering|43\/100\n|\n|upkeep\n|l|\u2606xopy92\n|player|p1|\n|j|\u2606xopy92\n|player|p1|xopy92|lyra\n|\n|t:|1683689020\n|switch|p1a: Murder|Vivillon-Fancy, L50, F|100\/100\n|turn|3\n|inactive|Battle timer is ON: inactive players will automatically lose when time's up. (requested by MaxDOM)\n|l|\u2606xopy92\n|inactive|xopy92 disconnected and has a minute to reconnect!\n|player|p1|\n|j|\u2606xopy92\n|inactive|xopy92 reconnected and has 80 seconds left.\n|player|p1|xopy92|lyra\n|\n|t:|1683689066\n|move|p2a: Bronzong|Steel Beam|p1b: Suffering\n|-damage|p1b: Suffering|0 fnt\n|-damage|p2a: Bronzong|0 fnt|[from] steelbeam\n|faint|p2a: Bronzong\n|faint|p1b: Suffering\n|move|p1a: Murder|Sleep Powder|p2b: Garchomp\n|-status|p2b: Garchomp|slp|[from] move: Sleep Powder\n|cant|p2b: Garchomp|slp\n|\n|upkeep\n|\n|t:|1683689075\n|switch|p2a: Gallade|Gallade, L50, M|100\/100\n|switch|p1b: WhySheOurple|Palafin, L50, F, shiny|100\/100\n|turn|4\n|\n|t:|1683689089\n|move|p1b: WhySheOurple|Protect|p1b: WhySheOurple\n|-singleturn|p1b: WhySheOurple|Protect\n|move|p2a: Gallade|Leaf Blade|p1b: WhySheOurple\n|-activate|p1b: WhySheOurple|move: Protect\n|move|p1a: Murder|Hurricane|p2a: Gallade\n|-supereffective|p2a: Gallade\n|-damage|p2a: Gallade|0 fnt\n|faint|p2a: Gallade\n|cant|p2b: Garchomp|slp\n|\n|upkeep\n|\n|t:|1683689096\n|switch|p2a: Medicham|Medicham, L50, M|100\/100\n|turn|5\n|\n|t:|1683689119\n|move|p2a: Medicham|Close Combat|p1b: WhySheOurple\n|-damage|p1b: WhySheOurple|0 fnt\n|-unboost|p2a: Medicham|def|1\n|-unboost|p2a: Medicham|spd|1\n|faint|p1b: WhySheOurple\n|-damage|p2a: Medicham|91\/100|[from] item: Life Orb\n|move|p1a: Murder|Hurricane|p2a: Medicham\n|-supereffective|p2a: Medicham\n|-damage|p2a: Medicham|0 fnt\n|faint|p2a: Medicham\n|cant|p2b: Garchomp|slp\n|\n|-fieldend|move: Trick Room\n|upkeep\n|turn|6\n|\n|t:|1683689135\n|-curestatus|p2b: Garchomp|slp|[msg]\n|move|p2b: Garchomp|Swords Dance|p2b: Garchomp\n|-boost|p2b: Garchomp|atk|2\n|move|p1a: Murder|Tailwind|p1a: Murder\n|-sidestart|p1: xopy92|move: Tailwind\n|\n|upkeep\n|turn|7\n|\n|t:|1683689148\n|move|p1a: Murder|Sleep Powder|p2b: Garchomp\n|-status|p2b: Garchomp|slp|[from] move: Sleep Powder\n|cant|p2b: Garchomp|slp\n|\n|upkeep\n|turn|8\n|\n|t:|1683689158\n|move|p1a: Murder|Hurricane|p2b: Garchomp\n|-damage|p2b: Garchomp|47\/100 slp\n|-start|p2b: Garchomp|confusion\n|cant|p2b: Garchomp|slp\n|\n|upkeep\n|turn|9\n|\n|t:|1683689165\n|move|p1a: Murder|Hurricane|p2b: Garchomp\n|-damage|p2b: Garchomp|0 fnt\n|faint|p2b: Garchomp\n|\n|win|xopy92\n|raw|xopy92's rating: 1069 → 1101<\/strong> (+32 for winning)\n|raw|MaxDOM's rating: 1099 → 1072<\/strong> (-27 for losing)\n|c|\u2606xopy92|dude u lost to vivillon\n","uploadtime":1683689194,"views":124,"p1id":"xopy92","p2id":"maxdom","formatid":"gen9vgc2023regulationc","rating":1072,"private":0,"password":""}