{"id":"gen9vgc2023regulationc-1863037242","p1":"XD VIRGO","p2":"gaboxta","format":"[Gen 9] VGC 2023 Regulation C","log":"|j|\u2606XD VIRGO\n|j|\u2606gaboxta\n|t:|1683956719\n|gametype|doubles\n|player|p1|XD VIRGO|depotagent|1147\n|player|p2|gaboxta|1|1056\n|teamsize|p1|6\n|teamsize|p2|6\n|gen|9\n|tier|[Gen 9] VGC 2023 Regulation C\n|rated|\n|rule|Species Clause: Limit one of each Pok\u00e9mon\n|rule|Item Clause: Limit one of each item\n|clearpoke\n|poke|p1|Abomasnow, L50, M|\n|poke|p1|Iron Bundle, L50|\n|poke|p1|Volcarona, L50, M|\n|poke|p1|Murkrow, L50, M|\n|poke|p1|Annihilape, L50, M|\n|poke|p1|Dragonite, L50, F|\n|poke|p2|Torkoal, L50, F|\n|poke|p2|Flutter Mane, L50|\n|poke|p2|Chi-Yu, L50|\n|poke|p2|Great Tusk, L50|\n|poke|p2|Roaring Moon, L50|\n|poke|p2|Lilligant, L50, F|\n|teampreview|4\n|inactive|Battle timer is ON: inactive players will automatically lose when time's up. (requested by gaboxta)\n|inactive|gaboxta has 60 seconds left.\n|\n|t:|1683956769\n|start\n|switch|p1a: Genji|Volcarona, L50, M|100\/100\n|switch|p1b: Shoma|Murkrow, L50, M|100\/100\n|switch|p2a: Torkoal|Torkoal, L50, F|100\/100\n|switch|p2b: Flutter Mane|Flutter Mane, L50|100\/100\n|-weather|SunnyDay|[from] ability: Drought|[of] p2a: Torkoal\n|-activate|p2b: Flutter Mane|ability: Protosynthesis\n|-start|p2b: Flutter Mane|protosynthesisspa\n|turn|1\n|\n|t:|1683956790\n|-terastallize|p2b: Flutter Mane|Fairy\n|move|p1a: Genji|Protect|p1a: Genji\n|-singleturn|p1a: Genji|Protect\n|move|p1b: Shoma|Tailwind|p1b: Shoma\n|-sidestart|p1: XD VIRGO|move: Tailwind\n|move|p2b: Flutter Mane|Dazzling Gleam|p1b: Shoma|[spread] p1b\n|-activate|p1a: Genji|move: Protect\n|-supereffective|p1b: Shoma\n|-damage|p1b: Shoma|0 fnt\n|faint|p1b: Shoma\n|-damage|p2b: Flutter Mane|90\/100|[from] item: Life Orb\n|move|p2a: Torkoal|Eruption|p1a: Genji\n|-activate|p1a: Genji|move: Protect\n|\n|-weather|SunnyDay|[upkeep]\n|upkeep\n|\n|t:|1683956802\n|switch|p1b: Saratomi|Abomasnow, L50, M, shiny|100\/100\n|-weather|Snow|[from] ability: Snow Warning|[of] p1b: Saratomi\n|-end|p2b: Flutter Mane|Protosynthesis\n|turn|2\n|\n|t:|1683956823\n|switch|p2a: Chi-Yu|Chi-Yu, L50|100\/100\n|-ability|p2a: Chi-Yu|Beads of Ruin\n|move|p1a: Genji|Quiver Dance|p1a: Genji\n|-boost|p1a: Genji|spa|1\n|-boost|p1a: Genji|spd|1\n|-boost|p1a: Genji|spe|1\n|move|p2b: Flutter Mane|Mystical Fire|p1b: Saratomi\n|-supereffective|p1b: Saratomi\n|-damage|p1b: Saratomi|0 fnt\n|faint|p1b: Saratomi\n|-damage|p2b: Flutter Mane|80\/100|[from] item: Life Orb\n|\n|-weather|Snow|[upkeep]\n|upkeep\n|j| A Borygon\n|\n|t:|1683956837\n|switch|p1b: Shinji|Iron Bundle, L50|100\/100\n|-enditem|p1b: Shinji|Booster Energy\n|-activate|p1b: Shinji|ability: Quark Drive|[fromitem]\n|-start|p1b: Shinji|quarkdrivespe\n|turn|3\n|\n|t:|1683956858\n|move|p1b: Shinji|Aurora Veil|p1b: Shinji\n|-sidestart|p1: XD VIRGO|move: Aurora Veil\n|move|p1a: Genji|Fiery Dance|p2b: Flutter Mane\n|-damage|p2b: Flutter Mane|0 fnt\n|faint|p2b: Flutter Mane\n|-end|p2b: Flutter Mane|Protosynthesis|[silent]\n|move|p2a: Chi-Yu|Ruination|p1a: Genji\n|-damage|p1a: Genji|51\/100\n|\n|-weather|Snow|[upkeep]\n|upkeep\n|\n|t:|1683956866\n|switch|p2b: Torkoal|Torkoal, L50, F|100\/100\n|-weather|SunnyDay|[from] ability: Drought|[of] p2b: Torkoal\n|turn|4\n|\n|t:|1683956888\n|-terastallize|p1b: Shinji|Ghost\n|move|p1b: Shinji|Hydro Pump|p2b: Torkoal\n|-supereffective|p2b: Torkoal\n|-damage|p2b: Torkoal|18\/100\n|move|p1a: Genji|Fiery Dance|p2b: Torkoal\n|-resisted|p2b: Torkoal\n|-damage|p2b: Torkoal|0 fnt\n|faint|p2b: Torkoal\n|move|p2a: Chi-Yu|Overheat|p1b: Shinji\n|-damage|p1b: Shinji|0 fnt\n|-unboost|p2a: Chi-Yu|spa|2\n|faint|p1b: Shinji\n|-end|p1b: Shinji|Quark Drive|[silent]\n|\n|-weather|SunnyDay|[upkeep]\n|-sideend|p1: XD VIRGO|move: Tailwind\n|upkeep\n|\n|t:|1683956898\n|switch|p2b: Great Tusk|Great Tusk, L50|100\/100\n|-activate|p2b: Great Tusk|ability: Protosynthesis\n|-start|p2b: Great Tusk|protosynthesisatk\n|turn|5\n|\n|t:|1683956905\n|move|p1a: Genji|Giga Drain|p2b: Great Tusk\n|-supereffective|p2b: Great Tusk\n|-damage|p2b: Great Tusk|0 fnt\n|-heal|p1a: Genji|100\/100|[from] drain|[of] p2b: Great Tusk\n|faint|p2b: Great Tusk\n|-end|p2b: Great Tusk|Protosynthesis|[silent]\n|move|p2a: Chi-Yu|Ruination|p1a: Genji\n|-damage|p1a: Genji|51\/100\n|\n|-weather|SunnyDay|[upkeep]\n|upkeep\n|turn|6\n|\n|t:|1683956916\n|move|p1a: Genji|Fiery Dance|p2a: Chi-Yu\n|-resisted|p2a: Chi-Yu\n|-damage|p2a: Chi-Yu|44\/100\n|move|p2a: Chi-Yu|Ruination|p1a: Genji\n|-damage|p1a: Genji|26\/100\n|\n|-weather|SunnyDay|[upkeep]\n|upkeep\n|turn|7\n|-message|gaboxta forfeited.\n|\n|win|XD VIRGO\n|raw|XD VIRGO's rating: 1147 → 1166<\/strong> (+19 for winning)\n|raw|gaboxta's rating: 1056 → 1042<\/strong> (-14 for losing)\n|l|\u2606gaboxta\n|c|\u2606XD VIRGO|gg\n","uploadtime":1683956945,"views":10,"p1id":"xdvirgo","p2id":"gaboxta","formatid":"gen9vgc2023regulationc","rating":1042,"private":0,"password":""}