{"id":"gen9vgc2023regulationc-1844879028","p1":"Buddha_7","p2":"WE SilentVGC","format":"[Gen 9] VGC 2023 Regulation C","log":"|j|\u2606Buddha_7\n|j|\u2606WE SilentVGC\n|t:|1681659647\n|gametype|doubles\n|player|p1|Buddha_7|bruno|1174\n|player|p2|WE SilentVGC|drayden|1194\n|teamsize|p1|6\n|teamsize|p2|6\n|gen|9\n|tier|[Gen 9] VGC 2023 Regulation C\n|rated|\n|rule|Species Clause: Limit one of each Pok\u00e9mon\n|rule|Item Clause: Limit one of each item\n|clearpoke\n|poke|p1|Flutter Mane, L50|\n|poke|p1|Glimmora, L50, F|\n|poke|p1|Wo-Chien, L50|\n|poke|p1|Garganacl, L50, M|\n|poke|p1|Gyarados, L50, F|\n|poke|p1|Arcanine, L50, F|\n|poke|p2|Iron Bundle, L50|\n|poke|p2|Iron Moth, L50|\n|poke|p2|Pachirisu, L50, M|\n|poke|p2|Tinkaton, L50, F|\n|poke|p2|Gyarados, L50, M|\n|poke|p2|Wo-Chien, L50|\n|teampreview|4\n|inactive|Battle timer is ON: inactive players will automatically lose when time's up. (requested by Buddha_7)\nWE SilentVGC has agreed to open team sheets.\n|inactive|WE SilentVGC has 60 seconds left.\n|inactive|WE SilentVGC has 30 seconds left.\n|\n|t:|1681659714\n|start\n|switch|p1a: Flutter Mane|Flutter Mane, L50|100\/100\n|switch|p1b: Glimmora|Glimmora, L50, F|100\/100\n|switch|p2a: Crimson|Iron Moth, L50, shiny|100\/100\n|switch|p2b: Tinkaton|Tinkaton, L50, F|100\/100\n|-ability|p2b: Tinkaton|Mold Breaker\n|turn|1\n|inactive|WE SilentVGC has 30 seconds left.\n|\n|t:|1681659744\n|-end|p2a: Crimson|Quark Drive|[silent]\n|switch|p2a: Leshen|Wo-Chien, L50|100\/100\n|-ability|p2a: Leshen|Tablets of Ruin\n|move|p1a: Flutter Mane|Icy Wind|p2b: Tinkaton|[spread] p2a,p2b\n|-supereffective|p2a: Leshen\n|-resisted|p2b: Tinkaton\n|-damage|p2a: Leshen|81\/100\n|-damage|p2b: Tinkaton|93\/100\n|-unboost|p2a: Leshen|spe|1\n|-unboost|p2b: Tinkaton|spe|1\n|move|p1b: Glimmora|Toxic Spikes|p2b: Tinkaton\n|-sidestart|p2: WE SilentVGC|move: Toxic Spikes\n|move|p2b: Tinkaton|Gigaton Hammer|p1b: Glimmora\n|-supereffective|p1b: Glimmora\n|-damage|p1b: Glimmora|22\/100\n|-activate|p1b: Glimmora|ability: Toxic Debris\n|-sidestart|p2: WE SilentVGC|move: Toxic Spikes\n|-enditem|p1b: Glimmora|Wiki Berry|[eat]\n|-heal|p1b: Glimmora|55\/100|[from] item: Wiki Berry\n|\n|-heal|p2a: Leshen|87\/100|[from] item: Leftovers\n|upkeep\n|turn|2\n|inactive|Buddha_7 has 30 seconds left.\n|inactive|WE SilentVGC has 30 seconds left.\n|\n|t:|1681659774\n|switch|p1b: Gyarados|Gyarados, L50, F|100\/100\n|-ability|p1b: Gyarados|Intimidate|boost\n|-unboost|p2a: Leshen|atk|1\n|-unboost|p2b: Tinkaton|atk|1\n|-terastallize|p2a: Leshen|Poison\n|move|p1a: Flutter Mane|Icy Wind|p2b: Tinkaton|[spread] p2a,p2b\n|-resisted|p2b: Tinkaton\n|-damage|p2a: Leshen|77\/100\n|-damage|p2b: Tinkaton|87\/100\n|-unboost|p2a: Leshen|spe|1\n|-unboost|p2b: Tinkaton|spe|1\n|move|p2b: Tinkaton|Light Screen|p2b: Tinkaton\n|-sidestart|p2: WE SilentVGC|move: Light Screen\n|move|p2a: Leshen|Leech Seed|p1a: Flutter Mane\n|-start|p1a: Flutter Mane|move: Leech Seed\n|\n|-heal|p2a: Leshen|83\/100|[from] item: Leftovers\n|-damage|p1a: Flutter Mane|88\/100|[from] Leech Seed|[of] p2a: Leshen\n|-heal|p2a: Leshen|92\/100|[silent]\n|upkeep\n|turn|3\n|\n|t:|1681659799\n|-end|p1a: Flutter Mane|Protosynthesis|[silent]\n|switch|p1a: Garganacl|Garganacl, L50, M|100\/100\n|switch|p2b: Crimson|Iron Moth, L50, shiny|100\/100\n|-sideend|p2: WE SilentVGC|move: Toxic Spikes|[of] p2b: Crimson\n|move|p1b: Gyarados|Taunt|p2a: Leshen\n|-start|p2a: Leshen|move: Taunt\n|cant|p2a: Leshen|move: Taunt|Leech Seed\n|\n|-heal|p2a: Leshen|98\/100|[from] item: Leftovers\n|upkeep\n|turn|4\n|inactive|Buddha_7 has 30 seconds left.\n|\n|t:|1681659829\n|move|p2b: Crimson|Protect|p2b: Crimson\n|-singleturn|p2b: Crimson|Protect\n|move|p1a: Garganacl|Protect|p1a: Garganacl\n|-singleturn|p1a: Garganacl|Protect\n|move|p1b: Gyarados|Thunder Wave|p2b: Crimson\n|-activate|p2b: Crimson|move: Protect\n|move|p2a: Leshen|Ruination|p1a: Garganacl\n|-activate|p1a: Garganacl|move: Protect\n|\n|-heal|p2a: Leshen|100\/100|[from] item: Leftovers\n|upkeep\n|turn|5\n|\n|t:|1681659851\n|-end|p2b: Crimson|Quark Drive|[silent]\n|switch|p2b: Tinkaton|Tinkaton, L50, F|87\/100\n|-ability|p2b: Tinkaton|Mold Breaker\n|move|p1b: Gyarados|Thunder Wave|p2a: Leshen\n|-status|p2a: Leshen|par\n|move|p1a: Garganacl|Dig||[still]\n|-prepare|p1a: Garganacl|Dig\n|move|p2a: Leshen|Ruination|p1b: Gyarados\n|-damage|p1b: Gyarados|50\/100\n|\n|-end|p2a: Leshen|move: Taunt\n|upkeep\n|turn|6\n|\n|t:|1681659872\n|move|p2b: Tinkaton|Fake Out|p1b: Gyarados\n|-damage|p1b: Gyarados|43\/100\n|move|p1b: Gyarados|Taunt|p2a: Leshen\n|-start|p2a: Leshen|move: Taunt\n|move|p1a: Garganacl|Dig|p2b: Tinkaton|[from]lockedmove\n|-supereffective|p2b: Tinkaton\n|-damage|p2b: Tinkaton|55\/100\n|cant|p2a: Leshen|move: Taunt|Leech Seed\n|\n|-sideend|p2: WE SilentVGC|move: Light Screen\n|upkeep\n|turn|7\n|\n|t:|1681659889\n|move|p2b: Tinkaton|Light Screen|p2b: Tinkaton\n|-sidestart|p2: WE SilentVGC|move: Light Screen\n|move|p1b: Gyarados|Thunder Wave|p2b: Tinkaton\n|-status|p2b: Tinkaton|par\n|move|p1a: Garganacl|Salt Cure|p2a: Leshen\n|-damage|p2a: Leshen|92\/100 par\n|-start|p2a: Leshen|Salt Cure\n|move|p2a: Leshen|Pollen Puff|p2b: Tinkaton\n|-heal|p2b: Tinkaton|100\/100 par\n|\n|-heal|p2a: Leshen|98\/100 par|[from] item: Leftovers\n|-damage|p2a: Leshen|86\/100 par|[from] Salt Cure\n|upkeep\n|turn|8\n|inactive|Buddha_7 has 30 seconds left.\n|\n|t:|1681659917\n|switch|p2a: Iron Bundle|Iron Bundle, L50|100\/100\n|move|p1b: Gyarados|Taunt|p2b: Tinkaton\n|-start|p2b: Tinkaton|move: Taunt\n|move|p2b: Tinkaton|Gigaton Hammer|p1a: Garganacl\n|-supereffective|p1a: Garganacl\n|-damage|p1a: Garganacl|44\/100\n|move|p1a: Garganacl|Salt Cure|p2b: Tinkaton\n|-resisted|p2b: Tinkaton\n|-damage|p2b: Tinkaton|92\/100 par\n|-start|p2b: Tinkaton|Salt Cure\n|\n|-heal|p1a: Garganacl|50\/100|[from] item: Leftovers\n|-damage|p2b: Tinkaton|68\/100 par|[from] Salt Cure\n|upkeep\n|turn|9\n|inactive|Buddha_7 has 30 seconds left.\n|\n|t:|1681659942\n|switch|p2b: Crimson|Iron Moth, L50, shiny|100\/100\n|move|p2a: Iron Bundle|Protect|p2a: Iron Bundle\n|-singleturn|p2a: Iron Bundle|Protect\n|move|p1b: Gyarados|Thunder Wave|p2a: Iron Bundle\n|-activate|p2a: Iron Bundle|move: Protect\n|move|p1a: Garganacl|Salt Cure|p2a: Iron Bundle\n|-activate|p2a: Iron Bundle|move: Protect\n|\n|-heal|p1a: Garganacl|56\/100|[from] item: Leftovers\n|upkeep\n|turn|10\n|inactive|Buddha_7 has 30 seconds left.\n|\n|t:|1681659975\n|-terastallize|p1b: Gyarados|Ground\n|move|p2a: Iron Bundle|Freeze-Dry|p1b: Gyarados\n|-supereffective|p1b: Gyarados\n|-damage|p1b: Gyarados|0 fnt\n|faint|p1b: Gyarados\n|move|p2b: Crimson|Energy Ball|p1a: Garganacl\n|-supereffective|p1a: Garganacl\n|-damage|p1a: Garganacl|0 fnt\n|faint|p1a: Garganacl\n|-damage|p2b: Crimson|91\/100|[from] item: Life Orb\n|\n|upkeep\n|\n|t:|1681659981\n|switch|p1b: Glimmora|Glimmora, L50, F|55\/100\n|switch|p1a: Flutter Mane|Flutter Mane, L50|88\/100\n|turn|11\n|\n|t:|1681659999\n|move|p2b: Crimson|Protect|p2b: Crimson\n|-singleturn|p2b: Crimson|Protect\n|move|p2a: Iron Bundle|Icy Wind|p1b: Glimmora|[spread] p1a,p1b\n|-damage|p1a: Flutter Mane|69\/100\n|-damage|p1b: Glimmora|34\/100\n|-unboost|p1a: Flutter Mane|spe|1\n|-unboost|p1b: Glimmora|spe|1\n|-enditem|p1a: Flutter Mane|Red Card|[of] p2a: Iron Bundle\n|-end|p2a: Iron Bundle|Quark Drive|[silent]\n|drag|p2a: Tinkaton|Tinkaton, L50, F|68\/100 par\n|-ability|p2a: Tinkaton|Mold Breaker\n|move|p1a: Flutter Mane|Icy Wind|p2a: Tinkaton|[spread] p2a\n|-activate|p2b: Crimson|move: Protect\n|-resisted|p2a: Tinkaton\n|-damage|p2a: Tinkaton|63\/100 par\n|-unboost|p2a: Tinkaton|spe|1\n|move|p1b: Glimmora|Power Gem|p2b: Crimson\n|-activate|p2b: Crimson|move: Protect\n|\n|-sideend|p2: WE SilentVGC|move: Light Screen\n|upkeep\n|turn|12\n|c|\u2606Buddha_7|Gg\n|c|\u2606WE SilentVGC|gg\n|\n|t:|1681660018\n|move|p2a: Tinkaton|Helping Hand|p2b: Crimson\n|-singleturn|p2b: Crimson|Helping Hand|[of] p2a: Tinkaton\n|move|p2b: Crimson|Sludge Wave|p1a: Flutter Mane|[spread] p1a,p1b\n|-immune|p2a: Tinkaton\n|-resisted|p1b: Glimmora\n|-damage|p1a: Flutter Mane|0 fnt\n|-damage|p1b: Glimmora|15\/100\n|faint|p1a: Flutter Mane\n|-end|p1a: Flutter Mane|Protosynthesis|[silent]\n|-damage|p2b: Crimson|82\/100|[from] item: Life Orb\n|move|p1b: Glimmora|Power Gem|p2b: Crimson\n|-supereffective|p2b: Crimson\n|-damage|p2b: Crimson|0 fnt\n|faint|p2b: Crimson\n|-end|p2b: Crimson|Quark Drive|[silent]\n|\n|upkeep\n|c|\u2606Buddha_7|Best of 3?\n|inactive|WE SilentVGC has 30 seconds left.\n|inactive|WE SilentVGC has 20 seconds left.\n|inactive|WE SilentVGC has 15 seconds left.\n|\n|t:|1681660062\n|switch|p2b: Iron Bundle|Iron Bundle, L50|100\/100\n|turn|13\n|\n|t:|1681660069\n|move|p2b: Iron Bundle|Freeze-Dry|p1b: Glimmora\n|-damage|p1b: Glimmora|0 fnt\n|faint|p1b: Glimmora\n|\n|win|WE SilentVGC\n|raw|Buddha_7's rating: 1174 → 1150<\/strong> (-24 for losing)\n|raw|WE SilentVGC's rating: 1194 → 1218<\/strong> (+24 for winning)\n|l|\u2606Buddha_7\n|c|\u2606WE SilentVGC|nah, just with people who accept OS\n","uploadtime":1681660099,"views":20,"p1id":"buddha7","p2id":"wesilentvgc","formatid":"gen9vgc2023regulationc","rating":1150,"private":0,"password":""}