{"id":"gen9vgc2023regulationc-1858367846","p1":"Dunkler Georg","p2":"SableyeVGC 11","format":"[Gen 9] VGC 2023 Regulation C","log":"|j|\u2606Dunkler Georg\n|j|\u2606SableyeVGC 11\n|t:|1683305875\n|gametype|doubles\n|player|p1|Dunkler Georg|lance-gen2|\n|player|p2|SableyeVGC 11|#vgcwlzoruas|\n|teamsize|p1|6\n|teamsize|p2|6\n|gen|9\n|tier|[Gen 9] VGC 2023 Regulation C\n|rule|Species Clause: Limit one of each Pok\u00e9mon\n|rule|Item Clause: Limit one of each item\n|clearpoke\n|poke|p1|Orthworm, L50, M|\n|poke|p1|Ting-Lu, L50|\n|poke|p1|Dragonite, L50, F|\n|poke|p1|Gyarados, L50, M|\n|poke|p1|Chien-Pao, L50|\n|poke|p1|Flutter Mane, L50|\n|poke|p2|Glimmora, L50, M|\n|poke|p2|Dragonite, L50, M|\n|poke|p2|Dondozo, L50, M|\n|poke|p2|Tatsugiri-Droopy, L50, F|\n|poke|p2|Chi-Yu, L50|\n|poke|p2|Iron Bundle, L50|\n|teampreview|4\n|c|\u2606SableyeVGC 11|g1\n|c|\u2606Dunkler Georg|\/log Dunkler Georg made this room public.\nDunkler Georg has agreed to open team sheets.\nSableyeVGC 11 has agreed to open team sheets.\n|j| pwny person\n|j| tyo\n|j| Borghi\n|j| superstar jamie\n|j| abhayfive\n|j| fabulous dondozo\n|j| Pokemon19385\n|l| Pokemon19385\n|j| Pokemon19385\n|c|\u2606SableyeVGC 11|glhf\n|c| Borghi|Vamos\n|c|\u2606Dunkler Georg|glhf\n|j| Robbie35646\n|\n|t:|1683306022\n|start\n|switch|p1a: Flutter Mane|Flutter Mane, L50|100\/100\n|switch|p1b: Ting-Lu|Ting-Lu, L50|100\/100\n|switch|p2a: Dondozo|Dondozo, L50, M|100\/100\n|switch|p2b: Iron Bundle|Iron Bundle, L50, shiny|100\/100\n|-ability|p1b: Ting-Lu|Vessel of Ruin\n|-enditem|p2b: Iron Bundle|Booster Energy\n|-activate|p2b: Iron Bundle|ability: Quark Drive|[fromitem]\n|-start|p2b: Iron Bundle|quarkdrivespe\n|-enditem|p1a: Flutter Mane|Booster Energy\n|-activate|p1a: Flutter Mane|ability: Protosynthesis|[fromitem]\n|-start|p1a: Flutter Mane|protosynthesisspa\n|turn|1\n|l| Pokemon19385\n|j| Pokemon19385\n|\n|t:|1683306064\n|move|p2b: Iron Bundle|Protect|p2b: Iron Bundle\n|-singleturn|p2b: Iron Bundle|Protect\n|move|p1a: Flutter Mane|Protect|p1a: Flutter Mane\n|-singleturn|p1a: Flutter Mane|Protect\n|move|p2a: Dondozo|Protect|p2a: Dondozo\n|-singleturn|p2a: Dondozo|Protect\n|move|p1b: Ting-Lu|Earthquake|p2a: Dondozo|[spread] \n|-activate|p1a: Flutter Mane|move: Protect\n|-activate|p2a: Dondozo|move: Protect\n|-activate|p2b: Iron Bundle|move: Protect\n|\n|upkeep\n|turn|2\n|l| Pokemon19385\n|\n|t:|1683306094\n|-end|p2b: Iron Bundle|Quark Drive|[silent]\n|switch|p2b: Tatsugiri|Tatsugiri-Droopy, L50, F|100\/100\n|-activate|p2b: Tatsugiri|ability: Commander|[of] p2a: Dondozo\n|-boost|p2a: Dondozo|atk|2\n|-boost|p2a: Dondozo|spa|2\n|-boost|p2a: Dondozo|spe|2\n|-boost|p2a: Dondozo|def|2\n|-boost|p2a: Dondozo|spd|2\n|move|p1a: Flutter Mane|Dazzling Gleam|p2b: Tatsugiri|[spread] p2a\n|-miss|p1a: Flutter Mane|p2b: Tatsugiri\n|-damage|p2a: Dondozo|87\/100\n|move|p2a: Dondozo|Wave Crash|p1b: Ting-Lu\n|-supereffective|p1b: Ting-Lu\n|-damage|p1b: Ting-Lu|0 fnt\n|faint|p1b: Ting-Lu\n|-damage|p2a: Dondozo|53\/100|[from] Recoil\n|\n|-heal|p2a: Dondozo|59\/100|[from] item: Leftovers\n|upkeep\n|j| Nadir Servant\n|\n|t:|1683306106\n|switch|p1b: Chien-Pao|Chien-Pao, L50|100\/100\n|-ability|p1b: Chien-Pao|Sword of Ruin\n|turn|3\n|\n|t:|1683306126\n|move|p1b: Chien-Pao|Haze|p1b: Chien-Pao\n|-clearallboost\n|move|p1a: Flutter Mane|Moonblast|p2a: Dondozo\n|-damage|p2a: Dondozo|2\/100\n|move|p2a: Dondozo|Earthquake|p1b: Chien-Pao|[spread] p1a,p1b\n|-miss|p2a: Dondozo|p2b: Tatsugiri\n|-damage|p1a: Flutter Mane|63\/100\n|-damage|p1b: Chien-Pao|73\/100\n|\n|-heal|p2a: Dondozo|8\/100|[from] item: Leftovers\n|upkeep\n|turn|4\n|l| Robbie35646\n|\n|t:|1683306143\n|move|p1b: Chien-Pao|Ice Spinner|p2a: Dondozo\n|-resisted|p2a: Dondozo\n|-damage|p2a: Dondozo|0 fnt\n|faint|p2a: Dondozo\n|move|p1a: Flutter Mane|Moonblast|p2b: Tatsugiri\n|-supereffective|p2b: Tatsugiri\n|-damage|p2b: Tatsugiri|0 fnt\n|faint|p2b: Tatsugiri\n|\n|upkeep\n|j| MichaelderBeste2\n|\n|t:|1683306152\n|switch|p2b: Chi-Yu|Chi-Yu, L50|100\/100\n|switch|p2a: Iron Bundle|Iron Bundle, L50, shiny|100\/100\n|-ability|p2b: Chi-Yu|Beads of Ruin\n|turn|5\n|j| Pokemon19385\n|\n|t:|1683306184\n|move|p1a: Flutter Mane|Protect|p1a: Flutter Mane\n|-singleturn|p1a: Flutter Mane|Protect\n|move|p1b: Chien-Pao|Sucker Punch|p2a: Iron Bundle\n|-damage|p2a: Iron Bundle|45\/100\n|move|p2a: Iron Bundle|Icy Wind|p1b: Chien-Pao|[spread] p1b\n|-activate|p1a: Flutter Mane|move: Protect\n|-resisted|p1b: Chien-Pao\n|-damage|p1b: Chien-Pao|50\/100\n|-unboost|p1b: Chien-Pao|spe|1\n|move|p2b: Chi-Yu|Heat Wave|p1a: Flutter Mane|[spread] p1b\n|-activate|p1a: Flutter Mane|move: Protect\n|-supereffective|p1b: Chien-Pao\n|-damage|p1b: Chien-Pao|0 fnt\n|faint|p1b: Chien-Pao\n|\n|upkeep\n|\n|t:|1683306192\n|switch|p1b: Dragonite|Dragonite, L50, F|100\/100\n|turn|6\n|l| Pokemon19385\n|j| Pokemon19385\n|j| david Michaelson\n|l| david Michaelson\n|\n|t:|1683306275\n|-terastallize|p1b: Dragonite|Flying\n|move|p1a: Flutter Mane|Protect||[still]\n|-fail|p1a: Flutter Mane\n|move|p2a: Iron Bundle|Icy Wind|p1a: Flutter Mane|[spread] p1a,p1b\n|-supereffective|p1b: Dragonite\n|-damage|p1a: Flutter Mane|36\/100\n|-damage|p1b: Dragonite|75\/100\n|-unboost|p1a: Flutter Mane|spe|1\n|-unboost|p1b: Dragonite|spe|1\n|move|p2b: Chi-Yu|Heat Wave|p1a: Flutter Mane|[spread] p1a,p1b\n|-damage|p1a: Flutter Mane|0 fnt\n|-damage|p1b: Dragonite|26\/100\n|faint|p1a: Flutter Mane\n|-end|p1a: Flutter Mane|Protosynthesis|[silent]\n|move|p1b: Dragonite|Earthquake|p2b: Chi-Yu|[spread] p2a,p2b\n|-supereffective|p2b: Chi-Yu\n|-damage|p2a: Iron Bundle|13\/100\n|-damage|p2b: Chi-Yu|13\/100\n|\n|upkeep\n|turn|7\n|l| Pokemon19385\n|\n|t:|1683306298\n|move|p1b: Dragonite|Extreme Speed|p2a: Iron Bundle\n|-damage|p2a: Iron Bundle|0 fnt\n|faint|p2a: Iron Bundle\n|-end|p2a: Iron Bundle|Quark Drive|[silent]\n|move|p2b: Chi-Yu|Dark Pulse|p1b: Dragonite\n|-damage|p1b: Dragonite|0 fnt\n|faint|p1b: Dragonite\n|\n|win|SableyeVGC 11\n|c|\u2606Dunkler Georg|gg\n|c|\u2606SableyeVGC 11|gg\n|l| fabulous dondozo\n|l| Borghi\n|j| Pokemon19385\n|l| pwny person\n|l| MichaelderBeste2\n|j| calvonix\n|j| Robbie35646\n|l| Robbie35646\n|j| Robbie35646\n|l| Robbie35646\n|l| abhayfive\n|l| calvonix\n|l| tyo\n|l| superstar jamie\n|l| Nadir Servant\n|l| Pokemon19385\n|l|\u2606SableyeVGC 11\n|j|\u2606SableyeVGC 11\n|player|p2|SableyeVGC 11|#vgcwlzoruas\n","uploadtime":1683307146,"views":25,"p1id":"dunklergeorg","p2id":"sableyevgc11","formatid":"gen9vgc2023regulationc","rating":0,"private":0,"password":""}