{"id":"gen9vgc2023regulationc-1864222968","p1":"SIGYLYFH","p2":"TonyJazs","format":"[Gen 9] VGC 2023 Regulation C","log":"|j|\u2606SIGYLYFH\n|j|\u2606TonyJazs\n|t:|1684139725\n|gametype|doubles\n|player|p1|SIGYLYFH|169|1113\n|player|p2|TonyJazs|brawly|1000\n|teamsize|p1|6\n|teamsize|p2|6\n|gen|9\n|tier|[Gen 9] VGC 2023 Regulation C\n|rated|\n|rule|Species Clause: Limit one of each Pok\u00e9mon\n|rule|Item Clause: Limit one of each item\n|clearpoke\n|poke|p1|Iron Hands, L50|\n|poke|p1|Amoonguss, L50, F|\n|poke|p1|Pelipper, L50, F|\n|poke|p1|Palafin, L50, M|\n|poke|p1|Dragonite, L50, F|\n|poke|p1|Chien-Pao, L50|\n|poke|p2|Sableye, L50, F|\n|poke|p2|Eelektross, L50, M|\n|poke|p2|Flutter Mane, L50|\n|poke|p2|Garganacl, L50, F|\n|poke|p2|Great Tusk, L50|\n|poke|p2|Wo-Chien, L50|\n|teampreview|4\n|inactive|Battle timer is ON: inactive players will automatically lose when time's up. (requested by TonyJazs)\nSIGYLYFH has agreed to open team sheets.\n|inactive|SIGYLYFH has 60 seconds left.\n|\n|t:|1684139759\n|start\n|switch|p1a: Postit|Iron Hands, L50|100\/100\n|switch|p1b: Chien-Pao|Chien-Pao, L50|100\/100\n|switch|p2a: Sableye|Sableye, L50, F, shiny|100\/100\n|switch|p2b: Eelektross|Eelektross, L50, M, shiny|100\/100\n|-ability|p1b: Chien-Pao|Sword of Ruin\n|turn|1\n|\n|t:|1684139780\n|-terastallize|p2b: Eelektross|Fire\n|move|p1a: Postit|Fake Out|p2b: Eelektross\n|-damage|p2b: Eelektross|81\/100\n|move|p2a: Sableye|Fake Out|p1b: Chien-Pao\n|-damage|p1b: Chien-Pao|89\/100\n|cant|p1b: Chien-Pao|flinch\n|cant|p2b: Eelektross|flinch\n|\n|upkeep\n|turn|2\n|\n|t:|1684139795\n|switch|p1b: Rim|Pelipper, L50, F|100\/100\n|-weather|RainDance|[from] ability: Drizzle|[of] p1b: Rim\n|move|p1a: Postit|Wild Charge|p2a: Sableye\n|-damage|p2a: Sableye|36\/100\n|-enditem|p2a: Sableye|Sitrus Berry|[eat]\n|-heal|p2a: Sableye|61\/100|[from] item: Sitrus Berry\n|-damage|p1a: Postit|91\/100|[from] Recoil\n|move|p2a: Sableye|Knock Off|p1a: Postit\n|-resisted|p1a: Postit\n|-damage|p1a: Postit|81\/100\n|-enditem|p1a: Postit|Assault Vest|[from] move: Knock Off|[of] p2a: Sableye\n|move|p2b: Eelektross|Flamethrower|p1b: Rim\n|-resisted|p1b: Rim\n|-damage|p1b: Rim|83\/100\n|\n|-weather|RainDance|[upkeep]\n|upkeep\n|turn|3\n|inactive|SIGYLYFH has 30 seconds left.\n|\n|t:|1684139826\n|move|p2a: Sableye|Quash|p1b: Rim\n|-activate|p1b: Rim|move: Quash\n|move|p1a: Postit|Wild Charge|p2a: Sableye\n|-damage|p2a: Sableye|0 fnt\n|faint|p2a: Sableye\n|-damage|p1a: Postit|73\/100|[from] Recoil\n|move|p2b: Eelektross|Thunderbolt|p1b: Rim\n|-supereffective|p1b: Rim\n|-crit|p1b: Rim\n|-damage|p1b: Rim|0 fnt\n|faint|p1b: Rim\n|\n|-weather|RainDance|[upkeep]\n|upkeep\n|\n|t:|1684139847\n|switch|p1b: Chien-Pao|Chien-Pao, L50|89\/100\n|switch|p2a: Flutter Mane|Flutter Mane, L50, shiny|100\/100\n|-ability|p1b: Chien-Pao|Sword of Ruin\n|turn|4\n|\n|t:|1684139876\n|-end|p1a: Postit|Quark Drive|[silent]\n|switch|p1a: Aslunguss|Amoonguss, L50, F, shiny|100\/100\n|-terastallize|p1b: Chien-Pao|Dark\n|move|p1b: Chien-Pao|Sucker Punch||[still]\n|-fail|p1b: Chien-Pao\n|move|p2a: Flutter Mane|Sunny Day|p2a: Flutter Mane\n|-weather|SunnyDay\n|-activate|p2a: Flutter Mane|ability: Protosynthesis\n|-start|p2a: Flutter Mane|protosynthesisspd\n|move|p2b: Eelektross|Flamethrower|p1b: Chien-Pao\n|-damage|p1b: Chien-Pao|0 fnt\n|faint|p1b: Chien-Pao\n|\n|-weather|SunnyDay|[upkeep]\n|upkeep\n|\n|t:|1684139886\n|switch|p1b: Postit|Iron Hands, L50|73\/100\n|turn|5\n|\n|t:|1684139899\n|move|p1a: Aslunguss|Protect|p1a: Aslunguss\n|-singleturn|p1a: Aslunguss|Protect\n|move|p2a: Flutter Mane|Dazzling Gleam|p1b: Postit|[spread] p1b\n|-activate|p1a: Aslunguss|move: Protect\n|-supereffective|p1b: Postit\n|-damage|p1b: Postit|34\/100\n|move|p1b: Postit|Wild Charge|p2a: Flutter Mane\n|-damage|p2a: Flutter Mane|20\/100\n|-damage|p1b: Postit|20\/100|[from] Recoil\n|move|p2b: Eelektross|Flamethrower|p1a: Aslunguss\n|-activate|p1a: Aslunguss|move: Protect\n|\n|-weather|SunnyDay|[upkeep]\n|upkeep\n|turn|6\n|\n|t:|1684139920\n|move|p2a: Flutter Mane|Dazzling Gleam|p1a: Aslunguss|[spread] p1a,p1b\n|-resisted|p1a: Aslunguss\n|-supereffective|p1b: Postit\n|-damage|p1a: Aslunguss|90\/100\n|-damage|p1b: Postit|0 fnt\n|faint|p1b: Postit\n|-end|p1b: Postit|Quark Drive|[silent]\n|move|p2b: Eelektross|Flamethrower|p1a: Aslunguss\n|-supereffective|p1a: Aslunguss\n|-damage|p1a: Aslunguss|0 fnt\n|faint|p1a: Aslunguss\n|\n|win|TonyJazs\n|raw|SIGYLYFH's rating: 1113 → 1080<\/strong> (-33 for losing)\n|raw|TonyJazs's rating: 1000 → 1053<\/strong> (+53 for winning)\n|l|\u2606SIGYLYFH\n|c|\u2606TonyJazs|gg\n","uploadtime":1684139934,"views":12,"p1id":"sigylyfh","p2id":"tonyjazs","formatid":"gen9vgc2023regulationc","rating":1053,"private":0,"password":""}