{"id":"gen9vgc2023regulationc-1855539591","p1":"Ugarte Joseph","p2":"Shit tier pro","format":"[Gen 9] VGC 2023 Regulation C","log":"|j|\u2606Ugarte Joseph\n|j|\u2606Shit tier pro\n|t:|1682960345\n|gametype|doubles\n|player|p1|Ugarte Joseph|hugh|1149\n|player|p2|Shit tier pro|2|1096\n|teamsize|p1|6\n|teamsize|p2|6\n|gen|9\n|tier|[Gen 9] VGC 2023 Regulation C\n|rated|\n|rule|Species Clause: Limit one of each Pok\u00e9mon\n|rule|Item Clause: Limit one of each item\n|clearpoke\n|poke|p1|Slither Wing, L50|\n|poke|p1|Great Tusk, L50|\n|poke|p1|Flutter Mane, L50|\n|poke|p1|Murkrow, L50, M|\n|poke|p1|Roaring Moon, L50|\n|poke|p1|Scream Tail, L50|\n|poke|p2|Palafin, L50, M|\n|poke|p2|Arboliva, L50, M|\n|poke|p2|Tauros-Paldea-Blaze, L50, M|\n|poke|p2|Salamence, L50, F|\n|poke|p2|Grimmsnarl, L50, M|\n|poke|p2|Garganacl, L50, F|\n|teampreview|4\n|inactive|Battle timer is ON: inactive players will automatically lose when time's up. (requested by Ugarte Joseph)\nShit tier pro rejected open team sheets.\n|inactive|Ugarte Joseph has 60 seconds left.\n|inactive|Ugarte Joseph has 30 seconds left.\n|inactive|Ugarte Joseph has 20 seconds left.\n|inactive|Ugarte Joseph has 15 seconds left.\n|inactive|Ugarte Joseph has 10 seconds left.\n|inactive|Ugarte Joseph has 5 seconds left.\n|\n|t:|1682960436\n|start\n|switch|p1a: Slither Wing|Slither Wing, L50, shiny|100\/100\n|switch|p1b: Great Tusk|Great Tusk, L50, shiny|100\/100\n|switch|p2a: Grimmsnarl|Grimmsnarl, L50, M, shiny|100\/100\n|switch|p2b: Tauros|Tauros-Paldea-Blaze, L50, M|100\/100\n|-ability|p2b: Tauros|Intimidate|boost\n|-unboost|p1a: Slither Wing|atk|1\n|-unboost|p1b: Great Tusk|atk|1\n|turn|1\n|inactive|Ugarte Joseph has 30 seconds left.\n|inactive|Shit tier pro has 30 seconds left.\n|\n|t:|1682960464\n|-end|p1a: Slither Wing|Protosynthesis|[silent]\n|switch|p1a: Murkrow|Murkrow, L50, M, shiny|100\/100\n|-terastallize|p1b: Great Tusk|Fire\n|move|p2a: Grimmsnarl|Fake Out|p1a: Murkrow\n|-damage|p1a: Murkrow|85\/100\n|move|p1b: Great Tusk|Earthquake|p2a: Grimmsnarl|[spread] p2a,p2b\n|-immune|p1a: Murkrow\n|-supereffective|p2b: Tauros\n|-damage|p2a: Grimmsnarl|68\/100\n|-damage|p2b: Tauros|40\/100\n|move|p2b: Tauros|Will-O-Wisp|p1b: Great Tusk\n|-immune|p1b: Great Tusk\n|\n|upkeep\n|turn|2\n|\n|t:|1682960487\n|move|p1a: Murkrow|Sunny Day|p1a: Murkrow\n|-weather|SunnyDay\n|-activate|p1b: Great Tusk|ability: Protosynthesis\n|-start|p1b: Great Tusk|protosynthesisdef\n|move|p2a: Grimmsnarl|Parting Shot|p1b: Great Tusk\n|-unboost|p1b: Great Tusk|atk|1\n|-unboost|p1b: Great Tusk|spa|1\n|\n|t:|1682960495\n|switch|p2a: Salamence|Salamence, L50, F|100\/100|[from] Parting Shot\n|-ability|p2a: Salamence|Intimidate|boost\n|-unboost|p1a: Murkrow|atk|1\n|-unboost|p1b: Great Tusk|atk|1\n|move|p1b: Great Tusk|Earthquake|p2a: Salamence|[spread] p2b\n|-immune|p1a: Murkrow\n|-immune|p2a: Salamence\n|-supereffective|p2b: Tauros\n|-damage|p2b: Tauros|0 fnt\n|faint|p2b: Tauros\n|\n|-weather|SunnyDay|[upkeep]\n|upkeep\n|\n|t:|1682960519\n|switch|p2b: Grimmsnarl|Grimmsnarl, L50, M, shiny|68\/100\n|turn|3\n|\n|t:|1682960546\n|-end|p1b: Great Tusk|Protosynthesis|[silent]\n|switch|p1b: Slither Wing|Slither Wing, L50, shiny|100\/100\n|-activate|p1b: Slither Wing|ability: Protosynthesis\n|-start|p1b: Slither Wing|protosynthesisatk\n|move|p1a: Murkrow|Tailwind|p1a: Murkrow\n|-sidestart|p1: Ugarte Joseph|move: Tailwind\n|move|p2a: Salamence|Dragon Dance|p2a: Salamence\n|-boost|p2a: Salamence|atk|1\n|-boost|p2a: Salamence|spe|1\n|move|p2b: Grimmsnarl|Spirit Break|p1a: Murkrow\n|-supereffective|p1a: Murkrow\n|-damage|p1a: Murkrow|0 fnt\n|faint|p1a: Murkrow\n|\n|-weather|SunnyDay|[upkeep]\n|upkeep\n|\n|t:|1682960561\n|switch|p1a: Flutter Mane|Flutter Mane, L50, shiny|100\/100\n|-activate|p1a: Flutter Mane|ability: Protosynthesis\n|-start|p1a: Flutter Mane|protosynthesisspa\n|turn|4\n|\n|t:|1682960573\n|-terastallize|p2a: Salamence|Flying\n|move|p1b: Slither Wing|First Impression|p2a: Salamence\n|-resisted|p2a: Salamence\n|-damage|p2a: Salamence|56\/100\n|move|p2b: Grimmsnarl|Parting Shot|p1b: Slither Wing\n|-unboost|p1b: Slither Wing|atk|1\n|-unboost|p1b: Slither Wing|spa|1\n|\n|t:|1682960580\n|switch|p2b: Garganacl|Garganacl, L50, F, shiny|100\/100|[from] Parting Shot\n|move|p1a: Flutter Mane|Dazzling Gleam|p2b: Garganacl|[spread] p2a,p2b\n|-damage|p2a: Salamence|0 fnt\n|-damage|p2b: Garganacl|63\/100\n|faint|p2a: Salamence\n|\n|-weather|SunnyDay|[upkeep]\n|upkeep\n|\n|t:|1682960586\n|switch|p2a: Grimmsnarl|Grimmsnarl, L50, M, shiny|68\/100\n|turn|5\n|\n|t:|1682960595\n|-end|p1b: Slither Wing|Protosynthesis|[silent]\n|switch|p1b: Great Tusk|Great Tusk, L50, shiny, tera:Fire|100\/100\n|-activate|p1b: Great Tusk|ability: Protosynthesis\n|-start|p1b: Great Tusk|protosynthesisatk\n|move|p2a: Grimmsnarl|Fake Out|p1b: Great Tusk\n|-damage|p1b: Great Tusk|91\/100\n|move|p1a: Flutter Mane|Dazzling Gleam|p2a: Grimmsnarl|[spread] p2a,p2b\n|-supereffective|p2a: Grimmsnarl\n|-damage|p2a: Grimmsnarl|0 fnt\n|-damage|p2b: Garganacl|20\/100\n|faint|p2a: Grimmsnarl\n|move|p2b: Garganacl|Salt Cure|p1b: Great Tusk\n|-supereffective|p1b: Great Tusk\n|-damage|p1b: Great Tusk|69\/100\n|-start|p1b: Great Tusk|Salt Cure\n|\n|-weather|SunnyDay|[upkeep]\n|-damage|p1b: Great Tusk|57\/100|[from] Salt Cure\n|upkeep\n|turn|6\n|-message|Shit tier pro forfeited.\n|\n|win|Ugarte Joseph\n|raw|Ugarte Joseph's rating: 1149 → 1170<\/strong> (+21 for winning)\n|raw|Shit tier pro's rating: 1096 → 1075<\/strong> (-21 for losing)\n|l|\u2606Shit tier pro\n","uploadtime":1682960612,"views":22,"p1id":"ugartejoseph","p2id":"shittierpro","formatid":"gen9vgc2023regulationc","rating":1075,"private":0,"password":""}