{"id":"gen9vgc2023regulationc-1856773725","p1":"bozersquad1","p2":"afasgjnsg","format":"[Gen 9] VGC 2023 Regulation C","log":"|j|\u2606bozersquad1\n|j|\u2606afasgjnsg\n|t:|1683109311\n|gametype|doubles\n|player|p1|bozersquad1|265|1147\n|player|p2|afasgjnsg|rosa|1088\n|teamsize|p1|6\n|teamsize|p2|6\n|gen|9\n|tier|[Gen 9] VGC 2023 Regulation C\n|rated|\n|rule|Species Clause: Limit one of each Pok\u00e9mon\n|rule|Item Clause: Limit one of each item\n|clearpoke\n|poke|p1|Chien-Pao, L50|\n|poke|p1|Talonflame, L50, M|\n|poke|p1|Gholdengo, L50|\n|poke|p1|Great Tusk, L50|\n|poke|p1|Amoonguss, L50, F|\n|poke|p1|Azumarill, L50, M|\n|poke|p2|Torkoal, L50, F|\n|poke|p2|Jumpluff, L50, M|\n|poke|p2|Great Tusk, L50|\n|poke|p2|Glimmora, L50, M|\n|poke|p2|Gastrodon-East, L50, F|\n|poke|p2|Flutter Mane, L50|\n|teampreview|4\n|inactive|Battle timer is ON: inactive players will automatically lose when time's up. (requested by afasgjnsg)\nbozersquad1 has agreed to open team sheets.\n|inactive|bozersquad1 has 60 seconds left.\n|inactive|afasgjnsg has 60 seconds left.\n|\n|t:|1683109355\n|start\n|switch|p1a: Gholdengo|Gholdengo, L50|100\/100\n|switch|p1b: Amoonguss|Amoonguss, L50, F|100\/100\n|switch|p2a: Flutter Mane|Flutter Mane, L50|100\/100\n|switch|p2b: Glimmora|Glimmora, L50, M|100\/100\n|-enditem|p2a: Flutter Mane|Booster Energy\n|-activate|p2a: Flutter Mane|ability: Protosynthesis|[fromitem]\n|-start|p2a: Flutter Mane|protosynthesisspa\n|turn|1\n|inactive|bozersquad1 has 30 seconds left.\n|inactive|afasgjnsg has 30 seconds left.\n|\n|t:|1683109388\n|switch|p2b: Great Tusk|Great Tusk, L50|100\/100\n|-terastallize|p2a: Flutter Mane|Fairy\n|move|p1b: Amoonguss|Rage Powder|p1b: Amoonguss\n|-singleturn|p1b: Amoonguss|move: Rage Powder\n|move|p2a: Flutter Mane|Shadow Ball|p1b: Amoonguss\n|-damage|p1b: Amoonguss|43\/100\n|move|p1a: Gholdengo|Nasty Plot|p1a: Gholdengo\n|-boost|p1a: Gholdengo|spa|2\n|\n|upkeep\n|turn|2\n|inactive|bozersquad1 has 30 seconds left.\n|\n|t:|1683109419\n|-terastallize|p1b: Amoonguss|Normal\n|move|p1b: Amoonguss|Rage Powder|p1b: Amoonguss\n|-singleturn|p1b: Amoonguss|move: Rage Powder\n|move|p2a: Flutter Mane|Shadow Ball|p1b: Amoonguss\n|-immune|p1b: Amoonguss\n|move|p1a: Gholdengo|Make It Rain|p2b: Great Tusk|[spread] p2a,p2b\n|-supereffective|p2a: Flutter Mane\n|-damage|p2a: Flutter Mane|0 fnt\n|-damage|p2b: Great Tusk|32\/100\n|-unboost|p1a: Gholdengo|spa|1\n|faint|p2a: Flutter Mane\n|-end|p2a: Flutter Mane|Protosynthesis|[silent]\n|move|p2b: Great Tusk|Knock Off|p1b: Amoonguss\n|-damage|p1b: Amoonguss|14\/100\n|-damage|p2b: Great Tusk|16\/100|[from] item: Rocky Helmet|[of] p1b: Amoonguss\n|-enditem|p1b: Amoonguss|Rocky Helmet|[from] move: Knock Off|[of] p2b: Great Tusk\n|\n|upkeep\n|\n|t:|1683109438\n|switch|p2a: Glimmora|Glimmora, L50, M|100\/100\n|turn|3\n|\n|t:|1683109457\n|move|p1b: Amoonguss|Rage Powder|p1b: Amoonguss\n|-singleturn|p1b: Amoonguss|move: Rage Powder\n|move|p1a: Gholdengo|Make It Rain|p2b: Great Tusk|[spread] p2a,p2b\n|-supereffective|p2a: Glimmora\n|-enditem|p2a: Glimmora|Focus Sash\n|-damage|p2a: Glimmora|1\/100\n|-damage|p2b: Great Tusk|0 fnt\n|-unboost|p1a: Gholdengo|spa|1\n|faint|p2b: Great Tusk\n|-end|p2b: Great Tusk|Protosynthesis|[silent]\n|move|p2a: Glimmora|Energy Ball|p1b: Amoonguss\n|-damage|p1b: Amoonguss|0 fnt\n|faint|p1b: Amoonguss\n|\n|upkeep\n|\n|t:|1683109475\n|switch|p2b: Gastrodon|Gastrodon-East, L50, F|100\/100\n|switch|p1b: Great Tusk|Great Tusk, L50|100\/100\n|turn|4\n|\n|t:|1683109490\n|move|p1a: Gholdengo|Protect|p1a: Gholdengo\n|-singleturn|p1a: Gholdengo|Protect\n|move|p2a: Glimmora|Spiky Shield|p2a: Glimmora\n|-singleturn|p2a: Glimmora|move: Protect\n|move|p1b: Great Tusk|Earthquake|p2a: Glimmora|[spread] p2b\n|-activate|p1a: Gholdengo|move: Protect\n|-activate|p2a: Glimmora|move: Protect\n|-damage|p2b: Gastrodon|63\/100\n|move|p2b: Gastrodon|Earth Power|p1a: Gholdengo\n|-activate|p1a: Gholdengo|move: Protect\n|\n|-heal|p2b: Gastrodon|69\/100|[from] item: Leftovers\n|upkeep\n|turn|5\n|\n|t:|1683109512\n|move|p2b: Gastrodon|Protect|p2b: Gastrodon\n|-singleturn|p2b: Gastrodon|Protect\n|move|p1a: Gholdengo|Shadow Ball|p2b: Gastrodon\n|-activate|p2b: Gastrodon|move: Protect\n|move|p2a: Glimmora|Energy Ball|p1b: Great Tusk\n|-supereffective|p1b: Great Tusk\n|-damage|p1b: Great Tusk|38\/100\n|move|p1b: Great Tusk|Rock Slide|p2a: Glimmora|[spread] p2a\n|-activate|p2b: Gastrodon|move: Protect\n|-damage|p2a: Glimmora|0 fnt\n|-activate|p2a: Glimmora|ability: Toxic Debris\n|-sidestart|p1: bozersquad1|move: Toxic Spikes\n|faint|p2a: Glimmora\n|\n|-heal|p2b: Gastrodon|76\/100|[from] item: Leftovers\n|upkeep\n|turn|6\n|inactive|bozersquad1 has 30 seconds left.\n|\n|t:|1683109544\n|move|p1a: Gholdengo|Nasty Plot|p1a: Gholdengo\n|-boost|p1a: Gholdengo|spa|2\n|move|p1b: Great Tusk|Headlong Rush|p2b: Gastrodon\n|-damage|p2b: Gastrodon|13\/100\n|-unboost|p1b: Great Tusk|def|1\n|-unboost|p1b: Great Tusk|spd|1\n|move|p2b: Gastrodon|Recover|p2b: Gastrodon\n|-heal|p2b: Gastrodon|64\/100\n|\n|-heal|p2b: Gastrodon|70\/100|[from] item: Leftovers\n|upkeep\n|turn|7\n|\n|t:|1683109561\n|move|p1a: Gholdengo|Shadow Ball|p2b: Gastrodon\n|-damage|p2b: Gastrodon|0 fnt\n|faint|p2b: Gastrodon\n|\n|win|bozersquad1\n|raw|bozersquad1's rating: 1147 → 1168<\/strong> (+21 for winning)\n|raw|afasgjnsg's rating: 1088 → 1069<\/strong> (-19 for losing)\n|l|\u2606bozersquad1\n","uploadtime":1683109578,"views":10,"p1id":"bozersquad1","p2id":"afasgjnsg","formatid":"gen9vgc2023regulationc","rating":1069,"private":0,"password":""}