{"id":"gen9vgc2023regulationc-1845976522","p1":"Wo-ChienBlend","p2":"nefffffffff","format":"[Gen 9] VGC 2023 Regulation C","log":"|j|\u2606Wo-ChienBlend\n|j|\u2606nefffffffff\n|t:|1681786225\n|gametype|doubles\n|player|p1|Wo-ChienBlend|baker|\n|player|p2|nefffffffff|1|\n|teamsize|p1|6\n|teamsize|p2|6\n|gen|9\n|tier|[Gen 9] VGC 2023 Regulation C\n|rated|Tournament battle\n|rule|Species Clause: Limit one of each Pok\u00e9mon\n|rule|Item Clause: Limit one of each item\n|clearpoke\n|poke|p1|Ting-Lu, L50|\n|poke|p1|Amoonguss, L50, M|\n|poke|p1|Arcanine, L50, M|\n|poke|p1|Flutter Mane, L50|\n|poke|p1|Palafin, L50, F|\n|poke|p1|Forretress, L50, F|\n|poke|p2|Chien-Pao, L50|\n|poke|p2|Palafin, L50, M|\n|poke|p2|Mimikyu, L50, M|\n|poke|p2|Flutter Mane, L50|\n|poke|p2|Ting-Lu, L50|\n|poke|p2|Amoonguss, L50, F|\n|teampreview|4\n|raw| Open Team Sheet for Wo-ChienBlend<\/summary>EWGF (Ting-Lu) @ Assault Vest Ability: Vessel of Ruin Level: 50 Tera Type: Grass - Stomping Tantrum - Ruination - Heavy Slam - Fissure Kikoken (Amoonguss) @ Sitrus Berry Ability: Regenerator Level: 50 Tera Type: Water - Pollen Puff - Spore - Rage Powder - Protect Falcon Punch (Arcanine) @ Safety Goggles Ability: Intimidate Level: 50 Tera Type: Water - Flare Blitz - Extreme Speed - Will-O-Wisp - Howl Soul Fist (Flutter Mane) @ Booster Energy Ability: Protosynthesis Level: 50 Tera Type: Water - Moonblast - Shadow Ball - Substitute - Protect Totsugeki (Palafin) @ Mystic Water Ability: Zero to Hero Level: 50 Tera Type: Water - Jet Punch - Wave Crash - Haze - Protect Forretress @ Leftovers Ability: Overcoat Level: 50 Shiny: Yes Tera Type: Water - Body Press - Gyro Ball - Iron Defense - Protect <\/details><\/div> Open Team Sheet for nefffffffff<\/summary>Chien-Pao @ Focus Sash Ability: Sword of Ruin Level: 50 Tera Type: Ghost - Ice Spinner - Sucker Punch - Sacred Sword - Protect Palafin @ Mystic Water Ability: Zero to Hero Level: 50 Tera Type: Water - Jet Punch - Wave Crash - Haze - Protect Mimikyu @ Life Orb Ability: Disguise Level: 50 Tera Type: Fire - Play Rough - Shadow Sneak - Will-O-Wisp - Protect Flutter Mane @ Booster Energy Ability: Protosynthesis Level: 50 Tera Type: Fairy - Dazzling Gleam - Moonblast - Shadow Ball - Protect Ting-Lu @ Assault Vest Ability: Vessel of Ruin Level: 50 Tera Type: Water - Fissure - Stomping Tantrum - Rock Slide - Heavy Slam Amoonguss @ Sitrus Berry Ability: Regenerator Level: 50 Tera Type: Water - Spore - Pollen Puff - Rage Powder - Protect <\/details><\/div>\n|\n|t:|1681786281\n|start\n|switch|p1a: Forretress|Forretress, L50, F, shiny|100\/100\n|switch|p1b: Totsugeki|Palafin, L50, F|100\/100\n|switch|p2a: Amoonguss|Amoonguss, L50, F|100\/100\n|switch|p2b: Ting-Lu|Ting-Lu, L50|100\/100\n|-ability|p2b: Ting-Lu|Vessel of Ruin\n|turn|1\n|\n|t:|1681786342\n|detailschange|p1b: Totsugeki|Palafin-Hero, L50, F\n|switch|p1b: Falcon Punch|Arcanine, L50, M|100\/100\n|-ability|p1b: Falcon Punch|Intimidate|boost\n|-unboost|p2a: Amoonguss|atk|1\n|-unboost|p2b: Ting-Lu|atk|1\n|move|p2b: Ting-Lu|Fissure|p1a: Forretress|[miss]\n|-miss|p2b: Ting-Lu|p1a: Forretress\n|move|p2a: Amoonguss|Spore|p1b: Falcon Punch\n|-activate|p1b: Falcon Punch|item: Safety Goggles|Spore\n|move|p1a: Forretress|Iron Defense|p1a: Forretress\n|-boost|p1a: Forretress|def|2\n|\n|upkeep\n|turn|2\n|\n|t:|1681786394\n|move|p2a: Amoonguss|Protect|p2a: Amoonguss\n|-singleturn|p2a: Amoonguss|Protect\n|move|p1b: Falcon Punch|Will-O-Wisp|p2b: Ting-Lu\n|-status|p2b: Ting-Lu|brn\n|move|p2b: Ting-Lu|Stomping Tantrum|p1b: Falcon Punch\n|-supereffective|p1b: Falcon Punch\n|-damage|p1b: Falcon Punch|47\/100\n|move|p1a: Forretress|Body Press|p2b: Ting-Lu\n|-supereffective|p2b: Ting-Lu\n|-damage|p2b: Ting-Lu|34\/100 brn\n|\n|-damage|p2b: Ting-Lu|28\/100 brn|[from] brn\n|upkeep\n|turn|3\n|\n|t:|1681786437\n|switch|p2a: Palafin|Palafin, L50, M|100\/100\n|move|p1a: Forretress|Protect|p1a: Forretress\n|-singleturn|p1a: Forretress|Protect\n|move|p1b: Falcon Punch|Flare Blitz|p2a: Palafin\n|-resisted|p2a: Palafin\n|-damage|p2a: Palafin|71\/100\n|-damage|p1b: Falcon Punch|36\/100|[from] Recoil\n|move|p2b: Ting-Lu|Stomping Tantrum|p1b: Falcon Punch\n|-supereffective|p1b: Falcon Punch\n|-damage|p1b: Falcon Punch|6\/100\n|\n|-damage|p2b: Ting-Lu|22\/100 brn|[from] brn\n|upkeep\n|turn|4\n|\n|t:|1681786464\n|move|p1b: Falcon Punch|Extreme Speed|p2b: Ting-Lu\n|-damage|p2b: Ting-Lu|7\/100 brn\n|move|p2a: Palafin|Jet Punch|p1b: Falcon Punch\n|-supereffective|p1b: Falcon Punch\n|-damage|p1b: Falcon Punch|0 fnt\n|faint|p1b: Falcon Punch\n|move|p2b: Ting-Lu|Fissure|p1a: Forretress|[miss]\n|-miss|p2b: Ting-Lu|p1a: Forretress\n|move|p1a: Forretress|Iron Defense|p1a: Forretress\n|-boost|p1a: Forretress|def|2\n|\n|-damage|p2b: Ting-Lu|1\/100 brn|[from] brn\n|upkeep\n|\n|t:|1681786477\n|switch|p1b: Totsugeki|Palafin-Hero, L50, F|100\/100\n|-activate|p1b: Totsugeki|ability: Zero to Hero\n|turn|5\n|\n|t:|1681786518\n|detailschange|p2a: Palafin|Palafin-Hero, L50, M\n|switch|p2a: Amoonguss|Amoonguss, L50, F|100\/100\n|move|p1b: Totsugeki|Jet Punch|p2b: Ting-Lu\n|-supereffective|p2b: Ting-Lu\n|-damage|p2b: Ting-Lu|0 fnt\n|faint|p2b: Ting-Lu\n|move|p1a: Forretress|Body Press|p2a: Amoonguss\n|-resisted|p2a: Amoonguss\n|-damage|p2a: Amoonguss|70\/100\n|\n|upkeep\n|\n|t:|1681786528\n|switch|p2b: Flutter Mane|Flutter Mane, L50|100\/100\n|-enditem|p2b: Flutter Mane|Booster Energy\n|-activate|p2b: Flutter Mane|ability: Protosynthesis|[fromitem]\n|-start|p2b: Flutter Mane|protosynthesisspe\n|turn|6\n|\n|t:|1681786563\n|move|p2b: Flutter Mane|Protect|p2b: Flutter Mane\n|-singleturn|p2b: Flutter Mane|Protect\n|move|p1b: Totsugeki|Protect|p1b: Totsugeki\n|-singleturn|p1b: Totsugeki|Protect\n|move|p2a: Amoonguss|Spore|p1b: Totsugeki\n|-activate|p1b: Totsugeki|move: Protect\n|move|p1a: Forretress|Gyro Ball|p2b: Flutter Mane\n|-activate|p2b: Flutter Mane|move: Protect\n|\n|upkeep\n|turn|7\n|\n|t:|1681786587\n|-end|p2b: Flutter Mane|Protosynthesis|[silent]\n|switch|p2b: Palafin|Palafin-Hero, L50, M|71\/100\n|-activate|p2b: Palafin|ability: Zero to Hero\n|switch|p1b: EWGF|Ting-Lu, L50|100\/100\n|-ability|p1b: EWGF|Vessel of Ruin\n|move|p2a: Amoonguss|Spore|p1b: EWGF\n|-status|p1b: EWGF|slp|[from] move: Spore\n|move|p1a: Forretress|Gyro Ball|p2b: Palafin\n|-resisted|p2b: Palafin\n|-damage|p2b: Palafin|60\/100\n|\n|upkeep\n|turn|8\n|\n|t:|1681786621\n|-terastallize|p2b: Palafin|Water\n|move|p2b: Palafin|Haze|p2b: Palafin\n|-clearallboost\n|cant|p1b: EWGF|slp\n|move|p2a: Amoonguss|Pollen Puff|p2b: Palafin\n|-heal|p2b: Palafin|100\/100\n|move|p1a: Forretress|Body Press|p2b: Palafin\n|-damage|p2b: Palafin|78\/100\n|\n|upkeep\n|turn|9\n|\n|t:|1681786656\n|switch|p1a: Totsugeki|Palafin-Hero, L50, F|100\/100\n|-terastallize|p1b: EWGF|Grass\n|move|p2b: Palafin|Wave Crash|p1b: EWGF\n|-resisted|p1b: EWGF\n|-damage|p1b: EWGF|65\/100 slp\n|-damage|p2b: Palafin|64\/100|[from] Recoil\n|cant|p1b: EWGF|slp\n|move|p2a: Amoonguss|Pollen Puff|p2b: Palafin\n|-heal|p2b: Palafin|100\/100\n|\n|upkeep\n|turn|10\n|\n|t:|1681786686\n|move|p1a: Totsugeki|Protect|p1a: Totsugeki\n|-singleturn|p1a: Totsugeki|Protect\n|move|p2b: Palafin|Wave Crash|p1b: EWGF\n|-resisted|p1b: EWGF\n|-damage|p1b: EWGF|28\/100 slp\n|-damage|p2b: Palafin|86\/100|[from] Recoil\n|cant|p1b: EWGF|slp\n|move|p2a: Amoonguss|Pollen Puff|p1b: EWGF\n|-supereffective|p1b: EWGF\n|-damage|p1b: EWGF|16\/100 slp\n|\n|upkeep\n|turn|11\n|\n|t:|1681786723\n|switch|p1a: Forretress|Forretress, L50, F, shiny|100\/100\n|move|p2b: Palafin|Wave Crash|p1b: EWGF\n|-resisted|p1b: EWGF\n|-damage|p1b: EWGF|0 fnt\n|faint|p1b: EWGF\n|-damage|p2b: Palafin|79\/100|[from] Recoil\n|move|p2a: Amoonguss|Spore|p1a: Forretress\n|-immune|p1a: Forretress|[from] ability: Overcoat\n|\n|upkeep\n|\n|t:|1681786733\n|switch|p1b: Totsugeki|Palafin-Hero, L50, F|100\/100\n|turn|12\n|\n|t:|1681786759\n|move|p1b: Totsugeki|Wave Crash|p2b: Palafin\n|-resisted|p2b: Palafin\n|-damage|p2b: Palafin|37\/100\n|-damage|p1b: Totsugeki|86\/100|[from] Recoil\n|move|p2b: Palafin|Wave Crash|p1a: Forretress\n|-damage|p1a: Forretress|6\/100\n|-damage|p2b: Palafin|10\/100|[from] Recoil\n|move|p2a: Amoonguss|Spore|p1b: Totsugeki\n|-status|p1b: Totsugeki|slp|[from] move: Spore\n|move|p1a: Forretress|Body Press|p2b: Palafin\n|-damage|p2b: Palafin|0 fnt\n|faint|p2b: Palafin\n|\n|-heal|p1a: Forretress|12\/100|[from] item: Leftovers\n|upkeep\n|\n|t:|1681786778\n|switch|p2b: Flutter Mane|Flutter Mane, L50|100\/100\n|turn|13\n|\n|t:|1681786794\n|move|p1a: Forretress|Protect|p1a: Forretress\n|-singleturn|p1a: Forretress|Protect\n|cant|p1b: Totsugeki|slp\n|move|p2b: Flutter Mane|Dazzling Gleam|p1b: Totsugeki|[spread] p1b\n|-activate|p1a: Forretress|move: Protect\n|-crit|p1b: Totsugeki\n|-damage|p1b: Totsugeki|41\/100 slp\n|move|p2a: Amoonguss|Pollen Puff|p1b: Totsugeki\n|-damage|p1b: Totsugeki|25\/100 slp\n|\n|-heal|p1a: Forretress|18\/100|[from] item: Leftovers\n|upkeep\n|turn|14\n|\n|t:|1681786811\n|move|p2a: Amoonguss|Rage Powder|p2a: Amoonguss\n|-singleturn|p2a: Amoonguss|move: Rage Powder\n|cant|p1b: Totsugeki|slp\n|move|p2b: Flutter Mane|Dazzling Gleam|p1b: Totsugeki|[spread] p1a,p1b\n|-resisted|p1a: Forretress\n|-damage|p1a: Forretress|5\/100\n|-damage|p1b: Totsugeki|0 fnt\n|faint|p1b: Totsugeki\n|move|p1a: Forretress|Gyro Ball|p2b: Flutter Mane\n|-supereffective|p2b: Flutter Mane\n|-damage|p2b: Flutter Mane|0 fnt\n|faint|p2b: Flutter Mane\n|-end|p2b: Flutter Mane|Protosynthesis|[silent]\n|\n|-heal|p1a: Forretress|11\/100|[from] item: Leftovers\n|upkeep\n|turn|15\n|\n|t:|1681786825\n|move|p1a: Forretress|Protect|p1a: Forretress\n|-singleturn|p1a: Forretress|Protect\n|move|p2a: Amoonguss|Pollen Puff|p1a: Forretress\n|-activate|p1a: Forretress|move: Protect\n|\n|-heal|p1a: Forretress|17\/100|[from] item: Leftovers\n|upkeep\n|turn|16\n|\n|t:|1681786847\n|move|p2a: Amoonguss|Pollen Puff|p1a: Forretress\n|-resisted|p1a: Forretress\n|-damage|p1a: Forretress|9\/100\n|move|p1a: Forretress|Gyro Ball|p2a: Amoonguss\n|-damage|p2a: Amoonguss|61\/100\n|\n|-heal|p1a: Forretress|15\/100|[from] item: Leftovers\n|upkeep\n|turn|17\n|\n|t:|1681786855\n|move|p1a: Forretress|Protect|p1a: Forretress\n|-singleturn|p1a: Forretress|Protect\n|move|p2a: Amoonguss|Pollen Puff|p1a: Forretress\n|-activate|p1a: Forretress|move: Protect\n|\n|-heal|p1a: Forretress|21\/100|[from] item: Leftovers\n|upkeep\n|turn|18\n|\n|t:|1681786865\n|move|p2a: Amoonguss|Pollen Puff|p1a: Forretress\n|-resisted|p1a: Forretress\n|-damage|p1a: Forretress|12\/100\n|move|p1a: Forretress|Iron Defense|p1a: Forretress\n|-boost|p1a: Forretress|def|2\n|\n|-heal|p1a: Forretress|18\/100|[from] item: Leftovers\n|upkeep\n|turn|19\n|\n|t:|1681786872\n|move|p1a: Forretress|Protect|p1a: Forretress\n|-singleturn|p1a: Forretress|Protect\n|move|p2a: Amoonguss|Pollen Puff|p1a: Forretress\n|-activate|p1a: Forretress|move: Protect\n|\n|-heal|p1a: Forretress|24\/100|[from] item: Leftovers\n|upkeep\n|turn|20\n|\n|t:|1681786882\n|move|p2a: Amoonguss|Pollen Puff|p1a: Forretress\n|-resisted|p1a: Forretress\n|-damage|p1a: Forretress|15\/100\n|move|p1a: Forretress|Body Press|p2a: Amoonguss\n|-resisted|p2a: Amoonguss\n|-damage|p2a: Amoonguss|43\/100\n|-enditem|p2a: Amoonguss|Sitrus Berry|[eat]\n|-heal|p2a: Amoonguss|67\/100|[from] item: Sitrus Berry\n|\n|-heal|p1a: Forretress|21\/100|[from] item: Leftovers\n|upkeep\n|turn|21\n|\n|t:|1681786893\n|move|p1a: Forretress|Protect|p1a: Forretress\n|-singleturn|p1a: Forretress|Protect\n|move|p2a: Amoonguss|Pollen Puff|p1a: Forretress\n|-activate|p1a: Forretress|move: Protect\n|\n|-heal|p1a: Forretress|27\/100|[from] item: Leftovers\n|upkeep\n|turn|22\n|\n|t:|1681786901\n|move|p2a: Amoonguss|Pollen Puff|p1a: Forretress\n|-resisted|p1a: Forretress\n|-damage|p1a: Forretress|18\/100\n|move|p1a: Forretress|Body Press|p2a: Amoonguss\n|-resisted|p2a: Amoonguss\n|-damage|p2a: Amoonguss|46\/100\n|\n|-heal|p1a: Forretress|24\/100|[from] item: Leftovers\n|upkeep\n|turn|23\n|\n|t:|1681786910\n|move|p1a: Forretress|Protect|p1a: Forretress\n|-singleturn|p1a: Forretress|Protect\n|move|p2a: Amoonguss|Rage Powder|p2a: Amoonguss\n|-singleturn|p2a: Amoonguss|move: Rage Powder\n|\n|-heal|p1a: Forretress|30\/100|[from] item: Leftovers\n|upkeep\n|turn|24\n|\n|t:|1681786917\n|move|p2a: Amoonguss|Protect|p2a: Amoonguss\n|-singleturn|p2a: Amoonguss|Protect\n|move|p1a: Forretress|Body Press|p2a: Amoonguss\n|-activate|p2a: Amoonguss|move: Protect\n|\n|-heal|p1a: Forretress|37\/100|[from] item: Leftovers\n|upkeep\n|turn|25\n|\n|t:|1681786922\n|move|p2a: Amoonguss|Pollen Puff|p1a: Forretress\n|-resisted|p1a: Forretress\n|-damage|p1a: Forretress|28\/100\n|move|p1a: Forretress|Iron Defense|p1a: Forretress\n|-boost|p1a: Forretress|def|2\n|\n|-heal|p1a: Forretress|34\/100|[from] item: Leftovers\n|upkeep\n|turn|26\n|\n|t:|1681786931\n|move|p1a: Forretress|Protect|p1a: Forretress\n|-singleturn|p1a: Forretress|Protect\n|move|p2a: Amoonguss|Pollen Puff|p1a: Forretress\n|-activate|p1a: Forretress|move: Protect\n|\n|-heal|p1a: Forretress|40\/100|[from] item: Leftovers\n|upkeep\n|turn|27\n|\n|t:|1681786940\n|move|p2a: Amoonguss|Protect|p2a: Amoonguss\n|-singleturn|p2a: Amoonguss|Protect\n|move|p1a: Forretress|Body Press|p2a: Amoonguss\n|-activate|p2a: Amoonguss|move: Protect\n|\n|-heal|p1a: Forretress|47\/100|[from] item: Leftovers\n|upkeep\n|turn|28\n|\n|t:|1681786946\n|move|p2a: Amoonguss|Pollen Puff|p1a: Forretress\n|-resisted|p1a: Forretress\n|-crit|p1a: Forretress\n|-damage|p1a: Forretress|34\/100\n|move|p1a: Forretress|Body Press|p2a: Amoonguss\n|-resisted|p2a: Amoonguss\n|-crit|p2a: Amoonguss\n|-damage|p2a: Amoonguss|4\/100\n|\n|-heal|p1a: Forretress|40\/100|[from] item: Leftovers\n|upkeep\n|turn|29\n|\n|t:|1681786957\n|move|p2a: Amoonguss|Protect|p2a: Amoonguss\n|-singleturn|p2a: Amoonguss|Protect\n|move|p1a: Forretress|Body Press|p2a: Amoonguss\n|-activate|p2a: Amoonguss|move: Protect\n|\n|-heal|p1a: Forretress|46\/100|[from] item: Leftovers\n|upkeep\n|turn|30\n|\n|t:|1681786975\n|move|p2a: Amoonguss|Protect||[still]\n|-fail|p2a: Amoonguss\n|move|p1a: Forretress|Body Press|p2a: Amoonguss\n|-resisted|p2a: Amoonguss\n|-damage|p2a: Amoonguss|0 fnt\n|faint|p2a: Amoonguss\n|\n|win|Wo-ChienBlend\n|n|\u2606Wo-ChienBlend|wochienblend\n|n|\u2606nefffffffff|nefffffffff\n|l|\u2606nefffffffff\n|l|\u2606Wo-ChienBlend\n|j|\u2606Wo-ChienBlend\n|player|p1|Wo-ChienBlend|baker\n","uploadtime":1681786992,"views":2,"p1id":"wochienblend","p2id":"nefffffffff","formatid":"gen9vgc2023regulationc","rating":0,"private":0,"password":""}