{"id":"gen9vgc2023regulationc-1854482220","p1":"ShaytheFair","p2":"Drako_026","format":"[Gen 9] VGC 2023 Regulation C","log":"|j|\u2606ShaytheFair\n|j|\u2606Drako_026\n|t:|1682816612\n|gametype|doubles\n|player|p1|ShaytheFair|veteranf|\n|player|p2|Drako_026|ethan|\n|teamsize|p1|6\n|teamsize|p2|6\n|gen|9\n|tier|[Gen 9] VGC 2023 Regulation C\n|rule|Species Clause: Limit one of each Pok\u00e9mon\n|rule|Item Clause: Limit one of each item\n|clearpoke\n|poke|p1|Palafin, L50, F|\n|poke|p1|Flutter Mane, L50|\n|poke|p1|Arcanine, L50, F|\n|poke|p1|Ting-Lu, L50|\n|poke|p1|Amoonguss, L50, M|\n|poke|p1|Kingambit, L50, F|\n|poke|p2|Ting-Lu, L50|\n|poke|p2|Tyranitar, L50, F|\n|poke|p2|Meowscarada, L50, M|\n|poke|p2|Armarouge, L50, M|\n|poke|p2|Rotom-Wash, L50|\n|poke|p2|Garchomp, L50, F|\n|teampreview|4\nShaytheFair has agreed to open team sheets.\nDrako_026 has agreed to open team sheets.\n|c|\u2606ShaytheFair|Don't forget to check in on Limitless friend!\n|c|\u2606Drako_026|Okay ^^\n|c|\u2606ShaytheFair|Okay cool!\n|c|\u2606ShaytheFair|I didn't want you to get an auto loss\n|c|\u2606ShaytheFair|you cool if I send you the other two challenges?\n|c|\u2606ShaytheFair|Also, let me know when you are ready to play, I'll set the timer\n|c|\u2606Drako_026|sure ^^\n|c|\u2606ShaytheFair|Hey, you didn't check in on limitless.\n|c|\u2606ShaytheFair|I can request a judge to see if they can retract your autoloss\n|c|\u2606Drako_026|puede solicitar a un juez que vea si puede retractarse de su p\u00e9rdida autom\u00e1tica\n|\n|t:|1682816983\n|start\n|switch|p1a: Fish Food|Palafin, L50, F|100\/100\n|switch|p1b: Moose Tracks|Ting-Lu, L50|100\/100\n|switch|p2a: Casuela|Ting-Lu, L50|100\/100\n|switch|p2b: Zap|Rotom-Wash, L50, shiny|100\/100\n|-ability|p1b: Moose Tracks|Vessel of Ruin\n|-ability|p2a: Casuela|Vessel of Ruin\n|turn|1\n|inactive|Battle timer is ON: inactive players will automatically lose when time's up. (requested by ShaytheFair)\n|inactive|ShaytheFair has 60 seconds left.\n|inactive|ShaytheFair has 30 seconds left.\n|inactive|ShaytheFair has 20 seconds left.\n|inactive|ShaytheFair has 15 seconds left.\n|\n|t:|1682817067\n|detailschange|p1a: Fish Food|Palafin-Hero, L50, F\n|switch|p1a: Cookies n Cream|Amoonguss, L50, M|100\/100\n|move|p2b: Zap|Nasty Plot|p2b: Zap\n|-boost|p2b: Zap|spa|2\n|move|p1b: Moose Tracks|Heavy Slam|p2b: Zap\n|-resisted|p2b: Zap\n|-damage|p2b: Zap|87\/100\n|move|p2a: Casuela|Fissure|p1b: Moose Tracks|[miss]\n|-miss|p2a: Casuela|p1b: Moose Tracks\n|\n|upkeep\n|turn|2\n|inactive|Drako_026 has 30 seconds left.\n|inactive|Drako_026 has 20 seconds left.\n|inactive|Drako_026 has 15 seconds left.\n|inactive|Drako_026 has 10 seconds left.\n|inactive|Drako_026 has 5 seconds left.\n|\n|t:|1682817122\n|move|p2b: Zap|Volt Switch|p1b: Moose Tracks\n|-immune|p1b: Moose Tracks\n|move|p1b: Moose Tracks|Ruination|p2a: Casuela\n|-damage|p2a: Casuela|50\/100\n|move|p2a: Casuela|Fissure|p1b: Moose Tracks|[miss]\n|-miss|p2a: Casuela|p1b: Moose Tracks\n|move|p1a: Cookies n Cream|Clear Smog|p2b: Zap\n|-damage|p2b: Zap|69\/100\n|-clearboost|p2b: Zap\n|\n|upkeep\n|turn|3\n|inactive|ShaytheFair has 30 seconds left.\n|inactive|ShaytheFair has 20 seconds left.\n|\n|t:|1682817162\n|move|p2b: Zap|Hydro Pump|p1b: Moose Tracks\n|-supereffective|p1b: Moose Tracks\n|-damage|p1b: Moose Tracks|67\/100\n|move|p1b: Moose Tracks|Ruination|p2b: Zap\n|-damage|p2b: Zap|35\/100\n|move|p2a: Casuela|Fissure|p1a: Cookies n Cream\n|-damage|p1a: Cookies n Cream|0 fnt\n|faint|p1a: Cookies n Cream\n|-ohko\n|\n|upkeep\n|\n|t:|1682817174\n|switch|p1a: Chocolate Cherry|Flutter Mane, L50|100\/100\n|-enditem|p1a: Chocolate Cherry|Booster Energy\n|-activate|p1a: Chocolate Cherry|ability: Protosynthesis|[fromitem]\n|-start|p1a: Chocolate Cherry|protosynthesisspa\n|turn|4\n|inactive|ShaytheFair has 30 seconds left.\n|\n|t:|1682817201\n|move|p1a: Chocolate Cherry|Dazzling Gleam|p2b: Zap|[spread] p2a,p2b\n|-supereffective|p2a: Casuela\n|-damage|p2a: Casuela|18\/100\n|-damage|p2b: Zap|0 fnt\n|faint|p2b: Zap\n|move|p1b: Moose Tracks|Stomping Tantrum|p2a: Casuela\n|-damage|p2a: Casuela|0 fnt\n|faint|p2a: Casuela\n|\n|upkeep\n|\n|t:|1682817214\n|switch|p2b: Godzilla|Tyranitar, L50, F|100\/100\n|switch|p2a: The knight|Armarouge, L50, M|100\/100\n|-weather|Sandstorm|[from] ability: Sand Stream|[of] p2b: Godzilla\n|turn|5\n|\n|t:|1682817231\n|move|p1a: Chocolate Cherry|Protect|p1a: Chocolate Cherry\n|-singleturn|p1a: Chocolate Cherry|Protect\n|move|p2a: The knight|Armor Cannon|p1a: Chocolate Cherry\n|-activate|p1a: Chocolate Cherry|move: Protect\n|move|p2b: Godzilla|Rock Slide|p1b: Moose Tracks|[spread] p1b\n|-activate|p1a: Chocolate Cherry|move: Protect\n|-resisted|p1b: Moose Tracks\n|-damage|p1b: Moose Tracks|57\/100\n|move|p1b: Moose Tracks|Earthquake|p2b: Godzilla|[spread] p2a,p2b\n|-activate|p1a: Chocolate Cherry|move: Protect\n|-supereffective|p2a: The knight\n|-supereffective|p2b: Godzilla\n|-damage|p2a: The knight|38\/100\n|-damage|p2b: Godzilla|36\/100\n|-ability|p2a: The knight|Weak Armor|boost\n|-unboost|p2a: The knight|def|1\n|-boost|p2a: The knight|spe|2\n|-enditem|p2b: Godzilla|Weakness Policy\n|-boost|p2b: Godzilla|atk|2|[from] item: Weakness Policy\n|-boost|p2b: Godzilla|spa|2|[from] item: Weakness Policy\n|\n|-weather|Sandstorm|[upkeep]\n|-damage|p2a: The knight|32\/100|[from] Sandstorm\n|-damage|p1a: Chocolate Cherry|95\/100|[from] Sandstorm\n|upkeep\n|turn|6\n|inactive|ShaytheFair has 30 seconds left.\n|inactive|Drako_026 has 30 seconds left.\n|inactive|Drako_026 has 20 seconds left.\n|\n|t:|1682817268\n|move|p2b: Godzilla|Protect|p2b: Godzilla\n|-singleturn|p2b: Godzilla|Protect\n|move|p2a: The knight|Armor Cannon|p1a: Chocolate Cherry\n|-damage|p1a: Chocolate Cherry|21\/100\n|-unboost|p2a: The knight|def|1\n|-unboost|p2a: The knight|spd|1\n|move|p1a: Chocolate Cherry|Shadow Ball|p2a: The knight\n|-supereffective|p2a: The knight\n|-damage|p2a: The knight|0 fnt\n|faint|p2a: The knight\n|move|p1b: Moose Tracks|Stomping Tantrum|p2b: Godzilla\n|-activate|p2b: Godzilla|move: Protect\n|\n|-weather|Sandstorm|[upkeep]\n|-damage|p1a: Chocolate Cherry|15\/100|[from] Sandstorm\n|upkeep\n|turn|7\n|\n|t:|1682817291\n|-end|p1a: Chocolate Cherry|Protosynthesis|[silent]\n|switch|p1a: Fish Food|Palafin-Hero, L50, F|100\/100\n|-activate|p1a: Fish Food|ability: Zero to Hero\n|-terastallize|p2b: Godzilla|Flying\n|move|p2b: Godzilla|Rock Slide|p1a: Fish Food|[spread] p1a,p1b\n|-resisted|p1b: Moose Tracks\n|-damage|p1a: Fish Food|43\/100\n|-damage|p1b: Moose Tracks|36\/100\n|move|p1b: Moose Tracks|Ruination|p2b: Godzilla\n|-damage|p2b: Godzilla|18\/100\n|\n|-weather|Sandstorm|[upkeep]\n|-damage|p1a: Fish Food|37\/100|[from] Sandstorm\n|-damage|p2b: Godzilla|12\/100|[from] Sandstorm\n|upkeep\n|turn|8\n|\n|t:|1682817311\n|-terastallize|p1a: Fish Food|Water\n|move|p1a: Fish Food|Jet Punch|p2b: Godzilla\n|-damage|p2b: Godzilla|0 fnt\n|faint|p2b: Godzilla\n|\n|win|ShaytheFair\n","uploadtime":1682817318,"views":13,"p1id":"shaythefair","p2id":"drako026","formatid":"gen9vgc2023regulationc","rating":0,"private":0,"password":""}