{"id":"gen9vgc2023regulationc-1858938639","p1":"THEHEDWIG","p2":"Verdas1128","format":"[Gen 9] VGC 2023 Regulation C","log":"|j|\u2606THEHEDWIG\n|j|\u2606Verdas1128\n|t:|1683385692\n|gametype|doubles\n|player|p1|THEHEDWIG|1|1050\n|player|p2|Verdas1128|caitlin|1093\n|teamsize|p1|6\n|teamsize|p2|6\n|gen|9\n|tier|[Gen 9] VGC 2023 Regulation C\n|rated|\n|rule|Species Clause: Limit one of each Pok\u00e9mon\n|rule|Item Clause: Limit one of each item\n|clearpoke\n|poke|p1|Scream Tail, L50|\n|poke|p1|Glimmora, L50, M|\n|poke|p1|Annihilape, L50, M|\n|poke|p1|Maushold-Four, L50|\n|poke|p1|Rotom-Wash, L50|\n|poke|p1|Murkrow, L50, F|\n|poke|p2|Chi-Yu, L50|\n|poke|p2|Iron Hands, L50|\n|poke|p2|Flutter Mane, L50|\n|poke|p2|Amoonguss, L50, F|\n|poke|p2|Corviknight, L50, M|\n|poke|p2|Iron Bundle, L50|\n|teampreview|4\n|\n|t:|1683385733\n|start\n|switch|p1a: Troll|Murkrow, L50, F|100\/100\n|switch|p1b: Rock wrecker|Glimmora, L50, M|100\/100\n|switch|p2a: Iron Hands|Iron Hands, L50, shiny|100\/100\n|switch|p2b: Flutter Mane|Flutter Mane, L50, shiny|100\/100\n|turn|1\n|\n|t:|1683385766\n|move|p2a: Iron Hands|Fake Out|p1b: Rock wrecker\n|-resisted|p1b: Rock wrecker\n|-damage|p1b: Rock wrecker|95\/100\n|-damage|p2a: Iron Hands|84\/100|[from] item: Rocky Helmet|[of] p1b: Rock wrecker\n|-activate|p1b: Rock wrecker|ability: Toxic Debris\n|-sidestart|p2: Verdas1128|move: Toxic Spikes\n|move|p1a: Troll|Tailwind|p1a: Troll\n|-sidestart|p1: THEHEDWIG|move: Tailwind\n|cant|p1b: Rock wrecker|flinch\n|move|p2b: Flutter Mane|Dazzling Gleam|p1a: Troll|[spread] p1a,p1b\n|-supereffective|p1a: Troll\n|-resisted|p1b: Rock wrecker\n|-damage|p1a: Troll|0 fnt\n|-damage|p1b: Rock wrecker|69\/100\n|faint|p1a: Troll\n|\n|upkeep\n|\n|t:|1683385783\n|switch|p1a: Monkey|Annihilape, L50, M|100\/100\n|turn|2\n|\n|t:|1683385797\n|-end|p2a: Iron Hands|Quark Drive|[silent]\n|switch|p2a: Amoonguss|Amoonguss, L50, F, shiny|100\/100\n|-sideend|p2: Verdas1128|move: Toxic Spikes|[of] p2a: Amoonguss\n|move|p1a: Monkey|Protect|p1a: Monkey\n|-singleturn|p1a: Monkey|Protect\n|move|p1b: Rock wrecker|Earth Power|p2a: Amoonguss\n|-damage|p2a: Amoonguss|75\/100\n|move|p2b: Flutter Mane|Dazzling Gleam|p1a: Monkey|[spread] p1b\n|-activate|p1a: Monkey|move: Protect\n|-resisted|p1b: Rock wrecker\n|-damage|p1b: Rock wrecker|44\/100\n|\n|upkeep\n|turn|3\n|\n|t:|1683385832\n|-terastallize|p1a: Monkey|Steel\n|move|p1a: Monkey|Rage Fist|p2b: Flutter Mane\n|-supereffective|p2b: Flutter Mane\n|-damage|p2b: Flutter Mane|16\/100\n|move|p1b: Rock wrecker|Mortal Spin|p2a: Amoonguss|[spread] p2a,p2b\n|-damage|p2a: Amoonguss|72\/100\n|-damage|p2b: Flutter Mane|7\/100\n|-status|p2b: Flutter Mane|psn\n|-damage|p1b: Rock wrecker|27\/100|[from] item: Rocky Helmet|[of] p2a: Amoonguss\n|move|p2b: Flutter Mane|Dazzling Gleam|p1b: Rock wrecker|[spread] p1a,p1b\n|-resisted|p1a: Monkey\n|-resisted|p1b: Rock wrecker\n|-damage|p1a: Monkey|81\/100\n|-damage|p1b: Rock wrecker|4\/100\n|move|p2a: Amoonguss|Spore|p1a: Monkey\n|-immune|p1a: Monkey|[from] ability: Vital Spirit\n|\n|-damage|p2b: Flutter Mane|0 fnt|[from] psn\n|faint|p2b: Flutter Mane\n|-end|p2b: Flutter Mane|Protosynthesis|[silent]\n|upkeep\n|\n|t:|1683385845\n|switch|p2b: Iron Hands|Iron Hands, L50, shiny|84\/100\n|turn|4\n|\n|t:|1683385863\n|move|p2a: Amoonguss|Rage Powder|p2a: Amoonguss\n|-singleturn|p2a: Amoonguss|move: Rage Powder\n|move|p1a: Monkey|Rage Fist|p2a: Amoonguss\n|-damage|p2a: Amoonguss|43\/100\n|-damage|p1a: Monkey|65\/100|[from] item: Rocky Helmet|[of] p2a: Amoonguss\n|move|p1b: Rock wrecker|Mortal Spin|p2b: Iron Hands|[spread] p2a,p2b\n|-damage|p2a: Amoonguss|40\/100\n|-damage|p2b: Iron Hands|81\/100\n|-status|p2b: Iron Hands|psn\n|-damage|p1b: Rock wrecker|0 fnt|[from] item: Rocky Helmet|[of] p2a: Amoonguss\n|faint|p1b: Rock wrecker\n|move|p2b: Iron Hands|Drain Punch|p1a: Monkey\n|-supereffective|p1a: Monkey\n|-damage|p1a: Monkey|0 fnt\n|-heal|p2b: Iron Hands|100\/100 psn|[from] drain|[of] p1a: Monkey\n|faint|p1a: Monkey\n|\n|-damage|p2b: Iron Hands|88\/100 psn|[from] psn\n|-sideend|p1: THEHEDWIG|move: Tailwind\n|upkeep\n|\n|t:|1683385880\n|switch|p1b: Washing Machine|Rotom-Wash, L50, shiny|100\/100\n|turn|5\n|\n|t:|1683385887\n|move|p1b: Washing Machine|Protect|p1b: Washing Machine\n|-singleturn|p1b: Washing Machine|Protect\n|move|p2b: Iron Hands|Drain Punch|p1b: Washing Machine\n|-activate|p1b: Washing Machine|move: Protect\n|move|p2a: Amoonguss|Spore|p1b: Washing Machine\n|-activate|p1b: Washing Machine|move: Protect\n|\n|-damage|p2b: Iron Hands|76\/100 psn|[from] psn\n|upkeep\n|turn|6\n|\n|t:|1683385899\n|move|p1b: Washing Machine|Hydro Pump|p2b: Iron Hands\n|-damage|p2b: Iron Hands|43\/100 psn\n|-enditem|p2b: Iron Hands|Sitrus Berry|[eat]\n|-heal|p2b: Iron Hands|68\/100 psn|[from] item: Sitrus Berry\n|move|p2b: Iron Hands|Drain Punch|p1b: Washing Machine\n|-damage|p1b: Washing Machine|60\/100\n|-heal|p2b: Iron Hands|81\/100 psn|[from] drain|[of] p1b: Washing Machine\n|move|p2a: Amoonguss|Spore|p1b: Washing Machine\n|-status|p1b: Washing Machine|slp|[from] move: Spore\n|\n|-damage|p2b: Iron Hands|69\/100 psn|[from] psn\n|upkeep\n|turn|7\n|-message|THEHEDWIG forfeited.\n|\n|win|Verdas1128\n|raw|THEHEDWIG's rating: 1050 → 1035<\/strong> (-15 for losing)\n|raw|Verdas1128's rating: 1093 → 1116<\/strong> (+23 for winning)\n|l|\u2606THEHEDWIG\n","uploadtime":1683385913,"views":6,"p1id":"thehedwig","p2id":"verdas1128","formatid":"gen9vgc2023regulationc","rating":1035,"private":0,"password":""}