{"id":"gen9vgc2023regulationc-1846269746","p1":"Pkmushroom","p2":"Ellione Leonhart","format":"[Gen 9] VGC 2023 Regulation C","log":"|j|\u2606Pkmushroom\n|j|\u2606Ellione Leonhart\n|t:|1681827163\n|gametype|doubles\n|player|p1|Pkmushroom|red|1089\n|player|p2|Ellione Leonhart|skyla|1014\n|teamsize|p1|6\n|teamsize|p2|6\n|gen|9\n|tier|[Gen 9] VGC 2023 Regulation C\n|rated|\n|rule|Species Clause: Limit one of each Pok\u00e9mon\n|rule|Item Clause: Limit one of each item\n|clearpoke\n|poke|p1|Toxapex, L50, F|\n|poke|p1|Garganacl, L50, M|\n|poke|p1|Tinkaton, L50, F|\n|poke|p1|Ting-Lu, L50|\n|poke|p1|Gallade, L50, M|\n|poke|p1|Tauros-Paldea-Blaze, L50, M|\n|poke|p2|Roaring Moon, L50|\n|poke|p2|Arcanine, L50, M|\n|poke|p2|Maushold-Four, L50|\n|poke|p2|Iron Bundle, L50|\n|poke|p2|Annihilape, L50, M|\n|poke|p2|Sylveon, L50, F|\n|teampreview|4\n|\n|t:|1681827191\n|start\n|switch|p1a: Toxapex|Toxapex, L50, F, shiny|100\/100\n|switch|p1b: Tinkatonk|Tinkaton, L50, F|100\/100\n|switch|p2a: Annihilape|Annihilape, L50, M|100\/100\n|switch|p2b: Maushold|Maushold-Four, L50|100\/100\n|-ability|p1b: Tinkatonk|Mold Breaker\n|turn|1\n|\n|t:|1681827219\n|move|p1b: Tinkatonk|Fake Out|p2b: Maushold\n|-damage|p2b: Maushold|78\/100\n|-damage|p1b: Tinkatonk|91\/100|[from] item: Life Orb\n|cant|p2b: Maushold|flinch\n|move|p2a: Annihilape|Bulk Up|p2a: Annihilape\n|-boost|p2a: Annihilape|atk|1\n|-boost|p2a: Annihilape|def|1\n|move|p1a: Toxapex|Infestation|p2b: Maushold\n|-damage|p2b: Maushold|73\/100\n|-activate|p2b: Maushold|move: Infestation|[of] p1a: Toxapex\n|\n|-damage|p2b: Maushold|61\/100|[from] move: Infestation|[partiallytrapped]\n|upkeep\n|turn|2\n|\n|t:|1681827249\n|move|p2b: Maushold|Population Bomb|p1a: Toxapex\n|-damage|p1a: Toxapex|91\/100\n|-damage|p1a: Toxapex|81\/100\n|-damage|p1a: Toxapex|71\/100\n|-damage|p1a: Toxapex|61\/100\n|-damage|p1a: Toxapex|52\/100\n|-damage|p1a: Toxapex|43\/100\n|-damage|p1a: Toxapex|34\/100\n|-damage|p1a: Toxapex|24\/100\n|-damage|p1a: Toxapex|14\/100\n|-damage|p1a: Toxapex|5\/100\n|-hitcount|p1a: Toxapex|10\n|move|p1b: Tinkatonk|Gigaton Hammer|p2b: Maushold\n|-damage|p2b: Maushold|0 fnt\n|faint|p2b: Maushold\n|-damage|p1b: Tinkatonk|82\/100|[from] item: Life Orb\n|move|p2a: Annihilape|Rage Fist|p1b: Tinkatonk\n|-damage|p1b: Tinkatonk|46\/100\n|move|p1a: Toxapex|Haze|p1a: Toxapex\n|-clearallboost\n|\n|-heal|p1a: Toxapex|11\/100|[from] item: Black Sludge\n|upkeep\n|\n|t:|1681827283\n|switch|p2b: Arcanine|Arcanine, L50, M|100\/100\n|-ability|p2b: Arcanine|Intimidate|boost\n|-unboost|p1a: Toxapex|atk|1\n|-unboost|p1b: Tinkatonk|atk|1\n|turn|3\n|\n|t:|1681827297\n|switch|p1b: Lingu-a|Ting-Lu, L50|100\/100\n|-ability|p1b: Lingu-a|Vessel of Ruin\n|move|p1a: Toxapex|Baneful Bunker|p1a: Toxapex\n|-singleturn|p1a: Toxapex|move: Protect\n|move|p2b: Arcanine|Snarl|p1b: Lingu-a|[spread] p1b\n|-activate|p1a: Toxapex|move: Protect\n|-resisted|p1b: Lingu-a\n|-damage|p1b: Lingu-a|99\/100\n|-unboost|p1b: Lingu-a|spa|1\n|-damage|p2b: Arcanine|91\/100|[from] item: Life Orb\n|move|p2a: Annihilape|Rage Fist|p1b: Lingu-a\n|-resisted|p1b: Lingu-a\n|-damage|p1b: Lingu-a|93\/100\n|\n|-heal|p1a: Toxapex|17\/100|[from] item: Black Sludge\n|upkeep\n|turn|4\n|\n|t:|1681827352\n|switch|p1a: Tinkatonk|Tinkaton, L50, F|46\/100\n|-ability|p1a: Tinkatonk|Mold Breaker\n|move|p2b: Arcanine|Will-O-Wisp|p1b: Lingu-a\n|-status|p1b: Lingu-a|brn\n|move|p2a: Annihilape|Rage Fist|p1b: Lingu-a\n|-resisted|p1b: Lingu-a\n|-damage|p1b: Lingu-a|87\/100 brn\n|move|p1b: Lingu-a|Facade|p2b: Arcanine\n|-damage|p2b: Arcanine|51\/100\n|\n|-damage|p1b: Lingu-a|81\/100 brn|[from] brn\n|upkeep\n|turn|5\n|\n|t:|1681827376\n|switch|p2b: Roaring Moon|Roaring Moon, L50, shiny|100\/100\n|-enditem|p2b: Roaring Moon|Booster Energy\n|-activate|p2b: Roaring Moon|ability: Protosynthesis|[fromitem]\n|-start|p2b: Roaring Moon|protosynthesisatk\n|move|p1a: Tinkatonk|Fake Out|p2b: Roaring Moon\n|-damage|p2b: Roaring Moon|83\/100\n|-damage|p1a: Tinkatonk|37\/100|[from] item: Life Orb\n|move|p2a: Annihilape|Rage Fist|p1a: Tinkatonk\n|-damage|p1a: Tinkatonk|16\/100\n|move|p1b: Lingu-a|Facade|p2b: Roaring Moon\n|-damage|p2b: Roaring Moon|23\/100\n|\n|-damage|p1b: Lingu-a|75\/100 brn|[from] brn\n|upkeep\n|turn|6\n|\n|t:|1681827419\n|switch|p1b: Toxapex|Toxapex, L50, F, shiny|50\/100\n|-terastallize|p2b: Roaring Moon|Flying\n|move|p2b: Roaring Moon|Acrobatics|p1b: Toxapex\n|-damage|p1b: Toxapex|0 fnt\n|faint|p1b: Toxapex\n|move|p1a: Tinkatonk|Gigaton Hammer|p2b: Roaring Moon\n|-damage|p2b: Roaring Moon|0 fnt\n|faint|p2b: Roaring Moon\n|-end|p2b: Roaring Moon|Protosynthesis|[silent]\n|-damage|p1a: Tinkatonk|7\/100|[from] item: Life Orb\n|move|p2a: Annihilape|Drain Punch|p1a: Tinkatonk\n|-damage|p1a: Tinkatonk|0 fnt\n|faint|p1a: Tinkatonk\n|\n|upkeep\n|\n|t:|1681827439\n|switch|p2b: Arcanine|Arcanine, L50, M|51\/100\n|switch|p1a: Salty|Garganacl, L50, M|100\/100\n|switch|p1b: Lingu-a|Ting-Lu, L50|75\/100 brn\n|-ability|p2b: Arcanine|Intimidate|boost\n|-unboost|p1a: Salty|atk|1\n|-unboost|p1b: Lingu-a|atk|1\n|-ability|p1b: Lingu-a|Vessel of Ruin\n|turn|7\n|\n|t:|1681827462\n|-terastallize|p1a: Salty|Flying\n|move|p2b: Arcanine|Protect|p2b: Arcanine\n|-singleturn|p2b: Arcanine|Protect\n|move|p2a: Annihilape|Drain Punch|p1b: Lingu-a\n|-supereffective|p1b: Lingu-a\n|-damage|p1b: Lingu-a|42\/100 brn\n|move|p1b: Lingu-a|Facade|p2b: Arcanine\n|-activate|p2b: Arcanine|move: Protect\n|move|p1a: Salty|Iron Defense|p1a: Salty\n|-boost|p1a: Salty|def|2\n|\n|-damage|p1b: Lingu-a|36\/100 brn|[from] brn\n|upkeep\n|turn|8\n|\n|t:|1681827496\n|move|p2b: Arcanine|Flare Blitz|p1b: Lingu-a\n|-crit|p1b: Lingu-a\n|-damage|p1b: Lingu-a|0 fnt\n|faint|p1b: Lingu-a\n|-damage|p2b: Arcanine|36\/100|[from] Recoil\n|-damage|p2b: Arcanine|26\/100|[from] item: Life Orb\n|move|p2a: Annihilape|Drain Punch|p1a: Salty\n|-resisted|p1a: Salty\n|-damage|p1a: Salty|96\/100\n|move|p1a: Salty|Salt Cure|p2a: Annihilape\n|-resisted|p2a: Annihilape\n|-damage|p2a: Annihilape|95\/100\n|-start|p2a: Annihilape|Salt Cure\n|\n|-heal|p2a: Annihilape|100\/100|[from] item: Leftovers\n|-heal|p1a: Salty|100\/100|[from] item: Leftovers\n|-damage|p2a: Annihilape|88\/100|[from] Salt Cure\n|upkeep\n|turn|9\n|\n|t:|1681827524\n|move|p2b: Arcanine|Flare Blitz|p1a: Salty\n|-damage|p1a: Salty|81\/100\n|-damage|p2b: Arcanine|20\/100|[from] Recoil\n|-damage|p2b: Arcanine|10\/100|[from] item: Life Orb\n|move|p2a: Annihilape|Drain Punch|p1a: Salty\n|-resisted|p1a: Salty\n|-damage|p1a: Salty|76\/100\n|-heal|p2a: Annihilape|91\/100|[from] drain|[of] p1a: Salty\n|move|p1a: Salty|Body Press|p2b: Arcanine\n|-damage|p2b: Arcanine|0 fnt\n|faint|p2b: Arcanine\n|\n|-heal|p2a: Annihilape|97\/100|[from] item: Leftovers\n|-heal|p1a: Salty|82\/100|[from] item: Leftovers\n|-damage|p2a: Annihilape|85\/100|[from] Salt Cure\n|upkeep\n|turn|10\n|\n|t:|1681827560\n|move|p2a: Annihilape|Drain Punch|p1a: Salty\n|-resisted|p1a: Salty\n|-damage|p1a: Salty|77\/100\n|-heal|p2a: Annihilape|87\/100|[from] drain|[of] p1a: Salty\n|move|p1a: Salty|Iron Defense|p1a: Salty\n|-boost|p1a: Salty|def|2\n|\n|-heal|p2a: Annihilape|94\/100|[from] item: Leftovers\n|-heal|p1a: Salty|83\/100|[from] item: Leftovers\n|-damage|p2a: Annihilape|81\/100|[from] Salt Cure\n|upkeep\n|turn|11\n|\n|t:|1681827590\n|move|p2a: Annihilape|Rage Fist|p1a: Salty\n|-damage|p1a: Salty|78\/100\n|move|p1a: Salty|Iron Defense|p1a: Salty\n|-boost|p1a: Salty|def|2\n|\n|-heal|p2a: Annihilape|87\/100|[from] item: Leftovers\n|-heal|p1a: Salty|84\/100|[from] item: Leftovers\n|-damage|p2a: Annihilape|75\/100|[from] Salt Cure\n|upkeep\n|turn|12\n|\n|t:|1681827610\n|move|p2a: Annihilape|Drain Punch|p1a: Salty\n|-resisted|p1a: Salty\n|-damage|p1a: Salty|81\/100\n|-heal|p2a: Annihilape|77\/100|[from] drain|[of] p1a: Salty\n|move|p1a: Salty|Salt Cure|p2a: Annihilape\n|-resisted|p2a: Annihilape\n|-damage|p2a: Annihilape|72\/100\n|\n|-heal|p2a: Annihilape|78\/100|[from] item: Leftovers\n|-heal|p1a: Salty|87\/100|[from] item: Leftovers\n|-damage|p2a: Annihilape|66\/100|[from] Salt Cure\n|upkeep\n|turn|13\n|l|\u2606Pkmushroom\n|player|p1|\n|inactive|Battle timer is ON: inactive players will automatically lose when time's up. (requested by Ellione Leonhart)\n|inactive|Pkmushroom has 30 seconds to reconnect!\n|inactive|Pkmushroom has 20 seconds to reconnect!\n|inactive|Pkmushroom has 15 seconds to reconnect!\n|inactive|Pkmushroom has 10 seconds to reconnect!\n|inactive|Pkmushroom has 5 seconds to reconnect!\n|j|\u2606Pkmushroom\n|inactive|Pkmushroom reconnected and has 35 seconds left.\n|player|p1|Pkmushroom|red\n|inactive|Pkmushroom has 30 seconds left.\n|\n|t:|1681827762\n|move|p2a: Annihilape|Drain Punch|p1a: Salty\n|-resisted|p1a: Salty\n|-damage|p1a: Salty|84\/100\n|-heal|p2a: Annihilape|67\/100|[from] drain|[of] p1a: Salty\n|move|p1a: Salty|Salt Cure|p2a: Annihilape\n|-resisted|p2a: Annihilape\n|-damage|p2a: Annihilape|62\/100\n|\n|-heal|p2a: Annihilape|68\/100|[from] item: Leftovers\n|-heal|p1a: Salty|90\/100|[from] item: Leftovers\n|-damage|p2a: Annihilape|56\/100|[from] Salt Cure\n|upkeep\n|turn|14\n|\n|t:|1681827778\n|move|p2a: Annihilape|Drain Punch|p1a: Salty\n|-resisted|p1a: Salty\n|-damage|p1a: Salty|87\/100\n|-heal|p2a: Annihilape|58\/100|[from] drain|[of] p1a: Salty\n|move|p1a: Salty|Iron Defense|p1a: Salty\n|-boost|p1a: Salty|def|0\n|\n|-heal|p2a: Annihilape|64\/100|[from] item: Leftovers\n|-heal|p1a: Salty|93\/100|[from] item: Leftovers\n|-damage|p2a: Annihilape|52\/100|[from] Salt Cure\n|upkeep\n|turn|15\n|-message|Ellione Leonhart forfeited.\n|\n|win|Pkmushroom\n|raw|Pkmushroom's rating: 1089 → 1110<\/strong> (+21 for winning)\n|raw|Ellione Leonhart's rating: 1014 → 1004<\/strong> (-10 for losing)\n|l|\u2606Ellione Leonhart\n","uploadtime":1681827810,"views":8,"p1id":"pkmushroom","p2id":"ellioneleonhart","formatid":"gen9vgc2023regulationc","rating":1004,"private":0,"password":""}