{"id":"gen9vgc2023regulationc-1849839156","p1":"Kay B Trois","p2":"Test4Sum","format":"[Gen 9] VGC 2023 Regulation C","log":"|j|\u2606Kay B Trois\n|j|\u2606Test4Sum\n|t:|1682259098\n|gametype|doubles\n|player|p1|Kay B Trois|2|1225\n|player|p2|Test4Sum|1|1241\n|teamsize|p1|6\n|teamsize|p2|6\n|gen|9\n|tier|[Gen 9] VGC 2023 Regulation C\n|rated|\n|rule|Species Clause: Limit one of each Pok\u00e9mon\n|rule|Item Clause: Limit one of each item\n|clearpoke\n|poke|p1|Iron Bundle, L50|\n|poke|p1|Roaring Moon, L50|\n|poke|p1|Baxcalibur, L50, F|\n|poke|p1|Abomasnow, L50, M|\n|poke|p1|Kingambit, L50, F|\n|poke|p1|Chi-Yu, L50|\n|poke|p2|Ceruledge, L50, F|\n|poke|p2|Sableye, L50, M|\n|poke|p2|Wo-Chien, L50|\n|poke|p2|Ting-Lu, L50|\n|poke|p2|Iron Bundle, L50|\n|poke|p2|Flutter Mane, L50|\n|teampreview|4\n|j| ElQuePruebaTimsUwU\n|\n|t:|1682259143\n|start\n|switch|p1a: Baxcalibur|Baxcalibur, L50, F|100\/100\n|switch|p1b: Roaring Moon|Roaring Moon, L50|100\/100\n|switch|p2a: Ceruledge|Ceruledge, L50, F|100\/100\n|switch|p2b: Sableye|Sableye, L50, M|100\/100\n|-enditem|p1b: Roaring Moon|Booster Energy\n|-activate|p1b: Roaring Moon|ability: Protosynthesis|[fromitem]\n|-start|p1b: Roaring Moon|protosynthesisspe\n|turn|1\n|inactive|Battle timer is ON: inactive players will automatically lose when time's up. (requested by Test4Sum)\n|\n|t:|1682259157\n|-terastallize|p2a: Ceruledge|Steel\n|move|p1b: Roaring Moon|Protect|p1b: Roaring Moon\n|-singleturn|p1b: Roaring Moon|Protect\n|move|p1a: Baxcalibur|Protect|p1a: Baxcalibur\n|-singleturn|p1a: Baxcalibur|Protect\n|move|p2b: Sableye|Reflect|p2b: Sableye\n|-sidestart|p2: Test4Sum|Reflect\n|move|p2a: Ceruledge|Bulk Up|p2a: Ceruledge\n|-boost|p2a: Ceruledge|atk|1\n|-boost|p2a: Ceruledge|def|1\n|\n|upkeep\n|turn|2\n|inactive|Kay B Trois has 30 seconds left.\n|\n|t:|1682259185\n|switch|p1a: Chi-Yu|Chi-Yu, L50|100\/100\n|-ability|p1a: Chi-Yu|Beads of Ruin\n|move|p2b: Sableye|Encore|p1a: Chi-Yu\n|-hint|Since gen 7, Dark is immune to Prankster moves.\n|-immune|p1a: Chi-Yu\n|move|p1b: Roaring Moon|Tailwind|p1b: Roaring Moon\n|-sidestart|p1: Kay B Trois|move: Tailwind\n|move|p2a: Ceruledge|Bulk Up|p2a: Ceruledge\n|-boost|p2a: Ceruledge|atk|1\n|-boost|p2a: Ceruledge|def|1\n|\n|upkeep\n|turn|3\n|inactive|Kay B Trois has 30 seconds left.\n|inactive|Test4Sum has 30 seconds left.\n|inactive|Kay B Trois has 20 seconds left.\n|inactive|Kay B Trois has 15 seconds left.\n|\n|t:|1682259229\n|move|p2a: Ceruledge|Protect|p2a: Ceruledge\n|-singleturn|p2a: Ceruledge|Protect\n|move|p2b: Sableye|Light Screen|p2b: Sableye\n|-sidestart|p2: Test4Sum|move: Light Screen\n|move|p1b: Roaring Moon|Acrobatics|p2b: Sableye\n|-damage|p2b: Sableye|68\/100\n|move|p1a: Chi-Yu|Heat Wave|p2a: Ceruledge|[spread] p2b\n|-activate|p2a: Ceruledge|move: Protect\n|-damage|p2b: Sableye|21\/100\n|\n|upkeep\n|turn|4\n|\n|t:|1682259252\n|switch|p2b: Ting-Lu|Ting-Lu, L50|100\/100\n|-ability|p2b: Ting-Lu|Vessel of Ruin\n|move|p1b: Roaring Moon|Acrobatics|p2b: Ting-Lu\n|-damage|p2b: Ting-Lu|88\/100\n|move|p1a: Chi-Yu|Heat Wave|p2a: Ceruledge|[spread] p2b\n|-start|p2a: Ceruledge|ability: Flash Fire\n|-damage|p2b: Ting-Lu|76\/100\n|move|p2a: Ceruledge|Bitter Blade|p1a: Chi-Yu\n|-resisted|p1a: Chi-Yu\n|-damage|p1a: Chi-Yu|1\/100\n|\n|upkeep\n|turn|5\n|inactive|Kay B Trois has 30 seconds left.\n|\n|t:|1682259278\n|switch|p1a: Baxcalibur|Baxcalibur, L50, F|100\/100\n|move|p1b: Roaring Moon|Protect|p1b: Roaring Moon\n|-singleturn|p1b: Roaring Moon|Protect\n|move|p2a: Ceruledge|Shadow Sneak|p1a: Baxcalibur\n|-damage|p1a: Baxcalibur|66\/100\n|move|p2b: Ting-Lu|Fissure|p1b: Roaring Moon\n|-activate|p1b: Roaring Moon|move: Protect\n|\n|-sideend|p1: Kay B Trois|move: Tailwind\n|upkeep\n|turn|6\n|\n|t:|1682259301\n|move|p1b: Roaring Moon|Tailwind|p1b: Roaring Moon\n|-sidestart|p1: Kay B Trois|move: Tailwind\n|move|p1a: Baxcalibur|Icicle Spear|p2b: Ting-Lu\n|-supereffective|p2b: Ting-Lu\n|-damage|p2b: Ting-Lu|65\/100\n|-supereffective|p2b: Ting-Lu\n|-damage|p2b: Ting-Lu|53\/100\n|-supereffective|p2b: Ting-Lu\n|-damage|p2b: Ting-Lu|43\/100\n|-supereffective|p2b: Ting-Lu\n|-damage|p2b: Ting-Lu|32\/100\n|-supereffective|p2b: Ting-Lu\n|-damage|p2b: Ting-Lu|20\/100\n|-hitcount|p2b: Ting-Lu|5\n|move|p2a: Ceruledge|Bitter Blade|p1b: Roaring Moon\n|-resisted|p1b: Roaring Moon\n|-damage|p1b: Roaring Moon|26\/100\n|move|p2b: Ting-Lu|Stomping Tantrum|p1a: Baxcalibur\n|-damage|p1a: Baxcalibur|41\/100\n|\n|upkeep\n|turn|7\n|inactive|Test4Sum has 30 seconds left.\n|inactive|Kay B Trois has 30 seconds left.\n|inactive|Test4Sum has 20 seconds left.\n|inactive|Test4Sum has 15 seconds left.\n|\n|t:|1682259341\n|move|p2a: Ceruledge|Shadow Sneak|p1a: Baxcalibur\n|-damage|p1a: Baxcalibur|7\/100\n|move|p1b: Roaring Moon|Acrobatics|p2a: Ceruledge\n|-resisted|p2a: Ceruledge\n|-damage|p2a: Ceruledge|93\/100\n|move|p1a: Baxcalibur|Icicle Spear|p2b: Ting-Lu\n|-supereffective|p2b: Ting-Lu\n|-damage|p2b: Ting-Lu|10\/100\n|-supereffective|p2b: Ting-Lu\n|-damage|p2b: Ting-Lu|0 fnt\n|faint|p2b: Ting-Lu\n|-hitcount|p2: Ting-Lu|2\n|\n|-heal|p2a: Ceruledge|99\/100|[from] item: Leftovers\n|upkeep\n|\n|t:|1682259363\n|switch|p2b: Wo-Chien|Wo-Chien, L50|100\/100\n|-ability|p2b: Wo-Chien|Tablets of Ruin\n|turn|8\n|\n|t:|1682259373\n|move|p1a: Baxcalibur|Protect|p1a: Baxcalibur\n|-singleturn|p1a: Baxcalibur|Protect\n|move|p2a: Ceruledge|Shadow Sneak|p1a: Baxcalibur\n|-activate|p1a: Baxcalibur|move: Protect\n|move|p1b: Roaring Moon|Acrobatics|p2b: Wo-Chien\n|-supereffective|p2b: Wo-Chien\n|-damage|p2b: Wo-Chien|71\/100\n|move|p2b: Wo-Chien|Pollen Puff|p1b: Roaring Moon\n|-supereffective|p1b: Roaring Moon\n|-damage|p1b: Roaring Moon|0 fnt\n|faint|p1b: Roaring Moon\n|-end|p1b: Roaring Moon|Protosynthesis|[silent]\n|\n|-heal|p2a: Ceruledge|100\/100|[from] item: Leftovers\n|-sideend|p2: Test4Sum|Reflect\n|upkeep\n|inactive|Kay B Trois has 30 seconds left.\n|\n|t:|1682259400\n|switch|p1b: Chi-Yu|Chi-Yu, L50|1\/100\n|-ability|p1b: Chi-Yu|Beads of Ruin\n|turn|9\n|inactive|Kay B Trois has 30 seconds left.\n|\n|t:|1682259434\n|move|p2a: Ceruledge|Shadow Sneak|p1a: Baxcalibur\n|-damage|p1a: Baxcalibur|0 fnt\n|faint|p1a: Baxcalibur\n|move|p1b: Chi-Yu|Overheat|p2b: Wo-Chien\n|-supereffective|p2b: Wo-Chien\n|-damage|p2b: Wo-Chien|0 fnt\n|-unboost|p1b: Chi-Yu|spa|2\n|faint|p2b: Wo-Chien\n|\n|-sideend|p1: Kay B Trois|move: Tailwind\n|upkeep\n|\n|t:|1682259446\n|switch|p1a: Iron Bundle|Iron Bundle, L50|100\/100\n|switch|p2b: Sableye|Sableye, L50, M|21\/100\n|turn|10\n|\n|t:|1682259462\n|move|p2b: Sableye|Encore|p1b: Chi-Yu\n|-hint|Since gen 7, Dark is immune to Prankster moves.\n|-immune|p1b: Chi-Yu\n|move|p1b: Chi-Yu|Overheat|p2b: Sableye\n|-damage|p2b: Sableye|0 fnt\n|-unboost|p1b: Chi-Yu|spa|2\n|faint|p2b: Sableye\n|move|p1a: Iron Bundle|Hydro Pump|p2a: Ceruledge\n|-damage|p2a: Ceruledge|42\/100\n|move|p2a: Ceruledge|Bitter Blade|p1a: Iron Bundle\n|-damage|p1a: Iron Bundle|0 fnt\n|-heal|p2a: Ceruledge|79\/100|[from] drain|[of] p1a: Iron Bundle\n|faint|p1a: Iron Bundle\n|-end|p1a: Iron Bundle|Quark Drive|[silent]\n|\n|-heal|p2a: Ceruledge|85\/100|[from] item: Leftovers\n|-sideend|p2: Test4Sum|move: Light Screen\n|upkeep\n|turn|11\n|c|\u2606Kay B Trois|gg\n|\n|t:|1682259485\n|move|p2a: Ceruledge|Shadow Sneak|p1b: Chi-Yu\n|-resisted|p1b: Chi-Yu\n|-damage|p1b: Chi-Yu|0 fnt\n|faint|p1b: Chi-Yu\n|\n|win|Test4Sum\n|raw|Kay B Trois's rating: 1225 → 1201<\/strong> (-24 for losing)\n|raw|Test4Sum's rating: 1241 → 1265<\/strong> (+24 for winning)\n|l|\u2606Test4Sum\n","uploadtime":1682259513,"views":18,"p1id":"kaybtrois","p2id":"test4sum","formatid":"gen9vgc2023regulationc","rating":1201,"private":0,"password":""}