{"id":"gen9vgc2023regulationc-1855714087","p1":"Itistodaymydudes","p2":"Kiriziomaro","format":"[Gen 9] VGC 2023 Regulation C","log":"|j|\u2606Itistodaymydudes\n|j|\u2606Kiriziomaro\n|t:|1682975956\n|gametype|doubles\n|player|p1|Itistodaymydudes|larry|1126\n|player|p2|Kiriziomaro|lance|1088\n|teamsize|p1|6\n|teamsize|p2|6\n|gen|9\n|tier|[Gen 9] VGC 2023 Regulation C\n|rated|\n|rule|Species Clause: Limit one of each Pok\u00e9mon\n|rule|Item Clause: Limit one of each item\n|clearpoke\n|poke|p1|Hydreigon, L50, M|\n|poke|p1|Torkoal, L50, F|\n|poke|p1|Skeledirge, L50, F|\n|poke|p1|Flutter Mane, L50|\n|poke|p1|Chi-Yu, L50|\n|poke|p1|Roaring Moon, L50|\n|poke|p2|Dondozo, L50, F|\n|poke|p2|Tatsugiri-Stretchy, L50, F|\n|poke|p2|Chi-Yu, L50|\n|poke|p2|Flutter Mane, L50|\n|poke|p2|Dragonite, L50, F|\n|poke|p2|Glimmora, L50, M|\n|teampreview|4\n|inactive|Battle timer is ON: inactive players will automatically lose when time's up. (requested by Itistodaymydudes)\n|inactive|Itistodaymydudes has 60 seconds left.\n|inactive|Kiriziomaro has 60 seconds left.\n|\n|t:|1682975997\n|start\n|switch|p1a: Torkoal|Torkoal, L50, F|100\/100\n|switch|p1b: Hydreigon|Hydreigon, L50, M|100\/100\n|switch|p2a: Glimmora|Glimmora, L50, M|100\/100\n|switch|p2b: Tatsugiri|Tatsugiri-Stretchy, L50, F|100\/100\n|-weather|SunnyDay|[from] ability: Drought|[of] p1a: Torkoal\n|turn|1\n|\n|t:|1682976009\n|move|p1b: Hydreigon|Focus Energy|p1b: Hydreigon\n|-start|p1b: Hydreigon|move: Focus Energy\n|move|p2a: Glimmora|Power Gem|p1a: Torkoal\n|-supereffective|p1a: Torkoal\n|-damage|p1a: Torkoal|0 fnt\n|faint|p1a: Torkoal\n|move|p2b: Tatsugiri|Muddy Water|p1b: Hydreigon\n|-resisted|p1b: Hydreigon\n|-damage|p1b: Hydreigon|81\/100\n|-unboost|p1b: Hydreigon|accuracy|1\n|\n|-weather|SunnyDay|[upkeep]\n|upkeep\n|\n|t:|1682976019\n|switch|p1a: Chi-Yu|Chi-Yu, L50|100\/100\n|-ability|p1a: Chi-Yu|Beads of Ruin\n|turn|2\n|\n|t:|1682976031\n|-terastallize|p1b: Hydreigon|Fire\n|move|p1a: Chi-Yu|Heat Wave|p2b: Tatsugiri|[spread] p2a,p2b\n|-resisted|p2a: Glimmora\n|-resisted|p2b: Tatsugiri\n|-damage|p2a: Glimmora|42\/100\n|-damage|p2b: Tatsugiri|76\/100\n|move|p1b: Hydreigon|Heat Wave|p2b: Tatsugiri|[spread] p2a\n|-miss|p1b: Hydreigon|p2b: Tatsugiri\n|-resisted|p2a: Glimmora\n|-crit|p2a: Glimmora\n|-damage|p2a: Glimmora|0 fnt\n|faint|p2a: Glimmora\n|move|p2b: Tatsugiri|Muddy Water|p1b: Hydreigon|[spread] p1a,p1b\n|-supereffective|p1a: Chi-Yu\n|-supereffective|p1b: Hydreigon\n|-damage|p1a: Chi-Yu|39\/100\n|-damage|p1b: Hydreigon|0 fnt\n|faint|p1b: Hydreigon\n|\n|-weather|SunnyDay|[upkeep]\n|upkeep\n|\n|t:|1682976047\n|switch|p1b: Skeledirge|Skeledirge, L50, F|100\/100\n|switch|p2a: Dondozo|Dondozo, L50, F|100\/100\n|turn|3\n|\n|t:|1682976059\n|move|p1a: Chi-Yu|Dark Pulse|p2b: Tatsugiri\n|-damage|p2b: Tatsugiri|10\/100\n|cant|p2b: Tatsugiri|flinch\n|move|p1b: Skeledirge|Shadow Ball|p2b: Tatsugiri\n|-damage|p2b: Tatsugiri|0 fnt\n|faint|p2b: Tatsugiri\n|move|p2a: Dondozo|Yawn|p1b: Skeledirge\n|-start|p1b: Skeledirge|move: Yawn|[of] p2a: Dondozo\n|\n|-weather|SunnyDay|[upkeep]\n|upkeep\n|\n|t:|1682976070\n|switch|p2b: Flutter Mane|Flutter Mane, L50|100\/100\n|-activate|p2b: Flutter Mane|ability: Protosynthesis\n|-start|p2b: Flutter Mane|protosynthesisspe\n|turn|4\n|\n|t:|1682976081\n|move|p2b: Flutter Mane|Protect|p2b: Flutter Mane\n|-singleturn|p2b: Flutter Mane|Protect\n|move|p1a: Chi-Yu|Heat Wave|p2a: Dondozo|[spread] p2a\n|-activate|p2b: Flutter Mane|move: Protect\n|-resisted|p2a: Dondozo\n|-crit|p2a: Dondozo\n|-damage|p2a: Dondozo|58\/100\n|move|p1b: Skeledirge|Torch Song|p2b: Flutter Mane\n|-activate|p2b: Flutter Mane|move: Protect\n|move|p2a: Dondozo|Bulldoze|p1a: Chi-Yu|[spread] p1a,p1b\n|-activate|p2b: Flutter Mane|move: Protect\n|-supereffective|p1a: Chi-Yu\n|-supereffective|p1b: Skeledirge\n|-damage|p1a: Chi-Yu|7\/100\n|-damage|p1b: Skeledirge|82\/100\n|-unboost|p1a: Chi-Yu|spe|1\n|-unboost|p1b: Skeledirge|spe|1\n|\n|-weather|SunnyDay|[upkeep]\n|-end|p1b: Skeledirge|move: Yawn|[silent]\n|-status|p1b: Skeledirge|slp\n|upkeep\n|turn|5\n|\n|t:|1682976098\n|move|p2b: Flutter Mane|Moonblast|p1a: Chi-Yu\n|-damage|p1a: Chi-Yu|0 fnt\n|faint|p1a: Chi-Yu\n|move|p2a: Dondozo|Wave Crash|p1b: Skeledirge\n|-supereffective|p1b: Skeledirge\n|-damage|p1b: Skeledirge|49\/100 slp\n|-damage|p2a: Dondozo|50\/100|[from] Recoil\n|-enditem|p2a: Dondozo|Sitrus Berry|[eat]\n|-heal|p2a: Dondozo|75\/100|[from] item: Sitrus Berry\n|cant|p1b: Skeledirge|slp\n|\n|-weather|SunnyDay|[upkeep]\n|upkeep\n|turn|6\n|\n|t:|1682976110\n|move|p2b: Flutter Mane|Hex|p1b: Skeledirge\n|-supereffective|p1b: Skeledirge\n|-damage|p1b: Skeledirge|0 fnt\n|faint|p1b: Skeledirge\n|\n|win|Kiriziomaro\n|raw|Itistodaymydudes's rating: 1126 → 1098<\/strong> (-28 for losing)\n|raw|Kiriziomaro's rating: 1088 → 1118<\/strong> (+30 for winning)\n|l|\u2606Itistodaymydudes\n","uploadtime":1682976116,"views":11,"p1id":"itistodaymydudes","p2id":"kiriziomaro","formatid":"gen9vgc2023regulationc","rating":1098,"private":0,"password":""}