{"id":"gen9vgc2023regulationc-1847789336","p1":"Mess in Distress","p2":"babiwi bewey\u2714\ufe0f","format":"[Gen 9] VGC 2023 Regulation C","log":"|j|\u2606Mess in Distress\n|j|\u2606babiwi bewey\u2714\ufe0f\n|t:|1682002118\n|gametype|doubles\n|player|p1|Mess in Distress|iono|1477\n|player|p2|babiwi bewey\u2714\ufe0f|elesa-masters|1537\n|teamsize|p1|6\n|teamsize|p2|6\n|gen|9\n|tier|[Gen 9] VGC 2023 Regulation C\n|rated|\n|rule|Species Clause: Limit one of each Pok\u00e9mon\n|rule|Item Clause: Limit one of each item\n|clearpoke\n|poke|p1|Gholdengo, L50|\n|poke|p1|Dondozo, L50, M|\n|poke|p1|Wo-Chien, L50|\n|poke|p1|Chien-Pao, L50|\n|poke|p1|Arcanine, L50, F|\n|poke|p1|Tatsugiri, L50, M|\n|poke|p2|Dondozo, L50, M|\n|poke|p2|Tatsugiri, L50, M|\n|poke|p2|Pawmot, L50, M|\n|poke|p2|Baxcalibur, L50, M|\n|poke|p2|Flutter Mane, L50|\n|poke|p2|Chi-Yu, L50|\n|teampreview|4\n|inactive|Battle timer is ON: inactive players will automatically lose when time's up. (requested by babiwi bewey\u2714\ufe0f)\n|\n|t:|1682002189\n|start\n|switch|p1a: Dondozo|Dondozo, L50, M|100\/100\n|switch|p1b: Gholdengo|Gholdengo, L50|100\/100\n|switch|p2a: Tatsugiri|Tatsugiri, L50, M|100\/100\n|switch|p2b: Chi-Yu|Chi-Yu, L50|100\/100\n|-ability|p2b: Chi-Yu|Beads of Ruin\n|turn|1\n|inactive|Mess in Distress has 30 seconds left.\n|\n|t:|1682002218\n|switch|p1b: Wo-Chien|Wo-Chien, L50|100\/100\n|-ability|p1b: Wo-Chien|Tablets of Ruin\n|-terastallize|p2b: Chi-Yu|Grass\n|move|p2a: Tatsugiri|Draco Meteor|p1a: Dondozo\n|-damage|p1a: Dondozo|30\/100\n|-unboost|p2a: Tatsugiri|spa|2\n|move|p2b: Chi-Yu|Dark Pulse|p1b: Wo-Chien\n|-resisted|p1b: Wo-Chien\n|-damage|p1b: Wo-Chien|77\/100\n|move|p1a: Dondozo|Wave Crash|p2b: Chi-Yu\n|-resisted|p2b: Chi-Yu\n|-damage|p2b: Chi-Yu|50\/100\n|-damage|p1a: Dondozo|21\/100|[from] Recoil\n|-damage|p1a: Dondozo|11\/100|[from] item: Life Orb\n|\n|upkeep\n|turn|2\n|\n|t:|1682002238\n|switch|p2b: Dondozo|Dondozo, L50, M|100\/100\n|-activate|p2a: Tatsugiri|ability: Commander|[of] p2b: Dondozo\n|-boost|p2b: Dondozo|atk|2\n|-boost|p2b: Dondozo|spa|2\n|-boost|p2b: Dondozo|spe|2\n|-boost|p2b: Dondozo|def|2\n|-boost|p2b: Dondozo|spd|2\n|switch|p1a: Gholdengo|Gholdengo, L50|100\/100\n|-terastallize|p1b: Wo-Chien|Water\n|move|p1b: Wo-Chien|Dark Pulse|p2b: Dondozo\n|-damage|p2b: Dondozo|78\/100\n|\n|upkeep\n|turn|3\n|inactive|Mess in Distress has 30 seconds left.\n|inactive|Mess in Distress has 20 seconds left.\n|inactive|Mess in Distress has 15 seconds left.\n|\n|t:|1682002280\n|move|p2b: Dondozo|Wave Crash|p1a: Gholdengo\n|-damage|p1a: Gholdengo|20\/100\n|-damage|p2b: Dondozo|57\/100|[from] Recoil\n|move|p1a: Gholdengo|Trick|p2b: Dondozo\n|-activate|p1a: Gholdengo|move: Trick|[of] p2b: Dondozo\n|-item|p2b: Dondozo|Choice Specs|[from] move: Trick\n|-item|p1a: Gholdengo|Chesto Berry|[from] move: Trick\n|move|p1b: Wo-Chien|Giga Drain|p2b: Dondozo\n|-supereffective|p2b: Dondozo\n|-damage|p2b: Dondozo|19\/100\n|-heal|p1b: Wo-Chien|99\/100|[from] drain|[of] p2b: Dondozo\n|\n|upkeep\n|turn|4\n|inactive|Mess in Distress has 30 seconds left.\n|inactive|Mess in Distress has 20 seconds left.\n|\n|t:|1682002316\n|switch|p1a: Tatsugiri|Tatsugiri, L50, M|100\/100\n|move|p2b: Dondozo|Wave Crash|p1a: Tatsugiri\n|-resisted|p1a: Tatsugiri\n|-damage|p1a: Tatsugiri|61\/100\n|-damage|p2b: Dondozo|11\/100|[from] Recoil\n|move|p1b: Wo-Chien|Giga Drain|p2b: Dondozo\n|-supereffective|p2b: Dondozo\n|-damage|p2b: Dondozo|0 fnt\n|-heal|p1b: Wo-Chien|100\/100|[from] drain|[of] p2b: Dondozo\n|faint|p2b: Dondozo\n|\n|upkeep\n|\n|t:|1682002325\n|switch|p2b: Pawmot|Pawmot, L50, M|100\/100\n|turn|5\n|\n|t:|1682002342\n|move|p2b: Pawmot|Fake Out|p1a: Tatsugiri\n|-damage|p1a: Tatsugiri|42\/100\n|cant|p1a: Tatsugiri|flinch\n|move|p2a: Tatsugiri|Draco Meteor|p1a: Tatsugiri\n|-supereffective|p1a: Tatsugiri\n|-damage|p1a: Tatsugiri|0 fnt\n|-unboost|p2a: Tatsugiri|spa|2\n|faint|p1a: Tatsugiri\n|move|p1b: Wo-Chien|Giga Drain|p2b: Pawmot\n|-damage|p2b: Pawmot|35\/100\n|\n|upkeep\n|\n|t:|1682002354\n|switch|p1a: Gholdengo|Gholdengo, L50|20\/100\n|turn|6\n|\n|t:|1682002366\n|switch|p2a: Chi-Yu|Chi-Yu, L50, tera:Grass|50\/100\n|-ability|p2a: Chi-Yu|Beads of Ruin\n|move|p2b: Pawmot|Double Shock|p1a: Gholdengo\n|-damage|p1a: Gholdengo|0 fnt\n|-start|p2b: Pawmot|typechange|???\/Fighting|[from] move: Double Shock\n|faint|p1a: Gholdengo\n|move|p1b: Wo-Chien|Giga Drain|p2b: Pawmot\n|-damage|p2b: Pawmot|0 fnt\n|faint|p2b: Pawmot\n|\n|upkeep\n|\n|t:|1682002377\n|switch|p2b: Tatsugiri|Tatsugiri, L50, M|100\/100\n|switch|p1a: Dondozo|Dondozo, L50, M|11\/100\n|turn|7\n|\n|t:|1682002395\n|move|p2b: Tatsugiri|Draco Meteor|p1a: Dondozo\n|-damage|p1a: Dondozo|0 fnt\n|-unboost|p2b: Tatsugiri|spa|2\n|faint|p1a: Dondozo\n|move|p2a: Chi-Yu|Tera Blast|p1b: Wo-Chien\n|-supereffective|p1b: Wo-Chien\n|-damage|p1b: Wo-Chien|18\/100\n|move|p1b: Wo-Chien|Dark Pulse|p2a: Chi-Yu\n|-damage|p2a: Chi-Yu|8\/100\n|\n|upkeep\n|turn|8\n|\n|t:|1682002409\n|move|p2b: Tatsugiri|Draco Meteor|p1b: Wo-Chien\n|-damage|p1b: Wo-Chien|0 fnt\n|-unboost|p2b: Tatsugiri|spa|2\n|faint|p1b: Wo-Chien\n|\n|win|babiwi bewey\u2714\ufe0f\n|raw|Mess in Distress's rating: 1477 → 1460<\/strong> (-17 for losing)\n|raw|babiwi bewey\u2714\ufe0f's rating: 1537 → 1554<\/strong> (+17 for winning)\n","uploadtime":1682002432,"views":3,"p1id":"messindistress","p2id":"babiwibewey","formatid":"gen9vgc2023regulationc","rating":1460,"private":0,"password":""}