{"id":"gen9vgc2023regulationc-1850067193","p1":"KrookKiller101","p2":"nativebeans","format":"[Gen 9] VGC 2023 Regulation C","log":"|j|\u2606KrookKiller101\n|j|\u2606nativebeans\n|t:|1682283590\n|gametype|doubles\n|player|p1|KrookKiller101|n|1090\n|player|p2|nativebeans|265|1052\n|teamsize|p1|6\n|teamsize|p2|6\n|gen|9\n|tier|[Gen 9] VGC 2023 Regulation C\n|rated|\n|rule|Species Clause: Limit one of each Pok\u00e9mon\n|rule|Item Clause: Limit one of each item\n|clearpoke\n|poke|p1|Slaking, L50, F|\n|poke|p1|Grafaiai, L50, F|\n|poke|p1|Gholdengo, L50|\n|poke|p1|Krookodile, L50, F|\n|poke|p1|Palafin, L50, M|\n|poke|p1|Jolteon, L50, F|\n|poke|p2|Sableye, L50, F|\n|poke|p2|Toedscruel, L50, F|\n|poke|p2|Flutter Mane, L50|\n|poke|p2|Wo-Chien, L50|\n|poke|p2|Arcanine, L50, F|\n|poke|p2|Iron Hands, L50|\n|teampreview|4\n|\n|t:|1682283598\n|start\n|switch|p1a: Slaking|Slaking, L50, F|100\/100\n|switch|p1b: Grafaiai|Grafaiai, L50, F|100\/100\n|switch|p2a: Sableye|Sableye, L50, F|100\/100\n|switch|p2b: Toedscruel|Toedscruel, L50, F|100\/100\n|turn|1\n|\n|t:|1682283615\n|-terastallize|p1a: Slaking|Fairy\n|move|p2a: Sableye|Skill Swap|p2b: Toedscruel\n|-activate|p2a: Sableye|move: Skill Swap|||[of] p2b: Toedscruel\n|move|p2b: Toedscruel|Spore|p1a: Slaking\n|-status|p1a: Slaking|slp|[from] move: Spore\n|move|p1b: Grafaiai|Fling|p2b: Toedscruel\n|-damage|p2b: Toedscruel|92\/100\n|-status|p2b: Toedscruel|tox\n|-enditem|p1b: Grafaiai|Toxic Orb|[from] move: Fling\n|cant|p1a: Slaking|slp\n|\n|-heal|p2b: Toedscruel|98\/100 tox|[from] item: Leftovers\n|-damage|p2b: Toedscruel|92\/100 tox|[from] psn\n|upkeep\n|turn|2\n|inactive|Battle timer is ON: inactive players will automatically lose when time's up. (requested by KrookKiller101)\n|\n|t:|1682283657\n|move|p1b: Grafaiai|Doodle|p2b: Toedscruel\n|-endability|p1a: Slaking|Truant|[from] move: Doodle\n|-ability|p1a: Slaking|Prankster|[from] move: Doodle\n|move|p2b: Toedscruel|Spore|p1b: Grafaiai\n|-status|p1b: Grafaiai|slp|[from] move: Spore\n|cant|p1a: Slaking|slp\n|move|p2a: Sableye|Skill Swap|p1b: Grafaiai\n|-activate|p2a: Sableye|move: Skill Swap|Prankster|Mycelium Might|[of] p1b: Grafaiai\n|\n|-heal|p2b: Toedscruel|98\/100 tox|[from] item: Leftovers\n|-damage|p2b: Toedscruel|87\/100 tox|[from] psn\n|upkeep\n|turn|3\n|\n|t:|1682283679\n|move|p2b: Toedscruel|Leech Seed|p1a: Slaking\n|-start|p1a: Slaking|move: Leech Seed\n|move|p2a: Sableye|Encore|p1b: Grafaiai\n|-start|p1b: Grafaiai|Encore\n|cant|p1a: Slaking|slp\n|cant|p1b: Grafaiai|slp\n|\n|-heal|p2b: Toedscruel|92\/100 tox|[from] item: Leftovers\n|-damage|p1a: Slaking|88\/100 slp|[from] Leech Seed|[of] p2b: Toedscruel\n|-heal|p2b: Toedscruel|100\/100 tox|[silent]\n|-damage|p2b: Toedscruel|83\/100 tox|[from] psn\n|upkeep\n|turn|4\n|\n|t:|1682283699\n|move|p2b: Toedscruel|Leech Seed|p1b: Grafaiai\n|-start|p1b: Grafaiai|move: Leech Seed\n|-curestatus|p1a: Slaking|slp|[msg]\n|move|p1a: Slaking|Play Rough|p2b: Toedscruel|[miss]\n|-miss|p1a: Slaking|p2b: Toedscruel\n|cant|p1b: Grafaiai|slp\n|move|p2a: Sableye|Knock Off|p1a: Slaking\n|-resisted|p1a: Slaking\n|-damage|p1a: Slaking|79\/100\n|-enditem|p1a: Slaking|Assault Vest|[from] move: Knock Off|[of] p2a: Sableye\n|\n|-heal|p2b: Toedscruel|89\/100 tox|[from] item: Leftovers\n|-damage|p1b: Grafaiai|88\/100 slp|[from] Leech Seed|[of] p2b: Toedscruel\n|-heal|p2b: Toedscruel|99\/100 tox|[silent]\n|-damage|p1a: Slaking|67\/100|[from] Leech Seed|[of] p2b: Toedscruel\n|-heal|p2b: Toedscruel|100\/100 tox|[silent]\n|-damage|p2b: Toedscruel|77\/100 tox|[from] psn\n|upkeep\n|turn|5\n|inactive|nativebeans has 30 seconds left.\n|\n|t:|1682283730\n|switch|p1b: Palafin|Palafin, L50, M|100\/100\n|switch|p1a: Gholdengo|Gholdengo, L50|100\/100\n|move|p2b: Toedscruel|Spore|p1a: Gholdengo\n|-immune|p1a: Gholdengo|[from] ability: Good as Gold\n|move|p2a: Sableye|Knock Off|p1a: Gholdengo\n|-supereffective|p1a: Gholdengo\n|-damage|p1a: Gholdengo|44\/100\n|-enditem|p1a: Gholdengo|Choice Scarf|[from] move: Knock Off|[of] p2a: Sableye\n|\n|-heal|p2b: Toedscruel|83\/100 tox|[from] item: Leftovers\n|-damage|p2b: Toedscruel|53\/100 tox|[from] psn\n|upkeep\n|turn|6\n|inactive|nativebeans has 30 seconds left.\n|\n|t:|1682283755\n|move|p2b: Toedscruel|Spore|p1b: Palafin\n|-status|p1b: Palafin|slp|[from] move: Spore\n|cant|p1b: Palafin|slp\n|move|p1a: Gholdengo|Dazzling Gleam|p2b: Toedscruel|[spread] p2a,p2b\n|-supereffective|p2a: Sableye\n|-damage|p2a: Sableye|39\/100\n|-damage|p2b: Toedscruel|36\/100 tox\n|move|p2a: Sableye|Knock Off|p1a: Gholdengo\n|-supereffective|p1a: Gholdengo\n|-damage|p1a: Gholdengo|5\/100\n|\n|-heal|p2b: Toedscruel|42\/100 tox|[from] item: Leftovers\n|-damage|p2b: Toedscruel|6\/100 tox|[from] psn\n|upkeep\n|turn|7\n|\n|t:|1682283773\n|move|p2b: Toedscruel|Leech Seed|p1b: Palafin\n|-start|p1b: Palafin|move: Leech Seed\n|cant|p1b: Palafin|slp\n|move|p1a: Gholdengo|Dazzling Gleam|p2b: Toedscruel|[spread] p2a,p2b\n|-supereffective|p2a: Sableye\n|-damage|p2a: Sableye|0 fnt\n|-damage|p2b: Toedscruel|0 fnt\n|faint|p2a: Sableye\n|faint|p2b: Toedscruel\n|\n|upkeep\n|\n|t:|1682283782\n|switch|p2b: Flutter Mane|Flutter Mane, L50|100\/100\n|switch|p2a: Arcanine|Arcanine, L50, F|100\/100\n|-ability|p2a: Arcanine|Intimidate|boost\n|-unboost|p1a: Gholdengo|atk|1\n|-unboost|p1b: Palafin|atk|1\n|turn|8\n|\n|t:|1682283803\n|-terastallize|p2b: Flutter Mane|Fairy\n|move|p2a: Arcanine|Extreme Speed|p1a: Gholdengo\n|-immune|p1a: Gholdengo\n|move|p2b: Flutter Mane|Dazzling Gleam|p1a: Gholdengo|[spread] p1a,p1b\n|-resisted|p1a: Gholdengo\n|-damage|p1a: Gholdengo|0 fnt\n|-damage|p1b: Palafin|0 fnt\n|faint|p1a: Gholdengo\n|faint|p1b: Palafin\n|\n|upkeep\n|\n|t:|1682283813\n|switch|p1b: Grafaiai|Grafaiai, L50, F|88\/100 slp\n|switch|p1a: Slaking|Slaking, L50, F, tera:Fairy|67\/100\n|turn|9\n|\n|t:|1682283827\n|-curestatus|p1b: Grafaiai|slp|[msg]\n|move|p1b: Grafaiai|Doodle|p2a: Arcanine\n|-endability|p1a: Slaking|Truant|[from] move: Doodle\n|-ability|p1a: Slaking|Intimidate|boost\n|-unboost|p2a: Arcanine|atk|1\n|-unboost|p2b: Flutter Mane|atk|1\n|-ability|p1a: Slaking|Intimidate|[from] move: Doodle\n|-endability|p1b: Grafaiai|Prankster|[from] move: Doodle\n|-ability|p1b: Grafaiai|Intimidate|boost\n|-unboost|p2a: Arcanine|atk|1\n|-unboost|p2b: Flutter Mane|atk|1\n|-ability|p1b: Grafaiai|Intimidate|[from] move: Doodle\n|move|p2b: Flutter Mane|Dazzling Gleam|p1b: Grafaiai|[spread] p1a,p1b\n|-resisted|p1b: Grafaiai\n|-crit|p1b: Grafaiai\n|-damage|p1a: Slaking|8\/100\n|-damage|p1b: Grafaiai|14\/100\n|move|p2a: Arcanine|Flare Blitz|p1a: Slaking\n|-damage|p1a: Slaking|0 fnt\n|faint|p1a: Slaking\n|-damage|p2a: Arcanine|96\/100|[from] Recoil\n|\n|upkeep\n|turn|10\n|-message|KrookKiller101 forfeited.\n|\n|win|nativebeans\n|raw|KrookKiller101's rating: 1090 → 1064<\/strong> (-26 for losing)\n|raw|nativebeans's rating: 1052 → 1088<\/strong> (+36 for winning)\n|l|\u2606KrookKiller101\n","uploadtime":1682283847,"views":10,"p1id":"krookkiller101","p2id":"nativebeans","formatid":"gen9vgc2023regulationc","rating":1064,"private":0,"password":""}