{"id":"gen9vgc2023regulationc-1846762514","p1":"Elijets","p2":"johnny99ep","format":"[Gen 9] VGC 2023 Regulation C","log":"|j|\u2606Elijets\n|j|\u2606johnny99ep\n|t:|1681875492\n|gametype|doubles\n|player|p1|Elijets|266|1209\n|player|p2|johnny99ep|artist-gen4|1157\n|teamsize|p1|6\n|teamsize|p2|6\n|gen|9\n|tier|[Gen 9] VGC 2023 Regulation C\n|rated|\n|rule|Species Clause: Limit one of each Pok\u00e9mon\n|rule|Item Clause: Limit one of each item\n|clearpoke\n|poke|p1|Palafin, L50, M|\n|poke|p1|Arcanine, L50, F|\n|poke|p1|Amoonguss, L50, M|\n|poke|p1|Ting-Lu, L50|\n|poke|p1|Baxcalibur, L50, M|\n|poke|p1|Flutter Mane, L50|\n|poke|p2|Gothitelle, L50, M|\n|poke|p2|Scream Tail, L50|\n|poke|p2|Flutter Mane, L50|\n|poke|p2|Arcanine, L50, M|\n|poke|p2|Palafin, L50, F|\n|poke|p2|Amoonguss, L50, M|\n|teampreview|4\n|inactive|Battle timer is ON: inactive players will automatically lose when time's up. (requested by johnny99ep)\n|inactive|Elijets also wants the timer to be on.\n|inactive|Elijets has 60 seconds left.\n|\n|t:|1681875538\n|start\n|switch|p1a: Palafin|Palafin, L50, M|100\/100\n|switch|p1b: Ting-Lu|Ting-Lu, L50|100\/100\n|switch|p2a: Grim Shady|Flutter Mane, L50|100\/100\n|switch|p2b: Addams|Gothitelle, L50, M|100\/100\n|-ability|p1b: Ting-Lu|Vessel of Ruin\n|turn|1\n|inactive|Elijets has 30 seconds left.\n|inactive|johnny99ep has 30 seconds left.\n|l|\u2606johnny99ep\n|inactive|johnny99ep disconnected and has a minute to reconnect!\n|player|p2|\n|inactive|Elijets has 20 seconds left.\n|inactive|johnny99ep has 20 seconds left.\n|inactive|Elijets has 15 seconds left.\n|inactive|johnny99ep has 15 seconds left.\n|inactive|Elijets has 10 seconds left.\n|inactive|johnny99ep has 10 seconds left.\n|j|\u2606johnny99ep\n|inactive|johnny99ep reconnected and has 10 seconds left.\n|player|p2|johnny99ep|artist-gen4\n|inactive|johnny99ep has 5 seconds left.\n|\n|t:|1681875588\n|-terastallize|p1a: Palafin|Water\n|move|p2b: Addams|Fake Out|p1b: Ting-Lu\n|-damage|p1b: Ting-Lu|97\/100\n|move|p2a: Grim Shady|Perish Song|p2a: Grim Shady\n|-start|p1a: Palafin|perish3|[silent]\n|-start|p1b: Ting-Lu|perish3|[silent]\n|-start|p2a: Grim Shady|perish3|[silent]\n|-start|p2b: Addams|perish3|[silent]\n|-fieldactivate|move: Perish Song\n|move|p1a: Palafin|Wave Crash|p2b: Addams\n|-damage|p2b: Addams|36\/100\n|-enditem|p2b: Addams|Sitrus Berry|[eat]\n|-heal|p2b: Addams|61\/100|[from] item: Sitrus Berry\n|-damage|p1a: Palafin|82\/100|[from] Recoil\n|cant|p1b: Ting-Lu|flinch\n|\n|-start|p2a: Grim Shady|perish3\n|-start|p1a: Palafin|perish3\n|-start|p2b: Addams|perish3\n|-start|p1b: Ting-Lu|perish3\n|upkeep\n|turn|2\n|inactive|Elijets has 30 seconds left.\n|inactive|Elijets has 20 seconds left.\n|inactive|Elijets has 15 seconds left.\n|\n|t:|1681875632\n|move|p2a: Grim Shady|Protect|p2a: Grim Shady\n|-singleturn|p2a: Grim Shady|Protect\n|move|p1a: Palafin|Jet Punch|p2b: Addams\n|-damage|p2b: Addams|26\/100\n|move|p2b: Addams|Psychic|p1a: Palafin\n|-damage|p1a: Palafin|51\/100\n|move|p1b: Ting-Lu|Fissure|p2b: Addams|[miss]\n|-miss|p1b: Ting-Lu|p2b: Addams\n|\n|-start|p2a: Grim Shady|perish2\n|-start|p1a: Palafin|perish2\n|-start|p2b: Addams|perish2\n|-start|p1b: Ting-Lu|perish2\n|upkeep\n|turn|3\n|inactive|johnny99ep has 30 seconds left.\n|\n|t:|1681875661\n|move|p2b: Addams|Protect|p2b: Addams\n|-singleturn|p2b: Addams|Protect\n|move|p2a: Grim Shady|Moonblast|p1b: Ting-Lu\n|-supereffective|p1b: Ting-Lu\n|-damage|p1b: Ting-Lu|63\/100\n|move|p1a: Palafin|Wave Crash|p2a: Grim Shady\n|-enditem|p2a: Grim Shady|Focus Sash\n|-damage|p2a: Grim Shady|1\/100\n|-damage|p1a: Palafin|30\/100|[from] Recoil\n|move|p1b: Ting-Lu|Heavy Slam|p2a: Grim Shady\n|-supereffective|p2a: Grim Shady\n|-damage|p2a: Grim Shady|0 fnt\n|faint|p2a: Grim Shady\n|-end|p2a: Grim Shady|Protosynthesis|[silent]\n|\n|-start|p1a: Palafin|perish1\n|-start|p2b: Addams|perish1\n|-start|p1b: Ting-Lu|perish1\n|upkeep\n|\n|t:|1681875682\n|switch|p2a: LaPetiteMort|Scream Tail, L50, shiny|100\/100\n|-enditem|p2a: LaPetiteMort|Booster Energy\n|-activate|p2a: LaPetiteMort|ability: Protosynthesis|[fromitem]\n|-start|p2a: LaPetiteMort|protosynthesisspe\n|turn|4\n|inactive|Elijets has 30 seconds left.\n|\n|t:|1681875712\n|switch|p2b: Bonnie Tyler|Palafin, L50, F|100\/100\n|move|p2a: LaPetiteMort|Protect|p2a: LaPetiteMort\n|-singleturn|p2a: LaPetiteMort|Protect\n|move|p1a: Palafin|Jet Punch|p2a: LaPetiteMort\n|-activate|p2a: LaPetiteMort|move: Protect\n|move|p1b: Ting-Lu|Fissure|p2b: Bonnie Tyler|[miss]\n|-miss|p1b: Ting-Lu|p2b: Bonnie Tyler\n|\n|-start|p1a: Palafin|perish0\n|-start|p1b: Ting-Lu|perish0\n|faint|p1a: Palafin\n|faint|p1b: Ting-Lu\n|upkeep\n|\n|t:|1681875724\n|switch|p1a: Baxcalibur|Baxcalibur, L50, M|100\/100\n|switch|p1b: Flutter Mane|Flutter Mane, L50|100\/100\n|turn|5\n|\n|t:|1681875746\n|move|p2b: Bonnie Tyler|Protect|p2b: Bonnie Tyler\n|-singleturn|p2b: Bonnie Tyler|Protect\n|move|p2a: LaPetiteMort|Perish Song|p2a: LaPetiteMort\n|-start|p1a: Baxcalibur|perish3|[silent]\n|-start|p1b: Flutter Mane|perish3|[silent]\n|-start|p2a: LaPetiteMort|perish3|[silent]\n|-start|p2b: Bonnie Tyler|perish3|[silent]\n|-fieldactivate|move: Perish Song\n|move|p1b: Flutter Mane|Shadow Ball|p2a: LaPetiteMort\n|-supereffective|p2a: LaPetiteMort\n|-damage|p2a: LaPetiteMort|29\/100\n|-damage|p1b: Flutter Mane|91\/100|[from] item: Life Orb\n|move|p1a: Baxcalibur|Icicle Spear|p2b: Bonnie Tyler\n|-activate|p2b: Bonnie Tyler|move: Protect\n|\n|-start|p2a: LaPetiteMort|perish3\n|-start|p1b: Flutter Mane|perish3\n|-start|p2b: Bonnie Tyler|perish3\n|-start|p1a: Baxcalibur|perish3\n|upkeep\n|turn|6\n|inactive|johnny99ep has 30 seconds left.\n|inactive|johnny99ep has 20 seconds left.\n|inactive|johnny99ep has 15 seconds left.\n|\n|t:|1681875788\n|detailschange|p2b: Bonnie Tyler|Palafin-Hero, L50, F\n|switch|p2b: Addams|Gothitelle, L50, M|26\/100\n|move|p2a: LaPetiteMort|Protect|p2a: LaPetiteMort\n|-singleturn|p2a: LaPetiteMort|Protect\n|move|p1b: Flutter Mane|Shadow Ball|p2b: Addams\n|-supereffective|p2b: Addams\n|-damage|p2b: Addams|0 fnt\n|faint|p2b: Addams\n|-damage|p1b: Flutter Mane|82\/100|[from] item: Life Orb\n|move|p1a: Baxcalibur|Icicle Spear|p2a: LaPetiteMort\n|-activate|p2a: LaPetiteMort|move: Protect\n|\n|-start|p2a: LaPetiteMort|perish2\n|-start|p1b: Flutter Mane|perish2\n|-start|p1a: Baxcalibur|perish2\n|upkeep\n|\n|t:|1681875806\n|switch|p2b: Bonnie Tyler|Palafin-Hero, L50, F|100\/100\n|-activate|p2b: Bonnie Tyler|ability: Zero to Hero\n|turn|7\n|\n|t:|1681875829\n|move|p2a: LaPetiteMort|Play Rough|p1a: Baxcalibur\n|-supereffective|p1a: Baxcalibur\n|-damage|p1a: Baxcalibur|54\/100\n|move|p1b: Flutter Mane|Shadow Ball|p2a: LaPetiteMort\n|-supereffective|p2a: LaPetiteMort\n|-damage|p2a: LaPetiteMort|0 fnt\n|faint|p2a: LaPetiteMort\n|-end|p2a: LaPetiteMort|Protosynthesis|[silent]\n|-damage|p1b: Flutter Mane|72\/100|[from] item: Life Orb\n|move|p2b: Bonnie Tyler|Close Combat|p1a: Baxcalibur\n|-supereffective|p1a: Baxcalibur\n|-damage|p1a: Baxcalibur|0 fnt\n|-unboost|p2b: Bonnie Tyler|def|1\n|-unboost|p2b: Bonnie Tyler|spd|1\n|faint|p1a: Baxcalibur\n|\n|-start|p1b: Flutter Mane|perish1\n|upkeep\n|turn|8\n|\n|t:|1681875847\n|move|p2b: Bonnie Tyler|Protect|p2b: Bonnie Tyler\n|-singleturn|p2b: Bonnie Tyler|Protect\n|move|p1b: Flutter Mane|Shadow Ball|p2b: Bonnie Tyler\n|-activate|p2b: Bonnie Tyler|move: Protect\n|\n|-start|p1b: Flutter Mane|perish0\n|faint|p1b: Flutter Mane\n|-end|p1b: Flutter Mane|Protosynthesis|[silent]\n|\n|win|johnny99ep\n|upkeep\n|raw|Elijets's rating: 1209 → 1180<\/strong> (-29 for losing)\n|raw|johnny99ep's rating: 1157 → 1186<\/strong> (+29 for winning)\n|l|\u2606Elijets\n","uploadtime":1681875859,"views":14,"p1id":"elijets","p2id":"johnny99ep","formatid":"gen9vgc2023regulationc","rating":1180,"private":0,"password":""}