{"id":"gen9vgc2023regulationc-1848821300","p1":"Galuk","p2":"yungwasser","format":"[Gen 9] VGC 2023 Regulation C","log":"|j|\u2606Galuk\n|j|\u2606yungwasser\n|t:|1682114034\n|gametype|doubles\n|player|p1|Galuk|norman|1418\n|player|p2|yungwasser|turo|1367\n|teamsize|p1|6\n|teamsize|p2|6\n|gen|9\n|tier|[Gen 9] VGC 2023 Regulation C\n|rated|\n|rule|Species Clause: Limit one of each Pok\u00e9mon\n|rule|Item Clause: Limit one of each item\n|clearpoke\n|poke|p1|Kingambit, L50, M|\n|poke|p1|Ting-Lu, L50|\n|poke|p1|Flutter Mane, L50|\n|poke|p1|Amoonguss, L50, M|\n|poke|p1|Arcanine, L50, F|\n|poke|p1|Dragonite, L50, F|\n|poke|p2|Annihilape, L50, M|\n|poke|p2|Iron Bundle, L50|\n|poke|p2|Arcanine, L50, F|\n|poke|p2|Roaring Moon, L50|\n|poke|p2|Gholdengo, L50|\n|poke|p2|Maushold-Four, L50|\n|teampreview|4\n|\n|t:|1682114057\n|start\n|switch|p1a: Maguu Kenki|Kingambit, L50, M|100\/100\n|switch|p1b: No risk - No win|Ting-Lu, L50|100\/100\n|switch|p2a: Maushold|Maushold-Four, L50|100\/100\n|switch|p2b: Gholdengo|Gholdengo, L50|100\/100\n|-ability|p1b: No risk - No win|Vessel of Ruin\n|turn|1\n|\n|t:|1682114076\n|switch|p2b: Annihilape|Annihilape, L50, M|100\/100\n|move|p2a: Maushold|Super Fang|p1b: No risk - No win\n|-damage|p1b: No risk - No win|51\/100\n|move|p1a: Maguu Kenki|Kowtow Cleave|p2b: Annihilape\n|-damage|p2b: Annihilape|55\/100\n|move|p1b: No risk - No win|Fissure|p2a: Maushold|[miss]\n|-miss|p1b: No risk - No win|p2a: Maushold\n|\n|upkeep\n|turn|2\n|\n|t:|1682114096\n|-terastallize|p1a: Maguu Kenki|Dark\n|move|p2a: Maushold|Follow Me|p2a: Maushold\n|-singleturn|p2a: Maushold|move: Follow Me\n|move|p1a: Maguu Kenki|Sucker Punch||[still]\n|-fail|p1a: Maguu Kenki\n|move|p2b: Annihilape|Drain Punch|p1a: Maguu Kenki\n|-supereffective|p1a: Maguu Kenki\n|-damage|p1a: Maguu Kenki|52\/100\n|-heal|p2b: Annihilape|78\/100|[from] drain|[of] p1a: Maguu Kenki\n|move|p1b: No risk - No win|Stomping Tantrum|p2a: Maushold\n|-damage|p2a: Maushold|13\/100\n|\n|upkeep\n|turn|3\n|\n|t:|1682114115\n|switch|p1a: Princesa Grumosa|Flutter Mane, L50|100\/100\n|move|p2a: Maushold|Protect|p2a: Maushold\n|-singleturn|p2a: Maushold|Protect\n|move|p2b: Annihilape|Drain Punch|p1b: No risk - No win\n|-supereffective|p1b: No risk - No win\n|-crit|p1b: No risk - No win\n|-damage|p1b: No risk - No win|0 fnt\n|-heal|p2b: Annihilape|100\/100|[from] drain|[of] p1b: No risk - No win\n|faint|p1b: No risk - No win\n|\n|upkeep\n|\n|t:|1682114136\n|switch|p1b: Sabueso de Lava|Arcanine, L50, F|100\/100\n|-ability|p1b: Sabueso de Lava|Intimidate|boost\n|-unboost|p2a: Maushold|atk|1\n|-unboost|p2b: Annihilape|atk|1\n|-ability|p2b: Annihilape|Defiant|boost\n|-boost|p2b: Annihilape|atk|2\n|turn|4\n|\n|t:|1682114148\n|-terastallize|p2b: Annihilape|Water\n|move|p1a: Princesa Grumosa|Protect|p1a: Princesa Grumosa\n|-singleturn|p1a: Princesa Grumosa|Protect\n|move|p2a: Maushold|Follow Me|p2a: Maushold\n|-singleturn|p2a: Maushold|move: Follow Me\n|move|p1b: Sabueso de Lava|Extreme Speed|p2a: Maushold\n|-damage|p2a: Maushold|0 fnt\n|faint|p2a: Maushold\n|move|p2b: Annihilape|Rage Fist|p1a: Princesa Grumosa\n|-activate|p1a: Princesa Grumosa|move: Protect\n|\n|upkeep\n|\n|t:|1682114153\n|switch|p2a: Iron Bundle|Iron Bundle, L50|100\/100\n|turn|5\n|\n|t:|1682114174\n|move|p2a: Iron Bundle|Encore|p1a: Princesa Grumosa\n|-start|p1a: Princesa Grumosa|Encore\n|move|p1a: Princesa Grumosa|Protect||[still]\n|-fail|p1a: Princesa Grumosa\n|move|p1b: Sabueso de Lava|Will-O-Wisp|p2b: Annihilape\n|-status|p2b: Annihilape|brn\n|move|p2b: Annihilape|Rage Fist|p1b: Sabueso de Lava\n|-damage|p1b: Sabueso de Lava|64\/100\n|\n|-damage|p2b: Annihilape|94\/100 brn|[from] brn\n|upkeep\n|turn|6\n|\n|t:|1682114196\n|move|p1a: Princesa Grumosa|Protect|p1a: Princesa Grumosa\n|-singleturn|p1a: Princesa Grumosa|Protect\n|move|p2a: Iron Bundle|Encore|p1b: Sabueso de Lava\n|-start|p1b: Sabueso de Lava|Encore\n|move|p1b: Sabueso de Lava|Will-O-Wisp|p2a: Iron Bundle\n|-status|p2a: Iron Bundle|brn\n|move|p2b: Annihilape|Rage Fist|p1a: Princesa Grumosa\n|-activate|p1a: Princesa Grumosa|move: Protect\n|\n|-damage|p2a: Iron Bundle|94\/100 brn|[from] brn\n|-damage|p2b: Annihilape|88\/100 brn|[from] brn\n|upkeep\n|turn|7\n|\n|t:|1682114209\n|switch|p1b: Maguu Kenki|Kingambit, L50, M, tera:Dark|52\/100\n|move|p1a: Princesa Grumosa|Protect||[still]\n|-fail|p1a: Princesa Grumosa\n|move|p2a: Iron Bundle|Freeze-Dry|p1a: Princesa Grumosa\n|-damage|p1a: Princesa Grumosa|61\/100\n|move|p2b: Annihilape|Rage Fist|p1a: Princesa Grumosa\n|-supereffective|p1a: Princesa Grumosa\n|-damage|p1a: Princesa Grumosa|0 fnt\n|faint|p1a: Princesa Grumosa\n|-end|p1a: Princesa Grumosa|Protosynthesis|[silent]\n|\n|-damage|p2a: Iron Bundle|88\/100 brn|[from] brn\n|-damage|p2b: Annihilape|82\/100 brn|[from] brn\n|upkeep\n|\n|t:|1682114221\n|switch|p1a: Sabueso de Lava|Arcanine, L50, F|64\/100\n|-ability|p1a: Sabueso de Lava|Intimidate|boost\n|-unboost|p2a: Iron Bundle|atk|1\n|-unboost|p2b: Annihilape|atk|1\n|-ability|p2b: Annihilape|Defiant|boost\n|-boost|p2b: Annihilape|atk|2\n|turn|8\n|\n|t:|1682114231\n|move|p1b: Maguu Kenki|Sucker Punch|p2b: Annihilape\n|-crit|p2b: Annihilape\n|-damage|p2b: Annihilape|0 fnt\n|faint|p2b: Annihilape\n|move|p2a: Iron Bundle|Icy Wind|p1a: Sabueso de Lava|[spread] p1a,p1b\n|-resisted|p1a: Sabueso de Lava\n|-damage|p1a: Sabueso de Lava|54\/100\n|-damage|p1b: Maguu Kenki|31\/100\n|-unboost|p1a: Sabueso de Lava|spe|1\n|-unboost|p1b: Maguu Kenki|spe|1\n|-ability|p1b: Maguu Kenki|Defiant|boost\n|-boost|p1b: Maguu Kenki|atk|2\n|move|p1a: Sabueso de Lava|Howl|p1a: Sabueso de Lava|[spread] p1a,p1b\n|-boost|p1a: Sabueso de Lava|atk|1\n|-boost|p1b: Maguu Kenki|atk|1\n|\n|-damage|p2a: Iron Bundle|82\/100 brn|[from] brn\n|upkeep\n|\n|t:|1682114234\n|switch|p2b: Gholdengo|Gholdengo, L50|100\/100\n|turn|9\n|\n|t:|1682114256\n|move|p2a: Iron Bundle|Encore|p1a: Sabueso de Lava\n|-start|p1a: Sabueso de Lava|Encore\n|move|p2b: Gholdengo|Nasty Plot|p2b: Gholdengo\n|-boost|p2b: Gholdengo|spa|2\n|move|p1a: Sabueso de Lava|Howl|p1a: Sabueso de Lava|[spread] p1a,p1b\n|-boost|p1a: Sabueso de Lava|atk|1\n|-boost|p1b: Maguu Kenki|atk|1\n|move|p1b: Maguu Kenki|Kowtow Cleave|p2a: Iron Bundle\n|-damage|p2a: Iron Bundle|0 fnt\n|faint|p2a: Iron Bundle\n|-end|p2a: Iron Bundle|Quark Drive|[silent]\n|\n|upkeep\n|turn|10\n|\n|t:|1682114270\n|move|p1b: Maguu Kenki|Sucker Punch|p2b: Gholdengo\n|-supereffective|p2b: Gholdengo\n|-damage|p2b: Gholdengo|0 fnt\n|faint|p2b: Gholdengo\n|\n|win|Galuk\n|raw|Galuk's rating: 1418 → 1435<\/strong> (+17 for winning)\n|raw|yungwasser's rating: 1367 → 1350<\/strong> (-17 for losing)\n|l|\u2606yungwasser\n","uploadtime":1682114282,"views":4,"p1id":"galuk","p2id":"yungwasser","formatid":"gen9vgc2023regulationc","rating":1350,"private":0,"password":""}