{"id":"gen9vgc2023regulationc-1847504936","p1":"edhead64","p2":"ModernNeesh","format":"[Gen 9] VGC 2023 Regulation C","log":"|j|\u2606edhead64\n|j|\u2606ModernNeesh\n|t:|1681963933\n|gametype|doubles\n|player|p1|edhead64|ethan|\n|player|p2|ModernNeesh|hilbert|\n|teamsize|p1|6\n|teamsize|p2|6\n|gen|9\n|tier|[Gen 9] VGC 2023 Regulation C\n|rule|Species Clause: Limit one of each Pok\u00e9mon\n|rule|Item Clause: Limit one of each item\n|clearpoke\n|poke|p1|Lycanroc, L50, F|\n|poke|p1|Tyranitar, L50, M|\n|poke|p1|Armarouge, L50, F|\n|poke|p1|Indeedee-F, L50, F|\n|poke|p1|Dondozo, L50, F|\n|poke|p1|Tatsugiri-Stretchy, L50, M|\n|poke|p2|Talonflame, L50, F|\n|poke|p2|Flutter Mane, L50|\n|poke|p2|Dragonite, L50, F|\n|poke|p2|Amoonguss, L50, M|\n|poke|p2|Iron Bundle, L50|\n|poke|p2|Great Tusk, L50|\n|teampreview|4\nModernNeesh has agreed to open team sheets.\nedhead64 has agreed to open team sheets.\n|\n|t:|1681964022\n|start\n|switch|p1a: Lycanroc|Lycanroc, L50, F|100\/100\n|switch|p1b: Tyranitar|Tyranitar, L50, M|100\/100\n|switch|p2a: Dragonite|Dragonite, L50, F|100\/100\n|switch|p2b: Great Tusk|Great Tusk, L50|100\/100\n|-weather|Sandstorm|[from] ability: Sand Stream|[of] p1b: Tyranitar\n|turn|1\n|\n|t:|1681964082\n|-terastallize|p2a: Dragonite|Normal\n|move|p1a: Lycanroc|Rock Slide|p2b: Great Tusk|[spread] \n|-miss|p1a: Lycanroc|p2a: Dragonite\n|-miss|p1a: Lycanroc|p2b: Great Tusk\n|move|p2b: Great Tusk|Knock Off|p1a: Lycanroc\n|-damage|p1a: Lycanroc|41\/100\n|-enditem|p1a: Lycanroc|Focus Sash|[from] move: Knock Off|[of] p2b: Great Tusk\n|move|p2a: Dragonite|Low Kick|p1b: Tyranitar\n|-supereffective|p1b: Tyranitar\n|-damage|p1b: Tyranitar|0 fnt\n|faint|p1b: Tyranitar\n|\n|-weather|Sandstorm|[upkeep]\n|-damage|p2a: Dragonite|95\/100|[from] Sandstorm\n|upkeep\n|\n|t:|1681964100\n|switch|p1b: Indeedee|Indeedee-F, L50, F|100\/100\n|-fieldstart|move: Psychic Terrain|[from] ability: Psychic Surge|[of] p1b: Indeedee\n|turn|2\n|\n|t:|1681964111\n|-terastallize|p1a: Lycanroc|Rock\n|move|p1b: Indeedee|Helping Hand|p1a: Lycanroc\n|-singleturn|p1a: Lycanroc|Helping Hand|[of] p1b: Indeedee\n|move|p1a: Lycanroc|Rock Slide|p2b: Great Tusk|[spread] p2b\n|-miss|p1a: Lycanroc|p2a: Dragonite\n|-resisted|p2b: Great Tusk\n|-damage|p2b: Great Tusk|89\/100\n|move|p2b: Great Tusk|Knock Off|p1b: Indeedee\n|-supereffective|p1b: Indeedee\n|-damage|p1b: Indeedee|14\/100\n|-enditem|p1b: Indeedee|Safety Goggles|[from] move: Knock Off|[of] p2b: Great Tusk\n|move|p2a: Dragonite|Low Kick|p1a: Lycanroc\n|-supereffective|p1a: Lycanroc\n|-damage|p1a: Lycanroc|0 fnt\n|faint|p1a: Lycanroc\n|\n|-weather|Sandstorm|[upkeep]\n|-damage|p2a: Dragonite|89\/100|[from] Sandstorm\n|-damage|p1b: Indeedee|8\/100|[from] Sandstorm\n|upkeep\n|\n|t:|1681964126\n|switch|p1a: Tatsugiri|Tatsugiri-Stretchy, L50, M|100\/100\n|turn|3\n|\n|t:|1681964198\n|move|p1b: Indeedee|Helping Hand|p1a: Tatsugiri\n|-singleturn|p1a: Tatsugiri|Helping Hand|[of] p1b: Indeedee\n|move|p1a: Tatsugiri|Muddy Water|p2a: Dragonite|[spread] p2a,p2b\n|-supereffective|p2b: Great Tusk\n|-damage|p2a: Dragonite|18\/100\n|-damage|p2b: Great Tusk|0 fnt\n|faint|p2b: Great Tusk\n|-end|p2b: Great Tusk|Protosynthesis|[silent]\n|move|p2a: Dragonite|Low Kick|p1a: Tatsugiri\n|-damage|p1a: Tatsugiri|78\/100\n|\n|-weather|Sandstorm|[upkeep]\n|-damage|p1a: Tatsugiri|73\/100|[from] Sandstorm\n|-damage|p2a: Dragonite|13\/100|[from] Sandstorm\n|-damage|p1b: Indeedee|2\/100|[from] Sandstorm\n|upkeep\n|\n|t:|1681964212\n|switch|p2b: Amoonguss|Amoonguss, L50, M|100\/100\n|turn|4\n|\n|t:|1681964231\n|switch|p2a: Iron Bundle|Iron Bundle, L50|100\/100\n|-enditem|p2a: Iron Bundle|Booster Energy\n|-activate|p2a: Iron Bundle|ability: Quark Drive|[fromitem]\n|-start|p2a: Iron Bundle|quarkdrivespe\n|move|p2b: Amoonguss|Protect|p2b: Amoonguss\n|-singleturn|p2b: Amoonguss|Protect\n|move|p1b: Indeedee|Follow Me|p1b: Indeedee\n|-singleturn|p1b: Indeedee|move: Follow Me\n|move|p1a: Tatsugiri|Muddy Water|p2b: Amoonguss|[spread] \n|-activate|p2b: Amoonguss|move: Protect\n|-miss|p1a: Tatsugiri|p2a: Iron Bundle\n|\n|-weather|Sandstorm|[upkeep]\n|-damage|p2a: Iron Bundle|94\/100|[from] Sandstorm\n|-damage|p1a: Tatsugiri|67\/100|[from] Sandstorm\n|-damage|p1b: Indeedee|0 fnt|[from] Sandstorm\n|-damage|p2b: Amoonguss|95\/100|[from] Sandstorm\n|faint|p1b: Indeedee\n|upkeep\n|turn|5\n|\n|t:|1681964250\n|move|p2b: Amoonguss|Rage Powder|p2b: Amoonguss\n|-singleturn|p2b: Amoonguss|move: Rage Powder\n|move|p2a: Iron Bundle|Freeze-Dry|p1a: Tatsugiri\n|-supereffective|p1a: Tatsugiri\n|-damage|p1a: Tatsugiri|0 fnt\n|faint|p1a: Tatsugiri\n|\n|win|ModernNeesh\n|c|\u2606ModernNeesh|gg\n","uploadtime":1681964260,"views":10,"p1id":"edhead64","p2id":"modernneesh","formatid":"gen9vgc2023regulationc","rating":0,"private":0,"password":""}