{"id":"gen9vgc2023regulationc-1863772294","p1":"Vanikura","p2":"IcejjKech","format":"[Gen 9] VGC 2023 Regulation C","log":"|j|\u2606Vanikura\n|j|\u2606IcejjKech\n|t:|1684074767\n|gametype|doubles\n|player|p1|Vanikura|lady|\n|player|p2|IcejjKech|swimmerf-gen4|\n|teamsize|p1|6\n|teamsize|p2|6\n|gen|9\n|tier|[Gen 9] VGC 2023 Regulation C\n|rule|Species Clause: Limit one of each Pok\u00e9mon\n|rule|Item Clause: Limit one of each item\n|clearpoke\n|poke|p1|Chien-Pao, L50|\n|poke|p1|Annihilape, L50, M|\n|poke|p1|Garganacl, L50, M|\n|poke|p1|Staraptor, L50, F|\n|poke|p1|Indeedee, L50, M|\n|poke|p1|Rotom-Mow, L50|\n|poke|p2|Ting-Lu, L50|\n|poke|p2|Meowscarada, L50, F|\n|poke|p2|Gyarados, L50, M|\n|poke|p2|Klefki, L50, M|\n|poke|p2|Flamigo, L50, F|\n|poke|p2|Glimmora, L50, M|\n|teampreview|4\nVanikura has agreed to open team sheets.\nIcejjKech has agreed to open team sheets.\n|j| Lifelink9000\n|\n|t:|1684076227\n|start\n|switch|p1a: Garganacl|Garganacl, L50, M|100\/100\n|switch|p1b: Indeedee|Indeedee, L50, M|100\/100\n|switch|p2a: Schl\u00fcssli|Klefki, L50, M|100\/100\n|switch|p2b: Glimmora|Glimmora, L50, M|100\/100\n|-fieldstart|move: Psychic Terrain|[from] ability: Psychic Surge|[of] p1b: Indeedee\n|turn|1\n|\n|t:|1684076245\n|move|p2b: Glimmora|Spiky Shield|p2b: Glimmora\n|-singleturn|p2b: Glimmora|move: Protect\n|move|p2a: Schl\u00fcssli|Light Screen|p2a: Schl\u00fcssli\n|-sidestart|p2: IcejjKech|move: Light Screen\n|move|p1b: Indeedee|Psyshock|p2b: Glimmora\n|-activate|p2b: Glimmora|move: Protect\n|move|p1a: Garganacl|Salt Cure|p2a: Schl\u00fcssli\n|-resisted|p2a: Schl\u00fcssli\n|-damage|p2a: Schl\u00fcssli|92\/100\n|-start|p2a: Schl\u00fcssli|Salt Cure\n|\n|-damage|p2a: Schl\u00fcssli|67\/100|[from] Salt Cure\n|upkeep\n|turn|2\n|\n|t:|1684076285\n|switch|p2b: Kadse :)|Meowscarada, L50, F|100\/100\n|move|p2a: Schl\u00fcssli|Reflect|p2a: Schl\u00fcssli\n|-sidestart|p2: IcejjKech|Reflect\n|move|p1b: Indeedee|Psyshock|p2b: Kadse :)\n|-immune|p2b: Kadse :)\n|move|p1a: Garganacl|Salt Cure|p2a: Schl\u00fcssli\n|-resisted|p2a: Schl\u00fcssli\n|-damage|p2a: Schl\u00fcssli|61\/100\n|\n|-damage|p2a: Schl\u00fcssli|36\/100|[from] Salt Cure\n|upkeep\n|turn|3\n|\n|t:|1684076388\n|move|p1b: Indeedee|Protect|p1b: Indeedee\n|-singleturn|p1b: Indeedee|Protect\n|move|p1a: Garganacl|Protect|p1a: Garganacl\n|-singleturn|p1a: Garganacl|Protect\n|move|p2a: Schl\u00fcssli|Thunder Wave|p1b: Indeedee\n|-activate|p1b: Indeedee|move: Psychic Terrain\n|move|p2b: Kadse :)|Knock Off|p1b: Indeedee\n|-start|p2b: Kadse :)|typechange|Dark|[from] ability: Protean\n|-activate|p1b: Indeedee|move: Protect\n|\n|-damage|p2a: Schl\u00fcssli|11\/100|[from] Salt Cure\n|upkeep\n|turn|4\n|\n|t:|1684076434\n|switch|p1b: Rotom|Rotom-Mow, L50|100\/100\n|move|p2a: Schl\u00fcssli|Thunder Wave|p1b: Rotom\n|-immune|p1b: Rotom\n|move|p2b: Kadse :)|Flower Trick|p1a: Garganacl\n|-supereffective|p1a: Garganacl\n|-crit|p1a: Garganacl\n|-damage|p1a: Garganacl|69\/100\n|move|p1a: Garganacl|Body Press|p2b: Kadse :)\n|-supereffective|p2b: Kadse :)\n|-damage|p2b: Kadse :)|39\/100\n|\n|-damage|p2a: Schl\u00fcssli|0 fnt|[from] Salt Cure\n|faint|p2a: Schl\u00fcssli\n|upkeep\n|\n|t:|1684076458\n|switch|p2a: Bidiza|Ting-Lu, L50|100\/100\n|-ability|p2a: Bidiza|Vessel of Ruin\n|turn|5\n|\n|t:|1684076484\n|switch|p2b: Glimmora|Glimmora, L50, M|100\/100\n|move|p2a: Bidiza|Protect|p2a: Bidiza\n|-singleturn|p2a: Bidiza|Protect\n|move|p1b: Rotom|Leaf Storm|p2b: Glimmora\n|-damage|p2b: Glimmora|65\/100\n|-unboost|p1b: Rotom|spa|2\n|move|p1a: Garganacl|Recover|p1a: Garganacl\n|-heal|p1a: Garganacl|100\/100\n|\n|upkeep\n|turn|6\n|\n|t:|1684076509\n|move|p2b: Glimmora|Spiky Shield|p2b: Glimmora\n|-singleturn|p2b: Glimmora|move: Protect\n|move|p2a: Bidiza|Protect||[still]\n|-fail|p2a: Bidiza\n|move|p1b: Rotom|Volt Switch|p2b: Glimmora\n|-activate|p2b: Glimmora|move: Protect\n|move|p1a: Garganacl|Salt Cure|p2a: Bidiza\n|-resisted|p2a: Bidiza\n|-damage|p2a: Bidiza|98\/100\n|-start|p2a: Bidiza|Salt Cure\n|\n|-heal|p2a: Bidiza|100\/100|[from] item: Leftovers\n|-damage|p2a: Bidiza|88\/100|[from] Salt Cure\n|upkeep\n|turn|7\n|\n|t:|1684076531\n|move|p1a: Garganacl|Protect|p1a: Garganacl\n|-singleturn|p1a: Garganacl|Protect\n|move|p2b: Glimmora|Mortal Spin|p1b: Rotom|[spread] p1b\n|-activate|p1a: Garganacl|move: Protect\n|-supereffective|p1b: Rotom\n|-damage|p1b: Rotom|92\/100\n|-status|p1b: Rotom|psn\n|move|p1b: Rotom|Volt Switch|p2b: Glimmora\n|-damage|p2b: Glimmora|57\/100\n|\n|t:|1684076542\n|switch|p1b: Indeedee|Indeedee, L50, M|100\/100|[from] Volt Switch\n|move|p2a: Bidiza|Fissure|p1a: Garganacl\n|-activate|p1a: Garganacl|move: Protect\n|\n|-heal|p2a: Bidiza|94\/100|[from] item: Leftovers\n|-damage|p2a: Bidiza|82\/100|[from] Salt Cure\n|upkeep\n|turn|8\n|\n|t:|1684076584\n|switch|p1a: Rotom|Rotom-Mow, L50|92\/100 psn\n|move|p2b: Glimmora|Spiky Shield|p2b: Glimmora\n|-singleturn|p2b: Glimmora|move: Protect\n|move|p1b: Indeedee|Psyshock|p2b: Glimmora\n|-activate|p2b: Glimmora|move: Protect\n|move|p2a: Bidiza|Fissure|p1a: Rotom\n|-immune|p1a: Rotom|[from] ability: Levitate\n|\n|-heal|p2a: Bidiza|88\/100|[from] item: Leftovers\n|-damage|p1a: Rotom|79\/100 psn|[from] psn\n|-damage|p2a: Bidiza|76\/100|[from] Salt Cure\n|-sideend|p2: IcejjKech|move: Light Screen\n|-fieldend|move: Psychic Terrain\n|upkeep\n|turn|9\n|\n|t:|1684076619\n|move|p2a: Bidiza|Protect|p2a: Bidiza\n|-singleturn|p2a: Bidiza|Protect\n|move|p2b: Glimmora|Mortal Spin|p1a: Rotom|[spread] p1a,p1b\n|-supereffective|p1a: Rotom\n|-damage|p1a: Rotom|71\/100 psn\n|-damage|p1b: Indeedee|93\/100\n|-status|p1b: Indeedee|psn\n|move|p1b: Indeedee|Psyshock|p2b: Glimmora\n|-supereffective|p2b: Glimmora\n|-damage|p2b: Glimmora|0 fnt\n|faint|p2b: Glimmora\n|move|p1a: Rotom|Volt Switch|p2a: Bidiza\n|-activate|p2a: Bidiza|move: Protect\n|\n|-heal|p2a: Bidiza|82\/100|[from] item: Leftovers\n|-damage|p1b: Indeedee|81\/100 psn|[from] psn\n|-damage|p1a: Rotom|58\/100 psn|[from] psn\n|-damage|p2a: Bidiza|70\/100|[from] Salt Cure\n|-sideend|p2: IcejjKech|Reflect\n|upkeep\n|\n|t:|1684076636\n|switch|p2b: Kadse :)|Meowscarada, L50, F|39\/100\n|turn|10\n|\n|t:|1684076699\n|-terastallize|p2a: Bidiza|Fairy\n|move|p1b: Indeedee|Protect|p1b: Indeedee\n|-singleturn|p1b: Indeedee|Protect\n|move|p2b: Kadse :)|Knock Off|p1b: Indeedee\n|-start|p2b: Kadse :)|typechange|Dark|[from] ability: Protean\n|-activate|p1b: Indeedee|move: Protect\n|move|p1a: Rotom|Volt Switch|p2b: Kadse :)\n|-damage|p2b: Kadse :)|9\/100\n|\n|t:|1684076713\n|switch|p1a: Annihilape|Annihilape, L50, M|100\/100|[from] Volt Switch\n|move|p2a: Bidiza|Ruination|p1a: Annihilape\n|-damage|p1a: Annihilape|51\/100\n|\n|-heal|p1a: Annihilape|57\/100|[from] item: Leftovers\n|-heal|p2a: Bidiza|75\/100|[from] item: Leftovers\n|-damage|p1b: Indeedee|69\/100 psn|[from] psn\n|-damage|p2a: Bidiza|63\/100|[from] Salt Cure\n|upkeep\n|turn|11\n|\n|t:|1684076741\n|move|p1b: Indeedee|Helping Hand|p1a: Annihilape\n|-singleturn|p1a: Annihilape|Helping Hand|[of] p1b: Indeedee\n|move|p2a: Bidiza|Protect|p2a: Bidiza\n|-singleturn|p2a: Bidiza|Protect\n|move|p2b: Kadse :)|Flower Trick|p1a: Annihilape\n|-crit|p1a: Annihilape\n|-damage|p1a: Annihilape|26\/100\n|move|p1a: Annihilape|Rage Fist|p2a: Bidiza\n|-activate|p2a: Bidiza|move: Protect\n|\n|-heal|p1a: Annihilape|32\/100|[from] item: Leftovers\n|-heal|p2a: Bidiza|69\/100|[from] item: Leftovers\n|-damage|p1b: Indeedee|57\/100 psn|[from] psn\n|-damage|p2a: Bidiza|57\/100|[from] Salt Cure\n|upkeep\n|turn|12\n|\n|t:|1684076779\n|move|p1b: Indeedee|Protect|p1b: Indeedee\n|-singleturn|p1b: Indeedee|Protect\n|move|p1a: Annihilape|Protect|p1a: Annihilape\n|-singleturn|p1a: Annihilape|Protect\n|move|p2b: Kadse :)|Play Rough|p1a: Annihilape\n|-activate|p1a: Annihilape|move: Protect\n|move|p2a: Bidiza|Ruination|p1b: Indeedee\n|-activate|p1b: Indeedee|move: Protect\n|\n|-heal|p1a: Annihilape|38\/100|[from] item: Leftovers\n|-heal|p2a: Bidiza|63\/100|[from] item: Leftovers\n|-damage|p1b: Indeedee|45\/100 psn|[from] psn\n|-damage|p2a: Bidiza|51\/100|[from] Salt Cure\n|upkeep\n|turn|13\n|\n|t:|1684076822\n|move|p1b: Indeedee|Helping Hand|p1a: Annihilape\n|-singleturn|p1a: Annihilape|Helping Hand|[of] p1b: Indeedee\n|move|p2a: Bidiza|Protect|p2a: Bidiza\n|-singleturn|p2a: Bidiza|Protect\n|move|p2b: Kadse :)|Play Rough|p1a: Annihilape\n|-supereffective|p1a: Annihilape\n|-damage|p1a: Annihilape|0 fnt\n|faint|p1a: Annihilape\n|\n|-heal|p2a: Bidiza|57\/100|[from] item: Leftovers\n|-damage|p1b: Indeedee|33\/100 psn|[from] psn\n|-damage|p2a: Bidiza|44\/100|[from] Salt Cure\n|upkeep\n|\n|t:|1684076830\n|switch|p1a: Garganacl|Garganacl, L50, M|100\/100\n|turn|14\n|\n|t:|1684076864\n|move|p1a: Garganacl|Protect|p1a: Garganacl\n|-singleturn|p1a: Garganacl|Protect\n|move|p2b: Kadse :)|Knock Off|p1b: Indeedee\n|-supereffective|p1b: Indeedee\n|-damage|p1b: Indeedee|0 fnt\n|-enditem|p1b: Indeedee|Terrain Extender|[from] move: Knock Off|[of] p2b: Kadse :)\n|faint|p1b: Indeedee\n|move|p2a: Bidiza|Ruination|p1a: Garganacl\n|-activate|p1a: Garganacl|move: Protect\n|\n|-heal|p2a: Bidiza|50\/100|[from] item: Leftovers\n|-damage|p2a: Bidiza|38\/100|[from] Salt Cure\n|upkeep\n|\n|t:|1684076876\n|switch|p1b: Rotom|Rotom-Mow, L50|58\/100 psn\n|turn|15\n|\n|t:|1684076913\n|move|p2a: Bidiza|Protect|p2a: Bidiza\n|-singleturn|p2a: Bidiza|Protect\n|move|p2b: Kadse :)|Knock Off|p1b: Rotom\n|-damage|p1b: Rotom|14\/100 psn\n|-enditem|p1b: Rotom|Sitrus Berry|[from] move: Knock Off|[of] p2b: Kadse :)\n|move|p1b: Rotom|Thunderbolt|p2b: Kadse :)\n|-damage|p2b: Kadse :)|0 fnt\n|faint|p2b: Kadse :)\n|move|p1a: Garganacl|Salt Cure|p2a: Bidiza\n|-activate|p2a: Bidiza|move: Protect\n|\n|-heal|p2a: Bidiza|44\/100|[from] item: Leftovers\n|-damage|p1b: Rotom|2\/100 psn|[from] psn\n|-damage|p2a: Bidiza|32\/100|[from] Salt Cure\n|upkeep\n|turn|16\n|\n|t:|1684076932\n|move|p1a: Garganacl|Protect|p1a: Garganacl\n|-singleturn|p1a: Garganacl|Protect\n|move|p1b: Rotom|Leaf Storm|p2a: Bidiza\n|-damage|p2a: Bidiza|5\/100\n|-unboost|p1b: Rotom|spa|2\n|move|p2a: Bidiza|Fissure|p1a: Garganacl\n|-activate|p1a: Garganacl|move: Protect\n|\n|-heal|p2a: Bidiza|11\/100|[from] item: Leftovers\n|-damage|p1b: Rotom|0 fnt|[from] psn\n|faint|p1b: Rotom\n|-damage|p2a: Bidiza|0 fnt|[from] Salt Cure\n|faint|p2a: Bidiza\n|\n|win|Vanikura\n|upkeep\n|c|\u2606Vanikura|ggs\n|c|\u2606IcejjKech|ggs\n|l|\u2606IcejjKech\n","uploadtime":1684077210,"views":16,"p1id":"vanikura","p2id":"icejjkech","formatid":"gen9vgc2023regulationc","rating":0,"private":0,"password":""}