{"id":"gen9vgc2023regulationc-1854354243","p1":"Hoppito","p2":"BLECKBOY","format":"[Gen 9] VGC 2023 Regulation C","log":"|j|\u2606Hoppito\n|j|\u2606BLECKBOY\n|t:|1682800571\n|gametype|doubles\n|player|p1|Hoppito|170|\n|player|p2|BLECKBOY|hiker-gen4|\n|teamsize|p1|6\n|teamsize|p2|6\n|gen|9\n|tier|[Gen 9] VGC 2023 Regulation C\n|rule|Species Clause: Limit one of each Pok\u00e9mon\n|rule|Item Clause: Limit one of each item\n|clearpoke\n|poke|p1|Flutter Mane, L50|\n|poke|p1|Amoonguss, L50, M|\n|poke|p1|Murkrow, L50, F|\n|poke|p1|Rotom-Heat, L50|\n|poke|p1|Tatsugiri, L50, M|\n|poke|p1|Dondozo, L50, M|\n|poke|p2|Stonjourner, L50, F|\n|poke|p2|Girafarig, L50, F|\n|poke|p2|Iron Hands, L50|\n|poke|p2|Chien-Pao, L50|\n|poke|p2|Salazzle, L50, F|\n|poke|p2|Goodra, L50, F|\n|teampreview|4\nHoppito has agreed to open team sheets.\n|\n|t:|1682800635\n|start\n|switch|p1a: Amoonguss|Amoonguss, L50, M|100\/100\n|switch|p1b: Tatsugiri|Tatsugiri, L50, M|100\/100\n|switch|p2a: Stonjourner|Stonjourner, L50, F|100\/100\n|switch|p2b: Iron Hands|Iron Hands, L50|100\/100\n|turn|1\n|j| Jstardude\n|\n|t:|1682800679\n|move|p2b: Iron Hands|Fake Out|p1a: Amoonguss\n|-damage|p1a: Amoonguss|85\/100\n|move|p1b: Tatsugiri|Icy Wind|p2a: Stonjourner|[spread] p2a,p2b\n|-damage|p2a: Stonjourner|66\/100\n|-damage|p2b: Iron Hands|92\/100\n|-unboost|p2a: Stonjourner|spe|1\n|-unboost|p2b: Iron Hands|spe|1\n|move|p2a: Stonjourner|Heavy Slam|p1b: Tatsugiri\n|-resisted|p1b: Tatsugiri\n|-damage|p1b: Tatsugiri|60\/100\n|move|p1a: Amoonguss|Toxic|p2b: Iron Hands\n|-status|p2b: Iron Hands|tox\n|\n|-damage|p2b: Iron Hands|86\/100 tox|[from] psn\n|upkeep\n|turn|2\n|c|\u2606BLECKBOY|fake out doesnt work?\n|c|\u2606Hoppito|it does\n|\n|t:|1682800714\n|switch|p1a: Dondozo|Dondozo, L50, M|100\/100\n|-activate|p1b: Tatsugiri|ability: Commander|[of] p1a: Dondozo\n|-boost|p1a: Dondozo|atk|2\n|-boost|p1a: Dondozo|spa|2\n|-boost|p1a: Dondozo|spe|2\n|-boost|p1a: Dondozo|def|2\n|-boost|p1a: Dondozo|spd|2\n|move|p2a: Stonjourner|Wide Guard|p2a: Stonjourner\n|-singleturn|p2a: Stonjourner|Wide Guard\n|move|p2b: Iron Hands|Thunder Punch|p1b: Tatsugiri|[miss]\n|-miss|p2b: Iron Hands|p1b: Tatsugiri\n|\n|-damage|p2b: Iron Hands|74\/100 tox|[from] psn\n|upkeep\n|turn|3\n|c|\u2606Hoppito|but it has an object\n|c| Jstardude|covert cloak\n|\n|t:|1682800756\n|move|p1a: Dondozo|Earthquake|p2a: Stonjourner|[spread] p2a,p2b\n|-miss|p1a: Dondozo|p1b: Tatsugiri\n|-supereffective|p2a: Stonjourner\n|-enditem|p2a: Stonjourner|Shuca Berry|[eat]\n|-enditem|p2a: Stonjourner|Shuca Berry|[weaken]\n|-supereffective|p2b: Iron Hands\n|-damage|p2a: Stonjourner|36\/100\n|-damage|p2b: Iron Hands|14\/100 tox\n|move|p2a: Stonjourner|Stone Edge|p1a: Dondozo\n|-damage|p1a: Dondozo|84\/100\n|move|p2b: Iron Hands|Thunder Punch|p1a: Dondozo\n|-supereffective|p1a: Dondozo\n|-damage|p1a: Dondozo|51\/100\n|\n|-heal|p1a: Dondozo|57\/100|[from] item: Leftovers\n|-damage|p2b: Iron Hands|0 fnt|[from] psn\n|faint|p2b: Iron Hands\n|-end|p2b: Iron Hands|Quark Drive|[silent]\n|upkeep\n|\n|t:|1682800772\n|switch|p2b: Chien-Pao|Chien-Pao, L50|100\/100\n|-ability|p2b: Chien-Pao|Sword of Ruin\n|turn|4\n|\n|t:|1682800777\n|move|p2a: Stonjourner|Wide Guard|p2a: Stonjourner\n|-singleturn|p2a: Stonjourner|Wide Guard\n|move|p2b: Chien-Pao|Haze|p2b: Chien-Pao\n|-clearallboost\n|move|p1a: Dondozo|Earthquake|p2a: Stonjourner|[spread] \n|-miss|p1a: Dondozo|p1b: Tatsugiri\n|-activate|p2a: Stonjourner|move: Wide Guard\n|-activate|p2b: Chien-Pao|move: Wide Guard\n|\n|-heal|p1a: Dondozo|63\/100|[from] item: Leftovers\n|upkeep\n|turn|5\n|\n|t:|1682800814\n|-terastallize|p2b: Chien-Pao|Dark\n|move|p2b: Chien-Pao|Crunch|p1a: Dondozo\n|-damage|p1a: Dondozo|6\/100\n|-unboost|p1a: Dondozo|def|1\n|move|p2a: Stonjourner|Stone Edge|p1a: Dondozo\n|-crit|p1a: Dondozo\n|-damage|p1a: Dondozo|0 fnt\n|faint|p1a: Dondozo\n|\n|upkeep\n|\n|t:|1682800823\n|switch|p1a: Amoonguss|Amoonguss, L50, M|100\/100\n|turn|6\n|\n|t:|1682800843\n|switch|p2b: Girafarig|Girafarig, L50, F|100\/100\n|move|p1b: Tatsugiri|Icy Wind|p2b: Girafarig|[spread] p2a,p2b\n|-damage|p2a: Stonjourner|0 fnt\n|-damage|p2b: Girafarig|88\/100\n|-unboost|p2b: Girafarig|spe|1\n|faint|p2a: Stonjourner\n|move|p1a: Amoonguss|Spore|p2b: Girafarig\n|-ability|p2b: Girafarig|Sap Sipper|boost\n|-boost|p2b: Girafarig|atk|1\n|\n|upkeep\n|\n|t:|1682800853\n|switch|p2a: Chien-Pao|Chien-Pao, L50, tera:Dark|100\/100\n|-ability|p2a: Chien-Pao|Sword of Ruin\n|turn|7\n|\n|t:|1682800862\n|move|p2b: Girafarig|Helping Hand|p2a: Chien-Pao\n|-singleturn|p2a: Chien-Pao|Helping Hand|[of] p2b: Girafarig\n|move|p1b: Tatsugiri|Icy Wind|p2a: Chien-Pao|[spread] p2a,p2b\n|-damage|p2a: Chien-Pao|80\/100\n|-damage|p2b: Girafarig|74\/100\n|-unboost|p2a: Chien-Pao|spe|1\n|-unboost|p2b: Girafarig|spe|1\n|move|p2a: Chien-Pao|Ice Spinner|p1a: Amoonguss\n|-supereffective|p1a: Amoonguss\n|-damage|p1a: Amoonguss|0 fnt\n|faint|p1a: Amoonguss\n|\n|upkeep\n|\n|t:|1682800872\n|switch|p1a: Flutter Mane|Flutter Mane, L50|100\/100\n|turn|8\n|\n|t:|1682800891\n|-terastallize|p1a: Flutter Mane|Fairy\n|move|p1b: Tatsugiri|Icy Wind|p2a: Chien-Pao|[spread] p2a,p2b\n|-damage|p2a: Chien-Pao|59\/100\n|-damage|p2b: Girafarig|60\/100\n|-unboost|p2a: Chien-Pao|spe|1\n|-unboost|p2b: Girafarig|spe|1\n|move|p1a: Flutter Mane|Dazzling Gleam|p2b: Girafarig|[spread] p2a,p2b\n|-supereffective|p2a: Chien-Pao\n|-damage|p2a: Chien-Pao|0 fnt\n|-damage|p2b: Girafarig|17\/100\n|faint|p2a: Chien-Pao\n|move|p2b: Girafarig|Dazzling Gleam|p1b: Tatsugiri|[spread] p1a,p1b\n|-supereffective|p1b: Tatsugiri\n|-damage|p1a: Flutter Mane|80\/100\n|-damage|p1b: Tatsugiri|18\/100\n|\n|upkeep\n|turn|9\n|\n|t:|1682800911\n|move|p2b: Girafarig|Protect|p2b: Girafarig\n|-singleturn|p2b: Girafarig|Protect\n|move|p1b: Tatsugiri|Icy Wind|p2b: Girafarig\n|-activate|p2b: Girafarig|move: Protect\n|move|p1a: Flutter Mane|Thunderbolt|p2b: Girafarig\n|-activate|p2b: Girafarig|move: Protect\n|\n|upkeep\n|turn|10\n|\n|t:|1682800920\n|move|p2b: Girafarig|Protect||[still]\n|-fail|p2b: Girafarig\n|move|p1b: Tatsugiri|Icy Wind|p2b: Girafarig|[miss]\n|-miss|p1b: Tatsugiri|p2b: Girafarig\n|move|p1a: Flutter Mane|Thunderbolt|p2b: Girafarig\n|-damage|p2b: Girafarig|0 fnt\n|faint|p2b: Girafarig\n|\n|win|Hoppito\n|l|\u2606Hoppito\n|l|\u2606BLECKBOY\n|l| Jstardude\n","uploadtime":1682801169,"views":20,"p1id":"hoppito","p2id":"bleckboy","formatid":"gen9vgc2023regulationc","rating":0,"private":0,"password":""}