{"id":"gen9vgc2023regulationc-1847687710","p1":"Pazzone","p2":"LameLiarLeo","format":"[Gen 9] VGC 2023 Regulation C","log":"|j|\u2606Pazzone\n|j|\u2606LameLiarLeo\n|t:|1681992515\n|gametype|doubles\n|player|p1|Pazzone|veteran|1244\n|player|p2|LameLiarLeo|170|1331\n|teamsize|p1|6\n|teamsize|p2|6\n|gen|9\n|tier|[Gen 9] VGC 2023 Regulation C\n|rated|\n|rule|Species Clause: Limit one of each Pok\u00e9mon\n|rule|Item Clause: Limit one of each item\n|clearpoke\n|poke|p1|Ting-Lu, L50|\n|poke|p1|Arcanine, L50, M|\n|poke|p1|Flutter Mane, L50|\n|poke|p1|Amoonguss, L50, M|\n|poke|p1|Kingambit, L50, F|\n|poke|p1|Annihilape, L50, M|\n|poke|p2|Kingambit, L50, F|\n|poke|p2|Iron Bundle, L50|\n|poke|p2|Arcanine, L50, F|\n|poke|p2|Great Tusk, L50|\n|poke|p2|Flutter Mane, L50|\n|poke|p2|Amoonguss, L50, F|\n|teampreview|4\n|inactive|Battle timer is ON: inactive players will automatically lose when time's up. (requested by LameLiarLeo)\nLameLiarLeo has agreed to open team sheets.\nPazzone has agreed to open team sheets.\n|inactive|Pazzone has 60 seconds left.\n|inactive|LameLiarLeo has 60 seconds left.\n|\n|t:|1681992569\n|start\n|switch|p1a: Annihilape|Annihilape, L50, M|100\/100\n|switch|p1b: Amoonguss|Amoonguss, L50, M|100\/100\n|switch|p2a: Flutter Mane|Flutter Mane, L50|100\/100\n|switch|p2b: Iron Bundle|Iron Bundle, L50|100\/100\n|-enditem|p2b: Iron Bundle|Booster Energy\n|-activate|p2b: Iron Bundle|ability: Quark Drive|[fromitem]\n|-start|p2b: Iron Bundle|quarkdrivespe\n|turn|1\n|inactive|Pazzone has 30 seconds left.\n|inactive|LameLiarLeo has 30 seconds left.\n|\n|t:|1681992602\n|-terastallize|p1a: Annihilape|Water\n|move|p1b: Amoonguss|Rage Powder|p1b: Amoonguss\n|-singleturn|p1b: Amoonguss|move: Rage Powder\n|move|p2b: Iron Bundle|Freeze-Dry|p1b: Amoonguss\n|-supereffective|p1b: Amoonguss\n|-damage|p1b: Amoonguss|35\/100\n|-enditem|p1b: Amoonguss|Sitrus Berry|[eat]\n|-heal|p1b: Amoonguss|59\/100|[from] item: Sitrus Berry\n|move|p2a: Flutter Mane|Moonblast|p1b: Amoonguss\n|-resisted|p1b: Amoonguss\n|-damage|p1b: Amoonguss|24\/100\n|move|p1a: Annihilape|Rage Fist|p2a: Flutter Mane\n|-supereffective|p2a: Flutter Mane\n|-damage|p2a: Flutter Mane|16\/100\n|\n|upkeep\n|turn|2\n|\n|t:|1681992621\n|move|p1b: Amoonguss|Rage Powder|p1b: Amoonguss\n|-singleturn|p1b: Amoonguss|move: Rage Powder\n|move|p2b: Iron Bundle|Freeze-Dry|p1b: Amoonguss\n|-supereffective|p1b: Amoonguss\n|-damage|p1b: Amoonguss|0 fnt\n|faint|p1b: Amoonguss\n|move|p2a: Flutter Mane|Moonblast|p1a: Annihilape\n|-damage|p1a: Annihilape|37\/100\n|move|p1a: Annihilape|Drain Punch|p2b: Iron Bundle\n|-supereffective|p2b: Iron Bundle\n|-damage|p2b: Iron Bundle|13\/100\n|-heal|p1a: Annihilape|65\/100|[from] drain|[of] p2b: Iron Bundle\n|\n|-heal|p1a: Annihilape|71\/100|[from] item: Leftovers\n|upkeep\n|\n|t:|1681992636\n|switch|p1b: Kingambit|Kingambit, L50, F|100\/100\n|turn|3\n|\n|t:|1681992648\n|-end|p2a: Flutter Mane|Protosynthesis|[silent]\n|switch|p2a: Great Tusk|Great Tusk, L50|100\/100\n|move|p1a: Annihilape|Protect|p1a: Annihilape\n|-singleturn|p1a: Annihilape|Protect\n|move|p1b: Kingambit|Sucker Punch||[still]\n|-fail|p1b: Kingambit\n|move|p2b: Iron Bundle|Freeze-Dry|p1a: Annihilape\n|-activate|p1a: Annihilape|move: Protect\n|\n|-heal|p1a: Annihilape|77\/100|[from] item: Leftovers\n|upkeep\n|turn|4\n|\n|t:|1681992669\n|switch|p1b: Arcanine|Arcanine, L50, M|100\/100\n|-ability|p1b: Arcanine|Intimidate|boost\n|-unboost|p2a: Great Tusk|atk|1\n|-unboost|p2b: Iron Bundle|atk|1\n|move|p2b: Iron Bundle|Freeze-Dry|p1a: Annihilape\n|-supereffective|p1a: Annihilape\n|-damage|p1a: Annihilape|7\/100\n|move|p2a: Great Tusk|Close Combat|p1b: Arcanine\n|-damage|p1b: Arcanine|57\/100\n|-unboost|p2a: Great Tusk|def|1\n|-unboost|p2a: Great Tusk|spd|1\n|move|p1a: Annihilape|Rage Fist|p2a: Great Tusk\n|-damage|p2a: Great Tusk|19\/100\n|\n|-heal|p1a: Annihilape|14\/100|[from] item: Leftovers\n|upkeep\n|turn|5\n|inactive|Pazzone has 30 seconds left.\n|inactive|Pazzone has 20 seconds left.\n|inactive|Pazzone has 15 seconds left.\n|\n|t:|1681992711\n|move|p1a: Annihilape|Protect|p1a: Annihilape\n|-singleturn|p1a: Annihilape|Protect\n|move|p2b: Iron Bundle|Hydro Pump|p1b: Arcanine\n|-supereffective|p1b: Arcanine\n|-damage|p1b: Arcanine|0 fnt\n|faint|p1b: Arcanine\n|move|p2a: Great Tusk|Headlong Rush|p1a: Annihilape\n|-activate|p1a: Annihilape|move: Protect\n|\n|-heal|p1a: Annihilape|20\/100|[from] item: Leftovers\n|upkeep\n|\n|t:|1681992721\n|switch|p1b: Kingambit|Kingambit, L50, F|100\/100\n|turn|6\n|\n|t:|1681992736\n|move|p1b: Kingambit|Sucker Punch|p2b: Iron Bundle\n|-damage|p2b: Iron Bundle|0 fnt\n|faint|p2b: Iron Bundle\n|-end|p2b: Iron Bundle|Quark Drive|[silent]\n|move|p2a: Great Tusk|Close Combat|p1b: Kingambit\n|-supereffective|p1b: Kingambit\n|-damage|p1b: Kingambit|0 fnt\n|-unboost|p2a: Great Tusk|def|1\n|-unboost|p2a: Great Tusk|spd|1\n|faint|p1b: Kingambit\n|move|p1a: Annihilape|Rage Fist|p2a: Great Tusk\n|-damage|p2a: Great Tusk|0 fnt\n|faint|p2a: Great Tusk\n|-end|p2a: Great Tusk|Protosynthesis|[silent]\n|\n|-heal|p1a: Annihilape|26\/100|[from] item: Leftovers\n|upkeep\n|\n|t:|1681992749\n|switch|p2b: Amoonguss|Amoonguss, L50, F|100\/100\n|switch|p2a: Flutter Mane|Flutter Mane, L50|16\/100\n|turn|7\n|\n|t:|1681992761\n|move|p1a: Annihilape|Protect|p1a: Annihilape\n|-singleturn|p1a: Annihilape|Protect\n|move|p2a: Flutter Mane|Moonblast|p1a: Annihilape\n|-activate|p1a: Annihilape|move: Protect\n|move|p2b: Amoonguss|Spore|p1a: Annihilape\n|-activate|p1a: Annihilape|move: Protect\n|\n|-heal|p1a: Annihilape|32\/100|[from] item: Leftovers\n|upkeep\n|turn|8\n|-message|Pazzone forfeited.\n|\n|win|LameLiarLeo\n|raw|Pazzone's rating: 1244 → 1225<\/strong> (-19 for losing)\n|raw|LameLiarLeo's rating: 1331 → 1346<\/strong> (+15 for winning)\n|l|\u2606Pazzone\n","uploadtime":1681992787,"views":12,"p1id":"pazzone","p2id":"lameliarleo","formatid":"gen9vgc2023regulationc","rating":1225,"private":0,"password":""}