{"id":"gen9vgc2023regulationc-1846107541","p1":"Tas87","p2":"Adolfcitron","format":"[Gen 9] VGC 2023 Regulation C","log":"|j|\u2606Tas87\n|j|\u2606Adolfcitron\n|t:|1681807428\n|gametype|doubles\n|player|p1|Tas87|170|1137\n|player|p2|Adolfcitron|riley|1043\n|teamsize|p1|6\n|teamsize|p2|6\n|gen|9\n|tier|[Gen 9] VGC 2023 Regulation C\n|rated|\n|rule|Species Clause: Limit one of each Pok\u00e9mon\n|rule|Item Clause: Limit one of each item\n|clearpoke\n|poke|p1|Kilowattrel, L50, F|\n|poke|p1|Garchomp, L50, M|\n|poke|p1|Tyranitar, L50, F|\n|poke|p1|Medicham, L50, F|\n|poke|p1|Orthworm, L50, F|\n|poke|p1|Chien-Pao, L50|\n|poke|p2|Pelipper, L50, F|\n|poke|p2|Arcanine, L50, F|\n|poke|p2|Iron Hands, L50|\n|poke|p2|Palafin, L50, M|\n|poke|p2|Ting-Lu, L50|\n|poke|p2|Iron Bundle, L50|\n|teampreview|4\n|inactive|Battle timer is ON: inactive players will automatically lose when time's up. (requested by Tas87)\n|inactive|Adolfcitron has 60 seconds left.\n|\n|t:|1681807476\n|start\n|switch|p1a: Kilowattrel|Kilowattrel, L50, F|100\/100\n|switch|p1b: Orthworm|Orthworm, L50, F, shiny|100\/100\n|switch|p2a: Palafin|Palafin, L50, M|100\/100\n|switch|p2b: Iron Bundle|Iron Bundle, L50|100\/100\n|-enditem|p2b: Iron Bundle|Booster Energy\n|-activate|p2b: Iron Bundle|ability: Quark Drive|[fromitem]\n|-start|p2b: Iron Bundle|quarkdrivespe\n|turn|1\n|\n|t:|1681807491\n|detailschange|p2a: Palafin|Palafin-Hero, L50, M\n|switch|p2a: Arcanine|Arcanine, L50, F|100\/100\n|-ability|p2a: Arcanine|Intimidate|boost\n|-unboost|p1a: Kilowattrel|atk|1\n|-ability|p1a: Kilowattrel|Competitive|boost\n|-boost|p1a: Kilowattrel|spa|2\n|-unboost|p1b: Orthworm|atk|1\n|move|p2b: Iron Bundle|Icy Wind|p1a: Kilowattrel|[spread] p1a,p1b\n|-supereffective|p1a: Kilowattrel\n|-resisted|p1b: Orthworm\n|-damage|p1a: Kilowattrel|29\/100\n|-damage|p1b: Orthworm|85\/100\n|-unboost|p1a: Kilowattrel|spe|1\n|-ability|p1a: Kilowattrel|Competitive|boost\n|-boost|p1a: Kilowattrel|spa|2\n|-unboost|p1b: Orthworm|spe|1\n|move|p1a: Kilowattrel|Tailwind|p1a: Kilowattrel\n|-sidestart|p1: Tas87|move: Tailwind\n|move|p1b: Orthworm|Shed Tail|p1b: Orthworm\n|-start|p1b: Orthworm|Substitute|[from] move: Shed Tail\n|-damage|p1b: Orthworm|35\/100\n|-enditem|p1b: Orthworm|Sitrus Berry|[eat]\n|-heal|p1b: Orthworm|60\/100|[from] item: Sitrus Berry\n|\n|t:|1681807511\n|switch|p1b: Garchomp|Garchomp, L50, M|100\/100|[from] Shed Tail\n|\n|upkeep\n|turn|2\n|\n|t:|1681807524\n|switch|p1a: Orthworm|Orthworm, L50, F, shiny|60\/100\n|move|p2a: Arcanine|Extreme Speed|p1a: Orthworm\n|-resisted|p1a: Orthworm\n|-damage|p1a: Orthworm|52\/100\n|move|p1b: Garchomp|Swords Dance|p1b: Garchomp\n|-boost|p1b: Garchomp|atk|2\n|move|p2b: Iron Bundle|Icy Wind|p1a: Orthworm|[spread] p1a,p1b\n|-supereffective|p1b: Garchomp\n|-end|p1b: Garchomp|Substitute\n|-resisted|p1a: Orthworm\n|-damage|p1a: Orthworm|35\/100\n|-unboost|p1a: Orthworm|spe|1\n|\n|upkeep\n|turn|3\n|inactive|Adolfcitron has 30 seconds left.\n|\n|t:|1681807550\n|-end|p2b: Iron Bundle|Quark Drive|[silent]\n|switch|p2b: Pelipper|Pelipper, L50, F|100\/100\n|-weather|RainDance|[from] ability: Drizzle|[of] p2b: Pelipper\n|-terastallize|p2a: Arcanine|Grass\n|move|p1b: Garchomp|Earthquake|p2b: Pelipper|[spread] p2a\n|-heal|p1a: Orthworm|60\/100|[from] ability: Earth Eater|[of] p1b: Garchomp\n|-immune|p2b: Pelipper\n|-resisted|p2a: Arcanine\n|-damage|p2a: Arcanine|56\/100\n|move|p2a: Arcanine|Will-O-Wisp|p1b: Garchomp\n|-status|p1b: Garchomp|brn\n|move|p1a: Orthworm|Body Press|p2b: Pelipper\n|-resisted|p2b: Pelipper\n|-damage|p2b: Pelipper|82\/100\n|\n|-weather|RainDance|[upkeep]\n|-damage|p1b: Garchomp|95\/100 brn|[from] brn\n|upkeep\n|turn|4\n|inactive|Adolfcitron has 30 seconds left.\n|inactive|Adolfcitron has 20 seconds left.\n|\n|t:|1681807589\n|move|p1b: Garchomp|Earthquake|p2a: Arcanine|[spread] p2a\n|-heal|p1a: Orthworm|85\/100|[from] ability: Earth Eater|[of] p1b: Garchomp\n|-immune|p2b: Pelipper\n|-resisted|p2a: Arcanine\n|-damage|p2a: Arcanine|36\/100\n|-enditem|p2a: Arcanine|Sitrus Berry|[eat]\n|-heal|p2a: Arcanine|61\/100|[from] item: Sitrus Berry\n|move|p2a: Arcanine|Flare Blitz|p1a: Orthworm\n|-supereffective|p1a: Orthworm\n|-damage|p1a: Orthworm|51\/100\n|-damage|p2a: Arcanine|51\/100|[from] Recoil\n|move|p1a: Orthworm|Shed Tail|p1a: Orthworm\n|-fail|p1a: Orthworm|move: Shed Tail|[weak]\n|move|p2b: Pelipper|Hydro Pump|p1a: Orthworm|[miss]\n|-miss|p2b: Pelipper|p1a: Orthworm\n|\n|-weather|RainDance|[upkeep]\n|-damage|p1b: Garchomp|89\/100 brn|[from] brn\n|-sideend|p1: Tas87|move: Tailwind\n|upkeep\n|turn|5\n|inactive|Tas87 has 30 seconds left.\n|inactive|Adolfcitron has 30 seconds left.\n|inactive|Tas87 has 20 seconds left.\n|inactive|Adolfcitron has 20 seconds left.\n|inactive|Adolfcitron has 15 seconds left.\n|inactive|Adolfcitron has 10 seconds left.\n|\n|t:|1681807637\n|move|p1b: Garchomp|Swords Dance|p1b: Garchomp\n|-boost|p1b: Garchomp|atk|2\n|move|p2a: Arcanine|Will-O-Wisp|p1a: Orthworm|[miss]\n|-miss|p2a: Arcanine|p1a: Orthworm\n|move|p2b: Pelipper|Hydro Pump|p1a: Orthworm|[miss]\n|-miss|p2b: Pelipper|p1a: Orthworm\n|move|p1a: Orthworm|Smack Down|p2b: Pelipper\n|-supereffective|p2b: Pelipper\n|-damage|p2b: Pelipper|59\/100\n|-start|p2b: Pelipper|Smack Down\n|\n|-weather|RainDance|[upkeep]\n|-damage|p1b: Garchomp|83\/100 brn|[from] brn\n|upkeep\n|turn|6\n|inactive|Adolfcitron has 30 seconds left.\n|inactive|Adolfcitron has 20 seconds left.\n|\n|t:|1681807676\n|move|p1b: Garchomp|Earthquake|p2b: Pelipper|[spread] p2a,p2b\n|-heal|p1a: Orthworm|76\/100|[from] ability: Earth Eater|[of] p1b: Garchomp\n|-resisted|p2a: Arcanine\n|-crit|p2a: Arcanine\n|-damage|p2a: Arcanine|0 fnt\n|-damage|p2b: Pelipper|0 fnt\n|faint|p2a: Arcanine\n|faint|p2b: Pelipper\n|move|p1a: Orthworm|Shed Tail|p1a: Orthworm\n|-start|p1a: Orthworm|Substitute|[from] move: Shed Tail\n|-damage|p1a: Orthworm|25\/100\n|\n|t:|1681807685\n|switch|p1a: Tyranitar|Tyranitar, L50, F|100\/100|[from] Shed Tail\n|-weather|Sandstorm|[from] ability: Sand Stream|[of] p1a: Tyranitar\n|\n|-weather|Sandstorm|[upkeep]\n|-damage|p1b: Garchomp|77\/100 brn|[from] brn\n|upkeep\n|\n|t:|1681807690\n|switch|p2a: Palafin|Palafin-Hero, L50, M|100\/100\n|switch|p2b: Iron Bundle|Iron Bundle, L50|100\/100\n|-activate|p2a: Palafin|ability: Zero to Hero\n|turn|7\n|c|\u2606Adolfcitron|wahaha\n|c|\u2606Adolfcitron|hahahahaha\n|inactive|Adolfcitron has 30 seconds left.\n|inactive|Tas87 has 30 seconds left.\n|\n|t:|1681807729\n|-terastallize|p1a: Tyranitar|Flying\n|move|p1b: Garchomp|Protect|p1b: Garchomp\n|-singleturn|p1b: Garchomp|Protect\n|move|p2b: Iron Bundle|Icy Wind|p1a: Tyranitar|[spread] p1a\n|-activate|p1b: Garchomp|move: Protect\n|-supereffective|p1a: Tyranitar\n|-end|p1a: Tyranitar|Substitute\n|move|p2a: Palafin|Haze|p2a: Palafin\n|-clearallboost\n|move|p1a: Tyranitar|Brick Break|p2b: Iron Bundle\n|-supereffective|p2b: Iron Bundle\n|-damage|p2b: Iron Bundle|27\/100\n|\n|-weather|Sandstorm|[upkeep]\n|-damage|p2b: Iron Bundle|21\/100|[from] Sandstorm\n|-damage|p2a: Palafin|95\/100|[from] Sandstorm\n|-damage|p1a: Tyranitar|95\/100|[from] Sandstorm\n|-damage|p1b: Garchomp|71\/100 brn|[from] brn\n|upkeep\n|turn|8\n|inactive|Adolfcitron has 30 seconds left.\n|inactive|Tas87 has 30 seconds left.\n|\n|t:|1681807760\n|switch|p1b: Orthworm|Orthworm, L50, F, shiny|25\/100\n|move|p2b: Iron Bundle|Icy Wind|p1b: Orthworm|[spread] p1a,p1b\n|-supereffective|p1a: Tyranitar\n|-resisted|p1b: Orthworm\n|-damage|p1a: Tyranitar|73\/100\n|-damage|p1b: Orthworm|8\/100\n|-unboost|p1a: Tyranitar|spe|1\n|-unboost|p1b: Orthworm|spe|1\n|move|p2a: Palafin|Wave Crash|p1a: Tyranitar\n|-damage|p1a: Tyranitar|0 fnt\n|faint|p1a: Tyranitar\n|-damage|p2a: Palafin|71\/100|[from] Recoil\n|\n|-weather|Sandstorm|[upkeep]\n|-damage|p2b: Iron Bundle|15\/100|[from] Sandstorm\n|-damage|p2a: Palafin|65\/100|[from] Sandstorm\n|upkeep\n|\n|t:|1681807771\n|switch|p1a: Kilowattrel|Kilowattrel, L50, F|29\/100\n|turn|9\n|\n|t:|1681807793\n|move|p2a: Palafin|Jet Punch|p1b: Orthworm\n|-damage|p1b: Orthworm|0 fnt\n|faint|p1b: Orthworm\n|move|p2b: Iron Bundle|Icy Wind|p1a: Kilowattrel\n|-supereffective|p1a: Kilowattrel\n|-damage|p1a: Kilowattrel|0 fnt\n|faint|p1a: Kilowattrel\n|\n|-weather|Sandstorm|[upkeep]\n|-damage|p2b: Iron Bundle|9\/100|[from] Sandstorm\n|-damage|p2a: Palafin|59\/100|[from] Sandstorm\n|upkeep\n|\n|t:|1681807800\n|switch|p1a: Garchomp|Garchomp, L50, M|71\/100 brn\n|turn|10\n|\n|t:|1681807809\n|move|p2b: Iron Bundle|Freeze-Dry|p1a: Garchomp\n|-supereffective|p1a: Garchomp\n|-damage|p1a: Garchomp|0 fnt\n|faint|p1a: Garchomp\n|\n|win|Adolfcitron\n|raw|Tas87's rating: 1137 → 1105<\/strong> (-32 for losing)\n|raw|Adolfcitron's rating: 1043 → 1085<\/strong> (+42 for winning)\n|l|\u2606Tas87\n","uploadtime":1681807824,"views":15,"p1id":"tas87","p2id":"adolfcitron","formatid":"gen9vgc2023regulationc","rating":1085,"private":0,"password":""}