{"id":"gen9vgc2023regulationc-1851156192","p1":"Atc13","p2":"TonyJazs","format":"[Gen 9] VGC 2023 Regulation C","log":"|j|\u2606Atc13\n|j|\u2606TonyJazs\n|t:|1682418283\n|gametype|doubles\n|player|p1|Atc13|1|1042\n|player|p2|TonyJazs|brawly|1000\n|teamsize|p1|6\n|teamsize|p2|6\n|gen|9\n|tier|[Gen 9] VGC 2023 Regulation C\n|rated|\n|rule|Species Clause: Limit one of each Pok\u00e9mon\n|rule|Item Clause: Limit one of each item\n|clearpoke\n|poke|p1|Ceruledge, L50, M|\n|poke|p1|Meowscarada, L50, F|\n|poke|p1|Flutter Mane, L50|\n|poke|p1|Rotom-Wash, L50|\n|poke|p1|Garchomp, L50, M|\n|poke|p1|Scizor, L50, M|\n|poke|p2|Haxorus, L50, M|\n|poke|p2|Iron Moth, L50|\n|poke|p2|Avalugg, L50, F|\n|poke|p2|Florges, L50, F|\n|poke|p2|Slaking, L50, F|\n|poke|p2|Electrode, L50|\n|teampreview|4\n|inactive|Battle timer is ON: inactive players will automatically lose when time's up. (requested by TonyJazs)\n|\n|t:|1682418305\n|start\n|switch|p1a: Meowscarada|Meowscarada, L50, F|100\/100\n|switch|p1b: Scizor|Scizor, L50, M|100\/100\n|switch|p2a: Slaking|Slaking, L50, F|100\/100\n|switch|p2b: Florges|Florges, L50, F, shiny|100\/100\n|turn|1\n|\n|t:|1682418321\n|move|p1a: Meowscarada|Knock Off|p2a: Slaking\n|-start|p1a: Meowscarada|typechange|Dark|[from] ability: Protean\n|-damage|p2a: Slaking|55\/100\n|-enditem|p2a: Slaking|Life Orb|[from] move: Knock Off|[of] p1a: Meowscarada\n|move|p2b: Florges|Skill Swap|p2a: Slaking\n|-activate|p2b: Florges|move: Skill Swap|||[of] p2a: Slaking\n|move|p2a: Slaking|Bulk Up|p2a: Slaking\n|-boost|p2a: Slaking|atk|1\n|-boost|p2a: Slaking|def|1\n|move|p1b: Scizor|Tailwind|p1b: Scizor\n|-sidestart|p1: Atc13|move: Tailwind\n|\n|upkeep\n|turn|2\n|inactive|Atc13 has 30 seconds left.\n|\n|t:|1682418351\n|cant|p2b: Florges|ability: Truant\n|move|p1a: Meowscarada|Knock Off|p2b: Florges\n|-resisted|p2b: Florges\n|-damage|p2b: Florges|52\/100\n|-enditem|p2b: Florges|Leftovers|[from] move: Knock Off|[of] p1a: Meowscarada\n|move|p1b: Scizor|Pounce|p2a: Slaking\n|-damage|p2a: Slaking|35\/100\n|-unboost|p2a: Slaking|spe|1\n|move|p2a: Slaking|Drain Punch|p1a: Meowscarada\n|-supereffective|p1a: Meowscarada\n|-damage|p1a: Meowscarada|0 fnt\n|-heal|p2a: Slaking|64\/100|[from] drain|[of] p1a: Meowscarada\n|faint|p1a: Meowscarada\n|\n|upkeep\n|\n|t:|1682418369\n|switch|p1a: Rotom|Rotom-Wash, L50|100\/100\n|turn|3\n|\n|t:|1682418384\n|move|p1a: Rotom|Will-O-Wisp|p2a: Slaking\n|-status|p2a: Slaking|brn\n|move|p1b: Scizor|Pounce|p2b: Florges\n|-resisted|p2b: Florges\n|-damage|p2b: Florges|24\/100\n|-unboost|p2b: Florges|spe|1\n|move|p2b: Florges|Skill Swap|p1a: Rotom\n|-activate|p2b: Florges|move: Skill Swap|Levitate|Truant|[of] p1a: Rotom\n|move|p2a: Slaking|Drain Punch|p1a: Rotom\n|-damage|p1a: Rotom|65\/100\n|-heal|p2a: Slaking|73\/100 brn|[from] drain|[of] p1a: Rotom\n|\n|-damage|p2a: Slaking|67\/100 brn|[from] brn\n|upkeep\n|turn|4\n|inactive|Atc13 has 30 seconds left.\n|inactive|TonyJazs has 30 seconds left.\n|inactive|Atc13 has 20 seconds left.\n|inactive|TonyJazs has 20 seconds left.\n|inactive|Atc13 has 15 seconds left.\n|inactive|TonyJazs has 15 seconds left.\n|inactive|TonyJazs has 10 seconds left.\n|\n|t:|1682418433\n|cant|p1a: Rotom|ability: Truant\n|move|p2b: Florges|Helping Hand|p2a: Slaking\n|-singleturn|p2a: Slaking|Helping Hand|[of] p2b: Florges\n|move|p1b: Scizor|Aerial Ace|p2a: Slaking\n|-damage|p2a: Slaking|51\/100 brn\n|move|p2a: Slaking|Drain Punch|p1a: Rotom\n|-damage|p1a: Rotom|15\/100\n|-heal|p2a: Slaking|64\/100 brn|[from] drain|[of] p1a: Rotom\n|-enditem|p1a: Rotom|Sitrus Berry|[eat]\n|-heal|p1a: Rotom|39\/100|[from] item: Sitrus Berry\n|\n|-damage|p2a: Slaking|58\/100 brn|[from] brn\n|-sideend|p1: Atc13|move: Tailwind\n|upkeep\n|turn|5\n|inactive|Atc13 has 30 seconds left.\n|inactive|TonyJazs has 30 seconds left.\n|\n|t:|1682418463\n|move|p2b: Florges|Helping Hand|p2a: Slaking\n|-singleturn|p2a: Slaking|Helping Hand|[of] p2b: Florges\n|move|p1a: Rotom|Will-O-Wisp|p2b: Florges\n|-status|p2b: Florges|brn\n|move|p1b: Scizor|Pounce|p2a: Slaking\n|-damage|p2a: Slaking|36\/100 brn\n|-unboost|p2a: Slaking|spe|1\n|move|p2a: Slaking|Drain Punch|p1a: Rotom\n|-damage|p1a: Rotom|0 fnt\n|-heal|p2a: Slaking|46\/100 brn|[from] drain|[of] p1a: Rotom\n|faint|p1a: Rotom\n|\n|-damage|p2b: Florges|18\/100 brn|[from] brn\n|-damage|p2a: Slaking|40\/100 brn|[from] brn\n|upkeep\n|\n|t:|1682418480\n|switch|p1a: Garchomp|Garchomp, L50, M|100\/100\n|turn|6\n|\n|t:|1682418491\n|move|p1a: Garchomp|Rock Slide|p2a: Slaking|[spread] p2a,p2b\n|-damage|p2a: Slaking|30\/100 brn\n|-damage|p2b: Florges|0 fnt\n|faint|p2b: Florges\n|move|p1b: Scizor|Tailwind|p1b: Scizor\n|-sidestart|p1: Atc13|move: Tailwind\n|move|p2a: Slaking|Drain Punch|p1a: Garchomp\n|-damage|p1a: Garchomp|76\/100\n|-heal|p2a: Slaking|39\/100 brn|[from] drain|[of] p1a: Garchomp\n|-damage|p2a: Slaking|27\/100 brn|[from] ability: Rough Skin|[of] p1a: Garchomp\n|\n|-damage|p2a: Slaking|21\/100 brn|[from] brn\n|upkeep\n|\n|t:|1682418507\n|switch|p2b: Iron Moth|Iron Moth, L50|100\/100\n|-enditem|p2b: Iron Moth|Booster Energy\n|-activate|p2b: Iron Moth|ability: Quark Drive|[fromitem]\n|-start|p2b: Iron Moth|quarkdrivespe\n|turn|7\n|\n|t:|1682418523\n|-terastallize|p2b: Iron Moth|Grass\n|move|p1b: Scizor|Bullet Punch|p2b: Iron Moth\n|-damage|p2b: Iron Moth|48\/100\n|move|p1a: Garchomp|Rock Slide|p2b: Iron Moth|[spread] p2a,p2b\n|-damage|p2a: Slaking|12\/100 brn\n|-damage|p2b: Iron Moth|17\/100\n|move|p2b: Iron Moth|Heat Wave|p1a: Garchomp|[spread] p1a,p1b\n|-resisted|p1a: Garchomp\n|-supereffective|p1b: Scizor\n|-damage|p1a: Garchomp|57\/100\n|-enditem|p1b: Scizor|Focus Sash\n|-damage|p1b: Scizor|1\/100\n|-status|p1b: Scizor|brn\n|move|p2a: Slaking|Gunk Shot|p1a: Garchomp|[miss]\n|-miss|p2a: Slaking|p1a: Garchomp\n|\n|-damage|p1b: Scizor|0 fnt|[from] brn\n|faint|p1b: Scizor\n|-damage|p2a: Slaking|6\/100 brn|[from] brn\n|upkeep\n|turn|8\n|inactive|TonyJazs has 30 seconds left.\n|\n|t:|1682418554\n|move|p1a: Garchomp|Rock Slide|p2a: Slaking|[spread] p2a,p2b\n|-damage|p2a: Slaking|0 fnt\n|-damage|p2b: Iron Moth|0 fnt\n|faint|p2a: Slaking\n|faint|p2b: Iron Moth\n|-end|p2b: Iron Moth|Quark Drive|[silent]\n|\n|upkeep\n|\n|t:|1682418560\n|switch|p2b: Avalugg|Avalugg, L50, F|100\/100\n|turn|9\n|\n|t:|1682418570\n|-terastallize|p1a: Garchomp|Ground\n|move|p1a: Garchomp|Rock Slide|p2b: Avalugg\n|-supereffective|p2b: Avalugg\n|-damage|p2b: Avalugg|73\/100\n|move|p2b: Avalugg|Avalanche|p1a: Garchomp\n|-supereffective|p1a: Garchomp\n|-damage|p1a: Garchomp|0 fnt\n|-damage|p2b: Avalugg|60\/100|[from] ability: Rough Skin|[of] p1a: Garchomp\n|faint|p1a: Garchomp\n|\n|win|TonyJazs\n|raw|Atc13's rating: 1042 → 1024<\/strong> (-18 for losing)\n|raw|TonyJazs's rating: 1000 → 1045<\/strong> (+45 for winning)\n|c|\u2606TonyJazs|gg\n|l|\u2606Atc13\n","uploadtime":1682418583,"views":7,"p1id":"atc13","p2id":"tonyjazs","formatid":"gen9vgc2023regulationc","rating":1024,"private":0,"password":""}