{"id":"gen9vgc2023regulationc-1847894579","p1":"willz_vgc","p2":"TharoksVGC","format":"[Gen 9] VGC 2023 Regulation C","log":"|j|\u2606willz_vgc\n|j|\u2606TharoksVGC\n|t:|1682010664\n|gametype|doubles\n|player|p1|willz_vgc|170|1204\n|player|p2|TharoksVGC|hoopster|1145\n|teamsize|p1|6\n|teamsize|p2|6\n|gen|9\n|tier|[Gen 9] VGC 2023 Regulation C\n|rated|\n|rule|Species Clause: Limit one of each Pok\u00e9mon\n|rule|Item Clause: Limit one of each item\n|clearpoke\n|poke|p1|Baxcalibur, L50, F|\n|poke|p1|Ting-Lu, L50|\n|poke|p1|Flutter Mane, L50|\n|poke|p1|Gyarados, L50, F|\n|poke|p1|Brute Bonnet, L50|\n|poke|p1|Scream Tail, L50|\n|poke|p2|Forretress, L50, M|\n|poke|p2|Chien-Pao, L50|\n|poke|p2|Gastrodon-East, L50, F|\n|poke|p2|Ting-Lu, L50|\n|poke|p2|Talonflame, L50, M|\n|poke|p2|Arcanine, L50, F|\n|teampreview|4\n|\n|t:|1682010706\n|start\n|switch|p1a: Gyarados|Gyarados, L50, F|100\/100\n|switch|p1b: Baxcalibur|Baxcalibur, L50, F|100\/100\n|switch|p2a: Gastrodon|Gastrodon-East, L50, F|100\/100\n|switch|p2b: Arcanine|Arcanine, L50, F|100\/100\n|-ability|p2b: Arcanine|Intimidate|boost\n|-unboost|p1a: Gyarados|atk|1\n|-unboost|p1b: Baxcalibur|atk|1\n|-ability|p1a: Gyarados|Intimidate|boost\n|-unboost|p2a: Gastrodon|atk|1\n|-unboost|p2b: Arcanine|atk|1\n|turn|1\n|inactive|Battle timer is ON: inactive players will automatically lose when time's up. (requested by willz_vgc)\n|inactive|TharoksVGC has 60 seconds left.\n|inactive|TharoksVGC has 30 seconds left.\n|\n|t:|1682010772\n|-terastallize|p2b: Arcanine|Grass\n|-terastallize|p1b: Baxcalibur|Ground\n|move|p1a: Gyarados|Helping Hand|p1b: Baxcalibur\n|-singleturn|p1b: Baxcalibur|Helping Hand|[of] p1a: Gyarados\n|move|p2b: Arcanine|Snarl|p1b: Baxcalibur|[spread] p1a,p1b\n|-damage|p1a: Gyarados|91\/100\n|-damage|p1b: Baxcalibur|90\/100\n|-unboost|p1a: Gyarados|spa|1\n|-unboost|p1b: Baxcalibur|spa|1\n|-enditem|p2b: Arcanine|Throat Spray\n|-boost|p2b: Arcanine|spa|1|[from] item: Throat Spray\n|move|p1b: Baxcalibur|Earthquake|p2b: Arcanine|[spread] p2a,p2b\n|-immune|p1a: Gyarados\n|-crit|p2a: Gastrodon\n|-resisted|p2b: Arcanine\n|-damage|p2a: Gastrodon|0 fnt\n|-damage|p2b: Arcanine|66\/100\n|faint|p2a: Gastrodon\n|-damage|p1b: Baxcalibur|81\/100|[from] item: Life Orb\n|\n|upkeep\n|\n|t:|1682010795\n|switch|p2a: Ting-Lu|Ting-Lu, L50|100\/100\n|-ability|p2a: Ting-Lu|Vessel of Ruin\n|turn|2\n|c|\u2606willz_vgc|There is no way\n|c|\u2606willz_vgc|i am in the middle of making a throat spray snarl special attacker arcanine set haha\n|inactive|willz_vgc has 30 seconds left.\n|\n|t:|1682010825\n|move|p1b: Baxcalibur|Ice Shard|p2b: Arcanine\n|-supereffective|p2b: Arcanine\n|-damage|p2b: Arcanine|14\/100\n|-damage|p1b: Baxcalibur|71\/100|[from] item: Life Orb\n|move|p2b: Arcanine|Tera Blast|p1a: Gyarados\n|-damage|p1a: Gyarados|57\/100\n|move|p1a: Gyarados|Thunder Wave|p1b: Baxcalibur\n|-immune|p1b: Baxcalibur\n|move|p2a: Ting-Lu|Fissure|p1b: Baxcalibur|[miss]\n|-miss|p2a: Ting-Lu|p1b: Baxcalibur\n|\n|upkeep\n|turn|3\n|c|\u2606willz_vgc|Wtf i helping hand, not t-wave lmao\n|inactive|willz_vgc has 30 seconds left.\n|inactive|willz_vgc has 20 seconds left.\n|\n|t:|1682010861\n|switch|p2b: Forretress|Forretress, L50, M|100\/100\n|move|p1b: Baxcalibur|Ice Shard|p2b: Forretress\n|-resisted|p2b: Forretress\n|-damage|p2b: Forretress|93\/100\n|-damage|p1b: Baxcalibur|62\/100|[from] item: Life Orb\n|move|p1a: Gyarados|Iron Head|p2a: Ting-Lu\n|-damage|p2a: Ting-Lu|93\/100\n|cant|p2a: Ting-Lu|flinch\n|\n|upkeep\n|turn|4\n|\n|t:|1682010880\n|move|p1a: Gyarados|Helping Hand|p1b: Baxcalibur\n|-singleturn|p1b: Baxcalibur|Helping Hand|[of] p1a: Gyarados\n|move|p1b: Baxcalibur|Earthquake|p2a: Ting-Lu|[spread] p2a,p2b\n|-immune|p1a: Gyarados\n|-damage|p2a: Ting-Lu|64\/100\n|-damage|p2b: Forretress|54\/100\n|-damage|p1b: Baxcalibur|52\/100|[from] item: Life Orb\n|move|p2a: Ting-Lu|Fissure|p1b: Baxcalibur|[miss]\n|-miss|p2a: Ting-Lu|p1b: Baxcalibur\n|move|p2b: Forretress|Rock Blast|p1a: Gyarados\n|-supereffective|p1a: Gyarados\n|-damage|p1a: Gyarados|44\/100\n|-supereffective|p1a: Gyarados\n|-damage|p1a: Gyarados|29\/100\n|-supereffective|p1a: Gyarados\n|-damage|p1a: Gyarados|14\/100\n|-supereffective|p1a: Gyarados\n|-damage|p1a: Gyarados|0 fnt\n|faint|p1a: Gyarados\n|-hitcount|p1: Gyarados|4\n|\n|upkeep\n|\n|t:|1682010894\n|switch|p1a: Ting-Lu|Ting-Lu, L50|100\/100\n|-ability|p1a: Ting-Lu|Vessel of Ruin\n|turn|5\n|inactive|willz_vgc has 30 seconds left.\n|\n|t:|1682010926\n|move|p1b: Baxcalibur|Protect|p1b: Baxcalibur\n|-singleturn|p1b: Baxcalibur|Protect\n|move|p1a: Ting-Lu|Stomping Tantrum|p2b: Forretress\n|-damage|p2b: Forretress|28\/100\n|move|p2a: Ting-Lu|Stomping Tantrum|p1b: Baxcalibur\n|-activate|p1b: Baxcalibur|move: Protect\n|move|p2b: Forretress|Pin Missile|p1a: Ting-Lu\n|-supereffective|p1a: Ting-Lu\n|-damage|p1a: Ting-Lu|88\/100\n|-supereffective|p1a: Ting-Lu\n|-damage|p1a: Ting-Lu|75\/100\n|-supereffective|p1a: Ting-Lu\n|-damage|p1a: Ting-Lu|61\/100\n|-supereffective|p1a: Ting-Lu\n|-damage|p1a: Ting-Lu|48\/100\n|-supereffective|p1a: Ting-Lu\n|-damage|p1a: Ting-Lu|35\/100\n|-hitcount|p1a: Ting-Lu|5\n|\n|upkeep\n|turn|6\n|inactive|TharoksVGC has 30 seconds left.\n|\n|t:|1682010953\n|move|p1b: Baxcalibur|Glaive Rush|p2a: Ting-Lu\n|-damage|p2a: Ting-Lu|32\/100\n|-singlemove|p1b: Baxcalibur|Glaive Rush|[silent]\n|-damage|p1b: Baxcalibur|43\/100|[from] item: Life Orb\n|move|p1a: Ting-Lu|Body Press|p2a: Ting-Lu\n|-supereffective|p2a: Ting-Lu\n|-damage|p2a: Ting-Lu|5\/100\n|move|p2a: Ting-Lu|Fissure|p1b: Baxcalibur\n|-damage|p1b: Baxcalibur|0 fnt\n|faint|p1b: Baxcalibur\n|-ohko\n|move|p2b: Forretress|Pin Missile|p1a: Ting-Lu\n|-supereffective|p1a: Ting-Lu\n|-damage|p1a: Ting-Lu|22\/100\n|-supereffective|p1a: Ting-Lu\n|-damage|p1a: Ting-Lu|10\/100\n|-supereffective|p1a: Ting-Lu\n|-damage|p1a: Ting-Lu|0 fnt\n|faint|p1a: Ting-Lu\n|-hitcount|p1: Ting-Lu|3\n|\n|upkeep\n|\n|t:|1682010957\n|switch|p1b: Brute Bonnet|Brute Bonnet, L50|100\/100\n|turn|7\n|inactive|TharoksVGC has 30 seconds left.\n|\n|t:|1682010985\n|move|p1b: Brute Bonnet|Sucker Punch|p2b: Forretress\n|-damage|p2b: Forretress|5\/100\n|move|p2a: Ting-Lu|Fissure|p1b: Brute Bonnet\n|-damage|p1b: Brute Bonnet|0 fnt\n|faint|p1b: Brute Bonnet\n|-end|p1b: Brute Bonnet|Protosynthesis|[silent]\n|-ohko\n|\n|win|TharoksVGC\n|raw|willz_vgc's rating: 1204 → 1175<\/strong> (-29 for losing)\n|raw|TharoksVGC's rating: 1145 → 1174<\/strong> (+29 for winning)\n|c|\u2606willz_vgc|Lucky\n|l|\u2606willz_vgc\n","uploadtime":1682011024,"views":13,"p1id":"willzvgc","p2id":"tharoksvgc","formatid":"gen9vgc2023regulationc","rating":1174,"private":0,"password":""}