{"id":"gen9vgc2023regulationc-1850027271","p1":"Rinyasunmortogodo","p2":"Sleepyhead1","format":"[Gen 9] VGC 2023 Regulation C","log":"|j|\u2606Rinyasunmortogodo\n|j|\u2606Sleepyhead1\n|t:|1682279408\n|gametype|doubles\n|player|p1|Rinyasunmortogodo|2|1434\n|player|p2|Sleepyhead1|caitlin|1490\n|teamsize|p1|6\n|teamsize|p2|6\n|gen|9\n|tier|[Gen 9] VGC 2023 Regulation C\n|rated|\n|rule|Species Clause: Limit one of each Pok\u00e9mon\n|rule|Item Clause: Limit one of each item\n|clearpoke\n|poke|p1|Dragonite, L50, F|\n|poke|p1|Amoonguss, L50, F|\n|poke|p1|Chien-Pao, L50|\n|poke|p1|Arcanine, L50, F|\n|poke|p1|Flutter Mane, L50|\n|poke|p1|Palafin, L50, M|\n|poke|p2|Great Tusk, L50|\n|poke|p2|Annihilape, L50, M|\n|poke|p2|Maushold, L50|\n|poke|p2|Arcanine, L50, M|\n|poke|p2|Iron Bundle, L50|\n|poke|p2|Flutter Mane, L50|\n|teampreview|4\n|inactive|Battle timer is ON: inactive players will automatically lose when time's up. (requested by Rinyasunmortogodo)\n|inactive|Rinyasunmortogodo has 60 seconds left.\n|inactive|Rinyasunmortogodo has 30 seconds left.\n|\n|t:|1682279472\n|start\n|switch|p1a: Sucare|Dragonite, L50, F|100\/100\n|switch|p1b: Palle|Palafin, L50, M|100\/100\n|switch|p2a: Annihilape|Annihilape, L50, M|100\/100\n|switch|p2b: Maushold|Maushold, L50|100\/100\n|turn|1\n|\n|t:|1682279484\n|detailschange|p1b: Palle|Palafin-Hero, L50, M\n|switch|p1b: 0rispetto|Amoonguss, L50, F|100\/100\n|-terastallize|p1a: Sucare|Flying\n|move|p2b: Maushold|Beat Up|p2a: Annihilape\n|-crit|p2a: Annihilape\n|-damage|p2a: Annihilape|97\/100\n|-damage|p2a: Annihilape|95\/100\n|-damage|p2a: Annihilape|93\/100\n|-damage|p2a: Annihilape|91\/100\n|-hitcount|p2a: Annihilape|4\n|move|p2a: Annihilape|Rage Fist|p1b: 0rispetto\n|-damage|p1b: 0rispetto|0 fnt\n|faint|p1b: 0rispetto\n|move|p1a: Sucare|Tera Blast|p2b: Maushold\n|-damage|p2b: Maushold|24\/100\n|\n|upkeep\n|\n|t:|1682279506\n|switch|p1b: Giovanni|Chien-Pao, L50|100\/100\n|-ability|p1b: Giovanni|Sword of Ruin\n|turn|2\n|inactive|Sleepyhead1 has 30 seconds left.\n|\n|t:|1682279533\n|-terastallize|p2a: Annihilape|Fire\n|move|p2b: Maushold|Baby-Doll Eyes|p1b: Giovanni\n|-unboost|p1b: Giovanni|atk|1\n|move|p1b: Giovanni|Ice Spinner|p2b: Maushold\n|-damage|p2b: Maushold|0 fnt\n|faint|p2b: Maushold\n|move|p2a: Annihilape|Rage Fist|p1a: Sucare\n|-damage|p1a: Sucare|18\/100\n|move|p1a: Sucare|Tera Blast|p2a: Annihilape\n|-damage|p2a: Annihilape|1\/100\n|-enditem|p2a: Annihilape|Sitrus Berry|[eat]\n|-heal|p2a: Annihilape|26\/100|[from] item: Sitrus Berry\n|\n|upkeep\n|\n|t:|1682279543\n|switch|p2b: Iron Bundle|Iron Bundle, L50|100\/100\n|-enditem|p2b: Iron Bundle|Booster Energy\n|-activate|p2b: Iron Bundle|ability: Quark Drive|[fromitem]\n|-start|p2b: Iron Bundle|quarkdrivespe\n|turn|3\n|\n|t:|1682279564\n|move|p1b: Giovanni|Protect|p1b: Giovanni\n|-singleturn|p1b: Giovanni|Protect\n|move|p1a: Sucare|Protect|p1a: Sucare\n|-singleturn|p1a: Sucare|Protect\n|move|p2b: Iron Bundle|Icy Wind|p1a: Sucare|[spread] \n|-activate|p1a: Sucare|move: Protect\n|-activate|p1b: Giovanni|move: Protect\n|move|p2a: Annihilape|Drain Punch|p1b: Giovanni\n|-activate|p1b: Giovanni|move: Protect\n|\n|upkeep\n|turn|4\n|\n|t:|1682279578\n|move|p1a: Sucare|Extreme Speed|p2a: Annihilape\n|-damage|p2a: Annihilape|0 fnt\n|faint|p2a: Annihilape\n|move|p2b: Iron Bundle|Icy Wind|p1b: Giovanni|[spread] p1a,p1b\n|-supereffective|p1a: Sucare\n|-resisted|p1b: Giovanni\n|-damage|p1a: Sucare|0 fnt\n|-damage|p1b: Giovanni|83\/100\n|-unboost|p1b: Giovanni|spe|1\n|faint|p1a: Sucare\n|move|p1b: Giovanni|Sacred Sword|p2b: Iron Bundle\n|-supereffective|p2b: Iron Bundle\n|-damage|p2b: Iron Bundle|29\/100\n|\n|upkeep\n|\n|t:|1682279590\n|switch|p2a: Arcanine|Arcanine, L50, M|100\/100\n|switch|p1a: Palle|Palafin-Hero, L50, M|100\/100\n|-ability|p2a: Arcanine|Intimidate|boost\n|-unboost|p1a: Palle|atk|1\n|-unboost|p1b: Giovanni|atk|1\n|-activate|p1a: Palle|ability: Zero to Hero\n|turn|5\n|\n|t:|1682279606\n|move|p1b: Giovanni|Protect|p1b: Giovanni\n|-singleturn|p1b: Giovanni|Protect\n|move|p2b: Iron Bundle|Freeze-Dry|p1a: Palle\n|-supereffective|p1a: Palle\n|-damage|p1a: Palle|36\/100\n|-status|p1a: Palle|frz\n|move|p2a: Arcanine|Flare Blitz|p1b: Giovanni\n|-activate|p1b: Giovanni|move: Protect\n|cant|p1a: Palle|frz\n|\n|upkeep\n|turn|6\n|c|\u2606Sleepyhead1|gottem\n|c|\u2606Rinyasunmortogodo|Wow\n|c|\u2606Rinyasunmortogodo|ma sei forte\n|inactive|Rinyasunmortogodo has 30 seconds left.\n|inactive|Rinyasunmortogodo has 20 seconds left.\n|inactive|Rinyasunmortogodo has 15 seconds left.\n|\n|t:|1682279646\n|move|p1b: Giovanni|Sucker Punch|p2b: Iron Bundle\n|-damage|p2b: Iron Bundle|0 fnt\n|faint|p2b: Iron Bundle\n|-end|p2b: Iron Bundle|Quark Drive|[silent]\n|cant|p1a: Palle|frz\n|move|p2a: Arcanine|Flare Blitz|p1b: Giovanni\n|-supereffective|p1b: Giovanni\n|-damage|p1b: Giovanni|0 fnt\n|faint|p1b: Giovanni\n|-damage|p2a: Arcanine|79\/100|[from] Recoil\n|\n|upkeep\n|turn|7\n|\n|t:|1682279657\n|move|p2a: Arcanine|Flare Blitz|p1a: Palle\n|-resisted|p1a: Palle\n|-damage|p1a: Palle|15\/100 frz\n|-curestatus|p1a: Palle|frz|[msg]\n|-damage|p2a: Arcanine|72\/100|[from] Recoil\n|move|p1a: Palle|Wave Crash|p2a: Arcanine\n|-supereffective|p2a: Arcanine\n|-damage|p2a: Arcanine|0 fnt\n|faint|p2a: Arcanine\n|-damage|p1a: Palle|0 fnt|[from] Recoil\n|faint|p1a: Palle\n|\n|win|Rinyasunmortogodo\n|raw|Rinyasunmortogodo's rating: 1434 → 1457<\/strong> (+23 for winning)\n|raw|Sleepyhead1's rating: 1490 → 1467<\/strong> (-23 for losing)\n|l|\u2606Sleepyhead1\n|c|\u2606Rinyasunmortogodo|Animale\n|c|\u2606Rinyasunmortogodo|flare blitz scongela\n|c|\u2606Rinyasunmortogodo|hahahahahahha\n","uploadtime":1682279690,"views":12,"p1id":"rinyasunmortogodo","p2id":"sleepyhead1","formatid":"gen9vgc2023regulationc","rating":1457,"private":0,"password":""}