{"id":"gen9vgc2023regulationc-1847368383","p1":"Ricardo Randorez","p2":"Andy611","format":"[Gen 9] VGC 2023 Regulation C","log":"|j|\u2606Ricardo Randorez\n|j|\u2606Andy611\n|t:|1681943258\n|gametype|doubles\n|player|p1|Ricardo Randorez|1|1250\n|player|p2|Andy611|265|1214\n|teamsize|p1|6\n|teamsize|p2|6\n|gen|9\n|tier|[Gen 9] VGC 2023 Regulation C\n|rated|\n|rule|Species Clause: Limit one of each Pok\u00e9mon\n|rule|Item Clause: Limit one of each item\n|clearpoke\n|poke|p1|Pachirisu, L50, F|\n|poke|p1|Gholdengo, L50|\n|poke|p1|Azumarill, L50, M|\n|poke|p1|Chien-Pao, L50|\n|poke|p1|Dragonite, L50, F|\n|poke|p1|Brute Bonnet, L50|\n|poke|p2|Amoonguss, L50, M|\n|poke|p2|Palafin, L50, F|\n|poke|p2|Flutter Mane, L50|\n|poke|p2|Arcanine, L50, F|\n|poke|p2|Garganacl, L50, M|\n|poke|p2|Chien-Pao, L50|\n|teampreview|4\n|inactive|Battle timer is ON: inactive players will automatically lose when time's up. (requested by Andy611)\n|\n|t:|1681943302\n|start\n|switch|p1a: Pachirisu|Pachirisu, L50, F|100\/100\n|switch|p1b: Gholdengo|Gholdengo, L50|100\/100\n|switch|p2a: Arcanine|Arcanine, L50, F|100\/100\n|switch|p2b: Flutter Mane|Flutter Mane, L50|100\/100\n|-ability|p2a: Arcanine|Intimidate|boost\n|-unboost|p1a: Pachirisu|atk|1\n|-unboost|p1b: Gholdengo|atk|1\n|-enditem|p2b: Flutter Mane|Booster Energy\n|-activate|p2b: Flutter Mane|ability: Protosynthesis|[fromitem]\n|-start|p2b: Flutter Mane|protosynthesisspe\n|turn|1\n|inactive|Andy611 has 30 seconds left.\n|inactive|Andy611 has 20 seconds left.\n|\n|t:|1681943339\n|-terastallize|p2b: Flutter Mane|Fairy\n|move|p1b: Gholdengo|Protect|p1b: Gholdengo\n|-singleturn|p1b: Gholdengo|Protect\n|move|p2b: Flutter Mane|Dazzling Gleam|p1b: Gholdengo|[spread] p1a\n|-activate|p1b: Gholdengo|move: Protect\n|-damage|p1a: Pachirisu|63\/100\n|move|p1a: Pachirisu|Nuzzle|p2b: Flutter Mane\n|-damage|p2b: Flutter Mane|95\/100\n|-status|p2b: Flutter Mane|par\n|move|p2a: Arcanine|Flare Blitz|p1b: Gholdengo\n|-activate|p1b: Gholdengo|move: Protect\n|\n|upkeep\n|turn|2\n|inactive|Ricardo Randorez has 30 seconds left.\n|\n|t:|1681943366\n|move|p1a: Pachirisu|Follow Me|p1a: Pachirisu\n|-singleturn|p1a: Pachirisu|move: Follow Me\n|move|p2b: Flutter Mane|Dazzling Gleam|p1b: Gholdengo|[spread] p1a,p1b\n|-resisted|p1b: Gholdengo\n|-damage|p1a: Pachirisu|25\/100\n|-damage|p1b: Gholdengo|77\/100\n|-enditem|p1a: Pachirisu|Sitrus Berry|[eat]\n|-heal|p1a: Pachirisu|50\/100|[from] item: Sitrus Berry\n|move|p1b: Gholdengo|Make It Rain|p2b: Flutter Mane|[spread] p2a,p2b\n|-resisted|p2a: Arcanine\n|-supereffective|p2b: Flutter Mane\n|-damage|p2a: Arcanine|75\/100\n|-damage|p2b: Flutter Mane|1\/100 par\n|-unboost|p1b: Gholdengo|spa|1\n|move|p2a: Arcanine|Flare Blitz|p1a: Pachirisu\n|-damage|p1a: Pachirisu|0 fnt\n|faint|p1a: Pachirisu\n|-damage|p2a: Arcanine|61\/100|[from] Recoil\n|\n|-heal|p1b: Gholdengo|83\/100|[from] item: Leftovers\n|upkeep\n|\n|t:|1681943390\n|switch|p1a: Dragonite|Dragonite, L50, F|100\/100\n|turn|3\n|\n|t:|1681943404\n|switch|p1b: Brute Bonnet|Brute Bonnet, L50|100\/100\n|move|p1a: Dragonite|Extreme Speed|p2b: Flutter Mane\n|-damage|p2b: Flutter Mane|0 fnt\n|faint|p2b: Flutter Mane\n|-end|p2b: Flutter Mane|Protosynthesis|[silent]\n|-damage|p1a: Dragonite|91\/100|[from] item: Life Orb\n|move|p2a: Arcanine|Flare Blitz|p1b: Brute Bonnet\n|-supereffective|p1b: Brute Bonnet\n|-damage|p1b: Brute Bonnet|21\/100\n|-enditem|p1b: Brute Bonnet|Aguav Berry|[eat]\n|-heal|p1b: Brute Bonnet|54\/100|[from] item: Aguav Berry\n|-damage|p2a: Arcanine|32\/100|[from] Recoil\n|\n|upkeep\n|\n|t:|1681943419\n|switch|p2b: Garganacl|Garganacl, L50, M|100\/100\n|turn|4\n|inactive|Ricardo Randorez has 30 seconds left.\n|\n|t:|1681943450\n|move|p2b: Garganacl|Protect|p2b: Garganacl\n|-singleturn|p2b: Garganacl|Protect\n|move|p1b: Brute Bonnet|Sucker Punch||[still]\n|-fail|p1b: Brute Bonnet\n|move|p2a: Arcanine|Will-O-Wisp|p1a: Dragonite\n|-status|p1a: Dragonite|brn\n|move|p1a: Dragonite|Low Kick|p2b: Garganacl\n|-activate|p2b: Garganacl|move: Protect\n|\n|-damage|p1a: Dragonite|85\/100 brn|[from] brn\n|upkeep\n|turn|5\n|\n|t:|1681943469\n|move|p2a: Arcanine|Will-O-Wisp|p1b: Brute Bonnet|[miss]\n|-miss|p2a: Arcanine|p1b: Brute Bonnet\n|move|p1a: Dragonite|Low Kick|p2b: Garganacl\n|-supereffective|p2b: Garganacl\n|-damage|p2b: Garganacl|60\/100\n|-damage|p1a: Dragonite|75\/100 brn|[from] item: Life Orb\n|move|p1b: Brute Bonnet|Close Combat|p2b: Garganacl\n|-supereffective|p2b: Garganacl\n|-damage|p2b: Garganacl|0 fnt\n|-unboost|p1b: Brute Bonnet|def|1\n|-unboost|p1b: Brute Bonnet|spd|1\n|faint|p2b: Garganacl\n|\n|-damage|p1a: Dragonite|69\/100 brn|[from] brn\n|upkeep\n|\n|t:|1681943482\n|switch|p2b: Chien-Pao|Chien-Pao, L50|100\/100\n|-ability|p2b: Chien-Pao|Sword of Ruin\n|turn|6\n|\n|t:|1681943496\n|move|p2b: Chien-Pao|Ice Spinner|p1a: Dragonite\n|-supereffective|p1a: Dragonite\n|-damage|p1a: Dragonite|0 fnt\n|faint|p1a: Dragonite\n|move|p2a: Arcanine|Flare Blitz|p1b: Brute Bonnet\n|-supereffective|p1b: Brute Bonnet\n|-damage|p1b: Brute Bonnet|0 fnt\n|faint|p1b: Brute Bonnet\n|-end|p1b: Brute Bonnet|Protosynthesis|[silent]\n|-damage|p2a: Arcanine|13\/100|[from] Recoil\n|\n|upkeep\n|\n|t:|1681943507\n|switch|p1a: Gholdengo|Gholdengo, L50|83\/100\n|turn|7\n|\n|t:|1681943518\n|-terastallize|p1a: Gholdengo|Water\n|move|p2b: Chien-Pao|Crunch|p1a: Gholdengo\n|-damage|p1a: Gholdengo|33\/100\n|-unboost|p1a: Gholdengo|def|1\n|move|p1a: Gholdengo|Make It Rain|p2b: Chien-Pao|[spread] p2a,p2b\n|-resisted|p2a: Arcanine\n|-supereffective|p2b: Chien-Pao\n|-damage|p2a: Arcanine|0 fnt\n|-enditem|p2b: Chien-Pao|Focus Sash\n|-damage|p2b: Chien-Pao|1\/100\n|-unboost|p1a: Gholdengo|spa|1\n|faint|p2a: Arcanine\n|\n|-heal|p1a: Gholdengo|39\/100|[from] item: Leftovers\n|upkeep\n|turn|8\n|\n|t:|1681943537\n|move|p1a: Gholdengo|Protect|p1a: Gholdengo\n|-singleturn|p1a: Gholdengo|Protect\n|move|p2b: Chien-Pao|Crunch|p1a: Gholdengo\n|-activate|p1a: Gholdengo|move: Protect\n|\n|-heal|p1a: Gholdengo|45\/100|[from] item: Leftovers\n|upkeep\n|turn|9\n|l|\u2606Ricardo Randorez\n|inactive|Ricardo Randorez disconnected and has a minute to reconnect!\n|player|p1|\n|j|\u2606Ricardo Randorez\n|inactive|Ricardo Randorez reconnected and has 40 seconds left.\n|player|p1|Ricardo Randorez|1\n|inactive|Andy611 has 30 seconds left.\n|inactive|Andy611 has 20 seconds left.\n|inactive|Andy611 has 15 seconds left.\n|inactive|Andy611 has 10 seconds left.\n|inactive|Andy611 has 5 seconds left.\n|\n|t:|1681943592\n|move|p2b: Chien-Pao|Protect|p2b: Chien-Pao\n|-singleturn|p2b: Chien-Pao|Protect\n|move|p1a: Gholdengo|Protect||[still]\n|-fail|p1a: Gholdengo\n|\n|-heal|p1a: Gholdengo|51\/100|[from] item: Leftovers\n|upkeep\n|turn|10\n|\n|t:|1681943606\n|move|p1a: Gholdengo|Protect|p1a: Gholdengo\n|-singleturn|p1a: Gholdengo|Protect\n|move|p2b: Chien-Pao|Crunch|p1a: Gholdengo\n|-activate|p1a: Gholdengo|move: Protect\n|\n|-heal|p1a: Gholdengo|57\/100|[from] item: Leftovers\n|upkeep\n|turn|11\n|\n|t:|1681943618\n|move|p2b: Chien-Pao|Crunch|p1a: Gholdengo\n|-damage|p1a: Gholdengo|0 fnt\n|faint|p1a: Gholdengo\n|\n|win|Andy611\n|raw|Ricardo Randorez's rating: 1250 → 1222<\/strong> (-28 for losing)\n|raw|Andy611's rating: 1214 → 1242<\/strong> (+28 for winning)\n|l|\u2606Andy611\n","uploadtime":1681943626,"views":5,"p1id":"ricardorandorez","p2id":"andy611","formatid":"gen9vgc2023regulationc","rating":1222,"private":0,"password":""}