{"id":"gen9vgc2023regulationc-1845011494","p1":"Miias","p2":"SlyAbby","format":"[Gen 9] VGC 2023 Regulation C","log":"|j|\u2606Miias\n|j|\u2606SlyAbby\n|t:|1681673839\n|gametype|doubles\n|player|p1|Miias|steven|1260\n|player|p2|SlyAbby|skyla|1332\n|teamsize|p1|6\n|teamsize|p2|6\n|gen|9\n|tier|[Gen 9] VGC 2023 Regulation C\n|rated|\n|rule|Species Clause: Limit one of each Pok\u00e9mon\n|rule|Item Clause: Limit one of each item\n|clearpoke\n|poke|p1|Tyranitar, L50, M|\n|poke|p1|Garganacl, L50, F|\n|poke|p1|Scizor, L50, M|\n|poke|p1|Great Tusk, L50|\n|poke|p1|Houndstone, L50, M|\n|poke|p1|Gastrodon-East, L50, F|\n|poke|p2|Baxcalibur, L50, F|\n|poke|p2|Corviknight, L50, M|\n|poke|p2|Rotom-Wash, L50|\n|poke|p2|Ting-Lu, L50|\n|poke|p2|Scizor, L50, M|\n|poke|p2|Amoonguss, L50, F|\n|teampreview|4\n|inactive|Battle timer is ON: inactive players will automatically lose when time's up. (requested by SlyAbby)\n|inactive|Miias also wants the timer to be on.\nSlyAbby has agreed to open team sheets.\n|inactive|Miias has 60 seconds left.\n|inactive|SlyAbby has 60 seconds left.\n|\n|t:|1681673870\n|start\n|switch|p1a: Scizor|Scizor, L50, M|100\/100\n|switch|p1b: Great Tusk|Great Tusk, L50|100\/100\n|switch|p2a: Corviknight|Corviknight, L50, M|100\/100\n|switch|p2b: Amoonguss|Amoonguss, L50, F|100\/100\n|turn|1\n|\n|t:|1681673888\n|-end|p1b: Great Tusk|Protosynthesis|[silent]\n|switch|p1b: Garganacl|Garganacl, L50, F|100\/100\n|switch|p2b: Rotom|Rotom-Wash, L50|100\/100\n|-terastallize|p1a: Scizor|Fire\n|move|p2a: Corviknight|Bulk Up|p2a: Corviknight\n|-boost|p2a: Corviknight|atk|1\n|-boost|p2a: Corviknight|def|1\n|move|p1a: Scizor|Tera Blast|p2b: Rotom\n|-resisted|p2b: Rotom\n|-damage|p2b: Rotom|63\/100\n|\n|upkeep\n|turn|2\n|\n|t:|1681673910\n|switch|p1b: Gastrodon|Gastrodon-East, L50, F|100\/100\n|move|p2b: Rotom|Hydro Pump|p1b: Gastrodon\n|-activate|p1b: Gastrodon|ability: Storm Drain\n|-ability|p1b: Gastrodon|Storm Drain|boost\n|-boost|p1b: Gastrodon|spa|1\n|move|p2a: Corviknight|Bulk Up|p2a: Corviknight\n|-boost|p2a: Corviknight|atk|1\n|-boost|p2a: Corviknight|def|1\n|move|p1a: Scizor|Tera Blast|p2a: Corviknight\n|-supereffective|p2a: Corviknight\n|-damage|p2a: Corviknight|45\/100\n|-enditem|p2a: Corviknight|Sitrus Berry|[eat]\n|-heal|p2a: Corviknight|70\/100|[from] item: Sitrus Berry\n|\n|upkeep\n|turn|3\n|inactive|SlyAbby has 30 seconds left.\n|\n|t:|1681673944\n|-terastallize|p2a: Corviknight|Fire\n|move|p2b: Rotom|Thunderbolt|p1a: Scizor\n|-damage|p1a: Scizor|49\/100\n|move|p2a: Corviknight|Brave Bird|p1b: Gastrodon\n|-damage|p1b: Gastrodon|15\/100\n|-enditem|p1b: Gastrodon|Wiki Berry|[eat]\n|-heal|p1b: Gastrodon|48\/100|[from] item: Wiki Berry\n|-damage|p2a: Corviknight|40\/100|[from] Recoil\n|move|p1a: Scizor|Tera Blast|p2a: Corviknight\n|-resisted|p2a: Corviknight\n|-damage|p2a: Corviknight|26\/100\n|move|p1b: Gastrodon|Icy Wind|p2b: Rotom|[spread] p2a,p2b\n|-resisted|p2a: Corviknight\n|-resisted|p2b: Rotom\n|-damage|p2a: Corviknight|20\/100\n|-damage|p2b: Rotom|56\/100\n|-ability|p2a: Corviknight|Mirror Armor\n|-unboost|p1b: Gastrodon|spe|1\n|-unboost|p2b: Rotom|spe|1\n|\n|upkeep\n|turn|4\n|inactive|Miias has 30 seconds left.\n|inactive|Miias has 20 seconds left.\n|\n|t:|1681673982\n|switch|p1a: Great Tusk|Great Tusk, L50|100\/100\n|move|p1b: Gastrodon|Protect|p1b: Gastrodon\n|-singleturn|p1b: Gastrodon|Protect\n|move|p2a: Corviknight|Roost|p2a: Corviknight\n|-heal|p2a: Corviknight|70\/100\n|move|p2b: Rotom|Thunderbolt|p1a: Great Tusk\n|-immune|p1a: Great Tusk\n|\n|upkeep\n|turn|5\n|\n|t:|1681674007\n|switch|p2a: Amoonguss|Amoonguss, L50, F|100\/100\n|switch|p1b: Garganacl|Garganacl, L50, F|100\/100\n|move|p1a: Great Tusk|Headlong Rush|p2a: Amoonguss\n|-damage|p2a: Amoonguss|42\/100\n|-unboost|p1a: Great Tusk|def|1\n|-unboost|p1a: Great Tusk|spd|1\n|move|p2b: Rotom|Will-O-Wisp|p1a: Great Tusk\n|-status|p1a: Great Tusk|brn\n|\n|-damage|p1a: Great Tusk|95\/100 brn|[from] brn\n|upkeep\n|turn|6\n|inactive|Miias has 30 seconds left.\n|\n|t:|1681674041\n|-end|p1a: Great Tusk|Protosynthesis|[silent]\n|switch|p1a: Gastrodon|Gastrodon-East, L50, F|48\/100\n|move|p2b: Rotom|Hydro Pump|p1a: Gastrodon\n|-activate|p1a: Gastrodon|ability: Storm Drain\n|-ability|p1a: Gastrodon|Storm Drain|boost\n|-boost|p1a: Gastrodon|spa|1\n|move|p1b: Garganacl|Salt Cure|p2a: Amoonguss\n|-damage|p2a: Amoonguss|29\/100\n|-start|p2a: Amoonguss|Salt Cure\n|move|p2a: Amoonguss|Pollen Puff|p2b: Rotom\n|-heal|p2b: Rotom|100\/100\n|\n|-damage|p2a: Amoonguss|16\/100|[from] Salt Cure\n|upkeep\n|-enditem|p2a: Amoonguss|Aguav Berry|[eat]\n|-heal|p2a: Amoonguss|50\/100|[from] item: Aguav Berry\n|turn|7\n|inactive|SlyAbby has 30 seconds left.\n|\n|t:|1681674067\n|switch|p2b: Ting-Lu|Ting-Lu, L50|100\/100\n|-ability|p2b: Ting-Lu|Vessel of Ruin\n|move|p1a: Gastrodon|Recover|p1a: Gastrodon\n|-heal|p1a: Gastrodon|98\/100\n|move|p1b: Garganacl|Salt Cure|p2b: Ting-Lu\n|-resisted|p2b: Ting-Lu\n|-damage|p2b: Ting-Lu|97\/100\n|-start|p2b: Ting-Lu|Salt Cure\n|move|p2a: Amoonguss|Spore|p1a: Gastrodon\n|-status|p1a: Gastrodon|slp|[from] move: Spore\n|\n|-damage|p2b: Ting-Lu|85\/100|[from] Salt Cure\n|-damage|p2a: Amoonguss|37\/100|[from] Salt Cure\n|upkeep\n|turn|8\n|\n|t:|1681674091\n|switch|p1b: Great Tusk|Great Tusk, L50|95\/100 brn\n|switch|p2a: Rotom|Rotom-Wash, L50|100\/100\n|move|p2b: Ting-Lu|Earthquake|p1b: Great Tusk|[spread] p1a,p1b\n|-immune|p2a: Rotom|[from] ability: Levitate\n|-damage|p1a: Gastrodon|52\/100 slp\n|-damage|p1b: Great Tusk|68\/100 brn\n|cant|p1a: Gastrodon|slp\n|\n|-damage|p1b: Great Tusk|62\/100 brn|[from] brn\n|-damage|p2b: Ting-Lu|73\/100|[from] Salt Cure\n|upkeep\n|turn|9\n|inactive|SlyAbby has 30 seconds left.\n|\n|t:|1681674123\n|move|p2a: Rotom|Protect|p2a: Rotom\n|-singleturn|p2a: Rotom|Protect\n|move|p1b: Great Tusk|Close Combat|p2b: Ting-Lu\n|-supereffective|p2b: Ting-Lu\n|-damage|p2b: Ting-Lu|32\/100\n|-unboost|p1b: Great Tusk|def|1\n|-unboost|p1b: Great Tusk|spd|1\n|move|p2b: Ting-Lu|Stomping Tantrum|p1a: Gastrodon\n|-damage|p1a: Gastrodon|8\/100 slp\n|cant|p1a: Gastrodon|slp\n|\n|-damage|p1b: Great Tusk|56\/100 brn|[from] brn\n|-damage|p2b: Ting-Lu|20\/100|[from] Salt Cure\n|upkeep\n|turn|10\n|inactive|SlyAbby has 30 seconds left.\n|\n|t:|1681674152\n|-curestatus|p1a: Gastrodon|slp|[msg]\n|move|p1a: Gastrodon|Protect|p1a: Gastrodon\n|-singleturn|p1a: Gastrodon|Protect\n|move|p1b: Great Tusk|Close Combat|p2b: Ting-Lu\n|-supereffective|p2b: Ting-Lu\n|-damage|p2b: Ting-Lu|0 fnt\n|-unboost|p1b: Great Tusk|def|1\n|-unboost|p1b: Great Tusk|spd|1\n|faint|p2b: Ting-Lu\n|move|p2a: Rotom|Will-O-Wisp|p1a: Gastrodon\n|-activate|p1a: Gastrodon|move: Protect\n|\n|-damage|p1b: Great Tusk|50\/100 brn|[from] brn\n|upkeep\n|\n|t:|1681674167\n|switch|p2b: Corviknight|Corviknight, L50, M, tera:Fire|70\/100\n|turn|11\n|\n|t:|1681674189\n|switch|p2a: Amoonguss|Amoonguss, L50, F|71\/100\n|switch|p1a: Garganacl|Garganacl, L50, F|100\/100\n|move|p1b: Great Tusk|Close Combat|p2b: Corviknight\n|-damage|p2b: Corviknight|46\/100\n|-unboost|p1b: Great Tusk|def|1\n|-unboost|p1b: Great Tusk|spd|1\n|move|p2b: Corviknight|Roost|p2b: Corviknight\n|-heal|p2b: Corviknight|96\/100\n|\n|-damage|p1b: Great Tusk|45\/100 brn|[from] brn\n|upkeep\n|turn|12\n|\n|t:|1681674213\n|move|p2a: Amoonguss|Rage Powder|p2a: Amoonguss\n|-singleturn|p2a: Amoonguss|move: Rage Powder\n|move|p1b: Great Tusk|Close Combat|p2a: Amoonguss\n|-resisted|p2a: Amoonguss\n|-damage|p2a: Amoonguss|55\/100\n|-unboost|p1b: Great Tusk|def|1\n|-unboost|p1b: Great Tusk|spd|1\n|move|p2b: Corviknight|Bulk Up|p2b: Corviknight\n|-boost|p2b: Corviknight|atk|1\n|-boost|p2b: Corviknight|def|1\n|move|p1a: Garganacl|Salt Cure|p2a: Amoonguss\n|-damage|p2a: Amoonguss|42\/100\n|-start|p2a: Amoonguss|Salt Cure\n|\n|-damage|p1b: Great Tusk|39\/100 brn|[from] brn\n|-damage|p2a: Amoonguss|30\/100|[from] Salt Cure\n|upkeep\n|turn|13\n|\n|t:|1681674229\n|move|p2a: Amoonguss|Rage Powder|p2a: Amoonguss\n|-singleturn|p2a: Amoonguss|move: Rage Powder\n|move|p1b: Great Tusk|Close Combat|p2a: Amoonguss\n|-resisted|p2a: Amoonguss\n|-damage|p2a: Amoonguss|15\/100\n|-unboost|p1b: Great Tusk|def|1\n|-unboost|p1b: Great Tusk|spd|1\n|move|p2b: Corviknight|Bulk Up|p2b: Corviknight\n|-boost|p2b: Corviknight|atk|1\n|-boost|p2b: Corviknight|def|1\n|move|p1a: Garganacl|Salt Cure|p2a: Amoonguss\n|-damage|p2a: Amoonguss|2\/100\n|\n|-damage|p1b: Great Tusk|33\/100 brn|[from] brn\n|-damage|p2a: Amoonguss|0 fnt|[from] Salt Cure\n|faint|p2a: Amoonguss\n|upkeep\n|\n|t:|1681674243\n|switch|p2a: Rotom|Rotom-Wash, L50|100\/100\n|turn|14\n|\n|t:|1681674250\n|move|p1b: Great Tusk|Close Combat|p2a: Rotom\n|-damage|p2a: Rotom|63\/100\n|-unboost|p1b: Great Tusk|def|1\n|-unboost|p1b: Great Tusk|spd|1\n|move|p2a: Rotom|Will-O-Wisp|p1a: Garganacl\n|-immune|p1a: Garganacl|[from] ability: Purifying Salt\n|move|p2b: Corviknight|Brave Bird|p1b: Great Tusk\n|-supereffective|p1b: Great Tusk\n|-damage|p1b: Great Tusk|0 fnt\n|faint|p1b: Great Tusk\n|-end|p1b: Great Tusk|Protosynthesis|[silent]\n|-damage|p2b: Corviknight|86\/100|[from] Recoil\n|move|p1a: Garganacl|Salt Cure|p2b: Corviknight\n|-supereffective|p2b: Corviknight\n|-damage|p2b: Corviknight|75\/100\n|-start|p2b: Corviknight|Salt Cure\n|\n|-damage|p2b: Corviknight|62\/100|[from] Salt Cure\n|upkeep\n|\n|t:|1681674269\n|switch|p1b: Gastrodon|Gastrodon-East, L50, F|8\/100\n|turn|15\n|\n|t:|1681674276\n|move|p1b: Gastrodon|Protect|p1b: Gastrodon\n|-singleturn|p1b: Gastrodon|Protect\n|move|p2a: Rotom|Will-O-Wisp|p1b: Gastrodon\n|-activate|p1b: Gastrodon|move: Protect\n|move|p2b: Corviknight|Body Press|p1a: Garganacl\n|-supereffective|p1a: Garganacl\n|-damage|p1a: Garganacl|48\/100\n|-damage|p2b: Corviknight|46\/100|[from] item: Rocky Helmet|[of] p1a: Garganacl\n|move|p1a: Garganacl|Salt Cure|p2a: Rotom\n|-damage|p2a: Rotom|48\/100\n|-start|p2a: Rotom|Salt Cure\n|\n|-damage|p2a: Rotom|23\/100|[from] Salt Cure\n|-damage|p2b: Corviknight|33\/100|[from] Salt Cure\n|upkeep\n|turn|16\n|\n|t:|1681674295\n|move|p1a: Garganacl|Protect|p1a: Garganacl\n|-singleturn|p1a: Garganacl|Protect\n|move|p2a: Rotom|Will-O-Wisp|p1b: Gastrodon\n|-status|p1b: Gastrodon|brn\n|move|p2b: Corviknight|Roost|p2b: Corviknight\n|-heal|p2b: Corviknight|83\/100\n|move|p1b: Gastrodon|Muddy Water|p2b: Corviknight|[spread] p2a,p2b\n|-resisted|p2a: Rotom\n|-supereffective|p2b: Corviknight\n|-damage|p2a: Rotom|11\/100\n|-damage|p2b: Corviknight|48\/100\n|-unboost|p2a: Rotom|accuracy|1\n|\n|-damage|p1b: Gastrodon|2\/100 brn|[from] brn\n|-damage|p2a: Rotom|0 fnt|[from] Salt Cure\n|faint|p2a: Rotom\n|-damage|p2b: Corviknight|36\/100|[from] Salt Cure\n|upkeep\n|turn|17\n|\n|t:|1681674319\n|move|p2b: Corviknight|Roost|p2b: Corviknight\n|-heal|p2b: Corviknight|86\/100\n|move|p1b: Gastrodon|Muddy Water|p2b: Corviknight\n|-supereffective|p2b: Corviknight\n|-damage|p2b: Corviknight|33\/100\n|move|p1a: Garganacl|Salt Cure|p2b: Corviknight\n|-supereffective|p2b: Corviknight\n|-damage|p2b: Corviknight|21\/100\n|\n|-damage|p1b: Gastrodon|0 fnt|[from] brn\n|faint|p1b: Gastrodon\n|-damage|p2b: Corviknight|9\/100|[from] Salt Cure\n|upkeep\n|\n|t:|1681674330\n|switch|p1b: Scizor|Scizor, L50, M, tera:Fire|49\/100\n|turn|18\n|\n|t:|1681674354\n|move|p1b: Scizor|Bullet Punch|p2b: Corviknight\n|-resisted|p2b: Corviknight\n|-damage|p2b: Corviknight|0 fnt\n|faint|p2b: Corviknight\n|\n|win|Miias\n|raw|Miias's rating: 1260 → 1290<\/strong> (+30 for winning)\n|raw|SlyAbby's rating: 1332 → 1308<\/strong> (-24 for losing)\n","uploadtime":1681674360,"views":6,"p1id":"miias","p2id":"slyabby","formatid":"gen9vgc2023regulationc","rating":1290,"private":0,"password":""}