{"id":"gen9vgc2023regulationc-1846614026","p1":"jhimbo2100","p2":"Pasodoble","format":"[Gen 9] VGC 2023 Regulation C","log":"|j|\u2606jhimbo2100\n|j|\u2606Pasodoble\n|t:|1681857399\n|gametype|doubles\n|player|p1|jhimbo2100|102|1529\n|player|p2|Pasodoble|102|1583\n|teamsize|p1|6\n|teamsize|p2|6\n|gen|9\n|tier|[Gen 9] VGC 2023 Regulation C\n|rated|\n|rule|Species Clause: Limit one of each Pok\u00e9mon\n|rule|Item Clause: Limit one of each item\n|clearpoke\n|poke|p1|Annihilape, L50, F|\n|poke|p1|Maushold-Four, L50|\n|poke|p1|Kingambit, L50, F|\n|poke|p1|Ting-Lu, L50|\n|poke|p1|Flutter Mane, L50|\n|poke|p1|Tauros-Paldea-Blaze, L50, M|\n|poke|p2|Scream Tail, L50|\n|poke|p2|Toxapex, L50, M|\n|poke|p2|Dondozo, L50, M|\n|poke|p2|Tatsugiri, L50, F|\n|poke|p2|Flutter Mane, L50|\n|poke|p2|Iron Hands, L50|\n|teampreview|4\njhimbo2100 has agreed to open team sheets.\nPasodoble has agreed to open team sheets.\n|\n|t:|1681857451\n|start\n|switch|p1a: Tauros|Tauros-Paldea-Blaze, L50, M|100\/100\n|switch|p1b: Flutter Mane|Flutter Mane, L50|100\/100\n|switch|p2a: Flutter Mane|Flutter Mane, L50|100\/100\n|switch|p2b: Iron Hands|Iron Hands, L50|100\/100\n|-ability|p1a: Tauros|Intimidate|boost\n|-unboost|p2a: Flutter Mane|atk|1\n|-unboost|p2b: Iron Hands|atk|1\n|turn|1\n|\n|t:|1681857485\n|-end|p2a: Flutter Mane|Protosynthesis|[silent]\n|switch|p2a: Dondozo|Dondozo, L50, M|100\/100\n|-terastallize|p2b: Iron Hands|Fire\n|move|p1b: Flutter Mane|Protect|p1b: Flutter Mane\n|-singleturn|p1b: Flutter Mane|Protect\n|move|p1a: Tauros|Will-O-Wisp|p2b: Iron Hands|[miss]\n|-miss|p1a: Tauros|p2b: Iron Hands\n|move|p2b: Iron Hands|Swords Dance|p2b: Iron Hands\n|-boost|p2b: Iron Hands|atk|2\n|\n|upkeep\n|turn|2\n|\n|t:|1681857508\n|switch|p1a: Maushold|Maushold-Four, L50|100\/100\n|move|p1b: Flutter Mane|Perish Song|p1b: Flutter Mane\n|-start|p1a: Maushold|perish3|[silent]\n|-start|p1b: Flutter Mane|perish3|[silent]\n|-start|p2a: Dondozo|perish3|[silent]\n|-start|p2b: Iron Hands|perish3|[silent]\n|-fieldactivate|move: Perish Song\n|move|p2a: Dondozo|Wave Crash|p1b: Flutter Mane\n|-damage|p1b: Flutter Mane|54\/100\n|-damage|p2a: Dondozo|89\/100|[from] Recoil\n|move|p2b: Iron Hands|Wild Charge|p1b: Flutter Mane\n|-damage|p1b: Flutter Mane|0 fnt\n|faint|p1b: Flutter Mane\n|-end|p1b: Flutter Mane|Protosynthesis|[silent]\n|-damage|p2b: Iron Hands|92\/100|[from] Recoil\n|\n|-start|p1a: Maushold|perish3\n|-start|p2a: Dondozo|perish3\n|-start|p2b: Iron Hands|perish3\n|upkeep\n|\n|t:|1681857520\n|switch|p1b: Annihilape|Annihilape, L50, F|100\/100\n|turn|3\n|\n|t:|1681857539\n|switch|p1a: Tauros|Tauros-Paldea-Blaze, L50, M|100\/100\n|-ability|p1a: Tauros|Intimidate|boost\n|-unboost|p2a: Dondozo|atk|1\n|-unboost|p2b: Iron Hands|atk|1\n|switch|p2a: Flutter Mane|Flutter Mane, L50|100\/100\n|move|p1b: Annihilape|Bulk Up|p1b: Annihilape\n|-boost|p1b: Annihilape|atk|1\n|-boost|p1b: Annihilape|def|1\n|move|p2b: Iron Hands|Wild Charge|p1b: Annihilape\n|-damage|p1b: Annihilape|69\/100\n|-damage|p2b: Iron Hands|85\/100|[from] Recoil\n|\n|-heal|p1b: Annihilape|75\/100|[from] item: Leftovers\n|-start|p2b: Iron Hands|perish2\n|upkeep\n|turn|4\n|\n|t:|1681857579\n|-end|p2a: Flutter Mane|Protosynthesis|[silent]\n|switch|p2a: Tatsugiri|Tatsugiri, L50, F|100\/100\n|-end|p2b: Iron Hands|Quark Drive|[silent]\n|switch|p2b: Dondozo|Dondozo, L50, M|89\/100\n|-activate|p2a: Tatsugiri|ability: Commander|[of] p2b: Dondozo\n|-boost|p2b: Dondozo|atk|2\n|-boost|p2b: Dondozo|spa|2\n|-boost|p2b: Dondozo|spe|2\n|-boost|p2b: Dondozo|def|2\n|-boost|p2b: Dondozo|spd|2\n|-terastallize|p1b: Annihilape|Poison\n|move|p1a: Tauros|Flare Blitz|p2a: Tatsugiri|[miss]\n|-miss|p1a: Tauros|p2a: Tatsugiri\n|move|p1b: Annihilape|Bulk Up|p1b: Annihilape\n|-boost|p1b: Annihilape|atk|1\n|-boost|p1b: Annihilape|def|1\n|\n|-heal|p1b: Annihilape|81\/100|[from] item: Leftovers\n|upkeep\n|turn|5\n|\n|t:|1681857603\n|switch|p1a: Maushold|Maushold-Four, L50|100\/100\n|move|p1b: Annihilape|Protect|p1b: Annihilape\n|-singleturn|p1b: Annihilape|Protect\n|move|p2b: Dondozo|Wave Crash|p1a: Maushold\n|-damage|p1a: Maushold|0 fnt\n|faint|p1a: Maushold\n|-damage|p2b: Dondozo|63\/100|[from] Recoil\n|\n|-heal|p1b: Annihilape|87\/100|[from] item: Leftovers\n|upkeep\n|\n|t:|1681857607\n|switch|p1a: Tauros|Tauros-Paldea-Blaze, L50, M|100\/100\n|-ability|p1a: Tauros|Intimidate|boost\n|-unboost|p2a: Tatsugiri|atk|1\n|-unboost|p2b: Dondozo|atk|1\n|turn|6\n|\n|t:|1681857622\n|move|p1a: Tauros|Will-O-Wisp|p2b: Dondozo\n|-status|p2b: Dondozo|brn\n|move|p2b: Dondozo|Wave Crash|p1a: Tauros\n|-supereffective|p1a: Tauros\n|-damage|p1a: Tauros|0 fnt\n|faint|p1a: Tauros\n|-damage|p2b: Dondozo|41\/100 brn|[from] Recoil\n|move|p1b: Annihilape|Rage Fist|p2b: Dondozo\n|-damage|p2b: Dondozo|26\/100 brn\n|\n|-heal|p1b: Annihilape|93\/100|[from] item: Leftovers\n|-damage|p2b: Dondozo|20\/100 brn|[from] brn\n|upkeep\n|turn|7\n|\n|t:|1681857634\n|move|p2b: Dondozo|Rest|p2b: Dondozo\n|-status|p2b: Dondozo|slp|[from] move: Rest\n|-heal|p2b: Dondozo|100\/100 slp|[silent]\n|-enditem|p2b: Dondozo|Chesto Berry|[eat]\n|-curestatus|p2b: Dondozo|slp|[msg]\n|move|p1b: Annihilape|Rage Fist|p2b: Dondozo\n|-damage|p2b: Dondozo|84\/100\n|\n|-heal|p1b: Annihilape|99\/100|[from] item: Leftovers\n|upkeep\n|turn|8\n|j| RedCharonKnight\n|\n|t:|1681857645\n|move|p2b: Dondozo|Wave Crash|p1b: Annihilape\n|-damage|p1b: Annihilape|14\/100\n|-damage|p2b: Dondozo|58\/100|[from] Recoil\n|move|p1b: Annihilape|Rage Fist|p2b: Dondozo\n|-damage|p2b: Dondozo|37\/100\n|\n|-heal|p1b: Annihilape|20\/100|[from] item: Leftovers\n|upkeep\n|turn|9\n|\n|t:|1681857649\n|move|p2b: Dondozo|Wave Crash|p1b: Annihilape\n|-damage|p1b: Annihilape|0 fnt\n|faint|p1b: Annihilape\n|-damage|p2b: Dondozo|31\/100|[from] Recoil\n|\n|win|Pasodoble\n|raw|jhimbo2100's rating: 1529 → 1512<\/strong> (-17 for losing)\n|raw|Pasodoble's rating: 1583 → 1600<\/strong> (+17 for winning)\n|l|\u2606jhimbo2100\n","uploadtime":1681857655,"views":18,"p1id":"jhimbo2100","p2id":"pasodoble","formatid":"gen9vgc2023regulationc","rating":1512,"private":0,"password":""}