{"id":"gen9vgc2023regulationc-1846964661","p1":"the mudkip warrior","p2":"Prompto88","format":"[Gen 9] VGC 2023 Regulation C","log":"|j|\u2606the mudkip warrior\n|j|\u2606Prompto88\n|t:|1681906818\n|gametype|doubles\n|player|p1|the mudkip warrior|acetrainer-gen4dp|1170\n|player|p2|Prompto88|102|1176\n|teamsize|p1|6\n|teamsize|p2|6\n|gen|9\n|tier|[Gen 9] VGC 2023 Regulation C\n|rated|\n|rule|Species Clause: Limit one of each Pok\u00e9mon\n|rule|Item Clause: Limit one of each item\n|clearpoke\n|poke|p1|Grimmsnarl, L50, M|\n|poke|p1|Palafin, L50, M|\n|poke|p1|Flutter Mane, L50|\n|poke|p1|Arcanine, L50, F|\n|poke|p1|Dragonite, L50, F|\n|poke|p1|Chien-Pao, L50|\n|poke|p2|Glimmora, L50, M|\n|poke|p2|Arcanine, L50, M|\n|poke|p2|Garganacl, L50, F|\n|poke|p2|Maushold, L50|\n|poke|p2|Ting-Lu, L50|\n|poke|p2|Wo-Chien, L50|\n|teampreview|4\n|inactive|Battle timer is ON: inactive players will automatically lose when time's up. (requested by Prompto88)\n|c|\u2606the mudkip warrior|gl\n|inactive|Prompto88 has 60 seconds left.\n|\n|t:|1681906856\n|start\n|switch|p1a: Gremlin|Grimmsnarl, L50, M|100\/100\n|switch|p1b: Captain Coral|Palafin, L50, M|100\/100\n|switch|p2a: Glimmora|Glimmora, L50, M|100\/100\n|switch|p2b: Arcanine|Arcanine, L50, M|100\/100\n|-ability|p2b: Arcanine|Intimidate|boost\n|-unboost|p1a: Gremlin|atk|1\n|-unboost|p1b: Captain Coral|atk|1\n|turn|1\n|\n|t:|1681906872\n|move|p1b: Captain Coral|Protect|p1b: Captain Coral\n|-singleturn|p1b: Captain Coral|Protect\n|move|p2b: Arcanine|Extreme Speed|p2a: Glimmora\n|-resisted|p2a: Glimmora\n|-damage|p2a: Glimmora|92\/100\n|-damage|p2b: Arcanine|84\/100|[from] item: Rocky Helmet|[of] p2a: Glimmora\n|-activate|p2a: Glimmora|ability: Toxic Debris\n|-sidestart|p1: the mudkip warrior|move: Toxic Spikes\n|move|p1a: Gremlin|Misty Terrain|p1a: Gremlin\n|-fieldstart|move: Misty Terrain\n|move|p2a: Glimmora|Mortal Spin|p1b: Captain Coral|[spread] p1a\n|-activate|p1b: Captain Coral|move: Protect\n|-supereffective|p1a: Gremlin\n|-damage|p1a: Gremlin|91\/100\n|\n|upkeep\n|turn|2\n|\n|t:|1681906895\n|detailschange|p1b: Captain Coral|Palafin-Hero, L50, M\n|switch|p1b: Twilight|Flutter Mane, L50|100\/100\n|move|p1a: Gremlin|Light Screen|p1a: Gremlin\n|-sidestart|p1: the mudkip warrior|move: Light Screen\n|move|p2b: Arcanine|Will-O-Wisp|p1b: Twilight\n|-activate|p1b: Twilight|move: Misty Terrain\n|move|p2a: Glimmora|Venoshock|p1a: Gremlin\n|-supereffective|p1a: Gremlin\n|-damage|p1a: Gremlin|56\/100\n|\n|upkeep\n|turn|3\n|\n|t:|1681906915\n|move|p1a: Gremlin|Reflect|p1a: Gremlin\n|-sidestart|p1: the mudkip warrior|Reflect\n|move|p1b: Twilight|Shadow Ball|p2a: Glimmora\n|-damage|p2a: Glimmora|41\/100\n|-damage|p1b: Twilight|90\/100|[from] item: Life Orb\n|move|p2b: Arcanine|Flare Blitz|p1b: Twilight\n|-damage|p1b: Twilight|20\/100\n|-damage|p2b: Arcanine|69\/100|[from] Recoil\n|move|p2a: Glimmora|Venoshock|p1b: Twilight\n|-damage|p1b: Twilight|0 fnt\n|faint|p1b: Twilight\n|-end|p1b: Twilight|Protosynthesis|[silent]\n|\n|upkeep\n|\n|t:|1681906928\n|switch|p1b: Captain Coral|Palafin-Hero, L50, M|100\/100\n|-activate|p1b: Captain Coral|ability: Zero to Hero\n|turn|4\n|\n|t:|1681906943\n|switch|p1a: Dolce|Dragonite, L50, F|100\/100\n|-terastallize|p2b: Arcanine|Water\n|move|p2a: Glimmora|Spiky Shield|p2a: Glimmora\n|-singleturn|p2a: Glimmora|move: Protect\n|move|p1b: Captain Coral|Jet Punch|p2a: Glimmora\n|-activate|p2a: Glimmora|move: Protect\n|-damage|p1b: Captain Coral|88\/100|[from] Spiky Shield|[of] p2a: Glimmora\n|move|p2b: Arcanine|Flare Blitz|p1a: Dolce\n|-resisted|p1a: Dolce\n|-damage|p1a: Dolce|93\/100\n|-damage|p2b: Arcanine|66\/100|[from] Recoil\n|\n|upkeep\n|turn|5\n|\n|t:|1681906961\n|move|p1b: Captain Coral|Jet Punch|p2a: Glimmora\n|-supereffective|p2a: Glimmora\n|-damage|p2a: Glimmora|0 fnt\n|-damage|p1b: Captain Coral|72\/100|[from] item: Rocky Helmet|[of] p2a: Glimmora\n|-activate|p2a: Glimmora|ability: Toxic Debris\n|-sidestart|p1: the mudkip warrior|move: Toxic Spikes\n|faint|p2a: Glimmora\n|move|p2b: Arcanine|Will-O-Wisp|p1a: Dolce\n|-status|p1a: Dolce|brn\n|-enditem|p1a: Dolce|Lum Berry|[eat]\n|-curestatus|p1a: Dolce|brn|[msg]\n|move|p1a: Dolce|Dragon Dance|p1a: Dolce\n|-boost|p1a: Dolce|atk|1\n|-boost|p1a: Dolce|spe|1\n|\n|-fieldend|Misty Terrain\n|upkeep\n|\n|t:|1681906976\n|switch|p2a: Wo-Chien|Wo-Chien, L50|100\/100\n|-ability|p2a: Wo-Chien|Tablets of Ruin\n|turn|6\n|inactive|the mudkip warrior has 30 seconds left.\n|\n|t:|1681907003\n|switch|p2b: Maushold|Maushold, L50|100\/100\n|-terastallize|p1b: Captain Coral|Water\n|move|p1a: Dolce|Fire Punch|p2a: Wo-Chien\n|-supereffective|p2a: Wo-Chien\n|-damage|p2a: Wo-Chien|60\/100\n|move|p1b: Captain Coral|Wave Crash|p2a: Wo-Chien\n|-resisted|p2a: Wo-Chien\n|-damage|p2a: Wo-Chien|32\/100\n|-damage|p1b: Captain Coral|63\/100|[from] Recoil\n|move|p2a: Wo-Chien|Leech Seed|p1a: Dolce\n|-start|p1a: Dolce|move: Leech Seed\n|\n|-damage|p1a: Dolce|80\/100|[from] Leech Seed|[of] p2a: Wo-Chien\n|-heal|p2a: Wo-Chien|48\/100|[silent]\n|upkeep\n|turn|7\n|\n|t:|1681907023\n|move|p2b: Maushold|Follow Me|p2b: Maushold\n|-singleturn|p2b: Maushold|move: Follow Me\n|move|p1a: Dolce|Fire Punch|p2b: Maushold\n|-damage|p2b: Maushold|69\/100\n|move|p1b: Captain Coral|Wave Crash|p2b: Maushold\n|-damage|p2b: Maushold|0 fnt\n|faint|p2b: Maushold\n|-damage|p1b: Captain Coral|43\/100|[from] Recoil\n|move|p2a: Wo-Chien|Leech Seed|p1b: Captain Coral\n|-start|p1b: Captain Coral|move: Leech Seed\n|\n|-damage|p1a: Dolce|68\/100|[from] Leech Seed|[of] p2a: Wo-Chien\n|-heal|p2a: Wo-Chien|64\/100|[silent]\n|-damage|p1b: Captain Coral|31\/100|[from] Leech Seed|[of] p2a: Wo-Chien\n|-heal|p2a: Wo-Chien|81\/100|[silent]\n|upkeep\n|\n|t:|1681907036\n|switch|p2b: Arcanine|Arcanine, L50, M, tera:Water|66\/100\n|-ability|p2b: Arcanine|Intimidate|boost\n|-unboost|p1a: Dolce|atk|1\n|-unboost|p1b: Captain Coral|atk|1\n|turn|8\n|\n|t:|1681907048\n|switch|p1b: Gremlin|Grimmsnarl, L50, M|56\/100\n|-status|p1b: Gremlin|tox\n|move|p1a: Dolce|Stomping Tantrum|p2b: Arcanine\n|-damage|p2b: Arcanine|46\/100\n|-enditem|p2b: Arcanine|Sitrus Berry|[eat]\n|-heal|p2b: Arcanine|70\/100|[from] item: Sitrus Berry\n|move|p2b: Arcanine|Will-O-Wisp|p1a: Dolce\n|-status|p1a: Dolce|brn\n|move|p2a: Wo-Chien|Substitute|p2a: Wo-Chien\n|-start|p2a: Wo-Chien|Substitute\n|-damage|p2a: Wo-Chien|56\/100\n|\n|-damage|p1a: Dolce|56\/100 brn|[from] Leech Seed|[of] p2a: Wo-Chien\n|-heal|p2a: Wo-Chien|72\/100|[silent]\n|-damage|p1b: Gremlin|50\/100 tox|[from] psn\n|-damage|p1a: Dolce|49\/100 brn|[from] brn\n|upkeep\n|turn|9\n|inactive|the mudkip warrior has 30 seconds left.\n|\n|t:|1681907080\n|move|p1a: Dolce|Extreme Speed|p2b: Arcanine\n|-damage|p2b: Arcanine|60\/100\n|move|p2b: Arcanine|Flare Blitz|p1a: Dolce\n|-resisted|p1a: Dolce\n|-damage|p1a: Dolce|37\/100 brn\n|-damage|p2b: Arcanine|56\/100|[from] Recoil\n|move|p2a: Wo-Chien|Leech Seed|p1b: Gremlin\n|-start|p1b: Gremlin|move: Leech Seed\n|move|p1b: Gremlin|Spirit Break|p2b: Arcanine\n|-damage|p2b: Arcanine|33\/100\n|-unboost|p2b: Arcanine|spa|1\n|\n|-damage|p1a: Dolce|24\/100 brn|[from] Leech Seed|[of] p2a: Wo-Chien\n|-heal|p2a: Wo-Chien|88\/100|[silent]\n|-damage|p1b: Gremlin|38\/100 tox|[from] Leech Seed|[of] p2a: Wo-Chien\n|-heal|p2a: Wo-Chien|100\/100|[silent]\n|-damage|p1b: Gremlin|26\/100 tox|[from] psn\n|-damage|p1a: Dolce|18\/100 brn|[from] brn\n|-sideend|p1: the mudkip warrior|move: Light Screen\n|upkeep\n|turn|10\n|\n|t:|1681907101\n|move|p2b: Arcanine|Protect|p2b: Arcanine\n|-singleturn|p2b: Arcanine|Protect\n|move|p2a: Wo-Chien|Protect|p2a: Wo-Chien\n|-singleturn|p2a: Wo-Chien|Protect\n|move|p1a: Dolce|Extreme Speed|p2b: Arcanine\n|-activate|p2b: Arcanine|move: Protect\n|move|p1b: Gremlin|Spirit Break|p2b: Arcanine\n|-activate|p2b: Arcanine|move: Protect\n|\n|-damage|p1a: Dolce|6\/100 brn|[from] Leech Seed|[of] p2a: Wo-Chien\n|-damage|p1b: Gremlin|14\/100 tox|[from] Leech Seed|[of] p2a: Wo-Chien\n|-damage|p1b: Gremlin|0 fnt|[from] psn\n|faint|p1b: Gremlin\n|-damage|p1a: Dolce|0 fnt|[from] brn\n|faint|p1a: Dolce\n|-sideend|p1: the mudkip warrior|Reflect\n|upkeep\n|\n|t:|1681907117\n|switch|p1b: Captain Coral|Palafin-Hero, L50, M, tera:Water|31\/100\n|-status|p1b: Captain Coral|tox\n|turn|11\n|\n|t:|1681907124\n|move|p2b: Arcanine|Extreme Speed|p1b: Captain Coral\n|-damage|p1b: Captain Coral|17\/100 tox\n|move|p1b: Captain Coral|Wave Crash|p2b: Arcanine\n|-resisted|p2b: Arcanine\n|-damage|p2b: Arcanine|0 fnt\n|faint|p2b: Arcanine\n|-damage|p1b: Captain Coral|7\/100 tox|[from] Recoil\n|move|p2a: Wo-Chien|Leech Seed|p1b: Captain Coral\n|-start|p1b: Captain Coral|move: Leech Seed\n|\n|-damage|p1b: Captain Coral|0 fnt|[from] Leech Seed|[of] p2a: Wo-Chien\n|faint|p1b: Captain Coral\n|\n|win|Prompto88\n|upkeep\n|raw|the mudkip warrior's rating: 1170 → 1145<\/strong> (-25 for losing)\n|raw|Prompto88's rating: 1176 → 1201<\/strong> (+25 for winning)\n|c|\u2606the mudkip warrior|gg\n|l|\u2606the mudkip warrior\n","uploadtime":1681907146,"views":6,"p1id":"themudkipwarrior","p2id":"prompto88","formatid":"gen9vgc2023regulationc","rating":1145,"private":0,"password":""}