{"id":"gen9vgc2023regulationc-1853034165","p1":"jdarcan","p2":"Gholdjunge","format":"[Gen 9] VGC 2023 Regulation C","log":"|j|\u2606jdarcan\n|j|\u203dGholdjunge\n|t:|1682627785\n|gametype|doubles\n|player|p1|jdarcan|camper|1473\n|player|p2|Gholdjunge|youngster-gen2|1483\n|teamsize|p1|6\n|teamsize|p2|6\n|gen|9\n|tier|[Gen 9] VGC 2023 Regulation C\n|rated|\n|rule|Species Clause: Limit one of each Pok\u00e9mon\n|rule|Item Clause: Limit one of each item\n|clearpoke\n|poke|p1|Murkrow, L50, M|\n|poke|p1|Great Tusk, L50|\n|poke|p1|Flutter Mane, L50|\n|poke|p1|Chi-Yu, L50|\n|poke|p1|Orthworm, L50, M|\n|poke|p1|Dragonite, L50, M|\n|poke|p2|Azumarill, L50, M|\n|poke|p2|Pelipper, L50, F|\n|poke|p2|Chien-Pao, L50|\n|poke|p2|Amoonguss, L50, M|\n|poke|p2|Iron Hands, L50|\n|poke|p2|Flutter Mane, L50|\n|teampreview|4\n|inactive|Battle timer is ON: inactive players will automatically lose when time's up. (requested by Gholdjunge)\njdarcan has agreed to open team sheets.\n|inactive|jdarcan has 60 seconds left.\n|\n|t:|1682627866\n|start\n|switch|p1a: Flutter Mane|Flutter Mane, L50|100\/100\n|switch|p1b: Chi-Yu|Chi-Yu, L50|100\/100\n|switch|p2a: Flutter Mane|Flutter Mane, L50|100\/100\n|switch|p2b: Pelipper|Pelipper, L50, F|100\/100\n|-ability|p1b: Chi-Yu|Beads of Ruin\n|-weather|RainDance|[from] ability: Drizzle|[of] p2b: Pelipper\n|turn|1\n|inactive|Gholdjunge has 30 seconds left.\n|inactive|Gholdjunge has 20 seconds left.\n|inactive|Gholdjunge has 15 seconds left.\n|inactive|jdarcan has 30 seconds left.\n|inactive|Gholdjunge has 10 seconds left.\n|\n|t:|1682627913\n|-terastallize|p2a: Flutter Mane|Electric\n|-terastallize|p1a: Flutter Mane|Fairy\n|move|p2a: Flutter Mane|Dazzling Gleam|p1a: Flutter Mane|[spread] p1a,p1b\n|-damage|p1a: Flutter Mane|51\/100\n|-damage|p1b: Chi-Yu|55\/100\n|move|p1a: Flutter Mane|Shadow Ball|p2a: Flutter Mane\n|-damage|p2a: Flutter Mane|10\/100\n|move|p1b: Chi-Yu|Dark Pulse|p2a: Flutter Mane\n|-damage|p2a: Flutter Mane|0 fnt\n|faint|p2a: Flutter Mane\n|-end|p2a: Flutter Mane|Protosynthesis|[silent]\n|-damage|p1b: Chi-Yu|46\/100|[from] item: Life Orb\n|move|p2b: Pelipper|Tailwind|p2b: Pelipper\n|-sidestart|p2: Gholdjunge|move: Tailwind\n|\n|-weather|RainDance|[upkeep]\n|upkeep\n|\n|t:|1682627930\n|switch|p2a: Azumarill|Azumarill, L50, M|100\/100\n|turn|2\n|inactive|Gholdjunge has 30 seconds left.\n|inactive|Gholdjunge has 20 seconds left.\n|inactive|jdarcan has 30 seconds left.\n|inactive|Gholdjunge has 15 seconds left.\n|inactive|jdarcan has 20 seconds left.\n|inactive|jdarcan has 15 seconds left.\n|\n|t:|1682627988\n|move|p2b: Pelipper|Hurricane|p1b: Chi-Yu\n|-damage|p1b: Chi-Yu|9\/100\n|move|p2a: Azumarill|Liquidation|p1a: Flutter Mane\n|-damage|p1a: Flutter Mane|0 fnt\n|faint|p1a: Flutter Mane\n|-end|p1a: Flutter Mane|Protosynthesis|[silent]\n|move|p1b: Chi-Yu|Dark Pulse|p2b: Pelipper\n|-damage|p2b: Pelipper|35\/100\n|-enditem|p2b: Pelipper|Sitrus Berry|[eat]\n|-heal|p2b: Pelipper|60\/100|[from] item: Sitrus Berry\n|-damage|p1b: Chi-Yu|0 fnt|[from] item: Life Orb\n|faint|p1b: Chi-Yu\n|\n|-weather|RainDance|[upkeep]\n|upkeep\n|\n|t:|1682627996\n|switch|p1a: Murkrow|Murkrow, L50, M|100\/100\n|switch|p1b: Great Tusk|Great Tusk, L50|100\/100\n|turn|3\n|inactive|Gholdjunge has 30 seconds left.\n|\n|t:|1682628022\n|move|p1b: Great Tusk|Protect|p1b: Great Tusk\n|-singleturn|p1b: Great Tusk|Protect\n|move|p2a: Azumarill|Aqua Jet|p1b: Great Tusk\n|-activate|p1b: Great Tusk|move: Protect\n|move|p1a: Murkrow|Sunny Day|p1a: Murkrow\n|-weather|SunnyDay\n|-activate|p1b: Great Tusk|ability: Protosynthesis\n|-start|p1b: Great Tusk|protosynthesisatk\n|move|p2b: Pelipper|Hurricane|p1b: Great Tusk\n|-activate|p1b: Great Tusk|move: Protect\n|\n|-weather|SunnyDay|[upkeep]\n|upkeep\n|turn|4\n|inactive|jdarcan has 30 seconds left.\n|inactive|Gholdjunge has 30 seconds left.\n|inactive|Gholdjunge has 20 seconds left.\n|\n|t:|1682628059\n|switch|p2b: Chien-Pao|Chien-Pao, L50|100\/100\n|-ability|p2b: Chien-Pao|Sword of Ruin\n|move|p2a: Azumarill|Protect|p2a: Azumarill\n|-singleturn|p2a: Azumarill|Protect\n|move|p1a: Murkrow|Tailwind|p1a: Murkrow\n|-sidestart|p1: jdarcan|move: Tailwind\n|move|p1b: Great Tusk|Headlong Rush|p2a: Azumarill\n|-activate|p2a: Azumarill|move: Protect\n|\n|-weather|SunnyDay|[upkeep]\n|-sideend|p2: Gholdjunge|move: Tailwind\n|upkeep\n|turn|5\n|\n|t:|1682628083\n|switch|p2b: Pelipper|Pelipper, L50, F|60\/100\n|-weather|RainDance|[from] ability: Drizzle|[of] p2b: Pelipper\n|-end|p1b: Great Tusk|Protosynthesis\n|move|p1b: Great Tusk|Earthquake|p2b: Pelipper|[spread] p2a\n|-immune|p1a: Murkrow\n|-immune|p2b: Pelipper\n|-damage|p2a: Azumarill|37\/100\n|move|p1a: Murkrow|Foul Play|p2b: Pelipper\n|-damage|p2b: Pelipper|43\/100\n|move|p2a: Azumarill|Play Rough|p1a: Murkrow\n|-supereffective|p1a: Murkrow\n|-damage|p1a: Murkrow|0 fnt\n|faint|p1a: Murkrow\n|\n|-weather|RainDance|[upkeep]\n|upkeep\n|turn|6\n|inactive|jdarcan has 30 seconds left.\n|inactive|jdarcan has 20 seconds left.\n|\n|t:|1682628118\n|move|p2b: Pelipper|Helping Hand|p2a: Azumarill\n|-singleturn|p2a: Azumarill|Helping Hand|[of] p2b: Pelipper\n|move|p2a: Azumarill|Aqua Jet|p1b: Great Tusk\n|-supereffective|p1b: Great Tusk\n|-damage|p1b: Great Tusk|9\/100\n|move|p1b: Great Tusk|Close Combat|p2b: Pelipper\n|-resisted|p2b: Pelipper\n|-damage|p2b: Pelipper|7\/100\n|-unboost|p1b: Great Tusk|def|1\n|-unboost|p1b: Great Tusk|spd|1\n|\n|-weather|RainDance|[upkeep]\n|upkeep\n|turn|7\n|-message|jdarcan forfeited.\n|\n|win|Gholdjunge\n|raw|jdarcan's rating: 1473 → 1454<\/strong> (-19 for losing)\n|raw|Gholdjunge's rating: 1483 → 1502<\/strong> (+19 for winning)\n|l|\u2606jdarcan\n","uploadtime":1682628163,"views":13,"p1id":"jdarcan","p2id":"gholdjunge","formatid":"gen9vgc2023regulationc","rating":1454,"private":0,"password":""}