{"id":"gen9vgc2023regulationc-1848667798","p1":"DarthGlacies","p2":"ukygg","format":"[Gen 9] VGC 2023 Regulation C","log":"|j|\u203dDarthGlacies\n|j|\u2606ukygg\n|t:|1682099167\n|gametype|doubles\n|player|p1|DarthGlacies|102|1124\n|player|p2|ukygg|101|1086\n|teamsize|p1|6\n|teamsize|p2|6\n|gen|9\n|tier|[Gen 9] VGC 2023 Regulation C\n|rated|\n|rule|Species Clause: Limit one of each Pok\u00e9mon\n|rule|Item Clause: Limit one of each item\n|clearpoke\n|poke|p1|Kingambit, L50, M|\n|poke|p1|Dragonite, L50, F|\n|poke|p1|Arcanine, L50, F|\n|poke|p1|Amoonguss, L50, M|\n|poke|p1|Flutter Mane, L50|\n|poke|p1|Palafin, L50, F|\n|poke|p2|Skeledirge, L50, M|\n|poke|p2|Gastrodon-East, L50, F|\n|poke|p2|Wo-Chien, L50|\n|poke|p2|Farigiraf, L50, M|\n|poke|p2|Mimikyu, L50, M|\n|poke|p2|Ceruledge, L50, M|\n|teampreview|4\n|inactive|Battle timer is ON: inactive players will automatically lose when time's up. (requested by ukygg)\n|\n|t:|1682099235\n|start\n|switch|p1a: Palafin|Palafin, L50, F|100\/100\n|switch|p1b: Kingambit|Kingambit, L50, M|100\/100\n|switch|p2a: Ceruledge|Ceruledge, L50, M|100\/100\n|switch|p2b: Mimikyu|Mimikyu, L50, M|100\/100\n|turn|1\n|inactive|ukygg has 30 seconds left.\n|\n|t:|1682099260\n|-terastallize|p1a: Palafin|Water\n|move|p1b: Kingambit|Protect|p1b: Kingambit\n|-singleturn|p1b: Kingambit|Protect\n|move|p1a: Palafin|Jet Punch|p2a: Ceruledge\n|-supereffective|p2a: Ceruledge\n|-damage|p2a: Ceruledge|17\/100\n|move|p2a: Ceruledge|Bulk Up|p2a: Ceruledge\n|-boost|p2a: Ceruledge|atk|1\n|-boost|p2a: Ceruledge|def|1\n|move|p2b: Mimikyu|Trick Room|p2b: Mimikyu\n|-fieldstart|move: Trick Room|[of] p2b: Mimikyu\n|\n|upkeep\n|turn|2\n|\n|t:|1682099279\n|move|p2a: Ceruledge|Protect|p2a: Ceruledge\n|-singleturn|p2a: Ceruledge|Protect\n|move|p1a: Palafin|Jet Punch|p2a: Ceruledge\n|-activate|p2a: Ceruledge|move: Protect\n|move|p1b: Kingambit|Swords Dance|p1b: Kingambit\n|-boost|p1b: Kingambit|atk|2\n|move|p2b: Mimikyu|Play Rough|p1a: Palafin|[miss]\n|-miss|p2b: Mimikyu|p1a: Palafin\n|\n|upkeep\n|turn|3\n|\n|t:|1682099302\n|move|p2a: Ceruledge|Shadow Sneak|p1a: Palafin\n|-damage|p1a: Palafin|64\/100\n|move|p2b: Mimikyu|Shadow Sneak|p1a: Palafin\n|-damage|p1a: Palafin|37\/100\n|-damage|p2b: Mimikyu|90\/100|[from] item: Life Orb\n|move|p1a: Palafin|Jet Punch|p2a: Ceruledge\n|-supereffective|p2a: Ceruledge\n|-damage|p2a: Ceruledge|0 fnt\n|faint|p2a: Ceruledge\n|move|p1b: Kingambit|Kowtow Cleave|p2b: Mimikyu\n|-activate|p2b: Mimikyu|ability: Disguise\n|-damage|p2b: Mimikyu|90\/100\n|detailschange|p2b: Mimikyu|Mimikyu-Busted, L50, M\n|-damage|p2b: Mimikyu|78\/100|[from] pokemon: Mimikyu-Busted\n|\n|upkeep\n|\n|t:|1682099317\n|switch|p2a: Skeledirge|Skeledirge, L50, M|100\/100\n|turn|4\n|inactive|DarthGlacies has 30 seconds left.\n|inactive|DarthGlacies has 20 seconds left.\n|\n|t:|1682099356\n|move|p2a: Skeledirge|Protect|p2a: Skeledirge\n|-singleturn|p2a: Skeledirge|Protect\n|move|p1b: Kingambit|Sucker Punch|p2b: Mimikyu\n|-damage|p2b: Mimikyu|0 fnt\n|faint|p2b: Mimikyu\n|move|p1a: Palafin|Substitute|p1a: Palafin\n|-start|p1a: Palafin|Substitute\n|-damage|p1a: Palafin|12\/100\n|\n|upkeep\n|\n|t:|1682099364\n|switch|p2b: Gastrodon|Gastrodon-East, L50, F|100\/100\n|turn|5\n|\n|t:|1682099386\n|-terastallize|p2a: Skeledirge|Flying\n|move|p1b: Kingambit|Protect|p1b: Kingambit\n|-singleturn|p1b: Kingambit|Protect\n|move|p1a: Palafin|Jet Punch|p2b: Gastrodon\n|-activate|p2b: Gastrodon|ability: Storm Drain\n|-ability|p2b: Gastrodon|Storm Drain|boost\n|-boost|p2b: Gastrodon|spa|1\n|move|p2b: Gastrodon|Earth Power|p1b: Kingambit\n|-activate|p1b: Kingambit|move: Protect\n|move|p2a: Skeledirge|Will-O-Wisp|p1b: Kingambit\n|-activate|p1b: Kingambit|move: Protect\n|\n|-fieldend|move: Trick Room\n|upkeep\n|turn|6\n|\n|t:|1682099408\n|detailschange|p1a: Palafin|Palafin-Hero, L50, F, tera:Water\n|switch|p1a: Amoonguss|Amoonguss, L50, M|100\/100\n|move|p1b: Kingambit|Kowtow Cleave|p2b: Gastrodon\n|-damage|p2b: Gastrodon|0 fnt\n|faint|p2b: Gastrodon\n|move|p2a: Skeledirge|Will-O-Wisp|p1b: Kingambit\n|-status|p1b: Kingambit|brn\n|-enditem|p1b: Kingambit|Lum Berry|[eat]\n|-curestatus|p1b: Kingambit|brn|[msg]\n|\n|upkeep\n|turn|7\n|-message|ukygg forfeited.\n|\n|win|DarthGlacies\n|raw|DarthGlacies's rating: 1124 → 1146<\/strong> (+22 for winning)\n|raw|ukygg's rating: 1086 → 1066<\/strong> (-20 for losing)\n|l|\u2606ukygg\n","uploadtime":1682099461,"views":12,"p1id":"darthglacies","p2id":"ukygg","formatid":"gen9vgc2023regulationc","rating":1066,"private":0,"password":""}