{"id":"gen9vgc2023regulationc-1847106296","p1":"RezWest","p2":"jkspaceferret","format":"[Gen 9] VGC 2023 Regulation C","log":"|j|\u2606RezWest\n|j|\u2606jkspaceferret\n|t:|1681919558\n|gametype|doubles\n|player|p1|RezWest|fisherman-gen4|1037\n|player|p2|jkspaceferret|101|1061\n|teamsize|p1|6\n|teamsize|p2|6\n|gen|9\n|tier|[Gen 9] VGC 2023 Regulation C\n|rated|\n|rule|Species Clause: Limit one of each Pok\u00e9mon\n|rule|Item Clause: Limit one of each item\n|clearpoke\n|poke|p1|Toxapex, L50, F|\n|poke|p1|Wo-Chien, L50|\n|poke|p1|Glimmora, L50, M|\n|poke|p1|Abomasnow, L50, M|\n|poke|p1|Arcanine, L50, F|\n|poke|p1|Flutter Mane, L50|\n|poke|p2|Scream Tail, L50|\n|poke|p2|Annihilape, L50, M|\n|poke|p2|Maushold-Four, L50|\n|poke|p2|Arcanine, L50, M|\n|poke|p2|Iron Bundle, L50|\n|poke|p2|Wo-Chien, L50|\n|teampreview|4\n|l|\u2606jkspaceferret\n|player|p2|\n|j|\u2606jkspaceferret\n|player|p2|jkspaceferret|101\n|\n|t:|1681919630\n|start\n|switch|p1a: Mirco|Wo-Chien, L50|100\/100\n|switch|p1b: Glimmora|Glimmora, L50, M|100\/100\n|switch|p2a: Maushold|Maushold-Four, L50|100\/100\n|switch|p2b: Arcanine|Arcanine, L50, M, shiny|100\/100\n|-ability|p1a: Mirco|Tablets of Ruin\n|turn|1\n|\n|t:|1681919656\n|switch|p1a: MARE CACTUS|Toxapex, L50, F, shiny|100\/100\n|move|p1b: Glimmora|Mortal Spin|p2b: Arcanine|[spread] p2a,p2b\n|-damage|p2a: Maushold|94\/100\n|-damage|p2b: Arcanine|97\/100\n|-status|p2a: Maushold|psn\n|-status|p2b: Arcanine|psn\n|move|p2a: Maushold|Beat Up|p2b: Arcanine\n|-damage|p2b: Arcanine|95\/100 psn\n|-ability|p2b: Arcanine|Justified|boost\n|-boost|p2b: Arcanine|atk|1\n|-damage|p2b: Arcanine|94\/100 psn\n|-ability|p2b: Arcanine|Justified|boost\n|-boost|p2b: Arcanine|atk|1\n|-damage|p2b: Arcanine|92\/100 psn\n|-ability|p2b: Arcanine|Justified|boost\n|-boost|p2b: Arcanine|atk|1\n|-hitcount|p2b: Arcanine|3\n|move|p2b: Arcanine|Flare Blitz|p1a: MARE CACTUS\n|-resisted|p1a: MARE CACTUS\n|-damage|p1a: MARE CACTUS|57\/100\n|-damage|p2b: Arcanine|81\/100 psn|[from] Recoil\n|\n|-heal|p1a: MARE CACTUS|62\/100|[from] item: Black Sludge\n|-damage|p2a: Maushold|82\/100 psn|[from] psn\n|-damage|p2b: Arcanine|68\/100 psn|[from] psn\n|upkeep\n|turn|2\n|\n|t:|1681919696\n|move|p1b: Glimmora|Protect|p1b: Glimmora\n|-singleturn|p1b: Glimmora|Protect\n|move|p1a: MARE CACTUS|Baneful Bunker|p1a: MARE CACTUS\n|-singleturn|p1a: MARE CACTUS|move: Protect\n|move|p2a: Maushold|Beat Up|p2b: Arcanine\n|-damage|p2b: Arcanine|67\/100 psn\n|-ability|p2b: Arcanine|Justified|boost\n|-boost|p2b: Arcanine|atk|1\n|-crit|p2b: Arcanine\n|-damage|p2b: Arcanine|65\/100 psn\n|-ability|p2b: Arcanine|Justified|boost\n|-boost|p2b: Arcanine|atk|1\n|-damage|p2b: Arcanine|63\/100 psn\n|-ability|p2b: Arcanine|Justified|boost\n|-boost|p2b: Arcanine|atk|1\n|-hitcount|p2b: Arcanine|3\n|move|p2b: Arcanine|Iron Head|p1b: Glimmora\n|-activate|p1b: Glimmora|move: Protect\n|\n|-heal|p1a: MARE CACTUS|68\/100|[from] item: Black Sludge\n|-damage|p2a: Maushold|70\/100 psn|[from] psn\n|-damage|p2b: Arcanine|50\/100 psn|[from] psn\n|upkeep\n|turn|3\n|\n|t:|1681919725\n|move|p2a: Maushold|Protect|p2a: Maushold\n|-singleturn|p2a: Maushold|Protect\n|move|p1b: Glimmora|Sludge Bomb|p2b: Arcanine\n|-damage|p2b: Arcanine|26\/100 psn\n|move|p2b: Arcanine|Iron Head|p1b: Glimmora\n|-supereffective|p1b: Glimmora\n|-damage|p1b: Glimmora|0 fnt\n|-activate|p1b: Glimmora|ability: Toxic Debris\n|-sidestart|p2: jkspaceferret|move: Toxic Spikes\n|faint|p1b: Glimmora\n|move|p1a: MARE CACTUS|Recover|p1a: MARE CACTUS\n|-heal|p1a: MARE CACTUS|100\/100\n|\n|-damage|p2a: Maushold|57\/100 psn|[from] psn\n|-damage|p2b: Arcanine|14\/100 psn|[from] psn\n|upkeep\n|\n|t:|1681919741\n|switch|p1b: Enzo forestieri|Abomasnow, L50, M|100\/100\n|-weather|Snow|[from] ability: Snow Warning|[of] p1b: Enzo forestieri\n|turn|4\n|\n|t:|1681919768\n|move|p1b: Enzo forestieri|Protect|p1b: Enzo forestieri\n|-singleturn|p1b: Enzo forestieri|Protect\n|move|p2b: Arcanine|Extreme Speed|p1a: MARE CACTUS\n|-damage|p1a: MARE CACTUS|44\/100\n|move|p2a: Maushold|Super Fang|p1b: Enzo forestieri\n|-activate|p1b: Enzo forestieri|move: Protect\n|move|p1a: MARE CACTUS|Icy Wind|p2a: Maushold|[spread] p2a,p2b\n|-resisted|p2b: Arcanine\n|-damage|p2a: Maushold|52\/100 psn\n|-damage|p2b: Arcanine|12\/100 psn\n|-unboost|p2a: Maushold|spe|1\n|-unboost|p2b: Arcanine|spe|1\n|\n|-weather|Snow|[upkeep]\n|-heal|p1a: MARE CACTUS|50\/100|[from] item: Black Sludge\n|-damage|p2a: Maushold|40\/100 psn|[from] psn\n|-damage|p2b: Arcanine|0 fnt|[from] psn\n|faint|p2b: Arcanine\n|upkeep\n|\n|t:|1681919794\n|switch|p2b: Annihilape|Annihilape, L50, M, shiny|100\/100\n|-status|p2b: Annihilape|psn\n|turn|5\n|\n|t:|1681919816\n|move|p1b: Enzo forestieri|Blizzard|p2a: Maushold|[spread] p2a,p2b\n|-damage|p2a: Maushold|3\/100 psn\n|-damage|p2b: Annihilape|82\/100 psn\n|move|p2b: Annihilape|Bulk Up|p2b: Annihilape\n|-boost|p2b: Annihilape|atk|1\n|-boost|p2b: Annihilape|def|1\n|move|p2a: Maushold|Beat Up|p2b: Annihilape\n|-damage|p2b: Annihilape|81\/100 psn\n|-damage|p2b: Annihilape|80\/100 psn\n|-hitcount|p2b: Annihilape|2\n|move|p1a: MARE CACTUS|Recover|p1a: MARE CACTUS\n|-heal|p1a: MARE CACTUS|100\/100\n|\n|-weather|Snow|[upkeep]\n|-heal|p2b: Annihilape|86\/100 psn|[from] item: Leftovers\n|-damage|p2b: Annihilape|73\/100 psn|[from] psn\n|-damage|p2a: Maushold|0 fnt|[from] psn\n|faint|p2a: Maushold\n|upkeep\n|\n|t:|1681919835\n|switch|p2a: Scream Tail|Scream Tail, L50|100\/100\n|-status|p2a: Scream Tail|psn\n|-enditem|p2a: Scream Tail|Booster Energy\n|-activate|p2a: Scream Tail|ability: Protosynthesis|[fromitem]\n|-start|p2a: Scream Tail|protosynthesisspe\n|turn|6\n|\n|t:|1681919865\n|move|p2a: Scream Tail|Howl|p2a: Scream Tail|[spread] p2a,p2b\n|-boost|p2a: Scream Tail|atk|1\n|-boost|p2b: Annihilape|atk|1\n|move|p1b: Enzo forestieri|Aurora Veil|p1b: Enzo forestieri\n|-sidestart|p1: RezWest|move: Aurora Veil\n|move|p2b: Annihilape|Drain Punch|p1b: Enzo forestieri\n|-supereffective|p1b: Enzo forestieri\n|-damage|p1b: Enzo forestieri|25\/100\n|-heal|p2b: Annihilape|100\/100 psn|[from] drain|[of] p1b: Enzo forestieri\n|move|p1a: MARE CACTUS|Icy Wind|p2b: Annihilape|[spread] p2a,p2b\n|-damage|p2a: Scream Tail|96\/100 psn\n|-damage|p2b: Annihilape|96\/100 psn\n|-unboost|p2a: Scream Tail|spe|1\n|-unboost|p2b: Annihilape|spe|1\n|-ability|p2b: Annihilape|Defiant|boost\n|-boost|p2b: Annihilape|atk|2\n|\n|-weather|Snow|[upkeep]\n|-heal|p2b: Annihilape|100\/100 psn|[from] item: Leftovers\n|-damage|p2a: Scream Tail|84\/100 psn|[from] psn\n|-damage|p2b: Annihilape|88\/100 psn|[from] psn\n|upkeep\n|turn|7\n|\n|t:|1681919900\n|move|p2a: Scream Tail|Howl|p2a: Scream Tail|[spread] p2a,p2b\n|-boost|p2a: Scream Tail|atk|1\n|-boost|p2b: Annihilape|atk|1\n|move|p1b: Enzo forestieri|Blizzard|p2a: Scream Tail|[spread] p2a,p2b\n|-damage|p2a: Scream Tail|61\/100 psn\n|-damage|p2b: Annihilape|59\/100 psn\n|move|p2b: Annihilape|Rage Fist|p1a: MARE CACTUS\n|-damage|p1a: MARE CACTUS|0 fnt\n|faint|p1a: MARE CACTUS\n|\n|-weather|Snow|[upkeep]\n|-heal|p2b: Annihilape|65\/100 psn|[from] item: Leftovers\n|-damage|p2a: Scream Tail|49\/100 psn|[from] psn\n|-damage|p2b: Annihilape|52\/100 psn|[from] psn\n|upkeep\n|\n|t:|1681919912\n|switch|p1a: Mirco|Wo-Chien, L50|100\/100\n|-ability|p1a: Mirco|Tablets of Ruin\n|turn|8\n|\n|t:|1681919926\n|move|p2a: Scream Tail|Howl|p2a: Scream Tail|[spread] p2a,p2b\n|-boost|p2a: Scream Tail|atk|1\n|-boost|p2b: Annihilape|atk|1\n|move|p1b: Enzo forestieri|Blizzard|p2b: Annihilape|[spread] p2a,p2b\n|-damage|p2a: Scream Tail|24\/100 psn\n|-damage|p2b: Annihilape|25\/100 psn\n|move|p1a: Mirco|Leech Seed|p2b: Annihilape\n|-start|p2b: Annihilape|move: Leech Seed\n|move|p2b: Annihilape|Drain Punch|p1b: Enzo forestieri\n|-supereffective|p1b: Enzo forestieri\n|-damage|p1b: Enzo forestieri|0 fnt\n|-heal|p2b: Annihilape|35\/100 psn|[from] drain|[of] p1b: Enzo forestieri\n|faint|p1b: Enzo forestieri\n|\n|-weather|none\n|-heal|p2b: Annihilape|41\/100 psn|[from] item: Leftovers\n|-damage|p2b: Annihilape|28\/100 psn|[from] Leech Seed|[of] p1a: Mirco\n|-damage|p2a: Scream Tail|12\/100 psn|[from] psn\n|-damage|p2b: Annihilape|16\/100 psn|[from] psn\n|upkeep\n|turn|9\n|\n|t:|1681919968\n|-terastallize|p2b: Annihilape|Fire\n|move|p1a: Mirco|Protect|p1a: Mirco\n|-singleturn|p1a: Mirco|Protect\n|move|p2a: Scream Tail|Play Rough|p1a: Mirco\n|-activate|p1a: Mirco|move: Protect\n|move|p2b: Annihilape|Drain Punch|p1a: Mirco\n|-activate|p1a: Mirco|move: Protect\n|\n|-heal|p2b: Annihilape|22\/100 psn|[from] item: Leftovers\n|-damage|p2b: Annihilape|9\/100 psn|[from] Leech Seed|[of] p1a: Mirco\n|-damage|p2a: Scream Tail|0 fnt|[from] psn\n|faint|p2a: Scream Tail\n|-end|p2a: Scream Tail|Protosynthesis|[silent]\n|-damage|p2b: Annihilape|0 fnt|[from] psn\n|faint|p2b: Annihilape\n|\n|win|RezWest\n|upkeep\n|raw|RezWest's rating: 1037 → 1074<\/strong> (+37 for winning)\n|raw|jkspaceferret's rating: 1061 → 1041<\/strong> (-20 for losing)\n","uploadtime":1681919997,"views":7,"p1id":"rezwest","p2id":"jkspaceferret","formatid":"gen9vgc2023regulationc","rating":1041,"private":0,"password":""}