{"id":"gen9vgc2023regulationc-1845607817","p1":"mad skwovet","p2":"nose1490","format":"[Gen 9] VGC 2023 Regulation C","log":"|j|\u2606mad skwovet\n|j|\u2606nose1490\n|t:|1681749028\n|gametype|doubles\n|player|p1|mad skwovet|pokemaniac|1379\n|player|p2|nose1490|byron|1399\n|teamsize|p1|6\n|teamsize|p2|6\n|gen|9\n|tier|[Gen 9] VGC 2023 Regulation C\n|rated|\n|rule|Species Clause: Limit one of each Pok\u00e9mon\n|rule|Item Clause: Limit one of each item\n|clearpoke\n|poke|p1|Scream Tail, L50|\n|poke|p1|Gothitelle, L50, M|\n|poke|p1|Gyarados, L50, M|\n|poke|p1|Ting-Lu, L50|\n|poke|p1|Amoonguss, L50, M|\n|poke|p1|Iron Hands, L50|\n|poke|p2|Torkoal, L50, F|\n|poke|p2|Roaring Moon, L50|\n|poke|p2|Flutter Mane, L50|\n|poke|p2|Slither Wing, L50|\n|poke|p2|Kingambit, L50, F|\n|poke|p2|Dragapult, L50, M|\n|teampreview|4\n|inactive|Battle timer is ON: inactive players will automatically lose when time's up. (requested by nose1490)\n|inactive|mad skwovet has 60 seconds left.\n|inactive|mad skwovet has 30 seconds left.\n|\n|t:|1681749090\n|start\n|switch|p1a: Scream Tail|Scream Tail, L50|100\/100\n|switch|p1b: Iron Hands|Iron Hands, L50|100\/100\n|switch|p2a: Flutter Mane|Flutter Mane, L50|100\/100\n|switch|p2b: Torkoal|Torkoal, L50, F|100\/100\n|-weather|SunnyDay|[from] ability: Drought|[of] p2b: Torkoal\n|-activate|p2a: Flutter Mane|ability: Protosynthesis\n|-start|p2a: Flutter Mane|protosynthesisspe\n|-activate|p1a: Scream Tail|ability: Protosynthesis\n|-start|p1a: Scream Tail|protosynthesisspe\n|turn|1\n|inactive|mad skwovet has 30 seconds left.\n|inactive|mad skwovet has 20 seconds left.\n|\n|t:|1681749130\n|-end|p1b: Iron Hands|Quark Drive|[silent]\n|switch|p1b: Ting-Lu|Ting-Lu, L50|100\/100\n|-ability|p1b: Ting-Lu|Vessel of Ruin\n|switch|p2b: Dragapult|Dragapult, L50, M|100\/100\n|move|p2a: Flutter Mane|Shadow Ball|p1a: Scream Tail\n|-supereffective|p1a: Scream Tail\n|-damage|p1a: Scream Tail|32\/100\n|-unboost|p1a: Scream Tail|spd|1\n|move|p1a: Scream Tail|Play Rough|p2a: Flutter Mane\n|-damage|p2a: Flutter Mane|42\/100\n|\n|-weather|SunnyDay|[upkeep]\n|upkeep\n|turn|2\n|inactive|mad skwovet has 30 seconds left.\n|inactive|mad skwovet has 20 seconds left.\n|\n|t:|1681749167\n|-end|p2a: Flutter Mane|Protosynthesis|[silent]\n|switch|p2a: Torkoal|Torkoal, L50, F|100\/100\n|-end|p1a: Scream Tail|Protosynthesis|[silent]\n|switch|p1a: Amoonguss|Amoonguss, L50, M|100\/100\n|move|p2b: Dragapult|Phantom Force||[still]\n|-prepare|p2b: Dragapult|Phantom Force\n|move|p1b: Ting-Lu|Throat Chop|p2b: Dragapult|[miss]\n|-miss|p1b: Ting-Lu|p2b: Dragapult\n|\n|-weather|SunnyDay|[upkeep]\n|upkeep\n|turn|3\n|inactive|mad skwovet has 30 seconds left.\n|\n|t:|1681749198\n|-terastallize|p1a: Amoonguss|Water\n|move|p2b: Dragapult|Phantom Force|p1a: Amoonguss|[from]lockedmove\n|-damage|p1a: Amoonguss|62\/100\n|-damage|p2b: Dragapult|84\/100|[from] item: Rocky Helmet|[of] p1a: Amoonguss\n|move|p1b: Ting-Lu|Stomping Tantrum|p2a: Torkoal\n|-supereffective|p2a: Torkoal\n|-damage|p2a: Torkoal|4\/100\n|move|p1a: Amoonguss|Spore|p2b: Dragapult\n|-status|p2b: Dragapult|slp|[from] move: Spore\n|move|p2a: Torkoal|Will-O-Wisp|p1b: Ting-Lu\n|-status|p1b: Ting-Lu|brn\n|\n|-weather|SunnyDay|[upkeep]\n|-damage|p1b: Ting-Lu|94\/100 brn|[from] brn\n|upkeep\n|turn|4\n|inactive|mad skwovet has 30 seconds left.\n|inactive|mad skwovet has 20 seconds left.\n|\n|t:|1681749237\n|move|p2a: Torkoal|Protect|p2a: Torkoal\n|-singleturn|p2a: Torkoal|Protect\n|cant|p2b: Dragapult|slp\n|move|p1b: Ting-Lu|Throat Chop|p2b: Dragapult\n|-supereffective|p2b: Dragapult\n|-damage|p2b: Dragapult|21\/100 slp\n|-start|p2b: Dragapult|Throat Chop|[silent]\n|move|p1a: Amoonguss|Spore|p2a: Torkoal\n|-activate|p2a: Torkoal|move: Protect\n|\n|-weather|SunnyDay|[upkeep]\n|-heal|p1b: Ting-Lu|100\/100 brn|[from] item: Leftovers\n|-damage|p1b: Ting-Lu|94\/100 brn|[from] brn\n|upkeep\n|turn|5\n|\n|t:|1681749258\n|switch|p2a: Kingambit|Kingambit, L50, F|100\/100\n|-curestatus|p2b: Dragapult|slp|[msg]\n|move|p2b: Dragapult|Phantom Force||[still]\n|-prepare|p2b: Dragapult|Phantom Force\n|move|p1b: Ting-Lu|Heavy Slam|p2b: Dragapult|[miss]\n|-miss|p1b: Ting-Lu|p2b: Dragapult\n|move|p1a: Amoonguss|Spore|p2a: Kingambit\n|-activate|p2a: Kingambit|item: Safety Goggles|Spore\n|\n|-weather|SunnyDay|[upkeep]\n|-heal|p1b: Ting-Lu|100\/100 brn|[from] item: Leftovers\n|-damage|p1b: Ting-Lu|94\/100 brn|[from] brn\n|-end|p2b: Dragapult|Throat Chop|[silent]\n|upkeep\n|turn|6\n|inactive|mad skwovet has 30 seconds left.\n|inactive|mad skwovet has 20 seconds left.\n|inactive|mad skwovet has 15 seconds left.\n|\n|t:|1681749300\n|move|p2a: Kingambit|Protect|p2a: Kingambit\n|-singleturn|p2a: Kingambit|Protect\n|move|p1a: Amoonguss|Rage Powder|p1a: Amoonguss\n|-singleturn|p1a: Amoonguss|move: Rage Powder\n|move|p2b: Dragapult|Phantom Force|p1a: Amoonguss|[from]lockedmove\n|-damage|p1a: Amoonguss|24\/100\n|-damage|p2b: Dragapult|5\/100|[from] item: Rocky Helmet|[of] p1a: Amoonguss\n|move|p1b: Ting-Lu|Throat Chop|p2b: Dragapult\n|-supereffective|p2b: Dragapult\n|-damage|p2b: Dragapult|0 fnt\n|faint|p2b: Dragapult\n|\n|-weather|SunnyDay|[upkeep]\n|-heal|p1b: Ting-Lu|100\/100 brn|[from] item: Leftovers\n|-damage|p1b: Ting-Lu|94\/100 brn|[from] brn\n|upkeep\n|\n|t:|1681749312\n|switch|p2b: Flutter Mane|Flutter Mane, L50|42\/100\n|-activate|p2b: Flutter Mane|ability: Protosynthesis\n|-start|p2b: Flutter Mane|protosynthesisspe\n|turn|7\n|\n|t:|1681749332\n|-terastallize|p2b: Flutter Mane|Fairy\n|move|p1a: Amoonguss|Protect|p1a: Amoonguss\n|-singleturn|p1a: Amoonguss|Protect\n|move|p2b: Flutter Mane|Moonblast|p1b: Ting-Lu\n|-supereffective|p1b: Ting-Lu\n|-damage|p1b: Ting-Lu|0 fnt\n|faint|p1b: Ting-Lu\n|move|p2a: Kingambit|Kowtow Cleave|p1a: Amoonguss\n|-activate|p1a: Amoonguss|move: Protect\n|\n|-weather|SunnyDay|[upkeep]\n|upkeep\n|\n|t:|1681749351\n|switch|p1b: Iron Hands|Iron Hands, L50|100\/100\n|turn|8\n|\n|t:|1681749373\n|-end|p2b: Flutter Mane|Protosynthesis|[silent]\n|switch|p2b: Torkoal|Torkoal, L50, F|4\/100\n|switch|p1a: Scream Tail|Scream Tail, L50|32\/100\n|-activate|p1a: Scream Tail|ability: Protosynthesis\n|-start|p1a: Scream Tail|protosynthesisspe\n|move|p2a: Kingambit|Protect|p2a: Kingambit\n|-singleturn|p2a: Kingambit|Protect\n|move|p1b: Iron Hands|Fake Out|p2b: Torkoal\n|-damage|p2b: Torkoal|0 fnt\n|faint|p2b: Torkoal\n|\n|-weather|none\n|-end|p1a: Scream Tail|Protosynthesis\n|upkeep\n|-enditem|p1a: Scream Tail|Booster Energy\n|-activate|p1a: Scream Tail|ability: Protosynthesis|[fromitem]\n|-start|p1a: Scream Tail|protosynthesisspe\n|\n|t:|1681749384\n|switch|p2b: Flutter Mane|Flutter Mane, L50, tera:Fairy|42\/100\n|turn|9\n|inactive|mad skwovet has 30 seconds left.\n|inactive|mad skwovet has 20 seconds left.\n|\n|t:|1681749419\n|move|p1b: Iron Hands|Detect|p1b: Iron Hands\n|-singleturn|p1b: Iron Hands|Protect\n|move|p2a: Kingambit|Sucker Punch||[still]\n|-fail|p2a: Kingambit\n|move|p1a: Scream Tail|Perish Song|p1a: Scream Tail\n|-start|p1a: Scream Tail|perish3|[silent]\n|-start|p1b: Iron Hands|perish3|[silent]\n|-start|p2a: Kingambit|perish3|[silent]\n|-start|p2b: Flutter Mane|perish3|[silent]\n|-fieldactivate|move: Perish Song\n|move|p2b: Flutter Mane|Moonblast|p1b: Iron Hands\n|-activate|p1b: Iron Hands|move: Protect\n|\n|-start|p1a: Scream Tail|perish3\n|-start|p2b: Flutter Mane|perish3\n|-start|p1b: Iron Hands|perish3\n|-start|p2a: Kingambit|perish3\n|upkeep\n|turn|10\n|\n|t:|1681749439\n|move|p2a: Kingambit|Sucker Punch||[still]\n|-fail|p2a: Kingambit\n|move|p1a: Scream Tail|Disable|p2b: Flutter Mane\n|-start|p2b: Flutter Mane|Disable|Moonblast\n|cant|p2b: Flutter Mane|Disable|Moonblast\n|move|p1b: Iron Hands|Close Combat|p2a: Kingambit\n|-supereffective|p2a: Kingambit\n|-damage|p2a: Kingambit|0 fnt\n|-unboost|p1b: Iron Hands|def|1\n|-unboost|p1b: Iron Hands|spd|1\n|faint|p2a: Kingambit\n|\n|-start|p1a: Scream Tail|perish2\n|-start|p2b: Flutter Mane|perish2\n|-start|p1b: Iron Hands|perish2\n|upkeep\n|turn|11\n|-message|nose1490 forfeited.\n|\n|win|mad skwovet\n|raw|mad skwovet's rating: 1379 → 1400<\/strong> (+21 for winning)\n|raw|nose1490's rating: 1399 → 1378<\/strong> (-21 for losing)\n|l|\u2606nose1490\n","uploadtime":1681749465,"views":12,"p1id":"madskwovet","p2id":"nose1490","formatid":"gen9vgc2023regulationc","rating":1378,"private":0,"password":""}