{"id":"gen9vgc2023regulationc-1859205247","p1":"bruser23","p2":"Zydroxequil","format":"[Gen 9] VGC 2023 Regulation C","log":"|j|\u2606bruser23\n|j|\u2606Zydroxequil\n|t:|1683417703\n|gametype|doubles\n|player|p1|bruser23|170|1196\n|player|p2|Zydroxequil|psychic-gen4|1200\n|teamsize|p1|6\n|teamsize|p2|6\n|gen|9\n|tier|[Gen 9] VGC 2023 Regulation C\n|rated|\n|rule|Species Clause: Limit one of each Pok\u00e9mon\n|rule|Item Clause: Limit one of each item\n|clearpoke\n|poke|p1|Maushold, L50|\n|poke|p1|Orthworm, L50, F|\n|poke|p1|Dragonite, L50, F|\n|poke|p1|Grimmsnarl, L50, M|\n|poke|p1|Ting-Lu, L50|\n|poke|p1|Annihilape, L50, M|\n|poke|p2|Farigiraf, L50, M|\n|poke|p2|Tyranitar, L50, F|\n|poke|p2|Bronzong, L50|\n|poke|p2|Ting-Lu, L50|\n|poke|p2|Flutter Mane, L50|\n|poke|p2|Garganacl, L50, F|\n|teampreview|4\n|inactive|Battle timer is ON: inactive players will automatically lose when time's up. (requested by bruser23)\n|inactive|Zydroxequil has 60 seconds left.\n|\n|t:|1683417739\n|start\n|switch|p1a: Grimmsnarl|Grimmsnarl, L50, M|100\/100\n|switch|p1b: Orthworm|Orthworm, L50, F|100\/100\n|switch|p2a: Bronzong|Bronzong, L50|100\/100\n|switch|p2b: Tyranitar|Tyranitar, L50, F, shiny|100\/100\n|-weather|Sandstorm|[from] ability: Sand Stream|[of] p2b: Tyranitar\n|turn|1\n|\n|t:|1683417759\n|move|p1a: Grimmsnarl|Reflect|p1a: Grimmsnarl\n|-sidestart|p1: bruser23|Reflect\n|move|p1b: Orthworm|Shed Tail|p1b: Orthworm\n|-start|p1b: Orthworm|Substitute|[from] move: Shed Tail\n|-damage|p1b: Orthworm|50\/100\n|-enditem|p1b: Orthworm|Sitrus Berry|[eat]\n|-heal|p1b: Orthworm|75\/100|[from] item: Sitrus Berry\n|\n|t:|1683417766\n|switch|p1b: Dragonite|Dragonite, L50, F|100\/100|[from] Shed Tail\n|move|p2b: Tyranitar|Rock Slide|p1a: Grimmsnarl|[spread] p1a,p1b\n|-supereffective|p1b: Dragonite\n|-activate|p1b: Dragonite|move: Substitute|[damage]\n|-damage|p1a: Grimmsnarl|80\/100\n|move|p2a: Bronzong|Trick Room|p2a: Bronzong\n|-fieldstart|move: Trick Room|[of] p2a: Bronzong\n|\n|-weather|Sandstorm|[upkeep]\n|-damage|p1a: Grimmsnarl|74\/100|[from] Sandstorm\n|-damage|p1b: Dragonite|94\/100|[from] Sandstorm\n|upkeep\n|turn|2\n|\n|t:|1683417790\n|switch|p1a: Maushold|Maushold, L50|100\/100\n|-terastallize|p1b: Dragonite|Ground\n|move|p2a: Bronzong|Gyro Ball|p1a: Maushold\n|-damage|p1a: Maushold|80\/100\n|move|p2b: Tyranitar|Rock Slide|p1b: Dragonite|[spread] p1a,p1b\n|-resisted|p1b: Dragonite\n|-end|p1b: Dragonite|Substitute\n|-damage|p1a: Maushold|60\/100\n|move|p1b: Dragonite|Dragon Dance|p1b: Dragonite\n|-boost|p1b: Dragonite|atk|1\n|-boost|p1b: Dragonite|spe|1\n|\n|-weather|Sandstorm|[upkeep]\n|upkeep\n|turn|3\n|inactive|bruser23 has 30 seconds left.\n|inactive|Zydroxequil has 30 seconds left.\n|inactive|bruser23 has 20 seconds left.\n|\n|t:|1683417826\n|move|p2b: Tyranitar|Protect|p2b: Tyranitar\n|-singleturn|p2b: Tyranitar|Protect\n|move|p1b: Dragonite|Protect|p1b: Dragonite\n|-singleturn|p1b: Dragonite|Protect\n|move|p2a: Bronzong|Gyro Ball|p1b: Dragonite\n|-activate|p1b: Dragonite|move: Protect\n|move|p1a: Maushold|Encore|p2a: Bronzong\n|-start|p2a: Bronzong|Encore\n|\n|-weather|Sandstorm|[upkeep]\n|upkeep\n|turn|4\n|inactive|Zydroxequil has 30 seconds left.\n|\n|t:|1683417855\n|-terastallize|p2b: Tyranitar|Flying\n|move|p1a: Maushold|Protect|p1a: Maushold\n|-singleturn|p1a: Maushold|Protect\n|move|p2a: Bronzong|Gyro Ball|p1b: Dragonite\n|-crit|p1b: Dragonite\n|-damage|p1b: Dragonite|53\/100\n|move|p2b: Tyranitar|Rock Slide|p1b: Dragonite|[spread] p1b\n|-activate|p1a: Maushold|move: Protect\n|-resisted|p1b: Dragonite\n|-damage|p1b: Dragonite|46\/100\n|move|p1b: Dragonite|Earthquake|p2b: Tyranitar|[spread] \n|-activate|p1a: Maushold|move: Protect\n|-immune|p2a: Bronzong|[from] ability: Levitate\n|-immune|p2b: Tyranitar\n|\n|-weather|Sandstorm|[upkeep]\n|-damage|p2b: Tyranitar|95\/100|[from] Sandstorm\n|upkeep\n|turn|5\n|inactive|bruser23 has 30 seconds left.\n|inactive|Zydroxequil has 30 seconds left.\n|inactive|bruser23 has 20 seconds left.\n|inactive|bruser23 has 15 seconds left.\n|inactive|bruser23 has 10 seconds left.\n|inactive|Zydroxequil has 20 seconds left.\n|\n|t:|1683417901\n|move|p1a: Maushold|Protect||[still]\n|-fail|p1a: Maushold\n|move|p1b: Dragonite|Protect|p1b: Dragonite\n|-singleturn|p1b: Dragonite|Protect\n|move|p2a: Bronzong|Gyro Ball|p1a: Maushold\n|-damage|p1a: Maushold|39\/100\n|move|p2b: Tyranitar|Low Kick|p1b: Dragonite\n|-activate|p1b: Dragonite|move: Protect\n|\n|-weather|none\n|-fieldend|move: Trick Room\n|upkeep\n|turn|6\n|inactive|Zydroxequil has 30 seconds left.\n|\n|t:|1683417929\n|move|p1b: Dragonite|Extreme Speed|p2b: Tyranitar\n|-damage|p2b: Tyranitar|58\/100\n|move|p1a: Maushold|Follow Me|p1a: Maushold\n|-singleturn|p1a: Maushold|move: Follow Me\n|move|p2b: Tyranitar|Low Kick|p1a: Maushold\n|-supereffective|p1a: Maushold\n|-damage|p1a: Maushold|30\/100\n|move|p2a: Bronzong|Gyro Ball|p1a: Maushold\n|-crit|p1a: Maushold\n|-damage|p1a: Maushold|0 fnt\n|faint|p1a: Maushold\n|\n|-end|p2a: Bronzong|Encore\n|upkeep\n|\n|t:|1683417943\n|switch|p1a: Grimmsnarl|Grimmsnarl, L50, M|74\/100\n|turn|7\n|\n|t:|1683417964\n|move|p1b: Dragonite|Protect|p1b: Dragonite\n|-singleturn|p1b: Dragonite|Protect\n|move|p2b: Tyranitar|Protect|p2b: Tyranitar\n|-singleturn|p2b: Tyranitar|Protect\n|move|p1a: Grimmsnarl|Spirit Break|p2b: Tyranitar\n|-activate|p2b: Tyranitar|move: Protect\n|move|p2a: Bronzong|Trick Room|p2a: Bronzong\n|-fieldstart|move: Trick Room|[of] p2a: Bronzong\n|\n|upkeep\n|turn|8\n|\n|t:|1683417985\n|move|p1a: Grimmsnarl|Parting Shot|p2a: Bronzong\n|-unboost|p2a: Bronzong|atk|1\n|-unboost|p2a: Bronzong|spa|1\n|\n|t:|1683417989\n|switch|p1a: Orthworm|Orthworm, L50, F|75\/100|[from] Parting Shot\n|move|p2a: Bronzong|Gyro Ball|p1a: Orthworm\n|-resisted|p1a: Orthworm\n|-damage|p1a: Orthworm|72\/100\n|move|p2b: Tyranitar|Low Kick|p1a: Orthworm\n|-supereffective|p1a: Orthworm\n|-crit|p1a: Orthworm\n|-damage|p1a: Orthworm|0 fnt\n|faint|p1a: Orthworm\n|move|p1b: Dragonite|Dragon Dance|p1b: Dragonite\n|-boost|p1b: Dragonite|atk|1\n|-boost|p1b: Dragonite|spe|1\n|\n|-sideend|p1: bruser23|Reflect\n|upkeep\n|\n|t:|1683418001\n|switch|p1a: Grimmsnarl|Grimmsnarl, L50, M|74\/100\n|turn|9\n|\n|t:|1683418018\n|move|p1b: Dragonite|Protect|p1b: Dragonite\n|-singleturn|p1b: Dragonite|Protect\n|move|p2a: Bronzong|Gyro Ball|p1a: Grimmsnarl\n|-supereffective|p1a: Grimmsnarl\n|-damage|p1a: Grimmsnarl|46\/100\n|move|p2b: Tyranitar|Tera Blast|p1a: Grimmsnarl\n|-damage|p1a: Grimmsnarl|5\/100\n|move|p1a: Grimmsnarl|Spirit Break|p2b: Tyranitar\n|-damage|p2b: Tyranitar|35\/100\n|-unboost|p2b: Tyranitar|spa|1\n|\n|upkeep\n|turn|10\n|\n|t:|1683418036\n|switch|p2b: Garganacl|Garganacl, L50, F|100\/100\n|move|p1b: Dragonite|Extreme Speed|p2b: Garganacl\n|-resisted|p2b: Garganacl\n|-damage|p2b: Garganacl|83\/100\n|move|p1a: Grimmsnarl|Reflect|p1a: Grimmsnarl\n|-sidestart|p1: bruser23|Reflect\n|move|p2a: Bronzong|Gyro Ball|p1a: Grimmsnarl\n|-supereffective|p1a: Grimmsnarl\n|-damage|p1a: Grimmsnarl|0 fnt\n|faint|p1a: Grimmsnarl\n|\n|-heal|p2b: Garganacl|89\/100|[from] item: Leftovers\n|upkeep\n|turn|11\n|\n|t:|1683418059\n|move|p2a: Bronzong|Protect|p2a: Bronzong\n|-singleturn|p2a: Bronzong|Protect\n|move|p1b: Dragonite|Extreme Speed|p2a: Bronzong\n|-activate|p2a: Bronzong|move: Protect\n|move|p2b: Garganacl|Salt Cure|p1b: Dragonite\n|-resisted|p1b: Dragonite\n|-damage|p1b: Dragonite|42\/100\n|-start|p1b: Dragonite|Salt Cure\n|\n|-heal|p2b: Garganacl|95\/100|[from] item: Leftovers\n|-damage|p1b: Dragonite|30\/100|[from] Salt Cure\n|-fieldend|move: Trick Room\n|upkeep\n|turn|12\n|\n|t:|1683418081\n|move|p2b: Garganacl|Protect|p2b: Garganacl\n|-singleturn|p2b: Garganacl|Protect\n|move|p1b: Dragonite|Earthquake|p2b: Garganacl|[spread] \n|-activate|p2b: Garganacl|move: Protect\n|-immune|p2a: Bronzong|[from] ability: Levitate\n|move|p2a: Bronzong|Trick Room|p2a: Bronzong\n|-fieldstart|move: Trick Room|[of] p2a: Bronzong\n|\n|-heal|p2b: Garganacl|100\/100|[from] item: Leftovers\n|-damage|p1b: Dragonite|18\/100|[from] Salt Cure\n|upkeep\n|turn|13\n|-message|bruser23 forfeited.\n|\n|win|Zydroxequil\n|raw|bruser23's rating: 1196 → 1171<\/strong> (-25 for losing)\n|raw|Zydroxequil's rating: 1200 → 1225<\/strong> (+25 for winning)\n|l|\u2606bruser23\n","uploadtime":1683418088,"views":14,"p1id":"bruser23","p2id":"zydroxequil","formatid":"gen9vgc2023regulationc","rating":1171,"private":0,"password":""}