{"id":"gen9vgc2023regulationc-1849960093","p1":"Lolcat","p2":"SnowFly96","format":"[Gen 9] VGC 2023 Regulation C","log":"|j|\u2606Lolcat\n|j|\u2606SnowFly96\n|t:|1682272433\n|gametype|doubles\n|player|p1|Lolcat|2|1576\n|player|p2|SnowFly96|skier|1479\n|teamsize|p1|6\n|teamsize|p2|6\n|gen|9\n|tier|[Gen 9] VGC 2023 Regulation C\n|rated|\n|rule|Species Clause: Limit one of each Pok\u00e9mon\n|rule|Item Clause: Limit one of each item\n|clearpoke\n|poke|p1|Flutter Mane, L50|\n|poke|p1|Iron Treads, L50|\n|poke|p1|Talonflame, L50, M|\n|poke|p1|Iron Bundle, L50|\n|poke|p1|Chi-Yu, L50|\n|poke|p1|Abomasnow, L50, M|\n|poke|p2|Baxcalibur, L50, M|\n|poke|p2|Dragapult, L50, M|\n|poke|p2|Rotom-Heat, L50|\n|poke|p2|Chien-Pao, L50|\n|poke|p2|Iron Bundle, L50|\n|poke|p2|Abomasnow, L50, M|\n|teampreview|4\n|inactive|Battle timer is ON: inactive players will automatically lose when time's up. (requested by SnowFly96)\n|\n|t:|1682272463\n|start\n|switch|p1a: Flutter Butter|Flutter Mane, L50|100\/100\n|switch|p1b: Mr. Fish|Chi-Yu, L50|100\/100\n|switch|p2a: Baxcalibur|Baxcalibur, L50, M|100\/100\n|switch|p2b: Dragapult|Dragapult, L50, M|100\/100\n|-ability|p1b: Mr. Fish|Beads of Ruin\n|turn|1\n|\n|t:|1682272483\n|-terastallize|p2a: Baxcalibur|Ground\n|move|p1a: Flutter Butter|Protect|p1a: Flutter Butter\n|-singleturn|p1a: Flutter Butter|Protect\n|move|p1b: Mr. Fish|Dark Pulse|p2b: Dragapult\n|-supereffective|p2b: Dragapult\n|-damage|p2b: Dragapult|0 fnt\n|faint|p2b: Dragapult\n|move|p2a: Baxcalibur|Earthquake|p1b: Mr. Fish|[spread] p1b\n|-activate|p1a: Flutter Butter|move: Protect\n|-supereffective|p1b: Mr. Fish\n|-damage|p1b: Mr. Fish|0 fnt\n|faint|p1b: Mr. Fish\n|\n|upkeep\n|\n|t:|1682272497\n|switch|p2b: Chien-Pao|Chien-Pao, L50|100\/100\n|switch|p1b: Talonbird|Talonflame, L50, M|100\/100\n|-ability|p2b: Chien-Pao|Sword of Ruin\n|turn|2\n|\n|t:|1682272511\n|-terastallize|p1a: Flutter Butter|Fairy\n|move|p1b: Talonbird|Tailwind|p1b: Talonbird\n|-sidestart|p1: Lolcat|move: Tailwind\n|move|p1a: Flutter Butter|Dazzling Gleam|p2a: Baxcalibur|[spread] p2a,p2b\n|-supereffective|p2b: Chien-Pao\n|-damage|p2a: Baxcalibur|71\/100\n|-enditem|p2b: Chien-Pao|Focus Sash\n|-damage|p2b: Chien-Pao|1\/100\n|-damage|p1a: Flutter Butter|90\/100|[from] item: Life Orb\n|move|p2b: Chien-Pao|Throat Chop|p1a: Flutter Butter\n|-resisted|p1a: Flutter Butter\n|-damage|p1a: Flutter Butter|33\/100\n|-start|p1a: Flutter Butter|Throat Chop|[silent]\n|move|p2a: Baxcalibur|Glaive Rush|p1b: Talonbird\n|-damage|p1b: Talonbird|0 fnt\n|-singlemove|p2a: Baxcalibur|Glaive Rush|[silent]\n|faint|p1b: Talonbird\n|\n|upkeep\n|\n|t:|1682272524\n|switch|p1b: Treadn't|Iron Treads, L50|100\/100\n|-enditem|p1b: Treadn't|Booster Energy\n|-activate|p1b: Treadn't|ability: Quark Drive|[fromitem]\n|-start|p1b: Treadn't|quarkdriveatk\n|turn|3\n|\n|t:|1682272533\n|move|p1a: Flutter Butter|Protect|p1a: Flutter Butter\n|-singleturn|p1a: Flutter Butter|Protect\n|move|p2b: Chien-Pao|Protect|p2b: Chien-Pao\n|-singleturn|p2b: Chien-Pao|Protect\n|move|p2a: Baxcalibur|Ice Shard|p1a: Flutter Butter\n|-activate|p1a: Flutter Butter|move: Protect\n|move|p1b: Treadn't|Earthquake|p2b: Chien-Pao|[spread] p2a\n|-activate|p1a: Flutter Butter|move: Protect\n|-activate|p2b: Chien-Pao|move: Protect\n|-damage|p2a: Baxcalibur|8\/100\n|\n|-end|p1a: Flutter Butter|Throat Chop|[silent]\n|upkeep\n|turn|4\n|\n|t:|1682272547\n|move|p1a: Flutter Butter|Protect||[still]\n|-fail|p1a: Flutter Butter\n|move|p2a: Baxcalibur|Ice Shard|p1a: Flutter Butter\n|-damage|p1a: Flutter Butter|0 fnt\n|faint|p1a: Flutter Butter\n|-end|p1a: Flutter Butter|Protosynthesis|[silent]\n|move|p1b: Treadn't|Earthquake|p2b: Chien-Pao|[spread] p2a,p2b\n|-damage|p2a: Baxcalibur|0 fnt\n|-damage|p2b: Chien-Pao|0 fnt\n|faint|p2a: Baxcalibur\n|faint|p2b: Chien-Pao\n|\n|upkeep\n|\n|t:|1682272555\n|switch|p2b: Rotom|Rotom-Heat, L50|100\/100\n|turn|5\n|\n|t:|1682272563\n|move|p1b: Treadn't|Iron Head|p2b: Rotom\n|-resisted|p2b: Rotom\n|-damage|p2b: Rotom|83\/100\n|cant|p2b: Rotom|flinch\n|\n|-sideend|p1: Lolcat|move: Tailwind\n|upkeep\n|turn|6\n|\n|t:|1682272568\n|move|p1b: Treadn't|Iron Head|p2b: Rotom\n|-resisted|p2b: Rotom\n|-damage|p2b: Rotom|66\/100\n|cant|p2b: Rotom|flinch\n|\n|upkeep\n|turn|7\n|\n|t:|1682272573\n|move|p1b: Treadn't|Iron Head|p2b: Rotom\n|-resisted|p2b: Rotom\n|-damage|p2b: Rotom|51\/100\n|cant|p2b: Rotom|flinch\n|\n|upkeep\n|turn|8\n|\n|t:|1682272578\n|move|p1b: Treadn't|Iron Head|p2b: Rotom\n|-resisted|p2b: Rotom\n|-damage|p2b: Rotom|35\/100\n|move|p2b: Rotom|Overheat|p1b: Treadn't\n|-supereffective|p1b: Treadn't\n|-crit|p1b: Treadn't\n|-damage|p1b: Treadn't|0 fnt\n|-unboost|p2b: Rotom|spa|2\n|faint|p1b: Treadn't\n|-end|p1b: Treadn't|Quark Drive|[silent]\n|-damage|p2b: Rotom|26\/100|[from] item: Life Orb\n|\n|win|SnowFly96\n|raw|Lolcat's rating: 1576 → 1551<\/strong> (-25 for losing)\n|raw|SnowFly96's rating: 1479 → 1504<\/strong> (+25 for winning)\n|l|\u2606Lolcat\n","uploadtime":1682272624,"views":12,"p1id":"lolcat","p2id":"snowfly96","formatid":"gen9vgc2023regulationc","rating":1504,"private":0,"password":""}