{"id":"gen9vgc2023regulationc-1854796306","p1":"abhinavamp","p2":"Yuni Sensei","format":"[Gen 9] VGC 2023 Regulation C","log":"|j|\u2606abhinavamp\n|j|\u2606Yuni Sensei\n|t:|1682867080\n|gametype|doubles\n|player|p1|abhinavamp|hilbert|1339\n|player|p2|Yuni Sensei|ninjaboy|1402\n|teamsize|p1|6\n|teamsize|p2|6\n|gen|9\n|tier|[Gen 9] VGC 2023 Regulation C\n|rated|\n|rule|Species Clause: Limit one of each Pok\u00e9mon\n|rule|Item Clause: Limit one of each item\n|clearpoke\n|poke|p1|Dragapult, L50, M|\n|poke|p1|Chien-Pao, L50|\n|poke|p1|Arcanine, L50, M|\n|poke|p1|Palafin, L50, M|\n|poke|p1|Amoonguss, L50, M|\n|poke|p1|Flutter Mane, L50|\n|poke|p2|Annihilape, L50, F|\n|poke|p2|Maushold, L50|\n|poke|p2|Talonflame, L50, F|\n|poke|p2|Ting-Lu, L50|\n|poke|p2|Gyarados, L50, F|\n|poke|p2|Brute Bonnet, L50|\n|teampreview|4\n|j| Large91\n|inactive|Battle timer is ON: inactive players will automatically lose when time's up. (requested by abhinavamp)\n|\n|t:|1682867101\n|start\n|switch|p1a: Dragapult|Dragapult, L50, M|100\/100\n|switch|p1b: Chien-Pao|Chien-Pao, L50|100\/100\n|switch|p2a: Talonflame|Talonflame, L50, F, shiny|100\/100\n|switch|p2b: Brute Bonnet|Brute Bonnet, L50|100\/100\n|-ability|p1b: Chien-Pao|Sword of Ruin\n|turn|1\n|\n|t:|1682867120\n|-terastallize|p2b: Brute Bonnet|Water\n|move|p2a: Talonflame|Tailwind|p2a: Talonflame\n|-sidestart|p2: Yuni Sensei|move: Tailwind\n|move|p2b: Brute Bonnet|Spore|p1a: Dragapult\n|-status|p1a: Dragapult|slp|[from] move: Spore\n|cant|p1a: Dragapult|slp\n|move|p1b: Chien-Pao|Ice Spinner|p2b: Brute Bonnet\n|-resisted|p2b: Brute Bonnet\n|-damage|p2b: Brute Bonnet|77\/100\n|\n|upkeep\n|turn|2\n|\n|t:|1682867140\n|move|p2a: Talonflame|Will-O-Wisp||[still]\n|-fail|p2a: Talonflame\n|move|p2b: Brute Bonnet|Spore|p1b: Chien-Pao\n|-status|p1b: Chien-Pao|slp|[from] move: Spore\n|-curestatus|p1a: Dragapult|slp|[msg]\n|move|p1a: Dragapult|Dragon Darts|p2b: Brute Bonnet\n|-damage|p2b: Brute Bonnet|31\/100\n|-anim|p1a: Dragapult|Dragon Darts|p2a: Talonflame\n|-damage|p2a: Talonflame|42\/100\n|cant|p1b: Chien-Pao|slp\n|\n|upkeep\n|turn|3\n|inactive|Yuni Sensei has 30 seconds left.\n|\n|t:|1682867165\n|move|p2a: Talonflame|Brave Bird|p1b: Chien-Pao\n|-damage|p1b: Chien-Pao|51\/100 slp\n|-damage|p2a: Talonflame|28\/100|[from] Recoil\n|move|p2b: Brute Bonnet|Spore|p1a: Dragapult\n|-status|p1a: Dragapult|slp|[from] move: Spore\n|cant|p1a: Dragapult|slp\n|-curestatus|p1b: Chien-Pao|slp|[msg]\n|move|p1b: Chien-Pao|Ice Spinner|p2a: Talonflame\n|-damage|p2a: Talonflame|0 fnt\n|faint|p2a: Talonflame\n|\n|upkeep\n|c|\u2606Yuni Sensei|lol\n|\n|t:|1682867188\n|switch|p2a: Ting-Lu|Ting-Lu, L50|100\/100\n|-ability|p2a: Ting-Lu|Vessel of Ruin\n|turn|4\n|l| Large91\n|\n|t:|1682867196\n|-end|p2b: Brute Bonnet|Protosynthesis|[silent]\n|switch|p2b: Gyarados|Gyarados, L50, F|100\/100\n|-ability|p2b: Gyarados|Intimidate|boost\n|-fail|p1a: Dragapult|unboost|[from] ability: Clear Body|[of] p1a: Dragapult\n|-unboost|p1b: Chien-Pao|atk|1\n|move|p1b: Chien-Pao|Protect|p1b: Chien-Pao\n|-singleturn|p1b: Chien-Pao|Protect\n|-curestatus|p1a: Dragapult|slp|[msg]\n|move|p1a: Dragapult|Dragon Darts|p2b: Gyarados\n|-damage|p2b: Gyarados|57\/100\n|-anim|p1a: Dragapult|Dragon Darts|p2a: Ting-Lu\n|-damage|p2a: Ting-Lu|69\/100\n|move|p2a: Ting-Lu|Earthquake|p1a: Dragapult|[spread] p1a\n|-activate|p1b: Chien-Pao|move: Protect\n|-immune|p2b: Gyarados\n|-damage|p1a: Dragapult|0 fnt\n|faint|p1a: Dragapult\n|\n|-sideend|p2: Yuni Sensei|move: Tailwind\n|upkeep\n|inactive|abhinavamp has 30 seconds left.\n|\n|t:|1682867222\n|switch|p1a: Flutter Mane|Flutter Mane, L50|100\/100\n|-enditem|p1a: Flutter Mane|Booster Energy\n|-activate|p1a: Flutter Mane|ability: Protosynthesis|[fromitem]\n|-start|p1a: Flutter Mane|protosynthesisspe\n|turn|5\n|j| Large91\n|\n|t:|1682867230\n|move|p1a: Flutter Mane|Substitute|p1a: Flutter Mane\n|-start|p1a: Flutter Mane|Substitute\n|-damage|p1a: Flutter Mane|76\/100\n|move|p1b: Chien-Pao|Ice Spinner|p2a: Ting-Lu\n|-supereffective|p2a: Ting-Lu\n|-damage|p2a: Ting-Lu|21\/100\n|move|p2b: Gyarados|Waterfall|p1a: Flutter Mane\n|-end|p1a: Flutter Mane|Substitute\n|move|p2a: Ting-Lu|Earthquake|p1a: Flutter Mane|[spread] p1a,p1b\n|-immune|p2b: Gyarados\n|-damage|p1a: Flutter Mane|0 fnt\n|-damage|p1b: Chien-Pao|0 fnt\n|faint|p1a: Flutter Mane\n|-end|p1a: Flutter Mane|Protosynthesis|[silent]\n|faint|p1b: Chien-Pao\n|\n|upkeep\n|\n|t:|1682867245\n|switch|p1b: Palafin|Palafin, L50, M|100\/100\n|turn|6\n|\n|t:|1682867257\n|-terastallize|p1b: Palafin|Water\n|move|p1b: Palafin|Jet Punch|p2a: Ting-Lu\n|-supereffective|p2a: Ting-Lu\n|-damage|p2a: Ting-Lu|0 fnt\n|faint|p2a: Ting-Lu\n|move|p2b: Gyarados|Thunder Wave|p1b: Palafin\n|-status|p1b: Palafin|par\n|\n|upkeep\n|\n|t:|1682867264\n|switch|p2a: Brute Bonnet|Brute Bonnet, L50, tera:Water|31\/100\n|turn|7\n|\n|t:|1682867270\n|move|p2a: Brute Bonnet|Seed Bomb|p1b: Palafin\n|-supereffective|p1b: Palafin\n|-damage|p1b: Palafin|0 fnt\n|faint|p1b: Palafin\n|-damage|p2a: Brute Bonnet|21\/100|[from] item: Life Orb\n|\n|win|Yuni Sensei\n|raw|abhinavamp's rating: 1339 → 1323<\/strong> (-16 for losing)\n|raw|Yuni Sensei's rating: 1402 → 1418<\/strong> (+16 for winning)\n|l|\u2606abhinavamp\n","uploadtime":1682867281,"views":14,"p1id":"abhinavamp","p2id":"yunisensei","formatid":"gen9vgc2023regulationc","rating":1323,"private":0,"password":""}