{"id":"gen9vgc2023regulationc-1847212936","p1":"AediionVGC","p2":"PrinceVgcIsBack","format":"[Gen 9] VGC 2023 Regulation C","log":"|j|\u2606AediionVGC\n|j|\u2606PrinceVgcIsBack\n|t:|1681928273\n|gametype|doubles\n|player|p1|AediionVGC|169|1030\n|player|p2|PrinceVgcIsBack|170|1075\n|teamsize|p1|6\n|teamsize|p2|6\n|gen|9\n|tier|[Gen 9] VGC 2023 Regulation C\n|rated|\n|rule|Species Clause: Limit one of each Pok\u00e9mon\n|rule|Item Clause: Limit one of each item\n|clearpoke\n|poke|p1|Torkoal, L50, F|\n|poke|p1|Lilligant, L50, F|\n|poke|p1|Azumarill, L50, F|\n|poke|p1|Brute Bonnet, L50|\n|poke|p1|Slowking, L50, M|\n|poke|p1|Staraptor, L50, F|\n|poke|p2|Palafin, L50, F|\n|poke|p2|Flutter Mane, L50|\n|poke|p2|Arcanine, L50, F|\n|poke|p2|Amoonguss, L50, M|\n|poke|p2|Ting-Lu, L50|\n|poke|p2|Baxcalibur, L50, F|\n|teampreview|4\nPrinceVgcIsBack has agreed to open team sheets.\nAediionVGC has agreed to open team sheets.\n|c|\u2606PrinceVgcIsBack|lilli-koal <3\n|inactive|Battle timer is ON: inactive players will automatically lose when time's up. (requested by AediionVGC)\n|\n|t:|1681928377\n|start\n|switch|p1a: Azumarill|Azumarill, L50, F|100\/100\n|switch|p1b: Brute Bonnet|Brute Bonnet, L50|100\/100\n|switch|p2a: Ting-Lu|Ting-Lu, L50|100\/100\n|switch|p2b: Arcanine|Arcanine, L50, F|100\/100\n|-ability|p2b: Arcanine|Intimidate|boost\n|-unboost|p1a: Azumarill|atk|1\n|-unboost|p1b: Brute Bonnet|atk|1\n|-ability|p2a: Ting-Lu|Vessel of Ruin\n|turn|1\n|\n|t:|1681928400\n|move|p1a: Azumarill|Protect|p1a: Azumarill\n|-singleturn|p1a: Azumarill|Protect\n|move|p2b: Arcanine|Will-O-Wisp|p1a: Azumarill\n|-activate|p1a: Azumarill|move: Protect\n|move|p1b: Brute Bonnet|Spore|p2a: Ting-Lu\n|-status|p2a: Ting-Lu|slp|[from] move: Spore\n|cant|p2a: Ting-Lu|slp\n|\n|upkeep\n|turn|2\n|\n|t:|1681928416\n|-end|p1b: Brute Bonnet|Protosynthesis|[silent]\n|switch|p1b: Lilligant|Lilligant, L50, F|100\/100\n|switch|p1a: Torkoal|Torkoal, L50, F|100\/100\n|-weather|SunnyDay|[from] ability: Drought|[of] p1a: Torkoal\n|move|p2b: Arcanine|Will-O-Wisp|p1a: Torkoal\n|-immune|p1a: Torkoal\n|-curestatus|p2a: Ting-Lu|slp|[msg]\n|move|p2a: Ting-Lu|Ruination|p1b: Lilligant\n|-damage|p1b: Lilligant|51\/100\n|\n|-weather|SunnyDay|[upkeep]\n|upkeep\n|turn|3\n|\n|t:|1681928436\n|-terastallize|p2a: Ting-Lu|Fire\n|-terastallize|p1a: Torkoal|Fire\n|move|p2b: Arcanine|Extreme Speed|p1a: Torkoal\n|-damage|p1a: Torkoal|81\/100\n|move|p1b: Lilligant|After You|p1a: Torkoal\n|-activate|p1a: Torkoal|move: After You\n|move|p1a: Torkoal|Eruption|p2a: Ting-Lu|[spread] p2a,p2b\n|-resisted|p2a: Ting-Lu\n|-resisted|p2b: Arcanine\n|-damage|p2a: Ting-Lu|77\/100\n|-damage|p2b: Arcanine|64\/100\n|move|p2a: Ting-Lu|Stomping Tantrum|p1a: Torkoal\n|-supereffective|p1a: Torkoal\n|-damage|p1a: Torkoal|23\/100\n|\n|-weather|SunnyDay|[upkeep]\n|upkeep\n|turn|4\n|inactive|PrinceVgcIsBack has 30 seconds left.\n|\n|t:|1681928466\n|move|p2b: Arcanine|Extreme Speed|p1b: Lilligant\n|-damage|p1b: Lilligant|20\/100\n|move|p1b: Lilligant|Sleep Powder|p2a: Ting-Lu\n|-status|p2a: Ting-Lu|slp|[from] move: Sleep Powder\n|cant|p2a: Ting-Lu|slp\n|move|p1a: Torkoal|Earth Power|p2b: Arcanine\n|-supereffective|p2b: Arcanine\n|-damage|p2b: Arcanine|20\/100\n|\n|-weather|SunnyDay|[upkeep]\n|upkeep\n|turn|5\n|\n|t:|1681928489\n|move|p2b: Arcanine|Protect|p2b: Arcanine\n|-singleturn|p2b: Arcanine|Protect\n|move|p1b: Lilligant|Pollen Puff|p1a: Torkoal\n|-heal|p1a: Torkoal|73\/100\n|-curestatus|p2a: Ting-Lu|slp|[msg]\n|move|p2a: Ting-Lu|Stomping Tantrum|p1a: Torkoal\n|-supereffective|p1a: Torkoal\n|-damage|p1a: Torkoal|0 fnt\n|faint|p1a: Torkoal\n|\n|-weather|SunnyDay|[upkeep]\n|upkeep\n|\n|t:|1681928495\n|switch|p1a: Brute Bonnet|Brute Bonnet, L50|100\/100\n|-activate|p1a: Brute Bonnet|ability: Protosynthesis\n|-start|p1a: Brute Bonnet|protosynthesisspd\n|turn|6\n|\n|t:|1681928517\n|move|p1b: Lilligant|Helping Hand|p1a: Brute Bonnet\n|-singleturn|p1a: Brute Bonnet|Helping Hand|[of] p1b: Lilligant\n|move|p2b: Arcanine|Extreme Speed|p1b: Lilligant\n|-damage|p1b: Lilligant|0 fnt\n|faint|p1b: Lilligant\n|move|p1a: Brute Bonnet|Sucker Punch|p2a: Ting-Lu\n|-damage|p2a: Ting-Lu|50\/100\n|move|p2a: Ting-Lu|Ruination|p1a: Brute Bonnet\n|-damage|p1a: Brute Bonnet|50\/100\n|\n|-weather|none\n|-end|p1a: Brute Bonnet|Protosynthesis\n|upkeep\n|\n|t:|1681928527\n|switch|p1b: Azumarill|Azumarill, L50, F|100\/100\n|turn|7\n|inactive|PrinceVgcIsBack has 30 seconds left.\n|inactive|PrinceVgcIsBack has 20 seconds left.\n|inactive|PrinceVgcIsBack has 15 seconds left.\n|inactive|PrinceVgcIsBack has 10 seconds left.\n|\n|t:|1681928573\n|switch|p2b: Palafin|Palafin, L50, F|100\/100\n|switch|p2a: Amoonguss|Amoonguss, L50, M|100\/100\n|move|p1a: Brute Bonnet|Synthesis|p1a: Brute Bonnet\n|-heal|p1a: Brute Bonnet|100\/100\n|move|p1b: Azumarill|Belly Drum|p1b: Azumarill\n|-damage|p1b: Azumarill|50\/100\n|-setboost|p1b: Azumarill|atk|6|[from] move: Belly Drum\n|-enditem|p1b: Azumarill|Sitrus Berry|[eat]\n|-heal|p1b: Azumarill|75\/100|[from] item: Sitrus Berry\n|\n|upkeep\n|turn|8\n|\n|t:|1681928588\n|move|p2b: Palafin|Protect|p2b: Palafin\n|-singleturn|p2b: Palafin|Protect\n|move|p1a: Brute Bonnet|Rage Powder|p1a: Brute Bonnet\n|-singleturn|p1a: Brute Bonnet|move: Rage Powder\n|move|p1b: Azumarill|Play Rough|p2a: Amoonguss\n|-resisted|p2a: Amoonguss\n|-damage|p2a: Amoonguss|7\/100\n|-enditem|p2a: Amoonguss|Sitrus Berry|[eat]\n|-heal|p2a: Amoonguss|32\/100|[from] item: Sitrus Berry\n|move|p2a: Amoonguss|Spore|p1b: Azumarill\n|-status|p1b: Azumarill|slp|[from] move: Spore\n|\n|upkeep\n|turn|9\n|\n|t:|1681928613\n|detailschange|p2b: Palafin|Palafin-Hero, L50, F\n|switch|p2b: Arcanine|Arcanine, L50, F|20\/100\n|-ability|p2b: Arcanine|Intimidate|boost\n|-unboost|p1a: Brute Bonnet|atk|1\n|-unboost|p1b: Azumarill|atk|1\n|cant|p1b: Azumarill|slp\n|move|p1a: Brute Bonnet|Spore|p2b: Arcanine\n|-activate|p2b: Arcanine|item: Safety Goggles|Spore\n|move|p2a: Amoonguss|Pollen Puff|p2b: Arcanine\n|-heal|p2b: Arcanine|70\/100\n|\n|upkeep\n|turn|10\n|inactive|PrinceVgcIsBack has 30 seconds left.\n|\n|t:|1681928640\n|move|p2b: Arcanine|Extreme Speed|p1b: Azumarill\n|-damage|p1b: Azumarill|47\/100 slp\n|move|p2a: Amoonguss|Rage Powder|p2a: Amoonguss\n|-singleturn|p2a: Amoonguss|move: Rage Powder\n|move|p1a: Brute Bonnet|Sucker Punch||[still]\n|-fail|p1a: Brute Bonnet\n|-curestatus|p1b: Azumarill|slp|[msg]\n|move|p1b: Azumarill|Aqua Jet|p2a: Amoonguss\n|-resisted|p2a: Amoonguss\n|-damage|p2a: Amoonguss|0 fnt\n|faint|p2a: Amoonguss\n|\n|upkeep\n|\n|t:|1681928655\n|switch|p2a: Ting-Lu|Ting-Lu, L50, tera:Fire|50\/100\n|-ability|p2a: Ting-Lu|Vessel of Ruin\n|turn|11\n|\n|t:|1681928668\n|move|p2a: Ting-Lu|Protect|p2a: Ting-Lu\n|-singleturn|p2a: Ting-Lu|Protect\n|move|p2b: Arcanine|Extreme Speed|p1b: Azumarill\n|-damage|p1b: Azumarill|18\/100\n|move|p1a: Brute Bonnet|Rage Powder|p1a: Brute Bonnet\n|-singleturn|p1a: Brute Bonnet|move: Rage Powder\n|move|p1b: Azumarill|Aqua Jet|p2b: Arcanine\n|-supereffective|p2b: Arcanine\n|-damage|p2b: Arcanine|0 fnt\n|faint|p2b: Arcanine\n|\n|upkeep\n|\n|t:|1681928678\n|switch|p2b: Palafin|Palafin-Hero, L50, F|100\/100\n|-activate|p2b: Palafin|ability: Zero to Hero\n|turn|12\n|\n|t:|1681928699\n|move|p1b: Azumarill|Protect|p1b: Azumarill\n|-singleturn|p1b: Azumarill|Protect\n|move|p2b: Palafin|Haze|p2b: Palafin\n|-clearallboost\n|move|p1a: Brute Bonnet|Spore|p2b: Palafin\n|-status|p2b: Palafin|slp|[from] move: Spore\n|move|p2a: Ting-Lu|Heavy Slam|p1b: Azumarill\n|-activate|p1b: Azumarill|move: Protect\n|\n|upkeep\n|turn|13\n|inactive|AediionVGC has 30 seconds left.\n|\n|t:|1681928729\n|move|p2a: Ting-Lu|Protect|p2a: Ting-Lu\n|-singleturn|p2a: Ting-Lu|Protect\n|move|p1a: Brute Bonnet|Rage Powder|p1a: Brute Bonnet\n|-singleturn|p1a: Brute Bonnet|move: Rage Powder\n|cant|p2b: Palafin|slp\n|move|p1b: Azumarill|Play Rough|p2b: Palafin\n|-damage|p2b: Palafin|50\/100 slp\n|\n|upkeep\n|turn|14\n|inactive|AediionVGC has 30 seconds left.\n|inactive|PrinceVgcIsBack has 30 seconds left.\n|\n|t:|1681928763\n|cant|p2b: Palafin|slp\n|move|p1a: Brute Bonnet|Rage Powder|p1a: Brute Bonnet\n|-singleturn|p1a: Brute Bonnet|move: Rage Powder\n|move|p1b: Azumarill|Aqua Jet|p2a: Ting-Lu\n|-supereffective|p2a: Ting-Lu\n|-damage|p2a: Ting-Lu|19\/100\n|-enditem|p2a: Ting-Lu|Weakness Policy\n|-boost|p2a: Ting-Lu|atk|2|[from] item: Weakness Policy\n|-boost|p2a: Ting-Lu|spa|2|[from] item: Weakness Policy\n|move|p2a: Ting-Lu|Ruination|p1a: Brute Bonnet\n|-damage|p1a: Brute Bonnet|50\/100\n|\n|upkeep\n|turn|15\n|\n|t:|1681928787\n|move|p1a: Brute Bonnet|Rage Powder|p1a: Brute Bonnet\n|-singleturn|p1a: Brute Bonnet|move: Rage Powder\n|-curestatus|p2b: Palafin|slp|[msg]\n|move|p2b: Palafin|Jet Punch|p1a: Brute Bonnet\n|-resisted|p1a: Brute Bonnet\n|-damage|p1a: Brute Bonnet|31\/100\n|move|p1b: Azumarill|Play Rough|p2b: Palafin\n|-damage|p2b: Palafin|0 fnt\n|faint|p2b: Palafin\n|move|p2a: Ting-Lu|Heavy Slam|p1a: Brute Bonnet\n|-damage|p1a: Brute Bonnet|0 fnt\n|faint|p1a: Brute Bonnet\n|-end|p1a: Brute Bonnet|Protosynthesis|[silent]\n|\n|upkeep\n|turn|16\n|\n|t:|1681928808\n|move|p2a: Ting-Lu|Protect|p2a: Ting-Lu\n|-singleturn|p2a: Ting-Lu|Protect\n|move|p1b: Azumarill|Aqua Jet|p2a: Ting-Lu\n|-activate|p2a: Ting-Lu|move: Protect\n|\n|upkeep\n|turn|17\n|\n|t:|1681928815\n|move|p2a: Ting-Lu|Protect||[still]\n|-fail|p2a: Ting-Lu\n|move|p1b: Azumarill|Aqua Jet|p2a: Ting-Lu\n|-supereffective|p2a: Ting-Lu\n|-damage|p2a: Ting-Lu|0 fnt\n|faint|p2a: Ting-Lu\n|\n|win|AediionVGC\n|raw|AediionVGC's rating: 1030 → 1070<\/strong> (+40 for winning)\n|raw|PrinceVgcIsBack's rating: 1075 → 1051<\/strong> (-24 for losing)\n|c|\u2606AediionVGC|gg, very close match\n|l|\u2606PrinceVgcIsBack\n","uploadtime":1681928867,"views":9,"p1id":"aediionvgc","p2id":"princevgcisback","formatid":"gen9vgc2023regulationc","rating":1051,"private":0,"password":""}