{"id":"gen9vgc2023regulationc-1856981428","p1":"leolc0926","p2":"Steeltrainer","format":"[Gen 9] VGC 2023 Regulation C","log":"|j|\u2606leolc0926\n|j|\u2606Steeltrainer\n|t:|1683133158\n|gametype|doubles\n|player|p1|leolc0926|steven|1214\n|player|p2|Steeltrainer|169|1302\n|teamsize|p1|6\n|teamsize|p2|6\n|gen|9\n|tier|[Gen 9] VGC 2023 Regulation C\n|rated|\n|rule|Species Clause: Limit one of each Pok\u00e9mon\n|rule|Item Clause: Limit one of each item\n|clearpoke\n|poke|p1|Roaring Moon, L50|\n|poke|p1|Arcanine, L50, M|\n|poke|p1|Palafin, L50, F|\n|poke|p1|Amoonguss, L50, F|\n|poke|p1|Flutter Mane, L50|\n|poke|p1|Ting-Lu, L50|\n|poke|p2|Amoonguss, L50, M|\n|poke|p2|Flutter Mane, L50|\n|poke|p2|Arcanine, L50, M|\n|poke|p2|Dragapult, L50, F|\n|poke|p2|Ting-Lu, L50|\n|poke|p2|Gothitelle, L50, M|\n|teampreview|4\n|\n|t:|1683133234\n|start\n|switch|p1a: \u632f\u7ffc\u4fa0|Flutter Mane, L50, shiny|100\/100\n|switch|p1b: Palafin|Palafin, L50, F|100\/100\n|switch|p2a: Gothitelle|Gothitelle, L50, M|100\/100\n|switch|p2b: Arcanine|Arcanine, L50, M|100\/100\n|-ability|p2b: Arcanine|Intimidate|boost\n|-unboost|p1a: \u632f\u7ffc\u4fa0|atk|1\n|-unboost|p1b: Palafin|atk|1\n|turn|1\n|\n|t:|1683133255\n|-terastallize|p1b: Palafin|Water\n|-terastallize|p2b: Arcanine|Water\n|move|p2a: Gothitelle|Protect|p2a: Gothitelle\n|-singleturn|p2a: Gothitelle|Protect\n|move|p1a: \u632f\u7ffc\u4fa0|Shadow Ball|p2a: Gothitelle\n|-activate|p2a: Gothitelle|move: Protect\n|move|p1b: Palafin|Wave Crash|p2a: Gothitelle\n|-activate|p2a: Gothitelle|move: Protect\n|move|p2b: Arcanine|Will-O-Wisp|p1b: Palafin|[miss]\n|-miss|p2b: Arcanine|p1b: Palafin\n|\n|upkeep\n|turn|2\n|\n|t:|1683133278\n|move|p1a: \u632f\u7ffc\u4fa0|Shadow Ball|p2a: Gothitelle\n|-supereffective|p2a: Gothitelle\n|-damage|p2a: Gothitelle|8\/100\n|-enditem|p2a: Gothitelle|Sitrus Berry|[eat]\n|-heal|p2a: Gothitelle|33\/100|[from] item: Sitrus Berry\n|move|p1b: Palafin|Wave Crash|p2a: Gothitelle\n|-damage|p2a: Gothitelle|0 fnt\n|faint|p2a: Gothitelle\n|-damage|p1b: Palafin|91\/100|[from] Recoil\n|move|p2b: Arcanine|Will-O-Wisp|p1b: Palafin\n|-status|p1b: Palafin|brn\n|\n|-damage|p1b: Palafin|86\/100 brn|[from] brn\n|upkeep\n|\n|t:|1683133294\n|switch|p2a: Dragapult|Dragapult, L50, F|100\/100\n|turn|3\n|\n|t:|1683133313\n|detailschange|p1b: Palafin|Palafin-Hero, L50, F, tera:Water\n|switch|p1b: \u75af\u72d7\u4fa0|Arcanine, L50, M, shiny|100\/100\n|-ability|p1b: \u75af\u72d7\u4fa0|Intimidate|boost\n|-fail|p2a: Dragapult|unboost|[from] ability: Clear Body|[of] p2a: Dragapult\n|-unboost|p2b: Arcanine|atk|1\n|move|p2a: Dragapult|U-turn|p1b: \u75af\u72d7\u4fa0\n|-resisted|p1b: \u75af\u72d7\u4fa0\n|-damage|p1b: \u75af\u72d7\u4fa0|83\/100\n|\n|t:|1683133322\n|switch|p2a: Flutter Mane|Flutter Mane, L50|100\/100|[from] U-turn\n|move|p1a: \u632f\u7ffc\u4fa0|Shadow Ball|p2b: Arcanine\n|-damage|p2b: Arcanine|56\/100\n|move|p2b: Arcanine|Snarl|p1a: \u632f\u7ffc\u4fa0|[spread] p1a,p1b\n|-damage|p1a: \u632f\u7ffc\u4fa0|90\/100\n|-damage|p1b: \u75af\u72d7\u4fa0|72\/100\n|-unboost|p1a: \u632f\u7ffc\u4fa0|spa|1\n|-unboost|p1b: \u75af\u72d7\u4fa0|spa|1\n|\n|upkeep\n|turn|4\n|\n|t:|1683133341\n|-end|p1a: \u632f\u7ffc\u4fa0|Protosynthesis|[silent]\n|switch|p1a: Hutsassa|Amoonguss, L50, F|100\/100\n|move|p2a: Flutter Mane|Shadow Ball|p1a: Hutsassa\n|-damage|p1a: Hutsassa|66\/100\n|move|p1b: \u75af\u72d7\u4fa0|Flare Blitz|p2a: Flutter Mane\n|-enditem|p2a: Flutter Mane|Focus Sash\n|-damage|p2a: Flutter Mane|1\/100\n|-damage|p1b: \u75af\u72d7\u4fa0|50\/100|[from] Recoil\n|move|p2b: Arcanine|Morning Sun|p2b: Arcanine\n|-heal|p2b: Arcanine|100\/100\n|\n|upkeep\n|turn|5\n|\n|t:|1683133371\n|move|p2a: Flutter Mane|Protect|p2a: Flutter Mane\n|-singleturn|p2a: Flutter Mane|Protect\n|move|p1b: \u75af\u72d7\u4fa0|Protect|p1b: \u75af\u72d7\u4fa0\n|-singleturn|p1b: \u75af\u72d7\u4fa0|Protect\n|move|p2b: Arcanine|Flamethrower|p1a: Hutsassa\n|-supereffective|p1a: Hutsassa\n|-damage|p1a: Hutsassa|17\/100\n|-enditem|p1a: Hutsassa|Sitrus Berry|[eat]\n|-heal|p1a: Hutsassa|42\/100|[from] item: Sitrus Berry\n|move|p1a: Hutsassa|Spore|p2a: Flutter Mane\n|-activate|p2a: Flutter Mane|move: Protect\n|\n|upkeep\n|turn|6\n|\n|t:|1683133416\n|move|p1a: Hutsassa|Protect|p1a: Hutsassa\n|-singleturn|p1a: Hutsassa|Protect\n|move|p2a: Flutter Mane|Shadow Ball|p1b: \u75af\u72d7\u4fa0\n|-damage|p1b: \u75af\u72d7\u4fa0|1\/100\n|move|p1b: \u75af\u72d7\u4fa0|Will-O-Wisp|p2a: Flutter Mane|[miss]\n|-miss|p1b: \u75af\u72d7\u4fa0|p2a: Flutter Mane\n|move|p2b: Arcanine|Flamethrower|p1a: Hutsassa\n|-activate|p1a: Hutsassa|move: Protect\n|\n|upkeep\n|turn|7\n|\n|t:|1683133433\n|switch|p1a: Palafin|Palafin-Hero, L50, F, tera:Water|86\/100 brn\n|-activate|p1a: Palafin|ability: Zero to Hero\n|move|p1b: \u75af\u72d7\u4fa0|Protect|p1b: \u75af\u72d7\u4fa0\n|-singleturn|p1b: \u75af\u72d7\u4fa0|Protect\n|move|p2a: Flutter Mane|Shadow Ball|p1b: \u75af\u72d7\u4fa0\n|-activate|p1b: \u75af\u72d7\u4fa0|move: Protect\n|move|p2b: Arcanine|Flamethrower|p1a: Palafin\n|-resisted|p1a: Palafin\n|-damage|p1a: Palafin|69\/100 brn\n|\n|-damage|p1a: Palafin|63\/100 brn|[from] brn\n|upkeep\n|turn|8\n|\n|t:|1683133450\n|switch|p1b: Hutsassa|Amoonguss, L50, F|75\/100\n|move|p2a: Flutter Mane|Protect|p2a: Flutter Mane\n|-singleturn|p2a: Flutter Mane|Protect\n|move|p1a: Palafin|Jet Punch|p2a: Flutter Mane\n|-activate|p2a: Flutter Mane|move: Protect\n|move|p2b: Arcanine|Snarl|p1a: Palafin|[spread] p1a,p1b\n|-damage|p1a: Palafin|54\/100 brn\n|-damage|p1b: Hutsassa|67\/100\n|-unboost|p1a: Palafin|spa|1\n|-unboost|p1b: Hutsassa|spa|1\n|\n|-damage|p1a: Palafin|48\/100 brn|[from] brn\n|upkeep\n|turn|9\n|\n|t:|1683133468\n|move|p1a: Palafin|Jet Punch|p2a: Flutter Mane\n|-damage|p2a: Flutter Mane|0 fnt\n|faint|p2a: Flutter Mane\n|-end|p2a: Flutter Mane|Protosynthesis|[silent]\n|move|p2b: Arcanine|Flamethrower|p1b: Hutsassa\n|-supereffective|p1b: Hutsassa\n|-damage|p1b: Hutsassa|17\/100\n|move|p1b: Hutsassa|Pollen Puff|p1a: Palafin\n|-heal|p1a: Palafin|98\/100 brn\n|\n|-damage|p1a: Palafin|92\/100 brn|[from] brn\n|upkeep\n|\n|t:|1683133474\n|switch|p2a: Dragapult|Dragapult, L50, F|100\/100\n|turn|10\n|\n|t:|1683133503\n|move|p1b: Hutsassa|Protect|p1b: Hutsassa\n|-singleturn|p1b: Hutsassa|Protect\n|move|p2a: Dragapult|Dragon Darts|p1a: Palafin\n|-damage|p1a: Palafin|60\/100 brn\n|-anim|p2a: Dragapult|Dragon Darts|p1a: Palafin\n|-damage|p1a: Palafin|25\/100 brn\n|move|p1a: Palafin|Wave Crash|p2a: Dragapult\n|-resisted|p2a: Dragapult\n|-damage|p2a: Dragapult|58\/100\n|-damage|p1a: Palafin|14\/100 brn|[from] Recoil\n|move|p2b: Arcanine|Snarl|p1b: Hutsassa|[spread] p1a\n|-activate|p1b: Hutsassa|move: Protect\n|-damage|p1a: Palafin|4\/100 brn\n|-unboost|p1a: Palafin|spa|1\n|\n|-damage|p1a: Palafin|0 fnt|[from] brn\n|faint|p1a: Palafin\n|upkeep\n|\n|t:|1683133521\n|switch|p1a: \u632f\u7ffc\u4fa0|Flutter Mane, L50, shiny|90\/100\n|turn|11\n|\n|t:|1683133537\n|switch|p1b: \u75af\u72d7\u4fa0|Arcanine, L50, M, shiny|1\/100\n|-ability|p1b: \u75af\u72d7\u4fa0|Intimidate|boost\n|-fail|p2a: Dragapult|unboost|[from] ability: Clear Body|[of] p2a: Dragapult\n|-unboost|p2b: Arcanine|atk|1\n|move|p2a: Dragapult|Dragon Darts|p1b: \u75af\u72d7\u4fa0\n|-damage|p1b: \u75af\u72d7\u4fa0|0 fnt\n|faint|p1b: \u75af\u72d7\u4fa0\n|move|p1a: \u632f\u7ffc\u4fa0|Moonblast|p2a: Dragapult\n|-supereffective|p2a: Dragapult\n|-damage|p2a: Dragapult|0 fnt\n|faint|p2a: Dragapult\n|move|p2b: Arcanine|Snarl|p1a: \u632f\u7ffc\u4fa0\n|-damage|p1a: \u632f\u7ffc\u4fa0|77\/100\n|-unboost|p1a: \u632f\u7ffc\u4fa0|spa|1\n|\n|upkeep\n|\n|t:|1683133541\n|switch|p1b: Hutsassa|Amoonguss, L50, F|50\/100\n|turn|12\n|\n|t:|1683133553\n|move|p1a: \u632f\u7ffc\u4fa0|Moonblast|p2b: Arcanine\n|-damage|p2b: Arcanine|60\/100\n|move|p2b: Arcanine|Flamethrower|p1b: Hutsassa\n|-supereffective|p1b: Hutsassa\n|-damage|p1b: Hutsassa|0 fnt\n|faint|p1b: Hutsassa\n|\n|upkeep\n|turn|13\n|\n|t:|1683133563\n|move|p1a: \u632f\u7ffc\u4fa0|Moonblast|p2b: Arcanine\n|-damage|p2b: Arcanine|19\/100\n|-unboost|p2b: Arcanine|spa|1\n|move|p2b: Arcanine|Morning Sun|p2b: Arcanine\n|-heal|p2b: Arcanine|69\/100\n|\n|upkeep\n|turn|14\n|\n|t:|1683133573\n|move|p1a: \u632f\u7ffc\u4fa0|Moonblast|p2b: Arcanine\n|-damage|p2b: Arcanine|28\/100\n|-unboost|p2b: Arcanine|spa|1\n|move|p2b: Arcanine|Morning Sun|p2b: Arcanine\n|-heal|p2b: Arcanine|78\/100\n|\n|upkeep\n|turn|15\n|\n|t:|1683133583\n|move|p1a: \u632f\u7ffc\u4fa0|Moonblast|p2b: Arcanine\n|-damage|p2b: Arcanine|43\/100\n|-unboost|p2b: Arcanine|spa|1\n|move|p2b: Arcanine|Morning Sun|p2b: Arcanine\n|-heal|p2b: Arcanine|93\/100\n|\n|upkeep\n|turn|16\n|c|\u2606leolc0926|lol\n|\n|t:|1683133590\n|move|p1a: \u632f\u7ffc\u4fa0|Moonblast|p2b: Arcanine\n|-damage|p2b: Arcanine|58\/100\n|move|p2b: Arcanine|Snarl|p1a: \u632f\u7ffc\u4fa0\n|-damage|p1a: \u632f\u7ffc\u4fa0|71\/100\n|-unboost|p1a: \u632f\u7ffc\u4fa0|spa|1\n|\n|upkeep\n|turn|17\n|\n|t:|1683133599\n|move|p1a: \u632f\u7ffc\u4fa0|Moonblast|p2b: Arcanine\n|-damage|p2b: Arcanine|30\/100\n|-unboost|p2b: Arcanine|spa|1\n|move|p2b: Arcanine|Morning Sun|p2b: Arcanine\n|-heal|p2b: Arcanine|80\/100\n|\n|upkeep\n|turn|18\n|\n|t:|1683133607\n|move|p1a: \u632f\u7ffc\u4fa0|Moonblast|p2b: Arcanine\n|-damage|p2b: Arcanine|52\/100\n|-unboost|p2b: Arcanine|spa|1\n|move|p2b: Arcanine|Will-O-Wisp|p1a: \u632f\u7ffc\u4fa0\n|-status|p1a: \u632f\u7ffc\u4fa0|brn\n|\n|-damage|p1a: \u632f\u7ffc\u4fa0|65\/100 brn|[from] brn\n|upkeep\n|turn|19\n|\n|t:|1683133617\n|move|p1a: \u632f\u7ffc\u4fa0|Moonblast|p2b: Arcanine\n|-damage|p2b: Arcanine|23\/100\n|-unboost|p2b: Arcanine|spa|1\n|move|p2b: Arcanine|Morning Sun|p2b: Arcanine\n|-heal|p2b: Arcanine|73\/100\n|\n|-damage|p1a: \u632f\u7ffc\u4fa0|59\/100 brn|[from] brn\n|upkeep\n|turn|20\n|\n|t:|1683133627\n|move|p1a: \u632f\u7ffc\u4fa0|Moonblast|p2b: Arcanine\n|-damage|p2b: Arcanine|45\/100\n|move|p2b: Arcanine|Snarl|p1a: \u632f\u7ffc\u4fa0\n|-damage|p1a: \u632f\u7ffc\u4fa0|56\/100 brn\n|-unboost|p1a: \u632f\u7ffc\u4fa0|spa|1\n|\n|-damage|p1a: \u632f\u7ffc\u4fa0|50\/100 brn|[from] brn\n|upkeep\n|turn|21\n|\n|t:|1683133637\n|move|p1a: \u632f\u7ffc\u4fa0|Moonblast|p2b: Arcanine\n|-damage|p2b: Arcanine|23\/100\n|move|p2b: Arcanine|Snarl|p1a: \u632f\u7ffc\u4fa0\n|-damage|p1a: \u632f\u7ffc\u4fa0|47\/100 brn\n|-unboost|p1a: \u632f\u7ffc\u4fa0|spa|1\n|\n|-damage|p1a: \u632f\u7ffc\u4fa0|41\/100 brn|[from] brn\n|upkeep\n|turn|22\n|\n|t:|1683133647\n|move|p1a: \u632f\u7ffc\u4fa0|Moonblast|p2b: Arcanine\n|-damage|p2b: Arcanine|2\/100\n|move|p2b: Arcanine|Morning Sun|p2b: Arcanine\n|-heal|p2b: Arcanine|52\/100\n|\n|-damage|p1a: \u632f\u7ffc\u4fa0|35\/100 brn|[from] brn\n|upkeep\n|turn|23\n|\n|t:|1683133656\n|move|p1a: \u632f\u7ffc\u4fa0|Moonblast|p2b: Arcanine\n|-crit|p2b: Arcanine\n|-damage|p2b: Arcanine|0 fnt\n|faint|p2b: Arcanine\n|\n|win|leolc0926\n|raw|leolc0926's rating: 1214 → 1245<\/strong> (+31 for winning)\n|raw|Steeltrainer's rating: 1302 → 1277<\/strong> (-25 for losing)\n|c|\u2606leolc0926|gg\n|c|\u2606Steeltrainer|Gg\n|l|\u2606Steeltrainer\n","uploadtime":1683133683,"views":23,"p1id":"leolc0926","p2id":"steeltrainer","formatid":"gen9vgc2023regulationc","rating":1245,"private":0,"password":""}