{"id":"gen9vgc2023regulationc-1850845977","p1":"Ciq108","p2":"BenD870","format":"[Gen 9] VGC 2023 Regulation C","log":"|j|\u2606Ciq108\n|j|\u2606BenD870\n|t:|1682373751\n|gametype|doubles\n|player|p1|Ciq108|266|\n|player|p2|BenD870|101|\n|teamsize|p1|6\n|teamsize|p2|6\n|gen|9\n|tier|[Gen 9] VGC 2023 Regulation C\n|rule|Species Clause: Limit one of each Pok\u00e9mon\n|rule|Item Clause: Limit one of each item\n|clearpoke\n|poke|p1|Chien-Pao, L50|\n|poke|p1|Raichu, L50, F|\n|poke|p1|Gastrodon, L50, F|\n|poke|p1|Rotom-Heat, L50|\n|poke|p1|Iron Treads, L50|\n|poke|p1|Dragonite, L50, F|\n|poke|p2|Chi-Yu, L50|\n|poke|p2|Iron Bundle, L50|\n|poke|p2|Tsareena, L50, F|\n|poke|p2|Veluza, L50, M|\n|poke|p2|Vivillon-Fancy, L50, M|\n|poke|p2|Haxorus, L50, M|\n|teampreview|4\n|c|\u2606BenD870|G1\nBenD870 rejected open team sheets.\n|c|\u2606BenD870|This league wasn\u2019t open tera was it\n|c|\u2606Ciq108|Nope\n|c|\u2606Ciq108|Glhf\n|c|\u2606Ciq108|Can u do links pls\n|c|\u2606Ciq108|Also bundle has a new sprite ew\n|j| Kyogre Canucks\n|c|\u2606BenD870|Glhf!\n|c| Kyogre Canucks|glhf\n|c|\u2606Ciq108|U2\n|j| KinkyNesquick\n|\n|t:|1682373931\n|start\n|switch|p1a: Raichu|Raichu, L50, F|100\/100\n|switch|p1b: Rotom|Rotom-Heat, L50|100\/100\n|switch|p2a: Chi-Yu|Chi-Yu, L50|100\/100\n|switch|p2b: Iron Bundle|Iron Bundle, L50|100\/100\n|-ability|p2a: Chi-Yu|Beads of Ruin\n|-item|p1a: Raichu|Air Balloon\n|turn|1\n|\n|t:|1682373962\n|-end|p2b: Iron Bundle|Quark Drive|[silent]\n|switch|p2b: Tsareena|Tsareena, L50, F|100\/100\n|move|p1a: Raichu|Feint||[still]\n|cant|p2b: Tsareena|ability: Queenly Majesty|Feint|[of] p1a: Raichu\n|move|p2a: Chi-Yu|Snarl|p1b: Rotom|[spread] p1a,p1b\n|-damage|p1a: Raichu|59\/100\n|-damage|p1b: Rotom|75\/100\n|-unboost|p1a: Raichu|spa|1\n|-unboost|p1b: Rotom|spa|1\n|-enditem|p1a: Raichu|Air Balloon\n|move|p1b: Rotom|Discharge|p2a: Chi-Yu|[spread] p2a,p2b\n|-ability|p1a: Raichu|Lightning Rod|boost\n|-boost|p1a: Raichu|spa|1\n|-resisted|p2b: Tsareena\n|-damage|p2a: Chi-Yu|81\/100\n|-damage|p2b: Tsareena|94\/100\n|-status|p2a: Chi-Yu|par\n|\n|upkeep\n|turn|2\n|c|\u2606BenD870|And so it begins\n|c|\u2606BenD870|First turn too\n|\n|t:|1682374022\n|switch|p1a: Dragonite|Dragonite, L50, F|100\/100\n|move|p2a: Chi-Yu|Snarl|p1b: Rotom|[spread] p1a,p1b\n|-damage|p1a: Dragonite|91\/100\n|-damage|p1b: Rotom|46\/100\n|-unboost|p1a: Dragonite|spa|1\n|-unboost|p1b: Rotom|spa|1\n|-enditem|p1b: Rotom|Sitrus Berry|[eat]\n|-heal|p1b: Rotom|71\/100|[from] item: Sitrus Berry\n|move|p1b: Rotom|Overheat|p2b: Tsareena|[miss]\n|-miss|p1b: Rotom|p2b: Tsareena\n|move|p2b: Tsareena|High Jump Kick|p1b: Rotom\n|-damage|p1b: Rotom|36\/100\n|\n|upkeep\n|turn|3\n|c|\u2606BenD870|Oh wow\n|c|\u2606BenD870|nvm\n|\n|t:|1682374063\n|switch|p2a: Haxorus|Haxorus, L50, M|100\/100\n|-ability|p2a: Haxorus|Mold Breaker\n|-terastallize|p1a: Dragonite|Flying\n|-terastallize|p2b: Tsareena|Rock\n|move|p1b: Rotom|Protect|p1b: Rotom\n|-singleturn|p1b: Rotom|Protect\n|move|p1a: Dragonite|Tera Blast|p2b: Tsareena\n|-resisted|p2b: Tsareena\n|-damage|p2b: Tsareena|71\/100\n|move|p2b: Tsareena|Tera Blast|p1a: Dragonite\n|-supereffective|p1a: Dragonite\n|-damage|p1a: Dragonite|33\/100\n|\n|upkeep\n|turn|4\n|\n|t:|1682374089\n|move|p2a: Haxorus|Dragon Claw|p1a: Dragonite\n|-damage|p1a: Dragonite|0 fnt\n|faint|p1a: Dragonite\n|move|p1b: Rotom|Will-O-Wisp|p2a: Haxorus\n|-status|p2a: Haxorus|brn\n|-enditem|p2a: Haxorus|Lum Berry|[eat]\n|-curestatus|p2a: Haxorus|brn|[msg]\n|move|p2b: Tsareena|Tera Blast|p1b: Rotom\n|-supereffective|p1b: Rotom\n|-damage|p1b: Rotom|0 fnt\n|faint|p1b: Rotom\n|\n|upkeep\n|\n|t:|1682374099\n|switch|p1b: Raichu|Raichu, L50, F|59\/100\n|switch|p1a: Chien-Pao|Chien-Pao, L50|100\/100\n|-ability|p1a: Chien-Pao|Sword of Ruin\n|turn|5\n|\n|t:|1682374114\n|move|p1a: Chien-Pao|Protect|p1a: Chien-Pao\n|-singleturn|p1a: Chien-Pao|Protect\n|move|p1b: Raichu|Nuzzle|p2a: Haxorus\n|-resisted|p2a: Haxorus\n|-crit|p2a: Haxorus\n|-damage|p2a: Haxorus|92\/100\n|-status|p2a: Haxorus|par\n|move|p2b: Tsareena|Power Whip|p1b: Raichu|[miss]\n|-miss|p2b: Tsareena|p1b: Raichu\n|cant|p2a: Haxorus|par\n|\n|upkeep\n|turn|6\n|\n|t:|1682374137\n|move|p1a: Chien-Pao|Ice Spinner|p2a: Haxorus\n|-supereffective|p2a: Haxorus\n|-damage|p2a: Haxorus|0 fnt\n|faint|p2a: Haxorus\n|-damage|p1a: Chien-Pao|91\/100|[from] item: Life Orb\n|move|p1b: Raichu|Nuzzle|p2b: Tsareena\n|-damage|p2b: Tsareena|64\/100\n|-status|p2b: Tsareena|par\n|move|p2b: Tsareena|High Jump Kick|p1a: Chien-Pao\n|-supereffective|p1a: Chien-Pao\n|-damage|p1a: Chien-Pao|0 fnt\n|faint|p1a: Chien-Pao\n|\n|upkeep\n|\n|t:|1682374149\n|switch|p2a: Chi-Yu|Chi-Yu, L50|81\/100 par\n|-ability|p2a: Chi-Yu|Beads of Ruin\n|turn|7\n|c|\u2606Ciq108|Gg\n|c|\u2606BenD870|Gg\n|\n|t:|1682374161\n|move|p1b: Raichu|Nuzzle|p2a: Chi-Yu\n|-damage|p2a: Chi-Yu|70\/100 par\n|move|p2a: Chi-Yu|Dark Pulse|p1b: Raichu\n|-crit|p1b: Raichu\n|-damage|p1b: Raichu|0 fnt\n|faint|p1b: Raichu\n|\n|win|BenD870\n|l| KinkyNesquick\n|j| Toronto 6ix\n|l|\u2606BenD870\n|l|\u2606Ciq108\n|l| Toronto 6ix\n|j| Gazzlb\n|l| Gazzlb\n|l| Kyogre Canucks\n|j| Gazzlb\n|l| Gazzlb\n","uploadtime":1682374169,"views":21,"p1id":"ciq108","p2id":"bend870","formatid":"gen9vgc2023regulationc","rating":0,"private":0,"password":""}