{"id":"gen9vgc2023regulationc-1849899027","p1":"Verdas1128","p2":"r2vgc","format":"[Gen 9] VGC 2023 Regulation C","log":"|j|\u2606Verdas1128\n|j|\u2606r2vgc\n|t:|1682265948\n|gametype|doubles\n|player|p1|Verdas1128|caitlin|1288\n|player|p2|r2vgc|170|1309\n|teamsize|p1|6\n|teamsize|p2|6\n|gen|9\n|tier|[Gen 9] VGC 2023 Regulation C\n|rated|\n|rule|Species Clause: Limit one of each Pok\u00e9mon\n|rule|Item Clause: Limit one of each item\n|clearpoke\n|poke|p1|Garchomp, L50, M|\n|poke|p1|Wo-Chien, L50|\n|poke|p1|Gyarados, L50, M|\n|poke|p1|Flutter Mane, L50|\n|poke|p1|Glimmora, L50, M|\n|poke|p1|Arcanine, L50, F|\n|poke|p2|Flutter Mane, L50|\n|poke|p2|Garganacl, L50, M|\n|poke|p2|Amoonguss, L50, F|\n|poke|p2|Palafin, L50, M|\n|poke|p2|Arcanine, L50, F|\n|poke|p2|Ting-Lu, L50|\n|teampreview|4\nr2vgc has agreed to open team sheets.\nVerdas1128 has agreed to open team sheets.\n|\n|t:|1682266052\n|start\n|switch|p1a: Gyarados|Gyarados, L50, M|100\/100\n|switch|p1b: Garchomp|Garchomp, L50, M|100\/100\n|switch|p2a: Flutter Mane|Flutter Mane, L50|100\/100\n|switch|p2b: Palafin|Palafin, L50, M|100\/100\n|-ability|p1a: Gyarados|Intimidate|boost\n|-unboost|p2a: Flutter Mane|atk|1\n|-unboost|p2b: Palafin|atk|1\n|turn|1\n|\n|t:|1682266082\n|detailschange|p2b: Palafin|Palafin-Hero, L50, M\n|switch|p2b: Arcanine|Arcanine, L50, F|100\/100\n|-ability|p2b: Arcanine|Intimidate|boost\n|-unboost|p1a: Gyarados|atk|1\n|-unboost|p1b: Garchomp|atk|1\n|-terastallize|p1b: Garchomp|Fire\n|move|p1a: Gyarados|Helping Hand|p1b: Garchomp\n|-singleturn|p1b: Garchomp|Helping Hand|[of] p1a: Gyarados\n|move|p2a: Flutter Mane|Thunderbolt|p1a: Gyarados\n|-supereffective|p1a: Gyarados\n|-damage|p1a: Gyarados|0 fnt\n|faint|p1a: Gyarados\n|move|p1b: Garchomp|Earthquake|p2a: Flutter Mane|[spread] p2a,p2b\n|-supereffective|p2b: Arcanine\n|-damage|p2a: Flutter Mane|1\/100\n|-damage|p2b: Arcanine|4\/100\n|-damage|p1b: Garchomp|91\/100|[from] item: Life Orb\n|\n|upkeep\n|\n|t:|1682266103\n|switch|p1a: Arcanine|Arcanine, L50, F|100\/100\n|-ability|p1a: Arcanine|Intimidate|boost\n|-unboost|p2a: Flutter Mane|atk|1\n|-unboost|p2b: Arcanine|atk|1\n|turn|2\n|\n|t:|1682266132\n|move|p1a: Arcanine|Extreme Speed|p2b: Arcanine\n|-damage|p2b: Arcanine|0 fnt\n|faint|p2b: Arcanine\n|move|p2a: Flutter Mane|Thunderbolt|p1a: Arcanine\n|-damage|p1a: Arcanine|45\/100\n|move|p1b: Garchomp|Stomping Tantrum|p2a: Flutter Mane\n|-damage|p2a: Flutter Mane|0 fnt\n|faint|p2a: Flutter Mane\n|-end|p2a: Flutter Mane|Protosynthesis|[silent]\n|-damage|p1b: Garchomp|81\/100|[from] item: Life Orb\n|\n|upkeep\n|\n|t:|1682266143\n|switch|p2a: Palafin|Palafin-Hero, L50, M|100\/100\n|switch|p2b: Amoonguss|Amoonguss, L50, F|100\/100\n|-activate|p2a: Palafin|ability: Zero to Hero\n|turn|3\n|\n|t:|1682266179\n|move|p2b: Amoonguss|Rage Powder|p2b: Amoonguss\n|-singleturn|p2b: Amoonguss|move: Rage Powder\n|move|p2a: Palafin|Jet Punch|p1b: Garchomp\n|-supereffective|p1b: Garchomp\n|-damage|p1b: Garchomp|0 fnt\n|faint|p1b: Garchomp\n|move|p1a: Arcanine|Will-O-Wisp|p2a: Palafin|[miss]\n|-miss|p1a: Arcanine|p2a: Palafin\n|\n|upkeep\n|\n|t:|1682266207\n|switch|p1b: Flutter Mane|Flutter Mane, L50|100\/100\n|turn|4\n|\n|t:|1682266215\n|move|p2b: Amoonguss|Rage Powder|p2b: Amoonguss\n|-singleturn|p2b: Amoonguss|move: Rage Powder\n|move|p2a: Palafin|Jet Punch|p1a: Arcanine\n|-supereffective|p1a: Arcanine\n|-damage|p1a: Arcanine|0 fnt\n|faint|p1a: Arcanine\n|move|p1b: Flutter Mane|Moonblast|p2b: Amoonguss\n|-resisted|p2b: Amoonguss\n|-damage|p2b: Amoonguss|78\/100\n|\n|upkeep\n|turn|5\n|-message|Verdas1128 forfeited.\n|\n|win|r2vgc\n|raw|Verdas1128's rating: 1288 → 1265<\/strong> (-23 for losing)\n|raw|r2vgc's rating: 1309 → 1328<\/strong> (+19 for winning)\n|l|\u2606Verdas1128\n","uploadtime":1682266223,"views":9,"p1id":"verdas1128","p2id":"r2vgc","formatid":"gen9vgc2023regulationc","rating":1265,"private":0,"password":""}