{"id":"gen9vgc2023regulationc-1849052707","p1":"Dnire","p2":"Kirizioro","format":"[Gen 9] VGC 2023 Regulation C","log":"|j|\u2606Dnire\n|j|\u2606Kirizioro\n|t:|1682145959\n|gametype|doubles\n|player|p1|Dnire|102|1092\n|player|p2|Kirizioro|lance|1027\n|teamsize|p1|6\n|teamsize|p2|6\n|gen|9\n|tier|[Gen 9] VGC 2023 Regulation C\n|rated|\n|rule|Species Clause: Limit one of each Pok\u00e9mon\n|rule|Item Clause: Limit one of each item\n|clearpoke\n|poke|p1|Torkoal, L50, M|\n|poke|p1|Annihilape, L50, F|\n|poke|p1|Hariyama, L50, F|\n|poke|p1|Farigiraf, L50, F|\n|poke|p1|Meowscarada, L50, M|\n|poke|p1|Maushold, L50|\n|poke|p2|Dondozo, L50, F|\n|poke|p2|Tatsugiri-Stretchy, L50, F|\n|poke|p2|Chi-Yu, L50|\n|poke|p2|Flutter Mane, L50|\n|poke|p2|Dragonite, L50, M|\n|poke|p2|Glimmora, L50, M|\n|teampreview|4\n|\n|t:|1682146044\n|start\n|switch|p1a: Farigiraf|Farigiraf, L50, F|100\/100\n|switch|p1b: Hariyama|Hariyama, L50, F|100\/100\n|switch|p2a: Glimmora|Glimmora, L50, M|100\/100\n|switch|p2b: Dondozo|Dondozo, L50, F|100\/100\n|turn|1\n|inactive|Battle timer is ON: inactive players will automatically lose when time's up. (requested by Dnire)\n|\n|t:|1682146068\n|move|p1b: Hariyama|Fake Out|p2b: Dondozo\n|-damage|p2b: Dondozo|91\/100\n|move|p2a: Glimmora|Toxic|p1a: Farigiraf\n|-status|p1a: Farigiraf|tox\n|cant|p2b: Dondozo|flinch\n|move|p1a: Farigiraf|Trick Room|p1a: Farigiraf\n|-fieldstart|move: Trick Room|[of] p1a: Farigiraf\n|\n|-damage|p1a: Farigiraf|94\/100 tox|[from] psn\n|-status|p1b: Hariyama|brn|[from] item: Flame Orb\n|upkeep\n|turn|2\n|inactive|Dnire has 30 seconds left.\n|inactive|Kirizioro has 30 seconds left.\n|inactive|Dnire has 20 seconds left.\n|\n|t:|1682146106\n|move|p1a: Farigiraf|Helping Hand|p1b: Hariyama\n|-singleturn|p1b: Hariyama|Helping Hand|[of] p1a: Farigiraf\n|move|p2b: Dondozo|Protect|p2b: Dondozo\n|-singleturn|p2b: Dondozo|Protect\n|move|p2a: Glimmora|Spiky Shield|p2a: Glimmora\n|-singleturn|p2a: Glimmora|move: Protect\n|move|p1b: Hariyama|Knock Off|p2b: Dondozo\n|-activate|p2b: Dondozo|move: Protect\n|\n|-damage|p1a: Farigiraf|82\/100 tox|[from] psn\n|-damage|p1b: Hariyama|95\/100 brn|[from] brn\n|upkeep\n|turn|3\n|inactive|Dnire has 30 seconds left.\n|inactive|Dnire has 20 seconds left.\n|\n|t:|1682146142\n|move|p1a: Farigiraf|Helping Hand|p1b: Hariyama\n|-singleturn|p1b: Hariyama|Helping Hand|[of] p1a: Farigiraf\n|move|p1b: Hariyama|Knock Off|p2b: Dondozo\n|-damage|p2b: Dondozo|43\/100\n|-enditem|p2b: Dondozo|Sitrus Berry|[from] move: Knock Off|[of] p1b: Hariyama\n|move|p2b: Dondozo|Wave Crash|p1b: Hariyama\n|-damage|p1b: Hariyama|46\/100 brn\n|-damage|p2b: Dondozo|29\/100|[from] Recoil\n|move|p2a: Glimmora|Earth Power|p1b: Hariyama\n|-damage|p1b: Hariyama|18\/100 brn\n|\n|-damage|p1a: Farigiraf|63\/100 tox|[from] psn\n|-damage|p1b: Hariyama|12\/100 brn|[from] brn\n|upkeep\n|turn|4\n|inactive|Dnire has 30 seconds left.\n|\n|t:|1682146168\n|switch|p1b: Torkoal|Torkoal, L50, M|100\/100\n|-weather|SunnyDay|[from] ability: Drought|[of] p1b: Torkoal\n|move|p2b: Dondozo|Protect|p2b: Dondozo\n|-singleturn|p2b: Dondozo|Protect\n|move|p1a: Farigiraf|Protect|p1a: Farigiraf\n|-singleturn|p1a: Farigiraf|Protect\n|move|p2a: Glimmora|Spiky Shield||[still]\n|-fail|p2a: Glimmora\n|\n|-weather|SunnyDay|[upkeep]\n|-damage|p1a: Farigiraf|39\/100 tox|[from] psn\n|upkeep\n|turn|5\n|inactive|Dnire has 30 seconds left.\n|\n|t:|1682146194\n|-terastallize|p1b: Torkoal|Fire\n|move|p1a: Farigiraf|Helping Hand|p1b: Torkoal\n|-singleturn|p1b: Torkoal|Helping Hand|[of] p1a: Farigiraf\n|move|p2b: Dondozo|Protect|p2b: Dondozo\n|-singleturn|p2b: Dondozo|Protect\n|move|p1b: Torkoal|Eruption|p2b: Dondozo|[spread] p2a\n|-activate|p2b: Dondozo|move: Protect\n|-resisted|p2a: Glimmora\n|-enditem|p2a: Glimmora|Focus Sash\n|-damage|p2a: Glimmora|1\/100\n|move|p2a: Glimmora|Power Gem|p1b: Torkoal\n|-supereffective|p1b: Torkoal\n|-damage|p1b: Torkoal|0 fnt\n|faint|p1b: Torkoal\n|\n|-weather|SunnyDay|[upkeep]\n|-damage|p1a: Farigiraf|8\/100 tox|[from] psn\n|-fieldend|move: Trick Room\n|upkeep\n|\n|t:|1682146217\n|switch|p1b: Hariyama|Hariyama, L50, F|12\/100 brn\n|turn|6\n|\n|t:|1682146230\n|move|p1b: Hariyama|Fake Out|p2b: Dondozo\n|-damage|p2b: Dondozo|15\/100\n|move|p2a: Glimmora|Power Gem|p1a: Farigiraf\n|-damage|p1a: Farigiraf|0 fnt\n|faint|p1a: Farigiraf\n|cant|p2b: Dondozo|flinch\n|\n|-weather|SunnyDay|[upkeep]\n|-damage|p1b: Hariyama|6\/100 brn|[from] brn\n|upkeep\n|\n|t:|1682146241\n|switch|p1a: Annihilape|Annihilape, L50, F|100\/100\n|turn|7\n|\n|t:|1682146266\n|move|p2b: Dondozo|Protect|p2b: Dondozo\n|-singleturn|p2b: Dondozo|Protect\n|move|p1a: Annihilape|Shadow Claw|p2b: Dondozo\n|-activate|p2b: Dondozo|move: Protect\n|move|p2a: Glimmora|Toxic|p1a: Annihilape\n|-status|p1a: Annihilape|tox\n|move|p1b: Hariyama|Knock Off|p2a: Glimmora\n|-damage|p2a: Glimmora|0 fnt\n|-activate|p2a: Glimmora|ability: Toxic Debris\n|-sidestart|p1: Dnire|move: Toxic Spikes\n|faint|p2a: Glimmora\n|\n|-weather|SunnyDay|[upkeep]\n|-damage|p1a: Annihilape|95\/100 tox|[from] psn\n|-damage|p1b: Hariyama|0 fnt|[from] brn\n|faint|p1b: Hariyama\n|upkeep\n|\n|t:|1682146284\n|switch|p2a: Flutter Mane|Flutter Mane, L50|100\/100\n|-activate|p2a: Flutter Mane|ability: Protosynthesis\n|-start|p2a: Flutter Mane|protosynthesisspe\n|turn|8\n|\n|t:|1682146299\n|move|p2a: Flutter Mane|Protect|p2a: Flutter Mane\n|-singleturn|p2a: Flutter Mane|Protect\n|move|p1a: Annihilape|Shadow Claw|p2b: Dondozo\n|-damage|p2b: Dondozo|0 fnt\n|faint|p2b: Dondozo\n|\n|-weather|none\n|-end|p2a: Flutter Mane|Protosynthesis\n|-damage|p1a: Annihilape|83\/100 tox|[from] psn\n|upkeep\n|-enditem|p2a: Flutter Mane|Booster Energy\n|-activate|p2a: Flutter Mane|ability: Protosynthesis|[fromitem]\n|-start|p2a: Flutter Mane|protosynthesisspe\n|\n|t:|1682146309\n|switch|p2b: Chi-Yu|Chi-Yu, L50|100\/100\n|-ability|p2b: Chi-Yu|Beads of Ruin\n|turn|9\n|\n|t:|1682146330\n|-terastallize|p2a: Flutter Mane|Steel\n|move|p2b: Chi-Yu|Protect|p2b: Chi-Yu\n|-singleturn|p2b: Chi-Yu|Protect\n|move|p2a: Flutter Mane|Substitute|p2a: Flutter Mane\n|-start|p2a: Flutter Mane|Substitute\n|-damage|p2a: Flutter Mane|76\/100\n|move|p1a: Annihilape|Shadow Claw|p2a: Flutter Mane\n|-end|p2a: Flutter Mane|Substitute\n|\n|-damage|p1a: Annihilape|65\/100 tox|[from] psn\n|upkeep\n|turn|10\n|\n|t:|1682146345\n|move|p2a: Flutter Mane|Hex|p1a: Annihilape\n|-supereffective|p1a: Annihilape\n|-damage|p1a: Annihilape|0 fnt\n|faint|p1a: Annihilape\n|\n|win|Kirizioro\n|raw|Dnire's rating: 1092 → 1063<\/strong> (-29 for losing)\n|raw|Kirizioro's rating: 1016 → 1062<\/strong> (+46 for winning)\n|l|\u2606Dnire\n","uploadtime":1682146352,"views":3,"p1id":"dnire","p2id":"kirizioro","formatid":"gen9vgc2023regulationc","rating":1062,"private":0,"password":""}