{"id":"gen9vgc2023regulationc-1849959347","p1":"Joshdabuilder","p2":"starkhd","format":"[Gen 9] VGC 2023 Regulation C","log":"|j|\u2606Joshdabuilder\n|j|\u2606starkhd\n|t:|1682272350\n|gametype|doubles\n|player|p1|Joshdabuilder|170|1083\n|player|p2|starkhd|nate|1042\n|teamsize|p1|6\n|teamsize|p2|6\n|gen|9\n|tier|[Gen 9] VGC 2023 Regulation C\n|rated|\n|rule|Species Clause: Limit one of each Pok\u00e9mon\n|rule|Item Clause: Limit one of each item\n|clearpoke\n|poke|p1|Lycanroc-Midnight, L50, F|\n|poke|p1|Medicham, L50, M|\n|poke|p1|Dondozo, L50, F|\n|poke|p1|Tatsugiri-Stretchy, L50, M|\n|poke|p1|Mimikyu, L50, M|\n|poke|p1|Ting-Lu, L50|\n|poke|p2|Dragonite, L50, F|\n|poke|p2|Chien-Pao, L50|\n|poke|p2|Flutter Mane, L50|\n|poke|p2|Arcanine, L50, M|\n|poke|p2|Amoonguss, L50, F|\n|poke|p2|Palafin, L50, F|\n|teampreview|4\n|inactive|Battle timer is ON: inactive players will automatically lose when time's up. (requested by Joshdabuilder)\nJoshdabuilder rejected open team sheets.\n|inactive|Joshdabuilder has 60 seconds left.\n|inactive|starkhd has 60 seconds left.\n|\n|t:|1682272400\n|start\n|switch|p1a: Lycanroc|Lycanroc-Midnight, L50, F|100\/100\n|switch|p1b: Medicham|Medicham, L50, M|100\/100\n|switch|p2a: Chien-Pao|Chien-Pao, L50|100\/100\n|switch|p2b: Palafin|Palafin, L50, F, shiny|100\/100\n|-ability|p2a: Chien-Pao|Sword of Ruin\n|turn|1\n|inactive|Joshdabuilder has 30 seconds left.\n|inactive|starkhd has 30 seconds left.\n|\n|t:|1682272429\n|-terastallize|p2a: Chien-Pao|Ghost\n|move|p2b: Palafin|Protect|p2b: Palafin\n|-singleturn|p2b: Palafin|Protect\n|move|p1b: Medicham|Fake Out|p2a: Chien-Pao\n|-immune|p2a: Chien-Pao\n|move|p2a: Chien-Pao|Ice Spinner|p1b: Medicham\n|-damage|p1b: Medicham|12\/100\n|move|p1a: Lycanroc|Stone Edge|p2b: Palafin\n|-activate|p2b: Palafin|move: Protect\n|\n|upkeep\n|turn|2\n|inactive|Joshdabuilder has 30 seconds left.\n|inactive|starkhd has 30 seconds left.\n|inactive|Joshdabuilder has 20 seconds left.\n|inactive|Joshdabuilder has 15 seconds left.\n|inactive|Joshdabuilder has 10 seconds left.\n|\n|t:|1682272475\n|move|p2b: Palafin|Jet Punch|p1a: Lycanroc\n|-supereffective|p1a: Lycanroc\n|-damage|p1a: Lycanroc|8\/100\n|move|p2a: Chien-Pao|Sacred Sword|p1b: Medicham\n|-resisted|p1b: Medicham\n|-damage|p1b: Medicham|0 fnt\n|faint|p1b: Medicham\n|move|p1a: Lycanroc|Stone Edge|p2a: Chien-Pao\n|-crit|p2a: Chien-Pao\n|-enditem|p2a: Chien-Pao|Focus Sash\n|-damage|p2a: Chien-Pao|1\/100\n|\n|upkeep\n|\n|t:|1682272488\n|switch|p1b: Tatsugiri|Tatsugiri-Stretchy, L50, M|100\/100\n|turn|3\n|inactive|Joshdabuilder has 30 seconds left.\n|inactive|starkhd has 30 seconds left.\n|inactive|Joshdabuilder has 20 seconds left.\n|inactive|Joshdabuilder has 15 seconds left.\n|\n|t:|1682272531\n|switch|p2a: Amoonguss|Amoonguss, L50, F, shiny|100\/100\n|move|p1a: Lycanroc|Helping Hand|p1b: Tatsugiri\n|-singleturn|p1b: Tatsugiri|Helping Hand|[of] p1a: Lycanroc\n|move|p1b: Tatsugiri|Muddy Water|p2b: Palafin|[spread] p2a\n|-miss|p1b: Tatsugiri|p2b: Palafin\n|-resisted|p2a: Amoonguss\n|-damage|p2a: Amoonguss|79\/100\n|-unboost|p2a: Amoonguss|accuracy|1\n|move|p2b: Palafin|Haze|p2b: Palafin\n|-clearallboost\n|\n|upkeep\n|turn|4\n|inactive|Joshdabuilder has 30 seconds left.\n|\n|t:|1682272561\n|switch|p1b: Dondozo|Dondozo, L50, F|100\/100\n|move|p2a: Amoonguss|Rage Powder|p2a: Amoonguss\n|-singleturn|p2a: Amoonguss|move: Rage Powder\n|move|p2b: Palafin|Jet Punch|p1a: Lycanroc\n|-supereffective|p1a: Lycanroc\n|-damage|p1a: Lycanroc|0 fnt\n|faint|p1a: Lycanroc\n|\n|upkeep\n|\n|t:|1682272568\n|switch|p1a: Tatsugiri|Tatsugiri-Stretchy, L50, M|100\/100\n|-activate|p1a: Tatsugiri|ability: Commander|[of] p1b: Dondozo\n|-boost|p1b: Dondozo|atk|2\n|-boost|p1b: Dondozo|spa|2\n|-boost|p1b: Dondozo|spe|2\n|-boost|p1b: Dondozo|def|2\n|-boost|p1b: Dondozo|spd|2\n|turn|5\n|\n|t:|1682272579\n|move|p2a: Amoonguss|Protect|p2a: Amoonguss\n|-singleturn|p2a: Amoonguss|Protect\n|move|p1b: Dondozo|Substitute|p1b: Dondozo\n|-start|p1b: Dondozo|Substitute\n|-damage|p1b: Dondozo|76\/100\n|move|p2b: Palafin|Haze|p2b: Palafin\n|-clearallboost\n|\n|-heal|p1b: Dondozo|82\/100|[from] item: Leftovers\n|upkeep\n|turn|6\n|\n|t:|1682272594\n|move|p2b: Palafin|Jet Punch|p1a: Tatsugiri|[miss]\n|-miss|p2b: Palafin|p1a: Tatsugiri\n|move|p1b: Dondozo|Fissure|p2a: Amoonguss|[miss]\n|-miss|p1b: Dondozo|p2a: Amoonguss\n|move|p2a: Amoonguss|Spore|p1a: Tatsugiri|[miss]\n|-miss|p2a: Amoonguss|p1a: Tatsugiri\n|\n|-heal|p1b: Dondozo|88\/100|[from] item: Leftovers\n|upkeep\n|turn|7\n|inactive|Joshdabuilder has 30 seconds left.\n|\n|t:|1682272627\n|detailschange|p2b: Palafin|Palafin-Hero, L50, F, shiny\n|switch|p2b: Dragonite|Dragonite, L50, F, shiny|100\/100\n|move|p1b: Dondozo|Fissure|p2a: Amoonguss|[miss]\n|-miss|p1b: Dondozo|p2a: Amoonguss\n|move|p2a: Amoonguss|Spore||[still]\n|-fail|p2a: Amoonguss\n|\n|-heal|p1b: Dondozo|94\/100|[from] item: Leftovers\n|upkeep\n|turn|8\n|\n|t:|1682272651\n|move|p2b: Dragonite|Stomping Tantrum|p1b: Dondozo\n|-activate|p1b: Dondozo|move: Substitute|[damage]\n|move|p1b: Dondozo|Substitute|p1b: Dondozo\n|-fail|p1b: Dondozo|move: Substitute\n|move|p2a: Amoonguss|Pollen Puff|p1b: Dondozo\n|-end|p1b: Dondozo|Substitute\n|\n|-heal|p1b: Dondozo|100\/100|[from] item: Leftovers\n|upkeep\n|turn|9\n|\n|t:|1682272671\n|move|p2b: Dragonite|Extreme Speed|p1b: Dondozo\n|-damage|p1b: Dondozo|82\/100\n|move|p1b: Dondozo|Substitute|p1b: Dondozo\n|-start|p1b: Dondozo|Substitute\n|-damage|p1b: Dondozo|57\/100\n|move|p2a: Amoonguss|Pollen Puff|p1b: Dondozo\n|-activate|p1b: Dondozo|move: Substitute|[damage]\n|\n|-heal|p1b: Dondozo|63\/100|[from] item: Leftovers\n|upkeep\n|turn|10\n|inactive|Joshdabuilder has 30 seconds left.\n|\n|t:|1682272696\n|move|p2b: Dragonite|Tera Blast|p1b: Dondozo\n|-crit|p1b: Dondozo\n|-end|p1b: Dondozo|Substitute\n|move|p1b: Dondozo|Fissure|p2b: Dragonite\n|-immune|p2b: Dragonite\n|move|p2a: Amoonguss|Pollen Puff|p1b: Dondozo\n|-damage|p1b: Dondozo|47\/100\n|\n|-heal|p1b: Dondozo|54\/100|[from] item: Leftovers\n|upkeep\n|turn|11\n|\n|t:|1682272711\n|move|p1b: Dondozo|Protect|p1b: Dondozo\n|-singleturn|p1b: Dondozo|Protect\n|move|p2b: Dragonite|Tera Blast|p1b: Dondozo\n|-activate|p1b: Dondozo|move: Protect\n|move|p2a: Amoonguss|Pollen Puff|p1b: Dondozo\n|-activate|p1b: Dondozo|move: Protect\n|\n|-heal|p1b: Dondozo|60\/100|[from] item: Leftovers\n|upkeep\n|turn|12\n|\n|t:|1682272729\n|move|p2b: Dragonite|Tera Blast|p1b: Dondozo\n|-damage|p1b: Dondozo|46\/100\n|move|p1b: Dondozo|Substitute|p1b: Dondozo\n|-start|p1b: Dondozo|Substitute\n|-damage|p1b: Dondozo|21\/100\n|move|p2a: Amoonguss|Pollen Puff|p1b: Dondozo\n|-activate|p1b: Dondozo|move: Substitute|[damage]\n|\n|-heal|p1b: Dondozo|27\/100|[from] item: Leftovers\n|upkeep\n|turn|13\n|\n|t:|1682272743\n|move|p1b: Dondozo|Protect|p1b: Dondozo\n|-singleturn|p1b: Dondozo|Protect\n|move|p2b: Dragonite|Tera Blast|p1b: Dondozo\n|-activate|p1b: Dondozo|move: Protect\n|move|p2a: Amoonguss|Pollen Puff|p1b: Dondozo\n|-activate|p1b: Dondozo|move: Protect\n|\n|-heal|p1b: Dondozo|33\/100|[from] item: Leftovers\n|upkeep\n|turn|14\n|\n|t:|1682272756\n|move|p2b: Dragonite|Tera Blast|p1b: Dondozo\n|-end|p1b: Dondozo|Substitute\n|move|p1b: Dondozo|Fissure|p2a: Amoonguss|[miss]\n|-miss|p1b: Dondozo|p2a: Amoonguss\n|move|p2a: Amoonguss|Pollen Puff|p1b: Dondozo\n|-damage|p1b: Dondozo|18\/100\n|\n|-heal|p1b: Dondozo|25\/100|[from] item: Leftovers\n|upkeep\n|turn|15\n|\n|t:|1682272769\n|-terastallize|p1b: Dondozo|Steel\n|move|p2b: Dragonite|Stomping Tantrum|p1b: Dondozo\n|-supereffective|p1b: Dondozo\n|-damage|p1b: Dondozo|0 fnt\n|faint|p1b: Dondozo\n|move|p2a: Amoonguss|Pollen Puff|p1a: Tatsugiri\n|-damage|p1a: Tatsugiri|75\/100\n|\n|upkeep\n|turn|16\n|-message|Joshdabuilder forfeited.\n|\n|win|starkhd\n|raw|Joshdabuilder's rating: 1083 → 1058<\/strong> (-25 for losing)\n|raw|starkhd's rating: 1042 → 1080<\/strong> (+38 for winning)\n|l|\u2606Joshdabuilder\n","uploadtime":1682272787,"views":13,"p1id":"joshdabuilder","p2id":"starkhd","formatid":"gen9vgc2023regulationc","rating":1058,"private":0,"password":""}