{"id":"gen9vgc2023regulationc-1853302219","p1":"TrainerDylan24","p2":"Carrot757","format":"[Gen 9] VGC 2023 Regulation C","log":"|j|\u2606TrainerDylan24\n|j|\u2606Carrot757\n|t:|1682664209\n|gametype|doubles\n|player|p1|TrainerDylan24|swimmerf|1114\n|player|p2|Carrot757|brawly|1015\n|teamsize|p1|6\n|teamsize|p2|6\n|gen|9\n|tier|[Gen 9] VGC 2023 Regulation C\n|rated|\n|rule|Species Clause: Limit one of each Pok\u00e9mon\n|rule|Item Clause: Limit one of each item\n|clearpoke\n|poke|p1|Annihilape, L50, F|\n|poke|p1|Bellibolt, L50, F|\n|poke|p1|Dondozo, L50, F|\n|poke|p1|Tatsugiri, L50, M|\n|poke|p1|Iron Hands, L50|\n|poke|p1|Kingambit, L50, M|\n|poke|p2|Baxcalibur, L50, F|\n|poke|p2|Kingambit, L50, M|\n|poke|p2|Flutter Mane, L50|\n|poke|p2|Scream Tail, L50|\n|poke|p2|Clawitzer, L50, M|\n|poke|p2|Murkrow, L50, M|\n|teampreview|4\n|\n|t:|1682664239\n|start\n|switch|p1a: Iron Hands|Iron Hands, L50|100\/100\n|switch|p1b: Bellibolt|Bellibolt, L50, F|100\/100\n|switch|p2a: Scream Tail|Scream Tail, L50, shiny|100\/100\n|switch|p2b: Baxcalibur|Baxcalibur, L50, F|100\/100\n|turn|1\n|\n|t:|1682664259\n|move|p2b: Baxcalibur|Protect|p2b: Baxcalibur\n|-singleturn|p2b: Baxcalibur|Protect\n|move|p2a: Scream Tail|Dazzling Gleam|p1a: Iron Hands|[spread] p1a,p1b\n|-supereffective|p1a: Iron Hands\n|-damage|p1a: Iron Hands|77\/100\n|-damage|p1b: Bellibolt|88\/100\n|-start|p1b: Bellibolt|Charge|Dazzling Gleam|[from] ability: Electromorphosis\n|move|p1a: Iron Hands|Drain Punch|p2b: Baxcalibur\n|-activate|p2b: Baxcalibur|move: Protect\n|move|p1b: Bellibolt|Acid Spray|p2a: Scream Tail\n|-supereffective|p2a: Scream Tail\n|-damage|p2a: Scream Tail|84\/100\n|-unboost|p2a: Scream Tail|spd|2\n|\n|upkeep\n|turn|2\n|\n|t:|1682664309\n|-terastallize|p2b: Baxcalibur|Poison\n|move|p2a: Scream Tail|Disable|p1a: Iron Hands\n|-start|p1a: Iron Hands|Disable|Drain Punch\n|move|p2b: Baxcalibur|Glaive Rush|p1a: Iron Hands\n|-damage|p1a: Iron Hands|11\/100\n|-singlemove|p2b: Baxcalibur|Glaive Rush|[silent]\n|-damage|p2b: Baxcalibur|91\/100|[from] item: Life Orb\n|cant|p1a: Iron Hands|Disable|Drain Punch\n|move|p1b: Bellibolt|Thunderbolt|p2a: Scream Tail\n|-damage|p2a: Scream Tail|0 fnt\n|faint|p2a: Scream Tail\n|-end|p2a: Scream Tail|Protosynthesis|[silent]\n|-end|p1b: Bellibolt|Charge|[silent]\n|\n|upkeep\n|\n|t:|1682664323\n|switch|p2a: Kingambit|Kingambit, L50, M|100\/100\n|turn|3\n|\n|t:|1682664339\n|move|p2b: Baxcalibur|Protect|p2b: Baxcalibur\n|-singleturn|p2b: Baxcalibur|Protect\n|move|p2a: Kingambit|Sucker Punch|p1a: Iron Hands\n|-resisted|p1a: Iron Hands\n|-damage|p1a: Iron Hands|0 fnt\n|faint|p1a: Iron Hands\n|-end|p1a: Iron Hands|Quark Drive|[silent]\n|move|p1b: Bellibolt|Thunderbolt|p2a: Kingambit\n|-damage|p2a: Kingambit|73\/100\n|\n|upkeep\n|\n|t:|1682664352\n|switch|p1a: Annihilape|Annihilape, L50, F, shiny|100\/100\n|turn|4\n|\n|t:|1682664374\n|move|p1a: Annihilape|Drain Punch|p2a: Kingambit\n|-supereffective|p2a: Kingambit\n|-damage|p2a: Kingambit|0 fnt\n|faint|p2a: Kingambit\n|-damage|p1a: Annihilape|91\/100|[from] item: Life Orb\n|move|p2b: Baxcalibur|Icicle Spear|p1a: Annihilape\n|-damage|p1a: Annihilape|70\/100\n|-damage|p1a: Annihilape|49\/100\n|-hitcount|p1a: Annihilape|2\n|-damage|p2b: Baxcalibur|81\/100|[from] item: Life Orb\n|move|p1b: Bellibolt|Chilling Water|p2b: Baxcalibur\n|-damage|p2b: Baxcalibur|65\/100\n|-unboost|p2b: Baxcalibur|atk|1\n|\n|upkeep\n|\n|t:|1682664387\n|switch|p2a: Clawitzer|Clawitzer, L50, M, shiny|100\/100\n|turn|5\n|\n|t:|1682664402\n|move|p2a: Clawitzer|Protect|p2a: Clawitzer\n|-singleturn|p2a: Clawitzer|Protect\n|move|p1a: Annihilape|Rage Fist|p2b: Baxcalibur\n|-damage|p2b: Baxcalibur|0 fnt\n|faint|p2b: Baxcalibur\n|-damage|p1a: Annihilape|39\/100|[from] item: Life Orb\n|move|p1b: Bellibolt|Thunderbolt|p2a: Clawitzer\n|-activate|p2a: Clawitzer|move: Protect\n|\n|upkeep\n|turn|6\n|-message|Carrot757 forfeited.\n|\n|win|TrainerDylan24\n|raw|TrainerDylan24's rating: 1114 → 1132<\/strong> (+18 for winning)\n|raw|Carrot757's rating: 1015 → 1006<\/strong> (-9 for losing)\n|l|\u2606Carrot757\n","uploadtime":1682664427,"views":9,"p1id":"trainerdylan24","p2id":"carrot757","formatid":"gen9vgc2023regulationc","rating":1006,"private":0,"password":""}