{"id":"gen9vgc2023regulationc-1858168387","p1":"GFORCEPKMN","p2":"haha you rage quit","format":"[Gen 9] VGC 2023 Regulation C","log":"|j|\u2606GFORCEPKMN\n|j|\u2606haha you rage quit\n|t:|1683286373\n|gametype|doubles\n|player|p1|GFORCEPKMN|265|1394\n|player|p2|haha you rage quit|pokemaniac|1345\n|teamsize|p1|6\n|teamsize|p2|6\n|gen|9\n|tier|[Gen 9] VGC 2023 Regulation C\n|rated|\n|rule|Species Clause: Limit one of each Pok\u00e9mon\n|rule|Item Clause: Limit one of each item\n|clearpoke\n|poke|p1|Dondozo, L50, M|\n|poke|p1|Tatsugiri-Droopy, L50, M|\n|poke|p1|Glimmora, L50, M|\n|poke|p1|Chi-Yu, L50|\n|poke|p1|Flutter Mane, L50|\n|poke|p1|Dragonite, L50, F|\n|poke|p2|Torkoal, L50, M|\n|poke|p2|Indeedee-F, L50, F|\n|poke|p2|Brute Bonnet, L50|\n|poke|p2|Great Tusk, L50|\n|poke|p2|Hatterene, L50, F|\n|poke|p2|Slither Wing, L50|\n|teampreview|4\n|inactive|Battle timer is ON: inactive players will automatically lose when time's up. (requested by haha you rage quit)\n|\n|t:|1683286437\n|start\n|switch|p1a: Glimmora|Glimmora, L50, M|100\/100\n|switch|p1b: Flutter Mane|Flutter Mane, L50|100\/100\n|switch|p2a: Indeedee|Indeedee-F, L50, F, shiny|100\/100\n|switch|p2b: Hatterene|Hatterene, L50, F|100\/100\n|-fieldstart|move: Psychic Terrain|[from] ability: Psychic Surge|[of] p2a: Indeedee\n|-enditem|p2a: Indeedee|Psychic Seed\n|-boost|p2a: Indeedee|spd|1|[from] item: Psychic Seed\n|-enditem|p1b: Flutter Mane|Booster Energy\n|-activate|p1b: Flutter Mane|ability: Protosynthesis|[fromitem]\n|-start|p1b: Flutter Mane|protosynthesisspe\n|turn|1\n|\n|t:|1683286454\n|move|p2b: Hatterene|Protect|p2b: Hatterene\n|-singleturn|p2b: Hatterene|Protect\n|move|p1b: Flutter Mane|Substitute|p1b: Flutter Mane\n|-start|p1b: Flutter Mane|Substitute\n|-damage|p1b: Flutter Mane|76\/100\n|move|p1a: Glimmora|Mortal Spin|p2b: Hatterene|[spread] p2a\n|-activate|p2b: Hatterene|move: Protect\n|-damage|p2a: Indeedee|95\/100\n|-status|p2a: Indeedee|psn\n|move|p2a: Indeedee|Trick Room|p2a: Indeedee\n|-fieldstart|move: Trick Room|[of] p2a: Indeedee\n|\n|-damage|p2a: Indeedee|83\/100 psn|[from] psn\n|upkeep\n|turn|2\n|inactive|GFORCEPKMN has 30 seconds left.\n|inactive|haha you rage quit has 30 seconds left.\n|\n|t:|1683286481\n|-terastallize|p1a: Glimmora|Grass\n|move|p1b: Flutter Mane|Protect|p1b: Flutter Mane\n|-singleturn|p1b: Flutter Mane|Protect\n|move|p2b: Hatterene|Psychic|p1a: Glimmora\n|-damage|p1a: Glimmora|47\/100\n|move|p2a: Indeedee|Dazzling Gleam|p1b: Flutter Mane|[spread] p1a\n|-activate|p1b: Flutter Mane|move: Protect\n|-damage|p1a: Glimmora|38\/100\n|move|p1a: Glimmora|Mortal Spin|p2b: Hatterene|[spread] p2a,p2b\n|-supereffective|p2b: Hatterene\n|-damage|p2a: Indeedee|78\/100 psn\n|-damage|p2b: Hatterene|90\/100\n|\n|-damage|p2a: Indeedee|65\/100 psn|[from] psn\n|upkeep\n|turn|3\n|inactive|GFORCEPKMN has 30 seconds left.\n|inactive|GFORCEPKMN has 20 seconds left.\n|inactive|GFORCEPKMN has 15 seconds left.\n|inactive|GFORCEPKMN has 10 seconds left.\n|\n|t:|1683286526\n|move|p2a: Indeedee|Helping Hand|p2b: Hatterene\n|-singleturn|p2b: Hatterene|Helping Hand|[of] p2a: Indeedee\n|move|p2b: Hatterene|Dazzling Gleam|p1b: Flutter Mane|[spread] p1a,p1b\n|-end|p1b: Flutter Mane|Substitute\n|-damage|p1a: Glimmora|0 fnt\n|faint|p1a: Glimmora\n|move|p1b: Flutter Mane|Moonblast|p2b: Hatterene\n|-damage|p2b: Hatterene|38\/100\n|\n|-damage|p2a: Indeedee|53\/100 psn|[from] psn\n|upkeep\n|\n|t:|1683286544\n|switch|p1a: Dondozo|Dondozo, L50, M|100\/100\n|turn|4\n|\n|t:|1683286557\n|move|p2a: Indeedee|Helping Hand|p2b: Hatterene\n|-singleturn|p2b: Hatterene|Helping Hand|[of] p2a: Indeedee\n|move|p1a: Dondozo|Protect|p1a: Dondozo\n|-singleturn|p1a: Dondozo|Protect\n|move|p1b: Flutter Mane|Protect|p1b: Flutter Mane\n|-singleturn|p1b: Flutter Mane|Protect\n|move|p2b: Hatterene|Psychic|p1b: Flutter Mane\n|-activate|p1b: Flutter Mane|move: Protect\n|\n|-damage|p2a: Indeedee|41\/100 psn|[from] psn\n|upkeep\n|turn|5\n|inactive|haha you rage quit has 30 seconds left.\n|inactive|haha you rage quit has 20 seconds left.\n|\n|t:|1683286594\n|-end|p1b: Flutter Mane|Protosynthesis|[silent]\n|switch|p1b: Chi-Yu|Chi-Yu, L50|100\/100\n|-ability|p1b: Chi-Yu|Beads of Ruin\n|move|p2a: Indeedee|Helping Hand|p2b: Hatterene\n|-singleturn|p2b: Hatterene|Helping Hand|[of] p2a: Indeedee\n|move|p2b: Hatterene|Psychic|p1a: Dondozo\n|-damage|p1a: Dondozo|2\/100\n|-enditem|p1a: Dondozo|Sitrus Berry|[eat]\n|-heal|p1a: Dondozo|27\/100|[from] item: Sitrus Berry\n|move|p1a: Dondozo|Wave Crash|p2b: Hatterene\n|-damage|p2b: Hatterene|0 fnt\n|faint|p2b: Hatterene\n|-damage|p1a: Dondozo|18\/100|[from] Recoil\n|\n|-damage|p2a: Indeedee|28\/100 psn|[from] psn\n|-fieldend|move: Trick Room\n|-fieldend|move: Psychic Terrain\n|upkeep\n|\n|t:|1683286614\n|switch|p2b: Great Tusk|Great Tusk, L50, shiny|100\/100\n|turn|6\n|inactive|haha you rage quit has 30 seconds left.\n|j| javgiga\n|inactive|haha you rage quit has 20 seconds left.\n|inactive|haha you rage quit has 15 seconds left.\n|inactive|haha you rage quit has 10 seconds left.\n|\n|t:|1683286663\n|-terastallize|p2b: Great Tusk|Water\n|move|p1b: Chi-Yu|Protect|p1b: Chi-Yu\n|-singleturn|p1b: Chi-Yu|Protect\n|move|p2b: Great Tusk|Close Combat|p1b: Chi-Yu\n|-activate|p1b: Chi-Yu|move: Protect\n|move|p1a: Dondozo|Yawn|p2b: Great Tusk\n|-start|p2b: Great Tusk|move: Yawn|[of] p1a: Dondozo\n|move|p2a: Indeedee|Trick Room|p2a: Indeedee\n|-fieldstart|move: Trick Room|[of] p2a: Indeedee\n|\n|-damage|p2a: Indeedee|16\/100 psn|[from] psn\n|upkeep\n|turn|7\n|\n|t:|1683286684\n|-end|p2b: Great Tusk|Protosynthesis|[silent]\n|switch|p2b: Torkoal|Torkoal, L50, M|100\/100\n|-weather|SunnyDay|[from] ability: Drought|[of] p2b: Torkoal\n|switch|p1b: Flutter Mane|Flutter Mane, L50|76\/100\n|-activate|p1b: Flutter Mane|ability: Protosynthesis\n|-start|p1b: Flutter Mane|protosynthesisspe\n|move|p1a: Dondozo|Body Press|p2a: Indeedee\n|-damage|p2a: Indeedee|0 fnt\n|faint|p2a: Indeedee\n|\n|-weather|SunnyDay|[upkeep]\n|upkeep\n|\n|t:|1683286695\n|switch|p2a: Great Tusk|Great Tusk, L50, shiny, tera:Water|100\/100\n|-activate|p2a: Great Tusk|ability: Protosynthesis\n|-start|p2a: Great Tusk|protosynthesisatk\n|turn|8\n|\n|t:|1683286708\n|move|p1a: Dondozo|Protect|p1a: Dondozo\n|-singleturn|p1a: Dondozo|Protect\n|move|p1b: Flutter Mane|Protect|p1b: Flutter Mane\n|-singleturn|p1b: Flutter Mane|Protect\n|move|p2b: Torkoal|Eruption|p1b: Flutter Mane|[spread] \n|-activate|p1a: Dondozo|move: Protect\n|-activate|p1b: Flutter Mane|move: Protect\n|move|p2a: Great Tusk|Headlong Rush|p1b: Flutter Mane\n|-activate|p1b: Flutter Mane|move: Protect\n|\n|-weather|SunnyDay|[upkeep]\n|upkeep\n|turn|9\n|inactive|GFORCEPKMN has 30 seconds left.\n|inactive|GFORCEPKMN has 20 seconds left.\n|\n|t:|1683286744\n|move|p1a: Dondozo|Protect||[still]\n|-fail|p1a: Dondozo\n|move|p1b: Flutter Mane|Protect||[still]\n|-fail|p1b: Flutter Mane\n|move|p2b: Torkoal|Eruption|p1a: Dondozo|[spread] p1a,p1b\n|-resisted|p1a: Dondozo\n|-damage|p1a: Dondozo|0 fnt\n|-damage|p1b: Flutter Mane|0 fnt\n|faint|p1a: Dondozo\n|faint|p1b: Flutter Mane\n|-end|p1b: Flutter Mane|Protosynthesis|[silent]\n|move|p2a: Great Tusk|Headlong Rush|p1: Dondozo|[notarget]\n|-fail|p2a: Great Tusk\n|\n|-weather|SunnyDay|[upkeep]\n|upkeep\n|\n|t:|1683286756\n|switch|p1b: Chi-Yu|Chi-Yu, L50|100\/100\n|-ability|p1b: Chi-Yu|Beads of Ruin\n|turn|10\n|\n|t:|1683286766\n|move|p1b: Chi-Yu|Protect|p1b: Chi-Yu\n|-singleturn|p1b: Chi-Yu|Protect\n|move|p2b: Torkoal|Eruption|p1b: Chi-Yu\n|-activate|p1b: Chi-Yu|move: Protect\n|move|p2a: Great Tusk|Headlong Rush|p1b: Chi-Yu\n|-activate|p1b: Chi-Yu|move: Protect\n|\n|-weather|SunnyDay|[upkeep]\n|-fieldend|move: Trick Room\n|upkeep\n|turn|11\n|\n|t:|1683286784\n|move|p1b: Chi-Yu|Dark Pulse|p2a: Great Tusk\n|-damage|p2a: Great Tusk|25\/100\n|move|p2a: Great Tusk|Headlong Rush|p1b: Chi-Yu\n|-supereffective|p1b: Chi-Yu\n|-damage|p1b: Chi-Yu|0 fnt\n|-unboost|p2a: Great Tusk|def|1\n|-unboost|p2a: Great Tusk|spd|1\n|faint|p1b: Chi-Yu\n|-damage|p2a: Great Tusk|15\/100|[from] item: Life Orb\n|\n|win|haha you rage quit\n|raw|GFORCEPKMN's rating: 1394 → 1371<\/strong> (-23 for losing)\n|raw|haha you rage quit's rating: 1345 → 1368<\/strong> (+23 for winning)\n|l|\u2606GFORCEPKMN\n|l|\u2606haha you rage quit\n|j|\u2606haha you rage quit\n|player|p2|haha you rage quit|pokemaniac\n","uploadtime":1683286804,"views":12,"p1id":"gforcepkmn","p2id":"hahayouragequit","formatid":"gen9vgc2023regulationc","rating":1368,"private":0,"password":""}