{"id":"gen9vgc2023regulationc-1862438797","p1":"jmz900","p2":"megaswampert52","format":"[Gen 9] VGC 2023 Regulation C","log":"|j|\u2606jmz900\n|j|\u2606megaswampert52\n|t:|1683886270\n|gametype|doubles\n|player|p1|jmz900|170|1394\n|player|p2|megaswampert52|raihan-masters|1435\n|teamsize|p1|6\n|teamsize|p2|6\n|gen|9\n|tier|[Gen 9] VGC 2023 Regulation C\n|rated|\n|rule|Species Clause: Limit one of each Pok\u00e9mon\n|rule|Item Clause: Limit one of each item\n|clearpoke\n|poke|p1|Kingambit, L50, F|\n|poke|p1|Amoonguss, L50, F|\n|poke|p1|Arcanine, L50, F|\n|poke|p1|Flutter Mane, L50|\n|poke|p1|Iron Bundle, L50|\n|poke|p1|Baxcalibur, L50, F|\n|poke|p2|Chien-Pao, L50|\n|poke|p2|Dragapult, L50, F|\n|poke|p2|Amoonguss, L50, F|\n|poke|p2|Arcanine, L50, F|\n|poke|p2|Flutter Mane, L50|\n|poke|p2|Iron Hands, L50|\n|teampreview|4\n|inactive|Battle timer is ON: inactive players will automatically lose when time's up. (requested by megaswampert52)\n|j| A Borygon\n|inactive|megaswampert52 has 60 seconds left.\n|\n|t:|1683886312\n|start\n|switch|p1a: Arcanine|Arcanine, L50, F|100\/100\n|switch|p1b: Baxcalibur|Baxcalibur, L50, F, shiny|100\/100\n|switch|p2a: Diego|Chien-Pao, L50|100\/100\n|switch|p2b: Iron Hands|Iron Hands, L50|100\/100\n|-ability|p2a: Diego|Sword of Ruin\n|-ability|p1a: Arcanine|Intimidate|boost\n|-unboost|p2a: Diego|atk|1\n|-unboost|p2b: Iron Hands|atk|1\n|turn|1\n|j| bugzea\n|\n|t:|1683886330\n|-terastallize|p1b: Baxcalibur|Poison\n|move|p2b: Iron Hands|Fake Out|p1a: Arcanine\n|-damage|p1a: Arcanine|87\/100\n|move|p2a: Diego|Sacred Sword|p1b: Baxcalibur\n|-resisted|p1b: Baxcalibur\n|-damage|p1b: Baxcalibur|90\/100\n|cant|p1a: Arcanine|flinch\n|move|p1b: Baxcalibur|Iron Head|p2a: Diego\n|-supereffective|p2a: Diego\n|-damage|p2a: Diego|12\/100\n|\n|upkeep\n|turn|2\n|l| A Borygon\n|\n|t:|1683886352\n|switch|p2a: Sus|Amoonguss, L50, F|100\/100\n|move|p1b: Baxcalibur|Ice Shard|p2a: Sus\n|-supereffective|p2a: Sus\n|-damage|p2a: Sus|60\/100\n|move|p1a: Arcanine|Will-O-Wisp|p2b: Iron Hands|[miss]\n|-miss|p1a: Arcanine|p2b: Iron Hands\n|move|p2b: Iron Hands|Drain Punch|p1a: Arcanine\n|-damage|p1a: Arcanine|60\/100\n|\n|upkeep\n|turn|3\n|inactive|megaswampert52 has 30 seconds left.\n|inactive|megaswampert52 has 20 seconds left.\n|\n|t:|1683886388\n|move|p1a: Arcanine|Howl|p1a: Arcanine|[spread] p1a,p1b\n|-boost|p1a: Arcanine|atk|1\n|-boost|p1b: Baxcalibur|atk|1\n|move|p1b: Baxcalibur|Icicle Crash|p2a: Sus|[miss]\n|-miss|p1b: Baxcalibur|p2a: Sus\n|move|p2b: Iron Hands|Drain Punch|p1a: Arcanine\n|-damage|p1a: Arcanine|31\/100\n|move|p2a: Sus|Spore|p1b: Baxcalibur\n|-status|p1b: Baxcalibur|slp|[from] move: Spore\n|\n|upkeep\n|turn|4\n|\n|t:|1683886413\n|move|p1a: Arcanine|Flare Blitz|p2a: Sus\n|-supereffective|p2a: Sus\n|-damage|p2a: Sus|0 fnt\n|faint|p2a: Sus\n|-damage|p1a: Arcanine|10\/100|[from] Recoil\n|cant|p1b: Baxcalibur|slp\n|move|p2b: Iron Hands|Drain Punch|p1a: Arcanine\n|-damage|p1a: Arcanine|0 fnt\n|faint|p1a: Arcanine\n|\n|upkeep\n|\n|t:|1683886428\n|switch|p1a: Amoonguss|Amoonguss, L50, F|100\/100\n|switch|p2a: Diego|Chien-Pao, L50|12\/100\n|-ability|p2a: Diego|Sword of Ruin\n|turn|5\n|inactive|megaswampert52 has 30 seconds left.\n|\n|t:|1683886462\n|move|p1a: Amoonguss|Protect|p1a: Amoonguss\n|-singleturn|p1a: Amoonguss|Protect\n|cant|p1b: Baxcalibur|slp\n|move|p2a: Diego|Ice Spinner|p1b: Baxcalibur\n|-damage|p1b: Baxcalibur|46\/100 slp\n|move|p2b: Iron Hands|Thunder Punch|p1b: Baxcalibur\n|-damage|p1b: Baxcalibur|11\/100 slp\n|\n|upkeep\n|turn|6\n|inactive|megaswampert52 has 30 seconds left.\n|\n|t:|1683886488\n|move|p1a: Amoonguss|Rage Powder|p1a: Amoonguss\n|-singleturn|p1a: Amoonguss|move: Rage Powder\n|cant|p1b: Baxcalibur|slp\n|move|p2a: Diego|Ice Spinner|p1a: Amoonguss\n|-supereffective|p1a: Amoonguss\n|-damage|p1a: Amoonguss|15\/100\n|-enditem|p1a: Amoonguss|Sitrus Berry|[eat]\n|-heal|p1a: Amoonguss|40\/100|[from] item: Sitrus Berry\n|move|p2b: Iron Hands|Thunder Punch|p1a: Amoonguss\n|-resisted|p1a: Amoonguss\n|-damage|p1a: Amoonguss|25\/100\n|\n|upkeep\n|turn|7\n|\n|t:|1683886508\n|move|p1a: Amoonguss|Rage Powder|p1a: Amoonguss\n|-singleturn|p1a: Amoonguss|move: Rage Powder\n|-curestatus|p1b: Baxcalibur|slp|[msg]\n|move|p1b: Baxcalibur|Ice Shard|p2a: Diego\n|-resisted|p2a: Diego\n|-damage|p2a: Diego|0 fnt\n|faint|p2a: Diego\n|move|p2b: Iron Hands|Volt Switch|p1a: Amoonguss\n|-resisted|p1a: Amoonguss\n|-damage|p1a: Amoonguss|19\/100\n|\n|t:|1683886518\n|-end|p2b: Iron Hands|Quark Drive|[silent]\n|switch|p2b: Aerosmith|Dragapult, L50, F|100\/100|[from] Volt Switch\n|\n|upkeep\n|\n|t:|1683886522\n|switch|p2a: Iron Hands|Iron Hands, L50|100\/100\n|turn|8\n|inactive|megaswampert52 has 30 seconds left.\n|\n|t:|1683886550\n|switch|p1b: Flutter Mane|Flutter Mane, L50|100\/100\n|-terastallize|p2b: Aerosmith|Steel\n|move|p1a: Amoonguss|Protect|p1a: Amoonguss\n|-singleturn|p1a: Amoonguss|Protect\n|move|p2a: Iron Hands|Fake Out|p1b: Flutter Mane\n|-immune|p1b: Flutter Mane\n|move|p2b: Aerosmith|Tera Blast|p1a: Amoonguss\n|-activate|p1a: Amoonguss|move: Protect\n|\n|upkeep\n|turn|9\n|inactive|jmz900 has 30 seconds left.\n|\n|t:|1683886576\n|move|p1a: Amoonguss|Rage Powder|p1a: Amoonguss\n|-singleturn|p1a: Amoonguss|move: Rage Powder\n|move|p2b: Aerosmith|Tera Blast|p1a: Amoonguss\n|-damage|p1a: Amoonguss|0 fnt\n|faint|p1a: Amoonguss\n|move|p1b: Flutter Mane|Shadow Ball|p2b: Aerosmith\n|-damage|p2b: Aerosmith|29\/100\n|move|p2a: Iron Hands|Thunder Punch|p1b: Flutter Mane\n|-damage|p1b: Flutter Mane|19\/100\n|\n|upkeep\n|\n|t:|1683886586\n|switch|p1a: Baxcalibur|Baxcalibur, L50, F, shiny, tera:Poison|11\/100\n|turn|10\n|\n|t:|1683886595\n|move|p1a: Baxcalibur|Ice Shard|p2b: Aerosmith\n|-resisted|p2b: Aerosmith\n|-damage|p2b: Aerosmith|12\/100\n|move|p2b: Aerosmith|Tera Blast|p1b: Flutter Mane\n|-supereffective|p1b: Flutter Mane\n|-damage|p1b: Flutter Mane|0 fnt\n|faint|p1b: Flutter Mane\n|-end|p1b: Flutter Mane|Protosynthesis|[silent]\n|move|p2a: Iron Hands|Thunder Punch|p1a: Baxcalibur\n|-damage|p1a: Baxcalibur|0 fnt\n|faint|p1a: Baxcalibur\n|\n|win|megaswampert52\n|raw|jmz900's rating: 1394 → 1376<\/strong> (-18 for losing)\n|raw|megaswampert52's rating: 1435 → 1453<\/strong> (+18 for winning)\n","uploadtime":1683886608,"views":12,"p1id":"jmz900","p2id":"megaswampert52","formatid":"gen9vgc2023regulationc","rating":1376,"private":0,"password":""}