{"id":"gen9vgc2023regulationc-1863201462","p1":"Arcacagne","p2":"PokeTrainer00","format":"[Gen 9] VGC 2023 Regulation C","log":"|j|\u2606Arcacagne\n|j|\u2606PokeTrainer00\n|t:|1683987577\n|gametype|doubles\n|player|p1|Arcacagne|169|1268\n|player|p2|PokeTrainer00|102|1210\n|teamsize|p1|6\n|teamsize|p2|6\n|gen|9\n|tier|[Gen 9] VGC 2023 Regulation C\n|rated|\n|rule|Species Clause: Limit one of each Pok\u00e9mon\n|rule|Item Clause: Limit one of each item\n|clearpoke\n|poke|p1|Chi-Yu, L50|\n|poke|p1|Flutter Mane, L50|\n|poke|p1|Amoonguss, L50, M|\n|poke|p1|Ting-Lu, L50|\n|poke|p1|Iron Hands, L50|\n|poke|p1|Gyarados, L50, M|\n|poke|p2|Murkrow, L50, F|\n|poke|p2|Ting-Lu, L50|\n|poke|p2|Gholdengo, L50|\n|poke|p2|Amoonguss, L50, M|\n|poke|p2|Flutter Mane, L50|\n|poke|p2|Garchomp, L50, M|\n|teampreview|4\n|inactive|Battle timer is ON: inactive players will automatically lose when time's up. (requested by Arcacagne)\n|\n|t:|1683987623\n|start\n|switch|p1a: Ting-Lu|Ting-Lu, L50|100\/100\n|switch|p1b: Iron Hands|Iron Hands, L50|100\/100\n|switch|p2a: Murkrow|Murkrow, L50, F|100\/100\n|switch|p2b: Gholdengo|Gholdengo, L50|100\/100\n|-ability|p1a: Ting-Lu|Vessel of Ruin\n|turn|1\n|inactive|Arcacagne has 30 seconds left.\n|\n|t:|1683987656\n|-end|p1b: Iron Hands|Quark Drive|[silent]\n|switch|p1b: Gyarados|Gyarados, L50, M|100\/100\n|-ability|p1b: Gyarados|Intimidate|boost\n|-unboost|p2a: Murkrow|atk|1\n|-unboost|p2b: Gholdengo|atk|1\n|move|p2a: Murkrow|Tailwind|p2a: Murkrow\n|-sidestart|p2: PokeTrainer00|move: Tailwind\n|move|p2b: Gholdengo|Make It Rain|p1b: Gyarados|[spread] p1a,p1b\n|-resisted|p1b: Gyarados\n|-damage|p1a: Ting-Lu|59\/100\n|-damage|p1b: Gyarados|78\/100\n|-unboost|p2b: Gholdengo|spa|1\n|move|p1a: Ting-Lu|Earthquake|p2a: Murkrow|[spread] p2b\n|-immune|p1b: Gyarados\n|-immune|p2a: Murkrow\n|-supereffective|p2b: Gholdengo\n|-crit|p2b: Gholdengo\n|-damage|p2b: Gholdengo|0 fnt\n|faint|p2b: Gholdengo\n|\n|upkeep\n|\n|t:|1683987676\n|switch|p2b: Garchomp|Garchomp, L50, M|100\/100\n|turn|2\n|inactive|PokeTrainer00 has 30 seconds left.\n|\n|t:|1683987709\n|move|p2b: Garchomp|Dragon Claw|p1a: Ting-Lu\n|-damage|p1a: Ting-Lu|26\/100\n|-damage|p2b: Garchomp|91\/100|[from] item: Life Orb\n|move|p2a: Murkrow|Foul Play|p1a: Ting-Lu\n|-resisted|p1a: Ting-Lu\n|-damage|p1a: Ting-Lu|13\/100\n|move|p1b: Gyarados|Waterfall|p2a: Murkrow\n|-damage|p2a: Murkrow|66\/100\n|move|p1a: Ting-Lu|Earthquake|p2b: Garchomp|[spread] p2b\n|-immune|p1b: Gyarados\n|-immune|p2a: Murkrow\n|-damage|p2b: Garchomp|44\/100\n|\n|upkeep\n|turn|3\n|\n|t:|1683987732\n|move|p2b: Garchomp|Rock Slide|p1a: Ting-Lu|[spread] p1a\n|-miss|p2b: Garchomp|p1b: Gyarados\n|-resisted|p1a: Ting-Lu\n|-damage|p1a: Ting-Lu|5\/100\n|-damage|p2b: Garchomp|34\/100|[from] item: Life Orb\n|move|p2a: Murkrow|Foul Play|p1a: Ting-Lu\n|-resisted|p1a: Ting-Lu\n|-damage|p1a: Ting-Lu|0 fnt\n|faint|p1a: Ting-Lu\n|move|p1b: Gyarados|Thunder Wave|p2a: Murkrow\n|-status|p2a: Murkrow|par\n|\n|upkeep\n|\n|t:|1683987750\n|switch|p1a: Iron Hands|Iron Hands, L50|100\/100\n|turn|4\n|\n|t:|1683987762\n|switch|p1b: Flutter Mane|Flutter Mane, L50|100\/100\n|-enditem|p1b: Flutter Mane|Booster Energy\n|-activate|p1b: Flutter Mane|ability: Protosynthesis|[fromitem]\n|-start|p1b: Flutter Mane|protosynthesisspe\n|-terastallize|p2b: Garchomp|Ground\n|move|p1a: Iron Hands|Fake Out|p2b: Garchomp\n|-damage|p2b: Garchomp|20\/100\n|-damage|p1a: Iron Hands|88\/100|[from] ability: Rough Skin|[of] p2b: Garchomp\n|move|p2a: Murkrow|Tailwind||[still]\n|-fail|p2a: Murkrow\n|cant|p2b: Garchomp|flinch\n|\n|-sideend|p2: PokeTrainer00|move: Tailwind\n|upkeep\n|turn|5\n|inactive|Arcacagne has 30 seconds left.\n|\n|t:|1683987787\n|-end|p1a: Iron Hands|Quark Drive|[silent]\n|switch|p1a: Gyarados|Gyarados, L50, M|78\/100\n|-ability|p1a: Gyarados|Intimidate|boost\n|-unboost|p2a: Murkrow|atk|1\n|-unboost|p2b: Garchomp|atk|1\n|cant|p2a: Murkrow|par\n|move|p1b: Flutter Mane|Dazzling Gleam|p2a: Murkrow|[spread] p2a,p2b\n|-supereffective|p2a: Murkrow\n|-damage|p2a: Murkrow|0 fnt\n|-damage|p2b: Garchomp|0 fnt\n|faint|p2a: Murkrow\n|faint|p2b: Garchomp\n|\n|upkeep\n|-message|PokeTrainer00 forfeited.\n|\n|win|Arcacagne\n|raw|Arcacagne's rating: 1268 → 1289<\/strong> (+21 for winning)\n|raw|PokeTrainer00's rating: 1210 → 1189<\/strong> (-21 for losing)\n|l|\u2606PokeTrainer00\n","uploadtime":1683987806,"views":11,"p1id":"arcacagne","p2id":"poketrainer00","formatid":"gen9vgc2023regulationc","rating":1189,"private":0,"password":""}