{"id":"gen9vgc2023regulationc-1856110131","p1":"Asd4321","p2":"WifesMadSoImGaming","format":"[Gen 9] VGC 2023 Regulation C","log":"|j|\u2606Asd4321\n|j|\u2606WifesMadSoImGaming\n|t:|1683031230\n|gametype|doubles\n|player|p1|Asd4321|supernerd|1320\n|player|p2|WifesMadSoImGaming|102|1283\n|teamsize|p1|6\n|teamsize|p2|6\n|gen|9\n|tier|[Gen 9] VGC 2023 Regulation C\n|rated|\n|rule|Species Clause: Limit one of each Pok\u00e9mon\n|rule|Item Clause: Limit one of each item\n|clearpoke\n|poke|p1|Chi-Yu, L50|\n|poke|p1|Flutter Mane, L50|\n|poke|p1|Great Tusk, L50|\n|poke|p1|Corviknight, L50, M|\n|poke|p1|Palafin, L50, F|\n|poke|p1|Amoonguss, L50, M|\n|poke|p2|Skeledirge, L50, M|\n|poke|p2|Wo-Chien, L50|\n|poke|p2|Flutter Mane, L50|\n|poke|p2|Dragonite, L50, M|\n|poke|p2|Glimmora, L50, M|\n|poke|p2|Palafin, L50, F|\n|teampreview|4\n|\n|t:|1683031272\n|start\n|switch|p1a: Corviknight|Corviknight, L50, M|100\/100\n|switch|p1b: Palafin|Palafin, L50, F|100\/100\n|switch|p2a: Dragonite|Dragonite, L50, M|100\/100\n|switch|p2b: Palafin|Palafin, L50, F|100\/100\n|turn|1\n|\n|t:|1683031298\n|detailschange|p1b: Palafin|Palafin-Hero, L50, F\n|switch|p1b: Great Tusk|Great Tusk, L50|100\/100\n|detailschange|p2b: Palafin|Palafin-Hero, L50, F\n|switch|p2b: Glimmora|Glimmora, L50, M|100\/100\n|move|p2a: Dragonite|Low Kick|p1a: Corviknight\n|-damage|p1a: Corviknight|78\/100\n|move|p1a: Corviknight|Tailwind|p1a: Corviknight\n|-sidestart|p1: Asd4321|move: Tailwind\n|\n|upkeep\n|turn|2\n|\n|t:|1683031318\n|-terastallize|p2a: Dragonite|Flying\n|move|p1b: Great Tusk|Protect|p1b: Great Tusk\n|-singleturn|p1b: Great Tusk|Protect\n|move|p2b: Glimmora|Spiky Shield|p2b: Glimmora\n|-singleturn|p2b: Glimmora|move: Protect\n|move|p1a: Corviknight|Brave Bird|p2b: Glimmora\n|-activate|p2b: Glimmora|move: Protect\n|-damage|p1a: Corviknight|65\/100|[from] Spiky Shield|[of] p2b: Glimmora\n|move|p2a: Dragonite|Tera Blast|p1b: Great Tusk\n|-activate|p1b: Great Tusk|move: Protect\n|\n|upkeep\n|turn|3\n|\n|t:|1683031340\n|move|p1b: Great Tusk|Headlong Rush|p2b: Glimmora\n|-supereffective|p2b: Glimmora\n|-enditem|p2b: Glimmora|Focus Sash\n|-damage|p2b: Glimmora|1\/100\n|-unboost|p1b: Great Tusk|def|1\n|-unboost|p1b: Great Tusk|spd|1\n|-activate|p2b: Glimmora|ability: Toxic Debris\n|-sidestart|p1: Asd4321|move: Toxic Spikes\n|move|p1a: Corviknight|Brave Bird|p2a: Dragonite\n|-damage|p2a: Dragonite|82\/100\n|-damage|p1a: Corviknight|60\/100|[from] Recoil\n|move|p2b: Glimmora|Power Gem|p1a: Corviknight\n|-damage|p1a: Corviknight|28\/100\n|-enditem|p1a: Corviknight|Sitrus Berry|[eat]\n|-heal|p1a: Corviknight|53\/100|[from] item: Sitrus Berry\n|move|p2a: Dragonite|Tera Blast|p1b: Great Tusk\n|-supereffective|p1b: Great Tusk\n|-enditem|p1b: Great Tusk|Focus Sash\n|-damage|p1b: Great Tusk|1\/100\n|\n|upkeep\n|turn|4\n|\n|t:|1683031378\n|move|p2a: Dragonite|Extreme Speed|p1b: Great Tusk\n|-damage|p1b: Great Tusk|0 fnt\n|faint|p1b: Great Tusk\n|-end|p1b: Great Tusk|Protosynthesis|[silent]\n|move|p1a: Corviknight|Brave Bird|p2b: Glimmora\n|-resisted|p2b: Glimmora\n|-damage|p2b: Glimmora|0 fnt\n|-activate|p2b: Glimmora|ability: Toxic Debris\n|-sidestart|p1: Asd4321|move: Toxic Spikes\n|faint|p2b: Glimmora\n|-damage|p1a: Corviknight|53\/100|[from] Recoil\n|\n|-sideend|p1: Asd4321|move: Tailwind\n|upkeep\n|\n|t:|1683031392\n|switch|p1b: Palafin|Palafin-Hero, L50, F|100\/100\n|switch|p2b: Palafin|Palafin-Hero, L50, F|100\/100\n|-status|p1b: Palafin|tox\n|-activate|p1b: Palafin|ability: Zero to Hero\n|-activate|p2b: Palafin|ability: Zero to Hero\n|turn|5\n|\n|t:|1683031399\n|-terastallize|p1b: Palafin|Water\n|move|p1b: Palafin|Wave Crash|p2a: Dragonite\n|-damage|p2a: Dragonite|0 fnt\n|faint|p2a: Dragonite\n|-damage|p1b: Palafin|74\/100 tox|[from] Recoil\n|move|p2b: Palafin|Wave Crash|p1a: Corviknight\n|-damage|p1a: Corviknight|0 fnt\n|faint|p1a: Corviknight\n|-damage|p2b: Palafin|84\/100|[from] Recoil\n|\n|-damage|p1b: Palafin|68\/100 tox|[from] psn\n|upkeep\n|\n|t:|1683031404\n|switch|p2a: Wo-Chien|Wo-Chien, L50|100\/100\n|switch|p1a: Flutter Mane|Flutter Mane, L50|100\/100\n|-status|p1a: Flutter Mane|tox\n|-ability|p2a: Wo-Chien|Tablets of Ruin\n|turn|6\n|\n|t:|1683031423\n|move|p2b: Palafin|Protect|p2b: Palafin\n|-singleturn|p2b: Palafin|Protect\n|move|p1a: Flutter Mane|Moonblast|p2a: Wo-Chien\n|-supereffective|p2a: Wo-Chien\n|-damage|p2a: Wo-Chien|0 fnt\n|faint|p2a: Wo-Chien\n|-damage|p1a: Flutter Mane|91\/100 tox|[from] item: Life Orb\n|move|p1b: Palafin|Wave Crash|p2b: Palafin\n|-activate|p2b: Palafin|move: Protect\n|\n|-damage|p1a: Flutter Mane|85\/100 tox|[from] psn\n|-damage|p1b: Palafin|56\/100 tox|[from] psn\n|upkeep\n|turn|7\n|\n|t:|1683031434\n|move|p2b: Palafin|Jet Punch|p1a: Flutter Mane\n|-damage|p1a: Flutter Mane|20\/100 tox\n|move|p1a: Flutter Mane|Moonblast|p2b: Palafin\n|-damage|p2b: Palafin|25\/100\n|-damage|p1a: Flutter Mane|11\/100 tox|[from] item: Life Orb\n|move|p1b: Palafin|Wave Crash|p2b: Palafin\n|-resisted|p2b: Palafin\n|-damage|p2b: Palafin|0 fnt\n|faint|p2b: Palafin\n|-damage|p1b: Palafin|48\/100 tox|[from] Recoil\n|\n|win|Asd4321\n|raw|Asd4321's rating: 1320 → 1338<\/strong> (+18 for winning)\n|raw|WifesMadSoImGaming's rating: 1283 → 1261<\/strong> (-22 for losing)\n","uploadtime":1683031441,"views":7,"p1id":"asd4321","p2id":"wifesmadsoimgaming","formatid":"gen9vgc2023regulationc","rating":1261,"private":0,"password":""}