{"id":"gen9vgc2023regulationc-1855689039","p1":"Ciq108","p2":"Slim Reaper 69","format":"[Gen 9] VGC 2023 Regulation C","log":"|j|\u2606Ciq108\n|j|\u2606Slim Reaper 69\n|t:|1682973450\n|gametype|doubles\n|player|p1|Ciq108|2|\n|player|p2|Slim Reaper 69|rood|\n|teamsize|p1|6\n|teamsize|p2|6\n|gen|9\n|tier|[Gen 9] VGC 2023 Regulation C\n|rule|Species Clause: Limit one of each Pok\u00e9mon\n|rule|Item Clause: Limit one of each item\n|clearpoke\n|poke|p1|Maushold, L50|\n|poke|p1|Annihilape, L50, M|\n|poke|p1|Chi-Yu, L50|\n|poke|p1|Flutter Mane, L50|\n|poke|p1|Kingambit, L50, F|\n|poke|p1|Clodsire, L50, M|\n|poke|p2|Pelipper, L50, F|\n|poke|p2|Palafin, L50, M|\n|poke|p2|Azumarill, L50, F|\n|poke|p2|Barraskewda, L50, M|\n|poke|p2|Dondozo, L50, M|\n|poke|p2|Tatsugiri-Stretchy, L50, F|\n|teampreview|4\n|c|\u2606Slim Reaper 69|ohhhhh clodsire\n|c|\u2606Slim Reaper 69|nice\n|c|\u2606Slim Reaper 69|glhf\n|c|\u2606Ciq108|Btw is it bo3\n|c|\u2606Ciq108|U2\n|c|\u2606Slim Reaper 69|uhhh, nah\n|c|\u2606Ciq108|K\n|c|\u2606Slim Reaper 69|but we can go until you beat me\n|\n|t:|1682973509\n|start\n|switch|p1a: Maushold|Maushold, L50|100\/100\n|switch|p1b: Annihilape|Annihilape, L50, M|100\/100\n|switch|p2a: Barraskewda|Barraskewda, L50, M|100\/100\n|switch|p2b: Dondozo|Dondozo, L50, M|100\/100\n|turn|1\n|\n|t:|1682973552\n|switch|p2a: Tatsugiri|Tatsugiri-Stretchy, L50, F|100\/100\n|-activate|p2a: Tatsugiri|ability: Commander|[of] p2b: Dondozo\n|-boost|p2b: Dondozo|atk|2\n|-boost|p2b: Dondozo|spa|2\n|-boost|p2b: Dondozo|spe|2\n|-boost|p2b: Dondozo|def|2\n|-boost|p2b: Dondozo|spd|2\n|move|p2b: Dondozo|Wave Crash|p1a: Maushold\n|-damage|p1a: Maushold|0 fnt\n|faint|p1a: Maushold\n|-damage|p2b: Dondozo|75\/100|[from] Recoil\n|move|p1b: Annihilape|Rage Fist|p2b: Dondozo\n|-damage|p2b: Dondozo|67\/100\n|\n|-heal|p2b: Dondozo|73\/100|[from] item: Leftovers\n|upkeep\n|j| tinygambitking\n|c|\u2606Ciq108|Ah\n|j| DJSen\n|\n|t:|1682973576\n|switch|p1a: Flutter Mane|Flutter Mane, L50|100\/100\n|turn|2\n|\n|t:|1682973587\n|move|p2b: Dondozo|Protect|p2b: Dondozo\n|-singleturn|p2b: Dondozo|Protect\n|move|p1a: Flutter Mane|Energy Ball|p2b: Dondozo\n|-activate|p2b: Dondozo|move: Protect\n|move|p1b: Annihilape|Bulk Up|p1b: Annihilape\n|-boost|p1b: Annihilape|atk|1\n|-boost|p1b: Annihilape|def|1\n|\n|-heal|p2b: Dondozo|79\/100|[from] item: Leftovers\n|upkeep\n|turn|3\n|\n|t:|1682973595\n|-terastallize|p2b: Dondozo|Flying\n|move|p1a: Flutter Mane|Energy Ball|p2b: Dondozo\n|-resisted|p2b: Dondozo\n|-damage|p2b: Dondozo|72\/100\n|move|p2b: Dondozo|Wave Crash|p1a: Flutter Mane\n|-enditem|p1a: Flutter Mane|Focus Sash\n|-damage|p1a: Flutter Mane|1\/100\n|-damage|p2b: Dondozo|53\/100|[from] Recoil\n|move|p1b: Annihilape|Drain Punch|p2b: Dondozo\n|-resisted|p2b: Dondozo\n|-damage|p2b: Dondozo|46\/100\n|\n|-heal|p2b: Dondozo|52\/100|[from] item: Leftovers\n|upkeep\n|turn|4\n|\n|t:|1682973621\n|move|p2b: Dondozo|Protect|p2b: Dondozo\n|-singleturn|p2b: Dondozo|Protect\n|move|p1a: Flutter Mane|Moonblast|p2b: Dondozo\n|-activate|p2b: Dondozo|move: Protect\n|move|p1b: Annihilape|Rage Fist|p2b: Dondozo\n|-activate|p2b: Dondozo|move: Protect\n|\n|-heal|p2b: Dondozo|58\/100|[from] item: Leftovers\n|upkeep\n|turn|5\n|\n|t:|1682973634\n|move|p1a: Flutter Mane|Protect|p1a: Flutter Mane\n|-singleturn|p1a: Flutter Mane|Protect\n|move|p2b: Dondozo|Tera Blast|p1a: Flutter Mane\n|-activate|p1a: Flutter Mane|move: Protect\n|move|p1b: Annihilape|Rage Fist|p2b: Dondozo\n|-damage|p2b: Dondozo|49\/100\n|\n|-heal|p2b: Dondozo|55\/100|[from] item: Leftovers\n|upkeep\n|turn|6\n|\n|t:|1682973648\n|move|p1a: Flutter Mane|Moonblast|p2b: Dondozo\n|-damage|p2b: Dondozo|33\/100\n|move|p2b: Dondozo|Tera Blast|p1a: Flutter Mane\n|-damage|p1a: Flutter Mane|0 fnt\n|faint|p1a: Flutter Mane\n|-end|p1a: Flutter Mane|Protosynthesis|[silent]\n|move|p1b: Annihilape|Bulk Up|p1b: Annihilape\n|-boost|p1b: Annihilape|atk|1\n|-boost|p1b: Annihilape|def|1\n|\n|-heal|p2b: Dondozo|39\/100|[from] item: Leftovers\n|upkeep\n|\n|t:|1682973653\n|switch|p1a: Kingambit|Kingambit, L50, F|100\/100\n|turn|7\n|c|\u2606Slim Reaper 69|I love how big giri gets\n|\n|t:|1682973662\n|move|p1a: Kingambit|Sucker Punch||[still]\n|-fail|p1a: Kingambit\n|move|p2b: Dondozo|Substitute|p2b: Dondozo\n|-start|p2b: Dondozo|Substitute\n|-damage|p2b: Dondozo|14\/100\n|move|p1b: Annihilape|Rage Fist|p2b: Dondozo\n|-activate|p2b: Dondozo|move: Substitute|[damage]\n|\n|-heal|p2b: Dondozo|20\/100|[from] item: Leftovers\n|upkeep\n|turn|8\n|\n|t:|1682973674\n|move|p1a: Kingambit|Sucker Punch|p2b: Dondozo\n|-crit|p2b: Dondozo\n|-end|p2b: Dondozo|Substitute\n|move|p2b: Dondozo|Tera Blast|p1b: Annihilape\n|-supereffective|p1b: Annihilape\n|-damage|p1b: Annihilape|0 fnt\n|faint|p1b: Annihilape\n|\n|-heal|p2b: Dondozo|26\/100|[from] item: Leftovers\n|upkeep\n|turn|9\n|c|\u2606Ciq108|Welp\n|\n|t:|1682973690\n|move|p1a: Kingambit|Sucker Punch||[still]\n|-fail|p1a: Kingambit\n|move|p2b: Dondozo|Substitute|p2b: Dondozo\n|-start|p2b: Dondozo|Substitute\n|-damage|p2b: Dondozo|1\/100\n|\n|-heal|p2b: Dondozo|7\/100|[from] item: Leftovers\n|upkeep\n|turn|10\n|c|\u2606Slim Reaper 69|gg\n|c|\u2606Ciq108|Gg\n|c|\u2606Slim Reaper 69|turns out my format is suitably rigged\n|\n|t:|1682973705\n|move|p1a: Kingambit|Sucker Punch|p2b: Dondozo\n|-activate|p2b: Dondozo|move: Substitute|[damage]\n|move|p2b: Dondozo|Wave Crash|p1a: Kingambit\n|-damage|p1a: Kingambit|28\/100\n|-damage|p2b: Dondozo|0 fnt|[from] Recoil\n|faint|p2b: Dondozo\n|\n|upkeep\n|\n|t:|1682973716\n|switch|p2b: Pelipper|Pelipper, L50, F|100\/100\n|-weather|RainDance|[from] ability: Drizzle|[of] p2b: Pelipper\n|turn|11\n|\n|t:|1682973725\n|move|p1a: Kingambit|Sucker Punch|p2a: Tatsugiri\n|-damage|p2a: Tatsugiri|25\/100\n|move|p2a: Tatsugiri|Muddy Water|p1a: Kingambit\n|-damage|p1a: Kingambit|0 fnt\n|faint|p1a: Kingambit\n|\n|win|Slim Reaper 69\n|l| DJSen\n|c|\u2606Ciq108|When can we rematg btw\n|c|\u2606Slim Reaper 69|whenever\n|c|\u2606Ciq108|Ight cool\n|c|\u2606Slim Reaper 69|I can keep banging em out now\n|c|\u2606Slim Reaper 69|and I should be around most of the night\n","uploadtime":1682973760,"views":20,"p1id":"ciq108","p2id":"slimreaper69","formatid":"gen9vgc2023regulationc","rating":0,"private":0,"password":""}