{"id":"gen9vgc2023regulationc-1847501296","p1":"lttr","p2":"Duecal1on","format":"[Gen 9] VGC 2023 Regulation C","log":"|j|\u2606lttr\n|j|\u2606Duecal1on\n|t:|1681963360\n|gametype|doubles\n|player|p1|lttr|janitor|1134\n|player|p2|Duecal1on|102|1167\n|teamsize|p1|6\n|teamsize|p2|6\n|gen|9\n|tier|[Gen 9] VGC 2023 Regulation C\n|rated|\n|rule|Species Clause: Limit one of each Pok\u00e9mon\n|rule|Item Clause: Limit one of each item\n|clearpoke\n|poke|p1|Farigiraf, L50, F|\n|poke|p1|Hariyama, L50, F|\n|poke|p1|Iron Bundle, L50|\n|poke|p1|Chi-Yu, L50|\n|poke|p1|Dragapult, L50, F|\n|poke|p1|Pelipper, L50, M|\n|poke|p2|Palafin, L50, M|\n|poke|p2|Arcanine, L50, M|\n|poke|p2|Chien-Pao, L50|\n|poke|p2|Scizor, L50, F|\n|poke|p2|Arboliva, L50, M|\n|poke|p2|Chi-Yu, L50|\n|teampreview|4\n|inactive|Battle timer is ON: inactive players will automatically lose when time's up. (requested by Duecal1on)\n|\n|t:|1681963404\n|start\n|switch|p1a: Iron Bundle|Iron Bundle, L50|100\/100\n|switch|p1b: Chi-Yu|Chi-Yu, L50|100\/100\n|switch|p2a: Scizor|Scizor, L50, F|100\/100\n|switch|p2b: Arboliva|Arboliva, L50, M|100\/100\n|-ability|p1b: Chi-Yu|Beads of Ruin\n|turn|1\n|\n|t:|1681963425\n|-terastallize|p1a: Iron Bundle|Water\n|-terastallize|p2a: Scizor|Fire\n|move|p2b: Arboliva|Protect|p2b: Arboliva\n|-singleturn|p2b: Arboliva|Protect\n|move|p1a: Iron Bundle|Icy Wind|p2a: Scizor|[spread] p2a\n|-activate|p2b: Arboliva|move: Protect\n|-resisted|p2a: Scizor\n|-crit|p2a: Scizor\n|-damage|p2a: Scizor|75\/100\n|-unboost|p2a: Scizor|spe|1\n|move|p1b: Chi-Yu|Heat Wave|p2a: Scizor|[spread] p2a\n|-activate|p2b: Arboliva|move: Protect\n|-resisted|p2a: Scizor\n|-damage|p2a: Scizor|37\/100\n|-damage|p1b: Chi-Yu|91\/100|[from] item: Life Orb\n|move|p2a: Scizor|Close Combat|p1b: Chi-Yu\n|-supereffective|p1b: Chi-Yu\n|-crit|p1b: Chi-Yu\n|-damage|p1b: Chi-Yu|0 fnt\n|-unboost|p2a: Scizor|def|1\n|-unboost|p2a: Scizor|spd|1\n|faint|p1b: Chi-Yu\n|-damage|p2a: Scizor|27\/100|[from] item: Life Orb\n|\n|upkeep\n|\n|t:|1681963437\n|switch|p1b: Dragapult|Dragapult, L50, F|100\/100\n|turn|2\n|inactive|lttr has 30 seconds left.\n|\n|t:|1681963462\n|switch|p2a: Chien-Pao|Chien-Pao, L50|100\/100\n|-ability|p2a: Chien-Pao|Sword of Ruin\n|move|p1b: Dragapult|Shadow Ball|p2a: Chien-Pao\n|-resisted|p2a: Chien-Pao\n|-damage|p2a: Chien-Pao|55\/100\n|-unboost|p2a: Chien-Pao|spd|1\n|move|p1a: Iron Bundle|Freeze-Dry|p2b: Arboliva\n|-supereffective|p2b: Arboliva\n|-damage|p2b: Arboliva|52\/100\n|-fieldstart|move: Grassy Terrain|[from] ability: Seed Sower|[of] p2b: Arboliva\n|move|p2b: Arboliva|Dazzling Gleam|p1a: Iron Bundle|[spread] p1a,p1b\n|-supereffective|p1b: Dragapult\n|-damage|p1a: Iron Bundle|65\/100\n|-damage|p1b: Dragapult|54\/100\n|\n|-heal|p1b: Dragapult|60\/100|[from] Grassy Terrain\n|-heal|p1a: Iron Bundle|71\/100|[from] Grassy Terrain\n|-heal|p2a: Chien-Pao|60\/100|[from] Grassy Terrain\n|-heal|p2b: Arboliva|58\/100|[from] Grassy Terrain\n|-heal|p2b: Arboliva|64\/100|[from] item: Leftovers\n|upkeep\n|turn|3\n|\n|t:|1681963486\n|switch|p1b: Hariyama|Hariyama, L50, F|100\/100\n|move|p1a: Iron Bundle|Hydro Pump|p2a: Chien-Pao\n|-crit|p2a: Chien-Pao\n|-damage|p2a: Chien-Pao|0 fnt\n|faint|p2a: Chien-Pao\n|move|p2b: Arboliva|Terrain Pulse|p1a: Iron Bundle\n|-supereffective|p1a: Iron Bundle\n|-damage|p1a: Iron Bundle|0 fnt\n|faint|p1a: Iron Bundle\n|-end|p1a: Iron Bundle|Quark Drive|[silent]\n|\n|-heal|p2b: Arboliva|70\/100|[from] Grassy Terrain\n|-heal|p2b: Arboliva|76\/100|[from] item: Leftovers\n|upkeep\n|\n|t:|1681963498\n|switch|p1a: Dragapult|Dragapult, L50, F|60\/100\n|switch|p2a: Chi-Yu|Chi-Yu, L50|100\/100\n|-ability|p2a: Chi-Yu|Beads of Ruin\n|turn|4\n|inactive|lttr has 30 seconds left.\n|inactive|Duecal1on has 30 seconds left.\n|inactive|lttr has 20 seconds left.\n|inactive|lttr has 15 seconds left.\n|inactive|lttr has 10 seconds left.\n|inactive|lttr has 5 seconds left.\n|\n|t:|1681963557\n|move|p1a: Dragapult|Draco Meteor|p2a: Chi-Yu\n|-damage|p2a: Chi-Yu|8\/100\n|-unboost|p1a: Dragapult|spa|2\n|move|p2a: Chi-Yu|Dark Pulse|p1a: Dragapult\n|-supereffective|p1a: Dragapult\n|-damage|p1a: Dragapult|0 fnt\n|faint|p1a: Dragapult\n|move|p1b: Hariyama|Drain Punch|p2b: Arboliva\n|-supereffective|p2b: Arboliva\n|-damage|p2b: Arboliva|0 fnt\n|faint|p2b: Arboliva\n|\n|-heal|p2a: Chi-Yu|14\/100|[from] Grassy Terrain\n|upkeep\n|\n|t:|1681963568\n|switch|p2b: Scizor|Scizor, L50, F, tera:Fire|27\/100\n|turn|5\n|\n|t:|1681963588\n|move|p1b: Hariyama|Bullet Punch|p2a: Chi-Yu\n|-resisted|p2a: Chi-Yu\n|-damage|p2a: Chi-Yu|3\/100\n|move|p2a: Chi-Yu|Dark Pulse|p1b: Hariyama\n|-resisted|p1b: Hariyama\n|-damage|p1b: Hariyama|71\/100\n|move|p2b: Scizor|Close Combat|p1b: Hariyama\n|-damage|p1b: Hariyama|11\/100\n|-unboost|p2b: Scizor|def|1\n|-unboost|p2b: Scizor|spd|1\n|-damage|p2b: Scizor|17\/100|[from] item: Life Orb\n|\n|-heal|p2a: Chi-Yu|9\/100|[from] Grassy Terrain\n|-heal|p2b: Scizor|24\/100|[from] Grassy Terrain\n|-heal|p1b: Hariyama|17\/100|[from] Grassy Terrain\n|upkeep\n|turn|6\n|\n|t:|1681963602\n|move|p2b: Scizor|Bullet Punch|p1b: Hariyama\n|-damage|p1b: Hariyama|0 fnt\n|faint|p1b: Hariyama\n|-damage|p2b: Scizor|14\/100|[from] item: Life Orb\n|\n|win|Duecal1on\n|raw|lttr's rating: 1134 → 1111<\/strong> (-23 for losing)\n|raw|Duecal1on's rating: 1167 → 1190<\/strong> (+23 for winning)\n|l|\u2606lttr\n","uploadtime":1681963610,"views":16,"p1id":"lttr","p2id":"duecal1on","formatid":"gen9vgc2023regulationc","rating":1111,"private":0,"password":""}