{"id":"gen9vgc2023regulationc-1850743914","p1":"ASTA12345","p2":"vf yu hcf","format":"[Gen 9] VGC 2023 Regulation C","log":"|j|\u2606ASTA12345\n|j|\u2606vf yu hcf\n|t:|1682363920\n|gametype|doubles\n|player|p1|ASTA12345|wallace|1089\n|player|p2|vf yu hcf|lass-gen4|1000\n|teamsize|p1|6\n|teamsize|p2|6\n|gen|9\n|tier|[Gen 9] VGC 2023 Regulation C\n|rated|\n|rule|Species Clause: Limit one of each Pok\u00e9mon\n|rule|Item Clause: Limit one of each item\n|clearpoke\n|poke|p1|Bellibolt, L50, F|\n|poke|p1|Palafin, L50, M|\n|poke|p1|Great Tusk, L50|\n|poke|p1|Arcanine, L50, M|\n|poke|p1|Flutter Mane, L50|\n|poke|p1|Dragonite, L50, F|\n|poke|p2|Annihilape, L50, M|\n|poke|p2|Orthworm, L50, M|\n|poke|p2|Sableye, L50, M|\n|poke|p2|Roaring Moon, L50|\n|poke|p2|Flamigo, L50, F|\n|poke|p2|Kingambit, L50, F|\n|teampreview|4\n|inactive|Battle timer is ON: inactive players will automatically lose when time's up. (requested by vf yu hcf)\n|\n|t:|1682363934\n|start\n|switch|p1a: Arcanine|Arcanine, L50, M|100\/100\n|switch|p1b: Great Tusk|Great Tusk, L50, shiny|100\/100\n|switch|p2a: Sableye|Sableye, L50, M|100\/100\n|switch|p2b: Orthworm|Orthworm, L50, M|100\/100\n|-ability|p1a: Arcanine|Intimidate|boost\n|-unboost|p2a: Sableye|atk|1\n|-unboost|p2b: Orthworm|atk|1\n|turn|1\n|\n|t:|1682363952\n|move|p2b: Orthworm|Protect|p2b: Orthworm\n|-singleturn|p2b: Orthworm|Protect\n|move|p2a: Sableye|Reflect|p2a: Sableye\n|-sidestart|p2: vf yu hcf|Reflect\n|move|p1a: Arcanine|Will-O-Wisp|p2b: Orthworm\n|-activate|p2b: Orthworm|move: Protect\n|move|p1b: Great Tusk|Close Combat|p2b: Orthworm\n|-activate|p2b: Orthworm|move: Protect\n|\n|upkeep\n|turn|2\n|\n|t:|1682363973\n|move|p1b: Great Tusk|Protect|p1b: Great Tusk\n|-singleturn|p1b: Great Tusk|Protect\n|move|p1a: Arcanine|Will-O-Wisp|p2b: Orthworm\n|-status|p2b: Orthworm|brn\n|move|p2b: Orthworm|Shed Tail|p2b: Orthworm\n|-start|p2b: Orthworm|Substitute|[from] move: Shed Tail\n|-damage|p2b: Orthworm|50\/100 brn\n|-enditem|p2b: Orthworm|Sitrus Berry|[eat]\n|-heal|p2b: Orthworm|75\/100 brn|[from] item: Sitrus Berry\n|\n|t:|1682363990\n|switch|p2b: Annihilape|Annihilape, L50, M|100\/100|[from] Shed Tail\n|move|p2a: Sableye|Knock Off|p1b: Great Tusk\n|-activate|p1b: Great Tusk|move: Protect\n|\n|upkeep\n|turn|3\n|\n|t:|1682364008\n|move|p1a: Arcanine|Protect|p1a: Arcanine\n|-singleturn|p1a: Arcanine|Protect\n|move|p1b: Great Tusk|Headlong Rush|p2b: Annihilape\n|-end|p2b: Annihilape|Substitute\n|-unboost|p1b: Great Tusk|def|1\n|-unboost|p1b: Great Tusk|spd|1\n|move|p2b: Annihilape|Bulk Up|p2b: Annihilape\n|-boost|p2b: Annihilape|atk|1\n|-boost|p2b: Annihilape|def|1\n|move|p2a: Sableye|Knock Off|p1b: Great Tusk\n|-resisted|p1b: Great Tusk\n|-damage|p1b: Great Tusk|90\/100\n|-enditem|p1b: Great Tusk|Focus Sash|[from] move: Knock Off|[of] p2a: Sableye\n|\n|upkeep\n|turn|4\n|inactive|ASTA12345 has 30 seconds left.\n|\n|t:|1682364034\n|move|p2a: Sableye|Encore|p1a: Arcanine\n|-start|p1a: Arcanine|Encore\n|move|p1a: Arcanine|Protect||[still]\n|-fail|p1a: Arcanine\n|move|p1b: Great Tusk|Headlong Rush|p2a: Sableye\n|-damage|p2a: Sableye|57\/100\n|-unboost|p1b: Great Tusk|def|1\n|-unboost|p1b: Great Tusk|spd|1\n|move|p2b: Annihilape|Bulk Up|p2b: Annihilape\n|-boost|p2b: Annihilape|atk|1\n|-boost|p2b: Annihilape|def|1\n|\n|upkeep\n|turn|5\n|\n|t:|1682364055\n|switch|p1a: Bellibolt|Bellibolt, L50, F|100\/100\n|move|p1b: Great Tusk|Headlong Rush|p2a: Sableye\n|-damage|p2a: Sableye|16\/100\n|-unboost|p1b: Great Tusk|def|1\n|-unboost|p1b: Great Tusk|spd|1\n|move|p2b: Annihilape|Drain Punch|p1b: Great Tusk\n|-damage|p1b: Great Tusk|0 fnt\n|faint|p1b: Great Tusk\n|-end|p1b: Great Tusk|Protosynthesis|[silent]\n|move|p2a: Sableye|Knock Off|p1a: Bellibolt\n|-damage|p1a: Bellibolt|83\/100\n|-start|p1a: Bellibolt|Charge|Knock Off|[from] ability: Electromorphosis\n|-enditem|p1a: Bellibolt|Assault Vest|[from] move: Knock Off|[of] p2a: Sableye\n|\n|upkeep\n|\n|t:|1682364075\n|switch|p1b: Palafin|Palafin, L50, M, shiny|100\/100\n|turn|6\n|\n|t:|1682364087\n|move|p1b: Palafin|Protect|p1b: Palafin\n|-singleturn|p1b: Palafin|Protect\n|move|p2a: Sableye|Light Screen|p2a: Sableye\n|-sidestart|p2: vf yu hcf|move: Light Screen\n|move|p2b: Annihilape|Drain Punch|p1b: Palafin\n|-activate|p1b: Palafin|move: Protect\n|move|p1a: Bellibolt|Parabolic Charge|p2b: Annihilape|[spread] p2a,p2b\n|-activate|p1b: Palafin|move: Protect\n|-damage|p2a: Sableye|0 fnt\n|-heal|p1a: Bellibolt|89\/100|[from] drain|[of] p2a: Sableye\n|-damage|p2b: Annihilape|77\/100\n|-heal|p1a: Bellibolt|100\/100|[from] drain|[of] p2b: Annihilape\n|faint|p2a: Sableye\n|-end|p1a: Bellibolt|Charge|[silent]\n|\n|-heal|p2b: Annihilape|83\/100|[from] item: Leftovers\n|upkeep\n|\n|t:|1682364091\n|switch|p2a: Kingambit|Kingambit, L50, F|100\/100\n|turn|7\n|\n|t:|1682364115\n|move|p1b: Palafin|Haze|p1b: Palafin\n|-clearallboost\n|move|p2b: Annihilape|Rage Fist|p1a: Bellibolt\n|-damage|p1a: Bellibolt|57\/100\n|-start|p1a: Bellibolt|Charge|Rage Fist|[from] ability: Electromorphosis\n|move|p2a: Kingambit|Kowtow Cleave|p1b: Palafin\n|-damage|p1b: Palafin|34\/100\n|move|p1a: Bellibolt|Muddy Water|p2b: Annihilape|[spread] p2a,p2b\n|-damage|p2a: Kingambit|88\/100\n|-damage|p2b: Annihilape|71\/100\n|-unboost|p2a: Kingambit|accuracy|1\n|-ability|p2a: Kingambit|Defiant|boost\n|-boost|p2a: Kingambit|atk|2\n|-unboost|p2b: Annihilape|accuracy|1\n|-ability|p2b: Annihilape|Defiant|boost\n|-boost|p2b: Annihilape|atk|2\n|\n|-heal|p2b: Annihilape|77\/100|[from] item: Leftovers\n|upkeep\n|turn|8\n|-message|ASTA12345 forfeited.\n|\n|win|vf yu hcf\n|raw|ASTA12345's rating: 1089 → 1060<\/strong> (-29 for losing)\n|raw|vf yu hcf's rating: 1000 → 1050<\/strong> (+50 for winning)\n|l|\u2606ASTA12345\n","uploadtime":1682364143,"views":11,"p1id":"asta12345","p2id":"vfyuhcf","formatid":"gen9vgc2023regulationc","rating":1050,"private":0,"password":""}