{"id":"gen9vgc2023regulationc-1851869200","p1":"qsdfsqfsqf","p2":"mmoom","format":"[Gen 9] VGC 2023 Regulation C","log":"|j|\u2606qsdfsqfsqf\n|j|\u2606mmoom\n|t:|1682497987\n|gametype|doubles\n|player|p1|qsdfsqfsqf|101|1095\n|player|p2|mmoom|265|1000\n|teamsize|p1|6\n|teamsize|p2|6\n|gen|9\n|tier|[Gen 9] VGC 2023 Regulation C\n|rated|\n|rule|Species Clause: Limit one of each Pok\u00e9mon\n|rule|Item Clause: Limit one of each item\n|clearpoke\n|poke|p1|Medicham, L50, F|\n|poke|p1|Brute Bonnet, L50|\n|poke|p1|Arcanine, L50, M|\n|poke|p1|Iron Bundle, L50|\n|poke|p1|Flutter Mane, L50|\n|poke|p1|Tinkaton, L50, F|\n|poke|p2|Flutter Mane, L50|\n|poke|p2|Palafin, L50, M|\n|poke|p2|Arcanine, L50, M|\n|poke|p2|Amoonguss, L50, M|\n|poke|p2|Ting-Lu, L50|\n|poke|p2|Dragonite, L50, F|\n|teampreview|4\n|\n|t:|1682498031\n|start\n|switch|p1a: Flutter Mane|Flutter Mane, L50|100\/100\n|switch|p1b: Iron Bundle|Iron Bundle, L50|100\/100\n|switch|p2a: Arcanine|Arcanine, L50, M|100\/100\n|switch|p2b: Palafin|Palafin, L50, M|100\/100\n|-ability|p2a: Arcanine|Intimidate|boost\n|-unboost|p1a: Flutter Mane|atk|1\n|-unboost|p1b: Iron Bundle|atk|1\n|-enditem|p1b: Iron Bundle|Booster Energy\n|-activate|p1b: Iron Bundle|ability: Quark Drive|[fromitem]\n|-start|p1b: Iron Bundle|quarkdrivespe\n|turn|1\n|inactive|Battle timer is ON: inactive players will automatically lose when time's up. (requested by mmoom)\n|\n|t:|1682498066\n|detailschange|p2b: Palafin|Palafin-Hero, L50, M\n|switch|p2b: Amoonguss|Amoonguss, L50, M|100\/100\n|move|p1b: Iron Bundle|Freeze-Dry|p2b: Amoonguss\n|-supereffective|p2b: Amoonguss\n|-damage|p2b: Amoonguss|40\/100\n|-enditem|p2b: Amoonguss|Sitrus Berry|[eat]\n|-heal|p2b: Amoonguss|65\/100|[from] item: Sitrus Berry\n|move|p1a: Flutter Mane|Power Gem|p2a: Arcanine\n|-supereffective|p2a: Arcanine\n|-damage|p2a: Arcanine|5\/100\n|-enditem|p2a: Arcanine|Mago Berry|[eat]\n|-heal|p2a: Arcanine|38\/100|[from] item: Mago Berry\n|move|p2a: Arcanine|Flare Blitz|p1a: Flutter Mane\n|-damage|p1a: Flutter Mane|0 fnt\n|faint|p1a: Flutter Mane\n|-end|p1a: Flutter Mane|Protosynthesis|[silent]\n|-damage|p2a: Arcanine|16\/100|[from] Recoil\n|\n|upkeep\n|\n|t:|1682498083\n|switch|p1a: Arcanine|Arcanine, L50, M|100\/100\n|-ability|p1a: Arcanine|Intimidate|boost\n|-unboost|p2a: Arcanine|atk|1\n|-unboost|p2b: Amoonguss|atk|1\n|turn|2\n|\n|t:|1682498101\n|switch|p2a: Palafin|Palafin-Hero, L50, M|100\/100\n|-activate|p2a: Palafin|ability: Zero to Hero\n|-terastallize|p2b: Amoonguss|Water\n|move|p1b: Iron Bundle|Freeze-Dry|p2a: Palafin\n|-supereffective|p2a: Palafin\n|-damage|p2a: Palafin|34\/100\n|move|p1a: Arcanine|Flare Blitz|p2b: Amoonguss\n|-resisted|p2b: Amoonguss\n|-damage|p2b: Amoonguss|42\/100\n|-damage|p1a: Arcanine|91\/100|[from] Recoil\n|move|p2b: Amoonguss|Spore|p1b: Iron Bundle\n|-status|p1b: Iron Bundle|slp|[from] move: Spore\n|\n|upkeep\n|turn|3\n|inactive|mmoom has 30 seconds left.\n|inactive|qsdfsqfsqf has 30 seconds left.\n|inactive|mmoom has 20 seconds left.\n|inactive|mmoom has 15 seconds left.\n|inactive|mmoom has 10 seconds left.\n|inactive|mmoom has 5 seconds left.\n|\n|t:|1682498154\n|-terastallize|p1a: Arcanine|Normal\n|move|p1a: Arcanine|Extreme Speed|p2a: Palafin\n|-damage|p2a: Palafin|0 fnt\n|faint|p2a: Palafin\n|cant|p1b: Iron Bundle|slp\n|move|p2b: Amoonguss|Pollen Puff|p2: Palafin|[notarget]\n|-fail|p2b: Amoonguss\n|\n|upkeep\n|\n|t:|1682498168\n|switch|p2a: Flutter Mane|Flutter Mane, L50|100\/100\n|-enditem|p2a: Flutter Mane|Booster Energy\n|-activate|p2a: Flutter Mane|ability: Protosynthesis|[fromitem]\n|-start|p2a: Flutter Mane|protosynthesisspa\n|turn|4\n|\n|t:|1682498190\n|switch|p2b: Arcanine|Arcanine, L50, M|16\/100\n|-ability|p2b: Arcanine|Intimidate|boost\n|-unboost|p1a: Arcanine|atk|1\n|-unboost|p1b: Iron Bundle|atk|1\n|cant|p1b: Iron Bundle|slp\n|move|p1a: Arcanine|Protect|p1a: Arcanine\n|-singleturn|p1a: Arcanine|Protect\n|move|p2a: Flutter Mane|Moonblast|p1b: Iron Bundle\n|-damage|p1b: Iron Bundle|0 fnt\n|faint|p1b: Iron Bundle\n|-end|p1b: Iron Bundle|Quark Drive|[silent]\n|\n|upkeep\n|\n|t:|1682498194\n|switch|p1b: Brute Bonnet|Brute Bonnet, L50|100\/100\n|turn|5\n|\n|t:|1682498208\n|switch|p2b: Amoonguss|Amoonguss, L50, M, tera:Water|75\/100\n|move|p2a: Flutter Mane|Protect|p2a: Flutter Mane\n|-singleturn|p2a: Flutter Mane|Protect\n|move|p1a: Arcanine|Extreme Speed|p2b: Amoonguss\n|-damage|p2b: Amoonguss|53\/100\n|move|p1b: Brute Bonnet|Sucker Punch||[still]\n|-fail|p1b: Brute Bonnet\n|\n|upkeep\n|turn|6\n|\n|t:|1682498229\n|move|p2b: Amoonguss|Rage Powder|p2b: Amoonguss\n|-singleturn|p2b: Amoonguss|move: Rage Powder\n|move|p2a: Flutter Mane|Moonblast|p1b: Brute Bonnet\n|-supereffective|p1b: Brute Bonnet\n|-damage|p1b: Brute Bonnet|9\/100\n|move|p1a: Arcanine|Flare Blitz|p2a: Flutter Mane\n|-damage|p2a: Flutter Mane|49\/100\n|-status|p2a: Flutter Mane|brn\n|-damage|p1a: Arcanine|76\/100|[from] Recoil\n|move|p1b: Brute Bonnet|Spore|p2b: Amoonguss\n|-status|p2b: Amoonguss|slp|[from] move: Spore\n|\n|-damage|p2a: Flutter Mane|43\/100 brn|[from] brn\n|upkeep\n|turn|7\n|inactive|qsdfsqfsqf has 30 seconds left.\n|\n|t:|1682498254\n|switch|p2b: Arcanine|Arcanine, L50, M|16\/100\n|-ability|p2b: Arcanine|Intimidate|boost\n|-unboost|p1a: Arcanine|atk|1\n|-unboost|p1b: Brute Bonnet|atk|1\n|move|p1a: Arcanine|Extreme Speed|p2b: Arcanine\n|-damage|p2b: Arcanine|0 fnt\n|faint|p2b: Arcanine\n|move|p1b: Brute Bonnet|Sucker Punch|p2a: Flutter Mane\n|-damage|p2a: Flutter Mane|12\/100 brn\n|move|p2a: Flutter Mane|Dazzling Gleam|p1a: Arcanine|[spread] p1a,p1b\n|-supereffective|p1b: Brute Bonnet\n|-damage|p1a: Arcanine|36\/100\n|-damage|p1b: Brute Bonnet|0 fnt\n|faint|p1b: Brute Bonnet\n|-end|p1b: Brute Bonnet|Protosynthesis|[silent]\n|\n|-damage|p2a: Flutter Mane|6\/100 brn|[from] brn\n|upkeep\n|\n|t:|1682498263\n|switch|p2b: Amoonguss|Amoonguss, L50, M, tera:Water|86\/100 slp\n|turn|8\n|\n|t:|1682498287\n|move|p1a: Arcanine|Protect|p1a: Arcanine\n|-singleturn|p1a: Arcanine|Protect\n|move|p2a: Flutter Mane|Moonblast|p1a: Arcanine\n|-activate|p1a: Arcanine|move: Protect\n|cant|p2b: Amoonguss|slp\n|\n|-damage|p2a: Flutter Mane|0 fnt|[from] brn\n|faint|p2a: Flutter Mane\n|-end|p2a: Flutter Mane|Protosynthesis|[silent]\n|upkeep\n|turn|9\n|\n|t:|1682498309\n|-curestatus|p2b: Amoonguss|slp|[msg]\n|move|p2b: Amoonguss|Protect|p2b: Amoonguss\n|-singleturn|p2b: Amoonguss|Protect\n|move|p1a: Arcanine|Extreme Speed|p2b: Amoonguss\n|-activate|p2b: Amoonguss|move: Protect\n|\n|upkeep\n|turn|10\n|\n|t:|1682498313\n|move|p1a: Arcanine|Extreme Speed|p2b: Amoonguss\n|-damage|p2b: Amoonguss|69\/100\n|move|p2b: Amoonguss|Pollen Puff|p1a: Arcanine\n|-damage|p1a: Arcanine|19\/100\n|\n|upkeep\n|turn|11\n|\n|t:|1682498320\n|move|p2b: Amoonguss|Protect|p2b: Amoonguss\n|-singleturn|p2b: Amoonguss|Protect\n|move|p1a: Arcanine|Extreme Speed|p2b: Amoonguss\n|-activate|p2b: Amoonguss|move: Protect\n|\n|upkeep\n|turn|12\n|\n|t:|1682498323\n|move|p1a: Arcanine|Extreme Speed|p2b: Amoonguss\n|-damage|p2b: Amoonguss|54\/100\n|move|p2b: Amoonguss|Pollen Puff|p1a: Arcanine\n|-damage|p1a: Arcanine|0 fnt\n|faint|p1a: Arcanine\n|\n|win|mmoom\n|raw|qsdfsqfsqf's rating: 1095 → 1064<\/strong> (-31 for losing)\n|raw|mmoom's rating: 1000 → 1051<\/strong> (+51 for winning)\n|l|\u2606qsdfsqfsqf\n","uploadtime":1682498333,"views":14,"p1id":"qsdfsqfsqf","p2id":"mmoom","formatid":"gen9vgc2023regulationc","rating":1051,"private":0,"password":""}