{"id":"gen9vgc2023regulationc-1846770824","p1":"mistah mistah 11","p2":"MamuT420","format":"[Gen 9] VGC 2023 Regulation C","log":"|j|\u2606mistah mistah 11\n|j|\u2606MamuT420\n|t:|1681876682\n|gametype|doubles\n|player|p1|mistah mistah 11|265|1151\n|player|p2|MamuT420|scientist-gen4|1141\n|teamsize|p1|6\n|teamsize|p2|6\n|gen|9\n|tier|[Gen 9] VGC 2023 Regulation C\n|rated|\n|rule|Species Clause: Limit one of each Pok\u00e9mon\n|rule|Item Clause: Limit one of each item\n|clearpoke\n|poke|p1|Ting-Lu, L50|\n|poke|p1|Cryogonal, L50|\n|poke|p1|Kingambit, L50, M|\n|poke|p1|Garganacl, L50, F|\n|poke|p1|Dondozo, L50, M|\n|poke|p1|Mudsdale, L50, F|\n|poke|p2|Glaceon, L50, M|\n|poke|p2|Abomasnow, L50, M|\n|poke|p2|Wo-Chien, L50|\n|poke|p2|Flutter Mane, L50|\n|poke|p2|Baxcalibur, L50, F|\n|poke|p2|Arcanine, L50, F|\n|teampreview|4\nMamuT420 has agreed to open team sheets.\n|\n|t:|1681876718\n|start\n|switch|p1a: Garganacl|Garganacl, L50, F|100\/100\n|switch|p1b: Dondozo|Dondozo, L50, M|100\/100\n|switch|p2a: Abomasnow|Abomasnow, L50, M|100\/100\n|switch|p2b: Glaceon|Glaceon, L50, M|100\/100\n|-weather|Snow|[from] ability: Snow Warning|[of] p2a: Abomasnow\n|turn|1\n|\n|t:|1681876750\n|switch|p2b: Wo-Chien|Wo-Chien, L50|100\/100\n|-ability|p2b: Wo-Chien|Tablets of Ruin\n|move|p2a: Abomasnow|Aurora Veil|p2a: Abomasnow\n|-sidestart|p2: MamuT420|move: Aurora Veil\n|move|p1b: Dondozo|Fissure|p2a: Abomasnow|[miss]\n|-miss|p1b: Dondozo|p2a: Abomasnow\n|move|p1a: Garganacl|Fissure|p2a: Abomasnow|[miss]\n|-miss|p1a: Garganacl|p2a: Abomasnow\n|\n|-weather|Snow|[upkeep]\n|upkeep\n|turn|2\n|\n|t:|1681876787\n|move|p1b: Dondozo|Protect|p1b: Dondozo\n|-singleturn|p1b: Dondozo|Protect\n|move|p2b: Wo-Chien|Ruination|p1b: Dondozo\n|-activate|p1b: Dondozo|move: Protect\n|move|p2a: Abomasnow|Blizzard|p1a: Garganacl|[spread] p1a\n|-activate|p1b: Dondozo|move: Protect\n|-damage|p1a: Garganacl|88\/100\n|move|p1a: Garganacl|Fissure|p2b: Wo-Chien|[miss]\n|-miss|p1a: Garganacl|p2b: Wo-Chien\n|\n|-weather|Snow|[upkeep]\n|upkeep\n|turn|3\n|\n|t:|1681876808\n|switch|p1b: Cryogonal|Cryogonal, L50|100\/100\n|move|p2b: Wo-Chien|Ruination|p1b: Cryogonal\n|-damage|p1b: Cryogonal|51\/100\n|move|p2a: Abomasnow|Energy Ball|p1b: Cryogonal\n|-damage|p1b: Cryogonal|28\/100\n|-unboost|p1b: Cryogonal|spd|1\n|move|p1a: Garganacl|Fissure|p2b: Wo-Chien\n|-damage|p2b: Wo-Chien|0 fnt\n|faint|p2b: Wo-Chien\n|-ohko\n|\n|-weather|Snow|[upkeep]\n|upkeep\n|\n|t:|1681876826\n|switch|p2b: Glaceon|Glaceon, L50, M|100\/100\n|turn|4\n|\n|t:|1681876838\n|-terastallize|p2b: Glaceon|Ground\n|move|p1b: Cryogonal|Light Screen|p1b: Cryogonal\n|-sidestart|p1: mistah mistah 11|move: Light Screen\n|move|p2b: Glaceon|Tera Blast|p1a: Garganacl\n|-supereffective|p1a: Garganacl\n|-damage|p1a: Garganacl|46\/100\n|move|p2a: Abomasnow|Energy Ball|p1a: Garganacl\n|-supereffective|p1a: Garganacl\n|-damage|p1a: Garganacl|26\/100\n|-unboost|p1a: Garganacl|spd|1\n|move|p1a: Garganacl|Fissure|p2a: Abomasnow|[miss]\n|-miss|p1a: Garganacl|p2a: Abomasnow\n|\n|-weather|Snow|[upkeep]\n|upkeep\n|turn|5\n|\n|t:|1681876861\n|move|p1b: Cryogonal|Sheer Cold|p2b: Glaceon|[miss]\n|-miss|p1b: Cryogonal|p2b: Glaceon\n|move|p2b: Glaceon|Tera Blast|p1a: Garganacl\n|-supereffective|p1a: Garganacl\n|-damage|p1a: Garganacl|0 fnt\n|faint|p1a: Garganacl\n|move|p2a: Abomasnow|Blizzard|p1b: Cryogonal\n|-resisted|p1b: Cryogonal\n|-damage|p1b: Cryogonal|14\/100\n|\n|-weather|none\n|-sideend|p2: MamuT420|move: Aurora Veil\n|upkeep\n|\n|t:|1681876872\n|switch|p1a: Ting-Lu|Ting-Lu, L50|100\/100\n|-ability|p1a: Ting-Lu|Vessel of Ruin\n|turn|6\n|\n|t:|1681876892\n|switch|p2a: Arcanine|Arcanine, L50, F|100\/100\n|-ability|p2a: Arcanine|Intimidate|boost\n|-unboost|p1a: Ting-Lu|atk|1\n|-unboost|p1b: Cryogonal|atk|1\n|move|p1b: Cryogonal|Sheer Cold|p2b: Glaceon|[miss]\n|-miss|p1b: Cryogonal|p2b: Glaceon\n|move|p2b: Glaceon|Tera Blast|p1b: Cryogonal\n|-immune|p1b: Cryogonal|[from] ability: Levitate\n|move|p1a: Ting-Lu|Fissure|p2a: Arcanine\n|-damage|p2a: Arcanine|0 fnt\n|faint|p2a: Arcanine\n|-ohko\n|\n|upkeep\n|\n|t:|1681876904\n|switch|p2a: Abomasnow|Abomasnow, L50, M|100\/100\n|-weather|Snow|[from] ability: Snow Warning|[of] p2a: Abomasnow\n|turn|7\n|\n|t:|1681876929\n|move|p1b: Cryogonal|Sheer Cold|p2b: Glaceon|[miss]\n|-miss|p1b: Cryogonal|p2b: Glaceon\n|move|p2b: Glaceon|Tera Blast|p1a: Ting-Lu\n|-damage|p1a: Ting-Lu|78\/100\n|move|p2a: Abomasnow|Blizzard|p1a: Ting-Lu|[spread] p1a,p1b\n|-supereffective|p1a: Ting-Lu\n|-resisted|p1b: Cryogonal\n|-damage|p1a: Ting-Lu|59\/100\n|-damage|p1b: Cryogonal|7\/100\n|move|p1a: Ting-Lu|Fissure|p2a: Abomasnow\n|-enditem|p2a: Abomasnow|Focus Sash\n|-damage|p2a: Abomasnow|1\/100\n|\n|-weather|Snow|[upkeep]\n|-heal|p1a: Ting-Lu|65\/100|[from] item: Leftovers\n|upkeep\n|turn|8\n|\n|t:|1681876947\n|move|p1b: Cryogonal|Sheer Cold|p2b: Glaceon|[miss]\n|-miss|p1b: Cryogonal|p2b: Glaceon\n|move|p2b: Glaceon|Tera Blast|p1a: Ting-Lu\n|-damage|p1a: Ting-Lu|43\/100\n|move|p2a: Abomasnow|Blizzard|p1a: Ting-Lu|[spread] p1a,p1b\n|-supereffective|p1a: Ting-Lu\n|-resisted|p1b: Cryogonal\n|-damage|p1a: Ting-Lu|25\/100\n|-damage|p1b: Cryogonal|0 fnt\n|faint|p1b: Cryogonal\n|move|p1a: Ting-Lu|Snarl|p2b: Glaceon|[spread] p2a,p2b\n|-damage|p2a: Abomasnow|0 fnt\n|-damage|p2b: Glaceon|91\/100\n|-unboost|p2b: Glaceon|spa|1\n|faint|p2a: Abomasnow\n|\n|-weather|Snow|[upkeep]\n|-heal|p1a: Ting-Lu|31\/100|[from] item: Leftovers\n|upkeep\n|\n|t:|1681876962\n|switch|p1b: Dondozo|Dondozo, L50, M|100\/100\n|turn|9\n|c|\u2606MamuT420|please show me your team, I think it's really good\n|\n|t:|1681876982\n|move|p2b: Glaceon|Tera Blast|p1a: Ting-Lu\n|-damage|p1a: Ting-Lu|14\/100\n|move|p1a: Ting-Lu|Fissure|p2b: Glaceon|[miss]\n|-miss|p1a: Ting-Lu|p2b: Glaceon\n|move|p1b: Dondozo|Yawn|p2b: Glaceon\n|-start|p2b: Glaceon|move: Yawn|[of] p1b: Dondozo\n|\n|-weather|Snow|[upkeep]\n|-heal|p1a: Ting-Lu|20\/100|[from] item: Leftovers\n|upkeep\n|turn|10\n|\n|t:|1681876996\n|move|p1a: Ting-Lu|Protect|p1a: Ting-Lu\n|-singleturn|p1a: Ting-Lu|Protect\n|move|p2b: Glaceon|Tera Blast|p1a: Ting-Lu\n|-activate|p1a: Ting-Lu|move: Protect\n|move|p1b: Dondozo|Substitute|p1b: Dondozo\n|-start|p1b: Dondozo|Substitute\n|-damage|p1b: Dondozo|76\/100\n|\n|-weather|Snow|[upkeep]\n|-heal|p1a: Ting-Lu|26\/100|[from] item: Leftovers\n|-end|p2b: Glaceon|move: Yawn|[silent]\n|-status|p2b: Glaceon|slp\n|upkeep\n|turn|11\n|\n|t:|1681877009\n|cant|p2b: Glaceon|slp\n|move|p1a: Ting-Lu|Fissure|p2b: Glaceon\n|-damage|p2b: Glaceon|0 fnt\n|faint|p2b: Glaceon\n|-ohko\n|\n|win|mistah mistah 11\n|raw|mistah mistah 11's rating: 1151 → 1175<\/strong> (+24 for winning)\n|raw|MamuT420's rating: 1141 → 1117<\/strong> (-24 for losing)\n|c|\u2606mistah mistah 11|gg\n","uploadtime":1681877042,"views":10,"p1id":"mistahmistah11","p2id":"mamut420","formatid":"gen9vgc2023regulationc","rating":1117,"private":0,"password":""}