{"id":"gen9vgc2023regulationc-1852563248","p1":"Nightmare_King_VGC","p2":"maku83199","format":"[Gen 9] VGC 2023 Regulation C","log":"|j|\u2606Nightmare_King_VGC\n|j|\u2606maku83199\n|t:|1682576832\n|gametype|doubles\n|player|p1|Nightmare_King_VGC|veteranf|1309\n|player|p2|maku83199|2|1305\n|teamsize|p1|6\n|teamsize|p2|6\n|gen|9\n|tier|[Gen 9] VGC 2023 Regulation C\n|rated|\n|rule|Species Clause: Limit one of each Pok\u00e9mon\n|rule|Item Clause: Limit one of each item\n|clearpoke\n|poke|p1|Glimmora, L50, M|\n|poke|p1|Iron Bundle, L50|\n|poke|p1|Dondozo, L50, M|\n|poke|p1|Dragonite, L50, F|\n|poke|p1|Tatsugiri, L50, M|\n|poke|p1|Chi-Yu, L50|\n|poke|p2|Klefki, L50, M|\n|poke|p2|Corviknight, L50, F|\n|poke|p2|Ting-Lu, L50|\n|poke|p2|Iron Hands, L50|\n|poke|p2|Flutter Mane, L50|\n|poke|p2|Gyarados, L50, F|\n|teampreview|4\nmaku83199 has agreed to open team sheets.\n|inactive|Battle timer is ON: inactive players will automatically lose when time's up. (requested by maku83199)\n|inactive|Nightmare_King_VGC has 60 seconds left.\n|\n|t:|1682576879\n|start\n|switch|p1a: Dragonite|Dragonite, L50, F|100\/100\n|switch|p1b: Iron Bundle|Iron Bundle, L50|100\/100\n|switch|p2a: Klefki|Klefki, L50, M|100\/100\n|switch|p2b: Ting-Lu|Ting-Lu, L50|100\/100\n|-ability|p2b: Ting-Lu|Vessel of Ruin\n|-enditem|p1b: Iron Bundle|Booster Energy\n|-activate|p1b: Iron Bundle|ability: Quark Drive|[fromitem]\n|-start|p1b: Iron Bundle|quarkdrivespe\n|turn|1\n|inactive|Nightmare_King_VGC has 30 seconds left.\n|\n|t:|1682576914\n|move|p2a: Klefki|Light Screen|p2a: Klefki\n|-sidestart|p2: maku83199|move: Light Screen\n|move|p1b: Iron Bundle|Hydro Pump|p2b: Ting-Lu\n|-supereffective|p2b: Ting-Lu\n|-damage|p2b: Ting-Lu|77\/100\n|move|p1a: Dragonite|Low Kick|p2b: Ting-Lu\n|-supereffective|p2b: Ting-Lu\n|-damage|p2b: Ting-Lu|0 fnt\n|faint|p2b: Ting-Lu\n|\n|upkeep\n|\n|t:|1682576924\n|switch|p2b: Flutter Mane|Flutter Mane, L50|100\/100\n|turn|2\n|\n|t:|1682576949\n|-end|p1b: Iron Bundle|Quark Drive|[silent]\n|switch|p1b: Tatsugiri|Tatsugiri, L50, M|100\/100\n|switch|p1a: Dondozo|Dondozo, L50, M|100\/100\n|-activate|p1b: Tatsugiri|ability: Commander|[of] p1a: Dondozo\n|-boost|p1a: Dondozo|atk|2\n|-boost|p1a: Dondozo|spa|2\n|-boost|p1a: Dondozo|spe|2\n|-boost|p1a: Dondozo|def|2\n|-boost|p1a: Dondozo|spd|2\n|move|p2a: Klefki|Reflect|p2a: Klefki\n|-sidestart|p2: maku83199|Reflect\n|move|p2b: Flutter Mane|Thunderbolt|p1b: Tatsugiri|[miss]\n|-miss|p2b: Flutter Mane|p1b: Tatsugiri\n|\n|upkeep\n|turn|3\n|\n|t:|1682576966\n|switch|p2a: Gyarados|Gyarados, L50, F, shiny|100\/100\n|-ability|p2a: Gyarados|Intimidate|boost\n|-unboost|p1a: Dondozo|atk|1\n|-unboost|p1b: Tatsugiri|atk|1\n|-terastallize|p1a: Dondozo|Grass\n|move|p2b: Flutter Mane|Protect|p2b: Flutter Mane\n|-singleturn|p2b: Flutter Mane|Protect\n|move|p1a: Dondozo|Earthquake|p2a: Gyarados|[spread] \n|-miss|p1a: Dondozo|p1b: Tatsugiri\n|-activate|p2b: Flutter Mane|move: Protect\n|-immune|p2a: Gyarados\n|\n|upkeep\n|turn|4\n|inactive|maku83199 has 30 seconds left.\n|\n|t:|1682576998\n|-end|p2b: Flutter Mane|Protosynthesis|[silent]\n|switch|p2b: Klefki|Klefki, L50, M|100\/100\n|move|p1a: Dondozo|Wave Crash|p2b: Klefki\n|-damage|p2b: Klefki|51\/100\n|-damage|p1a: Dondozo|89\/100|[from] Recoil\n|move|p2a: Gyarados|Thunder Wave|p1a: Dondozo|[miss]\n|-miss|p2a: Gyarados|p1a: Dondozo\n|\n|-heal|p1a: Dondozo|95\/100|[from] item: Leftovers\n|upkeep\n|turn|5\n|inactive|Nightmare_King_VGC has 30 seconds left.\n|\n|t:|1682577032\n|switch|p2a: Flutter Mane|Flutter Mane, L50|100\/100\n|move|p1a: Dondozo|Wave Crash|p2b: Klefki\n|-damage|p2b: Klefki|0 fnt\n|faint|p2b: Klefki\n|-damage|p1a: Dondozo|83\/100|[from] Recoil\n|\n|-heal|p1a: Dondozo|89\/100|[from] item: Leftovers\n|upkeep\n|\n|t:|1682577040\n|switch|p2b: Gyarados|Gyarados, L50, F, shiny|100\/100\n|-ability|p2b: Gyarados|Intimidate|boost\n|-unboost|p1a: Dondozo|atk|1\n|-unboost|p1b: Tatsugiri|atk|1\n|turn|6\n|\n|t:|1682577047\n|move|p2a: Flutter Mane|Protect|p2a: Flutter Mane\n|-singleturn|p2a: Flutter Mane|Protect\n|move|p1a: Dondozo|Protect|p1a: Dondozo\n|-singleturn|p1a: Dondozo|Protect\n|move|p2b: Gyarados|Thunder Wave|p1a: Dondozo\n|-activate|p1a: Dondozo|move: Protect\n|\n|-heal|p1a: Dondozo|96\/100|[from] item: Leftovers\n|upkeep\n|turn|7\n|\n|t:|1682577059\n|-terastallize|p2a: Flutter Mane|Fairy\n|move|p2a: Flutter Mane|Moonblast|p1a: Dondozo\n|-damage|p1a: Dondozo|57\/100\n|-unboost|p1a: Dondozo|spa|1\n|-damage|p2a: Flutter Mane|91\/100|[from] item: Life Orb\n|move|p1a: Dondozo|Wave Crash|p2a: Flutter Mane\n|-damage|p2a: Flutter Mane|21\/100\n|-damage|p1a: Dondozo|43\/100|[from] Recoil\n|move|p2b: Gyarados|Thunder Wave|p1a: Dondozo\n|-status|p1a: Dondozo|par\n|\n|-heal|p1a: Dondozo|49\/100 par|[from] item: Leftovers\n|upkeep\n|turn|8\n|\n|t:|1682577077\n|move|p2a: Flutter Mane|Moonblast|p1a: Dondozo\n|-damage|p1a: Dondozo|8\/100 par\n|-damage|p2a: Flutter Mane|11\/100|[from] item: Life Orb\n|move|p2b: Gyarados|Waterfall|p1a: Dondozo\n|-resisted|p1a: Dondozo\n|-damage|p1a: Dondozo|0 fnt\n|faint|p1a: Dondozo\n|\n|-sideend|p2: maku83199|move: Light Screen\n|upkeep\n|\n|t:|1682577089\n|switch|p1a: Iron Bundle|Iron Bundle, L50|100\/100\n|turn|9\n|\n|t:|1682577101\n|move|p2a: Flutter Mane|Protect|p2a: Flutter Mane\n|-singleturn|p2a: Flutter Mane|Protect\n|move|p1b: Tatsugiri|Muddy Water|p2b: Gyarados|[spread] p2b\n|-activate|p2a: Flutter Mane|move: Protect\n|-resisted|p2b: Gyarados\n|-damage|p2b: Gyarados|85\/100\n|move|p1a: Iron Bundle|Freeze-Dry|p2b: Gyarados\n|-supereffective|p2b: Gyarados\n|-damage|p2b: Gyarados|0 fnt\n|faint|p2b: Gyarados\n|\n|-sideend|p2: maku83199|Reflect\n|upkeep\n|turn|10\n|-message|maku83199 forfeited.\n|\n|win|Nightmare_King_VGC\n|raw|Nightmare_King_VGC's rating: 1309 → 1329<\/strong> (+20 for winning)\n|raw|maku83199's rating: 1305 → 1285<\/strong> (-20 for losing)\n|l|\u2606maku83199\n|l|\u2606Nightmare_King_VGC\n|j|\u2606maku83199\n|player|p2|maku83199|2\n","uploadtime":1682577197,"views":18,"p1id":"nightmarekingvgc","p2id":"maku83199","formatid":"gen9vgc2023regulationc","rating":1285,"private":0,"password":""}