{"id":"gen9vgc2023regulationc-1846447476","p1":"upswinging","p2":"leomessias","format":"[Gen 9] VGC 2023 Regulation C","log":"|j|\u2606upswinging\n|j|\u2606leomessias\n|t:|1681841619\n|gametype|doubles\n|player|p1|upswinging|riley|1521\n|player|p2|leomessias|clown|1411\n|teamsize|p1|6\n|teamsize|p2|6\n|gen|9\n|tier|[Gen 9] VGC 2023 Regulation C\n|rated|\n|rule|Species Clause: Limit one of each Pok\u00e9mon\n|rule|Item Clause: Limit one of each item\n|clearpoke\n|poke|p1|Murkrow, L50, M|\n|poke|p1|Iron Bundle, L50|\n|poke|p1|Chi-Yu, L50|\n|poke|p1|Gholdengo, L50|\n|poke|p1|Great Tusk, L50|\n|poke|p1|Brute Bonnet, L50|\n|poke|p2|Arcanine, L50, M|\n|poke|p2|Ting-Lu, L50|\n|poke|p2|Gothitelle, L50, F|\n|poke|p2|Amoonguss, L50, M|\n|poke|p2|Azumarill, L50, M|\n|poke|p2|Flutter Mane, L50|\n|teampreview|4\n|inactive|Battle timer is ON: inactive players will automatically lose when time's up. (requested by leomessias)\n|j| Lisa Frank\nupswinging has agreed to open team sheets.\n|\n|t:|1681841649\n|start\n|switch|p1a: Murkrow|Murkrow, L50, M, shiny|100\/100\n|switch|p1b: Great Tusk|Great Tusk, L50|100\/100\n|switch|p2a: Arcanine|Arcanine, L50, M, shiny|100\/100\n|switch|p2b: Azumarill|Azumarill, L50, M, shiny|100\/100\n|-ability|p2a: Arcanine|Intimidate|boost\n|-unboost|p1a: Murkrow|atk|1\n|-fail|p1b: Great Tusk|unboost|[from] item: Clear Amulet|[of] p1b: Great Tusk\n|turn|1\n|\n|t:|1681841672\n|-terastallize|p2a: Arcanine|Grass\n|move|p1a: Murkrow|Tailwind|p1a: Murkrow\n|-sidestart|p1: upswinging|move: Tailwind\n|move|p1b: Great Tusk|Earthquake|p2b: Azumarill|[spread] p2a,p2b\n|-immune|p1a: Murkrow\n|-resisted|p2a: Arcanine\n|-damage|p2a: Arcanine|76\/100\n|-damage|p2b: Azumarill|60\/100\n|-enditem|p2a: Arcanine|Eject Button\n|\n|t:|1681841681\n|switch|p2a: Gothitelle|Gothitelle, L50, F, shiny|100\/100\n|move|p2b: Azumarill|Play Rough|p1a: Murkrow\n|-supereffective|p1a: Murkrow\n|-enditem|p1a: Murkrow|Focus Sash\n|-damage|p1a: Murkrow|1\/100\n|\n|upkeep\n|turn|2\n|\n|t:|1681841695\n|move|p2a: Gothitelle|Fake Out|p1b: Great Tusk\n|-damage|p1b: Great Tusk|96\/100\n|move|p1a: Murkrow|Sunny Day|p1a: Murkrow\n|-weather|SunnyDay\n|-activate|p1b: Great Tusk|ability: Protosynthesis\n|-start|p1b: Great Tusk|protosynthesisatk\n|cant|p1b: Great Tusk|flinch\n|move|p2b: Azumarill|Perish Song|p2b: Azumarill\n|-start|p1a: Murkrow|perish3|[silent]\n|-start|p1b: Great Tusk|perish3|[silent]\n|-start|p2a: Gothitelle|perish3|[silent]\n|-start|p2b: Azumarill|perish3|[silent]\n|-fieldactivate|move: Perish Song\n|\n|-weather|SunnyDay|[upkeep]\n|-start|p1a: Murkrow|perish3\n|-start|p1b: Great Tusk|perish3\n|-start|p2a: Gothitelle|perish3\n|-start|p2b: Azumarill|perish3\n|upkeep\n|turn|3\n|\n|t:|1681841712\n|switch|p2b: Arcanine|Arcanine, L50, M, shiny, tera:Grass|76\/100\n|-ability|p2b: Arcanine|Intimidate|boost\n|-unboost|p1a: Murkrow|atk|1\n|-fail|p1b: Great Tusk|unboost|[from] item: Clear Amulet|[of] p1b: Great Tusk\n|move|p1a: Murkrow|Brave Bird|p2a: Gothitelle\n|-damage|p2a: Gothitelle|81\/100\n|-damage|p1a: Murkrow|0 fnt|[from] Recoil\n|faint|p1a: Murkrow\n|move|p1b: Great Tusk|Earthquake|p2a: Gothitelle|[spread] p2a,p2b\n|-resisted|p2b: Arcanine\n|-damage|p2a: Gothitelle|35\/100\n|-damage|p2b: Arcanine|42\/100\n|move|p2a: Gothitelle|Heal Pulse|p2b: Arcanine\n|-heal|p2b: Arcanine|92\/100\n|\n|-weather|SunnyDay|[upkeep]\n|-start|p1b: Great Tusk|perish2\n|-start|p2a: Gothitelle|perish2\n|upkeep\n|\n|t:|1681841729\n|switch|p1a: Gholdengo|Gholdengo, L50|100\/100\n|turn|4\n|\n|t:|1681841735\n|-terastallize|p1a: Gholdengo|Steel\n|move|p2a: Gothitelle|Protect|p2a: Gothitelle\n|-singleturn|p2a: Gothitelle|Protect\n|move|p1b: Great Tusk|Close Combat|p2b: Arcanine\n|-damage|p2b: Arcanine|0 fnt\n|-unboost|p1b: Great Tusk|def|1\n|-unboost|p1b: Great Tusk|spd|1\n|faint|p2b: Arcanine\n|move|p1a: Gholdengo|Make It Rain|p2a: Gothitelle\n|-activate|p2a: Gothitelle|move: Protect\n|\n|-weather|SunnyDay|[upkeep]\n|-start|p1b: Great Tusk|perish1\n|-start|p2a: Gothitelle|perish1\n|-sideend|p1: upswinging|move: Tailwind\n|upkeep\n|\n|t:|1681841747\n|switch|p2b: Azumarill|Azumarill, L50, M, shiny|60\/100\n|turn|5\n|\n|t:|1681841758\n|move|p2a: Gothitelle|Protect||[still]\n|-fail|p2a: Gothitelle\n|move|p2b: Azumarill|Protect|p2b: Azumarill\n|-singleturn|p2b: Azumarill|Protect\n|move|p1b: Great Tusk|Headlong Rush|p2a: Gothitelle\n|-crit|p2a: Gothitelle\n|-damage|p2a: Gothitelle|0 fnt\n|-unboost|p1b: Great Tusk|def|1\n|-unboost|p1b: Great Tusk|spd|1\n|faint|p2a: Gothitelle\n|move|p1a: Gholdengo|Make It Rain|p2b: Azumarill\n|-activate|p2b: Azumarill|move: Protect\n|\n|-weather|SunnyDay|[upkeep]\n|-start|p1b: Great Tusk|perish0\n|faint|p1b: Great Tusk\n|-end|p1b: Great Tusk|Protosynthesis|[silent]\n|upkeep\n|\n|t:|1681841766\n|switch|p1b: Brute Bonnet|Brute Bonnet, L50|100\/100\n|switch|p2a: Ting-Lu|Ting-Lu, L50|100\/100\n|-activate|p1b: Brute Bonnet|ability: Protosynthesis\n|-start|p1b: Brute Bonnet|protosynthesisatk\n|-ability|p2a: Ting-Lu|Vessel of Ruin\n|turn|6\n|\n|t:|1681841778\n|move|p1a: Gholdengo|Make It Rain|p2b: Azumarill|[spread] p2a,p2b\n|-damage|p2a: Ting-Lu|64\/100\n|-damage|p2b: Azumarill|0 fnt\n|-unboost|p1a: Gholdengo|spa|1\n|faint|p2b: Azumarill\n|move|p1b: Brute Bonnet|Spore|p2a: Ting-Lu\n|-status|p2a: Ting-Lu|slp|[from] move: Spore\n|cant|p2a: Ting-Lu|slp\n|\n|-weather|none\n|-end|p1b: Brute Bonnet|Protosynthesis\n|upkeep\n|turn|7\n|-message|leomessias forfeited.\n|\n|win|upswinging\n|raw|upswinging's rating: 1521 → 1535<\/strong> (+14 for winning)\n|raw|leomessias's rating: 1411 → 1397<\/strong> (-14 for losing)\n|l|\u2606leomessias\n","uploadtime":1681841794,"views":13,"p1id":"upswinging","p2id":"leomessias","formatid":"gen9vgc2023regulationc","rating":1397,"private":0,"password":""}