{"id":"gen9vgc2023regulationc-1849296236","p1":"Chi-Yuh","p2":"CelineDionSylveon","format":"[Gen 9] VGC 2023 Regulation C","log":"|j|\u2606Chi-Yuh\n|j|\u2606CelineDionSylveon\n|t:|1682182904\n|gametype|doubles\n|player|p1|Chi-Yuh|102|1084\n|player|p2|CelineDionSylveon|klara|1074\n|teamsize|p1|5\n|teamsize|p2|6\n|gen|9\n|tier|[Gen 9] VGC 2023 Regulation C\n|rated|\n|rule|Species Clause: Limit one of each Pok\u00e9mon\n|rule|Item Clause: Limit one of each item\n|clearpoke\n|poke|p1|Flapple, L50, M|\n|poke|p1|Espathra, L50, F|\n|poke|p1|Iron Bundle, L50|\n|poke|p1|Sandy Shocks, L50|\n|poke|p1|Flutter Mane, L50|\n|poke|p2|Ting-Lu, L50|\n|poke|p2|Palafin, L50, M|\n|poke|p2|Flutter Mane, L50|\n|poke|p2|Amoonguss, L50, M|\n|poke|p2|Dragonite, L50, M|\n|poke|p2|Chi-Yu, L50|\n|teampreview|4\n|inactive|Battle timer is ON: inactive players will automatically lose when time's up. (requested by CelineDionSylveon)\n|inactive|Chi-Yuh has 60 seconds left.\n|inactive|CelineDionSylveon has 60 seconds left.\n|\n|t:|1682182940\n|start\n|switch|p1a: Sandy Shocks|Sandy Shocks, L50|100\/100\n|switch|p1b: Espathra|Espathra, L50, F|100\/100\n|switch|p2a: Palafin|Palafin, L50, M|100\/100\n|switch|p2b: Flutter Mane|Flutter Mane, L50|100\/100\n|-enditem|p2b: Flutter Mane|Booster Energy\n|-activate|p2b: Flutter Mane|ability: Protosynthesis|[fromitem]\n|-start|p2b: Flutter Mane|protosynthesisspe\n|-enditem|p1a: Sandy Shocks|Booster Energy\n|-activate|p1a: Sandy Shocks|ability: Protosynthesis|[fromitem]\n|-start|p1a: Sandy Shocks|protosynthesisspe\n|turn|1\n|inactive|Chi-Yuh has 30 seconds left.\n|inactive|Chi-Yuh has 20 seconds left.\n|inactive|Chi-Yuh has 15 seconds left.\n|inactive|Chi-Yuh has 10 seconds left.\n|\n|t:|1682182987\n|-terastallize|p2b: Flutter Mane|Fairy\n|-terastallize|p1a: Sandy Shocks|Ghost\n|move|p2a: Palafin|Jet Punch|p1a: Sandy Shocks\n|-damage|p1a: Sandy Shocks|74\/100\n|move|p2b: Flutter Mane|Moonblast|p1a: Sandy Shocks\n|-damage|p1a: Sandy Shocks|6\/100\n|move|p1a: Sandy Shocks|Gravity|p1a: Sandy Shocks\n|-fieldstart|move: Gravity\n|move|p1b: Espathra|Hypnosis|p2b: Flutter Mane\n|-status|p2b: Flutter Mane|slp|[from] move: Hypnosis\n|\n|-ability|p1b: Espathra|Speed Boost|boost\n|-boost|p1b: Espathra|spe|1\n|upkeep\n|turn|2\n|\n|t:|1682183009\n|-end|p1a: Sandy Shocks|Protosynthesis|[silent]\n|switch|p1a: Flapple|Flapple, L50, M|100\/100\n|move|p2a: Palafin|Protect|p2a: Palafin\n|-singleturn|p2a: Palafin|Protect\n|cant|p2b: Flutter Mane|slp\n|move|p1b: Espathra|Lumina Crash|p2a: Palafin\n|-activate|p2a: Palafin|move: Protect\n|\n|-ability|p1b: Espathra|Speed Boost|boost\n|-boost|p1b: Espathra|spe|1\n|upkeep\n|turn|3\n|\n|t:|1682183023\n|detailschange|p2a: Palafin|Palafin-Hero, L50, M\n|switch|p2a: Ting-Lu|Ting-Lu, L50|100\/100\n|-ability|p2a: Ting-Lu|Vessel of Ruin\n|move|p1b: Espathra|Lumina Crash|p2a: Ting-Lu\n|-immune|p2a: Ting-Lu\n|cant|p2b: Flutter Mane|slp\n|move|p1a: Flapple|Grav Apple|p2b: Flutter Mane\n|-damage|p2b: Flutter Mane|0 fnt\n|faint|p2b: Flutter Mane\n|-end|p2b: Flutter Mane|Protosynthesis|[silent]\n|\n|-ability|p1b: Espathra|Speed Boost|boost\n|-boost|p1b: Espathra|spe|1\n|upkeep\n|\n|t:|1682183034\n|switch|p2b: Dragonite|Dragonite, L50, M|100\/100\n|turn|4\n|\n|t:|1682183061\n|move|p2b: Dragonite|Extreme Speed|p1b: Espathra\n|-damage|p1b: Espathra|56\/100\n|move|p1b: Espathra|Hypnosis|p2b: Dragonite\n|-status|p2b: Dragonite|slp|[from] move: Hypnosis\n|move|p1a: Flapple|Dragon Rush|p2b: Dragonite\n|-supereffective|p2b: Dragonite\n|-damage|p2b: Dragonite|10\/100 slp\n|move|p2a: Ting-Lu|Heavy Slam|p1b: Espathra\n|-damage|p1b: Espathra|8\/100\n|\n|-ability|p1b: Espathra|Speed Boost|boost\n|-boost|p1b: Espathra|spe|1\n|upkeep\n|turn|5\n|\n|t:|1682183075\n|cant|p2b: Dragonite|slp\n|move|p1b: Espathra|Dazzling Gleam|p2b: Dragonite|[spread] p2a,p2b\n|-supereffective|p2a: Ting-Lu\n|-supereffective|p2b: Dragonite\n|-damage|p2a: Ting-Lu|91\/100\n|-damage|p2b: Dragonite|0 fnt\n|faint|p2b: Dragonite\n|move|p1a: Flapple|Grav Apple|p2a: Ting-Lu\n|-supereffective|p2a: Ting-Lu\n|-crit|p2a: Ting-Lu\n|-damage|p2a: Ting-Lu|0 fnt\n|faint|p2a: Ting-Lu\n|\n|-fieldend|move: Gravity\n|-ability|p1b: Espathra|Speed Boost|boost\n|-boost|p1b: Espathra|spe|1\n|upkeep\n|-message|CelineDionSylveon forfeited.\n|\n|win|Chi-Yuh\n|raw|Chi-Yuh's rating: 1084 → 1111<\/strong> (+27 for winning)\n|raw|CelineDionSylveon's rating: 1074 → 1054<\/strong> (-20 for losing)\n|l|\u2606CelineDionSylveon\n","uploadtime":1682183088,"views":9,"p1id":"chiyuh","p2id":"celinedionsylveon","formatid":"gen9vgc2023regulationc","rating":1054,"private":0,"password":""}