{"id":"gen9vgc2023regulationc-1855060428","p1":"Steakman5","p2":"Greninja5800","format":"[Gen 9] VGC 2023 Regulation C","log":"|j|\u2606Steakman5\n|j|\u2606Greninja5800\n|t:|1682896477\n|gametype|doubles\n|player|p1|Steakman5|swimmer-gen4|1195\n|player|p2|Greninja5800|266|1303\n|teamsize|p1|6\n|teamsize|p2|6\n|gen|9\n|tier|[Gen 9] VGC 2023 Regulation C\n|rated|\n|rule|Species Clause: Limit one of each Pok\u00e9mon\n|rule|Item Clause: Limit one of each item\n|clearpoke\n|poke|p1|Flutter Mane, L50|\n|poke|p1|Altaria, L50, M|\n|poke|p1|Amoonguss, L50, F|\n|poke|p1|Dragonite, L50, M|\n|poke|p1|Chien-Pao, L50|\n|poke|p1|Ceruledge, L50, M|\n|poke|p2|Espathra, L50, M|\n|poke|p2|Sandy Shocks, L50|\n|poke|p2|Palafin, L50, F|\n|poke|p2|Flutter Mane, L50|\n|poke|p2|Ting-Lu, L50|\n|poke|p2|Meowscarada, L50, M|\n|teampreview|4\nGreninja5800 has agreed to open team sheets.\n|inactive|Battle timer is ON: inactive players will automatically lose when time's up. (requested by Steakman5)\nSteakman5 rejected open team sheets.\n|inactive|Greninja5800 has 60 seconds left.\n|\n|t:|1682896552\n|start\n|switch|p1a: Flutter Mane|Flutter Mane, L50|100\/100\n|switch|p1b: Ceruledge|Ceruledge, L50, M|100\/100\n|switch|p2a: Sandy Shocks|Sandy Shocks, L50|100\/100\n|switch|p2b: Espathra|Espathra, L50, M, shiny|100\/100\n|-enditem|p1a: Flutter Mane|Booster Energy\n|-activate|p1a: Flutter Mane|ability: Protosynthesis|[fromitem]\n|-start|p1a: Flutter Mane|protosynthesisspe\n|-enditem|p2a: Sandy Shocks|Booster Energy\n|-activate|p2a: Sandy Shocks|ability: Protosynthesis|[fromitem]\n|-start|p2a: Sandy Shocks|protosynthesisspa\n|turn|1\n|inactive|Steakman5 has 30 seconds left.\n|inactive|Greninja5800 has 30 seconds left.\n|inactive|Steakman5 has 20 seconds left.\n|inactive|Greninja5800 has 20 seconds left.\n|inactive|Greninja5800 has 15 seconds left.\n|\n|t:|1682896592\n|move|p2a: Sandy Shocks|Protect|p2a: Sandy Shocks\n|-singleturn|p2a: Sandy Shocks|Protect\n|move|p2b: Espathra|Protect|p2b: Espathra\n|-singleturn|p2b: Espathra|Protect\n|move|p1b: Ceruledge|Shadow Sneak|p2b: Espathra\n|-activate|p2b: Espathra|move: Protect\n|move|p1a: Flutter Mane|Shadow Ball|p2b: Espathra\n|-activate|p2b: Espathra|move: Protect\n|\n|-ability|p2b: Espathra|Speed Boost|boost\n|-boost|p2b: Espathra|spe|1\n|upkeep\n|turn|2\n|\n|t:|1682896615\n|-terastallize|p2b: Espathra|Fairy\n|move|p1b: Ceruledge|Protect|p1b: Ceruledge\n|-singleturn|p1b: Ceruledge|Protect\n|move|p1a: Flutter Mane|Perish Song|p1a: Flutter Mane\n|-start|p1a: Flutter Mane|perish3|[silent]\n|-start|p1b: Ceruledge|perish3|[silent]\n|-start|p2a: Sandy Shocks|perish3|[silent]\n|-start|p2b: Espathra|perish3|[silent]\n|-fieldactivate|move: Perish Song\n|move|p2b: Espathra|Hypnosis|p1a: Flutter Mane|[miss]\n|-miss|p2b: Espathra|p1a: Flutter Mane\n|move|p2a: Sandy Shocks|Gravity|p2a: Sandy Shocks\n|-fieldstart|move: Gravity\n|\n|-start|p1a: Flutter Mane|perish3\n|-start|p2b: Espathra|perish3\n|-start|p2a: Sandy Shocks|perish3\n|-start|p1b: Ceruledge|perish3\n|-ability|p2b: Espathra|Speed Boost|boost\n|-boost|p2b: Espathra|spe|1\n|upkeep\n|turn|3\n|inactive|Greninja5800 has 30 seconds left.\n|inactive|Greninja5800 has 20 seconds left.\n|\n|t:|1682896653\n|-end|p2a: Sandy Shocks|Protosynthesis|[silent]\n|switch|p2a: Palafin|Palafin, L50, F|100\/100\n|switch|p1b: Dragonite|Dragonite, L50, M|100\/100\n|move|p1a: Flutter Mane|Protect|p1a: Flutter Mane\n|-singleturn|p1a: Flutter Mane|Protect\n|move|p2b: Espathra|Hypnosis|p1a: Flutter Mane\n|-activate|p1a: Flutter Mane|move: Protect\n|\n|-start|p1a: Flutter Mane|perish2\n|-start|p2b: Espathra|perish2\n|-ability|p2b: Espathra|Speed Boost|boost\n|-boost|p2b: Espathra|spe|1\n|upkeep\n|turn|4\n|inactive|Steakman5 has 30 seconds left.\n|inactive|Greninja5800 has 30 seconds left.\n|\n|t:|1682896681\n|detailschange|p2a: Palafin|Palafin-Hero, L50, F\n|switch|p2a: Sandy Shocks|Sandy Shocks, L50|100\/100\n|move|p1b: Dragonite|Protect|p1b: Dragonite\n|-singleturn|p1b: Dragonite|Protect\n|move|p2b: Espathra|Hypnosis|p1b: Dragonite\n|-activate|p1b: Dragonite|move: Protect\n|move|p1a: Flutter Mane|Shadow Ball|p2b: Espathra\n|-damage|p2b: Espathra|28\/100\n|\n|-start|p2b: Espathra|perish1\n|-start|p1a: Flutter Mane|perish1\n|-ability|p2b: Espathra|Speed Boost|boost\n|-boost|p2b: Espathra|spe|1\n|upkeep\n|turn|5\n|inactive|Greninja5800 has 30 seconds left.\n|inactive|Greninja5800 has 20 seconds left.\n|inactive|Greninja5800 has 15 seconds left.\n|inactive|Greninja5800 has 10 seconds left.\n|\n|t:|1682896729\n|switch|p2b: Palafin|Palafin-Hero, L50, F|100\/100\n|-activate|p2b: Palafin|ability: Zero to Hero\n|-end|p1a: Flutter Mane|Protosynthesis|[silent]\n|switch|p1a: Chien-Pao|Chien-Pao, L50|100\/100\n|-ability|p1a: Chien-Pao|Sword of Ruin\n|move|p2a: Sandy Shocks|Thunder|p1a: Chien-Pao\n|-damage|p1a: Chien-Pao|11\/100\n|move|p1b: Dragonite|Ice Spinner|p2a: Sandy Shocks\n|-supereffective|p2a: Sandy Shocks\n|-damage|p2a: Sandy Shocks|7\/100\n|\n|upkeep\n|turn|6\n|inactive|Greninja5800 has 30 seconds left.\n|inactive|Greninja5800 has 20 seconds left.\n|\n|t:|1682896764\n|move|p1a: Chien-Pao|Protect|p1a: Chien-Pao\n|-singleturn|p1a: Chien-Pao|Protect\n|move|p1b: Dragonite|Extreme Speed|p2a: Sandy Shocks\n|-damage|p2a: Sandy Shocks|0 fnt\n|faint|p2a: Sandy Shocks\n|-end|p2a: Sandy Shocks|Protosynthesis|[silent]\n|move|p2b: Palafin|Jet Punch|p1a: Chien-Pao\n|-activate|p1a: Chien-Pao|move: Protect\n|\n|-fieldend|move: Gravity\n|upkeep\n|\n|t:|1682896774\n|switch|p2a: Espathra|Espathra, L50, M, shiny, tera:Fairy|28\/100\n|turn|7\n|\n|t:|1682896790\n|switch|p1a: Flutter Mane|Flutter Mane, L50|100\/100\n|move|p2a: Espathra|Protect|p2a: Espathra\n|-singleturn|p2a: Espathra|Protect\n|move|p1b: Dragonite|Extreme Speed|p2a: Espathra\n|-activate|p2a: Espathra|move: Protect\n|move|p2b: Palafin|Jet Punch|p1a: Flutter Mane\n|-damage|p1a: Flutter Mane|0 fnt\n|faint|p1a: Flutter Mane\n|-end|p1a: Flutter Mane|Protosynthesis|[silent]\n|\n|-ability|p2a: Espathra|Speed Boost|boost\n|-boost|p2a: Espathra|spe|1\n|upkeep\n|\n|t:|1682896796\n|switch|p1a: Ceruledge|Ceruledge, L50, M|100\/100\n|turn|8\n|\n|t:|1682896819\n|-terastallize|p1a: Ceruledge|Grass\n|move|p1b: Dragonite|Extreme Speed|p2a: Espathra\n|-damage|p2a: Espathra|0 fnt\n|faint|p2a: Espathra\n|move|p2b: Palafin|Wave Crash|p1a: Ceruledge\n|-resisted|p1a: Ceruledge\n|-damage|p1a: Ceruledge|56\/100\n|-damage|p2b: Palafin|88\/100|[from] Recoil\n|move|p1a: Ceruledge|Bulk Up|p1a: Ceruledge\n|-boost|p1a: Ceruledge|atk|1\n|-boost|p1a: Ceruledge|def|1\n|\n|-heal|p1a: Ceruledge|62\/100|[from] item: Leftovers\n|upkeep\n|\n|t:|1682896824\n|switch|p2a: Meowscarada|Meowscarada, L50, M|100\/100\n|turn|9\n|inactive|Greninja5800 has 30 seconds left.\n|inactive|Greninja5800 has 20 seconds left.\n|\n|t:|1682896864\n|move|p1b: Dragonite|Extreme Speed|p2a: Meowscarada\n|-damage|p2a: Meowscarada|56\/100\n|move|p2a: Meowscarada|Trick|p1a: Ceruledge\n|-start|p2a: Meowscarada|typechange|Psychic|[from] ability: Protean\n|-activate|p2a: Meowscarada|move: Trick|[of] p1a: Ceruledge\n|-item|p1a: Ceruledge|Choice Scarf|[from] move: Trick\n|-item|p2a: Meowscarada|Leftovers|[from] move: Trick\n|move|p1a: Ceruledge|Bitter Blade|p2a: Meowscarada\n|-damage|p2a: Meowscarada|0 fnt\n|-heal|p1a: Ceruledge|87\/100|[from] drain|[of] p2a: Meowscarada\n|faint|p2a: Meowscarada\n|move|p2b: Palafin|Wave Crash|p1b: Dragonite\n|-resisted|p1b: Dragonite\n|-damage|p1b: Dragonite|76\/100\n|-damage|p2b: Palafin|81\/100|[from] Recoil\n|\n|upkeep\n|turn|10\n|\n|t:|1682896882\n|move|p1b: Dragonite|Extreme Speed|p2b: Palafin\n|-damage|p2b: Palafin|57\/100\n|move|p1a: Ceruledge|Bitter Blade|p2b: Palafin\n|-resisted|p2b: Palafin\n|-damage|p2b: Palafin|28\/100\n|-heal|p1a: Ceruledge|100\/100|[from] drain|[of] p2b: Palafin\n|move|p2b: Palafin|Wave Crash|p1b: Dragonite\n|-resisted|p1b: Dragonite\n|-damage|p1b: Dragonite|26\/100\n|-damage|p2b: Palafin|13\/100|[from] Recoil\n|\n|upkeep\n|turn|11\n|\n|t:|1682896894\n|move|p1b: Dragonite|Extreme Speed|p2b: Palafin\n|-damage|p2b: Palafin|0 fnt\n|faint|p2b: Palafin\n|\n|win|Steakman5\n|raw|Steakman5's rating: 1195 → 1228<\/strong> (+33 for winning)\n|raw|Greninja5800's rating: 1303 → 1277<\/strong> (-26 for losing)\n|l|\u2606Greninja5800\n","uploadtime":1682896900,"views":14,"p1id":"steakman5","p2id":"greninja5800","formatid":"gen9vgc2023regulationc","rating":1228,"private":0,"password":""}