{"id":"gen9vgc2023regulationc-1862258659","p1":"GabeteSuelto","p2":"GholdenCome","format":"[Gen 9] VGC 2023 Regulation C","log":"|j|\u2606GabeteSuelto\n|j|\u2606GholdenCome\n|t:|1683856160\n|gametype|doubles\n|player|p1|GabeteSuelto|hugh|1340\n|player|p2|GholdenCome|ingo|1367\n|teamsize|p1|6\n|teamsize|p2|6\n|gen|9\n|tier|[Gen 9] VGC 2023 Regulation C\n|rated|\n|rule|Species Clause: Limit one of each Pok\u00e9mon\n|rule|Item Clause: Limit one of each item\n|clearpoke\n|poke|p1|Flutter Mane, L50|\n|poke|p1|Amoonguss, L50, F|\n|poke|p1|Chi-Yu, L50|\n|poke|p1|Corviknight, L50, F|\n|poke|p1|Great Tusk, L50|\n|poke|p1|Iron Bundle, L50|\n|poke|p2|Orthworm, L50, M|\n|poke|p2|Ting-Lu, L50|\n|poke|p2|Ceruledge, L50, M|\n|poke|p2|Gyarados, L50, F|\n|poke|p2|Dragonite, L50, F|\n|poke|p2|Chien-Pao, L50|\n|teampreview|4\n|\n|t:|1683856190\n|start\n|switch|p1a: Flutter Mane|Flutter Mane, L50|100\/100\n|switch|p1b: Chi-Yu|Chi-Yu, L50|100\/100\n|switch|p2a: Gyarados|Gyarados, L50, F|100\/100\n|switch|p2b: Ceruledge|Ceruledge, L50, M|100\/100\n|-ability|p1b: Chi-Yu|Beads of Ruin\n|-ability|p2a: Gyarados|Intimidate|boost\n|-unboost|p1a: Flutter Mane|atk|1\n|-unboost|p1b: Chi-Yu|atk|1\n|turn|1\n|inactive|Battle timer is ON: inactive players will automatically lose when time's up. (requested by GholdenCome)\n|\n|t:|1683856236\n|-terastallize|p1b: Chi-Yu|Flying\n|move|p2b: Ceruledge|Protect|p2b: Ceruledge\n|-singleturn|p2b: Ceruledge|Protect\n|move|p1a: Flutter Mane|Moonblast|p2b: Ceruledge\n|-activate|p2b: Ceruledge|move: Protect\n|move|p1b: Chi-Yu|Dark Pulse|p2a: Gyarados\n|-damage|p2a: Gyarados|60\/100\n|cant|p2a: Gyarados|flinch\n|\n|upkeep\n|turn|2\n|inactive|GabeteSuelto has 30 seconds left.\n|\n|t:|1683856265\n|move|p1a: Flutter Mane|Moonblast|p2b: Ceruledge\n|-resisted|p2b: Ceruledge\n|-damage|p2b: Ceruledge|54\/100\n|-damage|p1a: Flutter Mane|91\/100|[from] item: Life Orb\n|move|p1b: Chi-Yu|Dark Pulse|p2b: Ceruledge\n|-supereffective|p2b: Ceruledge\n|-damage|p2b: Ceruledge|0 fnt\n|faint|p2b: Ceruledge\n|move|p2a: Gyarados|Icy Wind|p1a: Flutter Mane|[spread] p1a,p1b\n|-supereffective|p1b: Chi-Yu\n|-damage|p1a: Flutter Mane|83\/100\n|-damage|p1b: Chi-Yu|89\/100\n|-unboost|p1a: Flutter Mane|spe|1\n|-unboost|p1b: Chi-Yu|spe|1\n|\n|upkeep\n|\n|t:|1683856278\n|switch|p2b: Chien-Pao|Chien-Pao, L50|100\/100\n|-ability|p2b: Chien-Pao|Sword of Ruin\n|turn|3\n|\n|t:|1683856292\n|move|p1a: Flutter Mane|Protect|p1a: Flutter Mane\n|-singleturn|p1a: Flutter Mane|Protect\n|move|p2b: Chien-Pao|Icicle Crash|p1a: Flutter Mane\n|-activate|p1a: Flutter Mane|move: Protect\n|move|p2a: Gyarados|Icy Wind|p1b: Chi-Yu|[spread] p1b\n|-activate|p1a: Flutter Mane|move: Protect\n|-supereffective|p1b: Chi-Yu\n|-damage|p1b: Chi-Yu|79\/100\n|-unboost|p1b: Chi-Yu|spe|1\n|move|p1b: Chi-Yu|Heat Wave|p2a: Gyarados|[spread] p2a,p2b\n|-resisted|p2a: Gyarados\n|-supereffective|p2b: Chien-Pao\n|-damage|p2a: Gyarados|44\/100\n|-enditem|p2b: Chien-Pao|Focus Sash\n|-damage|p2b: Chien-Pao|1\/100\n|\n|upkeep\n|turn|4\n|\n|t:|1683856315\n|-end|p1a: Flutter Mane|Protosynthesis|[silent]\n|switch|p1a: Amoonguss|Amoonguss, L50, F|100\/100\n|move|p1b: Chi-Yu|Protect|p1b: Chi-Yu\n|-singleturn|p1b: Chi-Yu|Protect\n|move|p2b: Chien-Pao|Icicle Crash|p1a: Amoonguss\n|-supereffective|p1a: Amoonguss\n|-damage|p1a: Amoonguss|15\/100\n|-enditem|p1a: Amoonguss|Sitrus Berry|[eat]\n|-heal|p1a: Amoonguss|39\/100|[from] item: Sitrus Berry\n|move|p2a: Gyarados|Waterfall|p1b: Chi-Yu\n|-activate|p1b: Chi-Yu|move: Protect\n|\n|upkeep\n|turn|5\n|inactive|GabeteSuelto has 30 seconds left.\n|\n|t:|1683856350\n|switch|p1b: Iron Bundle|Iron Bundle, L50|100\/100\n|-enditem|p1b: Iron Bundle|Booster Energy\n|-activate|p1b: Iron Bundle|ability: Quark Drive|[fromitem]\n|-start|p1b: Iron Bundle|quarkdrivespe\n|move|p2b: Chien-Pao|Protect|p2b: Chien-Pao\n|-singleturn|p2b: Chien-Pao|Protect\n|move|p1a: Amoonguss|Rage Powder|p1a: Amoonguss\n|-singleturn|p1a: Amoonguss|move: Rage Powder\n|move|p2a: Gyarados|Taunt|p1a: Amoonguss\n|-start|p1a: Amoonguss|move: Taunt\n|\n|upkeep\n|turn|6\n|inactive|GabeteSuelto has 30 seconds left.\n|\n|t:|1683856378\n|switch|p2b: Dragonite|Dragonite, L50, F|100\/100\n|move|p1b: Iron Bundle|Icy Wind|p2b: Dragonite|[spread] p2a,p2b\n|-supereffective|p2b: Dragonite\n|-damage|p2a: Gyarados|29\/100\n|-damage|p2b: Dragonite|57\/100\n|-unboost|p2a: Gyarados|spe|1\n|-unboost|p2b: Dragonite|spe|1\n|move|p2a: Gyarados|Icy Wind|p1b: Iron Bundle|[spread] p1a,p1b\n|-supereffective|p1a: Amoonguss\n|-resisted|p1b: Iron Bundle\n|-damage|p1a: Amoonguss|29\/100\n|-damage|p1b: Iron Bundle|98\/100\n|-unboost|p1a: Amoonguss|spe|1\n|-unboost|p1b: Iron Bundle|spe|1\n|move|p1a: Amoonguss|Pollen Puff|p1b: Iron Bundle\n|-heal|p1b: Iron Bundle|100\/100\n|\n|upkeep\n|turn|7\n|inactive|GholdenCome has 30 seconds left.\n|\n|t:|1683856411\n|-terastallize|p2b: Dragonite|Normal\n|move|p2b: Dragonite|Extreme Speed|p1b: Iron Bundle\n|-damage|p1b: Iron Bundle|10\/100\n|move|p1b: Iron Bundle|Freeze-Dry|p2b: Dragonite\n|-damage|p2b: Dragonite|23\/100\n|move|p2a: Gyarados|Icy Wind|p1b: Iron Bundle|[spread] p1a,p1b\n|-supereffective|p1a: Amoonguss\n|-resisted|p1b: Iron Bundle\n|-damage|p1a: Amoonguss|18\/100\n|-damage|p1b: Iron Bundle|7\/100\n|-unboost|p1a: Amoonguss|spe|1\n|-unboost|p1b: Iron Bundle|spe|1\n|move|p1a: Amoonguss|Leaf Storm|p2a: Gyarados|[miss]\n|-miss|p1a: Amoonguss|p2a: Gyarados\n|\n|upkeep\n|turn|8\n|inactive|GabeteSuelto has 30 seconds left.\n|\n|t:|1683856444\n|move|p1b: Iron Bundle|Protect|p1b: Iron Bundle\n|-singleturn|p1b: Iron Bundle|Protect\n|move|p2a: Gyarados|Protect|p2a: Gyarados\n|-singleturn|p2a: Gyarados|Protect\n|move|p2b: Dragonite|Extreme Speed|p1a: Amoonguss\n|-damage|p1a: Amoonguss|0 fnt\n|faint|p1a: Amoonguss\n|\n|upkeep\n|\n|t:|1683856457\n|switch|p1a: Flutter Mane|Flutter Mane, L50|83\/100\n|turn|9\n|\n|t:|1683856462\n|-end|p1b: Iron Bundle|Quark Drive|[silent]\n|switch|p1b: Chi-Yu|Chi-Yu, L50, tera:Flying|79\/100\n|-ability|p1b: Chi-Yu|Beads of Ruin\n|move|p2b: Dragonite|Extreme Speed|p1b: Chi-Yu\n|-damage|p1b: Chi-Yu|0 fnt\n|faint|p1b: Chi-Yu\n|move|p1a: Flutter Mane|Dazzling Gleam|p2a: Gyarados|[spread] p2a,p2b\n|-damage|p2a: Gyarados|0 fnt\n|-damage|p2b: Dragonite|0 fnt\n|faint|p2a: Gyarados\n|faint|p2b: Dragonite\n|-damage|p1a: Flutter Mane|73\/100|[from] item: Life Orb\n|\n|upkeep\n|\n|t:|1683856477\n|switch|p1b: Iron Bundle|Iron Bundle, L50|7\/100\n|switch|p2b: Chien-Pao|Chien-Pao, L50|1\/100\n|-ability|p2b: Chien-Pao|Sword of Ruin\n|turn|10\n|\n|t:|1683856487\n|move|p1b: Iron Bundle|Freeze-Dry|p2b: Chien-Pao\n|-resisted|p2b: Chien-Pao\n|-damage|p2b: Chien-Pao|0 fnt\n|faint|p2b: Chien-Pao\n|\n|win|GabeteSuelto\n|raw|GabeteSuelto's rating: 1340 → 1362<\/strong> (+22 for winning)\n|raw|GholdenCome's rating: 1367 → 1345<\/strong> (-22 for losing)\n|l|\u2606GholdenCome\n","uploadtime":1683856498,"views":14,"p1id":"gabetesuelto","p2id":"gholdencome","formatid":"gen9vgc2023regulationc","rating":1345,"private":0,"password":""}