{"id":"gen9vgc2023regulationc-1861208778","p1":"Oscarini","p2":"princess Hoshi","format":"[Gen 9] VGC 2023 Regulation C","log":"|j|\u2606Oscarini\n|j|\u2606princess Hoshi\n|t:|1683736017\n|gametype|doubles\n|player|p1|Oscarini|buck|1329\n|player|p2|princess Hoshi|iono|1339\n|teamsize|p1|6\n|teamsize|p2|6\n|gen|9\n|tier|[Gen 9] VGC 2023 Regulation C\n|rated|\n|rule|Species Clause: Limit one of each Pok\u00e9mon\n|rule|Item Clause: Limit one of each item\n|clearpoke\n|poke|p1|Palafin, L50, F|\n|poke|p1|Amoonguss, L50, M|\n|poke|p1|Arcanine, L50, F|\n|poke|p1|Ting-Lu, L50|\n|poke|p1|Flutter Mane, L50|\n|poke|p1|Roaring Moon, L50|\n|poke|p2|Arcanine, L50, M|\n|poke|p2|Ting-Lu, L50|\n|poke|p2|Amoonguss, L50, F|\n|poke|p2|Palafin, L50, F|\n|poke|p2|Flutter Mane, L50|\n|poke|p2|Kingambit, L50, M|\n|teampreview|4\n|inactive|Battle timer is ON: inactive players will automatically lose when time's up. (requested by Oscarini)\n|inactive|Oscarini has 60 seconds left.\n|inactive|princess Hoshi has 60 seconds left.\n|l|\u2606princess Hoshi\n|inactive|princess Hoshi disconnected and has a minute to reconnect!\n|player|p2|\n|inactive|princess Hoshi has 30 seconds left.\n|inactive|princess Hoshi has 20 seconds left.\n|j|\u2606princess Hoshi\n|inactive|princess Hoshi reconnected and has 20 seconds left.\n|player|p2|princess Hoshi|iono\n|inactive|princess Hoshi has 15 seconds left.\n|inactive|princess Hoshi has 10 seconds left.\n|l|\u2606Oscarini\n|inactive|Oscarini disconnected and has a minute to reconnect!\n|player|p1|\n|inactive|princess Hoshi has 5 seconds left.\n|\n|t:|1683736108\n|start\n|switch|p1a: Dr Abracitos|Palafin, L50, F, shiny|100\/100\n|switch|p1b: XikitoBujero|Roaring Moon, L50|100\/100\n|switch|p2a: Doge|Arcanine, L50, M|100\/100\n|switch|p2b: Run|Ting-Lu, L50|100\/100\n|-ability|p2a: Doge|Intimidate|boost\n|-unboost|p1a: Dr Abracitos|atk|1\n|-unboost|p1b: XikitoBujero|atk|1\n|-ability|p2b: Run|Vessel of Ruin\n|-enditem|p1b: XikitoBujero|Booster Energy\n|-activate|p1b: XikitoBujero|ability: Protosynthesis|[fromitem]\n|-start|p1b: XikitoBujero|protosynthesisspe\n|turn|1\n|j|\u2606Oscarini\n|inactive|Oscarini reconnected and has 35 seconds left.\n|player|p1|Oscarini|buck\n|inactive|Oscarini has 30 seconds left.\n|inactive|princess Hoshi has 30 seconds left.\n|inactive|Oscarini has 20 seconds left.\n|inactive|princess Hoshi has 20 seconds left.\n|\n|t:|1683736146\n|-end|p1b: XikitoBujero|Protosynthesis|[silent]\n|switch|p1b: HotAss|Arcanine, L50, F|100\/100\n|-ability|p1b: HotAss|Intimidate|boost\n|-unboost|p2a: Doge|atk|1\n|-unboost|p2b: Run|atk|1\n|move|p1a: Dr Abracitos|Protect|p1a: Dr Abracitos\n|-singleturn|p1a: Dr Abracitos|Protect\n|move|p2a: Doge|Will-O-Wisp|p1b: HotAss\n|-immune|p1b: HotAss\n|move|p2b: Run|Fissure|p1a: Dr Abracitos\n|-activate|p1a: Dr Abracitos|move: Protect\n|\n|upkeep\n|turn|2\n|\n|t:|1683736167\n|detailschange|p1a: Dr Abracitos|Palafin-Hero, L50, F, shiny\n|switch|p1a: Messi|Amoonguss, L50, M|100\/100\n|switch|p2a: All Might|Palafin, L50, F|100\/100\n|move|p1b: HotAss|Will-O-Wisp|p2b: Run\n|-status|p2b: Run|brn\n|move|p2b: Run|Stomping Tantrum|p1b: HotAss\n|-supereffective|p1b: HotAss\n|-damage|p1b: HotAss|77\/100\n|\n|-damage|p2b: Run|95\/100 brn|[from] brn\n|upkeep\n|turn|3\n|inactive|Oscarini has 30 seconds left.\n|inactive|Oscarini has 20 seconds left.\n|inactive|Oscarini has 15 seconds left.\n|inactive|princess Hoshi has 30 seconds left.\n|\n|t:|1683736211\n|switch|p1b: Dr Abracitos|Palafin-Hero, L50, F, shiny|100\/100\n|-activate|p1b: Dr Abracitos|ability: Zero to Hero\n|detailschange|p2a: All Might|Palafin-Hero, L50, F\n|switch|p2a: Doge|Arcanine, L50, M|100\/100\n|-ability|p2a: Doge|Intimidate|boost\n|-unboost|p1a: Messi|atk|1\n|-unboost|p1b: Dr Abracitos|atk|1\n|move|p1a: Messi|Rage Powder|p1a: Messi\n|-singleturn|p1a: Messi|move: Rage Powder\n|move|p2b: Run|Fissure|p1a: Messi|[miss]\n|-miss|p2b: Run|p1a: Messi\n|\n|-damage|p2b: Run|89\/100 brn|[from] brn\n|upkeep\n|turn|4\n|\n|t:|1683736236\n|switch|p2a: Amongus|Amoonguss, L50, F|100\/100\n|switch|p1a: XikitoBujero|Roaring Moon, L50|100\/100\n|move|p1b: Dr Abracitos|Protect|p1b: Dr Abracitos\n|-singleturn|p1b: Dr Abracitos|Protect\n|move|p2b: Run|Fissure|p1a: XikitoBujero|[miss]\n|-miss|p2b: Run|p1a: XikitoBujero\n|\n|-damage|p2b: Run|83\/100 brn|[from] brn\n|upkeep\n|turn|5\n|\n|t:|1683736258\n|-terastallize|p1a: XikitoBujero|Flying\n|move|p1a: XikitoBujero|Acrobatics|p2a: Amongus\n|-supereffective|p2a: Amongus\n|-damage|p2a: Amongus|8\/100\n|-enditem|p2a: Amongus|Sitrus Berry|[eat]\n|-heal|p2a: Amongus|33\/100|[from] item: Sitrus Berry\n|move|p1b: Dr Abracitos|Wave Crash|p2b: Run\n|-supereffective|p2b: Run\n|-damage|p2b: Run|13\/100 brn\n|-damage|p1b: Dr Abracitos|74\/100|[from] Recoil\n|move|p2b: Run|Fissure|p1b: Dr Abracitos|[miss]\n|-miss|p2b: Run|p1b: Dr Abracitos\n|move|p2a: Amongus|Spore|p1a: XikitoBujero\n|-status|p1a: XikitoBujero|slp|[from] move: Spore\n|\n|-damage|p2b: Run|7\/100 brn|[from] brn\n|upkeep\n|turn|6\n|inactive|Oscarini has 30 seconds left.\n|inactive|Oscarini has 20 seconds left.\n|inactive|Oscarini has 15 seconds left.\n|inactive|Oscarini has 10 seconds left.\n|inactive|princess Hoshi has 30 seconds left.\n|inactive|Oscarini has 5 seconds left.\n|inactive|princess Hoshi has 20 seconds left.\n|\n|t:|1683736318\n|switch|p2b: Doge|Arcanine, L50, M|100\/100\n|-ability|p2b: Doge|Intimidate|boost\n|-unboost|p1a: XikitoBujero|atk|1\n|-unboost|p1b: Dr Abracitos|atk|1\n|move|p1b: Dr Abracitos|Jet Punch|p2a: Amongus\n|-resisted|p2a: Amongus\n|-damage|p2a: Amongus|24\/100\n|cant|p1a: XikitoBujero|slp\n|move|p2a: Amongus|Spore|p1b: Dr Abracitos\n|-status|p1b: Dr Abracitos|slp|[from] move: Spore\n|\n|upkeep\n|turn|7\n|inactive|Oscarini has 30 seconds left.\n|\n|t:|1683736346\n|-end|p1a: XikitoBujero|Protosynthesis|[silent]\n|switch|p1a: HotAss|Arcanine, L50, F|77\/100\n|-ability|p1a: HotAss|Intimidate|boost\n|-unboost|p2a: Amongus|atk|1\n|-unboost|p2b: Doge|atk|1\n|switch|p2b: Run|Ting-Lu, L50|7\/100 brn\n|-ability|p2b: Run|Vessel of Ruin\n|cant|p1b: Dr Abracitos|slp\n|move|p2a: Amongus|Pollen Puff|p2b: Run\n|-heal|p2b: Run|57\/100 brn\n|\n|-damage|p2b: Run|51\/100 brn|[from] brn\n|upkeep\n|turn|8\n|\n|t:|1683736367\n|switch|p1b: Messi|Amoonguss, L50, M|100\/100\n|switch|p2a: Doge|Arcanine, L50, M|100\/100\n|-ability|p2a: Doge|Intimidate|boost\n|-unboost|p1a: HotAss|atk|1\n|-unboost|p1b: Messi|atk|1\n|move|p1a: HotAss|Flare Blitz|p2a: Doge\n|-resisted|p2a: Doge\n|-damage|p2a: Doge|82\/100\n|-damage|p1a: HotAss|70\/100|[from] Recoil\n|move|p2b: Run|Fissure|p1b: Messi|[miss]\n|-miss|p2b: Run|p1b: Messi\n|\n|-damage|p2b: Run|45\/100 brn|[from] brn\n|upkeep\n|turn|9\n|\n|t:|1683736389\n|switch|p1b: XikitoBujero|Roaring Moon, L50, tera:Flying|100\/100 slp\n|move|p2a: Doge|Flare Blitz|p1b: XikitoBujero\n|-damage|p1b: XikitoBujero|41\/100 slp\n|-damage|p2a: Doge|63\/100|[from] Recoil\n|move|p1a: HotAss|Morning Sun|p1a: HotAss\n|-heal|p1a: HotAss|100\/100\n|move|p2b: Run|Ruination|p1a: HotAss\n|-damage|p1a: HotAss|50\/100\n|\n|-damage|p2b: Run|39\/100 brn|[from] brn\n|upkeep\n|turn|10\n|\n|t:|1683736408\n|cant|p1b: XikitoBujero|slp\n|move|p2a: Doge|Flare Blitz|p1b: XikitoBujero\n|-damage|p1b: XikitoBujero|0 fnt\n|faint|p1b: XikitoBujero\n|-end|p1b: XikitoBujero|Protosynthesis|[silent]\n|-damage|p2a: Doge|50\/100|[from] Recoil\n|move|p1a: HotAss|Morning Sun|p1a: HotAss\n|-heal|p1a: HotAss|100\/100\n|move|p2b: Run|Fissure|p1a: HotAss\n|-damage|p1a: HotAss|0 fnt\n|faint|p1a: HotAss\n|-ohko\n|\n|-damage|p2b: Run|33\/100 brn|[from] brn\n|upkeep\n|\n|t:|1683736414\n|switch|p1b: Dr Abracitos|Palafin-Hero, L50, F, shiny|74\/100 slp\n|switch|p1a: Messi|Amoonguss, L50, M|100\/100\n|turn|11\n|\n|t:|1683736437\n|switch|p2a: Amongus|Amoonguss, L50, F|57\/100\n|move|p1a: Messi|Protect|p1a: Messi\n|-singleturn|p1a: Messi|Protect\n|-curestatus|p1b: Dr Abracitos|slp|[msg]\n|move|p1b: Dr Abracitos|Jet Punch|p2b: Run\n|-supereffective|p2b: Run\n|-damage|p2b: Run|0 fnt\n|faint|p2b: Run\n|\n|upkeep\n|\n|t:|1683736449\n|switch|p2b: Doge|Arcanine, L50, M|50\/100\n|-ability|p2b: Doge|Intimidate|boost\n|-unboost|p1a: Messi|atk|1\n|-unboost|p1b: Dr Abracitos|atk|1\n|turn|12\n|\n|t:|1683736465\n|move|p2b: Doge|Protect|p2b: Doge\n|-singleturn|p2b: Doge|Protect\n|move|p1b: Dr Abracitos|Wave Crash|p2b: Doge\n|-activate|p2b: Doge|move: Protect\n|move|p2a: Amongus|Spore|p1b: Dr Abracitos\n|-status|p1b: Dr Abracitos|slp|[from] move: Spore\n|move|p1a: Messi|Pollen Puff|p1b: Dr Abracitos\n|-heal|p1b: Dr Abracitos|100\/100 slp\n|\n|upkeep\n|turn|13\n|\n|t:|1683736482\n|move|p1a: Messi|Protect|p1a: Messi\n|-singleturn|p1a: Messi|Protect\n|move|p2b: Doge|Extreme Speed|p1b: Dr Abracitos\n|-damage|p1b: Dr Abracitos|78\/100 slp\n|cant|p1b: Dr Abracitos|slp\n|move|p2a: Amongus|Pollen Puff|p2b: Doge\n|-heal|p2b: Doge|99\/100\n|\n|upkeep\n|turn|14\n|inactive|princess Hoshi has 30 seconds left.\n|inactive|princess Hoshi has 20 seconds left.\n|inactive|princess Hoshi has 15 seconds left.\n|inactive|princess Hoshi has 10 seconds left.\n|\n|t:|1683736528\n|-terastallize|p2b: Doge|Grass\n|-curestatus|p1b: Dr Abracitos|slp|[msg]\n|move|p1b: Dr Abracitos|Wave Crash|p2b: Doge\n|-resisted|p2b: Doge\n|-damage|p2b: Doge|67\/100\n|-damage|p1b: Dr Abracitos|68\/100|[from] Recoil\n|move|p2b: Doge|Flare Blitz|p1a: Messi\n|-supereffective|p1a: Messi\n|-damage|p1a: Messi|10\/100\n|-enditem|p1a: Messi|Sitrus Berry|[eat]\n|-heal|p1a: Messi|35\/100|[from] item: Sitrus Berry\n|-damage|p2b: Doge|33\/100|[from] Recoil\n|move|p2a: Amongus|Pollen Puff|p1b: Dr Abracitos\n|-damage|p1b: Dr Abracitos|51\/100\n|move|p1a: Messi|Pollen Puff|p1b: Dr Abracitos\n|-heal|p1b: Dr Abracitos|100\/100\n|\n|upkeep\n|turn|15\n|\n|t:|1683736551\n|move|p2b: Doge|Protect|p2b: Doge\n|-singleturn|p2b: Doge|Protect\n|move|p1b: Dr Abracitos|Protect|p1b: Dr Abracitos\n|-singleturn|p1b: Dr Abracitos|Protect\n|move|p1a: Messi|Protect|p1a: Messi\n|-singleturn|p1a: Messi|Protect\n|move|p2a: Amongus|Pollen Puff|p2b: Doge\n|-activate|p2b: Doge|move: Protect\n|\n|upkeep\n|turn|16\n|\n|t:|1683736567\n|switch|p2b: All Might|Palafin-Hero, L50, F|100\/100\n|-activate|p2b: All Might|ability: Zero to Hero\n|move|p1b: Dr Abracitos|Wave Crash|p2b: All Might\n|-resisted|p2b: All Might\n|-damage|p2b: All Might|72\/100\n|-damage|p1b: Dr Abracitos|91\/100|[from] Recoil\n|move|p2a: Amongus|Pollen Puff|p2b: All Might\n|-heal|p2b: All Might|100\/100\n|move|p1a: Messi|Pollen Puff|p1b: Dr Abracitos\n|-heal|p1b: Dr Abracitos|100\/100\n|\n|upkeep\n|turn|17\n|\n|t:|1683736589\n|switch|p2b: Doge|Arcanine, L50, M, tera:Grass|33\/100\n|-ability|p2b: Doge|Intimidate|boost\n|-unboost|p1a: Messi|atk|1\n|-unboost|p1b: Dr Abracitos|atk|1\n|move|p1a: Messi|Rage Powder|p1a: Messi\n|-singleturn|p1a: Messi|move: Rage Powder\n|move|p1b: Dr Abracitos|Haze|p1b: Dr Abracitos\n|-clearallboost\n|move|p2a: Amongus|Pollen Puff|p2b: Doge\n|-heal|p2b: Doge|83\/100\n|\n|upkeep\n|turn|18\n|inactive|princess Hoshi has 30 seconds left.\n|inactive|princess Hoshi has 20 seconds left.\n|\n|t:|1683736609\n|move|p2a: Amongus|Rage Powder|p2a: Amongus\n|-singleturn|p2a: Amongus|move: Rage Powder\n|move|p1b: Dr Abracitos|Wave Crash|p2a: Amongus\n|-resisted|p2a: Amongus\n|-damage|p2a: Amongus|20\/100\n|-damage|p1b: Dr Abracitos|88\/100|[from] Recoil\n|move|p2b: Doge|Will-O-Wisp|p1b: Dr Abracitos\n|-status|p1b: Dr Abracitos|brn\n|move|p1a: Messi|Pollen Puff|p2a: Amongus\n|-damage|p2a: Amongus|4\/100\n|\n|-damage|p1b: Dr Abracitos|82\/100 brn|[from] brn\n|upkeep\n|turn|19\n|inactive|princess Hoshi has 20 seconds left this turn.\n|inactive|princess Hoshi has 15 seconds left.\n|inactive|princess Hoshi has 10 seconds left.\n|inactive|princess Hoshi has 5 seconds left.\n|\n|t:|1683736626\n|switch|p2a: All Might|Palafin-Hero, L50, F|100\/100\n|move|p2b: Doge|Protect|p2b: Doge\n|-singleturn|p2b: Doge|Protect\n|move|p1a: Messi|Protect|p1a: Messi\n|-singleturn|p1a: Messi|Protect\n|move|p1b: Dr Abracitos|Jet Punch|p2a: All Might\n|-resisted|p2a: All Might\n|-damage|p2a: All Might|91\/100\n|\n|-damage|p1b: Dr Abracitos|76\/100 brn|[from] brn\n|upkeep\n|turn|20\n|inactive|princess Hoshi has 5 seconds left this turn.\n|-message|princess Hoshi lost due to inactivity.\n|\n|win|Oscarini\n|raw|Oscarini's rating: 1329 → 1350<\/strong> (+21 for winning)\n|raw|princess Hoshi's rating: 1339 → 1318<\/strong> (-21 for losing)\n|l|\u2606Oscarini\n","uploadtime":1683736917,"views":14,"p1id":"oscarini","p2id":"princesshoshi","formatid":"gen9vgc2023regulationc","rating":1318,"private":0,"password":""}