{"id":"gen9vgc2023regulationc-1855737712","p1":"manilovebo1cts","p2":"Jbenn","format":"[Gen 9] VGC 2023 Regulation C","log":"|j|\u2606manilovebo1cts\n|j|\u2606Jbenn\n|t:|1682978446\n|gametype|doubles\n|player|p1|manilovebo1cts|schoolboy-gen2|1483\n|player|p2|Jbenn|steven|1459\n|teamsize|p1|6\n|teamsize|p2|6\n|gen|9\n|tier|[Gen 9] VGC 2023 Regulation C\n|rated|\n|rule|Species Clause: Limit one of each Pok\u00e9mon\n|rule|Item Clause: Limit one of each item\n|clearpoke\n|poke|p1|Iron Hands, L50|\n|poke|p1|Amoonguss, L50, F|\n|poke|p1|Palafin, L50, F|\n|poke|p1|Arcanine, L50, F|\n|poke|p1|Flutter Mane, L50|\n|poke|p1|Ting-Lu, L50|\n|poke|p2|Roaring Moon, L50|\n|poke|p2|Great Tusk, L50|\n|poke|p2|Gholdengo, L50|\n|poke|p2|Hariyama, L50, F|\n|poke|p2|Mimikyu, L50, F|\n|poke|p2|Gyarados, L50, F|\n|teampreview|4\nJbenn has agreed to open team sheets.\nmanilovebo1cts rejected open team sheets.\n|inactive|Battle timer is ON: inactive players will automatically lose when time's up. (requested by manilovebo1cts)\n|c|\u2606Jbenn|Figured the name was sarcasm\n|c|\u2606Jbenn|guess not\n|c|\u2606manilovebo1cts|actually\n|c|\u2606manilovebo1cts|it is\n|c|\u2606manilovebo1cts|but I gotta practice\n|inactive|manilovebo1cts has 60 seconds left.\n|inactive|Jbenn has 60 seconds left.\n|c|\u2606manilovebo1cts|and I really hate bo1 cts\n|c|\u2606manilovebo1cts|but I'm so bad at it I need to get some practice ;-;\n|inactive|manilovebo1cts has 30 seconds left.\n|inactive|Jbenn has 30 seconds left.\n|c|\u2606manilovebo1cts|gl\n|c|\u2606Jbenn|Yeah u gonna\n|inactive|manilovebo1cts has 20 seconds left.\n|c|\u2606Jbenn|lose\n|inactive|manilovebo1cts has 15 seconds left.\n|inactive|manilovebo1cts has 10 seconds left.\n|inactive|manilovebo1cts has 5 seconds left.\n|\n|t:|1682978541\n|start\n|switch|p1a: Iron Hands|Iron Hands, L50|100\/100\n|switch|p1b: Arcanine|Arcanine, L50, F|100\/100\n|switch|p2a: Gyarados|Gyarados, L50, F|100\/100\n|switch|p2b: Gholdengo|Gholdengo, L50|100\/100\n|-ability|p1b: Arcanine|Intimidate|boost\n|-unboost|p2a: Gyarados|atk|1\n|-unboost|p2b: Gholdengo|atk|1\n|-ability|p2a: Gyarados|Intimidate|boost\n|-unboost|p1a: Iron Hands|atk|1\n|-unboost|p1b: Arcanine|atk|1\n|turn|1\n|inactive|manilovebo1cts has 30 seconds left.\n|\n|t:|1682978569\n|switch|p2a: Great Tusk|Great Tusk, L50|100\/100\n|move|p2b: Gholdengo|Protect|p2b: Gholdengo\n|-singleturn|p2b: Gholdengo|Protect\n|move|p1b: Arcanine|Will-O-Wisp|p2a: Great Tusk\n|-status|p2a: Great Tusk|brn\n|move|p1a: Iron Hands|Iron Defense|p1a: Iron Hands\n|-boost|p1a: Iron Hands|def|2\n|\n|-damage|p2a: Great Tusk|94\/100 brn|[from] brn\n|upkeep\n|turn|2\n|inactive|manilovebo1cts has 30 seconds left.\n|inactive|Jbenn has 30 seconds left.\n|\n|t:|1682978602\n|switch|p1b: Amoonguss|Amoonguss, L50, F|100\/100\n|-terastallize|p2b: Gholdengo|Water\n|move|p2a: Great Tusk|Headlong Rush|p1b: Amoonguss\n|-crit|p1b: Amoonguss\n|-damage|p1b: Amoonguss|50\/100\n|-unboost|p2a: Great Tusk|def|1\n|-unboost|p2a: Great Tusk|spd|1\n|-enditem|p1b: Amoonguss|Sitrus Berry|[eat]\n|-heal|p1b: Amoonguss|75\/100|[from] item: Sitrus Berry\n|-damage|p2a: Great Tusk|84\/100 brn|[from] item: Life Orb\n|move|p2b: Gholdengo|Nasty Plot|p2b: Gholdengo\n|-boost|p2b: Gholdengo|spa|2\n|move|p1a: Iron Hands|Substitute|p1a: Iron Hands\n|-start|p1a: Iron Hands|Substitute\n|-damage|p1a: Iron Hands|75\/100\n|\n|-heal|p1a: Iron Hands|82\/100|[from] item: Leftovers\n|-damage|p2a: Great Tusk|78\/100 brn|[from] brn\n|upkeep\n|turn|3\n|inactive|manilovebo1cts has 30 seconds left.\n|c|\u2606Jbenn|Oh you rly are a weirdo lmao\n|inactive|manilovebo1cts has 20 seconds left.\n|\n|t:|1682978639\n|switch|p1b: Arcanine|Arcanine, L50, F|100\/100\n|-ability|p1b: Arcanine|Intimidate|boost\n|-unboost|p2a: Great Tusk|atk|1\n|-unboost|p2b: Gholdengo|atk|1\n|move|p2b: Gholdengo|Protect|p2b: Gholdengo\n|-singleturn|p2b: Gholdengo|Protect\n|move|p2a: Great Tusk|Earthquake|p1a: Iron Hands|[spread] p1a,p1b\n|-activate|p2b: Gholdengo|move: Protect\n|-supereffective|p1a: Iron Hands\n|-activate|p1a: Iron Hands|move: Substitute|[damage]\n|-supereffective|p1b: Arcanine\n|-damage|p1b: Arcanine|64\/100\n|-damage|p2a: Great Tusk|68\/100 brn|[from] item: Life Orb\n|move|p1a: Iron Hands|Body Press|p2b: Gholdengo\n|-activate|p2b: Gholdengo|move: Protect\n|\n|-heal|p1a: Iron Hands|88\/100|[from] item: Leftovers\n|-damage|p2a: Great Tusk|62\/100 brn|[from] brn\n|upkeep\n|turn|4\n|inactive|manilovebo1cts has 30 seconds left.\n|c|\u2606manilovebo1cts|I saw substitute palafin\n|inactive|manilovebo1cts has 20 seconds left.\n|inactive|manilovebo1cts has 15 seconds left.\n|c|\u2606manilovebo1cts|and then looked for whatever mons could run substitute\n|inactive|manilovebo1cts has 10 seconds left.\n|inactive|manilovebo1cts has 5 seconds left.\n|\n|t:|1682978691\n|switch|p1b: Amoonguss|Amoonguss, L50, F|100\/100\n|switch|p2b: Gyarados|Gyarados, L50, F|100\/100\n|-ability|p2b: Gyarados|Intimidate|boost\n|-immune|p1a: Iron Hands\n|-unboost|p1b: Amoonguss|atk|1\n|move|p2a: Great Tusk|Earthquake|p1a: Iron Hands|[spread] p1a,p1b\n|-immune|p2b: Gyarados\n|-supereffective|p1a: Iron Hands\n|-activate|p1a: Iron Hands|move: Substitute|[damage]\n|-damage|p1b: Amoonguss|86\/100\n|-damage|p2a: Great Tusk|52\/100 brn|[from] item: Life Orb\n|move|p1a: Iron Hands|Body Press|p2b: Gyarados\n|-resisted|p2b: Gyarados\n|-damage|p2b: Gyarados|71\/100\n|\n|-heal|p1a: Iron Hands|94\/100|[from] item: Leftovers\n|-damage|p2a: Great Tusk|46\/100 brn|[from] brn\n|upkeep\n|turn|5\n|inactive|manilovebo1cts has 30 seconds left.\n|\n|t:|1682978723\n|move|p2b: Gyarados|Taunt|p1b: Amoonguss\n|-start|p1b: Amoonguss|move: Taunt\n|move|p2a: Great Tusk|Earthquake|p1b: Amoonguss|[spread] p1a,p1b\n|-immune|p2b: Gyarados\n|-supereffective|p1a: Iron Hands\n|-end|p1a: Iron Hands|Substitute\n|-damage|p1b: Amoonguss|70\/100\n|-damage|p2a: Great Tusk|36\/100 brn|[from] item: Life Orb\n|move|p1a: Iron Hands|Iron Defense|p1a: Iron Hands\n|-boost|p1a: Iron Hands|def|2\n|cant|p1b: Amoonguss|move: Taunt|Spore\n|\n|-heal|p1a: Iron Hands|100\/100|[from] item: Leftovers\n|-damage|p2a: Great Tusk|30\/100 brn|[from] brn\n|upkeep\n|turn|6\n|inactive|manilovebo1cts has 30 seconds left.\n|inactive|Jbenn has 30 seconds left.\n|\n|t:|1682978750\n|-end|p2a: Great Tusk|Protosynthesis|[silent]\n|switch|p2a: Roaring Moon|Roaring Moon, L50|100\/100\n|-enditem|p2a: Roaring Moon|Booster Energy\n|-activate|p2a: Roaring Moon|ability: Protosynthesis|[fromitem]\n|-start|p2a: Roaring Moon|protosynthesisspe\n|move|p2b: Gyarados|Taunt|p1a: Iron Hands\n|-start|p1a: Iron Hands|move: Taunt\n|move|p1a: Iron Hands|Body Press|p2b: Gyarados\n|-resisted|p2b: Gyarados\n|-damage|p2b: Gyarados|33\/100\n|move|p1b: Amoonguss|Pollen Puff|p1a: Iron Hands\n|-immune|p1a: Iron Hands\n|\n|upkeep\n|turn|7\n|\n|t:|1682978768\n|switch|p1b: Arcanine|Arcanine, L50, F|64\/100\n|-ability|p1b: Arcanine|Intimidate|boost\n|-unboost|p2a: Roaring Moon|atk|1\n|-unboost|p2b: Gyarados|atk|1\n|move|p2a: Roaring Moon|Acrobatics|p1b: Arcanine\n|-damage|p1b: Arcanine|39\/100\n|move|p2b: Gyarados|Waterfall|p1a: Iron Hands\n|-damage|p1a: Iron Hands|95\/100\n|move|p1a: Iron Hands|Body Press|p2a: Roaring Moon\n|-supereffective|p2a: Roaring Moon\n|-damage|p2a: Roaring Moon|0 fnt\n|faint|p2a: Roaring Moon\n|-end|p2a: Roaring Moon|Protosynthesis|[silent]\n|\n|-heal|p1a: Iron Hands|100\/100|[from] item: Leftovers\n|upkeep\n|\n|t:|1682978775\n|switch|p2a: Great Tusk|Great Tusk, L50|30\/100 brn\n|turn|8\n|\n|t:|1682978785\n|switch|p1b: Amoonguss|Amoonguss, L50, F|100\/100\n|move|p2b: Gyarados|Waterfall|p1a: Iron Hands\n|-damage|p1a: Iron Hands|95\/100\n|move|p2a: Great Tusk|Headlong Rush|p1a: Iron Hands\n|-supereffective|p1a: Iron Hands\n|-damage|p1a: Iron Hands|75\/100\n|-unboost|p2a: Great Tusk|def|1\n|-unboost|p2a: Great Tusk|spd|1\n|-damage|p2a: Great Tusk|20\/100 brn|[from] item: Life Orb\n|cant|p1a: Iron Hands|flinch\n|\n|-heal|p1a: Iron Hands|81\/100|[from] item: Leftovers\n|-damage|p2a: Great Tusk|13\/100 brn|[from] brn\n|-end|p1a: Iron Hands|move: Taunt\n|upkeep\n|turn|9\n|inactive|Jbenn has 30 seconds left.\n|\n|t:|1682978814\n|move|p2b: Gyarados|Taunt|p1b: Amoonguss\n|-start|p1b: Amoonguss|move: Taunt\n|move|p2a: Great Tusk|Earthquake|p1b: Amoonguss|[spread] p1a,p1b\n|-immune|p2b: Gyarados\n|-supereffective|p1a: Iron Hands\n|-damage|p1a: Iron Hands|69\/100\n|-damage|p1b: Amoonguss|77\/100\n|-damage|p2a: Great Tusk|3\/100 brn|[from] item: Life Orb\n|move|p1a: Iron Hands|Body Press|p2b: Gyarados\n|-resisted|p2b: Gyarados\n|-damage|p2b: Gyarados|0 fnt\n|faint|p2b: Gyarados\n|move|p1b: Amoonguss|Pollen Puff|p1a: Iron Hands\n|-heal|p1a: Iron Hands|100\/100\n|\n|-damage|p2a: Great Tusk|0 fnt|[from] brn\n|faint|p2a: Great Tusk\n|-end|p2a: Great Tusk|Protosynthesis|[silent]\n|upkeep\n|c|\u2606manilovebo1cts|gg\n|-message|Jbenn forfeited.\n|\n|win|manilovebo1cts\n|raw|manilovebo1cts's rating: 1483 → 1502<\/strong> (+19 for winning)\n|raw|Jbenn's rating: 1459 → 1440<\/strong> (-19 for losing)\n|l|\u2606Jbenn\n","uploadtime":1682978869,"views":14,"p1id":"manilovebo1cts","p2id":"jbenn","formatid":"gen9vgc2023regulationc","rating":1440,"private":0,"password":""}