{"id":"gen9vgc2023regulationc-1859462367","p1":"Ciq108","p2":"SpadesHS","format":"[Gen 9] VGC 2023 Regulation C","log":"|j|\u2606Ciq108\n|j|\u2606SpadesHS\n|t:|1683471676\n|gametype|doubles\n|player|p1|Ciq108|101|\n|player|p2|SpadesHS|n|\n|teamsize|p1|6\n|teamsize|p2|6\n|gen|9\n|tier|[Gen 9] VGC 2023 Regulation C\n|rule|Species Clause: Limit one of each Pok\u00e9mon\n|rule|Item Clause: Limit one of each item\n|clearpoke\n|poke|p1|Iron Moth, L50|\n|poke|p1|Floette, L50, F|\n|poke|p1|Iron Treads, L50|\n|poke|p1|Sylveon, L50, M|\n|poke|p1|Tauros-Paldea-Aqua, L50, M|\n|poke|p1|Meowscarada, L50, F|\n|poke|p2|Amoonguss, L50, F|\n|poke|p2|Palafin, L50, M|\n|poke|p2|Arcanine, L50, M|\n|poke|p2|Ting-Lu, L50|\n|poke|p2|Kingambit, L50, M|\n|poke|p2|Flutter Mane, L50|\n|teampreview|4\n|\n|t:|1683471708\n|start\n|switch|p1a: Sylveon|Sylveon, L50, M|100\/100\n|switch|p1b: Tauros|Tauros-Paldea-Aqua, L50, M|100\/100\n|switch|p2a: Fun Police|Arcanine, L50, M|100\/100\n|switch|p2b: Tiki|Ting-Lu, L50|100\/100\n|-ability|p1b: Tauros|Intimidate|boost\n|-unboost|p2a: Fun Police|atk|1\n|-unboost|p2b: Tiki|atk|1\n|-ability|p2a: Fun Police|Intimidate|boost\n|-unboost|p1a: Sylveon|atk|1\n|-unboost|p1b: Tauros|atk|1\n|-ability|p2b: Tiki|Vessel of Ruin\n|turn|1\n|\n|t:|1683471720\n|move|p1b: Tauros|Wave Crash|p2a: Fun Police\n|-supereffective|p2a: Fun Police\n|-damage|p2a: Fun Police|27\/100\n|-damage|p1b: Tauros|68\/100|[from] Recoil\n|move|p2a: Fun Police|Howl|p2a: Fun Police|[spread] p2a,p2b\n|-boost|p2a: Fun Police|atk|1\n|-boost|p2b: Tiki|atk|1\n|move|p1a: Sylveon|Hyper Voice|p2a: Fun Police|[spread] p2a,p2b\n|-resisted|p2a: Fun Police\n|-supereffective|p2b: Tiki\n|-damage|p2a: Fun Police|11\/100\n|-damage|p2b: Tiki|69\/100\n|-enditem|p1a: Sylveon|Throat Spray\n|-boost|p1a: Sylveon|spa|1|[from] item: Throat Spray\n|move|p2b: Tiki|Heavy Slam|p1a: Sylveon\n|-supereffective|p1a: Sylveon\n|-damage|p1a: Sylveon|10\/100\n|\n|upkeep\n|turn|2\n|\n|t:|1683471742\n|move|p1a: Sylveon|Protect|p1a: Sylveon\n|-singleturn|p1a: Sylveon|Protect\n|move|p2a: Fun Police|Extreme Speed|p1a: Sylveon\n|-activate|p1a: Sylveon|move: Protect\n|move|p1b: Tauros|Aqua Jet|p2a: Fun Police\n|-supereffective|p2a: Fun Police\n|-damage|p2a: Fun Police|0 fnt\n|faint|p2a: Fun Police\n|move|p2b: Tiki|Stomping Tantrum|p1b: Tauros\n|-damage|p1b: Tauros|26\/100\n|\n|upkeep\n|\n|t:|1683471744\n|switch|p2a: Timeline|Flutter Mane, L50|100\/100\n|turn|3\n|\n|t:|1683471767\n|switch|p2b: Magnus|Kingambit, L50, M|100\/100\n|move|p1b: Tauros|Aqua Jet|p2a: Timeline\n|-crit|p2a: Timeline\n|-damage|p2a: Timeline|61\/100\n|move|p1a: Sylveon|Quick Attack|p2b: Magnus\n|-crit|p2b: Magnus\n|-damage|p2b: Magnus|87\/100\n|move|p2a: Timeline|Dazzling Gleam|p1b: Tauros|[spread] p1a,p1b\n|-supereffective|p1b: Tauros\n|-damage|p1a: Sylveon|0 fnt\n|-damage|p1b: Tauros|0 fnt\n|faint|p1a: Sylveon\n|faint|p1b: Tauros\n|\n|upkeep\n|\n|t:|1683471777\n|switch|p1b: Iron Moth|Iron Moth, L50|100\/100\n|switch|p1a: Iron Treads|Iron Treads, L50|100\/100\n|-enditem|p1b: Iron Moth|Booster Energy\n|-activate|p1b: Iron Moth|ability: Quark Drive|[fromitem]\n|-start|p1b: Iron Moth|quarkdrivespa\n|turn|4\n|\n|t:|1683471786\n|-end|p2a: Timeline|Protosynthesis|[silent]\n|switch|p2a: Tiki|Ting-Lu, L50|69\/100\n|-ability|p2a: Tiki|Vessel of Ruin\n|-terastallize|p1b: Iron Moth|Flying\n|-terastallize|p2b: Magnus|Dark\n|move|p2b: Magnus|Sucker Punch|p1b: Iron Moth\n|-damage|p1b: Iron Moth|0 fnt\n|faint|p1b: Iron Moth\n|-end|p1b: Iron Moth|Quark Drive|[silent]\n|move|p1a: Iron Treads|Earthquake|p2b: Magnus|[spread] p2a,p2b\n|-damage|p2a: Tiki|45\/100\n|-damage|p2b: Magnus|61\/100\n|\n|upkeep\n|turn|5\n|c|\u2606Ciq108|oh wow\n|\n|t:|1683471801\n|move|p2b: Magnus|Sucker Punch|p1a: Iron Treads\n|-damage|p1a: Iron Treads|36\/100\n|move|p1a: Iron Treads|Earthquake|p2a: Tiki|[spread] p2a,p2b\n|-damage|p2a: Tiki|23\/100\n|-damage|p2b: Magnus|34\/100\n|move|p2a: Tiki|Stomping Tantrum|p1a: Iron Treads\n|-supereffective|p1a: Iron Treads\n|-damage|p1a: Iron Treads|0 fnt\n|faint|p1a: Iron Treads\n|-end|p1a: Iron Treads|Quark Drive|[silent]\n|\n|win|SpadesHS\n|c|\u2606SpadesHS|This mfer\n|c|\u2606Ciq108|ggs\n|c|\u2606SpadesHS|Is strong\n|c|\u2606SpadesHS|ggs\n|c|\u2606Ciq108|pls be black glasses?\n|c|\u2606SpadesHS|Yes\n|l|\u2606Ciq108\n","uploadtime":1683471840,"views":11,"p1id":"ciq108","p2id":"spadeshs","formatid":"gen9vgc2023regulationc","rating":0,"private":0,"password":""}