{"id":"gen9vgc2023regulationc-1855163312","p1":"lawrence123","p2":"souraphyz","format":"[Gen 9] VGC 2023 Regulation C","log":"|j|\u2606lawrence123\n|j|\u2606souraphyz\n|t:|1682909083\n|gametype|doubles\n|player|p1|lawrence123|cynthia-masters|\n|player|p2|souraphyz|lucas-gen4pt|\n|teamsize|p1|6\n|teamsize|p2|6\n|gen|9\n|tier|[Gen 9] VGC 2023 Regulation C\n|rated|Tournament battle\n|rule|Species Clause: Limit one of each Pok\u00e9mon\n|rule|Item Clause: Limit one of each item\n|clearpoke\n|poke|p1|Amoonguss, L50, M|\n|poke|p1|Gyarados, L50, M|\n|poke|p1|Baxcalibur, L50, M|\n|poke|p1|Flutter Mane, L50|\n|poke|p1|Iron Bundle, L50|\n|poke|p1|Ting-Lu, L50|\n|poke|p2|Palafin, L50, M|\n|poke|p2|Arcanine, L50, M|\n|poke|p2|Amoonguss, L50, M|\n|poke|p2|Flutter Mane, L50|\n|poke|p2|Dragonite, L50, M|\n|poke|p2|Iron Hands, L50|\n|teampreview|4\n|raw| Open Team Sheet for lawrence123<\/summary>Amoonguss (M) @ Rocky Helmet Ability: Regenerator Level: 50 Shiny: Yes Tera Type: Water - Spore - Rage Powder - Pollen Puff - Protect Gyarados (M) @ Sitrus Berry Ability: Intimidate Level: 50 Tera Type: Steel - Waterfall - Thunder Wave - Taunt - Protect Baxcalibur (M) @ Clear Amulet Ability: Thermal Exchange Level: 50 Tera Type: Poison - Icicle Crash - Ice Shard - Glaive Rush - Protect Flutter Mane @ Choice Specs Ability: Protosynthesis Level: 50 Tera Type: Fairy - Shadow Ball - Dazzling Gleam - Moonblast - Thunderbolt Iron Bundle @ Booster Energy Ability: Quark Drive Level: 50 Tera Type: Ghost - Hydro Pump - Freeze-Dry - Encore - Protect Ting-Lu @ Assault Vest Ability: Vessel of Ruin Level: 50 Tera Type: Grass - Stomping Tantrum - Heavy Slam - Stone Edge - Fissure <\/details><\/div> Open Team Sheet for souraphyz<\/summary>Palafin @ Mystic Water Ability: Zero to Hero Level: 50 Tera Type: Water - Protect - Wave Crash - Jet Punch - Drain Punch Arcanine @ Safety Goggles Ability: Intimidate Level: 50 Tera Type: Grass - Flare Blitz - Extreme Speed - Will-O-Wisp - Howl Amoonguss @ Sitrus Berry Ability: Regenerator Level: 50 Tera Type: Water - Pollen Puff - Clear Smog - Rage Powder - Spore Flutter Mane @ Booster Energy Ability: Protosynthesis Level: 50 Tera Type: Fairy - Protect - Shadow Ball - Moonblast - Dazzling Gleam Dragonite @ Lum Berry Ability: Multiscale Level: 50 Tera Type: Normal - Outrage - Extreme Speed - Ice Spinner - Tailwind Iron Hands @ Leftovers Ability: Quark Drive Level: 50 Tera Type: Water - Protect - Swords Dance - Drain Punch - Thunder Punch <\/details><\/div>\n|inactive|Battle timer is ON: inactive players will automatically lose when time's up. (requested by lawrence123)\n|j| 7actose\n|j| palacringe\n|j| Mabosstiff Gaming\n|l|\u2606lawrence123\n|inactive|lawrence123 disconnected and has a minute to reconnect!\n|player|p1|\n|l| Mabosstiff Gaming\n|j|\u2606lawrence123\n|inactive|lawrence123 reconnected and has 65 seconds left.\n|player|p1|lawrence123|cynthia-masters\n|inactive|lawrence123 has 60 seconds left.\n|inactive|souraphyz has 60 seconds left.\n|\n|t:|1682909123\n|start\n|switch|p1a: Baxcalibur|Baxcalibur, L50, M|100\/100\n|switch|p1b: Gyarados|Gyarados, L50, M|100\/100\n|switch|p2a: Flutter Mane|Flutter Mane, L50|100\/100\n|switch|p2b: Dragonite|Dragonite, L50, M|100\/100\n|-ability|p1b: Gyarados|Intimidate|boost\n|-unboost|p2a: Flutter Mane|atk|1\n|-unboost|p2b: Dragonite|atk|1\n|-enditem|p2a: Flutter Mane|Booster Energy\n|-activate|p2a: Flutter Mane|ability: Protosynthesis|[fromitem]\n|-start|p2a: Flutter Mane|protosynthesisspa\n|turn|1\n|\n|t:|1682909144\n|-terastallize|p1a: Baxcalibur|Poison\n|move|p2a: Flutter Mane|Protect|p2a: Flutter Mane\n|-singleturn|p2a: Flutter Mane|Protect\n|move|p1a: Baxcalibur|Glaive Rush|p2b: Dragonite\n|-supereffective|p2b: Dragonite\n|-damage|p2b: Dragonite|30\/100\n|-singlemove|p1a: Baxcalibur|Glaive Rush|[silent]\n|move|p2b: Dragonite|Tailwind|p2b: Dragonite\n|-sidestart|p2: souraphyz|move: Tailwind\n|move|p1b: Gyarados|Thunder Wave|p2a: Flutter Mane\n|-activate|p2a: Flutter Mane|move: Protect\n|\n|upkeep\n|turn|2\n|j| Cooltrizzle\n|\n|t:|1682909162\n|switch|p2b: Iron Hands|Iron Hands, L50|100\/100\n|move|p1a: Baxcalibur|Protect|p1a: Baxcalibur\n|-singleturn|p1a: Baxcalibur|Protect\n|move|p2a: Flutter Mane|Moonblast|p1b: Gyarados\n|-damage|p1b: Gyarados|61\/100\n|move|p1b: Gyarados|Thunder Wave|p2a: Flutter Mane\n|-status|p2a: Flutter Mane|par\n|\n|upkeep\n|turn|3\n|j| Iggy57\n|\n|t:|1682909175\n|switch|p1b: Ting-Lu|Ting-Lu, L50|100\/100\n|-ability|p1b: Ting-Lu|Vessel of Ruin\n|move|p2a: Flutter Mane|Shadow Ball|p1a: Baxcalibur\n|-damage|p1a: Baxcalibur|67\/100\n|move|p2b: Iron Hands|Thunder Punch|p1b: Ting-Lu\n|-immune|p1b: Ting-Lu\n|move|p1a: Baxcalibur|Icicle Crash|p2a: Flutter Mane\n|-crit|p2a: Flutter Mane\n|-damage|p2a: Flutter Mane|0 fnt\n|faint|p2a: Flutter Mane\n|-end|p2a: Flutter Mane|Protosynthesis|[silent]\n|\n|upkeep\n|l| Cooltrizzle\n|\n|t:|1682909196\n|switch|p2a: Dragonite|Dragonite, L50, M|30\/100\n|turn|4\n|j| rina slaywayama\n|\n|t:|1682909204\n|switch|p1b: Gyarados|Gyarados, L50, M|61\/100\n|-ability|p1b: Gyarados|Intimidate|boost\n|-unboost|p2a: Dragonite|atk|1\n|-unboost|p2b: Iron Hands|atk|1\n|move|p1a: Baxcalibur|Ice Shard|p2a: Dragonite\n|-supereffective|p2a: Dragonite\n|-damage|p2a: Dragonite|0 fnt\n|faint|p2a: Dragonite\n|move|p2b: Iron Hands|Swords Dance|p2b: Iron Hands\n|-boost|p2b: Iron Hands|atk|2\n|\n|-sideend|p2: souraphyz|move: Tailwind\n|upkeep\n|\n|t:|1682909208\n|switch|p2a: Arcanine|Arcanine, L50, M|100\/100\n|-ability|p2a: Arcanine|Intimidate|boost\n|-fail|p1a: Baxcalibur|unboost|[from] item: Clear Amulet|[of] p1a: Baxcalibur\n|-unboost|p1b: Gyarados|atk|1\n|turn|5\n|\n|t:|1682909226\n|move|p1a: Baxcalibur|Protect|p1a: Baxcalibur\n|-singleturn|p1a: Baxcalibur|Protect\n|move|p2a: Arcanine|Howl|p2a: Arcanine|[spread] p2a,p2b\n|-boost|p2a: Arcanine|atk|1\n|-boost|p2b: Iron Hands|atk|1\n|move|p1b: Gyarados|Waterfall|p2a: Arcanine\n|-supereffective|p2a: Arcanine\n|-damage|p2a: Arcanine|56\/100\n|move|p2b: Iron Hands|Drain Punch|p1b: Gyarados\n|-resisted|p1b: Gyarados\n|-damage|p1b: Gyarados|19\/100\n|-enditem|p1b: Gyarados|Sitrus Berry|[eat]\n|-heal|p1b: Gyarados|44\/100|[from] item: Sitrus Berry\n|\n|upkeep\n|turn|6\n|\n|t:|1682909239\n|move|p2a: Arcanine|Will-O-Wisp|p1b: Gyarados\n|-status|p1b: Gyarados|brn\n|move|p1a: Baxcalibur|Glaive Rush|p2a: Arcanine\n|-damage|p2a: Arcanine|0 fnt\n|-singlemove|p1a: Baxcalibur|Glaive Rush|[silent]\n|faint|p2a: Arcanine\n|move|p1b: Gyarados|Waterfall|p2b: Iron Hands\n|-damage|p2b: Iron Hands|93\/100\n|move|p2b: Iron Hands|Drain Punch|p1a: Baxcalibur\n|-resisted|p1a: Baxcalibur\n|-damage|p1a: Baxcalibur|0 fnt\n|-heal|p2b: Iron Hands|100\/100|[from] drain|[of] p1a: Baxcalibur\n|faint|p1a: Baxcalibur\n|\n|-damage|p1b: Gyarados|38\/100 brn|[from] brn\n|upkeep\n|j| repeatt\n|\n|t:|1682909251\n|switch|p1a: Ting-Lu|Ting-Lu, L50|100\/100\n|-ability|p1a: Ting-Lu|Vessel of Ruin\n|turn|7\n|j| bruno the star\n|\n|t:|1682909264\n|move|p1b: Gyarados|Waterfall|p2b: Iron Hands\n|-damage|p2b: Iron Hands|93\/100\n|move|p2b: Iron Hands|Drain Punch|p1a: Ting-Lu\n|-supereffective|p1a: Ting-Lu\n|-damage|p1a: Ting-Lu|0 fnt\n|-heal|p2b: Iron Hands|100\/100|[from] drain|[of] p1a: Ting-Lu\n|faint|p1a: Ting-Lu\n|\n|-damage|p1b: Gyarados|32\/100 brn|[from] brn\n|upkeep\n|l| repeatt\n|\n|t:|1682909267\n|switch|p1a: Flutter Mane|Flutter Mane, L50|100\/100\n|turn|8\n|\n|t:|1682909274\n|-terastallize|p2b: Iron Hands|Water\n|move|p1a: Flutter Mane|Moonblast|p2b: Iron Hands\n|-damage|p2b: Iron Hands|40\/100\n|move|p1b: Gyarados|Waterfall|p2b: Iron Hands\n|-resisted|p2b: Iron Hands\n|-damage|p2b: Iron Hands|36\/100\n|move|p2b: Iron Hands|Thunder Punch|p1a: Flutter Mane\n|-damage|p1a: Flutter Mane|0 fnt\n|faint|p1a: Flutter Mane\n|-end|p1a: Flutter Mane|Protosynthesis|[silent]\n|\n|-heal|p2b: Iron Hands|42\/100|[from] item: Leftovers\n|-damage|p1b: Gyarados|26\/100 brn|[from] brn\n|upkeep\n|turn|9\n|-message|lawrence123 forfeited.\n|\n|win|souraphyz\n|n|\u2606souraphyz|souraphyz\n|n| 7actose|7actose\n|n| palacringe|palacringe\n|n|\u2606lawrence123|lawrence123\n|n| Iggy57|iggy57\n|n| rina slaywayama|rinaslaywayama\n|n| bruno the star|brunothestar\n|l|\u2606lawrence123\n|l| palacringe\n|l| 7actose\n|l| Iggy57\n|l| rina slaywayama\n|j| baldafor\n|l| bruno the star\n","uploadtime":1682909639,"views":17,"p1id":"lawrence123","p2id":"souraphyz","formatid":"gen9vgc2023regulationc","rating":0,"private":0,"password":""}