{"id":"gen9vgc2023regulationc-1862055395","p1":"WhatWasIC00KING","p2":"oMetronome","format":"[Gen 9] VGC 2023 Regulation C","log":"|j|\u2606WhatWasIC00KING\n|j|\u2606oMetronome\n|t:|1683832588\n|gametype|doubles\n|player|p1|WhatWasIC00KING|gambler|1220\n|player|p2|oMetronome|blue|1266\n|teamsize|p1|6\n|teamsize|p2|6\n|gen|9\n|tier|[Gen 9] VGC 2023 Regulation C\n|rated|\n|rule|Species Clause: Limit one of each Pok\u00e9mon\n|rule|Item Clause: Limit one of each item\n|clearpoke\n|poke|p1|Flutter Mane, L50|\n|poke|p1|Chi-Yu, L50|\n|poke|p1|Amoonguss, L50, M|\n|poke|p1|Kingambit, L50, M|\n|poke|p1|Gyarados, L50, M|\n|poke|p1|Great Tusk, L50|\n|poke|p2|Gyarados, L50, F|\n|poke|p2|Ceruledge, L50, M|\n|poke|p2|Amoonguss, L50, F|\n|poke|p2|Orthworm, L50, M|\n|poke|p2|Dragonite, L50, F|\n|poke|p2|Chien-Pao, L50|\n|teampreview|4\nWhatWasIC00KING has agreed to open team sheets.\noMetronome has agreed to open team sheets.\n|inactive|Battle timer is ON: inactive players will automatically lose when time's up. (requested by WhatWasIC00KING)\n|\n|t:|1683832628\n|start\n|switch|p1a: Great Tusk|Great Tusk, L50|100\/100\n|switch|p1b: Gyarados|Gyarados, L50, M, shiny|100\/100\n|switch|p2a: Amoonguss|Amoonguss, L50, F|100\/100\n|switch|p2b: Orthworm|Orthworm, L50, M|100\/100\n|-ability|p1b: Gyarados|Intimidate|boost\n|-unboost|p2a: Amoonguss|atk|1\n|-unboost|p2b: Orthworm|atk|1\n|turn|1\n|inactive|WhatWasIC00KING has 30 seconds left.\n|inactive|oMetronome has 30 seconds left.\n|\n|t:|1683832662\n|move|p2a: Amoonguss|Protect|p2a: Amoonguss\n|-singleturn|p2a: Amoonguss|Protect\n|move|p1a: Great Tusk|Rock Slide|p2a: Amoonguss|[spread] p2b\n|-activate|p2a: Amoonguss|move: Protect\n|-resisted|p2b: Orthworm\n|-damage|p2b: Orthworm|94\/100\n|move|p1b: Gyarados|Taunt|p2a: Amoonguss\n|-activate|p2a: Amoonguss|move: Protect\n|move|p2b: Orthworm|Shed Tail|p2b: Orthworm\n|-start|p2b: Orthworm|Substitute|[from] move: Shed Tail\n|-damage|p2b: Orthworm|44\/100\n|-enditem|p2b: Orthworm|Sitrus Berry|[eat]\n|-heal|p2b: Orthworm|69\/100|[from] item: Sitrus Berry\n|\n|t:|1683832676\n|switch|p2b: Dragonite|Dragonite, L50, F|100\/100|[from] Shed Tail\n|\n|upkeep\n|turn|2\n|\n|t:|1683832696\n|switch|p2a: Orthworm|Orthworm, L50, M|69\/100\n|move|p1a: Great Tusk|Rock Slide|p2a: Orthworm|[spread] p2a,p2b\n|-supereffective|p2b: Dragonite\n|-activate|p2b: Dragonite|move: Substitute|[damage]\n|-resisted|p2a: Orthworm\n|-damage|p2a: Orthworm|62\/100\n|move|p1b: Gyarados|Thunder Wave|p2a: Orthworm\n|-status|p2a: Orthworm|par\n|move|p2b: Dragonite|Dragon Dance|p2b: Dragonite\n|-boost|p2b: Dragonite|atk|1\n|-boost|p2b: Dragonite|spe|1\n|\n|upkeep\n|turn|3\n|inactive|oMetronome has 30 seconds left.\n|\n|t:|1683832727\n|move|p1a: Great Tusk|Rock Slide|p2a: Orthworm|[spread] p2a,p2b\n|-supereffective|p2b: Dragonite\n|-end|p2b: Dragonite|Substitute\n|-resisted|p2a: Orthworm\n|-damage|p2a: Orthworm|56\/100 par\n|move|p2b: Dragonite|Earthquake|p1a: Great Tusk|[spread] p1a\n|-heal|p2a: Orthworm|81\/100 par|[from] ability: Earth Eater|[of] p2b: Dragonite\n|-immune|p1b: Gyarados\n|-damage|p1a: Great Tusk|72\/100\n|move|p1b: Gyarados|Thunder Wave|p2b: Dragonite\n|-status|p2b: Dragonite|par\n|-enditem|p2b: Dragonite|Lum Berry|[eat]\n|-curestatus|p2b: Dragonite|par|[msg]\n|move|p2a: Orthworm|Shed Tail|p2a: Orthworm\n|-start|p2a: Orthworm|Substitute|[from] move: Shed Tail\n|-damage|p2a: Orthworm|31\/100 par\n|\n|t:|1683832742\n|switch|p2a: Ceruledge|Ceruledge, L50, M|100\/100|[from] Shed Tail\n|\n|upkeep\n|turn|4\n|\n|t:|1683832759\n|-terastallize|p2b: Dragonite|Normal\n|move|p2b: Dragonite|Extreme Speed|p1b: Gyarados\n|-damage|p1b: Gyarados|40\/100\n|move|p1a: Great Tusk|Rock Slide|p2b: Dragonite|[spread] p2a,p2b\n|-supereffective|p2a: Ceruledge\n|-end|p2a: Ceruledge|Substitute\n|-damage|p2b: Dragonite|92\/100\n|move|p2a: Ceruledge|Bulk Up|p2a: Ceruledge\n|-boost|p2a: Ceruledge|atk|1\n|-boost|p2a: Ceruledge|def|1\n|move|p1b: Gyarados|Thunder Wave|p2b: Dragonite\n|-status|p2b: Dragonite|par\n|\n|upkeep\n|turn|5\n|\n|t:|1683832782\n|move|p2b: Dragonite|Extreme Speed|p1a: Great Tusk\n|-damage|p1a: Great Tusk|20\/100\n|move|p2a: Ceruledge|Shadow Sneak|p1a: Great Tusk\n|-damage|p1a: Great Tusk|0 fnt\n|faint|p1a: Great Tusk\n|-end|p1a: Great Tusk|Protosynthesis|[silent]\n|move|p1b: Gyarados|Whirlpool|p2a: Ceruledge\n|-supereffective|p2a: Ceruledge\n|-damage|p2a: Ceruledge|86\/100\n|-activate|p2a: Ceruledge|move: Whirlpool|[of] p1b: Gyarados\n|\n|-damage|p2a: Ceruledge|74\/100|[from] move: Whirlpool|[partiallytrapped]\n|upkeep\n|\n|t:|1683832788\n|switch|p1a: Flutter Mane|Flutter Mane, L50|100\/100\n|-enditem|p1a: Flutter Mane|Booster Energy\n|-activate|p1a: Flutter Mane|ability: Protosynthesis|[fromitem]\n|-start|p1a: Flutter Mane|protosynthesisspe\n|turn|6\n|\n|t:|1683832805\n|cant|p2b: Dragonite|par\n|move|p2a: Ceruledge|Shadow Sneak|p1a: Flutter Mane\n|-supereffective|p1a: Flutter Mane\n|-damage|p1a: Flutter Mane|8\/100\n|move|p1a: Flutter Mane|Shadow Ball|p2a: Ceruledge\n|-supereffective|p2a: Ceruledge\n|-damage|p2a: Ceruledge|5\/100\n|move|p1b: Gyarados|Whirlpool|p2b: Dragonite\n|-damage|p2b: Dragonite|84\/100 par\n|-activate|p2b: Dragonite|move: Whirlpool|[of] p1b: Gyarados\n|\n|-damage|p2a: Ceruledge|0 fnt|[from] move: Whirlpool|[partiallytrapped]\n|faint|p2a: Ceruledge\n|-damage|p2b: Dragonite|72\/100 par|[from] move: Whirlpool|[partiallytrapped]\n|upkeep\n|\n|t:|1683832818\n|switch|p2a: Amoonguss|Amoonguss, L50, F|100\/100\n|turn|7\n|inactive|WhatWasIC00KING has 30 seconds left.\n|\n|t:|1683832844\n|-end|p1a: Flutter Mane|Protosynthesis|[silent]\n|switch|p1a: Amoonguss|Amoonguss, L50, M, shiny|100\/100\n|move|p2b: Dragonite|Extreme Speed|p1b: Gyarados\n|-damage|p1b: Gyarados|0 fnt\n|faint|p1b: Gyarados\n|move|p2a: Amoonguss|Pollen Puff|p2b: Dragonite\n|-heal|p2b: Dragonite|100\/100 par\n|\n|-end|p2b: Dragonite|Whirlpool|[partiallytrapped]|[silent]\n|upkeep\n|\n|t:|1683832851\n|switch|p1b: Flutter Mane|Flutter Mane, L50|8\/100\n|turn|8\n|\n|t:|1683832867\n|move|p2b: Dragonite|Extreme Speed|p1a: Amoonguss\n|-damage|p1a: Amoonguss|45\/100\n|-enditem|p1a: Amoonguss|Sitrus Berry|[eat]\n|-heal|p1a: Amoonguss|70\/100|[from] item: Sitrus Berry\n|move|p1b: Flutter Mane|Dazzling Gleam|p2b: Dragonite|[spread] p2a,p2b\n|-resisted|p2a: Amoonguss\n|-damage|p2a: Amoonguss|87\/100\n|-damage|p2b: Dragonite|86\/100 par\n|move|p2a: Amoonguss|Spore|p1b: Flutter Mane\n|-status|p1b: Flutter Mane|slp|[from] move: Spore\n|move|p1a: Amoonguss|Clear Smog|p2b: Dragonite\n|-damage|p2b: Dragonite|72\/100 par\n|-clearboost|p2b: Dragonite\n|\n|-heal|p2a: Amoonguss|93\/100|[from] item: Leftovers\n|upkeep\n|turn|9\n|\n|t:|1683832884\n|move|p2b: Dragonite|Extreme Speed|p1a: Amoonguss\n|-damage|p1a: Amoonguss|32\/100\n|cant|p1b: Flutter Mane|slp\n|move|p2a: Amoonguss|Pollen Puff|p1b: Flutter Mane\n|-resisted|p1b: Flutter Mane\n|-damage|p1b: Flutter Mane|4\/100 slp\n|move|p1a: Amoonguss|Pollen Puff|p1b: Flutter Mane\n|-heal|p1b: Flutter Mane|54\/100 slp\n|\n|-heal|p2a: Amoonguss|99\/100|[from] item: Leftovers\n|upkeep\n|turn|10\n|inactive|oMetronome has 30 seconds left.\n|\n|t:|1683832914\n|switch|p2a: Orthworm|Orthworm, L50, M|31\/100 par\n|-curestatus|p1b: Flutter Mane|slp|[msg]\n|move|p1b: Flutter Mane|Calm Mind|p1b: Flutter Mane\n|-boost|p1b: Flutter Mane|spa|1\n|-boost|p1b: Flutter Mane|spd|1\n|move|p2b: Dragonite|Earthquake|p1a: Amoonguss|[spread] p1a,p1b\n|-heal|p2a: Orthworm|56\/100 par|[from] ability: Earth Eater|[of] p2b: Dragonite\n|-damage|p1a: Amoonguss|8\/100\n|-damage|p1b: Flutter Mane|10\/100\n|move|p1a: Amoonguss|Pollen Puff|p1b: Flutter Mane\n|-heal|p1b: Flutter Mane|60\/100\n|\n|upkeep\n|turn|11\n|inactive|oMetronome has 30 seconds left.\n|\n|t:|1683832942\n|move|p2b: Dragonite|Extreme Speed|p1a: Amoonguss\n|-damage|p1a: Amoonguss|0 fnt\n|faint|p1a: Amoonguss\n|move|p1b: Flutter Mane|Dazzling Gleam|p2a: Orthworm|[spread] p2a,p2b\n|-resisted|p2a: Orthworm\n|-damage|p2a: Orthworm|33\/100 par\n|-damage|p2b: Dragonite|31\/100 par\n|cant|p2a: Orthworm|par\n|\n|upkeep\n|turn|12\n|\n|t:|1683832953\n|move|p1b: Flutter Mane|Shadow Ball|p2a: Orthworm\n|-damage|p2a: Orthworm|0 fnt\n|faint|p2a: Orthworm\n|cant|p2b: Dragonite|par\n|\n|upkeep\n|\n|t:|1683832958\n|switch|p2a: Amoonguss|Amoonguss, L50, F|100\/100\n|turn|13\n|\n|t:|1683832967\n|move|p1b: Flutter Mane|Dazzling Gleam|p2b: Dragonite|[spread] p2a,p2b\n|-resisted|p2a: Amoonguss\n|-damage|p2a: Amoonguss|80\/100\n|-damage|p2b: Dragonite|0 fnt\n|faint|p2b: Dragonite\n|move|p2a: Amoonguss|Spore|p1b: Flutter Mane\n|-status|p1b: Flutter Mane|slp|[from] move: Spore\n|\n|-heal|p2a: Amoonguss|87\/100|[from] item: Leftovers\n|upkeep\n|turn|14\n|\n|t:|1683832976\n|cant|p1b: Flutter Mane|slp\n|move|p2a: Amoonguss|Pollen Puff|p1b: Flutter Mane\n|-resisted|p1b: Flutter Mane\n|-damage|p1b: Flutter Mane|57\/100 slp\n|\n|-heal|p2a: Amoonguss|93\/100|[from] item: Leftovers\n|upkeep\n|turn|15\n|\n|t:|1683832985\n|-curestatus|p1b: Flutter Mane|slp|[msg]\n|move|p1b: Flutter Mane|Shadow Ball|p2a: Amoonguss\n|-damage|p2a: Amoonguss|38\/100\n|move|p2a: Amoonguss|Pollen Puff|p1b: Flutter Mane\n|-resisted|p1b: Flutter Mane\n|-damage|p1b: Flutter Mane|54\/100\n|\n|-heal|p2a: Amoonguss|44\/100|[from] item: Leftovers\n|upkeep\n|turn|16\n|-message|oMetronome forfeited.\n|\n|win|WhatWasIC00KING\n|raw|WhatWasIC00KING's rating: 1220 → 1248<\/strong> (+28 for winning)\n|raw|oMetronome's rating: 1266 → 1238<\/strong> (-28 for losing)\n|l|\u2606oMetronome\n|c|\u2606WhatWasIC00KING|gg\n","uploadtime":1683833001,"views":18,"p1id":"whatwasic00king","p2id":"ometronome","formatid":"gen9vgc2023regulationc","rating":1238,"private":0,"password":""}