{"id":"gen9vgc2023regulationc-1863905123","p1":"yuramas","p2":"Yueku","format":"[Gen 9] VGC 2023 Regulation C","log":"|j|\u2606yuramas\n|j|\u2606Yueku\n|t:|1684091656\n|gametype|doubles\n|player|p1|yuramas|n|\n|player|p2|Yueku|1|\n|teamsize|p1|6\n|teamsize|p2|6\n|gen|9\n|tier|[Gen 9] VGC 2023 Regulation C\n|rule|Tera Type Preview: Tera Types are shown at Team Preview\n|rule|Species Clause: Limit one of each Pok\u00e9mon\n|rule|Item Clause: Limit one of each item\n|clearpoke\n|poke|p1|Torkoal, L50, M|\n|poke|p1|Indeedee-F, L50, F|\n|poke|p1|Scovillain, L50, M|\n|poke|p1|Jumpluff, L50, F|\n|poke|p1|Espathra, L50, M|\n|poke|p1|Sandy Shocks, L50|\n|poke|p2|Iron Bundle, L50|\n|poke|p2|Arcanine, L50, M|\n|poke|p2|Garganacl, L50, M|\n|poke|p2|Iron Valiant, L50|\n|poke|p2|Salamence, L50, F|\n|poke|p2|Snover, L50, M|\n|teampreview|4\n|raw|yuramas's Tera Types: \/ \/ \/ \/ \/ \n|raw|Yueku's Tera Types: \/ \/ \/ \/ \/ \nYueku rejected open team sheets.\n|c|\u2606Yueku|g3\n|j| Judah<3\n|\n|t:|1684092837\n|start\n|switch|p1a: Torkoal|Torkoal, L50, M|100\/100\n|switch|p1b: Sandy Shocks|Sandy Shocks, L50|100\/100\n|switch|p2a: Arcanine|Arcanine, L50, M|100\/100\n|switch|p2b: Salamence|Salamence, L50, F|100\/100\n|-ability|p2a: Arcanine|Intimidate|boost\n|-unboost|p1a: Torkoal|atk|1\n|-unboost|p1b: Sandy Shocks|atk|1\n|-weather|SunnyDay|[from] ability: Drought|[of] p1a: Torkoal\n|-activate|p1b: Sandy Shocks|ability: Protosynthesis\n|-start|p1b: Sandy Shocks|protosynthesisspe\n|turn|1\n|\n|t:|1684092974\n|switch|p2b: Iron Bundle|Iron Bundle, L50|100\/100\n|switch|p1a: Jumpluff|Jumpluff, L50, F|100\/100\n|move|p1b: Sandy Shocks|Thunderbolt|p2b: Iron Bundle\n|-supereffective|p2b: Iron Bundle\n|-enditem|p2b: Iron Bundle|Focus Sash\n|-damage|p2b: Iron Bundle|1\/100\n|move|p2a: Arcanine|Snarl|p1a: Jumpluff|[spread] p1a,p1b\n|-damage|p1a: Jumpluff|91\/100\n|-damage|p1b: Sandy Shocks|88\/100\n|-unboost|p1a: Jumpluff|spa|1\n|-unboost|p1b: Sandy Shocks|spa|1\n|\n|-weather|SunnyDay|[upkeep]\n|upkeep\n|turn|2\n|\n|t:|1684093026\n|move|p2b: Iron Bundle|Protect|p2b: Iron Bundle\n|-singleturn|p2b: Iron Bundle|Protect\n|move|p1b: Sandy Shocks|Thunderbolt|p2b: Iron Bundle\n|-activate|p2b: Iron Bundle|move: Protect\n|move|p1a: Jumpluff|Sleep Powder|p2a: Arcanine\n|-activate|p2a: Arcanine|item: Safety Goggles|Sleep Powder\n|move|p2a: Arcanine|Heat Wave|p1b: Sandy Shocks|[spread] p1a,p1b\n|-supereffective|p1a: Jumpluff\n|-damage|p1a: Jumpluff|18\/100\n|-damage|p1b: Sandy Shocks|39\/100\n|-enditem|p1a: Jumpluff|Aguav Berry|[eat]\n|-heal|p1a: Jumpluff|50\/100|[from] item: Aguav Berry\n|\n|-weather|SunnyDay|[upkeep]\n|upkeep\n|turn|3\n|\n|t:|1684093104\n|-end|p1b: Sandy Shocks|Protosynthesis|[silent]\n|switch|p1b: Indeedee|Indeedee-F, L50, F|100\/100\n|-fieldstart|move: Psychic Terrain|[from] ability: Psychic Surge|[of] p1b: Indeedee\n|-enditem|p1b: Indeedee|Psychic Seed\n|-boost|p1b: Indeedee|spd|1|[from] item: Psychic Seed\n|-end|p2b: Iron Bundle|Quark Drive|[silent]\n|switch|p2b: Garganacl|Garganacl, L50, M|100\/100\n|move|p1a: Jumpluff|U-turn|p2b: Garganacl\n|-damage|p2b: Garganacl|94\/100\n|\n|t:|1684093163\n|switch|p1a: Torkoal|Torkoal, L50, M|100\/100|[from] U-turn\n|move|p2a: Arcanine|Heat Wave|p1b: Indeedee|[spread] p1a,p1b\n|-resisted|p1a: Torkoal\n|-damage|p1a: Torkoal|72\/100\n|-damage|p1b: Indeedee|75\/100\n|\n|-weather|SunnyDay|[upkeep]\n|upkeep\n|turn|4\n|\n|t:|1684093252\n|move|p1a: Torkoal|Protect|p1a: Torkoal\n|-singleturn|p1a: Torkoal|Protect\n|move|p2a: Arcanine|Snarl|p1b: Indeedee|[spread] p1b\n|-activate|p1a: Torkoal|move: Protect\n|-supereffective|p1b: Indeedee\n|-damage|p1b: Indeedee|60\/100\n|-unboost|p1b: Indeedee|spa|1\n|move|p2b: Garganacl|Salt Cure|p1b: Indeedee\n|-damage|p1b: Indeedee|46\/100\n|-start|p1b: Indeedee|Salt Cure\n|move|p1b: Indeedee|Trick Room|p1b: Indeedee\n|-fieldstart|move: Trick Room|[of] p1b: Indeedee\n|\n|-weather|SunnyDay|[upkeep]\n|-damage|p1b: Indeedee|33\/100|[from] Salt Cure\n|upkeep\n|turn|5\n|\n|t:|1684093305\n|move|p2b: Garganacl|Wide Guard|p2b: Garganacl\n|-singleturn|p2b: Garganacl|Wide Guard\n|move|p1b: Indeedee|Follow Me|p1b: Indeedee\n|-singleturn|p1b: Indeedee|move: Follow Me\n|move|p1a: Torkoal|Eruption|p2b: Garganacl|[spread] \n|-activate|p2a: Arcanine|move: Wide Guard\n|-activate|p2b: Garganacl|move: Wide Guard\n|move|p2a: Arcanine|Heat Wave|p1b: Indeedee|[spread] p1a,p1b\n|-resisted|p1a: Torkoal\n|-damage|p1a: Torkoal|43\/100\n|-damage|p1b: Indeedee|8\/100\n|-enditem|p1a: Torkoal|Sitrus Berry|[eat]\n|-heal|p1a: Torkoal|68\/100|[from] item: Sitrus Berry\n|\n|-weather|none\n|-damage|p1b: Indeedee|0 fnt|[from] Salt Cure\n|faint|p1b: Indeedee\n|upkeep\n|\n|t:|1684093316\n|switch|p1b: Jumpluff|Jumpluff, L50, F|50\/100\n|turn|6\n|\n|t:|1684093359\n|-terastallize|p1b: Jumpluff|Water\n|move|p1a: Torkoal|Eruption|p2a: Arcanine|[spread] p2a,p2b\n|-resisted|p2a: Arcanine\n|-resisted|p2b: Garganacl\n|-damage|p2a: Arcanine|85\/100\n|-damage|p2b: Garganacl|82\/100\n|move|p2b: Garganacl|Salt Cure|p1b: Jumpluff\n|-damage|p1b: Jumpluff|35\/100\n|-start|p1b: Jumpluff|Salt Cure\n|move|p1b: Jumpluff|Pollen Puff|p1a: Torkoal\n|-heal|p1a: Torkoal|100\/100\n|move|p2a: Arcanine|Heat Wave|p1a: Torkoal|[spread] p1b\n|-miss|p2a: Arcanine|p1a: Torkoal\n|-resisted|p1b: Jumpluff\n|-damage|p1b: Jumpluff|24\/100\n|-status|p1b: Jumpluff|brn\n|\n|-damage|p1b: Jumpluff|18\/100 brn|[from] brn\n|-damage|p1b: Jumpluff|0 fnt|[from] Salt Cure\n|faint|p1b: Jumpluff\n|upkeep\n|\n|t:|1684093373\n|switch|p1b: Sandy Shocks|Sandy Shocks, L50|39\/100\n|turn|7\n|c|\u2606yuramas|Gg\n|\n|t:|1684093431\n|move|p1a: Torkoal|Eruption|p2a: Arcanine|[spread] p2a,p2b\n|-resisted|p2a: Arcanine\n|-resisted|p2b: Garganacl\n|-crit|p2b: Garganacl\n|-damage|p2a: Arcanine|61\/100\n|-damage|p2b: Garganacl|58\/100\n|move|p2b: Garganacl|Salt Cure|p1b: Sandy Shocks\n|-resisted|p1b: Sandy Shocks\n|-damage|p1b: Sandy Shocks|32\/100\n|-start|p1b: Sandy Shocks|Salt Cure\n|move|p2a: Arcanine|Snarl|p1b: Sandy Shocks|[spread] p1a,p1b\n|-damage|p1a: Torkoal|85\/100\n|-damage|p1b: Sandy Shocks|20\/100\n|-unboost|p1a: Torkoal|spa|1\n|-unboost|p1b: Sandy Shocks|spa|1\n|move|p1b: Sandy Shocks|Earth Power|p2a: Arcanine\n|-supereffective|p2a: Arcanine\n|-damage|p2a: Arcanine|0 fnt\n|faint|p2a: Arcanine\n|\n|-damage|p1b: Sandy Shocks|8\/100|[from] Salt Cure\n|-fieldend|move: Psychic Terrain\n|upkeep\n|\n|t:|1684093458\n|switch|p2a: Iron Bundle|Iron Bundle, L50|1\/100\n|turn|8\n|\n|t:|1684093478\n|move|p2b: Garganacl|Protect|p2b: Garganacl\n|-singleturn|p2b: Garganacl|Protect\n|move|p2a: Iron Bundle|Protect|p2a: Iron Bundle\n|-singleturn|p2a: Iron Bundle|Protect\n|move|p1a: Torkoal|Eruption|p2a: Iron Bundle|[spread] \n|-activate|p2a: Iron Bundle|move: Protect\n|-activate|p2b: Garganacl|move: Protect\n|move|p1b: Sandy Shocks|Earth Power|p2b: Garganacl\n|-activate|p2b: Garganacl|move: Protect\n|\n|-damage|p1b: Sandy Shocks|0 fnt|[from] Salt Cure\n|faint|p1b: Sandy Shocks\n|-end|p1b: Sandy Shocks|Protosynthesis|[silent]\n|-fieldend|move: Trick Room\n|upkeep\n|turn|9\n|\n|t:|1684093500\n|move|p2a: Iron Bundle|Hydro Pump|p1a: Torkoal\n|-supereffective|p1a: Torkoal\n|-damage|p1a: Torkoal|0 fnt\n|faint|p1a: Torkoal\n|\n|win|Yueku\n|c|\u2606Yueku|ggs\n|c|\u2606yuramas|gg\n|l|\u2606yuramas\n|l| Judah<3\n|l|\u2606Yueku\n|j|\u2606Yueku\n|player|p2|Yueku|1\n","uploadtime":1684093690,"views":8,"p1id":"yuramas","p2id":"yueku","formatid":"gen9vgc2023regulationc","rating":0,"private":0,"password":""}