{"id":"gen9vgc2023regulationc-1848928683","p1":"Darkress(CR)","p2":"Lexus05F","format":"[Gen 9] VGC 2023 Regulation C","log":"|j|\u2606Darkress(CR)\n|j|\u2606Lexus05F\n|t:|1682127335\n|gametype|doubles\n|player|p1|Darkress(CR)|266|\n|player|p2|Lexus05F|ghetsis-gen5bw|\n|teamsize|p1|6\n|teamsize|p2|6\n|gen|9\n|tier|[Gen 9] VGC 2023 Regulation C\n|rule|Species Clause: Limit one of each Pok\u00e9mon\n|rule|Item Clause: Limit one of each item\n|clearpoke\n|poke|p1|Ting-Lu, L50|\n|poke|p1|Scizor, L50, M|\n|poke|p1|Garganacl, L50, M|\n|poke|p1|Tauros-Paldea-Blaze, L50, M|\n|poke|p1|Appletun, L50, F|\n|poke|p1|Gyarados, L50, M|\n|poke|p2|Flutter Mane, L50|\n|poke|p2|Murkrow, L50, M|\n|poke|p2|Great Tusk, L50|\n|poke|p2|Brute Bonnet, L50|\n|poke|p2|Chi-Yu, L50|\n|poke|p2|Corviknight, L50, M|\n|teampreview|4\n|c|\u2606Darkress(CR)|g2\n|c|\u2606Lexus05F|G2\nLexus05F has agreed to open team sheets.\nDarkress(CR) has agreed to open team sheets.\n|inactive|Battle timer is ON: inactive players will automatically lose when time's up. (requested by Lexus05F)\n|inactive|Darkress(CR) has 60 seconds left.\n|\n|t:|1682127813\n|start\n|switch|p1a: Ting-Lu|Ting-Lu, L50|100\/100\n|switch|p1b: Garganacl|Garganacl, L50, M, shiny|100\/100\n|switch|p2a: Murkrow|Murkrow, L50, M, shiny|100\/100\n|switch|p2b: Brute Bonnet|Brute Bonnet, L50|100\/100\n|-ability|p1a: Ting-Lu|Vessel of Ruin\n|turn|1\n|inactive|Darkress(CR) has 30 seconds left.\n|\n|t:|1682127839\n|move|p1a: Ting-Lu|Protect|p1a: Ting-Lu\n|-singleturn|p1a: Ting-Lu|Protect\n|move|p2a: Murkrow|Sunny Day|p2a: Murkrow\n|-weather|SunnyDay\n|-activate|p2b: Brute Bonnet|ability: Protosynthesis\n|-start|p2b: Brute Bonnet|protosynthesisatk\n|move|p2b: Brute Bonnet|Bullet Seed|p1b: Garganacl\n|-supereffective|p1b: Garganacl\n|-damage|p1b: Garganacl|73\/100\n|-supereffective|p1b: Garganacl\n|-damage|p1b: Garganacl|46\/100\n|-supereffective|p1b: Garganacl\n|-damage|p1b: Garganacl|19\/100\n|-supereffective|p1b: Garganacl\n|-damage|p1b: Garganacl|0 fnt\n|faint|p1b: Garganacl\n|-hitcount|p1: Garganacl|4\n|\n|-weather|SunnyDay|[upkeep]\n|upkeep\n|\n|t:|1682127852\n|switch|p1b: Tauros|Tauros-Paldea-Blaze, L50, M|100\/100\n|-ability|p1b: Tauros|Intimidate|boost\n|-unboost|p2a: Murkrow|atk|1\n|-unboost|p2b: Brute Bonnet|atk|1\n|turn|2\n|\n|t:|1682127874\n|-end|p2b: Brute Bonnet|Protosynthesis|[silent]\n|switch|p2b: Chi-Yu|Chi-Yu, L50|100\/100\n|-ability|p2b: Chi-Yu|Beads of Ruin\n|move|p2a: Murkrow|Tailwind|p2a: Murkrow\n|-sidestart|p2: Lexus05F|move: Tailwind\n|move|p1b: Tauros|Close Combat|p2b: Chi-Yu\n|-supereffective|p2b: Chi-Yu\n|-damage|p2b: Chi-Yu|0 fnt\n|-unboost|p1b: Tauros|def|1\n|-unboost|p1b: Tauros|spd|1\n|faint|p2b: Chi-Yu\n|move|p1a: Ting-Lu|Rock Slide|p2a: Murkrow\n|-supereffective|p2a: Murkrow\n|-damage|p2a: Murkrow|60\/100\n|\n|-weather|SunnyDay|[upkeep]\n|upkeep\n|\n|t:|1682127890\n|switch|p2b: Brute Bonnet|Brute Bonnet, L50|100\/100\n|-activate|p2b: Brute Bonnet|ability: Protosynthesis\n|-start|p2b: Brute Bonnet|protosynthesisatk\n|turn|3\n|\n|t:|1682127902\n|-terastallize|p2b: Brute Bonnet|Grass\n|move|p2a: Murkrow|Foul Play|p1b: Tauros\n|-resisted|p1b: Tauros\n|-crit|p1b: Tauros\n|-damage|p1b: Tauros|48\/100\n|move|p2b: Brute Bonnet|Bullet Seed|p1a: Ting-Lu\n|-supereffective|p1a: Ting-Lu\n|-damage|p1a: Ting-Lu|72\/100\n|-supereffective|p1a: Ting-Lu\n|-damage|p1a: Ting-Lu|43\/100\n|-supereffective|p1a: Ting-Lu\n|-damage|p1a: Ting-Lu|15\/100\n|-supereffective|p1a: Ting-Lu\n|-damage|p1a: Ting-Lu|0 fnt\n|faint|p1a: Ting-Lu\n|-hitcount|p1: Ting-Lu|4\n|move|p1b: Tauros|Will-O-Wisp|p2b: Brute Bonnet|[miss]\n|-miss|p1b: Tauros|p2b: Brute Bonnet\n|\n|-weather|SunnyDay|[upkeep]\n|upkeep\n|\n|t:|1682127920\n|switch|p1a: Appletun|Appletun, L50, F|100\/100\n|turn|4\n|inactive|Darkress(CR) has 30 seconds left.\n|inactive|Darkress(CR) has 20 seconds left.\n|inactive|Darkress(CR) has 15 seconds left.\n|\n|t:|1682127965\n|-terastallize|p1a: Appletun|Grass\n|move|p2a: Murkrow|Foul Play|p1b: Tauros\n|-resisted|p1b: Tauros\n|-damage|p1b: Tauros|14\/100\n|move|p2b: Brute Bonnet|Bullet Seed|p1a: Appletun\n|-resisted|p1a: Appletun\n|-damage|p1a: Appletun|89\/100\n|-resisted|p1a: Appletun\n|-damage|p1a: Appletun|78\/100\n|-resisted|p1a: Appletun\n|-damage|p1a: Appletun|66\/100\n|-resisted|p1a: Appletun\n|-damage|p1a: Appletun|53\/100\n|-resisted|p1a: Appletun\n|-damage|p1a: Appletun|41\/100\n|-enditem|p1a: Appletun|Sitrus Berry|[eat]\n|-heal|p1a: Appletun|66\/100|[from] item: Sitrus Berry\n|-hitcount|p1a: Appletun|5\n|move|p1b: Tauros|Raging Bull|p2b: Brute Bonnet\n|-supereffective|p2b: Brute Bonnet\n|-damage|p2b: Brute Bonnet|0 fnt\n|faint|p2b: Brute Bonnet\n|-end|p2b: Brute Bonnet|Protosynthesis|[silent]\n|move|p1a: Appletun|Apple Acid|p2a: Murkrow\n|-resisted|p2a: Murkrow\n|-damage|p2a: Murkrow|36\/100\n|-unboost|p2a: Murkrow|spd|1\n|\n|-weather|SunnyDay|[upkeep]\n|upkeep\n|inactive|Lexus05F has 30 seconds left.\n|\n|t:|1682127991\n|switch|p2b: Flutter Mane|Flutter Mane, L50, shiny|100\/100\n|-activate|p2b: Flutter Mane|ability: Protosynthesis\n|-start|p2b: Flutter Mane|protosynthesisspa\n|turn|5\n|\n|t:|1682128014\n|move|p2b: Flutter Mane|Moonblast|p1a: Appletun\n|-damage|p1a: Appletun|0 fnt\n|faint|p1a: Appletun\n|move|p2a: Murkrow|Foul Play|p1b: Tauros\n|-resisted|p1b: Tauros\n|-damage|p1b: Tauros|0 fnt\n|faint|p1b: Tauros\n|\n|win|Lexus05F\n|c|\u2606Darkress(CR)|gg\n|l|\u2606Lexus05F\n|j|\u2606Lexus05F\n|player|p2|Lexus05F|ghetsis-gen5bw\n|l|\u2606Lexus05F\n|player|p2|\n","uploadtime":1682128118,"views":11,"p1id":"darkresscr","p2id":"lexus05f","formatid":"gen9vgc2023regulationc","rating":0,"private":0,"password":""}