{"id":"gen9vgc2023regulationc-1857830816","p1":"CoDameron","p2":"Haxxson","format":"[Gen 9] VGC 2023 Regulation C","log":"|j|\u2606CoDameron\n|j|\u2606Haxxson\n|t:|1683236392\n|gametype|doubles\n|player|p1|CoDameron|2|\n|player|p2|Haxxson|marshal|\n|teamsize|p1|6\n|teamsize|p2|6\n|gen|9\n|tier|[Gen 9] VGC 2023 Regulation C\n|rule|Species Clause: Limit one of each Pok\u00e9mon\n|rule|Item Clause: Limit one of each item\n|clearpoke\n|poke|p1|Iron Moth, L50|\n|poke|p1|Gothorita, L50, F|\n|poke|p1|Greedent, L50, F|\n|poke|p1|Bellibolt, L50, F|\n|poke|p1|Scizor, L50, M|\n|poke|p1|Salamence, L50, M|\n|poke|p2|Jumpluff, L50, F|\n|poke|p2|Sliggoo, L50, F|\n|poke|p2|Volcarona, L50, M|\n|poke|p2|Cryogonal, L50|\n|poke|p2|Annihilape, L50, M|\n|poke|p2|Krookodile, L50, F|\n|teampreview|4\n|inactive|Battle timer is ON: inactive players will automatically lose when time's up. (requested by Haxxson)\nHaxxson rejected open team sheets.\n|inactiveoff|Battle timer is now OFF.\n|c|\u2606CoDameron|no timer\n|c|\u2606CoDameron|g1\n|c|\u2606CoDameron|ready? GL\n|c|\u2606Haxxson|glhf\n|\n|t:|1683236596\n|start\n|switch|p1a: Battery Acid|Iron Moth, L50|100\/100\n|switch|p1b: The Truth|Gothorita, L50, F|100\/100\n|switch|p2a: Queen Amidala|Jumpluff, L50, F, shiny|100\/100\n|switch|p2b: Nightmother|Annihilape, L50, M, shiny|100\/100\n|turn|1\n|\n|t:|1683236694\n|-terastallize|p1a: Battery Acid|Fairy\n|move|p1b: The Truth|Helping Hand|p1a: Battery Acid\n|-singleturn|p1a: Battery Acid|Helping Hand|[of] p1b: The Truth\n|move|p1a: Battery Acid|Dazzling Gleam|p2a: Queen Amidala|[spread] p2a,p2b\n|-supereffective|p2b: Nightmother\n|-damage|p2a: Queen Amidala|46\/100\n|-damage|p2b: Nightmother|6\/100\n|move|p2a: Queen Amidala|Sleep Powder|p1a: Battery Acid\n|-status|p1a: Battery Acid|slp|[from] move: Sleep Powder\n|move|p2b: Nightmother|Shadow Claw|p1b: The Truth\n|-supereffective|p1b: The Truth\n|-damage|p1b: The Truth|54\/100\n|\n|upkeep\n|turn|2\n|\n|t:|1683236757\n|switch|p1b: Old Fashioned|Salamence, L50, M|100\/100\n|-ability|p1b: Old Fashioned|Intimidate|boost\n|-unboost|p2a: Queen Amidala|atk|1\n|-unboost|p2b: Nightmother|atk|1\n|-ability|p2b: Nightmother|Defiant|boost\n|-boost|p2b: Nightmother|atk|2\n|-enditem|p1b: Old Fashioned|Mirror Herb\n|-boost|p1b: Old Fashioned|atk|2|[from] item: Mirror Herb\n|cant|p1a: Battery Acid|slp\n|move|p2a: Queen Amidala|Pollen Puff|p1b: Old Fashioned\n|-resisted|p1b: Old Fashioned\n|-damage|p1b: Old Fashioned|92\/100\n|move|p2b: Nightmother|Shadow Claw|p1b: Old Fashioned\n|-damage|p1b: Old Fashioned|25\/100\n|\n|upkeep\n|turn|3\n|\n|t:|1683236834\n|switch|p2a: General Organa|Cryogonal, L50, shiny|100\/100\n|cant|p1a: Battery Acid|slp\n|move|p2b: Nightmother|Shadow Claw|p1b: Old Fashioned\n|-damage|p1b: Old Fashioned|0 fnt\n|faint|p1b: Old Fashioned\n|\n|upkeep\n|\n|t:|1683236843\n|switch|p1b: Pow Pow|Scizor, L50, M|100\/100\n|turn|4\n|\n|t:|1683236867\n|switch|p2a: Chief Chirpa|Volcarona, L50, M, shiny|100\/100\n|switch|p2b: Queen Amidala|Jumpluff, L50, F, shiny|46\/100\n|move|p1b: Pow Pow|Bullet Punch|p2a: Chief Chirpa\n|-resisted|p2a: Chief Chirpa\n|-damage|p2a: Chief Chirpa|73\/100\n|cant|p1a: Battery Acid|slp\n|\n|upkeep\n|turn|5\n|\n|t:|1683236910\n|switch|p1b: The Truth|Gothorita, L50, F|54\/100\n|move|p2b: Queen Amidala|Pollen Puff|p2a: Chief Chirpa\n|-heal|p2a: Chief Chirpa|100\/100\n|-curestatus|p1a: Battery Acid|slp|[msg]\n|move|p1a: Battery Acid|Heat Wave|p2b: Queen Amidala|[spread] p2a,p2b\n|-supereffective|p2b: Queen Amidala\n|-damage|p2a: Chief Chirpa|61\/100\n|-damage|p2b: Queen Amidala|0 fnt\n|faint|p2b: Queen Amidala\n|move|p2a: Chief Chirpa|Quiver Dance|p2a: Chief Chirpa\n|-boost|p2a: Chief Chirpa|spa|1\n|-boost|p2a: Chief Chirpa|spd|1\n|-boost|p2a: Chief Chirpa|spe|1\n|\n|upkeep\n|\n|t:|1683236931\n|switch|p2b: General Organa|Cryogonal, L50, shiny|100\/100\n|turn|6\n|\n|t:|1683236971\n|move|p1b: The Truth|Fake Out|p2a: Chief Chirpa\n|-damage|p2a: Chief Chirpa|54\/100\n|move|p2a: Chief Chirpa|Fiery Dance|p1a: Battery Acid\n|-damage|p1a: Battery Acid|33\/100\n|-boost|p2a: Chief Chirpa|spa|1\n|move|p1a: Battery Acid|Heat Wave|p2a: Chief Chirpa|[spread] p2a,p2b\n|-supereffective|p2b: General Organa\n|-damage|p2a: Chief Chirpa|24\/100\n|-damage|p2b: General Organa|30\/100\n|move|p2b: General Organa|Frost Breath|p1a: Battery Acid|[miss]\n|-miss|p2b: General Organa|p1a: Battery Acid\n|\n|upkeep\n|turn|7\n|\n|t:|1683237011\n|move|p1a: Battery Acid|Protect|p1a: Battery Acid\n|-singleturn|p1a: Battery Acid|Protect\n|move|p2b: General Organa|Protect|p2b: General Organa\n|-singleturn|p2b: General Organa|Protect\n|move|p2a: Chief Chirpa|Fiery Dance|p1a: Battery Acid\n|-activate|p1a: Battery Acid|move: Protect\n|move|p1b: The Truth|Trick Room|p1b: The Truth\n|-fieldstart|move: Trick Room|[of] p1b: The Truth\n|\n|upkeep\n|turn|8\n|\n|t:|1683237042\n|move|p1b: The Truth|Helping Hand|p1a: Battery Acid\n|-singleturn|p1a: Battery Acid|Helping Hand|[of] p1b: The Truth\n|move|p2a: Chief Chirpa|Protect|p2a: Chief Chirpa\n|-singleturn|p2a: Chief Chirpa|Protect\n|move|p2b: General Organa|Frost Breath|p1a: Battery Acid\n|-crit|p1a: Battery Acid\n|-damage|p1a: Battery Acid|0 fnt\n|faint|p1a: Battery Acid\n|-end|p1a: Battery Acid|Quark Drive|[silent]\n|\n|upkeep\n|\n|t:|1683237050\n|switch|p1a: Pow Pow|Scizor, L50, M|100\/100\n|turn|9\n|\n|t:|1683237132\n|move|p1b: The Truth|Reflect|p1b: The Truth\n|-sidestart|p1: CoDameron|Reflect\n|move|p1a: Pow Pow|Aerial Ace|p2a: Chief Chirpa\n|-supereffective|p2a: Chief Chirpa\n|-damage|p2a: Chief Chirpa|0 fnt\n|-status|p1a: Pow Pow|brn|[from] ability: Flame Body|[of] p2a: Chief Chirpa\n|faint|p2a: Chief Chirpa\n|move|p2b: General Organa|Frost Breath|p1b: The Truth\n|-crit|p1b: The Truth\n|-damage|p1b: The Truth|23\/100\n|\n|-damage|p1a: Pow Pow|95\/100 brn|[from] brn\n|upkeep\n|\n|t:|1683237144\n|switch|p2a: Nightmother|Annihilape, L50, M, shiny|6\/100\n|turn|10\n|\n|t:|1683237201\n|-terastallize|p2b: General Organa|Ice\n|move|p1b: The Truth|Helping Hand|p1a: Pow Pow\n|-singleturn|p1a: Pow Pow|Helping Hand|[of] p1b: The Truth\n|move|p1a: Pow Pow|Bullet Punch|p2b: General Organa\n|-supereffective|p2b: General Organa\n|-damage|p2b: General Organa|0 fnt\n|faint|p2b: General Organa\n|move|p2a: Nightmother|Fire Punch|p1a: Pow Pow\n|-supereffective|p1a: Pow Pow\n|-damage|p1a: Pow Pow|21\/100 brn\n|\n|-damage|p1a: Pow Pow|15\/100 brn|[from] brn\n|upkeep\n|turn|11\n|\n|t:|1683237217\n|move|p1b: The Truth|Helping Hand|p1a: Pow Pow\n|-singleturn|p1a: Pow Pow|Helping Hand|[of] p1b: The Truth\n|move|p1a: Pow Pow|Bullet Punch|p2a: Nightmother\n|-damage|p2a: Nightmother|0 fnt\n|faint|p2a: Nightmother\n|\n|win|CoDameron\n|c|\u2606Haxxson|GG1\n|c|\u2606CoDameron|wow gg1\n","uploadtime":1683237243,"views":34,"p1id":"codameron","p2id":"haxxson","formatid":"gen9vgc2023regulationc","rating":0,"private":0,"password":""}