{"id":"gen9vgc2023regulationc-1854910664","p1":"AzaleaAkari","p2":"gamerdudehs","format":"[Gen 9] VGC 2023 Regulation C","log":"|j|\u2606AzaleaAkari\n|j|\u2606gamerdudehs\n|t:|1682879827\n|gametype|doubles\n|player|p1|AzaleaAkari|170|\n|player|p2|gamerdudehs|102|\n|teamsize|p1|6\n|teamsize|p2|6\n|gen|9\n|tier|[Gen 9] VGC 2023 Regulation C\n|rule|Species Clause: Limit one of each Pok\u00e9mon\n|rule|Item Clause: Limit one of each item\n|clearpoke\n|poke|p1|Dondozo, L50, M|\n|poke|p1|Tatsugiri, L50, M|\n|poke|p1|Pelipper, L50, F|\n|poke|p1|Drednaw, L50, F|\n|poke|p1|Dragonite, L50, M|\n|poke|p1|Chien-Pao, L50|\n|poke|p2|Iron Jugulis, L50|\n|poke|p2|Great Tusk, L50|\n|poke|p2|Iron Bundle, L50|\n|poke|p2|Iron Hands, L50|\n|poke|p2|Gholdengo, L50|\n|poke|p2|Gothitelle, L50, M|\n|teampreview|4\nAzaleaAkari has agreed to open team sheets.\n|inactive|Battle timer is ON: inactive players will automatically lose when time's up. (requested by gamerdudehs)\n|inactive|AzaleaAkari has 60 seconds left.\n|\n|t:|1682879913\n|start\n|switch|p1a: Pelipper|Pelipper, L50, F|100\/100\n|switch|p1b: Dondozo|Dondozo, L50, M|100\/100\n|switch|p2a: Iron Hands|Iron Hands, L50|100\/100\n|switch|p2b: Iron Bundle|Iron Bundle, L50|100\/100\n|-weather|RainDance|[from] ability: Drizzle|[of] p1a: Pelipper\n|turn|1\n|c|\u2606AzaleaAkari|open sheet accepted?\n|inactive|AzaleaAkari has 30 seconds left.\n|inactive|gamerdudehs has 30 seconds left.\n|inactive|AzaleaAkari has 20 seconds left.\n|inactive|gamerdudehs has 20 seconds left.\n|c|\u2606gamerdudehs|how\n|inactive|gamerdudehs has 15 seconds left.\n|inactive|gamerdudehs has 10 seconds left.\n|\n|t:|1682879961\n|move|p1b: Dondozo|Protect|p1b: Dondozo\n|-singleturn|p1b: Dondozo|Protect\n|move|p2a: Iron Hands|Fake Out|p1a: Pelipper\n|-damage|p1a: Pelipper|83\/100\n|move|p2b: Iron Bundle|Freeze-Dry|p1a: Pelipper\n|-supereffective|p1a: Pelipper\n|-damage|p1a: Pelipper|0 fnt\n|faint|p1a: Pelipper\n|\n|-weather|RainDance|[upkeep]\n|upkeep\n|c|\u2606gamerdudehs|isnt there a setting in the challenge or something\\\n|inactive|AzaleaAkari has 30 seconds left.\n|c|\u2606AzaleaAkari|when the battle starts there is a prompt for open team sheets\n|c|\u2606AzaleaAkari|in the chat\n|c|\u2606gamerdudehs|usually jammies does VGC x_X\n|inactive|AzaleaAkari has 20 seconds left.\n|inactive|AzaleaAkari has 15 seconds left.\n|inactiveoff|Battle timer is now OFF.\n|c|\u2606gamerdudehs|is it too late now ?\n|c|\u2606AzaleaAkari|no\n|c|\u2606gamerdudehs|I dont see an option to accept open team sheets\n|c|\u2606AzaleaAkari|it's all good\n|\n|t:|1682880043\n|switch|p1a: Drednaw|Drednaw, L50, F|100\/100\n|turn|2\n|c|\u2606gamerdudehs|I wasnt given a prompt or anything\n|\n|t:|1682880087\n|move|p1a: Drednaw|Rock Slide|p2a: Iron Hands|[spread] p2b\n|-miss|p1a: Drednaw|p2a: Iron Hands\n|-supereffective|p2b: Iron Bundle\n|-enditem|p2b: Iron Bundle|Focus Sash\n|-damage|p2b: Iron Bundle|1\/100\n|move|p2b: Iron Bundle|Icy Wind|p1a: Drednaw|[spread] p1a,p1b\n|-resisted|p1a: Drednaw\n|-resisted|p1b: Dondozo\n|-damage|p1a: Drednaw|86\/100\n|-damage|p1b: Dondozo|88\/100\n|-unboost|p1a: Drednaw|spe|1\n|-unboost|p1b: Dondozo|spe|1\n|move|p2a: Iron Hands|Close Combat|p1a: Drednaw\n|-supereffective|p1a: Drednaw\n|-damage|p1a: Drednaw|0 fnt\n|-unboost|p2a: Iron Hands|def|1\n|-unboost|p2a: Iron Hands|spd|1\n|faint|p1a: Drednaw\n|move|p1b: Dondozo|Wave Crash|p2a: Iron Hands\n|-damage|p2a: Iron Hands|47\/100\n|-damage|p1b: Dondozo|69\/100|[from] Recoil\n|-damage|p1b: Dondozo|59\/100|[from] item: Life Orb\n|\n|-weather|RainDance|[upkeep]\n|upkeep\n|\n|t:|1682880107\n|switch|p1a: Tatsugiri|Tatsugiri, L50, M|100\/100\n|-activate|p1a: Tatsugiri|ability: Commander|[of] p1b: Dondozo\n|-boost|p1b: Dondozo|atk|2\n|-boost|p1b: Dondozo|spa|2\n|-boost|p1b: Dondozo|spe|2\n|-boost|p1b: Dondozo|def|2\n|-boost|p1b: Dondozo|spd|2\n|turn|3\n|\n|t:|1682880145\n|-end|p2a: Iron Hands|Quark Drive|[silent]\n|switch|p2a: Gothitelle|Gothitelle, L50, M|100\/100\n|-terastallize|p1b: Dondozo|Water\n|move|p2b: Iron Bundle|Protect|p2b: Iron Bundle\n|-singleturn|p2b: Iron Bundle|Protect\n|move|p1b: Dondozo|Surf|p2b: Iron Bundle|[spread] p2a\n|-miss|p1b: Dondozo|p1a: Tatsugiri\n|-activate|p2b: Iron Bundle|move: Protect\n|-damage|p2a: Gothitelle|18\/100\n|-damage|p1b: Dondozo|50\/100|[from] item: Life Orb\n|\n|-weather|RainDance|[upkeep]\n|-heal|p2a: Gothitelle|24\/100|[from] item: Leftovers\n|upkeep\n|turn|4\n|\n|t:|1682880169\n|-end|p2b: Iron Bundle|Quark Drive|[silent]\n|switch|p2b: Gholdengo|Gholdengo, L50|100\/100\n|move|p1b: Dondozo|Surf|p2b: Gholdengo|[spread] p2a,p2b\n|-miss|p1b: Dondozo|p1a: Tatsugiri\n|-damage|p2a: Gothitelle|0 fnt\n|-damage|p2b: Gholdengo|0 fnt\n|faint|p2a: Gothitelle\n|faint|p2b: Gholdengo\n|-damage|p1b: Dondozo|40\/100|[from] item: Life Orb\n|\n|-weather|RainDance|[upkeep]\n|upkeep\n|\n|t:|1682880178\n|switch|p2b: Iron Bundle|Iron Bundle, L50|1\/100\n|switch|p2a: Iron Hands|Iron Hands, L50|47\/100\n|turn|5\n|\n|t:|1682880185\n|move|p2a: Iron Hands|Fake Out|p1b: Dondozo\n|-damage|p1b: Dondozo|34\/100\n|move|p2b: Iron Bundle|Freeze-Dry|p1b: Dondozo\n|-supereffective|p1b: Dondozo\n|-damage|p1b: Dondozo|0 fnt\n|faint|p1b: Dondozo\n|\n|-weather|RainDance|[upkeep]\n|upkeep\n|turn|6\n|\n|t:|1682880202\n|move|p1a: Tatsugiri|Muddy Water|p2a: Iron Hands|[spread] p2b\n|-miss|p1a: Tatsugiri|p2a: Iron Hands\n|-resisted|p2b: Iron Bundle\n|-damage|p2b: Iron Bundle|0 fnt\n|faint|p2b: Iron Bundle\n|-end|p2b: Iron Bundle|Quark Drive|[silent]\n|move|p2a: Iron Hands|Wild Charge|p1a: Tatsugiri\n|-damage|p1a: Tatsugiri|9\/100\n|-damage|p2a: Iron Hands|33\/100|[from] Recoil\n|\n|-weather|RainDance|[upkeep]\n|upkeep\n|turn|7\n|\n|t:|1682880216\n|-terastallize|p2a: Iron Hands|Grass\n|move|p1a: Tatsugiri|Muddy Water|p2a: Iron Hands\n|-resisted|p2a: Iron Hands\n|-damage|p2a: Iron Hands|17\/100\n|move|p2a: Iron Hands|Drain Punch|p1a: Tatsugiri\n|-damage|p1a: Tatsugiri|0 fnt\n|-heal|p2a: Iron Hands|19\/100|[from] drain|[of] p1a: Tatsugiri\n|faint|p1a: Tatsugiri\n|\n|win|gamerdudehs\n|l|\u2606gamerdudehs\n|j|\u2606gamerdudehs\n|player|p2|gamerdudehs|102\n","uploadtime":1682880236,"views":7,"p1id":"azaleaakari","p2id":"gamerdudehs","formatid":"gen9vgc2023regulationc","rating":0,"private":0,"password":""}