{"id":"gen9vgc2023regulationc-1852182089","p1":"cyborgdyl","p2":"zubitop","format":"[Gen 9] VGC 2023 Regulation C","log":"|j|\u2606cyborgdyl\n|j|\u2606zubitop\n|t:|1682530897\n|gametype|doubles\n|player|p1|cyborgdyl|2|1376\n|player|p2|zubitop|palmer|1279\n|teamsize|p1|6\n|teamsize|p2|6\n|gen|9\n|tier|[Gen 9] VGC 2023 Regulation C\n|rated|\n|rule|Species Clause: Limit one of each Pok\u00e9mon\n|rule|Item Clause: Limit one of each item\n|clearpoke\n|poke|p1|Amoonguss, L50, F|\n|poke|p1|Gholdengo, L50|\n|poke|p1|Baxcalibur, L50, F|\n|poke|p1|Chien-Pao, L50|\n|poke|p1|Tatsugiri, L50, F|\n|poke|p1|Dondozo, L50, F|\n|poke|p2|Sylveon, L50, F|\n|poke|p2|Grimmsnarl, L50, M|\n|poke|p2|Maushold-Four, L50|\n|poke|p2|Salamence, L50, F|\n|poke|p2|Skeledirge, L50, F|\n|poke|p2|Annihilape, L50, F|\n|teampreview|4\n|\n|t:|1682530930\n|start\n|switch|p1a: Gholdengo|Gholdengo, L50|100\/100\n|switch|p1b: Amoonguss|Amoonguss, L50, F|100\/100\n|switch|p2a: Grimmsnarl|Grimmsnarl, L50, M|100\/100\n|switch|p2b: Annihilape|Annihilape, L50, F|100\/100\n|turn|1\n|inactive|Battle timer is ON: inactive players will automatically lose when time's up. (requested by cyborgdyl)\n|\n|t:|1682530950\n|-terastallize|p1a: Gholdengo|Steel\n|move|p2a: Grimmsnarl|Light Screen|p2a: Grimmsnarl\n|-sidestart|p2: zubitop|move: Light Screen\n|move|p2b: Annihilape|Bulk Up|p2b: Annihilape\n|-boost|p2b: Annihilape|atk|1\n|-boost|p2b: Annihilape|def|1\n|move|p1a: Gholdengo|Make It Rain|p2a: Grimmsnarl|[spread] p2a,p2b\n|-supereffective|p2a: Grimmsnarl\n|-damage|p2a: Grimmsnarl|0 fnt\n|-damage|p2b: Annihilape|40\/100\n|-unboost|p1a: Gholdengo|spa|1\n|-enditem|p2b: Annihilape|Sitrus Berry|[eat]\n|-heal|p2b: Annihilape|65\/100|[from] item: Sitrus Berry\n|faint|p2a: Grimmsnarl\n|move|p1b: Amoonguss|Pollen Puff|p1a: Gholdengo\n|-immune|p1a: Gholdengo\n|\n|upkeep\n|\n|t:|1682530971\n|switch|p2a: Maushold|Maushold-Four, L50|100\/100\n|turn|2\n|\n|t:|1682530980\n|-terastallize|p2b: Annihilape|Fire\n|move|p2a: Maushold|Population Bomb|p1b: Amoonguss\n|-damage|p1b: Amoonguss|94\/100\n|-damage|p1b: Amoonguss|88\/100\n|-crit|p1b: Amoonguss\n|-damage|p1b: Amoonguss|78\/100\n|-damage|p1b: Amoonguss|72\/100\n|-damage|p1b: Amoonguss|65\/100\n|-damage|p1b: Amoonguss|58\/100\n|-damage|p1b: Amoonguss|50\/100\n|-damage|p1b: Amoonguss|44\/100\n|-damage|p1b: Amoonguss|37\/100\n|-crit|p1b: Amoonguss\n|-damage|p1b: Amoonguss|27\/100\n|-hitcount|p1b: Amoonguss|10\n|move|p2b: Annihilape|Drain Punch|p1a: Gholdengo\n|-supereffective|p1a: Gholdengo\n|-damage|p1a: Gholdengo|0 fnt\n|-heal|p2b: Annihilape|100\/100|[from] drain|[of] p1a: Gholdengo\n|faint|p1a: Gholdengo\n|move|p1b: Amoonguss|Pollen Puff|p2b: Annihilape\n|-resisted|p2b: Annihilape\n|-damage|p2b: Annihilape|96\/100\n|\n|upkeep\n|\n|t:|1682531004\n|switch|p1a: Dondozo|Dondozo, L50, F|100\/100\n|turn|3\n|inactive|zubitop has 30 seconds left.\n|\n|t:|1682531031\n|switch|p1b: Tatsugiri|Tatsugiri, L50, F|100\/100\n|-activate|p1b: Tatsugiri|ability: Commander|[of] p1a: Dondozo\n|-boost|p1a: Dondozo|atk|2\n|-boost|p1a: Dondozo|spa|2\n|-boost|p1a: Dondozo|spe|2\n|-boost|p1a: Dondozo|def|2\n|-boost|p1a: Dondozo|spd|2\n|move|p2a: Maushold|Population Bomb|p1b: Tatsugiri|[miss]\n|-miss|p2a: Maushold|p1b: Tatsugiri\n|move|p2b: Annihilape|Rage Fist|p1a: Dondozo\n|-damage|p1a: Dondozo|76\/100\n|move|p1a: Dondozo|Wave Crash|p2b: Annihilape\n|-supereffective|p2b: Annihilape\n|-crit|p2b: Annihilape\n|-damage|p2b: Annihilape|0 fnt\n|faint|p2b: Annihilape\n|-damage|p1a: Dondozo|46\/100|[from] Recoil\n|\n|-heal|p1a: Dondozo|52\/100|[from] item: Leftovers\n|upkeep\n|\n|t:|1682531052\n|switch|p2b: Salamence|Salamence, L50, F|100\/100\n|-ability|p2b: Salamence|Intimidate|boost\n|-unboost|p1a: Dondozo|atk|1\n|-unboost|p1b: Tatsugiri|atk|1\n|turn|4\n|\n|t:|1682531061\n|move|p2a: Maushold|Population Bomb|p1a: Dondozo\n|-damage|p1a: Dondozo|50\/100\n|-damage|p1a: Dondozo|47\/100\n|-damage|p1a: Dondozo|45\/100\n|-damage|p1a: Dondozo|42\/100\n|-damage|p1a: Dondozo|39\/100\n|-damage|p1a: Dondozo|37\/100\n|-damage|p1a: Dondozo|34\/100\n|-damage|p1a: Dondozo|32\/100\n|-damage|p1a: Dondozo|29\/100\n|-damage|p1a: Dondozo|27\/100\n|-hitcount|p1a: Dondozo|10\n|move|p2b: Salamence|Draco Meteor|p1a: Dondozo\n|-damage|p1a: Dondozo|0 fnt\n|-unboost|p2b: Salamence|spa|2\n|faint|p1a: Dondozo\n|-damage|p2b: Salamence|90\/100|[from] item: Life Orb\n|\n|upkeep\n|\n|t:|1682531080\n|switch|p1a: Amoonguss|Amoonguss, L50, F|60\/100\n|turn|5\n|\n|t:|1682531091\n|move|p2a: Maushold|Population Bomb|p1a: Amoonguss\n|-damage|p1a: Amoonguss|53\/100\n|-damage|p1a: Amoonguss|46\/100\n|-damage|p1a: Amoonguss|40\/100\n|-damage|p1a: Amoonguss|34\/100\n|-damage|p1a: Amoonguss|27\/100\n|-damage|p1a: Amoonguss|20\/100\n|-damage|p1a: Amoonguss|13\/100\n|-damage|p1a: Amoonguss|7\/100\n|-damage|p1a: Amoonguss|0 fnt\n|faint|p1a: Amoonguss\n|-hitcount|p1: Amoonguss|9\n|move|p2b: Salamence|Draco Meteor|p1b: Tatsugiri\n|-supereffective|p1b: Tatsugiri\n|-damage|p1b: Tatsugiri|21\/100\n|-unboost|p2b: Salamence|spa|2\n|-damage|p2b: Salamence|80\/100|[from] item: Life Orb\n|move|p1b: Tatsugiri|Dragon Pulse|p2b: Salamence\n|-supereffective|p2b: Salamence\n|-damage|p2b: Salamence|35\/100\n|\n|upkeep\n|turn|6\n|inactive|zubitop has 30 seconds left.\n|\n|t:|1682531117\n|move|p1b: Tatsugiri|Endure|p1b: Tatsugiri\n|-singleturn|p1b: Tatsugiri|move: Endure\n|move|p2a: Maushold|Population Bomb|p1b: Tatsugiri\n|-damage|p1b: Tatsugiri|13\/100\n|-damage|p2a: Maushold|84\/100|[from] item: Rocky Helmet|[of] p1b: Tatsugiri\n|-damage|p1b: Tatsugiri|5\/100\n|-damage|p2a: Maushold|68\/100|[from] item: Rocky Helmet|[of] p1b: Tatsugiri\n|-activate|p1b: Tatsugiri|move: Endure\n|-damage|p1b: Tatsugiri|1\/100\n|-damage|p2a: Maushold|52\/100|[from] item: Rocky Helmet|[of] p1b: Tatsugiri\n|-activate|p1b: Tatsugiri|move: Endure\n|-damage|p1b: Tatsugiri|1\/100\n|-damage|p2a: Maushold|36\/100|[from] item: Rocky Helmet|[of] p1b: Tatsugiri\n|-activate|p1b: Tatsugiri|move: Endure\n|-damage|p1b: Tatsugiri|1\/100\n|-damage|p2a: Maushold|20\/100|[from] item: Rocky Helmet|[of] p1b: Tatsugiri\n|-activate|p1b: Tatsugiri|move: Endure\n|-damage|p1b: Tatsugiri|1\/100\n|-damage|p2a: Maushold|4\/100|[from] item: Rocky Helmet|[of] p1b: Tatsugiri\n|-activate|p1b: Tatsugiri|move: Endure\n|-damage|p1b: Tatsugiri|1\/100\n|-damage|p2a: Maushold|0 fnt|[from] item: Rocky Helmet|[of] p1b: Tatsugiri\n|faint|p2a: Maushold\n|-hitcount|p1b: Tatsugiri|7\n|move|p2b: Salamence|Draco Meteor|p1b: Tatsugiri\n|-supereffective|p1b: Tatsugiri\n|-crit|p1b: Tatsugiri\n|-activate|p1b: Tatsugiri|move: Endure\n|-damage|p1b: Tatsugiri|1\/100\n|-unboost|p2b: Salamence|spa|2\n|-damage|p2b: Salamence|25\/100|[from] item: Life Orb\n|\n|upkeep\n|turn|7\n|inactive|cyborgdyl has 30 seconds left.\n|inactive|zubitop has 30 seconds left.\n|\n|t:|1682531152\n|move|p2b: Salamence|Draco Meteor|p1b: Tatsugiri|[miss]\n|-miss|p2b: Salamence|p1b: Tatsugiri\n|move|p1b: Tatsugiri|Dragon Pulse|p2b: Salamence\n|-supereffective|p2b: Salamence\n|-damage|p2b: Salamence|0 fnt\n|faint|p2b: Salamence\n|\n|win|cyborgdyl\n|raw|cyborgdyl's rating: 1376 → 1391<\/strong> (+15 for winning)\n|raw|zubitop's rating: 1279 → 1261<\/strong> (-18 for losing)\n|c|\u2606zubitop|wp\n","uploadtime":1682531261,"views":14,"p1id":"cyborgdyl","p2id":"zubitop","formatid":"gen9vgc2023regulationc","rating":1261,"private":0,"password":""}