{"id":"gen9vgc2023regulationc-1845379930","p1":"Crystal RRR","p2":"Mirimu","format":"[Gen 9] VGC 2023 Regulation C","log":"|j|\u2606Crystal RRR\n|j|\u2606Mirimu\n|t:|1681724805\n|gametype|doubles\n|player|p1|Crystal RRR|2|1469\n|player|p2|Mirimu|170|1436\n|teamsize|p1|6\n|teamsize|p2|6\n|gen|9\n|tier|[Gen 9] VGC 2023 Regulation C\n|rated|\n|rule|Species Clause: Limit one of each Pok\u00e9mon\n|rule|Item Clause: Limit one of each item\n|clearpoke\n|poke|p1|Dondozo, L50, F|\n|poke|p1|Tatsugiri, L50, M|\n|poke|p1|Glimmora, L50, F|\n|poke|p1|Dragonite, L50, F|\n|poke|p1|Abomasnow, L50, M|\n|poke|p1|Iron Bundle, L50|\n|poke|p2|Dragonite, L50, M|\n|poke|p2|Gholdengo, L50|\n|poke|p2|Murkrow, L50, M|\n|poke|p2|Dondozo, L50, M|\n|poke|p2|Iron Bundle, L50|\n|poke|p2|Tatsugiri, L50, F|\n|teampreview|4\n|inactive|Battle timer is ON: inactive players will automatically lose when time's up. (requested by Mirimu)\n|\n|t:|1681724857\n|start\n|switch|p1a: Abomasnow|Abomasnow, L50, M|100\/100\n|switch|p1b: Iron Bundle|Iron Bundle, L50|100\/100\n|switch|p2a: Iron Bundle|Iron Bundle, L50|100\/100\n|switch|p2b: Gholdengo|Gholdengo, L50|100\/100\n|-weather|Snow|[from] ability: Snow Warning|[of] p1a: Abomasnow\n|-enditem|p1b: Iron Bundle|Booster Energy\n|-activate|p1b: Iron Bundle|ability: Quark Drive|[fromitem]\n|-start|p1b: Iron Bundle|quarkdrivespe\n|turn|1\n|\n|t:|1681724873\n|-terastallize|p1a: Abomasnow|Water\n|move|p1b: Iron Bundle|Protect|p1b: Iron Bundle\n|-singleturn|p1b: Iron Bundle|Protect\n|move|p2a: Iron Bundle|Icy Wind|p1b: Iron Bundle|[spread] \n|-activate|p1b: Iron Bundle|move: Protect\n|-miss|p2a: Iron Bundle|p1a: Abomasnow\n|move|p2b: Gholdengo|Make It Rain|p1a: Abomasnow|[spread] p1a\n|-activate|p1b: Iron Bundle|move: Protect\n|-resisted|p1a: Abomasnow\n|-crit|p1a: Abomasnow\n|-damage|p1a: Abomasnow|42\/100\n|-unboost|p2b: Gholdengo|spa|1\n|move|p1a: Abomasnow|Aurora Veil|p1a: Abomasnow\n|-sidestart|p1: Crystal RRR|move: Aurora Veil\n|\n|-weather|Snow|[upkeep]\n|upkeep\n|turn|2\n|inactive|Mirimu has 30 seconds left.\n|\n|t:|1681724899\n|move|p1b: Iron Bundle|Blizzard|p2b: Gholdengo|[spread] p2a,p2b\n|-resisted|p2a: Iron Bundle\n|-resisted|p2b: Gholdengo\n|-damage|p2a: Iron Bundle|87\/100\n|-damage|p2b: Gholdengo|75\/100\n|-status|p2b: Gholdengo|frz\n|move|p2a: Iron Bundle|Freeze-Dry|p1a: Abomasnow\n|-supereffective|p1a: Abomasnow\n|-damage|p1a: Abomasnow|0 fnt\n|faint|p1a: Abomasnow\n|cant|p2b: Gholdengo|frz\n|\n|-weather|Snow|[upkeep]\n|upkeep\n|\n|t:|1681724913\n|switch|p1a: Tatsugiri|Tatsugiri, L50, M|100\/100\n|turn|3\n|\n|t:|1681724928\n|move|p1b: Iron Bundle|Freeze-Dry|p2a: Iron Bundle\n|-damage|p2a: Iron Bundle|38\/100\n|move|p1a: Tatsugiri|Draco Meteor|p2a: Iron Bundle\n|-damage|p2a: Iron Bundle|0 fnt\n|-unboost|p1a: Tatsugiri|spa|2\n|faint|p2a: Iron Bundle\n|-end|p2a: Iron Bundle|Quark Drive|[silent]\n|cant|p2b: Gholdengo|frz\n|\n|-weather|Snow|[upkeep]\n|upkeep\n|\n|t:|1681724937\n|switch|p2a: Dondozo|Dondozo, L50, M|100\/100\n|turn|4\n|\n|t:|1681724951\n|move|p1b: Iron Bundle|Protect|p1b: Iron Bundle\n|-singleturn|p1b: Iron Bundle|Protect\n|move|p2a: Dondozo|Protect|p2a: Dondozo\n|-singleturn|p2a: Dondozo|Protect\n|move|p1a: Tatsugiri|Draco Meteor|p2a: Dondozo\n|-activate|p2a: Dondozo|move: Protect\n|cant|p2b: Gholdengo|frz\n|\n|-weather|Snow|[upkeep]\n|upkeep\n|turn|5\n|\n|t:|1681724971\n|switch|p2b: Tatsugiri|Tatsugiri, L50, F|100\/100\n|-activate|p2b: Tatsugiri|ability: Commander|[of] p2a: Dondozo\n|-boost|p2a: Dondozo|atk|2\n|-boost|p2a: Dondozo|spa|2\n|-boost|p2a: Dondozo|spe|2\n|-boost|p2a: Dondozo|def|2\n|-boost|p2a: Dondozo|spd|2\n|move|p1b: Iron Bundle|Freeze-Dry|p2a: Dondozo\n|-supereffective|p2a: Dondozo\n|-damage|p2a: Dondozo|65\/100\n|move|p1a: Tatsugiri|Draco Meteor|p2a: Dondozo\n|-damage|p2a: Dondozo|32\/100\n|-unboost|p1a: Tatsugiri|spa|2\n|move|p2a: Dondozo|Earthquake|p1b: Iron Bundle|[spread] p1a,p1b\n|-miss|p2a: Dondozo|p2b: Tatsugiri\n|-damage|p1a: Tatsugiri|42\/100\n|-damage|p1b: Iron Bundle|73\/100\n|\n|-weather|none\n|-heal|p2a: Dondozo|38\/100|[from] item: Leftovers\n|upkeep\n|turn|6\n|-message|Mirimu forfeited.\n|\n|win|Crystal RRR\n|raw|Crystal RRR's rating: 1469 → 1487<\/strong> (+18 for winning)\n|raw|Mirimu's rating: 1436 → 1418<\/strong> (-18 for losing)\n|l|\u2606Mirimu\n","uploadtime":1681725001,"views":16,"p1id":"crystalrrr","p2id":"mirimu","formatid":"gen9vgc2023regulationc","rating":1418,"private":0,"password":""}