{"id":"gen9vgc2023regulationc-1862191947","p1":"mcdarvarian","p2":"KitsuneofDreams","format":"[Gen 9] VGC 2023 Regulation C","log":"|j|\u2606mcdarvarian\n|j|\u2606KitsuneofDreams\n|t:|1683847550\n|gametype|doubles\n|player|p1|mcdarvarian|elesa|\n|player|p2|KitsuneofDreams|whitney|\n|teamsize|p1|6\n|teamsize|p2|6\n|gen|9\n|tier|[Gen 9] VGC 2023 Regulation C\n|rule|Species Clause: Limit one of each Pok\u00e9mon\n|rule|Item Clause: Limit one of each item\n|clearpoke\n|poke|p1|Coalossal, L50, F|\n|poke|p1|Great Tusk, L50|\n|poke|p1|Amoonguss, L50, M|\n|poke|p1|Dragapult, L50, F|\n|poke|p1|Iron Hands, L50|\n|poke|p1|Iron Bundle, L50|\n|poke|p2|Sandy Shocks, L50|\n|poke|p2|Espathra, L50, M|\n|poke|p2|Flapple, L50, M|\n|poke|p2|Talonflame, L50, F|\n|poke|p2|Pawmot, L50, M|\n|poke|p2|Wo-Chien, L50|\n|teampreview|4\nKitsuneofDreams has agreed to open team sheets.\nmcdarvarian has agreed to open team sheets.\n|j| Sean081799\n|j| qwillinallthefish\n|j| orangeflood\n|\n|t:|1683847658\n|start\n|switch|p1a: Fudruckers|Great Tusk, L50|100\/100\n|switch|p1b: Team Mom|Dragapult, L50, F|100\/100\n|switch|p2a: Amber|Talonflame, L50, F|100\/100\n|switch|p2b: Pawnchy|Pawmot, L50, M|100\/100\n|turn|1\n|\n|t:|1683847684\n|-end|p1a: Fudruckers|Protosynthesis|[silent]\n|switch|p1a: Thomas Two Hands|Iron Hands, L50, shiny|100\/100\n|move|p2b: Pawnchy|Fake Out|p1a: Thomas Two Hands\n|-damage|p1a: Thomas Two Hands|91\/100\n|move|p1b: Team Mom|Will-O-Wisp|p2b: Pawnchy\n|-status|p2b: Pawnchy|brn\n|move|p2a: Amber|Will-O-Wisp|p1a: Thomas Two Hands\n|-status|p1a: Thomas Two Hands|brn\n|\n|-damage|p2b: Pawnchy|94\/100 brn|[from] brn\n|-damage|p1a: Thomas Two Hands|85\/100 brn|[from] brn\n|upkeep\n|turn|2\n|\n|t:|1683847705\n|move|p1a: Thomas Two Hands|Fake Out|p2a: Amber\n|-damage|p2a: Amber|91\/100\n|move|p1b: Team Mom|Phantom Force||[still]\n|-prepare|p1b: Team Mom|Phantom Force\n|move|p2a: Amber|Tailwind|p2a: Amber\n|-sidestart|p2: KitsuneofDreams|move: Tailwind\n|move|p2b: Pawnchy|Nuzzle|p1b: Team Mom|[miss]\n|-miss|p2b: Pawnchy|p1b: Team Mom\n|\n|-damage|p2b: Pawnchy|88\/100 brn|[from] brn\n|-damage|p1a: Thomas Two Hands|79\/100 brn|[from] brn\n|upkeep\n|turn|3\n|\n|t:|1683847740\n|switch|p2a: We-Woo|Wo-Chien, L50|100\/100\n|-ability|p2a: We-Woo|Tablets of Ruin\n|move|p2b: Pawnchy|Nuzzle|p1b: Team Mom|[miss]\n|-miss|p2b: Pawnchy|p1b: Team Mom\n|move|p1b: Team Mom|Phantom Force|p2a: We-Woo|[from]lockedmove\n|-resisted|p2a: We-Woo\n|-damage|p2a: We-Woo|85\/100\n|move|p1a: Thomas Two Hands|Volt Switch|p2a: We-Woo\n|-resisted|p2a: We-Woo\n|-damage|p2a: We-Woo|81\/100\n|\n|t:|1683847764\n|-end|p1a: Thomas Two Hands|Quark Drive|[silent]\n|switch|p1a: Fudruckers|Great Tusk, L50|100\/100|[from] Volt Switch\n|\n|-heal|p2a: We-Woo|87\/100|[from] item: Leftovers\n|-damage|p2b: Pawnchy|82\/100 brn|[from] brn\n|upkeep\n|turn|4\n|\n|t:|1683847795\n|switch|p2b: Amber|Talonflame, L50, F|91\/100\n|move|p1b: Team Mom|U-turn|p2a: We-Woo\n|-supereffective|p2a: We-Woo\n|-damage|p2a: We-Woo|19\/100\n|\n|t:|1683847800\n|switch|p1b: Thomas Two Hands|Iron Hands, L50, shiny|79\/100 brn|[from] U-turn\n|move|p1a: Fudruckers|Headlong Rush|p2b: Amber\n|-immune|p2b: Amber\n|move|p2a: We-Woo|Leech Seed|p1a: Fudruckers\n|-start|p1a: Fudruckers|move: Leech Seed\n|\n|-heal|p2a: We-Woo|25\/100|[from] item: Leftovers\n|-damage|p1a: Fudruckers|88\/100|[from] Leech Seed|[of] p2a: We-Woo\n|-heal|p2a: We-Woo|37\/100|[silent]\n|-damage|p1b: Thomas Two Hands|73\/100 brn|[from] brn\n|upkeep\n|turn|5\n|\n|t:|1683847819\n|-end|p1a: Fudruckers|Protosynthesis|[silent]\n|switch|p1a: P1ng-U|Iron Bundle, L50, shiny|100\/100\n|-enditem|p1a: P1ng-U|Booster Energy\n|-activate|p1a: P1ng-U|ability: Quark Drive|[fromitem]\n|-start|p1a: P1ng-U|quarkdrivespe\n|move|p2a: We-Woo|Protect|p2a: We-Woo\n|-singleturn|p2a: We-Woo|Protect\n|move|p2b: Amber|Will-O-Wisp|p1a: P1ng-U\n|-status|p1a: P1ng-U|brn\n|move|p1b: Thomas Two Hands|Wild Charge|p2b: Amber\n|-supereffective|p2b: Amber\n|-damage|p2b: Amber|37\/100\n|-damage|p1b: Thomas Two Hands|62\/100 brn|[from] Recoil\n|\n|-heal|p2a: We-Woo|43\/100|[from] item: Leftovers\n|-damage|p1a: P1ng-U|94\/100 brn|[from] brn\n|-damage|p1b: Thomas Two Hands|56\/100 brn|[from] brn\n|-sideend|p2: KitsuneofDreams|move: Tailwind\n|upkeep\n|turn|6\n|\n|t:|1683847866\n|move|p1a: P1ng-U|Freeze-Dry|p2a: We-Woo\n|-supereffective|p2a: We-Woo\n|-damage|p2a: We-Woo|0 fnt\n|faint|p2a: We-Woo\n|move|p2b: Amber|Brave Bird|p1a: P1ng-U\n|-damage|p1a: P1ng-U|52\/100 brn\n|-damage|p2b: Amber|27\/100|[from] Recoil\n|move|p1b: Thomas Two Hands|Wild Charge|p2b: Amber\n|-supereffective|p2b: Amber\n|-damage|p2b: Amber|0 fnt\n|faint|p2b: Amber\n|-damage|p1b: Thomas Two Hands|50\/100 brn|[from] Recoil\n|\n|-damage|p1a: P1ng-U|46\/100 brn|[from] brn\n|-damage|p1b: Thomas Two Hands|44\/100 brn|[from] brn\n|upkeep\n|\n|t:|1683847879\n|switch|p2b: Karen|Espathra, L50, M|100\/100\n|switch|p2a: Pawnchy|Pawmot, L50, M|82\/100 brn\n|turn|7\n|\n|t:|1683847918\n|-terastallize|p1a: P1ng-U|Ghost\n|move|p2a: Pawnchy|Fake Out|p1a: P1ng-U\n|-immune|p1a: P1ng-U\n|move|p1a: P1ng-U|Hydro Pump|p2a: Pawnchy\n|-damage|p2a: Pawnchy|0 fnt\n|faint|p2a: Pawnchy\n|move|p2b: Karen|Dazzling Gleam|p1b: Thomas Two Hands|[spread] p1a,p1b\n|-supereffective|p1b: Thomas Two Hands\n|-damage|p1a: P1ng-U|4\/100 brn\n|-damage|p1b: Thomas Two Hands|24\/100 brn\n|move|p1b: Thomas Two Hands|Volt Switch|p2b: Karen\n|-crit|p2b: Karen\n|-damage|p2b: Karen|65\/100\n|\n|t:|1683847931\n|-end|p1b: Thomas Two Hands|Quark Drive|[silent]\n|switch|p1b: Team Mom|Dragapult, L50, F|100\/100|[from] Volt Switch\n|\n|-damage|p1a: P1ng-U|0 fnt|[from] brn\n|faint|p1a: P1ng-U\n|-end|p1a: P1ng-U|Quark Drive|[silent]\n|-ability|p2b: Karen|Speed Boost|boost\n|-boost|p2b: Karen|spe|1\n|upkeep\n|\n|t:|1683847934\n|switch|p1a: Thomas Two Hands|Iron Hands, L50, shiny|24\/100 brn\n|turn|8\n|\n|t:|1683847941\n|move|p2b: Karen|Protect|p2b: Karen\n|-singleturn|p2b: Karen|Protect\n|move|p1a: Thomas Two Hands|Fake Out|p2b: Karen\n|-activate|p2b: Karen|move: Protect\n|move|p1b: Team Mom|Phantom Force||[still]\n|-prepare|p1b: Team Mom|Phantom Force\n|\n|-damage|p1a: Thomas Two Hands|18\/100 brn|[from] brn\n|-ability|p2b: Karen|Speed Boost|boost\n|-boost|p2b: Karen|spe|1\n|upkeep\n|turn|9\n|\n|t:|1683847960\n|-terastallize|p2b: Karen|Fairy\n|move|p2b: Karen|Lumina Crash|p1a: Thomas Two Hands\n|-supereffective|p1a: Thomas Two Hands\n|-damage|p1a: Thomas Two Hands|0 fnt\n|faint|p1a: Thomas Two Hands\n|-end|p1a: Thomas Two Hands|Quark Drive|[silent]\n|move|p1b: Team Mom|Phantom Force|p2b: Karen|[from]lockedmove\n|-damage|p2b: Karen|0 fnt\n|faint|p2b: Karen\n|\n|win|mcdarvarian\n","uploadtime":1683847971,"views":8,"p1id":"mcdarvarian","p2id":"kitsuneofdreams","formatid":"gen9vgc2023regulationc","rating":0,"private":0,"password":""}