{"id":"gen9vgc2023regulationc-1847435702","p1":"BananaChainsaw","p2":"QueenElizabethVGC","format":"[Gen 9] VGC 2023 Regulation C","log":"|j|\u2606BananaChainsaw\n|j|\u2606QueenElizabethVGC\n|t:|1681954819\n|gametype|doubles\n|player|p1|BananaChainsaw|1|1206\n|player|p2|QueenElizabethVGC|265|1215\n|teamsize|p1|6\n|teamsize|p2|6\n|gen|9\n|tier|[Gen 9] VGC 2023 Regulation C\n|rated|\n|rule|Species Clause: Limit one of each Pok\u00e9mon\n|rule|Item Clause: Limit one of each item\n|clearpoke\n|poke|p1|Amoonguss, L50, M|\n|poke|p1|Arcanine, L50, M|\n|poke|p1|Palafin, L50, F|\n|poke|p1|Flutter Mane, L50|\n|poke|p1|Iron Hands, L50|\n|poke|p1|Kingambit, L50, M|\n|poke|p2|Naclstack, L50, M|\n|poke|p2|Indeedee-F, L50, F|\n|poke|p2|Tatsugiri-Stretchy, L50, F|\n|poke|p2|Flutter Mane, L50|\n|poke|p2|Amoonguss, L50, M|\n|poke|p2|Iron Hands, L50|\n|teampreview|4\nQueenElizabethVGC has agreed to open team sheets.\nBananaChainsaw has agreed to open team sheets.\n|\n|t:|1681954864\n|start\n|switch|p1a: Amoonguss|Amoonguss, L50, M|100\/100\n|switch|p1b: Kingambit|Kingambit, L50, M|100\/100\n|switch|p2a: Imposter|Amoonguss, L50, M, shiny|100\/100\n|switch|p2b: Feelin U?|Flutter Mane, L50|100\/100\n|turn|1\n|\n|t:|1681954887\n|-end|p2b: Feelin U?|Protosynthesis|[silent]\n|switch|p2b: Terracotta|Naclstack, L50, M, shiny|100\/100\n|move|p1b: Kingambit|Protect|p1b: Kingambit\n|-singleturn|p1b: Kingambit|Protect\n|move|p2a: Imposter|Protect|p2a: Imposter\n|-singleturn|p2a: Imposter|Protect\n|move|p1a: Amoonguss|Spore|p2b: Terracotta\n|-immune|p2b: Terracotta|[from] ability: Purifying Salt\n|\n|upkeep\n|turn|2\n|\n|t:|1681954926\n|-terastallize|p1b: Kingambit|Dark\n|move|p1a: Amoonguss|Protect|p1a: Amoonguss\n|-singleturn|p1a: Amoonguss|Protect\n|move|p1b: Kingambit|Kowtow Cleave|p2a: Imposter\n|-damage|p2a: Imposter|46\/100\n|-enditem|p2a: Imposter|Sitrus Berry|[eat]\n|-heal|p2a: Imposter|71\/100|[from] item: Sitrus Berry\n|move|p2b: Terracotta|Iron Defense|p2b: Terracotta\n|-boost|p2b: Terracotta|def|2\n|move|p2a: Imposter|Spore|p1b: Kingambit\n|-status|p1b: Kingambit|slp|[from] move: Spore\n|-enditem|p1b: Kingambit|Lum Berry|[eat]\n|-curestatus|p1b: Kingambit|slp|[msg]\n|\n|upkeep\n|turn|3\n|\n|t:|1681954963\n|move|p2b: Terracotta|Protect|p2b: Terracotta\n|-singleturn|p2b: Terracotta|Protect\n|move|p2a: Imposter|Protect|p2a: Imposter\n|-singleturn|p2a: Imposter|Protect\n|move|p1b: Kingambit|Kowtow Cleave|p2a: Imposter\n|-activate|p2a: Imposter|move: Protect\n|move|p1a: Amoonguss|Pollen Puff|p1b: Kingambit\n|-immune|p1b: Kingambit\n|\n|upkeep\n|turn|4\n|\n|t:|1681954985\n|-terastallize|p2b: Terracotta|Fighting\n|move|p1a: Amoonguss|Protect|p1a: Amoonguss\n|-singleturn|p1a: Amoonguss|Protect\n|move|p1b: Kingambit|Kowtow Cleave|p2a: Imposter\n|-damage|p2a: Imposter|21\/100\n|move|p2b: Terracotta|Body Press|p1b: Kingambit\n|-supereffective|p1b: Kingambit\n|-damage|p1b: Kingambit|21\/100\n|move|p2a: Imposter|Spore|p1b: Kingambit\n|-status|p1b: Kingambit|slp|[from] move: Spore\n|\n|upkeep\n|turn|5\n|\n|t:|1681955008\n|switch|p1b: Flutter Mane|Flutter Mane, L50|100\/100\n|move|p2a: Imposter|Rage Powder|p2a: Imposter\n|-singleturn|p2a: Imposter|move: Rage Powder\n|move|p2b: Terracotta|Body Press|p1b: Flutter Mane\n|-immune|p1b: Flutter Mane\n|move|p1a: Amoonguss|Pollen Puff|p2a: Imposter\n|-damage|p2a: Imposter|7\/100\n|\n|upkeep\n|turn|6\n|\n|t:|1681955047\n|move|p2b: Terracotta|Protect|p2b: Terracotta\n|-singleturn|p2b: Terracotta|Protect\n|move|p1a: Amoonguss|Rage Powder|p1a: Amoonguss\n|-singleturn|p1a: Amoonguss|move: Rage Powder\n|move|p1b: Flutter Mane|Dazzling Gleam|p2b: Terracotta|[spread] p2a\n|-activate|p2b: Terracotta|move: Protect\n|-resisted|p2a: Imposter\n|-damage|p2a: Imposter|0 fnt\n|faint|p2a: Imposter\n|\n|upkeep\n|\n|t:|1681955052\n|switch|p2a: Feelin U?|Flutter Mane, L50|100\/100\n|turn|7\n|\n|t:|1681955081\n|move|p2a: Feelin U?|Shadow Ball|p1b: Flutter Mane\n|-supereffective|p1b: Flutter Mane\n|-damage|p1b: Flutter Mane|0 fnt\n|faint|p1b: Flutter Mane\n|-end|p1b: Flutter Mane|Protosynthesis|[silent]\n|move|p2b: Terracotta|Salt Cure|p1a: Amoonguss\n|-damage|p1a: Amoonguss|88\/100\n|-start|p1a: Amoonguss|Salt Cure\n|move|p1a: Amoonguss|Spore|p2a: Feelin U?\n|-status|p2a: Feelin U?|slp|[from] move: Spore\n|\n|-heal|p1a: Amoonguss|94\/100|[from] item: Leftovers\n|-damage|p1a: Amoonguss|82\/100|[from] Salt Cure\n|upkeep\n|\n|t:|1681955100\n|switch|p1b: Iron Hands|Iron Hands, L50|100\/100\n|turn|8\n|\n|t:|1681955117\n|switch|p1a: Kingambit|Kingambit, L50, M, tera:Dark|21\/100 slp\n|cant|p2a: Feelin U?|slp\n|move|p1b: Iron Hands|Heavy Slam|p2a: Feelin U?\n|-supereffective|p2a: Feelin U?\n|-damage|p2a: Feelin U?|0 fnt\n|faint|p2a: Feelin U?\n|-end|p2a: Feelin U?|Protosynthesis|[silent]\n|move|p2b: Terracotta|Iron Defense|p2b: Terracotta\n|-boost|p2b: Terracotta|def|2\n|\n|upkeep\n|\n|t:|1681955124\n|switch|p2a: Kimchi|Tatsugiri-Stretchy, L50, F|100\/100\n|turn|9\n|\n|t:|1681955139\n|cant|p1a: Kingambit|slp\n|move|p2a: Kimchi|Icy Wind|p1b: Iron Hands|[spread] p1a,p1b\n|-damage|p1a: Kingambit|7\/100 slp\n|-damage|p1b: Iron Hands|94\/100\n|-unboost|p1a: Kingambit|spe|1\n|-ability|p1a: Kingambit|Defiant|boost\n|-boost|p1a: Kingambit|atk|2\n|-unboost|p1b: Iron Hands|spe|1\n|move|p2b: Terracotta|Body Press|p1a: Kingambit\n|-supereffective|p1a: Kingambit\n|-damage|p1a: Kingambit|0 fnt\n|faint|p1a: Kingambit\n|move|p1b: Iron Hands|Volt Switch|p2b: Terracotta\n|-damage|p2b: Terracotta|89\/100\n|\n|t:|1681955152\n|-end|p1b: Iron Hands|Quark Drive|[silent]\n|switch|p1b: Amoonguss|Amoonguss, L50, M|100\/100|[from] Volt Switch\n|\n|upkeep\n|\n|t:|1681955156\n|switch|p1a: Iron Hands|Iron Hands, L50|94\/100\n|turn|10\n|\n|t:|1681955167\n|move|p1a: Iron Hands|Fake Out|p2b: Terracotta\n|-damage|p2b: Terracotta|86\/100\n|move|p2a: Kimchi|Icy Wind|p1b: Amoonguss|[spread] p1a,p1b\n|-supereffective|p1b: Amoonguss\n|-damage|p1a: Iron Hands|87\/100\n|-damage|p1b: Amoonguss|81\/100\n|-unboost|p1a: Iron Hands|spe|1\n|-unboost|p1b: Amoonguss|spe|1\n|cant|p2b: Terracotta|flinch\n|move|p1b: Amoonguss|Spore|p2a: Kimchi\n|-status|p2a: Kimchi|slp|[from] move: Spore\n|\n|-heal|p1b: Amoonguss|86\/100|[from] item: Leftovers\n|upkeep\n|turn|11\n|\n|t:|1681955205\n|cant|p2a: Kimchi|slp\n|move|p2b: Terracotta|Salt Cure|p1b: Amoonguss\n|-damage|p1b: Amoonguss|74\/100\n|-start|p1b: Amoonguss|Salt Cure\n|move|p1a: Iron Hands|Drain Punch|p2a: Kimchi\n|-damage|p2a: Kimchi|19\/100 slp\n|-heal|p1a: Iron Hands|100\/100|[from] drain|[of] p2a: Kimchi\n|move|p1b: Amoonguss|Pollen Puff|p2a: Kimchi\n|-damage|p2a: Kimchi|0 fnt\n|faint|p2a: Kimchi\n|\n|-heal|p1b: Amoonguss|80\/100|[from] item: Leftovers\n|-damage|p1b: Amoonguss|68\/100|[from] Salt Cure\n|upkeep\n|turn|12\n|\n|t:|1681955239\n|move|p2b: Terracotta|Body Press|p1a: Iron Hands\n|-damage|p1a: Iron Hands|42\/100\n|move|p1a: Iron Hands|Drain Punch|p2b: Terracotta\n|-crit|p2b: Terracotta\n|-damage|p2b: Terracotta|42\/100\n|-heal|p1a: Iron Hands|56\/100|[from] drain|[of] p2b: Terracotta\n|move|p1b: Amoonguss|Pollen Puff|p2b: Terracotta\n|-resisted|p2b: Terracotta\n|-damage|p2b: Terracotta|35\/100\n|\n|-heal|p1b: Amoonguss|74\/100|[from] item: Leftovers\n|-damage|p1b: Amoonguss|62\/100|[from] Salt Cure\n|upkeep\n|turn|13\n|\n|t:|1681955256\n|move|p1b: Amoonguss|Rage Powder|p1b: Amoonguss\n|-singleturn|p1b: Amoonguss|move: Rage Powder\n|move|p2b: Terracotta|Body Press|p1b: Amoonguss\n|-resisted|p1b: Amoonguss\n|-damage|p1b: Amoonguss|16\/100\n|move|p1a: Iron Hands|Drain Punch|p2b: Terracotta\n|-damage|p2b: Terracotta|24\/100\n|-heal|p1a: Iron Hands|60\/100|[from] drain|[of] p2b: Terracotta\n|\n|-heal|p1b: Amoonguss|22\/100|[from] item: Leftovers\n|-damage|p1b: Amoonguss|10\/100|[from] Salt Cure\n|upkeep\n|turn|14\n|\n|t:|1681955277\n|move|p2b: Terracotta|Protect|p2b: Terracotta\n|-singleturn|p2b: Terracotta|Protect\n|move|p1b: Amoonguss|Rage Powder|p1b: Amoonguss\n|-singleturn|p1b: Amoonguss|move: Rage Powder\n|move|p1a: Iron Hands|Drain Punch|p2b: Terracotta\n|-activate|p2b: Terracotta|move: Protect\n|\n|-heal|p1b: Amoonguss|15\/100|[from] item: Leftovers\n|-damage|p1b: Amoonguss|3\/100|[from] Salt Cure\n|upkeep\n|turn|15\n|\n|t:|1681955290\n|move|p1b: Amoonguss|Rage Powder|p1b: Amoonguss\n|-singleturn|p1b: Amoonguss|move: Rage Powder\n|move|p2b: Terracotta|Iron Defense|p2b: Terracotta\n|-boost|p2b: Terracotta|def|2\n|move|p1a: Iron Hands|Drain Punch|p2b: Terracotta\n|-damage|p2b: Terracotta|16\/100\n|-heal|p1a: Iron Hands|63\/100|[from] drain|[of] p2b: Terracotta\n|\n|-heal|p1b: Amoonguss|9\/100|[from] item: Leftovers\n|-damage|p1b: Amoonguss|0 fnt|[from] Salt Cure\n|faint|p1b: Amoonguss\n|upkeep\n|turn|16\n|\n|t:|1681955309\n|move|p2b: Terracotta|Body Press|p1a: Iron Hands\n|-damage|p1a: Iron Hands|0 fnt\n|faint|p1a: Iron Hands\n|-end|p1a: Iron Hands|Quark Drive|[silent]\n|\n|win|QueenElizabethVGC\n|raw|BananaChainsaw's rating: 1206 → 1182<\/strong> (-24 for losing)\n|raw|QueenElizabethVGC's rating: 1215 → 1239<\/strong> (+24 for winning)\n|l|\u2606BananaChainsaw\n|c|\u2606QueenElizabethVGC|this mon is just\n|c|\u2606QueenElizabethVGC|fucking torture\n","uploadtime":1681955317,"views":11,"p1id":"bananachainsaw","p2id":"queenelizabethvgc","formatid":"gen9vgc2023regulationc","rating":1182,"private":0,"password":""}