{"id":"gen9vgc2023regulationc-1863346670","p1":"OznerolVGC","p2":"StantlerGOAT","format":"[Gen 9] VGC 2023 Regulation C","log":"|j|\u2606OznerolVGC\n|j|\u2606StantlerGOAT\n|t:|1684005379\n|gametype|doubles\n|player|p1|OznerolVGC|266|1267\n|player|p2|StantlerGOAT|101|1198\n|teamsize|p1|6\n|teamsize|p2|6\n|gen|9\n|tier|[Gen 9] VGC 2023 Regulation C\n|rated|\n|rule|Species Clause: Limit one of each Pok\u00e9mon\n|rule|Item Clause: Limit one of each item\n|clearpoke\n|poke|p1|Annihilape, L50, M|\n|poke|p1|Maushold-Four, L50|\n|poke|p1|Gholdengo, L50|\n|poke|p1|Flutter Mane, L50|\n|poke|p1|Chi-Yu, L50|\n|poke|p1|Azumarill, L50, F|\n|poke|p2|Misdreavus, L50, M|\n|poke|p2|Ting-Lu, L50|\n|poke|p2|Bronzong, L50|\n|poke|p2|Iron Hands, L50|\n|poke|p2|Torkoal, L50, F|\n|poke|p2|Dudunsparce-*, L50, M|\n|teampreview|4\n|inactive|Battle timer is ON: inactive players will automatically lose when time's up. (requested by OznerolVGC)\n|inactive|StantlerGOAT has 60 seconds left.\n|\n|t:|1684005427\n|start\n|switch|p1a: Flutter Mane|Flutter Mane, L50|100\/100\n|switch|p1b: Maushold|Maushold-Four, L50|100\/100\n|switch|p2a: Bronzong|Bronzong, L50|100\/100\n|switch|p2b: Misdreavus|Misdreavus, L50, M|100\/100\n|turn|1\n|\n|t:|1684005446\n|switch|p2b: Dudunsparce|Dudunsparce, L50, M|100\/100\n|-terastallize|p2a: Bronzong|Fire\n|move|p1b: Maushold|Follow Me|p1b: Maushold\n|-singleturn|p1b: Maushold|move: Follow Me\n|move|p1a: Flutter Mane|Calm Mind|p1a: Flutter Mane\n|-boost|p1a: Flutter Mane|spa|1\n|-boost|p1a: Flutter Mane|spd|1\n|move|p2a: Bronzong|Trick Room|p2a: Bronzong\n|-fieldstart|move: Trick Room|[of] p2a: Bronzong\n|\n|upkeep\n|turn|2\n|inactive|OznerolVGC has 30 seconds left.\n|\n|t:|1684005473\n|-terastallize|p1a: Flutter Mane|Steel\n|move|p1b: Maushold|Helping Hand|p1a: Flutter Mane\n|-singleturn|p1a: Flutter Mane|Helping Hand|[of] p1b: Maushold\n|move|p2a: Bronzong|Ice Spinner|p1a: Flutter Mane\n|-resisted|p1a: Flutter Mane\n|-damage|p1a: Flutter Mane|94\/100\n|move|p2b: Dudunsparce|Rock Slide|p1b: Maushold|[spread] p1a,p1b\n|-resisted|p1a: Flutter Mane\n|-damage|p1a: Flutter Mane|86\/100\n|-damage|p1b: Maushold|76\/100\n|cant|p1a: Flutter Mane|flinch\n|\n|upkeep\n|turn|3\n|inactive|OznerolVGC has 30 seconds left.\n|inactive|OznerolVGC has 20 seconds left.\n|inactive|OznerolVGC has 15 seconds left.\n|inactive|OznerolVGC has 10 seconds left.\n|\n|t:|1684005519\n|switch|p2a: Ting-Lu|Ting-Lu, L50|100\/100\n|-ability|p2a: Ting-Lu|Vessel of Ruin\n|move|p2b: Dudunsparce|Rock Slide|p1a: Flutter Mane|[spread] p1a,p1b\n|-resisted|p1a: Flutter Mane\n|-damage|p1a: Flutter Mane|77\/100\n|-damage|p1b: Maushold|52\/100\n|cant|p1a: Flutter Mane|flinch\n|cant|p1b: Maushold|flinch\n|\n|upkeep\n|turn|4\n|\n|t:|1684005543\n|move|p2b: Dudunsparce|Protect|p2b: Dudunsparce\n|-singleturn|p2b: Dudunsparce|Protect\n|move|p2a: Ting-Lu|Earthquake|p1a: Flutter Mane|[spread] p1a,p1b\n|-activate|p2b: Dudunsparce|move: Protect\n|-supereffective|p1a: Flutter Mane\n|-damage|p1a: Flutter Mane|19\/100\n|-damage|p1b: Maushold|18\/100\n|-enditem|p1a: Flutter Mane|Aguav Berry|[eat]\n|-heal|p1a: Flutter Mane|52\/100|[from] item: Aguav Berry\n|move|p1a: Flutter Mane|Moonblast|p1b: Maushold\n|-damage|p1b: Maushold|0 fnt\n|faint|p1b: Maushold\n|\n|upkeep\n|inactive|OznerolVGC has 30 seconds left.\n|\n|t:|1684005570\n|switch|p1b: Gholdengo|Gholdengo, L50|100\/100\n|turn|5\n|\n|t:|1684005587\n|switch|p2b: Bronzong|Bronzong, L50, tera:Fire|100\/100\n|move|p1b: Gholdengo|Protect|p1b: Gholdengo\n|-singleturn|p1b: Gholdengo|Protect\n|move|p1a: Flutter Mane|Protect|p1a: Flutter Mane\n|-singleturn|p1a: Flutter Mane|Protect\n|move|p2a: Ting-Lu|Earthquake|p1a: Flutter Mane|[spread] \n|-activate|p1a: Flutter Mane|move: Protect\n|-activate|p1b: Gholdengo|move: Protect\n|-immune|p2b: Bronzong|[from] ability: Levitate\n|\n|-fieldend|move: Trick Room\n|upkeep\n|turn|6\n|\n|t:|1684005610\n|move|p2a: Ting-Lu|Protect|p2a: Ting-Lu\n|-singleturn|p2a: Ting-Lu|Protect\n|move|p1a: Flutter Mane|Shadow Ball|p2b: Bronzong\n|-damage|p2b: Bronzong|66\/100\n|move|p1b: Gholdengo|Shadow Ball|p2b: Bronzong\n|-crit|p2b: Bronzong\n|-damage|p2b: Bronzong|34\/100\n|move|p2b: Bronzong|Trick Room|p2b: Bronzong\n|-fieldstart|move: Trick Room|[of] p2b: Bronzong\n|\n|upkeep\n|turn|7\n|\n|t:|1684005633\n|move|p1a: Flutter Mane|Protect|p1a: Flutter Mane\n|-singleturn|p1a: Flutter Mane|Protect\n|move|p2b: Bronzong|Ice Spinner|p2a: Ting-Lu\n|-supereffective|p2a: Ting-Lu\n|-crit|p2a: Ting-Lu\n|-damage|p2a: Ting-Lu|73\/100\n|-enditem|p2a: Ting-Lu|Weakness Policy\n|-boost|p2a: Ting-Lu|atk|2|[from] item: Weakness Policy\n|-boost|p2a: Ting-Lu|spa|2|[from] item: Weakness Policy\n|move|p2a: Ting-Lu|Earthquake|p1b: Gholdengo|[spread] p1b\n|-activate|p1a: Flutter Mane|move: Protect\n|-immune|p2b: Bronzong|[from] ability: Levitate\n|-supereffective|p1b: Gholdengo\n|-damage|p1b: Gholdengo|0 fnt\n|faint|p1b: Gholdengo\n|\n|upkeep\n|\n|t:|1684005641\n|switch|p1b: Chi-Yu|Chi-Yu, L50|100\/100\n|-ability|p1b: Chi-Yu|Beads of Ruin\n|turn|8\n|-message|OznerolVGC forfeited.\n|\n|win|StantlerGOAT\n|raw|OznerolVGC's rating: 1299 → 1267<\/strong> (-32 for losing)\n|raw|StantlerGOAT's rating: 1198 → 1230<\/strong> (+32 for winning)\n|l|\u2606OznerolVGC\n","uploadtime":1684005653,"views":11,"p1id":"oznerolvgc","p2id":"stantlergoat","formatid":"gen9vgc2023regulationc","rating":1230,"private":0,"password":""}