{"id":"gen9vgc2023regulationc-1860580839","p1":"Ytterby","p2":"spoolingus","format":"[Gen 9] VGC 2023 Regulation C","log":"|j|\u2606Ytterby\n|j|\u2606spoolingus\n|t:|1683656284\n|gametype|doubles\n|player|p1|Ytterby|brycenman|\n|player|p2|spoolingus|n|\n|teamsize|p1|6\n|teamsize|p2|6\n|gen|9\n|tier|[Gen 9] VGC 2023 Regulation C\n|rule|Species Clause: Limit one of each Pok\u00e9mon\n|rule|Item Clause: Limit one of each item\n|clearpoke\n|poke|p1|Baxcalibur, L50, F|\n|poke|p1|Torkoal, L50, M|\n|poke|p1|Ting-Lu, L50|\n|poke|p1|Glimmora, L50, M|\n|poke|p1|Grimmsnarl, L50, M|\n|poke|p1|Flutter Mane, L50|\n|poke|p2|Iron Bundle, L50|\n|poke|p2|Meowscarada, L50, F|\n|poke|p2|Slowking, L50, M|\n|poke|p2|Armarouge, L50, F|\n|poke|p2|Baxcalibur, L50, M|\n|poke|p2|Indeedee-F, L50, F|\n|teampreview|4\nYtterby has agreed to open team sheets.\nspoolingus has agreed to open team sheets.\n|c|\u2606Ytterby|my team\n|c|\u2606Ytterby|spells\n|c|\u2606Ytterby|BTTGGF\n|c|\u2606spoolingus|oh god lmao\n|c|\u2606Ytterby|xD\n|c|\u2606spoolingus|dint see that b4\n|c|\u2606Ytterby|i'll be building a core and my child brain is like, hehe lets make it an acronym\n|c|\u2606Ytterby|I've run FATMAN\n|c|\u2606Ytterby|did alright in GC3\n|c|\u2606spoolingus|lol\n|\n|t:|1683656407\n|start\n|switch|p1a: Goth|Glimmora, L50, M|100\/100\n|switch|p1b: Girl|Grimmsnarl, L50, M|100\/100\n|switch|p2a: Slowking|Slowking, L50, M|100\/100\n|switch|p2b: Meowscarada|Meowscarada, L50, F|100\/100\n|turn|1\n|c|\u2606spoolingus|i try to stay away from meta picks or only have 1-2 when i build\n|c|\u2606Ytterby|i respect that\n|c|\u2606Ytterby|i love the heck outta slowking\n|c|\u2606spoolingus|ye slowking is fire\n|c|\u2606Ytterby|really super wanna make a chilly reception team\n|c|\u2606spoolingus|bax used to be avalugg\n|c|\u2606Ytterby|*checks teamsheet* actually it's ice\n|c|\u2606Ytterby|not fire\n|\n|t:|1683656493\n|-terastallize|p1a: Goth|Grass\n|move|p1b: Girl|Reflect|p1b: Girl\n|-sidestart|p1: Ytterby|Reflect\n|move|p2b: Meowscarada|U-turn|p1b: Girl\n|-start|p2b: Meowscarada|typechange|Bug|[from] ability: Protean\n|-crit|p1b: Girl\n|-damage|p1b: Girl|17\/100\n|\n|t:|1683656511\n|switch|p2b: Iron Bundle|Iron Bundle, L50|100\/100|[from] U-turn\n|move|p1a: Goth|Energy Ball|p2a: Slowking\n|-supereffective|p2a: Slowking\n|-damage|p2a: Slowking|25\/100\n|move|p2a: Slowking|Chilly Reception|p2a: Slowking\n|-weather|Snow\n|c|\u2606Ytterby|holy shit thats big damage\n|\n|t:|1683656524\n|switch|p2a: Meowscarada|Meowscarada, L50, F|100\/100|[from] Chilly Reception\n|\n|-weather|Snow|[upkeep]\n|upkeep\n|turn|2\n|\n|t:|1683656547\n|switch|p1b: Ti|Torkoal, L50, M|100\/100\n|-weather|SunnyDay|[from] ability: Drought|[of] p1b: Ti\n|move|p2b: Iron Bundle|Aurora Veil||[still]\n|-fail|p2b: Iron Bundle\n|move|p2a: Meowscarada|U-turn|p1b: Ti\n|-start|p2a: Meowscarada|typechange|Bug|[from] ability: Protean\n|-resisted|p1b: Ti\n|-damage|p1b: Ti|90\/100\n|c|\u2606Ytterby|shame i have sun\n|c|\u2606spoolingus|ye lol\n|\n|t:|1683656566\n|switch|p2a: Baxcalibur|Baxcalibur, L50, M|100\/100|[from] U-turn\n|move|p1a: Goth|Energy Ball|p2b: Iron Bundle\n|-supereffective|p2b: Iron Bundle\n|-enditem|p2b: Iron Bundle|Focus Sash\n|-damage|p2b: Iron Bundle|1\/100\n|\n|-weather|SunnyDay|[upkeep]\n|upkeep\n|turn|3\n|\n|t:|1683656598\n|-terastallize|p2b: Iron Bundle|Water\n|move|p2a: Baxcalibur|Protect|p2a: Baxcalibur\n|-singleturn|p2a: Baxcalibur|Protect\n|move|p2b: Iron Bundle|Hydro Pump|p1b: Ti|[miss]\n|-miss|p2b: Iron Bundle|p1b: Ti\n|move|p1a: Goth|Power Gem|p2a: Baxcalibur\n|-activate|p2a: Baxcalibur|move: Protect\n|move|p1b: Ti|Overheat|p2a: Baxcalibur\n|-activate|p2a: Baxcalibur|move: Protect\n|\n|-weather|SunnyDay|[upkeep]\n|upkeep\n|turn|4\n|c|\u2606Ytterby|oo i was gunna give you a boosty\n|c|\u2606Ytterby|if you lived lul\n|c|\u2606spoolingus|ye\n|c|\u2606spoolingus|better safe than sorry\n|\n|t:|1683656630\n|switch|p2a: Slowking|Slowking, L50, M|25\/100\n|move|p2b: Iron Bundle|Hydro Pump|p1b: Ti\n|-supereffective|p1b: Ti\n|-damage|p1b: Ti|13\/100\n|move|p1a: Goth|Power Gem|p2a: Slowking\n|-damage|p2a: Slowking|0 fnt\n|faint|p2a: Slowking\n|move|p1b: Ti|Overheat|p2b: Iron Bundle\n|-resisted|p2b: Iron Bundle\n|-damage|p2b: Iron Bundle|0 fnt\n|-unboost|p1b: Ti|spa|2\n|-enditem|p1b: Ti|Eject Pack\n|faint|p2b: Iron Bundle\n|-end|p2b: Iron Bundle|Quark Drive|[silent]\n|c|\u2606Ytterby|NOT THE PUMP\n|\n|t:|1683656646\n|switch|p1b: Big|Baxcalibur, L50, F|100\/100\n|\n|-weather|SunnyDay|[upkeep]\n|upkeep\n|\n|t:|1683656651\n|switch|p2b: Baxcalibur|Baxcalibur, L50, M|100\/100\n|switch|p2a: Meowscarada|Meowscarada, L50, F|100\/100\n|turn|5\n|c|\u2606Ytterby|I just wanna lava plume myself man\n|c|\u2606Ytterby|it never works out that way xD\n|c|\u2606spoolingus|lol\n|\n|t:|1683656697\n|move|p2a: Meowscarada|Brick Break|p1b: Big\n|-start|p2a: Meowscarada|typechange|Fighting|[from] ability: Protean\n|-sideend|p1: Ytterby|Reflect\n|-supereffective|p1b: Big\n|-damage|p1b: Big|0 fnt\n|faint|p1b: Big\n|move|p1a: Goth|Power Gem|p2b: Baxcalibur\n|-supereffective|p2b: Baxcalibur\n|-damage|p2b: Baxcalibur|28\/100\n|move|p2b: Baxcalibur|Dragon Dance|p2b: Baxcalibur\n|-boost|p2b: Baxcalibur|atk|1\n|-boost|p2b: Baxcalibur|spe|1\n|\n|-weather|SunnyDay|[upkeep]\n|upkeep\n|c|\u2606Ytterby|WHOAR\n|c|\u2606Ytterby|banded meowscarada is sexy tech\n|c|\u2606Ytterby|with anti-screens, pivot\n|c|\u2606spoolingus|ye its decent coverage\n|c|\u2606Ytterby|i like that a lot\n|c|\u2606Ytterby|great into bitch leads like my ting lu\n|\n|t:|1683656766\n|switch|p1b: Girl|Grimmsnarl, L50, M|17\/100\n|turn|6\n|c|\u2606spoolingus|still tinkering with the team too\n|\n|t:|1683656789\n|move|p1b: Girl|Fake Out|p2a: Meowscarada\n|-damage|p2a: Meowscarada|81\/100\n|cant|p2a: Meowscarada|flinch\n|move|p2b: Baxcalibur|Icicle Spear|p1a: Goth\n|-supereffective|p1a: Goth\n|-damage|p1a: Goth|46\/100\n|-activate|p1a: Goth|ability: Toxic Debris\n|-sidestart|p2: spoolingus|move: Toxic Spikes\n|-supereffective|p1a: Goth\n|-damage|p1a: Goth|0 fnt\n|-activate|p1a: Goth|ability: Toxic Debris\n|-sidestart|p2: spoolingus|move: Toxic Spikes\n|faint|p1a: Goth\n|-hitcount|p1: Goth|2\n|\n|-weather|none\n|upkeep\n|\n|t:|1683656799\n|switch|p1a: Ti|Torkoal, L50, M|13\/100\n|-weather|SunnyDay|[from] ability: Drought|[of] p1a: Ti\n|turn|7\n|c|\u2606Ytterby|well ployed\n|\n|t:|1683656823\n|move|p2a: Meowscarada|Brick Break|p1a: Ti\n|-damage|p1a: Ti|0 fnt\n|faint|p1a: Ti\n|move|p2b: Baxcalibur|Icicle Spear|p1b: Girl\n|-damage|p1b: Girl|0 fnt\n|faint|p1b: Girl\n|-hitcount|p1: Girl|1\n|\n|win|spoolingus\n|c|\u2606spoolingus|gg\n","uploadtime":1683656834,"views":18,"p1id":"ytterby","p2id":"spoolingus","formatid":"gen9vgc2023regulationc","rating":0,"private":0,"password":""}