{"id":"gen9vgc2023regulationc-1861518144","p1":"RonJohn","p2":"Ronald_RaganVGC","format":"[Gen 9] VGC 2023 Regulation C","log":"|j|\u2606RonJohn\n|j|\u2606Ronald_RaganVGC\n|t:|1683767803\n|gametype|doubles\n|player|p1|RonJohn|266|1173\n|player|p2|Ronald_RaganVGC|rood|1175\n|teamsize|p1|6\n|teamsize|p2|6\n|gen|9\n|tier|[Gen 9] VGC 2023 Regulation C\n|rated|\n|rule|Species Clause: Limit one of each Pok\u00e9mon\n|rule|Item Clause: Limit one of each item\n|clearpoke\n|poke|p1|Flutter Mane, L50|\n|poke|p1|Orthworm, L50, M|\n|poke|p1|Dragonite, L50, M|\n|poke|p1|Amoonguss, L50, M|\n|poke|p1|Gyarados, L50, M|\n|poke|p1|Ting-Lu, L50|\n|poke|p2|Toxapex, L50, M|\n|poke|p2|Ting-Lu, L50|\n|poke|p2|Grimmsnarl, L50, M|\n|poke|p2|Corviknight, L50, F|\n|poke|p2|Chi-Yu, L50|\n|poke|p2|Wo-Chien, L50|\n|teampreview|4\nRonJohn has agreed to open team sheets.\nRonald_RaganVGC has agreed to open team sheets.\n|\n|t:|1683767835\n|start\n|switch|p1a: Orthworm|Orthworm, L50, M|100\/100\n|switch|p1b: Ting-Lu|Ting-Lu, L50|100\/100\n|switch|p2a: Grimmsnarl|Grimmsnarl, L50, M, shiny|100\/100\n|switch|p2b: Corviknight|Corviknight, L50, F|100\/100\n|-ability|p1b: Ting-Lu|Vessel of Ruin\n|turn|1\n|\n|t:|1683767873\n|move|p2a: Grimmsnarl|Taunt|p1a: Orthworm\n|-start|p1a: Orthworm|move: Taunt\n|move|p2b: Corviknight|Bulk Up|p2b: Corviknight\n|-boost|p2b: Corviknight|atk|1\n|-boost|p2b: Corviknight|def|1\n|move|p1b: Ting-Lu|Earthquake|p2b: Corviknight|[spread] p2a\n|-immune|p1a: Orthworm|[from] ability: Earth Eater\n|-immune|p2b: Corviknight\n|-damage|p2a: Grimmsnarl|62\/100\n|move|p1a: Orthworm|Heavy Slam|p2a: Grimmsnarl\n|-supereffective|p2a: Grimmsnarl\n|-damage|p2a: Grimmsnarl|0 fnt\n|faint|p2a: Grimmsnarl\n|\n|upkeep\n|\n|t:|1683767890\n|switch|p2a: Peximilian|Toxapex, L50, M|100\/100\n|turn|2\n|\n|t:|1683767936\n|switch|p1a: Flutter Mane|Flutter Mane, L50|100\/100\n|-terastallize|p2a: Peximilian|Flying\n|move|p2b: Corviknight|Bulk Up|p2b: Corviknight\n|-boost|p2b: Corviknight|atk|1\n|-boost|p2b: Corviknight|def|1\n|move|p1b: Ting-Lu|Stomping Tantrum|p2a: Peximilian\n|-immune|p2a: Peximilian\n|move|p2a: Peximilian|Infestation|p1b: Ting-Lu\n|-supereffective|p1b: Ting-Lu\n|-damage|p1b: Ting-Lu|98\/100\n|-activate|p1b: Ting-Lu|move: Infestation|[of] p2a: Peximilian\n|\n|-damage|p1b: Ting-Lu|86\/100|[from] move: Infestation|[partiallytrapped]\n|upkeep\n|turn|3\n|\n|t:|1683767970\n|move|p1a: Flutter Mane|Thunderbolt|p2b: Corviknight\n|-supereffective|p2b: Corviknight\n|-damage|p2b: Corviknight|39\/100\n|move|p2b: Corviknight|Iron Head|p1a: Flutter Mane\n|-supereffective|p1a: Flutter Mane\n|-crit|p1a: Flutter Mane\n|-damage|p1a: Flutter Mane|0 fnt\n|faint|p1a: Flutter Mane\n|-end|p1a: Flutter Mane|Protosynthesis|[silent]\n|move|p1b: Ting-Lu|Rock Slide|p2b: Corviknight|[spread] p2a,p2b\n|-supereffective|p2a: Peximilian\n|-crit|p2b: Corviknight\n|-damage|p2a: Peximilian|76\/100\n|-damage|p2b: Corviknight|15\/100\n|move|p2a: Peximilian|Toxic|p1b: Ting-Lu\n|-status|p1b: Ting-Lu|tox\n|\n|-heal|p2a: Peximilian|82\/100|[from] item: Leftovers\n|-damage|p1b: Ting-Lu|80\/100 tox|[from] psn\n|-damage|p1b: Ting-Lu|68\/100 tox|[from] move: Infestation|[partiallytrapped]\n|upkeep\n|\n|t:|1683768005\n|switch|p1a: Orthworm|Orthworm, L50, M|100\/100\n|turn|4\n|\n|t:|1683768027\n|move|p2b: Corviknight|Roost|p2b: Corviknight\n|-heal|p2b: Corviknight|65\/100\n|-singleturn|p2b: Corviknight|move: Roost\n|move|p1b: Ting-Lu|Rock Slide|p2a: Peximilian|[spread] p2a,p2b\n|-supereffective|p2a: Peximilian\n|-resisted|p2b: Corviknight\n|-damage|p2a: Peximilian|57\/100\n|-damage|p2b: Corviknight|61\/100\n|move|p1a: Orthworm|Shed Tail|p1a: Orthworm\n|-start|p1a: Orthworm|Substitute|[from] move: Shed Tail\n|-damage|p1a: Orthworm|50\/100\n|-enditem|p1a: Orthworm|Sitrus Berry|[eat]\n|-heal|p1a: Orthworm|75\/100|[from] item: Sitrus Berry\n|\n|t:|1683768038\n|switch|p1a: Dragonite|Dragonite, L50, M|100\/100|[from] Shed Tail\n|cant|p2a: Peximilian|flinch\n|\n|-heal|p2a: Peximilian|62\/100|[from] item: Leftovers\n|-damage|p1b: Ting-Lu|56\/100 tox|[from] psn\n|-damage|p1b: Ting-Lu|44\/100 tox|[from] move: Infestation|[partiallytrapped]\n|upkeep\n|turn|5\n|\n|t:|1683768068\n|move|p2a: Peximilian|Baneful Bunker|p2a: Peximilian\n|-singleturn|p2a: Peximilian|move: Protect\n|move|p1a: Dragonite|Dragon Dance|p1a: Dragonite\n|-boost|p1a: Dragonite|atk|1\n|-boost|p1a: Dragonite|spe|1\n|move|p2b: Corviknight|Iron Head|p1a: Dragonite\n|-end|p1a: Dragonite|Substitute\n|move|p1b: Ting-Lu|Rock Slide|p2a: Peximilian|[spread] p2b\n|-activate|p2a: Peximilian|move: Protect\n|-damage|p2b: Corviknight|53\/100\n|\n|-heal|p2a: Peximilian|68\/100|[from] item: Leftovers\n|-damage|p1b: Ting-Lu|26\/100 tox|[from] psn\n|-damage|p1b: Ting-Lu|14\/100 tox|[from] move: Infestation|[partiallytrapped]\n|upkeep\n|turn|6\n|\n|t:|1683768115\n|-terastallize|p1a: Dragonite|Normal\n|move|p1a: Dragonite|Extreme Speed|p2a: Peximilian\n|-damage|p2a: Peximilian|20\/100\n|move|p2b: Corviknight|Brave Bird|p1a: Dragonite\n|-damage|p1a: Dragonite|43\/100\n|-damage|p2b: Corviknight|37\/100|[from] Recoil\n|move|p1b: Ting-Lu|Stomping Tantrum|p2b: Corviknight\n|-immune|p2b: Corviknight\n|move|p2a: Peximilian|Infestation|p1a: Dragonite\n|-damage|p1a: Dragonite|40\/100\n|-activate|p1a: Dragonite|move: Infestation|[of] p2a: Peximilian\n|\n|-heal|p2a: Peximilian|26\/100|[from] item: Leftovers\n|-damage|p1b: Ting-Lu|0 fnt|[from] psn\n|faint|p1b: Ting-Lu\n|-damage|p1a: Dragonite|28\/100|[from] move: Infestation|[partiallytrapped]\n|upkeep\n|\n|t:|1683768133\n|switch|p1b: Orthworm|Orthworm, L50, M|75\/100\n|turn|7\n|\n|t:|1683768155\n|move|p2a: Peximilian|Baneful Bunker|p2a: Peximilian\n|-singleturn|p2a: Peximilian|move: Protect\n|move|p1a: Dragonite|Extreme Speed|p2a: Peximilian\n|-activate|p2a: Peximilian|move: Protect\n|-status|p1a: Dragonite|psn\n|-enditem|p1a: Dragonite|Lum Berry|[eat]\n|-curestatus|p1a: Dragonite|psn|[msg]\n|move|p2b: Corviknight|Roost|p2b: Corviknight\n|-heal|p2b: Corviknight|88\/100\n|-singleturn|p2b: Corviknight|move: Roost\n|move|p1b: Orthworm|Body Press|p2b: Corviknight\n|-supereffective|p2b: Corviknight\n|-damage|p2b: Corviknight|64\/100\n|\n|-heal|p2a: Peximilian|32\/100|[from] item: Leftovers\n|-damage|p1a: Dragonite|16\/100|[from] move: Infestation|[partiallytrapped]\n|upkeep\n|turn|8\n|\n|t:|1683768197\n|move|p1b: Orthworm|Protect|p1b: Orthworm\n|-singleturn|p1b: Orthworm|Protect\n|move|p1a: Dragonite|Extreme Speed|p2a: Peximilian\n|-crit|p2a: Peximilian\n|-damage|p2a: Peximilian|0 fnt\n|faint|p2a: Peximilian\n|move|p2b: Corviknight|Iron Head|p1a: Dragonite\n|-damage|p1a: Dragonite|0 fnt\n|faint|p1a: Dragonite\n|\n|upkeep\n|\n|t:|1683768204\n|switch|p2a: Big time rush|Wo-Chien, L50|100\/100\n|-ability|p2a: Big time rush|Tablets of Ruin\n|turn|9\n|\n|t:|1683768217\n|move|p2a: Big time rush|Leech Seed|p1b: Orthworm\n|-start|p1b: Orthworm|move: Leech Seed\n|move|p2b: Corviknight|Iron Head|p1b: Orthworm\n|-resisted|p1b: Orthworm\n|-damage|p1b: Orthworm|58\/100\n|move|p1b: Orthworm|Heavy Slam|p2a: Big time rush\n|-damage|p2a: Big time rush|71\/100\n|\n|-damage|p1b: Orthworm|46\/100|[from] Leech Seed|[of] p2a: Big time rush\n|-heal|p2a: Big time rush|83\/100|[silent]\n|upkeep\n|turn|10\n|\n|t:|1683768229\n|move|p2a: Big time rush|Pollen Puff|p2b: Corviknight\n|-heal|p2b: Corviknight|100\/100\n|move|p2b: Corviknight|Brave Bird|p1b: Orthworm\n|-resisted|p1b: Orthworm\n|-crit|p1b: Orthworm\n|-damage|p1b: Orthworm|7\/100\n|-damage|p2b: Corviknight|89\/100|[from] Recoil\n|move|p1b: Orthworm|Body Press|p2a: Big time rush\n|-supereffective|p2a: Big time rush\n|-damage|p2a: Big time rush|50\/100\n|-enditem|p2a: Big time rush|Sitrus Berry|[eat]\n|-heal|p2a: Big time rush|75\/100|[from] item: Sitrus Berry\n|\n|-damage|p1b: Orthworm|0 fnt|[from] Leech Seed|[of] p2a: Big time rush\n|-heal|p2a: Big time rush|81\/100|[silent]\n|faint|p1b: Orthworm\n|\n|win|Ronald_RaganVGC\n|upkeep\n|raw|RonJohn's rating: 1173 → 1148<\/strong> (-25 for losing)\n|raw|Ronald_RaganVGC's rating: 1175 → 1200<\/strong> (+25 for winning)\n|c|\u2606Ronald_RaganVGC|Gg\n","uploadtime":1683768253,"views":17,"p1id":"ronjohn","p2id":"ronaldraganvgc","formatid":"gen9vgc2023regulationc","rating":1148,"private":0,"password":""}