{"id":"gen9vgc2023regulationc-1863976229","p1":"nickfang6","p2":"Xeoniio","format":"[Gen 9] VGC 2023 Regulation C","log":"|j|\u2606nickfang6\n|j|\u2606Xeoniio\n|t:|1684100292\n|gametype|doubles\n|player|p1|nickfang6|101|1464\n|player|p2|Xeoniio|benga|1527\n|teamsize|p1|6\n|teamsize|p2|6\n|gen|9\n|tier|[Gen 9] VGC 2023 Regulation C\n|rated|\n|rule|Species Clause: Limit one of each Pok\u00e9mon\n|rule|Item Clause: Limit one of each item\n|clearpoke\n|poke|p1|Iron Bundle, L50|\n|poke|p1|Flutter Mane, L50|\n|poke|p1|Chien-Pao, L50|\n|poke|p1|Kingambit, L50, M|\n|poke|p1|Scizor, L50, M|\n|poke|p1|Great Tusk, L50|\n|poke|p2|Braviary, L50, M|\n|poke|p2|Chi-Yu, L50|\n|poke|p2|Palafin, L50, F|\n|poke|p2|Flutter Mane, L50|\n|poke|p2|Stonjourner, L50, F|\n|poke|p2|Iron Hands, L50|\n|teampreview|4\n|inactive|Battle timer is ON: inactive players will automatically lose when time's up. (requested by nickfang6)\n|\n|t:|1684100321\n|start\n|switch|p1a: Chien-Pao|Chien-Pao, L50|100\/100\n|switch|p1b: Scizor|Scizor, L50, M|100\/100\n|switch|p2a: Braviary|Braviary, L50, M|100\/100\n|switch|p2b: Palafin|Palafin, L50, F|100\/100\n|-ability|p1a: Chien-Pao|Sword of Ruin\n|turn|1\n|\n|t:|1684100346\n|detailschange|p2b: Palafin|Palafin-Hero, L50, F\n|switch|p2b: Iron Hands|Iron Hands, L50|100\/100\n|-terastallize|p2a: Braviary|Steel\n|move|p1a: Chien-Pao|Ice Spinner|p2b: Iron Hands\n|-damage|p2b: Iron Hands|64\/100\n|move|p2a: Braviary|Tailwind|p2a: Braviary\n|-sidestart|p2: Xeoniio|move: Tailwind\n|move|p1b: Scizor|Pounce|p2b: Iron Hands\n|-resisted|p2b: Iron Hands\n|-damage|p2b: Iron Hands|46\/100\n|-unboost|p2b: Iron Hands|spe|1\n|\n|upkeep\n|turn|2\n|inactive|Xeoniio has 30 seconds left.\n|inactive|Xeoniio has 20 seconds left.\n|inactive|Xeoniio has 15 seconds left.\n|\n|t:|1684100387\n|move|p1a: Chien-Pao|Protect|p1a: Chien-Pao\n|-singleturn|p1a: Chien-Pao|Protect\n|move|p1b: Scizor|Protect|p1b: Scizor\n|-singleturn|p1b: Scizor|Protect\n|move|p2b: Iron Hands|Fake Out|p1a: Chien-Pao\n|-activate|p1a: Chien-Pao|move: Protect\n|move|p2a: Braviary|Brave Bird|p1a: Chien-Pao\n|-activate|p1a: Chien-Pao|move: Protect\n|\n|upkeep\n|turn|3\n|\n|t:|1684100406\n|move|p2a: Braviary|Brave Bird|p1b: Scizor\n|-damage|p1b: Scizor|20\/100\n|-damage|p2a: Braviary|77\/100|[from] Recoil\n|move|p1a: Chien-Pao|Sacred Sword|p2a: Braviary\n|-supereffective|p2a: Braviary\n|-damage|p2a: Braviary|0 fnt\n|faint|p2a: Braviary\n|move|p2b: Iron Hands|Drain Punch|p1a: Chien-Pao\n|-supereffective|p1a: Chien-Pao\n|-enditem|p1a: Chien-Pao|Focus Sash\n|-damage|p1a: Chien-Pao|1\/100\n|-heal|p2b: Iron Hands|80\/100|[from] drain|[of] p1a: Chien-Pao\n|move|p1b: Scizor|Close Combat|p2b: Iron Hands\n|-damage|p2b: Iron Hands|40\/100\n|-unboost|p1b: Scizor|def|1\n|-unboost|p1b: Scizor|spd|1\n|\n|upkeep\n|\n|t:|1684100422\n|switch|p2a: Chi-Yu|Chi-Yu, L50|100\/100\n|-ability|p2a: Chi-Yu|Beads of Ruin\n|turn|4\n|\n|t:|1684100438\n|move|p1a: Chien-Pao|Protect|p1a: Chien-Pao\n|-singleturn|p1a: Chien-Pao|Protect\n|move|p1b: Scizor|Protect|p1b: Scizor\n|-singleturn|p1b: Scizor|Protect\n|move|p2a: Chi-Yu|Flamethrower|p1b: Scizor\n|-activate|p1b: Scizor|move: Protect\n|move|p2b: Iron Hands|Drain Punch|p1a: Chien-Pao\n|-activate|p1a: Chien-Pao|move: Protect\n|\n|-sideend|p2: Xeoniio|move: Tailwind\n|upkeep\n|turn|5\n|\n|t:|1684100451\n|move|p1a: Chien-Pao|Sacred Sword|p2a: Chi-Yu\n|-supereffective|p2a: Chi-Yu\n|-damage|p2a: Chi-Yu|0 fnt\n|faint|p2a: Chi-Yu\n|move|p1b: Scizor|Close Combat|p2b: Iron Hands\n|-damage|p2b: Iron Hands|3\/100\n|-unboost|p1b: Scizor|def|1\n|-unboost|p1b: Scizor|spd|1\n|move|p2b: Iron Hands|Drain Punch|p1a: Chien-Pao\n|-supereffective|p1a: Chien-Pao\n|-damage|p1a: Chien-Pao|0 fnt\n|-heal|p2b: Iron Hands|4\/100|[from] drain|[of] p1a: Chien-Pao\n|faint|p1a: Chien-Pao\n|\n|upkeep\n|\n|t:|1684100469\n|switch|p1a: Iron Bundle|Iron Bundle, L50|100\/100\n|switch|p2a: Palafin|Palafin-Hero, L50, F|100\/100\n|-activate|p2a: Palafin|ability: Zero to Hero\n|-enditem|p1a: Iron Bundle|Booster Energy\n|-activate|p1a: Iron Bundle|ability: Quark Drive|[fromitem]\n|-start|p1a: Iron Bundle|quarkdrivespe\n|turn|6\n|\n|t:|1684100488\n|move|p1a: Iron Bundle|Icy Wind|p2a: Palafin|[spread] p2b\n|-miss|p1a: Iron Bundle|p2a: Palafin\n|-damage|p2b: Iron Hands|0 fnt\n|faint|p2b: Iron Hands\n|-end|p2b: Iron Hands|Quark Drive|[silent]\n|move|p2a: Palafin|Wave Crash|p1a: Iron Bundle\n|-resisted|p1a: Iron Bundle\n|-damage|p1a: Iron Bundle|48\/100\n|-damage|p2a: Palafin|89\/100|[from] Recoil\n|move|p1b: Scizor|Pounce|p2a: Palafin\n|-damage|p2a: Palafin|51\/100\n|-unboost|p2a: Palafin|spe|1\n|\n|upkeep\n|turn|7\n|-message|Xeoniio forfeited.\n|\n|win|nickfang6\n|raw|nickfang6's rating: 1464 → 1488<\/strong> (+24 for winning)\n|raw|Xeoniio's rating: 1527 → 1503<\/strong> (-24 for losing)\n|l|\u2606Xeoniio\n","uploadtime":1684100502,"views":14,"p1id":"nickfang6","p2id":"xeoniio","formatid":"gen9vgc2023regulationc","rating":1488,"private":0,"password":""}