{"id":"gen9vgc2023regulationc-1852721002","p1":"Yoyoforce","p2":"Pkmntrainertroy","format":"[Gen 9] VGC 2023 Regulation C","log":"|j|\u2606Yoyoforce\n|j|\u2606Pkmntrainertroy\n|t:|1682600192\n|gametype|doubles\n|player|p1|Yoyoforce|bellelba|1000\n|player|p2|Pkmntrainertroy|lucas|1000\n|teamsize|p1|6\n|teamsize|p2|6\n|gen|9\n|tier|[Gen 9] VGC 2023 Regulation C\n|rated|\n|rule|Species Clause: Limit one of each Pok\u00e9mon\n|rule|Item Clause: Limit one of each item\n|clearpoke\n|poke|p1|Chi-Yu, L50|\n|poke|p1|Maushold, L50|\n|poke|p1|Iron Bundle, L50|\n|poke|p1|Torkoal, L50, F|\n|poke|p1|Roaring Moon, L50|\n|poke|p1|Great Tusk, L50|\n|poke|p2|Iron Hands, L50|\n|poke|p2|Garchomp, L50, M|\n|poke|p2|Weavile, L50, M|\n|poke|p2|Gastrodon-East, L50, F|\n|poke|p2|Coalossal, L50, F|\n|poke|p2|Annihilape, L50, F|\n|teampreview|4\n|inactive|Battle timer is ON: inactive players will automatically lose when time's up. (requested by Pkmntrainertroy)\n|inactive|Pkmntrainertroy has 60 seconds left.\n|\n|t:|1682600240\n|start\n|switch|p1a: Donfang|Great Tusk, L50|100\/100\n|switch|p1b: Roaring Moon|Roaring Moon, L50|100\/100\n|switch|p2a: Coalossal|Coalossal, L50, F|100\/100\n|switch|p2b: Weavile|Weavile, L50, M|100\/100\n|-ability|p2b: Weavile|Pressure\n|turn|1\n|c|\u2606Pkmntrainertroy|Glhf\n|inactive|Yoyoforce has 30 seconds left.\n|inactive|Pkmntrainertroy has 30 seconds left.\n|\n|t:|1682600273\n|move|p2b: Weavile|Surf|p1a: Donfang|[spread] p2a,p1a,p1b\n|-supereffective|p2a: Coalossal\n|-supereffective|p1a: Donfang\n|-crit|p1a: Donfang\n|-resisted|p1b: Roaring Moon\n|-damage|p2a: Coalossal|76\/100\n|-damage|p1a: Donfang|85\/100\n|-damage|p1b: Roaring Moon|98\/100\n|-ability|p2a: Coalossal|Steam Engine|boost\n|-boost|p2a: Coalossal|spe|6\n|-enditem|p2a: Coalossal|Weakness Policy\n|-boost|p2a: Coalossal|atk|2|[from] item: Weakness Policy\n|-boost|p2a: Coalossal|spa|2|[from] item: Weakness Policy\n|move|p2a: Coalossal|Flare Blitz|p1a: Donfang\n|-damage|p1a: Donfang|21\/100\n|-damage|p2a: Coalossal|51\/100|[from] Recoil\n|move|p1b: Roaring Moon|Tailwind|p1b: Roaring Moon\n|-sidestart|p1: Yoyoforce|move: Tailwind\n|move|p1a: Donfang|Play Rough|p2b: Weavile\n|-supereffective|p2b: Weavile\n|-damage|p2b: Weavile|0 fnt\n|faint|p2b: Weavile\n|\n|upkeep\n|\n|t:|1682600293\n|switch|p2b: Gastrodon|Gastrodon-East, L50, F|100\/100\n|turn|2\n|inactive|Yoyoforce has 30 seconds left.\n|\n|t:|1682600321\n|-end|p1a: Donfang|Protosynthesis|[silent]\n|switch|p1a: Deliborg|Iron Bundle, L50|100\/100\n|-enditem|p1a: Deliborg|Booster Energy\n|-activate|p1a: Deliborg|ability: Quark Drive|[fromitem]\n|-start|p1a: Deliborg|quarkdrivespe\n|move|p2a: Coalossal|Protect|p2a: Coalossal\n|-singleturn|p2a: Coalossal|Protect\n|move|p1b: Roaring Moon|Dragon Pulse|p2a: Coalossal\n|-activate|p2a: Coalossal|move: Protect\n|move|p2b: Gastrodon|Muddy Water|p1b: Roaring Moon|[spread] p1a,p1b\n|-resisted|p1a: Deliborg\n|-resisted|p1b: Roaring Moon\n|-damage|p1a: Deliborg|81\/100\n|-damage|p1b: Roaring Moon|87\/100\n|-unboost|p1a: Deliborg|accuracy|1\n|-unboost|p1b: Roaring Moon|accuracy|1\n|\n|upkeep\n|turn|3\n|inactive|Yoyoforce has 30 seconds left.\n|inactive|Yoyoforce has 20 seconds left.\n|inactive|Yoyoforce has 15 seconds left.\n|\n|t:|1682600361\n|move|p2b: Gastrodon|Protect|p2b: Gastrodon\n|-singleturn|p2b: Gastrodon|Protect\n|move|p1a: Deliborg|Freeze-Dry|p2b: Gastrodon\n|-activate|p2b: Gastrodon|move: Protect\n|move|p1b: Roaring Moon|Dragon Pulse|p2a: Coalossal\n|-damage|p2a: Coalossal|23\/100\n|move|p2a: Coalossal|Rock Slide|p1b: Roaring Moon|[spread] p1a,p1b\n|-supereffective|p1a: Deliborg\n|-damage|p1a: Deliborg|0 fnt\n|-damage|p1b: Roaring Moon|21\/100\n|faint|p1a: Deliborg\n|-end|p1a: Deliborg|Quark Drive|[silent]\n|\n|upkeep\n|l|\u2606Pkmntrainertroy\n|inactive|Pkmntrainertroy disconnected and has a minute to reconnect!\n|player|p2|\n|\n|t:|1682600376\n|switch|p1a: Tanlan|Chi-Yu, L50|100\/100\n|-ability|p1a: Tanlan|Beads of Ruin\n|turn|4\n|j|\u2606Pkmntrainertroy\n|inactive|Pkmntrainertroy reconnected and has 55 seconds left.\n|player|p2|Pkmntrainertroy|lucas\n|\n|t:|1682600393\n|move|p1b: Roaring Moon|Tailwind||[still]\n|-fail|p1b: Roaring Moon\n|move|p1a: Tanlan|Heat Wave|p2a: Coalossal|[spread] p2a,p2b\n|-resisted|p2a: Coalossal\n|-resisted|p2b: Gastrodon\n|-damage|p2a: Coalossal|10\/100\n|-damage|p2b: Gastrodon|85\/100\n|move|p2a: Coalossal|Rock Slide|p1b: Roaring Moon|[spread] p1a,p1b\n|-supereffective|p1a: Tanlan\n|-crit|p1b: Roaring Moon\n|-damage|p1a: Tanlan|0 fnt\n|-damage|p1b: Roaring Moon|0 fnt\n|faint|p1a: Tanlan\n|faint|p1b: Roaring Moon\n|-end|p1b: Roaring Moon|Protosynthesis|[silent]\n|move|p2b: Gastrodon|Muddy Water|p1: Tanlan|[notarget]\n|-fail|p2b: Gastrodon\n|\n|-heal|p2b: Gastrodon|91\/100|[from] item: Leftovers\n|-sideend|p1: Yoyoforce|move: Tailwind\n|upkeep\n|\n|t:|1682600411\n|switch|p1a: Donfang|Great Tusk, L50|21\/100\n|turn|5\n|\n|t:|1682600422\n|-terastallize|p1a: Donfang|Fighting\n|move|p2a: Coalossal|Flare Blitz|p1a: Donfang\n|-damage|p1a: Donfang|0 fnt\n|faint|p1a: Donfang\n|-end|p1a: Donfang|Protosynthesis|[silent]\n|-damage|p2a: Coalossal|3\/100|[from] Recoil\n|\n|win|Pkmntrainertroy\n|raw|Yoyoforce's rating: 1000 → 1000<\/strong> (+0 for losing)\n|raw|Pkmntrainertroy's rating: 1000 → 1040<\/strong> (+40 for winning)\n|c|\u2606Pkmntrainertroy|Gg\n|l|\u2606Yoyoforce\n","uploadtime":1682600440,"views":13,"p1id":"yoyoforce","p2id":"pkmntrainertroy","formatid":"gen9vgc2023regulationc","rating":1000,"private":0,"password":""}