{"id":"gen9vgc2023regulationc-1848278290","p1":"marioman6444","p2":"soumenyaaaaa","format":"[Gen 9] VGC 2023 Regulation C","log":"|j|\u2606marioman6444\n|j|\u2606soumenyaaaaa\n|t:|1682052458\n|gametype|doubles\n|player|p1|marioman6444|hoopster|1300\n|player|p2|soumenyaaaaa|benga|1338\n|teamsize|p1|6\n|teamsize|p2|6\n|gen|9\n|tier|[Gen 9] VGC 2023 Regulation C\n|rated|\n|rule|Species Clause: Limit one of each Pok\u00e9mon\n|rule|Item Clause: Limit one of each item\n|clearpoke\n|poke|p1|Brute Bonnet, L50|\n|poke|p1|Garchomp, L50, F|\n|poke|p1|Murkrow, L50, M|\n|poke|p1|Iron Bundle, L50|\n|poke|p1|Maushold, L50|\n|poke|p1|Flutter Mane, L50|\n|poke|p2|Sableye, L50, F|\n|poke|p2|Glimmora, L50, M|\n|poke|p2|Flutter Mane, L50|\n|poke|p2|Wo-Chien, L50|\n|poke|p2|Chi-Yu, L50|\n|poke|p2|Hydreigon, L50, M|\n|teampreview|4\n|inactive|Battle timer is ON: inactive players will automatically lose when time's up. (requested by soumenyaaaaa)\n|inactive|marioman6444 also wants the timer to be on.\n|inactive|marioman6444 has 60 seconds left.\n|inactive|soumenyaaaaa has 60 seconds left.\n|\n|t:|1682052505\n|start\n|switch|p1a: G-Girl|Garchomp, L50, F, shiny|100\/100\n|switch|p1b: THE RATS|Maushold, L50, shiny|100\/100\n|switch|p2a: Sableye|Sableye, L50, F, shiny|100\/100\n|switch|p2b: Glimmora|Glimmora, L50, M|100\/100\n|turn|1\n|\n|t:|1682052518\n|switch|p2b: Wo-Chien|Wo-Chien, L50|100\/100\n|-ability|p2b: Wo-Chien|Tablets of Ruin\n|move|p1a: G-Girl|Protect|p1a: G-Girl\n|-singleturn|p1a: G-Girl|Protect\n|move|p1b: THE RATS|Protect|p1b: THE RATS\n|-singleturn|p1b: THE RATS|Protect\n|move|p2a: Sableye|Reflect|p2a: Sableye\n|-sidestart|p2: soumenyaaaaa|Reflect\n|\n|upkeep\n|turn|2\n|\n|t:|1682052540\n|move|p2a: Sableye|Encore|p1b: THE RATS\n|-start|p1b: THE RATS|Encore\n|move|p1a: G-Girl|Stomping Tantrum|p2a: Sableye\n|-damage|p2a: Sableye|69\/100\n|move|p1b: THE RATS|Protect||[still]\n|-fail|p1b: THE RATS\n|move|p2b: Wo-Chien|Ruination|p1a: G-Girl\n|-damage|p1a: G-Girl|50\/100\n|\n|upkeep\n|turn|3\n|inactive|soumenyaaaaa has 30 seconds left.\n|\n|t:|1682052570\n|switch|p1a: Happy Happy|Iron Bundle, L50|100\/100\n|-enditem|p1a: Happy Happy|Booster Energy\n|-activate|p1a: Happy Happy|ability: Quark Drive|[fromitem]\n|-start|p1a: Happy Happy|quarkdrivespe\n|switch|p1b: Mutter Flane|Flutter Mane, L50, shiny|100\/100\n|move|p2a: Sableye|Disable||[still]\n|-fail|p2a: Sableye\n|move|p2b: Wo-Chien|Leech Seed|p1b: Mutter Flane\n|-start|p1b: Mutter Flane|move: Leech Seed\n|\n|-damage|p1b: Mutter Flane|88\/100|[from] Leech Seed|[of] p2b: Wo-Chien\n|upkeep\n|turn|4\n|inactive|soumenyaaaaa has 30 seconds left.\n|inactive|marioman6444 has 30 seconds left.\n|inactive|soumenyaaaaa has 20 seconds left.\n|inactive|soumenyaaaaa has 15 seconds left.\n|inactive|marioman6444 has 20 seconds left.\n|inactive|marioman6444 has 15 seconds left.\n|\n|t:|1682052623\n|-terastallize|p1b: Mutter Flane|Fairy\n|move|p2a: Sableye|Light Screen|p2a: Sableye\n|-sidestart|p2: soumenyaaaaa|move: Light Screen\n|move|p1a: Happy Happy|Encore|p2b: Wo-Chien\n|-start|p2b: Wo-Chien|Encore\n|move|p1b: Mutter Flane|Dazzling Gleam|p2a: Sableye|[spread] p2a,p2b\n|-supereffective|p2a: Sableye\n|-supereffective|p2b: Wo-Chien\n|-damage|p2a: Sableye|0 fnt\n|-damage|p2b: Wo-Chien|45\/100\n|faint|p2a: Sableye\n|move|p2b: Wo-Chien|Leech Seed|p1a: Happy Happy\n|-start|p1a: Happy Happy|move: Leech Seed\n|\n|-heal|p2b: Wo-Chien|51\/100|[from] item: Leftovers\n|-damage|p1a: Happy Happy|88\/100|[from] Leech Seed|[of] p2b: Wo-Chien\n|-heal|p2b: Wo-Chien|59\/100|[silent]\n|-damage|p1b: Mutter Flane|75\/100|[from] Leech Seed|[of] p2b: Wo-Chien\n|-heal|p2b: Wo-Chien|70\/100|[silent]\n|upkeep\n|\n|t:|1682052644\n|switch|p2a: Flutter Mane|Flutter Mane, L50|100\/100\n|-enditem|p2a: Flutter Mane|Booster Energy\n|-activate|p2a: Flutter Mane|ability: Protosynthesis|[fromitem]\n|-start|p2a: Flutter Mane|protosynthesisspa\n|turn|5\n|\n|t:|1682052658\n|-terastallize|p2a: Flutter Mane|Fire\n|move|p1a: Happy Happy|Icy Wind|p2b: Wo-Chien|[spread] p2a,p2b\n|-resisted|p2a: Flutter Mane\n|-supereffective|p2b: Wo-Chien\n|-damage|p2a: Flutter Mane|94\/100\n|-damage|p2b: Wo-Chien|49\/100\n|-unboost|p2a: Flutter Mane|spe|1\n|-unboost|p2b: Wo-Chien|spe|1\n|move|p1b: Mutter Flane|Dazzling Gleam|p2b: Wo-Chien|[spread] p2a,p2b\n|-resisted|p2a: Flutter Mane\n|-supereffective|p2b: Wo-Chien\n|-damage|p2a: Flutter Mane|76\/100\n|-damage|p2b: Wo-Chien|0 fnt\n|faint|p2b: Wo-Chien\n|move|p2a: Flutter Mane|Dazzling Gleam|p1a: Happy Happy|[spread] p1a,p1b\n|-damage|p1a: Happy Happy|0 fnt\n|-damage|p1b: Mutter Flane|32\/100\n|faint|p1a: Happy Happy\n|-end|p1a: Happy Happy|Quark Drive|[silent]\n|\n|upkeep\n|\n|t:|1682052676\n|switch|p1a: G-Girl|Garchomp, L50, F, shiny|50\/100\n|switch|p2b: Glimmora|Glimmora, L50, M|100\/100\n|turn|6\n|-message|soumenyaaaaa forfeited.\n|\n|win|marioman6444\n|raw|marioman6444's rating: 1300 → 1328<\/strong> (+28 for winning)\n|raw|soumenyaaaaa's rating: 1338 → 1316<\/strong> (-22 for losing)\n|l|\u2606soumenyaaaaa\n|c|\u2606marioman6444|?\n|c|\u2606marioman6444|Gg...\n","uploadtime":1682052703,"views":14,"p1id":"marioman6444","p2id":"soumenyaaaaa","formatid":"gen9vgc2023regulationc","rating":1316,"private":0,"password":""}