{"id":"gen9vgc2023regulationc-1856832774","p1":"Jibbers","p2":"EBnilla","format":"[Gen 9] VGC 2023 Regulation C","log":"|j|\u2606Jibbers\n|j|\u2606EBnilla\n|t:|1683117308\n|gametype|doubles\n|player|p1|Jibbers|red|1227\n|player|p2|EBnilla|backpacker|1179\n|teamsize|p1|6\n|teamsize|p2|6\n|gen|9\n|tier|[Gen 9] VGC 2023 Regulation C\n|rated|\n|rule|Species Clause: Limit one of each Pok\u00e9mon\n|rule|Item Clause: Limit one of each item\n|clearpoke\n|poke|p1|Brute Bonnet, L50|\n|poke|p1|Gyarados, L50, M|\n|poke|p1|Ceruledge, L50, M|\n|poke|p1|Flutter Mane, L50|\n|poke|p1|Pawmot, L50, M|\n|poke|p1|Talonflame, L50, F|\n|poke|p2|Ting-Lu, L50|\n|poke|p2|Amoonguss, L50, F|\n|poke|p2|Kingambit, L50, M|\n|poke|p2|Flutter Mane, L50|\n|poke|p2|Palafin, L50, M|\n|poke|p2|Scream Tail, L50|\n|teampreview|4\n|\n|t:|1683117350\n|start\n|switch|p1a: Talonflame|Talonflame, L50, F|100\/100\n|switch|p1b: Brute Bonnet|Brute Bonnet, L50|100\/100\n|switch|p2a: Kingambit|Kingambit, L50, M|100\/100\n|switch|p2b: Palafin|Palafin, L50, M, shiny|100\/100\n|turn|1\n|inactive|Battle timer is ON: inactive players will automatically lose when time's up. (requested by Jibbers)\n|\n|t:|1683117364\n|detailschange|p2b: Palafin|Palafin-Hero, L50, M, shiny\n|switch|p2b: Amoonguss|Amoonguss, L50, F|100\/100\n|move|p1a: Talonflame|Will-O-Wisp|p2a: Kingambit\n|-status|p2a: Kingambit|brn\n|move|p1b: Brute Bonnet|Spore|p2b: Amoonguss\n|-immune|p2b: Amoonguss\n|move|p2a: Kingambit|Kowtow Cleave|p1a: Talonflame\n|-damage|p1a: Talonflame|52\/100\n|\n|-damage|p2a: Kingambit|95\/100 brn|[from] brn\n|upkeep\n|turn|2\n|\n|t:|1683117384\n|-end|p1b: Brute Bonnet|Protosynthesis|[silent]\n|switch|p1b: Ceruledge|Ceruledge, L50, M|100\/100\n|move|p2b: Amoonguss|Protect|p2b: Amoonguss\n|-singleturn|p2b: Amoonguss|Protect\n|move|p1a: Talonflame|Taunt|p2b: Amoonguss\n|-activate|p2b: Amoonguss|move: Protect\n|move|p2a: Kingambit|Kowtow Cleave|p1a: Talonflame\n|-damage|p1a: Talonflame|7\/100\n|\n|-damage|p2a: Kingambit|89\/100 brn|[from] brn\n|upkeep\n|turn|3\n|inactive|Jibbers has 30 seconds left.\n|inactive|EBnilla has 30 seconds left.\n|\n|t:|1683117421\n|switch|p2b: Palafin|Palafin-Hero, L50, M, shiny|100\/100\n|-activate|p2b: Palafin|ability: Zero to Hero\n|move|p1a: Talonflame|Tailwind|p1a: Talonflame\n|-sidestart|p1: Jibbers|move: Tailwind\n|move|p1b: Ceruledge|Bulk Up|p1b: Ceruledge\n|-boost|p1b: Ceruledge|atk|1\n|-boost|p1b: Ceruledge|def|1\n|move|p2a: Kingambit|Kowtow Cleave|p1a: Talonflame\n|-damage|p1a: Talonflame|0 fnt\n|faint|p1a: Talonflame\n|\n|-damage|p2a: Kingambit|83\/100 brn|[from] brn\n|upkeep\n|\n|t:|1683117435\n|switch|p1a: Brute Bonnet|Brute Bonnet, L50|100\/100\n|turn|4\n|\n|t:|1683117447\n|switch|p2a: Amoonguss|Amoonguss, L50, F|100\/100\n|-terastallize|p1b: Ceruledge|Grass\n|move|p2b: Palafin|Protect|p2b: Palafin\n|-singleturn|p2b: Palafin|Protect\n|move|p1b: Ceruledge|Bitter Blade|p2a: Amoonguss\n|-supereffective|p2a: Amoonguss\n|-damage|p2a: Amoonguss|0 fnt\n|faint|p2a: Amoonguss\n|move|p1a: Brute Bonnet|Bullet Seed|p2b: Palafin\n|-activate|p2b: Palafin|move: Protect\n|\n|upkeep\n|\n|t:|1683117449\n|switch|p2a: Flutter Mane|Flutter Mane, L50|100\/100\n|turn|5\n|\n|t:|1683117460\n|switch|p2b: Kingambit|Kingambit, L50, M|83\/100 brn\n|-terastallize|p2a: Flutter Mane|Ghost\n|move|p1b: Ceruledge|Shadow Sneak|p2a: Flutter Mane\n|-supereffective|p2a: Flutter Mane\n|-enditem|p2a: Flutter Mane|Focus Sash\n|-damage|p2a: Flutter Mane|1\/100\n|move|p1a: Brute Bonnet|Bullet Seed|p2b: Kingambit\n|-resisted|p2b: Kingambit\n|-damage|p2b: Kingambit|77\/100 brn\n|-resisted|p2b: Kingambit\n|-damage|p2b: Kingambit|70\/100 brn\n|-resisted|p2b: Kingambit\n|-damage|p2b: Kingambit|63\/100 brn\n|-resisted|p2b: Kingambit\n|-damage|p2b: Kingambit|58\/100 brn\n|-resisted|p2b: Kingambit\n|-damage|p2b: Kingambit|51\/100 brn\n|-hitcount|p2b: Kingambit|5\n|move|p2a: Flutter Mane|Moonblast|p1b: Ceruledge\n|-damage|p1b: Ceruledge|49\/100\n|\n|-damage|p2b: Kingambit|45\/100 brn|[from] brn\n|upkeep\n|turn|6\n|\n|t:|1683117484\n|move|p2a: Flutter Mane|Protect|p2a: Flutter Mane\n|-singleturn|p2a: Flutter Mane|Protect\n|move|p1b: Ceruledge|Shadow Sneak|p2a: Flutter Mane\n|-activate|p2a: Flutter Mane|move: Protect\n|move|p1a: Brute Bonnet|Sucker Punch|p2b: Kingambit\n|-resisted|p2b: Kingambit\n|-damage|p2b: Kingambit|29\/100 brn\n|move|p2b: Kingambit|Kowtow Cleave|p1b: Ceruledge\n|-damage|p1b: Ceruledge|28\/100\n|\n|-damage|p2b: Kingambit|23\/100 brn|[from] brn\n|-sideend|p1: Jibbers|move: Tailwind\n|upkeep\n|turn|7\n|\n|t:|1683117497\n|move|p1b: Ceruledge|Shadow Sneak|p2a: Flutter Mane\n|-supereffective|p2a: Flutter Mane\n|-damage|p2a: Flutter Mane|0 fnt\n|faint|p2a: Flutter Mane\n|-end|p2a: Flutter Mane|Protosynthesis|[silent]\n|move|p1a: Brute Bonnet|Sucker Punch|p2b: Kingambit\n|-resisted|p2b: Kingambit\n|-damage|p2b: Kingambit|7\/100 brn\n|move|p2b: Kingambit|Kowtow Cleave|p1b: Ceruledge\n|-damage|p1b: Ceruledge|6\/100\n|\n|-damage|p2b: Kingambit|2\/100 brn|[from] brn\n|upkeep\n|\n|t:|1683117499\n|switch|p2a: Palafin|Palafin-Hero, L50, M, shiny|100\/100\n|turn|8\n|\n|t:|1683117513\n|move|p2a: Palafin|Protect|p2a: Palafin\n|-singleturn|p2a: Palafin|Protect\n|move|p1b: Ceruledge|Protect|p1b: Ceruledge\n|-singleturn|p1b: Ceruledge|Protect\n|move|p1a: Brute Bonnet|Bullet Seed|p2a: Palafin\n|-activate|p2a: Palafin|move: Protect\n|move|p2b: Kingambit|Kowtow Cleave|p1b: Ceruledge\n|-activate|p1b: Ceruledge|move: Protect\n|\n|-damage|p2b: Kingambit|0 fnt|[from] brn\n|faint|p2b: Kingambit\n|upkeep\n|turn|9\n|-message|EBnilla forfeited.\n|\n|win|Jibbers\n|raw|Jibbers's rating: 1227 → 1249<\/strong> (+22 for winning)\n|raw|EBnilla's rating: 1179 → 1157<\/strong> (-22 for losing)\n|l|\u2606EBnilla\n","uploadtime":1683117531,"views":11,"p1id":"jibbers","p2id":"ebnilla","formatid":"gen9vgc2023regulationc","rating":1157,"private":0,"password":""}