{"id":"gen9vgc2023regulationc-1859001230","p1":"kricketot marx","p2":"Paul Kalkbrenner","format":"[Gen 9] VGC 2023 Regulation C","log":"|j|\u2606kricketot marx\n|j|\u2606Paul Kalkbrenner\n|t:|1683392894\n|gametype|doubles\n|player|p1|kricketot marx|flannery|1415\n|player|p2|Paul Kalkbrenner|swimmer|1404\n|teamsize|p1|6\n|teamsize|p2|6\n|gen|9\n|tier|[Gen 9] VGC 2023 Regulation C\n|rated|\n|rule|Species Clause: Limit one of each Pok\u00e9mon\n|rule|Item Clause: Limit one of each item\n|clearpoke\n|poke|p1|Scream Tail, L50|\n|poke|p1|Baxcalibur, L50, M|\n|poke|p1|Corviknight, L50, F|\n|poke|p1|Rotom-Wash, L50|\n|poke|p1|Flutter Mane, L50|\n|poke|p1|Tyranitar, L50, F|\n|poke|p2|Chi-Yu, L50|\n|poke|p2|Flutter Mane, L50|\n|poke|p2|Azumarill, L50, F|\n|poke|p2|Brute Bonnet, L50|\n|poke|p2|Iron Bundle, L50|\n|poke|p2|Great Tusk, L50|\n|teampreview|4\nkricketot marx has agreed to open team sheets.\nPaul Kalkbrenner has agreed to open team sheets.\n|\n|t:|1683393038\n|start\n|switch|p1a: Corviknight|Corviknight, L50, F, shiny|100\/100\n|switch|p1b: Rotom|Rotom-Wash, L50, shiny|100\/100\n|switch|p2a: Iron Bundle|Iron Bundle, L50|100\/100\n|switch|p2b: Great Tusk|Great Tusk, L50|100\/100\n|-enditem|p2a: Iron Bundle|Booster Energy\n|-activate|p2a: Iron Bundle|ability: Quark Drive|[fromitem]\n|-start|p2a: Iron Bundle|quarkdrivespe\n|turn|1\n|\n|t:|1683393099\n|move|p2a: Iron Bundle|Freeze-Dry|p1b: Rotom\n|-supereffective|p1b: Rotom\n|-damage|p1b: Rotom|35\/100\n|-enditem|p1b: Rotom|Sitrus Berry|[eat]\n|-heal|p1b: Rotom|60\/100|[from] item: Sitrus Berry\n|move|p2b: Great Tusk|Close Combat|p1b: Rotom\n|-damage|p1b: Rotom|0 fnt\n|-unboost|p2b: Great Tusk|def|1\n|-unboost|p2b: Great Tusk|spd|1\n|faint|p1b: Rotom\n|move|p1a: Corviknight|Tailwind|p1a: Corviknight\n|-sidestart|p1: kricketot marx|move: Tailwind\n|\n|upkeep\n|\n|t:|1683393110\n|switch|p1b: Baxcalibur|Baxcalibur, L50, M|100\/100\n|turn|2\n|\n|t:|1683393134\n|switch|p1a: Scream Tail|Scream Tail, L50, shiny|100\/100\n|-enditem|p1a: Scream Tail|Booster Energy\n|-activate|p1a: Scream Tail|ability: Protosynthesis|[fromitem]\n|-start|p1a: Scream Tail|protosynthesisspe\n|-end|p2b: Great Tusk|Protosynthesis|[silent]\n|switch|p2b: Chi-Yu|Chi-Yu, L50|100\/100\n|-ability|p2b: Chi-Yu|Beads of Ruin\n|-terastallize|p1b: Baxcalibur|Poison\n|move|p2a: Iron Bundle|Icy Wind|p1a: Scream Tail|[spread] p1a,p1b\n|-damage|p1a: Scream Tail|84\/100\n|-damage|p1b: Baxcalibur|76\/100\n|-unboost|p1a: Scream Tail|spe|1\n|-unboost|p1b: Baxcalibur|spe|1\n|move|p1b: Baxcalibur|Icicle Spear|p2b: Chi-Yu\n|-resisted|p2b: Chi-Yu\n|-crit|p2b: Chi-Yu\n|-damage|p2b: Chi-Yu|84\/100\n|-resisted|p2b: Chi-Yu\n|-damage|p2b: Chi-Yu|73\/100\n|-resisted|p2b: Chi-Yu\n|-damage|p2b: Chi-Yu|62\/100\n|-resisted|p2b: Chi-Yu\n|-damage|p2b: Chi-Yu|51\/100\n|-resisted|p2b: Chi-Yu\n|-damage|p2b: Chi-Yu|39\/100\n|-hitcount|p2b: Chi-Yu|5\n|\n|upkeep\n|turn|3\n|\n|t:|1683393169\n|move|p2a: Iron Bundle|Protect|p2a: Iron Bundle\n|-singleturn|p2a: Iron Bundle|Protect\n|move|p2b: Chi-Yu|Protect|p2b: Chi-Yu\n|-singleturn|p2b: Chi-Yu|Protect\n|move|p1a: Scream Tail|Disable|p2a: Iron Bundle\n|-activate|p2a: Iron Bundle|move: Protect\n|move|p1b: Baxcalibur|Icicle Spear|p2b: Chi-Yu\n|-activate|p2b: Chi-Yu|move: Protect\n|\n|upkeep\n|turn|4\n|\n|t:|1683393194\n|move|p1a: Scream Tail|Encore|p2a: Iron Bundle\n|-start|p2a: Iron Bundle|Encore\n|move|p2a: Iron Bundle|Protect||[still]\n|-fail|p2a: Iron Bundle\n|move|p1b: Baxcalibur|Icicle Spear|p2b: Chi-Yu\n|-resisted|p2b: Chi-Yu\n|-damage|p2b: Chi-Yu|29\/100\n|-resisted|p2b: Chi-Yu\n|-damage|p2b: Chi-Yu|17\/100\n|-resisted|p2b: Chi-Yu\n|-damage|p2b: Chi-Yu|6\/100\n|-resisted|p2b: Chi-Yu\n|-damage|p2b: Chi-Yu|0 fnt\n|faint|p2b: Chi-Yu\n|-hitcount|p2: Chi-Yu|4\n|\n|-sideend|p1: kricketot marx|move: Tailwind\n|upkeep\n|\n|t:|1683393209\n|switch|p2b: Flutter Mane|Flutter Mane, L50|100\/100\n|turn|5\n|\n|t:|1683393234\n|-end|p2a: Iron Bundle|Quark Drive|[silent]\n|switch|p2a: Great Tusk|Great Tusk, L50|100\/100\n|-end|p1a: Scream Tail|Protosynthesis|[silent]\n|switch|p1a: Corviknight|Corviknight, L50, F, shiny|100\/100\n|move|p2b: Flutter Mane|Shadow Ball|p1a: Corviknight\n|-damage|p1a: Corviknight|54\/100\n|-damage|p2b: Flutter Mane|91\/100|[from] item: Life Orb\n|move|p1b: Baxcalibur|Icicle Spear|p2b: Flutter Mane\n|-damage|p2b: Flutter Mane|58\/100\n|-damage|p2b: Flutter Mane|25\/100\n|-damage|p2b: Flutter Mane|0 fnt\n|faint|p2b: Flutter Mane\n|-end|p2b: Flutter Mane|Protosynthesis|[silent]\n|-hitcount|p2: Flutter Mane|3\n|\n|upkeep\n|\n|t:|1683393244\n|switch|p2b: Iron Bundle|Iron Bundle, L50|100\/100\n|turn|6\n|\n|t:|1683393268\n|move|p2b: Iron Bundle|Freeze-Dry|p1a: Corviknight\n|-damage|p1a: Corviknight|29\/100\n|move|p2a: Great Tusk|Rock Slide|p1b: Baxcalibur|[spread] p1a,p1b\n|-damage|p1a: Corviknight|12\/100\n|-damage|p1b: Baxcalibur|54\/100\n|move|p1a: Corviknight|Tailwind|p1a: Corviknight\n|-sidestart|p1: kricketot marx|move: Tailwind\n|move|p1b: Baxcalibur|Icicle Spear|p2a: Great Tusk\n|-supereffective|p2a: Great Tusk\n|-damage|p2a: Great Tusk|77\/100\n|-supereffective|p2a: Great Tusk\n|-damage|p2a: Great Tusk|54\/100\n|-supereffective|p2a: Great Tusk\n|-damage|p2a: Great Tusk|32\/100\n|-supereffective|p2a: Great Tusk\n|-damage|p2a: Great Tusk|7\/100\n|-hitcount|p2a: Great Tusk|4\n|\n|upkeep\n|turn|7\n|\n|t:|1683393295\n|move|p1b: Baxcalibur|Protect|p1b: Baxcalibur\n|-singleturn|p1b: Baxcalibur|Protect\n|move|p2b: Iron Bundle|Icy Wind|p1b: Baxcalibur|[spread] p1a\n|-activate|p1b: Baxcalibur|move: Protect\n|-damage|p1a: Corviknight|0 fnt\n|faint|p1a: Corviknight\n|move|p2a: Great Tusk|Headlong Rush|p1b: Baxcalibur\n|-activate|p1b: Baxcalibur|move: Protect\n|\n|upkeep\n|\n|t:|1683393301\n|switch|p1a: Scream Tail|Scream Tail, L50, shiny|84\/100\n|turn|8\n|\n|t:|1683393327\n|move|p1b: Baxcalibur|Ice Shard|p2a: Great Tusk\n|-supereffective|p2a: Great Tusk\n|-damage|p2a: Great Tusk|0 fnt\n|faint|p2a: Great Tusk\n|-end|p2a: Great Tusk|Protosynthesis|[silent]\n|move|p1a: Scream Tail|Encore|p2b: Iron Bundle\n|-start|p2b: Iron Bundle|Encore\n|move|p2b: Iron Bundle|Icy Wind|p1a: Scream Tail|[spread] p1a,p1b\n|-damage|p1a: Scream Tail|71\/100\n|-damage|p1b: Baxcalibur|35\/100\n|-unboost|p1a: Scream Tail|spe|1\n|-unboost|p1b: Baxcalibur|spe|1\n|\n|upkeep\n|turn|9\n|\n|t:|1683393340\n|move|p1a: Scream Tail|Disable|p2b: Iron Bundle\n|-start|p2b: Iron Bundle|Disable|Icy Wind\n|cant|p2b: Iron Bundle|Disable|Icy Wind\n|move|p1b: Baxcalibur|Glaive Rush|p2b: Iron Bundle\n|-damage|p2b: Iron Bundle|17\/100\n|-singlemove|p1b: Baxcalibur|Glaive Rush|[silent]\n|\n|-sideend|p1: kricketot marx|move: Tailwind\n|upkeep\n|turn|10\n|-message|Paul Kalkbrenner forfeited.\n|\n|win|kricketot marx\n|raw|kricketot marx's rating: 1415 → 1434<\/strong> (+19 for winning)\n|raw|Paul Kalkbrenner's rating: 1404 → 1385<\/strong> (-19 for losing)\n|l|\u2606Paul Kalkbrenner\n","uploadtime":1683393353,"views":6,"p1id":"kricketotmarx","p2id":"paulkalkbrenner","formatid":"gen9vgc2023regulationc","rating":1385,"private":0,"password":""}