{"id":"gen9vgc2023regulationc-1856755845","p1":"duperman","p2":"gundojuan8","format":"[Gen 9] VGC 2023 Regulation C","log":"|j|\u2606duperman\n|j|\u2606gundojuan8\n|t:|1683106414\n|gametype|doubles\n|player|p1|duperman|169|1240\n|player|p2|gundojuan8|ethan|1314\n|teamsize|p1|6\n|teamsize|p2|6\n|gen|9\n|tier|[Gen 9] VGC 2023 Regulation C\n|rated|\n|rule|Species Clause: Limit one of each Pok\u00e9mon\n|rule|Item Clause: Limit one of each item\n|clearpoke\n|poke|p1|Slither Wing, L50|\n|poke|p1|Torkoal, L50, F|\n|poke|p1|Gyarados, L50, M|\n|poke|p1|Chi-Yu, L50|\n|poke|p1|Flutter Mane, L50|\n|poke|p1|Chien-Pao, L50|\n|poke|p2|Flapple, L50, F|\n|poke|p2|Sandy Shocks, L50|\n|poke|p2|Espathra, L50, F|\n|poke|p2|Volcarona, L50, M|\n|poke|p2|Bronzong, L50|\n|poke|p2|Chi-Yu, L50|\n|teampreview|4\n|inactive|Battle timer is ON: inactive players will automatically lose when time's up. (requested by gundojuan8)\n|inactive|duperman also wants the timer to be on.\n|\n|t:|1683106437\n|start\n|switch|p1a: Slither Wing|Slither Wing, L50|100\/100\n|switch|p1b: Chien-Pao|Chien-Pao, L50|100\/100\n|switch|p2a: Sandy Shocks|Sandy Shocks, L50|100\/100\n|switch|p2b: Espathra|Espathra, L50, F|100\/100\n|-ability|p1b: Chien-Pao|Sword of Ruin\n|-enditem|p2a: Sandy Shocks|Booster Energy\n|-activate|p2a: Sandy Shocks|ability: Protosynthesis|[fromitem]\n|-start|p2a: Sandy Shocks|protosynthesisspe\n|turn|1\n|\n|t:|1683106453\n|move|p2a: Sandy Shocks|Protect|p2a: Sandy Shocks\n|-singleturn|p2a: Sandy Shocks|Protect\n|move|p2b: Espathra|Protect|p2b: Espathra\n|-singleturn|p2b: Espathra|Protect\n|move|p1a: Slither Wing|First Impression|p2a: Sandy Shocks\n|-activate|p2a: Sandy Shocks|move: Protect\n|move|p1b: Chien-Pao|Sucker Punch||[still]\n|-fail|p1b: Chien-Pao\n|\n|-ability|p2b: Espathra|Speed Boost|boost\n|-boost|p2b: Espathra|spe|1\n|upkeep\n|turn|2\n|\n|t:|1683106474\n|move|p1b: Chien-Pao|Sucker Punch||[still]\n|-fail|p1b: Chien-Pao\n|move|p2a: Sandy Shocks|Gravity|p2a: Sandy Shocks\n|-fieldstart|move: Gravity\n|move|p2b: Espathra|Hypnosis|p1b: Chien-Pao\n|-status|p1b: Chien-Pao|slp|[from] move: Hypnosis\n|move|p1a: Slither Wing|U-turn|p2a: Sandy Shocks\n|-damage|p2a: Sandy Shocks|40\/100\n|\n|t:|1683106491\n|-end|p1a: Slither Wing|Protosynthesis|[silent]\n|switch|p1a: Chi-Yu|Chi-Yu, L50|100\/100|[from] U-turn\n|-ability|p1a: Chi-Yu|Beads of Ruin\n|\n|-ability|p2b: Espathra|Speed Boost|boost\n|-boost|p2b: Espathra|spe|1\n|upkeep\n|turn|3\n|\n|t:|1683106507\n|cant|p1b: Chien-Pao|slp\n|move|p2b: Espathra|Hypnosis|p1a: Chi-Yu\n|-status|p1a: Chi-Yu|slp|[from] move: Hypnosis\n|move|p2a: Sandy Shocks|Earth Power|p1a: Chi-Yu\n|-supereffective|p1a: Chi-Yu\n|-damage|p1a: Chi-Yu|0 fnt\n|faint|p1a: Chi-Yu\n|\n|-ability|p2b: Espathra|Speed Boost|boost\n|-boost|p2b: Espathra|spe|1\n|upkeep\n|\n|t:|1683106515\n|switch|p1a: Slither Wing|Slither Wing, L50|100\/100\n|turn|4\n|\n|t:|1683106532\n|move|p2b: Espathra|Protect|p2b: Espathra\n|-singleturn|p2b: Espathra|Protect\n|move|p2a: Sandy Shocks|Protect|p2a: Sandy Shocks\n|-singleturn|p2a: Sandy Shocks|Protect\n|move|p1a: Slither Wing|First Impression|p2b: Espathra\n|-activate|p2b: Espathra|move: Protect\n|cant|p1b: Chien-Pao|slp\n|\n|-ability|p2b: Espathra|Speed Boost|boost\n|-boost|p2b: Espathra|spe|1\n|upkeep\n|turn|5\n|\n|t:|1683106557\n|-curestatus|p1b: Chien-Pao|slp|[msg]\n|move|p1b: Chien-Pao|Sucker Punch|p2a: Sandy Shocks\n|-damage|p2a: Sandy Shocks|0 fnt\n|faint|p2a: Sandy Shocks\n|-end|p2a: Sandy Shocks|Protosynthesis|[silent]\n|move|p2b: Espathra|Hypnosis|p1a: Slither Wing\n|-status|p1a: Slither Wing|slp|[from] move: Hypnosis\n|cant|p1a: Slither Wing|slp\n|\n|-ability|p2b: Espathra|Speed Boost|boost\n|-boost|p2b: Espathra|spe|1\n|upkeep\n|\n|t:|1683106567\n|switch|p2a: Flapple|Flapple, L50, F, shiny|100\/100\n|turn|6\n|\n|t:|1683106576\n|-terastallize|p2a: Flapple|Fire\n|move|p2b: Espathra|Hypnosis|p1b: Chien-Pao\n|-status|p1b: Chien-Pao|slp|[from] move: Hypnosis\n|cant|p1b: Chien-Pao|slp\n|move|p2a: Flapple|Grav Apple|p1a: Slither Wing\n|-resisted|p1a: Slither Wing\n|-damage|p1a: Slither Wing|6\/100 slp\n|-unboost|p1a: Slither Wing|def|1\n|cant|p1a: Slither Wing|slp\n|\n|-fieldend|move: Gravity\n|-ability|p2b: Espathra|Speed Boost|boost\n|-boost|p2b: Espathra|spe|1\n|upkeep\n|turn|7\n|inactive|duperman has 30 seconds left.\n|inactive|duperman has 20 seconds left.\n|inactive|duperman has 15 seconds left.\n|\n|t:|1683106616\n|move|p2b: Espathra|Dazzling Gleam|p1b: Chien-Pao|[spread] p1a,p1b\n|-supereffective|p1a: Slither Wing\n|-supereffective|p1b: Chien-Pao\n|-damage|p1a: Slither Wing|0 fnt\n|-damage|p1b: Chien-Pao|36\/100 slp\n|faint|p1a: Slither Wing\n|-end|p1a: Slither Wing|Protosynthesis|[silent]\n|cant|p1b: Chien-Pao|slp\n|move|p2a: Flapple|Grav Apple|p1b: Chien-Pao\n|-damage|p1b: Chien-Pao|0 fnt\n|faint|p1b: Chien-Pao\n|\n|upkeep\n|\n|t:|1683106620\n|switch|p1a: Flutter Mane|Flutter Mane, L50|100\/100\n|turn|8\n|\n|t:|1683106637\n|move|p2b: Espathra|Hypnosis|p1a: Flutter Mane\n|-status|p1a: Flutter Mane|slp|[from] move: Hypnosis\n|cant|p1a: Flutter Mane|slp\n|move|p2a: Flapple|Grav Apple|p1a: Flutter Mane\n|-damage|p1a: Flutter Mane|0 fnt\n|faint|p1a: Flutter Mane\n|-end|p1a: Flutter Mane|Protosynthesis|[silent]\n|\n|win|gundojuan8\n|raw|duperman's rating: 1240 → 1220<\/strong> (-20 for losing)\n|raw|gundojuan8's rating: 1314 → 1330<\/strong> (+16 for winning)\n|l|\u2606duperman\n","uploadtime":1683106650,"views":12,"p1id":"duperman","p2id":"gundojuan8","formatid":"gen9vgc2023regulationc","rating":1220,"private":0,"password":""}