{"id":"gen9vgc2023regulationc-1853009060","p1":"CaptainEricVGC","p2":"tbpjs","format":"[Gen 9] VGC 2023 Regulation C","log":"|j|\u2606CaptainEricVGC\n|j|\u2606tbpjs\n|t:|1682625282\n|gametype|doubles\n|player|p1|CaptainEricVGC|170|1088\n|player|p2|tbpjs|elesa|1000\n|teamsize|p1|6\n|teamsize|p2|6\n|gen|9\n|tier|[Gen 9] VGC 2023 Regulation C\n|rated|\n|rule|Species Clause: Limit one of each Pok\u00e9mon\n|rule|Item Clause: Limit one of each item\n|clearpoke\n|poke|p1|Arcanine, L50, M|\n|poke|p1|Baxcalibur, L50, F|\n|poke|p1|Brute Bonnet, L50|\n|poke|p1|Flutter Mane, L50|\n|poke|p1|Palafin, L50, F|\n|poke|p1|Ting-Lu, L50|\n|poke|p2|Eiscue, L50, F|\n|poke|p2|Iron Hands, L50|\n|poke|p2|Dragapult, L50, F|\n|poke|p2|Arcanine, L50, F|\n|poke|p2|Maushold, L50|\n|poke|p2|Abomasnow, L50, F|\n|teampreview|4\n|\n|t:|1682625337\n|start\n|switch|p1a: Arcanine|Arcanine, L50, M|100\/100\n|switch|p1b: Flutter Mane|Flutter Mane, L50|100\/100\n|switch|p2a: Maushold|Maushold, L50|100\/100\n|switch|p2b: Eiscue|Eiscue, L50, F, shiny|100\/100\n|-ability|p1a: Arcanine|Intimidate|boost\n|-unboost|p2a: Maushold|atk|1\n|-unboost|p2b: Eiscue|atk|1\n|-enditem|p1b: Flutter Mane|Booster Energy\n|-activate|p1b: Flutter Mane|ability: Protosynthesis|[fromitem]\n|-start|p1b: Flutter Mane|protosynthesisspa\n|turn|1\n|\n|t:|1682625362\n|switch|p2b: Dragapult|Dragapult, L50, F, shiny|100\/100\n|move|p2a: Maushold|Follow Me|p2a: Maushold\n|-singleturn|p2a: Maushold|move: Follow Me\n|move|p1b: Flutter Mane|Substitute|p1b: Flutter Mane\n|-start|p1b: Flutter Mane|Substitute\n|-damage|p1b: Flutter Mane|76\/100\n|move|p1a: Arcanine|Flare Blitz|p2a: Maushold|[miss]\n|-miss|p1a: Arcanine|p2a: Maushold\n|\n|upkeep\n|turn|2\n|\n|t:|1682625387\n|move|p1b: Flutter Mane|Protect|p1b: Flutter Mane\n|-singleturn|p1b: Flutter Mane|Protect\n|move|p2b: Dragapult|Phantom Force||[still]\n|-prepare|p2b: Dragapult|Phantom Force\n|move|p2a: Maushold|U-turn|p1b: Flutter Mane\n|-activate|p1b: Flutter Mane|move: Protect\n|move|p1a: Arcanine|Flare Blitz|p2a: Maushold\n|-damage|p2a: Maushold|42\/100\n|-damage|p1a: Arcanine|83\/100|[from] Recoil\n|\n|upkeep\n|turn|3\n|c|\u2606CaptainEricVGC|brightpowder maushold\n|\n|t:|1682625417\n|move|p2a: Maushold|Protect|p2a: Maushold\n|-singleturn|p2a: Maushold|Protect\n|move|p2b: Dragapult|Phantom Force|p1b: Flutter Mane|[from]lockedmove\n|-supereffective|p1b: Flutter Mane\n|-end|p1b: Flutter Mane|Substitute\n|-damage|p2b: Dragapult|91\/100|[from] item: Life Orb\n|move|p1b: Flutter Mane|Moonblast|p2b: Dragapult\n|-supereffective|p2b: Dragapult\n|-crit|p2b: Dragapult\n|-damage|p2b: Dragapult|0 fnt\n|faint|p2b: Dragapult\n|move|p1a: Arcanine|Flare Blitz|p2a: Maushold\n|-activate|p2a: Maushold|move: Protect\n|\n|upkeep\n|c|\u2606tbpjs|Correct\n|\n|t:|1682625433\n|switch|p2b: Abomasnow|Abomasnow, L50, F|100\/100\n|-weather|Snow|[from] ability: Snow Warning|[of] p2b: Abomasnow\n|turn|4\n|\n|t:|1682625444\n|-terastallize|p2b: Abomasnow|Ground\n|move|p2a: Maushold|Follow Me|p2a: Maushold\n|-singleturn|p2a: Maushold|move: Follow Me\n|move|p1b: Flutter Mane|Substitute|p1b: Flutter Mane\n|-start|p1b: Flutter Mane|Substitute\n|-damage|p1b: Flutter Mane|51\/100\n|move|p1a: Arcanine|Flare Blitz|p2a: Maushold\n|-damage|p2a: Maushold|0 fnt\n|faint|p2a: Maushold\n|-damage|p1a: Arcanine|70\/100|[from] Recoil\n|move|p2b: Abomasnow|Earth Power|p1a: Arcanine\n|-supereffective|p1a: Arcanine\n|-damage|p1a: Arcanine|0 fnt\n|faint|p1a: Arcanine\n|\n|-weather|Snow|[upkeep]\n|upkeep\n|c|\u2606CaptainEricVGC|unemployed behavior\n|\n|t:|1682625464\n|switch|p2a: Eiscue|Eiscue, L50, F, shiny|100\/100\n|switch|p1a: Baxcalibur|Baxcalibur, L50, F|100\/100\n|turn|5\n|\n|t:|1682625477\n|-terastallize|p1a: Baxcalibur|Water\n|move|p2a: Eiscue|Protect|p2a: Eiscue\n|-singleturn|p2a: Eiscue|Protect\n|move|p1b: Flutter Mane|Moonblast|p2a: Eiscue\n|-activate|p2a: Eiscue|move: Protect\n|move|p1a: Baxcalibur|Icicle Spear|p2b: Abomasnow\n|-supereffective|p2b: Abomasnow\n|-damage|p2b: Abomasnow|66\/100\n|-supereffective|p2b: Abomasnow\n|-damage|p2b: Abomasnow|29\/100\n|-supereffective|p2b: Abomasnow\n|-damage|p2b: Abomasnow|0 fnt\n|faint|p2b: Abomasnow\n|-hitcount|p2: Abomasnow|3\n|\n|-weather|Snow|[upkeep]\n|upkeep\n|turn|6\n|inactive|Battle timer is ON: inactive players will automatically lose when time's up. (requested by CaptainEricVGC)\n|c|\u2606tbpjs|Not that you're correct, but what does my job have to do withvit\n|inactive|tbpjs has 60 seconds left.\n|-message|tbpjs forfeited.\n|\n|win|CaptainEricVGC\n|raw|CaptainEricVGC's rating: 1088 → 1108<\/strong> (+20 for winning)\n|raw|tbpjs's rating: 1000 → 1000<\/strong> (+0 for losing)\n","uploadtime":1682625570,"views":9,"p1id":"captainericvgc","p2id":"tbpjs","formatid":"gen9vgc2023regulationc","rating":1000,"private":0,"password":""}