{"id":"gen9vgc2023regulationc-1854446496","p1":"BlnglF","p2":"zhongqiu","format":"[Gen 9] VGC 2023 Regulation C","log":"|j|\u2606BlnglF\n|j|\u2606zhongqiu\n|t:|1682811955\n|gametype|doubles\n|player|p1|BlnglF|265|1054\n|player|p2|zhongqiu|dawn|1135\n|teamsize|p1|6\n|teamsize|p2|6\n|gen|9\n|tier|[Gen 9] VGC 2023 Regulation C\n|rated|\n|rule|Species Clause: Limit one of each Pok\u00e9mon\n|rule|Item Clause: Limit one of each item\n|clearpoke\n|poke|p1|Abomasnow, L50, F|\n|poke|p1|Iron Bundle, L50|\n|poke|p1|Amoonguss, L50, M|\n|poke|p1|Kingambit, L50, F|\n|poke|p1|Ceruledge, L50, F|\n|poke|p1|Vaporeon, L50, F|\n|poke|p2|Pincurchin, L50, F|\n|poke|p2|Iron Moth, L50|\n|poke|p2|Iron Treads, L50|\n|poke|p2|Iron Hands, L50|\n|poke|p2|Iron Bundle, L50|\n|poke|p2|Iron Jugulis, L50|\n|teampreview|4\n|inactive|Battle timer is ON: inactive players will automatically lose when time's up. (requested by zhongqiu)\n|inactive|zhongqiu has 60 seconds left.\n|\n|t:|1682811995\n|start\n|switch|p1a: Abomasnow|Abomasnow, L50, F|100\/100\n|switch|p1b: Iron Bundle|Iron Bundle, L50|100\/100\n|switch|p2a: Pincurchin|Pincurchin, L50, F|100\/100\n|switch|p2b: Iron Moth|Iron Moth, L50|100\/100\n|-weather|Snow|[from] ability: Snow Warning|[of] p1a: Abomasnow\n|-fieldstart|move: Electric Terrain|[from] ability: Electric Surge|[of] p2a: Pincurchin\n|-activate|p2b: Iron Moth|ability: Quark Drive\n|-start|p2b: Iron Moth|quarkdrivespa\n|-activate|p1b: Iron Bundle|ability: Quark Drive\n|-start|p1b: Iron Bundle|quarkdrivespe\n|turn|1\n|\n|t:|1682812020\n|-terastallize|p1a: Abomasnow|Water\n|move|p2a: Pincurchin|Sucker Punch||[still]\n|-fail|p2a: Pincurchin\n|move|p1b: Iron Bundle|Aurora Veil|p1b: Iron Bundle\n|-sidestart|p1: BlnglF|move: Aurora Veil\n|move|p2b: Iron Moth|Heat Wave|p1b: Iron Bundle|[spread] p1a,p1b\n|-resisted|p1a: Abomasnow\n|-crit|p1b: Iron Bundle\n|-damage|p1a: Abomasnow|78\/100\n|-damage|p1b: Iron Bundle|0 fnt\n|-status|p1a: Abomasnow|brn\n|faint|p1b: Iron Bundle\n|-end|p1b: Iron Bundle|Quark Drive|[silent]\n|move|p1a: Abomasnow|Tera Blast|p2b: Iron Moth\n|-supereffective|p2b: Iron Moth\n|-damage|p2b: Iron Moth|26\/100\n|\n|-weather|Snow|[upkeep]\n|-damage|p1a: Abomasnow|72\/100 brn|[from] brn\n|upkeep\n|\n|t:|1682812038\n|switch|p1b: Vaporeon|Vaporeon, L50, F|100\/100\n|turn|2\n|inactive|zhongqiu has 30 seconds left.\n|\n|t:|1682812065\n|move|p2a: Pincurchin|Sucker Punch|p1a: Abomasnow\n|-damage|p1a: Abomasnow|53\/100 brn\n|move|p2b: Iron Moth|Heat Wave|p1b: Vaporeon|[spread] p1b\n|-miss|p2b: Iron Moth|p1a: Abomasnow\n|-resisted|p1b: Vaporeon\n|-damage|p1b: Vaporeon|88\/100\n|-status|p1b: Vaporeon|brn\n|move|p1a: Abomasnow|Tera Blast|p2b: Iron Moth\n|-supereffective|p2b: Iron Moth\n|-damage|p2b: Iron Moth|0 fnt\n|faint|p2b: Iron Moth\n|-end|p2b: Iron Moth|Quark Drive|[silent]\n|move|p1b: Vaporeon|Acid Armor|p1b: Vaporeon\n|-boost|p1b: Vaporeon|def|2\n|\n|-weather|Snow|[upkeep]\n|-heal|p1b: Vaporeon|94\/100 brn|[from] item: Leftovers\n|-damage|p1a: Abomasnow|47\/100 brn|[from] brn\n|-damage|p1b: Vaporeon|88\/100 brn|[from] brn\n|upkeep\n|\n|t:|1682812082\n|switch|p2b: Iron Bundle|Iron Bundle, L50|100\/100\n|-activate|p2b: Iron Bundle|ability: Quark Drive\n|-start|p2b: Iron Bundle|quarkdrivespe\n|turn|3\n|\n|t:|1682812100\n|move|p2a: Pincurchin|Sucker Punch|p1a: Abomasnow\n|-damage|p1a: Abomasnow|25\/100 brn\n|move|p2b: Iron Bundle|Freeze-Dry|p1b: Vaporeon\n|-supereffective|p1b: Vaporeon\n|-damage|p1b: Vaporeon|47\/100 brn\n|move|p1a: Abomasnow|Leaf Storm|p2b: Iron Bundle\n|-supereffective|p2b: Iron Bundle\n|-enditem|p2b: Iron Bundle|Focus Sash\n|-damage|p2b: Iron Bundle|1\/100\n|-unboost|p1a: Abomasnow|spa|2\n|move|p1b: Vaporeon|Calm Mind|p1b: Vaporeon\n|-boost|p1b: Vaporeon|spa|1\n|-boost|p1b: Vaporeon|spd|1\n|\n|-weather|Snow|[upkeep]\n|-heal|p1b: Vaporeon|53\/100 brn|[from] item: Leftovers\n|-damage|p1a: Abomasnow|19\/100 brn|[from] brn\n|-damage|p1b: Vaporeon|47\/100 brn|[from] brn\n|upkeep\n|turn|4\n|inactive|zhongqiu has 30 seconds left.\n|\n|t:|1682812131\n|switch|p1a: Amoonguss|Amoonguss, L50, M|100\/100\n|-terastallize|p2b: Iron Bundle|Ice\n|move|p2a: Pincurchin|Sucker Punch||[still]\n|-fail|p2a: Pincurchin\n|move|p2b: Iron Bundle|Freeze-Dry|p1b: Vaporeon\n|-supereffective|p1b: Vaporeon\n|-damage|p1b: Vaporeon|12\/100 brn\n|move|p1b: Vaporeon|Muddy Water|p2a: Pincurchin|[spread] p2a,p2b\n|-damage|p2a: Pincurchin|54\/100\n|-damage|p2b: Iron Bundle|0 fnt\n|faint|p2b: Iron Bundle\n|-end|p2b: Iron Bundle|Quark Drive|[silent]\n|\n|-weather|Snow|[upkeep]\n|-heal|p1b: Vaporeon|18\/100 brn|[from] item: Leftovers\n|-damage|p1b: Vaporeon|12\/100 brn|[from] brn\n|upkeep\n|\n|t:|1682812147\n|switch|p2b: Iron Treads|Iron Treads, L50|100\/100\n|-activate|p2b: Iron Treads|ability: Quark Drive\n|-start|p2b: Iron Treads|quarkdrivespe\n|turn|5\n|\n|t:|1682812168\n|move|p2a: Pincurchin|Protect|p2a: Pincurchin\n|-singleturn|p2a: Pincurchin|Protect\n|move|p1a: Amoonguss|Rage Powder|p1a: Amoonguss\n|-singleturn|p1a: Amoonguss|move: Rage Powder\n|move|p2b: Iron Treads|Earthquake|p1b: Vaporeon|[spread] p1a,p1b\n|-activate|p2a: Pincurchin|move: Protect\n|-damage|p1a: Amoonguss|79\/100\n|-damage|p1b: Vaporeon|0 fnt\n|faint|p1b: Vaporeon\n|-damage|p2b: Iron Treads|91\/100|[from] item: Life Orb\n|\n|-weather|none\n|upkeep\n|\n|t:|1682812174\n|switch|p1b: Abomasnow|Abomasnow, L50, F, tera:Water|19\/100 brn\n|-weather|Snow|[from] ability: Snow Warning|[of] p1b: Abomasnow\n|turn|6\n|inactive|zhongqiu has 30 seconds left.\n|\n|t:|1682812200\n|move|p1a: Amoonguss|Rage Powder|p1a: Amoonguss\n|-singleturn|p1a: Amoonguss|move: Rage Powder\n|move|p2a: Pincurchin|Sucker Punch||[still]\n|-fail|p2a: Pincurchin\n|move|p2b: Iron Treads|Earthquake|p1b: Abomasnow|[spread] p2a,p1a,p1b\n|-supereffective|p2a: Pincurchin\n|-crit|p1b: Abomasnow\n|-damage|p2a: Pincurchin|0 fnt\n|-damage|p1a: Amoonguss|55\/100\n|-damage|p1b: Abomasnow|0 fnt\n|faint|p2a: Pincurchin\n|faint|p1b: Abomasnow\n|-damage|p2b: Iron Treads|81\/100|[from] item: Life Orb\n|\n|-weather|Snow|[upkeep]\n|upkeep\n|turn|7\n|-message|BlnglF forfeited.\n|\n|win|zhongqiu\n|raw|BlnglF's rating: 1054 → 1040<\/strong> (-14 for losing)\n|raw|zhongqiu's rating: 1135 → 1154<\/strong> (+19 for winning)\n|l|\u2606BlnglF\n","uploadtime":1682812217,"views":18,"p1id":"blnglf","p2id":"zhongqiu","formatid":"gen9vgc2023regulationc","rating":1040,"private":0,"password":""}