{"id":"gen9vgc2023regulationc-1855888728","p1":"DoctorTW","p2":"jaymac11","format":"[Gen 9] VGC 2023 Regulation C","log":"|j|\u2606DoctorTW\n|j|\u2606jaymac11\n|t:|1682996408\n|gametype|doubles\n|player|p1|DoctorTW|102|1150\n|player|p2|jaymac11|lucas|1221\n|teamsize|p1|6\n|teamsize|p2|6\n|gen|9\n|tier|[Gen 9] VGC 2023 Regulation C\n|rated|\n|rule|Species Clause: Limit one of each Pok\u00e9mon\n|rule|Item Clause: Limit one of each item\n|clearpoke\n|poke|p1|Glimmora, L50, F|\n|poke|p1|Iron Hands, L50|\n|poke|p1|Palafin, L50, M|\n|poke|p1|Skeledirge, L50, F|\n|poke|p1|Ting-Lu, L50|\n|poke|p1|Wo-Chien, L50|\n|poke|p2|Scizor, L50, M|\n|poke|p2|Amoonguss, L50, F|\n|poke|p2|Dragonite, L50, F|\n|poke|p2|Ting-Lu, L50|\n|poke|p2|Chien-Pao, L50|\n|poke|p2|Chi-Yu, L50|\n|teampreview|4\n|\n|t:|1682996444\n|start\n|switch|p1a: Glimmora|Glimmora, L50, F|100\/100\n|switch|p1b: Palafin|Palafin, L50, M|100\/100\n|switch|p2a: Dragonite|Dragonite, L50, F|100\/100\n|switch|p2b: Chien-Pao|Chien-Pao, L50|100\/100\n|-ability|p2b: Chien-Pao|Sword of Ruin\n|turn|1\n|inactive|Battle timer is ON: inactive players will automatically lose when time's up. (requested by jaymac11)\n|\n|t:|1682996459\n|detailschange|p1b: Palafin|Palafin-Hero, L50, M\n|switch|p1b: Iron Hands|Iron Hands, L50|100\/100\n|move|p2b: Chien-Pao|Protect|p2b: Chien-Pao\n|-singleturn|p2b: Chien-Pao|Protect\n|move|p2a: Dragonite|Earthquake|p1b: Iron Hands|[spread] p1a,p1b\n|-activate|p2b: Chien-Pao|move: Protect\n|-supereffective|p1a: Glimmora\n|-supereffective|p1b: Iron Hands\n|-enditem|p1a: Glimmora|Focus Sash\n|-damage|p1a: Glimmora|1\/100\n|-damage|p1b: Iron Hands|24\/100\n|-activate|p1a: Glimmora|ability: Toxic Debris\n|-sidestart|p2: jaymac11|move: Toxic Spikes\n|-damage|p2a: Dragonite|91\/100|[from] item: Life Orb\n|move|p1a: Glimmora|Mortal Spin|p2a: Dragonite|[spread] p2a\n|-activate|p2b: Chien-Pao|move: Protect\n|-damage|p2a: Dragonite|85\/100\n|-status|p2a: Dragonite|psn\n|\n|-damage|p2a: Dragonite|73\/100 psn|[from] psn\n|upkeep\n|turn|2\n|inactive|DoctorTW has 30 seconds left.\n|inactive|jaymac11 has 30 seconds left.\n|inactive|DoctorTW has 20 seconds left.\n|inactive|jaymac11 has 20 seconds left.\n|inactive|DoctorTW has 15 seconds left.\n|inactive|jaymac11 has 15 seconds left.\n|inactive|jaymac11 has 10 seconds left.\n|\n|t:|1682996505\n|switch|p2b: Amoonguss|Amoonguss, L50, F|100\/100\n|-sideend|p2: jaymac11|move: Toxic Spikes|[of] p2b: Amoonguss\n|-terastallize|p1b: Iron Hands|Flying\n|move|p1b: Iron Hands|Fake Out|p2a: Dragonite\n|-damage|p2a: Dragonite|57\/100 psn\n|move|p2a: Dragonite|Earthquake|p1b: Iron Hands|[spread] p2b,p1a\n|-immune|p1b: Iron Hands\n|-supereffective|p1a: Glimmora\n|-damage|p2b: Amoonguss|68\/100\n|-damage|p1a: Glimmora|0 fnt\n|-activate|p1a: Glimmora|ability: Toxic Debris\n|-sidestart|p2: jaymac11|move: Toxic Spikes\n|faint|p1a: Glimmora\n|-damage|p2a: Dragonite|47\/100 psn|[from] item: Life Orb\n|\n|-damage|p2a: Dragonite|35\/100 psn|[from] psn\n|upkeep\n|\n|t:|1682996520\n|switch|p1a: Palafin|Palafin-Hero, L50, M|100\/100\n|-activate|p1a: Palafin|ability: Zero to Hero\n|turn|3\n|\n|t:|1682996531\n|move|p2a: Dragonite|Protect|p2a: Dragonite\n|-singleturn|p2a: Dragonite|Protect\n|move|p1a: Palafin|Ice Punch|p2a: Dragonite\n|-activate|p2a: Dragonite|move: Protect\n|move|p1b: Iron Hands|Volt Switch|p2b: Amoonguss\n|-resisted|p2b: Amoonguss\n|-damage|p2b: Amoonguss|63\/100\n|\n|t:|1682996539\n|-end|p1b: Iron Hands|Quark Drive|[silent]\n|switch|p1b: Wo-Chien|Wo-Chien, L50|100\/100|[from] Volt Switch\n|-ability|p1b: Wo-Chien|Tablets of Ruin\n|move|p2b: Amoonguss|Spore|p1a: Palafin\n|-status|p1a: Palafin|slp|[from] move: Spore\n|-enditem|p1a: Palafin|Lum Berry|[eat]\n|-curestatus|p1a: Palafin|slp|[msg]\n|\n|-damage|p2a: Dragonite|23\/100 psn|[from] psn\n|upkeep\n|turn|4\n|inactive|jaymac11 has 30 seconds left.\n|inactive|jaymac11 has 20 seconds left.\n|inactive|jaymac11 has 15 seconds left.\n|inactive|jaymac11 has 10 seconds left.\n|\n|t:|1682996588\n|switch|p2b: Chien-Pao|Chien-Pao, L50|100\/100\n|-status|p2b: Chien-Pao|psn\n|-ability|p2b: Chien-Pao|Sword of Ruin\n|-terastallize|p2a: Dragonite|Normal\n|move|p1a: Palafin|Protect|p1a: Palafin\n|-singleturn|p1a: Palafin|Protect\n|move|p2a: Dragonite|Extreme Speed|p1a: Palafin\n|-activate|p1a: Palafin|move: Protect\n|move|p1b: Wo-Chien|Ruination|p2b: Chien-Pao\n|-damage|p2b: Chien-Pao|51\/100 psn\n|\n|-damage|p2b: Chien-Pao|39\/100 psn|[from] psn\n|-damage|p2a: Dragonite|11\/100 psn|[from] psn\n|upkeep\n|turn|5\n|\n|t:|1682996610\n|move|p2a: Dragonite|Extreme Speed|p1a: Palafin\n|-damage|p1a: Palafin|38\/100\n|-damage|p2a: Dragonite|1\/100 psn|[from] item: Life Orb\n|move|p2b: Chien-Pao|Sucker Punch|p1a: Palafin\n|-damage|p1a: Palafin|3\/100\n|move|p1a: Palafin|Jet Punch|p2a: Dragonite\n|-damage|p2a: Dragonite|0 fnt\n|faint|p2a: Dragonite\n|move|p1b: Wo-Chien|Pollen Puff|p2b: Chien-Pao\n|-supereffective|p2b: Chien-Pao\n|-damage|p2b: Chien-Pao|0 fnt\n|faint|p2b: Chien-Pao\n|\n|upkeep\n|\n|t:|1682996625\n|switch|p2b: Amoonguss|Amoonguss, L50, F|96\/100\n|switch|p2a: Ting-Lu|Ting-Lu, L50|100\/100\n|-status|p2a: Ting-Lu|psn\n|-ability|p2a: Ting-Lu|Vessel of Ruin\n|-sideend|p2: jaymac11|move: Toxic Spikes|[of] p2b: Amoonguss\n|turn|6\n|\n|t:|1682996646\n|move|p1a: Palafin|Protect|p1a: Palafin\n|-singleturn|p1a: Palafin|Protect\n|move|p2b: Amoonguss|Rage Powder|p2b: Amoonguss\n|-singleturn|p2b: Amoonguss|move: Rage Powder\n|move|p1b: Wo-Chien|Ruination|p2b: Amoonguss\n|-damage|p2b: Amoonguss|48\/100\n|-enditem|p2b: Amoonguss|Sitrus Berry|[eat]\n|-heal|p2b: Amoonguss|73\/100|[from] item: Sitrus Berry\n|move|p2a: Ting-Lu|Stomping Tantrum|p1a: Palafin\n|-activate|p1a: Palafin|move: Protect\n|\n|-damage|p2a: Ting-Lu|88\/100 psn|[from] psn\n|upkeep\n|turn|7\n|inactive|jaymac11 has 30 seconds left.\n|\n|t:|1682996673\n|move|p2b: Amoonguss|Protect|p2b: Amoonguss\n|-singleturn|p2b: Amoonguss|Protect\n|move|p1a: Palafin|Ice Punch|p2b: Amoonguss\n|-activate|p2b: Amoonguss|move: Protect\n|move|p1b: Wo-Chien|Pollen Puff|p1a: Palafin\n|-heal|p1a: Palafin|53\/100\n|move|p2a: Ting-Lu|Stomping Tantrum|p1a: Palafin\n|-damage|p1a: Palafin|32\/100\n|\n|-damage|p2a: Ting-Lu|76\/100 psn|[from] psn\n|upkeep\n|turn|8\n|inactive|jaymac11 has 30 seconds left.\n|\n|t:|1682996706\n|move|p2b: Amoonguss|Protect|p2b: Amoonguss\n|-singleturn|p2b: Amoonguss|Protect\n|move|p1a: Palafin|Ice Punch|p2b: Amoonguss\n|-activate|p2b: Amoonguss|move: Protect\n|move|p1b: Wo-Chien|Pollen Puff|p1a: Palafin\n|-heal|p1a: Palafin|81\/100\n|move|p2a: Ting-Lu|Fissure|p1a: Palafin|[miss]\n|-miss|p2a: Ting-Lu|p1a: Palafin\n|\n|-damage|p2a: Ting-Lu|64\/100 psn|[from] psn\n|upkeep\n|turn|9\n|c|\u2606jaymac11|Lmfao\n|c|\u2606jaymac11|Youre a trash pos\n|-message|jaymac11 forfeited.\n|\n|win|DoctorTW\n|raw|DoctorTW's rating: 1150 → 1180<\/strong> (+30 for winning)\n|raw|jaymac11's rating: 1221 → 1191<\/strong> (-30 for losing)\n|l|\u2606jaymac11\n","uploadtime":1682996730,"views":13,"p1id":"doctortw","p2id":"jaymac11","formatid":"gen9vgc2023regulationc","rating":1180,"private":0,"password":""}