{"id":"gen9vgc2023regulationc-1860159278","p1":"fizzywizzyglizzy","p2":"outofthyme","format":"[Gen 9] VGC 2023 Regulation C","log":"|j|\u2606fizzywizzyglizzy\n|j|\u2606outofthyme\n|t:|1683602615\n|gametype|doubles\n|player|p1|fizzywizzyglizzy|169|1324\n|player|p2|outofthyme|169|1283\n|teamsize|p1|6\n|teamsize|p2|6\n|gen|9\n|tier|[Gen 9] VGC 2023 Regulation C\n|rated|\n|rule|Species Clause: Limit one of each Pok\u00e9mon\n|rule|Item Clause: Limit one of each item\n|clearpoke\n|poke|p1|Orthworm, L50, F|\n|poke|p1|Garganacl, L50, M|\n|poke|p1|Flutter Mane, L50|\n|poke|p1|Ting-Lu, L50|\n|poke|p1|Amoonguss, L50, F|\n|poke|p1|Dragonite, L50, M|\n|poke|p2|Murkrow, L50, F|\n|poke|p2|Flutter Mane, L50|\n|poke|p2|Brute Bonnet, L50|\n|poke|p2|Great Tusk, L50|\n|poke|p2|Chi-Yu, L50|\n|poke|p2|Iron Bundle, L50|\n|teampreview|4\nfizzywizzyglizzy has agreed to open team sheets.\n|\n|t:|1683602673\n|start\n|switch|p1a: Amoonguss|Amoonguss, L50, F|100\/100\n|switch|p1b: Orthworm|Orthworm, L50, F|100\/100\n|switch|p2a: Murkrow|Murkrow, L50, F|100\/100\n|switch|p2b: Great Tusk|Great Tusk, L50|100\/100\n|turn|1\n|\n|t:|1683602704\n|move|p2b: Great Tusk|Protect|p2b: Great Tusk\n|-singleturn|p2b: Great Tusk|Protect\n|move|p1a: Amoonguss|Rage Powder|p1a: Amoonguss\n|-singleturn|p1a: Amoonguss|move: Rage Powder\n|move|p2a: Murkrow|Foul Play|p1a: Amoonguss\n|-damage|p1a: Amoonguss|83\/100\n|-damage|p2a: Murkrow|84\/100|[from] item: Rocky Helmet|[of] p1a: Amoonguss\n|move|p1b: Orthworm|Shed Tail|p1b: Orthworm\n|-start|p1b: Orthworm|Substitute|[from] move: Shed Tail\n|-damage|p1b: Orthworm|50\/100\n|-enditem|p1b: Orthworm|Sitrus Berry|[eat]\n|-heal|p1b: Orthworm|75\/100|[from] item: Sitrus Berry\n|\n|t:|1683602717\n|switch|p1b: Flutter Mane|Flutter Mane, L50|100\/100|[from] Shed Tail\n|\n|upkeep\n|turn|2\n|\n|t:|1683602728\n|-terastallize|p1b: Flutter Mane|Fairy\n|move|p2a: Murkrow|Tailwind|p2a: Murkrow\n|-sidestart|p2: outofthyme|move: Tailwind\n|move|p2b: Great Tusk|Earthquake|p1b: Flutter Mane|[spread] p1a,p1b\n|-immune|p2a: Murkrow\n|-end|p1b: Flutter Mane|Substitute\n|-damage|p1a: Amoonguss|54\/100\n|move|p1b: Flutter Mane|Dazzling Gleam|p2a: Murkrow|[spread] p2a,p2b\n|-supereffective|p2a: Murkrow\n|-supereffective|p2b: Great Tusk\n|-damage|p2a: Murkrow|0 fnt\n|-enditem|p2b: Great Tusk|Focus Sash\n|-damage|p2b: Great Tusk|1\/100\n|faint|p2a: Murkrow\n|-damage|p1b: Flutter Mane|91\/100|[from] item: Life Orb\n|move|p1a: Amoonguss|Spore|p2b: Great Tusk\n|-status|p2b: Great Tusk|slp|[from] move: Spore\n|\n|upkeep\n|\n|t:|1683602742\n|switch|p2a: Chi-Yu|Chi-Yu, L50|100\/100\n|-ability|p2a: Chi-Yu|Beads of Ruin\n|turn|3\n|\n|t:|1683602759\n|-terastallize|p2a: Chi-Yu|Fire\n|cant|p2b: Great Tusk|slp\n|move|p1a: Amoonguss|Protect|p1a: Amoonguss\n|-singleturn|p1a: Amoonguss|Protect\n|move|p2a: Chi-Yu|Heat Wave|p1b: Flutter Mane|[spread] p1b\n|-activate|p1a: Amoonguss|move: Protect\n|-damage|p1b: Flutter Mane|23\/100\n|move|p1b: Flutter Mane|Dazzling Gleam|p2a: Chi-Yu|[spread] p2a,p2b\n|-resisted|p2a: Chi-Yu\n|-crit|p2a: Chi-Yu\n|-supereffective|p2b: Great Tusk\n|-damage|p2a: Chi-Yu|54\/100\n|-damage|p2b: Great Tusk|0 fnt\n|faint|p2b: Great Tusk\n|-end|p2b: Great Tusk|Protosynthesis|[silent]\n|-damage|p1b: Flutter Mane|13\/100|[from] item: Life Orb\n|\n|upkeep\n|\n|t:|1683602772\n|switch|p2b: Brute Bonnet|Brute Bonnet, L50|100\/100\n|turn|4\n|\n|t:|1683602793\n|move|p1b: Flutter Mane|Protect|p1b: Flutter Mane\n|-singleturn|p1b: Flutter Mane|Protect\n|move|p2a: Chi-Yu|Heat Wave|p1b: Flutter Mane|[spread] p1a\n|-activate|p1b: Flutter Mane|move: Protect\n|-supereffective|p1a: Amoonguss\n|-damage|p1a: Amoonguss|0 fnt\n|faint|p1a: Amoonguss\n|move|p2b: Brute Bonnet|Spore|p1b: Flutter Mane\n|-activate|p1b: Flutter Mane|move: Protect\n|\n|upkeep\n|\n|t:|1683602812\n|switch|p1a: Dragonite|Dragonite, L50, M|100\/100\n|turn|5\n|\n|t:|1683602820\n|-end|p1b: Flutter Mane|Protosynthesis|[silent]\n|switch|p1b: Orthworm|Orthworm, L50, F|75\/100\n|move|p2a: Chi-Yu|Protect|p2a: Chi-Yu\n|-singleturn|p2a: Chi-Yu|Protect\n|move|p1a: Dragonite|Extreme Speed|p2a: Chi-Yu\n|-activate|p2a: Chi-Yu|move: Protect\n|move|p2b: Brute Bonnet|Spore|p1a: Dragonite\n|-status|p1a: Dragonite|slp|[from] move: Spore\n|-enditem|p1a: Dragonite|Lum Berry|[eat]\n|-curestatus|p1a: Dragonite|slp|[msg]\n|\n|-sideend|p2: outofthyme|move: Tailwind\n|upkeep\n|turn|6\n|\n|t:|1683602837\n|move|p1b: Orthworm|Helping Hand|p1a: Dragonite\n|-singleturn|p1a: Dragonite|Helping Hand|[of] p1b: Orthworm\n|move|p2a: Chi-Yu|Protect||[still]\n|-fail|p2a: Chi-Yu\n|move|p1a: Dragonite|Extreme Speed|p2a: Chi-Yu\n|-damage|p2a: Chi-Yu|0 fnt\n|faint|p2a: Chi-Yu\n|move|p2b: Brute Bonnet|Spore|p1a: Dragonite\n|-status|p1a: Dragonite|slp|[from] move: Spore\n|\n|upkeep\n|turn|7\n|\n|t:|1683602852\n|cant|p1a: Dragonite|slp\n|move|p2b: Brute Bonnet|Sucker Punch|p1b: Orthworm\n|-damage|p1b: Orthworm|47\/100\n|move|p1b: Orthworm|Body Press|p2b: Brute Bonnet\n|-supereffective|p2b: Brute Bonnet\n|-damage|p2b: Brute Bonnet|43\/100\n|\n|upkeep\n|turn|8\n|-message|outofthyme forfeited.\n|\n|win|fizzywizzyglizzy\n|raw|fizzywizzyglizzy's rating: 1324 → 1342<\/strong> (+18 for winning)\n|raw|outofthyme's rating: 1283 → 1261<\/strong> (-22 for losing)\n|l|\u2606outofthyme\n","uploadtime":1683602863,"views":9,"p1id":"fizzywizzyglizzy","p2id":"outofthyme","formatid":"gen9vgc2023regulationc","rating":1261,"private":0,"password":""}