{"id":"gen9vgc2023regulationc-1848699722","p1":"Unisavage","p2":"BlindMagneton","format":"[Gen 9] VGC 2023 Regulation C","log":"|j|\u2606Unisavage\n|j|\u2606BlindMagneton\n|t:|1682101947\n|gametype|doubles\n|player|p1|Unisavage|blackbelt-gen4dp|1315\n|player|p2|BlindMagneton|wattson|1333\n|teamsize|p1|6\n|teamsize|p2|6\n|gen|9\n|tier|[Gen 9] VGC 2023 Regulation C\n|rated|\n|rule|Species Clause: Limit one of each Pok\u00e9mon\n|rule|Item Clause: Limit one of each item\n|clearpoke\n|poke|p1|Chien-Pao, L50|\n|poke|p1|Maushold-Four, L50|\n|poke|p1|Garchomp, L50, M|\n|poke|p1|Rotom-Heat, L50|\n|poke|p1|Gholdengo, L50|\n|poke|p1|Flutter Mane, L50|\n|poke|p2|Tinkaton, L50, F|\n|poke|p2|Wo-Chien, L50|\n|poke|p2|Ceruledge, L50, M|\n|poke|p2|Grimmsnarl, L50, M|\n|poke|p2|Chien-Pao, L50|\n|poke|p2|Dragapult, L50, F|\n|teampreview|4\n|j| meteorbower\n|l| meteorbower\n|inactive|Battle timer is ON: inactive players will automatically lose when time's up. (requested by Unisavage)\n|inactive|BlindMagneton has 60 seconds left.\n|\n|t:|1682102017\n|start\n|switch|p1a: Rotom|Rotom-Heat, L50|100\/100\n|switch|p1b: Garchomp|Garchomp, L50, M|100\/100\n|switch|p2a: Grimmsnarl|Grimmsnarl, L50, M|100\/100\n|switch|p2b: Dragapult|Dragapult, L50, F|100\/100\n|turn|1\n|inactive|BlindMagneton has 30 seconds left.\n|\n|t:|1682102046\n|move|p1b: Garchomp|Protect|p1b: Garchomp\n|-singleturn|p1b: Garchomp|Protect\n|move|p2a: Grimmsnarl|Fake Out|p1a: Rotom\n|-damage|p1a: Rotom|80\/100\n|cant|p1a: Rotom|flinch\n|move|p2b: Dragapult|Will-O-Wisp|p1b: Garchomp\n|-activate|p1b: Garchomp|move: Protect\n|\n|upkeep\n|turn|2\n|inactive|BlindMagneton has 30 seconds left.\n|\n|t:|1682102076\n|switch|p1b: Flutter Mane|Flutter Mane, L50|100\/100\n|move|p2a: Grimmsnarl|Swagger|p1a: Rotom\n|-boost|p1a: Rotom|atk|2\n|-enditem|p2b: Dragapult|Mirror Herb\n|-boost|p2b: Dragapult|atk|2|[from] item: Mirror Herb\n|-start|p1a: Rotom|confusion\n|-activate|p1a: Rotom|confusion\n|move|p1a: Rotom|Trick|p2a: Grimmsnarl\n|-activate|p1a: Rotom|move: Trick|[of] p2a: Grimmsnarl\n|-item|p2a: Grimmsnarl|Choice Scarf|[from] move: Trick\n|-item|p1a: Rotom|Focus Sash|[from] move: Trick\n|move|p2b: Dragapult|Dragon Darts|p1a: Rotom\n|-crit|p1a: Rotom\n|-damage|p1a: Rotom|0 fnt\n|faint|p1a: Rotom\n|\n|upkeep\n|\n|t:|1682102094\n|switch|p1a: Chien-Pao|Chien-Pao, L50|100\/100\n|-ability|p1a: Chien-Pao|Sword of Ruin\n|turn|3\n|\n|t:|1682102116\n|-terastallize|p2b: Dragapult|Fairy\n|move|p2b: Dragapult|Phantom Force||[still]\n|-prepare|p2b: Dragapult|Phantom Force\n|move|p1a: Chien-Pao|Ice Spinner|p2b: Dragapult|[miss]\n|-miss|p1a: Chien-Pao|p2b: Dragapult\n|move|p2a: Grimmsnarl|Drain Punch|p1a: Chien-Pao\n|-supereffective|p1a: Chien-Pao\n|-enditem|p1a: Chien-Pao|Focus Sash\n|-damage|p1a: Chien-Pao|1\/100\n|move|p1b: Flutter Mane|Dazzling Gleam|p2a: Grimmsnarl|[spread] p2a\n|-miss|p1b: Flutter Mane|p2b: Dragapult\n|-supereffective|p2a: Grimmsnarl\n|-damage|p2a: Grimmsnarl|0 fnt\n|faint|p2a: Grimmsnarl\n|\n|upkeep\n|\n|t:|1682102131\n|switch|p2a: Chien-Pao|Chien-Pao, L50|100\/100\n|-ability|p2a: Chien-Pao|Sword of Ruin\n|turn|4\n|\n|t:|1682102146\n|-end|p1b: Flutter Mane|Protosynthesis|[silent]\n|switch|p1b: Garchomp|Garchomp, L50, M|100\/100\n|move|p2a: Chien-Pao|Ice Shard|p1a: Chien-Pao\n|-resisted|p1a: Chien-Pao\n|-damage|p1a: Chien-Pao|0 fnt\n|faint|p1a: Chien-Pao\n|-damage|p2a: Chien-Pao|91\/100|[from] item: Life Orb\n|move|p2b: Dragapult|Phantom Force|p1b: Garchomp|[from]lockedmove\n|-crit|p1b: Garchomp\n|-damage|p1b: Garchomp|0 fnt\n|-damage|p2b: Dragapult|88\/100|[from] ability: Rough Skin|[of] p1b: Garchomp\n|faint|p1b: Garchomp\n|\n|upkeep\n|c|\u2606Unisavage|Wow\n|\n|t:|1682102167\n|switch|p1b: Flutter Mane|Flutter Mane, L50|100\/100\n|turn|5\n|\n|t:|1682102176\n|-terastallize|p1b: Flutter Mane|Fairy\n|move|p2a: Chien-Pao|Ice Shard|p1b: Flutter Mane\n|-damage|p1b: Flutter Mane|42\/100\n|-damage|p2a: Chien-Pao|81\/100|[from] item: Life Orb\n|move|p2b: Dragapult|Phantom Force||[still]\n|-prepare|p2b: Dragapult|Phantom Force\n|move|p1b: Flutter Mane|Dazzling Gleam|p2a: Chien-Pao|[spread] p2a\n|-miss|p1b: Flutter Mane|p2b: Dragapult\n|-supereffective|p2a: Chien-Pao\n|-damage|p2a: Chien-Pao|0 fnt\n|faint|p2a: Chien-Pao\n|\n|upkeep\n|\n|t:|1682102186\n|switch|p2a: Wo-Chien|Wo-Chien, L50|100\/100\n|-ability|p2a: Wo-Chien|Tablets of Ruin\n|turn|6\n|\n|t:|1682102195\n|move|p2b: Dragapult|Phantom Force|p1b: Flutter Mane|[from]lockedmove\n|-damage|p1b: Flutter Mane|0 fnt\n|faint|p1b: Flutter Mane\n|-end|p1b: Flutter Mane|Protosynthesis|[silent]\n|\n|win|BlindMagneton\n|raw|Unisavage's rating: 1315 → 1296<\/strong> (-19 for losing)\n|raw|BlindMagneton's rating: 1333 → 1352<\/strong> (+19 for winning)\n","uploadtime":1682102202,"views":17,"p1id":"unisavage","p2id":"blindmagneton","formatid":"gen9vgc2023regulationc","rating":1296,"private":0,"password":""}