{"id":"gen9vgc2023regulationc-1858732105","p1":"Sabel Vex","p2":"GodIAmSoSorry","format":"[Gen 9] VGC 2023 Regulation C","log":"|j|\u2606Sabel Vex\n|j|\u2606GodIAmSoSorry\n|t:|1683350043\n|gametype|doubles\n|player|p1|Sabel Vex|shadowtriad|1304\n|player|p2|GodIAmSoSorry|may-masters2|1365\n|teamsize|p1|6\n|teamsize|p2|6\n|gen|9\n|tier|[Gen 9] VGC 2023 Regulation C\n|rated|\n|rule|Species Clause: Limit one of each Pok\u00e9mon\n|rule|Item Clause: Limit one of each item\n|clearpoke\n|poke|p1|Dragonite, L50, F|\n|poke|p1|Orthworm, L50, F|\n|poke|p1|Gyarados, L50, F|\n|poke|p1|Ting-Lu, L50|\n|poke|p1|Iron Hands, L50|\n|poke|p1|Grimmsnarl, L50, M|\n|poke|p2|Flutter Mane, L50|\n|poke|p2|Iron Hands, L50|\n|poke|p2|Ting-Lu, L50|\n|poke|p2|Corviknight, L50, F|\n|poke|p2|Wo-Chien, L50|\n|poke|p2|Glimmora, L50, M|\n|teampreview|4\n|\n|t:|1683350070\n|start\n|switch|p1a: Orthworm|Orthworm, L50, F|100\/100\n|switch|p1b: Grimmsnarl|Grimmsnarl, L50, M|100\/100\n|switch|p2a: Corviknight|Corviknight, L50, F|100\/100\n|switch|p2b: Flutter Mane|Flutter Mane, L50|100\/100\n|turn|1\n|\n|t:|1683350085\n|move|p1b: Grimmsnarl|Fake Out|p2a: Corviknight\n|-resisted|p2a: Corviknight\n|-damage|p2a: Corviknight|96\/100\n|move|p2b: Flutter Mane|Shadow Ball|p1a: Orthworm\n|-damage|p1a: Orthworm|36\/100\n|-enditem|p1a: Orthworm|Sitrus Berry|[eat]\n|-heal|p1a: Orthworm|61\/100|[from] item: Sitrus Berry\n|cant|p2a: Corviknight|flinch\n|move|p1a: Orthworm|Heavy Slam|p2b: Flutter Mane\n|-supereffective|p2b: Flutter Mane\n|-damage|p2b: Flutter Mane|0 fnt\n|faint|p2b: Flutter Mane\n|-end|p2b: Flutter Mane|Protosynthesis|[silent]\n|\n|upkeep\n|\n|t:|1683350096\n|switch|p2b: Ting-Lu|Ting-Lu, L50|100\/100\n|-ability|p2b: Ting-Lu|Vessel of Ruin\n|turn|2\n|\n|t:|1683350116\n|move|p2a: Corviknight|Bulk Up|p2a: Corviknight\n|-boost|p2a: Corviknight|atk|1\n|-boost|p2a: Corviknight|def|1\n|move|p1a: Orthworm|Body Press|p2b: Ting-Lu\n|-supereffective|p2b: Ting-Lu\n|-damage|p2b: Ting-Lu|74\/100\n|move|p1b: Grimmsnarl|Spirit Break|p2b: Ting-Lu\n|-supereffective|p2b: Ting-Lu\n|-damage|p2b: Ting-Lu|42\/100\n|-unboost|p2b: Ting-Lu|spa|1\n|move|p2b: Ting-Lu|Ruination|p1a: Orthworm\n|-damage|p1a: Orthworm|31\/100\n|\n|upkeep\n|turn|3\n|\n|t:|1683350134\n|move|p2a: Corviknight|Bulk Up|p2a: Corviknight\n|-boost|p2a: Corviknight|atk|1\n|-boost|p2a: Corviknight|def|1\n|move|p1a: Orthworm|Body Press|p2b: Ting-Lu\n|-supereffective|p2b: Ting-Lu\n|-damage|p2b: Ting-Lu|15\/100\n|move|p1b: Grimmsnarl|Spirit Break|p2b: Ting-Lu\n|-supereffective|p2b: Ting-Lu\n|-damage|p2b: Ting-Lu|0 fnt\n|faint|p2b: Ting-Lu\n|\n|upkeep\n|\n|t:|1683350141\n|switch|p2b: Wo-Chien|Wo-Chien, L50|100\/100\n|-ability|p2b: Wo-Chien|Tablets of Ruin\n|turn|4\n|\n|t:|1683350151\n|move|p2b: Wo-Chien|Leech Seed|p1b: Grimmsnarl\n|-start|p1b: Grimmsnarl|move: Leech Seed\n|move|p2a: Corviknight|Bulk Up|p2a: Corviknight\n|-boost|p2a: Corviknight|atk|1\n|-boost|p2a: Corviknight|def|1\n|move|p1a: Orthworm|Body Press|p2b: Wo-Chien\n|-supereffective|p2b: Wo-Chien\n|-damage|p2b: Wo-Chien|65\/100\n|move|p1b: Grimmsnarl|Spirit Break|p2b: Wo-Chien\n|-supereffective|p2b: Wo-Chien\n|-damage|p2b: Wo-Chien|28\/100\n|-unboost|p2b: Wo-Chien|spa|1\n|\n|-heal|p2b: Wo-Chien|34\/100|[from] item: Leftovers\n|-damage|p1b: Grimmsnarl|88\/100|[from] Leech Seed|[of] p2b: Wo-Chien\n|-heal|p2b: Wo-Chien|47\/100|[silent]\n|upkeep\n|turn|5\n|\n|t:|1683350181\n|switch|p1a: Gyarados|Gyarados, L50, F|100\/100\n|-ability|p1a: Gyarados|Intimidate|boost\n|-ability|p2a: Corviknight|Mirror Armor\n|-unboost|p1a: Gyarados|atk|1\n|-unboost|p2b: Wo-Chien|atk|1\n|move|p2b: Wo-Chien|Protect|p2b: Wo-Chien\n|-singleturn|p2b: Wo-Chien|Protect\n|move|p1b: Grimmsnarl|Reflect|p1b: Grimmsnarl\n|-sidestart|p1: Sabel Vex|Reflect\n|move|p2a: Corviknight|Iron Head|p1a: Gyarados\n|-resisted|p1a: Gyarados\n|-crit|p1a: Gyarados\n|-damage|p1a: Gyarados|42\/100\n|\n|-heal|p2b: Wo-Chien|53\/100|[from] item: Leftovers\n|-damage|p1b: Grimmsnarl|76\/100|[from] Leech Seed|[of] p2b: Wo-Chien\n|-heal|p2b: Wo-Chien|66\/100|[silent]\n|upkeep\n|turn|6\n|\n|t:|1683350219\n|switch|p1b: Orthworm|Orthworm, L50, F|31\/100\n|move|p1a: Gyarados|Earthquake|p2a: Corviknight|[spread] p2b\n|-heal|p1b: Orthworm|56\/100|[from] ability: Earth Eater|[of] p1a: Gyarados\n|-immune|p2a: Corviknight\n|-resisted|p2b: Wo-Chien\n|-damage|p2b: Wo-Chien|61\/100\n|move|p2b: Wo-Chien|Leech Seed|p1a: Gyarados\n|-start|p1a: Gyarados|move: Leech Seed\n|move|p2a: Corviknight|Brave Bird|p1a: Gyarados\n|-damage|p1a: Gyarados|0 fnt\n|faint|p1a: Gyarados\n|-damage|p2a: Corviknight|83\/100|[from] Recoil\n|\n|-heal|p2b: Wo-Chien|67\/100|[from] item: Leftovers\n|upkeep\n|\n|t:|1683350238\n|switch|p1a: Grimmsnarl|Grimmsnarl, L50, M|76\/100\n|turn|7\n|\n|t:|1683350244\n|move|p1a: Grimmsnarl|Fake Out|p2a: Corviknight\n|-resisted|p2a: Corviknight\n|-damage|p2a: Corviknight|81\/100\n|move|p2b: Wo-Chien|Knock Off|p1b: Orthworm\n|-damage|p1b: Orthworm|49\/100\n|cant|p2a: Corviknight|flinch\n|move|p1b: Orthworm|Shed Tail|p1b: Orthworm\n|-fail|p1b: Orthworm|move: Shed Tail|[weak]\n|\n|-heal|p2b: Wo-Chien|73\/100|[from] item: Leftovers\n|upkeep\n|turn|8\n|-message|Sabel Vex forfeited.\n|\n|win|GodIAmSoSorry\n|raw|Sabel Vex's rating: 1304 → 1287<\/strong> (-17 for losing)\n|raw|GodIAmSoSorry's rating: 1365 → 1382<\/strong> (+17 for winning)\n|l|\u2606Sabel Vex\n","uploadtime":1683350264,"views":10,"p1id":"sabelvex","p2id":"godiamsosorry","formatid":"gen9vgc2023regulationc","rating":1287,"private":0,"password":""}