{"id":"gen9vgc2023regulationc-1860629716","p1":"kiboboubo","p2":"zlint","format":"[Gen 9] VGC 2023 Regulation C","log":"|j|\u2606kiboboubo\n|j|\u2606zlint\n|t:|1683660609\n|gametype|doubles\n|player|p1|kiboboubo|n|1263\n|player|p2|zlint|may|1344\n|teamsize|p1|6\n|teamsize|p2|6\n|gen|9\n|tier|[Gen 9] VGC 2023 Regulation C\n|rated|\n|rule|Species Clause: Limit one of each Pok\u00e9mon\n|rule|Item Clause: Limit one of each item\n|clearpoke\n|poke|p1|Flutter Mane, L50|\n|poke|p1|Great Tusk, L50|\n|poke|p1|Gholdengo, L50|\n|poke|p1|Chien-Pao, L50|\n|poke|p1|Jumpluff, L50, F|\n|poke|p1|Torkoal, L50, F|\n|poke|p2|Scream Tail, L50|\n|poke|p2|Baxcalibur, L50, F|\n|poke|p2|Corviknight, L50, F|\n|poke|p2|Rotom-Wash, L50|\n|poke|p2|Flutter Mane, L50|\n|poke|p2|Tyranitar, L50, F|\n|teampreview|4\nzlint has agreed to open team sheets.\n|inactive|Battle timer is ON: inactive players will automatically lose when time's up. (requested by kiboboubo)\n|inactive|zlint has 60 seconds left.\n|\n|t:|1683660687\n|start\n|switch|p1a: Gholdengo|Gholdengo, L50|100\/100\n|switch|p1b: Torkoal|Torkoal, L50, F|100\/100\n|switch|p2a: Corviknight|Corviknight, L50, F, shiny|100\/100\n|switch|p2b: Rotom|Rotom-Wash, L50, shiny|100\/100\n|-weather|SunnyDay|[from] ability: Drought|[of] p1b: Torkoal\n|turn|1\n|\n|t:|1683660712\n|switch|p2a: Tyranitar|Tyranitar, L50, F|100\/100\n|-weather|Sandstorm|[from] ability: Sand Stream|[of] p2a: Tyranitar\n|move|p1a: Gholdengo|Nasty Plot|p1a: Gholdengo\n|-boost|p1a: Gholdengo|spa|2\n|move|p2b: Rotom|Hydro Pump|p1b: Torkoal\n|-supereffective|p1b: Torkoal\n|-damage|p1b: Torkoal|0 fnt\n|faint|p1b: Torkoal\n|\n|-weather|Sandstorm|[upkeep]\n|-damage|p2b: Rotom|95\/100|[from] Sandstorm\n|upkeep\n|\n|t:|1683660731\n|switch|p1b: Jumpluff|Jumpluff, L50, F|100\/100\n|turn|2\n|\n|t:|1683660745\n|-terastallize|p1a: Gholdengo|Water\n|move|p1b: Jumpluff|Tailwind|p1b: Jumpluff\n|-sidestart|p1: kiboboubo|move: Tailwind\n|move|p1a: Gholdengo|Make It Rain|p2a: Tyranitar|[spread] p2a,p2b\n|-supereffective|p2a: Tyranitar\n|-resisted|p2b: Rotom\n|-damage|p2a: Tyranitar|11\/100\n|-damage|p2b: Rotom|67\/100\n|-unboost|p1a: Gholdengo|spa|1\n|-damage|p1a: Gholdengo|91\/100|[from] item: Life Orb\n|move|p2b: Rotom|Thunderbolt|p1b: Jumpluff\n|-damage|p1b: Jumpluff|70\/100\n|move|p2a: Tyranitar|Rock Slide|p1b: Jumpluff|[spread] p1a,p1b\n|-supereffective|p1b: Jumpluff\n|-damage|p1a: Gholdengo|59\/100\n|-damage|p1b: Jumpluff|0 fnt\n|faint|p1b: Jumpluff\n|\n|-weather|Sandstorm|[upkeep]\n|-damage|p1a: Gholdengo|52\/100|[from] Sandstorm\n|-damage|p2b: Rotom|61\/100|[from] Sandstorm\n|upkeep\n|\n|t:|1683660765\n|switch|p1b: Flutter Mane|Flutter Mane, L50|100\/100\n|turn|3\n|\n|t:|1683660785\n|move|p1b: Flutter Mane|Thunderbolt|p2b: Rotom\n|-damage|p2b: Rotom|9\/100\n|-enditem|p2b: Rotom|Sitrus Berry|[eat]\n|-heal|p2b: Rotom|34\/100|[from] item: Sitrus Berry\n|move|p1a: Gholdengo|Make It Rain|p2b: Rotom|[spread] p2a,p2b\n|-supereffective|p2a: Tyranitar\n|-resisted|p2b: Rotom\n|-damage|p2a: Tyranitar|0 fnt\n|-damage|p2b: Rotom|15\/100\n|-unboost|p1a: Gholdengo|spa|1\n|faint|p2a: Tyranitar\n|-damage|p1a: Gholdengo|43\/100|[from] item: Life Orb\n|move|p2b: Rotom|Thunderbolt|p1a: Gholdengo\n|-supereffective|p1a: Gholdengo\n|-damage|p1a: Gholdengo|0 fnt\n|faint|p1a: Gholdengo\n|\n|-weather|Sandstorm|[upkeep]\n|-damage|p1b: Flutter Mane|95\/100|[from] Sandstorm\n|-damage|p2b: Rotom|9\/100|[from] Sandstorm\n|upkeep\n|\n|t:|1683660793\n|switch|p2a: Scream Tail|Scream Tail, L50, shiny|100\/100\n|-enditem|p2a: Scream Tail|Booster Energy\n|-activate|p2a: Scream Tail|ability: Protosynthesis|[fromitem]\n|-start|p2a: Scream Tail|protosynthesisspe\n|turn|4\n|\n|t:|1683660807\n|switch|p2b: Corviknight|Corviknight, L50, F, shiny|100\/100\n|move|p1b: Flutter Mane|Thunderbolt|p2b: Corviknight\n|-supereffective|p2b: Corviknight\n|-damage|p2b: Corviknight|19\/100\n|move|p2a: Scream Tail|Disable|p1b: Flutter Mane\n|-start|p1b: Flutter Mane|Disable|Thunderbolt\n|\n|-weather|Sandstorm|[upkeep]\n|-damage|p1b: Flutter Mane|89\/100|[from] Sandstorm\n|-damage|p2a: Scream Tail|95\/100|[from] Sandstorm\n|upkeep\n|turn|5\n|-message|kiboboubo forfeited.\n|\n|win|zlint\n|raw|kiboboubo's rating: 1263 → 1244<\/strong> (-19 for losing)\n|raw|zlint's rating: 1344 → 1359<\/strong> (+15 for winning)\n|l|\u2606kiboboubo\n|l|\u2606zlint\n|j|\u2606zlint\n|player|p2|zlint|may\n","uploadtime":1683660840,"views":25,"p1id":"kiboboubo","p2id":"zlint","formatid":"gen9vgc2023regulationc","rating":1244,"private":0,"password":""}