{"id":"gen9vgc2023regulationc-1862208424","p1":"k58462312","p2":"edkrisco","format":"[Gen 9] VGC 2023 Regulation C","log":"|j|\u2606k58462312\n|j|\u2606edkrisco\n|t:|1683849651\n|gametype|doubles\n|player|p1|k58462312|riley|1207\n|player|p2|edkrisco|2|1201\n|teamsize|p1|6\n|teamsize|p2|6\n|gen|9\n|tier|[Gen 9] VGC 2023 Regulation C\n|rated|\n|rule|Species Clause: Limit one of each Pok\u00e9mon\n|rule|Item Clause: Limit one of each item\n|clearpoke\n|poke|p1|Corviknight, L50, F|\n|poke|p1|Vaporeon, L50, M|\n|poke|p1|Ting-Lu, L50|\n|poke|p1|Gallade, L50, M|\n|poke|p1|Eelektross, L50, M|\n|poke|p1|Grimmsnarl, L50, M|\n|poke|p2|Gholdengo, L50|\n|poke|p2|Murkrow, L50, F|\n|poke|p2|Breloom, L50, M|\n|poke|p2|Ting-Lu, L50|\n|poke|p2|Scream Tail, L50|\n|poke|p2|Baxcalibur, L50, F|\n|teampreview|4\n|inactive|Battle timer is ON: inactive players will automatically lose when time's up. (requested by edkrisco)\nedkrisco rejected open team sheets.\n|\n|t:|1683849702\n|start\n|switch|p1a: Eelektross|Eelektross, L50, M|100\/100\n|switch|p1b: Ting-Lu|Ting-Lu, L50|100\/100\n|switch|p2a: Baxcalibur|Baxcalibur, L50, F|100\/100\n|switch|p2b: Ting-Lu|Ting-Lu, L50|100\/100\n|-ability|p1b: Ting-Lu|Vessel of Ruin\n|-ability|p2b: Ting-Lu|Vessel of Ruin\n|turn|1\n|inactive|k58462312 has 30 seconds left.\n|inactive|edkrisco has 30 seconds left.\n|\n|t:|1683849730\n|-terastallize|p1b: Ting-Lu|Water\n|move|p2a: Baxcalibur|Protect|p2a: Baxcalibur\n|-singleturn|p2a: Baxcalibur|Protect\n|move|p1a: Eelektross|Flash Cannon|p2a: Baxcalibur\n|-activate|p2a: Baxcalibur|move: Protect\n|move|p2b: Ting-Lu|Fissure|p1b: Ting-Lu|[miss]\n|-miss|p2b: Ting-Lu|p1b: Ting-Lu\n|move|p1b: Ting-Lu|Rock Slide|p2b: Ting-Lu|[spread] p2b\n|-activate|p2a: Baxcalibur|move: Protect\n|-resisted|p2b: Ting-Lu\n|-damage|p2b: Ting-Lu|96\/100\n|\n|upkeep\n|turn|2\n|inactive|edkrisco has 30 seconds left.\n|\n|t:|1683849757\n|switch|p2b: Scream Tail|Scream Tail, L50|100\/100\n|-enditem|p2b: Scream Tail|Booster Energy\n|-activate|p2b: Scream Tail|ability: Protosynthesis|[fromitem]\n|-start|p2b: Scream Tail|protosynthesisspe\n|-terastallize|p2a: Baxcalibur|Electric\n|move|p2a: Baxcalibur|Tera Blast|p1b: Ting-Lu\n|-supereffective|p1b: Ting-Lu\n|-damage|p1b: Ting-Lu|40\/100\n|move|p1a: Eelektross|Flash Cannon|p2a: Baxcalibur\n|-resisted|p2a: Baxcalibur\n|-damage|p2a: Baxcalibur|90\/100\n|-unboost|p2a: Baxcalibur|spd|1\n|move|p1b: Ting-Lu|Stomping Tantrum|p2b: Scream Tail\n|-damage|p2b: Scream Tail|77\/100\n|\n|upkeep\n|turn|3\n|inactive|k58462312 has 30 seconds left.\n|inactive|edkrisco has 30 seconds left.\n|\n|t:|1683849790\n|move|p2b: Scream Tail|Howl|p2b: Scream Tail|[spread] p2a,p2b\n|-boost|p2a: Baxcalibur|atk|1\n|-boost|p2b: Scream Tail|atk|1\n|move|p2a: Baxcalibur|Icicle Spear|p1a: Eelektross\n|-damage|p1a: Eelektross|74\/100\n|-damage|p1a: Eelektross|52\/100\n|-damage|p1a: Eelektross|28\/100\n|-damage|p1a: Eelektross|6\/100\n|-damage|p1a: Eelektross|0 fnt\n|faint|p1a: Eelektross\n|-hitcount|p1: Eelektross|5\n|move|p1b: Ting-Lu|Stomping Tantrum|p2a: Baxcalibur\n|-supereffective|p2a: Baxcalibur\n|-damage|p2a: Baxcalibur|24\/100\n|\n|upkeep\n|\n|t:|1683849806\n|switch|p1a: Corviknight|Corviknight, L50, F|100\/100\n|turn|4\n|inactive|edkrisco has 30 seconds left.\n|\n|t:|1683849832\n|move|p2a: Baxcalibur|Protect|p2a: Baxcalibur\n|-singleturn|p2a: Baxcalibur|Protect\n|move|p2b: Scream Tail|Reflect|p2b: Scream Tail\n|-sidestart|p2: edkrisco|Reflect\n|move|p1a: Corviknight|Iron Head|p2a: Baxcalibur\n|-activate|p2a: Baxcalibur|move: Protect\n|move|p1b: Ting-Lu|Stomping Tantrum|p2a: Baxcalibur\n|-activate|p2a: Baxcalibur|move: Protect\n|\n|upkeep\n|turn|5\n|\n|t:|1683849846\n|move|p2b: Scream Tail|Howl|p2b: Scream Tail|[spread] p2a,p2b\n|-boost|p2a: Baxcalibur|atk|1\n|-boost|p2b: Scream Tail|atk|1\n|move|p2a: Baxcalibur|Tera Blast|p1a: Corviknight\n|-supereffective|p1a: Corviknight\n|-damage|p1a: Corviknight|0 fnt\n|faint|p1a: Corviknight\n|move|p1b: Ting-Lu|Stomping Tantrum|p2a: Baxcalibur\n|-supereffective|p2a: Baxcalibur\n|-damage|p2a: Baxcalibur|0 fnt\n|faint|p2a: Baxcalibur\n|\n|upkeep\n|\n|t:|1683849858\n|switch|p2a: Ting-Lu|Ting-Lu, L50|96\/100\n|switch|p1a: Gallade|Gallade, L50, M|100\/100\n|-ability|p2a: Ting-Lu|Vessel of Ruin\n|turn|6\n|\n|t:|1683849872\n|move|p2b: Scream Tail|Play Rough|p1a: Gallade|[miss]\n|-miss|p2b: Scream Tail|p1a: Gallade\n|move|p1a: Gallade|Psycho Cut|p2b: Scream Tail\n|-resisted|p2b: Scream Tail\n|-damage|p2b: Scream Tail|65\/100\n|move|p1b: Ting-Lu|Heavy Slam|p2b: Scream Tail\n|-supereffective|p2b: Scream Tail\n|-damage|p2b: Scream Tail|31\/100\n|move|p2a: Ting-Lu|Stomping Tantrum|p1b: Ting-Lu\n|-damage|p1b: Ting-Lu|22\/100\n|\n|upkeep\n|turn|7\n|inactive|edkrisco has 30 seconds left.\n|\n|t:|1683849900\n|move|p2b: Scream Tail|Play Rough|p1a: Gallade\n|-supereffective|p1a: Gallade\n|-crit|p1a: Gallade\n|-enditem|p1a: Gallade|Focus Sash\n|-damage|p1a: Gallade|1\/100\n|-unboost|p1a: Gallade|atk|1\n|move|p1a: Gallade|Sacred Sword|p2a: Ting-Lu\n|-supereffective|p2a: Ting-Lu\n|-damage|p2a: Ting-Lu|65\/100\n|move|p2a: Ting-Lu|Stomping Tantrum|p1b: Ting-Lu\n|-damage|p1b: Ting-Lu|4\/100\n|move|p1b: Ting-Lu|Heavy Slam|p2b: Scream Tail\n|-supereffective|p2b: Scream Tail\n|-damage|p2b: Scream Tail|0 fnt\n|faint|p2b: Scream Tail\n|-end|p2b: Scream Tail|Protosynthesis|[silent]\n|\n|upkeep\n|\n|t:|1683849912\n|switch|p2b: Gholdengo|Gholdengo, L50|100\/100\n|turn|8\n|\n|t:|1683849924\n|move|p1a: Gallade|Wide Guard|p1a: Gallade\n|-singleturn|p1a: Gallade|Wide Guard\n|move|p2b: Gholdengo|Dazzling Gleam|p1b: Ting-Lu|[spread] \n|-activate|p1a: Gallade|move: Wide Guard\n|-activate|p1b: Ting-Lu|move: Wide Guard\n|move|p1b: Ting-Lu|Stomping Tantrum|p2b: Gholdengo\n|-supereffective|p2b: Gholdengo\n|-damage|p2b: Gholdengo|55\/100\n|move|p2a: Ting-Lu|Stomping Tantrum|p1b: Ting-Lu\n|-damage|p1b: Ting-Lu|0 fnt\n|faint|p1b: Ting-Lu\n|\n|-sideend|p2: edkrisco|Reflect\n|upkeep\n|turn|9\n|\n|t:|1683849940\n|move|p1a: Gallade|Sacred Sword|p2a: Ting-Lu\n|-supereffective|p2a: Ting-Lu\n|-damage|p2a: Ting-Lu|17\/100\n|move|p2b: Gholdengo|Dazzling Gleam|p1a: Gallade\n|-supereffective|p1a: Gallade\n|-damage|p1a: Gallade|0 fnt\n|faint|p1a: Gallade\n|-damage|p2b: Gholdengo|45\/100|[from] item: Life Orb\n|\n|win|edkrisco\n|raw|k58462312's rating: 1207 → 1182<\/strong> (-25 for losing)\n|raw|edkrisco's rating: 1201 → 1226<\/strong> (+25 for winning)\n|c|\u2606edkrisco|i almost hit eq\n","uploadtime":1683849953,"views":11,"p1id":"k58462312","p2id":"edkrisco","formatid":"gen9vgc2023regulationc","rating":1182,"private":0,"password":""}