{"id":"gen9vgc2023regulationc-1848662324","p1":"Majin-Lucas","p2":"IJustateyourdog","format":"[Gen 9] VGC 2023 Regulation C","log":"|j|\u2606Majin-Lucas\n|j|\u2606IJustateyourdog\n|t:|1682098702\n|gametype|doubles\n|player|p1|Majin-Lucas|1|1170\n|player|p2|IJustateyourdog|265|1160\n|teamsize|p1|6\n|teamsize|p2|6\n|gen|9\n|tier|[Gen 9] VGC 2023 Regulation C\n|rated|\n|rule|Species Clause: Limit one of each Pok\u00e9mon\n|rule|Item Clause: Limit one of each item\n|clearpoke\n|poke|p1|Arcanine, L50, F|\n|poke|p1|Chien-Pao, L50|\n|poke|p1|Dragapult, L50, M|\n|poke|p1|Amoonguss, L50, F|\n|poke|p1|Flutter Mane, L50|\n|poke|p1|Palafin, L50, M|\n|poke|p2|Palafin, L50, M|\n|poke|p2|Chien-Pao, L50|\n|poke|p2|Dragapult, L50, F|\n|poke|p2|Amoonguss, L50, F|\n|poke|p2|Arcanine, L50, F|\n|poke|p2|Flutter Mane, L50|\n|teampreview|4\n|\n|t:|1682098731\n|start\n|switch|p1a: Shoto|Arcanine, L50, F|100\/100\n|switch|p1b: All Might|Palafin, L50, M|100\/100\n|switch|p2a: Arcanine|Arcanine, L50, F|100\/100\n|switch|p2b: Amoonguss|Amoonguss, L50, F|100\/100\n|-ability|p2a: Arcanine|Intimidate|boost\n|-unboost|p1a: Shoto|atk|1\n|-unboost|p1b: All Might|atk|1\n|-ability|p1a: Shoto|Intimidate|boost\n|-unboost|p2a: Arcanine|atk|1\n|-unboost|p2b: Amoonguss|atk|1\n|turn|1\n|\n|t:|1682098780\n|detailschange|p1b: All Might|Palafin-Hero, L50, M\n|switch|p1b: Spirit of Fire|Flutter Mane, L50|100\/100\n|-enditem|p1b: Spirit of Fire|Booster Energy\n|-activate|p1b: Spirit of Fire|ability: Protosynthesis|[fromitem]\n|-start|p1b: Spirit of Fire|protosynthesisspa\n|move|p1a: Shoto|Protect|p1a: Shoto\n|-singleturn|p1a: Shoto|Protect\n|move|p2a: Arcanine|Will-O-Wisp|p1b: Spirit of Fire\n|-status|p1b: Spirit of Fire|brn\n|move|p2b: Amoonguss|Spore||[still]\n|-fail|p2b: Amoonguss\n|\n|-damage|p1b: Spirit of Fire|94\/100 brn|[from] brn\n|upkeep\n|turn|2\n|\n|t:|1682098814\n|switch|p2b: Fluttermane|Flutter Mane, L50|100\/100\n|-enditem|p2b: Fluttermane|Booster Energy\n|-activate|p2b: Fluttermane|ability: Protosynthesis|[fromitem]\n|-start|p2b: Fluttermane|protosynthesisspa\n|move|p2a: Arcanine|Protect|p2a: Arcanine\n|-singleturn|p2a: Arcanine|Protect\n|move|p1b: Spirit of Fire|Shadow Ball|p2a: Arcanine\n|-activate|p2a: Arcanine|move: Protect\n|move|p1a: Shoto|Flare Blitz|p2b: Fluttermane\n|-damage|p2b: Fluttermane|40\/100\n|-damage|p1a: Shoto|84\/100|[from] Recoil\n|\n|-damage|p1b: Spirit of Fire|88\/100 brn|[from] brn\n|upkeep\n|turn|3\n|\n|t:|1682098866\n|move|p2b: Fluttermane|Protect|p2b: Fluttermane\n|-singleturn|p2b: Fluttermane|Protect\n|move|p1b: Spirit of Fire|Shadow Ball|p2a: Arcanine\n|-damage|p2a: Arcanine|36\/100\n|move|p2a: Arcanine|Flare Blitz|p1b: Spirit of Fire\n|-damage|p1b: Spirit of Fire|40\/100 brn\n|-damage|p2a: Arcanine|23\/100|[from] Recoil\n|move|p1a: Shoto|Flare Blitz|p2b: Fluttermane\n|-activate|p2b: Fluttermane|move: Protect\n|\n|-damage|p1b: Spirit of Fire|33\/100 brn|[from] brn\n|upkeep\n|turn|4\n|\n|t:|1682098891\n|move|p1b: Spirit of Fire|Protect|p1b: Spirit of Fire\n|-singleturn|p1b: Spirit of Fire|Protect\n|move|p1a: Shoto|Extreme Speed|p2a: Arcanine\n|-damage|p2a: Arcanine|3\/100\n|move|p2b: Fluttermane|Shadow Ball|p1a: Shoto\n|-damage|p1a: Shoto|21\/100\n|move|p2a: Arcanine|Flare Blitz|p1b: Spirit of Fire\n|-activate|p1b: Spirit of Fire|move: Protect\n|\n|-damage|p1b: Spirit of Fire|27\/100 brn|[from] brn\n|upkeep\n|turn|5\n|\n|t:|1682098907\n|move|p1b: Spirit of Fire|Protect|p1b: Spirit of Fire\n|-singleturn|p1b: Spirit of Fire|Protect\n|move|p2a: Arcanine|Extreme Speed|p1a: Shoto\n|-damage|p1a: Shoto|2\/100\n|move|p1a: Shoto|Extreme Speed|p2a: Arcanine\n|-damage|p2a: Arcanine|0 fnt\n|faint|p2a: Arcanine\n|move|p2b: Fluttermane|Shadow Ball|p1b: Spirit of Fire\n|-activate|p1b: Spirit of Fire|move: Protect\n|\n|-damage|p1b: Spirit of Fire|21\/100 brn|[from] brn\n|upkeep\n|\n|t:|1682098918\n|switch|p2a: Dragapult|Dragapult, L50, F|100\/100\n|turn|6\n|inactive|Battle timer is ON: inactive players will automatically lose when time's up. (requested by IJustateyourdog)\n|\n|t:|1682098962\n|move|p1b: Spirit of Fire|Protect||[still]\n|-fail|p1b: Spirit of Fire\n|move|p2a: Dragapult|U-turn|p1b: Spirit of Fire\n|-resisted|p1b: Spirit of Fire\n|-damage|p1b: Spirit of Fire|10\/100 brn\n|\n|t:|1682098976\n|switch|p2a: Amoonguss|Amoonguss, L50, F|100\/100|[from] U-turn\n|move|p2b: Fluttermane|Dazzling Gleam|p1b: Spirit of Fire|[spread] p1a,p1b\n|-resisted|p1a: Shoto\n|-damage|p1a: Shoto|0 fnt\n|-damage|p1b: Spirit of Fire|0 fnt\n|faint|p1a: Shoto\n|faint|p1b: Spirit of Fire\n|-end|p1b: Spirit of Fire|Protosynthesis|[silent]\n|\n|upkeep\n|\n|t:|1682098982\n|switch|p1b: All Might|Palafin-Hero, L50, M|100\/100\n|switch|p1a: Midnight|Amoonguss, L50, F, shiny|100\/100\n|-activate|p1b: All Might|ability: Zero to Hero\n|turn|7\n|\n|t:|1682099005\n|-terastallize|p1b: All Might|Water\n|move|p2b: Fluttermane|Protect|p2b: Fluttermane\n|-singleturn|p2b: Fluttermane|Protect\n|move|p1b: All Might|Wave Crash|p2a: Amoonguss\n|-resisted|p2a: Amoonguss\n|-damage|p2a: Amoonguss|46\/100\n|-enditem|p2a: Amoonguss|Sitrus Berry|[eat]\n|-heal|p2a: Amoonguss|71\/100|[from] item: Sitrus Berry\n|-damage|p1b: All Might|81\/100|[from] Recoil\n|move|p1a: Midnight|Pollen Puff|p2a: Amoonguss\n|-damage|p2a: Amoonguss|56\/100\n|move|p2a: Amoonguss|Spore|p1b: All Might\n|-status|p1b: All Might|slp|[from] move: Spore\n|\n|upkeep\n|turn|8\n|\n|t:|1682099026\n|-terastallize|p2b: Fluttermane|Fairy\n|cant|p1b: All Might|slp\n|move|p2b: Fluttermane|Moonblast|p1b: All Might\n|-damage|p1b: All Might|3\/100 slp\n|move|p1a: Midnight|Spore|p2b: Fluttermane\n|-status|p2b: Fluttermane|slp|[from] move: Spore\n|move|p2a: Amoonguss|Pollen Puff|p2b: Fluttermane\n|-heal|p2b: Fluttermane|89\/100 slp\n|\n|upkeep\n|turn|9\n|\n|t:|1682099047\n|-curestatus|p1b: All Might|slp|[msg]\n|move|p1b: All Might|Protect|p1b: All Might\n|-singleturn|p1b: All Might|Protect\n|cant|p2b: Fluttermane|slp\n|move|p1a: Midnight|Pollen Puff|p1b: All Might\n|-activate|p1b: All Might|move: Protect\n|move|p2a: Amoonguss|Pollen Puff|p1b: All Might\n|-activate|p1b: All Might|move: Protect\n|\n|upkeep\n|turn|10\n|\n|t:|1682099071\n|move|p1b: All Might|Jet Punch|p2b: Fluttermane\n|-damage|p2b: Fluttermane|0 fnt\n|faint|p2b: Fluttermane\n|-end|p2b: Fluttermane|Protosynthesis|[silent]\n|move|p1a: Midnight|Pollen Puff|p1b: All Might\n|-heal|p1b: All Might|53\/100\n|move|p2a: Amoonguss|Pollen Puff|p1b: All Might\n|-crit|p1b: All Might\n|-damage|p1b: All Might|28\/100\n|\n|upkeep\n|\n|t:|1682099081\n|switch|p2b: Dragapult|Dragapult, L50, F|100\/100\n|turn|11\n|\n|t:|1682099090\n|move|p1b: All Might|Protect|p1b: All Might\n|-singleturn|p1b: All Might|Protect\n|move|p2a: Amoonguss|Rage Powder|p2a: Amoonguss\n|-singleturn|p2a: Amoonguss|move: Rage Powder\n|move|p2b: Dragapult|Dragon Darts|p1a: Midnight\n|-damage|p1a: Midnight|67\/100\n|-anim|p2b: Dragapult|Dragon Darts|p1a: Midnight\n|-damage|p1a: Midnight|30\/100\n|-enditem|p1a: Midnight|Sitrus Berry|[eat]\n|-heal|p1a: Midnight|55\/100|[from] item: Sitrus Berry\n|move|p1a: Midnight|Spore|p2b: Dragapult\n|-status|p2b: Dragapult|slp|[from] move: Spore\n|\n|upkeep\n|turn|12\n|\n|t:|1682099110\n|cant|p2b: Dragapult|slp\n|move|p1b: All Might|Wave Crash|p2a: Amoonguss\n|-resisted|p2a: Amoonguss\n|-damage|p2a: Amoonguss|3\/100\n|-damage|p1b: All Might|9\/100|[from] Recoil\n|move|p1a: Midnight|Pollen Puff|p1b: All Might\n|-heal|p1b: All Might|59\/100\n|move|p2a: Amoonguss|Spore|p1b: All Might\n|-status|p1b: All Might|slp|[from] move: Spore\n|\n|upkeep\n|turn|13\n|\n|t:|1682099129\n|cant|p1b: All Might|slp\n|cant|p2b: Dragapult|slp\n|move|p1a: Midnight|Pollen Puff|p2a: Amoonguss\n|-crit|p2a: Amoonguss\n|-damage|p2a: Amoonguss|0 fnt\n|faint|p2a: Amoonguss\n|\n|upkeep\n|turn|14\n|\n|t:|1682099149\n|move|p1a: Midnight|Rage Powder|p1a: Midnight\n|-singleturn|p1a: Midnight|move: Rage Powder\n|cant|p2b: Dragapult|slp\n|cant|p1b: All Might|slp\n|\n|upkeep\n|turn|15\n|\n|t:|1682099159\n|move|p1a: Midnight|Rage Powder|p1a: Midnight\n|-singleturn|p1a: Midnight|move: Rage Powder\n|-curestatus|p2b: Dragapult|slp|[msg]\n|move|p2b: Dragapult|Dragon Darts|p1a: Midnight\n|-damage|p1a: Midnight|22\/100\n|-anim|p2b: Dragapult|Dragon Darts|p1a: Midnight\n|-damage|p1a: Midnight|0 fnt\n|faint|p1a: Midnight\n|-curestatus|p1b: All Might|slp|[msg]\n|move|p1b: All Might|Wave Crash|p2b: Dragapult\n|-resisted|p2b: Dragapult\n|-damage|p2b: Dragapult|19\/100\n|-damage|p1b: All Might|37\/100|[from] Recoil\n|\n|upkeep\n|turn|16\n|c|\u2606IJustateyourdog|ggs\n|\n|t:|1682099175\n|move|p1b: All Might|Jet Punch|p2b: Dragapult\n|-resisted|p2b: Dragapult\n|-damage|p2b: Dragapult|0 fnt\n|faint|p2b: Dragapult\n|\n|win|Majin-Lucas\n|raw|Majin-Lucas's rating: 1170 → 1194<\/strong> (+24 for winning)\n|raw|IJustateyourdog's rating: 1160 → 1136<\/strong> (-24 for losing)\n|c|\u2606Majin-Lucas|ggs\n|l|\u2606IJustateyourdog\n","uploadtime":1682099888,"views":7,"p1id":"majinlucas","p2id":"ijustateyourdog","formatid":"gen9vgc2023regulationc","rating":1136,"private":0,"password":""}