{"id":"gen9vgc2023regulationc-1849974687","p1":"lateralvs","p2":"benutzdeindeo","format":"[Gen 9] VGC 2023 Regulation C","log":"|j|\u2606lateralvs\n|j|\u2606benutzdeindeo\n|t:|1682273982\n|gametype|doubles\n|player|p1|lateralvs|giovanni|1569\n|player|p2|benutzdeindeo|2|1700\n|teamsize|p1|6\n|teamsize|p2|6\n|gen|9\n|tier|[Gen 9] VGC 2023 Regulation C\n|rated|\n|rule|Species Clause: Limit one of each Pok\u00e9mon\n|rule|Item Clause: Limit one of each item\n|clearpoke\n|poke|p1|Iron Jugulis, L50|\n|poke|p1|Garchomp, L50, M|\n|poke|p1|Gholdengo, L50|\n|poke|p1|Chien-Pao, L50|\n|poke|p1|Gyarados, L50, F|\n|poke|p1|Kingambit, L50, M|\n|poke|p2|Gyarados, L50, M|\n|poke|p2|Flutter Mane, L50|\n|poke|p2|Orthworm, L50, M|\n|poke|p2|Ting-Lu, L50|\n|poke|p2|Iron Bundle, L50|\n|poke|p2|Chi-Yu, L50|\n|teampreview|4\nlateralvs has agreed to open team sheets.\n|\n|t:|1682274024\n|start\n|switch|p1a: Kostic 1-0|Iron Jugulis, L50|100\/100\n|switch|p1b: Cuadrado 3-2|Gholdengo, L50|100\/100\n|switch|p2a: Ting-Lu|Ting-Lu, L50|100\/100\n|switch|p2b: Orthworm|Orthworm, L50, M|100\/100\n|-ability|p2a: Ting-Lu|Vessel of Ruin\n|-enditem|p1a: Kostic 1-0|Booster Energy\n|-activate|p1a: Kostic 1-0|ability: Quark Drive|[fromitem]\n|-start|p1a: Kostic 1-0|quarkdrivespe\n|turn|1\n|\n|t:|1682274091\n|-end|p1a: Kostic 1-0|Quark Drive|[silent]\n|switch|p1a: Marchisio 2-1|Gyarados, L50, F|100\/100\n|-ability|p1a: Marchisio 2-1|Intimidate|boost\n|-unboost|p2a: Ting-Lu|atk|1\n|-unboost|p2b: Orthworm|atk|1\n|move|p1b: Cuadrado 3-2|Trick|p2a: Ting-Lu\n|-activate|p1b: Cuadrado 3-2|move: Trick|[of] p2a: Ting-Lu\n|-item|p2a: Ting-Lu|Choice Specs|[from] move: Trick\n|-item|p1b: Cuadrado 3-2|Choice Band|[from] move: Trick\n|move|p2a: Ting-Lu|Earthquake|p1b: Cuadrado 3-2|[spread] p1b\n|-immune|p2b: Orthworm|[from] ability: Earth Eater\n|-immune|p1a: Marchisio 2-1\n|-supereffective|p1b: Cuadrado 3-2\n|-damage|p1b: Cuadrado 3-2|51\/100\n|move|p2b: Orthworm|Body Press|p1a: Marchisio 2-1\n|-resisted|p1a: Marchisio 2-1\n|-damage|p1a: Marchisio 2-1|89\/100\n|\n|upkeep\n|turn|2\n|\n|t:|1682274154\n|switch|p2a: Iron Bundle|Iron Bundle, L50|100\/100\n|-enditem|p2a: Iron Bundle|Booster Energy\n|-activate|p2a: Iron Bundle|ability: Quark Drive|[fromitem]\n|-start|p2a: Iron Bundle|quarkdrivespe\n|move|p1b: Cuadrado 3-2|Trick|p2b: Orthworm\n|-activate|p1b: Cuadrado 3-2|move: Trick|[of] p2b: Orthworm\n|-item|p2b: Orthworm|Choice Band|[from] move: Trick\n|-item|p1b: Cuadrado 3-2|Sitrus Berry|[from] move: Trick\n|move|p1a: Marchisio 2-1|Waterfall|p2b: Orthworm\n|-damage|p2b: Orthworm|77\/100\n|move|p2b: Orthworm|Iron Defense|p2b: Orthworm\n|-boost|p2b: Orthworm|def|2\n|\n|upkeep\n|turn|3\n|\n|t:|1682274240\n|switch|p1b: Kostic 1-0|Iron Jugulis, L50|100\/100\n|switch|p2b: Flutter Mane|Flutter Mane, L50|100\/100\n|-terastallize|p1a: Marchisio 2-1|Steel\n|move|p2a: Iron Bundle|Protect|p2a: Iron Bundle\n|-singleturn|p2a: Iron Bundle|Protect\n|move|p1a: Marchisio 2-1|Thunder Wave|p2a: Iron Bundle\n|-activate|p2a: Iron Bundle|move: Protect\n|\n|upkeep\n|turn|4\n|j| test9753\n|\n|t:|1682274281\n|move|p2a: Iron Bundle|Icy Wind|p1a: Marchisio 2-1|[spread] p1a,p1b\n|-resisted|p1a: Marchisio 2-1\n|-supereffective|p1b: Kostic 1-0\n|-damage|p1a: Marchisio 2-1|82\/100\n|-damage|p1b: Kostic 1-0|56\/100\n|-unboost|p1a: Marchisio 2-1|spe|1\n|-unboost|p1b: Kostic 1-0|spe|1\n|move|p2b: Flutter Mane|Dazzling Gleam|p1b: Kostic 1-0|[spread] p1a,p1b\n|-resisted|p1a: Marchisio 2-1\n|-supereffective|p1b: Kostic 1-0\n|-damage|p1a: Marchisio 2-1|65\/100\n|-damage|p1b: Kostic 1-0|0 fnt\n|faint|p1b: Kostic 1-0\n|-end|p1b: Kostic 1-0|Quark Drive|[silent]\n|move|p1a: Marchisio 2-1|Thunder Wave|p2a: Iron Bundle\n|-status|p2a: Iron Bundle|par\n|\n|upkeep\n|\n|t:|1682274320\n|switch|p1b: Higuain 3-2|Garchomp, L50, M|100\/100\n|turn|5\n|\n|t:|1682274339\n|move|p2b: Flutter Mane|Dazzling Gleam|p1a: Marchisio 2-1|[spread] p1a,p1b\n|-resisted|p1a: Marchisio 2-1\n|-supereffective|p1b: Higuain 3-2\n|-damage|p1a: Marchisio 2-1|46\/100\n|-damage|p1b: Higuain 3-2|1\/100\n|move|p1b: Higuain 3-2|Rock Slide|p2b: Flutter Mane|[spread] p2a,p2b\n|-supereffective|p2a: Iron Bundle\n|-damage|p2a: Iron Bundle|44\/100 par\n|-damage|p2b: Flutter Mane|56\/100\n|-damage|p1b: Higuain 3-2|0 fnt|[from] item: Life Orb\n|faint|p1b: Higuain 3-2\n|move|p2a: Iron Bundle|Icy Wind|p1a: Marchisio 2-1\n|-resisted|p1a: Marchisio 2-1\n|-damage|p1a: Marchisio 2-1|36\/100\n|-unboost|p1a: Marchisio 2-1|spe|1\n|move|p1a: Marchisio 2-1|Thunder Wave|p2b: Flutter Mane\n|-status|p2b: Flutter Mane|par\n|\n|upkeep\n|\n|t:|1682274347\n|switch|p1b: Cuadrado 3-2|Gholdengo, L50|51\/100\n|turn|6\n|-message|lateralvs forfeited.\n|\n|win|benutzdeindeo\n|raw|lateralvs's rating: 1569 → 1556<\/strong> (-13 for losing)\n|raw|benutzdeindeo's rating: 1700 → 1713<\/strong> (+13 for winning)\n|l|\u2606benutzdeindeo\n","uploadtime":1682274367,"views":8,"p1id":"lateralvs","p2id":"benutzdeindeo","formatid":"gen9vgc2023regulationc","rating":1556,"private":0,"password":""}