{"id":"gen9vgc2023regulationc-1864177027","p1":"MRSURE","p2":"revocolombia","format":"[Gen 9] VGC 2023 Regulation C","log":"|j|\u2606MRSURE\n|j|\u2606revocolombia\n|t:|1684130694\n|gametype|doubles\n|player|p1|MRSURE|170|1150\n|player|p2|revocolombia|pokemonranger-gen4|1267\n|teamsize|p1|6\n|teamsize|p2|6\n|gen|9\n|tier|[Gen 9] VGC 2023 Regulation C\n|rated|\n|rule|Species Clause: Limit one of each Pok\u00e9mon\n|rule|Item Clause: Limit one of each item\n|clearpoke\n|poke|p1|Dragapult, L50, M|\n|poke|p1|Scovillain, L50, M|\n|poke|p1|Grafaiai, L50, F|\n|poke|p1|Chien-Pao, L50|\n|poke|p1|Murkrow, L50, F|\n|poke|p1|Iron Bundle, L50|\n|poke|p2|Flutter Mane, L50|\n|poke|p2|Annihilape, L50, F|\n|poke|p2|Dragonite, L50, M|\n|poke|p2|Chien-Pao, L50|\n|poke|p2|Murkrow, L50, M|\n|poke|p2|Chi-Yu, L50|\n|teampreview|4\nMRSURE has agreed to open team sheets.\n|\n|t:|1684130713\n|start\n|switch|p1a: Iron Bundle|Iron Bundle, L50|100\/100\n|switch|p1b: Grafaiai|Grafaiai, L50, F|100\/100\n|switch|p2a: Annihilape|Annihilape, L50, F, shiny|100\/100\n|switch|p2b: Murkrow|Murkrow, L50, M|100\/100\n|-enditem|p1a: Iron Bundle|Booster Energy\n|-activate|p1a: Iron Bundle|ability: Quark Drive|[fromitem]\n|-start|p1a: Iron Bundle|quarkdrivespe\n|turn|1\n|inactive|Battle timer is ON: inactive players will automatically lose when time's up. (requested by MRSURE)\n|inactive|revocolombia has 60 seconds left.\n|\n|t:|1684130749\n|move|p2b: Murkrow|Taunt|p1b: Grafaiai\n|-start|p1b: Grafaiai|move: Taunt\n|move|p1a: Iron Bundle|Icy Wind|p2a: Annihilape|[spread] p2a,p2b\n|-supereffective|p2b: Murkrow\n|-damage|p2a: Annihilape|82\/100\n|-damage|p2b: Murkrow|56\/100\n|-unboost|p2a: Annihilape|spe|1\n|-ability|p2a: Annihilape|Defiant|boost\n|-boost|p2a: Annihilape|atk|2\n|-unboost|p2b: Murkrow|spe|1\n|move|p1b: Grafaiai|Foul Play|p2a: Annihilape\n|-crit|p2a: Annihilape\n|-damage|p2a: Annihilape|1\/100\n|move|p2a: Annihilape|Bulk Up|p2a: Annihilape\n|-boost|p2a: Annihilape|atk|1\n|-boost|p2a: Annihilape|def|1\n|\n|-heal|p2a: Annihilape|8\/100|[from] item: Leftovers\n|upkeep\n|turn|2\n|inactive|MRSURE has 30 seconds left.\n|\n|t:|1684130778\n|move|p2a: Annihilape|Protect|p2a: Annihilape\n|-singleturn|p2a: Annihilape|Protect\n|move|p2b: Murkrow|Tailwind|p2b: Murkrow\n|-sidestart|p2: revocolombia|move: Tailwind\n|move|p1a: Iron Bundle|Icy Wind|p2a: Annihilape|[spread] p2b\n|-activate|p2a: Annihilape|move: Protect\n|-supereffective|p2b: Murkrow\n|-damage|p2b: Murkrow|15\/100\n|-unboost|p2b: Murkrow|spe|1\n|move|p1b: Grafaiai|Foul Play|p2a: Annihilape\n|-activate|p2a: Annihilape|move: Protect\n|\n|-heal|p2a: Annihilape|14\/100|[from] item: Leftovers\n|upkeep\n|turn|3\n|inactive|revocolombia has 30 seconds left.\n|\n|t:|1684130810\n|switch|p2b: Chien-Pao|Chien-Pao, L50|100\/100\n|-ability|p2b: Chien-Pao|Sword of Ruin\n|-terastallize|p2a: Annihilape|Fire\n|move|p1a: Iron Bundle|Icy Wind|p2a: Annihilape|[spread] p2a,p2b\n|-resisted|p2a: Annihilape\n|-resisted|p2b: Chien-Pao\n|-damage|p2a: Annihilape|5\/100\n|-damage|p2b: Chien-Pao|86\/100\n|-unboost|p2a: Annihilape|spe|1\n|-ability|p2a: Annihilape|Defiant|boost\n|-boost|p2a: Annihilape|atk|2\n|-unboost|p2b: Chien-Pao|spe|1\n|move|p1b: Grafaiai|Foul Play|p2a: Annihilape\n|-damage|p2a: Annihilape|0 fnt\n|faint|p2a: Annihilape\n|\n|-end|p1b: Grafaiai|move: Taunt\n|upkeep\n|inactive|revocolombia has 30 seconds left.\n|\n|t:|1684130838\n|switch|p2a: Dragonite|Dragonite, L50, M|100\/100\n|turn|4\n|\n|t:|1684130856\n|move|p2a: Dragonite|Extreme Speed|p1b: Grafaiai\n|-damage|p1b: Grafaiai|23\/100\n|move|p1a: Iron Bundle|Freeze-Dry|p2a: Dragonite\n|-supereffective|p2a: Dragonite\n|-damage|p2a: Dragonite|25\/100\n|move|p2b: Chien-Pao|Sacred Sword|p1a: Iron Bundle\n|-supereffective|p1a: Iron Bundle\n|-crit|p1a: Iron Bundle\n|-damage|p1a: Iron Bundle|0 fnt\n|faint|p1a: Iron Bundle\n|-end|p1a: Iron Bundle|Quark Drive|[silent]\n|move|p1b: Grafaiai|Poison Jab|p2b: Chien-Pao\n|-damage|p2b: Chien-Pao|42\/100\n|\n|upkeep\n|\n|t:|1684130869\n|switch|p1a: Dragapult|Dragapult, L50, M|100\/100\n|turn|5\n|\n|t:|1684130880\n|move|p2a: Dragonite|Extreme Speed|p1b: Grafaiai\n|-damage|p1b: Grafaiai|0 fnt\n|faint|p1b: Grafaiai\n|move|p2b: Chien-Pao|Ice Shard|p1a: Dragapult\n|-supereffective|p1a: Dragapult\n|-damage|p1a: Dragapult|24\/100\n|move|p1a: Dragapult|Dragon Darts|p2a: Dragonite\n|-supereffective|p2a: Dragonite\n|-damage|p2a: Dragonite|0 fnt\n|-anim|p1a: Dragapult|Dragon Darts|p2b: Chien-Pao\n|-damage|p2b: Chien-Pao|8\/100\n|faint|p2a: Dragonite\n|\n|-sideend|p2: revocolombia|move: Tailwind\n|upkeep\n|\n|t:|1684130895\n|switch|p1b: Chien-Pao|Chien-Pao, L50|100\/100\n|switch|p2a: Murkrow|Murkrow, L50, M|15\/100\n|-ability|p1b: Chien-Pao|Sword of Ruin\n|turn|6\n|\n|t:|1684130904\n|move|p1b: Chien-Pao|Sucker Punch|p2b: Chien-Pao\n|-resisted|p2b: Chien-Pao\n|-damage|p2b: Chien-Pao|0 fnt\n|faint|p2b: Chien-Pao\n|move|p2a: Murkrow|Tailwind|p2a: Murkrow\n|-sidestart|p2: revocolombia|move: Tailwind\n|move|p1a: Dragapult|Dragon Darts|p2a: Murkrow\n|-damage|p2a: Murkrow|0 fnt\n|faint|p2a: Murkrow\n|\n|win|MRSURE\n|raw|MRSURE's rating: 1150 → 1183<\/strong> (+33 for winning)\n|raw|revocolombia's rating: 1267 → 1234<\/strong> (-33 for losing)\n","uploadtime":1684130916,"views":5,"p1id":"mrsure","p2id":"revocolombia","formatid":"gen9vgc2023regulationc","rating":1183,"private":0,"password":""}