{"id":"gen9vgc2023regulationc-1853265235","p1":"Boods12","p2":"Filthymoon","format":"[Gen 9] VGC 2023 Regulation C","log":"|j|\u2606Boods12\n|j|\u2606Filthymoon\n|t:|1682657367\n|gametype|doubles\n|player|p1|Boods12|102|1170\n|player|p2|Filthymoon|rosa|1101\n|teamsize|p1|6\n|teamsize|p2|6\n|gen|9\n|tier|[Gen 9] VGC 2023 Regulation C\n|rated|\n|rule|Species Clause: Limit one of each Pok\u00e9mon\n|rule|Item Clause: Limit one of each item\n|clearpoke\n|poke|p1|Iron Treads, L50|\n|poke|p1|Ting-Lu, L50|\n|poke|p1|Flutter Mane, L50|\n|poke|p1|Gyarados, L50, F|\n|poke|p1|Rotom-Wash, L50|\n|poke|p1|Tsareena, L50, F|\n|poke|p2|Chien-Pao, L50|\n|poke|p2|Arcanine, L50, M|\n|poke|p2|Flutter Mane, L50|\n|poke|p2|Amoonguss, L50, M|\n|poke|p2|Kingambit, L50, F|\n|poke|p2|Dragonite, L50, M|\n|teampreview|4\n|inactive|Battle timer is ON: inactive players will automatically lose when time's up. (requested by Filthymoon)\n|inactive|Boods12 has 60 seconds left.\n|inactive|Filthymoon has 60 seconds left.\n|\n|t:|1682657409\n|start\n|switch|p1a: Iron Treads|Iron Treads, L50|100\/100\n|switch|p1b: Rotom|Rotom-Wash, L50|100\/100\n|switch|p2a: Kingambit|Kingambit, L50, F|100\/100\n|switch|p2b: Amoonguss|Amoonguss, L50, M|100\/100\n|turn|1\n|\n|t:|1682657428\n|switch|p2a: Dragonite|Dragonite, L50, M|100\/100\n|move|p1a: Iron Treads|Earthquake|p2a: Dragonite|[spread] p2b\n|-immune|p1b: Rotom|[from] ability: Levitate\n|-immune|p2a: Dragonite\n|-damage|p2b: Amoonguss|75\/100\n|move|p1b: Rotom|Will-O-Wisp|p2a: Dragonite\n|-status|p2a: Dragonite|brn\n|move|p2b: Amoonguss|Spore|p1b: Rotom\n|-status|p1b: Rotom|slp|[from] move: Spore\n|\n|-damage|p2a: Dragonite|95\/100 brn|[from] brn\n|upkeep\n|turn|2\n|inactive|Filthymoon has 30 seconds left.\n|\n|t:|1682657460\n|move|p1a: Iron Treads|Protect|p1a: Iron Treads\n|-singleturn|p1a: Iron Treads|Protect\n|cant|p1b: Rotom|slp\n|move|p2a: Dragonite|Fire Punch|p1a: Iron Treads\n|-activate|p1a: Iron Treads|move: Protect\n|move|p2b: Amoonguss|Spore|p1a: Iron Treads\n|-activate|p1a: Iron Treads|move: Protect\n|\n|-damage|p2a: Dragonite|89\/100 brn|[from] brn\n|upkeep\n|turn|3\n|inactive|Boods12 has 30 seconds left.\n|\n|t:|1682657494\n|move|p1a: Iron Treads|Ice Spinner|p2a: Dragonite\n|-supereffective|p2a: Dragonite\n|-crit|p2a: Dragonite\n|-damage|p2a: Dragonite|0 fnt\n|faint|p2a: Dragonite\n|cant|p1b: Rotom|slp\n|move|p2b: Amoonguss|Spore|p1b: Rotom\n|-fail|p1b: Rotom|slp\n|\n|upkeep\n|\n|t:|1682657510\n|switch|p2a: Chien-Pao|Chien-Pao, L50|100\/100\n|-ability|p2a: Chien-Pao|Sword of Ruin\n|turn|4\n|\n|t:|1682657519\n|move|p1a: Iron Treads|Protect|p1a: Iron Treads\n|-singleturn|p1a: Iron Treads|Protect\n|move|p2b: Amoonguss|Rage Powder|p2b: Amoonguss\n|-singleturn|p2b: Amoonguss|move: Rage Powder\n|move|p2a: Chien-Pao|Ice Spinner|p1a: Iron Treads\n|-activate|p1a: Iron Treads|move: Protect\n|cant|p1b: Rotom|slp\n|\n|upkeep\n|turn|5\n|\n|t:|1682657536\n|move|p2b: Amoonguss|Rage Powder|p2b: Amoonguss\n|-singleturn|p2b: Amoonguss|move: Rage Powder\n|move|p2a: Chien-Pao|Ice Spinner|p1a: Iron Treads\n|-damage|p1a: Iron Treads|58\/100\n|move|p1a: Iron Treads|Iron Head|p2b: Amoonguss\n|-damage|p2b: Amoonguss|35\/100\n|-curestatus|p1b: Rotom|slp|[msg]\n|move|p1b: Rotom|Discharge|p2a: Chien-Pao|[spread] p2a,p2b\n|-immune|p1a: Iron Treads\n|-resisted|p2b: Amoonguss\n|-damage|p2a: Chien-Pao|63\/100\n|-damage|p2b: Amoonguss|25\/100\n|-status|p2a: Chien-Pao|par\n|\n|upkeep\n|turn|6\n|inactive|Filthymoon has 30 seconds left.\n|\n|t:|1682657563\n|switch|p2b: Kingambit|Kingambit, L50, F|100\/100\n|move|p1a: Iron Treads|Iron Head|p2a: Chien-Pao\n|-supereffective|p2a: Chien-Pao\n|-damage|p2a: Chien-Pao|0 fnt\n|faint|p2a: Chien-Pao\n|move|p1b: Rotom|Discharge|p2b: Kingambit|[spread] p2b\n|-immune|p1a: Iron Treads\n|-damage|p2b: Kingambit|86\/100\n|-status|p2b: Kingambit|par\n|\n|upkeep\n|-message|Filthymoon forfeited.\n|\n|win|Boods12\n|raw|Boods12's rating: 1170 → 1190<\/strong> (+20 for winning)\n|raw|Filthymoon's rating: 1101 → 1081<\/strong> (-20 for losing)\n|l|\u2606Filthymoon\n","uploadtime":1682657580,"views":13,"p1id":"boods12","p2id":"filthymoon","formatid":"gen9vgc2023regulationc","rating":1081,"private":0,"password":""}