{"id":"gen9vgc2023regulationc-1854917300","p1":"aquaarmor23","p2":"awesome10billion","format":"[Gen 9] VGC 2023 Regulation C","log":"|j|\u2606aquaarmor23\n|j|\u2606awesome10billion\n|t:|1682880549\n|gametype|doubles\n|player|p1|aquaarmor23|266|\n|player|p2|awesome10billion|170|\n|teamsize|p1|6\n|teamsize|p2|6\n|gen|9\n|tier|[Gen 9] VGC 2023 Regulation C\n|rule|Species Clause: Limit one of each Pok\u00e9mon\n|rule|Item Clause: Limit one of each item\n|clearpoke\n|poke|p1|Torkoal, L50, F|\n|poke|p1|Flutter Mane, L50|\n|poke|p1|Lilligant, L50, F|\n|poke|p1|Great Tusk, L50|\n|poke|p1|Iron Hands, L50|\n|poke|p1|Chien-Pao, L50|\n|poke|p2|Iron Hands, L50|\n|poke|p2|Amoonguss, L50, F|\n|poke|p2|Pelipper, L50, M|\n|poke|p2|Palafin, L50, F|\n|poke|p2|Baxcalibur, L50, F|\n|poke|p2|Dragonite, L50, F|\n|teampreview|4\n|inactive|Battle timer is ON: inactive players will automatically lose when time's up. (requested by awesome10billion)\nawesome10billion has agreed to open team sheets.\naquaarmor23 has agreed to open team sheets.\n|inactive|aquaarmor23 has 60 seconds left.\n|inactive|awesome10billion has 60 seconds left.\n|inactive|awesome10billion has 30 seconds left.\n|\n|t:|1682880622\n|start\n|switch|p1a: flesh hands|Iron Hands, L50|100\/100\n|switch|p1b: tusk|Great Tusk, L50|100\/100\n|switch|p2a: Iron Hands|Iron Hands, L50|100\/100\n|switch|p2b: Palafin|Palafin, L50, F|100\/100\n|-enditem|p1a: flesh hands|Booster Energy\n|-activate|p1a: flesh hands|ability: Quark Drive|[fromitem]\n|-start|p1a: flesh hands|quarkdriveatk\n|turn|1\n|inactive|aquaarmor23 has 30 seconds left.\n|\n|t:|1682880650\n|detailschange|p2b: Palafin|Palafin-Hero, L50, F\n|switch|p2b: Pelipper|Pelipper, L50, M|100\/100\n|-weather|RainDance|[from] ability: Drizzle|[of] p2b: Pelipper\n|move|p1a: flesh hands|Fake Out|p2a: Iron Hands\n|-damage|p2a: Iron Hands|86\/100\n|move|p1b: tusk|Rapid Spin|p2a: Iron Hands\n|-damage|p2a: Iron Hands|72\/100\n|-boost|p1b: tusk|spe|1\n|cant|p2a: Iron Hands|flinch\n|\n|-weather|RainDance|[upkeep]\n|upkeep\n|turn|2\n|\n|t:|1682880665\n|-end|p2a: Iron Hands|Quark Drive|[silent]\n|switch|p2a: Palafin|Palafin-Hero, L50, F|100\/100\n|-activate|p2a: Palafin|ability: Zero to Hero\n|move|p1b: tusk|Headlong Rush|p2a: Palafin\n|-damage|p2a: Palafin|38\/100\n|-unboost|p1b: tusk|def|1\n|-unboost|p1b: tusk|spd|1\n|move|p2b: Pelipper|Tailwind|p2b: Pelipper\n|-sidestart|p2: awesome10billion|move: Tailwind\n|move|p1a: flesh hands|Wild Charge|p2b: Pelipper\n|-supereffective|p2b: Pelipper\n|-enditem|p2b: Pelipper|Focus Sash\n|-damage|p2b: Pelipper|1\/100\n|-damage|p1a: flesh hands|86\/100|[from] Recoil\n|\n|-weather|RainDance|[upkeep]\n|upkeep\n|turn|3\n|inactive|aquaarmor23 has 30 seconds left.\n|\n|t:|1682880696\n|-end|p1b: tusk|Protosynthesis|[silent]\n|switch|p1b: i like turtles|Torkoal, L50, F|100\/100\n|-weather|SunnyDay|[from] ability: Drought|[of] p1b: i like turtles\n|-terastallize|p2a: Palafin|Water\n|move|p2a: Palafin|Jet Punch|p1b: i like turtles\n|-supereffective|p1b: i like turtles\n|-damage|p1b: i like turtles|50\/100\n|move|p2b: Pelipper|Hurricane|p1a: flesh hands\n|-damage|p1a: flesh hands|45\/100\n|-start|p1a: flesh hands|confusion\n|-activate|p1a: flesh hands|confusion\n|move|p1a: flesh hands|Drain Punch|p2a: Palafin\n|-damage|p2a: Palafin|0 fnt\n|-heal|p1a: flesh hands|61\/100|[from] drain|[of] p2a: Palafin\n|faint|p2a: Palafin\n|\n|-weather|SunnyDay|[upkeep]\n|upkeep\n|\n|t:|1682880712\n|switch|p2a: Baxcalibur|Baxcalibur, L50, F|100\/100\n|turn|4\n|\n|t:|1682880726\n|switch|p2b: Iron Hands|Iron Hands, L50|72\/100\n|move|p1b: i like turtles|Protect|p1b: i like turtles\n|-singleturn|p1b: i like turtles|Protect\n|move|p2a: Baxcalibur|Icicle Crash|p1a: flesh hands|[miss]\n|-miss|p2a: Baxcalibur|p1a: flesh hands\n|-activate|p1a: flesh hands|confusion\n|move|p1a: flesh hands|Close Combat|p2a: Baxcalibur\n|-supereffective|p2a: Baxcalibur\n|-damage|p2a: Baxcalibur|0 fnt\n|-unboost|p1a: flesh hands|def|1\n|-unboost|p1a: flesh hands|spd|1\n|faint|p2a: Baxcalibur\n|\n|-weather|SunnyDay|[upkeep]\n|upkeep\n|\n|t:|1682880739\n|switch|p2a: Pelipper|Pelipper, L50, M|1\/100\n|-weather|RainDance|[from] ability: Drizzle|[of] p2a: Pelipper\n|turn|5\n|inactive|aquaarmor23 has 30 seconds left.\n|\n|t:|1682880768\n|-end|p1a: flesh hands|Quark Drive|[silent]\n|switch|p1a: tusk|Great Tusk, L50|100\/100\n|switch|p1b: flowey|Lilligant, L50, F|100\/100\n|move|p2b: Iron Hands|Fake Out|p1b: flowey\n|-damage|p1b: flowey|82\/100\n|move|p2a: Pelipper|Hurricane|p1a: tusk\n|-supereffective|p1a: tusk\n|-damage|p1a: tusk|6\/100\n|\n|-weather|RainDance|[upkeep]\n|-sideend|p2: awesome10billion|move: Tailwind\n|upkeep\n|turn|6\n|inactive|aquaarmor23 has 30 seconds left.\n|\n|t:|1682880798\n|move|p1b: flowey|Leaf Storm|p2a: Pelipper\n|-damage|p2a: Pelipper|0 fnt\n|-unboost|p1b: flowey|spa|2\n|faint|p2a: Pelipper\n|move|p1a: tusk|Ice Spinner|p2b: Iron Hands\n|-damage|p2b: Iron Hands|52\/100\n|move|p2b: Iron Hands|Close Combat|p1b: flowey\n|-damage|p1b: flowey|0 fnt\n|-unboost|p2b: Iron Hands|def|1\n|-unboost|p2b: Iron Hands|spd|1\n|faint|p1b: flowey\n|\n|-weather|RainDance|[upkeep]\n|upkeep\n|\n|t:|1682880810\n|switch|p1b: i like turtles|Torkoal, L50, F|50\/100\n|-weather|SunnyDay|[from] ability: Drought|[of] p1b: i like turtles\n|-activate|p1a: tusk|ability: Protosynthesis\n|-start|p1a: tusk|protosynthesisatk\n|turn|7\n|c|\u2606awesome10billion|GG\n|\n|t:|1682880822\n|move|p1a: tusk|Headlong Rush|p2b: Iron Hands\n|-supereffective|p2b: Iron Hands\n|-damage|p2b: Iron Hands|0 fnt\n|-unboost|p1a: tusk|def|1\n|-unboost|p1a: tusk|spd|1\n|faint|p2b: Iron Hands\n|-end|p2b: Iron Hands|Quark Drive|[silent]\n|\n|win|aquaarmor23\n|c|\u2606aquaarmor23|GG\n|j| BumpyBumps\n","uploadtime":1682880831,"views":10,"p1id":"aquaarmor23","p2id":"awesome10billion","formatid":"gen9vgc2023regulationc","rating":0,"private":0,"password":""}