{"id":"gen9vgc2023regulationc-1862310771","p1":"jchemmy","p2":"ToadSageHokage","format":"[Gen 9] VGC 2023 Regulation C","log":"|j|\u2606jchemmy\n|j|\u2606ToadSageHokage\n|t:|1683863554\n|gametype|doubles\n|player|p1|jchemmy|brock|1364\n|player|p2|ToadSageHokage|gambler|1482\n|teamsize|p1|6\n|teamsize|p2|6\n|gen|9\n|tier|[Gen 9] VGC 2023 Regulation C\n|rated|\n|rule|Species Clause: Limit one of each Pok\u00e9mon\n|rule|Item Clause: Limit one of each item\n|clearpoke\n|poke|p1|Flutter Mane, L50|\n|poke|p1|Ting-Lu, L50|\n|poke|p1|Baxcalibur, L50, M|\n|poke|p1|Palafin, L50, F|\n|poke|p1|Arcanine, L50, M|\n|poke|p1|Amoonguss, L50, M|\n|poke|p2|Flutter Mane, L50|\n|poke|p2|Scizor, L50, M|\n|poke|p2|Chi-Yu, L50|\n|poke|p2|Amoonguss, L50, M|\n|poke|p2|Salamence, L50, M|\n|poke|p2|Chien-Pao, L50|\n|teampreview|4\n|inactive|Battle timer is ON: inactive players will automatically lose when time's up. (requested by jchemmy)\njchemmy has agreed to open team sheets.\n|inactive|jchemmy has 60 seconds left.\n|\n|t:|1683863592\n|start\n|switch|p1a: Arcanine|Arcanine, L50, M|100\/100\n|switch|p1b: Baxcalibur|Baxcalibur, L50, M|100\/100\n|switch|p2a: Chi-Yu|Chi-Yu, L50|100\/100\n|switch|p2b: Flutter Mane|Flutter Mane, L50|100\/100\n|-ability|p2a: Chi-Yu|Beads of Ruin\n|-ability|p1a: Arcanine|Intimidate|boost\n|-unboost|p2a: Chi-Yu|atk|1\n|-unboost|p2b: Flutter Mane|atk|1\n|-enditem|p2b: Flutter Mane|Booster Energy\n|-activate|p2b: Flutter Mane|ability: Protosynthesis|[fromitem]\n|-start|p2b: Flutter Mane|protosynthesisspe\n|turn|1\n|\n|t:|1683863616\n|move|p1b: Baxcalibur|Protect|p1b: Baxcalibur\n|-singleturn|p1b: Baxcalibur|Protect\n|move|p2b: Flutter Mane|Shadow Ball|p1a: Arcanine\n|-damage|p1a: Arcanine|56\/100\n|move|p2a: Chi-Yu|Dark Pulse|p1a: Arcanine\n|-damage|p1a: Arcanine|11\/100\n|move|p1a: Arcanine|Howl|p1a: Arcanine|[spread] p1a,p1b\n|-boost|p1a: Arcanine|atk|1\n|-boost|p1b: Baxcalibur|atk|1\n|\n|upkeep\n|turn|2\n|inactive|ToadSageHokage has 30 seconds left.\n|inactive|ToadSageHokage has 20 seconds left.\n|inactive|ToadSageHokage has 15 seconds left.\n|inactive|ToadSageHokage has 10 seconds left.\n|\n|t:|1683863665\n|switch|p1a: Ting-Lu|Ting-Lu, L50|100\/100\n|-ability|p1a: Ting-Lu|Vessel of Ruin\n|-terastallize|p1b: Baxcalibur|Poison\n|move|p2b: Flutter Mane|Protect|p2b: Flutter Mane\n|-singleturn|p2b: Flutter Mane|Protect\n|move|p2a: Chi-Yu|Dark Pulse|p1a: Ting-Lu\n|-resisted|p1a: Ting-Lu\n|-damage|p1a: Ting-Lu|90\/100\n|move|p1b: Baxcalibur|Glaive Rush|p2a: Chi-Yu\n|-damage|p2a: Chi-Yu|0 fnt\n|-singlemove|p1b: Baxcalibur|Glaive Rush|[silent]\n|faint|p2a: Chi-Yu\n|\n|upkeep\n|\n|t:|1683863682\n|switch|p2a: Salamence|Salamence, L50, M|100\/100\n|-ability|p2a: Salamence|Intimidate|boost\n|-unboost|p1a: Ting-Lu|atk|1\n|-fail|p1b: Baxcalibur|unboost|[from] item: Clear Amulet|[of] p1b: Baxcalibur\n|turn|3\n|inactive|ToadSageHokage has 30 seconds left.\n|inactive|ToadSageHokage has 20 seconds left.\n|\n|t:|1683863718\n|-terastallize|p2a: Salamence|Steel\n|move|p1b: Baxcalibur|Ice Shard|p2b: Flutter Mane\n|-damage|p2b: Flutter Mane|38\/100\n|move|p2b: Flutter Mane|Shadow Ball|p1b: Baxcalibur\n|-damage|p1b: Baxcalibur|74\/100\n|move|p2a: Salamence|Dual Wingbeat|p1b: Baxcalibur\n|-damage|p1b: Baxcalibur|55\/100\n|-damage|p1b: Baxcalibur|35\/100\n|-hitcount|p1b: Baxcalibur|2\n|move|p1a: Ting-Lu|Ruination|p2a: Salamence\n|-damage|p2a: Salamence|51\/100\n|\n|upkeep\n|turn|4\n|inactive|ToadSageHokage has 30 seconds left.\n|\n|t:|1683863745\n|-end|p2b: Flutter Mane|Protosynthesis|[silent]\n|switch|p2b: Scizor|Scizor, L50, M|100\/100\n|move|p1b: Baxcalibur|Protect|p1b: Baxcalibur\n|-singleturn|p1b: Baxcalibur|Protect\n|move|p2a: Salamence|Dual Wingbeat|p1b: Baxcalibur\n|-activate|p1b: Baxcalibur|move: Protect\n|move|p1a: Ting-Lu|Stomping Tantrum|p2a: Salamence\n|-supereffective|p2a: Salamence\n|-damage|p2a: Salamence|0 fnt\n|faint|p2a: Salamence\n|\n|upkeep\n|\n|t:|1683863757\n|switch|p2a: Flutter Mane|Flutter Mane, L50|38\/100\n|turn|5\n|\n|t:|1683863775\n|switch|p1b: Arcanine|Arcanine, L50, M|11\/100\n|-ability|p1b: Arcanine|Intimidate|boost\n|-unboost|p2a: Flutter Mane|atk|1\n|-unboost|p2b: Scizor|atk|1\n|move|p2b: Scizor|Bullet Punch|p1b: Arcanine\n|-resisted|p1b: Arcanine\n|-damage|p1b: Arcanine|0 fnt\n|faint|p1b: Arcanine\n|move|p2a: Flutter Mane|Moonblast|p1a: Ting-Lu\n|-supereffective|p1a: Ting-Lu\n|-damage|p1a: Ting-Lu|58\/100\n|-unboost|p1a: Ting-Lu|spa|1\n|move|p1a: Ting-Lu|Ruination|p2b: Scizor\n|-damage|p2b: Scizor|51\/100\n|\n|upkeep\n|\n|t:|1683863791\n|switch|p1b: Amoonguss|Amoonguss, L50, M|100\/100\n|turn|6\n|\n|t:|1683863811\n|move|p2a: Flutter Mane|Moonblast|p1a: Ting-Lu\n|-supereffective|p1a: Ting-Lu\n|-damage|p1a: Ting-Lu|25\/100\n|move|p2b: Scizor|Close Combat|p1a: Ting-Lu\n|-supereffective|p1a: Ting-Lu\n|-damage|p1a: Ting-Lu|0 fnt\n|-unboost|p2b: Scizor|def|1\n|-unboost|p2b: Scizor|spd|1\n|faint|p1a: Ting-Lu\n|move|p1b: Amoonguss|Spore|p2b: Scizor\n|-status|p2b: Scizor|slp|[from] move: Spore\n|-enditem|p2b: Scizor|Lum Berry|[eat]\n|-curestatus|p2b: Scizor|slp|[msg]\n|\n|upkeep\n|\n|t:|1683863818\n|switch|p1a: Baxcalibur|Baxcalibur, L50, M, tera:Poison|35\/100\n|turn|7\n|\n|t:|1683863834\n|move|p2a: Flutter Mane|Protect|p2a: Flutter Mane\n|-singleturn|p2a: Flutter Mane|Protect\n|move|p1b: Amoonguss|Rage Powder|p1b: Amoonguss\n|-singleturn|p1b: Amoonguss|move: Rage Powder\n|move|p1a: Baxcalibur|Ice Shard|p2a: Flutter Mane\n|-activate|p2a: Flutter Mane|move: Protect\n|move|p2b: Scizor|Bullet Punch|p1b: Amoonguss\n|-damage|p1b: Amoonguss|81\/100\n|\n|upkeep\n|turn|8\n|\n|t:|1683863858\n|move|p1b: Amoonguss|Rage Powder|p1b: Amoonguss\n|-singleturn|p1b: Amoonguss|move: Rage Powder\n|move|p1a: Baxcalibur|Ice Shard|p2a: Flutter Mane\n|-damage|p2a: Flutter Mane|0 fnt\n|faint|p2a: Flutter Mane\n|-end|p2a: Flutter Mane|Protosynthesis|[silent]\n|move|p2b: Scizor|Pounce|p1b: Amoonguss\n|-damage|p1b: Amoonguss|56\/100\n|-unboost|p1b: Amoonguss|spe|1\n|\n|upkeep\n|turn|9\n|\n|t:|1683863873\n|move|p1a: Baxcalibur|Protect|p1a: Baxcalibur\n|-singleturn|p1a: Baxcalibur|Protect\n|move|p2b: Scizor|Bullet Punch|p1a: Baxcalibur\n|-activate|p1a: Baxcalibur|move: Protect\n|move|p1b: Amoonguss|Spore|p2b: Scizor\n|-status|p2b: Scizor|slp|[from] move: Spore\n|\n|upkeep\n|turn|10\n|\n|t:|1683863884\n|cant|p2b: Scizor|slp\n|move|p1a: Baxcalibur|Glaive Rush|p2b: Scizor\n|-resisted|p2b: Scizor\n|-damage|p2b: Scizor|0 fnt\n|-singlemove|p1a: Baxcalibur|Glaive Rush|[silent]\n|faint|p2b: Scizor\n|\n|win|jchemmy\n|raw|jchemmy's rating: 1364 → 1391<\/strong> (+27 for winning)\n|raw|ToadSageHokage's rating: 1482 → 1455<\/strong> (-27 for losing)\n","uploadtime":1683863890,"views":16,"p1id":"jchemmy","p2id":"toadsagehokage","formatid":"gen9vgc2023regulationc","rating":1391,"private":0,"password":""}