{"id":"gen9vgc2023regulationc-1848861274","p1":"Lexxylooloo","p2":"ElHombrePPKK","format":"[Gen 9] VGC 2023 Regulation C","log":"|j|\u2606Lexxylooloo\n|j|\u2606ElHombrePPKK\n|t:|1682118716\n|gametype|doubles\n|player|p1|Lexxylooloo|backersf|1114\n|player|p2|ElHombrePPKK|169|1048\n|teamsize|p1|6\n|teamsize|p2|6\n|gen|9\n|tier|[Gen 9] VGC 2023 Regulation C\n|rated|\n|rule|Species Clause: Limit one of each Pok\u00e9mon\n|rule|Item Clause: Limit one of each item\n|clearpoke\n|poke|p1|Grimmsnarl, L50, M|\n|poke|p1|Arcanine, L50, M|\n|poke|p1|Iron Hands, L50|\n|poke|p1|Gastrodon-East, L50, M|\n|poke|p1|Sylveon, L50, M|\n|poke|p1|Corviknight, L50, F|\n|poke|p2|Glimmora, L50, F|\n|poke|p2|Talonflame, L50, F|\n|poke|p2|Palafin, L50, M|\n|poke|p2|Ting-Lu, L50|\n|poke|p2|Flutter Mane, L50|\n|poke|p2|Gholdengo, L50|\n|teampreview|4\n|inactive|Battle timer is ON: inactive players will automatically lose when time's up. (requested by Lexxylooloo)\n|\n|t:|1682118746\n|start\n|switch|p1a: Slimecicle|Gastrodon-East, L50, M|100\/100\n|switch|p1b: Hasan|Arcanine, L50, M|100\/100\n|switch|p2a: Talonflame|Talonflame, L50, F|100\/100\n|switch|p2b: Gholdengo|Gholdengo, L50|100\/100\n|-ability|p1b: Hasan|Intimidate|boost\n|-unboost|p2a: Talonflame|atk|1\n|-unboost|p2b: Gholdengo|atk|1\n|turn|1\n|\n|t:|1682118760\n|switch|p2b: Glimmora|Glimmora, L50, F, shiny|100\/100\n|move|p2a: Talonflame|Tailwind|p2a: Talonflame\n|-sidestart|p2: ElHombrePPKK|move: Tailwind\n|move|p1b: Hasan|Flare Blitz|p2b: Glimmora\n|-resisted|p2b: Glimmora\n|-damage|p2b: Glimmora|74\/100\n|-activate|p2b: Glimmora|ability: Toxic Debris\n|-sidestart|p1: Lexxylooloo|move: Toxic Spikes\n|-damage|p1b: Hasan|92\/100|[from] Recoil\n|move|p1a: Slimecicle|Muddy Water|p2a: Talonflame|[spread] p2a,p2b\n|-supereffective|p2a: Talonflame\n|-supereffective|p2b: Glimmora\n|-damage|p2a: Talonflame|17\/100\n|-damage|p2b: Glimmora|33\/100\n|\n|upkeep\n|turn|2\n|inactive|ElHombrePPKK has 30 seconds left.\n|\n|t:|1682118786\n|-terastallize|p2b: Glimmora|Grass\n|move|p1b: Hasan|Extreme Speed|p2b: Glimmora\n|-damage|p2b: Glimmora|9\/100\n|-activate|p2b: Glimmora|ability: Toxic Debris\n|-sidestart|p1: Lexxylooloo|move: Toxic Spikes\n|move|p2a: Talonflame|Brave Bird|p1b: Hasan\n|-damage|p1b: Hasan|61\/100\n|-damage|p2a: Talonflame|4\/100|[from] Recoil\n|move|p2b: Glimmora|Energy Ball|p1a: Slimecicle\n|-supereffective|p1a: Slimecicle\n|-damage|p1a: Slimecicle|0 fnt\n|faint|p1a: Slimecicle\n|\n|upkeep\n|\n|t:|1682118803\n|switch|p1a: Ben Shapiro|Corviknight, L50, F|100\/100\n|turn|3\n|\n|t:|1682118814\n|move|p1b: Hasan|Extreme Speed|p2a: Talonflame\n|-damage|p2a: Talonflame|0 fnt\n|faint|p2a: Talonflame\n|move|p2b: Glimmora|Power Gem|p1b: Hasan\n|-supereffective|p1b: Hasan\n|-damage|p1b: Hasan|0 fnt\n|faint|p1b: Hasan\n|move|p1a: Ben Shapiro|Bulk Up|p1a: Ben Shapiro\n|-boost|p1a: Ben Shapiro|atk|1\n|-boost|p1a: Ben Shapiro|def|1\n|\n|upkeep\n|\n|t:|1682118831\n|switch|p2a: Gholdengo|Gholdengo, L50|100\/100\n|switch|p1b: Pointcrow|Iron Hands, L50|100\/100\n|-status|p1b: Pointcrow|tox\n|turn|4\n|\n|t:|1682118846\n|move|p2a: Gholdengo|Nasty Plot|p2a: Gholdengo\n|-boost|p2a: Gholdengo|spa|2\n|move|p2b: Glimmora|Power Gem|p1a: Ben Shapiro\n|-damage|p1a: Ben Shapiro|59\/100\n|move|p1a: Ben Shapiro|Iron Head|p2b: Glimmora\n|-damage|p2b: Glimmora|0 fnt\n|faint|p2b: Glimmora\n|move|p1b: Pointcrow|Swords Dance|p1b: Pointcrow\n|-boost|p1b: Pointcrow|atk|2\n|\n|-damage|p1b: Pointcrow|94\/100 tox|[from] psn\n|-sideend|p2: ElHombrePPKK|move: Tailwind\n|upkeep\n|\n|t:|1682118860\n|switch|p2b: Flutter Mane|Flutter Mane, L50|100\/100\n|turn|5\n|\n|t:|1682118880\n|move|p1b: Pointcrow|Protect|p1b: Pointcrow\n|-singleturn|p1b: Pointcrow|Protect\n|move|p2b: Flutter Mane|Moonblast|p1b: Pointcrow\n|-activate|p1b: Pointcrow|move: Protect\n|move|p2a: Gholdengo|Shadow Ball|p1b: Pointcrow\n|-activate|p1b: Pointcrow|move: Protect\n|move|p1a: Ben Shapiro|Iron Head|p2b: Flutter Mane\n|-supereffective|p2b: Flutter Mane\n|-damage|p2b: Flutter Mane|0 fnt\n|faint|p2b: Flutter Mane\n|-end|p2b: Flutter Mane|Protosynthesis|[silent]\n|\n|-damage|p1b: Pointcrow|82\/100 tox|[from] psn\n|upkeep\n|turn|6\n|\n|t:|1682118900\n|move|p2a: Gholdengo|Shadow Ball|p1a: Ben Shapiro\n|-damage|p1a: Ben Shapiro|0 fnt\n|faint|p1a: Ben Shapiro\n|-damage|p2a: Gholdengo|91\/100|[from] item: Life Orb\n|move|p1b: Pointcrow|Wild Charge|p2a: Gholdengo\n|-damage|p2a: Gholdengo|0 fnt\n|faint|p2a: Gholdengo\n|-damage|p1b: Pointcrow|66\/100 tox|[from] Recoil\n|\n|win|Lexxylooloo\n|raw|Lexxylooloo's rating: 1114 → 1134<\/strong> (+20 for winning)\n|raw|ElHombrePPKK's rating: 1048 → 1034<\/strong> (-14 for losing)\n","uploadtime":1682118940,"views":11,"p1id":"lexxylooloo","p2id":"elhombreppkk","formatid":"gen9vgc2023regulationc","rating":1034,"private":0,"password":""}