{"id":"gen9vgc2023regulationc-1855330928","p1":"SM0KESgirl","p2":"immabeimmabe","format":"[Gen 9] VGC 2023 Regulation C","log":"|j|\u2606SM0KESgirl\n|j|\u2606immabeimmabe\n|t:|1682938304\n|gametype|doubles\n|player|p1|SM0KESgirl|skyla|1297\n|player|p2|immabeimmabe|266|1235\n|teamsize|p1|6\n|teamsize|p2|6\n|gen|9\n|tier|[Gen 9] VGC 2023 Regulation C\n|rated|\n|rule|Species Clause: Limit one of each Pok\u00e9mon\n|rule|Item Clause: Limit one of each item\n|clearpoke\n|poke|p1|Gholdengo, L50|\n|poke|p1|Murkrow, L50, F|\n|poke|p1|Baxcalibur, L50, F|\n|poke|p1|Annihilape, L50, M|\n|poke|p1|Flutter Mane, L50|\n|poke|p1|Amoonguss, L50, F|\n|poke|p2|Iron Bundle, L50|\n|poke|p2|Abomasnow, L50, F|\n|poke|p2|Baxcalibur, L50, M|\n|poke|p2|Talonflame, L50, M|\n|poke|p2|Flutter Mane, L50|\n|poke|p2|Chi-Yu, L50|\n|teampreview|4\n|\n|t:|1682938328\n|start\n|switch|p1a: Murkrow|Murkrow, L50, F|100\/100\n|switch|p1b: Baxcalibur|Baxcalibur, L50, F|100\/100\n|switch|p2a: Talonflame|Talonflame, L50, M|100\/100\n|switch|p2b: Chi-Yu|Chi-Yu, L50|100\/100\n|-ability|p2b: Chi-Yu|Beads of Ruin\n|turn|1\n|\n|t:|1682938360\n|move|p2a: Talonflame|Tailwind|p2a: Talonflame\n|-sidestart|p2: immabeimmabe|move: Tailwind\n|move|p1a: Murkrow|Tailwind|p1a: Murkrow\n|-sidestart|p1: SM0KESgirl|move: Tailwind\n|move|p2b: Chi-Yu|Dark Pulse|p1b: Baxcalibur\n|-damage|p1b: Baxcalibur|54\/100\n|-damage|p2b: Chi-Yu|90\/100|[from] item: Life Orb\n|move|p1b: Baxcalibur|Earthquake|p2a: Talonflame|[spread] p2b\n|-immune|p1a: Murkrow\n|-immune|p2a: Talonflame\n|-supereffective|p2b: Chi-Yu\n|-damage|p2b: Chi-Yu|0 fnt\n|faint|p2b: Chi-Yu\n|\n|upkeep\n|\n|t:|1682938383\n|switch|p2b: Baxcalibur|Baxcalibur, L50, M|100\/100\n|turn|2\n|\n|t:|1682938408\n|move|p2a: Talonflame|Brave Bird|p1b: Baxcalibur\n|-damage|p1b: Baxcalibur|23\/100\n|-damage|p2a: Talonflame|88\/100|[from] Recoil\n|move|p1a: Murkrow|Thunder Wave|p2b: Baxcalibur\n|-status|p2b: Baxcalibur|par\n|move|p1b: Baxcalibur|Icicle Spear|p2a: Talonflame\n|-damage|p2a: Talonflame|73\/100\n|-damage|p2a: Talonflame|56\/100\n|-hitcount|p2a: Talonflame|2\n|move|p2b: Baxcalibur|Icicle Crash|p1a: Murkrow\n|-supereffective|p1a: Murkrow\n|-damage|p1a: Murkrow|0 fnt\n|faint|p1a: Murkrow\n|\n|upkeep\n|\n|t:|1682938426\n|switch|p1a: Gholdengo|Gholdengo, L50|100\/100\n|turn|3\n|\n|t:|1682938448\n|-terastallize|p2b: Baxcalibur|Ground\n|move|p1b: Baxcalibur|Ice Shard|p2a: Talonflame\n|-damage|p2a: Talonflame|33\/100\n|move|p2a: Talonflame|Brave Bird|p1b: Baxcalibur\n|-damage|p1b: Baxcalibur|0 fnt\n|faint|p1b: Baxcalibur\n|-damage|p2a: Talonflame|24\/100|[from] Recoil\n|move|p1a: Gholdengo|Make It Rain|p2a: Talonflame|[spread] p2a,p2b\n|-resisted|p2a: Talonflame\n|-crit|p2a: Talonflame\n|-damage|p2a: Talonflame|0 fnt\n|-damage|p2b: Baxcalibur|27\/100 par\n|-unboost|p1a: Gholdengo|spa|1\n|faint|p2a: Talonflame\n|cant|p2b: Baxcalibur|par\n|\n|upkeep\n|\n|t:|1682938467\n|switch|p2a: Flutter Mane|Flutter Mane, L50|100\/100\n|switch|p1b: Annihilape|Annihilape, L50, M|100\/100\n|turn|4\n|\n|t:|1682938494\n|-terastallize|p1a: Gholdengo|Steel\n|move|p2b: Baxcalibur|Protect|p2b: Baxcalibur\n|-singleturn|p2b: Baxcalibur|Protect\n|move|p2a: Flutter Mane|Shadow Ball|p1b: Annihilape\n|-supereffective|p1b: Annihilape\n|-damage|p1b: Annihilape|22\/100\n|move|p1b: Annihilape|Drain Punch|p2b: Baxcalibur\n|-activate|p2b: Baxcalibur|move: Protect\n|move|p1a: Gholdengo|Make It Rain|p2b: Baxcalibur|[spread] p2a\n|-activate|p2b: Baxcalibur|move: Protect\n|-supereffective|p2a: Flutter Mane\n|-damage|p2a: Flutter Mane|0 fnt\n|-unboost|p1a: Gholdengo|spa|1\n|faint|p2a: Flutter Mane\n|-end|p2a: Flutter Mane|Protosynthesis|[silent]\n|\n|-heal|p1b: Annihilape|28\/100|[from] item: Leftovers\n|-sideend|p2: immabeimmabe|move: Tailwind\n|-sideend|p1: SM0KESgirl|move: Tailwind\n|upkeep\n|turn|5\n|-message|immabeimmabe forfeited.\n|\n|win|SM0KESgirl\n|raw|SM0KESgirl's rating: 1297 → 1318<\/strong> (+21 for winning)\n|raw|immabeimmabe's rating: 1235 → 1214<\/strong> (-21 for losing)\n|l|\u2606immabeimmabe\n","uploadtime":1682938520,"views":17,"p1id":"sm0kesgirl","p2id":"immabeimmabe","formatid":"gen9vgc2023regulationc","rating":1214,"private":0,"password":""}