{"id":"gen9vgc2023regulationc-1852816322","p1":"kkkdddsss","p2":"McDubbieEnthusiast","format":"[Gen 9] VGC 2023 Regulation C","log":"|j|\u2606kkkdddsss\n|j|\u2606McDubbieEnthusiast\n|t:|1682608704\n|gametype|doubles\n|player|p1|kkkdddsss|101|1327\n|player|p2|McDubbieEnthusiast|pokemonbreeder-gen4|1258\n|teamsize|p1|6\n|teamsize|p2|6\n|gen|9\n|tier|[Gen 9] VGC 2023 Regulation C\n|rated|\n|rule|Species Clause: Limit one of each Pok\u00e9mon\n|rule|Item Clause: Limit one of each item\n|clearpoke\n|poke|p1|Torkoal, L50, M|\n|poke|p1|Flutter Mane, L50|\n|poke|p1|Great Tusk, L50|\n|poke|p1|Jumpluff, L50, F|\n|poke|p1|Chi-Yu, L50|\n|poke|p1|Roaring Moon, L50|\n|poke|p2|Tyranitar, L50, F|\n|poke|p2|Garchomp, L50, F|\n|poke|p2|Scream Tail, L50|\n|poke|p2|Corviknight, L50, M|\n|poke|p2|Tatsugiri, L50, M|\n|poke|p2|Dondozo, L50, F|\n|teampreview|4\n|inactive|Battle timer is ON: inactive players will automatically lose when time's up. (requested by kkkdddsss)\n|\n|t:|1682608756\n|start\n|switch|p1a: Torkoal|Torkoal, L50, M|100\/100\n|switch|p1b: Jumpluff|Jumpluff, L50, F|100\/100\n|switch|p2a: Roc|Corviknight, L50, M|100\/100\n|switch|p2b: Marid|Dondozo, L50, F|100\/100\n|-weather|SunnyDay|[from] ability: Drought|[of] p1a: Torkoal\n|turn|1\n|inactive|McDubbieEnthusiast has 30 seconds left.\n|\n|t:|1682608788\n|switch|p2a: Tarrasque|Tyranitar, L50, F, shiny|100\/100\n|-weather|Sandstorm|[from] ability: Sand Stream|[of] p2a: Tarrasque\n|-terastallize|p2b: Marid|Grass\n|move|p1b: Jumpluff|Sleep Powder|p2b: Marid\n|-immune|p2b: Marid\n|move|p2b: Marid|Wave Crash|p1a: Torkoal\n|-supereffective|p1a: Torkoal\n|-damage|p1a: Torkoal|23\/100\n|-damage|p2b: Marid|80\/100|[from] Recoil\n|move|p1a: Torkoal|Overheat|p2b: Marid\n|-supereffective|p2b: Marid\n|-damage|p2b: Marid|0 fnt\n|-unboost|p1a: Torkoal|spa|2\n|-enditem|p1a: Torkoal|Eject Pack\n|faint|p2b: Marid\n|\n|t:|1682608810\n|switch|p1a: Flutter Mane|Flutter Mane, L50|100\/100\n|\n|-weather|Sandstorm|[upkeep]\n|-damage|p1a: Flutter Mane|94\/100|[from] Sandstorm\n|-damage|p1b: Jumpluff|94\/100|[from] Sandstorm\n|upkeep\n|\n|t:|1682608818\n|switch|p2b: Roc|Corviknight, L50, M|100\/100\n|turn|2\n|\n|t:|1682608833\n|move|p2a: Tarrasque|Protect|p2a: Tarrasque\n|-singleturn|p2a: Tarrasque|Protect\n|move|p1a: Flutter Mane|Shadow Ball|p2b: Roc\n|-damage|p2b: Roc|35\/100\n|-ability|p2b: Roc|Mirror Armor\n|-unboost|p1a: Flutter Mane|spd|1\n|move|p1b: Jumpluff|Sleep Powder|p2a: Tarrasque\n|-activate|p2a: Tarrasque|move: Protect\n|move|p2b: Roc|Iron Head|p1a: Flutter Mane\n|-supereffective|p1a: Flutter Mane\n|-damage|p1a: Flutter Mane|0 fnt\n|faint|p1a: Flutter Mane\n|-end|p1a: Flutter Mane|Protosynthesis|[silent]\n|\n|-weather|Sandstorm|[upkeep]\n|-damage|p1b: Jumpluff|88\/100|[from] Sandstorm\n|upkeep\n|\n|t:|1682608848\n|switch|p1a: Roaring Moon|Roaring Moon, L50|100\/100\n|-enditem|p1a: Roaring Moon|Booster Energy\n|-activate|p1a: Roaring Moon|ability: Protosynthesis|[fromitem]\n|-start|p1a: Roaring Moon|protosynthesisatk\n|turn|3\n|inactive|McDubbieEnthusiast has 30 seconds left.\n|\n|t:|1682608877\n|switch|p2a: Mogaru|Garchomp, L50, F|100\/100\n|-terastallize|p1a: Roaring Moon|Flying\n|move|p1b: Jumpluff|Sleep Powder|p2a: Mogaru\n|-status|p2a: Mogaru|slp|[from] move: Sleep Powder\n|move|p1a: Roaring Moon|Dragon Dance|p1a: Roaring Moon\n|-boost|p1a: Roaring Moon|atk|1\n|-boost|p1a: Roaring Moon|spe|1\n|move|p2b: Roc|Roost|p2b: Roc\n|-heal|p2b: Roc|85\/100\n|-singleturn|p2b: Roc|move: Roost\n|\n|-weather|Sandstorm|[upkeep]\n|-damage|p1a: Roaring Moon|94\/100|[from] Sandstorm\n|-damage|p1b: Jumpluff|82\/100|[from] Sandstorm\n|upkeep\n|turn|4\n|inactive|McDubbieEnthusiast has 30 seconds left.\n|\n|t:|1682608902\n|move|p1a: Roaring Moon|Acrobatics|p2a: Mogaru|[miss]\n|-miss|p1a: Roaring Moon|p2a: Mogaru\n|move|p1b: Jumpluff|Sleep Powder|p2b: Roc\n|-activate|p2b: Roc|item: Safety Goggles|Sleep Powder\n|cant|p2a: Mogaru|slp\n|move|p2b: Roc|Bulk Up|p2b: Roc\n|-boost|p2b: Roc|atk|1\n|-boost|p2b: Roc|def|1\n|\n|-weather|Sandstorm|[upkeep]\n|-damage|p1a: Roaring Moon|88\/100|[from] Sandstorm\n|-damage|p1b: Jumpluff|76\/100|[from] Sandstorm\n|upkeep\n|turn|5\n|\n|t:|1682608929\n|move|p1a: Roaring Moon|Acrobatics|p2a: Mogaru\n|-damage|p2a: Mogaru|0 fnt\n|faint|p2a: Mogaru\n|move|p1b: Jumpluff|Sleep Powder|p2b: Roc\n|-activate|p2b: Roc|item: Safety Goggles|Sleep Powder\n|move|p2b: Roc|Brave Bird|p1a: Roaring Moon\n|-crit|p1a: Roaring Moon\n|-damage|p1a: Roaring Moon|0 fnt\n|faint|p1a: Roaring Moon\n|-end|p1a: Roaring Moon|Protosynthesis|[silent]\n|-damage|p2b: Roc|60\/100|[from] Recoil\n|\n|-weather|none\n|upkeep\n|\n|t:|1682608940\n|switch|p1a: Torkoal|Torkoal, L50, M|23\/100\n|switch|p2a: Tarrasque|Tyranitar, L50, F, shiny|100\/100\n|-weather|Sandstorm|[from] ability: Sand Stream|[of] p2a: Tarrasque\n|-weather|SunnyDay|[from] ability: Drought|[of] p1a: Torkoal\n|turn|6\n|-message|kkkdddsss forfeited.\n|\n|win|McDubbieEnthusiast\n|raw|kkkdddsss's rating: 1327 → 1303<\/strong> (-24 for losing)\n|raw|McDubbieEnthusiast's rating: 1258 → 1288<\/strong> (+30 for winning)\n|l|\u2606kkkdddsss\n","uploadtime":1682608953,"views":6,"p1id":"kkkdddsss","p2id":"mcdubbieenthusiast","formatid":"gen9vgc2023regulationc","rating":1288,"private":0,"password":""}