{"id":"gen9vgc2023regulationc-1860445370","p1":"Destiny03","p2":"Guhnbt","format":"[Gen 9] VGC 2023 Regulation C","log":"|j|\u2606Destiny03\n|j|\u2606Guhnbt\n|t:|1683644868\n|gametype|doubles\n|player|p1|Destiny03|cynthia|1036\n|player|p2|Guhnbt|170|1000\n|teamsize|p1|6\n|teamsize|p2|6\n|gen|9\n|tier|[Gen 9] VGC 2023 Regulation C\n|rated|\n|rule|Species Clause: Limit one of each Pok\u00e9mon\n|rule|Item Clause: Limit one of each item\n|clearpoke\n|poke|p1|Iron Bundle, L50|\n|poke|p1|Chien-Pao, L50|\n|poke|p1|Cloyster, L50, M|\n|poke|p1|Frosmoth, L50, M|\n|poke|p1|Abomasnow, L50, F|\n|poke|p1|Baxcalibur, L50, M|\n|poke|p2|Palafin, L50, F|\n|poke|p2|Pelipper, L50, M|\n|poke|p2|Dragapult, L50, F|\n|poke|p2|Brute Bonnet, L50|\n|poke|p2|Revavroom, L50, F|\n|poke|p2|Arcanine, L50, M|\n|teampreview|4\nGuhnbt rejected open team sheets.\n|\n|t:|1683644915\n|start\n|switch|p1a: Abomasnow|Abomasnow, L50, F|100\/100\n|switch|p1b: Cloyster|Cloyster, L50, M|100\/100\n|switch|p2a: Palafin|Palafin, L50, F|100\/100\n|switch|p2b: Arcanine|Arcanine, L50, M|100\/100\n|-ability|p2b: Arcanine|Intimidate|boost\n|-unboost|p1a: Abomasnow|atk|1\n|-unboost|p1b: Cloyster|atk|1\n|-weather|Snow|[from] ability: Snow Warning|[of] p1a: Abomasnow\n|turn|1\n|\n|t:|1683644954\n|detailschange|p2a: Palafin|Palafin-Hero, L50, F\n|switch|p2a: Pelipper|Pelipper, L50, M|100\/100\n|-weather|RainDance|[from] ability: Drizzle|[of] p2a: Pelipper\n|-terastallize|p1a: Abomasnow|Water\n|move|p1b: Cloyster|Shell Smash|p1b: Cloyster\n|-unboost|p1b: Cloyster|def|1\n|-unboost|p1b: Cloyster|spd|1\n|-boost|p1b: Cloyster|atk|2\n|-boost|p1b: Cloyster|spa|2\n|-boost|p1b: Cloyster|spe|2\n|move|p2b: Arcanine|Will-O-Wisp|p1b: Cloyster\n|-status|p1b: Cloyster|brn\n|move|p1a: Abomasnow|Aurora Veil||[still]\n|-fail|p1a: Abomasnow\n|\n|-weather|RainDance|[upkeep]\n|-damage|p1b: Cloyster|95\/100 brn|[from] brn\n|upkeep\n|turn|2\n|\n|t:|1683644990\n|switch|p1a: Baxcalibur|Baxcalibur, L50, M|100\/100\n|move|p1b: Cloyster|Rock Blast|p2a: Pelipper\n|-supereffective|p2a: Pelipper\n|-damage|p2a: Pelipper|88\/100\n|-supereffective|p2a: Pelipper\n|-damage|p2a: Pelipper|76\/100\n|-supereffective|p2a: Pelipper\n|-damage|p2a: Pelipper|63\/100\n|-supereffective|p2a: Pelipper\n|-damage|p2a: Pelipper|51\/100\n|-supereffective|p2a: Pelipper\n|-crit|p2a: Pelipper\n|-damage|p2a: Pelipper|34\/100\n|-hitcount|p2a: Pelipper|5\n|move|p2b: Arcanine|Snarl|p1b: Cloyster|[spread] p1a,p1b\n|-crit|p1a: Baxcalibur\n|-crit|p1b: Cloyster\n|-damage|p1a: Baxcalibur|85\/100\n|-damage|p1b: Cloyster|36\/100 brn\n|-unboost|p1a: Baxcalibur|spa|1\n|-unboost|p1b: Cloyster|spa|1\n|move|p2a: Pelipper|Tailwind|p2a: Pelipper\n|-sidestart|p2: Guhnbt|move: Tailwind\n|\n|-weather|RainDance|[upkeep]\n|-damage|p1b: Cloyster|30\/100 brn|[from] brn\n|upkeep\n|turn|3\n|\n|t:|1683645023\n|move|p1a: Baxcalibur|Ice Shard|p2a: Pelipper\n|-damage|p2a: Pelipper|0 fnt\n|faint|p2a: Pelipper\n|move|p1b: Cloyster|Rock Blast|p2b: Arcanine\n|-supereffective|p2b: Arcanine\n|-damage|p2b: Arcanine|87\/100\n|-supereffective|p2b: Arcanine\n|-damage|p2b: Arcanine|74\/100\n|-supereffective|p2b: Arcanine\n|-damage|p2b: Arcanine|60\/100\n|-supereffective|p2b: Arcanine\n|-damage|p2b: Arcanine|48\/100\n|-supereffective|p2b: Arcanine\n|-damage|p2b: Arcanine|36\/100\n|-hitcount|p2b: Arcanine|5\n|move|p2b: Arcanine|Will-O-Wisp|p1a: Baxcalibur\n|-immune|p1a: Baxcalibur|[from] ability: Thermal Exchange\n|\n|-weather|RainDance|[upkeep]\n|-damage|p1b: Cloyster|24\/100 brn|[from] brn\n|upkeep\n|\n|t:|1683645046\n|switch|p2a: Revavroom|Revavroom, L50, F|100\/100\n|turn|4\n|\n|t:|1683645058\n|move|p1a: Baxcalibur|Ice Shard|p2b: Arcanine\n|-resisted|p2b: Arcanine\n|-damage|p2b: Arcanine|15\/100\n|move|p2a: Revavroom|Iron Head|p1a: Baxcalibur\n|-supereffective|p1a: Baxcalibur\n|-damage|p1a: Baxcalibur|4\/100\n|move|p1b: Cloyster|Drill Run|p2a: Revavroom\n|-supereffective|p2a: Revavroom\n|-damage|p2a: Revavroom|18\/100\n|move|p2b: Arcanine|Flare Blitz|p1b: Cloyster\n|-damage|p1b: Cloyster|0 fnt\n|faint|p1b: Cloyster\n|-damage|p2b: Arcanine|10\/100|[from] Recoil\n|\n|-weather|RainDance|[upkeep]\n|upkeep\n|\n|t:|1683645075\n|switch|p1b: Abomasnow|Abomasnow, L50, F, tera:Water|100\/100\n|-weather|Snow|[from] ability: Snow Warning|[of] p1b: Abomasnow\n|turn|5\n|\n|t:|1683645097\n|move|p1a: Baxcalibur|Ice Shard|p2b: Arcanine\n|-resisted|p2b: Arcanine\n|-damage|p2b: Arcanine|0 fnt\n|faint|p2b: Arcanine\n|move|p2a: Revavroom|Gunk Shot|p1b: Abomasnow\n|-damage|p1b: Abomasnow|25\/100\n|move|p1b: Abomasnow|Aurora Veil|p1b: Abomasnow\n|-sidestart|p1: Destiny03|move: Aurora Veil\n|\n|-weather|Snow|[upkeep]\n|-sideend|p2: Guhnbt|move: Tailwind\n|upkeep\n|\n|t:|1683645107\n|switch|p2b: Palafin|Palafin-Hero, L50, F|100\/100\n|-activate|p2b: Palafin|ability: Zero to Hero\n|turn|6\n|\n|t:|1683645132\n|-terastallize|p2b: Palafin|Water\n|move|p2b: Palafin|Jet Punch|p1a: Baxcalibur\n|-resisted|p1a: Baxcalibur\n|-damage|p1a: Baxcalibur|0 fnt\n|faint|p1a: Baxcalibur\n|move|p2a: Revavroom|Iron Head|p1b: Abomasnow\n|-resisted|p1b: Abomasnow\n|-damage|p1b: Abomasnow|8\/100\n|move|p1b: Abomasnow|Giga Drain|p2b: Palafin\n|-supereffective|p2b: Palafin\n|-damage|p2b: Palafin|31\/100\n|-heal|p1b: Abomasnow|39\/100|[from] drain|[of] p2b: Palafin\n|\n|-weather|Snow|[upkeep]\n|upkeep\n|\n|t:|1683645146\n|switch|p1a: Iron Bundle|Iron Bundle, L50|100\/100\n|turn|7\n|\n|t:|1683645183\n|move|p2b: Palafin|Protect|p2b: Palafin\n|-singleturn|p2b: Palafin|Protect\n|move|p1a: Iron Bundle|Hydro Pump|p2a: Revavroom\n|-damage|p2a: Revavroom|0 fnt\n|faint|p2a: Revavroom\n|move|p1b: Abomasnow|Giga Drain|p2b: Palafin\n|-activate|p2b: Palafin|move: Protect\n|\n|-weather|Snow|[upkeep]\n|upkeep\n|turn|8\n|\n|t:|1683645203\n|move|p2b: Palafin|Jet Punch|p1a: Iron Bundle\n|-resisted|p1a: Iron Bundle\n|-damage|p1a: Iron Bundle|83\/100\n|move|p1a: Iron Bundle|Hydro Pump|p2b: Palafin|[miss]\n|-miss|p1a: Iron Bundle|p2b: Palafin\n|move|p1b: Abomasnow|Giga Drain|p2b: Palafin\n|-supereffective|p2b: Palafin\n|-damage|p2b: Palafin|0 fnt\n|-heal|p1b: Abomasnow|52\/100|[from] drain|[of] p2b: Palafin\n|faint|p2b: Palafin\n|\n|win|Destiny03\n|raw|Destiny03's rating: 1036 → 1067<\/strong> (+31 for winning)\n|raw|Guhnbt's rating: 1000 → 1000<\/strong> (+0 for losing)\n|l|\u2606Guhnbt\n","uploadtime":1683645218,"views":5,"p1id":"destiny03","p2id":"guhnbt","formatid":"gen9vgc2023regulationc","rating":1000,"private":0,"password":""}