{"id":"gen9vgc2023regulationc-1851477027","p1":"Dr Scoob","p2":"joshdonnie","format":"[Gen 9] VGC 2023 Regulation C","log":"|j|\u2606Dr Scoob\n|j|\u2606joshdonnie\n|t:|1682448305\n|gametype|doubles\n|player|p1|Dr Scoob|169|1239\n|player|p2|joshdonnie|1|1241\n|teamsize|p1|6\n|teamsize|p2|6\n|gen|9\n|tier|[Gen 9] VGC 2023 Regulation C\n|rated|\n|rule|Species Clause: Limit one of each Pok\u00e9mon\n|rule|Item Clause: Limit one of each item\n|clearpoke\n|poke|p1|Annihilape, L50, M|\n|poke|p1|Amoonguss, L50, F|\n|poke|p1|Baxcalibur, L50, M|\n|poke|p1|Gholdengo, L50|\n|poke|p1|Iron Bundle, L50|\n|poke|p1|Ting-Lu, L50|\n|poke|p2|Garchomp, L50, M|\n|poke|p2|Annihilape, L50, M|\n|poke|p2|Kingambit, L50, M|\n|poke|p2|Chien-Pao, L50|\n|poke|p2|Farigiraf, L50, M|\n|poke|p2|Rotom-Wash, L50|\n|teampreview|4\n|\n|t:|1682448340\n|start\n|switch|p1a: Ting-Lu|Ting-Lu, L50|100\/100\n|switch|p1b: Baxcalibur|Baxcalibur, L50, M|100\/100\n|switch|p2a: Chien-Pao|Chien-Pao, L50|100\/100\n|switch|p2b: Oroku Saki|Kingambit, L50, M, shiny|100\/100\n|-ability|p2a: Chien-Pao|Sword of Ruin\n|-ability|p1a: Ting-Lu|Vessel of Ruin\n|turn|1\n|\n|t:|1682448357\n|-terastallize|p1a: Ting-Lu|Poison\n|move|p2a: Chien-Pao|Sacred Sword|p1b: Baxcalibur\n|-supereffective|p1b: Baxcalibur\n|-damage|p1b: Baxcalibur|25\/100\n|move|p1b: Baxcalibur|Icicle Crash|p2b: Oroku Saki\n|-resisted|p2b: Oroku Saki\n|-damage|p2b: Oroku Saki|74\/100\n|move|p2b: Oroku Saki|Iron Head|p1b: Baxcalibur\n|-supereffective|p1b: Baxcalibur\n|-damage|p1b: Baxcalibur|0 fnt\n|faint|p1b: Baxcalibur\n|move|p1a: Ting-Lu|Stomping Tantrum|p2b: Oroku Saki\n|-supereffective|p2b: Oroku Saki\n|-damage|p2b: Oroku Saki|5\/100\n|\n|upkeep\n|\n|t:|1682448373\n|switch|p1b: Gholdengo|Gholdengo, L50|100\/100\n|turn|2\n|\n|t:|1682448387\n|move|p2a: Chien-Pao|Sucker Punch|p1b: Gholdengo\n|-supereffective|p1b: Gholdengo\n|-damage|p1b: Gholdengo|10\/100\n|move|p2b: Oroku Saki|Sucker Punch|p1a: Ting-Lu\n|-damage|p1a: Ting-Lu|70\/100\n|move|p1b: Gholdengo|Make It Rain|p2b: Oroku Saki|[spread] p2a,p2b\n|-supereffective|p2a: Chien-Pao\n|-resisted|p2b: Oroku Saki\n|-enditem|p2a: Chien-Pao|Focus Sash\n|-damage|p2a: Chien-Pao|1\/100\n|-damage|p2b: Oroku Saki|0 fnt\n|-unboost|p1b: Gholdengo|spa|1\n|faint|p2b: Oroku Saki\n|move|p1a: Ting-Lu|Heavy Slam|p2a: Chien-Pao\n|-supereffective|p2a: Chien-Pao\n|-damage|p2a: Chien-Pao|0 fnt\n|faint|p2a: Chien-Pao\n|\n|upkeep\n|\n|t:|1682448394\n|switch|p2a: Rotom|Rotom-Wash, L50, shiny|100\/100\n|switch|p2b: Annihilape|Annihilape, L50, M|100\/100\n|turn|3\n|\n|t:|1682448417\n|switch|p1b: Monkey Business|Annihilape, L50, M|100\/100\n|move|p2b: Annihilape|Protect|p2b: Annihilape\n|-singleturn|p2b: Annihilape|Protect\n|move|p2a: Rotom|Thunderbolt|p1b: Monkey Business\n|-damage|p1b: Monkey Business|76\/100\n|-status|p1b: Monkey Business|par\n|move|p1a: Ting-Lu|Ruination|p2a: Rotom\n|-damage|p2a: Rotom|50\/100\n|-enditem|p2a: Rotom|Sitrus Berry|[eat]\n|-heal|p2a: Rotom|75\/100|[from] item: Sitrus Berry\n|\n|-heal|p1b: Monkey Business|82\/100 par|[from] item: Leftovers\n|upkeep\n|turn|4\n|\n|t:|1682448439\n|move|p2b: Annihilape|Bulk Up|p2b: Annihilape\n|-boost|p2b: Annihilape|atk|1\n|-boost|p2b: Annihilape|def|1\n|move|p2a: Rotom|Reflect|p2a: Rotom\n|-sidestart|p2: joshdonnie|Reflect\n|move|p1b: Monkey Business|Rage Fist|p2a: Rotom\n|-damage|p2a: Rotom|45\/100\n|move|p1a: Ting-Lu|Ruination|p2b: Annihilape\n|-damage|p2b: Annihilape|51\/100\n|\n|-heal|p2b: Annihilape|57\/100|[from] item: Leftovers\n|-heal|p1b: Monkey Business|88\/100 par|[from] item: Leftovers\n|upkeep\n|turn|5\n|\n|t:|1682448462\n|move|p2b: Annihilape|Rage Fist|p1b: Monkey Business\n|-supereffective|p1b: Monkey Business\n|-damage|p1b: Monkey Business|0 fnt\n|faint|p1b: Monkey Business\n|move|p2a: Rotom|Thunderbolt|p1a: Ting-Lu\n|-damage|p1a: Ting-Lu|55\/100\n|move|p1a: Ting-Lu|Throat Chop|p2a: Rotom\n|-damage|p2a: Rotom|20\/100\n|-start|p2a: Rotom|Throat Chop|[silent]\n|\n|-heal|p2b: Annihilape|63\/100|[from] item: Leftovers\n|upkeep\n|\n|t:|1682448489\n|switch|p1b: Gholdengo|Gholdengo, L50|10\/100\n|turn|6\n|\n|t:|1682448499\n|move|p2b: Annihilape|Protect|p2b: Annihilape\n|-singleturn|p2b: Annihilape|Protect\n|move|p1b: Gholdengo|Shadow Ball|p2b: Annihilape\n|-activate|p2b: Annihilape|move: Protect\n|move|p2a: Rotom|Hydro Pump|p1a: Ting-Lu\n|-damage|p1a: Ting-Lu|36\/100\n|move|p1a: Ting-Lu|Throat Chop|p2a: Rotom\n|-damage|p2a: Rotom|0 fnt\n|faint|p2a: Rotom\n|\n|-heal|p2b: Annihilape|69\/100|[from] item: Leftovers\n|upkeep\n|turn|7\n|\n|t:|1682448516\n|-terastallize|p2b: Annihilape|Fire\n|move|p1b: Gholdengo|Shadow Ball|p2b: Annihilape\n|-damage|p2b: Annihilape|18\/100\n|move|p2b: Annihilape|Rage Fist|p1b: Gholdengo\n|-supereffective|p1b: Gholdengo\n|-damage|p1b: Gholdengo|0 fnt\n|faint|p1b: Gholdengo\n|move|p1a: Ting-Lu|Heavy Slam|p2b: Annihilape\n|-resisted|p2b: Annihilape\n|-damage|p2b: Annihilape|9\/100\n|\n|-heal|p2b: Annihilape|15\/100|[from] item: Leftovers\n|upkeep\n|turn|8\n|\n|t:|1682448529\n|move|p2b: Annihilape|Rage Fist|p1a: Ting-Lu\n|-damage|p1a: Ting-Lu|0 fnt\n|faint|p1a: Ting-Lu\n|\n|win|joshdonnie\n|raw|Dr Scoob's rating: 1239 → 1214<\/strong> (-25 for losing)\n|raw|joshdonnie's rating: 1241 → 1266<\/strong> (+25 for winning)\n|c|\u2606joshdonnie|gg\n|l|\u2606Dr Scoob\n|l|\u2606joshdonnie\n|j|\u2606joshdonnie\n|player|p2|joshdonnie|1\n","uploadtime":1682449025,"views":10,"p1id":"drscoob","p2id":"joshdonnie","formatid":"gen9vgc2023regulationc","rating":1214,"private":0,"password":""}