{"id":"gen9vgc2023regulationc-1857227002","p1":"Draco Jack17","p2":"Xenizen","format":"[Gen 9] VGC 2023 Regulation C","log":"|j|\u2606Draco Jack17\n|j|\u2606Xenizen\n|t:|1683160481\n|gametype|doubles\n|player|p1|Draco Jack17|n|1154\n|player|p2|Xenizen|bruno|1244\n|teamsize|p1|6\n|teamsize|p2|6\n|gen|9\n|tier|[Gen 9] VGC 2023 Regulation C\n|rated|\n|rule|Species Clause: Limit one of each Pok\u00e9mon\n|rule|Item Clause: Limit one of each item\n|clearpoke\n|poke|p1|Slither Wing, L50|\n|poke|p1|Flutter Mane, L50|\n|poke|p1|Torkoal, L50, M|\n|poke|p1|Jumpluff, L50, M|\n|poke|p1|Great Tusk, L50|\n|poke|p1|Chien-Pao, L50|\n|poke|p2|Maushold, L50|\n|poke|p2|Iron Bundle, L50|\n|poke|p2|Roaring Moon, L50|\n|poke|p2|Grimmsnarl, L50, M|\n|poke|p2|Tauros-Paldea-Blaze, L50, M|\n|poke|p2|Gholdengo, L50|\n|teampreview|4\n|\n|t:|1683160512\n|start\n|switch|p1a: Jumpluff|Jumpluff, L50, M, shiny|100\/100\n|switch|p1b: Torkoal|Torkoal, L50, M|100\/100\n|switch|p2a: Bullwark|Tauros-Paldea-Blaze, L50, M|100\/100\n|switch|p2b: Bomberbird|Iron Bundle, L50, shiny|100\/100\n|-ability|p2a: Bullwark|Intimidate|boost\n|-unboost|p1a: Jumpluff|atk|1\n|-unboost|p1b: Torkoal|atk|1\n|-enditem|p1b: Torkoal|Eject Pack\n|\n|t:|1683160519\n|switch|p1b: Great Tusk|Great Tusk, L50|100\/100\n|-enditem|p2b: Bomberbird|Booster Energy\n|-activate|p2b: Bomberbird|ability: Quark Drive|[fromitem]\n|-start|p2b: Bomberbird|quarkdrivespe\n|turn|1\n|\n|t:|1683160535\n|-end|p1b: Great Tusk|Protosynthesis|[silent]\n|switch|p1b: Torkoal|Torkoal, L50, M|100\/100\n|-weather|SunnyDay|[from] ability: Drought|[of] p1b: Torkoal\n|move|p1a: Jumpluff|Tailwind|p1a: Jumpluff\n|-sidestart|p1: Draco Jack17|move: Tailwind\n|move|p2b: Bomberbird|Icy Wind|p1b: Torkoal|[spread] p1a,p1b\n|-supereffective|p1a: Jumpluff\n|-resisted|p1b: Torkoal\n|-damage|p1a: Jumpluff|8\/100\n|-damage|p1b: Torkoal|91\/100\n|-unboost|p1b: Torkoal|spe|1\n|move|p2a: Bullwark|Will-O-Wisp|p1b: Torkoal\n|-immune|p1b: Torkoal\n|\n|-weather|SunnyDay|[upkeep]\n|upkeep\n|turn|2\n|\n|t:|1683160564\n|move|p2b: Bomberbird|Protect|p2b: Bomberbird\n|-singleturn|p2b: Bomberbird|Protect\n|move|p1a: Jumpluff|Encore|p2a: Bullwark\n|-start|p2a: Bullwark|Encore\n|move|p2a: Bullwark|Will-O-Wisp|p1a: Jumpluff\n|-status|p1a: Jumpluff|brn\n|move|p1b: Torkoal|Overheat|p2b: Bomberbird\n|-activate|p2b: Bomberbird|move: Protect\n|\n|-weather|SunnyDay|[upkeep]\n|-damage|p1a: Jumpluff|2\/100 brn|[from] brn\n|upkeep\n|turn|3\n|\n|t:|1683160577\n|switch|p2a: ARMS|Grimmsnarl, L50, M, shiny|100\/100\n|move|p1b: Torkoal|Helping Hand|p1a: Jumpluff\n|-singleturn|p1a: Jumpluff|Helping Hand|[of] p1b: Torkoal\n|move|p1a: Jumpluff|Leaf Storm|p2b: Bomberbird\n|-supereffective|p2b: Bomberbird\n|-damage|p2b: Bomberbird|0 fnt\n|-unboost|p1a: Jumpluff|spa|2\n|faint|p2b: Bomberbird\n|-end|p2b: Bomberbird|Quark Drive|[silent]\n|\n|-weather|SunnyDay|[upkeep]\n|-damage|p1a: Jumpluff|0 fnt|[from] brn\n|faint|p1a: Jumpluff\n|upkeep\n|\n|t:|1683160605\n|switch|p2b: Bullwark|Tauros-Paldea-Blaze, L50, M|100\/100\n|switch|p1a: Slither Wing|Slither Wing, L50|100\/100\n|-activate|p1a: Slither Wing|ability: Protosynthesis\n|-start|p1a: Slither Wing|protosynthesisatk\n|-ability|p2b: Bullwark|Intimidate|boost\n|-unboost|p1a: Slither Wing|atk|1\n|-unboost|p1b: Torkoal|atk|1\n|turn|4\n|\n|t:|1683160648\n|move|p1b: Torkoal|Helping Hand|p1a: Slither Wing\n|-singleturn|p1a: Slither Wing|Helping Hand|[of] p1b: Torkoal\n|move|p2a: ARMS|Reflect|p2a: ARMS\n|-sidestart|p2: Xenizen|Reflect\n|move|p1a: Slither Wing|Close Combat|p2a: ARMS\n|-damage|p2a: ARMS|12\/100\n|-unboost|p1a: Slither Wing|def|1\n|-unboost|p1a: Slither Wing|spd|1\n|move|p2b: Bullwark|Raging Bull|p1a: Slither Wing\n|-supereffective|p1a: Slither Wing\n|-damage|p1a: Slither Wing|0 fnt\n|faint|p1a: Slither Wing\n|-end|p1a: Slither Wing|Protosynthesis|[silent]\n|\n|-weather|SunnyDay|[upkeep]\n|-sideend|p1: Draco Jack17|move: Tailwind\n|upkeep\n|\n|t:|1683160655\n|switch|p1a: Great Tusk|Great Tusk, L50|100\/100\n|-activate|p1a: Great Tusk|ability: Protosynthesis\n|-start|p1a: Great Tusk|protosynthesisatk\n|turn|5\n|\n|t:|1683160674\n|-terastallize|p2b: Bullwark|Water\n|-terastallize|p1b: Torkoal|Flying\n|move|p1b: Torkoal|Helping Hand|p1a: Great Tusk\n|-singleturn|p1a: Great Tusk|Helping Hand|[of] p1b: Torkoal\n|move|p2a: ARMS|Parting Shot|p1a: Great Tusk\n|-unboost|p1a: Great Tusk|atk|1\n|-unboost|p1a: Great Tusk|spa|1\n|\n|t:|1683160682\n|switch|p2a: Joel's Dingo|Gholdengo, L50|100\/100|[from] Parting Shot\n|move|p1a: Great Tusk|Earthquake|p2a: Joel's Dingo|[spread] p2a,p2b\n|-immune|p1b: Torkoal\n|-supereffective|p2a: Joel's Dingo\n|-damage|p2a: Joel's Dingo|21\/100\n|-damage|p2b: Bullwark|66\/100\n|move|p2b: Bullwark|Will-O-Wisp|p1a: Great Tusk\n|-status|p1a: Great Tusk|brn\n|\n|-weather|none\n|-end|p1a: Great Tusk|Protosynthesis\n|-heal|p2a: Joel's Dingo|27\/100|[from] item: Leftovers\n|-damage|p1a: Great Tusk|95\/100 brn|[from] brn\n|upkeep\n|turn|6\n|\n|t:|1683160700\n|move|p1a: Great Tusk|Earthquake|p2b: Bullwark|[spread] p2a,p2b\n|-immune|p1b: Torkoal\n|-supereffective|p2a: Joel's Dingo\n|-damage|p2a: Joel's Dingo|8\/100\n|-damage|p2b: Bullwark|57\/100\n|move|p2a: Joel's Dingo|Make It Rain|p1a: Great Tusk|[spread] p1a,p1b\n|-damage|p1a: Great Tusk|20\/100 brn\n|-damage|p1b: Torkoal|45\/100\n|-unboost|p2a: Joel's Dingo|spa|1\n|move|p2b: Bullwark|Raging Bull|p1b: Torkoal\n|-damage|p1b: Torkoal|17\/100\n|move|p1b: Torkoal|Fissure|p2b: Bullwark|[miss]\n|-miss|p1b: Torkoal|p2b: Bullwark\n|\n|-heal|p2a: Joel's Dingo|14\/100|[from] item: Leftovers\n|-damage|p1a: Great Tusk|15\/100 brn|[from] brn\n|upkeep\n|turn|7\n|\n|t:|1683160727\n|move|p1b: Torkoal|Helping Hand|p1a: Great Tusk\n|-singleturn|p1a: Great Tusk|Helping Hand|[of] p1b: Torkoal\n|move|p1a: Great Tusk|Earthquake|p2b: Bullwark|[spread] p2a,p2b\n|-immune|p1b: Torkoal\n|-supereffective|p2a: Joel's Dingo\n|-damage|p2a: Joel's Dingo|0 fnt\n|-damage|p2b: Bullwark|44\/100\n|faint|p2a: Joel's Dingo\n|move|p2b: Bullwark|Raging Bull|p1a: Great Tusk\n|-damage|p1a: Great Tusk|0 fnt\n|faint|p1a: Great Tusk\n|-end|p1a: Great Tusk|Protosynthesis|[silent]\n|\n|upkeep\n|\n|t:|1683160730\n|switch|p2a: ARMS|Grimmsnarl, L50, M, shiny|12\/100\n|turn|8\n|\n|t:|1683160745\n|move|p2b: Bullwark|Raging Bull|p1b: Torkoal\n|-damage|p1b: Torkoal|0 fnt\n|faint|p1b: Torkoal\n|\n|win|Xenizen\n|raw|Draco Jack17's rating: 1154 → 1135<\/strong> (-19 for losing)\n|raw|Xenizen's rating: 1244 → 1263<\/strong> (+19 for winning)\n|l|\u2606Draco Jack17\n","uploadtime":1683160756,"views":13,"p1id":"dracojack17","p2id":"xenizen","formatid":"gen9vgc2023regulationc","rating":1135,"private":0,"password":""}