{"id":"gen9vgc2023regulationc-1852233111","p1":"metalskarmory","p2":"supaflytnt","format":"[Gen 9] VGC 2023 Regulation C","log":"|j|\u2606metalskarmory\n|j|\u2606supaflytnt\n|t:|1682535153\n|gametype|doubles\n|player|p1|metalskarmory|grimsley|1113\n|player|p2|supaflytnt|hoopster|1116\n|teamsize|p1|6\n|teamsize|p2|6\n|gen|9\n|tier|[Gen 9] VGC 2023 Regulation C\n|rated|\n|rule|Species Clause: Limit one of each Pok\u00e9mon\n|rule|Item Clause: Limit one of each item\n|clearpoke\n|poke|p1|Braviary, L50, M|\n|poke|p1|Iron Valiant, L50|\n|poke|p1|Ceruledge, L50, F|\n|poke|p1|Maushold, L50|\n|poke|p1|Chi-Yu, L50|\n|poke|p1|Iron Jugulis, L50|\n|poke|p2|Dragonite, L50, M|\n|poke|p2|Amoonguss, L50, M|\n|poke|p2|Gallade, L50, M|\n|poke|p2|Iron Jugulis, L50|\n|poke|p2|Farigiraf, L50, M|\n|poke|p2|Chien-Pao, L50|\n|teampreview|4\nsupaflytnt has agreed to open team sheets.\nmetalskarmory has agreed to open team sheets.\n|\n|t:|1682535274\n|start\n|switch|p1a: Mecha Unit \u03b7|Iron Jugulis, L50|100\/100\n|switch|p1b: Gal|Ceruledge, L50, F|100\/100\n|switch|p2a: Among who?|Amoonguss, L50, M|100\/100\n|switch|p2b: Geoffrey|Farigiraf, L50, M|100\/100\n|-enditem|p1a: Mecha Unit \u03b7|Booster Energy\n|-activate|p1a: Mecha Unit \u03b7|ability: Quark Drive|[fromitem]\n|-start|p1a: Mecha Unit \u03b7|quarkdrivespe\n|turn|1\n|\n|t:|1682535315\n|-terastallize|p2b: Geoffrey|Fairy\n|move|p2a: Among who?|Protect|p2a: Among who?\n|-singleturn|p2a: Among who?|Protect\n|move|p1a: Mecha Unit \u03b7|Taunt|p2a: Among who?\n|-activate|p2a: Among who?|move: Protect\n|move|p1b: Gal|Bitter Blade|p2a: Among who?\n|-activate|p2a: Among who?|move: Protect\n|move|p2b: Geoffrey|Trick Room|p2b: Geoffrey\n|-fieldstart|move: Trick Room|[of] p2b: Geoffrey\n|\n|upkeep\n|turn|2\n|\n|t:|1682535356\n|-terastallize|p1b: Gal|Grass\n|move|p2a: Among who?|Spore|p1a: Mecha Unit \u03b7\n|-status|p1a: Mecha Unit \u03b7|slp|[from] move: Spore\n|move|p2b: Geoffrey|Psychic|p1b: Gal\n|-damage|p1b: Gal|69\/100\n|move|p1b: Gal|Bitter Blade|p2a: Among who?\n|-supereffective|p2a: Among who?\n|-damage|p2a: Among who?|16\/100\n|-heal|p1b: Gal|100\/100|[from] drain|[of] p2a: Among who?\n|-enditem|p2a: Among who?|Iapapa Berry|[eat]\n|-heal|p2a: Among who?|49\/100|[from] item: Iapapa Berry\n|cant|p1a: Mecha Unit \u03b7|slp\n|\n|upkeep\n|turn|3\n|\n|t:|1682535382\n|move|p2a: Among who?|Pollen Puff|p1b: Gal\n|-supereffective|p1b: Gal\n|-damage|p1b: Gal|69\/100\n|move|p2b: Geoffrey|Psychic|p1b: Gal\n|-damage|p1b: Gal|37\/100\n|move|p1b: Gal|Bitter Blade|p2b: Geoffrey\n|-damage|p2b: Geoffrey|58\/100\n|-heal|p1b: Gal|63\/100|[from] drain|[of] p2b: Geoffrey\n|cant|p1a: Mecha Unit \u03b7|slp\n|\n|-heal|p1b: Gal|69\/100|[from] item: Leftovers\n|upkeep\n|turn|4\n|\n|t:|1682535442\n|switch|p2b: RicFlair|Gallade, L50, M|100\/100\n|move|p2a: Among who?|Protect|p2a: Among who?\n|-singleturn|p2a: Among who?|Protect\n|move|p1b: Gal|Bitter Blade|p2a: Among who?\n|-activate|p2a: Among who?|move: Protect\n|cant|p1a: Mecha Unit \u03b7|slp\n|\n|-heal|p1b: Gal|75\/100|[from] item: Leftovers\n|upkeep\n|turn|5\n|\n|t:|1682535472\n|switch|p2a: Geoffrey|Farigiraf, L50, M, tera:Fairy|58\/100\n|move|p1b: Gal|Shadow Sneak||[still]\n|cant|p2a: Geoffrey|ability: Armor Tail|Shadow Sneak|[of] p1b: Gal\n|move|p2b: RicFlair|Sacred Sword|p1b: Gal\n|-damage|p1b: Gal|0 fnt\n|faint|p1b: Gal\n|-curestatus|p1a: Mecha Unit \u03b7|slp|[msg]\n|move|p1a: Mecha Unit \u03b7|Tailwind|p1a: Mecha Unit \u03b7\n|-sidestart|p1: metalskarmory|move: Tailwind\n|\n|-fieldend|move: Trick Room\n|upkeep\n|\n|t:|1682535491\n|switch|p1b: Mecha Unit \u03b1|Iron Valiant, L50|100\/100\n|turn|6\n|\n|t:|1682535501\n|move|p2b: RicFlair|Protect|p2b: RicFlair\n|-singleturn|p2b: RicFlair|Protect\n|move|p1a: Mecha Unit \u03b7|Snarl|p2a: Geoffrey|[spread] p2a\n|-activate|p2b: RicFlair|move: Protect\n|-resisted|p2a: Geoffrey\n|-damage|p2a: Geoffrey|52\/100\n|-unboost|p2a: Geoffrey|spa|1\n|move|p1b: Mecha Unit \u03b1|Spirit Break|p2b: RicFlair\n|-activate|p2b: RicFlair|move: Protect\n|move|p2a: Geoffrey|Dazzling Gleam|p1a: Mecha Unit \u03b7|[spread] p1a,p1b\n|-supereffective|p1a: Mecha Unit \u03b7\n|-supereffective|p1b: Mecha Unit \u03b1\n|-damage|p1a: Mecha Unit \u03b7|73\/100\n|-damage|p1b: Mecha Unit \u03b1|60\/100\n|\n|upkeep\n|turn|7\n|\n|t:|1682535533\n|switch|p2b: Among who?|Amoonguss, L50, M|82\/100\n|move|p1a: Mecha Unit \u03b7|Air Slash|p2b: Among who?\n|-supereffective|p2b: Among who?\n|-damage|p2b: Among who?|34\/100\n|move|p1b: Mecha Unit \u03b1|Spirit Break|p2b: Among who?\n|-resisted|p2b: Among who?\n|-damage|p2b: Among who?|16\/100\n|-unboost|p2b: Among who?|spa|1\n|move|p2a: Geoffrey|Trick Room|p2a: Geoffrey\n|-fieldstart|move: Trick Room|[of] p2a: Geoffrey\n|\n|upkeep\n|turn|8\n|\n|t:|1682535568\n|move|p2b: Among who?|Spore|p1a: Mecha Unit \u03b7\n|-status|p1a: Mecha Unit \u03b7|slp|[from] move: Spore\n|move|p2a: Geoffrey|Dazzling Gleam|p1b: Mecha Unit \u03b1|[spread] p1a,p1b\n|-supereffective|p1a: Mecha Unit \u03b7\n|-supereffective|p1b: Mecha Unit \u03b1\n|-damage|p1a: Mecha Unit \u03b7|46\/100 slp\n|-damage|p1b: Mecha Unit \u03b1|18\/100\n|move|p1b: Mecha Unit \u03b1|Spirit Break|p2a: Geoffrey\n|-damage|p2a: Geoffrey|18\/100\n|-unboost|p2a: Geoffrey|spa|1\n|cant|p1a: Mecha Unit \u03b7|slp\n|\n|-sideend|p1: metalskarmory|move: Tailwind\n|upkeep\n|turn|9\n|\n|t:|1682535585\n|move|p1b: Mecha Unit \u03b1|Wide Guard|p1b: Mecha Unit \u03b1\n|-singleturn|p1b: Mecha Unit \u03b1|Wide Guard\n|move|p2b: Among who?|Pollen Puff|p2a: Geoffrey\n|-heal|p2a: Geoffrey|68\/100\n|move|p2a: Geoffrey|Dazzling Gleam|p1a: Mecha Unit \u03b7|[spread] \n|-activate|p1a: Mecha Unit \u03b7|move: Wide Guard\n|-activate|p1b: Mecha Unit \u03b1|move: Wide Guard\n|cant|p1a: Mecha Unit \u03b7|slp\n|\n|upkeep\n|turn|10\n|\n|t:|1682535603\n|move|p2b: Among who?|Pollen Puff|p2a: Geoffrey\n|-heal|p2a: Geoffrey|100\/100\n|move|p2a: Geoffrey|Psychic|p1b: Mecha Unit \u03b1\n|-supereffective|p1b: Mecha Unit \u03b1\n|-damage|p1b: Mecha Unit \u03b1|0 fnt\n|faint|p1b: Mecha Unit \u03b1\n|-end|p1b: Mecha Unit \u03b1|Quark Drive|[silent]\n|-curestatus|p1a: Mecha Unit \u03b7|slp|[msg]\n|move|p1a: Mecha Unit \u03b7|Snarl|p2a: Geoffrey|[spread] p2a,p2b\n|-resisted|p2a: Geoffrey\n|-damage|p2a: Geoffrey|93\/100\n|-damage|p2b: Among who?|3\/100\n|-unboost|p2a: Geoffrey|spa|1\n|-unboost|p2b: Among who?|spa|1\n|\n|upkeep\n|\n|t:|1682535615\n|switch|p1b: Lambari|Chi-Yu, L50|100\/100\n|-ability|p1b: Lambari|Beads of Ruin\n|turn|11\n|\n|t:|1682535634\n|move|p2b: Among who?|Spore|p1b: Lambari\n|-status|p1b: Lambari|slp|[from] move: Spore\n|move|p2a: Geoffrey|Dazzling Gleam|p1a: Mecha Unit \u03b7|[spread] p1a,p1b\n|-supereffective|p1a: Mecha Unit \u03b7\n|-damage|p1a: Mecha Unit \u03b7|25\/100\n|-damage|p1b: Lambari|91\/100 slp\n|cant|p1b: Lambari|slp\n|move|p1a: Mecha Unit \u03b7|Tailwind|p1a: Mecha Unit \u03b7\n|-sidestart|p1: metalskarmory|move: Tailwind\n|\n|-fieldend|move: Trick Room\n|upkeep\n|turn|12\n|\n|t:|1682535656\n|move|p2b: Among who?|Protect|p2b: Among who?\n|-singleturn|p2b: Among who?|Protect\n|move|p1a: Mecha Unit \u03b7|Snarl|p2b: Among who?|[spread] p2a\n|-activate|p2b: Among who?|move: Protect\n|-resisted|p2a: Geoffrey\n|-damage|p2a: Geoffrey|84\/100\n|-unboost|p2a: Geoffrey|spa|1\n|cant|p1b: Lambari|slp\n|move|p2a: Geoffrey|Dazzling Gleam|p1b: Lambari|[spread] p1a,p1b\n|-supereffective|p1a: Mecha Unit \u03b7\n|-damage|p1a: Mecha Unit \u03b7|7\/100\n|-damage|p1b: Lambari|84\/100 slp\n|\n|upkeep\n|turn|13\n|\n|t:|1682535690\n|switch|p2b: RicFlair|Gallade, L50, M|100\/100\n|move|p1a: Mecha Unit \u03b7|Snarl|p2b: RicFlair|[spread] p2a\n|-miss|p1a: Mecha Unit \u03b7|p2b: RicFlair\n|-resisted|p2a: Geoffrey\n|-damage|p2a: Geoffrey|75\/100\n|-unboost|p2a: Geoffrey|spa|1\n|cant|p1b: Lambari|slp\n|move|p2a: Geoffrey|Dazzling Gleam|p1a: Mecha Unit \u03b7|[spread] p1a,p1b\n|-supereffective|p1a: Mecha Unit \u03b7\n|-damage|p1a: Mecha Unit \u03b7|0 fnt\n|-damage|p1b: Lambari|74\/100 slp\n|faint|p1a: Mecha Unit \u03b7\n|-end|p1a: Mecha Unit \u03b7|Quark Drive|[silent]\n|\n|upkeep\n|turn|14\n|\n|t:|1682535706\n|move|p2b: RicFlair|Protect|p2b: RicFlair\n|-singleturn|p2b: RicFlair|Protect\n|-curestatus|p1b: Lambari|slp|[msg]\n|move|p1b: Lambari|Lava Plume|p2b: RicFlair|[spread] p2a\n|-activate|p2b: RicFlair|move: Protect\n|-damage|p2a: Geoffrey|26\/100\n|move|p2a: Geoffrey|Trick Room|p2a: Geoffrey\n|-fieldstart|move: Trick Room|[of] p2a: Geoffrey\n|\n|-sideend|p1: metalskarmory|move: Tailwind\n|upkeep\n|turn|15\n|\n|t:|1682535719\n|move|p2a: Geoffrey|Dazzling Gleam|p1b: Lambari\n|-damage|p1b: Lambari|64\/100\n|move|p2b: RicFlair|Sacred Sword|p1b: Lambari\n|-supereffective|p1b: Lambari\n|-damage|p1b: Lambari|0 fnt\n|faint|p1b: Lambari\n|\n|win|supaflytnt\n|raw|metalskarmory's rating: 1113 → 1088<\/strong> (-25 for losing)\n|raw|supaflytnt's rating: 1116 → 1141<\/strong> (+25 for winning)\n|l|\u2606metalskarmory\n","uploadtime":1682535803,"views":11,"p1id":"metalskarmory","p2id":"supaflytnt","formatid":"gen9vgc2023regulationc","rating":1088,"private":0,"password":""}