{"id":"gen9vgc2023regulationc-1846219176","p1":"MistressQueenM","p2":"Inc0gnit0","format":"[Gen 9] VGC 2023 Regulation C","log":"|j|\u203dMistressQueenM\n|j|\u2606Inc0gnit0\n|t:|1681822490\n|gametype|doubles\n|player|p1|MistressQueenM|veteranf|1307\n|player|p2|Inc0gnit0|266|1325\n|teamsize|p1|6\n|teamsize|p2|6\n|gen|9\n|tier|[Gen 9] VGC 2023 Regulation C\n|rated|\n|rule|Species Clause: Limit one of each Pok\u00e9mon\n|rule|Item Clause: Limit one of each item\n|clearpoke\n|poke|p1|Wo-Chien, L50|\n|poke|p1|Torkoal, L50, M|\n|poke|p1|Garganacl, L50, M|\n|poke|p1|Great Tusk, L50|\n|poke|p1|Murkrow, L50, M|\n|poke|p1|Farigiraf, L50, M|\n|poke|p2|Tyranitar, L50, M|\n|poke|p2|Houndstone, L50, F|\n|poke|p2|Talonflame, L50, F|\n|poke|p2|Maushold, L50|\n|poke|p2|Gholdengo, L50|\n|poke|p2|Flutter Mane, L50|\n|teampreview|4\n|inactive|Battle timer is ON: inactive players will automatically lose when time's up. (requested by MistressQueenM)\nMistressQueenM rejected open team sheets.\n|\n|t:|1681822503\n|start\n|switch|p1a: Garganacl|Garganacl, L50, M, shiny|100\/100\n|switch|p1b: Great Tusk|Great Tusk, L50|100\/100\n|switch|p2a: Maushold|Maushold, L50|100\/100\n|switch|p2b: Gholdengo|Gholdengo, L50|100\/100\n|turn|1\n|\n|t:|1681822519\n|-terastallize|p1b: Great Tusk|Ground\n|move|p1a: Garganacl|Wide Guard|p1a: Garganacl\n|-singleturn|p1a: Garganacl|Wide Guard\n|move|p2a: Maushold|Population Bomb|p1b: Great Tusk\n|-damage|p1b: Great Tusk|89\/100\n|-damage|p1b: Great Tusk|78\/100\n|-damage|p1b: Great Tusk|68\/100\n|-damage|p1b: Great Tusk|58\/100\n|-hitcount|p1b: Great Tusk|4\n|move|p1b: Great Tusk|Earthquake|p2a: Maushold|[spread] p2a,p2b\n|-activate|p1a: Garganacl|move: Wide Guard\n|-supereffective|p2b: Gholdengo\n|-damage|p2a: Maushold|0 fnt\n|-damage|p2b: Gholdengo|0 fnt\n|faint|p2a: Maushold\n|faint|p2b: Gholdengo\n|-damage|p1b: Great Tusk|48\/100|[from] item: Life Orb\n|\n|upkeep\n|\n|t:|1681822538\n|switch|p2a: Houndstone|Houndstone, L50, F|100\/100\n|switch|p2b: Tyranitar|Tyranitar, L50, M|100\/100\n|-weather|Sandstorm|[from] ability: Sand Stream|[of] p2b: Tyranitar\n|turn|2\n|\n|t:|1681822555\n|move|p1b: Great Tusk|Protect|p1b: Great Tusk\n|-singleturn|p1b: Great Tusk|Protect\n|move|p2a: Houndstone|Last Respects|p1b: Great Tusk\n|-activate|p1b: Great Tusk|move: Protect\n|move|p2b: Tyranitar|Heavy Slam|p1a: Garganacl\n|-supereffective|p1a: Garganacl\n|-damage|p1a: Garganacl|79\/100\n|move|p1a: Garganacl|Iron Defense|p1a: Garganacl\n|-boost|p1a: Garganacl|def|2\n|\n|-weather|Sandstorm|[upkeep]\n|-heal|p1a: Garganacl|85\/100|[from] item: Leftovers\n|upkeep\n|turn|3\n|inactive|MistressQueenM has 30 seconds left.\n|\n|t:|1681822580\n|move|p2a: Houndstone|Last Respects|p1b: Great Tusk\n|-damage|p1b: Great Tusk|0 fnt\n|faint|p1b: Great Tusk\n|-end|p1b: Great Tusk|Protosynthesis|[silent]\n|move|p2b: Tyranitar|Low Kick|p1a: Garganacl\n|-supereffective|p1a: Garganacl\n|-damage|p1a: Garganacl|52\/100\n|move|p1a: Garganacl|Salt Cure|p2a: Houndstone\n|-damage|p2a: Houndstone|83\/100\n|-start|p2a: Houndstone|Salt Cure\n|\n|-weather|Sandstorm|[upkeep]\n|-heal|p1a: Garganacl|58\/100|[from] item: Leftovers\n|-damage|p2a: Houndstone|71\/100|[from] Salt Cure\n|upkeep\n|\n|t:|1681822584\n|switch|p1b: Murkrow|Murkrow, L50, M|100\/100\n|turn|4\n|\n|t:|1681822604\n|-terastallize|p2a: Houndstone|Fairy\n|move|p1b: Murkrow|Thunder Wave|p2a: Houndstone\n|-status|p2a: Houndstone|par\n|cant|p2a: Houndstone|par\n|move|p2b: Tyranitar|Low Kick|p1a: Garganacl\n|-supereffective|p1a: Garganacl\n|-damage|p1a: Garganacl|23\/100\n|move|p1a: Garganacl|Recover|p1a: Garganacl\n|-heal|p1a: Garganacl|73\/100\n|\n|-weather|Sandstorm|[upkeep]\n|-damage|p1b: Murkrow|94\/100|[from] Sandstorm\n|-heal|p1a: Garganacl|79\/100|[from] item: Leftovers\n|-damage|p2a: Houndstone|59\/100 par|[from] Salt Cure\n|upkeep\n|turn|5\n|\n|t:|1681822623\n|move|p1b: Murkrow|Tailwind|p1b: Murkrow\n|-sidestart|p1: MistressQueenM|move: Tailwind\n|cant|p2a: Houndstone|par\n|move|p1a: Garganacl|Iron Defense|p1a: Garganacl\n|-boost|p1a: Garganacl|def|2\n|move|p2b: Tyranitar|Low Kick|p1a: Garganacl\n|-supereffective|p1a: Garganacl\n|-damage|p1a: Garganacl|59\/100\n|\n|-weather|Sandstorm|[upkeep]\n|-damage|p1b: Murkrow|88\/100|[from] Sandstorm\n|-heal|p1a: Garganacl|65\/100|[from] item: Leftovers\n|-damage|p2a: Houndstone|47\/100 par|[from] Salt Cure\n|upkeep\n|-enditem|p2a: Houndstone|Sitrus Berry|[eat]\n|-heal|p2a: Houndstone|72\/100 par|[from] item: Sitrus Berry\n|turn|6\n|-message|Inc0gnit0 forfeited.\n|\n|win|MistressQueenM\n|raw|MistressQueenM's rating: 1307 → 1328<\/strong> (+21 for winning)\n|raw|Inc0gnit0's rating: 1325 → 1304<\/strong> (-21 for losing)\n|l|\u2606Inc0gnit0\n","uploadtime":1681822635,"views":10,"p1id":"mistressqueenm","p2id":"inc0gnit0","formatid":"gen9vgc2023regulationc","rating":1304,"private":0,"password":""}