{"id":"gen9vgc2023regulationc-1856602886","p1":"kmilly132","p2":"yaboyredmond","format":"[Gen 9] VGC 2023 Regulation C","log":"|j|\u2606kmilly132\n|j|\u2606yaboyredmond\n|t:|1683081161\n|gametype|doubles\n|player|p1|kmilly132|169|\n|player|p2|yaboyredmond|102|\n|teamsize|p1|6\n|teamsize|p2|6\n|gen|9\n|tier|[Gen 9] VGC 2023 Regulation C\n|rule|Species Clause: Limit one of each Pok\u00e9mon\n|rule|Item Clause: Limit one of each item\n|clearpoke\n|poke|p1|Weavile, L50, M|\n|poke|p1|Krookodile, L50, F|\n|poke|p1|Rotom-Mow, L50|\n|poke|p1|Goodra, L50, M|\n|poke|p1|Bisharp, L50, M|\n|poke|p1|Vaporeon, L50, F|\n|poke|p2|Grafaiai, L50, M|\n|poke|p2|Slaking, L50, M|\n|poke|p2|Barraskewda, L50, M|\n|poke|p2|Beartic, L50, M|\n|poke|p2|Rotom-Mow, L50|\n|poke|p2|Goodra, L50, M|\n|teampreview|4\nkmilly132 rejected open team sheets.\n|c|\u2606kmilly132|glhf\n|c|\u2606yaboyredmond|glhf\n|\n|t:|1683081250\n|start\n|switch|p1a: Big Wexy 2 Sexy|Weavile, L50, M|100\/100\n|switch|p1b: Gambit Jr.|Bisharp, L50, M|100\/100\n|switch|p2a: Grafaiai|Grafaiai, L50, M|100\/100\n|switch|p2b: Slaking|Slaking, L50, M|100\/100\n|-ability|p1a: Big Wexy 2 Sexy|Pressure\n|turn|1\n|\n|t:|1683081295\n|move|p1a: Big Wexy 2 Sexy|Fake Out|p2b: Slaking\n|-damage|p2b: Slaking|89\/100\n|move|p2a: Grafaiai|Rain Dance|p2a: Grafaiai\n|-weather|RainDance\n|cant|p2b: Slaking|flinch\n|move|p1b: Gambit Jr.|Iron Head|p2a: Grafaiai\n|-damage|p2a: Grafaiai|44\/100\n|\n|-weather|RainDance|[upkeep]\n|upkeep\n|turn|2\n|j| SATMaofever\n|\n|t:|1683081326\n|switch|p2a: Beartic|Beartic, L50, M|100\/100\n|move|p1a: Big Wexy 2 Sexy|Icy Wind|p2b: Slaking|[spread] p2a,p2b\n|-resisted|p2a: Beartic\n|-damage|p2a: Beartic|98\/100\n|-damage|p2b: Slaking|81\/100\n|-unboost|p2a: Beartic|spe|1\n|cant|p2b: Slaking|ability: Truant\n|move|p1b: Gambit Jr.|Assurance|p2b: Slaking\n|-damage|p2b: Slaking|39\/100\n|\n|-weather|RainDance|[upkeep]\n|upkeep\n|turn|3\n|\n|t:|1683081391\n|move|p1b: Gambit Jr.|Protect|p1b: Gambit Jr.\n|-singleturn|p1b: Gambit Jr.|Protect\n|move|p1a: Big Wexy 2 Sexy|Icy Wind|p2a: Beartic|[spread] p2a,p2b\n|-resisted|p2a: Beartic\n|-damage|p2a: Beartic|95\/100\n|-damage|p2b: Slaking|29\/100\n|-unboost|p2a: Beartic|spe|1\n|move|p2b: Slaking|Drain Punch|p1b: Gambit Jr.\n|-activate|p1b: Gambit Jr.|move: Protect\n|move|p2a: Beartic|Rock Slide|p1a: Big Wexy 2 Sexy|[spread] p1a\n|-activate|p1b: Gambit Jr.|move: Protect\n|-supereffective|p1a: Big Wexy 2 Sexy\n|-damage|p1a: Big Wexy 2 Sexy|14\/100\n|\n|-weather|RainDance|[upkeep]\n|upkeep\n|turn|4\n|\n|t:|1683081441\n|move|p1a: Big Wexy 2 Sexy|Ice Spinner|p2b: Slaking\n|-damage|p2b: Slaking|0 fnt\n|faint|p2b: Slaking\n|move|p1b: Gambit Jr.|Iron Head|p2a: Beartic\n|-supereffective|p2a: Beartic\n|-damage|p2a: Beartic|6\/100\n|move|p2a: Beartic|Rock Slide|p1b: Gambit Jr.|[spread] p1b\n|-miss|p2a: Beartic|p1a: Big Wexy 2 Sexy\n|-resisted|p1b: Gambit Jr.\n|-damage|p1b: Gambit Jr.|92\/100\n|\n|-weather|RainDance|[upkeep]\n|upkeep\n|\n|t:|1683081453\n|switch|p2b: Barraskewda|Barraskewda, L50, M|100\/100\n|turn|5\n|\n|t:|1683081470\n|switch|p2a: Grafaiai|Grafaiai, L50, M|44\/100\n|move|p1a: Big Wexy 2 Sexy|Protect|p1a: Big Wexy 2 Sexy\n|-singleturn|p1a: Big Wexy 2 Sexy|Protect\n|move|p1b: Gambit Jr.|Protect|p1b: Gambit Jr.\n|-singleturn|p1b: Gambit Jr.|Protect\n|move|p2b: Barraskewda|Close Combat|p1b: Gambit Jr.\n|-activate|p1b: Gambit Jr.|move: Protect\n|\n|-weather|none\n|upkeep\n|turn|6\n|\n|t:|1683081498\n|-terastallize|p1b: Gambit Jr.|Flying\n|move|p2b: Barraskewda|Liquidation|p1a: Big Wexy 2 Sexy\n|-crit|p1a: Big Wexy 2 Sexy\n|-damage|p1a: Big Wexy 2 Sexy|0 fnt\n|faint|p1a: Big Wexy 2 Sexy\n|move|p2a: Grafaiai|Knock Off|p1b: Gambit Jr.\n|-damage|p1b: Gambit Jr.|76\/100\n|-enditem|p1b: Gambit Jr.|Eviolite|[from] move: Knock Off|[of] p2a: Grafaiai\n|move|p1b: Gambit Jr.|Assurance|p2b: Barraskewda\n|-damage|p2b: Barraskewda|41\/100\n|\n|upkeep\n|\n|t:|1683081510\n|switch|p1a: John Deere|Rotom-Mow, L50|100\/100\n|turn|7\n|\n|t:|1683081542\n|move|p2b: Barraskewda|Protect|p2b: Barraskewda\n|-singleturn|p2b: Barraskewda|Protect\n|move|p2a: Grafaiai|Rain Dance|p2a: Grafaiai\n|-weather|RainDance\n|move|p1b: Gambit Jr.|Sucker Punch||[still]\n|-fail|p1b: Gambit Jr.\n|move|p1a: John Deere|Volt Switch|p2a: Grafaiai\n|-damage|p2a: Grafaiai|0 fnt\n|faint|p2a: Grafaiai\n|\n|t:|1683081550\n|switch|p1a: Butters Creamy Goo|Goodra, L50, M|100\/100|[from] Volt Switch\n|\n|-weather|RainDance|[upkeep]\n|upkeep\n|\n|t:|1683081554\n|switch|p2a: Beartic|Beartic, L50, M|6\/100\n|turn|8\n|\n|t:|1683081578\n|-terastallize|p2a: Beartic|Water\n|move|p2b: Barraskewda|Protect||[still]\n|-fail|p2b: Barraskewda\n|move|p1b: Gambit Jr.|Sucker Punch|p2a: Beartic\n|-damage|p2a: Beartic|0 fnt\n|faint|p2a: Beartic\n|move|p1a: Butters Creamy Goo|Muddy Water|p2b: Barraskewda\n|-resisted|p2b: Barraskewda\n|-damage|p2b: Barraskewda|0 fnt\n|faint|p2b: Barraskewda\n|\n|win|kmilly132\n|c|\u2606kmilly132|ggs\n","uploadtime":1683081591,"views":14,"p1id":"kmilly132","p2id":"yaboyredmond","formatid":"gen9vgc2023regulationc","rating":0,"private":0,"password":""}