{"id":"gen9vgc2023regulationc-1847680092","p1":"Unhinged_LoopKids","p2":"SteXe36","format":"[Gen 9] VGC 2023 Regulation C","log":"|j|\u2606Unhinged_LoopKids\n|j|\u2606SteXe36\n|t:|1681991607\n|gametype|doubles\n|player|p1|Unhinged_LoopKids|n|1149\n|player|p2|SteXe36|pokemonbreederf-gen4|1224\n|teamsize|p1|6\n|teamsize|p2|6\n|gen|9\n|tier|[Gen 9] VGC 2023 Regulation C\n|rated|\n|rule|Species Clause: Limit one of each Pok\u00e9mon\n|rule|Item Clause: Limit one of each item\n|clearpoke\n|poke|p1|Chien-Pao, L50|\n|poke|p1|Dragonite, L50, F|\n|poke|p1|Flutter Mane, L50|\n|poke|p1|Arcanine, L50, F|\n|poke|p1|Amoonguss, L50, F|\n|poke|p1|Palafin, L50, M|\n|poke|p2|Stonjourner, L50, M|\n|poke|p2|Flutter Mane, L50|\n|poke|p2|Corviknight, L50, M|\n|poke|p2|Indeedee-F, L50, F|\n|poke|p2|Baxcalibur, L50, F|\n|poke|p2|Meowscarada, L50, M|\n|teampreview|4\n|inactive|Battle timer is ON: inactive players will automatically lose when time's up. (requested by SteXe36)\nSteXe36 rejected open team sheets.\n|inactive|Unhinged_LoopKids has 60 seconds left.\n|\n|t:|1681991640\n|start\n|switch|p1a: Dragonite|Dragonite, L50, F|100\/100\n|switch|p1b: Palafin|Palafin, L50, M|100\/100\n|switch|p2a: Stonjourner|Stonjourner, L50, M|100\/100\n|switch|p2b: Meowscarada|Meowscarada, L50, M|100\/100\n|turn|1\n|inactive|SteXe36 has 30 seconds left.\n|\n|t:|1681991667\n|detailschange|p1b: Palafin|Palafin-Hero, L50, M\n|switch|p1b: Amoonguss|Amoonguss, L50, F|100\/100\n|move|p2b: Meowscarada|U-turn|p1b: Amoonguss\n|-start|p2b: Meowscarada|typechange|Bug|[from] ability: Protean\n|-damage|p1b: Amoonguss|66\/100\n|\n|t:|1681991678\n|switch|p2b: Flutter Mane|Flutter Mane, L50|100\/100|[from] U-turn\n|move|p1a: Dragonite|Iron Head|p2b: Flutter Mane\n|-supereffective|p2b: Flutter Mane\n|-damage|p2b: Flutter Mane|0 fnt\n|faint|p2b: Flutter Mane\n|-end|p2b: Flutter Mane|Protosynthesis|[silent]\n|move|p2a: Stonjourner|Rock Slide|p1a: Dragonite|[spread] p1a,p1b\n|-supereffective|p1a: Dragonite\n|-damage|p1a: Dragonite|52\/100\n|-damage|p1b: Amoonguss|45\/100\n|\n|upkeep\n|\n|t:|1681991687\n|switch|p2b: Meowscarada|Meowscarada, L50, M|100\/100\n|turn|2\n|\n|t:|1681991705\n|move|p2b: Meowscarada|U-turn|p1b: Amoonguss\n|-start|p2b: Meowscarada|typechange|Bug|[from] ability: Protean\n|-damage|p1b: Amoonguss|14\/100\n|\n|t:|1681991710\n|switch|p2b: Indeedee|Indeedee-F, L50, F|100\/100|[from] U-turn\n|-fieldstart|move: Psychic Terrain|[from] ability: Psychic Surge|[of] p2b: Indeedee\n|-enditem|p2b: Indeedee|Psychic Seed\n|-boost|p2b: Indeedee|spd|1|[from] item: Psychic Seed\n|move|p1a: Dragonite|Iron Head|p2b: Indeedee\n|-damage|p2b: Indeedee|49\/100\n|move|p2a: Stonjourner|Rock Slide|p1a: Dragonite|[spread] p1b\n|-miss|p2a: Stonjourner|p1a: Dragonite\n|-damage|p1b: Amoonguss|0 fnt\n|faint|p1b: Amoonguss\n|\n|upkeep\n|\n|t:|1681991725\n|switch|p1b: Palafin|Palafin-Hero, L50, M|100\/100\n|-activate|p1b: Palafin|ability: Zero to Hero\n|turn|3\n|\n|t:|1681991734\n|move|p1b: Palafin|Wave Crash|p2a: Stonjourner\n|-supereffective|p2a: Stonjourner\n|-damage|p2a: Stonjourner|8\/100\n|-damage|p1b: Palafin|69\/100|[from] Recoil\n|move|p2b: Indeedee|Psychic|p1b: Palafin\n|-damage|p1b: Palafin|16\/100\n|move|p1a: Dragonite|Iron Head|p2b: Indeedee\n|-damage|p2b: Indeedee|0 fnt\n|faint|p2b: Indeedee\n|move|p2a: Stonjourner|Rock Slide|p1b: Palafin|[spread] p1a,p1b\n|-supereffective|p1a: Dragonite\n|-damage|p1a: Dragonite|7\/100\n|-damage|p1b: Palafin|0 fnt\n|faint|p1b: Palafin\n|\n|-heal|p2a: Stonjourner|14\/100|[from] item: Leftovers\n|upkeep\n|\n|t:|1681991751\n|switch|p1b: Chien-Pao|Chien-Pao, L50|100\/100\n|switch|p2b: Meowscarada|Meowscarada, L50, M|100\/100\n|-ability|p1b: Chien-Pao|Sword of Ruin\n|turn|4\n|\n|t:|1681991771\n|move|p2a: Stonjourner|Protect|p2a: Stonjourner\n|-singleturn|p2a: Stonjourner|Protect\n|move|p2b: Meowscarada|Brick Break|p1a: Dragonite\n|-start|p2b: Meowscarada|typechange|Fighting|[from] ability: Protean\n|-resisted|p1a: Dragonite\n|-damage|p1a: Dragonite|0 fnt\n|faint|p1a: Dragonite\n|move|p1b: Chien-Pao|Ice Spinner|p2b: Meowscarada\n|-damage|p2b: Meowscarada|26\/100\n|-fieldend|move: Psychic Terrain\n|\n|-heal|p2a: Stonjourner|19\/100|[from] item: Leftovers\n|upkeep\n|turn|5\n|inactive|Unhinged_LoopKids has 30 seconds left.\n|\n|t:|1681991804\n|-terastallize|p1b: Chien-Pao|Ghost\n|move|p2b: Meowscarada|Brick Break|p1b: Chien-Pao\n|-immune|p1b: Chien-Pao\n|move|p1b: Chien-Pao|Sacred Sword|p2a: Stonjourner\n|-supereffective|p2a: Stonjourner\n|-damage|p2a: Stonjourner|0 fnt\n|faint|p2a: Stonjourner\n|\n|upkeep\n|turn|6\n|-message|SteXe36 forfeited.\n|\n|win|Unhinged_LoopKids\n|raw|Unhinged_LoopKids's rating: 1149 → 1179<\/strong> (+30 for winning)\n|raw|SteXe36's rating: 1224 → 1194<\/strong> (-30 for losing)\n|l|\u2606SteXe36\n","uploadtime":1681991828,"views":14,"p1id":"unhingedloopkids","p2id":"stexe36","formatid":"gen9vgc2023regulationc","rating":1179,"private":0,"password":""}