{"id":"gen9vgc2023regulationc-1858316591","p1":"mathtass","p2":"kbathe","format":"[Gen 9] VGC 2023 Regulation C","log":"|j|\u2606mathtass\n|j|\u2606kbathe\n|t:|1683301331\n|gametype|doubles\n|player|p1|mathtass|170|1340\n|player|p2|kbathe|265|1256\n|teamsize|p1|6\n|teamsize|p2|6\n|gen|9\n|tier|[Gen 9] VGC 2023 Regulation C\n|rated|\n|rule|Species Clause: Limit one of each Pok\u00e9mon\n|rule|Item Clause: Limit one of each item\n|clearpoke\n|poke|p1|Amoonguss, L50, F|\n|poke|p1|Chi-Yu, L50|\n|poke|p1|Arcanine, L50, F|\n|poke|p1|Dragonite, L50, M|\n|poke|p1|Flutter Mane, L50|\n|poke|p1|Iron Hands, L50|\n|poke|p2|Iron Bundle, L50|\n|poke|p2|Arcanine, L50, F|\n|poke|p2|Bronzong, L50|\n|poke|p2|Abomasnow, L50, F|\n|poke|p2|Iron Hands, L50|\n|poke|p2|Flutter Mane, L50|\n|teampreview|4\n|inactive|Battle timer is ON: inactive players will automatically lose when time's up. (requested by kbathe)\nkbathe rejected open team sheets.\n|inactive|mathtass has 60 seconds left.\n|\n|t:|1683301379\n|start\n|switch|p1a: Simba|Arcanine, L50, F, shiny|100\/100\n|switch|p1b: Titan|Dragonite, L50, M, shiny|100\/100\n|switch|p2a: Bronzong|Bronzong, L50|100\/100\n|switch|p2b: Iron Hands|Iron Hands, L50|100\/100\n|-ability|p1a: Simba|Intimidate|boost\n|-unboost|p2a: Bronzong|atk|1\n|-unboost|p2b: Iron Hands|atk|1\n|turn|1\n|\n|t:|1683301397\n|-terastallize|p2a: Bronzong|Fire\n|move|p2b: Iron Hands|Fake Out|p1b: Titan\n|-damage|p1b: Titan|95\/100\n|move|p1a: Simba|Howl|p1a: Simba|[spread] p1a,p1b\n|-boost|p1a: Simba|atk|1\n|-boost|p1b: Titan|atk|1\n|cant|p1b: Titan|flinch\n|move|p2a: Bronzong|Trick Room|p2a: Bronzong\n|-fieldstart|move: Trick Room|[of] p2a: Bronzong\n|\n|upkeep\n|turn|2\n|inactive|kbathe has 30 seconds left.\n|inactive|kbathe has 20 seconds left.\n|\n|t:|1683301434\n|move|p2a: Bronzong|Helping Hand|p2b: Iron Hands\n|-singleturn|p2b: Iron Hands|Helping Hand|[of] p2a: Bronzong\n|move|p2b: Iron Hands|Drain Punch|p1a: Simba\n|-damage|p1a: Simba|59\/100\n|move|p1b: Titan|Stomping Tantrum|p2b: Iron Hands\n|-supereffective|p2b: Iron Hands\n|-damage|p2b: Iron Hands|0 fnt\n|faint|p2b: Iron Hands\n|-end|p2b: Iron Hands|Quark Drive|[silent]\n|move|p1a: Simba|Howl|p1a: Simba|[spread] p1a,p1b\n|-boost|p1a: Simba|atk|1\n|-boost|p1b: Titan|atk|1\n|\n|upkeep\n|inactive|kbathe has 30 seconds left.\n|inactive|kbathe has 20 seconds left.\n|inactive|kbathe has 15 seconds left.\n|inactive|kbathe has 10 seconds left.\n|inactive|kbathe has 5 seconds left.\n|\n|t:|1683301489\n|switch|p2b: Abomasnow|Abomasnow, L50, F|100\/100\n|-weather|Snow|[from] ability: Snow Warning|[of] p2b: Abomasnow\n|turn|3\n|inactive|kbathe has 30 seconds left.\n|\n|t:|1683301519\n|move|p2a: Bronzong|Helping Hand|p2b: Abomasnow\n|-singleturn|p2b: Abomasnow|Helping Hand|[of] p2a: Bronzong\n|move|p1b: Titan|Extreme Speed|p2b: Abomasnow\n|-damage|p2b: Abomasnow|55\/100\n|move|p2b: Abomasnow|Blizzard|p1b: Titan|[spread] p1a,p1b\n|-resisted|p1a: Simba\n|-supereffective|p1b: Titan\n|-damage|p1a: Simba|31\/100\n|-damage|p1b: Titan|0 fnt\n|-enditem|p1a: Simba|Sitrus Berry|[eat]\n|-heal|p1a: Simba|56\/100|[from] item: Sitrus Berry\n|faint|p1b: Titan\n|move|p1a: Simba|Flare Blitz|p2b: Abomasnow\n|-supereffective|p2b: Abomasnow\n|-damage|p2b: Abomasnow|0 fnt\n|faint|p2b: Abomasnow\n|-damage|p1a: Simba|39\/100|[from] Recoil\n|\n|-weather|Snow|[upkeep]\n|upkeep\n|\n|t:|1683301541\n|switch|p2b: Arcanine|Arcanine, L50, F|100\/100\n|switch|p1b: Blaze|Chi-Yu, L50|100\/100\n|-ability|p2b: Arcanine|Intimidate|boost\n|-unboost|p1a: Simba|atk|1\n|-unboost|p1b: Blaze|atk|1\n|-ability|p1b: Blaze|Beads of Ruin\n|turn|4\n|inactive|kbathe has 30 seconds left.\n|inactive|kbathe has 20 seconds left.\n|inactive|kbathe has 15 seconds left.\n|inactive|kbathe has 10 seconds left.\n|inactive|kbathe has 5 seconds left.\n|\n|t:|1683301595\n|move|p2a: Bronzong|Helping Hand|p2b: Arcanine\n|-singleturn|p2b: Arcanine|Helping Hand|[of] p2a: Bronzong\n|move|p1b: Blaze|Protect|p1b: Blaze\n|-singleturn|p1b: Blaze|Protect\n|move|p2b: Arcanine|Extreme Speed|p1a: Simba\n|-damage|p1a: Simba|0 fnt\n|faint|p1a: Simba\n|\n|-weather|Snow|[upkeep]\n|upkeep\n|\n|t:|1683301599\n|switch|p1a: Lady Mane|Flutter Mane, L50, shiny|100\/100\n|turn|5\n|\n|t:|1683301613\n|move|p1a: Lady Mane|Protect|p1a: Lady Mane\n|-singleturn|p1a: Lady Mane|Protect\n|move|p2b: Arcanine|Extreme Speed|p1b: Blaze\n|-damage|p1b: Blaze|57\/100\n|move|p2a: Bronzong|Gyro Ball|p1a: Lady Mane\n|-activate|p1a: Lady Mane|move: Protect\n|move|p1b: Blaze|Dark Pulse|p2a: Bronzong\n|-damage|p2a: Bronzong|48\/100\n|-damage|p1b: Blaze|47\/100|[from] item: Life Orb\n|\n|-weather|Snow|[upkeep]\n|-fieldend|move: Trick Room\n|upkeep\n|turn|6\n|\n|t:|1683301632\n|move|p1b: Blaze|Protect|p1b: Blaze\n|-singleturn|p1b: Blaze|Protect\n|move|p2b: Arcanine|Extreme Speed|p1b: Blaze\n|-activate|p1b: Blaze|move: Protect\n|move|p1a: Lady Mane|Shadow Ball|p2b: Arcanine\n|-damage|p2b: Arcanine|42\/100\n|-enditem|p2b: Arcanine|Sitrus Berry|[eat]\n|-heal|p2b: Arcanine|67\/100|[from] item: Sitrus Berry\n|move|p2a: Bronzong|Gyro Ball|p1a: Lady Mane\n|-supereffective|p1a: Lady Mane\n|-enditem|p1a: Lady Mane|Focus Sash\n|-damage|p1a: Lady Mane|1\/100\n|\n|-weather|Snow|[upkeep]\n|upkeep\n|turn|7\n|\n|t:|1683301651\n|move|p2b: Arcanine|Protect|p2b: Arcanine\n|-singleturn|p2b: Arcanine|Protect\n|move|p1a: Lady Mane|Shadow Ball|p2a: Bronzong\n|-damage|p2a: Bronzong|10\/100\n|move|p1b: Blaze|Dark Pulse|p2b: Arcanine\n|-activate|p2b: Arcanine|move: Protect\n|move|p2a: Bronzong|Gyro Ball|p1b: Blaze\n|-resisted|p1b: Blaze\n|-damage|p1b: Blaze|27\/100\n|\n|-weather|none\n|upkeep\n|turn|8\n|inactive|mathtass has 30 seconds left.\n|\n|t:|1683301680\n|move|p1b: Blaze|Protect|p1b: Blaze\n|-singleturn|p1b: Blaze|Protect\n|move|p2b: Arcanine|Extreme Speed|p1b: Blaze\n|-activate|p1b: Blaze|move: Protect\n|move|p1a: Lady Mane|Shadow Ball|p2a: Bronzong\n|-damage|p2a: Bronzong|0 fnt\n|faint|p2a: Bronzong\n|\n|upkeep\n|turn|9\n|\n|t:|1683301700\n|-terastallize|p1b: Blaze|Grass\n|move|p2b: Arcanine|Extreme Speed|p1b: Blaze\n|-damage|p1b: Blaze|0 fnt\n|faint|p1b: Blaze\n|move|p1a: Lady Mane|Shadow Ball|p2b: Arcanine\n|-damage|p2b: Arcanine|27\/100\n|-unboost|p2b: Arcanine|spd|1\n|\n|upkeep\n|turn|10\n|\n|t:|1683301711\n|move|p2b: Arcanine|Protect|p2b: Arcanine\n|-singleturn|p2b: Arcanine|Protect\n|move|p1a: Lady Mane|Shadow Ball|p2b: Arcanine\n|-activate|p2b: Arcanine|move: Protect\n|\n|upkeep\n|turn|11\n|\n|t:|1683301719\n|move|p1a: Lady Mane|Shadow Ball|p2b: Arcanine\n|-damage|p2b: Arcanine|0 fnt\n|faint|p2b: Arcanine\n|\n|win|mathtass\n|raw|mathtass's rating: 1340 → 1355<\/strong> (+15 for winning)\n|raw|kbathe's rating: 1256 → 1237<\/strong> (-19 for losing)\n","uploadtime":1683301723,"views":4,"p1id":"mathtass","p2id":"kbathe","formatid":"gen9vgc2023regulationc","rating":1237,"private":0,"password":""}