{"id":"gen9vgc2023regulationc-1861379186","p1":"adrpen","p2":"jaysohm","format":"[Gen 9] VGC 2023 Regulation C","log":"|j|\u2606adrpen\n|j|\u2606jaysohm\n|t:|1683751351\n|gametype|doubles\n|player|p1|adrpen|pokekid|1165\n|player|p2|jaysohm|1|1130\n|teamsize|p1|6\n|teamsize|p2|6\n|gen|9\n|tier|[Gen 9] VGC 2023 Regulation C\n|rated|\n|rule|Species Clause: Limit one of each Pok\u00e9mon\n|rule|Item Clause: Limit one of each item\n|clearpoke\n|poke|p1|Amoonguss, L50, M|\n|poke|p1|Palafin, L50, M|\n|poke|p1|Iron Hands, L50|\n|poke|p1|Arcanine, L50, M|\n|poke|p1|Flutter Mane, L50|\n|poke|p1|Dragonite, L50, M|\n|poke|p2|Tyranitar, L50, F|\n|poke|p2|Palafin, L50, M|\n|poke|p2|Volcarona, L50, F|\n|poke|p2|Orthworm, L50, F|\n|poke|p2|Flutter Mane, L50|\n|poke|p2|Chien-Pao, L50|\n|teampreview|4\n|inactive|Battle timer is ON: inactive players will automatically lose when time's up. (requested by jaysohm)\n|inactive|adrpen also wants the timer to be on.\n|inactive|adrpen has 60 seconds left.\n|inactive|jaysohm has 60 seconds left.\n|inactive|adrpen has 30 seconds left.\n|inactive|jaysohm has 30 seconds left.\n|inactive|adrpen has 20 seconds left.\n|inactive|adrpen has 15 seconds left.\n|inactive|adrpen has 10 seconds left.\n|inactive|adrpen has 5 seconds left.\n|\n|t:|1683751437\n|start\n|switch|p1a: Palafin|Palafin, L50, M, shiny|100\/100\n|switch|p1b: Amoonguss|Amoonguss, L50, M, shiny|100\/100\n|switch|p2a: Volcarona|Volcarona, L50, F|100\/100\n|switch|p2b: Orthworm|Orthworm, L50, F|100\/100\n|turn|1\n|inactive|adrpen has 30 seconds left.\n|inactive|jaysohm has 30 seconds left.\n|\n|t:|1683751471\n|detailschange|p1a: Palafin|Palafin-Hero, L50, M, shiny\n|switch|p1a: Iron Hands|Iron Hands, L50, shiny|100\/100\n|move|p2a: Volcarona|Protect|p2a: Volcarona\n|-singleturn|p2a: Volcarona|Protect\n|move|p1b: Amoonguss|Protect|p1b: Amoonguss\n|-singleturn|p1b: Amoonguss|Protect\n|move|p2b: Orthworm|Shed Tail|p2b: Orthworm\n|-start|p2b: Orthworm|Substitute|[from] move: Shed Tail\n|-damage|p2b: Orthworm|50\/100\n|-enditem|p2b: Orthworm|Sitrus Berry|[eat]\n|-heal|p2b: Orthworm|75\/100|[from] item: Sitrus Berry\n|\n|t:|1683751488\n|switch|p2b: Chien-Pao|Chien-Pao, L50|100\/100|[from] Shed Tail\n|-ability|p2b: Chien-Pao|Sword of Ruin\n|\n|upkeep\n|turn|2\n|inactive|adrpen has 30 seconds left.\n|inactive|adrpen has 20 seconds left.\n|\n|t:|1683751523\n|switch|p1b: Palafin|Palafin-Hero, L50, M, shiny|100\/100\n|-activate|p1b: Palafin|ability: Zero to Hero\n|move|p2b: Chien-Pao|Ice Spinner|p1b: Palafin\n|-resisted|p1b: Palafin\n|-damage|p1b: Palafin|68\/100\n|-damage|p2b: Chien-Pao|91\/100|[from] item: Life Orb\n|move|p2a: Volcarona|Quiver Dance|p2a: Volcarona\n|-boost|p2a: Volcarona|spa|1\n|-boost|p2a: Volcarona|spd|1\n|-boost|p2a: Volcarona|spe|1\n|move|p1a: Iron Hands|Drain Punch|p2b: Chien-Pao\n|-supereffective|p2b: Chien-Pao\n|-end|p2b: Chien-Pao|Substitute\n|\n|upkeep\n|turn|3\n|inactive|adrpen has 30 seconds left.\n|inactive|jaysohm has 30 seconds left.\n|inactive|adrpen has 20 seconds left.\n|inactive|jaysohm has 20 seconds left.\n|inactive|adrpen has 15 seconds left.\n|inactive|jaysohm has 15 seconds left.\n|inactive|adrpen has 10 seconds left.\n|inactive|jaysohm has 10 seconds left.\n|inactive|adrpen has 5 seconds left.\n|\n|t:|1683751573\n|move|p2b: Chien-Pao|Protect|p2b: Chien-Pao\n|-singleturn|p2b: Chien-Pao|Protect\n|move|p1b: Palafin|Jet Punch|p2b: Chien-Pao\n|-activate|p2b: Chien-Pao|move: Protect\n|move|p2a: Volcarona|Giga Drain|p1b: Palafin\n|-supereffective|p1b: Palafin\n|-damage|p1b: Palafin|0 fnt\n|faint|p1b: Palafin\n|move|p1a: Iron Hands|Wild Charge|p2a: Volcarona\n|-damage|p2a: Volcarona|0 fnt\n|faint|p2a: Volcarona\n|-damage|p1a: Iron Hands|84\/100|[from] Recoil\n|\n|upkeep\n|\n|t:|1683751591\n|switch|p2a: Tyranitar|Tyranitar, L50, F|100\/100\n|switch|p1b: Amoonguss|Amoonguss, L50, M, shiny|100\/100\n|-weather|Sandstorm|[from] ability: Sand Stream|[of] p2a: Tyranitar\n|turn|4\n|inactive|adrpen has 30 seconds left.\n|inactive|adrpen has 20 seconds left.\n|inactive|adrpen has 15 seconds left.\n|inactive|adrpen has 10 seconds left.\n|\n|t:|1683751638\n|switch|p2b: Orthworm|Orthworm, L50, F|75\/100\n|move|p1b: Amoonguss|Protect|p1b: Amoonguss\n|-singleturn|p1b: Amoonguss|Protect\n|move|p2a: Tyranitar|Earthquake|p1b: Amoonguss|[spread] p1a\n|-activate|p1b: Amoonguss|move: Protect\n|-heal|p2b: Orthworm|99\/100|[from] ability: Earth Eater|[of] p2a: Tyranitar\n|-supereffective|p1a: Iron Hands\n|-damage|p1a: Iron Hands|44\/100\n|move|p1a: Iron Hands|Wild Charge|p2a: Tyranitar\n|-damage|p2a: Tyranitar|61\/100\n|-damage|p1a: Iron Hands|36\/100|[from] Recoil\n|\n|-weather|Sandstorm|[upkeep]\n|-damage|p1a: Iron Hands|30\/100|[from] Sandstorm\n|-damage|p1b: Amoonguss|95\/100|[from] Sandstorm\n|upkeep\n|turn|5\n|inactive|adrpen has 30 seconds left.\n|inactive|jaysohm has 30 seconds left.\n|\n|t:|1683751670\n|-terastallize|p1a: Iron Hands|Grass\n|move|p2b: Orthworm|Shed Tail|p2b: Orthworm\n|-start|p2b: Orthworm|Substitute|[from] move: Shed Tail\n|-damage|p2b: Orthworm|50\/100\n|\n|t:|1683751674\n|switch|p2b: Chien-Pao|Chien-Pao, L50|91\/100|[from] Shed Tail\n|-ability|p2b: Chien-Pao|Sword of Ruin\n|move|p2a: Tyranitar|Earthquake|p1a: Iron Hands|[spread] p2b,p1a,p1b\n|-end|p2b: Chien-Pao|Substitute\n|-resisted|p1a: Iron Hands\n|-damage|p1a: Iron Hands|16\/100\n|-damage|p1b: Amoonguss|60\/100\n|move|p1a: Iron Hands|Drain Punch|p2a: Tyranitar\n|-supereffective|p2a: Tyranitar\n|-damage|p2a: Tyranitar|0 fnt\n|-heal|p1a: Iron Hands|43\/100|[from] drain|[of] p2a: Tyranitar\n|faint|p2a: Tyranitar\n|move|p1b: Amoonguss|Spore|p2b: Chien-Pao\n|-status|p2b: Chien-Pao|slp|[from] move: Spore\n|\n|-weather|Sandstorm|[upkeep]\n|-damage|p2b: Chien-Pao|85\/100 slp|[from] Sandstorm\n|-damage|p1a: Iron Hands|37\/100|[from] Sandstorm\n|-damage|p1b: Amoonguss|54\/100|[from] Sandstorm\n|upkeep\n|\n|t:|1683751691\n|switch|p2a: Orthworm|Orthworm, L50, F|50\/100\n|turn|6\n|\n|t:|1683751714\n|cant|p2b: Chien-Pao|slp\n|move|p2a: Orthworm|Heavy Slam|p1b: Amoonguss\n|-damage|p1b: Amoonguss|14\/100\n|-damage|p2a: Orthworm|33\/100|[from] item: Rocky Helmet|[of] p1b: Amoonguss\n|move|p1a: Iron Hands|Drain Punch|p2a: Orthworm\n|-supereffective|p2a: Orthworm\n|-damage|p2a: Orthworm|0 fnt\n|-heal|p1a: Iron Hands|49\/100|[from] drain|[of] p2a: Orthworm\n|faint|p2a: Orthworm\n|move|p1b: Amoonguss|Pollen Puff|p1a: Iron Hands\n|-heal|p1a: Iron Hands|99\/100\n|\n|-weather|Sandstorm|[upkeep]\n|-damage|p2b: Chien-Pao|79\/100 slp|[from] Sandstorm\n|-damage|p1a: Iron Hands|93\/100|[from] Sandstorm\n|-damage|p1b: Amoonguss|8\/100|[from] Sandstorm\n|upkeep\n|turn|7\n|\n|t:|1683751733\n|switch|p1b: Flutter Mane|Flutter Mane, L50|100\/100\n|-enditem|p1b: Flutter Mane|Booster Energy\n|-activate|p1b: Flutter Mane|ability: Protosynthesis|[fromitem]\n|-start|p1b: Flutter Mane|protosynthesisspa\n|cant|p2b: Chien-Pao|slp\n|move|p1a: Iron Hands|Drain Punch|p2b: Chien-Pao\n|-supereffective|p2b: Chien-Pao\n|-damage|p2b: Chien-Pao|0 fnt\n|-heal|p1a: Iron Hands|100\/100|[from] drain|[of] p2b: Chien-Pao\n|faint|p2b: Chien-Pao\n|\n|win|adrpen\n|raw|adrpen's rating: 1165 → 1187<\/strong> (+22 for winning)\n|raw|jaysohm's rating: 1130 → 1108<\/strong> (-22 for losing)\n|l|\u2606jaysohm\n","uploadtime":1683751746,"views":7,"p1id":"adrpen","p2id":"jaysohm","formatid":"gen9vgc2023regulationc","rating":1108,"private":0,"password":""}