{"id":"gen9vgc2023regulationc-1848133630","p1":"nsfwgg","p2":"Blue7410","format":"[Gen 9] VGC 2023 Regulation C","log":"|j|\u2606nsfwgg\n|j|\u2606Blue7410\n|t:|1682033605\n|gametype|doubles\n|player|p1|nsfwgg|dawn|1073\n|player|p2|Blue7410|2|1158\n|teamsize|p1|6\n|teamsize|p2|6\n|gen|9\n|tier|[Gen 9] VGC 2023 Regulation C\n|rated|\n|rule|Species Clause: Limit one of each Pok\u00e9mon\n|rule|Item Clause: Limit one of each item\n|clearpoke\n|poke|p1|Orthworm, L50, F|\n|poke|p1|Garchomp, L50, M|\n|poke|p1|Dragonite, L50, M|\n|poke|p1|Glimmora, L50, M|\n|poke|p1|Chien-Pao, L50|\n|poke|p1|Flutter Mane, L50|\n|poke|p2|Iron Bundle, L50|\n|poke|p2|Great Tusk, L50|\n|poke|p2|Dragonite, L50, F|\n|poke|p2|Kingambit, L50, F|\n|poke|p2|Armarouge, L50, M|\n|poke|p2|Indeedee-F, L50, F|\n|teampreview|4\nnsfwgg has agreed to open team sheets.\nBlue7410 has agreed to open team sheets.\n|inactive|Battle timer is ON: inactive players will automatically lose when time's up. (requested by Blue7410)\n|\n|t:|1682033682\n|start\n|switch|p1a: Glimmora|Glimmora, L50, M|100\/100\n|switch|p1b: Flutter Mane|Flutter Mane, L50|100\/100\n|switch|p2a: Dragonite|Dragonite, L50, F|100\/100\n|switch|p2b: Great Tusk|Great Tusk, L50|100\/100\n|turn|1\n|inactive|nsfwgg has 30 seconds left.\n|\n|t:|1682033716\n|-terastallize|p2a: Dragonite|Flying\n|-terastallize|p1a: Glimmora|Grass\n|move|p1b: Flutter Mane|Dazzling Gleam|p2a: Dragonite|[spread] p2a,p2b\n|-supereffective|p2b: Great Tusk\n|-damage|p2a: Dragonite|88\/100\n|-enditem|p2b: Great Tusk|Focus Sash\n|-damage|p2b: Great Tusk|1\/100\n|-damage|p1b: Flutter Mane|91\/100|[from] item: Life Orb\n|move|p2b: Great Tusk|Earthquake|p1a: Glimmora|[spread] p1a,p1b\n|-immune|p2a: Dragonite\n|-resisted|p1a: Glimmora\n|-damage|p1a: Glimmora|80\/100\n|-damage|p1b: Flutter Mane|28\/100\n|-activate|p1a: Glimmora|ability: Toxic Debris\n|-sidestart|p2: Blue7410|move: Toxic Spikes\n|move|p2a: Dragonite|Tera Blast|p1b: Flutter Mane\n|-damage|p1b: Flutter Mane|0 fnt\n|faint|p1b: Flutter Mane\n|-end|p1b: Flutter Mane|Protosynthesis|[silent]\n|move|p1a: Glimmora|Power Gem|p2a: Dragonite\n|-supereffective|p2a: Dragonite\n|-damage|p2a: Dragonite|38\/100\n|\n|upkeep\n|inactive|nsfwgg has 30 seconds left.\n|\n|t:|1682033741\n|switch|p1b: Orthworm|Orthworm, L50, F|100\/100\n|turn|2\n|inactive|nsfwgg has 30 seconds left.\n|inactive|nsfwgg has 20 seconds left.\n|inactive|nsfwgg has 15 seconds left.\n|\n|t:|1682033784\n|move|p2b: Great Tusk|Close Combat|p1b: Orthworm\n|-supereffective|p1b: Orthworm\n|-damage|p1b: Orthworm|24\/100\n|-unboost|p2b: Great Tusk|def|1\n|-unboost|p2b: Great Tusk|spd|1\n|move|p2a: Dragonite|Tera Blast|p1a: Glimmora\n|-supereffective|p1a: Glimmora\n|-damage|p1a: Glimmora|0 fnt\n|-activate|p1a: Glimmora|ability: Toxic Debris\n|-sidestart|p2: Blue7410|move: Toxic Spikes\n|faint|p1a: Glimmora\n|move|p1b: Orthworm|Heavy Slam|p2b: Great Tusk\n|-damage|p2b: Great Tusk|0 fnt\n|faint|p2b: Great Tusk\n|-end|p2b: Great Tusk|Protosynthesis|[silent]\n|\n|-heal|p1b: Orthworm|31\/100|[from] item: Leftovers\n|upkeep\n|\n|t:|1682033799\n|switch|p2b: Kingambit|Kingambit, L50, F|100\/100\n|switch|p1a: Dragonite|Dragonite, L50, M|100\/100\n|turn|3\n|\n|t:|1682033818\n|move|p2a: Dragonite|Ice Spinner|p1a: Dragonite\n|-supereffective|p1a: Dragonite\n|-damage|p1a: Dragonite|48\/100\n|move|p1a: Dragonite|Earthquake|p2a: Dragonite|[spread] p2b\n|-heal|p1b: Orthworm|56\/100|[from] ability: Earth Eater|[of] p1a: Dragonite\n|-immune|p2a: Dragonite\n|-supereffective|p2b: Kingambit\n|-damage|p2b: Kingambit|60\/100\n|move|p1b: Orthworm|Iron Defense|p1b: Orthworm\n|-boost|p1b: Orthworm|def|2\n|move|p2b: Kingambit|Kowtow Cleave|p1b: Orthworm\n|-damage|p1b: Orthworm|40\/100\n|\n|-heal|p1b: Orthworm|46\/100|[from] item: Leftovers\n|upkeep\n|turn|4\n|inactive|Blue7410 has 30 seconds left.\n|\n|t:|1682033843\n|move|p2b: Kingambit|Sucker Punch||[still]\n|-fail|p2b: Kingambit\n|move|p2a: Dragonite|Ice Spinner|p1a: Dragonite\n|-supereffective|p1a: Dragonite\n|-damage|p1a: Dragonite|0 fnt\n|faint|p1a: Dragonite\n|move|p1b: Orthworm|Iron Defense|p1b: Orthworm\n|-boost|p1b: Orthworm|def|2\n|\n|-heal|p1b: Orthworm|52\/100|[from] item: Leftovers\n|upkeep\n|turn|5\n|\n|t:|1682033863\n|move|p2a: Dragonite|Low Kick|p1b: Orthworm\n|-supereffective|p1b: Orthworm\n|-damage|p1b: Orthworm|34\/100\n|move|p1b: Orthworm|Body Press|p2b: Kingambit\n|-supereffective|p2b: Kingambit\n|-enditem|p2b: Kingambit|Chople Berry|[eat]\n|-enditem|p2b: Kingambit|Chople Berry|[weaken]\n|-damage|p2b: Kingambit|0 fnt\n|faint|p2b: Kingambit\n|\n|-heal|p1b: Orthworm|40\/100|[from] item: Leftovers\n|upkeep\n|\n|t:|1682033872\n|switch|p2b: Iron Bundle|Iron Bundle, L50|100\/100\n|-status|p2b: Iron Bundle|tox\n|-enditem|p2b: Iron Bundle|Booster Energy\n|-activate|p2b: Iron Bundle|ability: Quark Drive|[fromitem]\n|-start|p2b: Iron Bundle|quarkdrivespe\n|turn|6\n|\n|t:|1682033889\n|move|p1b: Orthworm|Protect|p1b: Orthworm\n|-singleturn|p1b: Orthworm|Protect\n|move|p2b: Iron Bundle|Freeze-Dry|p1b: Orthworm\n|-activate|p1b: Orthworm|move: Protect\n|move|p2a: Dragonite|Low Kick|p1b: Orthworm\n|-activate|p1b: Orthworm|move: Protect\n|\n|-heal|p1b: Orthworm|47\/100|[from] item: Leftovers\n|-damage|p2b: Iron Bundle|94\/100 tox|[from] psn\n|upkeep\n|turn|7\n|inactive|nsfwgg has 30 seconds left.\n|\n|t:|1682033915\n|move|p2b: Iron Bundle|Freeze-Dry|p1b: Orthworm\n|-resisted|p1b: Orthworm\n|-damage|p1b: Orthworm|30\/100\n|move|p2a: Dragonite|Low Kick|p1b: Orthworm\n|-supereffective|p1b: Orthworm\n|-damage|p1b: Orthworm|10\/100\n|move|p1b: Orthworm|Body Press|p2b: Iron Bundle\n|-supereffective|p2b: Iron Bundle\n|-damage|p2b: Iron Bundle|0 fnt\n|faint|p2b: Iron Bundle\n|-end|p2b: Iron Bundle|Quark Drive|[silent]\n|\n|-heal|p1b: Orthworm|16\/100|[from] item: Leftovers\n|upkeep\n|turn|8\n|\n|t:|1682033935\n|move|p1b: Orthworm|Protect|p1b: Orthworm\n|-singleturn|p1b: Orthworm|Protect\n|move|p2a: Dragonite|Low Kick|p1b: Orthworm\n|-activate|p1b: Orthworm|move: Protect\n|\n|-heal|p1b: Orthworm|22\/100|[from] item: Leftovers\n|upkeep\n|turn|9\n|inactive|nsfwgg has 30 seconds left.\n|\n|t:|1682033964\n|move|p2a: Dragonite|Low Kick|p1b: Orthworm\n|-supereffective|p1b: Orthworm\n|-damage|p1b: Orthworm|2\/100\n|move|p1b: Orthworm|Body Press|p2a: Dragonite\n|-resisted|p2a: Dragonite\n|-crit|p2a: Dragonite\n|-damage|p2a: Dragonite|0 fnt\n|faint|p2a: Dragonite\n|\n|win|nsfwgg\n|raw|nsfwgg's rating: 1073 → 1109<\/strong> (+36 for winning)\n|raw|Blue7410's rating: 1158 → 1127<\/strong> (-31 for losing)\n|c|\u2606nsfwgg|gg\n|c|\u2606Blue7410|gg\n|l|\u2606Blue7410\n","uploadtime":1682033981,"views":7,"p1id":"nsfwgg","p2id":"blue7410","formatid":"gen9vgc2023regulationc","rating":1109,"private":0,"password":""}