{"id":"gen9vgc2023regulationc-1863270790","p1":"killakyzr","p2":"CluelessGamer18","format":"[Gen 9] VGC 2023 Regulation C","log":"|j|\u2606killakyzr\n|j|\u2606CluelessGamer18\n|t:|1683996157\n|gametype|doubles\n|player|p1|killakyzr|2|\n|player|p2|CluelessGamer18|102|\n|teamsize|p1|6\n|teamsize|p2|6\n|gen|9\n|tier|[Gen 9] VGC 2023 Regulation C\n|rule|Species Clause: Limit one of each Pok\u00e9mon\n|rule|Item Clause: Limit one of each item\n|clearpoke\n|poke|p1|Skeledirge, L50, F|\n|poke|p1|Jumpluff, L50, F|\n|poke|p1|Gholdengo, L50|\n|poke|p1|Maushold, L50|\n|poke|p1|Annihilape, L50, M|\n|poke|p1|Lycanroc, L50, F|\n|poke|p2|Volcarona, L50, M|\n|poke|p2|Mimikyu, L50, M|\n|poke|p2|Krookodile, L50, F|\n|poke|p2|Weavile, L50, M|\n|poke|p2|Corviknight, L50, M|\n|poke|p2|Slither Wing, L50|\n|teampreview|4\n|inactive|Battle timer is ON: inactive players will automatically lose when time's up. (requested by killakyzr)\n|j| SuperToad916\n|\n|t:|1683996175\n|start\n|switch|p1a: Annihilape|Annihilape, L50, M|100\/100\n|switch|p1b: Maushold|Maushold, L50|100\/100\n|switch|p2a: Weavile|Weavile, L50, M|100\/100\n|switch|p2b: Slither Wing|Slither Wing, L50|100\/100\n|-ability|p2a: Weavile|Pressure\n|turn|1\n|\n|t:|1683996189\n|move|p2a: Weavile|Fake Out|p1b: Maushold\n|-damage|p1b: Maushold|81\/100\n|cant|p1b: Maushold|flinch\n|move|p2b: Slither Wing|Close Combat|p1b: Maushold\n|-supereffective|p1b: Maushold\n|-damage|p1b: Maushold|0 fnt\n|-unboost|p2b: Slither Wing|def|1\n|-unboost|p2b: Slither Wing|spd|1\n|faint|p1b: Maushold\n|move|p1a: Annihilape|Rage Fist|p2b: Slither Wing\n|-damage|p2b: Slither Wing|55\/100\n|\n|upkeep\n|\n|t:|1683996193\n|switch|p1b: Gholdengo|Gholdengo, L50|100\/100\n|turn|2\n|inactive|CluelessGamer18 has 30 seconds left.\n|\n|t:|1683996218\n|move|p2a: Weavile|Low Sweep|p1b: Gholdengo\n|-immune|p1b: Gholdengo\n|move|p1b: Gholdengo|Make It Rain|p2a: Weavile|[spread] p2a,p2b\n|-supereffective|p2a: Weavile\n|-enditem|p2a: Weavile|Focus Sash\n|-damage|p2a: Weavile|1\/100\n|-damage|p2b: Slither Wing|0 fnt\n|-unboost|p1b: Gholdengo|spa|1\n|faint|p2b: Slither Wing\n|-end|p2b: Slither Wing|Protosynthesis|[silent]\n|move|p1a: Annihilape|Drain Punch|p2a: Weavile\n|-supereffective|p2a: Weavile\n|-damage|p2a: Weavile|0 fnt\n|faint|p2a: Weavile\n|\n|upkeep\n|\n|t:|1683996232\n|switch|p2a: Volcarona|Volcarona, L50, M|100\/100\n|switch|p2b: Mimikyu|Mimikyu, L50, M|100\/100\n|turn|3\n|inactive|CluelessGamer18 has 30 seconds left.\n|\n|t:|1683996267\n|move|p1b: Gholdengo|Make It Rain|p2a: Volcarona|[spread] p2a,p2b\n|-resisted|p2a: Volcarona\n|-damage|p2a: Volcarona|81\/100\n|-activate|p2b: Mimikyu|ability: Disguise\n|-damage|p2b: Mimikyu|100\/100\n|-unboost|p1b: Gholdengo|spa|1\n|detailschange|p2b: Mimikyu|Mimikyu-Busted, L50, M\n|-damage|p2b: Mimikyu|88\/100|[from] pokemon: Mimikyu-Busted\n|move|p2b: Mimikyu|Shadow Claw|p1a: Annihilape\n|-supereffective|p1a: Annihilape\n|-damage|p1a: Annihilape|24\/100\n|-enditem|p1a: Annihilape|Sitrus Berry|[eat]\n|-heal|p1a: Annihilape|49\/100|[from] item: Sitrus Berry\n|-damage|p2b: Mimikyu|78\/100|[from] item: Life Orb\n|move|p2a: Volcarona|Heat Wave|p1b: Gholdengo|[spread] p1a,p1b\n|-supereffective|p1b: Gholdengo\n|-damage|p1a: Annihilape|19\/100\n|-damage|p1b: Gholdengo|14\/100\n|move|p1a: Annihilape|Drain Punch|p2a: Volcarona\n|-resisted|p2a: Volcarona\n|-damage|p2a: Volcarona|63\/100\n|-heal|p1a: Annihilape|27\/100|[from] drain|[of] p2a: Volcarona\n|\n|-heal|p2a: Volcarona|69\/100|[from] item: Leftovers\n|upkeep\n|turn|4\n|inactive|CluelessGamer18 has 30 seconds left.\n|\n|t:|1683996300\n|-terastallize|p1a: Annihilape|Fire\n|move|p2b: Mimikyu|Shadow Sneak|p1b: Gholdengo\n|-supereffective|p1b: Gholdengo\n|-damage|p1b: Gholdengo|0 fnt\n|faint|p1b: Gholdengo\n|-damage|p2b: Mimikyu|68\/100|[from] item: Life Orb\n|move|p2a: Volcarona|Heat Wave|p1a: Annihilape\n|-resisted|p1a: Annihilape\n|-damage|p1a: Annihilape|6\/100\n|move|p1a: Annihilape|Rage Fist|p2a: Volcarona\n|-damage|p2a: Volcarona|0 fnt\n|faint|p2a: Volcarona\n|\n|upkeep\n|\n|t:|1683996311\n|switch|p1b: Skeledirge|Skeledirge, L50, F|100\/100\n|turn|5\n|\n|t:|1683996325\n|-terastallize|p2b: Mimikyu|Fairy\n|move|p2b: Mimikyu|Shadow Claw|p1b: Skeledirge\n|-supereffective|p1b: Skeledirge\n|-damage|p1b: Skeledirge|33\/100\n|-damage|p2b: Mimikyu|59\/100|[from] item: Life Orb\n|move|p1a: Annihilape|Rage Fist|p2b: Mimikyu\n|-damage|p2b: Mimikyu|0 fnt\n|faint|p2b: Mimikyu\n|\n|win|killakyzr\n|l|\u2606killakyzr\n","uploadtime":1683996338,"views":10,"p1id":"killakyzr","p2id":"cluelessgamer18","formatid":"gen9vgc2023regulationc","rating":0,"private":0,"password":""}