{"id":"gen9vgc2023regulationc-1862780074","p1":"Easyfro","p2":"IceColdGhost","format":"[Gen 9] VGC 2023 Regulation C","log":"|j|\u2606Easyfro\n|j|\u2606IceColdGhost\n|t:|1683921149\n|gametype|doubles\n|player|p1|Easyfro|1|1115\n|player|p2|IceColdGhost|pokemaniac|1106\n|teamsize|p1|6\n|teamsize|p2|6\n|gen|9\n|tier|[Gen 9] VGC 2023 Regulation C\n|rated|\n|rule|Species Clause: Limit one of each Pok\u00e9mon\n|rule|Item Clause: Limit one of each item\n|clearpoke\n|poke|p1|Gastrodon, L50, F|\n|poke|p1|Tyranitar, L50, F|\n|poke|p1|Scizor, L50, M|\n|poke|p1|Hydreigon, L50, M|\n|poke|p1|Flutter Mane, L50|\n|poke|p1|Iron Moth, L50|\n|poke|p2|Clodsire, L50, M|\n|poke|p2|Wo-Chien, L50|\n|poke|p2|Gothitelle, L50, F|\n|poke|p2|Blissey, L50, F|\n|poke|p2|Grimmsnarl, L50, M|\n|poke|p2|Torkoal, L50, M|\n|teampreview|4\n|inactive|Battle timer is ON: inactive players will automatically lose when time's up. (requested by IceColdGhost)\n|inactive|Easyfro also wants the timer to be on.\n|inactive|Easyfro has 60 seconds left.\n|\n|t:|1683921181\n|start\n|switch|p1a: Scizor|Scizor, L50, M|100\/100\n|switch|p1b: Flutter Mane|Flutter Mane, L50|100\/100\n|switch|p2a: Grimmsnarl|Grimmsnarl, L50, M|100\/100\n|switch|p2b: Clodsire|Clodsire, L50, M|100\/100\n|turn|1\n|\n|t:|1683921194\n|move|p1b: Flutter Mane|Protect|p1b: Flutter Mane\n|-singleturn|p1b: Flutter Mane|Protect\n|move|p1a: Scizor|Bullet Punch|p2a: Grimmsnarl\n|-supereffective|p2a: Grimmsnarl\n|-crit|p2a: Grimmsnarl\n|-damage|p2a: Grimmsnarl|1\/100\n|move|p2a: Grimmsnarl|Light Screen|p2a: Grimmsnarl\n|-sidestart|p2: IceColdGhost|move: Light Screen\n|move|p2b: Clodsire|Toxic|p1b: Flutter Mane\n|-activate|p1b: Flutter Mane|move: Protect\n|\n|upkeep\n|turn|2\n|\n|t:|1683921206\n|-end|p1b: Flutter Mane|Protosynthesis|[silent]\n|switch|p1b: Iron Moth|Iron Moth, L50|100\/100\n|move|p1a: Scizor|Bullet Punch|p2a: Grimmsnarl\n|-supereffective|p2a: Grimmsnarl\n|-damage|p2a: Grimmsnarl|0 fnt\n|faint|p2a: Grimmsnarl\n|move|p2b: Clodsire|Toxic|p1b: Iron Moth\n|-immune|p1b: Iron Moth\n|\n|upkeep\n|\n|t:|1683921214\n|switch|p2a: Wo-Chien|Wo-Chien, L50|100\/100\n|-ability|p2a: Wo-Chien|Tablets of Ruin\n|turn|3\n|\n|t:|1683921238\n|-terastallize|p2a: Wo-Chien|Water\n|move|p2b: Clodsire|Protect|p2b: Clodsire\n|-singleturn|p2b: Clodsire|Protect\n|move|p1b: Iron Moth|U-turn|p2a: Wo-Chien\n|-damage|p2a: Wo-Chien|94\/100\n|\n|t:|1683921250\n|-end|p1b: Iron Moth|Quark Drive|[silent]\n|switch|p1b: Flutter Mane|Flutter Mane, L50|100\/100|[from] U-turn\n|move|p2a: Wo-Chien|Leech Seed|p1b: Flutter Mane|[miss]\n|-miss|p2a: Wo-Chien|p1b: Flutter Mane\n|move|p1a: Scizor|Pounce|p2a: Wo-Chien\n|-damage|p2a: Wo-Chien|67\/100\n|-unboost|p2a: Wo-Chien|spe|1\n|\n|upkeep\n|turn|4\n|inactive|Easyfro has 30 seconds left.\n|inactive|IceColdGhost has 30 seconds left.\n|\n|t:|1683921285\n|move|p1b: Flutter Mane|Moonblast|p2a: Wo-Chien\n|-damage|p2a: Wo-Chien|51\/100\n|move|p1a: Scizor|Aerial Ace|p2b: Clodsire\n|-damage|p2b: Clodsire|72\/100\n|move|p2a: Wo-Chien|Leech Seed|p1b: Flutter Mane\n|-start|p1b: Flutter Mane|move: Leech Seed\n|move|p2b: Clodsire|Toxic|p1b: Flutter Mane\n|-status|p1b: Flutter Mane|tox\n|\n|-heal|p2b: Clodsire|78\/100|[from] item: Black Sludge\n|-damage|p1b: Flutter Mane|88\/100 tox|[from] Leech Seed|[of] p2a: Wo-Chien\n|-heal|p2a: Wo-Chien|62\/100|[silent]\n|-damage|p1b: Flutter Mane|82\/100 tox|[from] psn\n|upkeep\n|turn|5\n|inactive|Easyfro has 30 seconds left.\n|\n|t:|1683921313\n|-end|p1b: Flutter Mane|Protosynthesis|[silent]\n|switch|p1b: Iron Moth|Iron Moth, L50|100\/100\n|switch|p2b: Blissey|Blissey, L50, F|100\/100\n|move|p1a: Scizor|Pounce|p2a: Wo-Chien\n|-damage|p2a: Wo-Chien|34\/100\n|-unboost|p2a: Wo-Chien|spe|1\n|move|p2a: Wo-Chien|Ruination|p1a: Scizor\n|-damage|p1a: Scizor|51\/100\n|\n|upkeep\n|turn|6\n|\n|t:|1683921338\n|move|p2a: Wo-Chien|Protect|p2a: Wo-Chien\n|-singleturn|p2a: Wo-Chien|Protect\n|move|p1b: Iron Moth|Sludge Wave|p2a: Wo-Chien|[spread] p2b\n|-activate|p2a: Wo-Chien|move: Protect\n|-immune|p1a: Scizor\n|-damage|p2b: Blissey|90\/100\n|move|p1a: Scizor|Pounce|p2a: Wo-Chien\n|-activate|p2a: Wo-Chien|move: Protect\n|move|p2b: Blissey|Life Dew|p2b: Blissey|[spread] p2a,p2b\n|-heal|p2a: Wo-Chien|59\/100\n|-heal|p2b: Blissey|100\/100\n|\n|upkeep\n|turn|7\n|inactive|Easyfro has 30 seconds left.\n|inactive|IceColdGhost has 30 seconds left.\n|inactive|Easyfro has 20 seconds left.\n|inactive|Easyfro has 15 seconds left.\n|inactive|Easyfro has 10 seconds left.\n|\n|t:|1683921383\n|move|p1b: Iron Moth|U-turn|p2a: Wo-Chien\n|-damage|p2a: Wo-Chien|53\/100\n|\n|t:|1683921388\n|-end|p1b: Iron Moth|Quark Drive|[silent]\n|switch|p1b: Flutter Mane|Flutter Mane, L50|82\/100 tox|[from] U-turn\n|move|p1a: Scizor|Pounce|p2a: Wo-Chien\n|-damage|p2a: Wo-Chien|28\/100\n|-unboost|p2a: Wo-Chien|spe|1\n|move|p2b: Blissey|Seismic Toss|p1a: Scizor\n|-damage|p1a: Scizor|23\/100\n|move|p2a: Wo-Chien|Ingrain|p2a: Wo-Chien\n|-start|p2a: Wo-Chien|move: Ingrain\n|\n|-heal|p2a: Wo-Chien|36\/100|[from] Ingrain\n|-damage|p1b: Flutter Mane|76\/100 tox|[from] psn\n|upkeep\n|turn|8\n|inactive|Easyfro has 30 seconds left.\n|inactive|Easyfro has 20 seconds left.\n|\n|t:|1683921423\n|move|p1a: Scizor|Protect|p1a: Scizor\n|-singleturn|p1a: Scizor|Protect\n|move|p2a: Wo-Chien|Protect|p2a: Wo-Chien\n|-singleturn|p2a: Wo-Chien|Protect\n|move|p1b: Flutter Mane|Moonblast|p2a: Wo-Chien\n|-activate|p2a: Wo-Chien|move: Protect\n|move|p2b: Blissey|Life Dew||[still]|[spread] p2a,p2b\n|-heal|p2a: Wo-Chien|61\/100\n|-fail|p2b: Blissey|heal\n|\n|-heal|p2a: Wo-Chien|69\/100|[from] Ingrain\n|-damage|p1b: Flutter Mane|64\/100 tox|[from] psn\n|-sideend|p2: IceColdGhost|move: Light Screen\n|upkeep\n|turn|9\n|inactive|Easyfro has 30 seconds left.\n|inactive|Easyfro has 20 seconds left.\n|\n|t:|1683921463\n|switch|p1a: Iron Moth|Iron Moth, L50|100\/100\n|move|p1b: Flutter Mane|Moonblast|p2a: Wo-Chien\n|-damage|p2a: Wo-Chien|42\/100\n|move|p2b: Blissey|Seismic Toss|p1a: Iron Moth\n|-damage|p1a: Iron Moth|68\/100\n|move|p2a: Wo-Chien|Leech Seed|p1a: Iron Moth\n|-start|p1a: Iron Moth|move: Leech Seed\n|\n|-heal|p2a: Wo-Chien|50\/100|[from] Ingrain\n|-damage|p1a: Iron Moth|56\/100|[from] Leech Seed|[of] p2a: Wo-Chien\n|-heal|p2a: Wo-Chien|64\/100|[silent]\n|-damage|p1b: Flutter Mane|46\/100 tox|[from] psn\n|upkeep\n|turn|10\n|\n|t:|1683921484\n|-end|p1b: Flutter Mane|Protosynthesis|[silent]\n|switch|p1b: Scizor|Scizor, L50, M|23\/100\n|move|p2a: Wo-Chien|Protect|p2a: Wo-Chien\n|-singleturn|p2a: Wo-Chien|Protect\n|move|p1a: Iron Moth|Sludge Wave|p2a: Wo-Chien|[spread] p2b\n|-activate|p2a: Wo-Chien|move: Protect\n|-immune|p1b: Scizor\n|-damage|p2b: Blissey|85\/100\n|move|p2b: Blissey|Substitute|p2b: Blissey\n|-start|p2b: Blissey|Substitute\n|-damage|p2b: Blissey|60\/100\n|\n|-heal|p2b: Blissey|66\/100|[from] item: Leftovers\n|-heal|p2a: Wo-Chien|72\/100|[from] Ingrain\n|-damage|p1a: Iron Moth|44\/100|[from] Leech Seed|[of] p2a: Wo-Chien\n|-heal|p2a: Wo-Chien|85\/100|[silent]\n|upkeep\n|turn|11\n|inactive|Easyfro has 30 seconds left.\n|\n|t:|1683921516\n|move|p1a: Iron Moth|Heat Wave|p2a: Wo-Chien|[spread] p2a,p2b\n|-activate|p2b: Blissey|move: Substitute|[damage]\n|-resisted|p2a: Wo-Chien\n|-damage|p2a: Wo-Chien|72\/100\n|move|p1b: Scizor|Pounce|p2b: Blissey\n|-end|p2b: Blissey|Substitute\n|move|p2b: Blissey|Seismic Toss|p1b: Scizor\n|-damage|p1b: Scizor|0 fnt\n|faint|p1b: Scizor\n|move|p2a: Wo-Chien|Leech Seed||[still]\n|-fail|p2a: Wo-Chien\n|\n|-heal|p2b: Blissey|72\/100|[from] item: Leftovers\n|-heal|p2a: Wo-Chien|80\/100|[from] Ingrain\n|-damage|p1a: Iron Moth|32\/100|[from] Leech Seed|[of] p2a: Wo-Chien\n|-heal|p2a: Wo-Chien|93\/100|[silent]\n|upkeep\n|\n|t:|1683921526\n|switch|p1b: Hydreigon|Hydreigon, L50, M|100\/100\n|turn|12\n|\n|t:|1683921546\n|-terastallize|p1b: Hydreigon|Steel\n|move|p1a: Iron Moth|Sludge Wave|p2a: Wo-Chien|[spread] p2a,p2b\n|-immune|p1b: Hydreigon\n|-damage|p2a: Wo-Chien|68\/100\n|-damage|p2b: Blissey|57\/100\n|move|p1b: Hydreigon|Focus Energy|p1b: Hydreigon\n|-start|p1b: Hydreigon|move: Focus Energy\n|move|p2b: Blissey|Seismic Toss|p1b: Hydreigon\n|-damage|p1b: Hydreigon|73\/100\n|move|p2a: Wo-Chien|Leech Seed|p1b: Hydreigon|[miss]\n|-miss|p2a: Wo-Chien|p1b: Hydreigon\n|\n|-heal|p2b: Blissey|63\/100|[from] item: Leftovers\n|-heal|p2a: Wo-Chien|76\/100|[from] Ingrain\n|-damage|p1a: Iron Moth|20\/100|[from] Leech Seed|[of] p2a: Wo-Chien\n|-heal|p2a: Wo-Chien|89\/100|[silent]\n|upkeep\n|turn|13\n|\n|t:|1683921566\n|move|p1a: Iron Moth|Sludge Wave|p2b: Blissey|[spread] p2a,p2b\n|-immune|p1b: Hydreigon\n|-damage|p2a: Wo-Chien|60\/100\n|-damage|p2b: Blissey|48\/100\n|-status|p2b: Blissey|psn\n|move|p1b: Hydreigon|Heat Wave|p2b: Blissey|[spread] p2a,p2b\n|-resisted|p2a: Wo-Chien\n|-crit|p2a: Wo-Chien\n|-crit|p2b: Blissey\n|-damage|p2a: Wo-Chien|48\/100\n|-damage|p2b: Blissey|33\/100 psn\n|move|p2b: Blissey|Life Dew|p2b: Blissey|[spread] p2a,p2b\n|-heal|p2a: Wo-Chien|73\/100\n|-heal|p2b: Blissey|59\/100 psn\n|move|p2a: Wo-Chien|Leech Seed|p1b: Hydreigon\n|-start|p1b: Hydreigon|move: Leech Seed\n|\n|-heal|p2b: Blissey|65\/100 psn|[from] item: Leftovers\n|-heal|p2a: Wo-Chien|82\/100|[from] Ingrain\n|-damage|p1a: Iron Moth|8\/100|[from] Leech Seed|[of] p2a: Wo-Chien\n|-heal|p2a: Wo-Chien|95\/100|[silent]\n|-damage|p1b: Hydreigon|60\/100|[from] Leech Seed|[of] p2a: Wo-Chien\n|-heal|p2a: Wo-Chien|100\/100|[silent]\n|-damage|p2b: Blissey|52\/100 psn|[from] psn\n|upkeep\n|turn|14\n|\n|t:|1683921587\n|move|p2a: Wo-Chien|Protect|p2a: Wo-Chien\n|-singleturn|p2a: Wo-Chien|Protect\n|move|p1a: Iron Moth|Overheat|p2b: Blissey\n|-damage|p2b: Blissey|24\/100 psn\n|-unboost|p1a: Iron Moth|spa|2\n|move|p1b: Hydreigon|Draco Meteor|p2a: Wo-Chien\n|-activate|p2a: Wo-Chien|move: Protect\n|move|p2b: Blissey|Substitute|p2b: Blissey\n|-fail|p2b: Blissey|move: Substitute|[weak]\n|\n|-heal|p2b: Blissey|30\/100 psn|[from] item: Leftovers\n|-damage|p1a: Iron Moth|0 fnt|[from] Leech Seed|[of] p2a: Wo-Chien\n|faint|p1a: Iron Moth\n|-end|p1a: Iron Moth|Quark Drive|[silent]\n|-damage|p1b: Hydreigon|48\/100|[from] Leech Seed|[of] p2a: Wo-Chien\n|-damage|p2b: Blissey|18\/100 psn|[from] psn\n|upkeep\n|\n|t:|1683921594\n|switch|p1a: Flutter Mane|Flutter Mane, L50|46\/100 tox\n|turn|15\n|\n|t:|1683921615\n|move|p2b: Blissey|Protect|p2b: Blissey\n|-singleturn|p2b: Blissey|Protect\n|move|p1a: Flutter Mane|Moonblast|p2b: Blissey\n|-activate|p2b: Blissey|move: Protect\n|move|p1b: Hydreigon|Draco Meteor|p2a: Wo-Chien\n|-crit|p2a: Wo-Chien\n|-damage|p2a: Wo-Chien|36\/100\n|-unboost|p1b: Hydreigon|spa|2\n|move|p2a: Wo-Chien|Ruination|p1b: Hydreigon|[miss]\n|-miss|p2a: Wo-Chien|p1b: Hydreigon\n|\n|-heal|p2b: Blissey|24\/100 psn|[from] item: Leftovers\n|-heal|p2a: Wo-Chien|45\/100|[from] Ingrain\n|-damage|p1b: Hydreigon|36\/100|[from] Leech Seed|[of] p2a: Wo-Chien\n|-heal|p2a: Wo-Chien|60\/100|[silent]\n|-damage|p1a: Flutter Mane|39\/100 tox|[from] psn\n|-damage|p2b: Blissey|11\/100 psn|[from] psn\n|upkeep\n|turn|16\n|inactive|IceColdGhost has 30 seconds left.\n|\n|t:|1683921643\n|move|p1a: Flutter Mane|Moonblast|p2b: Blissey\n|-damage|p2b: Blissey|0 fnt\n|faint|p2b: Blissey\n|move|p1b: Hydreigon|Draco Meteor|p2a: Wo-Chien\n|-crit|p2a: Wo-Chien\n|-damage|p2a: Wo-Chien|0 fnt\n|-unboost|p1b: Hydreigon|spa|2\n|faint|p2a: Wo-Chien\n|\n|-damage|p1a: Flutter Mane|27\/100 tox|[from] psn\n|upkeep\n|\n|t:|1683921654\n|switch|p2b: Clodsire|Clodsire, L50, M|78\/100\n|turn|17\n|\n|t:|1683921671\n|move|p1a: Flutter Mane|Shadow Ball|p2b: Clodsire\n|-damage|p2b: Clodsire|58\/100\n|move|p1b: Hydreigon|Draco Meteor|p2b: Clodsire\n|-crit|p2b: Clodsire\n|-damage|p2b: Clodsire|1\/100\n|-unboost|p1b: Hydreigon|spa|2\n|move|p2b: Clodsire|Earthquake|p1a: Flutter Mane|[spread] p1a\n|-immune|p1b: Hydreigon|[from] ability: Levitate\n|-damage|p1a: Flutter Mane|0 fnt\n|faint|p1a: Flutter Mane\n|-end|p1a: Flutter Mane|Protosynthesis|[silent]\n|\n|-heal|p2b: Clodsire|7\/100|[from] item: Black Sludge\n|upkeep\n|turn|18\n|\n|t:|1683921685\n|move|p2b: Clodsire|Protect|p2b: Clodsire\n|-singleturn|p2b: Clodsire|Protect\n|move|p1b: Hydreigon|Draco Meteor|p2b: Clodsire\n|-activate|p2b: Clodsire|move: Protect\n|\n|-heal|p2b: Clodsire|13\/100|[from] item: Black Sludge\n|upkeep\n|turn|19\n|-message|IceColdGhost forfeited.\n|\n|win|Easyfro\n|raw|Easyfro's rating: 1115 → 1139<\/strong> (+24 for winning)\n|raw|IceColdGhost's rating: 1106 → 1082<\/strong> (-24 for losing)\n|l|\u2606IceColdGhost\n|c|\u2606Easyfro|You ffd after all that shit lmao\n","uploadtime":1683921728,"views":18,"p1id":"easyfro","p2id":"icecoldghost","formatid":"gen9vgc2023regulationc","rating":1082,"private":0,"password":""}