{"id":"gen9vgc2023regulationc-1850914365","p1":"Umbra Hand","p2":"OmegaAlpha01","format":"[Gen 9] VGC 2023 Regulation C","log":"|j|\u2606Umbra Hand\n|j|\u2606OmegaAlpha01\n|t:|1682381702\n|gametype|doubles\n|player|p1|Umbra Hand|janitor|1352\n|player|p2|OmegaAlpha01|rosa|1386\n|teamsize|p1|6\n|teamsize|p2|6\n|gen|9\n|tier|[Gen 9] VGC 2023 Regulation C\n|rated|\n|rule|Species Clause: Limit one of each Pok\u00e9mon\n|rule|Item Clause: Limit one of each item\n|clearpoke\n|poke|p1|Murkrow, L50, F|\n|poke|p1|Chien-Pao, L50|\n|poke|p1|Kingambit, L50, M|\n|poke|p1|Brambleghast, L50, F|\n|poke|p1|Ting-Lu, L50|\n|poke|p1|Talonflame, L50, F|\n|poke|p2|Arcanine, L50, M|\n|poke|p2|Flutter Mane, L50|\n|poke|p2|Kingambit, L50, M|\n|poke|p2|Rotom-Wash, L50|\n|poke|p2|Meowscarada, L50, M|\n|poke|p2|Maushold-Four, L50|\n|teampreview|4\n|\n|t:|1682381728\n|start\n|switch|p1a: Murkrow|Murkrow, L50, F|100\/100\n|switch|p1b: Kingambit|Kingambit, L50, M|100\/100\n|switch|p2a: Its Joever|Kingambit, L50, M|100\/100\n|switch|p2b: Cannon|Flutter Mane, L50|100\/100\n|turn|1\n|\n|t:|1682381742\n|-terastallize|p1b: Kingambit|Flying\n|move|p1a: Murkrow|Quash|p2b: Cannon\n|-activate|p2b: Cannon|move: Quash\n|move|p2a: Its Joever|Swords Dance|p2a: Its Joever\n|-boost|p2a: Its Joever|atk|2\n|move|p1b: Kingambit|Iron Head|p2b: Cannon\n|-supereffective|p2b: Cannon\n|-damage|p2b: Cannon|0 fnt\n|faint|p2b: Cannon\n|-end|p2b: Cannon|Protosynthesis|[silent]\n|\n|upkeep\n|\n|t:|1682381753\n|switch|p2b: Guantanamo|Meowscarada, L50, M|100\/100\n|turn|2\n|\n|t:|1682381768\n|-terastallize|p2a: Its Joever|Dark\n|move|p1a: Murkrow|Tailwind|p1a: Murkrow\n|-sidestart|p1: Umbra Hand|move: Tailwind\n|move|p2b: Guantanamo|Play Rough|p1a: Murkrow\n|-start|p2b: Guantanamo|typechange|Fairy|[from] ability: Protean\n|-supereffective|p1a: Murkrow\n|-enditem|p1a: Murkrow|Focus Sash\n|-damage|p1a: Murkrow|1\/100\n|move|p1b: Kingambit|Tera Blast|p2b: Guantanamo\n|-damage|p2b: Guantanamo|37\/100\n|move|p2a: Its Joever|Kowtow Cleave|p1b: Kingambit\n|-damage|p1b: Kingambit|0 fnt\n|faint|p1b: Kingambit\n|\n|upkeep\n|\n|t:|1682381788\n|switch|p1b: Chien-Pao|Chien-Pao, L50|100\/100\n|-ability|p1b: Chien-Pao|Sword of Ruin\n|-item|p1b: Chien-Pao|Air Balloon\n|turn|3\n|\n|t:|1682381799\n|move|p1b: Chien-Pao|Sacred Sword|p2a: Its Joever\n|-supereffective|p2a: Its Joever\n|-damage|p2a: Its Joever|39\/100\n|move|p1a: Murkrow|Foul Play|p2b: Guantanamo\n|-resisted|p2b: Guantanamo\n|-damage|p2b: Guantanamo|0 fnt\n|faint|p2b: Guantanamo\n|move|p2a: Its Joever|Kowtow Cleave|p1b: Chien-Pao\n|-resisted|p1b: Chien-Pao\n|-crit|p1b: Chien-Pao\n|-damage|p1b: Chien-Pao|0 fnt\n|-enditem|p1b: Chien-Pao|Air Balloon\n|faint|p1b: Chien-Pao\n|\n|upkeep\n|\n|t:|1682381811\n|switch|p1b: Ting-Lu|Ting-Lu, L50|100\/100\n|switch|p2b: I am Legend|Arcanine, L50, M|100\/100\n|-ability|p1b: Ting-Lu|Vessel of Ruin\n|-ability|p2b: I am Legend|Intimidate|boost\n|-unboost|p1a: Murkrow|atk|1\n|-unboost|p1b: Ting-Lu|atk|1\n|turn|4\n|\n|t:|1682381823\n|move|p2b: I am Legend|Extreme Speed|p1a: Murkrow\n|-damage|p1a: Murkrow|0 fnt\n|faint|p1a: Murkrow\n|move|p1b: Ting-Lu|Earthquake|p2b: I am Legend|[spread] p2a,p2b\n|-supereffective|p2b: I am Legend\n|-damage|p2a: Its Joever|9\/100\n|-damage|p2b: I am Legend|33\/100\n|-enditem|p2b: I am Legend|Sitrus Berry|[eat]\n|-heal|p2b: I am Legend|58\/100|[from] item: Sitrus Berry\n|move|p2a: Its Joever|Kowtow Cleave|p1b: Ting-Lu\n|-resisted|p1b: Ting-Lu\n|-damage|p1b: Ting-Lu|52\/100\n|\n|upkeep\n|turn|5\n|\n|t:|1682381840\n|move|p2a: Its Joever|Protect|p2a: Its Joever\n|-singleturn|p2a: Its Joever|Protect\n|move|p2b: I am Legend|Extreme Speed|p1b: Ting-Lu\n|-damage|p1b: Ting-Lu|40\/100\n|move|p1b: Ting-Lu|Earthquake|p2b: I am Legend|[spread] p2b\n|-activate|p2a: Its Joever|move: Protect\n|-supereffective|p2b: I am Legend\n|-damage|p2b: I am Legend|0 fnt\n|faint|p2b: I am Legend\n|\n|-sideend|p1: Umbra Hand|move: Tailwind\n|upkeep\n|turn|6\n|\n|t:|1682381849\n|move|p1b: Ting-Lu|Earthquake|p2a: Its Joever\n|-damage|p2a: Its Joever|0 fnt\n|faint|p2a: Its Joever\n|\n|win|Umbra Hand\n|raw|Umbra Hand's rating: 1352 → 1374<\/strong> (+22 for winning)\n|raw|OmegaAlpha01's rating: 1386 → 1364<\/strong> (-22 for losing)\n|l|\u2606Umbra Hand\n","uploadtime":1682381993,"views":7,"p1id":"umbrahand","p2id":"omegaalpha01","formatid":"gen9vgc2023regulationc","rating":1364,"private":0,"password":""}