{"id":"gen9vgc2023regulationc-1860250392","p1":"ttftftttt","p2":"TonyJazs","format":"[Gen 9] VGC 2023 Regulation C","log":"|j|\u2606ttftftttt\n|j|\u2606TonyJazs\n|t:|1683618889\n|gametype|doubles\n|player|p1|ttftftttt|1|1042\n|player|p2|TonyJazs|brawly|1088\n|teamsize|p1|6\n|teamsize|p2|6\n|gen|9\n|tier|[Gen 9] VGC 2023 Regulation C\n|rated|\n|rule|Species Clause: Limit one of each Pok\u00e9mon\n|rule|Item Clause: Limit one of each item\n|clearpoke\n|poke|p1|Iron Valiant, L50|\n|poke|p1|Skeledirge, L50, F|\n|poke|p1|Kingambit, L50, F|\n|poke|p1|Clodsire, L50, F|\n|poke|p1|Grafaiai, L50, F|\n|poke|p1|Slowking, L50, M|\n|poke|p2|Sableye, L50, F|\n|poke|p2|Magnezone, L50|\n|poke|p2|Eelektross, L50, F|\n|poke|p2|Flutter Mane, L50|\n|poke|p2|Chien-Pao, L50|\n|poke|p2|Garganacl, L50, M|\n|teampreview|4\n|inactive|Battle timer is ON: inactive players will automatically lose when time's up. (requested by TonyJazs)\n|inactive|TonyJazs has 60 seconds left.\n|\n|t:|1683618931\n|start\n|switch|p1a: Skeledirge|Skeledirge, L50, F|100\/100\n|switch|p1b: Slowking|Slowking, L50, M|100\/100\n|switch|p2a: Magnezone|Magnezone, L50, shiny|100\/100\n|switch|p2b: Garganacl|Garganacl, L50, M, shiny|100\/100\n|-item|p2a: Magnezone|Air Balloon\n|turn|1\n|inactive|TonyJazs has 30 seconds left.\n|inactive|TonyJazs has 20 seconds left.\n|inactive|TonyJazs has 15 seconds left.\n|\n|t:|1683618974\n|-terastallize|p2a: Magnezone|Flying\n|move|p1a: Skeledirge|Torch Song|p2a: Magnezone\n|-damage|p2a: Magnezone|61\/100\n|-boost|p1a: Skeledirge|spa|1\n|-enditem|p2a: Magnezone|Air Balloon\n|move|p2a: Magnezone|Flash Cannon|p1a: Skeledirge\n|-resisted|p1a: Skeledirge\n|-damage|p1a: Skeledirge|75\/100\n|move|p2b: Garganacl|Earthquake|p1a: Skeledirge|[spread] p1a,p1b\n|-immune|p2a: Magnezone\n|-supereffective|p1a: Skeledirge\n|-damage|p1a: Skeledirge|50\/100\n|-damage|p1b: Slowking|89\/100\n|move|p1b: Slowking|Chilling Water|p2b: Garganacl\n|-supereffective|p2b: Garganacl\n|-damage|p2b: Garganacl|69\/100\n|-unboost|p2b: Garganacl|atk|1\n|\n|-heal|p2b: Garganacl|74\/100|[from] item: Leftovers\n|upkeep\n|turn|2\n|\n|t:|1683618999\n|move|p1a: Skeledirge|Torch Song|p2a: Magnezone\n|-damage|p2a: Magnezone|2\/100\n|-boost|p1a: Skeledirge|spa|1\n|move|p2a: Magnezone|Thunderbolt|p1b: Slowking\n|-supereffective|p1b: Slowking\n|-damage|p1b: Slowking|0 fnt\n|faint|p1b: Slowking\n|move|p2b: Garganacl|Salt Cure|p1a: Skeledirge\n|-supereffective|p1a: Skeledirge\n|-damage|p1a: Skeledirge|32\/100\n|-start|p1a: Skeledirge|Salt Cure\n|\n|-heal|p2b: Garganacl|80\/100|[from] item: Leftovers\n|-damage|p1a: Skeledirge|19\/100|[from] Salt Cure\n|upkeep\n|\n|t:|1683619012\n|switch|p1b: Kingambit|Kingambit, L50, F|100\/100\n|turn|3\n|\n|t:|1683619021\n|move|p2a: Magnezone|Protect|p2a: Magnezone\n|-singleturn|p2a: Magnezone|Protect\n|move|p1b: Kingambit|Sucker Punch||[still]\n|-fail|p1b: Kingambit\n|move|p1a: Skeledirge|Slack Off|p1a: Skeledirge\n|-heal|p1a: Skeledirge|70\/100\n|move|p2b: Garganacl|Earthquake|p1b: Kingambit|[spread] p1a,p1b\n|-activate|p2a: Magnezone|move: Protect\n|-supereffective|p1a: Skeledirge\n|-supereffective|p1b: Kingambit\n|-damage|p1a: Skeledirge|46\/100\n|-damage|p1b: Kingambit|83\/100\n|\n|-heal|p2b: Garganacl|86\/100|[from] item: Leftovers\n|-damage|p1a: Skeledirge|34\/100|[from] Salt Cure\n|upkeep\n|turn|4\n|inactive|TonyJazs has 30 seconds left.\n|\n|t:|1683619051\n|switch|p1a: Iron Valiant|Iron Valiant, L50|100\/100\n|-enditem|p1a: Iron Valiant|Booster Energy\n|-activate|p1a: Iron Valiant|ability: Quark Drive|[fromitem]\n|-start|p1a: Iron Valiant|quarkdrivespe\n|move|p1b: Kingambit|Sucker Punch|p2a: Magnezone\n|-damage|p2a: Magnezone|0 fnt\n|faint|p2a: Magnezone\n|move|p2b: Garganacl|Earthquake|p1a: Iron Valiant|[spread] p1a,p1b\n|-supereffective|p1b: Kingambit\n|-damage|p1a: Iron Valiant|85\/100\n|-damage|p1b: Kingambit|67\/100\n|\n|-heal|p2b: Garganacl|92\/100|[from] item: Leftovers\n|upkeep\n|\n|t:|1683619065\n|switch|p2a: Eelektross|Eelektross, L50, F, shiny|100\/100\n|turn|5\n|\n|t:|1683619080\n|move|p1a: Iron Valiant|Close Combat|p2b: Garganacl\n|-supereffective|p2b: Garganacl\n|-damage|p2b: Garganacl|37\/100\n|-unboost|p1a: Iron Valiant|def|1\n|-unboost|p1a: Iron Valiant|spd|1\n|move|p1b: Kingambit|Swords Dance|p1b: Kingambit\n|-boost|p1b: Kingambit|atk|2\n|move|p2a: Eelektross|Flamethrower|p1b: Kingambit\n|-supereffective|p1b: Kingambit\n|-damage|p1b: Kingambit|11\/100\n|move|p2b: Garganacl|Salt Cure|p1a: Iron Valiant\n|-resisted|p1a: Iron Valiant\n|-damage|p1a: Iron Valiant|76\/100\n|-start|p1a: Iron Valiant|Salt Cure\n|\n|-heal|p2b: Garganacl|43\/100|[from] item: Leftovers\n|-damage|p1a: Iron Valiant|64\/100|[from] Salt Cure\n|upkeep\n|turn|6\n|\n|t:|1683619104\n|move|p2b: Garganacl|Wide Guard|p2b: Garganacl\n|-singleturn|p2b: Garganacl|Wide Guard\n|move|p1b: Kingambit|Sucker Punch|p2a: Eelektross\n|-damage|p2a: Eelektross|13\/100\n|move|p1a: Iron Valiant|Close Combat|p2b: Garganacl\n|-supereffective|p2b: Garganacl\n|-damage|p2b: Garganacl|0 fnt\n|-unboost|p1a: Iron Valiant|def|1\n|-unboost|p1a: Iron Valiant|spd|1\n|faint|p2b: Garganacl\n|move|p2a: Eelektross|Discharge|p1b: Kingambit|[spread] p1a,p1b\n|-damage|p1a: Iron Valiant|0 fnt\n|-damage|p1b: Kingambit|0 fnt\n|faint|p1a: Iron Valiant\n|-end|p1a: Iron Valiant|Quark Drive|[silent]\n|faint|p1b: Kingambit\n|\n|upkeep\n|inactive|ttftftttt has 30 seconds left.\n|inactive|ttftftttt has 20 seconds left.\n|\n|t:|1683619144\n|switch|p1b: Skeledirge|Skeledirge, L50, F|34\/100\n|switch|p2b: Flutter Mane|Flutter Mane, L50, shiny|100\/100\n|-enditem|p2b: Flutter Mane|Booster Energy\n|-activate|p2b: Flutter Mane|ability: Protosynthesis|[fromitem]\n|-start|p2b: Flutter Mane|protosynthesisspd\n|turn|7\n|\n|t:|1683619155\n|-terastallize|p1b: Skeledirge|Fire\n|move|p2b: Flutter Mane|Protect|p2b: Flutter Mane\n|-singleturn|p2b: Flutter Mane|Protect\n|move|p1b: Skeledirge|Slack Off|p1b: Skeledirge\n|-heal|p1b: Skeledirge|84\/100\n|move|p2a: Eelektross|Discharge|p1b: Skeledirge|[spread] p1b\n|-activate|p2b: Flutter Mane|move: Protect\n|-damage|p1b: Skeledirge|51\/100\n|\n|upkeep\n|turn|8\n|\n|t:|1683619172\n|move|p2b: Flutter Mane|Shadow Ball|p1b: Skeledirge\n|-damage|p1b: Skeledirge|16\/100\n|move|p1b: Skeledirge|Torch Song|p2a: Eelektross\n|-damage|p2a: Eelektross|0 fnt\n|-boost|p1b: Skeledirge|spa|1\n|faint|p2a: Eelektross\n|\n|upkeep\n|turn|9\n|\n|t:|1683619181\n|move|p2b: Flutter Mane|Shadow Ball|p1b: Skeledirge\n|-damage|p1b: Skeledirge|0 fnt\n|faint|p1b: Skeledirge\n|\n|win|TonyJazs\n|raw|ttftftttt's rating: 1042 → 1028<\/strong> (-14 for losing)\n|raw|TonyJazs's rating: 1088 → 1111<\/strong> (+23 for winning)\n|c|\u2606TonyJazs|gg\n|l|\u2606ttftftttt\n","uploadtime":1683619189,"views":4,"p1id":"ttftftttt","p2id":"tonyjazs","formatid":"gen9vgc2023regulationc","rating":1028,"private":0,"password":""}