{"id":"gen9vgc2023regulationc-1851245697","p1":"bpinela","p2":"Jjenkins","format":"[Gen 9] VGC 2023 Regulation C","log":"|j|\u2606bpinela\n|j|\u2606Jjenkins\n|t:|1682429062\n|gametype|doubles\n|player|p1|bpinela|169|\n|player|p2|Jjenkins|flannery|\n|teamsize|p1|6\n|teamsize|p2|6\n|gen|9\n|tier|[Gen 9] VGC 2023 Regulation C\n|rule|Species Clause: Limit one of each Pok\u00e9mon\n|rule|Item Clause: Limit one of each item\n|clearpoke\n|poke|p1|Annihilape, L50, M|\n|poke|p1|Maushold-Four, L50|\n|poke|p1|Azumarill, L50, F|\n|poke|p1|Flutter Mane, L50|\n|poke|p1|Chien-Pao, L50|\n|poke|p1|Dragonite, L50, M|\n|poke|p2|Lilligant, L50, F|\n|poke|p2|Torkoal, L50, F|\n|poke|p2|Flutter Mane, L50|\n|poke|p2|Kingambit, L50, F|\n|poke|p2|Dragonite, L50, F|\n|poke|p2|Great Tusk, L50|\n|teampreview|4\n|c|\u2606bpinela|g3\nbpinela has agreed to open team sheets.\n|inactive|Battle timer is ON: inactive players will automatically lose when time's up. (requested by Jjenkins)\n|inactiveoff|Battle timer is now OFF.\nJjenkins has agreed to open team sheets.\n|\n|t:|1682429871\n|start\n|switch|p1a: Dragonite|Dragonite, L50, M|100\/100\n|switch|p1b: Maushold|Maushold-Four, L50|100\/100\n|switch|p2a: Lilligant|Lilligant, L50, F, shiny|100\/100\n|switch|p2b: Torkoal|Torkoal, L50, F, shiny|100\/100\n|-weather|SunnyDay|[from] ability: Drought|[of] p2b: Torkoal\n|turn|1\n|\n|t:|1682429896\n|-terastallize|p1a: Dragonite|Flying\n|-terastallize|p2b: Torkoal|Fire\n|move|p1b: Maushold|Protect|p1b: Maushold\n|-singleturn|p1b: Maushold|Protect\n|move|p2a: Lilligant|After You|p2b: Torkoal\n|-activate|p2b: Torkoal|move: After You\n|move|p2b: Torkoal|Eruption|p1b: Maushold|[spread] p1a\n|-activate|p1b: Maushold|move: Protect\n|-damage|p1a: Dragonite|63\/100\n|move|p1a: Dragonite|Tera Blast|p2a: Lilligant\n|-supereffective|p2a: Lilligant\n|-enditem|p2a: Lilligant|Focus Sash\n|-damage|p2a: Lilligant|1\/100\n|\n|-weather|SunnyDay|[upkeep]\n|upkeep\n|turn|2\n|\n|t:|1682429932\n|switch|p2a: Flutter Mane|Flutter Mane, L50, shiny|100\/100\n|-activate|p2a: Flutter Mane|ability: Protosynthesis\n|-start|p2a: Flutter Mane|protosynthesisspa\n|move|p1a: Dragonite|Extreme Speed|p2a: Flutter Mane\n|-immune|p2a: Flutter Mane\n|move|p1b: Maushold|Super Fang|p2b: Torkoal\n|-damage|p2b: Torkoal|51\/100\n|move|p2b: Torkoal|Eruption|p1a: Dragonite|[spread] p1a,p1b\n|-crit|p1b: Maushold\n|-damage|p1a: Dragonite|20\/100\n|-damage|p1b: Maushold|0 fnt\n|faint|p1b: Maushold\n|\n|-weather|SunnyDay|[upkeep]\n|upkeep\n|\n|t:|1682429959\n|switch|p1b: Flutter Mane|Flutter Mane, L50|100\/100\n|-activate|p1b: Flutter Mane|ability: Protosynthesis\n|-start|p1b: Flutter Mane|protosynthesisspe\n|turn|3\n|\n|t:|1682429974\n|-end|p2a: Flutter Mane|Protosynthesis|[silent]\n|switch|p2a: Lilligant|Lilligant, L50, F, shiny|1\/100\n|move|p2b: Torkoal|Protect|p2b: Torkoal\n|-singleturn|p2b: Torkoal|Protect\n|move|p1b: Flutter Mane|Shadow Ball|p2b: Torkoal\n|-activate|p2b: Torkoal|move: Protect\n|move|p1a: Dragonite|Stomping Tantrum|p2b: Torkoal\n|-activate|p2b: Torkoal|move: Protect\n|\n|-weather|SunnyDay|[upkeep]\n|upkeep\n|turn|4\n|\n|t:|1682429991\n|move|p1a: Dragonite|Extreme Speed|p2a: Lilligant\n|-damage|p2a: Lilligant|0 fnt\n|faint|p2a: Lilligant\n|move|p1b: Flutter Mane|Shadow Ball|p2b: Torkoal\n|-damage|p2b: Torkoal|0 fnt\n|faint|p2b: Torkoal\n|\n|-weather|SunnyDay|[upkeep]\n|upkeep\n|\n|t:|1682430001\n|switch|p2a: Flutter Mane|Flutter Mane, L50, shiny|100\/100\n|switch|p2b: Dragonite|Dragonite, L50, F|100\/100\n|-activate|p2a: Flutter Mane|ability: Protosynthesis\n|-start|p2a: Flutter Mane|protosynthesisspa\n|turn|5\n|\n|t:|1682430091\n|switch|p1a: Annihilape|Annihilape, L50, M|100\/100\n|move|p1b: Flutter Mane|Protect|p1b: Flutter Mane\n|-singleturn|p1b: Flutter Mane|Protect\n|move|p2b: Dragonite|Extreme Speed|p1a: Annihilape\n|-immune|p1a: Annihilape\n|move|p2a: Flutter Mane|Moonblast|p1b: Flutter Mane\n|-activate|p1b: Flutter Mane|move: Protect\n|\n|-weather|none\n|-end|p1b: Flutter Mane|Protosynthesis\n|-end|p2a: Flutter Mane|Protosynthesis\n|upkeep\n|-enditem|p1b: Flutter Mane|Booster Energy\n|-activate|p1b: Flutter Mane|ability: Protosynthesis|[fromitem]\n|-start|p1b: Flutter Mane|protosynthesisspe\n|turn|6\n|\n|t:|1682430147\n|move|p1a: Annihilape|Protect|p1a: Annihilape\n|-singleturn|p1a: Annihilape|Protect\n|move|p1b: Flutter Mane|Shadow Ball|p2a: Flutter Mane\n|-supereffective|p2a: Flutter Mane\n|-damage|p2a: Flutter Mane|13\/100\n|move|p2a: Flutter Mane|Moonblast|p1b: Flutter Mane\n|-damage|p1b: Flutter Mane|13\/100\n|-unboost|p1b: Flutter Mane|spa|1\n|move|p2b: Dragonite|Dragon Claw|p1a: Annihilape\n|-activate|p1a: Annihilape|move: Protect\n|\n|upkeep\n|turn|7\n|\n|t:|1682430172\n|move|p1b: Flutter Mane|Shadow Ball|p2a: Flutter Mane\n|-supereffective|p2a: Flutter Mane\n|-damage|p2a: Flutter Mane|0 fnt\n|faint|p2a: Flutter Mane\n|-end|p2a: Flutter Mane|Protosynthesis|[silent]\n|move|p1a: Annihilape|Bulk Up|p1a: Annihilape\n|-boost|p1a: Annihilape|atk|1\n|-boost|p1a: Annihilape|def|1\n|move|p2b: Dragonite|Ice Spinner|p1b: Flutter Mane\n|-damage|p1b: Flutter Mane|0 fnt\n|faint|p1b: Flutter Mane\n|-end|p1b: Flutter Mane|Protosynthesis|[silent]\n|-damage|p2b: Dragonite|91\/100|[from] item: Life Orb\n|\n|upkeep\n|\n|t:|1682430180\n|switch|p1b: Dragonite|Dragonite, L50, M, tera:Flying|20\/100\n|turn|8\n|\n|t:|1682430191\n|move|p2b: Dragonite|Protect|p2b: Dragonite\n|-singleturn|p2b: Dragonite|Protect\n|move|p1b: Dragonite|Extreme Speed|p2b: Dragonite\n|-activate|p2b: Dragonite|move: Protect\n|move|p1a: Annihilape|Bulk Up|p1a: Annihilape\n|-boost|p1a: Annihilape|atk|1\n|-boost|p1a: Annihilape|def|1\n|\n|upkeep\n|turn|9\n|\n|t:|1682430211\n|move|p2b: Dragonite|Extreme Speed|p1b: Dragonite\n|-damage|p1b: Dragonite|0 fnt\n|faint|p1b: Dragonite\n|-damage|p2b: Dragonite|81\/100|[from] item: Life Orb\n|move|p1a: Annihilape|Bulk Up|p1a: Annihilape\n|-boost|p1a: Annihilape|atk|1\n|-boost|p1a: Annihilape|def|1\n|\n|upkeep\n|turn|10\n|\n|t:|1682430222\n|move|p1a: Annihilape|Rage Fist|p2b: Dragonite\n|-damage|p2b: Dragonite|26\/100\n|move|p2b: Dragonite|Dragon Claw|p1a: Annihilape\n|-crit|p1a: Annihilape\n|-damage|p1a: Annihilape|18\/100\n|-damage|p2b: Dragonite|16\/100|[from] item: Life Orb\n|\n|-heal|p1a: Annihilape|24\/100|[from] item: Leftovers\n|upkeep\n|turn|11\n|\n|t:|1682430238\n|move|p2b: Dragonite|Protect|p2b: Dragonite\n|-singleturn|p2b: Dragonite|Protect\n|move|p1a: Annihilape|Rage Fist|p2b: Dragonite\n|-activate|p2b: Dragonite|move: Protect\n|\n|-heal|p1a: Annihilape|30\/100|[from] item: Leftovers\n|upkeep\n|turn|12\n|\n|t:|1682430248\n|move|p1a: Annihilape|Protect|p1a: Annihilape\n|-singleturn|p1a: Annihilape|Protect\n|move|p2b: Dragonite|Dragon Claw|p1a: Annihilape\n|-activate|p1a: Annihilape|move: Protect\n|\n|-heal|p1a: Annihilape|36\/100|[from] item: Leftovers\n|upkeep\n|turn|13\n|\n|t:|1682430258\n|move|p1a: Annihilape|Rage Fist|p2b: Dragonite\n|-damage|p2b: Dragonite|0 fnt\n|faint|p2b: Dragonite\n|\n|win|bpinela\n|c|\u2606bpinela|gg\n|l|\u2606Jjenkins\n","uploadtime":1682430383,"views":9,"p1id":"bpinela","p2id":"jjenkins","formatid":"gen9vgc2023regulationc","rating":0,"private":0,"password":""}