{"id":"gen9vgc2023regulationc-1863716995","p1":"fhhdhdhshs","p2":"Gutsalg","format":"[Gen 9] VGC 2023 Regulation C","log":"|j|\u2606fhhdhdhshs\n|j|\u2606Gutsalg\n|t:|1684066151\n|gametype|doubles\n|player|p1|fhhdhdhshs|caitlin|1046\n|player|p2|Gutsalg|2|1143\n|teamsize|p1|6\n|teamsize|p2|6\n|gen|9\n|tier|[Gen 9] VGC 2023 Regulation C\n|rated|\n|rule|Species Clause: Limit one of each Pok\u00e9mon\n|rule|Item Clause: Limit one of each item\n|clearpoke\n|poke|p1|Pelipper, L50, F|\n|poke|p1|Palafin, L50, M|\n|poke|p1|Flutter Mane, L50|\n|poke|p1|Kingambit, L50, F|\n|poke|p1|Baxcalibur, L50, F|\n|poke|p1|Amoonguss, L50, F|\n|poke|p2|Flutter Mane, L50|\n|poke|p2|Torkoal, L50, M|\n|poke|p2|Chien-Pao, L50|\n|poke|p2|Jumpluff, L50, M|\n|poke|p2|Great Tusk, L50|\n|poke|p2|Kingambit, L50, F|\n|teampreview|4\n|\n|t:|1684066185\n|start\n|switch|p1a: Flatter Main|Flutter Mane, L50|100\/100\n|switch|p1b: Mermaid Man|Palafin, L50, M|100\/100\n|switch|p2a: Jumpluff|Jumpluff, L50, M|100\/100\n|switch|p2b: Torkoal|Torkoal, L50, M|100\/100\n|-weather|SunnyDay|[from] ability: Drought|[of] p2b: Torkoal\n|-activate|p1a: Flatter Main|ability: Protosynthesis\n|-start|p1a: Flatter Main|protosynthesisspa\n|turn|1\n|\n|t:|1684066203\n|detailschange|p1b: Mermaid Man|Palafin-Hero, L50, M\n|switch|p1b: Harry Kane|Pelipper, L50, F|100\/100\n|-weather|RainDance|[from] ability: Drizzle|[of] p1b: Harry Kane\n|-end|p1a: Flatter Main|Protosynthesis\n|move|p1a: Flatter Main|Shadow Ball|p2a: Jumpluff\n|-damage|p2a: Jumpluff|32\/100\n|move|p2a: Jumpluff|Sleep Powder|p1a: Flatter Main|[miss]\n|-miss|p2a: Jumpluff|p1a: Flatter Main\n|move|p2b: Torkoal|Overheat|p1b: Harry Kane\n|-resisted|p1b: Harry Kane\n|-damage|p1b: Harry Kane|76\/100\n|-unboost|p2b: Torkoal|spa|2\n|-enditem|p2b: Torkoal|Eject Pack\n|inactive|Battle timer is ON: inactive players will automatically lose when time's up. (requested by fhhdhdhshs)\n|\n|t:|1684066225\n|switch|p2b: Chien-Pao|Chien-Pao, L50|100\/100\n|-ability|p2b: Chien-Pao|Sword of Ruin\n|\n|-weather|RainDance|[upkeep]\n|upkeep\n|turn|2\n|\n|t:|1684066240\n|switch|p2b: Torkoal|Torkoal, L50, M|100\/100\n|-weather|SunnyDay|[from] ability: Drought|[of] p2b: Torkoal\n|-activate|p1a: Flatter Main|ability: Protosynthesis\n|-start|p1a: Flatter Main|protosynthesisspa\n|-end|p1a: Flatter Main|Protosynthesis|[silent]\n|switch|p1a: TheOnePieceIsReal|Kingambit, L50, F|100\/100\n|move|p2a: Jumpluff|Tailwind|p2a: Jumpluff\n|-sidestart|p2: Gutsalg|move: Tailwind\n|move|p1b: Harry Kane|Tailwind|p1b: Harry Kane\n|-sidestart|p1: fhhdhdhshs|move: Tailwind\n|\n|-weather|SunnyDay|[upkeep]\n|upkeep\n|turn|3\n|inactive|Gutsalg has 30 seconds left.\n|inactive|fhhdhdhshs has 30 seconds left.\n|\n|t:|1684066270\n|switch|p1b: Flatter Main|Flutter Mane, L50|100\/100\n|-activate|p1b: Flatter Main|ability: Protosynthesis\n|-start|p1b: Flatter Main|protosynthesisspa\n|switch|p1a: Mermaid Man|Palafin-Hero, L50, M|100\/100\n|-activate|p1a: Mermaid Man|ability: Zero to Hero\n|move|p2a: Jumpluff|Giga Drain|p1b: Flatter Main\n|-damage|p1b: Flatter Main|80\/100\n|-heal|p2a: Jumpluff|41\/100|[from] drain|[of] p1b: Flatter Main\n|move|p2b: Torkoal|Overheat|p1a: Mermaid Man\n|-resisted|p1a: Mermaid Man\n|-damage|p1a: Mermaid Man|60\/100\n|-unboost|p2b: Torkoal|spa|2\n|\n|-weather|SunnyDay|[upkeep]\n|upkeep\n|turn|4\n|inactive|Gutsalg has 30 seconds left.\n|\n|t:|1684066301\n|switch|p1a: Harry Kane|Pelipper, L50, F|76\/100\n|-weather|RainDance|[from] ability: Drizzle|[of] p1a: Harry Kane\n|-end|p1b: Flatter Main|Protosynthesis\n|move|p1b: Flatter Main|Dazzling Gleam|p2b: Torkoal|[spread] p2a,p2b\n|-resisted|p2b: Torkoal\n|-damage|p2a: Jumpluff|0 fnt\n|-damage|p2b: Torkoal|68\/100\n|faint|p2a: Jumpluff\n|move|p2b: Torkoal|Eruption|p1a: Harry Kane|[spread] p1a,p1b\n|-resisted|p1a: Harry Kane\n|-damage|p1a: Harry Kane|69\/100\n|-damage|p1b: Flatter Main|73\/100\n|\n|-weather|RainDance|[upkeep]\n|upkeep\n|\n|t:|1684066318\n|switch|p2a: Flutter Mane|Flutter Mane, L50|100\/100\n|turn|5\n|\n|t:|1684066329\n|-end|p1b: Flatter Main|Protosynthesis|[silent]\n|switch|p1b: TheOnePieceIsReal|Kingambit, L50, F|100\/100\n|switch|p1a: Mermaid Man|Palafin-Hero, L50, M|60\/100\n|switch|p2b: Chien-Pao|Chien-Pao, L50|100\/100\n|-ability|p2b: Chien-Pao|Sword of Ruin\n|move|p2a: Flutter Mane|Thunderbolt|p1a: Mermaid Man\n|-supereffective|p1a: Mermaid Man\n|-damage|p1a: Mermaid Man|0 fnt\n|faint|p1a: Mermaid Man\n|\n|-weather|RainDance|[upkeep]\n|-sideend|p1: fhhdhdhshs|move: Tailwind\n|-sideend|p2: Gutsalg|move: Tailwind\n|upkeep\n|inactive|fhhdhdhshs has 30 seconds left.\n|inactive|fhhdhdhshs has 20 seconds left.\n|inactive|fhhdhdhshs has 15 seconds left.\n|\n|t:|1684066371\n|switch|p1a: Harry Kane|Pelipper, L50, F|69\/100\n|turn|6\n|\n|t:|1684066395\n|move|p2b: Chien-Pao|Protect|p2b: Chien-Pao\n|-singleturn|p2b: Chien-Pao|Protect\n|move|p1a: Harry Kane|Protect|p1a: Harry Kane\n|-singleturn|p1a: Harry Kane|Protect\n|move|p2a: Flutter Mane|Thunderbolt|p1a: Harry Kane\n|-activate|p1a: Harry Kane|move: Protect\n|move|p1b: TheOnePieceIsReal|Iron Head|p2a: Flutter Mane\n|-supereffective|p2a: Flutter Mane\n|-damage|p2a: Flutter Mane|0 fnt\n|faint|p2a: Flutter Mane\n|-end|p2a: Flutter Mane|Protosynthesis|[silent]\n|\n|-weather|RainDance|[upkeep]\n|upkeep\n|\n|t:|1684066410\n|switch|p2a: Torkoal|Torkoal, L50, M|68\/100\n|-weather|SunnyDay|[from] ability: Drought|[of] p2a: Torkoal\n|turn|7\n|\n|t:|1684066422\n|move|p1b: TheOnePieceIsReal|Sucker Punch|p2b: Chien-Pao\n|-resisted|p2b: Chien-Pao\n|-damage|p2b: Chien-Pao|73\/100\n|move|p2b: Chien-Pao|Sacred Sword|p1b: TheOnePieceIsReal\n|-supereffective|p1b: TheOnePieceIsReal\n|-damage|p1b: TheOnePieceIsReal|0 fnt\n|faint|p1b: TheOnePieceIsReal\n|move|p1a: Harry Kane|Tailwind|p1a: Harry Kane\n|-sidestart|p1: fhhdhdhshs|move: Tailwind\n|move|p2a: Torkoal|Eruption|p1a: Harry Kane\n|-resisted|p1a: Harry Kane\n|-damage|p1a: Harry Kane|12\/100\n|\n|-weather|SunnyDay|[upkeep]\n|upkeep\n|\n|t:|1684066434\n|switch|p1b: Flatter Main|Flutter Mane, L50|73\/100\n|-activate|p1b: Flatter Main|ability: Protosynthesis\n|-start|p1b: Flatter Main|protosynthesisspa\n|turn|8\n|\n|t:|1684066452\n|-terastallize|p1b: Flatter Main|Fairy\n|move|p2b: Chien-Pao|Sucker Punch|p1b: Flatter Main\n|-resisted|p1b: Flatter Main\n|-damage|p1b: Flatter Main|36\/100\n|move|p1b: Flatter Main|Dazzling Gleam|p2a: Torkoal|[spread] p2a,p2b\n|-resisted|p2a: Torkoal\n|-supereffective|p2b: Chien-Pao\n|-damage|p2a: Torkoal|13\/100\n|-damage|p2b: Chien-Pao|0 fnt\n|faint|p2b: Chien-Pao\n|move|p1a: Harry Kane|Hydro Pump|p2a: Torkoal|[miss]\n|-miss|p1a: Harry Kane|p2a: Torkoal\n|move|p2a: Torkoal|Eruption|p1a: Harry Kane|[spread] p1a,p1b\n|-resisted|p1a: Harry Kane\n|-damage|p1a: Harry Kane|3\/100\n|-damage|p1b: Flatter Main|27\/100\n|\n|-weather|SunnyDay|[upkeep]\n|upkeep\n|turn|9\n|\n|t:|1684066473\n|move|p1b: Flatter Main|Dazzling Gleam|p2a: Torkoal\n|-resisted|p2a: Torkoal\n|-damage|p2a: Torkoal|0 fnt\n|faint|p2a: Torkoal\n|\n|win|fhhdhdhshs\n|raw|fhhdhdhshs's rating: 1046 → 1088<\/strong> (+42 for winning)\n|raw|Gutsalg's rating: 1143 → 1111<\/strong> (-32 for losing)\n||Ladder isn't responding, score probably updated but might not have (Request timeout).\n","uploadtime":1684066632,"views":13,"p1id":"fhhdhdhshs","p2id":"gutsalg","formatid":"gen9vgc2023regulationc","rating":1088,"private":0,"password":""}