{"id":"gen9vgc2023regulationc-1852180280","p1":"Mama_isabella","p2":"yukssmurf","format":"[Gen 9] VGC 2023 Regulation C","log":"|j|\u2606Mama_isabella\n|j|\u2606yukssmurf\n|t:|1682530746\n|gametype|doubles\n|player|p1|Mama_isabella|265|1040\n|player|p2|yukssmurf|101|1043\n|teamsize|p1|6\n|teamsize|p2|6\n|gen|9\n|tier|[Gen 9] VGC 2023 Regulation C\n|rated|\n|rule|Species Clause: Limit one of each Pok\u00e9mon\n|rule|Item Clause: Limit one of each item\n|clearpoke\n|poke|p1|Mudsdale, L50, F|\n|poke|p1|Revavroom, L50, F|\n|poke|p1|Sylveon, L50, F|\n|poke|p1|Azumarill, L50, F|\n|poke|p1|Arboliva, L50, M|\n|poke|p1|Meowscarada, L50, M|\n|poke|p2|Baxcalibur, L50, M|\n|poke|p2|Palafin, L50, F|\n|poke|p2|Arcanine, L50, M|\n|poke|p2|Flutter Mane, L50|\n|poke|p2|Ting-Lu, L50|\n|poke|p2|Amoonguss, L50, F|\n|teampreview|4\nyukssmurf rejected open team sheets.\n|inactive|Battle timer is ON: inactive players will automatically lose when time's up. (requested by Mama_isabella)\n|\n|t:|1682530793\n|start\n|switch|p1a: Meowscarada|Meowscarada, L50, M|100\/100\n|switch|p1b: Arboliva|Arboliva, L50, M|100\/100\n|switch|p2a: Baxcalibur|Baxcalibur, L50, M|100\/100\n|switch|p2b: Arcanine|Arcanine, L50, M|100\/100\n|-ability|p2b: Arcanine|Intimidate|boost\n|-unboost|p1a: Meowscarada|atk|1\n|-unboost|p1b: Arboliva|atk|1\n|turn|1\n|\n|t:|1682530807\n|switch|p1a: Azumarill|Azumarill, L50, F|100\/100\n|-terastallize|p1b: Arboliva|Ground\n|move|p2b: Arcanine|Protect|p2b: Arcanine\n|-singleturn|p2b: Arcanine|Protect\n|move|p2a: Baxcalibur|Protect|p2a: Baxcalibur\n|-singleturn|p2a: Baxcalibur|Protect\n|move|p1b: Arboliva|Earth Power|p2b: Arcanine\n|-activate|p2b: Arcanine|move: Protect\n|\n|upkeep\n|turn|2\n|\n|t:|1682530828\n|switch|p2b: Amoonguss|Amoonguss, L50, F|100\/100\n|-terastallize|p2a: Baxcalibur|Poison\n|move|p1b: Arboliva|Protect|p1b: Arboliva\n|-singleturn|p1b: Arboliva|Protect\n|move|p2a: Baxcalibur|Dragon Dance|p2a: Baxcalibur\n|-boost|p2a: Baxcalibur|atk|1\n|-boost|p2a: Baxcalibur|spe|1\n|move|p1a: Azumarill|Play Rough|p2a: Baxcalibur\n|-resisted|p2a: Baxcalibur\n|-damage|p2a: Baxcalibur|74\/100\n|\n|upkeep\n|turn|3\n|inactive|yukssmurf has 30 seconds left.\n|\n|t:|1682530854\n|switch|p2b: Arcanine|Arcanine, L50, M|100\/100\n|-ability|p2b: Arcanine|Intimidate|boost\n|-unboost|p1a: Azumarill|atk|1\n|-unboost|p1b: Arboliva|atk|1\n|move|p2a: Baxcalibur|Glaive Rush|p1b: Arboliva\n|-damage|p1b: Arboliva|0 fnt\n|-singlemove|p2a: Baxcalibur|Glaive Rush|[silent]\n|-fieldstart|move: Grassy Terrain|[from] ability: Seed Sower|[of] p1b: Arboliva\n|faint|p1b: Arboliva\n|move|p1a: Azumarill|Liquidation|p2a: Baxcalibur\n|-damage|p2a: Baxcalibur|0 fnt\n|faint|p2a: Baxcalibur\n|\n|upkeep\n|\n|t:|1682530873\n|switch|p2a: Amoonguss|Amoonguss, L50, F|100\/100\n|switch|p1b: Meowscarada|Meowscarada, L50, M|100\/100\n|turn|4\n|\n|t:|1682530880\n|move|p2b: Arcanine|Protect|p2b: Arcanine\n|-singleturn|p2b: Arcanine|Protect\n|move|p2a: Amoonguss|Protect|p2a: Amoonguss\n|-singleturn|p2a: Amoonguss|Protect\n|move|p1a: Azumarill|Aqua Jet|p2b: Arcanine\n|-activate|p2b: Arcanine|move: Protect\n|move|p1b: Meowscarada|Knock Off|p2b: Arcanine\n|-start|p1b: Meowscarada|typechange|Dark|[from] ability: Protean\n|-activate|p2b: Arcanine|move: Protect\n|\n|upkeep\n|turn|5\n|\n|t:|1682530901\n|switch|p1b: Sylveon|Sylveon, L50, F|100\/100\n|move|p2b: Arcanine|Will-O-Wisp|p1b: Sylveon\n|-status|p1b: Sylveon|brn\n|move|p1a: Azumarill|Liquidation|p2b: Arcanine\n|-supereffective|p2b: Arcanine\n|-damage|p2b: Arcanine|24\/100\n|-unboost|p2b: Arcanine|def|1\n|-enditem|p2b: Arcanine|Figy Berry|[eat]\n|-heal|p2b: Arcanine|57\/100|[from] item: Figy Berry\n|move|p2a: Amoonguss|Spore|p1a: Azumarill\n|-status|p1a: Azumarill|slp|[from] move: Spore\n|\n|-heal|p2b: Arcanine|63\/100|[from] Grassy Terrain\n|-damage|p1b: Sylveon|95\/100 brn|[from] brn\n|upkeep\n|turn|6\n|inactive|yukssmurf has 30 seconds left.\n|\n|t:|1682530927\n|move|p2b: Arcanine|Snarl|p1b: Sylveon|[spread] p1a,p1b\n|-resisted|p1a: Azumarill\n|-resisted|p1b: Sylveon\n|-damage|p1a: Azumarill|96\/100 slp\n|-damage|p1b: Sylveon|92\/100 brn\n|-unboost|p1a: Azumarill|spa|1\n|-unboost|p1b: Sylveon|spa|1\n|move|p1b: Sylveon|Hyper Voice|p2b: Arcanine|[spread] p2a,p2b\n|-resisted|p2a: Amoonguss\n|-resisted|p2b: Arcanine\n|-damage|p2a: Amoonguss|88\/100\n|-damage|p2b: Arcanine|47\/100\n|-enditem|p1b: Sylveon|Throat Spray\n|-boost|p1b: Sylveon|spa|1|[from] item: Throat Spray\n|cant|p1a: Azumarill|slp\n|move|p2a: Amoonguss|Leaf Storm|p1a: Azumarill\n|-supereffective|p1a: Azumarill\n|-damage|p1a: Azumarill|0 fnt\n|-unboost|p2a: Amoonguss|spa|2\n|faint|p1a: Azumarill\n|\n|-heal|p2b: Arcanine|53\/100|[from] Grassy Terrain\n|-heal|p1b: Sylveon|98\/100 brn|[from] Grassy Terrain\n|-heal|p2a: Amoonguss|94\/100|[from] Grassy Terrain\n|-damage|p1b: Sylveon|92\/100 brn|[from] brn\n|upkeep\n|\n|t:|1682530952\n|switch|p1a: Meowscarada|Meowscarada, L50, M|100\/100\n|turn|7\n|\n|t:|1682530971\n|move|p2b: Arcanine|Protect|p2b: Arcanine\n|-singleturn|p2b: Arcanine|Protect\n|move|p2a: Amoonguss|Protect|p2a: Amoonguss\n|-singleturn|p2a: Amoonguss|Protect\n|move|p1a: Meowscarada|Knock Off|p2a: Amoonguss\n|-start|p1a: Meowscarada|typechange|Dark|[from] ability: Protean\n|-activate|p2a: Amoonguss|move: Protect\n|move|p1b: Sylveon|Hyper Voice|p2b: Arcanine|[spread] \n|-activate|p2a: Amoonguss|move: Protect\n|-activate|p2b: Arcanine|move: Protect\n|\n|-heal|p2b: Arcanine|59\/100|[from] Grassy Terrain\n|-heal|p1b: Sylveon|98\/100 brn|[from] Grassy Terrain\n|-heal|p2a: Amoonguss|99\/100|[from] Grassy Terrain\n|-damage|p1b: Sylveon|92\/100 brn|[from] brn\n|-fieldend|move: Grassy Terrain\n|upkeep\n|turn|8\n|\n|t:|1682530993\n|move|p1a: Meowscarada|Knock Off|p2a: Amoonguss\n|-damage|p2a: Amoonguss|52\/100\n|-enditem|p2a: Amoonguss|Sitrus Berry|[from] move: Knock Off|[of] p1a: Meowscarada\n|move|p2b: Arcanine|Snarl|p1b: Sylveon|[spread] p1a\n|-miss|p2b: Arcanine|p1b: Sylveon\n|-resisted|p1a: Meowscarada\n|-damage|p1a: Meowscarada|93\/100\n|-unboost|p1a: Meowscarada|spa|1\n|move|p1b: Sylveon|Tera Blast|p2a: Amoonguss\n|-resisted|p2a: Amoonguss\n|-damage|p2a: Amoonguss|31\/100\n|move|p2a: Amoonguss|Spore|p1a: Meowscarada\n|-status|p1a: Meowscarada|slp|[from] move: Spore\n|\n|-damage|p1b: Sylveon|86\/100 brn|[from] brn\n|upkeep\n|turn|9\n|l|\u2606Mama_isabella\n|inactive|Mama_isabella disconnected and has a minute to reconnect!\n|player|p1|\n|j|\u2606Mama_isabella\n|inactive|Mama_isabella reconnected and has 35 seconds left.\n|player|p1|Mama_isabella|265\n|inactive|Mama_isabella has 30 seconds left.\n|inactive|Mama_isabella has 20 seconds left.\n|inactive|Mama_isabella has 15 seconds left.\n|l|\u2606Mama_isabella\n|inactive|Mama_isabella disconnected and has a minute to reconnect!\n|player|p1|\n|inactive|Mama_isabella has 10 seconds left.\n|inactive|Mama_isabella has 5 seconds left.\n|-message|Mama_isabella lost due to inactivity.\n|\n|win|yukssmurf\n|raw|Mama_isabella's rating: 1040 → 1024<\/strong> (-16 for losing)\n|raw|yukssmurf's rating: 1043 → 1076<\/strong> (+33 for winning)\n","uploadtime":1682531077,"views":12,"p1id":"mamaisabella","p2id":"yukssmurf","formatid":"gen9vgc2023regulationc","rating":1024,"private":0,"password":""}