{"id":"gen9vgc2023regulationc-1862272440","p1":"rubyrosemary","p2":"thrillcorner","format":"[Gen 9] VGC 2023 Regulation C","log":"|j|\u2606rubyrosemary\n|j|\u2606thrillcorner\n|t:|1683858002\n|gametype|doubles\n|player|p1|rubyrosemary|1|1293\n|player|p2|thrillcorner|red-masters2|1333\n|teamsize|p1|6\n|teamsize|p2|6\n|gen|9\n|tier|[Gen 9] VGC 2023 Regulation C\n|rated|\n|rule|Species Clause: Limit one of each Pok\u00e9mon\n|rule|Item Clause: Limit one of each item\n|clearpoke\n|poke|p1|Palafin, L50, F|\n|poke|p1|Arcanine, L50, F|\n|poke|p1|Amoonguss, L50, M|\n|poke|p1|Flutter Mane, L50|\n|poke|p1|Annihilape, L50, M|\n|poke|p1|Ting-Lu, L50|\n|poke|p2|Arcanine, L50, F|\n|poke|p2|Amoonguss, L50, F|\n|poke|p2|Flutter Mane, L50|\n|poke|p2|Kingambit, L50, M|\n|poke|p2|Iron Bundle, L50|\n|poke|p2|Baxcalibur, L50, F|\n|teampreview|4\n|inactive|Battle timer is ON: inactive players will automatically lose when time's up. (requested by rubyrosemary)\nthrillcorner has agreed to open team sheets.\nrubyrosemary has agreed to open team sheets.\n|inactive|rubyrosemary has 60 seconds left.\n|inactive|thrillcorner has 60 seconds left.\n|inactive|thrillcorner has 30 seconds left.\n|inactive|thrillcorner has 20 seconds left.\n|inactive|thrillcorner has 15 seconds left.\n|inactive|thrillcorner has 10 seconds left.\n|\n|t:|1683858085\n|start\n|switch|p1a: Annihilape|Annihilape, L50, M|100\/100\n|switch|p1b: Ting-Lu|Ting-Lu, L50|100\/100\n|switch|p2a: Iron Bundle|Iron Bundle, L50|100\/100\n|switch|p2b: Willow|Flutter Mane, L50|100\/100\n|-ability|p1b: Ting-Lu|Vessel of Ruin\n|-enditem|p2a: Iron Bundle|Booster Energy\n|-activate|p2a: Iron Bundle|ability: Quark Drive|[fromitem]\n|-start|p2a: Iron Bundle|quarkdrivespe\n|turn|1\n|inactive|rubyrosemary has 30 seconds left.\n|inactive|thrillcorner has 30 seconds left.\n|inactive|rubyrosemary has 20 seconds left.\n|inactive|thrillcorner has 20 seconds left.\n|inactive|rubyrosemary has 15 seconds left.\n|inactive|thrillcorner has 15 seconds left.\n|inactive|rubyrosemary has 10 seconds left.\n|inactive|thrillcorner has 10 seconds left.\n|inactive|rubyrosemary has 5 seconds left.\n|\n|t:|1683858137\n|-end|p2b: Willow|Protosynthesis|[silent]\n|switch|p2b: Spordyceps|Amoonguss, L50, F|100\/100\n|-terastallize|p1b: Ting-Lu|Poison\n|move|p1a: Annihilape|Protect|p1a: Annihilape\n|-singleturn|p1a: Annihilape|Protect\n|move|p2a: Iron Bundle|Freeze-Dry|p1b: Ting-Lu\n|-damage|p1b: Ting-Lu|88\/100\n|move|p1b: Ting-Lu|Heavy Slam|p2b: Spordyceps\n|-damage|p2b: Spordyceps|71\/100\n|\n|upkeep\n|turn|2\n|\n|t:|1683858154\n|switch|p1a: Amoonguss|Amoonguss, L50, M|100\/100\n|move|p2a: Iron Bundle|Protect|p2a: Iron Bundle\n|-singleturn|p2a: Iron Bundle|Protect\n|move|p1b: Ting-Lu|Rock Slide|p2b: Spordyceps|[spread] p2b\n|-activate|p2a: Iron Bundle|move: Protect\n|-damage|p2b: Spordyceps|57\/100\n|move|p2b: Spordyceps|Spore|p1a: Amoonguss\n|-immune|p1a: Amoonguss\n|\n|upkeep\n|turn|3\n|inactive|rubyrosemary has 30 seconds left.\n|\n|t:|1683858184\n|move|p2a: Iron Bundle|Freeze-Dry|p1a: Amoonguss\n|-supereffective|p1a: Amoonguss\n|-damage|p1a: Amoonguss|53\/100\n|move|p1b: Ting-Lu|Ruination|p2b: Spordyceps\n|-damage|p2b: Spordyceps|29\/100\n|-enditem|p2b: Spordyceps|Sitrus Berry|[eat]\n|-heal|p2b: Spordyceps|54\/100|[from] item: Sitrus Berry\n|move|p2b: Spordyceps|Spore|p1b: Ting-Lu\n|-status|p1b: Ting-Lu|slp|[from] move: Spore\n|move|p1a: Amoonguss|Spore|p2a: Iron Bundle\n|-status|p2a: Iron Bundle|slp|[from] move: Spore\n|\n|upkeep\n|turn|4\n|inactive|thrillcorner has 30 seconds left.\n|\n|t:|1683858211\n|switch|p1a: Flutter Mane|Flutter Mane, L50|100\/100\n|-enditem|p1a: Flutter Mane|Booster Energy\n|-activate|p1a: Flutter Mane|ability: Protosynthesis|[fromitem]\n|-start|p1a: Flutter Mane|protosynthesisspa\n|cant|p2a: Iron Bundle|slp\n|cant|p1b: Ting-Lu|slp\n|move|p2b: Spordyceps|Spore|p1a: Flutter Mane\n|-status|p1a: Flutter Mane|slp|[from] move: Spore\n|\n|upkeep\n|turn|5\n|\n|t:|1683858233\n|switch|p2b: Willow|Flutter Mane, L50|100\/100\n|cant|p2a: Iron Bundle|slp\n|cant|p1a: Flutter Mane|slp\n|cant|p1b: Ting-Lu|slp\n|\n|upkeep\n|turn|6\n|\n|t:|1683858252\n|-end|p1a: Flutter Mane|Protosynthesis|[silent]\n|switch|p1a: Amoonguss|Amoonguss, L50, M|86\/100\n|-curestatus|p2a: Iron Bundle|slp|[msg]\n|move|p2a: Iron Bundle|Icy Wind|p1a: Amoonguss|[spread] p1a,p1b\n|-supereffective|p1a: Amoonguss\n|-damage|p1a: Amoonguss|56\/100\n|-damage|p1b: Ting-Lu|80\/100 slp\n|-unboost|p1a: Amoonguss|spe|1\n|-unboost|p1b: Ting-Lu|spe|1\n|move|p2b: Willow|Shadow Ball|p1a: Amoonguss\n|-damage|p1a: Amoonguss|16\/100\n|-enditem|p1a: Amoonguss|Sitrus Berry|[eat]\n|-heal|p1a: Amoonguss|41\/100|[from] item: Sitrus Berry\n|-curestatus|p1b: Ting-Lu|slp|[msg]\n|move|p1b: Ting-Lu|Heavy Slam|p2b: Willow\n|-supereffective|p2b: Willow\n|-damage|p2b: Willow|0 fnt\n|faint|p2b: Willow\n|-end|p2b: Willow|Protosynthesis|[silent]\n|\n|upkeep\n|\n|t:|1683858273\n|switch|p2b: Baxcalibur|Baxcalibur, L50, F|100\/100\n|turn|7\n|\n|t:|1683858293\n|switch|p1a: Annihilape|Annihilape, L50, M|100\/100\n|move|p2a: Iron Bundle|Protect|p2a: Iron Bundle\n|-singleturn|p2a: Iron Bundle|Protect\n|move|p2b: Baxcalibur|Earthquake|p1b: Ting-Lu|[spread] p1a,p1b\n|-activate|p2a: Iron Bundle|move: Protect\n|-supereffective|p1b: Ting-Lu\n|-damage|p1a: Annihilape|73\/100\n|-damage|p1b: Ting-Lu|47\/100\n|move|p1b: Ting-Lu|Ruination|p2b: Baxcalibur\n|-damage|p2b: Baxcalibur|50\/100\n|\n|-heal|p1a: Annihilape|79\/100|[from] item: Leftovers\n|upkeep\n|turn|8\n|inactive|rubyrosemary has 30 seconds left.\n|inactive|thrillcorner has 30 seconds left.\n|\n|t:|1683858326\n|move|p2a: Iron Bundle|Icy Wind|p1a: Annihilape|[spread] p1a,p1b\n|-damage|p1a: Annihilape|66\/100\n|-damage|p1b: Ting-Lu|39\/100\n|-unboost|p1a: Annihilape|spe|1\n|-ability|p1a: Annihilape|Defiant|boost\n|-boost|p1a: Annihilape|atk|2\n|-unboost|p1b: Ting-Lu|spe|1\n|move|p2b: Baxcalibur|Glaive Rush|p1a: Annihilape\n|-damage|p1a: Annihilape|3\/100\n|-singlemove|p2b: Baxcalibur|Glaive Rush|[silent]\n|move|p1a: Annihilape|Bulk Up|p1a: Annihilape\n|-boost|p1a: Annihilape|atk|1\n|-boost|p1a: Annihilape|def|1\n|move|p1b: Ting-Lu|Rock Slide|p2a: Iron Bundle|[spread] p2a,p2b\n|-supereffective|p2a: Iron Bundle\n|-supereffective|p2b: Baxcalibur\n|-damage|p2a: Iron Bundle|57\/100\n|-damage|p2b: Baxcalibur|0 fnt\n|faint|p2b: Baxcalibur\n|\n|-heal|p1a: Annihilape|9\/100|[from] item: Leftovers\n|upkeep\n|\n|t:|1683858343\n|switch|p2b: Spordyceps|Amoonguss, L50, F|87\/100\n|turn|9\n|\n|t:|1683858362\n|move|p1a: Annihilape|Protect|p1a: Annihilape\n|-singleturn|p1a: Annihilape|Protect\n|move|p2a: Iron Bundle|Freeze-Dry|p1a: Annihilape\n|-activate|p1a: Annihilape|move: Protect\n|move|p2b: Spordyceps|Spore|p1b: Ting-Lu\n|-status|p1b: Ting-Lu|slp|[from] move: Spore\n|cant|p1b: Ting-Lu|slp\n|\n|-heal|p1a: Annihilape|15\/100|[from] item: Leftovers\n|upkeep\n|turn|10\n|inactive|rubyrosemary has 30 seconds left.\n|\n|t:|1683858388\n|move|p2a: Iron Bundle|Freeze-Dry|p1a: Annihilape\n|-damage|p1a: Annihilape|0 fnt\n|faint|p1a: Annihilape\n|move|p2b: Spordyceps|Pollen Puff|p2a: Iron Bundle\n|-heal|p2a: Iron Bundle|100\/100\n|cant|p1b: Ting-Lu|slp\n|\n|upkeep\n|\n|t:|1683858395\n|switch|p1a: Flutter Mane|Flutter Mane, L50|100\/100 slp\n|turn|11\n|\n|t:|1683858407\n|move|p2b: Spordyceps|Rage Powder|p2b: Spordyceps\n|-singleturn|p2b: Spordyceps|move: Rage Powder\n|move|p2a: Iron Bundle|Hydro Pump|p1b: Ting-Lu\n|-damage|p1b: Ting-Lu|21\/100 slp\n|cant|p1a: Flutter Mane|slp\n|cant|p1b: Ting-Lu|slp\n|\n|upkeep\n|turn|12\n|\n|t:|1683858428\n|move|p2b: Spordyceps|Rage Powder|p2b: Spordyceps\n|-singleturn|p2b: Spordyceps|move: Rage Powder\n|move|p2a: Iron Bundle|Hydro Pump|p1a: Flutter Mane\n|-damage|p1a: Flutter Mane|64\/100 slp\n|cant|p1a: Flutter Mane|slp\n|-curestatus|p1b: Ting-Lu|slp|[msg]\n|move|p1b: Ting-Lu|Ruination|p2b: Spordyceps\n|-damage|p2b: Spordyceps|44\/100\n|\n|upkeep\n|turn|13\n|inactive|thrillcorner has 30 seconds left.\n|\n|t:|1683858456\n|move|p2a: Iron Bundle|Hydro Pump|p1a: Flutter Mane\n|-damage|p1a: Flutter Mane|30\/100 slp\n|-curestatus|p1a: Flutter Mane|slp|[msg]\n|move|p1a: Flutter Mane|Dazzling Gleam|p2b: Spordyceps|[spread] p2a,p2b\n|-resisted|p2b: Spordyceps\n|-crit|p2b: Spordyceps\n|-damage|p2a: Iron Bundle|52\/100\n|-damage|p2b: Spordyceps|28\/100\n|move|p2b: Spordyceps|Pollen Puff|p2a: Iron Bundle\n|-heal|p2a: Iron Bundle|100\/100\n|move|p1b: Ting-Lu|Rock Slide|p2b: Spordyceps|[spread] p2a\n|-miss|p1b: Ting-Lu|p2b: Spordyceps\n|-supereffective|p2a: Iron Bundle\n|-damage|p2a: Iron Bundle|57\/100\n|\n|upkeep\n|turn|14\n|inactive|rubyrosemary has 30 seconds left.\n|inactive|thrillcorner has 30 seconds left.\n|\n|t:|1683858490\n|switch|p1b: Amoonguss|Amoonguss, L50, M|74\/100\n|move|p1a: Flutter Mane|Protect|p1a: Flutter Mane\n|-singleturn|p1a: Flutter Mane|Protect\n|move|p2a: Iron Bundle|Hydro Pump|p1a: Flutter Mane\n|-activate|p1a: Flutter Mane|move: Protect\n|move|p2b: Spordyceps|Pollen Puff|p2a: Iron Bundle\n|-heal|p2a: Iron Bundle|100\/100\n|\n|upkeep\n|turn|15\n|\n|t:|1683858505\n|move|p2a: Iron Bundle|Protect|p2a: Iron Bundle\n|-singleturn|p2a: Iron Bundle|Protect\n|move|p1b: Amoonguss|Rage Powder|p1b: Amoonguss\n|-singleturn|p1b: Amoonguss|move: Rage Powder\n|move|p1a: Flutter Mane|Shadow Ball|p2b: Spordyceps\n|-damage|p2b: Spordyceps|0 fnt\n|faint|p2b: Spordyceps\n|\n|upkeep\n|turn|16\n|\n|t:|1683858524\n|move|p1b: Amoonguss|Rage Powder|p1b: Amoonguss\n|-singleturn|p1b: Amoonguss|move: Rage Powder\n|move|p2a: Iron Bundle|Hydro Pump|p1b: Amoonguss\n|-resisted|p1b: Amoonguss\n|-damage|p1b: Amoonguss|51\/100\n|move|p1a: Flutter Mane|Shadow Ball|p2a: Iron Bundle\n|-damage|p2a: Iron Bundle|13\/100\n|\n|upkeep\n|turn|17\n|c|\u2606thrillcorner|gg\n|c|\u2606rubyrosemary|gg\n|-message|thrillcorner forfeited.\n|\n|win|rubyrosemary\n|raw|rubyrosemary's rating: 1293 → 1321<\/strong> (+28 for winning)\n|raw|thrillcorner's rating: 1333 → 1311<\/strong> (-22 for losing)\n","uploadtime":1683858538,"views":45,"p1id":"rubyrosemary","p2id":"thrillcorner","formatid":"gen9vgc2023regulationc","rating":1311,"private":0,"password":""}