{"id":"gen9vgc2023regulationc-1854921577","p1":"PedroSalvat","p2":"pu1t","format":"[Gen 9] VGC 2023 Regulation C","log":"|j|\u2606PedroSalvat\n|j|\u2606pu1t\n|t:|1682881007\n|gametype|doubles\n|player|p1|PedroSalvat|266|1203\n|player|p2|pu1t|zinzolin|1272\n|teamsize|p1|6\n|teamsize|p2|6\n|gen|9\n|tier|[Gen 9] VGC 2023 Regulation C\n|rated|\n|rule|Species Clause: Limit one of each Pok\u00e9mon\n|rule|Item Clause: Limit one of each item\n|clearpoke\n|poke|p1|Chi-Yu, L50|\n|poke|p1|Flutter Mane, L50|\n|poke|p1|Iron Bundle, L50|\n|poke|p1|Annihilape, L50, M|\n|poke|p1|Talonflame, L50, F|\n|poke|p1|Gastrodon, L50, M|\n|poke|p2|Flutter Mane, L50|\n|poke|p2|Baxcalibur, L50, F|\n|poke|p2|Arcanine, L50, F|\n|poke|p2|Palafin, L50, M|\n|poke|p2|Amoonguss, L50, M|\n|poke|p2|Ting-Lu, L50|\n|teampreview|4\n|inactive|Battle timer is ON: inactive players will automatically lose when time's up. (requested by PedroSalvat)\n|inactive|PedroSalvat has 60 seconds left.\n|\n|t:|1682881048\n|start\n|switch|p1a: Annihilape|Annihilape, L50, M|100\/100\n|switch|p1b: Iron Bundle|Iron Bundle, L50, shiny|100\/100\n|switch|p2a: Baxcalibur|Baxcalibur, L50, F|100\/100\n|switch|p2b: Flutter Mane|Flutter Mane, L50|100\/100\n|-enditem|p1b: Iron Bundle|Booster Energy\n|-activate|p1b: Iron Bundle|ability: Quark Drive|[fromitem]\n|-start|p1b: Iron Bundle|quarkdrivespe\n|turn|1\n|inactive|PedroSalvat has 30 seconds left.\n|inactive|pu1t has 30 seconds left.\n|\n|t:|1682881082\n|-terastallize|p2a: Baxcalibur|Poison\n|-terastallize|p1a: Annihilape|Fire\n|move|p1b: Iron Bundle|Icy Wind|p2b: Flutter Mane|[spread] p2a,p2b\n|-crit|p2b: Flutter Mane\n|-damage|p2a: Baxcalibur|81\/100\n|-damage|p2b: Flutter Mane|73\/100\n|-unboost|p2b: Flutter Mane|spe|1\n|move|p2a: Baxcalibur|Glaive Rush|p1b: Iron Bundle\n|-damage|p1b: Iron Bundle|17\/100\n|-singlemove|p2a: Baxcalibur|Glaive Rush|[silent]\n|move|p1a: Annihilape|Bulk Up|p1a: Annihilape\n|-boost|p1a: Annihilape|atk|1\n|-boost|p1a: Annihilape|def|1\n|move|p2b: Flutter Mane|Dazzling Gleam|p1b: Iron Bundle|[spread] p1a,p1b\n|-resisted|p1a: Annihilape\n|-damage|p1a: Annihilape|82\/100\n|-damage|p1b: Iron Bundle|0 fnt\n|faint|p1b: Iron Bundle\n|-end|p1b: Iron Bundle|Quark Drive|[silent]\n|\n|-heal|p1a: Annihilape|88\/100|[from] item: Leftovers\n|upkeep\n|inactive|PedroSalvat has 30 seconds left.\n|\n|t:|1682881108\n|switch|p1b: Talonflame|Talonflame, L50, F|100\/100\n|turn|2\n|inactive|PedroSalvat has 30 seconds left.\n|inactive|PedroSalvat has 20 seconds left.\n|\n|t:|1682881144\n|-end|p2b: Flutter Mane|Protosynthesis|[silent]\n|switch|p2b: Amoonguss|Amoonguss, L50, M|100\/100\n|move|p2a: Baxcalibur|Protect|p2a: Baxcalibur\n|-singleturn|p2a: Baxcalibur|Protect\n|move|p1b: Talonflame|Tailwind|p1b: Talonflame\n|-sidestart|p1: PedroSalvat|move: Tailwind\n|move|p1a: Annihilape|Rage Fist|p2b: Amoonguss\n|-damage|p2b: Amoonguss|45\/100\n|-enditem|p2b: Amoonguss|Sitrus Berry|[eat]\n|-heal|p2b: Amoonguss|70\/100|[from] item: Sitrus Berry\n|\n|-heal|p1a: Annihilape|94\/100|[from] item: Leftovers\n|upkeep\n|turn|3\n|inactive|PedroSalvat has 30 seconds left.\n|\n|t:|1682881177\n|move|p1b: Talonflame|Brave Bird|p2b: Amoonguss\n|-supereffective|p2b: Amoonguss\n|-crit|p2b: Amoonguss\n|-damage|p2b: Amoonguss|0 fnt\n|faint|p2b: Amoonguss\n|-damage|p1b: Talonflame|72\/100|[from] Recoil\n|move|p1a: Annihilape|Bulk Up|p1a: Annihilape\n|-boost|p1a: Annihilape|atk|1\n|-boost|p1a: Annihilape|def|1\n|move|p2a: Baxcalibur|Glaive Rush|p1b: Talonflame\n|-damage|p1b: Talonflame|0 fnt\n|-singlemove|p2a: Baxcalibur|Glaive Rush|[silent]\n|faint|p1b: Talonflame\n|\n|-heal|p1a: Annihilape|100\/100|[from] item: Leftovers\n|upkeep\n|\n|t:|1682881199\n|switch|p1b: Gastrodon|Gastrodon, L50, M|100\/100\n|switch|p2b: Ting-Lu|Ting-Lu, L50|100\/100\n|-ability|p2b: Ting-Lu|Vessel of Ruin\n|turn|4\n|\n|t:|1682881216\n|move|p1a: Annihilape|Drain Punch|p2b: Ting-Lu\n|-supereffective|p2b: Ting-Lu\n|-damage|p2b: Ting-Lu|26\/100\n|move|p2a: Baxcalibur|Glaive Rush|p1b: Gastrodon\n|-damage|p1b: Gastrodon|45\/100\n|-singlemove|p2a: Baxcalibur|Glaive Rush|[silent]\n|-enditem|p1b: Gastrodon|Sitrus Berry|[eat]\n|-heal|p1b: Gastrodon|70\/100|[from] item: Sitrus Berry\n|move|p1b: Gastrodon|Ice Beam|p2b: Ting-Lu\n|-supereffective|p2b: Ting-Lu\n|-damage|p2b: Ting-Lu|14\/100\n|move|p2b: Ting-Lu|Ruination|p1a: Annihilape\n|-damage|p1a: Annihilape|50\/100\n|\n|-heal|p1a: Annihilape|57\/100|[from] item: Leftovers\n|upkeep\n|turn|5\n|inactive|pu1t has 30 seconds left.\n|inactive|PedroSalvat has 30 seconds left.\n|\n|t:|1682881256\n|move|p1a: Annihilape|Rage Fist|p2a: Baxcalibur\n|-damage|p2a: Baxcalibur|0 fnt\n|faint|p2a: Baxcalibur\n|move|p1b: Gastrodon|Earth Power|p2b: Ting-Lu\n|-crit|p2b: Ting-Lu\n|-damage|p2b: Ting-Lu|0 fnt\n|faint|p2b: Ting-Lu\n|\n|-heal|p1a: Annihilape|63\/100|[from] item: Leftovers\n|-sideend|p1: PedroSalvat|move: Tailwind\n|upkeep\n|\n|t:|1682881261\n|switch|p2b: Flutter Mane|Flutter Mane, L50|73\/100\n|turn|6\n|\n|t:|1682881275\n|move|p1a: Annihilape|Protect|p1a: Annihilape\n|-singleturn|p1a: Annihilape|Protect\n|move|p2b: Flutter Mane|Shadow Ball|p1a: Annihilape\n|-activate|p1a: Annihilape|move: Protect\n|move|p1b: Gastrodon|Earth Power|p2b: Flutter Mane\n|-damage|p2b: Flutter Mane|48\/100\n|\n|-heal|p1a: Annihilape|69\/100|[from] item: Leftovers\n|upkeep\n|turn|7\n|\n|t:|1682881291\n|move|p2b: Flutter Mane|Shadow Ball|p1a: Annihilape\n|-damage|p1a: Annihilape|14\/100\n|move|p1a: Annihilape|Rage Fist|p2b: Flutter Mane\n|-supereffective|p2b: Flutter Mane\n|-damage|p2b: Flutter Mane|0 fnt\n|faint|p2b: Flutter Mane\n|-end|p2b: Flutter Mane|Protosynthesis|[silent]\n|\n|win|PedroSalvat\n|raw|PedroSalvat's rating: 1203 → 1233<\/strong> (+30 for winning)\n|raw|pu1t's rating: 1272 → 1242<\/strong> (-30 for losing)\n|l|\u2606pu1t\n|l|\u2606PedroSalvat\n|j|\u2606PedroSalvat\n|player|p1|PedroSalvat|266\n","uploadtime":1682881707,"views":14,"p1id":"pedrosalvat","p2id":"pu1t","formatid":"gen9vgc2023regulationc","rating":1233,"private":0,"password":""}