{"id":"gen9vgc2023regulationc-1852750474","p1":"TJRaynes","p2":"FunneeMonkee","format":"[Gen 9] VGC 2023 Regulation C","log":"|j|\u2606TJRaynes\n|j|\u2606FunneeMonkee\n|t:|1682603029\n|gametype|doubles\n|player|p1|TJRaynes|marley|\n|player|p2|FunneeMonkee|lisia|\n|teamsize|p1|6\n|teamsize|p2|6\n|gen|9\n|tier|[Gen 9] VGC 2023 Regulation C\n|rated|Tournament battle\n|rule|Species Clause: Limit one of each Pok\u00e9mon\n|rule|Item Clause: Limit one of each item\n|clearpoke\n|poke|p1|Talonflame, L50, M|\n|poke|p1|Garchomp, L50, F|\n|poke|p1|Pachirisu, L50, F|\n|poke|p1|Gyarados, L50, M|\n|poke|p1|Breloom, L50, M|\n|poke|p1|Bronzong, L50|\n|poke|p2|Maushold, L50|\n|poke|p2|Annihilape, L50, F|\n|poke|p2|Glimmora, L50, F|\n|poke|p2|Flutter Mane, L50|\n|poke|p2|Wo-Chien, L50|\n|poke|p2|Iron Bundle, L50|\n|teampreview|4\n|raw| Open Team Sheet for TJRaynes<\/summary>Talonflame @ Covert Cloak Ability: Gale Wings Level: 50 Tera Type: Fire - Tailwind - Protect - Will-O-Wisp - Flare Blitz Garchomp @ Lum Berry Ability: Rough Skin Level: 50 Tera Type: Ground - Earthquake - Rock Slide - Stomping Tantrum - Swords Dance Pachirisu @ Sitrus Berry Ability: Volt Absorb Level: 50 Tera Type: Flying - Follow Me - Helping Hand - Nuzzle - Encore Gyarados @ Mental Herb Ability: Intimidate Level: 50 Tera Type: Water - Helping Hand - Protect - Taunt - Waterfall Breloom @ Life Orb Ability: Technician Level: 50 Tera Type: Grass - Bullet Seed - Spore - Mach Punch - Protect Bronzong @ Leftovers Ability: Levitate Level: 50 Tera Type: Steel - Iron Defense - Body Press - Gyro Ball - Protect <\/details><\/div> Open Team Sheet for FunneeMonkee<\/summary>Maushold @ Safety Goggles Ability: Friend Guard Level: 50 Shiny: Yes Tera Type: Ghost - Follow Me - Beat Up - Super Fang - Protect Annihilape @ Sitrus Berry Ability: Defiant Level: 50 Shiny: Yes Tera Type: Fire - Drain Punch - Rage Fist - Bulk Up - Protect Glimmora @ Assault Vest Ability: Toxic Debris Level: 50 Tera Type: Grass - Mortal Spin - Power Gem - Earth Power - Sludge Bomb The (Flutter Mane) @ Choice Specs Ability: Protosynthesis Level: 50 Shiny: Yes Tera Type: Water - Dazzling Gleam - Moonblast - Shadow Ball - Thunderbolt Wo-Chien @ Leftovers Ability: Tablets of Ruin Level: 50 Tera Type: Poison - Ruination - Pollen Puff - Leech Seed - Protect Iron Bundle @ Booster Energy Ability: Quark Drive Level: 50 Shiny: Yes Tera Type: Ghost - Hydro Pump - Freeze-Dry - Icy Wind - Protect <\/details><\/div>\n|j| ROBERT5239423942\n|j| adsheesh\n|c|\u2606TJRaynes|glhf\n|c|\u2606FunneeMonkee|u2\n|j| XD VIRGO\n|c| adsheesh|hello\n|j| 17th Sylveon\n|c| adsheesh|lets hope someone does not disconect\n|c| ROBERT5239423942|LOL\n|c| ROBERT5239423942|HAHAHAHAAHAH\n|c| ROBERT5239423942|that was super funny\n|c| adsheesh|ikr\n|\n|t:|1682603083\n|start\n|switch|p1a: Talonflame|Talonflame, L50, M|100\/100\n|switch|p1b: Pachirisu|Pachirisu, L50, F|100\/100\n|switch|p2a: Maushold|Maushold, L50, shiny|100\/100\n|switch|p2b: Glimmora|Glimmora, L50, F|100\/100\n|turn|1\n|\n|t:|1682603107\n|move|p1a: Talonflame|Protect|p1a: Talonflame\n|-singleturn|p1a: Talonflame|Protect\n|move|p1b: Pachirisu|Nuzzle|p2a: Maushold\n|-damage|p2a: Maushold|97\/100\n|-status|p2a: Maushold|par\n|move|p2b: Glimmora|Power Gem|p1a: Talonflame\n|-activate|p1a: Talonflame|move: Protect\n|move|p2a: Maushold|Super Fang|p1b: Pachirisu\n|-damage|p1b: Pachirisu|50\/100\n|-enditem|p1b: Pachirisu|Sitrus Berry|[eat]\n|-heal|p1b: Pachirisu|75\/100|[from] item: Sitrus Berry\n|\n|upkeep\n|turn|2\n|c| adsheesh|ok are both of you going to be annoying?\n|\n|t:|1682603137\n|move|p1b: Pachirisu|Follow Me|p1b: Pachirisu\n|-singleturn|p1b: Pachirisu|move: Follow Me\n|cant|p2a: Maushold|par\n|move|p1a: Talonflame|Flare Blitz|p2a: Maushold\n|-damage|p2a: Maushold|47\/100 par\n|-damage|p1a: Talonflame|81\/100|[from] Recoil\n|move|p2b: Glimmora|Earth Power|p1b: Pachirisu\n|-supereffective|p1b: Pachirisu\n|-damage|p1b: Pachirisu|0 fnt\n|faint|p1b: Pachirisu\n|\n|upkeep\n|\n|t:|1682603149\n|switch|p1b: Bronzong|Bronzong, L50|100\/100\n|turn|3\n|\n|t:|1682603164\n|switch|p2b: Annihilape|Annihilape, L50, F, shiny|100\/100\n|move|p1a: Talonflame|Flare Blitz|p2a: Maushold\n|-damage|p2a: Maushold|0 fnt\n|faint|p2a: Maushold\n|-damage|p1a: Talonflame|63\/100|[from] Recoil\n|move|p1b: Bronzong|Iron Defense|p1b: Bronzong\n|-boost|p1b: Bronzong|def|2\n|\n|upkeep\n|\n|t:|1682603174\n|switch|p2a: Glimmora|Glimmora, L50, F|100\/100\n|turn|4\n|\n|t:|1682603198\n|-terastallize|p2b: Annihilape|Fire\n|move|p1a: Talonflame|Tailwind|p1a: Talonflame\n|-sidestart|p1: TJRaynes|move: Tailwind\n|move|p2b: Annihilape|Bulk Up|p2b: Annihilape\n|-boost|p2b: Annihilape|atk|1\n|-boost|p2b: Annihilape|def|1\n|move|p2a: Glimmora|Power Gem|p1a: Talonflame\n|-supereffective|p1a: Talonflame\n|-damage|p1a: Talonflame|0 fnt\n|faint|p1a: Talonflame\n|move|p1b: Bronzong|Iron Defense|p1b: Bronzong\n|-boost|p1b: Bronzong|def|2\n|\n|upkeep\n|\n|t:|1682603207\n|switch|p1a: Breloom|Breloom, L50, M|100\/100\n|turn|5\n|j| RichBoyXoyd2\n|\n|t:|1682603235\n|move|p1a: Breloom|Spore|p2b: Annihilape\n|-status|p2b: Annihilape|slp|[from] move: Spore\n|cant|p2b: Annihilape|slp\n|move|p2a: Glimmora|Sludge Bomb|p1a: Breloom\n|-supereffective|p1a: Breloom\n|-damage|p1a: Breloom|0 fnt\n|faint|p1a: Breloom\n|move|p1b: Bronzong|Iron Defense|p1b: Bronzong\n|-boost|p1b: Bronzong|def|2\n|\n|upkeep\n|turn|6\n|\n|t:|1682603252\n|-curestatus|p2b: Annihilape|slp|[msg]\n|move|p2b: Annihilape|Bulk Up|p2b: Annihilape\n|-boost|p2b: Annihilape|atk|1\n|-boost|p2b: Annihilape|def|1\n|move|p2a: Glimmora|Power Gem|p1b: Bronzong\n|-resisted|p1b: Bronzong\n|-damage|p1b: Bronzong|83\/100\n|move|p1b: Bronzong|Body Press|p2b: Annihilape\n|-damage|p2b: Annihilape|46\/100\n|-enditem|p2b: Annihilape|Sitrus Berry|[eat]\n|-heal|p2b: Annihilape|71\/100|[from] item: Sitrus Berry\n|\n|-heal|p1b: Bronzong|89\/100|[from] item: Leftovers\n|upkeep\n|turn|7\n|\n|t:|1682603269\n|-terastallize|p1b: Bronzong|Steel\n|move|p2b: Annihilape|Rage Fist|p1b: Bronzong\n|-damage|p1b: Bronzong|69\/100\n|move|p2a: Glimmora|Power Gem|p1b: Bronzong\n|-resisted|p1b: Bronzong\n|-damage|p1b: Bronzong|53\/100\n|move|p1b: Bronzong|Body Press|p2b: Annihilape\n|-damage|p2b: Annihilape|12\/100\n|\n|-heal|p1b: Bronzong|59\/100|[from] item: Leftovers\n|-sideend|p1: TJRaynes|move: Tailwind\n|upkeep\n|turn|8\n|l| XD VIRGO\n|\n|t:|1682603282\n|move|p1b: Bronzong|Protect|p1b: Bronzong\n|-singleturn|p1b: Bronzong|Protect\n|move|p2b: Annihilape|Drain Punch|p1b: Bronzong\n|-activate|p1b: Bronzong|move: Protect\n|move|p2a: Glimmora|Power Gem|p1b: Bronzong\n|-activate|p1b: Bronzong|move: Protect\n|\n|-heal|p1b: Bronzong|65\/100|[from] item: Leftovers\n|upkeep\n|turn|9\n|c| ROBERT5239423942|game over\n|\n|t:|1682603292\n|move|p2b: Annihilape|Drain Punch|p1b: Bronzong\n|-supereffective|p1b: Bronzong\n|-damage|p1b: Bronzong|36\/100\n|-heal|p2b: Annihilape|25\/100|[from] drain|[of] p1b: Bronzong\n|move|p2a: Glimmora|Power Gem|p1b: Bronzong\n|-resisted|p1b: Bronzong\n|-damage|p1b: Bronzong|18\/100\n|move|p1b: Bronzong|Body Press|p2b: Annihilape\n|-damage|p2b: Annihilape|0 fnt\n|faint|p2b: Annihilape\n|\n|-heal|p1b: Bronzong|23\/100|[from] item: Leftovers\n|upkeep\n|j| XD VIRGO\n|\n|t:|1682603310\n|switch|p2b: Iron Bundle|Iron Bundle, L50, shiny|100\/100\n|-enditem|p2b: Iron Bundle|Booster Energy\n|-activate|p2b: Iron Bundle|ability: Quark Drive|[fromitem]\n|-start|p2b: Iron Bundle|quarkdrivespe\n|turn|10\n|c| adsheesh|how does glimmora do so much damage?\n|\n|t:|1682603321\n|move|p1b: Bronzong|Protect|p1b: Bronzong\n|-singleturn|p1b: Bronzong|Protect\n|move|p2b: Iron Bundle|Freeze-Dry|p1b: Bronzong\n|-activate|p1b: Bronzong|move: Protect\n|move|p2a: Glimmora|Power Gem|p1b: Bronzong\n|-activate|p1b: Bronzong|move: Protect\n|\n|-heal|p1b: Bronzong|29\/100|[from] item: Leftovers\n|upkeep\n|turn|11\n|c| ROBERT5239423942|cuz it can\n|\n|t:|1682603331\n|move|p2b: Iron Bundle|Freeze-Dry|p1b: Bronzong\n|-resisted|p1b: Bronzong\n|-damage|p1b: Bronzong|16\/100\n|move|p2a: Glimmora|Power Gem|p1b: Bronzong\n|-resisted|p1b: Bronzong\n|-damage|p1b: Bronzong|0 fnt\n|faint|p1b: Bronzong\n|\n|win|FunneeMonkee\n|n|\u2606TJRaynes|tjraynes\n|n|\u2606FunneeMonkee|funneemonkee\n|n| ROBERT5239423942|robert5239423942\n|n| adsheesh|adsheesh\n|n| 17th Sylveon|17thsylveon\n|n| RichBoyXoyd2|richboyxoyd2\n|n| XD VIRGO|xdvirgo\n","uploadtime":1682603333,"views":10,"p1id":"tjraynes","p2id":"funneemonkee","formatid":"gen9vgc2023regulationc","rating":0,"private":0,"password":""}