{"id":"gen9vgc2023regulationc-1862864315","p1":"Kiwigal","p2":"atam24","format":"[Gen 9] VGC 2023 Regulation C","log":"|j|\u2606Kiwigal\n|j|\u2606atam24\n|t:|1683930906\n|gametype|doubles\n|player|p1|Kiwigal|emma|1394\n|player|p2|atam24|102|1432\n|teamsize|p1|6\n|teamsize|p2|6\n|gen|9\n|tier|[Gen 9] VGC 2023 Regulation C\n|rated|\n|rule|Species Clause: Limit one of each Pok\u00e9mon\n|rule|Item Clause: Limit one of each item\n|clearpoke\n|poke|p1|Ting-Lu, L50|\n|poke|p1|Bronzong, L50|\n|poke|p1|Vivillon-Sandstorm, L50, M|\n|poke|p1|Dondozo, L50, M|\n|poke|p1|Abomasnow, L50, F|\n|poke|p1|Iron Bundle, L50|\n|poke|p2|Dondozo, L50, M|\n|poke|p2|Tatsugiri-Droopy, L50, F|\n|poke|p2|Glimmora, L50, F|\n|poke|p2|Chi-Yu, L50|\n|poke|p2|Flutter Mane, L50|\n|poke|p2|Dragonite, L50, F|\n|teampreview|4\n|\n|t:|1683930955\n|start\n|switch|p1a: Bronzong|Bronzong, L50|100\/100\n|switch|p1b: Ting-Lu|Ting-Lu, L50|100\/100\n|switch|p2a: Chi-Yu|Chi-Yu, L50|100\/100\n|switch|p2b: Flutter Mane|Flutter Mane, L50|100\/100\n|-ability|p2a: Chi-Yu|Beads of Ruin\n|-ability|p1b: Ting-Lu|Vessel of Ruin\n|-enditem|p2b: Flutter Mane|Booster Energy\n|-activate|p2b: Flutter Mane|ability: Protosynthesis|[fromitem]\n|-start|p2b: Flutter Mane|protosynthesisspe\n|turn|1\n|\n|t:|1683930985\n|switch|p1b: Dondozo|Dondozo, L50, M|100\/100\n|-terastallize|p2a: Chi-Yu|Water\n|-terastallize|p1a: Bronzong|Fire\n|move|p2b: Flutter Mane|Moonblast|p1b: Dondozo\n|-damage|p1b: Dondozo|57\/100\n|move|p2a: Chi-Yu|Tera Blast|p1b: Dondozo\n|-resisted|p1b: Dondozo\n|-crit|p1b: Dondozo\n|-damage|p1b: Dondozo|25\/100\n|move|p1a: Bronzong|Trick Room|p1a: Bronzong\n|-fieldstart|move: Trick Room|[of] p1a: Bronzong\n|\n|-heal|p1b: Dondozo|31\/100|[from] item: Leftovers\n|upkeep\n|turn|2\n|\n|t:|1683931021\n|switch|p1a: Abomasnow|Abomasnow, L50, F|100\/100\n|-weather|Snow|[from] ability: Snow Warning|[of] p1a: Abomasnow\n|-end|p2b: Flutter Mane|Protosynthesis|[silent]\n|switch|p2b: Glimmora|Glimmora, L50, F|100\/100\n|move|p1b: Dondozo|Yawn|p2a: Chi-Yu\n|-start|p2a: Chi-Yu|move: Yawn|[of] p1b: Dondozo\n|move|p2a: Chi-Yu|Dark Pulse|p1b: Dondozo\n|-damage|p1b: Dondozo|0 fnt\n|faint|p1b: Dondozo\n|\n|-weather|Snow|[upkeep]\n|upkeep\n|\n|t:|1683931046\n|switch|p1b: Ting-Lu|Ting-Lu, L50|100\/100\n|-ability|p1b: Ting-Lu|Vessel of Ruin\n|turn|3\n|\n|t:|1683931083\n|switch|p2a: Dragonite|Dragonite, L50, F|100\/100\n|switch|p2b: Flutter Mane|Flutter Mane, L50|100\/100\n|move|p1b: Ting-Lu|Earthquake|p2a: Dragonite|[spread] p1a,p2b\n|-immune|p2a: Dragonite\n|-resisted|p1a: Abomasnow\n|-damage|p1a: Abomasnow|81\/100\n|-damage|p2b: Flutter Mane|0 fnt\n|faint|p2b: Flutter Mane\n|-end|p2b: Flutter Mane|Protosynthesis|[silent]\n|move|p1a: Abomasnow|Blizzard|p2a: Dragonite\n|-supereffective|p2a: Dragonite\n|-damage|p2a: Dragonite|45\/100\n|\n|-weather|Snow|[upkeep]\n|upkeep\n|\n|t:|1683931101\n|switch|p2b: Chi-Yu|Chi-Yu, L50, tera:Water|100\/100\n|-ability|p2b: Chi-Yu|Beads of Ruin\n|turn|4\n|\n|t:|1683931136\n|move|p2b: Chi-Yu|Protect|p2b: Chi-Yu\n|-singleturn|p2b: Chi-Yu|Protect\n|move|p2a: Dragonite|Extreme Speed|p1b: Ting-Lu\n|-damage|p1b: Ting-Lu|75\/100\n|move|p1b: Ting-Lu|Earthquake|p2b: Chi-Yu|[spread] p1a\n|-activate|p2b: Chi-Yu|move: Protect\n|-immune|p2a: Dragonite\n|-resisted|p1a: Abomasnow\n|-damage|p1a: Abomasnow|61\/100\n|move|p1a: Abomasnow|Blizzard|p2a: Dragonite|[spread] p2a\n|-activate|p2b: Chi-Yu|move: Protect\n|-supereffective|p2a: Dragonite\n|-damage|p2a: Dragonite|0 fnt\n|faint|p2a: Dragonite\n|\n|-weather|Snow|[upkeep]\n|upkeep\n|\n|t:|1683931152\n|switch|p2a: Glimmora|Glimmora, L50, F|100\/100\n|turn|5\n|\n|t:|1683931168\n|move|p2b: Chi-Yu|Protect|p2b: Chi-Yu\n|-singleturn|p2b: Chi-Yu|Protect\n|move|p1b: Ting-Lu|Earthquake|p2b: Chi-Yu|[spread] p1a,p2a\n|-activate|p2b: Chi-Yu|move: Protect\n|-resisted|p1a: Abomasnow\n|-supereffective|p2a: Glimmora\n|-crit|p2a: Glimmora\n|-damage|p1a: Abomasnow|39\/100\n|-damage|p2a: Glimmora|0 fnt\n|-activate|p2a: Glimmora|ability: Toxic Debris\n|-sidestart|p1: Kiwigal|move: Toxic Spikes\n|faint|p2a: Glimmora\n|move|p1a: Abomasnow|Leaf Storm|p2b: Chi-Yu\n|-activate|p2b: Chi-Yu|move: Protect\n|\n|-weather|Snow|[upkeep]\n|-fieldend|move: Trick Room\n|upkeep\n|turn|6\n|\n|t:|1683931195\n|move|p2b: Chi-Yu|Flamethrower|p1a: Abomasnow\n|-supereffective|p1a: Abomasnow\n|-damage|p1a: Abomasnow|0 fnt\n|faint|p1a: Abomasnow\n|move|p1b: Ting-Lu|Earthquake|p2b: Chi-Yu\n|-damage|p2b: Chi-Yu|0 fnt\n|faint|p2b: Chi-Yu\n|\n|win|Kiwigal\n|raw|Kiwigal's rating: 1394 → 1416<\/strong> (+22 for winning)\n|raw|atam24's rating: 1432 → 1410<\/strong> (-22 for losing)\n|c|\u2606atam24|gg\n|l|\u2606atam24\n|c|\u2606Kiwigal|gg\n","uploadtime":1683931209,"views":19,"p1id":"kiwigal","p2id":"atam24","formatid":"gen9vgc2023regulationc","rating":1410,"private":0,"password":""}