{"id":"gen9vgc2023regulationc-1862167427","p1":"DuelLuna","p2":"Samythril","format":"[Gen 9] VGC 2023 Regulation C","log":"|j|\u2606DuelLuna\n|j|\u2606Samythril\n|t:|1683844469\n|gametype|doubles\n|player|p1|DuelLuna|caitlin|\n|player|p2|Samythril|will|\n|teamsize|p1|6\n|teamsize|p2|6\n|gen|9\n|tier|[Gen 9] VGC 2023 Regulation C\n|rule|Species Clause: Limit one of each Pok\u00e9mon\n|rule|Item Clause: Limit one of each item\n|clearpoke\n|poke|p1|Salamence, L50, M|\n|poke|p1|Sandy Shocks, L50|\n|poke|p1|Houndstone, L50, F|\n|poke|p1|Iron Moth, L50|\n|poke|p1|Bellibolt, L50, F|\n|poke|p1|Morgrem, L50, M|\n|poke|p2|Kilowattrel, L50, F|\n|poke|p2|Baxcalibur, L50, F|\n|poke|p2|Volcarona, L50, M|\n|poke|p2|Klefki, L50, F|\n|poke|p2|Great Tusk, L50|\n|poke|p2|Staraptor, L50, F|\n|teampreview|4\nSamythril rejected open team sheets.\n|c|\u2606DuelLuna|Hf\n|\n|t:|1683844507\n|start\n|switch|p1a: Morgrem|Morgrem, L50, M|100\/100\n|switch|p1b: Iron Moth|Iron Moth, L50|100\/100\n|switch|p2a: Kilowattrel|Kilowattrel, L50, F|100\/100\n|switch|p2b: Baxcalibur|Baxcalibur, L50, F|100\/100\n|turn|1\n|c|\u2606Samythril|glhf!\n|\n|t:|1683844531\n|-terastallize|p2b: Baxcalibur|Ground\n|move|p1a: Morgrem|Taunt|p2a: Kilowattrel\n|-start|p2a: Kilowattrel|move: Taunt\n|cant|p2a: Kilowattrel|move: Taunt|Tailwind\n|move|p1b: Iron Moth|Overheat|p2b: Baxcalibur\n|-damage|p2b: Baxcalibur|0 fnt\n|-unboost|p1b: Iron Moth|spa|2\n|faint|p2b: Baxcalibur\n|\n|upkeep\n|\n|t:|1683844543\n|switch|p2b: Staraptor|Staraptor, L50, F|100\/100\n|-ability|p2b: Staraptor|Intimidate|boost\n|-unboost|p1a: Morgrem|atk|1\n|-unboost|p1b: Iron Moth|atk|1\n|turn|2\n|\n|t:|1683844557\n|move|p1a: Morgrem|Reflect|p1a: Morgrem\n|-sidestart|p1: DuelLuna|Reflect\n|move|p2b: Staraptor|Brave Bird|p1b: Iron Moth\n|-damage|p1b: Iron Moth|31\/100\n|-damage|p2b: Staraptor|78\/100|[from] Recoil\n|move|p2a: Kilowattrel|Thunderbolt|p1a: Morgrem\n|-damage|p1a: Morgrem|31\/100\n|move|p1b: Iron Moth|Overheat|p2a: Kilowattrel\n|-damage|p2a: Kilowattrel|15\/100\n|-unboost|p1b: Iron Moth|spa|2\n|\n|upkeep\n|turn|3\n|\n|t:|1683844598\n|move|p1a: Morgrem|Scary Face|p2b: Staraptor\n|-unboost|p2b: Staraptor|spe|2\n|move|p2a: Kilowattrel|Thunderbolt|p1b: Iron Moth\n|-damage|p1b: Iron Moth|0 fnt\n|faint|p1b: Iron Moth\n|-end|p1b: Iron Moth|Quark Drive|[silent]\n|move|p2b: Staraptor|Brave Bird|p1a: Morgrem\n|-damage|p1a: Morgrem|0 fnt\n|faint|p1a: Morgrem\n|-damage|p2b: Staraptor|68\/100|[from] Recoil\n|\n|-end|p2a: Kilowattrel|move: Taunt\n|upkeep\n|\n|t:|1683844618\n|switch|p1b: Houndstone|Houndstone, L50, F|100\/100\n|switch|p1a: Salamence|Salamence, L50, M|100\/100\n|-ability|p1a: Salamence|Intimidate|boost\n|-unboost|p2a: Kilowattrel|atk|1\n|-unboost|p2b: Staraptor|atk|1\n|turn|4\n|\n|t:|1683844637\n|switch|p2b: Great Tusk|Great Tusk, L50|100\/100\n|move|p1b: Houndstone|Shadow Sneak|p2a: Kilowattrel\n|-damage|p2a: Kilowattrel|0 fnt\n|faint|p2a: Kilowattrel\n|move|p1a: Salamence|Dragon Pulse|p2b: Great Tusk\n|-damage|p2b: Great Tusk|45\/100\n|\n|upkeep\n|\n|t:|1683844645\n|switch|p2a: Staraptor|Staraptor, L50, F|68\/100\n|-ability|p2a: Staraptor|Intimidate|boost\n|-unboost|p1a: Salamence|atk|1\n|-unboost|p1b: Houndstone|atk|1\n|turn|5\n|\n|t:|1683844666\n|move|p2b: Great Tusk|Protect|p2b: Great Tusk\n|-singleturn|p2b: Great Tusk|Protect\n|move|p1b: Houndstone|Shadow Sneak|p2a: Staraptor\n|-immune|p2a: Staraptor\n|move|p1a: Salamence|Dragon Pulse|p2a: Staraptor\n|-damage|p2a: Staraptor|9\/100\n|move|p2a: Staraptor|Brave Bird|p1a: Salamence\n|-damage|p1a: Salamence|58\/100\n|-damage|p2a: Staraptor|0 fnt|[from] Recoil\n|faint|p2a: Staraptor\n|\n|upkeep\n|turn|6\n|c|\u2606DuelLuna|I\u2019m an idiot\n|c|\u2606Samythril|lmao\n|c|\u2606DuelLuna|Gg though\n|c|\u2606Samythril|still gg\n|c|\u2606Samythril|yeah\n|\n|t:|1683844697\n|move|p1a: Salamence|Dragon Pulse|p2b: Great Tusk\n|-damage|p2b: Great Tusk|0 fnt\n|faint|p2b: Great Tusk\n|-end|p2b: Great Tusk|Protosynthesis|[silent]\n|\n|win|DuelLuna\n","uploadtime":1683844704,"views":10,"p1id":"duelluna","p2id":"samythril","formatid":"gen9vgc2023regulationc","rating":0,"private":0,"password":""}