{"id":"gen9vgc2023regulationc-1854667740","p1":"mrbadd","p2":"borean\u83ef\u91d1","format":"[Gen 9] VGC 2023 Regulation C","log":"|j|\u2606mrbadd\n|j|\u2606borean\u83ef\u91d1\n|t:|1682846839\n|gametype|doubles\n|player|p1|mrbadd|rocker-gen1rb|1262\n|player|p2|borean\u83ef\u91d1|2|1180\n|teamsize|p1|6\n|teamsize|p2|6\n|gen|9\n|tier|[Gen 9] VGC 2023 Regulation C\n|rated|\n|rule|Species Clause: Limit one of each Pok\u00e9mon\n|rule|Item Clause: Limit one of each item\n|clearpoke\n|poke|p1|Roaring Moon, L50|\n|poke|p1|Ting-Lu, L50|\n|poke|p1|Iron Bundle, L50|\n|poke|p1|Garganacl, L50, F|\n|poke|p1|Arcanine, L50, M|\n|poke|p1|Amoonguss, L50, M|\n|poke|p2|Ting-Lu, L50|\n|poke|p2|Vivillon-Fancy, L50, F|\n|poke|p2|Iron Bundle, L50|\n|poke|p2|Abomasnow, L50, M|\n|poke|p2|Annihilape, L50, F|\n|poke|p2|Chien-Pao, L50|\n|teampreview|4\nborean\u83ef\u91d1 has agreed to open team sheets.\n|\n|t:|1682846879\n|start\n|switch|p1a: Roaring Moon|Roaring Moon, L50, shiny|100\/100\n|switch|p1b: Arcanine|Arcanine, L50, M|100\/100\n|switch|p2a: Abomasnow|Abomasnow, L50, M|100\/100\n|switch|p2b: Iron Bundle|Iron Bundle, L50|100\/100\n|-ability|p1b: Arcanine|Intimidate|boost\n|-unboost|p2a: Abomasnow|atk|1\n|-unboost|p2b: Iron Bundle|atk|1\n|-weather|Snow|[from] ability: Snow Warning|[of] p2a: Abomasnow\n|-enditem|p2b: Iron Bundle|Booster Energy\n|-activate|p2b: Iron Bundle|ability: Quark Drive|[fromitem]\n|-start|p2b: Iron Bundle|quarkdrivespe\n|-enditem|p1a: Roaring Moon|Booster Energy\n|-activate|p1a: Roaring Moon|ability: Protosynthesis|[fromitem]\n|-start|p1a: Roaring Moon|protosynthesisatk\n|turn|1\n|\n|t:|1682846918\n|-end|p1a: Roaring Moon|Protosynthesis|[silent]\n|switch|p1a: Ting-Lu|Ting-Lu, L50|100\/100\n|-ability|p1a: Ting-Lu|Vessel of Ruin\n|move|p2b: Iron Bundle|Aurora Veil|p2b: Iron Bundle\n|-sidestart|p2: borean\u83ef\u91d1|move: Aurora Veil\n|move|p1b: Arcanine|Flare Blitz|p2a: Abomasnow\n|-supereffective|p2a: Abomasnow\n|-damage|p2a: Abomasnow|0 fnt\n|faint|p2a: Abomasnow\n|-damage|p1b: Arcanine|69\/100|[from] Recoil\n|\n|-weather|Snow|[upkeep]\n|upkeep\n|\n|t:|1682846932\n|switch|p2a: Chien-Pao|Chien-Pao, L50|100\/100\n|-ability|p2a: Chien-Pao|Sword of Ruin\n|turn|2\n|\n|t:|1682846948\n|switch|p1b: Iron Bundle|Iron Bundle, L50|100\/100\n|move|p2b: Iron Bundle|Hydro Pump|p1b: Iron Bundle\n|-resisted|p1b: Iron Bundle\n|-damage|p1b: Iron Bundle|60\/100\n|move|p2a: Chien-Pao|Ice Spinner|p1a: Ting-Lu\n|-supereffective|p1a: Ting-Lu\n|-damage|p1a: Ting-Lu|45\/100\n|move|p1a: Ting-Lu|Heavy Slam|p2a: Chien-Pao\n|-supereffective|p2a: Chien-Pao\n|-damage|p2a: Chien-Pao|70\/100\n|\n|-weather|Snow|[upkeep]\n|upkeep\n|turn|3\n|\n|t:|1682846979\n|move|p2a: Chien-Pao|Sucker Punch|p1b: Iron Bundle\n|-damage|p1b: Iron Bundle|25\/100\n|move|p2b: Iron Bundle|Blizzard|p1b: Iron Bundle|[spread] p1a,p1b\n|-supereffective|p1a: Ting-Lu\n|-resisted|p1b: Iron Bundle\n|-damage|p1a: Ting-Lu|15\/100\n|-damage|p1b: Iron Bundle|11\/100\n|move|p1b: Iron Bundle|Freeze-Dry|p2b: Iron Bundle\n|-damage|p2b: Iron Bundle|76\/100\n|move|p1a: Ting-Lu|Heavy Slam|p2a: Chien-Pao\n|-supereffective|p2a: Chien-Pao\n|-damage|p2a: Chien-Pao|39\/100\n|-enditem|p2a: Chien-Pao|Sitrus Berry|[eat]\n|-heal|p2a: Chien-Pao|64\/100|[from] item: Sitrus Berry\n|\n|-weather|Snow|[upkeep]\n|upkeep\n|turn|4\n|\n|t:|1682847011\n|switch|p2a: Annihilape|Annihilape, L50, F|100\/100\n|move|p2b: Iron Bundle|Blizzard|p1b: Iron Bundle|[spread] p1a,p1b\n|-supereffective|p1a: Ting-Lu\n|-resisted|p1b: Iron Bundle\n|-damage|p1a: Ting-Lu|0 fnt\n|-damage|p1b: Iron Bundle|0 fnt\n|faint|p1a: Ting-Lu\n|faint|p1b: Iron Bundle\n|-end|p1b: Iron Bundle|Quark Drive|[silent]\n|\n|-weather|Snow|[upkeep]\n|upkeep\n|\n|t:|1682847020\n|switch|p1b: Roaring Moon|Roaring Moon, L50, shiny|100\/100\n|switch|p1a: Arcanine|Arcanine, L50, M|69\/100\n|-ability|p1a: Arcanine|Intimidate|boost\n|-unboost|p2a: Annihilape|atk|1\n|-ability|p2a: Annihilape|Defiant|boost\n|-boost|p2a: Annihilape|atk|2\n|-unboost|p2b: Iron Bundle|atk|1\n|turn|5\n|\n|t:|1682847034\n|move|p1b: Roaring Moon|Protect|p1b: Roaring Moon\n|-singleturn|p1b: Roaring Moon|Protect\n|move|p1a: Arcanine|Protect|p1a: Arcanine\n|-singleturn|p1a: Arcanine|Protect\n|move|p2b: Iron Bundle|Hydro Pump|p1a: Arcanine\n|-activate|p1a: Arcanine|move: Protect\n|move|p2a: Annihilape|Close Combat|p1b: Roaring Moon\n|-activate|p1b: Roaring Moon|move: Protect\n|\n|-weather|none\n|-sideend|p2: borean\u83ef\u91d1|move: Aurora Veil\n|upkeep\n|turn|6\n|\n|t:|1682847065\n|-terastallize|p1b: Roaring Moon|Flying\n|move|p2b: Iron Bundle|Hydro Pump|p1a: Arcanine|[miss]\n|-miss|p2b: Iron Bundle|p1a: Arcanine\n|move|p1b: Roaring Moon|Acrobatics|p2b: Iron Bundle\n|-damage|p2b: Iron Bundle|3\/100\n|move|p1a: Arcanine|Will-O-Wisp|p2a: Annihilape\n|-status|p2a: Annihilape|brn\n|move|p2a: Annihilape|Close Combat|p1b: Roaring Moon\n|-resisted|p1b: Roaring Moon\n|-damage|p1b: Roaring Moon|74\/100\n|-unboost|p2a: Annihilape|def|1\n|-unboost|p2a: Annihilape|spd|1\n|\n|-damage|p2a: Annihilape|94\/100 brn|[from] brn\n|upkeep\n|turn|7\n|\n|t:|1682847094\n|move|p2b: Iron Bundle|Protect|p2b: Iron Bundle\n|-singleturn|p2b: Iron Bundle|Protect\n|move|p1a: Arcanine|Extreme Speed|p2b: Iron Bundle\n|-activate|p2b: Iron Bundle|move: Protect\n|move|p1b: Roaring Moon|Dragon Dance|p1b: Roaring Moon\n|-boost|p1b: Roaring Moon|atk|1\n|-boost|p1b: Roaring Moon|spe|1\n|move|p2a: Annihilape|Taunt|p1a: Arcanine\n|-start|p1a: Arcanine|move: Taunt\n|\n|-damage|p2a: Annihilape|88\/100 brn|[from] brn\n|upkeep\n|turn|8\n|\n|t:|1682847114\n|move|p1a: Arcanine|Extreme Speed|p2b: Iron Bundle\n|-damage|p2b: Iron Bundle|0 fnt\n|faint|p2b: Iron Bundle\n|-end|p2b: Iron Bundle|Quark Drive|[silent]\n|move|p1b: Roaring Moon|Dragon Dance|p1b: Roaring Moon\n|-boost|p1b: Roaring Moon|atk|1\n|-boost|p1b: Roaring Moon|spe|1\n|move|p2a: Annihilape|Phantom Force||[still]\n|-prepare|p2a: Annihilape|Phantom Force\n|\n|-damage|p2a: Annihilape|82\/100 brn|[from] brn\n|upkeep\n|\n|t:|1682847122\n|switch|p2b: Chien-Pao|Chien-Pao, L50|64\/100\n|-ability|p2b: Chien-Pao|Sword of Ruin\n|turn|9\n|\n|t:|1682847136\n|-terastallize|p2b: Chien-Pao|Fire\n|move|p1b: Roaring Moon|Protect|p1b: Roaring Moon\n|-singleturn|p1b: Roaring Moon|Protect\n|move|p2b: Chien-Pao|Ice Spinner|p1b: Roaring Moon\n|-activate|p1b: Roaring Moon|move: Protect\n|move|p1a: Arcanine|Flare Blitz|p2b: Chien-Pao\n|-resisted|p2b: Chien-Pao\n|-damage|p2b: Chien-Pao|39\/100\n|-damage|p1a: Arcanine|61\/100|[from] Recoil\n|move|p2a: Annihilape|Phantom Force|p1a: Arcanine|[from]lockedmove\n|-damage|p1a: Arcanine|20\/100\n|-enditem|p1a: Arcanine|Figy Berry|[eat]\n|-heal|p1a: Arcanine|53\/100|[from] item: Figy Berry\n|\n|-damage|p2a: Annihilape|76\/100 brn|[from] brn\n|upkeep\n|turn|10\n|\n|t:|1682847157\n|move|p1a: Arcanine|Extreme Speed|p2b: Chien-Pao\n|-damage|p2b: Chien-Pao|15\/100\n|move|p1b: Roaring Moon|Acrobatics|p2a: Annihilape\n|-supereffective|p2a: Annihilape\n|-damage|p2a: Annihilape|0 fnt\n|faint|p2a: Annihilape\n|move|p2b: Chien-Pao|Ice Spinner|p1b: Roaring Moon\n|-supereffective|p1b: Roaring Moon\n|-crit|p1b: Roaring Moon\n|-damage|p1b: Roaring Moon|0 fnt\n|faint|p1b: Roaring Moon\n|-end|p1b: Roaring Moon|Protosynthesis|[silent]\n|\n|-end|p1a: Arcanine|move: Taunt\n|upkeep\n|turn|11\n|\n|t:|1682847178\n|move|p1a: Arcanine|Extreme Speed|p2b: Chien-Pao\n|-damage|p2b: Chien-Pao|0 fnt\n|faint|p2b: Chien-Pao\n|\n|win|mrbadd\n|raw|mrbadd's rating: 1262 → 1281<\/strong> (+19 for winning)\n|raw|borean\u83ef\u91d1's rating: 1180 → 1161<\/strong> (-19 for losing)\n|c|\u2606mrbadd|gg\n|l|\u2606borean\u83ef\u91d1\n","uploadtime":1682847197,"views":9,"p1id":"mrbadd","p2id":"borean","formatid":"gen9vgc2023regulationc","rating":1161,"private":0,"password":""}